,Date,Stock Price,Book Value per Share,Price to Book Ratio,TTM Sales per Share,Price to Sales Ratio,TTM FCF per Share,Price to FCF Ratio,TTM Net EPS,PE Ratio,Current Assets,Current Liabilities,Current Ratio,Long Term Debt,Shareholder's Equity_x,Debt to Equity Ratio,TTM Revenue_x,TTM Gross Profit,Gross Margin,TTM Revenue_y,TTM Operating Income,Operating Margin,TTM Revenue_x,TTM EBIT,EBIT Margin,TTM Revenue_y,TTM EBITDA,EBITDA Margin,TTM Revenue_x,TTM Pre-Tax Income,Pre-Tax Margin,TTM Revenue_y,TTM Net Income_x,Net Margin,TTM Net Income_y,Shareholder's Equity_y,Return on Equity,TTM Net Income_x,Tangible Equity,Return on Tangible Equity,TTM Net Income_y,Total Assets,Return on Assets,TTM Net Income,LT Investments & Debt,Return on Investment,revenue,cost-goods-sold,gross-profit,research-development-expenses,selling-general-administrative-expenses,operating-expenses,operating-income,total-non-operating-income-expense,pre-tax-income,total-provision-income-taxes,income-after-taxes,income-from-continuous-operations,net-income,ebitda,ebit,basic-shares-outstanding,shares-outstanding,eps-basic-net-earnings-per-share,eps-earnings-per-share-diluted,cash-on-hand,inventory,other-current-assets,total-current-assets,net-property-plant-equipment,long-term-investments,goodwill-intangible-assets-total,other-long-term-assets,total-long-term-assets,total-assets,total-current-liabilities,long-term-debt,other-non-current-liabilities,total-long-term-liabilities,total-liabilities,common-stock-net,retained-earnings-accumulated-deficit,comprehensive-income,total-share-holder-equity,total-liabilities-share-holders-equity,net-income-loss,total-depreciation-amortization-cash-flow,other-non-cash-items,total-non-cash-items,change-in-accounts-receivable,change-in-inventories,change-in-accounts-payable,change-in-assets-liabilities,total-change-in-assets-liabilities,cash-flow-from-operating-activities,net-change-in-property-plant-equipment,net-change-in-intangible-assets,net-acquisitions-divestitures,net-change-in-short-term-investments,net-change-in-long-term-investments,net-change-in-investments-total,investing-activities-other,cash-flow-from-investing-activities,net-long-term-debt,net-current-debt,debt-issuance-retirement-net-total,net-common-equity-issued-repurchased,net-total-equity-issued-repurchased,total-common-preferred-stock-dividends-paid,financial-activities-other,cash-flow-from-financial-activities,net-cash-flow,stock-based-compensation,common-stock-dividends-paid
0,2018-06-30,20.35,$15.95,1.28,$9.09,2.24,$1.23,16.61,$0.84,24.23,$0.98B,$1.11B,0.88,$0.10B,$0.11B,0.89,$0.07B,$0.06B,87.69%,$0.07B,$0.01B,20.00%,$0.07B,0,0.00%,$0.07B,0,0.00%,$0.07B,$0.01B,20.00%,$0.07B,$0.01B,10.77%,$0.01B,$0.11B,6.18%,$0.01B,$0.10B,6.85%,$0.01B,$1.32B,0.53%,$0.01B,$0.21B,5.70%,$17,$2,$15,$0,$11,$13,$4,$0,$4,$1,$3,$3,$3,$0,$0,$7,7,$0.43,$0.43,$25,$0,$0,$980,$35,$237,$11,$51,$344,$1323,$1109,$101,$0,$101,$1210,$0,$106,$-24,$113,$1323,$6,$1,$-0,$0,$-2,$0,$2,$0,$0,$6,$-5,$0,$0,$0,$9,$9,$-48,$-44,$-20,$-1,$-21,$0,$0,$-1,$2,$-20,$-58,$0,$-1
1,2018-03-31,19.02,$15.73,1.21,$8.89,2.14,$1.29,14.72,$0.71,26.79,$0.97B,$1.09B,0.89,$0.12B,$0.11B,1.04,$0.06B,$0.06B,87.30%,$0.06B,$0.01B,19.05%,$0.06B,0,0.00%,$0.06B,0,0.00%,$0.06B,$0.01B,19.05%,$0.06B,$0.01B,9.52%,$0.01B,$0.11B,5.23%,$0.01B,$0.10B,5.78%,$0.01B,$1.32B,0.45%,$0.01B,$0.23B,5.12%,$16,$2,$14,$0,$11,$13,$3,$0,$3,$1,$3,$3,$3,$0,$0,$7,7,$0.35,$0.35,$21,$0,$0,$972,$33,$243,$11,$52,$347,$1319,$1092,$116,$0,$116,$1208,$0,$103,$-24,$111,$1319,$3,$0,$-0,$0,$-1,$0,$1,$0,$0,$3,$-2,$0,$0,$0,$2,$2,$-45,$-45,$-5,$6,$1,$0,$0,$-1,$-22,$-21,$-63,$0,$-1
2,2017-12-31,17.24,$15.31,1.13,$8.88,1.94,$0.98,17.55,$0.58,29.72,$0.99B,$1.11B,0.89,$0.12B,$0.11B,1.12,$0.06B,$0.05B,87.10%,$0.06B,$0.01B,19.35%,$0.06B,0,0.00%,$0.06B,0,0.00%,$0.06B,$0.01B,19.35%,$0.06B,$0.00B,6.45%,$0.00B,$0.11B,3.46%,$0.00B,$0.10B,3.82%,$0.00B,$1.34B,0.30%,$0.01B,$0.23B,5.07%,$16,$2,$14,$0,$11,$12,$3,$0,$3,$4,$-1,$-1,$-1,$0,$0,$7,7,$-0.19,$-0.19,$84,$0,$0,$988,$31,$245,$11,$52,$349,$1336,$1107,$121,$0,$121,$1228,$0,$101,$-25,$108,$1336,$5,$2,$11,$12,$-8,$0,$4,$0,$-4,$13,$-6,$0,$0,$0,$-1,$-1,$-1,$-8,$-11,$13,$2,$9,$-11,$-1,$25,$15,$20,$0,$0
3,2017-09-30,16.5,$17.10,0.96,$8.99,1.84,$1.18,14.0,$0.93,17.74,$0.99B,$1.11B,0.89,$0.12B,$0.11B,1.09,$0.06B,$0.05B,86.89%,$0.06B,$0.01B,18.03%,$0.06B,0,0.00%,$0.06B,0,0.00%,$0.06B,$0.01B,18.03%,$0.06B,$0.01B,9.84%,$0.01B,$0.12B,5.12%,$0.01B,$0.11B,5.65%,$0.01B,$1.35B,0.45%,$0.01B,$0.24B,4.57%,$16,$2,$14,$0,$11,$13,$3,$0,$3,$1,$2,$2,$2,$0,$0,$7,7,$0.25,$0.25,$85,$0,$0,$991,$30,$250,$11,$52,$361,$1352,$1111,$121,$0,$121,$1231,$0,$98,$-19,$121,$1352,$6,$1,$3,$4,$-7,$0,$1,$0,$-6,$4,$-5,$0,$0,$0,$-5,$-5,$3,$-7,$-11,$10,$-1,$9,$-1,$-1,$27,$24,$22,$0,$0
4,2017-06-30,14.76,$16.78,0.88,$9.23,1.6,$1.98,7.47,$0.97,15.22,$0.98B,$1.09B,0.9,$0.12B,$0.11B,1.11,$0.06B,$0.05B,86.67%,$0.06B,$0.01B,18.33%,$0.06B,0,0.00%,$0.06B,0,0.00%,$0.06B,$0.01B,18.33%,$0.06B,$0.01B,10.00%,$0.01B,$0.12B,5.18%,$0.01B,$0.11B,5.73%,$0.01B,$1.33B,0.45%,$0.01B,$0.24B,4.48%,$15,$2,$13,$0,$10,$12,$3,$0,$3,$1,$2,$2,$2,$0,$0,$7,7,$0.30,$0.30,$73,$0,$0,$982,$29,$233,$11,$53,$344,$1326,$1086,$121,$0,$121,$1207,$0,$96,$-19,$119,$1326,$4,$1,$2,$3,$-4,$0,$1,$0,$-3,$4,$-3,$0,$0,$0,$12,$12,$-4,$5,$-11,$-11,$-22,$9,$-1,$-1,$23,$0,$10,$0,$0
5,2017-03-31,14.37,$16.29,0.88,$9.52,1.51,$2.25,6.4,$0.87,16.51,$0.97B,$1.08B,0.89,$0.12B,$0.11B,1.15,$0.06B,$0.05B,86.67%,$0.06B,$0.01B,16.67%,$0.06B,0,0.00%,$0.06B,0,0.00%,$0.06B,$0.01B,16.67%,$0.06B,$0.01B,8.33%,$0.01B,$0.12B,4.38%,$0.01B,$0.10B,4.84%,$0.01B,$1.32B,0.38%,$0.01B,$0.24B,3.99%,$15,$2,$13,$0,$10,$12,$3,$0,$3,$1,$2,$2,$1,$0,$0,$7,7,$0.22,$0.22,$63,$0,$0,$969,$28,$240,$11,$52,$351,$1319,$1084,$121,$0,$121,$1205,$0,$94,$-21,$115,$1319,$2,$0,$1,$1,$-2,$0,$-1,$0,$-3,$0,$-1,$0,$0,$0,$2,$2,$-2,$-1,$-11,$-1,$-12,$9,$-1,$-1,$12,$-0,$-0,$0,$0
6,2016-12-31,15.8,$18.14,0.87,$9.66,1.64,$2.97,5.32,$0.84,18.81,$0.97B,$1.07B,0.9,$0.13B,$0.09B,1.41,$0.06B,$0.05B,86.67%,$0.06B,$0.01B,16.67%,$0.06B,0,0.00%,$0.06B,0,0.00%,$0.06B,$0.01B,16.67%,$0.06B,$0.01B,8.33%,$0.01B,$0.11B,4.42%,$0.01B,$0.10B,4.89%,$0.01B,$1.32B,0.38%,$0.01B,$0.25B,3.90%,$15,$2,$13,$0,$11,$13,$2,$0,$2,$1,$1,$1,$1,$0,$0,$6,6,$0.16,$0.16,$63,$0,$0,$966,$27,$242,$11,$52,$352,$1318,$1073,$132,$0,$132,$1204,$0,$93,$-21,$114,$1318,$7,$2,$4,$6,$-6,$0,$4,$0,$-1,$11,$-4,$0,$0,$0,$37,$37,$-21,$12,$-16,$0,$-16,$0,$-10,$-2,$15,$-12,$11,$0,$0
7,2016-09-30,12.27,$18.31,0.67,$11.63,1.05,$5.06,2.42,$1.60,7.67,$0.98B,$1.08B,0.91,$0.15B,$0.10B,1.55,$0.07B,$0.06B,88.89%,$0.07B,$0.02B,30.56%,$0.07B,0,0.00%,$0.07B,0,0.00%,$0.07B,$0.02B,30.56%,$0.07B,$0.01B,16.67%,$0.01B,$0.12B,10.43%,$0.01B,$0.10B,11.54%,$0.01B,$1.34B,0.91%,$0.02B,$0.26B,8.39%,$15,$2,$13,$0,$10,$12,$3,$0,$3,$1,$2,$2,$2,$0,$0,$6,6,$0.29,$0.29,$66,$0,$0,$977,$27,$252,$11,$51,$361,$1338,$1077,$147,$0,$147,$1223,$0,$90,$-17,$115,$1338,$6,$1,$1,$3,$-0,$0,$-0,$0,$-0,$8,$-3,$0,$0,$0,$30,$30,$-28,$-2,$-1,$-0,$-1,$0,$-10,$-2,$20,$8,$14,$0,$0
8,2016-06-30,9.75,$18.06,0.54,$11.57,0.84,$5.68,1.72,$1.51,6.46,$0.95B,$1.05B,0.91,$0.15B,$0.09B,1.57,$0.07B,$0.06B,88.89%,$0.07B,$0.02B,30.56%,$0.07B,0,0.00%,$0.07B,0,0.00%,$0.07B,$0.02B,30.56%,$0.07B,$0.01B,15.28%,$0.01B,$0.11B,9.57%,$0.01B,$0.10B,10.58%,$0.01B,$1.31B,0.83%,$0.02B,$0.26B,8.39%,$15,$2,$13,$0,$11,$13,$2,$0,$2,$1,$2,$2,$1,$0,$0,$6,6,$0.20,$0.20,$23,$0,$0,$950,$26,$251,$11,$50,$358,$1307,$1047,$147,$0,$147,$1194,$0,$88,$-17,$113,$1307,$4,$1,$1,$2,$-1,$0,$-0,$0,$-1,$4,$-2,$0,$0,$0,$32,$32,$-43,$-13,$-1,$-15,$-16,$0,$-10,$-1,$6,$-21,$-29,$0,$0
9,2016-03-31,10.85,$17.77,0.61,$11.45,0.95,$6.11,1.78,$1.39,7.8,$0.96B,$1.07B,0.9,$0.15B,$0.09B,1.62,$0.07B,$0.06B,87.50%,$0.07B,$0.02B,29.17%,$0.07B,0,0.00%,$0.07B,0,0.00%,$0.07B,$0.02B,29.17%,$0.07B,$0.01B,15.28%,$0.01B,$0.11B,9.57%,$0.01B,$0.10B,10.58%,$0.01B,$1.33B,0.83%,$0.02B,$0.26B,7.78%,$15,$2,$13,$0,$10,$12,$3,$0,$3,$1,$2,$2,$1,$0,$0,$6,6,$0.19,$0.19,$53,$0,$0,$960,$25,$263,$11,$47,$365,$1325,$1067,$148,$0,$148,$1214,$0,$87,$-18,$111,$1325,$2,$0,$1,$1,$1,$0,$-0,$0,$1,$4,$-1,$0,$0,$0,$18,$18,$-21,$-3,$-0,$-6,$-6,$0,$-10,$-1,$17,$0,$1,$0,$0
10,2015-12-31,11.59,$19.31,0.6,$11.37,1.02,$5.87,1.97,$1.31,8.85,$0.94B,$1.06B,0.89,$0.15B,$0.09B,1.63,$0.07B,$0.06B,87.32%,$0.07B,$0.02B,28.17%,$0.07B,0,0.00%,$0.07B,0,0.00%,$0.07B,$0.02B,28.17%,$0.07B,$0.01B,15.49%,$0.01B,$0.12B,9.54%,$0.01B,$0.11B,10.55%,$0.01B,$1.32B,0.83%,$0.02B,$0.27B,7.20%,$27,$2,$25,$0,$11,$13,$14,$0,$14,$5,$9,$9,$8,$0,$0,$6,6,$1.26,$1.26,$52,$0,$0,$939,$25,$282,$11,$47,$385,$1323,$1055,$148,$0,$148,$1203,$0,$88,$-19,$121,$1323,$13,$2,$4,$6,$4,$0,$-1,$0,$3,$22,$-1,$0,$0,$0,$60,$60,$-40,$19,$-35,$-4,$-39,$0,$0,$-3,$17,$-24,$17,$0,$0
11,2015-09-30,8.12,$18.32,0.44,$9.44,0.86,$3.04,2.67,$0.55,14.77,$0.92B,$1.06B,0.87,$0.15B,$0.09B,1.74,$0.06B,$0.05B,83.05%,$0.06B,$0.01B,13.56%,$0.06B,0,0.00%,$0.06B,0,0.00%,$0.06B,$0.01B,13.56%,$0.06B,$0.00B,6.78%,$0.00B,$0.12B,3.56%,$0.00B,$0.10B,3.95%,$0.00B,$1.32B,0.30%,$0.01B,$0.26B,2.82%,$15,$2,$13,$0,$10,$12,$3,$0,$3,$1,$2,$2,$1,$0,$0,$6,6,$0.20,$0.20,$65,$0,$0,$915,$25,$298,$11,$47,$405,$1320,$1058,$148,$0,$148,$1206,$0,$80,$-17,$115,$1320,$4,$1,$1,$2,$3,$0,$-0,$0,$2,$9,$-1,$0,$0,$0,$48,$48,$-4,$44,$-35,$-1,$-36,$0,$0,$-2,$15,$-23,$29,$0,$0
12,2015-06-30,8.58,$18.09,0.47,$9.43,0.91,$2.16,3.97,$0.45,19.07,$0.91B,$1.05B,0.87,$0.18B,$0.08B,2.14,$0.06B,$0.05B,81.36%,$0.06B,$0.01B,11.86%,$0.06B,0,0.00%,$0.06B,0,0.00%,$0.06B,$0.01B,11.86%,$0.06B,$0.00B,6.78%,$0.00B,$0.11B,3.59%,$0.00B,$0.10B,3.98%,$0.00B,$1.34B,0.30%,$0.01B,$0.29B,2.40%,$15,$2,$12,$0,$11,$13,$1,$0,$1,$0,$1,$1,$1,$0,$0,$6,6,$0.08,$0.08,$58,$0,$0,$912,$25,$320,$11,$51,$431,$1343,$1052,$178,$0,$178,$1230,$0,$79,$-17,$113,$1343,$3,$1,$1,$2,$1,$0,$0,$0,$2,$6,$-0,$0,$0,$0,$23,$23,$-10,$13,$-5,$-12,$-17,$0,$0,$-1,$22,$4,$22,$0,$0
13,2015-03-31,9.06,$17.95,0.5,$9.65,0.94,$1.39,6.49,$0.44,20.58,$0.89B,$1.05B,0.85,$0.18B,$0.08B,2.17,$0.06B,$0.05B,81.67%,$0.06B,$0.01B,13.33%,$0.06B,0,0.00%,$0.06B,0,0.00%,$0.06B,$0.01B,13.33%,$0.06B,$0.00B,5.00%,$0.00B,$0.11B,2.70%,$0.00B,$0.10B,2.99%,$0.00B,$1.34B,0.23%,$0.01B,$0.29B,2.73%,$14,$3,$12,$0,$10,$13,$2,$0,$2,$0,$1,$1,$1,$0,$0,$6,6,$0.11,$0.11,$45,$0,$0,$889,$25,$344,$11,$46,$453,$1341,$1052,$178,$0,$178,$1229,$0,$78,$-18,$112,$1341,$1,$0,$-1,$-1,$3,$0,$-1,$0,$2,$2,$-0,$0,$0,$0,$-2,$-2,$3,$1,$-5,$-5,$-10,$0,$0,$-1,$18,$7,$10,$0,$0
14,2014-12-31,8.47,$17.50,0.48,$9.70,0.87,$0.32,26.81,$0.48,17.65,$0.89B,$1.04B,0.85,$0.18B,$0.08B,2.31,$0.06B,$0.05B,80.33%,$0.06B,$0.01B,13.11%,$0.06B,0,0.00%,$0.06B,0,0.00%,$0.06B,$0.01B,13.11%,$0.06B,$0.00B,4.92%,$0.00B,$0.11B,2.72%,$0.00B,$0.10B,3.02%,$0.00B,$1.33B,0.22%,$0.01B,$0.29B,2.73%,$15,$3,$12,$0,$10,$13,$2,$0,$2,$0,$2,$2,$1,$0,$0,$6,6,$0.16,$0.16,$35,$0,$0,$885,$26,$338,$11,$46,$447,$1332,$1041,$183,$0,$183,$1223,$0,$77,$-20,$109,$1332,$6,$2,$3,$4,$7,$0,$-13,$0,$-6,$4,$-1,$0,$0,$1,$27,$28,$-30,$-2,$-0,$-4,$-4,$0,$0,$-9,$4,$-9,$-8,$0,$0
15,2014-09-30,7.86,$18.03,0.44,$9.69,0.81,$2.89,2.72,$0.38,20.67,$0.89B,$1.04B,0.86,$0.18B,$0.08B,2.22,$0.06B,$0.05B,80.33%,$0.06B,$0.01B,11.48%,$0.06B,0,0.00%,$0.06B,0,0.00%,$0.06B,$0.01B,11.48%,$0.06B,$0.00B,3.28%,$0.00B,$0.11B,1.84%,$0.00B,$0.10B,2.05%,$0.00B,$1.33B,0.15%,$0.01B,$0.30B,2.40%,$15,$3,$12,$0,$11,$13,$2,$0,$2,$0,$1,$1,$1,$0,$0,$6,6,$0.10,$0.10,$51,$0,$0,$890,$26,$337,$11,$45,$442,$1332,$1037,$183,$0,$183,$1220,$0,$76,$-15,$112,$1332,$4,$1,$3,$4,$2,$-1,$-6,$0,$-5,$3,$-1,$0,$0,$0,$28,$28,$-14,$13,$-0,$4,$4,$0,$0,$-8,$-4,$-9,$8,$0,$0
16,2014-06-30,8.69,$17.97,0.48,$10.10,0.86,$5.09,1.71,$0.50,17.38,$0.90B,$1.03B,0.87,$0.18B,$0.08B,2.23,$0.06B,$0.05B,80.95%,$0.06B,$0.01B,12.70%,$0.06B,0,0.00%,$0.06B,0,0.00%,$0.06B,$0.01B,12.70%,$0.06B,$0.00B,3.17%,$0.00B,$0.11B,1.90%,$0.00B,$0.10B,2.12%,$0.00B,$1.33B,0.15%,$0.01B,$0.30B,2.78%,$16,$3,$13,$0,$12,$14,$2,$0,$2,$0,$1,$1,$0,$0,$0,$6,6,$0.07,$0.07,$62,$0,$0,$902,$26,$320,$11,$45,$426,$1328,$1033,$183,$0,$183,$1216,$0,$75,$-15,$112,$1328,$3,$1,$2,$3,$2,$-1,$-5,$0,$-4,$1,$-0,$0,$0,$1,$43,$44,$-13,$30,$-0,$-6,$-6,$0,$0,$-8,$1,$-12,$19,$0,$0
17,2014-03-31,7.53,$17.37,0.43,$10.01,0.75,$6.59,1.14,$0.66,11.41,$0.87B,$1.07B,0.82,$0.18B,$0.08B,2.35,$0.06B,$0.05B,80.65%,$0.06B,$0.01B,12.90%,$0.06B,0,0.00%,$0.06B,0,0.00%,$0.06B,$0.01B,12.90%,$0.06B,$0.00B,4.84%,$0.00B,$0.11B,2.95%,$0.00B,$0.10B,3.31%,$0.00B,$1.36B,0.22%,$0.01B,$0.29B,2.81%,$15,$3,$12,$0,$10,$13,$2,$0,$2,$0,$1,$1,$1,$0,$0,$6,6,$0.15,$0.15,$44,$0,$0,$872,$27,$372,$11,$48,$483,$1355,$1065,$183,$0,$183,$1248,$0,$75,$-19,$108,$1355,$1,$0,$0,$1,$2,$0,$-8,$0,$-7,$-4,$-0,$0,$0,$0,$-14,$-14,$-4,$-18,$-0,$-0,$-0,$0,$0,$0,$24,$24,$1,$0,$0
18,2013-12-31,7.6,$16.40,0.46,$10.20,0.75,$7.70,0.99,$0.75,10.13,$0.87B,$1.05B,0.83,$0.18B,$0.07B,2.54,$0.06B,$0.05B,80.95%,$0.06B,$0.01B,12.70%,$0.06B,0,0.00%,$0.06B,0,0.00%,$0.06B,$0.01B,12.70%,$0.06B,$0.00B,4.76%,$0.00B,$0.10B,2.99%,$0.00B,$0.09B,3.36%,$0.00B,$1.33B,0.23%,$0.01B,$0.29B,2.83%,$15,$3,$12,$0,$11,$14,$1,$0,$1,$0,$1,$1,$0,$0,$0,$6,6,$0.07,$0.07,$43,$0,$0,$869,$27,$348,$11,$50,$466,$1334,$1049,$183,$0,$183,$1232,$0,$74,$-24,$102,$1334,$6,$3,$4,$7,$1,$0,$4,$0,$6,$19,$0,$0,$0,$0,$-124,$-124,$60,$-64,$-0,$4,$4,$0,$0,$0,$1,$5,$-40,$0,$0
19,2013-09-30,8.13,$16.02,0.51,$10.54,0.77,$7.53,1.08,$1.07,7.6,$0.91B,$1.06B,0.86,$0.18B,$0.07B,2.63,$0.07B,$0.05B,81.54%,$0.07B,$0.01B,16.92%,$0.07B,0,0.00%,$0.07B,0,0.00%,$0.07B,$0.01B,16.92%,$0.07B,$0.01B,7.69%,$0.01B,$0.10B,5.03%,$0.01B,$0.09B,5.65%,$0.01B,$1.34B,0.38%,$0.01B,$0.28B,3.90%,$17,$3,$14,$0,$12,$15,$3,$0,$3,$1,$2,$2,$1,$0,$0,$6,6,$0.22,$0.22,$72,$0,$0,$914,$27,$309,$11,$49,$428,$1342,$1060,$183,$0,$183,$1243,$0,$73,$-26,$99,$1342,$6,$1,$3,$4,$4,$0,$2,$0,$6,$16,$1,$0,$0,$0,$-82,$-82,$36,$-45,$-0,$20,$20,$0,$0,$0,$-2,$17,$-12,$0,$0
20,2013-06-30,7.53,$15.74,0.48,$10.39,0.72,$6.96,1.08,$1.25,6.02,$0.89B,$1.05B,0.85,$0.18B,$0.07B,2.69,$0.06B,$0.05B,81.25%,$0.06B,$0.01B,17.19%,$0.06B,0,0.00%,$0.06B,0,0.00%,$0.06B,$0.01B,17.19%,$0.06B,$0.01B,9.38%,$0.01B,$0.10B,6.05%,$0.01B,$0.09B,6.80%,$0.01B,$1.33B,0.45%,$0.01B,$0.28B,3.90%,$15,$3,$12,$0,$10,$13,$2,$0,$2,$1,$2,$2,$1,$0,$0,$6,6,$0.23,$0.23,$42,$0,$0,$890,$29,$316,$11,$51,$439,$1329,$1049,$183,$0,$183,$1231,$0,$72,$-26,$98,$1329,$4,$1,$0,$2,$4,$0,$2,$0,$5,$11,$-1,$0,$0,$0,$-88,$-88,$30,$-59,$-0,$12,$12,$0,$0,$0,$-4,$7,$-41,$0,$0
21,2013-03-31,8.21,$16.44,0.5,$10.61,0.77,$6.71,1.22,$1.22,6.73,$0.96B,$1.04B,0.92,$0.18B,$0.07B,2.54,$0.07B,$0.05B,80.30%,$0.07B,$0.01B,16.67%,$0.07B,0,0.00%,$0.07B,0,0.00%,$0.07B,$0.01B,16.67%,$0.07B,$0.01B,9.09%,$0.01B,$0.10B,6.09%,$0.01B,$0.09B,6.86%,$0.01B,$1.32B,0.45%,$0.01B,$0.29B,3.83%,$16,$3,$13,$0,$10,$13,$2,$0,$2,$1,$2,$2,$1,$0,$0,$6,6,$0.24,$0.24,$85,$0,$0,$955,$29,$251,$11,$48,$367,$1323,$1038,$183,$0,$183,$1221,$0,$71,$-20,$102,$1323,$2,$1,$0,$1,$-1,$0,$0,$0,$-1,$3,$-0,$0,$0,$0,$-15,$-15,$16,$1,$-0,$-1,$-1,$0,$0,$0,$-1,$-2,$2,$0,$0
22,2012-12-31,7.1,$15.96,0.45,$11.05,0.64,$6.93,1.03,$0.48,14.8,$0.97B,$1.04B,0.93,$0.18B,$0.07B,2.65,$0.07B,$0.06B,79.71%,$0.07B,$0.01B,8.70%,$0.07B,0,0.00%,$0.07B,0,0.00%,$0.07B,$0.01B,8.70%,$0.07B,$0.00B,2.90%,$0.00B,$0.10B,2.07%,$0.00B,$0.09B,2.34%,$0.00B,$1.32B,0.15%,$0.01B,$0.28B,2.06%,$17,$3,$14,$0,$10,$13,$4,$0,$4,$1,$3,$3,$2,$0,$0,$6,6,$0.38,$0.38,$83,$0,$0,$967,$29,$236,$11,$49,$354,$1321,$1039,$183,$0,$183,$1222,$0,$69,$-22,$99,$1321,$5,$3,$7,$10,$2,$0,$-1,$0,$1,$15,$3,$0,$0,$0,$20,$20,$52,$76,$-24,$2,$-22,$0,$0,$0,$-51,$-73,$18,$0,$0
23,2012-09-30,6.24,$15.89,0.39,$11.63,0.54,$14.17,0.44,$0.17,36.72,$0.99B,$1.08B,0.92,$0.18B,$0.07B,2.67,$0.07B,$0.06B,79.17%,$0.07B,$0.01B,6.94%,$0.07B,0,0.00%,$0.07B,0,0.00%,$0.07B,$0.00B,4.17%,$0.07B,0,0.00%,$0.00B,$0.10B,0.00%,$0.00B,$0.09B,0.00%,$0.00B,$1.36B,0.00%,$0.01B,$0.28B,1.68%,$16,$3,$13,$0,$10,$14,$3,$0,$3,$-0,$3,$3,$2,$0,$0,$6,6,$0.40,$0.40,$88,$0,$0,$989,$30,$248,$11,$52,$370,$1359,$1078,$183,$0,$183,$1261,$0,$67,$-20,$98,$1359,$2,$2,$5,$8,$2,$0,$-1,$0,$0,$10,$3,$0,$0,$0,$9,$9,$35,$47,$-24,$15,$-9,$0,$0,$0,$-24,$-33,$23,$0,$0
24,2012-06-30,4.27,$15.34,0.28,$11.78,0.36,$19.85,0.22,$-0.18,0.0,$0.99B,$1.05B,0.94,$0.21B,$0.07B,3.17,$0.07B,$0.06B,76.71%,$0.07B,$0.00B,4.11%,$0.07B,0,0.00%,$0.07B,0,0.00%,$0.07B,$0.00B,1.37%,$0.07B,$-0.00B,-2.74%,$-0.00B,$0.10B,-2.08%,$-0.00B,$0.08B,-2.40%,$-0.00B,$1.35B,-0.14%,$0.00B,$0.30B,0.99%,$17,$4,$13,$0,$11,$15,$2,$0,$2,$0,$2,$2,$1,$0,$0,$6,6,$0.20,$0.20,$67,$0,$0,$985,$30,$241,$11,$51,$363,$1348,$1047,$207,$0,$207,$1253,$0,$64,$-21,$95,$1348,$-1,$2,$5,$7,$1,$0,$-2,$0,$-0,$5,$3,$0,$0,$0,$15,$15,$19,$36,$-1,$-8,$-8,$0,$0,$0,$-31,$-40,$2,$0,$0
25,2012-03-31,5.94,$15.16,0.39,$12.27,0.48,$25.71,0.23,$-0.26,0.0,$1.02B,$1.09B,0.94,$0.21B,$0.06B,3.24,$0.08B,$0.06B,75.00%,$0.08B,$0.00B,2.63%,$0.08B,0,0.00%,$0.08B,0,0.00%,$0.08B,0,0.00%,$0.08B,$-0.00B,-2.63%,$-0.00B,$0.09B,-2.07%,$-0.00B,$0.08B,-2.40%,$-0.00B,$1.39B,-0.14%,$0.00B,$0.30B,0.66%,$19,$4,$15,$0,$17,$21,$-3,$0,$-3,$0,$-3,$-3,$-3,$0,$0,$6,6,$-0.50,$-0.50,$98,$0,$0,$1023,$31,$241,$11,$50,$362,$1386,$1085,$207,$0,$207,$1292,$0,$63,$-21,$94,$1386,$-3,$1,$4,$5,$1,$0,$-3,$0,$-2,$0,$3,$0,$0,$0,$15,$15,$14,$33,$-0,$-2,$-2,$0,$0,$0,$2,$0,$33,$0,$0
26,2011-12-31,3.13,$15.63,0.2,$12.43,0.25,$25.58,0.12,$0.33,9.49,$1.01B,$1.09B,0.93,$0.21B,$0.07B,3.1,$0.08B,$0.06B,72.37%,$0.08B,$0.01B,7.89%,$0.08B,0,0.00%,$0.08B,0,0.00%,$0.08B,$0.00B,5.26%,$0.08B,$0.00B,2.63%,$0.00B,$0.10B,2.05%,$0.00B,$0.08B,2.41%,$0.00B,$1.39B,0.14%,$0.01B,$0.30B,1.93%,$20,$4,$16,$0,$13,$17,$3,$0,$1,$-0,$1,$1,$0,$0,$0,$6,6,$0.07,$0.07,$65,$0,$0,$1013,$31,$256,$14,$48,$378,$1391,$1087,$207,$0,$207,$1294,$0,$66,$-21,$97,$1391,$4,$4,$8,$11,$44,$0,$4,$0,$48,$63,$-0,$0,$0,$0,$-12,$-12,$27,$15,$-36,$-2,$-38,$0,$0,$0,$-274,$-312,$-234,$0,$0
27,2011-09-30,3.63,$15.90,0.23,$11.89,0.31,$37.84,0.1,$-0.53,0.0,$1.02B,$1.13B,0.91,$0.21B,$0.07B,3.03,$0.07B,$0.05B,67.12%,$0.07B,$-0.00B,-4.11%,$0.07B,0,0.00%,$0.07B,0,0.00%,$0.07B,$-0.00B,-4.11%,$0.07B,$-0.00B,-4.11%,$-0.00B,$0.10B,-3.08%,$-0.00B,$0.08B,-3.63%,$-0.00B,$1.43B,-0.20%,$-0.00B,$0.31B,-0.94%,$17,$5,$12,$0,$11,$17,$1,$0,$1,$0,$1,$1,$0,$0,$0,$6,6,$0.05,$0.05,$85,$0,$0,$1023,$31,$289,$14,$49,$411,$1434,$1128,$207,$0,$207,$1336,$0,$66,$-19,$98,$1434,$3,$3,$5,$8,$37,$0,$-0,$0,$37,$48,$-0,$0,$0,$0,$-46,$-46,$49,$3,$-36,$5,$-30,$0,$0,$0,$-235,$-266,$-214,$0,$0
28,2011-06-30,4.92,$15.87,0.31,$12.37,0.4,$52.56,0.09,$-0.59,0.0,$1.09B,$1.16B,0.94,$0.21B,$0.07B,3.04,$0.08B,$0.05B,65.79%,$0.08B,$-0.01B,-7.89%,$0.08B,0,0.00%,$0.08B,0,0.00%,$0.08B,$-0.01B,-7.89%,$0.08B,$-0.00B,-3.95%,$-0.00B,$0.10B,-3.05%,$-0.00B,$0.08B,-3.59%,$-0.00B,$1.46B,-0.19%,$-0.01B,$0.31B,-1.82%,$20,$6,$14,$0,$13,$19,$1,$0,$1,$-1,$1,$1,$1,$0,$0,$6,6,$0.12,$0.12,$133,$0,$0,$1089,$32,$251,$15,$50,$375,$1464,$1158,$208,$0,$208,$1365,$0,$65,$-19,$98,$1464,$2,$2,$4,$6,$37,$-0,$-0,$0,$37,$45,$-0,$0,$0,$0,$-8,$-8,$33,$25,$-36,$-3,$-39,$0,$0,$0,$-197,$-236,$-166,$0,$0
29,2011-03-31,3.06,$15.73,0.19,$12.61,0.24,$67.63,0.05,$-0.92,0.0,$1.16B,$1.19B,0.97,$0.23B,$0.07B,3.47,$0.08B,$0.05B,64.94%,$0.08B,$-0.01B,-10.39%,$0.08B,0,0.00%,$0.08B,0,0.00%,$0.08B,$-0.01B,-10.39%,$0.08B,$-0.01B,-6.49%,$-0.01B,$0.10B,-5.06%,$-0.01B,$0.08B,-5.97%,$-0.01B,$1.52B,-0.29%,$-0.01B,$0.33B,-2.36%,$19,$6,$13,$0,$12,$18,$1,$0,$1,$0,$1,$1,$1,$0,$0,$6,6,$0.09,$0.09,$153,$0,$0,$1155,$32,$238,$15,$49,$361,$1517,$1187,$233,$0,$233,$1420,$0,$65,$-19,$97,$1517,$1,$1,$-0,$1,$2,$0,$-1,$0,$1,$3,$-0,$0,$0,$0,$5,$5,$27,$32,$-10,$4,$-6,$0,$0,$0,$-174,$-180,$-146,$0,$0
30,2010-12-31,3.4,$15.51,0.22,$11.65,0.29,$67.99,0.05,$-1.91,0.0,$1.33B,$1.36B,0.98,$0.24B,$0.07B,3.69,$0.07B,$0.04B,59.72%,$0.07B,$-0.02B,-25.00%,$0.07B,0,0.00%,$0.07B,0,0.00%,$0.07B,$-0.02B,-25.00%,$0.07B,$-0.01B,-16.67%,$-0.01B,$0.10B,-12.03%,$-0.01B,$0.08B,-14.20%,$-0.01B,$1.70B,-0.68%,$-0.02B,$0.34B,-5.17%,$17,$7,$10,$0,$16,$23,$-6,$0,$-6,$-2,$-4,$-4,$-5,$0,$0,$6,6,$-0.79,$-0.79,$299,$0,$0,$1332,$33,$242,$15,$48,$365,$1696,$1358,$243,$0,$243,$1601,$0,$64,$-20,$96,$1696,$-10,$4,$44,$49,$7,$100,$-4,$0,$104,$142,$-4,$0,$0,$0,$-73,$-73,$85,$8,$-27,$-8,$-36,$0,$0,$-2,$-3,$-40,$110,$0,$-1
31,2010-09-30,4.11,$16.51,0.25,$10.35,0.4,$45.80,0.09,$-2.70,0.0,$1.43B,$1.45B,0.98,$0.24B,$0.07B,3.38,$0.06B,$0.03B,53.13%,$0.06B,$-0.03B,-42.19%,$0.06B,0,0.00%,$0.06B,0,0.00%,$0.06B,$-0.03B,-42.19%,$0.06B,$-0.02B,-26.56%,$-0.02B,$0.10B,-16.83%,$-0.02B,$0.09B,-19.88%,$-0.02B,$1.80B,-0.96%,$-0.03B,$0.35B,-7.58%,$20,$7,$13,$0,$15,$22,$-2,$0,$-2,$-2,$0,$0,$-0,$0,$0,$6,6,$-0.01,$-0.01,$362,$0,$0,$1426,$32,$252,$15,$46,$370,$1795,$1450,$243,$0,$243,$1693,$0,$69,$-19,$102,$1795,$-6,$3,$135,$138,$7,$3,$-1,$0,$9,$141,$-2,$0,$0,$0,$-78,$-78,$62,$-18,$-27,$-4,$-31,$0,$0,$-2,$82,$50,$173,$0,$-1
32,2010-06-30,3.85,$16.25,0.24,$9.78,0.39,$26.19,0.15,$-3.66,0.0,$1.43B,$1.43B,1.0,$0.24B,$0.07B,3.47,$0.06B,$0.03B,49.18%,$0.06B,$-0.04B,-57.38%,$0.06B,0,0.00%,$0.06B,0,0.00%,$0.06B,$-0.04B,-57.38%,$0.06B,$-0.02B,-37.70%,$-0.02B,$0.10B,-22.55%,$-0.02B,$0.09B,-26.67%,$-0.02B,$1.78B,-1.32%,$-0.04B,$0.34B,-9.58%,$21,$7,$14,$0,$15,$22,$-1,$0,$-1,$-0,$-1,$-1,$-1,$0,$0,$6,6,$-0.21,$-0.21,$316,$0,$0,$1428,$32,$245,$15,$30,$348,$1776,$1432,$244,$0,$244,$1676,$0,$69,$-20,$100,$1776,$-6,$2,$30,$32,$9,$102,$1,$0,$112,$138,$-1,$0,$0,$0,$-73,$-73,$32,$-43,$-27,$-10,$-37,$0,$0,$-1,$70,$31,$127,$0,$-1
33,2010-03-31,5.91,$16.37,0.36,$10.28,0.57,$5.84,1.01,$-3.33,0.0,$1.51B,$1.42B,1.06,$0.26B,$0.07B,3.73,$0.06B,$0.03B,50.00%,$0.06B,$-0.03B,-50.00%,$0.06B,0,0.00%,$0.06B,0,0.00%,$0.06B,$-0.03B,-50.00%,$0.06B,$-0.02B,-32.81%,$-0.02B,$0.10B,-20.54%,$-0.02B,$0.09B,-24.35%,$-0.02B,$1.78B,-1.23%,$-0.03B,$0.36B,-8.56%,$14,$8,$6,$0,$15,$22,$-9,$0,$-9,$-4,$-5,$-5,$-6,$0,$0,$6,6,$-0.90,$-0.90,$366,$0,$0,$1508,$31,$173,$15,$30,$276,$1784,$1420,$264,$0,$264,$1684,$0,$71,$-21,$101,$1784,$-5,$1,$9,$10,$-2,$2,$1,$0,$0,$5,$-0,$0,$0,$0,$-2,$-2,$17,$15,$-7,$-6,$-12,$0,$0,$-1,$53,$40,$59,$0,$-1
34,2009-12-31,5.81,$16.37,0.35,$12.16,0.48,$6.20,0.94,$-2.08,0.0,$1.34B,$1.37B,0.98,$0.27B,$0.07B,3.82,$0.08B,$0.04B,56.00%,$0.08B,$-0.02B,-26.67%,$0.08B,0,0.00%,$0.08B,0,0.00%,$0.08B,$-0.02B,-26.67%,$0.08B,$-0.01B,-17.33%,$-0.01B,$0.10B,-12.84%,$-0.01B,$0.09B,-15.25%,$-0.01B,$1.74B,-0.77%,$-0.02B,$0.37B,-5.32%,$9,$8,$1,$0,$16,$24,$-15,$0,$-15,$-6,$-9,$-9,$-10,$0,$0,$6,6,$-1.58,$-1.58,$190,$0,$0,$1343,$32,$288,$15,$37,$401,$1744,$1373,$271,$0,$271,$1643,$0,$76,$-27,$101,$1744,$-11,$4,$32,$36,$-27,$0,$6,$0,$-20,$4,$-2,$0,$0,$0,$75,$75,$-2,$71,$-7,$-3,$-10,$0,$30,$-6,$81,$96,$170,$-0,$-5
35,2009-09-30,10.05,$17.25,0.58,$14.74,0.68,$8.39,1.2,$-0.54,0.0,$1.25B,$1.30B,0.96,$0.28B,$0.08B,3.64,$0.09B,$0.06B,61.54%,$0.09B,$-0.01B,-6.59%,$0.09B,0,0.00%,$0.09B,0,0.00%,$0.09B,$-0.01B,-6.59%,$0.09B,$-0.00B,-3.30%,$-0.00B,$0.11B,-3.18%,$-0.00B,$0.09B,-3.85%,$-0.00B,$1.68B,-0.18%,$-0.01B,$0.38B,-1.62%,$17,$8,$9,$0,$18,$26,$-10,$0,$-10,$-4,$-6,$-6,$-6,$0,$0,$6,6,$-0.97,$-0.97,$100,$0,$0,$1247,$32,$332,$15,$30,$435,$1682,$1298,$277,$0,$277,$1576,$0,$86,$-32,$106,$1682,$-2,$3,$21,$24,$-1,$0,$0,$0,$-1,$21,$-3,$0,$0,$0,$42,$42,$-14,$24,$-1,$-4,$-5,$0,$30,$-4,$14,$35,$80,$-0,$-4
36,2009-06-30,10.5,$16.52,0.64,$16.53,0.64,$7.39,1.42,$0.73,14.39,$1.18B,$1.26B,0.94,$0.28B,$0.07B,3.88,$0.10B,$0.06B,62.75%,$0.10B,$0.01B,6.86%,$0.10B,0,0.00%,$0.10B,0,0.00%,$0.10B,$0.01B,6.86%,$0.10B,$0.01B,4.90%,$0.01B,$0.10B,5.54%,$0.01B,$0.09B,6.71%,$0.01B,$1.63B,0.30%,$0.01B,$0.38B,1.90%,$24,$8,$16,$0,$14,$22,$2,$0,$2,$0,$1,$1,$1,$0,$0,$6,6,$0.12,$0.12,$49,$0,$0,$1182,$32,$341,$16,$30,$452,$1634,$1255,$277,$0,$277,$1533,$0,$94,$-43,$101,$1634,$4,$2,$6,$8,$1,$0,$2,$0,$3,$14,$-3,$0,$0,$0,$21,$21,$4,$22,$-1,$-13,$-14,$0,$30,$-3,$-21,$-7,$29,$-0,$-2
37,2009-03-31,7.66,$15.85,0.48,$17.27,0.44,$6.73,1.14,$1.29,5.94,$1.19B,$1.28B,0.93,$0.28B,$0.07B,4.11,$0.11B,$0.07B,62.26%,$0.11B,$0.01B,10.38%,$0.11B,0,0.00%,$0.11B,0,0.00%,$0.11B,$0.01B,10.38%,$0.11B,$0.01B,7.55%,$0.01B,$0.10B,9.01%,$0.01B,$0.08B,10.92%,$0.01B,$1.66B,0.49%,$0.01B,$0.37B,3.00%,$25,$9,$16,$0,$13,$22,$3,$0,$3,$1,$2,$2,$2,$0,$0,$6,6,$0.35,$0.35,$63,$0,$0,$1193,$31,$349,$16,$30,$462,$1656,$1280,$277,$0,$277,$1559,$0,$94,$-48,$97,$1656,$2,$1,$3,$4,$2,$0,$-0,$0,$2,$8,$-1,$0,$0,$0,$7,$7,$8,$15,$-0,$-8,$-8,$0,$30,$-1,$1,$21,$44,$0,$-1
38,2008-12-31,12.14,$11.89,1.02,$17.79,0.68,$6.26,1.94,$1.45,8.37,$1.16B,$1.29B,0.9,$0.28B,$0.07B,3.82,$0.11B,$0.07B,60.55%,$0.11B,$0.01B,11.93%,$0.11B,0,0.00%,$0.11B,0,0.00%,$0.11B,$0.01B,11.93%,$0.11B,$0.01B,8.26%,$0.01B,$0.07B,10.00%,$0.01B,$0.06B,12.00%,$0.01B,$1.64B,0.56%,$0.01B,$0.35B,3.69%,$25,$10,$15,$0,$15,$25,$-1,$0,$-1,$-1,$-0,$-0,$-0,$0,$0,$6,6,$-0.04,$-0.04,$19,$0,$0,$1164,$31,$369,$16,$30,$475,$1639,$1288,$277,$0,$277,$1566,$0,$93,$-41,$73,$1639,$9,$3,$11,$14,$-7,$0,$2,$0,$-6,$17,$-3,$0,$-2,$0,$-107,$-107,$-97,$-209,$99,$-5,$94,$-1,$-1,$-5,$96,$185,$-6,$0,$-5
39,2008-09-30,17.73,$14.70,1.21,$18.57,0.95,$5.52,3.21,$2.14,8.28,$1.16B,$1.26B,0.92,$0.28B,$0.09B,3.09,$0.11B,$0.07B,59.65%,$0.11B,$0.02B,17.54%,$0.11B,0,0.00%,$0.11B,0,0.00%,$0.11B,$0.02B,17.54%,$0.11B,$0.01B,11.40%,$0.01B,$0.09B,13.27%,$0.01B,$0.08B,15.57%,$0.01B,$1.63B,0.83%,$0.02B,$0.37B,5.95%,$28,$11,$17,$0,$14,$25,$3,$0,$3,$1,$2,$2,$2,$0,$0,$6,6,$0.30,$0.30,$22,$0,$0,$1156,$31,$398,$14,$30,$473,$1630,$1261,$278,$0,$278,$1540,$0,$94,$-25,$90,$1630,$9,$2,$6,$8,$-4,$0,$0,$0,$-4,$13,$-2,$0,$0,$0,$-115,$-115,$-61,$-178,$99,$16,$115,$-1,$-1,$-4,$50,$161,$-4,$0,$-4
40,2008-06-30,15.99,$15.50,1.03,$18.68,0.86,$4.32,3.7,$2.42,6.61,$1.13B,$1.22B,0.93,$0.28B,$0.10B,2.94,$0.11B,$0.07B,57.89%,$0.11B,$0.02B,19.30%,$0.11B,0,0.00%,$0.11B,0,0.00%,$0.11B,$0.02B,19.30%,$0.11B,$0.02B,13.16%,$0.02B,$0.10B,14.89%,$0.02B,$0.08B,17.44%,$0.02B,$1.59B,0.98%,$0.02B,$0.37B,7.01%,$28,$11,$18,$0,$12,$22,$6,$0,$6,$2,$4,$4,$4,$0,$0,$6,6,$0.68,$0.68,$24,$0,$0,$1134,$31,$385,$14,$29,$460,$1594,$1221,$278,$0,$278,$1500,$0,$94,$-20,$95,$1594,$7,$2,$1,$3,$-3,$0,$2,$0,$-1,$9,$-1,$0,$0,$0,$-93,$-93,$-37,$-131,$99,$-14,$86,$-1,$-1,$-2,$37,$120,$-2,$0,$-2
41,2008-03-31,17.13,$16.69,1.03,$18.40,0.93,$4.20,4.08,$2.26,7.58,$1.10B,$1.25B,0.88,$0.22B,$0.10B,2.14,$0.11B,$0.06B,55.75%,$0.11B,$0.02B,18.58%,$0.11B,0,0.00%,$0.11B,0,0.00%,$0.11B,$0.02B,18.58%,$0.11B,$0.01B,12.39%,$0.01B,$0.10B,13.79%,$0.01B,$0.09B,16.14%,$0.01B,$1.57B,0.94%,$0.02B,$0.32B,7.22%,$28,$12,$16,$0,$12,$24,$5,$0,$5,$1,$3,$3,$3,$0,$0,$6,6,$0.51,$0.51,$26,$0,$0,$1104,$31,$392,$14,$29,$468,$1572,$1250,$218,$0,$218,$1470,$0,$91,$-10,$102,$1572,$3,$1,$1,$2,$-2,$0,$2,$0,$0,$5,$-1,$0,$0,$0,$-84,$-84,$-12,$-97,$40,$34,$74,$-0,$-0,$-1,$20,$92,$-0,$0,$-1
42,2007-12-31,17.27,$17.05,1.01,$17.67,0.98,$4.04,4.27,$2.09,8.26,$1.09B,$1.20B,0.91,$0.18B,$0.11B,1.71,$0.11B,$0.06B,54.13%,$0.11B,$0.02B,17.43%,$0.11B,0,0.00%,$0.11B,0,0.00%,$0.11B,$0.02B,17.43%,$0.11B,$0.01B,11.93%,$0.01B,$0.11B,12.90%,$0.01B,$0.09B,15.12%,$0.01B,$1.48B,0.91%,$0.02B,$0.28B,6.87%,$30,$13,$17,$0,$11,$24,$6,$0,$6,$2,$4,$4,$4,$0,$0,$6,6,$0.64,$0.64,$26,$0,$0,$1087,$31,$315,$15,$29,$391,$1479,$1195,$178,$0,$178,$1374,$0,$89,$-6,$105,$1479,$13,$3,$3,$7,$-4,$0,$-1,$0,$-5,$14,$-4,$0,$-1,$72,$-118,$-47,$-81,$-133,$12,$-44,$-32,$-0,$-0,$-5,$155,$118,$0,$0,$-5
43,2007-09-30,18.08,$16.40,1.1,$16.91,1.07,$3.63,4.98,$2.00,9.04,$1.08B,$1.18B,0.91,$0.18B,$0.10B,1.77,$0.10B,$0.06B,53.85%,$0.10B,$0.02B,17.31%,$0.10B,0,0.00%,$0.10B,0,0.00%,$0.10B,$0.02B,17.31%,$0.10B,$0.01B,11.54%,$0.01B,$0.10B,12.15%,$0.01B,$0.09B,14.29%,$0.01B,$1.46B,0.86%,$0.02B,$0.28B,6.62%,$28,$13,$15,$0,$10,$23,$5,$0,$5,$1,$4,$4,$4,$0,$0,$6,6,$0.58,$0.58,$22,$0,$0,$1075,$31,$309,$15,$29,$384,$1459,$1178,$179,$0,$179,$1358,$0,$86,$-7,$101,$1459,$9,$3,$2,$5,$-5,$0,$-1,$0,$-6,$7,$-3,$0,$-1,$74,$-112,$-39,$-69,$-112,$12,$8,$20,$0,$0,$-4,$86,$103,$-2,$0,$-4
44,2007-06-30,16.8,$15.90,1.06,$16.22,1.04,$4.04,4.16,$1.95,8.62,$1.05B,$1.15B,0.91,$0.18B,$0.10B,1.87,$0.10B,$0.06B,55.00%,$0.10B,$0.02B,18.00%,$0.10B,0,0.00%,$0.10B,0,0.00%,$0.10B,$0.02B,18.00%,$0.10B,$0.01B,11.00%,$0.01B,$0.10B,11.20%,$0.01B,$0.08B,13.13%,$0.01B,$1.43B,0.80%,$0.02B,$0.28B,6.80%,$27,$12,$15,$0,$10,$22,$5,$0,$5,$2,$3,$3,$3,$0,$0,$6,6,$0.52,$0.52,$24,$0,$0,$1051,$31,$307,$15,$28,$381,$1432,$1151,$183,$0,$183,$1335,$0,$84,$-8,$98,$1432,$5,$2,$2,$3,$-0,$0,$1,$0,$1,$10,$-2,$0,$-1,$73,$-111,$-37,$-48,$-88,$16,$-29,$-12,$0,$0,$-2,$93,$79,$0,$0,$-2
45,2007-03-31,18.88,$16.06,1.18,$15.59,1.21,$3.57,5.29,$1.93,9.78,$1.08B,$1.10B,0.97,$0.17B,$0.10B,1.67,$0.10B,$0.05B,56.25%,$0.10B,$0.02B,18.75%,$0.10B,0,0.00%,$0.10B,0,0.00%,$0.10B,$0.02B,18.75%,$0.10B,$0.01B,11.46%,$0.01B,$0.10B,11.31%,$0.01B,$0.09B,13.25%,$0.01B,$1.37B,0.82%,$0.02B,$0.26B,7.01%,$24,$11,$12,$0,$9,$21,$3,$0,$3,$1,$2,$2,$2,$0,$0,$6,6,$0.34,$0.34,$103,$0,$0,$1076,$31,$220,$14,$28,$293,$1368,$1104,$165,$0,$165,$1270,$0,$82,$-5,$99,$1368,$2,$1,$1,$2,$1,$0,$-0,$0,$1,$5,$-2,$0,$0,$-9,$-23,$-32,$5,$-28,$-2,$-10,$-12,$0,$0,$-1,$29,$16,$-7,$0,$-1
46,2006-12-31,18.22,$15.77,1.16,$15.39,1.18,$3.35,5.44,$2.05,8.89,$1.00B,$1.09B,0.93,$0.17B,$0.10B,1.72,$0.09B,$0.06B,59.57%,$0.09B,$0.02B,20.21%,$0.09B,0,0.00%,$0.09B,0,0.00%,$0.09B,$0.02B,20.21%,$0.09B,$0.01B,12.77%,$0.01B,$0.10B,12.53%,$0.01B,$0.08B,14.72%,$0.01B,$1.35B,0.91%,$0.02B,$0.26B,7.50%,$25,$11,$14,$0,$9,$20,$5,$0,$5,$1,$3,$3,$3,$0,$0,$6,6,$0.56,$0.56,$26,$0,$0,$1004,$30,$273,$15,$28,$345,$1349,$1085,$166,$0,$166,$1252,$0,$81,$-6,$97,$1349,$13,$3,$-0,$3,$-2,$0,$-0,$0,$-2,$13,$-5,$0,$0,$3,$-33,$-30,$-6,$-41,$38,$-23,$15,$1,$1,$-5,$16,$27,$-1,$0,$-5
