,Date,Stock Price,Book Value per Share,Price to Book Ratio,TTM Sales per Share,Price to Sales Ratio,TTM FCF per Share,Price to FCF Ratio,TTM Net EPS,PE Ratio,Current Assets,Current Liabilities,Current Ratio,Long Term Debt,Shareholder's Equity_x,Debt to Equity Ratio,TTM Revenue_x,TTM Gross Profit,Gross Margin,TTM Revenue_y,TTM Operating Income,Operating Margin,TTM Revenue_x,TTM EBIT,EBIT Margin,TTM Revenue_y,TTM EBITDA,EBITDA Margin,TTM Revenue_x,TTM Pre-Tax Income,Pre-Tax Margin,TTM Revenue_y,TTM Net Income_x,Net Margin,TTM Net Income_y,Shareholder's Equity_y,Return on Equity,TTM Net Income_x,Tangible Equity,Return on Tangible Equity,TTM Net Income_y,Total Assets,Return on Assets,TTM Net Income,LT Investments & Debt,Return on Investment,revenue,cost-goods-sold,gross-profit,research-development-expenses,selling-general-administrative-expenses,operating-expenses,operating-income,total-non-operating-income-expense,pre-tax-income,total-provision-income-taxes,income-after-taxes,income-from-continuous-operations,net-income,ebitda,ebit,basic-shares-outstanding,shares-outstanding,eps-basic-net-earnings-per-share,eps-earnings-per-share-diluted,cash-on-hand,inventory,other-current-assets,total-current-assets,net-property-plant-equipment,long-term-investments,goodwill-intangible-assets-total,other-long-term-assets,total-long-term-assets,total-assets,total-current-liabilities,long-term-debt,other-non-current-liabilities,total-long-term-liabilities,total-liabilities,common-stock-net,retained-earnings-accumulated-deficit,comprehensive-income,total-share-holder-equity,total-liabilities-share-holders-equity,net-income-loss,total-depreciation-amortization-cash-flow,other-non-cash-items,total-non-cash-items,change-in-accounts-receivable,change-in-inventories,change-in-accounts-payable,change-in-assets-liabilities,total-change-in-assets-liabilities,cash-flow-from-operating-activities,net-change-in-property-plant-equipment,net-change-in-intangible-assets,net-acquisitions-divestitures,net-change-in-short-term-investments,net-change-in-long-term-investments,net-change-in-investments-total,investing-activities-other,cash-flow-from-investing-activities,net-long-term-debt,net-current-debt,debt-issuance-retirement-net-total,net-common-equity-issued-repurchased,net-total-equity-issued-repurchased,total-common-preferred-stock-dividends-paid,financial-activities-other,cash-flow-from-financial-activities,net-cash-flow,stock-based-compensation,common-stock-dividends-paid
0,2018-09-30,30.61,$6.76,4.53,$14.88,2.06,$2.07,14.79,$1.38,22.18,$1.32B,$1.01B,1.31,$0.98B,$1.29B,0.77,$2.90B,$1.06B,36.38%,$2.90B,$0.31B,10.66%,$2.90B,$0.31B,10.66%,$2.90B,$0.42B,14.34%,$2.90B,$0.34B,11.66%,$2.90B,$0.27B,9.34%,$0.27B,$1.29B,20.18%,$0.27B,$-0.24B,-210.89%,$0.27B,$3.46B,7.99%,$0.31B,$2.27B,13.22%,$748,$481,$267,$0,$168,$654,$94,$4,$98,$24,$74,$74,$74,$122,$94,$190,193,$0.39,$0.38,$401,$0,$0,$1321,$211,$1,$1521,$307,$2135,$3457,$1006,$984,$175,$1165,$2172,$2,$397,$-568,$1285,$3457,$203,$80,$28,$109,$-13,$0,$-1,$-96,$-109,$203,$-68,$-19,$-108,$0,$0,$0,$-5,$-200,$-30,$160,$130,$-118,$-118,$-43,$-21,$-52,$-103,$32,$-43
1,2018-06-30,28.93,$6.83,4.24,$14.64,1.98,$2.49,11.63,$1.38,20.96,$1.23B,$0.81B,1.52,$0.99B,$1.30B,0.76,$2.86B,$1.07B,37.33%,$2.86B,$0.31B,10.94%,$2.86B,$0.31B,10.94%,$2.86B,$0.42B,14.61%,$2.86B,$0.33B,11.53%,$2.86B,$0.27B,9.47%,$0.27B,$1.30B,20.07%,$0.27B,$-0.14B,-259.95%,$0.27B,$3.27B,8.05%,$0.31B,$2.28B,13.31%,$729,$463,$266,$0,$176,$649,$80,$2,$82,$17,$65,$65,$65,$106,$80,$190,193,$0.34,$0.33,$334,$0,$0,$1233,$203,$1,$1432,$310,$2033,$3266,$813,$987,$162,$1157,$1970,$2,$338,$-482,$1296,$3266,$129,$52,$9,$61,$-5,$0,$6,$-72,$-141,$49,$-37,$-12,$-1,$0,$0,$0,$-5,$-54,$-21,$45,$24,$-121,$-121,$-29,$-16,$-141,$-171,$19,$-29
2,2018-03-31,31.91,$7.17,4.45,$14.33,2.23,$2.87,11.12,$1.41,22.63,$1.33B,$0.87B,1.52,$1.00B,$1.37B,0.73,$2.80B,$1.06B,37.75%,$2.80B,$0.31B,11.20%,$2.80B,$0.31B,11.20%,$2.80B,$0.42B,14.81%,$2.80B,$0.33B,11.88%,$2.80B,$0.28B,9.81%,$0.28B,$1.37B,20.51%,$0.28B,$-0.10B,-268.29%,$0.28B,$3.40B,8.19%,$0.31B,$2.36B,13.35%,$689,$444,$245,$0,$171,$625,$64,$12,$76,$12,$64,$64,$65,$90,$64,$193,196,$0.34,$0.33,$424,$0,$0,$1327,$205,$1,$1463,$320,$2071,$3397,$871,$997,$156,$1160,$2031,$2,$322,$-381,$1366,$3397,$65,$26,$-6,$20,$-6,$0,$-1,$-37,$-112,$-27,$-19,$-4,$0,$0,$0,$0,$-5,$-28,$-11,$105,$94,$-92,$-92,$-14,$-15,$-27,$-80,$8,$-14
3,2017-12-31,31.59,$7.39,4.28,$13.90,2.27,$3.18,9.95,$1.34,23.57,$1.43B,$0.84B,1.71,$1.01B,$1.42B,0.71,$2.74B,$1.05B,38.47%,$2.74B,$0.33B,12.02%,$2.74B,$0.33B,12.02%,$2.74B,$0.43B,15.56%,$2.74B,$0.32B,11.76%,$2.74B,$0.26B,9.61%,$0.26B,$1.42B,20.32%,$0.26B,$-0.05B,-353.02%,$0.26B,$3.45B,8.12%,$0.33B,$2.43B,14.21%,$734,$457,$277,$0,$189,$664,$71,$11,$82,$15,$66,$66,$67,$98,$71,$194,197,$0.35,$0.34,$504,$0,$0,$1434,$207,$1,$1469,$262,$2016,$3450,$839,$1007,$169,$1187,$2026,$2,$356,$-355,$1424,$3450,$263,$97,$41,$137,$-57,$0,$-2,$-28,$-37,$359,$-55,$-16,$-290,$0,$-0,$-0,$0,$-362,$307,$10,$317,$-204,$-204,$-47,$-19,$47,$82,$36,$-47
4,2017-09-30,28.56,$6.81,4.19,$13.42,2.13,$2.89,9.87,$1.38,20.7,$1.36B,$0.82B,1.65,$1.02B,$1.31B,0.77,$2.69B,$1.05B,39.18%,$2.69B,$0.36B,13.26%,$2.69B,$0.36B,13.26%,$2.69B,$0.45B,16.69%,$2.69B,$0.33B,12.44%,$2.69B,$0.27B,10.13%,$0.27B,$1.31B,21.58%,$0.27B,$-0.14B,-946.09%,$0.27B,$3.35B,8.78%,$0.36B,$2.33B,16.15%,$709,$429,$280,$0,$172,$611,$98,$-8,$90,$17,$73,$73,$74,$124,$98,$192,195,$0.38,$0.38,$440,$0,$0,$1355,$206,$1,$1454,$260,$1995,$3350,$823,$1016,$185,$1212,$2036,$2,$338,$-395,$1314,$3350,$196,$69,$22,$91,$-31,$0,$-0,$-56,$-18,$264,$-46,$-9,$-278,$0,$-0,$-0,$0,$-333,$318,$0,$318,$-207,$-207,$-35,$-18,$58,$17,$22,$-35
5,2017-06-30,27.59,$6.52,4.23,$12.88,2.14,$2.60,10.62,$1.33,20.74,$1.33B,$0.77B,1.73,$1.03B,$1.26B,0.82,$2.63B,$1.03B,39.16%,$2.63B,$0.35B,13.14%,$2.63B,$0.35B,13.14%,$2.63B,$0.43B,16.46%,$2.63B,$0.33B,12.53%,$2.63B,$0.27B,10.17%,$0.27B,$1.26B,21.21%,$0.27B,$-0.13B,635.71%,$0.27B,$3.24B,8.95%,$0.35B,$2.28B,16.23%,$671,$415,$256,$0,$168,$590,$81,$4,$85,$15,$69,$69,$69,$103,$81,$191,194,$0.36,$0.36,$441,$0,$0,$1325,$209,$1,$1388,$250,$1914,$3239,$766,$1026,$178,$1215,$1981,$2,$276,$-377,$1258,$3239,$122,$44,$16,$59,$-2,$0,$2,$-35,$-62,$115,$-29,$-9,$-207,$0,$-0,$-0,$0,$-245,$329,$45,$374,$-210,$-210,$-24,$-13,$128,$18,$12,$-24
6,2017-03-31,24.49,$6.13,3.99,$12.37,1.98,$2.33,10.49,$1.28,19.13,$1.22B,$0.52B,2.33,$1.04B,$1.18B,0.88,$2.59B,$1.02B,39.42%,$2.59B,$0.34B,13.31%,$2.59B,$0.34B,13.31%,$2.59B,$0.43B,16.63%,$2.59B,$0.32B,12.53%,$2.59B,$0.26B,10.21%,$0.26B,$1.18B,20.59%,$0.26B,$0.02B,207.47%,$0.26B,$2.91B,9.16%,$0.34B,$2.22B,16.60%,$623,$383,$240,$0,$161,$544,$79,$-14,$65,$12,$52,$52,$53,$101,$79,$199,203,$0.27,$0.26,$388,$0,$0,$1219,$213,$1,$1166,$252,$1693,$2912,$523,$1036,$166,$1207,$1730,$2,$220,$-387,$1182,$2912,$53,$22,$15,$36,$20,$0,$-1,$-12,$-54,$31,$-17,$-3,$-9,$0,$-0,$-0,$0,$-29,$340,$-145,$195,$-212,$-212,$-12,$-13,$-42,$-34,$5,$-12
7,2016-12-31,24.01,$6.47,3.71,$12.14,1.98,$2.10,11.43,$1.29,18.62,$1.23B,$0.73B,1.68,$0.70B,$1.29B,0.54,$2.57B,$1.02B,39.50%,$2.57B,$0.34B,13.26%,$2.57B,$0.34B,13.26%,$2.57B,$0.42B,16.49%,$2.57B,$0.33B,12.83%,$2.57B,$0.27B,10.50%,$0.27B,$1.29B,20.38%,$0.27B,$0.14B,153.85%,$0.27B,$2.89B,9.43%,$0.34B,$1.99B,16.73%,$682,$406,$276,$0,$171,$584,$98,$-4,$94,$18,$76,$76,$76,$120,$98,$207,210,$0.38,$0.37,$423,$0,$0,$1227,$193,$5,$1148,$242,$1659,$2886,$731,$698,$163,$868,$1599,$2,$358,$-458,$1287,$2886,$270,$83,$76,$159,$-49,$0,$-0,$-63,$-83,$346,$-81,$-7,$-28,$0,$-10,$-10,$0,$-126,$-42,$139,$97,$-327,$-327,$0,$-3,$-233,$-28,$25,$0
8,2016-09-30,23.63,$6.45,3.66,$11.85,1.99,$2.06,11.47,$1.21,19.53,$1.23B,$0.70B,1.77,$0.71B,$1.31B,0.54,$2.54B,$0.99B,39.14%,$2.54B,$0.33B,12.85%,$2.54B,$0.33B,12.85%,$2.54B,$0.41B,16.12%,$2.54B,$0.32B,12.53%,$2.54B,$0.26B,10.17%,$0.26B,$1.31B,19.41%,$0.26B,$0.14B,141.18%,$0.26B,$2.89B,9.08%,$0.33B,$2.02B,15.89%,$649,$392,$256,$0,$157,$562,$87,$-2,$85,$17,$68,$68,$69,$108,$87,$206,209,$0.33,$0.33,$419,$0,$0,$1234,$190,$6,$1164,$220,$1659,$2893,$697,$708,$174,$887,$1585,$2,$361,$-441,$1308,$2893,$193,$61,$58,$119,$-34,$0,$-0,$-64,$-77,$236,$-64,$0,$-24,$0,$-8,$-8,$0,$-96,$-31,$94,$62,$-230,$-230,$0,$-2,$-170,$-32,$18,$0
9,2016-06-30,26.48,$6.47,4.09,$11.59,2.28,$2.20,12.02,$1.19,22.25,$1.20B,$0.57B,2.1,$0.72B,$1.35B,0.53,$2.51B,$0.98B,39.07%,$2.51B,$0.33B,13.01%,$2.51B,$0.33B,13.01%,$2.51B,$0.41B,16.32%,$2.51B,$0.32B,12.73%,$2.51B,$0.26B,10.26%,$0.26B,$1.35B,19.43%,$0.26B,$0.21B,142.19%,$0.26B,$2.84B,9.13%,$0.33B,$2.07B,15.86%,$631,$384,$247,$0,$165,$551,$80,$-0,$80,$15,$65,$65,$66,$101,$80,$210,214,$0.31,$0.31,$407,$0,$0,$1202,$186,$6,$1140,$220,$1632,$2835,$573,$718,$186,$910,$1482,$2,$449,$-473,$1352,$2835,$123,$40,$54,$94,$-15,$0,$3,$-62,$-132,$86,$-46,$0,$-12,$0,$-5,$-5,$0,$-63,$-21,$39,$18,$-75,$-75,$0,$-1,$-59,$-44,$14,$0
10,2016-03-31,26.83,$6.43,4.17,$11.40,2.35,$2.40,11.16,$1.16,23.13,$1.23B,$0.59B,2.09,$0.73B,$1.35B,0.54,$2.49B,$0.98B,39.24%,$2.49B,$0.34B,13.48%,$2.49B,$0.34B,13.48%,$2.49B,$0.43B,17.26%,$2.49B,$0.32B,12.76%,$2.49B,$0.25B,10.22%,$0.25B,$1.35B,19.32%,$0.25B,$0.21B,153.71%,$0.25B,$2.84B,9.06%,$0.34B,$2.08B,16.28%,$610,$373,$237,$0,$160,$534,$76,$-5,$71,$12,$59,$59,$59,$95,$76,$211,214,$0.28,$0.27,$430,$0,$0,$1234,$180,$8,$1145,$172,$1610,$2844,$590,$728,$170,$904,$1490,$2,$437,$-444,$1353,$2844,$59,$20,$12,$32,$-18,$0,$-0,$-27,$-101,$-10,$-25,$0,$-2,$0,$-4,$-4,$0,$-31,$-10,$60,$50,$-28,$-28,$0,$-1,$20,$-21,$5,$0
11,2015-12-31,24.65,$6.17,4.0,$11.19,2.2,$2.62,9.42,$1.09,22.61,$1.20B,$0.59B,2.01,$0.74B,$1.30B,0.57,$2.46B,$0.97B,39.32%,$2.46B,$0.33B,13.53%,$2.46B,$0.33B,13.53%,$2.46B,$0.43B,17.51%,$2.46B,$0.30B,12.27%,$2.46B,$0.24B,9.75%,$0.24B,$1.30B,18.31%,$0.24B,$0.17B,154.34%,$0.24B,$2.79B,8.64%,$0.33B,$2.04B,16.37%,$647,$394,$253,$0,$165,$563,$83,$-2,$82,$17,$64,$64,$64,$105,$83,$217,219,$0.30,$0.30,$451,$0,$0,$1195,$175,$7,$1137,$180,$1598,$2793,$594,$737,$155,$895,$1489,$2,$412,$-451,$1304,$2793,$240,$96,$19,$115,$-79,$0,$-4,$-33,$-27,$327,$-61,$0,$-21,$0,$-18,$-18,$0,$-100,$113,$-114,$-0,$-211,$-211,$0,$-8,$-219,$-11,$25,$0
12,2015-09-30,23.29,$6.00,3.88,$10.91,2.14,$2.33,9.99,$1.00,23.29,$1.24B,$0.59B,2.11,$0.75B,$1.28B,0.58,$2.42B,$0.96B,39.59%,$2.42B,$0.32B,13.28%,$2.42B,$0.32B,13.28%,$2.42B,$0.42B,17.34%,$2.42B,$0.28B,11.50%,$2.42B,$0.22B,9.18%,$0.22B,$1.28B,17.00%,$0.22B,$0.14B,156.34%,$0.22B,$2.79B,8.03%,$0.32B,$2.03B,15.99%,$618,$376,$242,$0,$145,$530,$87,$-1,$86,$18,$68,$68,$68,$108,$87,$215,218,$0.32,$0.31,$468,$0,$0,$1236,$164,$6,$1145,$163,$1553,$2789,$586,$747,$168,$922,$1508,$2,$415,$-459,$1281,$2789,$175,$75,$15,$91,$-34,$0,$1,$-46,$-12,$254,$-44,$0,$-21,$0,$-14,$-14,$0,$-78,$123,$-114,$10,$-149,$-149,$0,$-14,$-153,$6,$18,$0
13,2015-06-30,21.04,$6.09,3.46,$10.74,1.96,$1.96,10.73,$0.90,23.38,$1.22B,$0.53B,2.29,$0.76B,$1.32B,0.58,$2.39B,$0.95B,39.76%,$2.39B,$0.31B,12.86%,$2.39B,$0.31B,12.86%,$2.39B,$0.41B,16.97%,$2.39B,$0.25B,10.64%,$2.39B,$0.20B,8.42%,$0.20B,$1.32B,15.48%,$0.20B,$0.15B,157.65%,$0.20B,$2.79B,7.31%,$0.31B,$2.08B,15.54%,$610,$366,$243,$0,$149,$520,$89,$-11,$78,$15,$63,$63,$63,$121,$89,$219,221,$0.29,$0.28,$442,$0,$0,$1221,$170,$9,$1170,$150,$1566,$2787,$532,$759,$170,$935,$1468,$2,$425,$-421,$1320,$2787,$107,$54,$12,$67,$-34,$0,$1,$-32,$-59,$115,$-29,$0,$-18,$0,$-10,$-10,$0,$-57,$134,$-114,$21,$-74,$-74,$0,$-13,$-67,$-20,$11,$0
14,2015-03-31,22.94,$6.09,3.77,$10.51,2.18,$1.86,12.32,$0.84,27.31,$1.18B,$0.57B,2.09,$0.65B,$1.34B,0.49,$2.34B,$0.93B,39.63%,$2.34B,$0.29B,12.44%,$2.34B,$0.29B,12.44%,$2.34B,$0.38B,16.12%,$2.34B,$0.24B,10.22%,$2.34B,$0.19B,7.99%,$0.19B,$1.34B,14.73%,$0.19B,$0.17B,201.62%,$0.19B,$2.74B,6.86%,$0.29B,$1.99B,15.15%,$587,$357,$230,$0,$149,$513,$74,$-18,$56,$11,$45,$45,$45,$97,$74,$220,222,$0.20,$0.20,$434,$0,$0,$1181,$174,$3,$1170,$150,$1555,$2736,$565,$651,$176,$833,$1398,$2,$430,$-402,$1339,$2736,$45,$23,$11,$34,$-13,$0,$0,$-10,$-54,$24,$-13,$0,$-12,$0,$-7,$-7,$0,$-32,$-2,$0,$-2,$-7,$-7,$0,$-7,$-16,$-27,$5,$0
15,2014-12-31,18.68,$5.88,3.18,$10.10,1.85,$1.81,10.3,$0.85,21.97,$1.19B,$0.62B,1.91,$0.65B,$1.29B,0.51,$2.28B,$0.90B,39.52%,$2.28B,$0.29B,12.89%,$2.28B,$0.29B,12.89%,$2.28B,$0.38B,16.49%,$2.28B,$0.25B,10.96%,$2.28B,$0.19B,8.46%,$0.19B,$1.29B,14.94%,$0.19B,$0.11B,135.44%,$0.19B,$2.74B,7.10%,$0.29B,$1.93B,15.12%,$602,$359,$242,$0,$167,$531,$71,$-13,$58,$12,$46,$46,$46,$93,$71,$221,225,$0.20,$0.21,$462,$0,$0,$1189,$176,$0,$1172,$147,$1554,$2743,$622,$649,$179,$835,$1457,$2,$399,$-412,$1285,$2743,$192,$83,$33,$116,$-24,$0,$-7,$-32,$-38,$272,$-62,$0,$-131,$0,$0,$0,$0,$-193,$-9,$135,$126,$-272,$-272,$0,$-31,$-177,$-109,$28,$0
16,2014-09-30,16.1,$5.76,2.79,$9.80,1.64,$2.01,8.01,$0.85,18.94,$1.21B,$0.67B,1.8,$0.65B,$1.25B,0.52,$2.24B,$0.87B,39.00%,$2.24B,$0.30B,13.19%,$2.24B,$0.30B,13.19%,$2.24B,$0.37B,16.73%,$2.24B,$0.26B,11.40%,$2.24B,$0.20B,8.77%,$0.20B,$1.25B,15.05%,$0.20B,$0.08B,107.69%,$0.20B,$2.74B,7.25%,$0.30B,$1.90B,15.08%,$588,$354,$234,$0,$153,$515,$73,$-11,$62,$15,$47,$47,$47,$94,$73,$216,221,$0.22,$0.21,$424,$0,$0,$1206,$176,$0,$1171,$124,$1533,$2739,$671,$653,$161,$819,$1491,$2,$353,$-393,$1249,$2739,$146,$61,$21,$82,$-24,$0,$-6,$-61,$-50,$179,$-48,$0,$-124,$-25,$0,$-25,$0,$-196,$-7,$165,$158,$-291,$-291,$0,$-20,$-153,$-172,$20,$0
17,2014-06-30,17.3,$5.57,3.1,$9.39,1.84,$2.26,7.66,$0.94,18.4,$1.14B,$0.64B,1.78,$0.65B,$1.21B,0.54,$2.18B,$0.84B,38.66%,$2.18B,$0.31B,14.11%,$2.18B,$0.31B,14.11%,$2.18B,$0.39B,17.68%,$2.18B,$0.29B,13.10%,$2.18B,$0.22B,10.03%,$0.22B,$1.21B,16.97%,$0.22B,$0.01B,110.33%,$0.22B,$2.69B,8.17%,$0.31B,$1.86B,15.83%,$562,$340,$221,$0,$143,$489,$73,$-10,$63,$14,$49,$49,$49,$93,$73,$218,222,$0.23,$0.22,$377,$0,$0,$1141,$176,$0,$1194,$110,$1547,$2688,$640,$654,$182,$842,$1482,$2,$306,$-378,$1206,$2688,$100,$39,$13,$52,$-15,$0,$-5,$-58,$-59,$93,$-30,$0,$-124,$0,$0,$0,$0,$-153,$-4,$175,$171,$-294,$-294,$0,$-18,$-142,$-194,$12,$0
18,2014-03-31,17.19,$6.12,2.81,$9.13,1.88,$2.32,7.41,$0.99,17.36,$1.30B,$0.43B,3.06,$0.66B,$1.43B,0.46,$2.16B,$0.83B,38.27%,$2.16B,$0.31B,14.52%,$2.16B,$0.31B,14.52%,$2.16B,$0.40B,18.32%,$2.16B,$0.31B,14.29%,$2.16B,$0.23B,10.85%,$0.23B,$1.43B,18.17%,$0.23B,$0.37B,103.43%,$0.23B,$2.70B,8.72%,$0.31B,$2.08B,16.10%,$528,$324,$204,$0,$122,$451,$77,$-10,$67,$16,$51,$51,$51,$96,$77,$232,237,$0.22,$0.21,$567,$0,$0,$1303,$170,$0,$1061,$92,$1400,$2704,$425,$655,$189,$849,$1274,$2,$562,$-403,$1429,$2704,$51,$19,$9,$28,$-8,$0,$0,$-64,$-65,$14,$-14,$0,$0,$0,$0,$0,$0,$-14,$-2,$0,$-2,$6,$6,$0,$-9,$-5,$-4,$5,$0
19,2013-12-31,18.12,$5.73,3.17,$9.06,2.0,$2.39,7.57,$0.98,18.49,$1.28B,$0.46B,2.76,$0.66B,$1.32B,0.5,$2.13B,$0.81B,38.13%,$2.13B,$0.31B,14.54%,$2.13B,$0.31B,14.54%,$2.13B,$0.39B,18.43%,$2.13B,$0.31B,14.40%,$2.13B,$0.23B,10.79%,$0.23B,$1.32B,18.47%,$0.23B,$0.27B,134.31%,$0.23B,$2.69B,8.59%,$0.31B,$1.98B,16.29%,$558,$346,$213,$0,$136,$487,$72,$-9,$63,$13,$50,$50,$49,$91,$72,$229,236,$0.20,$0.20,$571,$0,$0,$1276,$173,$0,$1053,$97,$1413,$2689,$462,$656,$243,$904,$1365,$2,$512,$-460,$1324,$2689,$230,$82,$40,$123,$-61,$0,$2,$9,$-47,$312,$-45,$0,$-47,$14,$0,$14,$0,$-78,$-3,$-80,$-83,$46,$46,$0,$-28,$-65,$112,$31,$0
20,2013-09-30,18.63,$5.22,3.57,$8.90,2.09,$2.26,8.25,$1.00,18.63,$1.22B,$0.48B,2.53,$0.66B,$1.20B,0.55,$2.08B,$0.80B,38.33%,$2.08B,$0.31B,14.84%,$2.08B,$0.31B,14.84%,$2.08B,$0.39B,18.92%,$2.08B,$0.32B,15.56%,$2.08B,$0.23B,11.24%,$0.23B,$1.20B,19.38%,$0.23B,$0.14B,181.04%,$0.23B,$2.64B,8.81%,$0.31B,$1.86B,16.56%,$535,$329,$206,$0,$117,$449,$86,$7,$93,$22,$71,$71,$70,$106,$86,$230,236,$0.31,$0.30,$499,$0,$0,$1217,$168,$0,$1057,$98,$1427,$2644,$482,$657,$298,$961,$1443,$2,$463,$-518,$1202,$2644,$181,$63,$34,$97,$-31,$0,$-1,$-56,$-50,$233,$-34,$0,$-50,$-3,$0,$-3,$0,$-88,$-1,$-80,$-81,$35,$35,$0,$-24,$-70,$22,$22,$0
21,2013-06-30,18.98,$5.21,3.64,$8.77,2.16,$2.07,9.19,$0.81,23.44,$1.24B,$0.56B,2.21,$0.66B,$1.20B,0.55,$2.04B,$0.79B,38.57%,$2.04B,$0.29B,14.38%,$2.04B,$0.29B,14.38%,$2.04B,$0.38B,18.84%,$2.04B,$0.27B,13.40%,$2.04B,$0.19B,9.27%,$0.19B,$1.20B,15.81%,$0.19B,$0.12B,171.43%,$0.19B,$2.70B,7.14%,$0.29B,$1.86B,15.80%,$535,$333,$202,$0,$118,$457,$78,$7,$85,$19,$65,$65,$64,$102,$78,$229,235,$0.28,$0.27,$536,$0,$0,$1243,$181,$0,$1075,$106,$1458,$2700,$562,$659,$277,$942,$1504,$2,$393,$-439,$1197,$2700,$111,$43,$12,$56,$-25,$0,$-3,$-21,$-65,$108,$-25,$0,$-47,$0,$0,$0,$0,$-73,$1,$35,$36,$27,$27,$0,$-22,$42,$60,$17,$0
22,2013-03-31,17.95,$5.52,3.25,$8.55,2.1,$2.11,8.49,$0.81,22.16,$1.17B,$0.51B,2.29,$0.66B,$1.26B,0.52,$1.97B,$0.77B,38.86%,$1.97B,$0.28B,14.10%,$1.97B,$0.28B,14.10%,$1.97B,$0.37B,18.57%,$1.97B,$0.27B,13.80%,$1.97B,$0.19B,9.44%,$0.19B,$1.26B,14.76%,$0.19B,$0.15B,100.68%,$0.19B,$2.68B,7.15%,$0.28B,$1.92B,15.71%,$504,$312,$192,$0,$113,$430,$74,$-8,$66,$17,$48,$48,$47,$94,$74,$227,234,$0.21,$0.20,$493,$0,$0,$1172,$198,$0,$1110,$112,$1505,$2677,$511,$658,$243,$907,$1419,$2,$329,$-297,$1258,$2677,$47,$20,$11,$31,$-9,$0,$-2,$4,$-46,$32,$-14,$0,$-47,$0,$0,$0,$0,$-62,$-2,$35,$33,$16,$16,$0,$-5,$44,$15,$7,$0
23,2012-12-31,15.29,$5.20,2.94,$8.31,1.84,$1.97,7.77,$0.78,19.61,$1.13B,$0.52B,2.18,$0.66B,$1.17B,0.56,$1.90B,$0.74B,39.12%,$1.90B,$0.26B,13.88%,$1.90B,$0.26B,13.88%,$1.90B,$0.35B,18.56%,$1.90B,$0.26B,13.83%,$1.90B,$0.18B,9.36%,$0.18B,$1.17B,13.30%,$0.18B,$0.10B,63.97%,$0.18B,$2.61B,6.97%,$0.26B,$1.83B,15.50%,$508,$310,$198,$0,$119,$437,$71,$9,$80,$25,$55,$55,$53,$92,$71,$224,230,$0.25,$0.23,$478,$0,$0,$1129,$200,$0,$1068,$117,$1477,$2606,$518,$659,$251,$916,$1434,$2,$282,$-318,$1172,$2606,$178,$87,$19,$106,$-36,$0,$-4,$59,$20,$311,$-83,$0,$-56,$-18,$-0,$-19,$0,$-157,$566,$-173,$393,$26,$26,$-502,$-24,$-106,$51,$32,$-502
24,2012-09-30,16.46,$5.15,3.2,$8.06,2.04,$2.00,8.24,$0.82,20.07,$1.11B,$0.55B,2.02,$0.66B,$1.15B,0.57,$1.84B,$0.72B,39.25%,$1.84B,$0.26B,13.88%,$1.84B,$0.26B,13.88%,$1.84B,$0.34B,18.67%,$1.84B,$0.27B,14.70%,$1.84B,$0.19B,10.13%,$0.19B,$1.15B,13.24%,$0.19B,$0.07B,52.88%,$0.19B,$2.60B,7.44%,$0.26B,$1.81B,15.71%,$491,$297,$194,$0,$119,$421,$70,$-28,$42,$15,$27,$27,$25,$96,$70,$224,230,$0.11,$0.11,$395,$0,$0,$1109,$198,$0,$1085,$123,$1490,$2599,$549,$660,$230,$896,$1445,$2,$229,$-267,$1154,$2599,$125,$66,$9,$76,$-45,$0,$-4,$-30,$-4,$209,$-60,$0,$-54,$0,$-0,$-0,$0,$-114,$568,$-172,$396,$20,$20,$-502,$-21,$-107,$-14,$23,$-502
25,2012-06-30,14.46,$6.53,2.21,$7.82,1.85,$2.03,7.11,$0.92,15.72,$1.09B,$0.70B,1.55,$0.06B,$1.46B,0.04,$1.78B,$0.69B,38.74%,$1.78B,$0.24B,13.63%,$1.78B,$0.24B,13.63%,$1.78B,$0.33B,18.36%,$1.78B,$0.30B,16.72%,$1.78B,$0.21B,11.77%,$0.21B,$1.46B,13.88%,$0.21B,$0.42B,45.73%,$0.21B,$2.53B,8.50%,$0.24B,$1.52B,15.31%,$468,$285,$182,$0,$114,$404,$63,$21,$84,$22,$63,$63,$61,$84,$63,$223,228,$0.27,$0.27,$442,$0,$0,$1085,$181,$0,$1036,$113,$1442,$2527,$702,$61,$304,$369,$1070,$2,$705,$-419,$1457,$2527,$100,$41,$-7,$34,$-17,$0,$-5,$-9,$-1,$132,$-41,$0,$-37,$-6,$-0,$-6,$0,$-85,$-16,$-1,$-17,$4,$4,$0,$-4,$-18,$28,$17,$0
26,2012-03-31,14.17,$7.06,2.01,$7.52,1.88,$1.95,7.28,$0.82,17.29,$1.05B,$0.61B,1.71,$0.08B,$1.57B,0.05,$1.71B,$0.65B,38.10%,$1.71B,$0.23B,13.48%,$1.71B,$0.23B,13.48%,$1.71B,$0.31B,18.41%,$1.71B,$0.27B,15.71%,$1.71B,$0.19B,10.96%,$0.19B,$1.57B,12.08%,$0.19B,$0.52B,38.44%,$0.19B,$2.48B,7.70%,$0.23B,$1.65B,14.10%,$435,$265,$170,$0,$105,$375,$60,$-4,$57,$16,$40,$40,$39,$81,$60,$223,227,$0.17,$0.17,$412,$0,$0,$1045,$189,$0,$1049,$115,$1431,$2476,$610,$76,$217,$294,$905,$2,$644,$-233,$1572,$2476,$40,$20,$6,$26,$-42,$0,$-2,$15,$-62,$5,$-22,$0,$0,$-6,$-0,$-6,$0,$-28,$-1,$-1,$-2,$2,$2,$0,$-1,$-1,$-2,$7,$0
27,2011-12-31,13.0,$6.46,2.01,$7.07,1.84,$2.09,6.23,$0.81,16.05,$0.99B,$0.66B,1.49,$0.08B,$1.44B,0.05,$1.60B,$0.60B,37.20%,$1.60B,$0.22B,13.55%,$1.60B,$0.22B,13.55%,$1.60B,$0.30B,18.54%,$1.60B,$0.26B,16.35%,$1.60B,$0.18B,11.49%,$0.18B,$1.44B,11.93%,$0.18B,$0.40B,31.16%,$0.18B,$2.40B,8.05%,$0.22B,$1.51B,13.50%,$443,$268,$175,$0,$108,$381,$62,$25,$87,$24,$63,$63,$61,$82,$62,$222,226,$0.27,$0.27,$408,$0,$0,$985,$181,$0,$1039,$107,$1418,$2403,$662,$76,$228,$306,$968,$2,$605,$-321,$1436,$2403,$184,$80,$15,$95,$-46,$0,$7,$-17,$-18,$267,$-35,$0,$-577,$77,$0,$77,$0,$-535,$77,$252,$329,$13,$13,$0,$-16,$326,$4,$28,$0
28,2011-09-30,12.51,$7.01,1.79,$6.64,1.89,$1.55,8.07,$0.74,16.91,$1.00B,$0.64B,1.56,$0.09B,$1.56B,0.06,$1.50B,$0.55B,36.44%,$1.50B,$0.22B,14.32%,$1.50B,$0.22B,14.32%,$1.50B,$0.29B,19.59%,$1.50B,$0.24B,15.86%,$1.50B,$0.17B,11.26%,$0.17B,$1.56B,10.88%,$0.17B,$0.49B,23.78%,$0.17B,$2.43B,7.83%,$0.22B,$1.65B,13.44%,$430,$268,$161,$0,$96,$373,$57,$12,$69,$19,$50,$50,$48,$79,$57,$222,227,$0.22,$0.21,$409,$0,$0,$1000,$181,$0,$1067,$107,$1429,$2428,$640,$91,$140,$232,$872,$2,$544,$-128,$1556,$2428,$123,$60,$19,$79,$-37,$0,$-2,$-45,$-30,$177,$-22,$0,$-562,$77,$0,$77,$0,$-506,$93,$252,$345,$11,$11,$0,$-14,$342,$5,$18,$0
29,2011-06-30,14.99,$7.36,2.04,$6.17,2.43,$1.00,14.95,$0.71,21.11,$0.94B,$0.59B,1.58,$0.09B,$1.63B,0.06,$1.39B,$0.50B,36.11%,$1.39B,$0.20B,14.36%,$1.39B,$0.20B,14.36%,$1.39B,$0.28B,19.81%,$1.39B,$0.22B,15.65%,$1.39B,$0.16B,11.56%,$0.16B,$1.63B,10.67%,$0.16B,$0.54B,20.52%,$0.16B,$2.40B,8.02%,$0.20B,$1.72B,13.04%,$398,$254,$144,$0,$87,$347,$51,$4,$55,$14,$41,$41,$39,$72,$51,$221,226,$0.18,$0.17,$336,$0,$0,$936,$194,$2,$1092,$129,$1468,$2403,$593,$90,$88,$180,$773,$2,$496,$8,$1630,$2403,$75,$38,$12,$49,$-25,$0,$-2,$-27,$-44,$82,$-12,$0,$-561,$77,$0,$77,$0,$-496,$94,$252,$346,$6,$6,$0,$-12,$340,$-68,$9,$0
30,2011-03-31,12.59,$7.00,1.8,$5.78,2.18,$0.57,21.93,$0.66,19.08,$0.96B,$0.27B,3.55,$0.00B,$1.55B,0.0,$1.30B,$0.48B,36.53%,$1.30B,$0.19B,14.35%,$1.30B,$0.19B,14.35%,$1.30B,$0.26B,20.03%,$1.30B,$0.20B,15.12%,$1.30B,$0.15B,11.51%,$0.15B,$1.55B,10.54%,$0.15B,$0.94B,18.24%,$0.15B,$1.91B,8.13%,$0.19B,$1.55B,13.12%,$331,$214,$116,$0,$67,$284,$47,$5,$51,$13,$38,$38,$36,$64,$47,$221,226,$0.16,$0.16,$481,$0,$0,$959,$188,$2,$609,$110,$946,$1905,$271,$2,$83,$87,$358,$2,$457,$-24,$1547,$1905,$36,$17,$5,$22,$-1,$0,$-1,$-15,$-37,$21,$-6,$0,$-2,$-53,$0,$-53,$0,$-60,$-13,$0,$-13,$1,$1,$0,$-1,$-14,$-52,$3,$0
31,2010-12-31,13.22,$6.71,1.97,$5.60,2.36,$0.31,43.17,$0.63,20.98,$0.94B,$0.32B,2.9,$0.00B,$1.48B,0.0,$1.26B,$0.47B,37.46%,$1.26B,$0.18B,14.05%,$1.26B,$0.18B,14.05%,$1.26B,$0.25B,20.08%,$1.26B,$0.18B,14.52%,$1.26B,$0.14B,11.27%,$0.14B,$1.48B,10.41%,$0.14B,$0.88B,18.61%,$0.14B,$1.89B,7.85%,$0.18B,$1.48B,12.91%,$342,$216,$126,$0,$63,$282,$60,$3,$63,$15,$48,$48,$46,$79,$60,$219,225,$0.21,$0.20,$481,$0,$0,$936,$197,$2,$604,$120,$958,$1893,$323,$2,$84,$90,$412,$2,$421,$-50,$1481,$1893,$149,$75,$11,$86,$-50,$0,$-3,$-23,$-72,$163,$-54,$0,$-43,$65,$-2,$63,$0,$-33,$-50,$-0,$-50,$25,$25,$0,$-7,$-32,$115,$18,$0
32,2010-09-30,15.42,$6.27,2.46,$5.40,2.86,$0.29,52.73,$0.59,26.13,$0.89B,$0.35B,2.52,$0.00B,$1.38B,0.0,$1.22B,$0.47B,38.44%,$1.22B,$0.16B,13.42%,$1.22B,$0.16B,13.42%,$1.22B,$0.24B,19.84%,$1.22B,$0.16B,13.42%,$1.22B,$0.13B,10.78%,$0.13B,$1.38B,10.12%,$0.13B,$0.78B,18.79%,$0.13B,$1.83B,7.39%,$0.16B,$1.38B,12.47%,$322,$205,$117,$0,$71,$279,$42,$7,$49,$7,$42,$42,$40,$61,$42,$220,225,$0.18,$0.18,$404,$0,$0,$885,$200,$2,$596,$111,$942,$1827,$351,$3,$92,$96,$447,$2,$375,$-96,$1380,$1827,$96,$56,$13,$69,$-41,$0,$-0,$-47,$-87,$78,$-47,$0,$-43,$99,$-2,$97,$0,$8,$-36,$-0,$-36,$18,$18,$0,$-5,$-22,$72,$15,$0
33,2010-06-30,13.5,$5.85,2.31,$5.25,2.57,$0.52,25.9,$0.56,24.11,$0.82B,$0.37B,2.26,$0.00B,$1.28B,0.0,$1.18B,$0.47B,39.68%,$1.18B,$0.17B,14.10%,$1.18B,$0.17B,14.10%,$1.18B,$0.25B,20.82%,$1.18B,$0.16B,13.25%,$1.18B,$0.12B,10.54%,$0.12B,$1.28B,10.21%,$0.12B,$0.69B,19.93%,$0.12B,$1.76B,7.10%,$0.17B,$1.29B,13.43%,$308,$191,$117,$0,$75,$269,$38,$-4,$34,$5,$29,$29,$28,$57,$38,$219,225,$0.13,$0.12,$352,$0,$0,$823,$204,$2,$594,$95,$934,$1757,$365,$3,$103,$109,$473,$2,$335,$-141,$1284,$1757,$56,$37,$9,$46,$-35,$0,$-2,$-26,$-93,$10,$-36,$0,$-43,$99,$-2,$97,$0,$18,$-23,$-0,$-23,$12,$12,$0,$-3,$-15,$20,$10,$0
34,2010-03-31,14.58,$6.01,2.43,$5.13,2.84,$0.81,17.9,$0.58,25.14,$0.79B,$0.34B,2.31,$0.02B,$1.31B,0.01,$1.14B,$0.46B,40.02%,$1.14B,$0.17B,14.54%,$1.14B,$0.17B,14.54%,$1.14B,$0.25B,21.54%,$1.14B,$0.16B,14.01%,$1.14B,$0.13B,11.03%,$0.13B,$1.31B,11.01%,$0.13B,$0.70B,22.72%,$0.13B,$1.76B,7.30%,$0.17B,$1.33B,14.08%,$288,$177,$112,$0,$73,$251,$37,$0,$37,$7,$30,$30,$28,$56,$37,$218,224,$0.13,$0.13,$341,$0,$0,$790,$197,$2,$613,$136,$971,$1761,$342,$16,$86,$106,$447,$2,$307,$-73,$1313,$1761,$28,$18,$1,$19,$-17,$0,$-1,$-15,$-68,$-20,$-25,$0,$-42,$142,$-2,$140,$0,$73,$-11,$-0,$-11,$6,$6,$0,$-2,$-6,$52,$4,$0
35,2009-12-31,12.96,$5.52,2.35,$5.07,2.56,$1.04,12.42,$0.59,21.96,$0.85B,$0.40B,2.14,$0.03B,$1.20B,0.02,$1.12B,$0.45B,39.91%,$1.12B,$0.16B,14.46%,$1.12B,$0.16B,14.46%,$1.12B,$0.24B,21.70%,$1.12B,$0.16B,14.29%,$1.12B,$0.13B,11.43%,$0.13B,$1.20B,12.67%,$0.13B,$0.62B,29.41%,$0.13B,$1.75B,7.53%,$0.16B,$1.23B,15.33%,$297,$176,$121,$0,$70,$251,$46,$-3,$43,$7,$36,$37,$35,$67,$46,$222,226,$0.16,$0.15,$431,$0,$0,$846,$189,$1,$585,$90,$902,$1748,$396,$28,$120,$152,$548,$2,$279,$-147,$1200,$1748,$127,$80,$7,$87,$-22,$0,$4,$-27,$-57,$158,$-51,$0,$-20,$58,$-0,$58,$0,$-14,$-33,$-25,$-57,$14,$14,$0,$-8,$-52,$105,$19,$0
36,2009-09-30,10.7,$4.90,2.18,$5.04,2.12,$1.25,8.53,$0.65,16.45,$0.81B,$0.42B,1.93,$0.04B,$1.06B,0.04,$1.11B,$0.44B,39.64%,$1.11B,$0.17B,15.11%,$1.11B,$0.17B,15.11%,$1.11B,$0.25B,22.44%,$1.11B,$0.16B,14.66%,$1.11B,$0.14B,12.67%,$0.14B,$1.06B,15.19%,$0.14B,$0.48B,40.70%,$0.14B,$1.72B,8.30%,$0.17B,$1.10B,17.05%,$284,$167,$117,$0,$67,$240,$45,$-2,$42,$8,$35,$35,$33,$65,$45,$216,222,$0.15,$0.15,$399,$0,$0,$812,$178,$1,$575,$71,$903,$1715,$422,$41,$189,$234,$656,$2,$244,$-244,$1059,$1715,$93,$60,$10,$70,$-18,$0,$4,$-43,$-39,$124,$-42,$0,$-20,$41,$-0,$41,$0,$-21,$-22,$-25,$-47,$8,$8,$0,$-6,$-45,$56,$15,$0
37,2009-06-30,10.22,$4.66,2.19,$5.00,2.04,$1.26,8.13,$0.65,15.72,$0.75B,$0.39B,1.96,$0.05B,$1.01B,0.05,$1.09B,$0.44B,39.93%,$1.09B,$0.16B,14.47%,$1.09B,$0.16B,14.47%,$1.09B,$0.24B,22.07%,$1.09B,$0.16B,14.74%,$1.09B,$0.14B,12.91%,$0.14B,$1.01B,15.80%,$0.14B,$0.42B,46.61%,$0.14B,$1.68B,8.42%,$0.16B,$1.06B,16.44%,$273,$166,$107,$0,$64,$235,$38,$-0,$38,$6,$32,$32,$30,$58,$38,$215,219,$0.14,$0.14,$367,$0,$0,$753,$181,$1,$585,$71,$928,$1681,$385,$54,$231,$291,$676,$2,$211,$-257,$1005,$1681,$60,$39,$5,$45,$-8,$0,$6,$-23,$-36,$68,$-29,$0,$-20,$120,$-0,$119,$0,$70,$-11,$-25,$-36,$5,$5,$0,$-4,$-35,$102,$9,$0
38,2009-03-31,7.7,$3.62,2.13,$4.91,1.57,$1.27,6.07,$0.62,12.43,$0.73B,$0.45B,1.62,$0.06B,$0.78B,0.08,$1.07B,$0.44B,40.54%,$1.07B,$0.15B,13.89%,$1.07B,$0.15B,13.89%,$1.07B,$0.23B,21.81%,$1.07B,$0.15B,14.35%,$1.07B,$0.14B,12.67%,$0.14B,$0.78B,15.02%,$0.14B,$0.22B,46.34%,$0.14B,$1.66B,8.12%,$0.15B,$0.84B,15.13%,$266,$164,$102,$0,$64,$233,$33,$4,$37,$5,$32,$32,$30,$53,$33,$215,217,$0.14,$0.14,$348,$0,$0,$732,$168,$1,$555,$72,$925,$1657,$451,$63,$357,$428,$879,$2,$182,$-444,$778,$1657,$30,$20,$-3,$16,$-8,$0,$1,$-20,$-27,$19,$-13,$0,$-20,$61,$0,$61,$0,$28,$-6,$0,$-6,$1,$1,$0,$-2,$-7,$27,$5,$0
39,2008-12-31,7.15,$3.94,1.82,$4.76,1.5,$1.26,5.69,$0.57,12.54,$0.74B,$0.43B,1.75,$0.07B,$0.84B,0.09,$1.04B,$0.42B,40.50%,$1.04B,$0.13B,12.76%,$1.04B,$0.13B,12.76%,$1.04B,$0.23B,21.69%,$1.04B,$0.14B,13.72%,$1.04B,$0.13B,12.09%,$0.13B,$0.84B,12.42%,$0.13B,$0.25B,34.19%,$0.13B,$1.70B,7.46%,$0.13B,$0.92B,12.06%,$282,$170,$112,$0,$55,$231,$51,$-6,$45,$-3,$48,$49,$47,$72,$51,$213,218,$0.22,$0.22,$385,$0,$0,$744,$174,$1,$594,$72,$952,$1696,$425,$74,$343,$427,$852,$2,$152,$-342,$844,$1696,$125,$93,$8,$101,$-42,$0,$-3,$4,$-16,$211,$-62,$0,$0,$-176,$-2,$-177,$0,$-239,$-28,$25,$-3,$13,$13,$0,$-10,$0,$-95,$17,$0
40,2008-09-30,9.03,$4.39,2.06,$5.09,1.77,$1.18,7.63,$0.49,18.44,$0.71B,$0.38B,1.89,$0.08B,$0.94B,0.09,$0.99B,$0.41B,41.53%,$0.99B,$0.12B,11.79%,$0.99B,$0.12B,11.79%,$0.99B,$0.21B,21.27%,$0.99B,$0.13B,13.31%,$0.99B,$0.11B,11.09%,$0.11B,$0.94B,9.85%,$0.11B,$0.32B,24.94%,$0.11B,$1.66B,6.47%,$0.12B,$1.03B,9.65%,$271,$156,$115,$0,$71,$234,$36,$5,$41,$6,$35,$35,$34,$58,$36,$214,219,$0.16,$0.15,$324,$0,$0,$711,$179,$1,$625,$74,$952,$1663,$377,$83,$249,$344,$721,$2,$105,$-190,$943,$1663,$78,$72,$10,$82,$-45,$0,$-2,$-23,$-32,$128,$-47,$0,$0,$10,$-1,$9,$0,$-38,$-22,$0,$-22,$13,$13,$0,$-9,$-18,$24,$13,$0
41,2008-06-30,12.97,$4.94,2.62,$4.95,2.62,$1.02,12.72,$0.42,30.89,$0.69B,$0.32B,2.19,$0.10B,$1.06B,0.09,$0.94B,$0.39B,41.56%,$0.94B,$0.11B,11.32%,$0.94B,$0.11B,11.32%,$0.94B,$0.20B,21.37%,$0.94B,$0.12B,12.39%,$0.94B,$0.09B,9.51%,$0.09B,$1.06B,7.56%,$0.09B,$0.38B,18.35%,$0.09B,$1.68B,5.24%,$0.11B,$1.15B,8.28%,$254,$147,$106,$0,$67,$224,$29,$2,$31,$3,$28,$28,$25,$51,$29,$213,219,$0.12,$0.11,$324,$0,$0,$691,$178,$1,$674,$80,$991,$1681,$315,$95,$199,$309,$624,$2,$71,$-33,$1057,$1681,$45,$50,$7,$56,$-30,$0,$-1,$-10,$-32,$69,$-28,$0,$0,$7,$-1,$6,$0,$-22,$-12,$0,$-12,$9,$9,$0,$-6,$-9,$19,$8,$0
