,Date,Stock Price,Book Value per Share,Price to Book Ratio,TTM Sales per Share,Price to Sales Ratio,TTM FCF per Share,Price to FCF Ratio,TTM Net EPS,PE Ratio,Current Assets,Current Liabilities,Current Ratio,Long Term Debt,Shareholder's Equity_x,Debt to Equity Ratio,TTM Revenue_x,TTM Gross Profit,Gross Margin,TTM Revenue_y,TTM Operating Income,Operating Margin,TTM Revenue_x,TTM EBIT,EBIT Margin,TTM Revenue_y,TTM EBITDA,EBITDA Margin,TTM Revenue_x,TTM Pre-Tax Income,Pre-Tax Margin,TTM Revenue_y,TTM Net Income_x,Net Margin,TTM Net Income_y,Shareholder's Equity_y,Return on Equity,TTM Net Income_x,Tangible Equity,Return on Tangible Equity,TTM Net Income_y,Total Assets,Return on Assets,TTM Net Income,LT Investments & Debt,Return on Investment,revenue,cost-goods-sold,gross-profit,research-development-expenses,selling-general-administrative-expenses,operating-expenses,operating-income,total-non-operating-income-expense,pre-tax-income,total-provision-income-taxes,income-after-taxes,income-from-continuous-operations,net-income,ebitda,ebit,basic-shares-outstanding,shares-outstanding,eps-basic-net-earnings-per-share,eps-earnings-per-share-diluted,cash-on-hand,inventory,other-current-assets,total-current-assets,net-property-plant-equipment,long-term-investments,goodwill-intangible-assets-total,other-long-term-assets,total-long-term-assets,total-assets,total-current-liabilities,long-term-debt,other-non-current-liabilities,total-long-term-liabilities,total-liabilities,common-stock-net,retained-earnings-accumulated-deficit,comprehensive-income,total-share-holder-equity,total-liabilities-share-holders-equity,net-income-loss,total-depreciation-amortization-cash-flow,other-non-cash-items,total-non-cash-items,change-in-accounts-receivable,change-in-inventories,change-in-accounts-payable,change-in-assets-liabilities,total-change-in-assets-liabilities,cash-flow-from-operating-activities,net-change-in-property-plant-equipment,net-change-in-intangible-assets,net-acquisitions-divestitures,net-change-in-short-term-investments,net-change-in-long-term-investments,net-change-in-investments-total,investing-activities-other,cash-flow-from-investing-activities,net-long-term-debt,net-current-debt,debt-issuance-retirement-net-total,net-common-equity-issued-repurchased,net-total-equity-issued-repurchased,total-common-preferred-stock-dividends-paid,financial-activities-other,cash-flow-from-financial-activities,net-cash-flow,stock-based-compensation,common-stock-dividends-paid
0,2018-09-30,15.4,$5.14,3.0,$2.40,6.41,$-5.06,0.0,$-1.69,0.0,$0.04B,$0.01B,2.78,$0.00B,$0.09B,0.0,$0.04B,$0.03B,87.18%,$0.04B,$-0.03B,-79.49%,$0.04B,$-0.03B,-79.49%,$0.04B,$-0.03B,-64.10%,$0.04B,$-0.03B,-76.92%,$0.04B,$-0.03B,-71.79%,$-0.03B,$0.09B,-29.63%,$-0.03B,$0.08B,-33.43%,$-0.03B,$0.11B,-25.87%,$-0.03B,$0.09B,-32.80%,$11,$1,$10,$0,$20,$22,$-10,$0,$-10,$0,$-10,$-10,$-10,$-9,$-10,$18,18,$-0.58,$-0.58,$31,$0,$0,$35,$46,$13,$11,$0,$70,$105,$13,$0,$0,$0,$13,$0,$-47,$0,$92,$105,$-23,$5,$1,$6,$-0,$0,$3,$0,$3,$-13,$-14,$0,$0,$0,$0,$0,$0,$-14,$-13,$0,$-13,$37,$37,$0,$0,$25,$-2,$1,$0
1,2018-06-30,20.25,$5.69,3.56,$2.26,8.95,$-5.14,0.0,$-1.45,0.0,$0.05B,$0.01B,4.38,$0.00B,$0.10B,0.0,$0.04B,$0.03B,83.33%,$0.04B,$-0.03B,-75.00%,$0.04B,$-0.03B,-75.00%,$0.04B,$-0.02B,-58.33%,$0.04B,$-0.03B,-72.22%,$0.04B,$-0.02B,-63.89%,$-0.02B,$0.10B,-25.07%,$-0.02B,$0.09B,-28.31%,$-0.02B,$0.11B,-21.96%,$-0.03B,$0.10B,-29.43%,$10,$1,$9,$0,$16,$17,$-7,$0,$-6,$0,$-6,$-6,$-6,$-5,$-7,$18,18,$-0.35,$-0.35,$41,$0,$0,$45,$44,$13,$11,$0,$67,$112,$10,$0,$0,$0,$11,$0,$-37,$0,$102,$112,$-12,$3,$1,$4,$-0,$0,$1,$1,$1,$-7,$-9,$0,$0,$0,$0,$0,$0,$-9,$-13,$0,$-13,$37,$37,$0,$0,$25,$8,$1,$0
2,2018-03-31,15.5,$6.02,2.57,$2.11,7.34,$-5.37,0.0,$-1.52,0.0,$0.06B,$0.01B,5.16,$0.00B,$0.11B,0.0,$0.03B,$0.03B,81.82%,$0.03B,$-0.03B,-78.79%,$0.03B,$-0.03B,-78.79%,$0.03B,$-0.02B,-63.64%,$0.03B,$-0.03B,-78.79%,$0.03B,$-0.02B,-69.70%,$-0.02B,$0.11B,-26.21%,$-0.02B,$0.10B,-29.77%,$-0.02B,$0.12B,-22.94%,$-0.03B,$0.11B,-29.63%,$10,$1,$8,$0,$16,$17,$-8,$0,$-8,$-2,$-6,$-6,$-6,$-6,$-8,$15,15,$-0.39,$-0.39,$51,$0,$0,$55,$40,$13,$11,$0,$63,$119,$11,$0,$0,$0,$11,$0,$-30,$0,$108,$119,$-6,$2,$0,$2,$-0,$0,$1,$0,$1,$-3,$-4,$0,$0,$0,$0,$0,$0,$-4,$-13,$0,$-13,$37,$37,$0,$0,$25,$18,$0,$0
3,2017-12-31,12.4,$5.02,2.47,$1.87,6.64,$-5.48,0.0,$-1.54,0.0,$0.04B,$0.02B,1.83,$0.00B,$0.08B,0.0,$0.03B,$0.02B,82.76%,$0.03B,$-0.03B,-86.21%,$0.03B,$-0.03B,-86.21%,$0.03B,$-0.02B,-72.41%,$0.03B,$-0.03B,-86.21%,$0.03B,$-0.02B,-79.31%,$-0.02B,$0.08B,-27.46%,$-0.02B,$0.07B,-31.40%,$-0.02B,$0.10B,-24.08%,$-0.03B,$0.08B,-29.85%,$8,$1,$7,$0,$13,$15,$-6,$0,$-6,$-0,$-6,$-6,$-6,$-5,$-6,$15,15,$-0.37,$-0.37,$33,$0,$0,$37,$37,$12,$11,$0,$60,$97,$20,$0,$0,$1,$21,$0,$-24,$0,$76,$97,$-23,$5,$1,$6,$-1,$0,$-2,$-2,$-4,$-21,$-13,$-1,$0,$0,$0,$0,$0,$-13,$13,$0,$13,$0,$0,$0,$0,$13,$-21,$2,$0
4,2017-09-30,12.0,$5.36,2.24,$1.55,7.74,$-4.40,0.0,$-1.39,0.0,$0.03B,$0.01B,3.5,$0.00B,$0.00B,0.0,$0.03B,$0.02B,80.77%,$0.03B,$-0.02B,-92.31%,$0.03B,$-0.02B,-92.31%,$0.03B,$-0.02B,-76.92%,$0.03B,$-0.03B,-96.15%,$0.03B,$-0.02B,-76.92%,$-0.02B,$0.08B,-22.41%,$-0.02B,$0.07B,-25.48%,$-0.02B,$0.09B,-20.41%,$-0.02B,$0.08B,-26.89%,$8,$1,$6,$0,$12,$13,$-6,$0,$-6,$-0,$-6,$-6,$-5,$-5,$-6,$15,15,$-0.34,$-0.34,$30,$0,$0,$33,$36,$11,$11,$0,$57,$91,$10,$0,$0,$0,$10,$0,$0,$0,$81,$91,$-18,$3,$1,$5,$-0,$0,$-1,$-0,$-2,$-15,$-9,$0,$0,$0,$0,$0,$0,$-9,$0,$0,$0,$0,$0,$0,$0,$0,$-24,$1,$0
5,2017-06-30,11.2,$5.67,1.98,$1.35,8.3,$-3.70,0.0,$5.59,2.0,$0.04B,$0.01B,4.97,$0.00B,$0.00B,0.0,$0.02B,$0.02B,86.36%,$0.02B,$-0.02B,-100.00%,$0.02B,$-0.02B,-100.00%,$0.02B,$-0.02B,-81.82%,$0.02B,$-0.02B,-104.55%,$0.02B,$0.09B,386.36%,$0.09B,$0.09B,90.19%,$0.09B,$0.08B,101.80%,$0.09B,$0.09B,81.73%,$-0.02B,$0.09B,-23.34%,$7,$1,$6,$0,$12,$13,$-6,$0,$-6,$0,$-6,$-6,$-6,$-5,$-6,$15,15,$-0.42,$-0.42,$37,$0,$0,$39,$33,$11,$11,$0,$55,$94,$8,$0,$0,$0,$8,$0,$0,$0,$86,$94,$-12,$2,$1,$3,$-0,$0,$-3,$1,$-2,$-12,$-6,$0,$0,$0,$0,$0,$0,$-6,$0,$0,$0,$0,$0,$0,$0,$0,$-17,$1,$0
6,2017-03-31,9.95,$6.06,1.64,$1.09,9.15,$-2.33,0.0,$5.91,1.68,$0.05B,$0.01B,5.72,$0.00B,$0.00B,0.0,$0.02B,$0.02B,84.21%,$0.02B,$-0.02B,-100.00%,$0.02B,$-0.02B,-100.00%,$0.02B,$-0.02B,-78.95%,$0.02B,$-0.02B,-105.26%,$0.02B,$0.09B,468.42%,$0.09B,$0.09B,96.48%,$0.09B,$0.08B,109.20%,$0.09B,$0.10B,86.41%,$-0.02B,$0.09B,-20.60%,$6,$1,$5,$0,$12,$13,$-7,$0,$-7,$-1,$-6,$-6,$-6,$-6,$-7,$15,15,$-0.41,$-0.41,$45,$0,$0,$47,$31,$11,$11,$0,$53,$100,$8,$0,$0,$0,$8,$0,$0,$0,$92,$100,$-6,$1,$0,$1,$-0,$0,$-2,$1,$-1,$-6,$-2,$0,$0,$0,$0,$0,$0,$-2,$0,$0,$0,$0,$0,$0,$0,$0,$-9,$0,$0
7,2016-12-31,8.65,$6.44,1.34,$0.86,10.04,$-1.71,0.0,$6.01,1.44,$0.06B,$0.00B,0.0,$0.00B,$0.10B,0.0,$0.02B,$0.01B,82.35%,$0.02B,$-0.02B,-94.12%,$0.02B,$-0.02B,-94.12%,$0.02B,$-0.01B,-70.59%,$0.02B,$-0.02B,-100.00%,$0.02B,$0.09B,511.76%,$0.09B,$0.10B,97.48%,$0.09B,$0.09B,112.99%,$0.09B,$0.11B,82.27%,$-0.02B,$0.10B,-17.93%,$5,$1,$4,$0,$9,$10,$-5,$-0,$-6,$-2,$-3,$-3,$-3,$-4,$-5,$20,20,$-1.84,$-1.84,$54,$0,$0,$56,$30,$11,$11,$0,$51,$107,$0,$0,$0,$0,$10,$0,$-1,$0,$98,$107,$87,$4,$-107,$-103,$-0,$0,$-0,$1,$0,$-15,$-7,$0,$162,$0,$-10,$-10,$-0,$145,$0,$0,$0,$-75,$-75,$-2,$0,$-77,$53,$1,$-2
8,2016-09-30,7.2,$6.69,1.08,$2.97,2.42,$-0.56,0.0,$6.32,1.14,$0.07B,$0.01B,5.34,$0.00B,$0.10B,0.0,$0.07B,$0.04B,52.86%,$0.07B,$-0.01B,-10.00%,$0.07B,$-0.01B,-10.00%,$0.07B,$-0.00B,-4.29%,$0.07B,$-0.01B,-11.43%,$0.07B,$0.09B,131.43%,$0.09B,$0.10B,105.75%,$0.09B,$0.09B,123.08%,$0.09B,$0.12B,82.70%,$-0.01B,$0.10B,-8.05%,$4,$1,$4,$0,$8,$9,$-4,$0,$-4,$-4,$-0,$-0,$100,$-3,$-4,$15,15,$6.64,$6.64,$62,$0,$0,$65,$29,$0,$11,$11,$50,$115,$12,$0,$0,$1,$13,$0,$2,$0,$101,$115,$90,$3,$-102,$-99,$-0,$0,$0,$-0,$0,$-9,$-4,$0,$0,$0,$-10,$-10,$162,$147,$0,$0,$0,$-75,$-75,$-2,$0,$-77,$61,$0,$-2
9,2016-06-30,7.74,$3.14,2.47,$2.82,2.74,$0.33,23.62,$-0.68,0.0,$0.04B,$0.01B,3.14,$0.00B,$0.08B,0.0,$0.07B,$0.04B,51.43%,$0.07B,$-0.00B,-5.71%,$0.07B,$-0.00B,-5.71%,$0.07B,0,0.00%,$0.07B,$-0.01B,-7.14%,$0.07B,$-0.02B,-24.29%,$-0.02B,$0.08B,-20.42%,$-0.02B,$0.07B,-24.46%,$-0.02B,$0.09B,-14.78%,$-0.00B,$0.08B,-4.80%,$4,$1,$3,$0,$6,$7,$-3,$-0,$-3,$0,$-3,$-3,$-2,$-2,$-3,$25,25,$-0.10,$-0.10,$6,$0,$0,$38,$32,$1,$11,$0,$52,$90,$12,$0,$0,$0,$12,$0,$-98,$-0,$78,$90,$-10,$2,$6,$8,$-0,$0,$0,$0,$0,$-2,$7,$0,$0,$0,$0,$0,$-0,$7,$0,$0,$0,$1,$1,$-2,$0,$-1,$5,$0,$-2
10,2016-03-31,6.4,$3.24,1.97,$2.78,2.3,$0.05,141.59,$-0.63,0.0,$0.06B,$0.03B,1.78,$0.00B,$0.08B,0.0,$0.07B,$0.04B,52.17%,$0.07B,$-0.00B,-4.35%,$0.07B,$-0.00B,-4.35%,$0.07B,$0.00B,1.45%,$0.07B,$-0.00B,-5.80%,$0.07B,$-0.02B,-23.19%,$-0.02B,$0.08B,-18.29%,$-0.02B,$0.06B,-22.15%,$-0.02B,$0.11B,-12.72%,$-0.00B,$0.08B,-3.43%,$4,$1,$3,$0,$7,$8,$-4,$-0,$-4,$0,$-4,$-4,$-8,$-3,$-4,$25,25,$-0.31,$-0.31,$11,$17,$14,$55,$26,$0,$16,$14,$55,$111,$31,$0,$0,$0,$31,$0,$-96,$-0,$80,$111,$-8,$1,$11,$12,$0,$0,$-2,$1,$-1,$3,$-2,$0,$0,$0,$0,$0,$-0,$-2,$0,$0,$0,$0,$0,$-2,$0,$-2,$-1,$0,$-2
11,2015-12-31,6.24,$3.62,1.72,$4.17,1.5,$0.09,66.74,$-0.48,0.0,$0.07B,$0.04B,1.79,$0.00B,$0.09B,0.0,$0.10B,$0.05B,48.54%,$0.10B,$-0.00B,-1.94%,$0.10B,$-0.00B,-1.94%,$0.10B,$0.00B,1.94%,$0.10B,$-0.00B,-2.91%,$0.10B,$-0.01B,-11.65%,$-0.01B,$0.09B,-13.11%,$-0.01B,$0.08B,-15.74%,$-0.01B,$0.13B,-9.20%,$-0.00B,$0.09B,-2.19%,$58,$30,$27,$0,$24,$54,$4,$-1,$3,$1,$2,$2,$2,$5,$4,$25,25,$0.09,$0.09,$1,$0,$0,$71,$30,$2,$11,$0,$57,$129,$40,$0,$0,$0,$40,$0,$-88,$-0,$89,$129,$-12,$3,$15,$18,$-0,$0,$0,$1,$1,$8,$-6,$0,$0,$0,$0,$0,$-3,$-9,$0,$0,$0,$0,$0,$-0,$0,$-0,$-3,$0,$-0
12,2015-09-30,6.15,$3.52,1.75,$-2.34,0.0,$0.27,23.14,$-0.67,0.0,$0.08B,$0.04B,1.7,$0.00B,$0.09B,0.0,$-0.06B,$-0.02B,33.93%,$-0.06B,$-0.01B,16.07%,$-0.06B,$-0.01B,16.07%,$-0.06B,$-0.01B,10.71%,$-0.06B,$-0.01B,17.86%,$-0.06B,$-0.02B,28.57%,$-0.02B,$0.09B,-16.98%,$-0.02B,$0.07B,-20.65%,$-0.02B,$0.13B,-12.03%,$-0.01B,$0.09B,-9.55%,$4,$1,$3,$0,$4,$4,$-1,$-0,$-1,$0,$-1,$-1,$-9,$0,$-1,$25,25,$-0.36,$-0.36,$20,$16,$16,$75,$26,$0,$16,$13,$56,$130,$44,$0,$0,$0,$44,$0,$-90,$-0,$86,$130,$-14,$2,$14,$17,$-0,$0,$1,$1,$2,$5,$-5,$0,$0,$0,$0,$0,$-2,$-7,$0,$0,$0,$0,$0,$-0,$0,$-0,$-3,$0,$-0
13,2015-06-30,6.54,$3.86,1.7,$-0.79,0.0,$-0.19,0.0,$-0.43,0.0,$0.07B,$0.04B,1.86,$0.00B,$0.10B,0.0,$-0.02B,$-0.00B,21.05%,$-0.02B,$-0.01B,52.63%,$-0.02B,$-0.01B,52.63%,$-0.02B,$-0.01B,36.84%,$-0.02B,$-0.01B,57.89%,$-0.02B,$-0.01B,52.63%,$-0.01B,$0.10B,-10.20%,$-0.01B,$0.08B,-12.31%,$-0.01B,$0.13B,-7.49%,$-0.01B,$0.10B,-10.20%,$3,$1,$3,$0,$4,$5,$-2,$-0,$-2,$0,$-2,$-2,$-1,$-1,$-2,$25,25,$-0.05,$-0.05,$18,$17,$20,$71,$25,$0,$16,$21,$62,$133,$38,$0,$0,$0,$38,$0,$-81,$-0,$95,$133,$-5,$2,$4,$5,$-0,$0,$2,$0,$2,$2,$-3,$0,$0,$0,$0,$0,$-1,$-4,$0,$0,$0,$0,$0,$-0,$0,$-0,$-3,$0,$-0
14,2015-03-31,7.29,$3.90,1.87,$0.43,17.02,$-0.37,0.0,$-0.48,0.0,$0.07B,$0.03B,1.98,$0.00B,$0.10B,0.0,$0.01B,$0.01B,80.00%,$0.01B,$-0.01B,-110.00%,$0.01B,$-0.01B,-110.00%,$0.01B,$-0.01B,-80.00%,$0.01B,$-0.01B,-110.00%,$0.01B,$-0.01B,-110.00%,$-0.01B,$0.10B,-11.00%,$-0.01B,$0.08B,-13.13%,$-0.01B,$0.13B,-8.24%,$-0.01B,$0.10B,-11.00%,$38,$20,$17,$0,$20,$41,$-3,$-0,$-3,$0,$-3,$-3,$-4,$-2,$-3,$24,24,$-0.16,$-0.16,$17,$20,$14,$67,$24,$0,$16,$22,$62,$130,$34,$0,$0,$0,$34,$0,$-80,$-0,$96,$130,$-4,$1,$1,$2,$15,$-0,$-5,$-3,$6,$5,$-2,$0,$-0,$0,$0,$0,$0,$-3,$0,$0,$0,$0,$0,$-0,$0,$-0,$1,$0,$-0
15,2014-12-31,7.13,$4.07,1.75,$0.46,15.57,$-0.61,0.0,$-0.41,0.0,$0.08B,$0.04B,2.02,$0.00B,$0.10B,0.0,$0.01B,$0.01B,80.00%,$0.01B,$-0.01B,-100.00%,$0.01B,$-0.01B,-100.00%,$0.01B,$-0.01B,-70.00%,$0.01B,$-0.01B,-100.00%,$0.01B,$-0.01B,-90.00%,$-0.01B,$0.10B,-8.82%,$-0.01B,$0.08B,-10.43%,$-0.01B,$0.14B,-6.75%,$-0.01B,$0.10B,-9.80%,$-101,$-59,$-42,$0,$-38,$-97,$-3,$-0,$-4,$0,$-3,$-3,$-2,$-3,$-3,$24,24,$-0.10,$-0.10,$16,$20,$12,$79,$23,$0,$16,$20,$60,$139,$39,$0,$0,$0,$39,$0,$-76,$-0,$100,$139,$-10,$3,$17,$20,$-0,$0,$-2,$2,$-0,$10,$-4,$0,$0,$3,$0,$3,$-7,$-8,$0,$0,$0,$2,$2,$-0,$0,$2,$2,$0,$-0
16,2014-09-30,7.34,$4.15,1.77,$6.75,1.09,$-1.95,0.0,$-0.62,0.0,$0.08B,$0.03B,2.76,$0.00B,$0.10B,0.0,$0.16B,$0.07B,44.44%,$0.16B,$-0.02B,-11.73%,$0.16B,$-0.02B,-11.73%,$0.16B,$-0.02B,-9.26%,$0.16B,$-0.01B,-5.56%,$0.16B,$-0.01B,-8.64%,$-0.01B,$0.10B,-13.56%,$-0.01B,$0.09B,-15.91%,$-0.01B,$0.13B,-10.45%,$-0.02B,$0.10B,-18.40%,$41,$23,$18,$0,$20,$43,$-2,$-0,$-2,$0,$-3,$-3,$-3,$-1,$-2,$24,24,$-0.12,$-0.12,$23,$21,$13,$84,$23,$0,$17,$8,$48,$132,$30,$0,$0,$0,$30,$0,$-74,$-0,$101,$132,$-7,$3,$-0,$3,$7,$-1,$-2,$-6,$-3,$-7,$-4,$0,$-1,$3,$0,$3,$0,$-3,$0,$0,$0,$2,$2,$-0,$0,$2,$-9,$1,$-0
17,2014-06-30,7.68,$4.24,1.81,$6.65,1.16,$-2.19,0.0,$-0.49,0.0,$0.09B,$0.03B,2.97,$0.00B,$0.10B,0.0,$0.16B,$0.07B,43.95%,$0.16B,$-0.02B,-12.74%,$0.16B,$-0.02B,-12.74%,$0.16B,$-0.02B,-10.19%,$0.16B,$-0.01B,-5.10%,$0.16B,$-0.01B,-7.01%,$-0.01B,$0.10B,-10.00%,$-0.01B,$0.09B,-11.55%,$-0.01B,$0.13B,-7.41%,$-0.02B,$0.10B,-18.18%,$32,$17,$15,$0,$18,$36,$-3,$1,$-2,$0,$-2,$-2,$-2,$-2,$-3,$24,24,$-0.10,$-0.10,$31,$18,$13,$88,$23,$0,$15,$7,$44,$133,$30,$0,$0,$0,$30,$0,$-71,$-0,$103,$133,$-4,$2,$-2,$1,$8,$2,$-2,$-5,$1,$-3,$-2,$0,$0,$3,$0,$3,$0,$0,$0,$0,$0,$1,$1,$-0,$0,$1,$-1,$1,$-0
18,2014-03-31,7.25,$4.33,1.67,$6.70,1.08,$-2.14,0.0,$-0.04,0.0,$0.08B,$0.03B,3.36,$0.00B,$0.10B,0.0,$0.16B,$0.07B,42.68%,$0.16B,$-0.02B,-13.38%,$0.16B,$-0.02B,-13.38%,$0.16B,$-0.02B,-10.83%,$0.16B,$0.01B,3.82%,$0.16B,$-0.00B,-0.64%,$-0.00B,$0.10B,-0.86%,$-0.00B,$0.09B,-0.99%,$-0.00B,$0.13B,-0.62%,$-0.02B,$0.10B,-18.10%,$38,$21,$17,$0,$19,$40,$-2,$0,$-2,$0,$-2,$-2,$-2,$-1,$-2,$24,24,$-0.09,$-0.09,$30,$20,$9,$84,$23,$0,$15,$8,$45,$129,$25,$0,$0,$0,$25,$0,$-69,$0,$104,$129,$-2,$1,$0,$1,$8,$0,$-3,$-4,$-1,$-2,$-1,$0,$0,$0,$0,$0,$0,$-1,$0,$0,$0,$0,$0,$0,$0,$0,$-3,$1,$0
19,2013-12-31,6.62,$4.39,1.51,$6.75,0.98,$-1.75,0.0,$0.04,165.5,$0.09B,$0.04B,2.48,$0.00B,$0.11B,0.0,$0.16B,$0.07B,42.31%,$0.16B,$-0.02B,-14.10%,$0.16B,$-0.02B,-14.10%,$0.16B,$-0.02B,-11.54%,$0.16B,$0.01B,3.21%,$0.16B,$0.00B,0.64%,$0.00B,$0.11B,0.84%,$0.00B,$0.09B,0.95%,$0.00B,$0.14B,0.58%,$-0.02B,$0.11B,-18.37%,$51,$29,$22,$0,$23,$63,$-12,$9,$-3,$-1,$-2,$-2,$-7,$-11,$-12,$24,24,$-0.31,$-0.31,$32,$20,$9,$90,$23,$0,$15,$14,$52,$142,$36,$0,$0,$0,$36,$0,$-66,$-0,$105,$142,$-22,$4,$1,$5,$-2,$1,$-4,$-2,$-6,$-23,$-3,$0,$41,$25,$0,$25,$2,$65,$0,$0,$0,$1,$1,$0,$-20,$-19,$22,$1,$0
20,2013-09-30,5.01,$5.61,0.89,$6.61,0.76,$-0.07,0.0,$0.42,11.93,$0.12B,$0.06B,2.0,$0.00B,$0.13B,0.0,$0.15B,$0.06B,41.72%,$0.15B,$-0.01B,-6.62%,$0.15B,$-0.01B,-6.62%,$0.15B,$-0.01B,-5.96%,$0.15B,$0.01B,4.64%,$0.15B,$0.01B,6.62%,$0.01B,$0.13B,8.11%,$0.01B,$0.11B,8.95%,$0.01B,$0.19B,5.34%,$-0.01B,$0.13B,-8.11%,$36,$21,$15,$0,$17,$39,$-3,$2,$-1,$0,$-1,$-1,$0,$-2,$-3,$23,23,$0.01,$0.01,$11,$34,$20,$124,$24,$0,$14,$14,$66,$190,$62,$0,$0,$0,$62,$0,$-36,$0,$128,$190,$8,$3,$-29,$-26,$7,$-4,$2,$-4,$5,$-13,$-3,$0,$-0,$18,$0,$18,$0,$15,$0,$0,$0,$0,$0,$0,$-1,$-1,$1,$0,$0
21,2013-06-30,4.46,$5.60,0.8,$6.92,0.64,$1.35,3.3,$-0.08,0.0,$0.12B,$0.06B,2.12,$0.00B,$0.13B,0.0,$0.16B,$0.07B,45.57%,$0.16B,$-0.01B,-4.43%,$0.16B,$-0.01B,-4.43%,$0.16B,$-0.01B,-3.16%,$0.16B,$-0.01B,-5.06%,$0.16B,$-0.00B,-0.63%,$-0.00B,$0.13B,-0.83%,$-0.00B,$0.11B,-0.92%,$-0.00B,$0.18B,-0.53%,$-0.01B,$0.13B,-5.81%,$32,$19,$13,$0,$17,$36,$-4,$17,$12,$4,$8,$8,$8,$-3,$-4,$23,23,$0.35,$0.35,$17,$32,$19,$120,$24,$0,$15,$14,$64,$184,$57,$0,$0,$0,$57,$0,$-36,$0,$127,$184,$8,$2,$-17,$-15,$10,$-1,$-1,$-5,$6,$-2,$-2,$0,$-0,$16,$0,$16,$0,$14,$0,$0,$0,$0,$0,$0,$-4,$-4,$8,$0,$0
22,2013-03-31,4.2,$5.25,0.8,$7.52,0.56,$2.19,1.92,$-0.52,0.0,$0.11B,$0.06B,1.86,$0.00B,$0.12B,0.0,$0.17B,$0.09B,50.88%,$0.17B,$-0.01B,-2.92%,$0.17B,$-0.01B,-2.92%,$0.17B,$-0.00B,-1.17%,$0.17B,$-0.02B,-13.45%,$0.17B,$-0.01B,-6.43%,$-0.01B,$0.12B,-9.11%,$-0.01B,$0.10B,-10.21%,$-0.01B,$0.18B,-5.87%,$-0.01B,$0.12B,-4.14%,$37,$21,$16,$0,$18,$40,$-3,$-0,$-3,$-1,$-2,$-2,$-0,$-2,$-3,$23,23,$-0.01,$-0.01,$7,$29,$18,$109,$24,$0,$15,$14,$69,$178,$58,$0,$0,$0,$58,$0,$-44,$0,$119,$178,$-0,$1,$1,$2,$3,$2,$-2,$-0,$5,$6,$-1,$0,$-0,$0,$0,$0,$-0,$-1,$0,$0,$0,$0,$0,$0,$-8,$-8,$-3,$0,$0
23,2012-12-31,3.16,$5.23,0.6,$7.99,0.4,$1.88,1.68,$-0.56,0.0,$0.13B,$0.08B,1.66,$0.00B,$0.12B,0.0,$0.18B,$0.10B,54.14%,$0.18B,$-0.00B,-1.66%,$0.18B,$-0.00B,-1.66%,$0.18B,$0.00B,0.55%,$0.18B,$-0.02B,-12.15%,$0.18B,$-0.01B,-6.63%,$-0.01B,$0.12B,-9.72%,$-0.01B,$0.12B,-10.88%,$-0.01B,$0.20B,-6.19%,$-0.00B,$0.12B,-2.43%,$46,$26,$19,$0,$20,$46,$-0,$-1,$-1,$-1,$-1,$-1,$2,$-2,$-0,$23,23,$0.07,$0.07,$10,$21,$8,$130,$24,$0,$3,$11,$67,$197,$78,$0,$0,$0,$78,$0,$-44,$0,$119,$197,$-13,$4,$24,$28,$-4,$2,$1,$-8,$1,$16,$-4,$0,$-0,$0,$0,$0,$-14,$-18,$0,$0,$0,$0,$0,$-1,$-2,$-3,$-5,$1,$-1
24,2012-09-30,3.49,$5.15,0.68,$7.92,0.44,$1.36,2.57,$-1.44,0.0,$0.12B,$0.08B,1.57,$0.00B,$0.12B,0.0,$0.18B,$0.08B,42.78%,$0.18B,$-0.02B,-13.33%,$0.18B,$-0.02B,-13.33%,$0.18B,$-0.02B,-9.44%,$0.18B,$-0.05B,-26.11%,$0.18B,$-0.03B,-18.33%,$-0.03B,$0.12B,-26.09%,$-0.03B,$0.10B,-29.14%,$-0.03B,$0.19B,-17.81%,$-0.02B,$0.12B,-18.97%,$43,$19,$24,$0,$24,$43,$-0,$-16,$-16,$-5,$-11,$-11,$-11,$2,$-0,$23,23,$-0.49,$-0.49,$19,$37,$20,$121,$24,$0,$17,$15,$73,$194,$77,$0,$0,$0,$77,$0,$-45,$0,$117,$194,$-14,$6,$11,$17,$22,$-10,$8,$-4,$16,$19,$-3,$0,$-14,$0,$0,$0,$0,$-17,$2,$0,$2,$0,$0,$-1,$0,$2,$5,$1,$-1
25,2012-06-30,3.9,$5.65,0.69,$9.19,0.42,$0.51,7.68,$-1.00,0.0,$0.10B,$0.05B,1.85,$0.00B,$0.13B,0.0,$0.21B,$0.09B,40.48%,$0.21B,$-0.03B,-12.38%,$0.21B,$-0.03B,-12.38%,$0.21B,$-0.02B,-9.05%,$0.21B,$-0.03B,-15.71%,$0.21B,$-0.02B,-10.95%,$-0.02B,$0.13B,-16.14%,$-0.02B,$0.11B,-18.85%,$-0.02B,$0.18B,-11.79%,$-0.03B,$0.13B,-18.25%,$45,$17,$28,$0,$30,$47,$-2,$-1,$-3,$-1,$-2,$-2,$-2,$0,$-2,$23,23,$-0.09,$-0.09,$11,$31,$19,$98,$24,$13,$18,$15,$84,$181,$53,$0,$0,$0,$53,$0,$-34,$0,$128,$181,$-3,$4,$1,$5,$31,$-4,$-3,$-10,$16,$17,$-2,$0,$-13,$0,$0,$0,$0,$-16,$-5,$0,$-5,$0,$0,$0,$0,$-5,$-3,$1,$0
26,2012-03-31,3.98,$5.74,0.69,$9.36,0.43,$-0.00,0.0,$-1.09,0.0,$0.12B,$0.07B,1.66,$0.00B,$0.13B,0.0,$0.22B,$0.08B,37.04%,$0.22B,$-0.03B,-14.35%,$0.22B,$-0.03B,-14.35%,$0.22B,$-0.03B,-11.57%,$0.22B,$-0.04B,-17.13%,$0.22B,$-0.03B,-11.57%,$-0.03B,$0.13B,-15.97%,$-0.03B,$0.11B,-19.46%,$-0.03B,$0.20B,-11.96%,$-0.03B,$0.13B,-19.81%,$47,$20,$27,$0,$27,$49,$-1,$-1,$-2,$-1,$-1,$-1,$-1,$1,$-1,$23,23,$-0.05,$-0.05,$14,$29,$16,$121,$24,$14,$17,$15,$82,$203,$73,$0,$0,$0,$73,$0,$-32,$0,$130,$203,$-1,$2,$0,$2,$7,$-2,$-4,$-4,$-2,$-1,$-1,$0,$-13,$0,$0,$0,$0,$-14,$14,$0,$14,$0,$0,$0,$0,$14,$-1,$0,$0
27,2011-12-31,3.24,$5.78,0.56,$9.63,0.34,$0.15,20.94,$-1.08,0.0,$0.09B,$0.03B,2.94,$0.00B,$0.13B,0.0,$0.22B,$0.08B,35.27%,$0.22B,$-0.03B,-14.29%,$0.22B,$-0.03B,-14.29%,$0.22B,$-0.03B,-11.61%,$0.22B,$-0.04B,-16.52%,$0.22B,$-0.03B,-11.16%,$-0.03B,$0.13B,-15.04%,$-0.03B,$0.13B,-18.45%,$-0.03B,$0.16B,-12.09%,$-0.03B,$0.13B,-19.25%,$45,$46,$-2,$0,$-3,$66,$-21,$-5,$-26,$-8,$-18,$-18,$-19,$-20,$-21,$23,23,$-0.81,$-0.81,$15,$29,$7,$94,$24,$14,$3,$15,$69,$163,$32,$0,$0,$0,$32,$0,$-31,$0,$131,$163,$-25,$5,$19,$24,$3,$1,$5,$-0,$7,$5,$-4,$0,$3,$0,$0,$0,$-10,$-11,$0,$0,$0,$-3,$-3,$0,$-5,$-9,$-14,$2,$0
28,2011-09-30,3.39,$7.94,0.43,$11.25,0.3,$-0.47,0.0,$-0.09,0.0,$0.13B,$0.05B,2.44,$0.00B,$0.18B,0.0,$0.26B,$0.12B,46.95%,$0.26B,$-0.00B,-1.53%,$0.26B,$-0.00B,-1.53%,$0.26B,$0.00B,1.15%,$0.26B,$-0.00B,-1.53%,$0.26B,$-0.00B,-0.76%,$-0.00B,$0.18B,-1.14%,$-0.00B,$0.14B,-1.44%,$-0.00B,$0.23B,-0.92%,$-0.00B,$0.18B,-2.28%,$73,$41,$32,$0,$33,$75,$-2,$-0,$-2,$-0,$-1,$-1,$-1,$-0,$-2,$23,23,$-0.05,$-0.05,$28,$40,$0,$126,$29,$0,$46,$16,$107,$233,$52,$0,$0,$0,$52,$0,$-12,$0,$181,$233,$-7,$4,$-3,$2,$17,$-2,$-3,$-5,$6,$0,$-3,$0,$3,$0,$0,$0,$3,$3,$-2,$0,$-2,$-3,$-3,$0,$0,$-5,$-1,$1,$0
29,2011-06-30,4.97,$7.88,0.63,$11.19,0.44,$-0.54,0.0,0,0.0,$0.13B,$0.05B,2.47,$0.00B,$0.18B,0.0,$0.26B,$0.12B,47.51%,$0.26B,$-0.00B,-0.38%,$0.26B,$-0.00B,-0.38%,$0.26B,$0.01B,2.30%,$0.26B,$0.00B,0.00%,$0.26B,0,0.00%,$0.00B,$0.18B,0.00%,$0.00B,$0.14B,0.00%,$0.00B,$0.24B,0.00%,$-0.00B,$0.18B,-0.58%,$51,$28,$23,$0,$28,$58,$-7,$0,$-7,$-2,$-5,$-5,$-4,$-6,$-7,$23,23,$-0.18,$-0.18,$39,$36,$0,$131,$29,$0,$46,$16,$106,$237,$53,$0,$0,$0,$53,$0,$-11,$0,$184,$237,$-6,$3,$-2,$0,$23,$2,$-6,$-5,$11,$6,$-2,$0,$3,$0,$0,$0,$3,$4,$-1,$0,$-1,$0,$0,$0,$0,$-1,$9,$1,$0
30,2011-03-31,6.6,$7.23,0.91,$11.44,0.58,$-0.81,0.0,$0.16,41.25,$0.12B,$0.03B,4.67,$0.00B,$0.17B,0.0,$0.27B,$0.13B,48.87%,$0.27B,$0.01B,1.88%,$0.27B,$0.01B,1.88%,$0.27B,$0.01B,4.89%,$0.27B,$0.01B,2.26%,$0.27B,$0.00B,1.13%,$0.00B,$0.17B,1.79%,$0.00B,$0.14B,2.12%,$0.00B,$0.19B,1.49%,$0.01B,$0.17B,2.98%,$55,$29,$26,$0,$27,$56,$-2,$0,$-2,$-1,$-1,$-1,$-1,$-0,$-2,$23,23,$-0.04,$-0.04,$31,$30,$0,$118,$28,$0,$27,$16,$76,$194,$25,$0,$0,$0,$25,$0,$-7,$0,$169,$194,$-1,$1,$-1,$1,$15,$3,$-11,$-3,$3,$3,$-1,$0,$0,$0,$0,$0,$0,$-1,$0,$0,$0,$0,$0,$0,$0,$0,$2,$0,$0
31,2010-12-31,7.7,$7.24,1.06,$11.78,0.65,$-0.93,0.0,$0.19,40.53,$0.13B,$0.04B,3.46,$0.00B,$0.17B,0.0,$0.27B,$0.14B,49.82%,$0.27B,$0.01B,2.20%,$0.27B,$0.01B,2.20%,$0.27B,$0.01B,5.13%,$0.27B,$0.01B,2.93%,$0.27B,$0.00B,1.47%,$0.00B,$0.17B,2.40%,$0.00B,$0.14B,2.84%,$0.00B,$0.21B,1.97%,$0.01B,$0.17B,3.60%,$83,$42,$42,$0,$35,$77,$7,$0,$7,$2,$5,$5,$4,$9,$7,$23,23,$0.17,$0.17,$29,$33,$0,$134,$28,$0,$27,$16,$74,$207,$39,$0,$0,$0,$39,$0,$-6,$0,$169,$207,$5,$8,$2,$10,$-4,$-6,$-4,$-6,$-20,$-5,$-9,$0,$0,$0,$0,$0,$0,$-9,$0,$0,$0,$1,$1,$-7,$0,$-6,$-20,$2,$-7
32,2010-09-30,6.56,$7.21,0.91,$11.96,0.55,$0.53,12.33,$0.18,36.46,$0.13B,$0.04B,3.34,$0.00B,$0.17B,0.0,$0.28B,$0.14B,50.36%,$0.28B,$0.01B,2.16%,$0.28B,$0.01B,2.16%,$0.28B,$0.01B,5.04%,$0.28B,$0.01B,2.16%,$0.28B,$0.00B,1.44%,$0.00B,$0.17B,2.40%,$0.00B,$0.14B,2.84%,$0.00B,$0.21B,1.96%,$0.01B,$0.17B,3.60%,$72,$39,$33,$0,$32,$71,$1,$1,$2,$1,$1,$1,$1,$3,$1,$23,23,$0.04,$0.04,$41,$31,$7,$127,$28,$0,$27,$16,$79,$206,$38,$0,$0,$0,$38,$0,$-10,$0,$168,$206,$1,$6,$0,$6,$9,$-3,$-4,$-3,$-4,$2,$-7,$0,$0,$0,$0,$0,$0,$-7,$0,$0,$0,$1,$1,$-3,$0,$-3,$-7,$1,$-3
33,2010-06-30,5.95,$7.09,0.84,$12.08,0.49,$1.40,4.25,$0.16,37.21,$0.12B,$0.03B,3.73,$0.00B,$0.17B,0.0,$0.28B,$0.14B,51.07%,$0.28B,$0.01B,2.14%,$0.28B,$0.01B,2.14%,$0.28B,$0.01B,5.00%,$0.28B,$0.01B,1.79%,$0.28B,$0.00B,1.07%,$0.00B,$0.17B,1.82%,$0.00B,$0.14B,2.14%,$0.00B,$0.20B,1.48%,$0.01B,$0.17B,3.63%,$56,$28,$29,$0,$30,$58,$-1,$0,$-1,$-1,$-0,$-0,$-1,$1,$-1,$23,23,$-0.02,$-0.02,$43,$25,$5,$120,$28,$0,$25,$15,$77,$197,$32,$0,$0,$0,$32,$0,$-11,$0,$165,$197,$-1,$4,$-0,$3,$11,$2,$-9,$-1,$-1,$2,$-4,$0,$0,$0,$0,$0,$0,$-4,$0,$0,$0,$1,$1,$-3,$0,$-3,$-5,$1,$-3
34,2010-03-31,8.14,$7.10,1.15,$12.27,0.66,$2.11,3.87,$0.14,58.15,$0.13B,$0.04B,3.32,$0.00B,$0.17B,0.0,$0.28B,$0.15B,51.06%,$0.28B,$0.01B,1.76%,$0.28B,$0.01B,1.76%,$0.28B,$0.01B,4.58%,$0.28B,$0.00B,1.41%,$0.28B,$0.00B,1.06%,$0.00B,$0.17B,1.82%,$0.00B,$0.14B,2.15%,$0.00B,$0.20B,1.49%,$0.01B,$0.17B,3.04%,$62,$30,$32,$0,$33,$63,$-1,$0,$-0,$-0,$-0,$-0,$-0,$1,$-1,$23,23,$-0.01,$-0.01,$48,$24,$4,$126,$28,$0,$25,$15,$76,$203,$38,$0,$0,$0,$38,$0,$-10,$0,$165,$203,$-0,$2,$0,$2,$7,$3,$-11,$1,$0,$2,$-3,$0,$0,$0,$0,$0,$0,$-3,$0,$0,$0,$1,$1,$0,$0,$1,$-0,$0,$0
35,2009-12-31,7.41,$7.26,1.02,$11.92,0.62,$2.40,3.09,$0.02,370.74,$0.14B,$0.04B,3.14,$0.00B,$0.17B,0.0,$0.28B,$0.14B,51.80%,$0.28B,0,0.00%,$0.28B,0,0.00%,$0.28B,$0.01B,2.52%,$0.28B,$-0.00B,-0.72%,$0.28B,0,0.00%,$0.00B,$0.17B,0.00%,$0.00B,$0.14B,0.00%,$0.00B,$0.21B,0.00%,$0.00B,$0.17B,0.00%,$88,$42,$46,$0,$39,$81,$7,$-2,$5,$1,$4,$4,$4,$9,$7,$23,23,$0.16,$0.16,$48,$27,$0,$139,$28,$0,$25,$12,$73,$212,$44,$0,$0,$0,$44,$0,$-10,$0,$168,$212,$-0,$8,$2,$9,$-13,$14,$7,$-2,$19,$28,$-8,$0,$-2,$0,$0,$0,$0,$-9,$0,$0,$0,$-3,$-3,$-0,$0,$-3,$16,$2,$-0
36,2009-09-30,6.73,$7.08,0.95,$11.21,0.6,$-0.49,0.0,$-1.41,0.0,$0.12B,$0.04B,3.39,$0.00B,$0.16B,0.0,$0.26B,$0.14B,51.52%,$0.26B,$-0.05B,-20.45%,$0.26B,$-0.05B,-20.45%,$0.26B,$-0.05B,-18.18%,$0.26B,$-0.05B,-20.08%,$0.26B,$-0.03B,-12.88%,$-0.03B,$0.16B,-20.64%,$-0.03B,$0.14B,-24.20%,$-0.03B,$0.20B,-17.44%,$-0.05B,$0.16B,-32.78%,$74,$39,$36,$0,$35,$73,$1,$0,$1,$0,$1,$1,$0,$3,$1,$23,23,$0.02,$0.02,$44,$26,$5,$124,$28,$0,$25,$13,$76,$200,$37,$0,$0,$0,$37,$0,$-14,$0,$163,$200,$-5,$5,$-1,$4,$2,$15,$2,$-2,$21,$21,$-6,$0,$0,$0,$0,$0,$0,$-6,$0,$0,$0,$-3,$-3,$-0,$0,$-3,$12,$1,$-0
37,2009-06-30,5.27,$7.03,0.75,$10.51,0.5,$-2.65,0.0,$-1.85,0.0,$0.11B,$0.03B,4.22,$0.00B,$0.16B,0.0,$0.25B,$0.13B,53.60%,$0.25B,$-0.07B,-28.80%,$0.25B,$-0.07B,-28.80%,$0.25B,$-0.07B,-26.40%,$0.25B,$-0.07B,-28.40%,$0.25B,$-0.04B,-17.60%,$-0.04B,$0.16B,-25.88%,$-0.04B,$0.14B,-31.77%,$-0.04B,$0.19B,-21.78%,$-0.07B,$0.16B,-42.35%,$60,$29,$31,$0,$34,$63,$-2,$0,$-2,$-1,$-1,$-1,$-1,$-0,$-2,$23,23,$-0.04,$-0.04,$43,$28,$5,$113,$28,$0,$25,$12,$76,$189,$27,$0,$0,$0,$27,$0,$-15,$0,$162,$189,$-5,$4,$-2,$2,$12,$13,$-5,$0,$21,$17,$-3,$0,$0,$0,$0,$0,$0,$-3,$0,$0,$0,$-3,$-3,$-0,$0,$-3,$11,$1,$-0
38,2009-03-31,3.16,$6.89,0.46,$10.19,0.31,$-4.30,0.0,$-1.81,0.0,$0.11B,$0.02B,4.78,$0.00B,$0.17B,0.0,$0.25B,$0.14B,56.28%,$0.25B,$-0.10B,-39.27%,$0.25B,$-0.10B,-39.27%,$0.25B,$-0.09B,-36.84%,$0.25B,$-0.07B,-26.32%,$0.25B,$-0.04B,-16.19%,$-0.04B,$0.17B,-22.50%,$-0.04B,$0.14B,-28.47%,$-0.04B,$0.19B,-18.76%,$-0.10B,$0.17B,-54.57%,$56,$25,$31,$0,$37,$62,$-6,$0,$-6,$-2,$-4,$-4,$-3,$-5,$-6,$24,24,$-0.13,$-0.13,$38,$33,$5,$114,$28,$0,$24,$12,$75,$189,$24,$0,$0,$0,$24,$0,$-13,$0,$165,$189,$-4,$2,$-2,$-0,$11,$8,$-9,$-0,$12,$8,$-2,$0,$0,$0,$0,$0,$0,$-2,$0,$0,$0,$0,$0,$0,$0,$0,$6,$1,$0
39,2008-12-31,4.45,$7.04,0.63,$10.43,0.43,$-4.87,0.0,$-1.59,0.0,$0.13B,$0.03B,3.86,$0.00B,$0.17B,0.0,$0.26B,$0.15B,58.20%,$0.26B,$-0.09B,-34.38%,$0.26B,$-0.09B,-34.38%,$0.26B,$-0.08B,-31.64%,$0.26B,$-0.06B,-21.88%,$0.26B,$-0.04B,-13.67%,$-0.04B,$0.17B,-18.64%,$-0.04B,$0.15B,-24.35%,$-0.04B,$0.20B,-15.66%,$-0.09B,$0.17B,-46.87%,$74,$36,$38,$0,$43,$122,$-47,$2,$-46,$-4,$-42,$-42,$-30,$-46,$-47,$24,24,$-1.23,$-1.23,$32,$41,$5,$129,$27,$0,$24,$12,$73,$202,$33,$0,$0,$0,$33,$0,$-10,$0,$169,$202,$-48,$9,$45,$54,$-1,$-4,$-1,$-7,$-27,$-20,$-29,$0,$-14,$-1,$0,$-1,$0,$-44,$0,$-1,$-1,$31,$31,$0,$0,$30,$-34,$2,$0
40,2008-09-30,10.22,$7.64,1.34,$10.62,0.96,$-2.71,0.0,$-0.16,0.0,$0.13B,$0.03B,5.42,$0.00B,$0.18B,0.0,$0.26B,$0.16B,61.36%,$0.26B,$-0.03B,-12.88%,$0.26B,$-0.03B,-12.88%,$0.26B,$-0.03B,-9.47%,$0.26B,$-0.00B,-1.14%,$0.26B,$-0.00B,-0.38%,$-0.00B,$0.18B,-0.51%,$-0.00B,$0.13B,-0.68%,$-0.00B,$0.23B,-0.43%,$-0.03B,$0.18B,-17.39%,$60,$26,$34,$0,$37,$78,$-17,$0,$-17,$-7,$-10,$-10,$-10,$-15,$-17,$24,24,$-0.42,$-0.42,$50,$33,$7,$133,$26,$0,$52,$12,$94,$228,$25,$0,$0,$19,$44,$0,$20,$0,$184,$228,$-5,$7,$4,$11,$5,$-2,$-7,$-1,$-16,$-10,$-26,$0,$-10,$-1,$0,$-1,$0,$-38,$0,$0,$0,$32,$32,$0,$0,$32,$-16,$1,$0
41,2008-06-30,13.03,$8.05,1.62,$10.93,1.19,$-0.59,0.0,$0.38,34.28,$0.14B,$0.02B,6.33,$0.00B,$0.19B,0.0,$0.27B,$0.17B,63.50%,$0.27B,$-0.01B,-4.74%,$0.27B,$-0.01B,-4.74%,$0.27B,$-0.00B,-1.09%,$0.27B,$0.02B,6.93%,$0.27B,$0.01B,4.38%,$0.01B,$0.19B,6.07%,$0.01B,$0.15B,7.89%,$0.01B,$0.23B,5.15%,$-0.01B,$0.19B,-6.57%,$57,$21,$36,$0,$37,$85,$-27,$32,$4,$2,$3,$3,$3,$-25,$-27,$25,25,$0.10,$0.10,$63,$28,$7,$135,$26,$0,$49,$20,$99,$234,$21,$0,$0,$19,$40,$0,$30,$0,$193,$234,$5,$5,$-2,$3,$4,$2,$-8,$-1,$-11,$-3,$-23,$0,$-7,$-1,$0,$-1,$0,$-31,$0,$0,$0,$32,$32,$0,$0,$32,$-3,$1,$0
42,2008-03-31,16.7,$8.18,2.04,$10.76,1.55,$1.00,16.64,$0.37,45.14,$0.12B,$0.02B,5.16,$0.00B,$0.21B,0.0,$0.27B,$0.17B,63.94%,$0.27B,$0.01B,4.46%,$0.27B,$0.01B,4.46%,$0.27B,$0.02B,8.55%,$0.27B,$0.01B,5.20%,$0.27B,$0.01B,3.35%,$0.01B,$0.21B,4.58%,$0.01B,$0.15B,5.79%,$0.01B,$0.23B,3.96%,$0.01B,$0.21B,6.11%,$65,$24,$41,$0,$38,$63,$3,$0,$3,$1,$2,$2,$2,$5,$3,$25,25,$0.09,$0.09,$48,$30,$6,$121,$10,$0,$51,$37,$109,$230,$23,$0,$0,$1,$25,$0,$28,$0,$205,$230,$2,$2,$2,$4,$3,$1,$-9,$-0,$-8,$-1,$-7,$0,$-8,$-1,$0,$-1,$0,$-15,$0,$0,$0,$-1,$-1,$0,$0,$-1,$-18,$0,$0
43,2007-12-31,28.62,$8.03,3.56,$10.45,2.74,$1.60,17.92,$0.35,81.76,$0.14B,$0.03B,4.12,$0.00B,$0.20B,0.0,$0.26B,$0.17B,64.12%,$0.26B,$0.01B,4.20%,$0.26B,$0.01B,4.20%,$0.26B,$0.02B,8.40%,$0.26B,$0.01B,5.34%,$0.26B,$0.01B,3.44%,$0.01B,$0.20B,4.68%,$0.01B,$0.16B,5.74%,$0.01B,$0.24B,4.01%,$0.01B,$0.20B,5.72%,$82,$31,$51,$0,$45,$75,$7,$1,$7,$3,$4,$5,$4,$10,$7,$25,25,$0.16,$0.16,$66,$30,$5,$141,$10,$0,$44,$38,$100,$241,$34,$0,$0,$6,$40,$0,$25,$1,$200,$241,$9,$12,$0,$13,$-3,$-6,$0,$-2,$-8,$13,$-10,$0,$-17,$4,$0,$4,$0,$-23,$0,$0,$0,$-29,$-29,$0,$0,$-29,$-39,$1,$0
44,2007-09-30,23.17,$7.78,2.98,$10.16,2.28,$1.31,17.68,$0.34,68.15,$0.14B,$0.03B,4.84,$0.00B,$0.19B,0.0,$0.25B,$0.17B,65.22%,$0.25B,$0.01B,3.95%,$0.25B,$0.01B,3.95%,$0.25B,$0.02B,8.30%,$0.25B,$0.02B,5.93%,$0.25B,$0.01B,3.56%,$0.01B,$0.19B,4.57%,$0.01B,$0.15B,5.45%,$0.01B,$0.23B,3.97%,$0.01B,$0.19B,5.08%,$70,$24,$46,$0,$42,$66,$4,$1,$5,$2,$3,$3,$3,$7,$4,$25,25,$0.12,$0.12,$82,$27,$6,$138,$9,$0,$40,$36,$89,$227,$28,$0,$0,$6,$34,$0,$21,$1,$193,$227,$4,$9,$2,$10,$13,$-3,$-3,$-4,$6,$21,$-5,$0,$-11,$4,$0,$4,$0,$-12,$0,$0,$0,$-32,$-32,$0,$0,$-32,$-23,$1,$0
45,2007-06-30,17.58,$7.61,2.31,$9.27,1.9,$0.67,26.31,$0.28,62.78,$0.13B,$0.02B,7.25,$0.00B,$0.19B,0.0,$0.24B,$0.15B,64.68%,$0.24B,$0.01B,2.98%,$0.24B,$0.01B,2.98%,$0.24B,$0.02B,7.23%,$0.24B,$0.01B,5.53%,$0.24B,$0.01B,3.40%,$0.01B,$0.19B,3.98%,$0.01B,$0.16B,4.62%,$0.01B,$0.21B,3.47%,$0.01B,$0.19B,3.48%,$52,$19,$34,$0,$36,$54,$-2,$1,$-1,$-0,$-0,$-0,$-0,$1,$-2,$25,25,$-0.01,$-0.01,$89,$25,$5,$134,$7,$0,$29,$36,$77,$212,$19,$0,$0,$6,$24,$0,$18,$1,$188,$212,$1,$5,$2,$8,$17,$-1,$-8,$-0,$7,$16,$-3,$0,$-0,$4,$0,$4,$0,$1,$0,$0,$0,$-33,$-33,$0,$0,$-33,$-16,$1,$0
46,2007-03-31,15.18,$7.61,1.99,$9.01,1.68,$-0.01,0.0,$0.24,63.24,$0.14B,$0.02B,5.97,$0.00B,$0.19B,0.0,$0.23B,$0.15B,64.16%,$0.23B,$0.01B,2.65%,$0.23B,$0.01B,2.65%,$0.23B,$0.02B,6.64%,$0.23B,$0.01B,5.31%,$0.23B,$0.01B,3.10%,$0.01B,$0.19B,3.40%,$0.01B,$0.16B,3.89%,$0.01B,$0.22B,2.96%,$0.01B,$0.19B,2.92%,$58,$21,$37,$0,$36,$57,$2,$1,$3,$1,$2,$2,$2,$4,$2,$26,26,$0.07,$0.07,$83,$25,$6,$139,$8,$0,$29,$36,$78,$217,$23,$0,$0,$6,$29,$0,$19,$1,$188,$217,$2,$2,$2,$4,$8,$-1,$-5,$-1,$3,$8,$-1,$0,$0,$4,$0,$4,$0,$3,$0,$0,$0,$-33,$-33,$0,$0,$-33,$-22,$0,$0
47,2006-12-31,13.19,$8.05,1.64,$9.24,1.43,$-0.35,0.0,$0.21,62.81,$0.17B,$0.03B,6.25,$0.00B,$0.22B,0.0,$0.22B,$0.14B,64.09%,$0.22B,$0.01B,2.27%,$0.22B,$0.01B,2.27%,$0.22B,$0.01B,6.36%,$0.22B,$0.01B,5.00%,$0.22B,$0.01B,2.73%,$0.01B,$0.22B,3.22%,$0.01B,$0.19B,3.66%,$0.01B,$0.25B,2.72%,$0.01B,$0.22B,2.68%,$73,$25,$48,$0,$41,$66,$6,$1,$8,$3,$5,$4,$4,$9,$6,$24,25,$0.18,$0.18,$105,$24,$5,$167,$8,$0,$29,$37,$84,$251,$27,$0,$0,$6,$32,$0,$17,$1,$219,$251,$6,$8,$1,$9,$3,$-5,$-7,$-2,$-15,$-1,$-3,$0,$-7,$0,$0,$0,$0,$-10,$0,$0,$0,$99,$99,$0,$0,$99,$90,$1,$0
