,Date,Stock Price,Book Value per Share,Price to Book Ratio,TTM Sales per Share,Price to Sales Ratio,TTM FCF per Share,Price to FCF Ratio,TTM Net EPS,PE Ratio,Current Assets,Current Liabilities,Current Ratio,Long Term Debt,Shareholder's Equity_x,Debt to Equity Ratio,TTM Revenue_x,TTM Gross Profit,Gross Margin,TTM Revenue_y,TTM Operating Income,Operating Margin,TTM Revenue_x,TTM EBIT,EBIT Margin,TTM Revenue_y,TTM EBITDA,EBITDA Margin,TTM Revenue_x,TTM Pre-Tax Income,Pre-Tax Margin,TTM Revenue_y,TTM Net Income_x,Net Margin,TTM Net Income_y,Shareholder's Equity_y,Return on Equity,TTM Net Income_x,Tangible Equity,Return on Tangible Equity,TTM Net Income_y,Total Assets,Return on Assets,TTM Net Income,LT Investments & Debt,Return on Investment,revenue,cost-goods-sold,gross-profit,research-development-expenses,selling-general-administrative-expenses,operating-expenses,operating-income,total-non-operating-income-expense,pre-tax-income,total-provision-income-taxes,income-after-taxes,income-from-continuous-operations,net-income,ebitda,ebit,basic-shares-outstanding,shares-outstanding,eps-basic-net-earnings-per-share,eps-earnings-per-share-diluted,cash-on-hand,inventory,other-current-assets,total-current-assets,net-property-plant-equipment,long-term-investments,goodwill-intangible-assets-total,other-long-term-assets,total-long-term-assets,total-assets,total-current-liabilities,long-term-debt,other-non-current-liabilities,total-long-term-liabilities,total-liabilities,common-stock-net,retained-earnings-accumulated-deficit,comprehensive-income,total-share-holder-equity,total-liabilities-share-holders-equity,net-income-loss,total-depreciation-amortization-cash-flow,other-non-cash-items,total-non-cash-items,change-in-accounts-receivable,change-in-inventories,change-in-accounts-payable,change-in-assets-liabilities,total-change-in-assets-liabilities,cash-flow-from-operating-activities,net-change-in-property-plant-equipment,net-change-in-intangible-assets,net-acquisitions-divestitures,net-change-in-short-term-investments,net-change-in-long-term-investments,net-change-in-investments-total,investing-activities-other,cash-flow-from-investing-activities,net-long-term-debt,net-current-debt,debt-issuance-retirement-net-total,net-common-equity-issued-repurchased,net-total-equity-issued-repurchased,total-common-preferred-stock-dividends-paid,financial-activities-other,cash-flow-from-financial-activities,net-cash-flow,stock-based-compensation,common-stock-dividends-paid
0,2018-06-30,3.97,$14.24,0.28,$4.02,0.99,$-3.93,0.0,$-0.19,0.0,$0.08B,$0.09B,0.9,$0.42B,$0.57B,0.75,$0.16B,$0.08B,48.75%,$0.16B,$0.02B,14.38%,$0.16B,$0.02B,14.38%,$0.16B,$0.06B,40.00%,$0.16B,$-0.01B,-4.38%,$0.16B,$-0.01B,-4.38%,$-0.01B,$0.57B,-1.23%,$-0.01B,$0.57B,-1.23%,$-0.01B,$1.08B,-0.68%,$0.02B,$0.99B,2.44%,$43,$20,$24,$0,$3,$34,$9,$-10,$-0,$0,$-0,$-0,$-0,$20,$9,$40,40,$-0.01,$-0.01,$59,$3,$9,$77,$985,$0,$0,$14,$1000,$1077,$86,$423,$0,$423,$509,$0,$87,$2,$568,$1077,$-6,$21,$8,$29,$-2,$-1,$1,$-1,$-3,$20,$-99,$0,$0,$0,$0,$0,$0,$-99,$89,$0,$89,$0,$0,$0,$-2,$87,$8,$0,$0
1,2018-03-31,4.03,$0.00,0.0,$3.92,1.03,$-2.70,0.0,$-0.22,0.0,$0.07B,$0.09B,0.84,$0.41B,$0.57B,0.72,$0.16B,$0.07B,46.79%,$0.16B,$0.02B,12.82%,$0.16B,$0.02B,12.82%,$0.16B,$0.06B,37.82%,$0.16B,$-0.01B,-5.77%,$0.16B,$-0.01B,-5.77%,$-0.01B,$0.57B,-1.57%,$-0.01B,$0.57B,-1.57%,$-0.01B,$1.06B,-0.88%,$0.02B,$0.97B,2.17%,$40,$23,$17,$0,$2,$36,$3,$-9,$-6,$0,$-6,$-6,$-6,$14,$3,$40,40,$-0.14,$-0.14,$56,$4,$5,$72,$977,$0,$0,$11,$988,$1060,$85,$406,$0,$406,$492,$0,$87,$1,$568,$1060,$-6,$11,$4,$15,$-1,$-1,$3,$-3,$-3,$6,$-72,$0,$0,$0,$0,$0,$0,$-72,$70,$0,$70,$0,$0,$0,$-2,$68,$3,$0,$0
2,2017-12-31,4.36,$14.41,0.3,$3.88,1.12,$-1.13,0.0,$-0.03,0.0,$0.06B,$0.08B,0.8,$0.34B,$0.57B,0.6,$0.15B,$0.08B,48.70%,$0.15B,$0.02B,14.94%,$0.15B,$0.02B,14.94%,$0.15B,$0.06B,38.96%,$0.15B,$-0.00B,-0.65%,$0.15B,$-0.00B,-0.65%,$-0.00B,$0.57B,-0.17%,$-0.00B,$0.57B,-0.17%,$-0.00B,$1.00B,-0.10%,$0.02B,$0.92B,2.54%,$38,$20,$18,$0,$2,$33,$5,$-5,$1,$0,$1,$1,$1,$15,$5,$40,40,$0.02,$0.02,$55,$3,$0,$63,$924,$0,$0,$9,$933,$996,$79,$343,$1,$344,$423,$0,$93,$1,$573,$996,$-1,$39,$7,$46,$-0,$0,$1,$6,$8,$52,$-49,$0,$0,$0,$0,$0,$0,$-49,$-13,$0,$-13,$0,$0,$0,$-1,$-14,$-11,$0,$0
3,2017-09-30,3.31,$0.00,0.0,$3.85,0.86,$-1.68,0.0,$-0.16,0.0,$0.07B,$0.11B,0.6,$0.32B,$0.57B,0.56,$0.15B,$0.08B,49.67%,$0.15B,$0.02B,15.03%,$0.15B,$0.02B,15.03%,$0.15B,$0.06B,39.22%,$0.15B,$-0.01B,-3.92%,$0.15B,$-0.01B,-3.92%,$-0.01B,$0.57B,-1.05%,$-0.01B,$0.57B,-1.05%,$-0.01B,$1.00B,-0.60%,$0.02B,$0.89B,2.54%,$39,$19,$19,$0,$3,$33,$6,$-8,$-2,$0,$-2,$-2,$-2,$15,$6,$40,40,$-0.06,$-0.06,$51,$3,$6,$66,$928,$0,$0,$7,$936,$1002,$110,$318,$1,$320,$429,$0,$93,$0,$572,$1002,$-2,$30,$7,$36,$-0,$-0,$1,$-0,$0,$35,$-50,$0,$0,$0,$0,$0,$0,$-50,$0,$0,$0,$0,$0,$0,$-1,$-1,$-15,$0,$0
4,2017-06-30,3.25,$14.43,0.23,$3.75,0.87,$-1.90,0.0,$-0.16,0.0,$0.06B,$0.11B,0.6,$0.34B,$0.57B,0.59,$0.15B,$0.07B,48.65%,$0.15B,$0.02B,12.16%,$0.15B,$0.02B,12.16%,$0.15B,$0.06B,37.84%,$0.15B,$-0.01B,-4.73%,$0.15B,$-0.01B,-4.73%,$-0.01B,$0.57B,-1.22%,$-0.01B,$0.57B,-1.22%,$-0.01B,$1.02B,-0.69%,$0.02B,$0.91B,1.96%,$39,$20,$19,$0,$2,$34,$6,$-7,$-2,$0,$-2,$-2,$-2,$15,$6,$40,40,$-0.04,$-0.04,$47,$4,$6,$64,$946,$0,$0,$7,$954,$1018,$106,$336,$1,$338,$444,$0,$95,$-0,$574,$1018,$0,$20,$3,$23,$-3,$-1,$1,$4,$1,$24,$-55,$0,$0,$0,$0,$0,$0,$-54,$10,$0,$10,$0,$0,$0,$-1,$10,$-20,$0,$0
5,2017-03-31,3.99,$0.00,0.0,$3.66,1.09,$-1.80,0.0,$-0.16,0.0,$0.06B,$0.09B,0.69,$0.33B,$0.58B,0.56,$0.15B,$0.07B,46.90%,$0.15B,$0.01B,9.66%,$0.15B,$0.01B,9.66%,$0.15B,$0.05B,36.55%,$0.15B,$-0.01B,-4.83%,$0.15B,$-0.01B,-4.83%,$-0.01B,$0.58B,-1.21%,$-0.01B,$0.58B,-1.21%,$-0.01B,$1.00B,-0.69%,$0.01B,$0.90B,1.51%,$38,$19,$19,$0,$3,$32,$6,$-4,$2,$0,$2,$2,$2,$15,$6,$40,40,$0.05,$0.05,$55,$3,$0,$64,$926,$0,$0,$6,$933,$996,$92,$325,$3,$328,$420,$0,$97,$0,$576,$996,$2,$10,$0,$10,$-0,$-0,$1,$1,$1,$13,$-16,$0,$0,$0,$0,$0,$0,$-16,$-10,$0,$-10,$0,$0,$0,$-0,$-10,$-14,$0,$0
6,2016-12-31,3.38,$14.40,0.23,$3.62,0.93,$-1.98,0.0,$-0.19,0.0,$0.08B,$0.08B,0.94,$0.34B,$0.57B,0.6,$0.14B,$0.07B,46.15%,$0.14B,$0.01B,8.39%,$0.14B,$0.01B,8.39%,$0.14B,$0.05B,36.36%,$0.14B,$-0.01B,-5.59%,$0.14B,$-0.01B,-5.59%,$-0.01B,$0.57B,-1.38%,$-0.01B,$0.57B,-1.38%,$-0.01B,$1.00B,-0.78%,$0.01B,$0.92B,1.29%,$37,$19,$19,$0,$3,$32,$5,$-10,$-4,$0,$-4,$-4,$-4,$15,$5,$40,40,$-0.12,$-0.12,$68,$3,$0,$76,$919,$0,$0,$5,$925,$1002,$81,$343,$3,$347,$428,$0,$95,$0,$574,$1002,$-8,$40,$6,$45,$1,$0,$0,$-2,$-1,$36,$-55,$0,$0,$0,$0,$0,$1,$-54,$-24,$0,$-24,$-2,$-2,$0,$-1,$-27,$-45,$0,$0
7,2016-09-30,3.47,$0.00,0.0,$3.58,0.97,$-4.05,0.0,$-0.16,0.0,$0.08B,$0.07B,1.18,$0.37B,$0.58B,0.64,$0.14B,$0.07B,45.45%,$0.14B,$0.01B,8.39%,$0.14B,$0.01B,8.39%,$0.14B,$0.05B,36.36%,$0.14B,$-0.01B,-4.90%,$0.14B,$-0.01B,-4.90%,$-0.01B,$0.58B,-1.21%,$-0.01B,$0.58B,-1.21%,$-0.01B,$1.02B,-0.68%,$0.01B,$0.94B,1.28%,$34,$20,$15,$0,$3,$33,$1,$-4,$-3,$0,$-3,$-3,$-3,$11,$1,$40,40,$-0.06,$-0.06,$75,$3,$0,$83,$930,$0,$0,$5,$935,$1019,$71,$367,$4,$371,$442,$0,$99,$-1,$577,$1019,$-3,$30,$-0,$29,$1,$-0,$1,$-2,$-1,$25,$-49,$0,$0,$0,$0,$0,$0,$-49,$-12,$0,$-12,$-2,$-2,$0,$-1,$-15,$-39,$0,$0
8,2016-06-30,3.78,$0.00,0.0,$3.59,1.05,$-6.32,0.0,$-0.07,0.0,$0.09B,$0.09B,1.02,$0.36B,$0.58B,0.62,$0.15B,$0.07B,46.21%,$0.15B,$0.02B,10.34%,$0.15B,$0.02B,10.34%,$0.15B,$0.05B,37.24%,$0.15B,$-0.00B,-2.07%,$0.15B,$-0.00B,-2.07%,$-0.00B,$0.58B,-0.52%,$-0.00B,$0.58B,-0.52%,$-0.00B,$1.03B,-0.29%,$0.02B,$0.94B,1.61%,$36,$20,$15,$0,$3,$34,$2,$-4,$-2,$0,$-2,$-2,$-2,$12,$2,$40,40,$-0.04,$-0.04,$85,$3,$0,$94,$934,$0,$0,$5,$939,$1033,$92,$357,$5,$362,$454,$0,$102,$-2,$579,$1033,$-1,$20,$-0,$19,$1,$-0,$1,$-4,$-1,$17,$-43,$0,$0,$0,$0,$0,$0,$-43,$0,$0,$0,$-2,$-2,$0,$-1,$-3,$-28,$0,$0
9,2016-03-31,3.53,$0.00,0.0,$3.47,1.02,$-6.51,0.0,$-0.06,0.0,$0.11B,$0.10B,1.11,$0.35B,$0.58B,0.61,$0.14B,$0.07B,48.94%,$0.14B,$0.02B,12.77%,$0.14B,$0.02B,12.77%,$0.14B,$0.06B,39.01%,$0.14B,$-0.00B,-1.42%,$0.14B,$-0.00B,-1.42%,$-0.00B,$0.58B,-0.34%,$-0.00B,$0.58B,-0.34%,$-0.00B,$1.04B,-0.20%,$0.02B,$0.93B,1.97%,$36,$19,$17,$0,$3,$32,$4,$-3,$1,$0,$1,$1,$1,$14,$4,$40,40,$0.02,$0.02,$99,$3,$0,$108,$923,$0,$0,$5,$929,$1037,$98,$353,$4,$358,$456,$0,$103,$-2,$581,$1037,$1,$10,$-1,$9,$-0,$0,$2,$1,$3,$13,$-23,$0,$0,$0,$0,$0,$0,$-23,$-2,$0,$-2,$-2,$-2,$0,$0,$-4,$-15,$0,$0
10,2015-12-31,3.43,$14.39,0.24,$3.40,1.01,$-6.09,0.0,$0.06,57.17,$0.12B,$0.10B,1.19,$0.35B,$0.58B,0.6,$0.14B,$0.07B,51.06%,$0.14B,$0.02B,15.60%,$0.14B,$0.02B,15.60%,$0.14B,$0.06B,40.43%,$0.14B,$0.00B,2.13%,$0.14B,$0.00B,2.13%,$0.00B,$0.58B,0.51%,$0.00B,$0.58B,0.51%,$0.00B,$1.04B,0.30%,$0.02B,$0.93B,2.45%,$37,$19,$18,$0,$3,$32,$5,$-8,$-3,$0,$-3,$-3,$-3,$15,$5,$41,41,$-0.08,$-0.08,$114,$3,$1,$123,$909,$0,$0,$5,$915,$1038,$104,$347,$3,$351,$455,$0,$102,$-0,$583,$1038,$3,$36,$8,$44,$-2,$-0,$-0,$2,$2,$48,$-153,$0,$0,$0,$0,$0,$-12,$-165,$99,$0,$99,$-13,$-13,$0,$2,$88,$-29,$1,$0
11,2015-09-30,4.49,$0.00,0.0,$3.39,1.32,$-4.74,0.0,$0.11,40.82,$0.10B,$0.10B,1.01,$0.34B,$0.59B,0.58,$0.14B,$0.07B,53.24%,$0.14B,$0.03B,17.99%,$0.14B,$0.03B,17.99%,$0.14B,$0.06B,42.45%,$0.14B,$0.01B,3.60%,$0.14B,$0.01B,3.60%,$0.01B,$0.59B,0.85%,$0.01B,$0.59B,0.85%,$0.01B,$1.03B,0.52%,$0.03B,$0.93B,2.83%,$36,$19,$17,$0,$3,$32,$4,$-3,$1,$0,$1,$1,$1,$13,$4,$41,41,$0.03,$0.03,$91,$3,$0,$101,$921,$0,$0,$5,$929,$1030,$100,$339,$3,$342,$443,$0,$106,$-1,$587,$1030,$6,$26,$4,$30,$-3,$-0,$1,$-3,$-4,$32,$-150,$0,$0,$0,$0,$0,$-12,$-162,$88,$0,$88,$-12,$-12,$0,$2,$78,$-52,$1,$0
12,2015-06-30,6.75,$0.00,0.0,$3.27,2.07,$-3.67,0.0,$0.12,56.25,$0.10B,$0.08B,1.33,$0.28B,$0.59B,0.48,$0.13B,$0.07B,53.73%,$0.13B,$0.03B,18.66%,$0.13B,$0.03B,18.66%,$0.13B,$0.06B,44.03%,$0.13B,$0.01B,4.48%,$0.13B,$0.01B,4.48%,$0.01B,$0.59B,1.01%,$0.01B,$0.59B,1.01%,$0.01B,$0.95B,0.63%,$0.03B,$0.87B,2.84%,$32,$16,$17,$0,$2,$28,$5,$-6,$-1,$0,$-1,$-1,$-1,$13,$5,$42,42,$-0.03,$-0.03,$93,$3,$0,$101,$842,$0,$0,$2,$848,$949,$76,$281,$2,$284,$360,$0,$104,$-0,$589,$949,$5,$17,$4,$21,$-0,$-0,$1,$1,$2,$28,$-63,$0,$0,$0,$0,$0,$1,$-62,$2,$0,$2,$-9,$-9,$0,$2,$-5,$-39,$1,$0
13,2015-03-31,6.55,$0.00,0.0,$3.32,1.97,$-3.99,0.0,$0.27,24.26,$0.14B,$0.07B,1.93,$0.28B,$0.59B,0.47,$0.13B,$0.07B,54.48%,$0.13B,$0.03B,20.15%,$0.13B,$0.03B,20.15%,$0.13B,$0.06B,46.27%,$0.13B,$0.01B,8.96%,$0.13B,$0.01B,8.96%,$0.01B,$0.59B,2.05%,$0.01B,$0.59B,2.05%,$0.01B,$0.95B,1.25%,$0.03B,$0.87B,3.05%,$36,$16,$20,$0,$2,$28,$8,$-2,$6,$0,$6,$6,$6,$16,$8,$42,42,$0.14,$0.14,$132,$3,$2,$142,$798,$0,$0,$3,$804,$946,$74,$277,$2,$280,$354,$0,$106,$-1,$593,$946,$6,$8,$-0,$8,$-1,$0,$0,$-1,$-1,$13,$-7,$0,$0,$0,$0,$0,$-2,$-8,$-2,$0,$-2,$-6,$-6,$0,$2,$-7,$-2,$0,$0
14,2014-12-31,6.31,$13.81,0.46,$3.48,1.82,$-4.42,0.0,$0.36,17.53,$0.14B,$0.07B,2.08,$0.28B,$0.59B,0.48,$0.13B,$0.07B,55.30%,$0.13B,$0.03B,21.97%,$0.13B,$0.03B,21.97%,$0.13B,$0.06B,48.48%,$0.13B,$0.01B,10.61%,$0.13B,$0.01B,10.61%,$0.01B,$0.59B,2.47%,$0.01B,$0.59B,2.47%,$0.01B,$0.94B,1.48%,$0.03B,$0.87B,3.32%,$35,$15,$20,$0,$2,$27,$8,$-9,$-1,$0,$-1,$-1,$-1,$17,$8,$39,39,$-0.07,$-0.07,$132,$3,$0,$140,$800,$0,$0,$3,$805,$944,$67,$282,$2,$285,$352,$0,$100,$-0,$592,$944,$13,$34,$6,$40,$2,$-0,$1,$-1,$2,$55,$-102,$0,$0,$0,$0,$0,$11,$-91,$-27,$0,$-27,$108,$108,$0,$-1,$79,$43,$0,$0
15,2014-09-30,9.11,$0.00,0.0,$3.72,2.45,$-5.89,0.0,$0.56,16.27,$0.14B,$0.07B,1.99,$0.31B,$0.60B,0.52,$0.13B,$0.07B,55.04%,$0.13B,$0.03B,22.48%,$0.13B,$0.03B,22.48%,$0.13B,$0.06B,48.84%,$0.13B,$0.02B,16.28%,$0.13B,$0.02B,16.28%,$0.02B,$0.60B,3.91%,$0.02B,$0.60B,3.91%,$0.02B,$0.98B,2.28%,$0.03B,$0.91B,3.40%,$31,$16,$15,$0,$2,$27,$4,$-3,$2,$0,$2,$2,$2,$13,$4,$42,42,$0.04,$0.04,$129,$3,$0,$136,$840,$0,$0,$3,$846,$982,$69,$311,$2,$314,$383,$0,$101,$-0,$599,$982,$14,$25,$-1,$25,$1,$-0,$2,$-1,$3,$42,$-117,$0,$0,$0,$0,$0,$-1,$-118,$3,$0,$3,$112,$112,$0,$-1,$115,$38,$0,$0
16,2014-06-30,11.1,$0.00,0.0,$3.90,2.85,$-6.09,0.0,$0.65,17.08,$0.14B,$0.07B,2.15,$0.32B,$0.56B,0.57,$0.13B,$0.07B,56.25%,$0.13B,$0.03B,24.22%,$0.13B,$0.03B,24.22%,$0.13B,$0.06B,50.00%,$0.13B,$0.02B,17.97%,$0.13B,$0.02B,17.97%,$0.02B,$0.56B,4.57%,$0.02B,$0.56B,4.57%,$0.02B,$0.96B,2.59%,$0.03B,$0.89B,3.82%,$32,$14,$18,$0,$2,$25,$7,$-2,$5,$0,$5,$5,$5,$16,$7,$38,38,$0.12,$0.12,$137,$3,$0,$144,$806,$0,$0,$3,$812,$957,$67,$322,$4,$326,$394,$0,$100,$-0,$563,$957,$12,$17,$-1,$16,$1,$-1,$2,$-0,$3,$31,$-75,$0,$0,$0,$0,$0,$0,$-75,$14,$0,$14,$78,$78,$0,$-1,$91,$47,$0,$0
17,2014-03-31,11.37,$0.00,0.0,$4.14,2.75,$-5.75,0.0,$0.71,16.01,$0.13B,$0.07B,1.94,$0.32B,$0.51B,0.62,$0.13B,$0.07B,55.56%,$0.13B,$0.03B,24.60%,$0.13B,$0.03B,24.60%,$0.13B,$0.06B,49.21%,$0.13B,$0.02B,18.25%,$0.13B,$0.02B,18.25%,$0.02B,$0.51B,4.80%,$0.02B,$0.51B,4.80%,$0.02B,$0.90B,2.70%,$0.03B,$0.83B,3.99%,$34,$14,$20,$0,$2,$24,$10,$-2,$8,$0,$8,$8,$8,$18,$10,$34,34,$0.23,$0.23,$119,$2,$0,$126,$767,$0,$0,$3,$772,$898,$65,$317,$3,$321,$386,$0,$95,$-0,$512,$898,$8,$8,$-0,$8,$1,$0,$1,$-0,$2,$18,$-27,$0,$0,$0,$0,$0,$-1,$-28,$7,$0,$7,$32,$32,$0,$0,$38,$28,$0,$0
18,2013-12-31,10.19,$14.71,0.69,$4.56,2.23,$-4.94,0.0,$0.79,12.9,$0.10B,$0.06B,1.55,$0.31B,$0.47B,0.66,$0.12B,$0.07B,56.20%,$0.12B,$0.03B,23.97%,$0.12B,$0.03B,23.97%,$0.12B,$0.06B,49.59%,$0.12B,$0.02B,17.36%,$0.12B,$0.02B,17.36%,$0.02B,$0.47B,4.79%,$0.02B,$0.47B,4.79%,$0.02B,$0.85B,2.61%,$0.03B,$0.78B,3.97%,$32,$14,$18,$0,$2,$24,$8,$-2,$6,$0,$6,$6,$6,$16,$8,$28,28,$0.13,$0.13,$90,$2,$0,$98,$748,$0,$0,$2,$753,$851,$63,$312,$3,$315,$378,$0,$87,$-0,$473,$851,$21,$31,$-2,$29,$-2,$1,$1,$-1,$-1,$49,$-124,$0,$0,$0,$0,$0,$5,$-120,$8,$0,$8,$109,$109,$0,$-2,$115,$44,$0,$0
19,2013-09-30,9.14,$14.54,0.63,$4.92,1.86,$-2.09,0.0,$1.00,9.14,$0.11B,$0.10B,1.18,$0.28B,$0.47B,0.6,$0.12B,$0.07B,57.50%,$0.12B,$0.03B,25.83%,$0.12B,$0.03B,25.83%,$0.12B,$0.06B,50.83%,$0.12B,$0.02B,19.17%,$0.12B,$0.02B,19.17%,$0.02B,$0.47B,5.68%,$0.02B,$0.47B,5.68%,$0.02B,$0.85B,2.99%,$0.03B,$0.75B,4.44%,$30,$14,$16,$0,$2,$24,$6,$-2,$4,$0,$4,$4,$4,$14,$6,$32,32,$0.13,$0.13,$103,$3,$0,$112,$731,$0,$0,$2,$735,$847,$95,$282,$4,$285,$380,$0,$82,$-0,$467,$847,$16,$23,$-2,$21,$-1,$-0,$1,$-1,$-0,$36,$-100,$0,$0,$0,$0,$0,$-0,$-100,$9,$0,$9,$109,$109,$0,$-1,$118,$54,$0,$0
20,2013-06-30,11.0,$0.00,0.0,$5.47,2.01,$-0.45,0.0,$1.19,9.24,$0.13B,$0.07B,1.9,$0.28B,$0.46B,0.6,$0.12B,$0.07B,60.00%,$0.12B,$0.03B,28.33%,$0.12B,$0.03B,28.33%,$0.12B,$0.06B,53.33%,$0.12B,$0.03B,21.67%,$0.12B,$0.03B,21.67%,$0.03B,$0.46B,6.99%,$0.03B,$0.46B,6.99%,$0.03B,$0.81B,3.52%,$0.03B,$0.74B,5.05%,$30,$14,$16,$0,$2,$23,$7,$-2,$5,$0,$5,$5,$5,$14,$7,$28,28,$0.18,$0.18,$117,$4,$0,$128,$684,$0,$0,$1,$686,$814,$67,$280,$5,$284,$352,$0,$78,$-0,$463,$814,$12,$15,$-2,$13,$-3,$-1,$3,$-4,$-4,$21,$-44,$0,$0,$0,$0,$0,$1,$-44,$-18,$0,$-18,$109,$109,$0,$-0,$91,$68,$0,$0
21,2013-03-31,11.99,$0.00,0.0,$5.82,2.06,$0.35,34.74,$1.36,8.82,$0.06B,$0.05B,1.08,$0.30B,$0.35B,0.86,$0.12B,$0.07B,62.18%,$0.12B,$0.04B,31.09%,$0.12B,$0.04B,31.09%,$0.12B,$0.07B,56.30%,$0.12B,$0.03B,23.53%,$0.12B,$0.03B,23.53%,$0.03B,$0.35B,8.28%,$0.03B,$0.35B,8.28%,$0.03B,$0.71B,3.92%,$0.04B,$0.65B,5.67%,$29,$12,$18,$0,$2,$21,$8,$-2,$6,$0,$6,$6,$6,$16,$8,$21,21,$0.31,$0.31,$51,$3,$0,$58,$647,$0,$0,$1,$650,$708,$54,$300,$5,$305,$359,$0,$72,$-0,$349,$708,$6,$7,$-1,$6,$0,$-0,$0,$-2,$-2,$11,$-0,$0,$0,$0,$0,$0,$-1,$-1,$-9,$0,$-9,$0,$0,$0,$-0,$-10,$0,$0,$0
22,2012-12-31,7.93,$16.58,0.48,$5.80,1.37,$-0.62,0.0,$1.41,5.62,$0.06B,$0.06B,1.01,$0.31B,$0.34B,0.91,$0.12B,$0.07B,62.18%,$0.12B,$0.04B,31.93%,$0.12B,$0.04B,31.93%,$0.12B,$0.07B,56.30%,$0.12B,$0.03B,24.37%,$0.12B,$0.03B,24.37%,$0.03B,$0.34B,8.76%,$0.03B,$0.34B,8.76%,$0.03B,$0.71B,4.05%,$0.04B,$0.65B,5.86%,$31,$12,$19,$0,$2,$21,$10,$-2,$8,$0,$8,$8,$8,$17,$10,$21,21,$0.38,$0.38,$50,$3,$0,$56,$654,$0,$0,$1,$657,$713,$56,$310,$6,$315,$371,$0,$66,$0,$342,$713,$29,$29,$-5,$24,$-2,$-1,$-1,$-0,$-5,$48,$-44,$0,$0,$0,$0,$0,$1,$-44,$-6,$0,$-6,$0,$0,$0,$0,$-6,$-1,$0,$0
23,2012-09-30,6.79,$16.27,0.42,$5.69,1.19,$-0.22,0.0,$1.25,5.43,$0.05B,$0.06B,0.9,$0.32B,$0.33B,0.95,$0.12B,$0.07B,60.68%,$0.12B,$0.04B,29.91%,$0.12B,$0.04B,29.91%,$0.12B,$0.06B,54.70%,$0.12B,$0.03B,21.37%,$0.12B,$0.03B,21.37%,$0.03B,$0.33B,7.72%,$0.03B,$0.33B,7.72%,$0.03B,$0.72B,3.51%,$0.04B,$0.65B,5.44%,$30,$12,$19,$0,$2,$21,$9,$-3,$7,$0,$7,$7,$7,$17,$9,$21,21,$0.32,$0.32,$46,$3,$0,$52,$661,$0,$0,$1,$664,$716,$57,$318,$6,$324,$381,$0,$58,$0,$334,$716,$21,$22,$-4,$18,$-1,$-0,$0,$-0,$-2,$37,$-44,$0,$0,$0,$0,$0,$3,$-41,$2,$0,$2,$0,$0,$0,$0,$2,$-2,$0,$0
24,2012-06-30,5.81,$0.00,0.0,$5.53,1.05,$0.22,26.12,$1.23,4.72,$0.07B,$0.06B,1.16,$0.33B,$0.33B,1.0,$0.11B,$0.07B,57.89%,$0.11B,$0.03B,27.19%,$0.11B,$0.03B,27.19%,$0.11B,$0.06B,51.75%,$0.11B,$0.02B,21.05%,$0.11B,$0.02B,21.05%,$0.02B,$0.33B,7.57%,$0.02B,$0.33B,7.57%,$0.02B,$0.72B,3.39%,$0.03B,$0.66B,4.85%,$29,$11,$18,$0,$2,$19,$10,$-3,$7,$0,$7,$7,$7,$17,$10,$21,21,$0.35,$0.35,$63,$2,$0,$68,$649,$0,$0,$1,$652,$720,$58,$327,$6,$334,$392,$0,$52,$0,$328,$720,$15,$14,$-3,$11,$-0,$0,$-1,$-0,$-1,$25,$-25,$0,$0,$0,$0,$0,$2,$-23,$12,$0,$12,$0,$0,$0,$0,$12,$13,$0,$0
25,2012-03-31,5.9,$0.00,0.0,$5.60,1.05,$0.60,9.86,$0.71,8.31,$0.08B,$0.07B,1.04,$0.32B,$0.32B,0.99,$0.12B,$0.06B,55.17%,$0.12B,$0.03B,24.14%,$0.12B,$0.03B,24.14%,$0.12B,$0.06B,48.28%,$0.12B,$0.01B,11.21%,$0.12B,$0.01B,11.21%,$0.01B,$0.32B,4.18%,$0.01B,$0.32B,4.18%,$0.01B,$0.71B,1.86%,$0.03B,$0.64B,4.44%,$29,$12,$18,$0,$2,$20,$9,$-1,$7,$0,$7,$7,$7,$16,$9,$21,21,$0.36,$0.36,$54,$2,$16,$75,$637,$0,$0,$1,$640,$714,$71,$316,$7,$322,$394,$0,$44,$0,$320,$714,$7,$7,$-2,$5,$0,$0,$-0,$0,$1,$13,$-22,$0,$0,$0,$0,$0,$-0,$-22,$12,$0,$12,$0,$0,$0,$0,$12,$3,$0,$0
26,2011-12-31,3.86,$15.23,0.25,$5.63,0.69,$0.97,3.99,$0.42,9.19,$0.06B,$0.06B,1.01,$0.32B,$0.31B,1.01,$0.12B,$0.06B,51.69%,$0.12B,$0.03B,21.19%,$0.12B,$0.03B,21.19%,$0.12B,$0.05B,44.92%,$0.12B,$0.01B,6.78%,$0.12B,$0.01B,6.78%,$0.01B,$0.31B,2.60%,$0.01B,$0.31B,2.60%,$0.01B,$0.70B,1.15%,$0.03B,$0.63B,3.98%,$29,$13,$16,$0,$2,$22,$7,$-2,$4,$0,$4,$4,$4,$14,$7,$21,21,$0.21,$0.21,$50,$2,$1,$57,$636,$0,$0,$1,$639,$696,$56,$317,$9,$327,$383,$0,$37,$0,$313,$696,$9,$28,$9,$37,$1,$-1,$2,$-5,$-4,$42,$-30,$0,$0,$0,$0,$0,$-2,$-32,$6,$0,$6,$-2,$-2,$0,$-1,$3,$14,$0,$0
27,2011-09-30,3.92,$0.00,0.0,$5.60,0.7,$0.10,39.76,$0.41,9.56,$0.06B,$0.06B,1.02,$0.33B,$0.31B,1.06,$0.12B,$0.06B,50.85%,$0.12B,$0.02B,20.34%,$0.12B,$0.02B,20.34%,$0.12B,$0.05B,44.07%,$0.12B,$0.01B,6.78%,$0.12B,$0.01B,6.78%,$0.01B,$0.31B,2.61%,$0.01B,$0.31B,2.61%,$0.01B,$0.70B,1.15%,$0.02B,$0.63B,3.84%,$27,$13,$14,$0,$2,$22,$5,$1,$6,$0,$6,$6,$6,$12,$5,$21,21,$0.30,$0.30,$50,$3,$0,$57,$640,$0,$0,$1,$643,$700,$56,$325,$11,$336,$392,$0,$33,$-0,$308,$700,$4,$21,$8,$29,$-0,$-1,$1,$-5,$-5,$28,$-26,$0,$0,$0,$0,$0,$-1,$-27,$14,$0,$14,$-2,$-2,$0,$-1,$11,$13,$0,$0
28,2011-06-30,4.28,$14.42,0.3,$5.55,0.77,$-0.28,0.0,$0.16,26.74,$0.06B,$0.06B,1.1,$0.32B,$0.30B,1.05,$0.12B,$0.06B,50.00%,$0.12B,$0.02B,20.34%,$0.12B,$0.02B,20.34%,$0.12B,$0.05B,43.22%,$0.12B,$0.00B,2.54%,$0.12B,$0.00B,2.54%,$0.00B,$0.30B,0.98%,$0.00B,$0.30B,0.98%,$0.00B,$0.69B,0.43%,$0.02B,$0.62B,3.86%,$31,$16,$16,$0,$2,$25,$7,$-10,$-4,$0,$-4,$-4,$-4,$14,$7,$21,21,$-0.17,$-0.17,$51,$3,$5,$62,$624,$0,$0,$2,$628,$690,$57,$318,$11,$329,$386,$0,$26,$-0,$304,$690,$-2,$14,$8,$22,$0,$-1,$2,$-4,$-4,$16,$-9,$0,$0,$0,$0,$0,$0,$-9,$8,$0,$8,$0,$0,$0,$-1,$7,$13,$0,$0
29,2011-03-31,6.29,$14.59,0.43,$5.30,1.19,$2.06,3.06,$0.52,12.09,$0.05B,$0.06B,0.82,$0.32B,$0.31B,1.03,$0.11B,$0.06B,49.12%,$0.11B,$0.02B,19.30%,$0.11B,$0.02B,19.30%,$0.11B,$0.05B,42.98%,$0.11B,$0.01B,9.65%,$0.11B,$0.01B,9.65%,$0.01B,$0.31B,3.62%,$0.01B,$0.31B,3.62%,$0.01B,$0.70B,1.60%,$0.02B,$0.63B,3.59%,$31,$15,$15,$0,$2,$24,$6,$-5,$2,$0,$2,$2,$2,$13,$6,$21,21,$0.07,$0.07,$43,$3,$0,$51,$643,$0,$0,$2,$646,$697,$62,$317,$10,$327,$389,$0,$30,$-0,$308,$697,$2,$7,$1,$8,$-1,$-2,$2,$-2,$-1,$8,$-10,$0,$0,$0,$0,$0,$-1,$-11,$8,$0,$8,$0,$0,$0,$-0,$7,$4,$0,$0
30,2010-12-31,7.95,$14.51,0.55,$5.14,1.55,$3.52,2.26,$0.52,15.29,$0.05B,$0.06B,0.75,$0.31B,$0.31B,1.01,$0.11B,$0.06B,50.00%,$0.11B,$0.02B,20.54%,$0.11B,$0.02B,20.54%,$0.11B,$0.05B,43.75%,$0.11B,$0.01B,9.82%,$0.11B,$0.01B,9.82%,$0.01B,$0.31B,3.63%,$0.01B,$0.31B,3.63%,$0.01B,$0.69B,1.60%,$0.02B,$0.62B,3.80%,$29,$14,$15,$0,$2,$23,$6,$-1,$4,$0,$4,$4,$4,$13,$6,$22,22,$0.20,$0.20,$40,$2,$0,$45,$640,$0,$0,$2,$643,$688,$60,$310,$12,$322,$382,$0,$29,$-0,$306,$688,$11,$27,$-3,$25,$-1,$0,$1,$-7,$-8,$28,$-34,$0,$0,$0,$0,$0,$1,$-33,$-1,$0,$-1,$-6,$-6,$0,$-4,$-11,$-14,$0,$0
31,2010-09-30,4.35,$14.30,0.3,$5.07,0.86,$1.44,3.02,$-0.91,0.0,$0.05B,$0.06B,0.8,$0.32B,$0.30B,1.06,$0.11B,$0.06B,50.45%,$0.11B,$0.01B,5.41%,$0.11B,$0.01B,5.41%,$0.11B,$0.03B,28.83%,$0.11B,$-0.02B,-18.02%,$0.11B,$-0.02B,-18.02%,$-0.02B,$0.30B,-6.63%,$-0.02B,$0.30B,-6.63%,$-0.02B,$0.70B,-2.91%,$0.01B,$0.62B,0.99%,$27,$14,$13,$0,$2,$22,$5,$-4,$1,$0,$1,$1,$1,$11,$5,$21,21,$0.05,$0.05,$45,$3,$0,$50,$640,$0,$0,$6,$648,$698,$63,$320,$14,$334,$396,$0,$24,$-1,$302,$698,$7,$20,$-1,$20,$0,$-0,$1,$-6,$-6,$21,$-27,$0,$0,$0,$0,$0,$-1,$-28,$7,$0,$7,$-6,$-6,$0,$-2,$-1,$-7,$0,$0
32,2010-06-30,4.62,$14.24,0.32,$5.08,0.91,$-1.60,0.0,$-0.64,0.0,$0.08B,$0.07B,1.07,$0.29B,$0.30B,0.95,$0.11B,$0.06B,52.68%,$0.11B,$0.01B,7.14%,$0.11B,$0.01B,7.14%,$0.11B,$0.04B,31.25%,$0.11B,$-0.01B,-12.50%,$0.11B,$-0.01B,-12.50%,$-0.01B,$0.30B,-4.54%,$-0.01B,$0.30B,-4.54%,$-0.01B,$0.67B,-2.03%,$0.01B,$0.59B,1.31%,$27,$13,$13,$0,$2,$22,$5,$-1,$4,$0,$4,$4,$4,$12,$5,$22,22,$0.19,$0.19,$73,$3,$0,$80,$588,$0,$0,$5,$594,$674,$74,$286,$13,$299,$373,$0,$23,$-1,$301,$674,$6,$13,$-1,$13,$-1,$-0,$0,$5,$3,$22,$37,$0,$0,$0,$0,$0,$1,$38,$-30,$0,$-30,$-6,$-6,$0,$-1,$-37,$23,$0,$0
33,2010-03-31,5.05,$13.56,0.37,$5.06,1.0,$-5.50,0.0,$-0.54,0.0,$0.09B,$0.08B,1.16,$0.29B,$0.30B,0.97,$0.11B,$0.06B,54.46%,$0.11B,$0.01B,8.04%,$0.11B,$0.01B,8.04%,$0.11B,$0.04B,32.14%,$0.11B,$-0.01B,-10.71%,$0.11B,$-0.01B,-10.71%,$-0.01B,$0.30B,-3.83%,$-0.01B,$0.30B,-3.83%,$-0.01B,$0.68B,-1.76%,$0.01B,$0.60B,1.47%,$29,$14,$15,$0,$2,$22,$7,$-5,$2,$0,$2,$2,$2,$13,$7,$22,22,$0.07,$0.07,$58,$3,$23,$88,$590,$0,$0,$3,$594,$683,$76,$293,$11,$304,$380,$0,$19,$-1,$303,$683,$2,$7,$2,$8,$-1,$-1,$1,$8,$8,$18,$13,$0,$0,$0,$0,$0,$-1,$12,$-23,$0,$-23,$0,$0,$0,$0,$-23,$7,$0,$0
34,2009-12-31,6.24,$13.48,0.46,$5.09,1.23,$-7.27,0.0,$-0.60,0.0,$0.07B,$0.07B,1.0,$0.31B,$0.30B,1.03,$0.11B,$0.06B,57.14%,$0.11B,$0.01B,10.71%,$0.11B,$0.01B,10.71%,$0.11B,$0.04B,34.82%,$0.11B,$-0.01B,-12.50%,$0.11B,$-0.01B,-12.50%,$-0.01B,$0.30B,-4.43%,$-0.01B,$0.30B,-4.43%,$-0.01B,$0.69B,-2.10%,$0.01B,$0.61B,1.99%,$28,$14,$15,$0,$2,$39,$-11,$-16,$-27,$0,$-27,$-27,$-27,$-4,$-11,$22,22,$-1.22,$-1.22,$50,$2,$14,$69,$618,$0,$0,$3,$623,$692,$69,$310,$13,$323,$392,$0,$17,$-1,$301,$692,$-13,$27,$29,$56,$1,$-1,$1,$3,$6,$48,$-101,$0,$0,$0,$0,$0,$-1,$-102,$62,$0,$62,$0,$0,$-4,$-3,$55,$2,$1,$-4
35,2009-09-30,6.28,$0.00,0.0,$5.08,1.24,$-9.09,0.0,$0.97,6.47,$0.04B,$0.05B,0.8,$0.32B,$0.33B,0.98,$0.11B,$0.07B,58.93%,$0.11B,$0.03B,29.46%,$0.11B,$0.03B,29.46%,$0.11B,$0.06B,51.79%,$0.11B,$0.02B,18.75%,$0.11B,$0.02B,18.75%,$0.02B,$0.33B,6.56%,$0.02B,$0.33B,6.56%,$0.02B,$0.71B,3.21%,$0.03B,$0.65B,5.55%,$28,$13,$16,$0,$2,$22,$7,$0,$7,$0,$7,$7,$7,$14,$7,$22,22,$0.32,$0.32,$36,$2,$0,$40,$660,$0,$0,$9,$671,$712,$51,$321,$12,$333,$384,$0,$45,$-1,$328,$712,$14,$20,$-0,$20,$1,$-1,$0,$-2,$-1,$32,$-106,$0,$0,$0,$0,$0,$-1,$-107,$69,$0,$69,$0,$0,$-4,$-1,$64,$-11,$1,$-4
36,2009-06-30,4.65,$14.38,0.32,$5.11,0.91,$-10.46,0.0,$0.89,5.22,$0.02B,$0.05B,0.53,$0.27B,$0.32B,0.83,$0.11B,$0.07B,60.18%,$0.11B,$0.04B,31.86%,$0.11B,$0.04B,31.86%,$0.11B,$0.06B,53.10%,$0.11B,$0.02B,16.81%,$0.11B,$0.02B,16.81%,$0.02B,$0.32B,5.99%,$0.02B,$0.32B,5.99%,$0.02B,$0.64B,3.06%,$0.04B,$0.59B,6.35%,$27,$12,$15,$0,$2,$21,$6,$0,$6,$0,$6,$6,$6,$13,$6,$22,22,$0.29,$0.29,$21,$2,$0,$24,$615,$0,$0,$3,$619,$643,$45,$265,$12,$277,$322,$0,$37,$-1,$321,$643,$7,$13,$4,$17,$1,$-0,$-0,$3,$3,$27,$-54,$0,$0,$0,$0,$0,$1,$-53,$7,$0,$7,$0,$0,$-4,$-1,$2,$-24,$0,$-4
37,2009-03-31,5.09,$14.08,0.36,$5.17,0.98,$-13.59,0.0,$1.02,4.99,$0.03B,$0.04B,0.74,$0.25B,$0.31B,0.81,$0.11B,$0.07B,63.16%,$0.11B,$0.04B,35.09%,$0.11B,$0.04B,35.09%,$0.11B,$0.06B,55.26%,$0.11B,$0.02B,19.30%,$0.11B,$0.02B,19.30%,$0.02B,$0.31B,6.97%,$0.02B,$0.31B,6.97%,$0.02B,$0.63B,3.65%,$0.04B,$0.57B,7.25%,$29,$11,$18,$0,$2,$19,$10,$-10,$0,$0,$0,$0,$0,$16,$10,$22,22,$0.01,$0.01,$27,$2,$0,$32,$591,$0,$0,$2,$593,$625,$43,$254,$14,$268,$311,$0,$31,$-1,$314,$625,$0,$6,$6,$13,$0,$-0,$0,$1,$1,$14,$-22,$0,$0,$0,$0,$0,$-0,$-22,$-7,$0,$-7,$0,$0,$-4,$-0,$-11,$-19,$0,$-4
38,2008-12-31,4.67,$14.25,0.33,$5.07,0.92,$-17.84,0.0,$1.35,3.46,$0.05B,$0.04B,1.29,$0.26B,$0.32B,0.82,$0.11B,$0.07B,64.29%,$0.11B,$0.04B,35.71%,$0.11B,$0.04B,35.71%,$0.11B,$0.06B,56.25%,$0.11B,$0.03B,25.89%,$0.11B,$0.03B,25.89%,$0.03B,$0.32B,9.26%,$0.03B,$0.32B,9.25%,$0.03B,$0.63B,4.92%,$0.04B,$0.58B,7.41%,$28,$11,$17,$0,$1,$18,$10,$-2,$8,$0,$8,$8,$8,$15,$10,$22,22,$0.35,$0.35,$47,$1,$0,$52,$575,$0,$0,$6,$582,$634,$41,$259,$16,$276,$317,$0,$35,$-1,$318,$634,$30,$22,$1,$22,$-0,$-0,$-0,$-6,$-6,$48,$-141,$0,$0,$0,$0,$0,$-19,$-160,$138,$0,$138,$0,$0,$-17,$-1,$121,$9,$2,$-17
39,2008-09-30,12.27,$0.00,0.0,$4.98,2.46,$-18.11,0.0,$1.28,9.58,$0.02B,$0.04B,0.59,$0.22B,$0.32B,0.7,$0.11B,$0.07B,64.55%,$0.11B,$0.04B,35.45%,$0.11B,$0.04B,35.45%,$0.11B,$0.06B,56.36%,$0.11B,$0.03B,24.55%,$0.11B,$0.03B,24.55%,$0.03B,$0.32B,8.72%,$0.03B,$0.32B,8.72%,$0.03B,$0.58B,4.90%,$0.04B,$0.54B,7.75%,$29,$10,$18,$0,$3,$19,$10,$-4,$5,$0,$5,$5,$5,$16,$10,$22,22,$0.24,$0.24,$19,$1,$0,$23,$0,$0,$0,$2,$3,$584,$39,$221,$8,$229,$268,$0,$31,$0,$316,$584,$22,$17,$1,$18,$0,$-1,$0,$-4,$-3,$37,$-141,$0,$0,$0,$0,$0,$4,$-137,$96,$0,$96,$0,$0,$-13,$-1,$83,$-17,$2,$-13
40,2008-06-30,12.68,$0.00,0.0,$4.81,2.64,$-17.18,0.0,$1.23,10.31,$0.03B,$0.04B,0.7,$0.21B,$0.31B,0.67,$0.10B,$0.07B,65.38%,$0.10B,$0.04B,34.62%,$0.10B,$0.04B,34.62%,$0.10B,$0.06B,55.77%,$0.10B,$0.03B,25.00%,$0.10B,$0.03B,25.00%,$0.03B,$0.31B,8.50%,$0.03B,$0.32B,8.50%,$0.03B,$0.57B,4.97%,$0.04B,$0.53B,7.52%,$28,$9,$19,$0,$3,$18,$10,$-1,$9,$0,$9,$9,$9,$16,$10,$22,22,$0.42,$0.42,$21,$1,$0,$26,$0,$0,$0,$25,$26,$571,$37,$210,$10,$220,$256,$0,$30,$0,$314,$571,$17,$11,$-1,$10,$-1,$-0,$0,$-5,$-5,$22,$-119,$0,$0,$0,$0,$0,$5,$-114,$86,$0,$86,$0,$0,$-8,$-0,$78,$-14,$1,$-8
41,2008-03-31,13.81,$0.00,0.0,$4.91,2.82,$-15.39,0.0,$1.21,11.41,$0.03B,$0.04B,0.73,$0.22B,$0.31B,0.7,$0.10B,$0.06B,64.58%,$0.10B,$0.03B,35.42%,$0.10B,$0.03B,35.42%,$0.10B,$0.05B,56.25%,$0.10B,$0.02B,23.96%,$0.10B,$0.02B,23.96%,$0.02B,$0.31B,8.52%,$0.02B,$0.31B,8.52%,$0.02B,$0.57B,4.86%,$0.03B,$0.52B,7.98%,$27,$9,$18,$0,$3,$17,$10,$-3,$7,$0,$7,$7,$7,$16,$10,$22,22,$0.33,$0.34,$22,$1,$3,$28,$0,$0,$0,$1,$1,$571,$38,$215,$13,$228,$266,$0,$25,$0,$305,$571,$7,$5,$1,$6,$-0,$0,$-0,$-3,$-3,$11,$-113,$0,$0,$0,$0,$0,$5,$-108,$90,$0,$90,$0,$0,$-4,$-0,$86,$-12,$1,$-4
42,2007-12-31,11.92,$0.00,0.0,$5.13,2.33,$-11.68,0.0,$1.33,8.96,$0.07B,$0.04B,1.86,$0.13B,$0.30B,0.42,$0.09B,$0.06B,64.44%,$0.09B,$0.03B,36.67%,$0.09B,$0.03B,36.67%,$0.09B,$0.05B,55.56%,$0.09B,$0.02B,25.56%,$0.09B,$0.02B,25.56%,$0.02B,$0.30B,9.76%,$0.02B,$0.30B,9.76%,$0.02B,$0.48B,5.55%,$0.03B,$0.43B,8.86%,$26,$10,$16,$0,$3,$17,$9,$-3,$6,$0,$6,$6,$6,$14,$9,$22,22,$0.28,$0.28,$41,$1,$25,$69,$0,$0,$0,$0,$1,$478,$37,$128,$10,$137,$175,$0,$22,$0,$303,$478,$23,$17,$3,$17,$-1,$-0,$1,$7,$9,$48,$-146,$0,$0,$0,$0,$0,$-3,$-150,$-22,$-49,$27,$138,$138,$-14,$21,$124,$22,$1,$-14
43,2007-09-30,14.95,$0.00,0.0,$5.37,2.79,$-10.36,0.0,$1.38,10.83,$0.08B,$0.03B,2.78,$0.14B,$0.30B,0.46,$0.08B,$0.05B,64.29%,$0.08B,$0.03B,35.71%,$0.08B,$0.03B,35.71%,$0.08B,$0.05B,54.76%,$0.08B,$0.02B,26.19%,$0.08B,$0.02B,26.19%,$0.02B,$0.30B,10.95%,$0.02B,$0.30B,10.95%,$0.02B,$0.47B,5.87%,$0.03B,$0.44B,8.90%,$23,$8,$15,$0,$3,$16,$7,$-3,$4,$0,$4,$4,$4,$12,$7,$21,21,$0.19,$0.19,$72,$1,$0,$75,$0,$0,$0,$0,$1,$472,$27,$138,$7,$144,$171,$0,$20,$0,$301,$472,$16,$12,$0,$12,$0,$0,$0,$0,$-2,$28,$-106,$0,$0,$0,$0,$0,$-0,$-106,$0,$-15,$27,$0,$138,$-10,$-6,$134,$56,$0,$0
44,2007-06-30,15.33,$0.00,0.0,$5.55,2.76,$-10.18,0.0,$1.34,11.44,$0.01B,$0.05B,0.25,$0.14B,$0.17B,0.84,$0.08B,$0.05B,62.50%,$0.08B,$0.03B,36.25%,$0.08B,$0.03B,36.25%,$0.08B,$0.04B,53.75%,$0.08B,$0.02B,25.00%,$0.08B,$0.02B,25.00%,$0.02B,$0.17B,12.05%,$0.02B,$0.17B,12.05%,$0.02B,$0.37B,5.93%,$0.03B,$0.31B,9.69%,$20,$7,$13,$0,$2,$12,$8,$-2,$6,$0,$6,$6,$6,$12,$8,$14,14,$0.40,$0.40,$11,$1,$0,$13,$0,$0,$0,$1,$1,$371,$51,$143,$5,$148,$199,$0,$20,$0,$171,$371,$12,$8,$0,$8,$0,$0,$0,$0,$5,$25,$-62,$0,$0,$0,$0,$0,$-0,$-62,$0,$9,$27,$0,$0,$-5,$2,$32,$-5,$0,$0
45,2007-03-31,11.66,$0.00,0.0,$5.40,2.16,$-12.16,0.0,$1.27,9.18,$0.01B,$0.03B,0.54,$0.14B,$0.17B,0.83,$0.08B,$0.05B,62.34%,$0.08B,$0.03B,35.06%,$0.08B,$0.03B,35.06%,$0.08B,$0.04B,51.95%,$0.08B,$0.02B,24.68%,$0.08B,$0.02B,24.68%,$0.02B,$0.17B,11.69%,$0.02B,$0.17B,11.69%,$0.02B,$0.34B,5.86%,$0.03B,$0.31B,9.22%,$21,$7,$14,$0,$2,$12,$9,$-2,$7,$0,$7,$7,$7,$12,$9,$14,14,$0.46,$0.46,$12,$1,$0,$14,$0,$0,$0,$4,$4,$336,$27,$139,$3,$142,$168,$0,$17,$0,$168,$336,$7,$4,$0,$4,$0,$0,$0,$0,$-1,$9,$-22,$0,$0,$0,$0,$0,$-2,$-24,$0,$-7,$20,$0,$0,$-3,$0,$11,$-4,$0,$0
46,2006-12-31,9.77,$0.00,0.0,$5.17,1.89,$-12.86,0.0,$1.31,7.46,$0.02B,$0.03B,0.63,$0.13B,$0.16B,0.76,$0.07B,$0.05B,63.01%,$0.07B,$0.03B,35.62%,$0.07B,$0.03B,35.62%,$0.07B,$0.04B,52.05%,$0.07B,$0.02B,26.03%,$0.07B,$0.02B,26.03%,$0.02B,$0.16B,11.93%,$0.02B,$0.16B,11.93%,$0.02B,$0.32B,6.16%,$0.03B,$0.29B,9.31%,$20,$8,$12,$0,$2,$14,$6,$-2,$5,$0,$5,$5,$5,$10,$6,$14,14,$0.33,$0.33,$15,$1,$0,$18,$0,$0,$0,$3,$4,$320,$29,$125,$2,$127,$156,$0,$13,$0,$164,$320,$18,$13,$0,$13,$0,$0,$0,$0,$3,$33,$-78,$0,$0,$0,$0,$0,$-6,$-84,$0,$-57,$100,$0,$5,$-11,$2,$39,$-12,$0,$0
