,Date,Stock Price,Book Value per Share,Price to Book Ratio,TTM Sales per Share,Price to Sales Ratio,TTM FCF per Share,Price to FCF Ratio,TTM Net EPS,PE Ratio,Current Assets,Current Liabilities,Current Ratio,Long Term Debt,Shareholder's Equity_x,Debt to Equity Ratio,TTM Revenue_x,TTM Gross Profit,Gross Margin,TTM Revenue_y,TTM Operating Income,Operating Margin,TTM Revenue_x,TTM EBIT,EBIT Margin,TTM Revenue_y,TTM EBITDA,EBITDA Margin,TTM Revenue_x,TTM Pre-Tax Income,Pre-Tax Margin,TTM Revenue_y,TTM Net Income_x,Net Margin,TTM Net Income_y,Shareholder's Equity_y,Return on Equity,TTM Net Income_x,Tangible Equity,Return on Tangible Equity,TTM Net Income_y,Total Assets,Return on Assets,TTM Net Income,LT Investments & Debt,Return on Investment,revenue,cost-goods-sold,gross-profit,research-development-expenses,selling-general-administrative-expenses,operating-expenses,operating-income,total-non-operating-income-expense,pre-tax-income,total-provision-income-taxes,income-after-taxes,income-from-continuous-operations,net-income,ebitda,ebit,basic-shares-outstanding,shares-outstanding,eps-basic-net-earnings-per-share,eps-earnings-per-share-diluted,cash-on-hand,inventory,other-current-assets,total-current-assets,net-property-plant-equipment,long-term-investments,goodwill-intangible-assets-total,other-long-term-assets,total-long-term-assets,total-assets,total-current-liabilities,long-term-debt,other-non-current-liabilities,total-long-term-liabilities,total-liabilities,common-stock-net,retained-earnings-accumulated-deficit,comprehensive-income,total-share-holder-equity,total-liabilities-share-holders-equity,net-income-loss,total-depreciation-amortization-cash-flow,other-non-cash-items,total-non-cash-items,change-in-accounts-receivable,change-in-inventories,change-in-accounts-payable,change-in-assets-liabilities,total-change-in-assets-liabilities,cash-flow-from-operating-activities,net-change-in-property-plant-equipment,net-change-in-intangible-assets,net-acquisitions-divestitures,net-change-in-short-term-investments,net-change-in-long-term-investments,net-change-in-investments-total,investing-activities-other,cash-flow-from-investing-activities,net-long-term-debt,net-current-debt,debt-issuance-retirement-net-total,net-common-equity-issued-repurchased,net-total-equity-issued-repurchased,total-common-preferred-stock-dividends-paid,financial-activities-other,cash-flow-from-financial-activities,net-cash-flow,stock-based-compensation,common-stock-dividends-paid
0,2018-09-30,86.59,$48.84,1.77,$35.07,2.47,$-6.86,0.0,$13.04,6.64,$0.47B,$0.15B,3.05,$4.41B,$1.84B,2.4,$1.36B,$0.85B,62.74%,$1.36B,$0.31B,22.61%,$1.36B,$0.31B,22.61%,$1.36B,$0.65B,47.50%,$1.36B,$0.19B,14.06%,$1.36B,$0.50B,37.11%,$0.50B,$1.84B,27.66%,$0.50B,$1.75B,29.02%,$0.50B,$7.52B,6.74%,$0.31B,$6.25B,4.94%,$350,$129,$221,$0,$47,$265,$84,$-36,$48,$13,$35,$47,$47,$171,$84,$38,39,$1.25,$1.22,$259,$0,$0,$466,$6298,$479,$84,$191,$7051,$7517,$153,$4409,$227,$5527,$5679,$42,$2387,$-158,$1838,$7517,$162,$253,$-82,$171,$0,$0,$-2,$0,$-3,$341,$-544,$0,$0,$0,$201,$201,$29,$-314,$34,$-4,$30,$-37,$-37,$-53,$-4,$-64,$-41,$0,$-53
1,2018-06-30,74.23,$48.21,1.54,$35.16,2.11,$-4.33,0.0,$13.07,5.68,$0.45B,$0.16B,2.77,$4.41B,$1.82B,2.43,$1.37B,$0.85B,62.21%,$1.37B,$0.31B,22.88%,$1.37B,$0.31B,22.88%,$1.37B,$0.65B,47.30%,$1.37B,$0.20B,14.62%,$1.37B,$0.51B,36.99%,$0.51B,$1.82B,29.24%,$0.51B,$1.73B,30.76%,$0.51B,$7.50B,6.83%,$0.31B,$6.23B,5.13%,$350,$132,$217,$0,$46,$269,$81,$-46,$35,$9,$26,$39,$39,$166,$81,$38,38,$1.03,$1.01,$241,$0,$0,$450,$6295,$469,$84,$198,$7045,$7496,$163,$4414,$220,$5515,$5678,$42,$2357,$-160,$1818,$7496,$115,$167,$-67,$100,$0,$0,$-11,$0,$-12,$207,$-39,$0,$0,$0,$-215,$-215,$21,$-234,$34,$0,$34,$-25,$-25,$-36,$-1,$-28,$-59,$0,$-36
2,2018-03-31,68.07,$48.80,1.39,$34.88,1.95,$-2.74,0.0,$13.41,5.08,$0.44B,$0.14B,3.08,$4.38B,$1.84B,2.38,$1.37B,$0.84B,61.79%,$1.37B,$0.32B,23.06%,$1.37B,$0.32B,23.06%,$1.37B,$0.64B,47.14%,$1.37B,$0.23B,16.69%,$1.37B,$0.52B,38.07%,$0.52B,$1.84B,31.78%,$0.52B,$1.75B,33.52%,$0.52B,$7.47B,7.07%,$0.32B,$6.22B,5.27%,$305,$107,$199,$0,$45,$238,$68,$15,$83,$21,$62,$76,$76,$150,$68,$38,39,$2.02,$1.98,$237,$0,$0,$436,$6294,$456,$87,$195,$7032,$7468,$141,$4376,$231,$5487,$5628,$42,$2336,$-114,$1840,$7468,$76,$82,$-51,$31,$0,$0,$-10,$0,$-14,$77,$-218,$0,$0,$0,$126,$126,$9,$-83,$-12,$-0,$-12,$-25,$-25,$-19,$-1,$-57,$-62,$0,$-19
3,2017-12-31,61.39,$47.31,1.3,$34.87,1.76,$-3.02,0.0,$12.87,4.77,$0.51B,$0.15B,3.32,$4.39B,$1.79B,2.45,$1.38B,$0.86B,62.09%,$1.38B,$0.33B,24.11%,$1.38B,$0.33B,24.11%,$1.38B,$0.65B,47.49%,$1.38B,$0.21B,15.54%,$1.38B,$0.50B,36.46%,$0.50B,$1.79B,32.97%,$0.50B,$1.71B,34.86%,$0.50B,$7.42B,6.91%,$0.33B,$6.18B,5.69%,$353,$138,$215,$0,$54,$279,$74,$-49,$25,$-304,$329,$342,$342,$158,$74,$39,39,$8.85,$8.71,$300,$0,$0,$513,$6192,$441,$86,$191,$6910,$7422,$154,$4389,$233,$5475,$5630,$42,$2262,$-110,$1793,$7422,$502,$323,$-305,$18,$0,$0,$-14,$0,$-19,$497,$-588,$0,$0,$0,$129,$129,$31,$-428,$87,$-0,$87,$-100,$-100,$-68,$-3,$-84,$-11,$10,$-68
4,2017-09-30,60.37,$38.38,1.57,$34.77,1.74,$-0.73,0.0,$4.81,12.55,$0.42B,$0.13B,3.13,$4.30B,$1.47B,2.92,$1.39B,$0.86B,61.69%,$1.39B,$0.34B,24.53%,$1.39B,$0.34B,24.53%,$1.39B,$0.66B,47.40%,$1.39B,$0.20B,14.36%,$1.39B,$0.19B,13.78%,$0.19B,$1.47B,13.53%,$0.19B,$1.39B,14.36%,$0.19B,$7.26B,2.66%,$0.34B,$5.77B,5.97%,$360,$140,$220,$0,$43,$269,$90,$-33,$57,$20,$37,$49,$49,$173,$90,$39,39,$1.27,$1.25,$203,$0,$0,$419,$6101,$449,$85,$208,$6843,$7262,$134,$4295,$205,$5658,$5792,$42,$1936,$-129,$1470,$7262,$160,$239,$-26,$213,$0,$0,$-21,$0,$-26,$318,$-425,$0,$0,$0,$94,$94,$24,$-307,$-4,$11,$7,$-75,$-75,$-52,$-3,$-123,$-108,$0,$-52
5,2017-06-30,62.58,$37.27,1.68,$34.53,1.81,$1.00,62.87,$5.92,10.57,$0.50B,$0.20B,2.55,$4.29B,$1.44B,2.97,$1.39B,$0.86B,61.92%,$1.39B,$0.34B,24.55%,$1.39B,$0.34B,24.55%,$1.39B,$0.65B,47.08%,$1.39B,$0.26B,19.01%,$1.39B,$0.24B,17.13%,$0.24B,$1.44B,17.16%,$0.24B,$1.36B,18.22%,$0.24B,$7.27B,3.33%,$0.34B,$5.73B,6.04%,$348,$138,$210,$0,$43,$266,$83,$-20,$63,$19,$44,$53,$53,$163,$83,$39,40,$1.37,$1.35,$288,$0,$0,$500,$6058,$408,$83,$223,$6772,$7272,$197,$4290,$209,$5633,$5829,$42,$1904,$-147,$1443,$7272,$111,$156,$-27,$128,$0,$0,$-25,$0,$-30,$224,$11,$0,$0,$0,$-196,$-196,$15,$-169,$-4,$12,$8,$-50,$-50,$-35,$-3,$-80,$-23,$0,$-35
6,2017-03-31,58.98,$35.43,1.66,$34.45,1.71,$-9.44,0.0,$6.06,9.73,$0.37B,$0.14B,2.55,$4.27B,$1.39B,3.08,$1.40B,$0.87B,61.93%,$1.40B,$0.34B,24.50%,$1.40B,$0.34B,24.50%,$1.40B,$0.66B,46.79%,$1.40B,$0.28B,20.21%,$1.40B,$0.25B,17.57%,$0.25B,$1.39B,18.18%,$0.25B,$1.31B,19.32%,$0.25B,$7.10B,3.47%,$0.34B,$5.65B,6.09%,$316,$107,$210,$0,$43,$231,$85,$-16,$69,$21,$49,$58,$58,$160,$85,$39,40,$1.46,$1.44,$159,$0,$0,$365,$5965,$397,$79,$292,$6732,$7097,$143,$4267,$191,$5568,$5712,$42,$1868,$-191,$1385,$7097,$58,$75,$-17,$59,$0,$0,$-27,$0,$-33,$52,$-208,$0,$0,$0,$44,$44,$8,$-156,$-2,$-1,$-3,$-25,$-25,$-18,$-2,$-49,$-152,$0,$-18
7,2016-12-31,59.15,$34.16,1.73,$34.52,1.71,$-9.18,0.0,$6.28,9.42,$0.54B,$0.18B,3.08,$4.27B,$1.35B,3.17,$1.42B,$0.88B,62.34%,$1.42B,$0.37B,25.95%,$1.42B,$0.37B,25.95%,$1.42B,$0.68B,47.74%,$1.42B,$0.31B,21.65%,$1.42B,$0.26B,18.12%,$0.26B,$1.35B,19.28%,$0.26B,$1.27B,20.52%,$0.26B,$7.11B,3.63%,$0.37B,$5.62B,6.54%,$362,$147,$215,$0,$47,$281,$82,$-72,$10,$-3,$13,$31,$31,$161,$82,$41,41,$0.78,$0.78,$311,$0,$0,$539,$5805,$387,$78,$297,$6567,$7105,$175,$4272,$222,$5583,$5758,$42,$1828,$-211,$1347,$7105,$257,$310,$69,$379,$0,$0,$3,$0,$-3,$629,$-630,$0,$0,$0,$199,$199,$25,$-406,$56,$-4,$52,$-120,$-120,$-67,$5,$-131,$91,$16,$-67
8,2016-09-30,42.51,$34.39,1.24,$34.32,1.24,$-15.04,0.0,$6.88,6.18,$0.45B,$0.15B,3.09,$4.23B,$1.37B,3.08,$1.44B,$0.90B,62.79%,$1.44B,$0.37B,25.99%,$1.44B,$0.37B,25.99%,$1.44B,$0.68B,47.32%,$1.44B,$0.37B,25.85%,$1.44B,$0.28B,19.79%,$0.28B,$1.37B,21.57%,$0.28B,$1.29B,22.99%,$0.28B,$7.09B,4.04%,$0.37B,$5.60B,6.67%,$363,$138,$225,$0,$48,$272,$91,$31,$122,$41,$81,$96,$96,$170,$91,$40,41,$2.39,$2.36,$216,$0,$0,$453,$5912,$377,$82,$266,$6636,$7089,$146,$4225,$243,$5571,$5718,$42,$1814,$-191,$1372,$7089,$226,$231,$13,$244,$0,$0,$-11,$0,$-19,$436,$-477,$0,$0,$0,$171,$171,$19,$-287,$3,$-3,$1,$-95,$-95,$-51,$-6,$-152,$-4,$0,$-51
9,2016-06-30,41.56,$32.36,1.28,$34.28,1.21,$-21.05,0.0,$5.43,7.65,$0.45B,$0.15B,2.95,$4.35B,$1.31B,3.32,$1.46B,$0.91B,62.28%,$1.46B,$0.39B,26.47%,$1.46B,$0.39B,26.47%,$1.46B,$0.69B,47.39%,$1.46B,$0.31B,21.12%,$1.46B,$0.23B,15.64%,$0.23B,$1.31B,17.66%,$0.23B,$1.23B,18.84%,$0.23B,$7.09B,3.26%,$0.39B,$5.66B,6.91%,$359,$142,$217,$0,$41,$274,$85,$-4,$82,$27,$55,$61,$61,$164,$85,$41,41,$1.51,$1.49,$190,$0,$0,$449,$5928,$361,$81,$271,$6641,$7091,$152,$4346,$216,$5630,$5782,$42,$1735,$-198,$1309,$7091,$131,$151,$6,$158,$0,$0,$-8,$-30,$-47,$241,$-425,$0,$0,$0,$124,$124,$14,$-287,$104,$21,$125,$-70,$-70,$-35,$-4,$16,$-30,$0,$-35
10,2016-03-31,44.5,$31.93,1.39,$33.81,1.32,$-22.55,0.0,$4.97,8.95,$0.47B,$0.14B,3.24,$4.34B,$1.31B,3.33,$1.46B,$0.91B,61.89%,$1.46B,$0.39B,26.64%,$1.46B,$0.39B,26.64%,$1.46B,$0.69B,47.34%,$1.46B,$0.28B,19.33%,$1.46B,$0.21B,14.48%,$0.21B,$1.31B,16.50%,$0.21B,$1.22B,17.61%,$0.21B,$7.06B,3.06%,$0.39B,$5.65B,7.02%,$334,$108,$227,$0,$39,$225,$110,$-17,$93,$31,$62,$69,$69,$182,$110,$41,42,$1.67,$1.66,$234,$0,$0,$468,$5877,$356,$82,$279,$6594,$7062,$144,$4344,$219,$5612,$5757,$42,$1690,$-174,$1305,$7062,$69,$73,$-3,$70,$0,$0,$-21,$-29,$-59,$80,$-233,$0,$0,$0,$98,$98,$9,$-125,$120,$10,$130,$-50,$-50,$-18,$-4,$58,$14,$0,$-18
11,2015-12-31,39.48,$30.50,1.29,$32.95,1.2,$-23.90,0.0,$4.70,8.4,$0.45B,$0.17B,2.61,$4.20B,$1.28B,3.28,$1.45B,$0.88B,60.76%,$1.45B,$0.36B,24.83%,$1.45B,$0.36B,24.83%,$1.45B,$0.66B,45.72%,$1.45B,$0.27B,18.69%,$1.45B,$0.21B,14.14%,$0.21B,$1.28B,16.03%,$0.21B,$1.20B,17.10%,$0.21B,$6.89B,2.96%,$0.36B,$5.48B,6.45%,$379,$147,$232,$0,$58,$292,$87,$-13,$74,$43,$31,$58,$58,$163,$87,$43,44,$1.39,$1.36,$220,$0,$0,$446,$5698,$349,$80,$321,$6448,$6894,$171,$4204,$221,$5443,$5614,$42,$1639,$-199,$1280,$6894,$205,$303,$33,$336,$0,$0,$-24,$0,$-17,$542,$-800,$0,$0,$0,$467,$467,$28,$-305,$20,$-65,$-45,$-125,$-125,$-68,$2,$-237,$-5,$12,$-68
12,2015-09-30,40.59,$29.95,1.36,$33.06,1.23,$-33.66,0.0,$4.63,8.77,$0.40B,$0.15B,2.66,$4.30B,$1.27B,3.39,$1.47B,$0.87B,58.83%,$1.47B,$0.35B,24.05%,$1.47B,$0.35B,24.05%,$1.47B,$0.66B,44.63%,$1.47B,$0.26B,17.80%,$1.47B,$0.21B,13.99%,$0.21B,$1.27B,16.00%,$0.21B,$1.19B,17.08%,$0.21B,$6.91B,2.97%,$0.35B,$5.57B,6.32%,$386,$155,$232,$0,$44,$282,$104,$-45,$59,$20,$38,$40,$40,$182,$104,$43,43,$0.92,$0.91,$132,$0,$0,$396,$5653,$364,$81,$410,$6509,$6905,$149,$4302,$198,$5487,$5636,$42,$1598,$-182,$1269,$6905,$147,$227,$-1,$226,$0,$0,$-38,$-23,$-61,$312,$-617,$0,$0,$0,$308,$308,$15,$-294,$99,$-54,$45,$-105,$-105,$-52,$4,$-108,$-94,$0,$-52
13,2015-06-30,48.47,$29.74,1.63,$32.95,1.47,$-41.94,0.0,$4.86,9.97,$0.33B,$0.17B,1.94,$4.23B,$1.29B,3.29,$1.48B,$0.85B,57.52%,$1.48B,$0.34B,23.20%,$1.48B,$0.34B,23.20%,$1.48B,$0.64B,43.43%,$1.48B,$0.26B,17.67%,$1.48B,$0.22B,14.63%,$0.22B,$1.29B,16.65%,$0.22B,$1.20B,17.80%,$0.22B,$6.86B,3.14%,$0.34B,$5.51B,6.16%,$365,$150,$215,$0,$45,$277,$89,$-31,$57,$21,$36,$45,$45,$166,$89,$44,44,$1.04,$1.03,$72,$0,$0,$333,$5834,$369,$81,$243,$6527,$6860,$171,$4228,$200,$5403,$5575,$42,$1575,$-183,$1285,$6860,$108,$149,$-28,$121,$0,$0,$-33,$-5,$-37,$192,$-456,$0,$0,$0,$221,$221,$14,$-220,$44,$-68,$-24,$-64,$-64,$-35,$5,$-119,$-151,$0,$-35
14,2015-03-31,52.53,$29.21,1.8,$32.59,1.61,$-49.73,0.0,$4.98,10.55,$0.61B,$0.16B,3.75,$4.47B,$1.28B,3.48,$1.48B,$0.84B,56.47%,$1.48B,$0.33B,22.37%,$1.48B,$0.33B,22.37%,$1.48B,$0.63B,42.45%,$1.48B,$0.27B,17.92%,$1.48B,$0.23B,15.16%,$0.23B,$1.28B,16.97%,$0.23B,$1.20B,18.17%,$0.23B,$7.06B,3.25%,$0.33B,$5.75B,5.93%,$320,$118,$202,$0,$46,$239,$80,$0,$81,$27,$54,$62,$62,$152,$80,$44,45,$1.41,$1.39,$367,$0,$0,$614,$5759,$360,$79,$244,$6442,$7056,$164,$4465,$193,$5610,$5774,$42,$1547,$-197,$1283,$7056,$62,$72,$-28,$44,$0,$0,$-47,$-2,$-50,$56,$-280,$0,$0,$0,$177,$177,$17,$-86,$287,$-69,$218,$-25,$-25,$-18,$3,$177,$142,$0,$-18
15,2014-12-31,51.82,$29.73,1.74,$31.58,1.64,$-56.36,0.0,$4.49,11.54,$0.58B,$0.17B,3.48,$4.26B,$1.31B,3.24,$1.45B,$0.81B,55.69%,$1.45B,$0.32B,21.78%,$1.45B,$0.32B,21.78%,$1.45B,$0.60B,41.63%,$1.45B,$0.23B,15.92%,$1.45B,$0.21B,14.13%,$0.21B,$1.31B,15.07%,$0.21B,$1.23B,16.14%,$0.21B,$6.92B,2.95%,$0.32B,$5.57B,5.62%,$401,$185,$217,$0,$56,$320,$81,$-16,$65,$22,$44,$59,$59,$157,$81,$45,46,$1.30,$1.29,$224,$0,$0,$577,$5688,$358,$86,$211,$6343,$6920,$166,$4257,$246,$5440,$5606,$41,$1502,$-148,$1314,$6920,$205,$287,$-8,$279,$0,$0,$-5,$-25,$-34,$449,$-1166,$0,$0,$0,$255,$255,$33,$-879,$401,$50,$451,$-125,$-125,$-62,$-2,$262,$-170,$14,$-62
16,2014-09-30,52.24,$30.14,1.73,$30.38,1.72,$-47.38,0.0,$4.33,12.07,$0.44B,$0.17B,2.54,$4.17B,$1.33B,3.13,$1.41B,$0.78B,55.58%,$1.41B,$0.30B,21.46%,$1.41B,$0.30B,21.46%,$1.41B,$0.59B,41.65%,$1.41B,$0.22B,15.49%,$1.41B,$0.20B,14.14%,$0.20B,$1.33B,14.41%,$0.20B,$1.24B,15.45%,$0.20B,$6.82B,2.90%,$0.30B,$5.50B,5.44%,$397,$178,$219,$0,$46,$304,$94,$-35,$59,$20,$39,$51,$51,$169,$94,$44,45,$1.16,$1.14,$73,$0,$0,$438,$5685,$348,$89,$257,$6379,$6816,$173,$4165,$205,$5312,$5485,$41,$1458,$-85,$1331,$6816,$147,$212,$-22,$190,$0,$0,$-25,$-27,$-51,$285,$-977,$0,$0,$0,$182,$182,$35,$-760,$293,$37,$330,$-125,$-125,$-47,$-3,$156,$-320,$0,$-47
17,2014-06-30,59.6,$30.68,1.94,$29.14,2.05,$-39.70,0.0,$4.34,13.73,$0.52B,$0.21B,2.51,$4.20B,$1.37B,3.06,$1.36B,$0.75B,55.03%,$1.36B,$0.28B,20.54%,$1.36B,$0.28B,20.54%,$1.36B,$0.56B,40.94%,$1.36B,$0.21B,15.33%,$1.36B,$0.20B,14.82%,$0.20B,$1.37B,14.67%,$0.20B,$1.28B,15.75%,$0.20B,$6.92B,3.00%,$0.28B,$5.58B,5.15%,$366,$166,$200,$0,$45,$289,$77,$-16,$61,$20,$41,$53,$53,$152,$77,$46,46,$1.17,$1.15,$123,$0,$0,$517,$5689,$357,$94,$265,$6404,$6921,$206,$4203,$208,$5341,$5547,$41,$1422,$-39,$1374,$6921,$95,$137,$-25,$112,$0,$0,$-22,$-17,$-39,$168,$-806,$0,$0,$0,$138,$138,$24,$-644,$211,$117,$328,$-89,$-89,$-32,$-2,$206,$-269,$0,$-32
18,2014-03-31,60.14,$30.91,1.95,$28.44,2.11,$-31.09,0.0,$3.93,15.3,$0.83B,$0.17B,4.86,$4.43B,$1.42B,3.11,$1.34B,$0.72B,54.12%,$1.34B,$0.26B,19.46%,$1.34B,$0.26B,19.46%,$1.34B,$0.53B,39.67%,$1.34B,$0.18B,13.40%,$1.34B,$0.18B,13.77%,$0.18B,$1.42B,13.75%,$0.18B,$1.33B,14.79%,$0.18B,$7.12B,2.82%,$0.26B,$5.85B,4.93%,$287,$115,$172,$0,$43,$223,$64,$-17,$46,$14,$32,$42,$42,$126,$64,$46,47,$0.92,$0.90,$462,$0,$0,$833,$5600,$349,$95,$243,$6286,$7119,$172,$4426,$189,$5524,$5696,$41,$1385,$-40,$1423,$7119,$42,$62,$-14,$48,$0,$0,$-40,$1,$-39,$51,$-596,$0,$0,$0,$67,$67,$13,$-517,$535,$15,$550,$0,$0,$-17,$-1,$532,$67,$0,$-17
19,2013-12-31,45.98,$30.46,1.51,$28.02,1.64,$-22.15,0.0,$3.60,12.77,$0.81B,$0.16B,5.04,$3.87B,$1.40B,2.77,$1.32B,$0.71B,53.60%,$1.32B,$0.25B,18.77%,$1.32B,$0.25B,18.77%,$1.32B,$0.52B,39.06%,$1.32B,$0.16B,12.04%,$1.32B,$0.17B,12.79%,$0.17B,$1.40B,13.12%,$0.17B,$1.30B,14.13%,$0.17B,$6.55B,2.69%,$0.25B,$5.27B,4.91%,$357,$165,$191,$0,$49,$289,$67,$-15,$52,$18,$34,$53,$53,$139,$67,$46,47,$1.15,$1.13,$400,$0,$0,$805,$5070,$354,$95,$226,$5745,$6550,$160,$3871,$231,$4993,$5153,$41,$1358,$-43,$1397,$6550,$169,$268,$-42,$226,$0,$0,$-8,$9,$6,$401,$-715,$0,$0,$0,$270,$270,$42,$-403,$527,$-251,$276,$-69,$-69,$-61,$3,$149,$146,$13,$-61
20,2013-09-30,41.62,$28.39,1.47,$27.42,1.52,$-21.06,0.0,$3.08,13.51,$0.58B,$0.20B,2.95,$3.75B,$1.31B,2.86,$1.30B,$0.69B,52.93%,$1.30B,$0.24B,18.21%,$1.30B,$0.24B,18.21%,$1.30B,$0.50B,38.35%,$1.30B,$0.14B,10.80%,$1.30B,$0.15B,11.27%,$0.15B,$1.31B,11.68%,$0.15B,$1.22B,12.60%,$0.15B,$6.34B,2.37%,$0.24B,$5.07B,4.78%,$353,$167,$187,$0,$42,$281,$72,$-22,$50,$31,$19,$54,$54,$141,$72,$46,47,$1.16,$1.15,$173,$0,$0,$583,$5109,$362,$94,$192,$5756,$6339,$198,$3754,$237,$4830,$5027,$41,$1320,$-103,$1312,$6339,$116,$196,$-52,$144,$0,$0,$-31,$24,$-7,$253,$-610,$0,$0,$0,$171,$171,$32,$-406,$396,$-227,$169,$-50,$-50,$-46,$-2,$71,$-84,$0,$-46
21,2013-06-30,41.27,$26.38,1.56,$26.85,1.54,$-17.71,0.0,$3.06,13.49,$0.45B,$0.17B,2.68,$3.68B,$1.22B,3.02,$1.28B,$0.67B,52.78%,$1.28B,$0.23B,18.20%,$1.28B,$0.23B,18.20%,$1.28B,$0.49B,38.27%,$1.28B,$0.12B,9.65%,$1.28B,$0.15B,11.45%,$0.15B,$1.22B,11.89%,$0.15B,$1.13B,12.84%,$0.15B,$6.12B,2.39%,$0.23B,$4.90B,4.73%,$339,$166,$173,$0,$46,$282,$57,$-27,$31,$9,$22,$35,$35,$124,$57,$47,47,$0.75,$0.74,$122,$0,$0,$448,$4959,$424,$91,$197,$5671,$6119,$167,$3677,$249,$4733,$4900,$41,$1281,$-154,$1219,$6119,$62,$127,$-30,$98,$0,$0,$-21,$-10,$-31,$129,$-372,$0,$0,$0,$58,$58,$23,$-291,$365,$-256,$109,$-50,$-50,$-31,$-1,$27,$-138,$0,$-31
22,2013-03-31,44.93,$26.16,1.72,$26.45,1.7,$-17.98,0.0,$2.81,15.99,$0.68B,$0.15B,4.51,$3.74B,$1.22B,3.06,$1.26B,$0.67B,53.06%,$1.26B,$0.24B,18.90%,$1.26B,$0.24B,18.90%,$1.26B,$0.49B,38.84%,$1.26B,$0.13B,10.48%,$1.26B,$0.14B,10.72%,$0.14B,$1.22B,11.10%,$0.14B,$1.13B,11.99%,$0.14B,$6.15B,2.23%,$0.24B,$4.97B,4.89%,$272,$116,$157,$0,$42,$221,$52,$-25,$26,$8,$19,$27,$27,$112,$52,$47,48,$0.58,$0.57,$348,$0,$0,$684,$4694,$486,$90,$192,$5461,$6145,$152,$3742,$238,$4770,$4921,$41,$1261,$-158,$1224,$6145,$27,$61,$-17,$44,$0,$0,$-46,$-0,$-46,$24,$-153,$0,$0,$0,$56,$56,$11,$-85,$333,$-150,$183,$-18,$-18,$-16,$-0,$148,$87,$0,$-16
23,2012-12-31,37.2,$26.53,1.4,$26.14,1.42,$-17.88,0.0,$2.88,12.92,$0.62B,$0.18B,3.5,$3.57B,$1.24B,2.87,$1.24B,$0.66B,53.22%,$1.24B,$0.24B,19.21%,$1.24B,$0.24B,19.21%,$1.24B,$0.49B,39.31%,$1.24B,$0.14B,11.58%,$1.24B,$0.14B,11.09%,$0.14B,$1.24B,11.46%,$0.14B,$1.15B,12.40%,$0.14B,$6.06B,2.31%,$0.24B,$4.81B,4.99%,$332,$163,$169,$0,$45,$277,$55,$-22,$33,$4,$29,$30,$30,$120,$55,$47,48,$0.63,$0.62,$264,$0,$0,$621,$4654,$502,$92,$187,$5435,$6055,$177,$3568,$283,$4634,$4811,$41,$1249,$-145,$1244,$6055,$137,$249,$-4,$246,$0,$0,$-11,$7,$-13,$370,$-636,$0,$0,$0,$258,$258,$34,$-344,$-229,$243,$14,$0,$0,$-59,$5,$-40,$-14,$12,$-59
24,2012-09-30,36.21,$26.13,1.39,$26.71,1.36,$-16.96,0.0,$2.93,12.36,$0.81B,$0.16B,5.11,$3.71B,$1.23B,3.03,$1.27B,$0.70B,54.93%,$1.27B,$0.29B,22.46%,$1.27B,$0.29B,22.46%,$1.27B,$0.53B,42.00%,$1.27B,$0.15B,12.14%,$1.27B,$0.14B,11.03%,$0.14B,$1.23B,11.92%,$0.14B,$1.14B,12.91%,$0.14B,$6.13B,2.36%,$0.29B,$4.93B,6.00%,$332,$158,$174,$0,$39,$264,$68,$-36,$33,$-2,$34,$54,$54,$132,$68,$47,48,$1.15,$1.13,$458,$0,$0,$810,$4509,$532,$90,$185,$5316,$6125,$158,$3708,$233,$4741,$4900,$41,$1235,$-143,$1225,$6125,$108,$185,$-32,$153,$0,$0,$-37,$11,$-36,$225,$-428,$0,$0,$0,$235,$235,$30,$-163,$-25,$188,$164,$0,$0,$-44,$2,$122,$182,$0,$-44
25,2012-06-30,32.63,$24.98,1.31,$26.93,1.21,$-16.92,0.0,$2.50,13.05,$0.61B,$0.14B,4.44,$3.58B,$1.17B,3.06,$1.28B,$0.71B,55.76%,$1.28B,$0.31B,24.28%,$1.28B,$0.31B,24.28%,$1.28B,$0.55B,43.38%,$1.28B,$0.17B,12.92%,$1.28B,$0.12B,9.32%,$0.12B,$1.17B,10.28%,$0.12B,$1.08B,11.16%,$0.12B,$5.92B,2.04%,$0.31B,$4.75B,6.64%,$323,$156,$168,$0,$39,$260,$63,$-23,$40,$13,$27,$24,$24,$125,$63,$47,48,$0.50,$0.49,$258,$0,$0,$609,$4508,$520,$89,$192,$5309,$5918,$137,$3578,$246,$4610,$4747,$41,$1195,$-155,$1171,$5918,$54,$121,$-18,$103,$0,$0,$-29,$-15,$-44,$112,$-371,$0,$0,$0,$205,$205,$22,$-143,$-33,$73,$40,$0,$0,$-30,$0,$11,$-21,$0,$-30
26,2012-03-31,33.88,$25.10,1.35,$27.11,1.25,$-14.31,0.0,$2.57,13.18,$0.54B,$0.13B,4.03,$3.48B,$1.18B,2.96,$1.28B,$0.73B,56.85%,$1.28B,$0.34B,26.40%,$1.28B,$0.34B,26.40%,$1.28B,$0.58B,45.25%,$1.28B,$0.16B,12.54%,$1.28B,$0.12B,9.42%,$0.12B,$1.18B,10.41%,$0.12B,$1.08B,11.32%,$0.12B,$5.79B,2.10%,$0.34B,$4.65B,7.36%,$257,$106,$151,$0,$38,$203,$53,$-15,$38,$11,$27,$30,$30,$112,$53,$47,48,$0.65,$0.64,$173,$0,$0,$535,$4461,$509,$93,$196,$5258,$5793,$133,$3477,$229,$4485,$4617,$41,$1187,$-140,$1176,$5793,$30,$59,$-12,$47,$0,$0,$-52,$3,$-49,$28,$-151,$0,$0,$0,$95,$95,$13,$-44,$-224,$146,$-78,$0,$0,$-15,$1,$-91,$-107,$0,$-15
27,2011-12-31,36.45,$24.16,1.51,$27.72,1.32,$-13.22,0.0,$2.35,15.51,$0.71B,$0.14B,5.26,$3.55B,$1.13B,3.15,$1.31B,$0.75B,57.14%,$1.31B,$0.37B,28.04%,$1.31B,$0.37B,28.04%,$1.31B,$0.61B,46.22%,$1.31B,$0.15B,11.38%,$1.31B,$0.11B,8.48%,$0.11B,$1.13B,9.60%,$0.11B,$1.04B,10.45%,$0.11B,$5.86B,1.95%,$0.37B,$4.67B,8.10%,$357,$154,$204,$0,$43,$256,$101,$-58,$43,$11,$32,$32,$32,$164,$101,$47,47,$0.68,$0.67,$284,$0,$0,$714,$4359,$514,$91,$180,$5144,$5858,$136,$3547,$282,$4595,$4730,$41,$1171,$-169,$1127,$5858,$111,$239,$-38,$200,$0,$0,$-8,$-6,$-4,$307,$-528,$0,$0,$0,$6,$6,$64,$-458,$459,$-85,$374,$0,$0,$-56,$5,$323,$170,$11,$-56
28,2011-09-30,25.69,$24.79,1.04,$26.89,0.96,$-12.90,0.0,$2.10,12.24,$0.58B,$0.15B,3.87,$3.44B,$1.16B,2.98,$1.27B,$0.71B,56.08%,$1.27B,$0.34B,26.70%,$1.27B,$0.34B,26.70%,$1.27B,$0.57B,45.18%,$1.27B,$0.12B,9.79%,$1.27B,$0.10B,7.82%,$0.10B,$1.16B,8.58%,$0.10B,$1.06B,9.35%,$0.10B,$5.76B,1.77%,$0.34B,$4.60B,7.62%,$340,$151,$189,$0,$39,$247,$93,$-49,$44,$11,$33,$33,$33,$153,$93,$47,47,$0.71,$0.70,$166,$0,$0,$581,$4338,$548,$93,$197,$5176,$5757,$150,$3442,$240,$4451,$4601,$41,$1154,$-118,$1155,$5757,$79,$176,$-65,$112,$0,$0,$-33,$19,$-2,$189,$-389,$0,$0,$0,$-24,$-24,$38,$-375,$250,$9,$259,$5,$5,$-42,$-1,$221,$37,$0,$-42
29,2011-06-30,30.52,$25.57,1.19,$26.42,1.16,$-8.48,0.0,$1.85,16.5,$0.52B,$0.14B,3.74,$3.30B,$1.19B,2.77,$1.24B,$0.69B,55.73%,$1.24B,$0.33B,26.61%,$1.24B,$0.33B,26.61%,$1.24B,$0.56B,45.24%,$1.24B,$0.11B,8.71%,$1.24B,$0.09B,7.02%,$0.09B,$1.19B,7.63%,$0.09B,$1.09B,8.33%,$0.09B,$5.64B,1.60%,$0.33B,$4.49B,7.71%,$330,$143,$186,$0,$37,$238,$92,$-56,$36,$9,$26,$26,$26,$152,$92,$46,47,$0.57,$0.56,$103,$0,$0,$515,$4262,$568,$99,$200,$5128,$5643,$138,$3298,$256,$4314,$4451,$41,$1135,$-61,$1191,$5643,$46,$116,$-47,$68,$0,$0,$-23,$17,$3,$117,$-251,$0,$0,$0,$8,$8,$25,$-217,$113,$-16,$97,$5,$5,$-28,$-1,$72,$-28,$0,$-28
30,2011-03-31,31.53,$24.87,1.27,$25.75,1.22,$-6.28,0.0,$1.75,18.02,$0.49B,$0.13B,3.91,$3.22B,$1.15B,2.79,$1.21B,$0.67B,55.19%,$1.21B,$0.31B,25.73%,$1.21B,$0.31B,25.73%,$1.21B,$0.54B,44.73%,$1.21B,$0.10B,8.05%,$1.21B,$0.08B,6.89%,$0.08B,$1.15B,7.52%,$0.08B,$1.06B,8.22%,$0.08B,$5.50B,1.57%,$0.31B,$4.37B,7.48%,$282,$113,$169,$0,$36,$202,$81,$-55,$26,$6,$20,$20,$20,$136,$81,$46,47,$0.43,$0.42,$109,$0,$0,$494,$4190,$525,$97,$193,$5004,$5499,$126,$3220,$240,$4219,$4345,$41,$1123,$-80,$1154,$5499,$20,$55,$-28,$27,$0,$0,$-49,$34,$-10,$37,$-108,$0,$0,$0,$17,$17,$13,$-77,$-28,$58,$30,$1,$1,$-15,$-0,$16,$-25,$0,$-15
31,2010-12-31,28.53,$24.02,1.19,$25.68,1.11,$-6.22,0.0,$1.73,16.49,$0.54B,$0.12B,4.73,$3.18B,$1.11B,2.85,$1.21B,$0.67B,55.52%,$1.21B,$0.32B,26.31%,$1.21B,$0.32B,26.31%,$1.21B,$0.55B,45.23%,$1.21B,$0.10B,8.05%,$1.21B,$0.08B,6.80%,$0.08B,$1.11B,7.53%,$0.08B,$1.02B,8.23%,$0.08B,$5.44B,1.56%,$0.32B,$4.29B,7.74%,$314,$148,$166,$0,$38,$241,$72,$-55,$18,$-2,$20,$20,$20,$131,$72,$46,47,$0.42,$0.42,$135,$0,$0,$542,$4134,$486,$93,$188,$4900,$5442,$115,$3177,$287,$4214,$4329,$41,$1117,$-110,$1114,$5442,$81,$228,$-47,$181,$0,$0,$-13,$3,$-18,$244,$-447,$0,$0,$0,$19,$19,$9,$-418,$217,$47,$264,$0,$0,$-54,$1,$211,$37,$0,$-54
32,2010-09-30,23.53,$23.73,0.99,$25.30,0.93,$-3.86,0.0,$1.76,13.37,$0.44B,$0.12B,3.52,$2.88B,$1.10B,2.62,$1.20B,$0.67B,55.58%,$1.20B,$0.33B,27.25%,$1.20B,$0.33B,27.25%,$1.20B,$0.56B,46.25%,$1.20B,$0.10B,8.42%,$1.20B,$0.08B,7.00%,$0.08B,$1.10B,7.74%,$0.08B,$1.01B,8.46%,$0.08B,$5.13B,1.62%,$0.33B,$3.98B,8.12%,$314,$144,$170,$0,$31,$230,$85,$-56,$28,$7,$21,$21,$21,$142,$85,$46,47,$0.45,$0.45,$56,$0,$0,$436,$3941,$462,$94,$200,$4697,$5134,$124,$2880,$289,$3911,$4035,$41,$1111,$-114,$1099,$5134,$61,$169,$-38,$131,$0,$0,$-38,$2,$-42,$151,$-142,$0,$0,$0,$31,$31,$23,$-89,$-43,$3,$-41,$1,$1,$-40,$0,$-80,$-18,$0,$-40
33,2010-06-30,21.21,$22.57,0.94,$24.66,0.86,$-7.13,0.0,$1.72,12.33,$0.42B,$0.12B,3.65,$2.89B,$1.05B,2.77,$1.18B,$0.66B,56.28%,$1.18B,$0.32B,26.99%,$1.18B,$0.32B,26.99%,$1.18B,$0.55B,46.43%,$1.18B,$0.10B,8.49%,$1.18B,$0.08B,7.05%,$0.08B,$1.05B,7.62%,$0.08B,$0.96B,8.34%,$0.08B,$5.08B,1.59%,$0.32B,$3.94B,7.83%,$295,$135,$160,$0,$33,$223,$72,$-47,$25,$4,$22,$22,$22,$130,$72,$46,47,$0.47,$0.46,$61,$0,$0,$423,$3919,$455,$87,$199,$4660,$5083,$116,$2894,$300,$3922,$4038,$41,$1103,$-159,$1045,$5083,$40,$112,$-11,$101,$0,$0,$-33,$-17,$-55,$86,$-116,$0,$0,$0,$27,$27,$16,$-73,$-37,$37,$-0,$1,$1,$-27,$0,$-26,$-12,$0,$-27
34,2010-03-31,22.56,$23.69,0.95,$24.32,0.93,$-8.64,0.0,$1.53,14.74,$0.55B,$0.11B,5.1,$3.09B,$1.10B,2.82,$1.17B,$0.67B,56.83%,$1.17B,$0.32B,27.22%,$1.17B,$0.32B,27.22%,$1.17B,$0.55B,46.76%,$1.17B,$0.10B,8.11%,$1.17B,$0.07B,6.31%,$0.07B,$1.10B,6.76%,$0.07B,$1.00B,7.41%,$0.07B,$5.31B,1.42%,$0.32B,$4.18B,7.86%,$282,$109,$173,$0,$34,$194,$88,$-62,$26,$8,$19,$19,$19,$142,$88,$46,48,$0.41,$0.40,$207,$0,$0,$549,$4001,$467,$93,$197,$4758,$5307,$108,$3086,$286,$4103,$4211,$41,$1095,$-97,$1096,$5307,$19,$54,$-23,$31,$0,$0,$-53,$7,$-50,$-0,$-68,$0,$0,$0,$29,$29,$7,$-33,$206,$-27,$179,$0,$0,$-14,$0,$165,$132,$0,$-14
35,2009-12-31,22.4,$23.92,0.94,$23.64,0.95,$-8.25,0.0,$1.69,13.26,$0.44B,$0.12B,3.58,$2.91B,$1.10B,2.64,$1.15B,$0.66B,57.37%,$1.15B,$0.32B,27.30%,$1.15B,$0.32B,27.30%,$1.15B,$0.54B,47.05%,$1.15B,$0.11B,9.45%,$1.15B,$0.08B,7.19%,$0.08B,$1.10B,7.62%,$0.08B,$1.01B,8.36%,$0.08B,$5.21B,1.61%,$0.32B,$4.02B,7.91%,$309,$145,$164,$0,$26,$227,$82,$-60,$22,$0,$22,$22,$22,$141,$82,$47,49,$0.47,$0.45,$75,$0,$0,$440,$4033,$452,$98,$184,$4767,$5206,$123,$2913,$337,$3981,$4104,$41,$1090,$-85,$1103,$5206,$81,$227,$-34,$194,$0,$0,$-7,$8,$-8,$267,$-364,$0,$0,$0,$-14,$-14,$69,$-308,$145,$-55,$90,$-55,$-55,$-54,$-1,$-20,$-61,$0,$-54
36,2009-09-30,21.57,$24.12,0.89,$23.86,0.9,$-10.84,0.0,$1.82,11.85,$0.49B,$0.12B,4.23,$3.01B,$1.11B,2.7,$1.18B,$0.69B,58.15%,$1.18B,$0.33B,27.84%,$1.18B,$0.33B,27.84%,$1.18B,$0.55B,46.86%,$1.18B,$0.13B,10.78%,$1.18B,$0.09B,7.64%,$0.09B,$1.11B,8.22%,$0.09B,$1.01B,9.01%,$0.09B,$5.26B,1.75%,$0.33B,$4.12B,8.28%,$292,$126,$166,$0,$35,$216,$76,$-49,$27,$8,$20,$20,$20,$134,$76,$46,48,$0.43,$0.42,$121,$0,$0,$485,$4028,$451,$99,$195,$4773,$5258,$115,$3005,$298,$4031,$4146,$41,$1082,$-66,$1112,$5258,$60,$168,$-51,$117,$0,$0,$-35,$-1,$-45,$132,$-280,$0,$0,$0,$-6,$-6,$54,$-233,$218,$-43,$175,$-55,$-55,$-39,$1,$81,$-19,$0,$-39
37,2009-06-30,19.67,$23.24,0.85,$26.03,0.76,$-12.43,0.0,$2.87,6.85,$0.43B,$0.12B,3.54,$2.85B,$1.07B,2.67,$1.31B,$0.77B,58.53%,$1.31B,$0.40B,30.30%,$1.31B,$0.40B,30.30%,$1.31B,$0.62B,47.36%,$1.31B,$0.20B,15.30%,$1.31B,$0.14B,11.02%,$0.14B,$1.07B,12.69%,$0.14B,$0.97B,13.86%,$0.14B,$5.09B,2.82%,$0.40B,$3.92B,10.15%,$289,$126,$163,$0,$34,$216,$73,$-53,$20,$7,$13,$13,$13,$131,$73,$46,48,$0.27,$0.27,$72,$0,$0,$429,$3985,$380,$96,$201,$4662,$5091,$121,$2854,$330,$3900,$4021,$41,$1075,$-100,$1070,$5091,$40,$111,$-13,$98,$0,$0,$-33,$-20,$-52,$86,$-190,$0,$0,$0,$34,$34,$47,$-108,$-72,$109,$37,$-55,$-55,$-27,$1,$-44,$-67,$0,$-27
38,2009-03-31,15.3,$22.66,0.68,$27.53,0.56,$-11.81,0.0,$3.42,4.47,$0.47B,$0.13B,3.72,$2.80B,$1.07B,2.62,$1.40B,$0.81B,57.81%,$1.40B,$0.43B,30.87%,$1.40B,$0.43B,30.87%,$1.40B,$0.65B,46.70%,$1.40B,$0.24B,17.26%,$1.40B,$0.17B,12.25%,$0.17B,$1.07B,14.46%,$0.17B,$0.98B,15.79%,$0.17B,$5.05B,3.38%,$0.43B,$3.87B,11.23%,$264,$96,$169,$0,$33,$180,$84,$-45,$40,$12,$28,$28,$28,$137,$84,$48,50,$0.57,$0.56,$111,$0,$0,$470,$3891,$389,$92,$208,$4580,$5050,$127,$2801,$339,$3854,$3980,$41,$1076,$-124,$1070,$5050,$28,$53,$1,$54,$0,$0,$-51,$1,$-52,$30,$-82,$0,$0,$0,$27,$27,$33,$-22,$-13,$10,$-3,$-30,$-30,$-14,$8,$-39,$-32,$0,$-14
39,2008-12-31,23.09,$23.08,1.0,$28.30,0.82,$-11.74,0.0,$3.89,5.94,$0.54B,$0.14B,3.86,$2.81B,$1.13B,2.5,$1.44B,$0.84B,58.14%,$1.44B,$0.46B,31.95%,$1.44B,$0.46B,31.95%,$1.44B,$0.68B,47.12%,$1.44B,$0.27B,18.57%,$1.44B,$0.20B,13.51%,$0.20B,$1.13B,16.26%,$0.20B,$1.03B,17.80%,$0.20B,$5.19B,3.91%,$0.46B,$3.93B,12.21%,$333,$146,$187,$0,$40,$238,$95,$-55,$40,$11,$29,$29,$29,$150,$95,$48,51,$0.60,$0.57,$143,$0,$0,$541,$3922,$399,$96,$233,$4650,$5191,$140,$2809,$406,$3926,$4066,$41,$1063,$-85,$1125,$5191,$195,$219,$-53,$167,$0,$0,$-9,$3,$3,$364,$-597,$0,$0,$0,$54,$54,$60,$-484,$365,$-122,$243,$-69,$-69,$-52,$0,$122,$-2,$0,$-52
40,2008-09-30,29.19,$26.16,1.12,$27.97,1.04,$-12.19,0.0,$4.10,7.12,$0.54B,$0.14B,3.78,$2.60B,$1.28B,2.04,$1.45B,$0.84B,57.43%,$1.45B,$0.46B,31.43%,$1.45B,$0.46B,31.43%,$1.45B,$0.68B,46.42%,$1.45B,$0.27B,18.64%,$1.45B,$0.21B,14.10%,$0.21B,$1.28B,17.01%,$0.21B,$1.18B,18.64%,$0.21B,$5.09B,4.20%,$0.46B,$3.87B,12.46%,$421,$174,$246,$0,$48,$277,$144,$-44,$100,$26,$74,$74,$74,$201,$144,$49,51,$1.52,$1.46,$86,$0,$0,$537,$3744,$425,$100,$288,$4557,$5094,$142,$2599,$302,$3677,$3820,$41,$1067,$83,$1275,$5094,$166,$164,$-43,$121,$0,$0,$-35,$-22,$-71,$216,$-454,$0,$0,$0,$42,$42,$22,$-389,$312,$-87,$225,$-69,$-69,$-39,$0,$117,$-57,$0,$-39
41,2008-06-30,32.49,$25.90,1.25,$26.79,1.21,$-11.07,0.0,$4.26,7.63,$0.55B,$0.14B,4.01,$2.41B,$1.26B,1.91,$1.41B,$0.81B,57.54%,$1.41B,$0.45B,31.56%,$1.41B,$0.45B,31.56%,$1.41B,$0.66B,46.57%,$1.41B,$0.26B,18.19%,$1.41B,$0.22B,15.36%,$0.22B,$1.26B,18.72%,$0.22B,$1.15B,20.61%,$0.22B,$4.89B,4.59%,$0.45B,$3.67B,12.67%,$378,$174,$205,$0,$43,$270,$108,$-48,$61,$20,$40,$40,$40,$164,$108,$46,51,$0.87,$0.82,$108,$0,$0,$548,$3577,$387,$110,$268,$4341,$4889,$137,$2411,$331,$3492,$3628,$41,$1006,$129,$1260,$4889,$92,$107,$-25,$82,$0,$0,$-28,$-49,$-74,$100,$-177,$0,$0,$0,$30,$30,$20,$-127,$317,$-230,$87,$-70,$-70,$-25,$0,$-8,$-36,$0,$-25
42,2008-03-31,28.47,$24.79,1.15,$25.52,1.12,$-10.82,0.0,$4.21,6.76,$0.56B,$0.12B,4.5,$2.49B,$1.14B,2.19,$1.38B,$0.81B,58.25%,$1.38B,$0.45B,32.42%,$1.38B,$0.45B,32.42%,$1.38B,$0.66B,47.40%,$1.38B,$0.26B,19.10%,$1.38B,$0.22B,15.85%,$0.22B,$1.14B,19.63%,$0.22B,$1.03B,21.64%,$0.22B,$4.80B,4.76%,$0.45B,$3.62B,13.23%,$311,$110,$201,$0,$39,$197,$114,$-47,$67,$15,$52,$52,$52,$165,$114,$47,52,$1.10,$1.03,$166,$0,$0,$558,$3539,$331,$110,$260,$4240,$4798,$124,$2486,$318,$3536,$3660,$39,$979,$108,$1137,$4798,$52,$51,$-30,$22,$0,$0,$-49,$7,$-40,$33,$-83,$0,$0,$0,$56,$56,$11,$-16,$327,$-235,$92,$-76,$-76,$-12,$0,$3,$20,$0,$-12
43,2007-12-31,26.54,$24.00,1.11,$24.15,1.1,$-11.08,0.0,$3.80,6.98,$0.57B,$0.12B,4.79,$2.36B,$1.15B,2.05,$1.35B,$0.78B,58.02%,$1.35B,$0.43B,32.02%,$1.35B,$0.43B,32.02%,$1.35B,$0.63B,46.95%,$1.35B,$0.26B,19.02%,$1.35B,$0.20B,15.01%,$0.20B,$1.15B,18.22%,$0.20B,$1.05B,20.02%,$0.20B,$4.73B,4.44%,$0.43B,$3.51B,12.91%,$344,$161,$183,$0,$40,$253,$91,$-48,$43,$3,$39,$39,$39,$145,$91,$50,55,$0.79,$0.75,$149,$0,$0,$573,$3509,$318,$104,$221,$4153,$4726,$120,$2360,$374,$3457,$3576,$39,$939,$86,$1150,$4726,$202,$201,$-52,$149,$0,$0,$-7,$5,$-11,$340,$-618,$0,$0,$0,$224,$224,$26,$-368,$-133,$225,$91,$-278,$-278,$-48,$-12,$-247,$-92,$0,$-48
44,2007-09-30,30.73,$22.74,1.35,$23.06,1.33,$-17.35,0.0,$3.62,8.49,$0.56B,$0.15B,3.82,$2.19B,$1.09B,2.01,$1.32B,$0.77B,58.41%,$1.32B,$0.43B,32.58%,$1.32B,$0.43B,32.58%,$1.32B,$0.62B,47.27%,$1.32B,$0.26B,19.62%,$1.32B,$0.20B,15.08%,$0.20B,$1.09B,17.88%,$0.20B,$0.99B,19.58%,$0.20B,$4.50B,4.39%,$0.43B,$3.28B,13.01%,$380,$156,$224,$0,$42,$247,$133,$-46,$86,$22,$64,$64,$86,$184,$133,$49,54,$1.76,$1.62,$112,$0,$0,$560,$3312,$322,$103,$205,$3941,$4501,$146,$2185,$334,$3265,$3411,$39,$910,$66,$1090,$4501,$163,$147,$-42,$105,$0,$0,$-35,$-7,$-56,$212,$-402,$0,$0,$0,$206,$206,$22,$-175,$-160,$112,$-49,$-279,$-279,$-36,$0,$-363,$-128,$0,$-36
45,2007-06-30,35.2,$21.62,1.63,$21.41,1.64,$-23.04,0.0,$1.87,18.82,$0.63B,$0.18B,3.6,$2.05B,$1.09B,1.89,$1.28B,$0.74B,57.60%,$1.28B,$0.41B,31.82%,$1.28B,$0.41B,31.82%,$1.28B,$0.59B,46.55%,$1.28B,$0.24B,18.73%,$1.28B,$0.10B,7.99%,$0.10B,$1.09B,9.08%,$0.10B,$0.99B,9.91%,$0.10B,$4.37B,2.11%,$0.41B,$3.14B,11.36%,$347,$150,$197,$0,$39,$237,$110,$-42,$68,$24,$44,$44,$42,$161,$110,$51,56,$0.83,$0.77,$133,$0,$0,$629,$3153,$298,$97,$191,$3739,$4368,$175,$2052,$363,$3108,$3283,$39,$836,$30,$1085,$4368,$77,$95,$10,$105,$0,$0,$-24,$-13,$-24,$159,$-230,$0,$0,$0,$130,$130,$11,$-89,$-145,$-30,$-175,$-171,$-171,$-25,$0,$-371,$-110,$0,$-25
46,2007-03-31,34.0,$21.56,1.58,$20.09,1.69,$-29.58,0.0,$1.80,18.89,$0.94B,$0.20B,4.79,$2.32B,$1.11B,2.09,$1.23B,$0.71B,57.75%,$1.23B,$0.39B,31.71%,$1.23B,$0.39B,31.71%,$1.23B,$0.57B,46.31%,$1.23B,$0.23B,18.41%,$1.23B,$0.10B,8.19%,$0.10B,$1.11B,8.87%,$0.10B,$1.02B,9.65%,$0.10B,$4.62B,1.94%,$0.39B,$3.43B,10.01%,$275,$98,$177,$0,$38,$178,$97,$-38,$59,$22,$37,$37,$35,$142,$97,$52,59,$0.67,$0.62,$466,$0,$0,$942,$3087,$299,$94,$195,$3678,$4620,$197,$2321,$335,$3315,$3511,$38,$806,$7,$1109,$4620,$35,$45,$-9,$36,$0,$0,$-45,$15,$-28,$43,$-116,$0,$0,$0,$71,$71,$3,$-41,$-157,$261,$103,$-91,$-91,$-13,$0,$0,$221,$0,$-13
47,2006-12-31,30.66,$22.46,1.37,$19.84,1.55,$-32.13,0.0,$2.01,15.26,$0.78B,$0.16B,4.88,$2.22B,$1.17B,1.9,$1.23B,$0.70B,57.12%,$1.23B,$0.39B,31.90%,$1.23B,$0.39B,31.90%,$1.23B,$0.57B,45.97%,$1.23B,$0.23B,18.47%,$1.23B,$0.11B,9.11%,$0.11B,$1.17B,9.90%,$0.11B,$1.08B,10.77%,$0.11B,$4.65B,2.07%,$0.39B,$3.38B,9.64%,$318,$145,$173,$0,$38,$228,$90,$-44,$46,$18,$29,$29,$36,$137,$90,$51,62,$0.70,$0.71,$244,$0,$0,$776,$3029,$292,$93,$225,$3871,$4647,$159,$2215,$348,$3320,$3479,$37,$788,$-3,$1168,$4647,$113,$174,$40,$214,$0,$0,$-17,$-16,$-33,$293,$-995,$0,$0,$0,$93,$93,$25,$-876,$156,$-35,$121,$31,$31,$-43,$4,$113,$90,$0,$-43
