,Date,Stock Price,Book Value per Share,Price to Book Ratio,TTM Sales per Share,Price to Sales Ratio,TTM FCF per Share,Price to FCF Ratio,TTM Net EPS,PE Ratio,Current Assets,Current Liabilities,Current Ratio,Long Term Debt,Shareholder's Equity_x,Debt to Equity Ratio,TTM Revenue_x,TTM Gross Profit,Gross Margin,TTM Revenue_y,TTM Operating Income,Operating Margin,TTM Revenue_x,TTM EBIT,EBIT Margin,TTM Revenue_y,TTM EBITDA,EBITDA Margin,TTM Revenue_x,TTM Pre-Tax Income,Pre-Tax Margin,TTM Revenue_y,TTM Net Income_x,Net Margin,TTM Net Income_y,Shareholder's Equity_y,Return on Equity,TTM Net Income_x,Tangible Equity,Return on Tangible Equity,TTM Net Income_y,Total Assets,Return on Assets,TTM Net Income,LT Investments & Debt,Return on Investment,revenue,cost-goods-sold,gross-profit,research-development-expenses,selling-general-administrative-expenses,operating-expenses,operating-income,total-non-operating-income-expense,pre-tax-income,total-provision-income-taxes,income-after-taxes,income-from-continuous-operations,net-income,ebitda,ebit,basic-shares-outstanding,shares-outstanding,eps-basic-net-earnings-per-share,eps-earnings-per-share-diluted,cash-on-hand,inventory,other-current-assets,total-current-assets,net-property-plant-equipment,long-term-investments,goodwill-intangible-assets-total,other-long-term-assets,total-long-term-assets,total-assets,total-current-liabilities,long-term-debt,other-non-current-liabilities,total-long-term-liabilities,total-liabilities,common-stock-net,retained-earnings-accumulated-deficit,comprehensive-income,total-share-holder-equity,total-liabilities-share-holders-equity,net-income-loss,total-depreciation-amortization-cash-flow,other-non-cash-items,total-non-cash-items,change-in-accounts-receivable,change-in-inventories,change-in-accounts-payable,change-in-assets-liabilities,total-change-in-assets-liabilities,cash-flow-from-operating-activities,net-change-in-property-plant-equipment,net-change-in-intangible-assets,net-acquisitions-divestitures,net-change-in-short-term-investments,net-change-in-long-term-investments,net-change-in-investments-total,investing-activities-other,cash-flow-from-investing-activities,net-long-term-debt,net-current-debt,debt-issuance-retirement-net-total,net-common-equity-issued-repurchased,net-total-equity-issued-repurchased,total-common-preferred-stock-dividends-paid,financial-activities-other,cash-flow-from-financial-activities,net-cash-flow,stock-based-compensation,common-stock-dividends-paid
0,2018-09-30,43.09,$17.66,2.44,$6.81,6.33,$6.53,6.6,$1.77,24.34,$8.41B,$10.01B,0.84,$0.30B,$1.49B,0.2,$0.56B,$0.53B,93.92%,$0.56B,$0.21B,37.75%,$0.56B,0,0.00%,$0.56B,0,0.00%,$0.56B,$0.21B,37.03%,$0.56B,$0.15B,26.30%,$0.15B,$1.49B,10.46%,$0.15B,$1.15B,13.36%,$0.15B,$11.91B,1.30%,$0.21B,$1.79B,11.65%,$155,$9,$146,$0,$82,$93,$63,$-3,$60,$11,$49,$49,$49,$0,$0,$85,85,$0.58,$0.58,$307,$0,$0,$8411,$239,$2711,$341,$171,$3498,$11909,$10014,$299,$103,$402,$10416,$1,$471,$-30,$1493,$11909,$132,$32,$10,$42,$-11,$0,$0,$4,$-7,$168,$-14,$0,$101,$0,$-1,$-1,$-617,$-531,$-10,$-183,$-193,$0,$0,$-42,$705,$470,$107,$3,$-42
1,2018-06-30,38.43,$17.44,2.2,$6.61,5.82,$6.90,5.57,$1.66,23.15,$8.30B,$9.79B,0.85,$0.54B,$1.47B,0.37,$0.53B,$0.50B,93.80%,$0.53B,$0.20B,37.03%,$0.53B,0,0.00%,$0.53B,0,0.00%,$0.53B,$0.20B,36.65%,$0.53B,$0.13B,25.19%,$0.13B,$1.47B,10.05%,$0.13B,$1.13B,12.57%,$0.13B,$11.90B,1.24%,$0.20B,$2.01B,11.35%,$150,$9,$140,$0,$85,$96,$54,$0,$54,$9,$44,$44,$44,$0,$0,$85,85,$0.53,$0.52,$368,$0,$0,$8295,$240,$2824,$342,$162,$3603,$11898,$9789,$539,$96,$635,$10424,$1,$444,$-20,$1474,$11898,$83,$19,$6,$26,$-9,$0,$0,$-1,$-10,$99,$-11,$0,$101,$0,$-95,$-95,$-433,$-439,$-10,$10,$-1,$0,$0,$-20,$528,$508,$168,$2,$-20
2,2018-03-31,37.9,$17.21,2.2,$6.41,5.92,$7.56,5.01,$1.57,24.14,$8.09B,$9.82B,0.82,$0.30B,$1.45B,0.2,$0.50B,$0.47B,93.85%,$0.50B,$0.19B,37.50%,$0.50B,0,0.00%,$0.50B,0,0.00%,$0.50B,$0.19B,37.10%,$0.50B,$0.12B,24.60%,$0.12B,$1.45B,9.78%,$0.12B,$1.11B,11.96%,$0.12B,$11.66B,1.21%,$0.19B,$1.75B,11.66%,$129,$8,$121,$0,$73,$82,$47,$-0,$47,$8,$39,$39,$39,$0,$0,$81,81,$0.48,$0.48,$451,$0,$0,$8085,$238,$2811,$344,$147,$3574,$11659,$9818,$297,$89,$386,$10205,$1,$421,$-17,$1454,$11659,$39,$11,$2,$13,$-0,$0,$-0,$-3,$-4,$48,$-6,$0,$101,$0,$-67,$-67,$-141,$-112,$-12,$-196,$-208,$0,$0,$-0,$523,$315,$251,$1,$-0
3,2017-12-31,38.9,$15.37,2.53,$6.29,6.19,$8.22,4.73,$1.50,25.93,$6.73B,$7.95B,0.85,$0.49B,$1.20B,0.41,$0.49B,$0.46B,93.85%,$0.49B,$0.18B,37.50%,$0.49B,0,0.00%,$0.49B,0,0.00%,$0.49B,$0.18B,37.09%,$0.49B,$0.12B,23.77%,$0.12B,$1.20B,9.77%,$0.12B,$1.01B,11.56%,$0.12B,$9.71B,1.19%,$0.18B,$1.69B,11.78%,$125,$7,$118,$0,$70,$78,$47,$-1,$46,$31,$15,$15,$15,$0,$0,$78,78,$0.19,$0.19,$200,$0,$0,$6732,$177,$2456,$192,$111,$2975,$9706,$7946,$488,$73,$562,$8507,$1,$402,$-2,$1199,$9706,$116,$37,$37,$75,$67,$0,$-0,$-3,$64,$255,$-10,$0,$-4,$0,$681,$681,$-643,$24,$-54,$26,$-28,$0,$0,$-112,$-91,$-231,$47,$3,$-112
4,2017-09-30,37.09,$15.46,2.4,$6.20,5.98,$7.49,4.95,$1.72,21.57,$6.70B,$8.22B,0.82,$0.29B,$1.21B,0.24,$0.48B,$0.45B,93.74%,$0.48B,$0.18B,37.37%,$0.48B,0,0.00%,$0.48B,0,0.00%,$0.48B,$0.18B,36.74%,$0.48B,$0.13B,27.56%,$0.13B,$1.21B,11.31%,$0.13B,$1.01B,13.32%,$0.13B,$9.80B,1.36%,$0.18B,$1.49B,11.88%,$128,$8,$120,$0,$70,$79,$49,$-1,$48,$12,$36,$36,$36,$0,$0,$78,78,$0.47,$0.47,$220,$0,$0,$6699,$179,$2564,$193,$106,$3099,$9799,$8224,$288,$80,$368,$8592,$1,$403,$5,$1206,$9799,$101,$33,$3,$35,$31,$0,$-0,$11,$42,$178,$-8,$0,$-4,$0,$591,$591,$-554,$25,$-54,$-83,$-137,$0,$0,$-95,$97,$-136,$68,$1,$-95
5,2017-06-30,35.24,$15.51,2.27,$6.06,5.82,$6.90,5.11,$1.65,21.36,$6.54B,$8.25B,0.79,$0.34B,$1.21B,0.28,$0.47B,$0.44B,93.76%,$0.47B,$0.17B,36.77%,$0.47B,0,0.00%,$0.47B,0,0.00%,$0.47B,$0.17B,36.34%,$0.47B,$0.13B,27.31%,$0.13B,$1.21B,11.02%,$0.13B,$1.02B,12.90%,$0.13B,$9.90B,1.33%,$0.17B,$1.55B,11.35%,$122,$8,$114,$0,$68,$76,$46,$0,$46,$12,$34,$34,$34,$0,$0,$78,78,$0.43,$0.43,$238,$0,$0,$6538,$180,$2826,$193,$103,$3361,$9899,$8253,$343,$94,$437,$8690,$1,$407,$6,$1210,$9899,$65,$17,$5,$21,$44,$0,$-0,$6,$50,$137,$-5,$0,$-4,$0,$337,$337,$-383,$-56,$1,$-85,$-84,$0,$0,$-39,$127,$4,$85,$1,$-39
6,2017-03-31,32.46,$14.82,2.19,$5.97,5.43,$5.92,5.48,$1.62,20.04,$6.06B,$7.98B,0.76,$0.35B,$1.14B,0.31,$0.46B,$0.43B,93.64%,$0.46B,$0.17B,36.40%,$0.46B,0,0.00%,$0.46B,0,0.00%,$0.46B,$0.16B,35.96%,$0.46B,$0.12B,26.97%,$0.12B,$1.14B,10.87%,$0.12B,$0.98B,12.64%,$0.12B,$9.55B,1.31%,$0.17B,$1.48B,10.96%,$113,$7,$106,$0,$64,$72,$41,$-0,$41,$10,$31,$31,$31,$0,$0,$77,77,$0.41,$0.41,$234,$0,$0,$6055,$175,$3006,$159,$94,$3498,$9554,$7981,$347,$91,$438,$8419,$1,$390,$-4,$1135,$9554,$31,$9,$1,$11,$52,$0,$-0,$0,$52,$94,$-3,$0,$0,$0,$118,$118,$-199,$-84,$4,$-16,$-12,$0,$0,$-23,$106,$71,$81,$1,$-23
7,2016-12-31,34.37,$14.59,2.35,$5.92,5.81,$5.43,6.32,$1.59,21.62,$5.83B,$7.85B,0.74,$0.38B,$1.12B,0.34,$0.45B,$0.42B,93.36%,$0.45B,$0.16B,36.06%,$0.45B,0,0.00%,$0.45B,0,0.00%,$0.45B,$0.16B,35.62%,$0.45B,$0.12B,26.77%,$0.12B,$1.12B,10.79%,$0.12B,$0.96B,12.56%,$0.12B,$9.45B,1.31%,$0.16B,$1.50B,10.66%,$116,$7,$109,$0,$65,$73,$43,$-2,$41,$10,$31,$31,$31,$0,$0,$76,76,$0.41,$0.41,$153,$0,$0,$5826,$176,$3127,$159,$95,$3624,$9451,$7850,$382,$102,$484,$8334,$1,$374,$-7,$1117,$9451,$121,$45,$6,$50,$22,$0,$0,$-0,$22,$193,$-8,$0,$7,$0,$170,$170,$-590,$-421,$-46,$-50,$-96,$0,$0,$-84,$367,$188,$-41,$2,$-84
8,2016-09-30,26.71,$15.00,1.78,$5.83,4.58,$5.11,5.23,$1.57,17.01,$5.84B,$7.71B,0.76,$0.34B,$1.15B,0.3,$0.44B,$0.41B,93.02%,$0.44B,$0.16B,35.59%,$0.44B,0,0.00%,$0.44B,0,0.00%,$0.44B,$0.16B,35.59%,$0.44B,$0.12B,27.03%,$0.12B,$1.15B,10.80%,$0.12B,$0.99B,12.57%,$0.12B,$9.32B,1.31%,$0.16B,$1.49B,10.16%,$114,$7,$107,$0,$65,$73,$41,$-0,$41,$10,$31,$31,$31,$0,$0,$76,76,$0.40,$0.40,$251,$0,$0,$5836,$179,$2992,$160,$99,$3481,$9317,$7714,$344,$111,$455,$8169,$1,$382,$17,$1148,$9317,$90,$36,$1,$37,$-3,$0,$-0,$5,$2,$129,$-7,$0,$7,$0,$359,$359,$-474,$-115,$-44,$-162,$-207,$0,$0,$-53,$304,$44,$58,$2,$-53
9,2016-06-30,24.71,$14.76,1.67,$5.74,4.31,$5.16,4.79,$1.56,15.84,$5.53B,$7.51B,0.74,$0.46B,$1.13B,0.41,$0.44B,$0.41B,92.89%,$0.44B,$0.16B,35.78%,$0.44B,0,0.00%,$0.44B,0,0.00%,$0.44B,$0.16B,35.78%,$0.44B,$0.12B,27.29%,$0.12B,$1.13B,10.89%,$0.12B,$0.97B,12.65%,$0.12B,$9.20B,1.32%,$0.16B,$1.58B,9.96%,$113,$7,$105,$0,$63,$72,$41,$-0,$41,$10,$30,$30,$30,$0,$0,$76,76,$0.40,$0.40,$160,$0,$0,$5528,$178,$3193,$154,$100,$3671,$9199,$7507,$460,$108,$568,$8075,$1,$366,$20,$1125,$9199,$59,$23,$-3,$20,$-16,$0,$-0,$-3,$-20,$60,$-5,$0,$0,$0,$174,$174,$-292,$-123,$-25,$-49,$-74,$0,$0,$-38,$142,$30,$-33,$2,$-38
10,2016-03-31,23.44,$14.36,1.63,$5.64,4.16,$5.36,4.38,$1.55,15.12,$5.31B,$7.47B,0.71,$0.45B,$1.09B,0.41,$0.43B,$0.40B,92.97%,$0.43B,$0.15B,35.83%,$0.43B,0,0.00%,$0.43B,0,0.00%,$0.43B,$0.15B,35.60%,$0.43B,$0.12B,27.63%,$0.12B,$1.09B,10.97%,$0.12B,$0.94B,12.73%,$0.12B,$9.12B,1.33%,$0.15B,$1.54B,9.87%,$109,$8,$101,$0,$62,$70,$38,$-0,$38,$9,$29,$29,$29,$0,$0,$76,76,$0.38,$0.38,$151,$0,$0,$5306,$193,$3320,$154,$91,$3815,$9121,$7466,$446,$115,$561,$8027,$1,$351,$5,$1094,$9121,$29,$11,$-1,$10,$14,$0,$0,$3,$17,$56,$-3,$0,$0,$0,$27,$27,$-113,$-89,$-80,$23,$-58,$0,$0,$-23,$71,$-10,$-42,$1,$-23
11,2015-12-31,24.16,$14.15,1.71,$5.54,4.36,$5.11,4.73,$1.54,15.69,$5.24B,$7.37B,0.71,$0.53B,$1.08B,0.49,$0.42B,$0.39B,93.06%,$0.42B,$0.15B,36.36%,$0.42B,0,0.00%,$0.42B,0,0.00%,$0.42B,$0.15B,36.12%,$0.42B,$0.12B,27.99%,$0.12B,$1.08B,10.98%,$0.12B,$0.92B,12.72%,$0.12B,$9.09B,1.34%,$0.15B,$1.60B,9.90%,$108,$7,$100,$0,$61,$69,$38,$-2,$38,$8,$30,$30,$30,$0,$0,$76,76,$0.39,$0.39,$193,$0,$0,$5243,$194,$3340,$155,$98,$3846,$9089,$7372,$527,$114,$641,$8013,$1,$338,$2,$1077,$9089,$116,$49,$-0,$48,$8,$0,$-1,$5,$12,$177,$-18,$0,$21,$0,$-315,$-315,$-369,$-681,$-46,$165,$119,$0,$0,$-79,$215,$255,$-249,$2,$-79
12,2015-09-30,23.71,$14.23,1.67,$5.46,4.34,$5.27,4.5,$1.52,15.6,$5.08B,$7.12B,0.71,$0.46B,$1.08B,0.43,$0.41B,$0.38B,93.17%,$0.41B,$0.15B,37.07%,$0.41B,0,0.00%,$0.41B,0,0.00%,$0.41B,$0.15B,36.59%,$0.41B,$0.12B,28.05%,$0.12B,$1.08B,10.92%,$0.12B,$0.93B,12.62%,$0.12B,$8.76B,1.35%,$0.15B,$1.54B,10.14%,$106,$7,$99,$0,$59,$67,$39,$0,$39,$9,$30,$30,$30,$0,$0,$76,76,$0.39,$0.39,$243,$0,$0,$5076,$186,$3208,$142,$98,$3689,$8764,$7118,$462,$110,$572,$7689,$1,$345,$8,$1075,$8764,$87,$32,$4,$36,$12,$0,$-1,$-1,$11,$134,$-10,$0,$20,$0,$-231,$-231,$-315,$-537,$30,$43,$72,$0,$0,$-51,$181,$203,$-200,$1,$-51
13,2015-06-30,26.25,$13.99,1.88,$5.39,4.87,$5.12,5.13,$1.53,17.16,$5.13B,$6.97B,0.74,$0.46B,$1.06B,0.44,$0.40B,$0.38B,93.32%,$0.40B,$0.15B,37.62%,$0.40B,0,0.00%,$0.40B,0,0.00%,$0.40B,$0.15B,37.13%,$0.40B,$0.11B,28.22%,$0.11B,$1.06B,10.91%,$0.11B,$0.91B,12.63%,$0.11B,$8.59B,1.36%,$0.15B,$1.52B,10.13%,$104,$7,$97,$0,$58,$66,$38,$-1,$37,$7,$29,$29,$29,$0,$0,$76,76,$0.39,$0.39,$356,$0,$0,$5130,$187,$2980,$142,$94,$3459,$8590,$6971,$462,$100,$562,$7533,$1,$330,$5,$1056,$8590,$57,$22,$2,$24,$-5,$0,$-0,$2,$-4,$77,$-7,$0,$20,$0,$-8,$-8,$-238,$-234,$30,$10,$40,$-0,$-0,$-36,$67,$71,$-87,$1,$-36
14,2015-03-31,22.28,$13.95,1.6,$5.31,4.2,$5.14,4.33,$1.52,14.66,$4.84B,$6.89B,0.7,$0.43B,$1.05B,0.41,$0.40B,$0.37B,93.43%,$0.40B,$0.15B,38.38%,$0.40B,0,0.00%,$0.40B,0,0.00%,$0.40B,$0.15B,37.88%,$0.40B,$0.11B,28.79%,$0.11B,$1.05B,11.04%,$0.11B,$0.91B,12.78%,$0.11B,$8.48B,1.39%,$0.15B,$1.48B,9.76%,$100,$7,$93,$0,$55,$63,$37,$-1,$37,$9,$28,$28,$28,$0,$0,$75,75,$0.37,$0.37,$183,$0,$0,$4839,$187,$3169,$143,$96,$3636,$8475,$6888,$431,$103,$533,$7422,$1,$315,$18,$1054,$8475,$28,$10,$1,$11,$-6,$0,$-0,$6,$-1,$38,$-4,$0,$20,$0,$-164,$-164,$-119,$-267,$-1,$27,$26,$-0,$-0,$-23,$-33,$-30,$-259,$0,$-23
15,2014-12-31,24.32,$13.70,1.77,$5.23,4.65,$5.39,4.51,$1.51,16.1,$4.89B,$6.75B,0.73,$0.43B,$1.03B,0.42,$0.39B,$0.36B,93.57%,$0.39B,$0.15B,38.82%,$0.39B,0,0.00%,$0.39B,0,0.00%,$0.39B,$0.15B,38.30%,$0.39B,$0.11B,29.05%,$0.11B,$1.03B,11.12%,$0.11B,$0.89B,12.90%,$0.11B,$8.31B,1.41%,$0.15B,$1.46B,9.22%,$100,$7,$93,$0,$54,$62,$38,$-2,$37,$9,$28,$28,$28,$0,$0,$75,75,$0.37,$0.37,$442,$0,$0,$4888,$179,$2961,$141,$96,$3418,$8307,$6746,$430,$102,$532,$7278,$1,$301,$18,$1028,$8307,$113,$46,$7,$53,$19,$0,$1,$-2,$17,$183,$-14,$0,$-2,$0,$476,$476,$-301,$159,$-123,$-337,$-460,$1,$1,$-51,$456,$-55,$287,$1,$-51
16,2014-09-30,22.35,$13.87,1.61,$5.21,4.29,$7.57,2.95,$1.50,14.9,$4.72B,$6.48B,0.73,$0.50B,$1.04B,0.48,$0.39B,$0.36B,93.52%,$0.39B,$0.15B,38.86%,$0.39B,0,0.00%,$0.39B,0,0.00%,$0.39B,$0.15B,38.08%,$0.39B,$0.11B,29.02%,$0.11B,$1.04B,11.21%,$0.11B,$0.90B,13.02%,$0.11B,$8.11B,1.41%,$0.15B,$1.54B,8.53%,$100,$6,$94,$0,$54,$61,$39,$0,$39,$10,$29,$29,$29,$0,$0,$75,75,$0.40,$0.40,$282,$0,$0,$4719,$179,$2934,$141,$93,$3391,$8110,$6477,$500,$92,$592,$7069,$1,$309,$23,$1040,$8110,$85,$32,$1,$33,$-8,$0,$-1,$12,$3,$121,$-9,$0,$-2,$0,$511,$511,$-267,$233,$-93,$-327,$-420,$1,$1,$-25,$217,$-227,$126,$1,$-25
17,2014-06-30,24.39,$13.56,1.8,$5.13,4.75,$9.67,2.52,$1.45,16.82,$4.37B,$6.06B,0.72,$0.74B,$1.01B,0.73,$0.38B,$0.35B,93.14%,$0.38B,$0.15B,38.52%,$0.38B,0,0.00%,$0.38B,0,0.00%,$0.38B,$0.14B,37.47%,$0.38B,$0.11B,28.76%,$0.11B,$1.01B,11.16%,$0.11B,$0.87B,13.01%,$0.11B,$7.89B,1.38%,$0.15B,$1.75B,7.74%,$96,$7,$90,$0,$52,$59,$38,$-1,$37,$8,$29,$29,$29,$0,$0,$74,75,$0.38,$0.38,$202,$0,$0,$4373,$168,$3096,$138,$82,$3517,$7890,$6064,$740,$76,$816,$6880,$1,$293,$24,$1010,$7890,$55,$22,$1,$22,$-3,$0,$-0,$1,$-2,$76,$-6,$0,$0,$0,$200,$200,$-146,$48,$22,$-254,$-232,$1,$1,$-12,$166,$-77,$47,$0,$-12
18,2014-03-31,24.84,$13.23,1.88,$5.02,4.95,$10.97,2.26,$1.38,18.0,$4.20B,$5.96B,0.71,$0.82B,$0.99B,0.83,$0.37B,$0.34B,92.66%,$0.37B,$0.14B,38.04%,$0.37B,0,0.00%,$0.37B,0,0.00%,$0.37B,$0.13B,36.41%,$0.37B,$0.10B,27.99%,$0.10B,$0.99B,10.77%,$0.10B,$0.85B,12.56%,$0.10B,$7.83B,1.30%,$0.14B,$1.81B,6.94%,$93,$7,$87,$0,$50,$58,$36,$0,$36,$9,$27,$27,$27,$0,$0,$74,74,$0.36,$0.36,$162,$0,$0,$4197,$167,$3203,$139,$86,$3634,$7831,$5955,$820,$70,$891,$6846,$1,$277,$15,$985,$7831,$27,$11,$1,$12,$16,$0,$-0,$-0,$15,$54,$-2,$0,$0,$0,$79,$79,$-31,$47,$-28,$-112,$-140,$1,$1,$0,$44,$-94,$6,$0,$0
19,2013-12-31,25.45,$12.95,1.97,$4.89,5.21,$12.03,2.12,$1.31,19.43,$4.18B,$5.90B,0.71,$0.97B,$0.96B,1.01,$0.36B,$0.33B,91.85%,$0.36B,$0.13B,37.36%,$0.36B,0,0.00%,$0.36B,0,0.00%,$0.36B,$0.13B,35.39%,$0.36B,$0.10B,27.25%,$0.10B,$0.96B,10.34%,$0.10B,$0.82B,11.99%,$0.10B,$7.88B,1.23%,$0.13B,$1.94B,6.55%,$97,$7,$90,$0,$52,$59,$37,$0,$35,$9,$27,$27,$27,$0,$0,$73,73,$0.36,$0.36,$156,$0,$0,$4177,$168,$3275,$139,$82,$3708,$7884,$5897,$974,$50,$1024,$6921,$1,$262,$10,$963,$7884,$96,$77,$15,$91,$138,$0,$-1,$11,$147,$334,$-9,$0,$26,$0,$439,$439,$-307,$149,$41,$-181,$-140,$4,$4,$-44,$-335,$-515,$-31,$1,$-44
20,2013-09-30,20.85,$12.76,1.63,$4.74,4.39,$10.00,2.09,$1.24,16.81,$4.23B,$5.93B,0.71,$1.10B,$0.95B,1.16,$0.34B,$0.31B,91.28%,$0.34B,$0.12B,35.17%,$0.34B,0,0.00%,$0.34B,0,0.00%,$0.34B,$0.12B,34.30%,$0.34B,$0.09B,26.45%,$0.09B,$0.95B,9.86%,$0.09B,$0.81B,11.37%,$0.09B,$8.05B,1.16%,$0.12B,$2.05B,5.89%,$93,$7,$86,$0,$51,$58,$35,$-1,$34,$8,$26,$26,$26,$0,$0,$74,74,$0.35,$0.35,$255,$0,$0,$4231,$169,$3371,$140,$89,$3817,$8048,$5931,$1101,$68,$1169,$7100,$1,$247,$10,$948,$8048,$69,$64,$8,$72,$117,$0,$-1,$16,$132,$273,$-7,$0,$26,$0,$356,$356,$-249,$127,$-37,$25,$-12,$3,$3,$-21,$-302,$-332,$68,$1,$-21
21,2013-06-30,18.63,$12.63,1.47,$4.68,3.98,$8.42,2.21,$1.16,16.06,$3.81B,$5.66B,0.67,$1.35B,$0.93B,1.46,$0.34B,$0.31B,90.50%,$0.34B,$0.12B,34.72%,$0.34B,0,0.00%,$0.34B,0,0.00%,$0.34B,$0.11B,32.05%,$0.34B,$0.08B,24.93%,$0.08B,$0.93B,9.25%,$0.08B,$0.80B,10.60%,$0.08B,$8.00B,1.08%,$0.12B,$2.28B,5.77%,$85,$7,$78,$0,$46,$54,$32,$-3,$29,$6,$23,$23,$23,$0,$0,$72,73,$0.31,$0.31,$132,$0,$0,$3814,$162,$3771,$127,$88,$4183,$7997,$5662,$1351,$54,$1406,$7068,$1,$233,$23,$929,$7997,$43,$46,$5,$50,$68,$0,$-1,$5,$72,$166,$-3,$0,$12,$0,$-58,$-58,$-126,$-175,$215,$9,$224,$2,$2,$-10,$-262,$-45,$-55,$1,$-10
22,2013-03-31,15.81,$12.70,1.25,$4.70,3.37,$7.96,1.99,$1.11,14.24,$3.53B,$5.69B,0.62,$0.94B,$0.91B,1.03,$0.34B,$0.30B,89.94%,$0.34B,$0.11B,31.95%,$0.34B,0,0.00%,$0.34B,0,0.00%,$0.34B,$0.10B,30.18%,$0.34B,$0.08B,23.67%,$0.08B,$0.91B,8.94%,$0.08B,$0.80B,10.22%,$0.08B,$7.61B,1.05%,$0.11B,$1.85B,5.58%,$81,$7,$73,$0,$44,$52,$29,$-1,$28,$7,$21,$21,$21,$0,$0,$72,72,$0.29,$0.29,$129,$0,$0,$3529,$159,$3707,$112,$85,$4080,$7609,$5690,$938,$67,$1005,$6695,$1,$221,$50,$914,$7609,$21,$24,$2,$27,$76,$0,$-1,$7,$82,$129,$-3,$0,$0,$0,$4,$4,$-27,$-25,$-195,$23,$-172,$1,$1,$0,$9,$-162,$-58,$0,$0
23,2012-12-31,12.25,$12.52,0.98,$4.80,2.55,$7.50,1.63,$1.05,11.67,$3.64B,$5.66B,0.64,$1.13B,$0.90B,1.26,$0.35B,$0.31B,89.86%,$0.35B,$0.11B,31.01%,$0.35B,0,0.00%,$0.35B,0,0.00%,$0.35B,$0.10B,27.54%,$0.35B,$0.08B,21.74%,$0.08B,$0.90B,8.50%,$0.08B,$0.79B,9.74%,$0.08B,$7.75B,1.00%,$0.11B,$2.03B,5.43%,$85,$8,$77,$0,$51,$60,$25,$-6,$27,$6,$21,$21,$21,$0,$0,$72,72,$0.29,$0.29,$187,$0,$0,$3637,$159,$3732,$112,$87,$4111,$7747,$5659,$1132,$55,$1188,$6846,$1,$211,$48,$901,$7747,$76,$85,$36,$121,$-19,$0,$-1,$8,$-12,$184,$-11,$0,$0,$0,$-596,$-596,$27,$-580,$-72,$31,$-41,$0,$0,$-47,$543,$455,$59,$0,$-47
24,2012-09-30,12.75,$12.37,1.03,$4.88,2.61,$7.45,1.71,$0.96,13.28,$3.60B,$5.62B,0.64,$1.05B,$0.89B,1.18,$0.35B,$0.31B,89.46%,$0.35B,$0.11B,29.91%,$0.35B,0,0.00%,$0.35B,0,0.00%,$0.35B,$0.09B,24.22%,$0.35B,$0.07B,19.37%,$0.07B,$0.89B,7.82%,$0.07B,$0.78B,8.99%,$0.07B,$7.63B,0.92%,$0.11B,$1.94B,5.31%,$86,$9,$77,$0,$46,$55,$31,$-6,$24,$5,$19,$19,$19,$0,$0,$72,72,$0.27,$0.27,$172,$0,$0,$3602,$159,$3637,$113,$101,$4030,$7632,$5623,$1053,$67,$1119,$6742,$1,$200,$48,$890,$7632,$55,$58,$31,$89,$1,$0,$-1,$9,$9,$153,$-8,$0,$0,$0,$-477,$-477,$18,$-467,$-152,$156,$4,$0,$0,$-28,$382,$358,$44,$0,$-28
25,2012-06-30,12.54,$12.18,1.03,$4.97,2.52,$7.45,1.68,$0.42,29.86,$3.57B,$5.45B,0.66,$1.04B,$0.88B,1.19,$0.36B,$0.32B,89.08%,$0.36B,$0.05B,14.01%,$0.36B,0,0.00%,$0.36B,0,0.00%,$0.36B,$0.04B,10.36%,$0.36B,$0.03B,8.40%,$0.03B,$0.88B,3.49%,$0.03B,$0.76B,4.02%,$0.03B,$7.43B,0.42%,$0.05B,$1.92B,2.55%,$86,$9,$77,$0,$54,$63,$23,$0,$23,$4,$19,$19,$19,$0,$0,$72,72,$0.26,$0.26,$140,$0,$0,$3574,$159,$3455,$113,$110,$3860,$7434,$5454,$1041,$62,$1104,$6558,$1,$190,$44,$876,$7434,$35,$35,$24,$59,$31,$0,$-1,$10,$40,$134,$-6,$0,$0,$0,$-284,$-284,$-19,$-309,$-163,$208,$45,$0,$0,$-19,$161,$188,$12,$0,$-19
26,2012-03-31,12.01,$12.01,1.0,$5.02,2.39,$7.45,1.61,$0.33,36.4,$3.54B,$5.19B,0.68,$1.13B,$0.86B,1.31,$0.36B,$0.32B,88.61%,$0.36B,$0.04B,11.11%,$0.36B,0,0.00%,$0.36B,0,0.00%,$0.36B,$0.03B,7.50%,$0.36B,$0.02B,6.39%,$0.02B,$0.86B,2.68%,$0.02B,$0.75B,3.14%,$0.02B,$7.24B,0.32%,$0.04B,$2.00B,2.04%,$88,$10,$79,$0,$50,$60,$28,$-7,$21,$5,$16,$16,$16,$0,$0,$72,72,$0.23,$0.23,$132,$0,$0,$3541,$159,$3289,$114,$115,$3700,$7242,$5192,$1131,$55,$1185,$6378,$1,$180,$42,$864,$7242,$16,$16,$14,$30,$38,$0,$-1,$12,$49,$95,$-2,$0,$0,$0,$-116,$-116,$2,$-116,$-74,$1,$-73,$0,$0,$-9,$107,$24,$4,$0,$-9
27,2011-12-31,9.57,$11.82,0.81,$4.98,1.92,$9.26,1.03,$0.24,39.89,$3.59B,$5.09B,0.71,$1.20B,$0.85B,1.42,$0.36B,$0.31B,87.71%,$0.36B,$0.02B,6.70%,$0.36B,0,0.00%,$0.36B,0,0.00%,$0.36B,$0.02B,5.03%,$0.36B,$0.02B,4.75%,$0.02B,$0.85B,2.00%,$0.02B,$0.74B,2.37%,$0.02B,$7.19B,0.24%,$0.02B,$2.06B,1.23%,$91,$10,$81,$0,$57,$67,$23,$0,$17,$2,$14,$14,$14,$0,$0,$72,72,$0.20,$0.20,$128,$0,$0,$3587,$159,$3176,$114,$120,$3601,$7188,$5086,$1204,$48,$1252,$6338,$1,$173,$33,$850,$7188,$17,$91,$71,$162,$-8,$0,$-1,$17,$8,$187,$-17,$0,$0,$0,$-690,$-690,$179,$-529,$94,$9,$103,$0,$0,$-37,$299,$365,$23,$0,$-37
28,2011-09-30,7.37,$11.84,0.62,$5.08,1.45,$9.37,0.79,$0.17,43.33,$3.62B,$5.12B,0.71,$1.03B,$0.85B,1.21,$0.36B,$0.32B,87.29%,$0.36B,$0.01B,3.59%,$0.36B,0,0.00%,$0.36B,0,0.00%,$0.36B,$0.01B,3.04%,$0.36B,$0.01B,3.59%,$0.01B,$0.85B,1.53%,$0.01B,$0.74B,1.85%,$0.01B,$7.04B,0.19%,$0.01B,$1.88B,0.68%,$92,$11,$81,$0,$65,$117,$-24,$0,$-24,$-5,$-19,$-19,$-19,$0,$0,$72,72,$-0.27,$-0.27,$134,$0,$0,$3622,$158,$2985,$115,$142,$3420,$7043,$5123,$1029,$39,$1068,$6191,$1,$168,$40,$851,$7043,$0,$0,$0,$0,$0,$0,$0,$0,$0,$158,$-14,$0,$0,$0,$-485,$-485,$132,$-367,$-76,$92,$16,$0,$0,$-28,$249,$237,$29,$0,$-28
29,2011-06-30,10.49,$12.02,0.87,$5.14,2.04,$8.57,1.22,$0.57,18.41,$3.66B,$5.01B,0.73,$1.07B,$0.87B,1.23,$0.37B,$0.32B,86.89%,$0.37B,$0.05B,13.11%,$0.37B,0,0.00%,$0.37B,0,0.00%,$0.37B,$0.05B,12.57%,$0.37B,$0.04B,11.20%,$0.04B,$0.87B,4.83%,$0.04B,$0.71B,5.92%,$0.04B,$6.98B,0.61%,$0.05B,$1.93B,2.60%,$89,$11,$78,$0,$65,$77,$13,$0,$13,$1,$12,$12,$12,$0,$0,$72,72,$0.17,$0.17,$129,$0,$0,$3662,$154,$2835,$156,$148,$3317,$6978,$5010,$1065,$38,$1103,$6114,$1,$197,$25,$865,$6978,$0,$0,$0,$0,$0,$0,$0,$0,$0,$135,$-7,$0,$0,$0,$-353,$-353,$80,$-280,$-40,$45,$5,$0,$0,$-19,$183,$169,$24,$0,$-19
30,2011-03-31,11.62,$11.68,0.99,$5.22,2.23,$8.01,1.45,$0.59,19.69,$3.66B,$4.81B,0.76,$1.10B,$0.84B,1.31,$0.37B,$0.32B,86.29%,$0.37B,$0.05B,13.71%,$0.37B,0,0.00%,$0.37B,0,0.00%,$0.37B,$0.05B,13.17%,$0.37B,$0.04B,11.29%,$0.04B,$0.84B,4.97%,$0.04B,$0.68B,6.11%,$0.04B,$6.91B,0.64%,$0.05B,$1.94B,2.93%,$86,$12,$74,$0,$61,$74,$12,$0,$12,$2,$10,$10,$10,$0,$0,$72,72,$0.14,$0.14,$98,$0,$0,$3662,$153,$2771,$156,$130,$3248,$6910,$4810,$1099,$161,$1260,$6070,$1,$194,$2,$840,$6910,$0,$0,$0,$0,$0,$0,$0,$0,$0,$227,$-3,$0,$0,$0,$-317,$-317,$74,$-246,$-5,$-4,$-9,$0,$0,$-9,$30,$12,$-7,$0,$-9
31,2010-12-31,11.56,$11.66,0.99,$5.45,2.12,$5.85,1.97,$0.61,18.95,$3.82B,$4.78B,0.8,$1.11B,$0.84B,1.33,$0.38B,$0.32B,85.90%,$0.38B,$0.05B,13.83%,$0.38B,0,0.00%,$0.38B,0,0.00%,$0.38B,$0.05B,13.30%,$0.38B,$0.04B,11.17%,$0.04B,$0.84B,4.98%,$0.04B,$0.68B,6.12%,$0.04B,$6.76B,0.66%,$0.05B,$1.95B,3.06%,$95,$12,$83,$0,$70,$83,$12,$0,$10,$-0,$10,$10,$10,$0,$0,$70,70,$0.13,$0.13,$105,$0,$0,$3824,$152,$2461,$157,$125,$2936,$6759,$4779,$1110,$32,$1143,$5921,$1,$193,$1,$838,$6759,$42,$32,$97,$129,$16,$0,$-1,$8,$23,$194,$-23,$0,$0,$0,$-966,$-966,$166,$-823,$181,$-188,$-7,$146,$146,$-37,$422,$523,$-105,$1,$-37
32,2010-09-30,11.06,$11.87,0.93,$5.78,1.91,$4.77,2.32,$0.63,17.56,$4.00B,$4.66B,0.86,$0.72B,$0.85B,0.85,$0.39B,$0.33B,85.71%,$0.39B,$0.05B,12.73%,$0.39B,0,0.00%,$0.39B,0,0.00%,$0.39B,$0.05B,12.73%,$0.39B,$0.04B,10.65%,$0.04B,$0.85B,5.09%,$0.04B,$0.70B,6.34%,$0.04B,$6.27B,0.66%,$0.05B,$1.58B,3.03%,$96,$14,$83,$0,$70,$85,$11,$0,$11,$2,$9,$9,$9,$0,$0,$72,72,$0.13,$0.13,$116,$0,$0,$3996,$144,$1825,$158,$120,$2277,$6273,$4663,$722,$34,$756,$5419,$1,$193,$16,$854,$6273,$0,$0,$0,$0,$0,$0,$0,$0,$0,$99,$-11,$0,$0,$0,$-298,$-298,$87,$-222,$-211,$-196,$-407,$146,$146,$-28,$318,$28,$-95,$0,$-28
33,2010-06-30,11.03,$11.76,0.94,$6.01,1.84,$4.99,2.21,$0.47,23.47,$4.09B,$4.74B,0.86,$0.67B,$0.85B,0.79,$0.39B,$0.33B,85.45%,$0.39B,$0.03B,8.05%,$0.39B,0,0.00%,$0.39B,0,0.00%,$0.39B,$0.03B,8.05%,$0.39B,$0.03B,7.79%,$0.03B,$0.85B,3.91%,$0.03B,$0.69B,4.93%,$0.03B,$6.30B,0.49%,$0.03B,$1.51B,1.95%,$95,$14,$81,$0,$65,$79,$16,$0,$16,$3,$13,$13,$13,$0,$0,$72,72,$0.19,$0.19,$168,$0,$0,$4089,$144,$1743,$159,$124,$2206,$6295,$4743,$665,$41,$706,$5449,$1,$193,$9,$846,$6295,$0,$0,$0,$0,$0,$0,$0,$0,$0,$96,$-9,$0,$0,$0,$-226,$-226,$37,$-198,$-264,$-213,$-477,$146,$146,$-19,$410,$60,$-42,$0,$-19
34,2010-03-31,11.36,$11.66,0.97,$6.24,1.82,$4.07,2.79,$0.45,25.25,$4.13B,$4.42B,0.94,$0.94B,$0.84B,1.12,$0.39B,$0.33B,85.49%,$0.39B,$0.03B,7.51%,$0.39B,0,0.00%,$0.39B,0,0.00%,$0.39B,$0.03B,7.51%,$0.39B,$0.03B,7.25%,$0.03B,$0.84B,3.85%,$0.03B,$0.68B,4.92%,$0.03B,$6.23B,0.47%,$0.03B,$1.77B,1.84%,$90,$14,$76,$0,$62,$77,$13,$0,$13,$3,$10,$10,$10,$0,$0,$63,63,$0.16,$0.16,$177,$0,$0,$4134,$141,$1638,$159,$117,$2092,$6226,$4415,$935,$38,$972,$5387,$1,$189,$6,$838,$6226,$0,$0,$0,$0,$0,$0,$0,$0,$0,$63,$-3,$0,$0,$0,$-123,$-123,$19,$-108,$6,$-195,$-190,$146,$146,$-9,$65,$11,$-33,$0,$-9
35,2009-12-31,10.24,$11.13,0.92,$6.32,1.62,$3.36,3.05,$0.55,18.61,$4.23B,$4.55B,0.93,$0.93B,$0.69B,1.36,$0.39B,$0.33B,85.35%,$0.39B,$0.04B,9.77%,$0.39B,0,0.00%,$0.39B,0,0.00%,$0.39B,$0.04B,9.77%,$0.39B,$0.03B,8.74%,$0.03B,$0.69B,4.93%,$0.03B,$0.53B,6.41%,$0.03B,$6.19B,0.59%,$0.04B,$1.62B,2.73%,$104,$14,$90,$0,$80,$95,$9,$0,$9,$-1,$9,$9,$9,$0,$0,$62,62,$0.16,$0.16,$211,$0,$0,$4228,$141,$1506,$160,$116,$1964,$6192,$4546,$929,$31,$960,$5506,$1,$188,$-0,$686,$6192,$34,$13,$93,$106,$-10,$0,$-2,$-32,$-44,$97,$-12,$0,$42,$0,$-458,$-458,$64,$-364,$451,$-681,$-229,$3,$3,$-32,$601,$342,$75,$2,$-32
36,2009-09-30,10.94,$11.35,0.96,$6.31,1.73,$3.28,3.33,$0.69,15.85,$4.09B,$4.20B,0.98,$0.78B,$0.70B,1.11,$0.38B,$0.32B,83.82%,$0.38B,$0.06B,15.12%,$0.38B,0,0.00%,$0.38B,0,0.00%,$0.38B,$0.05B,14.32%,$0.38B,$0.04B,11.14%,$0.04B,$0.70B,6.12%,$0.04B,$0.54B,7.95%,$0.04B,$5.71B,0.75%,$0.06B,$1.47B,4.48%,$96,$14,$82,$0,$88,$103,$-7,$0,$-7,$-5,$-2,$-2,$-2,$0,$0,$62,62,$-0.03,$-0.03,$143,$0,$0,$4094,$137,$1213,$157,$85,$1615,$5708,$4200,$776,$35,$811,$5010,$1,$187,$15,$698,$5708,$0,$0,$0,$0,$0,$0,$0,$0,$0,$101,$-12,$0,$0,$0,$-193,$-193,$-2,$-207,$309,$-522,$-213,$3,$3,$-24,$349,$114,$8,$0,$-24
37,2009-06-30,10.72,$11.21,0.96,$6.36,1.69,$2.97,3.6,$0.96,11.16,$4.25B,$4.16B,1.02,$0.75B,$0.69B,1.09,$0.37B,$0.30B,81.25%,$0.37B,$0.08B,22.55%,$0.37B,0,0.00%,$0.37B,0,0.00%,$0.37B,$0.08B,21.74%,$0.37B,$0.06B,15.49%,$0.06B,$0.69B,8.74%,$0.06B,$0.53B,11.52%,$0.06B,$5.64B,1.04%,$0.08B,$1.44B,6.61%,$96,$14,$82,$0,$67,$82,$14,$0,$14,$3,$11,$11,$11,$0,$0,$62,62,$0.17,$0.17,$188,$0,$0,$4250,$136,$994,$158,$86,$1389,$5638,$4163,$751,$35,$786,$4949,$1,$196,$-2,$690,$5638,$0,$0,$0,$0,$0,$0,$0,$0,$0,$26,$-8,$0,$0,$0,$-6,$-6,$-19,$-33,$284,$-335,$-51,$3,$3,$-16,$124,$60,$53,$0,$-16
38,2009-03-31,11.31,$11.09,1.02,$6.50,1.74,$3.36,3.37,$1.13,10.01,$4.26B,$4.51B,0.94,$0.35B,$0.68B,0.52,$0.36B,$0.29B,78.85%,$0.36B,$0.10B,26.65%,$0.36B,0,0.00%,$0.36B,0,0.00%,$0.36B,$0.09B,25.82%,$0.36B,$0.06B,17.58%,$0.06B,$0.68B,10.37%,$0.06B,$0.52B,13.88%,$0.06B,$5.58B,1.20%,$0.10B,$1.03B,7.89%,$93,$15,$78,$0,$55,$70,$22,$0,$22,$7,$16,$16,$16,$0,$0,$61,61,$0.26,$0.26,$152,$0,$0,$4257,$136,$966,$158,$46,$1324,$5581,$4508,$352,$39,$391,$4899,$1,$194,$-7,$682,$5581,$0,$0,$0,$0,$0,$0,$0,$0,$0,$20,$-5,$0,$0,$0,$15,$15,$-27,$-17,$-115,$102,$-13,$2,$2,$-8,$32,$14,$17,$0,$-8
39,2008-12-31,13.57,$11.04,1.23,$6.69,2.03,$3.55,3.82,$1.19,11.41,$4.22B,$4.38B,0.96,$0.47B,$0.68B,0.69,$0.36B,$0.27B,75.48%,$0.36B,$0.10B,28.10%,$0.36B,0,0.00%,$0.36B,0,0.00%,$0.36B,$0.10B,27.27%,$0.36B,$0.07B,17.91%,$0.07B,$0.68B,11.16%,$0.07B,$0.52B,15.20%,$0.07B,$5.55B,1.26%,$0.10B,$1.15B,8.13%,$92,$19,$74,$0,$45,$64,$28,$0,$25,$8,$17,$17,$17,$0,$0,$55,55,$0.30,$0.30,$135,$0,$0,$4217,$134,$990,$160,$38,$1336,$5554,$4375,$468,$35,$502,$4877,$1,$186,$-1,$677,$5554,$66,$14,$25,$40,$-17,$0,$-4,$3,$-18,$87,$-15,$0,$-7,$0,$-305,$-305,$-380,$-707,$-432,$924,$493,$104,$104,$-29,$-40,$528,$-92,$2,$-29
40,2008-09-30,17.59,$10.29,1.71,$6.79,2.59,$3.56,4.93,$1.24,14.18,$4.01B,$3.73B,1.07,$0.85B,$0.56B,1.52,$0.37B,$0.26B,72.13%,$0.37B,$0.10B,27.87%,$0.37B,0,0.00%,$0.37B,0,0.00%,$0.37B,$0.10B,27.60%,$0.37B,$0.07B,18.03%,$0.07B,$0.56B,12.10%,$0.07B,$0.41B,16.85%,$0.07B,$5.17B,1.33%,$0.10B,$1.41B,8.06%,$87,$22,$65,$0,$46,$69,$19,$0,$19,$6,$13,$13,$13,$0,$0,$54,54,$0.23,$0.23,$120,$0,$0,$4006,$123,$842,$152,$40,$1167,$5173,$3734,$848,$32,$880,$4614,$1,$177,$-6,$559,$5173,$0,$0,$0,$0,$0,$0,$0,$0,$0,$68,$-7,$0,$0,$0,$-165,$-165,$-322,$-494,$188,$288,$476,$9,$9,$-21,$-146,$318,$-108,$0,$-21
41,2008-06-30,11.26,$10.18,1.11,$6.94,1.62,$3.61,3.12,$1.33,8.46,$3.94B,$3.67B,1.07,$0.78B,$0.55B,1.42,$0.37B,$0.26B,70.05%,$0.37B,$0.11B,29.41%,$0.37B,0,0.00%,$0.37B,0,0.00%,$0.37B,$0.11B,29.14%,$0.37B,$0.07B,18.98%,$0.07B,$0.55B,13.29%,$0.07B,$0.40B,18.68%,$0.07B,$5.03B,1.47%,$0.11B,$1.33B,9.26%,$92,$22,$70,$0,$41,$64,$28,$0,$28,$10,$18,$18,$18,$0,$0,$54,54,$0.35,$0.34,$150,$0,$0,$3939,$125,$773,$153,$34,$1089,$5028,$3667,$779,$32,$811,$4478,$1,$171,$-2,$550,$5028,$0,$0,$0,$0,$0,$0,$0,$0,$0,$43,$-6,$0,$0,$0,$-82,$-82,$-212,$-301,$119,$130,$249,$3,$3,$-14,$-58,$181,$-77,$0,$-14
42,2008-03-31,13.41,$10.09,1.33,$6.95,1.93,$3.50,3.84,$1.30,10.31,$3.84B,$3.66B,1.05,$0.59B,$0.54B,1.09,$0.37B,$0.25B,67.91%,$0.37B,$0.11B,28.61%,$0.37B,0,0.00%,$0.37B,0,0.00%,$0.37B,$0.11B,28.34%,$0.37B,$0.07B,18.72%,$0.07B,$0.54B,13.42%,$0.07B,$0.39B,19.09%,$0.07B,$4.84B,1.47%,$0.11B,$1.14B,9.44%,$92,$27,$65,$0,$37,$66,$27,$0,$27,$9,$17,$17,$17,$0,$0,$54,54,$0.32,$0.32,$186,$0,$0,$3837,$124,$691,$153,$29,$998,$4835,$3660,$593,$37,$632,$4292,$1,$160,$4,$543,$4835,$0,$0,$0,$0,$0,$0,$0,$0,$0,$27,$-3,$0,$0,$0,$11,$11,$-71,$-63,$-66,$91,$24,$3,$3,$-7,$-25,$-5,$-42,$0,$-7
43,2007-12-31,13.01,$9.85,1.32,$6.89,1.89,$3.44,3.78,$1.28,10.16,$3.81B,$3.60B,1.06,$0.66B,$0.53B,1.25,$0.37B,$0.25B,67.03%,$0.37B,$0.10B,28.11%,$0.37B,0,0.00%,$0.37B,0,0.00%,$0.37B,$0.10B,27.84%,$0.37B,$0.07B,18.65%,$0.07B,$0.53B,13.69%,$0.07B,$0.37B,19.66%,$0.07B,$4.82B,1.48%,$0.10B,$1.19B,9.34%,$95,$31,$64,$0,$36,$67,$28,$0,$27,$9,$18,$18,$18,$0,$0,$53,54,$0.34,$0.34,$228,$0,$0,$3811,$124,$700,$154,$28,$1006,$4817,$3597,$660,$31,$692,$4289,$1,$150,$3,$529,$4817,$69,$14,$7,$21,$-5,$0,$2,$1,$-1,$89,$-18,$0,$2,$0,$181,$181,$-377,$-212,$231,$63,$294,$6,$6,$-27,$-95,$178,$55,$2,$-27
44,2007-09-30,15.54,$9.61,1.62,$6.85,2.27,$3.02,5.14,$1.26,12.33,$3.66B,$3.57B,1.03,$0.59B,$0.52B,1.14,$0.36B,$0.24B,66.94%,$0.36B,$0.10B,28.10%,$0.36B,0,0.00%,$0.36B,0,0.00%,$0.36B,$0.10B,28.10%,$0.36B,$0.07B,18.73%,$0.07B,$0.52B,14.00%,$0.07B,$0.36B,20.27%,$0.07B,$4.70B,1.49%,$0.10B,$1.10B,9.45%,$95,$31,$63,$0,$36,$68,$27,$0,$27,$9,$18,$18,$18,$0,$0,$54,54,$0.33,$0.33,$192,$0,$0,$3656,$121,$740,$155,$27,$1044,$4700,$3567,$585,$33,$618,$4185,$1,$139,$2,$515,$4700,$0,$0,$0,$0,$0,$0,$0,$0,$0,$64,$-1,$0,$2,$0,$140,$140,$-260,$-119,$-10,$11,$1,$6,$6,$-20,$87,$74,$19,$0,$-20
45,2007-06-30,13.96,$9.34,1.5,$6.63,2.11,$2.55,5.47,$1.24,11.23,$3.63B,$3.53B,1.03,$0.61B,$0.50B,1.23,$0.35B,$0.23B,67.34%,$0.35B,$0.10B,28.61%,$0.35B,0,0.00%,$0.35B,0,0.00%,$0.35B,$0.10B,28.61%,$0.35B,$0.07B,19.08%,$0.07B,$0.50B,14.36%,$0.07B,$0.34B,20.37%,$0.07B,$4.67B,1.49%,$0.10B,$1.11B,9.22%,$92,$30,$62,$0,$35,$66,$25,$0,$25,$9,$17,$17,$17,$0,$0,$53,54,$0.31,$0.31,$271,$0,$0,$3630,$119,$737,$156,$28,$1043,$4673,$3527,$613,$34,$646,$4173,$1,$128,$-1,$500,$4673,$0,$0,$0,$0,$0,$0,$0,$0,$0,$32,$-1,$0,$2,$0,$139,$139,$-145,$-5,$18,$-13,$4,$5,$5,$-13,$74,$71,$98,$0,$-13
46,2007-03-31,16.41,$8.97,1.83,$6.40,2.57,$2.35,6.99,$1.23,13.3,$3.40B,$3.38B,1.01,$0.58B,$0.47B,1.23,$0.33B,$0.22B,67.89%,$0.33B,$0.10B,29.36%,$0.33B,0,0.00%,$0.33B,0,0.00%,$0.33B,$0.10B,29.36%,$0.33B,$0.06B,19.57%,$0.06B,$0.47B,15.13%,$0.06B,$0.33B,21.00%,$0.06B,$4.46B,1.51%,$0.10B,$1.05B,9.10%,$88,$29,$59,$0,$34,$63,$24,$0,$24,$8,$16,$16,$16,$0,$0,$53,53,$0.31,$0.30,$215,$0,$0,$3397,$115,$773,$146,$27,$1062,$4459,$3375,$580,$32,$612,$3987,$1,$118,$4,$472,$4459,$0,$0,$0,$0,$0,$0,$0,$0,$0,$26,$-5,$0,$-7,$0,$53,$53,$-18,$23,$-15,$-8,$-22,$4,$4,$-6,$18,$-7,$42,$0,$-6
47,2006-12-31,16.6,$8.72,1.9,$6.11,2.72,$2.19,7.58,$1.21,13.68,$3.36B,$3.39B,0.99,$0.60B,$0.46B,1.3,$0.31B,$0.21B,68.63%,$0.31B,$0.09B,30.07%,$0.31B,0,0.00%,$0.31B,0,0.00%,$0.31B,$0.09B,30.07%,$0.31B,$0.06B,20.26%,$0.06B,$0.46B,15.86%,$0.06B,$0.31B,21.55%,$0.06B,$4.47B,1.52%,$0.09B,$1.05B,8.96%,$88,$28,$59,$0,$32,$61,$26,$0,$26,$9,$17,$17,$17,$0,$0,$50,50,$0.33,$0.32,$173,$0,$0,$3364,$111,$826,$144,$26,$1107,$4471,$3389,$595,$30,$626,$4015,$1,$108,$3,$456,$4471,$61,$14,$5,$19,$-14,$0,$2,$-2,$-12,$68,$-22,$0,$43,$0,$164,$164,$-416,$-232,$-65,$12,$-54,$36,$36,$-23,$244,$204,$40,$2,$-23
