,Date,Stock Price,Book Value per Share,Price to Book Ratio,TTM Sales per Share,Price to Sales Ratio,TTM FCF per Share,Price to FCF Ratio,TTM Net EPS,PE Ratio,Current Assets,Current Liabilities,Current Ratio,Long Term Debt,Shareholder's Equity_x,Debt to Equity Ratio,TTM Revenue_x,TTM Gross Profit,Gross Margin,TTM Revenue_y,TTM Operating Income,Operating Margin,TTM Revenue_x,TTM EBIT,EBIT Margin,TTM Revenue_y,TTM EBITDA,EBITDA Margin,TTM Revenue_x,TTM Pre-Tax Income,Pre-Tax Margin,TTM Revenue_y,TTM Net Income_x,Net Margin,TTM Net Income_y,Shareholder's Equity_y,Return on Equity,TTM Net Income_x,Tangible Equity,Return on Tangible Equity,TTM Net Income_y,Total Assets,Return on Assets,TTM Net Income,LT Investments & Debt,Return on Investment,revenue,cost-goods-sold,gross-profit,research-development-expenses,selling-general-administrative-expenses,operating-expenses,operating-income,total-non-operating-income-expense,pre-tax-income,total-provision-income-taxes,income-after-taxes,income-from-continuous-operations,net-income,ebitda,ebit,basic-shares-outstanding,shares-outstanding,eps-basic-net-earnings-per-share,eps-earnings-per-share-diluted,cash-on-hand,inventory,other-current-assets,total-current-assets,net-property-plant-equipment,long-term-investments,goodwill-intangible-assets-total,other-long-term-assets,total-long-term-assets,total-assets,total-current-liabilities,long-term-debt,other-non-current-liabilities,total-long-term-liabilities,total-liabilities,common-stock-net,retained-earnings-accumulated-deficit,comprehensive-income,total-share-holder-equity,total-liabilities-share-holders-equity,net-income-loss,total-depreciation-amortization-cash-flow,other-non-cash-items,total-non-cash-items,change-in-accounts-receivable,change-in-inventories,change-in-accounts-payable,change-in-assets-liabilities,total-change-in-assets-liabilities,cash-flow-from-operating-activities,net-change-in-property-plant-equipment,net-change-in-intangible-assets,net-acquisitions-divestitures,net-change-in-short-term-investments,net-change-in-long-term-investments,net-change-in-investments-total,investing-activities-other,cash-flow-from-investing-activities,net-long-term-debt,net-current-debt,debt-issuance-retirement-net-total,net-common-equity-issued-repurchased,net-total-equity-issued-repurchased,total-common-preferred-stock-dividends-paid,financial-activities-other,cash-flow-from-financial-activities,net-cash-flow,stock-based-compensation,common-stock-dividends-paid
0,2018-06-30,18.3,$16.15,1.13,$2.48,7.37,$-0.24,0.0,$1.49,12.28,$0.08B,$0.04B,2.22,$0.87B,$0.97B,0.9,$0.15B,$0.15B,100.00%,$0.15B,$0.08B,51.37%,$0.15B,$0.11B,71.92%,$0.15B,$0.10B,67.81%,$0.15B,$0.09B,60.27%,$0.15B,$0.09B,60.27%,$0.09B,$0.97B,9.15%,$0.09B,$0.97B,9.15%,$0.09B,$1.88B,4.85%,$0.08B,$1.84B,4.19%,$38,$0,$38,$0,$11,$20,$19,$3,$22,$0,$22,$22,$22,$26,$27,$60,60,$0.36,$0.36,$72,$0,$0,$79,$0,$1799,$0,$1,$1799,$1878,$35,$873,$0,$873,$908,$0,$0,$0,$969,$1878,$66,$-5,$-106,$-111,$-0,$0,$7,$-0,$6,$-39,$0,$0,$0,$0,$0,$0,$0,$0,$95,$10,$104,$0,$0,$-55,$-1,$49,$10,$0,$-55
1,2018-03-31,17.58,$16.11,1.09,$2.46,7.16,$-0.82,0.0,$1.44,12.21,$0.06B,$0.02B,2.76,$0.83B,$0.96B,0.86,$0.14B,$0.14B,100.00%,$0.14B,$0.07B,51.75%,$0.14B,$0.10B,72.73%,$0.14B,$0.10B,67.83%,$0.14B,$0.09B,60.14%,$0.14B,$0.09B,60.14%,$0.09B,$0.96B,8.99%,$0.09B,$0.96B,8.99%,$0.09B,$1.82B,4.76%,$0.07B,$1.80B,4.15%,$37,$0,$37,$0,$10,$18,$19,$5,$23,$0,$23,$23,$23,$25,$26,$60,60,$0.39,$0.39,$48,$0,$0,$56,$0,$1760,$0,$0,$1760,$1816,$20,$831,$0,$831,$852,$0,$0,$0,$964,$1816,$44,$-4,$-70,$-73,$-1,$0,$1,$0,$-0,$-29,$0,$0,$0,$0,$0,$0,$0,$0,$54,$0,$54,$0,$0,$-38,$-1,$15,$-14,$0,$-38
2,2017-12-31,17.58,$16.04,1.1,$2.45,7.19,$-0.90,0.0,$1.43,12.29,$0.08B,$0.02B,3.46,$0.83B,$0.96B,0.86,$0.14B,$0.14B,100.00%,$0.14B,$0.07B,51.43%,$0.14B,$0.10B,72.86%,$0.14B,$0.10B,67.86%,$0.14B,$0.08B,60.00%,$0.14B,$0.08B,60.00%,$0.08B,$0.96B,8.91%,$0.08B,$0.96B,8.91%,$0.08B,$1.81B,4.67%,$0.07B,$1.78B,4.05%,$36,$0,$36,$0,$10,$18,$19,$3,$21,$0,$21,$21,$21,$24,$26,$60,60,$0.36,$0.36,$77,$0,$0,$84,$0,$1723,$0,$0,$1724,$1807,$24,$825,$0,$825,$849,$0,$0,$0,$958,$1807,$21,$-2,$-36,$-38,$-0,$0,$5,$0,$5,$-12,$0,$0,$0,$0,$0,$0,$0,$0,$47,$0,$47,$0,$0,$-21,$-0,$26,$15,$0,$-21
3,2017-09-30,17.8,$16.08,1.11,$2.45,7.27,$-0.96,0.0,$1.41,12.62,$0.07B,$0.02B,3.56,$0.78B,$0.96B,0.81,$0.14B,$0.14B,100.00%,$0.14B,$0.07B,50.72%,$0.14B,$0.10B,73.19%,$0.14B,$0.10B,68.84%,$0.14B,$0.08B,59.42%,$0.14B,$0.08B,59.42%,$0.08B,$0.96B,8.91%,$0.08B,$0.96B,8.91%,$0.08B,$1.75B,4.58%,$0.07B,$1.74B,3.95%,$35,$0,$35,$0,$9,$17,$18,$4,$22,$0,$22,$22,$22,$24,$26,$57,57,$0.38,$0.38,$63,$0,$0,$69,$0,$1685,$0,$0,$1685,$1754,$19,$777,$0,$777,$796,$0,$0,$0,$958,$1754,$82,$-6,$-15,$-21,$-0,$0,$1,$0,$1,$62,$0,$0,$0,$0,$0,$0,$0,$0,$-84,$0,$-84,$74,$74,$-77,$-2,$-89,$-27,$0,$-77
4,2017-06-30,17.77,$16.01,1.11,$2.50,7.12,$-3.13,0.0,$1.33,13.36,$0.05B,$0.03B,1.87,$0.88B,$0.95B,0.93,$0.14B,$0.14B,100.00%,$0.14B,$0.07B,50.00%,$0.14B,$0.10B,71.74%,$0.14B,$0.09B,68.12%,$0.14B,$0.08B,55.07%,$0.14B,$0.08B,55.07%,$0.08B,$0.95B,8.44%,$0.08B,$0.95B,8.44%,$0.08B,$1.86B,4.24%,$0.07B,$1.83B,3.90%,$35,$0,$35,$0,$10,$18,$18,$2,$20,$0,$20,$20,$20,$24,$26,$58,58,$0.35,$0.35,$46,$0,$0,$52,$0,$1802,$0,$0,$1803,$1855,$28,$879,$0,$879,$907,$0,$0,$0,$948,$1855,$60,$-4,$-134,$-139,$-1,$0,$9,$0,$8,$-71,$0,$0,$0,$0,$0,$0,$0,$0,$19,$0,$19,$70,$70,$-60,$-2,$27,$-44,$0,$-60
5,2017-03-31,18.19,$15.88,1.15,$2.51,7.25,$-2.66,0.0,$1.37,13.28,$0.05B,$0.02B,2.69,$0.86B,$0.91B,0.95,$0.14B,$0.14B,100.00%,$0.14B,$0.07B,49.63%,$0.14B,$0.10B,71.11%,$0.14B,$0.09B,68.15%,$0.14B,$0.07B,54.81%,$0.14B,$0.07B,54.81%,$0.07B,$0.91B,8.52%,$0.07B,$0.91B,8.52%,$0.07B,$1.78B,4.22%,$0.07B,$1.77B,3.87%,$34,$0,$34,$0,$9,$17,$17,$4,$21,$0,$21,$21,$21,$23,$24,$55,55,$0.38,$0.38,$44,$0,$0,$50,$0,$1734,$0,$0,$1734,$1784,$19,$859,$0,$859,$877,$0,$0,$0,$907,$1784,$40,$-2,$-70,$-72,$-0,$0,$0,$0,$0,$-32,$0,$0,$0,$0,$0,$0,$0,$0,$-1,$0,$-1,$32,$32,$-44,$-1,$-14,$-46,$0,$-44
6,2016-12-31,16.55,$15.74,1.05,$2.50,6.62,$-3.09,0.0,$1.27,13.03,$0.08B,$0.02B,3.83,$0.88B,$0.87B,1.02,$0.13B,$0.13B,100.00%,$0.13B,$0.07B,50.76%,$0.13B,$0.10B,72.73%,$0.13B,$0.09B,69.70%,$0.13B,$0.07B,50.76%,$0.13B,$0.07B,50.76%,$0.07B,$0.87B,7.92%,$0.07B,$0.87B,7.92%,$0.07B,$1.77B,3.89%,$0.07B,$1.75B,3.93%,$34,$0,$34,$0,$9,$17,$17,$2,$19,$0,$19,$19,$19,$24,$25,$55,55,$0.34,$0.34,$72,$0,$0,$77,$0,$1696,$0,$0,$1697,$1774,$20,$884,$0,$884,$905,$0,$0,$0,$870,$1774,$19,$-1,$-34,$-35,$0,$0,$2,$0,$2,$-14,$0,$0,$0,$0,$0,$0,$0,$0,$25,$0,$25,$0,$0,$-28,$-0,$-4,$-18,$0,$-28
7,2016-09-30,16.21,$15.96,1.02,$2.48,6.54,$-2.39,0.0,$1.33,12.19,$0.10B,$0.02B,5.15,$0.86B,$0.88B,0.98,$0.13B,$0.13B,100.00%,$0.13B,$0.07B,50.39%,$0.13B,$0.09B,72.09%,$0.13B,$0.09B,68.99%,$0.13B,$0.07B,53.49%,$0.13B,$0.07B,53.49%,$0.07B,$0.88B,8.29%,$0.07B,$0.88B,8.29%,$0.07B,$1.76B,4.08%,$0.07B,$1.74B,3.89%,$35,$0,$35,$0,$10,$17,$17,$-1,$16,$0,$16,$16,$16,$23,$24,$52,52,$0.30,$0.30,$90,$0,$0,$95,$0,$1661,$0,$0,$1661,$1757,$19,$859,$0,$859,$878,$0,$0,$0,$879,$1757,$69,$-4,$-122,$-127,$-0,$0,$2,$0,$1,$-56,$0,$0,$0,$0,$0,$0,$0,$0,$52,$0,$52,$59,$59,$-60,$-2,$48,$-8,$0,$-60
8,2016-06-30,15.51,$15.88,0.98,$2.50,6.2,$-3.41,0.0,$1.41,11.0,$0.07B,$0.02B,3.27,$0.86B,$0.82B,1.04,$0.13B,$0.13B,100.00%,$0.13B,$0.06B,49.22%,$0.13B,$0.09B,71.09%,$0.13B,$0.09B,67.19%,$0.13B,$0.07B,56.25%,$0.13B,$0.07B,56.25%,$0.07B,$0.82B,8.83%,$0.07B,$0.82B,8.83%,$0.07B,$1.70B,4.34%,$0.06B,$1.68B,3.84%,$32,$0,$32,$0,$9,$16,$16,$2,$18,$0,$18,$18,$18,$22,$23,$52,52,$0.35,$0.35,$62,$0,$0,$68,$0,$1629,$0,$1,$1629,$1697,$21,$856,$0,$856,$877,$0,$0,$0,$820,$1697,$53,$-3,$-93,$-95,$-0,$0,$4,$-0,$4,$-39,$0,$0,$0,$0,$0,$0,$33,$33,$49,$0,$49,$0,$0,$-44,$-2,$3,$-2,$0,$-44
9,2016-03-31,14.59,$15.85,0.92,$2.48,5.88,$-6.04,0.0,$1.42,10.28,$0.05B,$0.02B,3.19,$0.83B,$0.82B,1.02,$0.13B,$0.13B,100.00%,$0.13B,$0.06B,49.21%,$0.13B,$0.09B,70.63%,$0.13B,$0.08B,66.67%,$0.13B,$0.07B,57.14%,$0.13B,$0.07B,57.14%,$0.07B,$0.82B,8.86%,$0.07B,$0.82B,8.86%,$0.07B,$1.67B,4.37%,$0.06B,$1.65B,3.81%,$31,$0,$31,$0,$7,$14,$17,$-3,$14,$0,$14,$14,$14,$23,$24,$51,51,$0.28,$0.28,$42,$0,$0,$48,$0,$1612,$0,$0,$1617,$1665,$15,$834,$0,$834,$849,$0,$0,$0,$816,$1665,$35,$-1,$-78,$-80,$-5,$0,$-2,$0,$-7,$-52,$0,$0,$0,$0,$0,$0,$55,$55,$27,$0,$27,$0,$0,$-29,$-1,$-4,$-0,$0,$-29
10,2015-12-31,13.76,$15.89,0.87,$2.48,5.54,$-6.10,0.0,$1.52,9.05,$0.11B,$0.02B,4.9,$0.80B,$0.82B,0.98,$0.12B,$0.12B,100.00%,$0.12B,$0.06B,47.97%,$0.12B,$0.09B,69.11%,$0.12B,$0.08B,65.04%,$0.12B,$0.08B,61.79%,$0.12B,$0.08B,61.79%,$0.08B,$0.82B,9.59%,$0.08B,$0.82B,9.59%,$0.08B,$1.64B,4.73%,$0.06B,$1.62B,3.71%,$31,$0,$31,$0,$8,$15,$15,$5,$21,$0,$21,$21,$21,$21,$22,$51,51,$0.40,$0.40,$101,$0,$0,$107,$0,$1528,$0,$0,$1534,$1641,$22,$803,$0,$803,$824,$0,$0,$0,$816,$1641,$21,$-1,$3,$3,$-5,$0,$5,$0,$-0,$23,$0,$0,$0,$0,$0,$0,$-2,$-2,$-4,$0,$-4,$0,$0,$-15,$-0,$-19,$1,$0,$-15
11,2015-09-30,12.97,$15.81,0.82,$2.47,5.24,$-7.42,0.0,$1.44,9.01,$0.10B,$0.02B,6.12,$0.81B,$0.81B,0.99,$0.12B,$0.12B,100.00%,$0.12B,$0.06B,49.17%,$0.12B,$0.08B,69.17%,$0.12B,$0.08B,65.83%,$0.12B,$0.07B,58.33%,$0.12B,$0.07B,58.33%,$0.07B,$0.81B,9.06%,$0.07B,$0.81B,9.06%,$0.07B,$1.63B,4.48%,$0.06B,$1.62B,3.82%,$34,$0,$34,$0,$11,$18,$15,$4,$19,$0,$19,$19,$19,$20,$22,$49,49,$0.38,$0.38,$97,$0,$0,$103,$0,$1530,$0,$0,$1530,$1633,$17,$806,$0,$806,$823,$0,$0,$0,$811,$1633,$71,$-4,$-173,$-178,$0,$0,$3,$0,$4,$-103,$0,$0,$0,$0,$0,$0,$0,$0,$116,$0,$116,$68,$68,$-60,$-3,$121,$18,$0,$-60
12,2015-06-30,13.19,$15.74,0.84,$2.47,5.35,$-10.96,0.0,$1.49,8.86,$0.06B,$0.02B,3.99,$0.82B,$0.81B,1.02,$0.12B,$0.12B,100.00%,$0.12B,$0.06B,50.43%,$0.12B,$0.08B,70.09%,$0.12B,$0.08B,65.81%,$0.12B,$0.07B,60.68%,$0.12B,$0.07B,60.68%,$0.07B,$0.81B,9.43%,$0.07B,$0.81B,9.43%,$0.07B,$1.65B,4.69%,$0.06B,$1.63B,3.93%,$30,$0,$30,$0,$9,$15,$15,$3,$18,$0,$18,$18,$18,$20,$21,$50,50,$0.36,$0.36,$57,$0,$0,$62,$0,$1571,$0,$1,$1584,$1646,$16,$823,$0,$823,$839,$0,$0,$0,$807,$1646,$51,$-3,$-217,$-220,$-4,$0,$2,$-0,$-2,$-171,$0,$0,$0,$0,$0,$0,$25,$25,$126,$0,$126,$68,$68,$-44,$-2,$147,$1,$0,$-44
13,2015-03-31,13.72,$15.61,0.88,$2.46,5.57,$-13.00,0.0,$1.48,9.27,$0.06B,$0.01B,5.43,$0.75B,$0.74B,1.02,$0.12B,$0.12B,100.00%,$0.12B,$0.06B,51.30%,$0.12B,$0.08B,71.30%,$0.12B,$0.08B,66.96%,$0.12B,$0.07B,60.00%,$0.12B,$0.07B,60.00%,$0.07B,$0.74B,9.42%,$0.07B,$0.74B,9.42%,$0.07B,$1.50B,4.70%,$0.06B,$1.49B,4.07%,$28,$0,$28,$0,$9,$15,$14,$4,$18,$0,$18,$18,$18,$19,$20,$47,47,$0.38,$0.38,$58,$0,$0,$63,$0,$1423,$0,$0,$1440,$1504,$12,$754,$0,$755,$766,$0,$0,$0,$737,$1504,$33,$-1,$-72,$-73,$-8,$0,$-2,$0,$-10,$-50,$0,$0,$0,$0,$0,$0,$20,$20,$57,$0,$57,$0,$0,$-28,$-1,$28,$-2,$0,$-28
14,2014-12-31,13.76,$15.55,0.88,$2.44,5.65,$-16.57,0.0,$1.42,9.69,$0.05B,$0.01B,3.92,$0.72B,$0.73B,0.97,$0.11B,$0.11B,100.00%,$0.11B,$0.06B,51.79%,$0.11B,$0.08B,71.43%,$0.11B,$0.08B,66.96%,$0.11B,$0.07B,58.04%,$0.11B,$0.07B,58.04%,$0.07B,$0.73B,8.92%,$0.07B,$0.73B,8.92%,$0.07B,$1.46B,4.57%,$0.06B,$1.45B,4.14%,$28,$0,$28,$0,$7,$13,$15,$1,$15,$0,$15,$15,$15,$20,$20,$47,47,$0.32,$0.32,$41,$0,$0,$48,$0,$1401,$0,$1,$1413,$1461,$12,$715,$0,$715,$727,$0,$0,$0,$734,$1461,$15,$-1,$-51,$-52,$-3,$0,$-1,$-0,$-4,$-41,$0,$0,$0,$0,$0,$0,$39,$39,$17,$0,$17,$0,$0,$-14,$-1,$2,$1,$0,$-14
15,2014-09-30,12.01,$15.55,0.77,$2.44,4.92,$-18.91,0.0,$1.44,8.34,$0.09B,$0.01B,6.38,$0.70B,$0.73B,0.95,$0.11B,$0.11B,100.00%,$0.11B,$0.06B,50.91%,$0.11B,$0.08B,70.00%,$0.11B,$0.07B,64.55%,$0.11B,$0.07B,59.09%,$0.11B,$0.07B,59.09%,$0.07B,$0.73B,9.15%,$0.07B,$0.73B,9.15%,$0.07B,$1.44B,4.73%,$0.06B,$1.43B,4.16%,$31,$0,$31,$0,$10,$16,$15,$5,$20,$0,$20,$20,$20,$18,$21,$45,45,$0.43,$0.43,$80,$0,$0,$86,$0,$1348,$0,$1,$1358,$1443,$13,$697,$0,$697,$711,$0,$0,$0,$733,$1443,$65,$-6,$-314,$-320,$-1,$0,$1,$-0,$-1,$-256,$0,$0,$0,$0,$0,$0,$-36,$-36,$276,$0,$276,$64,$64,$-55,$-5,$281,$-11,$0,$-55
16,2014-06-30,13.08,$15.44,0.85,$2.43,5.39,$-21.90,0.0,$1.32,9.91,$0.13B,$0.03B,3.95,$0.70B,$0.73B,0.97,$0.10B,$0.10B,100.00%,$0.10B,$0.05B,51.96%,$0.10B,$0.07B,70.59%,$0.10B,$0.07B,65.69%,$0.10B,$0.06B,55.88%,$0.10B,$0.06B,55.88%,$0.06B,$0.73B,8.24%,$0.06B,$0.73B,8.24%,$0.06B,$1.46B,4.43%,$0.05B,$1.43B,4.21%,$28,$0,$28,$0,$7,$13,$15,$1,$16,$0,$16,$16,$16,$20,$21,$47,47,$0.35,$0.35,$121,$0,$0,$126,$0,$1325,$0,$0,$1336,$1462,$32,$703,$0,$703,$735,$0,$0,$0,$727,$1462,$45,$-3,$-295,$-298,$-1,$0,$-1,$0,$-2,$-255,$0,$0,$0,$0,$0,$0,$-71,$-71,$303,$0,$303,$64,$64,$-41,$-5,$321,$-5,$0,$-41
17,2014-03-31,12.95,$15.41,0.84,$2.43,5.33,$-23.40,0.0,$1.31,9.88,$0.06B,$0.03B,2.15,$0.57B,$0.72B,0.79,$0.10B,$0.10B,100.00%,$0.10B,$0.05B,52.08%,$0.10B,$0.07B,68.75%,$0.10B,$0.06B,63.54%,$0.10B,$0.05B,56.25%,$0.10B,$0.05B,56.25%,$0.05B,$0.72B,8.18%,$0.05B,$0.72B,8.18%,$0.05B,$1.32B,4.60%,$0.05B,$1.29B,4.34%,$25,$0,$25,$0,$7,$12,$13,$1,$14,$0,$14,$14,$14,$17,$18,$44,44,$0.32,$0.32,$54,$0,$0,$59,$0,$1254,$0,$0,$1263,$1322,$27,$572,$0,$572,$600,$0,$0,$0,$722,$1322,$29,$-3,$-225,$-228,$-1,$0,$-3,$0,$-4,$-203,$0,$0,$0,$0,$0,$0,$-3,$-3,$169,$0,$169,$61,$61,$-26,$-2,$202,$-3,$0,$-26
18,2013-12-31,13.64,$15.23,0.9,$2.47,5.52,$-21.59,0.0,$1.37,9.95,$0.08B,$0.03B,2.74,$0.58B,$0.66B,0.88,$0.09B,$0.09B,100.00%,$0.09B,$0.05B,51.65%,$0.09B,$0.06B,68.13%,$0.09B,$0.06B,61.54%,$0.09B,$0.05B,57.14%,$0.09B,$0.05B,57.14%,$0.05B,$0.66B,8.60%,$0.05B,$0.66B,8.60%,$0.05B,$1.27B,4.88%,$0.05B,$1.24B,4.48%,$26,$0,$26,$0,$8,$12,$13,$2,$15,$0,$15,$15,$15,$16,$17,$43,43,$0.34,$0.34,$72,$0,$0,$76,$0,$1180,$0,$0,$1189,$1265,$28,$577,$0,$577,$605,$0,$0,$0,$660,$1265,$15,$-1,$-153,$-155,$0,$0,$1,$0,$1,$-139,$0,$0,$0,$0,$0,$0,$-1,$-1,$171,$0,$171,$0,$0,$-13,$-2,$156,$16,$0,$-13
19,2013-09-30,12.14,$15.21,0.8,$2.55,4.77,$-20.98,0.0,$1.35,9.0,$0.06B,$0.02B,2.77,$0.41B,$0.66B,0.63,$0.08B,$0.08B,100.00%,$0.08B,$0.04B,52.38%,$0.08B,$0.06B,69.05%,$0.08B,$0.05B,59.52%,$0.08B,$0.05B,54.76%,$0.08B,$0.05B,54.76%,$0.05B,$0.66B,8.45%,$0.05B,$0.66B,8.45%,$0.05B,$1.09B,4.79%,$0.04B,$1.07B,4.66%,$23,$0,$23,$0,$7,$10,$12,$-0,$12,$0,$12,$12,$12,$14,$16,$34,34,$0.30,$0.30,$55,$0,$0,$59,$0,$1025,$0,$0,$1033,$1092,$21,$412,$0,$412,$433,$0,$0,$0,$658,$1092,$47,$-6,$-344,$-350,$-0,$0,$6,$0,$6,$-298,$0,$0,$0,$0,$0,$0,$-1,$-1,$68,$0,$68,$281,$281,$-43,$-5,$301,$2,$0,$-43
20,2013-06-30,12.04,$15.12,0.8,$2.55,4.72,$-18.87,0.0,$1.38,8.73,$0.04B,$0.01B,3.84,$0.40B,$0.60B,0.67,$0.08B,$0.08B,100.00%,$0.08B,$0.03B,41.56%,$0.08B,$0.05B,68.83%,$0.08B,$0.04B,45.45%,$0.08B,$0.04B,55.84%,$0.08B,$0.04B,55.84%,$0.04B,$0.60B,9.08%,$0.04B,$0.60B,9.08%,$0.04B,$1.02B,4.94%,$0.03B,$1.01B,3.72%,$22,$0,$22,$0,$7,$10,$12,$1,$13,$0,$13,$13,$13,$14,$15,$37,37,$0.34,$0.34,$35,$0,$0,$40,$0,$968,$0,$0,$976,$1016,$10,$404,$0,$404,$414,$0,$0,$0,$601,$1016,$34,$-5,$-289,$-293,$-2,$0,$4,$0,$2,$-257,$0,$0,$0,$0,$0,$0,$15,$15,$52,$0,$52,$224,$224,$-31,$-4,$241,$-1,$0,$-31
21,2013-03-31,11.16,$14.80,0.75,$2.53,4.41,$-17.07,0.0,$1.25,8.93,$0.10B,$0.01B,12.45,$0.39B,$0.50B,0.77,$0.07B,$0.07B,100.00%,$0.07B,$0.03B,42.86%,$0.07B,$0.05B,68.57%,$0.07B,$0.03B,42.86%,$0.07B,$0.04B,50.00%,$0.07B,$0.04B,50.00%,$0.04B,$0.50B,8.39%,$0.04B,$0.50B,8.39%,$0.04B,$0.89B,4.41%,$0.03B,$0.89B,3.83%,$20,$0,$20,$0,$6,$10,$10,$2,$12,$0,$12,$12,$12,$12,$14,$33,33,$0.38,$0.38,$93,$0,$0,$97,$0,$788,$0,$0,$796,$893,$8,$386,$0,$386,$394,$0,$0,$0,$500,$893,$22,$-3,$-111,$-114,$-0,$0,$1,$0,$1,$-92,$0,$0,$0,$0,$0,$0,$-47,$-47,$33,$0,$33,$122,$122,$-19,$-3,$134,$-5,$0,$-19
22,2012-12-31,10.59,$14.66,0.72,$2.51,4.22,$-19.73,0.0,$1.35,7.85,$0.06B,$0.02B,3.33,$0.40B,$0.42B,0.96,$0.06B,$0.06B,100.00%,$0.06B,$0.03B,46.88%,$0.06B,$0.04B,68.75%,$0.06B,$0.03B,42.19%,$0.06B,$0.03B,53.13%,$0.06B,$0.03B,53.13%,$0.03B,$0.42B,8.80%,$0.03B,$0.42B,8.80%,$0.03B,$0.84B,4.53%,$0.03B,$0.82B,4.06%,$19,$0,$19,$0,$6,$9,$10,$-0,$9,$0,$9,$9,$9,$10,$13,$28,28,$0.33,$0.33,$61,$0,$0,$64,$0,$768,$0,$0,$775,$839,$19,$400,$0,$400,$420,$0,$0,$0,$419,$839,$9,$-2,$-93,$-95,$1,$0,$12,$0,$13,$-73,$0,$0,$0,$0,$0,$0,$-2,$-2,$48,$0,$48,$44,$44,$-9,$-1,$82,$8,$0,$-9
23,2012-09-30,10.33,$14.60,0.71,$2.42,4.27,$-21.58,0.0,$1.31,7.88,$0.06B,$0.01B,8.23,$0.35B,$0.38B,0.94,$0.06B,$0.06B,100.00%,$0.06B,$0.03B,50.88%,$0.06B,$0.04B,70.18%,$0.06B,$0.03B,43.86%,$0.06B,$0.03B,54.39%,$0.06B,$0.03B,54.39%,$0.03B,$0.38B,8.60%,$0.03B,$0.38B,8.60%,$0.03B,$0.73B,4.43%,$0.03B,$0.73B,4.19%,$16,$0,$16,$0,$5,$16,$-0,$9,$9,$0,$9,$9,$9,$-1,$11,$24,24,$0.34,$0.34,$51,$0,$0,$55,$0,$673,$0,$0,$679,$734,$7,$352,$0,$352,$359,$0,$0,$0,$375,$734,$32,$-4,$-210,$-214,$-1,$0,$3,$21,$24,$-158,$0,$0,$0,$0,$0,$0,$-14,$-14,$115,$0,$115,$57,$57,$-30,$-3,$139,$-32,$0,$-30
24,2012-06-30,9.6,$14.58,0.66,$2.30,4.17,$-21.07,0.0,$1.11,8.65,$0.07B,$0.01B,8.92,$0.33B,$0.37B,0.88,$0.05B,$0.05B,100.00%,$0.05B,$0.03B,59.62%,$0.05B,$0.04B,71.15%,$0.05B,$0.03B,51.92%,$0.05B,$0.03B,48.08%,$0.05B,$0.03B,48.08%,$0.03B,$0.37B,7.23%,$0.03B,$0.37B,7.23%,$0.03B,$0.71B,3.81%,$0.03B,$0.70B,4.78%,$15,$0,$15,$0,$5,$5,$10,$-4,$5,$0,$5,$5,$5,$9,$10,$26,26,$0.21,$0.21,$63,$0,$0,$67,$0,$637,$0,$2,$645,$712,$8,$330,$0,$330,$337,$0,$0,$0,$374,$712,$23,$-2,$-175,$-178,$-1,$0,$4,$20,$23,$-132,$0,$0,$0,$0,$0,$0,$-22,$-22,$92,$0,$92,$57,$57,$-22,$-3,$125,$-28,$0,$-22
25,2012-03-31,9.51,$14.69,0.65,$2.19,4.33,$-21.00,0.0,$1.21,7.86,$0.08B,$0.01B,7.04,$0.33B,$0.38B,0.88,$0.05B,$0.05B,100.00%,$0.05B,$0.03B,61.70%,$0.05B,$0.04B,74.47%,$0.05B,$0.03B,53.19%,$0.05B,$0.03B,57.45%,$0.05B,$0.03B,57.45%,$0.03B,$0.38B,8.11%,$0.03B,$0.38B,8.11%,$0.03B,$0.72B,4.39%,$0.03B,$0.71B,4.77%,$14,$0,$14,$0,$5,$5,$10,$2,$11,$0,$11,$11,$11,$9,$10,$24,24,$0.48,$0.48,$73,$0,$0,$76,$0,$614,$0,$23,$643,$719,$11,$332,$0,$332,$343,$0,$0,$0,$377,$719,$18,$-2,$-155,$-157,$-1,$0,$7,$1,$8,$-132,$0,$0,$0,$0,$0,$0,$-19,$-19,$94,$0,$94,$57,$57,$-14,$-2,$135,$-16,$0,$-14
26,2011-12-31,9.45,$14.53,0.65,$2.11,4.48,$-17.87,0.0,$1.05,9.0,$0.04B,$0.01B,8.07,$0.31B,$0.32B,0.99,$0.04B,$0.04B,100.00%,$0.04B,$0.03B,61.90%,$0.04B,$0.03B,76.19%,$0.04B,$0.02B,52.38%,$0.04B,$0.02B,52.38%,$0.04B,$0.02B,52.38%,$0.02B,$0.32B,7.24%,$0.02B,$0.32B,7.24%,$0.02B,$0.63B,4.00%,$0.03B,$0.63B,4.77%,$12,$0,$12,$0,$4,$4,$9,$-3,$6,$0,$6,$6,$6,$8,$9,$22,22,$0.28,$0.28,$40,$0,$0,$43,$0,$562,$0,$22,$591,$634,$5,$312,$1,$313,$318,$0,$0,$0,$316,$634,$6,$-1,$-102,$-103,$-2,$0,$2,$0,$0,$-97,$0,$0,$0,$0,$0,$0,$9,$9,$74,$0,$74,$0,$0,$-7,$-1,$67,$-21,$0,$-7
27,2011-09-30,8.87,$14.56,0.61,$2.05,4.32,$-15.57,0.0,$1.11,7.99,$0.07B,$0.00B,21.26,$0.24B,$0.32B,0.75,$0.04B,$0.04B,100.00%,$0.04B,$0.02B,61.54%,$0.04B,$0.03B,76.92%,$0.04B,$0.02B,48.72%,$0.04B,$0.02B,56.41%,$0.04B,$0.02B,56.41%,$0.02B,$0.32B,7.58%,$0.02B,$0.32B,7.58%,$0.02B,$0.56B,4.34%,$0.02B,$0.55B,4.78%,$11,$0,$11,$0,$3,$9,$2,$1,$3,$0,$3,$3,$3,$1,$8,$20,20,$0.11,$0.11,$70,$0,$0,$73,$0,$460,$0,$22,$487,$560,$3,$238,$2,$240,$243,$0,$0,$0,$317,$560,$21,$-4,$-108,$-112,$-1,$0,$-5,$-21,$-27,$-118,$0,$0,$0,$0,$0,$0,$8,$8,$64,$0,$64,$59,$59,$-24,$-4,$95,$-15,$0,$-24
28,2011-06-30,8.73,$14.75,0.59,$1.50,5.81,$-9.56,0.0,$1.32,6.62,$0.08B,$0.00B,21.24,$0.22B,$0.32B,0.69,$0.04B,$0.04B,100.00%,$0.04B,$0.03B,85.71%,$0.04B,$0.03B,80.00%,$0.04B,$0.03B,71.43%,$0.04B,$0.03B,71.43%,$0.04B,$0.03B,71.43%,$0.03B,$0.32B,9.05%,$0.03B,$0.32B,9.05%,$0.03B,$0.55B,5.24%,$0.03B,$0.54B,6.35%,$10,$0,$10,$0,$2,$2,$8,$-1,$7,$0,$7,$7,$7,$7,$8,$21,21,$0.31,$0.31,$73,$0,$0,$76,$0,$439,$0,$12,$471,$547,$4,$222,$1,$223,$227,$0,$0,$0,$321,$547,$18,$-4,$-90,$-93,$-18,$0,$-5,$-11,$-33,$-108,$0,$0,$0,$0,$0,$0,$2,$2,$48,$0,$48,$59,$59,$-17,$-2,$88,$-17,$0,$-17
29,2011-03-31,9.03,$14.75,0.61,$1.47,6.13,$2.89,3.13,$1.30,6.95,$0.06B,$0.00B,17.53,$0.19B,$0.26B,0.74,$0.03B,$0.03B,100.00%,$0.03B,$0.03B,84.38%,$0.03B,$0.03B,78.13%,$0.03B,$0.02B,68.75%,$0.03B,$0.02B,71.88%,$0.03B,$0.02B,71.88%,$0.02B,$0.26B,8.81%,$0.02B,$0.26B,8.81%,$0.02B,$0.46B,5.27%,$0.03B,$0.46B,6.25%,$9,$0,$9,$0,$2,$2,$7,$-1,$6,$0,$6,$6,$6,$6,$7,$18,18,$0.33,$0.33,$60,$0,$0,$62,$0,$389,$0,$0,$397,$460,$4,$194,$0,$194,$198,$0,$0,$0,$262,$460,$12,$-3,$-41,$-44,$-5,$0,$-5,$-0,$-10,$-42,$0,$0,$0,$0,$0,$0,$16,$16,$20,$0,$20,$0,$0,$-10,$-1,$9,$-17,$0,$-10
