,Date,Stock Price,Book Value per Share,Price to Book Ratio,TTM Sales per Share,Price to Sales Ratio,TTM FCF per Share,Price to FCF Ratio,TTM Net EPS,PE Ratio,Current Assets,Current Liabilities,Current Ratio,Long Term Debt,Shareholder's Equity_x,Debt to Equity Ratio,TTM Revenue_x,TTM Gross Profit,Gross Margin,TTM Revenue_y,TTM Operating Income,Operating Margin,TTM Revenue_x,TTM EBIT,EBIT Margin,TTM Revenue_y,TTM EBITDA,EBITDA Margin,TTM Revenue_x,TTM Pre-Tax Income,Pre-Tax Margin,TTM Revenue_y,TTM Net Income_x,Net Margin,TTM Net Income_y,Shareholder's Equity_y,Return on Equity,TTM Net Income_x,Tangible Equity,Return on Tangible Equity,TTM Net Income_y,Total Assets,Return on Assets,TTM Net Income,LT Investments & Debt,Return on Investment,revenue,cost-goods-sold,gross-profit,research-development-expenses,selling-general-administrative-expenses,operating-expenses,operating-income,total-non-operating-income-expense,pre-tax-income,total-provision-income-taxes,income-after-taxes,income-from-continuous-operations,net-income,ebitda,ebit,basic-shares-outstanding,shares-outstanding,eps-basic-net-earnings-per-share,eps-earnings-per-share-diluted,cash-on-hand,inventory,other-current-assets,total-current-assets,net-property-plant-equipment,long-term-investments,goodwill-intangible-assets-total,other-long-term-assets,total-long-term-assets,total-assets,total-current-liabilities,long-term-debt,other-non-current-liabilities,total-long-term-liabilities,total-liabilities,common-stock-net,retained-earnings-accumulated-deficit,comprehensive-income,total-share-holder-equity,total-liabilities-share-holders-equity,net-income-loss,total-depreciation-amortization-cash-flow,other-non-cash-items,total-non-cash-items,change-in-accounts-receivable,change-in-inventories,change-in-accounts-payable,change-in-assets-liabilities,total-change-in-assets-liabilities,cash-flow-from-operating-activities,net-change-in-property-plant-equipment,net-change-in-intangible-assets,net-acquisitions-divestitures,net-change-in-short-term-investments,net-change-in-long-term-investments,net-change-in-investments-total,investing-activities-other,cash-flow-from-investing-activities,net-long-term-debt,net-current-debt,debt-issuance-retirement-net-total,net-common-equity-issued-repurchased,net-total-equity-issued-repurchased,total-common-preferred-stock-dividends-paid,financial-activities-other,cash-flow-from-financial-activities,net-cash-flow,stock-based-compensation,common-stock-dividends-paid
0,2018-09-30,23.42,$-0.42,-55.84,$12.22,1.92,$12.63,1.85,$3.72,6.3,$0.11B,$0.11B,1.01,$0.02B,$-0.01B,-1.98,$0.36B,$0.36B,100.00%,$0.36B,$0.17B,48.47%,$0.36B,$0.17B,48.47%,$0.36B,$0.18B,48.75%,$0.36B,$0.16B,44.01%,$0.36B,$0.11B,29.81%,$0.11B,$-0.01B,-189.38%,$0.11B,$-0.01B,-189.38%,$0.11B,$0.12B,85.09%,$0.17B,$0.01B,-1581.82%,$86,$0,$86,$0,$34,$34,$52,$-5,$46,$11,$35,$35,$35,$52,$52,$29,29,$1.22,$1.22,$34,$30,$0,$108,$0,$0,$0,$11,$11,$118,$106,$24,$0,$24,$131,$0,$260,$-0,$-12,$118,$94,$0,$3,$3,$-1,$7,$-14,$15,$10,$107,$0,$0,$0,$0,$0,$0,$0,$0,$-79,$0,$-79,$-9,$-9,$-2,$0,$-91,$17,$1,$-2
1,2018-06-30,26.76,$-1.55,-17.29,$12.07,2.22,$11.00,2.43,$3.05,8.77,$0.11B,$0.14B,0.79,$0.04B,$-0.05B,-0.98,$0.36B,$0.36B,100.00%,$0.36B,$0.15B,40.17%,$0.36B,$0.15B,40.17%,$0.36B,$0.15B,40.72%,$0.36B,$0.13B,36.57%,$0.36B,$0.09B,24.65%,$0.09B,$-0.05B,-111.95%,$0.09B,$-0.05B,-111.95%,$0.09B,$0.14B,57.79%,$0.15B,$-0.00B,1318.18%,$87,$0,$87,$0,$46,$46,$41,$1,$42,$11,$32,$32,$32,$42,$41,$29,29,$1.10,$1.10,$41,$34,$0,$111,$0,$0,$0,$12,$29,$140,$141,$44,$0,$44,$185,$0,$226,$-0,$-45,$140,$59,$0,$-3,$-3,$-1,$3,$14,$12,$30,$86,$0,$0,$0,$0,$0,$0,$0,$0,$-53,$0,$-53,$-7,$-7,$-2,$0,$-62,$24,$1,$-2
2,2018-03-31,24.81,$-2.52,-9.86,$11.86,2.09,$10.48,2.37,$2.71,9.16,$0.11B,$0.17B,0.64,$0.02B,$-0.07B,-0.33,$0.36B,$0.36B,100.00%,$0.36B,$0.14B,39.78%,$0.36B,$0.14B,39.78%,$0.36B,$0.15B,40.06%,$0.36B,$0.13B,35.08%,$0.36B,$0.08B,22.10%,$0.08B,$-0.07B,-81.22%,$0.08B,$-0.07B,-81.22%,$0.08B,$0.12B,47.98%,$0.14B,$-0.05B,417.39%,$87,$0,$87,$0,$46,$46,$41,$-6,$35,$8,$27,$27,$27,$41,$41,$29,29,$0.94,$0.94,$27,$31,$0,$105,$0,$0,$0,$12,$12,$117,$165,$24,$0,$24,$190,$0,$195,$-0,$-73,$117,$27,$0,$-1,$-1,$-0,$5,$0,$13,$27,$53,$0,$0,$0,$0,$0,$0,$0,$0,$-39,$0,$-39,$-3,$-3,$-1,$0,$-43,$10,$0,$-1
3,2017-12-31,29.6,$-3.32,-8.91,$11.60,2.55,$10.66,2.78,$2.59,11.43,$0.12B,$0.14B,0.86,$0.09B,$-0.10B,-0.93,$0.36B,$0.36B,100.00%,$0.36B,$0.15B,40.17%,$0.36B,$0.15B,40.17%,$0.36B,$0.15B,40.72%,$0.36B,$0.13B,36.57%,$0.36B,$0.08B,21.61%,$0.08B,$-0.10B,-66.52%,$0.08B,$-0.10B,-66.52%,$0.08B,$0.13B,42.56%,$0.15B,$-0.01B,337.21%,$99,$0,$99,$0,$59,$59,$40,$-5,$35,$21,$13,$13,$13,$40,$40,$29,31,$0.46,$0.47,$18,$37,$0,$116,$0,$0,$0,$12,$12,$128,$135,$89,$0,$89,$225,$0,$156,$12,$-96,$128,$78,$1,$8,$8,$-1,$0,$39,$5,$41,$127,$0,$0,$0,$0,$0,$0,$0,$0,$-132,$0,$-132,$-14,$-14,$-2,$0,$-149,$-22,$9,$-2
4,2017-09-30,29.69,$-3.58,-8.29,$11.72,2.53,$10.40,2.85,$3.20,9.28,$0.22B,$0.13B,1.67,$0.20B,$-0.10B,-1.95,$0.36B,$0.36B,100.00%,$0.36B,$0.16B,43.37%,$0.36B,$0.16B,43.37%,$0.36B,$0.16B,43.92%,$0.36B,$0.15B,40.88%,$0.36B,$0.10B,27.07%,$0.10B,$-0.10B,-72.59%,$0.10B,$-0.10B,-72.19%,$0.10B,$0.23B,51.99%,$0.16B,$0.10B,430.14%,$88,$0,$88,$0,$65,$65,$23,$-3,$20,$4,$17,$17,$17,$24,$23,$29,31,$0.57,$0.55,$61,$101,$0,$219,$0,$0,$0,$12,$12,$231,$132,$204,$0,$204,$336,$0,$143,$12,$-104,$231,$64,$0,$-1,$-1,$-1,$-60,$49,$21,$1,$65,$0,$0,$0,$0,$-4,$-4,$0,$-4,$-30,$0,$-30,$-9,$-9,$-2,$0,$-40,$21,$7,$-2
5,2017-06-30,29.51,$-4.13,-7.14,$11.77,2.51,$11.77,2.51,$3.68,8.02,$0.16B,$0.10B,1.62,$0.21B,$-0.12B,-1.77,$0.36B,$0.36B,100.00%,$0.36B,$0.18B,50.28%,$0.36B,$0.18B,50.28%,$0.36B,$0.18B,50.55%,$0.36B,$0.17B,47.79%,$0.36B,$0.11B,30.94%,$0.11B,$-0.12B,-70.55%,$0.11B,$-0.12B,-70.22%,$0.11B,$0.19B,69.57%,$0.18B,$0.09B,898.77%,$88,$0,$88,$0,$48,$48,$40,$-2,$37,$15,$23,$23,$23,$40,$40,$29,31,$0.79,$0.76,$90,$35,$0,$159,$0,$0,$0,$13,$32,$191,$98,$214,$0,$214,$312,$0,$127,$10,$-121,$191,$48,$0,$-1,$-0,$-0,$0,$15,$18,$29,$77,$0,$0,$0,$0,$-0,$-0,$0,$-0,$-20,$0,$-20,$-5,$-5,$-1,$0,$-26,$51,$5,$-1
6,2017-03-31,29.48,$-5.05,-5.84,$11.80,2.5,$10.93,2.7,$3.85,7.66,$0.17B,$0.20B,0.86,$0.13B,$-0.15B,-0.91,$0.36B,$0.36B,100.00%,$0.36B,$0.19B,52.79%,$0.36B,$0.19B,52.79%,$0.36B,$0.19B,53.07%,$0.36B,$0.18B,50.28%,$0.36B,$0.12B,32.68%,$0.12B,$-0.15B,-63.50%,$0.12B,$-0.15B,-63.24%,$0.12B,$0.18B,82.54%,$0.19B,$-0.01B,-358.29%,$86,$0,$86,$0,$43,$43,$42,$-2,$40,$15,$25,$25,$25,$43,$42,$29,31,$0.86,$0.82,$88,$33,$0,$170,$0,$0,$0,$13,$13,$183,$197,$134,$0,$134,$331,$0,$105,$9,$-148,$183,$25,$0,$-3,$-3,$-0,$0,$9,$15,$41,$63,$0,$0,$0,$0,$0,$0,$0,$0,$-10,$0,$-10,$-4,$-4,$-1,$0,$-14,$48,$1,$-1
7,2016-12-31,30.74,$-5.67,-5.42,$11.78,2.61,$9.94,3.09,$3.91,7.86,$0.13B,$0.18B,0.7,$0.13B,$-0.17B,-0.8,$0.35B,$0.35B,100.00%,$0.35B,$0.19B,54.39%,$0.35B,$0.19B,54.39%,$0.35B,$0.19B,54.39%,$0.35B,$0.18B,51.56%,$0.35B,$0.12B,33.43%,$0.12B,$-0.17B,-56.39%,$0.12B,$-0.17B,-56.19%,$0.12B,$0.15B,94.40%,$0.19B,$-0.03B,-508.61%,$100,$0,$100,$0,$48,$48,$52,$-1,$51,$18,$33,$33,$33,$52,$52,$29,30,$1.12,$1.08,$40,$37,$0,$127,$0,$0,$4,$6,$19,$149,$182,$134,$0,$134,$316,$0,$81,$11,$-167,$149,$117,$1,$-1,$-1,$1,$0,$18,$-20,$-1,$116,$0,$0,$0,$0,$-1,$-1,$0,$-1,$-75,$0,$-75,$-11,$-11,$-2,$0,$-88,$26,$4,$-2
8,2016-09-30,28.33,$-6.74,-4.2,$11.98,2.36,$10.66,2.66,$3.57,7.94,$0.11B,$0.09B,1.26,$0.23B,$-0.20B,-1.18,$0.34B,$0.34B,100.00%,$0.34B,$0.17B,50.44%,$0.34B,$0.17B,50.44%,$0.34B,$0.17B,50.44%,$0.34B,$0.16B,46.36%,$0.34B,$0.11B,30.61%,$0.11B,$-0.20B,-44.40%,$0.11B,$-0.20B,-44.21%,$0.11B,$0.12B,92.31%,$0.17B,$0.04B,-206.57%,$88,$0,$88,$0,$40,$40,$48,$-3,$45,$14,$31,$31,$31,$48,$48,$29,30,$1.06,$1.03,$34,$33,$0,$109,$0,$0,$0,$12,$12,$121,$86,$234,$0,$234,$320,$0,$48,$9,$-199,$121,$84,$0,$-1,$-0,$1,$0,$20,$5,$21,$105,$0,$0,$0,$0,$0,$0,$0,$0,$-75,$0,$-75,$-8,$-8,$-2,$0,$-85,$20,$3,$-2
9,2016-06-30,32.59,$-7.51,-4.34,$12.75,2.56,$12.54,2.6,$3.13,10.41,$0.10B,$0.31B,0.32,$0.02B,$-0.22B,-0.11,$0.35B,$0.35B,100.00%,$0.35B,$0.16B,46.69%,$0.35B,$0.16B,46.69%,$0.35B,$0.16B,46.69%,$0.35B,$0.15B,43.23%,$0.35B,$0.09B,25.65%,$0.09B,$-0.22B,-195.60%,$0.09B,$-0.22B,-191.40%,$0.09B,$0.11B,29.52%,$0.16B,$-0.20B,215.28%,$84,$0,$84,$0,$37,$37,$47,$-3,$44,$17,$28,$28,$28,$47,$47,$29,30,$0.94,$0.93,$24,$32,$0,$100,$0,$0,$0,$14,$14,$114,$313,$24,$0,$24,$337,$0,$18,$9,$-223,$114,$54,$0,$0,$0,$1,$0,$3,$-3,$-6,$48,$0,$0,$0,$0,$0,$0,$0,$0,$-35,$0,$-35,$-1,$-1,$-1,$0,$-37,$11,$2,$-1
10,2016-03-31,36.83,$-8.33,-4.42,$13.80,2.67,$14.29,2.58,$3.15,11.69,$0.10B,$0.07B,1.47,$0.29B,$-0.25B,-1.19,$0.36B,$0.36B,100.00%,$0.36B,$0.15B,42.54%,$0.36B,$0.15B,42.54%,$0.36B,$0.15B,42.54%,$0.36B,$0.14B,39.78%,$0.36B,$0.09B,23.48%,$0.09B,$-0.25B,55.92%,$0.09B,$-0.25B,56.29%,$0.09B,$0.12B,17.37%,$0.15B,$0.05B,52.51%,$81,$0,$81,$0,$36,$36,$45,$-3,$42,$16,$26,$26,$26,$45,$45,$29,30,$0.89,$0.88,$28,$36,$0,$103,$0,$0,$0,$13,$13,$116,$70,$294,$0,$294,$364,$0,$-9,$12,$-248,$116,$26,$0,$-1,$-1,$-0,$0,$-4,$-3,$5,$30,$0,$0,$0,$0,$0,$0,$0,$0,$-15,$0,$-15,$-1,$-1,$-1,$0,$-16,$14,$1,$-1
11,2015-12-31,30.83,$-9.27,-3.33,$14.98,2.06,$15.09,2.04,$3.24,9.52,$0.08B,$0.32B,0.26,$0.06B,$-0.28B,-0.21,$0.38B,$0.38B,100.00%,$0.38B,$0.15B,38.85%,$0.38B,$0.15B,38.85%,$0.38B,$0.15B,38.85%,$0.38B,$0.14B,36.48%,$0.38B,$0.08B,22.05%,$0.08B,$-0.28B,23.91%,$0.08B,$-0.28B,23.98%,$0.08B,$0.10B,12.73%,$0.15B,$-0.22B,33.15%,$90,$0,$90,$0,$57,$57,$33,$-5,$28,$10,$18,$18,$20,$33,$33,$25,26,$0.73,$0.73,$14,$33,$0,$84,$0,$0,$4,$7,$17,$104,$321,$59,$0,$59,$380,$0,$-34,$9,$-276,$104,$87,$1,$13,$14,$1,$-0,$-5,$36,$16,$117,$0,$0,$0,$0,$-6,$-6,$0,$-6,$-55,$0,$-55,$-26,$-26,$-7,$-22,$-110,$1,$10,$-7
12,2015-09-30,29.9,$22.13,1.35,$15.32,1.95,$16.03,1.87,$3.64,8.21,$0.16B,$0.20B,0.8,$0.11B,$0.57B,0.19,$0.39B,$0.39B,100.00%,$0.39B,$0.17B,42.93%,$0.39B,$0.17B,42.93%,$0.39B,$0.17B,42.93%,$0.39B,$0.16B,40.10%,$0.39B,$0.09B,23.91%,$0.09B,$0.57B,16.84%,$0.09B,$0.57B,16.86%,$0.09B,$0.87B,10.93%,$0.17B,$0.67B,25.27%,$92,$0,$92,$0,$55,$55,$37,$-1,$36,$14,$22,$22,$15,$37,$37,$25,25,$0.60,$0.59,$63,$34,$0,$155,$0,$0,$0,$11,$717,$872,$195,$106,$0,$112,$307,$0,$661,$18,$565,$872,$64,$0,$9,$10,$12,$0,$58,$-0,$61,$135,$0,$0,$0,$0,$0,$0,$0,$0,$-6,$0,$-6,$-20,$-20,$-5,$78,$46,$50,$5,$-5
13,2015-06-30,37.38,$22.05,1.7,$16.01,2.33,$15.47,2.42,$3.98,9.39,$0.11B,$0.19B,0.6,$0.11B,$0.57B,0.19,$0.41B,$0.41B,100.00%,$0.41B,$0.17B,42.65%,$0.41B,$0.17B,42.65%,$0.41B,$0.17B,42.65%,$0.41B,$0.15B,37.75%,$0.41B,$0.10B,25.00%,$0.10B,$0.57B,18.93%,$0.10B,$0.57B,18.95%,$0.10B,$0.87B,11.90%,$0.17B,$0.67B,26.82%,$99,$0,$99,$0,$60,$60,$39,$-1,$38,$14,$24,$24,$24,$39,$39,$25,25,$0.96,$0.95,$11,$37,$0,$112,$0,$0,$0,$12,$754,$865,$186,$106,$0,$112,$298,$0,$648,$24,$567,$865,$49,$0,$0,$1,$5,$0,$35,$1,$36,$85,$0,$0,$0,$0,$0,$0,$0,$0,$-6,$0,$-6,$-10,$-10,$-4,$76,$56,$-1,$3,$-4
14,2015-03-31,42.66,$21.28,2.0,$16.35,2.61,$15.99,2.67,$4.16,10.26,$0.11B,$0.14B,0.85,$0.11B,$0.55B,0.2,$0.42B,$0.42B,100.00%,$0.42B,$0.17B,41.49%,$0.42B,$0.17B,41.49%,$0.42B,$0.17B,41.49%,$0.42B,$0.16B,38.85%,$0.42B,$0.11B,25.66%,$0.11B,$0.55B,20.53%,$0.11B,$0.55B,20.55%,$0.11B,$0.80B,12.70%,$0.17B,$0.66B,27.34%,$100,$0,$100,$0,$61,$61,$39,$-1,$37,$14,$23,$23,$25,$39,$39,$25,25,$0.99,$0.97,$11,$38,$0,$114,$0,$0,$0,$12,$685,$799,$135,$109,$0,$115,$250,$0,$626,$25,$549,$799,$25,$0,$2,$2,$5,$0,$12,$-2,$20,$46,$0,$0,$0,$0,$0,$0,$0,$0,$-3,$0,$-3,$-3,$-3,$-2,$35,$27,$-1,$2,$-2
15,2014-12-31,48.29,$20.41,2.37,$16.49,2.93,$15.80,3.06,$4.28,11.28,$0.08B,$0.16B,0.51,$0.11B,$0.53B,0.21,$0.42B,$0.42B,100.00%,$0.42B,$0.17B,40.38%,$0.42B,$0.17B,40.38%,$0.42B,$0.17B,40.62%,$0.42B,$0.17B,39.90%,$0.42B,$0.11B,26.13%,$0.11B,$0.53B,21.86%,$0.11B,$0.53B,21.88%,$0.11B,$0.87B,13.29%,$0.17B,$0.64B,27.63%,$98,$0,$98,$0,$46,$46,$52,$-6,$45,$17,$28,$28,$29,$52,$52,$25,26,$1.14,$1.13,$13,$0,$0,$81,$0,$39,$2,$8,$783,$866,$158,$112,$0,$180,$339,$0,$603,$25,$528,$866,$109,$1,$8,$8,$7,$0,$8,$10,$23,$140,$0,$0,$0,$0,$-1,$-1,$0,$-1,$-1,$0,$-1,$-31,$-31,$-13,$-87,$-131,$2,$5,$-13
16,2014-09-30,38.26,$19.75,1.94,$16.67,2.29,$14.38,2.66,$4.44,8.62,$0.73B,$0.22B,3.33,$0.11B,$0.51B,0.22,$0.43B,$0.43B,100.00%,$0.43B,$0.18B,42.15%,$0.43B,$0.18B,42.15%,$0.43B,$0.18B,42.39%,$0.43B,$0.14B,31.85%,$0.43B,$0.11B,26.70%,$0.11B,$0.51B,23.44%,$0.11B,$0.51B,23.51%,$0.11B,$0.90B,14.46%,$0.18B,$0.62B,30.08%,$111,$0,$111,$0,$67,$67,$44,$-10,$34,$13,$21,$21,$24,$44,$44,$25,26,$0.94,$0.93,$358,$255,$0,$727,$0,$147,$0,$25,$172,$899,$218,$112,$0,$169,$388,$0,$582,$23,$511,$899,$78,$1,$5,$6,$-30,$-22,$93,$5,$39,$122,$0,$0,$0,$0,$3,$3,$0,$3,$-1,$0,$-1,$-23,$-23,$-5,$52,$23,$148,$5,$-5
17,2014-06-30,44.88,$19.20,2.34,$16.08,2.79,$15.64,2.87,$4.80,9.35,$0.63B,$0.17B,3.64,$0.11B,$0.50B,0.23,$0.41B,$0.41B,100.00%,$0.41B,$0.17B,41.02%,$0.41B,$0.17B,41.02%,$0.41B,$0.17B,41.26%,$0.41B,$0.15B,37.14%,$0.41B,$0.12B,29.85%,$0.12B,$0.50B,26.27%,$0.12B,$0.50B,26.34%,$0.12B,$0.81B,16.46%,$0.17B,$0.61B,29.05%,$108,$0,$108,$0,$71,$71,$38,$9,$46,$17,$29,$29,$29,$38,$38,$25,26,$1.14,$1.13,$307,$226,$0,$625,$0,$149,$0,$31,$179,$805,$172,$112,$0,$136,$308,$0,$560,$26,$497,$805,$57,$0,$-2,$-1,$-9,$10,$43,$6,$44,$99,$0,$0,$0,$0,$2,$2,$0,$2,$-1,$0,$-1,$-16,$-16,$-3,$16,$-4,$97,$3,$-3
18,2014-03-31,41.93,$18.35,2.28,$15.44,2.72,$16.95,2.47,$4.76,8.81,$0.57B,$0.14B,4.01,$0.11B,$0.48B,0.24,$0.40B,$0.40B,100.00%,$0.40B,$0.16B,41.16%,$0.40B,$0.16B,41.16%,$0.40B,$0.16B,41.41%,$0.40B,$0.15B,38.13%,$0.40B,$0.12B,30.81%,$0.12B,$0.48B,27.31%,$0.12B,$0.48B,27.38%,$0.12B,$0.74B,17.02%,$0.16B,$0.59B,29.03%,$104,$0,$104,$0,$68,$68,$36,$6,$43,$15,$28,$28,$28,$37,$36,$25,26,$1.10,$1.09,$243,$234,$0,$565,$0,$148,$0,$26,$175,$740,$141,$112,$0,$122,$263,$0,$533,$28,$477,$740,$28,$0,$0,$0,$14,$-0,$5,$-10,$14,$42,$0,$0,$0,$0,$-1,$-1,$0,$-1,$-0,$0,$-0,$-9,$-9,$-2,$2,$-9,$33,$2,$-2
19,2013-12-31,46.93,$17.64,2.66,$14.71,3.19,$18.46,2.54,$4.55,10.31,$0.55B,$0.13B,4.25,$0.11B,$0.46B,0.25,$0.38B,$0.38B,100.00%,$0.38B,$0.16B,41.80%,$0.38B,$0.16B,41.80%,$0.38B,$0.16B,41.80%,$0.38B,$0.14B,38.10%,$0.38B,$0.12B,30.95%,$0.12B,$0.46B,27.43%,$0.12B,$0.46B,27.51%,$0.12B,$0.71B,16.20%,$0.16B,$0.57B,27.83%,$104,$0,$104,$0,$42,$42,$62,$-49,$13,$7,$6,$6,$33,$62,$62,$26,26,$1.30,$1.28,$210,$231,$0,$549,$0,$140,$5,$12,$157,$709,$129,$113,$0,$120,$249,$0,$506,$30,$460,$709,$117,$1,$-23,$-22,$-9,$0,$23,$-3,$10,$105,$0,$0,$0,$0,$1,$1,$0,$1,$-107,$0,$-107,$-15,$-15,$-18,$-20,$-159,$0,$2,$-18
20,2013-09-30,40.69,$16.86,2.41,$14.44,2.82,$17.63,2.31,$3.93,10.35,$0.56B,$0.17B,3.26,$0.12B,$0.44B,0.27,$0.37B,$0.37B,100.00%,$0.37B,$0.12B,32.44%,$0.37B,$0.12B,32.44%,$0.37B,$0.12B,32.44%,$0.37B,$0.16B,42.63%,$0.37B,$0.10B,27.35%,$0.10B,$0.44B,25.23%,$0.10B,$0.44B,25.31%,$0.10B,$0.74B,14.21%,$0.12B,$0.56B,21.18%,$96,$0,$96,$0,$64,$64,$33,$18,$51,$18,$33,$33,$33,$33,$33,$26,26,$1.29,$1.29,$245,$238,$0,$559,$0,$141,$0,$35,$176,$735,$172,$117,$0,$124,$296,$0,$488,$23,$439,$735,$84,$1,$-12,$-12,$18,$-11,$79,$-7,$83,$155,$0,$0,$0,$0,$25,$25,$0,$25,$-100,$0,$-100,$-9,$-9,$-4,$-12,$-126,$55,$1,$-4
21,2013-06-30,29.67,$16.04,1.85,$13.80,2.15,$14.58,2.04,$3.36,8.83,$0.51B,$0.15B,3.48,$0.12B,$0.41B,0.29,$0.36B,$0.36B,100.00%,$0.36B,$0.12B,32.59%,$0.36B,$0.12B,32.59%,$0.36B,$0.12B,32.59%,$0.36B,$0.14B,37.88%,$0.36B,$0.09B,24.51%,$0.09B,$0.41B,21.71%,$0.09B,$0.41B,21.78%,$0.09B,$0.68B,11.99%,$0.12B,$0.53B,19.58%,$92,$0,$92,$0,$61,$61,$32,$12,$44,$16,$28,$28,$28,$32,$32,$26,26,$1.09,$1.09,$223,$220,$0,$512,$0,$147,$0,$25,$172,$684,$147,$117,$0,$125,$272,$0,$456,$25,$411,$684,$51,$0,$3,$4,$25,$3,$55,$-6,$79,$133,$0,$0,$0,$0,$19,$19,$0,$19,$-100,$0,$-100,$-6,$-6,$-3,$-11,$-120,$32,$0,$-3
22,2013-03-31,28.41,$15.41,1.84,$13.28,2.14,$11.09,2.56,$2.84,10.0,$0.58B,$0.13B,4.45,$0.22B,$0.40B,0.55,$0.35B,$0.35B,100.00%,$0.35B,$0.12B,33.05%,$0.35B,$0.12B,33.05%,$0.35B,$0.12B,33.33%,$0.35B,$0.12B,33.33%,$0.35B,$0.08B,21.55%,$0.08B,$0.40B,18.29%,$0.08B,$0.40B,18.35%,$0.08B,$0.76B,9.75%,$0.12B,$0.61B,17.98%,$86,$0,$86,$0,$55,$55,$31,$5,$36,$13,$23,$23,$23,$31,$31,$26,26,$0.88,$0.88,$273,$229,$0,$578,$0,$159,$0,$24,$183,$761,$130,$218,$0,$234,$364,$0,$430,$32,$396,$761,$23,$0,$2,$2,$19,$-6,$33,$6,$56,$81,$0,$0,$0,$0,$6,$6,$0,$6,$0,$0,$0,$-2,$-2,$-1,$-1,$-4,$83,$0,$-1
23,2012-12-31,28.37,$14.41,1.97,$13.01,2.18,$9.74,2.91,$2.86,9.92,$0.51B,$0.09B,6.0,$0.22B,$0.37B,0.58,$0.34B,$0.34B,100.00%,$0.34B,$0.11B,32.27%,$0.34B,$0.11B,32.27%,$0.34B,$0.11B,32.56%,$0.34B,$0.12B,34.30%,$0.34B,$0.08B,22.09%,$0.08B,$0.37B,18.21%,$0.08B,$0.37B,18.27%,$0.08B,$0.69B,9.67%,$0.11B,$0.59B,16.86%,$99,$0,$99,$0,$75,$75,$25,$4,$28,$11,$18,$18,$18,$25,$25,$26,26,$0.67,$0.67,$191,$219,$0,$508,$0,$159,$5,$15,$180,$691,$85,$216,$0,$235,$320,$0,$408,$26,$371,$691,$76,$1,$61,$62,$-40,$17,$-1,$-27,$-52,$86,$0,$0,$0,$0,$4,$4,$0,$4,$-56,$0,$-56,$-54,$-54,$-77,$11,$-176,$-86,$14,$-77
24,2012-09-30,25.39,$16.66,1.52,$12.44,2.04,$7.86,3.23,$3.08,8.24,$0.61B,$0.12B,5.19,$0.22B,$0.44B,0.49,$0.33B,$0.33B,100.00%,$0.33B,$0.12B,35.45%,$0.33B,$0.12B,35.45%,$0.33B,$0.12B,36.06%,$0.33B,$0.13B,38.48%,$0.33B,$0.08B,24.85%,$0.08B,$0.44B,19.24%,$0.08B,$0.44B,19.29%,$0.08B,$0.80B,10.22%,$0.12B,$0.66B,17.22%,$82,$0,$82,$0,$53,$53,$29,$-1,$28,$8,$19,$19,$19,$29,$29,$26,26,$0.72,$0.72,$289,$235,$0,$609,$0,$167,$0,$22,$189,$799,$117,$217,$0,$238,$355,$0,$450,$26,$443,$799,$58,$1,$8,$9,$-31,$3,$39,$6,$13,$79,$0,$0,$0,$0,$3,$3,$0,$3,$-56,$0,$-56,$-12,$-12,$-17,$14,$-70,$12,$3,$-17
25,2012-06-30,22.51,$16.15,1.39,$12.34,1.82,$7.63,2.95,$2.65,8.5,$0.64B,$0.10B,6.2,$0.27B,$0.43B,0.62,$0.33B,$0.33B,100.00%,$0.33B,$0.12B,36.28%,$0.33B,$0.12B,36.28%,$0.33B,$0.12B,36.89%,$0.33B,$0.11B,33.84%,$0.33B,$0.07B,21.65%,$0.07B,$0.43B,17.01%,$0.07B,$0.43B,17.06%,$0.07B,$0.83B,8.79%,$0.12B,$0.70B,17.46%,$81,$0,$81,$0,$51,$51,$30,$-7,$24,$9,$15,$15,$15,$31,$30,$26,26,$0.58,$0.57,$324,$250,$0,$642,$0,$162,$0,$23,$185,$827,$104,$266,$0,$293,$397,$0,$439,$23,$430,$827,$39,$0,$3,$3,$-14,$-10,$26,$7,$3,$45,$0,$0,$0,$0,$2,$2,$0,$2,$-0,$0,$-0,$-10,$-10,$-9,$20,$1,$48,$2,$-9
26,2012-03-31,24.98,$15.94,1.57,$12.46,2.01,$5.95,4.2,$2.85,8.77,$0.64B,$0.12B,5.35,$0.26B,$0.43B,0.62,$0.33B,$0.33B,100.00%,$0.33B,$0.12B,35.84%,$0.33B,$0.12B,35.84%,$0.33B,$0.12B,36.45%,$0.33B,$0.12B,36.14%,$0.33B,$0.08B,23.19%,$0.08B,$0.43B,18.68%,$0.08B,$0.43B,18.73%,$0.08B,$0.83B,9.58%,$0.12B,$0.69B,17.63%,$82,$0,$82,$0,$55,$55,$27,$11,$38,$14,$24,$24,$24,$27,$27,$26,27,$0.90,$0.90,$325,$258,$0,$639,$0,$164,$0,$24,$188,$826,$119,$264,$0,$283,$402,$0,$432,$26,$425,$826,$24,$0,$0,$0,$-3,$-14,$27,$8,$23,$48,$0,$0,$0,$0,$1,$1,$0,$1,$0,$0,$0,$-10,$-10,$-1,$11,$-0,$48,$1,$-1
27,2011-12-31,21.88,$15.23,1.44,$12.23,1.79,$4.08,5.36,$2.60,8.42,$0.57B,$0.08B,7.27,$0.26B,$0.41B,0.65,$0.33B,$0.33B,100.00%,$0.33B,$0.11B,34.56%,$0.33B,$0.11B,34.56%,$0.33B,$0.12B,35.17%,$0.33B,$0.11B,33.94%,$0.33B,$0.07B,21.71%,$0.07B,$0.41B,17.47%,$0.07B,$0.40B,17.52%,$0.07B,$0.76B,9.20%,$0.11B,$0.67B,17.57%,$85,$0,$85,$0,$54,$54,$31,$6,$37,$14,$24,$24,$24,$32,$31,$27,27,$0.90,$0.90,$276,$238,$0,$573,$0,$160,$5,$15,$181,$757,$79,$263,$0,$271,$349,$0,$409,$23,$407,$757,$70,$1,$4,$5,$-17,$-58,$6,$36,$-38,$36,$0,$0,$0,$0,$4,$4,$0,$4,$99,$0,$99,$-20,$-20,$-31,$20,$68,$107,$3,$-31
28,2011-09-30,19.39,$15.23,1.27,$12.41,1.56,$-0.10,0.0,$2.70,7.18,$0.64B,$0.11B,5.74,$0.26B,$0.41B,0.64,$0.34B,$0.34B,100.00%,$0.34B,$0.11B,33.23%,$0.34B,$0.11B,33.23%,$0.34B,$0.11B,33.53%,$0.34B,$0.12B,34.72%,$0.34B,$0.07B,21.96%,$0.07B,$0.41B,18.40%,$0.07B,$0.41B,18.47%,$0.07B,$0.82B,9.86%,$0.11B,$0.67B,18.29%,$80,$0,$80,$0,$49,$49,$31,$-19,$12,$5,$7,$7,$8,$31,$31,$26,27,$0.29,$0.29,$336,$215,$0,$641,$0,$154,$0,$26,$180,$821,$112,$262,$0,$302,$413,$0,$413,$18,$408,$821,$46,$1,$3,$4,$-5,$5,$31,$-12,$24,$73,$0,$0,$0,$0,$3,$3,$0,$3,$99,$0,$99,$-20,$-20,$-3,$15,$91,$166,$2,$-3
29,2011-06-30,22.76,$15.26,1.49,$11.60,1.96,$-4.23,0.0,$3.14,7.25,$0.62B,$0.10B,5.97,$0.26B,$0.41B,0.64,$0.32B,$0.32B,100.00%,$0.32B,$0.10B,31.66%,$0.32B,$0.10B,31.66%,$0.32B,$0.10B,31.66%,$0.32B,$0.14B,42.95%,$0.32B,$0.09B,26.96%,$0.09B,$0.41B,20.90%,$0.09B,$0.41B,20.98%,$0.09B,$0.81B,11.93%,$0.10B,$0.67B,16.95%,$85,$0,$85,$0,$55,$55,$30,$2,$33,$12,$21,$21,$21,$31,$30,$27,27,$0.77,$0.77,$261,$298,$0,$621,$0,$163,$0,$26,$189,$811,$104,$261,$0,$298,$402,$0,$407,$26,$409,$811,$39,$0,$1,$2,$24,$-71,$20,$-10,$-40,$1,$0,$0,$0,$0,$2,$2,$0,$2,$99,$0,$99,$-20,$-20,$-2,$12,$90,$91,$1,$-2
30,2011-03-31,22.78,$14.87,1.53,$10.71,2.13,$-6.09,0.0,$2.67,8.53,$0.51B,$0.11B,4.89,$0.16B,$0.40B,0.4,$0.30B,$0.30B,100.00%,$0.30B,$0.09B,31.76%,$0.30B,$0.09B,31.76%,$0.30B,$0.09B,31.42%,$0.30B,$0.12B,39.19%,$0.30B,$0.07B,24.66%,$0.07B,$0.40B,17.35%,$0.07B,$0.40B,17.41%,$0.07B,$0.70B,10.52%,$0.09B,$0.56B,16.08%,$77,$0,$77,$0,$56,$56,$21,$8,$29,$10,$18,$18,$18,$21,$21,$27,27,$0.66,$0.65,$165,$280,$0,$513,$0,$160,$0,$24,$185,$698,$105,$160,$0,$190,$295,$0,$387,$28,$402,$698,$18,$0,$0,$1,$17,$-45,$12,$-5,$-21,$-2,$0,$0,$0,$0,$1,$1,$0,$1,$0,$0,$0,$-7,$-7,$-1,$5,$-2,$-5,$1,$-1
31,2010-12-31,23.57,$14.40,1.64,$10.00,2.36,$-5.34,0.0,$2.52,9.35,$0.57B,$0.10B,5.93,$0.16B,$0.39B,0.41,$0.28B,$0.28B,100.00%,$0.28B,$0.09B,32.97%,$0.28B,$0.09B,32.97%,$0.28B,$0.09B,32.97%,$0.28B,$0.11B,39.07%,$0.28B,$0.07B,24.73%,$0.07B,$0.39B,15.93%,$0.07B,$0.38B,15.98%,$0.07B,$0.67B,9.85%,$0.09B,$0.55B,15.16%,$95,$0,$95,$0,$66,$66,$30,$13,$43,$15,$28,$28,$27,$30,$30,$27,28,$1.00,$0.99,$170,$305,$0,$570,$0,$83,$5,$11,$99,$673,$96,$159,$0,$187,$283,$0,$370,$25,$390,$673,$70,$1,$9,$10,$-26,$-133,$11,$-14,$-160,$-80,$0,$0,$0,$0,$5,$5,$62,$67,$-100,$0,$-100,$-29,$-29,$-51,$24,$-156,$-169,$11,$-51
32,2010-09-30,17.44,$16.31,1.07,$9.39,1.86,$2.15,8.09,$2.23,7.82,$0.60B,$0.08B,7.4,$0.16B,$0.45B,0.36,$0.26B,$0.26B,100.00%,$0.26B,$0.09B,35.50%,$0.26B,$0.09B,35.50%,$0.26B,$0.09B,35.50%,$0.26B,$0.10B,37.02%,$0.26B,$0.06B,23.28%,$0.06B,$0.45B,13.65%,$0.06B,$0.45B,13.70%,$0.06B,$0.70B,8.60%,$0.09B,$0.60B,14.74%,$62,$0,$62,$0,$43,$43,$20,$13,$32,$12,$20,$20,$20,$19,$20,$27,28,$0.75,$0.73,$294,$228,$0,$602,$0,$79,$0,$21,$100,$702,$81,$159,$0,$176,$258,$0,$425,$19,$445,$702,$42,$1,$-0,$1,$-14,$-65,$14,$-12,$-82,$-39,$0,$0,$0,$0,$4,$4,$-0,$4,$-40,$0,$-40,$-18,$-18,$-27,$14,$-71,$-106,$4,$-27
33,2010-06-30,16.41,$16.36,1.0,$9.07,1.81,$8.48,1.94,$2.03,8.08,$0.61B,$0.07B,8.83,$0.18B,$0.45B,0.4,$0.25B,$0.25B,100.00%,$0.25B,$0.09B,35.71%,$0.25B,$0.09B,35.71%,$0.25B,$0.09B,36.11%,$0.25B,$0.09B,35.32%,$0.25B,$0.06B,22.22%,$0.06B,$0.45B,12.25%,$0.06B,$0.45B,12.29%,$0.06B,$0.70B,7.74%,$0.09B,$0.63B,13.82%,$62,$0,$62,$0,$40,$40,$23,$-10,$12,$4,$8,$8,$8,$23,$23,$27,27,$0.30,$0.30,$321,$213,$0,$609,$0,$74,$0,$20,$95,$703,$69,$179,$0,$188,$257,$0,$431,$16,$446,$703,$22,$1,$4,$5,$-6,$-59,$11,$-10,$-76,$-50,$0,$0,$0,$0,$3,$3,$-0,$3,$-20,$0,$-20,$-17,$-17,$-2,$6,$-33,$-80,$3,$-2
34,2010-03-31,20.06,$16.47,1.22,$8.41,2.38,$14.71,1.36,$2.21,9.08,$0.63B,$0.07B,8.92,$0.20B,$0.45B,0.44,$0.24B,$0.24B,100.00%,$0.24B,$0.08B,34.04%,$0.24B,$0.08B,34.04%,$0.24B,$0.08B,34.47%,$0.24B,$0.10B,41.70%,$0.24B,$0.06B,25.96%,$0.06B,$0.45B,13.14%,$0.06B,$0.45B,13.18%,$0.06B,$0.73B,8.35%,$0.08B,$0.65B,12.06%,$60,$0,$60,$0,$41,$41,$19,$3,$22,$8,$14,$14,$14,$20,$19,$27,28,$0.50,$0.50,$411,$177,$0,$633,$0,$71,$0,$21,$92,$725,$71,$199,$0,$202,$273,$0,$423,$21,$452,$725,$14,$0,$-1,$-0,$22,$-18,$10,$-6,$6,$19,$0,$0,$0,$0,$1,$1,$-0,$1,$0,$0,$0,$-8,$-8,$-1,$-0,$-9,$11,$1,$-1
35,2009-12-31,21.27,$16.07,1.32,$7.87,2.7,$17.09,1.25,$2.01,10.58,$0.63B,$0.06B,10.07,$0.20B,$0.44B,0.45,$0.22B,$0.22B,100.00%,$0.22B,$0.07B,33.49%,$0.22B,$0.07B,33.49%,$0.22B,$0.07B,33.49%,$0.22B,$0.09B,40.37%,$0.22B,$0.06B,25.23%,$0.06B,$0.44B,11.83%,$0.06B,$0.44B,11.87%,$0.06B,$0.71B,7.58%,$0.07B,$0.64B,10.99%,$78,$0,$78,$0,$47,$47,$31,$0,$31,$12,$19,$19,$19,$31,$31,$27,28,$0.70,$0.71,$401,$157,$0,$627,$0,$63,$5,$9,$78,$708,$62,$199,$0,$202,$264,$0,$410,$19,$444,$708,$56,$1,$-5,$-4,$-38,$98,$-1,$6,$80,$132,$0,$0,$0,$0,$-0,$-0,$-55,$-55,$0,$0,$0,$-6,$-6,$-59,$-4,$-70,$7,$5,$-59
36,2009-09-30,19.27,$17.59,1.1,$6.90,2.79,$19.00,1.01,$0.87,22.15,$0.68B,$0.07B,9.54,$0.20B,$0.49B,0.41,$0.19B,$0.19B,100.00%,$0.19B,$0.06B,32.11%,$0.19B,$0.06B,32.11%,$0.19B,$0.06B,33.16%,$0.19B,$0.04B,19.47%,$0.19B,$0.02B,12.63%,$0.02B,$0.49B,5.16%,$0.02B,$0.49B,5.17%,$0.02B,$0.76B,3.32%,$0.06B,$0.69B,9.18%,$52,$0,$52,$0,$35,$35,$17,$7,$24,$9,$15,$15,$15,$17,$17,$27,28,$0.54,$0.53,$463,$173,$0,$676,$0,$64,$0,$18,$82,$759,$71,$199,$0,$202,$273,$0,$447,$25,$486,$759,$37,$1,$-5,$-4,$-8,$77,$16,$7,$104,$136,$0,$0,$0,$0,$1,$1,$-55,$-54,$0,$0,$0,$-5,$-5,$-3,$-4,$-12,$70,$4,$-3
37,2009-06-30,20.43,$17.11,1.19,$7.30,2.8,$16.01,1.28,$0.77,26.54,$0.65B,$0.05B,12.19,$0.20B,$0.48B,0.42,$0.20B,$0.20B,100.00%,$0.20B,$0.07B,32.34%,$0.20B,$0.07B,32.34%,$0.20B,$0.07B,33.83%,$0.20B,$0.03B,14.43%,$0.20B,$0.02B,10.45%,$0.02B,$0.48B,4.51%,$0.02B,$0.48B,4.52%,$0.02B,$0.73B,2.97%,$0.07B,$0.67B,10.00%,$45,$0,$45,$0,$33,$33,$13,$8,$21,$7,$14,$14,$13,$13,$13,$27,28,$0.49,$0.48,$453,$162,$0,$652,$0,$60,$0,$18,$78,$730,$53,$199,$0,$202,$255,$0,$433,$24,$475,$730,$22,$0,$4,$4,$0,$85,$1,$1,$96,$121,$0,$0,$0,$0,$-1,$-1,$-35,$-36,$0,$0,$0,$0,$0,$-3,$-4,$-6,$79,$3,$-3
38,2009-03-31,13.75,$16.39,0.84,$7.94,1.73,$15.89,0.87,$0.80,17.18,$0.63B,$0.05B,13.36,$0.20B,$0.46B,0.44,$0.22B,$0.22B,100.00%,$0.22B,$0.07B,33.03%,$0.22B,$0.07B,33.03%,$0.22B,$0.08B,34.39%,$0.22B,$0.03B,14.03%,$0.22B,$0.02B,9.95%,$0.02B,$0.46B,4.62%,$0.02B,$0.46B,4.64%,$0.02B,$0.71B,3.11%,$0.07B,$0.65B,11.31%,$43,$0,$43,$0,$32,$32,$12,$1,$12,$4,$8,$8,$8,$12,$12,$27,27,$0.30,$0.30,$416,$166,$0,$630,$0,$56,$0,$19,$75,$705,$47,$199,$0,$203,$251,$0,$421,$17,$455,$705,$8,$0,$5,$5,$3,$71,$-3,$-0,$71,$84,$0,$0,$0,$0,$-3,$-3,$-15,$-18,$0,$0,$0,$0,$0,$-2,$-1,$-3,$62,$1,$-2
39,2008-12-31,11.49,$16.04,0.72,$8.71,1.32,$17.22,0.67,$0.87,13.21,$0.60B,$0.05B,12.33,$0.20B,$0.45B,0.45,$0.25B,$0.25B,100.00%,$0.25B,$0.08B,34.29%,$0.25B,$0.08B,34.29%,$0.25B,$0.09B,35.92%,$0.25B,$0.04B,15.10%,$0.25B,$0.02B,9.80%,$0.02B,$0.45B,4.89%,$0.02B,$0.44B,4.91%,$0.02B,$0.70B,3.33%,$0.08B,$0.64B,13.02%,$50,$0,$50,$0,$31,$31,$19,$-39,$-20,$-8,$-13,$-13,$-12,$21,$19,$28,28,$-0.43,$-0.42,$338,$226,$0,$596,$0,$61,$5,$8,$98,$698,$48,$199,$0,$204,$253,$0,$414,$15,$445,$698,$24,$3,$34,$36,$50,$104,$-36,$23,$123,$183,$0,$0,$0,$0,$19,$19,$-2,$17,$59,$0,$59,$-39,$-39,$-56,$-0,$-36,$163,$5,$-56
40,2008-09-30,24.11,$17.42,1.38,$9.97,2.42,$16.65,1.45,$2.15,11.21,$0.60B,$0.07B,9.03,$0.14B,$0.49B,0.29,$0.28B,$0.28B,100.00%,$0.28B,$0.10B,36.27%,$0.28B,$0.10B,36.27%,$0.28B,$0.11B,37.32%,$0.28B,$0.09B,32.75%,$0.28B,$0.06B,21.13%,$0.06B,$0.49B,11.89%,$0.06B,$0.49B,11.91%,$0.06B,$0.70B,8.16%,$0.10B,$0.63B,15.93%,$63,$0,$63,$0,$42,$42,$21,$-6,$16,$4,$12,$12,$12,$22,$21,$28,28,$0.43,$0.43,$165,$379,$0,$603,$0,$73,$0,$23,$96,$699,$67,$140,$0,$146,$212,$0,$452,$15,$487,$699,$37,$1,$11,$12,$23,$-8,$-23,$21,$6,$54,$0,$0,$0,$0,$7,$7,$0,$7,$0,$0,$0,$-33,$-33,$-30,$-1,$-65,$-3,$4,$-30
41,2008-06-30,19.75,$18.32,1.08,$10.04,1.97,$21.65,0.91,$2.36,8.37,$0.63B,$0.07B,9.56,$0.14B,$0.52B,0.27,$0.29B,$0.29B,100.00%,$0.29B,$0.11B,37.72%,$0.29B,$0.11B,37.72%,$0.29B,$0.11B,38.41%,$0.29B,$0.11B,37.72%,$0.29B,$0.07B,22.84%,$0.07B,$0.52B,13.15%,$0.07B,$0.52B,13.17%,$0.07B,$0.73B,8.81%,$0.11B,$0.66B,16.87%,$65,$0,$65,$0,$44,$44,$21,$2,$23,$9,$15,$15,$14,$21,$21,$28,29,$0.52,$0.51,$266,$320,$0,$629,$0,$78,$0,$21,$99,$728,$66,$140,$0,$146,$212,$0,$468,$17,$516,$728,$25,$1,$7,$8,$37,$61,$-19,$20,$90,$123,$0,$0,$0,$0,$-0,$-0,$0,$-0,$0,$0,$0,$-23,$-23,$-2,$-1,$-25,$98,$2,$-2
42,2008-03-31,20.03,$18.07,1.11,$10.11,1.98,$20.04,1.0,$2.48,8.08,$0.65B,$0.10B,6.76,$0.14B,$0.51B,0.27,$0.29B,$0.29B,100.00%,$0.29B,$0.11B,35.96%,$0.29B,$0.11B,35.96%,$0.29B,$0.11B,36.64%,$0.29B,$0.12B,40.07%,$0.29B,$0.07B,23.97%,$0.07B,$0.51B,14.13%,$0.07B,$0.51B,14.15%,$0.07B,$0.76B,9.11%,$0.11B,$0.65B,16.35%,$67,$0,$67,$0,$43,$43,$23,$-6,$18,$7,$10,$10,$10,$24,$23,$28,28,$0.37,$0.37,$281,$325,$0,$647,$0,$86,$0,$23,$109,$756,$96,$140,$0,$146,$242,$0,$455,$17,$514,$756,$10,$0,$1,$2,$42,$57,$-0,$11,$112,$124,$0,$0,$0,$0,$-0,$-0,$0,$-0,$0,$0,$0,$-10,$-10,$-1,$0,$-11,$112,$1,$-1
43,2007-12-31,27.51,$17.62,1.56,$10.03,2.74,$18.23,1.51,$2.78,9.89,$0.64B,$0.09B,6.85,$0.15B,$0.50B,0.3,$0.29B,$0.29B,100.00%,$0.29B,$0.10B,35.27%,$0.29B,$0.10B,35.27%,$0.29B,$0.10B,35.62%,$0.29B,$0.13B,44.52%,$0.29B,$0.08B,27.05%,$0.08B,$0.50B,16.33%,$0.08B,$0.50B,16.36%,$0.08B,$0.76B,10.25%,$0.10B,$0.65B,16.27%,$89,$0,$89,$0,$51,$51,$38,$-2,$36,$12,$24,$25,$24,$39,$38,$28,29,$0.86,$0.85,$168,$395,$0,$644,$0,$100,$3,$9,$112,$758,$94,$150,$0,$162,$256,$0,$445,$21,$501,$758,$80,$1,$-0,$1,$14,$116,$-29,$4,$94,$175,$0,$0,$0,$0,$-21,$-21,$0,$-21,$-82,$0,$-82,$-8,$-8,$-32,$-2,$-124,$30,$0,$-32
44,2007-09-30,21.77,$16.94,1.29,$9.77,2.23,$12.02,1.81,$2.80,7.78,$0.64B,$0.12B,5.4,$0.15B,$0.48B,0.31,$0.29B,$0.29B,100.00%,$0.29B,$0.10B,33.22%,$0.29B,$0.10B,33.22%,$0.29B,$0.10B,33.57%,$0.29B,$0.14B,48.95%,$0.29B,$0.08B,28.67%,$0.08B,$0.48B,17.39%,$0.08B,$0.48B,17.43%,$0.08B,$0.75B,10.37%,$0.10B,$0.63B,14.81%,$68,$0,$68,$0,$41,$41,$27,$4,$32,$13,$18,$18,$18,$27,$27,$28,29,$0.65,$0.64,$196,$386,$0,$637,$0,$98,$0,$17,$115,$753,$118,$150,$0,$159,$277,$0,$422,$18,$476,$753,$55,$1,$-4,$-3,$35,$144,$-25,$-1,$150,$203,$0,$0,$0,$0,$-23,$-23,$0,$-23,$-82,$0,$-82,$-8,$-8,$-31,$-1,$-121,$58,$0,$-31
45,2007-06-30,21.87,$17.44,1.25,$9.40,2.33,$3.95,5.54,$2.75,7.95,$0.72B,$0.15B,4.74,$0.15B,$0.49B,0.31,$0.28B,$0.28B,100.00%,$0.28B,$0.09B,31.16%,$0.28B,$0.09B,31.16%,$0.28B,$0.09B,31.88%,$0.28B,$0.14B,48.91%,$0.28B,$0.08B,29.35%,$0.08B,$0.49B,17.71%,$0.08B,$0.49B,17.75%,$0.08B,$0.81B,10.16%,$0.09B,$0.64B,13.28%,$68,$0,$68,$0,$51,$51,$17,$14,$31,$13,$18,$18,$18,$17,$17,$28,29,$0.64,$0.63,$105,$550,$0,$717,$0,$70,$0,$20,$89,$806,$151,$150,$0,$164,$315,$0,$433,$20,$491,$806,$37,$1,$-12,$-11,$16,$72,$4,$-28,$54,$78,$0,$0,$0,$0,$-23,$-23,$0,$-23,$-82,$0,$-82,$-5,$-5,$-2,$1,$-89,$-33,$0,$-2
46,2007-03-31,16.9,$16.59,1.02,$9.15,1.85,$0.18,95.31,$2.43,6.95,$0.68B,$0.14B,4.98,$0.15B,$0.47B,0.32,$0.27B,$0.27B,100.00%,$0.27B,$0.08B,28.89%,$0.27B,$0.08B,28.89%,$0.27B,$0.08B,30.00%,$0.27B,$0.12B,44.44%,$0.27B,$0.07B,26.67%,$0.07B,$0.47B,16.55%,$0.07B,$0.47B,16.59%,$0.07B,$0.77B,9.22%,$0.08B,$0.62B,12.06%,$67,$0,$67,$0,$46,$46,$21,$10,$31,$11,$19,$19,$19,$21,$21,$28,29,$0.68,$0.67,$104,$532,$0,$679,$0,$69,$0,$20,$88,$767,$136,$150,$0,$164,$300,$0,$415,$11,$467,$767,$19,$0,$0,$0,$46,$14,$4,$-2,$55,$75,$0,$0,$0,$0,$-24,$-24,$0,$-24,$-82,$0,$-82,$-3,$-3,$-1,$1,$-85,$-34,$0,$-1
47,2006-12-31,14.99,$15.99,0.94,$8.83,1.7,$-3.71,0.0,$2.41,6.22,$0.74B,$0.13B,5.59,$0.23B,$0.45B,0.51,$0.26B,$0.26B,100.00%,$0.26B,$0.08B,28.63%,$0.26B,$0.08B,28.63%,$0.26B,$0.08B,29.77%,$0.26B,$0.13B,50.76%,$0.26B,$0.07B,27.48%,$0.07B,$0.45B,17.11%,$0.07B,$0.45B,17.15%,$0.07B,$0.84B,9.30%,$0.08B,$0.68B,11.49%,$83,$0,$83,$0,$64,$52,$30,$15,$46,$17,$29,$27,$27,$31,$30,$29,30,$0.97,$0.95,$138,$508,$0,$740,$0,$82,$4,$10,$95,$837,$133,$232,$0,$253,$386,$0,$398,$10,$452,$837,$72,$1,$-59,$-58,$-57,$-7,$51,$-11,$-20,$-6,$0,$0,$0,$0,$-3,$-3,$0,$-3,$0,$0,$0,$-54,$-54,$-3,$29,$-28,$-35,$0,$-3
