,Date,Stock Price,Book Value per Share,Price to Book Ratio,TTM Sales per Share,Price to Sales Ratio,TTM FCF per Share,Price to FCF Ratio,TTM Net EPS,PE Ratio,Current Assets,Current Liabilities,Current Ratio,Long Term Debt,Shareholder's Equity_x,Debt to Equity Ratio,TTM Revenue_x,TTM Gross Profit,Gross Margin,TTM Revenue_y,TTM Operating Income,Operating Margin,TTM Revenue_x,TTM EBIT,EBIT Margin,TTM Revenue_y,TTM EBITDA,EBITDA Margin,TTM Revenue_x,TTM Pre-Tax Income,Pre-Tax Margin,TTM Revenue_y,TTM Net Income_x,Net Margin,TTM Net Income_y,Shareholder's Equity_y,Return on Equity,TTM Net Income_x,Tangible Equity,Return on Tangible Equity,TTM Net Income_y,Total Assets,Return on Assets,TTM Net Income,LT Investments & Debt,Return on Investment,revenue,cost-goods-sold,gross-profit,research-development-expenses,selling-general-administrative-expenses,operating-expenses,operating-income,total-non-operating-income-expense,pre-tax-income,total-provision-income-taxes,income-after-taxes,income-from-continuous-operations,net-income,ebitda,ebit,basic-shares-outstanding,shares-outstanding,eps-basic-net-earnings-per-share,eps-earnings-per-share-diluted,cash-on-hand,inventory,other-current-assets,total-current-assets,net-property-plant-equipment,long-term-investments,goodwill-intangible-assets-total,other-long-term-assets,total-long-term-assets,total-assets,total-current-liabilities,long-term-debt,other-non-current-liabilities,total-long-term-liabilities,total-liabilities,common-stock-net,retained-earnings-accumulated-deficit,comprehensive-income,total-share-holder-equity,total-liabilities-share-holders-equity,net-income-loss,total-depreciation-amortization-cash-flow,other-non-cash-items,total-non-cash-items,change-in-accounts-receivable,change-in-inventories,change-in-accounts-payable,change-in-assets-liabilities,total-change-in-assets-liabilities,cash-flow-from-operating-activities,net-change-in-property-plant-equipment,net-change-in-intangible-assets,net-acquisitions-divestitures,net-change-in-short-term-investments,net-change-in-long-term-investments,net-change-in-investments-total,investing-activities-other,cash-flow-from-investing-activities,net-long-term-debt,net-current-debt,debt-issuance-retirement-net-total,net-common-equity-issued-repurchased,net-total-equity-issued-repurchased,total-common-preferred-stock-dividends-paid,financial-activities-other,cash-flow-from-financial-activities,net-cash-flow,stock-based-compensation,common-stock-dividends-paid
0,2018-09-30,37.7,$49.38,0.76,$34.12,1.11,$8.83,4.27,$-0.17,0.0,$0.23B,$0.93B,0.25,$0.28B,$0.70B,0.4,$0.51B,$0.06B,11.57%,$0.51B,0,0.00%,$0.51B,$0.02B,3.92%,$0.51B,$0.03B,6.67%,$0.51B,0,0.00%,$0.51B,$-0.01B,-1.18%,$-0.01B,$0.70B,-0.85%,$-0.01B,$0.67B,-0.88%,$-0.01B,$1.96B,-0.30%,$0.00B,$0.98B,0.00%,$138,$129,$9,$0,$0,$138,$0,$0,$0,$-3,$4,$4,$4,$9,$5,$14,14,$0.26,$0.26,$41,$0,$0,$233,$0,$1497,$29,$100,$1725,$1958,$928,$282,$46,$328,$1256,$0,$292,$-24,$702,$1958,$17,$10,$-12,$-2,$8,$0,$18,$5,$31,$46,$0,$0,$-4,$0,$-51,$-51,$0,$-54,$0,$-13,$-13,$-2,$-2,$-11,$0,$-25,$-34,$0,$-11
1,2018-06-30,38.98,$49.41,0.79,$31.42,1.24,$4.99,7.82,$-0.94,0.0,$0.25B,$0.94B,0.26,$0.29B,$0.70B,0.41,$0.49B,$0.04B,8.74%,$0.49B,$-0.02B,-3.46%,$0.49B,$0.00B,0.61%,$0.49B,$0.02B,3.46%,$0.49B,$-0.02B,-3.46%,$0.49B,$-0.02B,-3.86%,$-0.02B,$0.70B,-2.58%,$-0.02B,$0.67B,-2.68%,$-0.02B,$1.98B,-0.94%,$-0.02B,$0.99B,-1.65%,$128,$106,$22,$0,$0,$122,$6,$0,$6,$-1,$7,$7,$7,$14,$11,$14,14,$0.51,$0.50,$47,$0,$0,$246,$0,$1505,$29,$103,$1736,$1982,$940,$287,$52,$339,$1279,$0,$292,$-22,$702,$1982,$13,$7,$-5,$2,$0,$0,$30,$14,$44,$59,$0,$0,$-4,$0,$-67,$-67,$1,$-70,$0,$-8,$-8,$-2,$-2,$-7,$0,$-16,$-27,$0,$-7
2,2018-03-31,34.31,$49.53,0.69,$29.11,1.18,$0.68,50.31,$-0.87,0.0,$0.26B,$0.92B,0.28,$0.29B,$0.70B,0.41,$0.48B,$0.04B,7.69%,$0.48B,$-0.02B,-3.12%,$0.48B,$0.00B,1.04%,$0.48B,$0.02B,3.95%,$0.48B,$-0.02B,-3.12%,$0.48B,$-0.02B,-3.33%,$-0.02B,$0.70B,-2.08%,$-0.02B,$0.68B,-2.16%,$-0.02B,$1.96B,-0.78%,$-0.02B,$0.99B,-1.41%,$120,$101,$19,$0,$0,$115,$4,$0,$4,$-1,$6,$6,$6,$13,$9,$14,14,$0.41,$0.40,$74,$0,$0,$259,$0,$1479,$29,$105,$1705,$1964,$919,$287,$55,$341,$1260,$0,$288,$-17,$704,$1964,$6,$3,$-1,$2,$15,$0,$-3,$22,$33,$41,$0,$0,$-4,$0,$-26,$-26,$1,$-29,$0,$-8,$-8,$-2,$-2,$-3,$0,$-14,$-1,$0,$0
3,2017-12-31,41.47,$50.57,0.82,$27.75,1.49,$-2.97,0.0,$-0.57,0.0,$0.28B,$0.93B,0.3,$0.30B,$0.72B,0.41,$0.49B,$0.03B,6.80%,$0.49B,$-0.01B,-2.06%,$0.49B,$0.01B,1.65%,$0.49B,$0.02B,4.54%,$0.49B,$-0.01B,-2.06%,$0.49B,$-0.01B,-2.06%,$-0.01B,$0.72B,-1.26%,$-0.01B,$0.69B,-1.30%,$-0.01B,$2.00B,-0.48%,$-0.01B,$1.01B,-0.91%,$124,$115,$9,$0,$0,$135,$-10,$0,$-10,$13,$-23,$-23,$-23,$-2,$-5,$17,17,$-1.33,$-1.31,$74,$0,$0,$276,$0,$1459,$29,$150,$1726,$2002,$931,$295,$58,$352,$1283,$0,$276,$9,$718,$2002,$-10,$15,$-4,$11,$46,$0,$-5,$-67,$-25,$-24,$0,$0,$0,$0,$-19,$-19,$-5,$-24,$130,$6,$136,$-84,$-84,$0,$-4,$47,$-1,$0,$0
4,2017-09-30,41.85,$46.91,0.89,$29.10,1.44,$-3.00,0.0,$2.94,14.23,$0.27B,$0.95B,0.28,$0.30B,$0.82B,0.36,$0.51B,$0.08B,15.07%,$0.51B,$0.05B,9.20%,$0.51B,$0.06B,12.13%,$0.51B,$0.08B,15.07%,$0.51B,$0.05B,9.20%,$0.51B,$0.05B,9.98%,$0.05B,$0.82B,6.25%,$0.05B,$0.80B,6.48%,$0.05B,$2.13B,2.46%,$0.05B,$1.12B,4.33%,$120,$127,$-7,$0,$0,$137,$-17,$0,$-17,$-8,$-9,$-9,$-9,$-8,$-12,$17,17,$-0.51,$-0.51,$60,$0,$0,$269,$0,$1567,$29,$152,$1862,$2131,$953,$299,$54,$353,$1307,$0,$382,$10,$824,$2131,$13,$11,$-10,$1,$28,$0,$2,$-56,$-26,$-11,$0,$0,$0,$0,$-128,$-128,$-10,$-138,$130,$10,$140,$-1,$-1,$0,$-4,$134,$-15,$0,$0
5,2017-06-30,38.27,$47.13,0.81,$30.05,1.27,$-2.89,0.0,$3.99,9.59,$0.29B,$0.92B,0.32,$0.30B,$0.83B,0.37,$0.53B,$0.10B,19.28%,$0.53B,$0.08B,14.18%,$0.53B,$0.09B,16.45%,$0.53B,$0.10B,19.28%,$0.53B,$0.08B,14.18%,$0.53B,$0.07B,13.23%,$0.07B,$0.83B,8.69%,$0.07B,$0.80B,9.02%,$0.07B,$2.10B,3.44%,$0.08B,$1.13B,7.19%,$117,$101,$16,$0,$0,$109,$8,$0,$8,$-2,$10,$10,$10,$16,$13,$17,18,$0.58,$0.57,$96,$0,$0,$290,$0,$1542,$29,$137,$1814,$2104,$922,$303,$52,$355,$1277,$0,$391,$6,$828,$2104,$22,$7,$-4,$4,$42,$0,$5,$-76,$-30,$-3,$0,$0,$0,$0,$-100,$-100,$-7,$-107,$0,$137,$137,$-1,$-1,$0,$-4,$132,$21,$0,$0
6,2017-03-31,37.99,$46.44,0.82,$30.49,1.25,$-2.46,0.0,$3.12,12.18,$0.32B,$0.91B,0.35,$0.31B,$0.82B,0.37,$0.53B,$0.08B,15.17%,$0.53B,$0.06B,10.49%,$0.53B,$0.07B,12.17%,$0.53B,$0.08B,15.17%,$0.53B,$0.06B,10.49%,$0.53B,$0.06B,10.30%,$0.06B,$0.82B,6.95%,$0.06B,$0.79B,7.22%,$0.06B,$2.07B,2.74%,$0.06B,$1.12B,5.62%,$124,$109,$15,$0,$0,$115,$9,$0,$9,$-3,$12,$12,$12,$16,$12,$17,18,$0.71,$0.70,$128,$0,$0,$315,$0,$1503,$29,$125,$1758,$2072,$906,$305,$47,$352,$1257,$0,$381,$4,$815,$2072,$12,$4,$-3,$1,$49,$0,$-18,$-58,$-27,$-14,$0,$0,$0,$0,$-68,$-68,$2,$-66,$130,$7,$137,$-1,$-1,$0,$-4,$132,$52,$0,$0
7,2016-12-31,37.71,$45.42,0.83,$30.63,1.23,$-2.28,0.0,$2.83,13.33,$0.31B,$0.95B,0.33,$0.17B,$0.80B,0.21,$0.54B,$0.07B,13.83%,$0.54B,$0.05B,9.16%,$0.54B,$0.06B,10.65%,$0.54B,$0.07B,13.64%,$0.54B,$0.05B,9.16%,$0.54B,$0.05B,9.35%,$0.05B,$0.80B,6.42%,$0.05B,$0.77B,6.67%,$0.05B,$1.97B,2.52%,$0.05B,$0.97B,5.16%,$150,$97,$53,$0,$0,$103,$47,$0,$47,$8,$38,$38,$38,$53,$49,$17,18,$2.23,$2.19,$75,$0,$0,$311,$0,$1427,$30,$107,$1662,$1973,$953,$167,$55,$222,$1175,$0,$368,$-1,$798,$1973,$50,$16,$-33,$-17,$-31,$0,$11,$-42,$-58,$-24,$0,$0,$17,$0,$31,$31,$-6,$42,$0,$-9,$-9,$-1,$-1,$0,$0,$-10,$8,$0,$0
8,2016-09-30,29.31,$44.55,0.66,$27.65,1.06,$-0.74,0.0,$1.95,15.03,$0.26B,$0.96B,0.28,$0.18B,$0.78B,0.22,$0.52B,$0.06B,11.13%,$0.52B,$0.03B,5.95%,$0.52B,$0.04B,7.68%,$0.52B,$0.06B,11.32%,$0.52B,$0.03B,5.95%,$0.52B,$0.04B,7.49%,$0.04B,$0.78B,5.08%,$0.04B,$0.75B,5.29%,$0.04B,$1.98B,1.97%,$0.03B,$0.96B,3.30%,$138,$120,$18,$0,$0,$128,$11,$0,$11,$1,$10,$10,$10,$17,$13,$17,18,$0.55,$0.54,$64,$0,$0,$263,$0,$1466,$30,$128,$1718,$1982,$955,$175,$70,$245,$1199,$0,$330,$23,$782,$1982,$11,$12,$-10,$2,$10,$0,$-1,$-33,$-23,$-9,$0,$0,$17,$0,$-3,$-3,$-8,$6,$0,$1,$1,$-1,$-1,$0,$0,$0,$-3,$0,$0
9,2016-06-30,27.17,$43.91,0.62,$24.65,1.1,$-0.25,0.0,$1.26,21.57,$0.28B,$0.99B,0.28,$0.17B,$0.77B,0.23,$0.51B,$0.04B,6.90%,$0.51B,$0.01B,1.97%,$0.51B,$0.02B,3.75%,$0.51B,$0.04B,8.48%,$0.51B,$0.01B,1.97%,$0.51B,$0.03B,4.93%,$0.03B,$0.77B,3.12%,$0.03B,$0.74B,3.24%,$0.03B,$2.01B,1.21%,$0.01B,$0.95B,1.00%,$122,$127,$-5,$0,$0,$133,$-11,$0,$-11,$-6,$-5,$-5,$-5,$-5,$-9,$17,17,$-0.30,$-0.30,$71,$0,$0,$282,$0,$1462,$30,$136,$1724,$2006,$991,$174,$70,$245,$1235,$0,$320,$22,$771,$2006,$2,$8,$-2,$6,$-1,$0,$16,$-20,$-4,$4,$0,$0,$0,$0,$11,$11,$-13,$-2,$0,$2,$2,$-1,$-1,$0,$0,$1,$4,$0,$0
10,2016-03-31,30.73,$43.66,0.7,$23.25,1.32,$0.27,115.82,$1.99,15.44,$0.25B,$0.97B,0.26,$0.17B,$0.77B,0.22,$0.53B,$0.06B,10.38%,$0.53B,$0.03B,5.85%,$0.53B,$0.04B,7.17%,$0.53B,$0.07B,13.21%,$0.53B,$0.03B,5.85%,$0.53B,$0.04B,7.74%,$0.04B,$0.77B,4.87%,$0.04B,$0.74B,5.07%,$0.04B,$1.97B,1.93%,$0.03B,$0.93B,2.96%,$125,$117,$8,$0,$0,$123,$2,$0,$2,$-5,$7,$7,$7,$8,$4,$17,17,$0.41,$0.41,$47,$0,$0,$251,$0,$1459,$30,$134,$1715,$1967,$970,$167,$64,$231,$1201,$0,$326,$13,$766,$1967,$7,$4,$1,$5,$6,$0,$2,$-30,$-22,$-10,$0,$0,$0,$0,$1,$1,$-5,$-3,$0,$-5,$-5,$-1,$-1,$0,$0,$-6,$-20,$0,$0
11,2015-12-31,28.64,$42.98,0.67,$21.28,1.35,$1.08,26.58,$1.84,15.57,$0.28B,$0.97B,0.29,$0.17B,$0.75B,0.23,$0.54B,$0.06B,11.52%,$0.54B,$0.03B,5.95%,$0.54B,$0.04B,7.06%,$0.54B,$0.08B,15.24%,$0.54B,$0.03B,5.95%,$0.54B,$0.04B,7.62%,$0.04B,$0.75B,4.65%,$0.04B,$0.72B,4.85%,$0.04B,$1.96B,1.86%,$0.03B,$0.92B,2.91%,$136,$100,$37,$0,$0,$107,$29,$0,$29,$2,$27,$27,$27,$39,$32,$24,25,$1.15,$1.15,$67,$0,$0,$277,$0,$1449,$30,$110,$1680,$1957,$971,$172,$64,$236,$1207,$0,$318,$4,$750,$1957,$41,$44,$4,$48,$49,$0,$-18,$-116,$-86,$4,$0,$0,$21,$0,$179,$179,$-3,$197,$100,$-99,$1,$-190,$-190,$0,$-4,$-193,$8,$0,$0
12,2015-09-30,25.83,$35.82,0.72,$18.44,1.4,$0.45,57.3,$0.98,26.36,$0.38B,$1.03B,0.37,$0.30B,$0.92B,0.32,$0.47B,$0.04B,8.70%,$0.47B,$0.01B,2.97%,$0.47B,$0.02B,3.61%,$0.47B,$0.06B,12.53%,$0.47B,$0.01B,2.97%,$0.47B,$0.03B,5.31%,$0.03B,$0.92B,2.71%,$0.03B,$0.89B,2.82%,$0.03B,$2.32B,1.14%,$0.01B,$1.22B,1.23%,$124,$129,$-5,$0,$0,$134,$-10,$0,$-10,$-6,$-4,$-4,$-4,$1,$-8,$25,25,$-0.15,$-0.15,$147,$0,$0,$381,$0,$1689,$33,$121,$1937,$2319,$1031,$296,$69,$366,$1397,$0,$481,$13,$922,$2319,$14,$37,$6,$44,$24,$0,$-7,$-74,$-59,$-1,$0,$0,$21,$0,$-46,$-46,$-3,$-28,$0,$121,$121,$-0,$-0,$0,$-4,$117,$88,$0,$0
13,2015-06-30,27.72,$36.20,0.77,$16.56,1.67,$0.22,126.27,$1.52,18.23,$0.33B,$1.08B,0.3,$0.19B,$0.93B,0.2,$0.42B,$0.06B,13.71%,$0.42B,$0.03B,7.57%,$0.42B,$0.03B,7.80%,$0.42B,$0.07B,16.31%,$0.42B,$0.03B,7.57%,$0.42B,$0.04B,9.22%,$0.04B,$0.93B,4.26%,$0.04B,$0.89B,4.41%,$0.04B,$2.26B,1.87%,$0.03B,$1.12B,2.98%,$145,$130,$15,$0,$0,$135,$10,$0,$10,$-1,$11,$11,$11,$22,$10,$25,26,$0.44,$0.43,$66,$0,$0,$328,$0,$1703,$38,$112,$1932,$2260,$1084,$187,$58,$246,$1329,$0,$485,$20,$931,$2260,$18,$28,$0,$28,$-3,$0,$5,$-28,$-27,$19,$0,$0,$21,$0,$-51,$-51,$5,$-24,$0,$13,$13,$-0,$-0,$0,$0,$12,$7,$0,$0
14,2015-03-31,27.39,$36.02,0.76,$15.40,1.78,$-1.06,0.0,$2.40,11.41,$0.31B,$1.08B,0.29,$0.21B,$0.93B,0.22,$0.39B,$0.09B,23.21%,$0.39B,$0.07B,17.09%,$0.39B,$0.07B,17.35%,$0.39B,$0.10B,24.23%,$0.39B,$0.07B,17.09%,$0.39B,$0.06B,15.56%,$0.06B,$0.93B,6.72%,$0.06B,$0.88B,6.94%,$0.06B,$2.27B,3.03%,$0.07B,$1.13B,6.36%,$133,$118,$15,$0,$0,$130,$3,$0,$3,$-4,$7,$7,$7,$20,$4,$25,26,$0.27,$0.26,$67,$0,$0,$312,$0,$1729,$46,$123,$1962,$2274,$1080,$207,$60,$268,$1347,$0,$474,$28,$927,$2274,$7,$16,$6,$22,$10,$0,$-13,$-21,$-23,$6,$0,$0,$21,$0,$-51,$-51,$0,$-30,$0,$33,$33,$-0,$-0,$0,$0,$32,$8,$0,$0
15,2014-12-31,28.0,$35.86,0.78,$13.18,2.12,$-1.71,0.0,$2.49,11.25,$0.36B,$0.80B,0.45,$0.18B,$0.91B,0.19,$0.33B,$0.09B,25.75%,$0.33B,$0.07B,21.26%,$0.33B,$0.07B,21.26%,$0.33B,$0.09B,25.45%,$0.33B,$0.07B,21.26%,$0.33B,$0.06B,18.86%,$0.06B,$0.91B,7.03%,$0.06B,$0.89B,7.21%,$0.06B,$1.93B,3.27%,$0.07B,$1.08B,6.98%,$69,$53,$16,$0,$0,$58,$11,$0,$11,$0,$11,$11,$11,$16,$11,$25,25,$0.44,$0.43,$173,$0,$0,$358,$0,$1439,$22,$65,$1572,$1930,$799,$175,$48,$223,$1022,$0,$467,$23,$908,$1930,$63,$13,$-34,$-21,$65,$0,$2,$-116,$-54,$-12,$0,$0,$0,$0,$55,$55,$-164,$-109,$0,$75,$75,$-0,$-0,$0,$0,$75,$-47,$0,$0
16,2014-09-30,24.9,$35.47,0.7,$14.47,1.72,$-1.43,0.0,$3.39,7.35,$0.31B,$0.88B,0.35,$0.06B,$0.90B,0.07,$0.37B,$0.11B,30.60%,$0.37B,$0.10B,26.50%,$0.37B,$0.10B,26.50%,$0.37B,$0.11B,29.78%,$0.37B,$0.10B,26.50%,$0.37B,$0.09B,23.50%,$0.09B,$0.90B,9.69%,$0.09B,$0.88B,9.95%,$0.09B,$1.88B,4.47%,$0.10B,$0.96B,9.80%,$76,$64,$12,$0,$0,$68,$8,$0,$8,$-2,$10,$10,$10,$11,$8,$25,25,$0.39,$0.39,$67,$0,$0,$307,$0,$1451,$23,$57,$1573,$1880,$875,$62,$43,$107,$982,$0,$456,$25,$898,$1880,$52,$8,$-36,$-28,$7,$0,$10,$-49,$-31,$-7,$0,$0,$0,$0,$38,$38,$-32,$6,$0,$-38,$-38,$-0,$-0,$0,$0,$-38,$-39,$0,$0
17,2014-06-30,25.65,$35.44,0.72,$14.45,1.78,$-1.19,0.0,$3.28,7.82,$0.51B,$0.89B,0.57,$0.14B,$0.90B,0.16,$0.37B,$0.11B,30.41%,$0.37B,$0.09B,25.75%,$0.37B,$0.10B,26.85%,$0.37B,$0.11B,29.86%,$0.37B,$0.09B,25.75%,$0.37B,$0.08B,22.74%,$0.08B,$0.90B,9.51%,$0.08B,$0.87B,9.77%,$0.08B,$1.98B,4.29%,$0.09B,$1.04B,9.62%,$114,$65,$48,$0,$0,$69,$45,$0,$45,$12,$33,$33,$33,$48,$45,$25,25,$1.32,$1.31,$118,$0,$0,$509,$0,$1346,$23,$59,$1468,$1978,$894,$143,$38,$187,$1081,$0,$446,$34,$897,$1978,$42,$6,$-35,$-30,$-5,$0,$18,$-44,$-26,$-13,$0,$0,$0,$0,$7,$7,$-23,$-16,$0,$43,$43,$-0,$-0,$0,$0,$42,$13,$0,$0
18,2014-03-31,26.0,$34.82,0.75,$12.80,2.03,$-0.92,0.0,$2.31,11.25,$0.36B,$0.90B,0.4,$0.11B,$0.88B,0.12,$0.32B,$0.08B,23.29%,$0.32B,$0.06B,17.70%,$0.32B,$0.06B,19.57%,$0.32B,$0.07B,22.98%,$0.32B,$0.06B,17.70%,$0.32B,$0.06B,18.32%,$0.06B,$0.88B,6.91%,$0.06B,$0.86B,7.10%,$0.06B,$1.92B,3.08%,$0.06B,$0.99B,6.17%,$75,$65,$10,$0,$0,$68,$7,$0,$7,$-2,$9,$9,$9,$10,$7,$25,25,$0.35,$0.35,$99,$0,$0,$356,$0,$1460,$23,$54,$1568,$1924,$903,$107,$33,$140,$1043,$0,$413,$52,$881,$1924,$9,$3,$-0,$3,$-9,$0,$3,$-14,$-22,$-11,$0,$0,$0,$0,$12,$12,$-8,$5,$0,$0,$0,$-0,$-0,$0,$0,$-0,$-6,$0,$0
19,2013-12-31,24.97,$34.65,0.72,$12.69,1.97,$-0.92,0.0,$2.45,10.19,$0.35B,$0.90B,0.39,$0.10B,$0.87B,0.12,$0.32B,$0.08B,25.39%,$0.32B,$0.06B,19.44%,$0.32B,$0.07B,21.63%,$0.32B,$0.08B,24.76%,$0.32B,$0.06B,19.44%,$0.32B,$0.06B,19.44%,$0.06B,$0.87B,7.37%,$0.06B,$0.85B,7.58%,$0.06B,$1.91B,3.24%,$0.06B,$0.97B,7.02%,$101,$59,$42,$0,$0,$64,$37,$0,$37,$3,$34,$34,$34,$40,$37,$25,25,$1.34,$1.34,$105,$0,$0,$354,$0,$1462,$23,$47,$1558,$1912,$901,$100,$36,$137,$1038,$0,$404,$54,$873,$1912,$62,$11,$-28,$-18,$32,$0,$23,$-113,$-49,$-5,$0,$0,$26,$0,$-30,$-30,$-5,$-9,$-85,$100,$15,$-0,$-0,$0,$0,$15,$1,$0,$0
20,2013-09-30,25.13,$33.30,0.75,$11.35,2.21,$-2.03,0.0,$1.28,19.63,$0.38B,$0.98B,0.39,$0.07B,$0.84B,0.08,$0.29B,$0.05B,15.57%,$0.29B,$0.03B,9.34%,$0.29B,$0.04B,12.11%,$0.29B,$0.05B,15.57%,$0.29B,$0.03B,9.34%,$0.29B,$0.03B,11.07%,$0.03B,$0.84B,3.88%,$0.03B,$0.82B,3.99%,$0.03B,$1.92B,1.67%,$0.03B,$0.91B,3.20%,$75,$64,$11,$0,$0,$70,$5,$0,$5,$-2,$7,$7,$7,$11,$9,$25,25,$0.28,$0.28,$116,$0,$0,$382,$0,$1433,$23,$50,$1537,$1918,$977,$70,$33,$103,$1080,$0,$370,$54,$839,$1918,$28,$8,$-9,$-1,$18,$0,$35,$-84,$-28,$-1,$0,$0,$0,$0,$12,$12,$-0,$12,$-64,$65,$1,$-0,$-0,$0,$0,$1,$11,$0,$0
21,2013-06-30,23.24,$32.74,0.71,$11.27,2.06,$-3.01,0.0,$1.39,16.72,$0.43B,$1.06B,0.4,$0.00B,$0.82B,0.0,$0.29B,$0.05B,17.07%,$0.29B,$0.03B,11.50%,$0.29B,$0.04B,13.59%,$0.29B,$0.05B,17.07%,$0.29B,$0.03B,11.50%,$0.29B,$0.04B,12.20%,$0.04B,$0.82B,4.29%,$0.04B,$0.80B,4.41%,$0.04B,$1.92B,1.82%,$0.03B,$0.82B,4.02%,$71,$59,$12,$0,$0,$63,$8,$0,$8,$-0,$9,$9,$9,$13,$10,$25,25,$0.35,$0.34,$111,$0,$0,$425,$0,$1411,$23,$20,$1490,$1915,$1063,$0,$28,$28,$1091,$0,$363,$48,$824,$1915,$21,$5,$-9,$-4,$-0,$0,$35,$-64,$-24,$-7,$0,$0,$0,$0,$14,$14,$-0,$14,$0,$0,$0,$-0,$-0,$0,$0,$-0,$7,$0,$0
22,2013-03-31,22.9,$32.91,0.7,$10.97,2.09,$-3.57,0.0,$1.40,16.36,$0.37B,$1.06B,0.35,$0.00B,$0.83B,0.0,$0.29B,$0.05B,16.72%,$0.29B,$0.03B,11.15%,$0.29B,$0.04B,13.24%,$0.29B,$0.05B,16.38%,$0.29B,$0.03B,11.15%,$0.29B,$0.04B,12.54%,$0.04B,$0.83B,4.45%,$0.04B,$0.81B,4.58%,$0.04B,$1.92B,1.85%,$0.03B,$0.83B,3.92%,$72,$56,$16,$0,$0,$60,$12,$0,$12,$-0,$12,$12,$12,$15,$13,$25,25,$0.49,$0.49,$69,$0,$0,$373,$0,$1470,$23,$23,$1544,$1918,$1060,$1,$28,$30,$1090,$0,$355,$61,$828,$1918,$12,$2,$-4,$-3,$7,$0,$13,$-39,$-20,$-10,$0,$0,$0,$0,$-25,$-25,$-0,$-25,$0,$0,$0,$-0,$-0,$0,$0,$-0,$-35,$0,$0
23,2012-12-31,21.84,$32.15,0.68,$10.80,2.02,$-3.80,0.0,$1.29,16.93,$0.39B,$1.06B,0.37,$0.00B,$0.81B,0.0,$0.29B,$0.04B,15.07%,$0.29B,$0.03B,9.59%,$0.29B,$0.04B,11.99%,$0.29B,$0.04B,15.07%,$0.29B,$0.03B,9.59%,$0.29B,$0.04B,11.99%,$0.04B,$0.81B,4.28%,$0.04B,$0.78B,4.41%,$0.04B,$1.90B,1.76%,$0.03B,$0.81B,3.38%,$71,$65,$6,$0,$0,$69,$2,$0,$2,$-2,$4,$4,$4,$6,$3,$27,27,$0.18,$0.18,$104,$0,$0,$391,$0,$1430,$23,$31,$1513,$1904,$1062,$3,$32,$35,$1097,$0,$342,$53,$807,$1904,$35,$9,$-6,$4,$55,$0,$-25,$-99,$-73,$-35,$0,$0,$0,$0,$64,$64,$1,$65,$-18,$0,$-18,$-83,$-83,$0,$0,$-101,$-71,$0,$0
24,2012-09-30,21.6,$32.02,0.67,$10.73,2.01,$-2.75,0.0,$0.33,65.44,$0.43B,$1.11B,0.39,$0.02B,$0.81B,0.02,$0.30B,$0.02B,5.02%,$0.30B,$-0.00B,-0.33%,$0.30B,$0.01B,2.01%,$0.30B,$0.02B,5.02%,$0.30B,$-0.00B,-0.33%,$0.30B,$0.01B,2.34%,$0.01B,$0.81B,0.85%,$0.01B,$0.78B,0.87%,$0.01B,$1.96B,0.35%,$-0.00B,$0.82B,-0.12%,$73,$59,$15,$0,$0,$62,$11,$0,$11,$2,$10,$10,$10,$15,$13,$25,25,$0.39,$0.39,$108,$0,$0,$434,$0,$1457,$23,$25,$1531,$1964,$1111,$16,$30,$46,$1157,$0,$338,$57,$807,$1964,$30,$7,$-3,$4,$19,$0,$-21,$-53,$-60,$-26,$0,$0,$0,$0,$56,$56,$1,$57,$-18,$0,$-18,$-80,$-80,$0,$0,$-98,$-67,$0,$0
25,2012-06-30,19.99,$31.19,0.64,$10.86,1.84,$-1.68,0.0,$-1.19,0.0,$0.42B,$1.16B,0.36,$0.01B,$0.80B,0.01,$0.32B,$-0.03B,-8.81%,$0.32B,$-0.05B,-14.15%,$0.32B,$-0.04B,-11.95%,$0.32B,$-0.03B,-9.12%,$0.32B,$-0.05B,-14.15%,$0.32B,$-0.04B,-11.32%,$-0.04B,$0.80B,-4.27%,$-0.04B,$0.77B,-4.39%,$-0.04B,$1.99B,-1.74%,$-0.05B,$0.81B,-5.29%,$71,$60,$11,$0,$0,$64,$7,$0,$7,$-2,$10,$10,$10,$11,$9,$28,28,$0.35,$0.35,$77,$0,$0,$418,$0,$1496,$23,$25,$1574,$1992,$1155,$10,$32,$41,$1196,$0,$328,$49,$795,$1992,$20,$5,$-0,$4,$5,$0,$-12,$-33,$-48,$-23,$0,$0,$0,$0,$-1,$-1,$-0,$-1,$-0,$0,$-0,$-75,$-75,$0,$0,$-75,$-99,$0,$0
26,2012-03-31,19.24,$30.20,0.64,$11.63,1.65,$-0.64,0.0,$-1.39,0.0,$0.44B,$1.17B,0.37,$0.02B,$0.86B,0.03,$0.35B,$-0.03B,-8.62%,$0.35B,$-0.05B,-14.37%,$0.35B,$-0.04B,-12.36%,$0.35B,$-0.03B,-9.77%,$0.35B,$-0.05B,-14.37%,$0.35B,$-0.04B,-12.07%,$-0.04B,$0.86B,-4.78%,$-0.04B,$0.84B,-4.91%,$-0.04B,$2.08B,-1.97%,$-0.05B,$0.88B,-5.64%,$77,$65,$12,$0,$0,$69,$8,$0,$8,$-3,$11,$11,$11,$12,$10,$29,29,$0.38,$0.38,$101,$0,$0,$438,$0,$1566,$23,$28,$1643,$2081,$1171,$21,$30,$51,$1221,$0,$318,$58,$859,$2081,$11,$2,$1,$4,$6,$0,$-16,$-17,$-33,$-18,$0,$0,$0,$0,$-48,$-48,$-0,$-48,$-0,$0,$-0,$-9,$-9,$0,$0,$-9,$-75,$0,$0
27,2011-12-31,19.57,$29.06,0.67,$12.69,1.54,$0.24,80.38,$-1.32,0.0,$0.52B,$1.20B,0.43,$0.00B,$0.84B,0.0,$0.39B,$-0.02B,-4.16%,$0.39B,$-0.04B,-9.35%,$0.39B,$-0.03B,-7.53%,$0.39B,$-0.02B,-5.45%,$0.39B,$-0.04B,-9.35%,$0.39B,$-0.04B,-10.13%,$-0.04B,$0.84B,-4.33%,$-0.04B,$0.82B,-4.45%,$-0.04B,$2.07B,-1.78%,$-0.04B,$0.84B,-3.98%,$78,$101,$-23,$0,$0,$106,$-27,$0,$-27,$-4,$-24,$-24,$-24,$-23,$-26,$30,30,$-0.78,$-0.78,$176,$0,$0,$515,$0,$1472,$24,$26,$1558,$2073,$1197,$0,$37,$37,$1234,$0,$307,$40,$839,$2073,$-38,$8,$-22,$-14,$143,$0,$-25,$-71,$44,$-8,$0,$0,$0,$0,$111,$111,$1,$112,$-18,$0,$-18,$-30,$-30,$0,$-0,$-48,$56,$0,$0
28,2011-09-30,16.86,$28.84,0.58,$13.07,1.29,$0.47,36.22,$0.19,88.73,$0.46B,$1.22B,0.38,$0.00B,$0.88B,0.0,$0.40B,$0.04B,10.08%,$0.40B,$0.02B,4.28%,$0.40B,$0.02B,6.05%,$0.40B,$0.03B,8.31%,$0.40B,$0.02B,4.28%,$0.40B,$0.01B,1.76%,$0.01B,$0.88B,0.76%,$0.01B,$0.85B,0.78%,$0.01B,$2.13B,0.31%,$0.02B,$0.88B,1.83%,$92,$120,$-28,$0,$0,$124,$-33,$0,$-33,$1,$-33,$-33,$-33,$-29,$-31,$30,30,$-1.10,$-1.10,$93,$0,$0,$462,$0,$1569,$24,$30,$1671,$2133,$1219,$0,$35,$37,$1255,$0,$334,$24,$877,$2133,$-15,$6,$-23,$-17,$115,$0,$-4,$-80,$33,$1,$0,$0,$0,$0,$-1,$-1,$-9,$-10,$-18,$0,$-18,$-0,$-0,$0,$-0,$-18,$-27,$0,$0
29,2011-06-30,21.89,$31.01,0.71,$12.89,1.7,$-0.11,0.0,$1.97,11.11,$0.51B,$1.25B,0.41,$0.01B,$0.94B,0.01,$0.39B,$0.10B,24.55%,$0.39B,$0.07B,18.16%,$0.39B,$0.08B,19.95%,$0.39B,$0.09B,21.99%,$0.39B,$0.07B,18.16%,$0.39B,$0.06B,15.35%,$0.06B,$0.94B,6.44%,$0.06B,$0.92B,6.61%,$0.06B,$2.24B,2.61%,$0.07B,$0.95B,7.56%,$101,$92,$9,$0,$0,$98,$2,$0,$2,$-2,$4,$4,$4,$6,$4,$30,30,$0.14,$0.14,$106,$0,$0,$507,$0,$1628,$24,$32,$1732,$2239,$1252,$5,$38,$44,$1295,$0,$368,$53,$943,$2239,$19,$3,$-19,$-16,$79,$0,$7,$-83,$4,$6,$0,$0,$0,$0,$-11,$-11,$-9,$-20,$-0,$0,$-0,$-0,$-0,$0,$-0,$-0,$-14,$0,$0
30,2011-03-31,21.69,$30.96,0.7,$12.70,1.71,$-0.81,0.0,$2.63,8.25,$0.57B,$1.31B,0.43,$0.01B,$0.94B,0.01,$0.39B,$0.12B,31.17%,$0.39B,$0.10B,24.68%,$0.39B,$0.10B,26.49%,$0.39B,$0.11B,28.31%,$0.39B,$0.10B,24.68%,$0.39B,$0.08B,21.04%,$0.08B,$0.94B,8.87%,$0.08B,$0.92B,9.11%,$0.08B,$2.30B,3.48%,$0.10B,$0.95B,10.30%,$114,$88,$26,$0,$0,$92,$22,$0,$22,$8,$14,$14,$14,$25,$24,$30,30,$0.47,$0.47,$108,$0,$0,$567,$0,$1631,$24,$34,$1735,$2302,$1306,$11,$36,$55,$1360,$0,$363,$56,$941,$2302,$14,$1,$-12,$-11,$21,$0,$1,$-27,$3,$7,$0,$0,$0,$0,$-10,$-10,$-9,$-19,$-0,$0,$-0,$-0,$-0,$0,$-0,$-0,$-12,$0,$0
31,2010-12-31,20.18,$30.59,0.66,$12.23,1.65,$-1.41,0.0,$2.80,7.21,$0.60B,$1.32B,0.45,$0.01B,$0.93B,0.01,$0.37B,$0.12B,32.88%,$0.37B,$0.09B,25.34%,$0.37B,$0.10B,27.22%,$0.37B,$0.11B,29.11%,$0.37B,$0.09B,25.34%,$0.37B,$0.09B,23.18%,$0.09B,$0.93B,9.65%,$0.09B,$0.91B,9.88%,$0.09B,$2.30B,3.65%,$0.09B,$0.93B,10.38%,$90,$57,$33,$0,$0,$64,$26,$0,$26,$4,$22,$22,$22,$31,$27,$30,30,$0.72,$0.71,$120,$0,$0,$599,$0,$1597,$24,$32,$1695,$2295,$1322,$5,$39,$44,$1366,$0,$350,$57,$929,$2295,$85,$8,$-19,$-11,$134,$0,$1,$-212,$-74,$-1,$0,$0,$-15,$0,$-49,$-49,$0,$-64,$-0,$0,$-0,$-0,$-0,$0,$-0,$-1,$-66,$0,$0
32,2010-09-30,15.84,$30.01,0.53,$13.29,1.19,$-3.41,0.0,$2.88,5.5,$0.63B,$1.39B,0.46,$0.01B,$0.91B,0.01,$0.39B,$0.12B,31.95%,$0.39B,$0.10B,24.94%,$0.39B,$0.10B,26.75%,$0.39B,$0.11B,27.79%,$0.39B,$0.10B,24.94%,$0.39B,$0.09B,23.12%,$0.09B,$0.91B,10.27%,$0.09B,$0.89B,10.47%,$0.09B,$2.35B,3.72%,$0.10B,$0.92B,10.79%,$86,$58,$28,$0,$0,$65,$21,$0,$21,$1,$20,$20,$20,$24,$23,$30,30,$0.65,$0.65,$94,$0,$0,$634,$0,$1615,$24,$37,$1719,$2353,$1393,$11,$38,$49,$1442,$0,$328,$62,$911,$2353,$63,$4,$-15,$-11,$81,$0,$3,$-149,$-68,$-16,$0,$0,$-15,$0,$-60,$-60,$0,$-75,$-0,$0,$-0,$-0,$-0,$0,$-0,$-1,$-92,$0,$0
33,2010-06-30,14.53,$28.73,0.51,$13.59,1.07,$-3.54,0.0,$3.13,4.64,$0.67B,$1.44B,0.46,$0.01B,$0.87B,0.01,$0.39B,$0.12B,31.22%,$0.39B,$0.10B,24.62%,$0.39B,$0.10B,26.40%,$0.39B,$0.11B,27.16%,$0.39B,$0.10B,24.62%,$0.39B,$0.10B,24.37%,$0.10B,$0.87B,11.38%,$0.10B,$0.85B,11.56%,$0.10B,$2.36B,3.95%,$0.10B,$0.88B,11.23%,$95,$62,$33,$0,$0,$69,$26,$0,$26,$1,$25,$25,$25,$29,$28,$30,30,$0.81,$0.81,$105,$0,$0,$665,$0,$1578,$24,$38,$1691,$2356,$1437,$9,$38,$47,$1484,$0,$308,$44,$872,$2356,$43,$3,$-18,$-15,$57,$0,$-1,$-100,$-44,$-15,$0,$0,$-15,$0,$-50,$-50,$0,$-65,$-0,$0,$-0,$-0,$-0,$0,$-0,$-1,$-81,$0,$0
34,2010-03-31,18.89,$28.06,0.67,$14.27,1.32,$-4.35,0.0,$2.96,6.38,$0.70B,$1.50B,0.47,$0.04B,$0.85B,0.04,$0.40B,$0.11B,28.54%,$0.40B,$0.09B,22.22%,$0.40B,$0.10B,23.99%,$0.40B,$0.10B,24.49%,$0.40B,$0.09B,22.22%,$0.40B,$0.09B,21.97%,$0.09B,$0.85B,10.66%,$0.09B,$0.84B,10.78%,$0.09B,$2.42B,3.53%,$0.09B,$0.89B,10.55%,$100,$72,$28,$0,$0,$79,$21,$0,$21,$2,$19,$19,$19,$24,$23,$30,30,$0.63,$0.63,$111,$0,$0,$701,$0,$1620,$9,$38,$1716,$2417,$1495,$36,$35,$71,$1566,$0,$284,$47,$851,$2417,$19,$1,$-14,$-13,$24,$0,$-7,$-37,$-17,$-11,$0,$0,$0,$0,$-64,$-64,$0,$-64,$-0,$0,$-0,$-0,$-0,$0,$-0,$-0,$-75,$0,$0
35,2009-12-31,15.63,$27.48,0.57,$16.22,0.96,$-4.72,0.0,$2.80,5.58,$0.80B,$1.53B,0.53,$0.04B,$0.83B,0.05,$0.39B,$0.10B,25.52%,$0.39B,$0.08B,19.33%,$0.39B,$0.08B,21.13%,$0.39B,$0.08B,21.65%,$0.39B,$0.08B,19.33%,$0.39B,$0.08B,19.33%,$0.08B,$0.83B,9.83%,$0.08B,$0.82B,9.95%,$0.08B,$2.45B,3.04%,$0.08B,$0.87B,9.71%,$104,$70,$34,$0,$0,$76,$28,$0,$28,$4,$24,$25,$25,$30,$29,$26,26,$0.97,$0.96,$186,$0,$0,$803,$0,$1545,$9,$42,$1643,$2446,$1527,$37,$50,$87,$1614,$0,$265,$48,$832,$2446,$75,$2,$-7,$-5,$123,$0,$-27,$-232,$-123,$-53,$0,$0,$0,$0,$-173,$-173,$29,$-145,$-0,$0,$-0,$92,$92,$0,$-1,$90,$-107,$0,$0
36,2009-09-30,14.59,$27.03,0.54,$16.00,0.91,$-3.68,0.0,$-5.66,0.0,$0.87B,$1.63B,0.54,$0.00B,$0.82B,0.0,$0.35B,$0.03B,9.07%,$0.35B,$-0.09B,-25.21%,$0.35B,$-0.08B,-22.95%,$0.35B,$-0.08B,-22.38%,$0.35B,$-0.09B,-25.21%,$0.35B,$-0.07B,-19.83%,$-0.07B,$0.82B,-9.82%,$-0.07B,$0.81B,-9.95%,$-0.07B,$2.50B,-2.83%,$-0.09B,$0.82B,-12.48%,$95,$66,$28,$0,$0,$73,$22,$0,$22,$-3,$25,$27,$27,$24,$24,$30,30,$0.91,$0.91,$213,$0,$0,$870,$0,$1529,$9,$44,$1630,$2500,$1625,$0,$57,$57,$1682,$0,$240,$59,$818,$2500,$51,$2,$3,$4,$84,$0,$-12,$-153,$-75,$-20,$0,$0,$0,$0,$-145,$-145,$-14,$-159,$-0,$0,$-0,$99,$99,$0,$-0,$99,$-80,$0,$0
37,2009-06-30,9.46,$25.25,0.37,$17.74,0.53,$-2.29,0.0,$-7.80,0.0,$1.00B,$1.69B,0.59,$0.00B,$0.76B,0.0,$0.34B,$-0.02B,-5.81%,$0.34B,$-0.14B,-40.70%,$0.34B,$-0.13B,-38.37%,$0.34B,$-0.13B,-37.50%,$0.34B,$-0.14B,-40.70%,$0.34B,$-0.12B,-34.01%,$-0.12B,$0.76B,-16.90%,$-0.12B,$0.75B,-17.76%,$-0.12B,$2.51B,-4.68%,$-0.14B,$0.76B,-20.22%,$97,$74,$23,$0,$0,$80,$17,$0,$17,$3,$14,$16,$16,$19,$19,$25,25,$0.64,$0.64,$286,$0,$0,$1000,$0,$1392,$9,$47,$1505,$2505,$1692,$0,$50,$50,$1742,$0,$213,$34,$763,$2505,$23,$1,$13,$14,$37,$0,$0,$-113,$-71,$-33,$0,$0,$0,$0,$-59,$-59,$-14,$-73,$-0,$0,$-0,$100,$100,$0,$-0,$100,$-6,$0,$0
38,2009-03-31,7.94,$40.22,0.2,$20.06,0.4,$-1.07,0.0,$-8.96,0.0,$0.94B,$1.74B,0.54,$0.00B,$0.64B,0.0,$0.36B,$-0.05B,-13.54%,$0.36B,$-0.17B,-46.41%,$0.36B,$-0.16B,-44.20%,$0.36B,$-0.16B,-43.09%,$0.36B,$-0.17B,-46.41%,$0.36B,$-0.14B,-39.23%,$-0.14B,$0.64B,-20.41%,$-0.14B,$0.63B,-22.26%,$-0.14B,$2.42B,-5.60%,$-0.17B,$0.64B,-24.14%,$92,$79,$14,$0,$0,$84,$8,$0,$8,$1,$7,$7,$7,$11,$10,$18,18,$0.40,$0.40,$218,$0,$0,$942,$0,$1356,$9,$45,$1473,$2415,$1738,$0,$38,$38,$1777,$0,$190,$24,$639,$2415,$7,$2,$15,$17,$26,$0,$-5,$-60,$-37,$-13,$0,$0,$0,$0,$-78,$-78,$17,$-61,$-0,$0,$-0,$-0,$-0,$0,$-0,$-0,$-74,$0,$0
39,2008-12-31,25.29,$39.87,0.63,$22.23,1.14,$-0.09,0.0,$-9.00,0.0,$1.05B,$1.80B,0.58,$0.00B,$0.63B,0.0,$0.40B,$-0.05B,-12.00%,$0.40B,$-0.17B,-42.00%,$0.40B,$-0.16B,-39.75%,$0.40B,$-0.16B,-38.75%,$0.40B,$-0.17B,-42.00%,$0.40B,$-0.14B,-35.50%,$-0.14B,$0.63B,-19.02%,$-0.14B,$0.62B,-21.36%,$-0.14B,$2.48B,-5.43%,$-0.17B,$0.63B,-22.50%,$69,$102,$-33,$0,$0,$205,$-136,$0,$-136,$-17,$-118,$-120,$-120,$-133,$-134,$18,18,$-6.56,$-6.56,$293,$0,$0,$1045,$0,$1307,$9,$48,$1432,$2477,$1803,$1,$41,$42,$1845,$0,$183,$25,$632,$2477,$-142,$4,$139,$143,$52,$0,$-69,$18,$-20,$-18,$0,$0,$0,$0,$134,$134,$-0,$133,$-16,$0,$-16,$-51,$-51,$0,$-0,$-67,$48,$0,$0
40,2008-09-30,28.37,$46.34,0.61,$25.50,1.11,$8.03,3.53,$0.08,354.59,$1.05B,$1.84B,0.57,$0.00B,$0.74B,0.0,$0.48B,$0.02B,4.39%,$0.48B,$-0.00B,-0.21%,$0.48B,$0.01B,1.88%,$0.48B,$0.01B,2.72%,$0.48B,$-0.00B,-0.21%,$0.48B,$0.00B,0.84%,$0.00B,$0.74B,0.50%,$0.00B,$0.63B,0.58%,$0.00B,$2.61B,0.15%,$-0.00B,$0.74B,-0.13%,$86,$109,$-24,$0,$0,$114,$-29,$0,$-29,$-10,$-19,$-20,$-20,$-26,$-27,$18,18,$-1.12,$-1.12,$295,$0,$0,$1047,$0,$1354,$106,$40,$1564,$2611,$1843,$0,$33,$33,$1876,$0,$303,$8,$735,$2611,$-21,$3,$25,$28,$44,$0,$-49,$26,$6,$13,$0,$0,$0,$0,$105,$105,$-0,$105,$-16,$0,$-16,$-51,$-51,$0,$-0,$-67,$51,$0,$0
41,2008-06-30,26.39,$48.32,0.55,$28.75,0.92,$14.42,1.83,$2.60,10.15,$0.99B,$1.83B,0.54,$0.00B,$0.78B,0.0,$0.55B,$0.08B,14.68%,$0.55B,$0.06B,10.46%,$0.55B,$0.07B,12.48%,$0.55B,$0.07B,13.03%,$0.55B,$0.06B,10.46%,$0.55B,$0.05B,8.81%,$0.05B,$0.78B,5.82%,$0.05B,$0.67B,6.68%,$0.05B,$2.64B,1.74%,$0.06B,$0.78B,6.73%,$115,$122,$-6,$0,$0,$126,$-11,$0,$-11,$-2,$-9,$-9,$-9,$-8,$-9,$19,19,$-0.48,$-0.48,$249,$0,$0,$993,$0,$1438,$106,$41,$1644,$2637,$1825,$0,$35,$35,$1860,$0,$323,$23,$777,$2637,$-2,$2,$5,$7,$43,$0,$-43,$-1,$-7,$-2,$0,$0,$0,$0,$65,$65,$-0,$65,$-16,$0,$-16,$-43,$-43,$0,$-0,$-58,$5,$0,$0
42,2008-03-31,38.02,$48.49,0.78,$31.03,1.23,$19.49,1.95,$4.50,8.45,$1.03B,$1.84B,0.56,$0.00B,$0.84B,0.0,$0.59B,$0.12B,21.12%,$0.59B,$0.10B,17.04%,$0.59B,$0.11B,19.08%,$0.59B,$0.11B,19.42%,$0.59B,$0.10B,17.04%,$0.59B,$0.08B,14.14%,$0.08B,$0.84B,9.98%,$0.08B,$0.74B,11.44%,$0.08B,$2.73B,2.94%,$0.10B,$0.84B,11.40%,$130,$115,$15,$0,$0,$121,$8,$0,$8,$1,$8,$7,$7,$12,$11,$17,17,$0.42,$0.42,$284,$0,$0,$1032,$0,$1493,$107,$42,$1696,$2728,$1843,$0,$41,$43,$1886,$0,$332,$44,$842,$2728,$7,$1,$3,$4,$37,$0,$-33,$-9,$-7,$4,$0,$0,$0,$0,$41,$41,$0,$41,$-0,$0,$-0,$-6,$-6,$0,$-0,$-6,$40,$0,$0
43,2007-12-31,39.32,$47.78,0.82,$32.00,1.23,$21.69,1.81,$5.28,7.45,$1.03B,$1.89B,0.55,$0.00B,$0.84B,0.0,$0.62B,$0.14B,23.09%,$0.62B,$0.12B,19.19%,$0.62B,$0.13B,21.14%,$0.62B,$0.13B,21.46%,$0.62B,$0.12B,19.19%,$0.62B,$0.10B,16.10%,$0.10B,$0.84B,12.09%,$0.10B,$0.73B,13.91%,$0.10B,$2.78B,3.43%,$0.12B,$0.84B,13.31%,$147,$111,$36,$0,$0,$116,$31,$0,$31,$4,$27,$26,$26,$35,$34,$21,21,$0.90,$0.90,$244,$0,$0,$1029,$0,$1521,$107,$58,$1746,$2775,$1885,$0,$50,$54,$1939,$0,$325,$40,$836,$2775,$99,$3,$1,$4,$284,$0,$-55,$-187,$46,$148,$0,$0,$0,$0,$-115,$-115,$0,$-115,$-16,$-2,$-17,$-46,$-46,$0,$0,$-63,$-29,$0,$0
44,2007-09-30,42.46,$45.14,0.94,$33.55,1.27,$24.30,1.75,$5.42,7.83,$1.16B,$1.91B,0.61,$0.09B,$0.85B,0.11,$0.63B,$0.15B,24.36%,$0.63B,$0.13B,20.06%,$0.63B,$0.14B,21.82%,$0.63B,$0.14B,21.82%,$0.63B,$0.13B,20.06%,$0.63B,$0.10B,16.24%,$0.10B,$0.85B,12.74%,$0.10B,$0.74B,14.72%,$0.10B,$2.90B,3.47%,$0.13B,$0.94B,14.51%,$153,$118,$35,$0,$0,$124,$29,$0,$29,$5,$24,$24,$24,$32,$32,$19,19,$1.28,$1.28,$319,$0,$0,$1161,$0,$1516,$107,$46,$1734,$2896,$1912,$90,$48,$138,$2051,$0,$298,$28,$845,$2896,$73,$2,$3,$5,$231,$0,$-26,$-148,$57,$134,$0,$0,$0,$0,$-90,$-90,$0,$-90,$-0,$-2,$-2,$2,$2,$0,$0,$0,$45,$0,$0
45,2007-06-30,49.09,$43.05,1.14,$33.58,1.46,$25.77,1.91,$5.86,8.38,$1.18B,$1.95B,0.61,$0.09B,$0.81B,0.11,$0.63B,$0.15B,23.96%,$0.63B,$0.12B,19.65%,$0.63B,$0.13B,21.41%,$0.63B,$0.14B,21.73%,$0.63B,$0.12B,19.65%,$0.63B,$0.11B,17.57%,$0.11B,$0.81B,14.28%,$0.11B,$0.70B,16.60%,$0.11B,$2.89B,3.69%,$0.12B,$0.90B,14.68%,$157,$120,$38,$0,$0,$126,$32,$0,$32,$6,$26,$26,$26,$35,$35,$19,19,$1.40,$1.38,$276,$0,$0,$1181,$0,$1481,$107,$48,$1708,$2889,$1947,$90,$47,$137,$2084,$0,$274,$13,$805,$2889,$49,$1,$1,$2,$170,$0,$-18,$-110,$42,$93,$0,$0,$0,$0,$-91,$-91,$0,$-91,$-0,$-2,$-2,$2,$2,$0,$0,$-0,$3,$0,$0
46,2007-03-31,45.8,$42.26,1.08,$33.36,1.37,$25.75,1.78,$5.58,8.21,$1.36B,$2.07B,0.66,$0.09B,$0.79B,0.11,$0.62B,$0.14B,22.87%,$0.62B,$0.11B,18.36%,$0.62B,$0.13B,20.13%,$0.62B,$0.13B,20.77%,$0.62B,$0.11B,18.36%,$0.62B,$0.10B,16.75%,$0.10B,$0.79B,14.14%,$0.10B,$0.68B,16.73%,$0.10B,$3.00B,3.43%,$0.11B,$0.88B,14.20%,$158,$125,$33,$0,$0,$131,$26,$0,$26,$4,$22,$22,$23,$30,$29,$19,19,$1.22,$1.20,$318,$0,$0,$1358,$0,$1412,$108,$54,$1644,$3002,$2069,$90,$50,$143,$2212,$0,$248,$25,$790,$3002,$23,$0,$2,$2,$36,$0,$-5,$-12,$22,$46,$0,$0,$0,$0,$-2,$-2,$0,$-2,$-0,$-1,$-1,$1,$1,$0,$0,$0,$45,$0,$0
47,2006-12-31,50.0,$41.04,1.22,$33.03,1.51,$25.45,1.96,$5.34,9.36,$1.34B,$2.16B,0.62,$0.00B,$0.76B,0.0,$0.61B,$0.13B,21.90%,$0.61B,$0.11B,17.32%,$0.61B,$0.12B,19.12%,$0.61B,$0.12B,19.93%,$0.61B,$0.11B,17.32%,$0.61B,$0.10B,16.18%,$0.10B,$0.76B,14.11%,$0.10B,$0.66B,17.02%,$0.10B,$2.99B,3.25%,$0.11B,$0.76B,13.78%,$160,$113,$47,$0,$0,$121,$39,$0,$39,$9,$29,$30,$29,$40,$41,$18,19,$1.58,$1.58,$274,$0,$0,$1343,$0,$1396,$108,$65,$1642,$2985,$2158,$0,$63,$64,$2221,$0,$225,$23,$763,$2985,$99,$4,$4,$8,$288,$0,$4,$-217,$73,$181,$0,$0,$34,$0,$-163,$-163,$2,$-126,$-1,$-1,$-2,$6,$6,$0,$0,$4,$58,$0,$0
