,Date,Stock Price,Book Value per Share,Price to Book Ratio,TTM Sales per Share,Price to Sales Ratio,TTM FCF per Share,Price to FCF Ratio,TTM Net EPS,PE Ratio,Current Assets,Current Liabilities,Current Ratio,Long Term Debt,Shareholder's Equity_x,Debt to Equity Ratio,TTM Revenue_x,TTM Gross Profit,Gross Margin,TTM Revenue_y,TTM Operating Income,Operating Margin,TTM Revenue_x,TTM EBIT,EBIT Margin,TTM Revenue_y,TTM EBITDA,EBITDA Margin,TTM Revenue_x,TTM Pre-Tax Income,Pre-Tax Margin,TTM Revenue_y,TTM Net Income_x,Net Margin,TTM Net Income_y,Shareholder's Equity_y,Return on Equity,TTM Net Income_x,Tangible Equity,Return on Tangible Equity,TTM Net Income_y,Total Assets,Return on Assets,TTM Net Income,LT Investments & Debt,Return on Investment,revenue,cost-goods-sold,gross-profit,research-development-expenses,selling-general-administrative-expenses,operating-expenses,operating-income,total-non-operating-income-expense,pre-tax-income,total-provision-income-taxes,income-after-taxes,income-from-continuous-operations,net-income,ebitda,ebit,basic-shares-outstanding,shares-outstanding,eps-basic-net-earnings-per-share,eps-earnings-per-share-diluted,cash-on-hand,inventory,other-current-assets,total-current-assets,net-property-plant-equipment,long-term-investments,goodwill-intangible-assets-total,other-long-term-assets,total-long-term-assets,total-assets,total-current-liabilities,long-term-debt,other-non-current-liabilities,total-long-term-liabilities,total-liabilities,common-stock-net,retained-earnings-accumulated-deficit,comprehensive-income,total-share-holder-equity,total-liabilities-share-holders-equity,net-income-loss,total-depreciation-amortization-cash-flow,other-non-cash-items,total-non-cash-items,change-in-accounts-receivable,change-in-inventories,change-in-accounts-payable,change-in-assets-liabilities,total-change-in-assets-liabilities,cash-flow-from-operating-activities,net-change-in-property-plant-equipment,net-change-in-intangible-assets,net-acquisitions-divestitures,net-change-in-short-term-investments,net-change-in-long-term-investments,net-change-in-investments-total,investing-activities-other,cash-flow-from-investing-activities,net-long-term-debt,net-current-debt,debt-issuance-retirement-net-total,net-common-equity-issued-repurchased,net-total-equity-issued-repurchased,total-common-preferred-stock-dividends-paid,financial-activities-other,cash-flow-from-financial-activities,net-cash-flow,stock-based-compensation,common-stock-dividends-paid
0,2018-09-30,29.7,$14.61,2.03,$6.12,4.85,$4.91,6.05,$1.74,17.07,$2.95B,$3.08B,0.96,$0.30B,$0.43B,0.7,$0.18B,$0.16B,89.77%,$0.18B,$0.07B,38.07%,$0.18B,0,0.00%,$0.18B,0,0.00%,$0.18B,$0.07B,38.07%,$0.18B,$0.05B,28.98%,$0.05B,$0.43B,12.27%,$0.05B,$0.35B,15.35%,$0.05B,$3.81B,1.36%,$0.07B,$0.73B,9.53%,$46,$5,$41,$0,$21,$27,$19,$0,$19,$4,$15,$15,$15,$0,$0,$29,29,$0.52,$0.51,$39,$0,$0,$2947,$63,$612,$84,$104,$863,$3811,$3084,$298,$0,$298,$3382,$0,$-315,$-12,$428,$3811,$42,$4,$1,$5,$-1,$0,$0,$-1,$-2,$45,$-1,$0,$-5,$0,$-9,$-9,$-115,$-130,$6,$-36,$-31,$-1,$-1,$-14,$118,$73,$-12,$3,$-14
1,2018-06-30,29.8,$14.29,2.08,$5.97,4.99,$4.73,6.3,$1.59,18.74,$2.93B,$3.02B,0.97,$0.34B,$0.42B,0.8,$0.17B,$0.15B,90.06%,$0.17B,$0.06B,36.84%,$0.17B,0,0.00%,$0.17B,0,0.00%,$0.17B,$0.06B,36.84%,$0.17B,$0.05B,26.90%,$0.05B,$0.42B,11.44%,$0.05B,$0.33B,14.27%,$0.05B,$3.78B,1.25%,$0.06B,$0.76B,9.52%,$45,$5,$40,$0,$22,$28,$17,$0,$17,$4,$13,$13,$13,$0,$0,$29,29,$0.46,$0.46,$73,$0,$0,$2926,$64,$598,$85,$103,$850,$3776,$3021,$336,$0,$336,$3357,$0,$-325,$-10,$419,$3776,$27,$3,$1,$4,$2,$0,$0,$-0,$2,$32,$-1,$0,$-5,$0,$8,$8,$-65,$-63,$43,$12,$55,$-1,$-1,$-9,$6,$51,$21,$2,$-9
2,2018-03-31,28.2,$14.01,2.01,$5.82,4.85,$4.60,6.12,$1.49,18.93,$2.87B,$3.09B,0.93,$0.22B,$0.41B,0.54,$0.17B,$0.15B,90.91%,$0.17B,$0.06B,36.97%,$0.17B,0,0.00%,$0.17B,0,0.00%,$0.17B,$0.06B,36.97%,$0.17B,$0.04B,26.06%,$0.04B,$0.41B,11.04%,$0.04B,$0.33B,13.74%,$0.04B,$3.72B,1.20%,$0.06B,$0.63B,9.81%,$43,$4,$39,$0,$21,$26,$17,$0,$17,$3,$14,$14,$14,$0,$0,$29,29,$0.47,$0.47,$45,$0,$0,$2869,$65,$598,$86,$104,$853,$3722,$3088,$223,$0,$223,$3311,$0,$-334,$-9,$410,$3722,$14,$2,$0,$2,$0,$0,$0,$-0,$0,$16,$-0,$0,$-5,$0,$10,$10,$-38,$-33,$-69,$-5,$-74,$-1,$-1,$-5,$90,$10,$-7,$1,$-5
3,2017-12-31,27.35,$13.86,1.97,$5.67,4.82,$4.55,6.01,$1.37,19.96,$2.84B,$3.00B,0.95,$0.29B,$0.41B,0.72,$0.16B,$0.15B,91.25%,$0.16B,$0.06B,36.25%,$0.16B,0,0.00%,$0.16B,0,0.00%,$0.16B,$0.06B,36.25%,$0.16B,$0.04B,24.38%,$0.04B,$0.41B,10.35%,$0.04B,$0.33B,12.84%,$0.04B,$3.70B,1.11%,$0.06B,$0.70B,9.51%,$42,$4,$38,$0,$23,$28,$14,$-0,$14,$6,$9,$9,$9,$0,$0,$28,28,$0.31,$0.29,$52,$0,$0,$2836,$66,$614,$80,$103,$863,$3699,$3001,$293,$0,$293,$3294,$0,$-343,$-5,$405,$3699,$39,$5,$4,$8,$5,$0,$0,$-0,$5,$52,$-2,$0,$22,$0,$16,$16,$-223,$-187,$-2,$41,$38,$-2,$-2,$-14,$114,$137,$1,$3,$-14
4,2017-09-30,27.37,$13.21,2.07,$5.76,4.75,$3.93,6.96,$1.33,20.58,$2.70B,$2.95B,0.92,$0.19B,$0.38B,0.5,$0.16B,$0.14B,91.61%,$0.16B,$0.06B,35.48%,$0.16B,0,0.00%,$0.16B,0,0.00%,$0.16B,$0.06B,35.48%,$0.16B,$0.04B,23.87%,$0.04B,$0.38B,10.18%,$0.04B,$0.31B,12.64%,$0.04B,$3.51B,1.08%,$0.06B,$0.56B,9.33%,$41,$3,$37,$0,$22,$26,$15,$0,$15,$5,$10,$10,$10,$0,$0,$28,28,$0.36,$0.36,$65,$0,$0,$2704,$63,$576,$70,$97,$806,$3510,$2949,$186,$0,$186,$3135,$0,$-348,$-5,$375,$3510,$30,$4,$2,$5,$6,$0,$0,$-3,$3,$38,$-1,$0,$0,$0,$14,$14,$-150,$-137,$-76,$1,$-75,$-1,$-1,$-10,$199,$113,$14,$2,$-10
5,2017-06-30,26.65,$12.94,2.06,$5.62,4.74,$3.68,7.25,$1.22,21.85,$2.60B,$2.81B,0.93,$0.23B,$0.37B,0.62,$0.14B,$0.13B,91.67%,$0.14B,$0.05B,34.03%,$0.14B,0,0.00%,$0.14B,0,0.00%,$0.14B,$0.05B,34.03%,$0.14B,$0.03B,22.92%,$0.03B,$0.37B,9.23%,$0.03B,$0.30B,11.53%,$0.03B,$3.40B,0.98%,$0.05B,$0.60B,8.39%,$39,$3,$36,$0,$20,$24,$15,$-0,$15,$5,$10,$10,$10,$0,$0,$28,28,$0.36,$0.36,$47,$0,$0,$2602,$65,$570,$70,$97,$802,$3404,$2809,$228,$0,$228,$3036,$0,$-355,$-5,$368,$3404,$20,$2,$1,$4,$5,$0,$0,$-0,$4,$28,$-1,$0,$0,$0,$22,$22,$-67,$-46,$-34,$-7,$-42,$-1,$-1,$-7,$65,$15,$-4,$2,$-7
6,2017-03-31,23.74,$12.64,1.88,$5.44,4.36,$3.43,6.93,$1.13,21.01,$2.59B,$2.81B,0.92,$0.23B,$0.36B,0.64,$0.13B,$0.12B,91.60%,$0.13B,$0.04B,32.82%,$0.13B,0,0.00%,$0.13B,0,0.00%,$0.13B,$0.04B,32.82%,$0.13B,$0.03B,22.14%,$0.03B,$0.36B,8.98%,$0.03B,$0.29B,10.81%,$0.03B,$3.40B,0.93%,$0.04B,$0.59B,7.62%,$38,$3,$35,$0,$20,$24,$14,$-0,$14,$4,$10,$10,$10,$0,$0,$28,28,$0.35,$0.35,$41,$0,$0,$2588,$66,$585,$71,$89,$811,$3400,$2813,$228,$0,$228,$3041,$0,$-362,$-6,$359,$3400,$10,$1,$1,$2,$5,$0,$0,$-3,$2,$14,$-1,$0,$0,$0,$6,$6,$-54,$-49,$-34,$-2,$-37,$-1,$-1,$-3,$67,$25,$-10,$1,$-3
7,2016-12-31,23.48,$12.44,1.89,$5.31,4.42,$3.36,6.98,$1.04,22.57,$2.55B,$2.75B,0.93,$0.26B,$0.35B,0.74,$0.12B,$0.11B,91.60%,$0.12B,$0.04B,31.09%,$0.12B,0,0.00%,$0.12B,0,0.00%,$0.12B,$0.04B,31.09%,$0.12B,$0.03B,21.01%,$0.03B,$0.35B,8.63%,$0.03B,$0.28B,9.94%,$0.03B,$3.37B,0.87%,$0.04B,$0.62B,6.95%,$37,$3,$34,$0,$22,$26,$11,$0,$11,$3,$7,$7,$7,$0,$0,$23,24,$0.26,$0.26,$50,$0,$0,$2546,$67,$591,$72,$90,$820,$3366,$2752,$262,$0,$262,$3014,$0,$-368,$-7,$352,$3366,$25,$5,$1,$6,$-3,$0,$0,$1,$-2,$29,$-1,$0,$-24,$0,$228,$228,$-264,$-62,$14,$-73,$-59,$-1,$-1,$-11,$127,$56,$23,$3,$-11
8,2016-09-30,17.22,$12.39,1.39,$4.95,3.48,$3.53,4.87,$1.06,16.24,$2.55B,$2.81B,0.91,$0.19B,$0.35B,0.53,$0.11B,$0.10B,91.67%,$0.11B,$0.04B,32.41%,$0.11B,0,0.00%,$0.11B,0,0.00%,$0.11B,$0.04B,32.41%,$0.11B,$0.02B,22.22%,$0.02B,$0.35B,9.33%,$0.02B,$0.28B,10.20%,$0.02B,$3.35B,0.92%,$0.04B,$0.54B,6.86%,$30,$3,$27,$0,$18,$21,$9,$0,$9,$3,$6,$6,$6,$0,$0,$23,23,$0.25,$0.25,$164,$0,$0,$2554,$69,$562,$72,$89,$792,$3346,$2807,$187,$0,$187,$2995,$0,$-372,$-3,$351,$3346,$17,$3,$1,$4,$2,$0,$0,$3,$5,$26,$-1,$0,$-24,$0,$264,$264,$-164,$74,$-124,$-11,$-134,$-1,$-1,$-7,$180,$37,$137,$2,$-7
9,2016-06-30,16.01,$10.82,1.48,$4.83,3.31,$3.52,4.55,$1.09,14.68,$1.91B,$1.88B,1.02,$0.29B,$0.23B,1.25,$0.10B,$0.10B,93.20%,$0.10B,$0.04B,33.98%,$0.10B,0,0.00%,$0.10B,0,0.00%,$0.10B,$0.04B,33.98%,$0.10B,$0.02B,23.30%,$0.02B,$0.23B,10.70%,$0.02B,$0.23B,10.97%,$0.02B,$2.40B,1.02%,$0.04B,$0.52B,7.38%,$26,$2,$24,$0,$15,$17,$9,$0,$9,$3,$6,$6,$6,$0,$0,$21,21,$0.27,$0.27,$30,$0,$0,$1906,$46,$369,$5,$70,$489,$2395,$1878,$287,$0,$287,$2165,$0,$-376,$-4,$230,$2395,$12,$2,$1,$4,$3,$0,$0,$-2,$1,$16,$-1,$0,$0,$0,$58,$58,$-81,$-25,$-19,$-8,$-28,$-1,$-1,$-5,$46,$12,$4,$2,$-5
10,2016-03-31,14.71,$10.62,1.39,$4.77,3.08,$3.39,4.35,$1.08,13.62,$1.84B,$1.91B,0.97,$0.23B,$0.23B,1.03,$0.10B,$0.10B,93.14%,$0.10B,$0.03B,33.33%,$0.10B,0,0.00%,$0.10B,0,0.00%,$0.10B,$0.03B,33.33%,$0.10B,$0.02B,22.55%,$0.02B,$0.23B,10.44%,$0.02B,$0.22B,10.72%,$0.02B,$2.36B,0.99%,$0.03B,$0.46B,7.23%,$26,$2,$24,$0,$16,$18,$8,$0,$8,$3,$6,$6,$6,$0,$0,$21,21,$0.28,$0.27,$31,$0,$0,$1838,$46,$401,$5,$72,$524,$2362,$1905,$232,$0,$232,$2137,$0,$-379,$-4,$226,$2362,$6,$1,$0,$1,$0,$0,$0,$2,$2,$9,$-1,$0,$0,$0,$26,$26,$-15,$10,$25,$-108,$-83,$-1,$-1,$-2,$71,$-15,$4,$1,$-2
11,2015-12-31,15.63,$10.21,1.53,$4.69,3.33,$3.13,4.99,$1.06,14.74,$1.82B,$1.84B,0.99,$0.31B,$0.22B,1.38,$0.10B,$0.09B,94.00%,$0.10B,$0.03B,34.00%,$0.10B,0,0.00%,$0.10B,0,0.00%,$0.10B,$0.03B,34.00%,$0.10B,$0.02B,22.00%,$0.02B,$0.22B,10.16%,$0.02B,$0.22B,10.46%,$0.02B,$2.37B,0.97%,$0.03B,$0.53B,7.51%,$26,$2,$24,$0,$15,$17,$9,$0,$9,$3,$6,$6,$6,$0,$0,$21,21,$0.29,$0.28,$27,$0,$0,$1818,$48,$425,$5,$72,$550,$2369,$1840,$307,$0,$307,$2147,$0,$-382,$-5,$222,$2369,$22,$5,$6,$11,$-0,$0,$0,$0,$-0,$33,$-5,$0,$-1,$0,$22,$22,$-276,$-260,$75,$39,$114,$-1,$-1,$-8,$117,$221,$-6,$3,$-8
12,2015-09-30,15.47,$10.38,1.49,$4.63,3.34,$3.10,4.99,$0.84,18.42,$1.73B,$1.89B,0.91,$0.18B,$0.22B,0.81,$0.10B,$0.09B,94.90%,$0.10B,$0.03B,27.55%,$0.10B,0,0.00%,$0.10B,0,0.00%,$0.10B,$0.03B,27.55%,$0.10B,$0.02B,17.35%,$0.02B,$0.22B,7.99%,$0.02B,$0.21B,8.24%,$0.02B,$2.29B,0.77%,$0.03B,$0.40B,6.45%,$25,$1,$24,$0,$14,$16,$9,$0,$9,$3,$6,$6,$6,$0,$0,$21,21,$0.28,$0.28,$24,$0,$0,$1727,$49,$433,$6,$71,$559,$2286,$1890,$177,$0,$177,$2067,$0,$-386,$-3,$219,$2286,$17,$4,$4,$8,$2,$0,$0,$-1,$2,$26,$-3,$0,$-1,$0,$16,$16,$-189,$-178,$-9,$-3,$-12,$-0,$-0,$-6,$162,$143,$-9,$2,$-6
13,2015-06-30,15.41,$9.84,1.57,$4.57,3.37,$2.87,5.38,$0.78,19.76,$1.70B,$1.77B,0.96,$0.29B,$0.21B,1.34,$0.10B,$0.09B,93.81%,$0.10B,$0.03B,25.77%,$0.10B,0,0.00%,$0.10B,0,0.00%,$0.10B,$0.03B,25.77%,$0.10B,$0.02B,16.49%,$0.02B,$0.21B,7.65%,$0.02B,$0.21B,7.90%,$0.02B,$2.27B,0.74%,$0.03B,$0.50B,6.02%,$25,$1,$23,$0,$14,$16,$8,$-0,$8,$3,$5,$5,$5,$0,$0,$21,21,$0.26,$0.26,$55,$0,$0,$1701,$48,$443,$6,$71,$569,$2270,$1769,$286,$0,$286,$2056,$0,$-390,$-4,$214,$2270,$11,$3,$4,$7,$1,$0,$0,$-2,$-1,$16,$-4,$0,$0,$0,$5,$5,$-130,$-128,$50,$33,$83,$-0,$-0,$-4,$57,$135,$23,$1,$-4
14,2015-03-31,15.74,$9.71,1.62,$4.49,3.51,$2.67,5.89,$0.71,22.16,$1.56B,$1.76B,0.89,$0.17B,$0.21B,0.83,$0.10B,$0.09B,93.68%,$0.10B,$0.02B,24.21%,$0.10B,0,0.00%,$0.10B,0,0.00%,$0.10B,$0.02B,24.21%,$0.10B,$0.02B,15.79%,$0.02B,$0.21B,7.28%,$0.02B,$0.20B,7.52%,$0.02B,$2.15B,0.72%,$0.02B,$0.39B,5.68%,$24,$1,$23,$0,$15,$16,$8,$0,$8,$3,$5,$5,$5,$0,$0,$21,21,$0.24,$0.24,$32,$0,$0,$1564,$48,$452,$7,$74,$581,$2145,$1758,$174,$2,$177,$1934,$0,$-393,$-2,$211,$2145,$5,$1,$2,$3,$1,$0,$0,$-2,$-2,$6,$-3,$0,$0,$0,$1,$1,$-18,$-20,$0,$-21,$-21,$-0,$-0,$-2,$37,$13,$-1,$1,$-2
15,2014-12-31,13.31,$9.85,1.35,$4.38,3.04,$2.76,4.83,$0.64,20.8,$1.55B,$1.73B,0.9,$0.19B,$0.21B,0.9,$0.09B,$0.09B,92.47%,$0.09B,$0.02B,21.51%,$0.09B,0,0.00%,$0.09B,0,0.00%,$0.09B,$0.02B,21.51%,$0.09B,$0.01B,15.05%,$0.01B,$0.21B,6.93%,$0.01B,$0.20B,7.15%,$0.01B,$2.13B,0.68%,$0.02B,$0.39B,4.92%,$24,$2,$23,$0,$20,$23,$2,$-0,$2,$0,$1,$1,$1,$0,$0,$21,21,$0.06,$0.06,$32,$0,$0,$1551,$46,$449,$7,$71,$573,$2125,$1732,$186,$0,$186,$1918,$0,$-396,$-3,$207,$2125,$14,$7,$8,$15,$-2,$0,$0,$2,$-1,$28,$-0,$0,$-2,$0,$20,$20,$-227,$-210,$-95,$130,$34,$-0,$-0,$-4,$157,$186,$4,$2,$-4
16,2014-09-30,12.41,$9.46,1.31,$4.26,2.92,$2.55,4.86,$0.77,16.12,$1.51B,$1.70B,0.89,$0.18B,$0.21B,0.86,$0.09B,$0.08B,91.21%,$0.09B,$0.02B,26.37%,$0.09B,0,0.00%,$0.09B,0,0.00%,$0.09B,$0.02B,26.37%,$0.09B,$0.02B,18.68%,$0.02B,$0.21B,8.61%,$0.02B,$0.20B,8.88%,$0.02B,$2.08B,0.85%,$0.02B,$0.38B,6.08%,$24,$2,$22,$0,$14,$17,$7,$0,$7,$2,$5,$5,$5,$0,$0,$21,21,$0.22,$0.22,$47,$0,$0,$1507,$46,$456,$8,$61,$571,$2078,$1696,$176,$0,$176,$1873,$0,$-396,$-4,$205,$2078,$12,$4,$2,$5,$0,$0,$0,$-2,$-1,$18,$-0,$0,$-2,$0,$12,$12,$-159,$-150,$0,$20,$20,$-0,$-0,$-3,$134,$151,$19,$2,$-3
17,2014-06-30,12.72,$9.27,1.37,$4.15,3.07,$2.54,5.02,$0.73,17.43,$1.46B,$1.58B,0.92,$0.26B,$0.20B,1.27,$0.09B,$0.08B,92.05%,$0.09B,$0.02B,26.14%,$0.09B,0,0.00%,$0.09B,0,0.00%,$0.09B,$0.02B,26.14%,$0.09B,$0.02B,18.18%,$0.02B,$0.20B,8.28%,$0.02B,$0.20B,8.54%,$0.02B,$2.04B,0.82%,$0.02B,$0.46B,5.84%,$23,$2,$21,$0,$14,$16,$6,$-0,$6,$2,$4,$4,$4,$0,$0,$21,21,$0.19,$0.19,$44,$0,$0,$1460,$47,$466,$5,$61,$579,$2039,$1581,$256,$0,$256,$1838,$0,$-400,$-4,$201,$2039,$8,$2,$3,$6,$-2,$0,$0,$-4,$-6,$8,$-0,$0,$0,$0,$4,$4,$-116,$-112,$0,$98,$98,$-0,$-0,$-2,$24,$120,$16,$1,$-2
18,2014-03-31,13.0,$8.99,1.45,$4.09,3.18,$2.46,5.29,$0.72,18.05,$1.38B,$1.57B,0.88,$0.20B,$0.20B,1.02,$0.09B,$0.08B,91.86%,$0.09B,$0.02B,26.74%,$0.09B,0,0.00%,$0.09B,0,0.00%,$0.09B,$0.02B,26.74%,$0.09B,$0.02B,18.60%,$0.02B,$0.20B,8.45%,$0.02B,$0.19B,8.77%,$0.02B,$1.96B,0.84%,$0.02B,$0.39B,6.15%,$22,$2,$20,$0,$14,$16,$5,$0,$5,$2,$4,$4,$4,$0,$0,$21,21,$0.17,$0.17,$35,$0,$0,$1376,$48,$471,$6,$61,$585,$1961,$1568,$199,$0,$199,$1766,$0,$-403,$-6,$195,$1961,$4,$1,$0,$1,$0,$0,$0,$-1,$-0,$5,$0,$0,$0,$0,$-6,$-6,$-41,$-47,$0,$46,$46,$-0,$-0,$-1,$5,$49,$7,$0,$-1
19,2013-12-31,12.77,$8.89,1.44,$4.03,3.17,$2.31,5.54,$0.65,19.64,$1.33B,$1.56B,0.85,$0.16B,$0.19B,0.82,$0.08B,$0.08B,91.67%,$0.08B,$0.02B,25.00%,$0.08B,0,0.00%,$0.08B,0,0.00%,$0.08B,$0.02B,25.00%,$0.08B,$0.01B,16.67%,$0.01B,$0.19B,7.45%,$0.01B,$0.18B,7.76%,$0.01B,$1.91B,0.75%,$0.02B,$0.35B,5.89%,$22,$2,$20,$0,$13,$16,$6,$0,$6,$2,$4,$4,$4,$0,$0,$21,21,$0.20,$0.20,$28,$0,$0,$1327,$48,$464,$7,$65,$584,$1911,$1562,$156,$4,$160,$1722,$0,$-405,$-9,$189,$1911,$14,$5,$5,$10,$1,$0,$0,$1,$2,$26,$-3,$0,$-0,$8,$-35,$-27,$-164,$-194,$-16,$-23,$-39,$-0,$-0,$-2,$74,$33,$-135,$1,$-2
20,2013-09-30,12.42,$8.80,1.41,$4.02,3.09,$1.77,7.02,$0.61,20.35,$1.31B,$1.52B,0.86,$0.19B,$0.19B,1.0,$0.08B,$0.08B,91.57%,$0.08B,$0.02B,24.10%,$0.08B,0,0.00%,$0.08B,0,0.00%,$0.08B,$0.02B,24.10%,$0.08B,$0.01B,15.66%,$0.01B,$0.19B,6.92%,$0.01B,$0.18B,7.24%,$0.01B,$1.90B,0.69%,$0.02B,$0.38B,5.63%,$21,$2,$20,$0,$13,$16,$6,$0,$6,$2,$4,$4,$4,$0,$0,$21,21,$0.18,$0.18,$33,$0,$0,$1306,$46,$471,$7,$66,$590,$1896,$1519,$188,$0,$188,$1708,$0,$-409,$-7,$188,$1896,$10,$4,$5,$9,$-4,$0,$-1,$4,$-1,$17,$-1,$0,$0,$8,$-41,$-33,$-139,$-172,$-16,$15,$-1,$-0,$-0,$-1,$28,$25,$-130,$1,$-1
21,2013-06-30,10.27,$8.66,1.19,$3.98,2.58,$1.23,8.36,$0.53,19.38,$1.26B,$1.48B,0.85,$0.19B,$0.19B,1.05,$0.08B,$0.07B,89.16%,$0.08B,$0.02B,21.69%,$0.08B,0,0.00%,$0.08B,0,0.00%,$0.08B,$0.02B,21.69%,$0.08B,$0.01B,14.46%,$0.01B,$0.19B,6.42%,$0.01B,$0.18B,6.74%,$0.01B,$1.87B,0.65%,$0.02B,$0.38B,5.22%,$21,$2,$19,$0,$13,$16,$6,$0,$6,$2,$4,$4,$4,$0,$0,$21,21,$0.18,$0.18,$36,$0,$0,$1256,$46,$485,$8,$71,$610,$1866,$1482,$194,$5,$199,$1681,$0,$-412,$-6,$185,$1866,$6,$2,$1,$3,$-0,$0,$0,$-2,$-2,$7,$-0,$0,$0,$3,$-49,$-46,$-87,$-133,$-16,$16,$-1,$-0,$-0,$-1,$-6,$-7,$-133,$1,$-1
22,2013-03-31,9.48,$8.86,1.07,$3.96,2.4,$1.24,7.64,$0.65,14.59,$1.22B,$1.51B,0.81,$0.14B,$0.19B,0.72,$0.08B,$0.07B,87.95%,$0.08B,$0.02B,18.07%,$0.08B,0,0.00%,$0.08B,0,0.00%,$0.08B,$0.01B,14.46%,$0.08B,$0.01B,16.87%,$0.01B,$0.19B,7.54%,$0.01B,$0.18B,7.92%,$0.01B,$1.84B,0.77%,$0.02B,$0.33B,4.50%,$20,$2,$18,$0,$14,$17,$3,$0,$3,$1,$2,$2,$2,$0,$0,$21,21,$0.11,$0.11,$61,$0,$0,$1217,$47,$512,$9,$52,$619,$1837,$1511,$136,$0,$136,$1647,$0,$-416,$2,$190,$1837,$2,$1,$1,$2,$-1,$0,$0,$-1,$-2,$2,$-0,$0,$0,$3,$-68,$-65,$-10,$-75,$-16,$-6,$-22,$-0,$-0,$0,$-12,$-35,$-107,$0,$0
23,2012-12-31,8.8,$8.89,0.99,$3.99,2.21,$0.23,37.62,$0.70,12.58,$1.31B,$1.53B,0.85,$0.15B,$0.19B,0.8,$0.08B,$0.07B,86.90%,$0.08B,$0.02B,17.86%,$0.08B,0,0.00%,$0.08B,0,0.00%,$0.08B,$0.01B,14.29%,$0.08B,$0.02B,17.86%,$0.02B,$0.19B,8.25%,$0.02B,$0.18B,8.68%,$0.02B,$1.89B,0.83%,$0.02B,$0.34B,4.50%,$21,$2,$19,$0,$14,$17,$5,$0,$5,$1,$3,$3,$3,$0,$0,$21,21,$0.13,$0.13,$171,$0,$0,$1305,$47,$465,$9,$61,$582,$1887,$1530,$151,$17,$168,$1699,$0,$-418,$3,$188,$1887,$15,$6,$3,$9,$2,$0,$0,$-12,$-11,$13,$-1,$0,$-1,$-8,$-77,$-85,$-62,$-150,$-0,$50,$50,$-0,$-0,$0,$141,$191,$54,$1,$0
24,2012-09-30,9.12,$8.71,1.05,$4.56,2.0,$1.58,5.77,$0.65,14.03,$1.26B,$1.49B,0.85,$0.15B,$0.19B,0.82,$0.08B,$0.07B,85.71%,$0.08B,$0.01B,14.29%,$0.08B,0,0.00%,$0.08B,0,0.00%,$0.08B,$0.01B,10.71%,$0.08B,$0.01B,15.48%,$0.01B,$0.19B,7.32%,$0.01B,$0.18B,7.73%,$0.01B,$1.84B,0.74%,$0.01B,$0.34B,3.65%,$21,$2,$18,$0,$13,$16,$4,$0,$4,$1,$3,$3,$3,$0,$0,$21,21,$0.14,$0.14,$168,$0,$0,$1258,$47,$452,$10,$68,$577,$1835,$1486,$151,$12,$164,$1650,$0,$-421,$3,$185,$1835,$12,$5,$6,$11,$-0,$0,$0,$-16,$-16,$6,$-0,$0,$-1,$-20,$-69,$-89,$-25,$-116,$-0,$67,$67,$-0,$-0,$0,$81,$148,$39,$1,$0
25,2012-06-30,9.44,$8.48,1.11,$5.89,1.6,$2.28,4.15,$-0.85,0.0,$1.22B,$1.41B,0.87,$0.15B,$0.18B,0.84,$0.09B,$0.08B,86.21%,$0.09B,$0.01B,11.49%,$0.09B,0,0.00%,$0.09B,0,0.00%,$0.09B,$0.01B,8.05%,$0.09B,$-0.01B,-5.75%,$-0.01B,$0.18B,-2.88%,$-0.01B,$0.17B,-3.05%,$-0.01B,$1.75B,-0.29%,$0.01B,$0.33B,3.07%,$21,$2,$18,$0,$15,$18,$3,$-3,$0,$-6,$6,$6,$6,$0,$0,$21,21,$0.30,$0.30,$142,$0,$0,$1223,$48,$398,$8,$73,$528,$1751,$1406,$151,$13,$164,$1570,$0,$-424,$1,$180,$1751,$9,$3,$5,$8,$0,$0,$0,$-10,$-10,$7,$-0,$0,$0,$-5,$-20,$-25,$-16,$-41,$-0,$-4,$-4,$-0,$-0,$0,$65,$62,$28,$0,$0
26,2012-03-31,8.98,$8.21,1.09,$6.93,1.3,$2.90,3.1,$-1.15,0.0,$1.19B,$1.37B,0.86,$0.15B,$0.17B,0.87,$0.09B,$0.07B,85.06%,$0.09B,$0.01B,9.20%,$0.09B,0,0.00%,$0.09B,0,0.00%,$0.09B,$0.01B,9.20%,$0.09B,$-0.01B,-11.49%,$-0.01B,$0.17B,-5.88%,$-0.01B,$0.17B,-6.27%,$-0.01B,$1.72B,-0.58%,$0.01B,$0.33B,2.39%,$21,$2,$18,$0,$15,$18,$3,$0,$3,$0,$3,$3,$3,$0,$0,$21,21,$0.15,$0.15,$105,$0,$0,$1185,$53,$401,$9,$68,$531,$1716,$1372,$151,$18,$170,$1542,$0,$-430,$2,$174,$1716,$3,$2,$1,$2,$0,$0,$0,$-24,$-24,$-19,$-0,$0,$0,$0,$4,$4,$-17,$-13,$-0,$2,$2,$-0,$-0,$0,$25,$28,$-4,$0,$0
27,2011-12-31,6.64,$8.11,0.82,$8.11,0.82,$4.26,1.56,$-1.40,0.0,$1.17B,$1.35B,0.87,$0.15B,$0.17B,0.89,$0.09B,$0.07B,83.15%,$0.09B,$0.01B,6.74%,$0.09B,0,0.00%,$0.09B,0,0.00%,$0.09B,$0.01B,6.74%,$0.09B,$-0.01B,-15.73%,$-0.01B,$0.17B,-8.41%,$-0.01B,$0.16B,-9.03%,$-0.01B,$1.69B,-0.80%,$0.01B,$0.32B,1.74%,$21,$2,$18,$0,$15,$18,$2,$0,$2,$0,$2,$2,$1,$0,$0,$13,13,$0.46,$0.46,$109,$0,$0,$1173,$54,$386,$10,$67,$517,$1690,$1346,$151,$21,$172,$1519,$0,$-433,$2,$171,$1690,$6,$7,$5,$12,$0,$0,$3,$5,$8,$25,$-1,$0,$0,$0,$67,$67,$94,$160,$-56,$-13,$-69,$-0,$-0,$-0,$-149,$-218,$-32,$1,$0
28,2011-09-30,5.42,$8.03,0.67,$8.46,0.64,$5.70,0.95,$-3.70,0.0,$1.16B,$1.36B,0.85,$0.15B,$0.17B,0.89,$0.09B,$0.07B,80.68%,$0.09B,$-0.02B,-19.32%,$0.09B,0,0.00%,$0.09B,0,0.00%,$0.09B,$-0.02B,-19.32%,$0.09B,$-0.04B,-43.18%,$-0.04B,$0.17B,-23.21%,$-0.04B,$0.16B,-25.12%,$-0.04B,$1.69B,-2.13%,$-0.02B,$0.32B,-4.79%,$24,$3,$21,$0,$17,$22,$2,$0,$2,$0,$2,$2,$-15,$0,$0,$10,10,$-1.40,$-1.40,$93,$0,$0,$1160,$55,$404,$11,$62,$532,$1692,$1361,$151,$10,$162,$1523,$0,$-435,$3,$169,$1692,$4,$5,$2,$8,$0,$0,$1,$-2,$-1,$10,$-0,$0,$0,$0,$39,$39,$101,$140,$-53,$-14,$-67,$-0,$-0,$-0,$-132,$-199,$-48,$0,$0
29,2011-06-30,6.09,$15.52,0.39,$8.51,0.72,$6.19,0.98,$-2.85,0.0,$1.20B,$1.38B,0.87,$0.20B,$0.10B,2.09,$0.09B,$0.07B,78.41%,$0.09B,$-0.03B,-28.41%,$0.09B,0,0.00%,$0.09B,0,0.00%,$0.09B,$-0.03B,-28.41%,$0.09B,$-0.03B,-31.82%,$-0.03B,$0.17B,-16.67%,$-0.03B,$0.15B,-18.15%,$-0.03B,$1.75B,-1.52%,$-0.03B,$0.37B,-6.71%,$21,$4,$17,$0,$15,$20,$1,$0,$1,$0,$1,$1,$1,$0,$0,$10,10,$0.00,$0.00,$135,$0,$0,$1201,$56,$409,$12,$69,$546,$1747,$1377,$204,$0,$204,$1581,$0,$-421,$1,$166,$1747,$2,$4,$4,$7,$0,$0,$-0,$1,$1,$10,$-0,$0,$0,$0,$16,$16,$96,$112,$-0,$-13,$-13,$-0,$-0,$-0,$-116,$-129,$-7,$0,$0
30,2011-03-31,5.82,$14.76,0.39,$8.99,0.65,$7.79,0.75,$-3.40,0.0,$1.28B,$1.47B,0.87,$0.20B,$0.09B,2.18,$0.09B,$0.07B,77.42%,$0.09B,$-0.03B,-35.48%,$0.09B,0,0.00%,$0.09B,0,0.00%,$0.09B,$-0.03B,-35.48%,$0.09B,$-0.04B,-37.63%,$-0.04B,$0.16B,-20.14%,$-0.04B,$0.15B,-22.05%,$-0.04B,$1.83B,-1.84%,$-0.03B,$0.36B,-8.71%,$23,$5,$18,$0,$16,$22,$1,$0,$1,$0,$1,$1,$-1,$0,$0,$10,10,$-0.10,$-0.10,$185,$0,$0,$1278,$57,$409,$13,$77,$556,$1834,$1470,$204,$0,$204,$1675,$0,$-421,$-3,$160,$1834,$1,$2,$2,$4,$0,$0,$0,$1,$1,$5,$-0,$0,$0,$0,$9,$9,$66,$75,$-0,$-12,$-12,$-0,$-0,$-0,$-24,$-36,$43,$0,$0
31,2010-12-31,6.41,$14.97,0.43,$9.30,0.69,$7.85,0.82,$-3.60,0.0,$1.31B,$1.51B,0.87,$0.20B,$0.10B,2.14,$0.10B,$0.07B,76.04%,$0.10B,$-0.04B,-38.54%,$0.10B,0,0.00%,$0.10B,0,0.00%,$0.10B,$-0.04B,-38.54%,$0.10B,$-0.04B,-38.54%,$-0.04B,$0.16B,-20.39%,$-0.04B,$0.15B,-22.39%,$-0.04B,$1.87B,-1.89%,$-0.04B,$0.37B,-9.56%,$20,$5,$15,$0,$35,$41,$-21,$0,$-21,$0,$-21,$-21,$-23,$0,$0,$10,10,$-2.20,$-2.20,$141,$0,$0,$1313,$57,$419,$14,$67,$557,$1870,$1505,$204,$0,$204,$1710,$0,$-420,$-2,$160,$1870,$-31,$8,$50,$58,$0,$0,$0,$8,$8,$35,$-0,$0,$0,$0,$-177,$-177,$275,$97,$-1,$7,$6,$-0,$-0,$-0,$-231,$-225,$-93,$1,$0
32,2010-09-30,7.18,$17.28,0.42,$9.92,0.72,$6.60,1.09,$-1.75,0.0,$1.36B,$1.54B,0.88,$0.21B,$0.12B,1.68,$0.10B,$0.08B,75.49%,$0.10B,$-0.03B,-26.47%,$0.10B,0,0.00%,$0.10B,0,0.00%,$0.10B,$-0.03B,-26.47%,$0.10B,$-0.02B,-16.67%,$-0.02B,$0.19B,-8.96%,$-0.02B,$0.17B,-9.88%,$-0.02B,$1.93B,-0.84%,$-0.03B,$0.39B,-6.83%,$24,$6,$19,$0,$24,$31,$-6,$0,$-6,$-2,$-4,$-4,$-5,$0,$0,$10,10,$-0.55,$-0.55,$110,$0,$0,$1357,$58,$401,$15,$101,$576,$1933,$1542,$205,$0,$205,$1748,$0,$-397,$2,$186,$1933,$-10,$6,$27,$33,$0,$0,$-1,$-6,$-8,$15,$-0,$0,$0,$0,$-149,$-149,$196,$46,$-0,$-5,$-5,$-0,$-0,$-0,$-181,$-186,$-125,$1,$0
33,2010-06-30,4.79,$17.86,0.27,$10.08,0.47,$6.52,0.73,$-2.85,0.0,$1.51B,$1.59B,0.95,$0.21B,$0.13B,1.62,$0.10B,$0.08B,72.12%,$0.10B,$-0.04B,-39.42%,$0.10B,0,0.00%,$0.10B,0,0.00%,$0.10B,$-0.04B,-39.42%,$0.10B,$-0.03B,-27.88%,$-0.03B,$0.19B,-15.08%,$-0.03B,$0.17B,-16.74%,$-0.03B,$1.98B,-1.41%,$-0.04B,$0.40B,-10.31%,$26,$6,$20,$0,$26,$33,$-7,$0,$-7,$-3,$-4,$-4,$-6,$0,$0,$10,10,$-0.55,$-0.55,$185,$0,$0,$1513,$59,$312,$17,$83,$471,$1984,$1589,$206,$0,$206,$1795,$0,$-392,$2,$189,$1984,$-6,$4,$17,$21,$0,$0,$0,$12,$12,$26,$-0,$0,$0,$0,$-61,$-61,$140,$79,$-0,$-6,$-6,$-0,$-0,$-0,$-149,$-155,$-50,$1,$0
34,2010-03-31,7.18,$18.02,0.4,$10.26,0.7,$4.92,1.46,$-3.35,0.0,$1.62B,$1.63B,0.99,$0.21B,$0.13B,1.58,$0.11B,$0.07B,69.52%,$0.11B,$-0.05B,-49.52%,$0.11B,0,0.00%,$0.11B,0,0.00%,$0.11B,$-0.05B,-49.52%,$0.11B,$-0.03B,-32.38%,$-0.03B,$0.19B,-18.53%,$-0.03B,$0.17B,-20.86%,$-0.03B,$2.03B,-1.67%,$-0.05B,$0.40B,-13.38%,$26,$7,$19,$0,$21,$29,$-3,$0,$-3,$-1,$-2,$-2,$-3,$0,$0,$10,10,$-0.30,$-0.30,$223,$0,$0,$1617,$60,$252,$18,$83,$413,$2030,$1634,$206,$0,$206,$1839,$0,$-386,$-0,$191,$2030,$-2,$2,$7,$9,$0,$0,$0,$-2,$-2,$5,$-0,$0,$0,$0,$-5,$-5,$83,$78,$-0,$-5,$-5,$-0,$-0,$-0,$-90,$-95,$-12,$0,$0
35,2009-12-31,5.96,$18.19,0.33,$10.47,0.57,$4.69,1.27,$-3.00,0.0,$1.71B,$1.73B,0.99,$0.21B,$0.13B,1.54,$0.11B,$0.07B,68.22%,$0.11B,$-0.05B,-44.86%,$0.11B,0,0.00%,$0.11B,0,0.00%,$0.11B,$-0.05B,-44.86%,$0.11B,$-0.03B,-28.97%,$-0.03B,$0.19B,-17.54%,$-0.03B,$0.17B,-20.03%,$-0.03B,$2.13B,-1.52%,$-0.05B,$0.40B,-12.57%,$26,$8,$19,$0,$28,$38,$-11,$0,$-11,$-9,$-2,$-2,$-3,$0,$0,$10,10,$-0.35,$-0.35,$234,$0,$0,$1712,$60,$248,$19,$88,$416,$2128,$1729,$206,$0,$206,$1935,$0,$-383,$-0,$193,$2128,$-29,$10,$57,$67,$0,$0,$0,$-15,$-15,$23,$-1,$0,$0,$0,$-102,$-102,$217,$115,$-2,$1,$-1,$-0,$58,$-0,$-5,$52,$189,$1,$0
36,2009-09-30,6.68,$18.62,0.36,$10.86,0.61,$5.72,1.17,$-2.30,0.0,$1.69B,$1.66B,1.02,$0.21B,$0.14B,1.49,$0.11B,$0.07B,66.67%,$0.11B,$-0.03B,-26.13%,$0.11B,0,0.00%,$0.11B,0,0.00%,$0.11B,$-0.03B,-30.63%,$0.11B,$-0.02B,-21.62%,$-0.02B,$0.20B,-14.20%,$-0.02B,$0.18B,-16.49%,$-0.02B,$2.06B,-1.18%,$-0.03B,$0.40B,-7.74%,$26,$9,$17,$0,$36,$46,$-20,$0,$-20,$-3,$-17,$-17,$-17,$0,$0,$10,10,$-1.65,$-1.65,$148,$0,$0,$1692,$61,$209,$21,$74,$365,$2057,$1656,$206,$0,$206,$1862,$0,$-379,$1,$196,$2057,$-27,$7,$50,$57,$0,$0,$-2,$-12,$-14,$15,$-1,$0,$0,$0,$-60,$-60,$168,$107,$-2,$-9,$-11,$-0,$58,$0,$-66,$-20,$102,$1,$0
37,2009-06-30,8.62,$14.63,0.59,$11.51,0.75,$6.71,1.29,$-26.70,0.0,$1.66B,$1.59B,1.05,$0.21B,$0.15B,1.34,$0.12B,$0.08B,68.38%,$0.12B,$-0.28B,-241.88%,$0.12B,0,0.00%,$0.12B,0,0.00%,$0.12B,$-0.29B,-246.15%,$0.12B,$-0.27B,-233.33%,$-0.27B,$0.15B,-172.24%,$-0.27B,$0.13B,-204.49%,$-0.27B,$1.95B,-13.42%,$-0.28B,$0.36B,-77.59%,$27,$9,$18,$0,$35,$45,$-18,$0,$-18,$-7,$-11,$-11,$-11,$0,$0,$10,10,$-1.05,$-1.05,$47,$0,$0,$1661,$62,$125,$22,$75,$284,$1945,$1586,$206,$0,$206,$1791,$0,$-362,$1,$154,$1945,$-10,$5,$22,$27,$0,$0,$-1,$-5,$-6,$10,$-1,$0,$0,$0,$23,$23,$118,$140,$-2,$-9,$-11,$-0,$-0,$0,$-138,$-149,$1,$0,$0
38,2009-03-31,7.9,$15.56,0.51,$12.11,0.65,$7.45,1.06,$-25.45,0.0,$1.76B,$1.67B,1.06,$0.21B,$0.16B,1.26,$0.12B,$0.09B,69.92%,$0.12B,$-0.26B,-213.01%,$0.12B,0,0.00%,$0.12B,0,0.00%,$0.12B,$-0.27B,-217.07%,$0.12B,$-0.26B,-211.38%,$-0.26B,$0.16B,-115.04%,$-0.26B,$0.14B,-190.13%,$-0.26B,$2.04B,-12.16%,$-0.26B,$0.37B,-61.21%,$28,$9,$19,$0,$16,$27,$1,$0,$1,$0,$0,$0,$0,$0,$0,$10,10,$0.05,$0.05,$36,$0,$0,$1761,$62,$139,$24,$50,$276,$2036,$1667,$206,$0,$206,$1873,$0,$-352,$0,$164,$2036,$0,$2,$3,$5,$0,$0,$-2,$0,$-2,$3,$-0,$0,$0,$0,$7,$7,$46,$53,$-2,$-5,$-7,$-0,$-0,$0,$-59,$-66,$-10,$0,$0
39,2008-12-31,9.03,$15.34,0.59,$12.92,0.7,$7.96,1.13,$-25.20,0.0,$1.83B,$1.73B,1.05,$0.21B,$0.16B,1.29,$0.13B,$0.09B,69.47%,$0.13B,$-0.26B,-196.95%,$0.13B,0,0.00%,$0.13B,0,0.00%,$0.13B,$-0.26B,-200.76%,$0.13B,$-0.26B,-196.18%,$-0.26B,$0.16B,-88.54%,$-0.26B,$0.14B,-187.93%,$-0.26B,$2.10B,-11.60%,$-0.26B,$0.37B,-53.67%,$30,$10,$20,$0,$10,$22,$8,$0,$3,$-0,$4,$4,$4,$0,$0,$10,10,$0.40,$0.40,$46,$0,$0,$1827,$63,$144,$26,$43,$276,$2103,$1734,$208,$0,$208,$1941,$0,$-352,$-1,$162,$2103,$-257,$263,$36,$298,$0,$0,$0,$-9,$-9,$33,$-1,$0,$0,$0,$23,$23,$-62,$-39,$119,$-18,$101,$-0,$-0,$0,$-101,$-0,$-7,$-0,$0
40,2008-09-30,27.54,$14.66,1.88,$13.86,1.99,$8.17,3.37,$-38.95,0.0,$1.78B,$1.69B,1.05,$0.21B,$0.15B,1.35,$0.14B,$0.10B,69.01%,$0.14B,$-0.40B,-280.99%,$0.14B,0,0.00%,$0.14B,0,0.00%,$0.14B,$-0.40B,-283.10%,$0.14B,$-0.40B,-280.99%,$-0.40B,$0.15B,-112.55%,$-0.40B,$0.13B,-292.31%,$-0.40B,$2.05B,-17.48%,$-0.40B,$0.36B,-76.80%,$32,$10,$23,$0,$44,$307,$-274,$0,$-274,$-8,$-266,$-266,$-266,$0,$0,$10,10,$-26.05,$-26.05,$41,$0,$0,$1776,$64,$144,$27,$42,$277,$2053,$1691,$208,$0,$208,$1899,$0,$-356,$-4,$154,$2053,$-261,$260,$34,$294,$2,$0,$-12,$0,$-11,$23,$2,$0,$0,$0,$19,$19,$-11,$9,$119,$3,$122,$-0,$-0,$0,$-164,$-43,$-11,$-1,$0
41,2008-06-30,16.25,$40.19,0.4,$14.83,1.1,$7.83,2.08,$-12.75,0.0,$1.82B,$1.75B,1.04,$0.19B,$0.42B,0.44,$0.15B,$0.10B,66.88%,$0.15B,$-0.12B,-79.87%,$0.15B,0,0.00%,$0.15B,0,0.00%,$0.15B,$-0.13B,-81.82%,$0.15B,$-0.13B,-85.06%,$-0.13B,$0.42B,-28.68%,$-0.13B,$0.14B,-94.58%,$-0.13B,$2.36B,-5.41%,$-0.12B,$0.61B,-20.75%,$33,$10,$24,$0,$19,$30,$3,$0,$3,$1,$2,$2,$2,$0,$0,$10,10,$0.20,$0.20,$56,$0,$0,$1818,$65,$159,$280,$36,$540,$2359,$1746,$188,$0,$188,$1935,$0,$-90,$-3,$424,$2359,$5,$6,$5,$11,$7,$0,$-6,$0,$1,$18,$-1,$0,$0,$0,$6,$6,$-8,$-3,$100,$-19,$81,$-0,$-0,$0,$-92,$-11,$3,$2,$0
42,2008-03-31,28.35,$39.97,0.71,$15.71,1.8,$7.79,3.64,$-13.20,0.0,$1.80B,$1.77B,1.02,$0.16B,$0.42B,0.38,$0.17B,$0.11B,65.45%,$0.17B,$-0.14B,-83.64%,$0.17B,0,0.00%,$0.17B,0,0.00%,$0.17B,$-0.14B,-85.45%,$0.17B,$-0.14B,-84.85%,$-0.14B,$0.42B,-28.41%,$-0.14B,$0.14B,-102.19%,$-0.14B,$2.35B,-5.61%,$-0.14B,$0.58B,-23.06%,$36,$12,$24,$0,$18,$31,$5,$0,$5,$1,$3,$3,$3,$0,$0,$10,10,$0.30,$0.30,$62,$0,$0,$1795,$70,$163,$282,$36,$550,$2345,$1765,$158,$0,$158,$1924,$0,$-92,$-3,$421,$2345,$3,$3,$2,$5,$6,$0,$-5,$0,$1,$9,$-1,$0,$0,$0,$1,$1,$23,$24,$70,$-4,$66,$-0,$-0,$0,$-89,$-23,$9,$1,$0
43,2007-12-31,26.09,$39.78,0.66,$16.28,1.6,$7.83,3.33,$-13.00,0.0,$1.81B,$1.85B,0.98,$0.11B,$0.42B,0.25,$0.17B,$0.11B,64.94%,$0.17B,$-0.14B,-77.59%,$0.17B,0,0.00%,$0.17B,0,0.00%,$0.17B,$-0.14B,-79.31%,$0.17B,$-0.14B,-79.31%,$-0.14B,$0.42B,-25.90%,$-0.14B,$0.14B,-99.10%,$-0.14B,$2.37B,-5.35%,$-0.14B,$0.52B,-21.90%,$41,$14,$27,$0,$16,$174,$-133,$0,$-136,$2,$-138,$-138,$-138,$0,$0,$11,11,$-13.00,$-13.00,$52,$0,$0,$1809,$70,$166,$284,$43,$563,$2372,$1848,$105,$0,$105,$1953,$0,$-95,$-1,$419,$2372,$-138,$155,$28,$183,$0,$0,$0,$-9,$-9,$36,$-0,$0,$0,$0,$31,$31,$136,$167,$38,$-44,$-6,$-33,$-33,$0,$-161,$-200,$3,$3,$0
44,2007-09-30,28.89,$52.28,0.55,$16.40,1.76,$8.42,3.43,$0.90,32.1,$1.88B,$1.96B,0.96,$0.09B,$0.56B,0.16,$0.18B,$0.12B,64.80%,$0.18B,$0.00B,2.23%,$0.18B,0,0.00%,$0.18B,0,0.00%,$0.18B,$0.00B,2.23%,$0.18B,$0.01B,2.79%,$0.01B,$0.56B,0.87%,$0.01B,$0.14B,3.47%,$0.01B,$2.62B,0.19%,$0.00B,$0.66B,0.61%,$44,$16,$28,$0,$24,$42,$2,$0,$2,$0,$2,$2,$2,$0,$0,$11,11,$0.15,$0.15,$55,$0,$0,$1881,$71,$187,$428,$50,$736,$2617,$1962,$92,$0,$92,$2054,$0,$43,$-1,$563,$2617,$0,$10,$24,$34,$-5,$0,$-7,$0,$-12,$22,$-0,$0,$0,$0,$10,$10,$69,$78,$-2,$-23,$-24,$-27,$-27,$0,$-44,$-95,$5,$2,$0
45,2007-06-30,38.24,$51.84,0.74,$16.41,2.33,$8.57,4.46,$1.25,30.59,$1.91B,$2.01B,0.95,$0.07B,$0.57B,0.12,$0.18B,$0.12B,65.57%,$0.18B,$0.01B,5.46%,$0.18B,0,0.00%,$0.18B,0,0.00%,$0.18B,$0.01B,5.46%,$0.18B,$0.01B,4.92%,$0.01B,$0.57B,1.54%,$0.01B,$0.14B,5.99%,$0.01B,$2.64B,0.33%,$0.01B,$0.64B,1.45%,$44,$16,$29,$0,$38,$56,$-12,$0,$-12,$-5,$-7,$-7,$-7,$0,$0,$11,11,$-0.65,$-0.65,$52,$0,$0,$1910,$72,$188,$430,$40,$730,$2641,$2006,$67,$0,$67,$2073,$0,$42,$-1,$568,$2641,$-1,$7,$16,$22,$2,$0,$-7,$0,$-5,$18,$-0,$0,$0,$0,$10,$10,$47,$58,$-2,$-28,$-30,$-21,$-21,$0,$-22,$-72,$3,$2,$0
46,2007-03-31,39.05,$52.37,0.75,$16.26,2.4,$8.45,4.62,$2.00,19.53,$1.95B,$2.04B,0.96,$0.07B,$0.58B,0.12,$0.19B,$0.12B,66.67%,$0.19B,$0.03B,16.13%,$0.19B,0,0.00%,$0.19B,0,0.00%,$0.19B,$0.03B,16.13%,$0.19B,$0.02B,11.83%,$0.02B,$0.58B,3.73%,$0.02B,$0.15B,14.19%,$0.02B,$2.69B,0.79%,$0.03B,$0.65B,4.23%,$45,$16,$29,$0,$19,$37,$8,$0,$8,$2,$5,$5,$5,$0,$0,$11,11,$0.50,$0.50,$94,$0,$0,$1953,$74,$193,$432,$41,$740,$2693,$2041,$71,$0,$71,$2112,$0,$48,$1,$581,$2693,$5,$3,$2,$5,$2,$0,$-3,$0,$-1,$10,$-1,$0,$0,$0,$7,$7,$59,$66,$-1,$-27,$-29,$-15,$-15,$0,$12,$-31,$44,$1,$0
47,2006-12-31,42.71,$51.49,0.83,$16.03,2.66,$8.75,4.88,$2.15,19.86,$1.97B,$2.02B,0.97,$0.11B,$0.59B,0.19,$0.19B,$0.13B,68.45%,$0.19B,$0.03B,17.65%,$0.19B,0,0.00%,$0.19B,0,0.00%,$0.19B,$0.03B,17.65%,$0.19B,$0.02B,12.83%,$0.02B,$0.59B,4.03%,$0.02B,$0.16B,15.17%,$0.02B,$2.72B,0.84%,$0.03B,$0.70B,4.57%,$46,$16,$30,$0,$21,$40,$6,$0,$6,$2,$4,$4,$5,$0,$0,$12,12,$0.45,$0.45,$50,$0,$0,$1969,$74,$200,$435,$42,$751,$2721,$2022,$109,$0,$109,$2131,$0,$43,$1,$589,$2721,$24,$18,$7,$25,$8,$0,$0,$-5,$3,$51,$-6,$0,$-19,$0,$-23,$-23,$114,$66,$-6,$-67,$-73,$-38,$-38,$0,$-75,$-186,$-69,$3,$0
