,Date,Stock Price,Book Value per Share,Price to Book Ratio,TTM Sales per Share,Price to Sales Ratio,TTM FCF per Share,Price to FCF Ratio,TTM Net EPS,PE Ratio,Current Assets,Current Liabilities,Current Ratio,Long Term Debt,Shareholder's Equity_x,Debt to Equity Ratio,TTM Revenue_x,TTM Gross Profit,Gross Margin,TTM Revenue_y,TTM Operating Income,Operating Margin,TTM Revenue_x,TTM EBIT,EBIT Margin,TTM Revenue_y,TTM EBITDA,EBITDA Margin,TTM Revenue_x,TTM Pre-Tax Income,Pre-Tax Margin,TTM Revenue_y,TTM Net Income_x,Net Margin,TTM Net Income_y,Shareholder's Equity_y,Return on Equity,TTM Net Income_x,Tangible Equity,Return on Tangible Equity,TTM Net Income_y,Total Assets,Return on Assets,TTM Net Income,LT Investments & Debt,Return on Investment,revenue,cost-goods-sold,gross-profit,research-development-expenses,selling-general-administrative-expenses,operating-expenses,operating-income,total-non-operating-income-expense,pre-tax-income,total-provision-income-taxes,income-after-taxes,income-from-continuous-operations,net-income,ebitda,ebit,basic-shares-outstanding,shares-outstanding,eps-basic-net-earnings-per-share,eps-earnings-per-share-diluted,cash-on-hand,inventory,other-current-assets,total-current-assets,net-property-plant-equipment,long-term-investments,goodwill-intangible-assets-total,other-long-term-assets,total-long-term-assets,total-assets,total-current-liabilities,long-term-debt,other-non-current-liabilities,total-long-term-liabilities,total-liabilities,common-stock-net,retained-earnings-accumulated-deficit,comprehensive-income,total-share-holder-equity,total-liabilities-share-holders-equity,net-income-loss,total-depreciation-amortization-cash-flow,other-non-cash-items,total-non-cash-items,change-in-accounts-receivable,change-in-inventories,change-in-accounts-payable,change-in-assets-liabilities,total-change-in-assets-liabilities,cash-flow-from-operating-activities,net-change-in-property-plant-equipment,net-change-in-intangible-assets,net-acquisitions-divestitures,net-change-in-short-term-investments,net-change-in-long-term-investments,net-change-in-investments-total,investing-activities-other,cash-flow-from-investing-activities,net-long-term-debt,net-current-debt,debt-issuance-retirement-net-total,net-common-equity-issued-repurchased,net-total-equity-issued-repurchased,total-common-preferred-stock-dividends-paid,financial-activities-other,cash-flow-from-financial-activities,net-cash-flow,stock-based-compensation,common-stock-dividends-paid
0,2018-08-31,58.0,$43.00,1.35,$76.83,0.75,$6.70,8.66,$4.69,12.37,$1.32B,$0.48B,2.76,$0.44B,$1.38B,0.32,$2.52B,$0.41B,16.24%,$2.52B,$0.25B,10.04%,$2.52B,$0.25B,10.04%,$2.52B,$0.33B,13.14%,$2.52B,$0.22B,8.85%,$2.52B,$0.15B,6.03%,$0.15B,$1.38B,11.78%,$0.15B,$1.21B,13.42%,$0.15B,$2.47B,6.24%,$0.25B,$1.82B,14.15%,$689,$583,$106,$0,$51,$630,$59,$-9,$50,$10,$40,$37,$31,$79,$59,$31,33,$0.89,$0.93,$539,$432,$0,$1320,$457,$61,$173,$131,$1145,$2465,$478,$436,$0,$604,$1081,$0,$831,$-23,$1384,$2465,$172,$79,$-53,$26,$-84,$-27,$0,$-40,$-96,$103,$-24,$0,$-35,$0,$-26,$-26,$5,$-80,$-8,$23,$15,$0,$0,$-30,$-74,$-89,$-81,$29,$-30
1,2018-05-31,49.48,$42.06,1.18,$74.62,0.66,$11.14,4.44,$4.50,10.99,$1.32B,$0.47B,2.82,$0.44B,$1.35B,0.32,$2.44B,$0.40B,16.51%,$2.44B,$0.25B,10.32%,$2.44B,$0.25B,10.32%,$2.44B,$0.33B,13.48%,$2.44B,$0.22B,9.09%,$2.44B,$0.15B,5.94%,$0.15B,$1.35B,11.70%,$0.15B,$1.20B,13.35%,$0.15B,$2.43B,6.00%,$0.25B,$1.79B,14.26%,$641,$533,$109,$0,$52,$570,$72,$-7,$65,$16,$49,$36,$33,$91,$72,$32,33,$1.03,$1.01,$599,$397,$0,$1318,$424,$76,$152,$158,$1113,$2431,$468,$438,$0,$609,$1077,$0,$808,$-21,$1354,$2431,$135,$58,$-57,$1,$-25,$-4,$0,$-63,$-58,$80,$11,$0,$0,$0,$-21,$-21,$4,$-7,$-6,$16,$10,$0,$0,$-22,$-71,$-82,$-21,$20,$-22
2,2018-02-28,51.28,$43.26,1.19,$68.56,0.75,$9.74,5.26,$4.52,11.34,$1.33B,$0.47B,2.83,$0.56B,$1.24B,0.45,$2.24B,$0.38B,17.15%,$2.24B,$0.23B,10.18%,$2.24B,$0.23B,10.18%,$2.24B,$0.30B,13.58%,$2.24B,$0.20B,8.84%,$2.24B,$0.15B,6.48%,$0.15B,$1.24B,12.23%,$0.15B,$1.09B,13.90%,$0.15B,$2.43B,6.16%,$0.23B,$1.80B,13.12%,$629,$524,$105,$0,$50,$568,$61,$-7,$54,$-11,$65,$65,$62,$81,$61,$29,33,$2.10,$1.91,$595,$408,$0,$1325,$429,$98,$152,$169,$1107,$2432,$469,$560,$0,$720,$1189,$0,$783,$-4,$1243,$2432,$99,$39,$-50,$-12,$-26,$-10,$0,$-106,$-96,$-8,$52,$0,$0,$0,$-18,$-18,$1,$35,$-2,$4,$2,$0,$0,$-14,$-40,$-52,$-25,$13,$-14
3,2017-11-30,49.28,$41.12,1.2,$66.79,0.74,$10.97,4.49,$3.70,13.32,$1.33B,$0.45B,2.96,$0.56B,$1.18B,0.47,$2.18B,$0.40B,18.29%,$2.18B,$0.25B,11.44%,$2.18B,$0.25B,11.44%,$2.18B,$0.32B,14.71%,$2.18B,$0.22B,10.11%,$2.18B,$0.12B,5.42%,$0.12B,$1.18B,10.26%,$0.12B,$1.03B,11.59%,$0.12B,$2.41B,5.16%,$0.25B,$1.74B,14.69%,$560,$470,$89,$0,$47,$498,$61,$-7,$54,$18,$36,$33,$26,$80,$61,$29,33,$0.90,$0.83,$600,$411,$0,$1327,$427,$102,$152,$131,$1086,$2413,$448,$559,$0,$784,$1232,$0,$729,$-9,$1180,$2413,$33,$18,$-19,$-1,$-36,$-16,$0,$-38,$-73,$-40,$45,$0,$0,$0,$0,$0,$0,$45,$-1,$3,$2,$0,$0,$-0,$-25,$-24,$-20,$6,$-0
4,2017-08-31,42.07,$41.36,1.02,$66.71,0.63,$11.68,3.6,$3.66,11.49,$1.30B,$0.42B,3.1,$0.56B,$1.18B,0.47,$2.17B,$0.42B,19.46%,$2.17B,$0.26B,12.04%,$2.17B,$0.26B,12.04%,$2.17B,$0.33B,15.13%,$2.17B,$0.24B,10.93%,$2.17B,$0.12B,5.40%,$0.12B,$1.18B,10.51%,$0.12B,$1.03B,11.80%,$0.12B,$2.40B,5.48%,$0.26B,$1.74B,16.38%,$611,$511,$100,$0,$47,$554,$58,$-9,$49,$10,$39,$32,$24,$77,$58,$29,33,$0.80,$0.74,$620,$400,$0,$1300,$428,$108,$154,$91,$1097,$2398,$419,$558,$0,$799,$1219,$0,$709,$-6,$1179,$2398,$160,$67,$20,$88,$-25,$-3,$0,$92,$38,$286,$-62,$0,$-27,$0,$-41,$-41,$16,$-114,$268,$4,$272,$0,$0,$-25,$-43,$204,$389,$26,$-25
5,2017-05-31,43.17,$39.99,1.08,$66.27,0.65,$14.11,3.06,$3.97,10.87,$1.16B,$0.34B,3.41,$0.53B,$1.14B,0.47,$2.15B,$0.44B,20.54%,$2.15B,$0.29B,13.34%,$2.15B,$0.29B,13.34%,$2.15B,$0.36B,16.54%,$2.15B,$0.27B,12.50%,$2.15B,$0.13B,5.90%,$0.13B,$1.14B,11.84%,$0.13B,$1.03B,13.20%,$0.13B,$2.17B,6.36%,$0.29B,$1.67B,19.27%,$439,$349,$90,$0,$43,$391,$48,$-8,$41,$9,$32,$31,$33,$66,$48,$29,33,$1.12,$1.03,$474,$414,$0,$1156,$330,$110,$112,$149,$1018,$2174,$339,$533,$0,$695,$1034,$0,$692,$-16,$1140,$2174,$128,$48,$32,$80,$-27,$-47,$0,$-21,$-131,$78,$-34,$0,$0,$0,$-34,$-34,$16,$-51,$270,$0,$270,$0,$0,$-19,$-44,$207,$243,$19,$-19
6,2017-02-28,40.82,$38.73,1.05,$71.78,0.57,$19.91,2.05,$4.06,10.05,$1.23B,$0.37B,3.31,$0.53B,$1.10B,0.48,$2.33B,$0.48B,20.59%,$2.33B,$0.32B,13.89%,$2.33B,$0.32B,13.89%,$2.33B,$0.39B,16.68%,$2.33B,$0.31B,13.24%,$2.33B,$0.13B,5.55%,$0.13B,$1.10B,12.47%,$0.13B,$0.99B,13.96%,$0.13B,$2.16B,6.79%,$0.32B,$1.63B,23.15%,$566,$447,$119,$0,$39,$485,$82,$-6,$76,$25,$51,$49,$35,$97,$82,$29,32,$1.19,$1.09,$554,$381,$0,$1232,$325,$91,$111,$98,$924,$2156,$372,$533,$0,$684,$1056,$0,$665,$-29,$1100,$2156,$97,$31,$7,$38,$-67,$-18,$0,$33,$-50,$85,$-1,$0,$0,$0,$-1,$-1,$16,$14,$271,$0,$271,$0,$0,$-12,$-34,$225,$323,$11,$-12
7,2016-11-30,37.49,$36.37,1.03,$75.00,0.5,$23.58,1.59,$4.38,8.56,$0.88B,$0.35B,2.55,$0.30B,$1.03B,0.29,$2.43B,$0.48B,19.76%,$2.43B,$0.33B,13.71%,$2.43B,$0.33B,13.71%,$2.43B,$0.40B,16.39%,$2.43B,$0.32B,13.30%,$2.43B,$0.14B,5.72%,$0.14B,$1.03B,14.00%,$0.14B,$0.93B,15.78%,$0.14B,$1.82B,7.61%,$0.33B,$1.33B,25.60%,$552,$440,$113,$0,$41,$480,$73,$-2,$71,$20,$51,$48,$25,$88,$73,$29,32,$0.86,$0.79,$242,$402,$0,$882,$327,$93,$107,$103,$936,$1817,$346,$300,$0,$440,$786,$0,$637,$-38,$1032,$1817,$48,$16,$3,$19,$-5,$-39,$0,$32,$-35,$32,$-3,$0,$0,$0,$-1,$-1,$16,$12,$-2,$0,$-2,$0,$0,$-6,$-16,$-24,$11,$5,$-6
8,2016-08-31,32.53,$36.05,0.9,$82.59,0.39,$21.54,1.51,$5.74,5.67,$0.85B,$0.37B,2.29,$0.30B,$1.02B,0.3,$2.68B,$0.55B,20.60%,$2.68B,$0.41B,15.23%,$2.68B,$0.41B,15.23%,$2.68B,$0.47B,17.58%,$2.68B,$0.40B,14.74%,$2.68B,$0.18B,6.83%,$0.18B,$1.02B,19.00%,$0.18B,$0.91B,21.57%,$0.18B,$1.84B,9.91%,$0.41B,$1.32B,31.94%,$595,$476,$120,$0,$41,$512,$84,$-3,$81,$19,$61,$60,$34,$105,$84,$29,32,$1.16,$1.05,$247,$366,$0,$845,$330,$99,$111,$145,$990,$1836,$370,$302,$0,$449,$819,$0,$618,$-27,$1017,$1836,$285,$63,$-0,$63,$-32,$54,$0,$53,$-11,$337,$-35,$0,$0,$0,$-13,$-13,$-8,$-56,$-22,$-51,$-73,$-33,$-33,$-23,$-97,$-227,$50,$24,$-23
9,2016-05-31,27.37,$35.10,0.78,$87.22,0.31,$14.99,1.83,$6.70,4.09,$0.90B,$0.37B,2.41,$0.31B,$0.99B,0.31,$2.85B,$0.61B,21.31%,$2.85B,$0.46B,16.15%,$2.85B,$0.46B,16.15%,$2.85B,$0.51B,18.01%,$2.85B,$0.45B,15.72%,$2.85B,$0.22B,7.58%,$0.22B,$0.99B,23.36%,$0.22B,$0.88B,26.65%,$0.22B,$1.79B,11.77%,$0.46B,$1.30B,36.94%,$613,$486,$127,$0,$43,$529,$84,$-4,$80,$22,$58,$60,$35,$98,$84,$29,32,$1.22,$1.12,$223,$458,$0,$895,$318,$89,$114,$137,$891,$1786,$371,$307,$0,$425,$796,$0,$591,$-30,$990,$1786,$224,$42,$-2,$40,$-14,$-15,$0,$48,$-70,$195,$37,$0,$0,$0,$-9,$-9,$6,$33,$-19,$-51,$-70,$-33,$-33,$-17,$-59,$-180,$42,$19,$-17
10,2016-02-29,24.11,$33.18,0.73,$89.93,0.27,$6.57,3.67,$6.91,3.49,$0.94B,$0.48B,1.98,$0.32B,$0.93B,0.35,$2.95B,$0.63B,21.31%,$2.95B,$0.48B,16.27%,$2.95B,$0.48B,16.27%,$2.95B,$0.53B,17.96%,$2.95B,$0.47B,15.86%,$2.95B,$0.22B,7.59%,$0.22B,$0.93B,25.66%,$0.22B,$0.82B,29.44%,$0.22B,$1.87B,12.30%,$0.48B,$1.26B,39.89%,$669,$549,$120,$0,$38,$577,$92,$-1,$91,$26,$65,$66,$45,$107,$92,$29,32,$1.54,$1.41,$292,$421,$0,$942,$310,$87,$117,$180,$929,$1870,$476,$323,$0,$462,$938,$0,$561,$-33,$932,$1870,$165,$28,$-3,$25,$-30,$22,$0,$23,$-41,$149,$53,$0,$0,$0,$-5,$-5,$3,$50,$-4,$24,$20,$-33,$-33,$-12,$-55,$-79,$111,$11,$-12
11,2015-11-30,31.82,$31.98,0.99,$88.31,0.36,$-1.45,0.0,$7.07,4.5,$0.89B,$0.55B,1.62,$0.33B,$0.91B,0.36,$2.91B,$0.63B,21.77%,$2.91B,$0.48B,16.52%,$2.91B,$0.48B,16.52%,$2.91B,$0.53B,18.06%,$2.91B,$0.47B,16.07%,$2.91B,$0.23B,7.86%,$0.23B,$0.91B,28.67%,$0.23B,$0.80B,33.26%,$0.23B,$1.89B,12.90%,$0.48B,$1.24B,41.52%,$802,$618,$185,$0,$37,$654,$148,$-5,$143,$45,$98,$99,$69,$161,$148,$29,33,$2.36,$2.15,$207,$444,$0,$889,$307,$87,$119,$239,$1005,$1894,$549,$325,$0,$431,$979,$0,$522,$-31,$914,$1894,$99,$13,$8,$21,$-41,$-0,$0,$-65,$-184,$-63,$26,$0,$0,$0,$-2,$-2,$-0,$24,$-2,$113,$111,$-20,$-20,$-0,$-19,$72,$25,$5,$-0
12,2015-08-31,38.95,$29.87,1.3,$78.36,0.5,$-2.75,0.0,$5.93,6.57,$0.82B,$0.51B,1.63,$0.33B,$0.86B,0.38,$2.61B,$0.54B,20.61%,$2.61B,$0.39B,14.86%,$2.61B,$0.39B,14.86%,$2.61B,$0.43B,16.55%,$2.61B,$0.38B,14.43%,$2.61B,$0.19B,7.41%,$0.19B,$0.86B,26.83%,$0.19B,$0.76B,31.51%,$0.19B,$1.79B,11.39%,$0.39B,$1.19B,34.91%,$765,$591,$175,$0,$40,$630,$136,$-2,$134,$36,$98,$98,$67,$147,$136,$28,33,$2.26,$2.02,$182,$446,$0,$823,$303,$87,$109,$213,$967,$1791,$506,$326,$0,$421,$927,$0,$459,$-21,$863,$1791,$265,$45,$29,$74,$14,$-144,$0,$-90,$-148,$192,$-101,$0,$0,$0,$-34,$-34,$4,$-132,$-7,$38,$30,$-70,$-70,$-16,$-7,$-63,$-12,$19,$-16
13,2015-05-31,56.08,$27.07,2.07,$73.46,0.76,$-2.00,0.0,$5.34,10.5,$0.77B,$0.50B,1.55,$0.35B,$0.78B,0.44,$2.46B,$0.47B,19.04%,$2.46B,$0.35B,14.24%,$2.46B,$0.35B,14.24%,$2.46B,$0.39B,15.99%,$2.46B,$0.34B,13.71%,$2.46B,$0.17B,7.04%,$0.17B,$0.78B,26.74%,$0.17B,$0.68B,32.04%,$0.17B,$1.73B,10.64%,$0.35B,$1.13B,32.84%,$715,$565,$149,$0,$46,$610,$104,$-4,$100,$31,$69,$70,$43,$115,$104,$28,33,$1.54,$1.33,$132,$427,$0,$773,$286,$91,$106,$213,$954,$1727,$498,$346,$0,$446,$944,$0,$396,$-17,$783,$1727,$167,$33,$27,$61,$-9,$-125,$0,$-89,$-199,$30,$-71,$0,$0,$0,$-29,$-29,$0,$-100,$-6,$79,$74,$-48,$-48,$-12,$1,$15,$-62,$13,$-12
14,2015-02-28,54.59,$24.03,2.27,$69.26,0.79,$1.82,30.0,$5.04,10.83,$0.78B,$0.51B,1.54,$0.44B,$0.64B,0.7,$2.34B,$0.42B,17.81%,$2.34B,$0.31B,13.44%,$2.34B,$0.31B,13.44%,$2.34B,$0.36B,15.24%,$2.34B,$0.30B,12.80%,$2.34B,$0.16B,7.02%,$0.16B,$0.64B,28.12%,$0.16B,$0.53B,34.99%,$0.16B,$1.69B,10.53%,$0.31B,$1.08B,30.57%,$630,$505,$125,$0,$33,$538,$93,$-2,$91,$29,$61,$61,$50,$103,$93,$27,33,$1.86,$1.57,$154,$419,$0,$780,$272,$71,$108,$198,$910,$1690,$508,$441,$0,$547,$1056,$0,$358,$-16,$635,$1690,$97,$22,$26,$48,$-6,$-116,$0,$-68,$-153,$-8,$-51,$0,$0,$0,$-6,$-6,$1,$-56,$-4,$77,$74,$-47,$-47,$-8,$10,$29,$-39,$7,$-8
15,2014-11-30,51.38,$22.17,2.32,$64.82,0.79,$5.89,8.72,$3.97,12.94,$0.69B,$0.42B,1.64,$0.44B,$0.60B,0.74,$2.21B,$0.35B,15.81%,$2.21B,$0.26B,11.59%,$2.21B,$0.26B,11.59%,$2.21B,$0.30B,13.45%,$2.21B,$0.24B,10.82%,$2.21B,$0.13B,5.89%,$0.13B,$0.60B,23.68%,$0.13B,$0.49B,30.39%,$0.13B,$1.57B,8.89%,$0.26B,$1.04B,26.24%,$495,$407,$88,$0,$34,$441,$54,$-3,$51,$16,$35,$36,$33,$66,$54,$28,34,$1.19,$1.01,$128,$372,$0,$692,$258,$72,$105,$177,$878,$1569,$421,$443,$0,$552,$973,$0,$311,$-10,$596,$1569,$36,$12,$17,$29,$8,$-68,$0,$-46,$-119,$-54,$-29,$0,$0,$0,$-3,$-3,$-0,$-32,$-2,$33,$32,$-22,$-22,$0,$12,$22,$-66,$3,$0
16,2014-08-31,66.07,$20.97,3.15,$64.37,1.03,$8.18,8.07,$3.45,19.15,$0.71B,$0.40B,1.79,$0.45B,$0.57B,0.78,$2.20B,$0.32B,14.66%,$2.20B,$0.24B,10.89%,$2.20B,$0.24B,10.89%,$2.20B,$0.28B,12.71%,$2.20B,$0.22B,10.03%,$2.20B,$0.11B,5.08%,$0.11B,$0.57B,21.51%,$0.11B,$0.47B,28.55%,$0.11B,$1.52B,8.05%,$0.24B,$1.02B,25.81%,$618,$512,$106,$0,$36,$519,$99,$-4,$95,$36,$59,$60,$47,$109,$99,$28,34,$1.68,$1.42,$205,$306,$0,$710,$244,$69,$109,$126,$807,$1517,$396,$445,$0,$547,$943,$0,$283,$-7,$574,$1517,$150,$40,$-35,$6,$-24,$-10,$0,$-50,$-20,$136,$-16,$0,$0,$0,$-14,$-14,$-0,$-30,$71,$-35,$36,$-34,$-34,$-4,$-16,$-18,$87,$11,$-4
17,2014-05-31,51.15,$19.22,2.66,$64.45,0.79,$9.14,5.6,$2.66,19.23,$0.73B,$0.38B,1.94,$0.45B,$0.53B,0.85,$2.07B,$0.28B,13.39%,$2.07B,$0.18B,8.70%,$2.07B,$0.18B,8.70%,$2.07B,$0.22B,10.63%,$2.07B,$0.16B,7.78%,$2.07B,$0.09B,4.16%,$0.09B,$0.53B,17.50%,$0.09B,$0.39B,23.97%,$0.09B,$1.45B,6.44%,$0.18B,$0.98B,20.39%,$593,$497,$97,$0,$35,$526,$68,$-5,$62,$16,$46,$46,$34,$78,$68,$28,34,$1.20,$1.03,$208,$337,$0,$727,$216,$0,$136,$96,$724,$1451,$375,$447,$0,$548,$922,$0,$239,$-2,$528,$1451,$90,$31,$-12,$19,$-26,$-22,$0,$-16,$-27,$82,$5,$0,$0,$0,$-1,$-1,$-1,$3,$73,$-30,$43,$-26,$-26,$0,$-3,$14,$101,$6,$0
18,2014-02-28,38.78,$17.89,2.17,$63.29,0.61,$6.94,5.59,$-0.47,0.0,$0.61B,$0.35B,1.76,$0.37B,$0.50B,0.75,$1.91B,$0.23B,12.04%,$1.91B,$0.07B,3.40%,$1.91B,$0.07B,3.40%,$1.91B,$0.18B,9.58%,$1.91B,$0.05B,2.41%,$1.91B,$-0.00B,-0.21%,$-0.00B,$0.50B,-0.86%,$-0.00B,$0.36B,-1.20%,$-0.00B,$1.31B,-0.31%,$0.07B,$0.87B,7.74%,$502,$444,$58,$0,$28,$468,$35,$-4,$31,$10,$21,$21,$16,$44,$35,$28,34,$0.55,$0.50,$153,$306,$0,$608,$205,$0,$135,$85,$706,$1314,$346,$371,$0,$471,$817,$0,$206,$-2,$498,$1314,$44,$21,$-5,$16,$7,$9,$0,$-8,$7,$67,$12,$0,$0,$0,$-1,$-1,$-0,$11,$-2,$-21,$-24,$-9,$-9,$0,$-1,$-34,$46,$3,$0
19,2013-11-30,28.8,$17.22,1.67,$61.10,0.47,$5.23,5.5,$-0.52,0.0,$0.59B,$0.33B,1.79,$0.37B,$0.48B,0.77,$1.83B,$0.22B,12.02%,$1.83B,$0.06B,3.06%,$1.83B,$0.06B,3.06%,$1.83B,$0.18B,9.67%,$1.83B,$0.04B,1.91%,$1.83B,$-0.01B,-0.33%,$-0.01B,$0.48B,-1.29%,$-0.01B,$0.35B,-1.94%,$-0.01B,$1.28B,-0.46%,$0.06B,$0.86B,6.58%,$490,$429,$62,$0,$26,$452,$38,$-5,$33,$11,$23,$23,$15,$49,$38,$28,34,$0.54,$0.49,$90,$328,$0,$593,$201,$0,$133,$61,$689,$1283,$332,$373,$0,$468,$800,$0,$190,$-3,$483,$1283,$23,$11,$-2,$9,$-19,$-13,$0,$12,$-46,$-13,$8,$0,$0,$0,$-1,$-1,$-0,$6,$-1,$-9,$-11,$-1,$-1,$0,$1,$-11,$-16,$1,$0
20,2013-08-31,20.8,$16.27,1.28,$59.09,0.35,$4.21,4.94,$-0.66,0.0,$0.58B,$0.36B,1.59,$0.37B,$0.46B,0.82,$1.76B,$0.21B,11.73%,$1.76B,$0.04B,2.33%,$1.76B,$0.04B,2.33%,$1.76B,$0.16B,9.28%,$1.76B,$0.02B,1.08%,$1.76B,$-0.01B,-0.63%,$-0.01B,$0.46B,-2.39%,$-0.01B,$0.33B,-3.85%,$-0.01B,$1.29B,-0.82%,$0.04B,$0.83B,4.76%,$484,$424,$60,$0,$27,$445,$39,$-4,$35,$12,$23,$23,$21,$49,$39,$27,27,$0.80,$0.89,$106,$317,$0,$578,$202,$11,$126,$68,$712,$1290,$364,$374,$0,$469,$833,$0,$175,$-7,$457,$1290,$-5,$121,$-24,$97,$-7,$19,$0,$15,$12,$105,$15,$0,$0,$0,$-2,$-2,$-6,$6,$-57,$-13,$-70,$0,$0,$0,$4,$-66,$44,$6,$0
21,2013-05-31,21.61,$15.81,1.37,$54.10,0.4,$0.69,31.27,$-1.04,0.0,$0.55B,$0.38B,1.44,$0.37B,$0.43B,0.87,$1.72B,$0.20B,11.71%,$1.72B,$0.03B,1.69%,$1.72B,$0.03B,1.69%,$1.72B,$0.15B,8.97%,$1.72B,$0.01B,0.29%,$1.72B,$-0.03B,-1.46%,$-0.03B,$0.43B,-5.43%,$-0.03B,$0.29B,-9.54%,$-0.03B,$1.29B,-1.84%,$0.03B,$0.80B,3.32%,$434,$384,$50,$0,$25,$481,$-47,$-6,$-53,$3,$-56,$-56,$-56,$41,$-47,$27,27,$-2.10,$-2.10,$41,$344,$0,$547,$198,$0,$137,$71,$739,$1286,$380,$373,$0,$475,$855,$0,$154,$-8,$430,$1286,$-29,$111,$-14,$97,$-15,$-9,$0,$21,$-47,$19,$-10,$0,$0,$0,$-1,$-1,$-6,$-17,$-58,$32,$-26,$0,$0,$0,$3,$-22,$-22,$5,$0
22,2013-02-28,18.66,$17.85,1.05,$52.80,0.35,$0.78,23.84,$1.67,11.18,$0.57B,$0.33B,1.73,$0.43B,$0.49B,0.88,$1.79B,$0.21B,11.90%,$1.79B,$0.11B,6.26%,$1.79B,$0.11B,6.26%,$1.79B,$0.16B,8.99%,$1.79B,$0.09B,4.86%,$1.79B,$0.05B,2.79%,$0.05B,$0.49B,10.83%,$0.05B,$0.27B,20.66%,$0.05B,$1.37B,3.63%,$0.11B,$0.91B,12.59%,$423,$375,$48,$0,$25,$397,$26,$-6,$20,$6,$14,$14,$14,$38,$26,$27,34,$0.51,$0.45,$65,$359,$0,$569,$195,$0,$221,$36,$796,$1365,$328,$428,$0,$551,$879,$0,$210,$-5,$486,$1365,$27,$23,$3,$26,$3,$-27,$0,$63,$-17,$34,$-13,$0,$0,$0,$-0,$-0,$-6,$-20,$-2,$-12,$-14,$0,$0,$0,$2,$-12,$2,$3,$0
23,2012-11-30,17.61,$17.30,1.02,$53.98,0.33,$-0.52,0.0,$1.79,9.84,$0.58B,$0.37B,1.54,$0.43B,$0.47B,0.91,$1.83B,$0.22B,11.84%,$1.83B,$0.12B,6.30%,$1.83B,$0.12B,6.30%,$1.83B,$0.16B,8.93%,$1.83B,$0.09B,4.93%,$1.83B,$0.05B,2.96%,$0.05B,$0.47B,12.16%,$0.05B,$0.25B,24.11%,$0.05B,$1.40B,3.91%,$0.12B,$0.90B,13.19%,$415,$368,$48,$0,$26,$392,$23,$-6,$17,$5,$13,$13,$10,$35,$23,$27,34,$0.38,$0.35,$49,$364,$0,$576,$187,$0,$217,$54,$820,$1396,$373,$428,$0,$552,$925,$0,$196,$-4,$471,$1396,$13,$12,$1,$13,$-16,$-41,$0,$55,$-50,$-25,$-15,$0,$0,$0,$-0,$-0,$-1,$-16,$-1,$28,$27,$0,$0,$0,$1,$28,$-12,$2,$0
24,2012-08-31,13.32,$16.71,0.8,$53.69,0.25,$0.13,102.14,$1.92,6.94,$0.52B,$0.39B,1.34,$0.43B,$0.45B,0.94,$1.81B,$0.21B,11.84%,$1.81B,$0.12B,6.58%,$1.81B,$0.12B,6.58%,$1.81B,$0.17B,9.13%,$1.81B,$0.09B,5.20%,$1.81B,$0.06B,3.26%,$0.06B,$0.45B,13.97%,$0.06B,$0.24B,29.35%,$0.06B,$1.39B,4.35%,$0.12B,$0.88B,13.98%,$444,$389,$55,$0,$28,$417,$27,$-6,$21,$11,$10,$10,$7,$40,$27,$27,34,$0.27,$0.25,$60,$317,$0,$523,$182,$0,$218,$98,$862,$1385,$390,$428,$0,$541,$931,$0,$186,$-6,$454,$1385,$61,$46,$11,$57,$38,$4,$0,$-65,$-7,$116,$-84,$0,$0,$0,$-1,$-1,$-4,$-89,$-4,$-27,$-32,$0,$0,$0,$3,$-29,$3,$9,$0
25,2012-05-31,12.76,$16.04,0.8,$57.24,0.22,$-4.58,0.0,$2.08,6.13,$0.57B,$0.40B,1.44,$0.43B,$0.44B,0.98,$1.81B,$0.21B,11.62%,$1.81B,$0.12B,6.81%,$1.81B,$0.12B,6.81%,$1.81B,$0.17B,9.57%,$1.81B,$0.09B,5.09%,$1.81B,$0.07B,3.60%,$0.07B,$0.44B,16.14%,$0.07B,$0.21B,36.06%,$0.07B,$1.37B,4.87%,$0.12B,$0.86B,14.79%,$508,$446,$62,$0,$29,$472,$36,$-7,$29,$9,$21,$21,$19,$48,$36,$27,34,$0.71,$0.61,$51,$346,$0,$569,$173,$0,$222,$67,$796,$1365,$395,$428,$0,$534,$930,$0,$178,$-12,$436,$1365,$51,$33,$3,$36,$10,$-27,$0,$-33,$-37,$54,$-39,$0,$0,$0,$-1,$-1,$-4,$-43,$-4,$-16,$-20,$0,$0,$0,$3,$-16,$-5,$7,$0
26,2012-02-29,23.3,$15.57,1.5,$55.39,0.42,$-10.10,0.0,$1.33,17.52,$0.59B,$0.44B,1.33,$0.43B,$0.42B,1.03,$1.62B,$0.19B,11.51%,$1.62B,$0.10B,6.44%,$1.62B,$0.10B,6.44%,$1.62B,$0.15B,9.41%,$1.62B,$0.06B,3.71%,$1.62B,$0.04B,2.66%,$0.04B,$0.42B,11.18%,$0.04B,$0.19B,26.63%,$0.04B,$1.38B,3.31%,$0.10B,$0.84B,12.52%,$458,$407,$51,$0,$25,$429,$29,$-7,$23,$5,$17,$17,$18,$40,$29,$27,34,$0.66,$0.57,$43,$366,$0,$586,$166,$0,$222,$80,$790,$1377,$442,$428,$0,$519,$961,$0,$159,$-5,$416,$1377,$31,$20,$5,$25,$9,$-44,$0,$-58,$-67,$-8,$-16,$0,$0,$0,$0,$0,$-0,$-16,$-2,$12,$10,$0,$0,$0,$0,$10,$-10,$3,$0
27,2011-11-30,20.46,$14.36,1.43,$53.98,0.38,$-12.33,0.0,$0.74,27.65,$0.53B,$0.39B,1.34,$0.43B,$0.38B,1.13,$1.44B,$0.16B,11.23%,$1.44B,$0.09B,5.96%,$1.44B,$0.09B,5.96%,$1.44B,$0.13B,9.15%,$1.44B,$0.04B,2.57%,$1.44B,$0.02B,1.66%,$0.02B,$0.38B,6.46%,$0.02B,$0.16B,16.16%,$0.02B,$1.30B,1.92%,$0.09B,$0.81B,10.29%,$398,$352,$46,$0,$23,$371,$27,$-5,$21,$8,$14,$13,$15,$37,$27,$25,33,$0.57,$0.48,$23,$354,$0,$527,$160,$0,$221,$68,$773,$1299,$392,$431,$0,$524,$917,$0,$142,$-17,$383,$1299,$13,$10,$3,$12,$34,$-34,$0,$-37,$-37,$-9,$-9,$0,$0,$0,$0,$0,$-0,$-9,$1,$-7,$-6,$0,$0,$0,$0,$-6,$-29,$2,$0
28,2011-08-31,16.02,$14.93,1.07,$51.15,0.31,$-14.29,0.0,$0.15,106.8,$0.56B,$0.41B,1.39,$0.43B,$0.38B,1.14,$1.24B,$0.14B,11.26%,$1.24B,$0.07B,5.39%,$1.24B,$0.07B,5.39%,$1.24B,$0.11B,9.09%,$1.24B,$0.01B,1.13%,$1.24B,$0.01B,0.56%,$0.01B,$0.38B,2.00%,$0.01B,$0.15B,5.54%,$0.01B,$1.30B,0.58%,$0.07B,$0.81B,8.06%,$443,$392,$51,$0,$22,$412,$31,$-12,$19,$4,$15,$14,$13,$48,$31,$24,27,$0.54,$0.51,$52,$324,$0,$564,$161,$0,$224,$31,$737,$1302,$407,$429,$0,$519,$926,$0,$127,$-8,$376,$1302,$8,$45,$13,$58,$-97,$-117,$0,$-17,$-100,$-34,$-66,$0,$0,$0,$-2,$-2,$-1,$-69,$-80,$87,$7,$63,$63,$0,$-12,$58,$-49,$7,$0
29,2011-05-31,24.02,$14.47,1.66,$43.21,0.56,$-9.21,0.0,$0.06,400.33,$0.47B,$0.28B,1.71,$0.50B,$0.36B,1.37,$0.98B,$0.11B,11.57%,$0.98B,$0.06B,5.83%,$0.98B,$0.06B,5.83%,$0.98B,$0.10B,9.83%,$0.98B,$0.01B,0.61%,$0.98B,$0.00B,0.20%,$0.00B,$0.36B,0.61%,$0.00B,$0.14B,1.90%,$0.00B,$1.22B,0.17%,$0.06B,$0.86B,6.88%,$317,$279,$38,$0,$23,$300,$17,$-20,$-3,$-0,$-2,$-3,$-3,$27,$17,$24,24,$-0.14,$-0.14,$37,$290,$0,$470,$150,$0,$225,$58,$748,$1218,$275,$497,$0,$579,$854,$0,$115,$-3,$364,$1218,$-5,$28,$5,$33,$-51,$-83,$0,$-48,$-106,$-77,$-46,$0,$0,$0,$-1,$-1,$0,$-46,$-7,$11,$4,$63,$63,$0,$-8,$58,$-65,$5,$0
30,2011-02-28,23.02,$14.58,1.58,$40.40,0.57,$-2.99,0.0,$0.43,53.54,$0.47B,$0.24B,1.98,$0.50B,$0.36B,1.38,$0.87B,$0.11B,12.34%,$0.87B,$0.06B,6.69%,$0.87B,$0.06B,6.69%,$0.87B,$0.10B,11.19%,$0.87B,$0.02B,2.08%,$0.87B,$0.01B,1.15%,$0.01B,$0.36B,3.23%,$0.01B,$0.14B,12.05%,$0.01B,$1.19B,0.90%,$0.06B,$0.86B,7.15%,$284,$258,$27,$0,$18,$273,$11,$-11,$0,$0,$0,$-0,$-1,$20,$11,$23,23,$-0.02,$-0.02,$101,$250,$0,$467,$144,$0,$222,$63,$724,$1191,$236,$500,$0,$592,$828,$0,$118,$-4,$363,$1191,$-2,$19,$8,$27,$-24,$-45,$0,$-50,$-76,$-52,$-16,$0,$0,$0,$-0,$-0,$1,$-16,$-2,$7,$5,$63,$63,$0,$-0,$68,$0,$3,$0
31,2010-11-30,17.29,$13.55,1.28,$39.89,0.43,$-0.57,0.0,$0.17,101.71,$0.37B,$0.22B,1.69,$0.50B,$0.30B,1.68,$0.78B,$0.10B,13.28%,$0.78B,$0.05B,6.90%,$0.78B,$0.05B,6.90%,$0.78B,$0.09B,11.88%,$0.78B,$0.01B,1.66%,$0.78B,$0.01B,0.77%,$0.01B,$0.30B,2.18%,$0.01B,$0.07B,12.77%,$0.01B,$1.11B,0.56%,$0.05B,$0.80B,6.89%,$199,$175,$24,$0,$18,$191,$8,$-10,$-2,$-1,$-1,$-2,$-2,$18,$8,$22,22,$-0.11,$-0.11,$52,$225,$0,$372,$139,$0,$224,$76,$737,$1109,$220,$499,$0,$592,$813,$0,$118,$-7,$297,$1109,$-2,$9,$2,$11,$-5,$-44,$0,$-36,$-57,$-47,$-7,$0,$0,$0,$-0,$-0,$-0,$-8,$-1,$7,$6,$0,$0,$0,$0,$6,$-50,$1,$0
32,2010-08-31,10.76,$13.60,0.79,$40.84,0.26,$1.69,6.36,$0.09,119.51,$0.40B,$0.18B,2.15,$0.50B,$0.30B,1.68,$0.76B,$0.10B,13.49%,$0.76B,$0.05B,6.75%,$0.76B,$0.05B,6.75%,$0.76B,$0.09B,11.90%,$0.76B,$0.01B,1.19%,$0.76B,$0.01B,0.66%,$0.01B,$0.30B,1.93%,$0.01B,$0.07B,17.70%,$0.01B,$1.07B,0.47%,$0.05B,$0.80B,6.59%,$177,$153,$24,$0,$19,$156,$21,$-10,$11,$0,$11,$10,$8,$31,$21,$19,20,$0.45,$0.45,$101,$205,$0,$395,$133,$0,$230,$13,$678,$1073,$184,$499,$0,$591,$775,$0,$121,$-7,$297,$1073,$8,$38,$3,$40,$22,$-45,$0,$-0,$-10,$43,$-16,$0,$0,$0,$-1,$-1,$-7,$-24,$-36,$-12,$-48,$56,$56,$0,$-4,$5,$23,$0,$0
33,2010-05-31,13.19,$12.89,1.02,$45.66,0.29,$6.16,2.14,$0.13,101.46,$0.40B,$0.19B,2.08,$0.51B,$0.28B,1.8,$0.81B,$0.11B,13.38%,$0.81B,$0.05B,5.58%,$0.81B,$0.05B,5.58%,$0.81B,$0.14B,17.84%,$0.81B,$-0.00B,-0.12%,$0.81B,$0.00B,0.37%,$0.00B,$0.28B,1.24%,$0.00B,$0.05B,27.91%,$0.00B,$1.09B,0.28%,$0.05B,$0.79B,5.89%,$207,$176,$32,$0,$18,$189,$18,$-10,$9,$2,$6,$6,$5,$28,$18,$18,20,$0.25,$0.23,$118,$167,$0,$397,$127,$7,$232,$23,$694,$1091,$191,$506,$15,$618,$809,$0,$113,$-12,$282,$1091,$-2,$28,$23,$51,$-2,$-27,$0,$1,$-16,$36,$-13,$0,$0,$0,$-1,$-1,$-6,$-20,$-27,$-2,$-29,$56,$56,$0,$-4,$24,$40,$4,$0
34,2010-02-28,8.47,$13.26,0.64,$49.84,0.17,$8.60,0.99,$-3.10,0.0,$0.34B,$0.18B,1.89,$0.53B,$0.23B,2.32,$0.84B,$0.10B,12.20%,$0.84B,$-0.02B,-2.13%,$0.84B,$-0.02B,-2.13%,$0.84B,$0.08B,9.48%,$0.84B,$-0.07B,-7.94%,$0.84B,$-0.05B,-6.28%,$-0.05B,$0.23B,-24.28%,$-0.05B,$-0.00B,392.59%,$-0.05B,$1.04B,-5.09%,$-0.02B,$0.75B,-2.45%,$200,$176,$24,$0,$17,$193,$7,$-12,$-5,$-1,$-4,$-4,$-5,$16,$7,$17,17,$-0.28,$-0.28,$69,$157,$0,$342,$125,$8,$230,$20,$699,$1041,$181,$527,$15,$633,$814,$0,$108,$-9,$227,$1041,$-8,$19,$14,$32,$-3,$-13,$0,$7,$-16,$8,$-17,$0,$0,$0,$-0,$-0,$0,$-17,$-2,$2,$-1,$0,$0,$0,$0,$-1,$-8,$3,$0
35,2009-11-30,9.89,$13.44,0.74,$55.35,0.18,$11.63,0.85,$-3.23,0.0,$0.32B,$0.18B,1.78,$0.53B,$0.23B,2.3,$0.93B,$0.10B,10.20%,$0.93B,$-0.03B,-2.69%,$0.93B,$-0.03B,-2.69%,$0.93B,$0.07B,7.84%,$0.93B,$-0.07B,-7.63%,$0.93B,$-0.06B,-5.91%,$-0.06B,$0.23B,-25.17%,$-0.06B,$-0.00B,200.00%,$-0.06B,$1.04B,-5.13%,$-0.03B,$0.76B,-3.45%,$172,$150,$22,$0,$16,$166,$5,$-11,$-6,$-3,$-3,$-3,$-3,$15,$5,$17,17,$-0.19,$-0.19,$69,$155,$0,$322,$127,$8,$231,$35,$717,$1040,$181,$528,$15,$628,$810,$0,$113,$-9,$230,$1040,$-3,$9,$1,$11,$16,$-12,$0,$-3,$-1,$5,$-9,$0,$0,$0,$-0,$-0,$-2,$-12,$0,$-4,$-3,$0,$0,$0,$0,$-3,$-11,$1,$0
36,2009-08-31,11.86,$13.60,0.87,$60.71,0.2,$10.04,1.18,$-3.24,0.0,$0.33B,$0.19B,1.78,$0.53B,$0.23B,2.26,$1.02B,$0.09B,8.97%,$1.02B,$-0.03B,-2.76%,$1.02B,$-0.03B,-2.76%,$1.02B,$0.07B,6.90%,$1.02B,$-0.08B,-7.39%,$1.02B,$-0.06B,-5.52%,$-0.06B,$0.23B,-25.20%,$-0.06B,$-0.00B,148.34%,$-0.06B,$1.05B,-4.99%,$-0.03B,$0.76B,-3.90%,$228,$198,$30,$0,$18,$214,$15,$-13,$1,$-5,$7,$6,$6,$85,$15,$17,17,$0.37,$0.37,$77,$143,$0,$333,$128,$8,$234,$32,$715,$1048,$187,$525,$15,$629,$816,$0,$116,$-10,$232,$1048,$-58,$98,$-14,$85,$59,$109,$0,$9,$90,$120,$-23,$0,$0,$0,$0,$0,$0,$-23,$59,$-81,$-23,$0,$0,$-2,$0,$-25,$70,$0,$-2
37,2009-05-31,6.93,$10.74,0.65,$69.17,0.1,$2.38,2.92,$-3.16,0.0,$0.30B,$0.27B,1.13,$0.48B,$0.18B,2.62,$1.15B,$0.10B,9.05%,$1.15B,$-0.02B,-1.83%,$1.15B,$-0.02B,-1.83%,$1.15B,$0.02B,1.83%,$1.15B,$-0.07B,-5.92%,$1.15B,$-0.06B,-4.96%,$-0.06B,$0.18B,-24.84%,$-0.06B,$-0.05B,121.28%,$-0.06B,$1.04B,-4.85%,$-0.02B,$0.66B,-2.92%,$244,$218,$27,$0,$16,$289,$-45,$-12,$-57,$-5,$-51,$-51,$-51,$-36,$-45,$17,17,$-3.04,$-3.04,$17,$175,$0,$304,$127,$8,$230,$40,$731,$1035,$269,$481,$15,$583,$852,$0,$117,$-18,$184,$1035,$-64,$28,$47,$75,$58,$63,$0,$9,$77,$89,$-29,$0,$0,$0,$0,$0,$1,$-28,$-44,$0,$-44,$0,$0,$-2,$4,$-41,$11,$0,$-2
38,2009-02-28,3.47,$13.62,0.25,$77.77,0.04,$-3.08,0.0,$0.33,10.5,$0.38B,$0.33B,1.16,$0.49B,$0.23B,2.15,$1.29B,$0.13B,9.79%,$1.29B,$0.05B,3.81%,$1.29B,$0.05B,3.81%,$1.29B,$0.09B,7.07%,$1.29B,$0.00B,0.31%,$1.29B,$0.00B,0.16%,$0.00B,$0.23B,0.81%,$0.00B,$-0.06B,-4.26%,$0.00B,$1.17B,0.16%,$0.05B,$0.72B,6.62%,$287,$271,$16,$0,$16,$287,$-0,$-9,$-9,$-2,$-8,$-8,$-7,$9,$-0,$17,17,$-0.45,$-0.45,$42,$204,$0,$383,$129,$8,$286,$45,$785,$1168,$330,$488,$15,$610,$940,$0,$167,$-24,$228,$1168,$-12,$19,$4,$23,$29,$29,$0,$9,$45,$56,$-14,$0,$0,$0,$0,$0,$0,$-13,$-7,$11,$4,$2,$2,$-2,$1,$6,$35,$0,$-2
39,2008-11-30,6.93,$14.71,0.47,$76.49,0.09,$-10.54,0.0,$0.83,8.35,$0.43B,$0.38B,1.12,$0.49B,$0.25B,2.0,$1.26B,$0.15B,11.51%,$1.26B,$0.06B,4.84%,$1.26B,$0.06B,4.84%,$1.26B,$0.10B,8.10%,$1.26B,$0.02B,1.19%,$1.26B,$0.01B,0.79%,$0.01B,$0.25B,3.98%,$0.01B,$-0.04B,-31.75%,$0.01B,$1.24B,0.82%,$0.06B,$0.74B,8.28%,$256,$238,$18,$0,$16,$254,$2,$-12,$-10,$-5,$-5,$-4,$-4,$12,$2,$17,17,$-0.23,$-0.23,$19,$256,$0,$428,$134,$8,$288,$63,$813,$1241,$381,$491,$15,$615,$996,$0,$175,$-13,$245,$1241,$-4,$10,$3,$12,$19,$-15,$0,$-9,$-30,$-22,$-8,$0,$0,$0,$0,$0,$1,$-8,$-4,$51,$47,$1,$1,$0,$1,$49,$13,$0,$0
40,2008-08-31,18.14,$15.69,1.16,$78.76,0.23,$-10.05,0.0,$1.19,15.25,$0.44B,$0.38B,1.16,$0.50B,$0.26B,1.9,$1.29B,$0.16B,12.64%,$1.29B,$0.08B,5.81%,$1.29B,$0.08B,5.81%,$1.29B,$0.11B,8.84%,$1.29B,$0.03B,2.33%,$1.29B,$0.02B,1.32%,$0.02B,$0.26B,6.75%,$0.02B,$-0.04B,-93.15%,$0.02B,$1.26B,1.44%,$0.08B,$0.76B,10.28%,$362,$319,$43,$0,$21,$340,$22,$-14,$8,$5,$4,$2,$5,$36,$22,$16,16,$0.32,$0.32,$7,$252,$0,$441,$137,$8,$299,$52,$816,$1257,$380,$496,$15,$616,$996,$0,$180,$-1,$261,$1257,$14,$39,$6,$44,$-8,$-30,$0,$-11,$-27,$32,$-63,$0,$-92,$0,$1,$1,$2,$-152,$43,$56,$98,$0,$0,$-5,$11,$103,$-15,$0,$-5
41,2008-05-31,23.66,$15.32,1.54,$78.50,0.3,$-6.38,0.0,$1.56,15.16,$0.42B,$0.38B,1.13,$0.50B,$0.25B,1.95,$1.28B,$0.18B,14.15%,$1.28B,$0.08B,6.57%,$1.28B,$0.08B,6.57%,$1.28B,$0.12B,9.15%,$1.28B,$0.04B,3.44%,$1.28B,$0.03B,1.95%,$0.03B,$0.25B,10.10%,$0.03B,$-0.05B,-344.83%,$0.03B,$1.24B,2.20%,$0.08B,$0.75B,11.72%,$382,$333,$49,$0,$23,$357,$25,$-10,$15,$8,$8,$8,$8,$34,$25,$17,17,$0.49,$0.49,$2,$240,$0,$424,$133,$9,$302,$58,$820,$1243,$377,$497,$15,$612,$989,$0,$174,$-0,$254,$1243,$12,$25,$3,$28,$-7,$-15,$0,$-19,$-20,$20,$-51,$0,$-93,$0,$1,$1,$2,$-141,$44,$49,$93,$3,$3,$-4,$6,$98,$-21,$0,$-4
42,2008-02-29,23.6,$14.91,1.58,$79.33,0.3,$-3.38,0.0,$1.88,12.56,$0.39B,$0.37B,1.07,$0.46B,$0.24B,1.88,$1.28B,$0.19B,14.80%,$1.28B,$0.09B,7.32%,$1.28B,$0.09B,7.32%,$1.28B,$0.13B,9.81%,$1.28B,$0.05B,4.13%,$1.28B,$0.03B,2.34%,$0.03B,$0.24B,12.42%,$0.03B,$0.00B,1200.00%,$0.03B,$1.16B,2.75%,$0.09B,$0.70B,13.40%,$260,$225,$35,$0,$21,$248,$12,$-10,$2,$2,$-0,$1,$1,$20,$12,$16,16,$0.09,$0.09,$9,$208,$0,$393,$120,$9,$241,$103,$765,$1158,$367,$457,$0,$547,$914,$0,$167,$-3,$244,$1158,$4,$17,$3,$19,$-12,$-3,$0,$-74,$-94,$-71,$-10,$0,$0,$0,$0,$0,$1,$-9,$-4,$64,$60,$2,$2,$-3,$5,$64,$-14,$0,$-3
43,2007-11-30,19.83,$15.33,1.29,$78.40,0.25,$-4.08,0.0,$1.41,14.06,$0.35B,$0.27B,1.29,$0.46B,$0.25B,1.85,$1.26B,$0.19B,14.79%,$1.26B,$0.08B,6.25%,$1.26B,$0.08B,6.25%,$1.26B,$0.11B,8.78%,$1.26B,$0.04B,2.93%,$1.26B,$0.02B,1.82%,$0.02B,$0.25B,9.82%,$0.02B,$0.01B,-4600.00%,$0.02B,$1.06B,2.13%,$0.08B,$0.71B,11.78%,$286,$250,$36,$0,$20,$271,$16,$-10,$5,$3,$2,$3,$3,$24,$16,$16,16,$0.16,$0.16,$10,$202,$0,$349,$115,$9,$238,$45,$713,$1062,$271,$460,$0,$543,$814,$0,$167,$2,$248,$1062,$3,$8,$2,$10,$24,$-0,$0,$-14,$-22,$-9,$-13,$0,$0,$0,$0,$0,$0,$-13,$-1,$7,$5,$1,$1,$0,$1,$7,$-14,$0,$0
44,2007-08-31,26.17,$15.07,1.74,$76.12,0.34,$-5.96,0.0,$1.37,19.1,$0.38B,$0.28B,1.32,$0.46B,$0.24B,1.89,$1.23B,$0.18B,14.69%,$1.23B,$0.08B,6.12%,$1.23B,$0.08B,6.12%,$1.23B,$0.11B,8.73%,$1.23B,$0.03B,2.78%,$1.23B,$0.02B,1.80%,$0.02B,$0.24B,9.66%,$0.02B,$0.01B,400.00%,$0.02B,$1.07B,2.03%,$0.08B,$0.71B,11.71%,$351,$290,$61,$0,$27,$320,$31,$-9,$22,$10,$12,$13,$13,$39,$31,$16,16,$0.82,$0.82,$24,$195,$0,$375,$113,$9,$238,$43,$697,$1073,$284,$461,$0,$546,$829,$0,$165,$-0,$244,$1073,$22,$33,$18,$50,$-18,$14,$0,$2,$-26,$46,$-18,$0,$-268,$0,$-1,$-1,$0,$-287,$92,$15,$107,$3,$3,$-5,$10,$116,$-122,$0,$-5
45,2007-05-31,28.03,$14.22,1.97,$70.98,0.39,$-12.27,0.0,$1.31,21.39,$0.36B,$0.29B,1.27,$0.46B,$0.23B,2.01,$1.14B,$0.16B,13.96%,$1.14B,$0.06B,5.53%,$1.14B,$0.06B,5.53%,$1.14B,$0.09B,8.25%,$1.14B,$0.02B,2.11%,$1.14B,$0.02B,1.84%,$0.02B,$0.23B,9.48%,$0.02B,$-0.01B,40.98%,$0.02B,$1.06B,2.02%,$0.06B,$0.69B,10.32%,$387,$329,$58,$0,$20,$352,$35,$-11,$24,$11,$13,$13,$13,$43,$35,$16,16,$0.81,$0.81,$31,$198,$0,$363,$110,$9,$238,$46,$699,$1063,$286,$462,$0,$547,$832,$0,$154,$0,$230,$1063,$9,$24,$11,$36,$5,$11,$0,$6,$-15,$30,$-12,$0,$-268,$0,$-1,$-1,$-0,$-281,$93,$34,$127,$3,$3,$-4,$8,$134,$-115,$0,$-4
46,2007-02-28,25.22,$13.47,1.87,$63.67,0.4,$-15.76,0.0,$1.17,21.56,$0.40B,$0.49B,0.83,$0.36B,$0.22B,1.68,$1.02B,$0.15B,14.24%,$1.02B,$0.06B,5.40%,$1.02B,$0.06B,5.40%,$1.02B,$0.08B,8.25%,$1.02B,$0.02B,1.96%,$1.02B,$0.02B,1.87%,$0.02B,$0.22B,8.81%,$0.02B,$-0.01B,18.10%,$0.02B,$1.13B,1.93%,$0.06B,$0.58B,9.44%,$240,$208,$32,$0,$19,$243,$-3,$-10,$-14,$-8,$-6,$-6,$-6,$5,$-3,$16,16,$-0.38,$-0.38,$9,$230,$0,$404,$102,$9,$224,$82,$722,$1126,$485,$363,$0,$426,$911,$0,$142,$-1,$215,$1126,$-4,$16,$8,$24,$-29,$-24,$0,$-48,$-97,$-77,$-14,$0,$-264,$0,$0,$0,$-0,$-278,$-5,$220,$215,$2,$2,$-3,$3,$218,$-137,$0,$-3
47,2006-11-30,32.65,$13.88,2.35,$63.54,0.51,$-14.89,0.0,$2.09,15.62,$0.37B,$0.44B,0.84,$0.37B,$0.22B,1.65,$1.01B,$0.15B,15.09%,$1.01B,$0.08B,7.99%,$1.01B,$0.08B,7.99%,$1.01B,$0.11B,10.75%,$1.01B,$0.05B,4.93%,$1.01B,$0.03B,3.35%,$0.03B,$0.22B,16.11%,$0.03B,$0.03B,21.76%,$0.03B,$1.08B,3.85%,$0.08B,$0.59B,14.56%,$247,$218,$29,$0,$17,$235,$12,$-10,$2,$1,$2,$2,$2,$20,$12,$16,16,$0.12,$0.12,$17,$209,$0,$372,$115,$8,$188,$96,$711,$1083,$442,$366,$0,$419,$861,$0,$149,$-0,$222,$1083,$2,$8,$-3,$5,$-8,$-1,$0,$-22,$-48,$-42,$-10,$0,$-264,$0,$0,$0,$-0,$-274,$-2,$187,$185,$1,$1,$0,$2,$188,$-129,$0,$0
