,Date,Stock Price,Book Value per Share,Price to Book Ratio,TTM Sales per Share,Price to Sales Ratio,TTM FCF per Share,Price to FCF Ratio,TTM Net EPS,PE Ratio,Current Assets,Current Liabilities,Current Ratio,Long Term Debt,Shareholder's Equity_x,Debt to Equity Ratio,TTM Revenue_x,TTM Gross Profit,Gross Margin,TTM Revenue_y,TTM Operating Income,Operating Margin,TTM Revenue_x,TTM EBIT,EBIT Margin,TTM Revenue_y,TTM EBITDA,EBITDA Margin,TTM Revenue_x,TTM Pre-Tax Income,Pre-Tax Margin,TTM Revenue_y,TTM Net Income_x,Net Margin,TTM Net Income_y,Shareholder's Equity_y,Return on Equity,TTM Net Income_x,Tangible Equity,Return on Tangible Equity,TTM Net Income_y,Total Assets,Return on Assets,TTM Net Income,LT Investments & Debt,Return on Investment,revenue,cost-goods-sold,gross-profit,research-development-expenses,selling-general-administrative-expenses,operating-expenses,operating-income,total-non-operating-income-expense,pre-tax-income,total-provision-income-taxes,income-after-taxes,income-from-continuous-operations,net-income,ebitda,ebit,basic-shares-outstanding,shares-outstanding,eps-basic-net-earnings-per-share,eps-earnings-per-share-diluted,cash-on-hand,inventory,other-current-assets,total-current-assets,net-property-plant-equipment,long-term-investments,goodwill-intangible-assets-total,other-long-term-assets,total-long-term-assets,total-assets,total-current-liabilities,long-term-debt,other-non-current-liabilities,total-long-term-liabilities,total-liabilities,common-stock-net,retained-earnings-accumulated-deficit,comprehensive-income,total-share-holder-equity,total-liabilities-share-holders-equity,net-income-loss,total-depreciation-amortization-cash-flow,other-non-cash-items,total-non-cash-items,change-in-accounts-receivable,change-in-inventories,change-in-accounts-payable,change-in-assets-liabilities,total-change-in-assets-liabilities,cash-flow-from-operating-activities,net-change-in-property-plant-equipment,net-change-in-intangible-assets,net-acquisitions-divestitures,net-change-in-short-term-investments,net-change-in-long-term-investments,net-change-in-investments-total,investing-activities-other,cash-flow-from-investing-activities,net-long-term-debt,net-current-debt,debt-issuance-retirement-net-total,net-common-equity-issued-repurchased,net-total-equity-issued-repurchased,total-common-preferred-stock-dividends-paid,financial-activities-other,cash-flow-from-financial-activities,net-cash-flow,stock-based-compensation,common-stock-dividends-paid
0,2018-09-30,26.55,$6.44,4.12,$15.80,1.68,$-7.22,0.0,$-1.65,0.0,$0.68B,$0.30B,2.31,$0.35B,$0.47B,0.75,$1.14B,$0.42B,36.87%,$1.14B,$0.09B,7.99%,$1.14B,$0.09B,7.99%,$1.14B,$0.13B,11.76%,$1.14B,$-0.01B,-0.79%,$1.14B,$-0.09B,-8.25%,$-0.09B,$0.47B,-19.68%,$-0.09B,$0.16B,-52.44%,$-0.09B,$1.29B,-6.44%,$0.09B,$0.81B,9.99%,$296,$186,$110,$5,$67,$273,$24,$-9,$15,$8,$7,$7,$25,$34,$24,$72,73,$0.35,$0.35,$301,$116,$50,$680,$220,$0,$302,$33,$610,$1290,$295,$347,$69,$531,$826,$1,$540,$-113,$465,$1290,$-9,$33,$-96,$-64,$-6,$-13,$-2,$-6,$-28,$-101,$-41,$0,$-30,$0,$0,$0,$-3,$-73,$-240,$0,$-240,$4,$4,$0,$-8,$-244,$-421,$5,$0
1,2018-06-30,28.95,$6.22,4.66,$15.67,1.85,$-6.06,0.0,$7.56,3.83,$0.67B,$0.31B,2.2,$0.35B,$0.45B,0.77,$1.13B,$0.42B,37.07%,$1.13B,$0.05B,4.71%,$1.13B,$0.05B,4.71%,$1.13B,$0.10B,8.53%,$1.13B,$-0.06B,-5.07%,$1.13B,$0.54B,48.00%,$0.54B,$0.45B,107.04%,$0.54B,$0.14B,249.71%,$0.54B,$1.29B,34.36%,$0.05B,$0.80B,5.40%,$303,$191,$112,$5,$78,$273,$29,$-64,$-34,$-5,$-29,$-29,$-28,$40,$29,$72,72,$-0.39,$-0.39,$289,$115,$53,$673,$217,$0,$307,$34,$612,$1285,$306,$347,$69,$531,$836,$1,$514,$-104,$449,$1285,$-34,$22,$-76,$-55,$-3,$-11,$5,$-37,$-46,$-135,$-28,$0,$-30,$0,$0,$0,$-3,$-60,$-233,$0,$-233,$4,$4,$0,$-7,$-237,$-432,$5,$0
2,2018-03-31,29.05,$7.01,4.15,$15.42,1.88,$-4.33,0.0,$7.88,3.69,$0.96B,$0.35B,2.71,$0.52B,$0.51B,1.03,$1.11B,$0.42B,37.87%,$1.11B,$0.05B,4.51%,$1.11B,$0.05B,4.51%,$1.11B,$0.09B,8.21%,$1.11B,$-0.02B,-1.35%,$1.11B,$0.56B,50.77%,$0.56B,$0.51B,156.93%,$0.56B,$0.21B,668.25%,$0.56B,$1.57B,36.01%,$0.05B,$1.03B,5.29%,$250,$163,$88,$5,$75,$242,$8,$-8,$-0,$14,$-14,$-14,$-7,$19,$8,$72,72,$-0.09,$-0.09,$593,$115,$54,$957,$220,$0,$294,$39,$608,$1565,$353,$520,$73,$707,$1060,$1,$542,$-71,$505,$1565,$-7,$11,$-106,$-96,$26,$-7,$-1,$-33,$-16,$-118,$-14,$0,$0,$0,$0,$0,$-3,$-18,$-2,$0,$-2,$3,$3,$0,$-0,$1,$-129,$2,$0
3,2017-12-31,31.9,$6.86,4.65,$15.11,2.11,$-2.86,0.0,$7.73,4.13,$1.11B,$0.48B,2.31,$0.52B,$0.49B,1.06,$1.08B,$0.42B,38.47%,$1.08B,$0.05B,4.52%,$1.08B,$0.05B,4.52%,$1.08B,$0.09B,8.12%,$1.08B,$-0.03B,-2.58%,$1.08B,$0.55B,51.01%,$0.55B,$0.49B,279.29%,$0.55B,$0.20B,-1242.70%,$0.55B,$1.70B,38.36%,$0.05B,$1.01B,5.77%,$290,$179,$110,$5,$75,$259,$30,$-21,$10,$78,$-69,$-69,$-84,$41,$30,$72,72,$-1.16,$-1.16,$722,$106,$68,$1113,$217,$0,$290,$27,$590,$1703,$483,$520,$94,$728,$1211,$1,$549,$-86,$492,$1703,$554,$40,$-584,$-544,$-45,$-11,$31,$-24,$-49,$-40,$-45,$0,$-118,$0,$0,$0,$1046,$882,$-297,$0,$-297,$7,$7,$0,$-1,$-291,$558,$9,$0
4,2017-09-30,30.7,$7.99,3.84,$14.70,2.09,$-0.47,0.0,$8.95,3.43,$1.17B,$0.46B,2.52,$0.52B,$0.57B,0.91,$1.06B,$0.41B,38.39%,$1.06B,$0.04B,4.17%,$1.06B,$0.04B,4.17%,$1.06B,$0.08B,7.68%,$1.06B,$-0.05B,-4.64%,$1.06B,$0.64B,60.66%,$0.64B,$0.57B,1590.06%,$0.64B,$0.31B,-372.63%,$0.64B,$1.73B,49.68%,$0.04B,$1.09B,5.81%,$282,$176,$107,$5,$76,$296,$-14,$-19,$-33,$-15,$-18,$-18,$659,$-4,$-14,$72,72,$9.21,$9.21,$771,$108,$76,$1165,$209,$0,$261,$31,$568,$1733,$463,$520,$36,$698,$1161,$1,$633,$-85,$572,$1733,$638,$29,$-657,$-628,$-40,$-13,$19,$-0,$-35,$-24,$-32,$0,$-85,$0,$0,$0,$1041,$924,$-297,$0,$-297,$5,$5,$0,$-1,$-292,$608,$7,$0
5,2017-06-30,30.5,$-1.88,-16.26,$14.41,2.12,$0.92,33.27,$0.04,762.5,$0.64B,$0.46B,1.39,$0.78B,$-0.13B,-5.83,$1.04B,$0.41B,39.29%,$1.04B,$0.09B,9.07%,$1.04B,$0.09B,9.07%,$1.04B,$0.13B,12.45%,$1.04B,$-0.00B,-0.19%,$1.04B,$0.00B,0.19%,$0.00B,$-0.13B,-1.51%,$0.00B,$-0.39B,-0.64%,$0.00B,$1.25B,0.18%,$0.09B,$0.65B,14.45%,$287,$172,$115,$5,$73,$262,$26,$-18,$8,$7,$1,$1,$-5,$35,$26,$72,73,$-0.07,$-0.07,$128,$104,$194,$637,$203,$0,$253,$87,$616,$1252,$459,$782,$36,$927,$1386,$1,$-26,$-131,$-134,$1252,$-22,$19,$23,$42,$-35,$-12,$17,$-8,$-37,$-16,$-22,$0,$-85,$0,$0,$0,$-0,$-107,$101,$0,$101,$5,$5,$0,$-0,$106,$-16,$5,$0
6,2017-03-31,32.65,$-1.93,-16.94,$14.44,2.26,$1.85,17.65,$0.53,61.6,$0.55B,$0.29B,1.88,$0.78B,$-0.14B,-5.68,$1.03B,$0.41B,39.69%,$1.03B,$0.11B,10.94%,$1.03B,$0.11B,10.94%,$1.03B,$0.15B,14.23%,$1.03B,$0.02B,1.45%,$1.03B,$0.04B,3.58%,$0.04B,$-0.14B,-27.16%,$0.04B,$-0.30B,-12.78%,$0.04B,$1.08B,3.47%,$0.11B,$0.65B,17.47%,$225,$140,$85,$5,$73,$219,$7,$-20,$-13,$12,$-25,$-25,$-17,$16,$7,$71,71,$-0.24,$-0.24,$110,$101,$173,$554,$192,$0,$166,$86,$524,$1078,$294,$783,$35,$921,$1215,$1,$-22,$-135,$-138,$1078,$-17,$9,$16,$25,$-0,$-13,$17,$-26,$-22,$-14,$-13,$0,$0,$0,$0,$0,$1,$-12,$-11,$0,$-11,$3,$3,$0,$0,$-8,$-32,$2,$0
7,2016-12-31,26.75,$-1.96,-13.68,$14.62,1.83,$2.39,11.21,$1.01,26.49,$0.55B,$0.31B,1.78,$0.78B,$-0.14B,-5.63,$1.05B,$0.42B,39.96%,$1.05B,$0.13B,12.52%,$1.05B,$0.13B,12.52%,$1.05B,$0.16B,15.68%,$1.05B,$0.04B,3.44%,$1.05B,$0.07B,6.88%,$0.07B,$-0.14B,-48.90%,$0.07B,$-0.31B,-24.53%,$0.07B,$1.09B,6.90%,$0.13B,$0.64B,20.59%,$261,$164,$98,$5,$67,$236,$26,$-36,$-11,$-3,$-8,$-8,$3,$34,$26,$71,72,$0.05,$0.05,$147,$89,$151,$554,$193,$0,$168,$78,$536,$1090,$312,$783,$35,$917,$1229,$1,$-5,$-148,$-139,$1090,$74,$33,$-1,$32,$-10,$-4,$6,$32,$23,$128,$-41,$0,$-47,$0,$0,$0,$-3,$-91,$813,$0,$813,$2,$2,$0,$-784,$32,$65,$7,$0
