,Date,Stock Price,Book Value per Share,Price to Book Ratio,TTM Sales per Share,Price to Sales Ratio,TTM FCF per Share,Price to FCF Ratio,TTM Net EPS,PE Ratio,Current Assets,Current Liabilities,Current Ratio,Long Term Debt,Shareholder's Equity_x,Debt to Equity Ratio,TTM Revenue_x,TTM Gross Profit,Gross Margin,TTM Revenue_y,TTM Operating Income,Operating Margin,TTM Revenue_x,TTM EBIT,EBIT Margin,TTM Revenue_y,TTM EBITDA,EBITDA Margin,TTM Revenue_x,TTM Pre-Tax Income,Pre-Tax Margin,TTM Revenue_y,TTM Net Income_x,Net Margin,TTM Net Income_y,Shareholder's Equity_y,Return on Equity,TTM Net Income_x,Tangible Equity,Return on Tangible Equity,TTM Net Income_y,Total Assets,Return on Assets,TTM Net Income,LT Investments & Debt,Return on Investment,revenue,cost-goods-sold,gross-profit,research-development-expenses,selling-general-administrative-expenses,operating-expenses,operating-income,total-non-operating-income-expense,pre-tax-income,total-provision-income-taxes,income-after-taxes,income-from-continuous-operations,net-income,ebitda,ebit,basic-shares-outstanding,shares-outstanding,eps-basic-net-earnings-per-share,eps-earnings-per-share-diluted,cash-on-hand,inventory,other-current-assets,total-current-assets,net-property-plant-equipment,long-term-investments,goodwill-intangible-assets-total,other-long-term-assets,total-long-term-assets,total-assets,total-current-liabilities,long-term-debt,other-non-current-liabilities,total-long-term-liabilities,total-liabilities,common-stock-net,retained-earnings-accumulated-deficit,comprehensive-income,total-share-holder-equity,total-liabilities-share-holders-equity,net-income-loss,total-depreciation-amortization-cash-flow,other-non-cash-items,total-non-cash-items,change-in-accounts-receivable,change-in-inventories,change-in-accounts-payable,change-in-assets-liabilities,total-change-in-assets-liabilities,cash-flow-from-operating-activities,net-change-in-property-plant-equipment,net-change-in-intangible-assets,net-acquisitions-divestitures,net-change-in-short-term-investments,net-change-in-long-term-investments,net-change-in-investments-total,investing-activities-other,cash-flow-from-investing-activities,net-long-term-debt,net-current-debt,debt-issuance-retirement-net-total,net-common-equity-issued-repurchased,net-total-equity-issued-repurchased,total-common-preferred-stock-dividends-paid,financial-activities-other,cash-flow-from-financial-activities,net-cash-flow,stock-based-compensation,common-stock-dividends-paid
0,2018-07-31,54.45,$24.14,2.26,$80.55,0.68,$1.06,51.37,$3.45,15.78,$1.08B,$0.68B,1.58,$1.02B,$1.16B,0.88,$3.85B,$0.77B,19.88%,$3.85B,$0.30B,7.86%,$3.85B,$0.30B,7.86%,$3.85B,$0.43B,11.13%,$3.85B,$0.26B,6.67%,$3.85B,$0.11B,2.72%,$0.11B,$1.16B,9.41%,$0.11B,$0.29B,45.95%,$0.11B,$3.30B,3.18%,$0.30B,$2.18B,14.34%,$1012,$795,$217,$0,$100,$898,$114,$-17,$97,$26,$71,$72,$68,$146,$114,$48,48,$1.42,$1.42,$101,$334,$127,$1075,$1182,$0,$871,$149,$2224,$3299,$680,$1020,$158,$1462,$2142,$151,$1454,$-354,$1157,$3299,$184,$97,$-71,$25,$-36,$-61,$24,$-80,$-152,$56,$-87,$0,$1,$0,$0,$0,$0,$-86,$78,$-9,$70,$0,$0,$-79,$0,$-9,$-41,$0,$-79
1,2018-04-30,58.08,$23.55,2.47,$79.54,0.73,$2.59,22.41,$3.04,19.1,$1.09B,$0.67B,1.63,$1.02B,$1.13B,0.9,$3.80B,$0.74B,19.35%,$3.80B,$0.28B,7.36%,$3.80B,$0.28B,7.36%,$3.80B,$0.40B,10.54%,$3.80B,$0.23B,6.15%,$3.80B,$0.08B,2.13%,$0.08B,$1.13B,7.45%,$0.08B,$0.24B,40.00%,$0.08B,$3.35B,2.45%,$0.28B,$2.15B,13.42%,$968,$773,$195,$0,$103,$881,$88,$-16,$72,$21,$51,$52,$45,$120,$88,$48,48,$0.94,$0.94,$108,$353,$114,$1089,$1190,$0,$889,$154,$2258,$3347,$667,$1021,$164,$1550,$2218,$150,$1410,$-339,$1129,$3347,$112,$64,$-70,$-5,$-15,$-68,$-2,$-18,$-103,$5,$-53,$0,$1,$0,$0,$0,$0,$-51,$70,$-5,$65,$0,$0,$-53,$0,$12,$-34,$0,$-53
2,2018-01-31,58.21,$23.51,2.48,$77.89,0.75,$3.13,18.59,$2.88,20.21,$1.04B,$0.63B,1.65,$1.01B,$1.13B,0.9,$3.72B,$0.72B,19.42%,$3.72B,$0.27B,7.36%,$3.72B,$0.27B,7.36%,$3.72B,$0.39B,10.58%,$3.72B,$0.23B,6.04%,$3.72B,$0.07B,1.93%,$0.07B,$1.13B,6.85%,$0.07B,$0.22B,40.06%,$0.07B,$3.33B,2.19%,$0.27B,$2.14B,13.34%,$906,$734,$172,$0,$104,$840,$66,$-21,$45,$-16,$60,$60,$57,$97,$66,$48,48,$1.18,$1.18,$94,$337,$111,$1044,$1203,$0,$904,$152,$2284,$3328,$633,$1011,$173,$1568,$2202,$149,$1391,$-317,$1127,$3328,$60,$32,$-65,$-34,$8,$-48,$-26,$-15,$-80,$-54,$-25,$0,$1,$0,$0,$0,$0,$-23,$58,$-6,$52,$0,$0,$-25,$-3,$25,$-48,$0,$-25
3,2017-10-31,54.3,$21.89,2.48,$76.11,0.71,$3.39,16.0,$2.02,26.88,$1.00B,$0.69B,1.45,$0.94B,$1.05B,0.9,$3.64B,$0.71B,19.63%,$3.64B,$0.27B,7.53%,$3.64B,$0.27B,7.53%,$3.64B,$0.39B,10.80%,$3.64B,$0.20B,5.50%,$3.64B,$0.02B,0.55%,$0.02B,$1.05B,1.98%,$0.02B,$0.16B,12.82%,$0.02B,$3.23B,0.62%,$0.27B,$1.99B,13.50%,$968,$786,$182,$0,$94,$933,$35,$8,$43,$5,$38,$40,$-65,$66,$35,$48,48,$-1.36,$-1.36,$142,$280,$90,$995,$1188,$0,$883,$145,$2238,$3232,$688,$938,$129,$1497,$2185,$144,$1361,$-358,$1048,$3232,$135,$121,$51,$171,$-47,$-7,$21,$31,$-3,$305,$-97,$0,$6,$0,$0,$0,$0,$-90,$-186,$-36,$-223,$0,$0,$-103,$150,$-176,$39,$0,$-103
4,2017-07-31,54.45,$21.79,2.5,$73.97,0.74,$3.25,16.77,$1.59,34.25,$1.13B,$0.72B,1.56,$1.03B,$1.04B,0.99,$3.54B,$0.72B,20.21%,$3.54B,$0.29B,8.28%,$3.54B,$0.29B,8.28%,$3.54B,$0.41B,11.67%,$3.54B,$0.19B,5.43%,$3.54B,$-0.00B,-0.14%,$-0.00B,$1.04B,-0.51%,$-0.00B,$0.18B,-3.84%,$-0.00B,$3.34B,-0.15%,$0.29B,$2.08B,14.52%,$962,$775,$187,$0,$93,$871,$91,$-16,$74,$27,$47,$48,$44,$118,$91,$48,48,$0.92,$0.92,$95,$337,$78,$1125,$1169,$0,$859,$146,$2212,$3337,$719,$1034,$135,$1575,$2294,$144,$1355,$-331,$1043,$3337,$95,$89,$17,$107,$-56,$-61,$20,$-2,$-98,$105,$-63,$0,$5,$0,$0,$0,$0,$-58,$-92,$-31,$-123,$0,$0,$-78,$150,$-51,$-9,$0,$-78
5,2017-04-30,56.48,$20.63,2.74,$71.53,0.79,$4.22,13.39,$1.63,34.65,$1.07B,$0.66B,1.61,$1.03B,$0.99B,1.05,$3.42B,$0.71B,20.61%,$3.42B,$0.27B,8.01%,$3.42B,$0.27B,8.01%,$3.42B,$0.40B,11.63%,$3.42B,$0.17B,4.88%,$3.42B,$-0.00B,-0.09%,$-0.00B,$0.99B,-0.31%,$-0.00B,$0.15B,-2.85%,$-0.00B,$3.23B,-0.09%,$0.27B,$2.02B,14.15%,$887,$706,$182,$0,$97,$806,$82,$-19,$63,$23,$40,$40,$36,$113,$82,$48,48,$0.75,$0.75,$87,$331,$87,$1066,$1141,$0,$838,$145,$2160,$3226,$660,$1034,$134,$1579,$2239,$144,$1332,$-361,$987,$3226,$48,$62,$16,$78,$-37,$-60,$4,$-19,$-112,$16,$-38,$0,$1,$0,$0,$0,$0,$-37,$-71,$-14,$-85,$0,$0,$-53,$150,$13,$-17,$0,$-53
6,2017-01-31,55.05,$20.18,2.73,$70.49,0.78,$4.88,11.27,$1.55,35.52,$1.04B,$0.62B,1.67,$1.08B,$0.97B,1.11,$3.37B,$0.70B,20.66%,$3.37B,$0.28B,8.15%,$3.37B,$0.28B,8.15%,$3.37B,$0.40B,11.86%,$3.37B,$0.17B,4.89%,$3.37B,$-0.01B,-0.24%,$-0.01B,$0.97B,-0.82%,$-0.01B,$0.13B,-9.20%,$-0.01B,$3.20B,-0.25%,$0.28B,$2.04B,14.66%,$821,$658,$163,$0,$97,$755,$66,$-46,$20,$12,$8,$8,$5,$96,$66,$48,48,$0.11,$0.11,$107,$304,$86,$1037,$1136,$0,$837,$157,$2162,$3199,$620,$1075,$133,$1614,$2234,$143,$1321,$-373,$965,$3199,$8,$31,$12,$42,$-2,$-37,$-26,$-29,$-94,$-44,$-22,$0,$1,$0,$0,$0,$0,$-21,$6,$-10,$-4,$0,$0,$-25,$102,$73,$3,$0,$-25
7,2016-10-31,44.46,$20.04,2.22,$69.46,0.64,$5.11,8.7,$1.26,35.28,$0.91B,$0.66B,1.38,$0.98B,$0.96B,1.02,$3.32B,$0.69B,20.61%,$3.32B,$0.23B,6.83%,$3.32B,$0.23B,6.83%,$3.32B,$0.35B,10.65%,$3.32B,$0.14B,4.24%,$3.32B,$-0.02B,-0.72%,$-0.02B,$0.96B,-2.45%,$-0.02B,$0.06B,-35.56%,$-0.02B,$3.15B,-0.76%,$0.23B,$1.93B,12.05%,$868,$684,$183,$0,$97,$814,$54,$-19,$35,$28,$7,$7,$-90,$86,$54,$48,48,$-1.89,$-1.89,$104,$277,$102,$912,$1172,$0,$897,$141,$2241,$3153,$659,$975,$134,$1536,$2195,$141,$1340,$-398,$958,$3153,$76,$128,$51,$178,$-19,$3,$39,$23,$47,$301,$-99,$0,$23,$0,$0,$0,$51,$-25,$-17,$5,$-12,$-5,$-5,$-104,$-152,$-273,$-3,$0,$-104
8,2016-07-31,37.74,$20.80,1.81,$69.51,0.54,$2.60,14.49,$1.33,28.37,$0.95B,$0.91B,1.04,$0.76B,$0.99B,0.76,$3.32B,$0.67B,20.16%,$3.32B,$0.21B,6.17%,$3.32B,$0.21B,6.17%,$3.32B,$0.33B,10.05%,$3.32B,$0.12B,3.52%,$3.32B,$0.00B,0.12%,$0.00B,$0.99B,0.40%,$0.00B,$0.08B,4.86%,$0.00B,$3.18B,0.12%,$0.21B,$1.75B,10.54%,$845,$669,$177,$0,$93,$773,$72,$-23,$49,$4,$46,$46,$46,$103,$72,$48,48,$0.96,$0.96,$94,$289,$12,$946,$1173,$0,$911,$143,$2238,$3184,$914,$759,$135,$1275,$2190,$141,$1355,$-379,$994,$3184,$69,$96,$26,$122,$-30,$-4,$7,$-22,$-48,$158,$-70,$0,$23,$0,$0,$0,$51,$5,$-18,$9,$-10,$-5,$-5,$-79,$-78,$-171,$-12,$0,$-79
9,2016-04-30,32.28,$20.94,1.54,$71.29,0.45,$0.21,156.19,$0.70,46.12,$0.93B,$0.91B,1.02,$0.78B,$1.00B,0.78,$3.41B,$0.66B,19.36%,$3.41B,$0.18B,5.19%,$3.41B,$0.18B,5.19%,$3.41B,$0.31B,9.01%,$3.41B,$0.10B,2.79%,$3.41B,$-0.03B,-0.97%,$-0.03B,$1.00B,-3.21%,$-0.03B,$0.08B,-33.85%,$-0.03B,$3.21B,-1.01%,$0.18B,$1.78B,8.56%,$840,$666,$174,$0,$95,$757,$83,$-22,$61,$29,$33,$33,$31,$115,$83,$48,48,$0.66,$0.66,$90,$290,$9,$928,$1198,$0,$925,$143,$2279,$3207,$909,$777,$135,$1298,$2207,$141,$1335,$-358,$1001,$3207,$23,$64,$21,$85,$-13,$-1,$-13,$-24,$-50,$58,$-48,$0,$23,$0,$0,$0,$51,$26,$-29,$6,$-23,$-5,$-5,$-51,$-22,$-101,$-17,$0,$-51
10,2016-01-31,24.24,$20.02,1.21,$72.92,0.33,$-1.72,0.0,$0.52,46.61,$0.92B,$0.57B,1.62,$1.11B,$0.96B,1.16,$3.49B,$0.67B,19.14%,$3.49B,$0.15B,4.16%,$3.49B,$0.15B,4.16%,$3.49B,$0.28B,7.98%,$3.49B,$0.06B,1.84%,$3.49B,$-0.04B,-1.23%,$-0.04B,$0.96B,-4.08%,$-0.04B,$0.05B,-37.31%,$-0.04B,$3.16B,-1.29%,$0.15B,$2.07B,6.65%,$771,$620,$151,$0,$93,$754,$18,$-22,$-4,$6,$-10,$-10,$-11,$50,$18,$48,48,$-0.23,$-0.23,$65,$296,$28,$922,$1186,$0,$909,$139,$2241,$3163,$570,$1112,$124,$1635,$2205,$140,$1330,$-400,$958,$3163,$-10,$32,$32,$65,$18,$-6,$-47,$-16,$-51,$-26,$-29,$0,$1,$0,$0,$0,$44,$17,$28,$-1,$26,$0,$0,$-25,$-29,$-27,$-41,$0,$-25
11,2015-10-31,29.66,$22.17,1.34,$75.70,0.39,$-2.42,0.0,$1.23,24.11,$1.01B,$0.65B,1.56,$1.12B,$1.06B,1.05,$3.62B,$0.67B,18.53%,$3.62B,$0.19B,5.31%,$3.62B,$0.19B,5.31%,$3.62B,$0.33B,9.07%,$3.62B,$0.11B,3.15%,$3.62B,$-0.03B,-0.72%,$-0.03B,$1.06B,-2.36%,$-0.03B,$0.12B,-18.25%,$-0.03B,$3.32B,-0.76%,$0.19B,$2.18B,8.60%,$869,$701,$168,$0,$96,$836,$32,$-21,$11,$3,$9,$9,$-62,$66,$32,$48,48,$-1.30,$-1.30,$106,$297,$17,$1009,$1218,$0,$940,$142,$2307,$3316,$647,$1116,$122,$1609,$2256,$139,$1385,$-377,$1060,$3316,$67,$135,$41,$176,$40,$39,$-57,$-56,$-34,$206,$-125,$0,$18,$0,$0,$0,$-40,$-147,$42,$3,$45,$0,$0,$-103,$38,$-20,$21,$0,$-103
12,2015-07-31,27.71,$22.85,1.21,$79.55,0.35,$-1.68,0.0,$1.17,23.68,$1.08B,$0.70B,1.55,$1.16B,$1.09B,1.06,$3.80B,$0.71B,18.57%,$3.80B,$0.20B,5.19%,$3.80B,$0.20B,5.19%,$3.80B,$0.34B,8.90%,$3.80B,$0.12B,3.08%,$3.80B,$-0.05B,-1.42%,$-0.05B,$1.09B,-4.73%,$-0.05B,$0.14B,-34.45%,$-0.05B,$3.42B,-1.54%,$0.20B,$2.25B,8.69%,$930,$763,$167,$0,$97,$886,$44,$-17,$27,$19,$9,$9,$9,$76,$44,$48,48,$0.18,$0.18,$102,$335,$25,$1080,$1233,$0,$948,$128,$2335,$3415,$696,$1155,$109,$1626,$2323,$139,$1397,$-357,$1093,$3415,$58,$101,$8,$109,$3,$12,$-75,$-12,$-72,$73,$-100,$0,$17,$0,$0,$0,$3,$-79,$67,$18,$85,$0,$0,$-78,$36,$43,$17,$0,$-78
13,2015-04-30,36.05,$23.09,1.56,$83.66,0.43,$-0.98,0.0,$1.23,29.31,$1.07B,$0.71B,1.51,$1.13B,$1.10B,1.02,$3.99B,$0.76B,18.95%,$3.99B,$0.21B,5.36%,$3.99B,$0.21B,5.36%,$3.99B,$0.36B,9.07%,$3.99B,$0.13B,3.23%,$3.99B,$-0.05B,-1.23%,$-0.05B,$1.10B,-4.03%,$-0.05B,$0.15B,-26.89%,$-0.05B,$3.42B,-1.35%,$0.21B,$2.23B,9.08%,$916,$735,$181,$0,$109,$865,$51,$-21,$30,$10,$21,$21,$21,$86,$51,$48,48,$0.44,$0.44,$67,$363,$21,$1071,$1233,$0,$957,$134,$2350,$3421,$710,$1127,$118,$1607,$2317,$139,$1413,$-359,$1104,$3421,$49,$69,$-13,$57,$15,$-12,$-82,$-7,$-86,$-27,$-56,$0,$12,$0,$0,$0,$0,$-44,$43,$29,$72,$0,$0,$-51,$37,$58,$-18,$0,$-51
14,2015-01-31,33.42,$24.03,1.39,$86.84,0.38,$0.38,87.86,$1.49,22.43,$1.07B,$0.73B,1.47,$1.13B,$1.15B,0.98,$4.14B,$0.78B,18.82%,$4.14B,$0.24B,5.85%,$4.14B,$0.24B,5.85%,$4.14B,$0.40B,9.54%,$4.14B,$0.16B,3.77%,$4.14B,$-0.03B,-0.77%,$-0.03B,$1.15B,-2.48%,$-0.03B,$0.16B,-16.52%,$-0.03B,$3.51B,-0.85%,$0.24B,$2.28B,9.77%,$902,$748,$154,$0,$112,$837,$65,$-20,$46,$18,$28,$28,$6,$100,$65,$48,48,$0.12,$0.12,$56,$382,$20,$1072,$1279,$0,$989,$153,$2435,$3508,$729,$1128,$131,$1630,$2359,$138,$1417,$-329,$1148,$3508,$28,$35,$-19,$16,$18,$-22,$-55,$-44,$-103,$-60,$-29,$0,$3,$0,$0,$0,$0,$-26,$41,$14,$55,$0,$0,$-25,$29,$60,$-29,$0,$-25
15,2014-10-31,38.2,$25.63,1.49,$88.96,0.43,$0.33,114.96,$1.48,25.81,$1.14B,$0.85B,1.34,$1.09B,$1.22B,0.89,$4.24B,$0.81B,19.13%,$4.24B,$0.25B,5.85%,$4.24B,$0.25B,5.85%,$4.24B,$0.41B,9.58%,$4.24B,$0.16B,3.73%,$4.24B,$-0.01B,-0.17%,$-0.01B,$1.22B,-0.52%,$-0.01B,$0.18B,-3.62%,$-0.01B,$3.67B,-0.18%,$0.25B,$2.31B,9.58%,$1048,$845,$203,$0,$114,$1011,$38,$-23,$14,$51,$-37,$-36,$-90,$76,$38,$48,48,$-1.89,$-1.89,$85,$381,$13,$1139,$1308,$0,$1047,$152,$2528,$3667,$852,$1087,$133,$1593,$2444,$136,$1412,$-274,$1223,$3667,$45,$156,$58,$213,$-45,$-29,$69,$9,$4,$262,$-145,$0,$62,$0,$0,$0,$14,$-69,$-67,$8,$-58,$2,$2,$-99,$-25,$-181,$7,$0,$-99
16,2014-07-31,43.12,$28.99,1.49,$87.84,0.49,$0.96,44.79,$1.96,22.0,$1.24B,$0.87B,1.42,$1.23B,$1.38B,0.89,$4.19B,$0.83B,19.93%,$4.19B,$0.31B,7.36%,$4.19B,$0.31B,7.36%,$4.19B,$0.47B,11.16%,$4.19B,$0.21B,5.11%,$4.19B,$0.12B,2.80%,$0.12B,$1.38B,8.43%,$0.12B,$0.25B,59.02%,$0.12B,$3.95B,2.97%,$0.31B,$2.61B,11.59%,$1124,$906,$218,$0,$129,$1063,$61,$-22,$39,$28,$11,$12,$14,$100,$61,$48,48,$0.29,$0.29,$65,$411,$64,$1235,$1369,$0,$1138,$169,$2717,$3951,$870,$1229,$132,$1698,$2567,$135,$1448,$-196,$1384,$3951,$80,$117,$-2,$115,$-60,$-50,$29,$3,$-79,$117,$-110,$0,$-23,$0,$0,$0,$1,$-132,$2,$37,$39,$2,$2,$-74,$36,$3,$-13,$0,$-74
17,2014-04-30,46.21,$29.57,1.56,$88.01,0.53,$1.81,25.5,$2.55,18.12,$1.17B,$0.81B,1.45,$1.30B,$1.41B,0.92,$4.19B,$0.83B,19.88%,$4.19B,$0.34B,8.21%,$4.19B,$0.34B,8.21%,$4.19B,$0.50B,12.00%,$4.19B,$0.25B,5.94%,$4.19B,$0.15B,3.58%,$0.15B,$1.41B,10.91%,$0.15B,$0.19B,84.03%,$0.15B,$4.00B,3.82%,$0.34B,$2.71B,12.99%,$1066,$861,$204,$0,$133,$986,$79,$-23,$57,$20,$37,$37,$38,$119,$79,$48,48,$0.81,$0.81,$87,$407,$5,$1170,$1395,$0,$1217,$169,$2827,$3997,$806,$1301,$137,$1781,$2587,$134,$1460,$-186,$1410,$3997,$69,$79,$-20,$58,$-18,$-39,$10,$-38,$-85,$42,$-59,$0,$-52,$0,$0,$0,$1,$-111,$66,$27,$93,$1,$1,$-51,$36,$79,$9,$0,$-51
18,2014-01-31,42.82,$28.86,1.48,$88.60,0.48,$1.95,21.94,$2.64,16.22,$1.12B,$0.73B,1.53,$1.35B,$1.38B,0.98,$4.21B,$0.83B,19.74%,$4.21B,$0.35B,8.28%,$4.21B,$0.35B,8.28%,$4.21B,$0.51B,12.03%,$4.21B,$0.25B,6.03%,$4.21B,$0.15B,3.61%,$0.15B,$1.38B,11.20%,$0.15B,$0.16B,88.12%,$0.15B,$3.93B,3.90%,$0.35B,$2.72B,13.31%,$1002,$815,$186,$0,$121,$930,$71,$-23,$48,$17,$32,$32,$31,$111,$71,$48,48,$0.64,$0.64,$82,$398,$0,$1115,$1390,$0,$1216,$170,$2818,$3932,$731,$1346,$130,$1827,$2558,$132,$1449,$-192,$1375,$3932,$32,$39,$-8,$31,$-3,$-39,$-51,$-32,$-125,$-63,$-28,$0,$-52,$0,$0,$0,$0,$-80,$132,$32,$164,$0,$0,$-24,$11,$151,$4,$0,$-24
19,2013-10-31,44.87,$29.00,1.55,$88.79,0.51,$1.83,24.58,$2.56,17.53,$1.10B,$0.81B,1.36,$1.21B,$1.38B,0.88,$4.22B,$0.83B,19.73%,$4.22B,$0.34B,8.10%,$4.22B,$0.34B,8.10%,$4.22B,$0.50B,11.85%,$4.22B,$0.24B,5.78%,$4.22B,$0.15B,3.44%,$0.15B,$1.38B,10.76%,$0.15B,$0.20B,85.42%,$0.15B,$3.89B,3.71%,$0.34B,$2.59B,13.14%,$993,$767,$226,$0,$115,$896,$97,$-27,$70,$40,$30,$32,$34,$137,$97,$48,48,$0.72,$0.72,$78,$374,$2,$1100,$1397,$0,$1184,$165,$2786,$3887,$809,$1207,$143,$1697,$2507,$129,$1419,$-153,$1380,$3887,$148,$158,$11,$169,$-36,$-3,$-37,$-12,$-87,$250,$-104,$0,$0,$0,$0,$0,$3,$-101,$-13,$-30,$-43,$1,$1,$-98,$-20,$-160,$-13,$0,$-98
20,2013-07-31,46.02,$28.07,1.64,$87.67,0.52,$5.46,8.44,$2.38,19.34,$1.13B,$0.82B,1.39,$1.24B,$1.34B,0.93,$4.16B,$0.80B,19.24%,$4.16B,$0.31B,7.35%,$4.16B,$0.31B,7.35%,$4.16B,$0.46B,11.14%,$4.16B,$0.21B,4.97%,$4.16B,$0.18B,4.32%,$0.18B,$1.34B,13.53%,$0.18B,$0.17B,116.32%,$0.18B,$3.89B,4.62%,$0.31B,$2.58B,11.87%,$1130,$912,$217,$0,$118,$1033,$97,$-23,$74,$26,$48,$49,$47,$136,$97,$48,48,$0.98,$0.98,$95,$400,$2,$1134,$1402,$0,$1168,$166,$2760,$3894,$819,$1241,$152,$1740,$2559,$128,$1432,$-210,$1335,$3894,$116,$118,$-2,$116,$-49,$-31,$-29,$-4,$-113,$119,$-71,$0,$0,$0,$0,$0,$3,$-69,$43,$-30,$14,$1,$1,$-74,$17,$-42,$3,$0,$-74
21,2013-04-30,39.76,$28.13,1.41,$87.21,0.46,$8.98,4.43,$2.28,17.44,$1.12B,$0.78B,1.43,$1.27B,$1.34B,0.95,$4.14B,$0.79B,19.00%,$4.14B,$0.29B,7.11%,$4.14B,$0.29B,7.11%,$4.14B,$0.45B,10.88%,$4.14B,$0.20B,4.79%,$4.14B,$0.15B,3.53%,$0.15B,$1.34B,10.94%,$0.15B,$0.17B,89.71%,$0.15B,$3.89B,3.74%,$0.29B,$2.61B,11.44%,$1089,$886,$203,$0,$122,$1005,$84,$-22,$62,$20,$42,$42,$40,$123,$84,$48,48,$0.85,$0.85,$86,$393,$7,$1124,$1406,$0,$1168,$171,$2770,$3893,$784,$1269,$160,$1772,$2556,$128,$1421,$-202,$1338,$3893,$67,$78,$-3,$75,$-20,$-19,$-40,$-25,$-104,$39,$-50,$0,$0,$0,$0,$0,$1,$-49,$73,$-36,$37,$1,$1,$-49,$17,$5,$-6,$0,$-49
22,2013-01-31,38.47,$28.19,1.36,$87.45,0.44,$11.38,3.38,$2.21,17.41,$1.13B,$0.80B,1.42,$1.31B,$1.34B,0.98,$4.15B,$0.79B,19.01%,$4.15B,$0.29B,6.95%,$4.15B,$0.29B,6.95%,$4.15B,$0.45B,10.73%,$4.15B,$0.19B,4.53%,$4.15B,$0.12B,2.92%,$0.12B,$1.34B,8.94%,$0.12B,$0.15B,68.36%,$0.12B,$3.94B,3.07%,$0.29B,$2.64B,11.10%,$1009,$822,$187,$0,$123,$945,$64,$-26,$38,$13,$25,$25,$24,$104,$64,$47,48,$0.50,$0.50,$92,$389,$8,$1127,$1426,$0,$1192,$170,$2816,$3943,$796,$1305,$158,$1809,$2605,$126,$1405,$-185,$1338,$3943,$25,$40,$3,$42,$14,$-10,$-79,$-61,$-137,$-69,$-28,$0,$0,$0,$0,$0,$0,$-27,$114,$6,$120,$0,$0,$-24,$-0,$95,$-0,$0,$-24
23,2012-10-31,34.04,$27.65,1.23,$87.21,0.39,$12.69,2.68,$2.19,15.54,$1.06B,$0.87B,1.22,$1.18B,$1.31B,0.9,$4.13B,$0.78B,18.84%,$4.13B,$0.28B,6.78%,$4.13B,$0.28B,6.78%,$4.13B,$0.44B,10.56%,$4.13B,$0.18B,4.46%,$4.13B,$0.12B,2.88%,$0.12B,$1.31B,8.71%,$0.12B,$0.14B,61.58%,$0.12B,$3.85B,3.00%,$0.28B,$2.49B,10.65%,$936,$741,$194,$0,$121,$874,$61,$-29,$33,$10,$23,$23,$69,$101,$61,$47,47,$1.45,$1.46,$92,$374,$0,$1055,$1425,$0,$1175,$169,$2798,$3853,$867,$1175,$160,$1675,$2543,$124,$1395,$-196,$1311,$3853,$124,$156,$15,$170,$97,$40,$3,$42,$182,$473,$-156,$0,$0,$0,$0,$0,$2,$-154,$-183,$-43,$-226,$2,$2,$-98,$-30,$-352,$-36,$0,$-98
24,2012-07-31,34.77,$28.52,1.22,$91.35,0.38,$6.77,5.14,$2.10,16.56,$1.15B,$0.83B,1.38,$1.20B,$1.35B,0.89,$4.33B,$0.79B,18.22%,$4.33B,$0.28B,6.52%,$4.33B,$0.28B,6.52%,$4.33B,$0.44B,10.15%,$4.33B,$0.19B,4.32%,$4.33B,$0.07B,1.53%,$0.07B,$1.35B,4.80%,$0.07B,$0.20B,35.29%,$0.07B,$3.91B,1.63%,$0.28B,$2.55B,10.50%,$1103,$901,$202,$0,$117,$1018,$85,$-20,$65,$25,$40,$39,$13,$122,$85,$47,47,$0.27,$0.27,$92,$398,$7,$1148,$1395,$0,$1151,$140,$2766,$3914,$833,$1198,$232,$1731,$2564,$122,$1416,$-190,$1350,$3914,$99,$116,$-29,$87,$50,$12,$9,$79,$150,$334,$-120,$0,$0,$0,$0,$0,$1,$-119,$-142,$-21,$-163,$1,$1,$-73,$-11,$-246,$-36,$0,$-73
25,2012-04-30,42.68,$29.86,1.43,$91.71,0.47,$0.55,78.16,$2.47,17.28,$1.19B,$0.80B,1.48,$1.29B,$1.41B,0.91,$4.35B,$0.80B,18.34%,$4.35B,$0.31B,7.02%,$4.35B,$0.31B,7.02%,$4.35B,$0.46B,10.59%,$4.35B,$0.21B,4.76%,$4.35B,$0.12B,2.76%,$0.12B,$1.41B,8.54%,$0.12B,$0.23B,48.68%,$0.12B,$4.03B,2.95%,$0.31B,$2.70B,11.17%,$1098,$893,$206,$0,$119,$1020,$78,$-26,$52,$15,$37,$39,$15,$118,$78,$47,47,$0.32,$0.31,$105,$386,$13,$1187,$1419,$0,$1186,$154,$2843,$4030,$803,$1286,$232,$1816,$2618,$121,$1414,$-130,$1412,$4030,$62,$78,$-20,$59,$42,$39,$-30,$-8,$43,$179,$-76,$0,$0,$0,$0,$0,$-12,$-88,$-33,$-14,$-47,$1,$1,$-49,$-16,$-112,$-23,$0,$-49
26,2012-01-31,38.24,$29.46,1.3,$90.66,0.42,$-3.35,0.0,$2.71,14.11,$1.24B,$0.76B,1.62,$1.39B,$1.39B,1.0,$4.30B,$0.80B,18.59%,$4.30B,$0.32B,7.40%,$4.30B,$0.32B,7.40%,$4.30B,$0.47B,10.89%,$4.30B,$0.22B,5.12%,$4.30B,$0.16B,3.63%,$0.16B,$1.39B,11.07%,$0.16B,$0.21B,48.60%,$0.16B,$4.07B,3.91%,$0.32B,$2.78B,11.84%,$993,$815,$177,$0,$113,$936,$57,$-23,$34,$11,$23,$23,$22,$95,$57,$47,47,$0.46,$0.46,$104,$395,$10,$1236,$1421,$0,$1180,$145,$2830,$4066,$761,$1388,$225,$1913,$2674,$120,$1401,$-131,$1392,$4066,$23,$39,$-9,$30,$10,$30,$-81,$3,$-38,$14,$-48,$0,$0,$0,$0,$0,$-13,$-61,$95,$-13,$81,$0,$0,$-24,$-32,$25,$-23,$0,$-24
27,2011-10-31,35.01,$28.50,1.23,$89.54,0.39,$-4.86,0.0,$3.01,11.63,$1.29B,$0.93B,1.38,$1.37B,$1.34B,1.02,$4.25B,$0.80B,18.78%,$4.25B,$0.33B,7.79%,$4.25B,$0.33B,7.79%,$4.25B,$0.48B,11.18%,$4.25B,$0.24B,5.65%,$4.25B,$0.18B,4.12%,$0.18B,$1.34B,12.52%,$0.18B,$0.11B,45.13%,$0.18B,$4.19B,4.54%,$0.33B,$2.71B,12.77%,$1132,$928,$204,$0,$120,$1069,$63,$-26,$36,$22,$14,$17,$16,$104,$63,$47,47,$0.34,$0.35,$127,$429,$9,$1285,$1435,$0,$1231,$144,$2904,$4189,$932,$1371,$250,$1915,$2847,$114,$1376,$-144,$1342,$4189,$178,$144,$-5,$139,$-21,$17,$-8,$-130,$-141,$172,$-135,$-1,$-345,$0,$0,$0,$-20,$-500,$394,$74,$468,$-13,$-13,$-98,$-9,$348,$20,$0,$-98
28,2011-07-31,47.31,$31.13,1.52,$86.58,0.55,$-5.02,0.0,$3.95,11.98,$1.38B,$0.87B,1.58,$1.26B,$1.47B,0.85,$4.11B,$0.80B,19.41%,$4.11B,$0.37B,9.00%,$4.11B,$0.37B,9.00%,$4.11B,$0.50B,12.26%,$4.11B,$0.29B,6.93%,$4.11B,$0.23B,5.55%,$0.23B,$1.47B,16.33%,$0.23B,$0.44B,48.18%,$0.23B,$4.00B,6.19%,$0.37B,$2.73B,14.88%,$1122,$911,$211,$0,$109,$1014,$108,$-23,$85,$17,$67,$69,$67,$143,$108,$47,48,$1.41,$1.41,$109,$485,$23,$1375,$1388,$0,$1036,$151,$2629,$4004,$872,$1256,$145,$1659,$2531,$111,$1405,$-33,$1473,$4004,$160,$103,$-28,$75,$-42,$-44,$-64,$-62,$-212,$23,$-103,$-1,$-186,$0,$0,$0,$-21,$-311,$312,$55,$368,$-1,$-1,$-73,$-10,$283,$2,$0,$-73
29,2011-04-30,47.81,$30.25,1.58,$82.38,0.58,$-5.21,0.0,$4.00,11.95,$1.26B,$0.78B,1.61,$1.09B,$1.43B,0.76,$3.91B,$0.78B,19.90%,$3.91B,$0.36B,9.16%,$3.91B,$0.36B,9.16%,$3.91B,$0.48B,12.38%,$3.91B,$0.28B,7.14%,$3.91B,$0.23B,5.81%,$0.23B,$1.43B,17.20%,$0.23B,$0.52B,50.06%,$0.23B,$3.71B,6.51%,$0.36B,$2.52B,15.34%,$1051,$843,$207,$0,$114,$959,$91,$-26,$65,$15,$51,$51,$51,$126,$91,$47,48,$1.07,$1.07,$96,$456,$20,$1261,$1346,$0,$903,$169,$2452,$3714,$783,$1088,$154,$1503,$2286,$109,$1367,$-10,$1428,$3714,$92,$68,$-12,$55,$-24,$-44,$-48,$-43,$-160,$-13,$-69,$-1,$-29,$0,$0,$0,$-22,$-120,$147,$41,$188,$-3,$-3,$-49,$-19,$118,$-11,$0,$-49
30,2011-01-31,48.21,$28.52,1.69,$77.89,0.62,$-6.30,0.0,$3.86,12.49,$1.19B,$0.69B,1.72,$1.07B,$1.35B,0.79,$3.70B,$0.74B,20.02%,$3.70B,$0.34B,9.20%,$3.70B,$0.34B,9.20%,$3.70B,$0.46B,12.39%,$3.70B,$0.27B,7.28%,$3.70B,$0.22B,5.93%,$0.22B,$1.35B,17.85%,$0.22B,$0.48B,55.58%,$0.22B,$3.53B,6.60%,$0.34B,$2.41B,15.40%,$944,$768,$176,$0,$107,$875,$69,$-15,$54,$13,$41,$41,$41,$102,$69,$47,48,$0.88,$0.87,$118,$415,$21,$1189,$1292,$0,$868,$148,$2339,$3528,$689,$1066,$157,$1492,$2181,$109,$1341,$-63,$1347,$3528,$41,$33,$-5,$28,$6,$-18,$-74,$-52,$-138,$-68,$-38,$0,$0,$0,$0,$0,$-1,$-39,$150,$27,$178,$0,$0,$-24,$-37,$117,$11,$0,$-24
31,2010-10-31,44.61,$28.32,1.58,$73.00,0.61,$-6.47,0.0,$3.58,12.46,$1.15B,$0.78B,1.47,$0.95B,$1.34B,0.71,$3.46B,$0.70B,20.28%,$3.46B,$0.32B,9.30%,$3.46B,$0.32B,9.30%,$3.46B,$0.44B,12.59%,$3.46B,$0.25B,7.16%,$3.46B,$0.20B,5.86%,$0.20B,$1.34B,17.41%,$0.20B,$0.45B,56.08%,$0.20B,$3.50B,6.44%,$0.32B,$2.29B,15.33%,$994,$790,$204,$0,$101,$892,$102,$-21,$81,$12,$69,$70,$69,$133,$102,$47,47,$1.46,$1.46,$107,$397,$12,$1149,$1292,$0,$883,$144,$2349,$3498,$781,$953,$160,$1381,$2163,$106,$1323,$-78,$1336,$3498,$209,$116,$2,$118,$-53,$-76,$45,$-4,$-89,$178,$-148,$0,$-278,$0,$0,$0,$0,$-425,$94,$4,$98,$-1,$-1,$-93,$240,$244,$-5,$0,$-93
32,2010-07-31,44.97,$24.80,1.81,$68.17,0.66,$-3.05,0.0,$3.63,12.39,$1.08B,$0.68B,1.59,$0.95B,$1.17B,0.81,$3.23B,$0.67B,20.66%,$3.23B,$0.33B,10.16%,$3.23B,$0.33B,10.16%,$3.23B,$0.44B,13.60%,$3.23B,$0.26B,7.93%,$3.23B,$0.21B,6.44%,$0.21B,$1.17B,18.76%,$0.21B,$0.36B,60.38%,$0.21B,$3.22B,6.97%,$0.33B,$2.12B,16.52%,$921,$730,$191,$0,$90,$826,$96,$-17,$79,$14,$65,$68,$66,$123,$96,$47,47,$1.40,$1.39,$84,$353,$25,$1079,$1175,$0,$812,$151,$2139,$3217,$680,$949,$155,$1368,$2048,$105,$1271,$-100,$1169,$3217,$139,$85,$-3,$82,$-84,$-93,$-71,$43,$-203,$18,$-108,$0,$-153,$0,$0,$0,$0,$-260,$121,$21,$141,$-2,$-2,$-69,$147,$218,$-28,$0,$-69
33,2010-04-30,44.32,$22.38,1.98,$63.95,0.69,$-0.69,0.0,$3.19,13.89,$0.97B,$0.61B,1.58,$0.96B,$1.06B,0.91,$3.03B,$0.62B,20.33%,$3.03B,$0.30B,9.88%,$3.03B,$0.30B,9.88%,$3.03B,$0.41B,13.49%,$3.03B,$0.23B,7.54%,$3.03B,$0.18B,5.95%,$0.18B,$1.06B,16.79%,$0.18B,$0.29B,51.69%,$0.18B,$3.04B,6.32%,$0.30B,$2.01B,15.68%,$837,$668,$169,$0,$92,$764,$73,$-18,$55,$11,$45,$45,$43,$100,$73,$47,47,$0.91,$0.90,$85,$303,$30,$968,$1151,$0,$768,$150,$2070,$3037,$611,$955,$151,$1372,$1983,$104,$1230,$-178,$1055,$3037,$71,$57,$2,$59,$-45,$-46,$-100,$15,$-186,$-56,$-77,$0,$-114,$0,$0,$0,$0,$-191,$138,$21,$160,$0,$0,$-44,$109,$224,$-27,$0,$-44
34,2010-01-31,35.96,$23.46,1.53,$60.09,0.6,$-0.04,0.0,$2.67,13.47,$0.83B,$0.45B,1.84,$0.88B,$1.10B,0.8,$2.84B,$0.54B,19.15%,$2.84B,$0.24B,8.43%,$2.84B,$0.24B,8.43%,$2.84B,$0.35B,12.17%,$2.84B,$0.17B,6.14%,$2.84B,$0.14B,4.90%,$0.14B,$1.10B,13.15%,$0.14B,$0.35B,37.90%,$0.14B,$2.86B,5.08%,$0.24B,$1.98B,12.85%,$710,$572,$138,$0,$82,$659,$51,$-18,$33,$7,$26,$26,$25,$80,$51,$47,47,$0.53,$0.52,$89,$254,$33,$831,$1122,$0,$754,$154,$2029,$2860,$452,$879,$157,$1304,$1756,$103,$1210,$-104,$1104,$2860,$26,$30,$3,$32,$12,$-20,$-148,$42,$-141,$-83,$-31,$0,$-58,$0,$0,$0,$0,$-89,$79,$13,$92,$0,$0,$-22,$83,$154,$-22,$0,$-22
35,2009-10-31,39.5,$23.58,1.68,$59.39,0.67,$-0.66,0.0,$2.27,17.4,$0.85B,$0.56B,1.5,$0.72B,$1.11B,0.65,$2.79B,$0.50B,17.91%,$2.79B,$0.20B,7.16%,$2.79B,$0.20B,7.16%,$2.79B,$0.30B,10.82%,$2.79B,$0.14B,4.98%,$2.79B,$0.11B,4.01%,$0.11B,$1.11B,10.84%,$0.11B,$0.38B,29.87%,$0.11B,$2.82B,4.17%,$0.20B,$1.83B,11.11%,$760,$592,$169,$0,$76,$652,$108,$-19,$89,$14,$75,$75,$74,$136,$108,$47,47,$1.58,$1.57,$112,$239,$32,$845,$1092,$0,$723,$137,$1979,$2824,$562,$721,$170,$1155,$1717,$97,$1207,$-88,$1107,$2824,$114,$103,$-27,$76,$73,$109,$-73,$-12,$77,$267,$-75,$-5,$-91,$0,$0,$0,$0,$-171,$187,$-26,$161,$-1,$-1,$-88,$-137,$-65,$34,$0,$-88
36,2009-07-31,37.63,$21.82,1.72,$64.27,0.59,$-3.56,0.0,$1.95,19.3,$0.79B,$0.49B,1.62,$0.78B,$1.02B,0.77,$3.02B,$0.54B,17.69%,$3.02B,$0.19B,6.18%,$3.02B,$0.19B,6.18%,$3.02B,$0.29B,9.56%,$3.02B,$0.14B,4.76%,$3.02B,$0.11B,3.51%,$0.11B,$1.02B,10.38%,$0.11B,$0.37B,27.27%,$0.11B,$2.67B,3.98%,$0.19B,$1.81B,10.53%,$718,$578,$139,$0,$67,$651,$67,$-16,$51,$11,$39,$40,$38,$92,$67,$47,47,$0.80,$0.80,$86,$221,$31,$789,$1075,$0,$650,$156,$1882,$2670,$486,$784,$151,$1162,$1648,$95,$1142,$-99,$1023,$2670,$39,$75,$2,$77,$79,$119,$-168,$-23,$-27,$89,$-67,$-10,$-33,$0,$0,$0,$0,$-110,$109,$1,$110,$-2,$-2,$-66,$-13,$29,$8,$0,$-66
37,2009-04-30,32.89,$21.24,1.55,$70.98,0.46,$-4.67,0.0,$2.37,13.88,$0.76B,$0.41B,1.87,$0.83B,$1.00B,0.83,$3.34B,$0.59B,17.63%,$3.34B,$0.22B,6.62%,$3.34B,$0.22B,6.62%,$3.34B,$0.33B,9.73%,$3.34B,$0.18B,5.36%,$3.34B,$0.13B,3.98%,$0.13B,$1.00B,12.88%,$0.13B,$0.36B,33.50%,$0.13B,$2.60B,4.85%,$0.22B,$1.82B,12.49%,$648,$551,$97,$0,$66,$635,$13,$-12,$1,$-1,$2,$2,$2,$37,$13,$47,47,$0.03,$0.03,$67,$244,$24,$756,$1050,$0,$634,$158,$1841,$2597,$405,$828,$142,$1197,$1603,$94,$1125,$-109,$995,$2597,$-0,$50,$15,$64,$82,$78,$-243,$-35,$-158,$-53,$-49,$0,$-19,$0,$0,$0,$0,$-68,$155,$14,$170,$-3,$-3,$-44,$-8,$115,$-11,$0,$-44
38,2009-01-31,21.71,$21.55,1.01,$76.61,0.28,$-3.99,0.0,$2.98,7.29,$0.82B,$0.53B,1.55,$0.74B,$1.01B,0.73,$3.61B,$0.65B,18.03%,$3.61B,$0.28B,7.65%,$3.61B,$0.28B,7.65%,$3.61B,$0.38B,10.61%,$3.61B,$0.24B,6.70%,$3.61B,$0.18B,4.99%,$0.18B,$1.01B,17.32%,$0.18B,$0.38B,44.89%,$0.18B,$2.65B,6.45%,$0.28B,$1.75B,15.78%,$666,$571,$95,$0,$58,$655,$12,$-14,$-2,$-1,$-1,$-2,$-2,$37,$12,$47,47,$-0.05,$-0.05,$56,$297,$29,$818,$1052,$0,$625,$156,$1833,$2651,$529,$736,$145,$1113,$1642,$94,$1135,$-104,$1009,$2651,$-2,$25,$16,$42,$70,$7,$-115,$-54,$-144,$-116,$-25,$0,$-3,$0,$0,$0,$0,$-28,$62,$87,$150,$-3,$-3,$-22,$0,$125,$-22,$0,$-22
39,2008-10-31,28.78,$22.64,1.27,$80.22,0.36,$-2.63,0.0,$3.98,7.23,$0.92B,$0.67B,1.37,$0.67B,$1.06B,0.64,$3.79B,$0.70B,18.58%,$3.79B,$0.32B,8.47%,$3.79B,$0.32B,8.47%,$3.79B,$0.43B,11.32%,$3.79B,$0.32B,8.52%,$3.79B,$0.24B,6.41%,$0.24B,$1.06B,23.40%,$0.24B,$0.44B,61.09%,$0.24B,$2.75B,8.65%,$0.32B,$1.73B,18.44%,$992,$788,$204,$0,$87,$897,$95,$-1,$94,$25,$70,$73,$68,$123,$95,$47,47,$1.46,$1.45,$78,$304,$21,$923,$1066,$0,$617,$139,$1823,$2746,$672,$673,$119,$1018,$1690,$86,$1155,$-73,$1056,$2746,$247,$106,$-41,$66,$-66,$-103,$40,$-51,$-173,$140,$-85,$-9,$-100,$0,$0,$0,$33,$-161,$46,$23,$69,$-17,$-17,$-77,$4,$-20,$-46,$0,$-77
40,2008-07-31,42.89,$22.98,1.87,$78.08,0.55,$2.55,16.81,$3.88,11.05,$1.08B,$0.80B,1.36,$0.71B,$1.07B,0.66,$3.69B,$0.67B,18.16%,$3.69B,$0.30B,8.24%,$3.69B,$0.30B,8.24%,$3.69B,$0.41B,11.11%,$3.69B,$0.30B,8.18%,$3.69B,$0.23B,6.23%,$0.23B,$1.07B,22.46%,$0.23B,$0.41B,58.86%,$0.23B,$2.98B,8.25%,$0.30B,$1.78B,17.73%,$1034,$841,$193,$0,$88,$933,$101,$-15,$86,$20,$66,$65,$65,$128,$101,$47,47,$1.38,$1.36,$99,$341,$19,$1080,$1114,$0,$666,$113,$1897,$2977,$796,$708,$268,$1109,$1905,$82,$1117,$-18,$1072,$2977,$174,$79,$-126,$-47,$-104,$-75,$65,$106,$-14,$23,$-53,$-4,$-74,$0,$0,$0,$33,$-98,$84,$31,$115,$-13,$-13,$-54,$0,$47,$-24,$0,$-54
41,2008-04-30,45.28,$21.83,2.07,$74.69,0.61,$5.26,8.62,$3.60,12.58,$0.93B,$0.65B,1.44,$0.72B,$1.02B,0.71,$3.53B,$0.64B,18.10%,$3.53B,$0.28B,7.99%,$3.53B,$0.28B,7.99%,$3.53B,$0.38B,10.88%,$3.53B,$0.28B,8.02%,$3.53B,$0.21B,6.06%,$0.21B,$1.02B,21.70%,$0.21B,$0.38B,55.62%,$0.21B,$2.79B,7.96%,$0.28B,$1.74B,16.90%,$918,$759,$159,$0,$83,$850,$68,$-4,$64,$15,$50,$49,$49,$95,$68,$47,47,$1.03,$1.03,$97,$288,$16,$931,$1105,$0,$644,$108,$1860,$2791,$647,$722,$269,$1124,$1771,$81,$1074,$-33,$1020,$2791,$109,$53,$-121,$-68,$-41,$-29,$-19,$95,$-7,$-50,$-20,$0,$-67,$0,$0,$0,$33,$-53,$84,$30,$114,$-8,$-8,$-32,$0,$74,$-27,$0,$-32
42,2008-01-31,45.74,$21.46,2.13,$72.49,0.63,$7.16,6.38,$3.10,14.75,$0.91B,$0.63B,1.45,$0.71B,$1.01B,0.71,$3.43B,$0.62B,18.18%,$3.43B,$0.28B,8.02%,$3.43B,$0.28B,8.02%,$3.43B,$0.38B,11.00%,$3.43B,$0.25B,7.15%,$3.43B,$0.18B,5.37%,$0.18B,$1.01B,19.30%,$0.18B,$0.37B,48.77%,$0.18B,$2.73B,6.99%,$0.28B,$1.71B,16.81%,$846,$698,$148,$0,$81,$789,$57,$22,$79,$19,$60,$61,$61,$83,$57,$47,47,$1.30,$1.28,$107,$265,$11,$905,$1074,$0,$633,$109,$1820,$2725,$625,$708,$254,$1096,$1720,$79,$1042,$-24,$1005,$2725,$61,$26,$-110,$-84,$-20,$-12,$-8,$-13,$-80,$-85,$6,$0,$-69,$0,$0,$0,$0,$-63,$88,$58,$146,$2,$2,$-16,$0,$131,$-16,$0,$-16
43,2007-10-31,44.2,$21.41,2.06,$70.52,0.63,$8.27,5.35,$2.65,16.68,$0.84B,$0.65B,1.3,$0.62B,$1.00B,0.62,$3.33B,$0.61B,18.16%,$3.33B,$0.27B,8.13%,$3.33B,$0.27B,8.13%,$3.33B,$0.37B,11.22%,$3.33B,$0.21B,6.36%,$3.33B,$0.16B,4.71%,$0.16B,$1.00B,17.08%,$0.16B,$0.41B,41.81%,$0.16B,$2.65B,6.08%,$0.27B,$1.62B,16.88%,$892,$721,$170,$0,$84,$814,$78,$-5,$73,$17,$56,$55,$55,$104,$78,$47,47,$1.21,$1.17,$124,$243,$12,$842,$1075,$0,$590,$110,$1811,$2653,$649,$623,$162,$1004,$1653,$75,$1004,$12,$1000,$2653,$156,$102,$5,$107,$43,$24,$29,$23,$133,$392,$-93,$-4,$-347,$0,$0,$0,$-32,$-475,$121,$-14,$107,$8,$8,$-53,$-51,$10,$-63,$0,$-53
44,2007-07-31,38.02,$19.72,1.93,$67.35,0.56,$5.38,7.06,$2.43,15.65,$0.82B,$0.59B,1.39,$0.68B,$0.92B,0.74,$3.18B,$0.58B,18.20%,$3.18B,$0.26B,8.15%,$3.18B,$0.26B,8.15%,$3.18B,$0.36B,11.27%,$3.18B,$0.20B,6.27%,$3.18B,$0.14B,4.53%,$0.14B,$0.92B,16.36%,$0.14B,$0.38B,36.32%,$0.14B,$2.58B,5.84%,$0.26B,$1.60B,16.92%,$874,$712,$162,$0,$77,$795,$79,$-12,$67,$18,$49,$49,$49,$102,$79,$47,47,$1.04,$1.03,$97,$248,$5,$816,$1061,$0,$537,$137,$1767,$2583,$587,$676,$158,$1077,$1664,$69,$966,$-24,$919,$2583,$101,$76,$9,$85,$4,$-11,$21,$-33,$-21,$166,$-68,$0,$-313,$0,$0,$0,$-30,$-411,$195,$18,$213,$3,$3,$-37,$-17,$161,$-90,$0,$-37
45,2007-04-30,38.26,$19.08,2.01,$63.61,0.6,$5.34,7.16,$2.26,16.93,$0.83B,$0.53B,1.56,$0.72B,$0.89B,0.81,$2.99B,$0.55B,18.48%,$2.99B,$0.24B,7.99%,$2.99B,$0.24B,7.99%,$2.99B,$0.34B,11.23%,$2.99B,$0.19B,6.32%,$2.99B,$0.13B,4.45%,$0.13B,$0.89B,15.68%,$0.13B,$0.35B,31.22%,$0.13B,$2.57B,5.71%,$0.24B,$1.61B,16.66%,$815,$673,$143,$0,$78,$754,$61,$-35,$26,$7,$19,$19,$19,$88,$61,$47,47,$0.39,$0.39,$115,$247,$5,$827,$1046,$0,$543,$124,$1746,$2573,$532,$723,$158,$1152,$1684,$68,$933,$-25,$889,$2573,$53,$53,$40,$93,$17,$-7,$-5,$-56,$-64,$82,$-62,$0,$-311,$0,$0,$0,$-30,$-402,$242,$47,$288,$4,$4,$-21,$-17,$254,$-72,$0,$-21
46,2007-01-31,39.2,$18.58,2.11,$59.67,0.66,$5.32,7.37,$2.43,16.13,$0.80B,$0.52B,1.54,$0.72B,$0.87B,0.83,$2.80B,$0.52B,18.56%,$2.80B,$0.22B,7.69%,$2.80B,$0.22B,7.69%,$2.80B,$0.31B,11.01%,$2.80B,$0.21B,7.37%,$2.80B,$0.14B,5.11%,$0.14B,$0.87B,17.46%,$0.14B,$0.36B,31.00%,$0.14B,$2.52B,6.56%,$0.22B,$1.59B,16.05%,$751,$621,$130,$0,$75,$697,$53,$-8,$46,$12,$34,$34,$34,$80,$53,$47,47,$0.72,$0.72,$78,$260,$14,$798,$1047,$0,$504,$138,$1726,$2524,$518,$722,$137,$1138,$1657,$67,$925,$-44,$868,$2524,$34,$26,$20,$46,$14,$-17,$-33,$-43,$-103,$2,$-29,$0,$-311,$0,$0,$0,$-30,$-370,$219,$42,$261,$9,$9,$-10,$0,$260,$-109,$0,$-10
47,2006-10-31,32.03,$18.23,1.76,$56.18,0.57,$5.25,6.11,$2.42,13.24,$0.79B,$0.49B,1.61,$0.48B,$0.84B,0.57,$2.63B,$0.48B,18.23%,$2.63B,$0.19B,7.12%,$2.63B,$0.19B,7.12%,$2.63B,$0.28B,10.54%,$2.63B,$0.21B,7.91%,$2.63B,$0.14B,5.40%,$0.14B,$0.84B,17.93%,$0.14B,$0.49B,29.07%,$0.14B,$2.19B,7.01%,$0.19B,$1.33B,15.01%,$736,$592,$143,$0,$67,$670,$66,$-6,$60,$18,$42,$42,$42,$88,$66,$46,47,$0.91,$0.89,$187,$205,$3,$793,$941,$0,$350,$103,$1395,$2188,$491,$481,$121,$853,$1344,$57,$901,$-32,$844,$2188,$142,$90,$-40,$50,$-29,$-7,$40,$-23,$3,$229,$-67,$0,$-108,$0,$0,$0,$3,$-173,$42,$11,$52,$-2,$-2,$-35,$0,$16,$65,$0,$-35
