,Date,Stock Price,Book Value per Share,Price to Book Ratio,TTM Sales per Share,Price to Sales Ratio,TTM FCF per Share,Price to FCF Ratio,TTM Net EPS,PE Ratio,Current Assets,Current Liabilities,Current Ratio,Long Term Debt,Shareholder's Equity_x,Debt to Equity Ratio,TTM Revenue_x,TTM Gross Profit,Gross Margin,TTM Revenue_y,TTM Operating Income,Operating Margin,TTM Revenue_x,TTM EBIT,EBIT Margin,TTM Revenue_y,TTM EBITDA,EBITDA Margin,TTM Revenue_x,TTM Pre-Tax Income,Pre-Tax Margin,TTM Revenue_y,TTM Net Income_x,Net Margin,TTM Net Income_y,Shareholder's Equity_y,Return on Equity,TTM Net Income_x,Tangible Equity,Return on Tangible Equity,TTM Net Income_y,Total Assets,Return on Assets,TTM Net Income,LT Investments & Debt,Return on Investment,revenue,cost-goods-sold,gross-profit,research-development-expenses,selling-general-administrative-expenses,operating-expenses,operating-income,total-non-operating-income-expense,pre-tax-income,total-provision-income-taxes,income-after-taxes,income-from-continuous-operations,net-income,ebitda,ebit,basic-shares-outstanding,shares-outstanding,eps-basic-net-earnings-per-share,eps-earnings-per-share-diluted,cash-on-hand,inventory,other-current-assets,total-current-assets,net-property-plant-equipment,long-term-investments,goodwill-intangible-assets-total,other-long-term-assets,total-long-term-assets,total-assets,total-current-liabilities,long-term-debt,other-non-current-liabilities,total-long-term-liabilities,total-liabilities,common-stock-net,retained-earnings-accumulated-deficit,comprehensive-income,total-share-holder-equity,total-liabilities-share-holders-equity,net-income-loss,total-depreciation-amortization-cash-flow,other-non-cash-items,total-non-cash-items,change-in-accounts-receivable,change-in-inventories,change-in-accounts-payable,change-in-assets-liabilities,total-change-in-assets-liabilities,cash-flow-from-operating-activities,net-change-in-property-plant-equipment,net-change-in-intangible-assets,net-acquisitions-divestitures,net-change-in-short-term-investments,net-change-in-long-term-investments,net-change-in-investments-total,investing-activities-other,cash-flow-from-investing-activities,net-long-term-debt,net-current-debt,debt-issuance-retirement-net-total,net-common-equity-issued-repurchased,net-total-equity-issued-repurchased,total-common-preferred-stock-dividends-paid,financial-activities-other,cash-flow-from-financial-activities,net-cash-flow,stock-based-compensation,common-stock-dividends-paid
0,2018-06-30,16.15,$9.53,1.69,$6.57,2.46,$0.50,32.24,$0.67,24.1,$0.14B,$0.01B,14.95,$0.00B,$0.14B,0.0,$0.10B,$0.02B,24.74%,$0.10B,$0.01B,11.34%,$0.10B,$0.01B,11.34%,$0.10B,$0.01B,12.37%,$0.10B,$0.01B,12.37%,$0.10B,$0.01B,10.31%,$0.01B,$0.14B,7.49%,$0.01B,$0.14B,7.49%,$0.01B,$0.15B,6.85%,$0.01B,$0.14B,8.24%,$24,$18,$6,$1,$2,$21,$3,$-0,$3,$1,$3,$3,$3,$4,$3,$14,15,$0.19,$0.18,$113,$16,$8,$140,$8,$0,$0,$0,$8,$148,$9,$0,$0,$1,$10,$1,$125,$0,$138,$148,$9,$1,$-1,$0,$-0,$0,$2,$-6,$-4,$5,$-3,$0,$0,$0,$0,$0,$0,$-3,$0,$0,$0,$0,$0,$0,$0,$0,$2,$0,$0
1,2018-03-31,16.1,$9.35,1.72,$6.54,2.46,$0.86,18.73,$0.67,24.03,$0.14B,$0.01B,12.34,$0.00B,$0.14B,0.0,$0.10B,$0.03B,25.77%,$0.10B,$0.01B,12.37%,$0.10B,$0.01B,12.37%,$0.10B,$0.01B,12.37%,$0.10B,$0.01B,13.40%,$0.10B,$0.01B,10.31%,$0.01B,$0.14B,7.63%,$0.01B,$0.14B,7.63%,$0.01B,$0.15B,6.93%,$0.01B,$0.14B,9.16%,$31,$22,$9,$1,$3,$26,$5,$-0,$5,$1,$4,$4,$4,$5,$5,$14,15,$0.26,$0.26,$111,$15,$11,$140,$8,$0,$0,$0,$8,$147,$11,$0,$0,$1,$12,$1,$122,$0,$135,$147,$6,$1,$-1,$-0,$-1,$2,$2,$-7,$-3,$2,$-3,$0,$0,$0,$0,$0,$0,$-3,$0,$0,$0,$0,$0,$0,$0,$0,$-0,$0,$0
2,2017-12-31,16.55,$9.09,1.82,$5.99,2.76,$1.48,11.16,$0.64,25.86,$0.14B,$0.01B,10.31,$0.00B,$0.13B,0.0,$0.09B,$0.02B,25.84%,$0.09B,$0.01B,12.36%,$0.09B,$0.01B,12.36%,$0.09B,$0.01B,12.36%,$0.09B,$0.01B,14.61%,$0.09B,$0.01B,10.11%,$0.01B,$0.13B,7.00%,$0.01B,$0.13B,7.00%,$0.01B,$0.15B,6.33%,$0.01B,$0.13B,8.56%,$23,$18,$5,$1,$3,$21,$2,$0,$2,$-0,$2,$2,$2,$2,$2,$14,15,$0.16,$0.16,$113,$17,$6,$138,$7,$0,$0,$0,$7,$146,$13,$0,$0,$1,$14,$1,$119,$0,$132,$146,$2,$0,$-1,$-0,$-0,$-0,$2,$0,$2,$4,$-2,$0,$0,$0,$0,$0,$0,$-2,$0,$0,$0,$0,$0,$0,$0,$0,$2,$0,$0
3,2017-09-30,17.65,$8.94,1.97,$5.50,3.21,$1.53,11.54,$0.58,30.43,$0.14B,$0.01B,11.08,$0.00B,$0.13B,0.0,$0.08B,$0.02B,26.83%,$0.08B,$0.01B,13.41%,$0.08B,$0.01B,13.41%,$0.08B,$0.01B,13.41%,$0.08B,$0.01B,15.85%,$0.08B,$0.01B,9.76%,$0.01B,$0.13B,6.35%,$0.01B,$0.13B,6.35%,$0.01B,$0.14B,5.75%,$0.01B,$0.13B,8.73%,$19,$15,$4,$1,$2,$18,$1,$1,$2,$1,$1,$1,$1,$1,$1,$14,15,$0.06,$0.06,$111,$17,$7,$137,$6,$0,$0,$0,$6,$143,$12,$0,$0,$2,$14,$1,$116,$0,$129,$143,$8,$1,$1,$3,$-0,$-5,$-0,$2,$-3,$6,$-2,$0,$0,$0,$0,$0,$0,$-2,$0,$0,$0,$0,$0,$0,$0,$0,$5,$0,$0
4,2017-06-30,16.2,$8.87,1.83,$5.26,3.08,$1.68,9.62,$0.63,25.71,$0.14B,$0.01B,10.57,$0.00B,$0.13B,0.0,$0.08B,$0.02B,28.21%,$0.08B,$0.01B,14.10%,$0.08B,$0.01B,14.10%,$0.08B,$0.01B,14.10%,$0.08B,$0.01B,15.38%,$0.08B,$0.01B,11.54%,$0.01B,$0.13B,7.27%,$0.01B,$0.13B,7.27%,$0.01B,$0.14B,6.63%,$0.01B,$0.13B,8.89%,$24,$17,$7,$1,$2,$20,$4,$-0,$4,$1,$3,$3,$3,$4,$4,$14,15,$0.18,$0.18,$112,$15,$5,$136,$5,$0,$0,$0,$5,$141,$13,$0,$0,$0,$13,$1,$115,$0,$128,$141,$7,$1,$0,$1,$-0,$-4,$1,$3,$1,$8,$-1,$0,$0,$0,$0,$0,$0,$-1,$0,$0,$0,$0,$0,$0,$0,$0,$7,$0,$0
5,2017-03-31,14.95,$8.69,1.72,$5.01,2.98,$1.19,12.58,$0.67,22.31,$0.13B,$0.01B,10.24,$0.00B,$0.13B,0.0,$0.07B,$0.02B,27.03%,$0.07B,$0.01B,13.51%,$0.07B,$0.01B,13.51%,$0.07B,$0.01B,13.51%,$0.07B,$0.01B,14.86%,$0.07B,$0.01B,10.81%,$0.01B,$0.13B,6.60%,$0.01B,$0.13B,6.60%,$0.01B,$0.14B,6.06%,$0.01B,$0.13B,8.25%,$23,$16,$7,$0,$2,$18,$4,$1,$5,$1,$3,$3,$3,$4,$4,$14,15,$0.24,$0.23,$114,$15,$2,$133,$5,$0,$0,$0,$5,$139,$13,$0,$0,$0,$13,$1,$113,$0,$125,$139,$5,$1,$0,$1,$-1,$-3,$2,$6,$5,$9,$-0,$0,$0,$0,$0,$0,$0,$-0,$0,$0,$0,$0,$0,$0,$0,$0,$9,$0,$0
6,2016-12-31,15.7,$8.46,1.86,$4.99,3.15,$1.00,15.74,$0.55,28.38,$0.13B,$0.01B,10.94,$0.00B,$0.12B,0.0,$0.07B,$0.02B,24.66%,$0.07B,$0.01B,12.33%,$0.07B,$0.01B,12.33%,$0.07B,$0.01B,12.33%,$0.07B,$0.01B,12.33%,$0.07B,$0.01B,9.59%,$0.01B,$0.12B,5.88%,$0.01B,$0.12B,5.88%,$0.01B,$0.13B,5.43%,$0.01B,$0.12B,7.56%,$16,$12,$4,$0,$2,$14,$2,$0,$2,$1,$1,$1,$1,$2,$2,$14,15,$0.10,$0.10,$107,$13,$7,$129,$5,$0,$0,$0,$5,$134,$12,$0,$0,$0,$12,$1,$109,$0,$122,$134,$1,$0,$0,$0,$0,$-1,$0,$1,$1,$3,$-0,$0,$0,$0,$0,$0,$0,$-0,$0,$0,$0,$0,$0,$0,$0,$0,$2,$0,$0
7,2016-09-30,11.98,$8.36,1.43,$4.83,2.48,$0.78,15.31,$0.56,21.39,$0.12B,$0.01B,15.07,$0.00B,$0.12B,0.0,$0.07B,$0.02B,24.29%,$0.07B,$0.01B,11.43%,$0.07B,$0.01B,11.43%,$0.07B,$0.01B,11.43%,$0.07B,$0.01B,12.86%,$0.07B,$0.01B,11.43%,$0.01B,$0.12B,6.84%,$0.01B,$0.12B,6.84%,$0.01B,$0.13B,6.32%,$0.01B,$0.12B,6.84%,$15,$11,$4,$0,$2,$14,$1,$0,$1,$-0,$2,$2,$2,$1,$1,$14,15,$0.12,$0.11,$104,$12,$5,$123,$5,$0,$0,$0,$5,$129,$8,$0,$0,$0,$9,$1,$108,$0,$120,$129,$7,$1,$2,$3,$-0,$1,$-0,$-3,$-2,$7,$-0,$0,$0,$0,$0,$0,$0,$-0,$0,$0,$0,$0,$0,$0,$0,$0,$7,$0,$0
8,2016-06-30,10.35,$12.37,0.84,$4.39,2.36,$0.59,17.54,$0.29,36.09,$0.12B,$0.01B,15.68,$0.00B,$0.12B,0.0,$0.06B,$0.01B,22.22%,$0.06B,$0.01B,9.52%,$0.06B,$0.01B,9.52%,$0.06B,$0.01B,9.52%,$0.06B,$0.00B,6.35%,$0.06B,$0.00B,6.35%,$0.00B,$0.12B,3.47%,$0.00B,$0.12B,3.47%,$0.00B,$0.13B,3.22%,$0.01B,$0.12B,5.21%,$20,$15,$5,$0,$2,$17,$3,$1,$3,$1,$2,$2,$2,$3,$3,$14,15,$0.15,$0.15,$97,$12,$10,$120,$6,$0,$0,$0,$6,$126,$8,$0,$0,$0,$8,$1,$106,$0,$118,$126,$5,$1,$1,$2,$-1,$1,$-0,$-8,$-6,$-0,$-0,$0,$0,$0,$0,$0,$0,$-0,$0,$0,$0,$0,$0,$0,$0,$0,$-0,$0,$0
9,2016-03-31,9.75,$8.10,1.2,$4.16,2.34,$0.86,11.28,$0.09,112.42,$0.12B,$0.01B,10.92,$0.00B,$0.12B,0.0,$0.05B,$0.01B,20.37%,$0.05B,$0.00B,5.56%,$0.05B,$0.00B,5.56%,$0.05B,$0.00B,7.41%,$0.05B,$0.00B,1.85%,$0.05B,$0.00B,3.70%,$0.00B,$0.12B,1.75%,$0.00B,$0.12B,1.75%,$0.00B,$0.13B,1.63%,$0.00B,$0.12B,2.62%,$22,$17,$5,$0,$2,$19,$3,$-0,$3,$1,$2,$2,$2,$3,$3,$14,14,$0.11,$0.11,$102,$14,$2,$120,$6,$0,$0,$0,$7,$127,$11,$0,$0,$0,$11,$1,$104,$0,$116,$127,$3,$1,$1,$1,$-1,$-1,$1,$3,$2,$6,$-0,$0,$0,$0,$0,$0,$0,$-0,$0,$0,$0,$0,$0,$0,$0,$0,$6,$0,$0
10,2015-12-31,7.53,$7.99,0.94,$3.59,2.1,$0.65,11.53,$0.05,141.07,$0.12B,$0.01B,12.18,$0.00B,$0.11B,0.0,$0.05B,$0.01B,21.74%,$0.05B,$0.00B,4.35%,$0.05B,$0.00B,4.35%,$0.05B,$0.00B,6.52%,$0.05B,0,0.00%,$0.05B,$0.00B,2.17%,$0.00B,$0.11B,0.88%,$0.00B,$0.11B,0.88%,$0.00B,$0.12B,0.82%,$0.00B,$0.11B,1.75%,$13,$10,$3,$0,$2,$12,$1,$1,$2,$1,$2,$2,$2,$1,$1,$14,14,$0.11,$0.11,$96,$15,$4,$117,$6,$0,$0,$0,$7,$124,$10,$0,$0,$0,$10,$1,$102,$0,$114,$124,$2,$0,$0,$1,$-0,$-2,$0,$-0,$-2,$-1,$-0,$0,$0,$0,$0,$0,$0,$-0,$0,$0,$0,$0,$0,$0,$0,$0,$-1,$0,$0
11,2015-09-30,6.03,$7.88,0.76,$3.12,1.93,$0.60,10.06,$-0.13,0.0,$0.11B,$0.01B,15.19,$0.00B,$0.11B,0.0,$0.04B,$0.01B,17.95%,$0.04B,$-0.00B,-2.56%,$0.04B,$-0.00B,-2.56%,$0.04B,$0.00B,2.56%,$0.04B,$-0.00B,-10.26%,$0.04B,$-0.00B,-5.13%,$-0.00B,$0.11B,-1.76%,$-0.00B,$0.11B,-1.76%,$-0.00B,$0.12B,-1.67%,$-0.00B,$0.11B,-0.88%,$8,$7,$1,$0,$2,$9,$-1,$-3,$-4,$-2,$-2,$-2,$-2,$-1,$-1,$14,14,$-0.16,$-0.16,$96,$13,$2,$112,$6,$0,$0,$0,$8,$120,$7,$0,$0,$0,$7,$1,$101,$0,$113,$120,$-2,$1,$-2,$-0,$1,$1,$1,$2,$4,$5,$-1,$0,$0,$0,$0,$0,$0,$-1,$0,$0,$0,$0,$0,$0,$0,$0,$4,$0,$0
12,2015-06-30,6.45,$8.03,0.8,$2.88,2.24,$0.17,38.81,$-0.02,0.0,$0.11B,$0.00B,26.84,$0.00B,$0.12B,0.0,$0.04B,$0.01B,16.67%,$0.04B,$-0.00B,-5.56%,$0.04B,$-0.00B,-5.56%,$0.04B,$0.00B,2.78%,$0.04B,$-0.00B,-5.56%,$0.04B,$-0.00B,-2.78%,$-0.00B,$0.12B,-0.88%,$-0.00B,$0.12B,-0.88%,$-0.00B,$0.12B,-0.84%,$-0.00B,$0.12B,-1.75%,$11,$9,$2,$0,$2,$11,$0,$0,$0,$0,$0,$0,$0,$1,$0,$10,10,$0.03,$0.03,$97,$13,$1,$112,$7,$0,$0,$0,$7,$119,$4,$0,$0,$0,$4,$1,$103,$0,$115,$119,$0,$1,$-0,$1,$0,$1,$0,$1,$2,$3,$-1,$0,$0,$0,$0,$0,$0,$-1,$0,$0,$0,$0,$0,$0,$0,$0,$2,$0,$0
13,2015-03-31,6.67,$8.01,0.83,$2.47,2.7,$-0.07,0.0,$0.07,91.04,$0.12B,$0.01B,14.42,$0.00B,$0.11B,0.0,$0.04B,$0.01B,16.67%,$0.04B,$-0.00B,-5.56%,$0.04B,$-0.00B,-5.56%,$0.04B,$0.00B,2.78%,$0.04B,$0.00B,2.78%,$0.04B,$0.00B,2.78%,$0.00B,$0.11B,0.88%,$0.00B,$0.11B,0.88%,$0.00B,$0.12B,0.84%,$-0.00B,$0.11B,-1.75%,$14,$10,$4,$0,$2,$12,$2,$0,$2,$1,$1,$1,$1,$2,$2,$14,14,$0.08,$0.08,$97,$13,$2,$116,$7,$0,$0,$0,$7,$123,$8,$0,$0,$0,$8,$1,$103,$0,$114,$123,$0,$1,$-0,$1,$-1,$0,$1,$2,$3,$3,$-0,$0,$0,$0,$0,$0,$0,$-0,$0,$0,$0,$0,$0,$0,$0,$0,$3,$0,$0
14,2014-12-31,6.27,$7.92,0.79,$2.52,2.48,$-0.53,0.0,$0.13,49.5,$0.11B,$0.00B,29.29,$0.00B,$0.11B,0.0,$0.04B,$0.01B,16.22%,$0.04B,$-0.00B,-5.41%,$0.04B,$-0.00B,-5.41%,$0.04B,$0.00B,2.70%,$0.04B,$0.00B,5.41%,$0.04B,$0.00B,5.41%,$0.00B,$0.11B,1.76%,$0.00B,$0.11B,1.76%,$0.00B,$0.12B,1.69%,$-0.00B,$0.11B,-1.76%,$6,$6,$0,$0,$2,$8,$-2,$-0,$-2,$-1,$-1,$-1,$-1,$-1,$-2,$14,14,$-0.08,$-0.08,$93,$13,$2,$111,$7,$0,$0,$0,$7,$117,$4,$0,$0,$0,$4,$1,$102,$0,$113,$117,$-1,$0,$-0,$0,$1,$0,$-0,$-1,$-1,$-2,$0,$0,$0,$0,$0,$0,$0,$0,$0,$0,$0,$0,$0,$0,$0,$0,$-2,$0,$0
15,2014-09-30,6.55,$8.00,0.82,$2.78,2.35,$-0.74,0.0,$0.24,27.29,$0.11B,$0.00B,37.37,$0.00B,$0.11B,0.0,$0.04B,$0.01B,19.51%,$0.04B,$-0.00B,-2.44%,$0.04B,$-0.00B,-2.44%,$0.04B,$0.00B,4.88%,$0.04B,$0.01B,12.20%,$0.04B,$0.00B,7.32%,$0.00B,$0.11B,2.65%,$0.00B,$0.11B,2.65%,$0.00B,$0.12B,2.54%,$-0.00B,$0.11B,-0.88%,$5,$5,$0,$0,$2,$7,$-2,$-0,$-2,$-2,$-1,$-1,$-1,$-1,$-2,$14,14,$-0.04,$-0.04,$94,$14,$0,$111,$7,$0,$0,$0,$7,$118,$3,$0,$0,$1,$4,$1,$103,$0,$114,$118,$3,$1,$0,$1,$-0,$0,$-0,$-2,$-3,$-2,$-0,$0,$0,$0,$0,$0,$0,$-0,$0,$0,$0,$0,$0,$0,$0,$0,$-2,$0,$0
16,2014-06-30,7.34,$8.03,0.91,$2.97,2.47,$-0.14,0.0,$0.44,16.69,$0.11B,$0.00B,31.14,$0.00B,$0.12B,0.0,$0.04B,$0.01B,20.45%,$0.04B,$0.00B,2.27%,$0.04B,$0.00B,2.27%,$0.04B,$0.00B,6.82%,$0.04B,$0.01B,18.18%,$0.04B,$0.01B,13.64%,$0.01B,$0.12B,5.35%,$0.01B,$0.12B,5.35%,$0.01B,$0.12B,5.08%,$0.00B,$0.12B,0.89%,$11,$8,$2,$0,$2,$10,$0,$2,$3,$1,$2,$2,$2,$1,$0,$14,14,$0.11,$0.11,$97,$13,$0,$112,$7,$0,$0,$0,$7,$120,$4,$0,$0,$1,$5,$1,$103,$0,$115,$120,$4,$1,$1,$2,$0,$2,$-0,$-2,$-1,$0,$0,$0,$0,$0,$0,$0,$0,$0,$0,$0,$0,$0,$0,$0,$0,$0,$0,$0,$0
17,2014-03-31,6.89,$7.91,0.87,$3.55,1.94,$0.20,33.73,$0.50,13.78,$0.11B,$0.01B,20.95,$0.00B,$0.11B,0.0,$0.05B,$0.01B,23.08%,$0.05B,$0.00B,7.69%,$0.05B,$0.00B,7.69%,$0.05B,$0.01B,9.62%,$0.05B,$0.01B,15.38%,$0.05B,$0.01B,11.54%,$0.01B,$0.11B,5.43%,$0.01B,$0.11B,5.43%,$0.01B,$0.12B,5.12%,$0.00B,$0.11B,3.62%,$15,$11,$4,$0,$2,$13,$2,$1,$3,$1,$2,$2,$2,$2,$2,$14,14,$0.13,$0.13,$91,$13,$5,$111,$8,$0,$0,$0,$8,$119,$5,$0,$0,$1,$6,$1,$102,$0,$113,$119,$2,$1,$1,$1,$-0,$1,$0,$-5,$-4,$-3,$-1,$0,$0,$0,$0,$0,$0,$-1,$0,$0,$0,$0,$0,$0,$0,$0,$-4,$0,$0
18,2013-12-31,6.36,$7.77,0.82,$3.78,1.68,$0.69,9.24,$0.57,11.09,$0.11B,$0.00B,25.83,$0.00B,$0.11B,0.0,$0.06B,$0.01B,21.82%,$0.06B,$0.00B,7.27%,$0.06B,$0.00B,7.27%,$0.06B,$0.01B,9.09%,$0.06B,$0.01B,16.36%,$0.06B,$0.01B,12.73%,$0.01B,$0.11B,6.44%,$0.01B,$0.11B,6.44%,$0.01B,$0.12B,6.01%,$0.00B,$0.11B,3.68%,$10,$8,$2,$0,$2,$11,$-1,$1,$1,$0,$0,$0,$0,$-0,$-1,$14,14,$0.03,$0.03,$90,$14,$2,$108,$8,$0,$0,$0,$8,$116,$4,$0,$0,$1,$5,$1,$100,$0,$111,$116,$0,$0,$0,$1,$0,$0,$-0,$-3,$-4,$-4,$-0,$0,$0,$0,$0,$0,$0,$-0,$0,$0,$0,$0,$0,$0,$0,$0,$-5,$0,$0
19,2013-09-30,5.72,$7.73,0.74,$3.43,1.67,$1.07,5.34,$0.47,12.09,$0.11B,$0.01B,18.02,$0.00B,$0.11B,0.0,$0.05B,$0.01B,20.00%,$0.05B,$0.00B,6.00%,$0.05B,$0.00B,6.00%,$0.05B,$0.00B,6.00%,$0.05B,$0.01B,12.00%,$0.05B,$0.01B,12.00%,$0.01B,$0.11B,5.62%,$0.01B,$0.11B,5.62%,$0.01B,$0.12B,5.21%,$0.00B,$0.11B,2.81%,$8,$6,$1,$0,$1,$8,$-0,$1,$1,$-1,$2,$2,$2,$0,$-0,$14,14,$0.16,$0.16,$93,$14,$0,$109,$8,$0,$0,$0,$8,$117,$6,$0,$0,$0,$7,$1,$99,$0,$110,$117,$7,$1,$-0,$1,$-0,$-2,$-1,$5,$1,$7,$-1,$0,$0,$0,$0,$0,$0,$-1,$0,$0,$0,$0,$0,$0,$0,$0,$6,$0,$0
20,2013-06-30,4.74,$7.57,0.63,$3.88,1.22,$0.75,6.3,$0.29,16.54,$0.11B,$0.01B,17.75,$0.00B,$0.11B,0.0,$0.06B,$0.01B,17.86%,$0.06B,$0.00B,3.57%,$0.06B,$0.00B,3.57%,$0.06B,$0.00B,3.57%,$0.06B,$0.01B,8.93%,$0.06B,$0.00B,7.14%,$0.00B,$0.11B,3.81%,$0.00B,$0.11B,3.81%,$0.00B,$0.12B,3.52%,$0.00B,$0.11B,1.90%,$19,$14,$5,$0,$2,$16,$3,$1,$3,$1,$2,$2,$2,$3,$3,$14,14,$0.17,$0.17,$91,$12,$3,$108,$8,$0,$0,$0,$8,$117,$6,$0,$0,$3,$9,$1,$97,$0,$108,$117,$4,$1,$2,$3,$0,$0,$-0,$0,$-0,$6,$-1,$0,$0,$0,$0,$0,$0,$-1,$0,$0,$0,$0,$0,$0,$0,$0,$5,$0,$0
21,2013-03-31,4.77,$7.40,0.65,$4.18,1.14,$1.03,4.65,$0.20,23.87,$0.11B,$0.01B,12.07,$0.00B,$0.11B,0.0,$0.06B,$0.01B,18.33%,$0.06B,$0.00B,1.67%,$0.06B,$0.00B,1.67%,$0.06B,$0.00B,3.33%,$0.06B,$0.00B,6.67%,$0.06B,$0.00B,5.00%,$0.00B,$0.11B,2.88%,$0.00B,$0.11B,2.88%,$0.00B,$0.12B,2.66%,$0.00B,$0.11B,0.96%,$18,$13,$4,$0,$2,$16,$2,$2,$4,$1,$3,$3,$3,$2,$2,$14,14,$0.21,$0.21,$88,$14,$4,$108,$8,$0,$0,$0,$8,$116,$9,$0,$0,$2,$11,$1,$94,$0,$106,$116,$2,$1,$1,$1,$-0,$-2,$0,$2,$0,$4,$-1,$0,$0,$0,$0,$0,$0,$-1,$0,$0,$0,$0,$0,$0,$0,$0,$3,$0,$0
22,2012-12-31,5.03,$7.18,0.7,$4.29,1.17,$1.64,3.07,$0.19,26.97,$0.10B,$0.01B,12.34,$0.00B,$0.10B,0.0,$0.06B,$0.01B,18.03%,$0.06B,0,0.00%,$0.06B,0,0.00%,$0.06B,$0.00B,1.64%,$0.06B,$0.00B,6.56%,$0.06B,$0.00B,4.92%,$0.00B,$0.10B,2.91%,$0.00B,$0.10B,2.91%,$0.00B,$0.11B,2.65%,$0.00B,$0.10B,0.00%,$5,$5,$0,$0,$2,$7,$-2,$0,$-2,$-1,$-1,$-1,$-1,$-2,$-2,$14,14,$-0.07,$-0.07,$84,$15,$2,$103,$8,$0,$0,$0,$8,$111,$8,$0,$0,$0,$8,$1,$91,$0,$103,$111,$-1,$0,$-1,$-0,$0,$-3,$-0,$4,$1,$1,$-0,$0,$0,$0,$0,$0,$0,$-0,$0,$0,$0,$0,$0,$0,$0,$0,$1,$0,$0
23,2012-09-30,4.93,$7.25,0.68,$4.43,1.11,$1.75,2.81,$0.31,15.75,$0.10B,$0.01B,17.37,$0.00B,$0.10B,0.0,$0.06B,$0.01B,19.05%,$0.06B,0,0.00%,$0.06B,0,0.00%,$0.06B,$0.00B,3.17%,$0.06B,$0.01B,11.11%,$0.06B,$0.01B,7.94%,$0.01B,$0.10B,4.88%,$0.01B,$0.10B,4.88%,$0.01B,$0.11B,4.46%,$0.00B,$0.10B,0.00%,$14,$13,$1,$1,$2,$15,$-1,$1,$-0,$0,$-0,$-0,$-0,$-1,$-1,$14,14,$-0.03,$-0.03,$85,$12,$3,$102,$8,$0,$0,$0,$8,$110,$6,$0,$0,$1,$7,$1,$92,$0,$103,$110,$4,$1,$3,$4,$0,$1,$-0,$2,$3,$3,$-1,$0,$0,$0,$0,$0,$0,$-1,$0,$0,$0,$0,$0,$0,$0,$0,$2,$0,$0
24,2012-06-30,5.03,$7.27,0.69,$4.30,1.17,$1.55,3.25,$0.03,151.15,$0.11B,$0.01B,10.15,$0.00B,$0.10B,0.0,$0.06B,$0.01B,21.31%,$0.06B,0,0.00%,$0.06B,0,0.00%,$0.06B,$0.00B,3.28%,$0.06B,0,0.00%,$0.06B,$0.00B,1.64%,$0.00B,$0.10B,0.99%,$0.00B,$0.10B,0.99%,$0.00B,$0.11B,0.90%,$0.00B,$0.10B,0.00%,$23,$17,$6,$1,$3,$21,$2,$-1,$2,$1,$1,$1,$1,$3,$2,$14,14,$0.09,$0.09,$87,$12,$4,$106,$8,$0,$0,$0,$8,$114,$10,$0,$0,$0,$11,$1,$93,$0,$104,$114,$5,$1,$2,$3,$-0,$1,$1,$2,$6,$10,$-1,$0,$0,$0,$0,$0,$0,$-1,$0,$0,$0,$0,$0,$0,$0,$0,$9,$0,$0
25,2012-03-31,4.67,$7.18,0.65,$4.30,1.09,$0.88,5.33,$0.02,234.51,$0.11B,$0.01B,7.79,$0.00B,$0.10B,0.0,$0.06B,$0.01B,18.03%,$0.06B,$-0.00B,-1.64%,$0.06B,$-0.00B,-1.64%,$0.06B,$0.00B,1.64%,$0.06B,$-0.00B,-1.64%,$0.06B,$0.00B,1.64%,$0.00B,$0.10B,0.99%,$0.00B,$0.10B,0.99%,$0.00B,$0.12B,0.90%,$-0.00B,$0.10B,-0.99%,$19,$15,$4,$1,$3,$18,$1,$3,$4,$1,$3,$3,$3,$1,$1,$14,14,$0.19,$0.19,$90,$15,$0,$108,$9,$0,$0,$0,$9,$117,$14,$0,$0,$1,$14,$1,$92,$0,$103,$117,$4,$1,$2,$3,$-0,$-2,$1,$12,$11,$13,$-1,$0,$0,$0,$0,$0,$0,$-1,$0,$0,$0,$0,$0,$0,$0,$0,$12,$0,$0
26,2011-12-31,4.63,$6.99,0.66,$4.12,1.12,$0.26,17.75,$-0.00,0.0,$0.10B,$0.01B,12.7,$0.00B,$0.10B,0.0,$0.06B,$0.01B,16.95%,$0.06B,$-0.00B,-3.39%,$0.06B,$-0.00B,-3.39%,$0.06B,0,0.00%,$0.06B,$-0.00B,-6.78%,$0.06B,0,0.00%,$0.00B,$0.10B,0.00%,$0.00B,$0.10B,0.00%,$0.00B,$0.11B,0.00%,$-0.00B,$0.10B,-1.98%,$7,$6,$1,$1,$2,$8,$-2,$3,$1,$0,$1,$1,$1,$-1,$-2,$14,14,$0.06,$0.06,$78,$16,$2,$99,$8,$0,$0,$1,$9,$107,$8,$0,$0,$0,$8,$1,$89,$0,$100,$107,$1,$0,$0,$1,$0,$-3,$0,$5,$2,$3,$-0,$0,$0,$0,$0,$0,$0,$-0,$0,$0,$0,$0,$0,$0,$0,$0,$3,$0,$0
27,2011-09-30,4.83,$6.92,0.7,$4.18,1.16,$0.00,0.0,$0.02,242.88,$0.10B,$0.01B,17.11,$0.00B,$0.10B,0.0,$0.06B,$0.01B,16.67%,$0.06B,$-0.00B,-3.33%,$0.06B,$-0.00B,-3.33%,$0.06B,0,0.00%,$0.06B,$-0.00B,-5.00%,$0.06B,0,0.00%,$0.00B,$0.10B,0.00%,$0.00B,$0.10B,0.00%,$0.00B,$0.10B,0.00%,$-0.00B,$0.10B,-1.98%,$12,$11,$2,$1,$2,$14,$-1,$-5,$-7,$-2,$-4,$-4,$-4,$-1,$-1,$14,14,$-0.31,$-0.31,$74,$13,$4,$95,$8,$0,$0,$1,$9,$104,$6,$0,$0,$0,$6,$1,$88,$0,$99,$104,$0,$1,$-3,$-2,$0,$4,$1,$-4,$1,$0,$-1,$0,$0,$0,$0,$0,$0,$-1,$0,$0,$0,$0,$0,$0,$0,$0,$-1,$0,$0
28,2011-06-30,5.11,$7.23,0.71,$3.87,1.32,$0.03,156.37,$0.47,10.8,$0.11B,$0.01B,10.71,$0.00B,$0.10B,0.0,$0.06B,$0.01B,14.29%,$0.06B,$-0.00B,-7.14%,$0.06B,$-0.00B,-7.14%,$0.06B,$-0.00B,-3.57%,$0.06B,$0.01B,10.71%,$0.06B,$0.01B,10.71%,$0.01B,$0.10B,5.94%,$0.01B,$0.10B,5.94%,$0.01B,$0.11B,5.36%,$-0.00B,$0.10B,-3.96%,$23,$19,$4,$1,$2,$22,$1,$0,$1,$0,$1,$1,$1,$2,$1,$14,14,$0.07,$0.07,$83,$13,$4,$106,$8,$0,$0,$0,$8,$114,$10,$0,$0,$1,$11,$1,$92,$0,$103,$114,$5,$1,$-2,$-2,$-0,$4,$1,$-2,$5,$0,$-1,$0,$0,$0,$0,$0,$0,$-1,$0,$0,$0,$0,$0,$0,$0,$0,$-1,$0,$0
29,2011-03-31,5.21,$7.15,0.73,$3.14,1.66,$-0.02,0.0,$0.29,17.77,$0.11B,$0.01B,8.02,$0.00B,$0.10B,0.0,$0.05B,$0.01B,13.04%,$0.05B,$-0.01B,-15.22%,$0.05B,$-0.01B,-15.22%,$0.05B,$-0.01B,-10.87%,$0.05B,$0.00B,6.52%,$0.05B,$0.00B,6.52%,$0.00B,$0.10B,3.02%,$0.00B,$0.10B,3.02%,$0.00B,$0.12B,2.74%,$-0.01B,$0.10B,-7.05%,$17,$14,$3,$1,$2,$17,$-0,$1,$1,$-1,$2,$2,$2,$0,$-0,$14,14,$0.17,$0.17,$84,$17,$3,$108,$8,$0,$0,$0,$9,$116,$13,$0,$0,$1,$14,$1,$91,$0,$102,$116,$4,$0,$-2,$-2,$0,$0,$2,$3,$6,$4,$-1,$0,$0,$0,$0,$0,$0,$-1,$0,$0,$0,$0,$0,$0,$0,$0,$3,$0,$0
30,2010-12-31,4.83,$6.98,0.69,$3.64,1.33,$0.28,17.22,$0.31,15.76,$0.10B,$0.01B,12.18,$0.00B,$0.10B,0.0,$0.05B,$0.01B,16.98%,$0.05B,$-0.00B,-7.55%,$0.05B,$-0.00B,-7.55%,$0.05B,$-0.00B,-3.77%,$0.05B,$0.01B,9.43%,$0.05B,$0.00B,7.55%,$0.00B,$0.10B,4.06%,$0.00B,$0.10B,4.06%,$0.00B,$0.11B,3.69%,$-0.00B,$0.10B,-4.06%,$8,$7,$1,$1,$2,$9,$-2,$3,$2,$0,$1,$1,$1,$-1,$-2,$14,14,$0.08,$0.08,$78,$18,$2,$103,$8,$0,$0,$0,$8,$111,$8,$0,$0,$3,$11,$1,$89,$0,$100,$111,$1,$0,$1,$1,$0,$-1,$1,$-0,$-0,$-1,$-0,$0,$0,$0,$0,$0,$0,$-0,$0,$0,$0,$0,$0,$0,$0,$0,$-1,$0,$0
31,2010-09-30,4.76,$6.90,0.69,$3.86,1.23,$0.50,9.43,$0.21,22.31,$0.10B,$0.01B,16.05,$0.00B,$0.10B,0.0,$0.06B,$0.01B,17.86%,$0.06B,$-0.00B,-5.36%,$0.06B,$-0.00B,-5.36%,$0.06B,$-0.00B,-3.57%,$0.06B,$0.00B,5.36%,$0.06B,$0.00B,5.36%,$0.00B,$0.10B,3.08%,$0.00B,$0.10B,3.08%,$0.00B,$0.11B,2.80%,$-0.00B,$0.10B,-3.08%,$8,$8,$-0,$1,$2,$11,$-3,$4,$2,$-1,$2,$2,$2,$-3,$-3,$14,14,$0.14,$0.14,$76,$17,$1,$99,$8,$0,$0,$0,$8,$107,$6,$0,$0,$3,$9,$1,$88,$0,$99,$107,$3,$1,$-0,$1,$3,$5,$-1,$4,$12,$-0,$-1,$0,$0,$0,$0,$0,$0,$-0,$0,$0,$0,$0,$0,$0,$0,$0,$-1,$0,$0
32,2010-06-30,5.05,$6.76,0.75,$4.04,1.25,$0.58,8.72,$-0.01,0.0,$0.10B,$0.01B,13.31,$0.00B,$0.10B,0.0,$0.06B,$0.01B,17.24%,$0.06B,$-0.00B,-6.90%,$0.06B,$-0.00B,-6.90%,$0.06B,$-0.00B,-5.17%,$0.06B,$-0.00B,-3.45%,$0.06B,0,0.00%,$0.00B,$0.10B,0.00%,$0.00B,$0.10B,0.00%,$0.00B,$0.10B,0.00%,$-0.00B,$0.10B,-4.13%,$13,$11,$2,$1,$2,$14,$-2,$-1,$-2,$-1,$-2,$-2,$-2,$-1,$-2,$14,14,$-0.11,$-0.11,$71,$18,$0,$96,$8,$0,$0,$0,$8,$104,$7,$0,$0,$0,$7,$1,$86,$0,$96,$104,$1,$1,$-1,$-1,$1,$4,$-1,$4,$10,$-1,$-0,$0,$0,$0,$0,$0,$0,$-0,$0,$0,$0,$0,$0,$0,$0,$0,$-1,$0,$0
33,2010-03-31,4.95,$6.85,0.72,$3.97,1.25,$0.70,7.04,$0.04,123.36,$0.10B,$0.01B,7.66,$0.00B,$0.10B,0.0,$0.06B,$0.01B,17.54%,$0.06B,$-0.00B,-5.26%,$0.06B,$-0.00B,-5.26%,$0.06B,$-0.00B,-3.51%,$0.06B,$-0.00B,-1.75%,$0.06B,$0.00B,1.75%,$0.00B,$0.10B,1.03%,$0.00B,$0.10B,1.03%,$0.00B,$0.11B,0.93%,$-0.00B,$0.10B,-3.09%,$24,$18,$6,$1,$3,$21,$3,$1,$3,$1,$3,$3,$3,$3,$3,$14,14,$0.19,$0.19,$70,$21,$7,$104,$8,$0,$0,$1,$8,$112,$14,$0,$0,$0,$14,$1,$87,$0,$99,$112,$2,$0,$-1,$-1,$0,$2,$3,$-1,$7,$8,$-0,$0,$0,$0,$0,$0,$0,$0,$0,$0,$0,$0,$0,$0,$0,$0,$8,$0,$0
34,2009-12-31,4.98,$6.66,0.75,$3.37,1.48,$0.50,9.93,$-0.17,0.0,$0.10B,$0.01B,10.15,$0.00B,$0.10B,0.0,$0.05B,$0.01B,12.50%,$0.05B,$-0.01B,-14.58%,$0.05B,$-0.01B,-14.58%,$0.05B,$-0.01B,-12.50%,$0.05B,$-0.01B,-10.42%,$0.05B,$-0.00B,-4.17%,$-0.00B,$0.10B,-2.07%,$-0.00B,$0.10B,-2.07%,$-0.00B,$0.11B,-1.88%,$-0.01B,$0.10B,-7.24%,$11,$9,$2,$1,$2,$12,$-1,$1,$-0,$-0,$-0,$-0,$-0,$-1,$-1,$14,14,$-0.01,$-0.01,$65,$21,$5,$98,$8,$0,$0,$0,$8,$106,$10,$0,$0,$1,$10,$1,$85,$0,$96,$106,$-0,$0,$-0,$-0,$-1,$1,$0,$4,$4,$2,$0,$0,$0,$0,$0,$0,$0,$0,$0,$0,$0,$0,$0,$0,$0,$0,$2,$0,$0
35,2009-09-30,5.73,$6.68,0.86,$3.94,1.46,$0.11,53.33,$-0.14,0.0,$0.10B,$0.01B,16.79,$0.00B,$0.10B,0.0,$0.06B,$0.01B,16.07%,$0.06B,$-0.01B,-8.93%,$0.06B,$-0.01B,-8.93%,$0.06B,$-0.00B,-5.36%,$0.06B,$-0.01B,-10.71%,$0.06B,$-0.00B,-3.57%,$-0.00B,$0.10B,-2.06%,$-0.00B,$0.10B,-2.06%,$-0.00B,$0.10B,-1.86%,$-0.01B,$0.10B,-5.14%,$10,$10,$0,$1,$3,$14,$-4,$1,$-3,$-2,$-1,$-1,$-1,$-4,$-4,$14,14,$-0.08,$-0.08,$61,$22,$5,$96,$8,$0,$0,$0,$9,$104,$6,$0,$0,$2,$8,$1,$85,$0,$96,$104,$-3,$1,$-1,$0,$0,$4,$-2,$5,$7,$1,$-0,$0,$-0,$0,$0,$0,$0,$-1,$0,$0,$0,$0,$0,$0,$0,$0,$-0,$0,$0
36,2009-06-30,4.53,$6.76,0.67,$4.71,0.96,$-0.96,0.0,$-0.05,0.0,$0.10B,$0.01B,12.13,$0.00B,$0.10B,0.0,$0.07B,$0.01B,20.59%,$0.07B,0,0.00%,$0.07B,0,0.00%,$0.07B,$0.00B,2.94%,$0.07B,$-0.00B,-4.41%,$0.07B,$-0.00B,-1.47%,$-0.00B,$0.10B,-1.02%,$-0.00B,$0.10B,-1.02%,$-0.00B,$0.11B,-0.91%,$0.00B,$0.10B,0.00%,$12,$10,$2,$1,$2,$12,$-1,$-0,$-1,$-0,$-1,$-1,$-1,$-0,$-1,$14,14,$-0.05,$-0.05,$63,$28,$0,$97,$8,$0,$0,$1,$9,$106,$8,$0,$0,$0,$8,$1,$86,$0,$97,$106,$-1,$1,$1,$2,$2,$-0,$-2,$6,$5,$1,$-0,$0,$-0,$0,$0,$0,$0,$-1,$0,$0,$0,$0,$0,$0,$0,$0,$-0,$0,$0
37,2009-03-31,4.52,$6.80,0.66,$5.55,0.81,$-1.59,0.0,$0.05,96.79,$0.10B,$0.01B,9.7,$0.00B,$0.10B,0.0,$0.08B,$0.02B,21.25%,$0.08B,$0.00B,2.50%,$0.08B,$0.00B,2.50%,$0.08B,$0.00B,3.75%,$0.08B,$-0.00B,-1.25%,$0.08B,$0.00B,1.25%,$0.00B,$0.10B,1.02%,$0.00B,$0.10B,1.02%,$0.00B,$0.11B,0.89%,$0.00B,$0.10B,2.03%,$15,$13,$2,$1,$3,$16,$-1,$0,$-1,$-0,$-0,$-0,$-0,$-1,$-1,$14,14,$-0.03,$-0.03,$61,$32,$0,$100,$9,$0,$0,$0,$9,$109,$10,$0,$0,$0,$11,$1,$87,$-0,$98,$109,$-1,$0,$0,$1,$3,$0,$-2,$1,$3,$5,$-0,$0,$0,$0,$0,$0,$0,$-0,$0,$0,$0,$0,$0,$0,$0,$0,$4,$0,$0
38,2008-12-31,4.66,$6.82,0.68,$6.19,0.75,$-3.02,0.0,$0.17,27.95,$0.10B,$0.01B,9.02,$0.00B,$0.10B,0.0,$0.09B,$0.02B,24.44%,$0.09B,$0.01B,6.67%,$0.09B,$0.01B,6.67%,$0.09B,$0.01B,8.89%,$0.09B,$0.00B,2.22%,$0.09B,$0.00B,2.22%,$0.00B,$0.10B,2.03%,$0.00B,$0.10B,2.03%,$0.00B,$0.11B,1.76%,$0.01B,$0.10B,6.09%,$19,$14,$5,$1,$3,$18,$1,$-2,$-1,$-0,$-0,$-0,$-0,$2,$1,$14,14,$-0.02,$-0.02,$52,$43,$0,$101,$9,$0,$0,$0,$9,$110,$11,$0,$0,$0,$11,$1,$87,$-0,$98,$110,$-0,$0,$-0,$0,$3,$-1,$-1,$-6,$-5,$-4,$-0,$0,$0,$0,$0,$0,$0,$-0,$0,$0,$0,$0,$0,$0,$0,$0,$-4,$0,$0
39,2008-09-30,5.39,$6.87,0.78,$6.12,0.88,$-3.64,0.0,$1.05,5.11,$0.11B,$0.01B,8.22,$0.00B,$0.10B,0.0,$0.09B,$0.02B,23.60%,$0.09B,$0.01B,6.74%,$0.09B,$0.01B,6.74%,$0.09B,$0.01B,7.87%,$0.09B,$0.02B,26.97%,$0.09B,$0.02B,16.85%,$0.02B,$0.10B,15.27%,$0.02B,$0.10B,15.27%,$0.02B,$0.11B,12.68%,$0.01B,$0.10B,6.11%,$22,$16,$5,$1,$3,$20,$1,$-1,$0,$0,$0,$0,$0,$1,$1,$14,14,$0.01,$0.01,$58,$26,$9,$105,$9,$0,$0,$0,$9,$114,$13,$0,$0,$2,$15,$1,$87,$0,$99,$114,$15,$1,$-21,$-20,$-3,$2,$0,$-1,$-6,$-13,$-2,$0,$0,$0,$0,$0,$16,$14,$0,$0,$0,$0,$0,$0,$0,$0,$0,$0,$0
40,2008-06-30,6.96,$6.86,1.01,$5.68,1.23,$-4.18,0.0,$1.11,6.29,$0.11B,$0.01B,7.75,$0.00B,$0.10B,0.0,$0.08B,$0.02B,23.17%,$0.08B,$0.01B,6.10%,$0.08B,$0.01B,6.10%,$0.08B,$0.01B,7.32%,$0.08B,$0.03B,31.71%,$0.08B,$0.02B,19.51%,$0.02B,$0.10B,16.93%,$0.02B,$0.10B,16.93%,$0.02B,$0.11B,13.82%,$0.01B,$0.10B,5.29%,$24,$19,$5,$1,$3,$23,$1,$0,$1,$0,$1,$1,$1,$1,$1,$14,14,$0.05,$0.05,$69,$30,$0,$106,$8,$0,$0,$0,$9,$114,$14,$0,$0,$2,$15,$1,$87,$0,$99,$114,$15,$1,$-22,$-21,$-2,$4,$-0,$3,$5,$-7,$-2,$0,$0,$0,$0,$0,$16,$14,$0,$0,$0,$0,$0,$0,$0,$0,$7,$0,$0
41,2008-03-31,11.47,$6.82,1.68,$5.49,2.09,$-4.92,0.0,$1.45,7.89,$0.11B,$0.02B,7.15,$0.00B,$0.10B,0.0,$0.08B,$0.02B,25.32%,$0.08B,$0.01B,7.59%,$0.08B,$0.01B,7.59%,$0.08B,$0.01B,10.13%,$0.08B,$0.03B,43.04%,$0.08B,$0.02B,26.58%,$0.02B,$0.10B,23.20%,$0.02B,$0.10B,23.20%,$0.02B,$0.12B,18.46%,$0.01B,$0.10B,6.63%,$25,$18,$7,$1,$3,$21,$3,$-1,$2,$1,$1,$1,$1,$4,$3,$14,14,$0.09,$0.09,$61,$40,$0,$109,$8,$0,$0,$0,$8,$117,$15,$0,$0,$3,$19,$1,$87,$0,$98,$117,$14,$1,$-20,$-20,$-1,$-6,$1,$1,$-4,$-15,$-1,$0,$0,$0,$0,$0,$16,$15,$0,$0,$0,$0,$0,$0,$0,$0,$-0,$0,$0
42,2007-12-31,6.83,$6.72,1.02,$5.61,1.22,$-5.01,0.0,$2.08,3.29,$0.12B,$0.03B,4.56,$0.00B,$0.10B,0.0,$0.08B,$0.02B,26.25%,$0.08B,$0.01B,8.75%,$0.08B,$0.01B,8.75%,$0.08B,$0.01B,10.00%,$0.08B,$0.05B,61.25%,$0.08B,$0.03B,37.50%,$0.03B,$0.10B,35.19%,$0.03B,$0.10B,35.19%,$0.03B,$0.13B,27.46%,$0.01B,$0.10B,8.21%,$18,$14,$4,$1,$2,$17,$1,$20,$21,$8,$13,$13,$13,$1,$1,$14,14,$0.91,$0.91,$74,$39,$0,$120,$8,$0,$0,$0,$8,$128,$26,$0,$0,$5,$31,$1,$85,$0,$97,$128,$13,$0,$-16,$-15,$0,$-5,$0,$3,$6,$-12,$-0,$0,$0,$0,$0,$0,$16,$15,$0,$0,$0,$0,$0,$0,$0,$0,$3,$0,$0
43,2007-09-30,6.57,$5.81,1.13,$5.17,1.27,$-4.65,0.0,$1.27,5.16,$0.10B,$0.01B,6.86,$0.00B,$0.08B,0.0,$0.07B,$0.02B,27.03%,$0.07B,$0.01B,8.11%,$0.07B,$0.01B,8.11%,$0.07B,$0.01B,9.46%,$0.07B,$0.03B,43.24%,$0.07B,$0.02B,24.32%,$0.02B,$0.08B,23.23%,$0.02B,$0.08B,23.23%,$0.02B,$0.10B,18.14%,$0.01B,$0.08B,7.74%,$15,$12,$3,$1,$3,$15,$0,$1,$2,$1,$1,$1,$1,$0,$0,$15,15,$0.05,$0.06,$55,$35,$0,$96,$8,$0,$0,$0,$8,$104,$14,$0,$0,$6,$20,$1,$72,$0,$84,$104,$18,$1,$-15,$-14,$1,$-9,$-1,$-3,$-11,$-22,$-1,$0,$0,$0,$0,$0,$25,$25,$0,$0,$0,$0,$0,$0,$0,$0,$3,$0,$0
44,2007-06-30,6.17,$5.75,1.07,$5.11,1.21,$-4.25,0.0,$1.20,5.14,$0.10B,$0.02B,6.02,$0.00B,$0.08B,0.0,$0.07B,$0.02B,27.03%,$0.07B,$0.00B,5.41%,$0.07B,$0.00B,5.41%,$0.07B,$0.01B,8.11%,$0.07B,$0.03B,40.54%,$0.07B,$0.02B,22.97%,$0.02B,$0.08B,23.53%,$0.02B,$0.08B,23.53%,$0.02B,$0.11B,18.18%,$0.00B,$0.08B,5.54%,$21,$16,$6,$1,$3,$19,$2,$7,$9,$3,$6,$6,$6,$3,$2,$14,14,$0.39,$0.39,$61,$30,$0,$98,$8,$0,$0,$0,$8,$106,$16,$0,$0,$6,$23,$1,$71,$0,$83,$106,$18,$1,$-18,$-17,$-0,$-7,$-0,$1,$-2,$-19,$-0,$0,$0,$0,$0,$0,$26,$25,$0,$0,$0,$0,$0,$0,$0,$0,$6,$0,$0
45,2007-03-31,6.17,$5.36,1.15,$4.91,1.26,$-3.82,0.0,$0.81,7.59,$0.09B,$0.02B,5.12,$0.00B,$0.08B,0.0,$0.07B,$0.02B,26.39%,$0.07B,$0.00B,4.17%,$0.07B,$0.00B,4.17%,$0.07B,$0.01B,6.94%,$0.07B,$0.02B,29.17%,$0.07B,$0.01B,15.28%,$0.01B,$0.08B,16.36%,$0.01B,$0.08B,16.36%,$0.01B,$0.10B,12.39%,$0.00B,$0.08B,4.46%,$26,$19,$8,$1,$3,$22,$4,$12,$17,$6,$10,$10,$10,$4,$4,$14,15,$0.73,$0.72,$52,$32,$0,$91,$8,$0,$0,$0,$8,$99,$18,$0,$0,$4,$22,$1,$66,$0,$77,$99,$12,$0,$-15,$-15,$-0,$-9,$-0,$3,$-3,$-17,$-0,$0,$0,$0,$0,$0,$21,$21,$0,$0,$0,$0,$0,$0,$0,$0,$3,$0,$0
46,2006-12-31,7.99,$4.46,1.79,$4.55,1.76,$-3.46,0.0,$0.87,9.22,$0.08B,$0.02B,4.58,$0.00B,$0.07B,0.0,$0.07B,$0.02B,25.00%,$0.07B,$0.00B,1.47%,$0.07B,$0.00B,1.47%,$0.07B,$0.00B,4.41%,$0.07B,$0.02B,32.35%,$0.07B,$0.01B,19.12%,$0.01B,$0.07B,20.39%,$0.01B,$0.07B,20.39%,$0.01B,$0.09B,14.94%,$0.00B,$0.07B,1.57%,$12,$9,$3,$1,$3,$13,$-0,$4,$4,$2,$1,$1,$1,$-0,$-0,$15,15,$0.10,$0.10,$43,$29,$0,$80,$8,$0,$0,$0,$8,$88,$17,$0,$0,$4,$21,$1,$55,$0,$66,$88,$1,$0,$-2,$-1,$0,$-6,$0,$2,$-2,$-7,$-0,$0,$0,$0,$0,$0,$9,$9,$0,$0,$0,$0,$0,$0,$0,$0,$1,$0,$0
