,Date,Stock Price,Book Value per Share,Price to Book Ratio,TTM Sales per Share,Price to Sales Ratio,TTM FCF per Share,Price to FCF Ratio,TTM Net EPS,PE Ratio,Current Assets,Current Liabilities,Current Ratio,Long Term Debt,Shareholder's Equity_x,Debt to Equity Ratio,TTM Revenue_x,TTM Gross Profit,Gross Margin,TTM Revenue_y,TTM Operating Income,Operating Margin,TTM Revenue_x,TTM EBIT,EBIT Margin,TTM Revenue_y,TTM EBITDA,EBITDA Margin,TTM Revenue_x,TTM Pre-Tax Income,Pre-Tax Margin,TTM Revenue_y,TTM Net Income_x,Net Margin,TTM Net Income_y,Shareholder's Equity_y,Return on Equity,TTM Net Income_x,Tangible Equity,Return on Tangible Equity,TTM Net Income_y,Total Assets,Return on Assets,TTM Net Income,LT Investments & Debt,Return on Investment,revenue,cost-goods-sold,gross-profit,research-development-expenses,selling-general-administrative-expenses,operating-expenses,operating-income,total-non-operating-income-expense,pre-tax-income,total-provision-income-taxes,income-after-taxes,income-from-continuous-operations,net-income,ebitda,ebit,basic-shares-outstanding,shares-outstanding,eps-basic-net-earnings-per-share,eps-earnings-per-share-diluted,cash-on-hand,inventory,other-current-assets,total-current-assets,net-property-plant-equipment,long-term-investments,goodwill-intangible-assets-total,other-long-term-assets,total-long-term-assets,total-assets,total-current-liabilities,long-term-debt,other-non-current-liabilities,total-long-term-liabilities,total-liabilities,common-stock-net,retained-earnings-accumulated-deficit,comprehensive-income,total-share-holder-equity,total-liabilities-share-holders-equity,net-income-loss,total-depreciation-amortization-cash-flow,other-non-cash-items,total-non-cash-items,change-in-accounts-receivable,change-in-inventories,change-in-accounts-payable,change-in-assets-liabilities,total-change-in-assets-liabilities,cash-flow-from-operating-activities,net-change-in-property-plant-equipment,net-change-in-intangible-assets,net-acquisitions-divestitures,net-change-in-short-term-investments,net-change-in-long-term-investments,net-change-in-investments-total,investing-activities-other,cash-flow-from-investing-activities,net-long-term-debt,net-current-debt,debt-issuance-retirement-net-total,net-common-equity-issued-repurchased,net-total-equity-issued-repurchased,total-common-preferred-stock-dividends-paid,financial-activities-other,cash-flow-from-financial-activities,net-cash-flow,stock-based-compensation,common-stock-dividends-paid
0,2018-09-30,25.16,$8.88,2.83,$19.02,1.32,$3.28,7.67,$1.23,20.46,$0.57B,$0.67B,0.85,$2.39B,$1.08B,2.21,$2.30B,$0.58B,25.11%,$2.30B,$0.27B,11.60%,$2.30B,$0.27B,11.60%,$2.30B,$0.41B,17.59%,$2.30B,$0.16B,6.86%,$2.30B,$0.15B,6.39%,$0.15B,$1.08B,13.03%,$0.15B,$0.07B,141.01%,$0.15B,$4.24B,3.49%,$0.27B,$3.47B,7.26%,$584,$435,$149,$0,$48,$514,$70,$-30,$40,$4,$36,$39,$39,$103,$70,$120,120,$0.33,$0.33,$121,$0,$0,$572,$2148,$0,$1014,$97,$3671,$4242,$673,$2390,$89,$2488,$3162,$1,$-29,$-26,$1080,$4242,$111,$100,$23,$123,$-17,$0,$0,$0,$-14,$220,$-156,$0,$0,$0,$0,$0,$4,$-152,$176,$0,$176,$-68,$-68,$-172,$-5,$-70,$-7,$16,$-172
1,2018-06-30,27.05,$8.98,3.01,$18.78,1.44,$2.37,11.39,$1.21,22.36,$0.55B,$0.37B,1.46,$2.64B,$1.09B,2.42,$2.29B,$0.57B,25.08%,$2.29B,$0.26B,11.38%,$2.29B,$0.26B,11.38%,$2.29B,$0.40B,17.55%,$2.29B,$0.16B,6.87%,$2.29B,$0.15B,6.39%,$0.15B,$1.09B,12.57%,$0.15B,$0.07B,112.09%,$0.15B,$4.21B,3.44%,$0.26B,$3.73B,6.96%,$584,$438,$146,$0,$47,$517,$67,$-28,$39,$4,$35,$37,$37,$101,$67,$120,121,$0.31,$0.31,$124,$0,$0,$547,$2125,$0,$1020,$92,$3659,$4207,$374,$2641,$90,$2740,$3114,$1,$-11,$-25,$1093,$4207,$72,$67,$10,$77,$15,$0,$0,$0,$31,$180,$-102,$0,$0,$0,$0,$0,$3,$-99,$104,$0,$104,$-69,$-69,$-115,$-5,$-86,$-6,$11,$-115
2,2018-03-31,19.68,$9.33,2.11,$18.64,1.06,$1.59,12.37,$1.15,17.11,$0.54B,$0.35B,1.54,$2.61B,$1.14B,2.29,$2.28B,$0.57B,24.85%,$2.28B,$0.25B,10.89%,$2.28B,$0.25B,10.89%,$2.28B,$0.39B,17.12%,$2.28B,$0.15B,6.54%,$2.28B,$0.14B,6.15%,$0.14B,$1.14B,11.72%,$0.14B,$0.11B,90.47%,$0.14B,$4.19B,3.28%,$0.25B,$3.74B,6.69%,$565,$427,$138,$0,$42,$500,$64,$-27,$38,$5,$33,$35,$35,$98,$64,$122,122,$0.29,$0.29,$106,$0,$0,$536,$2102,$0,$1026,$95,$3657,$4193,$349,$2605,$92,$2706,$3055,$1,$8,$-23,$1139,$4193,$35,$34,$4,$38,$9,$0,$0,$0,$-8,$65,$-48,$0,$0,$0,$0,$0,$4,$-44,$53,$0,$53,$-40,$-40,$-58,$-4,$-49,$-24,$6,$-58
3,2017-12-31,22.17,$9.67,2.29,$18.83,1.18,$1.58,14.05,$1.21,18.32,$0.58B,$0.37B,1.57,$2.55B,$1.20B,2.13,$2.26B,$0.56B,24.91%,$2.26B,$0.25B,10.95%,$2.26B,$0.25B,10.95%,$2.26B,$0.39B,17.18%,$2.26B,$0.15B,6.71%,$2.26B,$0.15B,6.40%,$0.15B,$1.20B,11.87%,$0.15B,$0.17B,61.90%,$0.15B,$4.23B,3.40%,$0.25B,$3.75B,6.77%,$569,$424,$145,$0,$46,$503,$66,$-26,$41,$12,$28,$36,$36,$103,$66,$120,121,$0.30,$0.30,$126,$0,$0,$580,$2078,$0,$1034,$104,$3647,$4227,$370,$2553,$97,$2658,$3028,$1,$32,$-24,$1199,$4227,$146,$141,$30,$171,$21,$0,$0,$41,$64,$381,$-145,$0,$-354,$0,$0,$0,$-31,$-529,$123,$0,$123,$283,$283,$-227,$-14,$165,$13,$20,$-227
4,2017-09-30,24.82,$9.79,2.53,$19.20,1.29,$-1.34,0.0,$1.35,18.38,$0.73B,$0.58B,1.27,$2.49B,$1.21B,2.05,$2.26B,$0.56B,24.58%,$2.26B,$0.25B,11.05%,$2.26B,$0.25B,11.05%,$2.26B,$0.39B,17.11%,$2.26B,$0.15B,6.81%,$2.26B,$0.16B,6.98%,$0.16B,$1.21B,13.56%,$0.16B,$0.17B,68.10%,$0.16B,$4.37B,3.81%,$0.25B,$3.70B,7.12%,$567,$423,$144,$0,$49,$504,$63,$-24,$39,$2,$37,$38,$38,$99,$63,$122,123,$0.31,$0.31,$64,$0,$0,$730,$2056,$0,$1044,$102,$3639,$4369,$575,$2488,$93,$2580,$3155,$1,$53,$-26,$1214,$4369,$110,$104,$20,$124,$-157,$0,$0,$0,$-176,$58,$-103,$0,$-354,$0,$0,$0,$-4,$-461,$287,$0,$287,$283,$283,$-169,$-14,$387,$-15,$15,$-169
5,2017-06-30,26.86,$9.89,2.71,$19.56,1.37,$-1.69,0.0,$1.43,18.74,$0.71B,$0.57B,1.24,$2.40B,$1.23B,1.96,$2.25B,$0.55B,24.50%,$2.25B,$0.26B,11.52%,$2.25B,$0.26B,11.52%,$2.25B,$0.39B,17.47%,$2.25B,$0.16B,7.20%,$2.25B,$0.16B,7.29%,$0.16B,$1.23B,14.86%,$0.16B,$0.17B,72.89%,$0.16B,$4.29B,4.11%,$0.26B,$3.62B,7.56%,$577,$438,$139,$0,$52,$523,$55,$-24,$31,$1,$30,$31,$31,$90,$55,$122,123,$0.25,$0.25,$83,$0,$0,$707,$2050,$0,$1056,$90,$3587,$4294,$571,$2398,$99,$2497,$3067,$1,$73,$-28,$1227,$4294,$71,$68,$13,$81,$-78,$0,$0,$0,$-102,$51,$-67,$0,$-354,$0,$0,$0,$-3,$-424,$209,$0,$209,$282,$282,$-111,$-12,$369,$-3,$10,$-111
6,2017-03-31,27.68,$10.08,2.75,$19.78,1.4,$-1.63,0.0,$1.39,19.91,$1.03B,$0.51B,2.01,$2.32B,$1.25B,1.86,$2.22B,$0.54B,24.50%,$2.22B,$0.27B,12.16%,$2.22B,$0.27B,12.16%,$2.22B,$0.40B,18.02%,$2.22B,$0.16B,7.03%,$2.22B,$0.16B,7.03%,$0.16B,$1.25B,15.02%,$0.16B,$0.43B,71.97%,$0.16B,$4.17B,4.09%,$0.27B,$3.57B,8.12%,$551,$415,$136,$0,$43,$486,$64,$-23,$41,$2,$39,$40,$40,$97,$64,$114,114,$0.36,$0.35,$451,$0,$0,$1026,$1910,$0,$814,$85,$3141,$4167,$511,$2321,$89,$2410,$2921,$1,$101,$-30,$1246,$4167,$40,$33,$6,$39,$-17,$0,$0,$0,$-32,$48,$-34,$0,$0,$0,$0,$0,$-2,$-36,$133,$0,$133,$280,$280,$-53,$-11,$350,$365,$5,$-53
7,2016-12-31,21.12,$8.66,2.44,$19.56,1.08,$-2.16,0.0,$1.33,15.84,$0.70B,$0.50B,1.38,$2.18B,$0.98B,2.24,$2.18B,$0.53B,24.32%,$2.18B,$0.27B,12.16%,$2.18B,$0.27B,12.16%,$2.18B,$0.39B,18.04%,$2.18B,$0.15B,6.84%,$2.18B,$0.15B,6.79%,$0.15B,$0.98B,15.18%,$0.15B,$0.16B,99.83%,$0.15B,$3.75B,4.05%,$0.27B,$3.16B,8.21%,$567,$429,$137,$0,$40,$499,$68,$-25,$43,$-4,$47,$49,$49,$101,$68,$111,111,$0.45,$0.44,$85,$0,$0,$698,$1897,$0,$819,$85,$3052,$3749,$504,$2182,$89,$2270,$2774,$1,$113,$-31,$975,$3749,$148,$127,$22,$149,$-51,$0,$0,$-281,$-326,$-28,$-80,$0,$0,$0,$0,$0,$-5,$-84,$336,$0,$336,$4,$4,$-195,$-25,$120,$8,$13,$-195
8,2016-09-30,13.6,$8.59,1.58,$18.98,0.72,$-0.97,0.0,$1.29,10.57,$0.51B,$0.29B,1.76,$2.40B,$0.97B,2.48,$2.11B,$0.53B,24.95%,$2.11B,$0.26B,12.50%,$2.11B,$0.26B,12.50%,$2.11B,$0.39B,18.42%,$2.11B,$0.15B,7.05%,$2.11B,$0.14B,6.77%,$0.14B,$0.97B,14.55%,$0.14B,$0.14B,94.70%,$0.14B,$3.74B,3.99%,$0.26B,$3.36B,8.22%,$554,$416,$139,$0,$37,$482,$72,$-26,$47,$5,$42,$44,$44,$105,$72,$111,112,$0.39,$0.39,$133,$0,$0,$508,$1908,$0,$824,$89,$3235,$3742,$289,$2395,$92,$2487,$2776,$1,$112,$-35,$966,$3742,$99,$94,$26,$120,$-239,$0,$0,$0,$-231,$-12,$-68,$0,$0,$0,$0,$0,$-93,$-161,$309,$0,$309,$3,$3,$-146,$-24,$142,$-30,$10,$-146
9,2016-06-30,19.18,$8.60,2.23,$18.25,1.05,$-0.17,0.0,$1.24,15.46,$0.44B,$0.29B,1.52,$2.25B,$0.97B,2.33,$2.03B,$0.51B,25.25%,$2.03B,$0.26B,12.57%,$2.03B,$0.26B,12.57%,$2.03B,$0.38B,18.54%,$2.03B,$0.14B,6.95%,$2.03B,$0.14B,6.76%,$0.14B,$0.97B,13.80%,$0.14B,$0.14B,88.10%,$0.14B,$3.60B,3.90%,$0.26B,$3.22B,8.12%,$548,$417,$132,$0,$37,$482,$66,$-41,$25,$4,$21,$23,$23,$97,$66,$111,111,$0.21,$0.21,$111,$0,$0,$438,$1914,$0,$829,$93,$3163,$3600,$289,$2252,$92,$2344,$2633,$1,$117,$-36,$967,$3600,$55,$62,$21,$83,$-110,$0,$0,$0,$-101,$38,$-46,$0,$0,$0,$0,$0,$-65,$-111,$170,$0,$170,$2,$2,$-97,$-23,$52,$-21,$6,$-97
10,2016-03-31,19.07,$8.82,2.16,$17.35,1.1,$-0.02,0.0,$1.29,14.82,$0.45B,$0.28B,1.62,$2.19B,$0.99B,2.2,$1.93B,$0.49B,25.55%,$1.93B,$0.24B,12.56%,$1.93B,$0.24B,12.56%,$1.93B,$0.36B,18.69%,$1.93B,$0.15B,7.53%,$1.93B,$0.14B,7.37%,$0.14B,$0.99B,14.13%,$0.14B,$0.16B,87.38%,$0.14B,$3.54B,4.10%,$0.24B,$3.18B,7.82%,$510,$389,$122,$0,$34,$451,$59,$-25,$34,$3,$31,$32,$32,$90,$59,$111,111,$0.29,$0.29,$72,$0,$0,$445,$1920,$0,$835,$88,$3098,$3543,$275,$2186,$91,$2277,$2551,$1,$143,$-33,$992,$3543,$32,$31,$3,$33,$-70,$0,$0,$0,$-83,$-18,$-28,$0,$0,$0,$0,$0,$-41,$-69,$98,$0,$98,$3,$3,$-49,$-4,$49,$-36,$3,$-49
11,2015-12-31,15.52,$8.99,1.73,$16.62,0.93,$0.63,24.66,$1.25,12.38,$0.44B,$0.28B,1.57,$2.08B,$1.01B,2.06,$1.84B,$0.48B,25.99%,$1.84B,$0.24B,12.81%,$1.84B,$0.24B,12.81%,$1.84B,$0.35B,18.94%,$1.84B,$0.14B,7.65%,$1.84B,$0.14B,7.54%,$0.14B,$1.01B,13.71%,$0.14B,$0.17B,80.12%,$0.14B,$3.46B,4.07%,$0.24B,$3.08B,7.74%,$500,$366,$134,$0,$39,$433,$67,$-24,$43,$0,$42,$44,$44,$97,$67,$111,111,$0.40,$0.39,$68,$0,$0,$438,$1916,$0,$840,$85,$3024,$3462,$279,$2078,$88,$2177,$2455,$1,$159,$-32,$1007,$3462,$139,$114,$11,$124,$-29,$0,$0,$-114,$-121,$142,$-118,$0,$-332,$0,$0,$0,$-4,$-453,$524,$0,$524,$3,$3,$-187,$-8,$332,$18,$12,$-187
12,2015-09-30,15.6,$8.98,1.74,$16.05,0.97,$1.23,12.73,$1.21,12.93,$0.40B,$0.26B,1.58,$2.07B,$1.01B,2.06,$1.77B,$0.46B,26.03%,$1.77B,$0.23B,13.04%,$1.77B,$0.23B,13.04%,$1.77B,$0.34B,19.20%,$1.77B,$0.14B,7.74%,$1.77B,$0.13B,7.51%,$0.13B,$1.01B,12.99%,$0.13B,$0.16B,57.58%,$0.13B,$3.44B,4.03%,$0.23B,$3.07B,7.86%,$470,$346,$124,$0,$34,$407,$63,$-24,$39,$2,$37,$38,$38,$92,$63,$111,111,$0.35,$0.35,$56,$0,$0,$404,$1921,$0,$845,$130,$3031,$3435,$256,$2069,$88,$2173,$2429,$1,$163,$-35,$1005,$3435,$95,$84,$3,$86,$-78,$0,$0,$0,$-71,$111,$-101,$0,$-332,$0,$0,$0,$-10,$-442,$483,$0,$483,$3,$3,$-138,$-7,$341,$6,$9,$-138
13,2015-06-30,17.6,$9.08,1.94,$16.01,1.1,$1.93,9.1,$1.22,14.43,$0.38B,$0.26B,1.5,$2.03B,$1.02B,1.99,$1.76B,$0.45B,25.75%,$1.76B,$0.23B,13.13%,$1.76B,$0.23B,13.13%,$1.76B,$0.34B,19.16%,$1.76B,$0.14B,8.02%,$1.76B,$0.13B,7.62%,$0.13B,$1.02B,12.90%,$0.13B,$0.17B,45.50%,$0.13B,$3.40B,4.20%,$0.23B,$3.04B,8.16%,$446,$334,$112,$0,$32,$393,$53,$-24,$29,$2,$27,$28,$28,$81,$53,$110,111,$0.25,$0.25,$55,$0,$0,$384,$1919,$0,$851,$126,$3018,$3401,$256,$2027,$86,$2129,$2385,$1,$171,$-28,$1017,$3401,$57,$55,$2,$57,$-33,$0,$0,$0,$-34,$80,$-72,$0,$-332,$0,$0,$0,$-5,$-408,$428,$0,$428,$2,$2,$-92,$-4,$335,$6,$6,$-92
14,2015-03-31,22.16,$9.17,2.42,$15.81,1.4,$2.71,8.18,$1.33,16.7,$0.41B,$0.27B,1.52,$1.96B,$1.03B,1.91,$1.73B,$0.45B,26.30%,$1.73B,$0.24B,13.85%,$1.73B,$0.24B,13.85%,$1.73B,$0.34B,19.81%,$1.73B,$0.15B,8.86%,$1.73B,$0.15B,8.40%,$0.15B,$1.03B,13.95%,$0.15B,$0.20B,42.18%,$0.15B,$3.37B,4.73%,$0.24B,$2.99B,8.80%,$427,$318,$109,$0,$32,$375,$53,$-23,$30,$3,$27,$29,$29,$79,$53,$110,111,$0.26,$0.26,$77,$0,$0,$409,$1907,$0,$825,$126,$2959,$3368,$269,$1963,$100,$2073,$2341,$1,$189,$-33,$1026,$3368,$29,$27,$0,$27,$-12,$0,$0,$0,$5,$61,$-34,$0,$-307,$0,$0,$0,$-7,$-349,$364,$0,$364,$1,$1,$-46,$-2,$317,$28,$3,$-46
15,2014-12-31,20.16,$9.40,2.14,$15.60,1.29,$2.89,6.97,$1.33,15.19,$0.38B,$0.25B,1.49,$1.61B,$1.05B,1.53,$1.69B,$0.45B,26.36%,$1.69B,$0.24B,13.89%,$1.69B,$0.24B,13.89%,$1.69B,$0.34B,19.92%,$1.69B,$0.15B,8.98%,$1.69B,$0.14B,8.51%,$0.14B,$1.05B,13.88%,$0.14B,$0.40B,37.62%,$0.14B,$3.00B,4.88%,$0.24B,$2.65B,9.00%,$428,$312,$116,$0,$30,$366,$62,$-23,$39,$3,$36,$38,$38,$88,$62,$108,109,$0.35,$0.34,$46,$0,$0,$377,$1772,$0,$649,$122,$2625,$3002,$254,$1605,$87,$1702,$1956,$1,$206,$-27,$1046,$3002,$144,$102,$-2,$99,$-49,$0,$0,$0,$-40,$203,$-114,$0,$-13,$0,$0,$0,$5,$-121,$45,$0,$45,$62,$62,$-170,$-26,$-89,$-11,$9,$-170
16,2014-09-30,18.79,$9.59,1.96,$15.24,1.23,$2.79,6.74,$1.23,15.24,$0.39B,$0.26B,1.49,$1.58B,$1.07B,1.48,$1.65B,$0.43B,26.27%,$1.65B,$0.22B,13.41%,$1.65B,$0.22B,13.41%,$1.65B,$0.32B,19.54%,$1.65B,$0.13B,7.65%,$1.65B,$0.13B,8.13%,$0.13B,$1.07B,12.98%,$0.13B,$0.41B,35.64%,$0.13B,$3.00B,4.58%,$0.22B,$2.65B,8.52%,$458,$342,$116,$0,$28,$395,$63,$-20,$43,$6,$37,$39,$39,$89,$63,$109,109,$0.36,$0.36,$67,$0,$0,$393,$1757,$0,$653,$126,$2605,$2998,$264,$1579,$74,$1668,$1931,$1,$214,$-11,$1067,$2998,$106,$76,$3,$79,$-32,$0,$0,$0,$-21,$165,$-77,$0,$-13,$0,$0,$0,$-6,$-96,$20,$0,$20,$61,$61,$-124,$-24,$-67,$1,$6,$-124
17,2014-06-30,17.31,$9.36,1.85,$14.57,1.19,$2.53,6.84,$1.15,15.01,$0.38B,$0.25B,1.55,$1.55B,$1.02B,1.52,$1.57B,$0.41B,26.31%,$1.57B,$0.20B,12.93%,$1.57B,$0.20B,12.93%,$1.57B,$0.30B,19.30%,$1.57B,$0.11B,6.75%,$1.57B,$0.13B,7.96%,$0.13B,$1.02B,12.21%,$0.13B,$0.36B,34.08%,$0.13B,$2.91B,4.31%,$0.20B,$2.57B,7.88%,$413,$300,$113,$0,$28,$352,$61,$-20,$41,$3,$38,$39,$39,$86,$61,$108,108,$0.36,$0.36,$52,$0,$0,$384,$1737,$0,$657,$108,$2522,$2905,$247,$1553,$70,$1638,$1885,$1,$217,$-3,$1020,$2905,$67,$50,$2,$52,$-0,$0,$0,$0,$13,$132,$-41,$0,$-13,$0,$0,$0,$-9,$-63,$-8,$0,$-8,$6,$6,$-83,$-0,$-85,$-15,$5,$-83
18,2014-03-31,15.35,$9.35,1.64,$14.30,1.07,$1.81,8.49,$1.11,13.79,$0.39B,$0.24B,1.62,$1.56B,$1.02B,1.53,$1.54B,$0.40B,26.12%,$1.54B,$0.19B,12.54%,$1.54B,$0.19B,12.54%,$1.54B,$0.29B,19.10%,$1.54B,$0.09B,5.91%,$1.54B,$0.12B,7.80%,$0.12B,$1.02B,11.67%,$0.12B,$0.36B,32.45%,$0.12B,$2.90B,4.15%,$0.19B,$2.57B,7.48%,$393,$292,$101,$0,$29,$345,$49,$-20,$29,$2,$27,$28,$28,$74,$49,$107,108,$0.26,$0.26,$52,$0,$0,$389,$1727,$0,$661,$103,$2512,$2901,$241,$1556,$71,$1642,$1883,$1,$219,$-3,$1018,$2901,$28,$25,$1,$27,$-7,$0,$0,$0,$9,$63,$-17,$0,$-13,$0,$0,$0,$-3,$-34,$-7,$0,$-7,$3,$3,$-41,$1,$-45,$-14,$2,$-41
19,2013-12-31,15.08,$9.47,1.59,$14.18,1.06,$1.72,8.78,$1.07,14.05,$0.38B,$0.22B,1.72,$1.56B,$1.02B,1.53,$1.52B,$0.40B,26.07%,$1.52B,$0.19B,12.15%,$1.52B,$0.19B,12.15%,$1.52B,$0.29B,18.78%,$1.52B,$0.09B,5.58%,$1.52B,$0.12B,7.55%,$0.12B,$1.02B,11.13%,$0.12B,$0.37B,30.73%,$0.12B,$2.89B,3.98%,$0.19B,$2.59B,7.21%,$384,$281,$103,$0,$30,$336,$48,$-35,$13,$-12,$25,$28,$28,$74,$48,$107,107,$0.26,$0.25,$64,$0,$0,$384,$1728,$0,$654,$102,$2505,$2889,$223,$1563,$65,$1642,$1865,$1,$233,$-4,$1024,$2889,$115,$101,$14,$114,$-27,$0,$0,$0,$-37,$192,$-115,$0,$0,$0,$0,$0,$16,$-99,$103,$0,$103,$6,$6,$-147,$-31,$-69,$20,$8,$-147
20,2013-09-30,15.31,$9.57,1.6,$14.70,1.04,$2.76,5.55,$1.70,9.0,$0.37B,$0.23B,1.62,$1.54B,$1.03B,1.49,$1.52B,$0.39B,25.82%,$1.52B,$0.18B,11.59%,$1.52B,$0.18B,11.59%,$1.52B,$0.28B,18.25%,$1.52B,$0.09B,6.13%,$1.52B,$0.17B,11.13%,$0.17B,$1.03B,16.26%,$0.17B,$0.38B,44.89%,$0.17B,$2.90B,5.87%,$0.18B,$2.57B,6.93%,$380,$284,$96,$0,$27,$335,$45,$-22,$23,$-8,$31,$32,$30,$70,$45,$107,107,$0.28,$0.28,$62,$0,$0,$374,$1729,$0,$657,$113,$2522,$2895,$231,$1540,$74,$1630,$1861,$1,$245,$-3,$1034,$2895,$88,$75,$4,$79,$-16,$0,$0,$0,$-9,$158,$-99,$0,$0,$0,$0,$0,$13,$-86,$73,$0,$73,$5,$5,$-108,$-17,$-47,$21,$6,$-108
21,2013-06-30,15.39,$9.59,1.6,$15.18,1.01,$3.77,4.08,$1.59,9.7,$0.34B,$0.21B,1.58,$1.55B,$1.04B,1.5,$1.51B,$0.40B,26.34%,$1.51B,$0.18B,12.14%,$1.51B,$0.18B,12.14%,$1.51B,$0.28B,18.78%,$1.51B,$0.09B,6.24%,$1.51B,$0.16B,10.29%,$0.16B,$1.04B,14.85%,$0.16B,$0.38B,41.69%,$0.16B,$2.89B,5.35%,$0.18B,$2.59B,7.26%,$382,$279,$102,$0,$27,$330,$51,$-25,$26,$-7,$33,$34,$34,$77,$51,$107,107,$0.32,$0.32,$54,$0,$0,$337,$1740,$0,$661,$128,$2552,$2888,$213,$1549,$74,$1639,$1852,$1,$251,$-4,$1036,$2888,$58,$50,$-0,$49,$10,$0,$0,$0,$-6,$101,$-88,$0,$0,$0,$0,$0,$-7,$-95,$87,$0,$87,$4,$4,$-72,$-16,$4,$7,$3,$-72
22,2013-03-31,16.83,$9.68,1.74,$15.68,1.07,$4.28,3.93,$1.51,11.12,$0.40B,$0.27B,1.47,$1.48B,$1.04B,1.42,$1.50B,$0.40B,26.54%,$1.50B,$0.19B,12.37%,$1.50B,$0.19B,12.37%,$1.50B,$0.28B,18.92%,$1.50B,$0.10B,6.82%,$1.50B,$0.14B,9.63%,$0.14B,$1.04B,13.68%,$0.14B,$0.38B,38.76%,$0.14B,$2.89B,4.90%,$0.19B,$2.52B,7.34%,$377,$281,$96,$0,$32,$336,$41,$-18,$23,$1,$22,$23,$23,$66,$41,$106,107,$0.22,$0.22,$100,$0,$0,$398,$1680,$0,$665,$117,$2490,$2888,$270,$1480,$83,$1578,$1848,$1,$252,$2,$1040,$2888,$23,$24,$-1,$24,$-7,$0,$0,$0,$-2,$45,$-10,$0,$0,$0,$0,$0,$2,$-7,$52,$0,$52,$3,$3,$-36,$-5,$14,$52,$2,$-36
23,2012-12-31,12.43,$9.78,1.27,$16.10,0.77,$4.18,2.98,$1.46,8.51,$0.34B,$0.26B,1.3,$1.43B,$1.05B,1.37,$1.48B,$0.39B,26.37%,$1.48B,$0.18B,12.44%,$1.48B,$0.18B,12.44%,$1.48B,$0.28B,18.93%,$1.48B,$0.10B,6.76%,$1.48B,$0.14B,9.20%,$0.14B,$1.05B,12.88%,$0.14B,$0.38B,37.34%,$0.14B,$2.84B,4.58%,$0.18B,$2.48B,7.26%,$379,$281,$98,$0,$35,$339,$39,$-19,$21,$-73,$93,$95,$82,$64,$39,$92,92,$0.89,$0.88,$47,$0,$0,$337,$1687,$0,$669,$117,$2502,$2839,$260,$1434,$82,$1532,$1792,$1,$265,$3,$1047,$2839,$134,$96,$-37,$58,$45,$0,$0,$0,$72,$264,$-102,$0,$-2,$0,$0,$0,$48,$-55,$-98,$0,$-98,$0,$0,$-108,$-16,$-222,$-12,$7,$-108
24,2012-09-30,10.11,$11.39,0.89,$15.83,0.64,$2.16,4.68,$0.78,12.97,$0.40B,$0.29B,1.39,$1.45B,$1.05B,1.38,$1.45B,$0.39B,26.69%,$1.45B,$0.19B,13.20%,$1.45B,$0.19B,13.20%,$1.45B,$0.28B,19.53%,$1.45B,$0.11B,7.50%,$1.45B,$0.07B,5.02%,$0.07B,$1.05B,6.93%,$0.07B,$0.36B,20.41%,$0.07B,$2.97B,2.41%,$0.19B,$2.50B,7.50%,$369,$268,$101,$0,$26,$318,$52,$-27,$24,$10,$14,$15,$16,$76,$52,$91,92,$0.17,$0.17,$85,$0,$0,$399,$1710,$0,$694,$135,$2569,$2968,$287,$1450,$59,$1629,$1916,$1,$548,$2,$1052,$2968,$52,$70,$13,$83,$62,$0,$0,$0,$92,$228,$-84,$0,$-35,$0,$0,$0,$39,$-80,$-89,$0,$-89,$1,$1,$-18,$-16,$-122,$26,$5,$-18
25,2012-06-30,8.24,$11.64,0.71,$15.97,0.52,$0.54,15.22,$0.84,9.81,$0.45B,$0.28B,1.6,$1.51B,$1.07B,1.41,$1.48B,$0.39B,26.00%,$1.48B,$0.19B,12.83%,$1.48B,$0.19B,12.83%,$1.48B,$0.28B,18.97%,$1.48B,$0.12B,7.97%,$1.48B,$0.08B,5.33%,$0.08B,$1.07B,7.51%,$0.08B,$0.37B,22.57%,$0.08B,$3.05B,2.61%,$0.19B,$2.58B,7.40%,$371,$269,$102,$0,$26,$318,$53,$-19,$34,$14,$20,$21,$23,$77,$53,$91,92,$0.25,$0.25,$109,$0,$0,$452,$1718,$0,$699,$149,$2597,$3049,$283,$1509,$59,$1694,$1977,$1,$544,$1,$1073,$3049,$38,$47,$14,$61,$23,$0,$0,$0,$29,$127,$-69,$0,$0,$0,$0,$0,$-2,$-71,$-24,$0,$-24,$-1,$-1,$-6,$-0,$-31,$25,$1,$-6
26,2012-03-31,6.89,$11.40,0.61,$15.99,0.43,$0.06,106.9,$0.81,8.48,$0.43B,$0.27B,1.58,$1.53B,$1.05B,1.45,$1.51B,$0.38B,25.28%,$1.51B,$0.19B,12.34%,$1.51B,$0.19B,12.34%,$1.51B,$0.27B,18.18%,$1.51B,$0.12B,7.63%,$1.51B,$0.08B,5.18%,$0.08B,$1.05B,7.40%,$0.08B,$0.35B,22.71%,$0.08B,$3.03B,2.59%,$0.19B,$2.58B,7.29%,$360,$271,$89,$0,$27,$320,$40,$-19,$21,$8,$13,$14,$15,$63,$40,$91,91,$0.17,$0.17,$87,$0,$0,$430,$1717,$0,$704,$150,$2604,$3034,$272,$1527,$59,$1712,$1984,$1,$522,$4,$1050,$3034,$15,$23,$4,$27,$26,$0,$0,$0,$27,$68,$-47,$0,$0,$0,$0,$0,$-0,$-48,$-11,$0,$-11,$-1,$-1,$-6,$-0,$-18,$4,$1,$-6
27,2011-12-31,6.08,$11.32,0.54,$16.09,0.38,$0.15,40.5,$0.82,7.41,$0.46B,$0.29B,1.59,$1.54B,$1.04B,1.48,$1.54B,$0.38B,24.95%,$1.54B,$0.19B,12.15%,$1.54B,$0.19B,12.15%,$1.54B,$0.27B,17.61%,$1.54B,$0.12B,7.73%,$1.54B,$0.08B,5.20%,$0.08B,$1.04B,7.58%,$0.08B,$0.35B,23.77%,$0.08B,$3.05B,2.67%,$0.19B,$2.58B,7.40%,$354,$258,$96,$0,$26,$307,$47,$-18,$30,$12,$18,$17,$19,$68,$47,$92,93,$0.20,$0.20,$86,$0,$0,$459,$1688,$0,$686,$141,$2591,$3050,$289,$1541,$54,$1723,$2011,$1,$507,$2,$1039,$3050,$77,$83,$65,$149,$-20,$0,$0,$0,$-37,$189,$-213,$0,$-410,$0,$0,$0,$-13,$-636,$546,$0,$546,$-73,$-73,$-4,$-15,$454,$5,$6,$-4
28,2011-09-30,6.73,$11.13,0.6,$14.51,0.46,$0.84,8.04,$0.86,7.83,$0.43B,$0.30B,1.42,$1.49B,$1.05B,1.42,$1.37B,$0.36B,26.20%,$1.37B,$0.17B,12.37%,$1.37B,$0.17B,12.37%,$1.37B,$0.25B,17.83%,$1.37B,$0.11B,7.86%,$1.37B,$0.08B,6.11%,$0.08B,$1.05B,7.96%,$0.08B,$0.33B,19.67%,$0.08B,$2.99B,2.96%,$0.17B,$2.53B,7.10%,$396,$298,$98,$0,$26,$345,$50,$-18,$33,$12,$20,$21,$22,$73,$50,$95,95,$0.23,$0.23,$85,$0,$0,$426,$1674,$0,$718,$140,$2565,$2991,$301,$1486,$59,$1645,$1945,$1,$488,$3,$1045,$2991,$59,$63,$13,$75,$26,$0,$0,$0,$30,$164,$-170,$0,$-410,$0,$0,$0,$-4,$-583,$490,$0,$490,$-48,$-48,$-4,$-11,$427,$4,$2,$-4
29,2011-06-30,8.35,$11.07,0.75,$14.12,0.59,$1.30,6.4,$0.69,12.05,$0.45B,$0.30B,1.51,$1.43B,$1.08B,1.33,$1.31B,$0.34B,25.96%,$1.31B,$0.15B,11.49%,$1.31B,$0.15B,11.49%,$1.31B,$0.22B,16.46%,$1.31B,$0.09B,6.58%,$1.31B,$0.07B,5.13%,$0.07B,$1.08B,6.41%,$0.07B,$0.35B,13.05%,$0.07B,$2.98B,2.50%,$0.15B,$2.51B,6.62%,$397,$299,$98,$0,$28,$348,$49,$-18,$31,$12,$19,$20,$22,$70,$49,$97,97,$0.22,$0.22,$96,$0,$24,$452,$1618,$0,$732,$143,$2530,$2982,$300,$1432,$63,$1603,$1902,$1,$467,$11,$1080,$2982,$38,$40,$12,$53,$16,$0,$0,$0,$5,$95,$-80,$0,$-410,$0,$0,$0,$-11,$-501,$435,$0,$435,$2,$2,$-4,$-10,$423,$18,$2,$-4
30,2011-03-31,9.3,$10.85,0.86,$13.83,0.67,$1.54,6.02,$0.71,13.16,$0.48B,$0.30B,1.63,$1.44B,$1.06B,1.36,$1.19B,$0.30B,25.57%,$1.19B,$0.13B,11.27%,$1.19B,$0.13B,11.27%,$1.19B,$0.19B,15.90%,$1.19B,$0.08B,6.81%,$1.19B,$0.06B,5.21%,$0.06B,$1.06B,6.65%,$0.06B,$0.32B,10.90%,$0.06B,$2.96B,2.69%,$0.13B,$2.49B,6.87%,$392,$299,$92,$0,$33,$351,$41,$-15,$25,$10,$16,$16,$17,$60,$41,$96,97,$0.17,$0.17,$123,$0,$32,$482,$1569,$50,$738,$80,$2474,$2956,$296,$1435,$62,$1604,$1901,$1,$445,$10,$1055,$2956,$16,$19,$8,$27,$29,$0,$0,$0,$26,$69,$-38,$0,$-410,$0,$0,$0,$3,$-445,$439,$0,$439,$1,$1,$-4,$-9,$427,$46,$1,$-4
31,2010-12-31,8.94,$10.76,0.83,$13.51,0.66,$1.86,4.8,$0.76,11.77,$0.42B,$0.27B,1.58,$1.00B,$1.04B,0.97,$1.09B,$0.27B,25.16%,$1.09B,$0.13B,11.80%,$1.09B,$0.13B,11.80%,$1.09B,$0.17B,16.04%,$1.09B,$0.08B,7.74%,$1.09B,$0.06B,5.81%,$0.06B,$1.04B,7.62%,$0.06B,$0.72B,9.95%,$0.06B,$2.41B,3.28%,$0.13B,$2.04B,7.86%,$189,$117,$72,$0,$30,$159,$30,$-11,$19,$6,$13,$15,$23,$42,$30,$83,84,$0.24,$0.23,$81,$0,$0,$422,$1511,$0,$324,$116,$1990,$2412,$267,$1003,$47,$1106,$1373,$1,$429,$10,$1039,$2412,$63,$48,$28,$76,$-12,$0,$0,$0,$-9,$130,$-94,$0,$-260,$0,$-11,$-11,$-3,$-368,$329,$0,$329,$-80,$-80,$0,$-4,$244,$9,$5,$0
32,2010-09-30,8.47,$10.44,0.81,$15.25,0.56,$1.20,7.05,$0.72,11.76,$0.41B,$0.27B,1.51,$1.01B,$1.01B,1.0,$1.21B,$0.27B,22.37%,$1.21B,$0.14B,11.43%,$1.21B,$0.14B,11.43%,$1.21B,$0.18B,14.83%,$1.21B,$0.09B,7.54%,$1.21B,$0.06B,4.56%,$0.06B,$1.01B,7.50%,$0.06B,$0.67B,9.08%,$0.06B,$2.39B,3.27%,$0.14B,$2.02B,9.69%,$328,$251,$77,$0,$34,$298,$30,$-18,$11,$8,$4,$5,$5,$43,$30,$87,87,$0.06,$0.06,$94,$0,$21,$408,$1499,$0,$337,$109,$1982,$2390,$271,$1008,$51,$1110,$1381,$1,$405,$8,$1009,$2390,$40,$35,$12,$47,$3,$0,$0,$0,$17,$104,$-68,$0,$-260,$0,$0,$0,$-2,$-330,$331,$0,$331,$-81,$-81,$0,$-5,$244,$20,$1,$0
33,2010-06-30,7.53,$8.55,0.88,$15.27,0.49,$0.35,21.45,$0.91,8.3,$0.26B,$0.17B,1.55,$0.63B,$0.63B,1.0,$1.17B,$0.25B,21.64%,$1.17B,$0.14B,12.18%,$1.17B,$0.14B,12.18%,$1.17B,$0.18B,15.59%,$1.17B,$0.11B,9.37%,$1.17B,$0.07B,5.88%,$0.07B,$0.63B,10.76%,$0.07B,$0.57B,11.69%,$0.07B,$1.46B,4.81%,$0.14B,$1.25B,11.80%,$280,$217,$63,$0,$21,$247,$33,$-7,$26,$10,$16,$17,$17,$44,$33,$73,74,$0.23,$0.23,$53,$0,$14,$258,$1031,$0,$56,$79,$1198,$1457,$167,$625,$32,$663,$830,$0,$401,$3,$627,$1457,$35,$21,$5,$26,$27,$0,$0,$0,$25,$85,$-56,$0,$0,$0,$0,$0,$-5,$-61,$56,$0,$56,$-72,$-72,$0,$0,$-16,$6,$0,$0
34,2010-03-31,7.19,$8.55,0.84,$15.04,0.48,$0.10,69.25,$0.89,8.05,$0.25B,$0.19B,1.37,$0.57B,$0.63B,0.9,$1.17B,$0.25B,21.28%,$1.17B,$0.14B,12.05%,$1.17B,$0.14B,12.05%,$1.17B,$0.18B,15.56%,$1.17B,$0.11B,9.32%,$1.17B,$0.07B,5.90%,$0.07B,$0.63B,10.79%,$0.07B,$0.57B,11.63%,$0.07B,$1.43B,4.90%,$0.14B,$1.20B,11.95%,$288,$226,$61,$0,$17,$253,$35,$-7,$28,$11,$17,$18,$18,$45,$35,$76,77,$0.23,$0.23,$44,$0,$13,$254,$1004,$0,$57,$75,$1173,$1427,$185,$569,$34,$610,$795,$0,$384,$6,$632,$1427,$18,$11,$4,$15,$21,$0,$0,$0,$32,$65,$-16,$0,$0,$0,$0,$0,$-2,$-18,$2,$0,$2,$-53,$-53,$0,$0,$-50,$-4,$0,$0
35,2009-12-31,7.94,$8.59,0.92,$14.67,0.54,$-0.22,0.0,$0.85,9.3,$0.28B,$0.18B,1.58,$0.57B,$0.67B,0.85,$1.14B,$0.25B,21.47%,$1.14B,$0.14B,11.92%,$1.14B,$0.14B,11.92%,$1.14B,$0.18B,15.69%,$1.14B,$0.11B,9.20%,$1.14B,$0.07B,5.78%,$0.07B,$0.67B,10.47%,$0.07B,$0.61B,11.18%,$0.07B,$1.45B,4.79%,$0.14B,$1.23B,11.79%,$311,$242,$69,$0,$19,$271,$40,$-13,$26,$12,$14,$16,$15,$47,$40,$76,78,$0.20,$0.20,$47,$0,$15,$280,$999,$0,$58,$75,$1168,$1448,$177,$565,$33,$605,$783,$1,$366,$5,$665,$1448,$66,$43,$26,$69,$1,$0,$0,$0,$-4,$131,$-150,$0,$-38,$0,$0,$0,$3,$-185,$66,$0,$66,$1,$1,$-0,$-15,$52,$2,$2,$-0
36,2009-09-30,7.32,$8.33,0.88,$13.98,0.52,$-0.74,0.0,$0.87,8.44,$0.29B,$0.20B,1.46,$0.53B,$0.64B,0.82,$1.09B,$0.24B,22.01%,$1.09B,$0.13B,12.06%,$1.09B,$0.13B,12.06%,$1.09B,$0.18B,16.21%,$1.09B,$0.11B,9.85%,$1.09B,$0.07B,6.17%,$0.07B,$0.64B,11.00%,$0.07B,$0.61B,11.65%,$0.07B,$1.40B,5.00%,$0.13B,$1.17B,11.76%,$295,$234,$61,$0,$16,$260,$35,$-5,$30,$12,$18,$19,$19,$47,$35,$76,78,$0.25,$0.25,$38,$0,$13,$293,$969,$0,$34,$64,$1108,$1401,$200,$526,$33,$559,$759,$1,$350,$1,$642,$1401,$51,$35,$4,$39,$-22,$0,$0,$0,$-10,$79,$-114,$0,$0,$0,$0,$0,$-1,$-115,$23,$0,$23,$0,$0,$0,$1,$24,$-7,$1,$0
37,2009-06-30,6.74,$8.05,0.84,$13.46,0.5,$-0.92,0.0,$0.83,8.15,$0.28B,$0.20B,1.37,$0.50B,$0.62B,0.81,$1.05B,$0.23B,22.30%,$1.05B,$0.13B,11.96%,$1.05B,$0.13B,11.96%,$1.05B,$0.17B,16.08%,$1.05B,$0.10B,9.57%,$1.05B,$0.06B,6.12%,$0.06B,$0.62B,10.82%,$0.06B,$0.59B,11.50%,$0.06B,$1.36B,4.91%,$0.13B,$1.12B,11.53%,$276,$219,$58,$0,$17,$246,$31,$-6,$25,$10,$16,$16,$17,$43,$31,$76,78,$0.22,$0.21,$60,$0,$12,$279,$941,$0,$34,$62,$1077,$1356,$204,$502,$32,$534,$737,$1,$331,$-0,$619,$1356,$31,$24,$5,$28,$13,$0,$0,$4,$24,$83,$-72,$0,$0,$0,$0,$0,$-2,$-73,$2,$0,$2,$0,$0,$0,$1,$2,$16,$1,$0
38,2009-03-31,4.81,$7.77,0.62,$13.38,0.36,$-1.54,0.0,$0.79,6.11,$0.28B,$0.19B,1.51,$0.50B,$0.60B,0.84,$1.04B,$0.23B,22.04%,$1.04B,$0.12B,11.65%,$1.04B,$0.12B,11.65%,$1.04B,$0.16B,15.59%,$1.04B,$0.10B,9.34%,$1.04B,$0.06B,5.87%,$0.06B,$0.60B,10.58%,$0.06B,$0.56B,11.28%,$0.06B,$1.31B,4.77%,$0.12B,$1.09B,11.39%,$259,$202,$57,$0,$17,$229,$30,$-6,$24,$9,$14,$15,$15,$42,$30,$76,78,$0.19,$0.19,$73,$0,$11,$281,$904,$0,$34,$56,$1029,$1310,$186,$498,$30,$528,$714,$1,$315,$-7,$596,$1310,$15,$12,$5,$17,$21,$0,$0,$4,$15,$47,$-23,$0,$0,$0,$0,$0,$1,$-22,$4,$0,$4,$0,$0,$0,$1,$4,$28,$0,$0
39,2008-12-31,6.54,$7.56,0.87,$13.42,0.49,$-2.24,0.0,$0.76,8.6,$0.28B,$0.19B,1.52,$0.49B,$0.58B,0.85,$1.04B,$0.22B,21.31%,$1.04B,$0.12B,11.04%,$1.04B,$0.12B,11.04%,$1.04B,$0.15B,14.78%,$1.04B,$0.09B,8.73%,$1.04B,$0.06B,5.57%,$0.06B,$0.58B,10.31%,$0.06B,$0.55B,11.02%,$0.06B,$1.29B,4.61%,$0.12B,$1.07B,11.06%,$256,$194,$63,$0,$17,$221,$35,$-7,$28,$10,$18,$21,$16,$44,$35,$76,78,$0.22,$0.21,$45,$0,$13,$282,$879,$0,$35,$58,$1007,$1289,$186,$494,$29,$523,$709,$1,$300,$-7,$580,$1289,$59,$40,$-1,$40,$-30,$0,$0,$0,$-27,$71,$-130,$0,$0,$0,$-2,$-2,$0,$-132,$56,$0,$56,$1,$1,$-0,$-3,$54,$-13,$2,$-0
40,2008-09-30,7.33,$7.45,0.98,$13.05,0.56,$-1.92,0.0,$0.69,10.57,$0.27B,$0.18B,1.51,$0.48B,$0.57B,0.83,$1.00B,$0.20B,20.26%,$1.00B,$0.10B,9.78%,$1.00B,$0.10B,9.78%,$1.00B,$0.14B,13.77%,$1.00B,$0.08B,7.49%,$1.00B,$0.05B,5.29%,$0.05B,$0.57B,9.64%,$0.05B,$0.54B,10.32%,$0.05B,$1.25B,4.30%,$0.10B,$1.05B,9.66%,$254,$199,$55,$0,$17,$226,$29,$-5,$23,$8,$15,$15,$16,$39,$29,$76,78,$0.21,$0.21,$40,$0,$14,$265,$854,$0,$36,$56,$989,$1254,$176,$476,$29,$507,$683,$1,$284,$3,$571,$1254,$42,$32,$3,$35,$-23,$0,$0,$1,$-28,$49,$-98,$0,$0,$0,$0,$0,$-0,$-98,$31,$0,$31,$0,$0,$0,$-0,$31,$-18,$1,$0
41,2008-06-30,8.16,$7.29,1.12,$13.21,0.62,$-1.62,0.0,$0.65,12.49,$0.29B,$0.19B,1.49,$0.48B,$0.56B,0.85,$1.01B,$0.20B,19.53%,$1.01B,$0.09B,9.27%,$1.01B,$0.09B,9.27%,$1.01B,$0.14B,13.31%,$1.01B,$0.07B,7.00%,$1.01B,$0.05B,4.93%,$0.05B,$0.56B,9.34%,$0.05B,$0.52B,10.04%,$0.05B,$1.26B,4.12%,$0.09B,$1.04B,9.45%,$270,$216,$54,$0,$18,$243,$27,$-5,$22,$9,$13,$14,$14,$37,$27,$76,78,$0.19,$0.18,$54,$0,$17,$285,$833,$0,$36,$54,$974,$1259,$191,$476,$31,$509,$700,$1,$268,$8,$559,$1259,$27,$21,$0,$21,$-22,$0,$0,$0,$-14,$34,$-71,$0,$0,$0,$0,$0,$6,$-64,$25,$0,$25,$0,$0,$0,$1,$26,$-3,$0,$0
42,2008-03-31,10.32,$7.07,1.46,$13.06,0.79,$-1.25,0.0,$0.63,16.29,$0.27B,$0.19B,1.39,$0.46B,$0.54B,0.86,$1.00B,$0.20B,19.48%,$1.00B,$0.09B,9.29%,$1.00B,$0.09B,9.29%,$1.00B,$0.13B,13.39%,$1.00B,$0.07B,6.79%,$1.00B,$0.05B,4.80%,$0.05B,$0.54B,9.24%,$0.05B,$0.50B,9.97%,$0.05B,$1.23B,4.04%,$0.09B,$1.00B,9.56%,$262,$213,$50,$0,$17,$239,$24,$-6,$18,$7,$11,$12,$12,$34,$24,$76,78,$0.17,$0.16,$47,$0,$18,$266,$820,$0,$37,$55,$961,$1227,$191,$463,$30,$495,$686,$1,$253,$7,$541,$1227,$12,$10,$6,$17,$-13,$0,$0,$-5,$-26,$2,$-32,$0,$0,$0,$0,$0,$5,$-27,$14,$0,$14,$0,$0,$0,$0,$14,$-11,$0,$0
43,2007-12-31,10.16,$6.90,1.47,$13.48,0.75,$-0.90,0.0,$0.56,18.24,$0.27B,$0.19B,1.42,$0.45B,$0.53B,0.85,$0.98B,$0.19B,19.26%,$0.98B,$0.09B,9.22%,$0.98B,$0.09B,9.22%,$0.98B,$0.13B,13.22%,$0.98B,$0.06B,5.94%,$0.98B,$0.04B,4.20%,$0.04B,$0.53B,8.14%,$0.04B,$0.49B,8.83%,$0.04B,$1.19B,3.53%,$0.09B,$0.97B,9.43%,$216,$172,$44,$0,$18,$198,$18,$-6,$12,$5,$8,$9,$11,$28,$18,$72,74,$0.17,$0.16,$58,$0,$15,$265,$783,$0,$35,$59,$928,$1193,$186,$446,$30,$478,$665,$1,$241,$7,$528,$1193,$42,$38,$-1,$37,$-11,$0,$0,$13,$0,$79,$-111,$0,$-410,$0,$0,$0,$2,$-519,$150,$0,$150,$229,$229,$0,$-6,$372,$-67,$1,$0
44,2007-09-30,10.74,$6.71,1.6,$14.38,0.75,$-0.04,0.0,$0.58,18.41,$0.28B,$0.18B,1.58,$0.45B,$0.51B,0.88,$0.97B,$0.18B,18.34%,$0.97B,$0.09B,9.02%,$0.97B,$0.09B,9.02%,$0.97B,$0.12B,12.54%,$0.97B,$0.06B,6.01%,$0.97B,$0.04B,4.25%,$0.04B,$0.51B,9.45%,$0.04B,$0.47B,10.43%,$0.04B,$1.17B,3.90%,$0.09B,$0.97B,10.27%,$266,$216,$50,$0,$16,$241,$25,$-6,$19,$7,$12,$12,$13,$36,$25,$75,78,$0.17,$0.17,$69,$0,$22,$284,$740,$0,$40,$62,$890,$1174,$180,$453,$25,$480,$661,$1,$230,$6,$513,$1174,$29,$29,$1,$30,$-11,$0,$0,$-1,$-19,$40,$-66,$0,$-410,$0,$0,$0,$-5,$-481,$162,$0,$162,$229,$229,$0,$-7,$384,$-55,$1,$0
45,2007-06-30,10.55,$6.50,1.62,$14.60,0.72,$0.68,15.52,$0.56,18.85,$0.30B,$0.19B,1.6,$0.45B,$0.50B,0.91,$0.92B,$0.16B,17.86%,$0.92B,$0.08B,8.61%,$0.92B,$0.08B,8.61%,$0.92B,$0.11B,11.87%,$0.92B,$0.05B,5.66%,$0.92B,$0.04B,4.03%,$0.04B,$0.50B,10.16%,$0.04B,$0.46B,11.58%,$0.04B,$1.16B,3.97%,$0.08B,$0.95B,10.76%,$257,$207,$51,$0,$16,$231,$26,$-8,$19,$7,$12,$12,$12,$36,$26,$75,77,$0.17,$0.16,$90,$0,$23,$300,$719,$0,$41,$57,$863,$1164,$188,$452,$26,$479,$668,$1,$217,$4,$496,$1164,$17,$18,$3,$21,$-8,$0,$0,$-5,$-9,$29,$-38,$0,$-410,$0,$0,$0,$-0,$-449,$164,$0,$164,$228,$228,$0,$-8,$384,$-35,$0,$0
46,2007-03-31,8.22,$6.32,1.3,$15.52,0.53,$1.16,7.08,$0.53,15.54,$0.29B,$0.16B,1.77,$0.45B,$0.48B,0.95,$0.87B,$0.15B,17.13%,$0.87B,$0.07B,7.93%,$0.87B,$0.07B,7.93%,$0.87B,$0.10B,11.03%,$0.87B,$0.04B,4.94%,$0.87B,$0.03B,3.56%,$0.03B,$0.48B,10.47%,$0.03B,$0.44B,12.50%,$0.03B,$1.12B,3.79%,$0.07B,$0.93B,11.04%,$237,$194,$43,$0,$15,$216,$21,$-13,$8,$3,$5,$5,$5,$29,$21,$60,62,$0.09,$0.08,$97,$0,$17,$288,$696,$0,$41,$48,$831,$1119,$163,$452,$24,$478,$641,$0,$204,$1,$478,$1119,$5,$8,$4,$12,$8,$0,$0,$-3,$1,$18,$-20,$0,$-410,$0,$0,$0,$5,$-424,$161,$0,$161,$228,$228,$0,$-9,$379,$-28,$0,$0
47,2006-12-31,6.8,$4.20,1.62,$15.83,0.43,$1.29,5.29,$0.55,12.47,$0.32B,$0.17B,1.86,$0.29B,$0.25B,1.18,$0.82B,$0.14B,16.85%,$0.82B,$0.06B,7.33%,$0.82B,$0.06B,7.33%,$0.82B,$0.09B,10.38%,$0.82B,$0.04B,5.13%,$0.82B,$0.03B,3.79%,$0.03B,$0.25B,15.10%,$0.03B,$0.21B,20.20%,$0.03B,$0.74B,4.42%,$0.06B,$0.54B,11.72%,$205,$172,$33,$0,$14,$190,$15,$-3,$12,$4,$8,$8,$11,$20,$15,$52,54,$0.20,$0.19,$125,$0,$15,$323,$287,$0,$42,$48,$421,$743,$174,$293,$25,$321,$495,$0,$202,$2,$249,$743,$28,$24,$-10,$13,$-32,$0,$0,$2,$4,$46,$-23,$0,$-3,$0,$0,$0,$9,$-17,$-83,$0,$-83,$101,$101,$0,$3,$22,$54,$0,$0
