,Date,Stock Price,Book Value per Share,Price to Book Ratio,TTM Sales per Share,Price to Sales Ratio,TTM FCF per Share,Price to FCF Ratio,TTM Net EPS,PE Ratio,Current Assets,Current Liabilities,Current Ratio,Long Term Debt,Shareholder's Equity_x,Debt to Equity Ratio,TTM Revenue_x,TTM Gross Profit,Gross Margin,TTM Revenue_y,TTM Operating Income,Operating Margin,TTM Revenue_x,TTM EBIT,EBIT Margin,TTM Revenue_y,TTM EBITDA,EBITDA Margin,TTM Revenue_x,TTM Pre-Tax Income,Pre-Tax Margin,TTM Revenue_y,TTM Net Income_x,Net Margin,TTM Net Income_y,Shareholder's Equity_y,Return on Equity,TTM Net Income_x,Tangible Equity,Return on Tangible Equity,TTM Net Income_y,Total Assets,Return on Assets,TTM Net Income,LT Investments & Debt,Return on Investment,revenue,cost-goods-sold,gross-profit,research-development-expenses,selling-general-administrative-expenses,operating-expenses,operating-income,total-non-operating-income-expense,pre-tax-income,total-provision-income-taxes,income-after-taxes,income-from-continuous-operations,net-income,ebitda,ebit,basic-shares-outstanding,shares-outstanding,eps-basic-net-earnings-per-share,eps-earnings-per-share-diluted,cash-on-hand,inventory,other-current-assets,total-current-assets,net-property-plant-equipment,long-term-investments,goodwill-intangible-assets-total,other-long-term-assets,total-long-term-assets,total-assets,total-current-liabilities,long-term-debt,other-non-current-liabilities,total-long-term-liabilities,total-liabilities,common-stock-net,retained-earnings-accumulated-deficit,comprehensive-income,total-share-holder-equity,total-liabilities-share-holders-equity,net-income-loss,total-depreciation-amortization-cash-flow,other-non-cash-items,total-non-cash-items,change-in-accounts-receivable,change-in-inventories,change-in-accounts-payable,change-in-assets-liabilities,total-change-in-assets-liabilities,cash-flow-from-operating-activities,net-change-in-property-plant-equipment,net-change-in-intangible-assets,net-acquisitions-divestitures,net-change-in-short-term-investments,net-change-in-long-term-investments,net-change-in-investments-total,investing-activities-other,cash-flow-from-investing-activities,net-long-term-debt,net-current-debt,debt-issuance-retirement-net-total,net-common-equity-issued-repurchased,net-total-equity-issued-repurchased,total-common-preferred-stock-dividends-paid,financial-activities-other,cash-flow-from-financial-activities,net-cash-flow,stock-based-compensation,common-stock-dividends-paid
0,2018-09-30,13.7,$12.98,1.06,$5.72,2.4,$-2.64,0.0,$-1.46,0.0,$0.08B,$0.02B,5.2,$0.00B,$0.18B,0.0,$0.08B,$0.01B,14.47%,$0.08B,$-0.02B,-27.63%,$0.08B,$-0.02B,-27.63%,$0.08B,$-0.01B,-7.89%,$0.08B,$-0.02B,-25.00%,$0.08B,$-0.02B,-25.00%,$-0.02B,$0.18B,-10.51%,$-0.02B,$0.16B,-10.70%,$-0.02B,$0.20B,-9.77%,$-0.02B,$0.18B,-11.62%,$21,$15,$5,$3,$5,$21,$-1,$1,$-0,$0,$-0,$-0,$-0,$3,$-1,$13,13,$-0.01,$-0.01,$37,$19,$0,$77,$34,$0,$12,$0,$122,$199,$15,$0,$8,$8,$22,$0,$106,$-16,$177,$199,$-19,$14,$1,$16,$-5,$-8,$1,$3,$-7,$-10,$2,$0,$-4,$11,$0,$11,$-0,$8,$0,$0,$0,$0,$0,$0,$0,$0,$-3,$2,$0
1,2018-06-30,14.06,$13.06,1.08,$5.97,2.36,$-0.98,0.0,$-2.90,0.0,$0.08B,$0.01B,7.49,$0.00B,$0.18B,0.0,$0.08B,$-0.00B,-5.06%,$0.08B,$-0.04B,-48.10%,$0.08B,$-0.04B,-48.10%,$0.08B,$-0.02B,-29.11%,$0.08B,$-0.04B,-46.84%,$0.08B,$-0.04B,-48.10%,$-0.04B,$0.18B,-20.51%,$-0.04B,$0.18B,-20.51%,$-0.04B,$0.19B,-19.36%,$-0.04B,$0.18B,-20.51%,$21,$17,$5,$3,$5,$26,$-5,$0,$-5,$0,$-5,$-5,$-5,$-1,$-5,$13,13,$-0.36,$-0.36,$40,$19,$0,$78,$34,$0,$0,$0,$110,$188,$10,$0,$0,$0,$10,$0,$106,$-15,$177,$188,$-19,$11,$4,$15,$-4,$-6,$1,$-1,$-8,$-12,$1,$0,$0,$9,$0,$9,$-0,$10,$0,$0,$0,$0,$0,$0,$0,$0,$-3,$2,$0
2,2018-03-31,9.87,$13.46,0.73,$5.44,1.81,$1.03,9.55,$-3.63,0.0,$0.08B,$0.01B,7.67,$0.00B,$0.18B,0.0,$0.07B,$-0.01B,-19.44%,$0.07B,$-0.05B,-65.28%,$0.07B,$-0.05B,-65.28%,$0.07B,$-0.03B,-43.06%,$0.07B,$-0.05B,-63.89%,$0.07B,$-0.05B,-65.28%,$-0.05B,$0.18B,-24.20%,$-0.05B,$0.18B,-24.20%,$-0.05B,$0.19B,-22.95%,$-0.05B,$0.18B,-24.20%,$19,$17,$2,$2,$5,$24,$-5,$-0,$-5,$-1,$-5,$-5,$-5,$-2,$-5,$13,13,$-0.36,$-0.36,$41,$22,$0,$82,$36,$0,$0,$0,$111,$194,$11,$0,$0,$0,$11,$0,$111,$-13,$183,$194,$-14,$7,$1,$7,$-3,$-5,$2,$0,$-6,$-12,$2,$0,$0,$10,$0,$10,$0,$12,$0,$0,$0,$0,$0,$0,$0,$0,$-1,$1,$0
3,2017-12-31,12.97,$13.71,0.95,$5.56,2.33,$2.60,4.99,$-4.15,0.0,$0.08B,$0.01B,7.17,$0.00B,$0.19B,0.0,$0.07B,$-0.02B,-25.68%,$0.07B,$-0.05B,-71.62%,$0.07B,$-0.05B,-71.62%,$0.07B,$-0.04B,-47.30%,$0.07B,$-0.05B,-70.27%,$0.07B,$-0.05B,-72.97%,$-0.05B,$0.19B,-26.37%,$-0.05B,$0.19B,-26.37%,$-0.05B,$0.20B,-25.17%,$-0.05B,$0.19B,-25.89%,$15,$16,$-1,$3,$5,$24,$-10,$0,$-9,$0,$-9,$-9,$-9,$-6,$-10,$13,13,$-0.72,$-0.72,$46,$20,$0,$81,$36,$0,$0,$1,$116,$197,$11,$0,$0,$0,$11,$0,$116,$-14,$186,$197,$-9,$3,$-0,$3,$3,$-3,$1,$-0,$0,$-6,$1,$0,$0,$4,$0,$4,$0,$5,$0,$0,$0,$0,$0,$0,$0,$0,$-1,$1,$0
4,2017-09-30,17.82,$14.52,1.23,$5.61,3.17,$2.97,6.0,$-4.32,0.0,$0.09B,$0.01B,8.22,$0.00B,$0.20B,0.0,$0.07B,$-0.02B,-28.38%,$0.07B,$-0.05B,-72.97%,$0.07B,$-0.05B,-72.97%,$0.07B,$-0.04B,-48.65%,$0.07B,$-0.05B,-72.97%,$0.07B,$-0.06B,-77.03%,$-0.06B,$0.20B,-26.30%,$-0.06B,$0.20B,-26.30%,$-0.06B,$0.21B,-25.19%,$-0.05B,$0.20B,-24.91%,$24,$33,$-10,$3,$5,$42,$-18,$0,$-18,$1,$-19,$-19,$-19,$-14,$-18,$13,13,$-1.46,$-1.46,$51,$21,$0,$86,$37,$0,$0,$1,$119,$206,$11,$0,$0,$0,$11,$0,$126,$-14,$195,$206,$-57,$18,$23,$41,$8,$3,$0,$3,$26,$10,$3,$0,$0,$-9,$0,$-9,$0,$-5,$0,$0,$0,$0,$0,$0,$0,$0,$5,$6,$0
5,2017-06-30,13.83,$15.82,0.87,$5.06,2.73,$1.76,7.84,$-3.80,0.0,$0.16B,$0.01B,17.02,$0.00B,$0.21B,0.0,$0.07B,$-0.02B,-24.24%,$0.07B,$-0.05B,-77.27%,$0.07B,$-0.05B,-77.27%,$0.07B,$-0.03B,-48.48%,$0.07B,$-0.05B,-77.27%,$0.07B,$-0.05B,-75.76%,$-0.05B,$0.21B,-21.83%,$-0.05B,$0.21B,-21.83%,$-0.05B,$0.22B,-20.96%,$-0.05B,$0.21B,-22.27%,$14,$19,$-5,$4,$5,$28,$-14,$0,$-14,$1,$-14,$-14,$-14,$-9,$-14,$13,13,$-1.09,$-1.09,$54,$88,$0,$155,$43,$0,$0,$2,$67,$222,$9,$0,$0,$0,$9,$0,$145,$-15,$213,$222,$-38,$14,$13,$27,$9,$1,$-0,$2,$22,$12,$4,$0,$0,$-9,$0,$-9,$0,$-6,$0,$0,$0,$0,$0,$0,$0,$0,$7,$4,$0
6,2017-03-31,16.23,$16.75,0.97,$5.34,3.04,$0.46,34.92,$-3.60,0.0,$0.16B,$0.01B,21.25,$0.00B,$0.23B,0.0,$0.07B,$-0.01B,-20.00%,$0.07B,$-0.05B,-70.00%,$0.07B,$-0.05B,-70.00%,$0.07B,$-0.03B,-42.86%,$0.07B,$-0.05B,-71.43%,$0.07B,$-0.05B,-68.57%,$-0.05B,$0.23B,-20.00%,$-0.05B,$0.23B,-20.00%,$-0.05B,$0.23B,-19.22%,$-0.05B,$0.23B,-20.42%,$21,$23,$-3,$3,$5,$32,$-11,$-0,$-11,$0,$-12,$-12,$-12,$-6,$-11,$13,13,$-0.88,$-0.88,$48,$92,$0,$161,$44,$0,$0,$2,$72,$233,$8,$0,$0,$0,$8,$0,$159,$-15,$225,$233,$-23,$10,$9,$19,$0,$1,$-0,$1,$13,$8,$2,$0,$0,$-1,$0,$-1,$0,$1,$0,$0,$0,$0,$0,$0,$0,$0,$9,$3,$0
7,2016-12-31,20.36,$17.40,1.17,$4.92,4.14,$-0.06,0.0,$-3.56,0.0,$0.17B,$0.01B,16.55,$0.00B,$0.23B,0.0,$0.06B,$-0.02B,-25.00%,$0.06B,$-0.05B,-81.25%,$0.06B,$-0.05B,-81.25%,$0.06B,$-0.03B,-50.00%,$0.06B,$-0.05B,-81.25%,$0.06B,$-0.05B,-73.44%,$-0.05B,$0.23B,-18.76%,$-0.05B,$0.23B,-18.76%,$-0.05B,$0.24B,-18.06%,$-0.05B,$0.23B,-20.76%,$15,$19,$-3,$3,$5,$27,$-11,$0,$-11,$0,$-12,$-12,$-12,$-7,$-11,$13,13,$-0.89,$-0.89,$38,$102,$0,$170,$43,$0,$0,$2,$74,$244,$10,$0,$0,$0,$10,$0,$171,$-16,$234,$244,$-12,$5,$4,$9,$2,$-2,$-0,$1,$1,$-2,$2,$0,$0,$3,$0,$3,$0,$4,$0,$0,$0,$0,$0,$0,$0,$0,$3,$1,$0
8,2016-09-30,19.48,$18.34,1.06,$4.76,4.09,$-0.29,0.0,$-3.52,0.0,$0.10B,$0.01B,9.8,$0.00B,$0.24B,0.0,$0.06B,$-0.02B,-30.65%,$0.06B,$-0.06B,-90.32%,$0.06B,$-0.06B,-90.32%,$0.06B,$-0.04B,-56.45%,$0.06B,$-0.06B,-90.32%,$0.06B,$-0.05B,-74.19%,$-0.05B,$0.24B,-17.61%,$-0.05B,$0.24B,-17.61%,$-0.05B,$0.26B,-16.93%,$-0.06B,$0.24B,-21.44%,$16,$22,$-5,$3,$5,$31,$-15,$0,$-15,$-3,$-12,$-12,$-12,$-10,$-15,$13,13,$-0.94,$-0.94,$38,$31,$0,$101,$45,$0,$0,$3,$154,$255,$10,$0,$0,$0,$10,$0,$182,$-16,$244,$255,$-46,$20,$21,$41,$-3,$5,$-2,$1,$3,$-2,$-1,$0,$0,$-9,$0,$-9,$0,$-10,$0,$0,$0,$0,$0,$0,$0,$0,$-12,$5,$0
9,2016-06-30,16.37,$19.29,0.85,$4.74,3.45,$-1.12,0.0,$-3.61,0.0,$0.18B,$0.01B,18.27,$0.00B,$0.26B,0.0,$0.06B,$-0.02B,-37.10%,$0.06B,$-0.06B,-101.61%,$0.06B,$-0.06B,-101.61%,$0.06B,$-0.04B,-64.52%,$0.06B,$-0.06B,-98.39%,$0.06B,$-0.05B,-75.81%,$-0.05B,$0.26B,-17.23%,$-0.05B,$0.26B,-17.23%,$-0.05B,$0.27B,-16.55%,$-0.06B,$0.26B,-23.10%,$18,$21,$-3,$3,$5,$30,$-12,$-1,$-13,$-1,$-12,$-12,$-12,$-7,$-12,$13,13,$-0.89,$-0.89,$39,$110,$0,$179,$46,$0,$0,$3,$88,$267,$10,$0,$0,$0,$10,$0,$195,$-14,$257,$267,$-34,$15,$14,$30,$0,$3,$-2,$-3,$3,$-1,$-0,$0,$0,$-9,$0,$-9,$0,$-10,$0,$0,$0,$0,$0,$0,$0,$0,$-11,$4,$0
10,2016-03-31,12.34,$20.06,0.62,$4.90,2.52,$-1.62,0.0,$-3.38,0.0,$0.18B,$0.01B,24.43,$0.00B,$0.27B,0.0,$0.06B,$-0.02B,-35.94%,$0.06B,$-0.06B,-98.44%,$0.06B,$-0.06B,-98.44%,$0.06B,$-0.04B,-64.06%,$0.06B,$-0.06B,-95.31%,$0.06B,$-0.04B,-68.75%,$-0.04B,$0.27B,-15.40%,$-0.04B,$0.27B,-15.43%,$-0.04B,$0.28B,-14.77%,$-0.06B,$0.27B,-22.05%,$15,$20,$-5,$4,$6,$29,$-14,$1,$-13,$-2,$-11,$-11,$-11,$-8,$-14,$13,13,$-0.84,$-0.84,$43,$114,$0,$179,$47,$0,$0,$3,$96,$275,$7,$0,$0,$0,$7,$0,$206,$-15,$267,$275,$-22,$10,$8,$19,$5,$2,$-3,$-2,$8,$4,$-1,$0,$0,$3,$0,$3,$0,$2,$0,$0,$0,$0,$0,$0,$0,$0,$6,$3,$0
11,2015-12-31,14.07,$20.80,0.68,$5.91,2.38,$-2.66,0.0,$-2.94,0.0,$0.19B,$0.01B,16.21,$0.00B,$0.28B,0.0,$0.08B,$-0.02B,-22.08%,$0.08B,$-0.06B,-75.32%,$0.08B,$-0.06B,-75.32%,$0.08B,$-0.04B,-45.45%,$0.08B,$-0.06B,-72.73%,$0.08B,$-0.04B,-49.35%,$-0.04B,$0.28B,-12.76%,$-0.04B,$0.28B,-12.81%,$-0.04B,$0.29B,-12.23%,$-0.06B,$0.28B,-19.48%,$13,$20,$-6,$4,$6,$28,$-15,$0,$-15,$-4,$-11,$-11,$-11,$-10,$-15,$13,13,$-0.85,$-0.85,$37,$120,$0,$193,$48,$0,$0,$4,$97,$290,$12,$0,$0,$0,$12,$0,$217,$-14,$277,$290,$-11,$5,$6,$11,$7,$2,$-2,$-0,$-2,$-2,$-1,$0,$0,$-2,$0,$-2,$0,$-2,$0,$0,$0,$0,$0,$0,$0,$0,$-5,$1,$0
12,2015-09-30,13.81,$22.03,0.63,$6.53,2.11,$-2.68,0.0,$-2.50,0.0,$0.11B,$0.01B,7.63,$0.00B,$0.29B,0.0,$0.09B,$-0.01B,-12.94%,$0.09B,$-0.05B,-62.35%,$0.09B,$-0.05B,-62.35%,$0.09B,$-0.03B,-36.47%,$0.09B,$-0.05B,-57.65%,$0.09B,$-0.03B,-37.65%,$-0.03B,$0.29B,-10.36%,$-0.03B,$0.29B,-10.41%,$-0.03B,$0.30B,-9.88%,$-0.05B,$0.29B,-17.17%,$16,$25,$-9,$4,$5,$38,$-22,$1,$-20,$-7,$-13,$-13,$-13,$-15,$-22,$13,13,$-1.04,$-1.04,$40,$32,$0,$106,$49,$0,$0,$4,$197,$304,$14,$0,$0,$0,$14,$0,$228,$-13,$290,$304,$-33,$22,$5,$27,$7,$10,$-1,$-1,$-6,$-11,$-2,$0,$0,$2,$0,$2,$0,$-0,$0,$0,$0,$0,$0,$0,$0,$0,$-11,$5,$0
13,2015-06-30,23.05,$23.50,0.98,$7.32,3.15,$2.23,10.36,$-1.61,0.0,$0.22B,$0.01B,16.52,$0.00B,$0.31B,0.0,$0.10B,$0.00B,4.21%,$0.10B,$-0.03B,-35.79%,$0.10B,$-0.03B,-35.79%,$0.10B,$-0.02B,-15.79%,$0.10B,$-0.03B,-33.68%,$0.10B,$-0.02B,-22.11%,$-0.02B,$0.31B,-6.59%,$-0.02B,$0.31B,-6.64%,$-0.02B,$0.32B,-6.24%,$-0.03B,$0.31B,-10.68%,$20,$23,$-3,$4,$5,$32,$-12,$-0,$-13,$-4,$-9,$-9,$-9,$-8,$-12,$13,13,$-0.66,$-0.66,$45,$131,$0,$215,$50,$0,$2,$5,$108,$323,$13,$0,$0,$1,$14,$0,$242,$-6,$309,$323,$-19,$15,$1,$16,$7,$5,$-2,$1,$-3,$-7,$-1,$0,$0,$0,$0,$0,$0,$-1,$0,$0,$0,$0,$0,$0,$0,$0,$-8,$3,$0
14,2015-03-31,16.51,$23.98,0.69,$8.94,1.85,$7.13,2.31,$-0.66,0.0,$0.22B,$0.01B,21.24,$0.00B,$0.32B,0.0,$0.12B,$0.02B,18.97%,$0.12B,$-0.02B,-14.66%,$0.12B,$-0.02B,-14.66%,$0.12B,$0.00B,2.59%,$0.12B,$-0.01B,-12.07%,$0.12B,$-0.01B,-6.90%,$-0.01B,$0.32B,-2.47%,$-0.01B,$0.31B,-2.48%,$-0.01B,$0.33B,-2.31%,$-0.02B,$0.32B,-5.25%,$28,$27,$1,$4,$6,$36,$-9,$1,$-8,$-3,$-5,$-5,$-5,$-2,$-9,$13,13,$-0.40,$-0.40,$43,$138,$0,$221,$51,$0,$2,$5,$105,$326,$10,$0,$0,$1,$11,$0,$250,$-7,$315,$326,$-11,$10,$0,$10,$4,$3,$-2,$2,$-10,$-11,$0,$0,$0,$-0,$0,$-0,$0,$0,$0,$0,$0,$0,$0,$0,$0,$0,$-10,$2,$0
15,2014-12-31,26.5,$24.44,1.08,$12.06,2.2,$11.12,2.38,$0.56,47.32,$0.23B,$0.02B,11.53,$0.00B,$0.32B,0.0,$0.16B,$0.05B,31.21%,$0.16B,$0.01B,5.10%,$0.16B,$0.01B,5.10%,$0.16B,$0.03B,16.56%,$0.16B,$0.01B,6.37%,$0.16B,$0.01B,5.10%,$0.01B,$0.32B,2.45%,$0.01B,$0.32B,2.46%,$0.01B,$0.34B,2.24%,$0.01B,$0.32B,2.45%,$21,$21,$-0,$3,$6,$31,$-10,$1,$-8,$-3,$-5,$-5,$-5,$-6,$-10,$13,13,$-0.41,$-0.41,$50,$147,$0,$232,$52,$0,$2,$6,$111,$343,$20,$0,$0,$2,$22,$0,$255,$-5,$321,$343,$-5,$4,$1,$5,$10,$-4,$1,$1,$-2,$-2,$-1,$0,$0,$0,$0,$0,$0,$-1,$0,$0,$0,$0,$0,$0,$0,$0,$-3,$1,$0
16,2014-09-30,35.15,$25.04,1.4,$18.22,1.93,$14.59,2.41,$2.82,12.46,$0.24B,$0.02B,10.45,$0.00B,$0.33B,0.0,$0.24B,$0.10B,40.51%,$0.24B,$0.05B,22.78%,$0.24B,$0.05B,22.78%,$0.24B,$0.07B,29.96%,$0.24B,$0.05B,22.78%,$0.24B,$0.04B,15.61%,$0.04B,$0.33B,11.38%,$0.04B,$0.33B,11.45%,$0.04B,$0.36B,10.21%,$0.05B,$0.33B,16.60%,$26,$20,$6,$3,$6,$30,$-3,$0,$-3,$-1,$-2,$-2,$-2,$1,$-3,$13,13,$-0.16,$-0.15,$53,$146,$0,$244,$49,$0,$2,$6,$111,$355,$23,$0,$0,$2,$26,$0,$261,$-2,$329,$355,$37,$18,$12,$30,$26,$-10,$-12,$4,$1,$68,$-17,$0,$0,$-20,$0,$-20,$0,$-37,$-1,$0,$-1,$0,$0,$0,$0,$-0,$31,$4,$0
17,2014-06-30,55.08,$25.23,2.18,$21.48,2.56,$5.04,10.94,$4.01,13.74,$0.25B,$0.03B,8.78,$0.00B,$0.33B,0.0,$0.28B,$0.12B,43.01%,$0.28B,$0.08B,27.24%,$0.28B,$0.08B,27.24%,$0.28B,$0.09B,32.97%,$0.28B,$0.08B,27.24%,$0.28B,$0.05B,19.00%,$0.05B,$0.33B,16.81%,$0.05B,$0.33B,16.92%,$0.05B,$0.36B,14.91%,$0.08B,$0.33B,24.09%,$41,$25,$15,$4,$6,$35,$5,$-0,$5,$2,$4,$4,$4,$10,$5,$13,13,$0.29,$0.29,$59,$147,$0,$248,$50,$0,$2,$6,$113,$362,$28,$0,$0,$2,$30,$0,$263,$-2,$331,$362,$39,$13,$7,$20,$25,$-7,$-12,$3,$12,$71,$-15,$0,$0,$-6,$0,$-6,$0,$-21,$-1,$0,$-1,$0,$0,$0,$1,$0,$50,$3,$0
18,2014-03-31,66.17,$24.81,2.67,$24.37,2.72,$-4.20,0.0,$5.03,13.16,$0.26B,$0.04B,6.32,$0.00B,$0.33B,0.0,$0.32B,$0.14B,43.99%,$0.32B,$0.10B,30.38%,$0.32B,$0.10B,30.38%,$0.32B,$0.11B,34.81%,$0.32B,$0.10B,30.38%,$0.32B,$0.07B,20.89%,$0.07B,$0.33B,21.91%,$0.07B,$0.32B,22.06%,$0.07B,$0.37B,19.20%,$0.10B,$0.33B,31.84%,$69,$41,$28,$5,$7,$53,$16,$0,$16,$5,$11,$11,$11,$21,$16,$13,13,$0.83,$0.82,$44,$144,$0,$256,$50,$0,$2,$7,$112,$368,$40,$0,$0,$2,$42,$0,$259,$-2,$326,$368,$35,$9,$10,$19,$0,$-4,$-2,$5,$2,$56,$-14,$0,$0,$0,$0,$0,$0,$-14,$-1,$0,$-1,$0,$0,$0,$1,$-0,$42,$2,$0
19,2013-12-31,94.64,$23.97,3.95,$24.99,3.79,$-11.37,0.0,$5.51,17.18,$0.25B,$0.05B,5.28,$0.00B,$0.32B,0.0,$0.32B,$0.15B,45.51%,$0.32B,$0.11B,32.82%,$0.32B,$0.11B,32.82%,$0.32B,$0.12B,36.84%,$0.32B,$0.11B,32.51%,$0.32B,$0.07B,22.29%,$0.07B,$0.32B,25.33%,$0.07B,$0.31B,25.51%,$0.07B,$0.37B,22.15%,$0.11B,$0.32B,37.26%,$101,$54,$47,$4,$7,$66,$36,$-0,$36,$11,$24,$24,$24,$39,$36,$13,13,$1.86,$1.85,$44,$132,$3,$254,$49,$0,$2,$8,$112,$365,$48,$0,$0,$2,$51,$0,$248,$-1,$315,$365,$24,$3,$6,$10,$-2,$14,$-1,$-2,$19,$53,$-11,$0,$0,$0,$0,$0,$0,$-11,$-1,$0,$-1,$0,$0,$0,$1,$-0,$42,$1,$0
20,2013-09-30,84.29,$22.33,3.77,$23.21,3.63,$-15.17,0.0,$5.36,15.72,$0.23B,$0.04B,6.73,$0.00B,$0.29B,0.0,$0.30B,$0.14B,47.00%,$0.30B,$0.10B,34.00%,$0.30B,$0.10B,34.00%,$0.30B,$0.11B,38.00%,$0.30B,$0.10B,33.67%,$0.30B,$0.07B,23.33%,$0.07B,$0.29B,26.39%,$0.07B,$0.29B,26.59%,$0.07B,$0.33B,22.78%,$0.10B,$0.29B,38.42%,$68,$39,$30,$4,$7,$49,$19,$0,$19,$6,$14,$14,$14,$22,$19,$13,13,$1.05,$1.07,$3,$150,$12,$233,$48,$0,$2,$6,$94,$327,$35,$1,$0,$4,$38,$0,$224,$-1,$289,$327,$70,$12,$-25,$-13,$-34,$-73,$-0,$-9,$-114,$-57,$-16,$0,$0,$20,$0,$20,$0,$3,$1,$0,$1,$1,$1,$0,$3,$6,$-48,$1,$0
21,2013-06-30,69.08,$21.27,3.25,$20.81,3.32,$-7.03,0.0,$4.64,14.89,$0.23B,$0.04B,5.95,$0.00B,$0.28B,0.0,$0.27B,$0.12B,46.10%,$0.27B,$0.09B,33.09%,$0.27B,$0.09B,33.09%,$0.27B,$0.10B,37.55%,$0.27B,$0.09B,33.09%,$0.27B,$0.06B,22.30%,$0.06B,$0.28B,24.32%,$0.06B,$0.27B,24.51%,$0.06B,$0.32B,20.67%,$0.09B,$0.28B,36.07%,$78,$44,$34,$3,$6,$53,$25,$-0,$25,$8,$17,$17,$17,$28,$25,$13,13,$1.32,$1.31,$10,$138,$28,$227,$46,$0,$2,$7,$88,$315,$38,$0,$0,$3,$41,$0,$210,$-1,$275,$315,$56,$10,$-40,$-30,$-19,$-58,$3,$-7,$-77,$-51,$-13,$0,$0,$20,$0,$20,$0,$7,$0,$0,$0,$1,$1,$0,$3,$4,$-41,$0,$0
22,2013-03-31,107.92,$20.00,5.4,$19.08,5.66,$0.24,454.02,$4.17,25.91,$0.20B,$0.03B,6.5,$0.00B,$0.26B,0.0,$0.25B,$0.11B,45.93%,$0.25B,$0.08B,32.52%,$0.25B,$0.08B,32.52%,$0.25B,$0.09B,36.99%,$0.25B,$0.08B,32.52%,$0.25B,$0.05B,21.95%,$0.05B,$0.26B,23.45%,$0.05B,$0.26B,23.66%,$0.05B,$0.29B,19.89%,$0.08B,$0.26B,34.74%,$76,$41,$36,$4,$6,$51,$26,$-1,$25,$8,$17,$17,$17,$30,$26,$13,13,$1.31,$1.30,$23,$111,$11,$204,$40,$0,$2,$8,$89,$293,$31,$0,$0,$3,$35,$0,$193,$-0,$258,$293,$39,$6,$-19,$-12,$-21,$-31,$2,$-15,$-69,$-43,$-9,$0,$0,$9,$0,$9,$0,$0,$0,$0,$0,$1,$1,$0,$3,$4,$-38,$0,$0
23,2012-12-31,88.87,$18.59,4.78,$17.55,5.06,$5.12,17.35,$3.76,23.67,$0.21B,$0.05B,4.07,$0.00B,$0.24B,0.0,$0.23B,$0.10B,45.13%,$0.23B,$0.07B,30.97%,$0.23B,$0.07B,30.97%,$0.23B,$0.08B,35.84%,$0.23B,$0.07B,31.86%,$0.23B,$0.05B,21.24%,$0.05B,$0.24B,22.27%,$0.05B,$0.24B,22.48%,$0.05B,$0.29B,18.71%,$0.07B,$0.24B,32.48%,$78,$37,$41,$3,$5,$46,$32,$0,$32,$10,$22,$22,$22,$34,$32,$13,13,$1.72,$1.70,$65,$97,$6,$211,$40,$0,$2,$7,$83,$294,$52,$0,$0,$3,$55,$0,$176,$0,$239,$294,$22,$2,$-12,$-10,$-6,$-14,$0,$-3,$-14,$-2,$-6,$0,$0,$0,$0,$0,$0,$-5,$0,$0,$0,$0,$0,$0,$1,$2,$-6,$0,$0
24,2012-09-30,61.21,$16.79,3.64,$14.91,4.11,$6.21,9.85,$2.73,22.42,$0.19B,$0.04B,4.55,$0.00B,$0.22B,0.0,$0.19B,$0.08B,42.93%,$0.19B,$0.05B,26.70%,$0.19B,$0.05B,26.70%,$0.19B,$0.06B,31.94%,$0.19B,$0.05B,27.75%,$0.19B,$0.04B,18.32%,$0.04B,$0.22B,17.33%,$0.04B,$0.21B,17.50%,$0.04B,$0.26B,14.86%,$0.05B,$0.22B,25.25%,$37,$24,$13,$3,$4,$31,$6,$0,$7,$2,$4,$4,$4,$9,$6,$13,13,$0.34,$0.34,$71,$84,$0,$187,$34,$0,$2,$6,$72,$259,$41,$0,$0,$3,$44,$0,$154,$-0,$215,$259,$35,$10,$-7,$3,$4,$-16,$12,$3,$5,$43,$-12,$0,$0,$-15,$0,$-15,$0,$-26,$0,$0,$0,$1,$1,$0,$1,$2,$19,$1,$0
25,2012-06-30,45.0,$16.38,2.75,$14.64,3.07,$3.82,11.79,$2.68,16.79,$0.17B,$0.03B,5.94,$0.00B,$0.21B,0.0,$0.19B,$0.08B,43.85%,$0.19B,$0.05B,27.27%,$0.19B,$0.05B,27.27%,$0.19B,$0.06B,32.09%,$0.19B,$0.05B,27.81%,$0.19B,$0.04B,18.72%,$0.04B,$0.21B,18.18%,$0.04B,$0.21B,18.37%,$0.04B,$0.24B,15.91%,$0.05B,$0.21B,26.49%,$55,$32,$23,$3,$5,$40,$16,$-0,$16,$5,$11,$11,$11,$18,$16,$13,13,$0.84,$0.83,$68,$71,$0,$173,$34,$0,$2,$3,$67,$240,$29,$0,$0,$2,$31,$0,$150,$-1,$209,$240,$31,$7,$-6,$2,$-3,$-1,$1,$6,$8,$40,$-10,$0,$0,$-14,$0,$-14,$0,$-24,$0,$0,$0,$1,$1,$0,$0,$1,$17,$1,$0
26,2012-03-31,52.67,$15.59,3.38,$13.99,3.76,$2.41,21.85,$2.57,20.53,$0.16B,$0.03B,5.11,$0.00B,$0.20B,0.0,$0.18B,$0.08B,44.94%,$0.18B,$0.05B,27.53%,$0.18B,$0.05B,27.53%,$0.18B,$0.06B,32.02%,$0.18B,$0.05B,28.09%,$0.18B,$0.03B,18.54%,$0.03B,$0.20B,18.11%,$0.03B,$0.20B,18.31%,$0.03B,$0.23B,15.73%,$0.05B,$0.20B,26.89%,$56,$31,$25,$4,$5,$40,$16,$0,$17,$5,$11,$11,$11,$20,$16,$13,13,$0.90,$0.89,$49,$69,$0,$163,$35,$0,$2,$4,$70,$233,$32,$0,$0,$2,$34,$0,$139,$0,$199,$233,$20,$5,$-5,$-0,$-13,$2,$7,$5,$3,$23,$-11,$0,$0,$-0,$0,$-0,$0,$-11,$0,$0,$0,$1,$1,$0,$0,$1,$13,$0,$0
27,2011-12-31,38.67,$14.60,2.65,$13.64,2.83,$1.08,35.76,$2.37,16.35,$0.14B,$0.02B,6.03,$0.00B,$0.19B,0.0,$0.17B,$0.08B,44.51%,$0.17B,$0.05B,26.59%,$0.17B,$0.05B,26.59%,$0.17B,$0.05B,30.06%,$0.17B,$0.05B,26.59%,$0.17B,$0.03B,17.92%,$0.03B,$0.19B,18.02%,$0.03B,$0.18B,18.26%,$0.03B,$0.21B,15.62%,$0.05B,$0.19B,26.74%,$43,$23,$21,$3,$5,$31,$13,$0,$13,$4,$9,$9,$9,$14,$13,$13,13,$0.68,$0.68,$43,$64,$0,$139,$34,$0,$2,$5,$71,$210,$23,$0,$0,$2,$25,$0,$128,$-0,$185,$210,$9,$2,$-1,$1,$-2,$8,$3,$0,$11,$20,$-14,$0,$0,$-0,$0,$-0,$0,$-14,$0,$0,$0,$0,$0,$0,$-0,$0,$6,$0,$0
28,2011-09-30,28.15,$13.94,2.02,$13.69,2.06,$1.05,26.78,$2.34,12.03,$0.14B,$0.02B,8.06,$0.00B,$0.18B,0.0,$0.17B,$0.08B,43.35%,$0.17B,$0.05B,26.01%,$0.17B,$0.05B,26.01%,$0.17B,$0.05B,29.48%,$0.17B,$0.05B,26.01%,$0.17B,$0.03B,17.34%,$0.03B,$0.18B,18.52%,$0.03B,$0.18B,18.78%,$0.03B,$0.20B,15.87%,$0.05B,$0.18B,27.78%,$33,$20,$13,$3,$4,$27,$6,$0,$6,$3,$4,$4,$4,$8,$6,$12,13,$0.28,$0.30,$36,$72,$0,$143,$35,$0,$2,$1,$54,$197,$18,$0,$0,$2,$20,$0,$119,$0,$177,$197,$30,$7,$-6,$1,$2,$-30,$1,$-2,$-29,$1,$-0,$0,$0,$-5,$0,$-5,$0,$-5,$-8,$0,$-8,$3,$3,$0,$7,$2,$-2,$1,$0
29,2011-06-30,50.0,$13.23,3.78,$14.00,3.57,$2.91,17.19,$2.47,20.24,$0.15B,$0.03B,4.99,$0.00B,$0.17B,0.0,$0.18B,$0.08B,43.75%,$0.18B,$0.05B,26.14%,$0.18B,$0.05B,26.14%,$0.18B,$0.05B,28.98%,$0.18B,$0.05B,26.14%,$0.18B,$0.03B,17.61%,$0.03B,$0.17B,20.39%,$0.03B,$0.17B,20.74%,$0.03B,$0.20B,17.17%,$0.05B,$0.17B,29.92%,$46,$26,$21,$3,$4,$33,$14,$0,$14,$4,$9,$9,$9,$15,$14,$13,13,$0.74,$0.72,$41,$73,$0,$145,$35,$0,$2,$1,$54,$199,$29,$0,$0,$2,$31,$0,$116,$1,$168,$199,$26,$5,$-7,$-1,$1,$-29,$7,$-0,$-13,$12,$-0,$0,$0,$-2,$0,$-2,$0,$-2,$-8,$0,$-8,$2,$2,$0,$2,$-4,$6,$1,$0
30,2011-03-31,49.29,$12.60,3.91,$13.19,3.74,$3.30,14.92,$2.16,22.87,$0.13B,$0.03B,4.45,$0.00B,$0.16B,0.0,$0.17B,$0.07B,43.03%,$0.17B,$0.04B,24.24%,$0.17B,$0.04B,24.24%,$0.17B,$0.05B,27.27%,$0.17B,$0.04B,24.24%,$0.17B,$0.03B,16.36%,$0.03B,$0.16B,18.98%,$0.03B,$0.16B,19.35%,$0.03B,$0.19B,15.84%,$0.04B,$0.16B,27.44%,$51,$29,$22,$3,$5,$38,$13,$-0,$13,$4,$9,$9,$9,$15,$13,$12,13,$0.71,$0.69,$24,$59,$0,$130,$36,$0,$2,$1,$59,$188,$29,$0,$0,$2,$31,$0,$107,$1,$158,$188,$17,$4,$1,$4,$-15,$-14,$11,$2,$-16,$5,$-11,$0,$0,$0,$0,$0,$0,$-11,$-8,$0,$-8,$1,$1,$0,$2,$-5,$-9,$0,$0
31,2010-12-31,49.56,$11.85,4.18,$11.63,4.26,$4.69,10.56,$1.69,29.32,$0.12B,$0.03B,4.57,$0.00B,$0.15B,0.0,$0.15B,$0.06B,40.69%,$0.15B,$0.03B,21.38%,$0.15B,$0.03B,21.38%,$0.15B,$0.04B,24.83%,$0.15B,$0.03B,21.38%,$0.15B,$0.02B,14.48%,$0.02B,$0.15B,15.70%,$0.02B,$0.14B,16.03%,$0.02B,$0.17B,13.17%,$0.03B,$0.15B,22.30%,$43,$24,$19,$3,$4,$31,$12,$0,$12,$4,$8,$8,$8,$13,$12,$12,13,$0.67,$0.65,$32,$50,$0,$119,$34,$0,$2,$2,$53,$172,$26,$0,$0,$1,$27,$0,$98,$-0,$145,$172,$8,$1,$1,$2,$-6,$-5,$6,$1,$-3,$7,$-1,$0,$0,$0,$0,$0,$0,$-1,$-8,$0,$-8,$0,$0,$0,$0,$-7,$-1,$0,$0
32,2010-09-30,28.94,$11.16,2.59,$10.35,2.8,$4.64,6.23,$1.13,25.61,$0.11B,$0.02B,5.98,$0.01B,$0.14B,0.05,$0.13B,$0.05B,36.72%,$0.13B,$0.02B,16.41%,$0.13B,$0.02B,16.41%,$0.13B,$0.03B,20.31%,$0.13B,$0.02B,16.41%,$0.13B,$0.01B,10.94%,$0.01B,$0.14B,10.96%,$0.01B,$0.13B,11.22%,$0.01B,$0.16B,9.20%,$0.02B,$0.14B,15.58%,$36,$21,$15,$3,$5,$29,$7,$-0,$7,$2,$5,$5,$5,$8,$7,$12,12,$0.43,$0.42,$33,$47,$0,$110,$34,$0,$2,$2,$54,$163,$18,$7,$0,$9,$27,$0,$90,$-0,$137,$163,$14,$5,$1,$7,$-3,$7,$-1,$-1,$8,$29,$-5,$0,$0,$0,$0,$0,$0,$-5,$-2,$0,$-2,$2,$2,$0,$1,$1,$25,$0,$0
33,2010-06-30,24.24,$10.65,2.28,$9.30,2.61,$4.00,6.06,$0.57,42.53,$0.11B,$0.02B,5.03,$0.01B,$0.13B,0.06,$0.12B,$0.04B,31.30%,$0.12B,$0.01B,10.43%,$0.12B,$0.01B,10.43%,$0.12B,$0.02B,14.78%,$0.12B,$0.01B,10.43%,$0.12B,$0.01B,6.09%,$0.01B,$0.13B,5.68%,$0.01B,$0.13B,5.82%,$0.01B,$0.16B,4.77%,$0.01B,$0.14B,9.20%,$35,$20,$15,$3,$4,$28,$8,$-0,$8,$3,$5,$5,$5,$9,$8,$12,12,$0.42,$0.41,$24,$53,$0,$110,$34,$0,$2,$1,$49,$159,$22,$7,$0,$8,$30,$0,$85,$-0,$129,$159,$9,$4,$1,$5,$-10,$2,$3,$6,$3,$17,$-1,$0,$0,$0,$0,$0,$0,$-1,$-2,$0,$-2,$1,$1,$0,$0,$-1,$15,$0,$0
34,2010-03-31,23.91,$10.27,2.33,$8.18,2.92,$3.47,6.88,$0.25,95.62,$0.09B,$0.01B,8.26,$0.01B,$0.12B,0.06,$0.10B,$0.03B,27.72%,$0.10B,$0.01B,4.95%,$0.10B,$0.01B,4.95%,$0.10B,$0.01B,9.90%,$0.10B,$0.01B,4.95%,$0.10B,$0.00B,2.97%,$0.00B,$0.12B,2.48%,$0.00B,$0.12B,2.54%,$0.00B,$0.14B,2.12%,$0.01B,$0.13B,3.89%,$31,$20,$10,$2,$4,$27,$4,$0,$4,$1,$3,$3,$3,$6,$4,$12,12,$0.24,$0.23,$20,$52,$0,$94,$36,$0,$3,$1,$50,$144,$11,$7,$0,$9,$20,$0,$79,$0,$124,$144,$4,$3,$0,$3,$2,$4,$-2,$1,$6,$13,$-0,$0,$0,$0,$0,$0,$0,$-0,$-2,$0,$-2,$1,$1,$0,$0,$-1,$11,$0,$0
35,2009-12-31,21.45,$10.00,2.14,$7.66,2.8,$2.57,8.35,$0.13,171.56,$0.10B,$0.01B,7.27,$0.01B,$0.12B,0.06,$0.09B,$0.03B,26.60%,$0.09B,$0.00B,3.19%,$0.09B,$0.00B,3.19%,$0.09B,$0.01B,7.45%,$0.09B,$0.00B,3.19%,$0.09B,$0.00B,1.06%,$0.00B,$0.12B,0.84%,$0.00B,$0.12B,0.86%,$0.00B,$0.14B,0.70%,$0.00B,$0.13B,2.32%,$26,$19,$7,$2,$4,$25,$2,$-0,$2,$0,$1,$1,$1,$3,$2,$12,12,$0.09,$0.09,$13,$54,$0,$98,$36,$0,$3,$1,$45,$143,$13,$8,$0,$9,$22,$0,$77,$-0,$121,$143,$1,$1,$0,$1,$-1,$2,$0,$0,$3,$5,$-0,$0,$0,$0,$0,$0,$0,$-0,$-2,$0,$-2,$0,$0,$0,$0,$-1,$4,$0,$0
36,2009-09-30,12.92,$9.90,1.31,$7.67,1.68,$1.62,7.95,$0.15,89.07,$0.10B,$0.01B,7.42,$0.01B,$0.12B,0.07,$0.09B,$0.03B,27.66%,$0.09B,$0.00B,4.26%,$0.09B,$0.00B,4.26%,$0.09B,$0.01B,8.51%,$0.09B,$0.00B,3.19%,$0.09B,$0.00B,1.06%,$0.00B,$0.12B,0.85%,$0.00B,$0.12B,0.87%,$0.00B,$0.14B,0.68%,$0.00B,$0.13B,3.01%,$23,$18,$4,$2,$4,$25,$-2,$0,$-2,$-0,$-2,$-2,$-2,$-1,$-2,$12,12,$-0.16,$-0.15,$9,$57,$0,$96,$37,$0,$3,$1,$46,$141,$13,$9,$0,$10,$23,$0,$76,$-0,$119,$141,$2,$5,$2,$7,$14,$3,$-3,$-0,$8,$17,$-1,$0,$0,$0,$0,$0,$0,$-1,$-11,$-0,$-11,$1,$1,$0,$0,$-10,$7,$0,$0
37,2009-06-30,12.83,$10.00,1.28,$8.30,1.55,$-1.06,0.0,$0.57,22.71,$0.09B,$0.01B,10.08,$0.01B,$0.12B,0.08,$0.10B,$0.03B,32.67%,$0.10B,$0.01B,10.89%,$0.10B,$0.01B,10.89%,$0.10B,$0.02B,14.85%,$0.10B,$0.01B,9.90%,$0.10B,$0.01B,5.94%,$0.01B,$0.12B,5.12%,$0.01B,$0.12B,5.23%,$0.01B,$0.14B,3.96%,$0.01B,$0.13B,8.13%,$21,$14,$7,$2,$3,$20,$1,$0,$1,$0,$1,$1,$1,$2,$1,$12,12,$0.09,$0.09,$2,$63,$0,$92,$38,$0,$3,$1,$46,$138,$9,$9,$0,$10,$19,$0,$77,$-1,$119,$138,$4,$4,$2,$5,$16,$-2,$-5,$-0,$2,$11,$-1,$0,$0,$0,$0,$0,$0,$-1,$-11,$-0,$-11,$0,$0,$0,$0,$-10,$-0,$0,$0
38,2009-03-31,6.53,$9.80,0.67,$9.49,0.69,$-3.36,0.0,$0.84,7.82,$0.10B,$0.01B,7.58,$0.02B,$0.12B,0.15,$0.12B,$0.04B,34.48%,$0.12B,$0.02B,13.79%,$0.12B,$0.02B,13.79%,$0.12B,$0.02B,17.24%,$0.12B,$0.02B,12.93%,$0.12B,$0.01B,7.76%,$0.01B,$0.12B,7.76%,$0.01B,$0.11B,7.95%,$0.01B,$0.15B,5.76%,$0.02B,$0.13B,11.64%,$24,$16,$7,$2,$3,$22,$2,$0,$2,$1,$1,$1,$1,$3,$2,$12,12,$0.11,$0.10,$1,$66,$0,$100,$38,$0,$3,$1,$47,$148,$13,$18,$0,$18,$31,$0,$76,$-2,$117,$148,$3,$3,$1,$4,$10,$-6,$-4,$1,$-4,$2,$-1,$0,$0,$0,$0,$0,$0,$-1,$-2,$0,$-1,$0,$0,$0,$0,$-1,$-0,$0,$0
39,2008-12-31,8.74,$9.80,0.89,$10.52,0.83,$-4.72,0.0,$1.00,8.74,$0.11B,$0.02B,5.62,$0.03B,$0.12B,0.22,$0.13B,$0.04B,33.59%,$0.13B,$0.02B,14.06%,$0.13B,$0.02B,14.06%,$0.13B,$0.02B,17.97%,$0.13B,$0.02B,14.06%,$0.13B,$0.01B,8.59%,$0.01B,$0.12B,9.63%,$0.01B,$0.11B,9.87%,$0.01B,$0.16B,7.04%,$0.02B,$0.14B,13.21%,$26,$18,$8,$2,$4,$23,$3,$-0,$2,$1,$1,$1,$1,$4,$3,$12,12,$0.12,$0.11,$2,$69,$0,$106,$40,$0,$3,$1,$55,$161,$19,$26,$0,$26,$44,$0,$75,$-1,$116,$161,$1,$1,$0,$2,$2,$-8,$-0,$-0,$-8,$-5,$-1,$0,$0,$0,$0,$0,$0,$-1,$6,$0,$6,$0,$0,$0,$0,$6,$0,$0,$0
40,2008-09-30,19.64,$9.89,1.99,$10.98,1.79,$-5.19,0.0,$1.16,16.93,$0.10B,$0.02B,4.84,$0.02B,$0.12B,0.17,$0.13B,$0.05B,34.33%,$0.13B,$0.02B,14.93%,$0.13B,$0.02B,14.93%,$0.13B,$0.03B,18.66%,$0.13B,$0.02B,15.67%,$0.13B,$0.01B,9.70%,$0.01B,$0.12B,11.63%,$0.01B,$0.11B,11.95%,$0.01B,$0.16B,8.61%,$0.02B,$0.14B,15.24%,$30,$19,$11,$2,$4,$26,$5,$-0,$5,$1,$3,$3,$3,$6,$5,$12,12,$0.29,$0.27,$2,$64,$0,$104,$41,$0,$3,$1,$55,$159,$21,$20,$0,$21,$42,$0,$74,$1,$117,$159,$14,$5,$2,$6,$-14,$-15,$0,$-1,$-28,$-8,$-9,$0,$0,$0,$0,$0,$0,$-9,$15,$0,$15,$1,$1,$0,$1,$16,$-1,$0,$0
41,2008-06-30,29.47,$9.64,3.06,$11.03,2.67,$-4.01,0.0,$1.30,22.76,$0.10B,$0.02B,5.33,$0.02B,$0.11B,0.2,$0.14B,$0.05B,34.07%,$0.14B,$0.02B,15.56%,$0.14B,$0.02B,15.56%,$0.14B,$0.03B,19.26%,$0.14B,$0.02B,16.30%,$0.14B,$0.02B,11.11%,$0.02B,$0.11B,13.89%,$0.02B,$0.11B,14.29%,$0.02B,$0.16B,10.47%,$0.02B,$0.14B,16.94%,$36,$21,$14,$3,$4,$29,$6,$-0,$6,$2,$4,$4,$4,$7,$6,$12,12,$0.37,$0.36,$3,$60,$0,$103,$41,$0,$3,$1,$54,$157,$19,$23,$0,$23,$43,$0,$70,$2,$114,$157,$11,$3,$1,$4,$-16,$-10,$1,$-1,$-27,$-12,$-6,$0,$0,$0,$0,$0,$0,$-6,$18,$0,$18,$0,$0,$0,$0,$19,$0,$0,$0
42,2008-03-31,22.71,$9.30,2.44,$10.62,2.14,$-2.95,0.0,$1.24,18.31,$0.10B,$0.02B,5.23,$0.02B,$0.11B,0.18,$0.13B,$0.04B,33.08%,$0.13B,$0.02B,15.38%,$0.13B,$0.02B,15.38%,$0.13B,$0.03B,19.23%,$0.13B,$0.02B,16.15%,$0.13B,$0.02B,11.54%,$0.02B,$0.11B,14.56%,$0.02B,$0.11B,15.00%,$0.02B,$0.15B,11.05%,$0.02B,$0.13B,17.20%,$36,$26,$10,$2,$5,$32,$4,$0,$5,$1,$3,$3,$3,$6,$4,$12,12,$0.27,$0.27,$2,$55,$0,$95,$41,$0,$3,$1,$53,$148,$18,$20,$0,$20,$38,$0,$66,$2,$110,$148,$7,$2,$-1,$2,$-12,$-6,$1,$-1,$-20,$-11,$-4,$0,$0,$0,$0,$0,$0,$-4,$15,$0,$15,$0,$0,$0,$0,$16,$-1,$0,$0
43,2007-12-31,37.68,$8.96,4.2,$10.27,3.67,$-1.78,0.0,$1.24,30.51,$0.09B,$0.02B,4.96,$0.02B,$0.11B,0.15,$0.13B,$0.04B,34.92%,$0.13B,$0.02B,16.67%,$0.13B,$0.02B,16.67%,$0.13B,$0.03B,19.84%,$0.13B,$0.02B,16.67%,$0.13B,$0.02B,11.90%,$0.02B,$0.11B,15.31%,$0.02B,$0.10B,15.79%,$0.02B,$0.14B,11.70%,$0.02B,$0.12B,19.31%,$32,$21,$11,$2,$4,$27,$5,$0,$5,$2,$3,$3,$3,$6,$5,$12,12,$0.28,$0.27,$3,$52,$0,$88,$40,$0,$3,$0,$52,$140,$18,$16,$0,$17,$34,$0,$63,$2,$106,$140,$3,$1,$-0,$1,$-8,$-2,$-0,$-1,$-13,$-9,$-3,$0,$0,$0,$0,$0,$0,$-3,$11,$0,$11,$0,$0,$0,$0,$12,$-0,$0,$0
44,2007-09-30,46.36,$8.69,5.33,$11.38,4.07,$-0.32,0.0,$1.62,28.7,$0.08B,$0.02B,3.92,$0.01B,$0.10B,0.05,$0.14B,$0.05B,37.41%,$0.14B,$0.03B,20.14%,$0.14B,$0.03B,20.14%,$0.14B,$0.03B,23.02%,$0.14B,$0.03B,20.14%,$0.14B,$0.02B,14.39%,$0.02B,$0.10B,21.62%,$0.02B,$0.10B,22.35%,$0.02B,$0.13B,16.56%,$0.03B,$0.11B,27.86%,$31,$20,$11,$2,$4,$25,$6,$0,$6,$1,$5,$5,$5,$7,$6,$12,12,$0.42,$0.41,$3,$50,$0,$81,$38,$0,$3,$1,$47,$128,$21,$5,$0,$5,$26,$0,$60,$2,$102,$128,$20,$4,$-3,$0,$-3,$-2,$1,$-9,$-8,$12,$-15,$0,$0,$0,$0,$0,$0,$-15,$-2,$-1,$-3,$2,$2,$0,$3,$3,$1,$0,$0
45,2007-06-30,37.1,$8.10,4.58,$11.28,3.29,$-0.03,0.0,$1.50,24.73,$0.08B,$0.02B,3.96,$0.01B,$0.09B,0.12,$0.14B,$0.05B,37.23%,$0.14B,$0.03B,19.71%,$0.14B,$0.03B,19.71%,$0.14B,$0.03B,22.63%,$0.14B,$0.03B,19.71%,$0.14B,$0.02B,13.14%,$0.02B,$0.09B,20.93%,$0.02B,$0.09B,21.75%,$0.02B,$0.13B,15.52%,$0.03B,$0.11B,28.65%,$31,$20,$11,$2,$4,$25,$5,$-0,$5,$2,$4,$4,$4,$6,$5,$12,12,$0.32,$0.30,$4,$49,$0,$84,$37,$0,$3,$1,$43,$127,$21,$11,$0,$11,$32,$0,$55,$2,$94,$127,$15,$3,$1,$4,$-4,$-1,$0,$-8,$-10,$9,$-14,$0,$0,$0,$0,$0,$0,$-14,$4,$-0,$3,$2,$2,$0,$2,$7,$2,$0,$0
46,2007-03-31,35.46,$7.74,4.58,$11.28,3.14,$0.52,68.04,$1.49,23.88,$0.08B,$0.02B,4.17,$0.01B,$0.09B,0.1,$0.14B,$0.05B,37.50%,$0.14B,$0.03B,19.85%,$0.14B,$0.03B,19.85%,$0.14B,$0.03B,22.79%,$0.14B,$0.03B,19.85%,$0.14B,$0.02B,12.50%,$0.02B,$0.09B,21.18%,$0.02B,$0.09B,22.15%,$0.02B,$0.12B,15.49%,$0.03B,$0.10B,30.86%,$32,$21,$11,$2,$4,$27,$5,$-0,$5,$2,$3,$3,$3,$6,$5,$12,12,$0.27,$0.26,$4,$48,$0,$82,$30,$0,$3,$1,$37,$118,$20,$9,$0,$9,$28,$0,$51,$1,$90,$118,$11,$2,$1,$3,$-3,$0,$1,$-8,$-9,$5,$-7,$0,$0,$0,$0,$0,$0,$-7,$1,$-0,$1,$1,$1,$0,$1,$4,$2,$0,$0
47,2006-12-31,29.05,$7.34,3.96,$10.54,2.75,$0.28,104.55,$1.36,21.44,$0.08B,$0.02B,3.57,$0.00B,$0.08B,0.05,$0.13B,$0.05B,37.80%,$0.13B,$0.02B,18.90%,$0.13B,$0.02B,18.90%,$0.13B,$0.03B,22.05%,$0.13B,$0.02B,18.90%,$0.13B,$0.02B,12.60%,$0.02B,$0.08B,21.40%,$0.02B,$0.08B,22.54%,$0.02B,$0.11B,15.02%,$0.02B,$0.09B,28.92%,$45,$26,$19,$2,$5,$33,$12,$0,$12,$4,$8,$8,$8,$13,$12,$11,12,$0.69,$0.65,$4,$47,$0,$76,$27,$0,$3,$1,$34,$110,$21,$4,$0,$4,$26,$0,$48,$1,$84,$110,$8,$1,$-0,$1,$2,$2,$2,$-9,$0,$9,$-3,$0,$0,$0,$0,$0,$0,$-3,$-3,$-1,$-4,$0,$0,$0,$0,$-3,$2,$0,$0
