,Date,Stock Price,Book Value per Share,Price to Book Ratio,TTM Sales per Share,Price to Sales Ratio,TTM FCF per Share,Price to FCF Ratio,TTM Net EPS,PE Ratio,Current Assets,Current Liabilities,Current Ratio,Long Term Debt,Shareholder's Equity_x,Debt to Equity Ratio,TTM Revenue_x,TTM Gross Profit,Gross Margin,TTM Revenue_y,TTM Operating Income,Operating Margin,TTM Revenue_x,TTM EBIT,EBIT Margin,TTM Revenue_y,TTM EBITDA,EBITDA Margin,TTM Revenue_x,TTM Pre-Tax Income,Pre-Tax Margin,TTM Revenue_y,TTM Net Income_x,Net Margin,TTM Net Income_y,Shareholder's Equity_y,Return on Equity,TTM Net Income_x,Tangible Equity,Return on Tangible Equity,TTM Net Income_y,Total Assets,Return on Assets,TTM Net Income,LT Investments & Debt,Return on Investment,revenue,cost-goods-sold,gross-profit,research-development-expenses,selling-general-administrative-expenses,operating-expenses,operating-income,total-non-operating-income-expense,pre-tax-income,total-provision-income-taxes,income-after-taxes,income-from-continuous-operations,net-income,ebitda,ebit,basic-shares-outstanding,shares-outstanding,eps-basic-net-earnings-per-share,eps-earnings-per-share-diluted,cash-on-hand,inventory,other-current-assets,total-current-assets,net-property-plant-equipment,long-term-investments,goodwill-intangible-assets-total,other-long-term-assets,total-long-term-assets,total-assets,total-current-liabilities,long-term-debt,other-non-current-liabilities,total-long-term-liabilities,total-liabilities,common-stock-net,retained-earnings-accumulated-deficit,comprehensive-income,total-share-holder-equity,total-liabilities-share-holders-equity,net-income-loss,total-depreciation-amortization-cash-flow,other-non-cash-items,total-non-cash-items,change-in-accounts-receivable,change-in-inventories,change-in-accounts-payable,change-in-assets-liabilities,total-change-in-assets-liabilities,cash-flow-from-operating-activities,net-change-in-property-plant-equipment,net-change-in-intangible-assets,net-acquisitions-divestitures,net-change-in-short-term-investments,net-change-in-long-term-investments,net-change-in-investments-total,investing-activities-other,cash-flow-from-investing-activities,net-long-term-debt,net-current-debt,debt-issuance-retirement-net-total,net-common-equity-issued-repurchased,net-total-equity-issued-repurchased,total-common-preferred-stock-dividends-paid,financial-activities-other,cash-flow-from-financial-activities,net-cash-flow,stock-based-compensation,common-stock-dividends-paid
0,2018-09-30,3.96,$11.52,0.34,$22.47,0.18,$-37.89,0.0,$-13.39,0.0,$0.04B,$0.01B,7.74,$0.01B,$0.09B,0.13,$0.03B,$-0.01B,-24.24%,$0.03B,$-0.02B,-60.61%,$0.03B,$-0.02B,-60.61%,$0.03B,$-0.01B,-39.39%,$0.03B,$-0.03B,-75.76%,$0.03B,$-0.03B,-75.76%,$-0.03B,$0.09B,-31.35%,$-0.03B,$0.09B,-31.35%,$-0.03B,$0.11B,-25.06%,$-0.02B,$0.11B,-21.68%,$9,$11,$-2,$2,$2,$15,$-6,$-1,$-7,$0,$-7,$-7,$-7,$-4,$-6,$8,8,$-0.85,$-0.85,$38,$3,$0,$43,$67,$0,$0,$1,$68,$111,$6,$12,$0,$13,$18,$0,$-422,$0,$93,$111,$-21,$5,$5,$9,$0,$1,$0,$-0,$1,$-10,$-1,$0,$0,$0,$0,$0,$0,$-1,$0,$0,$0,$38,$38,$0,$-0,$38,$27,$0,$0
1,2018-06-30,3.8,$12.47,0.3,$30.74,0.12,$-58.49,0.0,$-18.39,0.0,$0.05B,$0.00B,11.09,$0.01B,$0.10B,0.12,$0.03B,$-0.01B,-25.00%,$0.03B,$-0.02B,-59.38%,$0.03B,$-0.02B,-59.38%,$0.03B,$-0.01B,-37.50%,$0.03B,$-0.02B,-68.75%,$0.03B,$-0.02B,-68.75%,$-0.02B,$0.10B,-30.14%,$-0.02B,$0.10B,-30.14%,$-0.02B,$0.12B,-23.04%,$-0.02B,$0.11B,-22.09%,$9,$11,$-1,$1,$2,$14,$-4,$-7,$-11,$0,$-11,$-11,$-11,$-3,$-4,$2,2,$-7.19,$-7.19,$27,$4,$0,$48,$67,$0,$0,$1,$68,$116,$4,$12,$0,$12,$16,$0,$-415,$0,$100,$116,$-14,$3,$4,$7,$-0,$1,$0,$-0,$-1,$-8,$-0,$0,$0,$0,$0,$0,$0,$-0,$0,$0,$0,$24,$24,$0,$-0,$23,$15,$0,$0
2,2018-03-31,9.22,$54.24,0.17,$34.65,0.27,$-72.66,0.0,$-24.40,0.0,$0.01B,$0.01B,1.82,$0.01B,$0.06B,0.23,$0.03B,$-0.01B,-29.03%,$0.03B,$-0.02B,-67.74%,$0.03B,$-0.02B,-67.74%,$0.03B,$-0.01B,-45.16%,$0.03B,$-0.02B,-67.74%,$0.03B,$-0.02B,-67.74%,$-0.02B,$0.06B,-32.31%,$-0.02B,$0.06B,-32.31%,$-0.02B,$0.08B,-23.14%,$-0.02B,$0.08B,-26.75%,$8,$11,$-2,$1,$2,$13,$-5,$2,$-3,$0,$-3,$-3,$-3,$-3,$-5,$1,1,$-2.20,$-2.20,$7,$4,$0,$13,$69,$0,$0,$1,$70,$83,$7,$14,$0,$14,$21,$0,$-404,$0,$62,$83,$-3,$2,$-3,$-1,$-0,$0,$0,$0,$-1,$-4,$-0,$0,$0,$0,$0,$0,$0,$-0,$0,$0,$0,$0,$0,$0,$-0,$-0,$-5,$0,$0
3,2017-12-31,11.81,$58.07,0.2,$37.03,0.32,$-83.79,0.0,$-32.40,0.0,$0.02B,$0.01B,1.58,$0.01B,$0.06B,0.22,$0.03B,$-0.01B,-37.93%,$0.03B,$-0.02B,-79.31%,$0.03B,$-0.02B,-79.31%,$0.03B,$-0.02B,-58.62%,$0.03B,$-0.02B,-82.76%,$0.03B,$-0.02B,-82.76%,$-0.02B,$0.06B,-34.91%,$-0.02B,$0.06B,-34.91%,$-0.02B,$0.09B,-24.94%,$-0.02B,$0.08B,-29.02%,$7,$9,$-3,$1,$1,$11,$-5,$0,$-4,$0,$-4,$-4,$-4,$-3,$-5,$1,1,$-1.75,$-1.75,$12,$4,$0,$18,$70,$0,$0,$1,$71,$89,$11,$14,$0,$14,$25,$0,$-401,$0,$64,$89,$-25,$7,$-0,$6,$0,$-1,$0,$0,$-2,$-21,$-2,$0,$0,$0,$0,$0,$0,$-2,$-10,$0,$-10,$14,$14,$0,$2,$6,$-16,$0,$0
4,2017-09-30,12.49,$66.84,0.19,$59.17,0.21,$-193.67,0.0,$-35.00,0.0,$0.02B,$0.01B,1.54,$0.01B,$0.07B,0.21,$0.03B,$-0.01B,-35.71%,$0.03B,$-0.02B,-85.71%,$0.03B,$-0.02B,-85.71%,$0.03B,$-0.02B,-67.86%,$0.03B,$-0.02B,-78.57%,$0.03B,$-0.02B,-78.57%,$-0.02B,$0.07B,-31.43%,$-0.02B,$0.07B,-31.43%,$-0.02B,$0.09B,-21.57%,$-0.02B,$0.08B,-30.38%,$8,$10,$-2,$1,$2,$13,$-5,$1,$-4,$0,$-4,$-4,$-4,$-3,$-5,$1,1,$-5.03,$-5.03,$15,$4,$0,$21,$72,$0,$0,$1,$73,$94,$14,$14,$0,$14,$27,$0,$-397,$0,$66,$94,$-20,$5,$1,$6,$-0,$-1,$0,$0,$-2,$-16,$-2,$0,$0,$0,$0,$0,$0,$-2,$-10,$0,$-10,$13,$13,$0,$-1,$2,$-16,$0,$0
5,2017-06-30,13.78,$83.38,0.17,$78.54,0.18,$-261.51,0.0,$-70.00,0.0,$0.02B,$0.02B,1.45,$0.01B,$0.07B,0.2,$0.03B,$-0.01B,-40.74%,$0.03B,$-0.03B,-92.59%,$0.03B,$-0.03B,-92.59%,$0.03B,$-0.02B,-74.07%,$0.03B,$-0.03B,-103.70%,$0.03B,$-0.03B,-103.70%,$-0.03B,$0.07B,-39.86%,$-0.03B,$0.07B,-39.86%,$-0.03B,$0.10B,-26.05%,$-0.03B,$0.08B,-32.05%,$8,$10,$-2,$2,$2,$14,$-6,$-4,$-10,$0,$-10,$-10,$-10,$-5,$-6,$1,1,$-13.22,$-13.22,$16,$4,$0,$23,$73,$0,$0,$1,$74,$97,$16,$13,$0,$14,$29,$0,$-393,$0,$68,$97,$-16,$3,$2,$5,$-0,$-1,$0,$-0,$-2,$-13,$-1,$0,$0,$0,$0,$0,$0,$-1,$-10,$0,$-10,$11,$11,$0,$-1,$1,$-14,$0,$0
6,2017-03-31,22.8,$102.08,0.22,$134.85,0.17,$-374.52,0.0,$-232.80,0.0,$0.03B,$0.03B,1.01,$0.00B,$0.08B,0.01,$0.03B,$-0.01B,-40.74%,$0.03B,$-0.02B,-88.89%,$0.03B,$-0.02B,-88.89%,$0.03B,$-0.02B,-70.37%,$0.03B,$-0.04B,-144.44%,$0.03B,$-0.04B,-144.44%,$-0.04B,$0.08B,-57.56%,$-0.04B,$0.08B,-57.56%,$-0.04B,$0.11B,-35.29%,$-0.02B,$0.08B,-31.37%,$6,$9,$-4,$1,$2,$13,$-7,$1,$-6,$0,$-6,$-6,$-6,$-6,$-7,$1,1,$-10.20,$-10.20,$20,$4,$0,$27,$75,$3,$0,$1,$78,$105,$26,$1,$0,$1,$28,$0,$-383,$0,$77,$105,$-6,$2,$-2,$-0,$-0,$-1,$0,$-0,$-2,$-8,$-1,$0,$0,$0,$0,$0,$0,$-1,$-10,$0,$-10,$11,$11,$0,$-0,$1,$-7,$0,$0
7,2016-12-31,69.2,$195.83,0.35,$234.88,0.29,$-494.15,0.0,$-286.60,0.0,$0.03B,$0.04B,0.96,$0.01B,$0.07B,0.12,$0.03B,$-0.01B,-37.04%,$0.03B,$-0.02B,-85.19%,$0.03B,$-0.02B,-85.19%,$0.03B,$-0.02B,-62.96%,$0.03B,$-0.04B,-137.04%,$0.03B,$-0.04B,-137.04%,$-0.04B,$0.07B,-61.41%,$-0.04B,$0.07B,-61.41%,$-0.04B,$0.11B,-34.18%,$-0.02B,$0.08B,-31.62%,$6,$8,$-2,$2,$3,$12,$-6,$4,$-2,$0,$-2,$-2,$-2,$-5,$-6,$0,0,$84.80,$84.80,$28,$3,$0,$33,$76,$3,$0,$1,$79,$112,$35,$8,$0,$8,$43,$0,$-377,$0,$69,$112,$-37,$7,$10,$17,$0,$0,$0,$-0,$-1,$-21,$-6,$0,$0,$0,$0,$0,$0,$-6,$-1,$0,$-1,$41,$41,$0,$-3,$37,$11,$1,$0
8,2016-09-30,192.8,$203.36,0.95,$412.44,0.47,$-1197.70,0.0,$-456.00,0.0,$0.04B,$0.04B,0.9,$0.01B,$0.07B,0.13,$0.03B,$-0.01B,-35.71%,$0.03B,$-0.02B,-85.71%,$0.03B,$-0.02B,-85.71%,$0.03B,$-0.02B,-60.71%,$0.03B,$-0.04B,-153.57%,$0.03B,$-0.04B,-153.57%,$-0.04B,$0.07B,-78.18%,$-0.04B,$0.07B,-78.18%,$-0.04B,$0.12B,-40.57%,$-0.02B,$0.08B,-32.21%,$7,$10,$-3,$1,$2,$13,$-6,$-4,$-10,$0,$-10,$-10,$-10,$-4,$-6,$0,0,$-40.80,$-40.80,$31,$3,$0,$36,$77,$3,$0,$1,$80,$116,$40,$9,$0,$9,$49,$1,$-374,$0,$67,$116,$-35,$5,$15,$20,$0,$0,$0,$-0,$-2,$-16,$-6,$0,$0,$0,$0,$0,$0,$-6,$-1,$0,$-1,$40,$40,$0,$-3,$36,$14,$1,$0
9,2016-06-30,236.0,$260.82,0.9,$575.99,0.41,$-1614.55,0.0,$-572.00,0.0,$0.03B,$0.04B,0.81,$0.02B,$0.06B,0.28,$0.03B,$-0.01B,-34.48%,$0.03B,$-0.03B,-93.10%,$0.03B,$-0.03B,-93.10%,$0.03B,$-0.02B,-72.41%,$0.03B,$-0.04B,-137.93%,$0.03B,$-0.04B,-137.93%,$-0.04B,$0.06B,-77.67%,$-0.04B,$0.06B,-77.67%,$-0.04B,$0.11B,-39.12%,$-0.03B,$0.08B,-34.62%,$8,$10,$-2,$1,$2,$14,$-5,$-16,$-21,$0,$-21,$-21,$-21,$-4,$-5,$0,0,$-175.00,$-175.00,$23,$3,$0,$28,$78,$3,$0,$1,$81,$109,$35,$17,$0,$17,$51,$1,$-365,$0,$58,$109,$-25,$3,$12,$15,$-0,$1,$0,$-0,$-2,$-11,$-5,$0,$0,$0,$0,$0,$0,$-5,$-0,$0,$-0,$24,$24,$0,$-2,$22,$6,$1,$0
10,2016-03-31,108.0,$675.73,0.16,$784.45,0.14,$-1941.06,0.0,$-940.00,0.0,$0.01B,$0.03B,0.42,$0.02B,$0.05B,0.33,$0.03B,$-0.01B,-30.00%,$0.03B,$-0.03B,-96.67%,$0.03B,$-0.03B,-96.67%,$0.03B,$-0.02B,-73.33%,$0.03B,$-0.03B,-110.00%,$0.03B,$-0.03B,-110.00%,$-0.03B,$0.05B,-64.08%,$-0.03B,$0.05B,-64.08%,$-0.03B,$0.10B,-32.20%,$-0.03B,$0.06B,-34.94%,$6,$9,$-3,$1,$2,$12,$-6,$2,$-4,$0,$-4,$-4,$-4,$-4,$-6,$0,0,$-62.60,$-62.60,$9,$3,$0,$14,$79,$3,$0,$1,$82,$96,$32,$15,$0,$16,$48,$0,$-343,$0,$47,$96,$-4,$2,$-3,$-1,$1,$1,$0,$-0,$-1,$-6,$-2,$0,$0,$0,$0,$0,$0,$-2,$-0,$0,$-0,$0,$0,$0,$-1,$-1,$-8,$0,$0
11,2015-12-31,248.0,$894.93,0.28,$958.34,0.26,$-2269.08,0.0,$-1228.00,0.0,$0.02B,$0.02B,1.24,$0.04B,$0.05B,0.75,$0.03B,$-0.01B,-30.00%,$0.03B,$-0.03B,-110.00%,$0.03B,$-0.03B,-110.00%,$0.03B,$-0.03B,-86.67%,$0.03B,$-0.04B,-120.00%,$0.03B,$-0.04B,-120.00%,$-0.04B,$0.05B,-70.59%,$-0.04B,$0.05B,-70.59%,$-0.04B,$0.10B,-35.21%,$-0.03B,$0.08B,-37.71%,$7,$9,$-2,$2,$3,$14,$-7,$-1,$-8,$0,$-8,$-8,$-8,$-5,$-7,$0,0,$-84.20,$-84.20,$17,$3,$0,$23,$77,$3,$0,$1,$80,$103,$18,$36,$0,$36,$55,$0,$-339,$0,$48,$103,$-36,$7,$2,$9,$1,$1,$0,$0,$-1,$-28,$-1,$0,$0,$0,$0,$0,$0,$-1,$-0,$0,$-0,$44,$44,$0,$-4,$40,$11,$3,$0
12,2015-09-30,688.0,$1249.02,0.55,$1329.77,0.52,$-4099.28,0.0,$-1712.66,0.0,$0.02B,$0.01B,1.96,$0.04B,$0.05B,0.71,$0.03B,$-0.01B,-24.24%,$0.03B,$-0.04B,-106.06%,$0.03B,$-0.04B,-106.06%,$0.03B,$-0.03B,-84.85%,$0.03B,$-0.04B,-118.18%,$0.03B,$-0.04B,-118.18%,$-0.04B,$0.05B,-76.85%,$-0.04B,$0.05B,-76.85%,$-0.04B,$0.10B,-38.52%,$-0.04B,$0.09B,-39.66%,$8,$11,$-3,$2,$5,$17,$-9,$3,$-7,$0,$-7,$-7,$-7,$-8,$-9,$0,0,$-156.00,$-156.00,$16,$3,$0,$21,$77,$3,$0,$1,$80,$101,$11,$37,$0,$38,$48,$0,$-332,$0,$53,$101,$-28,$5,$1,$6,$1,$2,$0,$0,$1,$-21,$-0,$0,$0,$0,$0,$0,$0,$-0,$-0,$0,$-0,$34,$34,$0,$-3,$31,$10,$2,$0
13,2015-06-30,1308.0,$1410.70,0.93,$1836.90,0.71,$-6151.78,0.0,$-1616.72,0.0,$0.03B,$0.02B,1.88,$0.04B,$0.06B,0.63,$0.04B,$-0.01B,-20.00%,$0.04B,$-0.04B,-100.00%,$0.04B,$-0.04B,-100.00%,$0.04B,$-0.03B,-77.14%,$0.04B,$-0.03B,-94.29%,$0.04B,$-0.03B,-94.29%,$-0.03B,$0.06B,-63.46%,$-0.03B,$0.06B,-63.46%,$-0.03B,$0.11B,-32.12%,$-0.04B,$0.10B,-38.89%,$9,$10,$-1,$2,$4,$15,$-7,$-8,$-14,$0,$-14,$-14,$-14,$-5,$-7,$0,0,$-440.00,$-440.00,$23,$3,$0,$28,$78,$3,$0,$1,$82,$110,$15,$37,$0,$37,$52,$0,$-325,$0,$58,$110,$-22,$3,$4,$7,$0,$1,$0,$0,$-1,$-15,$-0,$0,$0,$0,$0,$0,$0,$-0,$-0,$0,$-0,$34,$34,$0,$-3,$31,$16,$1,$0
14,2015-03-31,1206.0,$1863.95,0.65,$2245.59,0.54,$-8258.32,0.0,$-2574.22,0.0,$0.01B,$0.01B,0.84,$0.04B,$0.05B,0.78,$0.03B,$-0.01B,-20.59%,$0.03B,$-0.04B,-108.82%,$0.03B,$-0.04B,-108.82%,$0.03B,$-0.03B,-88.24%,$0.03B,$-0.04B,-105.88%,$0.03B,$-0.04B,-105.88%,$-0.04B,$0.05B,-74.23%,$-0.04B,$0.05B,-74.23%,$-0.04B,$0.10B,-35.73%,$-0.04B,$0.08B,-41.93%,$6,$9,$-3,$2,$4,$15,$-10,$2,$-7,$0,$-7,$-7,$-7,$-8,$-10,$0,0,$-352.00,$-352.00,$4,$4,$0,$12,$80,$3,$0,$1,$83,$95,$14,$36,$0,$36,$50,$0,$-311,$0,$45,$95,$-7,$2,$-3,$-1,$0,$-0,$0,$0,$-1,$-9,$-0,$0,$0,$0,$0,$0,$0,$-0,$-0,$0,$-0,$9,$9,$0,$-1,$8,$-2,$0,$0
15,2014-12-31,1920.0,$2828.31,0.68,$2041.89,0.94,$-9199.65,0.0,$-3303.30,0.0,$0.01B,$0.01B,1.14,$0.04B,$0.05B,0.84,$0.03B,$-0.01B,-27.59%,$0.03B,$-0.04B,-137.93%,$0.03B,$-0.04B,-137.93%,$0.03B,$-0.03B,-117.24%,$0.03B,$-0.04B,-141.38%,$0.03B,$-0.04B,-141.38%,$-0.04B,$0.05B,-78.47%,$-0.04B,$0.05B,-78.47%,$-0.04B,$0.10B,-40.20%,$-0.04B,$0.09B,-45.07%,$10,$11,$-1,$3,$5,$18,$-9,$-2,$-11,$0,$-11,$-11,$-11,$-7,$-9,$0,0,$-660.66,$-660.66,$6,$4,$0,$14,$81,$3,$0,$1,$85,$99,$12,$40,$0,$40,$52,$0,$-303,$0,$47,$99,$-41,$5,$0,$5,$-1,$-1,$0,$0,$-3,$-39,$-5,$0,$0,$0,$-3,$-3,$0,$-8,$16,$0,$16,$18,$18,$0,$-6,$28,$-18,$3,$0
16,2014-09-30,2055.0,$3469.07,0.59,$1666.78,1.23,$-13390.88,0.0,$-4744.74,0.0,$0.02B,$0.01B,1.98,$0.04B,$0.06B,0.68,$0.02B,$-0.01B,-47.62%,$0.02B,$-0.04B,-209.52%,$0.02B,$-0.04B,-209.52%,$0.02B,$-0.04B,-185.71%,$0.02B,$-0.05B,-223.81%,$0.02B,$-0.05B,-223.81%,$-0.05B,$0.06B,-80.69%,$-0.05B,$0.06B,-80.69%,$-0.05B,$0.11B,-44.24%,$-0.04B,$0.10B,-48.48%,$10,$12,$-2,$4,$4,$19,$-9,$8,$-1,$0,$-1,$-1,$-1,$-7,$-9,$0,0,$-4.00,$-4.00,$14,$4,$0,$21,$83,$3,$0,$1,$87,$107,$11,$39,$0,$39,$50,$1,$-292,$0,$58,$107,$-30,$3,$-2,$1,$-1,$-0,$0,$0,$-4,$-33,$-5,$0,$0,$0,$-3,$-3,$0,$-7,$16,$0,$16,$18,$18,$0,$-5,$29,$-11,$2,$0
17,2014-06-30,5160.0,$3826.35,1.35,$1113.77,4.63,$-15558.49,0.0,$-6726.73,0.0,$0.01B,$0.01B,1.08,$0.05B,$0.04B,1.03,$0.01B,$-0.01B,-100.00%,$0.01B,$-0.05B,-425.00%,$0.01B,$-0.05B,-425.00%,$0.01B,$-0.05B,-391.67%,$0.01B,$-0.06B,-516.67%,$0.01B,$-0.06B,-516.67%,$-0.06B,$0.04B,-103.33%,$-0.06B,$0.04B,-103.33%,$-0.06B,$0.10B,-57.01%,$-0.05B,$0.09B,-57.79%,$8,$8,$-1,$4,$5,$17,$-9,$-8,$-17,$0,$-17,$-17,$-17,$-8,$-9,$0,0,$-1516.00,$-1516.00,$6,$4,$0,$14,$84,$3,$0,$1,$88,$102,$13,$45,$0,$45,$58,$1,$-291,$0,$44,$102,$-29,$2,$7,$8,$-2,$-1,$0,$0,$-4,$-25,$-4,$0,$0,$0,$-3,$-3,$0,$-6,$16,$0,$16,$0,$0,$0,$-3,$13,$-19,$2,$0
18,2014-03-31,7020.0,$5244.90,1.34,$688.69,10.19,$-16032.18,0.0,$-7327.33,0.0,$0.02B,$0.02B,0.87,$0.02B,$0.06B,0.38,$0.01B,$-0.01B,-216.67%,$0.01B,$-0.06B,-933.33%,$0.01B,$-0.06B,-933.33%,$0.01B,$-0.05B,-866.67%,$0.01B,$-0.06B,-1000.00%,$0.01B,$-0.06B,-1000.00%,$-0.06B,$0.06B,-86.96%,$-0.06B,$0.06B,-86.96%,$-0.06B,$0.10B,-52.29%,$-0.06B,$0.08B,-60.38%,$1,$5,$-4,$4,$5,$14,$-13,$1,$-12,$0,$-12,$-12,$-12,$-12,$-13,$0,0,$-1060.00,$-1060.00,$8,$4,$0,$15,$83,$0,$0,$2,$85,$100,$17,$23,$0,$23,$40,$1,$-274,$0,$60,$100,$-12,$1,$-1,$-0,$-0,$-0,$0,$0,$-1,$-13,$-3,$0,$0,$0,$0,$0,$0,$-3,$-0,$0,$-0,$0,$0,$0,$-0,$-0,$-16,$1,$0
19,2013-12-31,8580.0,$6223.65,1.38,$1129.80,7.59,$-16240.08,0.0,$-8948.95,0.0,$0.03B,$0.02B,1.46,$0.02B,$0.07B,0.34,$0.01B,$-0.01B,-111.11%,$0.01B,$-0.06B,-622.22%,$0.01B,$-0.06B,-622.22%,$0.01B,$-0.05B,-577.78%,$0.01B,$-0.07B,-733.33%,$0.01B,$-0.07B,-733.33%,$-0.07B,$0.07B,-86.84%,$-0.07B,$0.07B,-86.84%,$-0.07B,$0.12B,-52.69%,$-0.06B,$0.10B,-54.50%,$2,$5,$-3,$4,$6,$15,$-13,$-4,$-17,$0,$-17,$-17,$-17,$-12,$-13,$0,0,$-2102.10,$-2102.10,$25,$4,$0,$31,$83,$0,$0,$2,$86,$116,$21,$24,$0,$24,$45,$1,$-262,$0,$71,$116,$-67,$3,$12,$15,$-1,$2,$0,$0,$4,$-47,$-10,$0,$0,$0,$0,$0,$2,$-8,$-15,$0,$-15,$29,$29,$0,$-2,$13,$-42,$4,$0
20,2013-09-30,11519.99,$8243.44,1.4,$1221.59,9.43,$-27791.39,0.0,$-8888.89,0.0,$0.03B,$0.03B,1.08,$0.02B,$0.07B,0.34,$0.01B,$-0.01B,-88.89%,$0.01B,$-0.06B,-622.22%,$0.01B,$-0.06B,-622.22%,$0.01B,$-0.05B,-577.78%,$0.01B,$-0.06B,-688.89%,$0.01B,$-0.06B,-688.89%,$-0.06B,$0.07B,-74.92%,$-0.06B,$0.07B,-74.92%,$-0.06B,$0.12B,-45.84%,$-0.06B,$0.09B,-49.23%,$1,$5,$-4,$5,$7,$17,$-16,$-0,$-16,$0,$-16,$-16,$-16,$-15,$-16,$0,0,$-2042.04,$-2042.04,$26,$4,$0,$32,$83,$0,$0,$2,$85,$117,$30,$22,$0,$23,$52,$0,$-245,$0,$65,$117,$-49,$3,$7,$10,$-0,$2,$0,$0,$8,$-32,$-5,$0,$0,$0,$0,$0,$2,$-3,$-7,$0,$-7,$0,$0,$0,$-0,$-7,$-41,$3,$0
21,2013-06-30,12179.99,$10196.20,1.19,$1163.04,10.47,$-38372.63,0.0,$-8708.71,0.0,$0.05B,$0.02B,2.27,$0.03B,$0.08B,0.33,$0.01B,$-0.01B,-111.11%,$0.01B,$-0.06B,-711.11%,$0.01B,$-0.06B,-711.11%,$0.01B,$-0.06B,-677.78%,$0.01B,$-0.06B,-644.44%,$0.01B,$-0.06B,-644.44%,$-0.06B,$0.08B,-61.70%,$-0.06B,$0.08B,-61.70%,$-0.06B,$0.13B,-38.54%,$-0.06B,$0.11B,-48.95%,$2,$4,$-2,$6,$6,$16,$-14,$-1,$-15,$0,$-15,$-15,$-15,$-13,$-14,$0,0,$-2102.10,$-2102.10,$41,$3,$0,$46,$78,$0,$0,$2,$80,$126,$20,$26,$0,$27,$47,$0,$-229,$0,$80,$126,$-34,$2,$7,$8,$0,$3,$0,$0,$6,$-19,$-3,$0,$0,$0,$0,$0,$0,$-3,$-4,$0,$-4,$0,$0,$0,$-0,$-4,$-26,$2,$0
22,2013-03-31,13439.99,$11979.77,1.12,$2501.89,5.37,$-48820.33,0.0,$-10330.33,0.0,$0.06B,$0.02B,3.28,$0.04B,$0.09B,0.4,$0.01B,$-0.01B,-64.29%,$0.01B,$-0.07B,-471.43%,$0.01B,$-0.07B,-471.43%,$0.01B,$-0.06B,-450.00%,$0.01B,$-0.06B,-421.43%,$0.01B,$-0.06B,-421.43%,$-0.06B,$0.09B,-65.74%,$-0.06B,$0.09B,-65.74%,$-0.06B,$0.14B,-39.80%,$-0.07B,$0.12B,-52.80%,$4,$5,$-1,$5,$7,$16,$-13,$-5,$-18,$0,$-18,$-18,$-18,$-12,$-13,$0,0,$-2702.70,$-2702.70,$54,$4,$0,$61,$78,$0,$0,$3,$81,$142,$19,$35,$1,$36,$55,$0,$-214,$0,$88,$142,$-18,$1,$5,$6,$-0,$2,$0,$-0,$3,$-9,$-2,$0,$0,$0,$0,$0,$0,$-2,$-2,$0,$-2,$0,$0,$0,$0,$-2,$-13,$1,$0
23,2012-12-31,9240.0,$14835.09,0.62,$5360.86,1.72,$-52929.08,0.0,$-12072.07,0.0,$0.08B,$0.02B,4.53,$0.04B,$0.10B,0.42,$0.03B,$-0.01B,-32.00%,$0.03B,$-0.07B,-284.00%,$0.03B,$-0.07B,-284.00%,$0.03B,$-0.07B,-272.00%,$0.03B,$-0.06B,-240.00%,$0.03B,$-0.06B,-240.00%,$-0.06B,$0.10B,-68.97%,$-0.06B,$0.10B,-68.97%,$-0.06B,$0.16B,-41.45%,$-0.07B,$0.14B,-59.04%,$2,$3,$-1,$4,$8,$15,$-13,$-0,$-13,$0,$-13,$-13,$-13,$-12,$-13,$0,0,$-2042.04,$-2042.04,$67,$7,$0,$76,$77,$0,$0,$3,$80,$156,$17,$41,$1,$42,$58,$0,$-195,$0,$98,$156,$-61,$3,$-7,$-3,$2,$-3,$0,$0,$-4,$-68,$-52,$0,$0,$0,$0,$0,$-1,$-53,$37,$0,$37,$63,$63,$0,$-6,$94,$-27,$8,$0
24,2012-09-30,12839.99,$16748.02,0.77,$9071.60,1.42,$-44128.65,0.0,$-13273.27,0.0,$0.10B,$0.02B,4.55,$0.05B,$0.11B,0.41,$0.04B,$-0.01B,-12.50%,$0.04B,$-0.07B,-177.50%,$0.04B,$-0.07B,-177.50%,$0.04B,$-0.07B,-170.00%,$0.04B,$-0.06B,-152.50%,$0.04B,$-0.06B,-152.50%,$-0.06B,$0.11B,-71.35%,$-0.06B,$0.11B,-71.35%,$-0.06B,$0.18B,-43.88%,$-0.07B,$0.16B,-61.87%,$1,$6,$-6,$5,$14,$25,$-24,$12,$-12,$0,$-12,$-12,$-12,$-24,$-24,$0,0,$-1861.86,$-1861.86,$92,$4,$0,$98,$77,$0,$0,$3,$80,$178,$22,$45,$2,$47,$68,$0,$-182,$0,$110,$178,$-48,$3,$-7,$-4,$2,$0,$0,$0,$4,$-47,$-51,$0,$0,$0,$0,$0,$-1,$-52,$40,$0,$40,$63,$63,$0,$-6,$97,$-2,$7,$0
25,2012-06-30,29819.99,$14006.66,2.13,$13054.95,2.28,$-35632.24,0.0,$-14294.29,0.0,$0.04B,$0.03B,1.35,$0.02B,$0.06B,0.32,$0.06B,$0.00B,3.51%,$0.06B,$-0.06B,-103.51%,$0.06B,$-0.06B,-103.51%,$0.06B,$-0.05B,-94.74%,$0.06B,$-0.06B,-107.02%,$0.06B,$-0.06B,-107.02%,$-0.06B,$0.06B,-72.84%,$-0.06B,$0.06B,-72.84%,$-0.06B,$0.12B,-47.75%,$-0.06B,$0.08B,-55.53%,$7,$9,$-1,$5,$10,$23,$-16,$-0,$-16,$0,$-16,$-16,$-16,$-15,$-16,$0,0,$-3723.72,$-3723.72,$39,$3,$1,$44,$70,$0,$0,$3,$73,$117,$33,$20,$2,$22,$55,$0,$-170,$0,$63,$117,$-35,$2,$7,$8,$2,$1,$0,$-0,$3,$-24,$-35,$0,$0,$0,$0,$0,$-1,$-35,$4,$0,$4,$1,$1,$0,$-0,$4,$-56,$5,$0
26,2012-03-31,55139.97,$17329.19,3.18,$14837.67,3.72,$-27298.14,0.0,$-13453.45,0.0,$0.08B,$0.02B,3.47,$0.03B,$0.08B,0.34,$0.07B,$0.00B,6.15%,$0.07B,$-0.06B,-84.62%,$0.07B,$-0.06B,-84.62%,$0.07B,$-0.05B,-75.38%,$0.07B,$-0.06B,-87.69%,$0.07B,$-0.06B,-87.69%,$-0.06B,$0.08B,-59.07%,$-0.06B,$0.08B,-59.07%,$-0.06B,$0.13B,-42.62%,$-0.06B,$0.10B,-46.41%,$15,$15,$-0,$5,$13,$33,$-18,$-1,$-19,$0,$-19,$-19,$-19,$-17,$-18,$0,0,$-4444.44,$-4444.44,$74,$5,$0,$84,$42,$0,$0,$2,$44,$128,$24,$27,$0,$27,$51,$0,$-154,$0,$77,$128,$-19,$1,$4,$5,$-0,$-2,$0,$-0,$-3,$-17,$-8,$0,$0,$0,$0,$0,$-0,$-8,$4,$0,$4,$0,$0,$0,$-0,$4,$-21,$4,$0
27,2011-12-31,37739.98,$20975.49,1.8,$18101.59,2.08,$-26563.08,0.0,$-13573.57,0.0,$0.10B,$0.02B,6.37,$0.03B,$0.09B,0.27,$0.07B,$0.00B,6.15%,$0.07B,$-0.05B,-69.23%,$0.07B,$-0.05B,-69.23%,$0.07B,$-0.04B,-60.00%,$0.07B,$-0.05B,-72.31%,$0.07B,$-0.05B,-73.85%,$-0.05B,$0.09B,-44.34%,$-0.05B,$0.09B,-44.34%,$-0.05B,$0.13B,-34.41%,$-0.05B,$0.12B,-35.09%,$17,$16,$2,$6,$9,$30,$-13,$-1,$-14,$0,$-14,$-14,$-14,$-12,$-13,$0,0,$-3243.24,$-3243.24,$94,$4,$0,$103,$29,$0,$0,$2,$30,$133,$16,$25,$0,$25,$41,$0,$-135,$0,$92,$133,$-48,$5,$8,$13,$-0,$-0,$0,$-0,$2,$-34,$-8,$0,$0,$0,$0,$0,$-0,$-8,$8,$0,$8,$115,$115,$0,$-2,$121,$79,$7,$0
