,Date,Stock Price,Book Value per Share,Price to Book Ratio,TTM Sales per Share,Price to Sales Ratio,TTM FCF per Share,Price to FCF Ratio,TTM Net EPS,PE Ratio,Current Assets,Current Liabilities,Current Ratio,Long Term Debt,Shareholder's Equity_x,Debt to Equity Ratio,TTM Revenue_x,TTM Gross Profit,Gross Margin,TTM Revenue_y,TTM Operating Income,Operating Margin,TTM Revenue_x,TTM EBIT,EBIT Margin,TTM Revenue_y,TTM EBITDA,EBITDA Margin,TTM Revenue_x,TTM Pre-Tax Income,Pre-Tax Margin,TTM Revenue_y,TTM Net Income_x,Net Margin,TTM Net Income_y,Shareholder's Equity_y,Return on Equity,TTM Net Income_x,Tangible Equity,Return on Tangible Equity,TTM Net Income_y,Total Assets,Return on Assets,TTM Net Income,LT Investments & Debt,Return on Investment,revenue,cost-goods-sold,gross-profit,research-development-expenses,selling-general-administrative-expenses,operating-expenses,operating-income,total-non-operating-income-expense,pre-tax-income,total-provision-income-taxes,income-after-taxes,income-from-continuous-operations,net-income,ebitda,ebit,basic-shares-outstanding,shares-outstanding,eps-basic-net-earnings-per-share,eps-earnings-per-share-diluted,cash-on-hand,inventory,other-current-assets,total-current-assets,net-property-plant-equipment,long-term-investments,goodwill-intangible-assets-total,other-long-term-assets,total-long-term-assets,total-assets,total-current-liabilities,long-term-debt,other-non-current-liabilities,total-long-term-liabilities,total-liabilities,common-stock-net,retained-earnings-accumulated-deficit,comprehensive-income,total-share-holder-equity,total-liabilities-share-holders-equity,net-income-loss,total-depreciation-amortization-cash-flow,other-non-cash-items,total-non-cash-items,change-in-accounts-receivable,change-in-inventories,change-in-accounts-payable,change-in-assets-liabilities,total-change-in-assets-liabilities,cash-flow-from-operating-activities,net-change-in-property-plant-equipment,net-change-in-intangible-assets,net-acquisitions-divestitures,net-change-in-short-term-investments,net-change-in-long-term-investments,net-change-in-investments-total,investing-activities-other,cash-flow-from-investing-activities,net-long-term-debt,net-current-debt,debt-issuance-retirement-net-total,net-common-equity-issued-repurchased,net-total-equity-issued-repurchased,total-common-preferred-stock-dividends-paid,financial-activities-other,cash-flow-from-financial-activities,net-cash-flow,stock-based-compensation,common-stock-dividends-paid
0,2018-09-30,24.0,$17.66,1.36,$10.31,2.33,$4.43,5.42,$0.37,64.86,$0.82B,$0.77B,1.06,$0.12B,$0.08B,1.51,$0.05B,$0.04B,80.00%,$0.05B,$0.01B,24.44%,$0.05B,0,0.00%,$0.05B,0,0.00%,$0.05B,$0.01B,17.78%,$0.05B,$0.01B,11.11%,$0.01B,$0.08B,6.56%,$0.01B,$0.07B,6.83%,$0.01B,$0.97B,0.57%,$0.01B,$0.20B,5.94%,$15,$3,$12,$0,$7,$9,$5,$-0,$5,$1,$4,$4,$4,$0,$0,$4,4,$0.89,$0.88,$31,$0,$0,$816,$22,$91,$6,$29,$150,$966,$769,$118,$1,$119,$888,$1,$64,$-0,$79,$966,$5,$2,$-1,$1,$-1,$0,$0,$6,$4,$10,$-3,$0,$2,$0,$0,$0,$-8,$-7,$0,$-0,$0,$0,$0,$-2,$-7,$-8,$-6,$0,$-2
1,2018-06-30,24.33,$16.92,1.44,$9.05,2.69,$4.03,6.04,$0.76,32.01,$0.81B,$0.77B,1.05,$0.11B,$0.08B,1.49,$0.04B,$0.03B,82.05%,$0.04B,$0.01B,20.51%,$0.04B,0,0.00%,$0.04B,0,0.00%,$0.04B,$0.01B,12.82%,$0.04B,$0.00B,7.69%,$0.00B,$0.08B,3.99%,$0.00B,$0.07B,4.07%,$0.00B,$0.96B,0.36%,$0.01B,$0.19B,4.46%,$12,$2,$10,$0,$8,$10,$2,$-3,$-1,$-0,$-0,$-0,$-0,$0,$0,$4,4,$-0.08,$-0.08,$30,$0,$0,$808,$22,$94,$6,$26,$153,$961,$773,$112,$1,$113,$885,$1,$61,$-0,$75,$961,$1,$1,$0,$1,$-1,$0,$0,$5,$2,$5,$-2,$0,$2,$0,$-2,$-2,$1,$-1,$-6,$-0,$-6,$0,$0,$-1,$-3,$-10,$-7,$0,$-1
2,2018-03-31,23.26,$17.08,1.36,$8.20,2.84,$4.20,5.53,$1.20,19.39,$0.68B,$0.64B,1.07,$0.10B,$0.08B,1.27,$0.04B,$0.03B,80.56%,$0.04B,$0.01B,22.22%,$0.04B,0,0.00%,$0.04B,0,0.00%,$0.04B,$0.01B,22.22%,$0.04B,$0.01B,13.89%,$0.01B,$0.08B,6.69%,$0.01B,$0.08B,6.69%,$0.01B,$0.81B,0.64%,$0.01B,$0.17B,4.49%,$9,$2,$7,$0,$5,$7,$2,$-0,$2,$0,$1,$1,$1,$0,$0,$4,4,$0.31,$0.30,$40,$0,$0,$681,$12,$86,$0,$25,$126,$807,$635,$96,$0,$96,$731,$1,$62,$-0,$76,$807,$1,$0,$0,$1,$1,$0,$0,$-0,$1,$3,$-2,$0,$0,$0,$-1,$-1,$-8,$-12,$-14,$0,$-14,$0,$0,$-1,$26,$12,$3,$0,$-1
3,2017-12-31,22.11,$16.92,1.31,$7.93,2.79,$4.34,5.09,$1.22,18.12,$0.67B,$0.61B,1.1,$0.11B,$0.08B,1.47,$0.04B,$0.03B,82.86%,$0.04B,$0.01B,22.86%,$0.04B,0,0.00%,$0.04B,0,0.00%,$0.04B,$0.01B,22.86%,$0.04B,$0.01B,14.29%,$0.01B,$0.08B,6.80%,$0.01B,$0.08B,6.80%,$0.01B,$0.79B,0.66%,$0.01B,$0.19B,4.44%,$9,$2,$7,$0,$6,$8,$2,$0,$2,$1,$0,$0,$0,$0,$0,$4,4,$0.10,$0.09,$37,$0,$0,$671,$11,$86,$0,$24,$123,$794,$610,$110,$0,$110,$720,$1,$61,$-0,$75,$794,$5,$2,$3,$5,$-1,$0,$0,$2,$-0,$10,$-1,$0,$0,$0,$12,$12,$-91,$-81,$-1,$0,$-1,$0,$0,$-2,$102,$99,$28,$0,$-2
4,2017-09-30,20.98,$16.88,1.24,$7.59,2.77,$3.90,5.38,$1.41,14.88,$0.63B,$0.59B,1.08,$0.10B,$0.08B,1.32,$0.03B,$0.03B,85.29%,$0.03B,$0.01B,23.53%,$0.03B,0,0.00%,$0.03B,0,0.00%,$0.03B,$0.01B,23.53%,$0.03B,$0.01B,20.59%,$0.01B,$0.08B,9.69%,$0.01B,$0.08B,9.69%,$0.01B,$0.76B,0.96%,$0.01B,$0.17B,4.47%,$9,$1,$8,$0,$5,$7,$2,$0,$2,$0,$2,$2,$2,$0,$0,$4,4,$0.39,$0.39,$11,$0,$0,$632,$12,$87,$0,$24,$127,$759,$586,$98,$1,$99,$685,$1,$61,$-0,$75,$759,$5,$2,$1,$3,$-1,$0,$0,$-0,$-1,$7,$-2,$0,$0,$0,$11,$11,$-79,$-70,$-13,$0,$-13,$0,$0,$-1,$79,$65,$2,$0,$-1
5,2017-06-30,19.83,$16.58,1.2,$7.27,2.73,$4.08,4.86,$1.37,14.47,$0.62B,$0.57B,1.1,$0.11B,$0.07B,1.49,$0.03B,$0.03B,84.85%,$0.03B,$0.01B,24.24%,$0.03B,0,0.00%,$0.03B,0,0.00%,$0.03B,$0.01B,24.24%,$0.03B,$0.01B,21.21%,$0.01B,$0.07B,9.82%,$0.01B,$0.07B,9.82%,$0.01B,$0.75B,0.98%,$0.01B,$0.18B,4.55%,$9,$1,$7,$0,$5,$6,$2,$0,$2,$1,$2,$2,$2,$0,$0,$4,4,$0.36,$0.36,$11,$0,$0,$623,$12,$90,$0,$24,$129,$752,$569,$109,$0,$110,$678,$1,$59,$-0,$73,$752,$3,$1,$0,$1,$-0,$0,$0,$-1,$0,$5,$-1,$0,$0,$0,$9,$9,$-70,$-62,$-2,$0,$-2,$0,$0,$-1,$62,$59,$2,$0,$-1
6,2017-03-31,18.59,$16.17,1.15,$7.00,2.66,$4.05,4.59,$1.29,14.41,$0.60B,$0.55B,1.08,$0.11B,$0.07B,1.5,$0.03B,$0.03B,87.10%,$0.03B,$0.01B,25.81%,$0.03B,0,0.00%,$0.03B,0,0.00%,$0.03B,$0.01B,25.81%,$0.03B,$0.01B,19.35%,$0.01B,$0.07B,8.51%,$0.01B,$0.07B,8.51%,$0.01B,$0.73B,0.86%,$0.01B,$0.18B,4.67%,$8,$1,$7,$0,$5,$6,$2,$0,$2,$1,$1,$1,$1,$0,$0,$4,4,$0.33,$0.32,$9,$0,$0,$598,$11,$96,$0,$24,$134,$732,$553,$108,$0,$108,$661,$1,$58,$-1,$71,$732,$1,$0,$0,$1,$-0,$0,$0,$-0,$-0,$2,$-0,$0,$0,$0,$2,$2,$-46,$-45,$-4,$0,$-4,$0,$0,$-0,$46,$42,$-1,$0,$-0
7,2016-12-31,20.55,$15.87,1.3,$6.85,3.0,$4.24,4.85,$1.26,16.31,$0.55B,$0.51B,1.09,$0.11B,$0.07B,1.59,$0.03B,$0.03B,86.67%,$0.03B,$0.01B,26.67%,$0.03B,0,0.00%,$0.03B,0,0.00%,$0.03B,$0.01B,26.67%,$0.03B,$0.01B,20.00%,$0.01B,$0.07B,8.60%,$0.01B,$0.07B,8.60%,$0.01B,$0.69B,0.89%,$0.01B,$0.18B,4.98%,$8,$1,$7,$0,$5,$6,$2,$0,$2,$1,$2,$2,$2,$0,$0,$4,4,$0.35,$0.35,$9,$0,$0,$551,$11,$97,$0,$25,$136,$688,$507,$111,$0,$111,$618,$1,$57,$-1,$70,$688,$6,$2,$2,$3,$-1,$0,$0,$-0,$-0,$8,$-1,$0,$0,$0,$2,$2,$-49,$-48,$44,$0,$44,$-0,$-0,$-1,$-12,$30,$-10,$0,$-1
8,2016-09-30,15.52,$16.04,0.97,$6.70,2.32,$4.18,3.71,$1.25,12.42,$0.54B,$0.52B,1.05,$0.09B,$0.07B,1.27,$0.03B,$0.03B,86.21%,$0.03B,$0.01B,27.59%,$0.03B,0,0.00%,$0.03B,0,0.00%,$0.03B,$0.01B,27.59%,$0.03B,$0.01B,17.24%,$0.01B,$0.07B,7.27%,$0.01B,$0.07B,7.27%,$0.01B,$0.68B,0.75%,$0.01B,$0.16B,5.38%,$8,$1,$7,$0,$5,$6,$2,$0,$2,$1,$2,$2,$2,$0,$0,$4,4,$0.35,$0.35,$11,$0,$0,$541,$11,$100,$0,$25,$138,$680,$518,$90,$1,$91,$609,$1,$56,$1,$71,$680,$4,$1,$1,$2,$-1,$0,$0,$-0,$0,$7,$-1,$0,$0,$0,$2,$2,$-35,$-35,$23,$0,$23,$0,$0,$-1,$-1,$20,$-8,$0,$-1
9,2016-06-30,15.35,$15.79,0.97,$6.64,2.31,$4.39,3.5,$1.22,12.58,$0.53B,$0.52B,1.03,$0.09B,$0.07B,1.34,$0.03B,$0.02B,85.71%,$0.03B,$0.01B,28.57%,$0.03B,0,0.00%,$0.03B,0,0.00%,$0.03B,$0.01B,28.57%,$0.03B,$0.00B,14.29%,$0.00B,$0.07B,5.93%,$0.00B,$0.07B,5.93%,$0.00B,$0.68B,0.61%,$0.01B,$0.16B,5.59%,$7,$1,$6,$0,$5,$6,$2,$0,$2,$0,$1,$1,$1,$0,$0,$4,4,$0.29,$0.28,$10,$0,$0,$533,$11,$109,$0,$25,$147,$680,$516,$94,$0,$94,$610,$1,$55,$1,$70,$680,$3,$1,$1,$2,$-0,$0,$0,$-0,$-0,$4,$-1,$0,$0,$0,$-6,$-6,$-29,$-36,$26,$0,$26,$0,$0,$-1,$-3,$23,$-9,$0,$-1
10,2016-03-31,14.32,$15.35,0.93,$6.77,2.12,$4.26,3.36,$1.29,11.1,$0.51B,$0.52B,0.98,$0.07B,$0.07B,0.99,$0.03B,$0.03B,86.21%,$0.03B,$0.01B,27.59%,$0.03B,0,0.00%,$0.03B,0,0.00%,$0.03B,$0.01B,27.59%,$0.03B,$0.01B,17.24%,$0.01B,$0.07B,7.58%,$0.01B,$0.07B,7.58%,$0.01B,$0.66B,0.77%,$0.01B,$0.14B,5.93%,$7,$1,$6,$0,$4,$6,$2,$0,$2,$1,$1,$1,$1,$0,$0,$4,4,$0.29,$0.29,$18,$0,$0,$511,$11,$107,$0,$25,$145,$656,$520,$68,$0,$68,$588,$1,$54,$-0,$68,$656,$1,$0,$0,$1,$0,$0,$0,$-0,$1,$3,$-0,$0,$0,$0,$-6,$-6,$1,$-5,$0,$0,$0,$0,$0,$-0,$2,$1,$-1,$0,$-0
11,2015-12-31,14.51,$15.12,0.96,$6.76,2.14,$4.12,3.52,$1.30,11.16,$0.51B,$0.52B,0.99,$0.07B,$0.07B,1.02,$0.03B,$0.03B,86.21%,$0.03B,$0.01B,27.59%,$0.03B,0,0.00%,$0.03B,0,0.00%,$0.03B,$0.01B,27.59%,$0.03B,$0.01B,17.24%,$0.01B,$0.07B,7.72%,$0.01B,$0.07B,7.72%,$0.01B,$0.65B,0.76%,$0.01B,$0.13B,5.98%,$7,$1,$6,$0,$4,$5,$2,$0,$2,$1,$1,$1,$1,$0,$0,$4,4,$0.33,$0.33,$19,$0,$0,$514,$11,$100,$0,$25,$139,$653,$519,$68,$0,$68,$586,$1,$53,$-1,$66,$653,$6,$2,$1,$3,$-1,$0,$0,$1,$-1,$8,$-1,$0,$0,$0,$-11,$-11,$-8,$-20,$-8,$-10,$-18,$0,$0,$-1,$38,$19,$6,$0,$-1
12,2015-09-30,13.84,$15.00,0.92,$6.91,2.0,$4.75,2.91,$1.38,10.03,$0.51B,$0.51B,1.02,$0.07B,$0.07B,1.09,$0.03B,$0.03B,86.21%,$0.03B,$0.01B,27.59%,$0.03B,0,0.00%,$0.03B,0,0.00%,$0.03B,$0.01B,27.59%,$0.03B,$0.01B,20.69%,$0.01B,$0.07B,9.45%,$0.01B,$0.07B,9.45%,$0.01B,$0.65B,0.93%,$0.01B,$0.14B,5.95%,$7,$1,$6,$0,$4,$5,$2,$0,$2,$1,$1,$1,$1,$0,$0,$4,4,$0.33,$0.32,$9,$0,$0,$514,$11,$95,$0,$21,$130,$645,$507,$72,$0,$72,$579,$1,$52,$-0,$66,$645,$4,$1,$1,$2,$1,$0,$0,$0,$1,$7,$-1,$0,$0,$0,$-6,$-6,$-16,$-22,$-4,$-10,$-14,$0,$0,$-1,$26,$11,$-3,$0,$-1
13,2015-06-30,13.84,$14.61,0.95,$6.85,2.02,$4.99,2.77,$1.37,10.1,$0.53B,$0.52B,1.02,$0.07B,$0.06B,1.06,$0.03B,$0.03B,86.21%,$0.03B,$0.01B,27.59%,$0.03B,0,0.00%,$0.03B,0,0.00%,$0.03B,$0.01B,27.59%,$0.03B,$0.01B,20.69%,$0.01B,$0.06B,9.72%,$0.01B,$0.06B,9.72%,$0.01B,$0.65B,0.94%,$0.01B,$0.13B,5.99%,$8,$1,$7,$0,$5,$6,$2,$0,$2,$1,$2,$2,$2,$0,$0,$4,4,$0.35,$0.35,$22,$0,$0,$530,$11,$86,$0,$22,$123,$653,$521,$68,$0,$68,$589,$1,$51,$-1,$64,$653,$3,$1,$0,$1,$-1,$0,$0,$0,$-1,$3,$-1,$0,$0,$0,$3,$3,$-18,$-16,$-8,$-10,$-18,$0,$0,$-0,$40,$21,$9,$0,$-0
14,2015-03-31,13.59,$14.47,0.94,$6.65,2.05,$5.21,2.61,$1.30,10.45,$0.54B,$0.54B,1.01,$0.07B,$0.06B,1.07,$0.03B,$0.02B,85.71%,$0.03B,$0.01B,28.57%,$0.03B,0,0.00%,$0.03B,0,0.00%,$0.03B,$0.01B,28.57%,$0.03B,$0.01B,17.86%,$0.01B,$0.06B,8.30%,$0.01B,$0.06B,8.30%,$0.01B,$0.67B,0.79%,$0.01B,$0.13B,6.05%,$7,$1,$6,$0,$4,$5,$2,$0,$2,$1,$1,$1,$1,$0,$0,$4,4,$0.31,$0.30,$44,$0,$0,$542,$11,$90,$0,$22,$126,$668,$537,$68,$0,$68,$605,$1,$50,$0,$63,$668,$1,$0,$0,$1,$-0,$0,$0,$0,$0,$2,$-0,$0,$0,$0,$0,$0,$-8,$-8,$-8,$0,$-8,$0,$0,$-0,$46,$38,$32,$0,$-0
15,2014-12-31,12.34,$14.19,0.87,$7.21,1.71,$5.57,2.21,$1.33,9.28,$0.50B,$0.49B,1.02,$0.08B,$0.06B,1.23,$0.03B,$0.02B,85.71%,$0.03B,$0.01B,28.57%,$0.03B,0,0.00%,$0.03B,0,0.00%,$0.03B,$0.01B,28.57%,$0.03B,$0.01B,17.86%,$0.01B,$0.06B,8.13%,$0.01B,$0.06B,8.13%,$0.01B,$0.63B,0.80%,$0.01B,$0.14B,5.99%,$7,$1,$6,$0,$4,$5,$2,$0,$2,$1,$2,$2,$2,$0,$0,$4,4,$0.41,$0.41,$12,$0,$0,$503,$11,$90,$0,$22,$126,$628,$491,$76,$0,$76,$567,$1,$49,$-0,$61,$628,$6,$2,$2,$4,$-1,$0,$0,$0,$-0,$10,$-0,$0,$0,$0,$14,$14,$-23,$-10,$5,$0,$5,$16,$4,$-1,$-8,$1,$0,$0,$-1
16,2014-09-30,11.38,$13.80,0.82,$8.04,1.42,$8.12,1.4,$1.34,8.5,$0.48B,$0.48B,1.0,$0.08B,$0.06B,1.26,$0.03B,$0.02B,85.71%,$0.03B,$0.01B,32.14%,$0.03B,0,0.00%,$0.03B,0,0.00%,$0.03B,$0.01B,32.14%,$0.03B,$0.00B,14.29%,$0.00B,$0.06B,6.81%,$0.00B,$0.06B,6.81%,$0.00B,$0.62B,0.64%,$0.01B,$0.13B,6.95%,$7,$1,$6,$0,$4,$5,$2,$0,$2,$0,$1,$1,$1,$0,$0,$4,4,$0.32,$0.31,$11,$0,$0,$480,$11,$100,$0,$23,$137,$617,$483,$75,$0,$75,$558,$1,$47,$-1,$59,$617,$4,$1,$2,$3,$1,$0,$0,$0,$1,$8,$-0,$0,$0,$0,$3,$3,$-3,$-1,$4,$0,$4,$16,$4,$-1,$-16,$-9,$-1,$0,$-0
17,2014-06-30,11.57,$13.59,0.85,$8.99,1.29,$9.62,1.2,$1.44,8.04,$0.48B,$0.49B,0.97,$0.07B,$0.06B,1.19,$0.03B,$0.02B,85.71%,$0.03B,$0.01B,32.14%,$0.03B,0,0.00%,$0.03B,0,0.00%,$0.03B,$0.01B,32.14%,$0.03B,$0.00B,14.29%,$0.00B,$0.06B,7.08%,$0.00B,$0.06B,7.08%,$0.00B,$0.62B,0.63%,$0.01B,$0.13B,7.17%,$7,$1,$6,$0,$4,$5,$2,$0,$2,$1,$1,$1,$1,$0,$0,$4,4,$0.29,$0.28,$21,$0,$0,$479,$11,$103,$0,$23,$141,$620,$492,$69,$0,$69,$562,$1,$46,$-1,$58,$620,$3,$1,$1,$2,$-1,$0,$0,$0,$-1,$4,$-0,$0,$0,$0,$-0,$-0,$10,$9,$-2,$0,$-2,$16,$4,$-0,$-6,$-4,$9,$0,$0
18,2014-03-31,11.87,$16.03,0.74,$10.66,1.11,$10.98,1.08,$1.65,7.19,$0.50B,$0.50B,0.99,$0.07B,$0.06B,1.21,$0.03B,$0.03B,86.67%,$0.03B,$0.01B,30.00%,$0.03B,0,0.00%,$0.03B,0,0.00%,$0.03B,$0.01B,30.00%,$0.03B,$0.00B,13.33%,$0.00B,$0.07B,7.41%,$0.00B,$0.07B,7.41%,$0.00B,$0.64B,0.63%,$0.01B,$0.14B,7.32%,$7,$1,$6,$0,$4,$5,$2,$0,$2,$0,$1,$1,$1,$0,$0,$3,3,$0.33,$0.33,$50,$0,$0,$498,$11,$102,$0,$23,$141,$639,$503,$68,$0,$68,$571,$1,$45,$-2,$68,$639,$1,$0,$0,$1,$0,$0,$0,$0,$1,$3,$-0,$0,$0,$0,$-0,$-0,$18,$17,$-3,$0,$-3,$16,$16,$-0,$4,$17,$37,$0,$0
19,2013-12-31,10.18,$18.43,0.55,$10.95,0.93,$11.59,0.88,$1.57,6.49,$0.48B,$0.50B,0.96,$0.07B,$0.04B,1.85,$0.03B,$0.03B,86.67%,$0.03B,$0.01B,26.67%,$0.03B,0,0.00%,$0.03B,0,0.00%,$0.03B,$0.01B,26.67%,$0.03B,$0.00B,13.33%,$0.00B,$0.05B,8.04%,$0.00B,$0.05B,8.04%,$0.00B,$0.62B,0.63%,$0.01B,$0.12B,6.72%,$7,$1,$6,$0,$4,$5,$3,$0,$3,$1,$1,$1,$1,$0,$0,$3,3,$0.43,$0.43,$12,$0,$0,$480,$11,$101,$0,$23,$140,$620,$499,$71,$0,$71,$570,$1,$44,$-3,$50,$620,$5,$1,$2,$3,$3,$0,$0,$2,$6,$14,$-0,$0,$0,$0,$-0,$-0,$1,$-0,$-13,$-15,$-28,$-2,$-2,$-1,$-13,$-43,$-29,$0,$-1
20,2013-09-30,11.09,$18.18,0.61,$11.14,0.99,$10.90,1.02,$1.60,6.93,$0.49B,$0.52B,0.94,$0.07B,$0.04B,1.81,$0.03B,$0.03B,83.87%,$0.03B,$0.01B,22.58%,$0.03B,0,0.00%,$0.03B,0,0.00%,$0.03B,$0.01B,22.58%,$0.03B,$0.00B,12.90%,$0.00B,$0.05B,8.00%,$0.00B,$0.05B,8.00%,$0.00B,$0.64B,0.62%,$0.01B,$0.12B,5.73%,$7,$1,$6,$0,$4,$5,$2,$0,$2,$0,$1,$1,$1,$0,$0,$3,3,$0.42,$0.41,$30,$0,$0,$492,$11,$109,$0,$23,$148,$641,$522,$68,$0,$69,$591,$1,$43,$-2,$50,$641,$4,$1,$1,$2,$2,$0,$0,$2,$4,$10,$-0,$0,$0,$0,$-7,$-7,$8,$0,$-15,$-15,$-30,$-2,$-2,$-0,$11,$-22,$-12,$0,$0
21,2013-06-30,9.49,$17.74,0.53,$11.24,0.84,$10.40,0.91,$0.85,11.16,$0.49B,$0.52B,0.93,$0.07B,$0.04B,1.87,$0.03B,$0.03B,83.87%,$0.03B,$0.00B,12.90%,$0.03B,0,0.00%,$0.03B,0,0.00%,$0.03B,$0.00B,12.90%,$0.03B,$0.00B,6.45%,$0.00B,$0.05B,4.00%,$0.00B,$0.05B,4.00%,$0.00B,$0.64B,0.31%,$0.00B,$0.12B,3.17%,$9,$1,$8,$0,$6,$7,$2,$0,$2,$1,$2,$2,$1,$0,$0,$3,3,$0.50,$0.49,$24,$0,$0,$488,$11,$112,$0,$24,$153,$640,$523,$68,$0,$69,$592,$1,$41,$-2,$48,$640,$3,$1,$0,$1,$1,$0,$0,$2,$3,$6,$-0,$0,$0,$0,$-11,$-11,$7,$-4,$-15,$-15,$-30,$-2,$-2,$-0,$12,$-20,$-18,$0,$0
22,2013-03-31,8.83,$18.82,0.47,$10.72,0.82,$10.42,0.85,$0.34,25.97,$0.50B,$0.53B,0.94,$0.07B,$0.04B,1.73,$0.03B,$0.02B,80.00%,$0.03B,$0.00B,6.67%,$0.03B,0,0.00%,$0.03B,0,0.00%,$0.03B,$0.00B,6.67%,$0.03B,$0.00B,3.33%,$0.00B,$0.05B,1.98%,$0.00B,$0.05B,1.98%,$0.00B,$0.65B,0.15%,$0.00B,$0.12B,1.53%,$7,$1,$6,$0,$5,$6,$1,$0,$1,$0,$1,$1,$1,$0,$0,$3,3,$0.28,$0.25,$43,$0,$0,$499,$11,$111,$0,$25,$151,$650,$530,$68,$0,$69,$599,$1,$40,$1,$51,$650,$1,$0,$1,$1,$2,$0,$0,$0,$2,$4,$-0,$0,$0,$0,$-5,$-5,$14,$8,$-15,$0,$-15,$-0,$-0,$-0,$4,$-12,$1,$0,$0
23,2012-12-31,6.38,$18.67,0.34,$10.93,0.58,$10.41,0.61,$0.29,21.99,$0.51B,$0.53B,0.98,$0.08B,$0.04B,2.14,$0.03B,$0.02B,77.42%,$0.03B,$0.00B,6.45%,$0.03B,0,0.00%,$0.03B,0,0.00%,$0.03B,$0.00B,6.45%,$0.03B,$0.00B,3.23%,$0.00B,$0.05B,1.94%,$0.00B,$0.05B,1.94%,$0.00B,$0.66B,0.15%,$0.00B,$0.13B,1.48%,$8,$2,$6,$0,$5,$6,$2,$0,$2,$0,$1,$1,$1,$0,$0,$3,3,$0.48,$0.46,$42,$0,$0,$513,$11,$106,$0,$26,$147,$660,$526,$84,$0,$84,$610,$1,$39,$1,$51,$660,$2,$1,$8,$9,$1,$0,$0,$1,$1,$12,$-1,$0,$0,$6,$-21,$-16,$9,$-7,$0,$0,$0,$-0,$-5,$-1,$15,$10,$15,$0,$-1
24,2012-09-30,6.94,$18.35,0.38,$11.67,0.59,$8.93,0.78,$0.22,31.56,$0.51B,$0.52B,0.98,$0.08B,$0.04B,2.18,$0.03B,$0.03B,81.25%,$0.03B,$0.00B,6.25%,$0.03B,0,0.00%,$0.03B,0,0.00%,$0.03B,$0.00B,6.25%,$0.03B,$0.00B,3.13%,$0.00B,$0.05B,1.91%,$0.00B,$0.05B,1.91%,$0.00B,$0.65B,0.15%,$0.00B,$0.13B,1.47%,$7,$2,$6,$0,$7,$8,$-1,$0,$-1,$-0,$-1,$-1,$-1,$0,$0,$3,3,$-0.34,$-0.34,$39,$0,$0,$508,$11,$102,$0,$28,$145,$654,$520,$84,$0,$84,$604,$1,$38,$1,$50,$654,$0,$1,$7,$8,$-1,$0,$0,$1,$-0,$8,$-0,$0,$0,$6,$-17,$-11,$12,$1,$0,$0,$0,$-0,$-5,$-1,$9,$3,$12,$0,$0
25,2012-06-30,7.32,$18.50,0.4,$12.27,0.6,$8.95,0.82,$0.91,8.05,$0.50B,$0.52B,0.96,$0.08B,$0.04B,2.16,$0.03B,$0.03B,76.47%,$0.03B,$0.01B,14.71%,$0.03B,0,0.00%,$0.03B,0,0.00%,$0.03B,$0.01B,14.71%,$0.03B,$0.00B,8.82%,$0.00B,$0.05B,5.61%,$0.00B,$0.05B,5.61%,$0.00B,$0.66B,0.46%,$0.01B,$0.13B,3.64%,$8,$2,$6,$0,$6,$8,$0,$0,$0,$-0,$0,$0,$-0,$0,$0,$3,3,$-0.02,$-0.02,$26,$0,$0,$503,$11,$107,$0,$30,$153,$657,$522,$84,$0,$84,$606,$1,$39,$1,$50,$657,$1,$1,$3,$4,$1,$0,$0,$1,$2,$7,$-0,$0,$0,$6,$-22,$-16,$3,$-14,$0,$0,$0,$-0,$-5,$-0,$12,$7,$-1,$0,$0
26,2012-03-31,8.13,$20.20,0.4,$12.62,0.64,$8.48,0.96,$1.12,7.26,$0.50B,$0.51B,0.98,$0.08B,$0.04B,2.17,$0.03B,$0.03B,76.47%,$0.03B,$0.01B,17.65%,$0.03B,0,0.00%,$0.03B,0,0.00%,$0.03B,$0.01B,17.65%,$0.03B,$0.00B,11.76%,$0.00B,$0.06B,7.34%,$0.00B,$0.06B,7.34%,$0.00B,$0.65B,0.60%,$0.01B,$0.14B,4.16%,$8,$2,$6,$0,$5,$7,$1,$0,$1,$0,$1,$1,$1,$0,$0,$3,3,$0.20,$0.20,$36,$0,$0,$501,$11,$100,$0,$32,$148,$649,$510,$84,$0,$84,$594,$1,$39,$1,$55,$649,$1,$0,$1,$1,$1,$0,$0,$0,$2,$4,$-0,$0,$0,$6,$-15,$-10,$15,$6,$0,$0,$0,$-0,$-0,$-0,$-0,$-0,$9,$0,$0
27,2011-12-31,5.28,$20.03,0.26,$12.99,0.41,$8.88,0.59,$1.01,5.22,$0.52B,$0.51B,1.01,$0.08B,$0.04B,2.21,$0.03B,$0.03B,76.47%,$0.03B,$0.01B,17.65%,$0.03B,0,0.00%,$0.03B,0,0.00%,$0.03B,$0.01B,17.65%,$0.03B,$0.00B,8.82%,$0.00B,$0.05B,5.58%,$0.00B,$0.05B,5.58%,$0.00B,$0.65B,0.44%,$0.01B,$0.14B,4.01%,$9,$2,$8,$0,$6,$8,$2,$0,$2,$0,$1,$1,$1,$0,$0,$3,3,$0.38,$0.38,$32,$0,$0,$517,$11,$85,$0,$30,$131,$649,$511,$84,$0,$84,$594,$1,$38,$1,$54,$649,$4,$1,$5,$6,$-2,$0,$0,$0,$-2,$8,$-1,$0,$0,$7,$16,$24,$19,$41,$-25,$-15,$-40,$-0,$-0,$-1,$4,$-37,$12,$0,$-1
28,2011-09-30,4.21,$20.12,0.21,$12.81,0.33,$10.98,0.38,$0.57,7.39,$0.54B,$0.53B,1.01,$0.08B,$0.04B,2.19,$0.03B,$0.02B,70.59%,$0.03B,$0.00B,8.82%,$0.03B,0,0.00%,$0.03B,0,0.00%,$0.03B,$0.00B,8.82%,$0.03B,$0.00B,2.94%,$0.00B,$0.06B,1.88%,$0.00B,$0.06B,1.88%,$0.00B,$0.67B,0.15%,$0.00B,$0.14B,1.93%,$9,$2,$6,$0,$5,$7,$2,$0,$2,$0,$1,$1,$1,$0,$0,$3,3,$0.35,$0.35,$53,$0,$0,$540,$11,$87,$0,$30,$132,$673,$534,$84,$0,$84,$618,$1,$37,$2,$55,$673,$3,$1,$3,$4,$1,$0,$0,$0,$1,$8,$-0,$0,$0,$7,$16,$23,$16,$38,$-25,$0,$-25,$-0,$-0,$-1,$12,$-13,$33,$0,$0
29,2011-06-30,5.03,$19.80,0.25,$12.93,0.39,$10.28,0.49,$0.31,16.21,$0.54B,$0.53B,1.02,$0.11B,$0.04B,2.91,$0.03B,$0.02B,67.65%,$0.03B,$0.00B,5.88%,$0.03B,0,0.00%,$0.03B,0,0.00%,$0.03B,$0.00B,5.88%,$0.03B,0,0.00%,$0.00B,$0.05B,0.00%,$0.00B,$0.05B,0.00%,$0.00B,$0.69B,0.00%,$0.00B,$0.16B,1.22%,$8,$3,$6,$0,$5,$7,$1,$0,$1,$0,$1,$1,$1,$0,$0,$3,3,$0.19,$0.19,$36,$0,$0,$538,$11,$105,$0,$30,$152,$689,$527,$109,$0,$109,$636,$1,$36,$2,$54,$689,$1,$1,$2,$3,$1,$0,$0,$-0,$1,$5,$-0,$0,$0,$7,$-3,$5,$3,$7,$0,$0,$0,$-0,$-0,$-0,$5,$4,$16,$0,$0
30,2011-03-31,5.56,$19.32,0.29,$13.30,0.42,$10.45,0.53,$0.20,27.82,$0.54B,$0.53B,1.02,$0.11B,$0.04B,3.01,$0.04B,$0.02B,62.86%,$0.04B,$0.00B,5.71%,$0.04B,0,0.00%,$0.04B,0,0.00%,$0.04B,$0.00B,5.71%,$0.04B,$-0.00B,-2.86%,$-0.00B,$0.05B,-1.90%,$-0.00B,$0.05B,-1.90%,$-0.00B,$0.69B,-0.14%,$0.00B,$0.16B,1.18%,$8,$3,$6,$0,$5,$8,$1,$0,$1,$0,$1,$1,$0,$0,$0,$3,3,$0.09,$0.09,$46,$0,$0,$541,$11,$104,$0,$31,$151,$692,$531,$109,$0,$109,$640,$1,$36,$2,$52,$692,$1,$0,$1,$1,$3,$0,$0,$0,$3,$5,$-0,$0,$0,$7,$-2,$5,$8,$13,$0,$0,$0,$-0,$-0,$-0,$9,$9,$27,$0,$0
31,2010-12-31,4.41,$19.28,0.23,$13.78,0.32,$9.96,0.44,$0.18,24.48,$0.53B,$0.52B,1.02,$0.11B,$0.04B,3.02,$0.04B,$0.02B,58.33%,$0.04B,$0.00B,5.56%,$0.04B,0,0.00%,$0.04B,0,0.00%,$0.04B,$0.00B,5.56%,$0.04B,$-0.00B,-2.78%,$-0.00B,$0.05B,-1.90%,$-0.00B,$0.05B,-1.90%,$-0.00B,$0.68B,-0.14%,$0.00B,$0.16B,1.14%,$9,$3,$6,$0,$7,$10,$-1,$0,$-1,$-0,$-0,$-0,$-1,$0,$0,$3,3,$-0.24,$-0.24,$27,$0,$0,$534,$11,$102,$0,$30,$148,$683,$522,$109,$0,$109,$631,$1,$36,$2,$52,$683,$1,$1,$5,$6,$1,$0,$0,$1,$5,$13,$-0,$0,$0,$5,$6,$11,$14,$25,$-23,$0,$-23,$-0,$-0,$-1,$-32,$-56,$-19,$0,$-1
32,2010-09-30,4.82,$19.82,0.24,$13.89,0.35,$3.49,1.38,$-0.13,0.0,$0.55B,$0.54B,1.02,$0.12B,$0.04B,3.11,$0.04B,$0.02B,52.78%,$0.04B,$0.00B,2.78%,$0.04B,0,0.00%,$0.04B,0,0.00%,$0.04B,$0.00B,2.78%,$0.04B,$-0.00B,-2.78%,$-0.00B,$0.05B,-1.90%,$-0.00B,$0.05B,-1.90%,$-0.00B,$0.71B,-0.14%,$0.00B,$0.17B,0.55%,$9,$4,$5,$0,$5,$8,$1,$0,$1,$0,$1,$1,$0,$0,$0,$3,3,$0.09,$0.09,$43,$0,$0,$546,$11,$107,$0,$38,$159,$706,$535,$117,$0,$117,$652,$1,$36,$3,$54,$706,$1,$1,$3,$4,$-0,$0,$0,$0,$0,$6,$-0,$0,$0,$-1,$5,$3,$18,$21,$-15,$0,$-15,$-0,$-0,$-1,$-19,$-35,$-8,$0,$0
33,2010-06-30,5.38,$19.71,0.27,$14.20,0.38,$1.55,3.48,$-0.11,0.0,$0.55B,$0.55B,1.01,$0.13B,$0.04B,3.54,$0.04B,$0.02B,51.35%,$0.04B,$0.00B,2.70%,$0.04B,0,0.00%,$0.04B,0,0.00%,$0.04B,$0.00B,2.70%,$0.04B,$-0.00B,-2.70%,$-0.00B,$0.05B,-1.92%,$-0.00B,$0.05B,-1.92%,$-0.00B,$0.73B,-0.14%,$0.00B,$0.19B,0.55%,$9,$4,$5,$0,$5,$9,$1,$0,$1,$0,$0,$0,$0,$0,$0,$3,3,$0.08,$0.08,$48,$0,$0,$552,$12,$127,$0,$38,$180,$732,$547,$132,$0,$132,$679,$1,$36,$3,$53,$732,$1,$1,$2,$3,$2,$0,$0,$1,$2,$5,$-0,$0,$0,$-2,$-16,$-17,$16,$-2,$0,$0,$0,$-0,$-0,$-0,$-7,$-7,$-4,$0,$0
34,2010-03-31,4.91,$19.11,0.26,$14.57,0.34,$-1.21,0.0,$-0.92,0.0,$0.56B,$0.55B,1.02,$0.13B,$0.04B,3.69,$0.04B,$0.02B,50.00%,$0.04B,$-0.00B,-7.89%,$0.04B,0,0.00%,$0.04B,0,0.00%,$0.04B,$-0.00B,-7.89%,$0.04B,$-0.00B,-7.89%,$-0.00B,$0.05B,-5.83%,$-0.00B,$0.05B,-5.83%,$-0.00B,$0.73B,-0.41%,$-0.00B,$0.18B,-1.66%,$9,$4,$5,$0,$5,$9,$1,$0,$1,$0,$0,$0,$0,$0,$0,$3,3,$0.07,$0.07,$51,$0,$0,$563,$12,$119,$0,$37,$172,$734,$551,$132,$0,$132,$683,$1,$36,$2,$52,$734,$0,$0,$1,$2,$2,$0,$0,$0,$1,$3,$-0,$0,$0,$-7,$-10,$-17,$11,$-5,$0,$0,$0,$-0,$-0,$-0,$-3,$-4,$-6,$0,$0
35,2009-12-31,4.7,$19.04,0.25,$14.48,0.32,$-2.96,0.0,$-1.29,0.0,$0.58B,$0.56B,1.05,$0.13B,$0.04B,3.7,$0.04B,$0.02B,47.37%,$0.04B,$-0.01B,-13.16%,$0.04B,0,0.00%,$0.04B,0,0.00%,$0.04B,$-0.01B,-13.16%,$0.04B,$-0.00B,-10.53%,$-0.00B,$0.05B,-7.69%,$-0.00B,$0.05B,-7.69%,$-0.00B,$0.74B,-0.54%,$-0.01B,$0.18B,-2.77%,$9,$5,$4,$0,$6,$11,$-2,$0,$-2,$-1,$-1,$-1,$-1,$0,$0,$3,3,$-0.37,$-0.37,$50,$0,$0,$584,$12,$109,$0,$28,$153,$738,$555,$132,$0,$132,$686,$1,$36,$2,$51,$738,$-2,$1,$7,$8,$-2,$0,$0,$-4,$-9,$-3,$-1,$0,$0,$-17,$-35,$-52,$10,$-43,$-16,$-1,$-18,$-0,$17,$-1,$66,$64,$18,$0,$-1
36,2009-09-30,5.46,$19.41,0.28,$14.36,0.38,$0.93,5.85,$-2.37,0.0,$0.58B,$0.55B,1.06,$0.13B,$0.04B,3.46,$0.04B,$0.02B,47.37%,$0.04B,$-0.01B,-23.68%,$0.04B,0,0.00%,$0.04B,0,0.00%,$0.04B,$-0.01B,-23.68%,$0.04B,$-0.01B,-18.42%,$-0.01B,$0.05B,-14.43%,$-0.01B,$0.05B,-14.43%,$-0.01B,$0.73B,-0.96%,$-0.01B,$0.18B,-4.98%,$10,$5,$5,$0,$4,$9,$1,$0,$1,$0,$1,$1,$0,$0,$0,$3,3,$0.11,$0.11,$46,$0,$0,$580,$12,$118,$0,$13,$147,$727,$548,$127,$1,$127,$675,$1,$37,$2,$52,$727,$-2,$1,$6,$7,$-0,$0,$0,$0,$-3,$2,$-1,$0,$0,$-27,$-44,$-71,$22,$-51,$-21,$-1,$-23,$-0,$17,$-0,$59,$53,$4,$0,$0
37,2009-06-30,6.39,$19.04,0.34,$14.54,0.44,$2.13,3.0,$-2.37,0.0,$0.60B,$0.57B,1.06,$0.13B,$0.04B,3.56,$0.04B,$0.02B,47.37%,$0.04B,$-0.01B,-23.68%,$0.04B,0,0.00%,$0.04B,0,0.00%,$0.04B,$-0.01B,-23.68%,$0.04B,$-0.01B,-18.42%,$-0.01B,$0.05B,-15.47%,$-0.01B,$0.05B,-15.47%,$-0.01B,$0.75B,-0.98%,$-0.01B,$0.18B,-4.82%,$10,$5,$5,$0,$7,$13,$-3,$0,$-3,$-1,$-2,$-2,$-2,$0,$0,$3,3,$-0.73,$-0.73,$65,$0,$0,$602,$12,$116,$0,$12,$144,$747,$568,$127,$0,$127,$695,$1,$36,$1,$51,$747,$-2,$1,$5,$6,$-2,$0,$0,$0,$-5,$-1,$-1,$0,$0,$-21,$-43,$-64,$23,$-43,$-21,$-1,$-22,$-0,$17,$-0,$79,$73,$29,$0,$0
38,2009-03-31,4.91,$20.00,0.25,$14.46,0.34,$4.28,1.15,$-2.59,0.0,$0.61B,$0.57B,1.06,$0.13B,$0.04B,3.31,$0.04B,$0.02B,47.37%,$0.04B,$-0.01B,-26.32%,$0.04B,0,0.00%,$0.04B,0,0.00%,$0.04B,$-0.01B,-26.32%,$0.04B,$-0.01B,-18.42%,$-0.01B,$0.05B,-16.77%,$-0.01B,$0.05B,-16.77%,$-0.01B,$0.75B,-1.01%,$-0.01B,$0.18B,-5.37%,$9,$5,$4,$0,$5,$10,$-1,$0,$-1,$-0,$-1,$-1,$-1,$0,$0,$3,3,$-0.30,$-0.30,$65,$0,$0,$606,$12,$121,$0,$10,$148,$754,$573,$127,$0,$127,$700,$1,$38,$2,$54,$754,$-1,$0,$1,$1,$-1,$0,$0,$0,$-1,$-0,$-1,$0,$0,$-3,$-47,$-50,$21,$-30,$-21,$-1,$-22,$0,$17,$0,$84,$78,$47,$0,$0
39,2008-12-31,4.92,$13.81,0.36,$14.79,0.33,$5.97,0.82,$-2.06,0.0,$0.58B,$0.49B,1.18,$0.15B,$0.04B,3.96,$0.04B,$0.02B,48.72%,$0.04B,$-0.01B,-20.51%,$0.04B,0,0.00%,$0.04B,0,0.00%,$0.04B,$-0.01B,-20.51%,$0.04B,$-0.01B,-12.82%,$-0.01B,$0.04B,-12.82%,$-0.01B,$0.04B,-12.82%,$-0.01B,$0.68B,-0.75%,$-0.01B,$0.19B,-4.44%,$9,$5,$4,$0,$10,$15,$-6,$0,$-6,$-2,$-4,$-4,$-4,$0,$0,$3,3,$-1.45,$-1.44,$15,$0,$0,$576,$11,$73,$0,$10,$100,$676,$490,$148,$0,$148,$638,$1,$39,$2,$37,$676,$-5,$1,$12,$13,$1,$0,$0,$0,$1,$8,$-3,$0,$0,$0,$-54,$-54,$-62,$-119,$56,$31,$87,$-1,$-1,$-1,$29,$114,$3,$1,$-1
40,2008-09-30,10.55,$14.36,0.74,$15.24,0.69,$6.45,1.64,$-0.12,0.0,$0.58B,$0.48B,1.22,$0.16B,$0.04B,4.23,$0.04B,$0.02B,48.78%,$0.04B,0,0.00%,$0.04B,0,0.00%,$0.04B,0,0.00%,$0.04B,0,0.00%,$0.04B,0,0.00%,$0.00B,$0.04B,0.00%,$0.00B,$0.04B,0.00%,$0.00B,$0.68B,0.00%,$0.00B,$0.20B,0.00%,$10,$5,$5,$0,$5,$10,$1,$0,$1,$0,$0,$0,$0,$0,$0,$3,3,$0.11,$0.11,$13,$0,$0,$584,$11,$72,$0,$11,$99,$683,$480,$164,$1,$164,$644,$1,$43,$-1,$39,$683,$-2,$1,$7,$7,$1,$0,$0,$-1,$0,$6,$-2,$0,$0,$0,$-55,$-55,$-66,$-124,$72,$31,$103,$-1,$-1,$-1,$18,$119,$1,$0,$-1
41,2008-06-30,18.56,$13.70,1.35,$15.32,1.21,$7.86,2.36,$0.36,51.55,$0.58B,$0.49B,1.17,$0.14B,$0.04B,3.75,$0.04B,$0.02B,50.00%,$0.04B,$0.00B,4.76%,$0.04B,0,0.00%,$0.04B,0,0.00%,$0.04B,$0.00B,4.76%,$0.04B,$0.00B,4.76%,$0.00B,$0.04B,4.76%,$0.00B,$0.04B,4.76%,$0.00B,$0.67B,0.33%,$0.00B,$0.18B,1.38%,$10,$5,$5,$0,$9,$14,$-4,$0,$-4,$-1,$-2,$-2,$-2,$0,$0,$3,3,$-0.96,$-0.96,$18,$0,$0,$576,$11,$70,$0,$5,$92,$667,$490,$139,$0,$139,$630,$1,$43,$-2,$37,$667,$-2,$0,$5,$5,$2,$0,$0,$-0,$2,$5,$-2,$0,$0,$0,$-55,$-55,$-47,$-104,$47,$31,$78,$-1,$-1,$-1,$29,$105,$6,$0,$-1
42,2008-03-31,23.8,$15.77,1.51,$15.26,1.56,$8.03,2.96,$1.81,13.15,$0.55B,$0.47B,1.16,$0.11B,$0.04B,2.65,$0.04B,$0.02B,50.00%,$0.04B,$0.01B,19.05%,$0.04B,0,0.00%,$0.04B,0,0.00%,$0.04B,$0.01B,19.05%,$0.04B,$0.01B,11.90%,$0.01B,$0.04B,11.36%,$0.01B,$0.04B,11.36%,$0.01B,$0.63B,0.89%,$0.01B,$0.16B,6.17%,$10,$5,$5,$0,$4,$9,$1,$0,$1,$0,$1,$1,$1,$0,$0,$3,3,$0.24,$0.23,$13,$0,$0,$548,$10,$69,$0,$4,$84,$631,$474,$113,$0,$114,$589,$1,$46,$1,$43,$631,$1,$0,$1,$1,$2,$0,$0,$0,$2,$4,$-0,$0,$0,$0,$-49,$-49,$-18,$-68,$22,$31,$52,$-0,$-0,$-0,$13,$65,$1,$0,$-0
43,2007-12-31,25.98,$15.70,1.65,$15.25,1.7,$7.84,3.31,$2.20,11.81,$0.53B,$0.43B,1.23,$0.09B,$0.04B,2.15,$0.04B,$0.02B,51.16%,$0.04B,$0.01B,23.26%,$0.04B,0,0.00%,$0.04B,0,0.00%,$0.04B,$0.01B,23.26%,$0.04B,$0.01B,13.95%,$0.01B,$0.04B,13.41%,$0.01B,$0.04B,13.41%,$0.01B,$0.57B,1.13%,$0.01B,$0.13B,8.16%,$11,$5,$5,$0,$3,$9,$2,$0,$2,$1,$1,$1,$1,$0,$0,$3,3,$0.51,$0.48,$12,$0,$0,$532,$9,$19,$0,$4,$34,$566,$431,$92,$0,$92,$523,$1,$45,$1,$43,$566,$6,$1,$1,$2,$-0,$0,$0,$0,$1,$10,$-2,$0,$0,$0,$-6,$-6,$-38,$-47,$-32,$9,$-23,$-6,$-6,$-2,$66,$35,$-3,$1,$-2
44,2007-09-30,27.52,$15.94,1.73,$15.13,1.82,$7.20,3.82,$2.32,11.86,$0.49B,$0.41B,1.19,$0.07B,$0.05B,1.54,$0.04B,$0.02B,53.49%,$0.04B,$0.01B,25.58%,$0.04B,0,0.00%,$0.04B,0,0.00%,$0.04B,$0.01B,25.58%,$0.04B,$0.01B,16.28%,$0.01B,$0.05B,15.47%,$0.01B,$0.05B,15.47%,$0.01B,$0.53B,1.35%,$0.01B,$0.11B,8.40%,$11,$5,$6,$0,$3,$8,$3,$0,$3,$1,$2,$2,$2,$0,$0,$3,3,$0.60,$0.59,$11,$0,$0,$493,$10,$20,$0,$3,$35,$528,$414,$69,$1,$69,$483,$1,$45,$1,$45,$528,$5,$1,$1,$2,$2,$0,$0,$0,$3,$10,$-2,$0,$0,$0,$-6,$-6,$-2,$-11,$-55,$0,$-55,$-4,$-4,$-1,$58,$-2,$-4,$1,$-1
45,2007-06-30,27.15,$15.85,1.71,$14.62,1.86,$6.15,4.42,$2.29,11.86,$0.49B,$0.40B,1.24,$0.07B,$0.05B,1.57,$0.04B,$0.02B,52.38%,$0.04B,$0.01B,26.19%,$0.04B,0,0.00%,$0.04B,0,0.00%,$0.04B,$0.01B,26.19%,$0.04B,$0.01B,16.67%,$0.01B,$0.05B,15.56%,$0.01B,$0.05B,15.56%,$0.01B,$0.52B,1.35%,$0.01B,$0.12B,7.39%,$10,$5,$5,$0,$3,$8,$2,$0,$2,$1,$1,$1,$1,$0,$0,$3,3,$0.51,$0.50,$16,$0,$0,$491,$8,$11,$0,$4,$24,$515,$398,$71,$1,$72,$470,$1,$43,$1,$45,$515,$3,$0,$1,$1,$-1,$0,$0,$0,$-0,$4,$-0,$0,$0,$0,$3,$3,$8,$11,$-52,$0,$-52,$-2,$-2,$-1,$42,$-13,$1,$0,$-1
46,2007-03-31,26.14,$15.80,1.65,$14.14,1.85,$5.92,4.42,$2.33,11.22,$0.49B,$0.39B,1.27,$0.08B,$0.05B,1.77,$0.04B,$0.02B,53.66%,$0.04B,$0.01B,26.83%,$0.04B,0,0.00%,$0.04B,0,0.00%,$0.04B,$0.01B,26.83%,$0.04B,$0.01B,19.51%,$0.01B,$0.05B,17.88%,$0.01B,$0.05B,17.88%,$0.01B,$0.51B,1.56%,$0.01B,$0.13B,6.72%,$11,$5,$6,$0,$3,$8,$3,$0,$3,$1,$2,$2,$2,$0,$0,$3,3,$0.63,$0.62,$15,$0,$0,$488,$8,$12,$0,$5,$25,$513,$385,$81,$0,$81,$467,$1,$42,$1,$46,$513,$2,$0,$0,$1,$-0,$0,$0,$0,$1,$3,$-0,$0,$0,$0,$2,$2,$9,$11,$-42,$0,$-42,$-0,$-0,$-0,$29,$-14,$0,$0,$-0
47,2006-12-31,25.37,$15.54,1.63,$13.39,1.89,$5.61,4.52,$2.25,11.28,$0.50B,$0.36B,1.4,$0.12B,$0.05B,2.75,$0.04B,$0.02B,53.85%,$0.04B,$0.01B,28.21%,$0.04B,0,0.00%,$0.04B,0,0.00%,$0.04B,$0.01B,28.21%,$0.04B,$0.01B,20.51%,$0.01B,$0.05B,18.18%,$0.01B,$0.05B,18.18%,$0.01B,$0.53B,1.58%,$0.01B,$0.17B,6.40%,$11,$5,$6,$0,$3,$8,$3,$0,$3,$1,$2,$2,$2,$0,$0,$3,3,$0.64,$0.61,$15,$0,$0,$499,$8,$14,$0,$3,$26,$525,$356,$123,$0,$124,$480,$1,$41,$2,$45,$525,$7,$1,$1,$2,$-2,$0,$0,$1,$-2,$6,$-1,$1,$0,$0,$-1,$-1,$-47,$-48,$8,$0,$8,$-2,$-2,$-2,$32,$36,$-6,$1,$-2
