,Date,Stock Price,Book Value per Share,Price to Book Ratio,TTM Sales per Share,Price to Sales Ratio,TTM FCF per Share,Price to FCF Ratio,TTM Net EPS,PE Ratio,Current Assets,Current Liabilities,Current Ratio,Long Term Debt,Shareholder's Equity_x,Debt to Equity Ratio,TTM Revenue_x,TTM Gross Profit,Gross Margin,TTM Revenue_y,TTM Operating Income,Operating Margin,TTM Revenue_x,TTM EBIT,EBIT Margin,TTM Revenue_y,TTM EBITDA,EBITDA Margin,TTM Revenue_x,TTM Pre-Tax Income,Pre-Tax Margin,TTM Revenue_y,TTM Net Income_x,Net Margin,TTM Net Income_y,Shareholder's Equity_y,Return on Equity,TTM Net Income_x,Tangible Equity,Return on Tangible Equity,TTM Net Income_y,Total Assets,Return on Assets,TTM Net Income,LT Investments & Debt,Return on Investment,revenue,cost-goods-sold,gross-profit,research-development-expenses,selling-general-administrative-expenses,operating-expenses,operating-income,total-non-operating-income-expense,pre-tax-income,total-provision-income-taxes,income-after-taxes,income-from-continuous-operations,net-income,ebitda,ebit,basic-shares-outstanding,shares-outstanding,eps-basic-net-earnings-per-share,eps-earnings-per-share-diluted,cash-on-hand,inventory,other-current-assets,total-current-assets,net-property-plant-equipment,long-term-investments,goodwill-intangible-assets-total,other-long-term-assets,total-long-term-assets,total-assets,total-current-liabilities,long-term-debt,other-non-current-liabilities,total-long-term-liabilities,total-liabilities,common-stock-net,retained-earnings-accumulated-deficit,comprehensive-income,total-share-holder-equity,total-liabilities-share-holders-equity,net-income-loss,total-depreciation-amortization-cash-flow,other-non-cash-items,total-non-cash-items,change-in-accounts-receivable,change-in-inventories,change-in-accounts-payable,change-in-assets-liabilities,total-change-in-assets-liabilities,cash-flow-from-operating-activities,net-change-in-property-plant-equipment,net-change-in-intangible-assets,net-acquisitions-divestitures,net-change-in-short-term-investments,net-change-in-long-term-investments,net-change-in-investments-total,investing-activities-other,cash-flow-from-investing-activities,net-long-term-debt,net-current-debt,debt-issuance-retirement-net-total,net-common-equity-issued-repurchased,net-total-equity-issued-repurchased,total-common-preferred-stock-dividends-paid,financial-activities-other,cash-flow-from-financial-activities,net-cash-flow,stock-based-compensation,common-stock-dividends-paid
0,2018-06-30,3.57,$0.00,0.0,0,0.0,0,0.0,0,0.0,$1.07B,$0.98B,1.09,$1.46B,$2.86B,0.51,$0.00B,0,nan%,$0.00B,0,nan%,$0.00B,0,nan%,$0.00B,0,nan%,$0.00B,0,nan%,$0.00B,0,nan%,$0.00B,$2.86B,0.00%,$0.00B,$2.86B,0.00%,$0.00B,$6.06B,0.00%,$0.00B,$4.32B,0.00%,$0,$0,$0,$0,$0,$0,$0,$0,$0,$0,$0,$0,$0,$0,$0,$0,0,$0.00,$0.00,$498,$0,$572,$1070,$0,$275,$0,$191,$721,$6058,$983,$1463,$315,$2218,$3201,$3623,$1066,$0,$2857,$6058,$0,$347,$0,$347,$0,$0,$0,$0,$6,$228,$-334,$0,$40,$0,$0,$-25,$0,$-320,$0,$0,$115,$0,$0,$0,$0,$115,$19,$0,$0
1,2017-12-31,4.25,$0.00,0.0,$0.82,5.16,$0.19,22.23,$-0.33,0.0,$1.11B,$0.85B,1.31,$1.59B,$3.40B,0.47,$0.64B,$-0.31B,-48.75%,$0.64B,$0.08B,12.66%,$0.64B,$0.08B,12.66%,$0.64B,$0.68B,105.63%,$0.64B,$-0.14B,-21.56%,$0.64B,$-0.26B,-40.31%,$-0.26B,$3.40B,-8.08%,$-0.26B,$3.33B,-9.01%,$-0.26B,$6.62B,-4.05%,$0.08B,$4.99B,1.69%,$0,$0,$0,$0,$0,$0,$0,$0,$0,$0,$0,$0,$0,$0,$0,$0,0,$0.00,$0.00,$479,$394,$40,$1114,$10561,$276,$77,$188,$11174,$6620,$854,$1588,$321,$2363,$3217,$3623,$1471,$0,$3403,$6620,$-21,$748,$7,$755,$0,$0,$0,$0,$-69,$762,$-810,$0,$-1,$0,$0,$-97,$0,$-909,$0,$0,$84,$0,$0,$0,$0,$84,$-48,$0,$0
2,2017-06-30,3.42,$0.00,0.0,$1.64,2.08,$0.31,11.16,$-0.31,0.0,$1.03B,$0.89B,1.17,$1.57B,$3.43B,0.46,$1.28B,$-0.04B,-3.37%,$1.28B,$0.17B,13.65%,$1.28B,$0.17B,13.65%,$1.28B,$0.77B,60.31%,$1.28B,$-0.09B,-6.67%,$1.28B,$-0.24B,-18.82%,$-0.24B,$3.43B,-7.66%,$-0.24B,$3.09B,-8.75%,$-0.24B,$6.70B,-3.80%,$0.17B,$5.01B,3.62%,$0,$0,$0,$0,$0,$0,$0,$0,$0,$0,$0,$0,$0,$0,$0,$0,0,$0.00,$0.00,$493,$0,$541,$1034,$0,$253,$346,$184,$853,$6697,$885,$1574,$335,$2379,$3264,$3623,$1586,$0,$3433,$6697,$193,$322,$6,$328,$0,$0,$0,$0,$-25,$233,$-362,$0,$-6,$0,$0,$-70,$0,$-439,$0,$0,$161,$0,$0,$0,$0,$161,$-34,$0,$0
3,2016-12-31,2.92,$0.00,0.0,$2.77,1.05,$0.31,9.43,$-0.29,0.0,$1.05B,$0.86B,1.23,$1.51B,$3.17B,0.48,$1.94B,$0.24B,12.14%,$1.94B,$0.28B,14.47%,$1.94B,$0.28B,14.47%,$1.94B,$0.73B,37.88%,$1.94B,$-0.03B,-1.45%,$1.94B,$-0.23B,-11.78%,$-0.23B,$3.17B,-7.24%,$-0.23B,$2.86B,-8.28%,$-0.23B,$6.31B,-3.62%,$0.28B,$4.68B,5.74%,$0,$0,$0,$0,$0,$0,$0,$0,$0,$0,$0,$0,$0,$0,$0,$0,0,$0.00,$0.00,$527,$329,$26,$1053,$9566,$190,$318,$177,$10300,$6312,$859,$1505,$315,$2286,$3138,$60,$1553,$0,$3173,$6335,$174,$679,$0,$679,$0,$0,$0,$0,$-3,$918,$-648,$0,$-197,$0,$0,$-23,$0,$-868,$0,$0,$-115,$0,$152,$0,$0,$37,$87,$0,$0
4,2015-12-31,2.66,$3.56,0.75,$3.56,0.75,$0.27,9.78,$-0.31,0.0,$0.91B,$0.56B,1.61,$1.76B,$3.76B,0.47,$2.55B,$0.48B,18.82%,$2.55B,$0.35B,13.87%,$2.55B,$0.35B,13.87%,$2.55B,$0.95B,37.21%,$2.55B,$0.00B,0.16%,$2.55B,$-0.24B,-9.51%,$-0.24B,$2.77B,-7.47%,$-0.24B,$2.19B,-8.55%,$-0.24B,$5.88B,-3.80%,$0.35B,$4.53B,6.99%,$640,$952,$-312,$-19,$64,$559,$81,$-190,$-138,$126,$-264,$-258,$-258,$676,$81,$777,777,$-0.33,$-0.33,$440,$298,$1,$908,$8649,$175,$579,$148,$9553,$5878,$564,$1762,$297,$2313,$3110,$63,$1447,$0,$2768,$5514,$-347,$594,$644,$594,$37,$47,$-41,$0,$76,$580,$-431,$0,$0,$0,$-21,$-11,$-17,$-459,$-88,$0,$-88,$0,$0,$-27,$-2,$-117,$-18,$11,$0
5,2015-09-30,2.55,$0.00,0.0,$3.66,0.7,$0.35,7.38,$-0.01,0.0,$1.03B,$0.63B,1.62,$1.82B,$3.17B,0.58,$2.61B,$0.44B,16.72%,$2.61B,$0.25B,9.68%,$2.61B,$0.25B,9.68%,$2.61B,$0.42B,16.23%,$2.61B,$0.14B,5.36%,$2.61B,$-0.01B,-0.38%,$-0.01B,$3.17B,-0.29%,$-0.01B,$2.84B,-0.32%,$-0.01B,$6.34B,-0.15%,$0.25B,$4.99B,4.79%,$635,$366,$269,$11,$10,$542,$93,$-40,$53,$34,$19,$18,$18,$93,$93,$775,775,$0.02,$0.02,$486,$0,$539,$1025,$0,$244,$322,$167,$812,$6344,$634,$1823,$300,$2546,$3180,$3471,$1705,$0,$3165,$6344,$220,$0,$0,$0,$0,$0,$0,$0,$78,$562,$-473,$0,$0,$0,$0,$0,$-13,$-486,$0,$0,$0,$0,$0,$-20,$2,$-18,$28,$0,$0
6,2015-06-30,3.1,$0.00,0.0,$3.75,0.83,$1.61,1.92,0,0.0,$0.95B,$0.57B,1.68,$1.82B,$3.50B,0.52,$2.68B,$0.45B,16.92%,$2.68B,$0.28B,10.31%,$2.68B,$0.28B,10.31%,$2.68B,$0.93B,34.82%,$2.68B,$0.15B,5.42%,$2.68B,$-0.01B,-0.34%,$-0.01B,$3.50B,-0.25%,$-0.01B,$3.13B,-0.28%,$-0.01B,$6.63B,-0.13%,$0.28B,$5.31B,5.07%,$660,$382,$278,$19,$12,$555,$106,$-49,$57,$43,$14,$12,$12,$-36,$106,$585,585,$0.02,$0.02,$415,$0,$539,$954,$0,$247,$367,$167,$861,$6629,$568,$1817,$320,$2564,$3132,$3471,$1690,$0,$3497,$6629,$0,$0,$0,$0,$0,$0,$0,$0,$43,$342,$-340,$0,$0,$0,$0,$0,$0,$-340,$0,$0,$-18,$0,$0,$0,$0,$-18,$-43,$0,$0
7,2015-03-31,3.84,$0.00,0.0,$3.59,1.07,$2.15,1.79,$0.00,0.0,$0.95B,$0.56B,1.69,$1.83B,$3.53B,0.52,$2.76B,$0.49B,17.58%,$2.76B,$0.29B,10.38%,$2.76B,$0.29B,10.38%,$2.76B,$0.93B,33.50%,$2.76B,$0.14B,5.07%,$2.76B,$-0.00B,-0.04%,$-0.00B,$3.53B,-0.03%,$-0.00B,$3.16B,-0.03%,$-0.00B,$6.65B,-0.01%,$0.29B,$5.36B,5.14%,$610,$366,$244,$13,$16,$537,$73,$-41,$32,$44,$-12,$-14,$-14,$214,$73,$772,772,$-0.02,$-0.02,$402,$0,$542,$945,$0,$249,$374,$165,$860,$6651,$558,$1827,$322,$2562,$3119,$3471,$1678,$0,$3532,$6651,$51,$141,$0,$141,$0,$0,$0,$0,$0,$150,$-179,$0,$0,$0,$0,$0,$0,$-179,$0,$0,$-349,$0,$0,$341,$0,$-8,$-56,$0,$0
8,2014-12-31,4.32,$4.79,0.9,$3.73,1.16,$2.26,1.91,$0.02,216.24,$1.09B,$0.71B,1.54,$1.77B,$2.64B,0.67,$2.87B,$0.53B,18.61%,$2.87B,$0.32B,11.29%,$2.87B,$0.32B,11.29%,$2.87B,$0.98B,34.19%,$2.87B,$0.14B,4.84%,$2.87B,$0.01B,0.45%,$0.01B,$3.69B,0.34%,$0.01B,$3.31B,0.37%,$0.01B,$6.75B,0.18%,$0.32B,$5.46B,5.67%,$708,$1062,$-354,$12,$138,$727,$-19,$17,$-2,$22,$-24,$-26,$-26,$153,$-19,$771,771,$-0.03,$-0.03,$458,$373,$635,$1089,$7453,$258,$386,$163,$8323,$6751,$708,$1771,$329,$2486,$3060,$3471,$684,$-1617,$3691,$6858,$322,$657,$388,$657,$27,$-16,$73,$0,$84,$809,$-604,$0,$81,$0,$-8,$6,$-14,$-531,$-128,$0,$-128,$0,$0,$0,$2,$-126,$133,$26,$0
9,2014-09-30,3.72,$0.00,0.0,$3.83,0.97,$1.74,2.14,$-0.63,0.0,$1.08B,$0.66B,1.64,$1.81B,$3.82B,0.47,$2.94B,$1.05B,35.59%,$2.94B,$0.28B,9.59%,$2.94B,$0.28B,9.59%,$2.94B,$0.95B,32.26%,$2.94B,$-0.06B,-2.04%,$2.94B,$-0.44B,-14.79%,$-0.44B,$3.82B,-10.96%,$-0.44B,$3.42B,-12.25%,$-0.44B,$7.01B,-6.05%,$0.28B,$5.63B,4.83%,$699,$414,$285,$8,$9,$583,$116,$-59,$58,$38,$20,$19,$19,$601,$116,$769,769,$0.03,$0.03,$446,$0,$630,$1076,$0,$266,$399,$162,$885,$7013,$658,$1810,$308,$2531,$3189,$3471,$-1500,$0,$3824,$7013,$624,$485,$0,$485,$0,$0,$0,$0,$0,$624,$439,$0,$0,$0,$0,$0,$-77,$362,$0,$0,$0,$0,$0,$0,$-98,$-98,$121,$0,$0
10,2014-06-30,3.54,$0.00,0.0,$3.85,0.92,$0.03,110.17,$-0.66,0.0,$1.16B,$0.63B,1.84,$1.85B,$4.05B,0.46,$2.93B,$1.05B,35.71%,$2.93B,$0.26B,8.99%,$2.93B,$0.26B,8.99%,$2.93B,$0.59B,20.27%,$2.93B,$-0.07B,-2.32%,$2.93B,$-0.45B,-15.48%,$-0.45B,$4.05B,-10.92%,$-0.45B,$3.63B,-12.18%,$-0.45B,$7.26B,-6.09%,$0.26B,$5.90B,4.33%,$747,$436,$311,$15,$5,$630,$117,$-65,$52,$30,$22,$20,$20,$-42,$117,$769,769,$0.02,$0.02,$350,$0,$812,$1163,$0,$245,$422,$151,$868,$7264,$632,$1848,$313,$2579,$3210,$3471,$1725,$0,$4054,$7264,$418,$0,$0,$0,$0,$0,$0,$0,$0,$418,$0,$0,$0,$0,$0,$0,$-300,$-300,$0,$0,$0,$0,$0,$0,$-71,$-71,$26,$0,$0
11,2014-03-31,3.51,$0.00,0.0,$3.74,0.94,$-0.84,0.0,$-0.87,0.0,$1.08B,$0.65B,1.65,$1.89B,$3.95B,0.48,$2.82B,$0.97B,34.59%,$2.82B,$0.19B,6.71%,$2.82B,$0.19B,6.71%,$2.82B,$0.82B,29.15%,$2.82B,$-0.25B,-8.81%,$2.82B,$-0.61B,-21.66%,$-0.61B,$3.95B,-14.36%,$-0.61B,$3.54B,-16.00%,$-0.61B,$7.21B,-8.05%,$0.19B,$5.84B,3.05%,$715,$423,$292,$12,$11,$604,$110,$-79,$31,$29,$2,$-3,$-0,$269,$110,$768,768,$0.00,$0.00,$374,$0,$703,$1077,$0,$243,$412,$119,$824,$7205,$652,$1894,$301,$2606,$3258,$3471,$1706,$0,$3948,$7205,$198,$159,$0,$159,$0,$0,$0,$0,$27,$198,$-141,$0,$0,$0,$0,$0,$-3,$-144,$0,$0,$8,$0,$0,$0,$1,$9,$49,$0,$0
12,2013-12-31,3.03,$0.00,0.0,$3.90,0.78,$-0.94,0.0,$-0.45,0.0,$1.06B,$0.62B,1.7,$1.93B,$4.05B,0.48,$2.91B,$1.09B,37.37%,$2.91B,$0.29B,9.88%,$2.91B,$0.29B,9.88%,$2.91B,$0.90B,30.87%,$2.91B,$-0.16B,-5.57%,$2.91B,$-0.30B,-10.19%,$-0.30B,$4.05B,-6.58%,$-0.30B,$3.61B,-7.31%,$-0.30B,$7.30B,-3.74%,$0.29B,$5.98B,4.45%,$781,$621,$159,$-5,$86,$842,$-62,$-60,$-201,$-23,$-179,$-491,$-474,$121,$-62,$767,767,$-0.68,$-0.68,$325,$0,$736,$1061,$0,$245,$431,$118,$846,$7296,$624,$1934,$294,$2627,$3251,$3471,$1722,$0,$4045,$7296,$377,$611,$187,$611,$141,$-11,$-121,$-143,$10,$529,$-729,$0,$-55,$0,$16,$32,$-162,$-915,$206,$0,$206,$1,$1,$0,$46,$253,$-331,$41,$-169
13,2013-09-30,4.32,$0.00,0.0,$4.12,1.05,$-0.41,0.0,$0.30,14.4,$1.22B,$0.59B,2.07,$2.03B,$4.55B,0.45,$3.08B,$2.50B,81.16%,$3.08B,$2.00B,64.89%,$3.08B,$2.00B,64.89%,$3.08B,$2.34B,76.06%,$3.08B,$-0.16B,-5.23%,$3.08B,$0.23B,7.53%,$0.23B,$4.55B,4.61%,$0.23B,$4.10B,5.08%,$0.23B,$7.99B,2.62%,$2.00B,$6.58B,28.69%,$683,$400,$283,$26,$12,$587,$97,$-47,$50,$38,$12,$9,$1,$245,$97,$737,737,$0.00,$0.00,$495,$0,$724,$1219,$0,$253,$452,$117,$861,$7989,$590,$2031,$254,$2851,$3441,$3344,$2196,$0,$4548,$7989,$294,$428,$0,$428,$0,$0,$0,$0,$12,$347,$-587,$0,$0,$0,$0,$33,$-110,$-665,$0,$285,$0,$0,$1,$0,$44,$330,$-161,$0,$0
14,2013-06-30,4.96,$0.00,0.0,$5.05,0.98,$-0.29,0.0,$0.53,9.36,$1.15B,$0.61B,1.88,$1.95B,$4.45B,0.44,$3.78B,$2.82B,74.71%,$3.78B,$2.26B,59.72%,$3.78B,$2.26B,59.72%,$3.78B,$2.64B,70.02%,$3.78B,$0.08B,2.17%,$3.78B,$0.40B,10.65%,$0.40B,$4.45B,7.35%,$0.40B,$4.01B,8.09%,$0.40B,$7.83B,4.19%,$2.26B,$6.40B,30.54%,$637,$397,$240,$22,$32,$594,$43,$-172,$-128,$7,$-136,$-128,$-137,$186,$43,$736,736,$-0.19,$-0.19,$443,$0,$704,$1147,$0,$278,$439,$117,$871,$7828,$610,$1954,$248,$2769,$3379,$3344,$2199,$0,$4449,$7828,$222,$280,$31,$311,$0,$0,$0,$0,$-2,$188,$-431,$0,$-10,$0,$0,$2,$-59,$-499,$0,$0,$243,$0,$1,$0,$43,$286,$-213,$0,$0
15,2013-03-31,7.33,$0.00,0.0,$6.11,1.2,$0.21,35.57,$0.99,7.4,$1.43B,$0.81B,1.77,$1.90B,$4.95B,0.38,$4.55B,$3.24B,71.19%,$4.55B,$2.61B,57.40%,$4.55B,$2.61B,57.40%,$4.55B,$3.05B,67.12%,$4.55B,$0.54B,11.79%,$4.55B,$0.74B,16.21%,$0.74B,$4.95B,12.54%,$0.74B,$4.47B,13.75%,$0.74B,$8.51B,7.13%,$2.61B,$6.85B,33.32%,$805,$401,$404,$24,$36,$597,$208,$-91,$117,$83,$35,$27,$314,$345,$208,$741,741,$0.42,$0.42,$569,$0,$856,$1425,$0,$277,$481,$118,$913,$8514,$805,$1897,$264,$2758,$3563,$3343,$2335,$0,$4950,$8514,$189,$137,$31,$167,$0,$0,$0,$0,$55,$231,$-244,$0,$-10,$0,$0,$-1,$-56,$-312,$0,$112,$0,$0,$0,$0,$43,$155,$-87,$0,$0
16,2012-12-31,10.06,$0.00,0.0,$7.02,1.43,$0.25,40.11,$0.94,10.7,$3.88B,$2.20B,1.76,$1.83B,$6.20B,0.3,$5.18B,$3.52B,67.94%,$5.18B,$2.83B,54.57%,$5.18B,$2.83B,54.57%,$5.18B,$3.33B,64.24%,$5.18B,$0.79B,15.30%,$5.18B,$0.69B,13.33%,$0.69B,$6.20B,11.09%,$0.69B,$5.68B,12.15%,$0.69B,$11.09B,6.30%,$2.83B,$8.03B,34.87%,$954,$-618,$1572,$6,$1,$-696,$1650,$-197,$-200,$120,$-320,$42,$54,$1566,$1650,$771,771,$0.07,$0.07,$606,$0,$3269,$3876,$0,$271,$520,$106,$939,$11091,$2201,$1829,$263,$2687,$4888,$4600,$2093,$0,$6203,$11091,$1031,$500,$0,$500,$0,$0,$0,$0,$-120,$1441,$-1239,$0,$0,$0,$0,$65,$-507,$-1680,$0,$-40,$0,$0,$2,$0,$542,$505,$-88,$0,$0
17,2012-09-30,10.35,$0.00,0.0,$7.90,1.31,$1.04,9.97,$1.33,7.78,$1.67B,$1.15B,1.44,$1.99B,$6.26B,0.32,$5.76B,$2.79B,48.42%,$5.76B,$1.63B,28.33%,$5.76B,$1.63B,28.33%,$5.76B,$2.40B,41.67%,$5.76B,$1.35B,23.47%,$5.76B,$0.97B,16.88%,$0.97B,$6.26B,15.83%,$0.97B,$5.72B,17.81%,$0.97B,$10.98B,9.09%,$1.63B,$8.25B,20.65%,$1380,$776,$605,$37,$21,$1026,$354,$-61,$293,$113,$180,$171,$171,$547,$354,$711,742,$0.24,$0.23,$494,$0,$1171,$1665,$0,$285,$539,$169,$1034,$10980,$1153,$1990,$420,$3565,$4718,$4600,$2039,$0,$6261,$10980,$1124,$584,$0,$584,$0,$0,$0,$0,$-143,$1046,$-1196,$0,$0,$0,$0,$64,$-126,$-1257,$0,$287,$0,$0,$2,$0,$21,$310,$-250,$0,$0
18,2012-06-30,10.17,$0.00,0.0,$8.19,1.24,$1.99,5.11,$1.50,6.78,$1.76B,$1.01B,1.74,$2.11B,$6.09B,0.35,$5.95B,$2.98B,50.12%,$5.95B,$1.83B,30.75%,$5.95B,$1.83B,30.75%,$5.95B,$2.60B,43.70%,$5.95B,$1.54B,25.88%,$5.95B,$1.10B,18.39%,$1.10B,$6.09B,18.32%,$1.10B,$5.56B,20.69%,$1.10B,$10.75B,10.49%,$1.83B,$8.21B,24.13%,$1408,$752,$656,$38,$24,$1009,$398,$-72,$326,$119,$207,$198,$198,$594,$398,$728,728,$0.27,$0.27,$795,$0,$964,$1759,$0,$327,$532,$164,$1066,$10748,$1014,$2112,$409,$3641,$4654,$4599,$2019,$0,$6094,$10748,$810,$391,$0,$391,$0,$0,$0,$0,$24,$874,$-755,$0,$0,$0,$0,$0,$-115,$-870,$0,$265,$0,$0,$2,$-222,$7,$52,$51,$0,$0
19,2012-03-31,11.04,$0.00,0.0,$8.15,1.35,$2.10,5.26,$1.48,7.46,$1.63B,$1.45B,1.13,$1.59B,$6.38B,0.25,$5.96B,$2.97B,49.79%,$5.96B,$1.83B,30.77%,$5.96B,$1.83B,30.77%,$5.96B,$2.60B,43.60%,$5.96B,$1.57B,26.27%,$5.96B,$1.08B,18.18%,$1.08B,$6.38B,18.04%,$1.08B,$5.79B,20.48%,$1.08B,$11.02B,10.38%,$1.83B,$7.96B,24.52%,$1442,$754,$689,$47,$19,$1016,$427,$-53,$374,$102,$272,$268,$268,$623,$427,$724,724,$0.37,$0.37,$680,$0,$954,$1634,$0,$347,$588,$176,$1167,$11023,$1451,$1585,$431,$3198,$4649,$4598,$1821,$0,$6375,$11023,$425,$196,$0,$196,$0,$0,$0,$0,$-67,$360,$-341,$0,$0,$0,$0,$1,$-111,$-452,$0,$224,$0,$0,$0,$-222,$3,$6,$-64,$0,$0
20,2011-12-31,11.87,$0.00,0.0,$7.95,1.49,$2.21,5.36,$1.33,8.92,$1.71B,$1.49B,1.15,$1.36B,$5.85B,0.23,$5.80B,$2.85B,49.17%,$5.80B,$1.77B,30.43%,$5.80B,$1.77B,30.43%,$5.80B,$2.51B,43.29%,$5.80B,$1.51B,25.98%,$5.80B,$0.97B,16.78%,$0.97B,$5.85B,15.96%,$0.97B,$4.78B,18.13%,$0.97B,$10.08B,9.37%,$1.77B,$7.21B,23.33%,$1534,$692,$841,$131,$72,$1080,$454,$-94,$360,$139,$222,$336,$336,$638,$454,$724,724,$0.47,$0.46,$744,$298,$478,$1713,$0,$272,$1075,$0,$1348,$10077,$1493,$1361,$353,$2733,$4225,$59,$773,$0,$5852,$10077,$953,$745,$0,$745,$0,$0,$0,$0,$-80,$1908,$-1148,$0,$0,$0,$0,$-76,$0,$-1223,$0,$0,$513,$0,$7,$-175,$-1070,$-725,$-66,$0,$0
21,2011-09-30,11.91,$0.00,0.0,$7.71,1.55,$1.35,8.82,$0.73,16.32,$1.52B,$1.45B,1.05,$1.38B,$5.59B,0.25,$5.60B,$2.62B,46.80%,$5.60B,$1.69B,30.11%,$5.60B,$1.69B,30.11%,$5.60B,$2.44B,43.59%,$5.60B,$1.15B,20.61%,$5.60B,$0.53B,9.48%,$0.53B,$5.59B,8.35%,$0.53B,$5.04B,9.26%,$0.53B,$9.90B,5.06%,$1.69B,$6.97B,21.69%,$1570,$773,$798,$34,$17,$1019,$552,$-70,$481,$174,$307,$293,$293,$747,$552,$733,733,$0.40,$0.40,$548,$0,$972,$1520,$0,$115,$551,$150,$901,$9901,$1454,$1377,$336,$2856,$4309,$4595,$1445,$0,$5591,$9901,$1300,$561,$0,$561,$0,$0,$0,$0,$19,$1550,$-1001,$0,$0,$0,$0,$5,$-1121,$-2116,$0,$0,$523,$0,$0,$0,$22,$550,$-262,$0,$0
22,2011-06-30,11.26,$0.00,0.0,$7.30,1.54,$0.62,18.29,$0.46,24.47,$1.55B,$1.37B,1.13,$1.57B,$6.19B,0.25,$5.26B,$2.36B,44.79%,$5.26B,$1.44B,27.28%,$5.26B,$1.44B,27.28%,$5.26B,$1.56B,29.66%,$5.26B,$0.91B,17.38%,$5.26B,$0.33B,6.33%,$0.33B,$6.19B,5.06%,$0.33B,$5.55B,5.62%,$0.33B,$10.72B,3.18%,$1.44B,$7.77B,18.38%,$1411,$774,$638,$31,$18,$1011,$400,$-50,$350,$128,$223,$186,$186,$589,$400,$717,745,$0.26,$0.25,$631,$0,$918,$1548,$0,$147,$647,$170,$1066,$10719,$1369,$1572,$366,$3158,$4527,$4594,$1444,$0,$6193,$10719,$751,$366,$0,$366,$0,$0,$0,$0,$-35,$833,$-630,$0,$0,$0,$0,$3,$-1050,$-1677,$0,$718,$0,$0,$3,$-73,$3,$651,$-179,$0,$0
23,2011-03-31,13.47,$0.00,0.0,$7.07,1.91,$0.64,21.11,$0.38,35.45,$1.86B,$0.99B,1.88,$1.57B,$6.74B,0.23,$5.02B,$2.18B,43.40%,$5.02B,$1.24B,24.75%,$5.02B,$1.24B,24.75%,$5.02B,$1.35B,26.96%,$5.02B,$0.73B,14.57%,$5.02B,$0.27B,5.32%,$0.27B,$6.74B,4.07%,$0.27B,$6.10B,4.61%,$0.27B,$10.82B,2.65%,$1.24B,$8.31B,16.54%,$1285,$711,$575,$20,$18,$926,$359,$-44,$316,$112,$204,$158,$158,$537,$359,$717,717,$0.22,$0.22,$954,$0,$902,$1857,$0,$148,$644,$167,$1063,$10819,$989,$1567,$357,$3087,$4076,$4593,$1727,$0,$6744,$10819,$351,$178,$0,$178,$0,$0,$0,$0,$-42,$398,$-295,$0,$0,$0,$0,$2,$-198,$-492,$0,$322,$0,$0,$2,$-82,$6,$248,$145,$0,$0
24,2010-12-31,13.91,$0.00,0.0,$6.78,2.05,$0.57,24.38,$0.22,63.23,$1.65B,$1.08B,1.53,$1.14B,$6.91B,0.17,$4.84B,$2.08B,42.96%,$4.84B,$1.16B,23.99%,$4.84B,$1.16B,23.99%,$4.84B,$1.55B,32.04%,$4.84B,$0.55B,11.46%,$4.84B,$0.15B,3.16%,$0.15B,$6.91B,2.40%,$0.15B,$6.25B,2.72%,$0.15B,$10.53B,1.58%,$1.16B,$8.04B,16.40%,$1334,$724,$610,$32,$11,$959,$375,$-368,$7,$81,$-75,$-106,$-106,$568,$375,$711,711,$-0.15,$-0.14,$810,$0,$840,$1650,$0,$160,$661,$169,$989,$10528,$1079,$1137,$359,$2542,$3621,$4603,$1848,$0,$6907,$10528,$607,$389,$0,$389,$0,$0,$0,$0,$7,$777,$-645,$0,$0,$0,$0,$-9,$-70,$-723,$0,$213,$0,$0,$5,$0,$6,$225,$309,$0,$0
25,2010-09-30,11.71,$0.00,0.0,$6.28,1.86,$0.33,35.28,$0.62,18.89,$1.43B,$1.37B,1.05,$0.66B,$6.46B,0.1,$4.58B,$1.93B,42.17%,$4.58B,$1.06B,23.05%,$4.58B,$1.06B,23.05%,$4.58B,$1.41B,30.70%,$4.58B,$0.87B,18.96%,$4.58B,$0.47B,10.25%,$0.47B,$6.46B,7.66%,$0.47B,$5.82B,8.72%,$0.47B,$9.84B,5.10%,$1.06B,$7.12B,15.79%,$1230,$697,$533,$17,$19,$929,$301,$-60,$241,$115,$126,$95,$95,$-134,$301,$706,706,$0.13,$0.13,$614,$0,$819,$1433,$0,$126,$634,$146,$907,$9842,$1367,$660,$331,$2017,$3385,$4599,$1747,$0,$6457,$9842,$260,$196,$0,$196,$0,$0,$0,$0,$-102,$308,$-299,$0,$0,$0,$0,$-3,$-1,$-303,$0,$0,$167,$0,$2,$-67,$0,$102,$113,$0,$0
26,2010-06-30,10.19,$0.00,0.0,$5.87,1.74,$0.24,42.82,$0.67,15.2,$1.13B,$1.35B,0.84,$0.43B,$6.14B,0.07,$4.30B,$1.75B,40.77%,$4.30B,$0.93B,21.56%,$4.30B,$0.93B,21.56%,$4.30B,$1.86B,43.33%,$4.30B,$0.85B,19.84%,$4.30B,$0.50B,11.71%,$0.50B,$6.14B,8.46%,$0.50B,$4.98B,9.65%,$0.50B,$9.18B,5.63%,$0.93B,$6.57B,14.22%,$1169,$710,$460,$26,$51,$962,$208,$-41,$167,$93,$74,$120,$120,$382,$208,$705,705,$0.17,$0.17,$501,$235,$92,$1133,$0,$254,$1155,$0,$1409,$9181,$1352,$430,$279,$1691,$3043,$58,$834,$0,$6139,$9181,$470,$631,$0,$631,$0,$0,$0,$0,$-219,$1163,$-955,$0,$0,$0,$0,$372,$-269,$-852,$0,$-10,$-18,$0,$7,$-141,$-15,$-177,$143,$0,$0
27,2010-03-31,9.61,$0.00,0.0,$5.56,1.73,$-0.34,0.0,$0.45,21.36,$1.14B,$1.32B,0.87,$0.52B,$6.05B,0.09,$4.03B,$1.22B,30.21%,$4.03B,$0.94B,23.26%,$4.03B,$0.94B,23.26%,$4.03B,$1.36B,33.79%,$4.03B,$0.75B,18.59%,$4.03B,$0.35B,8.79%,$0.35B,$6.05B,6.17%,$0.35B,$5.44B,6.87%,$0.35B,$9.13B,4.09%,$0.94B,$6.56B,14.66%,$1102,$628,$474,$17,$29,$825,$277,$-7,$139,$73,$66,$44,$44,$733,$277,$733,733,$0.06,$0.06,$384,$0,$758,$1143,$0,$190,$607,$127,$924,$9126,$1317,$519,$325,$1764,$3081,$4596,$1599,$0,$6045,$9126,$537,$457,$0,$457,$0,$0,$0,$0,$-99,$789,$-734,$0,$0,$0,$0,$273,$-260,$-721,$0,$0,$56,$0,$7,$0,$0,$63,$36,$0,$0
28,2009-12-31,9.93,$0.00,0.0,$5.35,1.85,$-0.78,0.0,$0.63,15.76,$0.99B,$1.02B,0.97,$0.63B,$5.85B,0.11,$3.80B,$1.16B,30.54%,$3.80B,$0.94B,24.69%,$3.80B,$0.94B,24.69%,$3.80B,$1.24B,32.70%,$3.80B,$0.86B,22.69%,$3.80B,$0.47B,12.46%,$0.47B,$5.85B,8.72%,$0.47B,$5.26B,9.71%,$0.47B,$8.66B,5.77%,$0.94B,$6.48B,15.13%,$1076,$613,$463,$22,$16,$806,$270,$51,$321,$111,$210,$210,$210,$424,$270,$778,778,$0.27,$0.26,$239,$0,$755,$994,$0,$215,$583,$121,$919,$8664,$1020,$630,$311,$1797,$2817,$4595,$1601,$0,$5846,$8664,$402,$305,$0,$305,$0,$0,$0,$0,$-190,$445,$-485,$0,$0,$0,$0,$257,$-259,$-487,$0,$-20,$0,$0,$5,$0,$0,$-15,$-109,$0,$0
29,2009-09-30,10.43,$0.00,0.0,$4.90,2.13,$-1.10,0.0,$0.44,23.72,$1.07B,$1.16B,0.92,$0.68B,$5.76B,0.12,$3.44B,$0.96B,28.05%,$3.44B,$0.82B,23.77%,$3.44B,$0.82B,23.77%,$3.44B,$1.07B,31.16%,$3.44B,$0.65B,18.94%,$3.44B,$0.32B,9.34%,$0.32B,$5.76B,6.32%,$0.32B,$5.16B,7.04%,$0.32B,$8.75B,4.14%,$0.82B,$6.44B,13.72%,$948,$594,$354,$17,$15,$776,$172,$53,$225,$82,$144,$129,$129,$322,$172,$715,715,$0.18,$0.18,$309,$0,$756,$1066,$0,$158,$605,$123,$886,$8746,$1158,$680,$313,$1826,$2984,$4592,$1414,$0,$5762,$8746,$140,$150,$0,$150,$0,$0,$0,$0,$-65,$165,$-223,$0,$-38,$0,$0,$300,$-258,$-219,$0,$67,$0,$0,$2,$-73,$0,$-4,$-39,$0,$0
30,2009-06-30,9.05,$0.00,0.0,$4.71,1.92,$-1.54,0.0,$0.27,33.52,$1.07B,$0.97B,1.1,$0.79B,$5.29B,0.15,$3.23B,$0.81B,25.18%,$3.23B,$0.72B,22.39%,$3.23B,$0.72B,22.39%,$3.23B,$0.53B,16.32%,$3.23B,$0.47B,14.49%,$3.23B,$0.20B,6.10%,$0.20B,$5.29B,3.99%,$0.20B,$4.74B,4.45%,$0.20B,$8.10B,2.62%,$0.72B,$6.08B,12.19%,$902,$977,$-74,$20,$24,$685,$218,$-154,$64,$76,$-13,$-29,$-29,$-118,$218,$670,670,$-0.05,$-0.05,$358,$267,$59,$1067,$0,$369,$553,$110,$1032,$8096,$968,$786,$288,$1834,$2802,$54,$399,$0,$5294,$8096,$0,$0,$0,$0,$0,$0,$0,$0,$-131,$657,$-845,$0,$5,$0,$0,$42,$-10,$-809,$0,$265,$0,$0,$11,$0,$0,$275,$97,$0,$0
31,2009-03-31,8.52,$0.00,0.0,$4.64,1.84,$-1.76,0.0,$0.48,17.74,$0.96B,$0.63B,1.53,$0.98B,$0.00B,0.0,$3.16B,$0.84B,26.46%,$3.16B,$0.74B,23.40%,$3.16B,$0.74B,23.40%,$3.16B,$0.98B,30.98%,$3.16B,$0.61B,19.32%,$3.16B,$0.33B,10.46%,$0.33B,$4.78B,6.75%,$0.33B,$4.32B,7.54%,$0.33B,$7.27B,4.43%,$0.74B,$5.77B,12.55%,$869,$453,$416,$14,$10,$592,$277,$-26,$251,$99,$151,$163,$163,$613,$277,$668,668,$0.24,$0.24,$265,$0,$690,$955,$0,$534,$466,$84,$1085,$7270,$625,$984,$227,$1862,$2487,$0,$0,$0,$4784,$7270,$414,$336,$0,$336,$0,$0,$0,$0,$-116,$392,$-638,$0,$5,$0,$0,$11,$-3,$-625,$0,$294,$0,$0,$7,$0,$7,$308,$15,$0,$0
32,2008-12-31,7.44,$0.00,0.0,$4.60,1.62,$-1.83,0.0,$0.50,14.87,$0.75B,$0.53B,1.42,$1.04B,$0.00B,0.0,$3.12B,$0.77B,24.65%,$3.12B,$0.71B,22.73%,$3.12B,$0.71B,22.73%,$3.12B,$0.93B,29.79%,$3.12B,$0.62B,19.94%,$3.12B,$0.34B,10.75%,$0.34B,$4.49B,6.68%,$0.34B,$4.03B,7.48%,$0.34B,$6.89B,4.46%,$0.71B,$5.53B,11.90%,$718,$450,$268,$15,$0,$568,$150,$-39,$111,$53,$58,$58,$58,$254,$150,$678,774,$0.08,$0.07,$109,$0,$637,$746,$0,$452,$463,$82,$997,$6888,$526,$1039,$221,$1872,$2398,$0,$0,$0,$4490,$6888,$140,$220,$0,$220,$0,$0,$0,$0,$-96,$185,$-473,$0,$0,$0,$0,$-10,$-2,$-485,$0,$295,$0,$0,$1,$0,$0,$296,$-142,$0,$0
33,2008-09-30,7.18,$0.00,0.0,$4.90,1.47,$-2.09,0.0,$0.87,8.25,$0.84B,$0.60B,1.39,$1.15B,$0.00B,0.0,$3.20B,$0.80B,25.09%,$3.20B,$0.74B,22.99%,$3.20B,$0.74B,22.99%,$3.20B,$0.96B,30.08%,$3.20B,$0.85B,26.46%,$3.20B,$0.56B,17.62%,$0.56B,$5.20B,10.75%,$0.56B,$4.64B,12.08%,$0.56B,$7.88B,7.31%,$0.74B,$6.34B,11.99%,$740,$536,$203,$9,$0,$661,$78,$-36,$42,$33,$9,$5,$5,$-222,$78,$653,653,$0.01,$0.01,$229,$0,$610,$839,$0,$613,$562,$97,$1272,$7876,$602,$1145,$252,$2077,$2679,$0,$0,$0,$5198,$7876,$27,$116,$0,$116,$0,$0,$0,$0,$-74,$-105,$-234,$0,$0,$0,$0,$-11,$-1,$-246,$0,$335,$0,$0,$0,$0,$0,$335,$-24,$0,$0
34,2008-06-30,9.31,$0.00,0.0,$4.84,1.92,$-1.91,0.0,$0.95,9.8,$0.81B,$0.80B,1.01,$0.81B,$5.14B,0.16,$3.18B,$0.84B,26.52%,$3.18B,$0.78B,24.48%,$3.18B,$0.78B,24.48%,$3.18B,$1.03B,32.31%,$3.18B,$0.91B,28.72%,$3.18B,$0.62B,19.45%,$0.62B,$5.14B,11.75%,$0.62B,$4.58B,13.25%,$0.62B,$7.87B,8.00%,$0.78B,$5.95B,12.71%,$836,$886,$-50,$13,$21,$602,$235,$-13,$207,$87,$120,$105,$105,$335,$235,$654,654,$0.16,$0.16,$261,$227,$42,$809,$0,$713,$557,$93,$1364,$7865,$798,$814,$255,$1929,$2727,$51,$1309,$0,$5137,$7865,$647,$416,$17,$434,$0,$0,$0,$0,$36,$905,$-1234,$0,$304,$0,$0,$-121,$-12,$-1063,$0,$-39,$0,$0,$106,$0,$0,$67,$-72,$0,$0
35,2008-03-31,10.11,$0.00,0.0,$4.63,2.18,$-2.27,0.0,$0.90,11.23,$0.75B,$0.60B,1.25,$0.74B,$5.24B,0.14,$3.07B,$1.14B,37.06%,$3.07B,$0.63B,20.52%,$3.07B,$0.63B,20.52%,$3.07B,$0.87B,28.45%,$3.07B,$0.74B,24.14%,$3.07B,$0.59B,19.18%,$0.59B,$5.24B,11.34%,$0.59B,$4.68B,13.30%,$0.59B,$7.44B,7.56%,$0.63B,$5.98B,10.24%,$821,$474,$347,$8,$0,$576,$245,$16,$261,$77,$183,$167,$167,$561,$245,$653,653,$0.26,$0.26,$243,$0,$506,$749,$0,$658,$557,$84,$1299,$7437,$598,$743,$196,$1600,$2198,$0,$0,$0,$5239,$7437,$510,$316,$-212,$105,$0,$0,$0,$0,$0,$626,$-908,$0,$310,$0,$0,$-33,$-4,$-634,$0,$-84,$0,$0,$9,$0,$0,$-76,$-80,$0,$0
36,2007-12-31,10.38,$0.00,0.0,$4.45,2.33,$-2.83,0.0,$0.71,14.62,$0.68B,$0.51B,1.34,$0.86B,$0.00B,0.0,$2.94B,$1.04B,35.51%,$2.94B,$0.53B,18.05%,$2.94B,$0.53B,18.05%,$2.94B,$0.75B,25.57%,$2.94B,$0.58B,19.61%,$2.94B,$0.47B,16.10%,$0.47B,$5.41B,9.03%,$0.47B,$4.78B,10.25%,$0.47B,$7.68B,6.08%,$0.53B,$6.28B,8.70%,$804,$501,$303,$12,$0,$625,$178,$162,$337,$61,$276,$280,$287,$289,$178,$653,653,$0.44,$0.44,$189,$0,$493,$681,$0,$599,$637,$94,$1330,$7681,$510,$863,$206,$1759,$2269,$0,$0,$0,$5412,$7681,$238,$221,$18,$240,$0,$0,$0,$0,$-115,$218,$-631,$0,$319,$0,$0,$3,$-2,$-311,$0,$-50,$0,$0,$3,$0,$0,$-47,$-134,$0,$0
37,2007-09-30,13.22,$0.00,0.0,$4.48,2.95,$-2.42,0.0,$0.47,28.13,$0.74B,$0.58B,1.28,$1.02B,$0.00B,0.0,$2.79B,$0.99B,35.61%,$2.79B,$0.50B,17.81%,$2.79B,$0.50B,17.81%,$2.79B,$1.94B,69.37%,$2.79B,$0.42B,14.98%,$2.79B,$0.29B,10.39%,$0.29B,$5.29B,5.94%,$0.29B,$4.65B,6.56%,$0.29B,$7.95B,3.76%,$0.50B,$6.31B,8.88%,$721,$477,$244,$13,$0,$600,$121,$-12,$109,$41,$68,$60,$60,$-157,$121,$671,671,$0.09,$0.09,$210,$0,$530,$740,$0,$352,$637,$92,$1080,$7953,$580,$1018,$207,$2082,$2662,$0,$0,$0,$5291,$7953,$105,$110,$0,$110,$0,$0,$0,$0,$-32,$42,$-271,$0,$0,$0,$0,$-0,$-1,$-272,$0,$104,$0,$0,$1,$0,$0,$105,$-113,$0,$0
38,2007-06-30,11.37,$0.00,0.0,$4.76,2.39,$-2.12,0.0,$0.58,19.6,$0.83B,$0.81B,1.02,$1.21B,$4.79B,0.25,$2.74B,$1.03B,37.52%,$2.74B,$0.55B,20.02%,$2.74B,$0.55B,20.02%,$2.74B,$2.08B,76.11%,$2.74B,$0.48B,17.61%,$2.74B,$0.33B,11.98%,$0.33B,$4.79B,7.73%,$0.33B,$3.57B,8.33%,$0.33B,$8.03B,4.83%,$0.55B,$6.00B,11.50%,$719,$476,$242,$19,$-58,$634,$85,$-52,$33,$43,$-10,$74,$74,$179,$85,$674,674,$0.11,$0.11,$326,$203,$0,$825,$0,$402,$1223,$0,$1625,$8026,$812,$1212,$207,$2423,$3235,$55,$212,$0,$4791,$8026,$246,$388,$0,$388,$0,$0,$0,$0,$-624,$205,$-788,$0,$-1241,$0,$0,$-37,$0,$-2067,$0,$690,$0,$0,$1413,$-160,$-12,$1932,$109,$0,$0
39,2007-03-31,13.38,$0.00,0.0,$5.07,2.64,$-0.82,0.0,$0.64,20.91,$0.81B,$1.07B,0.75,$0.32B,$5.46B,0.06,$2.70B,$1.03B,38.17%,$2.70B,$0.57B,20.92%,$2.70B,$0.57B,20.92%,$2.70B,$1.17B,43.35%,$2.70B,$0.50B,18.59%,$2.70B,$0.35B,12.92%,$0.35B,$5.46B,9.95%,$0.35B,$5.46B,9.95%,$0.35B,$7.46B,6.04%,$0.57B,$5.78B,14.44%,$693,$439,$254,$11,$0,$547,$146,$-48,$97,$36,$61,$52,$52,$440,$146,$645,645,$0.08,$0.07,$323,$0,$482,$806,$0,$298,$0,$78,$376,$7464,$1073,$318,$163,$933,$2006,$11,$0,$0,$5458,$7464,$420,$295,$0,$295,$0,$0,$0,$0,$-61,$-102,$-537,$0,$-1204,$0,$0,$-32,$-5,$-1779,$0,$604,$0,$0,$1401,$0,$-12,$1994,$106,$0,$0
40,2006-12-31,13.58,$0.00,0.0,$5.16,2.63,$1.16,11.74,$0.73,18.6,$0.88B,$2.47B,0.36,$0.31B,$3.99B,0.08,$2.56B,$0.92B,35.74%,$2.56B,$0.49B,19.12%,$2.56B,$0.49B,19.12%,$2.56B,$1.92B,74.72%,$2.56B,$0.53B,20.72%,$2.56B,$0.37B,14.55%,$0.37B,$3.99B,13.30%,$0.37B,$3.99B,13.30%,$0.37B,$7.43B,7.58%,$0.49B,$4.30B,15.30%,$658,$403,$254,$9,$0,$513,$145,$35,$179,$65,$114,$104,$104,$1474,$145,$520,520,$0.20,$0.20,$202,$0,$673,$876,$0,$264,$0,$79,$342,$7430,$2467,$312,$165,$973,$3440,$4,$0,$0,$3991,$7430,$2529,$1426,$0,$1426,$0,$0,$0,$0,$-311,$2435,$-2553,$0,$-8677,$0,$0,$-190,$-24,$-11443,$0,$8902,$0,$0,$35,$0,$-90,$8848,$-205,$0,$0
