,Date,Stock Price,Book Value per Share,Price to Book Ratio,TTM Sales per Share,Price to Sales Ratio,TTM FCF per Share,Price to FCF Ratio,TTM Net EPS,PE Ratio,Current Assets,Current Liabilities,Current Ratio,Long Term Debt,Shareholder's Equity_x,Debt to Equity Ratio,TTM Revenue_x,TTM Gross Profit,Gross Margin,TTM Revenue_y,TTM Operating Income,Operating Margin,TTM Revenue_x,TTM EBIT,EBIT Margin,TTM Revenue_y,TTM EBITDA,EBITDA Margin,TTM Revenue_x,TTM Pre-Tax Income,Pre-Tax Margin,TTM Revenue_y,TTM Net Income_x,Net Margin,TTM Net Income_y,Shareholder's Equity_y,Return on Equity,TTM Net Income_x,Tangible Equity,Return on Tangible Equity,TTM Net Income_y,Total Assets,Return on Assets,TTM Net Income,LT Investments & Debt,Return on Investment,revenue,cost-goods-sold,gross-profit,research-development-expenses,selling-general-administrative-expenses,operating-expenses,operating-income,total-non-operating-income-expense,pre-tax-income,total-provision-income-taxes,income-after-taxes,income-from-continuous-operations,net-income,ebitda,ebit,basic-shares-outstanding,shares-outstanding,eps-basic-net-earnings-per-share,eps-earnings-per-share-diluted,cash-on-hand,inventory,other-current-assets,total-current-assets,net-property-plant-equipment,long-term-investments,goodwill-intangible-assets-total,other-long-term-assets,total-long-term-assets,total-assets,total-current-liabilities,long-term-debt,other-non-current-liabilities,total-long-term-liabilities,total-liabilities,common-stock-net,retained-earnings-accumulated-deficit,comprehensive-income,total-share-holder-equity,total-liabilities-share-holders-equity,net-income-loss,total-depreciation-amortization-cash-flow,other-non-cash-items,total-non-cash-items,change-in-accounts-receivable,change-in-inventories,change-in-accounts-payable,change-in-assets-liabilities,total-change-in-assets-liabilities,cash-flow-from-operating-activities,net-change-in-property-plant-equipment,net-change-in-intangible-assets,net-acquisitions-divestitures,net-change-in-short-term-investments,net-change-in-long-term-investments,net-change-in-investments-total,investing-activities-other,cash-flow-from-investing-activities,net-long-term-debt,net-current-debt,debt-issuance-retirement-net-total,net-common-equity-issued-repurchased,net-total-equity-issued-repurchased,total-common-preferred-stock-dividends-paid,financial-activities-other,cash-flow-from-financial-activities,net-cash-flow,stock-based-compensation,common-stock-dividends-paid
0,2018-09-30,15.95,$5.91,2.7,$13.73,1.16,$1.58,10.07,$-0.43,0.0,$0.11B,$0.08B,1.44,$0.41B,$0.14B,2.93,$0.37B,$0.17B,46.74%,$0.37B,$0.05B,14.67%,$0.37B,$0.05B,14.67%,$0.37B,$0.10B,26.63%,$0.37B,$-0.01B,-1.36%,$0.37B,$-0.01B,-2.99%,$-0.01B,$0.18B,-7.01%,$-0.01B,$0.04B,-52.38%,$-0.01B,$0.71B,-1.57%,$0.05B,$0.59B,9.23%,$98,$52,$46,$0,$19,$82,$16,$-14,$3,$2,$1,$1,$-0,$27,$16,$27,27,$-0.01,$-0.01,$10,$39,$0,$114,$22,$0,$135,$0,$594,$708,$79,$406,$8,$450,$529,$0,$-21,$-17,$179,$708,$1,$11,$6,$17,$-5,$-14,$0,$-3,$-14,$4,$-7,$-0,$-11,$0,$0,$0,$0,$-18,$3,$0,$3,$1,$1,$-1,$-0,$2,$-12,$1,$0
1,2018-06-30,13.55,$5.25,2.58,$13.05,1.04,$1.65,8.19,$-0.46,0.0,$0.10B,$0.07B,1.47,$0.43B,$0.10B,4.2,$0.35B,$0.16B,46.40%,$0.35B,$0.04B,12.68%,$0.35B,$0.04B,12.68%,$0.35B,$0.09B,25.07%,$0.35B,$-0.01B,-2.59%,$0.35B,$-0.01B,-3.46%,$-0.01B,$0.14B,-8.00%,$-0.01B,$0.01B,-84.21%,$-0.01B,$0.69B,-1.73%,$0.04B,$0.57B,7.51%,$94,$50,$44,$0,$21,$82,$12,$-24,$-12,$-1,$-11,$-11,$-12,$23,$12,$26,26,$-0.44,$-0.44,$22,$23,$0,$103,$22,$0,$135,$0,$587,$690,$70,$427,$16,$478,$548,$0,$-21,$-17,$142,$690,$-9,$43,$15,$58,$-6,$7,$0,$1,$10,$59,$-26,$-1,$-88,$0,$0,$0,$0,$-115,$170,$-92,$78,$1,$1,$-5,$-4,$71,$14,$4,$-1
2,2018-03-31,7.25,$5.73,1.27,$12.26,0.59,$0.77,9.37,$-0.09,0.0,$0.10B,$0.07B,1.56,$0.44B,$0.11B,3.89,$0.33B,$0.15B,45.71%,$0.33B,$0.04B,11.35%,$0.33B,$0.04B,11.35%,$0.33B,$0.08B,24.23%,$0.33B,$0.00B,0.92%,$0.33B,$-0.00B,-0.61%,$-0.00B,$0.15B,-1.17%,$-0.00B,$0.02B,-5.76%,$-0.00B,$0.70B,-0.29%,$0.04B,$0.59B,6.29%,$84,$45,$40,$0,$19,$74,$11,$-11,$-0,$0,$-1,$-1,$-1,$22,$11,$26,26,$-0.06,$-0.06,$11,$29,$0,$104,$23,$0,$137,$0,$596,$700,$66,$439,$4,$480,$547,$0,$-11,$-16,$153,$700,$2,$32,$1,$33,$-9,$1,$0,$-1,$-2,$33,$-21,$-0,$-88,$0,$0,$0,$0,$-109,$180,$-92,$89,$0,$0,$-4,$-4,$81,$3,$3,$-1
3,2017-12-31,6.8,$5.76,1.18,$11.64,0.58,$0.31,22.25,$-0.11,0.0,$0.10B,$0.06B,1.59,$0.44B,$0.11B,3.88,$0.31B,$0.14B,45.16%,$0.31B,$0.03B,9.68%,$0.31B,$0.03B,9.68%,$0.31B,$0.07B,22.90%,$0.31B,$0.00B,0.32%,$0.31B,$-0.00B,-0.97%,$-0.00B,$0.15B,-1.60%,$-0.00B,$0.02B,-5.71%,$-0.00B,$0.70B,-0.44%,$0.03B,$0.59B,5.11%,$92,$50,$42,$0,$18,$77,$15,$-11,$4,$1,$3,$3,$2,$26,$15,$27,27,$0.08,$0.08,$6,$33,$0,$102,$23,$0,$137,$0,$597,$698,$64,$440,$4,$481,$545,$0,$-10,$-15,$154,$698,$2,$21,$-0,$21,$-10,$-3,$0,$1,$-9,$15,$-15,$-0,$-85,$0,$0,$0,$0,$-100,$182,$-92,$91,$0,$0,$-3,$-4,$84,$-2,$2,$-1
4,2017-09-30,5.05,$5.67,0.89,$11.02,0.46,$0.10,49.17,$-0.21,0.0,$0.10B,$0.07B,1.58,$0.44B,$0.11B,3.93,$0.29B,$0.13B,45.17%,$0.29B,$0.02B,7.59%,$0.29B,$0.02B,7.59%,$0.29B,$0.06B,21.72%,$0.29B,$-0.00B,-0.34%,$0.29B,$-0.01B,-2.07%,$-0.01B,$0.15B,-2.94%,$-0.01B,$0.02B,-8.60%,$-0.01B,$0.69B,-0.88%,$0.02B,$0.59B,3.77%,$77,$42,$35,$0,$20,$71,$6,$-7,$-1,$-1,$-1,$-1,$-1,$16,$6,$27,27,$-0.04,$-0.04,$10,$35,$0,$103,$23,$0,$133,$0,$586,$689,$65,$436,$0,$473,$538,$0,$-13,$-15,$151,$689,$-1,$11,$-1,$10,$-5,$-5,$0,$0,$-4,$5,$-5,$-0,$-75,$0,$0,$0,$0,$-80,$0,$0,$0,$80,$80,$-2,$-1,$77,$2,$2,$-1
5,2017-06-30,5.15,$8.39,0.61,$10.52,0.49,$-0.17,0.0,$-0.25,0.0,$0.09B,$0.06B,1.56,$0.36B,$0.18B,1.94,$0.28B,$0.13B,45.65%,$0.28B,$0.02B,7.25%,$0.28B,$0.02B,7.25%,$0.28B,$0.06B,22.10%,$0.28B,$-0.00B,-0.36%,$0.28B,$-0.01B,-2.54%,$-0.01B,$0.22B,-3.15%,$-0.01B,$0.09B,-7.98%,$-0.01B,$0.68B,-1.03%,$0.02B,$0.58B,3.42%,$73,$41,$32,$0,$17,$69,$5,$-5,$-0,$0,$-0,$-0,$-2,$15,$5,$26,26,$-0.07,$-0.07,$8,$30,$0,$91,$23,$0,$134,$0,$585,$675,$58,$356,$0,$394,$452,$0,$-13,$-12,$223,$675,$-1,$42,$-4,$38,$-5,$6,$0,$0,$-1,$35,$-25,$-1,$-5,$0,$0,$0,$0,$-31,$3,$0,$3,$0,$0,$-6,$-3,$-6,$-2,$1,$-2
6,2017-03-31,5.1,$8.44,0.6,$10.51,0.49,$0.77,6.62,$-0.33,0.0,$0.09B,$0.05B,1.8,$0.37B,$0.18B,2.0,$0.28B,$0.12B,45.09%,$0.28B,$0.02B,5.82%,$0.28B,$0.02B,5.82%,$0.28B,$0.06B,20.73%,$0.28B,$-0.01B,-1.82%,$0.28B,$-0.01B,-3.27%,$-0.01B,$0.22B,-4.04%,$-0.01B,$0.09B,-10.26%,$-0.01B,$0.68B,-1.33%,$0.02B,$0.59B,2.74%,$68,$38,$31,$0,$17,$65,$4,$-5,$-2,$-1,$-1,$-1,$-2,$14,$4,$26,26,$-0.08,$-0.08,$8,$31,$0,$91,$24,$0,$136,$0,$586,$677,$51,$365,$0,$404,$454,$0,$-12,$-13,$223,$677,$-0,$31,$-2,$29,$-3,$5,$0,$-1,$-8,$20,$-21,$-0,$-5,$0,$0,$0,$0,$-26,$11,$0,$11,$0,$0,$-4,$-3,$5,$-1,$1,$-1
7,2016-12-31,5.55,$8.32,0.67,$10.47,0.53,$1.68,3.3,$-0.38,0.0,$0.09B,$0.05B,1.76,$0.36B,$0.18B,2.02,$0.27B,$0.12B,45.05%,$0.27B,$0.01B,4.76%,$0.27B,$0.01B,4.76%,$0.27B,$0.06B,20.88%,$0.27B,$-0.01B,-2.56%,$0.27B,$-0.01B,-3.66%,$-0.01B,$0.22B,-4.45%,$-0.01B,$0.09B,-11.30%,$-0.01B,$0.67B,-1.47%,$0.01B,$0.58B,2.23%,$72,$39,$33,$0,$16,$65,$7,$-5,$2,$1,$1,$1,$-1,$18,$7,$26,26,$-0.02,$-0.02,$6,$32,$0,$94,$25,$0,$134,$0,$579,$673,$53,$361,$0,$400,$454,$0,$-16,$-11,$219,$673,$1,$20,$-1,$20,$-7,$3,$0,$-0,$-10,$11,$-17,$-0,$-5,$0,$0,$0,$0,$-22,$12,$0,$12,$0,$0,$-3,$-1,$8,$-3,$0,$-1
8,2016-09-30,4.5,$8.56,0.53,$10.88,0.41,$2.52,1.79,$-0.36,0.0,$0.10B,$0.06B,1.79,$0.37B,$0.18B,1.98,$0.28B,$0.12B,43.66%,$0.28B,$0.02B,5.28%,$0.28B,$0.02B,5.28%,$0.28B,$0.06B,20.42%,$0.28B,$-0.01B,-2.11%,$0.28B,$-0.01B,-3.17%,$-0.01B,$0.23B,-3.96%,$-0.01B,$0.09B,-10.20%,$-0.01B,$0.68B,-1.32%,$0.02B,$0.59B,2.56%,$63,$33,$30,$0,$17,$59,$4,$-5,$-1,$-0,$-1,$-1,$-2,$14,$4,$26,26,$-0.08,$-0.08,$9,$39,$0,$98,$26,$0,$136,$0,$586,$684,$55,$366,$0,$405,$460,$0,$-11,$-13,$225,$684,$-1,$10,$-2,$9,$-1,$-3,$0,$-0,$-8,$-0,$-7,$0,$-2,$0,$0,$0,$0,$-10,$11,$0,$11,$0,$0,$-1,$-0,$10,$0,$-0,$0
9,2016-06-30,4.25,$8.57,0.5,$10.94,0.39,$3.03,1.4,$-0.36,0.0,$0.09B,$0.06B,1.58,$0.35B,$0.19B,1.91,$0.29B,$0.12B,43.51%,$0.29B,$0.02B,5.26%,$0.29B,$0.02B,5.26%,$0.29B,$0.06B,20.35%,$0.29B,$-0.01B,-2.11%,$0.29B,$-0.01B,-3.16%,$-0.01B,$0.23B,-3.98%,$-0.01B,$0.09B,-10.32%,$-0.01B,$0.67B,-1.32%,$0.02B,$0.58B,2.58%,$72,$42,$30,$0,$19,$72,$1,$-5,$-4,$-2,$-2,$-2,$-4,$11,$1,$26,26,$-0.14,$-0.14,$9,$35,$0,$91,$27,$0,$136,$0,$582,$674,$58,$352,$0,$391,$449,$0,$-10,$-14,$225,$674,$-3,$43,$-7,$36,$9,$5,$0,$-1,$16,$49,$-14,$-0,$-21,$0,$0,$0,$0,$-35,$2,$0,$2,$0,$0,$-7,$-1,$-6,$6,$2,$-3
10,2016-03-31,4.56,$8.82,0.52,$10.65,0.43,$0.42,10.92,$-0.33,0.0,$0.10B,$0.06B,1.69,$0.36B,$0.19B,1.89,$0.28B,$0.12B,44.24%,$0.28B,$0.02B,6.12%,$0.28B,$0.02B,6.12%,$0.28B,$0.06B,21.22%,$0.28B,$-0.00B,-1.44%,$0.28B,$-0.01B,-2.88%,$-0.01B,$0.23B,-3.50%,$-0.01B,$0.09B,-9.04%,$-0.01B,$0.69B,-1.17%,$0.02B,$0.59B,2.91%,$66,$36,$30,$0,$17,$66,$1,$-5,$-4,$-2,$-2,$-2,$-3,$14,$1,$26,26,$-0.13,$-0.13,$7,$40,$0,$97,$28,$0,$140,$0,$591,$688,$57,$359,$0,$401,$458,$0,$-7,$-13,$230,$688,$-1,$33,$-4,$28,$9,$0,$0,$-3,$8,$35,$-12,$-0,$-16,$0,$0,$0,$0,$-28,$3,$0,$3,$0,$0,$-5,$-1,$-2,$3,$2,$-2
11,2015-12-31,3.99,$8.74,0.46,$10.79,0.37,$-2.17,0.0,$-0.27,0.0,$0.10B,$0.06B,1.67,$0.36B,$0.19B,1.91,$0.28B,$0.13B,44.84%,$0.28B,$0.02B,8.19%,$0.28B,$0.02B,8.19%,$0.28B,$0.06B,22.42%,$0.28B,$0.00B,0.36%,$0.28B,$-0.01B,-2.49%,$-0.01B,$0.23B,-3.04%,$-0.01B,$0.09B,-7.78%,$-0.01B,$0.69B,-1.01%,$0.02B,$0.59B,3.90%,$83,$49,$34,$0,$16,$75,$9,$-6,$3,$1,$2,$2,$0,$19,$9,$26,26,$0.00,$0.00,$4,$41,$0,$98,$28,$0,$143,$0,$589,$688,$59,$358,$0,$401,$460,$0,$-5,$-16,$228,$688,$1,$20,$-2,$18,$4,$-2,$0,$-1,$6,$25,$-9,$-0,$-15,$0,$0,$0,$0,$-25,$6,$0,$6,$0,$0,$-4,$-0,$2,$1,$1,$-2
12,2015-09-30,3.7,$8.50,0.44,$10.95,0.34,$-4.12,0.0,$-0.10,0.0,$0.11B,$0.07B,1.58,$0.35B,$0.18B,1.94,$0.29B,$0.14B,47.74%,$0.29B,$0.03B,11.15%,$0.29B,$0.03B,11.15%,$0.29B,$0.07B,25.09%,$0.29B,$0.01B,3.48%,$0.29B,$-0.00B,-0.70%,$-0.00B,$0.22B,-0.85%,$-0.00B,$0.09B,-2.11%,$-0.00B,$0.68B,-0.29%,$0.03B,$0.57B,5.38%,$64,$34,$30,$0,$17,$60,$4,$-5,$-1,$-0,$-1,$-1,$-2,$14,$4,$26,26,$-0.08,$-0.08,$9,$44,$0,$107,$38,$0,$136,$0,$575,$682,$68,$351,$0,$393,$461,$0,$-6,$-18,$221,$682,$-1,$10,$-3,$7,$2,$-8,$0,$-2,$8,$14,$-8,$-0,$-1,$0,$0,$0,$0,$-9,$3,$0,$3,$0,$0,$-1,$-0,$1,$5,$1,$-0
13,2015-06-30,5.22,$9.01,0.58,$11.52,0.45,$-4.91,0.0,$0.12,43.5,$0.10B,$0.05B,1.82,$0.36B,$0.19B,1.84,$0.30B,$0.15B,49.83%,$0.30B,$0.04B,14.19%,$0.30B,$0.04B,14.19%,$0.30B,$0.08B,27.39%,$0.30B,$0.02B,7.26%,$0.30B,$0.00B,1.32%,$0.00B,$0.23B,1.65%,$0.00B,$0.09B,3.90%,$0.00B,$0.69B,0.57%,$0.04B,$0.59B,7.25%,$65,$36,$29,$0,$16,$62,$3,$-5,$-2,$-1,$-1,$-1,$-3,$12,$3,$26,26,$-0.12,$-0.11,$4,$37,$0,$96,$39,$0,$141,$0,$591,$687,$53,$357,$0,$400,$453,$0,$-5,$-13,$234,$687,$13,$40,$3,$43,$15,$-10,$0,$3,$-18,$38,$-72,$-1,$-34,$0,$0,$0,$0,$-107,$77,$0,$77,$-3,$-3,$-8,$0,$67,$-2,$2,$-4
14,2015-03-31,8.07,$9.18,0.88,$12.54,0.64,$-4.44,0.0,$0.27,29.89,$0.11B,$0.06B,2.01,$0.37B,$0.20B,1.89,$0.33B,$0.16B,50.00%,$0.33B,$0.05B,16.46%,$0.33B,$0.05B,16.46%,$0.33B,$0.09B,28.66%,$0.33B,$0.03B,10.06%,$0.33B,$0.01B,2.44%,$0.01B,$0.24B,3.23%,$0.01B,$0.10B,7.32%,$0.01B,$0.71B,1.15%,$0.05B,$0.61B,9.22%,$69,$36,$33,$0,$17,$63,$7,$-6,$1,$0,$1,$1,$-2,$18,$7,$26,26,$-0.07,$-0.07,$9,$41,$0,$114,$41,$0,$141,$0,$597,$712,$57,$373,$0,$417,$474,$0,$-2,$-12,$238,$712,$14,$31,$4,$35,$11,$-15,$0,$-2,$-27,$23,$-67,$-1,$-34,$0,$0,$0,$0,$-101,$91,$0,$91,$-3,$-3,$-5,$1,$84,$3,$1,$-2
15,2014-12-31,9.86,$9.52,1.04,$12.47,0.79,$-3.76,0.0,$0.38,25.95,$0.12B,$0.07B,1.69,$0.36B,$0.21B,1.74,$0.33B,$0.16B,49.54%,$0.33B,$0.06B,17.54%,$0.33B,$0.06B,17.54%,$0.33B,$0.09B,28.31%,$0.33B,$0.04B,12.00%,$0.33B,$0.01B,3.38%,$0.01B,$0.25B,4.42%,$0.01B,$0.11B,8.89%,$0.01B,$0.72B,1.68%,$0.06B,$0.60B,10.41%,$89,$44,$45,$0,$18,$71,$18,$-6,$12,$5,$7,$7,$5,$28,$18,$26,27,$0.18,$0.17,$6,$42,$0,$121,$40,$0,$141,$0,$599,$720,$71,$358,$0,$403,$474,$0,$-2,$-8,$246,$720,$14,$20,$6,$26,$-1,$-15,$0,$3,$-18,$21,$-57,$-0,$-25,$0,$0,$0,$0,$-83,$71,$0,$71,$-3,$-3,$-4,$-0,$63,$0,$1,$-2
16,2014-09-30,8.87,$9.69,0.92,$11.77,0.75,$-3.24,0.0,$0.28,31.68,$0.11B,$0.07B,1.61,$0.32B,$0.21B,1.53,$0.30B,$0.15B,48.34%,$0.30B,$0.05B,16.23%,$0.30B,$0.05B,16.23%,$0.30B,$0.08B,26.49%,$0.30B,$0.04B,11.59%,$0.30B,$0.01B,2.65%,$0.01B,$0.25B,3.25%,$0.01B,$0.12B,5.94%,$0.01B,$0.68B,1.33%,$0.05B,$0.57B,9.70%,$80,$37,$44,$0,$19,$65,$15,$-5,$11,$4,$6,$6,$4,$25,$15,$26,27,$0.14,$0.14,$9,$39,$0,$114,$30,$0,$134,$0,$567,$681,$71,$319,$0,$361,$432,$0,$-7,$-4,$249,$681,$6,$10,$2,$12,$7,$-11,$0,$-1,$-6,$12,$-27,$-0,$-3,$0,$0,$0,$0,$-31,$23,$0,$23,$-1,$-1,$-1,$0,$22,$4,$1,$0
17,2014-06-30,9.5,$10.05,0.95,$11.38,0.83,$-3.29,0.0,$0.16,59.38,$0.11B,$0.07B,1.51,$0.30B,$0.22B,1.39,$0.29B,$0.13B,44.44%,$0.29B,$0.04B,14.24%,$0.29B,$0.04B,14.24%,$0.29B,$0.07B,23.61%,$0.29B,$0.03B,9.72%,$0.29B,$0.00B,1.39%,$0.00B,$0.26B,1.65%,$0.00B,$0.12B,2.79%,$0.00B,$0.67B,0.71%,$0.04B,$0.56B,8.74%,$90,$48,$42,$0,$20,$76,$14,$-5,$9,$4,$5,$5,$1,$23,$14,$25,26,$0.03,$0.02,$6,$27,$0,$105,$31,$0,$137,$0,$564,$668,$69,$303,$0,$341,$411,$0,$-12,$2,$258,$668,$15,$28,$6,$34,$-17,$14,$0,$-3,$3,$52,$-73,$-0,$-91,$0,$0,$0,$0,$-164,$240,$-114,$126,$-1,$-1,$-8,$-4,$113,$-0,$2,$-5
18,2014-03-31,7.9,$9.91,0.8,$10.74,0.74,$-3.40,0.0,$0.14,56.43,$0.10B,$0.06B,1.73,$0.22B,$0.20B,1.07,$0.26B,$0.11B,42.97%,$0.26B,$0.03B,12.93%,$0.26B,$0.03B,12.93%,$0.26B,$0.06B,22.05%,$0.26B,$0.02B,9.13%,$0.26B,$0.00B,1.14%,$0.00B,$0.24B,1.27%,$0.00B,$0.15B,2.00%,$0.00B,$0.55B,0.58%,$0.03B,$0.46B,7.94%,$66,$35,$30,$0,$15,$56,$10,$-3,$7,$3,$4,$4,$1,$16,$10,$24,25,$0.04,$0.04,$8,$37,$0,$100,$22,$0,$87,$0,$449,$549,$58,$215,$0,$250,$308,$0,$-13,$0,$242,$549,$11,$18,$4,$22,$-12,$-1,$0,$-4,$-12,$21,$-46,$-0,$-16,$0,$0,$0,$0,$-62,$51,$0,$51,$-0,$-0,$-5,$-1,$45,$2,$1,$-2
19,2013-12-31,6.03,$9.65,0.63,$10.93,0.55,$-3.27,0.0,$0.13,46.38,$0.08B,$0.05B,1.66,$0.20B,$0.20B,1.02,$0.26B,$0.11B,41.76%,$0.26B,$0.03B,11.88%,$0.26B,$0.03B,11.88%,$0.26B,$0.06B,21.07%,$0.26B,$0.02B,8.43%,$0.26B,$0.00B,1.15%,$0.00B,$0.24B,1.32%,$0.00B,$0.15B,2.15%,$0.00B,$0.51B,0.60%,$0.03B,$0.43B,7.41%,$66,$36,$30,$0,$14,$55,$10,$-2,$8,$3,$5,$5,$2,$16,$10,$24,25,$0.07,$0.07,$2,$39,$0,$80,$21,$0,$86,$0,$434,$514,$48,$199,$0,$231,$279,$0,$-15,$-2,$235,$514,$7,$12,$2,$14,$1,$-5,$0,$1,$-5,$16,$-36,$-0,$-16,$0,$0,$0,$0,$-52,$39,$0,$39,$-0,$-0,$-4,$0,$35,$-4,$1,$-2
20,2013-09-30,5.36,$9.74,0.55,$11.11,0.48,$-3.24,0.0,$0.14,38.29,$0.10B,$0.07B,1.51,$0.19B,$0.20B,0.96,$0.26B,$0.11B,41.09%,$0.26B,$0.03B,11.63%,$0.26B,$0.03B,11.63%,$0.26B,$0.05B,20.54%,$0.26B,$0.02B,7.75%,$0.26B,$0.00B,1.16%,$0.00B,$0.24B,1.37%,$0.00B,$0.15B,2.31%,$0.00B,$0.52B,0.61%,$0.03B,$0.43B,7.26%,$66,$39,$26,$0,$14,$59,$7,$-3,$4,$2,$2,$2,$0,$13,$7,$24,25,$0.02,$0.02,$3,$52,$0,$103,$22,$0,$88,$0,$420,$523,$68,$188,$0,$218,$286,$0,$-18,$1,$237,$523,$2,$6,$1,$6,$-9,$-18,$0,$2,$-10,$-2,$-14,$-0,$-9,$0,$0,$0,$0,$-23,$23,$0,$23,$-0,$-0,$-1,$-0,$23,$-3,$0,$0
21,2013-06-30,4.65,$9.62,0.48,$10.84,0.43,$-2.98,0.0,$0.16,29.06,$0.08B,$0.05B,1.61,$0.16B,$0.19B,0.84,$0.25B,$0.11B,42.86%,$0.25B,$0.03B,12.24%,$0.25B,$0.03B,12.24%,$0.25B,$0.05B,21.63%,$0.25B,$0.02B,8.16%,$0.25B,$0.00B,1.63%,$0.00B,$0.23B,1.91%,$0.00B,$0.15B,3.33%,$0.00B,$0.47B,0.84%,$0.03B,$0.40B,7.43%,$65,$38,$27,$0,$15,$58,$7,$-2,$5,$3,$2,$2,$0,$13,$7,$22,23,$0.01,$0.01,$6,$32,$0,$78,$20,$0,$85,$0,$395,$473,$48,$163,$0,$191,$239,$0,$-19,$-1,$234,$473,$11,$23,$1,$24,$3,$2,$0,$-2,$-1,$35,$-56,$-0,$-15,$0,$0,$0,$1,$-70,$77,$-79,$-2,$8,$44,$-5,$-2,$35,$-1,$1,$-5
22,2013-03-31,4.5,$9.20,0.49,$10.45,0.43,$-3.54,0.0,$0.16,28.13,$0.08B,$0.05B,1.6,$0.21B,$0.20B,1.05,$0.24B,$0.10B,43.40%,$0.24B,$0.03B,12.77%,$0.24B,$0.03B,12.77%,$0.24B,$0.05B,22.13%,$0.24B,$0.02B,7.66%,$0.24B,$0.00B,1.70%,$0.00B,$0.21B,2.00%,$0.00B,$0.11B,3.65%,$0.00B,$0.49B,0.85%,$0.03B,$0.42B,7.57%,$64,$38,$26,$0,$13,$57,$7,$-3,$5,$2,$3,$3,$1,$13,$7,$22,23,$0.03,$0.03,$4,$37,$0,$81,$19,$0,$92,$0,$413,$494,$51,$213,$0,$239,$289,$0,$-19,$8,$205,$494,$9,$17,$0,$17,$4,$-1,$0,$-1,$-5,$21,$-41,$-0,$-15,$0,$0,$0,$0,$-56,$114,$-79,$35,$0,$0,$-2,$-2,$31,$-4,$1,$-2
23,2012-12-31,4.3,$9.21,0.47,$10.17,0.42,$-4.09,0.0,$0.18,23.89,$0.09B,$0.05B,1.71,$0.21B,$0.20B,1.05,$0.23B,$0.10B,44.05%,$0.23B,$0.03B,13.22%,$0.23B,$0.03B,13.22%,$0.23B,$0.05B,22.47%,$0.23B,$0.02B,7.93%,$0.23B,$0.00B,1.76%,$0.00B,$0.20B,2.03%,$0.00B,$0.11B,3.69%,$0.00B,$0.49B,0.88%,$0.03B,$0.41B,7.82%,$63,$36,$27,$0,$13,$55,$9,$-3,$6,$2,$4,$4,$2,$14,$9,$22,23,$0.08,$0.08,$7,$42,$0,$88,$18,$0,$93,$0,$401,$489,$52,$211,$0,$235,$287,$0,$-20,$7,$203,$489,$6,$11,$0,$12,$6,$-8,$0,$-1,$-7,$11,$-28,$-0,$-13,$0,$0,$0,$0,$-42,$113,$-79,$33,$-0,$-0,$-2,$-2,$29,$-1,$1,$-2
24,2012-09-30,4.05,$8.95,0.45,$9.53,0.42,$-4.04,0.0,$0.10,40.5,$0.08B,$0.05B,1.67,$0.19B,$0.20B,0.96,$0.21B,$0.09B,44.34%,$0.21B,$0.03B,12.26%,$0.21B,$0.03B,12.26%,$0.21B,$0.05B,22.17%,$0.21B,$0.01B,6.60%,$0.21B,$0.00B,0.94%,$0.00B,$0.20B,1.03%,$0.00B,$0.11B,1.87%,$0.00B,$0.45B,0.46%,$0.03B,$0.39B,7.11%,$53,$28,$25,$0,$13,$47,$7,$-3,$4,$2,$2,$2,$1,$13,$7,$22,22,$0.04,$0.04,$6,$33,$0,$76,$14,$0,$88,$0,$376,$452,$46,$188,$0,$209,$255,$0,$-22,$7,$197,$452,$2,$6,$0,$6,$4,$-1,$0,$-0,$-5,$4,$-12,$-0,$-2,$0,$0,$0,$0,$-14,$91,$-79,$12,$-0,$-0,$-0,$-2,$10,$-1,$0,$0
25,2012-06-30,3.22,$8.81,0.37,$9.53,0.34,$-3.78,0.0,$0.11,29.27,$0.08B,$0.05B,1.62,$0.17B,$0.19B,0.9,$0.21B,$0.09B,42.92%,$0.21B,$0.03B,12.26%,$0.21B,$0.03B,12.26%,$0.21B,$0.05B,21.23%,$0.21B,$0.01B,6.60%,$0.21B,$0.00B,0.94%,$0.00B,$0.19B,1.05%,$0.00B,$0.11B,1.92%,$0.00B,$0.44B,0.48%,$0.03B,$0.37B,7.43%,$55,$32,$24,$0,$12,$48,$7,$-4,$3,$1,$2,$2,$0,$12,$7,$22,22,$0.01,$0.01,$7,$31,$0,$79,$13,$0,$87,$0,$359,$438,$49,$174,$0,$195,$244,$0,$-23,$6,$194,$438,$9,$20,$-1,$19,$-6,$-10,$0,$-0,$-12,$15,$-48,$-0,$-5,$0,$0,$0,$0,$-53,$41,$0,$41,$0,$0,$-2,$0,$39,$-0,$1,$-2
26,2012-03-31,2.88,$8.87,0.32,$9.35,0.31,$-2.36,0.0,$0.76,3.79,$0.09B,$0.05B,1.9,$0.17B,$0.19B,0.89,$0.21B,$0.09B,41.35%,$0.21B,$0.02B,7.69%,$0.21B,$0.02B,7.69%,$0.21B,$0.04B,20.19%,$0.21B,$0.00B,0.48%,$0.21B,$-0.01B,-6.25%,$-0.01B,$0.20B,-6.82%,$-0.01B,$0.11B,-12.71%,$-0.01B,$0.43B,-3.24%,$0.02B,$0.37B,4.71%,$56,$32,$24,$0,$11,$49,$7,$-2,$5,$2,$3,$3,$1,$12,$7,$22,22,$0.05,$0.05,$8,$36,$0,$85,$12,$0,$87,$0,$347,$431,$45,$172,$0,$192,$236,$0,$-23,$7,$195,$431,$0,$15,$5,$20,$-9,$-16,$0,$-0,$-20,$1,$-33,$-0,$0,$0,$0,$0,$0,$-34,$37,$0,$37,$0,$0,$-2,$-0,$35,$1,$1,$-2
27,2011-12-31,2.65,$8.66,0.31,$8.80,0.3,$-0.70,0.0,$0.59,4.49,$0.08B,$0.04B,1.71,$0.15B,$0.19B,0.8,$0.20B,$0.08B,41.54%,$0.20B,$0.01B,6.67%,$0.20B,$0.01B,6.67%,$0.20B,$0.04B,20.00%,$0.20B,$-0.00B,-2.05%,$0.20B,$-0.02B,-8.72%,$-0.02B,$0.19B,-9.80%,$-0.02B,$0.10B,-20.67%,$-0.02B,$0.40B,-4.39%,$0.01B,$0.34B,3.95%,$48,$27,$21,$0,$11,$43,$5,$-4,$2,$1,$1,$1,$0,$10,$5,$22,22,$0.00,$0.00,$6,$35,$0,$76,$12,$0,$87,$0,$328,$404,$44,$151,$0,$169,$214,$0,$-24,$5,$191,$404,$4,$10,$0,$10,$-0,$-15,$0,$0,$-15,$-1,$-16,$-0,$0,$0,$0,$0,$0,$-16,$18,$0,$18,$0,$0,$-0,$-0,$17,$-0,$0,$0
28,2011-09-30,2.95,$8.39,0.35,$8.66,0.34,$0.06,47.73,$0.62,4.76,$0.07B,$0.04B,1.63,$0.14B,$0.18B,0.75,$0.19B,$0.08B,41.67%,$0.19B,$0.01B,6.25%,$0.19B,$0.01B,6.25%,$0.19B,$0.04B,19.79%,$0.19B,$-0.00B,-2.08%,$0.19B,$-0.02B,-8.33%,$-0.02B,$0.19B,-10.19%,$-0.02B,$0.10B,-25.40%,$-0.02B,$0.38B,-4.21%,$0.01B,$0.32B,3.70%,$53,$30,$22,$0,$11,$46,$7,$-2,$4,$2,$3,$3,$1,$11,$7,$22,22,$0.05,$0.05,$6,$27,$0,$67,$12,$0,$87,$0,$315,$381,$41,$138,$0,$156,$197,$0,$-24,$2,$185,$381,$3,$5,$-1,$4,$-0,$-9,$0,$0,$-4,$3,$-6,$-0,$0,$0,$0,$0,$0,$-6,$2,$0,$2,$0,$0,$-0,$-0,$2,$-0,$0,$0
29,2011-06-30,2.99,$8.72,0.34,$8.26,0.36,$0.28,10.63,$0.60,4.98,$0.06B,$0.04B,1.45,$0.14B,$0.19B,0.72,$0.18B,$0.08B,41.76%,$0.18B,$0.01B,4.95%,$0.18B,$0.01B,4.95%,$0.18B,$0.04B,19.78%,$0.18B,$-0.01B,-3.30%,$0.18B,$-0.02B,-8.79%,$-0.02B,$0.19B,-11.59%,$-0.02B,$0.10B,-38.79%,$-0.02B,$0.39B,-4.26%,$0.01B,$0.33B,2.83%,$51,$31,$19,$0,$11,$53,$-3,$-7,$-10,$2,$-11,$-11,$-15,$9,$-3,$22,22,$-0.66,$-0.66,$7,$21,$0,$63,$13,$0,$92,$0,$325,$388,$43,$137,$0,$152,$196,$0,$-25,$5,$192,$388,$-9,$27,$7,$34,$4,$2,$0,$-2,$-6,$19,$-20,$0,$-1,$0,$0,$0,$0,$-21,$-69,$0,$-69,$92,$92,$-0,$-19,$4,$2,$1,$0
30,2011-03-31,3.38,$5.74,0.59,$8.40,0.4,$1.31,2.57,$-0.59,0.0,$0.05B,$0.04B,1.32,$0.20B,$0.13B,1.57,$0.17B,$0.08B,43.10%,$0.17B,$0.01B,4.60%,$0.17B,$0.01B,4.60%,$0.17B,$0.04B,20.11%,$0.17B,$-0.01B,-3.45%,$0.17B,$-0.01B,-5.75%,$-0.01B,$0.13B,-8.66%,$-0.01B,$0.03B,-54.05%,$-0.01B,$0.38B,-2.74%,$0.01B,$0.32B,2.60%,$43,$24,$19,$0,$10,$39,$4,$-5,$-0,$-0,$-0,$-0,$-3,$9,$4,$22,22,$-0.12,$-0.12,$0,$20,$0,$52,$12,$0,$99,$0,$324,$376,$39,$196,$0,$211,$250,$0,$-11,$8,$126,$376,$2,$15,$-7,$8,$6,$2,$0,$-0,$12,$22,$-18,$0,$-1,$0,$0,$0,$0,$-19,$-5,$0,$-5,$0,$0,$-0,$-1,$-7,$-4,$1,$0
31,2010-12-31,1.98,$5.70,0.35,$8.59,0.23,$2.21,0.89,$-0.52,0.0,$0.06B,$0.04B,1.47,$0.20B,$0.12B,1.6,$0.17B,$0.07B,43.20%,$0.17B,$0.01B,4.14%,$0.17B,$0.01B,4.14%,$0.17B,$0.03B,20.12%,$0.17B,$-0.01B,-3.55%,$0.17B,$-0.01B,-4.73%,$-0.01B,$0.13B,-7.19%,$-0.01B,$0.03B,-65.31%,$-0.01B,$0.38B,-2.22%,$0.01B,$0.32B,2.36%,$45,$25,$20,$0,$11,$41,$4,$-2,$2,$1,$1,$1,$1,$9,$4,$22,22,$0.03,$0.03,$0,$26,$0,$55,$11,$0,$99,$0,$321,$376,$38,$199,$0,$213,$251,$0,$-8,$8,$125,$376,$3,$10,$-6,$4,$4,$-4,$0,$1,$2,$9,$-8,$0,$-1,$0,$0,$0,$0,$-9,$-2,$0,$-2,$0,$0,$-0,$-1,$-3,$-4,$0,$0
32,2010-09-30,1.3,$4.95,0.26,$8.77,0.15,$2.90,0.45,$-0.62,0.0,$0.05B,$0.04B,1.42,$0.19B,$0.11B,1.77,$0.16B,$0.07B,42.94%,$0.16B,$0.01B,3.68%,$0.16B,$0.01B,3.68%,$0.16B,$0.03B,20.25%,$0.16B,$-0.01B,-5.52%,$0.16B,$-0.01B,-6.13%,$-0.01B,$0.11B,-9.35%,$-0.01B,$0.01B,-153.85%,$-0.01B,$0.36B,-2.82%,$0.01B,$0.30B,2.11%,$43,$25,$18,$0,$10,$40,$4,$-2,$2,$1,$1,$1,$1,$9,$4,$22,22,$0.03,$0.03,$0,$23,$0,$51,$11,$0,$98,$0,$310,$361,$36,$190,$0,$217,$253,$0,$-9,$5,$109,$361,$1,$5,$-3,$2,$5,$-2,$0,$0,$1,$4,$-1,$0,$0,$0,$0,$0,$0,$-1,$-5,$0,$-5,$0,$0,$-0,$-1,$-7,$-5,$0,$0
33,2010-06-30,1.25,$4.62,0.27,$8.77,0.14,$3.07,0.41,$-0.65,0.0,$0.06B,$0.04B,1.61,$0.19B,$0.10B,1.86,$0.16B,$0.07B,44.52%,$0.16B,$0.00B,2.58%,$0.16B,$0.00B,2.58%,$0.16B,$0.03B,20.00%,$0.16B,$-0.01B,-6.45%,$0.16B,$-0.01B,-7.10%,$-0.01B,$0.10B,-10.30%,$-0.01B,$0.01B,-258.82%,$-0.01B,$0.35B,-3.11%,$0.00B,$0.29B,1.44%,$43,$26,$18,$0,$10,$48,$-4,$-6,$-10,$-1,$-9,$-9,$-9,$8,$-4,$18,18,$-0.52,$-0.52,$5,$19,$0,$56,$10,$0,$93,$0,$291,$347,$35,$186,$0,$210,$245,$0,$-10,$-2,$102,$347,$-9,$28,$-8,$19,$-0,$4,$0,$0,$6,$17,$1,$0,$0,$0,$0,$0,$0,$1,$-21,$0,$-21,$6,$6,$-0,$0,$-15,$1,$1,$-0
34,2010-03-31,1.25,$6.09,0.21,$8.58,0.15,$2.43,0.51,$-0.01,0.0,$0.04B,$0.06B,0.75,$0.17B,$0.11B,1.55,$0.15B,$0.06B,40.67%,$0.15B,$0.01B,6.67%,$0.15B,$0.01B,6.67%,$0.15B,$0.03B,20.67%,$0.15B,$0.00B,1.33%,$0.15B,0,0.00%,$0.00B,$0.11B,0.00%,$0.00B,$0.00B,0.00%,$0.00B,$0.36B,0.00%,$0.01B,$0.27B,3.55%,$38,$22,$17,$0,$9,$36,$3,$-3,$-0,$-0,$-0,$-0,$-1,$8,$3,$18,18,$-0.05,$-0.05,$0,$20,$0,$42,$11,$0,$105,$0,$313,$355,$56,$166,$0,$190,$246,$0,$-0,$2,$109,$355,$-0,$15,$-9,$7,$10,$5,$0,$0,$12,$19,$1,$0,$0,$0,$0,$0,$0,$1,$-22,$0,$-22,$0,$0,$-0,$0,$-22,$-3,$1,$-0
35,2009-12-31,1.27,$6.04,0.21,$8.35,0.15,$0.93,1.36,$0.05,25.4,$0.04B,$0.05B,0.79,$0.17B,$0.11B,1.59,$0.15B,$0.06B,41.78%,$0.15B,$0.01B,8.22%,$0.15B,$0.01B,8.22%,$0.15B,$0.03B,21.92%,$0.15B,$0.00B,1.37%,$0.15B,$0.00B,0.68%,$0.00B,$0.11B,0.96%,$0.00B,$0.00B,100.00%,$0.00B,$0.35B,0.28%,$0.01B,$0.28B,4.23%,$39,$22,$17,$0,$10,$37,$3,$-4,$-1,$-0,$-1,$-1,$-1,$8,$3,$18,18,$-0.07,$-0.07,$0,$19,$0,$42,$11,$0,$105,$0,$312,$354,$54,$169,$0,$193,$246,$0,$0,$0,$108,$354,$0,$11,$-6,$5,$8,$5,$0,$1,$8,$13,$0,$0,$0,$0,$0,$0,$0,$0,$-15,$0,$-15,$0,$0,$-0,$0,$-15,$-3,$0,$-0
36,2009-09-30,1.45,$6.03,0.24,$8.54,0.17,$-0.20,0.0,$0.06,24.17,$0.04B,$0.06B,0.74,$0.17B,$0.11B,1.57,$0.15B,$0.07B,45.33%,$0.15B,$0.01B,9.33%,$0.15B,$0.01B,9.33%,$0.15B,$0.03B,22.00%,$0.15B,0,0.00%,$0.15B,$0.00B,0.67%,$0.00B,$0.11B,1.00%,$0.00B,$0.00B,-200.00%,$0.00B,$0.36B,0.29%,$0.01B,$0.27B,4.93%,$35,$19,$17,$0,$9,$33,$2,$-1,$1,$0,$1,$1,$0,$7,$2,$18,18,$0.00,$0.00,$0,$20,$0,$44,$11,$0,$106,$0,$313,$357,$60,$166,$0,$190,$250,$0,$2,$-1,$108,$357,$1,$5,$-4,$2,$7,$3,$0,$-2,$3,$6,$-1,$0,$0,$0,$0,$0,$0,$-1,$-8,$0,$-8,$0,$0,$-0,$0,$-8,$-3,$0,$-0
37,2009-06-30,1.65,$5.79,0.29,$8.86,0.19,$-0.88,0.0,$-0.30,0.0,$0.05B,$0.03B,1.64,$0.20B,$0.10B,1.97,$0.15B,$0.06B,43.54%,$0.15B,$0.01B,9.52%,$0.15B,$0.01B,9.52%,$0.15B,$0.03B,21.09%,$0.15B,$-0.01B,-7.48%,$0.15B,$-0.00B,-2.72%,$-0.00B,$0.10B,-4.29%,$-0.00B,$-0.00B,-76.19%,$-0.00B,$0.36B,-1.27%,$0.01B,$0.30B,5.44%,$38,$28,$10,$0,$3,$36,$2,$1,$2,$0,$2,$5,$2,$8,$2,$17,17,$0.19,$0.19,$3,$23,$0,$54,$10,$0,$104,$0,$305,$359,$33,$200,$0,$222,$256,$0,$1,$-5,$103,$359,$-7,$17,$6,$23,$6,$4,$0,$0,$7,$23,$-18,$-0,$-21,$0,$0,$0,$0,$-39,$17,$0,$17,$1,$1,$-0,$0,$18,$1,$1,$-0
38,2009-03-31,1.0,$5.41,0.18,$8.22,0.12,$-1.33,0.0,$-0.36,0.0,$0.05B,$0.04B,1.16,$0.18B,$0.10B,1.93,$0.13B,$0.06B,47.62%,$0.13B,$0.01B,9.52%,$0.13B,$0.01B,9.52%,$0.13B,$0.03B,20.63%,$0.13B,$-0.01B,-10.32%,$0.13B,$-0.01B,-4.76%,$-0.01B,$0.10B,-6.59%,$-0.01B,$0.00B,-48.98%,$-0.01B,$0.34B,-2.17%,$0.01B,$0.28B,5.34%,$34,$17,$17,$0,$8,$29,$5,$-5,$0,$0,$0,$0,$0,$9,$5,$18,18,$0.01,$0.01,$0,$20,$0,$47,$10,$0,$97,$0,$291,$338,$41,$184,$0,$201,$241,$0,$-1,$-12,$96,$338,$-9,$11,$8,$20,$4,$-1,$0,$1,$-1,$10,$-16,$-0,$-21,$0,$0,$0,$0,$-37,$24,$0,$24,$1,$1,$-0,$0,$26,$-3,$1,$-0
39,2008-12-31,1.7,$5.34,0.32,$8.87,0.19,$-2.11,0.0,$-0.29,0.0,$0.05B,$0.05B,1.07,$0.19B,$0.10B,1.94,$0.12B,$0.06B,45.45%,$0.12B,$0.01B,9.09%,$0.12B,$0.01B,9.09%,$0.12B,$0.02B,18.18%,$0.12B,$-0.01B,-9.92%,$0.12B,$-0.01B,-4.13%,$-0.01B,$0.10B,-5.93%,$-0.01B,$-0.00B,-34.48%,$-0.01B,$0.35B,-2.11%,$0.01B,$0.28B,5.80%,$43,$18,$24,$0,$15,$37,$5,$-9,$-3,$-1,$-2,$-2,$-1,$9,$5,$18,18,$-0.06,$-0.06,$0,$24,$0,$54,$9,$0,$99,$0,$294,$348,$51,$185,$0,$202,$253,$0,$-1,$-12,$95,$348,$-9,$7,$6,$13,$0,$-5,$0,$0,$1,$6,$-13,$-0,$-21,$0,$0,$0,$0,$-34,$26,$0,$26,$0,$0,$0,$0,$26,$-3,$0,$0
40,2008-09-30,6.3,$5.75,1.1,$8.75,0.72,$-2.38,0.0,$-0.14,0.0,$0.07B,$0.04B,1.72,$0.09B,$0.08B,1.1,$0.11B,$0.04B,38.89%,$0.11B,$0.01B,8.33%,$0.11B,$0.01B,8.33%,$0.11B,$0.02B,17.59%,$0.11B,$-0.01B,-6.48%,$0.11B,$-0.00B,-2.78%,$-0.00B,$0.08B,-3.91%,$-0.00B,$0.03B,-17.14%,$-0.00B,$0.21B,-1.57%,$0.01B,$0.17B,5.91%,$32,$18,$13,$0,$8,$30,$2,$-12,$-10,$-4,$-7,$-7,$-5,$5,$2,$14,14,$-0.36,$-0.36,$22,$23,$0,$66,$7,$0,$55,$1,$146,$213,$39,$88,$0,$95,$133,$0,$0,$-3,$79,$213,$-7,$3,$3,$6,$-6,$-5,$0,$-1,$1,$1,$-6,$0,$-1,$0,$0,$0,$0,$-7,$27,$0,$27,$0,$0,$0,$0,$27,$19,$0,$0
41,2008-06-30,5.5,$6.78,0.81,$8.05,0.68,$-2.20,0.0,$0.34,16.18,$0.04B,$0.03B,1.75,$0.08B,$0.09B,0.83,$0.10B,$0.04B,38.54%,$0.10B,$0.01B,8.33%,$0.10B,$0.01B,8.33%,$0.10B,$0.02B,16.67%,$0.10B,$0.01B,6.25%,$0.10B,$0.00B,4.17%,$0.00B,$0.09B,5.48%,$0.00B,$0.03B,27.12%,$0.00B,$0.21B,2.26%,$0.01B,$0.17B,5.77%,$17,$10,$6,$0,$4,$17,$0,$0,$0,$0,$0,$0,$0,$3,$0,$10,10,$0.02,$0.08,$3,$21,$0,$44,$8,$0,$66,$0,$164,$208,$25,$78,$0,$89,$114,$0,$5,$7,$94,$208,$4,$8,$-2,$6,$-1,$-7,$0,$2,$-2,$8,$-9,$-0,$-111,$0,$0,$0,$0,$-120,$22,$0,$22,$21,$21,$0,$2,$45,$-66,$1,$0
42,2008-03-31,7.07,$7.11,0.99,$6.45,1.1,$-2.09,0.0,$0.29,24.38,$0.04B,$0.03B,1.39,$0.07B,$0.07B,1.03,$0.12B,$0.05B,38.79%,$0.12B,$0.01B,11.21%,$0.12B,$0.01B,11.21%,$0.12B,$0.02B,15.52%,$0.12B,$0.01B,6.90%,$0.12B,$0.01B,6.03%,$0.01B,$0.07B,10.61%,$0.01B,$0.01B,29.79%,$0.01B,$0.18B,4.38%,$0.01B,$0.14B,10.77%,$29,$16,$12,$0,$6,$25,$4,$-2,$1,$0,$1,$1,$1,$5,$4,$10,11,$0.09,$0.08,$1,$21,$0,$42,$5,$0,$60,$0,$138,$180,$30,$71,$0,$81,$111,$0,$5,$4,$69,$180,$4,$5,$3,$8,$-8,$-10,$0,$-1,$-19,$-7,$-6,$-0,$-91,$0,$0,$0,$0,$-97,$34,$0,$34,$0,$0,$0,$2,$36,$-67,$0,$0
43,2007-12-31,9.08,$6.69,1.36,$3.86,2.35,$-0.92,0.0,$0.19,47.79,$0.04B,$0.03B,1.48,$0.07B,$0.07B,1.01,$0.11B,$0.04B,37.38%,$0.11B,$0.01B,9.35%,$0.11B,$0.01B,9.35%,$0.11B,$0.01B,13.08%,$0.11B,$0.01B,6.54%,$0.11B,$0.01B,5.61%,$0.01B,$0.07B,9.72%,$0.01B,$0.01B,17.52%,$0.01B,$0.17B,4.53%,$0.01B,$0.13B,10.13%,$30,$18,$11,$0,$6,$27,$3,$-1,$2,$1,$1,$1,$1,$6,$3,$10,13,$0.12,$0.09,$2,$17,$0,$37,$4,$0,$55,$0,$128,$165,$25,$65,$2,$75,$100,$0,$4,$1,$65,$165,$3,$4,$0,$4,$-6,$-11,$0,$-0,$-9,$-2,$-7,$-0,$-90,$0,$0,$0,$0,$-97,$24,$0,$24,$5,$5,$0,$2,$31,$-67,$0,$0
44,2007-09-30,8.0,$6.64,1.2,$1.60,5.01,$-0.22,0.0,$0.10,80.0,$0.04B,$0.03B,1.28,$0.05B,$0.06B,0.76,$0.08B,$0.03B,37.66%,$0.08B,$0.01B,9.09%,$0.08B,$0.01B,9.09%,$0.08B,$0.01B,10.39%,$0.08B,$0.01B,6.49%,$0.08B,$0.01B,6.49%,$0.01B,$0.06B,10.99%,$0.01B,$0.01B,15.63%,$0.01B,$0.16B,5.48%,$0.01B,$0.11B,10.57%,$20,$12,$8,$0,$5,$19,$1,$2,$3,$1,$2,$2,$2,$2,$1,$10,13,$0.17,$0.14,$15,$11,$0,$41,$5,$0,$50,$0,$113,$155,$32,$49,$2,$58,$90,$0,$3,$2,$64,$155,$2,$1,$-1,$-0,$-2,$-5,$0,$0,$1,$3,$-5,$0,$-72,$0,$0,$0,$0,$-77,$15,$0,$15,$5,$5,$0,$1,$21,$-53,$0,$0
45,2007-06-30,7.87,$6.28,1.25,0,0.0,0,0.0,$-0.02,0.0,$0.09B,$0.03B,3.43,$0.03B,$0.07B,0.51,$0.07B,$0.03B,36.99%,$0.07B,$0.01B,9.59%,$0.07B,$0.01B,9.59%,$0.07B,$0.01B,9.59%,$0.07B,$0.00B,2.74%,$0.07B,$0.00B,4.11%,$0.00B,$0.07B,7.06%,$0.00B,$0.06B,7.23%,$0.00B,$0.14B,4.32%,$0.01B,$0.10B,13.73%,$37,$23,$14,$0,$9,$32,$5,$-2,$2,$-0,$3,$3,$3,$5,$5,$0,0,$0.00,$0.00,$69,$5,$0,$88,$3,$0,$4,$3,$52,$140,$26,$34,$14,$48,$74,$12,$1,$1,$66,$140,$0,$3,$1,$3,$-5,$12,$0,$0,$5,$9,$-21,$-0,$-0,$0,$0,$0,$-0,$-22,$5,$0,$5,$9,$9,$0,$0,$13,$0,$0,$0
