,Date,Stock Price,Book Value per Share,Price to Book Ratio,TTM Sales per Share,Price to Sales Ratio,TTM FCF per Share,Price to FCF Ratio,TTM Net EPS,PE Ratio,Current Assets,Current Liabilities,Current Ratio,Long Term Debt,Shareholder's Equity_x,Debt to Equity Ratio,TTM Revenue_x,TTM Gross Profit,Gross Margin,TTM Revenue_y,TTM Operating Income,Operating Margin,TTM Revenue_x,TTM EBIT,EBIT Margin,TTM Revenue_y,TTM EBITDA,EBITDA Margin,TTM Revenue_x,TTM Pre-Tax Income,Pre-Tax Margin,TTM Revenue_y,TTM Net Income_x,Net Margin,TTM Net Income_y,Shareholder's Equity_y,Return on Equity,TTM Net Income_x,Tangible Equity,Return on Tangible Equity,TTM Net Income_y,Total Assets,Return on Assets,TTM Net Income,LT Investments & Debt,Return on Investment,revenue,cost-goods-sold,gross-profit,research-development-expenses,selling-general-administrative-expenses,operating-expenses,operating-income,total-non-operating-income-expense,pre-tax-income,total-provision-income-taxes,income-after-taxes,income-from-continuous-operations,net-income,ebitda,ebit,basic-shares-outstanding,shares-outstanding,eps-basic-net-earnings-per-share,eps-earnings-per-share-diluted,cash-on-hand,inventory,other-current-assets,total-current-assets,net-property-plant-equipment,long-term-investments,goodwill-intangible-assets-total,other-long-term-assets,total-long-term-assets,total-assets,total-current-liabilities,long-term-debt,other-non-current-liabilities,total-long-term-liabilities,total-liabilities,common-stock-net,retained-earnings-accumulated-deficit,comprehensive-income,total-share-holder-equity,total-liabilities-share-holders-equity,net-income-loss,total-depreciation-amortization-cash-flow,other-non-cash-items,total-non-cash-items,change-in-accounts-receivable,change-in-inventories,change-in-accounts-payable,change-in-assets-liabilities,total-change-in-assets-liabilities,cash-flow-from-operating-activities,net-change-in-property-plant-equipment,net-change-in-intangible-assets,net-acquisitions-divestitures,net-change-in-short-term-investments,net-change-in-long-term-investments,net-change-in-investments-total,investing-activities-other,cash-flow-from-investing-activities,net-long-term-debt,net-current-debt,debt-issuance-retirement-net-total,net-common-equity-issued-repurchased,net-total-equity-issued-repurchased,total-common-preferred-stock-dividends-paid,financial-activities-other,cash-flow-from-financial-activities,net-cash-flow,stock-based-compensation,common-stock-dividends-paid
0,2018-06-30,32.98,$14.55,2.27,$24.49,1.35,$-26.47,0.0,$3.73,8.84,$15.38B,$12.83B,1.2,$0.96B,$2.08B,0.46,$3.42B,$2.31B,67.42%,$3.42B,$0.77B,22.43%,$3.42B,0,0.00%,$3.42B,0,0.00%,$3.42B,$0.77B,22.43%,$3.42B,$0.50B,14.51%,$0.50B,$2.08B,24.88%,$0.50B,$2.03B,25.21%,$0.50B,$18.39B,2.96%,$0.77B,$3.04B,32.26%,$869,$283,$586,$0,$398,$693,$176,$0,$176,$51,$125,$125,$120,$0,$0,$143,143,$1.76,$1.76,$4101,$0,$0,$15381,$434,$1938,$47,$558,$3006,$18388,$12829,$963,$2511,$3482,$16311,$62,$374,$1,$2076,$18388,$370,$21,$246,$267,$-440,$0,$0,$-366,$-961,$-324,$-40,$0,$40,$0,$0,$0,$-31,$-31,$86,$216,$302,$0,$0,$-55,$520,$767,$1103,$0,$-55
1,2018-03-31,65.27,$16.50,3.96,$24.78,2.63,$-20.31,0.0,$3.63,17.98,$13.31B,$11.19B,1.19,$0.58B,$2.35B,0.24,$3.38B,$2.17B,64.22%,$3.38B,$0.72B,21.28%,$3.38B,0,0.00%,$3.38B,0,0.00%,$3.38B,$0.72B,21.28%,$3.38B,$0.46B,13.52%,$0.46B,$2.35B,25.75%,$0.46B,$2.30B,25.96%,$0.46B,$16.68B,2.91%,$0.72B,$2.93B,37.48%,$1016,$249,$767,$0,$527,$788,$227,$0,$227,$70,$157,$157,$153,$0,$0,$143,143,$1.07,$1.07,$2593,$0,$0,$13311,$504,$2232,$55,$544,$3365,$16676,$11189,$575,$2541,$3132,$14322,$73,$719,$0,$2354,$16676,$228,$12,$-870,$-858,$-113,$0,$0,$-296,$-452,$-1083,$-26,$0,$46,$0,$0,$0,$-45,$-25,$10,$-20,$-10,$0,$0,$0,$80,$70,$-899,$0,$0
2,2017-09-30,51.15,$14.47,3.53,$24.56,2.08,$-12.66,0.0,$3.28,15.6,$13.55B,$9.79B,1.39,$0.00B,$0.00B,0.0,$3.26B,$1.90B,58.28%,$3.26B,$0.64B,19.63%,$3.26B,0,0.00%,$3.26B,0,0.00%,$3.26B,$0.64B,19.63%,$3.26B,$0.40B,12.21%,$0.40B,$2.04B,27.22%,$0.40B,$2.04B,27.23%,$0.40B,$15.92B,2.71%,$0.64B,$2.04B,43.78%,$856,$278,$578,$0,$369,$663,$193,$0,$193,$76,$117,$117,$117,$0,$0,$141,141,$0.91,$0.91,$2097,$0,$0,$13553,$245,$1870,$0,$247,$2362,$15915,$9789,$0,$4085,$4085,$13874,$0,$0,$0,$2041,$15915,$0,$0,$-393,$-393,$-465,$0,$0,$0,$-592,$-944,$-35,$0,$0,$0,$0,$0,$-13,$-47,$-77,$-20,$-97,$560,$560,$-19,$65,$508,$-339,$0,$-19
3,2017-06-30,42.32,$11.55,3.66,$23.19,1.83,$6.75,6.27,$3.33,12.71,$13.74B,$10.36B,1.33,$0.00B,$0.00B,0.0,$3.01B,$1.26B,41.94%,$3.01B,$-0.33B,-10.82%,$3.01B,0,0.00%,$3.01B,0,0.00%,$3.01B,$0.71B,23.39%,$3.01B,$0.42B,13.80%,$0.42B,$1.50B,30.91%,$0.42B,$1.50B,30.93%,$0.42B,$16.15B,2.75%,$-0.33B,$1.50B,-24.22%,$678,$304,$374,$0,$186,$507,$171,$0,$171,$65,$106,$106,$106,$0,$0,$130,130,$0.90,$0.90,$2127,$0,$0,$13738,$203,$1899,$0,$313,$2415,$16152,$10362,$0,$4288,$4288,$14650,$0,$0,$0,$1502,$16152,$0,$0,$-557,$-557,$-533,$0,$0,$0,$-625,$-1169,$-28,$0,$0,$0,$0,$0,$-12,$-40,$-60,$41,$-19,$0,$0,$-21,$25,$-16,$-1124,$0,$-21
4,2016-06-30,30.23,$9.24,3.27,$23.76,1.27,$20.01,1.51,$3.49,8.66,$11.48B,$8.59B,1.34,$0.00B,$0.00B,0.0,$3.04B,$1.24B,40.63%,$3.04B,$-0.55B,-17.99%,$3.04B,0,0.00%,$3.04B,0,0.00%,$3.04B,$0.73B,23.85%,$3.04B,$0.43B,14.14%,$0.43B,$1.20B,32.37%,$0.43B,$1.20B,33.74%,$0.43B,$14.07B,2.91%,$-0.55B,$1.20B,-30.53%,$829,$379,$451,$0,$305,$701,$128,$0,$128,$47,$81,$81,$81,$0,$0,$130,130,$0.75,$0.75,$2002,$0,$0,$11477,$172,$2102,$1,$319,$2593,$14069,$8588,$0,$4280,$4280,$12869,$0,$0,$0,$1201,$14069,$0,$0,$347,$347,$234,$0,$0,$0,$150,$500,$-31,$0,$0,$0,$0,$0,$-15,$-46,$90,$-7,$83,$0,$0,$-14,$20,$89,$717,$0,$-14
5,2016-03-31,27.92,$8.49,3.29,$22.47,1.24,$16.88,1.65,$3.56,7.84,$10.02B,$7.77B,1.29,$0.00B,$0.00B,0.0,$2.87B,$1.09B,38.06%,$2.87B,$-0.75B,-26.18%,$2.87B,0,0.00%,$2.87B,0,0.00%,$2.87B,$0.75B,26.11%,$2.87B,$0.45B,15.56%,$0.45B,$1.10B,32.74%,$0.45B,$1.10B,35.50%,$0.45B,$12.58B,2.99%,$-0.75B,$1.10B,-31.23%,$897,$401,$497,$0,$331,$749,$148,$0,$148,$54,$94,$94,$94,$0,$0,$130,130,$0.72,$0.72,$1388,$0,$0,$10021,$151,$2103,$1,$301,$2555,$12577,$7772,$0,$3701,$3701,$11473,$0,$0,$0,$1104,$12577,$0,$0,$-119,$-119,$155,$0,$0,$0,$130,$-7,$-8,$0,$0,$0,$0,$0,$-5,$-14,$33,$-40,$-7,$0,$0,$0,$-9,$-16,$98,$0,$0
6,2015-12-31,26.72,$0.00,0.0,$22.89,1.17,$12.88,2.08,$3.69,7.24,$15.22B,$11.25B,1.35,$0.00B,$0.00B,0.0,$2.85B,$1.15B,40.32%,$2.85B,$-0.72B,-25.43%,$2.85B,0,0.00%,$2.85B,0,0.00%,$2.85B,$0.78B,27.29%,$2.85B,$0.46B,15.98%,$0.46B,$1.58B,32.22%,$0.46B,$1.58B,36.30%,$0.46B,$17.60B,3.01%,$-0.72B,$1.58B,-24.99%,$610,$668,$-58,$0,$688,$1383,$-773,$0,$258,$105,$153,$135,$135,$0,$0,$130,130,$1.04,$1.04,$3356,$0,$0,$15216,$0,$1695,$2,$464,$2161,$17604,$11247,$0,$4780,$4780,$16027,$0,$0,$0,$1576,$17604,$0,$0,$0,$0,$0,$0,$0,$0,$-1602,$1701,$-81,$0,$0,$0,$0,$0,$-42,$-122,$0,$-170,$10,$0,$0,$-15,$8,$-166,$2168,$0,$0
7,2015-09-30,17.58,$0.00,0.0,$19.47,0.9,$7.29,2.41,$3.49,5.04,$13.43B,$8.92B,1.51,$1.85B,$1.43B,1.29,$2.40B,$0.94B,39.12%,$2.40B,$-0.60B,-24.76%,$2.40B,0,0.00%,$2.40B,0,0.00%,$2.40B,$0.59B,24.43%,$2.40B,$0.43B,17.85%,$0.43B,$1.43B,33.08%,$0.43B,$1.22B,39.62%,$0.43B,$14.77B,3.14%,$-0.60B,$3.29B,-21.39%,$704,$359,$345,$0,$372,$754,$-50,$0,$191,$71,$120,$120,$120,$0,$0,$122,122,$0.98,$0.98,$3737,$0,$0,$13429,$0,$556,$212,$355,$1124,$14774,$8919,$1853,$2462,$4422,$13341,$141,$335,$0,$1433,$14774,$0,$0,$0,$0,$0,$0,$0,$0,$0,$563,$-70,$0,$0,$0,$0,$1,$-34,$-103,$0,$12,$-81,$0,$0,$-15,$42,$-42,$418,$0,$0
8,2015-06-30,18.54,$0.00,0.0,$20.16,0.92,$5.59,3.31,$3.38,5.49,$12.97B,$8.67B,1.5,$2.32B,$1.35B,1.72,$2.54B,$1.15B,45.42%,$2.54B,$-0.35B,-13.73%,$2.54B,0,0.00%,$2.54B,0,0.00%,$2.54B,$0.58B,22.79%,$2.54B,$0.42B,16.61%,$0.42B,$1.35B,34.54%,$0.42B,$1.14B,41.81%,$0.42B,$14.76B,3.25%,$-0.35B,$3.67B,-13.38%,$661,$352,$309,$0,$364,$738,$-77,$0,$153,$55,$98,$98,$98,$0,$0,$130,130,$0.82,$0.82,$3414,$0,$0,$12972,$0,$918,$209,$476,$1604,$14756,$8666,$2317,$2326,$4742,$13408,$145,$213,$0,$1348,$14756,$-329,$0,$0,$0,$0,$0,$0,$0,$0,$78,$-17,$0,$0,$0,$0,$1,$-21,$-37,$0,$108,$0,$0,$0,$-15,$-35,$58,$145,$0,$0
9,2015-03-31,22.78,$0.00,0.0,$19.88,1.15,$8.85,2.57,$3.22,7.07,$12.22B,$7.98B,1.53,$1.77B,$1.29B,1.37,$2.51B,$1.13B,45.07%,$2.51B,$-0.34B,-13.69%,$2.51B,0,0.00%,$2.51B,0,0.00%,$2.51B,$0.56B,22.44%,$2.51B,$0.41B,16.37%,$0.41B,$1.29B,35.75%,$0.41B,$1.08B,43.77%,$0.41B,$13.41B,3.33%,$-0.34B,$3.06B,-14.47%,$872,$320,$552,$0,$355,$696,$176,$0,$175,$74,$102,$102,$102,$0,$0,$119,119,$0.85,$0.85,$3081,$0,$0,$12215,$0,$439,$211,$362,$1012,$13411,$7984,$1771,$2265,$4135,$12119,$150,$495,$0,$1292,$13411,$-348,$0,$0,$0,$0,$0,$0,$0,$0,$-490,$0,$0,$-19,$0,$0,$0,$0,$-19,$0,$-48,$0,$0,$0,$0,$94,$46,$-437,$0,$0
10,2014-12-31,15.63,$0.00,0.0,$18.83,0.83,$12.97,1.21,$3.16,4.95,$10.03B,$8.08B,1.24,$0.00B,$1.04B,0.0,$2.45B,$1.06B,43.41%,$2.45B,$-0.38B,-15.31%,$2.45B,0,0.00%,$2.45B,0,0.00%,$2.45B,$0.58B,23.72%,$2.45B,$0.41B,16.78%,$0.41B,$1.12B,37.97%,$0.41B,$0.89B,44.42%,$0.41B,$11.68B,3.44%,$-0.38B,$1.12B,-19.49%,$166,$432,$-266,$0,$368,$810,$-644,$0,$68,$17,$50,$109,$109,$0,$0,$130,130,$0.84,$0.84,$1846,$0,$0,$10026,$0,$17,$223,$345,$585,$11679,$8080,$0,$2435,$2435,$10564,$161,$0,$0,$1115,$13296,$1961,$0,$0,$0,$0,$0,$0,$0,$0,$929,$-35,$0,$0,$0,$0,$-6,$-20,$-61,$0,$-35,$-43,$0,$0,$-6,$-75,$-159,$896,$0,$0
11,2014-09-30,13.98,$0.00,0.0,$22.00,0.64,$10.81,1.29,$3.24,4.32,$11.34B,$7.28B,1.56,$1.46B,$1.13B,1.29,$2.84B,$1.83B,64.49%,$2.84B,$0.98B,34.39%,$2.84B,0,0.00%,$2.84B,0,0.00%,$2.84B,$0.45B,15.68%,$2.84B,$0.42B,14.66%,$0.42B,$1.13B,37.11%,$0.42B,$0.93B,43.61%,$0.42B,$12.17B,3.24%,$0.98B,$2.59B,40.83%,$842,$283,$559,$0,$347,$646,$196,$0,$183,$75,$108,$113,$113,$0,$0,$130,130,$0.87,$0.87,$3077,$0,$0,$11338,$0,$158,$206,$288,$652,$12168,$7280,$1457,$2212,$3756,$11036,$157,$297,$0,$1132,$12168,$-413,$0,$0,$0,$0,$0,$0,$0,$0,$313,$-6,$0,$0,$0,$0,$-10,$-16,$-32,$0,$81,$-42,$0,$0,$-6,$-28,$5,$472,$0,$0
12,2014-06-30,14.41,$0.00,0.0,$22.01,0.65,$9.95,1.45,$3.10,4.65,$11.23B,$7.31B,1.54,$1.67B,$1.05B,1.59,$2.81B,$1.79B,63.63%,$2.81B,$0.91B,32.31%,$2.81B,0,0.00%,$2.81B,0,0.00%,$2.81B,$0.44B,15.60%,$2.81B,$0.39B,14.04%,$0.39B,$1.05B,35.41%,$0.39B,$0.85B,42.07%,$0.39B,$11.99B,2.98%,$0.91B,$2.72B,37.33%,$625,$341,$284,$0,$340,$696,$-71,$0,$136,$50,$86,$86,$86,$0,$0,$130,130,$0.66,$0.66,$3109,$0,$0,$11228,$0,$7,$201,$371,$579,$11985,$7310,$1668,$1877,$3627,$10937,$162,$599,$0,$1048,$11985,$-242,$0,$0,$0,$0,$0,$0,$0,$-97,$509,$-24,$0,$0,$0,$0,$0,$0,$-24,$0,$0,$0,$0,$0,$0,$29,$29,$673,$0,$0
13,2014-03-31,12.08,$0.00,0.0,$21.85,0.55,$3.83,3.15,$3.00,4.03,$10.24B,$10.10B,1.02,$0.24B,$0.00B,0.0,$2.76B,$1.82B,65.78%,$2.76B,$0.85B,30.92%,$2.76B,0,0.00%,$2.76B,0,0.00%,$2.76B,$0.42B,15.37%,$2.76B,$0.38B,13.66%,$0.38B,$1.04B,33.83%,$0.38B,$1.04B,40.59%,$0.38B,$11.93B,2.77%,$0.85B,$1.28B,35.09%,$816,$329,$486,$0,$327,$672,$144,$0,$194,$74,$119,$103,$103,$0,$0,$130,130,$0.79,$0.79,$2796,$0,$0,$10244,$0,$13,$0,$1255,$1267,$11934,$10095,$242,$477,$804,$10899,$0,$0,$0,$1035,$11934,$0,$0,$0,$0,$0,$0,$0,$0,$0,$0,$0,$0,$0,$0,$0,$0,$0,$0,$0,$0,$0,$0,$0,$0,$0,$0,$0,$0,$0
14,2013-12-31,10.25,$0.00,0.0,$19.42,0.53,$3.57,2.87,$2.69,3.81,$14.40B,$9.50B,1.52,$1.72B,$1.28B,1.34,$2.42B,$1.55B,64.24%,$2.42B,$0.42B,17.20%,$2.42B,0,0.00%,$2.42B,0,0.00%,$2.42B,$0.33B,13.72%,$2.42B,$0.33B,13.81%,$0.33B,$1.28B,29.98%,$0.33B,$1.02B,38.37%,$0.33B,$15.32B,2.41%,$0.42B,$3.00B,15.06%,$561,$56,$505,$0,$-191,$-148,$709,$0,$-67,$-18,$-49,$115,$115,$0,$0,$124,126,$0.93,$0.92,$3048,$0,$0,$14402,$0,$99,$264,$295,$658,$15317,$9500,$1719,$2819,$4538,$14038,$240,$336,$0,$1280,$15317,$0,$0,$0,$0,$0,$0,$0,$0,$0,$642,$-48,$0,$0,$0,$0,$-7,$-26,$-81,$0,$0,$56,$0,$0,$-6,$28,$78,$829,$0,$0
15,2013-09-30,9.33,$0.00,0.0,$16.41,0.57,$1.41,6.64,$2.36,3.95,$12.65B,$8.51B,1.49,$1.64B,$0.00B,0.0,$2.04B,$1.13B,55.20%,$2.04B,$-0.29B,-14.43%,$2.04B,0,0.00%,$2.04B,0,0.00%,$2.04B,$0.51B,25.22%,$2.04B,$0.29B,14.38%,$0.29B,$1.09B,27.56%,$0.29B,$0.85B,35.52%,$0.29B,$13.61B,2.16%,$-0.29B,$2.73B,-9.40%,$805,$294,$511,$0,$368,$680,$125,$0,$175,$57,$118,$90,$90,$0,$0,$124,124,$0.73,$0.73,$2715,$0,$0,$12654,$0,$183,$241,$300,$724,$13607,$8513,$1639,$2214,$4007,$12519,$0,$0,$0,$1088,$13607,$0,$0,$0,$0,$0,$0,$0,$0,$0,$217,$-31,$0,$0,$0,$0,$-1,$-19,$-51,$0,$80,$61,$0,$0,$-6,$0,$135,$396,$0,$0
16,2013-06-30,5.03,$0.00,0.0,$14.31,0.35,$-0.10,0.0,$2.21,2.28,$12.38B,$8.48B,1.46,$1.67B,$0.00B,0.0,$1.78B,$1.00B,55.96%,$1.78B,$-0.49B,-27.50%,$1.78B,0,0.00%,$1.78B,0,0.00%,$1.78B,$0.46B,26.10%,$1.78B,$0.28B,15.47%,$0.28B,$1.06B,34.77%,$0.28B,$0.82B,44.84%,$0.28B,$13.54B,2.71%,$-0.49B,$2.72B,-19.99%,$577,$264,$313,$0,$418,$701,$-125,$0,$122,$52,$69,$69,$69,$0,$0,$124,124,$0.56,$0.56,$2309,$0,$0,$12379,$0,$188,$238,$496,$923,$13540,$8483,$1665,$2187,$4002,$12485,$0,$0,$0,$1055,$13540,$0,$0,$0,$0,$0,$0,$0,$0,$0,$-275,$-22,$0,$0,$0,$0,$-2,$-8,$-31,$0,$50,$69,$0,$0,$-3,$27,$143,$-109,$0,$0
17,2013-03-31,5.36,$0.00,0.0,$15.51,0.35,$2.64,2.03,$2.24,2.39,$11.95B,$8.20B,1.46,$1.57B,$0.00B,0.0,$1.93B,$1.21B,62.64%,$1.93B,$-0.48B,-24.70%,$1.93B,0,0.00%,$1.93B,0,0.00%,$1.93B,$0.46B,23.82%,$1.93B,$0.28B,14.53%,$0.28B,$1.03B,36.76%,$0.28B,$0.80B,47.20%,$0.28B,$13.08B,2.83%,$-0.48B,$2.60B,-23.11%,$476,$251,$225,$0,$499,$769,$-293,$0,$102,$43,$60,$60,$60,$0,$0,$124,124,$0.48,$0.48,$2328,$0,$0,$11950,$0,$166,$232,$490,$888,$13082,$8195,$1569,$2133,$3853,$12048,$0,$0,$0,$1034,$13082,$0,$0,$0,$0,$0,$0,$0,$0,$0,$-22,$-10,$0,$0,$0,$0,$-0,$-4,$-14,$0,$-36,$35,$0,$0,$0,$16,$16,$6,$0,$0
18,2012-12-31,6.45,$0.00,0.0,$15.74,0.41,$3.76,1.72,$2.28,2.83,$12.05B,$9.34B,1.29,$3.39B,$1.08B,3.15,$1.96B,$1.28B,65.63%,$1.96B,$-0.31B,-15.65%,$1.96B,0,0.00%,$1.96B,0,0.00%,$1.96B,$0.47B,23.99%,$1.96B,$0.29B,14.58%,$0.29B,$1.08B,39.34%,$0.29B,$0.83B,50.35%,$0.29B,$14.01B,2.93%,$-0.31B,$4.46B,-18.13%,$180,$103,$76,$0,$124,$181,$-1,$0,$115,$41,$75,$74,$74,$0,$0,$124,124,$0.59,$0.59,$2643,$0,$0,$12048,$0,$17,$242,$1442,$1701,$14012,$9342,$3387,$53,$3594,$12936,$274,$295,$0,$1075,$14012,$0,$0,$0,$0,$0,$0,$0,$0,$0,$370,$-53,$0,$0,$0,$0,$-4,$-11,$-68,$0,$0,$54,$0,$0,$-7,$-195,$-149,$238,$0,$0
19,2012-09-30,5.64,$0.00,0.0,$18.44,0.31,$1.78,3.17,$2.29,2.46,$0.00B,$0.00B,0.0,$0.00B,$0.00B,0.0,$2.29B,$1.66B,72.53%,$2.29B,$-0.42B,-18.43%,$2.29B,0,0.00%,$2.29B,0,0.00%,$2.29B,$0.51B,22.40%,$2.29B,$0.29B,12.49%,$0.29B,$0.00B,40.65%,$0.29B,$0.00B,50.96%,$0.29B,$0.00B,3.07%,$-0.42B,$0.00B,-47.94%,$545,$163,$381,$0,$434,$614,$-70,$0,$125,$46,$79,$72,$72,$0,$0,$124,124,$0.58,$0.58,$0,$0,$0,$0,$0,$0,$0,$0,$0,$0,$0,$0,$0,$0,$0,$0,$0,$0,$0,$0,$0,$0,$0,$0,$0,$0,$0,$0,$0,$0,$0,$0,$0,$0,$0,$0,$0,$0,$0,$0,$0,$0,$0,$0,$0,$0,$0,$0,$0
20,2012-06-30,4.53,$0.00,0.0,$18.57,0.24,$1.89,2.4,$2.24,2.02,$10.39B,$7.55B,1.38,$0.24B,$0.94B,0.25,$2.31B,$1.70B,73.77%,$2.31B,$-0.23B,-9.78%,$2.31B,0,0.00%,$2.31B,0,0.00%,$2.31B,$0.50B,21.69%,$2.31B,$0.28B,12.12%,$0.28B,$0.94B,31.26%,$0.28B,$0.74B,39.02%,$0.28B,$12.45B,2.31%,$-0.23B,$1.18B,-21.07%,$726,$201,$525,$0,$621,$839,$-112,$0,$117,$40,$77,$74,$74,$0,$0,$124,124,$0.59,$0.59,$2674,$0,$0,$10389,$0,$15,$201,$1605,$1821,$12451,$7552,$238,$3585,$3961,$11513,$280,$140,$0,$938,$12451,$0,$0,$0,$0,$0,$0,$0,$0,$0,$62,$-18,$0,$0,$0,$0,$-1,$1,$-18,$0,$-3,$30,$0,$0,$-8,$22,$42,$116,$0,$0
21,2012-03-31,6.23,$0.00,0.0,$16.94,0.37,$1.87,3.34,$2.15,2.9,$10.27B,$11.10B,0.93,$0.23B,$0.89B,0.26,$2.10B,$1.56B,74.58%,$2.10B,$-0.03B,-1.19%,$2.10B,0,0.00%,$2.10B,0,0.00%,$2.10B,$0.47B,22.56%,$2.10B,$0.27B,12.73%,$0.27B,$0.89B,31.77%,$0.27B,$0.69B,39.28%,$0.27B,$12.40B,2.27%,$-0.03B,$1.12B,-2.61%,$504,$203,$301,$0,$407,$627,$-123,$0,$112,$47,$65,$65,$65,$0,$0,$124,124,$0.52,$0.52,$2859,$0,$0,$10267,$0,$12,$192,$1683,$1887,$12395,$11102,$231,$45,$408,$11510,$287,$321,$0,$885,$12395,$0,$0,$0,$0,$0,$0,$0,$0,$0,$111,$-5,$0,$0,$0,$0,$-1,$0,$-5,$0,$-37,$0,$0,$0,$0,$-15,$-52,$139,$0,$0
22,2011-12-31,5.74,$0.00,0.0,$17.00,0.34,$0.71,8.06,$2.09,2.75,$10.33B,$10.70B,0.97,$0.24B,$0.99B,0.24,$2.10B,$1.66B,79.04%,$2.10B,$0.17B,8.27%,$2.10B,0,0.00%,$2.10B,0,0.00%,$2.10B,$0.45B,21.44%,$2.10B,$0.26B,12.31%,$0.26B,$0.99B,32.88%,$0.26B,$0.82B,40.20%,$0.26B,$12.43B,2.34%,$0.17B,$1.23B,20.53%,$515,$61,$454,$0,$554,$633,$-117,$0,$159,$75,$85,$75,$75,$0,$0,$124,124,$0.60,$0.60,$2829,$0,$0,$10332,$0,$14,$175,$1657,$1846,$12430,$10698,$239,$501,$740,$11439,$301,$269,$0,$991,$12430,$0,$0,$0,$0,$0,$0,$0,$0,$0,$111,$-40,$0,$0,$0,$0,$-4,$-23,$-66,$0,$0,$482,$0,$0,$-11,$105,$576,$686,$0,$0
23,2011-09-30,8.02,$0.00,0.0,$17.59,0.46,$1.19,6.76,$1.88,4.27,$8.47B,$6.89B,1.23,$0.00B,$0.00B,0.0,$2.18B,$1.74B,80.11%,$2.18B,$0.44B,20.35%,$2.18B,0,0.00%,$2.18B,0,0.00%,$2.18B,$0.36B,16.58%,$2.18B,$0.23B,10.66%,$0.23B,$0.77B,32.10%,$0.23B,$0.63B,39.04%,$0.23B,$11.13B,2.26%,$0.44B,$0.77B,34.36%,$565,$141,$424,$0,$285,$439,$126,$0,$113,$47,$66,$66,$66,$0,$0,$125,125,$0.53,$0.53,$1661,$0,$0,$8472,$0,$919,$144,$1355,$2418,$11129,$6888,$0,$3357,$3472,$10360,$0,$0,$0,$769,$11129,$0,$0,$0,$0,$0,$0,$0,$0,$0,$38,$-24,$0,$0,$0,$0,$-3,$-19,$-46,$0,$0,$0,$0,$0,$-11,$425,$414,$454,$0,$0
24,2011-06-30,13.11,$0.00,0.0,$16.11,0.81,$1.07,12.2,$1.65,7.95,$7.76B,$6.93B,1.12,$0.00B,$0.00B,0.0,$1.93B,$1.58B,81.87%,$1.93B,$0.34B,17.66%,$1.93B,0,0.00%,$1.93B,0,0.00%,$1.93B,$0.30B,15.38%,$1.93B,$0.20B,10.23%,$0.20B,$0.72B,29.15%,$0.20B,$0.59B,33.78%,$0.20B,$11.00B,2.08%,$0.34B,$0.72B,27.37%,$513,$128,$385,$0,$285,$424,$89,$0,$89,$28,$61,$61,$61,$0,$0,$122,122,$0.50,$0.50,$1361,$0,$0,$7758,$0,$1298,$130,$1579,$3008,$11002,$6932,$0,$3247,$3354,$10286,$0,$0,$0,$717,$11002,$0,$0,$0,$0,$0,$0,$0,$0,$0,$55,$-15,$0,$0,$0,$0,$-1,$-16,$-32,$0,$0,$0,$0,$0,$-9,$433,$424,$473,$0,$0
25,2011-03-31,11.99,$0.00,0.0,$14.41,0.83,$4.17,2.87,$1.25,9.59,$7.12B,$6.23B,1.14,$0.00B,$0.00B,0.0,$1.71B,$1.41B,82.30%,$1.71B,$0.28B,16.24%,$1.71B,0,0.00%,$1.71B,0,0.00%,$1.71B,$0.23B,13.67%,$1.71B,$0.15B,8.64%,$0.15B,$0.67B,23.30%,$0.15B,$0.55B,27.17%,$0.15B,$9.72B,1.70%,$0.28B,$0.67B,23.13%,$511,$111,$400,$0,$313,$434,$76,$0,$90,$33,$57,$57,$57,$0,$0,$124,124,$0.46,$0.46,$1323,$0,$0,$7115,$0,$833,$123,$1411,$2367,$9719,$6228,$0,$2712,$2817,$9045,$0,$0,$0,$674,$9719,$0,$0,$0,$0,$0,$0,$0,$0,$0,$-30,$-7,$0,$0,$0,$0,$0,$-9,$-15,$0,$0,$0,$0,$0,$0,$120,$120,$95,$0,$0
26,2010-12-31,14.77,$0.00,0.0,$12.50,1.18,$6.33,2.33,$0.89,16.6,$8.18B,$6.12B,1.34,$2.27B,$0.73B,3.1,$1.50B,$1.22B,81.45%,$1.50B,$0.19B,12.68%,$1.50B,0,0.00%,$1.50B,0,0.00%,$1.50B,$0.17B,11.41%,$1.50B,$0.10B,6.94%,$0.10B,$0.73B,17.22%,$0.10B,$0.62B,20.48%,$0.10B,$9.16B,1.28%,$0.19B,$3.00B,16.23%,$588,$54,$535,$0,$297,$436,$152,$0,$69,$21,$48,$48,$48,$0,$0,$124,124,$0.39,$0.39,$1465,$0,$0,$8180,$0,$580,$116,$36,$732,$9156,$6116,$2266,$42,$2308,$8424,$318,$105,$0,$731,$9156,$105,$111,$0,$111,$0,$0,$0,$0,$2,$224,$-94,$0,$-57,$0,$0,$-570,$0,$-721,$0,$117,$-254,$0,$0,$-3,$1126,$986,$517,$0,$0
27,2010-09-30,9.63,$0.00,0.0,$10.84,0.89,$7.91,1.22,$0.61,15.79,$7.34B,$5.07B,1.45,$0.00B,$0.00B,0.0,$1.29B,$1.00B,77.23%,$1.29B,$0.00B,0.15%,$1.29B,0,0.00%,$1.29B,0,0.00%,$1.29B,$0.12B,9.60%,$1.29B,$0.07B,5.34%,$0.07B,$0.58B,11.92%,$0.07B,$0.58B,14.59%,$0.07B,$8.05B,0.89%,$0.00B,$0.58B,0.19%,$313,$56,$256,$0,$224,$290,$23,$0,$48,$17,$31,$31,$31,$0,$0,$103,103,$0.30,$0.30,$2073,$0,$0,$7338,$0,$12,$0,$328,$340,$8053,$5073,$0,$2308,$2398,$7472,$0,$0,$0,$581,$8053,$0,$0,$0,$0,$0,$0,$0,$0,$0,$0,$0,$0,$0,$0,$0,$0,$0,$0,$0,$0,$0,$0,$0,$0,$0,$0,$0,$0,$0
28,2010-06-30,5.5,$0.00,0.0,$12.92,0.43,$14.72,0.37,$0.53,10.38,$5.44B,$4.95B,1.1,$0.00B,$0.00B,0.0,$1.27B,$0.94B,74.15%,$1.27B,$0.00B,0.24%,$1.27B,0,0.00%,$1.27B,0,0.00%,$1.27B,$0.10B,7.91%,$1.27B,$0.05B,3.95%,$0.05B,$0.56B,8.85%,$0.05B,$0.43B,11.86%,$0.05B,$7.87B,0.67%,$0.00B,$0.56B,0.29%,$300,$81,$218,$0,$183,$273,$27,$0,$27,$15,$12,$12,$12,$0,$0,$119,119,$0.10,$0.10,$1063,$0,$0,$5443,$0,$912,$124,$1160,$2196,$7871,$4950,$0,$2282,$2366,$7316,$0,$0,$0,$555,$7871,$0,$0,$0,$0,$0,$0,$0,$0,$543,$417,$-8,$0,$0,$0,$0,$-86,$25,$-69,$0,$0,$0,$0,$0,$-0,$-98,$-98,$268,$0,$0
29,2010-03-31,5.74,$0.00,0.0,$18.09,0.32,$19.24,0.3,$0.73,7.86,$4.76B,$4.86B,0.98,$0.00B,$0.00B,0.0,$1.22B,$0.91B,74.49%,$1.22B,$-0.01B,-0.57%,$1.22B,0,0.00%,$1.22B,0,0.00%,$1.22B,$0.09B,7.30%,$1.22B,$0.05B,3.94%,$0.05B,$0.55B,8.61%,$0.05B,$0.40B,11.80%,$0.05B,$7.50B,0.67%,$-0.01B,$0.55B,-0.67%,$298,$86,$212,$0,$216,$311,$-12,$0,$27,$13,$14,$13,$13,$0,$0,$135,135,$0.10,$0.10,$1081,$0,$0,$4757,$0,$1061,$147,$1306,$2513,$7504,$4859,$0,$2018,$2096,$6955,$0,$0,$0,$549,$7504,$0,$0,$0,$0,$0,$0,$0,$0,$116,$255,$-4,$0,$0,$0,$0,$-0,$-1,$-5,$0,$0,$0,$0,$0,$0,$-121,$-121,$140,$0,$0
30,2009-12-31,5.56,$0.00,0.0,$23.34,0.24,$14.58,0.38,$1.37,4.06,$6.00B,$4.82B,1.24,$1.94B,$0.63B,3.08,$1.18B,$0.85B,71.88%,$1.18B,$0.04B,3.38%,$1.18B,0,0.00%,$1.18B,0,0.00%,$1.18B,$0.10B,8.78%,$1.18B,$0.06B,5.15%,$0.06B,$0.63B,10.96%,$0.06B,$0.48B,15.15%,$0.06B,$7.43B,0.86%,$0.04B,$2.57B,3.22%,$380,$69,$311,$0,$306,$416,$-36,$0,$22,$9,$12,$13,$13,$0,$0,$123,123,$0.11,$0.11,$1067,$0,$0,$6002,$0,$998,$154,$35,$1187,$7431,$4824,$1942,$35,$1977,$6800,$334,$62,$0,$630,$7431,$62,$65,$0,$65,$0,$0,$0,$0,$254,$394,$-70,$0,$0,$0,$0,$-341,$0,$-411,$0,$-86,$-156,$0,$0,$-3,$385,$139,$170,$0,$0
31,2009-09-30,4.54,$0.00,0.0,$23.96,0.19,$15.17,0.3,$1.34,3.39,$4.12B,$4.29B,0.96,$0.00B,$0.00B,0.0,$1.26B,$0.84B,66.88%,$1.26B,$0.10B,7.69%,$1.26B,0,0.00%,$1.26B,0,0.00%,$1.26B,$0.10B,7.61%,$1.26B,$0.06B,4.60%,$0.06B,$0.53B,10.62%,$0.06B,$0.38B,15.05%,$0.06B,$6.90B,0.81%,$0.10B,$0.53B,12.65%,$287,$91,$197,$0,$165,$263,$24,$0,$24,$11,$13,$12,$12,$0,$0,$56,56,$0.22,$0.22,$1143,$0,$0,$4121,$0,$1031,$150,$1363,$2544,$6900,$4288,$0,$2016,$2087,$6375,$0,$0,$0,$525,$6900,$0,$0,$0,$0,$0,$0,$0,$0,$454,$389,$-6,$0,$0,$0,$0,$-1,$-5,$-13,$0,$0,$0,$0,$0,$-1,$-154,$-154,$265,$0,$0
32,2009-06-30,3.17,$0.00,0.0,$18.85,0.17,$8.35,0.38,$1.12,2.83,$4.11B,$4.17B,0.99,$0.00B,$0.00B,0.0,$1.27B,$0.86B,67.88%,$1.27B,$0.10B,8.13%,$1.27B,0,0.00%,$1.27B,0,0.00%,$1.27B,$0.10B,8.05%,$1.27B,$0.07B,5.37%,$0.07B,$0.53B,12.08%,$0.07B,$0.37B,15.46%,$0.07B,$6.96B,0.91%,$0.10B,$0.53B,13.15%,$254,$66,$188,$0,$163,$237,$17,$0,$16,$7,$10,$10,$10,$0,$0,$33,33,$0.30,$0.30,$1190,$0,$0,$4112,$0,$747,$153,$1701,$2601,$6956,$4170,$0,$2189,$2259,$6430,$0,$0,$0,$526,$6956,$0,$0,$0,$0,$0,$0,$0,$0,$316,$268,$-6,$0,$0,$0,$0,$-1,$-6,$-13,$0,$0,$0,$0,$0,$-0,$-106,$-106,$191,$0,$0
33,2009-03-31,1.73,$0.00,0.0,$12.76,0.14,$0.41,4.2,$1.16,1.49,$3.97B,$5.28B,0.75,$0.80B,$0.00B,0.0,$1.08B,$0.68B,62.77%,$1.08B,$-0.08B,-7.80%,$1.08B,0,0.00%,$1.08B,0,0.00%,$1.08B,$0.11B,9.75%,$1.08B,$0.07B,6.69%,$0.07B,$0.55B,12.63%,$0.07B,$0.39B,14.83%,$0.07B,$7.01B,0.95%,$-0.08B,$1.35B,-10.62%,$263,$108,$155,$0,$111,$228,$35,$0,$42,$15,$26,$26,$26,$0,$0,$35,35,$0.74,$0.74,$970,$0,$0,$3967,$0,$821,$158,$1815,$2794,$7014,$5278,$803,$314,$1190,$6468,$0,$0,$0,$546,$7014,$0,$0,$0,$0,$0,$0,$0,$0,$0,$-94,$-5,$0,$0,$0,$0,$-0,$-6,$-11,$0,$-55,$-57,$0,$0,$-7,$0,$-118,$-192,$0,$0
34,2008-12-31,2.18,$0.00,0.0,$7.53,0.29,$3.02,0.72,$0.51,4.28,$4.94B,$4.50B,1.1,$0.08B,$0.00B,0.0,$1.09B,$0.71B,65.29%,$1.09B,$-0.10B,-9.34%,$1.09B,0,0.00%,$1.09B,0,0.00%,$1.09B,$0.08B,7.33%,$1.09B,$0.06B,5.31%,$0.06B,$0.59B,10.21%,$0.06B,$0.41B,11.94%,$0.06B,$7.87B,0.75%,$-0.10B,$0.67B,-16.74%,$458,$154,$304,$0,$270,$437,$21,$0,$14,$4,$9,$10,$10,$0,$0,$124,124,$0.08,$0.08,$1220,$0,$0,$4939,$0,$365,$180,$2104,$2650,$7866,$4499,$79,$2623,$2780,$7279,$0,$0,$0,$587,$7866,$0,$0,$0,$0,$0,$0,$0,$0,$0,$428,$-31,$0,$0,$0,$0,$2,$-19,$-49,$0,$80,$-180,$0,$0,$-0,$48,$-53,$327,$0,$0
35,2008-09-30,4.51,$0.00,0.0,$7.40,0.61,$6.84,0.66,$0.55,8.19,$6.92B,$4.69B,1.48,$0.00B,$0.00B,0.0,$1.08B,$0.64B,59.48%,$1.08B,$-0.11B,-9.85%,$1.08B,0,0.00%,$1.08B,0,0.00%,$1.08B,$0.08B,7.71%,$1.08B,$0.06B,5.76%,$0.06B,$0.59B,11.18%,$0.06B,$0.59B,12.89%,$0.06B,$8.06B,0.82%,$-0.11B,$0.59B,-12.91%,$292,$78,$213,$0,$175,$261,$30,$0,$30,$8,$22,$22,$22,$0,$0,$0,0,$0.00,$0.00,$1445,$0,$0,$6924,$0,$28,$0,$636,$663,$8061,$4685,$0,$2707,$2784,$7469,$0,$0,$0,$592,$8061,$0,$0,$0,$0,$0,$0,$0,$0,$0,$0,$0,$0,$0,$0,$0,$0,$0,$0,$0,$0,$0,$0,$0,$0,$0,$0,$0,$0,$0
36,2008-06-30,4.78,$0.00,0.0,$8.46,0.56,$18.07,0.26,$0.57,8.38,$6.43B,$4.65B,1.38,$0.00B,$0.00B,0.0,$0.91B,$0.50B,54.86%,$0.91B,$-0.20B,-21.74%,$0.91B,0,0.00%,$0.91B,0,0.00%,$0.91B,$0.06B,6.84%,$0.91B,$0.04B,4.64%,$0.04B,$0.56B,7.85%,$0.04B,$0.56B,9.83%,$0.04B,$7.47B,0.57%,$-0.20B,$0.56B,-24.12%,$64,$60,$4,$0,$166,$234,$-170,$0,$19,$5,$14,$14,$14,$0,$0,$40,40,$0.34,$0.34,$1368,$0,$0,$6430,$0,$14,$0,$573,$587,$7466,$4649,$0,$2188,$2261,$6910,$0,$0,$0,$556,$7466,$0,$0,$0,$0,$0,$0,$0,$0,$0,$0,$0,$0,$0,$0,$0,$0,$0,$0,$0,$0,$0,$0,$0,$0,$0,$0,$0,$0,$0
37,2008-03-31,6.39,$0.00,0.0,$7.63,0.84,$18.07,0.35,$0.26,24.57,$4.08B,$4.44B,0.92,$0.09B,$0.00B,0.0,$0.94B,$0.54B,57.66%,$0.94B,$-0.09B,-9.47%,$0.94B,0,0.00%,$0.94B,0,0.00%,$0.94B,$0.05B,5.64%,$0.94B,$0.03B,3.40%,$0.03B,$0.54B,6.08%,$0.03B,$0.39B,8.36%,$0.03B,$7.55B,0.45%,$-0.09B,$0.62B,-10.92%,$278,$87,$192,$0,$172,$261,$17,$0,$17,$6,$12,$12,$12,$0,$0,$125,125,$0.09,$0.09,$248,$0,$0,$4082,$0,$592,$149,$2485,$3225,$7547,$4441,$86,$2411,$2568,$7009,$0,$0,$0,$538,$7547,$0,$0,$0,$0,$0,$0,$0,$0,$0,$-18,$-5,$0,$0,$0,$0,$-0,$-5,$-10,$0,$23,$0,$0,$0,$-0,$-35,$-12,$-40,$0,$0
38,2007-12-31,7.31,$0.00,0.0,$6.50,1.12,$18.25,0.4,$0.12,60.95,$6.17B,$5.57B,1.11,$0.98B,$0.00B,0.0,$0.80B,$0.39B,49.43%,$0.80B,$-0.19B,-23.40%,$0.80B,0,0.00%,$0.80B,0,0.00%,$0.80B,$0.04B,4.91%,$0.80B,$0.01B,1.76%,$0.01B,$0.53B,2.69%,$0.01B,$0.39B,3.73%,$0.01B,$7.35B,0.20%,$-0.19B,$1.51B,-23.13%,$442,$211,$231,$0,$189,$425,$17,$0,$17,$2,$14,$14,$14,$0,$0,$124,124,$0.12,$0.12,$966,$0,$0,$6173,$0,$546,$144,$248,$939,$7351,$5574,$981,$193,$1244,$6818,$0,$0,$0,$533,$7351,$0,$0,$0,$0,$0,$0,$0,$0,$0,$893,$-23,$0,$0,$0,$0,$-1,$-23,$-47,$0,$5,$-337,$0,$0,$-2,$-906,$-1240,$-393,$0,$0
39,2007-09-30,7.64,$0.00,0.0,$4.13,1.85,$21.75,0.35,$-0.24,0.0,$3.67B,$4.09B,0.9,$0.06B,$0.00B,0.0,$0.50B,$0.17B,34.73%,$0.50B,$-0.34B,-67.27%,$0.50B,0,0.00%,$0.50B,0,0.00%,$0.50B,$-0.00B,-0.80%,$0.50B,$-0.03B,-5.99%,$-0.03B,$0.51B,-5.78%,$-0.03B,$0.38B,-8.12%,$-0.03B,$6.94B,-0.42%,$-0.34B,$0.58B,-52.33%,$122,$52,$70,$0,$128,$183,$-61,$0,$9,$7,$2,$2,$2,$0,$0,$115,115,$0.02,$0.02,$214,$0,$0,$3669,$0,$714,$137,$2209,$3060,$6944,$4092,$62,$2215,$2339,$6431,$0,$0,$0,$514,$6944,$0,$0,$0,$0,$0,$0,$0,$0,$0,$1305,$-14,$0,$0,$0,$0,$-1,$-18,$-32,$0,$-15,$0,$0,$0,$-1,$-1199,$-1216,$57,$0,$0
40,2007-06-30,9.25,$0.00,0.0,$3.94,2.35,$10.52,0.88,$-0.17,0.0,$3.43B,$4.08B,0.84,$0.03B,$0.00B,0.0,$0.49B,$0.16B,32.03%,$0.49B,$-0.31B,-64.27%,$0.49B,0,0.00%,$0.49B,0,0.00%,$0.49B,$0.01B,1.23%,$0.49B,$-0.02B,-4.31%,$-0.02B,$0.52B,-3.97%,$-0.02B,$0.38B,-5.63%,$-0.02B,$6.92B,-0.28%,$-0.31B,$0.55B,-47.26%,$98,$49,$49,$0,$111,$160,$-62,$0,$10,$6,$4,$4,$4,$0,$0,$126,126,$0.03,$0.03,$239,$0,$0,$3430,$0,$1119,$143,$2005,$3266,$6915,$4079,$29,$2229,$2315,$6394,$0,$0,$0,$521,$6915,$0,$0,$0,$0,$0,$0,$0,$0,$0,$0,$0,$0,$0,$0,$0,$0,$0,$0,$0,$0,$0,$0,$0,$0,$0,$0,$0,$0,$0
41,2007-03-31,10.05,$0.00,0.0,$4.04,2.49,$10.52,0.96,$-0.06,0.0,$3.62B,$3.86B,0.94,$0.07B,$0.00B,0.0,$0.50B,$0.17B,34.41%,$0.50B,$-0.27B,-54.93%,$0.50B,0,0.00%,$0.50B,0,0.00%,$0.50B,$0.03B,5.23%,$0.50B,$-0.01B,-1.41%,$-0.01B,$0.51B,-1.31%,$-0.01B,$0.36B,-1.86%,$-0.01B,$6.84B,-0.09%,$-0.27B,$0.58B,-40.04%,$133,$90,$43,$0,$123,$213,$-80,$0,$3,$8,$-6,$-6,$-6,$0,$0,$121,121,$-0.05,$-0.05,$192,$0,$0,$3618,$0,$740,$153,$2169,$3062,$6844,$3861,$65,$2350,$2469,$6330,$0,$0,$0,$514,$6844,$0,$0,$0,$0,$0,$0,$0,$0,$0,$0,$0,$0,$0,$0,$0,$0,$0,$0,$0,$0,$0,$0,$0,$0,$0,$0,$0,$0,$0
42,2006-12-31,9.22,$0.00,0.0,$3.05,3.02,$10.52,0.88,$-0.01,0.0,$5.20B,$3.91B,1.33,$0.35B,$0.53B,0.66,$0.53B,$0.22B,41.92%,$0.53B,$-0.19B,-36.09%,$0.53B,0,0.00%,$0.53B,0,0.00%,$0.53B,$0.02B,4.51%,$0.53B,$-0.01B,-1.13%,$-0.01B,$0.53B,-1.11%,$-0.01B,$0.36B,-1.58%,$-0.01B,$7.73B,-0.07%,$-0.19B,$0.87B,-27.56%,$148,$136,$12,$0,$146,$282,$-134,$0,$-26,$4,$-30,$-30,$-30,$0,$0,$125,125,$-0.24,$-0.24,$1793,$0,$0,$5201,$0,$491,$164,$1712,$2367,$7728,$3910,$346,$2891,$3292,$7202,$0,$-6,$0,$526,$7728,$-6,$30,$0,$30,$0,$0,$0,$0,$1052,$1370,$-60,$0,$0,$0,$0,$102,$-579,$-536,$0,$-956,$-88,$0,$0,$-2,$619,$-426,$410,$0,$0
