,Date,Stock Price,Book Value per Share,Price to Book Ratio,TTM Sales per Share,Price to Sales Ratio,TTM FCF per Share,Price to FCF Ratio,TTM Net EPS,PE Ratio,Current Assets,Current Liabilities,Current Ratio,Long Term Debt,Shareholder's Equity_x,Debt to Equity Ratio,TTM Revenue_x,TTM Gross Profit,Gross Margin,TTM Revenue_y,TTM Operating Income,Operating Margin,TTM Revenue_x,TTM EBIT,EBIT Margin,TTM Revenue_y,TTM EBITDA,EBITDA Margin,TTM Revenue_x,TTM Pre-Tax Income,Pre-Tax Margin,TTM Revenue_y,TTM Net Income_x,Net Margin,TTM Net Income_y,Shareholder's Equity_y,Return on Equity,TTM Net Income_x,Tangible Equity,Return on Tangible Equity,TTM Net Income_y,Total Assets,Return on Assets,TTM Net Income,LT Investments & Debt,Return on Investment,revenue,cost-goods-sold,gross-profit,research-development-expenses,selling-general-administrative-expenses,operating-expenses,operating-income,total-non-operating-income-expense,pre-tax-income,total-provision-income-taxes,income-after-taxes,income-from-continuous-operations,net-income,ebitda,ebit,basic-shares-outstanding,shares-outstanding,eps-basic-net-earnings-per-share,eps-earnings-per-share-diluted,cash-on-hand,inventory,other-current-assets,total-current-assets,net-property-plant-equipment,long-term-investments,goodwill-intangible-assets-total,other-long-term-assets,total-long-term-assets,total-assets,total-current-liabilities,long-term-debt,other-non-current-liabilities,total-long-term-liabilities,total-liabilities,common-stock-net,retained-earnings-accumulated-deficit,comprehensive-income,total-share-holder-equity,total-liabilities-share-holders-equity,net-income-loss,total-depreciation-amortization-cash-flow,other-non-cash-items,total-non-cash-items,change-in-accounts-receivable,change-in-inventories,change-in-accounts-payable,change-in-assets-liabilities,total-change-in-assets-liabilities,cash-flow-from-operating-activities,net-change-in-property-plant-equipment,net-change-in-intangible-assets,net-acquisitions-divestitures,net-change-in-short-term-investments,net-change-in-long-term-investments,net-change-in-investments-total,investing-activities-other,cash-flow-from-investing-activities,net-long-term-debt,net-current-debt,debt-issuance-retirement-net-total,net-common-equity-issued-repurchased,net-total-equity-issued-repurchased,total-common-preferred-stock-dividends-paid,financial-activities-other,cash-flow-from-financial-activities,net-cash-flow,stock-based-compensation,common-stock-dividends-paid
0,2018-06-30,63.32,$18.52,3.42,$30.43,2.08,$8.06,7.86,$2.85,22.22,$2.48B,$2.52B,0.99,$1.20B,$5.22B,0.23,$8.92B,$7.47B,83.81%,$8.92B,$1.28B,14.33%,$8.92B,$1.28B,14.33%,$8.92B,$1.59B,17.77%,$8.92B,$1.09B,12.26%,$8.92B,$0.83B,9.34%,$0.83B,$5.22B,16.23%,$0.83B,$-1.16B,-70.73%,$0.83B,$9.42B,8.94%,$1.28B,$6.41B,20.11%,$2279,$1940,$339,$0,$0,$1947,$332,$-31,$301,$77,$223,$223,$223,$481,$332,$283,288,$0.79,$0.78,$140,$779,$290,$2477,$299,$93,$6373,$74,$6943,$9420,$2515,$1196,$243,$1690,$4205,$1570,$3207,$277,$5215,$9420,$657,$226,$-21,$204,$-40,$-27,$0,$-34,$32,$894,$-78,$-113,$-192,$0,$-5,$-5,$0,$-388,$-45,$-45,$-90,$-416,$-416,$0,$0,$-506,$4,$0,$0
1,2018-03-31,57.64,$19.01,3.03,$29.52,1.95,$7.51,7.68,$2.76,20.88,$2.61B,$2.65B,0.99,$1.17B,$5.43B,0.22,$8.75B,$7.43B,84.95%,$8.75B,$1.24B,14.18%,$8.75B,$1.24B,14.18%,$8.75B,$1.47B,16.78%,$8.75B,$1.07B,12.28%,$8.75B,$0.82B,9.33%,$0.82B,$5.43B,16.12%,$0.82B,$-1.16B,-73.10%,$0.82B,$9.78B,8.90%,$1.24B,$6.60B,19.72%,$2334,$1998,$336,$0,$0,$2007,$327,$-35,$291,$74,$217,$217,$217,$330,$327,$286,291,$0.76,$0.74,$235,$814,$346,$2609,$317,$87,$6591,$71,$7173,$9782,$2645,$1172,$267,$1710,$4354,$1658,$3268,$348,$5428,$9782,$217,$77,$-3,$73,$109,$-37,$0,$-38,$46,$337,$-29,$-43,$-4,$0,$-1,$-1,$0,$-78,$-15,$-56,$-71,$-160,$-160,$0,$0,$-231,$38,$0,$0
2,2017-12-31,54.33,$17.92,3.03,$28.28,1.92,$8.10,6.71,$2.70,20.12,$2.51B,$2.53B,0.99,$1.20B,$5.16B,0.23,$8.47B,$7.40B,87.27%,$8.47B,$1.21B,14.30%,$8.47B,$1.21B,14.30%,$8.47B,$1.51B,17.78%,$8.47B,$1.07B,12.59%,$8.47B,$0.81B,9.51%,$0.81B,$5.16B,16.40%,$0.81B,$-1.18B,-75.29%,$0.81B,$9.41B,9.06%,$1.21B,$6.35B,19.63%,$2217,$1897,$320,$0,$0,$1909,$307,$-39,$268,$44,$224,$224,$224,$381,$307,$287,292,$0.78,$0.77,$199,$744,$311,$2513,$308,$80,$6335,$69,$6897,$9409,$2530,$1195,$244,$1723,$4253,$1627,$3210,$169,$5157,$9409,$224,$73,$-28,$45,$-69,$0,$0,$21,$53,$323,$-24,$-32,$-157,$0,$-4,$-4,$0,$-216,$-17,$-33,$-50,$-0,$-0,$0,$0,$-50,$57,$0,$0
3,2017-09-30,51.87,$16.46,3.15,$27.16,1.91,$7.85,6.61,$2.60,19.95,$2.18B,$2.06B,1.06,$1.33B,$4.73B,0.28,$8.26B,$7.37B,89.26%,$8.26B,$1.20B,14.55%,$8.26B,$1.20B,14.55%,$8.26B,$1.49B,18.02%,$8.26B,$1.08B,13.07%,$8.26B,$0.79B,9.54%,$0.79B,$4.73B,16.36%,$0.79B,$-1.21B,-76.86%,$0.79B,$8.68B,9.05%,$1.20B,$6.05B,19.70%,$2088,$-4391,$6479,$0,$0,$1776,$312,$-79,$233,$64,$169,$169,$169,$393,$312,$298,303,$0.57,$0.57,$133,$703,$239,$2181,$302,$85,$5936,$65,$6500,$8680,$2058,$1325,$256,$1898,$3956,$1565,$2890,$121,$4725,$8680,$789,$287,$70,$358,$-125,$-6,$0,$65,$-111,$1035,$-83,$-154,$-216,$0,$2,$2,$0,$-451,$-145,$152,$8,$-909,$-909,$0,$0,$-901,$-328,$0,$0
4,2017-06-30,51.07,$16.70,3.06,$38.70,1.32,$8.88,5.75,$2.72,18.78,$2.38B,$2.09B,1.14,$1.24B,$4.94B,0.25,$11.94B,$10.54B,88.31%,$11.94B,$1.75B,14.63%,$11.94B,$1.75B,14.63%,$11.94B,$2.16B,18.11%,$11.94B,$1.65B,13.82%,$11.94B,$1.21B,10.12%,$1.21B,$4.94B,22.25%,$1.21B,$-0.91B,-114.83%,$1.21B,$8.80B,12.35%,$1.75B,$6.18B,25.46%,$2110,$1812,$297,$0,$0,$1814,$295,$-13,$282,$76,$206,$206,$206,$364,$295,$296,301,$0.70,$0.68,$235,$749,$314,$2382,$307,$96,$5851,$62,$6418,$8800,$2092,$1236,$223,$1768,$3860,$1627,$2982,$196,$4940,$8800,$615,$206,$59,$265,$-102,$-54,$0,$34,$-131,$749,$-60,$-116,$-186,$0,$-5,$-5,$0,$-367,$-131,$0,$-131,$-471,$-471,$0,$0,$-602,$-218,$0,$0
5,2017-03-31,47.93,$16.31,2.94,$38.39,1.25,$8.65,5.54,$2.72,17.62,$2.27B,$2.07B,1.1,$1.28B,$4.84B,0.27,$11.90B,$10.55B,88.65%,$11.90B,$1.75B,14.73%,$11.90B,$1.75B,14.73%,$11.90B,$2.19B,18.37%,$11.90B,$1.66B,13.93%,$11.90B,$1.21B,10.20%,$1.21B,$4.84B,22.57%,$1.21B,$-0.98B,-109.54%,$1.21B,$8.71B,12.39%,$1.75B,$6.13B,25.66%,$2059,$1760,$299,$0,$0,$1761,$298,$-14,$284,$77,$207,$207,$207,$369,$298,$298,304,$0.70,$0.68,$228,$698,$309,$2273,$321,$122,$5822,$65,$6436,$8709,$2073,$1284,$210,$1794,$3867,$1653,$2882,$177,$4842,$8709,$416,$138,$38,$176,$-66,$7,$0,$13,$-50,$541,$-42,$-79,$-114,$0,$-5,$-5,$0,$-240,$-122,$0,$-122,$-414,$-414,$0,$0,$-536,$-238,$0,$0
6,2016-12-31,48.03,$15.83,3.03,$38.00,1.26,$8.16,5.89,$2.70,17.79,$2.26B,$2.08B,1.09,$1.29B,$4.76B,0.27,$11.84B,$10.53B,88.95%,$11.84B,$1.74B,14.70%,$11.84B,$1.74B,14.70%,$11.84B,$2.17B,18.36%,$11.84B,$1.64B,13.86%,$11.84B,$1.21B,10.24%,$1.21B,$4.76B,23.07%,$1.21B,$-1.00B,-102.69%,$1.21B,$8.64B,12.50%,$1.74B,$6.05B,25.86%,$2004,$1705,$299,$0,$0,$1708,$297,$-16,$281,$74,$206,$206,$206,$363,$297,$303,309,$0.68,$0.67,$251,$675,$298,$2264,$327,$116,$5760,$61,$6378,$8642,$2083,$1290,$199,$1795,$3879,$1656,$2832,$149,$4763,$8642,$206,$67,$33,$99,$-99,$24,$0,$-3,$-44,$262,$-23,$-37,$-113,$0,$-3,$-3,$0,$-176,$-90,$0,$-90,$-205,$-205,$0,$0,$-295,$-212,$0,$0
7,2016-09-30,47.63,$23.52,2.02,$37.88,1.26,$8.09,5.89,$2.59,18.39,$3.55B,$3.08B,1.15,$1.91B,$7.17B,0.27,$11.85B,$10.52B,88.81%,$11.85B,$1.73B,14.62%,$11.85B,$1.73B,14.62%,$11.85B,$2.18B,18.36%,$11.85B,$1.61B,13.59%,$11.85B,$1.19B,10.00%,$1.19B,$7.17B,22.47%,$1.19B,$-1.32B,-96.89%,$1.19B,$12.97B,12.07%,$1.73B,$9.08B,25.62%,$5764,$-3883,$9647,$0,$0,$4908,$856,$-53,$803,$215,$589,$589,$589,$1066,$856,$305,313,$1.93,$1.88,$686,$1038,$410,$3553,$487,$144,$8490,$96,$9417,$12970,$3082,$1907,$367,$2718,$5800,$2434,$4191,$337,$7171,$12970,$1185,$444,$147,$590,$-40,$-114,$0,$-173,$-297,$1479,$-172,$-226,$-43,$0,$17,$17,$0,$-425,$-203,$0,$-203,$-510,$-510,$0,$-27,$-739,$323,$0,$0
8,2016-06-30,42.71,$15.58,2.74,$25.85,1.65,$7.03,6.08,$2.47,17.29,$2.31B,$2.25B,1.03,$1.33B,$4.74B,0.28,$8.07B,$7.48B,92.70%,$8.07B,$1.17B,14.53%,$8.07B,$1.17B,14.53%,$8.07B,$1.49B,18.52%,$8.07B,$1.05B,13.04%,$8.07B,$0.77B,9.60%,$0.77B,$4.74B,16.39%,$0.77B,$-1.14B,-61.27%,$0.77B,$8.87B,8.62%,$1.17B,$6.07B,19.14%,$2070,$1768,$302,$0,$0,$1768,$302,$-13,$289,$77,$212,$212,$212,$388,$302,$302,309,$0.71,$0.69,$236,$724,$299,$2314,$346,$120,$5872,$63,$6559,$8873,$2248,$1332,$262,$1889,$4137,$1688,$2719,$198,$4735,$8873,$616,$234,$70,$304,$-79,$-84,$0,$-65,$-198,$723,$-89,$-113,$-30,$0,$14,$14,$0,$-218,$-129,$0,$-129,$-368,$-368,$0,$-19,$-516,$-17,$0,$0
9,2016-03-31,47.78,$14.42,3.31,$25.60,1.87,$6.73,7.1,$2.43,19.66,$2.03B,$2.08B,0.98,$1.37B,$4.36B,0.31,$8.08B,$7.47B,92.55%,$8.08B,$1.17B,14.49%,$8.08B,$1.17B,14.49%,$8.08B,$1.49B,18.46%,$8.08B,$1.05B,12.98%,$8.08B,$0.77B,9.55%,$0.77B,$4.36B,16.35%,$0.77B,$-1.27B,907.06%,$0.77B,$8.32B,8.53%,$1.17B,$5.73B,19.05%,$2005,$1719,$286,$0,$0,$1719,$286,$-18,$268,$62,$206,$206,$206,$357,$286,$306,314,$0.68,$0.66,$139,$686,$264,$2031,$337,$97,$5636,$60,$6292,$8324,$2078,$1365,$273,$1882,$3960,$1568,$2355,$315,$4363,$8324,$379,$148,$32,$179,$-17,$-71,$0,$-33,$-136,$423,$-59,$-65,$-28,$0,$13,$13,$0,$-140,$-114,$109,$-4,$-362,$-362,$0,$-18,$-384,$-99,$0,$0
10,2015-12-31,40.03,$15.50,2.58,$25.91,1.55,$7.00,5.71,$2.42,16.54,$2.42B,$2.38B,1.02,$1.36B,$4.83B,0.28,$8.23B,$7.55B,91.67%,$8.23B,$1.24B,15.11%,$8.23B,$1.24B,15.11%,$8.23B,$1.57B,19.12%,$8.23B,$1.05B,12.80%,$8.23B,$0.77B,9.40%,$0.77B,$4.83B,16.33%,$0.77B,$-1.16B,8600.00%,$0.77B,$9.09B,8.44%,$1.24B,$6.19B,19.94%,$2011,$1722,$289,$0,$0,$1722,$289,$-38,$251,$73,$178,$178,$178,$365,$289,$308,316,$0.58,$0.56,$437,$685,$292,$2420,$350,$99,$5989,$61,$6671,$9091,$2378,$1364,$261,$1887,$4265,$1727,$2464,$512,$4825,$9091,$178,$76,$37,$114,$-41,$-18,$0,$-39,$-46,$246,$-23,$-31,$-3,$0,$-6,$-6,$0,$-63,$-2,$0,$-2,$1,$1,$0,$0,$-1,$185,$0,$0
11,2015-09-30,36.21,$0.00,0.0,$25.92,1.4,$7.15,5.06,$2.45,14.78,$2.42B,$2.54B,0.95,$1.55B,$4.97B,0.31,$8.26B,$7.37B,89.13%,$8.26B,$1.06B,12.84%,$8.26B,$1.06B,12.84%,$8.26B,$1.41B,17.05%,$8.26B,$1.09B,13.13%,$8.26B,$0.79B,9.51%,$0.79B,$4.97B,16.79%,$0.79B,$-1.48B,-573.72%,$0.79B,$9.63B,8.40%,$1.06B,$6.52B,16.68%,$1979,$-4620,$6599,$0,$5963,$1684,$295,$-51,$244,$66,$178,$178,$178,$384,$295,$309,309,$0.57,$0.56,$271,$713,$537,$2422,$914,$100,$6447,$57,$7732,$9626,$2538,$1549,$433,$2121,$4659,$1841,$2497,$0,$4967,$9626,$798,$346,$0,$346,$0,$0,$0,$0,$-165,$1053,$-89,$0,$0,$0,$0,$-4,$-117,$-210,$0,$0,$-736,$0,$-229,$0,$-99,$-1065,$-188,$0,$0
12,2015-06-30,39.08,$0.00,0.0,$26.39,1.48,$6.95,5.62,$2.48,15.76,$2.25B,$2.41B,0.93,$1.43B,$4.71B,0.3,$8.48B,$1.07B,12.61%,$8.48B,$1.07B,12.61%,$8.48B,$1.07B,12.61%,$8.48B,$1.43B,16.87%,$8.48B,$1.10B,13.01%,$8.48B,$0.80B,9.40%,$0.80B,$4.71B,17.35%,$0.80B,$4.26B,-276.98%,$0.80B,$9.10B,8.34%,$1.07B,$6.14B,16.49%,$2081,$1781,$300,$0,$0,$1781,$300,$-16,$285,$76,$209,$209,$209,$385,$300,$323,323,$0.65,$0.65,$236,$741,$406,$2247,$0,$95,$454,$5720,$6484,$9102,$2412,$1431,$417,$1980,$4392,$1860,$2458,$0,$4710,$9102,$606,$257,$0,$257,$0,$0,$0,$0,$-239,$682,$-115,$0,$0,$0,$0,$-7,$-23,$-145,$0,$0,$-667,$0,$-76,$0,$-19,$-763,$-220,$0,$0
13,2015-03-31,42.45,$0.00,0.0,$27.67,1.53,$7.01,6.06,$2.48,17.12,$2.07B,$2.18B,0.95,$1.65B,$4.46B,0.37,$8.86B,$1.11B,12.48%,$8.86B,$1.11B,12.48%,$8.86B,$1.11B,12.48%,$8.86B,$1.48B,16.75%,$8.86B,$1.10B,12.37%,$8.86B,$0.80B,8.98%,$0.80B,$4.46B,17.63%,$0.80B,$-1.58B,-41.28%,$0.80B,$8.88B,8.09%,$1.11B,$6.11B,17.01%,$2163,$1803,$360,$0,$0,$1803,$360,$-25,$274,$71,$203,$209,$209,$440,$360,$323,323,$0.65,$0.65,$202,$685,$376,$2065,$0,$97,$6035,$59,$6425,$8878,$2176,$1650,$474,$2243,$4418,$1856,$2298,$0,$4459,$8878,$394,$173,$0,$173,$0,$0,$0,$0,$-85,$504,$-42,$0,$0,$0,$0,$-1,$-52,$-96,$0,$0,$-618,$0,$25,$0,$-79,$-672,$-252,$0,$0
14,2014-12-31,38.16,$0.00,0.0,$28.74,1.33,$6.51,5.86,$2.49,15.33,$2.52B,$2.47B,1.02,$2.08B,$4.60B,0.45,$9.16B,$1.04B,11.33%,$9.16B,$1.04B,11.33%,$9.16B,$1.04B,11.33%,$9.16B,$1.44B,15.69%,$9.16B,$1.09B,11.86%,$9.16B,$0.80B,8.70%,$0.80B,$4.60B,17.86%,$0.80B,$-1.75B,-36.51%,$0.80B,$9.84B,7.78%,$1.04B,$6.67B,15.83%,$2040,$1934,$106,$0,$0,$1934,$106,$-22,$282,$74,$208,$190,$190,$200,$106,$320,320,$0.59,$0.59,$442,$684,$420,$2518,$0,$0,$6343,$288,$6899,$9840,$2466,$2077,$556,$2778,$5245,$1996,$2283,$0,$4595,$9840,$208,$93,$0,$93,$0,$0,$0,$0,$-26,$299,$-27,$0,$0,$0,$0,$-3,$-26,$-56,$0,$0,$24,$0,$-10,$0,$-299,$-285,$-41,$0,$0
15,2014-09-30,33.77,$0.00,0.0,$29.83,1.13,$5.71,5.91,$2.44,13.84,$2.65B,$2.57B,1.03,$2.40B,$4.61B,0.52,$9.50B,$1.06B,11.11%,$9.50B,$1.06B,11.11%,$9.50B,$1.06B,11.11%,$9.50B,$1.47B,15.43%,$9.50B,$1.05B,11.01%,$9.50B,$0.78B,8.19%,$0.78B,$4.61B,17.93%,$0.78B,$-2.08B,-31.53%,$0.78B,$10.39B,7.35%,$1.06B,$7.02B,16.17%,$2193,$1890,$303,$0,$0,$1890,$303,$-133,$262,$64,$198,$189,$189,$405,$303,$320,320,$0.59,$0.59,$504,$747,$442,$2651,$0,$0,$6695,$291,$7285,$10386,$2568,$2403,$658,$3205,$5774,$2077,$2178,$0,$4612,$10386,$795,$411,$0,$411,$0,$0,$0,$0,$-215,$1086,$-155,$0,$0,$0,$0,$-8,$-134,$-297,$0,$0,$-285,$0,$-63,$0,$-35,$-383,$397,$0,$0
16,2014-06-30,35.48,$0.00,0.0,$30.31,1.17,$4.87,7.29,$2.27,15.63,$2.51B,$3.18B,0.79,$1.82B,$4.39B,0.41,$9.65B,$1.11B,11.53%,$9.65B,$1.11B,11.53%,$9.65B,$1.11B,11.53%,$9.65B,$1.54B,15.94%,$9.65B,$1.02B,10.52%,$9.65B,$0.72B,7.50%,$0.72B,$4.39B,17.27%,$0.72B,$-2.31B,-26.81%,$0.72B,$10.24B,6.77%,$1.11B,$6.21B,17.53%,$2465,$2128,$337,$0,$0,$2128,$337,$-39,$278,$72,$206,$208,$208,$439,$337,$319,319,$0.65,$0.65,$120,$823,$447,$2505,$0,$0,$6696,$292,$7294,$10235,$3181,$1817,$715,$2664,$5845,$2042,$1964,$0,$4390,$10235,$592,$308,$0,$308,$0,$0,$0,$0,$-262,$699,$-121,$0,$0,$0,$0,$0,$-113,$-234,$0,$89,$0,$0,$0,$0,$-512,$-423,$23,$0,$0
17,2014-03-31,30.92,$0.00,0.0,$30.43,1.02,$4.28,7.22,$2.17,14.25,$2.59B,$3.19B,0.81,$2.07B,$4.26B,0.49,$9.68B,$1.05B,10.82%,$9.68B,$1.05B,10.82%,$9.68B,$1.05B,10.82%,$9.68B,$1.47B,15.19%,$9.68B,$0.94B,9.75%,$9.68B,$0.69B,7.11%,$0.69B,$4.26B,16.98%,$0.69B,$-2.60B,-23.75%,$0.69B,$10.49B,6.35%,$1.05B,$6.33B,16.44%,$2460,$2168,$292,$0,$0,$2168,$292,$-23,$264,$54,$210,$210,$210,$393,$292,$317,317,$0.66,$0.66,$121,$884,$436,$2586,$0,$0,$6850,$266,$7461,$10493,$3186,$2073,$850,$3052,$6238,$1994,$1740,$0,$4256,$10493,$382,$207,$0,$207,$0,$0,$0,$0,$-222,$378,$-84,$0,$0,$0,$0,$-8,$-62,$-153,$0,$0,$0,$0,$-96,$0,$-93,$-189,$25,$0,$0
18,2013-12-31,33.46,$0.00,0.0,$30.55,1.1,$4.25,7.87,$1.87,17.89,$3.19B,$3.68B,0.87,$2.45B,$4.10B,0.6,$9.71B,$0.92B,9.43%,$9.71B,$0.92B,9.43%,$9.71B,$0.92B,9.43%,$9.71B,$1.33B,13.74%,$9.71B,$0.83B,8.54%,$9.71B,$0.59B,6.09%,$0.59B,$4.10B,15.15%,$0.59B,$-2.89B,-19.52%,$0.59B,$11.25B,5.43%,$0.92B,$6.55B,14.18%,$2377,$2254,$123,$0,$0,$2254,$123,$-27,$241,$60,$181,$171,$171,$228,$123,$319,319,$0.54,$0.54,$197,$964,$627,$3185,$0,$0,$6984,$256,$7604,$11253,$3681,$2448,$878,$3473,$7154,$2090,$1616,$0,$4099,$11253,$181,$105,$0,$105,$0,$0,$0,$0,$-233,$63,$-48,$0,$0,$0,$0,$-8,$-25,$-81,$0,$204,$11,$0,$-97,$0,$0,$119,$95,$0,$0
19,2013-09-30,35.1,$0.00,0.0,$31.09,1.13,$4.80,7.32,$1.40,25.07,$2.64B,$3.43B,0.77,$2.30B,$4.00B,0.58,$9.85B,$0.97B,9.85%,$9.85B,$0.97B,9.85%,$9.85B,$0.97B,9.85%,$9.85B,$1.40B,14.20%,$9.85B,$0.62B,6.28%,$9.85B,$0.44B,4.49%,$0.44B,$4.00B,11.76%,$0.44B,$-3.00B,-14.11%,$0.44B,$10.72B,4.10%,$0.97B,$6.30B,14.98%,$2344,$1984,$360,$0,$0,$1984,$360,$-148,$232,$93,$139,$134,$134,$478,$360,$319,319,$0.42,$0.42,$105,$899,$453,$2644,$0,$0,$6998,$247,$7608,$10720,$3431,$2298,$841,$3293,$6724,$2208,$1529,$0,$3996,$10720,$449,$430,$0,$430,$0,$0,$0,$0,$-277,$661,$0,$0,$-5,$0,$0,$-4,$-221,$-230,$0,$0,$12,$0,$9,$0,$-460,$-439,$-7,$0,$0
20,2013-06-30,29.29,$0.00,0.0,$29.34,1.0,$4.60,6.36,$0.40,73.23,$2.83B,$3.52B,0.8,$2.46B,$3.85B,0.64,$9.13B,$0.85B,9.31%,$9.13B,$0.77B,8.41%,$9.13B,$0.77B,8.41%,$9.13B,$1.16B,12.68%,$9.13B,$0.24B,2.63%,$9.13B,$0.14B,1.52%,$0.14B,$3.85B,3.85%,$0.14B,$-3.11B,-4.36%,$0.14B,$10.88B,1.30%,$0.77B,$6.31B,11.74%,$2497,$2225,$272,$0,$0,$2225,$272,$-78,$207,$33,$174,$173,$173,$371,$272,$318,318,$0.55,$0.55,$162,$786,$478,$2828,$0,$0,$6959,$265,$7589,$10883,$3522,$2455,$920,$3510,$7032,$2181,$1388,$0,$3852,$10883,$308,$312,$0,$312,$0,$0,$0,$0,$-150,$494,$-103,$0,$-5,$0,$0,$-9,$-85,$-202,$0,$0,$-5,$0,$12,$0,$-291,$-284,$26,$0,$0
21,2013-03-31,27.16,$0.00,0.0,$25.55,1.06,$5.08,5.34,$0.18,150.89,$2.88B,$3.05B,0.95,$3.01B,$3.66B,0.82,$7.68B,$0.75B,9.81%,$7.68B,$0.62B,8.12%,$7.68B,$0.62B,8.12%,$7.68B,$0.96B,12.54%,$7.68B,$0.15B,1.99%,$7.68B,$0.05B,0.68%,$0.05B,$3.66B,1.59%,$0.05B,$-3.12B,-2.08%,$0.05B,$10.71B,0.57%,$0.62B,$6.66B,10.81%,$2490,$2330,$160,$0,$0,$2330,$160,$-29,$149,$35,$113,$113,$113,$257,$160,$316,316,$0.36,$0.36,$166,$776,$496,$2883,$0,$0,$6775,$260,$7341,$10709,$3052,$3006,$839,$4001,$7053,$2204,$1241,$0,$3656,$10709,$136,$213,$0,$213,$0,$0,$0,$0,$17,$369,$-84,$0,$0,$0,$0,$-1,$-62,$-146,$0,$0,$-190,$0,$0,$0,$-5,$-195,$41,$0,$0
22,2012-12-31,23.13,$0.00,0.0,$21.74,1.06,$5.03,4.6,$0.22,105.14,$2.98B,$3.05B,0.98,$3.11B,$3.53B,0.88,$6.27B,$0.82B,13.03%,$6.27B,$0.64B,10.20%,$6.27B,$0.64B,10.20%,$6.27B,$0.93B,14.89%,$6.27B,$0.15B,2.41%,$6.27B,$0.05B,0.75%,$0.05B,$3.53B,1.58%,$0.05B,$-3.31B,-2.62%,$0.05B,$10.81B,0.62%,$0.64B,$6.64B,13.02%,$2520,$2342,$178,$0,$0,$2342,$178,$-183,$31,$8,$23,$22,$22,$293,$178,$307,315,$0.07,$0.07,$163,$621,$595,$2983,$0,$0,$6831,$260,$7337,$10814,$3047,$3113,$948,$4241,$7288,$2223,$1146,$0,$3526,$10814,$23,$115,$0,$115,$0,$0,$0,$0,$99,$227,$-40,$0,$0,$0,$0,$1,$-21,$-60,$0,$-119,$-12,$0,$-1,$0,$0,$-132,$34,$0,$0
23,2012-09-30,26.86,$0.00,0.0,$17.59,1.53,$4.93,5.44,$0.55,48.84,$2.77B,$2.71B,1.02,$3.17B,$3.40B,0.93,$4.79B,$0.81B,16.92%,$4.79B,$0.59B,12.37%,$4.79B,$0.59B,12.37%,$4.79B,$0.82B,17.13%,$4.79B,$0.26B,5.47%,$4.79B,$0.13B,2.76%,$0.13B,$3.40B,4.96%,$0.13B,$-3.23B,-12.28%,$0.13B,$10.38B,2.21%,$0.59B,$6.57B,14.59%,$1621,$1381,$240,$0,$0,$1463,$158,$-294,$-147,$18,$-166,$-169,$-169,$236,$158,$290,290,$-0.60,$-0.58,$127,$739,$468,$2770,$0,$0,$6630,$262,$7110,$10377,$2708,$3173,$929,$4272,$6980,$2186,$1105,$0,$3397,$10377,$131,$230,$0,$230,$0,$0,$0,$0,$175,$609,$-64,$0,$0,$0,$0,$24,$-2788,$-2828,$0,$-157,$2337,$0,$925,$0,$-835,$2269,$52,$0,$0
24,2012-06-30,23.99,$0.00,0.0,$15.72,1.53,$4.95,4.85,$1.39,17.26,$1.32B,$1.01B,1.31,$0.68B,$2.51B,0.27,$4.18B,$0.69B,16.59%,$4.18B,$0.49B,11.80%,$4.18B,$0.49B,11.80%,$4.18B,$0.71B,16.93%,$4.18B,$0.51B,12.23%,$4.18B,$0.37B,8.93%,$0.37B,$2.51B,15.50%,$0.37B,$-0.33B,-89.23%,$0.37B,$4.51B,8.16%,$0.49B,$3.19B,15.59%,$1046,$871,$175,$0,$0,$920,$127,$-16,$120,$33,$86,$86,$86,$177,$127,$256,256,$0.33,$0.33,$82,$440,$347,$1323,$0,$0,$2845,$57,$2918,$4508,$1008,$675,$172,$985,$1993,$1169,$1269,$0,$2514,$4508,$297,$151,$0,$151,$0,$0,$0,$0,$45,$499,$-61,$0,$0,$0,$0,$27,$-49,$-83,$0,$0,$-317,$0,$-83,$0,$0,$-400,$17,$0,$0
25,2012-03-31,22.29,$0.00,0.0,$15.65,1.42,$4.47,4.98,$1.52,14.66,$1.37B,$0.99B,1.38,$0.84B,$2.43B,0.34,$4.23B,$0.74B,17.52%,$4.23B,$0.54B,12.77%,$4.23B,$0.54B,12.77%,$4.23B,$0.76B,17.95%,$4.23B,$0.54B,12.72%,$4.23B,$0.41B,9.74%,$0.41B,$2.43B,17.42%,$0.41B,$-0.31B,-84.30%,$0.41B,$4.54B,8.98%,$0.54B,$3.27B,16.93%,$1085,$861,$224,$0,$0,$908,$177,$-8,$147,$42,$106,$108,$108,$228,$177,$267,267,$0.40,$0.40,$70,$425,$374,$1367,$0,$0,$2746,$165,$2926,$4542,$989,$835,$133,$1119,$2109,$1171,$1199,$0,$2433,$4542,$212,$101,$0,$101,$0,$0,$0,$0,$-69,$252,$-25,$0,$1,$0,$0,$29,$-34,$-29,$0,$0,$-138,$0,$-82,$0,$0,$-220,$4,$0,$0
26,2011-12-31,18.85,$0.00,0.0,$15.86,1.19,$4.53,4.16,$1.56,12.08,$1.33B,$0.98B,1.35,$0.90B,$2.30B,0.39,$4.33B,$0.77B,17.67%,$4.33B,$0.56B,12.92%,$4.33B,$0.56B,12.92%,$4.33B,$0.79B,18.16%,$4.33B,$0.55B,12.60%,$4.33B,$0.43B,9.85%,$0.43B,$2.30B,18.43%,$0.43B,$-0.42B,-72.65%,$0.43B,$4.48B,9.27%,$0.56B,$3.20B,17.60%,$1035,$865,$171,$0,$0,$905,$130,$38,$142,$37,$104,$107,$107,$179,$130,$269,269,$0.40,$0.40,$62,$398,$363,$1330,$0,$0,$2723,$165,$2902,$4476,$982,$897,$145,$1194,$2176,$1139,$1092,$0,$2301,$4476,$104,$49,$0,$49,$0,$0,$0,$0,$-17,$145,$-12,$0,$0,$0,$0,$3,$-17,$-25,$0,$-529,$471,$0,$-62,$0,$0,$-121,$-3,$0,$0
27,2011-09-30,18.81,$0.00,0.0,$16.05,1.17,$4.31,4.37,$1.62,11.61,$1.44B,$1.49B,0.97,$0.61B,$2.38B,0.26,$4.43B,$0.82B,18.55%,$4.43B,$0.61B,13.69%,$4.43B,$0.61B,13.69%,$4.43B,$0.84B,18.96%,$4.43B,$0.55B,12.52%,$4.43B,$0.45B,10.10%,$0.45B,$2.38B,19.59%,$0.45B,$-0.61B,-66.30%,$0.45B,$4.75B,9.70%,$0.61B,$2.99B,19.15%,$1011,$888,$123,$0,$0,$952,$59,$-4,$102,$26,$75,$72,$72,$123,$59,$271,271,$0.27,$0.26,$170,$406,$365,$1443,$0,$0,$2986,$68,$3055,$4753,$1485,$612,$276,$888,$2373,$1196,$1426,$0,$2380,$4753,$441,$233,$0,$233,$0,$0,$0,$0,$-94,$579,$-66,$0,$4,$0,$0,$-12,$-57,$-132,$0,$-106,$-132,$0,$-259,$0,$-2,$-499,$-46,$0,$0
28,2011-06-30,24.65,$0.00,0.0,$15.91,1.55,$4.15,5.94,$1.66,14.85,$1.28B,$1.01B,1.27,$0.95B,$2.35B,0.41,$4.42B,$0.93B,21.02%,$4.42B,$0.72B,16.32%,$4.42B,$0.72B,16.32%,$4.42B,$0.95B,21.54%,$4.42B,$0.57B,12.83%,$4.42B,$0.46B,10.39%,$0.46B,$2.35B,20.82%,$0.46B,$-0.61B,-62.47%,$0.46B,$4.58B,10.14%,$0.72B,$3.30B,22.64%,$1098,$875,$223,$0,$0,$924,$174,$-2,$147,$25,$122,$125,$125,$229,$174,$274,274,$0.46,$0.46,$29,$401,$379,$1278,$0,$0,$2961,$78,$3039,$4576,$1006,$953,$271,$1224,$2230,$1224,$1426,$0,$2347,$4576,$374,$170,$0,$170,$0,$0,$0,$0,$-151,$391,$-53,$0,$3,$0,$0,$-4,$-46,$-100,$0,$-65,$-125,$0,$-208,$0,$-2,$-400,$-107,$0,$0
29,2011-03-31,20.93,$0.00,0.0,$14.90,1.4,$4.14,5.06,$1.49,14.05,$1.36B,$1.11B,1.23,$1.00B,$2.24B,0.45,$4.19B,$0.87B,20.63%,$4.19B,$0.66B,15.82%,$4.19B,$0.66B,15.82%,$4.19B,$0.89B,21.21%,$4.19B,$0.54B,12.81%,$4.19B,$0.42B,9.95%,$0.42B,$2.24B,19.36%,$0.42B,$-0.71B,-75.65%,$0.42B,$4.63B,9.67%,$0.66B,$3.24B,22.35%,$1190,$941,$249,$0,$0,$994,$197,$-0,$155,$37,$119,$123,$123,$256,$197,$266,279,$0.46,$0.44,$85,$384,$396,$1360,$0,$0,$2946,$67,$3013,$4626,$1107,$1003,$279,$1282,$2389,$1200,$1324,$0,$2237,$4626,$247,$115,$0,$115,$0,$0,$0,$0,$-88,$292,$-40,$0,$0,$0,$0,$-8,$-34,$-82,$0,$3,$-111,$0,$-156,$0,$-1,$-266,$-54,$0,$0
30,2010-12-31,17.26,$0.00,0.0,$13.71,1.26,$4.11,4.2,$1.33,12.98,$1.25B,$1.08B,1.16,$0.96B,$2.16B,0.45,$3.91B,$0.82B,20.86%,$3.91B,$0.62B,15.85%,$3.91B,$0.62B,15.85%,$3.91B,$0.84B,21.45%,$3.91B,$0.50B,12.73%,$3.91B,$0.38B,9.61%,$0.38B,$2.16B,17.72%,$0.38B,$-0.77B,-109.46%,$0.38B,$4.48B,9.21%,$0.62B,$3.13B,22.54%,$1126,$900,$226,$0,$0,$950,$176,$-6,$150,$25,$125,$127,$127,$231,$176,$270,278,$0.47,$0.46,$91,$355,$348,$1253,$0,$0,$2929,$53,$2983,$4478,$1081,$964,$272,$1236,$2318,$1172,$1250,$0,$2161,$4478,$125,$55,$0,$55,$0,$0,$0,$0,$-100,$94,$-17,$0,$0,$0,$0,$1,$-17,$-33,$0,$-34,$-7,$0,$-67,$0,$0,$-108,$-47,$0,$0
31,2010-09-30,15.03,$0.00,0.0,$12.69,1.18,$4.33,3.47,$1.24,12.12,$1.22B,$1.07B,1.14,$1.00B,$2.07B,0.48,$3.70B,$0.79B,21.44%,$3.70B,$0.61B,16.36%,$3.70B,$0.61B,16.36%,$3.70B,$0.82B,22.06%,$3.70B,$0.46B,12.38%,$3.70B,$0.36B,9.73%,$0.36B,$2.07B,17.03%,$0.36B,$-0.85B,-308.35%,$0.36B,$4.43B,9.33%,$0.61B,$3.07B,23.61%,$1005,$774,$231,$0,$0,$831,$174,$-22,$115,$34,$81,$84,$84,$236,$174,$280,280,$0.30,$0.30,$135,$345,$335,$1223,$0,$0,$2922,$52,$2974,$4426,$1074,$998,$279,$1277,$2352,$1148,$1149,$0,$2074,$4426,$348,$211,$0,$211,$0,$0,$0,$0,$-22,$531,$-45,$0,$-864,$0,$0,$-12,$-63,$-985,$0,$823,$-120,$0,$-445,$0,$-1,$257,$-207,$0,$0
32,2010-06-30,14.93,$0.00,0.0,$11.91,1.25,$4.16,3.59,$1.19,12.55,$1.14B,$0.79B,1.45,$0.29B,$2.14B,0.13,$3.56B,$0.74B,20.82%,$3.56B,$0.56B,15.70%,$3.56B,$0.56B,15.70%,$3.56B,$0.76B,21.35%,$3.56B,$0.45B,12.77%,$3.56B,$0.35B,9.93%,$0.35B,$2.14B,16.96%,$0.35B,$0.12B,276.86%,$0.35B,$3.71B,9.85%,$0.56B,$2.43B,23.89%,$871,$713,$159,$0,$0,$756,$116,$-5,$117,$33,$84,$83,$83,$166,$116,$290,290,$0.29,$0.29,$396,$265,$95,$1139,$0,$0,$2023,$331,$2353,$3712,$785,$287,$498,$785,$1569,$1197,$1165,$0,$2143,$3712,$271,$149,$0,$149,$0,$0,$0,$0,$-1,$383,$-30,$0,$0,$0,$0,$-12,$-50,$-91,$0,$104,$-14,$0,$-328,$0,$-1,$-239,$50,$0,$0
33,2010-03-31,14.91,$0.00,0.0,$11.73,1.27,$4.01,3.71,$1.13,13.19,$1.12B,$0.77B,1.46,$0.26B,$2.11B,0.13,$3.56B,$0.78B,21.92%,$3.56B,$0.60B,16.87%,$3.56B,$0.60B,16.87%,$3.56B,$0.80B,22.54%,$3.56B,$0.43B,12.12%,$3.56B,$0.34B,9.57%,$0.34B,$2.11B,16.71%,$0.34B,$0.12B,297.82%,$0.34B,$3.72B,9.71%,$0.60B,$2.37B,26.30%,$910,$710,$200,$0,$0,$756,$154,$-3,$116,$38,$78,$82,$82,$206,$154,$295,295,$0.28,$0.28,$403,$255,$103,$1123,$0,$0,$1989,$405,$2394,$3722,$767,$264,$581,$844,$1611,$1204,$1143,$0,$2111,$3722,$185,$99,$0,$99,$0,$0,$0,$0,$29,$280,$-20,$0,$0,$0,$0,$-10,$-39,$-70,$0,$103,$-9,$0,$-225,$0,$-1,$-131,$62,$0,$0
34,2009-12-31,13.56,$0.00,0.0,$11.22,1.21,$3.74,3.63,$1.06,12.79,$1.10B,$0.75B,1.47,$0.24B,$2.13B,0.12,$3.46B,$0.75B,21.61%,$3.46B,$0.58B,16.67%,$3.46B,$0.58B,16.67%,$3.46B,$0.77B,22.19%,$3.46B,$0.40B,11.50%,$3.46B,$0.33B,9.39%,$0.33B,$2.13B,16.42%,$0.33B,$0.14B,390.39%,$0.33B,$3.58B,9.63%,$0.58B,$2.37B,26.02%,$913,$710,$203,$0,$0,$752,$161,$-2,$110,$5,$105,$111,$111,$208,$161,$302,302,$0.37,$0.37,$328,$245,$104,$1100,$0,$0,$1990,$296,$2285,$3580,$748,$244,$460,$704,$1452,$1205,$1131,$0,$2129,$3580,$105,$47,$0,$47,$0,$0,$0,$0,$24,$157,$-8,$0,$-1,$0,$0,$-9,$-17,$-34,$0,$0,$-4,$0,$-119,$0,$0,$-123,$-6,$0,$0
35,2009-09-30,11.69,$0.00,0.0,$10.86,1.08,$3.41,3.43,$0.90,12.99,$0.98B,$0.65B,1.51,$0.23B,$1.94B,0.12,$3.38B,$0.68B,20.14%,$3.38B,$0.51B,15.22%,$3.38B,$0.51B,15.22%,$3.38B,$0.70B,20.73%,$3.38B,$0.38B,11.13%,$3.38B,$0.28B,8.29%,$0.28B,$1.94B,14.69%,$0.28B,$0.13B,1696.97%,$0.28B,$3.32B,8.47%,$0.51B,$2.17B,23.72%,$861,$683,$178,$0,$0,$734,$127,$-2,$111,$35,$75,$77,$77,$179,$127,$307,307,$0.25,$0.25,$292,$212,$85,$982,$0,$0,$1813,$343,$2156,$3318,$651,$226,$500,$726,$1377,$1105,$1006,$0,$1941,$3318,$268,$186,$0,$186,$0,$0,$0,$0,$49,$536,$-55,$0,$-1,$0,$0,$0,$-53,$-109,$0,$-11,$-100,$0,$14,$0,$-71,$-168,$250,$0,$0
36,2009-06-30,8.87,$0.00,0.0,$11.02,0.8,$2.87,3.09,$0.89,9.97,$0.97B,$0.67B,1.46,$0.24B,$1.98B,0.12,$3.45B,$0.71B,20.73%,$3.45B,$0.56B,16.23%,$3.45B,$0.56B,16.23%,$3.45B,$0.74B,21.54%,$3.45B,$0.36B,10.42%,$3.45B,$0.28B,8.07%,$0.28B,$1.98B,14.50%,$0.28B,$0.07B,-639.08%,$0.28B,$3.42B,8.20%,$0.56B,$2.23B,25.49%,$879,$679,$200,$0,$0,$720,$159,$0,$95,$29,$66,$71,$71,$210,$159,$312,312,$0.23,$0.23,$233,$236,$108,$974,$0,$0,$1915,$357,$2272,$3422,$667,$244,$528,$772,$1439,$1128,$975,$0,$1983,$3422,$200,$134,$0,$134,$0,$0,$0,$0,$15,$376,$-42,$0,$-0,$0,$0,$0,$-35,$-76,$0,$-11,$-98,$0,$-22,$0,$16,$-115,$190,$0,$0
37,2009-03-31,8.0,$0.00,0.0,$11.16,0.72,$2.49,3.21,$0.91,8.79,$0.83B,$0.58B,1.43,$0.24B,$1.86B,0.13,$3.52B,$0.67B,19.16%,$3.52B,$0.52B,14.76%,$3.52B,$0.52B,14.76%,$3.52B,$0.70B,19.76%,$3.52B,$0.37B,10.49%,$3.52B,$0.29B,8.22%,$0.29B,$1.86B,15.23%,$0.29B,$-0.00B,-287.56%,$0.29B,$3.17B,8.40%,$0.52B,$2.10B,23.63%,$808,$641,$167,$0,$0,$678,$130,$-3,$82,$20,$62,$66,$66,$171,$130,$314,314,$0.21,$0.21,$150,$206,$94,$828,$0,$0,$1865,$321,$2187,$3173,$581,$242,$483,$730,$1311,$1067,$869,$0,$1862,$3173,$125,$83,$0,$83,$0,$0,$0,$0,$-8,$215,$-26,$0,$-0,$0,$0,$-18,$0,$-43,$0,$-10,$-88,$0,$0,$0,$15,$-83,$110,$0,$0
38,2008-12-31,7.8,$0.00,0.0,$11.49,0.68,$2.30,3.39,$0.91,8.57,$0.96B,$0.68B,1.4,$0.33B,$1.84B,0.18,$3.65B,$0.66B,17.95%,$3.65B,$0.50B,13.57%,$3.65B,$0.50B,13.57%,$3.65B,$0.68B,18.53%,$3.65B,$0.39B,10.59%,$3.65B,$0.29B,7.99%,$0.29B,$1.84B,15.23%,$0.29B,$-0.13B,-195.97%,$0.29B,$3.31B,8.26%,$0.50B,$2.17B,22.12%,$829,$694,$135,$0,$0,$732,$98,$-10,$88,$21,$66,$66,$66,$140,$98,$311,311,$0.21,$0.21,$179,$215,$126,$956,$0,$0,$1967,$229,$2196,$3307,$684,$330,$449,$784,$1468,$1096,$832,$0,$1839,$3307,$66,$42,$0,$42,$0,$0,$0,$0,$-59,$66,$-13,$0,$-0,$0,$0,$0,$-8,$-21,$0,$78,$-2,$0,$-0,$0,$0,$76,$138,$0,$0
39,2008-09-30,8.84,$0.00,0.0,$11.57,0.76,$2.46,3.6,$0.92,9.61,$0.88B,$0.80B,1.1,$0.29B,$1.98B,0.15,$3.73B,$0.65B,17.28%,$3.73B,$0.48B,12.89%,$3.73B,$0.48B,12.89%,$3.73B,$0.67B,17.89%,$3.73B,$0.40B,10.77%,$3.73B,$0.30B,7.98%,$0.30B,$1.98B,15.40%,$0.30B,$-0.11B,-168.84%,$0.30B,$3.66B,8.20%,$0.48B,$2.27B,21.03%,$929,$717,$212,$0,$0,$757,$172,$-6,$94,$21,$73,$75,$75,$221,$172,$314,314,$0.24,$0.24,$50,$227,$122,$882,$0,$0,$2095,$501,$2597,$3656,$801,$288,$583,$871,$1672,$1310,$917,$0,$1984,$3656,$296,$185,$0,$185,$0,$0,$0,$0,$-113,$353,$-32,$0,$0,$0,$0,$0,$-58,$-89,$0,$-105,$-14,$0,$-182,$0,$0,$-302,$-38,$0,$0
40,2008-06-30,9.97,$0.00,0.0,$11.37,0.88,$2.77,3.6,$0.88,11.33,$0.90B,$0.82B,1.1,$0.34B,$1.91B,0.18,$3.73B,$0.62B,16.64%,$3.73B,$0.45B,11.94%,$3.73B,$0.45B,11.94%,$3.73B,$0.64B,17.04%,$3.73B,$0.40B,10.73%,$3.73B,$0.29B,7.75%,$0.29B,$1.91B,15.63%,$0.29B,$-0.16B,-134.26%,$0.29B,$3.62B,8.25%,$0.45B,$2.24B,19.94%,$951,$791,$160,$0,$0,$831,$119,$-5,$105,$24,$81,$82,$82,$163,$119,$321,321,$0.25,$0.25,$67,$245,$158,$904,$0,$0,$2067,$316,$2554,$3623,$824,$336,$556,$892,$1716,$1313,$859,$0,$1907,$3623,$221,$137,$-2,$136,$0,$0,$0,$0,$-68,$268,$-45,$0,$0,$0,$0,$0,$-44,$-89,$0,$-49,$-8,$0,$-150,$0,$0,$-207,$-21,$0,$0
41,2008-03-31,10.6,$0.00,0.0,$11.24,0.94,$3.17,3.35,$0.82,12.93,$0.84B,$0.78B,1.08,$0.35B,$1.94B,0.18,$3.71B,$0.68B,18.23%,$3.71B,$0.51B,13.62%,$3.71B,$0.51B,13.62%,$3.71B,$0.70B,18.82%,$3.71B,$0.38B,10.33%,$3.71B,$0.27B,7.31%,$0.27B,$1.94B,15.08%,$0.27B,$-0.20B,-107.33%,$0.27B,$3.55B,7.92%,$0.51B,$2.29B,22.83%,$945,$797,$149,$0,$0,$838,$107,$-7,$100,$31,$69,$69,$69,$153,$107,$327,327,$0.21,$0.21,$82,$214,$102,$841,$0,$0,$2134,$230,$2543,$3546,$782,$350,$479,$828,$1610,$1344,$842,$0,$1937,$3546,$141,$93,$0,$93,$0,$0,$0,$0,$-51,$164,$-29,$0,$0,$0,$0,$0,$-33,$-62,$0,$-39,$-4,$0,$-71,$0,$0,$-114,$-7,$0,$0
42,2007-12-31,11.64,$0.00,0.0,$10.96,1.06,$3.48,3.34,$0.78,14.92,$0.91B,$0.81B,1.13,$0.43B,$1.91B,0.23,$3.62B,$0.70B,19.24%,$3.62B,$0.53B,14.66%,$3.62B,$0.53B,14.66%,$3.62B,$0.72B,19.85%,$3.62B,$0.36B,9.99%,$3.62B,$0.26B,7.15%,$0.26B,$1.91B,15.10%,$0.26B,$-0.24B,-89.08%,$0.26B,$3.71B,7.77%,$0.53B,$2.35B,24.49%,$908,$784,$124,$0,$0,$825,$83,$-6,$103,$28,$74,$72,$72,$131,$83,$330,330,$0.22,$0.22,$109,$211,$114,$910,$0,$0,$2152,$494,$2646,$3714,$805,$432,$562,$994,$1800,$1400,$833,$0,$1914,$3714,$74,$48,$0,$48,$0,$0,$0,$0,$10,$121,$-14,$0,$0,$0,$0,$0,$-16,$-30,$0,$-56,$-2,$0,$-12,$0,$0,$-70,$19,$0,$0
43,2007-09-30,11.4,$0.00,0.0,$10.94,1.04,$3.58,3.19,$0.69,16.52,$0.78B,$0.68B,1.14,$0.42B,$1.64B,0.26,$3.62B,$0.81B,22.28%,$3.62B,$0.65B,17.83%,$3.62B,$0.65B,17.83%,$3.62B,$0.83B,22.86%,$3.62B,$0.32B,8.76%,$3.62B,$0.23B,6.38%,$0.23B,$1.64B,14.08%,$0.23B,$-0.27B,-69.01%,$0.23B,$3.13B,7.11%,$0.65B,$2.05B,30.08%,$923,$736,$187,$0,$0,$787,$136,$-5,$92,$30,$62,$66,$66,$188,$136,$335,335,$0.20,$0.20,$80,$172,$93,$776,$0,$0,$1903,$318,$2220,$3128,$681,$417,$394,$811,$1491,$1232,$677,$0,$1636,$3128,$213,$181,$0,$181,$0,$0,$0,$0,$77,$495,$-47,$0,$-16,$0,$0,$0,$-79,$-141,$0,$-291,$-7,$0,$-77,$0,$0,$-375,$-24,$0,$0
44,2007-06-30,11.22,$0.00,0.0,$10.73,1.05,$3.03,3.71,$0.61,18.39,$0.81B,$0.69B,1.17,$0.46B,$1.70B,0.27,$3.54B,$0.28B,7.82%,$3.54B,$0.89B,25.05%,$3.54B,$0.89B,25.05%,$3.54B,$1.02B,28.72%,$3.54B,$0.26B,7.31%,$3.54B,$0.21B,5.79%,$0.21B,$1.70B,12.70%,$0.21B,$-0.31B,-53.77%,$0.21B,$3.30B,6.26%,$0.89B,$2.16B,40.51%,$933,$718,$216,$0,$0,$754,$179,$-7,$88,$30,$59,$64,$64,$226,$179,$329,329,$0.20,$0.19,$88,$179,$108,$808,$0,$0,$2008,$361,$2369,$3302,$688,$462,$454,$915,$1603,$1262,$659,$0,$1699,$3302,$155,$129,$0,$129,$0,$0,$0,$0,$78,$391,$-32,$0,$-11,$0,$0,$0,$-63,$-106,$0,$-267,$-5,$0,$-32,$0,$0,$-304,$-17,$0,$0
45,2007-03-31,8.66,$0.00,0.0,$10.26,0.84,$1.93,4.48,$0.52,16.65,$0.76B,$0.65B,1.18,$0.50B,$1.61B,0.31,$3.38B,$0.83B,24.64%,$3.38B,$0.69B,20.44%,$3.38B,$0.69B,20.44%,$3.38B,$0.77B,22.90%,$3.38B,$0.22B,6.60%,$3.38B,$0.17B,5.12%,$0.17B,$1.61B,10.61%,$0.17B,$-0.35B,-40.28%,$0.17B,$3.19B,5.06%,$0.69B,$2.11B,29.36%,$858,$688,$170,$0,$0,$725,$133,$-8,$79,$25,$54,$57,$57,$174,$133,$329,329,$0.17,$0.17,$80,$172,$100,$764,$0,$0,$1960,$357,$2317,$3186,$645,$501,$429,$931,$1576,$1172,$571,$0,$1610,$3186,$91,$83,$0,$83,$0,$0,$0,$0,$72,$252,$-14,$0,$-0,$0,$0,$0,$-40,$-53,$0,$-192,$-4,$0,$-28,$0,$0,$-223,$-19,$0,$0
46,2006-12-31,6.96,$0.00,0.0,$9.77,0.71,$1.59,4.39,$0.39,17.85,$0.83B,$0.65B,1.29,$0.63B,$1.62B,0.39,$3.26B,$0.75B,22.89%,$3.26B,$0.60B,18.50%,$3.26B,$0.60B,18.50%,$3.26B,$0.65B,19.79%,$3.26B,$0.16B,4.96%,$3.26B,$0.13B,3.92%,$0.13B,$1.62B,7.97%,$0.13B,$-0.41B,-27.75%,$0.13B,$3.38B,3.69%,$0.60B,$2.25B,25.08%,$904,$671,$233,$0,$0,$707,$197,$-29,$58,$20,$38,$44,$44,$239,$197,$330,330,$0.13,$0.13,$129,$171,$101,$831,$0,$0,$2032,$410,$2443,$3382,$647,$633,$484,$1117,$1764,$1195,$549,$0,$1618,$3382,$38,$42,$0,$42,$0,$0,$0,$0,$58,$146,$-7,$0,$0,$0,$0,$0,$-18,$-25,$0,$-81,$-2,$0,$-18,$0,$0,$-101,$27,$0,$0
