,Date,Stock Price,Book Value per Share,Price to Book Ratio,TTM Sales per Share,Price to Sales Ratio,TTM FCF per Share,Price to FCF Ratio,TTM Net EPS,PE Ratio,Current Assets,Current Liabilities,Current Ratio,Long Term Debt,Shareholder's Equity_x,Debt to Equity Ratio,TTM Revenue_x,TTM Gross Profit,Gross Margin,TTM Revenue_y,TTM Operating Income,Operating Margin,TTM Revenue_x,TTM EBIT,EBIT Margin,TTM Revenue_y,TTM EBITDA,EBITDA Margin,TTM Revenue_x,TTM Pre-Tax Income,Pre-Tax Margin,TTM Revenue_y,TTM Net Income_x,Net Margin,TTM Net Income_y,Shareholder's Equity_y,Return on Equity,TTM Net Income_x,Tangible Equity,Return on Tangible Equity,TTM Net Income_y,Total Assets,Return on Assets,TTM Net Income,LT Investments & Debt,Return on Investment,revenue,cost-goods-sold,gross-profit,research-development-expenses,selling-general-administrative-expenses,operating-expenses,operating-income,total-non-operating-income-expense,pre-tax-income,total-provision-income-taxes,income-after-taxes,income-from-continuous-operations,net-income,ebitda,ebit,basic-shares-outstanding,shares-outstanding,eps-basic-net-earnings-per-share,eps-earnings-per-share-diluted,cash-on-hand,inventory,other-current-assets,total-current-assets,net-property-plant-equipment,long-term-investments,goodwill-intangible-assets-total,other-long-term-assets,total-long-term-assets,total-assets,total-current-liabilities,long-term-debt,other-non-current-liabilities,total-long-term-liabilities,total-liabilities,common-stock-net,retained-earnings-accumulated-deficit,comprehensive-income,total-share-holder-equity,total-liabilities-share-holders-equity,net-income-loss,total-depreciation-amortization-cash-flow,other-non-cash-items,total-non-cash-items,change-in-accounts-receivable,change-in-inventories,change-in-accounts-payable,change-in-assets-liabilities,total-change-in-assets-liabilities,cash-flow-from-operating-activities,net-change-in-property-plant-equipment,net-change-in-intangible-assets,net-acquisitions-divestitures,net-change-in-short-term-investments,net-change-in-long-term-investments,net-change-in-investments-total,investing-activities-other,cash-flow-from-investing-activities,net-long-term-debt,net-current-debt,debt-issuance-retirement-net-total,net-common-equity-issued-repurchased,net-total-equity-issued-repurchased,total-common-preferred-stock-dividends-paid,financial-activities-other,cash-flow-from-financial-activities,net-cash-flow,stock-based-compensation,common-stock-dividends-paid
0,2018-09-30,77.21,$17.78,4.34,$16.96,4.55,$16.80,4.6,$1.20,64.34,$34.92B,$10.12B,3.45,$25.16B,$23.01B,1.09,$22.28B,$17.74B,79.63%,$22.28B,$9.35B,41.95%,$22.28B,$9.35B,41.95%,$22.28B,$10.82B,48.54%,$22.28B,$8.91B,39.98%,$22.28B,$1.59B,7.12%,$1.59B,$23.01B,7.39%,$1.59B,$2.58B,242.20%,$1.59B,$64.31B,2.39%,$9.35B,$48.17B,19.04%,$5596,$1086,$4510,$939,$948,$2973,$2623,$41,$2664,$565,$2099,$2099,$2097,$2981,$2623,$1296,1307,$1.62,$1.60,$28466,$816,$0,$34918,$3791,$2378,$20431,$2787,$29387,$64305,$10116,$25164,$6018,$31182,$41298,$1,$20706,$36,$23007,$64305,$5457,$1071,$694,$1765,$367,$-191,$-217,$749,$-1167,$6055,$-676,$0,$0,$12436,$0,$12436,$-140,$11620,$-6250,$0,$-6250,$-1699,$-1699,$-2235,$-464,$-10648,$6981,$670,$-2235
1,2018-06-30,70.84,$16.77,4.22,$17.62,4.02,$19.33,3.66,$1.66,42.67,$32.73B,$10.91B,3.0,$26.71B,$21.73B,1.23,$23.20B,$18.71B,80.67%,$23.20B,$10.54B,45.42%,$23.20B,$10.54B,45.42%,$23.20B,$11.94B,51.49%,$23.20B,$9.92B,42.75%,$23.20B,$2.21B,9.52%,$2.21B,$21.73B,10.02%,$2.21B,$1.11B,55.95%,$2.21B,$65.36B,3.32%,$10.54B,$48.44B,20.95%,$5648,$1196,$4452,$1192,$980,$3368,$2280,$-194,$2086,$267,$1819,$1819,$1817,$2636,$2280,$1298,1308,$1.40,$1.39,$25917,$859,$0,$32728,$3659,$5739,$20620,$2609,$32627,$65355,$10912,$26708,$6001,$32709,$43621,$1,$19825,$2,$21734,$65355,$3358,$713,$619,$1332,$277,$-34,$-193,$622,$-847,$3843,$-509,$0,$0,$10206,$0,$10206,$-102,$9595,$-4500,$0,$-4500,$-1330,$-1330,$-1493,$-424,$-7747,$5646,$472,$-1493
2,2018-03-31,74.79,$15.89,4.71,$18.72,3.99,$21.50,3.48,$2.60,28.77,$30.26B,$10.67B,2.84,$27.23B,$20.65B,1.32,$24.69B,$20.28B,82.12%,$24.69B,$12.51B,50.67%,$24.69B,$12.51B,50.67%,$24.69B,$13.86B,56.13%,$24.69B,$11.95B,48.38%,$24.69B,$3.46B,14.03%,$3.46B,$20.65B,15.48%,$3.46B,$-0.31B,49.42%,$3.46B,$65.38B,5.32%,$12.51B,$47.88B,24.70%,$5088,$1001,$4087,$937,$997,$2935,$2153,$-120,$2033,$494,$1539,$1539,$1538,$2510,$2153,$1307,1320,$1.18,$1.17,$23998,$885,$0,$30258,$3415,$8104,$20962,$2642,$35123,$65381,$10670,$27228,$6832,$34060,$44730,$1,$19196,$-170,$20651,$65381,$1539,$357,$304,$661,$101,$-14,$-92,$529,$70,$2270,$-212,$0,$0,$4586,$0,$4586,$-20,$4354,$-4500,$0,$-4500,$-928,$-928,$-753,$-414,$-6595,$55,$220,$-753
3,2017-12-31,70.56,$15.67,4.5,$19.80,3.56,$22.07,3.2,$3.48,20.28,$31.82B,$11.64B,2.74,$31.35B,$20.50B,1.53,$26.11B,$21.74B,83.26%,$26.11B,$14.12B,54.10%,$26.11B,$14.12B,54.10%,$26.11B,$15.41B,59.03%,$26.11B,$13.53B,51.82%,$26.11B,$4.63B,17.73%,$4.63B,$20.50B,20.62%,$4.63B,$-0.76B,47.06%,$4.63B,$70.28B,7.32%,$14.12B,$51.85B,27.98%,$5949,$1256,$4693,$1150,$1252,$3658,$2291,$-165,$2126,$5962,$-3836,$-3836,$-3865,$2688,$2291,$1307,1319,$-2.96,$-2.93,$25510,$801,$0,$31823,$3295,$11184,$21259,$2722,$38460,$70283,$11635,$31353,$6794,$38147,$49782,$1,$19012,$165,$20501,$70283,$4644,$1286,$860,$2146,$754,$-253,$-430,$358,$5108,$11898,$-590,$0,$-10426,$-5053,$0,$-5053,$0,$-16069,$7174,$0,$7174,$-720,$-720,$-2731,$-330,$3393,$-641,$638,$-2731
4,2017-09-30,79.25,$19.32,4.1,$20.68,3.83,$25.50,3.11,$8.78,9.03,$35.32B,$9.60B,3.68,$27.77B,$25.25B,1.1,$27.48B,$23.29B,84.75%,$27.48B,$15.88B,57.78%,$27.48B,$15.88B,57.78%,$27.48B,$17.06B,62.08%,$27.48B,$15.32B,55.76%,$27.48B,$11.60B,42.22%,$11.60B,$25.25B,52.36%,$11.60B,$15.74B,94.10%,$11.60B,$64.66B,19.37%,$15.88B,$53.03B,32.39%,$6512,$1032,$5480,$789,$879,$2700,$3812,$-141,$3671,$959,$2712,$2712,$2718,$4109,$3812,$1306,1319,$2.08,$2.06,$28387,$1144,$0,$35317,$3100,$12973,$9514,$2611,$29345,$64662,$9597,$27774,$2037,$29811,$39408,$1,$23689,$249,$25254,$64662,$8480,$889,$658,$1547,$473,$-79,$-515,$311,$-882,$9145,$-370,$0,$0,$-5683,$0,$-5683,$0,$-6053,$2901,$0,$2901,$-665,$-665,$-2049,$-141,$46,$3279,$304,$-2049
5,2017-06-30,68.8,$17.68,3.89,$21.34,3.22,$28.50,2.41,$9.21,7.47,$28.59B,$8.49B,3.37,$26.74B,$23.09B,1.16,$28.47B,$24.18B,84.94%,$28.47B,$16.47B,57.84%,$28.47B,$16.47B,57.84%,$28.47B,$17.65B,62.00%,$28.47B,$15.93B,55.95%,$28.47B,$12.21B,42.90%,$12.21B,$23.09B,60.51%,$12.21B,$13.37B,121.00%,$12.21B,$60.26B,21.10%,$16.47B,$49.83B,35.22%,$7141,$1126,$6015,$864,$897,$2887,$4254,$-139,$4115,$1046,$3069,$3069,$3073,$4552,$4254,$1307,1317,$2.35,$2.33,$21096,$1408,$0,$28592,$3012,$15480,$9723,$2319,$31671,$60263,$8492,$26738,$1942,$28680,$37172,$1,$21823,$120,$23091,$60263,$5768,$592,$518,$1110,$118,$-14,$-399,$145,$-427,$6451,$-241,$0,$0,$-3698,$0,$-3698,$0,$-3939,$-60,$0,$-60,$-576,$-576,$-1367,$-121,$-2124,$483,$191,$-1367
6,2017-03-31,65.49,$16.00,4.09,$21.66,3.02,$30.23,2.17,$9.46,6.92,$21.42B,$8.28B,2.59,$26.32B,$20.92B,1.26,$29.10B,$25.08B,86.17%,$29.10B,$16.75B,57.55%,$29.10B,$16.75B,57.55%,$29.10B,$17.92B,61.57%,$29.10B,$16.21B,55.71%,$29.10B,$12.64B,43.42%,$12.64B,$20.92B,68.54%,$12.64B,$10.98B,156.81%,$12.64B,$57.70B,22.84%,$16.75B,$47.24B,38.25%,$6505,$957,$5548,$931,$850,$2738,$3767,$-150,$3617,$918,$2699,$2699,$2702,$4061,$3767,$1308,1320,$2.07,$2.05,$14115,$1474,$0,$21424,$2922,$19902,$9933,$2312,$36277,$57701,$8282,$26321,$2181,$28502,$36784,$1,$19564,$260,$20917,$57701,$2699,$294,$186,$480,$537,$-5,$-262,$177,$-254,$2925,$-118,$0,$0,$425,$0,$425,$0,$307,$-30,$0,$-30,$-469,$-469,$-687,$-58,$-1244,$2056,$89,$-687
7,2016-12-31,68.53,$14.78,4.64,$22.25,3.08,$30.90,2.22,$9.94,6.89,$19.59B,$9.22B,2.13,$26.64B,$19.36B,1.38,$30.39B,$26.13B,85.98%,$30.39B,$17.63B,58.02%,$30.39B,$17.63B,58.02%,$30.39B,$18.79B,61.83%,$30.39B,$17.10B,56.26%,$30.39B,$13.50B,44.43%,$13.50B,$19.36B,80.78%,$13.50B,$9.22B,223.38%,$13.50B,$56.98B,25.55%,$17.63B,$46.01B,43.17%,$7320,$1075,$6245,$1208,$992,$3275,$4045,$-125,$3920,$821,$3099,$3099,$3108,$4337,$4045,$1339,1358,$2.36,$2.34,$11895,$1587,$0,$19588,$2865,$20485,$10143,$3896,$37389,$56977,$9218,$26643,$1753,$28396,$37614,$1,$18154,$278,$19363,$56977,$13488,$1158,$855,$2013,$1192,$-488,$47,$-520,$1546,$17047,$-748,$0,$0,$-10880,$-357,$-11237,$0,$-11985,$4268,$0,$4268,$-10793,$-10793,$-2455,$-745,$-9725,$-4622,$380,$-2455
8,2016-09-30,75.24,$13.13,5.73,$22.45,3.35,$32.38,2.32,$10.78,6.98,$21.43B,$11.07B,1.94,$26.56B,$17.36B,1.53,$31.58B,$27.33B,86.55%,$31.58B,$19.21B,60.83%,$31.58B,$19.21B,60.83%,$31.58B,$20.35B,64.46%,$31.58B,$18.61B,58.95%,$31.58B,$15.08B,47.75%,$15.08B,$17.36B,90.54%,$15.08B,$6.80B,266.24%,$15.08B,$56.61B,29.26%,$19.21B,$43.92B,48.64%,$7500,$1129,$6371,$1141,$831,$3101,$4399,$-123,$4276,$951,$3325,$3325,$3330,$4698,$4399,$1322,1339,$2.52,$2.49,$12266,$1900,$0,$21425,$2714,$19345,$10558,$2086,$35184,$56609,$11073,$26555,$1621,$28176,$39249,$1,$16654,$-108,$17360,$56609,$10389,$866,$556,$1422,$770,$-274,$-115,$-785,$1697,$13508,$-579,$0,$0,$-8374,$-357,$-8731,$0,$-9310,$4998,$0,$4998,$-9821,$-9821,$-1836,$-718,$-7377,$-3042,$278,$-1836
9,2016-06-30,78.85,$12.11,6.51,$22.37,3.52,$32.62,2.42,$11.35,6.95,$18.35B,$10.44B,1.76,$21.89B,$16.12B,1.36,$32.37B,$28.19B,87.08%,$32.37B,$20.40B,63.00%,$32.37B,$20.40B,63.00%,$32.37B,$21.52B,66.47%,$32.37B,$19.81B,61.20%,$32.37B,$16.35B,50.50%,$16.35B,$16.12B,97.31%,$16.35B,$5.23B,294.97%,$16.35B,$49.98B,32.68%,$20.40B,$38.01B,52.88%,$7776,$864,$6912,$1484,$890,$3238,$4538,$-139,$4399,$902,$3497,$3497,$3497,$4822,$4538,$1335,1355,$2.62,$2.58,$8752,$1862,$0,$18353,$2599,$15864,$10885,$1846,$31627,$49980,$10444,$21894,$1527,$23421,$33865,$1,$14949,$-46,$16115,$49980,$7064,$567,$299,$866,$190,$-97,$-67,$-335,$1185,$9115,$-381,$0,$0,$-4655,$-357,$-5012,$0,$-5393,$59,$0,$59,$-8881,$-8881,$-1213,$-139,$-10174,$-6366,$183,$-1213
10,2016-03-31,86.35,$10.40,8.3,$21.98,3.93,$33.36,2.59,$11.69,7.39,$19.27B,$10.91B,1.77,$21.45B,$14.02B,1.53,$32.84B,$28.52B,86.85%,$32.84B,$21.47B,65.39%,$32.84B,$21.47B,65.39%,$32.84B,$22.59B,68.77%,$32.84B,$20.92B,63.71%,$32.84B,$17.34B,52.81%,$17.34B,$14.02B,102.44%,$17.34B,$2.92B,319.09%,$17.34B,$47.77B,36.65%,$21.47B,$35.47B,58.99%,$7794,$1193,$6601,$1265,$685,$3143,$4651,$-149,$4502,$935,$3567,$3567,$3566,$4934,$4651,$1383,1412,$2.58,$2.53,$8319,$1880,$0,$19267,$2431,$13003,$11095,$1677,$28498,$47765,$10910,$21451,$1385,$22836,$33746,$1,$13045,$-164,$14019,$47765,$3567,$283,$285,$568,$-191,$-14,$-239,$-126,$-5,$4130,$-177,$0,$0,$-1575,$-357,$-1932,$0,$-2109,$-31,$0,$-31,$-7908,$-7908,$-587,$-87,$-8613,$-6536,$88,$-587
11,2015-12-31,94.67,$13.44,7.04,$21.30,4.44,$34.12,2.77,$11.92,7.94,$24.76B,$9.89B,2.5,$21.47B,$19.11B,1.12,$32.64B,$28.63B,87.73%,$32.64B,$22.19B,68.00%,$32.64B,$22.19B,68.00%,$32.64B,$23.29B,71.36%,$32.64B,$21.66B,66.36%,$32.64B,$18.11B,55.48%,$18.11B,$19.11B,101.62%,$18.11B,$7.69B,297.30%,$18.11B,$51.72B,40.28%,$22.19B,$40.58B,63.29%,$8506,$1062,$7444,$757,$1066,$2885,$5621,$-184,$5437,$752,$4685,$4685,$4683,$5899,$5621,$1464,1521,$3.27,$3.17,$14607,$1955,$0,$24762,$2276,$11601,$11419,$1334,$26954,$51716,$9890,$21470,$1243,$22713,$32603,$1,$18001,$88,$19113,$51716,$18106,$1098,$551,$1649,$-1397,$-855,$226,$-90,$1495,$21250,$-747,$0,$0,$-11728,$0,$-11728,$0,$-12475,$9689,$0,$9689,$-9683,$-9683,$-1874,$-4016,$-5884,$2824,$382,$-1874
12,2015-09-30,91.23,$12.38,7.37,$20.15,4.53,$28.08,3.25,$10.92,8.35,$25.91B,$9.36B,2.77,$22.28B,$17.94B,1.24,$31.45B,$27.44B,87.26%,$31.45B,$20.90B,66.47%,$31.45B,$20.90B,66.47%,$31.45B,$22.00B,69.95%,$31.45B,$20.45B,65.04%,$31.45B,$16.91B,53.78%,$16.91B,$17.94B,99.50%,$16.91B,$6.32B,334.18%,$16.91B,$50.64B,41.56%,$20.90B,$40.22B,65.31%,$8295,$1064,$7231,$743,$903,$2710,$5585,$-113,$5472,$880,$4592,$4592,$4600,$5863,$5585,$1463,1503,$3.14,$3.06,$15714,$1988,$0,$25910,$2143,$9400,$11626,$1267,$24727,$50637,$9360,$22276,$1027,$23333,$32693,$1,$16961,$167,$17944,$50637,$13421,$820,$-122,$698,$-1610,$-659,$288,$177,$1336,$15455,$-581,$0,$0,$-9456,$0,$-9456,$0,$-10037,$9739,$0,$9739,$-6670,$-6670,$-1260,$-3228,$-1419,$3938,$285,$-1260
13,2015-06-30,108.64,$11.29,9.62,$18.32,5.93,$23.93,4.54,$9.53,11.4,$18.09B,$8.93B,2.03,$12.69B,$16.63B,0.76,$29.19B,$25.26B,86.54%,$29.19B,$18.80B,64.39%,$29.19B,$18.80B,64.39%,$29.19B,$19.88B,68.10%,$29.19B,$18.35B,62.86%,$29.19B,$15.04B,51.53%,$15.04B,$16.63B,94.16%,$15.04B,$4.80B,393.00%,$15.04B,$39.17B,42.68%,$18.80B,$29.32B,68.28%,$8244,$998,$7246,$818,$812,$2628,$5616,$-105,$5511,$1014,$4497,$4497,$4492,$5889,$5616,$1472,1540,$3.05,$2.92,$8611,$2039,$553,$18093,$1899,$6056,$11832,$1110,$21074,$39167,$8925,$12689,$883,$13608,$22533,$2,$16038,$247,$16634,$39167,$8829,$542,$-45,$497,$-810,$-634,$620,$238,$2033,$11359,$-295,$0,$0,$-5556,$0,$-5556,$0,$-5851,$-142,$0,$-142,$-3699,$-3699,$-633,$-3589,$-8063,$-2610,$188,$-633
14,2015-03-31,90.72,$11.91,7.62,$16.90,5.37,$20.05,4.52,$8.81,10.3,$20.06B,$7.43B,2.7,$12.55B,$17.59B,0.71,$27.49B,$23.63B,85.97%,$27.49B,$17.59B,64.01%,$27.49B,$17.59B,64.01%,$27.49B,$18.67B,67.93%,$27.49B,$17.15B,62.38%,$27.49B,$14.21B,51.69%,$14.21B,$17.59B,89.21%,$14.21B,$5.55B,398.57%,$14.21B,$38.32B,42.72%,$17.59B,$30.14B,66.79%,$7594,$882,$6712,$696,$645,$2223,$5371,$-132,$5239,$907,$4332,$4332,$4333,$5640,$5371,$1488,1569,$2.91,$2.76,$11294,$1908,$761,$20062,$1765,$3220,$12039,$1030,$18259,$38321,$7428,$12551,$713,$13305,$20733,$1,$13916,$539,$17588,$38321,$4332,$269,$-32,$237,$-348,$-370,$58,$113,$1132,$5701,$-124,$0,$0,$-2175,$0,$-2175,$0,$-2299,$-45,$0,$-45,$-2883,$-2883,$0,$206,$-2722,$608,$92,$0
15,2014-12-31,87.14,$10.55,8.26,$15.03,5.8,$17.33,5.03,$7.38,11.81,$17.71B,$5.76B,3.08,$12.52B,$15.82B,0.79,$24.89B,$21.10B,84.78%,$24.89B,$15.27B,61.33%,$24.89B,$15.27B,61.33%,$24.89B,$16.32B,65.55%,$24.89B,$14.86B,59.69%,$24.89B,$12.10B,48.62%,$12.10B,$15.82B,80.92%,$12.10B,$3.57B,507.81%,$12.10B,$34.66B,39.42%,$15.27B,$28.34B,62.90%,$7314,$1063,$6251,$1045,$876,$2984,$4330,$-100,$4230,$768,$3462,$3462,$3487,$4605,$4330,$1522,1647,$2.31,$2.15,$10128,$1386,$0,$17714,$1674,$1598,$12245,$1197,$16950,$34664,$5761,$12522,$562,$13084,$18845,$2,$12732,$301,$15819,$34664,$12059,$1050,$227,$1277,$-2578,$143,$-289,$-340,$-518,$12818,$-557,$0,$0,$-1248,$-18,$-1266,$0,$-1823,$5670,$0,$5670,$-5018,$-5018,$0,$-3677,$-3025,$7914,$360,$0
16,2014-09-30,98.41,$9.16,10.74,$12.43,7.91,$11.61,8.48,$5.67,17.36,$12.56B,$6.06B,2.08,$8.44B,$13.86B,0.61,$20.70B,$17.11B,82.69%,$20.70B,$12.13B,58.62%,$20.70B,$12.13B,58.62%,$20.70B,$13.04B,62.98%,$20.70B,$11.74B,56.72%,$20.70B,$9.41B,45.45%,$9.41B,$13.86B,67.50%,$9.41B,$1.39B,811.91%,$9.41B,$28.84B,33.99%,$12.13B,$22.31B,57.44%,$6042,$987,$5055,$630,$945,$2562,$3480,$-109,$3371,$647,$2724,$2724,$2731,$3748,$3480,$1514,1637,$1.80,$1.67,$6316,$1910,$267,$12562,$1510,$1375,$12478,$755,$16282,$28844,$6055,$8443,$417,$8926,$14981,$2,$11248,$174,$13864,$28844,$8597,$775,$251,$1026,$-827,$101,$-75,$-417,$174,$9797,$-390,$0,$0,$-1028,$0,$-1028,$0,$-1418,$2708,$0,$2708,$-3073,$-3073,$0,$-3894,$-4259,$4096,$265,$0
17,2014-06-30,76.65,$10.77,7.12,$10.39,7.38,$7.19,10.66,$4.47,17.15,$15.50B,$6.23B,2.49,$8.14B,$16.43B,0.5,$17.44B,$14.16B,81.20%,$17.44B,$9.80B,56.20%,$17.44B,$9.80B,56.20%,$17.44B,$10.50B,60.24%,$17.44B,$9.45B,54.18%,$17.44B,$7.46B,42.81%,$7.46B,$16.43B,56.26%,$7.46B,$3.75B,2451.23%,$7.46B,$31.21B,28.62%,$9.80B,$24.57B,49.32%,$6535,$925,$5610,$584,$614,$2123,$4412,$-106,$4306,$656,$3650,$3650,$3656,$4678,$4412,$1533,1664,$2.39,$2.20,$8799,$2069,$199,$15499,$1381,$782,$12680,$710,$15707,$31206,$6228,$8143,$338,$8549,$14777,$2,$10200,$-41,$16429,$31206,$5873,$507,$143,$650,$-1332,$-21,$-90,$-502,$-770,$5753,$-255,$0,$0,$-393,$0,$-393,$0,$-648,$2813,$0,$2813,$-1487,$-1487,$0,$187,$1513,$6618,$165,$0
18,2014-03-31,65.51,$8.91,7.35,$8.09,8.09,$4.80,13.65,$2.73,24.0,$12.97B,$5.92B,2.19,$8.15B,$13.70B,0.6,$13.67B,$10.63B,77.78%,$13.67B,$6.54B,47.86%,$13.67B,$6.54B,47.86%,$13.67B,$7.05B,51.60%,$13.67B,$6.22B,45.49%,$13.67B,$4.58B,33.51%,$4.58B,$13.70B,38.19%,$4.58B,$0.82B,-413.45%,$4.58B,$28.08B,19.14%,$6.54B,$21.86B,36.18%,$4999,$813,$4186,$595,$548,$1956,$3043,$-94,$2949,$726,$2223,$2223,$2227,$3284,$3043,$1537,1680,$1.45,$1.33,$6469,$2140,$201,$12971,$1303,$390,$12879,$396,$15107,$28078,$5915,$8153,$226,$8461,$14376,$2,$7735,$-96,$13702,$28078,$2223,$241,$86,$327,$-1118,$-85,$-20,$-166,$-982,$1568,$-164,$0,$0,$3,$0,$3,$0,$-161,$3124,$0,$3124,$-341,$-341,$0,$101,$2884,$4291,$82,$0
19,2013-12-31,69.43,$7.66,9.07,$6.64,10.46,$4.34,15.99,$1.83,37.94,$7.00B,$6.41B,1.09,$4.00B,$11.75B,0.34,$11.20B,$8.34B,74.48%,$11.20B,$4.52B,40.39%,$11.20B,$4.52B,40.39%,$11.20B,$4.87B,43.47%,$11.20B,$4.21B,37.57%,$11.20B,$3.08B,27.46%,$3.08B,$11.75B,27.54%,$3.08B,$-1.32B,-151.38%,$3.08B,$22.58B,13.69%,$4.52B,$15.75B,26.56%,$3120,$858,$2262,$552,$513,$1923,$1197,$-84,$1113,$326,$786,$786,$792,$1325,$1197,$1529,1695,$0.52,$0.45,$2132,$1697,$91,$6997,$1166,$439,$13069,$718,$15582,$22579,$6407,$4003,$341,$4427,$10834,$2,$6106,$-124,$11745,$22579,$3057,$345,$265,$610,$-315,$-343,$-98,$-148,$-562,$3105,$-190,$0,$-379,$315,$0,$315,$0,$-254,$-1666,$0,$-1666,$-269,$-269,$0,$-609,$-2544,$309,$252,$0
20,2013-09-30,58.12,$7.30,7.97,$6.43,9.04,$4.39,13.24,$1.83,31.76,$6.97B,$4.90B,1.42,$6.12B,$11.19B,0.55,$10.67B,$7.99B,74.91%,$10.67B,$4.43B,41.56%,$10.67B,$4.43B,41.56%,$10.67B,$4.72B,44.27%,$10.67B,$4.12B,38.59%,$10.67B,$3.05B,28.56%,$3.05B,$11.19B,28.70%,$3.05B,$-2.03B,-121.18%,$3.05B,$22.47B,13.76%,$4.43B,$17.31B,25.61%,$2783,$682,$2101,$546,$407,$1635,$1148,$-68,$1080,$294,$785,$785,$789,$1217,$1148,$1532,1692,$0.51,$0.47,$2090,$1946,$109,$6968,$1133,$665,$13223,$317,$15500,$22468,$4895,$6117,$120,$6381,$11276,$1,$5735,$-42,$11192,$22468,$2271,$217,$262,$478,$-226,$-217,$23,$-82,$-371,$2378,$-121,$0,$-379,$29,$0,$29,$0,$-471,$-967,$0,$-967,$58,$58,$0,$-790,$-1699,$207,$180,$0
21,2013-06-30,47.4,$7.42,6.39,$6.32,7.5,$4.55,10.42,$1.79,26.55,$7.07B,$4.94B,1.43,$6.07B,$11.34B,0.54,$10.31B,$7.72B,74.86%,$10.31B,$4.33B,41.98%,$10.31B,$4.33B,41.98%,$10.31B,$4.62B,44.81%,$10.31B,$3.99B,38.68%,$10.31B,$2.93B,28.45%,$2.93B,$11.34B,29.32%,$2.93B,$-1.90B,-97.06%,$2.93B,$22.62B,13.48%,$4.33B,$17.42B,25.49%,$2767,$685,$2083,$524,$405,$1614,$1154,$-78,$1076,$308,$768,$768,$773,$1227,$1154,$1527,1695,$0.51,$0.46,$2287,$1935,$176,$7073,$1136,$688,$13244,$328,$15552,$22624,$4937,$6074,$123,$6344,$11281,$1,$5066,$30,$11343,$22624,$1485,$148,$172,$319,$-181,$-201,$65,$-137,$-179,$1625,$-84,$0,$-379,$0,$0,$0,$0,$-463,$-930,$0,$-930,$64,$64,$0,$109,$-757,$398,$118,$0
22,2013-03-31,45.25,$6.82,6.64,$6.23,7.27,$4.72,9.59,$1.79,25.35,$6.66B,$4.29B,1.55,$7.27B,$10.39B,0.7,$9.95B,$7.43B,74.62%,$9.95B,$4.24B,42.55%,$9.95B,$4.24B,42.55%,$9.95B,$4.52B,45.44%,$9.95B,$3.88B,39.02%,$9.95B,$2.87B,28.87%,$2.87B,$10.39B,31.25%,$2.87B,$-2.87B,-76.93%,$2.87B,$22.21B,13.53%,$4.24B,$17.66B,25.71%,$2532,$634,$1897,$498,$374,$1506,$1025,$-85,$940,$222,$718,$718,$722,$1100,$1025,$1521,1665,$0.47,$0.43,$1943,$1800,$218,$6663,$1126,$688,$13266,$329,$15549,$22212,$4290,$7268,$110,$7529,$11819,$1,$4302,$21,$10392,$22212,$718,$74,$114,$188,$-232,$-57,$31,$-154,$-233,$672,$-39,$0,$-379,$10,$0,$10,$0,$-407,$-247,$0,$-247,$4,$4,$0,$44,$-199,$60,$62,$0
23,2012-12-31,33.95,$6.28,5.4,$6.17,5.5,$4.61,7.36,$1.65,20.64,$6.16B,$4.24B,1.45,$7.31B,$9.54B,0.77,$9.70B,$7.23B,74.53%,$9.70B,$4.01B,41.33%,$9.70B,$4.01B,41.33%,$9.70B,$4.29B,44.20%,$9.70B,$3.61B,37.23%,$9.70B,$2.59B,26.73%,$2.59B,$9.54B,30.74%,$2.59B,$-3.25B,-59.11%,$2.59B,$21.24B,12.55%,$4.01B,$16.86B,25.13%,$2588,$675,$1912,$440,$366,$1481,$1107,$-84,$1022,$263,$759,$759,$763,$1180,$1107,$1515,1583,$0.50,$0.47,$1862,$1745,$84,$6156,$1100,$720,$12797,$335,$15083,$21240,$4238,$7312,$116,$7458,$11696,$2,$3705,$-46,$9544,$21240,$2574,$278,$235,$513,$198,$-350,$117,$-106,$108,$3195,$-397,$0,$-10752,$-672,$-25,$-697,$0,$-11846,$519,$0,$519,$-201,$-201,$0,$245,$563,$-8080,$209,$0
24,2012-09-30,30.66,$5.77,5.31,$5.93,5.17,$5.06,6.05,$1.61,19.04,$5.88B,$4.80B,1.23,$7.26B,$8.75B,0.83,$9.31B,$6.94B,74.46%,$9.31B,$3.77B,40.48%,$9.31B,$3.77B,40.48%,$9.31B,$4.05B,43.47%,$9.31B,$3.41B,36.60%,$9.31B,$2.50B,26.79%,$2.50B,$8.75B,32.13%,$2.50B,$-4.06B,-105.13%,$2.50B,$20.96B,12.68%,$3.77B,$16.01B,24.48%,$2427,$597,$1829,$466,$320,$1383,$1044,$-93,$951,$280,$671,$671,$676,$1115,$1044,$1515,1585,$0.45,$0.43,$1695,$1617,$144,$5880,$856,$956,$12814,$347,$15083,$20964,$4802,$7262,$129,$7412,$12214,$1,$3139,$28,$8750,$20964,$1815,$205,$167,$372,$161,$-225,$146,$-102,$302,$2489,$-127,$0,$-10752,$-992,$-25,$-1017,$0,$-11896,$1093,$0,$1093,$-117,$-117,$0,$97,$1073,$-8333,$152,$0
25,2012-06-30,23.7,$5.35,4.43,$5.76,4.12,$5.21,4.55,$1.66,14.28,$5.84B,$4.99B,1.17,$7.28B,$8.08B,0.9,$9.01B,$6.70B,74.33%,$9.01B,$3.73B,41.40%,$9.01B,$3.73B,41.40%,$9.01B,$4.01B,44.52%,$9.01B,$3.43B,38.11%,$9.01B,$2.56B,28.42%,$2.56B,$8.08B,35.87%,$2.56B,$-4.75B,-783.47%,$2.56B,$20.50B,14.55%,$3.73B,$15.37B,26.72%,$2405,$617,$1788,$396,$333,$1346,$1059,$-89,$970,$264,$706,$706,$712,$1127,$1059,$1514,1561,$0.47,$0.46,$1708,$1603,$227,$5844,$812,$564,$12830,$336,$14658,$20502,$4987,$7282,$127,$7432,$12419,$1,$2663,$124,$8083,$20502,$1144,$134,$116,$249,$180,$-213,$231,$-22,$351,$1744,$-61,$0,$-10752,$-541,$-25,$-566,$0,$-11378,$1443,$0,$1443,$-60,$-60,$0,$-2,$1381,$-8258,$97,$0
26,2012-03-31,22.59,$4.86,4.65,$5.55,4.07,$5.21,4.34,$1.67,13.56,$5.83B,$4.19B,1.39,$8.23B,$7.36B,1.12,$8.74B,$6.51B,74.49%,$8.74B,$3.69B,42.19%,$8.74B,$3.69B,42.19%,$8.74B,$3.98B,45.49%,$8.74B,$3.45B,39.42%,$8.74B,$2.59B,29.68%,$2.59B,$7.36B,38.90%,$2.59B,$-5.48B,137.92%,$2.59B,$19.95B,16.58%,$3.69B,$15.60B,29.09%,$2282,$581,$1702,$458,$443,$1482,$800,$-131,$669,$231,$438,$438,$442,$866,$800,$1513,1555,$0.29,$0.28,$1452,$1418,$176,$5827,$783,$48,$12846,$339,$14124,$19950,$4188,$8231,$141,$8398,$12586,$1,$2179,$34,$7364,$19950,$438,$66,$109,$175,$-197,$-27,$108,$-55,$-159,$453,$-23,$0,$-10752,$57,$-25,$32,$0,$-10743,$1794,$0,$1794,$112,$112,$0,$-50,$1856,$-8432,$49,$0
27,2011-12-31,18.92,$4.56,4.15,$5.27,3.59,$5.43,3.49,$1.78,10.66,$13.92B,$2.52B,5.54,$7.75B,$6.87B,1.13,$8.39B,$6.26B,74.67%,$8.39B,$3.79B,45.20%,$8.39B,$3.79B,45.20%,$8.39B,$4.09B,48.81%,$8.39B,$3.65B,43.55%,$8.39B,$2.80B,33.43%,$2.80B,$6.87B,43.99%,$2.80B,$4.80B,63.89%,$2.80B,$17.30B,20.16%,$3.79B,$14.62B,33.54%,$2200,$584,$1616,$402,$346,$1333,$867,$-49,$819,$157,$662,$662,$665,$941,$867,$1550,1580,$0.44,$0.43,$9900,$1390,$0,$13919,$774,$64,$2067,$335,$3384,$17303,$2515,$7753,$136,$7921,$10436,$1,$1777,$58,$6867,$17303,$2789,$302,$336,$638,$-376,$-201,$429,$-43,$212,$3639,$-132,$0,$-589,$4310,$0,$4310,$0,$3590,$4009,$0,$4009,$-2171,$-2171,$0,$-74,$1764,$8976,$192,$0
28,2011-09-30,17.94,$4.12,4.35,$5.02,3.57,$4.79,3.74,$1.72,10.43,$6.15B,$2.22B,2.76,$4.03B,$6.23B,0.65,$8.18B,$6.15B,75.11%,$8.18B,$3.75B,45.85%,$8.18B,$3.75B,45.85%,$8.18B,$4.06B,49.60%,$8.18B,$3.63B,44.39%,$8.18B,$2.77B,33.81%,$2.77B,$6.23B,44.74%,$2.77B,$4.12B,63.44%,$2.77B,$12.64B,22.17%,$3.75B,$10.26B,37.93%,$2122,$532,$1590,$290,$296,$1118,$1004,$-29,$975,$237,$738,$738,$741,$1077,$1004,$1534,1563,$0.49,$0.48,$2257,$1338,$116,$6147,$761,$3225,$2111,$313,$6493,$12640,$2224,$4031,$117,$4182,$6407,$1,$1322,$-16,$6233,$12640,$2127,$229,$233,$461,$-221,$-137,$258,$-19,$72,$2661,$-106,$0,$-589,$-156,$0,$-156,$0,$-850,$336,$0,$336,$-1999,$-1999,$0,$-100,$-1763,$1,$146,$0
29,2011-06-30,19.14,$4.00,4.79,$4.81,3.98,$4.38,4.37,$1.66,11.53,$6.22B,$2.31B,2.69,$4.03B,$6.21B,0.65,$8.00B,$6.02B,75.21%,$8.00B,$3.73B,46.59%,$8.00B,$3.73B,46.59%,$8.00B,$4.03B,50.38%,$8.00B,$3.62B,45.24%,$8.00B,$2.73B,34.14%,$2.73B,$6.21B,44.79%,$2.73B,$4.08B,61.98%,$2.73B,$12.69B,22.42%,$3.73B,$10.24B,39.18%,$2137,$534,$1603,$282,$304,$1121,$1017,$-34,$983,$240,$742,$742,$746,$1092,$1017,$1570,1602,$0.48,$0.47,$2270,$1322,$85,$6219,$722,$3229,$2128,$309,$6475,$12694,$2311,$4027,$117,$4172,$6483,$1,$1396,$-133,$6211,$12694,$1390,$156,$143,$299,$-222,$-115,$296,$-34,$75,$1764,$-42,$0,$-589,$-140,$0,$-140,$0,$-770,$336,$0,$336,$-1157,$-1157,$0,$-66,$-887,$-2,$100,$0
30,2011-03-31,19.63,$3.90,5.03,$4.55,4.32,$4.05,4.85,$1.59,12.35,$6.85B,$2.77B,2.47,$3.90B,$6.18B,0.63,$7.79B,$5.89B,75.56%,$7.79B,$3.70B,47.54%,$7.79B,$3.70B,47.54%,$7.79B,$3.99B,51.21%,$7.79B,$3.63B,46.59%,$7.79B,$2.70B,34.62%,$2.70B,$6.18B,43.37%,$2.70B,$4.55B,57.54%,$2.70B,$12.99B,23.18%,$3.70B,$10.08B,42.21%,$1926,$474,$1452,$254,$296,$1024,$902,$-27,$875,$227,$647,$647,$651,$983,$902,$1592,1624,$0.41,$0.40,$3011,$1304,$96,$6851,$704,$3345,$1630,$323,$6136,$12987,$2769,$3900,$113,$4043,$6812,$1,$1320,$-101,$6175,$12987,$647,$81,$61,$142,$-108,$-97,$176,$-32,$32,$821,$-15,$0,$-221,$-64,$0,$-64,$0,$-300,$986,$0,$986,$-490,$-490,$0,$-11,$485,$928,$49,$0
31,2010-12-31,16.75,$3.82,4.39,$4.48,3.74,$3.91,4.28,$1.65,10.15,$5.71B,$2.47B,2.32,$2.87B,$6.12B,0.47,$7.95B,$6.08B,76.47%,$7.95B,$3.96B,49.84%,$7.95B,$3.96B,49.84%,$7.95B,$4.23B,53.17%,$7.95B,$3.91B,49.23%,$7.95B,$2.90B,36.49%,$2.90B,$6.12B,44.28%,$2.90B,$4.70B,57.46%,$2.90B,$11.59B,26.23%,$3.96B,$8.99B,47.00%,$1999,$496,$1502,$393,$280,$1169,$829,$-30,$800,$173,$626,$626,$629,$907,$829,$1712,1747,$0.39,$0.39,$2099,$1204,$116,$5708,$701,$3219,$1426,$385,$5885,$11593,$2465,$2866,$107,$3006,$5471,$1,$1184,$31,$6122,$11593,$2890,$265,$359,$625,$-349,$-161,$-4,$-100,$-680,$2834,$-62,$0,$-91,$-1785,$0,$-1785,$0,$-1938,$2094,$0,$2094,$-3646,$-3646,$0,$213,$-1339,$-365,$200,$0
32,2010-09-30,16.46,$3.60,4.57,$4.43,3.72,$3.85,4.28,$1.71,9.65,$6.03B,$2.59B,2.33,$2.87B,$5.88B,0.49,$7.98B,$6.14B,76.86%,$7.98B,$4.20B,52.59%,$7.98B,$4.20B,52.59%,$7.98B,$4.45B,55.74%,$7.98B,$4.17B,52.27%,$7.98B,$3.07B,38.51%,$3.07B,$5.88B,46.25%,$3.07B,$4.30B,60.04%,$3.07B,$11.46B,29.04%,$4.20B,$8.75B,51.78%,$1938,$478,$1460,$230,$251,$959,$979,$-18,$961,$259,$702,$702,$705,$1048,$979,$1666,1694,$0.43,$0.42,$2308,$1273,$112,$6032,$692,$2744,$1577,$316,$5424,$11456,$2590,$2866,$81,$2987,$5577,$1,$1122,$7,$5879,$11456,$2263,$188,$171,$359,$-352,$-228,$142,$-36,$-513,$2109,$-39,$0,$-91,$-1400,$0,$-1400,$0,$-1530,$2094,$0,$2094,$-3085,$-3085,$0,$111,$-879,$-250,$147,$0
33,2010-06-30,15.85,$3.90,4.07,$4.25,3.73,$2.99,5.3,$1.65,9.6,$5.71B,$3.11B,1.84,$0.59B,$6.70B,0.09,$7.85B,$6.07B,77.34%,$7.85B,$4.11B,52.42%,$7.85B,$4.11B,52.42%,$7.85B,$4.35B,55.48%,$7.85B,$4.10B,52.29%,$7.85B,$3.04B,38.77%,$3.04B,$6.70B,45.99%,$3.04B,$5.21B,59.72%,$3.04B,$10.50B,30.55%,$4.11B,$7.29B,53.73%,$1927,$456,$1472,$231,$248,$935,$993,$1,$993,$284,$709,$709,$712,$1051,$993,$1764,1798,$0.41,$0.40,$2001,$1357,$244,$5709,$695,$2217,$1495,$303,$4788,$10497,$3106,$586,$66,$691,$3797,$1,$1831,$190,$6700,$10497,$1561,$119,$131,$249,$-242,$-318,$262,$-10,$-441,$1370,$-28,$0,$0,$-108,$0,$-108,$0,$-136,$494,$0,$494,$-1710,$-1710,$0,$66,$-1150,$210,$95,$0
34,2010-03-31,21.02,$4.16,5.05,$4.06,5.18,$2.82,7.46,$1.56,13.47,$5.12B,$1.89B,2.72,$1.20B,$7.50B,0.16,$7.57B,$5.86B,77.45%,$7.57B,$3.88B,51.30%,$7.57B,$3.88B,51.30%,$7.57B,$4.12B,54.40%,$7.57B,$3.87B,51.10%,$7.57B,$2.90B,38.34%,$2.90B,$7.50B,46.28%,$2.90B,$5.99B,61.35%,$2.90B,$10.70B,30.76%,$3.88B,$8.70B,52.06%,$2086,$440,$1645,$219,$266,$925,$1161,$-1,$1160,$308,$852,$852,$855,$1221,$1161,$1803,1857,$0.48,$0.46,$1652,$1224,$140,$5124,$696,$2968,$1510,$317,$5572,$10696,$1888,$1197,$67,$1306,$3193,$1,$2689,$83,$7503,$10696,$852,$60,$82,$142,$-164,$-175,$142,$4,$-324,$671,$-12,$0,$0,$-1057,$0,$-1057,$0,$-1069,$-0,$0,$-0,$-59,$-59,$0,$75,$16,$-336,$47,$0
35,2009-12-31,20.0,$3.62,5.53,$3.75,5.34,$2.72,7.36,$1.42,14.14,$4.81B,$1.87B,2.57,$1.19B,$6.51B,0.18,$7.01B,$5.42B,77.26%,$7.01B,$3.53B,50.33%,$7.01B,$3.53B,50.33%,$7.01B,$3.74B,53.38%,$7.01B,$3.50B,49.96%,$7.01B,$2.64B,37.59%,$2.64B,$6.51B,46.66%,$2.64B,$4.98B,58.76%,$2.64B,$9.70B,30.51%,$3.53B,$7.70B,51.75%,$2032,$473,$1559,$240,$254,$967,$1065,$-6,$1059,$260,$799,$799,$802,$1130,$1065,$1809,1868,$0.44,$0.43,$1657,$1052,$67,$4813,$700,$2248,$1525,$312,$4886,$9699,$1872,$1191,$87,$1322,$3193,$1,$1995,$-6,$6505,$9699,$2626,$213,$211,$424,$-356,$-75,$204,$-17,$30,$3080,$-230,$0,$-1248,$-738,$0,$-738,$0,$-2216,$-311,$0,$-311,$-776,$-776,$0,$35,$-1051,$-186,$181,$0
36,2009-09-30,21.49,$3.19,6.74,$3.40,6.31,$2.25,9.55,$1.28,16.79,$4.30B,$1.89B,2.28,$1.18B,$5.75B,0.21,$6.41B,$4.96B,77.49%,$6.41B,$3.17B,49.55%,$6.41B,$3.17B,49.55%,$6.41B,$3.36B,52.51%,$6.41B,$3.16B,49.28%,$6.41B,$2.39B,37.36%,$2.39B,$5.75B,46.58%,$2.39B,$4.20B,55.33%,$2.39B,$8.94B,30.12%,$3.17B,$6.94B,50.46%,$1801,$410,$1392,$270,$227,$907,$894,$-3,$891,$221,$670,$670,$673,$951,$894,$1807,1865,$0.38,$0.36,$1355,$1018,$60,$4298,$701,$1937,$1556,$311,$4639,$8937,$1889,$1183,$68,$1296,$3185,$1,$1421,$-39,$5752,$8937,$1826,$149,$203,$352,$-290,$-40,$135,$-57,$-53,$2125,$-1451,$0,$0,$-367,$0,$-367,$0,$-1818,$-111,$0,$-111,$-596,$-596,$0,$-21,$-727,$-435,$139,$0
37,2009-06-30,21.65,$2.94,7.37,$3.15,6.87,$2.66,8.12,$1.18,18.35,$4.00B,$1.78B,2.25,$1.18B,$5.31B,0.22,$5.98B,$4.64B,77.69%,$5.98B,$2.97B,49.77%,$5.98B,$2.97B,49.77%,$5.98B,$3.16B,52.79%,$5.98B,$2.95B,49.31%,$5.98B,$2.22B,37.08%,$2.22B,$5.31B,46.74%,$2.22B,$3.74B,51.33%,$2.22B,$8.39B,29.73%,$2.97B,$6.49B,50.17%,$1647,$383,$1264,$242,$261,$886,$761,$-6,$756,$186,$569,$569,$571,$814,$761,$1811,1869,$0.32,$0.31,$1244,$970,$78,$4001,$697,$1654,$1571,$331,$4386,$8387,$1778,$1176,$65,$1295,$3073,$1,$1020,$23,$5314,$8387,$1156,$92,$157,$249,$-218,$7,$44,$-7,$-140,$1264,$-185,$0,$-1248,$41,$0,$41,$0,$-1392,$95,$0,$95,$-366,$-366,$0,$-30,$-302,$-418,$90,$0
38,2009-03-31,21.41,$2.77,7.74,$2.93,7.3,$2.61,8.21,$1.11,19.38,$4.62B,$1.26B,3.66,$1.13B,$5.02B,0.23,$5.61B,$4.39B,78.31%,$5.61B,$2.82B,50.28%,$5.61B,$2.82B,50.28%,$5.61B,$2.98B,53.22%,$5.61B,$2.79B,49.83%,$5.61B,$2.08B,37.10%,$2.08B,$5.02B,47.76%,$2.08B,$5.02B,48.10%,$2.08B,$7.52B,29.77%,$2.82B,$6.15B,53.64%,$1530,$329,$1201,$189,$204,$722,$808,$-13,$796,$209,$587,$587,$589,$847,$808,$1820,1885,$0.33,$0.32,$2060,$937,$165,$4616,$679,$1549,$0,$455,$2904,$7520,$1262,$1133,$57,$1241,$2503,$1,$673,$112,$5017,$7520,$587,$39,$95,$134,$-89,$-12,$-21,$-18,$-79,$641,$-164,$0,$0,$-164,$0,$-164,$0,$-328,$-0,$0,$-0,$-189,$-189,$0,$43,$-146,$204,$41,$0
39,2008-12-31,23.64,$2.45,9.63,$2.77,8.53,$2.66,8.89,$1.05,22.62,$4.28B,$1.22B,3.5,$1.12B,$4.47B,0.25,$5.34B,$4.21B,78.88%,$5.34B,$2.68B,50.22%,$5.34B,$2.68B,50.22%,$5.34B,$2.84B,53.14%,$5.34B,$2.67B,50.10%,$5.34B,$1.98B,37.09%,$1.98B,$4.47B,50.31%,$1.98B,$4.34B,50.71%,$1.98B,$6.94B,30.09%,$2.68B,$5.59B,54.92%,$1428,$322,$1107,$202,$194,$717,$711,$3,$714,$156,$558,$558,$560,$752,$711,$1841,1918,$0.31,$0.29,$1790,$928,$126,$4278,$529,$1450,$123,$330,$2658,$6937,$1221,$1119,$57,$1250,$2471,$1,$300,$41,$4466,$6937,$1970,$156,$146,$301,$-257,$-331,$313,$35,$-128,$2143,$-115,$0,$-11,$-53,$0,$-53,$0,$-179,$-4,$0,$-4,$-1723,$-1723,$0,$253,$-1475,$491,$153,$0
40,2008-09-30,21.09,$2.26,9.32,$2.59,8.13,$2.43,8.69,$0.95,22.2,$4.33B,$1.26B,3.44,$1.32B,$4.17B,0.32,$5.00B,$3.98B,79.57%,$5.00B,$2.48B,49.62%,$5.00B,$2.48B,49.62%,$5.00B,$2.66B,53.12%,$5.00B,$2.44B,48.84%,$5.00B,$1.79B,35.79%,$1.79B,$4.17B,48.62%,$1.79B,$4.17B,48.62%,$1.79B,$6.97B,28.41%,$2.48B,$5.49B,53.10%,$1371,$300,$1071,$188,$189,$677,$694,$-13,$681,$187,$494,$494,$496,$742,$694,$1842,1921,$0.27,$0.26,$1919,$898,$141,$4327,$512,$1337,$0,$483,$2647,$6974,$1259,$1321,$44,$1549,$2808,$1,$531,$17,$4166,$6974,$1413,$115,$157,$272,$-259,$-298,$341,$-7,$-119,$1565,$-73,$0,$-11,$-333,$0,$-333,$0,$-417,$-4,$0,$-4,$-1040,$-1040,$0,$149,$-894,$241,$115,$0
41,2008-06-30,24.48,$2.04,11.97,$2.43,10.06,$2.27,10.79,$0.90,27.2,$3.67B,$2.45B,1.5,$0.03B,$3.77B,0.01,$4.69B,$3.77B,80.36%,$4.69B,$2.34B,49.79%,$4.69B,$2.34B,49.79%,$4.69B,$2.48B,52.84%,$4.69B,$2.34B,49.85%,$4.69B,$1.69B,36.08%,$1.69B,$3.77B,49.97%,$1.69B,$3.77B,50.46%,$1.69B,$6.52B,28.74%,$2.34B,$3.80B,53.03%,$1278,$266,$1012,$177,$220,$673,$606,$-2,$603,$170,$433,$433,$435,$643,$606,$1846,1931,$0.24,$0.23,$1348,$856,$115,$3669,$493,$1561,$0,$488,$2848,$6517,$2451,$26,$116,$294,$2745,$1,$265,$-0,$3772,$6517,$919,$67,$130,$197,$-184,$-254,$314,$8,$-69,$1047,$-42,$0,$-7,$-50,$0,$-50,$0,$-98,$-0,$0,$-0,$-830,$-830,$0,$77,$-753,$152,$73,$0
42,2008-03-31,23.82,$1.81,13.18,$2.31,10.3,$2.24,10.62,$0.88,27.07,$2.95B,$0.94B,3.14,$1.31B,$3.33B,0.39,$4.46B,$3.62B,81.21%,$4.46B,$2.27B,50.94%,$4.46B,$2.27B,50.94%,$4.46B,$2.39B,53.63%,$4.46B,$2.31B,51.68%,$4.46B,$1.67B,37.33%,$1.67B,$3.33B,54.32%,$1.67B,$3.33B,55.50%,$1.67B,$5.88B,30.47%,$2.27B,$4.64B,51.32%,$1258,$240,$1018,$155,$195,$590,$668,$7,$675,$188,$486,$486,$488,$698,$668,$1856,1933,$0.27,$0.26,$914,$661,$105,$2948,$456,$1675,$0,$500,$2931,$5879,$939,$1310,$130,$1611,$2550,$1,$-35,$-8,$3329,$5879,$486,$30,$31,$61,$-141,$-58,$105,$68,$58,$606,$-17,$0,$0,$-106,$0,$-106,$0,$-123,$-0,$0,$-0,$-750,$-750,$0,$61,$-690,$-245,$36,$0
43,2007-12-31,21.27,$1.86,11.46,$2.20,9.69,$2.18,9.76,$0.84,25.39,$3.03B,$0.74B,4.11,$1.31B,$3.46B,0.38,$4.23B,$3.46B,81.82%,$4.23B,$2.16B,51.16%,$4.23B,$2.16B,51.16%,$4.23B,$2.27B,53.57%,$4.23B,$2.21B,52.27%,$4.23B,$1.58B,37.45%,$1.58B,$3.46B,56.00%,$1.58B,$3.46B,58.01%,$1.58B,$5.84B,30.77%,$2.16B,$4.77B,51.38%,$1095,$216,$879,$185,$180,$580,$514,$-30,$484,$122,$362,$362,$371,$574,$514,$1858,1929,$0.20,$0.19,$1172,$600,$35,$3028,$448,$1550,$0,$511,$2806,$5835,$736,$1312,$125,$1638,$2375,$1,$249,$-4,$3460,$5835,$1576,$101,$324,$426,$-138,$-35,$-78,$-239,$-332,$1669,$-79,$0,$-46,$-1172,$-5,$-1177,$0,$-1302,$-99,$0,$-99,$-244,$-244,$0,$173,$-171,$152,$185,$0
44,2007-09-30,18.89,$1.61,11.77,$2.12,8.92,$1.96,9.63,$-0.27,0.0,$2.55B,$0.69B,3.68,$1.42B,$2.98B,0.48,$4.03B,$3.33B,82.45%,$4.03B,$0.10B,2.40%,$4.03B,$0.10B,2.40%,$4.03B,$0.15B,3.74%,$4.03B,$0.20B,5.03%,$4.03B,$-0.45B,-11.23%,$-0.45B,$2.98B,-18.74%,$-0.45B,$2.85B,-19.53%,$-0.45B,$5.32B,-9.62%,$0.10B,$4.40B,2.54%,$1059,$198,$860,$140,$173,$512,$547,$29,$576,$178,$398,$398,$398,$563,$547,$1854,1918,$0.22,$0.21,$767,$566,$32,$2545,$442,$1451,$130,$382,$2773,$5318,$691,$1419,$0,$1644,$2336,$1,$-122,$-14,$2982,$5318,$1214,$42,$232,$274,$-162,$2,$-104,$-90,$-234,$1253,$-64,$0,$-46,$-1062,$0,$-1062,$0,$-1172,$-99,$0,$-99,$-269,$-269,$0,$85,$-283,$-232,$151,$0
45,2007-06-30,17.94,$1.34,13.34,$1.97,9.08,$1.70,10.53,$-0.51,0.0,$2.45B,$0.75B,3.26,$1.41B,$2.49B,0.57,$3.72B,$3.11B,83.38%,$3.72B,$-0.39B,-10.53%,$3.72B,$-0.39B,-10.53%,$3.72B,$-0.34B,-9.21%,$3.72B,$-0.28B,-7.63%,$3.72B,$-0.90B,-24.25%,$-0.90B,$2.49B,-36.17%,$-0.90B,$2.36B,-37.14%,$-0.90B,$4.83B,-19.19%,$-0.39B,$3.90B,-10.08%,$1048,$183,$865,$136,$186,$505,$543,$27,$570,$162,$408,$408,$408,$557,$543,$1863,1936,$0.22,$0.21,$876,$573,$40,$2447,$391,$1111,$130,$376,$2379,$4826,$752,$1407,$0,$1585,$2337,$1,$-520,$-6,$2489,$4826,$815,$26,$163,$189,$-115,$-6,$-102,$50,$-2,$1002,$-47,$0,$0,$-725,$0,$-725,$0,$-772,$-99,$0,$-99,$-306,$-306,$0,$69,$-337,$-114,$105,$0
46,2007-03-31,17.72,$1.28,13.85,$1.79,9.88,$1.45,12.23,$-0.58,0.0,$2.44B,$0.71B,3.44,$1.40B,$2.38B,0.59,$3.36B,$2.85B,84.71%,$3.36B,$-0.57B,-16.96%,$3.36B,$-0.57B,-16.96%,$3.36B,$-0.52B,-15.53%,$3.36B,$-0.46B,-13.54%,$3.36B,$-1.05B,-31.12%,$-1.05B,$2.38B,-39.12%,$-1.05B,$2.25B,-39.61%,$-1.05B,$4.62B,-21.81%,$-0.57B,$3.78B,-13.99%,$1028,$172,$857,$130,$167,$468,$560,$21,$581,$173,$407,$407,$407,$572,$560,$1854,1925,$0.22,$0.21,$926,$522,$32,$2441,$377,$935,$131,$376,$2175,$4615,$710,$1396,$0,$1522,$2233,$0,$-498,$-5,$2383,$4615,$407,$12,$72,$84,$-75,$42,$-71,$23,$-1,$490,$-25,$0,$0,$-565,$0,$-565,$0,$-590,$-99,$0,$-99,$84,$84,$0,$34,$18,$-87,$57,$0
47,2006-12-31,15.01,$0.98,15.24,$1.62,9.27,$1.31,11.41,$-0.66,0.0,$2.43B,$0.76B,3.18,$1.39B,$1.82B,0.77,$3.03B,$2.59B,85.69%,$3.03B,$-0.76B,-25.05%,$3.03B,$-0.76B,-25.05%,$3.03B,$-0.71B,-23.50%,$3.03B,$-0.64B,-21.12%,$3.03B,$-1.19B,-39.33%,$-1.19B,$1.82B,-40.68%,$-1.19B,$1.82B,-40.68%,$-1.19B,$4.09B,-25.59%,$-0.76B,$3.21B,-18.84%,$899,$155,$744,$112,$147,$2452,$-1553,$30,$-1524,$142,$-1666,$-1666,$-1666,$-1541,$-1553,$1836,1836,$-0.91,$-0.90,$937,$564,$23,$2429,$361,$453,$0,$540,$1657,$4086,$764,$1392,$0,$1506,$2270,$1,$-891,$2,$1816,$4086,$-1190,$47,$2647,$2694,$-184,$-358,$264,$23,$-286,$1218,$-105,$0,$-2736,$1111,$-9,$1102,$0,$-1739,$696,$0,$696,$-142,$-142,$0,$95,$649,$108,$134,$0
