,Date,Stock Price,Book Value per Share,Price to Book Ratio,TTM Sales per Share,Price to Sales Ratio,TTM FCF per Share,Price to FCF Ratio,TTM Net EPS,PE Ratio,Current Assets,Current Liabilities,Current Ratio,Long Term Debt,Shareholder's Equity_x,Debt to Equity Ratio,TTM Revenue_x,TTM Gross Profit,Gross Margin,TTM Revenue_y,TTM Operating Income,Operating Margin,TTM Revenue_x,TTM EBIT,EBIT Margin,TTM Revenue_y,TTM EBITDA,EBITDA Margin,TTM Revenue_x,TTM Pre-Tax Income,Pre-Tax Margin,TTM Revenue_y,TTM Net Income_x,Net Margin,TTM Net Income_y,Shareholder's Equity_y,Return on Equity,TTM Net Income_x,Tangible Equity,Return on Tangible Equity,TTM Net Income_y,Total Assets,Return on Assets,TTM Net Income,LT Investments & Debt,Return on Investment,revenue,cost-goods-sold,gross-profit,research-development-expenses,selling-general-administrative-expenses,operating-expenses,operating-income,total-non-operating-income-expense,pre-tax-income,total-provision-income-taxes,income-after-taxes,income-from-continuous-operations,net-income,ebitda,ebit,basic-shares-outstanding,shares-outstanding,eps-basic-net-earnings-per-share,eps-earnings-per-share-diluted,cash-on-hand,inventory,other-current-assets,total-current-assets,net-property-plant-equipment,long-term-investments,goodwill-intangible-assets-total,other-long-term-assets,total-long-term-assets,total-assets,total-current-liabilities,long-term-debt,other-non-current-liabilities,total-long-term-liabilities,total-liabilities,common-stock-net,retained-earnings-accumulated-deficit,comprehensive-income,total-share-holder-equity,total-liabilities-share-holders-equity,net-income-loss,total-depreciation-amortization-cash-flow,other-non-cash-items,total-non-cash-items,change-in-accounts-receivable,change-in-inventories,change-in-accounts-payable,change-in-assets-liabilities,total-change-in-assets-liabilities,cash-flow-from-operating-activities,net-change-in-property-plant-equipment,net-change-in-intangible-assets,net-acquisitions-divestitures,net-change-in-short-term-investments,net-change-in-long-term-investments,net-change-in-investments-total,investing-activities-other,cash-flow-from-investing-activities,net-long-term-debt,net-current-debt,debt-issuance-retirement-net-total,net-common-equity-issued-repurchased,net-total-equity-issued-repurchased,total-common-preferred-stock-dividends-paid,financial-activities-other,cash-flow-from-financial-activities,net-cash-flow,stock-based-compensation,common-stock-dividends-paid
0,2018-08-31,46.01,$11.03,4.17,$27.33,1.68,$9.85,4.67,$3.60,12.78,$4.19B,$7.19B,0.58,$12.67B,$6.58B,1.93,$16.07B,$5.46B,33.97%,$16.07B,$2.51B,15.61%,$16.07B,$2.51B,15.61%,$16.07B,$3.14B,19.52%,$16.07B,$2.07B,12.89%,$16.07B,$2.12B,13.18%,$2.12B,$6.58B,36.85%,$2.12B,$-14.88B,-18.08%,$2.12B,$30.56B,8.02%,$2.51B,$19.24B,15.74%,$4094,$2751,$1343,$0,$743,$3493,$602,$-113,$489,$111,$378,$396,$392,$757,$602,$598,603,$0.66,$0.65,$433,$1686,$0,$4186,$3955,$0,$21451,$963,$26369,$30555,$7188,$12665,$2097,$16791,$23979,$76,$14524,$-2499,$6576,$30555,$396,$155,$42,$197,$0,$0,$0,$15,$15,$607,$-113,$0,$0,$0,$0,$0,$-27,$-140,$-0,$-190,$-190,$73,$73,$-294,$-12,$-423,$34,$26,$-294
1,2018-05-31,41.83,$10.95,3.82,$26.96,1.55,$9.83,4.25,$3.64,11.49,$4.12B,$7.34B,0.56,$12.67B,$6.49B,1.95,$15.74B,$5.43B,34.48%,$15.74B,$2.51B,15.95%,$15.74B,$2.51B,15.95%,$15.74B,$3.13B,19.88%,$15.74B,$2.14B,13.56%,$15.74B,$2.13B,13.54%,$2.13B,$6.49B,41.18%,$2.13B,$-15.02B,-20.73%,$2.13B,$30.62B,8.76%,$2.51B,$19.16B,17.74%,$3890,$2474,$1416,$0,$683,$3309,$582,$-158,$424,$86,$338,$358,$354,$766,$582,$577,586,$0.60,$0.59,$399,$1642,$0,$4124,$4047,$0,$21510,$943,$26500,$30624,$7342,$12669,$2117,$16790,$24132,$76,$14460,$-2429,$6492,$30624,$2163,$619,$-483,$136,$0,$0,$0,$542,$542,$2841,$-621,$0,$-8036,$0,$-17,$-17,$-11,$-8685,$5950,$328,$6277,$468,$468,$-1140,$-160,$5446,$-367,$77,$-1140
2,2018-02-28,49.46,$9.36,5.29,$26.69,1.85,$8.95,5.53,$3.74,13.22,$4.28B,$6.21B,0.69,$7.16B,$5.34B,1.34,$15.66B,$5.33B,34.05%,$15.66B,$2.54B,16.20%,$15.66B,$2.54B,16.20%,$15.66B,$3.13B,19.98%,$15.66B,$2.25B,14.38%,$15.66B,$2.19B,13.96%,$2.19B,$5.34B,46.28%,$2.19B,$-8.14B,-25.20%,$2.19B,$22.24B,9.89%,$2.54B,$12.50B,20.40%,$3882,$2627,$1255,$0,$655,$3290,$593,$-89,$503,$-433,$936,$953,$941,$737,$593,$573,583,$1.64,$1.62,$953,$1453,$0,$4277,$3626,$0,$13471,$866,$17964,$22241,$6210,$7164,$2299,$10696,$16906,$76,$14398,$-2553,$5335,$22241,$1805,$435,$-499,$-65,$0,$0,$0,$395,$395,$2135,$-397,$0,$0,$0,$-15,$-15,$-13,$-425,$-100,$-37,$-137,$-510,$-510,$-847,$-76,$-1570,$187,$63,$-847
3,2017-11-30,54.88,$8.07,6.8,$26.44,2.08,$7.97,6.89,$2.73,20.1,$4.33B,$5.35B,0.81,$8.23B,$4.59B,1.79,$15.57B,$5.38B,34.58%,$15.57B,$2.49B,15.97%,$15.57B,$2.49B,15.97%,$15.57B,$3.08B,19.79%,$15.57B,$2.21B,14.22%,$15.57B,$1.60B,10.30%,$1.60B,$4.59B,35.70%,$1.60B,$-8.82B,-18.14%,$1.60B,$22.19B,7.30%,$2.49B,$12.82B,20.36%,$4199,$2756,$1443,$0,$712,$3469,$730,$-75,$655,$235,$420,$444,$431,$876,$730,$571,580,$0.75,$0.74,$962,$1517,$0,$4334,$3631,$0,$13410,$816,$17857,$22192,$5350,$8228,$2233,$12252,$17602,$76,$13409,$-2244,$4590,$22192,$852,$291,$61,$352,$0,$0,$0,$362,$362,$1567,$-259,$0,$0,$0,$-7,$-7,$-4,$-271,$-0,$53,$53,$-550,$-550,$-565,$-69,$-1131,$196,$48,$-565
4,2017-08-31,51.19,$7.54,6.79,$26.06,1.96,$6.98,7.33,$2.79,18.35,$4.34B,$5.89B,0.74,$7.82B,$4.28B,1.83,$15.48B,$5.46B,35.28%,$15.48B,$2.53B,16.31%,$15.48B,$2.53B,16.31%,$15.48B,$3.12B,20.17%,$15.48B,$2.25B,14.55%,$15.48B,$1.65B,10.68%,$1.65B,$4.28B,36.96%,$1.65B,$-9.14B,-18.81%,$1.65B,$22.21B,7.58%,$2.53B,$12.11B,21.45%,$3769,$2456,$1313,$0,$703,$3164,$605,$-52,$553,$169,$385,$409,$405,$750,$605,$577,587,$0.70,$0.69,$821,$1595,$0,$4339,$3648,$0,$13426,$797,$17871,$22210,$5890,$7823,$2453,$12037,$17927,$76,$13259,$-2232,$4283,$22210,$409,$145,$55,$200,$0,$0,$0,$-18,$-18,$591,$-116,$0,$0,$0,$-7,$-7,$-0,$-123,$0,$414,$414,$-559,$-559,$-284,$-22,$-451,$55,$30,$-284
5,2017-05-31,54.05,$8.12,6.65,$26.02,2.08,$6.53,8.28,$2.77,19.51,$4.06B,$5.33B,0.76,$7.64B,$4.69B,1.63,$15.62B,$5.57B,35.63%,$15.62B,$2.57B,16.43%,$15.62B,$2.57B,16.43%,$15.62B,$3.17B,20.29%,$15.62B,$2.27B,14.54%,$15.62B,$1.66B,10.61%,$1.66B,$4.69B,35.08%,$1.66B,$-8.59B,-19.47%,$1.66B,$21.81B,7.62%,$2.57B,$12.33B,21.68%,$3807,$2487,$1320,$0,$693,$3197,$609,$-69,$540,$144,$396,$416,$409,$765,$609,$587,598,$0.70,$0.69,$766,$1484,$0,$4061,$3688,$0,$13278,$786,$17751,$21813,$5331,$7643,$2434,$11796,$17127,$76,$13139,$-2245,$4686,$21813,$1701,$604,$305,$908,$0,$0,$0,$-194,$-194,$2415,$-680,$0,$18,$0,$3,$3,$13,$-647,$72,$962,$1035,$-1539,$-1539,$-1135,$-108,$-1747,$2,$96,$-1135
6,2017-02-28,57.03,$7.64,7.46,$26.07,2.19,$6.96,8.19,$2.70,21.12,$4.13B,$5.74B,0.72,$7.18B,$4.40B,1.63,$15.74B,$5.62B,35.72%,$15.74B,$2.49B,15.81%,$15.74B,$2.49B,15.81%,$15.74B,$3.10B,19.72%,$15.74B,$2.19B,13.89%,$15.74B,$1.63B,10.35%,$1.63B,$4.40B,33.37%,$1.63B,$-8.80B,-19.49%,$1.63B,$21.67B,7.50%,$2.49B,$11.58B,21.01%,$3793,$2486,$1308,$0,$688,$3251,$543,$-76,$466,$107,$359,$370,$358,$690,$543,$581,591,$0.62,$0.61,$899,$1461,$0,$4128,$3575,$0,$13206,$762,$17542,$21670,$5744,$7176,$2799,$11523,$17267,$76,$13009,$-2350,$4404,$21670,$1286,$448,$294,$742,$0,$0,$0,$-369,$-369,$1659,$-474,$0,$18,$0,$5,$5,$28,$-424,$-253,$1681,$1428,$-1560,$-1560,$-856,$-95,$-1083,$135,$76,$-856
7,2016-11-30,57.12,$7.80,7.32,$26.23,2.18,$7.24,7.89,$2.68,21.31,$4.11B,$6.24B,0.66,$6.54B,$4.53B,1.45,$15.95B,$5.67B,35.56%,$15.95B,$2.53B,15.88%,$15.95B,$2.53B,15.88%,$15.95B,$3.15B,19.74%,$15.95B,$2.23B,13.97%,$15.95B,$1.63B,10.24%,$1.63B,$4.53B,32.04%,$1.63B,$-8.64B,-20.05%,$1.63B,$21.60B,7.52%,$2.53B,$11.07B,21.07%,$4112,$2593,$1520,$0,$708,$3343,$769,$-76,$693,$227,$466,$496,$482,$918,$769,$589,600,$0.82,$0.80,$810,$1526,$0,$4112,$3571,$0,$13167,$753,$17491,$21602,$6244,$6542,$2784,$10832,$17076,$76,$12932,$-2477,$4526,$21602,$915,$301,$203,$504,$0,$0,$0,$-341,$-341,$1079,$-318,$0,$18,$0,$-8,$-8,$28,$-280,$-0,$1165,$1164,$-1273,$-1273,$-576,$-36,$-720,$46,$56,$-576
8,2016-08-31,65.88,$8.89,7.41,$26.60,2.48,$7.38,8.92,$2.75,23.96,$4.19B,$5.22B,0.8,$7.08B,$5.29B,1.34,$16.26B,$5.69B,35.01%,$16.26B,$2.67B,16.42%,$16.26B,$2.67B,16.42%,$16.26B,$3.29B,20.21%,$16.26B,$2.37B,14.56%,$16.26B,$1.68B,10.34%,$1.68B,$5.29B,31.98%,$1.68B,$-8.02B,-21.12%,$1.68B,$21.91B,7.74%,$2.67B,$12.37B,21.53%,$3908,$2491,$1417,$0,$712,$3262,$646,$-74,$572,$177,$395,$420,$409,$798,$646,$600,612,$0.68,$0.67,$766,$1548,$0,$4193,$3655,$0,$13310,$754,$17720,$21913,$5215,$7078,$2889,$11409,$16625,$76,$12735,$-2485,$5289,$21913,$420,$153,$126,$279,$0,$0,$0,$-328,$-328,$371,$-153,$0,$0,$0,$8,$8,$18,$-127,$0,$420,$420,$-336,$-336,$-291,$-31,$-238,$2,$39,$-291
9,2016-05-31,58.01,$8.89,6.52,$27.06,2.14,$7.49,7.75,$2.77,20.94,$3.94B,$5.02B,0.79,$7.06B,$5.31B,1.33,$16.56B,$5.83B,35.20%,$16.56B,$2.71B,16.34%,$16.56B,$2.71B,16.34%,$16.56B,$3.32B,20.01%,$16.56B,$2.40B,14.51%,$16.56B,$1.70B,10.26%,$1.70B,$5.31B,32.23%,$1.70B,$-7.97B,-21.25%,$1.70B,$21.71B,7.79%,$2.71B,$12.37B,21.57%,$3928,$2551,$1377,$0,$779,$3396,$532,$-78,$455,$88,$367,$390,$380,$699,$532,$599,612,$0.63,$0.62,$764,$1414,$0,$3937,$3744,$0,$13280,$752,$17775,$21712,$5015,$7058,$2933,$11391,$16405,$76,$12617,$-2612,$5307,$21712,$1737,$608,$121,$729,$0,$0,$0,$299,$299,$2764,$-725,$0,$745,$0,$64,$64,$10,$93,$-458,$-324,$-782,$-435,$-435,$-1072,$-132,$-2420,$430,$90,$-1072
10,2016-02-29,53.99,$8.87,6.09,$27.59,1.96,$7.13,7.57,$2.45,22.04,$4.01B,$5.25B,0.76,$7.02B,$5.26B,1.33,$16.93B,$5.97B,35.25%,$16.93B,$2.60B,15.35%,$16.93B,$2.60B,15.35%,$16.93B,$3.18B,18.80%,$16.93B,$2.29B,13.54%,$16.93B,$1.51B,8.89%,$1.51B,$5.26B,28.45%,$1.51B,$-7.94B,-18.73%,$1.51B,$21.63B,6.89%,$2.60B,$12.29B,20.46%,$4002,$2645,$1358,$0,$756,$3416,$586,$-77,$509,$158,$352,$368,$362,$735,$586,$596,609,$0.61,$0.59,$783,$1350,$0,$4011,$3605,$0,$13202,$814,$17620,$21632,$5254,$7024,$2514,$11114,$16368,$76,$12514,$-2415,$5264,$21632,$1346,$441,$-131,$310,$0,$0,$0,$206,$206,$1863,$-473,$0,$742,$0,$64,$64,$3,$335,$-457,$55,$-403,$-499,$-499,$-795,$-25,$-1721,$449,$72,$-795
11,2015-11-30,52.57,$8.71,6.04,$28.10,1.87,$6.59,7.97,$2.42,21.72,$4.05B,$4.97B,0.82,$7.42B,$5.17B,1.44,$17.28B,$5.99B,34.65%,$17.28B,$2.55B,14.75%,$17.28B,$2.55B,14.75%,$17.28B,$3.14B,18.17%,$17.28B,$2.24B,12.97%,$17.28B,$1.49B,8.60%,$1.49B,$5.17B,27.34%,$1.49B,$-7.91B,-18.41%,$1.49B,$21.59B,6.67%,$2.55B,$12.58B,20.00%,$4425,$2884,$1541,$0,$773,$3519,$906,$-74,$832,$312,$520,$544,$530,$1054,$906,$599,612,$0.88,$0.87,$650,$1455,$0,$4048,$3588,$0,$13073,$880,$17541,$21589,$4969,$7417,$2529,$11454,$16424,$76,$12416,$-2407,$5165,$21589,$979,$293,$-172,$120,$0,$0,$0,$57,$57,$1156,$-292,$0,$823,$0,$12,$12,$-19,$523,$-0,$-294,$-294,$-485,$-485,$-531,$-32,$-1342,$316,$53,$-531
12,2015-08-31,51.25,$8.93,5.74,$28.49,1.8,$6.07,8.45,$2.11,24.29,$4.31B,$5.30B,0.81,$7.61B,$5.35B,1.42,$17.57B,$6.07B,34.52%,$17.57B,$2.20B,12.54%,$17.57B,$2.20B,12.54%,$17.57B,$2.79B,15.85%,$17.57B,$1.89B,10.76%,$17.57B,$1.30B,7.42%,$1.30B,$5.35B,22.96%,$1.30B,$-8.16B,-16.04%,$1.30B,$22.32B,5.68%,$2.20B,$12.96B,16.87%,$4208,$2653,$1555,$0,$811,$3525,$683,$-75,$608,$199,$409,$435,$427,$827,$683,$602,616,$0.71,$0.69,$451,$1796,$0,$4305,$3679,$0,$13513,$826,$18018,$22323,$5300,$7610,$2501,$11671,$16971,$76,$12151,$-2420,$5352,$22323,$435,$144,$52,$196,$0,$0,$0,$-200,$-200,$431,$-147,$0,$0,$0,$1,$1,$7,$-139,$-0,$212,$212,$-104,$-104,$-267,$3,$-157,$116,$31,$-267
13,2015-05-31,50.31,$9.01,5.59,$28.44,1.77,$5.89,8.54,$1.97,25.54,$3.69B,$4.89B,0.75,$7.58B,$5.39B,1.41,$17.63B,$5.95B,33.75%,$17.63B,$2.08B,11.79%,$17.63B,$2.08B,11.79%,$17.63B,$2.67B,15.12%,$17.63B,$1.76B,9.99%,$17.63B,$1.22B,6.93%,$1.22B,$5.39B,20.32%,$1.22B,$-8.16B,-15.64%,$1.22B,$21.83B,5.26%,$2.08B,$12.97B,15.79%,$4299,$2783,$1516,$0,$826,$3875,$424,$-80,$344,$164,$180,$198,$187,$568,$424,$603,619,$0.31,$0.30,$334,$1541,$0,$3686,$3783,$0,$13552,$811,$18146,$21832,$4890,$7575,$2524,$11549,$16439,$76,$11991,$-2311,$5393,$21832,$1259,$588,$480,$1069,$0,$0,$0,$215,$215,$2543,$-701,$0,$-822,$0,$0,$0,$-79,$-1602,$1107,$-510,$598,$-998,$-998,$-1018,$34,$-1385,$-533,$106,$-1018
14,2015-02-28,47.82,$9.81,4.87,$28.13,1.7,$5.84,8.19,$2.32,20.61,$4.46B,$6.70B,0.67,$6.64B,$5.85B,1.14,$17.62B,$5.92B,33.59%,$17.62B,$2.34B,13.26%,$17.62B,$2.34B,13.26%,$17.62B,$2.92B,16.59%,$17.62B,$2.02B,11.47%,$17.62B,$1.44B,8.17%,$1.44B,$5.85B,22.44%,$1.44B,$-8.08B,-19.36%,$1.44B,$23.38B,6.12%,$2.34B,$12.49B,17.60%,$4351,$2975,$1376,$0,$789,$3814,$537,$-80,$457,$117,$341,$354,$343,$691,$537,$598,614,$0.57,$0.56,$784,$1585,$0,$4464,$3725,$0,$13928,$1265,$18919,$23383,$6703,$6643,$2396,$10832,$17534,$76,$12070,$-1838,$5849,$23383,$1062,$444,$238,$682,$0,$0,$0,$-182,$-182,$1561,$-490,$0,$-822,$0,$-92,$-92,$-4,$-1408,$879,$766,$1645,$-1059,$-1059,$-751,$18,$-147,$-83,$85,$-751
15,2014-11-30,46.54,$10.24,4.54,$27.88,1.67,$6.14,7.58,$2.40,19.39,$4.99B,$6.09B,0.82,$7.71B,$6.11B,1.26,$17.64B,$6.05B,34.31%,$17.64B,$2.47B,14.00%,$17.64B,$2.47B,14.00%,$17.64B,$3.05B,17.27%,$17.64B,$2.16B,12.23%,$17.64B,$1.51B,8.54%,$1.51B,$6.11B,22.68%,$1.51B,$-8.10B,-21.13%,$1.51B,$24.20B,6.44%,$2.47B,$13.82B,18.11%,$4712,$3093,$1619,$0,$846,$4153,$559,$-77,$482,$153,$328,$355,$346,$699,$559,$603,618,$0.58,$0.56,$895,$1893,$0,$4986,$3824,$0,$14207,$1187,$19217,$24204,$6094,$7713,$2525,$12000,$18094,$76,$11975,$-1560,$6110,$24204,$708,$290,$279,$570,$0,$0,$0,$-414,$-414,$863,$-317,$0,$-822,$0,$-32,$-32,$-0,$-1171,$881,$922,$1804,$-933,$-933,$-503,$2,$370,$27,$65,$-503
16,2014-08-31,46.71,$11.04,4.23,$27.76,1.68,$6.40,7.3,$2.68,17.43,$4.70B,$5.79B,0.81,$6.67B,$6.68B,1.0,$17.81B,$6.20B,34.80%,$17.81B,$2.78B,15.62%,$17.81B,$2.78B,15.62%,$17.81B,$3.37B,18.90%,$17.81B,$2.48B,13.91%,$17.81B,$1.71B,9.61%,$1.71B,$6.68B,24.84%,$1.71B,$-6.89B,-25.33%,$1.71B,$23.37B,7.39%,$2.78B,$13.35B,20.39%,$4268,$2830,$1439,$0,$867,$3711,$558,$-79,$479,$153,$326,$352,$345,$708,$558,$613,629,$0.56,$0.55,$841,$1823,$0,$4696,$3907,$0,$13576,$1194,$18677,$23373,$5793,$6669,$2559,$10897,$16690,$76,$11878,$-1375,$6683,$23373,$352,$150,$38,$188,$0,$0,$0,$-211,$-211,$329,$-148,$0,$-13,$0,$-33,$-33,$-3,$-197,$-122,$632,$510,$-421,$-421,$-254,$13,$-153,$-26,$46,$-254
17,2014-05-31,47.7,$11.44,4.17,$27.60,1.73,$6.50,7.34,$2.83,16.86,$4.39B,$5.42B,0.81,$6.42B,$7.01B,0.92,$17.91B,$6.37B,35.57%,$17.91B,$2.96B,16.52%,$17.91B,$2.96B,16.52%,$17.91B,$3.54B,19.78%,$17.91B,$2.65B,14.82%,$17.91B,$1.83B,10.19%,$1.83B,$7.01B,25.92%,$1.83B,$-6.66B,-27.60%,$1.83B,$23.15B,7.92%,$2.96B,$13.43B,21.74%,$4284,$2801,$1482,$0,$866,$3602,$682,$-79,$603,$204,$399,$415,$405,$825,$682,$629,646,$0.66,$0.65,$867,$1559,$0,$4394,$3942,$0,$13665,$1146,$18752,$23146,$5424,$6424,$2627,$10717,$16140,$76,$11787,$-1340,$7005,$23146,$1861,$585,$127,$712,$0,$0,$0,$-32,$-32,$2541,$-657,$0,$122,$0,$-55,$-55,$28,$-562,$228,$573,$801,$-1637,$-1637,$-983,$-5,$-1824,$126,$109,$-983
18,2014-02-28,43.1,$11.00,3.92,$27.59,1.56,$7.10,6.07,$2.73,15.79,$4.56B,$4.68B,0.97,$7.18B,$6.78B,1.06,$18.04B,$6.42B,35.59%,$18.04B,$2.88B,15.95%,$18.04B,$2.88B,15.95%,$18.04B,$3.47B,19.26%,$18.04B,$2.57B,14.25%,$18.04B,$1.79B,9.90%,$1.79B,$6.78B,25.25%,$1.79B,$-6.88B,-27.17%,$1.79B,$22.93B,7.79%,$2.88B,$13.96B,21.29%,$4377,$2865,$1513,$0,$842,$3707,$671,$-76,$595,$201,$394,$417,$411,$815,$671,$624,640,$0.66,$0.64,$847,$1560,$0,$4558,$3797,$0,$13661,$910,$18367,$22925,$4684,$7180,$2809,$11463,$16147,$76,$11637,$-1641,$6778,$22925,$1446,$442,$22,$465,$0,$0,$0,$-186,$-186,$1724,$-411,$0,$0,$0,$-46,$-46,$27,$-430,$929,$7,$935,$-1361,$-1361,$-729,$-16,$-1170,$106,$87,$-729
19,2013-11-30,43.11,$11.31,3.81,$27.41,1.57,$7.68,5.61,$2.69,16.03,$4.78B,$4.99B,0.96,$6.74B,$7.09B,0.95,$18.09B,$6.43B,35.54%,$18.09B,$2.85B,15.74%,$18.09B,$2.85B,15.74%,$18.09B,$3.45B,19.05%,$18.09B,$2.54B,14.05%,$18.09B,$1.77B,9.80%,$1.77B,$7.09B,24.46%,$1.77B,$-6.58B,-27.64%,$1.77B,$23.15B,7.75%,$2.85B,$13.83B,21.02%,$4876,$3114,$1762,$0,$891,$4006,$870,$-69,$801,$267,$535,$561,$550,$1017,$870,$633,650,$0.87,$0.84,$774,$1752,$0,$4776,$3809,$0,$13667,$900,$18376,$23152,$4990,$6741,$2885,$11076,$16066,$76,$11466,$-1607,$7087,$23152,$1029,$298,$21,$319,$0,$0,$0,$-339,$-339,$1009,$-268,$0,$0,$0,$-47,$-47,$-3,$-317,$203,$455,$658,$-836,$-836,$-490,$14,$-654,$33,$65,$-490
20,2013-08-31,41.83,$11.45,3.65,$27.26,1.53,$8.13,5.14,$2.67,15.67,$4.69B,$5.46B,0.86,$5.91B,$7.29B,0.81,$18.10B,$6.41B,35.41%,$18.10B,$2.81B,15.51%,$18.10B,$2.81B,15.51%,$18.10B,$3.41B,18.82%,$18.10B,$2.50B,13.79%,$18.10B,$1.77B,9.75%,$1.77B,$7.29B,24.06%,$1.77B,$-6.33B,-27.94%,$1.77B,$22.95B,7.73%,$2.81B,$13.21B,21.03%,$4373,$2760,$1613,$0,$875,$3638,$735,$-79,$656,$212,$444,$468,$459,$886,$735,$643,660,$0.71,$0.70,$759,$1774,$0,$4693,$3789,$0,$13619,$843,$18251,$22945,$5463,$5914,$2865,$10188,$15651,$76,$11158,$-1670,$7294,$22945,$468,$151,$-30,$121,$0,$0,$0,$-208,$-208,$381,$-121,$0,$0,$0,$11,$11,$-3,$-113,$-720,$986,$266,$-287,$-287,$-248,$31,$-237,$18,$41,$-248
21,2013-05-31,39.62,$11.12,3.56,$26.70,1.48,$8.26,4.8,$2.79,14.2,$4.30B,$5.29B,0.81,$5.93B,$7.13B,0.83,$17.78B,$6.42B,36.14%,$17.78B,$2.85B,16.05%,$17.78B,$2.85B,16.05%,$17.78B,$3.44B,19.35%,$17.78B,$2.54B,14.27%,$17.78B,$1.86B,10.44%,$1.86B,$7.13B,25.46%,$1.86B,$-6.51B,-29.94%,$1.86B,$22.66B,8.15%,$2.85B,$13.06B,21.63%,$4411,$2880,$1531,$0,$928,$3810,$601,$-82,$519,$164,$355,$377,$366,$756,$601,$649,666,$0.57,$0.55,$741,$1546,$0,$4299,$3878,$0,$13637,$844,$18359,$22658,$5294,$5926,$2920,$10236,$15530,$76,$10703,$-1585,$7129,$22658,$1893,$588,$-26,$562,$0,$0,$0,$471,$471,$2926,$-590,$0,$-898,$0,$-40,$-40,$13,$-1515,$459,$-45,$414,$-744,$-744,$-868,$57,$-1140,$270,$100,$-868
22,2013-02-28,38.66,$11.61,3.33,$26.18,1.48,$7.35,5.26,$2.73,14.16,$4.37B,$4.28B,1.02,$6.63B,$7.48B,0.89,$17.43B,$6.39B,36.66%,$17.43B,$2.79B,16.00%,$17.43B,$2.79B,16.00%,$17.43B,$3.36B,19.30%,$17.43B,$2.47B,14.18%,$17.43B,$1.81B,10.41%,$1.81B,$7.48B,25.11%,$1.81B,$-6.25B,-29.88%,$1.81B,$22.79B,8.11%,$2.79B,$14.11B,21.16%,$4431,$2908,$1523,$0,$875,$3789,$642,$-77,$566,$174,$391,$413,$398,$788,$642,$649,665,$0.61,$0.60,$751,$1606,$0,$4366,$3807,$0,$13726,$895,$18428,$22793,$4283,$6632,$3197,$11031,$15314,$76,$10796,$-1544,$7479,$22793,$1516,$432,$-67,$366,$0,$0,$0,$265,$265,$2146,$-390,$0,$-901,$0,$-3,$-3,$13,$-1281,$458,$36,$494,$-487,$-487,$-652,$45,$-599,$280,$82,$-652
23,2012-11-30,33.99,$11.53,2.95,$25.69,1.32,$6.57,5.17,$2.71,12.54,$4.57B,$5.74B,0.8,$5.57B,$7.44B,0.75,$17.12B,$6.37B,37.23%,$17.12B,$2.82B,16.45%,$17.12B,$2.82B,16.45%,$17.12B,$3.38B,19.74%,$17.12B,$2.48B,14.48%,$17.12B,$1.81B,10.56%,$1.81B,$7.44B,25.09%,$1.81B,$-6.19B,-30.69%,$1.81B,$22.95B,8.21%,$2.82B,$13.01B,21.57%,$4882,$3140,$1742,$0,$911,$4053,$829,$-76,$754,$245,$508,$541,$542,$976,$829,$648,665,$0.84,$0.82,$735,$1770,$0,$4566,$3814,$0,$13630,$943,$18387,$22953,$5736,$5572,$3056,$9777,$15513,$76,$10615,$-1603,$7440,$22953,$1103,$286,$-136,$150,$0,$0,$0,$64,$64,$1317,$-261,$0,$-852,$0,$-4,$-4,$13,$-1103,$-522,$1292,$771,$-327,$-327,$-435,$24,$34,$264,$61,$-435
24,2012-08-31,32.35,$11.00,2.94,$25.29,1.28,$6.32,5.12,$2.56,12.64,$5.22B,$5.98B,0.87,$5.46B,$7.09B,0.77,$16.86B,$6.23B,36.93%,$16.86B,$2.70B,16.04%,$16.86B,$2.70B,16.04%,$16.86B,$3.26B,19.33%,$16.86B,$2.36B,13.97%,$16.86B,$1.71B,10.15%,$1.71B,$7.09B,24.07%,$1.71B,$-5.84B,-29.46%,$1.71B,$22.64B,7.90%,$2.70B,$12.56B,21.00%,$4051,$2423,$1628,$0,$839,$3271,$780,$-83,$697,$158,$539,$562,$549,$919,$780,$650,667,$0.84,$0.82,$1508,$1809,$0,$5217,$3604,$0,$12931,$883,$17418,$22635,$5976,$5462,$2977,$9567,$15542,$76,$10290,$-1663,$7093,$22635,$562,$139,$-82,$57,$0,$0,$0,$-131,$-131,$489,$-140,$0,$-32,$0,$8,$8,$11,$-154,$-0,$1156,$1156,$-234,$-234,$-218,$-11,$693,$1037,$38,$-218
25,2012-05-31,31.22,$10.61,2.94,$24.99,1.25,$6.26,4.99,$2.35,13.28,$3.69B,$3.84B,0.96,$6.16B,$6.88B,0.9,$16.66B,$6.05B,36.29%,$16.66B,$2.56B,15.39%,$16.66B,$2.56B,15.39%,$16.66B,$3.10B,18.63%,$16.66B,$2.21B,13.28%,$16.66B,$1.57B,9.41%,$1.57B,$6.88B,22.12%,$1.57B,$-6.01B,-26.55%,$1.57B,$21.10B,7.30%,$2.56B,$13.05B,19.77%,$4066,$2570,$1496,$0,$857,$3528,$538,$-83,$455,$135,$319,$335,$325,$681,$538,$648,667,$0.49,$0.49,$471,$1479,$0,$3691,$3653,$0,$12887,$865,$17405,$21097,$3843,$6162,$3038,$10371,$14214,$76,$9959,$-1744,$6883,$21097,$1589,$542,$33,$574,$0,$0,$0,$244,$244,$2407,$-674,$0,$-1050,$0,$-22,$-22,$-125,$-1871,$-60,$228,$168,$-80,$-80,$-800,$45,$-667,$-148,$108,$-800
26,2012-02-29,31.0,$11.44,2.71,$24.35,1.27,$4.99,6.21,$2.34,13.25,$3.84B,$3.85B,1.0,$6.20B,$7.40B,0.84,$16.23B,$5.91B,36.44%,$16.23B,$2.56B,15.78%,$16.23B,$2.56B,15.78%,$16.23B,$3.08B,18.96%,$16.23B,$2.20B,13.58%,$16.23B,$1.56B,9.63%,$1.56B,$7.40B,22.27%,$1.56B,$-5.53B,-28.99%,$1.56B,$21.44B,7.49%,$2.56B,$13.60B,20.10%,$4120,$2613,$1507,$0,$839,$3452,$669,$-96,$573,$187,$385,$401,$392,$804,$669,$648,667,$0.61,$0.58,$485,$1528,$0,$3836,$3550,$0,$12933,$1119,$17603,$21439,$3849,$6195,$2623,$10186,$14035,$76,$9834,$-1112,$7404,$21439,$1254,$399,$-58,$341,$0,$0,$0,$67,$67,$1662,$-423,$0,$-900,$0,$-22,$-22,$-125,$-1470,$-49,$385,$336,$-104,$-104,$-600,$46,$-322,$-134,$88,$-600
27,2011-11-30,32.08,$10.94,2.93,$23.70,1.35,$4.39,7.31,$2.35,13.65,$4.02B,$5.14B,0.78,$5.25B,$7.05B,0.74,$15.75B,$5.84B,37.06%,$15.75B,$2.55B,16.17%,$15.75B,$2.55B,16.17%,$15.75B,$3.05B,19.38%,$15.75B,$2.20B,13.97%,$15.75B,$1.56B,9.92%,$1.56B,$7.05B,23.34%,$1.56B,$-5.86B,-30.60%,$1.56B,$21.47B,7.78%,$2.55B,$12.30B,21.08%,$4624,$3029,$1595,$0,$877,$3907,$717,$-87,$630,$209,$420,$449,$445,$855,$717,$646,666,$0.69,$0.67,$509,$1629,$0,$4022,$3507,$0,$12911,$1026,$17445,$21467,$5142,$5248,$2650,$9272,$14414,$76,$9642,$-1205,$7053,$21467,$854,$263,$66,$330,$0,$0,$0,$-27,$-27,$1157,$-264,$0,$-900,$0,$-22,$-22,$-125,$-1311,$-9,$549,$540,$-112,$-112,$-400,$27,$56,$-111,$66,$-400
28,2011-08-31,30.2,$10.88,2.78,$22.88,1.32,$3.54,8.54,$2.60,11.62,$4.10B,$4.88B,0.84,$5.90B,$7.01B,0.84,$15.20B,$5.88B,38.67%,$15.20B,$2.65B,17.46%,$15.20B,$2.65B,17.46%,$15.20B,$3.14B,20.66%,$15.20B,$2.31B,15.22%,$15.20B,$1.73B,11.40%,$1.73B,$7.01B,27.04%,$1.73B,$-6.23B,-36.34%,$1.73B,$21.89B,8.97%,$2.65B,$12.91B,22.22%,$3848,$2401,$1447,$0,$808,$3209,$639,$-85,$554,$178,$376,$404,$406,$764,$639,$648,667,$0.63,$0.61,$338,$1788,$0,$4096,$3565,$0,$13237,$994,$17797,$21893,$4884,$5901,$2682,$10000,$14884,$76,$9397,$-1015,$7009,$21893,$404,$126,$46,$171,$-157,$-135,$71,$87,$-135,$441,$-133,$0,$-900,$0,$0,$0,$-125,$-1158,$-7,$713,$706,$-86,$-86,$-200,$12,$432,$-281,$45,$-200
29,2011-05-31,31.43,$10.25,3.06,$22.37,1.4,$3.14,10.0,$2.69,11.68,$3.90B,$3.66B,1.07,$5.54B,$6.61B,0.84,$14.88B,$5.95B,40.01%,$14.88B,$2.77B,18.64%,$14.88B,$2.77B,18.64%,$14.88B,$3.25B,21.82%,$14.88B,$2.43B,16.32%,$14.88B,$1.80B,12.08%,$1.80B,$6.61B,29.99%,$1.80B,$-3.95B,-40.39%,$1.80B,$18.68B,9.78%,$2.77B,$12.16B,24.12%,$3634,$2270,$1364,$0,$829,$3098,$536,$-89,$447,$156,$291,$321,$320,$654,$536,$643,665,$0.50,$0.49,$620,$1609,$0,$3902,$3346,$0,$10564,$863,$14773,$18675,$3659,$5543,$1733,$8403,$12062,$76,$9191,$-1011,$6612,$18675,$1804,$473,$-24,$449,$-70,$-240,$109,$-520,$-721,$1531,$-645,$0,$-89,$0,$-2,$-2,$20,$-715,$1193,$-743,$450,$-753,$-753,$-729,$92,$-941,$-54,$105,$-729
30,2011-02-28,29.12,$9.58,3.04,$22.25,1.31,$4.14,7.03,$2.52,11.56,$3.84B,$4.51B,0.85,$4.84B,$6.11B,0.79,$14.78B,$5.86B,39.66%,$14.78B,$2.71B,18.35%,$14.78B,$2.71B,18.35%,$14.78B,$3.18B,21.54%,$14.78B,$2.33B,15.75%,$14.78B,$1.69B,11.44%,$1.69B,$6.11B,29.37%,$1.69B,$-4.39B,-36.51%,$1.69B,$18.28B,9.32%,$2.71B,$10.96B,24.22%,$3646,$2215,$1431,$0,$790,$2991,$655,$-85,$570,$182,$388,$394,$392,$779,$655,$639,660,$0.61,$0.59,$540,$1668,$0,$3843,$3180,$0,$10506,$753,$14439,$18282,$4511,$4843,$1826,$7658,$12169,$76,$9053,$-1162,$6112,$18282,$1482,$355,$24,$378,$-110,$-305,$4,$-202,$-612,$1248,$-420,$0,$-60,$0,$-2,$-2,$15,$-467,$495,$-78,$416,$-907,$-907,$-548,$67,$-972,$-133,$81,$-548
31,2010-11-30,27.49,$9.19,2.99,$21.94,1.25,$4.55,6.04,$2.41,11.41,$4.02B,$3.73B,1.08,$5.86B,$5.89B,1.0,$14.72B,$5.79B,39.33%,$14.72B,$2.62B,17.79%,$14.72B,$2.62B,17.79%,$14.72B,$3.08B,20.91%,$14.72B,$2.22B,15.11%,$14.72B,$1.63B,11.08%,$1.63B,$5.89B,27.90%,$1.63B,$-4.49B,-36.18%,$1.63B,$18.38B,9.00%,$2.62B,$11.75B,22.79%,$4067,$2433,$1634,$0,$810,$3244,$823,$-82,$741,$161,$581,$615,$614,$942,$823,$642,665,$0.96,$0.92,$566,$1706,$0,$4017,$3146,$0,$10375,$841,$14362,$18379,$3734,$5864,$1931,$8760,$12494,$76,$8842,$-1273,$5885,$18379,$1089,$230,$17,$247,$0,$0,$0,$-736,$-736,$600,$-277,$0,$0,$0,$-2,$-2,$13,$-266,$496,$118,$614,$-779,$-779,$-366,$48,$-483,$-107,$60,$-366
32,2010-08-31,27.92,$8.38,3.33,$21.74,1.28,$5.15,5.43,$2.32,12.04,$3.95B,$4.09B,0.97,$5.77B,$5.37B,1.08,$14.69B,$5.88B,40.06%,$14.69B,$2.67B,18.21%,$14.69B,$2.67B,18.21%,$14.69B,$3.13B,21.33%,$14.69B,$2.27B,15.48%,$14.69B,$1.58B,10.78%,$1.58B,$5.37B,26.57%,$1.58B,$-4.97B,-35.83%,$1.58B,$18.21B,8.71%,$2.67B,$11.14B,23.16%,$3533,$2009,$1524,$0,$763,$2773,$760,$-90,$670,$223,$447,$474,$472,$872,$760,$647,672,$0.73,$0.70,$697,$1665,$0,$3954,$3112,$0,$10341,$804,$14257,$18211,$4092,$5772,$2091,$8748,$12839,$76,$8410,$-1391,$5371,$18211,$474,$111,$-1,$110,$-121,$-316,$76,$-45,$-406,$178,$-131,$0,$0,$0,$0,$0,$11,$-120,$498,$299,$797,$-700,$-700,$-184,$30,$-57,$24,$38,$-184
33,2010-05-31,27.3,$8.60,3.17,$21.66,1.26,$5.31,5.14,$2.25,12.16,$3.48B,$3.77B,0.92,$5.27B,$5.65B,0.93,$14.64B,$5.80B,39.63%,$14.64B,$2.61B,17.81%,$14.64B,$2.61B,17.81%,$14.64B,$3.06B,20.94%,$14.64B,$2.20B,15.06%,$14.64B,$1.53B,10.47%,$1.53B,$5.65B,25.43%,$1.53B,$-4.66B,-35.06%,$1.53B,$17.68B,8.44%,$2.61B,$10.92B,22.45%,$3529,$2258,$1271,$0,$797,$3056,$473,$-127,$346,$149,$197,$213,$212,$590,$473,$660,660,$0.32,$0.31,$673,$1344,$0,$3480,$3128,$0,$10308,$763,$14199,$17679,$3769,$5269,$2119,$8262,$12031,$76,$8122,$-1487,$5648,$17679,$1535,$457,$46,$503,$-121,$-17,$70,$212,$143,$2181,$-643,$0,$0,$0,$-131,$-131,$52,$-721,$-907,$236,$-671,$-303,$-303,$-644,$114,$-1504,$-77,$107,$-644
34,2010-02-28,27.4,$9.77,2.81,$21.41,1.28,$4.82,5.68,$2.47,11.09,$3.68B,$2.99B,1.23,$5.67B,$6.48B,0.88,$14.62B,$6.02B,41.15%,$14.62B,$2.77B,18.92%,$14.62B,$2.77B,18.92%,$14.62B,$3.23B,22.07%,$14.62B,$2.39B,16.35%,$14.62B,$1.68B,11.49%,$1.68B,$6.48B,28.14%,$1.68B,$-3.91B,-37.70%,$1.68B,$18.22B,9.22%,$2.77B,$12.15B,23.69%,$3589,$2230,$1360,$0,$792,$3028,$562,$-94,$467,$158,$310,$334,$333,$674,$562,$664,689,$0.50,$0.48,$691,$1475,$0,$3677,$3004,$0,$10387,$1148,$14539,$18216,$2986,$5672,$1940,$8753,$11739,$38,$8076,$-860,$6477,$18216,$1322,$340,$-29,$312,$-245,$-136,$-54,$360,$-76,$1558,$-412,$0,$0,$0,$-122,$-122,$49,$-485,$-505,$-234,$-739,$-3,$-3,$-478,$86,$-1134,$-59,$83,$-478
35,2009-11-30,25.7,$9.61,2.67,$21.41,1.2,$4.31,5.97,$2.42,10.64,$4.13B,$3.46B,1.19,$5.65B,$6.33B,0.89,$14.56B,$5.93B,40.74%,$14.56B,$2.81B,19.29%,$14.56B,$2.81B,19.29%,$14.56B,$3.27B,22.44%,$14.56B,$2.43B,16.68%,$14.56B,$1.64B,11.23%,$1.64B,$6.33B,28.53%,$1.64B,$-4.13B,-35.06%,$1.64B,$18.56B,8.87%,$2.81B,$11.98B,24.52%,$4035,$2306,$1728,$0,$825,$3156,$879,$-89,$790,$262,$529,$567,$566,$996,$879,$657,681,$0.86,$0.83,$858,$1629,$0,$4128,$2988,$0,$10464,$982,$14434,$18561,$3460,$5648,$1957,$8768,$12228,$38,$7909,$-723,$6334,$18561,$989,$228,$40,$267,$-242,$-270,$-33,$276,$-269,$987,$-251,$0,$0,$0,$0,$0,$36,$-215,$-3,$-375,$-379,$-46,$-46,$-313,$47,$-691,$109,$60,$-313
36,2009-08-31,22.41,$8.64,2.59,$21.26,1.05,$3.40,6.59,$2.13,10.52,$3.87B,$3.71B,1.04,$5.75B,$5.64B,1.02,$14.54B,$5.43B,37.31%,$14.54B,$2.55B,17.52%,$14.54B,$2.55B,17.52%,$14.54B,$3.00B,20.63%,$14.54B,$2.16B,14.85%,$14.54B,$1.45B,9.95%,$1.45B,$5.64B,26.44%,$1.45B,$-4.78B,-29.67%,$1.45B,$18.19B,7.79%,$2.55B,$11.39B,23.02%,$3482,$2042,$1441,$0,$749,$2790,$693,$-92,$601,$203,$398,$422,$421,$804,$693,$653,673,$0.64,$0.62,$712,$1646,$0,$3874,$2992,$0,$10419,$906,$14317,$18190,$3712,$5754,$1928,$8839,$12552,$38,$7500,$-838,$5639,$18190,$422,$111,$41,$152,$-181,$-297,$44,$136,$-299,$275,$-121,$0,$0,$0,$1,$1,$3,$-117,$-2,$101,$99,$-159,$-159,$-156,$15,$-201,$-38,$38,$-156
37,2009-05-31,19.05,$8.26,2.31,$21.08,0.9,$3.31,5.75,$1.90,10.03,$3.54B,$3.61B,0.98,$5.76B,$5.42B,1.06,$14.56B,$5.18B,35.56%,$14.56B,$2.33B,15.97%,$14.56B,$2.33B,15.97%,$14.56B,$2.78B,19.09%,$14.56B,$1.94B,13.34%,$14.56B,$1.31B,8.97%,$1.31B,$5.42B,23.39%,$1.31B,$-4.99B,-27.19%,$1.31B,$17.88B,6.94%,$2.33B,$11.17B,21.15%,$3510,$2024,$1486,$0,$775,$2878,$632,$-101,$531,$182,$348,$360,$359,$752,$632,$664,687,$0.54,$0.54,$750,$1347,$0,$3535,$3035,$0,$10410,$895,$14340,$17875,$3606,$5755,$1932,$8852,$12458,$76,$7236,$-878,$5417,$17875,$1314,$454,$-116,$338,$82,$-28,$-116,$240,$177,$1828,$-559,$0,$245,$0,$6,$6,$19,$-289,$1480,$-1391,$89,$-991,$-991,$-580,$77,$-1405,$89,$118,$-580
38,2009-02-28,19.37,$8.42,2.3,$20.97,0.92,$3.24,5.97,$1.63,11.88,$3.89B,$4.03B,0.97,$5.76B,$5.54B,1.04,$14.52B,$4.72B,32.53%,$14.52B,$2.03B,13.98%,$14.52B,$2.03B,13.98%,$14.52B,$2.47B,17.04%,$14.52B,$1.68B,11.57%,$14.52B,$1.13B,7.79%,$1.13B,$5.54B,19.57%,$1.13B,$-4.75B,-24.39%,$1.13B,$19.08B,5.92%,$2.03B,$11.29B,18.72%,$3537,$2260,$1278,$0,$671,$2932,$606,$-99,$507,$232,$275,$291,$289,$716,$606,$658,680,$0.44,$0.43,$937,$1361,$0,$3889,$2974,$0,$10288,$1928,$15190,$19079,$4028,$5755,$2095,$9514,$13542,$38,$7019,$-313,$5537,$19079,$946,$334,$-289,$45,$-130,$-62,$-138,$469,$140,$1130,$-349,$0,$193,$0,$-7,$-7,$7,$-156,$1492,$-776,$716,$-946,$-946,$-438,$82,$-586,$276,$99,$-438
39,2008-11-30,23.15,$8.08,2.86,$20.64,1.12,$2.99,7.74,$1.82,12.72,$4.02B,$4.98B,0.81,$5.11B,$5.30B,0.96,$14.39B,$4.80B,33.35%,$14.39B,$2.12B,14.73%,$14.39B,$2.12B,14.73%,$14.39B,$2.57B,17.84%,$14.39B,$1.77B,12.28%,$14.39B,$1.27B,8.84%,$1.27B,$5.30B,21.65%,$1.27B,$-4.98B,-27.68%,$1.27B,$19.11B,6.64%,$2.12B,$10.40B,20.37%,$4011,$2791,$1220,$0,$730,$3395,$616,$-96,$520,$173,$347,$380,$378,$728,$616,$666,694,$0.57,$0.55,$640,$1583,$0,$4018,$2958,$0,$10277,$1857,$15092,$19110,$4984,$5106,$2036,$8831,$13815,$38,$6874,$-339,$5295,$19110,$657,$224,$-248,$-25,$-228,$-287,$-1,$248,$-268,$364,$-241,$0,$193,$0,$10,$10,$-20,$-59,$441,$509,$950,$-939,$-939,$-294,$79,$-204,$-21,$85,$-294
40,2008-08-31,24.09,$9.04,2.66,$20.27,1.19,$3.19,7.56,$1.85,13.06,$3.83B,$4.47B,0.86,$5.04B,$6.07B,0.83,$14.08B,$4.91B,34.87%,$14.08B,$2.19B,15.56%,$14.08B,$2.19B,15.56%,$14.08B,$2.65B,18.85%,$14.08B,$1.82B,12.91%,$14.08B,$1.29B,9.13%,$1.29B,$6.07B,21.52%,$1.29B,$-4.47B,-28.18%,$1.29B,$19.16B,6.71%,$2.19B,$11.11B,21.64%,$3497,$2306,$1192,$0,$718,$3026,$471,$-87,$384,$133,$251,$282,$279,$583,$471,$673,701,$0.42,$0.40,$655,$1601,$0,$3826,$3052,$0,$10538,$1746,$15336,$19162,$4465,$5043,$1882,$8631,$13096,$38,$6642,$65,$6067,$19162,$279,$112,$-6,$106,$-104,$-247,$13,$180,$-158,$226,$-128,$0,$0,$0,$4,$4,$-1,$-125,$468,$-103,$365,$-337,$-337,$-148,$47,$-72,$-6,$55,$-148
41,2008-05-31,22.85,$9.21,2.48,$19.73,1.16,$3.00,7.62,$1.86,12.32,$3.62B,$4.86B,0.75,$4.35B,$6.22B,0.7,$13.65B,$4.87B,35.69%,$13.65B,$2.23B,16.33%,$13.65B,$2.23B,16.33%,$13.65B,$2.69B,19.69%,$13.65B,$1.83B,13.40%,$13.65B,$1.30B,9.49%,$1.30B,$6.22B,23.25%,$1.30B,$-4.35B,-26.27%,$1.30B,$19.04B,6.83%,$2.23B,$10.57B,24.21%,$3471,$2439,$1032,$0,$697,$3135,$337,$-68,$269,$91,$178,$209,$185,$447,$337,$666,694,$0.27,$0.26,$661,$1367,$0,$3620,$3108,$0,$10563,$1750,$15422,$19042,$4856,$4349,$1924,$7970,$12826,$38,$6511,$177,$6216,$19042,$1318,$459,$79,$539,$-94,$-165,$125,$7,$-127,$1730,$-496,$0,$1,$0,$65,$65,$-12,$-442,$-173,$1697,$1523,$-1241,$-1391,$-530,$-696,$-1093,$244,$133,$-530
42,2008-02-29,20.11,$8.85,2.27,$18.98,1.06,$3.03,6.63,$1.90,10.58,$3.96B,$6.14B,0.65,$3.60B,$5.93B,0.61,$13.24B,$4.91B,37.09%,$13.24B,$2.30B,17.35%,$13.24B,$2.30B,17.35%,$13.24B,$2.75B,20.78%,$13.24B,$1.86B,14.07%,$13.24B,$1.33B,10.07%,$1.33B,$5.93B,24.95%,$1.33B,$-4.58B,-25.92%,$1.33B,$19.27B,7.11%,$2.30B,$9.53B,26.41%,$3406,$2051,$1354,$0,$654,$2710,$695,$-103,$593,$192,$400,$430,$430,$809,$695,$674,699,$0.64,$0.62,$620,$1636,$0,$3958,$2964,$0,$10507,$1837,$15309,$19267,$6141,$3601,$1955,$7199,$13340,$38,$6460,$60,$5927,$19267,$1110,$349,$-8,$341,$-165,$-443,$7,$65,$-537,$914,$-288,$0,$1,$0,$5,$5,$-13,$-294,$220,$1921,$2141,$-1317,$-1467,$-395,$-726,$-447,$203,$110,$-395
43,2007-11-30,21.45,$8.45,2.54,$18.35,1.17,$3.41,6.29,$1.66,12.96,$3.84B,$6.22B,0.62,$3.60B,$5.68B,0.63,$12.89B,$4.63B,35.92%,$12.89B,$2.09B,16.21%,$12.89B,$2.09B,16.21%,$12.89B,$2.53B,19.65%,$12.89B,$1.65B,12.79%,$12.89B,$1.17B,9.09%,$1.17B,$5.68B,21.89%,$1.17B,$-4.84B,-22.85%,$1.17B,$19.08B,6.30%,$2.09B,$9.28B,24.29%,$3703,$2372,$1331,$0,$641,$3016,$687,$-116,$571,$208,$363,$391,$391,$815,$687,$656,685,$0.60,$0.57,$530,$1567,$0,$3844,$2975,$0,$10517,$1746,$15238,$19082,$6223,$3599,$1924,$7179,$13402,$50,$6166,$51,$5680,$19082,$679,$236,$1,$237,$-248,$-375,$4,$145,$-473,$444,$-186,$0,$12,$0,$5,$5,$0,$-169,$694,$1494,$2188,$-1232,$-1382,$-259,$-738,$-191,$113,$87,$-259
44,2007-08-31,19.8,$6.94,2.85,$17.79,1.11,$3.63,5.45,$1.63,12.18,$3.48B,$7.51B,0.46,$3.00B,$4.46B,0.67,$12.65B,$4.58B,36.19%,$12.65B,$2.08B,16.41%,$12.65B,$2.08B,16.41%,$12.65B,$2.50B,19.75%,$12.65B,$1.64B,12.98%,$12.65B,$1.17B,9.21%,$1.17B,$4.46B,21.91%,$1.17B,$-5.96B,-22.83%,$1.17B,$18.48B,6.29%,$2.08B,$7.46B,25.24%,$3072,$1916,$1156,$0,$632,$2562,$510,$-113,$397,$130,$267,$289,$289,$618,$510,$660,690,$0.43,$0.41,$410,$1555,$0,$3478,$2963,$0,$10415,$1622,$15000,$18478,$7505,$3004,$1847,$6514,$14019,$50,$5901,$-98,$4459,$18478,$289,$108,$33,$142,$-109,$-379,$115,$-36,$-409,$21,$-57,$0,$1,$0,$-2,$-2,$7,$-51,$0,$2297,$2297,$-1248,$-1398,$-132,$-743,$24,$-7,$55,$-132
45,2007-05-31,21.55,$7.81,2.76,$17.28,1.25,$3.76,5.73,$1.59,13.55,$3.05B,$5.85B,0.52,$3.22B,$5.32B,0.61,$12.44B,$4.49B,36.06%,$12.44B,$2.06B,16.54%,$12.44B,$2.06B,16.54%,$12.44B,$2.48B,19.90%,$12.44B,$1.63B,13.12%,$12.44B,$1.14B,9.19%,$1.14B,$5.32B,20.65%,$1.14B,$-5.21B,-23.52%,$1.14B,$18.18B,6.17%,$2.06B,$8.54B,24.81%,$3061,$1990,$1071,$0,$624,$2655,$406,$-104,$302,$92,$210,$224,$224,$511,$406,$693,720,$0.33,$0.31,$417,$1173,$0,$3054,$3014,$0,$10529,$1587,$15130,$18184,$5845,$3218,$1230,$7020,$12865,$50,$5745,$-120,$5319,$18184,$1144,$418,$40,$458,$-24,$-116,$88,$202,$149,$1751,$-446,$0,$-70,$0,$-101,$-101,$20,$-597,$327,$-280,$46,$-1003,$-1003,$-505,$64,$-1398,$-230,$127,$-505
46,2007-02-28,19.7,$8.61,2.29,$16.81,1.17,$3.93,5.02,$1.59,12.43,$3.27B,$5.65B,0.58,$3.17B,$5.96B,0.53,$12.24B,$4.40B,35.95%,$12.24B,$2.06B,16.86%,$12.24B,$2.06B,16.86%,$12.24B,$2.48B,20.29%,$12.24B,$1.64B,13.36%,$12.24B,$1.14B,9.33%,$1.14B,$5.96B,20.20%,$1.14B,$-4.51B,-24.38%,$1.14B,$18.67B,6.17%,$2.06B,$9.13B,25.14%,$3054,$1982,$1072,$0,$585,$2568,$486,$-107,$379,$127,$252,$268,$268,$590,$486,$691,720,$0.39,$0.37,$476,$1225,$0,$3268,$2911,$0,$10473,$2014,$15398,$18666,$5649,$3165,$945,$7056,$12705,$50,$5650,$265,$5961,$18666,$920,$313,$-62,$251,$-129,$-175,$-56,$236,$-124,$1151,$-235,$0,$-69,$0,$-108,$-108,$-3,$-415,$-549,$656,$107,$-678,$-678,$-377,$39,$-909,$-172,$105,$-377
47,2006-11-30,19.44,$8.06,2.41,$16.52,1.18,$4.08,4.76,$1.56,12.5,$3.50B,$7.06B,0.5,$2.24B,$5.55B,0.4,$12.07B,$4.32B,35.76%,$12.07B,$2.03B,16.83%,$12.07B,$2.03B,16.83%,$12.07B,$2.45B,20.33%,$12.07B,$1.61B,13.34%,$12.07B,$1.12B,9.28%,$1.12B,$5.55B,20.19%,$1.12B,$-4.76B,-23.53%,$1.12B,$18.76B,6.08%,$2.03B,$7.79B,25.59%,$3467,$2187,$1280,$0,$606,$2791,$675,$-111,$565,$203,$362,$385,$385,$780,$675,$688,715,$0.56,$0.54,$492,$1359,$0,$3499,$2918,$0,$10301,$2045,$15264,$18763,$7056,$2241,$982,$6161,$13217,$50,$5512,$96,$5546,$18763,$652,$209,$-17,$193,$-205,$-309,$8,$146,$-360,$565,$-138,$0,$-46,$0,$-112,$-112,$-12,$-308,$-582,$1159,$577,$-743,$-743,$-247,$1,$-412,$-156,$80,$-247
