,Date,Stock Price,Book Value per Share,Price to Book Ratio,TTM Sales per Share,Price to Sales Ratio,TTM FCF per Share,Price to FCF Ratio,TTM Net EPS,PE Ratio,Current Assets,Current Liabilities,Current Ratio,Long Term Debt,Shareholder's Equity_x,Debt to Equity Ratio,TTM Revenue_x,TTM Gross Profit,Gross Margin,TTM Revenue_y,TTM Operating Income,Operating Margin,TTM Revenue_x,TTM EBIT,EBIT Margin,TTM Revenue_y,TTM EBITDA,EBITDA Margin,TTM Revenue_x,TTM Pre-Tax Income,Pre-Tax Margin,TTM Revenue_y,TTM Net Income_x,Net Margin,TTM Net Income_y,Shareholder's Equity_y,Return on Equity,TTM Net Income_x,Tangible Equity,Return on Tangible Equity,TTM Net Income_y,Total Assets,Return on Assets,TTM Net Income,LT Investments & Debt,Return on Investment,revenue,cost-goods-sold,gross-profit,research-development-expenses,selling-general-administrative-expenses,operating-expenses,operating-income,total-non-operating-income-expense,pre-tax-income,total-provision-income-taxes,income-after-taxes,income-from-continuous-operations,net-income,ebitda,ebit,basic-shares-outstanding,shares-outstanding,eps-basic-net-earnings-per-share,eps-earnings-per-share-diluted,cash-on-hand,inventory,other-current-assets,total-current-assets,net-property-plant-equipment,long-term-investments,goodwill-intangible-assets-total,other-long-term-assets,total-long-term-assets,total-assets,total-current-liabilities,long-term-debt,other-non-current-liabilities,total-long-term-liabilities,total-liabilities,common-stock-net,retained-earnings-accumulated-deficit,comprehensive-income,total-share-holder-equity,total-liabilities-share-holders-equity,net-income-loss,total-depreciation-amortization-cash-flow,other-non-cash-items,total-non-cash-items,change-in-accounts-receivable,change-in-inventories,change-in-accounts-payable,change-in-assets-liabilities,total-change-in-assets-liabilities,cash-flow-from-operating-activities,net-change-in-property-plant-equipment,net-change-in-intangible-assets,net-acquisitions-divestitures,net-change-in-short-term-investments,net-change-in-long-term-investments,net-change-in-investments-total,investing-activities-other,cash-flow-from-investing-activities,net-long-term-debt,net-current-debt,debt-issuance-retirement-net-total,net-common-equity-issued-repurchased,net-total-equity-issued-repurchased,total-common-preferred-stock-dividends-paid,financial-activities-other,cash-flow-from-financial-activities,net-cash-flow,stock-based-compensation,common-stock-dividends-paid
0,2018-09-30,9.5,$8.32,1.14,$1.70,5.6,$-4.06,0.0,$1.07,8.88,$0.01B,$0.00B,3.67,$0.11B,$0.24B,0.46,$0.05B,$0.05B,100.00%,$0.05B,$0.02B,53.33%,$0.05B,$0.03B,66.67%,$0.05B,$0.01B,17.78%,$0.05B,$0.02B,53.33%,$0.05B,$0.02B,40.00%,$0.02B,$0.24B,7.66%,$0.02B,$0.24B,7.66%,$0.02B,$0.40B,4.40%,$0.02B,$0.35B,6.73%,$11,$0,$11,$0,$3,$5,$6,$0,$6,$0,$6,$-10,$-10,$-3,$9,$27,27,$-0.38,$-0.38,$2,$0,$3,$7,$0,$390,$0,$1,$392,$400,$2,$110,$0,$160,$162,$0,$-68,$-38,$237,$400,$19,$-21,$90,$69,$-1,$-106,$-0,$2,$-105,$-18,$0,$0,$0,$0,$0,$0,$0,$0,$17,$0,$17,$22,$22,$-23,$-2,$15,$-3,$0,$-23
1,2018-06-30,8.87,$8.86,1.0,$1.71,5.2,$-3.92,0.0,$1.28,6.93,$0.01B,$0.00B,2.93,$0.12B,$0.25B,0.48,$0.05B,$0.05B,100.00%,$0.05B,$0.02B,51.11%,$0.05B,$0.03B,62.22%,$0.05B,$0.02B,37.78%,$0.05B,$0.02B,51.11%,$0.05B,$0.03B,73.33%,$0.03B,$0.25B,14.30%,$0.03B,$0.25B,14.30%,$0.03B,$0.42B,8.23%,$0.02B,$0.36B,6.61%,$12,$0,$12,$0,$4,$6,$6,$0,$6,$0,$6,$12,$12,$2,$8,$27,27,$0.45,$0.45,$3,$0,$3,$9,$0,$405,$0,$0,$407,$415,$3,$117,$1,$168,$170,$0,$-68,$-49,$245,$415,$29,$-10,$54,$44,$-1,$-97,$-0,$3,$-95,$-22,$0,$0,$0,$0,$0,$0,$0,$0,$24,$0,$24,$14,$14,$-17,$-2,$19,$-3,$0,$-17
2,2018-03-31,8.28,$8.62,0.96,$1.63,5.09,$-3.65,0.0,$1.07,7.74,$0.01B,$0.00B,3.73,$0.13B,$0.23B,0.55,$0.04B,$0.04B,100.00%,$0.04B,$0.02B,51.16%,$0.04B,$0.03B,60.47%,$0.04B,$0.02B,48.84%,$0.04B,$0.02B,51.16%,$0.04B,$0.03B,62.79%,$0.03B,$0.23B,12.07%,$0.03B,$0.23B,12.07%,$0.03B,$0.41B,6.97%,$0.02B,$0.36B,6.62%,$11,$0,$11,$0,$4,$5,$6,$0,$6,$0,$6,$9,$9,$4,$7,$27,27,$0.35,$0.35,$2,$0,$3,$8,$0,$402,$0,$1,$404,$412,$2,$128,$1,$178,$180,$0,$-68,$-55,$232,$412,$16,$-4,$31,$27,$-1,$-76,$-0,$1,$-76,$-32,$0,$0,$0,$0,$0,$0,$0,$0,$35,$0,$35,$7,$7,$-11,$-1,$29,$-3,$0,$-11
3,2017-12-31,8.66,$8.48,1.02,$1.56,5.57,$-2.04,0.0,$0.90,9.62,$0.01B,$0.00B,5.96,$0.13B,$0.23B,0.58,$0.04B,$0.04B,100.00%,$0.04B,$0.02B,51.22%,$0.04B,$0.03B,60.98%,$0.04B,$0.02B,58.54%,$0.04B,$0.02B,51.22%,$0.04B,$0.02B,56.10%,$0.02B,$0.23B,10.50%,$0.02B,$0.23B,10.50%,$0.02B,$0.41B,6.28%,$0.02B,$0.36B,6.80%,$11,$0,$11,$0,$5,$5,$6,$0,$6,$0,$6,$7,$7,$5,$6,$27,27,$0.27,$0.27,$5,$0,$7,$14,$0,$392,$0,$2,$395,$410,$2,$131,$1,$182,$184,$0,$-69,$-58,$226,$410,$7,$-1,$18,$17,$-0,$-57,$0,$-4,$-61,$-37,$0,$0,$0,$0,$0,$0,$0,$0,$38,$0,$38,$5,$5,$-6,$-0,$36,$-1,$0,$-6
4,2017-09-30,8.74,$8.40,1.04,$1.55,5.65,$0.62,14.14,$0.67,13.05,$0.01B,$0.00B,4.33,$0.09B,$0.22B,0.42,$0.04B,$0.04B,100.00%,$0.04B,$0.02B,50.00%,$0.04B,$0.02B,60.00%,$0.04B,$0.03B,62.50%,$0.04B,$0.02B,50.00%,$0.04B,$0.02B,42.50%,$0.02B,$0.22B,7.88%,$0.02B,$0.22B,7.88%,$0.02B,$0.37B,5.00%,$0.02B,$0.31B,7.14%,$11,$0,$11,$0,$3,$5,$5,$0,$5,$0,$5,$5,$5,$6,$7,$25,25,$0.21,$0.21,$5,$0,$3,$10,$0,$352,$0,$3,$356,$366,$2,$93,$1,$144,$146,$0,$-69,$-59,$220,$366,$17,$1,$84,$84,$1,$-112,$-0,$-2,$-114,$-13,$0,$0,$0,$0,$0,$0,$0,$0,$22,$0,$22,$24,$14,$-21,$-3,$12,$-1,$0,$-21
5,2017-06-30,8.85,$8.38,1.06,$1.54,5.73,$3.71,2.39,$1.35,6.56,$0.01B,$0.00B,10.47,$0.08B,$0.22B,0.38,$0.04B,$0.04B,100.00%,$0.04B,$0.02B,51.28%,$0.04B,$0.02B,58.97%,$0.04B,$0.01B,17.95%,$0.04B,$0.02B,51.28%,$0.04B,$0.03B,84.62%,$0.03B,$0.22B,15.64%,$0.03B,$0.22B,15.64%,$0.03B,$0.36B,9.92%,$0.02B,$0.30B,7.41%,$10,$0,$10,$0,$3,$4,$5,$0,$5,$0,$5,$6,$6,$6,$6,$26,26,$0.24,$0.24,$7,$0,$3,$12,$0,$346,$0,$2,$349,$361,$1,$82,$1,$143,$144,$0,$-69,$-61,$217,$361,$12,$2,$71,$73,$0,$-95,$-1,$-3,$-99,$-14,$0,$0,$0,$0,$0,$0,$0,$0,$11,$0,$11,$21,$21,$-16,$-1,$15,$1,$0,$-16
6,2017-03-31,8.36,$8.33,1.0,$1.59,5.26,$6.48,1.29,$1.35,6.2,$0.01B,$0.00B,8.49,$0.05B,$0.21B,0.25,$0.04B,$0.04B,100.00%,$0.04B,$0.02B,51.28%,$0.04B,$0.02B,56.41%,$0.04B,$0.01B,12.82%,$0.04B,$0.02B,51.28%,$0.04B,$0.03B,84.62%,$0.03B,$0.21B,16.24%,$0.03B,$0.21B,16.24%,$0.03B,$0.33B,10.19%,$0.02B,$0.27B,7.69%,$9,$0,$9,$0,$3,$3,$5,$0,$5,$0,$5,$5,$5,$7,$6,$26,26,$0.18,$0.18,$5,$0,$2,$10,$0,$314,$0,$4,$319,$329,$1,$54,$1,$115,$116,$0,$0,$-62,$213,$329,$6,$3,$66,$69,$0,$-60,$-1,$-4,$-64,$10,$0,$0,$0,$0,$0,$0,$0,$0,$-17,$0,$-17,$17,$17,$-11,$-1,$-11,$-1,$0,$-11
7,2016-12-31,8.09,$8.36,0.97,$1.65,4.91,$8.79,0.92,$0.96,8.43,$0.01B,$0.00B,4.8,$0.03B,$0.21B,0.13,$0.04B,$0.04B,100.00%,$0.04B,$0.02B,51.28%,$0.04B,$0.02B,56.41%,$0.04B,$0.01B,23.08%,$0.04B,$0.02B,51.28%,$0.04B,$0.02B,56.41%,$0.02B,$0.21B,11.21%,$0.02B,$0.21B,11.21%,$0.02B,$0.31B,6.89%,$0.02B,$0.24B,7.87%,$10,$0,$10,$0,$4,$5,$5,$0,$5,$0,$5,$1,$1,$6,$5,$25,25,$0.04,$0.04,$6,$0,$3,$11,$0,$288,$0,$4,$294,$305,$2,$28,$2,$89,$91,$0,$0,$-61,$213,$305,$1,$1,$53,$54,$0,$-20,$-0,$-3,$-23,$31,$0,$0,$0,$0,$0,$0,$0,$0,$-43,$0,$-43,$17,$17,$-5,$-1,$-32,$-0,$0,$-5
8,2016-09-30,6.84,$8.62,0.79,$1.69,4.05,$10.43,0.66,$0.54,12.66,$0.01B,$0.00B,4.06,$0.07B,$0.20B,0.35,$0.04B,$0.04B,100.00%,$0.04B,$0.02B,51.28%,$0.04B,$0.02B,58.97%,$0.04B,$0.04B,97.44%,$0.04B,$0.02B,51.28%,$0.04B,$0.01B,30.77%,$0.01B,$0.20B,6.25%,$0.01B,$0.20B,6.25%,$0.01B,$0.34B,3.69%,$0.02B,$0.27B,7.77%,$10,$0,$10,$0,$3,$5,$5,$0,$5,$0,$5,$21,$21,$-12,$6,$23,23,$0.89,$0.89,$7,$0,$2,$11,$0,$322,$0,$1,$324,$336,$3,$71,$1,$132,$134,$0,$-71,$-55,$201,$336,$11,$16,$109,$125,$3,$-80,$0,$0,$-76,$60,$0,$0,$0,$0,$0,$0,$0,$0,$-56,$0,$-56,$19,$19,$-19,$-1,$-58,$2,$0,$-19
9,2016-06-30,5.93,$7.95,0.75,$1.75,3.39,$4.31,1.38,$-0.57,0.0,$0.01B,$0.00B,4.23,$0.07B,$0.19B,0.4,$0.04B,$0.04B,100.00%,$0.04B,$0.02B,51.28%,$0.04B,$0.02B,51.28%,$0.04B,$0.05B,117.95%,$0.04B,$0.02B,51.28%,$0.04B,$-0.01B,-35.90%,$-0.01B,$0.19B,-7.39%,$-0.01B,$0.19B,-7.39%,$-0.01B,$0.33B,-4.16%,$0.02B,$0.26B,7.44%,$10,$0,$10,$0,$4,$5,$5,$0,$5,$0,$5,$6,$6,$4,$5,$23,23,$0.24,$0.24,$5,$0,$2,$10,$0,$308,$0,$4,$316,$326,$2,$73,$3,$138,$140,$0,$0,$-74,$186,$326,$-9,$34,$84,$118,$3,$-60,$-0,$0,$-57,$52,$0,$0,$0,$0,$0,$0,$0,$0,$-54,$0,$-54,$19,$19,$-15,$-1,$-51,$1,$0,$-15
10,2016-03-31,5.93,$7.92,0.75,$1.80,3.29,$-0.39,0.0,$-0.65,0.0,$0.01B,$0.00B,5.32,$0.06B,$0.19B,0.31,$0.04B,$0.04B,100.00%,$0.04B,$0.02B,51.28%,$0.04B,$0.02B,53.85%,$0.04B,$0.05B,125.64%,$0.04B,$0.02B,51.28%,$0.04B,$-0.02B,-43.59%,$-0.02B,$0.19B,-8.80%,$-0.02B,$0.19B,-8.80%,$-0.02B,$0.31B,-4.89%,$0.02B,$0.24B,7.14%,$9,$0,$9,$0,$3,$5,$5,$0,$5,$0,$5,$-6,$-6,$11,$6,$23,23,$-0.26,$-0.26,$6,$0,$1,$9,$0,$293,$0,$4,$302,$311,$2,$57,$6,$124,$126,$0,$0,$-74,$185,$311,$-15,$35,$64,$99,$3,$-26,$-0,$3,$-21,$63,$0,$0,$0,$0,$0,$0,$0,$0,$-70,$0,$-70,$19,$19,$-10,$-1,$-61,$2,$0,$-10
11,2015-12-31,5.62,$8.38,0.67,$1.84,3.06,$-6.42,0.0,$0.01,562.21,$0.02B,$0.00B,7.46,$0.06B,$0.20B,0.29,$0.04B,$0.04B,100.00%,$0.04B,$0.02B,48.72%,$0.04B,$0.02B,51.28%,$0.04B,$0.04B,94.87%,$0.04B,$0.02B,48.72%,$0.04B,$-0.00B,-2.56%,$-0.00B,$0.20B,-0.51%,$-0.00B,$0.20B,-0.51%,$-0.00B,$0.33B,-0.27%,$0.02B,$0.25B,6.37%,$10,$0,$10,$0,$4,$5,$5,$0,$5,$0,$5,$-9,$-9,$35,$6,$23,23,$-0.38,$-0.38,$14,$0,$3,$20,$0,$300,$0,$5,$309,$328,$3,$58,$11,$129,$132,$0,$0,$-72,$196,$328,$-9,$29,$43,$72,$3,$-5,$-0,$5,$3,$66,$0,$0,$0,$0,$0,$0,$0,$0,$-70,$0,$-70,$20,$20,$-5,$-1,$-56,$10,$0,$-5
12,2015-09-30,6.1,$9.06,0.67,$1.81,3.37,$-11.35,0.0,$0.41,14.87,$0.01B,$0.00B,5.37,$0.13B,$0.19B,0.67,$0.04B,$0.04B,100.00%,$0.04B,$0.02B,47.37%,$0.04B,$0.02B,47.37%,$0.04B,$-0.00B,-5.26%,$0.04B,$0.02B,47.37%,$0.04B,$0.01B,21.05%,$0.01B,$0.19B,4.06%,$0.01B,$0.19B,4.06%,$0.01B,$0.38B,2.17%,$0.02B,$0.32B,5.90%,$10,$0,$10,$0,$7,$5,$5,$0,$5,$0,$5,$-5,$-5,$-4,$3,$21,21,$-0.23,$-0.23,$4,$0,$1,$11,$0,$366,$0,$2,$372,$382,$2,$127,$1,$189,$191,$0,$0,$-46,$191,$382,$8,$-22,$74,$51,$-3,$-136,$0,$4,$-134,$-74,$0,$0,$0,$0,$0,$0,$0,$0,$91,$0,$91,$1,$1,$-18,$-2,$72,$-3,$0,$-18
13,2015-06-30,5.78,$9.49,0.61,$1.74,3.32,$-7.79,0.0,$1.73,3.34,$0.02B,$0.00B,7.84,$0.11B,$0.20B,0.52,$0.04B,$0.04B,100.00%,$0.04B,$0.02B,45.95%,$0.04B,$0.02B,54.05%,$0.04B,$-0.01B,-27.03%,$0.04B,$0.02B,45.95%,$0.04B,$0.04B,97.30%,$0.04B,$0.20B,18.05%,$0.04B,$0.20B,18.05%,$0.04B,$0.37B,10.32%,$0.02B,$0.31B,5.97%,$10,$0,$10,$0,$4,$5,$5,$0,$5,$0,$5,$3,$3,$7,$6,$21,21,$0.16,$0.16,$8,$0,$3,$16,$0,$347,$0,$1,$353,$369,$2,$105,$1,$167,$169,$0,$0,$-58,$201,$369,$13,$-13,$40,$27,$-2,$-94,$0,$3,$-93,$-52,$0,$0,$0,$0,$0,$0,$0,$0,$68,$0,$68,$1,$1,$-13,$-2,$54,$2,$0,$-13
14,2015-03-31,6.29,$9.55,0.66,$1.75,3.59,$-5.35,0.0,$0.61,10.31,$0.01B,$0.00B,5.47,$0.12B,$0.20B,0.57,$0.04B,$0.04B,100.00%,$0.04B,$0.02B,45.95%,$0.04B,$0.02B,54.05%,$0.04B,$0.01B,32.43%,$0.04B,$0.02B,45.95%,$0.04B,$0.01B,35.14%,$0.01B,$0.20B,6.68%,$0.01B,$0.20B,6.68%,$0.01B,$0.38B,3.97%,$0.02B,$0.32B,6.46%,$9,$0,$9,$0,$4,$6,$4,$0,$4,$0,$4,$10,$10,$-1,$5,$21,21,$0.45,$0.45,$7,$0,$2,$14,$0,$364,$0,$1,$368,$382,$3,$115,$3,$178,$181,$0,$0,$-57,$201,$382,$10,$-14,$24,$10,$-2,$-92,$0,$5,$-90,$-70,$0,$0,$0,$0,$0,$0,$0,$0,$77,$0,$77,$1,$1,$-9,$-0,$69,$-1,$0,$-9
15,2014-12-31,5.75,$9.31,0.62,$1.76,3.27,$-2.60,0.0,$0.06,95.83,$0.01B,$0.00B,5.08,$0.08B,$0.20B,0.43,$0.04B,$0.04B,100.00%,$0.04B,$0.02B,45.95%,$0.04B,$0.02B,54.05%,$0.04B,$0.02B,59.46%,$0.04B,$0.02B,45.95%,$0.04B,$0.00B,2.70%,$0.00B,$0.20B,0.51%,$0.00B,$0.20B,0.51%,$0.00B,$0.34B,0.32%,$0.02B,$0.28B,6.79%,$9,$0,$9,$0,$3,$5,$4,$0,$4,$0,$4,$0,$0,$-4,$4,$21,21,$0.02,$0.02,$7,$0,$2,$13,$0,$327,$0,$1,$331,$344,$3,$84,$1,$146,$148,$0,$0,$-63,$196,$344,$0,$-9,$25,$16,$-1,$-61,$0,$4,$-58,$-42,$0,$0,$0,$0,$0,$0,$0,$0,$47,$0,$47,$0,$0,$0,$-4,$42,$0,$0,$0
16,2014-09-30,5.95,$9.51,0.63,$1.74,3.42,$-0.64,0.0,$0.54,11.02,$0.02B,$0.00B,9.28,$0.04B,$0.20B,0.19,$0.04B,$0.04B,100.00%,$0.04B,$0.02B,47.22%,$0.04B,$0.02B,58.33%,$0.04B,$0.02B,41.67%,$0.04B,$0.02B,47.22%,$0.04B,$0.01B,33.33%,$0.01B,$0.20B,6.01%,$0.01B,$0.20B,6.01%,$0.01B,$0.30B,4.02%,$0.02B,$0.24B,6.92%,$9,$0,$9,$0,$3,$4,$4,$0,$4,$0,$4,$23,$23,$-12,$5,$21,21,$1.09,$1.09,$7,$0,$6,$16,$0,$281,$0,$1,$286,$301,$2,$38,$1,$100,$102,$0,$0,$-70,$200,$301,$11,$-6,$88,$81,$-0,$-102,$-0,$10,$-92,$0,$0,$0,$0,$0,$0,$0,$0,$0,$-10,$0,$-10,$0,$23,$-18,$-3,$-8,$-8,$0,$-18
17,2014-06-30,6.68,$8.62,0.78,$1.77,3.77,$0.87,7.7,$0.78,8.57,$0.01B,$0.00B,4.6,$0.04B,$0.18B,0.2,$0.04B,$0.04B,100.00%,$0.04B,$0.02B,50.00%,$0.04B,$0.02B,58.33%,$0.04B,$0.01B,27.78%,$0.04B,$0.02B,50.00%,$0.04B,$0.02B,50.00%,$0.02B,$0.18B,8.94%,$0.02B,$0.18B,8.94%,$0.02B,$0.28B,6.07%,$0.02B,$0.22B,7.22%,$10,$0,$10,$0,$3,$5,$5,$0,$5,$0,$5,$-20,$-20,$29,$6,$21,21,$-0.96,$-0.96,$9,$0,$2,$13,$0,$265,$0,$1,$269,$283,$3,$37,$1,$99,$102,$0,$0,$-39,$181,$283,$-12,$11,$68,$78,$-0,$-83,$0,$16,$-67,$-1,$0,$0,$0,$0,$0,$0,$0,$0,$-12,$0,$-12,$0,$23,$-13,$-3,$-5,$-6,$0,$-13
18,2014-03-31,6.55,$9.79,0.67,$1.70,3.86,$1.85,3.54,$1.64,4.0,$0.01B,$0.00B,4.84,$0.06B,$0.21B,0.29,$0.04B,$0.04B,100.00%,$0.04B,$0.02B,48.57%,$0.04B,$0.02B,57.14%,$0.04B,$-0.01B,-25.71%,$0.04B,$0.02B,48.57%,$0.04B,$0.04B,102.86%,$0.04B,$0.21B,17.89%,$0.04B,$0.21B,17.89%,$0.04B,$0.31B,12.15%,$0.02B,$0.27B,6.67%,$9,$0,$9,$0,$4,$5,$4,$0,$4,$0,$4,$-2,$-2,$9,$5,$21,21,$-0.10,$-0.10,$7,$0,$2,$12,$0,$293,$0,$1,$297,$308,$2,$61,$1,$100,$103,$0,$0,$-54,$206,$308,$8,$-12,$56,$44,$0,$-80,$-0,$15,$-64,$-12,$0,$0,$0,$0,$0,$0,$0,$0,$13,$0,$13,$0,$0,$-9,$-0,$4,$-8,$0,$-9
19,2013-12-31,6.09,$10.10,0.6,$1.65,3.68,$2.88,2.11,$1.61,3.78,$0.02B,$0.00B,8.58,$0.05B,$0.21B,0.23,$0.03B,$0.03B,100.00%,$0.03B,$0.02B,50.00%,$0.03B,$0.02B,58.82%,$0.03B,$-0.01B,-14.71%,$0.03B,$0.02B,50.00%,$0.03B,$0.04B,102.94%,$0.04B,$0.21B,17.81%,$0.04B,$0.21B,17.81%,$0.04B,$0.30B,12.05%,$0.02B,$0.26B,6.82%,$8,$0,$8,$0,$3,$4,$4,$0,$4,$0,$4,$11,$11,$-11,$5,$21,21,$0.50,$0.50,$10,$0,$2,$15,$0,$283,$0,$1,$287,$301,$2,$48,$1,$88,$89,$0,$0,$-52,$212,$301,$11,$-16,$35,$19,$0,$-45,$-0,$14,$-31,$-1,$0,$0,$0,$0,$0,$0,$0,$0,$1,$0,$1,$0,$0,$-4,$0,$-4,$-5,$0,$-4
20,2013-09-30,5.43,$9.81,0.55,$1.72,3.15,$3.37,1.61,$1.51,3.6,$0.03B,$0.00B,13.64,$0.05B,$0.21B,0.23,$0.04B,$0.04B,100.00%,$0.04B,$0.02B,50.00%,$0.04B,$0.02B,58.33%,$0.04B,$0.01B,22.22%,$0.04B,$0.02B,50.00%,$0.04B,$0.03B,88.89%,$0.03B,$0.21B,16.69%,$0.03B,$0.21B,16.69%,$0.03B,$0.30B,11.10%,$0.02B,$0.25B,7.29%,$9,$0,$9,$0,$3,$5,$5,$0,$5,$0,$5,$29,$29,$-17,$5,$21,21,$1.36,$1.36,$15,$0,$16,$34,$0,$257,$0,$1,$261,$295,$2,$47,$1,$87,$89,$0,$0,$-41,$206,$295,$32,$-14,$119,$105,$0,$-90,$0,$-15,$-105,$32,$0,$0,$0,$0,$0,$0,$0,$0,$-12,$0,$-12,$0,$0,$0,$-16,$-28,$4,$0,$0
21,2013-06-30,4.96,$8.60,0.58,$1.75,2.83,$3.08,1.61,$0.43,11.53,$0.02B,$0.00B,12.16,$0.06B,$0.18B,0.33,$0.04B,$0.04B,100.00%,$0.04B,$0.02B,48.65%,$0.04B,$0.02B,59.46%,$0.04B,$0.03B,70.27%,$0.04B,$0.02B,48.65%,$0.04B,$0.01B,21.62%,$0.01B,$0.18B,4.27%,$0.01B,$0.18B,4.27%,$0.01B,$0.28B,2.78%,$0.02B,$0.24B,7.31%,$9,$0,$9,$0,$3,$4,$4,$0,$4,$0,$4,$-2,$-2,$10,$5,$21,21,$-0.10,$-0.10,$18,$0,$1,$22,$0,$255,$0,$1,$259,$281,$2,$60,$1,$99,$100,$0,$0,$-43,$181,$281,$4,$9,$79,$88,$-0,$-71,$-0,$-0,$-71,$20,$0,$0,$0,$0,$0,$0,$0,$0,$-0,$0,$-0,$0,$0,$0,$-13,$-13,$7,$0,$0
22,2013-03-31,5.45,$8.91,0.61,$1.82,2.99,$1.81,3.02,$0.03,181.7,$0.01B,$0.00B,7.85,$0.06B,$0.19B,0.3,$0.04B,$0.04B,100.00%,$0.04B,$0.02B,50.00%,$0.04B,$0.02B,60.53%,$0.04B,$0.03B,86.84%,$0.04B,$0.02B,50.00%,$0.04B,$-0.00B,-2.63%,$-0.00B,$0.19B,-0.53%,$-0.00B,$0.19B,-0.53%,$-0.00B,$0.29B,-0.34%,$0.02B,$0.24B,7.42%,$8,$0,$8,$0,$3,$4,$4,$0,$4,$0,$4,$-3,$-3,$13,$5,$21,21,$-0.13,$-0.13,$10,$0,$1,$14,$0,$267,$0,$1,$271,$285,$2,$57,$1,$96,$98,$0,$0,$-41,$187,$285,$6,$4,$62,$66,$-0,$-61,$-0,$-0,$-62,$10,$0,$0,$0,$0,$0,$0,$0,$0,$-3,$0,$-3,$0,$0,$0,$-8,$-11,$-1,$0,$0
23,2012-12-31,4.72,$9.17,0.52,$1.94,2.43,$1.74,2.71,$0.08,59.06,$0.02B,$0.00B,7.42,$0.06B,$0.19B,0.3,$0.04B,$0.04B,100.00%,$0.04B,$0.02B,48.78%,$0.04B,$0.02B,58.54%,$0.04B,$0.03B,82.93%,$0.04B,$0.02B,48.78%,$0.04B,0,0.00%,$0.00B,$0.19B,0.00%,$0.00B,$0.19B,0.00%,$0.00B,$0.29B,0.00%,$0.02B,$0.25B,7.63%,$10,$0,$10,$0,$3,$5,$5,$0,$5,$0,$5,$8,$8,$2,$6,$21,21,$0.40,$0.40,$13,$0,$3,$19,$0,$271,$0,$1,$274,$292,$3,$58,$1,$97,$100,$0,$0,$-41,$193,$292,$8,$-4,$58,$54,$0,$-52,$-0,$-1,$-53,$9,$0,$0,$0,$0,$0,$0,$0,$0,$-3,$0,$-3,$0,$0,$0,$-4,$-7,$2,$0,$0
24,2012-09-30,4.94,$8.98,0.55,$1.92,2.57,$1.77,2.79,$-0.38,0.0,$0.02B,$0.00B,5.83,$0.06B,$0.19B,0.33,$0.04B,$0.04B,100.00%,$0.04B,$0.02B,47.50%,$0.04B,$0.02B,60.00%,$0.04B,$0.04B,90.00%,$0.04B,$0.02B,47.50%,$0.04B,$-0.01B,-22.50%,$-0.01B,$0.19B,-4.58%,$-0.01B,$0.19B,-4.58%,$-0.01B,$0.29B,-2.92%,$0.02B,$0.25B,7.15%,$10,$0,$10,$0,$4,$6,$5,$0,$5,$0,$5,$5,$5,$1,$6,$21,21,$0.26,$0.26,$11,$0,$2,$16,$0,$274,$0,$1,$278,$293,$3,$62,$1,$102,$105,$0,$0,$-38,$189,$293,$-8,$12,$90,$102,$0,$-69,$-0,$1,$-68,$26,$0,$0,$0,$0,$0,$0,$0,$0,$-41,$0,$-41,$0,$38,$0,$-21,$-23,$3,$0,$0
25,2012-06-30,4.35,$8.91,0.49,$1.91,2.28,$-2.73,0.0,$-0.67,0.0,$0.02B,$0.00B,7.65,$0.09B,$0.19B,0.49,$0.04B,$0.04B,100.00%,$0.04B,$0.02B,47.50%,$0.04B,$0.02B,60.00%,$0.04B,$0.05B,115.00%,$0.04B,$0.02B,47.50%,$0.04B,$-0.02B,-37.50%,$-0.02B,$0.19B,-7.40%,$-0.02B,$0.19B,-7.40%,$-0.02B,$0.32B,-4.77%,$0.02B,$0.28B,6.75%,$10,$0,$10,$0,$3,$5,$5,$0,$5,$0,$5,$-11,$-11,$17,$6,$21,21,$-0.50,$-0.50,$11,$0,$5,$19,$0,$299,$0,$1,$303,$322,$2,$92,$2,$132,$135,$0,$0,$-36,$187,$322,$-13,$17,$59,$75,$0,$-66,$-0,$-3,$-69,$-7,$0,$0,$0,$0,$0,$0,$0,$0,$-12,$0,$-12,$0,$38,$0,$-17,$10,$3,$0,$0
26,2012-03-31,4.35,$9.62,0.45,$1.86,2.34,$-5.41,0.0,$-0.85,0.0,$0.02B,$0.00B,6.2,$0.07B,$0.20B,0.33,$0.04B,$0.04B,100.00%,$0.04B,$0.02B,48.72%,$0.04B,$0.02B,58.97%,$0.04B,$0.05B,138.46%,$0.04B,$0.02B,48.72%,$0.04B,$-0.02B,-46.15%,$-0.02B,$0.20B,-8.55%,$-0.02B,$0.20B,-8.55%,$-0.02B,$0.31B,-5.76%,$0.02B,$0.27B,6.57%,$11,$0,$11,$0,$4,$6,$5,$0,$5,$0,$5,$-2,$-2,$14,$6,$21,21,$-0.08,$-0.08,$9,$0,$7,$19,$0,$288,$0,$1,$293,$311,$3,$66,$2,$106,$109,$0,$0,$-36,$202,$311,$-3,$6,$39,$45,$-0,$-30,$-0,$-3,$-33,$8,$0,$0,$0,$0,$0,$0,$0,$0,$-34,$0,$-34,$0,$38,$0,$-12,$-7,$1,$0,$0
27,2011-12-31,4.0,$9.90,0.4,$1.74,2.3,$-6.13,0.0,$-0.56,0.0,$0.01B,$0.00B,5.31,$0.06B,$0.21B,0.28,$0.04B,$0.04B,100.00%,$0.04B,$0.02B,50.00%,$0.04B,$0.02B,61.11%,$0.04B,$0.06B,163.89%,$0.04B,$0.02B,50.00%,$0.04B,$-0.02B,-66.67%,$-0.02B,$0.21B,-10.97%,$-0.02B,$0.21B,-10.97%,$-0.02B,$0.31B,-7.91%,$0.02B,$0.27B,6.22%,$9,$0,$9,$0,$3,$5,$4,$0,$4,$0,$4,$-1,$-1,$4,$6,$21,21,$-0.06,$-0.06,$7,$0,$2,$12,$0,$293,$0,$1,$296,$308,$2,$57,$2,$98,$100,$0,$0,$-37,$208,$308,$-1,$-2,$23,$22,$0,$-11,$-0,$0,$-11,$10,$0,$0,$0,$0,$0,$0,$0,$0,$-43,$0,$-43,$0,$38,$0,$-6,$-10,$-1,$0,$0
28,2011-09-30,3.5,$10.16,0.34,$1.67,2.09,$-6.78,0.0,$-0.40,0.0,$0.01B,$0.00B,4.48,$0.10B,$0.21B,0.47,$0.04B,$0.04B,100.00%,$0.04B,$0.02B,54.29%,$0.04B,$0.02B,60.00%,$0.04B,$0.06B,180.00%,$0.04B,$0.02B,54.29%,$0.04B,$-0.02B,-60.00%,$-0.02B,$0.21B,-9.19%,$-0.02B,$0.21B,-9.19%,$-0.02B,$0.32B,-7.12%,$0.02B,$0.31B,6.52%,$10,$0,$10,$0,$5,$5,$5,$0,$5,$0,$5,$-1,$-1,$11,$6,$21,21,$-0.02,$-0.02,$7,$0,$3,$12,$0,$303,$0,$2,$305,$318,$3,$100,$1,$101,$104,$0,$0,$-29,$214,$318,$-21,$42,$50,$92,$-0,$-136,$-1,$-2,$-139,$-68,$0,$0,$0,$0,$0,$0,$0,$0,$83,$0,$83,$0,$0,$0,$-15,$67,$-1,$0,$0
29,2011-06-30,4.59,$10.34,0.44,$1.58,2.9,$0.58,7.89,$-0.19,0.0,$0.01B,$0.00B,4.62,$0.09B,$0.22B,0.43,$0.03B,$0.03B,100.00%,$0.03B,$0.02B,54.55%,$0.03B,$0.02B,60.61%,$0.03B,$0.06B,175.76%,$0.03B,$0.02B,54.55%,$0.03B,$-0.02B,-48.48%,$-0.02B,$0.22B,-6.74%,$-0.02B,$0.22B,-6.74%,$-0.02B,$0.31B,-5.65%,$0.02B,$0.31B,6.44%,$9,$0,$9,$0,$3,$4,$5,$0,$5,$0,$5,$-14,$-14,$25,$5,$21,21,$-0.68,$-0.68,$8,$0,$2,$13,$0,$299,$0,$1,$301,$314,$3,$93,$1,$94,$97,$0,$0,$-28,$218,$314,$-21,$37,$40,$77,$0,$-119,$-1,$-1,$-120,$-63,$0,$0,$0,$0,$0,$0,$0,$0,$75,$0,$75,$0,$0,$0,$-12,$63,$0,$0,$0
30,2011-03-31,5.51,$11.18,0.49,$1.54,3.59,$6.93,0.8,$0.41,13.44,$0.01B,$0.00B,5.27,$0.03B,$0.24B,0.14,$0.03B,$0.03B,100.00%,$0.03B,$0.02B,53.13%,$0.03B,$0.02B,62.50%,$0.03B,$0.04B,128.13%,$0.03B,$0.02B,53.13%,$0.03B,$-0.00B,-12.50%,$-0.00B,$0.24B,-1.63%,$-0.00B,$0.24B,-1.63%,$-0.00B,$0.27B,-1.45%,$0.02B,$0.27B,6.26%,$8,$0,$8,$0,$3,$4,$4,$0,$4,$0,$4,$-8,$-8,$19,$5,$21,21,$-0.40,$-0.40,$9,$0,$1,$13,$0,$257,$0,$1,$259,$273,$3,$34,$1,$35,$37,$0,$0,$-28,$235,$273,$-6,$17,$-17,$0,$0,$0,$-1,$-0,$-1,$-7,$0,$0,$0,$0,$0,$0,$0,$0,$16,$0,$16,$0,$0,$0,$-9,$8,$1,$0,$0
31,2010-12-31,5.51,$11.74,0.47,$1.60,3.44,$9.11,0.6,$0.41,13.43,$0.02B,$0.00B,8.35,$0.03B,$0.25B,0.1,$0.03B,$0.03B,100.00%,$0.03B,$0.02B,50.00%,$0.03B,$0.02B,61.76%,$0.03B,$0.03B,76.47%,$0.03B,$0.02B,50.00%,$0.03B,$0.01B,35.29%,$0.01B,$0.25B,4.80%,$0.01B,$0.25B,4.80%,$0.01B,$0.28B,4.20%,$0.02B,$0.27B,6.04%,$8,$0,$8,$0,$2,$3,$5,$0,$5,$0,$5,$2,$2,$8,$5,$21,21,$0.10,$0.10,$6,$0,$11,$21,$0,$253,$0,$0,$255,$275,$2,$25,$1,$26,$29,$0,$0,$-28,$247,$275,$2,$3,$13,$16,$-0,$-12,$-1,$-10,$-22,$-4,$0,$0,$0,$0,$0,$0,$0,$0,$8,$0,$8,$0,$0,$0,$-5,$3,$-1,$0,$0
32,2010-09-30,5.29,$11.85,0.45,$1.69,3.14,$10.01,0.53,$0.52,10.18,$0.01B,$0.00B,4.84,$0.02B,$0.25B,0.07,$0.04B,$0.04B,100.00%,$0.04B,$0.02B,44.44%,$0.04B,$0.02B,61.11%,$0.04B,$0.02B,61.11%,$0.04B,$0.02B,44.44%,$0.04B,$0.02B,44.44%,$0.02B,$0.25B,6.38%,$0.02B,$0.25B,6.38%,$0.02B,$0.27B,5.35%,$0.02B,$0.27B,5.43%,$8,$0,$8,$0,$6,$4,$4,$0,$4,$0,$4,$4,$4,$6,$5,$21,21,$0.18,$0.18,$8,$0,$0,$12,$0,$257,$0,$1,$259,$271,$2,$18,$1,$19,$21,$0,$0,$-27,$249,$271,$16,$-0,$90,$90,$0,$-23,$-0,$2,$-20,$87,$0,$0,$0,$0,$0,$0,$0,$0,$-66,$0,$-66,$0,$0,$0,$-18,$-84,$2,$0,$0
33,2010-06-30,4.98,$11.81,0.42,$1.75,2.85,$10.43,0.48,$0.54,9.22,$0.01B,$0.00B,2.79,$0.03B,$0.25B,0.12,$0.04B,$0.04B,100.00%,$0.04B,$0.02B,43.24%,$0.04B,$0.02B,62.16%,$0.04B,$0.01B,29.73%,$0.04B,$0.02B,43.24%,$0.04B,$0.02B,40.54%,$0.02B,$0.25B,5.98%,$0.02B,$0.25B,5.98%,$0.02B,$0.28B,4.76%,$0.02B,$0.28B,5.14%,$8,$0,$8,$0,$1,$4,$4,$0,$4,$0,$4,$-2,$-2,$8,$5,$21,21,$-0.08,$-0.08,$6,$0,$2,$12,$0,$270,$0,$0,$272,$284,$4,$31,$0,$31,$35,$0,$0,$-69,$248,$284,$13,$-1,$65,$63,$0,$-8,$-0,$2,$-6,$70,$0,$0,$0,$0,$0,$0,$0,$0,$-54,$0,$-54,$0,$0,$0,$-15,$-69,$1,$0,$0
34,2010-03-31,5.34,$12.10,0.44,$1.87,2.85,$10.98,0.49,$0.88,6.07,$0.02B,$0.00B,4.51,$0.05B,$0.26B,0.21,$0.04B,$0.04B,100.00%,$0.04B,$0.02B,42.50%,$0.04B,$0.03B,62.50%,$0.04B,$0.01B,17.50%,$0.04B,$0.02B,42.50%,$0.04B,$0.02B,40.00%,$0.02B,$0.26B,6.37%,$0.02B,$0.26B,6.37%,$0.02B,$0.31B,4.84%,$0.02B,$0.31B,5.20%,$10,$0,$10,$0,$2,$5,$4,$0,$4,$0,$4,$8,$8,$4,$6,$21,21,$0.38,$0.38,$4,$0,$11,$18,$0,$292,$0,$0,$294,$312,$4,$53,$0,$53,$57,$0,$0,$-65,$255,$312,$14,$-4,$35,$30,$1,$0,$-1,$-5,$-6,$39,$0,$0,$0,$0,$0,$0,$0,$0,$-30,$0,$-30,$0,$0,$0,$-10,$-40,$-1,$0,$0
35,2009-12-31,3.4,$11.92,0.29,$1.93,1.77,$10.05,0.34,$0.93,3.66,$0.02B,$0.00B,5.85,$0.07B,$0.25B,0.29,$0.04B,$0.04B,100.00%,$0.04B,$0.02B,46.34%,$0.04B,$0.03B,65.85%,$0.04B,$0.00B,9.76%,$0.04B,$0.02B,46.34%,$0.04B,$0.02B,43.90%,$0.02B,$0.25B,7.16%,$0.02B,$0.25B,7.16%,$0.02B,$0.33B,5.07%,$0.02B,$0.33B,5.40%,$10,$0,$10,$0,$2,$5,$4,$0,$4,$0,$4,$6,$6,$4,$6,$21,21,$0.30,$0.30,$6,$0,$10,$20,$0,$307,$0,$1,$308,$329,$3,$74,$0,$74,$77,$0,$0,$-68,$251,$329,$6,$-2,$19,$17,$-0,$-2,$-0,$-6,$-8,$15,$0,$0,$0,$0,$0,$0,$0,$0,$-10,$0,$-10,$0,$0,$0,$-4,$-14,$1,$0,$0
36,2009-09-30,3.85,$11.81,0.33,$2.02,1.91,$9.93,0.39,$1.00,3.85,$0.01B,$0.00B,4.05,$0.08B,$0.25B,0.34,$0.04B,$0.04B,100.00%,$0.04B,$0.02B,48.84%,$0.04B,$0.03B,67.44%,$0.04B,$0.02B,51.16%,$0.04B,$0.02B,48.84%,$0.04B,$0.00B,6.98%,$0.00B,$0.25B,1.19%,$0.00B,$0.25B,1.19%,$0.00B,$0.34B,0.80%,$0.02B,$0.33B,5.66%,$9,$0,$9,$0,$1,$5,$4,$0,$4,$0,$4,$3,$3,$-5,$6,$21,21,$0.17,$0.17,$5,$0,$3,$13,$0,$321,$0,$0,$323,$336,$3,$83,$0,$84,$87,$0,$0,$-26,$249,$336,$4,$-7,$122,$115,$1,$-25,$0,$1,$-23,$96,$0,$0,$0,$0,$0,$0,$0,$0,$-68,$0,$-68,$0,$0,$0,$-29,$-97,$-1,$0,$0
37,2009-06-30,3.17,$11.85,0.27,$2.17,1.46,$1.33,2.38,$1.09,2.91,$0.01B,$0.00B,4.13,$0.09B,$0.25B,0.37,$0.05B,$0.05B,100.00%,$0.05B,$0.02B,50.00%,$0.05B,$0.03B,67.39%,$0.05B,$0.06B,121.74%,$0.05B,$0.02B,50.00%,$0.05B,$-0.01B,-30.43%,$-0.01B,$0.25B,-5.43%,$-0.01B,$0.25B,-5.43%,$-0.01B,$0.34B,-3.54%,$0.02B,$0.34B,5.84%,$11,$0,$11,$0,$2,$5,$5,$0,$5,$0,$5,$-1,$-1,$4,$7,$21,21,$-0.04,$-0.04,$5,$0,$2,$10,$0,$331,$0,$1,$334,$344,$2,$92,$0,$92,$94,$0,$0,$-55,$250,$344,$0,$4,$100,$104,$-0,$-25,$-0,$2,$-23,$82,$0,$0,$0,$0,$0,$0,$0,$0,$-59,$0,$-59,$0,$0,$0,$-24,$-84,$-2,$0,$0
38,2009-03-31,2.55,$12.10,0.21,$2.21,1.16,$-5.98,0.0,$1.15,2.22,$0.03B,$0.00B,9.12,$0.15B,$0.26B,0.6,$0.05B,$0.05B,100.00%,$0.05B,$0.03B,54.35%,$0.05B,$0.03B,69.57%,$0.05B,$0.07B,141.30%,$0.05B,$0.03B,54.35%,$0.05B,$-0.01B,-21.74%,$-0.01B,$0.26B,-3.72%,$-0.01B,$0.26B,-3.72%,$-0.01B,$0.41B,-2.40%,$0.03B,$0.41B,6.02%,$11,$0,$11,$0,$2,$5,$6,$0,$6,$0,$6,$10,$10,$1,$8,$21,21,$0.48,$0.48,$11,$0,$10,$25,$0,$385,$0,$1,$387,$411,$3,$153,$0,$153,$156,$0,$0,$-59,$255,$411,$1,$8,$34,$42,$0,$-17,$-0,$-6,$-23,$20,$0,$0,$0,$0,$0,$0,$0,$0,$2,$0,$2,$0,$0,$0,$-18,$-16,$4,$0,$0
39,2008-12-31,3.12,$12.03,0.26,$2.27,1.38,$-10.62,0.0,$1.22,2.56,$0.02B,$0.00B,6.1,$0.15B,$0.25B,0.58,$0.05B,$0.05B,100.00%,$0.05B,$0.03B,54.35%,$0.05B,$0.03B,69.57%,$0.05B,$0.09B,197.83%,$0.05B,$0.03B,54.35%,$0.05B,$-0.03B,-69.57%,$-0.03B,$0.25B,-11.41%,$-0.03B,$0.25B,-11.41%,$-0.03B,$0.40B,-7.59%,$0.03B,$0.40B,5.97%,$12,$0,$12,$0,$2,$6,$6,$0,$6,$0,$6,$-9,$-9,$22,$8,$21,21,$-0.43,$-0.43,$6,$0,$7,$16,$0,$385,$0,$1,$387,$403,$3,$146,$0,$147,$149,$0,$0,$-66,$254,$403,$-9,$14,$19,$33,$1,$-9,$-0,$-3,$-11,$13,$0,$0,$0,$0,$0,$0,$0,$0,$-5,$0,$-5,$0,$0,$0,$-9,$-13,$-1,$0,$0
40,2008-09-30,5.61,$12.89,0.44,$2.38,2.36,$-14.98,0.0,$1.37,4.09,$0.02B,$0.00B,5.59,$0.15B,$0.27B,0.56,$0.05B,$0.05B,100.00%,$0.05B,$0.03B,57.78%,$0.05B,$0.03B,75.56%,$0.05B,$0.08B,186.67%,$0.05B,$0.03B,57.78%,$0.05B,$-0.02B,-46.67%,$-0.02B,$0.27B,-7.41%,$-0.02B,$0.27B,-7.41%,$-0.02B,$0.43B,-4.90%,$0.03B,$0.42B,6.11%,$12,$0,$12,$0,$2,$5,$6,$0,$6,$0,$6,$-14,$-14,$29,$8,$20,20,$-0.71,$-0.71,$6,$0,$5,$15,$0,$408,$0,$1,$411,$426,$3,$151,$0,$151,$154,$0,$0,$0,$272,$426,$-21,$49,$71,$120,$-2,$-177,$0,$-1,$-179,$-80,$0,$0,$0,$0,$0,$0,$2,$2,$7,$0,$7,$106,$106,$0,$-37,$75,$-2,$0,$0
41,2008-06-30,5.46,$13.97,0.39,$2.60,2.1,$-19.79,0.0,$1.47,3.72,$0.02B,$0.00B,7.16,$0.13B,$0.30B,0.45,$0.04B,$0.04B,100.00%,$0.04B,$0.03B,59.09%,$0.04B,$0.03B,77.27%,$0.04B,$0.07B,154.55%,$0.04B,$0.03B,59.09%,$0.04B,$-0.01B,-13.64%,$-0.01B,$0.30B,-2.22%,$-0.01B,$0.30B,-2.22%,$-0.01B,$0.43B,-1.45%,$0.03B,$0.43B,6.32%,$11,$0,$11,$0,$2,$5,$7,$0,$7,$0,$7,$3,$3,$13,$8,$21,21,$0.13,$0.13,$5,$0,$7,$16,$0,$412,$0,$0,$415,$430,$2,$133,$0,$133,$136,$0,$0,$-33,$295,$430,$-7,$29,$48,$76,$-1,$-138,$-0,$-3,$-142,$-72,$0,$0,$0,$0,$0,$0,$2,$2,$-11,$0,$-11,$106,$106,$0,$-28,$67,$-3,$0,$0
42,2008-03-31,6.56,$14.27,0.46,$2.73,2.4,$-26.43,0.0,$1.59,4.12,$0.01B,$0.00B,5.87,$0.12B,$0.30B,0.41,$0.04B,$0.04B,100.00%,$0.04B,$0.03B,59.52%,$0.04B,$0.03B,78.57%,$0.04B,$0.06B,147.62%,$0.04B,$0.03B,59.52%,$0.04B,$-0.00B,-7.14%,$-0.00B,$0.30B,-1.20%,$-0.00B,$0.30B,-1.20%,$-0.00B,$0.43B,-0.75%,$0.03B,$0.42B,6.28%,$11,$0,$11,$0,$3,$5,$6,$0,$6,$0,$6,$-12,$-12,$27,$8,$20,20,$-0.61,$-0.61,$7,$0,$3,$14,$0,$413,$0,$0,$413,$427,$2,$123,$0,$124,$126,$0,$0,$-30,$301,$427,$-10,$24,$7,$31,$-1,$-94,$-0,$1,$-94,$-73,$0,$0,$0,$0,$0,$0,$2,$2,$-21,$0,$-21,$106,$106,$0,$-17,$69,$-2,$0,$0
43,2007-12-31,5.82,$15.08,0.39,$2.86,2.03,$-27.33,0.0,$1.73,3.36,$0.02B,$0.00B,9.92,$0.16B,$0.27B,0.61,$0.04B,$0.04B,100.00%,$0.04B,$0.03B,62.50%,$0.04B,$0.03B,82.50%,$0.04B,$0.04B,110.00%,$0.04B,$0.03B,62.50%,$0.04B,$0.01B,32.50%,$0.01B,$0.27B,5.97%,$0.01B,$0.27B,5.97%,$0.01B,$0.43B,3.54%,$0.03B,$0.43B,6.85%,$11,$0,$11,$0,$2,$4,$7,$0,$7,$0,$7,$2,$2,$15,$10,$17,17,$0.11,$0.11,$6,$0,$7,$16,$0,$414,$0,$0,$414,$430,$2,$162,$0,$162,$164,$0,$0,$-11,$266,$430,$2,$6,$4,$10,$0,$-73,$0,$-2,$-75,$-64,$0,$0,$0,$0,$0,$0,$0,$0,$17,$0,$17,$51,$51,$0,$-7,$61,$-3,$0,$0
44,2007-09-30,6.53,$14.97,0.44,$2.86,2.28,$-25.46,0.0,$1.72,3.8,$0.02B,$0.00B,7.44,$0.14B,$0.22B,0.65,$0.04B,$0.04B,100.00%,$0.04B,$0.02B,62.16%,$0.04B,$0.03B,78.38%,$0.04B,$0.04B,97.30%,$0.04B,$0.02B,62.16%,$0.04B,$0.02B,40.54%,$0.02B,$0.22B,7.74%,$0.02B,$0.22B,7.74%,$0.02B,$0.37B,4.63%,$0.02B,$0.37B,7.15%,$11,$0,$11,$0,$2,$5,$6,$0,$6,$0,$6,$1,$1,$13,$8,$13,13,$0.02,$0.02,$9,$0,$6,$17,$0,$350,$0,$0,$350,$368,$2,$144,$0,$144,$147,$0,$0,$0,$221,$368,$15,$8,$122,$130,$-1,$-262,$0,$1,$-262,$-117,$0,$0,$0,$0,$0,$0,$-2,$-2,$94,$0,$94,$57,$57,$0,$-24,$128,$8,$0,$0
45,2007-06-30,7.03,$15.11,0.47,$2.69,2.62,$-15.96,0.0,$1.76,4.0,$0.01B,$0.00B,4.61,$0.16B,$0.22B,0.75,$0.03B,$0.03B,100.00%,$0.03B,$0.02B,66.67%,$0.03B,$0.03B,81.82%,$0.03B,$0.03B,87.88%,$0.03B,$0.02B,66.67%,$0.03B,$0.02B,57.58%,$0.02B,$0.22B,10.45%,$0.02B,$0.22B,10.45%,$0.02B,$0.38B,6.59%,$0.02B,$0.38B,7.69%,$9,$0,$9,$0,$2,$3,$6,$0,$6,$0,$6,$6,$6,$7,$7,$14,14,$0.44,$0.44,$3,$0,$3,$9,$0,$369,$0,$0,$370,$379,$2,$161,$0,$161,$163,$0,$0,$1,$215,$379,$14,$3,$100,$103,$-1,$-254,$0,$1,$-253,$-137,$0,$0,$0,$0,$0,$0,$0,$0,$111,$0,$111,$46,$46,$0,$-17,$139,$3,$0,$0
46,2007-03-31,7.62,$13.82,0.55,$2.57,2.96,$-4.35,0.0,$1.73,4.41,$0.01B,$0.00B,8.58,$0.12B,$0.17B,0.71,$0.03B,$0.03B,100.00%,$0.03B,$0.02B,67.74%,$0.03B,$0.03B,80.65%,$0.03B,$0.03B,87.10%,$0.03B,$0.02B,67.74%,$0.03B,$0.02B,61.29%,$0.02B,$0.17B,11.33%,$0.02B,$0.17B,11.33%,$0.02B,$0.29B,7.75%,$0.02B,$0.29B,8.62%,$9,$0,$9,$0,$2,$3,$6,$0,$6,$0,$6,$4,$4,$9,$8,$12,12,$0.33,$0.33,$3,$0,$5,$10,$0,$280,$0,$1,$281,$291,$1,$120,$0,$121,$122,$0,$0,$0,$169,$291,$8,$3,$62,$65,$-1,$-128,$0,$-2,$-130,$-57,$0,$0,$0,$0,$0,$0,$0,$0,$70,$0,$70,$0,$0,$0,$-12,$59,$2,$0,$0
47,2006-12-31,7.55,$13.89,0.54,$2.47,3.05,$0.41,18.5,$1.71,4.41,$0.01B,$0.00B,6.23,$0.09B,$0.17B,0.5,$0.03B,$0.03B,100.00%,$0.03B,$0.02B,68.97%,$0.03B,$0.02B,79.31%,$0.03B,$0.02B,82.76%,$0.03B,$0.02B,68.97%,$0.03B,$0.02B,72.41%,$0.02B,$0.17B,12.77%,$0.02B,$0.17B,12.77%,$0.02B,$0.26B,9.25%,$0.02B,$0.26B,8.87%,$8,$0,$8,$0,$2,$3,$5,$0,$5,$0,$5,$4,$4,$7,$6,$12,12,$0.34,$0.34,$6,$0,$4,$12,$0,$245,$0,$0,$245,$257,$2,$85,$0,$85,$87,$0,$0,$2,$170,$257,$4,$1,$24,$25,$-1,$-52,$0,$0,$-52,$-23,$0,$0,$0,$0,$0,$0,$0,$0,$35,$0,$35,$0,$0,$0,$-7,$29,$5,$0,$0
