,Date,Stock Price,Book Value per Share,Price to Book Ratio,TTM Sales per Share,Price to Sales Ratio,TTM FCF per Share,Price to FCF Ratio,TTM Net EPS,PE Ratio,Current Assets,Current Liabilities,Current Ratio,Long Term Debt,Shareholder's Equity_x,Debt to Equity Ratio,TTM Revenue_x,TTM Gross Profit,Gross Margin,TTM Revenue_y,TTM Operating Income,Operating Margin,TTM Revenue_x,TTM EBIT,EBIT Margin,TTM Revenue_y,TTM EBITDA,EBITDA Margin,TTM Revenue_x,TTM Pre-Tax Income,Pre-Tax Margin,TTM Revenue_y,TTM Net Income_x,Net Margin,TTM Net Income_y,Shareholder's Equity_y,Return on Equity,TTM Net Income_x,Tangible Equity,Return on Tangible Equity,TTM Net Income_y,Total Assets,Return on Assets,TTM Net Income,LT Investments & Debt,Return on Investment,revenue,cost-goods-sold,gross-profit,research-development-expenses,selling-general-administrative-expenses,operating-expenses,operating-income,total-non-operating-income-expense,pre-tax-income,total-provision-income-taxes,income-after-taxes,income-from-continuous-operations,net-income,ebitda,ebit,basic-shares-outstanding,shares-outstanding,eps-basic-net-earnings-per-share,eps-earnings-per-share-diluted,cash-on-hand,inventory,other-current-assets,total-current-assets,net-property-plant-equipment,long-term-investments,goodwill-intangible-assets-total,other-long-term-assets,total-long-term-assets,total-assets,total-current-liabilities,long-term-debt,other-non-current-liabilities,total-long-term-liabilities,total-liabilities,common-stock-net,retained-earnings-accumulated-deficit,comprehensive-income,total-share-holder-equity,total-liabilities-share-holders-equity,net-income-loss,total-depreciation-amortization-cash-flow,other-non-cash-items,total-non-cash-items,change-in-accounts-receivable,change-in-inventories,change-in-accounts-payable,change-in-assets-liabilities,total-change-in-assets-liabilities,cash-flow-from-operating-activities,net-change-in-property-plant-equipment,net-change-in-intangible-assets,net-acquisitions-divestitures,net-change-in-short-term-investments,net-change-in-long-term-investments,net-change-in-investments-total,investing-activities-other,cash-flow-from-investing-activities,net-long-term-debt,net-current-debt,debt-issuance-retirement-net-total,net-common-equity-issued-repurchased,net-total-equity-issued-repurchased,total-common-preferred-stock-dividends-paid,financial-activities-other,cash-flow-from-financial-activities,net-cash-flow,stock-based-compensation,common-stock-dividends-paid
0,2018-09-30,27.8,$0.00,0.0,0,0.0,0,0.0,$0.19,146.32,$0.69B,$1.10B,0.62,$1.79B,$2.15B,0.83,$0.31B,$0.14B,44.44%,$0.31B,$0.22B,71.57%,$0.31B,$0.22B,71.57%,$0.31B,$0.31B,101.63%,$0.31B,$0.17B,54.90%,$0.31B,$0.09B,27.78%,$0.09B,$2.15B,4.49%,$0.09B,$2.15B,4.49%,$0.09B,$5.19B,1.71%,$0.22B,$3.94B,6.57%,$123,$54,$70,$0,$15,$-9,$132,$-38,$95,$0,$95,$97,$66,$163,$132,$0,0,$0.00,$0.00,$609,$0,$78,$686,$3316,$702,$0,$482,$4501,$5187,$1100,$1789,$152,$1941,$3041,$101,$-37,$-36,$2146,$5187,$142,$72,$-145,$-73,$-22,$1,$-26,$30,$-8,$61,$-120,$0,$0,$0,$-66,$-66,$24,$-162,$0,$241,$241,$3,$3,$-27,$36,$252,$151,$9,$-27
1,2018-06-30,29.46,$0.00,0.0,0,0.0,0,0.0,$-0.24,0.0,$0.71B,$1.16B,0.62,$1.86B,$1.84B,1.01,$0.22B,$0.07B,33.49%,$0.22B,$0.06B,29.77%,$0.22B,$0.06B,29.77%,$0.22B,$0.14B,65.58%,$0.22B,$0.04B,20.00%,$0.22B,$-0.03B,-11.63%,$-0.03B,$1.84B,-1.39%,$-0.03B,$1.84B,-1.39%,$-0.03B,$5.19B,-0.52%,$0.06B,$3.70B,2.04%,$59,$37,$22,$0,$13,$-19,$78,$-20,$58,$0,$58,$53,$36,$102,$78,$0,0,$0.00,$0.00,$651,$0,$63,$714,$3343,$709,$0,$428,$4479,$5193,$1159,$1856,$335,$2191,$3350,$101,$-90,$-32,$1843,$5193,$45,$42,$20,$62,$-13,$-0,$-5,$-56,$-59,$48,$-119,$0,$0,$0,$-62,$-62,$18,$-162,$302,$0,$302,$1,$1,$-10,$36,$329,$215,$5,$-10
2,2018-03-31,27.31,$0.00,0.0,0,0.0,0,0.0,$-1.33,0.0,$0.43B,$1.57B,0.28,$1.10B,$1.78B,0.62,$0.18B,$0.06B,29.89%,$0.18B,$-0.04B,-20.65%,$0.18B,$-0.04B,-20.65%,$0.18B,$0.03B,16.85%,$0.18B,$-0.08B,-43.48%,$0.18B,$-0.14B,-73.37%,$-0.14B,$1.78B,-7.52%,$-0.14B,$1.78B,-7.52%,$-0.14B,$4.78B,-2.89%,$-0.04B,$2.88B,-1.25%,$66,$43,$23,$0,$14,$60,$6,$-13,$-7,$-0,$-7,$-8,$-21,$25,$6,$0,0,$0.00,$0.00,$388,$0,$44,$432,$3274,$727,$0,$352,$4352,$4784,$1568,$1098,$338,$1436,$3004,$101,$-122,$-13,$1781,$4784,$-8,$18,$8,$27,$-5,$-2,$-5,$27,$13,$31,$-90,$0,$0,$0,$-43,$-43,$9,$-125,$0,$49,$49,$0,$0,$-5,$-0,$44,$-49,$2,$-5
3,2017-12-31,29.7,$0.00,0.0,0,0.0,0,0.0,$-1.77,0.0,$0.47B,$1.63B,0.29,$1.03B,$1.80B,0.57,$0.14B,$0.03B,18.88%,$0.14B,$-0.09B,-59.44%,$0.14B,$-0.09B,-59.44%,$0.14B,$-0.01B,-6.29%,$0.14B,$-0.12B,-82.52%,$0.14B,$-0.18B,-125.87%,$-0.18B,$1.80B,-9.87%,$-0.18B,$1.80B,-9.87%,$-0.18B,$4.76B,-3.91%,$-0.09B,$2.82B,-2.69%,$58,$37,$21,$0,$17,$55,$3,$19,$22,$0,$21,$15,$4,$21,$3,$0,0,$0.00,$0.00,$437,$0,$36,$473,$3255,$703,$0,$333,$4291,$4764,$1632,$1026,$310,$1336,$2968,$101,$-96,$-8,$1796,$4764,$-145,$76,$89,$164,$-11,$-0,$2,$9,$28,$47,$-392,$0,$70,$11,$-123,$-112,$0,$-434,$0,$451,$451,$-1,$-1,$-20,$-52,$377,$-9,$9,$-20
4,2017-09-30,22.49,$0.00,0.0,0,0.0,0,0.0,$-1.95,0.0,$0.59B,$1.43B,0.41,$1.38B,$1.78B,0.77,$0.11B,$0.01B,4.63%,$0.11B,$-0.12B,-112.04%,$0.11B,$-0.12B,-112.04%,$0.11B,$-0.05B,-42.59%,$0.11B,$-0.17B,-153.70%,$0.11B,$-0.16B,-148.15%,$-0.16B,$1.78B,-8.64%,$-0.16B,$1.78B,-8.64%,$-0.16B,$4.65B,-3.57%,$-0.12B,$3.16B,-3.65%,$32,$27,$6,$0,$11,$55,$-23,$-7,$-30,$0,$-31,$-36,$-44,$-7,$-23,$0,0,$0.00,$0.00,$557,$0,$32,$589,$3126,$692,$0,$239,$4057,$4645,$1432,$1377,$51,$1429,$2861,$101,$-95,$-8,$1784,$4645,$-160,$58,$52,$109,$-1,$-2,$-2,$-19,$-4,$-54,$-171,$0,$70,$0,$-91,$-91,$13,$-179,$0,$349,$349,$0,$0,$-15,$-2,$332,$99,$6,$-15
5,2017-06-30,22.08,$0.00,0.0,0,0.0,0,0.0,$-1.52,0.0,$0.57B,$1.11B,0.51,$1.51B,$1.82B,0.83,$0.10B,$-0.00B,-2.04%,$0.10B,$-0.13B,-128.57%,$0.10B,$-0.13B,-128.57%,$0.10B,$-0.05B,-50.00%,$0.10B,$-0.17B,-172.45%,$0.10B,$-0.14B,-142.86%,$-0.14B,$1.82B,-7.62%,$-0.14B,$1.82B,-7.62%,$-0.14B,$4.50B,-3.21%,$-0.13B,$3.33B,-3.91%,$28,$24,$5,$0,$11,$52,$-24,$-41,$-65,$0,$-65,$-65,$-74,$-8,$-24,$0,0,$0.00,$0.00,$548,$0,$20,$568,$2966,$676,$0,$287,$3930,$4498,$1114,$1510,$52,$1562,$2676,$101,$-46,$-8,$1823,$4498,$-124,$42,$40,$82,$-2,$0,$-2,$-5,$7,$-34,$-135,$0,$0,$0,$-57,$-57,$3,$-189,$407,$-31,$376,$0,$0,$-10,$-2,$364,$141,$4,$-10
6,2017-03-31,27.65,$18.70,1.48,0,0.0,0,0.0,$-1.86,0.0,$0.65B,$1.14B,0.57,$1.42B,$1.89B,0.75,$0.09B,$-0.02B,-17.05%,$0.09B,$-0.14B,-157.95%,$0.09B,$-0.14B,-157.95%,$0.09B,$-0.05B,-56.82%,$0.09B,$-0.18B,-202.27%,$0.09B,$-0.17B,-188.64%,$-0.17B,$1.89B,-9.14%,$-0.17B,$1.89B,-9.14%,$-0.17B,$4.51B,-3.84%,$-0.14B,$3.31B,-4.52%,$25,$30,$-5,$0,$11,$67,$-41,$-4,$-45,$0,$-45,$-59,$-66,$-15,$-41,$0,0,$0.00,$0.00,$630,$0,$18,$648,$2904,$665,$0,$290,$3859,$4507,$1142,$1423,$52,$1475,$2617,$101,$33,$-8,$1890,$4507,$-59,$26,$29,$55,$1,$1,$-2,$-16,$-11,$-15,$-54,$0,$0,$0,$-34,$-34,$0,$-88,$0,$363,$363,$0,$0,$-5,$-33,$325,$223,$2,$-5
7,2016-12-31,22.67,$18.89,1.2,0,0.0,0,0.0,$-2.07,0.0,$0.43B,$0.77B,0.55,$1.53B,$1.91B,0.8,$0.08B,$-0.02B,-25.00%,$0.08B,$-0.14B,-176.25%,$0.08B,$-0.14B,-176.25%,$0.08B,$-0.06B,-70.00%,$0.08B,$-0.21B,-262.50%,$0.08B,$-0.19B,-233.75%,$-0.19B,$1.91B,-10.41%,$-0.19B,$1.91B,-10.41%,$-0.19B,$4.26B,-4.38%,$-0.14B,$3.44B,-4.71%,$23,$24,$-1,$0,$15,$56,$-33,$7,$-26,$0,$-26,$31,$24,$-16,$-33,$0,0,$0.00,$0.00,$408,$7,$8,$426,$2886,$656,$0,$289,$3831,$4257,$769,$1526,$52,$1578,$2347,$101,$104,$-10,$1910,$4257,$-161,$85,$33,$118,$-1,$1,$-29,$36,$5,$-39,$-235,$0,$221,$22,$-10,$12,$0,$-2,$0,$134,$134,$163,$163,$-54,$-83,$160,$119,$6,$-54
8,2016-09-30,20.9,$18.43,1.13,0,0.0,0,0.0,$-1.93,0.0,$0.64B,$1.33B,0.48,$1.07B,$1.72B,0.62,$0.08B,$-0.02B,-26.25%,$0.08B,$-0.14B,-170.00%,$0.08B,$-0.14B,-170.00%,$0.08B,$-0.05B,-61.25%,$0.08B,$-0.26B,-330.00%,$0.08B,$-0.26B,-318.75%,$-0.26B,$1.72B,-14.19%,$-0.26B,$1.72B,-14.19%,$-0.26B,$4.18B,-5.96%,$-0.14B,$2.79B,-4.61%,$22,$24,$-1,$0,$10,$51,$-28,$-5,$-33,$0,$-33,$-17,$-24,$-10,$-28,$0,0,$0.00,$0.00,$341,$0,$296,$637,$2594,$648,$0,$300,$3542,$4179,$1334,$1068,$53,$1121,$2455,$94,$100,$-10,$1724,$4179,$-176,$68,$55,$124,$-2,$2,$-28,$41,$5,$-47,$-162,$0,$220,$10,$-10,$-0,$-1,$57,$171,$0,$171,$-8,$-8,$-50,$-90,$23,$33,$3,$-50
9,2016-06-30,15.25,$18.61,0.82,0,0.0,0,0.0,$-3.49,0.0,$0.99B,$1.53B,0.65,$1.03B,$1.74B,0.59,$0.09B,$-0.02B,-22.35%,$0.09B,$-0.13B,-155.29%,$0.09B,$-0.13B,-155.29%,$0.09B,$-0.05B,-54.12%,$0.09B,$-0.38B,-444.71%,$0.09B,$-0.38B,-443.53%,$-0.38B,$1.74B,-20.19%,$-0.38B,$1.74B,-20.19%,$-0.38B,$4.37B,-8.89%,$-0.13B,$2.77B,-4.19%,$18,$26,$-8,$0,$10,$55,$-37,$-37,$-74,$-1,$-73,$-90,$-100,$-9,$-37,$0,0,$0.00,$0.00,$261,$0,$729,$990,$2535,$531,$0,$313,$3379,$4369,$1531,$1031,$66,$1097,$2627,$94,$127,$-13,$1741,$4369,$-159,$50,$71,$121,$0,$0,$0,$-21,$-21,$-59,$-107,$0,$107,$-5,$0,$-5,$-1,$-6,$141,$0,$141,$-8,$-8,$-45,$-64,$25,$-41,$3,$-45
10,2016-03-31,17.62,$19.44,0.91,0,0.0,0,0.0,$-2.45,0.0,$0.53B,$1.24B,0.43,$1.17B,$1.81B,0.65,$0.09B,$-0.03B,-31.03%,$0.09B,$-0.14B,-159.77%,$0.09B,$-0.14B,-159.77%,$0.09B,$-0.07B,-74.71%,$0.09B,$-0.31B,-355.17%,$0.09B,$-0.28B,-321.84%,$-0.28B,$1.81B,-14.12%,$-0.28B,$1.81B,-14.12%,$-0.28B,$4.28B,-6.68%,$-0.14B,$2.98B,-4.08%,$17,$27,$-10,$0,$12,$59,$-43,$-34,$-77,$-1,$-76,$-84,$-87,$-21,$-43,$0,0,$0.00,$0.00,$229,$0,$302,$530,$2893,$531,$0,$317,$3754,$4284,$1236,$1172,$68,$1239,$2476,$94,$231,$-39,$1808,$4284,$-84,$21,$44,$66,$0,$0,$0,$22,$22,$4,$-60,$0,$30,$5,$0,$5,$-1,$-26,$84,$0,$84,$-8,$-8,$-45,$-21,$9,$-12,$1,$-45
11,2015-12-31,15.45,$20.48,0.75,0,0.0,0,0.0,$-1.36,0.0,$0.64B,$0.95B,0.67,$1.35B,$1.92B,0.7,$0.10B,$-0.02B,-22.55%,$0.10B,$-0.03B,-28.43%,$0.10B,$-0.03B,-28.43%,$0.10B,$0.04B,37.25%,$0.10B,$-0.21B,-206.86%,$0.10B,$-0.17B,-167.65%,$-0.17B,$1.92B,-8.17%,$-0.17B,$1.92B,-8.17%,$-0.17B,$4.27B,-4.09%,$-0.03B,$3.26B,-0.81%,$23,$25,$-2,$0,$10,$51,$-28,$-52,$-80,$-0,$-79,$-33,$-44,$-9,$-28,$0,0,$0.00,$0.00,$333,$9,$267,$638,$2837,$549,$0,$231,$3631,$4269,$954,$1345,$54,$1399,$2353,$94,$309,$-13,$1916,$4269,$-152,$68,$-86,$-17,$1,$-2,$9,$-204,$-175,$-345,$-678,$0,$227,$-7,$202,$195,$0,$-256,$0,$703,$703,$-12,$-12,$-121,$-56,$514,$-86,$4,$-121
12,2015-09-30,26.59,$21.45,1.24,$0.41,65.6,$-16.57,0.0,$-1.36,0.0,$0.39B,$0.37B,1.05,$1.59B,$2.01B,0.79,$0.11B,$-0.01B,-8.77%,$0.11B,$-0.01B,-7.02%,$0.11B,$-0.01B,-7.02%,$0.11B,$0.05B,47.37%,$0.11B,$-0.20B,-176.32%,$0.11B,$-0.17B,-150.88%,$-0.17B,$2.01B,-7.91%,$-0.17B,$2.01B,-7.91%,$-0.17B,$4.04B,-4.20%,$-0.01B,$3.60B,-0.22%,$27,$26,$1,$0,$7,$51,$-24,$-123,$-147,$-1,$-146,$-143,$-146,$-7,$-24,$0,0,$0.00,$0.00,$331,$0,$58,$388,$2664,$548,$0,$316,$3651,$4039,$370,$1591,$72,$1663,$2034,$93,$427,$-42,$2005,$4039,$-95,$49,$-30,$20,$0,$0,$0,$-16,$-16,$-92,$-491,$0,$127,$19,$202,$222,$-1,$-143,$432,$0,$432,$0,$0,$-121,$-44,$266,$31,$4,$-121
13,2015-06-30,44.12,$23.61,1.87,$0.41,108.85,$-16.57,0.0,$0.28,157.58,$0.59B,$0.30B,1.96,$1.59B,$2.21B,0.72,$0.12B,0,0.00%,$0.12B,$0.01B,9.48%,$0.12B,$0.01B,9.48%,$0.12B,$0.07B,57.76%,$0.12B,$-0.05B,-46.55%,$0.12B,$-0.02B,-15.52%,$-0.02B,$2.21B,-0.79%,$-0.02B,$2.21B,-0.79%,$-0.02B,$4.17B,-0.45%,$0.01B,$3.80B,0.31%,$20,$36,$-16,$0,$9,$64,$-44,$39,$-5,$-1,$-5,$-0,$-3,$-28,$-44,$0,0,$0.00,$0.00,$410,$0,$175,$585,$2656,$569,$0,$253,$3586,$4171,$299,$1593,$74,$1667,$1966,$93,$614,$-19,$2205,$4171,$24,$32,$-119,$-87,$0,$0,$0,$-14,$-14,$-76,$-478,$0,$127,$59,$207,$267,$0,$-84,$0,$435,$435,$0,$0,$-81,$-11,$343,$183,$4,$-81
14,2015-03-31,31.08,$24.06,1.29,$0.63,49.23,$-23.36,0.0,$0.05,621.62,$0.58B,$0.60B,0.97,$1.33B,$2.25B,0.59,$0.12B,$0.02B,18.80%,$0.12B,$0.04B,37.61%,$0.12B,$0.04B,37.61%,$0.12B,$0.10B,82.05%,$0.12B,$-0.08B,-66.67%,$0.12B,$-0.04B,-33.33%,$-0.04B,$2.25B,-1.67%,$-0.04B,$2.25B,-1.67%,$-0.04B,$4.26B,-1.03%,$0.04B,$3.58B,1.30%,$32,$38,$-6,$0,$7,$-35,$67,$-46,$21,$-1,$22,$25,$22,$82,$67,$0,0,$0.00,$0.00,$427,$0,$132,$580,$2622,$577,$0,$371,$3676,$4256,$598,$1334,$77,$1411,$2009,$93,$657,$-16,$2247,$4256,$25,$15,$-71,$-56,$0,$0,$0,$-25,$-25,$-56,$-404,$0,$7,$23,$207,$230,$0,$-166,$0,$458,$458,$0,$0,$-40,$-11,$407,$185,$2,$-40
15,2014-12-31,33.59,$23.95,1.4,$0.63,53.2,$-23.36,0.0,$-0.02,0.0,$0.74B,$0.36B,2.04,$1.24B,$2.24B,0.56,$0.11B,$0.03B,27.36%,$0.11B,$-0.00B,-1.89%,$0.11B,$-0.00B,-1.89%,$0.11B,$0.05B,44.34%,$0.11B,$-0.09B,-84.91%,$0.11B,$-0.05B,-45.28%,$-0.05B,$2.24B,-2.17%,$-0.05B,$2.24B,-2.17%,$-0.05B,$3.90B,-1.41%,$-0.00B,$3.48B,-0.06%,$35,$25,$11,$0,$4,$42,$-7,$-64,$-70,$-0,$-70,$-43,$-45,$7,$-7,$87,87,$-0.29,$-0.29,$266,$8,$423,$739,$1994,$754,$0,$69,$3161,$3900,$361,$1241,$60,$1301,$1662,$93,$642,$-7,$2237,$3900,$-46,$49,$-29,$20,$-11,$-1,$-2,$51,$52,$25,$-1467,$0,$155,$-68,$0,$-68,$-50,$-1429,$0,$983,$983,$662,$662,$-156,$-19,$1470,$66,$2,$-156
16,2014-09-30,60.53,$25.66,2.36,$0.23,267.84,$-6.79,0.0,$0.03,2017.57,$0.45B,$0.14B,3.19,$1.00B,$2.39B,0.42,$0.09B,$0.02B,21.11%,$0.09B,$0.01B,5.56%,$0.09B,$0.01B,5.56%,$0.09B,$0.05B,55.56%,$0.09B,$-0.04B,-40.00%,$0.09B,$-0.03B,-27.78%,$-0.03B,$2.39B,-1.19%,$-0.03B,$2.39B,-1.19%,$-0.03B,$3.62B,-0.81%,$0.01B,$3.39B,0.18%,$29,$17,$11,$0,$6,$34,$-5,$5,$0,$0,$-0,$8,$8,$6,$-5,$0,0,$0.00,$0.00,$390,$0,$37,$447,$1663,$851,$0,$60,$3171,$3618,$140,$999,$84,$1084,$1224,$93,$756,$39,$2394,$3618,$-3,$35,$-12,$23,$0,$0,$0,$-8,$-8,$11,$-943,$0,$155,$-20,$0,$-20,$0,$-808,$434,$68,$501,$661,$661,$-114,$13,$1061,$265,$0,$-114
17,2014-06-30,54.39,$26.18,2.08,$0.23,240.66,$-6.79,0.0,$-0.21,0.0,$0.54B,$0.22B,2.42,$0.66B,$2.44B,0.27,$0.08B,$0.01B,12.82%,$0.08B,$-0.00B,-2.56%,$0.08B,$-0.00B,-2.56%,$0.08B,$0.04B,51.28%,$0.08B,$-0.05B,-69.23%,$0.08B,$-0.05B,-58.97%,$-0.05B,$2.44B,-2.33%,$-0.05B,$2.44B,-2.33%,$-0.05B,$3.41B,-1.64%,$-0.00B,$3.10B,-0.08%,$21,$15,$6,$0,$5,$32,$-11,$-18,$-29,$-1,$-28,$-24,$-24,$1,$-11,$93,93,$-0.26,$-0.26,$485,$0,$37,$541,$1180,$870,$0,$50,$2865,$3407,$223,$657,$84,$741,$965,$93,$790,$53,$2442,$3407,$-11,$24,$-6,$18,$0,$0,$0,$-15,$-15,$-8,$-626,$0,$148,$3,$0,$3,$0,$-475,$289,$-65,$224,$662,$662,$-36,$-8,$842,$359,$0,$-36
18,2014-03-31,37.37,$22.07,1.69,0,0.0,0,0.0,$0.79,47.3,$0.31B,$0.23B,1.33,$0.60B,$1.78B,0.34,$0.09B,$0.02B,21.18%,$0.09B,$0.01B,10.59%,$0.09B,$0.01B,10.59%,$0.09B,$0.05B,55.29%,$0.09B,$0.03B,35.29%,$0.09B,$0.04B,43.53%,$0.04B,$1.78B,2.01%,$0.04B,$1.78B,2.01%,$0.04B,$2.70B,1.44%,$0.01B,$2.38B,0.38%,$21,$20,$1,$0,$5,$0,$21,$-11,$9,$-1,$10,$13,$13,$33,$21,$0,0,$0.00,$0.00,$182,$0,$106,$308,$804,$814,$0,$64,$2389,$2697,$231,$600,$87,$687,$918,$81,$851,$-9,$1779,$2697,$13,$12,$-22,$-10,$0,$0,$0,$-84,$-84,$-81,$-198,$0,$148,$-20,$0,$-20,$0,$-70,$161,$65,$226,$0,$0,$-36,$-6,$184,$33,$0,$-36
19,2013-12-31,32.16,$22.39,1.44,0,0.0,0,0.0,$1.69,19.03,$0.18B,$0.09B,2.01,$0.69B,$1.80B,0.38,$0.10B,$0.04B,41.00%,$0.10B,$0.06B,64.00%,$0.10B,$0.06B,64.00%,$0.10B,$0.10B,98.00%,$0.10B,$0.10B,103.00%,$0.10B,$0.11B,110.00%,$0.11B,$1.80B,5.88%,$0.11B,$1.80B,5.88%,$0.11B,$2.67B,4.40%,$0.06B,$2.49B,2.73%,$19,$18,$1,$0,$7,$19,$0,$-17,$-16,$-1,$-15,$-22,$-22,$10,$0,$0,0,$0.00,$0.00,$149,$12,$6,$182,$812,$822,$0,$57,$2484,$2665,$91,$686,$84,$771,$861,$81,$874,$-7,$1804,$2665,$110,$35,$-26,$9,$0,$-10,$3,$-47,$-51,$68,$-734,$0,$120,$-37,$116,$79,$2,$-533,$297,$0,$297,$1,$1,$-109,$-23,$166,$-299,$1,$-109
20,2013-09-30,32.97,$23.10,1.43,0,0.0,0,0.0,$1.92,17.17,$0.13B,$0.08B,1.69,$0.40B,$1.86B,0.22,$0.18B,$0.12B,63.89%,$0.18B,$0.11B,61.67%,$0.18B,$0.11B,61.67%,$0.18B,$0.15B,85.56%,$0.18B,$1.01B,561.11%,$0.18B,$1.01B,560.00%,$1.01B,$1.86B,54.17%,$1.01B,$1.86B,54.17%,$1.01B,$2.43B,41.34%,$0.11B,$2.26B,4.86%,$17,$15,$2,$0,$6,$29,$-12,$-6,$-18,$-1,$-18,$-13,$-13,$-4,$-12,$0,0,$0.00,$0.00,$79,$0,$33,$133,$416,$952,$0,$70,$2295,$2427,$78,$402,$86,$489,$567,$81,$907,$18,$1860,$2427,$131,$24,$-94,$-70,$0,$0,$0,$-4,$-4,$57,$-387,$0,$118,$-56,$-15,$-71,$0,$-341,$-7,$0,$-7,$0,$0,$-73,$-6,$-85,$-369,$0,$-73
21,2013-06-30,27.58,$23.94,1.15,0,0.0,0,0.0,$2.64,10.45,$0.25B,$0.05B,5.57,$0.40B,$1.93B,0.21,$0.28B,$0.21B,74.30%,$0.28B,$0.19B,67.96%,$0.28B,$0.19B,67.96%,$0.28B,$0.25B,88.03%,$0.28B,$1.09B,382.75%,$0.28B,$1.07B,375.35%,$1.07B,$1.93B,64.85%,$1.07B,$1.93B,64.85%,$1.07B,$2.46B,43.21%,$0.19B,$2.33B,8.50%,$28,$14,$14,$0,$6,$28,$-0,$56,$55,$-1,$56,$59,$59,$8,$-0,$0,0,$0.00,$0.00,$191,$0,$39,$250,$425,$976,$0,$46,$2214,$2464,$45,$404,$88,$491,$536,$81,$956,$36,$1928,$2464,$145,$16,$-107,$-91,$0,$0,$0,$-19,$-19,$35,$-299,$0,$118,$-30,$-15,$-45,$0,$-227,$-5,$0,$-5,$0,$0,$-36,$-0,$-41,$-233,$0,$-36
22,2013-03-31,31.56,$23.48,1.34,0,0.0,0,0.0,$2.34,13.49,$0.39B,$0.06B,6.42,$0.41B,$1.89B,0.21,$0.36B,$0.28B,77.96%,$0.36B,$0.25B,69.15%,$0.36B,$0.25B,69.15%,$0.36B,$0.32B,88.15%,$0.36B,$1.08B,296.69%,$0.36B,$1.04B,287.05%,$1.04B,$1.89B,76.70%,$1.04B,$1.89B,76.70%,$1.04B,$2.45B,42.29%,$0.25B,$2.30B,11.36%,$36,$11,$24,$0,$5,$-40,$76,$6,$82,$-1,$83,$86,$86,$84,$76,$0,0,$0.00,$0.00,$376,$0,$17,$393,$436,$968,$0,$14,$2055,$2448,$61,$405,$91,$496,$557,$81,$934,$22,$1891,$2448,$86,$8,$-64,$-56,$0,$0,$0,$-13,$-13,$17,$-168,$0,$118,$0,$-15,$-15,$0,$-65,$-2,$0,$-2,$0,$0,$0,$0,$-2,$-51,$0,$0
23,2012-12-31,31.38,$21.92,1.43,0,0.0,0,0.0,$1.47,21.35,$0.44B,$0.09B,5.05,$0.49B,$1.76B,0.28,$0.41B,$0.31B,76.34%,$0.41B,$0.20B,49.51%,$0.41B,$0.20B,49.51%,$0.41B,$0.28B,68.78%,$0.41B,$1.02B,248.29%,$0.41B,$0.97B,236.83%,$0.97B,$1.76B,89.95%,$0.97B,$1.76B,89.95%,$0.97B,$2.41B,39.38%,$0.20B,$2.26B,9.39%,$99,$24,$75,$0,$7,$52,$47,$844,$891,$2,$889,$888,$876,$66,$47,$0,0,$0.00,$0.00,$426,$2,$6,$440,$574,$919,$0,$7,$1974,$2414,$87,$491,$73,$563,$650,$81,$849,$-19,$1764,$2414,$1014,$80,$-864,$-784,$2,$0,$-1,$-9,$4,$234,$-343,$0,$0,$2,$-20,$-17,$70,$-291,$636,$-325,$311,$320,$320,$-176,$-40,$415,$358,$1,$-176
24,2012-09-30,32.19,$12.34,2.61,0,0.0,0,0.0,$1.40,22.99,$0.18B,$0.24B,0.77,$1.21B,$0.99B,1.22,$0.39B,$0.30B,76.53%,$0.39B,$0.18B,46.17%,$0.39B,$0.18B,46.17%,$0.39B,$0.26B,65.82%,$0.39B,$0.16B,39.54%,$0.39B,$0.11B,28.57%,$0.11B,$0.99B,13.53%,$0.11B,$0.99B,13.53%,$0.11B,$2.54B,4.63%,$0.18B,$2.20B,8.77%,$121,$23,$98,$0,$5,$51,$70,$-11,$59,$2,$57,$58,$45,$92,$70,$0,0,$0.00,$0.00,$164,$0,$16,$181,$1791,$6,$0,$218,$2362,$2543,$236,$1206,$108,$1314,$1550,$80,$42,$-32,$992,$2543,$127,$60,$-25,$36,$0,$0,$0,$-26,$-26,$136,$-228,$0,$0,$-16,$-20,$-36,$0,$-264,$124,$0,$124,$2,$2,$-107,$161,$179,$52,$1,$-107
25,2012-06-30,31.12,$9.79,3.18,$0.97,32.15,$-2.11,0.0,$1.01,30.82,$0.13B,$0.25B,0.52,$1.30B,$0.79B,1.65,$0.35B,$0.26B,75.64%,$0.35B,$0.16B,44.70%,$0.35B,$0.16B,44.70%,$0.35B,$0.23B,65.04%,$0.35B,$0.12B,33.52%,$0.35B,$0.08B,23.21%,$0.08B,$0.79B,10.54%,$0.08B,$0.79B,10.54%,$0.08B,$2.45B,3.45%,$0.16B,$2.09B,7.85%,$107,$21,$86,$0,$7,$49,$58,$-13,$45,$0,$45,$45,$35,$78,$58,$0,0,$0.00,$0.00,$115,$0,$16,$131,$1800,$5,$0,$214,$2320,$2451,$253,$1301,$110,$1411,$1664,$80,$30,$-33,$787,$2451,$69,$39,$-22,$16,$0,$0,$0,$-18,$-18,$68,$-162,$0,$0,$-9,$-19,$-29,$0,$-191,$225,$0,$225,$1,$1,$-75,$-16,$134,$11,$1,$-75
26,2012-03-31,31.09,$9.65,3.22,$0.97,32.11,$-2.11,0.0,$0.57,54.55,$0.17B,$0.23B,0.73,$1.34B,$0.78B,1.72,$0.32B,$0.24B,74.37%,$0.32B,$0.13B,40.51%,$0.32B,$0.13B,40.51%,$0.32B,$0.20B,61.71%,$0.32B,$0.08B,24.68%,$0.32B,$0.05B,14.24%,$0.05B,$0.78B,5.90%,$0.05B,$0.78B,5.90%,$0.05B,$2.45B,1.95%,$0.13B,$2.11B,6.62%,$83,$29,$54,$0,$7,$55,$28,$-5,$23,$-1,$24,$24,$15,$46,$28,$0,0,$0.00,$0.00,$152,$0,$16,$168,$1770,$5,$0,$214,$2286,$2454,$231,$1336,$112,$1447,$1679,$80,$23,$-34,$775,$2454,$24,$19,$-18,$0,$0,$0,$0,$-17,$-17,$8,$-124,$0,$0,$-16,$-19,$-35,$0,$-159,$249,$0,$249,$1,$1,$-47,$-10,$192,$41,$1,$-47
27,2011-12-31,36.03,$9.42,3.83,$1.96,18.41,$-1.97,0.0,$0.62,58.12,$0.11B,$0.26B,0.41,$1.11B,$0.76B,1.47,$0.30B,$0.23B,77.00%,$0.30B,$0.12B,40.00%,$0.30B,$0.12B,40.00%,$0.30B,$0.19B,62.00%,$0.30B,$0.07B,23.00%,$0.30B,$0.05B,15.33%,$0.05B,$0.76B,6.39%,$0.05B,$0.76B,6.39%,$0.05B,$2.23B,2.08%,$0.12B,$1.86B,6.56%,$81,$19,$62,$0,$10,$56,$25,$3,$28,$1,$27,$34,$17,$42,$25,$0,0,$0.00,$0.00,$95,$3,$0,$106,$1705,$30,$0,$192,$2127,$2233,$256,$1107,$113,$1221,$1477,$80,$34,$-35,$756,$2233,$68,$65,$-14,$51,$5,$2,$-13,$-5,$-2,$117,$-289,$0,$0,$-6,$-3,$-9,$0,$-299,$-32,$0,$-32,$302,$302,$-65,$-121,$84,$-98,$2,$-65
28,2011-09-30,25.58,$9.45,2.71,$2.92,8.77,$-1.71,0.0,$0.48,53.29,$0.16B,$0.26B,0.61,$1.13B,$0.76B,1.49,$0.28B,$0.22B,76.06%,$0.28B,$0.10B,36.62%,$0.28B,$0.10B,36.62%,$0.28B,$0.17B,59.51%,$0.28B,$0.05B,17.96%,$0.28B,$0.03B,11.97%,$0.03B,$0.76B,5.00%,$0.03B,$0.76B,5.00%,$0.03B,$2.26B,1.56%,$0.10B,$1.89B,5.82%,$78,$15,$62,$0,$6,$32,$45,$-25,$21,$-1,$22,$21,$14,$61,$45,$80,80,$0.17,$0.17,$143,$0,$17,$160,$1685,$19,$0,$219,$2104,$2264,$264,$1132,$112,$1243,$1507,$80,$43,$-34,$757,$2264,$41,$48,$-7,$41,$0,$0,$0,$15,$15,$98,$-268,$0,$0,$-6,$1,$-5,$0,$-273,$75,$-84,$-9,$301,$301,$-52,$-114,$126,$-49,$1,$-52
29,2011-06-30,27.84,$0.00,0.0,$2.97,9.37,$-0.23,0.0,$0.37,75.25,$0.27B,$0.30B,0.9,$1.11B,$0.76B,1.45,$0.28B,$0.20B,73.19%,$0.28B,$0.09B,31.52%,$0.28B,$0.09B,31.52%,$0.28B,$0.17B,61.59%,$0.28B,$0.03B,9.06%,$0.28B,$0.02B,8.70%,$0.02B,$0.76B,3.73%,$0.02B,$0.76B,3.73%,$0.02B,$2.28B,1.08%,$0.09B,$1.87B,4.73%,$74,$17,$57,$0,$9,$44,$30,$-24,$6,$-1,$7,$-1,$-1,$46,$30,$0,0,$0.00,$0.00,$183,$0,$83,$266,$0,$19,$0,$225,$245,$2278,$296,$1106,$113,$1219,$1514,$0,$0,$0,$763,$2278,$20,$33,$-14,$19,$0,$0,$0,$-13,$-13,$26,$-159,$0,$0,$-14,$1,$-14,$0,$-172,$-3,$-16,$-19,$10,$10,$-40,$179,$130,$-16,$1,$-40
30,2011-03-31,20.25,$0.00,0.0,$3.75,5.4,$-0.50,0.0,$0.29,69.81,$0.21B,$0.27B,0.78,$1.09B,$0.60B,1.82,$0.26B,$0.18B,69.38%,$0.26B,$0.07B,27.13%,$0.26B,$0.07B,27.13%,$0.26B,$0.14B,53.10%,$0.26B,$0.01B,5.43%,$0.26B,$0.02B,7.36%,$0.02B,$0.60B,3.14%,$0.02B,$0.60B,3.14%,$0.02B,$2.09B,0.84%,$0.07B,$1.70B,3.69%,$67,$18,$50,$0,$8,$47,$20,$-6,$14,$-0,$15,$14,$16,$37,$20,$68,68,$0.24,$0.24,$155,$0,$57,$212,$0,$20,$0,$225,$244,$2090,$273,$1094,$122,$1216,$1489,$68,$73,$0,$602,$2090,$14,$17,$-5,$11,$1,$-28,$30,$-16,$-1,$24,$-15,$0,$0,$-6,$1,$-6,$0,$-20,$-25,$0,$-25,$6,$6,$-20,$-1,$-40,$-36,$0,$-20
31,2010-12-31,11.69,$8.84,1.32,$3.54,3.3,$-0.92,0.0,$0.01,1169.04,$0.20B,$0.25B,0.83,$1.10B,$0.60B,1.83,$0.24B,$0.16B,65.16%,$0.24B,$0.06B,25.00%,$0.24B,$0.06B,25.00%,$0.24B,$0.13B,52.05%,$0.24B,$-0.00B,-1.23%,$0.24B,$-0.00B,0.00%,$-0.00B,$0.60B,0.00%,$-0.00B,$0.60B,0.00%,$-0.00B,$2.08B,0.00%,$0.06B,$1.70B,3.06%,$65,$17,$47,$0,$22,$56,$9,$-13,$10,$0,$10,$5,$5,$25,$9,$67,67,$0.07,$0.07,$187,$6,$0,$204,$1619,$20,$0,$225,$1873,$2078,$247,$1098,$134,$1231,$1478,$68,$78,$-33,$599,$2078,$-5,$67,$-1,$67,$-2,$1,$-7,$-1,$-8,$52,$-34,$0,$0,$391,$7,$399,$0,$365,$-340,$0,$-340,$31,$31,$-46,$-19,$-374,$42,$2,$-46
32,2010-09-30,9.58,$0.00,0.0,$3.56,2.69,$-2.23,0.0,$0.20,47.91,$0.20B,$0.28B,0.73,$1.48B,$0.61B,2.44,$0.25B,$0.16B,63.27%,$0.25B,$0.07B,28.98%,$0.25B,$0.07B,28.98%,$0.25B,$0.14B,55.92%,$0.25B,$0.00B,0.82%,$0.25B,$0.01B,4.90%,$0.01B,$0.61B,1.91%,$0.01B,$0.61B,1.91%,$0.01B,$2.44B,0.49%,$0.07B,$2.09B,3.34%,$70,$22,$48,$0,$4,$43,$28,$-18,$-5,$0,$-5,$4,$4,$62,$28,$69,69,$0.06,$0.06,$137,$0,$64,$200,$1622,$21,$0,$598,$2240,$2441,$276,$1484,$74,$1558,$1833,$0,$0,$0,$607,$2441,$-7,$50,$10,$60,$-2,$1,$-16,$-56,$-65,$-12,$-31,$0,$0,$-2,$3,$1,$0,$-31,$27,$0,$27,$-1,$-1,$-19,$0,$8,$-35,$1,$-19
33,2010-06-30,7.33,$0.00,0.0,$3.51,2.09,$-2.61,0.0,$0.12,61.1,$0.20B,$0.26B,0.77,$1.48B,$0.62B,2.41,$0.23B,$0.13B,58.67%,$0.23B,$0.05B,20.89%,$0.23B,$0.05B,20.89%,$0.23B,$0.10B,42.22%,$0.23B,$0.01B,4.00%,$0.23B,$0.01B,3.11%,$0.01B,$0.62B,1.10%,$0.01B,$0.62B,1.10%,$0.01B,$2.43B,0.29%,$0.05B,$2.10B,2.18%,$56,$22,$34,$0,$4,$43,$13,$-18,$-5,$0,$-5,$-6,$-6,$13,$13,$71,71,$-0.08,$-0.08,$179,$0,$18,$197,$0,$21,$0,$573,$594,$2426,$255,$1481,$75,$1556,$1810,$68,$136,$0,$616,$2426,$-3,$16,$0,$16,$0,$0,$0,$0,$-5,$-1,$-18,$0,$0,$0,$0,$-2,$0,$-20,$0,$-2,$-14,$0,$0,$-5,$2,$-19,$-40,$0,$0
34,2010-03-31,8.65,$0.00,0.0,$3.44,2.51,$-2.76,0.0,$0.38,22.77,$0.14B,$0.23B,0.64,$1.46B,$0.64B,2.28,$0.22B,$0.12B,55.56%,$0.22B,$0.04B,16.67%,$0.22B,$0.04B,16.67%,$0.22B,$0.10B,45.83%,$0.22B,$0.03B,13.43%,$0.22B,$0.03B,11.57%,$0.03B,$0.64B,4.09%,$0.03B,$0.64B,4.09%,$0.03B,$2.40B,1.02%,$0.04B,$2.10B,1.66%,$53,$24,$30,$0,$3,$43,$11,$-14,$-3,$0,$-4,$-3,$-3,$27,$11,$69,69,$-0.04,$-0.04,$122,$0,$22,$144,$0,$21,$0,$594,$615,$2395,$226,$1457,$75,$1531,$1757,$68,$149,$0,$638,$2395,$-2,$16,$0,$16,$0,$0,$0,$0,$-16,$-1,$-18,$0,$0,$0,$0,$1,$-4,$-20,$0,$0,$-14,$0,$-0,$-5,$-0,$-19,$-40,$0,$0
35,2009-12-31,9.12,$9.74,0.94,$3.51,2.6,$-2.63,0.0,$0.34,26.84,$0.18B,$0.21B,0.89,$1.55B,$0.66B,2.36,$0.22B,$0.12B,53.46%,$0.22B,$0.03B,14.75%,$0.22B,$0.03B,14.75%,$0.22B,$0.09B,43.32%,$0.22B,$0.03B,13.82%,$0.22B,$0.02B,10.60%,$0.02B,$0.66B,4.00%,$0.02B,$0.66B,4.00%,$0.02B,$2.49B,0.94%,$0.03B,$2.21B,1.49%,$66,$22,$43,$0,$7,$46,$19,$-5,$15,$1,$14,$17,$17,$35,$19,$67,67,$0.26,$0.26,$163,$7,$19,$182,$2010,$21,$0,$643,$2674,$2492,$206,$1552,$76,$1628,$1834,$68,$157,$-19,$658,$2492,$23,$63,$-13,$63,$5,$-2,$2,$-41,$10,$43,$-113,$0,$0,$38,$11,$20,$37,$-56,$-33,$0,$-26,$113,$114,$0,$-8,$80,$66,$2,$0
36,2009-09-30,7.87,$0.00,0.0,$3.42,2.3,$-5.65,0.0,$-0.78,0.0,$0.24B,$0.21B,1.12,$1.59B,$0.16B,10.1,$0.21B,$0.11B,50.48%,$0.21B,$0.03B,12.86%,$0.21B,$0.03B,12.86%,$0.21B,$0.09B,42.86%,$0.21B,$-0.04B,-17.62%,$0.21B,$-0.05B,-24.76%,$-0.05B,$0.63B,-9.93%,$-0.05B,$0.63B,-9.93%,$-0.05B,$2.50B,-2.16%,$0.03B,$2.22B,1.29%,$50,$25,$25,$0,$6,$47,$4,$-2,$2,$0,$2,$-1,$-1,$20,$4,$51,51,$-0.02,$-0.02,$217,$0,$18,$236,$0,$30,$0,$624,$653,$2504,$210,$1590,$75,$1664,$1874,$0,$0,$0,$630,$2504,$6,$47,$0,$47,$0,$0,$0,$0,$3,$21,$-73,$0,$0,$0,$0,$-2,$26,$-49,$0,$0,$17,$0,$0,$0,$110,$127,$99,$0,$0
37,2009-06-30,6.09,$0.00,0.0,$3.30,1.84,$-8.34,0.0,$0.01,608.54,$0.13B,$0.22B,0.6,$1.62B,$0.52B,3.12,$0.22B,$0.11B,52.29%,$0.22B,$0.04B,16.06%,$0.22B,$0.04B,16.06%,$0.22B,$0.10B,44.95%,$0.22B,$0.02B,7.34%,$0.22B,$0.00B,0.46%,$0.00B,$0.52B,0.20%,$0.00B,$0.52B,0.20%,$0.00B,$2.42B,0.04%,$0.04B,$2.13B,1.68%,$47,$25,$22,$0,$4,$45,$2,$13,$15,$0,$15,$12,$12,$17,$2,$66,66,$0.18,$0.18,$108,$0,$21,$128,$0,$31,$0,$699,$730,$2424,$215,$1615,$75,$1691,$1906,$68,$141,$0,$519,$2424,$7,$31,$0,$31,$0,$0,$0,$0,$-37,$23,$-51,$0,$0,$0,$0,$-0,$13,$-37,$0,$-3,$21,$0,$0,$0,$-1,$16,$2,$0,$0
38,2009-03-31,2.44,$0.00,0.0,$3.36,0.73,$-10.88,0.0,$0.00,0.0,$0.14B,$0.26B,0.55,$1.53B,$0.49B,3.09,$0.22B,$0.12B,52.68%,$0.22B,$0.04B,17.86%,$0.22B,$0.04B,17.86%,$0.22B,$0.10B,46.43%,$0.22B,$0.01B,5.80%,$0.22B,$0.00B,0.45%,$0.00B,$0.49B,0.20%,$0.00B,$0.49B,0.20%,$0.00B,$2.35B,0.04%,$0.04B,$2.02B,1.89%,$54,$27,$26,$0,$4,$47,$7,$-9,$-2,$0,$-2,$-5,$-5,$22,$7,$64,64,$-0.08,$-0.08,$122,$0,$17,$139,$0,$31,$0,$621,$652,$2354,$255,$1529,$76,$1605,$1860,$0,$0,$0,$494,$2354,$-5,$16,$0,$16,$0,$0,$0,$0,$1,$13,$-22,$0,$0,$0,$0,$4,$-7,$-26,$0,$-1,$24,$0,$0,$0,$0,$23,$10,$0,$0
39,2008-12-31,4.81,$0.00,0.0,$3.38,1.42,$-13.48,0.0,$-0.15,0.0,$0.15B,$0.27B,0.54,$1.52B,$0.45B,3.37,$0.23B,$0.13B,58.52%,$0.23B,$0.06B,24.02%,$0.23B,$0.06B,24.02%,$0.23B,$0.12B,51.97%,$0.23B,$0.00B,0.00%,$0.23B,$-0.01B,-4.37%,$-0.01B,$0.45B,-1.94%,$-0.01B,$0.45B,-1.94%,$-0.01B,$2.36B,-0.39%,$0.06B,$1.97B,2.52%,$59,$26,$33,$0,$4,$46,$14,$-144,$-52,$-0,$-52,$-58,$-58,$31,$14,$67,67,$-0.86,$-0.86,$116,$5,$1,$145,$0,$31,$0,$612,$654,$2360,$267,$1522,$77,$1641,$1908,$68,$134,$0,$452,$2360,$-10,$65,$-125,$65,$2,$-1,$13,$100,$112,$48,$-322,$0,$0,$34,$-28,$-36,$275,$-84,$-13,$0,$-13,$1,$1,$-67,$-16,$-95,$-130,$3,$-67
40,2008-09-30,9.08,$0.00,0.0,$3.40,2.67,$-7.66,0.0,$0.75,12.1,$0.19B,$0.18B,1.05,$1.65B,$0.00B,0.0,$0.23B,$0.15B,63.64%,$0.23B,$0.07B,29.00%,$0.23B,$0.07B,29.00%,$0.23B,$0.13B,56.28%,$0.23B,$0.10B,43.72%,$0.23B,$0.05B,22.08%,$0.05B,$0.55B,9.44%,$0.05B,$0.55B,9.44%,$0.05B,$2.50B,1.96%,$0.07B,$2.20B,2.95%,$58,$26,$33,$0,$5,$46,$12,$44,$55,$1,$54,$52,$52,$28,$12,$67,67,$0.77,$0.77,$157,$0,$32,$189,$0,$39,$0,$769,$809,$2499,$180,$1648,$75,$1766,$1946,$0,$0,$0,$553,$2499,$48,$48,$0,$48,$0,$0,$0,$0,$39,$31,$-280,$0,$0,$0,$0,$-28,$267,$-41,$0,$-4,$-32,$0,$1,$-51,$-2,$-87,$-97,$0,$0
41,2008-06-30,10.43,$0.00,0.0,$3.40,3.07,$-2.25,0.0,$-0.16,0.0,$0.31B,$0.27B,1.15,$1.74B,$0.00B,0.0,$0.23B,$0.15B,67.40%,$0.23B,$0.07B,32.60%,$0.23B,$0.07B,32.60%,$0.23B,$0.14B,59.91%,$0.23B,$0.04B,16.30%,$0.23B,$-0.01B,-4.41%,$-0.01B,$0.54B,-1.92%,$-0.01B,$0.54B,-1.92%,$-0.01B,$2.66B,-0.38%,$0.07B,$2.28B,3.23%,$53,$26,$26,$0,$4,$45,$7,$4,$12,$-0,$12,$12,$12,$23,$7,$69,69,$0.17,$0.17,$127,$0,$181,$308,$0,$17,$0,$834,$851,$2660,$267,$1742,$76,$1859,$2126,$0,$0,$0,$535,$2660,$-4,$31,$0,$31,$0,$0,$0,$0,$22,$43,$-246,$0,$0,$0,$0,$-5,$37,$-214,$0,$-2,$78,$0,$1,$-17,$-2,$58,$-114,$0,$0
42,2008-03-31,12.13,$0.00,0.0,$3.51,3.46,$2.35,5.15,$1.04,11.66,$0.31B,$0.26B,1.21,$1.77B,$0.00B,0.0,$0.23B,$0.17B,72.73%,$0.23B,$0.09B,38.10%,$0.23B,$0.09B,38.10%,$0.23B,$0.15B,64.50%,$0.23B,$0.05B,19.48%,$0.23B,$0.07B,29.00%,$0.07B,$0.52B,12.68%,$0.07B,$0.52B,12.68%,$0.07B,$2.66B,2.58%,$0.09B,$2.29B,3.81%,$59,$17,$42,$0,$5,$37,$22,$-37,$-15,$-0,$-15,$-16,$-16,$37,$22,$68,68,$-0.23,$-0.23,$132,$0,$181,$313,$0,$17,$0,$853,$871,$2663,$259,$1767,$77,$1883,$2142,$0,$0,$0,$521,$2663,$-16,$16,$0,$16,$0,$0,$0,$0,$25,$27,$-214,$0,$0,$0,$0,$-5,$-9,$-228,$0,$-1,$104,$0,$0,$-17,$-1,$85,$-116,$0,$0
43,2007-12-31,14.49,$0.00,0.0,$3.46,4.18,$6.66,2.18,$2.08,6.96,$0.27B,$0.15B,1.85,$1.76B,$0.55B,3.19,$0.23B,$0.16B,71.68%,$0.23B,$0.08B,36.73%,$0.23B,$0.08B,36.73%,$0.23B,$0.15B,64.16%,$0.23B,$0.10B,44.69%,$0.23B,$0.14B,60.18%,$0.14B,$0.55B,25.54%,$0.14B,$0.55B,25.54%,$0.14B,$2.57B,5.28%,$0.08B,$2.31B,3.57%,$61,$15,$46,$0,$5,$35,$26,$25,$49,$0,$49,$3,$3,$42,$26,$68,68,$0.04,$0.04,$238,$4,$1,$270,$0,$14,$0,$832,$855,$2574,$146,$1760,$78,$1875,$2021,$68,$211,$0,$553,$2574,$136,$61,$0,$61,$0,$0,$0,$0,$0,$73,$44,$0,$0,$0,$0,$172,$8,$224,$0,$-5,$-61,$0,$45,$-146,$-2,$-168,$129,$0,$0
44,2007-09-30,14.62,$0.00,0.0,$2.56,5.72,$4.92,2.97,$2.04,7.17,$0.22B,$0.13B,1.7,$1.81B,$0.00B,0.0,$0.24B,$0.18B,73.53%,$0.24B,$0.10B,40.76%,$0.24B,$0.10B,40.76%,$0.24B,$0.16B,66.81%,$0.24B,$0.08B,33.19%,$0.24B,$0.17B,69.33%,$0.17B,$0.48B,31.67%,$0.17B,$0.48B,31.67%,$0.17B,$2.54B,6.41%,$0.10B,$2.29B,4.17%,$54,$15,$39,$0,$5,$35,$19,$-28,$-9,$-1,$-8,$-9,$-9,$34,$19,$63,63,$-0.14,$-0.14,$188,$0,$31,$219,$0,$13,$0,$869,$882,$2536,$129,$1809,$84,$1930,$2059,$0,$0,$0,$477,$2536,$134,$46,$0,$46,$0,$0,$0,$0,$-18,$39,$68,$0,$0,$0,$0,$172,$3,$243,$0,$-4,$-39,$0,$-22,$-146,$-0,$-211,$71,$0,$0
45,2007-06-30,10.63,$0.00,0.0,$1.69,6.29,$3.21,3.32,$2.18,4.88,$0.30B,$0.12B,2.4,$1.80B,$0.00B,0.0,$0.24B,$0.18B,74.58%,$0.24B,$0.10B,42.50%,$0.24B,$0.10B,42.50%,$0.24B,$0.16B,68.33%,$0.24B,$0.08B,33.75%,$0.24B,$0.17B,70.00%,$0.17B,$0.56B,32.28%,$0.17B,$0.56B,32.28%,$0.17B,$2.61B,6.54%,$0.10B,$2.36B,4.39%,$57,$16,$41,$0,$5,$36,$21,$-1,$20,$0,$19,$89,$89,$36,$21,$65,65,$1.37,$1.37,$272,$0,$26,$298,$0,$12,$0,$845,$858,$2605,$124,$1797,$85,$1918,$2042,$0,$0,$0,$563,$2605,$143,$31,$0,$31,$0,$0,$0,$0,$-22,$23,$85,$0,$0,$0,$0,$172,$11,$267,$0,$-2,$-37,$0,$-22,$-66,$0,$-127,$163,$0,$0
46,2007-03-31,7.84,$0.00,0.0,$0.82,9.6,$1.56,5.03,$0.81,9.68,$0.19B,$0.13B,1.49,$1.80B,$0.00B,0.0,$0.24B,$0.18B,75.11%,$0.24B,$0.10B,43.46%,$0.24B,$0.10B,43.46%,$0.24B,$0.16B,69.20%,$0.24B,$0.08B,34.18%,$0.24B,$0.10B,40.51%,$0.10B,$0.54B,19.21%,$0.10B,$0.54B,19.21%,$0.10B,$2.59B,3.77%,$0.10B,$2.34B,4.48%,$54,$17,$36,$0,$4,$36,$17,$24,$41,$0,$41,$53,$53,$33,$17,$66,66,$0.81,$0.81,$168,$0,$20,$188,$0,$121,$0,$820,$940,$2585,$127,$1802,$84,$1921,$2047,$0,$0,$0,$537,$2585,$53,$16,$0,$16,$0,$0,$0,$0,$2,$13,$89,$0,$0,$0,$0,$-13,$4,$79,$0,$-1,$-13,$0,$0,$-33,$0,$-47,$46,$0,$0
47,2006-12-31,7.12,$0.00,0.0,0,0.0,0,0.0,0,0.0,$0.13B,$0.13B,1.03,$1.81B,$0.51B,3.58,$0.24B,$0.19B,77.50%,$0.24B,$0.12B,47.92%,$0.24B,$0.12B,47.92%,$0.24B,$0.17B,72.08%,$0.24B,$0.06B,26.25%,$0.24B,$0.07B,29.58%,$0.07B,$0.51B,14.75%,$0.07B,$0.51B,14.75%,$0.07B,$2.57B,2.85%,$0.12B,$2.32B,5.12%,$73,$14,$59,$0,$4,$32,$40,$-13,$27,$1,$26,$32,$32,$56,$40,$0,0,$0.00,$0.00,$109,$3,$1,$132,$0,$97,$0,$812,$918,$2566,$128,$1814,$85,$1931,$2059,$66,$236,$0,$507,$2566,$72,$58,$0,$58,$0,$0,$0,$0,$0,$117,$-258,$0,$0,$0,$0,$-14,$2,$-269,$0,$99,$51,$0,$0,$0,$-4,$146,$-6,$0,$0
