,Date,Stock Price,Book Value per Share,Price to Book Ratio,TTM Sales per Share,Price to Sales Ratio,TTM FCF per Share,Price to FCF Ratio,TTM Net EPS,PE Ratio,Current Assets,Current Liabilities,Current Ratio,Long Term Debt,Shareholder's Equity_x,Debt to Equity Ratio,TTM Revenue_x,TTM Gross Profit,Gross Margin,TTM Revenue_y,TTM Operating Income,Operating Margin,TTM Revenue_x,TTM EBIT,EBIT Margin,TTM Revenue_y,TTM EBITDA,EBITDA Margin,TTM Revenue_x,TTM Pre-Tax Income,Pre-Tax Margin,TTM Revenue_y,TTM Net Income_x,Net Margin,TTM Net Income_y,Shareholder's Equity_y,Return on Equity,TTM Net Income_x,Tangible Equity,Return on Tangible Equity,TTM Net Income_y,Total Assets,Return on Assets,TTM Net Income,LT Investments & Debt,Return on Investment,revenue,cost-goods-sold,gross-profit,research-development-expenses,selling-general-administrative-expenses,operating-expenses,operating-income,total-non-operating-income-expense,pre-tax-income,total-provision-income-taxes,income-after-taxes,income-from-continuous-operations,net-income,ebitda,ebit,basic-shares-outstanding,shares-outstanding,eps-basic-net-earnings-per-share,eps-earnings-per-share-diluted,cash-on-hand,inventory,other-current-assets,total-current-assets,net-property-plant-equipment,long-term-investments,goodwill-intangible-assets-total,other-long-term-assets,total-long-term-assets,total-assets,total-current-liabilities,long-term-debt,other-non-current-liabilities,total-long-term-liabilities,total-liabilities,common-stock-net,retained-earnings-accumulated-deficit,comprehensive-income,total-share-holder-equity,total-liabilities-share-holders-equity,net-income-loss,total-depreciation-amortization-cash-flow,other-non-cash-items,total-non-cash-items,change-in-accounts-receivable,change-in-inventories,change-in-accounts-payable,change-in-assets-liabilities,total-change-in-assets-liabilities,cash-flow-from-operating-activities,net-change-in-property-plant-equipment,net-change-in-intangible-assets,net-acquisitions-divestitures,net-change-in-short-term-investments,net-change-in-long-term-investments,net-change-in-investments-total,investing-activities-other,cash-flow-from-investing-activities,net-long-term-debt,net-current-debt,debt-issuance-retirement-net-total,net-common-equity-issued-repurchased,net-total-equity-issued-repurchased,total-common-preferred-stock-dividends-paid,financial-activities-other,cash-flow-from-financial-activities,net-cash-flow,stock-based-compensation,common-stock-dividends-paid
0,2018-09-30,18.2,$13.82,1.32,$348.31,0.05,$3.28,5.56,$2.47,7.37,$1.02B,$0.80B,1.28,$1.22B,$0.40B,3.05,$11.80B,$0.59B,4.97%,$11.80B,$0.13B,1.10%,$11.80B,$0.13B,1.10%,$11.80B,$0.24B,2.05%,$11.80B,$0.05B,0.38%,$11.80B,$0.07B,0.58%,$0.07B,$0.47B,15.74%,$0.07B,$0.05B,125.35%,$0.07B,$2.58B,2.85%,$0.13B,$1.69B,8.10%,$3469,$3334,$135,$0,$42,$3461,$8,$-23,$-14,$0,$-14,$-14,$-15,$38,$8,$34,34,$-0.44,$-0.44,$12,$481,$23,$1019,$1110,$0,$415,$32,$1556,$2575,$798,$1218,$54,$1311,$2109,$405,$0,$-5,$466,$2575,$50,$84,$-42,$42,$8,$-125,$23,$-45,$-139,$-46,$-29,$0,$-172,$0,$0,$0,$-3,$-203,$229,$0,$229,$0,$66,$-48,$-1,$247,$-2,$4,$-48
1,2018-06-30,16.64,$12.78,1.3,$310.25,0.05,$16.08,1.04,$2.91,5.72,$0.88B,$0.61B,1.44,$1.15B,$0.43B,2.67,$10.49B,$0.60B,5.73%,$10.49B,$0.16B,1.49%,$10.49B,$0.16B,1.49%,$10.49B,$0.27B,2.55%,$10.49B,$0.07B,0.70%,$10.49B,$0.10B,0.93%,$0.10B,$0.43B,23.70%,$0.10B,$0.07B,188.46%,$0.10B,$2.28B,4.31%,$0.16B,$1.58B,9.93%,$3127,$2977,$149,$0,$40,$3099,$28,$-22,$6,$-0,$6,$6,$6,$54,$28,$34,34,$0.19,$0.19,$7,$338,$20,$878,$1006,$0,$362,$33,$1401,$2279,$608,$1149,$54,$1241,$1849,$435,$0,$-5,$430,$2279,$65,$55,$-44,$10,$-7,$12,$-57,$-40,$-91,$-16,$-20,$0,$0,$0,$0,$0,$0,$-20,$60,$0,$60,$0,$0,$-32,$0,$29,$-7,$2,$-32
2,2018-03-31,14.57,$13.03,1.12,$280.01,0.05,$23.65,0.62,$2.79,5.22,$0.94B,$0.66B,1.41,$1.16B,$0.44B,2.65,$9.45B,$0.59B,6.21%,$9.45B,$0.15B,1.62%,$9.45B,$0.15B,1.62%,$9.45B,$0.27B,2.81%,$9.45B,$0.07B,0.74%,$9.45B,$0.09B,0.99%,$0.09B,$0.44B,23.25%,$0.09B,$0.07B,207.73%,$0.09B,$2.36B,4.17%,$0.15B,$1.60B,9.70%,$2803,$2659,$144,$0,$39,$2724,$79,$-21,$58,$-1,$59,$59,$59,$107,$79,$34,34,$1.74,$1.73,$12,$393,$24,$936,$1020,$0,$366,$33,$1419,$2355,$663,$1160,$55,$1254,$1917,$444,$0,$-6,$438,$2355,$59,$28,$-49,$-21,$-1,$-42,$-42,$-57,$-141,$-104,$-9,$0,$0,$0,$0,$0,$0,$-9,$125,$0,$125,$0,$0,$-16,$0,$109,$-3,$1,$-16
3,2017-12-31,15.43,$11.72,1.32,$264.65,0.06,$30.95,0.5,$1.74,8.87,$0.88B,$0.67B,1.31,$1.16B,$0.39B,2.95,$8.92B,$0.58B,6.54%,$8.92B,$0.12B,1.35%,$8.92B,$0.12B,1.35%,$8.92B,$0.23B,2.61%,$8.92B,$0.03B,0.38%,$8.92B,$0.06B,0.65%,$0.06B,$0.39B,14.65%,$0.06B,$0.03B,145.91%,$0.06B,$2.32B,2.58%,$0.12B,$1.56B,7.58%,$2400,$2243,$158,$0,$43,$2386,$15,$-20,$-5,$-24,$18,$18,$18,$43,$15,$34,34,$0.55,$0.55,$15,$351,$14,$878,$1037,$0,$369,$36,$1442,$2320,$669,$1161,$56,$1257,$1926,$399,$0,$-5,$394,$2320,$57,$113,$-23,$90,$3,$173,$-7,$32,$201,$348,$-17,$0,$-38,$0,$0,$0,$-6,$-62,$-219,$0,$-219,$0,$0,$-63,$-0,$-282,$5,$3,$-63
4,2017-09-30,15.68,$11.64,1.35,$262.26,0.06,$17.71,0.89,$-0.75,0.0,$0.72B,$0.48B,1.52,$1.16B,$0.39B,2.95,$8.83B,$0.58B,6.55%,$8.83B,$0.06B,0.67%,$8.83B,$0.06B,0.67%,$8.83B,$0.17B,1.94%,$8.83B,$-0.03B,-0.32%,$8.83B,$-0.03B,-0.28%,$-0.03B,$0.39B,-6.30%,$-0.03B,$0.04B,-58.14%,$-0.03B,$2.15B,-1.08%,$0.06B,$1.55B,3.68%,$2160,$2010,$150,$0,$40,$2125,$34,$-21,$14,$-1,$14,$14,$15,$63,$34,$34,34,$0.44,$0.44,$11,$281,$18,$723,$1038,$0,$349,$38,$1425,$2148,$477,$1156,$59,$1280,$1756,$395,$0,$-4,$392,$2148,$39,$85,$-4,$81,$87,$240,$-79,$-7,$242,$362,$-2,$0,$0,$0,$0,$0,$0,$-2,$-312,$0,$-312,$0,$0,$-47,$-0,$-360,$1,$1,$-47
5,2017-06-30,15.86,$11.70,1.36,$259.18,0.06,$7.64,2.08,$-4.73,0.0,$0.73B,$0.46B,1.59,$1.22B,$0.39B,3.1,$8.70B,$0.56B,6.46%,$8.70B,$-0.11B,-1.23%,$8.70B,$-0.11B,-1.23%,$8.70B,$0.16B,1.79%,$8.70B,$-0.20B,-2.24%,$8.70B,$-0.16B,-1.83%,$-0.16B,$0.39B,-38.02%,$-0.16B,$0.04B,-265.00%,$-0.16B,$2.20B,-6.71%,$-0.11B,$1.61B,-6.54%,$2090,$1954,$135,$0,$35,$2065,$25,$-22,$3,$1,$2,$2,$2,$53,$25,$34,34,$0.07,$0.07,$6,$370,$16,$731,$1055,$0,$352,$60,$1467,$2198,$461,$1218,$61,$1344,$1805,$396,$0,$-4,$393,$2198,$24,$56,$-7,$50,$159,$151,$-125,$-49,$136,$210,$9,$0,$0,$0,$0,$0,$0,$9,$-192,$0,$-192,$0,$0,$-32,$0,$-223,$-4,$1,$-32
6,2017-03-31,16.72,$12.08,1.38,$261.12,0.06,$-1.47,0.0,$-5.02,0.0,$0.86B,$0.58B,1.48,$1.22B,$0.41B,3.01,$8.76B,$0.56B,6.35%,$8.76B,$-0.12B,-1.37%,$8.76B,$-0.12B,-1.37%,$8.76B,$0.15B,1.67%,$8.76B,$-0.21B,-2.36%,$8.76B,$-0.17B,-1.92%,$-0.17B,$0.41B,-34.85%,$-0.17B,$0.05B,-197.07%,$-0.17B,$2.33B,-6.73%,$-0.12B,$1.62B,-7.03%,$2271,$2131,$140,$0,$37,$2225,$46,$-23,$22,$-0,$23,$23,$23,$74,$46,$34,34,$0.68,$0.68,$14,$434,$22,$856,$1074,$0,$355,$43,$1472,$2328,$577,$1218,$62,$1346,$1923,$408,$0,$-5,$405,$2328,$23,$28,$-11,$17,$108,$87,$-88,$-30,$78,$118,$16,$0,$0,$0,$0,$0,$0,$16,$-114,$0,$-114,$0,$0,$-16,$0,$-129,$4,$-0,$-16
7,2016-12-31,16.31,$11.86,1.38,$245.79,0.07,$-7.27,0.0,$-5.91,0.0,$1.08B,$0.80B,1.35,$1.24B,$0.40B,3.11,$8.24B,$0.55B,6.63%,$8.24B,$-0.15B,-1.84%,$8.24B,$-0.15B,-1.84%,$8.24B,$0.12B,1.42%,$8.24B,$-0.24B,-2.89%,$8.24B,$-0.20B,-2.40%,$-0.20B,$0.40B,-36.08%,$-0.20B,$0.04B,-174.45%,$-0.20B,$2.56B,-7.68%,$-0.15B,$1.63B,-8.55%,$2312,$2158,$154,$0,$41,$2359,$-46,$-21,$-67,$-2,$-66,$-66,$-65,$-19,$-46,$34,34,$-1.94,$-1.94,$10,$522,$49,$1075,$1100,$0,$360,$29,$1489,$2564,$799,$1236,$65,$1367,$2166,$401,$0,$-5,$398,$2564,$-239,$269,$9,$278,$-111,$-136,$17,$70,$-160,$-120,$6,$0,$0,$0,$0,$0,$0,$6,$124,$0,$124,$0,$0,$-64,$62,$122,$9,$4,$-64
8,2016-09-30,13.15,$14.24,0.92,$243.93,0.05,$-4.69,0.0,$-4.04,0.0,$0.85B,$0.58B,1.48,$1.20B,$0.48B,2.52,$8.10B,$0.53B,6.48%,$8.10B,$-0.09B,-1.10%,$8.10B,$-0.09B,-1.10%,$8.10B,$0.18B,2.27%,$8.10B,$-0.18B,-2.19%,$8.10B,$-0.14B,-1.67%,$-0.14B,$0.48B,-21.68%,$-0.14B,$0.11B,-90.15%,$-0.14B,$2.39B,-5.19%,$-0.09B,$1.68B,-4.81%,$2030,$1898,$133,$0,$37,$2162,$-132,$-21,$-153,$3,$-157,$-157,$-119,$48,$-132,$34,34,$-3.54,$-3.54,$15,$438,$43,$853,$1129,$0,$367,$36,$1531,$2385,$576,$1202,$56,$1331,$1907,$481,$0,$-6,$477,$2385,$-173,$242,$20,$262,$31,$-52,$-72,$18,$-75,$14,$4,$0,$0,$0,$0,$0,$0,$4,$-18,$0,$-18,$0,$0,$-49,$62,$-5,$14,$3,$-49
9,2016-06-30,10.8,$19.33,0.56,$257.26,0.04,$-7.00,0.0,$-0.34,0.0,$0.95B,$0.68B,1.4,$1.24B,$0.65B,1.91,$8.55B,$0.54B,6.36%,$8.55B,$0.07B,0.85%,$8.55B,$0.07B,0.85%,$8.55B,$0.20B,2.32%,$8.55B,$-0.02B,-0.18%,$8.55B,$-0.01B,-0.13%,$-0.01B,$0.65B,-1.61%,$-0.01B,$0.14B,-6.41%,$-0.01B,$2.70B,-0.41%,$0.07B,$1.89B,3.80%,$2146,$2017,$129,$0,$37,$2134,$12,$-21,$-9,$-1,$-9,$-9,$-7,$43,$12,$34,34,$-0.22,$-0.22,$9,$444,$69,$951,$1207,$0,$506,$39,$1752,$2703,$680,$1239,$57,$1375,$2055,$614,$0,$-7,$648,$2703,$-16,$62,$13,$75,$-48,$-55,$-17,$2,$-118,$-60,$-27,$0,$0,$0,$0,$0,$0,$-27,$65,$0,$65,$0,$0,$-33,$62,$95,$7,$2,$-33
10,2016-03-31,10.26,$20.04,0.51,$279.09,0.04,$-7.26,0.0,$0.03,342.06,$0.89B,$0.61B,1.47,$1.24B,$0.67B,1.85,$9.09B,$0.56B,6.15%,$9.09B,$0.08B,0.92%,$9.09B,$0.08B,0.92%,$9.09B,$0.21B,2.28%,$9.09B,$0.00B,0.01%,$9.09B,$0.00B,0.01%,$0.00B,$0.67B,0.14%,$0.00B,$0.16B,0.53%,$0.00B,$2.66B,0.04%,$0.08B,$1.91B,4.32%,$1751,$1621,$130,$0,$35,$1737,$14,$-23,$-9,$-1,$-8,$-8,$-7,$45,$14,$34,34,$-0.21,$-0.21,$17,$403,$82,$888,$1218,$0,$508,$42,$1768,$2655,$605,$1239,$57,$1379,$1984,$636,$0,$-8,$672,$2655,$-8,$30,$9,$40,$2,$-14,$-48,$-26,$-85,$-54,$-8,$0,$0,$0,$0,$0,$0,$-8,$93,$0,$93,$0,$0,$-16,$0,$77,$16,$1,$-16
11,2015-12-31,12.95,$20.71,0.63,$323.86,0.04,$-9.56,0.0,$1.16,11.17,$0.87B,$0.60B,1.46,$1.23B,$0.69B,1.78,$10.31B,$0.60B,5.80%,$10.31B,$0.12B,1.11%,$10.31B,$0.12B,1.11%,$10.31B,$0.24B,2.30%,$10.31B,$0.04B,0.40%,$10.31B,$0.04B,0.35%,$0.04B,$0.69B,5.15%,$0.04B,$0.18B,16.82%,$0.04B,$2.66B,1.34%,$0.12B,$1.93B,6.04%,$2169,$2037,$133,$0,$40,$2153,$17,$-22,$-6,$-3,$-3,$-3,$-2,$48,$17,$32,32,$-0.11,$-0.12,$1,$389,$97,$867,$1243,$0,$511,$43,$1797,$2664,$595,$1233,$57,$1375,$1970,$657,$0,$-8,$694,$2664,$43,$123,$5,$127,$156,$-33,$-172,$-59,$-108,$63,$-89,$0,$-561,$0,$0,$0,$0,$-650,$579,$-1,$578,$105,$105,$-103,$3,$583,$-4,$4,$-103
12,2015-09-30,20.44,$21.45,0.95,$385.20,0.05,$0.48,42.91,$2.16,9.46,$0.91B,$0.60B,1.51,$1.24B,$0.72B,1.73,$11.68B,$0.61B,5.21%,$11.68B,$0.14B,1.19%,$11.68B,$0.14B,1.19%,$11.68B,$0.26B,2.18%,$11.68B,$0.08B,0.65%,$11.68B,$0.06B,0.55%,$0.06B,$0.72B,9.36%,$0.06B,$0.20B,23.15%,$0.06B,$2.72B,2.54%,$0.14B,$1.96B,7.99%,$2486,$2334,$152,$0,$42,$2457,$30,$-21,$9,$1,$8,$8,$5,$62,$30,$34,34,$0.16,$0.16,$1,$384,$79,$910,$1235,$0,$521,$49,$1804,$2715,$604,$1243,$149,$1393,$1996,$682,$0,$-13,$719,$2715,$46,$91,$6,$97,$88,$-28,$-163,$-46,$-148,$-5,$-54,$0,$-561,$0,$0,$0,$0,$-615,$584,$-1,$584,$105,$105,$-75,$3,$616,$-4,$3,$-75
13,2015-06-30,22.9,$21.99,1.04,$459.66,0.05,$6.77,3.38,$3.50,6.54,$0.97B,$0.66B,1.48,$1.24B,$0.74B,1.69,$13.24B,$0.61B,4.61%,$13.24B,$0.17B,1.25%,$13.24B,$0.17B,1.25%,$13.24B,$0.27B,2.05%,$13.24B,$0.11B,0.84%,$13.24B,$0.10B,0.76%,$0.10B,$0.74B,15.91%,$0.10B,$0.21B,33.42%,$0.10B,$2.78B,4.18%,$0.17B,$1.98B,10.54%,$2680,$2536,$144,$0,$45,$2657,$23,$-16,$7,$-1,$8,$8,$5,$52,$23,$31,31,$0.15,$0.15,$11,$429,$66,$968,$1241,$0,$523,$50,$1814,$2782,$655,$1243,$146,$1390,$2044,$700,$0,$-12,$738,$2782,$38,$58,$3,$62,$90,$-73,$-146,$-28,$-157,$-57,$-32,$0,$-562,$0,$0,$0,$0,$-594,$598,$-1,$597,$107,$107,$-49,$2,$657,$6,$2,$-49
14,2015-03-31,24.15,$21.05,1.15,$541.52,0.04,$9.95,2.43,$2.85,8.47,$0.96B,$0.64B,1.51,$1.11B,$0.64B,1.72,$15.13B,$0.56B,3.67%,$15.13B,$0.14B,0.94%,$15.13B,$0.14B,0.94%,$15.13B,$0.24B,1.61%,$15.13B,$0.09B,0.61%,$15.13B,$0.08B,0.54%,$0.08B,$0.64B,14.41%,$0.08B,$0.26B,26.07%,$0.08B,$2.57B,3.61%,$0.14B,$1.75B,10.21%,$2979,$2811,$169,$0,$49,$2934,$45,$-14,$31,$1,$30,$30,$28,$75,$45,$31,31,$0.92,$0.92,$6,$372,$91,$958,$1174,$0,$382,$55,$1611,$2569,$635,$1108,$62,$1290,$1926,$606,$0,$-13,$643,$2569,$30,$30,$2,$32,$52,$-16,$-171,$-42,$-176,$-114,$-13,$0,$-405,$0,$0,$0,$0,$-418,$559,$-1,$558,$-2,$-2,$-24,$2,$534,$1,$1,$-24
15,2014-12-31,22.51,$20.79,1.08,$631.98,0.04,$15.62,1.44,$3.96,5.68,$0.96B,$0.71B,1.36,$0.63B,$0.64B,0.99,$17.27B,$0.55B,3.16%,$17.27B,$0.17B,0.96%,$17.27B,$0.17B,0.96%,$17.27B,$0.26B,1.49%,$17.27B,$0.12B,0.68%,$17.27B,$0.11B,0.63%,$0.11B,$0.64B,20.67%,$0.11B,$0.43B,34.38%,$0.11B,$2.03B,5.00%,$0.17B,$1.27B,13.10%,$3533,$3390,$143,$0,$44,$3492,$41,$-12,$29,$0,$28,$28,$26,$66,$41,$27,28,$0.93,$0.92,$5,$337,$101,$959,$825,$0,$203,$44,$1072,$2031,$707,$628,$46,$687,$1395,$599,$0,$-13,$636,$2031,$117,$92,$10,$102,$224,$236,$-325,$-10,$126,$345,$-91,$0,$0,$0,$0,$0,$0,$-91,$-309,$-3,$-312,$129,$129,$-83,$8,$-258,$-4,$3,$-83
16,2014-09-30,27.98,$18.31,1.53,$677.51,0.04,$13.54,2.07,$4.23,6.61,$1.12B,$0.86B,1.29,$0.77B,$0.50B,1.55,$18.53B,$0.54B,2.89%,$18.53B,$0.17B,0.91%,$18.53B,$0.17B,0.91%,$18.53B,$0.26B,1.40%,$18.53B,$0.12B,0.66%,$18.53B,$0.12B,0.63%,$0.12B,$0.50B,23.97%,$0.12B,$0.29B,43.12%,$0.12B,$2.18B,5.09%,$0.17B,$1.27B,12.97%,$4050,$3895,$155,$0,$41,$3994,$56,$-12,$44,$0,$44,$44,$41,$79,$56,$27,27,$1.50,$1.50,$6,$456,$68,$1116,$824,$0,$208,$30,$1062,$2178,$864,$769,$47,$816,$1681,$456,$0,$-9,$497,$2178,$88,$67,$7,$74,$154,$117,$-235,$-4,$32,$194,$-70,$0,$0,$0,$0,$0,$0,$-70,$-68,$0,$-68,$-4,$-4,$-63,$8,$-127,$-4,$3,$-63
17,2014-06-30,26.87,$17.36,1.55,$691.38,0.04,$16.80,1.6,$2.82,9.53,$1.15B,$0.88B,1.31,$0.81B,$0.47B,1.71,$18.92B,$0.50B,2.64%,$18.92B,$0.15B,0.80%,$18.92B,$0.15B,0.80%,$18.92B,$0.24B,1.28%,$18.92B,$0.11B,0.56%,$18.92B,$0.10B,0.53%,$0.10B,$0.47B,21.21%,$0.10B,$0.26B,38.39%,$0.10B,$2.21B,4.37%,$0.15B,$1.28B,11.69%,$4570,$4482,$88,$0,$32,$4570,$0,$-12,$-12,$0,$-12,$-12,$-14,$23,$0,$27,27,$-0.50,$-0.50,$17,$491,$50,$1153,$811,$0,$213,$31,$1055,$2208,$883,$809,$43,$853,$1735,$435,$0,$-11,$473,$2208,$45,$44,$5,$49,$140,$82,$-267,$1,$-44,$50,$-41,$0,$0,$0,$0,$0,$0,$-41,$37,$0,$37,$-2,$-2,$-40,$4,$-1,$8,$2,$-40
18,2014-03-31,23.81,$18.47,1.29,$697.23,0.03,$27.39,0.87,$3.61,6.59,$1.26B,$1.01B,1.25,$0.75B,$0.50B,1.49,$19.12B,$0.51B,2.64%,$19.12B,$0.17B,0.88%,$19.12B,$0.17B,0.88%,$19.12B,$0.26B,1.33%,$19.12B,$0.12B,0.64%,$19.12B,$0.12B,0.62%,$0.12B,$0.50B,25.60%,$0.12B,$0.29B,48.41%,$0.12B,$2.31B,5.25%,$0.17B,$1.26B,13.33%,$5117,$4958,$159,$0,$37,$5048,$69,$-11,$57,$0,$57,$57,$56,$90,$69,$27,27,$2.04,$2.03,$13,$460,$96,$1263,$799,$0,$217,$27,$1043,$2307,$1009,$752,$42,$794,$1803,$466,$0,$-11,$503,$2307,$57,$21,$2,$23,$42,$112,$-182,$1,$-27,$53,$-11,$0,$0,$0,$0,$0,$0,$-11,$-20,$0,$-20,$0,$0,$-20,$2,$-38,$4,$1,$-20
19,2013-12-31,22.68,$16.99,1.33,$714.33,0.03,$35.78,0.63,$2.09,10.85,$1.37B,$0.97B,1.41,$0.95B,$0.46B,2.04,$19.59B,$0.41B,2.07%,$19.59B,$0.09B,0.43%,$19.59B,$0.09B,0.43%,$19.59B,$0.17B,0.86%,$19.59B,$0.04B,0.21%,$19.59B,$0.04B,0.20%,$0.04B,$0.46B,8.76%,$0.04B,$0.24B,17.61%,$0.04B,$2.43B,1.71%,$0.09B,$1.41B,6.89%,$4795,$4662,$134,$0,$36,$4751,$44,$-11,$33,$-0,$33,$33,$33,$68,$44,$27,28,$1.20,$1.19,$9,$573,$68,$1374,$804,$0,$222,$28,$1054,$2428,$973,$946,$46,$992,$1965,$427,$0,$-11,$463,$2428,$41,$84,$5,$89,$8,$62,$19,$36,$125,$255,$-58,$0,$-185,$0,$0,$0,$0,$-243,$63,$4,$67,$-7,$-7,$-70,$1,$-9,$3,$2,$-70
20,2013-09-30,21.92,$16.40,1.34,$732.95,0.03,$35.95,0.61,$1.70,12.9,$1.16B,$0.91B,1.27,$0.81B,$0.45B,1.8,$19.91B,$0.38B,1.89%,$19.91B,$0.08B,0.38%,$19.91B,$0.08B,0.38%,$19.91B,$0.15B,0.75%,$19.91B,$0.03B,0.17%,$19.91B,$0.03B,0.14%,$0.03B,$0.45B,6.39%,$0.03B,$0.26B,11.34%,$0.03B,$2.21B,1.24%,$0.08B,$1.25B,6.30%,$4433,$4315,$118,$0,$28,$4395,$39,$-11,$28,$3,$25,$25,$25,$61,$39,$27,27,$0.91,$0.91,$15,$397,$78,$1159,$838,$0,$192,$18,$1048,$2207,$910,$806,$44,$850,$1760,$410,$0,$-14,$447,$2207,$8,$61,$3,$63,$70,$237,$-147,$23,$183,$254,$-41,$0,$-185,$0,$0,$0,$0,$-226,$-79,$115,$36,$-4,$-4,$-49,$-2,$-19,$9,$1,$-49
21,2013-06-30,24.78,$15.74,1.57,$738.74,0.03,$34.18,0.72,$1.85,13.39,$1.01B,$0.89B,1.14,$0.69B,$0.43B,1.61,$20.10B,$0.34B,1.70%,$20.10B,$0.05B,0.27%,$20.10B,$0.05B,0.27%,$20.10B,$0.12B,0.60%,$20.10B,$0.01B,0.06%,$20.10B,$0.01B,0.05%,$0.01B,$0.43B,2.30%,$0.01B,$0.19B,3.74%,$0.01B,$2.05B,0.44%,$0.05B,$1.12B,4.61%,$4772,$4678,$94,$0,$26,$4756,$16,$-11,$5,$0,$5,$5,$4,$36,$16,$27,27,$0.15,$0.15,$10,$340,$24,$1005,$788,$0,$238,$19,$1045,$2050,$885,$693,$41,$734,$1619,$405,$0,$-14,$431,$2050,$-17,$38,$2,$40,$112,$295,$-159,$57,$305,$328,$-28,$0,$-185,$0,$0,$0,$0,$-213,$-192,$115,$-77,$-2,$-2,$-33,$1,$-111,$4,$0,$-33
22,2013-03-31,21.89,$16.07,1.36,$707.32,0.03,$30.40,0.72,$2.22,9.86,$1.38B,$1.24B,1.12,$0.71B,$0.44B,1.61,$19.24B,$0.34B,1.76%,$19.24B,$0.07B,0.35%,$19.24B,$0.07B,0.35%,$19.24B,$0.13B,0.65%,$19.24B,$0.03B,0.14%,$19.24B,$0.02B,0.12%,$0.02B,$0.44B,5.51%,$0.02B,$0.20B,7.84%,$0.02B,$2.43B,1.09%,$0.07B,$1.15B,5.63%,$5589,$5530,$59,$0,$26,$5603,$-14,$-10,$-24,$-2,$-22,$-22,$-23,$4,$-14,$27,27,$-0.83,$-0.83,$13,$429,$47,$1383,$785,$0,$243,$19,$1046,$2430,$1238,$708,$44,$752,$1990,$419,$0,$-17,$440,$2430,$-22,$18,$2,$20,$-145,$206,$185,$39,$285,$283,$-12,$0,$-185,$0,$0,$0,$0,$-197,$-177,$115,$-62,$0,$0,$-16,$0,$-79,$7,$0,$-16
23,2012-12-31,15.21,$15.98,0.95,$670.31,0.02,$18.50,0.82,$1.65,9.22,$1.51B,$1.05B,1.44,$0.80B,$0.44B,1.84,$17.63B,$0.33B,1.90%,$17.63B,$0.09B,0.51%,$17.63B,$0.09B,0.51%,$17.63B,$0.14B,0.81%,$17.63B,$0.05B,0.28%,$17.63B,$0.05B,0.26%,$0.05B,$0.44B,10.36%,$0.05B,$0.34B,12.88%,$0.05B,$2.33B,2.10%,$0.09B,$1.24B,7.18%,$5117,$5012,$105,$0,$29,$5083,$34,$-10,$24,$1,$23,$23,$22,$49,$34,$26,27,$0.88,$0.87,$6,$635,$103,$1507,$712,$0,$93,$17,$823,$2330,$1045,$803,$46,$848,$1893,$457,$0,$-20,$436,$2330,$47,$51,$2,$53,$-57,$41,$147,$1,$132,$232,$-38,$0,$-189,$0,$0,$0,$0,$-226,$53,$0,$53,$-2,$-2,$-55,$0,$-4,$2,$0,$-55
24,2012-09-30,15.37,$15.73,0.98,$668.93,0.02,$9.74,1.58,$1.29,11.91,$1.40B,$1.00B,1.4,$0.75B,$0.43B,1.74,$16.62B,$0.29B,1.73%,$16.62B,$0.08B,0.48%,$16.62B,$0.08B,0.48%,$16.62B,$0.12B,0.75%,$16.62B,$0.04B,0.21%,$16.62B,$0.03B,0.20%,$0.03B,$0.43B,8.17%,$0.03B,$0.34B,9.90%,$0.03B,$2.21B,1.63%,$0.08B,$1.18B,6.51%,$4617,$4535,$83,$0,$23,$4599,$18,$-11,$8,$1,$7,$7,$7,$31,$18,$27,27,$0.24,$0.24,$1,$594,$60,$1399,$701,$0,$94,$14,$808,$2207,$998,$746,$33,$780,$1778,$449,$0,$-19,$430,$2207,$24,$37,$-0,$36,$-40,$82,$92,$-5,$129,$190,$-24,$0,$-182,$0,$0,$0,$0,$-206,$55,$0,$55,$-2,$-2,$-40,$0,$13,$-3,$-0,$-40
25,2012-06-30,13.11,$15.98,0.82,$674.07,0.02,$3.11,4.21,$1.13,11.6,$1.06B,$0.65B,1.64,$0.76B,$0.44B,1.73,$15.76B,$0.25B,1.61%,$15.76B,$0.07B,0.45%,$15.76B,$0.07B,0.45%,$15.76B,$0.11B,0.71%,$15.76B,$0.03B,0.18%,$15.76B,$0.03B,0.18%,$0.03B,$0.44B,7.45%,$0.03B,$0.35B,8.78%,$0.03B,$1.87B,1.49%,$0.07B,$1.19B,6.20%,$3916,$3825,$91,$0,$23,$3887,$29,$-11,$18,$-0,$19,$19,$18,$42,$29,$27,28,$0.67,$0.66,$5,$504,$44,$1062,$707,$0,$88,$13,$808,$1870,$648,$757,$28,$785,$1433,$457,$0,$-20,$437,$1870,$17,$24,$0,$24,$191,$171,$-205,$17,$175,$216,$-20,$0,$-182,$0,$0,$0,$0,$-202,$13,$0,$13,$-2,$-2,$-25,$0,$-14,$0,$-0,$-25
26,2012-03-31,13.09,$15.84,0.83,$688.54,0.02,$-6.90,0.0,$0.43,30.44,$1.35B,$0.72B,1.87,$0.97B,$0.43B,2.24,$15.26B,$0.21B,1.36%,$15.26B,$0.05B,0.32%,$15.26B,$0.05B,0.32%,$15.26B,$0.09B,0.56%,$15.26B,$0.01B,0.07%,$15.26B,$0.01B,0.06%,$0.01B,$0.43B,2.57%,$0.01B,$0.37B,2.95%,$0.01B,$2.16B,0.49%,$0.05B,$1.41B,4.40%,$3975,$3920,$55,$0,$21,$3966,$9,$-11,$-1,$0,$-1,$-1,$-2,$20,$9,$24,24,$-0.06,$-0.06,$7,$672,$64,$1354,$729,$0,$65,$14,$808,$2162,$724,$974,$29,$1003,$1727,$454,$0,$-19,$434,$2162,$-1,$11,$0,$11,$99,$4,$-149,$-4,$-51,$-42,$-5,$0,$-185,$0,$0,$0,$0,$-190,$246,$0,$246,$-0,$-0,$-11,$0,$235,$3,$-0,$-11
27,2011-12-31,12.07,$14.62,0.83,$693.02,0.02,$-7.93,0.0,$0.88,13.72,$1.42B,$0.78B,1.82,$0.76B,$0.32B,2.41,$14.84B,$0.21B,1.41%,$14.84B,$0.06B,0.38%,$14.84B,$0.06B,0.38%,$14.84B,$0.09B,0.61%,$14.84B,$0.02B,0.13%,$14.84B,$0.02B,0.13%,$0.02B,$0.32B,5.80%,$0.02B,$0.28B,6.56%,$0.02B,$1.88B,1.12%,$0.06B,$1.07B,5.55%,$4107,$4047,$59,$0,$17,$4084,$23,$-12,$10,$0,$10,$10,$10,$31,$23,$21,21,$0.44,$0.44,$4,$664,$67,$1421,$409,$0,$37,$10,$456,$1877,$779,$758,$24,$783,$1561,$336,$0,$-20,$315,$1877,$19,$35,$2,$38,$-71,$-77,$132,$-58,$-74,$-17,$-13,$0,$0,$0,$0,$0,$0,$-13,$7,$0,$7,$68,$68,$-43,$0,$33,$2,$0,$-43
28,2011-09-30,9.47,$14.72,0.64,$667.78,0.01,$-12.64,0.0,$0.75,12.62,$1.16B,$0.69B,1.68,$0.59B,$0.32B,1.85,$13.48B,$0.20B,1.50%,$13.48B,$0.05B,0.35%,$13.48B,$0.05B,0.35%,$13.48B,$0.08B,0.61%,$13.48B,$0.02B,0.11%,$13.48B,$0.02B,0.11%,$0.02B,$0.32B,4.71%,$0.02B,$0.28B,5.37%,$0.02B,$1.62B,0.92%,$0.05B,$0.91B,4.87%,$3766,$3716,$49,$0,$17,$3756,$10,$-8,$2,$0,$2,$2,$2,$19,$10,$22,22,$0.08,$0.08,$11,$599,$49,$1158,$410,$0,$38,$11,$459,$1618,$688,$588,$25,$613,$1301,$337,$0,$-20,$317,$1618,$9,$26,$2,$28,$113,$-12,$-81,$-65,$-44,$-7,$-7,$0,$0,$0,$0,$0,$0,$-7,$-15,$0,$-15,$68,$68,$-32,$0,$22,$9,$0,$-32
29,2011-06-30,13.38,$15.42,0.87,$584.70,0.02,$-14.38,0.0,$0.70,19.12,$1.16B,$0.54B,2.14,$0.73B,$0.33B,2.2,$11.27B,$0.19B,1.67%,$11.27B,$0.04B,0.38%,$11.27B,$0.04B,0.38%,$11.27B,$0.08B,0.67%,$11.27B,$0.01B,0.12%,$11.27B,$0.01B,0.12%,$0.01B,$0.33B,4.39%,$0.01B,$0.29B,5.09%,$0.01B,$1.63B,0.82%,$0.04B,$1.07B,4.53%,$3412,$3368,$45,$0,$19,$3405,$7,$-8,$-1,$0,$-1,$-1,$-1,$16,$7,$22,22,$-0.04,$-0.04,$8,$636,$37,$1163,$413,$0,$39,$14,$466,$1629,$544,$732,$21,$753,$1296,$347,$0,$-14,$333,$1629,$7,$17,$2,$19,$136,$-49,$-122,$-51,$-86,$-59,$-3,$0,$0,$0,$0,$0,$0,$-3,$20,$0,$20,$69,$69,$-21,$0,$68,$5,$0,$-21
30,2011-03-31,13.43,$16.06,0.84,$517.53,0.03,$-8.83,0.0,$0.67,20.05,$1.16B,$0.63B,1.86,$0.64B,$0.35B,1.86,$9.39B,$0.18B,1.86%,$9.39B,$0.04B,0.47%,$9.39B,$0.04B,0.47%,$9.39B,$0.07B,0.77%,$9.39B,$0.02B,0.19%,$9.39B,$0.02B,0.18%,$0.02B,$0.35B,6.27%,$0.02B,$0.31B,7.35%,$0.02B,$1.63B,1.19%,$0.04B,$0.99B,5.44%,$3551,$3495,$56,$0,$21,$3535,$16,$-8,$8,$0,$8,$8,$8,$25,$16,$20,21,$0.40,$0.39,$6,$618,$17,$1164,$419,$0,$39,$12,$469,$1633,$626,$643,$18,$661,$1287,$358,$0,$-12,$346,$1633,$8,$9,$2,$10,$72,$-31,$-106,$-13,$-79,$-60,$-2,$0,$0,$0,$0,$0,$0,$-2,$6,$0,$6,$69,$69,$-10,$0,$66,$3,$0,$-10
31,2010-12-31,13.91,$20.92,0.67,$487.49,0.03,$-2.67,0.0,$1.34,10.38,$1.20B,$0.75B,1.59,$0.62B,$0.28B,2.25,$7.80B,$0.17B,2.14%,$7.80B,$0.05B,0.64%,$7.80B,$0.05B,0.64%,$7.80B,$0.07B,0.94%,$7.80B,$0.03B,0.36%,$7.80B,$0.03B,0.33%,$0.03B,$0.28B,10.54%,$0.03B,$0.24B,12.40%,$0.03B,$1.67B,2.06%,$0.05B,$0.90B,7.33%,$2755,$2703,$52,$0,$18,$2742,$14,$-8,$6,$-0,$6,$6,$6,$22,$14,$16,17,$0.14,$0.15,$2,$587,$17,$1198,$423,$0,$40,$12,$475,$1672,$752,$622,$21,$644,$1396,$292,$0,$-14,$277,$1672,$27,$23,$3,$26,$-218,$-121,$200,$-1,$-140,$-87,$-15,$0,$-248,$0,$0,$0,$0,$-263,$253,$0,$253,$131,$131,$-32,$0,$352,$2,$0,$-32
32,2010-09-30,12.38,$20.25,0.61,$449.42,0.03,$-1.82,0.0,$1.93,6.41,$0.92B,$0.53B,1.73,$0.61B,$0.23B,2.68,$6.75B,$0.16B,2.33%,$6.75B,$0.05B,0.79%,$6.75B,$0.05B,0.79%,$6.75B,$0.07B,1.07%,$6.75B,$0.04B,0.52%,$6.75B,$0.03B,0.47%,$0.03B,$0.23B,14.76%,$0.03B,$0.18B,17.51%,$0.03B,$1.40B,2.88%,$0.05B,$0.84B,9.22%,$1547,$1512,$35,$0,$17,$1540,$6,$-6,$1,$0,$1,$1,$0,$13,$6,$17,17,$0.03,$0.03,$5,$532,$24,$922,$417,$0,$45,$13,$475,$1397,$534,$612,$21,$635,$1169,$247,$0,$-18,$229,$1397,$21,$15,$0,$15,$32,$-66,$-0,$-34,$-69,$-33,$-7,$0,$-248,$0,$0,$0,$0,$-256,$232,$0,$232,$84,$84,$-23,$0,$293,$4,$0,$-23
33,2010-06-30,10.99,$20.62,0.53,$456.00,0.02,$1.87,5.89,$2.05,5.36,$0.78B,$0.41B,1.93,$0.27B,$0.23B,1.17,$6.48B,$0.15B,2.33%,$6.48B,$0.05B,0.82%,$6.48B,$0.05B,0.82%,$6.48B,$0.07B,1.06%,$6.48B,$0.04B,0.56%,$6.48B,$0.03B,0.52%,$0.03B,$0.23B,17.32%,$0.03B,$0.20B,20.42%,$0.03B,$1.03B,3.49%,$0.05B,$0.51B,11.37%,$1535,$1503,$32,$0,$14,$1527,$8,$-4,$3,$0,$3,$3,$3,$12,$8,$17,17,$0.18,$0.18,$4,$443,$28,$781,$198,$0,$35,$15,$248,$1029,$405,$273,$115,$391,$796,$248,$0,$-15,$233,$1029,$21,$9,$0,$9,$81,$23,$-41,$-41,$21,$51,$-5,$0,$-46,$0,$0,$0,$0,$-51,$-65,$0,$-65,$84,$84,$-15,$0,$4,$4,$-0,$-15
34,2010-03-31,10.7,$22.03,0.49,$456.47,0.02,$0.24,45.12,$2.19,4.89,$0.78B,$0.39B,1.97,$0.23B,$0.25B,0.94,$6.15B,$0.15B,2.39%,$6.15B,$0.05B,0.81%,$6.15B,$0.05B,0.81%,$6.15B,$0.07B,1.07%,$6.15B,$0.03B,0.55%,$6.15B,$0.03B,0.52%,$0.03B,$0.25B,18.13%,$0.03B,$0.22B,21.62%,$0.03B,$0.96B,3.46%,$0.05B,$0.48B,11.47%,$1965,$1917,$48,$0,$17,$1943,$22,$-4,$18,$0,$17,$17,$17,$26,$22,$14,14,$1.26,$1.23,$1,$443,$23,$775,$158,$0,$28,$1,$188,$962,$394,$234,$84,$320,$714,$255,$0,$-9,$248,$962,$17,$4,$0,$4,$65,$23,$-56,$-8,$24,$45,$-2,$0,$0,$0,$0,$0,$0,$-2,$-121,$0,$-121,$84,$84,$-6,$0,$-43,$0,$0,$-6
35,2009-12-31,10.78,$21.33,0.51,$438.17,0.02,$5.33,2.02,$2.53,4.26,$0.86B,$0.57B,1.52,$0.31B,$0.16B,2.0,$5.82B,$0.15B,2.58%,$5.82B,$0.05B,0.88%,$5.82B,$0.05B,0.88%,$5.82B,$0.07B,1.15%,$5.82B,$0.04B,0.62%,$5.82B,$0.03B,0.57%,$0.03B,$0.16B,21.46%,$0.03B,$0.13B,26.51%,$0.03B,$1.05B,3.78%,$0.05B,$0.47B,12.72%,$1699,$1657,$42,$0,$16,$1682,$17,$-4,$13,$0,$12,$12,$12,$21,$17,$13,13,$0.93,$0.89,$1,$466,$21,$863,$159,$0,$29,$2,$190,$1053,$568,$314,$13,$328,$895,$165,$0,$-7,$157,$1053,$34,$16,$2,$18,$-90,$-226,$24,$179,$-114,$-61,$-9,$0,$0,$0,$0,$0,$0,$-9,$100,$0,$100,$-4,$-4,$-26,$0,$70,$-0,$2,$-26
36,2009-09-30,11.49,$20.12,0.57,$442.45,0.03,$17.32,0.66,$2.40,4.79,$0.66B,$0.36B,1.84,$0.26B,$0.15B,1.74,$5.85B,$0.14B,2.46%,$5.85B,$0.05B,0.91%,$5.85B,$0.05B,0.91%,$5.85B,$0.07B,1.18%,$5.85B,$0.04B,0.63%,$5.85B,$0.03B,0.56%,$0.03B,$0.15B,21.96%,$0.03B,$0.12B,27.44%,$0.03B,$0.85B,3.97%,$0.05B,$0.40B,14.80%,$1285,$1256,$29,$0,$14,$1279,$6,$-4,$2,$0,$2,$2,$2,$10,$6,$13,13,$0.15,$0.15,$1,$420,$4,$661,$161,$0,$29,$3,$193,$854,$360,$256,$83,$347,$707,$162,$0,$-11,$147,$854,$22,$12,$3,$15,$50,$-180,$-54,$173,$-11,$26,$-8,$0,$0,$0,$0,$0,$0,$-8,$5,$0,$5,$-4,$-4,$-20,$0,$-18,$-0,$2,$-20
37,2009-06-30,8.33,$20.83,0.4,$519.67,0.02,$19.50,0.43,$2.33,3.58,$0.63B,$0.35B,1.8,$0.23B,$0.15B,1.51,$6.83B,$0.14B,2.06%,$6.83B,$0.05B,0.78%,$6.83B,$0.05B,0.78%,$6.83B,$0.07B,1.01%,$6.83B,$0.04B,0.53%,$6.83B,$0.03B,0.47%,$0.03B,$0.15B,21.26%,$0.03B,$0.12B,26.72%,$0.03B,$0.83B,3.70%,$0.05B,$0.39B,15.94%,$1201,$1173,$28,$0,$13,$1197,$5,$-3,$1,$0,$1,$1,$1,$9,$5,$13,13,$0.07,$0.07,$3,$369,$34,$630,$162,$0,$30,$3,$196,$826,$349,$231,$82,$323,$672,$166,$0,$-11,$154,$826,$20,$8,$2,$10,$59,$-129,$-88,$148,$-10,$20,$-6,$0,$0,$0,$0,$0,$0,$-6,$3,$0,$3,$-1,$-1,$-13,$0,$-12,$2,$1,$-13
38,2009-03-31,5.34,$21.17,0.25,$605.52,0.01,$17.58,0.3,$2.17,2.46,$0.56B,$0.32B,1.76,$0.19B,$0.16B,1.19,$7.93B,$0.14B,1.71%,$7.93B,$0.05B,0.64%,$7.93B,$0.05B,0.64%,$7.93B,$0.07B,0.84%,$7.93B,$0.03B,0.43%,$7.93B,$0.03B,0.38%,$0.03B,$0.16B,19.93%,$0.03B,$0.13B,25.21%,$0.03B,$0.76B,3.19%,$0.05B,$0.34B,14.98%,$1633,$1582,$51,$0,$18,$1610,$23,$-4,$20,$1,$19,$19,$18,$27,$23,$13,13,$1.41,$1.40,$3,$228,$72,$561,$162,$0,$31,$4,$196,$757,$320,$186,$85,$280,$600,$170,$0,$-14,$157,$757,$19,$4,$1,$5,$22,$12,$-60,$113,$87,$111,$-2,$0,$0,$0,$0,$0,$0,$-2,$-100,$0,$-100,$0,$0,$-7,$0,$-107,$2,$1,$-7
39,2008-12-31,4.74,$19.31,0.25,$690.01,0.01,$16.58,0.29,$1.40,3.38,$0.69B,$0.50B,1.4,$0.16B,$0.14B,1.09,$9.02B,$0.12B,1.34%,$9.02B,$0.04B,0.48%,$9.02B,$0.04B,0.48%,$9.02B,$0.06B,0.64%,$9.02B,$0.02B,0.26%,$9.02B,$0.02B,0.22%,$0.02B,$0.14B,13.22%,$0.02B,$0.11B,16.84%,$0.02B,$0.89B,2.03%,$0.04B,$0.30B,12.49%,$1728,$1693,$36,$0,$10,$1709,$19,$-5,$14,$1,$13,$13,$12,$23,$19,$13,13,$0.96,$0.96,$1,$240,$171,$693,$162,$0,$31,$3,$196,$889,$495,$156,$86,$251,$746,$163,$0,$-15,$143,$889,$21,$15,$1,$17,$194,$244,$-152,$-225,$62,$99,$-12,$0,$0,$0,$0,$0,$0,$-12,$-62,$-1,$-63,$0,$0,$-26,$0,$-89,$-1,$1,$-26
40,2008-09-30,3.83,$19.89,0.19,$734.74,0.01,$-0.48,0.0,$1.34,2.86,$0.79B,$0.60B,1.32,$0.16B,$0.15B,1.05,$9.49B,$0.12B,1.31%,$9.49B,$0.04B,0.44%,$9.49B,$0.04B,0.44%,$9.49B,$0.06B,0.60%,$9.49B,$0.02B,0.21%,$9.49B,$0.02B,0.20%,$0.02B,$0.15B,12.22%,$0.02B,$0.12B,15.54%,$0.02B,$0.99B,1.80%,$0.04B,$0.30B,12.31%,$2272,$2246,$26,$0,$10,$2266,$6,$-5,$1,$0,$1,$1,$1,$10,$6,$13,13,$0.07,$0.07,$1,$359,$54,$788,$162,$0,$32,$3,$196,$985,$599,$155,$77,$238,$837,$160,$0,$-5,$148,$985,$8,$11,$1,$12,$91,$125,$-78,$-104,$34,$54,$-8,$0,$0,$0,$0,$0,$0,$-8,$-27,$-1,$-28,$0,$0,$-20,$0,$-47,$-2,$1,$-20
41,2008-06-30,6.16,$20.75,0.3,$683.21,0.01,$-5.81,0.0,$1.45,4.25,$0.94B,$0.63B,1.48,$0.26B,$0.15B,1.7,$8.82B,$0.12B,1.38%,$8.82B,$0.04B,0.49%,$8.82B,$0.04B,0.49%,$8.82B,$0.06B,0.65%,$8.82B,$0.02B,0.25%,$8.82B,$0.02B,0.23%,$0.02B,$0.15B,12.66%,$0.02B,$0.12B,15.30%,$0.02B,$1.13B,1.93%,$0.04B,$0.42B,12.73%,$2298,$2275,$23,$0,$10,$2295,$3,$-4,$-1,$0,$-1,$-1,$-1,$7,$3,$13,13,$-0.10,$-0.10,$2,$487,$17,$937,$162,$0,$33,$2,$197,$1133,$634,$262,$76,$346,$979,$163,$0,$-4,$154,$1133,$7,$7,$0,$8,$36,$-3,$-40,$-14,$-21,$-6,$-6,$0,$0,$0,$0,$0,$0,$-6,$26,$-1,$25,$0,$0,$-13,$0,$12,$0,$0,$-13
42,2008-03-31,6.84,$21.50,0.32,$619.72,0.01,$3.04,2.25,$0.26,26.31,$0.75B,$0.57B,1.31,$0.20B,$0.16B,1.24,$7.91B,$0.12B,1.53%,$7.91B,$0.04B,0.54%,$7.91B,$0.04B,0.54%,$7.91B,$0.06B,0.71%,$7.91B,$0.02B,0.30%,$7.91B,$0.02B,0.28%,$0.02B,$0.16B,13.73%,$0.02B,$0.13B,15.80%,$0.02B,$0.94B,2.38%,$0.04B,$0.36B,14.01%,$2721,$2685,$36,$0,$11,$2706,$15,$-6,$9,$0,$9,$9,$8,$18,$15,$13,13,$0.64,$0.64,$4,$329,$16,$745,$162,$0,$33,$2,$198,$943,$571,$199,$8,$212,$783,$167,$0,$-6,$160,$943,$9,$4,$0,$4,$70,$156,$-79,$-62,$85,$98,$-3,$0,$0,$0,$0,$0,$0,$-3,$-87,$-0,$-87,$0,$0,$-7,$0,$-93,$1,$0,$-7
43,2007-12-31,9.73,$21.59,0.45,$550.96,0.02,$8.20,1.19,$1.38,7.05,$0.96B,$0.79B,1.22,$0.13B,$0.16B,0.79,$6.76B,$0.13B,1.88%,$6.76B,$0.05B,0.75%,$6.76B,$0.05B,0.75%,$6.76B,$0.06B,0.92%,$6.76B,$0.05B,0.71%,$6.76B,$0.05B,0.68%,$0.05B,$0.16B,30.72%,$0.05B,$0.13B,34.07%,$0.05B,$1.16B,5.76%,$0.05B,$0.29B,19.26%,$2202,$2163,$39,$0,$11,$2184,$18,$-7,$11,$0,$11,$11,$11,$22,$18,$12,12,$1.72,$1.72,$2,$484,$13,$961,$162,$0,$34,$2,$198,$1159,$790,$127,$76,$209,$999,$165,$0,$-3,$160,$1159,$47,$10,$-13,$-4,$-239,$-196,$149,$129,$-158,$-115,$-14,$0,$-138,$0,$15,$15,$0,$-136,$224,$-0,$224,$49,$49,$-23,$0,$250,$-2,$0,$-23
44,2007-09-30,10.71,$21.33,0.5,$470.96,0.02,$13.20,0.81,$1.44,7.44,$0.75B,$0.61B,1.22,$0.13B,$0.16B,0.82,$5.65B,$0.12B,2.18%,$5.65B,$0.05B,0.87%,$5.65B,$0.05B,0.87%,$5.65B,$0.06B,1.01%,$5.65B,$0.05B,0.87%,$5.65B,$0.05B,0.81%,$0.05B,$0.16B,33.95%,$0.05B,$0.15B,36.22%,$0.05B,$0.90B,6.88%,$0.05B,$0.29B,20.48%,$1598,$1575,$24,$0,$9,$1591,$7,$-5,$3,$0,$3,$3,$2,$10,$7,$13,13,$0.19,$0.19,$3,$379,$11,$745,$142,$0,$9,$8,$158,$903,$610,$130,$2,$134,$744,$163,$0,$0,$158,$903,$36,$6,$-14,$-8,$-133,$-91,$79,$99,$-48,$-20,$-4,$0,$-103,$0,$15,$15,$-5,$-97,$84,$-0,$83,$49,$49,$-17,$0,$116,$-1,$0,$-17
45,2007-06-30,13.05,$21.94,0.59,$436.91,0.03,$10.02,1.3,$1.78,7.33,$0.54B,$0.39B,1.37,$0.13B,$0.16B,0.8,$5.05B,$0.13B,2.48%,$5.05B,$0.05B,1.03%,$5.05B,$0.05B,1.03%,$5.05B,$0.06B,1.15%,$5.05B,$0.05B,1.03%,$5.05B,$0.05B,0.99%,$0.05B,$0.16B,42.74%,$0.05B,$0.16B,46.19%,$0.05B,$0.69B,8.67%,$0.05B,$0.29B,20.51%,$1384,$1362,$22,$0,$11,$1381,$3,$-3,$1,$0,$1,$1,$1,$6,$3,$12,12,$-1.28,$-1.28,$3,$239,$6,$537,$143,$0,$8,$3,$155,$691,$393,$131,$1,$136,$528,$165,$0,$1,$163,$691,$33,$3,$-14,$-11,$-74,$49,$11,$94,$79,$101,$-3,$0,$-103,$0,$15,$15,$0,$-90,$-51,$-0,$-51,$49,$49,$-11,$0,$-12,$-1,$0,$-11
46,2007-03-31,12.86,$20.91,0.61,$416.00,0.03,$2.85,4.5,$3.36,3.83,$0.40B,$0.25B,1.59,$0.07B,$0.12B,0.6,$4.69B,$0.12B,2.64%,$4.69B,$0.06B,1.17%,$4.69B,$0.06B,1.17%,$4.69B,$0.06B,1.26%,$4.69B,$0.06B,1.17%,$4.69B,$0.05B,1.11%,$0.05B,$0.12B,53.61%,$0.05B,$0.11B,59.26%,$0.05B,$0.44B,9.86%,$0.06B,$0.19B,22.27%,$1573,$1531,$42,$0,$13,$1551,$23,$11,$33,$1,$33,$33,$32,$24,$23,$11,11,$1.75,$1.75,$2,$142,$1,$396,$32,$0,$9,$7,$47,$443,$249,$71,$1,$76,$325,$118,$0,$0,$118,$443,$33,$1,$-14,$-13,$-36,$146,$-49,$61,$121,$141,$-1,$0,$0,$0,$15,$15,$-5,$10,$-147,$-0,$-147,$0,$0,$-5,$0,$-152,$-2,$0,$-5
47,2006-12-31,9.15,$18.30,0.5,$396.32,0.02,$-4.60,0.0,$2.46,3.72,$0.60B,$0.45B,1.33,$0.08B,$0.10B,0.81,$4.47B,$0.11B,2.55%,$4.47B,$0.05B,1.05%,$4.47B,$0.05B,1.05%,$4.47B,$0.05B,1.14%,$4.47B,$0.04B,0.78%,$4.47B,$0.03B,0.72%,$0.03B,$0.10B,36.16%,$0.03B,$0.09B,40.51%,$0.03B,$0.64B,6.26%,$0.05B,$0.19B,18.54%,$1094,$1060,$35,$0,$12,$1078,$16,$-4,$12,$1,$11,$11,$11,$17,$16,$11,11,$0.78,$0.78,$18,$288,$67,$596,$32,$0,$9,$2,$43,$639,$448,$83,$1,$88,$536,$104,$0,$13,$103,$639,$33,$5,$0,$5,$35,$-27,$-37,$-63,$-93,$-54,$-6,$0,$-7,$0,$0,$0,$0,$-12,$89,$-0,$89,$0,$0,$-20,$0,$69,$2,$0,$-20
