,Date,Stock Price,Book Value per Share,Price to Book Ratio,TTM Sales per Share,Price to Sales Ratio,TTM FCF per Share,Price to FCF Ratio,TTM Net EPS,PE Ratio,Current Assets,Current Liabilities,Current Ratio,Long Term Debt,Shareholder's Equity_x,Debt to Equity Ratio,TTM Revenue_x,TTM Gross Profit,Gross Margin,TTM Revenue_y,TTM Operating Income,Operating Margin,TTM Revenue_x,TTM EBIT,EBIT Margin,TTM Revenue_y,TTM EBITDA,EBITDA Margin,TTM Revenue_x,TTM Pre-Tax Income,Pre-Tax Margin,TTM Revenue_y,TTM Net Income_x,Net Margin,TTM Net Income_y,Shareholder's Equity_y,Return on Equity,TTM Net Income_x,Tangible Equity,Return on Tangible Equity,TTM Net Income_y,Total Assets,Return on Assets,TTM Net Income,LT Investments & Debt,Return on Investment,revenue,cost-goods-sold,gross-profit,research-development-expenses,selling-general-administrative-expenses,operating-expenses,operating-income,total-non-operating-income-expense,pre-tax-income,total-provision-income-taxes,income-after-taxes,income-from-continuous-operations,net-income,ebitda,ebit,basic-shares-outstanding,shares-outstanding,eps-basic-net-earnings-per-share,eps-earnings-per-share-diluted,cash-on-hand,inventory,other-current-assets,total-current-assets,net-property-plant-equipment,long-term-investments,goodwill-intangible-assets-total,other-long-term-assets,total-long-term-assets,total-assets,total-current-liabilities,long-term-debt,other-non-current-liabilities,total-long-term-liabilities,total-liabilities,common-stock-net,retained-earnings-accumulated-deficit,comprehensive-income,total-share-holder-equity,total-liabilities-share-holders-equity,net-income-loss,total-depreciation-amortization-cash-flow,other-non-cash-items,total-non-cash-items,change-in-accounts-receivable,change-in-inventories,change-in-accounts-payable,change-in-assets-liabilities,total-change-in-assets-liabilities,cash-flow-from-operating-activities,net-change-in-property-plant-equipment,net-change-in-intangible-assets,net-acquisitions-divestitures,net-change-in-short-term-investments,net-change-in-long-term-investments,net-change-in-investments-total,investing-activities-other,cash-flow-from-investing-activities,net-long-term-debt,net-current-debt,debt-issuance-retirement-net-total,net-common-equity-issued-repurchased,net-total-equity-issued-repurchased,total-common-preferred-stock-dividends-paid,financial-activities-other,cash-flow-from-financial-activities,net-cash-flow,stock-based-compensation,common-stock-dividends-paid
0,2018-09-30,12.4,$15.36,0.81,$6.66,1.86,$0.38,32.94,$-8.36,0.0,$1.13B,$0.40B,2.82,$0.20B,$0.56B,0.36,$0.25B,$-0.29B,-116.67%,$0.25B,$-0.31B,-127.24%,$0.25B,$-0.31B,-126.83%,$0.25B,$-0.31B,-126.42%,$0.25B,$-0.31B,-127.24%,$0.25B,$-0.31B,-124.80%,$-0.31B,$0.56B,-44.40%,$-0.31B,$0.56B,-44.40%,$-0.31B,$1.70B,-11.46%,$-0.31B,$0.76B,-42.20%,$33,$115,$-83,$0,$7,$123,$-91,$0,$-91,$-0,$-90,$-90,$-89,$-89,$-90,$36,36,$-2.48,$-2.48,$718,$0,$0,$1132,$0,$478,$0,$42,$573,$1704,$402,$201,$527,$744,$1146,$4,$55,$0,$559,$1704,$-269,$1,$268,$269,$12,$0,$-36,$1,$-22,$-22,$0,$0,$0,$0,$-239,$-239,$-629,$-868,$97,$0,$97,$-17,$-17,$0,$0,$80,$-813,$3,$0
1,2018-06-30,14.2,$17.68,0.8,$12.07,1.18,$2.78,5.1,$-5.35,0.0,$1.78B,$0.43B,4.16,$0.00B,$0.66B,0.0,$0.45B,$-0.18B,-38.98%,$0.45B,$-0.20B,-44.77%,$0.45B,$-0.20B,-44.77%,$0.45B,$-0.20B,-44.77%,$0.45B,$-0.20B,-44.77%,$0.45B,$-0.20B,-44.10%,$-0.20B,$0.66B,-25.61%,$-0.20B,$0.66B,-25.61%,$-0.20B,$2.78B,-6.50%,$-0.20B,$0.66B,-25.99%,$88,$119,$-31,$0,$7,$126,$-38,$0,$-38,$-0,$-38,$-38,$-37,$-38,$-38,$37,37,$-1.01,$-1.01,$1330,$0,$0,$1778,$0,$904,$0,$41,$1001,$2779,$428,$0,$1683,$1690,$2117,$4,$144,$0,$662,$2779,$-180,$0,$185,$186,$-20,$0,$-12,$-2,$-34,$-29,$0,$0,$0,$0,$-14,$-14,$-153,$-167,$0,$0,$0,$-3,$-3,$0,$0,$-3,$-201,$2,$0
2,2018-03-31,16.05,$18.67,0.86,$12.97,1.24,$4.85,3.31,$-5.30,0.0,$1.73B,$0.43B,4.06,$0.00B,$0.70B,0.0,$0.48B,$-0.17B,-36.10%,$0.48B,$-0.20B,-41.29%,$0.48B,$-0.20B,-41.29%,$0.48B,$-0.20B,-41.29%,$0.48B,$-0.20B,-41.29%,$0.48B,$-0.20B,-40.66%,$-0.20B,$0.70B,-23.79%,$-0.20B,$0.70B,-23.79%,$-0.20B,$2.88B,-6.31%,$-0.20B,$0.70B,-24.16%,$0,$140,$-140,$0,$6,$146,$-146,$0,$-146,$-1,$-145,$-145,$-143,$-146,$-146,$37,37,$-3.85,$-3.85,$1292,$0,$0,$1728,$0,$1045,$0,$43,$1148,$2877,$426,$0,$1743,$1750,$2176,$4,$182,$0,$701,$2877,$-143,$0,$143,$143,$-24,$0,$-5,$0,$-30,$-29,$0,$0,$0,$0,$-111,$-111,$-100,$-212,$0,$0,$0,$0,$0,$0,$0,$0,$-240,$1,$0
3,2017-12-31,20.1,$22.60,0.89,$17.34,1.16,$6.05,3.32,$-1.23,0.0,$1.90B,$0.45B,4.26,$0.00B,$0.84B,0.0,$0.65B,$-0.02B,-2.94%,$0.65B,$-0.04B,-6.81%,$0.65B,$-0.04B,-6.81%,$0.65B,$-0.04B,-6.81%,$0.65B,$-0.04B,-6.81%,$0.65B,$-0.05B,-6.97%,$-0.05B,$0.84B,-5.15%,$-0.05B,$0.84B,-5.15%,$-0.05B,$3.36B,-1.43%,$-0.04B,$0.84B,-5.04%,$125,$158,$-33,$0,$5,$163,$-38,$0,$-38,$-0,$-38,$-38,$-38,$-38,$-38,$37,37,$-1.00,$-1.00,$1531,$0,$0,$1899,$0,$1363,$0,$33,$1458,$3357,$446,$0,$2060,$2067,$2513,$4,$324,$0,$844,$3357,$-45,$0,$-35,$-35,$-83,$0,$113,$144,$174,$94,$0,$0,$0,$0,$-158,$-158,$52,$-107,$0,$0,$0,$-3,$-3,$0,$0,$-3,$-13,$5,$0
4,2017-09-30,21.65,$23.72,0.91,$19.03,1.14,$2.54,8.53,$1.10,19.68,$1.73B,$0.39B,4.5,$0.00B,$0.89B,0.0,$0.71B,$0.07B,10.00%,$0.71B,$0.04B,6.20%,$0.71B,$0.04B,6.20%,$0.71B,$0.04B,6.20%,$0.71B,$0.04B,6.20%,$0.71B,$0.04B,5.92%,$0.04B,$0.89B,4.75%,$0.04B,$0.89B,4.75%,$0.04B,$3.17B,1.42%,$0.04B,$0.89B,4.98%,$236,$207,$29,$0,$8,$215,$21,$0,$21,$0,$21,$21,$20,$21,$21,$37,37,$0.53,$0.53,$1382,$0,$0,$1733,$0,$1337,$0,$24,$1438,$3171,$385,$0,$1900,$1900,$2285,$4,$362,$0,$886,$3171,$-7,$0,$-59,$-59,$-75,$0,$90,$118,$133,$67,$0,$0,$0,$0,$-159,$-159,$232,$73,$0,$0,$0,$-3,$-3,$0,$0,$-3,$139,$3,$0
5,2017-06-30,20.9,$23.12,0.9,$16.60,1.26,$-1.08,0.0,$1.37,15.26,$1.73B,$0.36B,4.86,$0.00B,$0.86B,0.0,$0.62B,$0.08B,12.90%,$0.62B,$0.05B,8.71%,$0.62B,$0.05B,8.71%,$0.62B,$0.05B,8.71%,$0.62B,$0.05B,8.71%,$0.62B,$0.05B,8.39%,$0.05B,$0.86B,5.96%,$0.05B,$0.86B,5.96%,$0.05B,$3.01B,1.84%,$0.05B,$0.86B,6.19%,$121,$151,$-30,$0,$6,$158,$-36,$0,$-36,$-0,$-36,$-36,$-35,$-36,$-36,$37,37,$-0.96,$-0.96,$1395,$0,$0,$1727,$0,$1198,$0,$9,$1285,$3012,$355,$0,$1793,$1793,$2148,$4,$342,$0,$864,$3012,$-27,$0,$22,$23,$-48,$0,$68,$32,$52,$48,$0,$0,$0,$0,$-111,$-111,$224,$113,$0,$0,$0,$-2,$-2,$0,$0,$-2,$152,$2,$0
6,2017-03-31,22.1,$24.07,0.92,$15.68,1.41,$-2.40,0.0,$0.64,34.53,$1.73B,$0.33B,5.29,$0.00B,$0.90B,0.0,$0.59B,$0.05B,8.69%,$0.59B,$0.03B,4.43%,$0.59B,$0.03B,4.43%,$0.59B,$0.03B,4.43%,$0.59B,$0.03B,4.43%,$0.59B,$0.02B,4.09%,$0.02B,$0.90B,2.79%,$0.02B,$0.90B,2.79%,$0.02B,$3.01B,0.87%,$0.03B,$0.90B,3.02%,$164,$148,$15,$0,$7,$155,$9,$0,$9,$0,$9,$9,$8,$9,$9,$37,37,$0.22,$0.22,$1382,$0,$0,$1727,$0,$1202,$0,$6,$1282,$3009,$326,$0,$1781,$1781,$2108,$4,$379,$0,$901,$3009,$8,$0,$-18,$-18,$-49,$0,$53,$22,$25,$15,$0,$0,$0,$0,$-112,$-112,$237,$125,$0,$0,$0,$0,$0,$0,$0,$0,$140,$1,$0
7,2016-12-31,22.8,$23.71,0.96,$15.75,1.45,$-3.00,0.0,$1.19,19.16,$1.57B,$0.27B,5.79,$0.00B,$0.89B,0.0,$0.59B,$0.07B,12.39%,$0.59B,$0.05B,7.98%,$0.59B,$0.05B,7.98%,$0.59B,$0.05B,7.98%,$0.59B,$0.05B,7.98%,$0.59B,$0.05B,7.64%,$0.05B,$0.89B,5.26%,$0.05B,$0.89B,5.26%,$0.05B,$2.67B,1.65%,$0.05B,$0.89B,5.50%,$189,$132,$57,$0,$7,$138,$50,$0,$50,$0,$50,$50,$49,$50,$50,$37,37,$1.32,$1.32,$1243,$0,$0,$1574,$0,$1023,$0,$7,$1091,$2665,$272,$0,$1501,$1507,$1779,$4,$370,$0,$886,$2665,$45,$0,$-87,$-87,$-31,$0,$35,$3,$6,$-36,$0,$0,$0,$0,$26,$26,$-56,$-30,$0,$0,$0,$0,$0,$0,$0,$0,$-72,$4,$0
8,2016-09-30,20.44,$22.45,0.91,$12.70,1.61,$-3.61,0.0,$-1.29,0.0,$1.45B,$0.26B,5.66,$0.00B,$0.84B,0.0,$0.47B,$-0.02B,-4.85%,$0.47B,$-0.05B,-9.92%,$0.47B,$-0.05B,-9.92%,$0.47B,$-0.05B,-9.92%,$0.47B,$-0.05B,-9.92%,$0.47B,$-0.05B,-9.92%,$-0.05B,$0.84B,-5.56%,$-0.05B,$0.84B,-5.56%,$-0.05B,$2.59B,-1.72%,$-0.05B,$0.84B,-5.56%,$146,$107,$38,$0,$7,$114,$31,$0,$31,$0,$31,$31,$30,$31,$31,$37,37,$0.80,$0.80,$1138,$0,$0,$1445,$0,$1085,$0,$8,$1149,$2594,$255,$0,$1500,$1500,$1755,$4,$321,$0,$839,$2594,$-4,$0,$-25,$-25,$-39,$0,$17,$-16,$-39,$-68,$0,$0,$0,$0,$-116,$-116,$116,$-0,$0,$0,$0,$0,$0,$0,$0,$0,$-73,$3,$0
9,2016-06-30,20.16,$21.87,0.92,$6.36,3.17,$-3.00,0.0,$-8.07,0.0,$1.40B,$0.31B,4.53,$0.00B,$0.82B,0.0,$0.24B,$-0.28B,-117.65%,$0.24B,$-0.30B,-127.31%,$0.24B,$-0.30B,-127.31%,$0.24B,$-0.30B,-127.31%,$0.24B,$-0.30B,-127.31%,$0.24B,$-0.30B,-124.79%,$-0.30B,$0.82B,-34.58%,$-0.30B,$0.82B,-34.58%,$-0.30B,$2.71B,-10.94%,$-0.30B,$0.82B,-35.27%,$88,$147,$-59,$0,$5,$152,$-64,$0,$-64,$-0,$-64,$-64,$-63,$-64,$-64,$37,37,$-1.69,$-1.69,$1123,$0,$0,$1402,$0,$1170,$0,$79,$1303,$2705,$310,$0,$1579,$1579,$1889,$4,$291,$0,$816,$2705,$-34,$0,$11,$11,$-29,$0,$68,$-17,$22,$-1,$0,$0,$0,$0,$-227,$-227,$165,$-62,$0,$0,$0,$0,$0,$0,$0,$0,$-67,$2,$0
10,2016-03-31,21.79,$23.61,0.92,$5.82,3.74,$-4.06,0.0,$-7.44,0.0,$1.65B,$0.27B,6.04,$0.00B,$0.88B,0.0,$0.22B,$-0.25B,-116.51%,$0.22B,$-0.28B,-127.98%,$0.22B,$-0.28B,-127.98%,$0.22B,$-0.28B,-127.98%,$0.22B,$-0.28B,-127.98%,$0.22B,$-0.27B,-125.69%,$-0.27B,$0.88B,-29.25%,$-0.27B,$0.88B,-29.25%,$-0.27B,$2.93B,-9.46%,$-0.28B,$0.88B,-29.78%,$166,$130,$37,$0,$7,$137,$30,$0,$30,$0,$29,$29,$29,$30,$30,$37,37,$0.77,$0.77,$1354,$0,$0,$1652,$0,$1199,$0,$11,$1278,$2930,$274,$0,$1777,$1777,$2051,$4,$354,$0,$879,$2930,$29,$0,$-33,$-33,$-59,$0,$28,$29,$-3,$-7,$0,$0,$0,$0,$-122,$-122,$214,$92,$0,$0,$0,$0,$0,$0,$0,$0,$84,$1,$0
11,2015-12-31,18.71,$22.92,0.82,$3.30,5.67,$-4.36,0.0,$-8.86,0.0,$1.58B,$0.27B,5.94,$0.00B,$0.85B,0.0,$0.12B,$-0.31B,-249.19%,$0.12B,$-0.33B,-269.35%,$0.12B,$-0.33B,-269.35%,$0.12B,$-0.33B,-269.35%,$0.12B,$-0.33B,-269.35%,$0.12B,$-0.33B,-263.71%,$-0.33B,$0.85B,-32.38%,$-0.33B,$0.85B,-32.38%,$-0.33B,$2.71B,-10.99%,$-0.33B,$0.85B,-33.08%,$74,$113,$-39,$0,$5,$118,$-44,$0,$-44,$-0,$-44,$-44,$-43,$-44,$-44,$37,37,$-1.21,$-1.21,$1349,$0,$0,$1578,$0,$1064,$0,$10,$1134,$2713,$266,$0,$1598,$1598,$1864,$4,$325,$0,$849,$2713,$-326,$0,$248,$249,$-83,$0,$92,$12,$20,$-57,$0,$0,$0,$0,$-60,$-60,$238,$178,$0,$0,$0,$-18,$-18,$0,$0,$-18,$100,$4,$0
12,2015-09-30,22.28,$24.08,0.93,$5.24,4.25,$-6.32,0.0,$-6.09,0.0,$1.35B,$0.24B,5.59,$0.00B,$0.89B,0.0,$0.20B,$-0.20B,-100.00%,$0.20B,$-0.23B,-113.50%,$0.20B,$-0.23B,-113.50%,$0.20B,$-0.23B,-113.50%,$0.20B,$-0.23B,-113.50%,$0.20B,$-0.22B,-111.50%,$-0.22B,$0.89B,-20.35%,$-0.22B,$0.89B,-20.35%,$-0.22B,$2.51B,-7.32%,$-0.23B,$0.89B,-20.71%,$-90,$130,$-219,$0,$5,$135,$-225,$0,$-225,$-1,$-224,$-224,$-220,$-225,$-225,$37,37,$-5.98,$-5.98,$1146,$0,$0,$1348,$0,$1104,$0,$9,$1167,$2514,$241,$0,$1382,$1382,$1623,$4,$368,$0,$892,$2514,$-283,$0,$206,$206,$-52,$0,$70,$14,$33,$-44,$0,$0,$0,$0,$-148,$-148,$297,$149,$0,$0,$0,$-18,$-18,$0,$0,$-18,$87,$3,$0
13,2015-06-30,29.17,$30.09,0.97,$8.45,3.45,$-7.44,0.0,$-1.51,0.0,$1.95B,$0.21B,9.22,$0.00B,$1.13B,0.0,$0.32B,$-0.03B,-8.81%,$0.32B,$-0.06B,-17.30%,$0.32B,$-0.06B,-17.30%,$0.32B,$-0.06B,-17.30%,$0.32B,$-0.06B,-17.30%,$0.32B,$-0.06B,-17.30%,$-0.06B,$1.13B,-4.75%,$-0.06B,$1.13B,-4.75%,$-0.06B,$3.43B,-1.73%,$-0.06B,$1.13B,-4.75%,$68,$101,$-33,$0,$7,$107,$-40,$0,$-40,$0,$-40,$-40,$-40,$-40,$-40,$37,37,$-1.06,$-1.06,$1740,$0,$0,$1952,$0,$1419,$0,$12,$1473,$3425,$212,$0,$2086,$2086,$2297,$4,$595,$0,$1127,$3425,$-64,$0,$27,$27,$-36,$0,$39,$-6,$-4,$-41,$0,$0,$0,$0,$180,$180,$-56,$124,$0,$0,$0,$-4,$-4,$0,$0,$-4,$79,$2,$0
14,2015-03-31,31.8,$31.20,1.02,$11.92,2.67,$-7.38,0.0,$2.44,13.03,$1.75B,$0.22B,7.95,$0.00B,$1.17B,0.0,$0.45B,$0.12B,27.33%,$0.45B,$0.10B,21.78%,$0.45B,$0.10B,21.78%,$0.45B,$0.10B,21.78%,$0.45B,$0.10B,21.78%,$0.45B,$0.10B,21.11%,$0.10B,$1.17B,8.11%,$0.10B,$1.17B,8.11%,$0.10B,$3.25B,3.06%,$0.10B,$1.17B,8.37%,$72,$90,$-18,$0,$6,$96,$-25,$0,$-25,$-0,$-24,$-24,$-24,$-25,$-25,$37,37,$-0.65,$-0.65,$1536,$0,$0,$1749,$0,$1453,$0,$9,$1504,$3253,$220,$0,$1863,$1863,$2083,$4,$637,$0,$1171,$3253,$-24,$0,$13,$14,$-33,$0,$34,$-9,$-8,$-18,$0,$0,$0,$0,$215,$215,$-197,$18,$0,$0,$0,$0,$0,$0,$0,$0,$-1,$1,$0
15,2014-12-31,32.65,$31.94,1.02,$12.76,2.56,$-7.17,0.0,$2.85,11.46,$1.51B,$0.22B,6.87,$0.00B,$1.19B,0.0,$0.48B,$0.14B,28.75%,$0.48B,$0.11B,23.54%,$0.48B,$0.11B,23.54%,$0.48B,$0.11B,23.54%,$0.48B,$0.11B,23.54%,$0.48B,$0.11B,22.92%,$0.11B,$1.19B,9.59%,$0.11B,$1.19B,9.59%,$0.11B,$3.00B,3.64%,$0.11B,$1.19B,9.85%,$150,$80,$70,$0,$7,$87,$63,$0,$63,$0,$63,$63,$61,$63,$63,$37,38,$1.64,$1.64,$1309,$0,$0,$1513,$0,$1431,$0,$17,$1482,$2995,$220,$0,$1581,$1581,$1801,$4,$661,$0,$1194,$2995,$110,$0,$-172,$-171,$16,$0,$-44,$-45,$-72,$-134,$0,$0,$0,$0,$201,$201,$-59,$142,$0,$0,$0,$0,$0,$0,$0,$0,$8,$4,$0
16,2014-09-30,32.41,$30.40,1.07,$14.75,2.2,$-6.14,0.0,$3.48,9.31,$1.59B,$0.22B,7.39,$0.00B,$1.14B,0.0,$0.55B,$0.16B,28.57%,$0.55B,$0.14B,24.41%,$0.55B,$0.14B,24.41%,$0.55B,$0.14B,24.59%,$0.55B,$0.14B,24.41%,$0.55B,$0.13B,24.05%,$0.13B,$1.14B,11.88%,$0.13B,$1.14B,11.88%,$0.13B,$3.03B,4.36%,$0.14B,$1.14B,12.06%,$28,$76,$-47,$0,$6,$82,$-53,$0,$-53,$-0,$-53,$-53,$-52,$-53,$-53,$37,37,$-1.40,$-1.40,$1376,$0,$0,$1586,$0,$1388,$0,$19,$1445,$3031,$215,$0,$1682,$1682,$1896,$4,$600,$0,$1135,$3031,$49,$0,$-73,$-73,$2,$0,$-37,$-27,$-62,$-86,$0,$0,$0,$0,$165,$165,$-74,$91,$0,$0,$0,$0,$0,$0,$0,$0,$5,$3,$0
17,2014-06-30,32.94,$31.78,1.04,$19.66,1.68,$-5.33,0.0,$6.38,5.16,$1.58B,$0.20B,8.07,$0.00B,$1.19B,0.0,$0.74B,$0.27B,36.59%,$0.74B,$0.25B,33.33%,$0.74B,$0.25B,33.33%,$0.74B,$0.25B,33.47%,$0.74B,$0.25B,33.33%,$0.74B,$0.24B,32.79%,$0.24B,$1.19B,22.28%,$0.24B,$1.19B,22.28%,$0.24B,$3.13B,8.00%,$0.25B,$1.19B,22.65%,$200,$82,$118,$0,$6,$88,$113,$0,$113,$-0,$113,$113,$110,$113,$113,$37,38,$2.94,$2.89,$1325,$0,$0,$1577,$0,$1500,$0,$21,$1554,$3131,$196,$0,$1750,$1750,$1946,$4,$652,$0,$1185,$3131,$101,$0,$-125,$-125,$22,$0,$-50,$13,$-15,$-39,$0,$0,$0,$0,$28,$28,$13,$41,$0,$0,$0,$0,$0,$0,$0,$0,$2,$2,$0
18,2014-03-31,32.8,$28.84,1.14,$18.55,1.77,$-5.68,0.0,$4.25,7.72,$1.52B,$0.25B,5.99,$0.00B,$1.07B,0.0,$0.70B,$0.19B,26.91%,$0.70B,$0.16B,23.45%,$0.70B,$0.16B,23.45%,$0.70B,$0.16B,23.60%,$0.70B,$0.16B,23.45%,$0.70B,$0.16B,23.17%,$0.16B,$1.07B,15.70%,$0.16B,$1.07B,15.70%,$0.16B,$2.94B,5.49%,$0.16B,$1.07B,15.90%,$102,$105,$-3,$0,$6,$111,$-10,$0,$-10,$-1,$-9,$-9,$-9,$-10,$-10,$37,37,$-0.24,$-0.24,$1233,$0,$0,$1524,$0,$1343,$0,$22,$1418,$2941,$254,$0,$1614,$1614,$1868,$4,$542,$0,$1073,$2941,$-9,$0,$13,$13,$-18,$0,$6,$-2,$-15,$-10,$0,$0,$0,$0,$-61,$-61,$72,$11,$0,$0,$0,$0,$0,$0,$0,$0,$1,$1,$0
19,2013-12-31,33.71,$29.32,1.15,$20.35,1.66,$-5.89,0.0,$6.01,5.61,$1.63B,$0.24B,6.76,$0.00B,$1.09B,0.0,$0.76B,$0.25B,33.12%,$0.76B,$0.23B,30.50%,$0.76B,$0.23B,30.50%,$0.76B,$0.23B,30.63%,$0.76B,$0.23B,30.50%,$0.76B,$0.23B,29.71%,$0.23B,$1.09B,23.05%,$0.23B,$1.09B,23.05%,$0.23B,$3.10B,7.69%,$0.23B,$1.09B,23.66%,$223,$134,$90,$0,$4,$138,$85,$0,$85,$-0,$85,$85,$84,$86,$85,$37,38,$2.29,$2.23,$1338,$0,$0,$1628,$0,$1394,$0,$21,$1467,$3095,$241,$0,$1768,$1768,$2009,$4,$551,$0,$1086,$3095,$226,$0,$-306,$-305,$6,$0,$-11,$-8,$-13,$-93,$-1,$0,$0,$0,$202,$202,$-127,$74,$0,$0,$0,$1,$1,$0,$0,$1,$-18,$4,$0
20,2013-09-30,28.44,$27.13,1.05,$16.19,1.76,$-4.75,0.0,$2.16,13.17,$1.70B,$0.26B,6.6,$0.00B,$1.00B,0.0,$0.61B,$0.11B,17.30%,$0.61B,$0.09B,14.17%,$0.61B,$0.09B,14.17%,$0.61B,$0.09B,14.17%,$0.61B,$0.09B,14.17%,$0.61B,$0.08B,13.51%,$0.08B,$1.00B,8.83%,$0.08B,$1.00B,8.83%,$0.08B,$2.93B,2.87%,$0.09B,$1.00B,9.26%,$213,$148,$65,$0,$7,$155,$58,$0,$58,$0,$58,$58,$57,$58,$58,$37,38,$1.53,$1.50,$1400,$0,$0,$1700,$0,$1150,$0,$22,$1234,$2934,$258,$0,$1676,$1676,$1933,$4,$467,$0,$1001,$2934,$142,$0,$-194,$-194,$-22,$0,$7,$10,$-5,$-57,$-1,$0,$0,$0,$307,$307,$-188,$118,$0,$0,$0,$1,$1,$0,$0,$1,$62,$3,$0
21,2013-06-30,24.53,$25.53,0.96,$16.22,1.51,$-4.15,0.0,$1.89,12.98,$1.65B,$0.28B,5.88,$0.00B,$0.94B,0.0,$0.61B,$0.09B,15.32%,$0.61B,$0.08B,12.52%,$0.61B,$0.08B,12.52%,$0.61B,$0.08B,12.52%,$0.61B,$0.08B,12.52%,$0.61B,$0.07B,11.70%,$0.07B,$0.94B,7.88%,$0.07B,$0.94B,7.88%,$0.07B,$2.76B,2.50%,$0.08B,$0.94B,8.43%,$157,$121,$35,$0,$6,$127,$30,$0,$30,$0,$29,$29,$29,$30,$30,$37,38,$0.77,$0.76,$1404,$0,$0,$1651,$0,$1014,$0,$26,$1105,$2755,$281,$0,$1533,$1533,$1814,$4,$411,$0,$941,$2755,$85,$0,$-125,$-125,$1,$0,$20,$-34,$-12,$-52,$0,$0,$0,$0,$291,$291,$-84,$207,$0,$0,$0,$0,$0,$0,$0,$0,$156,$2,$0
22,2013-03-31,24.45,$24.74,0.99,$14.58,1.68,$-2.78,0.0,$0.15,163.0,$1.67B,$0.27B,6.15,$0.00B,$0.91B,0.0,$0.54B,$0.03B,4.79%,$0.54B,$0.01B,1.66%,$0.54B,$0.01B,1.66%,$0.54B,$0.01B,1.66%,$0.54B,$0.01B,1.66%,$0.54B,$0.01B,1.10%,$0.01B,$0.91B,0.68%,$0.01B,$0.91B,0.68%,$0.01B,$3.02B,0.22%,$0.01B,$0.91B,1.03%,$171,$108,$63,$0,$4,$111,$60,$0,$60,$0,$59,$59,$57,$60,$60,$37,37,$1.54,$1.52,$1390,$0,$0,$1666,$0,$1266,$0,$25,$1355,$3020,$271,$0,$1839,$1839,$2109,$4,$382,$0,$911,$3020,$57,$0,$-90,$-90,$-23,$0,$21,$17,$14,$-18,$0,$0,$0,$0,$131,$131,$-124,$7,$0,$0,$0,$0,$0,$0,$0,$0,$-11,$1,$0
23,2012-12-31,23.08,$23.44,0.98,$14.65,1.58,$-2.21,0.0,$0.38,60.74,$1.45B,$0.26B,5.56,$0.00B,$0.86B,0.0,$0.55B,$0.04B,6.79%,$0.55B,$0.02B,3.30%,$0.55B,$0.02B,3.30%,$0.55B,$0.02B,3.30%,$0.55B,$0.02B,3.30%,$0.55B,$0.01B,2.57%,$0.01B,$0.86B,1.61%,$0.01B,$0.86B,1.61%,$0.01B,$2.72B,0.53%,$0.02B,$0.86B,2.07%,$66,$124,$-58,$0,$4,$128,$-62,$0,$-62,$-1,$-61,$-61,$-61,$-62,$-62,$37,37,$-1.66,$-1.61,$1229,$0,$0,$1448,$0,$1178,$0,$38,$1275,$2723,$261,$0,$1602,$1602,$1862,$4,$326,$0,$860,$2723,$15,$0,$-124,$-124,$-32,$0,$-11,$102,$59,$-51,$0,$0,$0,$0,$219,$219,$-189,$30,$0,$0,$0,$0,$0,$0,$0,$0,$-20,$4,$0
24,2012-09-30,24.75,$24.38,1.02,$17.04,1.45,$-1.56,0.0,$3.89,6.36,$1.54B,$0.26B,6.03,$0.00B,$0.89B,0.0,$0.63B,$0.17B,27.13%,$0.63B,$0.15B,24.29%,$0.63B,$0.15B,24.29%,$0.63B,$0.15B,24.29%,$0.63B,$0.15B,24.29%,$0.63B,$0.15B,22.87%,$0.15B,$0.89B,16.73%,$0.15B,$0.89B,16.73%,$0.15B,$2.86B,5.64%,$0.15B,$0.89B,17.77%,$213,$160,$53,$0,$5,$165,$48,$0,$48,$1,$47,$47,$46,$48,$48,$37,37,$1.26,$1.23,$1312,$0,$0,$1541,$0,$1221,$0,$38,$1317,$2858,$255,$0,$1708,$1708,$1963,$4,$386,$0,$894,$2858,$75,$0,$-180,$-180,$-44,$0,$-15,$129,$70,$-35,$0,$0,$0,$0,$346,$346,$-331,$15,$0,$0,$0,$0,$0,$0,$0,$0,$-20,$3,$0
25,2012-06-30,25.42,$23.06,1.1,$13.87,1.83,$-0.85,0.0,$2.54,10.01,$1.17B,$0.29B,3.99,$0.00B,$0.85B,0.0,$0.51B,$0.12B,22.61%,$0.51B,$0.10B,19.88%,$0.51B,$0.10B,19.88%,$0.51B,$0.10B,19.88%,$0.51B,$0.10B,19.88%,$0.51B,$0.10B,18.52%,$0.10B,$0.85B,11.38%,$0.10B,$0.85B,11.38%,$0.10B,$2.48B,3.92%,$0.10B,$0.85B,12.22%,$93,$125,$-32,$0,$4,$130,$-37,$0,$-37,$-0,$-37,$-37,$-36,$-37,$-37,$37,37,$-0.98,$-0.98,$934,$0,$0,$1169,$0,$1206,$0,$42,$1308,$2477,$293,$0,$1339,$1339,$1632,$4,$340,$0,$846,$2477,$29,$0,$-51,$-51,$-39,$0,$4,$56,$21,$-0,$0,$0,$0,$0,$-133,$-133,$102,$-31,$0,$0,$0,$0,$0,$0,$0,$0,$-31,$2,$0
26,2012-03-31,24.63,$24.06,1.02,$13.76,1.79,$-0.79,0.0,$3.08,8.0,$1.31B,$0.36B,3.69,$0.00B,$0.88B,0.0,$0.51B,$0.14B,26.77%,$0.51B,$0.12B,24.21%,$0.51B,$0.12B,24.21%,$0.51B,$0.12B,24.21%,$0.51B,$0.12B,24.21%,$0.51B,$0.12B,22.64%,$0.12B,$0.88B,14.10%,$0.12B,$0.88B,14.10%,$0.12B,$2.60B,4.84%,$0.12B,$0.88B,15.08%,$173,$99,$74,$0,$5,$104,$69,$0,$69,$0,$69,$69,$65,$69,$69,$37,37,$1.78,$1.75,$1026,$0,$0,$1308,$0,$1180,$0,$39,$1295,$2603,$355,$0,$1367,$1367,$1722,$4,$376,$0,$881,$2603,$65,$0,$-87,$-87,$-63,$0,$48,$39,$24,$3,$0,$0,$0,$0,$7,$7,$-47,$-40,$0,$0,$0,$0,$0,$0,$0,$0,$-37,$1,$0
27,2011-12-31,23.67,$23.15,1.02,$11.02,2.15,$-0.65,0.0,$0.14,169.07,$1.21B,$0.30B,4.0,$0.00B,$0.85B,0.0,$0.40B,$0.02B,5.69%,$0.40B,$0.01B,2.48%,$0.40B,$0.01B,2.48%,$0.40B,$0.01B,2.48%,$0.40B,$0.01B,2.48%,$0.40B,$0.01B,1.73%,$0.01B,$0.85B,0.88%,$0.01B,$0.85B,0.88%,$0.01B,$2.34B,0.30%,$0.01B,$0.85B,1.26%,$155,$79,$77,$0,$3,$82,$74,$0,$74,$0,$73,$73,$70,$74,$74,$37,37,$1.94,$1.93,$1000,$0,$0,$1209,$0,$1030,$0,$35,$1134,$2343,$302,$0,$1196,$1196,$1498,$4,$311,$0,$846,$2343,$7,$0,$-52,$-52,$-32,$0,$-11,$62,$19,$-26,$-0,$0,$0,$0,$31,$31,$-8,$23,$0,$0,$0,$0,$0,$0,$0,$0,$-3,$3,$0
28,2011-09-30,20.74,$20.98,0.99,$11.37,1.82,$1.09,19.0,$-0.24,0.0,$1.16B,$0.29B,3.99,$0.00B,$0.77B,0.0,$0.42B,$0.01B,2.16%,$0.42B,$-0.01B,-1.20%,$0.42B,$-0.01B,-1.20%,$0.42B,$-0.01B,-1.20%,$0.42B,$-0.00B,-0.96%,$0.42B,$-0.01B,-1.68%,$-0.01B,$0.77B,-0.89%,$-0.01B,$0.77B,-0.89%,$-0.01B,$2.28B,-0.30%,$-0.01B,$0.77B,-0.63%,$92,$94,$-3,$0,$2,$96,$-4,$0,$-4,$0,$-4,$-4,$-4,$-4,$-4,$36,36,$-0.12,$-0.12,$973,$0,$0,$1158,$0,$1016,$0,$25,$1121,$2279,$290,$0,$1223,$1223,$1513,$4,$241,$0,$766,$2279,$-63,$0,$34,$34,$-22,$0,$-10,$54,$22,$-7,$-0,$0,$0,$0,$-68,$-68,$63,$-6,$0,$0,$0,$0,$0,$0,$0,$0,$-13,$2,$0
29,2011-06-30,26.29,$21.06,1.25,$11.87,2.22,$1.78,14.78,$0.66,39.83,$1.15B,$0.30B,3.88,$0.00B,$0.77B,0.0,$0.44B,$0.05B,10.50%,$0.44B,$0.03B,6.62%,$0.44B,$0.03B,6.62%,$0.44B,$0.03B,6.62%,$0.44B,$0.03B,6.62%,$0.44B,$0.03B,5.94%,$0.03B,$0.77B,3.29%,$0.03B,$0.77B,3.29%,$0.03B,$2.29B,1.18%,$0.03B,$0.77B,3.67%,$88,$100,$-12,$0,$4,$104,$-16,$0,$-16,$0,$-16,$-16,$-16,$-16,$-16,$36,36,$-0.44,$-0.44,$966,$0,$0,$1145,$0,$1039,$0,$21,$1140,$2285,$295,$0,$1219,$1219,$1515,$4,$245,$0,$770,$2285,$-59,$0,$43,$44,$-9,$0,$-11,$37,$17,$2,$0,$0,$0,$0,$-73,$-73,$35,$-38,$0,$0,$0,$0,$0,$0,$0,$0,$-36,$2,$0
30,2011-03-31,28.21,$21.50,1.31,$11.37,2.48,$1.70,16.56,$1.57,17.97,$1.13B,$0.28B,4.0,$0.00B,$0.79B,0.0,$0.42B,$0.08B,18.96%,$0.42B,$0.06B,15.17%,$0.42B,$0.06B,15.17%,$0.42B,$0.06B,15.17%,$0.42B,$0.06B,14.93%,$0.42B,$0.06B,14.22%,$0.06B,$0.79B,7.68%,$0.06B,$0.79B,7.68%,$0.06B,$2.34B,2.93%,$0.06B,$0.79B,8.19%,$69,$108,$-39,$0,$5,$113,$-44,$0,$-44,$0,$-44,$-44,$-43,$-44,$-44,$36,36,$-1.19,$-1.19,$975,$0,$0,$1134,$0,$1098,$0,$17,$1202,$2337,$284,$0,$1267,$1267,$1551,$4,$261,$0,$786,$2337,$-43,$0,$28,$28,$0,$0,$-9,$31,$23,$8,$0,$0,$0,$0,$-167,$-167,$151,$-16,$0,$0,$0,$0,$0,$0,$0,$0,$-9,$1,$0
31,2010-12-31,26.81,$23.02,1.16,$10.53,2.55,$1.54,17.42,$2.42,11.08,$1.20B,$0.30B,3.98,$0.00B,$0.84B,0.0,$0.39B,$0.11B,28.39%,$0.39B,$0.10B,24.30%,$0.39B,$0.10B,24.30%,$0.39B,$0.10B,24.30%,$0.39B,$0.10B,24.30%,$0.39B,$0.09B,23.27%,$0.09B,$0.84B,11.90%,$0.09B,$0.84B,11.90%,$0.09B,$2.34B,4.78%,$0.10B,$0.84B,12.43%,$168,$105,$63,$0,$5,$109,$59,$0,$60,$0,$60,$60,$56,$59,$59,$36,37,$1.55,$1.53,$1023,$0,$0,$1200,$0,$1035,$0,$16,$1138,$2338,$302,$0,$1197,$1197,$1499,$4,$304,$0,$839,$2338,$91,$0,$-126,$-126,$-27,$0,$101,$-1,$73,$38,$0,$0,$0,$0,$70,$70,$-94,$-25,$0,$0,$0,$0,$0,$0,$0,$0,$14,$4,$0
32,2010-09-30,25.02,$21.03,1.19,$9.19,2.72,$1.83,13.7,$2.46,10.17,$0.83B,$0.32B,2.61,$0.00B,$0.77B,0.0,$0.34B,$0.11B,32.74%,$0.34B,$0.09B,27.73%,$0.34B,$0.09B,27.73%,$0.34B,$0.09B,27.73%,$0.34B,$0.10B,28.02%,$0.34B,$0.09B,27.14%,$0.09B,$0.77B,12.48%,$0.09B,$0.77B,12.48%,$0.09B,$1.86B,5.33%,$0.09B,$0.77B,12.75%,$113,$79,$34,$0,$3,$82,$30,$-1,$29,$0,$29,$29,$29,$30,$30,$36,37,$0.80,$0.78,$641,$0,$0,$827,$0,$937,$0,$12,$1035,$1861,$317,$0,$778,$778,$1095,$4,$248,$0,$767,$1861,$34,$0,$-50,$-50,$-65,$0,$116,$-18,$33,$18,$0,$0,$0,$0,$-25,$-25,$-15,$-40,$0,$0,$0,$0,$0,$0,$0,$0,$-22,$3,$0
33,2010-06-30,25.19,$20.17,1.25,$8.58,2.94,$2.89,8.71,$2.56,9.84,$0.72B,$0.23B,3.12,$0.00B,$0.74B,0.0,$0.32B,$0.11B,36.19%,$0.32B,$0.10B,30.79%,$0.32B,$0.10B,30.79%,$0.32B,$0.10B,30.79%,$0.32B,$0.10B,31.11%,$0.32B,$0.10B,30.16%,$0.10B,$0.74B,13.43%,$0.10B,$0.74B,13.43%,$0.10B,$1.65B,5.83%,$0.10B,$0.74B,13.71%,$72,$50,$22,$0,$3,$53,$19,$-1,$18,$0,$18,$18,$18,$19,$19,$36,37,$0.48,$0.47,$540,$0,$0,$716,$0,$874,$0,$15,$935,$1652,$230,$0,$686,$686,$916,$4,$219,$0,$735,$1652,$5,$0,$-11,$-11,$-55,$0,$44,$15,$5,$-1,$0,$0,$0,$0,$-120,$-120,$105,$-15,$0,$0,$0,$0,$0,$0,$0,$0,$-16,$2,$0
34,2010-03-31,26.68,$19.68,1.36,$10.40,2.56,$3.74,7.13,$4.60,5.8,$0.81B,$0.19B,4.27,$0.00B,$0.72B,0.0,$0.38B,$0.19B,49.87%,$0.38B,$0.17B,44.88%,$0.38B,$0.17B,44.88%,$0.38B,$0.17B,44.88%,$0.38B,$0.17B,45.14%,$0.38B,$0.17B,44.36%,$0.17B,$0.72B,24.94%,$0.17B,$0.72B,24.94%,$0.17B,$1.76B,10.95%,$0.17B,$0.72B,25.24%,$38,$46,$-8,$0,$5,$51,$-13,$0,$-12,$0,$-12,$-12,$-12,$-13,$-13,$36,36,$-0.34,$-0.34,$663,$0,$0,$813,$0,$901,$0,$11,$949,$1762,$190,$0,$855,$855,$1045,$4,$201,$0,$717,$1762,$-12,$0,$23,$23,$-23,$0,$8,$6,$-9,$2,$0,$0,$0,$0,$-72,$-72,$91,$18,$0,$0,$0,$0,$0,$0,$0,$0,$20,$1,$0
35,2009-12-31,23.59,$20.08,1.17,$11.43,2.06,$3.99,5.91,$5.71,4.13,$0.76B,$0.18B,4.11,$0.00B,$0.73B,0.0,$0.42B,$0.23B,55.13%,$0.42B,$0.21B,50.60%,$0.42B,$0.21B,50.60%,$0.42B,$0.21B,50.60%,$0.42B,$0.21B,50.60%,$0.42B,$0.21B,49.88%,$0.21B,$0.73B,33.25%,$0.21B,$0.73B,33.25%,$0.21B,$1.63B,15.08%,$0.21B,$0.73B,33.73%,$116,$53,$63,$0,$5,$59,$58,$0,$60,$-0,$60,$60,$57,$58,$58,$36,37,$1.58,$1.55,$623,$0,$0,$757,$0,$831,$0,$12,$877,$1634,$184,$0,$721,$721,$905,$4,$214,$0,$729,$1634,$210,$0,$-227,$-227,$-23,$0,$30,$60,$67,$50,$-1,$0,$0,$0,$221,$221,$-332,$-113,$0,$0,$0,$0,$0,$0,$0,$0,$-62,$3,$0
36,2009-09-30,18.8,$17.87,1.05,$8.28,2.27,$3.94,4.77,$3.29,5.71,$0.65B,$0.19B,3.4,$0.00B,$0.65B,0.0,$0.30B,$0.14B,45.72%,$0.30B,$0.12B,40.13%,$0.30B,$0.12B,40.13%,$0.30B,$0.12B,40.13%,$0.30B,$0.12B,39.80%,$0.30B,$0.12B,39.80%,$0.12B,$0.65B,21.27%,$0.12B,$0.65B,21.27%,$0.12B,$1.47B,9.95%,$0.12B,$0.65B,21.44%,$89,$52,$37,$0,$4,$56,$33,$-0,$32,$0,$32,$32,$32,$33,$33,$36,37,$0.89,$0.88,$517,$0,$0,$646,$0,$771,$0,$12,$820,$1466,$190,$0,$628,$628,$818,$4,$156,$0,$649,$1466,$152,$0,$-167,$-167,$-28,$0,$46,$54,$72,$58,$-1,$0,$0,$0,$134,$134,$-262,$-129,$0,$0,$0,$0,$0,$0,$0,$0,$-71,$3,$0
37,2009-06-30,17.31,$16.94,1.02,$3.38,5.12,$3.47,4.99,$-0.88,0.0,$0.67B,$0.19B,3.52,$0.00B,$0.62B,0.0,$0.13B,$-0.01B,-11.11%,$0.13B,$-0.03B,-24.60%,$0.13B,$-0.03B,-24.60%,$0.13B,$-0.03B,-24.60%,$0.13B,$-0.03B,-23.02%,$0.13B,$-0.03B,-23.02%,$-0.03B,$0.62B,-5.41%,$-0.03B,$0.62B,-5.41%,$-0.03B,$1.31B,-2.57%,$-0.03B,$0.62B,-5.78%,$138,$39,$98,$0,$5,$44,$93,$-1,$92,$-0,$92,$92,$92,$93,$93,$36,37,$2.54,$2.51,$521,$0,$0,$672,$0,$596,$0,$11,$640,$1313,$191,$0,$507,$507,$698,$4,$124,$0,$615,$1313,$120,$0,$-128,$-128,$-46,$0,$49,$36,$39,$31,$0,$0,$0,$0,$162,$162,$-154,$9,$0,$0,$0,$0,$0,$0,$0,$0,$39,$2,$0
38,2009-03-31,15.97,$14.36,1.11,$1.14,13.97,$3.29,4.86,$-2.47,0.0,$0.54B,$0.18B,2.98,$0.00B,$0.52B,0.0,$0.04B,$-0.08B,-170.45%,$0.04B,$-0.09B,-204.55%,$0.04B,$-0.09B,-204.55%,$0.04B,$-0.09B,-204.55%,$0.04B,$-0.09B,-197.73%,$0.04B,$-0.09B,-197.73%,$-0.09B,$0.52B,-16.07%,$-0.09B,$0.52B,-16.07%,$-0.09B,$1.13B,-7.80%,$-0.09B,$0.52B,-16.62%,$76,$43,$33,$0,$4,$48,$28,$-0,$28,$0,$28,$28,$28,$28,$28,$36,36,$0.77,$0.77,$401,$0,$0,$536,$0,$557,$0,$11,$593,$1129,$180,$0,$429,$429,$608,$4,$32,$0,$521,$1129,$28,$0,$-32,$-32,$-28,$0,$27,$17,$16,$11,$0,$0,$0,$0,$65,$65,$-114,$-49,$0,$0,$0,$0,$0,$0,$0,$0,$-38,$1,$0
39,2008-12-31,12.99,$13.64,0.95,$-0.35,0.0,$3.12,4.16,$-3.37,0.0,$0.43B,$0.15B,2.99,$0.00B,$0.49B,0.0,$-0.01B,$-0.11B,1080.00%,$-0.01B,$-0.12B,1230.00%,$-0.01B,$-0.12B,1230.00%,$-0.01B,$-0.12B,1230.00%,$-0.01B,$-0.12B,1200.00%,$-0.01B,$-0.12B,1200.00%,$-0.12B,$0.49B,-21.37%,$-0.12B,$0.49B,-21.37%,$-0.12B,$0.96B,-10.92%,$-0.12B,$0.49B,-21.91%,$1,$30,$-29,$0,$3,$32,$-32,$0,$-31,$0,$-31,$-31,$-31,$-32,$-32,$36,36,$-0.87,$-0.85,$342,$0,$0,$433,$0,$494,$0,$14,$525,$958,$145,$0,$322,$322,$467,$4,$4,$0,$491,$958,$-121,$0,$121,$121,$-16,$0,$47,$15,$46,$46,$0,$0,$0,$0,$-166,$-166,$152,$-14,$0,$0,$0,$-2,$-2,$0,$0,$-2,$30,$3,$0
40,2008-09-30,22.99,$14.29,1.61,$1.20,19.11,$-7.02,0.0,$-1.70,0.0,$0.70B,$0.15B,4.69,$0.00B,$0.52B,0.0,$0.04B,$-0.05B,-127.03%,$0.04B,$-0.06B,-167.57%,$0.04B,$-0.06B,-167.57%,$0.04B,$-0.06B,-167.57%,$0.04B,$-0.06B,-162.16%,$0.04B,$-0.06B,-162.16%,$-0.06B,$0.52B,-10.17%,$-0.06B,$0.52B,-10.17%,$-0.06B,$1.12B,-5.30%,$-0.06B,$0.52B,-10.50%,$-89,$27,$-116,$0,$3,$30,$-120,$1,$-118,$0,$-118,$-118,$-118,$-120,$-120,$36,36,$-3.29,$-3.29,$616,$0,$0,$699,$0,$389,$0,$10,$418,$1117,$149,$0,$443,$449,$598,$4,$35,$0,$518,$1117,$-90,$0,$90,$91,$-22,$0,$54,$5,$37,$38,$0,$0,$0,$0,$128,$128,$-14,$114,$0,$0,$0,$0,$0,$0,$0,$0,$152,$2,$0
41,2008-06-30,22.86,$17.53,1.3,$4.40,5.19,$-14.15,0.0,$1.53,14.94,$0.63B,$0.14B,4.52,$0.00B,$0.64B,0.0,$0.15B,$0.07B,46.05%,$0.15B,$0.06B,36.84%,$0.15B,$0.06B,36.84%,$0.15B,$0.06B,36.84%,$0.15B,$0.06B,36.84%,$0.15B,$0.06B,36.84%,$0.06B,$0.64B,9.26%,$0.06B,$0.64B,9.26%,$0.06B,$1.26B,4.96%,$0.06B,$0.64B,9.26%,$56,$19,$37,$0,$3,$22,$34,$-0,$34,$0,$34,$34,$34,$34,$34,$36,37,$0.93,$0.91,$539,$0,$0,$629,$0,$606,$0,$10,$631,$1260,$139,$0,$478,$485,$624,$4,$154,$0,$636,$1260,$29,$0,$-30,$-30,$-26,$0,$43,$8,$25,$24,$0,$0,$0,$0,$87,$87,$-78,$9,$0,$0,$0,$0,$0,$0,$0,$0,$33,$1,$0
42,2008-03-31,18.6,$16.60,1.12,$4.49,4.14,$-23.85,0.0,$1.37,13.58,$0.43B,$0.14B,3.14,$0.00B,$0.60B,0.0,$0.14B,$0.06B,40.43%,$0.14B,$0.04B,30.50%,$0.14B,$0.04B,30.50%,$0.14B,$0.04B,30.50%,$0.14B,$0.04B,30.50%,$0.14B,$0.04B,30.50%,$0.04B,$0.60B,7.29%,$0.04B,$0.60B,7.29%,$0.04B,$1.06B,4.03%,$0.04B,$0.60B,7.29%,$22,$22,$-0,$0,$4,$27,$-5,$0,$-5,$0,$-5,$-5,$-5,$-5,$-5,$36,36,$-0.13,$-0.13,$333,$0,$0,$427,$0,$607,$0,$10,$632,$1059,$136,$0,$314,$321,$457,$4,$120,$0,$601,$1059,$-5,$0,$5,$5,$-34,$0,$42,$-5,$4,$5,$0,$0,$0,$0,$-99,$-99,$90,$-9,$0,$0,$0,$0,$0,$0,$0,$0,$-5,$1,$0
