,Date,Stock Price,Book Value per Share,Price to Book Ratio,TTM Sales per Share,Price to Sales Ratio,TTM FCF per Share,Price to FCF Ratio,TTM Net EPS,PE Ratio,Current Assets,Current Liabilities,Current Ratio,Long Term Debt,Shareholder's Equity_x,Debt to Equity Ratio,TTM Revenue_x,TTM Gross Profit,Gross Margin,TTM Revenue_y,TTM Operating Income,Operating Margin,TTM Revenue_x,TTM EBIT,EBIT Margin,TTM Revenue_y,TTM EBITDA,EBITDA Margin,TTM Revenue_x,TTM Pre-Tax Income,Pre-Tax Margin,TTM Revenue_y,TTM Net Income_x,Net Margin,TTM Net Income_y,Shareholder's Equity_y,Return on Equity,TTM Net Income_x,Tangible Equity,Return on Tangible Equity,TTM Net Income_y,Total Assets,Return on Assets,TTM Net Income,LT Investments & Debt,Return on Investment,revenue,cost-goods-sold,gross-profit,research-development-expenses,selling-general-administrative-expenses,operating-expenses,operating-income,total-non-operating-income-expense,pre-tax-income,total-provision-income-taxes,income-after-taxes,income-from-continuous-operations,net-income,ebitda,ebit,basic-shares-outstanding,shares-outstanding,eps-basic-net-earnings-per-share,eps-earnings-per-share-diluted,cash-on-hand,inventory,other-current-assets,total-current-assets,net-property-plant-equipment,long-term-investments,goodwill-intangible-assets-total,other-long-term-assets,total-long-term-assets,total-assets,total-current-liabilities,long-term-debt,other-non-current-liabilities,total-long-term-liabilities,total-liabilities,common-stock-net,retained-earnings-accumulated-deficit,comprehensive-income,total-share-holder-equity,total-liabilities-share-holders-equity,net-income-loss,total-depreciation-amortization-cash-flow,other-non-cash-items,total-non-cash-items,change-in-accounts-receivable,change-in-inventories,change-in-accounts-payable,change-in-assets-liabilities,total-change-in-assets-liabilities,cash-flow-from-operating-activities,net-change-in-property-plant-equipment,net-change-in-intangible-assets,net-acquisitions-divestitures,net-change-in-short-term-investments,net-change-in-long-term-investments,net-change-in-investments-total,investing-activities-other,cash-flow-from-investing-activities,net-long-term-debt,net-current-debt,debt-issuance-retirement-net-total,net-common-equity-issued-repurchased,net-total-equity-issued-repurchased,total-common-preferred-stock-dividends-paid,financial-activities-other,cash-flow-from-financial-activities,net-cash-flow,stock-based-compensation,common-stock-dividends-paid
0,2018-09-30,19.11,$13.86,1.38,$36.97,0.52,$-2.86,0.0,$-0.27,0.0,$0.74B,$0.33B,2.24,$0.64B,$0.61B,1.05,$1.64B,$0.17B,10.46%,$1.64B,$0.04B,2.26%,$1.64B,$0.04B,2.26%,$1.64B,$0.12B,7.28%,$1.64B,$0.02B,1.04%,$1.64B,$-0.11B,-6.54%,$-0.11B,$0.61B,-15.69%,$-0.11B,$0.47B,-19.70%,$-0.11B,$1.75B,-6.13%,$0.04B,$1.24B,3.06%,$210,$180,$30,$0,$26,$206,$4,$-2,$3,$3,$-1,$-1,$-96,$-0,$4,$44,44,$-2.19,$-2.19,$234,$171,$188,$741,$498,$0,$133,$379,$1010,$1751,$330,$635,$121,$813,$1144,$1,$856,$-155,$607,$1751,$-98,$36,$98,$133,$-10,$-40,$-2,$-3,$-52,$-16,$-30,$0,$0,$0,$0,$0,$-0,$-30,$166,$0,$166,$0,$0,$-17,$-1,$148,$118,$5,$-17
1,2018-06-30,19.46,$15.69,1.24,$36.93,0.53,$-2.64,0.0,0,0.0,$0.60B,$0.34B,1.79,$0.51B,$0.69B,0.74,$1.64B,$0.18B,10.89%,$1.64B,$0.04B,2.63%,$1.64B,$0.04B,2.63%,$1.64B,$0.13B,7.65%,$1.64B,$0.02B,1.28%,$1.64B,$0.00B,0.06%,$0.00B,$0.69B,0.14%,$0.00B,$0.55B,0.18%,$0.00B,$1.74B,0.06%,$0.04B,$1.20B,3.61%,$407,$385,$22,$0,$32,$416,$-9,$-6,$-15,$-8,$-7,$-7,$-7,$11,$-9,$44,44,$-0.17,$-0.17,$107,$271,$0,$604,$844,$0,$135,$153,$1133,$1737,$337,$510,$127,$713,$1050,$1,$958,$-175,$687,$1737,$-2,$40,$-8,$32,$-17,$-23,$15,$-2,$-31,$0,$-35,$0,$0,$0,$0,$0,$-0,$-35,$41,$0,$41,$0,$0,$-11,$-1,$29,$-9,$4,$-11
2,2018-03-31,20.26,$16.57,1.22,$36.55,0.55,$-2.82,0.0,$0.04,506.57,$0.61B,$0.34B,1.8,$0.49B,$0.72B,0.68,$1.62B,$0.19B,11.51%,$1.62B,$0.05B,3.09%,$1.62B,$0.05B,3.09%,$1.62B,$0.13B,8.04%,$1.62B,$0.03B,1.86%,$1.62B,$0.00B,0.12%,$0.00B,$0.72B,0.28%,$0.00B,$0.58B,0.35%,$0.00B,$1.77B,0.12%,$0.05B,$1.22B,4.27%,$412,$363,$49,$0,$37,$399,$13,$-5,$8,$3,$6,$6,$6,$33,$13,$44,45,$0.13,$0.13,$117,$263,$0,$609,$871,$0,$144,$141,$1156,$1765,$339,$494,$123,$702,$1041,$1,$971,$-149,$724,$1765,$6,$20,$-1,$19,$-7,$-8,$4,$-2,$-17,$8,$-25,$0,$0,$0,$0,$0,$-0,$-25,$22,$0,$22,$0,$0,$-6,$-1,$16,$1,$2,$-6
3,2017-12-31,21.04,$16.25,1.29,$36.11,0.58,$-3.09,0.0,$0.17,123.74,$0.59B,$0.35B,1.69,$0.47B,$0.71B,0.66,$1.60B,$0.19B,12.09%,$1.60B,$0.06B,3.63%,$1.60B,$0.06B,3.63%,$1.60B,$0.14B,8.46%,$1.60B,$0.04B,2.51%,$1.60B,$0.01B,0.50%,$0.01B,$0.71B,1.15%,$0.01B,$0.57B,1.44%,$0.01B,$1.73B,0.48%,$0.06B,$1.18B,5.12%,$606,$536,$70,$0,$41,$577,$29,$-8,$21,$24,$-3,$-3,$-10,$75,$29,$44,44,$-0.24,$-0.22,$116,$136,$190,$585,$515,$0,$142,$489,$1146,$1731,$347,$470,$121,$675,$1022,$1,$948,$-141,$709,$1731,$8,$77,$30,$107,$-10,$9,$13,$-6,$-11,$104,$-132,$0,$0,$0,$0,$0,$-0,$-132,$100,$0,$100,$0,$0,$-22,$4,$82,$61,$6,$-22
4,2017-09-30,18.95,$16.30,1.16,$31.37,0.6,$-3.46,0.0,$0.03,631.83,$0.57B,$0.34B,1.7,$0.46B,$0.71B,0.65,$1.38B,$0.18B,13.02%,$1.38B,0,0.00%,$1.38B,0,0.00%,$1.38B,$0.05B,3.40%,$1.38B,$-0.01B,-1.01%,$1.38B,$0.00B,0.14%,$0.00B,$0.71B,0.29%,$0.00B,$0.57B,0.37%,$0.00B,$1.70B,0.12%,$0.00B,$1.17B,0.00%,$210,$173,$37,$0,$27,$200,$10,$-4,$7,$2,$5,$5,$12,$6,$10,$44,44,$0.28,$0.27,$84,$257,$0,$571,$856,$0,$141,$129,$1125,$1697,$336,$459,$126,$650,$986,$1,$964,$-154,$711,$1697,$18,$31,$-6,$25,$-16,$-4,$6,$-6,$-23,$21,$-58,$0,$0,$0,$0,$0,$-0,$-58,$90,$0,$90,$0,$0,$-17,$-0,$73,$29,$4,$-17
5,2017-06-30,19.04,$15.72,1.21,$35.83,0.53,$-3.92,0.0,$0.20,95.21,$0.54B,$0.34B,1.59,$0.43B,$0.69B,0.63,$1.58B,$0.20B,12.91%,$1.58B,$0.02B,0.95%,$1.58B,$0.02B,0.95%,$1.58B,$0.08B,5.25%,$1.58B,$-0.00B,0.00%,$1.58B,$0.01B,0.63%,$0.01B,$0.69B,1.48%,$0.01B,$0.55B,1.85%,$0.01B,$1.64B,0.64%,$0.02B,$1.12B,1.41%,$388,$359,$30,$0,$32,$390,$-2,$-4,$-6,$-0,$-6,$-6,$-6,$16,$-2,$44,44,$-0.13,$-0.13,$69,$262,$0,$540,$838,$0,$137,$126,$1102,$1642,$340,$431,$125,$617,$957,$1,$957,$-171,$685,$1642,$6,$36,$7,$43,$-13,$-5,$7,$-3,$-20,$29,$-71,$0,$0,$0,$0,$0,$0,$-71,$64,$0,$64,$0,$0,$-11,$-0,$52,$14,$3,$-11
6,2017-03-31,21.05,$15.35,1.37,$36.20,0.58,$-3.95,0.0,$0.37,56.88,$0.52B,$0.32B,1.61,$0.40B,$0.67B,0.6,$1.60B,$0.22B,13.56%,$1.60B,$0.02B,1.44%,$1.60B,$0.02B,1.44%,$1.60B,$0.09B,5.63%,$1.60B,$0.01B,0.50%,$1.60B,$0.02B,1.13%,$0.02B,$0.67B,2.68%,$0.02B,$0.54B,3.34%,$0.02B,$1.58B,1.17%,$0.02B,$1.07B,2.20%,$392,$336,$56,$0,$35,$371,$21,$-3,$18,$6,$12,$12,$12,$38,$21,$44,44,$0.27,$0.26,$57,$261,$0,$517,$804,$0,$130,$124,$1058,$1575,$321,$400,$127,$585,$906,$1,$969,$-197,$669,$1575,$12,$18,$4,$22,$-11,$-10,$3,$1,$-26,$8,$-37,$0,$0,$0,$0,$0,$0,$-37,$36,$0,$36,$0,$0,$-5,$-0,$30,$2,$2,$-5
7,2016-12-31,22.99,$15.01,1.53,$36.57,0.63,$-4.02,0.0,$0.48,47.89,$0.49B,$0.32B,1.53,$0.36B,$0.65B,0.56,$1.61B,$0.22B,13.59%,$1.61B,$0.03B,1.74%,$1.61B,$0.03B,1.74%,$1.61B,$0.10B,5.90%,$1.61B,$0.01B,0.68%,$1.61B,$0.02B,1.37%,$0.02B,$0.65B,3.24%,$0.02B,$0.52B,4.07%,$0.02B,$1.52B,1.44%,$0.03B,$1.02B,2.69%,$393,$336,$57,$0,$86,$422,$-29,$-4,$-33,$-17,$-16,$-16,$-16,$-13,$-29,$44,44,$-0.38,$-0.36,$55,$250,$0,$494,$776,$0,$129,$122,$1027,$1521,$323,$364,$126,$544,$867,$1,$963,$-205,$654,$1521,$22,$67,$-5,$62,$8,$-11,$-8,$-0,$32,$116,$-160,$0,$0,$0,$0,$0,$-1,$-161,$14,$0,$14,$0,$0,$-22,$5,$-3,$-50,$6,$-22
8,2016-09-30,20.75,$15.88,1.31,$37.10,0.56,$-1.69,0.0,$1.63,12.73,$0.53B,$0.32B,1.68,$0.37B,$0.69B,0.53,$1.63B,$0.22B,13.47%,$1.63B,$0.11B,6.49%,$1.63B,$0.11B,6.49%,$1.63B,$0.17B,10.59%,$1.63B,$0.09B,5.39%,$1.63B,$0.07B,4.41%,$0.07B,$0.69B,10.58%,$0.07B,$0.55B,13.31%,$0.07B,$1.55B,4.72%,$0.11B,$1.06B,10.20%,$407,$345,$61,$0,$36,$381,$25,$-4,$21,$1,$20,$20,$20,$42,$25,$44,44,$0.45,$0.44,$51,$263,$0,$530,$771,$0,$138,$115,$1025,$1554,$316,$368,$106,$546,$863,$1,$985,$-186,$692,$1554,$38,$51,$3,$53,$-13,$-18,$-10,$-2,$-32,$59,$-117,$0,$0,$0,$0,$0,$-0,$-117,$15,$-1,$15,$0,$0,$-16,$4,$3,$-55,$4,$-16
9,2016-06-30,18.62,$15.53,1.2,$37.49,0.5,$-0.40,0.0,$1.50,12.41,$0.53B,$0.31B,1.69,$0.36B,$0.68B,0.53,$1.65B,$0.22B,13.30%,$1.65B,$0.10B,6.13%,$1.65B,$0.10B,6.13%,$1.65B,$0.17B,10.14%,$1.65B,$0.08B,5.04%,$1.65B,$0.07B,4.01%,$0.07B,$0.68B,9.87%,$0.07B,$0.54B,12.51%,$0.07B,$1.53B,4.34%,$0.10B,$1.04B,9.79%,$408,$366,$43,$0,$37,$403,$6,$-4,$2,$-0,$2,$2,$2,$23,$6,$44,44,$0.05,$0.04,$59,$258,$0,$525,$748,$0,$139,$114,$1001,$1525,$311,$358,$104,$538,$849,$1,$970,$-186,$676,$1525,$18,$34,$2,$36,$-8,$-12,$-3,$1,$-18,$37,$-80,$0,$0,$0,$0,$0,$-0,$-81,$4,$0,$4,$0,$0,$-11,$3,$-3,$-47,$3,$-11
10,2016-03-31,19.6,$15.86,1.24,$37.56,0.52,$0.23,87.12,$1.52,12.9,$0.53B,$0.29B,1.83,$0.36B,$0.69B,0.52,$1.65B,$0.21B,12.66%,$1.65B,$0.10B,6.00%,$1.65B,$0.10B,6.00%,$1.65B,$0.16B,9.93%,$1.65B,$0.08B,4.91%,$1.65B,$0.07B,4.06%,$0.07B,$0.69B,10.16%,$0.07B,$0.55B,12.98%,$0.07B,$1.52B,4.40%,$0.10B,$1.05B,9.63%,$403,$345,$58,$0,$32,$377,$26,$-5,$21,$5,$16,$16,$16,$43,$26,$44,44,$0.37,$0.37,$70,$256,$0,$529,$736,$0,$144,$113,$993,$1521,$289,$356,$104,$542,$831,$1,$974,$-175,$690,$1521,$16,$17,$4,$21,$2,$-6,$-16,$-2,$-26,$11,$-43,$0,$0,$0,$0,$0,$-0,$-44,$-2,$0,$-2,$0,$0,$-5,$3,$-4,$-35,$1,$-5
11,2015-12-31,17.33,$15.28,1.13,$37.93,0.46,$0.57,30.59,$1.47,11.79,$0.55B,$0.30B,1.82,$0.35B,$0.66B,0.53,$1.67B,$0.20B,12.17%,$1.67B,$0.10B,5.76%,$1.67B,$0.10B,5.76%,$1.67B,$0.16B,9.65%,$1.67B,$0.08B,4.74%,$1.67B,$0.07B,3.90%,$0.07B,$0.66B,10.11%,$0.07B,$0.52B,13.01%,$0.07B,$1.50B,4.29%,$0.10B,$1.02B,9.43%,$415,$356,$58,$0,$28,$366,$49,$-5,$44,$10,$34,$34,$34,$65,$49,$43,44,$0.79,$0.78,$105,$247,$0,$552,$699,$0,$139,$110,$948,$1500,$304,$353,$103,$533,$837,$1,$963,$-190,$663,$1500,$65,$64,$-7,$57,$-13,$-8,$26,$9,$12,$134,$-75,$0,$-0,$0,$0,$0,$-2,$-77,$-26,$0,$-26,$0,$0,$-20,$-2,$-48,$5,$7,$-20
12,2015-09-30,15.97,$14.89,1.07,$38.42,0.42,$0.12,138.27,$1.14,14.01,$0.56B,$0.29B,1.91,$0.38B,$0.65B,0.59,$1.69B,$0.20B,12.01%,$1.69B,$0.08B,4.56%,$1.69B,$0.08B,4.56%,$1.69B,$0.14B,8.46%,$1.69B,$0.06B,3.49%,$1.69B,$0.05B,3.02%,$0.05B,$0.65B,7.98%,$0.05B,$0.50B,10.39%,$0.05B,$1.54B,3.33%,$0.08B,$1.03B,7.51%,$421,$361,$60,$0,$40,$401,$20,$-4,$16,$2,$14,$14,$14,$36,$20,$43,44,$0.31,$0.31,$74,$248,$0,$559,$697,$0,$144,$137,$978,$1538,$292,$382,$117,$599,$892,$1,$934,$-176,$646,$1538,$30,$48,$7,$56,$-22,$-6,$6,$1,$-15,$71,$-71,$0,$-0,$0,$0,$0,$-2,$-73,$-5,$0,$-5,$0,$0,$-15,$-2,$-22,$-26,$6,$-15
13,2015-06-30,20.39,$14.74,1.38,$39.44,0.52,$-0.36,0.0,$1.52,13.42,$0.56B,$0.29B,1.93,$0.38B,$0.64B,0.6,$1.74B,$0.22B,12.91%,$1.74B,$0.10B,5.82%,$1.74B,$0.10B,5.82%,$1.74B,$0.17B,9.68%,$1.74B,$0.08B,4.73%,$1.74B,$0.07B,3.86%,$0.07B,$0.64B,10.31%,$0.07B,$0.49B,13.53%,$0.07B,$1.53B,4.34%,$0.10B,$1.02B,9.69%,$412,$379,$33,$0,$29,$408,$4,$-4,$-0,$-3,$3,$3,$3,$20,$4,$43,44,$0.07,$0.06,$66,$252,$0,$556,$694,$0,$147,$134,$975,$1530,$288,$383,$118,$603,$892,$1,$926,$-173,$639,$1530,$17,$32,$7,$39,$-21,$-9,$-1,$-3,$-31,$26,$-42,$0,$0,$0,$0,$0,$-2,$-43,$-3,$0,$-3,$0,$0,$-10,$-2,$-15,$-34,$4,$-10
14,2015-03-31,25.39,$14.40,1.76,$40.21,0.63,$-1.11,0.0,$1.57,16.17,$0.55B,$0.26B,2.13,$0.38B,$0.62B,0.61,$1.77B,$0.23B,13.11%,$1.77B,$0.11B,6.11%,$1.77B,$0.11B,6.11%,$1.77B,$0.18B,10.01%,$1.77B,$0.09B,4.97%,$1.77B,$0.07B,3.90%,$0.07B,$0.62B,10.40%,$0.07B,$0.48B,13.83%,$0.07B,$1.49B,4.40%,$0.11B,$1.00B,10.16%,$420,$367,$52,$0,$31,$396,$23,$-5,$19,$5,$14,$14,$14,$40,$23,$43,44,$0.32,$0.32,$72,$244,$0,$550,$663,$0,$142,$133,$938,$1487,$258,$380,$126,$606,$864,$1,$928,$-190,$623,$1487,$14,$16,$3,$19,$-14,$-5,$-8,$-0,$-31,$2,$-19,$0,$0,$0,$0,$0,$-2,$-21,$-1,$0,$-1,$0,$0,$-5,$-1,$-7,$-28,$2,$-5
15,2014-12-31,23.48,$15.08,1.56,$41.05,0.57,$-1.27,0.0,$1.58,14.86,$0.58B,$0.28B,2.05,$0.40B,$0.65B,0.62,$1.81B,$0.24B,12.98%,$1.81B,$0.11B,5.91%,$1.81B,$0.11B,5.91%,$1.81B,$0.18B,9.83%,$1.81B,$0.09B,4.81%,$1.81B,$0.07B,3.87%,$0.07B,$0.65B,10.27%,$0.07B,$0.49B,13.86%,$0.07B,$1.56B,4.35%,$0.11B,$1.05B,9.79%,$437,$379,$58,$0,$29,$408,$30,$-5,$24,$5,$20,$20,$20,$47,$30,$43,44,$0.44,$0.44,$100,$249,$0,$575,$698,$0,$161,$128,$987,$1562,$280,$399,$130,$633,$912,$1,$919,$-155,$649,$1562,$69,$72,$2,$74,$-5,$-21,$-4,$0,$-44,$100,$-61,$0,$-8,$0,$0,$0,$-1,$-70,$-18,$0,$-18,$-12,$-12,$-19,$-2,$-51,$-23,$8,$-19
16,2014-09-30,19.97,$16.03,1.25,$40.95,0.49,$-0.51,0.0,$1.50,13.32,$0.55B,$0.25B,2.2,$0.41B,$0.69B,0.59,$1.81B,$0.23B,12.78%,$1.81B,$0.10B,5.59%,$1.81B,$0.10B,5.59%,$1.81B,$0.17B,9.62%,$1.81B,$0.08B,4.59%,$1.81B,$0.07B,3.65%,$0.07B,$0.69B,9.56%,$0.07B,$0.52B,13.04%,$0.07B,$1.60B,4.03%,$0.10B,$1.10B,9.08%,$466,$385,$81,$0,$38,$422,$44,$-5,$39,$9,$30,$30,$30,$61,$44,$43,44,$0.71,$0.69,$54,$248,$0,$554,$692,$0,$168,$183,$1043,$1597,$252,$406,$120,$657,$909,$1,$905,$-99,$688,$1597,$50,$55,$5,$60,$-36,$-20,$-26,$-1,$-88,$21,$-43,$0,$0,$0,$0,$0,$-1,$-44,$13,$-31,$-18,$-12,$-12,$-14,$-2,$-46,$-69,$6,$-14
17,2014-06-30,24.14,$16.14,1.5,$40.65,0.59,$0.21,113.87,$1.58,15.28,$0.54B,$0.26B,2.05,$0.41B,$0.69B,0.6,$1.80B,$0.22B,12.00%,$1.80B,$0.09B,4.94%,$1.80B,$0.09B,4.94%,$1.80B,$0.16B,9.06%,$1.80B,$0.07B,3.94%,$1.80B,$0.07B,3.89%,$0.07B,$0.69B,10.48%,$0.07B,$0.51B,13.32%,$0.07B,$1.63B,4.32%,$0.09B,$1.11B,8.11%,$446,$405,$41,$0,$32,$436,$11,$-5,$6,$1,$5,$5,$5,$29,$11,$43,44,$0.11,$0.11,$28,$258,$0,$542,$720,$0,$187,$181,$1088,$1630,$264,$414,$120,$674,$938,$1,$879,$-69,$693,$1630,$19,$38,$2,$39,$-24,$-22,$-17,$-7,$-80,$-21,$-28,$0,$0,$0,$0,$0,$-0,$-28,$0,$-25,$-25,$-9,$-9,$-9,$-2,$-46,$-95,$4,$-9
18,2014-03-31,24.57,$16.18,1.52,$40.19,0.61,$1.04,23.55,$1.49,16.49,$0.56B,$0.27B,2.11,$0.43B,$0.70B,0.61,$1.78B,$0.22B,12.13%,$1.78B,$0.08B,4.72%,$1.78B,$0.08B,4.72%,$1.78B,$0.16B,8.82%,$1.78B,$0.07B,3.76%,$1.78B,$0.07B,3.71%,$0.07B,$0.70B,10.45%,$0.07B,$0.51B,12.31%,$0.07B,$1.65B,4.16%,$0.08B,$1.12B,7.88%,$461,$406,$55,$0,$34,$439,$22,$-5,$18,$3,$15,$15,$15,$41,$22,$43,44,$0.34,$0.33,$75,$248,$0,$563,$718,$0,$190,$178,$1086,$1649,$267,$425,$122,$685,$952,$1,$879,$-72,$697,$1649,$15,$19,$0,$19,$-11,$-12,$-6,$-3,$-44,$-10,$-14,$0,$0,$0,$0,$0,$0,$-14,$-18,$0,$-18,$-1,$-1,$-4,$-1,$-24,$-48,$2,$-4
19,2013-12-31,24.95,$15.87,1.57,$39.05,0.64,$1.23,20.34,$1.52,16.41,$0.59B,$0.29B,2.03,$0.44B,$0.68B,0.65,$1.73B,$0.22B,12.64%,$1.73B,$0.09B,4.99%,$1.73B,$0.09B,4.99%,$1.73B,$0.16B,9.04%,$1.73B,$0.07B,4.00%,$1.73B,$0.07B,3.88%,$0.07B,$0.68B,11.28%,$0.07B,$0.49B,12.28%,$0.07B,$1.68B,4.53%,$0.09B,$1.13B,8.73%,$435,$381,$54,$0,$31,$411,$24,$-5,$20,$3,$16,$16,$16,$43,$24,$43,44,$0.39,$0.37,$123,$236,$0,$587,$723,$0,$192,$176,$1092,$1678,$288,$442,$122,$706,$994,$1,$869,$-75,$684,$1678,$67,$70,$7,$76,$-1,$3,$25,$0,$30,$174,$-101,$0,$-211,$0,$0,$0,$-0,$-312,$182,$0,$182,$0,$0,$-17,$-2,$163,$25,$7,$-17
20,2013-09-30,24.25,$13.81,1.76,$38.23,0.63,$1.06,22.82,$1.31,18.51,$0.54B,$0.26B,2.06,$0.44B,$0.60B,0.73,$1.68B,$0.22B,12.89%,$1.68B,$0.08B,4.99%,$1.68B,$0.08B,4.99%,$1.68B,$0.16B,9.21%,$1.68B,$0.06B,3.57%,$1.68B,$0.06B,3.45%,$0.06B,$0.60B,10.40%,$0.06B,$0.60B,10.52%,$0.06B,$1.53B,4.23%,$0.08B,$1.04B,9.33%,$458,$392,$66,$0,$34,$426,$32,$-5,$27,$-7,$34,$34,$34,$50,$32,$43,44,$0.79,$0.77,$64,$230,$0,$542,$714,$0,$0,$275,$990,$1531,$263,$439,$137,$670,$934,$1,$857,$-147,$598,$1531,$51,$51,$4,$55,$-23,$7,$5,$-1,$-10,$96,$-86,$0,$-211,$0,$0,$0,$-0,$-297,$56,$126,$182,$0,$0,$-13,$-2,$167,$-34,$6,$-13
21,2013-06-30,22.4,$12.73,1.76,$37.20,0.6,$1.12,20.01,$1.00,22.4,$0.51B,$0.26B,1.99,$0.43B,$0.55B,0.79,$1.63B,$0.21B,12.88%,$1.63B,$0.08B,5.09%,$1.63B,$0.08B,5.09%,$1.63B,$0.15B,9.44%,$1.63B,$0.06B,3.68%,$1.63B,$0.04B,2.70%,$0.04B,$0.55B,8.08%,$0.04B,$0.55B,8.17%,$0.04B,$1.48B,3.43%,$0.08B,$0.98B,9.97%,$426,$386,$41,$0,$35,$420,$6,$-4,$2,$1,$1,$1,$1,$23,$6,$43,44,$0.02,$0.02,$45,$232,$0,$513,$697,$0,$0,$272,$969,$1482,$258,$433,$147,$676,$934,$1,$827,$-165,$548,$1482,$17,$33,$9,$42,$-20,$2,$7,$7,$-10,$48,$-61,$0,$-211,$0,$0,$0,$-0,$-272,$56,$126,$182,$0,$0,$-8,$-2,$171,$-53,$4,$-8
22,2013-03-31,20.78,$12.69,1.64,$36.42,0.57,$1.52,13.67,$1.29,16.11,$0.50B,$0.23B,2.19,$0.25B,$0.55B,0.46,$1.59B,$0.21B,13.20%,$1.59B,$0.10B,5.97%,$1.59B,$0.10B,5.97%,$1.59B,$0.17B,10.43%,$1.59B,$0.07B,4.53%,$1.59B,$0.06B,3.52%,$0.06B,$0.55B,10.43%,$0.06B,$0.55B,10.56%,$0.06B,$1.23B,4.66%,$0.10B,$0.80B,12.32%,$406,$349,$57,$0,$33,$382,$24,$-3,$20,$5,$16,$16,$16,$40,$24,$43,44,$0.36,$0.36,$76,$221,$0,$501,$618,$0,$0,$106,$724,$1225,$229,$250,$142,$451,$680,$1,$831,$-172,$545,$1225,$16,$16,$6,$22,$-19,$-2,$2,$8,$-22,$16,$-31,$0,$0,$0,$0,$0,$-0,$-31,$-0,$0,$-0,$0,$0,$-4,$-1,$-5,$-21,$2,$-4
23,2012-12-31,15.46,$12.61,1.23,$36.36,0.43,$1.77,8.72,$1.36,11.37,$0.52B,$0.25B,2.07,$0.25B,$0.54B,0.46,$1.58B,$0.21B,13.51%,$1.58B,$0.10B,6.44%,$1.58B,$0.10B,6.44%,$1.58B,$0.17B,10.98%,$1.58B,$0.08B,4.99%,$1.58B,$0.06B,3.72%,$0.06B,$0.54B,11.13%,$0.06B,$0.52B,11.26%,$0.06B,$1.24B,4.98%,$0.10B,$0.79B,13.47%,$393,$340,$53,$0,$32,$371,$22,$-11,$11,$4,$7,$7,$7,$42,$22,$43,44,$0.17,$0.16,$98,$222,$0,$519,$621,$0,$25,$78,$724,$1243,$251,$250,$140,$452,$703,$1,$820,$-164,$540,$1243,$59,$73,$5,$78,$-3,$-13,$7,$-23,$-24,$113,$-48,$0,$0,$0,$0,$0,$-0,$-49,$13,$0,$13,$-6,$-6,$-16,$3,$-5,$59,$7,$-16
24,2012-09-30,15.67,$12.74,1.23,$35.95,0.44,$3.00,5.23,$1.42,11.03,$0.46B,$0.23B,2.03,$0.22B,$0.55B,0.4,$1.58B,$0.22B,13.57%,$1.58B,$0.10B,6.50%,$1.58B,$0.10B,6.50%,$1.58B,$0.18B,11.36%,$1.58B,$0.08B,4.80%,$1.58B,$0.06B,3.91%,$0.06B,$0.55B,11.98%,$0.06B,$0.55B,11.98%,$0.06B,$1.18B,5.35%,$0.10B,$0.77B,13.94%,$406,$347,$59,$0,$29,$375,$31,$-4,$27,$7,$20,$20,$20,$49,$31,$43,44,$0.47,$0.46,$28,$223,$0,$464,$607,$0,$0,$114,$720,$1184,$228,$219,$125,$410,$638,$1,$817,$-154,$546,$1184,$52,$52,$-16,$36,$-26,$-14,$3,$-17,$-40,$48,$-36,$0,$0,$0,$0,$0,$-0,$-36,$-8,$0,$-8,$-3,$-3,$-12,$0,$-22,$-10,$5,$-12
25,2012-06-30,14.32,$12.10,1.18,$35.79,0.4,$3.61,3.97,$1.24,11.55,$0.45B,$0.23B,1.95,$0.22B,$0.52B,0.42,$1.60B,$0.21B,13.21%,$1.60B,$0.10B,6.01%,$1.60B,$0.10B,6.01%,$1.60B,$0.17B,10.83%,$1.60B,$0.07B,4.20%,$1.60B,$0.06B,3.44%,$0.06B,$0.52B,10.56%,$0.06B,$0.52B,10.56%,$0.06B,$1.16B,4.59%,$0.10B,$0.73B,12.46%,$386,$345,$41,$0,$30,$369,$18,$-4,$14,$0,$13,$13,$13,$35,$18,$43,44,$0.31,$0.31,$23,$227,$0,$445,$595,$0,$0,$115,$710,$1155,$229,$218,$138,$410,$639,$1,$800,$-166,$516,$1155,$32,$35,$-17,$17,$-13,$-21,$10,$3,$-21,$29,$-23,$0,$0,$0,$0,$0,$0,$-23,$0,$-9,$-9,$-3,$-3,$-8,$0,$-20,$-15,$3,$-8
26,2012-03-31,13.73,$12.11,1.13,$35.50,0.39,$4.00,3.43,$0.98,14.01,$0.43B,$0.21B,2.11,$0.22B,$0.52B,0.43,$1.61B,$0.21B,12.91%,$1.61B,$0.08B,5.21%,$1.61B,$0.08B,5.21%,$1.61B,$0.16B,10.06%,$1.61B,$0.05B,3.29%,$1.61B,$0.05B,2.79%,$0.05B,$0.52B,8.36%,$0.05B,$0.52B,8.36%,$0.05B,$1.16B,3.57%,$0.08B,$0.74B,10.29%,$399,$338,$61,$0,$30,$368,$31,$-4,$27,$8,$19,$19,$19,$48,$31,$43,43,$0.44,$0.43,$25,$219,$0,$432,$608,$0,$0,$115,$723,$1156,$205,$222,$139,$433,$638,$1,$791,$-155,$518,$1156,$19,$17,$11,$28,$-13,$-10,$-2,$2,$-37,$10,$-14,$0,$0,$0,$0,$0,$0,$-14,$-5,$0,$-5,$-1,$-1,$-4,$0,$-9,$-13,$2,$-4
27,2011-12-31,12.21,$11.50,1.06,$34.93,0.35,$4.60,2.66,$0.93,13.13,$0.42B,$0.21B,2.0,$0.23B,$0.49B,0.46,$1.61B,$0.21B,12.84%,$1.61B,$0.09B,5.27%,$1.61B,$0.09B,5.27%,$1.61B,$0.16B,10.11%,$1.61B,$0.05B,3.16%,$1.61B,$0.04B,2.67%,$0.04B,$0.49B,7.75%,$0.04B,$0.49B,7.75%,$0.04B,$1.14B,3.26%,$0.09B,$0.72B,9.88%,$393,$340,$54,$0,$30,$370,$23,$-15,$8,$-2,$10,$10,$10,$48,$23,$45,46,$0.22,$0.22,$38,$207,$0,$422,$602,$0,$0,$113,$715,$1137,$211,$227,$138,$435,$647,$1,$776,$-167,$490,$1137,$43,$78,$22,$100,$4,$-7,$14,$-10,$-3,$140,$-17,$0,$0,$0,$0,$0,$0,$-17,$-142,$26,$-116,$-48,$-48,$-17,$0,$-180,$-58,$6,$-17
28,2011-09-30,11.34,$12.81,0.89,$34.49,0.33,$4.75,2.39,$1.04,10.9,$0.52B,$0.21B,2.47,$0.33B,$0.56B,0.6,$1.60B,$0.20B,12.77%,$1.60B,$0.08B,5.13%,$1.60B,$0.08B,5.13%,$1.60B,$0.15B,9.58%,$1.60B,$0.05B,3.38%,$1.60B,$0.05B,3.01%,$0.05B,$0.56B,8.42%,$0.05B,$0.56B,8.42%,$0.05B,$1.35B,3.50%,$0.08B,$0.89B,9.09%,$419,$364,$55,$0,$31,$395,$24,$-6,$18,$5,$13,$13,$13,$42,$24,$45,46,$0.29,$0.28,$98,$208,$0,$516,$606,$0,$0,$228,$834,$1350,$209,$333,$145,$583,$791,$1,$770,$-113,$559,$1350,$33,$54,$39,$93,$-16,$-7,$5,$-18,$-45,$81,$-40,$0,$0,$0,$0,$0,$0,$-40,$0,$-1,$-1,$-26,$-26,$-13,$0,$-39,$2,$4,$-13
29,2011-06-30,13.2,$12.80,1.03,$33.61,0.39,$6.02,2.19,$1.61,8.2,$0.55B,$0.23B,2.37,$0.33B,$0.59B,0.57,$1.56B,$0.21B,13.14%,$1.56B,$0.09B,5.51%,$1.56B,$0.09B,5.51%,$1.56B,$0.16B,10.00%,$1.56B,$0.06B,3.72%,$1.56B,$0.07B,4.74%,$0.07B,$0.59B,13.11%,$0.07B,$0.59B,13.11%,$0.07B,$1.40B,5.42%,$0.09B,$0.92B,9.59%,$400,$363,$38,$0,$31,$394,$6,$-7,$-0,$-3,$3,$3,$3,$24,$6,$46,47,$0.05,$0.05,$108,$222,$0,$547,$624,$0,$0,$230,$854,$1401,$231,$333,$143,$585,$815,$1,$761,$-98,$585,$1401,$20,$36,$31,$67,$-18,$-17,$18,$-17,$-38,$48,$-24,$0,$0,$0,$0,$0,$0,$-24,$0,$-1,$-1,$-4,$-4,$-8,$0,$-13,$13,$3,$-8
30,2011-03-31,11.37,$12.69,0.9,$32.90,0.35,$6.97,1.63,$1.56,7.29,$0.54B,$0.22B,2.47,$0.33B,$0.58B,0.57,$1.53B,$0.20B,13.25%,$1.53B,$0.09B,5.70%,$1.53B,$0.09B,5.70%,$1.53B,$0.16B,10.23%,$1.53B,$0.06B,3.80%,$1.53B,$0.07B,4.66%,$0.07B,$0.58B,13.22%,$0.07B,$0.58B,13.22%,$0.07B,$1.39B,5.33%,$0.09B,$0.92B,10.01%,$400,$340,$60,$0,$32,$368,$32,$-6,$25,$8,$17,$17,$17,$49,$32,$46,46,$0.38,$0.38,$116,$209,$0,$539,$616,$0,$0,$233,$849,$1388,$218,$332,$151,$587,$804,$1,$763,$-104,$584,$1388,$17,$18,$21,$38,$-25,$-4,$10,$-0,$-28,$28,$-5,$0,$0,$0,$0,$0,$0,$-5,$0,$-0,$-0,$0,$0,$-4,$0,$-4,$20,$1,$-4
31,2010-12-31,10.33,$12.02,0.86,$31.72,0.33,$6.78,1.52,$1.17,8.83,$0.50B,$0.21B,2.36,$0.33B,$0.55B,0.6,$1.47B,$0.19B,12.69%,$1.47B,$0.07B,4.43%,$1.47B,$0.07B,4.43%,$1.47B,$0.13B,9.07%,$1.47B,$0.03B,2.25%,$1.47B,$0.05B,3.68%,$0.05B,$0.55B,10.51%,$0.05B,$0.55B,10.51%,$0.05B,$1.34B,4.10%,$0.07B,$0.89B,7.62%,$378,$327,$51,$0,$31,$358,$20,$-9,$11,$-4,$15,$15,$15,$38,$20,$46,46,$0.34,$0.33,$96,$201,$0,$503,$608,$0,$0,$231,$839,$1342,$213,$332,$149,$576,$789,$1,$749,$-121,$552,$1342,$54,$69,$52,$121,$-1,$-8,$21,$-18,$-7,$168,$-36,$0,$-228,$0,$0,$0,$0,$-264,$81,$-3,$78,$4,$4,$-17,$-5,$60,$-40,$6,$-17
32,2010-09-30,10.16,$11.72,0.87,$30.31,0.34,$7.79,1.3,$1.84,5.52,$0.48B,$0.21B,2.31,$0.33B,$0.54B,0.62,$1.40B,$0.22B,15.76%,$1.40B,$0.10B,7.16%,$1.40B,$0.10B,7.16%,$1.40B,$0.17B,11.96%,$1.40B,$0.07B,5.23%,$1.40B,$0.09B,6.09%,$0.09B,$0.54B,16.88%,$0.09B,$0.54B,16.88%,$0.09B,$1.33B,6.64%,$0.10B,$0.87B,12.22%,$382,$327,$56,$0,$28,$354,$28,$-7,$22,$-18,$39,$39,$39,$45,$28,$46,46,$0.86,$0.85,$63,$194,$0,$483,$624,$0,$0,$226,$850,$1333,$209,$332,$165,$587,$795,$1,$738,$-124,$537,$1333,$39,$51,$53,$103,$-19,$1,$21,$-17,$-19,$123,$-23,$0,$-229,$0,$0,$0,$0,$-252,$81,$-3,$78,$0,$0,$-13,$-5,$60,$-72,$4,$-13
33,2010-06-30,8.99,$10.37,0.87,$28.90,0.31,$8.70,1.03,$1.99,4.52,$0.44B,$0.21B,2.13,$0.33B,$0.48B,0.7,$1.33B,$0.25B,18.52%,$1.33B,$0.13B,9.41%,$1.33B,$0.13B,9.41%,$1.33B,$0.19B,14.46%,$1.33B,$0.10B,7.53%,$1.33B,$0.09B,6.93%,$0.09B,$0.48B,19.26%,$0.09B,$0.48B,19.26%,$0.09B,$1.27B,7.54%,$0.13B,$0.81B,16.20%,$365,$329,$35,$0,$29,$358,$7,$-6,$0,$0,$0,$0,$0,$24,$7,$46,46,$0.00,$0.00,$43,$188,$0,$438,$604,$0,$0,$223,$827,$1265,$206,$332,$162,$584,$790,$1,$703,$-150,$475,$1265,$-0,$34,$56,$90,$-18,$-0,$28,$-5,$-7,$83,$-15,$0,$-229,$0,$0,$0,$0,$-244,$81,$2,$83,$0,$0,$-8,$-5,$70,$-93,$3,$-8
34,2010-03-31,12.01,$10.72,1.12,$27.18,0.44,$9.26,1.3,$2.42,4.96,$0.48B,$0.23B,2.14,$0.36B,$0.49B,0.73,$1.24B,$0.27B,21.70%,$1.24B,$0.15B,12.06%,$1.24B,$0.15B,12.06%,$1.24B,$0.22B,17.28%,$1.24B,$0.13B,10.29%,$1.24B,$0.11B,9.00%,$0.11B,$0.49B,24.66%,$0.11B,$0.49B,24.66%,$0.11B,$1.33B,9.62%,$0.15B,$0.85B,20.56%,$341,$297,$44,$0,$35,$331,$10,$-9,$0,$0,$-0,$-0,$-0,$26,$10,$46,46,$-0.01,$-0.01,$27,$195,$0,$483,$626,$0,$0,$223,$849,$1331,$226,$360,$159,$615,$840,$1,$707,$-137,$491,$1331,$-0,$16,$4,$20,$-15,$-2,$18,$-1,$1,$20,$-6,$0,$-233,$0,$0,$0,$0,$-239,$91,$29,$120,$0,$0,$-4,$-3,$113,$-109,$2,$-4
35,2009-12-31,9.94,$11.17,0.89,$26.18,0.38,$8.82,1.13,$2.68,3.71,$0.52B,$0.19B,2.79,$0.24B,$0.51B,0.46,$1.20B,$0.27B,22.49%,$1.20B,$0.16B,13.38%,$1.20B,$0.16B,13.38%,$1.20B,$0.22B,18.65%,$1.20B,$0.14B,11.96%,$1.20B,$0.12B,10.37%,$0.12B,$0.51B,29.74%,$0.12B,$0.51B,29.74%,$0.12B,$1.19B,11.38%,$0.16B,$0.75B,23.66%,$308,$223,$85,$0,$30,$253,$55,$-4,$51,$5,$46,$46,$46,$72,$55,$46,46,$1.00,$1.02,$135,$168,$0,$520,$471,$0,$0,$200,$670,$1190,$186,$237,$160,$493,$680,$1,$712,$-120,$511,$1190,$123,$63,$-79,$-16,$17,$28,$2,$2,$56,$164,$13,$0,$0,$0,$0,$0,$0,$13,$-50,$-9,$-59,$0,$0,$-17,$0,$-75,$103,$5,$-17
36,2009-09-30,9.32,$9.53,0.98,$26.03,0.36,$5.41,1.72,$1.97,4.73,$0.48B,$0.19B,2.5,$0.25B,$0.43B,0.57,$1.19B,$0.23B,19.19%,$1.19B,$0.13B,10.52%,$1.19B,$0.13B,10.52%,$1.19B,$0.19B,15.74%,$1.19B,$0.11B,9.01%,$1.19B,$0.09B,7.66%,$0.09B,$0.43B,24.27%,$0.09B,$0.43B,24.27%,$0.09B,$1.09B,8.62%,$0.13B,$0.68B,19.28%,$314,$232,$82,$0,$29,$261,$53,$-4,$49,$3,$46,$46,$46,$70,$53,$46,46,$1.01,$1.00,$116,$163,$0,$483,$477,$0,$0,$135,$612,$1094,$193,$247,$142,$467,$660,$1,$670,$-153,$434,$1094,$77,$46,$-53,$-7,$0,$34,$0,$6,$49,$120,$22,$0,$0,$0,$0,$0,$0,$22,$-48,$-3,$-50,$0,$0,$-12,$0,$-63,$84,$4,$-12
37,2009-06-30,7.15,$8.36,0.86,$26.68,0.27,$2.25,3.18,$1.44,4.96,$0.42B,$0.18B,2.38,$0.26B,$0.38B,0.68,$1.22B,$0.20B,16.68%,$1.22B,$0.11B,8.87%,$1.22B,$0.11B,8.87%,$1.22B,$0.17B,13.89%,$1.22B,$0.09B,7.40%,$1.22B,$0.07B,5.51%,$0.07B,$0.38B,17.11%,$0.07B,$0.38B,17.11%,$0.07B,$1.04B,6.03%,$0.11B,$0.64B,15.94%,$281,$222,$59,$0,$27,$249,$32,$-5,$28,$8,$20,$20,$20,$47,$32,$46,46,$0.44,$0.43,$78,$178,$0,$422,$484,$0,$0,$133,$618,$1040,$177,$258,$141,$482,$659,$1,$628,$-163,$381,$1040,$31,$29,$-14,$15,$7,$18,$-2,$2,$18,$65,$27,$0,$0,$0,$0,$0,$0,$27,$-42,$2,$-40,$0,$0,$-8,$0,$-48,$46,$2,$-8
38,2009-03-31,4.94,$7.51,0.66,$27.60,0.18,$-0.06,0.0,$1.08,4.58,$0.39B,$0.17B,2.28,$0.30B,$0.34B,0.86,$1.26B,$0.18B,13.98%,$1.26B,$0.08B,6.67%,$1.26B,$0.08B,6.67%,$1.26B,$0.15B,11.60%,$1.26B,$0.07B,5.16%,$1.26B,$0.05B,3.97%,$0.05B,$0.34B,11.80%,$0.05B,$0.34B,11.80%,$0.05B,$1.03B,4.22%,$0.08B,$0.64B,11.63%,$293,$250,$43,$0,$25,$274,$20,$-4,$15,$4,$12,$12,$12,$34,$20,$46,46,$0.25,$0.25,$24,$200,$0,$389,$476,$0,$0,$168,$645,$1034,$171,$295,$137,$521,$692,$1,$612,$-185,$342,$1034,$12,$14,$-4,$10,$-0,$-9,$-5,$5,$-23,$-1,$-5,$0,$0,$0,$0,$0,$0,$-5,$-4,$6,$2,$0,$0,$-4,$0,$-2,$-9,$1,$-4
39,2008-12-31,7.3,$7.54,0.97,$27.93,0.26,$-0.08,0.0,$1.26,5.79,$0.39B,$0.19B,2.06,$0.29B,$0.34B,0.86,$1.27B,$0.18B,13.90%,$1.27B,$0.10B,7.78%,$1.27B,$0.10B,7.78%,$1.27B,$0.16B,12.65%,$1.27B,$0.08B,6.28%,$1.27B,$0.06B,4.56%,$0.06B,$0.34B,12.46%,$0.06B,$0.34B,12.46%,$0.06B,$1.06B,4.60%,$0.10B,$0.64B,12.87%,$300,$256,$44,$0,$24,$280,$20,$-5,$15,$2,$13,$13,$13,$36,$20,$45,46,$0.29,$0.30,$32,$193,$0,$392,$494,$0,$0,$172,$665,$1057,$190,$294,$141,$525,$715,$1,$605,$-176,$343,$1057,$58,$62,$-41,$21,$-18,$-10,$0,$8,$-26,$53,$-33,$0,$0,$0,$0,$0,$0,$-33,$24,$-21,$2,$0,$0,$-16,$1,$-13,$2,$4,$-16
40,2008-09-30,10.55,$11.02,0.96,$27.72,0.38,$1.96,5.39,$2.08,5.07,$0.40B,$0.20B,2.01,$0.30B,$0.50B,0.6,$1.26B,$0.18B,14.01%,$1.26B,$0.17B,13.38%,$1.26B,$0.17B,13.38%,$1.26B,$0.23B,18.13%,$1.26B,$0.15B,11.88%,$1.26B,$0.10B,7.52%,$0.10B,$0.50B,19.05%,$0.10B,$0.50B,19.05%,$0.10B,$1.31B,7.21%,$0.17B,$0.80B,21.01%,$343,$286,$57,$0,$25,$306,$36,$-4,$32,$10,$22,$22,$22,$52,$36,$45,46,$0.48,$0.47,$16,$190,$0,$402,$508,$0,$0,$403,$911,$1314,$200,$299,$124,$614,$814,$1,$596,$-9,$500,$1314,$44,$46,$-36,$11,$-35,$-1,$0,$7,$-37,$18,$-22,$0,$0,$0,$0,$0,$0,$-22,$3,$-1,$2,$1,$1,$-12,$0,$-9,$-14,$4,$-12
41,2008-06-30,10.45,$11.26,0.93,$26.70,0.39,$3.16,3.31,$1.78,5.87,$0.40B,$0.19B,2.1,$0.31B,$0.51B,0.6,$1.21B,$0.17B,13.76%,$1.21B,$0.14B,11.53%,$1.21B,$0.14B,11.53%,$1.21B,$0.20B,16.31%,$1.21B,$0.12B,9.80%,$1.21B,$0.08B,6.67%,$0.08B,$0.51B,17.00%,$0.08B,$0.51B,17.00%,$0.08B,$1.33B,6.26%,$0.14B,$0.82B,17.87%,$323,$291,$32,$0,$25,$315,$8,$-4,$3,$0,$3,$3,$3,$24,$8,$45,46,$0.07,$0.07,$19,$196,$0,$402,$531,$0,$0,$401,$931,$1334,$191,$306,$131,$633,$824,$1,$578,$20,$510,$1334,$23,$31,$-24,$6,$-21,$-1,$-3,$2,$-32,$-3,$-10,$0,$0,$0,$0,$0,$0,$-10,$31,$-22,$9,$1,$1,$-8,$0,$1,$-11,$2,$-8
42,2008-03-31,11.62,$11.26,1.03,$26.03,0.45,$3.74,3.11,$1.75,6.64,$0.41B,$0.19B,2.17,$0.32B,$0.51B,0.62,$1.18B,$0.16B,13.87%,$1.18B,$0.14B,12.10%,$1.18B,$0.14B,12.10%,$1.18B,$0.20B,16.84%,$1.18B,$0.12B,10.15%,$1.18B,$0.08B,6.77%,$0.08B,$0.51B,17.87%,$0.08B,$0.51B,17.87%,$0.08B,$1.34B,6.32%,$0.14B,$0.83B,18.80%,$307,$263,$44,$0,$24,$273,$35,$-4,$30,$10,$20,$20,$20,$49,$35,$45,45,$0.44,$0.43,$38,$198,$0,$414,$525,$0,$0,$397,$922,$1335,$190,$317,$124,$636,$826,$1,$579,$21,$509,$1335,$20,$15,$-25,$-10,$-15,$-2,$2,$0,$-22,$-13,$6,$0,$0,$0,$0,$0,$0,$6,$-18,$36,$18,$0,$0,$-4,$0,$14,$8,$1,$-4
43,2007-12-31,11.7,$10.55,1.11,$25.52,0.46,$3.79,3.09,$1.39,8.42,$0.37B,$0.20B,1.89,$0.30B,$0.48B,0.63,$1.16B,$0.16B,13.56%,$1.16B,$0.12B,10.28%,$1.16B,$0.12B,10.28%,$1.16B,$0.18B,15.11%,$1.16B,$0.10B,8.20%,$1.16B,$0.06B,5.44%,$0.06B,$0.48B,15.07%,$0.06B,$0.48B,15.07%,$0.06B,$1.29B,5.10%,$0.12B,$0.78B,16.13%,$290,$246,$44,$0,$21,$200,$90,$-6,$85,$34,$50,$50,$50,$104,$90,$45,45,$1.13,$1.12,$30,$193,$0,$373,$520,$0,$0,$394,$914,$1287,$198,$301,$123,$613,$811,$1,$564,$4,$476,$1287,$63,$56,$-54,$2,$17,$8,$0,$-1,$35,$100,$13,$0,$-8,$0,$0,$0,$0,$5,$-53,$-38,$-91,$0,$0,$-16,$8,$-99,$8,$4,$-16
44,2007-09-30,11.27,$9.12,1.24,$25.23,0.45,$0.14,81.05,$0.61,18.48,$0.37B,$0.22B,1.71,$0.30B,$0.41B,0.74,$1.14B,$0.15B,13.52%,$1.14B,$0.06B,5.00%,$1.14B,$0.06B,5.00%,$1.14B,$0.11B,9.83%,$1.14B,$0.03B,2.81%,$1.14B,$0.03B,2.46%,$0.03B,$0.41B,7.07%,$0.03B,$0.41B,7.07%,$0.03B,$1.22B,2.29%,$0.06B,$0.71B,7.76%,$294,$247,$47,$0,$42,$287,$7,$-6,$1,$-7,$8,$8,$8,$21,$7,$45,45,$0.17,$0.17,$18,$186,$0,$372,$519,$0,$0,$329,$848,$1220,$218,$303,$123,$591,$809,$1,$517,$-13,$411,$1220,$13,$42,$-4,$38,$-5,$10,$-9,$-1,$7,$58,$-7,$0,$0,$0,$0,$0,$0,$-7,$-44,$-2,$-45,$1,$1,$-12,$0,$-56,$-4,$3,$-12
45,2007-06-30,10.26,$8.76,1.17,$24.93,0.41,$-2.71,0.0,$0.56,18.32,$0.37B,$0.21B,1.8,$0.33B,$0.40B,0.84,$1.13B,$0.15B,12.89%,$1.13B,$0.06B,5.51%,$1.13B,$0.06B,5.51%,$1.13B,$0.12B,10.22%,$1.13B,$0.04B,3.29%,$1.13B,$0.03B,2.22%,$0.03B,$0.40B,6.33%,$0.03B,$0.40B,6.33%,$0.03B,$1.22B,2.03%,$0.06B,$0.73B,8.18%,$291,$262,$29,$0,$24,$280,$11,$-7,$4,$2,$2,$2,$2,$25,$11,$45,45,$0.04,$0.04,$13,$189,$0,$374,$521,$0,$0,$323,$844,$1218,$208,$331,$109,$615,$823,$1,$514,$-25,$395,$1218,$5,$28,$-8,$20,$-6,$5,$-10,$2,$-8,$18,$-5,$0,$0,$0,$0,$0,$0,$-5,$-16,$1,$-16,$1,$1,$-8,$0,$-23,$-9,$2,$-8
46,2007-03-31,11.19,$8.67,1.29,$24.87,0.45,$-4.26,0.0,$0.06,186.48,$0.37B,$0.20B,1.86,$0.34B,$0.39B,0.88,$1.12B,$0.12B,10.92%,$1.12B,$0.03B,2.33%,$1.12B,$0.03B,2.33%,$1.12B,$0.08B,6.98%,$1.12B,$-0.00B,0.00%,$1.12B,$0.00B,0.18%,$0.00B,$0.39B,0.50%,$0.00B,$0.39B,0.50%,$0.00B,$1.22B,0.16%,$0.03B,$0.73B,3.37%,$283,$246,$37,$0,$29,$272,$11,$-6,$5,$2,$3,$3,$3,$25,$11,$45,45,$0.07,$0.07,$10,$197,$0,$373,$523,$0,$0,$322,$845,$1218,$201,$343,$113,$627,$828,$1,$516,$-30,$390,$1218,$3,$14,$-0,$13,$-5,$-4,$-10,$2,$-19,$-2,$-2,$0,$0,$0,$0,$0,$0,$-2,$-11,$7,$-4,$0,$0,$-4,$1,$-7,$-12,$1,$-4
47,2006-12-31,11.57,$8.66,1.33,$22.31,0.52,$-4.40,0.0,$-0.28,0.0,$0.38B,$0.19B,1.94,$0.38B,$0.39B,0.97,$1.00B,$0.11B,10.53%,$1.00B,$-0.00B,-0.10%,$1.00B,$-0.00B,-0.10%,$1.00B,$0.05B,5.02%,$1.00B,$-0.02B,-2.31%,$1.00B,$-0.01B,-1.30%,$-0.01B,$0.39B,-3.21%,$-0.01B,$0.39B,-3.21%,$-0.01B,$1.23B,-1.07%,$-0.00B,$0.76B,-0.13%,$271,$230,$41,$0,$26,$243,$28,$-6,$22,$7,$15,$15,$15,$41,$28,$45,45,$0.34,$0.34,$22,$192,$0,$375,$529,$0,$0,$322,$851,$1226,$193,$375,$86,$644,$837,$1,$519,$-32,$388,$1226,$-12,$50,$-8,$42,$-18,$-9,$0,$-32,$-59,$-28,$-23,$0,$-158,$0,$0,$0,$0,$-182,$139,$43,$181,$0,$0,$-16,$8,$173,$-35,$2,$-16
