,Date,Stock Price,Book Value per Share,Price to Book Ratio,TTM Sales per Share,Price to Sales Ratio,TTM FCF per Share,Price to FCF Ratio,TTM Net EPS,PE Ratio,Current Assets,Current Liabilities,Current Ratio,Long Term Debt,Shareholder's Equity_x,Debt to Equity Ratio,TTM Revenue_x,TTM Gross Profit,Gross Margin,TTM Revenue_y,TTM Operating Income,Operating Margin,TTM Revenue_x,TTM EBIT,EBIT Margin,TTM Revenue_y,TTM EBITDA,EBITDA Margin,TTM Revenue_x,TTM Pre-Tax Income,Pre-Tax Margin,TTM Revenue_y,TTM Net Income_x,Net Margin,TTM Net Income_y,Shareholder's Equity_y,Return on Equity,TTM Net Income_x,Tangible Equity,Return on Tangible Equity,TTM Net Income_y,Total Assets,Return on Assets,TTM Net Income,LT Investments & Debt,Return on Investment,revenue,cost-goods-sold,gross-profit,research-development-expenses,selling-general-administrative-expenses,operating-expenses,operating-income,total-non-operating-income-expense,pre-tax-income,total-provision-income-taxes,income-after-taxes,income-from-continuous-operations,net-income,ebitda,ebit,basic-shares-outstanding,shares-outstanding,eps-basic-net-earnings-per-share,eps-earnings-per-share-diluted,cash-on-hand,inventory,other-current-assets,total-current-assets,net-property-plant-equipment,long-term-investments,goodwill-intangible-assets-total,other-long-term-assets,total-long-term-assets,total-assets,total-current-liabilities,long-term-debt,other-non-current-liabilities,total-long-term-liabilities,total-liabilities,common-stock-net,retained-earnings-accumulated-deficit,comprehensive-income,total-share-holder-equity,total-liabilities-share-holders-equity,net-income-loss,total-depreciation-amortization-cash-flow,other-non-cash-items,total-non-cash-items,change-in-accounts-receivable,change-in-inventories,change-in-accounts-payable,change-in-assets-liabilities,total-change-in-assets-liabilities,cash-flow-from-operating-activities,net-change-in-property-plant-equipment,net-change-in-intangible-assets,net-acquisitions-divestitures,net-change-in-short-term-investments,net-change-in-long-term-investments,net-change-in-investments-total,investing-activities-other,cash-flow-from-investing-activities,net-long-term-debt,net-current-debt,debt-issuance-retirement-net-total,net-common-equity-issued-repurchased,net-total-equity-issued-repurchased,total-common-preferred-stock-dividends-paid,financial-activities-other,cash-flow-from-financial-activities,net-cash-flow,stock-based-compensation,common-stock-dividends-paid
0,2018-09-30,7.45,$1.20,6.2,$2.52,2.96,$-0.38,0.0,$-0.37,0.0,$0.16B,$0.13B,1.27,$0.00B,$0.17B,0.02,$0.35B,$0.19B,54.00%,$0.35B,$-0.04B,-12.57%,$0.35B,$-0.04B,-12.57%,$0.35B,$-0.03B,-8.29%,$0.35B,$-0.05B,-14.29%,$0.35B,$-0.05B,-14.57%,$-0.05B,$0.17B,-31.29%,$-0.05B,$0.05B,-161.90%,$-0.05B,$0.31B,-17.24%,$-0.04B,$0.18B,-26.07%,$99,$39,$61,$24,$37,$100,$-0,$0,$-0,$0,$-0,$-0,$-0,$-2,$-0,$142,142,$0.00,$0.00,$81,$0,$0,$163,$13,$0,$127,$6,$147,$310,$129,$4,$5,$9,$138,$0,$-439,$-0,$172,$310,$-12,$3,$21,$24,$-4,$0,$-3,$15,$1,$13,$-2,$0,$3,$0,$0,$0,$0,$1,$0,$0,$0,$8,$8,$0,$-6,$3,$17,$18,$0
1,2018-06-30,6.41,$1.16,5.52,$2.42,2.65,$-0.73,0.0,$-0.46,0.0,$0.14B,$0.12B,1.16,$0.01B,$0.16B,0.03,$0.33B,$0.18B,53.31%,$0.33B,$-0.06B,-16.87%,$0.33B,$-0.06B,-16.87%,$0.33B,$-0.05B,-13.55%,$0.33B,$-0.06B,-18.98%,$0.33B,$-0.06B,-18.98%,$-0.06B,$0.16B,-37.89%,$-0.06B,$0.03B,-195.35%,$-0.06B,$0.30B,-21.14%,$-0.06B,$0.17B,-32.46%,$90,$34,$56,$23,$37,$94,$-4,$-0,$-4,$0,$-4,$-4,$-4,$-1,$-4,$141,141,$-0.03,$-0.03,$62,$0,$0,$140,$13,$0,$132,$10,$155,$295,$121,$5,$5,$10,$131,$0,$-439,$0,$164,$295,$-12,$5,$9,$14,$-4,$0,$-4,$13,$-6,$-4,$-2,$0,$3,$0,$0,$0,$0,$1,$0,$0,$0,$4,$4,$0,$-4,$1,$-3,$12,$0
2,2018-03-31,3.77,$1.16,3.24,$2.28,1.65,$-0.94,0.0,$-0.60,0.0,$0.12B,$0.10B,1.15,$0.01B,$0.16B,0.04,$0.31B,$0.16B,52.09%,$0.31B,$-0.08B,-24.44%,$0.31B,$-0.08B,-24.44%,$0.31B,$-0.06B,-20.58%,$0.31B,$-0.08B,-26.69%,$0.31B,$-0.08B,-26.69%,$-0.08B,$0.16B,-47.84%,$-0.08B,$0.03B,-216.99%,$-0.08B,$0.28B,-27.28%,$-0.08B,$0.17B,-41.99%,$81,$29,$52,$23,$35,$88,$-7,$-0,$-7,$0,$-7,$-7,$-7,$-4,$-7,$139,139,$-0.05,$-0.05,$49,$0,$0,$120,$14,$0,$133,$12,$159,$279,$104,$7,$5,$12,$116,$0,$-434,$0,$162,$279,$-7,$2,$6,$8,$0,$0,$-6,$4,$-17,$-16,$-1,$0,$2,$0,$0,$0,$0,$1,$0,$0,$0,$1,$1,$0,$-1,$0,$-15,$6,$0
3,2017-12-31,3.64,$1.11,3.28,$2.12,1.72,$-1.03,0.0,$-0.72,0.0,$0.14B,$0.13B,1.04,$0.01B,$0.15B,0.05,$0.29B,$0.15B,50.52%,$0.29B,$-0.09B,-32.06%,$0.29B,$-0.09B,-32.06%,$0.29B,$-0.08B,-27.53%,$0.29B,$-0.10B,-34.49%,$0.29B,$-0.10B,-34.49%,$-0.10B,$0.15B,-53.08%,$-0.10B,$0.02B,-198.99%,$-0.10B,$0.30B,-31.55%,$-0.09B,$0.16B,-47.30%,$80,$60,$20,$21,$35,$113,$-33,$-7,$-39,$0,$-40,$-40,$-40,$-22,$-33,$136,136,$-0.29,$-0.29,$64,$0,$0,$138,$15,$0,$134,$13,$162,$299,$133,$7,$5,$13,$145,$0,$-436,$-0,$154,$299,$-98,$14,$48,$61,$-13,$0,$5,$4,$8,$-28,$-11,$0,$-2,$0,$0,$0,$-1,$-14,$0,$0,$0,$7,$7,$0,$-3,$4,$-38,$15,$0
4,2017-09-30,3.76,$1.36,2.77,$1.88,2.0,$-0.91,0.0,$-0.56,0.0,$0.14B,$0.13B,1.09,$0.01B,$0.19B,0.04,$0.25B,$0.15B,59.68%,$0.25B,$-0.08B,-30.04%,$0.25B,$-0.08B,-30.04%,$0.25B,$-0.06B,-23.32%,$0.25B,$-0.08B,-30.43%,$0.25B,$-0.08B,-30.04%,$-0.08B,$0.19B,-36.85%,$-0.08B,$0.05B,-112.59%,$-0.08B,$0.32B,-23.46%,$-0.08B,$0.19B,-34.90%,$81,$32,$49,$22,$38,$94,$-12,$-0,$-13,$-1,$-12,$-12,$-12,$-18,$-12,$136,136,$-0.09,$-0.09,$64,$0,$0,$138,$6,$0,$137,$37,$181,$319,$127,$6,$1,$7,$134,$0,$-397,$-0,$185,$319,$-58,$2,$10,$13,$-13,$0,$7,$11,$12,$-33,$-4,$0,$-2,$0,$0,$0,$-1,$-6,$0,$0,$0,$2,$2,$0,$-2,$-0,$-40,$11,$0
5,2017-06-30,2.5,$1.43,1.75,$1.67,1.5,$-0.80,0.0,$-0.47,0.0,$0.14B,$0.12B,1.19,$0.01B,$0.19B,0.05,$0.22B,$0.10B,43.50%,$0.22B,$-0.11B,-47.53%,$0.22B,$-0.11B,-47.53%,$0.22B,$-0.09B,-39.01%,$0.22B,$-0.11B,-48.43%,$0.22B,$-0.11B,-48.43%,$-0.11B,$0.19B,-48.70%,$-0.11B,$0.06B,-116.76%,$-0.11B,$0.32B,-33.00%,$-0.11B,$0.20B,-44.73%,$69,$28,$41,$24,$40,$92,$-24,$0,$-24,$-0,$-24,$-24,$-24,$-20,$-24,$135,135,$-0.17,$-0.17,$69,$0,$0,$138,$4,$0,$136,$41,$182,$320,$116,$10,$1,$11,$127,$0,$-385,$0,$193,$320,$-46,$8,$0,$8,$-11,$0,$2,$11,$6,$-32,$-1,$0,$0,$0,$0,$0,$-1,$-2,$0,$0,$0,$1,$1,$0,$-1,$-0,$-35,$7,$0
6,2017-03-31,2.27,$1.59,1.43,$1.53,1.48,$-0.63,0.0,$-0.44,0.0,$0.14B,$0.09B,1.46,$0.01B,$0.21B,0.04,$0.20B,$0.08B,41.09%,$0.20B,$-0.10B,-47.03%,$0.20B,$-0.10B,-47.03%,$0.20B,$-0.08B,-38.12%,$0.20B,$-0.10B,-50.50%,$0.20B,$-0.10B,-50.50%,$-0.10B,$0.21B,-41.63%,$-0.10B,$0.08B,-82.76%,$-0.10B,$0.32B,-29.76%,$-0.10B,$0.22B,-35.68%,$57,$22,$35,$25,$26,$79,$-23,$-0,$-23,$-0,$-23,$-23,$-23,$-19,$-23,$134,134,$-0.17,$-0.17,$74,$0,$0,$136,$5,$0,$139,$37,$182,$317,$93,$9,$1,$10,$103,$0,$-361,$0,$214,$317,$-23,$4,$1,$5,$-6,$0,$-1,$-2,$-12,$-29,$-0,$0,$0,$0,$0,$0,$0,$-0,$0,$0,$0,$1,$1,$0,$-0,$0,$-29,$4,$0
7,2016-12-31,1.94,$1.74,1.12,$1.53,1.27,$-0.51,0.0,$-0.34,0.0,$0.16B,$0.08B,1.84,$0.02B,$0.23B,0.09,$0.20B,$0.08B,40.00%,$0.20B,$-0.08B,-40.50%,$0.20B,$-0.08B,-40.50%,$0.20B,$-0.06B,-32.00%,$0.20B,$-0.09B,-44.00%,$0.20B,$-0.09B,-44.00%,$-0.09B,$0.23B,-32.96%,$-0.09B,$0.09B,-57.52%,$-0.09B,$0.34B,-24.34%,$-0.08B,$0.25B,-27.62%,$46,$20,$26,$21,$23,$64,$-17,$-0,$-17,$-0,$-17,$-17,$-17,$-2,$-17,$132,132,$-0.12,$-0.12,$102,$0,$0,$155,$6,$0,$143,$36,$184,$340,$84,$21,$2,$22,$107,$0,$-339,$0,$233,$340,$-87,$18,$49,$66,$0,$0,$3,$-7,$1,$-20,$-3,$-3,$-46,$0,$0,$0,$0,$-52,$-2,$0,$-2,$2,$2,$0,$-7,$-7,$-78,$13,$0
8,2016-09-30,2.24,$1.88,1.19,$1.69,1.32,$-0.46,0.0,$-0.23,0.0,$0.19B,$0.06B,3.06,$0.02B,$0.25B,0.09,$0.22B,$0.09B,41.86%,$0.22B,$-0.07B,-31.16%,$0.22B,$-0.07B,-31.16%,$0.22B,$-0.06B,-28.84%,$0.22B,$-0.07B,-34.42%,$0.22B,$-0.07B,-34.42%,$-0.07B,$0.25B,-25.94%,$-0.07B,$0.15B,-41.23%,$-0.07B,$0.33B,-19.62%,$-0.07B,$0.27B,-21.44%,$51,$56,$-5,$20,$17,$93,$-42,$-2,$-44,$0,$-44,$-44,$-44,$-46,$-42,$133,133,$-0.33,$-0.33,$148,$0,$0,$191,$6,$0,$99,$37,$141,$332,$62,$21,$1,$23,$85,$0,$-321,$0,$247,$332,$-70,$2,$57,$59,$4,$0,$1,$-16,$-9,$-20,$-2,$-3,$-10,$0,$0,$0,$0,$-14,$0,$0,$0,$2,$2,$0,$-2,$1,$-33,$10,$0
9,2016-06-30,2.2,$2.16,1.02,$1.79,1.23,$-0.42,0.0,$-0.23,0.0,$0.21B,$0.06B,3.4,$0.03B,$0.29B,0.12,$0.23B,$0.13B,56.39%,$0.23B,$-0.03B,-11.01%,$0.23B,$-0.03B,-11.01%,$0.23B,$-0.01B,-5.73%,$0.23B,$-0.03B,-13.22%,$0.23B,$-0.03B,-13.22%,$-0.03B,$0.29B,-9.99%,$-0.03B,$0.18B,-15.60%,$-0.03B,$0.38B,-7.59%,$-0.03B,$0.32B,-7.76%,$48,$21,$27,$21,$18,$62,$-13,$-4,$-18,$0,$-18,$-18,$-18,$-10,$-13,$131,131,$-0.14,$-0.14,$158,$0,$0,$209,$5,$0,$106,$63,$173,$382,$61,$33,$1,$35,$96,$0,$-278,$-1,$286,$382,$-26,$6,$11,$17,$3,$0,$-0,$-3,$-0,$-10,$-1,$-3,$-10,$0,$0,$0,$0,$-13,$0,$0,$0,$1,$1,$0,$-1,$-0,$-23,$7,$0
10,2016-03-31,2.82,$2.29,1.23,$1.90,1.48,$-0.40,0.0,$-0.14,0.0,$0.22B,$0.06B,3.68,$0.03B,$0.30B,0.09,$0.24B,$0.13B,56.60%,$0.24B,$-0.02B,-7.66%,$0.24B,$-0.02B,-7.66%,$0.24B,$-0.01B,-2.55%,$0.24B,$-0.02B,-7.66%,$0.24B,$-0.02B,-7.66%,$-0.02B,$0.30B,-5.92%,$-0.02B,$0.19B,-9.24%,$-0.02B,$0.39B,-4.58%,$-0.02B,$0.33B,-5.67%,$55,$23,$32,$20,$21,$64,$-9,$0,$-9,$-0,$-9,$-9,$-9,$-6,$-9,$129,129,$-0.07,$-0.07,$159,$0,$0,$222,$5,$0,$108,$57,$170,$392,$60,$28,$1,$30,$90,$0,$-260,$-0,$302,$392,$-9,$3,$3,$6,$1,$0,$-0,$-6,$-9,$-12,$-1,$-3,$-7,$0,$0,$0,$0,$-10,$0,$0,$0,$1,$1,$0,$-1,$1,$-21,$4,$0
11,2015-12-31,2.43,$2.33,1.04,$2.12,1.14,$-0.35,0.0,$-0.06,0.0,$0.24B,$0.07B,3.36,$0.02B,$0.31B,0.08,$0.25B,$0.14B,57.03%,$0.25B,$-0.01B,-2.41%,$0.25B,$-0.01B,-2.41%,$0.25B,$0.01B,2.41%,$0.25B,$-0.01B,-2.81%,$0.25B,$-0.01B,-3.21%,$-0.01B,$0.31B,-2.94%,$-0.01B,$0.20B,-4.94%,$-0.01B,$0.40B,-2.24%,$-0.01B,$0.33B,-2.15%,$61,$25,$36,$20,$18,$64,$-3,$-0,$-3,$-0,$-3,$-3,$-3,$-0,$-3,$119,119,$-0.02,$-0.02,$181,$0,$0,$237,$5,$0,$111,$50,$166,$403,$71,$24,$2,$26,$97,$0,$-251,$-0,$306,$403,$-7,$13,$17,$30,$13,$0,$-2,$-37,$-34,$-11,$-3,$-3,$-2,$0,$0,$0,$0,$-7,$0,$0,$0,$131,$131,$0,$-3,$128,$110,$12,$0
12,2015-09-30,4.37,$2.34,1.87,$2.36,1.85,$0.05,91.61,$-0.03,0.0,$0.24B,$0.07B,3.59,$0.00B,$0.31B,0.0,$0.26B,$0.15B,56.32%,$0.26B,$0.00B,0.77%,$0.26B,$0.00B,0.77%,$0.26B,$0.01B,5.36%,$0.26B,0,0.00%,$0.26B,$-0.00B,-1.53%,$-0.00B,$0.31B,-1.67%,$-0.00B,$0.20B,-3.15%,$-0.00B,$0.40B,-1.25%,$0.00B,$0.31B,0.84%,$63,$30,$33,$16,$17,$63,$0,$-0,$0,$0,$0,$0,$0,$3,$0,$127,131,$0.00,$0.00,$182,$0,$0,$244,$6,$0,$108,$46,$160,$403,$68,$0,$29,$29,$97,$0,$-248,$0,$307,$403,$-4,$10,$13,$23,$5,$0,$-1,$-30,$-32,$-14,$-2,$0,$-2,$0,$0,$0,$0,$-3,$0,$0,$0,$131,$131,$0,$-2,$129,$111,$8,$0
13,2015-06-30,6.21,$2.30,2.7,$2.49,2.49,$0.26,24.33,$0.07,88.71,$0.25B,$0.07B,3.59,$0.00B,$0.30B,0.0,$0.26B,$0.15B,57.79%,$0.26B,$0.00B,0.76%,$0.26B,$0.00B,0.76%,$0.26B,$0.01B,4.94%,$0.26B,0,0.00%,$0.26B,$0.01B,2.28%,$0.01B,$0.30B,2.93%,$0.01B,$0.19B,6.70%,$0.01B,$0.38B,2.15%,$0.00B,$0.30B,0.98%,$56,$24,$32,$18,$20,$62,$-6,$-0,$-6,$-1,$-6,$-6,$-6,$-3,$-6,$116,116,$-0.05,$-0.05,$190,$0,$0,$249,$6,$0,$110,$10,$126,$375,$69,$0,$5,$5,$74,$0,$-248,$0,$301,$375,$-4,$6,$6,$12,$7,$0,$-0,$-16,$-14,$-6,$-1,$0,$-2,$0,$0,$0,$0,$-3,$0,$0,$0,$130,$130,$0,$-2,$128,$119,$5,$0
14,2015-03-31,5.01,$1.63,3.07,$2.49,2.01,$0.41,12.34,$0.08,62.63,$0.12B,$0.07B,1.74,$0.00B,$0.18B,0.0,$0.25B,$0.15B,59.68%,$0.25B,$0.00B,1.61%,$0.25B,$0.00B,1.61%,$0.25B,$0.01B,5.65%,$0.25B,$0.00B,0.81%,$0.25B,$0.01B,3.23%,$0.01B,$0.18B,5.18%,$0.01B,$0.06B,13.91%,$0.01B,$0.25B,3.64%,$0.00B,$0.18B,2.58%,$69,$29,$41,$18,$20,$67,$3,$-0,$2,$1,$1,$1,$1,$6,$3,$104,108,$0.01,$0.01,$66,$0,$0,$117,$6,$0,$113,$13,$132,$250,$68,$0,$6,$6,$74,$0,$-243,$-0,$176,$250,$1,$3,$3,$6,$8,$0,$-0,$-14,$-12,$-5,$-0,$0,$-1,$0,$0,$0,$0,$-1,$0,$0,$0,$2,$2,$0,$-0,$1,$-5,$2,$0
15,2014-12-31,3.9,$1.60,2.43,$2.37,1.65,$0.49,7.91,$0.07,55.71,$0.12B,$0.08B,1.6,$0.00B,$0.17B,0.01,$0.22B,$0.14B,61.61%,$0.22B,$0.00B,0.89%,$0.22B,$0.00B,0.89%,$0.22B,$0.01B,4.46%,$0.22B,$0.00B,0.45%,$0.22B,$0.01B,3.13%,$0.01B,$0.17B,5.62%,$0.01B,$0.06B,14.14%,$0.01B,$0.25B,3.86%,$0.00B,$0.17B,1.60%,$73,$32,$41,$16,$19,$68,$5,$-1,$4,$3,$1,$1,$1,$8,$5,$92,97,$0.02,$0.02,$71,$0,$0,$121,$6,$0,$115,$9,$130,$252,$76,$1,$3,$4,$80,$0,$-244,$-0,$172,$252,$8,$8,$17,$25,$-9,$0,$-4,$-4,$-2,$31,$-3,$0,$-23,$0,$0,$0,$-0,$-26,$0,$-2,$-2,$42,$42,$0,$-1,$39,$42,$12,$0
16,2014-09-30,5.17,$1.58,3.28,$2.10,2.46,$0.04,130.89,$0.01,517.0,$0.11B,$0.07B,1.58,$0.00B,$0.17B,0.0,$0.19B,$0.12B,65.05%,$0.19B,$-0.01B,-3.23%,$0.19B,$-0.01B,-3.23%,$0.19B,0,0.00%,$0.19B,$-0.01B,-3.76%,$0.19B,$0.00B,1.08%,$0.00B,$0.17B,2.14%,$0.00B,$0.05B,4.88%,$0.00B,$0.24B,1.43%,$-0.01B,$0.17B,-6.43%,$65,$27,$38,$15,$22,$65,$-0,$-0,$-0,$-11,$10,$10,$10,$2,$-0,$99,105,$0.11,$0.10,$54,$0,$0,$106,$5,$0,$120,$8,$133,$238,$67,$0,$3,$3,$70,$0,$-245,$0,$169,$238,$7,$5,$12,$16,$-11,$0,$-7,$-7,$-12,$11,$-2,$0,$-22,$0,$0,$0,$-0,$-24,$0,$-2,$-2,$42,$42,$0,$-0,$39,$26,$9,$0
17,2014-06-30,5.0,$1.07,4.69,$1.79,2.79,$-0.23,0.0,$-0.20,0.0,$0.09B,$0.04B,2.6,$0.00B,$0.10B,0.0,$0.14B,$0.10B,67.13%,$0.14B,$-0.01B,-9.79%,$0.14B,$-0.01B,-9.79%,$0.14B,$-0.01B,-5.59%,$0.14B,$-0.02B,-10.49%,$0.14B,$-0.02B,-11.19%,$-0.02B,$0.10B,-25.40%,$-0.02B,$0.06B,-46.72%,$-0.02B,$0.14B,-16.00%,$-0.01B,$0.10B,-22.22%,$41,$13,$28,$17,$14,$45,$-4,$-0,$-4,$0,$-4,$-4,$-4,$-2,$-4,$86,86,$-0.04,$-0.04,$71,$0,$0,$94,$4,$0,$39,$2,$46,$139,$36,$0,$2,$2,$38,$0,$-256,$1,$101,$139,$-4,$2,$9,$11,$3,$0,$-3,$-3,$1,$9,$-1,$0,$-0,$0,$0,$0,$-0,$-2,$0,$-2,$-2,$38,$38,$0,$-0,$36,$43,$8,$0
18,2014-03-31,4.74,$0.69,6.91,$1.66,2.85,$-0.41,0.0,$-0.20,0.0,$0.07B,$0.04B,1.68,$0.00B,$0.06B,0.0,$0.13B,$0.08B,66.67%,$0.13B,$-0.02B,-12.70%,$0.13B,$-0.02B,-12.70%,$0.13B,$-0.01B,-7.94%,$0.13B,$-0.02B,-13.49%,$0.13B,$-0.02B,-11.90%,$-0.02B,$0.06B,-31.41%,$-0.02B,$0.03B,-68.18%,$-0.02B,$0.10B,-18.24%,$-0.02B,$0.06B,-33.51%,$45,$14,$31,$16,$14,$44,$1,$-0,$1,$0,$0,$0,$0,$2,$1,$80,85,$0.00,$0.00,$37,$0,$0,$66,$5,$0,$24,$2,$31,$97,$39,$0,$2,$2,$41,$0,$-252,$0,$56,$97,$0,$1,$3,$5,$-1,$0,$-1,$1,$-1,$4,$-1,$0,$0,$0,$0,$0,$0,$-1,$0,$0,$0,$5,$5,$0,$0,$5,$8,$3,$0
19,2013-12-31,3.88,$0.60,6.52,$1.51,2.57,$-0.51,0.0,$-0.28,0.0,$0.05B,$0.04B,1.44,$0.00B,$0.05B,0.0,$0.11B,$0.07B,65.09%,$0.11B,$-0.02B,-20.75%,$0.11B,$-0.02B,-20.75%,$0.11B,$-0.02B,-14.15%,$0.11B,$-0.02B,-21.70%,$0.11B,$-0.02B,-18.87%,$-0.02B,$0.05B,-45.71%,$-0.02B,$0.02B,-117.65%,$-0.02B,$0.09B,-26.23%,$-0.02B,$0.05B,-50.29%,$35,$11,$24,$13,$15,$38,$-3,$-0,$-4,$-0,$-4,$-4,$-4,$-2,$-3,$71,71,$-0.05,$-0.05,$28,$0,$0,$54,$5,$0,$25,$2,$33,$87,$38,$0,$2,$2,$40,$0,$-252,$0,$47,$87,$-20,$8,$5,$14,$-7,$0,$3,$1,$-3,$-10,$-3,$-0,$0,$0,$0,$0,$-2,$-5,$0,$0,$0,$21,$21,$0,$0,$21,$6,$4,$0
20,2013-09-30,2.78,$0.62,4.5,$1.43,1.94,$-0.47,0.0,$-0.34,0.0,$0.04B,$0.03B,1.67,$0.00B,$0.05B,0.0,$0.10B,$0.06B,64.95%,$0.10B,$-0.03B,-26.80%,$0.10B,$-0.03B,-26.80%,$0.10B,$-0.02B,-17.53%,$0.10B,$-0.03B,-25.77%,$0.10B,$-0.02B,-23.71%,$-0.02B,$0.05B,-55.09%,$-0.02B,$0.02B,-167.27%,$-0.02B,$0.08B,-31.40%,$-0.03B,$0.05B,-62.28%,$22,$9,$13,$11,$9,$30,$-8,$-0,$-8,$-0,$-8,$-8,$-8,$-6,$-8,$72,72,$-0.11,$-0.11,$28,$0,$0,$44,$5,$0,$26,$2,$33,$77,$26,$0,$3,$3,$29,$0,$-249,$0,$48,$77,$-16,$6,$4,$10,$1,$0,$0,$-4,$-5,$-12,$-1,$0,$0,$0,$0,$0,$-2,$-3,$0,$0,$0,$20,$20,$0,$0,$20,$5,$3,$0
21,2013-06-30,2.21,$0.57,3.89,$1.53,1.44,$-0.40,0.0,$-0.29,0.0,$0.04B,$0.03B,1.35,$0.00B,$0.04B,0.0,$0.10B,$0.07B,67.33%,$0.10B,$-0.02B,-21.78%,$0.10B,$-0.02B,-21.78%,$0.10B,$-0.01B,-8.91%,$0.10B,$-0.02B,-21.78%,$0.10B,$-0.02B,-18.81%,$-0.02B,$0.04B,-46.34%,$-0.02B,$0.01B,-165.22%,$-0.02B,$0.07B,-25.85%,$-0.02B,$0.04B,-53.66%,$24,$9,$16,$11,$9,$30,$-6,$0,$-6,$-3,$-3,$-3,$-3,$-4,$-6,$70,70,$-0.04,$-0.04,$19,$0,$0,$35,$4,$0,$27,$2,$34,$68,$26,$0,$3,$3,$28,$0,$-241,$0,$40,$68,$-8,$5,$2,$6,$1,$0,$2,$-4,$-4,$-6,$-1,$0,$0,$0,$0,$0,$-2,$-3,$0,$0,$0,$5,$5,$0,$0,$5,$-3,$2,$0
22,2013-03-31,3.0,$0.58,5.13,$1.64,1.83,$-0.36,0.0,$-0.30,0.0,$0.04B,$0.03B,1.44,$0.00B,$0.04B,0.0,$0.11B,$0.07B,68.87%,$0.11B,$-0.02B,-19.81%,$0.11B,$-0.02B,-19.81%,$0.11B,$-0.01B,-7.55%,$0.11B,$-0.02B,-19.81%,$0.11B,$-0.02B,-17.92%,$-0.02B,$0.04B,-45.51%,$-0.02B,$0.01B,-185.37%,$-0.02B,$0.07B,-24.84%,$-0.02B,$0.04B,-50.30%,$25,$9,$16,$12,$9,$30,$-5,$0,$-5,$0,$-5,$-5,$-5,$-3,$-5,$66,66,$-0.08,$-0.08,$21,$0,$0,$39,$5,$0,$29,$0,$34,$73,$27,$0,$6,$6,$33,$0,$-238,$-0,$40,$73,$-5,$2,$1,$3,$-1,$0,$1,$-0,$-2,$-4,$-0,$0,$0,$0,$0,$0,$-0,$-1,$0,$0,$0,$3,$3,$0,$0,$3,$-1,$1,$0
23,2012-12-31,2.28,$0.59,3.87,$1.69,1.35,$-0.37,0.0,$-0.33,0.0,$0.04B,$0.03B,1.32,$0.00B,$0.04B,0.0,$0.11B,$0.08B,69.44%,$0.11B,$-0.02B,-20.37%,$0.11B,$-0.02B,-20.37%,$0.11B,$-0.01B,-8.33%,$0.11B,$-0.02B,-20.37%,$0.11B,$-0.02B,-19.44%,$-0.02B,$0.04B,-48.84%,$-0.02B,$0.01B,-190.91%,$-0.02B,$0.08B,-26.84%,$-0.02B,$0.04B,-51.16%,$26,$8,$18,$14,$10,$33,$-7,$0,$-6,$1,$-7,$-7,$-7,$-4,$-7,$64,64,$-0.10,$-0.10,$22,$0,$0,$39,$5,$0,$30,$0,$36,$75,$30,$0,$6,$6,$36,$0,$-232,$0,$39,$75,$-20,$12,$7,$18,$2,$0,$-1,$-3,$-5,$-7,$-2,$-5,$1,$0,$0,$0,$0,$-6,$0,$0,$0,$3,$3,$0,$0,$3,$-10,$6,$0
24,2012-09-30,4.64,$0.68,6.81,$1.68,2.76,$-0.40,0.0,$-0.38,0.0,$0.04B,$0.03B,1.51,$0.00B,$0.05B,0.0,$0.11B,$0.07B,64.76%,$0.11B,$-0.03B,-23.81%,$0.11B,$-0.03B,-23.81%,$0.11B,$-0.01B,-11.43%,$0.11B,$-0.03B,-24.76%,$0.11B,$-0.02B,-22.86%,$-0.02B,$0.05B,-52.75%,$-0.02B,$0.01B,-184.62%,$-0.02B,$0.08B,-29.72%,$-0.03B,$0.05B,-54.95%,$26,$8,$18,$10,$8,$30,$-4,$-0,$-5,$-1,$-4,$-4,$-4,$2,$-4,$65,65,$-0.06,$-0.06,$24,$0,$0,$42,$5,$0,$32,$1,$37,$78,$28,$0,$6,$6,$34,$0,$-225,$0,$45,$78,$-13,$9,$5,$14,$-0,$0,$0,$-4,$-6,$-5,$-2,$-5,$1,$0,$0,$0,$0,$-6,$0,$0,$0,$3,$3,$0,$0,$3,$-8,$4,$0
25,2012-06-30,5.55,$0.66,8.42,$1.56,3.56,$-0.37,0.0,$-0.42,0.0,$0.04B,$0.03B,1.38,$0.00B,$0.04B,0.0,$0.10B,$0.06B,63.54%,$0.10B,$-0.03B,-29.17%,$0.10B,$-0.03B,-29.17%,$0.10B,$-0.02B,-18.75%,$0.10B,$-0.03B,-29.17%,$0.10B,$-0.03B,-27.08%,$-0.03B,$0.04B,-53.33%,$-0.03B,$0.01B,-165.08%,$-0.03B,$0.08B,-31.04%,$-0.03B,$0.04B,-57.44%,$29,$9,$21,$16,$9,$34,$-5,$0,$-5,$-2,$-3,$-3,$-3,$-3,$-5,$64,64,$-0.05,$-0.05,$25,$0,$0,$41,$4,$0,$34,$1,$39,$80,$30,$0,$8,$8,$37,$0,$-222,$-0,$43,$80,$-10,$4,$8,$12,$-1,$0,$-1,$-2,$-5,$-3,$-1,$-5,$0,$0,$0,$0,$0,$-6,$0,$0,$0,$1,$1,$0,$0,$1,$-8,$7,$0
26,2012-03-31,4.85,$0.69,7.01,$1.42,3.41,$-0.38,0.0,$-0.40,0.0,$0.05B,$0.02B,1.91,$0.00B,$0.05B,0.0,$0.09B,$0.05B,63.53%,$0.09B,$-0.03B,-29.41%,$0.09B,$-0.03B,-29.41%,$0.09B,$-0.02B,-17.65%,$0.09B,$-0.02B,-28.24%,$0.09B,$-0.03B,-29.41%,$-0.03B,$0.05B,-54.95%,$-0.03B,$0.01B,-136.99%,$-0.03B,$0.08B,-31.95%,$-0.03B,$0.05B,-54.95%,$27,$8,$18,$15,$9,$33,$-6,$-0,$-6,$0,$-7,$-7,$-7,$-4,$-6,$63,63,$-0.11,$-0.11,$29,$0,$0,$45,$4,$0,$31,$0,$35,$80,$24,$0,$12,$12,$36,$0,$-219,$0,$45,$80,$-7,$2,$5,$7,$-1,$0,$-1,$0,$-4,$-4,$-0,$0,$0,$0,$0,$0,$0,$-0,$0,$0,$0,$1,$1,$0,$0,$1,$-3,$4,$0
27,2011-12-31,3.14,$0.77,4.07,$1.32,2.38,$-0.36,0.0,$-0.35,0.0,$0.05B,$0.03B,1.78,$0.00B,$0.05B,0.0,$0.07B,$0.05B,64.86%,$0.07B,$-0.02B,-29.73%,$0.07B,$-0.02B,-29.73%,$0.07B,$-0.01B,-16.22%,$0.07B,$-0.02B,-27.03%,$0.07B,$-0.02B,-28.38%,$-0.02B,$0.05B,-50.91%,$-0.02B,$0.02B,-113.51%,$-0.02B,$0.09B,-29.17%,$-0.02B,$0.05B,-53.33%,$23,$12,$11,$13,$8,$33,$-10,$-0,$-10,$0,$-10,$-10,$-10,$-7,$-10,$58,58,$-0.18,$-0.18,$32,$0,$0,$49,$4,$0,$32,$0,$36,$85,$27,$0,$9,$9,$36,$0,$-212,$0,$49,$85,$-21,$8,$3,$11,$-0,$0,$1,$7,$3,$-7,$-3,$0,$10,$0,$0,$0,$0,$8,$-1,$-2,$-3,$21,$21,$0,$0,$18,$19,$3,$0
28,2011-09-30,2.11,$0.91,2.31,$1.43,1.48,$-0.15,0.0,$-0.30,0.0,$0.05B,$0.02B,2.4,$0.00B,$0.06B,0.0,$0.07B,$0.05B,69.57%,$0.07B,$-0.02B,-24.64%,$0.07B,$-0.02B,-24.64%,$0.07B,$-0.01B,-13.04%,$0.07B,$-0.02B,-21.74%,$0.07B,$-0.02B,-23.19%,$-0.02B,$0.06B,-49.23%,$-0.02B,$0.02B,-112.28%,$-0.02B,$0.09B,-25.81%,$-0.02B,$0.06B,-52.31%,$17,$6,$11,$11,$7,$24,$-7,$0,$-7,$-1,$-6,$-6,$-6,$-4,$-7,$60,60,$-0.10,$-0.10,$37,$0,$0,$52,$4,$0,$34,$1,$39,$90,$21,$0,$10,$10,$32,$0,$-202,$0,$58,$90,$-11,$6,$2,$7,$2,$0,$1,$2,$1,$-2,$-2,$0,$10,$0,$0,$0,$0,$8,$0,$-2,$-2,$21,$21,$0,$-1,$18,$24,$2,$0
29,2011-06-30,5.27,$0.53,9.87,$1.58,3.34,$-0.02,0.0,$-0.24,0.0,$0.04B,$0.02B,2.09,$0.00B,$0.03B,0.0,$0.07B,$0.05B,71.64%,$0.07B,$-0.01B,-16.42%,$0.07B,$-0.01B,-16.42%,$0.07B,$-0.01B,-7.46%,$0.07B,$-0.01B,-13.43%,$0.07B,$-0.01B,-17.91%,$-0.01B,$0.03B,-53.33%,$-0.01B,$0.02B,-129.73%,$-0.01B,$0.06B,-23.08%,$-0.01B,$0.03B,-48.89%,$18,$4,$14,$8,$7,$19,$-2,$0,$-1,$1,$-2,$-2,$-2,$-0,$-2,$55,55,$-0.03,$-0.03,$26,$0,$0,$42,$3,$0,$12,$1,$16,$58,$20,$0,$8,$8,$28,$0,$-196,$1,$30,$58,$-5,$2,$1,$3,$-2,$0,$1,$2,$-1,$-3,$-1,$0,$0,$0,$0,$0,$0,$-1,$0,$-2,$-2,$20,$20,$0,$-1,$17,$14,$1,$0
30,2011-03-31,4.32,$0.52,8.34,$1.78,2.43,$0.11,38.06,$-0.32,0.0,$0.04B,$0.02B,2.01,$0.00B,$0.03B,0.0,$0.07B,$0.04B,67.69%,$0.07B,$-0.01B,-16.92%,$0.07B,$-0.01B,-16.92%,$0.07B,$-0.01B,-9.23%,$0.07B,$-0.01B,-16.92%,$0.07B,$-0.01B,-20.00%,$-0.01B,$0.03B,-78.79%,$-0.01B,$0.02B,-520.00%,$-0.01B,$0.06B,-26.94%,$-0.01B,$0.03B,-66.67%,$16,$5,$12,$7,$7,$19,$-3,$0,$-2,$1,$-3,$-3,$-3,$-1,$-3,$52,52,$-0.06,$-0.06,$24,$0,$0,$39,$3,$0,$13,$1,$16,$55,$19,$0,$8,$8,$27,$0,$-194,$1,$28,$55,$-3,$1,$1,$2,$-1,$0,$0,$2,$-1,$-2,$-0,$0,$0,$0,$0,$0,$0,$-0,$0,$-2,$-2,$17,$17,$0,$-1,$14,$12,$0,$0
31,2010-12-31,2.07,$0.31,6.65,$2.03,1.02,$0.21,9.79,$-0.38,0.0,$0.03B,$0.02B,1.24,$0.00B,$0.01B,0.0,$0.07B,$0.04B,65.15%,$0.07B,$-0.01B,-16.67%,$0.07B,$-0.01B,-16.67%,$0.07B,$-0.01B,-9.09%,$0.07B,$-0.01B,-18.18%,$0.07B,$-0.01B,-21.21%,$-0.01B,$0.01B,-119.15%,$-0.01B,$0.00B,466.67%,$-0.01B,$0.05B,-29.47%,$-0.01B,$0.01B,-93.62%,$18,$7,$11,$6,$7,$23,$-5,$-0,$-5,$-0,$-5,$-5,$-5,$-4,$-5,$35,35,$-0.12,$-0.12,$13,$0,$0,$29,$2,$0,$14,$1,$16,$45,$23,$0,$8,$8,$31,$0,$-191,$1,$14,$45,$-13,$7,$3,$10,$5,$0,$1,$3,$6,$2,$-1,$0,$0,$0,$0,$0,$0,$-1,$0,$-2,$-2,$14,$14,$0,$-10,$1,$2,$2,$0
32,2010-09-30,1.41,$0.41,3.4,$2.16,0.65,$0.18,7.93,$-0.50,0.0,$0.03B,$0.02B,1.37,$0.00B,$0.02B,0.0,$0.07B,$0.04B,58.21%,$0.07B,$-0.01B,-19.40%,$0.07B,$-0.01B,-19.40%,$0.07B,$-0.01B,-10.45%,$0.07B,$-0.01B,-20.90%,$0.07B,$-0.02B,-23.88%,$-0.02B,$0.02B,-142.22%,$-0.02B,$0.00B,355.56%,$-0.02B,$0.05B,-31.53%,$-0.01B,$0.02B,-115.56%,$15,$5,$11,$6,$6,$17,$-1,$0,$-1,$1,$-2,$-2,$-2,$0,$-1,$36,36,$-0.04,$-0.04,$16,$0,$0,$32,$2,$0,$14,$1,$18,$50,$23,$0,$8,$8,$31,$0,$-186,$1,$18,$50,$-8,$5,$3,$8,$6,$0,$-1,$3,$3,$3,$-1,$0,$0,$0,$0,$0,$0,$-1,$-10,$0,$-10,$14,$14,$0,$0,$4,$5,$1,$0
33,2010-06-30,1.33,$0.20,6.53,$2.38,0.56,$0.14,9.18,$-0.59,0.0,$0.02B,$0.03B,0.83,$0.00B,$0.01B,0.0,$0.07B,$0.04B,55.56%,$0.07B,$-0.02B,-20.83%,$0.07B,$-0.02B,-20.83%,$0.07B,$-0.01B,-11.11%,$0.07B,$-0.02B,-22.22%,$0.07B,$-0.02B,-25.00%,$-0.02B,$0.01B,-160.00%,$-0.02B,$-0.01B,313.04%,$-0.02B,$0.04B,-32.88%,$-0.02B,$0.01B,-125.00%,$16,$6,$10,$6,$5,$18,$-2,$-1,$-3,$0,$-3,$-3,$-3,$-1,$-2,$31,31,$-0.10,$-0.10,$6,$0,$0,$24,$3,$0,$15,$1,$19,$43,$29,$0,$8,$8,$37,$0,$-184,$1,$6,$43,$-7,$4,$3,$6,$4,$0,$-1,$2,$3,$2,$-0,$0,$0,$0,$0,$0,$0,$-0,$-6,$0,$-6,$0,$0,$0,$0,$-6,$-4,$1,$0
34,2010-03-31,0.98,$0.29,3.38,$2.53,0.39,$0.02,47.34,$-0.53,0.0,$0.03B,$0.04B,0.88,$0.00B,$0.01B,0.0,$0.08B,$0.04B,55.26%,$0.08B,$-0.02B,-19.74%,$0.08B,$-0.02B,-19.74%,$0.08B,$-0.01B,-9.21%,$0.08B,$-0.02B,-19.74%,$0.08B,$-0.02B,-22.37%,$-0.02B,$0.01B,-113.33%,$-0.02B,$-0.01B,485.71%,$-0.02B,$0.05B,-27.09%,$-0.02B,$0.01B,-86.96%,$17,$6,$11,$7,$7,$20,$-3,$-1,$-3,$0,$-4,$-4,$-4,$-1,$-3,$30,30,$-0.12,$-0.12,$10,$0,$0,$31,$3,$0,$16,$2,$21,$52,$35,$0,$8,$8,$43,$0,$-181,$1,$9,$52,$-4,$2,$1,$3,$2,$0,$-0,$2,$2,$2,$-0,$0,$0,$0,$0,$0,$0,$-0,$-2,$0,$-2,$0,$0,$0,$0,$-1,$-0,$1,$0
35,2009-12-31,1.15,$0.39,2.99,$2.67,0.43,$-0.12,0.0,$-0.61,0.0,$0.04B,$0.04B,0.93,$0.00B,$0.01B,0.0,$0.08B,$0.04B,53.75%,$0.08B,$-0.02B,-18.75%,$0.08B,$-0.02B,-18.75%,$0.08B,$-0.01B,-6.25%,$0.08B,$-0.02B,-20.00%,$0.08B,$-0.02B,-23.75%,$-0.02B,$0.01B,-104.11%,$-0.02B,$-0.01B,1085.71%,$-0.02B,$0.06B,-26.86%,$-0.02B,$0.01B,-66.67%,$19,$12,$7,$6,$7,$26,$-7,$-0,$-7,$-0,$-7,$-7,$-7,$-5,$-7,$30,30,$-0.24,$-0.24,$11,$0,$0,$36,$3,$0,$18,$1,$22,$58,$38,$0,$8,$8,$46,$0,$-177,$1,$12,$58,$-18,$10,$12,$21,$4,$0,$-2,$3,$-2,$1,$-1,$0,$0,$0,$0,$0,$0,$-1,$0,$5,$5,$0,$0,$0,$-14,$-9,$-9,$3,$0
36,2009-09-30,1.17,$0.59,2.0,$2.77,0.42,$-0.46,0.0,$-1.66,0.0,$0.04B,$0.04B,1.11,$0.00B,$0.02B,0.17,$0.08B,$0.04B,53.01%,$0.08B,$-0.04B,-53.01%,$0.08B,$-0.04B,-53.01%,$0.08B,$-0.01B,-10.84%,$0.08B,$-0.05B,-54.22%,$0.08B,$-0.05B,-59.04%,$-0.05B,$0.02B,-222.73%,$-0.05B,$-0.00B,-19600.00%,$-0.05B,$0.07B,-61.83%,$-0.04B,$0.02B,-153.04%,$20,$7,$12,$7,$8,$22,$-3,$-0,$-3,$1,$-4,$-4,$-4,$-1,$-3,$30,30,$-0.13,$-0.13,$10,$0,$0,$38,$4,$0,$19,$4,$27,$66,$35,$3,$10,$13,$48,$0,$-170,$1,$18,$66,$-11,$8,$5,$13,$4,$0,$-3,$4,$-0,$1,$-1,$0,$0,$0,$0,$0,$0,$-1,$-10,$0,$-10,$0,$0,$0,$0,$-10,$-9,$2,$0
37,2009-06-30,1.25,$0.69,1.81,$2.92,0.43,$-0.72,0.0,$-3.46,0.0,$0.05B,$0.04B,1.18,$0.01B,$0.02B,0.3,$0.09B,$0.05B,51.72%,$0.09B,$-0.10B,-109.20%,$0.09B,$-0.10B,-109.20%,$0.09B,$-0.01B,-13.79%,$0.09B,$-0.10B,-112.64%,$0.09B,$-0.10B,-117.24%,$-0.10B,$0.02B,-300.00%,$-0.10B,$0.00B,-1316.13%,$-0.10B,$0.08B,-113.02%,$-0.10B,$0.03B,-237.50%,$20,$8,$12,$7,$7,$22,$-2,$0,$-2,$-0,$-2,$-2,$-2,$-0,$-2,$30,30,$-0.05,$-0.05,$13,$0,$0,$45,$4,$0,$21,$6,$30,$75,$38,$6,$10,$17,$55,$0,$-166,$1,$21,$75,$-7,$6,$3,$9,$3,$0,$-3,$0,$-3,$-1,$-0,$0,$0,$0,$0,$0,$0,$-0,$-4,$0,$-4,$0,$0,$0,$0,$-4,$-6,$2,$0
38,2009-03-31,0.48,$0.74,0.65,$3.06,0.16,$-0.77,0.0,$-3.64,0.0,$0.05B,$0.04B,1.21,$0.01B,$0.02B,0.38,$0.09B,$0.05B,52.75%,$0.09B,$-0.10B,-108.79%,$0.09B,$-0.10B,-108.79%,$0.09B,$-0.01B,-15.38%,$0.09B,$-0.10B,-112.09%,$0.09B,$-0.11B,-117.58%,$-0.11B,$0.02B,-179.83%,$-0.11B,$0.00B,-658.46%,$-0.11B,$0.08B,-94.48%,$-0.10B,$0.03B,-154.69%,$21,$9,$12,$6,$9,$24,$-3,$-1,$-4,$2,$-6,$-6,$-6,$1,$-3,$30,30,$-0.19,$-0.19,$15,$0,$0,$52,$4,$0,$22,$5,$32,$84,$43,$8,$11,$19,$62,$0,$-165,$1,$22,$84,$-6,$4,$2,$6,$-0,$0,$-0,$-1,$-2,$-3,$-0,$0,$0,$0,$0,$0,$0,$-0,$-2,$0,$-2,$0,$0,$0,$0,$-2,$-4,$1,$0
39,2008-12-31,0.5,$0.91,0.55,$3.06,0.16,$-0.72,0.0,$-3.65,0.0,$0.06B,$0.04B,1.31,$0.01B,$0.03B,0.38,$0.09B,$0.05B,53.85%,$0.09B,$-0.10B,-110.99%,$0.09B,$-0.10B,-110.99%,$0.09B,$-0.02B,-19.78%,$0.09B,$-0.10B,-113.19%,$0.09B,$-0.11B,-117.58%,$-0.11B,$0.03B,-124.78%,$-0.11B,$0.00B,-415.53%,$-0.11B,$0.09B,-78.82%,$-0.10B,$0.04B,-114.45%,$22,$13,$8,$8,$13,$58,$-36,$0,$-36,$1,$-37,$-37,$-37,$-9,$-36,$29,29,$-1.26,$-1.26,$19,$0,$0,$57,$5,$0,$25,$5,$35,$92,$43,$10,$12,$22,$65,$0,$-159,$1,$27,$92,$-107,$84,$23,$107,$2,$0,$-2,$-8,$-6,$-6,$-4,$0,$-31,$3,$0,$3,$0,$-32,$0,$0,$0,$0,$0,$0,$0,$0,$-39,$4,$0
40,2008-09-30,1.95,$2.22,0.88,$3.11,0.63,$-0.53,0.0,$-2.40,0.0,$0.06B,$0.03B,2.05,$0.00B,$0.07B,0.0,$0.09B,$0.05B,60.92%,$0.09B,$-0.07B,-77.01%,$0.09B,$-0.07B,-77.01%,$0.09B,$-0.01B,-11.49%,$0.09B,$-0.07B,-79.31%,$0.09B,$-0.07B,-81.61%,$-0.07B,$0.07B,-63.82%,$-0.07B,$0.03B,-168.05%,$-0.07B,$0.11B,-46.33%,$-0.07B,$0.07B,-60.22%,$24,$11,$13,$9,$11,$78,$-54,$-2,$-56,$1,$-57,$-57,$-57,$-4,$-54,$29,29,$-1.93,$-1.93,$21,$0,$0,$60,$6,$0,$36,$8,$50,$110,$29,$0,$15,$15,$44,$0,$-122,$0,$66,$110,$-69,$57,$12,$69,$1,$0,$-3,$-3,$-2,$-3,$-4,$0,$-31,$0,$0,$0,$0,$-34,$0,$0,$0,$0,$0,$0,$0,$0,$-38,$6,$0
41,2008-06-30,4.83,$4.17,1.16,$2.87,1.68,$-0.36,0.0,$-0.50,0.0,$0.06B,$0.03B,2.13,$0.00B,$0.12B,0.0,$0.08B,$0.05B,65.00%,$0.08B,$-0.02B,-18.75%,$0.08B,$-0.02B,-18.75%,$0.08B,$-0.01B,-8.75%,$0.08B,$-0.01B,-17.50%,$0.08B,$-0.02B,-18.75%,$-0.02B,$0.12B,-11.81%,$-0.02B,$0.03B,-26.55%,$-0.02B,$0.17B,-9.16%,$-0.02B,$0.12B,-11.81%,$24,$9,$15,$9,$12,$30,$-6,$-0,$-6,$0,$-7,$-7,$-7,$-2,$-6,$29,29,$-0.23,$-0.23,$26,$0,$0,$63,$6,$0,$89,$9,$104,$167,$30,$0,$15,$15,$44,$0,$-65,$3,$123,$167,$-13,$6,$6,$12,$1,$0,$-1,$-1,$1,$0,$-3,$0,$-31,$0,$0,$0,$0,$-34,$0,$0,$0,$0,$0,$0,$0,$0,$-34,$4,$0
42,2008-03-31,4.49,$4.33,1.04,$2.63,1.7,$-0.29,0.0,$-0.30,0.0,$0.07B,$0.03B,2.19,$0.00B,$0.13B,0.0,$0.07B,$0.05B,66.67%,$0.07B,$-0.01B,-15.28%,$0.07B,$-0.01B,-15.28%,$0.07B,$-0.01B,-8.33%,$0.07B,$-0.01B,-12.50%,$0.07B,$-0.01B,-12.50%,$-0.01B,$0.13B,-7.00%,$-0.01B,$0.04B,-13.00%,$-0.01B,$0.17B,-5.66%,$-0.01B,$0.13B,-8.56%,$21,$7,$13,$7,$11,$26,$-5,$1,$-5,$1,$-6,$-6,$-6,$-3,$-5,$29,29,$-0.21,$-0.21,$31,$0,$0,$70,$6,$0,$89,$8,$104,$174,$32,$0,$14,$15,$48,$0,$-58,$3,$127,$174,$-6,$2,$3,$5,$-0,$0,$1,$-1,$2,$1,$-2,$0,$-27,$0,$0,$0,$0,$-30,$0,$0,$0,$0,$0,$0,$0,$0,$-28,$2,$0
43,2007-12-31,5.22,$4.46,1.17,$4.28,1.22,$-0.42,0.0,$-0.68,0.0,$0.09B,$0.02B,4.09,$0.00B,$0.13B,0.0,$0.07B,$0.05B,68.66%,$0.07B,$-0.01B,-8.96%,$0.07B,$-0.01B,-8.96%,$0.07B,$-0.00B,-1.49%,$0.07B,$-0.00B,-5.97%,$0.07B,$-0.01B,-10.45%,$-0.01B,$0.13B,-5.44%,$-0.01B,$0.07B,-8.64%,$-0.01B,$0.16B,-4.59%,$-0.01B,$0.13B,-4.66%,$18,$6,$12,$6,$8,$20,$-2,$0,$-2,$-1,$-1,$-1,$-1,$-1,$-2,$23,23,$0.37,$0.37,$60,$0,$0,$91,$4,$0,$62,$4,$70,$162,$22,$0,$10,$10,$32,$0,$-52,$2,$129,$162,$-3,$5,$3,$8,$-3,$0,$2,$-4,$-6,$-1,$-2,$0,$-13,$6,$0,$6,$1,$-8,$-12,$0,$-12,$75,$75,$0,$0,$63,$54,$4,$0
