,Date,Stock Price,Book Value per Share,Price to Book Ratio,TTM Sales per Share,Price to Sales Ratio,TTM FCF per Share,Price to FCF Ratio,TTM Net EPS,PE Ratio,Current Assets,Current Liabilities,Current Ratio,Long Term Debt,Shareholder's Equity_x,Debt to Equity Ratio,TTM Revenue_x,TTM Gross Profit,Gross Margin,TTM Revenue_y,TTM Operating Income,Operating Margin,TTM Revenue_x,TTM EBIT,EBIT Margin,TTM Revenue_y,TTM EBITDA,EBITDA Margin,TTM Revenue_x,TTM Pre-Tax Income,Pre-Tax Margin,TTM Revenue_y,TTM Net Income_x,Net Margin,TTM Net Income_y,Shareholder's Equity_y,Return on Equity,TTM Net Income_x,Tangible Equity,Return on Tangible Equity,TTM Net Income_y,Total Assets,Return on Assets,TTM Net Income,LT Investments & Debt,Return on Investment,revenue,cost-goods-sold,gross-profit,research-development-expenses,selling-general-administrative-expenses,operating-expenses,operating-income,total-non-operating-income-expense,pre-tax-income,total-provision-income-taxes,income-after-taxes,income-from-continuous-operations,net-income,ebitda,ebit,basic-shares-outstanding,shares-outstanding,eps-basic-net-earnings-per-share,eps-earnings-per-share-diluted,cash-on-hand,inventory,other-current-assets,total-current-assets,net-property-plant-equipment,long-term-investments,goodwill-intangible-assets-total,other-long-term-assets,total-long-term-assets,total-assets,total-current-liabilities,long-term-debt,other-non-current-liabilities,total-long-term-liabilities,total-liabilities,common-stock-net,retained-earnings-accumulated-deficit,comprehensive-income,total-share-holder-equity,total-liabilities-share-holders-equity,net-income-loss,total-depreciation-amortization-cash-flow,other-non-cash-items,total-non-cash-items,change-in-accounts-receivable,change-in-inventories,change-in-accounts-payable,change-in-assets-liabilities,total-change-in-assets-liabilities,cash-flow-from-operating-activities,net-change-in-property-plant-equipment,net-change-in-intangible-assets,net-acquisitions-divestitures,net-change-in-short-term-investments,net-change-in-long-term-investments,net-change-in-investments-total,investing-activities-other,cash-flow-from-investing-activities,net-long-term-debt,net-current-debt,debt-issuance-retirement-net-total,net-common-equity-issued-repurchased,net-total-equity-issued-repurchased,total-common-preferred-stock-dividends-paid,financial-activities-other,cash-flow-from-financial-activities,net-cash-flow,stock-based-compensation,common-stock-dividends-paid
0,2018-09-30,35.3,$17.78,1.98,$12.04,2.93,$-0.01,0.0,$-0.93,0.0,$6.63B,$3.11B,2.13,$5.06B,$11.68B,0.43,$10.89B,$4.30B,39.51%,$10.89B,$1.50B,13.78%,$10.89B,$1.50B,13.78%,$10.89B,$2.77B,25.43%,$10.89B,$1.72B,15.82%,$10.89B,$-0.74B,-6.76%,$-0.74B,$13.98B,-5.06%,$-0.74B,$10.74B,-6.32%,$-0.74B,$26.39B,-2.76%,$1.50B,$19.03B,7.71%,$3008,$1776,$1232,$244,$439,$2486,$522,$236,$758,$133,$625,$625,$601,$840,$522,$805,930,$0.75,$0.67,$1903,$1921,$835,$6632,$14345,$322,$3239,$1023,$19760,$26392,$3112,$5056,$3545,$9302,$12414,$856,$16186,$-1136,$13978,$26392,$774,$963,$734,$1697,$-197,$-235,$94,$-155,$-493,$1978,$-1692,$0,$-804,$0,$0,$0,$230,$-2266,$594,$-375,$219,$-1806,$-1806,$-517,$-12,$-2116,$-2414,$0,$-517
1,2018-06-30,27.51,$17.24,1.6,$11.39,2.42,$-0.45,0.0,$-1.21,0.0,$6.48B,$2.91B,2.23,$5.10B,$11.65B,0.44,$10.49B,$4.12B,39.28%,$10.49B,$1.42B,13.54%,$10.49B,$1.42B,13.54%,$10.49B,$2.67B,25.41%,$10.49B,$1.44B,13.76%,$10.49B,$-0.97B,-9.26%,$-0.97B,$13.95B,-6.31%,$-0.97B,$10.70B,-7.67%,$-0.97B,$26.14B,-3.58%,$1.42B,$19.05B,7.08%,$2747,$1675,$1072,$243,$412,$2352,$395,$469,$864,$126,$738,$738,$738,$717,$395,$819,943,$0.87,$0.78,$2023,$1896,$723,$6484,$14201,$339,$3250,$1007,$19656,$26140,$2908,$5099,$3480,$9281,$12189,$855,$15731,$-1035,$13951,$26140,$149,$645,$759,$1404,$-41,$-193,$-146,$-138,$-518,$1035,$-1177,$0,$-794,$0,$0,$0,$216,$-1755,$595,$-375,$220,$-1440,$-1440,$-348,$-10,$-1578,$-2294,$0,$-348
2,2018-03-31,27.69,$17.41,1.59,$10.89,2.54,$-0.58,0.0,$-1.57,0.0,$7.66B,$3.00B,2.56,$4.81B,$12.19B,0.39,$10.24B,$4.04B,39.41%,$10.24B,$1.41B,13.78%,$10.24B,$1.41B,13.78%,$10.24B,$2.62B,25.53%,$10.24B,$1.17B,11.44%,$10.24B,$-1.27B,-12.40%,$-1.27B,$14.49B,-7.73%,$-1.27B,$11.94B,-9.14%,$-1.27B,$26.83B,-4.61%,$1.41B,$19.30B,6.84%,$2500,$1545,$955,$241,$501,$2306,$194,$-659,$-465,$124,$-589,$-589,$-613,$517,$194,$848,848,$-0.72,$-0.72,$3096,$1834,$986,$7663,$14416,$345,$2549,$952,$19171,$26834,$2995,$4808,$3797,$9351,$12346,$854,$15166,$-577,$14488,$26834,$-589,$323,$812,$1135,$94,$-98,$-162,$-60,$-226,$320,$-655,$0,$0,$0,$0,$0,$11,$-644,$-1,$0,$-1,$-779,$-779,$-177,$-2,$-959,$-1221,$0,$-177
3,2017-12-31,31.58,$18.55,1.7,$10.48,3.01,$-0.37,0.0,$-0.78,0.0,$8.83B,$3.21B,2.75,$4.75B,$13.47B,0.35,$10.12B,$4.03B,39.86%,$10.12B,$1.63B,16.11%,$10.12B,$1.63B,16.11%,$10.12B,$2.79B,27.56%,$10.12B,$1.66B,16.38%,$10.12B,$-0.60B,-5.88%,$-0.60B,$15.77B,-3.42%,$-0.60B,$13.21B,-3.99%,$-0.60B,$27.49B,-2.13%,$1.63B,$20.52B,7.64%,$2637,$1593,$1044,$237,$395,$2247,$390,$176,$566,$1978,$-1412,$-1412,$-1462,$696,$390,$895,895,$-1.60,$-1.54,$4317,$1712,$991,$8827,$14017,$340,$2563,$934,$18667,$27494,$3209,$4749,$3017,$8515,$11724,$854,$15930,$-842,$15770,$27494,$-497,$1158,$1518,$2676,$-225,$-170,$169,$51,$-175,$2004,$-1804,$0,$-157,$29,$0,$29,$222,$-1710,$1438,$-252,$1186,$-2143,$-2143,$-651,$-16,$-1624,$-974,$0,$-651
4,2017-09-30,29.39,$20.00,1.47,$9.70,3.03,$0.67,43.77,$2.35,12.51,$8.25B,$3.07B,2.69,$3.99B,$15.08B,0.27,$9.96B,$3.98B,39.96%,$9.96B,$1.67B,16.80%,$9.96B,$1.67B,16.80%,$9.96B,$2.83B,28.42%,$9.96B,$3.50B,35.11%,$9.96B,$2.41B,24.24%,$2.41B,$17.38B,13.44%,$2.41B,$14.81B,15.58%,$2.41B,$28.09B,8.61%,$1.67B,$21.38B,7.74%,$2607,$1557,$1050,$215,$375,$2165,$442,$37,$479,$89,$390,$390,$366,$736,$442,$883,1009,$0.41,$0.39,$3865,$1693,$948,$8254,$13344,$352,$2575,$928,$19840,$28094,$3065,$3994,$2940,$7646,$10711,$853,$17533,$-1146,$17383,$28094,$915,$852,$-180,$672,$-190,$-166,$-123,$8,$-471,$1116,$-1247,$0,$-171,$0,$0,$0,$200,$-1218,$701,$0,$701,$-1789,$-1789,$-493,$-14,$-1595,$-1426,$0,$-493
5,2017-06-30,29.36,$20.04,1.46,$9.39,3.13,$1.07,27.49,$2.22,13.22,$8.43B,$2.81B,3.0,$3.30B,$15.78B,0.21,$9.86B,$3.97B,40.27%,$9.86B,$1.77B,17.91%,$9.86B,$1.77B,17.91%,$9.86B,$2.93B,29.71%,$9.86B,$3.27B,33.21%,$9.86B,$2.31B,23.41%,$2.31B,$18.08B,12.78%,$2.31B,$15.63B,14.75%,$2.31B,$27.83B,8.18%,$1.77B,$21.38B,8.14%,$2497,$1510,$987,$206,$378,$2112,$385,$207,$592,$153,$439,$439,$439,$666,$385,$908,1034,$0.46,$0.42,$4189,$1616,$986,$8431,$13060,$348,$2450,$890,$19399,$27830,$2808,$3302,$2928,$6942,$9750,$852,$17303,$-1201,$18080,$27830,$525,$558,$-101,$457,$-98,$-110,$-317,$14,$-511,$471,$-761,$0,$-38,$29,$0,$29,$136,$-634,$-1,$0,$-1,$-793,$-793,$-333,$-11,$-1138,$-1102,$0,$-333
6,2017-03-31,26.24,$19.98,1.31,$8.97,2.92,$1.28,20.46,$3.67,7.15,$8.72B,$2.42B,3.6,$3.67B,$16.08B,0.23,$9.72B,$3.93B,40.47%,$9.72B,$1.63B,16.74%,$9.72B,$1.63B,16.74%,$9.72B,$2.80B,28.85%,$9.72B,$4.38B,45.11%,$9.72B,$4.05B,41.69%,$4.05B,$18.38B,21.96%,$4.05B,$15.94B,25.22%,$4.05B,$28.31B,14.01%,$1.63B,$22.05B,7.32%,$2375,$1424,$951,$202,$319,$1962,$413,$-393,$20,$-66,$86,$86,$62,$690,$413,$925,936,$0.07,$0.07,$4872,$1544,$719,$8718,$12969,$337,$2444,$1132,$19587,$28305,$2421,$3669,$3101,$7505,$9926,$850,$17030,$-1196,$18379,$28305,$86,$277,$204,$481,$-54,$-49,$-230,$-43,$-376,$191,$-364,$0,$-35,$0,$0,$0,$73,$-326,$0,$0,$0,$-218,$-218,$-168,$-2,$-388,$-447,$0,$-168
7,2016-12-31,23.46,$19.40,1.21,$8.29,2.83,$1.15,20.39,$3.24,7.24,$9.05B,$2.75B,3.29,$3.65B,$15.66B,0.23,$9.39B,$3.75B,39.89%,$9.39B,$1.39B,14.81%,$9.39B,$1.39B,14.81%,$9.39B,$2.59B,27.54%,$9.39B,$3.69B,39.32%,$9.39B,$3.60B,38.31%,$3.60B,$17.96B,19.60%,$3.60B,$15.59B,22.41%,$3.60B,$27.90B,12.48%,$1.39B,$21.61B,6.27%,$2476,$1486,$990,$173,$368,$2044,$432,$1972,$2404,$832,$1572,$1572,$1546,$737,$432,$1020,1144,$1.56,$1.46,$5291,$1471,$805,$9048,$12546,$336,$2373,$1271,$18851,$27899,$2751,$3646,$2805,$7188,$9939,$846,$16880,$-1676,$17960,$27899,$3695,$1195,$-2472,$-1277,$-106,$-68,$259,$34,$119,$2537,$-1088,$0,$-333,$101,$4818,$4919,$164,$3662,$-488,$-85,$-573,$-4089,$-4089,$-645,$-15,$-5322,$791,$0,$-645
8,2016-09-30,22.73,$18.70,1.22,$7.79,2.92,$1.06,21.46,$1.94,11.71,$8.48B,$2.29B,3.7,$3.92B,$15.49B,0.25,$9.15B,$3.61B,39.51%,$9.15B,$1.05B,11.44%,$9.15B,$1.05B,11.44%,$9.15B,$2.24B,24.47%,$9.15B,$1.46B,15.93%,$9.15B,$2.25B,24.59%,$2.25B,$17.79B,12.11%,$2.25B,$15.42B,13.76%,$2.25B,$28.81B,7.76%,$1.05B,$21.70B,4.65%,$2507,$1466,$1041,$187,$302,$1972,$535,$-278,$257,$-27,$284,$284,$260,$835,$535,$978,1102,$0.27,$0.26,$4821,$1516,$497,$8479,$13293,$352,$2366,$1209,$20330,$28809,$2294,$3916,$4104,$8728,$11022,$844,$15460,$-715,$17787,$28809,$2123,$890,$-1626,$-736,$-184,$-69,$28,$-53,$-278,$1109,$-815,$0,$-279,$101,$4818,$4919,$131,$3956,$-1,$-566,$-567,$-3798,$-3798,$-493,$-14,$-4872,$321,$0,$-493
9,2016-06-30,19.56,$18.97,1.03,$7.38,2.65,$1.54,12.74,$1.83,10.69,$10.75B,$2.45B,4.39,$3.92B,$17.37B,0.23,$8.91B,$3.46B,38.88%,$8.91B,$0.90B,10.13%,$8.91B,$0.90B,10.13%,$8.91B,$2.09B,23.42%,$8.91B,$1.42B,15.91%,$8.91B,$2.18B,24.43%,$2.18B,$19.67B,11.37%,$2.18B,$17.30B,12.80%,$2.18B,$30.65B,7.51%,$0.90B,$23.59B,3.92%,$2360,$1409,$951,$192,$499,$2113,$247,$1456,$1703,$-504,$2207,$2207,$2183,$542,$247,$1059,1182,$2.06,$1.87,$7144,$1501,$558,$10747,$13048,$346,$2373,$1187,$19906,$30653,$2448,$3918,$3905,$8533,$10981,$842,$15331,$-966,$19672,$30653,$1839,$590,$-1642,$-1052,$-103,$-66,$-103,$-60,$-332,$455,$-533,$0,$-279,$101,$4818,$4919,$131,$4238,$-231,$-64,$-295,$-1488,$-1488,$-340,$-12,$-2135,$2644,$0,$-340
10,2016-03-31,19.82,$16.73,1.18,$7.09,2.8,$1.97,10.05,$0.32,61.95,$7.18B,$2.56B,2.8,$3.91B,$15.69B,0.25,$8.89B,$3.49B,39.22%,$8.89B,$1.09B,12.22%,$8.89B,$1.09B,12.22%,$8.89B,$2.28B,25.58%,$8.89B,$0.32B,3.61%,$8.89B,$0.47B,5.24%,$0.47B,$17.99B,2.39%,$0.47B,$15.89B,2.67%,$0.47B,$27.95B,1.62%,$1.09B,$21.90B,4.65%,$2047,$1283,$764,$190,$303,$1870,$177,$-849,$-672,$-304,$-368,$-368,$-392,$472,$177,$1103,1103,$-0.36,$-0.36,$3540,$1453,$797,$7178,$12823,$2072,$2102,$1342,$20767,$27945,$2564,$3910,$2767,$7394,$9958,$841,$13290,$-1404,$17987,$27945,$-368,$295,$426,$721,$21,$-42,$-293,$-119,$-433,$-80,$-270,$0,$0,$101,$0,$101,$93,$-76,$-1,$-45,$-46,$-694,$-694,$-173,$-3,$-916,$-960,$9,$-173
11,2015-12-31,17.22,$16.69,1.03,$6.86,2.51,$2.48,6.94,$0.97,17.75,$8.27B,$2.81B,2.94,$3.89B,$16.56B,0.24,$9.11B,$3.65B,40.09%,$9.11B,$1.32B,14.51%,$9.11B,$1.32B,14.51%,$9.11B,$2.51B,27.51%,$9.11B,$1.49B,16.31%,$9.11B,$1.24B,13.62%,$1.24B,$18.86B,6.10%,$1.24B,$16.78B,6.78%,$1.24B,$28.53B,4.26%,$1.32B,$22.75B,5.49%,$2231,$1374,$857,$208,$548,$2144,$87,$82,$169,$-55,$224,$224,$198,$389,$87,$1219,1343,$0.18,$0.20,$4600,$1385,$912,$8269,$12648,$1975,$2086,$1493,$20258,$28527,$2814,$3890,$2242,$6850,$9664,$840,$13832,$-1811,$18863,$28527,$1339,$1184,$283,$1467,$162,$-77,$-126,$64,$23,$2829,$-1250,$0,$-720,$660,$0,$660,$625,$-685,$1220,$-9,$1211,$-3126,$-3126,$-679,$-29,$-2623,$-809,$0,$-679
12,2015-09-30,16.02,$16.95,0.95,$6.88,2.33,$3.85,4.16,$1.50,10.68,$9.25B,$1.97B,4.71,$3.92B,$17.77B,0.22,$9.28B,$3.79B,40.84%,$9.28B,$1.77B,19.08%,$9.28B,$1.77B,19.08%,$9.28B,$2.95B,31.79%,$9.28B,$2.65B,28.59%,$9.28B,$2.01B,21.61%,$2.01B,$20.07B,9.54%,$2.01B,$18.06B,10.50%,$2.01B,$28.90B,6.79%,$1.77B,$23.99B,7.20%,$2272,$1380,$892,$181,$307,$1880,$392,$-174,$218,$6,$212,$212,$188,$684,$392,$1210,1218,$0.16,$0.15,$5013,$1374,$1072,$9253,$12549,$1826,$2008,$1551,$19645,$28898,$1966,$3915,$2165,$6862,$8828,$840,$13769,$-1803,$20070,$28898,$1115,$882,$399,$1281,$52,$-60,$-294,$-204,$-506,$1845,$-939,$0,$-531,$187,$-33,$154,$494,$-822,$744,$2,$746,$-1806,$-1806,$-519,$-10,$-1589,$-869,$36,$-519
13,2015-06-30,18.34,$17.10,1.07,$6.82,2.69,$5.13,3.57,$2.07,8.86,$9.87B,$2.02B,4.88,$3.91B,$18.76B,0.21,$9.55B,$3.99B,41.76%,$9.55B,$2.00B,20.93%,$9.55B,$2.00B,20.93%,$9.55B,$3.19B,33.40%,$9.55B,$3.85B,40.25%,$9.55B,$2.81B,29.40%,$2.81B,$21.06B,13.07%,$2.81B,$19.01B,14.30%,$2.81B,$29.89B,9.43%,$2.00B,$24.97B,8.04%,$2343,$1368,$975,$191,$337,$1912,$431,$175,$606,$110,$496,$496,$472,$730,$431,$1246,1371,$0.38,$0.36,$5473,$1385,$1174,$9868,$12669,$1844,$2043,$1656,$20020,$29888,$2022,$3910,$2120,$6811,$8833,$840,$13727,$-1591,$21055,$29888,$903,$590,$9,$599,$-25,$-54,$-191,$-84,$-354,$1148,$-641,$0,$-531,$0,$222,$222,$327,$-623,$744,$2,$746,$-995,$-995,$-350,$-10,$-609,$-341,$25,$-350
14,2015-03-31,20.96,$16.98,1.23,$7.00,3.0,$6.29,3.33,$1.82,11.52,$9.24B,$1.90B,4.88,$3.17B,$19.07B,0.17,$9.69B,$4.05B,41.75%,$9.69B,$2.03B,20.93%,$9.69B,$2.03B,20.93%,$9.69B,$3.22B,33.25%,$9.69B,$3.58B,36.94%,$9.69B,$2.48B,25.60%,$2.48B,$21.37B,11.45%,$2.48B,$19.33B,12.45%,$2.48B,$29.32B,8.34%,$2.03B,$24.54B,8.15%,$2265,$1336,$929,$189,$316,$1853,$412,$81,$493,$86,$407,$407,$383,$703,$412,$1266,1394,$0.30,$0.29,$5067,$1331,$1091,$9238,$12708,$1764,$2045,$1685,$20085,$29323,$1895,$3165,$2081,$6056,$7951,$840,$13405,$-1556,$21372,$29323,$407,$291,$209,$500,$35,$-1,$-314,$-26,$-306,$601,$-333,$0,$-531,$-2,$0,$-2,$153,$-713,$0,$0,$0,$-388,$-388,$-177,$-9,$-574,$-1005,$10,$-177
15,2014-12-31,21.09,$17.00,1.24,$7.04,2.99,$7.18,2.94,$1.73,12.19,$10.24B,$2.32B,4.41,$3.23B,$19.35B,0.17,$9.72B,$4.05B,41.71%,$9.72B,$1.93B,19.88%,$9.72B,$1.93B,19.88%,$9.72B,$3.13B,32.23%,$9.72B,$3.57B,36.73%,$9.72B,$2.38B,24.48%,$2.38B,$21.65B,10.93%,$2.38B,$20.01B,11.83%,$2.38B,$30.06B,7.98%,$1.93B,$24.88B,7.73%,$2404,$1408,$996,$210,$222,$1868,$536,$801,$1337,$349,$988,$988,$963,$834,$536,$1305,1427,$0.73,$0.70,$6068,$1322,$1099,$10238,$12766,$1801,$1647,$1722,$19825,$30063,$2324,$3227,$2046,$6087,$8411,$836,$13021,$-1307,$21652,$30063,$2472,$1200,$901,$2101,$-16,$2,$-3,$153,$136,$4709,$-1076,$0,$66,$-231,$-109,$-340,$388,$-962,$-6,$-23,$-29,$-2367,$-1967,$-591,$1,$-2586,$605,$58,$-591
16,2014-09-30,17.7,$17.04,1.04,$6.70,2.64,$5.84,3.03,$1.33,13.31,$10.01B,$2.14B,4.68,$3.23B,$19.55B,0.17,$9.27B,$3.83B,41.29%,$9.27B,$1.58B,17.04%,$9.27B,$1.58B,17.04%,$9.27B,$2.73B,29.46%,$9.27B,$2.80B,30.19%,$9.27B,$1.84B,19.81%,$1.84B,$21.85B,8.48%,$1.84B,$20.20B,9.17%,$1.84B,$29.82B,6.24%,$1.58B,$25.08B,6.34%,$2540,$1451,$1089,$199,$261,$1920,$620,$789,$1409,$395,$1014,$1014,$990,$923,$620,$1284,1411,$0.77,$0.72,$6104,$1327,$825,$10013,$13033,$2002,$1653,$1170,$19802,$29815,$2138,$3228,$1842,$5827,$7965,$836,$12339,$-489,$21850,$29815,$1484,$902,$1469,$2371,$-63,$27,$-339,$117,$-258,$3597,$-740,$0,$66,$-216,$-109,$-325,$246,$-753,$-1,$396,$395,$-2202,$-1802,$-439,$0,$-1846,$649,$47,$-439
17,2014-06-30,19.99,$16.92,1.18,$6.31,3.17,$4.38,4.56,$0.89,22.46,$9.86B,$2.18B,4.53,$3.24B,$19.53B,0.17,$8.79B,$3.64B,41.37%,$8.79B,$1.40B,15.90%,$8.79B,$1.40B,15.90%,$8.79B,$2.49B,28.36%,$8.79B,$1.94B,22.04%,$8.79B,$1.25B,14.26%,$1.25B,$21.83B,5.79%,$1.25B,$20.15B,6.26%,$1.25B,$29.83B,4.30%,$1.40B,$25.07B,5.64%,$2482,$1450,$1032,$208,$322,$2022,$460,$-119,$341,$172,$169,$169,$145,$762,$460,$1302,1315,$0.11,$0.11,$5886,$1380,$604,$9864,$13523,$2013,$1682,$666,$19968,$29832,$2177,$3238,$1834,$5823,$8000,$835,$11478,$185,$21832,$29832,$470,$599,$1709,$2308,$-11,$13,$-384,$84,$-298,$2480,$-478,$0,$66,$-229,$-109,$-338,$167,$-583,$-1,$391,$390,$-1992,$-1592,$-287,$0,$-1489,$414,$28,$-287
18,2014-03-31,18.87,$16.63,1.13,$5.76,3.28,$3.25,5.81,$1.21,15.6,$9.61B,$2.05B,4.7,$3.22B,$19.42B,0.17,$8.29B,$3.49B,42.07%,$8.29B,$1.36B,16.42%,$8.29B,$1.36B,16.42%,$8.29B,$2.41B,29.01%,$8.29B,$2.43B,29.25%,$8.29B,$1.75B,21.06%,$1.75B,$21.72B,8.11%,$1.75B,$20.05B,8.75%,$1.75B,$29.54B,6.07%,$1.36B,$24.94B,5.54%,$2289,$1354,$935,$198,$397,$1974,$315,$166,$481,$180,$301,$301,$280,$612,$315,$1359,1370,$0.21,$0.20,$5612,$1395,$697,$9613,$13344,$1976,$1665,$766,$19931,$29544,$2046,$3224,$1789,$5779,$7825,$833,$11465,$-70,$21719,$29544,$301,$297,$1532,$1829,$21,$-3,$-413,$2,$-393,$1737,$-246,$0,$66,$-107,$-109,$-216,$95,$-301,$0,$410,$410,$-1851,$-1451,$-136,$0,$-1177,$264,$15,$-136
19,2013-12-31,16.07,$15.16,1.06,$5.32,3.02,$2.45,6.56,$1.34,11.99,$8.89B,$1.75B,5.09,$3.27B,$21.21B,0.15,$7.82B,$3.32B,42.51%,$7.82B,$1.37B,17.53%,$7.82B,$1.37B,17.53%,$7.82B,$2.37B,30.35%,$7.82B,$2.47B,31.63%,$7.82B,$1.96B,25.08%,$1.96B,$21.21B,9.14%,$1.96B,$19.67B,9.84%,$1.96B,$28.48B,6.87%,$1.37B,$24.48B,5.62%,$1956,$1186,$770,$169,$336,$1772,$184,$383,$567,$146,$421,$421,$421,$433,$184,$1452,1462,$0.31,$0.30,$5235,$1270,$855,$8891,$9801,$5537,$1542,$473,$19587,$28478,$1746,$3272,$1483,$5521,$7267,$831,$11320,$44,$21211,$28478,$1961,$1002,$71,$1073,$-29,$-247,$-23,$52,$-247,$2787,$-1019,$0,$-68,$620,$-526,$94,$-11,$-1004,$-257,$-71,$-328,$-1431,$-1431,$-566,$262,$-2063,$-284,$54,$-566
20,2013-09-30,13.08,$15.06,0.87,$5.40,2.42,$2.17,6.02,$1.23,10.63,$9.13B,$1.58B,5.79,$2.82B,$21.80B,0.13,$8.01B,$3.35B,41.85%,$8.01B,$1.27B,15.81%,$8.01B,$1.27B,15.81%,$8.01B,$2.29B,28.54%,$8.01B,$2.09B,26.07%,$8.01B,$1.70B,21.16%,$1.70B,$21.80B,7.87%,$1.70B,$20.25B,8.47%,$1.70B,$28.71B,5.89%,$1.27B,$24.61B,5.16%,$2067,$1166,$901,$184,$265,$1628,$439,$110,$549,$141,$408,$408,$408,$687,$439,$1454,1463,$0.28,$0.28,$5446,$1275,$706,$9128,$9977,$5160,$1551,$495,$19586,$28714,$1578,$2816,$1605,$5338,$6916,$829,$11017,$-75,$21798,$28714,$1540,$753,$-276,$477,$-139,$-238,$-278,$141,$-514,$1503,$-682,$0,$-66,$266,$-19,$247,$-74,$-575,$-500,$-69,$-569,$-387,$-387,$-426,$35,$-1347,$-428,$40,$-426
21,2013-06-30,12.67,$14.69,0.86,$5.35,2.37,$2.07,6.11,$1.29,9.82,$9.05B,$1.60B,5.67,$2.82B,$21.45B,0.13,$7.98B,$3.34B,41.85%,$7.98B,$1.24B,15.51%,$7.98B,$1.24B,15.51%,$7.98B,$2.26B,28.30%,$7.98B,$2.17B,27.14%,$7.98B,$1.82B,22.81%,$1.82B,$21.45B,8.44%,$1.82B,$19.90B,9.01%,$1.82B,$28.39B,6.29%,$1.24B,$24.28B,5.02%,$1982,$1099,$883,$179,$266,$1558,$424,$405,$829,$191,$638,$638,$638,$674,$424,$1469,1478,$0.43,$0.43,$5471,$1240,$764,$9053,$9954,$4809,$1559,$561,$19336,$28389,$1597,$2822,$1600,$5338,$6935,$828,$10754,$-388,$21454,$28389,$1132,$505,$-262,$243,$-56,$-211,$-241,$145,$-363,$1012,$-438,$0,$-66,$283,$-15,$268,$-99,$-335,$-500,$-11,$-511,$-193,$-193,$-280,$-9,$-993,$-387,$25,$-280
22,2013-03-31,11.79,$14.52,0.81,$5.27,2.24,$2.00,5.89,$1.16,10.16,$9.27B,$1.80B,5.16,$2.86B,$21.39B,0.13,$7.91B,$3.27B,41.30%,$7.91B,$1.14B,14.44%,$7.91B,$1.14B,14.44%,$7.91B,$2.15B,27.25%,$7.91B,$1.91B,24.17%,$7.91B,$1.66B,20.95%,$1.66B,$21.39B,7.68%,$1.66B,$19.91B,8.14%,$1.66B,$28.60B,5.70%,$1.14B,$24.25B,4.62%,$1814,$1044,$770,$178,$259,$1490,$324,$204,$528,$34,$494,$494,$494,$579,$324,$1472,1481,$0.33,$0.33,$5775,$1171,$681,$9269,$10171,$4726,$1485,$437,$19326,$28595,$1795,$2855,$1622,$5410,$7205,$826,$10262,$-132,$21390,$28595,$494,$255,$-56,$199,$17,$-138,$-112,$163,$-70,$623,$-194,$0,$0,$178,$0,$178,$-106,$-122,$-499,$-9,$-508,$12,$12,$-133,$0,$-629,$-191,$11,$-133
23,2012-12-31,11.08,$14.65,0.76,$5.30,2.09,$1.94,5.71,$1.13,9.81,$9.70B,$1.96B,4.96,$3.38B,$21.53B,0.16,$8.01B,$3.32B,41.43%,$8.01B,$1.18B,14.72%,$8.01B,$1.18B,14.72%,$8.01B,$2.18B,27.16%,$8.01B,$1.98B,24.65%,$8.01B,$1.64B,20.42%,$1.64B,$21.53B,7.59%,$1.64B,$20.04B,7.99%,$1.64B,$29.38B,5.64%,$1.18B,$24.92B,4.75%,$2146,$1348,$798,$218,$357,$2067,$79,$103,$182,$27,$155,$155,$155,$346,$79,$1494,1506,$0.12,$0.11,$6144,$1051,$619,$9695,$10625,$4915,$1496,$301,$19680,$29375,$1956,$3382,$1574,$5886,$7842,$825,$9932,$356,$21533,$29375,$1636,$997,$931,$1928,$-272,$-23,$189,$-252,$-358,$3206,$-1801,$0,$-723,$-1,$-111,$-112,$8,$-2628,$1081,$-26,$1055,$-682,$-682,$-472,$-16,$-115,$327,$70,$-472
24,2012-09-30,11.45,$14.81,0.77,$5.07,2.26,$1.49,7.71,$1.25,9.16,$9.52B,$1.99B,4.79,$3.27B,$21.89B,0.15,$7.75B,$3.36B,43.29%,$7.75B,$1.34B,17.30%,$7.75B,$1.34B,17.30%,$7.75B,$2.32B,29.90%,$7.75B,$2.36B,30.48%,$7.75B,$1.98B,25.59%,$1.98B,$21.89B,9.25%,$1.98B,$20.97B,9.67%,$1.98B,$29.41B,6.93%,$1.34B,$25.16B,5.49%,$2038,$1149,$889,$182,$289,$1627,$411,$216,$627,$94,$533,$533,$533,$659,$411,$1483,1494,$0.36,$0.36,$6351,$1003,$424,$9516,$11036,$5172,$912,$273,$19894,$29410,$1987,$3272,$1364,$5537,$7524,$824,$10438,$105,$21886,$29410,$1481,$730,$-79,$651,$-149,$-31,$-42,$56,$-166,$1966,$-1275,$0,$0,$-241,$-111,$-352,$6,$-1621,$1029,$-24,$1005,$-554,$-554,$-339,$-18,$94,$291,$56,$-339
25,2012-06-30,11.19,$14.36,0.78,$5.01,2.23,$1.25,8.93,$1.42,7.88,$9.38B,$1.89B,4.96,$3.23B,$21.40B,0.15,$7.79B,$3.45B,44.22%,$7.79B,$1.52B,19.47%,$7.79B,$1.52B,19.47%,$7.79B,$2.49B,31.98%,$7.79B,$2.66B,34.11%,$7.79B,$2.26B,29.04%,$2.26B,$21.40B,10.57%,$2.26B,$20.49B,11.04%,$2.26B,$28.75B,7.99%,$1.52B,$24.63B,6.28%,$1908,$1100,$808,$185,$286,$1580,$328,$246,$574,$100,$474,$474,$474,$570,$328,$1506,1518,$0.31,$0.31,$6345,$999,$436,$9378,$10751,$4870,$916,$274,$19376,$28754,$1892,$3229,$1331,$5460,$7352,$823,$10029,$-136,$21402,$28754,$948,$482,$47,$529,$-68,$-35,$-45,$3,$-145,$1332,$-853,$0,$0,$-179,$-111,$-290,$4,$-1139,$885,$-13,$872,$-367,$-367,$-227,$-18,$260,$347,$40,$-227
26,2012-03-31,12.12,$14.10,0.86,$5.01,2.42,$1.00,12.16,$1.59,7.62,$9.80B,$1.78B,5.5,$3.14B,$21.37B,0.15,$7.89B,$3.53B,44.71%,$7.89B,$1.61B,20.45%,$7.89B,$1.61B,20.45%,$7.89B,$2.58B,32.72%,$7.89B,$2.96B,37.54%,$7.89B,$2.54B,32.24%,$2.54B,$21.37B,11.90%,$2.54B,$20.45B,12.42%,$2.54B,$28.49B,9.06%,$1.61B,$24.50B,6.75%,$1920,$1096,$824,$184,$273,$1559,$361,$231,$592,$118,$474,$474,$474,$601,$361,$1516,1530,$0.31,$0.31,$6836,$955,$479,$9801,$10373,$4554,$922,$259,$18688,$28489,$1781,$3135,$1306,$5341,$7122,$822,$9679,$-140,$21367,$28489,$474,$240,$292,$532,$-49,$12,$-51,$-156,$-244,$762,$-412,$0,$0,$-187,$0,$-187,$-5,$-604,$790,$-10,$780,$-56,$-56,$-114,$-18,$592,$829,$24,$-114
27,2011-12-31,11.11,$13.95,0.8,$4.97,2.24,$0.79,14.01,$1.76,6.31,$8.68B,$2.10B,4.14,$2.36B,$21.13B,0.11,$7.89B,$3.58B,45.32%,$7.89B,$1.71B,21.70%,$7.89B,$1.71B,21.70%,$7.89B,$2.67B,33.83%,$7.89B,$3.23B,40.95%,$7.89B,$2.82B,35.70%,$2.82B,$21.13B,13.34%,$2.82B,$20.20B,13.93%,$2.82B,$27.85B,10.20%,$1.71B,$23.49B,7.31%,$1887,$1052,$835,$174,$278,$1646,$241,$329,$570,$67,$503,$503,$503,$488,$241,$1562,1583,$0.32,$0.33,$5825,$975,$347,$8677,$10671,$4726,$926,$196,$19171,$27848,$2097,$2364,$1361,$4622,$6719,$818,$9332,$-89,$21129,$27848,$2817,$957,$-217,$740,$-84,$-201,$-27,$-122,$-434,$3189,$-2432,$0,$-213,$589,$0,$589,$0,$-2056,$88,$-24,$64,$-690,$-690,$-354,$0,$-980,$63,$86,$-354
28,2011-09-30,10.53,$13.82,0.76,$4.89,2.15,$2.10,5.0,$2.11,4.99,$9.26B,$2.01B,4.61,$2.28B,$21.69B,0.11,$7.77B,$3.51B,45.16%,$7.77B,$2.12B,27.29%,$7.77B,$2.12B,27.29%,$7.77B,$3.05B,39.32%,$7.77B,$3.85B,49.56%,$7.77B,$3.36B,43.23%,$3.36B,$21.69B,16.23%,$3.36B,$20.81B,16.91%,$3.36B,$28.17B,12.38%,$2.12B,$23.97B,9.24%,$2075,$1097,$978,$166,$216,$1488,$587,$334,$921,$110,$811,$811,$811,$832,$587,$1569,1588,$0.52,$0.51,$6421,$939,$359,$9264,$10266,$4890,$881,$157,$18909,$28173,$2009,$2282,$1300,$4473,$6482,$818,$8958,$93,$21691,$28173,$2314,$710,$-331,$379,$-182,$-170,$-107,$-202,$-661,$2032,$-1666,$0,$-148,$233,$0,$233,$1,$-1580,$2,$-22,$-20,$82,$82,$-237,$0,$-175,$303,$66,$-237
29,2011-06-30,15.41,$13.59,1.13,$4.60,3.35,$2.64,5.84,$2.10,7.34,$9.33B,$2.08B,4.48,$2.25B,$21.31B,0.11,$7.30B,$3.25B,44.61%,$7.30B,$1.85B,25.39%,$7.30B,$1.85B,25.39%,$7.30B,$2.76B,37.77%,$7.30B,$3.73B,51.10%,$7.30B,$3.33B,45.68%,$3.33B,$21.31B,16.75%,$3.33B,$20.42B,17.44%,$3.33B,$27.83B,12.69%,$1.85B,$23.55B,8.35%,$2005,$1116,$889,$172,$284,$1581,$424,$454,$878,$123,$755,$755,$755,$660,$424,$1568,1591,$0.48,$0.47,$6357,$917,$364,$9329,$9755,$5029,$883,$150,$18496,$27825,$2083,$2248,$1302,$4436,$6519,$817,$8227,$464,$21306,$27825,$1503,$465,$-228,$237,$-243,$-143,$-43,$-258,$-687,$1119,$-1026,$0,$-148,$7,$0,$7,$5,$-1162,$-32,$-12,$-44,$73,$73,$-158,$0,$-129,$11,$45,$-158
30,2011-03-31,17.47,$12.99,1.34,$4.42,3.95,$3.22,5.43,$2.21,7.9,$9.04B,$1.89B,4.77,$2.25B,$20.36B,0.11,$7.00B,$3.19B,45.59%,$7.00B,$1.86B,26.54%,$7.00B,$1.86B,26.54%,$7.00B,$2.73B,39.03%,$7.00B,$3.79B,54.18%,$7.00B,$3.49B,49.84%,$3.49B,$20.36B,18.54%,$3.49B,$19.47B,19.29%,$3.49B,$26.66B,14.00%,$1.86B,$22.60B,8.84%,$1923,$1049,$874,$156,$250,$1463,$460,$402,$862,$114,$748,$748,$748,$689,$460,$1565,1589,$0.48,$0.47,$6303,$841,$353,$9037,$9235,$4569,$885,$174,$17623,$26660,$1894,$2245,$1251,$4411,$6305,$817,$7550,$223,$20355,$26660,$748,$229,$60,$289,$-121,$-79,$-83,$-181,$-464,$573,$-532,$0,$-148,$20,$0,$20,$3,$-657,$-32,$-10,$-42,$64,$64,$-79,$0,$-57,$-28,$23,$-79
31,2010-12-31,16.32,$12.44,1.31,$4.20,3.89,$3.49,4.68,$2.26,7.22,$8.86B,$1.99B,4.46,$2.26B,$19.43B,0.12,$6.63B,$3.05B,45.97%,$6.63B,$1.80B,27.16%,$6.63B,$1.80B,27.16%,$6.63B,$2.66B,40.03%,$6.63B,$3.85B,57.98%,$6.63B,$3.56B,53.65%,$3.56B,$19.43B,19.96%,$3.56B,$18.71B,20.76%,$3.56B,$25.83B,15.02%,$1.80B,$21.69B,9.03%,$1765,$998,$767,$166,$284,$1116,$649,$540,$1189,$145,$1044,$1044,$1044,$873,$649,$1558,1581,$0.67,$0.65,$6350,$738,$367,$8859,$8943,$4372,$716,$153,$16974,$25833,$1986,$2262,$1246,$4421,$6407,$813,$6881,$43,$19426,$25833,$3558,$854,$-457,$397,$-162,$-160,$192,$10,$-120,$3835,$-1006,$0,$-63,$-707,$0,$-707,$7,$-1769,$316,$-75,$241,$70,$70,$-313,$0,$-2,$2057,$92,$-313
32,2010-09-30,15.4,$11.85,1.3,$4.06,3.8,$2.47,6.23,$2.07,7.44,$7.36B,$1.69B,4.35,$2.39B,$18.47B,0.13,$6.40B,$2.93B,45.80%,$6.40B,$1.35B,21.13%,$6.40B,$1.35B,21.13%,$6.40B,$2.18B,34.07%,$6.40B,$3.36B,52.51%,$6.40B,$3.25B,50.85%,$3.25B,$18.47B,19.30%,$3.25B,$17.80B,20.10%,$3.25B,$24.67B,14.42%,$1.35B,$20.86B,7.15%,$1602,$878,$724,$148,$250,$1283,$319,$480,$799,$14,$785,$785,$785,$533,$319,$1557,1580,$0.50,$0.50,$5029,$712,$313,$7363,$8526,$5194,$668,$127,$17307,$24670,$1694,$2390,$1290,$4509,$6203,$812,$5916,$81,$18467,$24670,$2514,$630,$-1263,$-633,$-62,$-147,$8,$63,$-138,$1743,$-533,$0,$0,$-682,$0,$-682,$6,$-1209,$424,$-70,$354,$54,$54,$-235,$0,$173,$761,$77,$-235
33,2010-06-30,13.56,$10.94,1.24,$3.99,3.4,$1.99,6.81,$1.98,6.85,$6.46B,$1.46B,4.43,$1.93B,$17.04B,0.11,$6.28B,$2.81B,44.71%,$6.28B,$1.26B,20.12%,$6.28B,$1.26B,20.12%,$6.28B,$2.11B,33.57%,$6.28B,$3.24B,51.56%,$6.28B,$3.11B,49.59%,$3.11B,$17.04B,19.45%,$3.11B,$16.37B,20.30%,$3.11B,$22.54B,14.42%,$1.26B,$18.97B,7.04%,$1712,$885,$827,$144,$246,$1282,$430,$514,$944,$31,$913,$913,$913,$638,$430,$1558,1581,$0.59,$0.58,$4259,$607,$290,$6460,$8047,$4434,$669,$120,$16081,$22541,$1457,$1927,$1287,$4042,$5499,$812,$5208,$-606,$17042,$22541,$1729,$416,$-788,$-372,$-193,$-62,$1,$212,$-42,$1315,$-309,$0,$0,$0,$0,$0,$2,$-307,$0,$-61,$-61,$44,$44,$-156,$0,$-173,$673,$55,$-156
34,2010-03-31,16.92,$10.51,1.61,$3.79,4.46,$1.46,11.62,$1.79,9.45,$6.05B,$1.28B,4.74,$1.92B,$16.35B,0.12,$5.96B,$2.55B,42.86%,$5.96B,$1.05B,17.69%,$5.96B,$1.05B,17.69%,$5.96B,$1.88B,31.48%,$5.96B,$2.90B,48.65%,$5.96B,$2.81B,47.16%,$2.81B,$16.35B,18.48%,$2.81B,$15.68B,19.22%,$2.81B,$21.73B,13.48%,$1.05B,$18.27B,6.15%,$1553,$822,$731,$145,$235,$1150,$403,$510,$913,$97,$816,$816,$816,$611,$403,$1555,1579,$0.52,$0.52,$3873,$604,$323,$6052,$7847,$4296,$674,$125,$15675,$21727,$1278,$1919,$1311,$4096,$5374,$811,$4374,$-419,$16353,$21727,$816,$208,$-251,$-43,$-120,$-31,$-74,$95,$-130,$643,$-173,$0,$0,$248,$0,$248,$2,$77,$0,$-58,$-58,$25,$25,$-78,$0,$-111,$534,$29,$-78
35,2009-12-31,16.12,$10.05,1.6,$3.44,4.68,$1.16,13.92,$1.28,12.6,$5.52B,$1.54B,3.59,$1.93B,$15.60B,0.12,$5.40B,$2.09B,38.80%,$5.40B,$0.39B,7.25%,$5.40B,$0.39B,7.25%,$5.40B,$1.18B,21.93%,$5.40B,$1.93B,35.85%,$5.40B,$2.01B,37.22%,$2.01B,$15.60B,14.05%,$2.01B,$14.92B,14.55%,$2.01B,$21.30B,10.06%,$0.39B,$17.53B,2.42%,$1532,$883,$649,$145,$244,$1332,$200,$504,$704,$-36,$740,$740,$740,$398,$200,$1550,1568,$0.49,$0.47,$3583,$579,$371,$5521,$7995,$3992,$676,$129,$15774,$21295,$1539,$1930,$1373,$4161,$5700,$808,$3636,$-401,$15595,$21295,$2008,$792,$-875,$-83,$-201,$238,$56,$59,$152,$2077,$-869,$0,$-410,$-91,$0,$-91,$0,$-1370,$336,$-86,$250,$44,$44,$-312,$3,$-15,$668,$127,$-312
36,2009-09-30,12.74,$9.69,1.32,$3.15,4.04,$0.53,24.03,$0.97,13.14,$4.85B,$1.52B,3.19,$1.95B,$15.02B,0.13,$4.95B,$1.75B,35.40%,$4.95B,$0.17B,3.40%,$4.95B,$0.17B,3.40%,$4.95B,$0.97B,19.55%,$4.95B,$1.46B,29.55%,$4.95B,$1.52B,30.67%,$1.52B,$15.02B,11.02%,$1.52B,$14.34B,11.35%,$1.52B,$20.75B,7.80%,$0.17B,$16.96B,1.08%,$1479,$880,$599,$131,$219,$1249,$230,$445,$675,$32,$643,$643,$643,$460,$230,$1550,1569,$0.41,$0.41,$2930,$618,$338,$4847,$8180,$3818,$680,$147,$15900,$20747,$1520,$1945,$1496,$4209,$5729,$807,$2974,$-266,$15018,$20747,$1268,$594,$-683,$-89,$-265,$204,$24,$22,$-15,$1164,$-712,$0,$-410,$-17,$0,$-17,$0,$-1139,$336,$-84,$252,$26,$26,$-234,$3,$47,$89,$97,$-234
37,2009-06-30,13.33,$8.94,1.49,$3.19,4.17,$0.63,21.19,$1.05,12.69,$5.03B,$1.53B,3.28,$1.94B,$13.85B,0.14,$5.02B,$1.89B,37.57%,$5.02B,$0.29B,5.71%,$5.02B,$0.29B,5.71%,$5.02B,$1.02B,20.35%,$5.02B,$1.50B,29.94%,$5.02B,$1.64B,32.69%,$1.64B,$13.85B,12.28%,$1.64B,$13.55B,12.57%,$1.64B,$19.60B,8.64%,$0.29B,$15.79B,1.91%,$1395,$820,$575,$136,$211,$1174,$221,$386,$607,$-4,$611,$611,$611,$407,$221,$1550,1567,$0.39,$0.39,$3075,$647,$388,$5028,$7885,$3168,$299,$144,$14576,$19604,$1531,$1938,$1517,$4221,$5752,$807,$2409,$-828,$13852,$19604,$625,$364,$-220,$144,$-281,$138,$-21,$27,$-137,$632,$-476,$0,$0,$111,$0,$111,$0,$-365,$337,$-66,$271,$16,$16,$-156,$3,$134,$361,$67,$-156
38,2009-03-31,10.97,$8.20,1.34,$3.36,3.26,$0.61,18.1,$2.67,4.11,$4.44B,$1.59B,2.79,$1.60B,$12.70B,0.13,$5.32B,$2.16B,40.68%,$5.32B,$0.48B,9.08%,$5.32B,$0.48B,9.08%,$5.32B,$1.20B,22.50%,$5.32B,$1.73B,32.46%,$5.32B,$4.24B,79.74%,$4.24B,$12.70B,31.84%,$4.24B,$12.39B,32.58%,$4.24B,$18.18B,22.44%,$0.48B,$14.29B,3.25%,$989,$719,$270,$151,$207,$1249,$-260,$208,$-52,$-66,$14,$14,$14,$-82,$-260,$1548,1559,$0.01,$0.01,$2585,$731,$379,$4439,$7806,$2435,$302,$137,$13739,$18178,$1592,$1596,$1521,$3891,$5483,$806,$1876,$-1409,$12695,$18178,$14,$178,$195,$373,$-111,$39,$-89,$38,$-123,$264,$-264,$0,$0,$138,$0,$138,$0,$-126,$-9,$-63,$-72,$6,$6,$-78,$1,$-143,$-93,$35,$-78
39,2008-12-31,7.84,$8.72,0.9,$3.74,2.1,$0.50,15.73,$3.30,2.38,$4.62B,$2.05B,2.25,$1.53B,$13.49B,0.11,$5.95B,$2.74B,46.03%,$5.95B,$1.52B,25.55%,$5.95B,$1.52B,25.55%,$5.95B,$2.22B,37.24%,$5.95B,$2.88B,48.45%,$5.95B,$5.26B,88.38%,$5.26B,$13.49B,40.96%,$5.26B,$13.19B,41.96%,$5.26B,$19.26B,28.54%,$1.52B,$15.02B,10.61%,$1084,$777,$307,$153,$179,$1107,$-23,$255,$232,$-17,$249,$249,$249,$182,$-23,$1560,1584,$0.17,$0.18,$2816,$798,$335,$4619,$8199,$3056,$305,$145,$14637,$19256,$2052,$1527,$1402,$3713,$5765,$804,$1940,$-643,$13491,$19256,$5257,$695,$-3916,$-3221,$410,$-136,$-210,$28,$92,$2128,$-1902,$0,$-15,$218,$0,$218,$0,$-1699,$0,$-24,$-24,$-522,$-522,$-313,$61,$-798,$-343,$118,$-313
40,2008-09-30,12.8,$8.68,1.48,$4.04,3.17,$0.86,14.87,$3.59,3.57,$5.22B,$2.06B,2.54,$1.47B,$13.43B,0.11,$6.45B,$3.19B,49.46%,$6.45B,$1.87B,29.07%,$6.45B,$1.87B,29.07%,$6.45B,$2.52B,39.06%,$6.45B,$4.02B,62.36%,$6.45B,$5.73B,88.81%,$5.73B,$13.43B,48.37%,$5.73B,$13.12B,49.65%,$5.73B,$18.99B,32.88%,$1.87B,$14.90B,14.06%,$1555,$820,$735,$160,$220,$1206,$349,$368,$717,$-51,$768,$768,$768,$515,$349,$1558,1578,$0.49,$0.49,$3172,$755,$305,$5222,$7220,$3119,$306,$507,$13768,$18990,$2058,$1470,$1244,$3504,$5562,$804,$1770,$-468,$13428,$18990,$5008,$490,$-3572,$-3082,$50,$-129,$-106,$7,$-178,$1748,$-1138,$0,$-15,$592,$0,$592,$0,$-561,$0,$-20,$-20,$-527,$-527,$-235,$0,$-782,$380,$104,$-235
41,2008-06-30,18.83,$8.71,2.16,$4.02,4.68,$0.76,24.65,$3.48,5.41,$5.65B,$1.96B,2.89,$1.47B,$13.68B,0.11,$6.44B,$3.20B,49.58%,$6.44B,$1.92B,29.86%,$6.44B,$1.92B,29.86%,$6.44B,$2.55B,39.59%,$6.44B,$3.75B,58.16%,$6.44B,$5.57B,86.50%,$5.57B,$13.68B,52.20%,$5.57B,$13.38B,53.74%,$5.57B,$19.18B,34.34%,$1.92B,$15.16B,15.81%,$1692,$840,$852,$163,$260,$1275,$417,$413,$830,$-2381,$3211,$3211,$3211,$582,$417,$1569,1600,$2.05,$2.01,$3507,$726,$289,$5648,$6944,$3264,$303,$442,$13532,$19180,$1958,$1474,$1280,$3541,$5499,$804,$1080,$9,$13681,$19180,$4240,$324,$-3298,$-2974,$-46,$-73,$-89,$-73,$-281,$985,$-862,$0,$0,$-54,$0,$-54,$0,$-916,$0,$-12,$-12,$-36,$-36,$-158,$0,$-206,$-41,$78,$-158
42,2008-03-31,19.6,$6.85,2.86,$3.85,5.09,$0.81,24.3,$1.77,11.07,$5.34B,$1.86B,2.87,$1.50B,$10.74B,0.14,$6.17B,$3.00B,48.65%,$6.17B,$1.72B,27.94%,$6.17B,$1.72B,27.94%,$6.17B,$2.34B,37.88%,$6.17B,$3.21B,51.98%,$6.17B,$2.85B,46.22%,$2.85B,$10.74B,30.67%,$2.85B,$10.43B,31.72%,$2.85B,$16.26B,19.24%,$1.72B,$12.24B,15.99%,$1617,$773,$844,$151,$242,$840,$777,$326,$1103,$74,$1029,$1029,$1029,$936,$777,$1566,1598,$0.66,$0.64,$3309,$692,$303,$5339,$6837,$3098,$306,$454,$10924,$16263,$1862,$1503,$1368,$3661,$5523,$801,$-2053,$231,$10740,$16263,$1029,$159,$-571,$-412,$-50,$-32,$-224,$-16,$-322,$295,$-467,$0,$0,$92,$0,$92,$0,$-375,$0,$-9,$-9,$-40,$-40,$-78,$-2,$-129,$-92,$41,$-78
43,2007-12-31,19.52,$6.06,3.22,$3.65,5.34,$0.87,22.41,$1.34,14.56,$5.29B,$2.51B,2.11,$1.51B,$9.50B,0.16,$5.86B,$2.75B,46.91%,$5.86B,$1.08B,18.45%,$5.86B,$1.08B,18.45%,$5.86B,$1.69B,28.81%,$5.86B,$2.27B,38.75%,$5.86B,$2.15B,36.69%,$2.15B,$9.50B,25.22%,$2.15B,$9.19B,26.17%,$2.15B,$15.22B,15.31%,$1.08B,$11.01B,10.81%,$1582,$825,$757,$153,$257,$1251,$331,$1039,$1370,$-20,$1390,$717,$717,$485,$331,$1566,1603,$0.46,$0.46,$3516,$631,$237,$5294,$5986,$3036,$308,$389,$9921,$15215,$2512,$1514,$903,$3207,$5719,$799,$-3002,$-90,$9496,$15215,$2150,$607,$-549,$58,$-128,$5,$48,$-56,$-131,$2077,$-1267,$0,$-4,$710,$0,$710,$0,$-561,$-238,$-20,$-258,$-120,$-120,$-158,$-3,$-539,$1059,$138,$-158
44,2007-09-30,20.01,$5.60,3.57,$3.53,5.67,$0.76,26.24,$1.30,15.39,$5.13B,$2.26B,2.27,$1.46B,$8.80B,0.17,$5.65B,$2.60B,45.95%,$5.65B,$1.09B,19.27%,$5.65B,$1.09B,19.27%,$5.65B,$1.69B,30.00%,$5.65B,$1.28B,22.63%,$5.65B,$2.08B,36.82%,$2.08B,$8.80B,26.11%,$2.08B,$8.49B,27.18%,$2.08B,$14.27B,15.39%,$1.09B,$10.26B,11.47%,$1553,$811,$742,$145,$212,$1154,$399,$46,$445,$66,$379,$617,$617,$548,$399,$1570,1605,$0.39,$0.38,$3329,$665,$221,$5126,$5602,$2932,$311,$210,$9147,$14273,$2255,$1460,$1002,$3220,$5475,$797,$-3641,$-213,$8798,$14273,$1433,$453,$-221,$232,$-157,$-37,$-124,$-2,$-320,$1345,$-881,$0,$-4,$559,$0,$559,$0,$-326,$-238,$-18,$-256,$-19,$-19,$-79,$-2,$-356,$721,$100,$-79
45,2007-06-30,20.7,$5.19,3.99,$3.36,6.15,$0.66,31.45,$1.19,17.39,$5.01B,$2.21B,2.27,$1.46B,$8.17B,0.18,$5.38B,$2.42B,45.00%,$5.38B,$0.89B,16.61%,$5.38B,$0.89B,16.61%,$5.38B,$1.49B,27.75%,$5.38B,$1.08B,20.05%,$5.38B,$1.90B,35.34%,$1.90B,$8.17B,25.13%,$1.90B,$7.85B,26.23%,$1.90B,$13.54B,14.45%,$0.89B,$9.62B,9.77%,$1418,$759,$659,$137,$229,$1201,$217,$72,$289,$19,$270,$489,$489,$368,$217,$1567,1605,$0.31,$0.30,$3203,$677,$301,$5007,$5179,$2720,$313,$205,$8533,$13540,$2205,$1456,$956,$3169,$5374,$796,$-4179,$-382,$8166,$13540,$816,$304,$-95,$209,$-107,$-68,$-127,$-55,$-357,$668,$-476,$0,$-4,$681,$0,$681,$0,$201,$-238,$-10,$-248,$82,$82,$0,$0,$-166,$717,$71,$0
46,2007-03-31,18.42,$4.88,3.78,$3.27,5.63,$0.67,27.34,$1.21,15.22,$4.63B,$2.23B,2.08,$1.47B,$7.64B,0.19,$5.22B,$2.30B,44.09%,$5.22B,$0.95B,18.16%,$5.22B,$0.95B,18.16%,$5.22B,$1.55B,29.66%,$5.22B,$1.07B,20.54%,$5.22B,$1.93B,36.88%,$1.93B,$7.64B,26.77%,$1.93B,$7.33B,28.03%,$1.93B,$13.16B,15.02%,$0.95B,$9.11B,10.80%,$1307,$716,$591,$130,$214,$1173,$134,$33,$167,$56,$111,$327,$327,$287,$134,$1563,1600,$0.21,$0.20,$2888,$685,$237,$4629,$5281,$2588,$314,$233,$8532,$13161,$2231,$1466,$1034,$3286,$5517,$793,$-4668,$-330,$7644,$13161,$327,$153,$-42,$111,$-28,$-42,$-130,$-45,$-245,$193,$-262,$0,$0,$245,$0,$245,$0,$-17,$-238,$-8,$-246,$26,$26,$0,$0,$-220,$-34,$36,$0
47,2006-12-31,15.16,$4.63,3.27,$3.25,4.67,$0.65,23.15,$1.17,12.95,$4.80B,$2.32B,2.07,$1.70B,$7.25B,0.23,$5.17B,$2.28B,44.12%,$5.17B,$0.85B,16.35%,$5.17B,$0.85B,16.35%,$5.17B,$1.44B,27.77%,$5.17B,$0.96B,18.57%,$5.17B,$1.86B,35.85%,$1.86B,$7.25B,27.32%,$1.86B,$6.93B,28.71%,$1.86B,$13.07B,14.88%,$0.85B,$8.94B,10.00%,$1369,$766,$603,$138,$222,$1031,$338,$39,$377,$0,$377,$646,$646,$491,$338,$1550,1594,$0.42,$0.41,$3167,$639,$226,$4798,$5193,$2522,$316,$122,$8267,$13065,$2319,$1696,$1020,$3500,$5819,$791,$-4992,$-360,$7246,$13065,$1855,$591,$-451,$140,$-105,$-65,$-85,$63,$-192,$1803,$-1170,$0,$-16,$-918,$-77,$-995,$0,$-2181,$-122,$-14,$-136,$329,$329,$0,$-13,$180,$-185,$127,$0
