,Date,Stock Price,Book Value per Share,Price to Book Ratio,TTM Sales per Share,Price to Sales Ratio,TTM FCF per Share,Price to FCF Ratio,TTM Net EPS,PE Ratio,Current Assets,Current Liabilities,Current Ratio,Long Term Debt,Shareholder's Equity_x,Debt to Equity Ratio,TTM Revenue_x,TTM Gross Profit,Gross Margin,TTM Revenue_y,TTM Operating Income,Operating Margin,TTM Revenue_x,TTM EBIT,EBIT Margin,TTM Revenue_y,TTM EBITDA,EBITDA Margin,TTM Revenue_x,TTM Pre-Tax Income,Pre-Tax Margin,TTM Revenue_y,TTM Net Income_x,Net Margin,TTM Net Income_y,Shareholder's Equity_y,Return on Equity,TTM Net Income_x,Tangible Equity,Return on Tangible Equity,TTM Net Income_y,Total Assets,Return on Assets,TTM Net Income,LT Investments & Debt,Return on Investment,revenue,cost-goods-sold,gross-profit,research-development-expenses,selling-general-administrative-expenses,operating-expenses,operating-income,total-non-operating-income-expense,pre-tax-income,total-provision-income-taxes,income-after-taxes,income-from-continuous-operations,net-income,ebitda,ebit,basic-shares-outstanding,shares-outstanding,eps-basic-net-earnings-per-share,eps-earnings-per-share-diluted,cash-on-hand,inventory,other-current-assets,total-current-assets,net-property-plant-equipment,long-term-investments,goodwill-intangible-assets-total,other-long-term-assets,total-long-term-assets,total-assets,total-current-liabilities,long-term-debt,other-non-current-liabilities,total-long-term-liabilities,total-liabilities,common-stock-net,retained-earnings-accumulated-deficit,comprehensive-income,total-share-holder-equity,total-liabilities-share-holders-equity,net-income-loss,total-depreciation-amortization-cash-flow,other-non-cash-items,total-non-cash-items,change-in-accounts-receivable,change-in-inventories,change-in-accounts-payable,change-in-assets-liabilities,total-change-in-assets-liabilities,cash-flow-from-operating-activities,net-change-in-property-plant-equipment,net-change-in-intangible-assets,net-acquisitions-divestitures,net-change-in-short-term-investments,net-change-in-long-term-investments,net-change-in-investments-total,investing-activities-other,cash-flow-from-investing-activities,net-long-term-debt,net-current-debt,debt-issuance-retirement-net-total,net-common-equity-issued-repurchased,net-total-equity-issued-repurchased,total-common-preferred-stock-dividends-paid,financial-activities-other,cash-flow-from-financial-activities,net-cash-flow,stock-based-compensation,common-stock-dividends-paid
0,2018-09-30,33.67,$29.22,1.15,$101.22,0.33,$-8.63,0.0,$0.48,70.15,$74.85B,$84.12B,0.89,$71.48B,$40.91B,1.75,$146.37B,$16.79B,11.47%,$146.37B,$7.18B,4.90%,$146.37B,$7.18B,4.90%,$146.37B,$20.38B,13.92%,$146.37B,$7.86B,5.37%,$146.37B,$0.76B,0.52%,$0.76B,$40.91B,2.01%,$0.76B,$35.26B,2.37%,$0.76B,$225.71B,0.35%,$7.18B,$112.38B,6.68%,$35791,$31597,$4194,$0,$2584,$34181,$1610,$1020,$2630,$100,$2530,$2530,$2503,$4923,$1610,$1412,1431,$1.77,$1.75,$24351,$11334,$5355,$74848,$38655,$9155,$5651,$5946,$150863,$225711,$84116,$71475,$12261,$100687,$184803,$14,$20865,$-8321,$40908,$225711,$6006,$10023,$-1545,$8478,$0,$0,$0,$-5258,$-5258,$9226,$-11519,$0,$0,$-14973,$0,$-14973,$11917,$-14575,$7393,$1695,$9088,$-100,$1653,$-1690,$-439,$8612,$3010,$0,$-1690
1,2018-06-30,39.4,$27.60,1.43,$99.05,0.4,$-11.15,0.0,$-3.30,0.0,$70.45B,$80.29B,0.88,$70.00B,$38.64B,1.81,$144.20B,$16.47B,11.42%,$144.20B,$7.14B,4.95%,$144.20B,$7.14B,4.95%,$144.20B,$20.18B,13.99%,$144.20B,$7.66B,5.31%,$144.20B,$-4.73B,-3.28%,$-4.73B,$38.64B,-12.30%,$-4.73B,$32.92B,-14.48%,$-4.73B,$218.64B,-2.15%,$7.14B,$108.63B,6.68%,$36760,$33067,$3693,$0,$2216,$35283,$1477,$1408,$2885,$519,$2366,$2366,$2375,$4606,$1477,$1410,1431,$1.68,$1.66,$22011,$10833,$5939,$70451,$38003,$8788,$5720,$5344,$148190,$218641,$80292,$69995,$11876,$99713,$180005,$14,$18873,$-8171,$38636,$218641,$3476,$6710,$-157,$6553,$0,$0,$0,$-4476,$-4476,$5553,$-8170,$0,$0,$-9463,$0,$-9463,$7593,$-10040,$4317,$644,$4961,$-100,$1161,$-1104,$-363,$4655,$-77,$0,$-1104
2,2018-03-31,36.03,$25.33,1.42,$97.71,0.37,$-11.81,0.0,$-3.87,0.0,$71.44B,$82.72B,0.86,$69.47B,$35.46B,1.96,$144.42B,$17.55B,12.15%,$144.42B,$7.96B,5.51%,$144.42B,$7.96B,5.51%,$144.42B,$21.06B,14.58%,$144.42B,$7.74B,5.36%,$144.42B,$-5.44B,-3.77%,$-5.44B,$35.46B,-13.53%,$-5.44B,$29.67B,-15.85%,$-5.44B,$218.73B,-2.42%,$7.96B,$104.93B,7.52%,$36099,$33198,$2901,$0,$2372,$35570,$529,$399,$928,$466,$462,$1110,$1046,$4110,$529,$1408,1430,$0.73,$0.72,$21366,$11461,$6682,$71435,$37321,$9883,$5790,$5169,$147291,$218726,$82716,$69471,$11945,$100552,$183268,$14,$17028,$-8081,$35458,$218726,$1110,$3581,$-740,$2841,$0,$0,$0,$-3503,$-3503,$448,$-4389,$0,$0,$-3777,$0,$-3777,$3604,$-4562,$4502,$120,$4622,$-100,$-100,$-566,$-187,$3769,$-301,$0,$-566
3,2017-12-31,40.24,$25.86,1.56,$96.79,0.42,$-11.24,0.0,$-2.89,0.0,$68.74B,$76.89B,0.89,$67.25B,$36.20B,1.86,$145.59B,$19.59B,13.46%,$145.59B,$10.02B,6.88%,$145.59B,$10.02B,6.88%,$145.59B,$22.28B,15.30%,$145.59B,$9.73B,6.68%,$145.59B,$-3.88B,-2.67%,$-3.88B,$36.20B,-9.04%,$-3.88B,$30.35B,-10.51%,$-3.88B,$212.48B,-1.70%,$10.02B,$103.45B,9.49%,$37715,$31716,$5999,$0,$2439,$34155,$3560,$-2144,$1416,$7896,$-6480,$-4903,$-5165,$6737,$3560,$1465,1492,$-3.43,$-3.36,$23825,$10663,$5571,$68744,$36253,$9073,$5849,$4929,$143738,$212482,$76890,$67254,$12394,$99392,$176282,$14,$17627,$-8011,$36200,$212482,$330,$12261,$8220,$20481,$1402,$440,$-362,$-2254,$-3015,$17328,$-20966,$0,$-41,$-15821,$0,$-15821,$9256,$-27572,$18595,$-140,$18455,$-4492,$-3507,$-2233,$-131,$12584,$2688,$0,$-2233
4,2017-09-30,39.28,$31.06,1.26,$94.22,0.42,$-14.35,0.0,$1.95,20.14,$76.62B,$81.85B,0.94,$67.07B,$43.48B,1.54,$143.52B,$18.09B,12.60%,$143.52B,$8.33B,5.80%,$143.52B,$8.33B,5.80%,$143.52B,$20.10B,14.01%,$143.52B,$8.88B,6.19%,$143.52B,$3.12B,2.17%,$3.12B,$43.48B,6.95%,$3.12B,$37.62B,8.04%,$3.12B,$229.50B,1.35%,$8.33B,$110.54B,8.04%,$33623,$29744,$3879,$0,$2303,$32047,$1576,$854,$2430,$2316,$114,$114,$-2983,$4723,$1576,$1445,1472,$-2.06,$-2.03,$21246,$11789,$14171,$76618,$35178,$8820,$5854,$9513,$152884,$229502,$81849,$67066,$17233,$104176,$186025,$14,$24230,$-7783,$43477,$229502,$5233,$9084,$2184,$11268,$0,$0,$0,$-6061,$-6061,$10440,$-16513,$0,$0,$-11732,$0,$-11732,$5484,$-22761,$17014,$-374,$16640,$-2994,$-2009,$-1701,$-251,$12679,$720,$0,$-1701
5,2017-06-30,33.63,$31.38,1.07,$96.08,0.35,$-4.96,0.0,$5.74,5.86,$85.08B,$94.31B,0.9,$59.08B,$45.73B,1.29,$148.79B,$19.76B,13.28%,$148.79B,$9.90B,6.65%,$148.79B,$9.90B,6.65%,$148.79B,$21.06B,14.16%,$148.79B,$10.06B,6.76%,$148.79B,$8.88B,5.97%,$8.88B,$45.73B,19.61%,$8.88B,$39.74B,22.71%,$8.88B,$240.30B,3.90%,$9.90B,$104.81B,9.84%,$36984,$32210,$4774,$0,$2477,$34687,$2297,$670,$2967,$534,$2433,$2433,$1660,$5491,$2297,$1497,1519,$1.11,$1.09,$25731,$11289,$18969,$85081,$34301,$8248,$5989,$14394,$155219,$240300,$94306,$59081,$20661,$100269,$194575,$15,$28547,$-9369,$45725,$240300,$5119,$5937,$868,$6805,$0,$0,$0,$-4365,$-4365,$7559,$-11346,$0,$0,$-7854,$0,$-7854,$5277,$-13923,$13800,$-413,$13387,$-1496,$-1496,$-1145,$-206,$10540,$4385,$0,$-1145
6,2017-03-31,33.67,$30.81,1.09,$95.38,0.35,$-0.52,0.0,$6.46,5.21,$79.60B,$90.90B,0.88,$57.20B,$46.21B,1.24,$149.19B,$20.47B,13.72%,$149.19B,$10.57B,7.09%,$149.19B,$10.57B,7.09%,$149.19B,$20.84B,13.97%,$149.19B,$10.71B,7.18%,$149.19B,$10.08B,6.76%,$10.08B,$46.21B,22.49%,$10.08B,$40.02B,26.16%,$10.08B,$230.79B,4.58%,$10.57B,$103.41B,10.69%,$37266,$32327,$4939,$0,$2356,$34683,$2583,$335,$2918,$787,$2131,$2686,$2608,$5326,$2583,$1505,1532,$1.73,$1.70,$23124,$14686,$6987,$79598,$37202,$9416,$6193,$4279,$151195,$230793,$90904,$57200,$13068,$93675,$184579,$15,$28195,$-9250,$46214,$230793,$2686,$2743,$286,$3029,$0,$0,$0,$-3674,$-3674,$2041,$-5378,$0,$0,$-3804,$0,$-3804,$2377,$-6805,$6139,$-360,$5779,$0,$0,$-573,$-159,$5047,$386,$0,$-573
7,2016-12-31,32.84,$29.38,1.12,$94.64,0.35,$0.14,230.65,$6.00,5.47,$76.20B,$85.18B,0.9,$51.33B,$44.08B,1.17,$149.18B,$20.32B,13.62%,$149.18B,$9.96B,6.68%,$149.18B,$9.96B,6.68%,$149.18B,$19.78B,13.26%,$149.18B,$9.73B,6.52%,$149.18B,$9.43B,6.32%,$9.43B,$44.08B,21.62%,$9.43B,$37.93B,25.21%,$9.43B,$221.69B,4.42%,$9.96B,$95.40B,10.40%,$35647,$31149,$4498,$0,$2628,$33777,$1870,$-1304,$566,$401,$165,$1887,$1835,$4564,$1870,$1540,1570,$1.22,$1.19,$24415,$11040,$15921,$76203,$32603,$8996,$6149,$13224,$145487,$221690,$85181,$51326,$20041,$92434,$177615,$15,$26168,$-9330,$44075,$221690,$9269,$9819,$-2167,$7652,$-1249,$-75,$3195,$-2338,$580,$16607,$-25325,$0,$-804,$-18079,$0,$-18079,$8565,$-35643,$21309,$-282,$21027,$-2500,$-2500,$-2368,$918,$17077,$-2172,$0,$-2368
8,2016-09-30,29.63,$30.01,0.99,$85.96,0.34,$0.18,164.51,$8.73,3.39,$76.50B,$82.54B,0.93,$53.73B,$45.02B,1.19,$136.53B,$19.83B,14.52%,$136.53B,$10.59B,7.76%,$136.53B,$10.59B,7.76%,$136.53B,$19.30B,14.13%,$136.53B,$11.23B,8.23%,$136.53B,$13.86B,10.15%,$13.86B,$45.02B,32.48%,$13.86B,$38.66B,37.96%,$13.86B,$217.58B,6.71%,$10.59B,$98.74B,11.40%,$38889,$33341,$5548,$0,$2400,$35741,$3148,$461,$3609,$902,$2707,$2707,$2773,$5682,$3148,$1550,1574,$1.79,$1.76,$25748,$15427,$4089,$76496,$34713,$8645,$6354,$4269,$141080,$217576,$82535,$53726,$13084,$90026,$172561,$15,$25417,$-7953,$45015,$217576,$7374,$7125,$-639,$6486,$0,$0,$0,$-1271,$-1271,$12589,$-4303,$0,$-802,$-10315,$-14959,$-25274,$6380,$-23999,$15304,$-289,$15015,$-1501,$-1501,$-1782,$413,$12145,$787,$0,$-1782
9,2016-06-30,26.08,$27.50,0.95,$85.26,0.31,$-2.52,0.0,$7.81,3.34,$74.63B,$76.04B,0.98,$54.09B,$44.00B,1.23,$136.48B,$19.56B,14.33%,$136.48B,$8.44B,6.18%,$136.48B,$8.44B,6.18%,$136.48B,$16.51B,12.09%,$136.48B,$9.13B,6.69%,$136.48B,$12.44B,9.12%,$12.44B,$44.00B,30.96%,$12.44B,$37.57B,36.48%,$12.44B,$210.45B,6.24%,$8.44B,$98.09B,9.69%,$37383,$31903,$5480,$0,$2508,$34411,$2972,$649,$3621,$877,$2744,$2744,$2866,$5271,$2972,$1548,1581,$1.85,$1.81,$24765,$15026,$4578,$74630,$33510,$8198,$6433,$4300,$135819,$210449,$76043,$54090,$12699,$90403,$166446,$16,$23785,$-7905,$44003,$210449,$4667,$4591,$-193,$4398,$0,$0,$0,$-3046,$-3046,$6019,$-2943,$0,$-799,$-2748,$-10145,$-12893,$4296,$-12339,$11127,$-294,$10833,$-300,$-300,$-1188,$682,$10027,$3762,$0,$-1188
10,2016-03-31,28.6,$27.55,1.04,$84.61,0.34,$-2.86,0.0,$6.67,4.29,$71.03B,$74.99B,0.95,$49.56B,$41.33B,1.2,$137.28B,$18.35B,13.36%,$137.28B,$6.76B,4.92%,$137.28B,$6.76B,4.92%,$137.28B,$14.78B,10.77%,$137.28B,$7.22B,5.26%,$137.28B,$10.70B,7.79%,$10.70B,$41.33B,28.06%,$10.70B,$35.43B,33.33%,$10.70B,$203.62B,5.54%,$6.76B,$90.89B,8.31%,$37265,$32475,$4790,$0,$2818,$35293,$1972,$-42,$1930,$559,$1371,$1931,$1953,$4264,$1972,$1546,1580,$1.26,$1.24,$23147,$15817,$3857,$71034,$32652,$9640,$5891,$4344,$132584,$203618,$74987,$49561,$12780,$87306,$162293,$15,$21508,$-8054,$41325,$203618,$1931,$2292,$-1699,$593,$0,$0,$0,$-2632,$-2632,$-108,$-2285,$0,$-516,$-2475,$-5111,$-7586,$3747,$-6640,$6684,$738,$7422,$-300,$-300,$-588,$-107,$6427,$-169,$0,$-588
11,2015-12-31,30.57,$26.88,1.14,$82.21,0.37,$-2.12,0.0,$5.99,5.1,$69.41B,$71.22B,0.98,$43.55B,$40.32B,1.08,$135.73B,$17.43B,12.84%,$135.73B,$5.54B,4.08%,$135.73B,$5.54B,4.08%,$135.73B,$13.03B,9.60%,$135.73B,$6.18B,4.55%,$135.73B,$9.69B,7.14%,$9.69B,$40.32B,26.19%,$9.69B,$34.38B,31.39%,$9.69B,$194.34B,5.17%,$5.54B,$83.87B,7.26%,$22990,$18978,$4012,$0,$1512,$20490,$2500,$-429,$2071,$-2490,$4561,$6201,$6266,$4079,$2500,$1586,1640,$3.97,$3.84,$23401,$13764,$5855,$69408,$31229,$9201,$5947,$3021,$124930,$194338,$71217,$43549,$12653,$82798,$154015,$15,$20285,$-8036,$40323,$194338,$9590,$7487,$-3730,$3757,$-16,$-1209,$1658,$-872,$-1208,$11769,$-20814,$0,$-927,$-13030,$0,$-13030,$7061,$-27710,$18078,$-61,$18017,$-3520,$-3520,$-2242,$1353,$13608,$-3857,$0,$-2242
12,2015-09-30,26.71,$21.96,1.22,$91.67,0.29,$2.64,10.11,$2.73,9.78,$82.34B,$72.74B,1.13,$40.40B,$35.14B,1.15,$152.35B,$17.80B,11.68%,$152.35B,$4.35B,2.85%,$152.35B,$4.35B,2.85%,$152.35B,$10.26B,6.73%,$152.35B,$4.91B,3.22%,$152.35B,$4.53B,2.97%,$4.53B,$35.14B,12.60%,$4.53B,$29.05B,15.25%,$4.53B,$189.00B,2.47%,$4.35B,$75.54B,6.02%,$38843,$33564,$5279,$0,$4282,$37846,$997,$509,$1506,$165,$1341,$1341,$1359,$2891,$997,$1577,1618,$0.86,$0.84,$24981,$14368,$6081,$82341,$29381,$8872,$6083,$2938,$106659,$189000,$72739,$40401,$13148,$81126,$153865,$16,$14912,$-8034,$35135,$189000,$3389,$5908,$618,$6526,$0,$0,$0,$-446,$-446,$9469,$-5324,$0,$-928,$-12071,$-11036,$-23107,$9180,$-20179,$12493,$487,$12980,$-2888,$-2888,$-1678,$-70,$8344,$-3521,$0,$-1678
13,2015-06-30,29.3,$22.29,1.31,$90.88,0.32,$1.15,25.57,$2.70,10.85,$84.55B,$69.53B,1.22,$39.11B,$35.67B,1.1,$152.76B,$16.67B,10.91%,$152.76B,$4.58B,3.00%,$152.76B,$4.58B,3.00%,$152.76B,$8.59B,5.62%,$152.76B,$5.27B,3.45%,$152.76B,$4.55B,2.98%,$4.55B,$35.67B,11.97%,$4.55B,$29.49B,14.39%,$4.55B,$185.81B,2.53%,$4.58B,$74.78B,6.43%,$38180,$33915,$4265,$0,$2977,$36892,$1288,$429,$1717,$577,$1140,$1140,$1117,$3545,$1288,$1596,1660,$0.70,$0.67,$26269,$14218,$7242,$84554,$28431,$8403,$6181,$3064,$101258,$185812,$69528,$39114,$13248,$80614,$150142,$16,$14512,$-7543,$35670,$185812,$2048,$4014,$1096,$5110,$0,$0,$0,$-997,$-997,$6161,$-3489,$0,$-928,$-6452,$-6504,$-12956,$6050,$-11323,$8081,$-202,$7879,$-1999,$-1999,$-1086,$-40,$4754,$-1327,$0,$-1086
14,2015-03-31,32.63,$23.01,1.42,$91.37,0.36,$0.95,34.46,$2.14,15.25,$83.23B,$67.34B,1.24,$33.91B,$36.82B,0.92,$154.23B,$15.27B,9.90%,$154.23B,$2.82B,1.83%,$154.23B,$2.82B,1.83%,$154.23B,$4.58B,2.97%,$154.23B,$3.59B,2.32%,$154.23B,$3.62B,2.35%,$3.62B,$36.82B,9.12%,$3.62B,$30.53B,10.91%,$3.62B,$179.92B,2.03%,$2.82B,$70.73B,4.07%,$35712,$31842,$3870,$0,$3117,$34959,$753,$131,$884,$529,$355,$908,$945,$2510,$753,$1617,1686,$0.58,$0.56,$25599,$14051,$6181,$83231,$27755,$9756,$6297,$2978,$96687,$179918,$67342,$33907,$13551,$75753,$143095,$16,$14825,$-7331,$36823,$179918,$908,$1757,$-322,$1435,$0,$0,$0,$-1968,$-1968,$375,$-1684,$0,$-1051,$-3370,$-2252,$-5622,$2889,$-5468,$3046,$98,$3144,$-300,$-300,$-488,$3,$2359,$-3178,$0,$-488
15,2014-12-31,30.14,$22.52,1.34,$92.31,0.33,$1.85,16.28,$1.64,18.38,$83.63B,$65.66B,1.27,$31.72B,$36.02B,0.88,$155.93B,$13.81B,8.86%,$155.93B,$1.53B,0.98%,$155.93B,$1.53B,0.98%,$155.93B,$1.53B,0.98%,$155.93B,$2.15B,1.38%,$155.93B,$2.80B,1.80%,$2.80B,$36.02B,6.80%,$2.80B,$29.61B,8.12%,$2.80B,$177.50B,1.59%,$1.53B,$67.75B,2.25%,$39617,$35235,$4382,$0,$2953,$38308,$1309,$-510,$799,$279,$520,$2009,$1105,$1309,$1309,$1605,1687,$0.69,$0.67,$29514,$13642,$5104,$83626,$27743,$8350,$6410,$2892,$93875,$177501,$65657,$31721,$14082,$75820,$141477,$16,$14577,$-8073,$36024,$177501,$4018,$7238,$-1516,$5722,$-1248,$-309,$19,$-4159,$247,$10061,$-11334,$0,$-53,$-15143,$0,$-15143,$11171,$-15359,$11849,$391,$12240,$-3277,$-3277,$-3165,$-123,$5675,$-853,$0,$-3165
16,2014-09-30,27.32,$27.23,1.0,$92.98,0.29,$5.63,4.85,$1.55,17.63,$86.64B,$67.33B,1.29,$27.72B,$40.45B,0.69,$156.80B,$13.70B,8.74%,$156.80B,$0.39B,0.25%,$156.80B,$0.39B,0.25%,$156.80B,$0.39B,0.25%,$156.80B,$2.15B,1.37%,$156.80B,$2.71B,1.73%,$2.71B,$43.56B,6.29%,$2.71B,$36.92B,7.49%,$2.71B,$176.91B,1.56%,$0.39B,$71.28B,0.57%,$39255,$35107,$4148,$0,$2921,$38028,$1227,$642,$1869,$427,$1442,$1442,$1384,$1227,$1227,$1612,1691,$0.86,$0.81,$29005,$15210,$5895,$86640,$27375,$7983,$6644,$3292,$90268,$176908,$67329,$27719,$14371,$66016,$133345,$16,$13975,$-2930,$43563,$176908,$0,$0,$0,$0,$0,$0,$0,$0,$0,$6894,$-5089,$0,$-51,$-11515,$-3169,$-14684,$8399,$-11425,$6322,$-936,$5386,$-168,$-168,$-1781,$-77,$3360,$-1961,$0,$-1781
17,2014-06-30,30.77,$26.62,1.16,$92.96,0.33,$6.82,4.51,$1.19,25.86,$91.64B,$72.35B,1.27,$24.27B,$39.48B,0.62,$156.53B,$14.75B,9.42%,$156.53B,$1.42B,0.90%,$156.53B,$1.42B,0.90%,$156.53B,$1.42B,0.90%,$156.53B,$2.39B,1.53%,$156.53B,$2.02B,1.29%,$2.02B,$42.59B,4.87%,$2.02B,$35.79B,5.91%,$2.02B,$179.10B,1.18%,$1.42B,$66.86B,2.21%,$39649,$36777,$2872,$0,$3343,$40120,$-471,$504,$33,$-254,$287,$287,$190,$-471,$-471,$1608,1688,$0.12,$0.11,$31124,$15200,$6543,$91643,$27023,$7485,$6793,$3394,$87455,$179098,$72347,$24273,$14999,$64166,$136513,$16,$13162,$-3133,$42585,$179098,$0,$0,$0,$0,$0,$0,$0,$0,$0,$5806,$-3425,$0,$-50,$-7779,$-1802,$-9581,$5456,$-7600,$2973,$259,$3232,$0,$0,$-1193,$-21,$2018,$-157,$0,$-1193
18,2014-03-31,28.94,$26.78,1.08,$92.77,0.31,$6.53,4.43,$1.83,15.81,$86.83B,$69.22B,1.25,$22.92B,$39.73B,0.58,$155.95B,$16.55B,10.61%,$155.95B,$3.64B,2.33%,$155.95B,$3.64B,2.33%,$155.95B,$3.64B,2.33%,$155.95B,$4.06B,2.60%,$155.95B,$3.03B,1.94%,$3.03B,$42.84B,7.46%,$3.03B,$35.84B,9.24%,$3.03B,$173.61B,1.80%,$3.64B,$65.76B,5.94%,$37408,$35002,$2406,$0,$2941,$37943,$-535,$-14,$-549,$-224,$-325,$280,$125,$-535,$-535,$1587,1691,$0.08,$0.06,$29430,$14837,$5179,$86825,$26367,$8747,$7005,$3230,$86781,$173606,$69222,$22918,$13641,$61544,$130766,$16,$13457,$-3138,$42840,$173606,$0,$0,$0,$0,$0,$0,$0,$0,$0,$1976,$-1759,$0,$0,$-3106,$-620,$-3726,$2648,$-2837,$919,$384,$1303,$0,$0,$-571,$-14,$718,$-595,$0,$-571
19,2013-12-31,34.06,$28.78,1.18,$95.12,0.36,$5.65,6.02,$2.35,14.5,$81.50B,$62.41B,1.31,$22.03B,$40.07B,0.55,$155.43B,$18.05B,11.62%,$155.43B,$5.13B,3.30%,$155.43B,$5.13B,3.30%,$155.43B,$5.13B,3.30%,$155.43B,$5.65B,3.63%,$155.43B,$3.77B,2.43%,$3.77B,$43.17B,9.55%,$3.77B,$35.95B,12.09%,$3.77B,$166.34B,2.31%,$5.13B,$65.20B,8.97%,$40485,$36210,$4275,$0,$3629,$40320,$165,$632,$797,$134,$663,$1053,$1007,$165,$165,$1393,1676,$0.71,$0.60,$30240,$14039,$4060,$81501,$25867,$8094,$7228,$3181,$84843,$166344,$62412,$22025,$13353,$60758,$123170,$15,$13816,$-3113,$43174,$166344,$5331,$8041,$1325,$9366,$8,$59,$-485,$-1531,$-1326,$12630,$-7565,$0,$-2623,$-10702,$-1358,$-12060,$7886,$-14362,$7850,$156,$8006,$-2438,$-2438,$-1687,$-150,$3731,$1599,$0,$-1687
20,2013-09-30,29.98,$26.69,1.12,$94.43,0.32,$4.15,7.23,$2.32,12.92,$81.16B,$62.56B,1.3,$20.68B,$29.40B,0.7,$154.25B,$10.79B,7.00%,$154.25B,$-29.82B,-19.33%,$154.25B,$-29.82B,-19.33%,$154.25B,$-29.82B,-19.33%,$154.25B,$-30.18B,-19.57%,$154.25B,$3.66B,2.37%,$3.66B,$37.36B,9.64%,$3.66B,$29.04B,12.49%,$3.66B,$168.54B,2.30%,$-29.82B,$58.05B,-56.48%,$38983,$33791,$5192,$0,$2876,$36727,$2256,$-145,$2111,$842,$1269,$1705,$698,$2256,$2256,$1386,1681,$0.50,$0.45,$29529,$15357,$4333,$81164,$26247,$7897,$8317,$3572,$87375,$168539,$62563,$20684,$14046,$68615,$131178,$14,$12903,$-7981,$37361,$168539,$0,$0,$0,$0,$0,$0,$0,$0,$0,$9572,$-5780,$0,$-2111,$-6339,$-1798,$-8137,$5439,$-10589,$7354,$69,$7423,$-2438,$-2438,$-1519,$-147,$3319,$1933,$0,$-1519
21,2013-06-30,27.76,$28.18,0.99,$93.84,0.3,$4.19,6.63,$2.76,10.06,$77.75B,$60.02B,1.3,$16.79B,$28.61B,0.59,$152.84B,$10.13B,6.63%,$152.84B,$-30.47B,-19.94%,$152.84B,$-30.47B,-19.94%,$152.84B,$-30.47B,-19.94%,$152.84B,$-30.50B,-19.96%,$152.84B,$4.43B,2.90%,$4.43B,$39.00B,11.30%,$4.43B,$30.41B,19.00%,$4.43B,$163.11B,2.85%,$-30.47B,$55.79B,-59.13%,$39075,$34399,$4676,$0,$2925,$37324,$1751,$-50,$1701,$742,$959,$1388,$1200,$1751,$1751,$1376,1677,$0.87,$0.75,$27022,$14777,$4191,$77745,$25351,$7463,$8591,$3324,$85365,$163110,$60021,$16787,$13472,$64085,$124106,$14,$12191,$-8040,$39004,$163110,$0,$0,$0,$0,$0,$0,$0,$0,$0,$5712,$-3833,$0,$-2111,$-1789,$-1207,$-2996,$3139,$-5801,$2342,$98,$2440,$0,$0,$-474,$-113,$1853,$1275,$0,$-474
22,2013-03-31,23.19,$27.89,0.83,$93.05,0.25,$4.49,5.16,$2.91,7.97,$72.57B,$56.54B,1.28,$11.45B,$27.94B,0.41,$151.38B,$10.12B,6.69%,$151.38B,$-30.40B,-20.08%,$151.38B,$-30.40B,-20.08%,$151.38B,$-30.40B,-20.08%,$151.38B,$-30.36B,-20.06%,$151.38B,$4.72B,3.12%,$4.72B,$38.34B,11.83%,$4.72B,$29.37B,28.21%,$4.72B,$153.78B,3.09%,$-30.40B,$49.79B,-60.31%,$36884,$32973,$3911,$0,$2952,$35925,$959,$80,$1039,$409,$630,$1185,$865,$959,$959,$1372,1507,$0.63,$0.58,$27916,$15200,$3273,$72570,$24893,$7470,$8965,$3000,$81205,$153775,$56539,$11452,$13428,$58901,$115440,$14,$11017,$-7611,$38335,$153775,$0,$0,$0,$0,$0,$0,$0,$0,$0,$819,$-1940,$0,$0,$766,$-560,$206,$1224,$-510,$1858,$550,$2408,$0,$0,$-218,$-23,$2167,$2221,$0,$-218
23,2012-12-31,24.03,$26.43,0.91,$90.89,0.26,$5.54,4.34,$2.93,8.2,$70.00B,$53.99B,1.3,$10.53B,$26.61B,0.4,$152.26B,$10.81B,7.10%,$152.26B,$-30.36B,-19.94%,$152.26B,$-30.36B,-19.94%,$152.26B,$-30.36B,-19.94%,$152.26B,$-30.26B,-19.87%,$152.26B,$4.86B,3.19%,$4.86B,$37.00B,12.04%,$4.86B,$28.22B,49.12%,$4.86B,$149.42B,3.20%,$-30.36B,$47.53B,-60.47%,$39307,$42293,$-2986,$0,$5362,$74090,$-34783,$-252,$-35035,$-35645,$610,$1031,$892,$-34783,$-34783,$1566,1675,$0.57,$0.53,$28096,$14714,$3318,$69996,$24196,$6883,$8782,$3040,$79426,$149422,$53992,$10532,$13169,$58430,$112422,$14,$10057,$-8052,$37000,$149422,$6136,$38762,$-35712,$3050,$-460,$-326,$162,$58,$630,$10605,$-8068,$0,$-44,$780,$-1032,$-252,$4859,$-3505,$1659,$-247,$1412,$-5098,$-5098,$-939,$-116,$-4741,$2351,$0,$-939
24,2012-09-30,18.96,$27.22,0.7,$90.20,0.21,$5.17,3.67,$2.67,7.1,$72.11B,$57.62B,1.25,$10.38B,$32.24B,0.32,$150.94B,$18.39B,12.19%,$150.94B,$4.87B,3.23%,$150.94B,$4.87B,3.23%,$150.94B,$4.87B,3.23%,$150.94B,$4.94B,3.27%,$150.94B,$4.15B,2.75%,$4.15B,$42.63B,10.16%,$4.15B,$5.32B,146.83%,$4.15B,$155.46B,2.76%,$4.87B,$53.00B,9.72%,$37576,$33046,$4530,$0,$2849,$35973,$1603,$190,$1793,$357,$1436,$1854,$1476,$1603,$1603,$1570,1663,$0.94,$0.89,$34594,$15672,$5082,$72107,$26578,$7519,$37312,$3564,$83349,$155456,$57623,$10375,$12757,$55204,$112827,$16,$11533,$-6724,$42629,$155456,$0,$0,$0,$0,$0,$0,$0,$0,$0,$9824,$-6004,$0,$-34,$610,$-819,$-209,$1966,$-4281,$2663,$-221,$2442,$0,$0,$-679,$-40,$1723,$7249,$0,$-679
25,2012-06-30,16.44,$26.57,0.62,$89.43,0.18,$4.45,3.69,$2.81,5.85,$70.23B,$56.65B,1.24,$9.70B,$31.22B,0.31,$150.08B,$18.64B,12.42%,$150.08B,$5.07B,3.38%,$150.08B,$5.07B,3.38%,$150.08B,$5.07B,3.38%,$150.08B,$4.97B,3.31%,$150.08B,$4.40B,2.93%,$4.40B,$41.61B,10.58%,$4.40B,$4.01B,156.81%,$4.40B,$151.99B,2.96%,$5.07B,$51.31B,9.99%,$37614,$32946,$4668,$0,$2847,$35793,$1821,$21,$1842,$241,$1601,$1901,$1487,$1821,$1821,$1569,1671,$0.95,$0.90,$34299,$15433,$5906,$70233,$25026,$7058,$37597,$4197,$81754,$151987,$56651,$9701,$12735,$53726,$110377,$16,$9889,$-5995,$41610,$151987,$0,$0,$0,$0,$0,$0,$0,$0,$0,$6441,$-4059,$0,$54,$1418,$-607,$811,$2369,$-825,$1201,$-156,$1045,$0,$0,$-459,$-20,$566,$6113,$0,$-459
26,2012-03-31,21.38,$25.63,0.83,$90.73,0.24,$4.35,4.92,$3.45,6.2,$69.22B,$56.58B,1.22,$8.87B,$29.75B,0.3,$151.84B,$19.36B,12.75%,$151.84B,$5.70B,3.76%,$151.84B,$5.70B,3.76%,$151.84B,$5.70B,3.76%,$151.84B,$5.72B,3.77%,$151.84B,$5.44B,3.58%,$5.44B,$40.14B,13.04%,$5.44B,$2.02B,268.01%,$5.44B,$150.19B,3.66%,$5.70B,$49.01B,11.19%,$37759,$33158,$4601,$0,$2973,$36763,$996,$147,$1143,$216,$927,$1350,$1004,$996,$996,$1572,1692,$0.64,$0.60,$32988,$15844,$4585,$69216,$24275,$6793,$38120,$4562,$80978,$150194,$56577,$8874,$12754,$53477,$110054,$16,$8283,$-5768,$40140,$150194,$0,$0,$0,$0,$0,$0,$0,$0,$0,$2499,$-1994,$0,$56,$-214,$-304,$-518,$1164,$-1292,$337,$-146,$191,$0,$0,$-217,$-2,$-28,$1307,$0,$-217
27,2011-12-31,16.89,$24.92,0.68,$88.33,0.19,$3.12,5.42,$4.62,3.66,$64.92B,$53.23B,1.22,$8.03B,$28.60B,0.28,$150.28B,$19.11B,12.71%,$150.28B,$5.66B,3.76%,$150.28B,$5.66B,3.76%,$150.28B,$5.66B,3.76%,$150.28B,$5.99B,3.98%,$150.28B,$7.59B,5.05%,$7.59B,$38.99B,18.31%,$7.59B,$-0.04B,825.13%,$7.59B,$144.60B,5.15%,$5.66B,$47.02B,11.06%,$37990,$33396,$4594,$0,$3303,$37540,$450,$-285,$165,$-293,$458,$747,$184,$450,$450,$1536,1668,$0.07,$0.24,$33224,$14324,$3633,$64923,$23005,$6790,$39033,$3644,$79680,$144603,$53226,$8033,$12442,$52386,$105612,$16,$7183,$-5861,$38991,$144603,$9287,$7587,$-5252,$2335,$-1572,$-2760,$2139,$-842,$-4122,$8166,$-6249,$0,$-53,$-15633,$3984,$-11649,$5211,$-12740,$566,$131,$697,$0,$0,$-916,$-139,$-358,$-5185,$0,$-916
28,2011-09-30,16.82,$29.16,0.58,$88.43,0.19,$3.68,4.57,$4.65,3.62,$64.01B,$51.75B,1.24,$10.12B,$35.23B,0.29,$149.19B,$18.24B,12.23%,$149.19B,$5.50B,3.69%,$149.19B,$5.50B,3.69%,$149.19B,$5.50B,3.69%,$149.19B,$6.85B,4.59%,$149.19B,$8.81B,5.90%,$8.81B,$45.62B,21.49%,$8.81B,$5.24B,-1266.28%,$8.81B,$148.50B,6.04%,$5.50B,$55.74B,10.75%,$36719,$31946,$4773,$0,$2942,$34913,$1806,$16,$1822,$107,$1715,$2092,$1726,$1806,$1806,$1562,1682,$1.10,$1.03,$31977,$15220,$6301,$64010,$21556,$7534,$40381,$6098,$84487,$148497,$51748,$10122,$13485,$51133,$102881,$16,$6595,$1412,$45616,$148497,$0,$0,$0,$0,$0,$0,$0,$0,$0,$6724,$-4071,$0,$-25,$-6710,$1024,$-5686,$3278,$-6504,$-15,$169,$154,$0,$0,$-649,$-161,$-656,$-652,$0,$-649
