,Date,Stock Price,Book Value per Share,Price to Book Ratio,TTM Sales per Share,Price to Sales Ratio,TTM FCF per Share,Price to FCF Ratio,TTM Net EPS,PE Ratio,Current Assets,Current Liabilities,Current Ratio,Long Term Debt,Shareholder's Equity_x,Debt to Equity Ratio,TTM Revenue_x,TTM Gross Profit,Gross Margin,TTM Revenue_y,TTM Operating Income,Operating Margin,TTM Revenue_x,TTM EBIT,EBIT Margin,TTM Revenue_y,TTM EBITDA,EBITDA Margin,TTM Revenue_x,TTM Pre-Tax Income,Pre-Tax Margin,TTM Revenue_y,TTM Net Income_x,Net Margin,TTM Net Income_y,Shareholder's Equity_y,Return on Equity,TTM Net Income_x,Tangible Equity,Return on Tangible Equity,TTM Net Income_y,Total Assets,Return on Assets,TTM Net Income,LT Investments & Debt,Return on Investment,revenue,cost-goods-sold,gross-profit,research-development-expenses,selling-general-administrative-expenses,operating-expenses,operating-income,total-non-operating-income-expense,pre-tax-income,total-provision-income-taxes,income-after-taxes,income-from-continuous-operations,net-income,ebitda,ebit,basic-shares-outstanding,shares-outstanding,eps-basic-net-earnings-per-share,eps-earnings-per-share-diluted,cash-on-hand,inventory,other-current-assets,total-current-assets,net-property-plant-equipment,long-term-investments,goodwill-intangible-assets-total,other-long-term-assets,total-long-term-assets,total-assets,total-current-liabilities,long-term-debt,other-non-current-liabilities,total-long-term-liabilities,total-liabilities,common-stock-net,retained-earnings-accumulated-deficit,comprehensive-income,total-share-holder-equity,total-liabilities-share-holders-equity,net-income-loss,total-depreciation-amortization-cash-flow,other-non-cash-items,total-non-cash-items,change-in-accounts-receivable,change-in-inventories,change-in-accounts-payable,change-in-assets-liabilities,total-change-in-assets-liabilities,cash-flow-from-operating-activities,net-change-in-property-plant-equipment,net-change-in-intangible-assets,net-acquisitions-divestitures,net-change-in-short-term-investments,net-change-in-long-term-investments,net-change-in-investments-total,investing-activities-other,cash-flow-from-investing-activities,net-long-term-debt,net-current-debt,debt-issuance-retirement-net-total,net-common-equity-issued-repurchased,net-total-equity-issued-repurchased,total-common-preferred-stock-dividends-paid,financial-activities-other,cash-flow-from-financial-activities,net-cash-flow,stock-based-compensation,common-stock-dividends-paid
0,2018-07-31,14.41,$20.65,0.7,$89.19,0.16,$-7.83,0.0,$-0.41,0.0,$1.86B,$1.28B,1.45,$0.82B,$2.10B,0.39,$9.07B,$2.97B,32.70%,$9.07B,$0.07B,0.77%,$9.07B,$0.07B,0.77%,$9.07B,$0.21B,2.35%,$9.07B,$0.02B,0.17%,$9.07B,$-0.04B,-0.48%,$-0.04B,$2.10B,-2.00%,$-0.04B,$0.29B,-15.38%,$-0.04B,$4.28B,-0.92%,$0.07B,$2.92B,2.32%,$1647,$1051,$596,$0,$542,$1625,$22,$-14,$8,$33,$-25,$-25,$-25,$54,$22,$102,102,$-0.24,$-0.24,$280,$1237,$0,$1855,$400,$0,$1813,$62,$2428,$4282,$1276,$819,$78,$903,$2178,$0,$2117,$-40,$2104,$4282,$3,$67,$32,$99,$10,$77,$0,$-16,$-532,$-430,$-40,$0,$0,$0,$0,$0,$2,$-38,$0,$-12,$-12,$-4,$-4,$-80,$0,$-96,$-586,$10,$-80
1,2018-04-30,13.3,$21.43,0.62,$89.69,0.15,$-6.77,0.0,$0.05,265.93,$1.85B,$1.22B,1.52,$0.82B,$2.18B,0.38,$9.11B,$3.00B,32.86%,$9.11B,$0.09B,1.01%,$9.11B,$0.09B,1.01%,$9.11B,$0.24B,2.64%,$9.11B,$0.04B,0.39%,$9.11B,$0.00B,0.03%,$0.00B,$2.18B,0.13%,$0.00B,$0.36B,1.26%,$0.00B,$4.31B,0.06%,$0.09B,$3.00B,2.99%,$1934,$1277,$657,$0,$566,$1877,$57,$-14,$43,$15,$28,$28,$28,$92,$57,$102,102,$0.28,$0.28,$247,$1306,$0,$1852,$412,$0,$1822,$69,$2457,$4308,$1215,$819,$87,$910,$2125,$0,$2181,$-23,$2184,$4308,$28,$34,$23,$57,$24,$28,$0,$-3,$-617,$-532,$-18,$0,$0,$0,$0,$0,$1,$-16,$0,$-12,$-12,$-4,$-4,$-41,$0,$-57,$-618,$8,$-41
2,2018-01-31,15.99,$21.86,0.73,$90.90,0.18,$-4.11,0.0,$0.35,45.69,$2.54B,$1.92B,1.33,$0.82B,$2.22B,0.37,$9.23B,$3.04B,32.96%,$9.23B,$0.14B,1.47%,$9.23B,$0.14B,1.47%,$9.23B,$0.29B,3.12%,$9.23B,$0.08B,0.87%,$9.23B,$0.03B,0.37%,$0.03B,$2.22B,1.49%,$0.03B,$0.38B,21.79%,$0.03B,$5.04B,0.69%,$0.14B,$3.03B,4.40%,$3503,$2478,$1025,$0,$692,$3599,$-97,$-13,$-110,$-4,$-106,$-106,$-106,$-58,$-97,$101,102,$-1.05,$-1.05,$864,$1367,$0,$2539,$433,$0,$1837,$75,$2503,$5042,$1916,$818,$89,$912,$2827,$0,$2180,$12,$2215,$5042,$35,$152,$340,$492,$36,$-256,$0,$-16,$-92,$435,$-113,$0,$47,$0,$0,$0,$3,$-64,$0,$-22,$-22,$-26,$-26,$-155,$0,$-203,$195,$26,$-155
3,2017-10-31,17.43,$22.84,0.76,$85.73,0.2,$-3.48,0.0,$3.43,5.08,$2.67B,$2.22B,1.21,$0.82B,$2.31B,0.35,$8.77B,$3.02B,34.49%,$8.77B,$0.52B,5.93%,$8.77B,$0.52B,5.93%,$8.77B,$0.67B,7.69%,$8.77B,$0.46B,5.28%,$8.77B,$0.35B,3.98%,$0.35B,$2.31B,15.26%,$0.35B,$0.11B,520.90%,$0.35B,$5.47B,7.07%,$0.52B,$3.13B,16.76%,$1989,$1299,$689,$0,$565,$1901,$88,$-14,$74,$14,$59,$59,$59,$125,$88,$102,102,$0.59,$0.59,$455,$1823,$0,$2671,$458,$0,$2201,$71,$2803,$5474,$2218,$817,$103,$943,$3160,$0,$2325,$-24,$2314,$5474,$141,$113,$26,$139,$20,$-715,$0,$-7,$-297,$-17,$-86,$0,$43,$0,$0,$0,$2,$-41,$0,$-22,$-22,$-25,$-25,$-117,$0,$-164,$-215,$16,$-117
4,2017-07-31,19.83,$22.82,0.87,$84.98,0.23,$-2.22,0.0,$3.33,5.95,$1.79B,$1.34B,1.34,$0.82B,$2.31B,0.35,$8.74B,$3.04B,34.82%,$8.74B,$0.53B,6.08%,$8.74B,$0.53B,6.08%,$8.74B,$0.69B,7.90%,$8.74B,$0.47B,5.41%,$8.74B,$0.34B,3.90%,$0.34B,$2.31B,15.22%,$0.34B,$0.10B,5456.00%,$0.34B,$4.61B,6.99%,$0.53B,$3.13B,17.38%,$1688,$1064,$624,$0,$542,$1644,$44,$-14,$29,$7,$22,$22,$22,$82,$44,$101,102,$0.22,$0.22,$262,$1141,$0,$1791,$457,$0,$2210,$79,$2819,$4610,$1338,$816,$122,$960,$2298,$0,$2305,$-1,$2312,$4610,$81,$76,$14,$91,$31,$-17,$0,$-5,$-484,$-312,$-47,$0,$46,$0,$0,$0,$0,$-1,$0,$0,$0,$-25,$-25,$-78,$0,$-104,$-403,$11,$-78
5,2017-04-30,20.4,$22.40,0.91,$84.00,0.24,$-3.50,0.0,$3.38,6.03,$1.85B,$1.47B,1.26,$0.82B,$2.27B,0.36,$8.68B,$3.04B,34.98%,$8.68B,$0.55B,6.28%,$8.68B,$0.55B,6.28%,$8.68B,$0.71B,8.15%,$8.68B,$0.49B,5.63%,$8.68B,$0.35B,4.00%,$0.35B,$2.27B,15.78%,$0.35B,$0.03B,648.60%,$0.35B,$4.68B,7.30%,$0.55B,$3.09B,18.08%,$2046,$1343,$703,$0,$564,$1945,$101,$-14,$87,$28,$59,$59,$59,$139,$101,$101,101,$0.58,$0.58,$312,$1217,$0,$1847,$454,$0,$2238,$72,$2836,$4683,$1466,$816,$110,$949,$2415,$0,$2322,$-56,$2269,$4683,$59,$38,$10,$49,$49,$-115,$0,$-3,$-365,$-257,$-20,$0,$-9,$0,$0,$0,$1,$-27,$0,$0,$0,$-25,$-25,$-40,$0,$-65,$-358,$6,$-40
6,2017-01-31,21.69,$22.32,0.97,$82.74,0.26,$-4.66,0.0,$3.43,6.32,$2.14B,$1.76B,1.22,$0.82B,$2.25B,0.36,$8.61B,$3.01B,34.97%,$8.61B,$0.56B,6.48%,$8.61B,$0.56B,6.48%,$8.61B,$0.72B,8.41%,$8.61B,$0.51B,5.87%,$8.61B,$0.35B,4.11%,$0.35B,$2.25B,16.30%,$0.35B,$0.02B,275.49%,$0.35B,$4.98B,7.54%,$0.56B,$3.07B,18.69%,$3045,$2038,$1008,$0,$646,$2759,$287,$-14,$273,$64,$209,$209,$209,$328,$287,$103,104,$2.03,$2.01,$669,$1122,$0,$2141,$471,$0,$2232,$73,$2835,$4976,$1762,$815,$122,$960,$2722,$0,$2301,$-47,$2254,$4976,$353,$167,$41,$208,$-44,$15,$0,$-10,$-24,$537,$-143,$0,$-441,$0,$0,$0,$6,$-578,$475,$-0,$475,$-72,$-72,$-156,$-9,$239,$219,$18,$-156
7,2016-10-31,20.98,$20.70,1.01,$86.44,0.24,$-3.93,0.0,$3.75,5.59,$2.36B,$2.15B,1.1,$0.81B,$2.12B,0.38,$9.09B,$3.05B,33.51%,$9.09B,$0.65B,7.19%,$9.09B,$0.65B,7.19%,$9.09B,$0.82B,9.04%,$9.09B,$0.61B,6.69%,$9.09B,$0.39B,4.32%,$0.39B,$2.12B,18.47%,$0.39B,$-0.13B,205.22%,$0.39B,$5.23B,8.67%,$0.65B,$2.94B,23.12%,$1959,$1251,$708,$0,$567,$1860,$99,$-15,$84,$33,$51,$51,$51,$141,$99,$104,104,$0.49,$0.49,$356,$1634,$0,$2359,$503,$0,$2255,$75,$2872,$5231,$2151,$814,$111,$955,$3107,$0,$2170,$-46,$2124,$5231,$145,$125,$41,$166,$-4,$-483,$0,$-16,$-179,$132,$-106,$0,$-441,$0,$0,$0,$5,$-542,$475,$-0,$475,$-52,$-52,$-118,$-9,$297,$-94,$17,$-118
8,2016-07-31,26.65,$20.68,1.29,$86.61,0.31,$-3.62,0.0,$3.79,7.03,$1.68B,$1.06B,1.59,$0.81B,$2.15B,0.38,$9.15B,$2.99B,32.73%,$9.15B,$0.65B,7.05%,$9.15B,$0.65B,7.05%,$9.15B,$0.81B,8.88%,$9.15B,$0.61B,6.65%,$9.15B,$0.40B,4.35%,$0.40B,$2.15B,19.11%,$0.40B,$0.29B,149.20%,$0.40B,$4.13B,8.97%,$0.65B,$2.97B,24.23%,$1632,$1014,$618,$0,$518,$1574,$58,$-14,$45,$17,$28,$28,$28,$100,$58,$104,104,$0.27,$0.27,$290,$1093,$0,$1684,$481,$0,$1860,$70,$2449,$4134,$1057,$814,$83,$926,$1983,$0,$2185,$-39,$2151,$4134,$94,$82,$22,$104,$51,$69,$0,$-15,$-634,$-436,$-66,$0,$-48,$0,$0,$0,$5,$-109,$475,$0,$475,$-18,$-18,$-79,$-8,$369,$-161,$12,$-79
9,2016-04-30,27.88,$20.73,1.34,$87.40,0.32,$0.27,102.35,$3.76,7.41,$2.04B,$1.37B,1.49,$0.81B,$2.16B,0.38,$9.28B,$2.96B,31.87%,$9.28B,$0.64B,6.89%,$9.28B,$0.64B,6.89%,$9.28B,$0.80B,8.65%,$9.28B,$0.61B,6.57%,$9.28B,$0.40B,4.26%,$0.40B,$2.16B,19.40%,$0.40B,$0.33B,162.89%,$0.40B,$4.45B,9.06%,$0.64B,$2.97B,25.58%,$1972,$1296,$676,$0,$521,$1858,$114,$-11,$103,$37,$66,$66,$66,$155,$114,$104,104,$0.63,$0.63,$474,$1264,$0,$2037,$483,$0,$1825,$61,$2409,$4446,$1366,$812,$81,$924,$2290,$0,$2196,$-40,$2156,$4446,$66,$41,$16,$57,$39,$-88,$0,$-10,$-498,$-376,$-29,$0,$-1,$0,$0,$0,$2,$-28,$475,$0,$475,$-18,$-18,$-41,$-8,$408,$23,$7,$-41
10,2016-01-31,22.02,$20.15,1.09,$87.49,0.25,$2.72,8.09,$3.81,5.78,$1.94B,$1.79B,1.08,$0.35B,$2.08B,0.17,$9.36B,$2.92B,31.17%,$9.36B,$0.65B,6.93%,$9.36B,$0.65B,6.93%,$9.36B,$0.81B,8.62%,$9.36B,$0.63B,6.67%,$9.36B,$0.40B,4.30%,$0.40B,$2.08B,19.99%,$0.40B,$0.27B,149.68%,$0.40B,$4.33B,9.52%,$0.65B,$2.43B,27.49%,$3525,$2482,$1043,$0,$613,$3143,$382,$-6,$376,$129,$248,$248,$248,$426,$382,$106,107,$2.35,$2.33,$450,$1163,$0,$1938,$485,$0,$1807,$62,$2393,$4330,$1794,$345,$80,$455,$2249,$0,$2170,$-89,$2081,$4330,$403,$158,$28,$186,$-58,$-49,$0,$-12,$68,$657,$-173,$0,$-268,$0,$0,$0,$-4,$-445,$0,$-2,$-2,$-194,$-194,$-154,$4,$-346,$-160,$30,$-154
11,2015-10-31,38.3,$18.51,2.07,$85.16,0.45,$1.02,37.42,$3.68,10.41,$2.49B,$2.37B,1.05,$0.35B,$1.94B,0.18,$9.32B,$2.85B,30.62%,$9.32B,$0.65B,7.01%,$9.32B,$0.65B,7.01%,$9.32B,$0.81B,8.64%,$9.32B,$0.63B,6.76%,$9.32B,$0.40B,4.28%,$0.40B,$1.94B,19.83%,$0.40B,$0.17B,128.50%,$0.40B,$4.83B,9.47%,$0.65B,$2.29B,27.69%,$2016,$1361,$656,$0,$526,$1926,$91,$-7,$84,$28,$56,$56,$56,$131,$91,$105,106,$0.53,$0.53,$186,$1856,$0,$2493,$478,$0,$1771,$62,$2337,$4830,$2372,$345,$76,$517,$2889,$0,$2003,$-61,$1942,$4830,$155,$115,$30,$145,$-66,$-723,$0,$-30,$-112,$188,$-129,$0,$-204,$0,$0,$0,$-4,$-338,$0,$0,$0,$-151,$-151,$-115,$7,$-259,$-424,$25,$-115
12,2015-07-31,37.79,$18.58,2.03,$84.68,0.45,$-0.15,0.0,$3.65,10.35,$1.50B,$1.35B,1.12,$0.35B,$1.97B,0.18,$9.39B,$2.82B,30.01%,$9.39B,$0.65B,6.94%,$9.39B,$0.65B,6.94%,$9.39B,$0.80B,8.54%,$9.39B,$0.63B,6.74%,$9.39B,$0.40B,4.25%,$0.40B,$1.97B,19.66%,$0.40B,$0.19B,111.14%,$0.40B,$3.83B,9.58%,$0.65B,$2.31B,27.44%,$1762,$1181,$581,$0,$491,$1710,$52,$-6,$46,$21,$25,$25,$25,$90,$52,$107,107,$0.24,$0.24,$136,$988,$0,$1500,$463,$0,$1774,$70,$2333,$3834,$1345,$345,$81,$522,$1866,$0,$2023,$-55,$1967,$3834,$99,$75,$15,$90,$1,$159,$0,$-25,$-212,$-23,$-76,$0,$-200,$0,$0,$0,$2,$-274,$0,$11,$11,$-107,$-107,$-77,$7,$-166,$-474,$18,$-77
13,2015-04-30,31.5,$19.35,1.63,$83.40,0.38,$-2.09,0.0,$3.63,8.68,$1.76B,$1.35B,1.31,$0.34B,$2.07B,0.17,$9.36B,$2.79B,29.79%,$9.36B,$0.64B,6.81%,$9.36B,$0.64B,6.81%,$9.36B,$0.79B,8.42%,$9.36B,$0.62B,6.66%,$9.36B,$0.40B,4.26%,$0.40B,$2.07B,19.16%,$0.40B,$0.44B,89.61%,$0.40B,$3.94B,9.62%,$0.64B,$2.42B,27.18%,$2061,$1422,$639,$0,$479,$1937,$124,$-5,$119,$45,$74,$74,$74,$160,$124,$108,108,$0.68,$0.68,$370,$1077,$0,$1756,$448,$0,$1635,$78,$2186,$3941,$1346,$344,$82,$523,$1868,$0,$2088,$-15,$2073,$3941,$74,$36,$9,$45,$14,$64,$0,$-12,$-247,$-129,$-28,$0,$-11,$0,$0,$0,$1,$-38,$0,$0,$0,$-47,$-47,$-39,$6,$-80,$-240,$10,$-39
14,2015-01-31,28.56,$19.20,1.49,$81.61,0.35,$-3.25,0.0,$3.54,8.07,$2.06B,$1.64B,1.26,$0.35B,$2.07B,0.17,$9.30B,$2.78B,29.85%,$9.30B,$0.62B,6.66%,$9.30B,$0.62B,6.66%,$9.30B,$0.77B,8.33%,$9.30B,$0.61B,6.55%,$9.30B,$0.39B,4.23%,$0.39B,$2.07B,18.44%,$0.39B,$0.44B,79.84%,$0.39B,$4.25B,9.55%,$0.62B,$2.42B,26.83%,$3476,$2500,$976,$0,$550,$3090,$386,$-5,$381,$137,$244,$244,$244,$424,$386,$112,113,$2.19,$2.16,$610,$1145,$0,$2063,$454,$0,$1628,$77,$2184,$4246,$1640,$351,$92,$539,$2179,$0,$2093,$-25,$2068,$4246,$393,$157,$16,$172,$-44,$-25,$0,$7,$-85,$481,$-160,$0,$-77,$0,$0,$0,$1,$-236,$350,$0,$350,$-330,$-330,$-149,$-2,$-131,$74,$22,$-149
15,2014-10-31,34.34,$18.38,1.87,$82.02,0.42,$-0.70,0.0,$3.20,10.73,$2.44B,$2.15B,1.14,$0.35B,$2.01B,0.17,$9.50B,$2.80B,29.49%,$9.50B,$0.59B,6.22%,$9.50B,$0.59B,6.22%,$9.50B,$0.75B,7.91%,$9.50B,$0.59B,6.16%,$9.50B,$0.37B,3.89%,$0.37B,$2.01B,17.00%,$0.37B,$0.37B,68.14%,$0.37B,$4.64B,9.08%,$0.59B,$2.36B,26.09%,$2092,$1470,$622,$0,$494,$2002,$90,$-3,$87,$30,$56,$56,$56,$128,$90,$112,113,$0.50,$0.50,$374,$1714,$0,$2444,$465,$0,$1643,$90,$2198,$4642,$2151,$350,$74,$482,$2633,$0,$1947,$62,$2009,$4642,$149,$118,$31,$149,$-33,$-574,$0,$-43,$-262,$37,$-107,$0,$-70,$0,$0,$0,$1,$-176,$350,$0,$350,$-258,$-258,$-113,$-2,$-23,$-162,$14,$-113
16,2014-07-31,33.45,$19.34,1.73,$81.32,0.41,$3.43,9.77,$3.28,10.2,$1.59B,$1.45B,1.1,$0.00B,$2.18B,0.0,$9.52B,$2.78B,29.19%,$9.52B,$0.61B,6.41%,$9.52B,$0.61B,6.41%,$9.52B,$0.78B,8.14%,$9.52B,$0.61B,6.37%,$9.52B,$0.38B,4.02%,$0.38B,$2.18B,17.32%,$0.38B,$0.54B,62.79%,$0.38B,$3.76B,9.44%,$0.61B,$2.18B,27.57%,$1731,$1181,$551,$0,$475,$1695,$37,$-1,$36,$11,$25,$25,$25,$76,$37,$114,114,$0.22,$0.22,$193,$1061,$0,$1586,$450,$0,$1643,$85,$2177,$3764,$1448,$0,$75,$134,$1582,$0,$2011,$104,$2181,$3764,$93,$79,$17,$97,$-5,$126,$0,$-20,$-465,$-275,$-52,$0,$-43,$0,$0,$0,$-1,$-96,$0,$210,$210,$-126,$-126,$-76,$3,$12,$-343,$13,$-76
17,2014-04-30,31.34,$19.80,1.58,$77.78,0.4,$5.17,6.06,$3.15,9.95,$1.64B,$1.43B,1.15,$0.00B,$2.27B,0.0,$9.17B,$2.71B,29.53%,$9.17B,$0.59B,6.46%,$9.17B,$0.59B,6.46%,$9.17B,$0.76B,8.28%,$9.17B,$0.59B,6.41%,$9.17B,$0.37B,4.02%,$0.37B,$2.27B,16.73%,$0.37B,$0.63B,57.93%,$0.37B,$3.81B,9.28%,$0.59B,$2.27B,26.83%,$1996,$1370,$626,$0,$481,$1890,$106,$-1,$105,$37,$68,$68,$68,$146,$106,$115,116,$0.59,$0.59,$209,$1200,$0,$1642,$464,$0,$1641,$59,$2165,$3808,$1425,$1,$76,$116,$1540,$0,$2025,$112,$2267,$3808,$68,$40,$-1,$39,$-1,$9,$0,$-12,$-385,$-277,$-25,$0,$-28,$0,$0,$0,$-0,$-52,$0,$75,$75,$-53,$-53,$-38,$2,$-15,$-327,$6,$-38
18,2014-01-31,27.46,$19.53,1.41,$76.18,0.36,$6.22,4.42,$3.02,9.09,$1.95B,$1.73B,1.13,$0.00B,$2.25B,0.0,$9.04B,$2.66B,29.42%,$9.04B,$0.57B,6.34%,$9.04B,$0.57B,6.34%,$9.04B,$0.74B,8.22%,$9.04B,$0.57B,6.29%,$9.04B,$0.36B,3.94%,$0.36B,$2.25B,16.09%,$0.36B,$0.64B,52.86%,$0.36B,$4.09B,9.10%,$0.57B,$2.25B,25.89%,$3684,$2681,$1003,$0,$573,$3325,$358,$-2,$357,$136,$221,$221,$221,$402,$358,$117,118,$1.88,$1.86,$536,$1199,$0,$1950,$476,$0,$1609,$57,$2142,$4091,$1726,$2,$75,$114,$1840,$0,$1996,$83,$2251,$4091,$354,$169,$80,$249,$-1,$-87,$0,$-35,$159,$763,$-126,$0,$-77,$0,$0,$0,$-5,$-208,$0,$-32,$-32,$-200,$-200,$-131,$12,$-351,$162,$19,$-131
19,2013-10-31,42.67,$18.48,2.31,$73.25,0.58,$4.56,9.36,$3.28,13.01,$2.46B,$2.32B,1.06,$0.00B,$2.15B,0.0,$8.92B,$2.63B,29.51%,$8.92B,$0.63B,7.03%,$8.92B,$0.63B,7.03%,$8.92B,$0.80B,8.94%,$8.92B,$0.62B,6.99%,$8.92B,$0.40B,4.44%,$0.40B,$2.15B,17.83%,$0.40B,$0.63B,56.53%,$0.40B,$4.57B,10.27%,$0.63B,$2.15B,28.22%,$2107,$1508,$598,$0,$449,$1998,$109,$-1,$108,$40,$69,$69,$69,$151,$109,$117,118,$0.59,$0.58,$472,$1717,$0,$2458,$473,$0,$1514,$120,$2108,$4565,$2316,$0,$76,$102,$2418,$0,$1808,$119,$2147,$4565,$134,$126,$12,$137,$-16,$-564,$0,$-51,$219,$490,$-76,$0,$-63,$0,$0,$0,$1,$-137,$0,$0,$0,$-150,$-150,$-99,$11,$-238,$98,$17,$-99
20,2013-07-31,37.98,$18.42,2.06,$69.84,0.54,$1.99,19.13,$-2.38,0.0,$1.39B,$1.18B,1.18,$0.00B,$2.16B,0.0,$8.58B,$2.59B,30.18%,$8.58B,$-0.09B,-1.00%,$8.58B,$-0.09B,-1.00%,$8.58B,$0.09B,1.03%,$8.58B,$-0.09B,-1.05%,$8.58B,$-0.30B,-3.46%,$-0.30B,$2.16B,-13.44%,$-0.30B,$0.65B,-43.37%,$-0.30B,$3.44B,-7.81%,$-0.09B,$2.16B,-3.89%,$1384,$902,$481,$0,$422,$1365,$19,$-1,$18,$7,$11,$11,$11,$60,$19,$118,119,$0.09,$0.09,$127,$1004,$0,$1392,$479,$0,$1510,$57,$2046,$3438,$1178,$0,$77,$104,$1282,$0,$1772,$98,$2157,$3438,$65,$84,$13,$98,$17,$142,$0,$-54,$-248,$-85,$-47,$0,$0,$0,$0,$0,$1,$-46,$0,$50,$50,$-75,$-75,$-66,$3,$-88,$-247,$12,$-66
21,2013-04-30,26.79,$19.30,1.39,$70.24,0.38,$1.34,20.05,$-2.31,0.0,$1.47B,$1.14B,1.29,$0.00B,$2.30B,0.0,$8.75B,$2.63B,30.05%,$8.75B,$-0.07B,-0.81%,$8.75B,$-0.07B,-0.81%,$8.75B,$0.11B,1.22%,$8.75B,$-0.07B,-0.85%,$8.75B,$-0.29B,-3.28%,$-0.29B,$2.30B,-12.12%,$-0.29B,$0.77B,-42.36%,$-0.29B,$3.55B,-7.22%,$-0.07B,$2.30B,-3.00%,$1865,$1287,$578,$0,$449,$1778,$87,$-1,$86,$32,$55,$55,$55,$130,$87,$118,119,$0.46,$0.46,$154,$1112,$0,$1470,$501,$0,$1525,$58,$2083,$3553,$1144,$0,$84,$113,$1257,$0,$1795,$146,$2296,$3553,$55,$43,$13,$56,$16,$44,$0,$-39,$-272,$-162,$-24,$0,$0,$0,$0,$0,$1,$-24,$0,$0,$0,$0,$0,$-33,$1,$-32,$-221,$6,$-33
22,2013-01-31,17.61,$19.34,0.91,$69.47,0.25,$1.53,11.53,$-2.23,0.0,$1.75B,$1.45B,1.2,$0.00B,$2.29B,0.0,$8.89B,$2.65B,29.83%,$8.89B,$-0.04B,-0.48%,$8.89B,$-0.04B,-0.48%,$8.89B,$0.14B,1.54%,$8.89B,$-0.05B,-0.51%,$8.89B,$-0.27B,-3.03%,$-0.27B,$2.29B,-10.60%,$-0.27B,$0.75B,-40.03%,$-0.27B,$3.87B,-6.40%,$-0.04B,$2.29B,-1.69%,$3562,$2587,$975,$0,$516,$3149,$412,$-1,$411,$150,$261,$261,$261,$456,$412,$126,126,$2.25,$2.25,$374,$1171,$0,$1750,$525,$0,$1537,$61,$2123,$3872,$1454,$0,$101,$132,$1586,$0,$1774,$164,$2286,$3872,$-270,$179,$698,$877,$-8,$-64,$0,$23,$3,$610,$-140,$0,$-2,$0,$0,$0,$-12,$-153,$0,$0,$0,$-398,$-398,$-102,$1,$-499,$-41,$20,$-102
23,2012-10-31,17.17,$17.35,0.99,$66.68,0.26,$1.19,14.48,$-3.11,0.0,$2.25B,$2.10B,1.07,$0.00B,$2.10B,0.0,$8.90B,$2.62B,29.41%,$8.90B,$-0.15B,-1.71%,$8.90B,$-0.15B,-1.71%,$8.90B,$0.03B,0.31%,$8.90B,$-0.16B,-1.75%,$8.90B,$-0.36B,-3.99%,$-0.36B,$2.10B,-13.02%,$-0.36B,$0.57B,-51.64%,$-0.36B,$4.35B,-7.98%,$-0.15B,$2.10B,-5.58%,$1773,$1215,$557,$0,$438,$2376,$-604,$-1,$-605,$20,$-624,$-624,$-624,$-558,$-604,$123,123,$-5.08,$-5.08,$366,$1646,$15,$2252,$520,$0,$1528,$49,$2097,$4349,$2101,$0,$96,$151,$2252,$0,$1543,$145,$2098,$4349,$-531,$135,$688,$823,$15,$-519,$0,$-13,$-88,$204,$-89,$0,$-2,$0,$0,$0,$-2,$-92,$0,$0,$0,$-324,$-324,$-71,$0,$-395,$-289,$16,$-71
24,2012-07-31,11.89,$22.40,0.53,$66.17,0.18,$0.85,13.99,$2.36,5.04,$1.38B,$1.18B,1.17,$0.00B,$2.79B,0.0,$9.08B,$2.64B,29.03%,$9.08B,$0.54B,5.89%,$9.08B,$0.54B,5.89%,$9.08B,$0.72B,7.90%,$9.08B,$0.53B,5.79%,$9.08B,$0.32B,3.56%,$0.32B,$2.79B,10.98%,$0.32B,$0.62B,45.96%,$0.32B,$4.13B,6.85%,$0.54B,$2.79B,18.18%,$1550,$1031,$519,$0,$441,$1516,$35,$-1,$34,$13,$21,$21,$21,$79,$35,$129,129,$0.16,$0.16,$139,$980,$27,$1379,$529,$0,$2171,$52,$2752,$4132,$1183,$0,$98,$159,$1343,$0,$2199,$111,$2789,$4132,$93,$90,$9,$99,$24,$134,$0,$-28,$-366,$-174,$-54,$0,$-2,$0,$0,$0,$-2,$-57,$0,$0,$0,$-245,$-245,$-40,$0,$-285,$-516,$10,$-40
25,2012-04-30,16.76,$22.56,0.74,$66.42,0.25,$0.41,41.31,$2.42,6.92,$1.64B,$1.32B,1.24,$0.00B,$2.98B,0.0,$9.27B,$2.66B,28.68%,$9.27B,$0.56B,5.99%,$9.27B,$0.56B,5.99%,$9.27B,$0.74B,7.98%,$9.27B,$0.54B,5.81%,$9.27B,$0.33B,3.59%,$0.33B,$2.98B,11.14%,$0.33B,$0.75B,47.20%,$0.33B,$4.46B,6.91%,$0.56B,$2.98B,18.18%,$2002,$1402,$600,$0,$440,$1887,$115,$-0,$115,$42,$72,$72,$73,$160,$115,$134,135,$0.54,$0.54,$329,$1118,$15,$1636,$549,$0,$2227,$47,$2823,$4459,$1319,$0,$100,$163,$1482,$0,$2198,$170,$2977,$4459,$72,$45,$7,$52,$16,$20,$0,$-11,$-287,$-162,$-22,$0,$-2,$0,$0,$0,$2,$-22,$0,$0,$0,$-121,$-121,$-21,$0,$-141,$-326,$5,$-21
26,2012-01-31,17.09,$22.22,0.77,$67.44,0.25,$0.56,30.67,$2.44,7.0,$2.00B,$1.63B,1.22,$0.00B,$3.04B,0.0,$9.55B,$2.68B,28.05%,$9.55B,$0.57B,5.98%,$9.55B,$0.57B,5.98%,$9.55B,$0.76B,7.95%,$9.55B,$0.55B,5.75%,$9.55B,$0.34B,3.56%,$0.34B,$3.04B,11.35%,$0.34B,$0.81B,50.15%,$0.34B,$4.85B,6.89%,$0.57B,$3.04B,18.30%,$3579,$2635,$943,$0,$514,$3276,$303,$-3,$300,$126,$174,$174,$175,$347,$303,$140,141,$1.26,$1.24,$655,$1138,$16,$1997,$573,$0,$2228,$49,$2850,$4847,$1634,$0,$106,$173,$1807,$0,$2146,$170,$3040,$4847,$339,$189,$119,$307,$1,$64,$0,$1,$-4,$642,$-165,$0,$-30,$0,$0,$0,$-6,$-202,$0,$-250,$-250,$-244,$-244,$0,$1,$-493,$-39,$19,$0
27,2011-10-31,18.7,$21.40,0.87,$66.04,0.28,$-0.27,0.0,$2.73,6.85,$2.44B,$2.30B,1.06,$0.00B,$2.96B,0.0,$9.67B,$2.64B,27.32%,$9.67B,$0.64B,6.66%,$9.67B,$0.64B,6.66%,$9.67B,$0.83B,8.63%,$9.67B,$0.62B,6.40%,$9.67B,$0.40B,4.17%,$0.40B,$2.96B,13.62%,$0.40B,$0.63B,63.34%,$0.40B,$5.43B,8.07%,$0.64B,$2.96B,20.47%,$1947,$1374,$573,$0,$443,$1864,$83,$-6,$77,$23,$54,$54,$54,$131,$83,$139,140,$0.39,$0.39,$443,$1778,$14,$2436,$603,$0,$2331,$63,$2997,$5433,$2299,$0,$105,$172,$2471,$0,$1971,$230,$2962,$5433,$164,$144,$14,$158,$9,$-502,$0,$-7,$-111,$211,$-127,$0,$-28,$0,$0,$0,$-8,$-163,$0,$-125,$-125,$-202,$-202,$0,$-0,$-328,$-268,$15,$0
28,2011-07-31,17.25,$21.26,0.81,$64.51,0.27,$-2.34,0.0,$2.70,6.39,$1.51B,$1.14B,1.32,$0.25B,$2.98B,0.08,$9.62B,$2.61B,27.17%,$9.62B,$0.65B,6.80%,$9.62B,$0.65B,6.80%,$9.62B,$0.84B,8.78%,$9.62B,$0.62B,6.44%,$9.62B,$0.40B,4.20%,$0.40B,$2.98B,13.88%,$0.40B,$0.63B,66.92%,$0.40B,$4.54B,8.18%,$0.65B,$3.23B,20.69%,$1744,$1201,$543,$0,$443,$1690,$54,$-6,$47,$17,$31,$31,$31,$102,$54,$141,142,$0.22,$0.22,$225,$1060,$20,$1510,$615,$0,$2351,$63,$3030,$4539,$1142,$249,$99,$418,$1559,$0,$1917,$266,$2980,$4539,$111,$96,$15,$110,$23,$218,$0,$-12,$-447,$-226,$-88,$0,$-27,$0,$0,$0,$-6,$-121,$0,$10,$10,$-161,$-161,$0,$-0,$-152,$-486,$10,$0
29,2011-04-30,18.78,$21.23,0.88,$63.91,0.29,$-2.54,0.0,$2.74,6.86,$1.88B,$1.50B,1.25,$0.25B,$3.00B,0.08,$9.67B,$2.59B,26.75%,$9.67B,$0.67B,6.93%,$9.67B,$0.67B,6.93%,$9.67B,$0.86B,8.84%,$9.67B,$0.63B,6.53%,$9.67B,$0.41B,4.27%,$0.41B,$3.00B,14.61%,$0.41B,$0.64B,72.97%,$0.41B,$4.93B,8.44%,$0.67B,$3.25B,21.44%,$2281,$1661,$620,$0,$443,$2150,$131,$-6,$125,$45,$80,$80,$80,$179,$131,$143,144,$0.56,$0.56,$396,$1306,$23,$1883,$619,$0,$2360,$65,$3045,$4927,$1501,$249,$104,$426,$1928,$0,$1886,$292,$3000,$4927,$80,$48,$11,$58,$17,$-17,$0,$-6,$-271,$-133,$-42,$0,$-11,$0,$0,$0,$-6,$-60,$0,$0,$0,$-133,$-133,$0,$-0,$-133,$-315,$5,$0
30,2011-01-31,15.41,$19.83,0.78,$61.34,0.25,$-3.20,0.0,$2.66,5.79,$2.16B,$1.75B,1.23,$0.25B,$2.90B,0.09,$9.47B,$2.54B,26.79%,$9.47B,$0.66B,7.01%,$9.47B,$0.66B,7.01%,$9.47B,$0.84B,8.91%,$9.47B,$0.62B,6.57%,$9.47B,$0.41B,4.31%,$0.41B,$2.90B,14.85%,$0.41B,$0.65B,77.09%,$0.41B,$5.06B,8.51%,$0.66B,$3.15B,21.45%,$3693,$2789,$904,$0,$481,$3317,$376,$-6,$370,$132,$238,$238,$238,$422,$376,$152,154,$1.57,$1.55,$711,$1258,$17,$2155,$614,$0,$2251,$44,$2909,$5064,$1748,$249,$96,$420,$2168,$0,$1806,$163,$2896,$5064,$407,$182,$84,$266,$0,$-227,$0,$-18,$-82,$591,$-198,$0,$-38,$0,$0,$0,$-4,$-240,$0,$-200,$-200,$-370,$-370,$0,$15,$-556,$-195,$30,$0
31,2010-10-31,14.37,$18.29,0.79,$58.35,0.25,$-2.89,0.0,$2.39,6.01,$2.30B,$2.08B,1.11,$0.25B,$2.77B,0.09,$9.31B,$2.51B,26.95%,$9.31B,$0.64B,6.82%,$9.31B,$0.64B,6.82%,$9.31B,$0.81B,8.75%,$9.31B,$0.59B,6.34%,$9.31B,$0.39B,4.15%,$0.39B,$2.77B,14.28%,$0.39B,$0.50B,77.63%,$0.39B,$5.22B,8.10%,$0.64B,$3.02B,20.48%,$1899,$1353,$546,$0,$409,$1806,$93,$-16,$77,$23,$54,$54,$55,$141,$93,$151,153,$0.36,$0.36,$181,$1942,$14,$2300,$606,$0,$2268,$41,$2915,$5215,$2079,$249,$100,$367,$2446,$0,$1568,$168,$2769,$5215,$169,$135,$-0,$135,$7,$-873,$0,$-6,$-388,$-84,$-142,$0,$-38,$0,$0,$0,$-4,$-184,$0,$-200,$-200,$-277,$-277,$0,$18,$-458,$-724,$22,$0
32,2010-07-31,14.67,$17.57,0.83,$56.88,0.26,$-2.59,0.0,$2.34,6.27,$1.59B,$1.15B,1.37,$0.45B,$2.64B,0.17,$9.24B,$2.49B,26.89%,$9.24B,$0.63B,6.84%,$9.24B,$0.63B,6.84%,$9.24B,$0.81B,8.73%,$9.24B,$0.59B,6.38%,$9.24B,$0.38B,4.14%,$0.38B,$2.64B,14.28%,$0.38B,$0.48B,79.96%,$0.38B,$4.36B,8.09%,$0.63B,$3.09B,20.19%,$1799,$1282,$517,$0,$405,$1730,$70,$-10,$60,$20,$40,$40,$40,$113,$70,$151,154,$0.27,$0.26,$289,$1130,$20,$1586,$575,$0,$2164,$38,$2777,$4363,$1154,$448,$102,$567,$1721,$0,$1513,$83,$2642,$4363,$115,$87,$17,$105,$19,$-89,$0,$-15,$-511,$-291,$-80,$0,$0,$0,$0,$0,$-9,$-90,$0,$0,$0,$-240,$-240,$0,$-3,$-243,$-616,$15,$0
33,2010-04-30,17.78,$17.53,1.01,$55.57,0.32,$-2.19,0.0,$2.31,7.7,$1.74B,$1.29B,1.35,$0.45B,$2.68B,0.17,$9.18B,$2.46B,26.83%,$9.18B,$0.63B,6.89%,$9.18B,$0.63B,6.89%,$9.18B,$0.81B,8.78%,$9.18B,$0.59B,6.43%,$9.18B,$0.38B,4.16%,$0.38B,$2.68B,14.32%,$0.38B,$0.49B,85.17%,$0.38B,$4.54B,8.10%,$0.63B,$3.13B,20.25%,$2083,$1512,$571,$0,$404,$1958,$125,$-10,$115,$40,$75,$75,$75,$168,$125,$154,157,$0.49,$0.48,$432,$1152,$31,$1736,$575,$0,$2187,$37,$2799,$4535,$1285,$448,$103,$570,$1856,$0,$1473,$115,$2680,$4535,$75,$44,$14,$58,$28,$-102,$0,$-19,$-390,$-258,$-35,$0,$0,$0,$0,$0,$-1,$-36,$0,$0,$0,$-188,$-188,$0,$-3,$-191,$-474,$7,$0
34,2010-01-31,14.46,$17.16,0.84,$54.05,0.27,$-2.14,0.0,$2.25,6.43,$2.13B,$1.66B,1.29,$0.45B,$2.72B,0.16,$9.08B,$2.43B,26.81%,$9.08B,$0.64B,7.01%,$9.08B,$0.64B,7.01%,$9.08B,$0.81B,8.88%,$9.08B,$0.59B,6.49%,$9.08B,$0.38B,4.15%,$0.38B,$2.72B,14.49%,$0.38B,$0.52B,94.78%,$0.38B,$4.96B,8.12%,$0.64B,$3.17B,20.70%,$3524,$2650,$874,$0,$481,$3177,$347,$-10,$338,$123,$214,$214,$216,$392,$347,$165,168,$1.31,$1.29,$905,$1054,$24,$2127,$584,$0,$2206,$37,$2828,$4955,$1656,$447,$104,$577,$2232,$0,$1398,$115,$2723,$4955,$376,$169,$90,$259,$4,$30,$0,$10,$9,$644,$-164,$0,$-8,$0,$0,$0,$-15,$-187,$0,$-100,$-100,$-54,$-54,$0,$-1,$-154,$327,$38,$0
35,2009-10-31,17.77,$16.31,1.09,$53.89,0.33,$-2.82,0.0,$2.35,7.56,$2.19B,$1.84B,1.19,$0.45B,$2.69B,0.17,$9.05B,$2.40B,26.52%,$9.05B,$0.67B,7.39%,$9.05B,$0.67B,7.39%,$9.05B,$0.83B,9.21%,$9.05B,$0.62B,6.84%,$9.05B,$0.39B,4.34%,$0.39B,$2.69B,15.80%,$0.39B,$0.43B,124.37%,$0.39B,$5.08B,8.69%,$0.67B,$3.13B,22.42%,$1835,$1312,$523,$0,$391,$1744,$90,$-13,$77,$25,$52,$52,$52,$134,$90,$165,168,$0.32,$0.31,$292,$1734,$16,$2194,$592,$0,$2259,$39,$2889,$5083,$1838,$447,$104,$558,$2397,$0,$1182,$170,$2687,$5083,$161,$124,$23,$148,$17,$-578,$0,$6,$-383,$-74,$-122,$0,$-5,$0,$0,$0,$-13,$-141,$0,$-100,$-100,$4,$4,$0,$-1,$-96,$-286,$23,$0
36,2009-07-31,16.01,$15.65,1.02,$53.07,0.3,$-3.65,0.0,$2.32,6.9,$1.44B,$1.10B,1.32,$0.50B,$2.58B,0.19,$8.91B,$2.35B,26.37%,$8.91B,$0.66B,7.45%,$8.91B,$0.66B,7.45%,$8.91B,$0.82B,9.22%,$8.91B,$0.62B,6.95%,$8.91B,$0.39B,4.36%,$0.39B,$2.58B,16.64%,$0.39B,$0.36B,107.55%,$0.39B,$4.28B,9.03%,$0.66B,$3.07B,23.27%,$1739,$1243,$495,$0,$385,$1668,$71,$-11,$60,$21,$39,$39,$39,$112,$71,$165,168,$0.23,$0.23,$198,$1099,$13,$1444,$579,$0,$2221,$37,$2838,$4282,$1096,$496,$106,$609,$1705,$0,$1130,$122,$2577,$4282,$109,$81,$17,$98,$29,$43,$0,$8,$-468,$-261,$-77,$0,$-5,$0,$0,$0,$-10,$-92,$0,$-51,$-51,$3,$3,$0,$-0,$-48,$-380,$15,$0
37,2009-04-30,22.06,$14.68,1.5,$53.45,0.41,$-3.37,0.0,$2.43,9.08,$1.53B,$1.23B,1.24,$0.50B,$2.42B,0.21,$8.97B,$2.34B,26.06%,$8.97B,$0.69B,7.72%,$8.97B,$0.69B,7.72%,$8.97B,$0.85B,9.43%,$8.97B,$0.65B,7.24%,$8.97B,$0.41B,4.52%,$0.41B,$2.42B,18.42%,$0.41B,$0.29B,96.21%,$0.41B,$4.25B,9.74%,$0.69B,$2.91B,25.32%,$1981,$1439,$542,$0,$376,$1852,$128,$-15,$114,$43,$70,$70,$70,$168,$128,$164,168,$0.43,$0.42,$230,$1161,$9,$1527,$559,$0,$2128,$37,$2724,$4251,$1230,$496,$102,$604,$1834,$0,$1091,$9,$2417,$4251,$70,$40,$11,$51,$20,$-62,$0,$18,$-390,$-269,$-37,$0,$0,$0,$0,$0,$-4,$-41,$0,$-51,$-51,$3,$3,$0,$-0,$-48,$-348,$7,$0
38,2009-01-31,18.13,$13.86,1.31,$52.49,0.35,$-2.97,0.0,$2.38,7.62,$1.82B,$1.56B,1.16,$0.55B,$2.27B,0.24,$8.81B,$2.27B,25.77%,$8.81B,$0.68B,7.67%,$8.81B,$0.68B,7.67%,$8.81B,$0.82B,9.36%,$8.81B,$0.64B,7.21%,$8.81B,$0.40B,4.52%,$0.40B,$2.27B,18.98%,$0.40B,$0.19B,81.39%,$0.40B,$4.48B,9.84%,$0.68B,$2.82B,25.54%,$3492,$2653,$839,$0,$433,$3112,$380,$-12,$368,$135,$232,$232,$232,$419,$380,$163,168,$1.42,$1.39,$578,$1076,$15,$1818,$549,$0,$2081,$35,$2665,$4483,$1563,$546,$97,$650,$2213,$0,$1020,$-58,$2271,$4483,$398,$150,$25,$175,$-3,$-210,$0,$-9,$-24,$549,$-183,$0,$-631,$0,$0,$0,$-7,$-821,$0,$-30,$-30,$29,$29,$0,$31,$30,$-279,$35,$0
39,2008-10-31,20.03,$12.60,1.59,$49.05,0.41,$-3.22,0.0,$2.13,9.41,$2.15B,$1.47B,1.47,$0.55B,$2.06B,0.26,$8.18B,$2.11B,25.84%,$8.18B,$0.59B,7.19%,$8.18B,$0.59B,7.19%,$8.18B,$0.73B,8.96%,$8.18B,$0.55B,6.75%,$8.18B,$0.36B,4.35%,$0.36B,$2.06B,17.84%,$0.36B,$0.61B,64.38%,$0.36B,$4.16B,9.20%,$0.59B,$2.61B,23.08%,$1696,$1222,$473,$0,$336,$1610,$85,$-9,$77,$30,$47,$47,$47,$122,$85,$164,168,$0.29,$0.28,$478,$1424,$46,$2153,$503,$0,$1457,$22,$2011,$4164,$1469,$545,$85,$631,$2100,$0,$788,$-24,$2064,$4164,$166,$111,$-10,$101,$3,$-688,$0,$-26,$-470,$-204,$-133,$0,$-51,$0,$0,$0,$2,$-181,$0,$-30,$-30,$28,$28,$0,$32,$31,$-379,$28,$0
40,2008-07-31,29.63,$12.61,2.35,$48.64,0.61,$-2.81,0.0,$2.16,13.72,$1.73B,$1.08B,1.6,$0.55B,$2.06B,0.26,$8.10B,$2.06B,25.46%,$8.10B,$0.60B,7.41%,$8.10B,$0.60B,7.41%,$8.10B,$0.74B,9.19%,$8.10B,$0.56B,6.87%,$8.10B,$0.36B,4.46%,$0.36B,$2.06B,19.04%,$0.36B,$0.60B,77.14%,$0.36B,$3.77B,9.67%,$0.60B,$2.61B,24.43%,$1804,$1320,$484,$0,$348,$1704,$100,$-9,$91,$34,$57,$57,$57,$137,$100,$163,168,$0.35,$0.34,$540,$970,$4,$1725,$525,$0,$1463,$28,$2047,$3772,$1081,$545,$82,$628,$1709,$0,$741,$33,$2064,$3772,$119,$74,$-14,$60,$-4,$-153,$0,$-8,$-390,$-210,$-82,$0,$-50,$0,$0,$0,$0,$-132,$0,$-30,$-30,$27,$27,$0,$28,$25,$-318,$20,$0
41,2008-04-30,40.26,$12.19,3.3,$46.03,0.87,$-2.70,0.0,$1.95,20.65,$1.76B,$1.15B,1.53,$0.55B,$1.99B,0.27,$7.63B,$1.94B,25.40%,$7.63B,$0.55B,7.22%,$7.63B,$0.55B,7.22%,$7.63B,$0.69B,9.07%,$7.63B,$0.50B,6.55%,$7.63B,$0.33B,4.27%,$0.33B,$1.99B,18.45%,$0.33B,$0.56B,92.22%,$0.33B,$3.77B,9.09%,$0.55B,$2.54B,23.31%,$1814,$1340,$473,$0,$329,$1704,$110,$-11,$99,$37,$62,$62,$62,$146,$110,$162,167,$0.38,$0.37,$626,$989,$3,$1763,$517,$0,$1432,$27,$2005,$3768,$1153,$545,$80,$625,$1777,$0,$684,$35,$1990,$3768,$62,$36,$-15,$21,$-9,$-172,$0,$8,$-284,$-201,$-36,$0,$-17,$0,$0,$0,$0,$-53,$0,$-30,$-30,$20,$20,$0,$26,$16,$-231,$12,$0
42,2008-01-31,37.71,$11.57,3.26,$43.12,0.87,$-3.28,0.0,$1.73,21.8,$1.80B,$1.26B,1.42,$0.57B,$1.86B,0.31,$7.09B,$1.81B,25.57%,$7.09B,$0.50B,7.08%,$7.09B,$0.50B,7.08%,$7.09B,$0.64B,9.02%,$7.09B,$0.44B,6.22%,$7.09B,$0.29B,4.07%,$0.29B,$1.86B,17.62%,$0.29B,$0.45B,123.77%,$0.29B,$3.78B,8.40%,$0.50B,$2.44B,21.97%,$2866,$2182,$684,$0,$358,$2572,$293,$-8,$285,$95,$190,$190,$190,$328,$293,$158,165,$1.20,$1.16,$857,$801,$4,$1795,$512,$0,$1417,$27,$1981,$3776,$1261,$574,$78,$653,$1913,$0,$622,$32,$1862,$3776,$288,$138,$-19,$119,$-20,$-144,$0,$2,$87,$494,$-176,$0,$1,$0,$0,$0,$-2,$-177,$0,$-282,$-282,$65,$65,$0,$93,$-124,$205,$27,$0
43,2007-10-31,43.32,$10.38,4.17,$40.29,1.08,$-3.28,0.0,$1.40,30.94,$1.66B,$1.29B,1.29,$0.57B,$1.67B,0.34,$6.53B,$1.68B,25.78%,$6.53B,$0.43B,6.64%,$6.53B,$0.43B,6.64%,$6.53B,$0.57B,8.73%,$6.53B,$0.36B,5.57%,$6.53B,$0.23B,3.51%,$0.23B,$1.67B,15.08%,$0.23B,$0.27B,199.13%,$0.23B,$3.62B,6.87%,$0.43B,$2.24B,19.46%,$1611,$1192,$420,$0,$289,$1514,$97,$-16,$81,$29,$52,$52,$52,$133,$97,$160,166,$0.32,$0.31,$278,$1164,$7,$1661,$501,$0,$1403,$41,$1954,$3615,$1292,$574,$79,$653,$1945,$0,$432,$37,$1670,$3615,$98,$104,$-72,$32,$-11,$-447,$0,$3,$-270,$-139,$-125,$0,$1,$0,$0,$0,$0,$-124,$-12,$-270,$-282,$64,$64,$0,$99,$-119,$-375,$20,$0
44,2007-07-31,29.51,$9.72,3.04,$36.99,0.8,$-2.96,0.0,$1.18,25.12,$1.26B,$0.87B,1.45,$0.69B,$1.55B,0.45,$5.93B,$1.58B,26.63%,$5.93B,$0.38B,6.44%,$5.93B,$0.38B,6.44%,$5.93B,$0.51B,8.61%,$5.93B,$0.31B,5.14%,$5.93B,$0.19B,3.22%,$0.19B,$1.55B,13.55%,$0.19B,$0.14B,2464.52%,$0.19B,$3.18B,5.97%,$0.38B,$2.24B,17.39%,$1338,$977,$361,$0,$278,$1287,$51,$-15,$35,$14,$22,$22,$22,$85,$51,$158,165,$0.14,$0.13,$349,$714,$0,$1256,$474,$0,$1403,$30,$1926,$3182,$869,$694,$0,$766,$1636,$0,$380,$19,$1546,$3182,$47,$68,$-49,$19,$6,$-20,$0,$-1,$-262,$-197,$-71,$0,$1,$0,$0,$0,$0,$-70,$0,$-150,$-150,$47,$47,$0,$66,$-37,$-303,$14,$0
45,2007-04-30,24.26,$9.41,2.58,$34.98,0.69,$-2.71,0.0,$1.07,22.78,$1.27B,$0.90B,1.42,$0.74B,$1.48B,0.5,$5.56B,$1.52B,27.31%,$5.56B,$0.36B,6.42%,$5.56B,$0.36B,6.42%,$5.56B,$0.48B,8.62%,$5.56B,$0.28B,4.95%,$5.56B,$0.17B,3.09%,$0.17B,$1.48B,13.01%,$0.17B,$0.08B,-222.65%,$0.17B,$3.19B,5.51%,$0.36B,$2.22B,16.43%,$1279,$930,$349,$0,$257,$1218,$61,$-21,$40,$15,$25,$25,$25,$94,$61,$153,161,$0.16,$0.15,$307,$794,$0,$1274,$460,$0,$1404,$30,$1913,$3187,$897,$737,$0,$808,$1705,$0,$359,$14,$1481,$3187,$25,$34,$-42,$-9,$-3,$-106,$0,$2,$-311,$-294,$-28,$0,$0,$0,$0,$0,$0,$-28,$0,$-106,$-106,$30,$30,$0,$53,$-24,$-345,$7,$0
46,2007-01-31,19.54,$9.03,2.16,$33.67,0.58,$-2.13,0.0,$0.99,19.74,$1.44B,$1.09B,1.33,$0.84B,$1.38B,0.61,$5.32B,$1.47B,27.66%,$5.32B,$0.33B,6.28%,$5.32B,$0.33B,6.28%,$5.32B,$0.45B,8.46%,$5.32B,$0.25B,4.78%,$5.32B,$0.16B,2.99%,$0.16B,$1.38B,12.75%,$0.16B,$-0.03B,-106.53%,$0.16B,$3.35B,5.21%,$0.33B,$2.22B,15.50%,$2304,$1749,$554,$0,$299,$2079,$225,$-17,$208,$78,$130,$130,$130,$258,$225,$150,158,$0.87,$0.82,$652,$675,$0,$1440,$456,$0,$1404,$29,$1909,$3350,$1087,$843,$0,$887,$1974,$0,$351,$3,$1376,$3350,$158,$116,$30,$146,$5,$-115,$0,$-21,$116,$420,$-115,$0,$-11,$0,$0,$0,$0,$-126,$0,$-100,$-100,$34,$34,$0,$22,$-43,$251,$21,$0
47,2006-10-31,18.67,$8.14,2.3,$32.45,0.58,$-2.61,0.0,$0.73,25.58,$1.21B,$0.93B,1.31,$0.88B,$1.23B,0.71,$4.68B,$1.36B,29.00%,$4.68B,$0.26B,5.60%,$4.68B,$0.26B,5.60%,$4.68B,$0.37B,7.95%,$4.68B,$0.18B,3.84%,$4.68B,$0.11B,2.43%,$0.11B,$1.23B,9.65%,$0.11B,$-0.16B,-53.84%,$0.11B,$3.09B,3.84%,$0.26B,$2.11B,12.36%,$1012,$696,$316,$0,$241,$967,$45,$-23,$22,$8,$14,$14,$14,$74,$45,$151,159,$0.09,$0.09,$181,$845,$0,$1209,$439,$0,$1396,$28,$1878,$3087,$926,$877,$0,$927,$1853,$0,$221,$6,$1234,$3087,$28,$83,$-27,$56,$4,$-242,$0,$-11,$-220,$-136,$-65,$0,$0,$0,$0,$0,$0,$-65,$-22,$-66,$-88,$29,$29,$0,$39,$-20,$-221,$16,$0
