,Date,Stock Price,Book Value per Share,Price to Book Ratio,TTM Sales per Share,Price to Sales Ratio,TTM FCF per Share,Price to FCF Ratio,TTM Net EPS,PE Ratio,Current Assets,Current Liabilities,Current Ratio,Long Term Debt,Shareholder's Equity_x,Debt to Equity Ratio,TTM Revenue_x,TTM Gross Profit,Gross Margin,TTM Revenue_y,TTM Operating Income,Operating Margin,TTM Revenue_x,TTM EBIT,EBIT Margin,TTM Revenue_y,TTM EBITDA,EBITDA Margin,TTM Revenue_x,TTM Pre-Tax Income,Pre-Tax Margin,TTM Revenue_y,TTM Net Income_x,Net Margin,TTM Net Income_y,Shareholder's Equity_y,Return on Equity,TTM Net Income_x,Tangible Equity,Return on Tangible Equity,TTM Net Income_y,Total Assets,Return on Assets,TTM Net Income,LT Investments & Debt,Return on Investment,revenue,cost-goods-sold,gross-profit,research-development-expenses,selling-general-administrative-expenses,operating-expenses,operating-income,total-non-operating-income-expense,pre-tax-income,total-provision-income-taxes,income-after-taxes,income-from-continuous-operations,net-income,ebitda,ebit,basic-shares-outstanding,shares-outstanding,eps-basic-net-earnings-per-share,eps-earnings-per-share-diluted,cash-on-hand,inventory,other-current-assets,total-current-assets,net-property-plant-equipment,long-term-investments,goodwill-intangible-assets-total,other-long-term-assets,total-long-term-assets,total-assets,total-current-liabilities,long-term-debt,other-non-current-liabilities,total-long-term-liabilities,total-liabilities,common-stock-net,retained-earnings-accumulated-deficit,comprehensive-income,total-share-holder-equity,total-liabilities-share-holders-equity,net-income-loss,total-depreciation-amortization-cash-flow,other-non-cash-items,total-non-cash-items,change-in-accounts-receivable,change-in-inventories,change-in-accounts-payable,change-in-assets-liabilities,total-change-in-assets-liabilities,cash-flow-from-operating-activities,net-change-in-property-plant-equipment,net-change-in-intangible-assets,net-acquisitions-divestitures,net-change-in-short-term-investments,net-change-in-long-term-investments,net-change-in-investments-total,investing-activities-other,cash-flow-from-investing-activities,net-long-term-debt,net-current-debt,debt-issuance-retirement-net-total,net-common-equity-issued-repurchased,net-total-equity-issued-repurchased,total-common-preferred-stock-dividends-paid,financial-activities-other,cash-flow-from-financial-activities,net-cash-flow,stock-based-compensation,common-stock-dividends-paid
0,2018-09-30,4.14,$-2.03,-2.03,$29.43,0.14,$4.08,1.01,$-2.86,0.0,$0.73B,$0.49B,1.51,$1.04B,$-0.17B,-6.1,$2.34B,$0.76B,32.42%,$2.34B,$-0.28B,-12.05%,$2.34B,$-0.28B,-12.05%,$2.34B,$-0.22B,-9.18%,$2.34B,$-0.39B,-16.79%,$2.34B,$-0.20B,-8.59%,$-0.20B,$-0.17B,114.53%,$-0.20B,$-0.73B,27.24%,$-0.20B,$1.48B,-13.34%,$-0.28B,$0.87B,-30.12%,$580,$395,$185,$0,$150,$560,$20,$-36,$-16,$-7,$-9,$-9,$-9,$37,$20,$83,83,$-0.10,$-0.10,$33,$490,$0,$731,$159,$0,$560,$29,$748,$1480,$485,$1041,$81,$1165,$1650,$0,$555,$-6,$-171,$1480,$11,$51,$20,$70,$-6,$-6,$7,$-17,$-22,$56,$-13,$0,$0,$0,$0,$0,$2,$-11,$-71,$0,$-71,$0,$0,$0,$-4,$-74,$-31,$5,$0
1,2018-06-30,3.52,$-1.98,-1.78,$31.41,0.11,$5.38,0.65,$-2.45,0.0,$0.73B,$0.48B,1.52,$1.05B,$-0.17B,-6.3,$2.37B,$0.78B,32.65%,$2.37B,$-0.26B,-11.04%,$2.37B,$-0.26B,-11.04%,$2.37B,$-0.20B,-8.26%,$2.37B,$-0.35B,-14.91%,$2.37B,$-0.17B,-7.20%,$-0.17B,$-0.17B,123.02%,$-0.17B,$-0.73B,21.16%,$-0.17B,$1.50B,-10.50%,$-0.26B,$0.88B,-24.76%,$618,$410,$208,$0,$159,$569,$49,$-33,$16,$3,$13,$13,$13,$66,$49,$83,83,$0.16,$0.16,$43,$494,$0,$734,$174,$0,$561,$30,$765,$1499,$484,$1046,$85,$1181,$1665,$0,$563,$-9,$-166,$1499,$20,$33,$4,$37,$2,$-9,$7,$-4,$-5,$49,$-8,$0,$0,$0,$0,$0,$1,$-7,$-59,$0,$-59,$0,$0,$0,$-3,$-62,$-21,$3,$0
2,2018-03-31,3.86,$-2.14,-1.8,$33.51,0.12,$5.65,0.68,$-2.38,0.0,$0.76B,$0.50B,1.5,$1.06B,$-0.18B,-5.93,$2.41B,$0.79B,32.71%,$2.41B,$-0.27B,-11.22%,$2.41B,$-0.27B,-11.22%,$2.41B,$-0.20B,-8.44%,$2.41B,$-0.35B,-14.34%,$2.41B,$-0.17B,-6.94%,$-0.17B,$-0.18B,151.47%,$-0.17B,$-0.74B,18.84%,$-0.17B,$1.53B,-9.50%,$-0.27B,$0.88B,-22.45%,$608,$401,$207,$0,$161,$561,$46,$-39,$8,$2,$6,$6,$6,$62,$46,$83,83,$0.07,$0.07,$54,$508,$0,$755,$180,$0,$564,$29,$773,$1528,$503,$1063,$84,$1204,$1707,$0,$550,$-7,$-179,$1528,$6,$16,$2,$18,$12,$-23,$22,$-9,$2,$25,$-4,$0,$0,$0,$0,$0,$0,$-3,$-30,$0,$-30,$0,$0,$0,$-2,$-32,$-10,$2,$0
3,2017-12-31,3.69,$-2.22,-1.66,$35.82,0.1,$5.87,0.63,$-2.10,0.0,$0.74B,$0.27B,2.78,$1.30B,$-0.19B,-6.98,$2.45B,$0.80B,32.61%,$2.45B,$-0.26B,-10.64%,$2.45B,$-0.26B,-10.64%,$2.45B,$-0.19B,-7.75%,$2.45B,$-0.31B,-12.80%,$2.45B,$-0.15B,-6.03%,$-0.15B,$-0.19B,178.85%,$-0.15B,$-0.75B,15.27%,$-0.15B,$1.52B,-7.83%,$-0.26B,$1.11B,-19.47%,$535,$376,$159,$0,$122,$931,$-397,$-5,$-401,$-190,$-211,$-211,$-211,$-380,$-397,$69,69,$-3.07,$-3.07,$64,$486,$0,$743,$187,$0,$565,$25,$777,$1520,$267,$1297,$86,$1439,$1706,$0,$544,$-6,$-186,$1520,$-149,$70,$258,$328,$-0,$72,$-24,$-11,$36,$221,$-26,$0,$0,$0,$0,$0,$2,$-24,$-168,$0,$-168,$0,$0,$0,$-0,$-168,$30,$8,$0
4,2017-09-30,8.84,$-0.36,-24.69,$36.25,0.24,$5.18,1.71,$-5.46,0.0,$0.75B,$0.31B,2.44,$1.38B,$-0.03B,-55.93,$2.49B,$0.81B,32.60%,$2.49B,$-0.31B,-12.54%,$2.49B,$-0.31B,-12.54%,$2.49B,$-0.24B,-9.57%,$2.49B,$-0.38B,-15.11%,$2.49B,$-0.37B,-14.87%,$-0.37B,$-0.03B,616.67%,$-0.37B,$-1.01B,35.00%,$-0.37B,$1.97B,-18.27%,$-0.31B,$1.36B,-21.96%,$613,$412,$201,$0,$156,$573,$40,$-16,$23,$2,$21,$21,$21,$56,$40,$68,69,$0.31,$0.31,$40,$534,$0,$749,$208,$0,$987,$25,$1220,$1969,$308,$1382,$56,$1686,$1994,$0,$777,$-5,$-25,$1969,$62,$54,$29,$83,$1,$46,$-20,$-25,$2,$150,$-26,$0,$0,$0,$0,$0,$1,$-25,$-120,$0,$-120,$0,$0,$0,$-0,$-120,$6,$6,$0
5,2017-06-30,8.43,$-0.75,-11.27,$36.50,0.23,$5.35,1.58,$-5.30,0.0,$0.78B,$0.24B,3.21,$1.51B,$-0.05B,-29.48,$2.50B,$0.83B,32.96%,$2.50B,$-0.29B,-11.47%,$2.50B,$-0.29B,-11.47%,$2.50B,$-0.21B,-8.43%,$2.50B,$-0.35B,-13.94%,$2.50B,$-0.36B,-14.34%,$-0.36B,$-0.05B,-1040.58%,$-0.36B,$-1.04B,33.05%,$-0.36B,$2.01B,-16.48%,$-0.29B,$1.46B,-18.45%,$650,$430,$220,$0,$160,$609,$41,$-16,$25,$9,$17,$17,$17,$59,$41,$68,68,$0.24,$0.24,$52,$575,$0,$778,$217,$0,$988,$28,$1233,$2011,$243,$1510,$56,$1820,$2062,$0,$756,$-7,$-51,$2011,$41,$37,$22,$59,$13,$15,$-39,$-18,$-28,$73,$-20,$0,$0,$0,$0,$0,$2,$-19,$-37,$0,$-37,$0,$0,$0,$-0,$-37,$18,$3,$0
6,2017-03-31,7.36,$-1.01,-7.27,$36.85,0.2,$6.19,1.19,$-4.59,0.0,$0.80B,$0.31B,2.57,$1.50B,$-0.07B,-21.71,$2.53B,$0.84B,33.41%,$2.53B,$-0.21B,-8.39%,$2.53B,$-0.21B,-8.39%,$2.53B,$-0.14B,-5.38%,$2.53B,$-0.27B,-10.81%,$2.53B,$-0.31B,-12.35%,$-0.31B,$-0.07B,-240.00%,$-0.31B,$-1.08B,28.01%,$-0.31B,$2.06B,-13.41%,$-0.21B,$1.43B,-12.69%,$655,$435,$220,$0,$166,$600,$55,$-16,$39,$14,$25,$25,$25,$75,$55,$68,68,$0.36,$0.36,$40,$603,$0,$802,$226,$0,$1005,$28,$1260,$2063,$312,$1503,$56,$1819,$2132,$0,$740,$-8,$-69,$2063,$25,$20,$1,$21,$6,$-16,$27,$-18,$-0,$46,$-14,$0,$0,$0,$0,$0,$1,$-13,$-28,$0,$-28,$0,$0,$0,$-0,$-28,$5,$1,$0
7,2016-12-31,11.04,$-1.39,-7.94,$36.38,0.3,$7.52,1.47,$-4.25,0.0,$0.79B,$0.31B,2.56,$1.53B,$-0.10B,-16.08,$2.54B,$0.86B,33.86%,$2.54B,$-0.17B,-6.81%,$2.54B,$-0.17B,-6.81%,$2.54B,$-0.10B,-3.94%,$2.54B,$-0.23B,-9.13%,$2.54B,$-0.29B,-11.26%,$-0.29B,$-0.10B,-130.15%,$-0.29B,$-1.10B,25.01%,$-0.29B,$2.06B,-11.67%,$-0.17B,$1.43B,-9.78%,$570,$400,$170,$0,$145,$1018,$-448,$-15,$-463,$-30,$-433,$-433,$-433,$-428,$-448,$69,69,$-6.23,$-6.22,$34,$583,$0,$786,$232,$0,$1007,$30,$1270,$2056,$308,$1528,$56,$1843,$2151,$0,$716,$-9,$-95,$2056,$-286,$73,$435,$508,$11,$-33,$27,$-20,$-16,$208,$-60,$0,$0,$0,$0,$0,$37,$-22,$79,$0,$79,$-229,$-229,$-55,$-3,$-208,$-22,$9,$-55
8,2016-09-30,20.11,$5.15,3.9,$35.64,0.56,$9.04,2.22,$2.64,7.62,$0.85B,$0.32B,2.62,$1.54B,$0.35B,4.38,$2.60B,$0.92B,35.32%,$2.60B,$0.36B,13.81%,$2.60B,$0.36B,13.81%,$2.60B,$0.43B,16.51%,$2.60B,$0.30B,11.58%,$2.60B,$0.19B,7.31%,$0.19B,$0.35B,52.67%,$0.19B,$-1.13B,-16.91%,$0.19B,$2.59B,7.38%,$0.36B,$1.90B,19.00%,$628,$413,$215,$0,$148,$563,$65,$-15,$50,$17,$32,$32,$32,$83,$65,$68,68,$0.47,$0.47,$37,$622,$0,$846,$222,$0,$1481,$32,$1739,$2585,$323,$1544,$57,$1909,$2232,$0,$1163,$-7,$353,$2585,$147,$53,$-8,$45,$4,$-72,$36,$8,$-24,$170,$-35,$0,$0,$0,$0,$0,$28,$-7,$91,$0,$91,$-229,$-229,$-42,$-3,$-183,$-19,$7,$-42
9,2016-06-30,23.7,$4.84,4.89,$34.58,0.69,$9.98,2.37,$2.71,8.75,$0.86B,$0.32B,2.71,$1.59B,$0.33B,4.8,$2.65B,$0.95B,35.95%,$2.65B,$0.38B,14.17%,$2.65B,$0.38B,14.17%,$2.65B,$0.45B,16.77%,$2.65B,$0.32B,12.02%,$2.65B,$0.20B,7.69%,$0.20B,$0.33B,47.25%,$0.20B,$-1.15B,-19.34%,$0.20B,$2.60B,7.86%,$0.38B,$1.92B,19.53%,$673,$435,$239,$0,$139,$557,$116,$-15,$101,$37,$64,$64,$64,$134,$116,$68,68,$0.94,$0.94,$48,$603,$0,$861,$223,$0,$1482,$33,$1742,$2603,$318,$1590,$57,$1953,$2271,$0,$1145,$-7,$331,$2603,$115,$34,$-15,$20,$15,$-53,$37,$-5,$-6,$131,$-21,$0,$0,$0,$0,$0,$0,$-20,$140,$0,$140,$-229,$-229,$-28,$-2,$-119,$-8,$3,$-28
10,2016-03-31,30.75,$4.22,7.29,$32.77,0.94,$10.29,2.99,$2.56,12.01,$0.81B,$0.37B,2.21,$1.54B,$0.29B,5.3,$2.67B,$0.97B,36.35%,$2.67B,$0.38B,14.15%,$2.67B,$0.38B,14.15%,$2.67B,$0.44B,16.59%,$2.67B,$0.32B,12.13%,$2.67B,$0.21B,7.75%,$0.21B,$0.29B,39.66%,$0.21B,$-1.19B,-21.24%,$0.21B,$2.56B,7.95%,$0.38B,$1.83B,19.36%,$669,$433,$236,$0,$143,$575,$94,$-14,$80,$29,$51,$51,$51,$111,$94,$73,73,$0.70,$0.69,$61,$563,$0,$811,$225,$0,$1484,$34,$1746,$2558,$368,$1536,$58,$1900,$2268,$0,$1095,$-7,$290,$2558,$51,$17,$0,$18,$17,$-13,$41,$24,$70,$142,$-11,$0,$0,$0,$0,$0,$0,$-10,$89,$0,$89,$-201,$-201,$-14,$-2,$-128,$5,$1,$-14
11,2015-12-31,29.83,$6.14,4.86,$31.38,0.95,$9.73,3.07,$2.59,11.52,$0.79B,$0.28B,2.86,$1.45B,$0.47B,3.08,$2.68B,$0.98B,36.68%,$2.68B,$0.39B,14.69%,$2.68B,$0.39B,14.69%,$2.68B,$0.46B,17.00%,$2.68B,$0.34B,12.75%,$2.68B,$0.22B,8.16%,$0.22B,$0.47B,34.54%,$0.22B,$-1.02B,-25.12%,$0.22B,$2.55B,8.30%,$0.39B,$1.91B,19.56%,$629,$401,$228,$0,$146,$545,$84,$-14,$70,$27,$43,$43,$43,$101,$84,$84,84,$0.55,$0.55,$56,$556,$0,$793,$231,$0,$1489,$39,$1762,$2554,$278,$1445,$59,$1808,$2086,$0,$1058,$-10,$469,$2554,$219,$64,$27,$91,$0,$5,$22,$11,$39,$355,$-46,$0,$0,$0,$0,$0,$0,$-46,$161,$0,$161,$-478,$-478,$-60,$-8,$-384,$-77,$6,$-60
12,2015-09-30,38.65,$7.73,5.0,$31.05,1.24,$8.63,4.48,$2.63,14.7,$0.91B,$0.27B,3.41,$1.40B,$0.64B,2.2,$2.70B,$0.98B,36.11%,$2.70B,$0.40B,14.72%,$2.70B,$0.40B,14.72%,$2.70B,$0.46B,16.98%,$2.70B,$0.35B,12.91%,$2.70B,$0.23B,8.44%,$0.23B,$0.64B,32.31%,$0.23B,$-0.85B,-28.19%,$0.23B,$2.66B,8.54%,$0.40B,$2.04B,19.33%,$683,$433,$251,$0,$141,$601,$82,$-14,$68,$23,$46,$46,$46,$99,$82,$84,84,$0.55,$0.54,$164,$552,$0,$908,$224,$0,$1491,$41,$1756,$2664,$266,$1403,$58,$1760,$2026,$0,$1029,$-10,$637,$2664,$176,$47,$31,$77,$-6,$12,$15,$3,$23,$275,$-30,$0,$0,$0,$0,$0,$-1,$-31,$120,$0,$120,$-278,$-278,$-46,$-8,$-213,$30,$5,$-46
13,2015-06-30,42.37,$8.16,5.19,$30.18,1.4,$7.75,5.47,$2.80,15.13,$0.85B,$0.27B,3.16,$1.34B,$0.69B,1.93,$2.68B,$0.97B,36.36%,$2.68B,$0.43B,15.88%,$2.68B,$0.43B,15.88%,$2.68B,$0.48B,18.05%,$2.68B,$0.38B,14.13%,$2.68B,$0.25B,9.19%,$0.25B,$0.69B,33.28%,$0.25B,$-0.83B,-31.34%,$0.25B,$2.64B,9.17%,$0.43B,$2.03B,20.47%,$690,$433,$256,$0,$140,$572,$118,$-12,$106,$39,$67,$67,$67,$132,$118,$86,86,$0.79,$0.79,$101,$567,$0,$848,$227,$0,$1521,$42,$1791,$2639,$269,$1336,$59,$1678,$1947,$0,$998,$-7,$692,$2639,$131,$30,$2,$31,$-0,$-0,$18,$7,$24,$184,$-20,$0,$0,$0,$0,$0,$0,$-20,$-2,$0,$-2,$-164,$-164,$-31,$0,$-197,$-33,$3,$-31
14,2015-03-31,46.56,$8.49,5.49,$29.57,1.57,$7.12,6.54,$2.78,16.75,$0.91B,$0.28B,3.26,$1.34B,$0.74B,1.81,$2.66B,$0.98B,36.68%,$2.66B,$0.43B,16.08%,$2.66B,$0.43B,16.08%,$2.66B,$0.49B,18.26%,$2.66B,$0.38B,14.32%,$2.66B,$0.25B,9.36%,$0.25B,$0.74B,33.11%,$0.25B,$-0.78B,-32.12%,$0.25B,$2.70B,9.24%,$0.43B,$2.08B,20.48%,$681,$432,$249,$0,$140,$572,$110,$-12,$98,$35,$63,$63,$63,$124,$110,$88,88,$0.72,$0.72,$167,$555,$0,$905,$228,$0,$1521,$43,$1792,$2697,$278,$1337,$61,$1681,$1959,$0,$946,$-9,$738,$2697,$63,$15,$1,$16,$2,$11,$22,$2,$37,$117,$-8,$0,$0,$0,$0,$0,$0,$-7,$-1,$0,$-1,$-60,$-60,$-16,$0,$-77,$33,$1,$-16
15,2014-12-31,44.39,$8.56,5.19,$29.04,1.53,$7.05,6.3,$2.81,15.8,$0.88B,$0.24B,3.65,$1.34B,$0.76B,1.77,$2.65B,$0.98B,36.96%,$2.65B,$0.44B,16.54%,$2.65B,$0.44B,16.54%,$2.65B,$0.50B,18.73%,$2.65B,$0.39B,14.81%,$2.65B,$0.26B,9.65%,$0.26B,$0.76B,34.19%,$0.26B,$-0.77B,-32.81%,$0.26B,$2.68B,9.50%,$0.44B,$2.09B,21.03%,$649,$429,$220,$0,$132,$561,$88,$-12,$77,$25,$52,$52,$52,$104,$88,$90,91,$0.59,$0.58,$134,$569,$0,$876,$232,$0,$1525,$41,$1801,$2678,$240,$1338,$61,$1681,$1922,$0,$899,$-4,$756,$2678,$256,$58,$-11,$48,$10,$-24,$-9,$15,$-9,$304,$-70,$0,$0,$0,$0,$0,$-5,$-75,$-5,$0,$-5,$-261,$-261,$-57,$3,$-321,$-92,$6,$-57
16,2014-09-30,36.48,$8.60,4.24,$28.18,1.29,$6.42,5.68,$2.73,13.36,$0.92B,$0.27B,3.46,$1.34B,$0.77B,1.74,$2.62B,$0.99B,37.69%,$2.62B,$0.44B,16.70%,$2.62B,$0.44B,16.70%,$2.62B,$0.49B,18.88%,$2.62B,$0.38B,14.64%,$2.62B,$0.25B,9.63%,$0.25B,$0.77B,33.00%,$0.25B,$-0.76B,-32.88%,$0.25B,$2.72B,9.29%,$0.44B,$2.11B,20.77%,$656,$409,$248,$0,$147,$548,$109,$-12,$97,$33,$64,$64,$64,$123,$109,$90,90,$0.72,$0.71,$148,$593,$0,$919,$231,$0,$1529,$42,$1802,$2721,$266,$1339,$61,$1685,$1950,$0,$861,$-1,$771,$2721,$204,$43,$6,$49,$6,$-63,$9,$18,$-30,$238,$-55,$0,$-6,$0,$0,$0,$1,$-61,$-4,$0,$-4,$-210,$-210,$-43,$3,$-255,$-78,$0,$-43
17,2014-06-30,31.97,$8.27,3.87,$27.92,1.15,$6.30,5.08,$2.78,11.5,$0.89B,$0.26B,3.42,$1.34B,$0.74B,1.8,$2.64B,$0.99B,37.61%,$2.64B,$0.45B,17.23%,$2.64B,$0.45B,17.23%,$2.64B,$0.51B,19.35%,$2.64B,$0.40B,15.22%,$2.64B,$0.26B,9.91%,$0.26B,$0.74B,33.38%,$0.26B,$-0.79B,-35.27%,$0.26B,$2.69B,9.79%,$0.45B,$2.08B,22.03%,$675,$417,$259,$0,$141,$554,$121,$-12,$109,$39,$70,$70,$70,$135,$121,$90,91,$0.77,$0.77,$119,$588,$0,$894,$221,$0,$1534,$39,$1793,$2687,$261,$1340,$59,$1682,$1944,$0,$811,$3,$743,$2687,$140,$28,$8,$36,$2,$-50,$12,$3,$-33,$153,$-36,$0,$-6,$0,$0,$0,$0,$-42,$-3,$0,$-3,$-188,$-188,$-29,$2,$-219,$-108,$0,$-29
18,2014-03-31,41.1,$7.97,5.16,$27.37,1.5,$6.09,6.75,$2.74,15.0,$0.93B,$0.30B,3.11,$1.34B,$0.73B,1.85,$2.64B,$0.99B,37.48%,$2.64B,$0.46B,17.34%,$2.64B,$0.46B,17.34%,$2.64B,$0.51B,19.42%,$2.64B,$0.41B,15.36%,$2.64B,$0.26B,9.98%,$0.26B,$0.73B,32.71%,$0.26B,$-0.80B,-37.07%,$0.26B,$2.70B,10.02%,$0.46B,$2.07B,22.62%,$674,$421,$254,$0,$135,$553,$121,$-12,$110,$40,$70,$70,$70,$135,$121,$93,94,$0.75,$0.75,$173,$560,$0,$925,$209,$0,$1528,$36,$1772,$2697,$297,$1341,$52,$1675,$1972,$0,$755,$1,$725,$2697,$70,$14,$2,$16,$-7,$-18,$22,$35,$32,$123,$-13,$0,$0,$0,$0,$0,$0,$-13,$-2,$0,$-2,$-149,$-149,$-15,$1,$-164,$-54,$0,$-15
19,2013-12-31,54.39,$8.68,6.27,$26.83,2.03,$5.77,9.42,$2.72,20.0,$0.97B,$0.25B,3.91,$1.34B,$0.82B,1.65,$2.63B,$0.99B,37.69%,$2.63B,$0.46B,17.55%,$2.63B,$0.46B,17.55%,$2.63B,$0.52B,19.60%,$2.63B,$0.41B,15.57%,$2.63B,$0.27B,10.13%,$0.27B,$0.82B,31.48%,$0.27B,$-0.71B,-40.20%,$0.27B,$2.74B,10.23%,$0.46B,$2.16B,23.05%,$611,$386,$225,$0,$142,$525,$86,$-20,$67,$19,$48,$48,$48,$101,$86,$96,97,$0.51,$0.50,$226,$548,$0,$966,$207,$0,$1529,$38,$1774,$2740,$247,$1342,$54,$1678,$1925,$0,$700,$2,$816,$2740,$265,$54,$8,$63,$-14,$-54,$7,$-25,$-87,$239,$-50,$0,$-28,$0,$0,$0,$-0,$-78,$246,$0,$246,$-295,$-295,$-57,$12,$-94,$68,$8,$-57
20,2013-09-30,50.57,$8.89,5.69,$25.92,1.95,$5.55,9.11,$2.69,18.8,$0.81B,$0.27B,3.03,$1.09B,$0.84B,1.3,$2.58B,$0.98B,37.96%,$2.58B,$0.46B,17.95%,$2.58B,$0.46B,17.95%,$2.58B,$0.52B,19.97%,$2.58B,$0.42B,16.09%,$2.58B,$0.27B,10.28%,$0.27B,$0.84B,30.76%,$0.27B,$-0.65B,-41.52%,$0.27B,$2.54B,10.38%,$0.46B,$1.94B,23.68%,$675,$421,$253,$0,$128,$549,$126,$-11,$115,$42,$73,$73,$73,$139,$126,$95,96,$0.77,$0.76,$78,$544,$0,$809,$201,$0,$1497,$33,$1731,$2540,$267,$1093,$51,$1429,$1696,$0,$667,$2,$844,$2540,$217,$40,$13,$53,$-24,$-66,$36,$-9,$-63,$216,$-34,$0,$0,$0,$0,$0,$-1,$-34,$-3,$0,$-3,$-228,$-228,$-43,$11,$-263,$-81,$0,$-43
21,2013-06-30,40.7,$8.69,4.69,$24.90,1.63,$4.74,8.6,$2.53,16.09,$0.79B,$0.27B,2.99,$1.09B,$0.83B,1.32,$2.53B,$0.96B,38.04%,$2.53B,$0.45B,17.74%,$2.53B,$0.45B,17.74%,$2.53B,$0.50B,19.79%,$2.53B,$0.40B,15.80%,$2.53B,$0.25B,10.06%,$0.25B,$0.83B,29.53%,$0.25B,$-0.67B,-39.61%,$0.25B,$2.52B,9.98%,$0.45B,$1.92B,22.92%,$676,$420,$256,$0,$132,$553,$124,$-11,$113,$41,$72,$72,$72,$137,$124,$97,98,$0.74,$0.73,$64,$544,$0,$791,$200,$0,$1499,$33,$1731,$2523,$265,$1093,$50,$1427,$1692,$0,$608,$2,$831,$2523,$144,$26,$9,$35,$-14,$-62,$32,$-15,$-59,$127,$-21,$0,$0,$0,$0,$0,$-1,$-23,$-2,$0,$-2,$-175,$-175,$-29,$7,$-199,$-95,$0,$-29
22,2013-03-31,35.93,$9.05,3.97,$23.75,1.51,$4.33,8.3,$2.42,14.85,$0.87B,$0.28B,3.05,$1.09B,$0.89B,1.23,$2.47B,$0.94B,38.23%,$2.47B,$0.44B,17.86%,$2.47B,$0.44B,17.86%,$2.47B,$0.49B,19.97%,$2.47B,$0.39B,15.92%,$2.47B,$0.25B,10.09%,$0.25B,$0.89B,27.04%,$0.25B,$-0.61B,-42.78%,$0.25B,$2.60B,9.74%,$0.44B,$1.98B,22.42%,$665,$409,$256,$0,$132,$540,$125,$-11,$114,$41,$73,$73,$73,$138,$125,$99,100,$0.73,$0.73,$176,$511,$0,$866,$199,$0,$1501,$33,$1733,$2599,$284,$1094,$48,$1426,$1710,$0,$551,$2,$889,$2599,$73,$13,$4,$17,$-9,$-23,$13,$23,$3,$96,$-10,$0,$0,$0,$0,$0,$-1,$-11,$-1,$0,$-1,$-57,$-57,$-15,$5,$-68,$18,$0,$-15
23,2012-12-31,30.21,$8.89,3.4,$22.89,1.32,$4.04,7.47,$2.28,13.25,$0.82B,$0.25B,3.34,$1.10B,$0.88B,1.24,$2.43B,$0.93B,38.26%,$2.43B,$0.43B,17.63%,$2.43B,$0.43B,17.63%,$2.43B,$0.48B,19.77%,$2.43B,$0.38B,15.69%,$2.43B,$0.24B,9.88%,$0.24B,$0.88B,24.91%,$0.24B,$-0.62B,-44.36%,$0.24B,$2.55B,9.42%,$0.43B,$1.98B,21.83%,$563,$350,$214,$0,$127,$476,$88,$-15,$73,$25,$47,$47,$47,$101,$88,$104,105,$0.48,$0.48,$159,$492,$0,$819,$199,$0,$1502,$32,$1733,$2552,$245,$1095,$47,$1425,$1670,$0,$493,$3,$882,$2552,$240,$52,$13,$65,$-17,$-80,$1,$20,$-76,$223,$-42,$0,$0,$0,$0,$0,$-1,$-43,$196,$0,$196,$-334,$-334,$-45,$34,$-149,$30,$0,$-45
24,2012-09-30,35.15,$8.46,4.15,$22.47,1.56,$3.59,9.79,$2.16,16.27,$0.77B,$0.24B,3.21,$1.10B,$0.84B,1.31,$2.38B,$0.90B,37.85%,$2.38B,$0.41B,17.26%,$2.38B,$0.41B,17.26%,$2.38B,$0.46B,19.45%,$2.38B,$0.37B,15.45%,$2.38B,$0.23B,9.73%,$0.23B,$0.84B,23.39%,$0.23B,$-0.67B,-44.57%,$0.23B,$2.50B,9.18%,$0.41B,$1.93B,21.18%,$622,$386,$235,$0,$123,$510,$111,$-12,$99,$37,$62,$62,$62,$124,$111,$103,104,$0.61,$0.60,$97,$496,$0,$771,$198,$0,$1504,$30,$1732,$2502,$240,$1095,$43,$1424,$1664,$0,$456,$3,$838,$2502,$193,$38,$9,$47,$-23,$-78,$-8,$13,$-96,$142,$-30,$0,$0,$0,$0,$0,$-2,$-32,$197,$0,$197,$-336,$-336,$-34,$32,$-141,$-32,$0,$-34
25,2012-06-30,35.17,$10.11,3.48,$21.49,1.64,$3.61,9.73,$2.02,17.41,$0.84B,$0.27B,3.11,$0.90B,$1.08B,0.84,$2.29B,$0.86B,37.49%,$2.29B,$0.38B,16.67%,$2.29B,$0.38B,16.67%,$2.29B,$0.43B,18.90%,$2.29B,$0.34B,14.84%,$2.29B,$0.22B,9.52%,$0.22B,$1.08B,21.35%,$0.22B,$-0.43B,-44.83%,$0.22B,$2.57B,8.72%,$0.38B,$1.97B,19.89%,$619,$380,$239,$0,$122,$502,$117,$-10,$107,$40,$67,$67,$67,$130,$117,$107,108,$0.63,$0.62,$160,$510,$0,$838,$199,$0,$1506,$26,$1731,$2569,$270,$899,$40,$1225,$1494,$0,$405,$2,$1075,$2569,$131,$25,$7,$32,$-15,$-91,$34,$3,$-68,$93,$-21,$0,$0,$0,$0,$0,$-2,$-23,$-1,$0,$-1,$-40,$-40,$-23,$26,$-38,$32,$0,$-23
26,2012-03-31,31.11,$9.89,3.15,$20.65,1.51,$3.54,8.79,$1.74,17.88,$0.84B,$0.29B,2.95,$0.90B,$1.06B,0.85,$2.19B,$0.81B,37.02%,$2.19B,$0.34B,15.43%,$2.19B,$0.34B,15.43%,$2.19B,$0.39B,17.71%,$2.19B,$0.29B,13.24%,$2.19B,$0.19B,8.53%,$0.19B,$1.06B,19.08%,$0.19B,$-0.45B,-35.74%,$0.19B,$2.57B,7.63%,$0.34B,$1.96B,17.98%,$624,$384,$241,$0,$128,$512,$112,$-10,$102,$38,$64,$64,$64,$125,$112,$106,108,$0.60,$0.59,$202,$479,$0,$843,$198,$0,$1507,$21,$1725,$2569,$286,$900,$39,$1224,$1510,$0,$350,$3,$1059,$2569,$64,$13,$3,$16,$-10,$-56,$37,$18,$-11,$71,$-9,$0,$0,$0,$0,$0,$-1,$-11,$-0,$0,$-0,$7,$7,$-11,$18,$13,$73,$0,$-11
