,Date,Stock Price,Book Value per Share,Price to Book Ratio,TTM Sales per Share,Price to Sales Ratio,TTM FCF per Share,Price to FCF Ratio,TTM Net EPS,PE Ratio,Current Assets,Current Liabilities,Current Ratio,Long Term Debt,Shareholder's Equity_x,Debt to Equity Ratio,TTM Revenue_x,TTM Gross Profit,Gross Margin,TTM Revenue_y,TTM Operating Income,Operating Margin,TTM Revenue_x,TTM EBIT,EBIT Margin,TTM Revenue_y,TTM EBITDA,EBITDA Margin,TTM Revenue_x,TTM Pre-Tax Income,Pre-Tax Margin,TTM Revenue_y,TTM Net Income_x,Net Margin,TTM Net Income_y,Shareholder's Equity_y,Return on Equity,TTM Net Income_x,Tangible Equity,Return on Tangible Equity,TTM Net Income_y,Total Assets,Return on Assets,TTM Net Income,LT Investments & Debt,Return on Investment,revenue,cost-goods-sold,gross-profit,research-development-expenses,selling-general-administrative-expenses,operating-expenses,operating-income,total-non-operating-income-expense,pre-tax-income,total-provision-income-taxes,income-after-taxes,income-from-continuous-operations,net-income,ebitda,ebit,basic-shares-outstanding,shares-outstanding,eps-basic-net-earnings-per-share,eps-earnings-per-share-diluted,cash-on-hand,inventory,other-current-assets,total-current-assets,net-property-plant-equipment,long-term-investments,goodwill-intangible-assets-total,other-long-term-assets,total-long-term-assets,total-assets,total-current-liabilities,long-term-debt,other-non-current-liabilities,total-long-term-liabilities,total-liabilities,common-stock-net,retained-earnings-accumulated-deficit,comprehensive-income,total-share-holder-equity,total-liabilities-share-holders-equity,net-income-loss,total-depreciation-amortization-cash-flow,other-non-cash-items,total-non-cash-items,change-in-accounts-receivable,change-in-inventories,change-in-accounts-payable,change-in-assets-liabilities,total-change-in-assets-liabilities,cash-flow-from-operating-activities,net-change-in-property-plant-equipment,net-change-in-intangible-assets,net-acquisitions-divestitures,net-change-in-short-term-investments,net-change-in-long-term-investments,net-change-in-investments-total,investing-activities-other,cash-flow-from-investing-activities,net-long-term-debt,net-current-debt,debt-issuance-retirement-net-total,net-common-equity-issued-repurchased,net-total-equity-issued-repurchased,total-common-preferred-stock-dividends-paid,financial-activities-other,cash-flow-from-financial-activities,net-cash-flow,stock-based-compensation,common-stock-dividends-paid
0,2018-09-30,7.35,$0.75,9.86,$1.24,5.93,$-2.11,0.0,$-0.97,0.0,$0.07B,$0.02B,3.75,$0.03B,$0.04B,0.69,$0.07B,$0.02B,27.94%,$0.07B,$-0.05B,-76.47%,$0.07B,$-0.05B,-76.47%,$0.07B,$-0.04B,-64.71%,$0.07B,$-0.05B,-77.94%,$0.07B,$-0.05B,-79.41%,$-0.05B,$0.04B,-95.58%,$-0.05B,$0.04B,-100.00%,$-0.05B,$0.09B,-51.18%,$-0.05B,$0.07B,-70.03%,$16,$10,$6,$6,$10,$26,$-11,$-0,$-11,$0,$-11,$-11,$-11,$-9,$-11,$56,56,$-0.20,$-0.20,$43,$11,$0,$66,$22,$0,$2,$1,$25,$91,$18,$29,$0,$32,$49,$0,$-455,$0,$42,$91,$-39,$6,$10,$16,$1,$-4,$-3,$-0,$-6,$-29,$-1,$0,$0,$28,$0,$28,$0,$27,$-0,$0,$-0,$1,$1,$0,$-0,$0,$-2,$9,$0
1,2018-06-30,6.38,$0.89,7.16,$1.17,5.46,$-2.38,0.0,$-1.05,0.0,$0.07B,$0.04B,2.04,$0.01B,$0.05B,0.19,$0.06B,$0.02B,26.56%,$0.06B,$-0.06B,-87.50%,$0.06B,$-0.06B,-87.50%,$0.06B,$-0.05B,-75.00%,$0.06B,$-0.06B,-89.06%,$0.06B,$-0.06B,-90.63%,$-0.06B,$0.05B,-87.55%,$-0.06B,$0.05B,-91.34%,$-0.06B,$0.10B,-50.43%,$-0.06B,$0.06B,-70.44%,$15,$11,$4,$10,$10,$31,$-16,$-1,$-16,$0,$-17,$-17,$-17,$-14,$-16,$56,56,$-0.30,$-0.30,$55,$9,$0,$73,$21,$0,$2,$1,$25,$98,$36,$10,$0,$12,$48,$0,$-444,$0,$50,$98,$-28,$4,$7,$11,$4,$0,$-2,$-0,$1,$-16,$-1,$0,$0,$43,$-24,$19,$0,$18,$-0,$0,$-0,$1,$1,$0,$-0,$0,$2,$6,$0
2,2018-03-31,5.44,$1.13,4.82,$1.16,4.7,$-2.71,0.0,$-1.12,0.0,$0.09B,$0.03B,2.79,$0.02B,$0.06B,0.24,$0.06B,$0.02B,29.51%,$0.06B,$-0.06B,-93.44%,$0.06B,$-0.06B,-93.44%,$0.06B,$-0.05B,-81.97%,$0.06B,$-0.06B,-96.72%,$0.06B,$-0.06B,-96.72%,$-0.06B,$0.06B,-76.62%,$-0.06B,$0.06B,-79.46%,$-0.06B,$0.11B,-46.46%,$-0.06B,$0.08B,-62.13%,$21,$16,$4,$5,$10,$31,$-11,$-1,$-11,$0,$-11,$-11,$-11,$-9,$-11,$55,55,$-0.21,$-0.21,$65,$10,$0,$85,$22,$0,$2,$1,$26,$111,$31,$15,$0,$18,$49,$0,$-428,$0,$63,$111,$-11,$2,$3,$5,$3,$-1,$-1,$0,$0,$-6,$-0,$0,$0,$10,$0,$10,$0,$10,$-0,$0,$-0,$0,$0,$0,$-0,$-0,$4,$3,$0
3,2017-12-31,4.17,$1.29,3.23,$1.05,3.97,$-2.96,0.0,$-1.21,0.0,$0.10B,$0.03B,3.45,$0.02B,$0.07B,0.28,$0.05B,$0.02B,37.74%,$0.05B,$-0.06B,-113.21%,$0.05B,$-0.06B,-113.21%,$0.05B,$-0.05B,-100.00%,$0.05B,$-0.06B,-116.98%,$0.05B,$-0.06B,-116.98%,$-0.06B,$0.07B,-91.18%,$-0.06B,$0.07B,-94.66%,$-0.06B,$0.12B,-53.80%,$-0.06B,$0.09B,-72.95%,$16,$11,$5,$8,$10,$30,$-14,$-1,$-15,$0,$-15,$-15,$-15,$-12,$-14,$51,51,$-0.26,$-0.26,$72,$11,$0,$96,$23,$0,$3,$1,$26,$122,$28,$20,$0,$23,$51,$0,$-416,$0,$71,$122,$-62,$6,$13,$20,$-2,$-11,$3,$-1,$-11,$-53,$-5,$-1,$0,$-20,$0,$-20,$0,$-25,$7,$0,$7,$88,$88,$0,$-6,$89,$11,$12,$0
4,2017-09-30,9.63,$1.47,6.54,$1.07,8.96,$-2.79,0.0,$-1.22,0.0,$0.10B,$0.04B,2.97,$0.01B,$0.08B,0.12,$0.05B,$0.02B,46.15%,$0.05B,$-0.06B,-111.54%,$0.05B,$-0.06B,-111.54%,$0.05B,$-0.05B,-100.00%,$0.05B,$-0.06B,-115.38%,$0.05B,$-0.06B,-115.38%,$-0.06B,$0.08B,-100.42%,$-0.06B,$0.08B,-105.26%,$-0.06B,$0.13B,-57.28%,$-0.06B,$0.09B,-80.56%,$12,$7,$4,$10,$9,$26,$-15,$-1,$-15,$-0,$-15,$-15,$-15,$-13,$-15,$55,55,$-0.28,$-0.28,$87,$7,$2,$104,$22,$0,$3,$1,$25,$129,$35,$10,$0,$14,$48,$0,$-403,$-0,$81,$129,$-47,$5,$9,$14,$1,$-5,$-1,$-2,$-7,$-41,$-4,$-1,$0,$-34,$0,$-34,$0,$-38,$9,$0,$9,$87,$87,$0,$-6,$90,$11,$8,$0
5,2017-06-30,11.83,$1.71,6.93,$1.11,10.7,$-2.66,0.0,$-1.21,0.0,$0.12B,$0.03B,3.6,$0.02B,$0.09B,0.16,$0.05B,$0.03B,50.98%,$0.05B,$-0.06B,-107.84%,$0.05B,$-0.06B,-107.84%,$0.05B,$-0.05B,-98.04%,$0.05B,$-0.06B,-111.76%,$0.05B,$-0.06B,-111.76%,$-0.06B,$0.09B,-110.68%,$-0.06B,$0.09B,-116.92%,$-0.06B,$0.15B,-60.64%,$-0.06B,$0.11B,-84.94%,$12,$7,$5,$13,$9,$30,$-17,$-1,$-18,$0,$-18,$-18,$-18,$-16,$-17,$48,48,$-0.37,$-0.37,$107,$7,$1,$122,$20,$0,$3,$1,$24,$146,$34,$15,$0,$19,$53,$0,$-387,$0,$93,$146,$-32,$3,$6,$9,$2,$-3,$-3,$-0,$-5,$-28,$-3,$0,$0,$18,$-10,$8,$0,$5,$14,$0,$14,$87,$87,$0,$-5,$96,$72,$6,$0
6,2017-03-31,12.82,$0.57,22.31,$1.14,11.24,$-2.44,0.0,$-1.14,0.0,$0.04B,$0.02B,2.0,$0.01B,$0.03B,0.45,$0.05B,$0.03B,55.77%,$0.05B,$-0.05B,-98.08%,$0.05B,$-0.05B,-98.08%,$0.05B,$-0.05B,-88.46%,$0.05B,$-0.05B,-100.00%,$0.05B,$-0.05B,-100.00%,$-0.05B,$0.03B,-147.52%,$-0.05B,$0.03B,-158.78%,$-0.05B,$0.06B,-70.99%,$-0.05B,$0.04B,-104.08%,$13,$6,$6,$11,$9,$26,$-14,$-0,$-14,$0,$-14,$-14,$-14,$-12,$-14,$47,47,$-0.30,$-0.30,$24,$9,$0,$42,$18,$0,$3,$1,$22,$64,$21,$12,$0,$16,$37,$0,$-369,$0,$27,$64,$-14,$1,$3,$4,$2,$-3,$-3,$-1,$-6,$-16,$-2,$0,$0,$15,$0,$15,$0,$13,$-0,$0,$-0,$0,$0,$0,$-0,$0,$-3,$3,$0
7,2016-12-31,12.24,$0.82,14.94,$1.13,10.81,$-2.23,0.0,$-1.14,0.0,$0.06B,$0.03B,2.21,$0.01B,$0.04B,0.31,$0.05B,$0.03B,60.00%,$0.05B,$-0.05B,-100.00%,$0.05B,$-0.05B,-100.00%,$0.05B,$-0.05B,-92.00%,$0.05B,$-0.05B,-102.00%,$0.05B,$-0.05B,-102.00%,$-0.05B,$0.04B,-133.33%,$-0.05B,$0.04B,-143.66%,$-0.05B,$0.08B,-70.34%,$-0.05B,$0.05B,-97.56%,$15,$6,$9,$12,$8,$27,$-12,$-1,$-13,$0,$-13,$-13,$-13,$-11,$-12,$44,44,$-0.28,$-0.28,$42,$7,$0,$58,$18,$0,$3,$1,$22,$80,$26,$12,$0,$16,$42,$0,$-355,$0,$38,$80,$-51,$4,$10,$14,$-2,$-3,$4,$0,$1,$-36,$-7,$-2,$0,$-16,$0,$-16,$0,$-24,$10,$0,$10,$32,$32,$0,$-1,$40,$-19,$9,$0
8,2016-09-30,11.8,$1.03,11.5,$1.11,10.65,$-2.11,0.0,$-1.08,0.0,$0.07B,$0.02B,3.26,$0.01B,$0.05B,0.3,$0.05B,$0.03B,60.42%,$0.05B,$-0.05B,-95.83%,$0.05B,$-0.05B,-95.83%,$0.05B,$-0.04B,-87.50%,$0.05B,$-0.05B,-97.92%,$0.05B,$-0.05B,-97.92%,$-0.05B,$0.05B,-114.63%,$-0.05B,$0.05B,-122.88%,$-0.05B,$0.09B,-66.90%,$-0.05B,$0.06B,-86.38%,$11,$4,$6,$12,$6,$22,$-12,$-0,$-12,$0,$-12,$-12,$-12,$-11,$-12,$44,44,$-0.27,$-0.27,$54,$4,$0,$65,$17,$0,$3,$1,$21,$86,$20,$14,$0,$18,$38,$0,$-343,$0,$48,$86,$-38,$3,$7,$10,$2,$-1,$1,$-1,$3,$-25,$-5,$-1,$0,$-25,$0,$-25,$0,$-31,$10,$0,$10,$31,$31,$0,$-1,$40,$-16,$7,$0
9,2016-06-30,8.7,$0.66,13.15,$1.06,8.18,$-2.06,0.0,$-1.08,0.0,$0.05B,$0.02B,2.95,$0.02B,$0.03B,0.59,$0.05B,$0.03B,62.22%,$0.05B,$-0.05B,-100.00%,$0.05B,$-0.05B,-100.00%,$0.05B,$-0.04B,-91.11%,$0.05B,$-0.05B,-102.22%,$0.05B,$-0.05B,-102.22%,$-0.05B,$0.03B,-108.24%,$-0.05B,$0.03B,-115.00%,$-0.05B,$0.06B,-67.65%,$-0.05B,$0.05B,-83.72%,$13,$5,$8,$13,$7,$25,$-13,$-0,$-13,$-0,$-13,$-13,$-13,$-12,$-13,$43,43,$-0.30,$-0.30,$38,$3,$1,$47,$13,$0,$2,$1,$16,$63,$16,$17,$0,$18,$34,$0,$-331,$0,$28,$63,$-26,$2,$5,$7,$1,$0,$1,$-1,$4,$-15,$-2,$-1,$0,$2,$0,$2,$0,$-1,$10,$0,$10,$1,$1,$0,$-0,$11,$-6,$5,$0
10,2016-03-31,5.27,$0.90,5.82,$0.95,5.52,$-2.07,0.0,$-1.07,0.0,$0.05B,$0.01B,4.03,$0.01B,$0.04B,0.25,$0.04B,$0.02B,60.00%,$0.04B,$-0.04B,-110.00%,$0.04B,$-0.04B,-110.00%,$0.04B,$-0.04B,-100.00%,$0.04B,$-0.05B,-112.50%,$0.04B,$-0.05B,-112.50%,$-0.05B,$0.04B,-87.80%,$-0.05B,$0.04B,-92.31%,$-0.05B,$0.06B,-61.43%,$-0.04B,$0.05B,-72.43%,$11,$4,$7,$12,$7,$24,$-13,$-0,$-13,$0,$-13,$-13,$-13,$-12,$-13,$43,43,$-0.30,$-0.30,$38,$2,$0,$46,$12,$0,$2,$1,$15,$61,$12,$10,$0,$11,$23,$0,$-318,$-0,$39,$61,$-13,$1,$2,$3,$1,$1,$1,$0,$3,$-6,$-1,$-1,$0,$0,$0,$0,$0,$-2,$-0,$0,$-0,$0,$0,$0,$-0,$0,$-7,$2,$0
11,2015-12-31,7.76,$1.14,6.79,$0.94,8.29,$-2.11,0.0,$-1.01,0.0,$0.06B,$0.01B,5.28,$0.01B,$0.05B,0.2,$0.04B,$0.02B,58.97%,$0.04B,$-0.04B,-105.13%,$0.04B,$-0.04B,-105.13%,$0.04B,$-0.04B,-94.87%,$0.04B,$-0.04B,-107.69%,$0.04B,$-0.04B,-107.69%,$-0.04B,$0.05B,-70.59%,$-0.04B,$0.05B,-73.36%,$-0.04B,$0.07B,-51.85%,$-0.04B,$0.06B,-59.42%,$13,$5,$8,$10,$7,$22,$-8,$-0,$-9,$0,$-9,$-9,$-9,$-7,$-8,$42,42,$-0.20,$-0.20,$45,$3,$0,$56,$11,$0,$2,$1,$15,$71,$11,$10,$0,$11,$22,$0,$-305,$0,$49,$71,$-42,$4,$11,$14,$-2,$-1,$-1,$0,$-4,$-32,$-4,$-1,$0,$24,$0,$24,$0,$19,$10,$0,$10,$2,$2,$0,$-1,$11,$-1,$10,$0
12,2015-09-30,7.87,$1.28,6.16,$0.86,9.14,$-2.12,0.0,$-1.01,0.0,$0.06B,$0.01B,5.41,$0.01B,$0.05B,0.18,$0.04B,$0.02B,58.33%,$0.04B,$-0.04B,-116.67%,$0.04B,$-0.04B,-116.67%,$0.04B,$-0.04B,-105.56%,$0.04B,$-0.04B,-116.67%,$0.04B,$-0.04B,-116.67%,$-0.04B,$0.05B,-62.92%,$-0.04B,$0.05B,-64.86%,$-0.04B,$0.08B,-48.70%,$-0.04B,$0.06B,-56.76%,$8,$3,$5,$10,$7,$20,$-11,$-0,$-11,$0,$-11,$-11,$-11,$-10,$-11,$42,42,$-0.27,$-0.27,$54,$3,$0,$62,$12,$0,$2,$1,$15,$77,$11,$10,$0,$11,$23,$0,$-296,$0,$54,$77,$-33,$3,$8,$11,$1,$-1,$-0,$-0,$-1,$-24,$-3,$-1,$0,$14,$0,$14,$0,$10,$10,$0,$10,$1,$1,$0,$-1,$11,$-3,$7,$0
13,2015-06-30,9.06,$1.49,6.09,$0.81,11.14,$-2.12,0.0,$-0.97,0.0,$0.07B,$0.01B,7.44,$0.01B,$0.06B,0.15,$0.03B,$0.02B,58.82%,$0.03B,$-0.04B,-120.59%,$0.03B,$-0.04B,-120.59%,$0.03B,$-0.04B,-108.82%,$0.03B,$-0.04B,-120.59%,$0.03B,$-0.04B,-120.59%,$-0.04B,$0.06B,-55.03%,$-0.04B,$0.06B,-56.55%,$-0.04B,$0.08B,-44.81%,$-0.04B,$0.07B,-51.74%,$8,$3,$4,$9,$7,$20,$-12,$-0,$-12,$-0,$-12,$-12,$-12,$-11,$-12,$42,42,$-0.29,$-0.29,$63,$2,$0,$69,$12,$0,$2,$1,$15,$84,$9,$10,$0,$11,$21,$0,$-284,$-0,$63,$84,$-22,$2,$5,$7,$1,$-0,$-1,$-0,$-1,$-16,$-2,$-1,$0,$3,$0,$3,$0,$0,$10,$0,$10,$1,$1,$0,$-1,$11,$-5,$5,$0
14,2015-03-31,12.98,$1.70,7.64,$0.79,16.42,$-2.08,0.0,$-0.95,0.0,$0.08B,$0.01B,8.15,$0.01B,$0.07B,0.13,$0.03B,$0.02B,57.58%,$0.03B,$-0.04B,-121.21%,$0.03B,$-0.04B,-121.21%,$0.03B,$-0.04B,-109.09%,$0.03B,$-0.04B,-121.21%,$0.03B,$-0.04B,-121.21%,$-0.04B,$0.07B,-48.78%,$-0.04B,$0.07B,-50.00%,$-0.04B,$0.09B,-41.13%,$-0.04B,$0.08B,-47.48%,$10,$4,$6,$9,$7,$20,$-10,$0,$-10,$0,$-10,$-10,$-10,$-9,$-10,$42,42,$-0.24,$-0.24,$71,$2,$0,$78,$11,$0,$2,$1,$14,$92,$10,$10,$0,$11,$21,$0,$-272,$-0,$72,$92,$-10,$1,$3,$3,$0,$-0,$-1,$-0,$-2,$-8,$-0,$-1,$0,$-0,$0,$-0,$0,$-1,$10,$0,$10,$0,$0,$0,$-1,$10,$0,$2,$0
15,2014-12-31,13.61,$1.86,7.3,$0.74,18.37,$-2.05,0.0,$-0.92,0.0,$0.08B,$0.01B,6.35,$0.00B,$0.08B,0.0,$0.03B,$0.02B,54.84%,$0.03B,$-0.04B,-125.81%,$0.03B,$-0.04B,-125.81%,$0.03B,$-0.04B,-112.90%,$0.03B,$-0.04B,-125.81%,$0.03B,$-0.04B,-125.81%,$-0.04B,$0.08B,-43.58%,$-0.04B,$0.08B,-44.44%,$-0.04B,$0.09B,-37.96%,$-0.04B,$0.08B,-43.58%,$10,$4,$6,$9,$6,$18,$-9,$0,$-9,$0,$-9,$-9,$-9,$-8,$-9,$41,41,$-0.22,$-0.22,$71,$2,$0,$78,$11,$0,$2,$1,$14,$92,$12,$0,$0,$2,$14,$0,$-262,$0,$78,$92,$-38,$3,$6,$10,$-2,$-0,$0,$-0,$-1,$-30,$-6,$-0,$0,$35,$0,$35,$0,$29,$-0,$0,$-0,$1,$1,$0,$0,$1,$1,$6,$0
16,2014-09-30,8.97,$2.03,4.43,$0.69,13.07,$-2.00,0.0,$-0.97,0.0,$0.09B,$0.01B,7.33,$0.00B,$0.09B,0.0,$0.03B,$0.01B,51.85%,$0.03B,$-0.04B,-148.15%,$0.03B,$-0.04B,-148.15%,$0.03B,$-0.04B,-133.33%,$0.03B,$-0.04B,-151.85%,$0.03B,$-0.04B,-151.85%,$-0.04B,$0.09B,-42.16%,$-0.04B,$0.08B,-42.82%,$-0.04B,$0.10B,-37.19%,$-0.04B,$0.09B,-41.13%,$6,$3,$4,$8,$6,$17,$-10,$-0,$-10,$-1,$-10,$-10,$-10,$-9,$-10,$41,41,$-0.23,$-0.23,$79,$2,$1,$85,$10,$0,$2,$1,$13,$98,$12,$0,$0,$2,$13,$0,$-254,$0,$85,$98,$-30,$2,$5,$7,$0,$0,$-0,$-1,$-0,$-22,$-4,$-0,$0,$16,$0,$16,$0,$12,$-0,$0,$-0,$1,$1,$0,$0,$1,$-10,$4,$0
17,2014-06-30,13.53,$2.22,6.1,$0.66,20.4,$-1.95,0.0,$-1.04,0.0,$0.09B,$0.01B,8.02,$0.00B,$0.09B,0.0,$0.03B,$0.01B,38.46%,$0.03B,$-0.04B,-161.54%,$0.03B,$-0.04B,-161.54%,$0.03B,$-0.04B,-146.15%,$0.03B,$-0.04B,-161.54%,$0.03B,$-0.04B,-161.54%,$-0.04B,$0.09B,-39.81%,$-0.04B,$0.09B,-40.48%,$-0.04B,$0.11B,-35.59%,$-0.04B,$0.09B,-39.81%,$7,$3,$3,$8,$7,$18,$-11,$0,$-11,$0,$-11,$-11,$-11,$-10,$-11,$41,41,$-0.27,$-0.27,$89,$1,$1,$94,$10,$0,$2,$1,$13,$107,$12,$0,$1,$2,$14,$0,$-244,$0,$93,$107,$-20,$2,$3,$5,$1,$1,$-1,$-0,$2,$-14,$-3,$0,$0,$7,$0,$7,$0,$4,$-0,$0,$-0,$1,$1,$0,$0,$1,$-9,$3,$0
18,2014-03-31,9.94,$2.45,4.06,$0.67,14.88,$-2.04,0.0,$-1.02,0.0,$0.10B,$0.01B,10.15,$0.00B,$0.10B,0.0,$0.02B,$0.01B,37.50%,$0.02B,$-0.04B,-162.50%,$0.02B,$-0.04B,-162.50%,$0.02B,$-0.04B,-145.83%,$0.02B,$-0.04B,-162.50%,$0.02B,$-0.04B,-162.50%,$-0.04B,$0.10B,-41.49%,$-0.04B,$0.10B,-42.39%,$-0.04B,$0.11B,-36.97%,$-0.04B,$0.10B,-41.49%,$8,$4,$4,$7,$6,$17,$-9,$0,$-9,$0,$-9,$-9,$-9,$-8,$-9,$41,41,$-0.21,$-0.21,$98,$2,$1,$103,$10,$0,$1,$1,$12,$114,$10,$0,$1,$2,$12,$0,$-233,$0,$102,$114,$-9,$1,$2,$2,$0,$0,$-0,$0,$0,$-6,$-1,$0,$0,$-0,$0,$-0,$0,$-1,$-0,$0,$-0,$0,$0,$0,$0,$-0,$-8,$1,$0
19,2013-12-31,13.29,$2.63,5.05,$0.82,16.13,$-2.08,0.0,$-0.94,0.0,$0.11B,$0.01B,10.85,$0.00B,$0.11B,0.0,$0.03B,$0.01B,40.74%,$0.03B,$-0.03B,-125.93%,$0.03B,$-0.03B,-125.93%,$0.03B,$-0.03B,-114.81%,$0.03B,$-0.03B,-125.93%,$0.03B,$-0.03B,-125.93%,$-0.03B,$0.11B,-41.46%,$-0.03B,$0.11B,-42.77%,$-0.03B,$0.12B,-36.56%,$-0.03B,$0.11B,-41.46%,$6,$3,$3,$6,$7,$17,$-10,$-0,$-11,$0,$-11,$-11,$-11,$-9,$-10,$35,35,$-0.27,$-0.27,$106,$2,$0,$111,$9,$0,$1,$1,$11,$122,$10,$0,$1,$2,$13,$0,$-224,$0,$109,$122,$-34,$3,$9,$12,$-2,$-1,$1,$-0,$-2,$-24,$-4,$-1,$0,$-68,$0,$-68,$1,$-73,$-1,$0,$-1,$87,$87,$0,$-6,$81,$-16,$4,$0
20,2013-09-30,12.14,$2.84,4.27,$1.00,12.12,$-2.04,0.0,$-0.81,0.0,$0.12B,$0.01B,14.02,$0.00B,$0.12B,0.0,$0.03B,$0.01B,43.33%,$0.03B,$-0.03B,-96.67%,$0.03B,$-0.03B,-96.67%,$0.03B,$-0.03B,-86.67%,$0.03B,$-0.03B,-93.33%,$0.03B,$-0.03B,-93.33%,$-0.03B,$0.12B,-40.73%,$-0.03B,$0.12B,-42.26%,$-0.03B,$0.13B,-35.22%,$-0.03B,$0.12B,-42.03%,$5,$4,$0,$5,$7,$17,$-12,$1,$-11,$0,$-11,$-11,$-11,$-11,$-12,$36,36,$-0.30,$-0.30,$113,$2,$1,$118,$8,$0,$3,$0,$11,$129,$8,$0,$2,$2,$11,$0,$-214,$-0,$118,$129,$-23,$2,$6,$8,$-2,$-0,$1,$-0,$-3,$-18,$-3,$-1,$0,$-48,$0,$-48,$1,$-51,$-1,$0,$-1,$87,$87,$0,$-5,$81,$12,$3,$0
21,2013-06-30,10.35,$1.43,7.23,$1.04,9.97,$-1.95,0.0,$-0.71,0.0,$0.05B,$0.01B,5.86,$0.00B,$0.05B,0.0,$0.03B,$0.02B,50.00%,$0.03B,$-0.02B,-76.67%,$0.03B,$-0.02B,-76.67%,$0.03B,$-0.02B,-70.00%,$0.03B,$-0.02B,-76.67%,$0.03B,$-0.02B,-76.67%,$-0.02B,$0.05B,-42.40%,$-0.02B,$0.04B,-44.23%,$-0.02B,$0.06B,-35.66%,$-0.02B,$0.05B,-42.20%,$5,$3,$2,$5,$5,$13,$-8,$0,$-8,$0,$-8,$-8,$-8,$-7,$-8,$32,32,$-0.25,$-0.25,$37,$3,$1,$45,$8,$0,$3,$1,$12,$57,$8,$0,$2,$2,$10,$0,$-203,$-0,$47,$57,$-12,$1,$3,$4,$-2,$-2,$-0,$-0,$-5,$-13,$-2,$-0,$0,$-17,$0,$-17,$1,$-19,$-0,$0,$-0,$0,$0,$0,$0,$-0,$-32,$2,$0
22,2013-03-31,12.92,$1.63,7.91,$1.05,12.36,$-1.95,0.0,$-0.72,0.0,$0.05B,$0.01B,6.62,$0.00B,$0.05B,0.0,$0.03B,$0.01B,48.28%,$0.03B,$-0.02B,-72.41%,$0.03B,$-0.02B,-72.41%,$0.03B,$-0.02B,-65.52%,$0.03B,$-0.02B,-72.41%,$0.03B,$-0.02B,-72.41%,$-0.02B,$0.05B,-35.59%,$-0.02B,$0.05B,-36.84%,$-0.02B,$0.06B,-30.55%,$-0.02B,$0.05B,-35.44%,$11,$5,$6,$5,$5,$15,$-4,$0,$-4,$0,$-4,$-4,$-4,$-4,$-4,$32,32,$-0.13,$-0.13,$45,$3,$0,$53,$7,$0,$3,$1,$11,$64,$8,$0,$2,$2,$10,$0,$-195,$-0,$54,$64,$-4,$0,$1,$2,$-1,$-2,$0,$-0,$-4,$-6,$-1,$-0,$0,$-12,$0,$-12,$0,$-13,$-0,$0,$-0,$0,$0,$0,$0,$-0,$-19,$1,$0
23,2012-12-31,9.0,$1.72,5.22,$0.80,11.2,$-2.00,0.0,$-0.87,0.0,$0.06B,$0.01B,6.32,$0.00B,$0.06B,0.0,$0.02B,$0.01B,40.00%,$0.02B,$-0.02B,-110.00%,$0.02B,$-0.02B,-110.00%,$0.02B,$-0.02B,-100.00%,$0.02B,$-0.02B,-115.00%,$0.02B,$-0.02B,-115.00%,$-0.02B,$0.06B,-44.23%,$-0.02B,$0.06B,-45.77%,$-0.02B,$0.07B,-37.86%,$-0.02B,$0.06B,-42.11%,$9,$5,$5,$4,$5,$14,$-5,$0,$-5,$0,$-5,$-5,$-5,$-4,$-5,$26,26,$-0.10,$-0.10,$53,$2,$0,$58,$7,$0,$2,$1,$10,$68,$9,$0,$1,$2,$12,$0,$-191,$-0,$56,$68,$-22,$1,$2,$3,$-2,$1,$1,$0,$3,$-16,$-3,$-1,$0,$4,$0,$4,$-1,$-2,$-1,$0,$-1,$49,$49,$0,$-3,$44,$26,$2,$0
24,2012-09-30,9.21,$1.84,5.0,$0.55,16.9,$-2.27,0.0,$-1.01,0.0,$0.06B,$0.01B,7.83,$0.00B,$0.06B,0.0,$0.01B,$0.00B,23.08%,$0.01B,$-0.02B,-169.23%,$0.01B,$-0.02B,-169.23%,$0.01B,$-0.02B,-161.54%,$0.01B,$-0.02B,-176.92%,$0.01B,$-0.02B,-176.92%,$-0.02B,$0.06B,-50.27%,$-0.02B,$0.06B,-52.57%,$-0.02B,$0.07B,-43.19%,$-0.02B,$0.06B,-48.09%,$5,$3,$2,$4,$4,$11,$-6,$-0,$-6,$0,$-6,$-6,$-6,$-6,$-6,$32,32,$-0.20,$-0.20,$57,$2,$0,$60,$5,$0,$2,$1,$8,$69,$8,$0,$1,$1,$9,$0,$-186,$-0,$60,$69,$-17,$1,$2,$3,$-0,$-0,$1,$1,$2,$-12,$-3,$-1,$0,$4,$0,$4,$-4,$-4,$-1,$0,$-1,$48,$48,$0,$-3,$44,$28,$2,$0
25,2012-06-30,4.34,$2.01,2.16,$0.45,9.75,$-2.54,0.0,$-1.12,0.0,$0.07B,$0.01B,10.04,$0.00B,$0.07B,0.0,$0.01B,$0.00B,11.11%,$0.01B,$-0.02B,-244.44%,$0.01B,$-0.02B,-244.44%,$0.01B,$-0.02B,-233.33%,$0.01B,$-0.02B,-255.56%,$0.01B,$-0.02B,-255.56%,$-0.02B,$0.07B,-57.86%,$-0.02B,$0.06B,-60.93%,$-0.02B,$0.07B,-48.94%,$-0.02B,$0.07B,-55.00%,$4,$2,$1,$3,$4,$9,$-6,$-0,$-6,$0,$-6,$-6,$-6,$-5,$-6,$21,21,$-0.26,$-0.26,$64,$2,$0,$68,$4,$0,$2,$0,$6,$74,$7,$0,$1,$1,$8,$0,$-180,$-0,$66,$74,$-11,$1,$0,$1,$-0,$1,$0,$-0,$2,$-9,$-2,$-1,$0,$5,$0,$5,$0,$3,$-1,$0,$-1,$48,$48,$0,$-3,$45,$39,$1,$0
26,2012-03-31,4.05,$1.22,3.32,$0.34,12.01,$-2.66,0.0,$-1.25,0.0,$0.03B,$0.01B,5.03,$0.00B,$0.03B,0.02,$0.01B,0,0.00%,$0.01B,$-0.02B,-366.67%,$0.01B,$-0.02B,-366.67%,$0.01B,$-0.02B,-350.00%,$0.01B,$-0.02B,-383.33%,$0.01B,$-0.02B,-383.33%,$-0.02B,$0.03B,-68.15%,$-0.02B,$0.02B,-72.44%,$-0.02B,$0.03B,-55.76%,$-0.02B,$0.03B,-64.23%,$2,$2,$0,$2,$4,$8,$-5,$-0,$-6,$0,$-6,$-6,$-6,$-5,$-5,$20,20,$-0.28,$-0.28,$24,$2,$0,$27,$3,$0,$2,$0,$5,$32,$5,$0,$1,$1,$7,$0,$-174,$-0,$26,$32,$-6,$0,$-0,$0,$0,$1,$-0,$-1,$-0,$-5,$-0,$-1,$0,$5,$0,$5,$0,$4,$-0,$0,$-0,$0,$0,$0,$0,$-0,$-2,$1,$0
27,2011-12-31,4.12,$1.50,2.75,$0.29,14.01,$-2.66,0.0,$-1.53,0.0,$0.03B,$0.01B,5.31,$0.00B,$0.03B,0.02,$0.01B,$-0.00B,-20.00%,$0.01B,$-0.02B,-480.00%,$0.01B,$-0.02B,-480.00%,$0.01B,$-0.02B,-440.00%,$0.01B,$-0.02B,-480.00%,$0.01B,$-0.02B,-480.00%,$-0.02B,$0.03B,-77.42%,$-0.02B,$0.03B,-81.36%,$-0.02B,$0.04B,-61.94%,$-0.02B,$0.03B,-75.00%,$2,$2,$0,$2,$4,$7,$-5,$-0,$-5,$0,$-5,$-5,$-5,$-5,$-5,$20,20,$-0.27,$-0.27,$30,$2,$0,$34,$3,$0,$1,$0,$4,$38,$6,$1,$1,$1,$8,$0,$-168,$-0,$31,$38,$-24,$1,$2,$1,$-0,$-2,$0,$2,$1,$-19,$-1,$-1,$0,$-5,$0,$-5,$-1,$-7,$2,$0,$2,$35,$35,$0,$-3,$33,$7,$2,$0
28,2011-09-30,5.75,$0.00,0.0,$0.26,22.13,$-3.40,0.0,$-1.56,0.0,$0.04B,$0.01B,6.09,$0.00B,$0.04B,0.02,$0.00B,$-0.00B,-50.00%,$0.00B,$-0.03B,-725.00%,$0.00B,$-0.02B,-450.00%,$0.00B,$-0.03B,-675.00%,$0.00B,$-0.02B,-450.00%,$0.00B,$-0.02B,-575.00%,$-0.02B,$0.04B,-80.70%,$-0.02B,$0.03B,-83.64%,$-0.02B,$0.04B,-64.79%,$-0.03B,$0.04B,-98.31%,$1,$2,$-0,$2,$4,$7,$-6,$-0,$-6,$-0,$-6,$-6,$-6,$-6,$-6,$20,20,$-0.31,$-0.31,$36,$2,$0,$39,$0,$0,$1,$0,$1,$44,$6,$1,$1,$1,$8,$0,$-163,$0,$36,$44,$-19,$1,$2,$3,$-0,$-1,$1,$2,$1,$-14,$-1,$-1,$0,$-5,$0,$-5,$0,$-7,$2,$0,$2,$35,$35,$0,$-3,$34,$13,$2,$0
29,2011-06-30,5.85,$0.00,0.0,$0.25,23.4,$-3.92,0.0,$-1.67,0.0,$0.05B,$0.01B,6.91,$0.00B,$0.04B,0.03,$0.00B,$-0.00B,-75.00%,$0.00B,$-0.03B,-700.00%,$0.00B,$-0.02B,-425.00%,$0.00B,$-0.03B,-650.00%,$0.00B,$-0.02B,-425.00%,$0.00B,$-0.02B,-550.00%,$-0.02B,$0.04B,-86.27%,$-0.02B,$0.04B,-88.00%,$-0.02B,$0.05B,-69.84%,$-0.03B,$0.04B,-106.67%,$1,$1,$-0,$2,$3,$7,$-6,$0,$-6,$0,$-6,$-6,$-6,$-5,$-6,$14,14,$-0.39,$-0.39,$44,$1,$0,$46,$0,$0,$1,$0,$1,$51,$7,$1,$1,$2,$9,$0,$-157,$0,$42,$51,$-12,$1,$1,$2,$-0,$-0,$1,$1,$2,$-8,$-1,$-0,$0,$0,$0,$0,$0,$-1,$2,$0,$2,$35,$35,$0,$-2,$34,$25,$1,$0
30,2011-03-31,3.99,$0.00,0.0,$0.26,15.14,$-4.46,0.0,$-1.88,0.0,$0.02B,$0.00B,4.31,$0.00B,$0.02B,0.13,$0.00B,$-0.00B,-75.00%,$0.00B,$-0.03B,-675.00%,$0.00B,$-0.02B,-400.00%,$0.00B,$-0.03B,-650.00%,$0.00B,$-0.02B,-400.00%,$0.00B,$-0.02B,-525.00%,$-0.02B,$0.02B,-94.38%,$-0.02B,$0.02B,-94.38%,$-0.02B,$0.02B,-77.78%,$-0.03B,$0.02B,-118.68%,$1,$2,$-1,$3,$3,$7,$-7,$0,$-7,$0,$-7,$-7,$-7,$-6,$-7,$12,12,$-0.56,$-0.56,$17,$1,$0,$19,$0,$0,$0,$0,$0,$22,$4,$2,$1,$3,$7,$0,$-151,$0,$15,$22,$-7,$0,$0,$1,$-0,$0,$1,$2,$3,$-3,$-0,$0,$0,$0,$0,$0,$0,$-0,$2,$0,$2,$0,$0,$0,$0,$2,$-1,$0,$0
