,Date,Stock Price,Book Value per Share,Price to Book Ratio,TTM Sales per Share,Price to Sales Ratio,TTM FCF per Share,Price to FCF Ratio,TTM Net EPS,PE Ratio,Current Assets,Current Liabilities,Current Ratio,Long Term Debt,Shareholder's Equity_x,Debt to Equity Ratio,TTM Revenue_x,TTM Gross Profit,Gross Margin,TTM Revenue_y,TTM Operating Income,Operating Margin,TTM Revenue_x,TTM EBIT,EBIT Margin,TTM Revenue_y,TTM EBITDA,EBITDA Margin,TTM Revenue_x,TTM Pre-Tax Income,Pre-Tax Margin,TTM Revenue_y,TTM Net Income_x,Net Margin,TTM Net Income_y,Shareholder's Equity_y,Return on Equity,TTM Net Income_x,Tangible Equity,Return on Tangible Equity,TTM Net Income_y,Total Assets,Return on Assets,TTM Net Income,LT Investments & Debt,Return on Investment,revenue,cost-goods-sold,gross-profit,research-development-expenses,selling-general-administrative-expenses,operating-expenses,operating-income,total-non-operating-income-expense,pre-tax-income,total-provision-income-taxes,income-after-taxes,income-from-continuous-operations,net-income,ebitda,ebit,basic-shares-outstanding,shares-outstanding,eps-basic-net-earnings-per-share,eps-earnings-per-share-diluted,cash-on-hand,inventory,other-current-assets,total-current-assets,net-property-plant-equipment,long-term-investments,goodwill-intangible-assets-total,other-long-term-assets,total-long-term-assets,total-assets,total-current-liabilities,long-term-debt,other-non-current-liabilities,total-long-term-liabilities,total-liabilities,common-stock-net,retained-earnings-accumulated-deficit,comprehensive-income,total-share-holder-equity,total-liabilities-share-holders-equity,net-income-loss,total-depreciation-amortization-cash-flow,other-non-cash-items,total-non-cash-items,change-in-accounts-receivable,change-in-inventories,change-in-accounts-payable,change-in-assets-liabilities,total-change-in-assets-liabilities,cash-flow-from-operating-activities,net-change-in-property-plant-equipment,net-change-in-intangible-assets,net-acquisitions-divestitures,net-change-in-short-term-investments,net-change-in-long-term-investments,net-change-in-investments-total,investing-activities-other,cash-flow-from-investing-activities,net-long-term-debt,net-current-debt,debt-issuance-retirement-net-total,net-common-equity-issued-repurchased,net-total-equity-issued-repurchased,total-common-preferred-stock-dividends-paid,financial-activities-other,cash-flow-from-financial-activities,net-cash-flow,stock-based-compensation,common-stock-dividends-paid
0,2018-09-30,56.41,$11.26,5.01,$31.18,1.81,$6.91,8.16,$2.54,22.21,$1.04B,$0.55B,1.88,$0.86B,$0.70B,1.23,$1.94B,$0.70B,35.91%,$1.94B,$0.34B,17.70%,$1.94B,$0.34B,17.70%,$1.94B,$0.40B,20.42%,$1.94B,$0.30B,15.43%,$1.94B,$0.23B,11.73%,$0.23B,$0.70B,37.38%,$0.23B,$-0.32B,-60.20%,$0.23B,$2.33B,10.55%,$0.34B,$1.56B,22.85%,$560,$362,$198,$14,$72,$453,$107,$-10,$97,$20,$77,$77,$69,$120,$107,$62,62,$1.12,$1.11,$174,$496,$0,$1040,$243,$0,$1023,$25,$1293,$2333,$553,$860,$93,$1081,$1634,$1,$757,$-10,$699,$2333,$165,$39,$30,$68,$-56,$-100,$48,$-17,$-94,$139,$-25,$0,$-72,$0,$0,$0,$3,$-94,$0,$16,$16,$-20,$-20,$-0,$-4,$-9,$36,$10,$-0
1,2018-06-30,51.73,$9.96,5.2,$29.50,1.75,$6.76,7.66,$3.18,16.27,$0.93B,$0.48B,1.94,$0.91B,$0.62B,1.47,$1.84B,$0.66B,35.65%,$1.84B,$0.31B,16.85%,$1.84B,$0.31B,16.85%,$1.84B,$0.36B,19.78%,$1.84B,$0.26B,14.29%,$1.84B,$0.20B,10.76%,$0.20B,$0.62B,35.77%,$0.20B,$-0.40B,-47.14%,$0.20B,$2.21B,9.53%,$0.31B,$1.53B,21.21%,$495,$319,$176,$13,$73,$409,$85,$-13,$73,$18,$54,$54,$51,$98,$85,$62,62,$0.83,$0.82,$112,$480,$0,$930,$233,$0,$1020,$23,$1279,$2209,$480,$908,$93,$1112,$1592,$1,$688,$-17,$617,$2209,$88,$26,$15,$41,$-25,$-86,$33,$-13,$-49,$80,$-12,$0,$-72,$0,$0,$0,$2,$-82,$-1,$4,$3,$-24,$-24,$-0,$-3,$-24,$-27,$7,$-0
2,2018-03-31,45.91,$9.20,4.99,$27.83,1.65,$6.38,7.2,$2.77,16.57,$0.87B,$0.41B,2.1,$0.91B,$0.57B,1.59,$1.74B,$0.61B,35.23%,$1.74B,$0.28B,15.92%,$1.74B,$0.28B,15.92%,$1.74B,$0.33B,19.08%,$1.74B,$0.23B,13.16%,$1.74B,$0.17B,9.94%,$0.17B,$0.57B,34.17%,$0.17B,$-0.39B,-38.15%,$0.17B,$2.08B,8.66%,$0.28B,$1.48B,19.25%,$398,$258,$140,$12,$66,$341,$56,$-11,$45,$11,$34,$34,$26,$69,$56,$62,62,$0.42,$0.42,$146,$440,$0,$867,$232,$0,$955,$20,$1211,$2077,$413,$907,$84,$1095,$1507,$1,$637,$-8,$570,$2077,$34,$13,$7,$20,$19,$-49,$-9,$2,$-25,$29,$-6,$0,$-0,$0,$0,$0,$1,$-6,$-0,$10,$10,$-24,$-24,$-0,$-2,$-16,$8,$3,$-0
3,2017-12-31,49.52,$8.89,5.57,$26.71,1.85,$5.88,8.43,$2.56,19.34,$0.83B,$0.40B,2.08,$0.91B,$0.55B,1.64,$1.67B,$0.58B,34.81%,$1.67B,$0.25B,15.07%,$1.67B,$0.25B,15.07%,$1.67B,$0.31B,18.36%,$1.67B,$0.20B,12.20%,$1.67B,$0.16B,9.57%,$0.16B,$0.55B,34.13%,$0.16B,$-0.40B,-32.42%,$0.16B,$2.03B,8.22%,$0.25B,$1.46B,17.67%,$491,$307,$184,$11,$70,$395,$96,$-11,$85,$1,$84,$84,$82,$110,$96,$62,63,$1.32,$1.32,$138,$387,$0,$825,$230,$0,$957,$11,$1201,$2026,$396,$907,$83,$1075,$1472,$1,$611,$-21,$554,$2026,$161,$56,$32,$88,$-30,$-16,$43,$-18,$12,$261,$-33,$0,$1,$0,$0,$0,$0,$-32,$-114,$-13,$-127,$-23,$-23,$0,$-10,$-160,$71,$10,$0
4,2017-09-30,45.93,$7.61,6.03,$25.25,1.82,$5.67,8.1,$1.90,24.17,$0.81B,$0.46B,1.77,$0.91B,$0.47B,1.92,$1.60B,$0.55B,34.54%,$1.60B,$0.23B,14.58%,$1.60B,$0.23B,14.58%,$1.60B,$0.29B,18.02%,$1.60B,$0.19B,11.58%,$1.60B,$0.12B,7.45%,$0.12B,$0.47B,27.64%,$0.12B,$-0.49B,-22.35%,$0.12B,$2.00B,6.25%,$0.23B,$1.38B,16.49%,$456,$300,$156,$11,$66,$383,$73,$-12,$60,$20,$40,$40,$39,$87,$73,$62,62,$0.64,$0.63,$129,$349,$0,$810,$219,$0,$963,$5,$1191,$2001,$459,$908,$70,$1069,$1528,$1,$535,$-23,$473,$2001,$77,$41,$34,$75,$-68,$9,$-0,$-5,$-32,$121,$-17,$0,$1,$0,$0,$0,$2,$-13,$-10,$-7,$-16,$-28,$-28,$0,$-4,$-49,$62,$8,$0
5,2017-06-30,36.13,$6.89,5.25,$23.67,1.53,$5.69,6.35,$1.66,21.77,$0.70B,$0.31B,2.25,$1.01B,$0.43B,2.35,$1.52B,$0.53B,35.25%,$1.52B,$0.22B,14.26%,$1.52B,$0.22B,14.26%,$1.52B,$0.27B,18.02%,$1.52B,$0.17B,11.02%,$1.52B,$0.11B,7.00%,$0.11B,$0.43B,25.50%,$0.11B,$-0.54B,-19.24%,$0.11B,$1.89B,5.66%,$0.22B,$1.44B,15.16%,$395,$262,$133,$11,$63,$343,$52,$-13,$39,$14,$25,$25,$26,$66,$52,$62,63,$0.41,$0.41,$67,$378,$0,$698,$217,$0,$965,$3,$1190,$1888,$310,$1007,$67,$1149,$1460,$1,$495,$-27,$428,$1888,$38,$27,$23,$50,$3,$-8,$-27,$1,$-33,$54,$-10,$0,$1,$0,$0,$0,$1,$-7,$-7,$-11,$-17,$-29,$-29,$0,$-3,$-50,$-0,$6,$0
6,2017-03-31,37.28,$6.69,5.57,$22.90,1.63,$6.00,6.22,$1.56,23.9,$0.68B,$0.32B,2.16,$1.01B,$0.42B,2.4,$1.49B,$0.53B,35.31%,$1.49B,$0.21B,13.99%,$1.49B,$0.21B,13.99%,$1.49B,$0.27B,17.89%,$1.49B,$0.16B,10.83%,$1.49B,$0.10B,6.79%,$0.10B,$0.42B,23.98%,$0.10B,$-0.55B,-18.36%,$0.10B,$1.87B,5.38%,$0.21B,$1.43B,14.47%,$330,$222,$109,$10,$60,$300,$31,$-11,$20,$8,$12,$12,$13,$44,$31,$62,63,$0.21,$0.20,$57,$391,$0,$681,$215,$0,$965,$2,$1187,$1867,$316,$1008,$62,$1131,$1447,$1,$470,$-36,$420,$1867,$12,$13,$9,$22,$20,$-36,$-25,$-0,$-40,$-5,$-4,$0,$2,$0,$0,$0,$1,$-1,$0,$-4,$-4,$1,$1,$0,$-2,$-5,$-10,$3,$0
7,2016-12-31,40.74,$6.40,6.37,$21.95,1.86,$6.36,6.41,$1.50,27.16,$0.68B,$0.34B,2.0,$1.01B,$0.40B,2.51,$1.44B,$0.51B,35.60%,$1.44B,$0.20B,14.13%,$1.44B,$0.20B,14.13%,$1.44B,$0.26B,18.21%,$1.44B,$0.16B,10.87%,$1.44B,$0.10B,6.79%,$0.10B,$0.40B,22.54%,$0.10B,$-0.56B,-17.90%,$0.10B,$1.86B,5.17%,$0.20B,$1.41B,13.97%,$417,$263,$154,$10,$60,$340,$77,$-11,$66,$24,$42,$42,$41,$91,$77,$65,65,$0.63,$0.64,$67,$350,$0,$684,$213,$0,$960,$2,$1178,$1862,$342,$1007,$61,$1119,$1461,$1,$456,$-40,$401,$1862,$99,$58,$52,$111,$-9,$16,$33,$-8,$44,$253,$-29,$0,$-61,$0,$0,$0,$-15,$-106,$-38,$1,$-37,$-148,$-148,$-0,$-11,$-196,$-49,$9,$-0
8,2016-09-30,36.3,$6.48,5.6,$20.74,1.75,$5.21,6.96,$1.00,36.3,$0.67B,$0.33B,2.01,$1.01B,$0.41B,2.45,$1.39B,$0.49B,35.45%,$1.39B,$0.15B,11.12%,$1.39B,$0.15B,11.12%,$1.39B,$0.21B,15.23%,$1.39B,$0.11B,7.73%,$1.39B,$0.07B,4.77%,$0.07B,$0.41B,14.63%,$0.07B,$-0.56B,-12.62%,$0.07B,$1.87B,3.52%,$0.15B,$1.43B,10.37%,$373,$235,$138,$9,$62,$317,$56,$-15,$42,$16,$26,$26,$26,$72,$56,$65,65,$0.41,$0.40,$54,$359,$0,$671,$208,$0,$977,$4,$1197,$1869,$334,$1014,$62,$1121,$1455,$1,$415,$-34,$414,$1869,$57,$45,$34,$78,$-12,$6,$-3,$-4,$-6,$130,$-19,$0,$-61,$0,$0,$0,$0,$-81,$-11,$6,$-5,$-100,$-100,$-0,$-6,$-111,$-62,$8,$-0
9,2016-06-30,34.96,$6.84,5.11,$20.20,1.73,$4.35,8.04,$1.09,32.07,$0.70B,$0.32B,2.16,$1.04B,$0.45B,2.3,$1.37B,$0.48B,35.23%,$1.37B,$0.17B,12.11%,$1.37B,$0.17B,12.11%,$1.37B,$0.22B,15.90%,$1.37B,$0.12B,8.61%,$1.37B,$0.07B,5.40%,$0.07B,$0.45B,15.75%,$0.07B,$-0.53B,-14.65%,$0.07B,$1.92B,3.96%,$0.17B,$1.49B,10.98%,$367,$243,$124,$10,$62,$323,$44,$-11,$33,$12,$21,$21,$21,$59,$44,$66,66,$0.32,$0.31,$76,$367,$0,$699,$207,$0,$984,$3,$1218,$1917,$324,$1035,$63,$1142,$1466,$1,$389,$-34,$450,$1917,$31,$29,$15,$43,$-9,$-1,$18,$-4,$7,$81,$-14,$0,$-61,$0,$0,$0,$0,$-75,$-11,$4,$-7,$-35,$-35,$-0,$-5,$-47,$-40,$5,$-0
10,2016-03-31,37.24,$7.13,5.22,$18.78,1.98,$3.72,10.0,$0.99,37.62,$0.69B,$0.30B,2.27,$1.05B,$0.47B,2.21,$1.29B,$0.46B,35.22%,$1.29B,$0.16B,12.46%,$1.29B,$0.16B,12.46%,$1.29B,$0.21B,16.25%,$1.29B,$0.11B,8.36%,$1.29B,$0.07B,5.26%,$0.07B,$0.47B,13.96%,$0.07B,$-0.53B,-14.53%,$0.07B,$1.93B,3.67%,$0.16B,$1.52B,10.52%,$287,$188,$98,$8,$55,$260,$27,$-11,$16,$6,$10,$10,$10,$41,$27,$66,67,$0.15,$0.15,$69,$375,$0,$686,$198,$0,$1008,$4,$1247,$1933,$302,$1047,$61,$1157,$1459,$1,$368,$-21,$474,$1933,$10,$14,$8,$21,$8,$-11,$-6,$-11,$-10,$22,$-7,$0,$-61,$0,$0,$0,$0,$-68,$-0,$4,$4,$0,$0,$-0,$-5,$-1,$-46,$2,$-0
11,2015-12-31,29.77,$7.06,4.22,$18.93,1.57,$3.76,7.91,$1.12,26.58,$0.63B,$0.21B,2.96,$1.04B,$0.47B,2.23,$1.32B,$0.46B,34.93%,$1.32B,$0.18B,13.59%,$1.32B,$0.18B,13.59%,$1.32B,$0.23B,17.08%,$1.32B,$0.12B,9.34%,$1.32B,$0.08B,5.92%,$0.08B,$0.47B,15.77%,$0.08B,$-0.46B,-17.82%,$0.08B,$1.78B,4.26%,$0.18B,$1.50B,11.67%,$358,$227,$131,$8,$49,$331,$27,$-12,$16,$6,$9,$9,$9,$39,$27,$68,69,$0.13,$0.14,$116,$325,$0,$632,$184,$0,$927,$1,$1147,$1779,$213,$1037,$57,$1100,$1313,$1,$358,$-22,$466,$1779,$78,$46,$84,$129,$10,$9,$-28,$-4,$-18,$189,$-31,$0,$-74,$0,$0,$0,$0,$-104,$-51,$3,$-48,$-100,$-100,$-1,$-6,$-154,$-74,$8,$-1
12,2015-09-30,30.09,$7.03,4.28,$19.51,1.54,$4.60,6.55,$1.68,17.91,$0.65B,$0.23B,2.91,$1.05B,$0.49B,2.15,$1.36B,$0.47B,34.26%,$1.36B,$0.23B,16.95%,$1.36B,$0.23B,16.95%,$1.36B,$0.28B,20.25%,$1.36B,$0.17B,12.77%,$1.36B,$0.12B,8.66%,$0.12B,$0.49B,23.58%,$0.12B,$-0.49B,-27.43%,$0.12B,$1.84B,6.35%,$0.23B,$1.54B,14.90%,$359,$229,$130,$8,$48,$291,$68,$-15,$53,$19,$34,$34,$34,$79,$68,$68,69,$0.50,$0.49,$46,$362,$0,$654,$178,$0,$980,$1,$1183,$1838,$225,$1050,$58,$1123,$1348,$1,$349,$-24,$489,$1838,$69,$34,$42,$76,$-15,$-28,$-12,$-8,$-68,$77,$-20,$0,$-74,$0,$0,$0,$0,$-94,$-51,$-1,$-51,$-64,$-64,$-1,$-5,$-123,$-143,$7,$-1
13,2015-06-30,39.75,$7.48,5.32,$19.35,2.05,$5.49,7.25,$1.71,23.25,$0.75B,$0.25B,3.04,$1.04B,$0.52B,1.99,$1.36B,$0.47B,34.44%,$1.36B,$0.23B,17.26%,$1.36B,$0.23B,17.26%,$1.36B,$0.28B,20.50%,$1.36B,$0.18B,12.98%,$1.36B,$0.12B,8.85%,$0.12B,$0.52B,24.48%,$0.12B,$-0.39B,-28.97%,$0.12B,$1.87B,6.46%,$0.23B,$1.56B,15.06%,$288,$192,$96,$8,$42,$249,$39,$-16,$23,$9,$15,$15,$15,$51,$39,$69,70,$0.22,$0.21,$156,$386,$0,$747,$175,$0,$906,$0,$1124,$1871,$246,$1035,$56,$1106,$1352,$1,$315,$-22,$520,$1871,$35,$23,$19,$42,$30,$-66,$17,$-12,$-35,$42,$-14,$0,$0,$0,$0,$0,$0,$-14,$-50,$-2,$-53,$0,$0,$-1,$-6,$-60,$-34,$5,$-1
14,2015-03-31,48.69,$7.24,6.72,$20.41,2.39,$6.12,7.95,$2.27,21.45,$0.71B,$0.24B,3.0,$1.03B,$0.50B,2.06,$1.43B,$0.50B,34.87%,$1.43B,$0.27B,19.08%,$1.43B,$0.27B,19.08%,$1.43B,$0.32B,22.01%,$1.43B,$0.24B,16.42%,$1.43B,$0.16B,11.11%,$0.16B,$0.50B,34.38%,$0.16B,$-0.41B,-36.53%,$0.16B,$1.84B,8.61%,$0.27B,$1.54B,17.54%,$312,$209,$103,$8,$44,$267,$45,$-14,$31,$11,$20,$20,$20,$56,$45,$69,70,$0.29,$0.28,$150,$357,$0,$705,$171,$0,$915,$0,$1138,$1842,$235,$1034,$56,$1105,$1340,$1,$300,$-23,$503,$1842,$20,$11,$7,$18,$32,$-37,$3,$-7,$-12,$25,$-6,$0,$0,$0,$0,$0,$0,$-6,$-50,$-2,$-53,$0,$0,$-1,$-2,$-57,$-40,$3,$-1
15,2014-12-31,46.76,$7.11,6.58,$20.85,2.24,$6.30,7.42,$2.49,18.78,$0.73B,$0.24B,3.04,$1.08B,$0.49B,2.21,$1.46B,$0.52B,35.32%,$1.46B,$0.29B,20.05%,$1.46B,$0.29B,20.05%,$1.46B,$0.33B,22.86%,$1.46B,$0.26B,17.66%,$1.46B,$0.17B,11.91%,$0.17B,$0.49B,40.94%,$0.17B,$-0.43B,-37.42%,$0.17B,$1.88B,9.46%,$0.29B,$1.57B,18.86%,$404,$266,$138,$8,$46,$325,$79,$-12,$67,$17,$49,$49,$49,$90,$79,$69,70,$0.72,$0.70,$190,$319,$0,$730,$169,$0,$920,$0,$1152,$1883,$241,$1082,$57,$1152,$1393,$1,$280,$-16,$490,$1883,$175,$41,$33,$74,$-3,$4,$15,$-9,$4,$253,$-34,$0,$-61,$0,$0,$0,$0,$-95,$-94,$-20,$-114,$0,$0,$-1,$-1,$-116,$40,$13,$-1
16,2014-09-30,40.54,$6.50,6.23,$20.49,1.98,$6.48,6.26,$2.48,16.35,$0.73B,$0.23B,3.19,$1.11B,$0.45B,2.47,$1.43B,$0.52B,36.57%,$1.43B,$0.31B,21.28%,$1.43B,$0.31B,21.28%,$1.43B,$0.35B,24.15%,$1.43B,$0.27B,18.77%,$1.43B,$0.17B,12.14%,$0.17B,$0.45B,45.58%,$0.17B,$-0.43B,-34.75%,$0.17B,$1.83B,9.57%,$0.31B,$1.55B,19.89%,$352,$222,$130,$8,$46,$282,$71,$-16,$55,$18,$36,$36,$36,$81,$71,$69,70,$0.53,$0.52,$173,$328,$0,$732,$159,$0,$875,$0,$1102,$1834,$229,$1106,$50,$1157,$1386,$1,$231,$-5,$448,$1834,$125,$31,$26,$57,$-29,$-10,$20,$-6,$-40,$143,$-23,$0,$-5,$0,$0,$0,$0,$-28,$-69,$-20,$-89,$0,$0,$-1,$-1,$-91,$23,$9,$-1
17,2014-06-30,48.74,$5.93,8.21,$20.66,2.36,$6.78,7.18,$2.63,18.53,$0.72B,$0.21B,3.35,$1.15B,$0.41B,2.83,$1.44B,$0.53B,36.91%,$1.44B,$0.32B,22.23%,$1.44B,$0.32B,22.23%,$1.44B,$0.36B,25.21%,$1.44B,$0.29B,19.94%,$1.44B,$0.19B,12.81%,$0.19B,$0.41B,55.39%,$0.19B,$-0.47B,-33.74%,$0.19B,$1.83B,10.32%,$0.32B,$1.56B,21.35%,$363,$235,$128,$8,$42,$284,$78,$4,$82,$28,$54,$54,$54,$88,$78,$69,70,$0.79,$0.77,$198,$287,$0,$717,$153,$0,$879,$0,$1112,$1829,$214,$1154,$52,$1207,$1421,$1,$195,$-4,$409,$1829,$89,$20,$14,$34,$-39,$12,$7,$-6,$-37,$85,$-13,$0,$-0,$0,$0,$0,$0,$-14,$-19,$-3,$-22,$0,$0,$-0,$-2,$-24,$48,$6,$-0
18,2014-03-31,58.97,$5.13,11.5,$20.45,2.88,$6.68,8.83,$2.26,26.09,$0.69B,$0.23B,2.94,$1.17B,$0.35B,3.32,$1.43B,$0.54B,37.54%,$1.43B,$0.32B,22.34%,$1.43B,$0.32B,22.34%,$1.43B,$0.36B,25.42%,$1.43B,$0.25B,17.72%,$1.43B,$0.16B,11.13%,$0.16B,$0.35B,56.13%,$0.16B,$-0.53B,-27.28%,$0.16B,$1.81B,9.06%,$0.32B,$1.53B,21.87%,$342,$222,$120,$8,$41,$277,$65,$-11,$54,$20,$35,$35,$35,$75,$65,$68,70,$0.51,$0.50,$180,$292,$0,$687,$148,$0,$885,$1,$1126,$1813,$233,$1172,$54,$1226,$1460,$1,$141,$-3,$353,$1813,$35,$10,$16,$26,$-17,$8,$4,$-6,$-24,$36,$-5,$0,$0,$0,$0,$0,$0,$-5,$-3,$-3,$-6,$0,$0,$-0,$-2,$-8,$24,$3,$-0
19,2013-12-31,56.64,$4.62,12.25,$21.31,2.66,$6.72,8.43,$2.49,22.75,$0.65B,$0.25B,2.61,$1.18B,$0.32B,3.71,$1.49B,$0.57B,38.29%,$1.49B,$0.35B,23.62%,$1.49B,$0.35B,23.62%,$1.49B,$0.40B,26.58%,$1.49B,$0.28B,18.71%,$1.49B,$0.18B,11.78%,$0.18B,$0.32B,54.01%,$0.18B,$-0.57B,-33.29%,$0.18B,$1.80B,10.30%,$0.35B,$1.49B,25.09%,$376,$231,$146,$8,$40,$285,$91,$-13,$78,$30,$49,$49,$49,$102,$91,$68,70,$0.71,$0.71,$157,$300,$0,$654,$146,$0,$891,$1,$1144,$1798,$251,$1175,$55,$1230,$1481,$1,$106,$-2,$317,$1798,$175,$44,$112,$156,$-5,$-52,$-6,$-22,$-70,$260,$-31,$0,$-114,$0,$0,$0,$0,$-145,$299,$-3,$296,$0,$0,$-343,$-26,$-73,$42,$12,$-343
20,2013-09-30,42.64,$3.75,11.36,$20.85,2.04,$6.51,6.55,$2.21,19.29,$0.62B,$0.24B,2.56,$1.18B,$0.26B,4.58,$1.45B,$0.55B,37.81%,$1.45B,$0.33B,22.59%,$1.45B,$0.33B,22.59%,$1.45B,$0.37B,25.76%,$1.45B,$0.25B,17.22%,$1.45B,$0.15B,10.61%,$0.15B,$0.26B,42.69%,$0.15B,$-0.62B,-32.58%,$0.15B,$1.73B,9.33%,$0.33B,$1.44B,24.45%,$363,$224,$139,$7,$38,$276,$87,$-13,$74,$27,$47,$47,$47,$99,$87,$68,70,$0.69,$0.67,$123,$296,$0,$616,$121,$0,$875,$0,$1117,$1733,$241,$1178,$57,$1235,$1476,$1,$57,$-11,$257,$1733,$126,$33,$83,$117,$-16,$-61,$-7,$-9,$-88,$155,$-14,$0,$-72,$0,$0,$0,$0,$-86,$302,$5,$308,$0,$0,$-343,$-25,$-61,$8,$9,$-343
21,2013-06-30,37.01,$3.01,12.3,$20.00,1.85,$6.17,6.0,$1.91,19.38,$0.61B,$0.25B,2.5,$1.18B,$0.21B,5.72,$1.39B,$0.53B,37.84%,$1.39B,$0.30B,21.58%,$1.39B,$0.30B,21.58%,$1.39B,$0.35B,25.25%,$1.39B,$0.22B,15.68%,$1.39B,$0.13B,9.57%,$0.13B,$0.21B,32.84%,$0.13B,$-0.61B,-32.07%,$0.13B,$1.68B,8.34%,$0.30B,$1.38B,22.91%,$347,$216,$131,$7,$41,$270,$76,$-30,$47,$19,$28,$28,$28,$87,$76,$68,70,$0.41,$0.40,$127,$287,$0,$611,$109,$0,$814,$0,$1064,$1675,$245,$1177,$48,$1225,$1469,$1,$10,$-12,$206,$1675,$79,$22,$58,$80,$-37,$-63,$19,$-8,$-84,$74,$-10,$0,$9,$0,$0,$0,$0,$-1,$302,$11,$314,$0,$0,$-343,$-25,$-54,$19,$6,$-343
22,2013-03-31,31.08,$7.54,4.12,$18.52,1.68,$6.03,5.15,$1.65,18.83,$0.53B,$0.26B,2.04,$0.77B,$0.52B,1.5,$1.28B,$0.48B,37.60%,$1.28B,$0.26B,20.36%,$1.28B,$0.26B,20.36%,$1.28B,$0.32B,24.73%,$1.28B,$0.19B,14.59%,$1.28B,$0.11B,8.89%,$0.11B,$0.52B,25.07%,$0.11B,$-0.30B,-30.87%,$0.11B,$1.59B,7.36%,$0.26B,$1.29B,20.33%,$400,$246,$153,$7,$44,$303,$97,$-17,$79,$29,$51,$51,$51,$107,$97,$68,70,$0.75,$0.73,$54,$259,$0,$525,$106,$0,$819,$0,$1067,$1592,$258,$771,$47,$818,$1076,$1,$-13,$-13,$516,$1592,$51,$11,$25,$36,$-35,$-33,$23,$-8,$-48,$38,$-4,$0,$0,$0,$0,$0,$0,$-4,$-82,$-0,$-82,$0,$0,$-3,$-3,$-88,$-54,$3,$-3
23,2012-12-31,30.17,$6.79,4.44,$17.06,1.77,$6.08,4.96,$1.36,22.18,$0.52B,$0.30B,1.77,$0.80B,$0.46B,1.72,$1.18B,$0.44B,37.38%,$1.18B,$0.22B,18.95%,$1.18B,$0.22B,18.95%,$1.18B,$0.28B,24.13%,$1.18B,$0.16B,13.34%,$1.18B,$0.09B,7.90%,$0.09B,$0.46B,17.68%,$0.09B,$-0.36B,-30.62%,$0.09B,$1.60B,6.02%,$0.22B,$1.26B,17.12%,$342,$216,$126,$6,$43,$274,$68,$-18,$50,$21,$28,$28,$28,$81,$68,$67,69,$0.41,$0.40,$108,$226,$0,$523,$105,$0,$826,$0,$1081,$1604,$295,$799,$46,$845,$1140,$1,$-64,$-14,$464,$1604,$93,$60,$88,$148,$-0,$-32,$-4,$-13,$-6,$236,$-22,$0,$-47,$0,$0,$0,$0,$-69,$280,$0,$281,$0,$0,$-404,$-28,$-151,$15,$11,$-404
24,2012-09-30,20.13,$6.37,3.16,$16.06,1.25,$5.32,3.78,$4.86,4.14,$0.40B,$0.16B,2.56,$0.87B,$0.43B,2.02,$1.10B,$0.41B,37.39%,$1.10B,$0.19B,17.33%,$1.10B,$0.19B,17.33%,$1.10B,$0.25B,23.05%,$1.10B,$0.14B,12.34%,$1.10B,$0.33B,30.13%,$0.33B,$0.43B,55.13%,$0.33B,$-0.39B,-141.58%,$0.33B,$1.51B,21.69%,$0.19B,$1.31B,14.44%,$301,$185,$116,$6,$38,$241,$59,$-17,$42,$16,$26,$26,$26,$76,$59,$67,69,$0.38,$0.37,$58,$187,$0,$401,$92,$0,$819,$0,$1106,$1507,$157,$874,$43,$917,$1074,$1,$-92,$-14,$434,$1507,$65,$47,$62,$109,$-18,$-25,$-23,$-4,$-44,$129,$-13,$0,$-2,$0,$0,$0,$0,$-16,$283,$0,$283,$0,$0,$-404,$-27,$-149,$-35,$8,$-404
25,2012-06-30,16.42,$5.95,2.76,$15.26,1.08,$4.90,3.35,$5.04,3.26,$0.36B,$0.17B,2.14,$0.88B,$0.41B,2.16,$1.04B,$0.39B,37.02%,$1.04B,$0.18B,16.92%,$1.04B,$0.18B,16.92%,$1.04B,$0.24B,22.79%,$1.04B,$0.13B,12.69%,$1.04B,$0.34B,32.98%,$0.34B,$0.41B,55.39%,$0.34B,$-0.43B,-157.52%,$0.34B,$1.49B,23.35%,$0.18B,$1.28B,13.76%,$239,$152,$87,$6,$32,$202,$37,$-21,$16,$6,$9,$9,$9,$53,$37,$67,69,$0.14,$0.14,$10,$227,$0,$359,$86,$0,$831,$0,$1133,$1492,$167,$876,$44,$920,$1087,$1,$-118,$-15,$405,$1492,$39,$30,$43,$73,$11,$-65,$-6,$-2,$-53,$60,$-5,$0,$-2,$0,$0,$0,$0,$-8,$283,$13,$296,$0,$0,$-404,$-26,$-135,$-83,$5,$-404
26,2012-03-31,16.75,$11.79,1.42,$14.16,1.18,$4.47,3.75,$5.13,3.27,$0.43B,$0.17B,2.55,$0.56B,$0.80B,0.7,$0.96B,$0.36B,37.21%,$0.96B,$0.16B,16.74%,$0.96B,$0.16B,16.74%,$0.96B,$0.22B,22.87%,$0.96B,$0.13B,13.62%,$0.96B,$0.35B,36.28%,$0.35B,$0.80B,55.07%,$0.35B,$-0.04B,-171.50%,$0.35B,$1.57B,24.94%,$0.16B,$1.36B,13.05%,$295,$184,$111,$5,$34,$235,$59,$-10,$49,$19,$30,$30,$30,$74,$59,$67,69,$0.45,$0.44,$92,$200,$0,$426,$84,$0,$843,$0,$1146,$1572,$167,$560,$44,$604,$771,$1,$-127,$-15,$801,$1572,$30,$15,$25,$40,$-3,$-38,$10,$-1,$-31,$39,$-2,$0,$-2,$0,$0,$0,$0,$-4,$-24,$0,$-24,$0,$0,$0,$-11,$-36,$-1,$2,$0
27,2011-12-31,19.12,$11.37,1.68,$11.70,1.63,$4.10,4.66,$4.76,4.02,$0.38B,$0.17B,2.32,$0.58B,$0.77B,0.75,$0.79B,$0.29B,37.17%,$0.79B,$0.11B,14.29%,$0.79B,$0.11B,14.29%,$0.79B,$0.17B,21.62%,$0.79B,$0.09B,11.00%,$0.79B,$0.32B,40.96%,$0.32B,$0.77B,59.37%,$0.32B,$-0.09B,-111.05%,$0.32B,$1.55B,24.69%,$0.11B,$1.34B,9.71%,$267,$169,$98,$5,$36,$231,$36,$-7,$29,$-238,$267,$267,$267,$51,$36,$67,68,$3.98,$3.94,$93,$162,$0,$383,$84,$0,$854,$0,$1170,$1553,$165,$575,$44,$619,$784,$1,$-157,$-15,$769,$1553,$325,$58,$-220,$-162,$-22,$-11,$19,$-7,$7,$170,$-12,$0,$-84,$0,$0,$0,$0,$-96,$-59,$0,$-59,$0,$0,$0,$-0,$-59,$15,$9,$0
28,2011-09-30,12.83,$7.42,1.73,$10.47,1.23,$3.54,3.62,$1.13,11.36,$0.36B,$0.10B,3.64,$0.63B,$0.50B,1.26,$0.69B,$0.26B,37.96%,$0.69B,$0.10B,15.04%,$0.69B,$0.10B,15.04%,$0.69B,$0.16B,23.65%,$0.69B,$0.08B,11.24%,$0.69B,$0.08B,11.09%,$0.08B,$0.50B,16.39%,$0.08B,$-0.32B,-20.32%,$0.08B,$1.26B,6.20%,$0.10B,$1.13B,9.34%,$239,$151,$89,$4,$28,$195,$44,$-7,$38,$0,$37,$37,$37,$59,$44,$67,68,$0.56,$0.55,$139,$104,$0,$363,$74,$0,$820,$0,$898,$1260,$100,$632,$26,$659,$759,$1,$-424,$-12,$502,$1260,$58,$43,$6,$49,$-54,$24,$-1,$2,$-17,$89,$-4,$0,$0,$0,$0,$0,$0,$-4,$-25,$0,$-25,$0,$0,$0,$0,$-24,$60,$5,$0
29,2011-06-30,13.24,$6.85,1.93,$9.33,1.42,$3.47,3.82,$0.92,14.39,$0.30B,$0.09B,3.31,$0.63B,$0.46B,1.37,$0.61B,$0.24B,39.21%,$0.61B,$0.09B,14.66%,$0.61B,$0.09B,14.66%,$0.61B,$0.15B,24.38%,$0.61B,$0.06B,10.21%,$0.61B,$0.06B,10.21%,$0.06B,$0.46B,13.98%,$0.06B,$-0.37B,-15.27%,$0.06B,$1.21B,5.03%,$0.09B,$1.10B,8.04%,$161,$101,$60,$4,$23,$140,$22,$-6,$15,$0,$15,$15,$15,$36,$22,$67,68,$0.23,$0.23,$79,$140,$0,$301,$75,$0,$832,$0,$911,$1213,$91,$632,$26,$659,$750,$1,$-462,$-12,$463,$1213,$20,$29,$4,$32,$-17,$-13,$3,$1,$-25,$28,$-3,$0,$0,$0,$0,$0,$0,$-3,$-25,$0,$-25,$0,$0,$0,$0,$-24,$0,$4,$0
30,2011-03-31,13.84,$6.64,2.08,$9.03,1.53,$3.75,3.69,$0.88,15.73,$0.30B,$0.12B,2.51,$0.63B,$0.45B,1.41,$0.59B,$0.23B,39.76%,$0.59B,$0.09B,14.68%,$0.59B,$0.09B,14.68%,$0.59B,$0.15B,24.91%,$0.59B,$0.06B,10.24%,$0.59B,$0.06B,10.24%,$0.06B,$0.45B,14.04%,$0.06B,$-0.40B,-13.82%,$0.06B,$1.22B,4.85%,$0.09B,$1.08B,7.71%,$124,$77,$47,$4,$20,$113,$11,$-6,$5,$0,$5,$5,$5,$25,$11,$67,67,$0.07,$0.07,$90,$144,$0,$300,$75,$0,$844,$0,$924,$1224,$119,$632,$24,$656,$776,$1,$-477,$-9,$449,$1224,$5,$14,$2,$16,$1,$-17,$10,$0,$-8,$13,$-2,$0,$0,$0,$0,$0,$0,$-2,$0,$0,$0,$0,$0,$0,$0,$0,$11,$2,$0
31,2010-12-31,11.03,$6.53,1.69,$10.85,1.02,$4.06,2.72,$-3.45,0.0,$0.27B,$0.09B,3.14,$0.66B,$0.44B,1.49,$0.59B,$0.24B,39.97%,$0.59B,$0.09B,15.18%,$0.59B,$0.09B,15.18%,$0.59B,$0.15B,25.63%,$0.59B,$0.06B,9.78%,$0.59B,$-0.10B,-16.36%,$-0.10B,$0.44B,-23.57%,$-0.10B,$-0.41B,20.98%,$-0.10B,$1.21B,-7.87%,$0.09B,$1.10B,8.01%,$161,$97,$64,$4,$21,$135,$26,$-8,$19,$0,$19,$19,$19,$42,$26,$59,59,$2.08,$2.08,$79,$127,$0,$273,$75,$0,$856,$1,$937,$1210,$87,$657,$25,$682,$769,$1,$-482,$-10,$441,$1210,$57,$62,$11,$73,$-9,$-3,$8,$1,$-15,$114,$-10,$0,$-2,$0,$0,$0,$0,$-11,$-434,$0,$-434,$248,$248,$0,$0,$-186,$-83,$6,$0
