,Date,Stock Price,Book Value per Share,Price to Book Ratio,TTM Sales per Share,Price to Sales Ratio,TTM FCF per Share,Price to FCF Ratio,TTM Net EPS,PE Ratio,Current Assets,Current Liabilities,Current Ratio,Long Term Debt,Shareholder's Equity_x,Debt to Equity Ratio,TTM Revenue_x,TTM Gross Profit,Gross Margin,TTM Revenue_y,TTM Operating Income,Operating Margin,TTM Revenue_x,TTM EBIT,EBIT Margin,TTM Revenue_y,TTM EBITDA,EBITDA Margin,TTM Revenue_x,TTM Pre-Tax Income,Pre-Tax Margin,TTM Revenue_y,TTM Net Income_x,Net Margin,TTM Net Income_y,Shareholder's Equity_y,Return on Equity,TTM Net Income_x,Tangible Equity,Return on Tangible Equity,TTM Net Income_y,Total Assets,Return on Assets,TTM Net Income,LT Investments & Debt,Return on Investment,revenue,cost-goods-sold,gross-profit,research-development-expenses,selling-general-administrative-expenses,operating-expenses,operating-income,total-non-operating-income-expense,pre-tax-income,total-provision-income-taxes,income-after-taxes,income-from-continuous-operations,net-income,ebitda,ebit,basic-shares-outstanding,shares-outstanding,eps-basic-net-earnings-per-share,eps-earnings-per-share-diluted,cash-on-hand,inventory,other-current-assets,total-current-assets,net-property-plant-equipment,long-term-investments,goodwill-intangible-assets-total,other-long-term-assets,total-long-term-assets,total-assets,total-current-liabilities,long-term-debt,other-non-current-liabilities,total-long-term-liabilities,total-liabilities,common-stock-net,retained-earnings-accumulated-deficit,comprehensive-income,total-share-holder-equity,total-liabilities-share-holders-equity,net-income-loss,total-depreciation-amortization-cash-flow,other-non-cash-items,total-non-cash-items,change-in-accounts-receivable,change-in-inventories,change-in-accounts-payable,change-in-assets-liabilities,total-change-in-assets-liabilities,cash-flow-from-operating-activities,net-change-in-property-plant-equipment,net-change-in-intangible-assets,net-acquisitions-divestitures,net-change-in-short-term-investments,net-change-in-long-term-investments,net-change-in-investments-total,investing-activities-other,cash-flow-from-investing-activities,net-long-term-debt,net-current-debt,debt-issuance-retirement-net-total,net-common-equity-issued-repurchased,net-total-equity-issued-repurchased,total-common-preferred-stock-dividends-paid,financial-activities-other,cash-flow-from-financial-activities,net-cash-flow,stock-based-compensation,common-stock-dividends-paid
0,2018-09-30,21.46,$7.03,3.05,$6.65,3.23,$3.93,5.47,$1.68,12.77,$0.83B,$0.17B,4.79,$0.00B,$1.84B,0.0,$1.84B,$0.70B,37.99%,$1.84B,$0.52B,28.10%,$1.84B,$0.52B,28.10%,$1.84B,$0.62B,33.86%,$1.84B,$0.53B,28.80%,$1.84B,$0.46B,25.05%,$0.46B,$1.84B,23.69%,$0.46B,$1.24B,34.52%,$0.46B,$2.07B,20.80%,$0.52B,$1.84B,26.57%,$460,$287,$173,$27,$19,$333,$127,$3,$131,$19,$111,$111,$111,$152,$127,$266,268,$0.42,$0.42,$338,$213,$0,$828,$497,$142,$603,$0,$1242,$2069,$173,$0,$0,$53,$226,$16,$1086,$-2,$1843,$2069,$332,$81,$7,$88,$-16,$3,$0,$-15,$-21,$398,$-69,$0,$0,$0,$-75,$-75,$-5,$-148,$-78,$0,$-78,$-460,$-460,$-88,$0,$-626,$-376,$14,$-88
1,2018-06-30,22.91,$7.15,3.21,$6.46,3.55,$3.62,6.33,$1.57,14.59,$0.94B,$0.21B,4.4,$0.00B,$1.92B,0.0,$1.82B,$0.70B,38.32%,$1.82B,$0.52B,28.53%,$1.82B,$0.52B,28.53%,$1.82B,$0.63B,34.36%,$1.82B,$0.53B,29.14%,$1.82B,$0.44B,24.19%,$0.44B,$1.92B,22.09%,$0.44B,$1.31B,31.97%,$0.44B,$2.19B,19.19%,$0.52B,$1.92B,26.06%,$455,$282,$173,$27,$19,$328,$127,$2,$129,$20,$109,$109,$109,$155,$127,$272,274,$0.40,$0.40,$468,$212,$24,$943,$500,$141,$608,$0,$1249,$2192,$214,$0,$0,$56,$271,$16,$1157,$-0,$1921,$2192,$220,$56,$5,$61,$-8,$4,$17,$-9,$11,$292,$-52,$0,$0,$-3,$-102,$-105,$0,$-156,$-55,$0,$-55,$-296,$-296,$-58,$0,$-409,$-273,$9,$-58
2,2018-03-31,22.81,$7.19,3.17,$6.33,3.6,$3.46,6.59,$1.48,15.41,$1.14B,$0.23B,5.0,$0.00B,$1.97B,0.0,$1.81B,$0.69B,38.24%,$1.81B,$0.52B,28.67%,$1.81B,$0.52B,28.67%,$1.81B,$0.62B,34.37%,$1.81B,$0.53B,29.28%,$1.81B,$0.42B,23.24%,$0.42B,$1.97B,20.87%,$0.42B,$1.36B,30.17%,$0.42B,$2.25B,17.98%,$0.52B,$1.97B,25.71%,$465,$293,$173,$26,$18,$337,$129,$3,$132,$21,$111,$111,$111,$157,$129,$275,278,$0.40,$0.40,$677,$207,$0,$1142,$496,$3,$613,$0,$1113,$2254,$228,$0,$0,$56,$284,$16,$1209,$2,$1970,$2254,$111,$28,$1,$29,$-15,$10,$-13,$3,$8,$147,$-26,$0,$0,$0,$56,$56,$0,$29,$-28,$0,$-28,$-166,$-166,$-28,$0,$-222,$-45,$4,$-28
3,2017-12-31,20.66,$7.31,2.83,$6.21,3.33,$3.38,6.11,$1.41,14.65,$1.19B,$0.24B,4.86,$0.00B,$2.05B,0.0,$1.80B,$0.69B,38.64%,$1.80B,$0.52B,29.12%,$1.80B,$0.52B,29.12%,$1.80B,$0.62B,34.74%,$1.80B,$0.53B,29.62%,$1.80B,$0.41B,22.66%,$0.41B,$2.05B,20.21%,$0.41B,$1.43B,29.32%,$0.41B,$2.35B,17.23%,$0.52B,$2.05B,25.83%,$460,$279,$180,$25,$22,$326,$134,$4,$138,$8,$130,$130,$130,$159,$134,$286,288,$0.45,$0.46,$722,$217,$0,$1185,$492,$58,$617,$0,$1167,$2352,$244,$0,$0,$59,$303,$17,$1302,$7,$2050,$2352,$407,$100,$3,$102,$-20,$-27,$10,$16,$-8,$501,$-104,$0,$0,$0,$23,$23,$3,$-78,$-108,$0,$-108,$-184,$-184,$-109,$0,$-400,$23,$18,$-109
4,2017-09-30,19.43,$7.14,2.72,$6.06,3.21,$3.23,6.02,$1.26,15.42,$1.20B,$0.27B,4.54,$0.00B,$2.03B,0.0,$1.76B,$0.68B,38.90%,$1.76B,$0.52B,29.44%,$1.76B,$0.52B,29.44%,$1.76B,$0.61B,34.91%,$1.76B,$0.52B,29.78%,$1.76B,$0.37B,20.84%,$0.37B,$2.03B,18.50%,$0.37B,$1.40B,27.15%,$0.37B,$2.37B,15.56%,$0.52B,$2.03B,25.41%,$439,$267,$171,$25,$17,$310,$129,$2,$131,$41,$90,$90,$90,$154,$129,$285,287,$0.32,$0.31,$741,$207,$0,$1204,$494,$52,$622,$0,$1168,$2372,$265,$0,$0,$80,$345,$17,$1290,$6,$2026,$2372,$276,$75,$19,$94,$-29,$-17,$-0,$15,$-18,$353,$-86,$0,$0,$0,$3,$3,$2,$-81,$-78,$0,$-78,$-98,$-98,$-80,$0,$-256,$16,$13,$-80
5,2017-06-30,18.52,$7.02,2.64,$6.01,3.08,$3.21,5.76,$1.27,14.58,$1.21B,$0.27B,4.44,$0.01B,$2.00B,0.01,$1.75B,$0.69B,39.27%,$1.75B,$0.52B,29.88%,$1.75B,$0.52B,29.88%,$1.75B,$0.62B,35.26%,$1.75B,$0.53B,30.11%,$1.75B,$0.37B,21.06%,$0.37B,$2.00B,19.01%,$0.37B,$1.38B,28.29%,$0.37B,$2.36B,15.84%,$0.52B,$2.01B,25.58%,$443,$276,$167,$25,$16,$317,$126,$2,$128,$39,$89,$89,$89,$151,$126,$287,290,$0.31,$0.31,$765,$197,$0,$1205,$483,$49,$628,$0,$1159,$2364,$271,$9,$0,$89,$360,$17,$1277,$3,$2004,$2364,$186,$50,$15,$66,$-18,$-7,$3,$17,$12,$264,$-56,$0,$0,$2,$-3,$-1,$0,$-57,$-69,$0,$-69,$-52,$-52,$-52,$0,$-172,$34,$9,$-52
6,2017-03-31,20.73,$6.87,3.02,$5.93,3.49,$3.19,6.51,$1.26,16.45,$1.20B,$0.27B,4.35,$0.04B,$1.98B,0.02,$1.73B,$0.69B,39.70%,$1.73B,$0.53B,30.38%,$1.73B,$0.53B,30.38%,$1.73B,$0.62B,35.71%,$1.73B,$0.53B,30.44%,$1.73B,$0.37B,21.12%,$0.37B,$1.98B,19.40%,$0.37B,$1.34B,29.40%,$0.37B,$2.36B,15.98%,$0.53B,$2.01B,25.79%,$454,$278,$176,$25,$16,$319,$134,$0,$135,$37,$98,$98,$98,$160,$134,$287,291,$0.34,$0.33,$736,$197,$0,$1195,$473,$62,$634,$0,$1169,$2363,$274,$36,$0,$114,$389,$17,$1255,$1,$1975,$2363,$98,$25,$10,$35,$-38,$-8,$-2,$19,$-2,$131,$-27,$0,$0,$0,$-9,$-9,$-1,$-37,$-42,$0,$-42,$-14,$-14,$-26,$0,$-82,$13,$4,$-26
7,2016-12-31,19.05,$6.64,2.87,$5.77,3.3,$3.28,5.81,$1.21,15.75,$1.16B,$0.15B,7.71,$0.18B,$1.91B,0.09,$1.68B,$0.67B,39.82%,$1.68B,$0.51B,30.48%,$1.68B,$0.51B,30.48%,$1.68B,$0.60B,35.77%,$1.68B,$0.51B,30.42%,$1.68B,$0.35B,20.65%,$0.35B,$1.91B,19.01%,$0.35B,$1.27B,29.39%,$0.35B,$2.31B,15.47%,$0.51B,$2.09B,25.32%,$420,$251,$169,$24,$17,$292,$128,$1,$129,$40,$89,$89,$89,$148,$128,$288,291,$0.31,$0.29,$723,$189,$0,$1155,$466,$50,$639,$0,$1155,$2310,$150,$178,$0,$249,$399,$17,$1211,$2,$1910,$2310,$348,$89,$42,$131,$-16,$-15,$14,$4,$-1,$477,$-120,$0,$0,$0,$-124,$-124,$-7,$-251,$-48,$0,$-48,$-82,$-82,$-101,$0,$-231,$-5,$19,$-101
8,2016-09-30,16.91,$6.48,2.61,$5.69,2.97,$2.92,5.79,$1.20,14.09,$1.11B,$0.16B,7.09,$0.20B,$1.86B,0.11,$1.67B,$0.66B,39.80%,$1.67B,$0.51B,30.67%,$1.67B,$0.51B,30.67%,$1.67B,$0.60B,35.83%,$1.67B,$0.51B,30.67%,$1.67B,$0.35B,20.77%,$0.35B,$1.86B,19.46%,$0.35B,$1.22B,30.64%,$0.35B,$2.26B,15.71%,$0.51B,$2.05B,25.71%,$430,$256,$174,$24,$16,$295,$134,$0,$134,$42,$92,$92,$92,$157,$134,$288,290,$0.32,$0.32,$687,$179,$0,$1109,$451,$57,$641,$0,$1149,$2258,$156,$195,$0,$246,$402,$17,$1184,$-0,$1856,$2258,$259,$69,$18,$87,$-33,$-5,$5,$22,$11,$356,$-91,$0,$0,$0,$-107,$-107,$-2,$-200,$-31,$0,$-31,$-67,$-67,$-75,$0,$-173,$-17,$15,$-75
9,2016-06-30,14.79,$6.22,2.38,$5.54,2.67,$2.76,5.36,$1.15,12.86,$1.06B,$0.17B,6.24,$0.21B,$1.79B,0.12,$1.63B,$0.64B,39.42%,$1.63B,$0.49B,30.32%,$1.63B,$0.49B,30.32%,$1.63B,$0.58B,35.55%,$1.63B,$0.49B,30.32%,$1.63B,$0.33B,20.42%,$0.33B,$1.79B,19.17%,$0.33B,$1.14B,30.80%,$0.33B,$2.21B,15.30%,$0.49B,$1.99B,25.29%,$424,$257,$167,$23,$15,$295,$129,$-1,$128,$41,$86,$86,$86,$152,$129,$289,291,$0.30,$0.30,$645,$176,$0,$1056,$432,$73,$647,$0,$1152,$2207,$169,$207,$0,$253,$422,$17,$1133,$-3,$1785,$2207,$167,$46,$11,$56,$-23,$-2,$15,$20,$32,$255,$-54,$0,$0,$0,$-120,$-120,$-2,$-176,$-19,$0,$-19,$-63,$-63,$-49,$0,$-131,$-52,$10,$-49
10,2016-03-31,14.93,$6.06,2.47,$5.36,2.79,$2.60,5.74,$1.10,13.57,$1.06B,$0.20B,5.43,$0.21B,$1.75B,0.12,$1.58B,$0.62B,39.22%,$1.58B,$0.47B,29.85%,$1.58B,$0.47B,29.85%,$1.58B,$0.56B,35.10%,$1.58B,$0.48B,30.04%,$1.58B,$0.32B,20.30%,$0.32B,$1.75B,18.91%,$0.32B,$1.10B,30.92%,$0.32B,$2.20B,14.96%,$0.47B,$1.96B,24.50%,$406,$247,$159,$23,$15,$285,$121,$-1,$120,$39,$80,$80,$80,$144,$121,$289,291,$0.28,$0.28,$636,$189,$0,$1060,$415,$71,$651,$0,$1137,$2197,$195,$209,$0,$253,$448,$17,$1126,$-2,$1749,$2197,$80,$23,$4,$26,$-28,$-14,$13,$24,$45,$152,$-20,$0,$0,$0,$18,$18,$0,$-1,$-17,$0,$-17,$-34,$-34,$-25,$0,$-76,$75,$5,$-25
11,2015-12-31,15.15,$5.91,2.56,$5.20,2.91,$2.46,6.17,$1.08,14.03,$0.98B,$0.13B,7.51,$0.23B,$1.72B,0.13,$1.54B,$0.60B,39.12%,$1.54B,$0.46B,29.73%,$1.54B,$0.46B,29.73%,$1.54B,$0.54B,34.97%,$1.54B,$0.46B,29.99%,$1.54B,$0.32B,20.60%,$0.32B,$1.72B,19.12%,$0.32B,$1.07B,31.83%,$0.32B,$2.15B,15.01%,$0.46B,$1.95B,24.10%,$406,$242,$163,$23,$14,$279,$127,$2,$129,$40,$88,$88,$88,$144,$127,$293,296,$0.31,$0.30,$556,$175,$0,$984,$413,$95,$657,$0,$1165,$2149,$131,$226,$0,$295,$426,$17,$1109,$-1,$1723,$2149,$318,$81,$28,$109,$-28,$-33,$-5,$-10,$-73,$354,$-98,$0,$0,$0,$11,$11,$-3,$-90,$-33,$0,$-33,$-81,$-81,$-97,$0,$-211,$54,$21,$-97
12,2015-09-30,14.59,$5.73,2.55,$5.02,2.91,$2.46,5.94,$1.02,14.3,$0.98B,$0.18B,5.39,$0.23B,$1.67B,0.14,$1.49B,$0.58B,38.71%,$1.49B,$0.43B,28.97%,$1.49B,$0.43B,28.97%,$1.49B,$0.51B,34.41%,$1.49B,$0.44B,29.44%,$1.49B,$0.30B,20.23%,$0.30B,$1.67B,18.52%,$0.30B,$1.01B,31.49%,$0.30B,$2.12B,14.42%,$0.43B,$1.90B,22.99%,$390,$238,$152,$22,$14,$274,$116,$-0,$116,$38,$78,$78,$78,$138,$116,$293,295,$0.27,$0.27,$565,$165,$0,$979,$388,$94,$662,$0,$1145,$2124,$182,$228,$0,$271,$453,$18,$1071,$-2,$1671,$2124,$230,$64,$-3,$61,$-40,$-23,$12,$9,$-8,$283,$-62,$0,$0,$0,$11,$11,$-2,$-53,$-31,$0,$-31,$-63,$-63,$-72,$2,$-163,$67,$17,$-72
13,2015-06-30,15.38,$5.62,2.73,$4.90,3.14,$2.32,6.64,$1.00,15.45,$0.96B,$0.16B,6.15,$0.25B,$1.65B,0.15,$1.45B,$0.56B,38.85%,$1.45B,$0.42B,28.85%,$1.45B,$0.42B,28.85%,$1.45B,$0.50B,34.30%,$1.45B,$0.43B,29.40%,$1.45B,$0.30B,20.36%,$0.30B,$1.65B,18.64%,$0.30B,$0.98B,32.51%,$0.30B,$2.11B,14.43%,$0.42B,$1.90B,22.72%,$379,$234,$146,$22,$15,$271,$108,$2,$110,$36,$75,$75,$75,$129,$108,$294,297,$0.25,$0.25,$570,$151,$0,$955,$375,$115,$667,$0,$1157,$2113,$155,$254,$0,$310,$466,$18,$1047,$7,$1647,$2113,$152,$42,$3,$45,$-28,$-9,$-2,$12,$-5,$192,$-34,$0,$0,$0,$1,$1,$-1,$-34,$-4,$0,$-4,$-36,$-36,$-47,$2,$-86,$72,$11,$-47
14,2015-03-31,17.06,$5.48,3.11,$4.78,3.57,$2.16,7.88,$1.01,16.98,$0.93B,$0.16B,5.69,$0.26B,$1.61B,0.16,$1.41B,$0.55B,39.13%,$1.41B,$0.41B,29.12%,$1.41B,$0.41B,29.12%,$1.41B,$0.49B,34.66%,$1.41B,$0.42B,29.97%,$1.41B,$0.30B,21.09%,$0.30B,$1.61B,19.38%,$0.30B,$0.94B,34.84%,$0.30B,$2.09B,14.94%,$0.41B,$1.87B,22.88%,$369,$226,$143,$22,$14,$261,$108,$1,$108,$31,$77,$77,$77,$129,$108,$295,299,$0.26,$0.26,$550,$146,$0,$931,$373,$115,$673,$0,$1161,$2091,$164,$256,$0,$314,$478,$18,$1020,$9,$1613,$2091,$77,$21,$2,$24,$-34,$-4,$2,$15,$7,$108,$-15,$0,$0,$0,$1,$1,$-1,$-15,$-2,$0,$-2,$-16,$-16,$-24,$1,$-40,$52,$6,$-24
15,2014-12-31,16.77,$5.32,3.15,$4.69,3.58,$2.13,7.87,$0.98,17.11,$0.86B,$0.13B,6.42,$0.26B,$1.57B,0.16,$1.38B,$0.54B,39.20%,$1.38B,$0.40B,29.02%,$1.38B,$0.40B,29.02%,$1.38B,$0.48B,34.62%,$1.38B,$0.42B,30.25%,$1.38B,$0.29B,21.02%,$0.29B,$1.57B,19.59%,$0.29B,$0.89B,36.58%,$0.29B,$2.02B,14.96%,$0.40B,$1.83B,22.97%,$350,$216,$135,$22,$14,$252,$99,$5,$104,$33,$71,$71,$71,$116,$99,$291,294,$0.24,$0.24,$497,$142,$0,$857,$373,$115,$678,$0,$1166,$2023,$133,$258,$0,$318,$451,$18,$989,$10,$1571,$2023,$289,$77,$16,$93,$-25,$-22,$15,$-22,$-54,$327,$-72,$0,$0,$0,$-5,$-5,$-2,$-80,$-8,$0,$-8,$30,$30,$-88,$6,$-60,$188,$21,$-88
16,2014-09-30,12.35,$5.11,2.41,$4.63,2.67,$2.17,5.68,$0.98,12.6,$0.80B,$0.14B,5.59,$0.26B,$1.50B,0.17,$1.35B,$0.53B,39.42%,$1.35B,$0.40B,29.29%,$1.35B,$0.40B,29.29%,$1.35B,$0.48B,35.21%,$1.35B,$0.42B,30.77%,$1.35B,$0.29B,21.30%,$0.29B,$1.50B,20.36%,$0.29B,$0.82B,39.79%,$0.29B,$1.95B,15.42%,$0.40B,$1.76B,23.61%,$351,$212,$139,$22,$14,$248,$103,$1,$104,$32,$72,$72,$72,$123,$103,$291,293,$0.25,$0.25,$433,$136,$0,$800,$363,$104,$683,$0,$1150,$1950,$143,$260,$0,$310,$453,$9,$959,$14,$1498,$1950,$218,$60,$-0,$59,$-43,$-16,$12,$-13,$-50,$227,$-50,$0,$0,$0,$6,$6,$-1,$-46,$-6,$0,$-6,$9,$9,$-64,$3,$-58,$124,$16,$-64
17,2014-06-30,13.35,$4.95,2.7,$4.43,3.01,$2.21,6.04,$0.93,14.43,$0.73B,$0.13B,5.7,$0.26B,$1.45B,0.18,$1.29B,$0.50B,38.76%,$1.29B,$0.37B,28.45%,$1.29B,$0.37B,28.45%,$1.29B,$0.44B,34.19%,$1.29B,$0.39B,30.47%,$1.29B,$0.27B,21.09%,$0.27B,$1.45B,20.09%,$0.27B,$0.76B,41.42%,$0.27B,$1.89B,15.08%,$0.37B,$1.71B,22.67%,$338,$204,$134,$20,$14,$239,$100,$6,$106,$29,$77,$77,$77,$120,$100,$290,293,$0.26,$0.26,$392,$125,$0,$734,$358,$110,$688,$0,$1156,$1890,$129,$262,$0,$313,$442,$9,$919,$18,$1448,$1890,$145,$40,$-2,$38,$-35,$-5,$-1,$-8,$-41,$142,$-30,$0,$0,$0,$2,$2,$-1,$-28,$-4,$0,$-4,$12,$12,$-41,$1,$-32,$82,$10,$-41
18,2014-03-31,14.4,$4.75,3.04,$4.27,3.37,$2.34,6.14,$0.85,17.05,$0.70B,$0.17B,4.21,$0.26B,$1.39B,0.19,$1.24B,$0.47B,37.85%,$1.24B,$0.34B,27.36%,$1.24B,$0.34B,27.36%,$1.24B,$0.41B,32.77%,$1.24B,$0.36B,29.38%,$1.24B,$0.25B,19.94%,$0.25B,$1.39B,19.09%,$0.25B,$0.69B,32.44%,$0.25B,$1.87B,14.76%,$0.34B,$1.65B,22.71%,$336,$204,$131,$20,$14,$239,$97,$5,$102,$33,$69,$69,$69,$117,$97,$290,293,$0.24,$0.23,$375,$128,$0,$704,$359,$109,$694,$0,$1161,$1865,$167,$264,$0,$313,$480,$9,$866,$19,$1385,$1865,$69,$20,$-2,$17,$-28,$-8,$8,$1,$12,$98,$-16,$0,$0,$0,$-1,$-1,$-0,$-17,$-2,$0,$-2,$6,$6,$-20,$1,$-15,$65,$5,$-20
19,2013-12-31,15.0,$4.56,3.29,$4.07,3.69,$2.36,6.35,$0.77,19.48,$0.60B,$0.12B,5.01,$0.27B,$1.33B,0.2,$1.17B,$0.43B,36.77%,$1.17B,$0.31B,26.11%,$1.17B,$0.31B,26.11%,$1.17B,$0.37B,31.31%,$1.17B,$0.33B,27.99%,$1.17B,$0.22B,19.03%,$0.22B,$1.33B,18.01%,$0.22B,$0.63B,25.57%,$0.22B,$1.76B,14.49%,$0.31B,$1.59B,22.32%,$327,$198,$129,$20,$13,$231,$96,$9,$104,$34,$70,$70,$70,$116,$96,$287,289,$0.25,$0.24,$310,$120,$0,$601,$357,$107,$699,$0,$1163,$1764,$120,$266,$0,$317,$436,$17,$818,$19,$1328,$1764,$223,$63,$-11,$52,$-22,$40,$13,$-2,$42,$317,$-55,$0,$-698,$0,$120,$120,$-1,$-633,$273,$0,$273,$38,$38,$-79,$3,$236,$-80,$17,$-79
20,2013-09-30,11.58,$4.34,2.67,$3.84,3.01,$1.95,5.95,$0.67,17.28,$0.52B,$0.12B,4.34,$0.27B,$1.26B,0.21,$1.11B,$0.39B,35.38%,$1.11B,$0.26B,23.89%,$1.11B,$0.26B,23.89%,$1.11B,$0.32B,28.69%,$1.11B,$0.28B,25.52%,$1.11B,$0.19B,17.47%,$0.19B,$1.26B,16.27%,$0.19B,$0.55B,19.53%,$0.19B,$1.70B,13.64%,$0.26B,$1.52B,21.07%,$289,$183,$106,$19,$13,$215,$74,$7,$81,$26,$56,$56,$56,$88,$74,$287,289,$0.20,$0.19,$227,$117,$0,$524,$351,$114,$708,$0,$1173,$1697,$121,$268,$0,$321,$442,$9,$769,$22,$1255,$1697,$153,$42,$-8,$34,$-32,$43,$7,$-0,$37,$224,$-38,$0,$-698,$0,$110,$110,$-1,$-627,$275,$0,$275,$23,$23,$-59,$1,$240,$-163,$13,$-59
21,2013-06-30,10.37,$4.18,2.48,$3.78,2.74,$1.58,6.56,$0.63,16.59,$0.86B,$0.10B,8.24,$0.00B,$1.21B,0.0,$1.08B,$0.38B,34.59%,$1.08B,$0.25B,22.88%,$1.08B,$0.25B,22.88%,$1.08B,$0.30B,27.58%,$1.08B,$0.26B,24.26%,$1.08B,$0.18B,16.51%,$0.18B,$1.21B,15.62%,$0.18B,$1.18B,16.02%,$0.18B,$1.37B,13.72%,$0.25B,$1.21B,21.65%,$287,$184,$103,$19,$12,$215,$72,$6,$77,$25,$52,$52,$52,$85,$72,$286,288,$0.18,$0.18,$595,$116,$0,$855,$346,$137,$28,$0,$511,$1366,$104,$0,$0,$55,$159,$9,$733,$21,$1207,$1366,$98,$28,$-2,$25,$-11,$44,$1,$0,$49,$172,$-24,$0,$0,$0,$-13,$-13,$-1,$-38,$0,$0,$0,$16,$16,$-39,$1,$-21,$113,$8,$-39
22,2013-03-31,8.93,$4.05,2.21,$3.75,2.38,$1.18,7.59,$0.59,15.27,$0.80B,$0.11B,7.25,$0.00B,$1.16B,0.0,$1.08B,$0.37B,33.89%,$1.08B,$0.23B,21.73%,$1.08B,$0.23B,21.73%,$1.08B,$0.28B,26.37%,$1.08B,$0.25B,22.93%,$1.08B,$0.17B,15.60%,$0.17B,$1.16B,15.03%,$0.17B,$1.13B,15.37%,$0.17B,$1.33B,13.16%,$0.23B,$1.16B,20.93%,$269,$176,$93,$19,$11,$206,$64,$2,$66,$20,$45,$45,$45,$78,$64,$285,286,$0.16,$0.16,$519,$130,$0,$795,$348,$158,$29,$0,$535,$1330,$110,$0,$0,$58,$168,$9,$701,$23,$1162,$1330,$45,$14,$0,$14,$-12,$30,$-10,$0,$38,$97,$-13,$0,$0,$0,$-20,$-20,$-1,$-33,$0,$0,$0,$7,$7,$-19,$0,$-12,$53,$4,$-19
23,2012-12-31,8.36,$3.92,2.13,$3.81,2.19,$0.95,8.77,$0.59,14.29,$0.75B,$0.09B,8.47,$0.00B,$1.12B,0.0,$1.10B,$0.37B,33.94%,$1.10B,$0.24B,21.47%,$1.10B,$0.24B,21.47%,$1.10B,$0.28B,25.84%,$1.10B,$0.25B,22.75%,$1.10B,$0.17B,15.38%,$0.17B,$1.12B,15.44%,$0.17B,$1.09B,15.74%,$0.17B,$1.27B,13.44%,$0.24B,$1.12B,21.56%,$260,$171,$89,$19,$12,$207,$54,$5,$58,$19,$40,$40,$40,$66,$54,$286,288,$0.15,$0.15,$450,$160,$0,$745,$350,$142,$29,$0,$521,$1266,$88,$0,$0,$57,$145,$9,$676,$15,$1121,$1266,$169,$50,$9,$59,$1,$29,$-22,$15,$30,$258,$-116,$0,$0,$0,$2,$2,$-18,$-132,$0,$0,$0,$-22,$-22,$-73,$1,$-94,$32,$16,$-73
24,2012-09-30,7.48,$3.83,1.95,$3.81,1.96,$0.54,13.91,$0.59,12.78,$0.74B,$0.10B,7.1,$0.00B,$1.09B,0.0,$1.10B,$0.37B,34.03%,$1.10B,$0.24B,21.66%,$1.10B,$0.24B,21.66%,$1.10B,$0.28B,25.75%,$1.10B,$0.25B,22.84%,$1.10B,$0.17B,15.38%,$0.17B,$1.09B,15.78%,$0.17B,$1.06B,16.03%,$0.17B,$1.26B,13.68%,$0.24B,$1.09B,22.22%,$268,$178,$90,$20,$12,$211,$58,$4,$62,$20,$42,$42,$42,$70,$58,$286,287,$0.15,$0.15,$403,$177,$0,$740,$342,$145,$28,$0,$515,$1255,$104,$0,$0,$58,$162,$9,$655,$0,$1093,$1255,$129,$38,$7,$45,$-16,$12,$-13,$4,$2,$176,$-97,$0,$0,$0,$39,$39,$-16,$-74,$0,$0,$0,$-25,$-25,$-55,$1,$-79,$23,$12,$-55
25,2012-06-30,9.13,$3.79,2.41,$3.81,2.4,$0.40,22.81,$0.59,15.48,$0.78B,$0.11B,7.33,$0.00B,$1.10B,0.0,$1.10B,$0.38B,34.45%,$1.10B,$0.24B,22.00%,$1.10B,$0.24B,22.00%,$1.10B,$0.29B,26.09%,$1.10B,$0.25B,23.00%,$1.10B,$0.17B,15.45%,$0.17B,$1.10B,16.28%,$0.17B,$1.08B,16.49%,$0.17B,$1.25B,14.11%,$0.24B,$1.10B,23.18%,$280,$187,$93,$23,$12,$223,$58,$3,$61,$20,$41,$41,$41,$70,$58,$287,289,$0.14,$0.14,$422,$192,$0,$777,$327,$138,$13,$0,$477,$1254,$106,$0,$0,$53,$159,$9,$660,$0,$1095,$1254,$87,$25,$5,$30,$-20,$-4,$-12,$3,$-16,$102,$-69,$0,$0,$0,$14,$14,$-1,$-56,$0,$0,$0,$7,$7,$-36,$1,$-28,$18,$8,$-36
26,2012-03-31,10.66,$3.71,2.87,$3.68,2.9,$0.48,22.1,$0.59,18.23,$0.79B,$0.13B,6.04,$0.00B,$1.07B,0.0,$1.06B,$0.37B,35.00%,$1.06B,$0.24B,22.30%,$1.06B,$0.24B,22.30%,$1.06B,$0.28B,26.43%,$1.06B,$0.25B,23.52%,$1.06B,$0.17B,15.71%,$0.17B,$1.07B,16.51%,$0.17B,$1.06B,16.73%,$0.17B,$1.26B,14.27%,$0.24B,$1.07B,23.44%,$291,$190,$101,$23,$12,$225,$66,$3,$69,$22,$46,$46,$46,$78,$66,$287,290,$0.16,$0.16,$423,$201,$0,$786,$310,$146,$13,$0,$469,$1255,$130,$0,$0,$55,$185,$9,$638,$0,$1070,$1255,$46,$13,$3,$16,$-29,$-12,$8,$12,$-1,$61,$-40,$0,$0,$0,$6,$6,$0,$-34,$0,$0,$0,$2,$2,$-17,$0,$-15,$13,$4,$-17
27,2011-12-31,12.83,$3.56,3.6,$3.55,3.61,$0.61,21.02,$0.57,22.5,$0.75B,$0.10B,7.47,$0.00B,$1.03B,0.0,$1.02B,$0.36B,35.29%,$1.02B,$0.23B,22.58%,$1.02B,$0.23B,22.58%,$1.02B,$0.27B,26.78%,$1.02B,$0.24B,23.85%,$1.02B,$0.16B,15.93%,$0.16B,$1.03B,16.68%,$0.16B,$1.01B,16.90%,$0.16B,$1.18B,14.43%,$0.23B,$1.03B,23.63%,$260,$170,$90,$22,$13,$205,$56,$3,$59,$18,$40,$40,$40,$65,$56,$285,289,$0.15,$0.14,$419,$189,$0,$752,$283,$128,$13,$0,$424,$1176,$101,$0,$0,$48,$149,$9,$611,$10,$1027,$1176,$165,$43,$17,$60,$-15,$-88,$25,$-7,$-83,$142,$-120,$0,$0,$0,$16,$16,$1,$-104,$0,$0,$0,$33,$33,$-67,$5,$-29,$10,$14,$-67
28,2011-09-30,10.38,$3.43,3.03,$3.44,3.02,$0.83,12.57,$0.56,18.53,$0.76B,$0.12B,6.49,$0.00B,$0.98B,0.0,$0.99B,$0.35B,35.53%,$0.99B,$0.23B,22.94%,$0.99B,$0.23B,22.94%,$0.99B,$0.27B,27.31%,$0.99B,$0.24B,24.37%,$0.99B,$0.16B,16.24%,$0.16B,$0.98B,16.94%,$0.16B,$0.97B,17.19%,$0.16B,$1.14B,14.73%,$0.23B,$0.98B,23.93%,$269,$174,$95,$21,$12,$207,$62,$2,$64,$21,$43,$43,$43,$74,$62,$285,289,$0.15,$0.15,$456,$151,$0,$758,$257,$107,$13,$0,$376,$1135,$117,$0,$0,$34,$151,$9,$588,$0,$984,$1135,$124,$33,$3,$37,$-34,$-50,$30,$6,$-35,$125,$-85,$0,$0,$0,$31,$31,$2,$-52,$0,$0,$0,$22,$22,$-50,$3,$-25,$49,$10,$-50
29,2011-06-30,12.99,$3.37,3.86,$3.24,4.01,$0.91,14.27,$0.53,24.51,$0.73B,$0.10B,6.99,$0.00B,$0.96B,0.0,$0.92B,$0.33B,35.64%,$0.92B,$0.21B,22.86%,$0.92B,$0.21B,22.86%,$0.92B,$0.25B,27.30%,$0.92B,$0.23B,24.49%,$0.92B,$0.15B,16.36%,$0.15B,$0.96B,16.67%,$0.15B,$0.95B,16.92%,$0.15B,$1.11B,14.55%,$0.21B,$0.96B,23.30%,$243,$157,$86,$20,$12,$190,$53,$5,$58,$19,$38,$38,$38,$64,$53,$285,288,$0.14,$0.14,$469,$119,$0,$726,$233,$143,$13,$0,$388,$1114,$104,$0,$0,$47,$150,$9,$561,$0,$964,$1114,$81,$21,$7,$28,$-16,$-19,$23,$1,$-4,$105,$-49,$0,$0,$0,$54,$54,$2,$7,$0,$0,$0,$15,$15,$-33,$3,$-15,$96,$6,$-33
30,2011-03-31,12.95,$3.28,3.95,$3.11,4.16,$0.89,14.56,$0.52,25.15,$0.72B,$0.12B,6.27,$0.00B,$0.94B,0.0,$0.88B,$0.32B,35.94%,$0.88B,$0.21B,23.47%,$0.88B,$0.21B,23.47%,$0.88B,$0.25B,28.00%,$0.88B,$0.22B,24.72%,$0.88B,$0.15B,16.67%,$0.15B,$0.94B,17.03%,$0.15B,$0.92B,17.30%,$0.15B,$1.09B,14.94%,$0.21B,$0.94B,23.99%,$251,$161,$90,$19,$11,$191,$60,$3,$63,$21,$42,$42,$42,$71,$60,$284,288,$0.15,$0.15,$482,$104,$0,$723,$214,$142,$13,$0,$369,$1092,$115,$0,$0,$42,$157,$9,$540,$0,$935,$1092,$42,$11,$2,$13,$-21,$-3,$21,$5,$22,$77,$-19,$0,$0,$0,$38,$38,$2,$21,$0,$0,$0,$8,$8,$-16,$1,$-6,$92,$3,$-16
31,2010-12-31,12.61,$3.14,4.02,$2.91,4.34,$0.87,14.5,$0.49,26.0,$0.66B,$0.07B,9.09,$0.00B,$0.89B,0.0,$0.82B,$0.30B,36.23%,$0.82B,$0.19B,23.50%,$0.82B,$0.19B,23.50%,$0.82B,$0.23B,28.15%,$0.82B,$0.20B,24.85%,$0.82B,$0.14B,16.77%,$0.14B,$0.89B,16.65%,$0.14B,$0.88B,16.92%,$0.14B,$1.00B,14.61%,$0.19B,$0.89B,23.34%,$222,$143,$79,$18,$11,$171,$51,$5,$55,$18,$37,$37,$37,$60,$51,$279,281,$0.14,$0.14,$435,$101,$0,$655,$205,$129,$13,$0,$347,$1003,$72,$0,$0,$37,$109,$9,$515,$22,$894,$1003,$138,$39,$12,$50,$-24,$-47,$13,$-1,$-60,$128,$-46,$0,$0,$0,$-72,$-72,$-6,$-125,$0,$0,$0,$67,$67,$-61,$3,$9,$12,$11,$-61
32,2010-09-30,8.28,$2.96,2.8,$2.76,3.0,$0.90,9.16,$0.47,17.81,$0.61B,$0.08B,7.3,$0.00B,$0.83B,0.0,$0.77B,$0.28B,36.48%,$0.77B,$0.18B,23.80%,$0.77B,$0.18B,23.80%,$0.77B,$0.22B,28.85%,$0.77B,$0.19B,24.97%,$0.77B,$0.13B,16.82%,$0.13B,$0.83B,16.60%,$0.13B,$0.82B,16.87%,$0.13B,$0.94B,14.57%,$0.18B,$0.83B,23.49%,$207,$133,$74,$16,$10,$160,$47,$3,$50,$16,$34,$34,$34,$57,$47,$279,281,$0.13,$0.12,$389,$92,$0,$609,$197,$124,$13,$0,$334,$942,$83,$0,$0,$29,$112,$8,$494,$0,$830,$942,$101,$30,$8,$37,$-36,$-38,$23,$4,$-46,$92,$-29,$0,$0,$0,$-78,$-78,$-4,$-111,$0,$0,$0,$32,$32,$-46,$1,$-14,$-32,$8,$-46
33,2010-06-30,7.58,$2.83,2.67,$2.59,2.92,$0.92,8.22,$0.43,17.63,$0.58B,$0.08B,6.91,$0.00B,$0.79B,0.0,$0.72B,$0.26B,36.29%,$0.72B,$0.17B,23.55%,$0.72B,$0.17B,23.55%,$0.72B,$0.21B,28.95%,$0.72B,$0.18B,24.79%,$0.72B,$0.12B,16.62%,$0.12B,$0.79B,15.94%,$0.12B,$0.78B,16.19%,$0.12B,$0.90B,14.00%,$0.17B,$0.79B,22.58%,$202,$128,$74,$15,$10,$153,$49,$2,$50,$16,$34,$34,$34,$59,$49,$278,281,$0.12,$0.12,$381,$79,$0,$577,$197,$113,$14,$0,$323,$900,$84,$0,$0,$24,$107,$8,$475,$0,$793,$900,$67,$20,$2,$21,$-22,$-26,$17,$3,$-21,$67,$-19,$0,$0,$0,$-79,$-79,$-5,$-103,$0,$0,$0,$25,$25,$-31,$0,$-5,$-41,$5,$-31
34,2010-03-31,8.14,$2.78,2.93,$2.30,3.54,$0.89,9.16,$0.36,22.93,$0.57B,$0.10B,5.59,$0.00B,$0.77B,0.0,$0.64B,$0.22B,35.16%,$0.64B,$0.14B,21.51%,$0.64B,$0.14B,21.51%,$0.64B,$0.18B,27.63%,$0.64B,$0.15B,23.08%,$0.64B,$0.10B,15.38%,$0.10B,$0.77B,13.48%,$0.10B,$0.76B,13.68%,$0.10B,$0.91B,11.93%,$0.14B,$0.77B,18.84%,$186,$117,$69,$14,$10,$141,$45,$3,$48,$15,$32,$32,$32,$54,$45,$277,279,$0.12,$0.12,$396,$68,$0,$572,$199,$123,$12,$0,$333,$905,$102,$0,$0,$28,$131,$8,$456,$0,$774,$905,$32,$10,$-0,$9,$-13,$-14,$22,$3,$19,$61,$-11,$0,$0,$0,$-46,$-46,$-2,$-59,$0,$0,$0,$17,$17,$-15,$0,$2,$5,$2,$-15
35,2009-12-31,7.44,$2.66,2.8,$1.98,3.76,$0.74,10.0,$0.24,31.66,$0.51B,$0.06B,8.62,$0.00B,$0.74B,0.0,$0.55B,$0.18B,32.48%,$0.55B,$0.09B,17.25%,$0.55B,$0.09B,17.25%,$0.55B,$0.13B,24.59%,$0.55B,$0.10B,17.80%,$0.55B,$0.06B,11.74%,$0.06B,$0.74B,9.08%,$0.06B,$0.73B,9.22%,$0.06B,$0.82B,8.19%,$0.09B,$0.74B,13.34%,$178,$113,$65,$13,$9,$134,$43,$2,$45,$15,$30,$30,$30,$53,$43,$274,275,$0.11,$0.11,$353,$54,$0,$505,$198,$109,$11,$0,$317,$823,$59,$0,$0,$28,$87,$8,$439,$16,$736,$823,$65,$38,$12,$50,$-27,$1,$8,$12,$-4,$111,$-21,$0,$0,$0,$5,$5,$0,$-16,$0,$0,$0,$7,$7,$-61,$0,$-53,$42,$9,$-61
36,2009-09-30,5.85,$2.57,2.28,$1.77,3.31,$0.69,8.54,$0.09,68.85,$0.50B,$0.07B,6.74,$0.00B,$0.71B,0.0,$0.49B,$0.15B,30.06%,$0.49B,$0.06B,12.47%,$0.49B,$0.06B,12.47%,$0.49B,$0.10B,20.25%,$0.49B,$0.04B,7.36%,$0.49B,$0.02B,4.91%,$0.02B,$0.71B,3.45%,$0.02B,$0.70B,3.50%,$0.02B,$0.80B,3.13%,$0.06B,$0.71B,8.77%,$156,$101,$54,$12,$9,$123,$33,$2,$36,$12,$24,$24,$24,$43,$33,$274,275,$0.09,$0.09,$350,$47,$0,$495,$202,$93,$10,$0,$306,$801,$73,$0,$0,$19,$92,$8,$424,$0,$709,$801,$35,$29,$5,$34,$-30,$8,$13,$12,$15,$84,$-16,$0,$0,$0,$19,$19,$0,$3,$0,$0,$0,$0,$0,$-45,$0,$-45,$42,$7,$-45
37,2009-06-30,4.75,$2.50,1.9,$1.75,2.72,$0.63,7.54,$0.06,86.35,$0.46B,$0.05B,8.93,$0.00B,$0.69B,0.0,$0.49B,$0.14B,28.81%,$0.49B,$0.05B,10.49%,$0.49B,$0.05B,10.49%,$0.49B,$0.09B,18.31%,$0.49B,$0.02B,4.73%,$0.49B,$0.02B,3.09%,$0.02B,$0.69B,2.13%,$0.02B,$0.68B,2.16%,$0.02B,$0.76B,1.95%,$0.05B,$0.69B,7.26%,$117,$82,$36,$11,$8,$101,$16,$2,$18,$6,$12,$12,$12,$26,$16,$274,275,$0.05,$0.05,$336,$48,$0,$458,$207,$81,$10,$0,$298,$756,$51,$0,$0,$15,$66,$8,$415,$0,$690,$756,$11,$19,$6,$25,$-7,$7,$-3,$12,$14,$50,$-11,$0,$0,$0,$27,$27,$-0,$16,$0,$0,$0,$0,$0,$-30,$0,$-30,$35,$4,$-30
38,2009-03-31,4.04,$2.48,1.63,$1.92,2.11,$0.64,6.27,$0.11,38.46,$0.47B,$0.05B,9.27,$0.00B,$0.68B,0.0,$0.54B,$0.16B,30.24%,$0.54B,$0.07B,13.17%,$0.54B,$0.07B,13.17%,$0.54B,$0.11B,19.85%,$0.54B,$0.05B,8.35%,$0.54B,$0.03B,5.57%,$0.03B,$0.68B,4.13%,$0.03B,$0.67B,4.19%,$0.03B,$0.75B,3.76%,$0.07B,$0.68B,9.78%,$94,$72,$22,$11,$9,$92,$2,$-5,$-2,$-1,$-2,$-2,$-2,$12,$2,$274,274,$-0.01,$-0.01,$333,$54,$0,$465,$211,$59,$10,$0,$280,$745,$50,$0,$0,$12,$62,$8,$418,$0,$683,$745,$-2,$10,$4,$14,$-3,$1,$-0,$5,$4,$16,$-6,$0,$0,$0,$20,$20,$-1,$13,$0,$0,$0,$0,$0,$-15,$0,$-15,$14,$2,$-15
39,2008-12-31,3.54,$2.54,1.39,$2.20,1.61,$0.75,4.7,$0.22,16.45,$0.46B,$0.05B,9.24,$0.00B,$0.70B,0.0,$0.62B,$0.20B,32.74%,$0.62B,$0.11B,17.50%,$0.62B,$0.11B,17.50%,$0.62B,$0.14B,23.11%,$0.62B,$0.09B,14.77%,$0.62B,$0.06B,9.95%,$0.06B,$0.70B,8.26%,$0.06B,$0.69B,8.36%,$0.06B,$0.76B,7.43%,$0.11B,$0.70B,14.52%,$122,$88,$35,$13,$12,$113,$10,$-26,$-16,$-6,$-10,$-10,$-10,$18,$10,$282,282,$-0.04,$-0.04,$323,$55,$0,$457,$215,$81,$10,$0,$306,$763,$49,$0,$0,$15,$65,$8,$435,$0,$699,$763,$62,$36,$41,$77,$20,$-7,$-11,$-13,$-19,$121,$-46,$0,$0,$0,$64,$64,$-3,$16,$0,$0,$0,$-99,$-99,$-60,$0,$-160,$-23,$10,$-60
40,2008-09-30,5.68,$2.64,2.15,$2.36,2.41,$0.81,6.97,$0.37,15.55,$0.48B,$0.06B,7.82,$0.00B,$0.74B,0.0,$0.67B,$0.23B,33.78%,$0.67B,$0.13B,19.79%,$0.67B,$0.13B,19.79%,$0.67B,$0.17B,25.00%,$0.67B,$0.16B,23.07%,$0.67B,$0.10B,15.48%,$0.10B,$0.74B,13.37%,$0.10B,$0.73B,13.53%,$0.10B,$0.82B,11.99%,$0.13B,$0.74B,17.10%,$153,$106,$47,$13,$10,$130,$23,$-1,$23,$8,$15,$15,$15,$33,$23,$280,281,$0.06,$0.06,$338,$56,$0,$484,$216,$107,$9,$0,$332,$816,$62,$0,$0,$16,$78,$8,$475,$0,$739,$816,$72,$27,$12,$39,$-7,$-8,$-0,$1,$-21,$91,$-38,$0,$0,$0,$40,$40,$-1,$1,$0,$0,$0,$-82,$-82,$-45,$0,$-127,$-34,$8,$-45
41,2008-06-30,5.69,$2.75,2.07,$2.37,2.4,$0.84,6.75,$0.42,13.71,$0.52B,$0.07B,7.42,$0.00B,$0.78B,0.0,$0.68B,$0.24B,34.75%,$0.68B,$0.15B,21.26%,$0.68B,$0.15B,21.26%,$0.68B,$0.18B,26.10%,$0.68B,$0.18B,25.81%,$0.68B,$0.12B,17.45%,$0.12B,$0.78B,15.05%,$0.12B,$0.77B,15.22%,$0.12B,$0.87B,13.43%,$0.15B,$0.78B,18.34%,$170,$111,$59,$13,$10,$135,$36,$4,$40,$13,$27,$27,$27,$44,$36,$284,285,$0.10,$0.10,$377,$51,$0,$518,$216,$127,$9,$0,$352,$870,$70,$0,$0,$19,$89,$9,$510,$0,$782,$870,$57,$17,$6,$23,$-7,$-3,$4,$0,$-8,$72,$-29,$0,$0,$0,$16,$16,$0,$-12,$0,$0,$0,$-46,$-46,$-30,$0,$-76,$-16,$5,$-30
42,2008-03-31,6.72,$2.74,2.45,$2.34,2.87,$0.85,7.95,$0.43,15.62,$0.54B,$0.09B,6.12,$0.00B,$0.78B,0.0,$0.68B,$0.24B,34.96%,$0.68B,$0.15B,21.63%,$0.68B,$0.15B,21.63%,$0.68B,$0.18B,26.37%,$0.68B,$0.18B,26.81%,$0.68B,$0.12B,18.22%,$0.12B,$0.78B,15.66%,$0.12B,$0.77B,15.83%,$0.12B,$0.89B,13.95%,$0.15B,$0.78B,18.59%,$178,$115,$63,$13,$10,$138,$40,$5,$45,$15,$30,$30,$30,$49,$40,$287,287,$0.11,$0.11,$400,$47,$0,$536,$211,$131,$9,$0,$351,$887,$88,$0,$0,$17,$105,$9,$515,$0,$783,$887,$30,$9,$2,$11,$-6,$1,$4,$-0,$15,$56,$-14,$0,$0,$0,$17,$17,$0,$3,$0,$0,$0,$-31,$-31,$-15,$0,$-47,$12,$3,$-15
43,2007-12-31,6.92,$2.79,2.48,$2.27,3.04,$0.84,8.28,$0.43,16.08,$0.53B,$0.07B,7.73,$0.00B,$0.81B,0.0,$0.65B,$0.23B,34.86%,$0.65B,$0.14B,21.41%,$0.65B,$0.14B,21.41%,$0.65B,$0.17B,26.15%,$0.65B,$0.18B,27.37%,$0.65B,$0.12B,18.65%,$0.12B,$0.81B,15.84%,$0.12B,$0.80B,16.01%,$0.12B,$0.90B,14.09%,$0.14B,$0.81B,18.18%,$171,$112,$58,$13,$9,$137,$34,$14,$47,$16,$32,$32,$32,$42,$34,$286,288,$0.11,$0.11,$398,$48,$0,$528,$206,$155,$9,$0,$370,$898,$68,$0,$0,$23,$91,$9,$530,$20,$807,$898,$122,$32,$-6,$26,$-6,$1,$7,$-4,$1,$149,$-54,$0,$0,$0,$1,$1,$-0,$-54,$0,$0,$0,$33,$33,$-56,$0,$-23,$72,$9,$-56
44,2007-09-30,8.3,$2.74,3.03,$2.19,3.8,$0.79,10.52,$0.43,19.31,$0.52B,$0.07B,7.39,$0.00B,$0.79B,0.0,$0.63B,$0.22B,35.07%,$0.63B,$0.14B,21.96%,$0.63B,$0.14B,21.96%,$0.63B,$0.17B,26.70%,$0.63B,$0.18B,27.96%,$0.63B,$0.12B,19.12%,$0.12B,$0.79B,16.26%,$0.12B,$0.78B,16.43%,$0.12B,$0.89B,14.44%,$0.14B,$0.79B,18.68%,$163,$106,$57,$13,$9,$128,$35,$9,$44,$14,$30,$30,$30,$43,$35,$287,290,$0.11,$0.11,$381,$47,$0,$520,$198,$162,$9,$0,$368,$888,$70,$0,$0,$27,$97,$9,$514,$0,$791,$888,$90,$24,$-6,$18,$-17,$1,$11,$-3,$-7,$101,$-38,$0,$0,$0,$14,$14,$-1,$-25,$0,$0,$0,$29,$29,$-41,$0,$-12,$65,$7,$-41
45,2007-06-30,7.59,$2.65,2.87,$2.11,3.6,$0.77,9.86,$0.41,18.51,$0.50B,$0.07B,7.6,$0.00B,$0.76B,0.0,$0.61B,$0.21B,34.86%,$0.61B,$0.13B,21.93%,$0.61B,$0.13B,21.93%,$0.61B,$0.16B,26.68%,$0.61B,$0.17B,27.66%,$0.61B,$0.12B,18.82%,$0.12B,$0.76B,15.98%,$0.12B,$0.75B,16.15%,$0.12B,$0.85B,14.15%,$0.13B,$0.76B,18.62%,$163,$106,$58,$12,$9,$127,$37,$8,$45,$14,$31,$31,$31,$44,$37,$285,287,$0.11,$0.11,$365,$42,$0,$496,$192,$157,$8,$0,$357,$853,$65,$0,$0,$26,$91,$9,$499,$0,$761,$853,$60,$16,$-4,$12,$-16,$7,$6,$-3,$-4,$68,$-24,$0,$0,$0,$7,$7,$-0,$-17,$0,$0,$0,$17,$17,$-27,$0,$-10,$42,$4,$-27
46,2007-03-31,6.23,$2.53,2.46,$2.01,3.09,$0.75,8.29,$0.39,15.97,$0.48B,$0.08B,6.11,$0.00B,$0.72B,0.0,$0.59B,$0.21B,34.92%,$0.59B,$0.13B,22.03%,$0.59B,$0.13B,22.03%,$0.59B,$0.16B,26.95%,$0.59B,$0.16B,27.80%,$0.59B,$0.11B,18.81%,$0.11B,$0.72B,15.59%,$0.11B,$0.71B,15.76%,$0.11B,$0.83B,13.78%,$0.13B,$0.72B,18.26%,$157,$103,$55,$12,$8,$123,$34,$10,$43,$14,$29,$29,$29,$42,$34,$284,285,$0.11,$0.11,$355,$44,$0,$484,$184,$149,$8,$0,$341,$825,$79,$0,$0,$24,$103,$9,$482,$0,$722,$825,$29,$8,$-3,$5,$-13,$4,$4,$-1,$12,$46,$-8,$0,$0,$0,$10,$10,$-0,$2,$0,$0,$0,$2,$2,$-14,$0,$-12,$37,$2,$-14
47,2006-12-31,5.93,$2.47,2.4,$1.91,3.11,$0.70,8.49,$0.37,16.02,$0.45B,$0.06B,7.79,$0.00B,$0.70B,0.0,$0.57B,$0.20B,34.79%,$0.57B,$0.13B,22.03%,$0.57B,$0.13B,22.03%,$0.57B,$0.15B,26.92%,$0.57B,$0.16B,27.80%,$0.57B,$0.11B,18.88%,$0.11B,$0.70B,14.67%,$0.11B,$0.70B,14.82%,$0.11B,$0.79B,13.05%,$0.13B,$0.70B,17.12%,$150,$97,$52,$11,$8,$116,$33,$12,$45,$14,$31,$31,$31,$40,$33,$296,297,$0.11,$0.11,$328,$49,$0,$447,$184,$146,$8,$0,$338,$785,$57,$0,$0,$25,$82,$9,$472,$23,$703,$785,$109,$28,$0,$28,$3,$-9,$0,$1,$-5,$131,$-48,$0,$0,$0,$-16,$-16,$0,$-63,$0,$0,$0,$-208,$-208,$-55,$0,$-262,$-194,$8,$-55
