,Date,Stock Price,Book Value per Share,Price to Book Ratio,TTM Sales per Share,Price to Sales Ratio,TTM FCF per Share,Price to FCF Ratio,TTM Net EPS,PE Ratio,Current Assets,Current Liabilities,Current Ratio,Long Term Debt,Shareholder's Equity_x,Debt to Equity Ratio,TTM Revenue_x,TTM Gross Profit,Gross Margin,TTM Revenue_y,TTM Operating Income,Operating Margin,TTM Revenue_x,TTM EBIT,EBIT Margin,TTM Revenue_y,TTM EBITDA,EBITDA Margin,TTM Revenue_x,TTM Pre-Tax Income,Pre-Tax Margin,TTM Revenue_y,TTM Net Income_x,Net Margin,TTM Net Income_y,Shareholder's Equity_y,Return on Equity,TTM Net Income_x,Tangible Equity,Return on Tangible Equity,TTM Net Income_y,Total Assets,Return on Assets,TTM Net Income,LT Investments & Debt,Return on Investment,revenue,cost-goods-sold,gross-profit,research-development-expenses,selling-general-administrative-expenses,operating-expenses,operating-income,total-non-operating-income-expense,pre-tax-income,total-provision-income-taxes,income-after-taxes,income-from-continuous-operations,net-income,ebitda,ebit,basic-shares-outstanding,shares-outstanding,eps-basic-net-earnings-per-share,eps-earnings-per-share-diluted,cash-on-hand,inventory,other-current-assets,total-current-assets,net-property-plant-equipment,long-term-investments,goodwill-intangible-assets-total,other-long-term-assets,total-long-term-assets,total-assets,total-current-liabilities,long-term-debt,other-non-current-liabilities,total-long-term-liabilities,total-liabilities,common-stock-net,retained-earnings-accumulated-deficit,comprehensive-income,total-share-holder-equity,total-liabilities-share-holders-equity,net-income-loss,total-depreciation-amortization-cash-flow,other-non-cash-items,total-non-cash-items,change-in-accounts-receivable,change-in-inventories,change-in-accounts-payable,change-in-assets-liabilities,total-change-in-assets-liabilities,cash-flow-from-operating-activities,net-change-in-property-plant-equipment,net-change-in-intangible-assets,net-acquisitions-divestitures,net-change-in-short-term-investments,net-change-in-long-term-investments,net-change-in-investments-total,investing-activities-other,cash-flow-from-investing-activities,net-long-term-debt,net-current-debt,debt-issuance-retirement-net-total,net-common-equity-issued-repurchased,net-total-equity-issued-repurchased,total-common-preferred-stock-dividends-paid,financial-activities-other,cash-flow-from-financial-activities,net-cash-flow,stock-based-compensation,common-stock-dividends-paid
0,2018-09-30,4.17,$29.18,0.14,$16.12,0.26,$8.36,0.5,$1.59,2.62,$19.86B,$74.52B,0.27,$4.05B,$14.62B,0.28,$8.10B,$2.27B,28.04%,$8.10B,$0.87B,10.75%,$8.10B,$0.87B,10.75%,$8.10B,$1.16B,14.28%,$8.10B,$0.57B,7.05%,$8.10B,$0.80B,9.89%,$0.80B,$14.62B,5.38%,$0.80B,$14.27B,5.50%,$0.80B,$102.12B,0.77%,$0.87B,$18.67B,4.55%,$2143,$1472,$671,$0,$83,$1798,$345,$-72,$273,$63,$210,$210,$146,$398,$345,$501,503,$0.29,$0.29,$2505,$0,$0,$19856,$0,$70712,$355,$7212,$82265,$102121,$74523,$4051,$8905,$12977,$87500,$1,$1447,$2067,$14621,$102121,$624,$207,$-782,$-575,$0,$0,$-131,$1103,$924,$973,$0,$0,$0,$0,$14,$14,$55,$69,$-177,$0,$-177,$-89,$-89,$-83,$-1001,$-1350,$-370,$25,$-83
1,2018-06-30,4.5,$29.42,0.15,$16.28,0.28,$10.28,0.44,$1.51,2.98,$19.63B,$74.61B,0.26,$4.05B,$14.74B,0.28,$8.18B,$2.31B,28.23%,$8.18B,$0.89B,10.83%,$8.18B,$0.89B,10.83%,$8.18B,$1.17B,14.31%,$8.18B,$0.58B,7.14%,$8.18B,$0.76B,9.32%,$0.76B,$14.74B,5.08%,$0.76B,$14.39B,5.19%,$0.76B,$102.48B,0.73%,$0.89B,$18.79B,4.59%,$2159,$1357,$802,$0,$112,$1722,$437,$-77,$360,$111,$249,$249,$190,$512,$437,$501,503,$0.38,$0.38,$2243,$0,$0,$19628,$0,$71484,$354,$7324,$82849,$102477,$74613,$4047,$9053,$13123,$87736,$1,$1301,$2327,$14741,$102477,$414,$154,$-450,$-296,$0,$0,$-89,$569,$443,$561,$0,$0,$0,$0,$-229,$-229,$31,$-198,$-168,$0,$-168,$-49,$-49,$-50,$-676,$-943,$-632,$16,$-50
2,2018-03-31,2.83,$29.66,0.1,$16.42,0.17,$11.77,0.24,$1.53,1.85,$20.33B,$75.15B,0.27,$4.65B,$14.86B,0.31,$8.24B,$2.36B,28.64%,$8.24B,$0.92B,11.20%,$8.24B,$0.92B,11.20%,$8.24B,$1.23B,14.92%,$8.24B,$0.63B,7.59%,$8.24B,$0.77B,9.39%,$0.77B,$14.86B,5.14%,$0.77B,$14.52B,5.25%,$0.77B,$103.77B,0.74%,$0.92B,$19.52B,4.76%,$2115,$1467,$648,$0,$104,$1811,$304,$-76,$228,$63,$165,$165,$112,$383,$304,$500,503,$0.22,$0.22,$2843,$0,$0,$20325,$0,$72475,$339,$7333,$83448,$103773,$75145,$4654,$9085,$13766,$88911,$1,$1111,$2627,$14862,$103773,$165,$79,$-132,$-53,$0,$-152,$-45,$233,$-3,$109,$0,$0,$0,$0,$-177,$-177,$10,$-167,$433,$0,$433,$-36,$-36,$-36,$-314,$47,$-32,$7,$-36
3,2017-12-31,3.11,$30.72,0.1,$16.55,0.19,$12.86,0.24,$1.62,1.92,$20.44B,$76.23B,0.27,$4.22B,$15.33B,0.28,$8.30B,$2.47B,29.78%,$8.30B,$1.01B,12.21%,$8.30B,$1.01B,12.21%,$8.30B,$1.30B,15.68%,$8.30B,$0.73B,8.79%,$8.30B,$0.82B,9.85%,$0.82B,$15.33B,5.44%,$0.82B,$15.03B,5.56%,$0.82B,$105.30B,0.78%,$1.01B,$19.55B,5.26%,$1686,$1535,$151,$0,$119,$1901,$-215,$-75,$-290,$-555,$265,$265,$353,$-136,$-215,$499,501,$0.72,$0.71,$2875,$0,$0,$20444,$0,$74036,$301,$7683,$84853,$105297,$76228,$4224,$9490,$13741,$89969,$1,$1113,$3027,$15328,$105297,$927,$288,$-680,$-392,$0,$0,$30,$1993,$2019,$2554,$0,$0,$-5,$0,$-824,$-824,$70,$-759,$-34,$0,$-34,$-33,$-33,$-107,$-1594,$-1768,$91,$42,$-107
4,2017-09-30,3.85,$30.23,0.13,$17.60,0.22,$11.49,0.34,$0.67,5.75,$20.39B,$75.45B,0.27,$4.22B,$15.09B,0.28,$8.81B,$2.81B,31.95%,$8.81B,$1.25B,14.16%,$8.81B,$1.25B,14.16%,$8.81B,$1.62B,18.43%,$8.81B,$0.96B,10.93%,$8.81B,$0.34B,3.88%,$0.34B,$15.09B,2.31%,$0.34B,$14.77B,2.36%,$0.34B,$104.63B,0.33%,$1.25B,$19.31B,6.56%,$2215,$1508,$707,$0,$83,$1856,$359,$-73,$286,$102,$184,$184,$107,$411,$359,$499,502,$0.21,$0.21,$2836,$0,$0,$20389,$0,$73743,$315,$7816,$84240,$104629,$75449,$4224,$9635,$14093,$89542,$1,$760,$3035,$15087,$104629,$662,$209,$167,$376,$0,$0,$-21,$942,$894,$1932,$0,$0,$-5,$0,$-719,$-719,$46,$-678,$-16,$0,$-16,$-31,$-31,$-92,$-1131,$-1270,$52,$29,$-92
5,2017-06-30,3.77,$30.05,0.13,$17.49,0.22,$11.24,0.34,$-0.30,0.0,$20.46B,$75.38B,0.27,$4.21B,$15.00B,0.28,$8.74B,$2.42B,27.71%,$8.74B,$0.84B,9.61%,$8.74B,$0.84B,9.61%,$8.74B,$1.21B,13.88%,$8.74B,$0.55B,6.31%,$8.74B,$-0.15B,-1.66%,$-0.15B,$15.00B,-0.95%,$-0.15B,$14.66B,-0.97%,$-0.15B,$105.02B,-0.14%,$0.84B,$19.20B,4.32%,$2223,$1369,$854,$0,$139,$1748,$475,$-74,$401,$130,$271,$271,$202,$571,$475,$499,501,$0.40,$0.40,$2853,$0,$0,$20462,$0,$73835,$334,$7984,$84554,$105016,$75382,$4205,$10271,$14638,$90020,$1,$653,$3095,$14996,$105016,$487,$157,$71,$228,$0,$0,$-23,$648,$593,$1308,$0,$0,$-5,$0,$-550,$-550,$32,$-523,$-12,$0,$-12,$0,$0,$-52,$-691,$-755,$69,$18,$-52
6,2017-03-31,4.12,$29.49,0.14,$17.53,0.24,$10.76,0.38,$-0.36,0.0,$20.70B,$75.34B,0.28,$4.19B,$14.72B,0.29,$8.76B,$2.44B,27.85%,$8.76B,$0.80B,9.09%,$8.76B,$0.80B,9.09%,$8.76B,$1.16B,13.20%,$8.76B,$0.50B,5.73%,$8.76B,$-0.18B,-2.00%,$-0.18B,$14.72B,-1.11%,$-0.18B,$14.34B,-1.13%,$-0.18B,$104.69B,-0.16%,$0.80B,$18.91B,3.99%,$2171,$1413,$758,$0,$94,$1777,$394,$-62,$332,$116,$216,$216,$155,$455,$394,$499,501,$0.31,$0.31,$3018,$0,$0,$20699,$0,$72369,$381,$8030,$83987,$104686,$75339,$4194,$10362,$14631,$89970,$1,$451,$3096,$14716,$104686,$216,$61,$-136,$-75,$0,$365,$-79,$265,$514,$655,$0,$0,$0,$0,$-148,$-148,$6,$-142,$-7,$0,$-7,$0,$0,$-39,$-258,$-304,$234,$10,$-39
7,2016-12-31,3.81,$29.05,0.13,$16.77,0.23,$9.97,0.38,$-0.56,0.0,$20.54B,$75.36B,0.27,$4.18B,$14.47B,0.29,$8.37B,$2.43B,29.01%,$8.37B,$0.66B,7.85%,$8.37B,$0.66B,7.85%,$8.37B,$1.02B,12.15%,$8.37B,$0.32B,3.82%,$8.37B,$-0.28B,-3.31%,$-0.28B,$14.47B,-1.73%,$-0.28B,$14.12B,-1.76%,$-0.28B,$104.66B,-0.26%,$0.66B,$18.65B,3.24%,$2198,$1703,$495,$0,$193,$2179,$19,$-75,$-56,$3,$-59,$-59,$-122,$186,$19,$498,498,$-0.26,$-0.25,$2784,$0,$0,$20539,$0,$72228,$348,$7972,$84119,$104658,$75359,$4180,$10599,$14832,$90191,$1,$287,$3094,$14467,$104658,$-67,$360,$-115,$245,$0,$0,$-358,$2000,$1674,$1852,$0,$0,$39,$0,$-2114,$-2114,$-45,$-2120,$-2024,$0,$-2024,$-70,$-70,$-138,$-699,$-2931,$-3209,$32,$-138
8,2016-09-30,4.96,$33.63,0.15,$16.69,0.3,$9.45,0.52,$-0.90,0.0,$20.62B,$75.61B,0.27,$4.19B,$16.75B,0.25,$8.33B,$2.47B,29.71%,$8.33B,$0.54B,6.47%,$8.33B,$0.54B,6.47%,$8.33B,$0.91B,10.96%,$8.33B,$0.17B,2.08%,$8.33B,$-0.45B,-5.37%,$-0.45B,$16.75B,-2.78%,$-0.45B,$16.49B,-2.83%,$-0.45B,$108.85B,-0.42%,$0.54B,$20.94B,2.64%,$2150,$1835,$315,$0,$94,$2198,$-48,$-77,$-125,$222,$-347,$-347,$-380,$1,$-48,$498,498,$-0.76,$-0.76,$3078,$0,$0,$20620,$0,$75937,$258,$8055,$88232,$108852,$75605,$4194,$11153,$16498,$92103,$1,$409,$5202,$16749,$108852,$-4,$193,$227,$420,$0,$0,$-258,$1596,$1382,$1798,$0,$0,$39,$0,$-2036,$-2036,$-53,$-2050,$-2019,$0,$-2019,$-70,$-70,$-126,$-484,$-2699,$-2915,$25,$-126
9,2016-06-30,2.58,$34.15,0.08,$16.60,0.16,$8.17,0.32,$-0.71,0.0,$21.02B,$75.04B,0.28,$4.19B,$17.01B,0.25,$8.28B,$2.79B,33.71%,$8.28B,$0.34B,4.12%,$8.28B,$0.34B,4.12%,$8.28B,$1.20B,14.47%,$8.28B,$-0.05B,-0.64%,$8.28B,$-0.35B,-4.24%,$-0.35B,$17.01B,-2.23%,$-0.35B,$16.74B,-2.27%,$-0.35B,$108.21B,-0.33%,$0.34B,$21.20B,1.69%,$2236,$1366,$870,$0,$112,$1805,$431,$-80,$351,$110,$241,$241,$172,$514,$431,$499,500,$0.35,$0.34,$3457,$0,$0,$21021,$0,$74748,$267,$8124,$87185,$108206,$75037,$4191,$11076,$16160,$91197,$1,$789,$5088,$17009,$108206,$328,$144,$291,$435,$0,$0,$-186,$433,$303,$1066,$0,$0,$39,$0,$-1253,$-1253,$-70,$-1284,$-2012,$0,$-2012,$-70,$-70,$-64,$-202,$-2348,$-2536,$16,$-64
10,2016-03-31,2.73,$32.07,0.09,$16.45,0.17,$7.06,0.39,$-1.44,0.0,$21.63B,$74.69B,0.29,$4.23B,$15.97B,0.27,$8.20B,$2.66B,32.50%,$8.20B,$0.26B,3.15%,$8.20B,$0.26B,3.15%,$8.20B,$1.11B,13.48%,$8.20B,$-0.16B,-1.94%,$8.20B,$-0.72B,-8.73%,$-0.72B,$15.97B,-4.64%,$-0.72B,$15.68B,-4.73%,$-0.72B,$107.17B,-0.66%,$0.26B,$20.21B,1.29%,$1785,$1037,$748,$0,$99,$1530,$255,$-105,$150,$23,$127,$127,$53,$316,$255,$498,499,$0.11,$0.11,$4043,$0,$0,$21630,$0,$72685,$291,$8332,$85543,$107173,$74685,$4232,$11834,$16515,$91200,$1,$617,$4185,$15973,$107173,$108,$61,$-209,$-148,$0,$21,$-159,$442,$296,$256,$0,$0,$0,$0,$-271,$-271,$16,$-255,$-1956,$0,$-1956,$0,$0,$-52,$67,$-1941,$-1909,$7,$-52
11,2015-12-31,3.73,$29.39,0.13,$17.16,0.22,$7.80,0.48,$-1.24,0.0,$23.21B,$74.09B,0.31,$4.57B,$14.64B,0.31,$8.55B,$2.68B,31.34%,$8.55B,$0.40B,4.73%,$8.55B,$0.40B,4.73%,$8.55B,$1.26B,14.79%,$8.55B,$-0.02B,-0.18%,$8.55B,$-0.62B,-7.19%,$-0.62B,$14.64B,-3.91%,$-0.62B,$14.28B,-3.99%,$-0.62B,$106.43B,-0.56%,$0.40B,$19.21B,1.99%,$2156,$1615,$541,$0,$207,$2255,$-99,$-104,$-203,$-36,$-167,$-167,$-292,$82,$-99,$497,497,$-0.59,$-0.59,$5965,$0,$0,$23210,$0,$69781,$357,$8530,$83221,$106431,$74087,$4570,$13113,$17707,$91794,$1,$564,$3010,$14637,$106431,$-413,$860,$-877,$-17,$0,$0,$-106,$2140,$2019,$1591,$0,$0,$273,$0,$-717,$-717,$40,$-404,$-67,$0,$-67,$-68,$-68,$-157,$250,$-42,$1075,$16,$-157
12,2015-09-30,4.62,$31.02,0.15,$16.90,0.27,$9.51,0.49,$-2.18,0.0,$20.94B,$73.88B,0.28,$4.60B,$15.42B,0.3,$8.42B,$1.89B,22.41%,$8.42B,$-0.34B,-4.04%,$8.42B,$-0.34B,-4.04%,$8.42B,$0.75B,8.94%,$8.42B,$-0.75B,-8.85%,$8.42B,$-1.08B,-12.87%,$-1.08B,$15.42B,-6.66%,$-1.08B,$15.12B,-6.78%,$-1.08B,$108.22B,-0.98%,$-0.34B,$20.02B,-1.63%,$2100,$1469,$631,$0,$563,$2346,$-246,$-105,$-351,$-134,$-217,$-217,$-284,$286,$-246,$497,497,$-0.57,$-0.57,$3666,$0,$0,$20942,$0,$72869,$298,$8470,$87280,$108222,$73877,$4601,$13273,$18929,$92806,$1,$856,$3478,$15416,$108222,$-173,$679,$-769,$-90,$0,$0,$-133,$1622,$1418,$1158,$0,$0,$0,$0,$-2191,$-2191,$28,$-2163,$-41,$0,$-41,$-17,$-17,$-145,$184,$-19,$-1110,$14,$-145
13,2015-06-30,7.57,$31.64,0.24,$17.08,0.44,$9.48,0.8,$-3.31,0.0,$21.40B,$73.71B,0.29,$4.61B,$15.73B,0.29,$8.51B,$1.33B,15.59%,$8.51B,$-0.97B,-11.41%,$8.51B,$-0.97B,-11.41%,$8.51B,$0.23B,2.73%,$8.51B,$-1.37B,-16.16%,$8.51B,$-1.64B,-19.32%,$-1.64B,$15.73B,-9.85%,$-1.64B,$15.43B,-10.06%,$-1.64B,$109.16B,-1.48%,$-0.97B,$20.33B,-4.55%,$2157,$1413,$744,$0,$101,$1809,$348,$-103,$245,$70,$175,$175,$-193,$421,$348,$497,499,$-0.39,$-0.39,$4100,$0,$0,$21397,$0,$72023,$301,$9327,$87767,$109164,$73706,$4607,$14004,$19731,$93437,$1,$1140,$3309,$15727,$109164,$65,$147,$-309,$-162,$0,$0,$-51,$769,$627,$511,$0,$0,$0,$0,$-1298,$-1298,$37,$-1261,$-49,$0,$-49,$-17,$-17,$-66,$259,$127,$-664,$8,$-66
14,2015-03-31,7.31,$34.37,0.21,$17.12,0.43,$9.61,0.76,$-2.57,0.0,$22.50B,$74.40B,0.3,$4.60B,$17.08B,0.27,$8.54B,$1.39B,16.30%,$8.54B,$-0.90B,-10.51%,$8.54B,$-0.90B,-10.51%,$8.54B,$0.26B,3.06%,$8.54B,$-1.31B,-15.35%,$8.54B,$-1.27B,-14.91%,$-1.27B,$17.08B,-7.36%,$-1.27B,$16.84B,-7.61%,$-1.27B,$112.33B,-1.14%,$-0.90B,$21.68B,-4.09%,$2135,$1372,$763,$0,$95,$1734,$401,$-107,$294,$91,$203,$203,$154,$475,$401,$497,499,$0.31,$0.31,$5158,$0,$0,$22497,$0,$74960,$242,$9714,$89834,$112331,$74395,$4601,$15151,$20855,$95250,$1,$1333,$4692,$17081,$112331,$204,$74,$-245,$-171,$0,$18,$-25,$645,$629,$624,$0,$0,$0,$0,$-331,$-331,$-35,$-366,$-24,$0,$-24,$0,$0,$-54,$113,$35,$240,$-3,$-54
15,2014-12-31,8.5,$33.80,0.25,$17.46,0.49,$8.48,1.0,$-2.51,0.0,$21.94B,$73.53B,0.3,$4.61B,$16.80B,0.28,$8.73B,$1.57B,18.03%,$8.73B,$-0.87B,-9.92%,$8.73B,$-0.87B,-9.92%,$8.73B,$0.33B,3.72%,$8.73B,$-1.30B,-14.88%,$8.73B,$-1.24B,-14.25%,$-1.24B,$16.80B,-7.22%,$-1.24B,$16.53B,-7.57%,$-1.24B,$111.32B,-1.12%,$-0.87B,$21.41B,-3.93%,$2023,$2275,$-252,$0,$98,$2866,$-843,$-90,$-933,$-78,$-855,$-855,$-760,$-430,$-843,$496,496,$-1.53,$-1.53,$4645,$0,$0,$21936,$0,$72433,$265,$11830,$89380,$111316,$73532,$4612,$15517,$20987,$94519,$1,$1179,$4446,$16797,$111316,$-1048,$1191,$-1402,$-211,$0,$0,$-163,$4014,$3655,$2438,$0,$0,$0,$0,$-1841,$-1841,$5,$-1836,$-551,$0,$-551,$-28,$-28,$-75,$859,$205,$704,$28,$-75
16,2014-09-30,13.1,$34.45,0.38,$16.66,0.79,$6.37,2.06,$-0.57,0.0,$20.85B,$72.60B,0.29,$4.66B,$17.12B,0.27,$8.34B,$2.18B,26.09%,$8.34B,$0.31B,3.76%,$8.34B,$0.31B,3.76%,$8.34B,$1.07B,12.87%,$8.34B,$-0.11B,-1.29%,$8.34B,$-0.28B,-3.31%,$-0.28B,$17.12B,-1.63%,$-0.28B,$16.51B,-1.74%,$-0.28B,$110.51B,-0.25%,$0.31B,$21.78B,1.44%,$2190,$2119,$71,$0,$113,$3066,$-876,$-104,$-980,$-187,$-793,$-793,$-844,$-234,$-876,$497,497,$-1.70,$-1.70,$3477,$0,$0,$20851,$0,$73832,$616,$10130,$89663,$110514,$72596,$4662,$15260,$20797,$93393,$1,$1939,$3934,$17121,$110514,$-340,$778,$-929,$-151,$0,$0,$-175,$1991,$1631,$1140,$0,$0,$-48,$0,$-1990,$-1990,$35,$-2003,$-529,$0,$-529,$0,$0,$-46,$724,$149,$-737,$19,$-46
17,2014-06-30,17.4,$36.75,0.47,$16.89,1.03,$6.26,2.78,$1.35,12.89,$21.41B,$71.75B,0.3,$4.69B,$18.26B,0.26,$8.47B,$3.07B,36.25%,$8.47B,$1.57B,18.48%,$8.47B,$1.57B,18.48%,$8.47B,$1.84B,21.73%,$8.47B,$1.12B,13.26%,$8.47B,$0.68B,7.98%,$0.68B,$18.26B,4.07%,$0.68B,$17.13B,4.39%,$0.68B,$111.64B,0.62%,$1.57B,$22.96B,7.26%,$2194,$1384,$810,$0,$108,$1774,$420,$-112,$308,$84,$224,$224,$176,$450,$420,$497,504,$0.35,$0.35,$4138,$0,$0,$21414,$0,$73406,$1133,$10606,$90230,$111644,$71745,$4691,$15870,$21635,$93380,$1,$2783,$4161,$18264,$111644,$447,$136,$-451,$-315,$0,$0,$-65,$693,$446,$578,$0,$0,$-8,$0,$-951,$-951,$21,$-938,$-508,$0,$-508,$0,$0,$-27,$765,$230,$-76,$14,$-27
18,2014-03-31,17.73,$33.74,0.53,$17.30,1.02,$6.41,2.76,$1.28,13.85,$21.59B,$71.19B,0.3,$5.15B,$16.73B,0.31,$8.64B,$3.18B,36.75%,$8.64B,$1.51B,17.50%,$8.64B,$1.51B,17.50%,$8.64B,$1.86B,21.52%,$8.64B,$1.06B,12.29%,$8.64B,$0.64B,7.42%,$0.64B,$16.73B,4.00%,$0.64B,$15.54B,4.34%,$0.64B,$109.77B,0.59%,$1.51B,$21.88B,7.21%,$2322,$1377,$945,$0,$134,$1889,$433,$-127,$306,$87,$219,$219,$184,$539,$433,$496,503,$0.37,$0.37,$4360,$0,$0,$21594,$0,$71177,$1193,$10624,$88171,$109765,$71188,$5150,$15979,$21843,$93031,$1,$2607,$3483,$16734,$109765,$219,$106,$-238,$-132,$0,$0,$-109,$265,$-26,$61,$0,$0,$0,$0,$-211,$-211,$7,$-204,$-15,$0,$-15,$0,$0,$-13,$297,$269,$146,$8,$-13
19,2013-12-31,15.53,$31.56,0.49,$17.32,0.9,$6.41,2.42,$1.12,13.87,$21.43B,$70.54B,0.3,$5.16B,$15.62B,0.33,$8.63B,$3.15B,36.52%,$8.63B,$1.44B,16.73%,$8.63B,$1.44B,16.73%,$8.63B,$1.80B,20.88%,$8.63B,$0.99B,11.51%,$8.63B,$0.56B,6.49%,$0.56B,$15.62B,3.45%,$0.56B,$14.35B,3.74%,$0.56B,$108.05B,0.51%,$1.44B,$20.78B,6.85%,$1634,$1284,$350,$0,$22,$1297,$337,$-79,$258,$59,$199,$199,$208,$318,$337,$494,499,$0.41,$0.41,$4214,$0,$0,$21433,$0,$69291,$1266,$10777,$86612,$108045,$70544,$5161,$16514,$21881,$92425,$1,$2423,$2542,$15620,$108045,$714,$358,$-1265,$-907,$0,$0,$-53,$1283,$1571,$1399,$0,$0,$365,$0,$-1332,$-1332,$387,$-580,$292,$0,$292,$-43,$-43,$-52,$-346,$-149,$561,$39,$-52
20,2013-09-30,12.8,$32.07,0.4,$19.03,0.67,$5.55,2.3,$1.05,12.19,$20.78B,$70.31B,0.3,$4.78B,$15.85B,0.3,$9.46B,$3.67B,38.83%,$9.46B,$1.56B,16.53%,$9.46B,$1.56B,16.53%,$9.46B,$2.06B,21.73%,$9.46B,$1.07B,11.29%,$9.46B,$0.52B,5.50%,$0.52B,$15.85B,3.10%,$0.52B,$14.57B,3.35%,$0.52B,$108.13B,0.47%,$1.56B,$20.63B,7.26%,$2317,$1353,$964,$0,$182,$1942,$375,$-124,$251,$105,$146,$146,$108,$533,$375,$494,499,$0.22,$0.22,$3554,$0,$0,$20778,$0,$70204,$1271,$10625,$87356,$108134,$70309,$4780,$16907,$21980,$92289,$1,$2215,$2939,$15845,$108134,$469,$377,$-909,$-532,$0,$0,$-66,$980,$1156,$1093,$0,$0,$340,$0,$-671,$-671,$44,$-287,$-39,$0,$-39,$-43,$-43,$-39,$-690,$-811,$-99,$27,$-39
21,2013-06-30,11.41,$32.19,0.35,$19.36,0.59,$4.23,2.7,$0.90,12.68,$20.85B,$69.70B,0.3,$4.72B,$15.90B,0.3,$9.60B,$3.61B,37.61%,$9.60B,$1.40B,14.55%,$9.60B,$1.40B,14.55%,$9.60B,$1.97B,20.52%,$9.60B,$0.90B,9.37%,$9.60B,$0.45B,4.66%,$0.45B,$15.90B,2.60%,$0.45B,$14.60B,2.82%,$0.45B,$107.58B,0.40%,$1.40B,$20.62B,6.35%,$2371,$1453,$918,$0,$137,$2003,$368,$-121,$247,$73,$174,$174,$141,$470,$368,$493,498,$0.29,$0.28,$3613,$0,$0,$20849,$0,$69237,$1300,$10510,$86727,$107576,$69696,$4720,$16806,$21978,$91674,$1,$2107,$3142,$15902,$107576,$321,$219,$-720,$-501,$0,$0,$21,$545,$826,$646,$0,$0,$25,$0,$663,$663,$30,$718,$-59,$0,$-59,$-21,$-21,$-26,$-1156,$-1262,$-16,$17,$-26
22,2013-03-31,10.0,$35.52,0.28,$19.46,0.51,$3.38,2.96,$0.78,12.82,$21.01B,$71.02B,0.3,$4.77B,$17.51B,0.27,$9.63B,$3.52B,36.53%,$9.63B,$1.27B,13.17%,$9.63B,$1.27B,13.17%,$9.63B,$1.86B,19.28%,$9.63B,$0.76B,7.90%,$9.63B,$0.38B,3.97%,$0.38B,$17.51B,2.19%,$0.38B,$16.30B,2.38%,$0.38B,$112.08B,0.34%,$1.27B,$22.28B,5.69%,$2303,$1385,$918,$0,$122,$1940,$363,$-126,$237,$76,$161,$161,$103,$480,$363,$493,497,$0.21,$0.21,$3797,$0,$0,$21008,$0,$73518,$1214,$10846,$91067,$112075,$71023,$4766,$17559,$23543,$94566,$1,$1966,$4824,$17509,$112075,$141,$117,$-425,$-308,$0,$0,$-42,$67,$227,$60,$0,$0,$0,$0,$436,$436,$17,$453,$-21,$0,$-21,$0,$0,$-13,$-265,$-299,$166,$9,$-13
23,2012-12-31,7.51,$36.14,0.21,$19.50,0.39,$2.75,2.73,$0.66,11.38,$20.86B,$71.61B,0.29,$4.78B,$17.78B,0.27,$9.64B,$3.49B,36.17%,$9.64B,$1.08B,11.22%,$9.64B,$1.08B,11.22%,$9.64B,$1.81B,18.72%,$9.64B,$0.61B,6.29%,$9.64B,$0.33B,3.37%,$0.33B,$17.78B,1.90%,$0.33B,$16.55B,2.10%,$0.33B,$113.31B,0.29%,$1.08B,$22.56B,4.92%,$2467,$1594,$873,$0,$144,$2010,$457,$-124,$333,$73,$260,$260,$168,$572,$457,$492,494,$0.34,$0.34,$3632,$0,$0,$20862,$0,$75094,$1234,$10647,$92450,$113312,$71609,$4776,$17578,$23922,$95531,$1,$1863,$5202,$17781,$113312,$525,$723,$-1148,$-425,$0,$0,$-68,$1164,$862,$962,$0,$0,$36,$0,$-796,$-796,$38,$-722,$-1089,$0,$-1089,$0,$0,$-50,$38,$-1101,$-835,$26,$-50
24,2012-09-30,5.23,$35.87,0.15,$18.92,0.28,$7.13,0.73,$0.54,9.69,$20.94B,$71.51B,0.29,$4.88B,$17.65B,0.28,$9.35B,$3.21B,34.28%,$9.35B,$0.86B,9.14%,$9.35B,$0.86B,9.14%,$9.35B,$1.61B,17.26%,$9.35B,$0.38B,4.08%,$9.35B,$0.29B,3.08%,$0.29B,$17.65B,1.73%,$0.29B,$16.03B,1.93%,$0.29B,$114.39B,0.26%,$0.86B,$22.53B,3.97%,$2456,$1556,$900,$0,$160,$2248,$208,$-126,$82,$23,$59,$59,$35,$447,$208,$492,494,$0.07,$0.07,$3741,$0,$0,$20936,$0,$75639,$1616,$11176,$93451,$114387,$71506,$4880,$18917,$25234,$96740,$1,$1741,$5223,$17647,$114387,$259,$608,$-960,$-352,$0,$0,$-153,$864,$520,$427,$0,$0,$36,$0,$-606,$-606,$40,$-530,$-715,$0,$-715,$0,$0,$-36,$88,$-663,$-747,$20,$-36
25,2012-06-30,5.66,$34.48,0.16,$19.09,0.3,$10.41,0.54,$0.53,10.68,$21.05B,$70.69B,0.3,$4.87B,$16.97B,0.29,$9.42B,$3.18B,33.73%,$9.42B,$0.78B,8.33%,$9.42B,$0.78B,8.33%,$9.42B,$1.44B,15.27%,$9.42B,$0.31B,3.32%,$9.42B,$0.24B,2.52%,$0.24B,$16.97B,1.43%,$0.24B,$15.23B,1.61%,$0.24B,$112.54B,0.21%,$0.78B,$21.83B,3.66%,$2402,$1576,$826,$0,$147,$2162,$240,$-131,$109,$27,$82,$82,$76,$357,$240,$492,494,$0.16,$0.16,$3874,$0,$0,$21051,$0,$73653,$1737,$11072,$91485,$112536,$70693,$4865,$18796,$24877,$95570,$1,$1707,$4653,$16966,$112536,$188,$369,$-545,$-176,$0,$0,$9,$396,$208,$220,$0,$0,$36,$0,$-97,$-97,$-45,$-106,$-457,$0,$-457,$0,$0,$-24,$-244,$-725,$-614,$13,$-24
26,2012-03-31,8.32,$32.35,0.26,$19.63,0.42,$11.68,0.71,$0.17,48.94,$21.38B,$70.46B,0.3,$5.10B,$15.88B,0.32,$9.67B,$3.12B,32.29%,$9.67B,$0.57B,5.93%,$9.67B,$0.57B,5.93%,$9.67B,$1.24B,12.79%,$9.67B,$0.10B,1.02%,$9.67B,$0.03B,0.26%,$0.03B,$15.88B,0.15%,$0.03B,$14.05B,0.17%,$0.03B,$110.98B,0.02%,$0.57B,$20.98B,2.72%,$2315,$1427,$888,$0,$271,$2138,$177,$-95,$82,$15,$67,$67,$46,$429,$177,$491,496,$0.09,$0.09,$4187,$0,$0,$21380,$0,$71087,$1829,$11627,$89603,$110983,$70456,$5095,$18939,$24644,$95100,$1,$1631,$3656,$15883,$110983,$79,$252,$-396,$-144,$0,$0,$-99,$-1,$-187,$-252,$0,$0,$-18,$0,$134,$134,$8,$124,$-221,$0,$-221,$0,$0,$-12,$44,$-189,$-301,$9,$-12
27,2011-12-31,6.55,$32.95,0.2,$20.16,0.32,$12.87,0.51,$0.25,26.2,$21.49B,$70.36B,0.31,$4.73B,$16.18B,0.29,$9.92B,$3.19B,32.13%,$9.92B,$0.64B,6.41%,$9.92B,$0.64B,6.41%,$9.92B,$1.18B,11.90%,$9.92B,$0.13B,1.31%,$9.92B,$0.04B,0.38%,$0.04B,$16.18B,0.24%,$0.04B,$14.35B,0.27%,$0.04B,$112.19B,0.03%,$0.64B,$20.90B,3.03%,$2179,$1587,$592,$0,$128,$1949,$230,$-121,$109,$-19,$128,$128,$131,$381,$230,$491,494,$0.27,$0.27,$4488,$0,$0,$21486,$0,$72595,$1833,$11080,$90701,$112187,$70363,$4726,$20082,$25646,$96009,$1,$1584,$4047,$16178,$112187,$177,$545,$-2,$543,$0,$0,$-174,$2434,$2405,$3125,$0,$0,$209,$0,$-285,$-285,$17,$-59,$-441,$0,$-441,$-71,$-71,$-67,$-1062,$-1641,$1356,$31,$-67
28,2011-09-30,5.74,$35.37,0.16,$20.99,0.27,$9.24,0.62,$-0.30,0.0,$20.62B,$69.81B,0.3,$4.71B,$17.37B,0.27,$10.34B,$3.14B,30.36%,$10.34B,$0.14B,1.36%,$10.34B,$0.14B,1.36%,$10.34B,$0.53B,5.10%,$10.34B,$-0.36B,-3.51%,$10.34B,$-0.34B,-3.33%,$-0.34B,$17.37B,-2.18%,$-0.34B,$15.42B,-2.50%,$-0.34B,$113.89B,-0.30%,$0.14B,$22.08B,0.68%,$2521,$1651,$870,$0,$152,$2384,$137,$-124,$13,$-7,$20,$20,$-16,$271,$137,$491,491,$-0.03,$-0.03,$3648,$0,$0,$20624,$0,$73155,$1952,$10796,$93262,$113886,$69814,$4708,$20243,$26704,$96518,$1,$2988,$3872,$17368,$113886,$13,$394,$-104,$290,$0,$0,$-152,$1873,$1729,$2032,$0,$0,$-4,$0,$98,$98,$-8,$86,$-404,$0,$-404,$-71,$-71,$-35,$-997,$-1507,$516,$23,$-35
29,2011-06-30,10.28,$31.69,0.32,$21.25,0.48,$7.08,1.45,$-0.19,0.0,$19.83B,$69.18B,0.29,$4.76B,$15.56B,0.31,$10.48B,$3.22B,30.73%,$10.48B,$0.26B,2.46%,$10.48B,$0.26B,2.46%,$10.48B,$0.72B,6.88%,$10.48B,$-0.24B,-2.25%,$10.48B,$-0.25B,-2.34%,$-0.25B,$15.56B,-1.59%,$-0.25B,$13.53B,-1.82%,$-0.25B,$112.35B,-0.22%,$0.26B,$20.31B,1.27%,$2655,$1883,$772,$0,$162,$2626,$29,$-134,$-105,$-5,$-100,$-100,$-136,$156,$29,$491,491,$-0.28,$-0.28,$2831,$0,$0,$19830,$0,$69399,$2025,$12440,$92517,$112347,$69182,$4755,$20915,$27607,$96789,$1,$2959,$2062,$15558,$112347,$-7,$260,$-656,$-396,$0,$79,$-83,$1244,$1245,$842,$0,$0,$-4,$0,$20,$20,$-22,$-6,$-309,$0,$-309,$-71,$-71,$-24,$-765,$-1169,$-301,$16,$-24
30,2011-03-31,13.46,$31.02,0.43,$20.72,0.65,$6.49,2.07,$0.09,149.56,$20.84B,$68.76B,0.3,$5.35B,$15.23B,0.35,$10.24B,$3.31B,32.32%,$10.24B,$0.41B,4.01%,$10.24B,$0.41B,4.01%,$10.24B,$0.91B,8.85%,$10.24B,$-0.06B,-0.58%,$10.24B,$-0.07B,-0.65%,$-0.07B,$15.23B,-0.44%,$-0.07B,$13.19B,-0.50%,$-0.07B,$112.94B,-0.06%,$0.41B,$20.58B,2.04%,$2568,$1614,$954,$0,$151,$2328,$240,$-127,$113,$20,$93,$93,$59,$373,$240,$490,494,$0.12,$0.12,$3742,$0,$0,$20844,$0,$68840,$2044,$12690,$92096,$112940,$68759,$5347,$21916,$28952,$97711,$1,$3055,$1620,$15229,$112940,$93,$133,$-302,$-169,$0,$0,$-117,$504,$412,$336,$0,$0,$-4,$0,$487,$487,$13,$496,$379,$-33,$346,$0,$0,$-12,$-555,$-221,$610,$7,$-12
31,2010-12-31,13.14,$30.55,0.43,$20.43,0.64,$6.07,2.16,$0.28,46.93,$20.32B,$69.17B,0.29,$4.95B,$14.97B,0.33,$10.09B,$3.25B,32.18%,$10.09B,$0.40B,4.00%,$10.09B,$0.40B,4.00%,$10.09B,$0.98B,9.66%,$10.09B,$-0.05B,-0.53%,$10.09B,$0.05B,0.52%,$0.05B,$14.97B,0.35%,$0.05B,$12.90B,0.40%,$0.05B,$112.40B,0.05%,$0.40B,$19.92B,2.09%,$2591,$2049,$542,$0,$36,$2856,$-265,$-119,$-384,$-168,$-216,$-216,$-251,$-273,$-265,$489,494,$-0.51,$-0.50,$3132,$0,$0,$20323,$0,$69170,$2070,$12476,$92072,$112395,$69169,$4952,$21682,$28255,$97424,$1,$2973,$1492,$14971,$112395,$195,$571,$-1339,$-768,$0,$0,$-33,$2115,$1909,$1336,$0,$0,$-37,$0,$-1762,$-1762,$-16,$-1815,$1131,$0,$1131,$-131,$-131,$-43,$-2469,$-1512,$-1870,$44,$-43
32,2010-09-30,12.22,$32.80,0.37,$20.64,0.59,$7.65,1.6,$0.69,17.71,$20.82B,$70.14B,0.3,$4.37B,$16.07B,0.27,$9.96B,$3.58B,35.92%,$9.96B,$0.86B,8.62%,$9.96B,$0.86B,8.62%,$9.96B,$1.60B,16.05%,$9.96B,$0.43B,4.35%,$9.96B,$0.34B,3.44%,$0.34B,$16.07B,2.35%,$0.34B,$14.10B,2.74%,$0.34B,$114.70B,0.31%,$0.86B,$20.44B,4.61%,$2667,$1714,$953,$0,$227,$2413,$254,$-114,$140,$18,$122,$122,$83,$465,$254,$490,494,$0.17,$0.17,$3598,$0,$0,$20821,$0,$71968,$1968,$12021,$93879,$114700,$70142,$4373,$21951,$28487,$98629,$1,$3133,$2484,$16071,$114700,$411,$579,$-840,$-261,$0,$0,$-31,$1170,$826,$976,$0,$0,$0,$0,$-1651,$-1651,$-37,$-1688,$602,$-86,$516,$-131,$-131,$-32,$-1118,$-765,$-1404,$31,$-32
33,2010-06-30,13.07,$30.77,0.42,$20.53,0.64,$9.78,1.34,$0.56,23.34,$21.87B,$63.24B,0.35,$4.33B,$15.05B,0.29,$9.68B,$3.34B,34.49%,$9.68B,$0.69B,7.16%,$9.68B,$0.69B,7.16%,$9.68B,$1.36B,14.07%,$9.68B,$0.29B,2.95%,$9.68B,$0.28B,2.88%,$0.28B,$15.05B,2.00%,$0.28B,$12.95B,2.37%,$0.28B,$110.35B,0.26%,$0.69B,$19.38B,3.91%,$2410,$1551,$859,$0,$179,$2229,$181,$-109,$72,$-5,$77,$77,$42,$341,$181,$489,494,$0.09,$0.08,$4586,$0,$0,$21865,$0,$67907,$2102,$11308,$88487,$110352,$63235,$4331,$20533,$32070,$95305,$1,$3221,$1331,$15047,$110352,$289,$368,$-447,$-79,$0,$0,$24,$534,$347,$557,$0,$0,$0,$0,$-2177,$-2177,$1454,$-723,$1797,$-285,$1512,$0,$0,$-21,$-1734,$-243,$-416,$23,$-21
34,2010-03-31,18.34,$28.68,0.64,$21.39,0.86,$11.81,1.55,$0.37,49.57,$20.80B,$69.68B,0.3,$3.64B,$14.03B,0.26,$9.76B,$3.21B,32.89%,$9.76B,$0.57B,5.86%,$9.76B,$0.57B,5.86%,$9.76B,$1.32B,13.50%,$9.76B,$0.16B,1.64%,$9.76B,$0.19B,1.92%,$0.19B,$14.03B,1.47%,$0.19B,$11.84B,1.80%,$0.19B,$109.09B,0.17%,$0.57B,$17.66B,3.52%,$2421,$1528,$893,$0,$184,$2187,$234,$-115,$119,$-93,$212,$212,$178,$442,$234,$489,494,$0.36,$0.36,$3466,$0,$0,$20799,$0,$66647,$2182,$12195,$88294,$109093,$69683,$3638,$21434,$25385,$95068,$1,$3179,$347,$14025,$109093,$212,$208,$-268,$-60,$0,$0,$-43,$184,$-22,$130,$0,$0,$0,$0,$-1181,$-1181,$7,$-1174,$-17,$-37,$-54,$0,$0,$-10,$-423,$-487,$-1536,$11,$-10
35,2009-12-31,11.35,$27.30,0.42,$20.48,0.55,$13.35,0.85,$-1.07,0.0,$22.33B,$70.15B,0.32,$3.64B,$13.35B,0.27,$9.07B,$2.27B,25.00%,$9.07B,$-0.40B,-4.40%,$9.07B,$-0.40B,-4.40%,$9.07B,$0.47B,5.15%,$9.07B,$-0.79B,-8.73%,$9.07B,$-0.46B,-5.07%,$-0.46B,$13.35B,-4.09%,$-0.46B,$11.09B,-5.17%,$-0.46B,$108.19B,-0.43%,$-0.40B,$16.99B,-2.67%,$2461,$1589,$872,$0,$180,$2272,$189,$-87,$102,$27,$75,$75,$40,$350,$189,$451,451,$0.13,$0.13,$5002,$0,$0,$22334,$0,$64206,$2258,$11956,$85853,$108187,$70150,$3641,$20743,$24687,$94837,$1,$3105,$-164,$13350,$108187,$-399,$866,$-621,$245,$0,$0,$-90,$2294,$2085,$1931,$0,$0,$-51,$0,$440,$440,$431,$820,$-612,$-375,$-987,$622,$622,$-10,$-4934,$-5309,$-2326,$26,$-10
36,2009-09-30,11.95,$27.49,0.43,$21.10,0.57,$21.64,0.55,$-1.89,0.0,$24.45B,$70.79B,0.35,$3.46B,$13.45B,0.26,$9.24B,$2.19B,23.74%,$9.24B,$-0.90B,-9.71%,$9.24B,$-0.90B,-9.71%,$9.24B,$0.38B,4.15%,$9.24B,$-1.33B,-14.36%,$9.24B,$-0.82B,-8.89%,$-0.82B,$13.45B,-8.09%,$-0.82B,$11.16B,-10.61%,$-0.82B,$108.83B,-0.77%,$-0.90B,$16.90B,-6.42%,$2391,$1675,$716,$0,$143,$2302,$89,$-96,$-7,$-52,$45,$45,$19,$229,$89,$449,452,$0.04,$0.04,$7144,$0,$0,$24452,$0,$62688,$2285,$11853,$84380,$108832,$70785,$3457,$20863,$24602,$95387,$1,$3065,$23,$13445,$108832,$-474,$705,$-552,$153,$0,$0,$-135,$2255,$2175,$1854,$0,$0,$-90,$0,$2050,$2050,$426,$2386,$-821,$-363,$-1184,$622,$622,$0,$-4097,$-4659,$-184,$17,$0
37,2009-06-30,6.99,$23.03,0.3,$20.81,0.34,$24.90,0.28,$-2.53,0.0,$22.79B,$72.29B,0.32,$3.48B,$9.97B,0.35,$9.01B,$1.83B,20.29%,$9.01B,$-1.36B,-15.05%,$9.01B,$-1.36B,-15.05%,$9.01B,$0.02B,0.17%,$9.01B,$-1.82B,-20.14%,$9.01B,$-1.10B,-12.18%,$-1.10B,$9.97B,-11.67%,$-1.10B,$7.57B,-15.88%,$-1.10B,$104.83B,-1.03%,$-1.36B,$13.45B,-10.05%,$2483,$1755,$728,$0,$212,$2423,$60,$-114,$-54,$-4,$-50,$-50,$-50,$296,$60,$433,433,$-0.11,$-0.11,$5374,$0,$0,$22786,$0,$60477,$2404,$10572,$82040,$104826,$72286,$3484,$18835,$22570,$94856,$1,$3046,$-1869,$9970,$104826,$-519,$565,$-216,$349,$0,$0,$30,$1312,$1539,$1369,$0,$0,$0,$0,$1236,$1236,$-601,$635,$-3711,$-330,$-4041,$0,$0,$0,$0,$-4041,$-1954,$15,$0
38,2009-03-31,1.9,$19.00,0.1,$20.62,0.09,$26.64,0.07,$-2.67,0.0,$24.46B,$73.19B,0.33,$4.13B,$8.23B,0.5,$8.93B,$1.79B,20.08%,$8.93B,$-1.49B,-16.63%,$8.93B,$-1.49B,-16.63%,$8.93B,$-0.13B,-1.48%,$8.93B,$-1.94B,-21.72%,$8.93B,$-1.16B,-12.96%,$-1.16B,$8.23B,-11.57%,$-1.16B,$5.77B,-15.51%,$-1.16B,$104.15B,-1.06%,$-1.49B,$12.36B,-10.34%,$1734,$1783,$-49,$0,$247,$2471,$-737,$-96,$-833,$-364,$-469,$-469,$-469,$-408,$-737,$433,433,$-1.08,$-1.08,$7064,$0,$0,$24462,$0,$58306,$2456,$9574,$79683,$104145,$73186,$4131,$18335,$22730,$95916,$1,$2741,$-3298,$8229,$104145,$-469,$329,$-21,$308,$0,$-56,$-70,$987,$944,$783,$0,$0,$0,$0,$1262,$1262,$-8,$1254,$-2121,$-82,$-2203,$0,$0,$0,$0,$-2203,$-264,$8,$0
39,2008-12-31,2.83,$20.61,0.14,$22.92,0.12,$27.41,0.1,$-1.32,0.0,$24.54B,$74.42B,0.33,$4.26B,$8.93B,0.48,$9.95B,$2.85B,28.64%,$9.95B,$-0.47B,-4.74%,$9.95B,$-0.47B,-4.74%,$9.95B,$0.75B,7.51%,$9.95B,$-0.94B,-9.47%,$9.95B,$-0.57B,-5.75%,$-0.57B,$8.93B,-5.14%,$-0.57B,$6.46B,-6.69%,$-0.57B,$107.39B,-0.51%,$-0.47B,$13.19B,-3.06%,$2629,$1831,$798,$0,$264,$2938,$-309,$-123,$-432,$-111,$-321,$-321,$-321,$266,$-309,$433,433,$-0.74,$-0.74,$7328,$0,$0,$24540,$0,$61348,$2463,$10215,$82849,$107389,$74424,$4261,$19530,$24039,$98463,$1,$3210,$-3062,$8926,$107389,$-572,$1219,$1004,$2223,$0,$0,$52,$3878,$3792,$5443,$0,$0,$-22,$0,$2170,$2170,$-183,$1965,$278,$973,$1251,$-76,$-76,$-175,$-3913,$-2913,$4237,$23,$-175
40,2008-09-30,8.43,$24.24,0.35,$23.05,0.37,$25.55,0.33,$-0.18,0.0,$21.87B,$79.98B,0.27,$4.53B,$10.50B,0.43,$10.09B,$3.19B,31.56%,$10.09B,$0.21B,2.10%,$10.09B,$0.21B,2.10%,$10.09B,$1.07B,10.58%,$10.09B,$-0.26B,-2.59%,$10.09B,$-0.07B,-0.72%,$-0.07B,$10.50B,-0.60%,$-0.07B,$7.86B,-0.75%,$-0.07B,$109.56B,-0.06%,$0.21B,$15.03B,1.29%,$2168,$1816,$352,$0,$208,$2539,$-371,$-125,$-496,$-238,$-258,$-258,$-258,$-139,$-371,$433,433,$-0.60,$-0.60,$5102,$0,$0,$21865,$0,$65009,$2640,$12172,$87696,$109561,$79981,$4530,$14552,$19082,$99063,$1,$3532,$-1819,$10498,$109561,$-251,$644,$314,$958,$0,$0,$-40,$2677,$2486,$3193,$0,$0,$-20,$0,$362,$362,$-171,$171,$-965,$72,$-893,$-76,$-76,$-130,$5,$-1094,$2011,$18,$-130
41,2008-06-30,17.34,$28.51,0.61,$24.49,0.71,$26.63,0.65,$1.18,14.69,$22.43B,$74.75B,0.3,$4.53B,$12.35B,0.37,$10.80B,$4.15B,38.42%,$10.80B,$1.16B,10.71%,$10.80B,$1.16B,10.71%,$10.80B,$1.96B,18.10%,$10.80B,$0.69B,6.34%,$10.80B,$0.52B,4.85%,$0.52B,$12.35B,4.04%,$0.52B,$9.74B,5.02%,$0.52B,$114.22B,0.46%,$1.16B,$16.88B,6.80%,$2398,$1706,$692,$0,$209,$2466,$-68,$-110,$-178,$-69,$-109,$-109,$-109,$149,$-68,$433,433,$-0.25,$-0.25,$5861,$0,$0,$22432,$0,$67968,$2609,$13676,$91783,$114215,$74747,$4531,$21904,$27123,$101870,$1,$3833,$-271,$12345,$114215,$7,$412,$-169,$243,$0,$0,$-190,$2235,$1870,$2120,$0,$0,$-17,$0,$1016,$1016,$-155,$844,$66,$-18,$48,$-76,$-76,$-88,$5,$-111,$2770,$15,$-88
42,2008-03-31,21.95,$29.39,0.75,$25.11,0.87,$27.40,0.8,$2.29,9.58,$20.27B,$73.80B,0.28,$3.97B,$12.73B,0.31,$11.17B,$4.74B,42.46%,$11.17B,$1.81B,16.18%,$11.17B,$1.81B,16.18%,$11.17B,$2.59B,23.17%,$11.17B,$1.32B,11.83%,$11.17B,$1.01B,9.06%,$1.01B,$12.73B,7.71%,$1.01B,$10.16B,9.52%,$1.01B,$113.59B,0.89%,$1.81B,$16.69B,10.65%,$2753,$1746,$1007,$0,$203,$2477,$276,$-112,$164,$48,$116,$116,$116,$471,$276,$434,437,$0.27,$0.27,$3768,$0,$0,$20266,$0,$70367,$2568,$13063,$93328,$113594,$73802,$3966,$22277,$27067,$100869,$1,$3986,$-35,$12725,$113594,$116,$195,$-171,$24,$0,$-37,$-190,$1237,$985,$1125,$0,$0,$-5,$0,$408,$408,$-3,$400,$-660,$-19,$-679,$-76,$-76,$-44,$2,$-797,$677,$9,$-44
43,2007-12-31,24.57,$30.91,0.79,$24.77,0.99,$27.16,0.9,$2.73,9.0,$19.57B,$73.18B,0.27,$3.90B,$13.48B,0.29,$11.13B,$4.99B,44.88%,$11.13B,$2.09B,18.76%,$11.13B,$2.09B,18.76%,$11.13B,$2.89B,25.97%,$11.13B,$1.61B,14.44%,$11.13B,$1.22B,10.97%,$1.22B,$13.48B,9.20%,$1.22B,$10.96B,11.28%,$1.22B,$114.32B,1.08%,$2.09B,$17.38B,12.20%,$2775,$1640,$1135,$0,$209,$2400,$375,$-126,$249,$69,$180,$180,$178,$587,$375,$440,448,$0.41,$0.42,$3091,$0,$0,$19574,$0,$71573,$2514,$13620,$94741,$114315,$73177,$3903,$22508,$27660,$100837,$1,$3913,$727,$13478,$114315,$1220,$802,$-1533,$-731,$0,$0,$-65,$4226,$4302,$4791,$0,$0,$586,$0,$-2304,$-2304,$-162,$-1880,$7751,$-49,$7702,$-524,$-524,$-163,$-9310,$-2295,$622,$41,$-163
44,2007-09-30,29.57,$30.33,0.97,$24.23,1.22,$25.76,1.15,$3.14,9.42,$19.72B,$73.36B,0.27,$3.79B,$13.32B,0.29,$11.01B,$5.08B,46.13%,$11.01B,$2.32B,21.08%,$11.01B,$2.32B,21.08%,$11.01B,$3.08B,27.94%,$11.01B,$1.86B,16.88%,$11.01B,$1.42B,12.86%,$1.42B,$13.32B,10.70%,$1.42B,$10.87B,13.11%,$1.42B,$113.76B,1.26%,$2.32B,$17.11B,13.56%,$2875,$1559,$1316,$0,$202,$2301,$574,$-124,$450,$111,$339,$339,$339,$748,$574,$441,446,$0.76,$0.76,$3146,$0,$0,$19719,$0,$71117,$2450,$13630,$94039,$113758,$73362,$3789,$22094,$27079,$100441,$1,$3779,$697,$13317,$113758,$1042,$590,$-1020,$-430,$0,$-145,$-202,$3340,$3156,$3768,$0,$0,$617,$0,$-1260,$-1260,$-1159,$-1802,$-1518,$78,$-1440,$-500,$-500,$-119,$798,$-1261,$677,$33,$-119
45,2007-06-30,33.01,$29.27,1.13,$23.37,1.41,$24.47,1.35,$3.03,10.89,$19.61B,$72.97B,0.27,$3.76B,$12.97B,0.29,$10.75B,$4.93B,45.90%,$10.75B,$2.27B,21.08%,$10.75B,$2.27B,21.08%,$10.75B,$3.01B,28.02%,$10.75B,$1.84B,17.12%,$10.75B,$1.38B,12.84%,$1.38B,$12.97B,10.43%,$1.38B,$10.52B,12.76%,$1.38B,$111.94B,1.25%,$2.27B,$16.72B,13.33%,$2765,$1481,$1284,$0,$207,$2183,$582,$-124,$458,$137,$321,$321,$379,$782,$582,$439,449,$0.86,$0.84,$2956,$0,$0,$19614,$0,$70343,$2446,$12856,$92322,$111936,$72974,$3755,$21094,$25996,$98970,$1,$3484,$550,$12966,$111936,$703,$416,$-731,$-315,$0,$-20,$1,$1993,$2154,$2542,$0,$0,$617,$0,$-2049,$-2049,$-404,$-1836,$-496,$-63,$-559,$-398,$-398,$-79,$799,$-237,$487,$23,$-79
46,2007-03-31,33.44,$30.45,1.1,$22.70,1.47,$23.07,1.45,$2.85,11.73,$19.00B,$71.74B,0.27,$3.93B,$13.31B,0.3,$10.55B,$4.86B,46.09%,$10.55B,$2.22B,21.02%,$10.55B,$2.22B,21.02%,$10.55B,$2.97B,28.12%,$10.55B,$1.83B,17.33%,$10.55B,$1.32B,12.49%,$1.32B,$13.31B,10.11%,$1.32B,$10.90B,12.40%,$1.32B,$111.56B,1.21%,$2.22B,$17.24B,13.29%,$2710,$1452,$1258,$0,$213,$2154,$556,$-107,$449,$135,$314,$314,$324,$772,$556,$441,455,$0.74,$0.71,$2250,$0,$0,$18996,$0,$69887,$2406,$12024,$92562,$111558,$71740,$3932,$19683,$26510,$98250,$0,$3145,$1111,$13308,$111558,$324,$216,$-285,$-69,$0,$-3,$-34,$762,$809,$1064,$0,$0,$-41,$0,$-482,$-482,$-164,$-687,$-385,$69,$-316,$-233,$-233,$-40,$4,$-585,$-212,$12,$-40
47,2006-12-31,32.66,$30.09,1.09,$21.84,1.5,$22.34,1.46,$2.84,11.5,$19.22B,$70.99B,0.27,$4.02B,$13.33B,0.3,$10.29B,$4.76B,46.29%,$10.29B,$2.22B,21.56%,$10.29B,$2.22B,21.56%,$10.29B,$2.92B,28.38%,$10.29B,$1.85B,18.02%,$10.29B,$1.33B,12.91%,$1.33B,$13.33B,10.35%,$1.33B,$10.90B,12.70%,$1.33B,$110.87B,1.24%,$2.22B,$17.35B,13.57%,$2657,$1438,$1219,$0,$165,$2049,$608,$-107,$501,$140,$361,$361,$373,$773,$608,$456,469,$0.82,$0.80,$2436,$0,$0,$19219,$0,$69315,$2433,$11739,$91652,$110871,$70992,$4021,$19583,$26549,$97541,$0,$2914,$1157,$13330,$110871,$1328,$702,$-1190,$-488,$0,$0,$-49,$3523,$3525,$4365,$0,$0,$-553,$0,$-2201,$-2201,$-144,$-2898,$-1167,$47,$-1120,$-1000,$-1000,$-145,$1430,$-835,$594,$34,$-145
