,Date,Stock Price,Book Value per Share,Price to Book Ratio,TTM Sales per Share,Price to Sales Ratio,TTM FCF per Share,Price to FCF Ratio,TTM Net EPS,PE Ratio,Current Assets,Current Liabilities,Current Ratio,Long Term Debt,Shareholder's Equity_x,Debt to Equity Ratio,TTM Revenue_x,TTM Gross Profit,Gross Margin,TTM Revenue_y,TTM Operating Income,Operating Margin,TTM Revenue_x,TTM EBIT,EBIT Margin,TTM Revenue_y,TTM EBITDA,EBITDA Margin,TTM Revenue_x,TTM Pre-Tax Income,Pre-Tax Margin,TTM Revenue_y,TTM Net Income_x,Net Margin,TTM Net Income_y,Shareholder's Equity_y,Return on Equity,TTM Net Income_x,Tangible Equity,Return on Tangible Equity,TTM Net Income_y,Total Assets,Return on Assets,TTM Net Income,LT Investments & Debt,Return on Investment,revenue,cost-goods-sold,gross-profit,research-development-expenses,selling-general-administrative-expenses,operating-expenses,operating-income,total-non-operating-income-expense,pre-tax-income,total-provision-income-taxes,income-after-taxes,income-from-continuous-operations,net-income,ebitda,ebit,basic-shares-outstanding,shares-outstanding,eps-basic-net-earnings-per-share,eps-earnings-per-share-diluted,cash-on-hand,inventory,other-current-assets,total-current-assets,net-property-plant-equipment,long-term-investments,goodwill-intangible-assets-total,other-long-term-assets,total-long-term-assets,total-assets,total-current-liabilities,long-term-debt,other-non-current-liabilities,total-long-term-liabilities,total-liabilities,common-stock-net,retained-earnings-accumulated-deficit,comprehensive-income,total-share-holder-equity,total-liabilities-share-holders-equity,net-income-loss,total-depreciation-amortization-cash-flow,other-non-cash-items,total-non-cash-items,change-in-accounts-receivable,change-in-inventories,change-in-accounts-payable,change-in-assets-liabilities,total-change-in-assets-liabilities,cash-flow-from-operating-activities,net-change-in-property-plant-equipment,net-change-in-intangible-assets,net-acquisitions-divestitures,net-change-in-short-term-investments,net-change-in-long-term-investments,net-change-in-investments-total,investing-activities-other,cash-flow-from-investing-activities,net-long-term-debt,net-current-debt,debt-issuance-retirement-net-total,net-common-equity-issued-repurchased,net-total-equity-issued-repurchased,total-common-preferred-stock-dividends-paid,financial-activities-other,cash-flow-from-financial-activities,net-cash-flow,stock-based-compensation,common-stock-dividends-paid
0,2018-09-30,5.46,$-6.56,-0.83,$18.52,0.29,$1.49,3.67,$-2.43,0.0,$0.89B,$1.94B,0.46,$1.54B,$-1.14B,-1.34,$3.22B,$1.42B,44.22%,$3.22B,$0.31B,9.76%,$3.22B,$0.31B,9.76%,$3.22B,$0.48B,14.98%,$3.22B,$-0.32B,-9.82%,$3.22B,$-0.43B,-13.33%,$-0.43B,$-1.14B,41.05%,$-0.43B,$-1.59B,27.68%,$-0.43B,$2.68B,-14.65%,$0.31B,$0.39B,43.46%,$735,$594,$141,$0,$121,$689,$46,$-98,$-52,$26,$-78,$-78,$-104,$82,$46,$170,170,$-0.61,$-0.61,$411,$52,$76,$892,$843,$0,$449,$479,$1790,$2681,$1940,$1537,$298,$1884,$3825,$786,$-2260,$0,$-1143,$2681,$-345,$124,$551,$676,$-29,$-8,$0,$69,$-8,$322,$-195,$-14,$0,$-76,$0,$-76,$-11,$-296,$-47,$0,$-47,$-2,$-2,$0,$-60,$-108,$-85,$3,$0
1,2018-06-30,5.34,$-6.86,-0.78,$19.10,0.28,$1.93,2.76,$-1.24,0.0,$0.89B,$1.83B,0.48,$1.84B,$-1.19B,-1.54,$3.34B,$2.14B,64.07%,$3.34B,$0.37B,11.07%,$3.34B,$0.37B,11.07%,$3.34B,$0.55B,16.33%,$3.34B,$-0.15B,-4.58%,$3.34B,$-0.22B,-6.61%,$-0.22B,$-1.19B,21.94%,$-0.22B,$-1.68B,14.39%,$-0.22B,$2.85B,-7.46%,$0.37B,$0.65B,45.98%,$655,$547,$108,$0,$122,$643,$12,$-351,$-339,$15,$-354,$-354,$-369,$53,$12,$174,174,$-2.18,$-2.18,$492,$57,$48,$887,$937,$0,$485,$476,$1963,$2850,$1832,$1840,$324,$2212,$4044,$860,$-2363,$0,$-1194,$2850,$-293,$88,$412,$500,$5,$-9,$0,$45,$9,$216,$-166,$-4,$0,$-64,$0,$-64,$-17,$-251,$-9,$0,$-9,$3,$3,$0,$-68,$-74,$-115,$2,$0
2,2018-03-31,12.99,$-5.07,-2.56,$19.36,0.67,$1.96,6.64,$0.02,721.67,$1.01B,$1.74B,0.58,$1.80B,$-0.88B,-2.04,$3.38B,$2.70B,79.85%,$3.38B,$0.38B,11.35%,$3.38B,$0.38B,11.35%,$3.38B,$0.56B,16.43%,$3.38B,$0.06B,1.80%,$3.38B,0,0.00%,$0.00B,$-0.88B,0.00%,$0.00B,$-1.42B,0.00%,$0.00B,$3.05B,0.00%,$0.38B,$0.92B,48.72%,$914,$654,$260,$0,$129,$758,$155,$-67,$88,$20,$68,$68,$45,$202,$155,$174,176,$0.26,$0.26,$556,$56,$48,$1008,$970,$0,$538,$456,$2041,$3049,$1742,$1797,$337,$2188,$3930,$951,$-2209,$0,$-882,$3049,$68,$46,$87,$134,$-23,$-1,$0,$-145,$-186,$16,$-54,$-2,$0,$-99,$0,$-99,$-8,$-163,$-6,$0,$-6,$2,$2,$0,$-3,$-6,$-152,$1,$0
3,2017-12-31,8.76,$-5.53,-1.58,$19.00,0.46,$2.02,4.33,$0.18,48.13,$1.05B,$1.80B,0.58,$1.90B,$-0.96B,-1.97,$3.31B,$2.66B,80.25%,$3.31B,$0.31B,9.36%,$3.31B,$0.31B,9.36%,$3.31B,$0.47B,14.16%,$3.31B,$0.02B,0.66%,$3.31B,$0.01B,0.18%,$0.01B,$-0.96B,-0.58%,$0.01B,$-1.51B,-0.38%,$0.01B,$3.13B,0.22%,$0.31B,$0.94B,42.77%,$914,$0,$914,$0,$1095,$813,$101,$-114,$-13,$-30,$17,$17,$-1,$145,$101,$173,175,$-0.00,$0.00,$621,$56,$51,$1048,$1001,$0,$547,$451,$2086,$3133,$1801,$1896,$339,$2294,$4095,$966,$-2284,$0,$-961,$3133,$118,$158,$173,$331,$-62,$0,$0,$-107,$-239,$211,$-95,$-17,$21,$-54,$0,$-54,$-31,$-175,$212,$0,$212,$1,$1,$0,$-100,$113,$146,$5,$0
4,2017-09-30,8.46,$-5.71,-1.48,$18.36,0.46,$1.53,5.52,$0.17,49.16,$0.72B,$1.62B,0.45,$1.72B,$-0.99B,-1.73,$3.19B,$2.54B,79.51%,$3.19B,$0.27B,8.52%,$3.19B,$0.27B,8.52%,$3.19B,$0.42B,13.00%,$3.19B,$0.07B,2.07%,$3.19B,$-0.02B,-0.69%,$-0.02B,$-0.99B,2.13%,$-0.02B,$-1.54B,1.40%,$-0.02B,$2.81B,-0.84%,$0.27B,$0.72B,41.99%,$860,$0,$860,$0,$655,$758,$102,$9,$111,$-43,$154,$154,$104,$146,$102,$174,175,$0.60,$0.59,$285,$61,$48,$722,$1006,$5,$548,$440,$2090,$2812,$1619,$1715,$363,$2185,$3804,$975,$-2309,$0,$-992,$2812,$99,$114,$35,$150,$-65,$-4,$0,$231,$114,$363,$-154,$-9,$19,$-39,$0,$-39,$-28,$-211,$-62,$0,$-62,$1,$1,$0,$-79,$-140,$13,$4,$0
5,2017-06-30,4.54,$-6.51,-0.7,$17.71,0.26,$0.28,16.19,$-0.43,0.0,$0.61B,$1.57B,0.39,$1.71B,$-1.13B,-1.51,$3.07B,$2.42B,78.72%,$3.07B,$0.24B,7.88%,$3.07B,$0.24B,7.88%,$3.07B,$0.34B,11.10%,$3.07B,$-0.00B,-0.13%,$3.07B,$-0.11B,-3.45%,$-0.11B,$-1.13B,10.25%,$-0.11B,$-1.67B,6.76%,$-0.11B,$2.64B,-4.16%,$0.24B,$0.58B,37.26%,$696,$28,$668,$0,$560,$670,$26,$-151,$-125,$2,$-127,$-127,$-148,$63,$26,$173,173,$-0.85,$-0.85,$212,$65,$43,$606,$961,$5,$540,$491,$2033,$2639,$1568,$1711,$386,$2202,$3770,$960,$-2377,$0,$-1131,$2639,$-54,$70,$84,$155,$-31,$-8,$0,$125,$44,$145,$-91,$-7,$0,$81,$0,$81,$-1,$-18,$-110,$0,$-110,$0,$0,$0,$-5,$-115,$2,$2,$0
6,2017-03-31,5.3,$-6.02,-0.88,$13.69,0.39,$-0.03,0.0,$0.83,6.37,$0.56B,$1.49B,0.38,$1.71B,$-1.05B,-1.63,$2.97B,$2.35B,78.95%,$2.97B,$0.17B,5.62%,$2.97B,$0.17B,5.62%,$2.97B,$0.23B,7.70%,$2.97B,$0.23B,7.63%,$2.97B,$0.11B,3.83%,$0.11B,$-1.05B,-11.47%,$0.11B,$-1.60B,-7.53%,$0.11B,$2.57B,4.54%,$0.17B,$0.66B,24.27%,$842,$626,$216,$0,$135,$762,$81,$-32,$49,$-25,$74,$74,$51,$115,$81,$173,174,$0.30,$0.29,$162,$60,$41,$563,$953,$6,$554,$463,$2010,$2574,$1485,$1707,$320,$2135,$3620,$980,$-2277,$0,$-1046,$2574,$74,$34,$-22,$12,$-21,$-2,$0,$-30,$-71,$15,$-41,$-4,$0,$64,$0,$64,$-6,$12,$-24,$0,$-24,$0,$0,$0,$-49,$-73,$-56,$1,$0
7,2016-12-31,2.72,$-5.54,-0.49,$8.86,0.31,$0.12,22.4,$0.42,6.52,$0.60B,$1.39B,0.43,$1.59B,$-0.96B,-1.65,$2.83B,$2.83B,100.00%,$2.83B,$0.20B,7.07%,$2.83B,$0.20B,7.07%,$2.83B,$0.23B,8.06%,$2.83B,$0.39B,13.82%,$2.83B,$0.24B,8.62%,$0.24B,$-0.96B,-25.38%,$0.24B,$-1.46B,-16.78%,$0.24B,$2.41B,9.83%,$0.20B,$0.63B,26.85%,$794,$0,$794,$0,$585,$731,$63,$-33,$31,$19,$12,$12,$-29,$91,$63,$173,173,$1.29,$1.29,$286,$52,$32,$597,$867,$5,$499,$411,$1813,$2410,$1390,$1589,$295,$1982,$3372,$883,$-2096,$0,$-962,$2410,$316,$128,$-58,$71,$-88,$5,$0,$-244,$-393,$-6,$36,$-9,$0,$-13,$0,$-13,$155,$170,$-248,$0,$-248,$-0,$-0,$0,$-57,$-305,$-146,$4,$0
8,2016-09-30,3.79,$0.00,0.0,$8.24,0.46,$-2.09,0.0,$-1.35,0.0,$0.60B,$1.45B,0.42,$1.73B,$-1.00B,-1.73,$2.73B,$2.33B,85.65%,$2.73B,$0.05B,1.80%,$2.73B,$0.05B,1.80%,$2.73B,$0.09B,3.34%,$2.73B,$0.12B,4.37%,$2.73B,$-0.03B,-1.25%,$-0.03B,$-1.00B,3.24%,$-0.03B,$-1.54B,2.19%,$-0.03B,$2.57B,-1.27%,$0.05B,$0.73B,5.68%,$741,$0,$741,$0,$555,$669,$72,$-31,$41,$20,$20,$20,$20,$72,$72,$174,174,$0.12,$0.12,$265,$56,$23,$601,$918,$4,$537,$472,$1964,$2565,$1447,$1729,$300,$2116,$3564,$950,$-2224,$0,$-999,$2565,$349,$100,$-186,$-86,$-71,$6,$0,$-365,$-382,$-119,$109,$-7,$0,$18,$0,$18,$125,$246,$-248,$0,$-248,$-0,$-0,$0,$-56,$-303,$-182,$3,$0
9,2016-06-30,2.12,$0.00,0.0,$8.84,0.24,$-2.88,0.0,$-5.61,0.0,$0.62B,$1.44B,0.43,$1.70B,$-0.97B,-1.76,$2.69B,$1.92B,71.30%,$2.69B,$0.03B,0.93%,$2.69B,$0.03B,0.93%,$2.69B,$0.15B,5.72%,$2.69B,$-0.41B,-15.08%,$2.69B,$-0.67B,-25.03%,$-0.67B,$-0.97B,65.50%,$-0.67B,$-1.46B,44.47%,$-0.67B,$2.50B,-23.86%,$0.03B,$0.73B,2.42%,$597,$0,$597,$0,$522,$646,$-49,$155,$106,$18,$88,$88,$72,$-49,$-49,$0,0,$0.00,$0.00,$287,$53,$47,$618,$903,$4,$494,$451,$1882,$2500,$1438,$1701,$260,$2029,$3467,$880,$-2058,$0,$-967,$2500,$0,$0,$0,$0,$0,$0,$0,$0,$0,$0,$0,$0,$0,$0,$0,$0,$0,$0,$0,$0,$0,$0,$0,$0,$0,$0,$0,$0,$0
10,2016-03-31,1.51,$0.00,0.0,$13.92,0.11,$-2.29,0.0,$-6.96,0.0,$0.60B,$1.25B,0.48,$1.81B,$-0.92B,-1.97,$2.79B,$1.50B,53.66%,$2.79B,$-0.01B,-0.25%,$2.79B,$-0.01B,-0.25%,$2.79B,$0.12B,4.37%,$2.79B,$-0.59B,-21.08%,$2.79B,$-0.88B,-31.36%,$-0.88B,$-0.92B,96.71%,$-0.88B,$-1.36B,62.22%,$-0.88B,$2.45B,-29.16%,$-0.01B,$0.89B,-0.59%,$697,$0,$697,$0,$518,$583,$114,$99,$213,$17,$196,$196,$181,$114,$114,$0,0,$0.00,$0.00,$360,$48,$50,$601,$952,$4,$441,$429,$1852,$2453,$1253,$1807,$250,$2118,$3371,$792,$-1917,$0,$-918,$2453,$0,$0,$0,$0,$0,$0,$0,$0,$0,$-45,$0,$0,$0,$0,$0,$0,$0,$120,$0,$0,$0,$0,$0,$0,$0,$-100,$-27,$0,$0
11,2015-12-31,1.15,$0.00,0.0,$19.69,0.06,$-1.39,0.0,$-8.59,0.0,$0.75B,$1.69B,0.44,$2.42B,$-1.32B,-1.83,$2.93B,$1.08B,36.83%,$2.93B,$-0.11B,-3.89%,$2.93B,$-0.11B,-3.89%,$2.93B,$0.02B,0.51%,$2.93B,$-1.05B,-35.94%,$2.93B,$-1.29B,-44.11%,$-1.29B,$-1.32B,168.43%,$-1.29B,$-1.84B,98.74%,$-1.29B,$3.17B,-39.16%,$-0.11B,$1.10B,-8.11%,$690,$391,$299,$0,$355,$777,$-88,$-162,$-241,$107,$-348,$-307,$-307,$-46,$-88,$174,174,$-1.77,$-1.77,$496,$61,$36,$752,$2089,$6,$523,$552,$3204,$3166,$1692,$2415,$304,$2793,$4485,$940,$-2492,$0,$-1320,$3166,$-1310,$128,$0,$128,$0,$0,$0,$0,$44,$-183,$-171,$0,$0,$0,$0,$-78,$-136,$-384,$0,$0,$-623,$0,$140,$0,$712,$229,$-252,$0,$0
12,2015-09-30,1.95,$0.00,0.0,$20.96,0.09,$3.08,0.63,$-8.10,0.0,$1.03B,$1.42B,0.72,$2.33B,$-0.91B,-2.55,$2.95B,$0.80B,27.08%,$2.95B,$-0.48B,-16.12%,$2.95B,$-0.48B,-16.12%,$2.95B,$-0.35B,-11.98%,$2.95B,$-1.04B,-35.36%,$2.95B,$-1.16B,-39.29%,$-1.16B,$-0.91B,245.34%,$-1.16B,$-1.40B,108.68%,$-1.16B,$3.18B,-32.43%,$-0.48B,$1.42B,-28.91%,$709,$382,$327,$0,$249,$661,$48,$-535,$-484,$126,$-610,$-620,$-620,$135,$48,$146,146,$-4.26,$-4.26,$756,$52,$82,$1027,$0,$5,$487,$433,$970,$3179,$1421,$2327,$343,$2670,$4091,$880,$-1995,$0,$-911,$3179,$816,$86,$0,$86,$0,$0,$0,$0,$63,$-25,$-97,$0,$0,$0,$0,$-34,$-88,$-220,$0,$0,$283,$0,$-0,$-27,$46,$302,$158,$0,$0
13,2015-06-30,4.74,$0.00,0.0,$22.93,0.21,$5.83,0.81,$-4.60,0.0,$0.86B,$1.46B,0.59,$1.85B,$-0.47B,-3.94,$3.20B,$0.81B,25.42%,$3.20B,$-0.53B,-16.51%,$3.20B,$-0.53B,-16.51%,$3.20B,$-0.45B,-13.95%,$3.20B,$-0.68B,-21.36%,$3.20B,$-0.64B,-20.14%,$-0.64B,$-0.47B,316.46%,$-0.64B,$-1.02B,74.49%,$-0.64B,$3.21B,-16.39%,$-0.53B,$1.38B,-28.32%,$694,$520,$174,$0,$223,$775,$-81,$5,$-76,$39,$-115,$-129,$-129,$-81,$-81,$137,137,$-0.94,$-0.94,$578,$55,$81,$861,$0,$6,$555,$396,$1118,$3206,$1463,$1849,$363,$2213,$3675,$851,$258,$0,$-470,$3206,$-334,$0,$0,$0,$0,$0,$0,$0,$0,$181,$-100,$0,$0,$0,$0,$0,$-45,$-146,$0,$0,$-114,$0,$0,$0,$38,$-76,$-90,$0,$0
14,2015-03-31,4.86,$0.00,0.0,$25.34,0.19,$7.04,0.69,$-4.20,0.0,$1.03B,$1.53B,0.67,$2.10B,$-0.37B,-5.74,$3.55B,$1.06B,29.85%,$3.55B,$-0.41B,-11.41%,$3.55B,$-0.41B,-11.41%,$3.55B,$-0.26B,-7.44%,$3.55B,$-0.64B,-17.95%,$3.55B,$-0.59B,-16.66%,$-0.59B,$-0.37B,-1608.16%,$-0.59B,$-0.96B,86.98%,$-0.59B,$3.64B,-13.81%,$-0.41B,$1.73B,-18.49%,$834,$556,$278,$0,$236,$827,$7,$-306,$-251,$-14,$-237,$-235,$-235,$7,$7,$144,144,$-1.62,$-1.62,$743,$57,$42,$1026,$0,$8,$599,$487,$1317,$3637,$1530,$2096,$375,$2472,$4002,$922,$11,$0,$-365,$3637,$-237,$0,$0,$0,$0,$0,$0,$0,$0,$185,$-55,$0,$0,$0,$0,$0,$-41,$-96,$0,$0,$-61,$0,$-0,$0,$37,$-24,$20,$0,$0
15,2014-12-31,11.5,$0.00,0.0,$27.62,0.42,$7.29,1.58,$-3.00,0.0,$1.28B,$1.80B,0.71,$2.19B,$-0.14B,-15.39,$3.84B,$1.30B,33.78%,$3.84B,$-0.25B,-6.41%,$3.84B,$-0.25B,-6.41%,$3.84B,$-0.05B,-1.25%,$3.84B,$-0.41B,-10.60%,$3.84B,$-0.42B,-10.81%,$-0.42B,$-0.14B,-162.11%,$-0.42B,$-0.88B,84.35%,$-0.42B,$4.26B,-9.26%,$-0.25B,$2.05B,-10.19%,$710,$691,$19,$0,$431,$1158,$-449,$-159,$-231,$33,$-263,$-174,$-174,$-414,$-449,$135,135,$-1.28,$-1.28,$971,$59,$60,$1276,$0,$4,$732,$504,$1448,$4263,$1800,$2190,$416,$2605,$4405,$1119,$-1582,$0,$-142,$4263,$-477,$198,$0,$198,$0,$0,$0,$0,$118,$414,$-85,$0,$0,$0,$0,$28,$-59,$-116,$0,$0,$-768,$0,$51,$0,$585,$-132,$112,$0,$0
16,2014-09-30,9.62,$0.00,0.0,$31.60,0.3,$5.42,1.78,$-1.78,0.0,$1.46B,$1.89B,0.77,$2.14B,$0.16B,13.12,$4.40B,$2.22B,50.33%,$4.40B,$1.48B,33.58%,$4.40B,$1.48B,33.58%,$4.40B,$1.74B,39.45%,$4.40B,$-0.19B,-4.29%,$4.40B,$-0.25B,-5.68%,$-0.25B,$0.16B,-57.67%,$-0.25B,$-0.60B,76.05%,$-0.25B,$4.61B,-5.37%,$1.48B,$2.30B,55.89%,$960,$618,$342,$0,$299,$965,$-5,$-247,$-125,$-17,$-108,$-106,$-106,$42,$-5,$141,141,$-0.76,$-0.76,$1078,$60,$84,$1457,$0,$4,$758,$579,$1583,$4611,$1890,$2138,$419,$2557,$4448,$1090,$-1340,$0,$163,$4611,$-215,$163,$0,$163,$0,$0,$0,$0,$471,$301,$-32,$0,$0,$0,$0,$21,$-48,$-59,$0,$0,$204,$0,$0,$53,$-319,$-63,$136,$0,$0
17,2014-06-30,10.96,$0.00,0.0,$31.67,0.35,$3.65,3.0,$-1.64,0.0,$1.51B,$1.51B,1.0,$2.19B,$0.49B,4.46,$4.40B,$2.24B,50.91%,$4.40B,$1.48B,33.66%,$4.40B,$1.48B,33.66%,$4.40B,$1.75B,39.75%,$4.40B,$-0.13B,-2.95%,$4.40B,$-0.24B,-5.45%,$-0.24B,$0.49B,-46.29%,$-0.24B,$-0.28B,100.42%,$-0.24B,$4.61B,-5.17%,$1.48B,$2.68B,53.89%,$1044,$623,$420,$0,$323,$1002,$42,$-98,$-30,$35,$-65,$-76,$-76,$101,$42,$139,139,$-0.54,$-0.54,$1165,$66,$67,$1508,$0,$4,$775,$531,$1520,$4608,$1513,$2190,$413,$2604,$4117,$1111,$-1240,$0,$491,$4608,$-108,$117,$0,$117,$0,$0,$0,$0,$416,$307,$-56,$0,$0,$0,$0,$24,$71,$38,$0,$0,$100,$0,$53,$-30,$-53,$70,$366,$0,$0
18,2014-03-31,9.72,$0.00,0.0,$30.06,0.32,$1.41,6.91,$-2.48,0.0,$1.46B,$1.46B,1.0,$2.12B,$0.51B,4.14,$4.20B,$2.06B,49.11%,$4.20B,$1.33B,31.76%,$4.20B,$1.33B,31.76%,$4.20B,$1.60B,38.05%,$4.20B,$-0.32B,-7.70%,$4.20B,$-0.36B,-8.60%,$-0.36B,$0.51B,-64.38%,$-0.36B,$-0.21B,173.56%,$-0.36B,$4.44B,-7.61%,$1.33B,$2.63B,46.56%,$1125,$608,$516,$0,$293,$959,$166,$-120,$-21,$20,$-41,$-59,$-59,$223,$166,$140,140,$-0.42,$-0.42,$1109,$54,$97,$1457,$0,$3,$726,$473,$1436,$4436,$1458,$2116,$350,$2466,$3924,$1061,$-1097,$0,$512,$4436,$-41,$57,$0,$57,$0,$0,$0,$0,$258,$195,$-35,$0,$0,$0,$0,$25,$50,$40,$0,$0,$21,$0,$0,$0,$-22,$-1,$208,$0,$0
19,2013-12-31,9.14,$0.00,0.0,$29.46,0.31,$-0.03,0.0,$-2.32,0.0,$1.66B,$1.61B,1.04,$2.40B,$0.57B,4.23,$4.10B,$1.58B,38.60%,$4.10B,$0.21B,5.17%,$4.10B,$0.21B,5.17%,$4.10B,$0.48B,11.57%,$4.10B,$-0.31B,-7.43%,$4.10B,$-0.34B,-8.26%,$-0.34B,$0.57B,-65.60%,$-0.34B,$-0.22B,120.00%,$-0.34B,$4.96B,-7.12%,$0.21B,$2.97B,7.32%,$1272,$334,$937,$0,$-420,$-3,$1275,$-1240,$-13,$-9,$-3,$-9,$-9,$1370,$1275,$138,138,$-0.06,$-0.06,$1342,$55,$114,$1662,$0,$0,$790,$487,$1538,$4959,$1607,$2400,$384,$2784,$4391,$1098,$-1144,$0,$568,$4959,$761,$261,$0,$261,$0,$0,$0,$0,$-235,$188,$-111,$0,$0,$0,$0,$0,$-38,$-149,$0,$0,$-16,$0,$1,$-10,$401,$376,$401,$0,$0
20,2013-09-30,9.78,$0.00,0.0,$28.04,0.35,$-1.82,0.0,$-3.90,0.0,$1.53B,$1.48B,1.04,$2.21B,$0.50B,4.41,$3.88B,$0.20B,5.23%,$3.88B,$-1.19B,-30.67%,$3.88B,$-1.19B,-30.67%,$3.88B,$-0.94B,-24.21%,$3.88B,$-0.55B,-14.14%,$3.88B,$-0.55B,-14.22%,$-0.55B,$0.50B,-117.70%,$-0.55B,$-0.24B,157.04%,$-0.55B,$4.55B,-11.79%,$-1.19B,$2.72B,-44.16%,$959,$592,$367,$0,$301,$961,$-2,$-82,$-66,$21,$-86,$-96,$-96,$55,$-2,$139,139,$-0.62,$-0.62,$1208,$59,$65,$1534,$0,$0,$738,$439,$1350,$4554,$1475,$2214,$363,$2577,$4052,$1096,$-1054,$0,$503,$4554,$-309,$167,$0,$167,$0,$0,$0,$0,$-159,$68,$-48,$0,$0,$0,$0,$0,$-60,$-108,$0,$-74,$23,$0,$482,$-7,$0,$424,$374,$0,$0
21,2013-06-30,6.7,$0.00,0.0,$28.24,0.24,$-2.44,0.0,$-4.38,0.0,$1.61B,$1.47B,1.1,$2.48B,$0.66B,3.76,$3.89B,$0.07B,1.78%,$3.89B,$-1.31B,-33.62%,$3.89B,$-1.31B,-33.62%,$3.89B,$-1.06B,-27.22%,$3.89B,$-0.62B,-15.98%,$3.89B,$-0.61B,-15.59%,$-0.61B,$0.66B,-124.05%,$-0.61B,$-0.16B,165.91%,$-0.61B,$5.03B,-12.88%,$-1.31B,$3.14B,-47.76%,$841,$599,$241,$0,$291,$947,$-106,$-206,$-223,$-13,$-210,$-197,$-197,$-51,$-106,$143,143,$-1.38,$-1.38,$1246,$72,$72,$1605,$0,$0,$820,$496,$1521,$5026,$1466,$2480,$420,$2900,$4366,$1215,$-1060,$0,$660,$5026,$-255,$110,$0,$110,$0,$0,$0,$0,$-160,$-10,$-55,$0,$0,$0,$0,$0,$7,$-48,$0,$-155,$298,$0,$2,$0,$375,$520,$188,$0,$0
22,2013-03-31,11.9,$0.00,0.0,$29.15,0.41,$-1.95,0.0,$-5.64,0.0,$1.05B,$1.34B,0.78,$2.43B,$0.34B,7.23,$3.95B,$-0.08B,-2.05%,$3.95B,$-1.42B,-35.87%,$3.95B,$-1.42B,-35.87%,$3.95B,$-1.16B,-29.42%,$3.95B,$-0.81B,-20.53%,$3.95B,$-0.76B,-19.29%,$-0.76B,$0.34B,-148.18%,$-0.76B,$-0.51B,210.64%,$-0.76B,$4.50B,-15.92%,$-1.42B,$2.77B,-51.80%,$1032,$993,$39,$0,$938,$1986,$-955,$940,$-3,$35,$-38,$-37,$-37,$-899,$-955,$138,138,$-0.26,$-0.26,$702,$70,$95,$1046,$0,$0,$849,$465,$1503,$4498,$1336,$2431,$190,$2825,$4161,$1254,$-869,$0,$336,$4498,$-38,$56,$0,$56,$0,$0,$0,$0,$-76,$13,$-53,$0,$0,$0,$0,$0,$1,$-53,$0,$-110,$199,$0,$2,$0,$1,$92,$45,$0,$0
23,2012-12-31,13.12,$0.00,0.0,$30.76,0.43,$-0.86,0.0,$-5.56,0.0,$1.08B,$2.09B,0.51,$1.79B,$0.38B,4.74,$4.15B,$0.30B,7.31%,$4.15B,$-0.49B,-11.89%,$4.15B,$-0.49B,-11.89%,$4.15B,$-0.23B,-5.45%,$4.15B,$-0.82B,-19.71%,$4.15B,$-0.75B,-18.05%,$-0.75B,$0.38B,-100.30%,$-0.75B,$-0.50B,438.07%,$-0.75B,$4.65B,-14.53%,$-0.49B,$2.16B,-16.53%,$1051,$1494,$-444,$0,$-388,$1179,$-128,$-102,$-257,$-21,$-236,$-222,$-222,$-45,$-128,$135,135,$-1.64,$-1.64,$700,$71,$79,$1075,$0,$0,$875,$474,$1572,$4647,$2091,$1787,$392,$2179,$4270,$1287,$-854,$0,$377,$4647,$-779,$268,$0,$268,$0,$0,$0,$0,$324,$69,$-234,$0,$0,$0,$0,$0,$-70,$-304,$0,$0,$-11,$0,$9,$0,$0,$-2,$-234,$0,$0
24,2012-09-30,11.48,$0.00,0.0,$32.30,0.36,$-3.57,0.0,$-3.54,0.0,$1.28B,$1.43B,0.9,$2.30B,$0.58B,3.95,$4.35B,$0.86B,19.76%,$4.35B,$-0.03B,-0.60%,$4.35B,$-0.03B,-0.60%,$4.35B,$0.23B,5.24%,$4.35B,$-0.57B,-13.07%,$4.35B,$-0.48B,-10.94%,$-0.48B,$0.58B,-48.44%,$-0.48B,$-0.29B,-2800.00%,$-0.48B,$4.65B,-8.52%,$-0.03B,$2.88B,-0.79%,$963,$730,$233,$0,$291,$1081,$-118,$-38,$-138,$15,$-153,$-150,$-150,$-63,$-118,$136,136,$-1.10,$-1.10,$877,$75,$142,$1283,$0,$0,$872,$540,$1412,$4647,$1431,$2295,$340,$2635,$4066,$1235,$-599,$0,$581,$4647,$-527,$184,$0,$184,$0,$0,$0,$0,$302,$156,$-220,$0,$0,$0,$0,$0,$-37,$-256,$0,$0,$12,$0,$0,$0,$0,$12,$-89,$0,$0
25,2012-06-30,8.82,$0.00,0.0,$32.94,0.27,$-2.85,0.0,$-4.62,0.0,$1.35B,$1.46B,0.92,$2.37B,$0.76B,3.11,$4.44B,$0.96B,21.73%,$4.44B,$-0.05B,-1.01%,$4.44B,$-0.05B,-1.01%,$4.44B,$0.21B,4.69%,$4.44B,$-0.83B,-18.73%,$4.44B,$-0.62B,-13.95%,$-0.62B,$0.76B,-54.04%,$-0.62B,$-0.15B,-305.68%,$-0.62B,$5.36B,-10.47%,$-0.05B,$3.14B,-1.27%,$904,$813,$91,$0,$240,$1120,$-216,$-231,$-413,$-46,$-366,$-353,$-353,$-155,$-216,$133,133,$-2.64,$-2.64,$540,$77,$540,$1351,$0,$328,$910,$706,$1943,$5358,$1464,$2371,$225,$3130,$4595,$1187,$-463,$0,$763,$5358,$-388,$129,$0,$129,$0,$0,$0,$0,$185,$194,$-188,$0,$0,$0,$0,$0,$-87,$-275,$0,$-158,$112,$0,$0,$0,$0,$-46,$-127,$0,$0
26,2012-03-31,13.46,$0.00,0.0,$33.27,0.4,$-4.53,0.0,$-3.60,0.0,$1.72B,$1.37B,1.25,$2.50B,$1.26B,1.98,$4.49B,$1.17B,25.97%,$4.49B,$-0.02B,-0.45%,$4.49B,$-0.02B,-0.45%,$4.49B,$0.23B,5.14%,$4.49B,$-0.64B,-14.29%,$4.49B,$-0.49B,-10.82%,$-0.49B,$1.26B,-35.66%,$-0.49B,$0.25B,-108.06%,$-0.49B,$5.94B,-8.08%,$-0.02B,$3.76B,-0.53%,$1227,$805,$423,$0,$386,$1258,$-31,$22,$-9,$14,$-23,$-23,$-23,$37,$-31,$135,135,$-0.18,$-0.18,$795,$82,$627,$1718,$0,$0,$1010,$979,$1990,$5944,$1374,$2495,$371,$3309,$4682,$1313,$-106,$0,$1262,$5944,$-23,$67,$0,$67,$0,$0,$0,$0,$128,$203,$-96,$0,$0,$0,$0,$0,$-12,$-108,$0,$-112,$63,$0,$0,$0,$0,$-49,$48,$0,$0
27,2011-12-31,13.26,$0.00,0.0,$32.37,0.41,$-5.38,0.0,$-3.28,0.0,$1.89B,$2.16B,0.87,$2.07B,$1.33B,1.56,$4.37B,$1.33B,30.52%,$4.37B,$0.06B,1.33%,$4.37B,$0.06B,1.33%,$4.37B,$0.30B,6.77%,$4.37B,$-0.60B,-13.75%,$4.37B,$-0.44B,-10.16%,$-0.44B,$1.33B,-29.68%,$-0.44B,$0.25B,-68.68%,$-0.44B,$6.40B,-7.55%,$0.06B,$3.39B,1.55%,$1258,$1145,$113,$0,$-292,$919,$339,$-393,$-9,$-81,$73,$50,$50,$409,$339,$135,135,$0.38,$0.38,$1350,$91,$231,$1885,$0,$0,$1072,$454,$2178,$6401,$2160,$2066,$391,$2916,$5075,$1392,$-88,$0,$1325,$6401,$-451,$238,$0,$238,$0,$0,$0,$0,$-332,$-362,$-168,$0,$-20,$0,$0,$0,$-93,$-282,$0,$0,$142,$0,$0,$-31,$101,$213,$-436,$0,$0
28,2011-09-30,11.12,$0.00,0.0,$31.36,0.35,$0.63,17.78,$-3.08,0.0,$1.42B,$1.35B,1.05,$2.64B,$1.23B,2.14,$4.23B,$1.71B,40.31%,$4.23B,$0.02B,0.35%,$4.23B,$0.02B,0.35%,$4.23B,$0.11B,2.50%,$4.23B,$-0.47B,-11.06%,$4.23B,$-0.42B,-9.81%,$-0.42B,$1.23B,-26.22%,$-0.42B,$0.45B,-50.58%,$-0.42B,$5.94B,-7.44%,$0.02B,$3.88B,0.39%,$1047,$711,$337,$0,$417,$1184,$-137,$-353,$-400,$-81,$-319,$-293,$-293,$-83,$-137,$135,135,$-2.18,$-2.18,$869,$91,$259,$1421,$0,$342,$782,$493,$2189,$5943,$1349,$2642,$353,$3362,$4711,$1429,$-175,$0,$1232,$5943,$-520,$168,$0,$168,$0,$0,$0,$0,$105,$134,$-100,$0,$0,$0,$0,$-82,$-443,$-625,$0,$249,$0,$0,$0,$0,$-161,$89,$-403,$0,$0
29,2011-06-30,24.3,$0.00,0.0,$31.37,0.77,$0.40,61.49,$-0.42,0.0,$1.67B,$1.08B,1.54,$2.32B,$1.63B,1.42,$4.23B,$1.89B,44.66%,$4.23B,$0.33B,7.77%,$4.23B,$0.33B,7.77%,$4.23B,$0.40B,9.55%,$4.23B,$0.03B,0.66%,$4.23B,$-0.06B,-1.37%,$-0.06B,$1.63B,-3.45%,$-0.06B,$0.84B,-6.22%,$-0.06B,$5.77B,-1.08%,$0.33B,$3.95B,8.87%,$961,$666,$294,$0,$429,$1152,$-191,$-55,$-224,$1,$-225,$-220,$-220,$-132,$-191,$135,135,$-1.62,$-1.62,$1030,$89,$372,$1668,$0,$69,$790,$424,$1804,$5766,$1082,$2320,$310,$3051,$4133,$1452,$188,$0,$1633,$5766,$-205,$113,$0,$113,$0,$0,$0,$0,$44,$104,$-326,$0,$0,$0,$0,$16,$-8,$-318,$0,$130,$0,$0,$0,$0,$0,$130,$-196,$0,$0
30,2011-03-31,27.22,$0.00,0.0,$31.05,0.88,$2.95,9.21,$0.98,27.78,$1.53B,$0.93B,1.64,$1.98B,$1.79B,1.1,$4.17B,$1.95B,46.69%,$4.17B,$0.56B,13.49%,$4.17B,$0.56B,13.49%,$4.17B,$0.62B,14.95%,$4.17B,$0.22B,5.29%,$4.17B,$0.13B,3.19%,$0.13B,$1.79B,8.04%,$0.13B,$1.04B,14.38%,$0.13B,$5.42B,2.60%,$0.56B,$3.77B,16.20%,$1105,$515,$590,$0,$489,$1058,$47,$-16,$32,$12,$19,$19,$19,$102,$47,$135,135,$0.14,$0.14,$1080,$100,$189,$1526,$0,$17,$755,$477,$1743,$5422,$929,$1979,$315,$2699,$3628,$1392,$409,$0,$1794,$5422,$19,$54,$0,$54,$0,$0,$0,$0,$-60,$65,$-73,$0,$0,$0,$0,$1,$-17,$-89,$0,$-72,$0,$0,$0,$0,$0,$-72,$-95,$0,$0
31,2010-12-31,30.49,$0.00,0.0,$30.13,1.01,$3.01,10.14,$0.94,32.44,$1.54B,$0.95B,1.63,$1.94B,$1.67B,1.16,$4.03B,$1.90B,47.03%,$4.03B,$0.62B,15.44%,$4.03B,$0.62B,15.44%,$4.03B,$0.66B,16.46%,$4.03B,$0.22B,5.48%,$4.03B,$0.13B,3.15%,$0.13B,$1.67B,8.07%,$0.13B,$0.95B,14.74%,$0.13B,$5.17B,2.56%,$0.62B,$3.61B,19.03%,$1119,$634,$485,$0,$146,$824,$296,$-153,$124,$49,$75,$79,$79,$219,$296,$134,134,$0.58,$0.58,$1116,$98,$157,$1544,$0,$0,$723,$464,$1654,$5174,$947,$1938,$250,$2554,$3502,$1322,$316,$0,$1672,$5174,$75,$42,$0,$42,$0,$0,$0,$0,$48,$277,$1,$0,$0,$0,$0,$261,$72,$334,$0,$0,$-163,$0,$0,$0,$1,$-163,$454,$0,$0
32,2010-09-30,31.17,$0.00,0.0,$29.32,1.06,$2.31,13.52,$2.20,14.17,$1.43B,$0.90B,1.59,$1.87B,$1.63B,1.15,$3.83B,$1.56B,40.64%,$3.83B,$0.38B,9.91%,$3.83B,$0.38B,9.91%,$3.83B,$0.51B,13.28%,$3.83B,$0.13B,3.50%,$3.83B,$0.27B,7.11%,$0.27B,$1.63B,18.29%,$0.27B,$0.90B,34.02%,$0.27B,$5.05B,5.70%,$0.38B,$3.50B,12.53%,$1047,$526,$521,$0,$308,$870,$177,$-60,$96,$33,$63,$64,$64,$215,$177,$135,135,$0.48,$0.48,$1014,$90,$77,$1428,$0,$0,$730,$490,$1708,$5046,$897,$1874,$291,$2522,$3419,$1252,$345,$0,$1627,$5046,$47,$119,$0,$119,$0,$0,$0,$0,$-210,$137,$-134,$0,$0,$0,$0,$-63,$-300,$-496,$0,$0,$379,$0,$0,$-107,$-28,$244,$-128,$0,$0
33,2010-06-30,24.03,$0.00,0.0,$29.25,0.82,$0.26,92.74,$2.12,11.33,$1.27B,$1.19B,1.06,$1.50B,$1.52B,0.99,$3.65B,$1.56B,42.58%,$3.65B,$0.32B,8.87%,$3.65B,$0.32B,8.87%,$3.65B,$0.44B,12.16%,$3.65B,$0.12B,3.37%,$3.65B,$0.25B,6.93%,$0.25B,$1.52B,19.17%,$0.25B,$0.82B,38.88%,$0.25B,$4.82B,5.57%,$0.32B,$3.02B,12.10%,$903,$550,$353,$0,$265,$860,$43,$-63,$-31,$-2,$-29,$-29,$-29,$88,$43,$133,133,$-0.22,$-0.22,$891,$93,$141,$1266,$0,$0,$707,$517,$1702,$4822,$1190,$1499,$297,$2110,$3300,$1223,$334,$0,$1521,$4822,$-16,$81,$0,$81,$0,$0,$0,$0,$44,$246,$-124,$0,$0,$0,$0,$0,$-49,$-173,$0,$0,$76,$0,$0,$-104,$37,$8,$76,$0,$0
34,2010-03-31,24.56,$0.00,0.0,$28.90,0.85,$-2.53,0.0,$3.98,6.17,$1.24B,$1.19B,1.03,$1.49B,$1.47B,1.01,$3.46B,$1.63B,47.01%,$3.46B,$0.37B,10.54%,$3.46B,$0.37B,10.54%,$3.46B,$0.46B,13.20%,$3.46B,$0.38B,10.86%,$3.46B,$0.46B,13.37%,$0.46B,$1.47B,40.41%,$0.46B,$0.79B,91.41%,$0.46B,$4.78B,10.86%,$0.37B,$2.96B,15.14%,$965,$427,$538,$0,$395,$858,$107,$-75,$32,$19,$13,$13,$13,$142,$107,$133,133,$0.10,$0.10,$835,$86,$137,$1235,$0,$0,$687,$527,$1690,$4780,$1194,$1491,$313,$2114,$3308,$1151,$315,$0,$1472,$4780,$13,$36,$0,$36,$0,$0,$0,$0,$-13,$81,$-81,$0,$0,$0,$0,$-13,$-1,$-95,$0,$81,$0,$0,$0,$0,$-30,$51,$32,$0,$0
35,2009-12-31,29.46,$0.00,0.0,$27.57,1.07,$-3.62,0.0,$4.12,7.15,$1.22B,$1.24B,0.99,$1.29B,$1.33B,0.97,$3.23B,$1.53B,47.52%,$3.23B,$0.37B,11.56%,$3.23B,$0.37B,11.56%,$3.23B,$0.45B,13.83%,$3.23B,$0.38B,11.90%,$3.23B,$0.48B,14.85%,$0.48B,$1.33B,52.62%,$0.48B,$0.70B,152.91%,$0.48B,$4.43B,12.53%,$0.37B,$2.62B,18.10%,$911,$768,$143,$0,$75,$859,$52,$-30,$37,$-176,$213,$224,$224,$63,$52,$121,121,$1.86,$1.84,$733,$70,$155,$1222,$0,$0,$626,$454,$1520,$4432,$1240,$1292,$175,$1866,$3106,$1048,$253,$0,$1327,$4432,$453,$73,$0,$73,$0,$0,$0,$0,$-4,$232,$-66,$0,$0,$0,$0,$104,$-35,$3,$0,$0,$-22,$0,$413,$0,$0,$391,$617,$0,$0
36,2009-09-30,19.71,$0.00,0.0,$26.82,0.73,$-5.95,0.0,$-0.72,0.0,$0.97B,$1.29B,0.75,$1.15B,$0.96B,1.2,$3.02B,$2.04B,67.56%,$3.02B,$0.47B,15.62%,$3.02B,$0.47B,15.62%,$3.02B,$0.54B,17.88%,$3.02B,$0.06B,2.12%,$3.02B,$-0.06B,-1.86%,$-0.06B,$0.96B,-7.69%,$-0.06B,$0.30B,-46.47%,$-0.06B,$4.13B,-1.50%,$0.47B,$2.11B,24.85%,$873,$352,$521,$0,$373,$750,$122,$31,$85,$43,$42,$45,$45,$151,$122,$114,114,$0.40,$0.40,$356,$105,$213,$971,$0,$0,$658,$809,$1466,$4125,$1293,$1154,$147,$1872,$3165,$781,$201,$0,$960,$4125,$265,$63,$0,$63,$0,$0,$0,$0,$-266,$-117,$-113,$0,$0,$0,$0,$-128,$70,$-171,$0,$257,$0,$0,$109,$0,$-82,$284,$-4,$0,$0
37,2009-06-30,10.88,$0.00,0.0,$30.01,0.36,$-4.89,0.0,$-2.88,0.0,$0.85B,$1.11B,0.77,$1.13B,$0.82B,1.37,$3.23B,$1.73B,53.67%,$3.23B,$0.38B,11.64%,$3.23B,$0.38B,11.64%,$3.23B,$0.41B,12.72%,$3.23B,$-0.26B,-8.11%,$3.23B,$-0.28B,-8.64%,$-0.28B,$0.82B,-38.48%,$-0.28B,$0.24B,-98.85%,$-0.28B,$3.72B,-8.22%,$0.38B,$1.95B,21.44%,$714,$289,$426,$0,$326,$631,$84,$179,$222,$51,$171,$181,$181,$101,$84,$111,111,$1.64,$1.64,$95,$112,$387,$852,$0,$0,$586,$419,$1367,$3716,$1112,$1125,$156,$1780,$2892,$703,$97,$0,$824,$3716,$201,$33,$0,$33,$0,$0,$0,$0,$-219,$-149,$-59,$0,$0,$0,$0,$-4,$-3,$-66,$0,$0,$176,$0,$98,$0,$-52,$222,$7,$0,$0
38,2009-03-31,5.43,$0.00,0.0,$32.56,0.17,$-2.72,0.0,$-5.54,0.0,$0.59B,$0.95B,0.62,$1.03B,$0.53B,1.95,$3.43B,$1.64B,47.88%,$3.43B,$0.13B,3.85%,$3.43B,$0.13B,3.85%,$3.43B,$0.19B,5.40%,$3.43B,$-0.62B,-18.19%,$3.43B,$-0.56B,-16.47%,$-0.56B,$0.53B,-67.50%,$-0.56B,$0.01B,-155.26%,$-0.56B,$3.02B,-16.58%,$0.13B,$1.57B,7.10%,$728,$285,$443,$0,$312,$613,$115,$-6,$40,$13,$27,$29,$29,$131,$115,$123,123,$0.24,$0.24,$78,$79,$287,$586,$0,$0,$519,$294,$1130,$3017,$948,$1034,$143,$1538,$2487,$586,$-38,$0,$530,$3017,$27,$16,$0,$16,$0,$0,$0,$0,$-119,$-118,$-15,$0,$0,$0,$0,$0,$85,$70,$0,$4,$0,$0,$43,$0,$0,$47,$-1,$0,$0
39,2008-12-31,8.11,$0.00,0.0,$35.74,0.23,$-0.10,0.0,$-5.80,0.0,$0.93B,$1.44B,0.64,$1.36B,$0.60B,2.28,$3.62B,$1.70B,47.00%,$3.62B,$0.00B,0.03%,$3.62B,$0.00B,0.03%,$3.62B,$0.07B,1.93%,$3.62B,$-0.67B,-18.40%,$3.62B,$-0.60B,-16.44%,$-0.60B,$0.60B,-57.40%,$-0.60B,$-0.07B,-113.06%,$-0.60B,$4.04B,-16.60%,$0.00B,$1.96B,0.05%,$700,$53,$647,$0,$497,$551,$150,$-445,$-283,$14,$-297,$-311,$-311,$156,$150,$104,104,$-3.00,$-3.00,$193,$112,$429,$926,$0,$0,$667,$373,$1447,$4043,$1438,$1358,$197,$2008,$3446,$697,$-77,$0,$597,$4043,$-690,$70,$0,$70,$0,$0,$0,$0,$289,$93,$-193,$0,$0,$0,$0,$221,$-6,$23,$0,$-297,$0,$0,$-23,$-20,$0,$-340,$-225,$0,$0
40,2008-09-30,12.46,$0.00,0.0,$37.06,0.34,$-2.54,0.0,$-2.88,0.0,$0.96B,$1.13B,0.85,$0.60B,$0.95B,0.63,$3.73B,$1.52B,40.65%,$3.73B,$-0.39B,-10.34%,$3.73B,$-0.39B,-10.34%,$3.73B,$-0.30B,-7.95%,$3.73B,$-0.37B,-10.02%,$3.73B,$-0.29B,-7.82%,$-0.29B,$0.95B,-23.89%,$-0.29B,$0.95B,-35.49%,$-0.29B,$2.80B,-8.20%,$-0.39B,$1.55B,-17.58%,$1089,$871,$218,$0,$188,$1062,$27,$-224,$-241,$46,$-287,$-178,$-178,$23,$27,$100,100,$-1.76,$-1.76,$438,$97,$198,$962,$0,$0,$0,$110,$928,$2799,$1130,$598,$122,$721,$1850,$825,$93,$0,$949,$2799,$463,$63,$0,$63,$0,$0,$0,$0,$-579,$18,$-114,$0,$0,$0,$0,$261,$-96,$52,$0,$0,$247,$0,$0,$-22,$-1,$269,$-200,$0,$0
41,2008-06-30,21.63,$0.00,0.0,$32.82,0.66,$-3.02,0.0,$-0.88,0.0,$1.02B,$1.06B,0.96,$1.11B,$0.54B,2.07,$3.33B,$1.64B,49.07%,$3.33B,$-0.39B,-11.70%,$3.33B,$-0.39B,-11.70%,$3.33B,$-0.28B,-8.28%,$3.33B,$-0.10B,-3.00%,$3.33B,$-0.09B,-2.70%,$-0.09B,$1.27B,-6.88%,$-0.09B,$0.56B,-10.62%,$-0.09B,$3.75B,-2.41%,$-0.39B,$2.37B,-16.59%,$908,$575,$332,$0,$458,$1067,$-160,$43,$-139,$-35,$-104,$-104,$-104,$-125,$-160,$101,101,$-1.02,$-1.02,$446,$81,$283,$1016,$1777,$0,$704,$309,$2959,$3746,$1055,$1108,$150,$1424,$2480,$25,$507,$0,$1266,$3746,$-106,$68,$0,$68,$0,$0,$0,$0,$200,$174,$-144,$0,$0,$0,$0,$229,$-107,$-22,$0,$-301,$21,$0,$1,$-44,$5,$-318,$-166,$0,$0
42,2008-03-31,28.37,$0.00,0.0,$29.94,0.95,$-4.50,0.0,$-0.04,0.0,$1.15B,$0.94B,1.22,$1.15B,$0.64B,1.79,$3.05B,$1.35B,44.32%,$3.05B,$-0.26B,-8.47%,$3.05B,$-0.26B,-8.47%,$3.05B,$-0.17B,-5.48%,$3.05B,$-0.02B,-0.72%,$3.05B,$-0.00B,-0.13%,$-0.00B,$1.33B,-0.30%,$-0.00B,$0.66B,-0.39%,$-0.00B,$3.75B,-0.12%,$-0.26B,$2.48B,-11.58%,$922,$417,$504,$0,$488,$938,$-16,$10,$-3,$-1,$-2,$-2,$-2,$16,$-16,$101,101,$-0.02,$-0.02,$600,$116,$233,$1154,$1652,$0,$670,$344,$2783,$3748,$943,$1146,$155,$1471,$2414,$24,$603,$0,$1334,$3748,$-2,$33,$0,$33,$0,$0,$0,$0,$178,$223,$-69,$0,$0,$0,$0,$143,$-99,$-26,$0,$-270,$43,$0,$0,$-43,$3,$-268,$-70,$0,$0
43,2007-12-31,47.29,$0.00,0.0,$25.86,1.83,$-6.89,0.0,$0.54,87.58,$1.77B,$1.29B,1.37,$1.04B,$0.66B,1.58,$2.62B,$1.17B,44.74%,$2.62B,$-0.18B,-6.83%,$2.62B,$-0.18B,-6.83%,$2.62B,$-0.11B,-4.23%,$2.62B,$0.06B,2.17%,$2.62B,$0.05B,2.06%,$0.05B,$1.34B,4.32%,$0.05B,$1.12B,4.77%,$0.05B,$3.95B,1.75%,$-0.18B,$2.38B,-8.74%,$815,$351,$464,$0,$659,$1052,$-237,$31,$9,$92,$-83,$-8,$-8,$-211,$-237,$101,101,$-0.08,$-0.08,$809,$119,$322,$1767,$1363,$0,$225,$724,$2339,$3953,$1291,$1040,$119,$1321,$2612,$23,$613,$0,$1341,$3953,$58,$69,$0,$69,$0,$0,$0,$0,$-146,$-87,$-256,$0,$-113,$0,$0,$320,$-83,$-133,$0,$203,$316,$0,$0,$-142,$7,$386,$166,$0,$0
44,2007-09-30,45.35,$0.00,0.0,$22.83,1.99,$-3.29,0.0,$1.06,42.79,$1.52B,$0.88B,1.72,$0.87B,$0.66B,1.32,$2.30B,$0.94B,40.89%,$2.30B,$0.12B,5.03%,$2.30B,$0.12B,5.03%,$2.30B,$0.17B,7.38%,$2.30B,$0.12B,5.08%,$2.30B,$0.11B,4.56%,$0.11B,$1.30B,8.96%,$0.11B,$1.05B,9.46%,$0.11B,$3.46B,4.05%,$0.12B,$2.17B,6.37%,$689,$352,$336,$0,$301,$666,$23,$17,$33,$9,$24,$24,$24,$44,$23,$104,104,$0.24,$0.24,$807,$114,$165,$1515,$990,$0,$249,$793,$2066,$3462,$880,$873,$83,$1286,$2166,$22,$621,$0,$1295,$3462,$66,$42,$0,$42,$0,$0,$0,$0,$-101,$-2,$-147,$0,$-102,$0,$0,$109,$-83,$-222,$0,$154,$204,$0,$2,$-118,$4,$247,$23,$0,$0
45,2007-06-30,61.82,$0.00,0.0,$21.33,2.9,$-1.24,0.0,$1.72,35.94,$1.52B,$0.72B,2.1,$0.60B,$1.29B,0.46,$2.12B,$0.94B,44.47%,$2.12B,$0.20B,9.50%,$2.12B,$0.20B,9.50%,$2.12B,$0.24B,11.44%,$2.12B,$0.20B,9.50%,$2.12B,$0.17B,7.99%,$0.17B,$1.29B,15.40%,$0.17B,$1.29B,15.40%,$0.17B,$2.65B,7.79%,$0.20B,$1.89B,12.45%,$620,$574,$46,$0,$73,$648,$-28,$6,$-61,$-123,$62,$-18,$-18,$-16,$-28,$102,102,$-0.18,$-0.18,$888,$74,$169,$1517,$0,$399,$0,$108,$668,$2652,$723,$597,$44,$641,$1364,$689,$549,$0,$1288,$2652,$126,$21,$0,$21,$0,$0,$0,$0,$0,$-32,$-89,$0,$0,$0,$0,$-55,$-27,$-170,$0,$324,$0,$0,$1,$-57,$7,$275,$73,$0,$0
46,2007-03-31,56.68,$0.00,0.0,$15.23,3.72,$-0.06,0.0,$1.90,29.83,$1.49B,$0.44B,3.35,$0.68B,$0.67B,1.02,$1.88B,$1.12B,59.37%,$1.88B,$0.29B,15.40%,$1.88B,$0.29B,15.40%,$1.88B,$0.33B,17.26%,$1.88B,$0.34B,17.84%,$1.88B,$0.24B,12.53%,$0.24B,$1.07B,23.38%,$0.24B,$1.07B,23.38%,$0.24B,$2.26B,12.54%,$0.29B,$1.75B,20.11%,$498,$172,$327,$0,$250,$435,$63,$16,$76,$20,$55,$56,$56,$72,$63,$99,99,$0.56,$0.56,$932,$59,$188,$1485,$0,$0,$0,$180,$180,$2260,$444,$680,$23,$743,$1187,$20,$631,$0,$1073,$2260,$43,$9,$0,$9,$0,$0,$0,$0,$0,$-7,$-78,$0,$0,$0,$0,$13,$3,$-62,$0,$235,$0,$0,$0,$-35,$4,$204,$134,$0,$0
47,2006-12-31,52.99,$0.00,0.0,$14.22,3.73,$1.06,50.22,$2.18,24.31,$1.32B,$0.47B,2.81,$0.44B,$0.64B,0.7,$1.78B,$1.04B,58.57%,$1.78B,$0.33B,18.49%,$1.78B,$0.33B,18.49%,$1.78B,$0.36B,20.29%,$1.78B,$0.37B,20.97%,$1.78B,$0.26B,14.73%,$0.26B,$1.03B,27.15%,$0.26B,$1.03B,27.15%,$0.26B,$1.99B,16.08%,$0.33B,$1.48B,26.80%,$497,$264,$233,$0,$164,$439,$58,$11,$69,$22,$47,$43,$43,$70,$58,$98,98,$0.44,$0.44,$798,$35,$173,$1315,$574,$0,$0,$172,$746,$1992,$468,$444,$13,$492,$960,$19,$602,$0,$1031,$1992,$266,$32,$0,$32,$0,$0,$0,$0,$-32,$248,$-229,$0,$0,$0,$0,$-310,$-38,$-577,$0,$35,$463,$0,$0,$-85,$-2,$411,$82,$0,$0
