,Date,Stock Price,Book Value per Share,Price to Book Ratio,TTM Sales per Share,Price to Sales Ratio,TTM FCF per Share,Price to FCF Ratio,TTM Net EPS,PE Ratio,Current Assets,Current Liabilities,Current Ratio,Long Term Debt,Shareholder's Equity_x,Debt to Equity Ratio,TTM Revenue_x,TTM Gross Profit,Gross Margin,TTM Revenue_y,TTM Operating Income,Operating Margin,TTM Revenue_x,TTM EBIT,EBIT Margin,TTM Revenue_y,TTM EBITDA,EBITDA Margin,TTM Revenue_x,TTM Pre-Tax Income,Pre-Tax Margin,TTM Revenue_y,TTM Net Income_x,Net Margin,TTM Net Income_y,Shareholder's Equity_y,Return on Equity,TTM Net Income_x,Tangible Equity,Return on Tangible Equity,TTM Net Income_y,Total Assets,Return on Assets,TTM Net Income,LT Investments & Debt,Return on Investment,revenue,cost-goods-sold,gross-profit,research-development-expenses,selling-general-administrative-expenses,operating-expenses,operating-income,total-non-operating-income-expense,pre-tax-income,total-provision-income-taxes,income-after-taxes,income-from-continuous-operations,net-income,ebitda,ebit,basic-shares-outstanding,shares-outstanding,eps-basic-net-earnings-per-share,eps-earnings-per-share-diluted,cash-on-hand,inventory,other-current-assets,total-current-assets,net-property-plant-equipment,long-term-investments,goodwill-intangible-assets-total,other-long-term-assets,total-long-term-assets,total-assets,total-current-liabilities,long-term-debt,other-non-current-liabilities,total-long-term-liabilities,total-liabilities,common-stock-net,retained-earnings-accumulated-deficit,comprehensive-income,total-share-holder-equity,total-liabilities-share-holders-equity,net-income-loss,total-depreciation-amortization-cash-flow,other-non-cash-items,total-non-cash-items,change-in-accounts-receivable,change-in-inventories,change-in-accounts-payable,change-in-assets-liabilities,total-change-in-assets-liabilities,cash-flow-from-operating-activities,net-change-in-property-plant-equipment,net-change-in-intangible-assets,net-acquisitions-divestitures,net-change-in-short-term-investments,net-change-in-long-term-investments,net-change-in-investments-total,investing-activities-other,cash-flow-from-investing-activities,net-long-term-debt,net-current-debt,debt-issuance-retirement-net-total,net-common-equity-issued-repurchased,net-total-equity-issued-repurchased,total-common-preferred-stock-dividends-paid,financial-activities-other,cash-flow-from-financial-activities,net-cash-flow,stock-based-compensation,common-stock-dividends-paid
0,2018-06-30,77.09,$41.72,1.85,$12.52,6.16,$7.36,10.47,$2.44,31.59,$0.95B,$0.14B,6.75,$0.00B,$3.94B,0.0,$1.18B,$0.43B,36.40%,$1.18B,$0.37B,31.08%,$1.18B,$0.37B,31.08%,$1.18B,$0.37B,31.08%,$1.18B,$0.37B,31.42%,$1.18B,$0.23B,19.76%,$0.23B,$3.94B,5.89%,$0.23B,$3.94B,5.89%,$0.23B,$4.20B,5.50%,$0.37B,$3.94B,9.25%,$284,$194,$90,$15,$0,$211,$73,$1,$74,$16,$58,$58,$52,$73,$73,$94,94,$0.55,$0.54,$604,$136,$0,$948,$1562,$1481,$0,$0,$3248,$4196,$140,$3,$56,$117,$257,$5,$1998,$0,$3939,$4196,$125,$0,$123,$123,$-33,$-12,$-9,$47,$-88,$160,$-80,$0,$0,$0,$-3,$-3,$0,$-83,$0,$0,$0,$0,$0,$-193,$0,$-193,$-116,$0,$-193
1,2018-03-31,83.24,$43.05,1.93,$13.10,6.35,$8.44,9.87,$2.78,29.94,$1.08B,$0.17B,6.27,$0.00B,$4.07B,0.0,$1.24B,$0.52B,41.79%,$1.24B,$0.45B,35.97%,$1.24B,$0.45B,35.97%,$1.24B,$0.45B,35.97%,$1.24B,$0.45B,36.22%,$1.24B,$0.27B,21.50%,$0.27B,$4.07B,6.73%,$0.27B,$4.07B,6.73%,$0.27B,$4.35B,6.26%,$0.45B,$4.07B,11.25%,$273,$180,$93,$16,$0,$187,$86,$1,$87,$21,$67,$67,$58,$86,$86,$94,94,$0.61,$0.60,$739,$125,$0,$1077,$1573,$1494,$0,$0,$3274,$4351,$172,$3,$56,$114,$286,$5,$2135,$0,$4065,$4351,$67,$0,$64,$64,$-28,$-1,$-19,$11,$-66,$64,$-42,$0,$0,$0,$0,$0,$0,$-42,$0,$0,$0,$0,$0,$-2,$0,$-2,$20,$0,$-2
2,2017-12-31,96.49,$42.41,2.28,$13.57,7.11,$9.18,10.51,$2.91,33.16,$1.02B,$0.20B,5.11,$0.00B,$3.99B,0.0,$1.28B,$0.57B,44.73%,$1.28B,$0.48B,37.31%,$1.28B,$0.48B,37.31%,$1.28B,$0.48B,37.31%,$1.28B,$0.48B,37.55%,$1.28B,$0.28B,21.70%,$0.28B,$3.99B,7.13%,$0.28B,$3.99B,7.13%,$0.28B,$4.30B,6.63%,$0.48B,$4.00B,12.26%,$329,$194,$135,$12,$0,$216,$113,$1,$114,$27,$87,$87,$75,$113,$113,$94,95,$0.81,$0.80,$720,$117,$0,$1021,$1577,$1491,$0,$0,$3283,$4303,$200,$3,$56,$111,$311,$5,$2078,$0,$3992,$4303,$335,$183,$181,$364,$-44,$7,$29,$8,$-151,$548,$-196,$0,$0,$0,$-30,$-30,$0,$-226,$0,$0,$0,$0,$0,$-118,$0,$-118,$204,$22,$-118
3,2017-09-30,95.29,$41.48,2.3,$13.88,6.87,$9.18,10.38,$2.95,32.3,$0.98B,$0.17B,5.86,$0.00B,$0.00B,0.0,$1.31B,$0.60B,45.72%,$1.31B,$0.49B,37.77%,$1.31B,$0.49B,37.77%,$1.31B,$0.49B,37.77%,$1.31B,$0.50B,37.84%,$1.31B,$0.28B,21.56%,$0.28B,$3.91B,7.35%,$0.28B,$3.91B,7.35%,$0.28B,$4.18B,6.83%,$0.49B,$3.91B,12.86%,$298,$185,$113,$12,$0,$202,$96,$1,$97,$37,$60,$60,$49,$96,$96,$94,94,$0.52,$0.51,$622,$135,$0,$981,$1570,$1470,$0,$0,$3200,$4181,$167,$3,$55,$109,$277,$0,$0,$0,$3905,$4181,$248,$0,$288,$288,$-10,$-13,$-7,$0,$-152,$384,$-140,$0,$0,$0,$-23,$-23,$0,$-163,$0,$0,$0,$0,$0,$-116,$0,$-116,$105,$0,$-116
4,2017-06-30,86.32,$40.96,2.11,$13.91,6.2,$8.68,9.95,$3.13,27.58,$0.95B,$0.20B,4.85,$0.00B,$0.00B,0.0,$1.31B,$0.62B,47.02%,$1.31B,$0.51B,38.78%,$1.31B,$0.51B,38.78%,$1.31B,$0.51B,38.78%,$1.31B,$0.51B,38.70%,$1.31B,$0.30B,22.82%,$0.30B,$3.85B,7.92%,$0.30B,$3.85B,7.92%,$0.30B,$4.16B,7.36%,$0.51B,$3.86B,13.45%,$337,$161,$176,$13,$0,$187,$150,$1,$150,$47,$103,$103,$84,$150,$150,$94,94,$0.89,$0.88,$573,$125,$0,$952,$1566,$1461,$0,$0,$3205,$4157,$196,$3,$55,$108,$304,$0,$0,$0,$3853,$4157,$188,$0,$197,$197,$-35,$-19,$5,$0,$-119,$265,$-86,$0,$0,$0,$-21,$-21,$0,$-107,$0,$0,$0,$0,$0,$-102,$0,$-102,$57,$0,$-102
5,2017-03-31,85.16,$40.84,2.09,$13.29,6.41,$7.93,10.74,$2.77,30.75,$0.96B,$0.19B,5.03,$0.00B,$0.00B,0.0,$1.25B,$0.54B,43.20%,$1.25B,$0.44B,35.04%,$1.25B,$0.44B,35.04%,$1.25B,$0.44B,35.04%,$1.25B,$0.44B,34.96%,$1.25B,$0.26B,21.12%,$0.26B,$3.84B,7.12%,$0.26B,$3.84B,7.12%,$0.26B,$4.14B,6.63%,$0.44B,$3.84B,11.81%,$317,$167,$149,$11,$0,$197,$119,$0,$120,$35,$85,$85,$70,$119,$119,$94,94,$0.74,$0.73,$600,$125,$0,$962,$1564,$1447,$0,$0,$3174,$4136,$191,$3,$55,$104,$296,$0,$0,$0,$3841,$4136,$85,$0,$92,$92,$-13,$-4,$-15,$0,$-43,$133,$-41,$0,$0,$0,$-3,$-3,$0,$-45,$0,$0,$0,$0,$0,$-4,$0,$-4,$84,$0,$-4
6,2016-12-31,73.65,$40.00,1.84,$12.78,5.76,$7.39,9.97,$2.61,28.22,$0.87B,$0.19B,4.6,$0.00B,$3.75B,0.0,$1.20B,$0.49B,40.88%,$1.20B,$0.40B,33.64%,$1.20B,$0.40B,33.64%,$1.20B,$0.40B,33.64%,$1.20B,$0.40B,33.47%,$1.20B,$0.25B,20.65%,$0.25B,$3.75B,6.82%,$0.25B,$3.75B,6.82%,$0.25B,$4.04B,6.36%,$0.40B,$3.76B,11.10%,$356,$197,$160,$8,$0,$227,$129,$-1,$128,$33,$94,$94,$79,$129,$129,$94,95,$0.84,$0.83,$516,$119,$0,$867,$1561,$1449,$0,$0,$3174,$4041,$188,$3,$55,$101,$289,$5,$1894,$0,$3752,$4041,$294,$175,$148,$324,$-53,$15,$-14,$25,$-97,$521,$-171,$0,$-1,$2,$12,$14,$0,$-158,$0,$0,$0,$3,$3,$-64,$0,$-61,$303,$24,$-64
7,2016-09-30,96.55,$38.97,2.48,$11.91,8.1,$5.62,17.19,$2.25,42.91,$0.72B,$0.17B,4.2,$0.00B,$3.66B,0.0,$1.12B,$0.43B,38.14%,$1.12B,$0.35B,31.07%,$1.12B,$0.35B,31.07%,$1.12B,$0.35B,31.07%,$1.12B,$0.34B,30.80%,$1.12B,$0.21B,19.16%,$0.21B,$3.66B,5.99%,$0.21B,$3.66B,5.99%,$0.21B,$3.92B,5.60%,$0.35B,$3.66B,9.71%,$300,$169,$131,$11,$0,$190,$110,$-0,$109,$32,$77,$77,$66,$110,$110,$94,94,$0.70,$0.69,$361,$136,$0,$720,$1567,$1479,$0,$0,$3198,$3918,$171,$3,$48,$92,$263,$0,$0,$0,$3655,$3918,$200,$0,$196,$196,$-40,$12,$3,$5,$-79,$317,$-121,$0,$0,$2,$9,$11,$0,$-109,$0,$0,$0,$3,$3,$-62,$-0,$-60,$148,$0,$-62
8,2016-06-30,108.09,$38.16,2.83,$11.40,9.48,$4.97,21.74,$2.01,53.78,$0.63B,$0.16B,3.82,$0.00B,$3.58B,0.0,$1.07B,$0.36B,33.33%,$1.07B,$0.30B,27.62%,$1.07B,$0.30B,27.62%,$1.07B,$0.30B,27.62%,$1.07B,$0.29B,27.34%,$1.07B,$0.19B,17.79%,$0.19B,$3.58B,5.40%,$0.19B,$3.58B,5.40%,$0.19B,$3.83B,5.05%,$0.30B,$3.58B,8.38%,$277,$177,$100,$13,$0,$196,$80,$-0,$80,$22,$59,$59,$49,$80,$80,$94,94,$0.52,$0.52,$273,$133,$0,$629,$1552,$1478,$0,$0,$3201,$3829,$164,$3,$48,$90,$255,$0,$0,$0,$3575,$3829,$123,$0,$116,$116,$-19,$5,$-8,$5,$-41,$197,$-89,$0,$0,$2,$5,$7,$0,$-82,$0,$0,$0,$1,$1,$-58,$0,$-56,$59,$0,$-58
9,2016-03-31,87.61,$38.10,2.3,$11.10,7.89,$4.61,19.01,$2.06,42.53,$0.60B,$0.16B,3.84,$0.00B,$3.56B,0.0,$1.04B,$0.32B,30.51%,$1.04B,$0.29B,27.62%,$1.04B,$0.29B,27.62%,$1.04B,$0.29B,27.62%,$1.04B,$0.28B,27.33%,$1.04B,$0.20B,18.77%,$0.20B,$3.56B,5.62%,$0.20B,$3.56B,5.62%,$0.20B,$3.81B,5.25%,$0.29B,$3.57B,8.27%,$268,$167,$100,$9,$0,$183,$85,$0,$85,$21,$64,$64,$54,$85,$85,$93,93,$0.58,$0.57,$254,$130,$1,$597,$1557,$1475,$0,$0,$3209,$3806,$155,$3,$48,$88,$243,$0,$0,$0,$3563,$3806,$64,$0,$57,$57,$-11,$4,$-10,$5,$-26,$96,$-55,$0,$0,$0,$1,$1,$0,$-53,$0,$0,$0,$1,$1,$-3,$0,$-2,$40,$0,$-3
10,2015-12-31,58.94,$37.46,1.57,$10.73,5.49,$4.88,12.07,$2.00,29.47,$0.54B,$0.16B,3.42,$0.00B,$3.49B,0.0,$1.00B,$0.28B,27.45%,$1.00B,$0.26B,26.35%,$1.00B,$0.26B,26.35%,$1.00B,$0.26B,26.35%,$1.00B,$0.26B,25.95%,$1.00B,$0.19B,18.86%,$0.19B,$3.49B,5.53%,$0.19B,$3.49B,5.53%,$0.19B,$3.74B,5.16%,$0.26B,$3.50B,7.72%,$272,$177,$95,$14,$0,$200,$72,$-2,$70,$17,$54,$54,$45,$72,$72,$93,94,$0.48,$0.48,$213,$131,$1,$544,$1547,$1473,$0,$0,$3194,$3737,$159,$3,$48,$86,$245,$5,$1708,$0,$3492,$3737,$213,$151,$35,$186,$-22,$6,$28,$42,$-1,$397,$-216,$0,$0,$0,$-2,$-2,$0,$-218,$0,$0,$0,$0,$0,$-49,$0,$-49,$131,$23,$-49
11,2015-09-30,56.24,$36.89,1.52,$10.28,5.47,$4.45,12.63,$2.06,27.3,$0.54B,$0.15B,3.55,$0.00B,$3.44B,0.0,$0.96B,$0.17B,17.36%,$0.96B,$0.28B,29.18%,$0.96B,$0.28B,29.18%,$0.96B,$0.28B,29.18%,$0.96B,$0.26B,27.51%,$0.96B,$0.19B,20.29%,$0.19B,$3.44B,5.76%,$0.19B,$3.44B,5.76%,$0.19B,$3.68B,5.37%,$0.28B,$3.44B,8.27%,$251,$190,$61,$10,$0,$192,$58,$-1,$57,$9,$49,$49,$42,$58,$58,$93,93,$0.45,$0.45,$168,$129,$1,$541,$1481,$1480,$0,$0,$3142,$3684,$153,$3,$56,$93,$245,$0,$0,$0,$3439,$3684,$159,$0,$125,$125,$-23,$1,$28,$35,$-1,$283,$-148,$0,$0,$0,$-2,$-2,$0,$-151,$0,$0,$0,$0,$0,$-47,$0,$-47,$86,$0,$-47
12,2015-06-30,63.72,$0.00,0.0,$10.65,5.98,$4.26,14.95,$2.23,28.57,$0.48B,$0.15B,3.12,$0.00B,$3.39B,0.0,$0.99B,$0.21B,20.85%,$0.99B,$0.30B,30.47%,$0.99B,$0.30B,30.47%,$0.99B,$0.30B,30.47%,$0.99B,$0.29B,28.95%,$0.99B,$0.21B,21.26%,$0.21B,$3.39B,6.32%,$0.21B,$3.39B,6.32%,$0.21B,$3.63B,5.88%,$0.30B,$3.39B,9.05%,$248,$187,$61,$13,$0,$175,$72,$-0,$72,$13,$59,$59,$54,$72,$72,$93,93,$0.58,$0.57,$111,$121,$0,$480,$0,$1477,$0,$184,$1662,$3630,$154,$3,$56,$91,$245,$5,$1621,$0,$3385,$3630,$110,$0,$71,$71,$-33,$5,$26,$25,$-9,$173,$-99,$0,$0,$0,$-3,$-3,$0,$-101,$0,$0,$0,$0,$0,$-45,$0,$-45,$26,$0,$-45
13,2015-03-31,65.93,$36.14,1.82,$11.15,5.91,$3.72,17.71,$2.22,29.7,$0.46B,$0.17B,2.73,$0.00B,$3.36B,0.0,$1.03B,$0.29B,28.17%,$1.03B,$0.33B,31.56%,$1.03B,$0.33B,31.56%,$1.03B,$0.33B,31.56%,$1.03B,$0.31B,29.62%,$1.03B,$0.21B,20.23%,$0.21B,$3.36B,6.39%,$0.21B,$3.36B,6.39%,$0.21B,$3.61B,5.91%,$0.33B,$3.36B,9.95%,$231,$173,$58,$9,$0,$169,$62,$-1,$61,$10,$51,$51,$48,$62,$62,$93,93,$0.52,$0.51,$141,$122,$1,$455,$1494,$1464,$0,$0,$3158,$3612,$166,$3,$56,$90,$257,$0,$0,$0,$3356,$3612,$51,$0,$33,$33,$-9,$4,$29,$5,$17,$102,$-35,$0,$0,$0,$-3,$-3,$0,$-38,$0,$0,$0,$0,$0,$-5,$0,$-5,$58,$0,$-5
14,2014-12-31,63.09,$35.64,1.77,$11.74,5.38,$3.13,20.14,$2.50,25.24,$0.40B,$0.14B,2.8,$0.00B,$3.30B,0.0,$1.09B,$0.37B,34.44%,$1.09B,$0.36B,32.87%,$1.09B,$0.36B,32.87%,$1.09B,$0.36B,32.87%,$1.09B,$0.35B,32.50%,$1.09B,$0.24B,21.64%,$0.24B,$3.30B,7.30%,$0.24B,$3.30B,7.30%,$0.24B,$3.53B,6.73%,$0.36B,$3.31B,11.07%,$226,$240,$-14,$4,$-36,$139,$87,$-14,$73,$19,$54,$50,$50,$87,$87,$93,93,$0.54,$0.53,$83,$126,$1,$396,$1495,$1438,$0,$0,$3137,$3533,$142,$3,$56,$89,$230,$5,$1575,$0,$3303,$3533,$271,$147,$63,$147,$-4,$18,$-81,$-2,$-163,$318,$-179,$0,$0,$0,$-42,$-42,$0,$-222,$0,$0,$0,$2,$2,$-53,$0,$-51,$45,$24,$-53
15,2014-09-30,63.26,$0.00,0.0,$12.46,5.08,$3.39,18.66,$2.84,22.27,$0.46B,$0.18B,2.57,$0.00B,$3.25B,0.0,$1.15B,$0.45B,39.24%,$1.15B,$0.44B,38.28%,$1.15B,$0.44B,38.28%,$1.15B,$0.57B,49.65%,$1.15B,$0.41B,35.59%,$1.15B,$0.27B,23.09%,$0.27B,$3.25B,8.42%,$0.27B,$3.25B,8.42%,$0.27B,$3.51B,7.70%,$0.44B,$3.26B,13.94%,$283,$182,$101,$9,$0,$203,$80,$-1,$80,$14,$66,$66,$58,$80,$80,$93,93,$0.63,$0.62,$65,$155,$0,$455,$0,$1410,$0,$163,$1574,$3512,$177,$3,$49,$82,$259,$5,$1526,$0,$3253,$3512,$217,$0,$148,$148,$-35,$16,$-18,$0,$-117,$248,$-132,$0,$0,$0,$-44,$-44,$0,$-177,$0,$0,$0,$2,$2,$-49,$0,$-46,$25,$0,$-49
16,2014-06-30,79.18,$0.00,0.0,$13.00,6.09,$2.84,27.9,$3.10,25.54,$0.42B,$0.24B,1.77,$0.00B,$3.18B,0.0,$1.20B,$0.54B,44.55%,$1.20B,$0.50B,41.55%,$1.20B,$0.50B,41.55%,$1.20B,$0.63B,52.46%,$1.20B,$0.46B,38.05%,$1.20B,$0.29B,24.06%,$0.29B,$3.18B,9.36%,$0.29B,$3.18B,9.36%,$0.29B,$3.50B,8.51%,$0.50B,$3.18B,16.14%,$293,$147,$146,$14,$4,$196,$97,$-5,$92,$26,$66,$53,$53,$97,$97,$93,93,$0.57,$0.56,$29,$157,$0,$416,$0,$1387,$0,$203,$1591,$3496,$235,$3,$49,$82,$316,$5,$1468,$0,$3180,$3496,$151,$0,$0,$0,$0,$0,$0,$0,$-70,$123,$-99,$0,$-39,$0,$0,$0,$0,$-138,$0,$0,$50,$0,$2,$-49,$0,$3,$-11,$0,$0
17,2014-03-31,70.19,$0.00,0.0,$12.32,5.7,$2.29,30.7,$3.04,23.09,$0.40B,$0.21B,1.92,$0.00B,$3.15B,0.0,$1.14B,$0.47B,41.16%,$1.14B,$0.43B,38.17%,$1.14B,$0.43B,38.17%,$1.14B,$0.57B,49.69%,$1.14B,$0.43B,37.47%,$1.14B,$0.28B,24.80%,$0.28B,$3.15B,9.37%,$0.28B,$3.15B,9.37%,$0.28B,$3.44B,8.57%,$0.43B,$3.15B,14.41%,$284,$144,$141,$11,$1,$192,$93,$16,$108,$23,$85,$74,$74,$93,$93,$93,93,$0.80,$0.79,$14,$175,$0,$399,$0,$1382,$0,$195,$1578,$3436,$208,$3,$49,$80,$288,$5,$1461,$0,$3148,$3436,$108,$0,$0,$0,$0,$0,$0,$0,$-69,$50,$-38,$0,$0,$0,$0,$0,$-34,$-73,$0,$0,$0,$0,$1,$-5,$0,$-4,$-27,$0,$0
18,2013-12-31,58.43,$33.15,1.76,$12.32,4.74,$2.41,24.22,$3.00,19.48,$0.41B,$0.24B,1.71,$0.00B,$3.06B,0.0,$1.14B,$0.46B,40.16%,$1.14B,$0.41B,35.94%,$1.14B,$0.41B,35.94%,$1.14B,$0.54B,47.45%,$1.14B,$0.40B,35.41%,$1.14B,$0.28B,24.43%,$0.28B,$3.06B,9.47%,$0.28B,$3.06B,9.47%,$0.28B,$3.38B,8.68%,$0.41B,$3.06B,13.92%,$292,$228,$64,$9,$-4,$120,$171,$-42,$130,$37,$92,$81,$81,$302,$171,$92,92,$0.88,$0.87,$38,$180,$0,$406,$1458,$1320,$0,$191,$1513,$3377,$238,$3,$49,$81,$319,$5,$1387,$0,$3058,$3377,$402,$0,$64,$194,$-63,$-50,$66,$14,$-47,$464,$-303,$0,$-425,$0,$-425,$0,$0,$-728,$0,$0,$0,$1,$1,$-73,$0,$-72,$-336,$26,$-73
19,2013-09-30,66.54,$0.00,0.0,$13.30,5.0,$-0.08,0.0,$3.44,19.34,$0.68B,$0.23B,2.93,$0.00B,$2.97B,0.0,$1.23B,$0.56B,45.44%,$1.23B,$0.50B,40.88%,$1.23B,$0.50B,40.88%,$1.23B,$0.62B,50.49%,$1.23B,$0.42B,33.79%,$1.23B,$0.32B,25.98%,$0.32B,$2.97B,11.13%,$0.32B,$2.97B,11.13%,$0.32B,$3.28B,10.16%,$0.50B,$2.97B,17.47%,$332,$148,$184,$13,$3,$194,$138,$-11,$127,$29,$98,$81,$81,$138,$138,$92,92,$0.88,$0.88,$18,$341,$0,$680,$0,$1222,$0,$0,$1224,$3277,$232,$3,$53,$79,$311,$5,$1305,$0,$2966,$3277,$233,$0,$0,$0,$0,$0,$0,$0,$0,$255,$-190,$0,$0,$0,$0,$0,$-355,$-545,$0,$0,$0,$0,$1,$-45,$-23,$-67,$-357,$0,$0
20,2013-06-30,59.54,$0.00,0.0,$13.11,4.54,$-0.87,0.0,$3.67,16.22,$0.61B,$0.13B,4.73,$0.00B,$2.87B,0.0,$1.21B,$0.55B,45.47%,$1.21B,$0.49B,40.61%,$1.21B,$0.49B,40.61%,$1.21B,$0.61B,50.33%,$1.21B,$0.42B,34.93%,$1.21B,$0.34B,28.09%,$0.34B,$2.87B,12.23%,$0.34B,$2.87B,12.23%,$0.34B,$3.07B,11.15%,$0.49B,$2.87B,17.63%,$229,$150,$79,$15,$0,$197,$32,$29,$61,$7,$54,$46,$46,$32,$32,$92,92,$0.50,$0.50,$46,$333,$0,$612,$0,$1109,$0,$0,$1111,$3074,$129,$3,$53,$79,$209,$5,$1224,$0,$2865,$3074,$146,$0,$0,$0,$0,$0,$0,$0,$-114,$110,$-137,$0,$0,$0,$0,$-239,$0,$-376,$0,$0,$0,$0,$0,$-63,$0,$-63,$-329,$0,$0
21,2013-03-31,79.49,$0.00,0.0,$14.35,5.54,$-0.64,0.0,$4.43,17.94,$0.77B,$0.15B,5.18,$0.00B,$2.85B,0.0,$1.33B,$0.69B,51.73%,$1.33B,$0.63B,47.52%,$1.33B,$0.63B,47.52%,$1.33B,$0.75B,56.38%,$1.33B,$0.52B,38.74%,$1.33B,$0.41B,30.93%,$0.41B,$2.85B,15.25%,$0.41B,$2.85B,15.25%,$0.41B,$3.08B,13.77%,$0.63B,$2.86B,23.37%,$285,$154,$130,$13,$0,$217,$68,$18,$85,$4,$82,$70,$70,$68,$68,$92,93,$0.76,$0.75,$252,$299,$0,$771,$0,$995,$0,$0,$997,$3081,$149,$3,$53,$79,$228,$5,$1224,$0,$2853,$3081,$82,$0,$0,$0,$0,$0,$0,$0,$-47,$92,$-69,$0,$0,$0,$0,$-134,$0,$-203,$0,$0,$0,$0,$0,$-13,$0,$-13,$-124,$0,$0
22,2012-12-31,91.72,$0.00,0.0,$14.24,6.44,$-1.29,0.0,$4.64,19.77,$0.97B,$0.24B,4.1,$0.02B,$2.79B,0.01,$1.32B,$0.73B,55.16%,$1.32B,$0.68B,51.59%,$1.32B,$0.68B,51.59%,$1.32B,$0.80B,60.55%,$1.32B,$0.55B,41.50%,$1.32B,$0.43B,32.70%,$0.43B,$2.79B,16.62%,$0.43B,$2.79B,16.62%,$0.43B,$3.13B,14.94%,$0.68B,$2.80B,26.16%,$382,$217,$165,$7,$-12,$118,$264,$12,$142,$-1,$144,$122,$122,$382,$264,$92,92,$1.32,$1.31,$387,$292,$241,$968,$0,$0,$0,$8,$11,$3127,$236,$17,$60,$106,$342,$5,$1154,$0,$2785,$3127,$568,$0,$16,$134,$-121,$-82,$19,$74,$-192,$494,$-562,$0,$0,$0,$-295,$1,$0,$-561,$0,$0,$15,$14,$14,$-62,$0,$-33,$-100,$21,$-62
23,2012-09-30,113.71,$0.00,0.0,$13.49,8.43,$0.78,145.23,$4.58,24.83,$0.98B,$0.22B,4.36,$0.00B,$2.65B,0.0,$1.25B,$0.74B,59.26%,$1.25B,$0.59B,47.63%,$1.25B,$0.59B,47.63%,$1.25B,$0.59B,47.63%,$1.25B,$0.55B,44.43%,$1.25B,$0.43B,34.08%,$0.43B,$2.65B,17.20%,$0.43B,$2.65B,17.20%,$0.43B,$2.96B,15.54%,$0.59B,$2.66B,24.01%,$318,$140,$178,$9,$0,$189,$129,$6,$136,$15,$121,$103,$103,$129,$129,$92,93,$1.12,$1.11,$450,$274,$0,$978,$0,$0,$0,$4,$4,$2955,$224,$3,$41,$77,$302,$5,$1033,$0,$2653,$2955,$367,$0,$0,$0,$0,$0,$0,$0,$-140,$361,$-369,$0,$0,$0,$0,$0,$0,$-369,$0,$0,$0,$0,$14,$-50,$0,$-36,$-44,$0,$0
24,2012-06-30,83.22,$0.00,0.0,$13.40,6.21,$1.61,51.55,$4.62,18.01,$0.92B,$0.21B,4.37,$0.00B,$2.52B,0.0,$1.24B,$0.77B,62.04%,$1.24B,$0.60B,48.55%,$1.24B,$0.60B,48.55%,$1.24B,$0.60B,48.55%,$1.24B,$0.56B,44.99%,$1.24B,$0.43B,34.65%,$0.43B,$2.52B,18.29%,$0.43B,$2.52B,18.29%,$0.43B,$2.81B,16.58%,$0.60B,$2.52B,25.60%,$347,$131,$216,$14,$0,$174,$172,$-19,$153,$11,$142,$117,$117,$172,$172,$92,93,$1.28,$1.26,$453,$230,$5,$920,$0,$0,$0,$3,$3,$2806,$211,$0,$43,$77,$288,$5,$929,$0,$2518,$2806,$246,$0,$0,$0,$0,$0,$0,$0,$-86,$234,$-239,$0,$0,$0,$0,$0,$0,$-239,$0,$0,$0,$0,$7,$-37,$0,$-30,$-35,$0,$0
25,2012-03-31,80.92,$0.00,0.0,$13.20,6.13,$2.27,35.61,$4.58,17.67,$0.86B,$0.16B,5.47,$0.00B,$2.42B,0.0,$1.21B,$0.75B,61.80%,$1.21B,$0.59B,48.76%,$1.21B,$0.59B,48.76%,$1.21B,$0.59B,48.76%,$1.21B,$0.55B,45.05%,$1.21B,$0.43B,35.07%,$0.43B,$2.42B,19.15%,$0.43B,$2.42B,19.15%,$0.43B,$2.65B,17.38%,$0.59B,$2.42B,26.61%,$271,$103,$168,$11,$19,$157,$115,$2,$116,$12,$104,$89,$89,$115,$115,$92,92,$0.97,$0.96,$457,$226,$8,$860,$0,$0,$0,$3,$3,$2648,$157,$3,$40,$71,$228,$5,$849,$0,$2420,$2648,$104,$0,$0,$0,$0,$0,$0,$0,$-68,$76,$-112,$0,$0,$0,$0,$0,$0,$-112,$0,$0,$0,$0,$6,$0,$0,$6,$-31,$0,$0
26,2011-12-31,93.91,$0.00,0.0,$12.29,7.64,$2.51,37.38,$4.07,23.07,$0.85B,$0.18B,4.75,$0.00B,$2.30B,0.0,$1.13B,$0.68B,60.07%,$1.13B,$0.54B,47.91%,$1.13B,$0.54B,47.91%,$1.13B,$0.54B,47.91%,$1.13B,$0.49B,43.03%,$1.13B,$0.38B,33.45%,$0.38B,$2.30B,18.06%,$0.38B,$2.30B,18.06%,$0.38B,$2.53B,16.39%,$0.54B,$2.30B,25.84%,$311,$135,$177,$12,$-20,$134,$178,$-29,$149,$13,$136,$116,$116,$178,$178,$92,92,$1.26,$1.25,$488,$219,$106,$845,$0,$0,$0,$2,$2,$2533,$178,$3,$40,$60,$238,$5,$752,$0,$2295,$2533,$433,$0,$0,$0,$0,$0,$0,$0,$-4,$570,$-448,$0,$0,$0,$0,$-1,$0,$-449,$0,$0,$-0,$0,$19,$-18,$0,$1,$121,$0,$0
27,2011-09-30,88.96,$0.00,0.0,$10.18,8.74,$-1.54,0.0,$3.11,28.61,$0.77B,$0.17B,4.66,$0.00B,$2.15B,0.0,$0.96B,$0.56B,58.33%,$0.96B,$0.41B,42.50%,$0.96B,$0.41B,42.50%,$0.96B,$0.41B,42.50%,$0.96B,$0.38B,39.79%,$0.96B,$0.29B,30.52%,$0.29B,$2.15B,14.83%,$0.29B,$2.15B,14.83%,$0.29B,$2.36B,13.53%,$0.41B,$2.15B,20.63%,$309,$102,$207,$9,$31,$173,$136,$3,$139,$16,$123,$107,$107,$136,$136,$91,93,$1.17,$1.15,$433,$207,$8,$773,$0,$0,$0,$7,$7,$2361,$166,$3,$30,$45,$211,$5,$637,$0,$2149,$2361,$336,$0,$0,$0,$0,$0,$0,$0,$-3,$414,$-345,$0,$0,$0,$0,$0,$0,$-345,$0,$0,$0,$0,$16,$-18,$0,$-3,$66,$0,$0
28,2011-06-30,77.31,$0.00,0.0,$8.13,9.51,$-4.94,0.0,$2.22,34.82,$0.73B,$0.19B,3.94,$0.00B,$2.01B,0.0,$0.77B,$0.41B,53.06%,$0.77B,$0.29B,38.33%,$0.77B,$0.29B,38.33%,$0.77B,$0.29B,38.33%,$0.77B,$0.28B,35.85%,$0.77B,$0.21B,27.38%,$0.21B,$2.01B,11.11%,$0.21B,$2.01B,11.11%,$0.21B,$2.24B,10.16%,$0.29B,$2.01B,15.54%,$321,$124,$197,$12,$0,$159,$162,$-19,$142,$14,$128,$113,$113,$162,$162,$91,91,$1.24,$1.22,$406,$207,$12,$733,$0,$0,$0,$8,$9,$2242,$186,$0,$33,$46,$232,$5,$530,$0,$2011,$2242,$174,$0,$0,$0,$0,$0,$0,$0,$44,$290,$-235,$0,$0,$0,$0,$0,$0,$-235,$0,$0,$0,$0,$3,$-18,$0,$-16,$39,$0,$0
29,2011-03-31,74.81,$0.00,0.0,$5.74,13.04,$-7.25,0.0,$1.38,54.21,$0.67B,$0.13B,5.31,$0.00B,$1.90B,0.0,$0.55B,$0.25B,45.90%,$0.55B,$0.15B,27.69%,$0.55B,$0.15B,27.69%,$0.55B,$0.15B,27.69%,$0.55B,$0.17B,31.51%,$0.55B,$0.13B,24.23%,$0.13B,$1.90B,7.28%,$0.13B,$1.90B,7.28%,$0.13B,$2.07B,6.71%,$0.15B,$1.90B,8.31%,$186,$90,$96,$10,$0,$122,$64,$-9,$55,$9,$46,$41,$41,$64,$64,$91,91,$0.46,$0.45,$352,$201,$13,$670,$1563,$0,$0,$9,$1573,$2066,$126,$3,$30,$45,$172,$5,$469,$0,$1895,$2066,$46,$0,$0,$0,$0,$0,$0,$0,$11,$85,$-99,$0,$0,$0,$0,$0,$0,$-99,$0,$0,$-0,$0,$0,$0,$0,$0,$-14,$0,$0
30,2010-12-31,75.53,$0.00,0.0,$5.06,14.93,$-7.87,0.0,$1.14,66.26,$0.68B,$0.10B,6.53,$0.00B,$1.85B,0.0,$0.49B,$0.22B,44.24%,$0.49B,$0.13B,25.93%,$0.49B,$0.13B,25.93%,$0.49B,$0.13B,25.93%,$0.49B,$0.15B,30.04%,$0.49B,$0.12B,23.87%,$0.12B,$1.85B,6.51%,$0.12B,$1.85B,6.51%,$0.12B,$1.99B,6.04%,$0.13B,$1.85B,7.07%,$144,$84,$60,$-24,$35,$98,$46,$-5,$46,$13,$32,$32,$32,$46,$46,$111,111,$0.29,$0.29,$366,$196,$16,$676,$1463,$0,$0,$10,$1474,$1994,$104,$3,$30,$45,$148,$5,$425,$0,$1846,$1994,$121,$0,$0,$0,$0,$0,$0,$0,$-24,$108,$-411,$0,$0,$0,$0,$24,$42,$-345,$0,$0,$-1,$0,$31,$-15,$0,$14,$-223,$0,$0
31,2010-09-30,93.08,$0.00,0.0,$5.31,17.54,$-6.62,0.0,$1.20,77.57,$0.70B,$0.14B,5.2,$0.00B,$0.05B,0.0,$0.48B,$0.23B,47.61%,$0.48B,$0.14B,29.31%,$0.48B,$0.14B,29.31%,$0.48B,$0.14B,29.31%,$0.48B,$0.15B,30.15%,$0.48B,$0.12B,25.57%,$0.12B,$1.81B,7.07%,$0.12B,$1.81B,7.07%,$0.12B,$1.97B,6.55%,$0.14B,$1.81B,8.10%,$116,$62,$54,$12,$10,$94,$22,$2,$32,$4,$28,$24,$24,$22,$22,$91,91,$0.26,$0.26,$417,$127,$20,$703,$0,$0,$0,$30,$30,$1969,$135,$0,$20,$26,$161,$0,$0,$0,$1808,$1969,$88,$0,$0,$0,$0,$0,$0,$0,$25,$107,$-348,$0,$14,$0,$0,$0,$42,$-292,$0,$0,$-0,$0,$28,$-15,$0,$12,$-173,$0,$0
32,2010-06-30,86.93,$0.00,0.0,$5.31,16.37,$-4.79,0.0,$1.08,80.49,$0.75B,$0.11B,6.77,$0.00B,$1.76B,0.0,$0.47B,$0.22B,47.01%,$0.47B,$0.13B,28.63%,$0.47B,$0.13B,28.63%,$0.47B,$0.13B,28.63%,$0.47B,$0.13B,27.99%,$0.47B,$0.11B,24.15%,$0.11B,$1.76B,7.24%,$0.11B,$1.76B,7.24%,$0.11B,$1.90B,6.69%,$0.13B,$1.76B,8.57%,$103,$60,$42,$10,$4,$83,$20,$12,$40,$4,$36,$36,$36,$20,$20,$91,91,$0.38,$0.38,$487,$119,$20,$753,$0,$0,$0,$33,$33,$1897,$111,$0,$20,$24,$135,$5,$343,$0,$1762,$1897,$60,$0,$0,$0,$0,$0,$0,$0,$-3,$60,$-215,$0,$0,$0,$0,$0,$49,$-166,$0,$0,$-1,$0,$20,$-15,$0,$4,$-103,$0,$0
33,2010-03-31,70.49,$0.00,0.0,$5.53,12.76,$-3.46,0.0,$0.89,79.2,$0.77B,$0.10B,8.08,$0.00B,$1.71B,0.0,$0.47B,$0.23B,48.93%,$0.47B,$0.15B,31.20%,$0.47B,$0.15B,31.20%,$0.47B,$0.15B,31.20%,$0.47B,$0.11B,24.36%,$0.47B,$0.10B,20.51%,$0.10B,$1.71B,7.36%,$0.10B,$1.71B,7.36%,$0.10B,$1.83B,6.71%,$0.15B,$1.71B,11.17%,$123,$64,$59,$13,$0,$84,$38,$-10,$28,$4,$24,$24,$24,$38,$38,$90,90,$0.21,$0.21,$507,$111,$30,$769,$1129,$0,$0,$66,$1194,$1828,$95,$0,$20,$25,$120,$5,$338,$0,$1708,$1828,$24,$0,$0,$0,$0,$0,$0,$0,$-16,$19,$-88,$0,$0,$0,$0,$0,$-1,$-89,$0,$0,$-0,$0,$3,$-15,$0,$-13,$-83,$0,$0
34,2009-12-31,72.45,$0.00,0.0,$5.31,13.65,$-2.69,0.0,$0.82,88.35,$0.84B,$0.11B,7.48,$0.00B,$1.68B,0.0,$0.43B,$0.21B,48.61%,$0.43B,$0.13B,30.09%,$0.43B,$0.13B,30.09%,$0.43B,$0.13B,30.09%,$0.43B,$0.11B,24.31%,$0.43B,$0.09B,19.68%,$0.09B,$1.68B,8.08%,$0.09B,$1.68B,8.08%,$0.09B,$1.82B,7.19%,$0.13B,$1.69B,12.31%,$139,$65,$74,$-15,$20,$77,$61,$-50,$45,$7,$39,$39,$39,$61,$61,$90,90,$0.36,$0.35,$590,$109,$18,$838,$0,$0,$0,$68,$69,$1820,$112,$3,$17,$25,$137,$5,$305,$0,$1683,$1820,$84,$0,$0,$0,$0,$0,$0,$0,$-61,$64,$-197,$0,$171,$0,$0,$0,$-57,$-82,$0,$0,$-2,$0,$362,$-10,$0,$351,$332,$0,$0
35,2009-09-30,63.97,$0.00,0.0,$4.79,13.36,$-1.57,0.0,$0.59,108.42,$0.69B,$0.10B,7.14,$0.00B,$0.00B,0.0,$0.37B,$0.15B,41.51%,$0.37B,$0.07B,19.41%,$0.37B,$0.07B,19.41%,$0.37B,$0.09B,25.07%,$0.37B,$0.08B,20.22%,$0.37B,$0.06B,14.82%,$0.06B,$1.09B,6.85%,$0.06B,$1.09B,6.85%,$0.06B,$1.22B,5.90%,$0.07B,$1.10B,8.92%,$103,$58,$45,$13,$10,$89,$15,$-7,$18,$4,$14,$14,$14,$15,$15,$81,81,$0.14,$0.14,$521,$92,$0,$692,$0,$0,$0,$83,$84,$1215,$97,$4,$18,$25,$122,$0,$0,$0,$1093,$1215,$46,$0,$0,$0,$0,$0,$0,$0,$-13,$56,$-123,$0,$0,$0,$0,$0,$0,$-123,$0,$0,$-1,$0,$342,$-10,$0,$330,$263,$0,$0
36,2009-06-30,58.74,$0.00,0.0,$4.94,11.9,$-0.76,0.0,$0.97,60.56,$0.37B,$0.09B,3.94,$0.00B,$0.73B,0.01,$1.64B,$1.43B,87.43%,$1.64B,$1.37B,83.40%,$1.64B,$1.37B,83.40%,$1.64B,$1.39B,84.69%,$1.64B,$0.06B,3.72%,$1.64B,$0.55B,33.25%,$0.55B,$0.73B,78.33%,$0.55B,$0.73B,78.33%,$0.55B,$0.86B,65.80%,$1.37B,$0.74B,195.29%,$103,$52,$51,$13,$0,$72,$32,$-8,$23,$5,$19,$19,$19,$32,$32,$77,77,$0.19,$0.19,$220,$86,$0,$371,$510,$0,$0,$88,$599,$858,$94,$4,$25,$31,$126,$4,$249,$0,$732,$858,$32,$0,$0,$0,$0,$0,$0,$0,$-13,$46,$-75,$0,$0,$0,$0,$0,$0,$-75,$0,$-1,$0,$0,$3,$-10,$0,$-8,$-38,$0,$0
37,2009-03-31,49.75,$0.00,0.0,$4.87,10.23,$-0.51,0.0,$1.02,48.78,$0.38B,$0.10B,4.0,$0.00B,$0.70B,0.01,$1.63B,$1.43B,87.68%,$1.63B,$1.37B,83.69%,$1.63B,$1.37B,83.69%,$1.63B,$1.39B,84.98%,$1.63B,$0.07B,3.99%,$1.63B,$0.54B,33.35%,$0.54B,$0.70B,80.83%,$0.54B,$0.70B,80.83%,$0.54B,$0.83B,66.67%,$1.37B,$0.70B,198.91%,$87,$48,$40,$11,$0,$65,$22,$-3,$19,$6,$13,$13,$13,$22,$22,$77,77,$0.14,$0.14,$248,$80,$0,$380,$463,$0,$0,$94,$559,$834,$95,$4,$32,$39,$134,$4,$222,$0,$700,$834,$19,$0,$0,$0,$0,$0,$0,$0,$5,$28,$-28,$0,$0,$0,$0,$0,$0,$-28,$0,$0,$-1,$0,$2,$-10,$0,$-9,$-9,$0,$0
38,2008-12-31,40.1,$0.00,0.0,$4.98,8.05,$-0.47,0.0,$1.09,36.79,$0.39B,$0.10B,4.02,$0.00B,$0.69B,0.01,$1.64B,$1.44B,87.74%,$1.64B,$1.37B,83.72%,$1.64B,$1.37B,83.72%,$1.64B,$1.39B,85.00%,$1.64B,$0.07B,4.33%,$1.64B,$0.55B,33.48%,$0.55B,$0.69B,84.56%,$0.55B,$0.69B,84.56%,$0.55B,$0.82B,68.11%,$1.37B,$0.69B,207.40%,$78,$60,$18,$-20,$30,$75,$3,$-4,$15,$6,$9,$9,$9,$24,$3,$76,76,$0.12,$0.12,$258,$82,$0,$387,$0,$0,$0,$97,$98,$821,$96,$4,$30,$37,$133,$4,$246,$0,$688,$821,$47,$21,$0,$21,$0,$0,$0,$0,$-48,$58,$-85,$0,$0,$0,$0,$0,$0,$-85,$0,$0,$-4,$0,$4,$-9,$0,$-9,$-37,$0,$0
39,2008-09-30,37.46,$0.00,0.0,$5.19,7.22,$0.09,412.09,$1.16,32.29,$0.38B,$0.09B,3.99,$0.01B,$0.66B,0.01,$1.65B,$1.45B,88.06%,$1.65B,$1.39B,84.24%,$1.65B,$1.39B,84.24%,$1.65B,$1.41B,85.52%,$1.65B,$0.08B,4.73%,$1.65B,$0.55B,33.58%,$0.55B,$0.66B,88.08%,$0.55B,$0.66B,88.08%,$0.55B,$0.80B,69.60%,$1.39B,$0.67B,216.43%,$1371,$48,$1324,$8,$0,$62,$1310,$-23,$4,$5,$-1,$504,$504,$1310,$1310,$921,961,$0.55,$0.52,$264,$71,$0,$375,$0,$0,$0,$113,$115,$800,$94,$5,$37,$43,$137,$4,$237,$0,$663,$800,$56,$0,$0,$0,$0,$0,$0,$0,$-45,$37,$-57,$0,$0,$0,$0,$0,$0,$-57,$0,$0,$-3,$0,$2,$-9,$0,$-9,$-30,$0,$0
40,2008-06-30,42.16,$0.00,0.0,$4.77,8.84,$0.00,0.0,$0.80,52.7,$0.44B,$0.11B,3.91,$0.04B,$0.64B,0.06,$0.35B,$0.16B,47.13%,$0.35B,$0.10B,28.16%,$0.35B,$0.10B,28.16%,$0.35B,$0.12B,34.20%,$0.35B,$0.09B,26.44%,$0.35B,$0.06B,17.82%,$0.06B,$0.64B,11.20%,$0.06B,$0.64B,11.20%,$0.06B,$0.81B,8.46%,$0.10B,$0.68B,16.97%,$95,$47,$48,$13,$0,$66,$30,$-11,$27,$7,$20,$18,$18,$30,$30,$75,75,$0.24,$0.24,$275,$67,$49,$436,$0,$0,$0,$75,$77,$809,$111,$40,$15,$57,$168,$4,$238,$0,$641,$809,$52,$0,$0,$0,$0,$0,$0,$0,$-33,$28,$-38,$0,$0,$0,$0,$0,$0,$-38,$0,$0,$-1,$0,$1,$-9,$0,$-10,$-19,$0,$0
41,2008-03-31,42.31,$0.00,0.0,$4.41,9.59,$0.15,279.81,$0.64,66.1,$0.44B,$0.11B,3.87,$0.00B,$0.00B,0.0,$0.32B,$0.15B,46.84%,$0.32B,$0.08B,26.27%,$0.32B,$0.08B,26.27%,$0.32B,$0.10B,32.91%,$0.32B,$0.08B,23.73%,$0.32B,$0.05B,16.14%,$0.05B,$0.61B,10.56%,$0.05B,$0.61B,10.56%,$0.05B,$0.79B,7.69%,$0.08B,$0.61B,16.31%,$96,$47,$49,$14,$0,$66,$30,$5,$25,$7,$18,$18,$18,$30,$30,$76,76,$0.21,$0.21,$288,$61,$49,$442,$362,$0,$0,$71,$435,$794,$114,$2,$61,$75,$189,$0,$0,$0,$605,$794,$25,$0,$0,$0,$0,$0,$0,$0,$-16,$17,$-14,$0,$0,$0,$0,$0,$0,$-14,$0,$-0,$0,$0,$0,$-9,$0,$-9,$-6,$0,$0
42,2007-12-31,33.82,$0.00,0.0,$4.07,8.3,$0.16,207.38,$0.59,57.33,$0.44B,$0.10B,4.29,$0.01B,$0.61B,0.01,$0.28B,$0.13B,46.29%,$0.28B,$0.07B,24.38%,$0.28B,$0.07B,24.38%,$0.28B,$0.09B,31.80%,$0.28B,$0.07B,23.32%,$0.28B,$0.05B,16.25%,$0.05B,$0.61B,11.02%,$0.05B,$0.61B,11.02%,$0.05B,$0.78B,7.75%,$0.07B,$0.61B,15.34%,$88,$55,$32,$-5,$13,$67,$20,$-7,$22,$8,$14,$14,$14,$41,$20,$72,72,$0.19,$0.19,$343,$57,$0,$443,$0,$0,$0,$66,$68,$781,$103,$6,$63,$70,$174,$4,$214,$0,$607,$781,$46,$21,$0,$21,$0,$0,$0,$0,$-24,$62,$-48,$0,$0,$0,$0,$-49,$0,$-97,$0,$0,$-44,$0,$236,$-7,$0,$185,$151,$0,$0
43,2007-09-30,30.28,$0.00,0.0,$3.86,7.85,$0.09,327.35,$0.54,56.07,$0.22B,$0.07B,3.08,$0.05B,$0.36B,0.13,$0.26B,$0.14B,52.65%,$0.26B,$0.07B,28.03%,$0.26B,$0.07B,28.03%,$0.26B,$0.10B,36.74%,$0.26B,$0.06B,22.73%,$0.26B,$0.04B,16.29%,$0.04B,$0.36B,12.26%,$0.04B,$0.36B,12.26%,$0.04B,$0.55B,8.17%,$0.07B,$0.41B,19.04%,$69,$33,$35,$8,$3,$50,$18,$-7,$18,$7,$12,$12,$12,$18,$18,$68,68,$0.17,$0.16,$131,$38,$0,$219,$336,$0,$0,$63,$401,$546,$71,$47,$59,$114,$185,$3,$138,$0,$361,$546,$45,$0,$0,$0,$0,$0,$0,$0,$-29,$30,$-38,$0,$0,$0,$0,$0,$0,$-38,$0,$0,$-2,$0,$4,$-7,$0,$-5,$-12,$0,$0
44,2007-06-30,20.21,$0.00,0.0,$3.78,5.35,$0.36,55.76,$0.56,36.1,$0.21B,$0.07B,3.3,$0.05B,$0.36B,0.13,$0.26B,$0.14B,53.28%,$0.26B,$0.08B,28.96%,$0.26B,$0.08B,28.96%,$0.26B,$0.10B,37.84%,$0.26B,$0.06B,23.17%,$0.26B,$0.04B,16.99%,$0.04B,$0.36B,12.84%,$0.04B,$0.36B,12.84%,$0.04B,$0.53B,8.48%,$0.08B,$0.41B,19.82%,$63,$31,$32,$9,$3,$49,$15,$-12,$10,$3,$7,$7,$7,$15,$15,$69,69,$0.08,$0.08,$137,$36,$0,$214,$324,$0,$0,$60,$386,$531,$65,$48,$51,$107,$172,$3,$141,$0,$359,$531,$26,$0,$0,$0,$0,$0,$0,$0,$-8,$28,$-27,$0,$0,$0,$0,$0,$0,$-27,$0,$-2,$0,$0,$1,$-7,$0,$-8,$-6,$0,$0
45,2007-03-31,21.78,$0.00,0.0,$3.77,5.77,$0.45,48.33,$0.68,32.03,$0.21B,$0.08B,2.49,$0.03B,$0.34B,0.08,$0.26B,$0.14B,54.37%,$0.26B,$0.08B,30.04%,$0.26B,$0.08B,30.04%,$0.26B,$0.10B,38.78%,$0.26B,$0.07B,27.00%,$0.26B,$0.05B,19.77%,$0.05B,$0.34B,15.82%,$0.05B,$0.34B,15.82%,$0.05B,$0.52B,10.18%,$0.08B,$0.37B,21.82%,$63,$32,$32,$7,$3,$47,$16,$-7,$16,$3,$13,$13,$13,$16,$16,$69,69,$0.17,$0.16,$139,$35,$0,$210,$308,$0,$0,$58,$368,$516,$84,$28,$56,$90,$174,$3,$124,$0,$342,$516,$16,$0,$0,$0,$0,$0,$0,$0,$-4,$14,$-10,$0,$0,$0,$0,$0,$0,$-10,$0,$-1,$0,$0,$0,$-7,$0,$-7,$-4,$0,$0
46,2006-12-31,21.28,$0.00,0.0,$3.84,5.54,$0.48,44.11,$0.68,31.29,$0.21B,$0.09B,2.27,$0.03B,$0.34B,0.08,$0.27B,$0.15B,56.55%,$0.27B,$0.09B,32.58%,$0.27B,$0.09B,32.58%,$0.27B,$0.11B,41.20%,$0.27B,$0.07B,27.34%,$0.27B,$0.05B,19.48%,$0.05B,$0.34B,16.42%,$0.05B,$0.34B,16.42%,$0.05B,$0.51B,10.35%,$0.09B,$0.37B,24.46%,$69,$29,$40,$7,$1,$44,$25,$-15,$16,$5,$11,$11,$11,$48,$25,$69,69,$0.15,$0.14,$143,$34,$0,$213,$298,$0,$0,$55,$356,$512,$94,$28,$49,$78,$171,$3,$178,$0,$341,$512,$51,$23,$0,$23,$0,$0,$0,$0,$-18,$72,$-63,$0,$0,$0,$0,$0,$0,$-63,$0,$-22,$0,$0,$4,$0,$0,$-18,$-9,$0,$0
