,Date,Stock Price,Book Value per Share,Price to Book Ratio,TTM Sales per Share,Price to Sales Ratio,TTM FCF per Share,Price to FCF Ratio,TTM Net EPS,PE Ratio,Current Assets,Current Liabilities,Current Ratio,Long Term Debt,Shareholder's Equity_x,Debt to Equity Ratio,TTM Revenue_x,TTM Gross Profit,Gross Margin,TTM Revenue_y,TTM Operating Income,Operating Margin,TTM Revenue_x,TTM EBIT,EBIT Margin,TTM Revenue_y,TTM EBITDA,EBITDA Margin,TTM Revenue_x,TTM Pre-Tax Income,Pre-Tax Margin,TTM Revenue_y,TTM Net Income_x,Net Margin,TTM Net Income_y,Shareholder's Equity_y,Return on Equity,TTM Net Income_x,Tangible Equity,Return on Tangible Equity,TTM Net Income_y,Total Assets,Return on Assets,TTM Net Income,LT Investments & Debt,Return on Investment,revenue,cost-goods-sold,gross-profit,research-development-expenses,selling-general-administrative-expenses,operating-expenses,operating-income,total-non-operating-income-expense,pre-tax-income,total-provision-income-taxes,income-after-taxes,income-from-continuous-operations,net-income,ebitda,ebit,basic-shares-outstanding,shares-outstanding,eps-basic-net-earnings-per-share,eps-earnings-per-share-diluted,cash-on-hand,inventory,other-current-assets,total-current-assets,net-property-plant-equipment,long-term-investments,goodwill-intangible-assets-total,other-long-term-assets,total-long-term-assets,total-assets,total-current-liabilities,long-term-debt,other-non-current-liabilities,total-long-term-liabilities,total-liabilities,common-stock-net,retained-earnings-accumulated-deficit,comprehensive-income,total-share-holder-equity,total-liabilities-share-holders-equity,net-income-loss,total-depreciation-amortization-cash-flow,other-non-cash-items,total-non-cash-items,change-in-accounts-receivable,change-in-inventories,change-in-accounts-payable,change-in-assets-liabilities,total-change-in-assets-liabilities,cash-flow-from-operating-activities,net-change-in-property-plant-equipment,net-change-in-intangible-assets,net-acquisitions-divestitures,net-change-in-short-term-investments,net-change-in-long-term-investments,net-change-in-investments-total,investing-activities-other,cash-flow-from-investing-activities,net-long-term-debt,net-current-debt,debt-issuance-retirement-net-total,net-common-equity-issued-repurchased,net-total-equity-issued-repurchased,total-common-preferred-stock-dividends-paid,financial-activities-other,cash-flow-from-financial-activities,net-cash-flow,stock-based-compensation,common-stock-dividends-paid
0,2018-09-30,11.29,$12.49,0.9,$4.53,2.49,$-7.91,0.0,$0.18,62.72,$0.11B,$0.07B,1.73,$2.15B,$1.24B,1.73,$0.43B,$0.35B,81.86%,$0.43B,$0.03B,6.05%,$0.43B,$0.03B,6.05%,$0.43B,$0.21B,48.84%,$0.43B,$-0.02B,-5.35%,$0.43B,$0.02B,4.42%,$0.02B,$1.24B,1.48%,$0.02B,$1.24B,1.48%,$0.02B,$3.48B,0.53%,$0.03B,$3.39B,0.75%,$106,$20,$86,$0,$22,$110,$-4,$-6,$-10,$0,$-10,$-10,$-0,$40,$-4,$99,99,$-0.01,$-0.01,$57,$0,$0,$112,$2136,$0,$0,$761,$3372,$3484,$65,$2147,$33,$2180,$2245,$1,$205,$0,$1239,$3484,$36,$135,$-83,$52,$8,$0,$0,$11,$8,$120,$110,$0,$0,$0,$0,$0,$17,$127,$-106,$0,$-106,$-0,$-20,$-128,$-1,$-255,$-8,$0,$-128
1,2018-06-30,15.4,$12.92,1.19,$4.18,3.69,$-16.28,0.0,$0.29,53.1,$0.13B,$0.08B,1.6,$2.14B,$1.28B,1.67,$0.39B,$0.32B,81.73%,$0.39B,$0.05B,11.93%,$0.39B,$0.05B,11.93%,$0.39B,$0.21B,53.05%,$0.39B,$-0.01B,-3.05%,$0.39B,$0.03B,7.61%,$0.03B,$1.28B,2.27%,$0.03B,$1.28B,2.27%,$0.03B,$3.51B,0.83%,$0.05B,$3.42B,1.34%,$108,$18,$90,$0,$4,$87,$21,$-13,$9,$0,$9,$12,$30,$66,$21,$99,99,$0.30,$0.30,$68,$0,$0,$129,$2487,$0,$0,$868,$3378,$3508,$81,$2138,$7,$2145,$2226,$1,$205,$0,$1282,$3508,$36,$90,$-39,$51,$5,$0,$0,$3,$6,$93,$121,$0,$0,$0,$0,$0,$13,$134,$-120,$0,$-120,$-0,$-20,$-85,$-1,$-226,$1,$0,$-85
2,2018-03-31,12.83,$13.06,0.98,$4.07,3.15,$-17.95,0.0,$0.15,85.54,$0.14B,$0.08B,1.83,$2.26B,$1.29B,1.74,$0.36B,$0.29B,81.46%,$0.36B,$0.04B,12.08%,$0.36B,$0.04B,12.08%,$0.36B,$0.18B,51.12%,$0.36B,$-0.02B,-5.06%,$0.36B,$0.01B,3.37%,$0.01B,$1.29B,0.98%,$0.01B,$1.29B,0.98%,$0.01B,$3.66B,0.36%,$0.04B,$3.55B,1.33%,$109,$20,$89,$0,$10,$102,$6,$-9,$-3,$0,$-3,$7,$7,$52,$6,$99,99,$0.06,$0.06,$71,$0,$0,$136,$2583,$0,$0,$913,$3519,$3656,$75,$2257,$9,$2287,$2361,$1,$175,$1,$1294,$3656,$7,$46,$-10,$36,$-2,$0,$0,$4,$-8,$35,$8,$0,$0,$0,$0,$0,$3,$11,$-1,$0,$-1,$-0,$-0,$-43,$-0,$-44,$2,$0,$-43
3,2017-12-31,17.0,$13.42,1.27,$3.95,4.31,$-18.33,0.0,$0.19,89.5,$0.13B,$0.09B,1.47,$2.26B,$1.33B,1.7,$0.32B,$0.26B,81.65%,$0.32B,$0.06B,17.41%,$0.32B,$0.06B,17.41%,$0.32B,$0.17B,53.80%,$0.32B,$-0.01B,-3.16%,$0.32B,$0.01B,3.80%,$0.01B,$1.33B,1.06%,$0.01B,$1.33B,1.06%,$0.01B,$3.70B,0.40%,$0.06B,$3.59B,1.88%,$107,$20,$87,$0,$7,$105,$3,$-21,$-19,$0,$-19,$-8,$-18,$52,$3,$85,85,$-0.23,$-0.23,$70,$0,$0,$131,$2634,$0,$0,$448,$3572,$3704,$89,$2259,$5,$2284,$2374,$1,$108,$60,$1330,$3704,$12,$116,$2,$118,$-5,$0,$0,$-4,$3,$133,$-1219,$0,$0,$0,$0,$0,$32,$-1186,$696,$0,$696,$494,$494,$-145,$-5,$1040,$-13,$0,$-145
4,2017-09-30,16.82,$13.89,1.21,$3.61,4.66,$-7.03,0.0,$0.54,31.15,$0.60B,$0.06B,9.44,$2.09B,$1.38B,1.52,$0.28B,$0.23B,81.82%,$0.28B,$0.07B,25.09%,$0.28B,$0.07B,25.09%,$0.28B,$0.16B,56.36%,$0.28B,$0.01B,5.09%,$0.28B,$0.04B,15.27%,$0.04B,$1.38B,4.05%,$0.04B,$1.38B,4.05%,$0.04B,$3.54B,1.58%,$0.07B,$3.47B,2.65%,$70,$14,$56,$0,$3,$53,$17,$-16,$1,$0,$1,$1,$11,$39,$17,$97,97,$0.11,$0.11,$552,$0,$0,$600,$1599,$0,$0,$1316,$2937,$3537,$64,$2092,$4,$2096,$2159,$1,$126,$47,$1378,$3537,$30,$66,$-22,$44,$4,$0,$0,$-9,$1,$96,$-682,$0,$0,$0,$0,$0,$18,$-665,$702,$0,$702,$494,$494,$-103,$-3,$1090,$522,$0,$-103
5,2017-06-30,16.02,$12.76,1.26,$3.79,4.22,$-1.19,0.0,$0.59,27.15,$0.06B,$0.06B,0.95,$1.39B,$0.91B,1.53,$0.27B,$0.22B,81.78%,$0.27B,$0.07B,24.91%,$0.27B,$0.07B,24.91%,$0.27B,$0.15B,56.13%,$0.27B,$0.02B,5.95%,$0.27B,$0.04B,15.99%,$0.04B,$0.91B,4.62%,$0.04B,$0.91B,4.62%,$0.04B,$2.37B,1.83%,$0.07B,$2.30B,2.93%,$70,$12,$58,$0,$5,$53,$17,$-14,$3,$0,$3,$12,$12,$39,$17,$71,71,$0.16,$0.16,$13,$0,$0,$61,$1602,$0,$0,$668,$2304,$2365,$64,$1387,$5,$1392,$1456,$1,$115,$42,$909,$2365,$19,$44,$-3,$41,$3,$0,$0,$-3,$9,$70,$-35,$0,$0,$0,$0,$0,$15,$-20,$-6,$0,$-6,$-0,$-0,$-61,$0,$-67,$-17,$0,$-61
6,2017-03-31,17.96,$13.05,1.38,$3.71,4.84,$-1.99,0.0,$0.67,26.81,$0.06B,$0.05B,1.21,$1.39B,$0.93B,1.5,$0.26B,$0.22B,81.75%,$0.26B,$0.07B,25.48%,$0.26B,$0.07B,25.48%,$0.26B,$0.15B,56.65%,$0.26B,$0.02B,7.98%,$0.26B,$0.05B,18.25%,$0.05B,$0.93B,5.09%,$0.05B,$0.93B,5.09%,$0.05B,$2.38B,2.07%,$0.07B,$2.32B,2.96%,$69,$13,$57,$0,$4,$51,$18,$-13,$5,$0,$5,$8,$7,$40,$18,$71,71,$0.10,$0.10,$14,$0,$0,$64,$1601,$0,$0,$678,$2313,$2377,$53,$1392,$4,$1396,$1448,$1,$104,$44,$929,$2377,$7,$22,$-1,$20,$-1,$0,$0,$1,$-2,$26,$-22,$0,$0,$0,$0,$0,$10,$-12,$-0,$0,$-0,$0,$0,$-31,$0,$-31,$-17,$0,$-31
7,2016-12-31,16.01,$13.14,1.22,$3.63,4.41,$-2.79,0.0,$0.81,19.77,$0.08B,$0.05B,1.46,$1.39B,$0.94B,1.49,$0.26B,$0.21B,81.40%,$0.26B,$0.07B,25.58%,$0.26B,$0.07B,25.58%,$0.26B,$0.15B,56.20%,$0.26B,$0.02B,9.30%,$0.26B,$0.06B,22.48%,$0.06B,$0.94B,6.10%,$0.06B,$0.94B,6.10%,$0.06B,$2.39B,2.53%,$0.07B,$2.33B,2.96%,$66,$12,$54,$0,$4,$49,$17,$-12,$5,$0,$5,$12,$12,$37,$17,$71,71,$0.17,$0.17,$30,$0,$0,$79,$1592,$0,$0,$681,$2306,$2385,$54,$1392,$4,$1396,$1450,$1,$96,$27,$935,$2385,$58,$78,$-6,$72,$2,$0,$0,$-9,$-5,$124,$-233,$0,$0,$0,$0,$0,$18,$-215,$235,$0,$235,$-0,$-0,$-122,$-1,$112,$21,$0,$-122
8,2016-09-30,18.61,$13.36,1.39,$3.58,5.2,$0.53,35.04,$0.61,30.51,$0.06B,$0.05B,1.22,$1.26B,$0.95B,1.32,$0.25B,$0.21B,81.10%,$0.25B,$0.07B,25.59%,$0.25B,$0.07B,25.59%,$0.25B,$0.14B,55.91%,$0.25B,$0.01B,5.51%,$0.25B,$0.04B,17.32%,$0.04B,$0.95B,4.60%,$0.04B,$0.95B,4.60%,$0.04B,$2.27B,1.97%,$0.07B,$2.21B,2.99%,$64,$13,$51,$0,$4,$49,$15,$-12,$3,$0,$3,$12,$12,$35,$15,$71,71,$0.16,$0.16,$14,$0,$0,$64,$1502,$0,$0,$667,$2201,$2265,$52,$1258,$4,$1262,$1314,$1,$84,$24,$951,$2265,$46,$58,$-4,$54,$-0,$0,$0,$-8,$-8,$92,$-107,$0,$0,$0,$0,$0,$12,$-95,$101,$0,$101,$-0,$-0,$-92,$-0,$8,$5,$0,$-92
9,2016-06-30,18.63,$13.46,1.38,$3.54,5.26,$2.29,8.13,$0.69,27.0,$0.06B,$0.06B,0.99,$1.23B,$0.96B,1.29,$0.25B,$0.20B,80.95%,$0.25B,$0.07B,26.19%,$0.25B,$0.07B,26.19%,$0.25B,$0.14B,55.56%,$0.25B,$0.02B,7.14%,$0.25B,$0.05B,19.44%,$0.05B,$0.96B,5.04%,$0.05B,$0.96B,5.04%,$0.05B,$2.25B,2.20%,$0.07B,$2.19B,3.05%,$64,$11,$53,$0,$4,$47,$17,$-10,$8,$0,$8,$17,$17,$37,$17,$71,71,$0.24,$0.24,$9,$0,$0,$56,$1501,$0,$0,$661,$2195,$2251,$57,$1234,$4,$1237,$1294,$1,$73,$12,$957,$2251,$34,$38,$-2,$36,$1,$0,$0,$-1,$1,$72,$-93,$0,$0,$0,$0,$0,$7,$-86,$86,$0,$86,$0,$0,$-61,$-10,$14,$0,$0,$-61
10,2016-03-31,14.08,$13.51,1.04,$3.52,4.0,$3.82,3.69,$-2.26,0.0,$0.06B,$0.05B,1.29,$1.23B,$0.96B,1.28,$0.25B,$0.20B,80.40%,$0.25B,$0.07B,26.40%,$0.25B,$0.07B,26.40%,$0.25B,$0.14B,55.20%,$0.25B,$-0.19B,-74.80%,$0.25B,$-0.16B,-63.60%,$-0.16B,$0.96B,-16.07%,$-0.16B,$0.96B,-16.07%,$-0.16B,$2.26B,-7.15%,$0.07B,$2.19B,3.06%,$64,$12,$52,$0,$4,$47,$17,$-9,$8,$0,$8,$18,$17,$36,$17,$71,71,$0.24,$0.24,$16,$0,$0,$63,$1502,$0,$0,$664,$2196,$2259,$49,$1233,$17,$1250,$1298,$1,$56,$3,$961,$2259,$17,$19,$-1,$18,$-1,$0,$0,$2,$-4,$31,$-84,$0,$0,$0,$0,$0,$3,$-81,$87,$0,$87,$0,$0,$-31,$0,$57,$7,$0,$-31
11,2015-12-31,12.11,$13.45,0.9,$3.52,3.44,$5.36,2.26,$-2.97,0.0,$0.06B,$0.05B,1.09,$1.16B,$0.96B,1.21,$0.25B,$0.20B,80.32%,$0.25B,$0.07B,26.51%,$0.25B,$0.07B,26.51%,$0.25B,$0.14B,55.02%,$0.25B,$-0.23B,-91.57%,$0.25B,$-0.21B,-83.94%,$-0.21B,$0.96B,-19.76%,$-0.21B,$0.96B,-19.76%,$-0.21B,$2.17B,-9.24%,$0.07B,$2.12B,2.99%,$62,$11,$50,$0,$3,$46,$16,$-21,$-5,$0,$-5,$-2,$-2,$34,$16,$71,71,$-0.03,$-0.03,$10,$0,$0,$55,$1440,$0,$0,$646,$2113,$2169,$51,$1158,$3,$1161,$1212,$1,$38,$-15,$957,$2169,$-210,$71,$258,$329,$-3,$0,$0,$-2,$-4,$115,$11,$0,$0,$0,$-103,$-103,$25,$-67,$68,$0,$68,$-0,$-0,$-122,$-0,$-54,$-5,$0,$-122
12,2015-09-30,11.81,$14.25,0.83,$3.70,3.19,$4.70,2.51,$-2.74,0.0,$0.05B,$0.05B,1.1,$1.15B,$1.01B,1.13,$0.25B,$0.20B,80.56%,$0.25B,$0.07B,26.98%,$0.25B,$0.07B,26.98%,$0.25B,$0.14B,55.16%,$0.25B,$-0.22B,-85.32%,$0.25B,$-0.19B,-76.59%,$-0.19B,$1.01B,-16.89%,$-0.19B,$1.01B,-16.89%,$-0.19B,$2.23B,-8.29%,$0.07B,$2.16B,2.99%,$62,$13,$49,$0,$4,$46,$16,$-9,$7,$-0,$7,$17,$17,$33,$16,$71,71,$0.24,$0.24,$13,$0,$0,$54,$1441,$0,$0,$697,$2173,$2227,$49,$1149,$15,$1165,$1214,$1,$41,$-0,$1013,$2227,$-208,$53,$247,$300,$0,$0,$0,$-3,$-3,$89,$21,$0,$0,$0,$-102,$-102,$16,$-66,$66,$0,$66,$-0,$-0,$-91,$-0,$-26,$-2,$0,$-91
13,2015-06-30,13.38,$14.45,0.93,$3.80,3.52,$3.74,3.58,$-2.79,0.0,$0.05B,$0.05B,0.98,$1.14B,$1.03B,1.11,$0.25B,$0.21B,81.10%,$0.25B,$0.07B,26.77%,$0.25B,$0.07B,26.77%,$0.25B,$0.14B,55.51%,$0.25B,$-0.22B,-84.65%,$0.25B,$-0.20B,-77.56%,$-0.20B,$1.03B,-16.18%,$-0.20B,$1.03B,-16.18%,$-0.20B,$2.24B,-8.29%,$0.07B,$2.17B,2.92%,$62,$12,$50,$0,$4,$45,$17,$-214,$-197,$0,$-197,$-191,$-191,$35,$17,$70,70,$-2.71,$-2.71,$10,$0,$0,$50,$1445,$0,$0,$706,$2188,$2238,$51,$1142,$17,$1160,$1210,$1,$24,$0,$1027,$2238,$-225,$36,$249,$285,$1,$0,$0,$1,$3,$63,$24,$0,$0,$0,$-102,$-102,$12,$-67,$58,$0,$58,$0,$0,$-61,$-0,$-3,$-7,$0,$-61
14,2015-03-31,16.17,$17.54,0.92,$4.06,3.98,$2.66,6.07,$0.19,85.08,$0.05B,$0.02B,2.1,$1.14B,$1.23B,0.92,$0.25B,$0.21B,81.50%,$0.25B,$0.07B,27.56%,$0.25B,$0.07B,27.56%,$0.25B,$0.14B,55.91%,$0.25B,$-0.00B,-1.57%,$0.25B,$0.01B,3.54%,$0.01B,$1.23B,0.75%,$0.01B,$1.23B,0.75%,$0.01B,$2.42B,0.40%,$0.07B,$2.37B,3.16%,$63,$12,$51,$0,$4,$45,$17,$-50,$-33,$0,$-33,$-33,$-33,$35,$17,$70,70,$-0.47,$-0.47,$13,$0,$0,$50,$1455,$0,$0,$874,$2365,$2415,$24,$1139,$17,$1157,$1181,$1,$215,$0,$1234,$2415,$-33,$18,$43,$61,$2,$0,$0,$2,$1,$28,$28,$0,$0,$0,$-96,$-96,$11,$-57,$54,$0,$54,$0,$0,$-30,$-0,$24,$-4,$0,$-30
15,2014-12-31,15.97,$18.44,0.87,$4.26,3.75,$2.34,6.83,$0.94,16.99,$0.05B,$0.03B,1.98,$1.09B,$1.30B,0.84,$0.25B,$0.20B,80.88%,$0.25B,$0.07B,27.89%,$0.25B,$0.07B,27.89%,$0.25B,$0.14B,55.78%,$0.25B,$0.04B,16.73%,$0.25B,$0.06B,22.71%,$0.06B,$1.30B,4.99%,$0.06B,$1.30B,4.99%,$0.06B,$2.43B,2.77%,$0.07B,$2.38B,3.47%,$65,$12,$53,$0,$4,$46,$18,$-10,$8,$-0,$8,$14,$14,$36,$18,$61,61,$0.18,$0.18,$16,$0,$0,$52,$1463,$0,$0,$875,$2375,$2428,$26,$1085,$18,$1104,$1130,$1,$248,$0,$1297,$2428,$57,$69,$4,$73,$-0,$0,$0,$-5,$1,$131,$-62,$0,$0,$0,$-691,$-691,$4,$-749,$388,$0,$388,$350,$350,$-101,$-13,$624,$6,$0,$-101
16,2014-09-30,14.93,$18.67,0.8,$4.28,3.49,$1.04,14.29,$0.97,15.39,$0.04B,$0.03B,1.71,$1.09B,$1.31B,0.83,$0.24B,$0.20B,81.15%,$0.24B,$0.07B,28.28%,$0.24B,$0.07B,28.28%,$0.24B,$0.14B,55.74%,$0.24B,$0.05B,18.85%,$0.24B,$0.06B,22.95%,$0.06B,$1.31B,5.26%,$0.06B,$1.31B,5.26%,$0.06B,$2.43B,3.01%,$0.07B,$2.40B,3.79%,$64,$12,$52,$0,$4,$48,$16,$-9,$7,$0,$7,$12,$13,$35,$16,$65,66,$0.19,$0.19,$7,$0,$0,$44,$1465,$0,$0,$889,$2385,$2430,$26,$1087,$2,$1091,$1116,$1,$234,$0,$1313,$2430,$42,$51,$0,$51,$-2,$0,$0,$-5,$-1,$92,$-54,$0,$0,$0,$-691,$-691,$3,$-742,$373,$0,$373,$350,$350,$-71,$-5,$647,$-3,$0,$-71
17,2014-06-30,17.0,$17.78,0.96,$4.33,3.93,$1.37,12.37,$0.82,20.73,$0.04B,$0.02B,1.9,$0.74B,$0.97B,0.76,$0.24B,$0.19B,80.93%,$0.24B,$0.07B,29.24%,$0.24B,$0.07B,29.24%,$0.24B,$0.13B,55.93%,$0.24B,$0.05B,21.61%,$0.24B,$0.05B,19.07%,$0.05B,$0.97B,4.56%,$0.05B,$0.97B,4.56%,$0.05B,$1.75B,2.74%,$0.07B,$1.71B,4.32%,$62,$11,$51,$0,$4,$43,$19,$-5,$14,$0,$14,$14,$15,$36,$19,$55,55,$0.27,$0.27,$8,$0,$0,$42,$1492,$0,$0,$178,$1709,$1752,$22,$735,$20,$756,$778,$1,$222,$0,$973,$1752,$30,$33,$-4,$29,$1,$0,$0,$-0,$2,$61,$-52,$0,$0,$0,$-1,$-1,$0,$-53,$37,$0,$37,$0,$0,$-47,$-1,$-10,$-3,$0,$-47
18,2014-03-31,16.59,$17.93,0.93,$4.21,3.94,$2.51,6.62,$0.83,19.99,$0.04B,$0.02B,1.68,$0.61B,$0.98B,0.62,$0.23B,$0.19B,80.87%,$0.23B,$0.07B,30.00%,$0.23B,$0.07B,30.00%,$0.23B,$0.13B,56.09%,$0.23B,$0.05B,22.61%,$0.23B,$0.05B,19.57%,$0.05B,$0.98B,4.51%,$0.05B,$0.98B,4.51%,$0.05B,$1.63B,2.84%,$0.07B,$1.59B,4.47%,$60,$13,$47,$0,$3,$43,$17,$-4,$13,$0,$13,$13,$15,$33,$17,$55,55,$0.28,$0.28,$5,$0,$0,$37,$1392,$0,$0,$162,$1593,$1629,$22,$605,$21,$626,$648,$1,$207,$0,$982,$1629,$15,$16,$-3,$13,$3,$0,$0,$0,$3,$31,$-5,$0,$0,$0,$0,$0,$0,$-5,$-7,$0,$-7,$0,$0,$-24,$-0,$-31,$-5,$0,$-24
19,2013-12-31,16.08,$18.09,0.89,$4.15,3.87,$2.84,5.65,$1.00,16.08,$0.04B,$0.02B,1.84,$0.60B,$0.99B,0.6,$0.23B,$0.19B,81.86%,$0.23B,$0.07B,31.86%,$0.23B,$0.07B,31.86%,$0.23B,$0.13B,57.96%,$0.23B,$0.06B,24.34%,$0.23B,$0.06B,24.34%,$0.06B,$0.99B,5.45%,$0.06B,$0.99B,5.45%,$0.06B,$1.63B,3.52%,$0.07B,$1.59B,4.73%,$58,$11,$48,$0,$3,$41,$17,$-4,$12,$0,$12,$12,$13,$32,$17,$55,55,$0.23,$0.23,$9,$0,$0,$43,$1381,$0,$0,$167,$1590,$1632,$23,$598,$22,$620,$643,$1,$192,$0,$990,$1632,$55,$59,$-0,$59,$-2,$0,$0,$-6,$-5,$108,$-118,$0,$0,$0,$0,$0,$0,$-118,$106,$0,$106,$0,$0,$-94,$0,$12,$2,$0,$-94
20,2013-09-30,14.97,$18.28,0.82,$4.14,3.61,$0.29,51.15,$1.02,14.67,$0.04B,$0.02B,1.53,$0.51B,$1.00B,0.51,$0.22B,$0.18B,81.74%,$0.22B,$0.07B,32.88%,$0.22B,$0.07B,32.88%,$0.22B,$0.13B,59.36%,$0.22B,$0.06B,25.11%,$0.22B,$0.06B,25.11%,$0.06B,$1.00B,5.40%,$0.06B,$1.00B,5.40%,$0.06B,$1.55B,3.56%,$0.07B,$1.51B,4.79%,$56,$12,$45,$0,$3,$40,$16,$-4,$12,$-0,$12,$12,$2,$31,$16,$55,55,$0.04,$0.04,$4,$0,$0,$36,$1327,$0,$0,$150,$1517,$1553,$23,$510,$19,$529,$553,$1,$179,$0,$1000,$1553,$42,$44,$0,$44,$-0,$0,$0,$-7,$-4,$82,$-32,$0,$0,$0,$0,$0,$0,$-32,$18,$0,$18,$0,$0,$-71,$0,$-52,$-3,$0,$-71
21,2013-06-30,15.26,$18.68,0.82,$4.22,3.61,$-2.93,0.0,$1.23,12.41,$0.04B,$0.02B,1.88,$0.47B,$1.02B,0.46,$0.22B,$0.18B,81.86%,$0.22B,$0.07B,33.49%,$0.22B,$0.07B,33.49%,$0.22B,$0.13B,60.00%,$0.22B,$0.06B,25.58%,$0.22B,$0.07B,30.23%,$0.07B,$1.02B,6.59%,$0.07B,$1.02B,6.59%,$0.07B,$1.53B,4.22%,$0.07B,$1.49B,4.81%,$56,$10,$46,$0,$3,$37,$19,$-4,$15,$0,$15,$15,$15,$33,$19,$55,55,$0.28,$0.28,$5,$0,$0,$36,$1336,$0,$0,$141,$1492,$1527,$19,$467,$20,$487,$506,$1,$177,$0,$1021,$1527,$40,$29,$-9,$20,$-0,$0,$0,$-2,$-1,$58,$12,$0,$0,$0,$0,$0,$0,$12,$-25,$0,$-25,$0,$0,$-47,$0,$-72,$-2,$0,$-47
22,2013-03-31,15.07,$18.83,0.8,$4.26,3.54,$-4.03,0.0,$1.20,12.56,$0.04B,$0.02B,1.86,$0.47B,$1.03B,0.46,$0.21B,$0.17B,81.34%,$0.21B,$0.07B,33.01%,$0.21B,$0.07B,33.01%,$0.21B,$0.13B,59.81%,$0.21B,$0.05B,24.88%,$0.21B,$0.06B,29.67%,$0.06B,$1.03B,6.52%,$0.06B,$1.03B,6.52%,$0.06B,$1.54B,4.13%,$0.07B,$1.50B,4.72%,$56,$10,$46,$0,$3,$36,$20,$-4,$16,$0,$16,$16,$25,$35,$20,$55,55,$0.45,$0.45,$6,$0,$0,$37,$1342,$0,$0,$148,$1503,$1540,$20,$470,$21,$491,$511,$1,$162,$0,$1029,$1540,$25,$14,$-9,$6,$-1,$0,$0,$-1,$-1,$30,$15,$0,$0,$0,$0,$0,$0,$15,$-22,$0,$-22,$0,$0,$-23,$0,$-46,$-2,$0,$-23
23,2012-12-31,13.57,$18.80,0.72,$4.29,3.16,$-4.34,0.0,$1.03,13.18,$0.04B,$0.02B,1.89,$0.49B,$1.03B,0.48,$0.20B,$0.17B,81.28%,$0.20B,$0.07B,32.51%,$0.20B,$0.07B,32.51%,$0.20B,$0.12B,59.11%,$0.20B,$0.05B,24.14%,$0.20B,$0.05B,24.63%,$0.05B,$1.03B,5.46%,$0.05B,$1.03B,5.46%,$0.05B,$1.56B,3.43%,$0.07B,$1.52B,4.65%,$51,$9,$42,$0,$3,$35,$17,$-4,$12,$0,$12,$12,$13,$31,$17,$49,49,$0.25,$0.25,$7,$0,$0,$36,$1311,$0,$0,$155,$1526,$1562,$19,$493,$23,$516,$535,$1,$137,$0,$1027,$1562,$50,$54,$-2,$53,$3,$0,$0,$-5,$-2,$100,$-232,$0,$0,$0,$0,$0,$0,$-232,$52,$0,$52,$167,$167,$-83,$-2,$134,$2,$0,$-83
24,2012-09-30,12.77,$18.48,0.69,$4.17,3.06,$-8.77,0.0,$1.06,12.04,$0.03B,$0.02B,1.47,$0.61B,$0.87B,0.7,$0.19B,$0.16B,81.35%,$0.19B,$0.06B,32.12%,$0.19B,$0.06B,32.12%,$0.19B,$0.12B,59.59%,$0.19B,$0.05B,23.83%,$0.19B,$0.05B,25.91%,$0.05B,$0.87B,5.67%,$0.05B,$0.87B,5.67%,$0.05B,$1.53B,3.55%,$0.06B,$1.48B,4.51%,$52,$10,$42,$0,$4,$36,$16,$-4,$12,$0,$12,$12,$12,$30,$16,$47,47,$0.25,$0.25,$5,$0,$0,$32,$1338,$0,$0,$143,$1493,$1525,$22,$611,$21,$632,$654,$0,$124,$0,$871,$1525,$37,$40,$-1,$38,$5,$0,$0,$-0,$7,$82,$-191,$0,$0,$0,$0,$0,$0,$-191,$170,$0,$170,$0,$0,$-59,$-2,$109,$-0,$0,$-59
25,2012-06-30,11.9,$18.65,0.64,$4.07,2.92,$-12.37,0.0,$1.07,11.12,$0.03B,$0.02B,1.65,$0.47B,$0.88B,0.54,$0.19B,$0.15B,81.28%,$0.19B,$0.06B,32.62%,$0.19B,$0.06B,32.62%,$0.19B,$0.11B,58.82%,$0.19B,$0.05B,24.60%,$0.19B,$0.05B,26.74%,$0.05B,$0.88B,5.63%,$0.05B,$0.88B,5.63%,$0.05B,$1.38B,3.72%,$0.06B,$1.35B,4.66%,$50,$10,$40,$0,$3,$34,$16,$-4,$12,$0,$12,$12,$12,$29,$16,$47,47,$0.25,$0.25,$5,$0,$0,$32,$1211,$0,$0,$129,$1350,$1383,$20,$471,$14,$485,$505,$0,$112,$0,$878,$1383,$25,$26,$-1,$25,$3,$0,$0,$-1,$3,$53,$-44,$0,$0,$0,$0,$0,$0,$-44,$31,$0,$31,$0,$0,$-40,$-2,$-11,$-2,$0,$-40
26,2012-03-31,12.25,$18.81,0.65,$4.06,3.02,$-17.18,0.0,$1.09,11.23,$0.04B,$0.02B,2.06,$0.45B,$0.89B,0.5,$0.18B,$0.15B,81.56%,$0.18B,$0.06B,32.96%,$0.18B,$0.06B,32.96%,$0.18B,$0.10B,58.10%,$0.18B,$0.05B,25.14%,$0.18B,$0.05B,27.37%,$0.05B,$0.89B,5.73%,$0.05B,$0.89B,5.73%,$0.05B,$1.36B,3.80%,$0.06B,$1.33B,4.70%,$50,$9,$41,$0,$3,$33,$17,$-4,$13,$0,$13,$13,$13,$30,$17,$47,47,$0.28,$0.28,$11,$0,$0,$38,$1191,$0,$0,$124,$1325,$1363,$18,$445,$14,$459,$477,$0,$100,$0,$886,$1363,$13,$13,$-0,$13,$3,$0,$0,$1,$4,$29,$-6,$0,$0,$0,$0,$0,$0,$-6,$4,$0,$4,$0,$0,$-20,$-2,$-18,$6,$0,$-20
27,2011-12-31,11.06,$18.95,0.58,$3.96,2.79,$-18.22,0.0,$1.06,10.44,$0.03B,$0.02B,1.64,$0.44B,$0.89B,0.49,$0.17B,$0.14B,80.95%,$0.17B,$0.06B,32.74%,$0.17B,$0.06B,32.74%,$0.17B,$0.10B,56.55%,$0.17B,$0.04B,25.00%,$0.17B,$0.05B,27.38%,$0.05B,$0.89B,5.60%,$0.05B,$0.89B,5.60%,$0.05B,$1.37B,3.85%,$0.06B,$1.33B,4.74%,$41,$7,$34,$0,$3,$28,$13,$-3,$9,$0,$9,$9,$13,$26,$13,$43,43,$0.28,$0.28,$5,$0,$0,$34,$1198,$0,$0,$128,$1335,$1369,$21,$441,$15,$456,$477,$0,$87,$0,$892,$1369,$46,$42,$-1,$41,$-8,$0,$0,$-2,$-6,$80,$-391,$0,$0,$0,$0,$0,$0,$-391,$226,$0,$226,$158,$158,$-70,$-3,$311,$1,$0,$-70
28,2011-09-30,10.18,$19.09,0.53,$4.10,2.48,$-20.84,0.0,$0.94,10.83,$0.03B,$0.02B,1.36,$0.33B,$0.90B,0.37,$0.16B,$0.13B,81.10%,$0.16B,$0.06B,33.54%,$0.16B,$0.06B,33.54%,$0.16B,$0.09B,54.88%,$0.16B,$0.04B,24.39%,$0.16B,$0.04B,24.39%,$0.04B,$0.90B,5.08%,$0.04B,$0.90B,5.08%,$0.04B,$1.27B,3.67%,$0.06B,$1.23B,5.20%,$46,$9,$37,$0,$3,$31,$15,$-3,$12,$-0,$12,$12,$12,$25,$15,$45,45,$0.26,$0.26,$8,$0,$0,$30,$1105,$0,$0,$129,$1237,$1267,$22,$328,$18,$347,$368,$0,$74,$0,$898,$1267,$33,$29,$0,$29,$-2,$0,$0,$1,$2,$64,$-332,$0,$0,$0,$0,$0,$0,$-332,$164,$0,$164,$158,$158,$-51,$-0,$271,$3,$0,$-51
29,2011-06-30,12.41,$18.40,0.67,$3.94,3.15,$-23.20,0.0,$0.86,14.43,$0.02B,$0.02B,1.34,$0.38B,$0.75B,0.52,$0.15B,$0.12B,81.21%,$0.15B,$0.05B,32.89%,$0.15B,$0.05B,32.89%,$0.15B,$0.08B,54.36%,$0.15B,$0.04B,23.49%,$0.15B,$0.04B,23.49%,$0.04B,$0.75B,4.64%,$0.04B,$0.75B,4.64%,$0.04B,$1.16B,3.51%,$0.05B,$1.13B,5.07%,$42,$8,$34,$0,$3,$28,$14,$-3,$11,$0,$11,$11,$11,$23,$14,$41,41,$0.27,$0.27,$3,$0,$0,$24,$1036,$0,$0,$98,$1139,$1163,$18,$384,$16,$400,$417,$0,$63,$0,$745,$1163,$21,$18,$0,$18,$-2,$0,$0,$1,$1,$40,$-227,$0,$0,$0,$0,$0,$0,$-227,$220,$0,$220,$0,$0,$-34,$-0,$186,$-1,$0,$-34
30,2011-03-31,11.96,$18.54,0.64,$3.73,3.21,$-22.24,0.0,$0.84,14.23,$0.02B,$0.01B,1.88,$0.20B,$0.75B,0.27,$0.13B,$0.11B,81.20%,$0.13B,$0.04B,33.08%,$0.13B,$0.04B,33.08%,$0.13B,$0.07B,54.89%,$0.13B,$0.03B,24.06%,$0.13B,$0.03B,24.06%,$0.03B,$0.75B,4.53%,$0.03B,$0.75B,4.53%,$0.03B,$0.98B,3.64%,$0.04B,$0.95B,5.16%,$39,$8,$31,$0,$2,$26,$13,$-2,$10,$0,$10,$10,$10,$21,$13,$41,41,$0.25,$0.25,$3,$0,$0,$24,$878,$0,$0,$75,$957,$981,$13,$201,$16,$217,$230,$0,$52,$0,$751,$981,$10,$8,$0,$9,$-2,$0,$0,$1,$-2,$17,$-39,$0,$0,$0,$0,$0,$0,$-39,$37,$0,$37,$0,$0,$-17,$-0,$20,$-2,$0,$-17
31,2010-12-31,11.57,$18.70,0.62,$3.56,3.25,$-22.36,0.0,$0.83,13.94,$0.02B,$0.01B,1.61,$0.16B,$0.76B,0.22,$0.12B,$0.10B,82.05%,$0.12B,$0.04B,33.33%,$0.12B,$0.04B,33.33%,$0.12B,$0.07B,56.41%,$0.12B,$0.03B,24.79%,$0.12B,$0.03B,24.79%,$0.03B,$0.76B,4.40%,$0.03B,$0.76B,4.40%,$0.03B,$0.95B,3.69%,$0.04B,$0.92B,5.11%,$37,$6,$31,$0,$2,$25,$13,$-6,$7,$0,$7,$7,$7,$21,$13,$34,34,$0.14,$0.14,$4,$0,$0,$23,$846,$0,$0,$77,$928,$951,$14,$164,$15,$179,$194,$0,$41,$0,$757,$951,$28,$27,$5,$31,$-6,$0,$0,$-2,$-4,$55,$-391,$0,$0,$0,$-0,$-0,$0,$-391,$-27,$0,$-27,$419,$419,$-51,$-5,$337,$1,$0,$-51
32,2010-09-30,11.19,$18.95,0.59,$3.86,2.9,$-16.57,0.0,$0.92,12.17,$0.02B,$0.02B,1.39,$0.10B,$0.77B,0.13,$0.10B,$0.08B,81.19%,$0.10B,$0.03B,32.67%,$0.10B,$0.03B,32.67%,$0.10B,$0.06B,56.44%,$0.10B,$0.03B,26.73%,$0.10B,$0.03B,26.73%,$0.03B,$0.77B,4.84%,$0.03B,$0.77B,4.84%,$0.03B,$0.90B,3.99%,$0.03B,$0.87B,5.02%,$31,$6,$25,$0,$2,$22,$9,$-2,$7,$0,$7,$7,$7,$16,$9,$36,36,$0.18,$0.18,$3,$0,$0,$24,$793,$0,$0,$76,$874,$899,$17,$99,$15,$114,$131,$0,$35,$0,$767,$899,$21,$18,$1,$19,$-8,$0,$0,$-1,$3,$44,$-344,$0,$0,$0,$-0,$-0,$0,$-345,$-82,$0,$-82,$418,$418,$-34,$-1,$302,$1,$1,$-34
33,2010-06-30,10.38,$17.70,0.59,$3.93,2.64,$-8.12,0.0,$1.03,10.08,$0.02B,$0.01B,2.08,$0.12B,$0.55B,0.21,$0.09B,$0.07B,81.11%,$0.09B,$0.03B,35.56%,$0.09B,$0.03B,35.56%,$0.09B,$0.05B,58.89%,$0.09B,$0.03B,28.89%,$0.09B,$0.03B,28.89%,$0.03B,$0.55B,5.69%,$0.03B,$0.55B,5.69%,$0.03B,$0.69B,4.63%,$0.03B,$0.67B,5.84%,$26,$4,$21,$0,$2,$16,$9,$-2,$8,$0,$8,$8,$8,$15,$9,$31,31,$0.25,$0.25,$2,$0,$0,$17,$618,$0,$0,$45,$669,$686,$8,$118,$7,$125,$133,$0,$28,$0,$553,$686,$15,$11,$0,$12,$-1,$0,$0,$7,$9,$35,$-150,$0,$0,$0,$-0,$-0,$0,$-150,$-63,$0,$-63,$199,$199,$-21,$-1,$114,$-0,$0,$-21
34,2010-03-31,10.27,$17.86,0.58,$4.67,2.2,$-2.90,0.0,$1.25,8.22,$0.04B,$0.01B,6.76,$0.04B,$0.56B,0.07,$0.08B,$0.07B,81.93%,$0.08B,$0.03B,37.35%,$0.08B,$0.03B,37.35%,$0.08B,$0.05B,60.24%,$0.08B,$0.02B,28.92%,$0.08B,$0.02B,28.92%,$0.02B,$0.56B,5.87%,$0.02B,$0.56B,5.87%,$0.02B,$0.61B,4.87%,$0.03B,$0.59B,6.44%,$23,$4,$19,$0,$1,$15,$8,$-2,$7,$0,$7,$7,$7,$14,$8,$29,29,$0.24,$0.24,$29,$0,$0,$41,$527,$0,$0,$32,$566,$607,$6,$36,$6,$42,$48,$0,$20,$0,$558,$607,$7,$5,$0,$5,$1,$0,$0,$-0,$2,$14,$-33,$0,$0,$0,$-0,$-0,$0,$-33,$-144,$0,$-144,$199,$199,$-9,$-1,$45,$26,$0,$-9
