,Date,Stock Price,Book Value per Share,Price to Book Ratio,TTM Sales per Share,Price to Sales Ratio,TTM FCF per Share,Price to FCF Ratio,TTM Net EPS,PE Ratio,Current Assets,Current Liabilities,Current Ratio,Long Term Debt,Shareholder's Equity_x,Debt to Equity Ratio,TTM Revenue_x,TTM Gross Profit,Gross Margin,TTM Revenue_y,TTM Operating Income,Operating Margin,TTM Revenue_x,TTM EBIT,EBIT Margin,TTM Revenue_y,TTM EBITDA,EBITDA Margin,TTM Revenue_x,TTM Pre-Tax Income,Pre-Tax Margin,TTM Revenue_y,TTM Net Income_x,Net Margin,TTM Net Income_y,Shareholder's Equity_y,Return on Equity,TTM Net Income_x,Tangible Equity,Return on Tangible Equity,TTM Net Income_y,Total Assets,Return on Assets,TTM Net Income,LT Investments & Debt,Return on Investment,revenue,cost-goods-sold,gross-profit,research-development-expenses,selling-general-administrative-expenses,operating-expenses,operating-income,total-non-operating-income-expense,pre-tax-income,total-provision-income-taxes,income-after-taxes,income-from-continuous-operations,net-income,ebitda,ebit,basic-shares-outstanding,shares-outstanding,eps-basic-net-earnings-per-share,eps-earnings-per-share-diluted,cash-on-hand,inventory,other-current-assets,total-current-assets,net-property-plant-equipment,long-term-investments,goodwill-intangible-assets-total,other-long-term-assets,total-long-term-assets,total-assets,total-current-liabilities,long-term-debt,other-non-current-liabilities,total-long-term-liabilities,total-liabilities,common-stock-net,retained-earnings-accumulated-deficit,comprehensive-income,total-share-holder-equity,total-liabilities-share-holders-equity,net-income-loss,total-depreciation-amortization-cash-flow,other-non-cash-items,total-non-cash-items,change-in-accounts-receivable,change-in-inventories,change-in-accounts-payable,change-in-assets-liabilities,total-change-in-assets-liabilities,cash-flow-from-operating-activities,net-change-in-property-plant-equipment,net-change-in-intangible-assets,net-acquisitions-divestitures,net-change-in-short-term-investments,net-change-in-long-term-investments,net-change-in-investments-total,investing-activities-other,cash-flow-from-investing-activities,net-long-term-debt,net-current-debt,debt-issuance-retirement-net-total,net-common-equity-issued-repurchased,net-total-equity-issued-repurchased,total-common-preferred-stock-dividends-paid,financial-activities-other,cash-flow-from-financial-activities,net-cash-flow,stock-based-compensation,common-stock-dividends-paid
0,2018-09-30,64.9,$58.65,1.11,$580.65,0.11,$35.33,1.84,$11.43,5.68,$2.25B,$2.19B,1.03,$1.30B,$1.15B,1.14,$11.61B,$1.72B,14.80%,$11.61B,$0.36B,3.07%,$11.61B,$0.36B,3.07%,$11.61B,$0.43B,3.67%,$11.61B,$0.22B,1.93%,$11.61B,$0.23B,1.99%,$0.23B,$1.15B,19.99%,$0.23B,$-0.10B,-298.06%,$0.23B,$4.88B,4.69%,$0.36B,$2.45B,14.31%,$2889,$2454,$435,$0,$317,$2811,$78,$-34,$44,$10,$35,$35,$34,$96,$78,$19,19,$1.74,$1.74,$32,$1734,$0,$2249,$1351,$0,$1245,$36,$2632,$4881,$2191,$1304,$100,$1542,$3733,$0,$1369,$-129,$1148,$4881,$127,$52,$19,$72,$99,$34,$14,$-23,$159,$357,$-11,$0,$-135,$0,$0,$0,$0,$-145,$-11,$-71,$-82,$-109,$-109,$-16,$2,$-204,$5,$14,$-16
1,2018-06-30,63.0,$57.59,1.09,$579.60,0.11,$25.63,2.46,$11.12,5.67,$2.27B,$2.12B,1.07,$1.36B,$1.17B,1.16,$11.74B,$1.72B,14.61%,$11.74B,$0.36B,3.05%,$11.74B,$0.36B,3.05%,$11.74B,$0.43B,3.62%,$11.74B,$0.23B,1.93%,$11.74B,$0.23B,1.93%,$0.23B,$1.17B,20.15%,$0.23B,$-0.06B,-220.49%,$0.23B,$4.89B,4.62%,$0.36B,$2.53B,14.56%,$2943,$2505,$438,$0,$308,$2834,$109,$-34,$75,$19,$56,$56,$55,$127,$109,$20,20,$2.72,$2.72,$42,$1721,$0,$2272,$1349,$0,$1233,$33,$2615,$4887,$2117,$1358,$101,$1597,$3714,$0,$1339,$-126,$1173,$4887,$92,$35,$-1,$34,$78,$47,$-4,$-11,$137,$263,$-12,$0,$-75,$0,$0,$0,$-1,$-88,$27,$-124,$-97,$-51,$-51,$-11,$1,$-158,$14,$10,$-11
2,2018-03-31,65.1,$56.29,1.16,$562.97,0.12,$12.51,5.21,$10.24,6.36,$2.41B,$2.27B,1.06,$1.38B,$1.18B,1.17,$11.46B,$1.68B,14.67%,$11.46B,$0.34B,2.97%,$11.46B,$0.34B,2.97%,$11.46B,$0.41B,3.53%,$11.46B,$0.21B,1.87%,$11.46B,$0.21B,1.82%,$0.21B,$1.18B,19.51%,$0.21B,$-0.08B,-154.24%,$0.21B,$5.06B,4.33%,$0.34B,$2.56B,14.30%,$2860,$2440,$420,$0,$324,$2781,$79,$-33,$46,$10,$36,$36,$35,$96,$79,$20,20,$1.70,$1.70,$33,$1804,$0,$2413,$1358,$0,$1256,$32,$2645,$5058,$2267,$1377,$102,$1613,$3880,$0,$1288,$-106,$1178,$5058,$36,$17,$8,$25,$24,$7,$5,$-13,$88,$149,$-45,$0,$-71,$0,$0,$0,$0,$-116,$35,$-46,$-11,$-9,$-9,$-5,$-2,$-28,$5,$6,$-5
3,2017-12-31,70.44,$53.80,1.31,$543.83,0.13,$8.60,8.19,$10.12,6.96,$2.33B,$2.20B,1.06,$1.32B,$1.12B,1.17,$11.12B,$1.65B,14.80%,$11.12B,$0.34B,3.07%,$11.12B,$0.34B,3.07%,$11.12B,$0.40B,3.63%,$11.12B,$0.22B,1.97%,$11.12B,$0.21B,1.86%,$0.21B,$1.12B,20.31%,$0.21B,$-0.07B,-126.03%,$0.21B,$4.87B,4.42%,$0.34B,$2.44B,14.91%,$2920,$2495,$426,$0,$310,$2829,$91,$-32,$59,$-52,$110,$110,$107,$107,$91,$20,20,$5.23,$5.23,$29,$1763,$0,$2329,$1319,$0,$1199,$24,$2542,$4871,$2198,$1318,$106,$1548,$3747,$0,$1246,$-123,$1124,$4871,$213,$62,$-9,$53,$-44,$-44,$-8,$-6,$-67,$199,$-205,$0,$-109,$0,$0,$0,$2,$-313,$90,$87,$177,$-40,$-40,$-20,$5,$121,$8,$19,$-20
4,2017-09-30,71.7,$48.47,1.48,$527.14,0.14,$21.43,3.35,$6.29,11.4,$2.23B,$2.14B,1.05,$1.29B,$1.01B,1.28,$10.88B,$1.61B,14.79%,$10.88B,$0.33B,3.02%,$10.88B,$0.33B,3.02%,$10.88B,$0.39B,3.57%,$10.88B,$0.21B,1.92%,$10.88B,$0.13B,1.20%,$0.13B,$1.01B,13.40%,$0.13B,$-0.20B,-63.88%,$0.13B,$4.73B,2.84%,$0.33B,$2.30B,14.78%,$3012,$2581,$431,$0,$328,$2934,$79,$-31,$47,$17,$30,$30,$29,$95,$79,$20,20,$1.43,$1.43,$67,$1652,$0,$2233,$1269,$0,$1208,$21,$2498,$4731,$2136,$1293,$110,$1584,$3720,$0,$1141,$-126,$1011,$4731,$103,$46,$39,$84,$-24,$68,$-5,$-4,$120,$307,$-139,$0,$-109,$0,$0,$0,$2,$-247,$55,$-22,$33,$-40,$-40,$-15,$4,$-18,$43,$15,$-15
5,2017-06-30,62.4,$46.57,1.34,$515.39,0.12,$26.92,2.32,$6.51,9.58,$2.29B,$2.13B,1.08,$1.26B,$0.97B,1.3,$10.69B,$1.59B,14.83%,$10.69B,$0.33B,3.12%,$10.69B,$0.33B,3.12%,$10.69B,$0.39B,3.66%,$10.69B,$0.22B,2.04%,$10.69B,$0.14B,1.26%,$0.14B,$0.97B,14.37%,$0.14B,$-0.19B,-58.63%,$0.14B,$4.65B,3.00%,$0.33B,$2.24B,15.32%,$2672,$2267,$405,$0,$299,$2580,$92,$-31,$62,$23,$39,$39,$38,$107,$92,$21,21,$1.84,$1.84,$27,$1804,$0,$2294,$1167,$0,$1164,$19,$2351,$4645,$2127,$1264,$108,$1546,$3673,$0,$1116,$-136,$972,$4645,$73,$30,$21,$50,$67,$-142,$38,$-5,$-71,$52,$-65,$0,$-0,$0,$0,$0,$-55,$-120,$4,$114,$117,$-39,$-39,$-10,$2,$71,$3,$10,$-10
6,2017-03-31,72.71,$45.13,1.61,$517.24,0.14,$33.07,2.2,$6.79,10.71,$2.15B,$2.02B,1.07,$1.23B,$0.97B,1.26,$10.80B,$1.59B,14.72%,$10.80B,$0.34B,3.13%,$10.80B,$0.34B,3.13%,$10.80B,$0.40B,3.67%,$10.80B,$0.23B,2.08%,$10.80B,$0.14B,1.32%,$0.14B,$0.97B,15.54%,$0.14B,$-0.19B,-53.33%,$0.14B,$4.49B,3.18%,$0.34B,$2.19B,15.77%,$2519,$2135,$384,$0,$290,$2439,$80,$-29,$51,$17,$34,$34,$33,$95,$80,$21,21,$1.58,$1.58,$34,$1730,$0,$2153,$1152,$0,$1162,$22,$2336,$4489,$2021,$1225,$106,$1499,$3520,$0,$1082,$-140,$969,$4489,$34,$15,$10,$25,$78,$-74,$-3,$1,$10,$69,$-44,$0,$-0,$0,$0,$0,$2,$-42,$-7,$-4,$-11,$0,$0,$-5,$-1,$-17,$10,$6,$-5
7,2016-12-31,76.27,$43.46,1.76,$511.71,0.15,$36.15,2.11,$6.68,11.42,$2.15B,$2.05B,1.05,$1.21B,$0.93B,1.3,$10.89B,$1.60B,14.65%,$10.89B,$0.34B,3.12%,$10.89B,$0.34B,3.12%,$10.89B,$0.40B,3.64%,$10.89B,$0.23B,2.09%,$10.89B,$0.14B,1.30%,$0.14B,$0.93B,15.79%,$0.14B,$-0.23B,-48.76%,$0.14B,$4.46B,3.17%,$0.34B,$2.14B,15.91%,$2674,$2284,$389,$0,$279,$2597,$77,$-28,$49,$18,$31,$31,$30,$91,$77,$21,21,$1.43,$1.43,$21,$1652,$0,$2151,$1126,$0,$1162,$24,$2311,$4462,$2053,$1213,$104,$1479,$3532,$0,$1053,$-147,$930,$4462,$147,$55,$66,$121,$-34,$79,$-13,$8,$116,$385,$-120,$0,$-57,$0,$0,$0,$3,$-174,$18,$-79,$-61,$-128,$-128,$-20,$4,$-205,$8,$21,$-20
8,2016-09-30,62.31,$41.50,1.5,$500.86,0.12,$26.31,2.37,$3.83,16.27,$2.10B,$2.03B,1.04,$1.23B,$0.89B,1.39,$10.89B,$1.59B,14.57%,$10.89B,$0.27B,2.44%,$10.89B,$0.27B,2.44%,$10.89B,$0.32B,2.95%,$10.89B,$0.16B,1.44%,$10.89B,$0.08B,0.73%,$0.08B,$0.89B,8.92%,$0.08B,$-0.30B,-27.16%,$0.08B,$4.42B,1.79%,$0.27B,$2.12B,12.48%,$2823,$2417,$407,$0,$299,$2739,$84,$-28,$56,$20,$35,$35,$34,$98,$84,$21,21,$1.65,$1.65,$23,$1687,$0,$2098,$1119,$0,$1191,$13,$2323,$4421,$2027,$1233,$127,$1508,$3534,$0,$1027,$-157,$887,$4421,$116,$41,$41,$82,$50,$61,$-19,$18,$188,$387,$-103,$0,$-57,$0,$0,$0,$3,$-157,$30,$-107,$-77,$-128,$-128,$-15,$-2,$-222,$10,$15,$-15
9,2016-06-30,47.96,$40.15,1.19,$484.71,0.1,$19.52,2.46,$4.06,11.81,$2.20B,$2.11B,1.04,$1.25B,$0.87B,1.44,$10.86B,$1.58B,14.52%,$10.86B,$0.28B,2.57%,$10.86B,$0.28B,2.57%,$10.86B,$0.33B,3.06%,$10.86B,$0.17B,1.60%,$10.86B,$0.09B,0.83%,$0.09B,$0.87B,9.81%,$0.09B,$-0.34B,-31.11%,$0.09B,$4.50B,2.03%,$0.28B,$2.12B,13.19%,$2782,$2372,$410,$0,$299,$2685,$97,$-28,$69,$22,$47,$47,$45,$112,$97,$21,21,$2.12,$2.12,$25,$1784,$0,$2202,$1081,$0,$1205,$13,$2299,$4501,$2112,$1251,$130,$1521,$3633,$0,$997,$-154,$868,$4501,$81,$27,$20,$47,$53,$-22,$-17,$15,$45,$173,$-56,$0,$-55,$0,$0,$0,$3,$-108,$16,$57,$73,$-115,$-115,$-10,$-3,$-55,$12,$10,$-10
10,2016-03-31,56.81,$39.67,1.43,$469.59,0.12,$15.68,3.62,$3.85,14.76,$2.25B,$2.10B,1.07,$1.26B,$0.91B,1.38,$10.81B,$1.56B,14.42%,$10.81B,$0.28B,2.59%,$10.81B,$0.28B,2.59%,$10.81B,$0.33B,3.06%,$10.81B,$0.18B,1.66%,$10.81B,$0.09B,0.83%,$0.09B,$0.91B,9.46%,$0.09B,$-0.29B,-34.78%,$0.09B,$4.53B,2.05%,$0.28B,$2.17B,13.36%,$2608,$2219,$389,$0,$294,$2526,$82,$-28,$54,$20,$34,$34,$33,$95,$82,$22,22,$1.47,$1.47,$22,$1827,$0,$2254,$1064,$0,$1206,$10,$2280,$4534,$2103,$1257,$122,$1518,$3621,$0,$955,$-145,$913,$4534,$34,$13,$12,$25,$61,$-56,$15,$4,$57,$116,$-20,$0,$-51,$0,$0,$0,$-0,$-71,$22,$-20,$2,$-33,$-33,$-5,$-0,$-37,$9,$6,$-5
11,2015-12-31,72.99,$39.22,1.86,$457.19,0.16,$12.94,5.64,$3.85,18.96,$2.19B,$2.04B,1.07,$1.20B,$0.92B,1.31,$10.63B,$1.53B,14.43%,$10.63B,$0.28B,2.62%,$10.63B,$0.28B,2.62%,$10.63B,$0.33B,3.09%,$10.63B,$0.18B,1.71%,$10.63B,$0.09B,0.86%,$0.09B,$0.92B,9.45%,$0.09B,$-0.24B,-38.89%,$0.09B,$4.40B,2.13%,$0.28B,$2.12B,13.52%,$2673,$2292,$380,$0,$280,$2670,$3,$-25,$-22,$11,$-33,$-33,$-32,$16,$3,$23,23,$-1.35,$-1.36,$13,$1738,$0,$2188,$1034,$0,$1163,$12,$2208,$4397,$2039,$1200,$103,$1439,$3478,$0,$926,$-138,$918,$4397,$94,$51,$110,$161,$-36,$-187,$88,$-4,$-114,$141,$-79,$0,$-212,$0,$0,$0,$6,$-285,$251,$-15,$236,$-97,$-97,$-20,$2,$121,$-28,$19,$-20
12,2015-09-30,81.88,$40.90,2.0,$443.77,0.18,$17.98,4.55,$6.03,13.58,$2.05B,$1.98B,1.03,$1.08B,$0.97B,1.12,$10.50B,$1.52B,14.48%,$10.50B,$0.33B,3.16%,$10.50B,$0.33B,3.16%,$10.50B,$0.38B,3.63%,$10.50B,$0.24B,2.26%,$10.50B,$0.14B,1.34%,$0.14B,$0.97B,14.42%,$0.14B,$-0.28B,-66.51%,$0.14B,$4.29B,3.35%,$0.33B,$2.05B,16.35%,$2801,$2402,$398,$0,$289,$2704,$97,$-24,$73,$28,$45,$45,$44,$109,$97,$23,23,$1.88,$1.88,$22,$1634,$0,$2045,$979,$0,$1252,$16,$2247,$4292,$1982,$1084,$109,$1341,$3323,$0,$965,$-146,$969,$4292,$127,$38,$29,$68,$23,$-68,$50,$1,$36,$231,$-69,$0,$-212,$0,$0,$0,$6,$-275,$-8,$119,$111,$-67,$-67,$-15,$1,$30,$-19,$14,$-15
13,2015-06-30,87.14,$41.63,2.09,$430.23,0.2,$24.04,3.62,$5.18,16.82,$2.10B,$2.01B,1.04,$1.04B,$1.00B,1.04,$10.32B,$1.50B,14.50%,$10.32B,$0.33B,3.15%,$10.32B,$0.33B,3.15%,$10.32B,$0.38B,3.64%,$10.32B,$0.21B,2.01%,$10.32B,$0.12B,1.18%,$0.12B,$1.00B,12.43%,$0.12B,$-0.22B,-65.95%,$0.12B,$4.30B,2.96%,$0.33B,$2.05B,16.26%,$2726,$2335,$392,$0,$281,$2628,$98,$-24,$74,$27,$46,$46,$45,$111,$98,$23,23,$1.91,$1.91,$24,$1657,$0,$2099,$965,$0,$1219,$19,$2204,$4303,$2011,$1042,$99,$1288,$3299,$0,$924,$-103,$1004,$4303,$82,$25,$18,$43,$5,$-89,$5,$3,$-45,$81,$-41,$0,$-131,$0,$0,$0,$6,$-166,$7,$106,$112,$-34,$-34,$-10,$1,$70,$-17,$9,$-10
14,2015-03-31,82.62,$39.54,2.09,$409.00,0.2,$25.09,3.29,$3.89,21.24,$1.98B,$1.82B,1.09,$1.08B,$0.96B,1.12,$10.11B,$1.47B,14.58%,$10.11B,$0.31B,3.09%,$10.11B,$0.31B,3.09%,$10.11B,$0.36B,3.60%,$10.11B,$0.17B,1.70%,$10.11B,$0.09B,0.92%,$0.09B,$0.96B,9.56%,$0.09B,$-0.19B,-56.45%,$0.09B,$4.10B,2.30%,$0.31B,$2.04B,15.89%,$2433,$2069,$364,$0,$271,$2352,$81,$-23,$57,$22,$36,$36,$34,$93,$81,$23,23,$1.47,$1.47,$26,$1547,$0,$1982,$944,$0,$1153,$18,$2116,$4098,$1817,$1078,$101,$1322,$3139,$0,$883,$-117,$960,$4098,$36,$13,$9,$22,$17,$-1,$-7,$2,$1,$58,$-22,$0,$-50,$0,$0,$0,$0,$-72,$14,$10,$24,$-18,$-18,$-5,$1,$2,$-15,$5,$-5
15,2014-12-31,85.56,$40.18,2.13,$394.15,0.22,$27.73,3.09,$3.61,23.7,$2.04B,$1.92B,1.06,$1.01B,$0.98B,1.03,$9.94B,$1.45B,14.57%,$9.94B,$0.30B,3.04%,$9.94B,$0.30B,3.04%,$9.94B,$0.36B,3.57%,$9.94B,$0.16B,1.65%,$9.94B,$0.09B,0.90%,$0.09B,$0.98B,8.93%,$0.09B,$-0.16B,-78.07%,$0.09B,$4.14B,2.24%,$0.30B,$1.99B,16.02%,$2539,$2173,$366,$0,$268,$2483,$56,$-23,$33,$14,$19,$19,$18,$68,$56,$23,25,$0.76,$0.76,$41,$1557,$0,$2035,$950,$0,$1134,$22,$2106,$4141,$1922,$1009,$91,$1241,$3163,$0,$852,$-82,$978,$4141,$93,$53,$103,$156,$-31,$27,$-79,$-6,$-51,$198,$-6,$0,$-337,$0,$0,$0,$-5,$-347,$187,$39,$226,$-37,$-37,$-17,$-0,$172,$21,$16,$-17
16,2014-09-30,69.27,$40.49,1.71,$382.17,0.18,$22.03,3.14,$3.65,18.98,$1.93B,$1.80B,1.07,$0.94B,$0.99B,0.95,$9.68B,$1.40B,14.50%,$9.68B,$0.31B,3.17%,$9.68B,$0.31B,3.17%,$9.68B,$0.36B,3.73%,$9.68B,$0.17B,1.77%,$9.68B,$0.09B,0.95%,$0.09B,$0.99B,9.10%,$0.09B,$-0.18B,-121.05%,$0.09B,$3.96B,2.36%,$0.31B,$1.92B,16.94%,$2626,$2252,$375,$0,$264,$2536,$90,$-46,$44,$18,$26,$26,$25,$104,$90,$23,24,$1.07,$1.03,$51,$1491,$0,$1929,$859,$0,$1161,$13,$2033,$3963,$1803,$938,$88,$1175,$2977,$0,$838,$-60,$985,$3963,$74,$41,$59,$100,$27,$79,$-77,$13,$97,$272,$47,$0,$-309,$0,$0,$0,$-6,$-268,$155,$-99,$57,$-17,$-17,$-12,$-1,$27,$30,$12,$-12
17,2014-06-30,80.15,$39.86,2.01,$363.51,0.22,$15.30,5.24,$3.81,21.04,$2.02B,$1.81B,1.12,$0.94B,$0.97B,0.97,$9.39B,$1.36B,14.45%,$9.39B,$0.29B,3.09%,$9.39B,$0.29B,3.09%,$9.39B,$0.34B,3.65%,$9.39B,$0.18B,1.91%,$9.39B,$0.10B,1.04%,$0.10B,$0.97B,9.60%,$0.10B,$-0.13B,-515.79%,$0.10B,$3.98B,2.61%,$0.29B,$1.91B,16.79%,$2512,$2142,$369,$0,$272,$2427,$85,$-47,$38,$21,$17,$17,$16,$99,$85,$23,26,$0.70,$0.62,$21,$1514,$0,$2024,$838,$0,$1101,$14,$1953,$3977,$1813,$939,$106,$1197,$3010,$0,$816,$-40,$967,$3977,$48,$28,$42,$69,$10,$24,$-52,$1,$13,$131,$-59,$0,$-129,$0,$0,$0,$-6,$-194,$155,$-67,$89,$-17,$-17,$-8,$-0,$63,$1,$8,$-8
18,2014-03-31,62.29,$43.66,1.43,$361.28,0.17,$17.28,3.6,$4.62,13.48,$1.94B,$1.85B,1.05,$0.67B,$1.06B,0.63,$9.22B,$1.33B,14.42%,$9.22B,$0.29B,3.10%,$9.22B,$0.29B,3.10%,$9.22B,$0.34B,3.66%,$9.22B,$0.20B,2.18%,$9.22B,$0.12B,1.28%,$0.12B,$1.06B,11.50%,$0.12B,$0.01B,507.53%,$0.12B,$3.83B,3.26%,$0.29B,$1.72B,17.50%,$2261,$1923,$338,$0,$258,$2190,$71,$-21,$49,$18,$31,$31,$30,$84,$71,$23,25,$1.29,$1.19,$18,$1537,$0,$1936,$827,$0,$1048,$14,$1890,$3826,$1851,$665,$103,$918,$2769,$0,$803,$-44,$1057,$3826,$31,$14,$6,$20,$22,$38,$-28,$3,$82,$133,$-27,$0,$-53,$0,$0,$0,$-2,$-81,$-3,$-18,$-21,$-18,$-18,$-4,$1,$-42,$-3,$4,$-4
19,2013-12-31,67.2,$42.58,1.58,$353.81,0.19,$15.57,4.32,$4.31,15.59,$1.97B,$1.87B,1.06,$0.66B,$1.04B,0.64,$8.92B,$1.29B,14.48%,$8.92B,$0.27B,3.07%,$8.92B,$0.27B,3.07%,$8.92B,$0.32B,3.62%,$8.92B,$0.19B,2.14%,$8.92B,$0.11B,1.22%,$0.11B,$1.04B,10.88%,$0.11B,$-0.00B,551.90%,$0.11B,$3.82B,3.10%,$0.27B,$1.70B,17.33%,$2279,$1958,$321,$0,$245,$2218,$61,$-21,$40,$18,$22,$22,$21,$74,$61,$23,25,$0.90,$0.82,$20,$1542,$0,$1968,$796,$0,$1039,$16,$1852,$3819,$1865,$664,$103,$919,$2784,$0,$776,$-52,$1035,$3819,$114,$50,$32,$82,$-28,$-242,$83,$2,$-144,$52,$-1,$0,$-270,$0,$0,$0,$2,$-269,$-31,$286,$254,$-5,$-5,$-16,$3,$236,$16,$14,$-16
20,2013-09-30,73.32,$41.97,1.75,$349.22,0.21,$8.03,9.13,$4.20,17.46,$1.71B,$1.59B,1.08,$0.56B,$1.02B,0.55,$8.58B,$1.25B,14.57%,$8.58B,$0.26B,3.02%,$8.58B,$0.26B,3.02%,$8.58B,$0.31B,3.58%,$8.58B,$0.18B,2.09%,$8.58B,$0.10B,1.21%,$0.10B,$1.02B,10.85%,$0.10B,$0.05B,252.12%,$0.10B,$3.41B,3.14%,$0.26B,$1.58B,17.15%,$2340,$2011,$329,$0,$247,$2267,$73,$-21,$52,$20,$33,$33,$31,$86,$73,$23,26,$1.34,$1.19,$26,$1352,$0,$1708,$717,$0,$970,$16,$1702,$3410,$1585,$560,$105,$802,$2387,$0,$758,$-46,$1023,$3410,$92,$37,$18,$55,$48,$-108,$50,$1,$-18,$129,$38,$0,$-107,$0,$0,$0,$2,$-67,$-84,$55,$-29,$1,$1,$-12,$1,$-38,$22,$10,$-12
21,2013-06-30,60.59,$40.58,1.49,$348.40,0.17,$-1.64,0.0,$4.33,13.99,$1.73B,$1.64B,1.05,$0.54B,$0.99B,0.55,$8.22B,$1.21B,14.75%,$8.22B,$0.25B,3.08%,$8.22B,$0.25B,3.08%,$8.22B,$0.30B,3.64%,$8.22B,$0.18B,2.14%,$8.22B,$0.10B,1.25%,$0.10B,$0.99B,11.28%,$0.10B,$0.04B,211.28%,$0.10B,$3.41B,3.24%,$0.25B,$1.53B,17.31%,$2335,$1994,$341,$0,$251,$2254,$81,$-20,$60,$23,$37,$37,$36,$93,$81,$23,25,$1.53,$1.43,$11,$1358,$0,$1731,$706,$0,$956,$16,$1679,$3409,$1643,$542,$104,$776,$2419,$0,$730,$-49,$990,$3409,$60,$24,$7,$31,$16,$-112,$44,$2,$-3,$87,$31,$0,$-90,$0,$0,$0,$1,$-59,$-94,$78,$-16,$1,$1,$-8,$1,$-22,$6,$7,$-8
22,2013-03-31,56.43,$39.45,1.43,$339.13,0.17,$-10.09,0.0,$4.10,13.76,$1.74B,$1.66B,1.05,$0.55B,$0.96B,0.57,$7.78B,$1.16B,14.87%,$7.78B,$0.24B,3.02%,$7.78B,$0.24B,3.02%,$7.78B,$0.28B,3.60%,$7.78B,$0.16B,2.08%,$7.78B,$0.09B,1.21%,$0.09B,$0.96B,10.72%,$0.09B,$-0.01B,152.23%,$0.09B,$3.43B,3.10%,$0.24B,$1.51B,16.56%,$1964,$1663,$300,$0,$233,$1905,$59,$-19,$39,$17,$22,$22,$21,$70,$59,$22,24,$0.95,$0.88,$18,$1353,$0,$1739,$700,$0,$966,$21,$1687,$3426,$1663,$550,$116,$802,$2465,$0,$696,$-39,$961,$3426,$22,$12,$12,$24,$16,$-84,$29,$2,$16,$62,$-2,$0,$-58,$0,$0,$0,$0,$-60,$-70,$85,$15,$-0,$-0,$-4,$1,$12,$13,$3,$-4
23,2012-12-31,58.08,$37.85,1.53,$331.57,0.18,$-13.75,0.0,$4.19,13.86,$1.57B,$1.40B,1.12,$0.56B,$0.86B,0.65,$7.48B,$1.12B,14.93%,$7.48B,$0.23B,3.08%,$7.48B,$0.23B,3.08%,$7.48B,$0.27B,3.66%,$7.48B,$0.16B,2.14%,$7.48B,$0.10B,1.27%,$0.10B,$0.86B,11.35%,$0.10B,$0.08B,118.01%,$0.10B,$3.02B,3.37%,$0.23B,$1.42B,16.74%,$1939,$1659,$280,$0,$219,$1893,$46,$-18,$28,$11,$17,$17,$16,$58,$46,$22,23,$0.75,$0.70,$5,$1194,$0,$1566,$668,$0,$778,$11,$1457,$3023,$1396,$555,$118,$767,$2163,$0,$678,$-33,$860,$3023,$100,$45,$29,$73,$-36,$-278,$33,$2,$-249,$-75,$-49,$0,$-178,$0,$0,$0,$3,$-224,$67,$247,$314,$-12,$-12,$-13,$3,$291,$-10,$12,$-13
24,2012-09-30,56.3,$37.07,1.52,$315.84,0.18,$-2.05,0.0,$4.39,12.82,$1.45B,$1.27B,1.14,$0.55B,$0.84B,0.65,$7.16B,$1.08B,15.10%,$7.16B,$0.23B,3.27%,$7.16B,$0.23B,3.27%,$7.16B,$0.28B,3.85%,$7.16B,$0.17B,2.30%,$7.16B,$0.10B,1.40%,$0.10B,$0.84B,12.14%,$0.10B,$0.08B,115.94%,$0.10B,$2.87B,3.73%,$0.23B,$1.39B,17.43%,$1977,$1685,$291,$0,$216,$1910,$67,$-18,$49,$18,$31,$31,$30,$78,$67,$22,22,$1.38,$1.32,$39,$1107,$0,$1447,$650,$0,$759,$11,$1420,$2867,$1269,$546,$119,$756,$2025,$0,$664,$-34,$842,$2867,$83,$33,$18,$51,$32,$-193,$-6,$6,$-142,$-7,$-68,$0,$-117,$0,$0,$0,$3,$-181,$60,$173,$232,$-10,$-10,$-10,$1,$214,$24,$9,$-10
25,2012-06-30,42.52,$37.19,1.14,$298.51,0.14,$13.07,3.25,$4.01,10.6,$1.39B,$1.27B,1.09,$0.52B,$0.85B,0.61,$6.76B,$1.04B,15.39%,$6.76B,$0.22B,3.21%,$6.76B,$0.22B,3.21%,$6.76B,$0.26B,3.82%,$6.76B,$0.15B,2.22%,$6.76B,$0.09B,1.33%,$0.09B,$0.85B,11.11%,$0.09B,$0.09B,100.84%,$0.09B,$2.80B,3.58%,$0.22B,$1.36B,16.55%,$1896,$1610,$285,$0,$214,$1833,$63,$-17,$46,$17,$29,$29,$27,$74,$63,$22,23,$1.25,$1.20,$10,$1072,$0,$1385,$639,$0,$759,$12,$1410,$2795,$1270,$517,$79,$679,$1949,$0,$636,$-33,$846,$2795,$52,$21,$11,$32,$9,$-160,$-3,$7,$-130,$-46,$-38,$0,$-115,$0,$0,$0,$0,$-153,$31,$175,$206,$-6,$-6,$-7,$1,$194,$-5,$6,$-7
26,2012-03-31,52.21,$34.85,1.5,$279.38,0.19,$24.84,2.1,$3.87,13.49,$1.25B,$1.12B,1.12,$0.53B,$0.80B,0.66,$6.34B,$1.00B,15.77%,$6.34B,$0.21B,3.28%,$6.34B,$0.21B,3.28%,$6.34B,$0.25B,3.91%,$6.34B,$0.14B,2.27%,$6.34B,$0.09B,1.36%,$0.09B,$0.80B,10.72%,$0.09B,$0.07B,88.21%,$0.09B,$2.60B,3.61%,$0.21B,$1.33B,16.16%,$1665,$1404,$260,$0,$199,$1611,$54,$-17,$37,$14,$23,$23,$22,$64,$54,$22,23,$1.01,$0.97,$21,$966,$0,$1251,$605,$0,$729,$15,$1349,$2600,$1122,$530,$66,$679,$1801,$0,$611,$-26,$799,$2600,$23,$10,$6,$16,$25,$-85,$-2,$5,$-49,$-9,$-17,$0,$-55,$0,$0,$0,$0,$-73,$10,$80,$90,$1,$1,$-3,$0,$88,$6,$3,$-3
27,2011-12-31,48.02,$35.54,1.35,$267.48,0.18,$27.94,1.72,$3.56,13.49,$1.18B,$1.05B,1.13,$0.48B,$0.81B,0.6,$6.08B,$0.96B,15.81%,$6.08B,$0.19B,3.17%,$6.08B,$0.19B,3.17%,$6.08B,$0.23B,3.83%,$6.08B,$0.13B,2.17%,$6.08B,$0.08B,1.28%,$0.08B,$0.81B,9.71%,$0.08B,$0.11B,68.57%,$0.08B,$2.48B,3.40%,$0.19B,$1.29B,15.33%,$1626,$1380,$246,$0,$188,$1576,$50,$-16,$33,$13,$21,$21,$21,$60,$50,$23,23,$0.92,$0.90,$15,$867,$0,$1176,$586,$0,$702,$13,$1301,$2476,$1045,$483,$63,$624,$1669,$0,$591,$-29,$807,$2476,$82,$39,$40,$79,$-72,$-7,$53,$-13,$38,$199,$-55,$0,$-160,$0,$0,$0,$1,$-213,$20,$49,$69,$-51,$-51,$-11,$2,$9,$-5,$11,$-11
28,2011-09-30,32.86,$34.71,0.95,$258.28,0.13,$17.88,1.84,$3.12,10.53,$0.94B,$0.80B,1.17,$0.47B,$0.79B,0.6,$5.89B,$0.93B,15.82%,$5.89B,$0.18B,2.97%,$5.89B,$0.18B,2.97%,$5.89B,$0.22B,3.65%,$5.89B,$0.12B,1.95%,$5.89B,$0.07B,1.15%,$0.07B,$0.79B,8.52%,$0.07B,$0.10B,58.12%,$0.07B,$2.20B,3.05%,$0.18B,$1.26B,14.16%,$1570,$1322,$249,$0,$188,$1520,$50,$-16,$34,$13,$21,$21,$20,$60,$50,$22,22,$0.92,$0.91,$11,$720,$0,$937,$551,$0,$693,$14,$1258,$2195,$802,$473,$58,$605,$1407,$0,$573,$-28,$789,$2195,$62,$29,$28,$56,$17,$112,$19,$-5,$183,$301,$-39,$0,$-110,$0,$0,$0,$0,$-149,$12,$-124,$-111,$-42,$-42,$-8,$1,$-161,$-9,$8,$-8
29,2011-06-30,37.95,$34.44,1.1,$251.36,0.15,$4.62,8.21,$3.01,12.61,$1.00B,$0.86B,1.16,$0.45B,$0.81B,0.56,$5.78B,$0.91B,15.77%,$5.78B,$0.17B,2.97%,$5.78B,$0.17B,2.97%,$5.78B,$0.21B,3.65%,$5.78B,$0.11B,1.94%,$5.78B,$0.07B,1.16%,$0.07B,$0.81B,8.45%,$0.07B,$0.12B,56.30%,$0.07B,$2.25B,3.01%,$0.17B,$1.27B,14.09%,$1474,$1230,$244,$0,$183,$1420,$54,$-15,$40,$15,$25,$25,$23,$64,$54,$23,23,$1.03,$1.03,$12,$780,$0,$996,$550,$0,$694,$9,$1252,$2248,$857,$454,$50,$577,$1434,$0,$555,$-17,$814,$2248,$40,$19,$19,$38,$12,$53,$32,$0,$122,$200,$-18,$0,$-110,$0,$0,$0,$1,$-127,$-6,$-58,$-64,$-12,$-12,$-5,$0,$-81,$-8,$6,$-5
30,2011-03-31,39.33,$33.46,1.18,$246.29,0.16,$-4.75,0.0,$2.49,15.79,$1.04B,$0.93B,1.13,$0.41B,$0.80B,0.52,$5.73B,$0.90B,15.63%,$5.73B,$0.15B,2.69%,$5.73B,$0.15B,2.69%,$5.73B,$0.19B,3.35%,$5.73B,$0.09B,1.62%,$5.73B,$0.06B,1.00%,$0.06B,$0.80B,7.33%,$0.06B,$0.14B,51.70%,$0.06B,$2.26B,2.60%,$0.15B,$1.22B,12.86%,$1409,$1188,$222,$0,$176,$1370,$39,$-15,$25,$9,$15,$15,$14,$49,$39,$23,23,$0.64,$0.64,$45,$784,$0,$1041,$540,$0,$669,$10,$1219,$2260,$925,$414,$47,$531,$1456,$0,$533,$-16,$804,$2260,$15,$9,$10,$19,$4,$6,$-1,$1,$20,$54,$-11,$0,$-35,$0,$0,$0,$0,$-46,$-3,$20,$18,$1,$1,$-3,$0,$16,$25,$3,$-3
31,2010-12-31,38.27,$32.97,1.16,$234.59,0.16,$-7.51,0.0,$2.17,17.64,$1.02B,$0.90B,1.14,$0.41B,$0.78B,0.53,$5.51B,$0.88B,15.93%,$5.51B,$0.15B,2.67%,$5.51B,$0.15B,2.67%,$5.51B,$0.18B,3.32%,$5.51B,$0.08B,1.47%,$5.51B,$0.05B,0.93%,$0.05B,$0.78B,6.67%,$0.05B,$0.12B,51.39%,$0.05B,$2.20B,2.38%,$0.15B,$1.20B,12.36%,$1438,$1221,$217,$0,$171,$1406,$32,$-16,$16,$6,$11,$11,$11,$42,$32,$23,24,$0.45,$0.45,$20,$778,$0,$1019,$506,$0,$667,$10,$1183,$2202,$895,$413,$51,$523,$1418,$0,$520,$-19,$784,$2202,$50,$37,$50,$86,$-41,$-174,$-11,$5,$-205,$-68,$-23,$0,$-35,$0,$0,$0,$3,$-55,$34,$141,$175,$-39,$-39,$-2,$-4,$130,$7,$10,$-2
32,2010-09-30,27.31,$32.47,0.84,$224.28,0.12,$12.20,2.24,$1.63,16.76,$1.07B,$0.89B,1.2,$0.43B,$0.77B,0.56,$5.22B,$0.85B,16.30%,$5.22B,$0.13B,2.41%,$5.22B,$0.13B,2.41%,$5.22B,$0.16B,3.06%,$5.22B,$0.06B,1.17%,$5.22B,$0.04B,0.69%,$0.04B,$0.77B,4.81%,$0.04B,$0.10B,42.23%,$0.04B,$2.20B,1.73%,$0.13B,$1.20B,10.67%,$1462,$1233,$229,$0,$174,$1415,$47,$-16,$31,$12,$19,$19,$19,$56,$47,$22,23,$0.85,$0.83,$96,$757,$0,$1065,$458,$0,$667,$10,$1136,$2202,$890,$432,$50,$541,$1431,$0,$512,$-22,$770,$2202,$40,$26,$41,$67,$-11,$-153,$-10,$5,$-159,$-52,$18,$0,$-34,$0,$0,$0,$1,$-15,$17,$178,$196,$-41,$-41,$0,$-5,$150,$83,$8,$0
33,2010-06-30,21.51,$31.56,0.68,$213.56,0.1,$33.85,0.64,$1.58,13.61,$0.97B,$0.83B,1.17,$0.42B,$0.75B,0.56,$5.01B,$0.83B,16.66%,$5.01B,$0.12B,2.42%,$5.01B,$0.12B,2.42%,$5.01B,$0.15B,3.08%,$5.01B,$0.06B,1.16%,$5.01B,$0.04B,0.70%,$0.04B,$0.75B,4.76%,$0.04B,$0.09B,47.14%,$0.04B,$2.10B,1.76%,$0.12B,$1.17B,10.35%,$1419,$1192,$227,$0,$182,$1382,$36,$-15,$21,$8,$13,$13,$13,$45,$36,$23,24,$0.55,$0.54,$32,$697,$0,$967,$454,$0,$667,$11,$1132,$2099,$826,$421,$50,$520,$1347,$0,$493,$-25,$753,$2099,$21,$17,$28,$45,$-31,$-94,$-13,$1,$-122,$-56,$25,$0,$-35,$0,$0,$0,$1,$-9,$12,$111,$123,$-34,$-34,$0,$-5,$84,$19,$5,$0
34,2010-03-31,29.12,$30.65,0.95,$201.16,0.14,$49.39,0.59,$1.47,19.81,$0.91B,$0.79B,1.15,$0.43B,$0.75B,0.57,$4.70B,$0.80B,16.99%,$4.70B,$0.12B,2.49%,$4.70B,$0.12B,2.49%,$4.70B,$0.15B,3.17%,$4.70B,$0.05B,1.13%,$4.70B,$0.03B,0.68%,$0.03B,$0.75B,4.44%,$0.03B,$0.09B,51.00%,$0.03B,$2.07B,1.64%,$0.12B,$1.18B,10.01%,$1191,$987,$205,$0,$166,$1160,$32,$-19,$13,$5,$8,$8,$8,$40,$32,$23,24,$0.34,$0.34,$28,$655,$0,$913,$480,$0,$661,$12,$1153,$2067,$793,$431,$49,$521,$1315,$0,$480,$-27,$752,$2067,$8,$8,$11,$19,$-22,$-48,$-1,$1,$-47,$-20,$-0,$0,$-22,$0,$0,$0,$0,$-21,$20,$54,$74,$-14,$-14,$0,$-3,$57,$15,$3,$0
35,2009-12-31,25.92,$29.42,0.88,$195.37,0.13,$60.02,0.43,$1.50,17.28,$0.82B,$0.72B,1.14,$0.44B,$0.72B,0.62,$4.53B,$0.78B,17.15%,$4.53B,$0.11B,2.39%,$4.53B,$0.11B,2.39%,$4.53B,$0.14B,3.09%,$4.53B,$0.05B,1.19%,$4.53B,$0.03B,0.71%,$0.03B,$0.72B,4.57%,$0.03B,$0.06B,72.73%,$0.03B,$1.97B,1.65%,$0.11B,$1.16B,9.24%,$1150,$960,$190,$0,$154,$1139,$11,$-15,$-4,$-2,$-2,$-2,$-4,$19,$11,$23,23,$-0.18,$-0.15,$13,$597,$0,$822,$476,$0,$658,$13,$1147,$1969,$719,$444,$47,$530,$1249,$0,$472,$-26,$720,$1969,$35,$33,$51,$84,$27,$243,$-14,$-4,$236,$355,$9,$0,$-16,$0,$0,$0,$4,$-4,$-41,$-323,$-365,$3,$3,$0,$-0,$-361,$-10,$9,$0
36,2009-09-30,24.55,$29.54,0.83,$195.15,0.13,$46.49,0.53,$-0.38,0.0,$0.65B,$0.57B,1.15,$0.44B,$0.72B,0.62,$4.51B,$0.77B,17.14%,$4.51B,$0.00B,0.07%,$4.51B,$0.00B,0.07%,$4.51B,$0.04B,0.80%,$4.51B,$-0.04B,-0.86%,$4.51B,$-0.02B,-0.47%,$-0.02B,$0.72B,-3.06%,$-0.02B,$0.06B,-70.00%,$-0.02B,$1.82B,-1.04%,$0.00B,$1.16B,0.25%,$1247,$1035,$212,$0,$162,$1205,$42,$-14,$28,$10,$18,$18,$18,$50,$42,$23,24,$0.80,$0.78,$15,$471,$0,$653,$492,$0,$656,$18,$1166,$1819,$566,$441,$64,$538,$1104,$0,$474,$-31,$715,$1819,$37,$25,$24,$49,$57,$373,$-39,$4,$379,$465,$9,$0,$-4,$0,$0,$0,$2,$8,$-43,$-440,$-484,$3,$3,$0,$-1,$-482,$-8,$7,$0
37,2009-06-30,23.79,$28.79,0.83,$205.23,0.12,$29.97,0.79,$-2.07,0.0,$0.76B,$0.67B,1.13,$0.48B,$0.70B,0.69,$4.70B,$0.79B,16.84%,$4.70B,$-0.05B,-1.13%,$4.70B,$-0.05B,-1.13%,$4.70B,$-0.01B,-0.30%,$4.70B,$-0.10B,-2.15%,$4.70B,$-0.06B,-1.30%,$-0.06B,$0.70B,-8.98%,$-0.06B,$0.04B,1220.00%,$-0.06B,$1.93B,-2.81%,$-0.05B,$1.17B,-4.39%,$1109,$918,$191,$0,$151,$1077,$32,$-15,$16,$6,$10,$10,$10,$40,$32,$23,23,$0.44,$0.43,$23,$541,$0,$756,$498,$0,$656,$19,$1173,$1930,$669,$476,$65,$565,$1235,$0,$456,$-30,$695,$1930,$18,$17,$13,$30,$38,$304,$-44,$-3,$277,$326,$5,$0,$3,$0,$0,$0,$2,$10,$-38,$-300,$-338,$1,$1,$0,$-1,$-338,$-1,$5,$0
38,2009-03-31,12.77,$27.88,0.46,$227.48,0.06,$14.53,0.88,$-1.74,0.0,$0.85B,$0.75B,1.13,$0.51B,$0.67B,0.77,$5.17B,$0.85B,16.46%,$5.17B,$-0.04B,-0.68%,$5.17B,$-0.04B,-0.68%,$5.17B,$-0.00B,-0.02%,$5.17B,$-0.09B,-1.72%,$5.17B,$-0.06B,-1.06%,$-0.06B,$0.67B,-8.03%,$-0.06B,$0.02B,146.67%,$-0.06B,$2.03B,-2.35%,$-0.04B,$1.19B,-2.80%,$1020,$837,$183,$0,$153,$997,$23,$-9,$14,$6,$8,$8,$8,$31,$23,$23,23,$0.37,$0.37,$22,$638,$0,$852,$502,$0,$655,$20,$1176,$2028,$753,$514,$74,$604,$1357,$0,$445,$-40,$671,$2028,$8,$8,$1,$9,$30,$202,$-25,$4,$200,$218,$7,$0,$6,$0,$0,$0,$1,$13,$-27,$-205,$-232,$1,$1,$0,$-0,$-232,$-2,$2,$0
39,2008-12-31,9.85,$27.65,0.36,$249.66,0.04,$0.50,19.64,$-1.38,0.0,$1.10B,$1.00B,1.09,$0.54B,$0.66B,0.81,$5.65B,$0.92B,16.20%,$5.65B,$-0.01B,-0.19%,$5.65B,$-0.01B,-0.19%,$5.65B,$0.02B,0.41%,$5.65B,$-0.08B,-1.36%,$5.65B,$-0.05B,-0.85%,$-0.05B,$0.66B,-6.96%,$-0.05B,$0.01B,72.73%,$-0.05B,$2.29B,-1.93%,$-0.01B,$1.20B,-0.85%,$1134,$947,$187,$0,$160,$1228,$-94,$-2,$-97,$-39,$-57,$-57,$-57,$-85,$-94,$23,23,$-2.55,$-2.54,$23,$846,$0,$1097,$515,$0,$656,$21,$1191,$2288,$1004,$537,$72,$622,$1626,$0,$437,$-38,$662,$2288,$-48,$36,$112,$148,$97,$57,$-41,$-5,$70,$170,$-118,$0,$-49,$0,$0,$0,$25,$-142,$37,$-40,$-3,$2,$2,$-11,$-23,$-34,$-11,$7,$-11
40,2008-09-30,19.77,$29.60,0.67,$262.28,0.08,$-6.36,0.0,$0.82,24.11,$1.10B,$1.04B,1.06,$0.58B,$0.69B,0.84,$5.99B,$0.95B,15.92%,$5.99B,$0.11B,1.84%,$5.99B,$0.11B,1.84%,$5.99B,$0.15B,2.51%,$5.99B,$0.02B,0.38%,$5.99B,$0.01B,0.17%,$0.01B,$0.69B,1.44%,$0.01B,$-0.08B,-10.72%,$0.01B,$2.43B,0.39%,$0.11B,$1.27B,8.28%,$1434,$1204,$230,$0,$189,$1448,$-14,$-20,$-34,$-13,$-22,$-22,$-22,$-0,$-14,$23,23,$-0.97,$-0.96,$42,$857,$0,$1101,$537,$0,$771,$24,$1332,$2433,$1043,$581,$87,$700,$1743,$0,$506,$-14,$690,$2433,$9,$27,$50,$77,$112,$28,$-33,$14,$103,$190,$-107,$0,$-49,$0,$0,$0,$24,$-131,$50,$-71,$-21,$2,$2,$-10,$-22,$-51,$8,$5,$-10
41,2008-06-30,17.96,$30.83,0.58,$269.13,0.07,$-9.95,0.0,$2.63,6.83,$1.25B,$1.15B,1.09,$0.63B,$0.72B,0.88,$6.18B,$0.97B,15.77%,$6.18B,$0.18B,2.85%,$6.18B,$0.18B,2.85%,$6.18B,$0.21B,3.35%,$6.18B,$0.09B,1.46%,$6.18B,$0.05B,0.86%,$0.05B,$0.72B,7.63%,$0.05B,$-0.09B,-68.39%,$0.05B,$2.62B,2.12%,$0.18B,$1.35B,13.43%,$1583,$1332,$251,$0,$195,$1534,$50,$-21,$28,$11,$17,$17,$16,$53,$50,$22,23,$0.71,$0.71,$40,$935,$0,$1247,$542,$0,$808,$26,$1376,$2623,$1150,$628,$85,$756,$1906,$0,$530,$-9,$717,$2623,$31,$12,$18,$30,$43,$-44,$-4,$12,$7,$68,$-97,$0,$-48,$0,$0,$0,$24,$-121,$62,$22,$84,$2,$2,$-6,$-21,$58,$6,$0,$-6
42,2008-03-31,21.11,$29.73,0.71,$268.18,0.08,$-6.60,0.0,$2.88,7.33,$1.28B,$1.17B,1.1,$0.66B,$0.69B,0.95,$6.24B,$0.98B,15.63%,$6.24B,$0.18B,2.90%,$6.24B,$0.18B,2.90%,$6.24B,$0.21B,3.43%,$6.24B,$0.10B,1.59%,$6.24B,$0.06B,0.98%,$0.06B,$0.69B,8.77%,$0.06B,$-0.10B,-118.45%,$0.06B,$2.60B,2.53%,$0.18B,$1.35B,14.15%,$1503,$1256,$248,$0,$195,$1457,$47,$-21,$26,$10,$16,$16,$15,$55,$47,$22,23,$0.68,$0.67,$20,$988,$0,$1282,$505,$0,$788,$28,$1320,$2602,$1165,$656,$63,$747,$1912,$0,$516,$-20,$690,$2602,$15,$8,$4,$12,$39,$-85,$-15,$10,$-50,$-23,$-73,$0,$-0,$0,$0,$0,$0,$-73,$47,$37,$83,$1,$1,$-3,$2,$83,$-13,$2,$-3
43,2007-12-31,21.23,$29.62,0.72,$264.75,0.08,$-6.52,0.0,$2.87,7.4,$1.26B,$1.08B,1.17,$0.67B,$0.68B,0.98,$6.26B,$0.97B,15.56%,$6.26B,$0.18B,2.84%,$6.26B,$0.18B,2.84%,$6.26B,$0.21B,3.32%,$6.26B,$0.10B,1.60%,$6.26B,$0.06B,1.01%,$0.06B,$0.68B,9.01%,$0.06B,$-0.10B,-233.33%,$0.06B,$2.51B,2.72%,$0.18B,$1.35B,14.34%,$1466,$1242,$224,$0,$175,$1438,$27,$-24,$3,$1,$2,$2,$1,$42,$27,$23,23,$0.08,$0.08,$34,$878,$0,$1263,$427,$0,$787,$29,$1243,$2506,$1078,$669,$51,$743,$1822,$0,$503,$-10,$684,$2506,$63,$30,$36,$66,$-11,$13,$-106,$-6,$-122,$8,$-114,$0,$-282,$0,$0,$0,$2,$-393,$90,$360,$451,$-58,$-58,$-13,$1,$381,$-5,$5,$-13
44,2007-09-30,29.86,$30.21,0.99,$257.93,0.12,$-2.35,0.0,$3.24,9.22,$1.15B,$1.00B,1.15,$0.51B,$0.69B,0.74,$6.16B,$0.96B,15.57%,$6.16B,$0.19B,3.04%,$6.16B,$0.19B,3.04%,$6.16B,$0.21B,3.38%,$6.16B,$0.12B,1.96%,$6.16B,$0.08B,1.25%,$0.08B,$0.69B,10.98%,$0.08B,$-0.02B,2566.67%,$0.08B,$2.26B,3.48%,$0.19B,$1.20B,15.80%,$1625,$1374,$251,$0,$194,$1573,$52,$-19,$33,$13,$21,$21,$21,$57,$52,$23,23,$0.90,$0.90,$79,$794,$0,$1145,$380,$0,$707,$26,$1112,$2257,$996,$509,$29,$573,$1569,$0,$500,$-1,$688,$2257,$62,$15,$22,$37,$28,$74,$-125,$9,$4,$104,$-102,$0,$-111,$0,$0,$0,$2,$-211,$72,$145,$218,$-59,$-59,$-10,$-1,$148,$40,$0,$-10
45,2007-06-30,35.74,$29.92,1.19,$254.68,0.14,$2.90,12.34,$3.44,10.39,$1.21B,$0.99B,1.22,$0.50B,$0.72B,0.7,$6.14B,$0.96B,15.62%,$6.14B,$0.19B,3.13%,$6.14B,$0.19B,3.13%,$6.14B,$0.21B,3.47%,$6.14B,$0.13B,2.12%,$6.14B,$0.08B,1.34%,$0.08B,$0.72B,11.74%,$0.08B,$0.01B,565.52%,$0.08B,$2.27B,3.84%,$0.19B,$1.22B,16.54%,$1646,$1394,$252,$0,$192,$1592,$55,$-18,$37,$13,$24,$24,$24,$60,$55,$24,24,$1.02,$1.01,$52,$862,$0,$1205,$324,$0,$706,$35,$1065,$2270,$987,$501,$29,$564,$1550,$0,$483,$3,$719,$2270,$42,$10,$13,$23,$11,$3,$-10,$8,$32,$97,$-46,$0,$-111,$0,$0,$0,$2,$-155,$72,$21,$93,$-13,$-13,$-7,$-2,$71,$13,$0,$-7
46,2007-03-31,35.12,$29.05,1.21,$248.44,0.14,$3.22,10.91,$3.43,10.24,$1.19B,$0.97B,1.23,$0.49B,$0.71B,0.69,$6.05B,$0.95B,15.71%,$6.05B,$0.19B,3.19%,$6.05B,$0.19B,3.19%,$6.05B,$0.21B,3.54%,$6.05B,$0.13B,2.18%,$6.05B,$0.08B,1.37%,$0.08B,$0.71B,12.16%,$0.08B,$0.00B,244.12%,$0.08B,$2.22B,4.04%,$0.19B,$1.20B,17.11%,$1523,$1276,$247,$0,$198,$1479,$44,$-17,$27,$9,$17,$17,$17,$49,$44,$24,24,$0.73,$0.72,$37,$851,$0,$1190,$293,$0,$706,$31,$1030,$2220,$966,$490,$28,$549,$1515,$0,$462,$-0,$706,$2220,$17,$5,$8,$13,$6,$18,$-151,$3,$-115,$-84,$-16,$0,$-108,$0,$0,$0,$2,$-122,$61,$150,$211,$-1,$-1,$-3,$-3,$203,$-2,$0,$-3
47,2006-12-31,45.53,$28.56,1.59,$243.18,0.19,$6.59,6.91,$3.62,12.58,$1.18B,$0.94B,1.25,$0.43B,$0.69B,0.62,$5.94B,$0.94B,15.82%,$5.94B,$0.20B,3.38%,$5.94B,$0.20B,3.38%,$5.94B,$0.22B,3.72%,$5.94B,$0.14B,2.37%,$5.94B,$0.09B,1.48%,$0.09B,$0.69B,13.07%,$0.09B,$0.02B,146.06%,$0.09B,$2.11B,4.44%,$0.20B,$1.12B,19.42%,$1364,$1155,$209,$0,$166,$1328,$36,$-12,$24,$8,$16,$16,$15,$42,$36,$24,24,$0.61,$0.61,$39,$831,$0,$1178,$230,$0,$676,$29,$936,$2114,$941,$429,$28,$480,$1421,$0,$448,$1,$693,$2114,$88,$19,$24,$43,$-0,$-30,$-25,$-3,$-83,$49,$-58,$0,$-208,$0,$0,$0,$-3,$-269,$271,$30,$301,$-67,$-67,$-13,$1,$221,$0,$5,$-13
