,Date,Stock Price,Book Value per Share,Price to Book Ratio,TTM Sales per Share,Price to Sales Ratio,TTM FCF per Share,Price to FCF Ratio,TTM Net EPS,PE Ratio,Current Assets,Current Liabilities,Current Ratio,Long Term Debt,Shareholder's Equity_x,Debt to Equity Ratio,TTM Revenue_x,TTM Gross Profit,Gross Margin,TTM Revenue_y,TTM Operating Income,Operating Margin,TTM Revenue_x,TTM EBIT,EBIT Margin,TTM Revenue_y,TTM EBITDA,EBITDA Margin,TTM Revenue_x,TTM Pre-Tax Income,Pre-Tax Margin,TTM Revenue_y,TTM Net Income_x,Net Margin,TTM Net Income_y,Shareholder's Equity_y,Return on Equity,TTM Net Income_x,Tangible Equity,Return on Tangible Equity,TTM Net Income_y,Total Assets,Return on Assets,TTM Net Income,LT Investments & Debt,Return on Investment,revenue,cost-goods-sold,gross-profit,research-development-expenses,selling-general-administrative-expenses,operating-expenses,operating-income,total-non-operating-income-expense,pre-tax-income,total-provision-income-taxes,income-after-taxes,income-from-continuous-operations,net-income,ebitda,ebit,basic-shares-outstanding,shares-outstanding,eps-basic-net-earnings-per-share,eps-earnings-per-share-diluted,cash-on-hand,inventory,other-current-assets,total-current-assets,net-property-plant-equipment,long-term-investments,goodwill-intangible-assets-total,other-long-term-assets,total-long-term-assets,total-assets,total-current-liabilities,long-term-debt,other-non-current-liabilities,total-long-term-liabilities,total-liabilities,common-stock-net,retained-earnings-accumulated-deficit,comprehensive-income,total-share-holder-equity,total-liabilities-share-holders-equity,net-income-loss,total-depreciation-amortization-cash-flow,other-non-cash-items,total-non-cash-items,change-in-accounts-receivable,change-in-inventories,change-in-accounts-payable,change-in-assets-liabilities,total-change-in-assets-liabilities,cash-flow-from-operating-activities,net-change-in-property-plant-equipment,net-change-in-intangible-assets,net-acquisitions-divestitures,net-change-in-short-term-investments,net-change-in-long-term-investments,net-change-in-investments-total,investing-activities-other,cash-flow-from-investing-activities,net-long-term-debt,net-current-debt,debt-issuance-retirement-net-total,net-common-equity-issued-repurchased,net-total-equity-issued-repurchased,total-common-preferred-stock-dividends-paid,financial-activities-other,cash-flow-from-financial-activities,net-cash-flow,stock-based-compensation,common-stock-dividends-paid
0,2018-09-30,9.33,$8.11,1.15,$10.83,0.86,$2.10,4.45,$0.36,25.92,$0.04B,$0.02B,2.69,$0.00B,$0.07B,0.03,$0.09B,$0.03B,29.55%,$0.09B,$0.01B,6.82%,$0.09B,$0.01B,6.82%,$0.09B,$0.01B,11.36%,$0.09B,$0.01B,6.82%,$0.09B,$0.00B,4.55%,$0.00B,$0.07B,6.40%,$0.00B,$0.05B,7.92%,$0.00B,$0.08B,4.80%,$0.01B,$0.07B,9.02%,$23,$16,$7,$1,$4,$21,$2,$-0,$2,$1,$1,$1,$1,$3,$2,$8,8,$0.18,$0.18,$16,$15,$2,$42,$23,$0,$12,$3,$41,$83,$15,$2,$0,$2,$18,$0,$48,$-1,$65,$83,$4,$4,$0,$4,$-1,$1,$-0,$0,$-2,$6,$-1,$0,$0,$0,$0,$0,$0,$-1,$-3,$0,$-3,$0,$0,$0,$-0,$-3,$2,$0,$0
1,2018-06-30,8.56,$7.94,1.08,$11.04,0.78,$1.85,4.64,$0.63,13.59,$0.04B,$0.02B,2.4,$0.00B,$0.06B,0.04,$0.09B,$0.03B,28.89%,$0.09B,$0.01B,7.78%,$0.09B,$0.01B,7.78%,$0.09B,$0.01B,12.22%,$0.09B,$0.01B,7.78%,$0.09B,$0.01B,5.56%,$0.01B,$0.06B,8.10%,$0.01B,$0.05B,10.05%,$0.01B,$0.08B,5.99%,$0.01B,$0.07B,10.49%,$25,$16,$8,$1,$4,$22,$3,$0,$3,$1,$3,$3,$3,$4,$3,$8,8,$0.32,$0.31,$15,$14,$3,$41,$23,$0,$12,$3,$42,$83,$17,$2,$0,$3,$20,$0,$47,$-1,$63,$83,$3,$2,$0,$2,$-1,$1,$0,$1,$-1,$4,$-1,$0,$0,$0,$0,$0,$0,$-1,$-3,$0,$-3,$-0,$-0,$0,$0,$-3,$1,$0,$0
2,2018-03-31,9.84,$7.74,1.27,$9.98,0.99,$1.82,5.4,$0.33,29.82,$0.04B,$0.02B,2.28,$0.01B,$0.06B,0.08,$0.08B,$0.02B,27.16%,$0.08B,$0.00B,4.94%,$0.08B,$0.00B,4.94%,$0.08B,$0.01B,9.88%,$0.08B,$0.00B,4.94%,$0.08B,$0.00B,2.47%,$0.00B,$0.06B,3.28%,$0.00B,$0.05B,4.08%,$0.00B,$0.08B,2.37%,$0.00B,$0.07B,5.99%,$19,$14,$5,$1,$4,$18,$0,$-0,$0,$0,$0,$0,$0,$1,$0,$8,8,$0.00,$0.00,$16,$14,$3,$41,$24,$0,$12,$4,$43,$84,$18,$5,$0,$5,$23,$0,$44,$-0,$61,$84,$0,$1,$-0,$1,$1,$1,$-1,$1,$2,$3,$-0,$0,$0,$0,$0,$0,$0,$-0,$-0,$0,$-0,$0,$0,$0,$-0,$-0,$2,$0,$0
3,2017-12-31,11.24,$7.73,1.45,$10.00,1.12,$1.97,5.69,$0.45,24.98,$0.04B,$0.02B,2.45,$0.01B,$0.06B,0.09,$0.08B,$0.02B,28.40%,$0.08B,$0.01B,6.17%,$0.08B,$0.01B,6.17%,$0.08B,$0.01B,11.11%,$0.08B,$0.01B,6.17%,$0.08B,$0.00B,3.70%,$0.00B,$0.06B,4.96%,$0.00B,$0.05B,6.19%,$0.00B,$0.08B,3.55%,$0.01B,$0.07B,7.52%,$21,$15,$6,$0,$4,$20,$1,$-0,$1,$0,$0,$0,$0,$2,$1,$8,8,$0.05,$0.05,$14,$15,$3,$41,$25,$0,$12,$2,$43,$83,$17,$5,$0,$5,$22,$0,$45,$-0,$61,$83,$4,$5,$2,$6,$4,$-2,$1,$-2,$0,$10,$-4,$-0,$0,$0,$-0,$-0,$0,$-5,$-1,$0,$-1,$0,$0,$-1,$-0,$-2,$3,$0,$-1
4,2017-09-30,10.64,$7.88,1.35,$10.30,1.03,$0.22,47.86,$0.49,21.71,$0.04B,$0.02B,2.61,$0.01B,$0.06B,0.09,$0.08B,$0.02B,28.92%,$0.08B,$0.01B,6.02%,$0.08B,$0.01B,6.02%,$0.08B,$0.01B,12.05%,$0.08B,$0.01B,6.02%,$0.08B,$0.00B,4.82%,$0.00B,$0.06B,6.69%,$0.00B,$0.05B,8.42%,$0.00B,$0.08B,4.78%,$0.01B,$0.07B,7.60%,$25,$17,$7,$0,$4,$22,$3,$0,$3,$1,$2,$2,$2,$4,$3,$8,8,$0.28,$0.27,$12,$17,$2,$42,$25,$0,$12,$2,$42,$84,$16,$6,$0,$6,$22,$0,$45,$-1,$62,$84,$3,$3,$0,$4,$1,$-2,$0,$1,$-1,$6,$-3,$-0,$0,$0,$-0,$-0,$0,$-4,$-1,$0,$-1,$0,$0,$0,$0,$-1,$2,$0,$0
5,2017-06-30,11.79,$7.53,1.57,$10.04,1.17,$-1.34,0.0,$0.52,22.67,$0.04B,$0.02B,2.15,$0.01B,$0.06B,0.1,$0.08B,$0.03B,30.86%,$0.08B,$0.01B,6.17%,$0.08B,$0.01B,6.17%,$0.08B,$0.01B,12.35%,$0.08B,$0.01B,7.41%,$0.08B,$0.00B,4.94%,$0.00B,$0.06B,6.78%,$0.00B,$0.05B,8.60%,$0.00B,$0.09B,4.78%,$0.01B,$0.07B,7.66%,$16,$12,$4,$0,$3,$16,$0,$0,$0,$0,$0,$0,$0,$1,$0,$8,8,$0.01,$0.01,$13,$19,$2,$43,$26,$0,$12,$2,$43,$86,$20,$6,$0,$6,$26,$0,$43,$-1,$60,$86,$1,$2,$-1,$1,$4,$-4,$3,$2,$3,$5,$-2,$-0,$0,$0,$-0,$-0,$0,$-2,$-1,$0,$-1,$0,$0,$0,$0,$-1,$3,$0,$0
6,2017-03-31,9.89,$7.40,1.34,$10.56,0.94,$-2.79,0.0,$0.77,12.84,$0.04B,$0.02B,2.25,$0.01B,$0.06B,0.11,$0.09B,$0.03B,32.94%,$0.09B,$0.01B,9.41%,$0.09B,$0.01B,9.41%,$0.09B,$0.01B,15.29%,$0.09B,$0.01B,10.59%,$0.09B,$0.01B,7.06%,$0.01B,$0.06B,10.34%,$0.01B,$0.05B,13.26%,$0.01B,$0.09B,7.25%,$0.01B,$0.07B,12.40%,$19,$13,$6,$0,$4,$17,$1,$-0,$1,$0,$1,$1,$1,$2,$1,$8,8,$0.12,$0.12,$14,$16,$2,$43,$25,$0,$12,$2,$42,$85,$19,$6,$1,$8,$27,$0,$43,$-2,$59,$85,$1,$1,$0,$1,$1,$-1,$2,$0,$2,$4,$-0,$-0,$0,$0,$0,$0,$0,$-0,$-0,$0,$-0,$0,$0,$0,$0,$-0,$4,$0,$0
7,2016-12-31,11.69,$7.26,1.61,$10.24,1.14,$-3.50,0.0,$0.64,18.26,$0.04B,$0.02B,2.68,$0.01B,$0.06B,0.12,$0.08B,$0.03B,31.71%,$0.08B,$0.01B,8.54%,$0.08B,$0.01B,8.54%,$0.08B,$0.01B,14.63%,$0.08B,$0.01B,9.76%,$0.08B,$0.01B,6.10%,$0.01B,$0.06B,8.81%,$0.01B,$0.05B,11.36%,$0.01B,$0.08B,6.21%,$0.01B,$0.06B,10.98%,$23,$17,$7,$0,$5,$22,$1,$-0,$1,$0,$1,$1,$1,$3,$1,$8,8,$0.09,$0.09,$11,$15,$2,$39,$24,$0,$12,$2,$41,$80,$15,$7,$1,$8,$22,$0,$42,$-2,$58,$80,$5,$4,$0,$5,$-0,$-5,$-1,$2,$-6,$4,$-12,$0,$0,$0,$4,$4,$0,$-8,$-1,$0,$-1,$0,$0,$-1,$0,$-2,$-7,$0,$-1
8,2016-09-30,10.37,$7.39,1.4,$10.28,1.01,$-1.21,0.0,$0.98,10.59,$0.04B,$0.02B,2.61,$0.01B,$0.06B,0.12,$0.08B,$0.03B,34.15%,$0.08B,$0.01B,14.63%,$0.08B,$0.01B,14.63%,$0.08B,$0.02B,18.29%,$0.08B,$0.01B,14.63%,$0.08B,$0.01B,8.54%,$0.01B,$0.06B,12.56%,$0.01B,$0.05B,16.28%,$0.01B,$0.08B,8.78%,$0.01B,$0.07B,18.97%,$23,$15,$8,$0,$4,$19,$3,$0,$4,$1,$2,$2,$2,$4,$3,$8,8,$0.31,$0.30,$11,$16,$2,$44,$23,$0,$13,$3,$40,$84,$17,$7,$1,$8,$25,$0,$42,$-1,$59,$84,$4,$2,$-0,$2,$-2,$-5,$0,$1,$-8,$-1,$-9,$0,$0,$0,$4,$4,$0,$-5,$-1,$0,$-1,$0,$0,$0,$0,$-1,$-7,$0,$0
9,2016-06-30,9.1,$7.06,1.29,$9.95,0.91,$0.83,10.93,$0.89,10.23,$0.04B,$0.02B,2.49,$0.01B,$0.06B,0.13,$0.08B,$0.03B,32.91%,$0.08B,$0.01B,13.92%,$0.08B,$0.01B,13.92%,$0.08B,$0.01B,17.72%,$0.08B,$0.01B,12.66%,$0.08B,$0.01B,8.86%,$0.01B,$0.06B,13.02%,$0.01B,$0.04B,17.07%,$0.01B,$0.08B,8.97%,$0.01B,$0.06B,17.89%,$20,$13,$7,$0,$4,$17,$3,$0,$3,$1,$2,$2,$2,$4,$3,$8,8,$0.26,$0.26,$13,$13,$3,$43,$22,$0,$13,$3,$39,$82,$17,$7,$1,$9,$26,$0,$40,$-2,$56,$82,$2,$1,$-0,$1,$-1,$-3,$-1,$2,$-5,$-2,$-7,$0,$0,$0,$2,$2,$0,$-5,$-1,$0,$-1,$0,$0,$0,$0,$-1,$-7,$0,$0
10,2016-03-31,9.64,$6.84,1.41,$9.47,1.02,$2.90,3.33,$0.61,15.8,$0.05B,$0.01B,3.25,$0.01B,$0.05B,0.14,$0.08B,$0.02B,32.00%,$0.08B,$0.01B,10.67%,$0.08B,$0.01B,10.67%,$0.08B,$0.01B,14.67%,$0.08B,$0.01B,9.33%,$0.08B,$0.01B,6.67%,$0.01B,$0.05B,9.62%,$0.01B,$0.04B,12.74%,$0.01B,$0.08B,6.58%,$0.01B,$0.06B,13.28%,$16,$12,$4,$0,$4,$16,$-0,$-0,$-0,$-0,$-0,$-0,$-0,$1,$-0,$8,8,$-0.01,$-0.01,$19,$11,$2,$45,$14,$0,$13,$3,$31,$76,$14,$8,$0,$8,$22,$0,$38,$-1,$54,$76,$-0,$1,$-0,$0,$1,$-1,$-1,$1,$-1,$-1,$-1,$0,$0,$0,$2,$2,$0,$1,$-0,$0,$-0,$0,$0,$0,$0,$-0,$-0,$0,$0
11,2015-12-31,8.77,$6.78,1.29,$9.76,0.9,$3.58,2.45,$0.86,10.2,$0.05B,$0.02B,3.05,$0.01B,$0.05B,0.15,$0.08B,$0.03B,33.33%,$0.08B,$0.01B,12.82%,$0.08B,$0.01B,12.82%,$0.08B,$0.01B,16.67%,$0.08B,$0.01B,11.54%,$0.08B,$0.01B,8.97%,$0.01B,$0.05B,13.79%,$0.01B,$0.04B,18.54%,$0.01B,$0.08B,9.43%,$0.01B,$0.06B,17.54%,$23,$14,$9,$0,$3,$18,$6,$-0,$5,$2,$3,$3,$3,$6,$6,$8,8,$0.43,$0.43,$21,$10,$2,$46,$14,$0,$13,$3,$31,$77,$15,$8,$0,$8,$23,$0,$38,$-2,$54,$77,$7,$3,$0,$3,$-1,$-2,$1,$-1,$1,$11,$-0,$0,$0,$0,$-0,$-0,$0,$-1,$9,$-10,$-1,$0,$0,$0,$0,$-1,$9,$0,$0
12,2015-09-30,9.79,$6.40,1.53,$9.33,1.05,$0.26,38.32,$0.70,13.98,$0.04B,$0.02B,2.6,$0.01B,$0.05B,0.16,$0.08B,$0.02B,30.67%,$0.08B,$0.01B,8.00%,$0.08B,$0.01B,8.00%,$0.08B,$0.01B,13.33%,$0.08B,$0.01B,8.00%,$0.08B,$0.01B,8.00%,$0.01B,$0.05B,12.18%,$0.01B,$0.04B,16.55%,$0.01B,$0.08B,8.33%,$0.01B,$0.06B,11.21%,$20,$13,$6,$0,$4,$18,$2,$0,$2,$0,$2,$2,$2,$3,$2,$8,8,$0.21,$0.21,$18,$11,$3,$44,$15,$0,$13,$2,$32,$77,$17,$8,$0,$9,$26,$0,$34,$-1,$51,$77,$3,$2,$0,$2,$-1,$-2,$1,$4,$3,$9,$-2,$0,$0,$0,$-2,$-2,$0,$-4,$10,$-10,$-0,$0,$0,$0,$0,$-0,$4,$0,$0
13,2015-06-30,9.89,$6.17,1.6,$9.39,1.05,$-2.82,0.0,$0.84,11.78,$0.04B,$0.02B,2.59,$0.01B,$0.05B,0.18,$0.08B,$0.02B,32.00%,$0.08B,$0.01B,9.33%,$0.08B,$0.01B,9.33%,$0.08B,$0.01B,13.33%,$0.08B,$0.01B,9.33%,$0.08B,$0.01B,9.33%,$0.01B,$0.05B,14.51%,$0.01B,$0.04B,19.86%,$0.01B,$0.07B,9.96%,$0.01B,$0.06B,13.86%,$16,$12,$5,$0,$4,$16,$0,$-0,$0,$1,$-0,$-0,$-0,$1,$0,$8,8,$-0.02,$-0.02,$20,$10,$3,$43,$14,$0,$13,$2,$32,$74,$16,$9,$0,$9,$25,$0,$33,$-2,$49,$74,$2,$1,$-1,$1,$2,$-1,$1,$3,$6,$9,$-1,$0,$0,$0,$-2,$-2,$0,$-3,$10,$-10,$0,$0,$0,$0,$0,$0,$6,$0,$0
14,2015-03-31,10.53,$6.14,1.71,$8.63,1.22,$-3.71,0.0,$0.71,14.83,$0.04B,$0.02B,1.87,$0.00B,$0.05B,0.0,$0.07B,$0.02B,31.88%,$0.07B,$0.01B,8.70%,$0.07B,$0.01B,8.70%,$0.07B,$0.01B,13.04%,$0.07B,$0.01B,8.70%,$0.07B,$0.01B,8.70%,$0.01B,$0.05B,12.70%,$0.01B,$0.04B,16.11%,$0.01B,$0.07B,8.86%,$0.01B,$0.05B,12.70%,$19,$12,$6,$0,$4,$17,$2,$0,$2,$-0,$2,$2,$2,$3,$2,$8,8,$0.25,$0.24,$15,$8,$2,$37,$14,$0,$13,$2,$32,$69,$20,$0,$0,$0,$20,$0,$33,$-2,$49,$69,$2,$1,$-0,$0,$1,$1,$1,$-2,$2,$4,$-0,$0,$0,$0,$-2,$-2,$0,$-2,$0,$0,$0,$0,$0,$0,$0,$0,$1,$0,$0
15,2014-12-31,8.42,$6.10,1.38,$7.64,1.1,$-4.11,0.0,$0.33,25.52,$0.04B,$0.02B,1.82,$0.00B,$0.05B,0.0,$0.06B,$0.02B,31.15%,$0.06B,$0.00B,4.92%,$0.06B,$0.00B,4.92%,$0.06B,$0.01B,9.84%,$0.06B,$0.00B,4.92%,$0.06B,$0.00B,4.92%,$0.00B,$0.05B,6.45%,$0.00B,$0.04B,7.59%,$0.00B,$0.07B,4.67%,$0.00B,$0.05B,6.45%,$20,$14,$6,$0,$4,$18,$2,$-0,$2,$-1,$2,$2,$2,$3,$2,$8,8,$0.28,$0.27,$13,$9,$2,$36,$15,$0,$13,$2,$32,$68,$20,$0,$0,$0,$20,$0,$31,$-0,$48,$68,$3,$3,$-0,$3,$-2,$-0,$-0,$2,$-0,$5,$-22,$-0,$0,$0,$2,$2,$0,$-20,$0,$10,$10,$0,$0,$0,$0,$10,$-6,$0,$0
16,2014-09-30,8.25,$5.91,1.4,$6.86,1.2,$-2.86,0.0,$0.14,58.93,$0.04B,$0.02B,1.71,$0.00B,$0.05B,0.0,$0.06B,$0.02B,32.73%,$0.06B,$0.00B,1.82%,$0.06B,$0.00B,1.82%,$0.06B,$0.00B,7.27%,$0.06B,$0.00B,1.82%,$0.06B,$0.00B,3.64%,$0.00B,$0.05B,4.32%,$0.00B,$0.03B,4.73%,$0.00B,$0.07B,3.28%,$0.00B,$0.05B,2.16%,$20,$13,$7,$0,$4,$18,$3,$0,$3,$-0,$3,$3,$3,$3,$3,$8,8,$0.35,$0.35,$11,$11,$2,$36,$14,$0,$13,$2,$34,$70,$21,$0,$0,$2,$23,$0,$29,$0,$47,$70,$0,$2,$1,$3,$-3,$-2,$1,$2,$-1,$2,$-20,$-0,$0,$0,$4,$4,$0,$-16,$0,$10,$10,$0,$0,$0,$0,$10,$-5,$0,$0
17,2014-06-30,7.99,$5.70,1.4,$6.03,1.33,$-1.49,0.0,$-0.20,0.0,$0.05B,$0.02B,2.76,$0.00B,$0.05B,0.0,$0.05B,$0.02B,30.61%,$0.05B,$-0.00B,-4.08%,$0.05B,$-0.00B,-4.08%,$0.05B,$0.00B,4.08%,$0.05B,$-0.00B,-4.08%,$0.05B,$-0.00B,-2.04%,$-0.00B,$0.05B,-2.16%,$-0.00B,$0.04B,-2.22%,$-0.00B,$0.06B,-1.74%,$-0.00B,$0.05B,-4.32%,$10,$7,$3,$0,$3,$11,$-1,$0,$-1,$0,$-1,$-1,$-1,$-0,$-1,$8,8,$-0.15,$-0.15,$31,$8,$2,$47,$10,$0,$1,$2,$17,$64,$17,$0,$0,$2,$19,$0,$26,$2,$45,$64,$-2,$1,$1,$2,$2,$-1,$0,$2,$2,$2,$-0,$0,$0,$0,$1,$1,$-11,$-11,$0,$10,$10,$0,$0,$0,$0,$10,$1,$0,$0
18,2014-03-31,9.03,$5.86,1.54,$6.51,1.39,$-2.46,0.0,$-0.06,0.0,$0.04B,$0.01B,5.96,$0.00B,$0.05B,0.0,$0.05B,$0.02B,30.19%,$0.05B,$-0.00B,-1.89%,$0.05B,$-0.00B,-1.89%,$0.05B,$0.00B,5.66%,$0.05B,$-0.00B,-1.89%,$0.05B,0,0.00%,$0.00B,$0.05B,0.00%,$0.00B,$0.05B,0.00%,$0.00B,$0.06B,0.00%,$-0.00B,$0.05B,-2.15%,$11,$8,$3,$0,$3,$12,$-1,$0,$-1,$0,$-1,$-1,$-1,$-0,$-1,$8,8,$-0.14,$-0.14,$20,$7,$4,$38,$10,$0,$1,$1,$16,$55,$6,$0,$0,$2,$8,$0,$27,$2,$46,$55,$-1,$1,$1,$1,$0,$-0,$-0,$0,$1,$1,$-0,$0,$0,$0,$-0,$-0,$-1,$-1,$0,$0,$0,$0,$0,$0,$0,$0,$-1,$0,$0
19,2013-12-31,8.0,$6.00,1.33,$7.01,1.14,$-2.72,0.0,$0.15,53.3,$0.04B,$0.01B,6.25,$0.00B,$0.05B,0.0,$0.06B,$0.02B,29.82%,$0.06B,0,0.00%,$0.06B,0,0.00%,$0.06B,$0.00B,7.02%,$0.06B,0,0.00%,$0.06B,$0.00B,3.51%,$0.00B,$0.05B,4.30%,$0.00B,$0.05B,4.42%,$0.00B,$0.06B,3.57%,$0.00B,$0.05B,0.00%,$14,$9,$5,$0,$4,$13,$0,$-0,$0,$-0,$1,$1,$1,$1,$0,$8,8,$0.08,$0.08,$20,$7,$3,$38,$11,$0,$1,$1,$17,$55,$6,$0,$0,$2,$8,$0,$28,$2,$47,$55,$1,$2,$-0,$2,$-0,$0,$-1,$-4,$-7,$-4,$-3,$0,$0,$0,$8,$8,$0,$6,$0,$0,$0,$-1,$-1,$0,$0,$-1,$0,$0,$0
20,2013-09-30,7.94,$5.87,1.35,$7.45,1.07,$-1.21,0.0,$0.07,113.38,$0.04B,$0.01B,5.21,$0.00B,$0.05B,0.0,$0.06B,$0.02B,31.15%,$0.06B,$0.00B,3.28%,$0.06B,$0.00B,3.28%,$0.06B,$0.01B,9.84%,$0.06B,$0.00B,3.28%,$0.06B,$0.00B,4.92%,$0.00B,$0.05B,6.45%,$0.00B,$0.05B,6.63%,$0.00B,$0.06B,5.17%,$0.00B,$0.05B,4.30%,$14,$9,$4,$0,$4,$13,$0,$-0,$0,$-0,$0,$0,$0,$1,$0,$8,8,$0.01,$0.01,$19,$8,$2,$39,$11,$0,$1,$2,$18,$56,$7,$0,$0,$2,$10,$0,$28,$1,$47,$56,$1,$2,$-1,$1,$-1,$-0,$-0,$-2,$-6,$-5,$-2,$0,$0,$0,$7,$7,$0,$5,$0,$0,$0,$-1,$-1,$0,$0,$-1,$-1,$0,$0
21,2013-06-30,7.73,$5.78,1.34,$7.85,0.99,$-0.20,0.0,$0.21,36.81,$0.04B,$0.01B,5.05,$0.00B,$0.05B,0.0,$0.06B,$0.02B,31.25%,$0.06B,$0.00B,6.25%,$0.06B,$0.00B,6.25%,$0.06B,$0.01B,10.94%,$0.06B,$0.00B,6.25%,$0.06B,$0.00B,6.25%,$0.00B,$0.05B,8.65%,$0.00B,$0.05B,8.79%,$0.00B,$0.06B,6.87%,$0.00B,$0.05B,8.65%,$14,$10,$4,$0,$4,$14,$0,$-0,$-0,$0,$-0,$-0,$-0,$1,$0,$8,8,$-0.01,$-0.01,$20,$7,$2,$38,$11,$0,$1,$2,$18,$56,$8,$0,$0,$2,$10,$0,$28,$1,$46,$56,$0,$1,$-1,$0,$-0,$0,$-0,$-3,$-5,$-4,$-2,$0,$0,$0,$8,$8,$0,$6,$0,$0,$0,$-1,$-1,$0,$0,$-1,$0,$0,$0
22,2013-03-31,8.47,$5.76,1.47,$7.67,1.1,$0.91,9.3,$0.44,19.26,$0.04B,$0.01B,4.4,$0.00B,$0.05B,0.0,$0.06B,$0.02B,33.33%,$0.06B,$0.01B,9.52%,$0.06B,$0.01B,9.52%,$0.06B,$0.01B,12.70%,$0.06B,$0.01B,9.52%,$0.06B,$0.01B,9.52%,$0.01B,$0.05B,13.04%,$0.01B,$0.05B,13.26%,$0.01B,$0.06B,10.30%,$0.01B,$0.05B,13.04%,$15,$10,$4,$1,$4,$15,$0,$0,$0,$-0,$1,$1,$1,$1,$0,$8,8,$0.07,$0.07,$25,$7,$1,$39,$11,$0,$1,$2,$18,$57,$9,$0,$0,$2,$11,$0,$28,$1,$46,$57,$1,$1,$-1,$-0,$1,$0,$-0,$-1,$-1,$-1,$-1,$0,$0,$0,$6,$6,$0,$5,$0,$0,$0,$-1,$-1,$0,$0,$-1,$3,$0,$0
23,2012-12-31,6.71,$5.79,1.16,$7.72,0.87,$1.03,6.5,$0.53,12.67,$0.05B,$0.01B,3.16,$0.00B,$0.05B,0.0,$0.06B,$0.02B,34.92%,$0.06B,$0.01B,12.70%,$0.06B,$0.01B,12.70%,$0.06B,$0.01B,14.29%,$0.06B,$0.01B,12.70%,$0.06B,$0.01B,9.52%,$0.01B,$0.05B,13.19%,$0.01B,$0.05B,13.41%,$0.01B,$0.06B,10.34%,$0.01B,$0.05B,17.58%,$18,$11,$7,$1,$4,$15,$2,$-0,$2,$1,$2,$2,$2,$3,$2,$8,8,$0.21,$0.22,$28,$7,$1,$46,$11,$0,$1,$2,$17,$63,$14,$0,$0,$2,$17,$0,$27,$1,$47,$63,$6,$2,$0,$2,$0,$0,$0,$-2,$-2,$7,$-1,$0,$0,$0,$2,$2,$0,$0,$-0,$0,$-0,$-1,$-1,$-1,$0,$-2,$5,$0,$-1
24,2012-09-30,6.05,$5.70,1.06,$7.35,0.82,$0.75,8.05,$0.60,10.09,$0.04B,$0.01B,4.02,$0.00B,$0.05B,0.0,$0.06B,$0.02B,33.33%,$0.06B,$0.01B,10.00%,$0.06B,$0.01B,10.00%,$0.06B,$0.01B,11.67%,$0.06B,$0.01B,11.67%,$0.06B,$0.01B,8.33%,$0.01B,$0.05B,11.30%,$0.01B,$0.05B,11.43%,$0.01B,$0.06B,8.89%,$0.01B,$0.05B,13.56%,$17,$11,$5,$0,$4,$15,$2,$0,$2,$0,$1,$1,$1,$2,$2,$8,8,$0.16,$0.15,$24,$7,$2,$42,$11,$0,$1,$2,$15,$57,$10,$0,$0,$1,$11,$0,$27,$1,$46,$57,$4,$2,$0,$2,$-1,$1,$-0,$-4,$-4,$2,$-1,$0,$0,$0,$3,$3,$0,$2,$-0,$0,$-0,$-1,$-1,$0,$0,$-1,$3,$0,$0
25,2012-06-30,5.89,$5.49,1.07,$6.95,0.85,$0.89,6.59,$0.51,11.55,$0.04B,$0.01B,3.77,$0.00B,$0.05B,0.0,$0.06B,$0.02B,33.33%,$0.06B,$0.00B,7.02%,$0.06B,$0.00B,7.02%,$0.06B,$0.01B,10.53%,$0.06B,$0.01B,10.53%,$0.06B,$0.00B,7.02%,$0.00B,$0.05B,9.14%,$0.00B,$0.04B,9.25%,$0.00B,$0.06B,7.11%,$0.00B,$0.05B,9.14%,$13,$8,$5,$0,$3,$11,$2,$0,$2,$-0,$2,$2,$2,$2,$2,$8,8,$0.22,$0.22,$26,$8,$2,$42,$11,$0,$1,$0,$15,$56,$11,$0,$0,$1,$12,$0,$26,$0,$45,$56,$3,$1,$-0,$1,$2,$-0,$0,$-2,$-1,$3,$-1,$0,$0,$0,$1,$1,$0,$1,$-0,$0,$-0,$-1,$-1,$0,$0,$-1,$3,$0,$0
26,2012-03-31,6.03,$5.42,1.11,$7.14,0.84,$0.93,6.46,$0.40,15.08,$0.04B,$0.01B,3.81,$0.00B,$0.04B,0.0,$0.06B,$0.02B,32.20%,$0.06B,$0.00B,5.08%,$0.06B,$0.00B,5.08%,$0.06B,$0.01B,10.17%,$0.06B,$0.01B,8.47%,$0.06B,$0.00B,5.08%,$0.00B,$0.04B,6.86%,$0.00B,$0.04B,6.94%,$0.00B,$0.06B,5.26%,$0.00B,$0.04B,6.86%,$15,$10,$5,$0,$3,$14,$2,$0,$2,$0,$1,$1,$1,$2,$2,$8,8,$0.16,$0.16,$24,$8,$2,$41,$12,$0,$1,$0,$14,$56,$11,$0,$0,$1,$12,$0,$24,$1,$44,$56,$1,$1,$0,$1,$0,$0,$0,$-2,$-3,$-0,$-0,$0,$0,$0,$2,$2,$0,$2,$-0,$0,$-0,$-0,$-0,$0,$0,$-0,$1,$0,$0
27,2011-12-31,5.91,$5.19,1.14,$7.43,0.8,$1.00,5.92,$0.45,13.13,$0.04B,$0.01B,3.22,$0.00B,$0.04B,0.0,$0.06B,$0.02B,32.26%,$0.06B,$0.00B,6.45%,$0.06B,$0.00B,6.45%,$0.06B,$0.01B,11.29%,$0.06B,$0.01B,9.68%,$0.06B,$0.00B,6.45%,$0.00B,$0.04B,9.14%,$0.00B,$0.04B,9.25%,$0.00B,$0.06B,6.75%,$0.00B,$0.04B,9.14%,$15,$10,$5,$0,$3,$14,$0,$0,$1,$-0,$1,$1,$1,$1,$0,$8,8,$0.07,$0.07,$24,$8,$2,$41,$12,$0,$1,$0,$15,$56,$13,$0,$0,$1,$14,$0,$22,$1,$42,$56,$4,$2,$-0,$2,$1,$-0,$-1,$1,$-0,$6,$-2,$0,$0,$0,$3,$3,$0,$1,$-7,$0,$-7,$-0,$-0,$-1,$0,$-9,$-2,$0,$-1
28,2011-09-30,6.12,$5.40,1.13,$7.67,0.8,$1.52,4.02,$0.50,12.25,$0.04B,$0.01B,3.59,$0.00B,$0.04B,0.0,$0.06B,$0.02B,32.81%,$0.06B,$0.01B,7.81%,$0.06B,$0.01B,7.81%,$0.06B,$0.01B,10.94%,$0.06B,$0.01B,9.38%,$0.06B,$0.00B,6.25%,$0.00B,$0.04B,9.20%,$0.00B,$0.04B,9.36%,$0.00B,$0.06B,6.58%,$0.01B,$0.04B,11.49%,$14,$10,$4,$0,$4,$13,$0,$0,$1,$0,$0,$0,$0,$1,$0,$8,8,$0.06,$0.06,$25,$8,$2,$42,$12,$0,$1,$0,$15,$57,$12,$0,$0,$1,$12,$0,$23,$2,$44,$57,$3,$2,$1,$2,$2,$-0,$-0,$-2,$-2,$4,$-2,$0,$0,$0,$2,$2,$0,$1,$-7,$0,$-7,$0,$0,$0,$0,$-7,$-3,$0,$0
29,2011-06-30,6.65,$5.49,1.21,$7.50,0.89,$1.89,3.52,$0.53,12.55,$0.04B,$0.01B,3.21,$0.00B,$0.05B,0.0,$0.06B,$0.02B,33.87%,$0.06B,$0.01B,9.68%,$0.06B,$0.01B,9.68%,$0.06B,$0.01B,12.90%,$0.06B,$0.01B,9.68%,$0.06B,$0.01B,8.06%,$0.01B,$0.05B,11.63%,$0.01B,$0.04B,11.90%,$0.01B,$0.06B,8.40%,$0.01B,$0.05B,13.95%,$15,$10,$5,$0,$4,$14,$1,$0,$1,$0,$1,$1,$1,$2,$1,$8,8,$0.11,$0.11,$27,$9,$1,$43,$13,$0,$1,$0,$16,$59,$14,$0,$0,$1,$14,$0,$23,$3,$45,$59,$3,$1,$0,$1,$2,$-1,$-1,$1,$0,$4,$-1,$0,$0,$0,$2,$2,$0,$1,$-7,$0,$-7,$0,$0,$0,$0,$-7,$-2,$0,$0
30,2011-03-31,6.38,$5.34,1.19,$8.13,0.79,$1.87,3.42,$0.74,8.63,$0.05B,$0.02B,2.42,$0.00B,$0.04B,0.0,$0.07B,$0.03B,37.31%,$0.07B,$0.01B,14.93%,$0.07B,$0.01B,14.93%,$0.07B,$0.01B,16.42%,$0.07B,$0.01B,14.93%,$0.07B,$0.01B,10.45%,$0.01B,$0.04B,16.87%,$0.01B,$0.04B,17.18%,$0.01B,$0.07B,12.17%,$0.01B,$0.04B,24.10%,$18,$11,$6,$0,$4,$15,$3,$0,$3,$1,$2,$2,$2,$3,$3,$8,8,$0.21,$0.21,$31,$8,$1,$50,$12,$0,$1,$0,$15,$65,$21,$0,$0,$1,$21,$0,$22,$3,$44,$65,$2,$1,$0,$1,$-1,$-0,$-0,$-1,$-2,$0,$-0,$0,$0,$0,$-1,$-1,$0,$-1,$-0,$0,$-0,$0,$0,$0,$0,$-0,$-1,$0,$0
31,2010-12-31,5.75,$4.99,1.15,$7.30,0.79,$2.11,2.72,$0.53,10.86,$0.05B,$0.02B,2.32,$0.00B,$0.04B,0.0,$0.06B,$0.02B,38.33%,$0.06B,$0.01B,11.67%,$0.06B,$0.01B,11.67%,$0.06B,$0.01B,13.33%,$0.06B,$0.01B,11.67%,$0.06B,$0.01B,8.33%,$0.01B,$0.04B,12.50%,$0.01B,$0.04B,12.66%,$0.01B,$0.06B,9.35%,$0.01B,$0.04B,17.50%,$17,$11,$6,$0,$5,$16,$1,$0,$1,$-0,$1,$1,$1,$1,$1,$8,8,$0.12,$0.12,$30,$7,$2,$47,$12,$0,$1,$0,$15,$62,$20,$0,$0,$1,$21,$0,$20,$2,$41,$62,$4,$2,$0,$3,$-0,$1,$0,$-1,$2,$9,$-1,$0,$0,$0,$-4,$-4,$0,$-5,$6,$0,$6,$0,$0,$-1,$0,$4,$8,$0,$-1
32,2010-09-30,5.29,$5.14,1.03,$7.20,0.73,$2.05,2.58,$0.62,8.53,$0.04B,$0.01B,3.91,$0.00B,$0.04B,0.0,$0.06B,$0.02B,38.98%,$0.06B,$0.01B,13.56%,$0.06B,$0.01B,13.56%,$0.06B,$0.01B,16.95%,$0.06B,$0.01B,13.56%,$0.06B,$0.01B,10.17%,$0.01B,$0.04B,15.19%,$0.01B,$0.04B,15.29%,$0.01B,$0.05B,11.71%,$0.01B,$0.04B,20.13%,$12,$8,$4,$0,$3,$11,$1,$0,$1,$0,$1,$1,$1,$2,$1,$8,8,$0.09,$0.09,$23,$7,$1,$37,$12,$0,$1,$0,$16,$52,$9,$0,$0,$1,$10,$0,$21,$2,$42,$52,$3,$1,$1,$2,$1,$1,$-0,$-2,$0,$6,$-1,$0,$0,$0,$-1,$-1,$0,$-2,$-1,$0,$-1,$0,$0,$0,$0,$-1,$3,$0,$0
33,2010-06-30,5.72,$4.78,1.2,$7.35,0.78,$2.23,2.56,$0.49,11.67,$0.04B,$0.01B,3.24,$0.00B,$0.04B,0.0,$0.06B,$0.02B,40.00%,$0.06B,$0.01B,11.67%,$0.06B,$0.01B,11.67%,$0.06B,$0.01B,16.67%,$0.06B,$0.01B,11.67%,$0.06B,$0.01B,8.33%,$0.01B,$0.04B,12.90%,$0.01B,$0.04B,12.90%,$0.01B,$0.05B,9.71%,$0.01B,$0.04B,17.83%,$20,$11,$9,$0,$4,$15,$5,$0,$5,$2,$3,$3,$3,$5,$5,$8,8,$0.33,$0.32,$19,$6,$1,$36,$12,$0,$1,$0,$15,$51,$11,$0,$0,$1,$12,$0,$20,$0,$39,$51,$3,$1,$1,$2,$-3,$1,$0,$-1,$-1,$3,$-0,$0,$0,$0,$-1,$-1,$0,$-1,$-1,$0,$-1,$0,$0,$0,$0,$-1,$1,$0,$0
34,2010-03-31,5.55,$4.67,1.19,$6.31,0.88,$2.50,2.22,$0.19,29.21,$0.03B,$0.01B,3.12,$0.00B,$0.04B,0.0,$0.05B,$0.02B,35.29%,$0.05B,$0.00B,3.92%,$0.05B,$0.00B,3.92%,$0.05B,$0.01B,11.76%,$0.05B,$0.00B,3.92%,$0.05B,$0.00B,3.92%,$0.00B,$0.04B,5.16%,$0.00B,$0.04B,5.26%,$0.00B,$0.05B,3.81%,$0.00B,$0.04B,5.06%,$11,$7,$4,$0,$4,$11,$-0,$0,$0,$0,$0,$0,$0,$0,$-0,$8,8,$0.00,$0.00,$19,$7,$1,$32,$13,$0,$1,$0,$17,$49,$10,$0,$0,$1,$11,$0,$17,$2,$38,$49,$0,$1,$0,$1,$3,$-0,$-0,$-1,$1,$2,$-0,$0,$0,$0,$-0,$-0,$0,$-0,$-1,$0,$-1,$0,$0,$0,$0,$-1,$1,$0,$0
35,2009-12-31,5.03,$4.82,1.04,$6.08,0.83,$2.73,1.84,$0.13,38.69,$0.04B,$0.01B,2.77,$0.00B,$0.04B,0.01,$0.05B,$0.02B,32.65%,$0.05B,$0.00B,2.04%,$0.05B,$0.00B,2.04%,$0.05B,$0.01B,12.24%,$0.05B,$0.00B,2.04%,$0.05B,$0.00B,4.08%,$0.00B,$0.04B,5.16%,$0.00B,$0.04B,5.37%,$0.00B,$0.05B,3.77%,$0.00B,$0.04B,2.52%,$16,$10,$6,$0,$4,$14,$2,$0,$2,$0,$2,$2,$2,$3,$2,$8,8,$0.21,$0.21,$19,$7,$1,$36,$13,$0,$1,$0,$18,$53,$13,$0,$0,$1,$14,$0,$17,$3,$39,$53,$1,$4,$0,$4,$-2,$1,$-0,$3,$3,$8,$-1,$0,$0,$0,$-7,$-7,$0,$-7,$-1,$0,$-1,$0,$0,$-1,$-0,$-3,$-2,$0,$-1
36,2009-09-30,5.09,$4.86,1.05,$6.07,0.84,$2.46,2.07,$0.14,36.35,$0.04B,$0.01B,2.75,$0.00B,$0.04B,0.01,$0.05B,$0.02B,30.61%,$0.05B,$0.00B,2.04%,$0.05B,$0.00B,2.04%,$0.05B,$0.01B,12.24%,$0.05B,$0.00B,2.04%,$0.05B,$0.00B,4.08%,$0.00B,$0.04B,5.16%,$0.00B,$0.04B,5.48%,$0.00B,$0.05B,3.83%,$0.00B,$0.04B,2.50%,$13,$9,$5,$0,$3,$13,$-0,$0,$0,$0,$-0,$-0,$-0,$2,$-0,$8,8,$-0.04,$-0.04,$19,$9,$2,$35,$13,$1,$1,$0,$18,$53,$13,$0,$0,$1,$14,$0,$17,$4,$39,$53,$-1,$3,$0,$3,$2,$0,$-1,$4,$4,$7,$-0,$0,$0,$0,$-5,$-5,$0,$-5,$-1,$0,$-1,$0,$0,$0,$0,$-1,$0,$0,$0
37,2009-06-30,4.47,$4.80,0.93,$6.10,0.73,$2.09,2.14,$0.33,13.56,$0.04B,$0.01B,2.51,$0.00B,$0.04B,0.04,$0.05B,$0.01B,28.00%,$0.05B,$0.00B,4.00%,$0.05B,$0.00B,4.00%,$0.05B,$0.01B,12.00%,$0.05B,$0.00B,6.00%,$0.05B,$0.00B,6.00%,$0.00B,$0.04B,7.79%,$0.00B,$0.04B,8.45%,$0.00B,$0.06B,5.83%,$0.00B,$0.04B,5.03%,$11,$8,$3,$0,$3,$11,$0,$-0,$0,$-0,$0,$0,$0,$1,$0,$8,8,$0.02,$0.02,$18,$10,$2,$35,$13,$1,$2,$0,$20,$55,$14,$1,$0,$2,$16,$0,$17,$3,$39,$55,$-0,$1,$0,$1,$1,$-1,$-1,$5,$4,$5,$-0,$0,$0,$0,$-3,$-3,$0,$-3,$-0,$0,$-0,$0,$0,$0,$0,$-0,$2,$0,$0
38,2009-03-31,5.0,$4.64,1.08,$7.03,0.71,$1.84,2.72,$0.54,9.26,$0.03B,$0.01B,2.88,$0.00B,$0.04B,0.04,$0.06B,$0.02B,29.31%,$0.06B,$0.00B,6.90%,$0.06B,$0.00B,6.90%,$0.06B,$0.01B,13.79%,$0.06B,$0.01B,8.62%,$0.06B,$0.01B,8.62%,$0.01B,$0.04B,13.07%,$0.01B,$0.04B,14.18%,$0.01B,$0.05B,9.80%,$0.00B,$0.04B,10.06%,$9,$7,$2,$0,$3,$10,$-1,$0,$-1,$-0,$-0,$-0,$-0,$-0,$-1,$8,8,$-0.06,$-0.06,$16,$11,$1,$33,$13,$1,$2,$0,$18,$51,$11,$2,$0,$2,$13,$0,$17,$2,$38,$51,$-0,$0,$-0,$0,$2,$-1,$-0,$3,$4,$4,$-0,$0,$0,$0,$-2,$-2,$0,$-2,$-0,$0,$-0,$0,$0,$0,$0,$-0,$2,$0,$0
39,2008-12-31,4.6,$4.79,0.96,$7.42,0.62,$1.57,2.94,$0.55,8.36,$0.03B,$0.01B,3.61,$0.00B,$0.04B,0.05,$0.06B,$0.02B,31.15%,$0.06B,$0.01B,8.20%,$0.06B,$0.01B,8.20%,$0.06B,$0.01B,13.11%,$0.06B,$0.01B,8.20%,$0.06B,$0.01B,8.20%,$0.01B,$0.04B,13.25%,$0.01B,$0.04B,14.39%,$0.01B,$0.05B,9.80%,$0.01B,$0.04B,12.66%,$16,$10,$5,$0,$3,$14,$2,$0,$2,$1,$2,$2,$2,$3,$2,$8,8,$0.22,$0.22,$13,$10,$1,$30,$14,$1,$2,$0,$19,$50,$8,$2,$0,$2,$11,$0,$17,$3,$39,$50,$4,$3,$0,$3,$-0,$-0,$0,$-0,$-1,$6,$-1,$0,$0,$0,$-3,$-3,$0,$-4,$-1,$0,$-1,$0,$0,$0,$0,$-1,$1,$0,$0
40,2008-09-30,4.83,$4.63,1.04,$7.91,0.61,$0.83,5.85,$0.44,10.97,$0.03B,$0.01B,2.92,$0.00B,$0.04B,0.05,$0.07B,$0.02B,30.77%,$0.07B,$0.01B,7.69%,$0.07B,$0.01B,7.69%,$0.07B,$0.01B,12.31%,$0.07B,$0.01B,7.69%,$0.07B,$0.00B,6.15%,$0.00B,$0.04B,10.88%,$0.00B,$0.04B,11.85%,$0.00B,$0.05B,7.88%,$0.01B,$0.04B,12.99%,$14,$9,$4,$0,$3,$13,$1,$0,$2,$0,$1,$1,$1,$2,$1,$8,8,$0.15,$0.15,$12,$12,$1,$31,$15,$1,$3,$0,$20,$50,$11,$2,$0,$2,$13,$0,$16,$3,$38,$50,$3,$2,$0,$2,$1,$-2,$-0,$1,$-0,$4,$-1,$0,$0,$0,$-1,$-1,$0,$-2,$-1,$0,$-1,$0,$0,$0,$0,$-1,$2,$0,$0
41,2008-06-30,3.4,$4.70,0.72,$8.06,0.42,$0.15,23.33,$0.34,10.01,$0.03B,$0.01B,2.52,$0.00B,$0.04B,0.06,$0.07B,$0.02B,31.82%,$0.07B,$0.01B,7.58%,$0.07B,$0.01B,7.58%,$0.07B,$0.01B,12.12%,$0.07B,$0.00B,6.06%,$0.07B,$0.00B,4.55%,$0.00B,$0.04B,8.45%,$0.00B,$0.04B,9.16%,$0.00B,$0.05B,5.94%,$0.01B,$0.04B,13.25%,$19,$13,$6,$0,$4,$16,$2,$0,$2,$1,$2,$2,$2,$3,$2,$8,8,$0.23,$0.23,$12,$11,$1,$32,$16,$1,$3,$0,$22,$53,$13,$2,$0,$3,$15,$0,$14,$5,$38,$53,$1,$1,$-0,$1,$-0,$-1,$0,$1,$1,$4,$-1,$0,$0,$0,$-0,$-0,$0,$-1,$-0,$0,$-0,$0,$0,$0,$0,$-0,$2,$0,$0
42,2008-03-31,6.05,$4.46,1.36,$7.55,0.8,$-0.34,0.0,$0.16,37.78,$0.03B,$0.01B,2.41,$0.00B,$0.04B,0.06,$0.06B,$0.02B,32.26%,$0.06B,$0.00B,4.84%,$0.06B,$0.00B,4.84%,$0.06B,$0.01B,9.68%,$0.06B,$0.00B,4.84%,$0.06B,$0.00B,1.61%,$0.00B,$0.04B,2.94%,$0.00B,$0.03B,3.20%,$0.00B,$0.05B,2.02%,$0.00B,$0.04B,8.28%,$12,$8,$4,$0,$4,$13,$-0,$-0,$-1,$-0,$-0,$-0,$-0,$0,$-0,$8,8,$-0.05,$-0.05,$11,$12,$1,$29,$16,$1,$3,$1,$22,$51,$12,$2,$0,$3,$15,$0,$12,$5,$36,$51,$-0,$1,$-0,$0,$3,$-2,$-0,$2,$2,$2,$-0,$0,$0,$0,$-1,$-1,$0,$-2,$-0,$0,$-0,$0,$0,$0,$0,$-0,$0,$0,$0
43,2007-12-31,6.16,$4.34,1.42,$7.16,0.86,$-0.79,0.0,$0.03,205.31,$0.03B,$0.01B,2.51,$0.00B,$0.04B,0.07,$0.06B,$0.02B,30.51%,$0.06B,$0.00B,1.69%,$0.06B,$0.00B,1.69%,$0.06B,$0.00B,6.78%,$0.06B,$0.00B,3.39%,$0.06B,0,0.00%,$0.00B,$0.04B,0.00%,$0.00B,$0.03B,0.00%,$0.00B,$0.05B,0.00%,$0.00B,$0.04B,2.84%,$20,$13,$6,$0,$4,$18,$2,$-0,$2,$1,$1,$1,$1,$3,$2,$8,8,$0.11,$0.11,$9,$10,$1,$28,$16,$1,$3,$1,$21,$49,$11,$2,$0,$3,$14,$0,$13,$4,$35,$49,$0,$2,$1,$4,$-2,$-0,$-0,$2,$-2,$1,$-3,$0,$0,$0,$1,$1,$0,$-2,$-1,$0,$-1,$0,$0,$0,$0,$-1,$-1,$0,$0
44,2007-09-30,8.12,$4.10,1.98,$6.69,1.21,$-1.45,0.0,$-0.07,0.0,$0.03B,$0.01B,2.04,$0.00B,$0.03B,0.07,$0.06B,$0.02B,29.09%,$0.06B,$-0.00B,-1.82%,$0.06B,$-0.00B,-1.82%,$0.06B,$0.00B,3.64%,$0.06B,0,0.00%,$0.06B,$-0.00B,-1.82%,$-0.00B,$0.03B,-3.10%,$-0.00B,$0.03B,-3.39%,$-0.00B,$0.05B,-2.08%,$-0.00B,$0.04B,-2.88%,$15,$10,$5,$0,$4,$14,$1,$0,$1,$1,$0,$0,$0,$2,$1,$8,8,$0.05,$0.05,$8,$13,$3,$28,$15,$1,$3,$0,$22,$49,$14,$2,$0,$3,$16,$0,$12,$3,$33,$49,$-1,$2,$0,$2,$1,$-3,$0,$3,$-1,$-0,$-2,$0,$0,$0,$3,$3,$0,$1,$-1,$0,$-1,$0,$0,$0,$0,$-1,$0,$0,$0
45,2007-06-30,12.21,$3.95,3.09,$7.30,1.67,$-2.04,0.0,$0.00,0.0,$0.03B,$0.02B,1.91,$0.00B,$0.03B,0.08,$0.06B,$0.02B,28.33%,$0.06B,0,0.00%,$0.06B,0,0.00%,$0.06B,$0.00B,3.33%,$0.06B,$0.00B,1.67%,$0.06B,0,0.00%,$0.00B,$0.03B,0.00%,$0.00B,$0.03B,0.00%,$0.00B,$0.05B,0.00%,$0.00B,$0.03B,0.00%,$15,$10,$5,$0,$4,$14,$0,$0,$1,$0,$0,$0,$0,$1,$0,$8,8,$0.05,$0.05,$9,$12,$3,$28,$15,$1,$3,$1,$21,$49,$15,$2,$0,$3,$17,$0,$12,$2,$32,$49,$-1,$1,$0,$1,$1,$-3,$-0,$4,$-0,$0,$-1,$0,$0,$0,$2,$2,$0,$1,$-1,$0,$-1,$0,$0,$0,$0,$-0,$1,$0,$0
46,2007-03-31,16.01,$3.85,4.15,$7.87,2.03,$-2.00,0.0,$0.20,80.06,$0.03B,$0.01B,1.98,$0.00B,$0.03B,0.08,$0.06B,$0.02B,29.69%,$0.06B,$0.00B,4.69%,$0.06B,$0.00B,4.69%,$0.06B,$0.01B,7.81%,$0.06B,$0.00B,4.69%,$0.06B,$0.00B,3.13%,$0.00B,$0.03B,6.25%,$0.00B,$0.03B,6.90%,$0.00B,$0.05B,4.00%,$0.00B,$0.03B,8.70%,$9,$7,$2,$0,$4,$11,$-2,$0,$-2,$-1,$-1,$-1,$-1,$-2,$-2,$8,8,$-0.18,$-0.18,$8,$12,$2,$26,$15,$1,$3,$1,$21,$47,$13,$3,$0,$3,$16,$0,$11,$2,$31,$47,$-1,$1,$0,$1,$1,$-3,$0,$3,$-1,$-2,$-1,$0,$0,$0,$2,$2,$0,$2,$-0,$0,$-0,$0,$0,$0,$0,$-0,$-0,$0,$0
47,2006-12-31,15.78,$4.03,3.91,$9.01,1.75,$-1.87,0.0,$0.63,25.05,$0.03B,$0.01B,2.29,$0.00B,$0.03B,0.08,$0.07B,$0.02B,32.88%,$0.07B,$0.01B,10.96%,$0.07B,$0.01B,10.96%,$0.07B,$0.01B,15.07%,$0.07B,$0.01B,10.96%,$0.07B,$0.01B,6.85%,$0.01B,$0.03B,16.00%,$0.01B,$0.03B,17.70%,$0.01B,$0.05B,9.90%,$0.01B,$0.04B,23.88%,$16,$12,$4,$0,$4,$16,$0,$-0,$0,$0,$0,$0,$0,$1,$0,$8,8,$0.01,$0.01,$11,$9,$1,$26,$15,$1,$3,$1,$21,$47,$11,$3,$0,$3,$14,$0,$13,$2,$33,$47,$5,$2,$-1,$2,$1,$1,$-1,$-10,$-8,$-1,$-5,$0,$0,$0,$6,$6,$0,$1,$1,$0,$1,$1,$1,$-1,$1,$1,$1,$0,$-1
