,Date,Stock Price,Book Value per Share,Price to Book Ratio,TTM Sales per Share,Price to Sales Ratio,TTM FCF per Share,Price to FCF Ratio,TTM Net EPS,PE Ratio,Current Assets,Current Liabilities,Current Ratio,Long Term Debt,Shareholder's Equity_x,Debt to Equity Ratio,TTM Revenue_x,TTM Gross Profit,Gross Margin,TTM Revenue_y,TTM Operating Income,Operating Margin,TTM Revenue_x,TTM EBIT,EBIT Margin,TTM Revenue_y,TTM EBITDA,EBITDA Margin,TTM Revenue_x,TTM Pre-Tax Income,Pre-Tax Margin,TTM Revenue_y,TTM Net Income_x,Net Margin,TTM Net Income_y,Shareholder's Equity_y,Return on Equity,TTM Net Income_x,Tangible Equity,Return on Tangible Equity,TTM Net Income_y,Total Assets,Return on Assets,TTM Net Income,LT Investments & Debt,Return on Investment,revenue,cost-goods-sold,gross-profit,research-development-expenses,selling-general-administrative-expenses,operating-expenses,operating-income,total-non-operating-income-expense,pre-tax-income,total-provision-income-taxes,income-after-taxes,income-from-continuous-operations,net-income,ebitda,ebit,basic-shares-outstanding,shares-outstanding,eps-basic-net-earnings-per-share,eps-earnings-per-share-diluted,cash-on-hand,inventory,other-current-assets,total-current-assets,net-property-plant-equipment,long-term-investments,goodwill-intangible-assets-total,other-long-term-assets,total-long-term-assets,total-assets,total-current-liabilities,long-term-debt,other-non-current-liabilities,total-long-term-liabilities,total-liabilities,common-stock-net,retained-earnings-accumulated-deficit,comprehensive-income,total-share-holder-equity,total-liabilities-share-holders-equity,net-income-loss,total-depreciation-amortization-cash-flow,other-non-cash-items,total-non-cash-items,change-in-accounts-receivable,change-in-inventories,change-in-accounts-payable,change-in-assets-liabilities,total-change-in-assets-liabilities,cash-flow-from-operating-activities,net-change-in-property-plant-equipment,net-change-in-intangible-assets,net-acquisitions-divestitures,net-change-in-short-term-investments,net-change-in-long-term-investments,net-change-in-investments-total,investing-activities-other,cash-flow-from-investing-activities,net-long-term-debt,net-current-debt,debt-issuance-retirement-net-total,net-common-equity-issued-repurchased,net-total-equity-issued-repurchased,total-common-preferred-stock-dividends-paid,financial-activities-other,cash-flow-from-financial-activities,net-cash-flow,stock-based-compensation,common-stock-dividends-paid
0,2018-09-30,14.01,$7.29,1.92,$18.06,0.78,$-3.44,0.0,$1.12,12.51,$1.95B,$1.17B,1.67,$2.88B,$2.26B,1.27,$5.63B,$0.90B,16.02%,$5.63B,$0.45B,7.93%,$5.63B,$0.45B,7.93%,$5.63B,$0.88B,15.59%,$5.63B,$0.33B,5.92%,$5.63B,$0.35B,6.17%,$0.35B,$2.26B,17.61%,$0.35B,$0.15B,-766.85%,$0.35B,$7.31B,5.26%,$0.45B,$5.14B,9.42%,$1530,$1274,$257,$0,$117,$1364,$166,$-27,$140,$18,$122,$122,$94,$277,$166,$311,312,$0.30,$0.30,$40,$1031,$66,$1952,$3152,$0,$2113,$90,$5355,$7307,$1169,$2881,$169,$3876,$5045,$3,$48,$-342,$2262,$7307,$231,$332,$-21,$311,$0,$0,$0,$-873,$-873,$-300,$-270,$0,$-89,$0,$0,$0,$719,$360,$-143,$149,$6,$-4,$-4,$-82,$-7,$-87,$-28,$0,$-82
1,2018-06-30,14.51,$6.99,2.08,$16.81,0.86,$-2.62,0.0,$0.97,14.96,$1.82B,$1.03B,1.77,$2.92B,$2.17B,1.35,$5.23B,$0.83B,15.90%,$5.23B,$0.37B,7.09%,$5.23B,$0.37B,7.09%,$5.23B,$0.78B,14.87%,$5.23B,$0.27B,5.08%,$5.23B,$0.30B,5.73%,$0.30B,$2.17B,17.77%,$0.30B,$0.10B,-125.79%,$0.30B,$7.08B,5.02%,$0.37B,$5.09B,8.65%,$1509,$1273,$236,$0,$115,$1399,$110,$-26,$84,$19,$66,$66,$49,$222,$110,$311,311,$0.16,$0.16,$51,$990,$74,$1816,$3115,$0,$2065,$83,$5263,$7079,$1026,$2924,$151,$3885,$4911,$3,$-23,$-345,$2168,$7079,$109,$221,$6,$227,$0,$0,$0,$-659,$-659,$-300,$-173,$0,$3,$0,$0,$0,$470,$300,$-134,$182,$48,$-4,$-4,$-53,$-6,$-15,$-17,$0,$-53
2,2018-03-31,15.27,$6.95,2.2,$15.48,0.99,$-1.90,0.0,$0.95,16.07,$1.83B,$1.00B,1.82,$3.04B,$2.16B,1.41,$4.82B,$0.77B,15.98%,$4.82B,$0.35B,7.16%,$4.82B,$0.35B,7.16%,$4.82B,$0.72B,14.84%,$4.82B,$0.25B,5.13%,$4.82B,$0.29B,6.08%,$0.29B,$2.16B,20.63%,$0.29B,$0.04B,-71.03%,$0.29B,$7.13B,5.45%,$0.35B,$5.20B,9.00%,$1476,$1254,$223,$0,$121,$1402,$74,$-27,$48,$5,$42,$43,$30,$184,$74,$311,311,$0.10,$0.10,$53,$964,$66,$1825,$3104,$0,$2122,$79,$5305,$7130,$1003,$3044,$125,$3969,$4973,$3,$-49,$-323,$2158,$7130,$43,$110,$-4,$106,$0,$0,$0,$-346,$-346,$-190,$-92,$0,$-4,$0,$0,$0,$142,$47,$-125,$287,$162,$-4,$-4,$-23,$-8,$127,$-15,$0,$-23
3,2017-12-31,15.3,$4.17,3.67,$14.12,1.08,$-1.53,0.0,$0.97,15.77,$1.17B,$0.85B,1.37,$2.21B,$1.29B,1.71,$4.41B,$0.72B,16.32%,$4.41B,$0.34B,7.79%,$4.41B,$0.34B,7.79%,$4.41B,$0.68B,15.39%,$4.41B,$0.25B,5.74%,$4.41B,$0.30B,6.81%,$0.30B,$1.29B,26.06%,$0.30B,$-0.47B,-52.04%,$0.30B,$4.86B,6.30%,$0.34B,$3.51B,10.25%,$1110,$925,$185,$0,$75,$1014,$96,$-35,$61,$-113,$174,$174,$174,$194,$96,$311,312,$0.56,$0.55,$67,$634,$46,$1170,$1867,$0,$1760,$66,$3693,$4863,$851,$2213,$105,$2720,$3571,$3,$-56,$-339,$1292,$4863,$300,$335,$-185,$151,$50,$-7,$27,$-16,$63,$516,$-260,$0,$-189,$0,$0,$0,$9,$-441,$-25,$112,$87,$-72,$-72,$-93,$9,$-70,$8,$0,$-93
4,2017-09-30,13.74,$3.66,3.75,$13.85,0.99,$-1.27,0.0,$0.52,26.43,$1.22B,$0.82B,1.5,$2.23B,$1.13B,1.96,$4.35B,$0.72B,16.59%,$4.35B,$0.33B,7.47%,$4.35B,$0.33B,7.47%,$4.35B,$0.64B,14.75%,$4.35B,$0.25B,5.72%,$4.35B,$0.16B,3.70%,$0.16B,$1.13B,14.74%,$0.16B,$-0.63B,-25.89%,$0.16B,$4.84B,3.43%,$0.33B,$3.36B,9.98%,$1138,$949,$188,$0,$91,$1046,$91,$-19,$73,$26,$47,$47,$47,$178,$91,$310,311,$0.15,$0.15,$17,$622,$45,$1223,$1821,$0,$1759,$38,$3617,$4840,$817,$2225,$81,$2889,$3706,$3,$-207,$-343,$1134,$4840,$126,$237,$12,$249,$0,$0,$0,$-490,$-490,$-118,$-198,$0,$-121,$0,$0,$0,$424,$106,$-19,$118,$99,$-72,$-72,$-70,$11,$-32,$-42,$0,$-70
5,2017-06-30,13.5,$3.54,3.82,$13.63,0.99,$0.17,79.31,$0.55,24.54,$1.15B,$0.77B,1.5,$2.17B,$1.10B,1.98,$4.32B,$0.73B,16.79%,$4.32B,$0.34B,7.85%,$4.32B,$0.34B,7.85%,$4.32B,$0.65B,14.98%,$4.32B,$0.26B,6.04%,$4.32B,$0.17B,3.98%,$0.17B,$1.10B,15.84%,$0.17B,$-0.59B,-27.73%,$0.17B,$4.69B,3.68%,$0.34B,$3.26B,10.45%,$1095,$921,$174,$0,$84,$1011,$84,$-19,$65,$24,$42,$42,$42,$159,$84,$311,311,$0.14,$0.14,$13,$600,$46,$1152,$1814,$0,$1690,$36,$3539,$4691,$769,$2166,$74,$2825,$3595,$3,$-230,$-354,$1097,$4691,$79,$150,$15,$166,$0,$0,$0,$-344,$-344,$-104,$-145,$0,$0,$0,$0,$0,$267,$122,$-13,$53,$41,$-70,$-70,$-47,$9,$-67,$-47,$0,$-47
6,2017-03-31,12.54,$3.47,3.61,$13.53,0.93,$1.16,10.83,$0.65,19.29,$1.15B,$0.76B,1.51,$2.18B,$1.08B,2.02,$4.33B,$0.76B,17.48%,$4.33B,$0.36B,8.34%,$4.33B,$0.36B,8.34%,$4.33B,$0.67B,15.46%,$4.33B,$0.28B,6.54%,$4.33B,$0.21B,4.81%,$0.21B,$1.08B,19.20%,$0.21B,$-0.62B,-32.54%,$0.21B,$4.66B,4.45%,$0.36B,$3.27B,11.10%,$1062,$890,$172,$0,$92,$990,$72,$-17,$54,$18,$37,$37,$37,$147,$72,$313,314,$0.12,$0.12,$37,$603,$52,$1145,$1785,$0,$1701,$31,$3517,$4662,$757,$2184,$69,$2824,$3581,$3,$-238,$-370,$1081,$4662,$37,$75,$0,$75,$0,$0,$0,$-208,$-208,$-92,$-76,$0,$0,$0,$0,$0,$119,$43,$-6,$104,$97,$-50,$-50,$-24,$2,$26,$-22,$0,$-24
7,2016-12-31,12.08,$3.37,3.59,$13.34,0.91,$1.55,7.77,$0.71,17.02,$1.12B,$0.78B,1.43,$2.09B,$1.06B,1.98,$4.30B,$0.79B,18.43%,$4.30B,$0.40B,9.21%,$4.30B,$0.40B,9.21%,$4.30B,$0.70B,16.29%,$4.30B,$0.32B,7.42%,$4.30B,$0.23B,5.33%,$0.23B,$1.06B,21.05%,$0.23B,$-0.65B,-35.24%,$0.23B,$4.60B,4.89%,$0.40B,$3.15B,12.08%,$1057,$869,$188,$0,$95,$979,$78,$-22,$57,$22,$35,$35,$35,$158,$78,$321,322,$0.11,$0.11,$59,$583,$46,$1115,$1752,$0,$1706,$31,$3489,$4603,$780,$2089,$68,$2767,$3547,$3,$-268,$-388,$1057,$4603,$228,$304,$45,$350,$26,$11,$4,$-16,$39,$641,$-295,$0,$-333,$0,$0,$0,$-5,$-633,$275,$-36,$239,$-176,$-176,$-64,$-2,$-3,$4,$0,$-64
8,2016-09-30,13.47,$3.48,3.87,$13.15,1.02,$1.52,8.87,$0.77,17.49,$1.18B,$0.73B,1.61,$2.19B,$1.11B,1.98,$4.27B,$0.80B,18.85%,$4.27B,$0.42B,9.85%,$4.27B,$0.42B,9.85%,$4.27B,$0.72B,16.76%,$4.27B,$0.35B,8.13%,$4.27B,$0.25B,5.88%,$0.25B,$1.11B,22.83%,$0.25B,$-0.62B,-41.78%,$0.25B,$4.72B,5.46%,$0.42B,$3.30B,13.02%,$1104,$912,$191,$0,$79,$999,$105,$-20,$85,$28,$57,$58,$58,$183,$105,$320,320,$0.18,$0.18,$46,$592,$40,$1179,$1768,$0,$1727,$49,$3544,$4722,$732,$2191,$73,$2882,$3614,$3,$-244,$-382,$1108,$4722,$193,$224,$31,$255,$0,$0,$0,$-86,$-86,$394,$-258,$0,$-332,$0,$0,$0,$-4,$-594,$281,$80,$361,$-117,$-117,$-49,$-6,$190,$-9,$0,$-49
9,2016-06-30,12.03,$3.40,3.54,$12.95,0.93,$1.61,7.48,$0.77,15.62,$1.17B,$0.73B,1.61,$2.21B,$1.09B,2.04,$4.23B,$0.82B,19.26%,$4.23B,$0.43B,10.04%,$4.23B,$0.43B,10.04%,$4.23B,$0.72B,16.92%,$4.23B,$0.36B,8.41%,$4.23B,$0.25B,5.98%,$0.25B,$1.09B,23.04%,$0.25B,$-0.67B,-45.63%,$0.25B,$4.72B,5.57%,$0.43B,$3.30B,13.41%,$1103,$898,$205,$0,$93,$998,$106,$-18,$87,$10,$77,$78,$78,$181,$106,$322,323,$0.24,$0.24,$39,$590,$39,$1169,$1747,$0,$1756,$48,$3551,$4720,$726,$2213,$70,$2907,$3633,$3,$-271,$-383,$1087,$4720,$135,$146,$30,$176,$0,$0,$0,$-88,$-88,$247,$-186,$0,$-329,$0,$0,$0,$-3,$-518,$-13,$389,$376,$-90,$-90,$-32,$-0,$254,$-16,$0,$-32
10,2016-03-31,12.28,$3.41,3.6,$12.72,0.97,$1.57,7.82,$0.70,17.54,$1.19B,$0.67B,1.77,$2.27B,$1.10B,2.06,$4.19B,$0.81B,19.30%,$4.19B,$0.43B,10.25%,$4.19B,$0.43B,10.25%,$4.19B,$0.72B,17.10%,$4.19B,$0.36B,8.62%,$4.19B,$0.23B,5.57%,$0.23B,$1.10B,21.21%,$0.23B,$-0.66B,-46.16%,$0.23B,$4.69B,5.19%,$0.43B,$3.37B,13.76%,$1034,$826,$208,$0,$89,$927,$107,$-17,$90,$33,$57,$58,$58,$178,$107,$323,324,$0.18,$0.18,$76,$599,$41,$1190,$1690,$0,$1762,$49,$3501,$4691,$671,$2268,$78,$2921,$3591,$3,$-311,$-339,$1100,$4691,$58,$71,$22,$93,$0,$0,$0,$-105,$-105,$58,$-103,$0,$-289,$0,$0,$0,$-1,$-393,$-6,$430,$424,$-54,$-54,$-16,$-0,$353,$21,$0,$-16
11,2015-12-31,12.21,$3.39,3.6,$12.57,0.97,$1.61,7.59,$0.69,17.7,$1.07B,$0.73B,1.46,$1.84B,$1.10B,1.67,$4.16B,$0.79B,18.99%,$4.16B,$0.43B,10.26%,$4.16B,$0.43B,10.26%,$4.16B,$0.71B,17.09%,$4.16B,$0.36B,8.63%,$4.16B,$0.23B,5.53%,$0.23B,$1.10B,21.35%,$0.23B,$-0.45B,-48.45%,$0.23B,$4.26B,5.18%,$0.43B,$2.94B,14.01%,$1025,$825,$200,$0,$90,$923,$102,$-17,$85,$28,$57,$57,$57,$173,$102,$330,331,$0.18,$0.18,$55,$557,$31,$1067,$1586,$0,$1555,$48,$3189,$4256,$732,$1839,$69,$2422,$3154,$3,$-327,$-346,$1102,$4256,$230,$285,$73,$357,$-2,$-20,$13,$-8,$-19,$589,$-244,$0,$-163,$0,$0,$0,$8,$-400,$-25,$-51,$-76,$-85,$-85,$-49,$-1,$-211,$-27,$0,$-49
12,2015-09-30,12.13,$3.37,3.6,$12.50,0.97,$2.07,5.87,$0.65,18.66,$1.35B,$0.69B,1.95,$1.96B,$1.10B,1.78,$4.14B,$0.78B,18.74%,$4.14B,$0.41B,10.01%,$4.14B,$0.41B,10.01%,$4.14B,$0.70B,16.90%,$4.14B,$0.33B,7.98%,$4.14B,$0.22B,5.20%,$0.22B,$1.10B,20.38%,$0.22B,$-0.43B,-44.40%,$0.22B,$4.51B,4.87%,$0.41B,$3.07B,13.59%,$1070,$868,$202,$0,$84,$960,$110,$-17,$94,$34,$60,$60,$60,$184,$110,$330,330,$0.18,$0.18,$82,$569,$35,$1350,$1553,$0,$1538,$67,$3158,$4508,$693,$1960,$74,$2711,$3404,$3,$-344,$-338,$1104,$4508,$173,$213,$61,$274,$0,$0,$0,$-117,$-117,$351,$-182,$0,$-114,$0,$0,$0,$1,$-294,$-19,$44,$26,$-44,$-44,$-33,$-1,$-53,$-0,$0,$-33
13,2015-06-30,13.16,$3.31,3.97,$12.44,1.06,$2.60,5.05,$0.63,20.89,$1.32B,$0.67B,1.97,$2.01B,$1.09B,1.85,$4.12B,$0.78B,18.83%,$4.12B,$0.42B,10.11%,$4.12B,$0.42B,10.11%,$4.12B,$0.69B,16.84%,$4.12B,$0.33B,7.97%,$4.12B,$0.21B,5.05%,$0.21B,$1.09B,19.75%,$0.21B,$-0.47B,-43.18%,$0.21B,$4.51B,4.73%,$0.42B,$3.10B,13.60%,$1057,$859,$198,$0,$89,$947,$110,$-18,$92,$35,$57,$58,$58,$181,$110,$330,331,$0.17,$0.17,$47,$569,$40,$1320,$1561,$0,$1559,$73,$3193,$4512,$672,$2010,$75,$2752,$3423,$3,$-378,$-320,$1089,$4512,$113,$139,$48,$187,$0,$0,$0,$-139,$-139,$177,$-127,$0,$-114,$0,$0,$0,$5,$-236,$-13,$85,$73,$-29,$-29,$-16,$-0,$27,$-35,$0,$-16
14,2015-03-31,13.69,$3.08,4.44,$12.64,1.08,$3.10,4.42,$0.34,40.26,$1.31B,$0.68B,1.94,$2.07B,$1.01B,2.04,$4.18B,$0.79B,18.92%,$4.18B,$0.25B,6.06%,$4.18B,$0.25B,6.06%,$4.18B,$0.53B,12.67%,$4.18B,$0.16B,3.88%,$4.18B,$0.11B,2.63%,$0.11B,$1.01B,10.51%,$0.11B,$-0.54B,-22.70%,$0.11B,$4.49B,2.50%,$0.25B,$3.09B,8.14%,$1008,$819,$190,$0,$85,$903,$105,$-17,$88,$34,$55,$55,$55,$173,$105,$330,332,$0.17,$0.17,$43,$563,$44,$1313,$1562,$0,$1556,$63,$3181,$4493,$677,$2071,$84,$2802,$3479,$3,$-417,$-351,$1014,$4493,$55,$68,$22,$90,$0,$0,$0,$-128,$-128,$28,$-61,$0,$-117,$0,$0,$0,$-0,$-177,$-6,$145,$139,$-24,$-24,$0,$0,$115,$-38,$0,$0
15,2014-12-31,12.78,$3.10,4.13,$12.85,0.99,$3.32,3.85,$0.28,45.63,$1.05B,$0.68B,1.55,$1.93B,$1.01B,1.9,$4.24B,$0.79B,18.56%,$4.24B,$0.23B,5.38%,$4.24B,$0.23B,5.38%,$4.24B,$0.50B,11.86%,$4.24B,$0.13B,3.14%,$4.24B,$0.09B,2.12%,$0.09B,$1.01B,8.44%,$0.09B,$-0.49B,-19.78%,$0.09B,$4.14B,2.04%,$0.23B,$2.94B,7.25%,$1001,$816,$185,$0,$87,$912,$89,$-33,$56,$15,$41,$42,$42,$161,$89,$329,331,$0.12,$0.12,$82,$522,$32,$1049,$1547,$0,$1504,$38,$3089,$4138,$677,$1926,$78,$2449,$3125,$3,$-453,$-335,$1012,$4138,$89,$275,$172,$447,$-26,$-50,$13,$20,$-40,$527,$-31,$0,$-174,$0,$0,$0,$21,$-183,$-212,$-54,$-267,$-15,$-15,$0,$-28,$-309,$29,$0,$0
16,2014-09-30,11.66,$3.36,3.47,$12.89,0.9,$2.74,4.25,$0.28,41.65,$1.30B,$0.71B,1.84,$2.01B,$1.10B,1.83,$4.32B,$0.78B,17.96%,$4.32B,$0.20B,4.68%,$4.32B,$0.20B,4.68%,$4.32B,$0.48B,11.15%,$4.32B,$0.12B,2.76%,$4.32B,$0.09B,2.18%,$0.09B,$1.10B,8.71%,$0.09B,$-0.42B,-20.23%,$0.09B,$4.43B,2.08%,$0.20B,$3.11B,6.27%,$1050,$848,$202,$0,$84,$938,$112,$-20,$92,$39,$53,$53,$53,$178,$112,$329,331,$0.16,$0.16,$55,$532,$42,$1299,$1545,$0,$1523,$64,$3132,$4431,$706,$2011,$256,$2626,$3332,$3,$-494,$-203,$1098,$4431,$48,$202,$185,$388,$0,$0,$0,$-133,$-133,$331,$16,$0,$-174,$0,$0,$0,$23,$-135,$-46,$-119,$-165,$-15,$-15,$0,$-10,$-190,$3,$0,$0
17,2014-06-30,10.98,$3.25,3.38,$13.02,0.84,$2.21,4.98,$0.25,43.9,$1.39B,$0.67B,2.08,$2.25B,$1.06B,2.11,$4.43B,$0.75B,17.03%,$4.43B,$0.20B,4.43%,$4.43B,$0.20B,4.43%,$4.43B,$0.48B,10.93%,$4.43B,$0.11B,2.44%,$4.43B,$0.09B,1.94%,$0.09B,$1.06B,7.98%,$0.09B,$-0.48B,-17.70%,$0.09B,$4.55B,1.88%,$0.20B,$3.31B,6.02%,$1117,$904,$213,$0,$95,$1170,$-53,$-21,$-74,$-33,$-41,$-40,$-40,$17,$-53,$329,329,$-0.12,$-0.12,$157,$523,$45,$1387,$1550,$0,$1543,$66,$3159,$4546,$667,$2245,$265,$2817,$3484,$3,$-547,$-182,$1062,$4546,$-6,$136,$148,$284,$0,$0,$0,$-154,$-154,$154,$59,$0,$-174,$0,$0,$0,$25,$-90,$-31,$95,$64,$-16,$-16,$0,$-8,$40,$105,$0,$0
18,2014-03-31,9.53,$3.34,2.85,$12.87,0.74,$1.63,5.84,$0.43,22.17,$1.29B,$0.69B,1.88,$2.13B,$1.09B,1.95,$4.45B,$0.73B,16.40%,$4.45B,$0.34B,7.57%,$4.45B,$0.34B,7.57%,$4.45B,$0.62B,14.00%,$4.45B,$0.21B,4.81%,$4.45B,$0.15B,3.30%,$0.15B,$1.09B,13.73%,$0.15B,$-0.42B,-28.74%,$0.15B,$4.54B,3.21%,$0.34B,$3.23B,10.39%,$1073,$886,$187,$0,$101,$993,$80,$-20,$59,$25,$35,$35,$35,$147,$80,$328,330,$0.11,$0.11,$35,$578,$39,$1294,$1670,$0,$1517,$63,$3249,$4543,$687,$2132,$268,$2763,$3450,$3,$-507,$-184,$1093,$4543,$35,$67,$30,$97,$0,$0,$0,$-115,$-115,$30,$11,$0,$0,$0,$0,$0,$-1,$11,$-15,$-27,$-42,$-16,$-16,$0,$-1,$-59,$-18,$0,$0
19,2013-12-31,9.01,$3.27,2.75,$12.76,0.71,$1.38,6.53,$0.42,21.44,$1.23B,$0.71B,1.73,$2.18B,$1.06B,2.05,$4.48B,$0.73B,16.21%,$4.48B,$0.34B,7.64%,$4.48B,$0.34B,7.64%,$4.48B,$0.63B,14.00%,$4.48B,$0.21B,4.76%,$4.48B,$0.15B,3.28%,$0.15B,$1.06B,14.03%,$0.15B,$-0.53B,-25.86%,$0.15B,$4.56B,3.19%,$0.34B,$3.24B,10.49%,$1075,$902,$173,$0,$94,$1012,$63,$-22,$42,$-4,$45,$45,$46,$139,$63,$347,350,$0.13,$0.13,$52,$557,$39,$1232,$1679,$0,$1592,$56,$3327,$4559,$711,$2176,$70,$2786,$3497,$3,$-543,$-188,$1062,$4559,$147,$284,$30,$314,$49,$-40,$-14,$-18,$-22,$458,$-136,$0,$0,$0,$0,$0,$-9,$-144,$-71,$-9,$-80,$-211,$-211,$0,$-20,$-311,$1,$0,$0
20,2013-09-30,8.03,$3.14,2.55,$12.34,0.65,$1.17,6.84,$0.35,22.94,$1.27B,$0.74B,1.72,$2.15B,$1.10B,1.96,$4.46B,$0.72B,16.11%,$4.46B,$0.34B,7.67%,$4.46B,$0.34B,7.67%,$4.46B,$0.62B,13.96%,$4.46B,$0.21B,4.64%,$4.46B,$0.12B,2.78%,$0.12B,$1.10B,12.10%,$0.12B,$-0.51B,-20.52%,$0.12B,$4.62B,2.68%,$0.34B,$3.25B,10.50%,$1163,$982,$181,$0,$94,$1057,$106,$-25,$81,$36,$45,$46,$45,$181,$106,$351,352,$0.13,$0.13,$92,$586,$22,$1271,$1691,$0,$1604,$53,$3348,$4619,$740,$2149,$467,$2783,$3523,$4,$-533,$-304,$1096,$4619,$101,$209,$34,$242,$0,$0,$0,$-99,$-99,$270,$-89,$0,$0,$0,$0,$0,$-7,$-96,$-56,$-45,$-101,$-11,$-11,$0,$-19,$-132,$41,$0,$0
21,2013-06-30,7.26,$2.96,2.45,$11.82,0.61,$1.11,6.57,$0.32,22.69,$1.26B,$0.72B,1.75,$2.24B,$1.03B,2.17,$4.40B,$0.73B,16.50%,$4.40B,$0.33B,7.43%,$4.40B,$0.33B,7.43%,$4.40B,$0.60B,13.64%,$4.40B,$0.19B,4.34%,$4.40B,$0.12B,2.71%,$0.12B,$1.03B,11.09%,$0.12B,$-0.58B,-21.15%,$0.12B,$4.62B,2.61%,$0.33B,$3.27B,10.08%,$1140,$951,$189,$0,$97,$1052,$88,$-56,$32,$11,$21,$21,$21,$156,$88,$350,352,$0.06,$0.06,$33,$595,$20,$1257,$1702,$0,$1616,$45,$3363,$4619,$717,$2236,$480,$2871,$3587,$4,$-577,$-318,$1032,$4619,$56,$134,$35,$169,$0,$0,$0,$-134,$-134,$110,$-85,$0,$0,$0,$0,$0,$-2,$-87,$-30,$21,$-9,$-11,$-11,$0,$-19,$-39,$-18,$0,$0
22,2013-03-31,7.03,$2.88,2.44,$11.37,0.62,$1.22,5.75,$0.37,18.99,$1.26B,$0.72B,1.76,$2.29B,$1.00B,2.29,$4.37B,$0.73B,16.77%,$4.37B,$0.34B,7.69%,$4.37B,$0.34B,7.69%,$4.37B,$0.61B,13.91%,$4.37B,$0.23B,5.22%,$4.37B,$0.14B,3.20%,$0.14B,$1.00B,12.46%,$0.14B,$-0.65B,-27.09%,$0.14B,$4.63B,3.11%,$0.34B,$3.29B,10.37%,$1101,$918,$183,$0,$99,$1015,$85,$-27,$58,$24,$34,$35,$35,$151,$85,$348,350,$0.10,$0.10,$39,$579,$23,$1256,$1682,$0,$1652,$43,$3378,$4634,$715,$2285,$484,$2919,$3634,$4,$-598,$-318,$1000,$4634,$35,$65,$19,$84,$0,$0,$0,$-136,$-136,$-12,$-33,$0,$0,$0,$0,$0,$-1,$-34,$-13,$54,$41,$-11,$-11,$0,$4,$34,$-13,$0,$0
23,2012-12-31,6.06,$2.82,2.15,$10.92,0.56,$1.33,4.55,$0.31,19.55,$1.20B,$0.75B,1.6,$2.25B,$0.97B,2.32,$4.34B,$0.72B,16.60%,$4.34B,$0.32B,7.42%,$4.34B,$0.32B,7.42%,$4.34B,$0.60B,13.74%,$4.34B,$0.20B,4.61%,$4.34B,$0.12B,2.81%,$0.12B,$0.97B,10.43%,$0.12B,$-0.67B,-25.83%,$0.12B,$4.63B,2.73%,$0.32B,$3.23B,9.94%,$1053,$889,$165,$0,$91,$990,$63,$-28,$36,$14,$22,$23,$23,$134,$63,$393,396,$0.06,$0.06,$52,$533,$18,$1203,$1732,$0,$1645,$51,$3429,$4632,$753,$2254,$74,$2906,$3659,$3,$-633,$-311,$972,$4632,$120,$273,$75,$348,$7,$-24,$7,$6,$-17,$469,$-185,$0,$-105,$0,$0,$0,$-5,$-294,$-403,$333,$-71,$-311,$-311,$0,$-15,$-396,$-220,$0,$0
24,2012-09-30,5.45,$3.27,1.67,$11.02,0.49,$1.22,4.47,$0.92,5.92,$1.09B,$0.69B,1.58,$1.91B,$1.29B,1.49,$4.34B,$0.72B,16.49%,$4.34B,$0.32B,7.43%,$4.34B,$0.32B,7.43%,$4.34B,$0.60B,13.86%,$4.34B,$0.19B,4.45%,$4.34B,$0.37B,8.42%,$0.37B,$1.29B,29.94%,$0.37B,$-0.34B,-84.83%,$0.37B,$4.37B,8.17%,$0.32B,$3.20B,9.73%,$1105,$916,$189,$0,$95,$1013,$91,$-26,$65,$27,$38,$39,$40,$159,$91,$396,398,$0.10,$0.10,$37,$504,$21,$1087,$1610,$0,$1628,$47,$3285,$4371,$688,$1913,$401,$2397,$3085,$4,$-632,$-267,$1287,$4371,$98,$202,$48,$250,$0,$0,$0,$-96,$-96,$288,$-111,$0,$0,$0,$0,$0,$-3,$-114,$-691,$299,$-392,$-11,$-11,$0,$-9,$-411,$-235,$0,$0
25,2012-06-30,5.16,$3.14,1.64,$10.99,0.47,$1.01,5.13,$0.70,7.37,$1.10B,$0.65B,1.69,$2.01B,$1.24B,1.63,$4.30B,$0.68B,15.80%,$4.30B,$0.21B,4.95%,$4.30B,$0.21B,4.95%,$4.30B,$0.59B,13.71%,$4.30B,$0.07B,1.72%,$4.30B,$0.28B,6.44%,$0.28B,$1.24B,24.21%,$0.28B,$-0.40B,-53.84%,$0.28B,$4.40B,6.16%,$0.21B,$3.25B,6.37%,$1112,$916,$196,$0,$95,$1015,$97,$-27,$69,$29,$41,$41,$42,$164,$97,$396,398,$0.11,$0.11,$31,$511,$22,$1097,$1611,$0,$1636,$52,$3299,$4396,$651,$2009,$420,$2509,$3161,$4,$-672,$-274,$1235,$4396,$59,$135,$40,$175,$0,$0,$0,$-127,$-127,$143,$-68,$0,$0,$0,$0,$0,$-2,$-70,$-678,$388,$-290,$-11,$-11,$0,$-13,$-314,$-241,$0,$0
26,2012-03-31,5.18,$3.02,1.71,$11.01,0.47,$0.94,5.51,$0.67,7.73,$1.14B,$0.67B,1.71,$2.10B,$1.19B,1.77,$4.27B,$0.65B,15.19%,$4.27B,$0.19B,4.49%,$4.27B,$0.19B,4.49%,$4.27B,$0.57B,13.36%,$4.27B,$0.04B,1.03%,$4.27B,$0.27B,6.25%,$0.27B,$1.19B,24.32%,$0.27B,$-0.47B,-44.74%,$0.27B,$4.46B,5.85%,$0.19B,$3.29B,5.65%,$1067,$898,$170,$0,$96,$996,$71,$-41,$30,$13,$17,$17,$17,$139,$71,$393,397,$0.04,$0.04,$30,$516,$143,$1138,$1612,$0,$1661,$49,$3322,$4460,$666,$2103,$426,$2607,$3273,$4,$-714,$-274,$1187,$4460,$17,$68,$15,$83,$0,$0,$0,$-89,$-89,$33,$-39,$0,$0,$0,$0,$0,$-1,$-40,$-678,$466,$-212,$-9,$-9,$0,$-14,$-236,$-242,$0,$0
27,2011-12-31,4.0,$3.00,1.33,$11.17,0.36,$0.87,4.6,$0.71,5.63,$1.31B,$0.65B,2.03,$2.34B,$1.17B,2.0,$4.21B,$0.64B,15.14%,$4.21B,$0.19B,4.52%,$4.21B,$0.19B,4.52%,$4.21B,$0.57B,13.60%,$4.21B,$0.04B,1.02%,$4.21B,$0.28B,6.58%,$0.28B,$1.17B,27.72%,$0.28B,$-0.51B,-38.30%,$0.28B,$4.65B,6.05%,$0.19B,$3.50B,5.57%,$1052,$892,$160,$0,$87,$989,$63,$-34,$29,$-235,$263,$264,$266,$139,$63,$376,382,$0.70,$0.69,$272,$474,$35,$1308,$1632,$0,$1672,$38,$3342,$4650,$646,$2336,$59,$2838,$3483,$4,$-731,$-282,$1167,$4650,$275,$382,$-268,$114,$1,$-43,$28,$-0,$-21,$388,$-158,$0,$-52,$0,$0,$0,$-2,$-212,$-249,$3,$-247,$205,$205,$0,$-0,$-42,$133,$0,$0
28,2011-09-30,3.24,$2.54,1.28,$11.33,0.29,$0.89,3.66,$0.10,32.37,$1.16B,$0.62B,1.88,$2.34B,$0.99B,2.37,$4.17B,$0.62B,14.88%,$4.17B,$0.19B,4.46%,$4.17B,$0.19B,4.46%,$4.17B,$0.57B,13.70%,$4.17B,$0.03B,0.74%,$4.17B,$0.03B,0.74%,$0.03B,$0.99B,3.47%,$0.03B,$-0.68B,-3.62%,$0.03B,$4.49B,0.68%,$0.19B,$3.33B,5.53%,$1073,$919,$154,$0,$76,$1091,$-18,$-36,$-54,$-6,$-48,$-48,$-48,$148,$-18,$391,391,$-0.12,$-0.12,$157,$494,$70,$1161,$1612,$0,$1668,$46,$3325,$4486,$617,$2344,$297,$2881,$3498,$4,$-997,$-196,$988,$4486,$11,$306,$-31,$274,$0,$0,$0,$-111,$-111,$199,$-108,$0,$-52,$0,$0,$0,$-3,$-163,$-223,$2,$-221,$205,$205,$0,$-0,$-17,$18,$0,$0
29,2011-06-30,5.1,$2.70,1.89,$11.59,0.44,$0.93,5.5,$0.27,18.9,$1.20B,$0.63B,1.91,$2.42B,$1.05B,2.3,$4.14B,$0.62B,15.01%,$4.14B,$0.28B,6.84%,$4.14B,$0.28B,6.84%,$4.14B,$0.57B,13.83%,$4.14B,$0.11B,2.73%,$4.14B,$0.10B,2.34%,$0.10B,$1.05B,11.69%,$0.10B,$-0.73B,-10.19%,$0.10B,$4.66B,2.12%,$0.28B,$3.47B,8.36%,$1081,$915,$165,$0,$90,$1004,$76,$-37,$39,$7,$32,$32,$32,$145,$76,$379,385,$0.08,$0.08,$191,$491,$72,$1196,$1636,$0,$1779,$47,$3462,$4657,$627,$2418,$311,$2980,$3607,$4,$-950,$-181,$1050,$4657,$59,$139,$-1,$139,$0,$0,$0,$-94,$-94,$118,$-71,$0,$-52,$0,$0,$0,$-2,$-125,$-150,$2,$-148,$205,$205,$0,$0,$58,$53,$0,$0
30,2011-03-31,5.08,$2.30,2.21,$11.79,0.43,$0.97,5.25,$0.09,56.5,$1.08B,$0.59B,1.83,$2.55B,$0.79B,3.23,$4.09B,$0.61B,14.78%,$4.09B,$0.23B,5.62%,$4.09B,$0.23B,5.62%,$4.09B,$0.52B,12.78%,$4.09B,$0.05B,1.25%,$4.09B,$0.03B,0.78%,$0.03B,$0.79B,4.31%,$0.03B,$-0.98B,-3.06%,$0.03B,$4.52B,0.70%,$0.23B,$3.35B,6.81%,$1001,$842,$158,$0,$90,$932,$69,$-39,$29,$3,$26,$27,$27,$140,$69,$344,350,$0.08,$0.08,$109,$491,$73,$1082,$1623,$0,$1772,$48,$3443,$4524,$593,$2553,$343,$3140,$3732,$3,$-982,$-198,$792,$4524,$27,$71,$-0,$71,$0,$0,$0,$-99,$-99,$6,$-37,$0,$0,$0,$0,$0,$-1,$-38,$0,$1,$1,$0,$0,$0,$0,$1,$-30,$0,$0
31,2010-12-31,3.65,$2.17,1.68,$11.83,0.31,$0.93,3.92,$0.03,121.64,$1.01B,$0.60B,1.7,$2.55B,$0.75B,3.42,$4.10B,$0.59B,14.48%,$4.10B,$0.22B,5.40%,$4.10B,$0.22B,5.40%,$4.10B,$0.52B,12.62%,$4.10B,$0.04B,0.90%,$4.10B,$0.01B,0.27%,$0.01B,$0.75B,1.51%,$0.01B,$-1.04B,-1.03%,$0.01B,$4.49B,0.24%,$0.22B,$3.30B,6.46%,$1012,$868,$144,$0,$84,$953,$59,$-42,$17,$-2,$19,$20,$20,$138,$59,$344,347,$0.06,$0.06,$139,$417,$47,$1014,$1642,$0,$1782,$48,$3471,$4485,$596,$2553,$73,$3142,$3738,$3,$-1008,$-213,$747,$4485,$11,$297,$19,$316,$5,$13,$6,$-7,$3,$338,$-123,$0,$0,$0,$0,$0,$0,$-123,$-216,$-1,$-217,$0,$0,$0,$-11,$-227,$-11,$0,$0
32,2010-09-30,3.13,$2.12,1.47,$11.75,0.27,$1.42,2.2,$0.06,52.22,$1.11B,$0.60B,1.86,$2.70B,$0.73B,3.69,$4.06B,$0.56B,13.88%,$4.06B,$0.23B,5.56%,$4.06B,$0.23B,5.56%,$4.06B,$0.53B,13.02%,$4.06B,$0.05B,1.13%,$4.06B,$0.02B,0.57%,$0.02B,$0.73B,3.18%,$0.02B,$-1.06B,-2.12%,$0.02B,$4.62B,0.49%,$0.23B,$3.43B,6.51%,$1043,$888,$155,$0,$81,$964,$79,$-51,$28,$11,$17,$18,$18,$149,$79,$344,347,$0.05,$0.05,$166,$444,$70,$1112,$1663,$0,$1792,$52,$3506,$4618,$598,$2697,$342,$3290,$3888,$3,$-1028,$-209,$730,$4618,$-9,$218,$10,$228,$0,$0,$0,$-81,$-81,$169,$-74,$0,$0,$0,$0,$0,$2,$-72,$-72,$2,$-71,$0,$0,$0,$-10,$-81,$17,$0,$0
33,2010-06-30,2.96,$2.04,1.45,$11.81,0.25,$1.83,1.61,$0.11,26.86,$1.09B,$0.61B,1.8,$2.74B,$0.70B,3.9,$4.07B,$0.56B,13.62%,$4.07B,$0.25B,6.01%,$4.07B,$0.25B,6.01%,$4.07B,$0.55B,13.60%,$4.07B,$0.06B,1.50%,$4.07B,$0.04B,0.93%,$0.04B,$0.70B,5.51%,$0.04B,$-1.10B,-3.36%,$0.04B,$4.63B,0.80%,$0.25B,$3.44B,6.96%,$1037,$888,$149,$0,$78,$1014,$23,$-46,$-23,$10,$-33,$-33,$-33,$96,$23,$344,344,$-0.10,$-0.10,$172,$442,$71,$1091,$1683,$0,$1802,$53,$3539,$4629,$607,$2739,$339,$3320,$3927,$3,$-1046,$-218,$702,$4629,$-27,$148,$13,$160,$0,$0,$0,$-65,$-65,$96,$-40,$0,$0,$0,$0,$0,$3,$-37,$-35,$0,$-35,$0,$0,$0,$-1,$-35,$22,$0,$0
34,2010-03-31,3.39,$2.13,1.59,$11.82,0.29,$2.01,1.68,$0.27,12.54,$1.05B,$0.61B,1.73,$2.78B,$0.73B,3.81,$4.08B,$0.55B,13.43%,$4.08B,$0.31B,7.60%,$4.08B,$0.31B,7.60%,$4.08B,$0.62B,15.22%,$4.08B,$0.11B,2.77%,$4.08B,$0.09B,2.23%,$0.09B,$0.73B,13.96%,$0.09B,$-1.09B,-7.71%,$0.09B,$4.68B,1.90%,$0.31B,$3.51B,8.72%,$1004,$858,$146,$0,$77,$945,$60,$-45,$15,$9,$6,$6,$6,$134,$60,$343,347,$0.02,$0.02,$106,$462,$57,$1054,$1750,$0,$1815,$59,$3624,$4678,$611,$2783,$319,$3338,$3948,$3,$-1013,$-220,$730,$4678,$6,$74,$7,$81,$0,$0,$0,$-119,$-119,$-25,$-18,$0,$0,$0,$0,$0,$-1,$-19,$0,$0,$0,$0,$0,$0,$0,$0,$-44,$0,$0
35,2009-12-31,3.26,$2.12,1.53,$11.90,0.27,$2.04,1.59,$0.17,19.15,$1.02B,$0.64B,1.61,$2.78B,$0.73B,3.82,$4.10B,$0.53B,12.89%,$4.10B,$0.28B,6.91%,$4.10B,$0.28B,6.91%,$4.10B,$0.60B,14.58%,$4.10B,$0.08B,1.93%,$4.10B,$0.06B,1.39%,$0.06B,$0.73B,9.63%,$0.06B,$-1.10B,-4.55%,$0.06B,$4.70B,1.17%,$0.28B,$3.51B,7.86%,$979,$865,$114,$0,$75,$915,$64,$-38,$26,$-6,$31,$32,$32,$150,$64,$343,345,$0.08,$0.08,$150,$437,$18,$1021,$1797,$0,$1825,$59,$3681,$4702,$635,$2783,$44,$3339,$3973,$3,$-1019,$-214,$729,$4702,$56,$314,$42,$356,$-7,$91,$19,$11,$98,$504,$-120,$0,$0,$0,$0,$0,$-5,$-125,$-241,$-142,$-383,$0,$0,$0,$-16,$-399,$-20,$0,$0
36,2009-09-30,2.17,$1.75,1.24,$12.38,0.18,$1.00,2.17,$-0.09,0.0,$1.18B,$0.66B,1.79,$3.01B,$0.60B,5.02,$4.17B,$0.53B,12.63%,$4.17B,$0.23B,5.50%,$4.17B,$0.23B,5.50%,$4.17B,$0.53B,12.80%,$4.17B,$0.00B,0.12%,$4.17B,$-0.03B,-0.79%,$-0.03B,$0.60B,-6.10%,$-0.03B,$-1.24B,2.51%,$-0.03B,$4.90B,-0.67%,$0.23B,$3.61B,6.28%,$1054,$908,$146,$0,$76,$957,$98,$-54,$43,$10,$33,$33,$33,$174,$98,$343,345,$0.10,$0.10,$245,$465,$53,$1177,$1835,$0,$1841,$47,$3723,$4900,$657,$3010,$48,$3643,$4300,$3,$-1051,$-310,$600,$4900,$25,$228,$41,$269,$0,$0,$0,$11,$11,$323,$-87,$0,$0,$0,$0,$0,$-2,$-89,$424,$-569,$-145,$0,$0,$0,$-15,$-160,$75,$0,$0
37,2009-06-30,1.72,$1.60,1.07,$12.73,0.13,$0.13,13.32,$-0.23,0.0,$1.10B,$0.64B,1.71,$3.04B,$0.55B,5.54,$4.28B,$0.53B,12.39%,$4.28B,$0.18B,4.30%,$4.28B,$0.18B,4.30%,$4.28B,$0.49B,11.36%,$4.28B,$-0.04B,-1.01%,$4.28B,$-0.08B,-1.87%,$-0.08B,$0.55B,-13.22%,$-0.08B,$-1.30B,6.35%,$-0.08B,$4.87B,-1.61%,$0.18B,$3.59B,4.88%,$1044,$902,$142,$0,$85,$956,$88,$-59,$29,$10,$19,$20,$20,$163,$88,$343,344,$0.06,$0.06,$161,$473,$62,$1103,$1870,$0,$1850,$48,$3769,$4871,$644,$3041,$48,$3678,$4322,$3,$-1084,$-327,$549,$4871,$-9,$152,$44,$196,$0,$0,$0,$-22,$-22,$174,$-57,$0,$0,$0,$0,$0,$-1,$-57,$13,$-128,$-115,$0,$0,$0,$-11,$-126,$-10,$0,$0
38,2009-03-31,0.82,$1.43,0.57,$13.03,0.06,$-0.41,0.0,$-0.30,0.0,$1.16B,$0.64B,1.82,$3.21B,$0.49B,6.56,$4.38B,$0.53B,12.16%,$4.38B,$0.16B,3.61%,$4.38B,$0.16B,3.61%,$4.38B,$0.45B,10.38%,$4.38B,$-0.07B,-1.53%,$4.38B,$-0.10B,-2.38%,$-0.10B,$0.49B,-14.99%,$-0.10B,$-1.38B,8.86%,$-0.10B,$4.96B,-2.07%,$0.16B,$3.70B,4.08%,$1019,$893,$126,$0,$79,$986,$33,$-52,$-19,$9,$-28,$-28,$-28,$110,$33,$343,343,$-0.08,$-0.08,$181,$521,$66,$1157,$1897,$0,$1865,$45,$3807,$4963,$637,$3209,$45,$3837,$4474,$3,$-1104,$-367,$489,$4963,$-28,$76,$22,$98,$0,$0,$0,$-74,$-74,$3,$-36,$0,$0,$0,$0,$0,$-0,$-36,$0,$45,$45,$0,$0,$0,$0,$45,$11,$0,$0
39,2008-12-31,1.07,$1.53,0.7,$13.14,0.08,$-0.78,0.0,$-0.32,0.0,$1.13B,$0.69B,1.65,$3.17B,$0.53B,6.03,$4.08B,$0.49B,12.08%,$4.08B,$0.15B,3.70%,$4.08B,$0.15B,3.70%,$4.08B,$0.42B,10.34%,$4.08B,$-0.07B,-1.59%,$4.08B,$-0.10B,-2.43%,$-0.10B,$0.53B,-12.46%,$-0.10B,$-1.34B,9.32%,$-0.10B,$4.98B,-1.97%,$0.15B,$3.69B,3.82%,$1048,$936,$112,$0,$71,$1038,$10,$-58,$-48,$9,$-58,$-58,$-58,$86,$10,$316,316,$-0.17,$-0.17,$170,$532,$26,$1129,$1935,$0,$1869,$50,$3855,$4983,$686,$3165,$44,$3772,$4458,$3,$-1075,$-358,$525,$4983,$-100,$272,$5,$277,$17,$57,$-21,$-25,$5,$185,$-163,$0,$-30,$0,$0,$0,$49,$-144,$4,$132,$136,$0,$0,$0,$-16,$120,$161,$0,$0
40,2008-09-30,2.35,$2.51,0.94,$12.80,0.18,$-0.58,0.0,$-0.15,0.0,$1.20B,$0.61B,1.97,$3.25B,$0.86B,3.79,$3.63B,$0.47B,12.93%,$3.63B,$0.18B,4.93%,$3.63B,$0.18B,4.93%,$3.63B,$0.42B,11.56%,$3.63B,$-0.02B,-0.55%,$3.63B,$-0.04B,-1.16%,$-0.04B,$0.86B,-6.01%,$-0.04B,$-1.02B,4.74%,$-0.04B,$5.08B,-0.94%,$0.18B,$4.11B,5.07%,$1166,$1015,$150,$2,$85,$1113,$53,$-57,$-5,$9,$-14,$-14,$-14,$127,$53,$343,343,$-0.04,$-0.04,$161,$569,$44,$1201,$1958,$0,$1874,$52,$3883,$5084,$610,$3248,$46,$3616,$4226,$3,$-1018,$-83,$858,$5084,$-42,$196,$-18,$178,$0,$0,$0,$-114,$-114,$43,$-106,$0,$-30,$0,$0,$0,$56,$-81,$4,$203,$207,$0,$0,$0,$-17,$191,$152,$0,$0
41,2008-06-30,1.9,$2.64,0.72,$12.37,0.15,$-0.47,0.0,$-0.18,0.0,$1.09B,$0.65B,1.69,$3.09B,$0.90B,3.41,$3.08B,$0.43B,13.80%,$3.08B,$0.19B,6.10%,$3.08B,$0.19B,6.10%,$3.08B,$0.40B,13.05%,$3.08B,$0.01B,0.16%,$3.08B,$-0.04B,-1.36%,$-0.04B,$0.90B,-8.14%,$-0.04B,$-0.96B,5.27%,$-0.04B,$5.02B,-1.05%,$0.19B,$3.99B,6.22%,$1142,$998,$144,$2,$90,$1080,$62,$-57,$5,$10,$-5,$-4,$-4,$131,$62,$343,343,$-0.01,$-0.01,$16,$586,$65,$1094,$1984,$0,$1861,$80,$3925,$5019,$649,$3085,$47,$3466,$4115,$3,$-1003,$-51,$904,$5019,$-28,$121,$-7,$114,$0,$0,$0,$-85,$-85,$16,$-83,$0,$-30,$0,$0,$0,$58,$-55,$26,$36,$61,$0,$0,$0,$-17,$45,$7,$0,$0
42,2008-03-31,2.74,$2.60,1.05,$12.12,0.23,$-0.45,0.0,$-0.28,0.0,$1.10B,$0.61B,1.81,$3.13B,$0.89B,3.52,$2.56B,$0.36B,14.17%,$2.56B,$0.17B,6.44%,$2.56B,$0.17B,6.44%,$2.56B,$0.36B,14.14%,$2.56B,$-0.01B,-0.55%,$2.56B,$-0.06B,-2.30%,$-0.06B,$0.89B,-18.24%,$-0.06B,$-0.93B,8.19%,$-0.06B,$5.02B,-1.66%,$0.17B,$4.02B,6.49%,$724,$638,$87,$2,$61,$699,$26,$-43,$-17,$6,$-24,$-23,$-23,$78,$26,$235,235,$-0.10,$-0.10,$22,$603,$63,$1099,$2000,$0,$1822,$96,$3918,$5018,$608,$3134,$62,$3520,$4128,$3,$-999,$-70,$890,$5018,$-23,$52,$-21,$32,$0,$0,$0,$-101,$-101,$-75,$-35,$0,$-29,$0,$0,$0,$60,$-5,$32,$76,$108,$0,$0,$0,$-16,$92,$13,$0,$0
43,2007-12-31,3.46,$0.72,4.83,$11.94,0.29,$-0.24,0.0,$-0.37,0.0,$0.59B,$0.41B,1.44,$1.87B,$0.14B,13.0,$2.42B,$0.33B,13.71%,$2.42B,$0.15B,6.28%,$2.42B,$0.15B,6.28%,$2.42B,$0.35B,14.54%,$2.42B,$-0.03B,-1.12%,$2.42B,$-0.08B,-3.10%,$-0.08B,$0.14B,-54.15%,$-0.08B,$-0.64B,11.60%,$-0.08B,$2.78B,-2.42%,$0.15B,$2.02B,7.36%,$602,$513,$89,$3,$50,$564,$38,$-40,$-3,$5,$-7,$-7,$-1,$84,$38,$202,202,$0.00,$0.00,$9,$319,$18,$586,$1376,$0,$782,$33,$2191,$2777,$407,$1872,$43,$2227,$2633,$2,$-976,$-74,$144,$2777,$-75,$202,$42,$244,$-4,$-27,$16,$-6,$-36,$142,$-86,$0,$0,$0,$0,$0,$-4,$-91,$-45,$2,$-43,$0,$0,$0,$-7,$-50,$2,$0,$0
44,2007-09-30,4.24,$0.62,6.8,$11.54,0.37,$-0.25,0.0,$-0.56,0.0,$0.64B,$0.41B,1.55,$1.93B,$0.13B,15.41,$2.34B,$0.28B,12.01%,$2.34B,$0.13B,5.60%,$2.34B,$0.13B,5.60%,$2.34B,$0.34B,14.41%,$2.34B,$-0.05B,-2.18%,$2.34B,$-0.11B,-4.70%,$-0.11B,$0.13B,-74.32%,$-0.11B,$-0.66B,17.20%,$-0.11B,$3.19B,-3.52%,$0.13B,$2.06B,6.28%,$612,$507,$105,$2,$44,$551,$62,$-41,$20,$5,$15,$15,$-14,$109,$62,$202,206,$-0.07,$-0.07,$10,$311,$61,$639,$1386,$0,$784,$34,$2549,$3188,$412,$1931,$45,$2650,$3062,$2,$-975,$-93,$125,$3188,$-74,$155,$44,$199,$0,$0,$0,$-88,$-88,$44,$-62,$0,$0,$0,$0,$0,$-3,$-64,$-5,$37,$32,$0,$0,$0,$-7,$25,$6,$0,$0
45,2007-06-30,4.54,$0.67,6.77,$11.55,0.39,$-0.20,0.0,$-0.51,0.0,$0.60B,$0.39B,1.53,$1.95B,$0.14B,14.43,$2.32B,$0.27B,11.67%,$2.32B,$0.11B,4.82%,$2.32B,$0.11B,4.82%,$2.32B,$0.32B,13.82%,$2.32B,$-0.07B,-3.10%,$2.32B,$-0.10B,-4.35%,$-0.10B,$0.14B,-59.06%,$-0.10B,$-0.65B,16.32%,$-0.10B,$3.20B,-3.20%,$0.11B,$2.08B,5.29%,$623,$541,$82,$2,$43,$584,$39,$-53,$-14,$6,$-20,$-20,$-21,$91,$39,$202,202,$-0.11,$-0.11,$12,$298,$25,$597,$1437,$0,$787,$38,$2607,$3204,$389,$1945,$42,$2679,$3069,$2,$-961,$-96,$135,$3204,$-60,$108,$25,$133,$0,$0,$0,$-68,$-68,$9,$-43,$0,$0,$0,$0,$0,$-2,$-44,$0,$46,$46,$0,$0,$0,$-7,$39,$5,$0,$0
46,2007-03-31,4.45,$0.75,5.95,$11.57,0.38,$-0.15,0.0,$-0.53,0.0,$0.59B,$0.39B,1.52,$1.96B,$0.15B,13.06,$2.33B,$0.27B,11.48%,$2.33B,$0.10B,4.21%,$2.33B,$0.10B,4.21%,$2.33B,$0.31B,13.16%,$2.33B,$-0.08B,-3.27%,$2.33B,$-0.10B,-4.43%,$-0.10B,$0.15B,-54.00%,$-0.10B,$-0.64B,17.14%,$-0.10B,$3.23B,-3.23%,$0.10B,$2.11B,4.57%,$584,$528,$56,$2,$42,$571,$13,$-43,$-30,$7,$-38,$-38,$-39,$68,$13,$201,201,$-0.19,$-0.19,$10,$312,$24,$594,$1459,$0,$789,$42,$2636,$3230,$391,$1962,$37,$2688,$3080,$2,$-940,$-100,$150,$3230,$-39,$55,$10,$66,$0,$0,$0,$-62,$-62,$-33,$-20,$0,$0,$0,$0,$0,$-1,$-21,$0,$55,$55,$0,$0,$0,$1,$56,$2,$0,$0
47,2006-12-31,4.06,$0.91,4.48,$11.56,0.35,$-0.22,0.0,$-0.50,0.0,$0.56B,$0.42B,1.34,$1.91B,$0.18B,10.52,$2.32B,$0.27B,11.76%,$2.32B,$0.09B,4.05%,$2.32B,$0.09B,4.05%,$2.32B,$0.30B,12.88%,$2.32B,$-0.08B,-3.36%,$2.32B,$-0.10B,-4.35%,$-0.10B,$0.18B,-47.64%,$-0.10B,$-0.61B,17.35%,$-0.10B,$2.89B,-3.13%,$0.09B,$2.09B,4.31%,$520,$482,$38,$2,$31,$503,$17,$-44,$-27,$6,$-33,$-33,$-36,$69,$17,$201,201,$-0.18,$-0.18,$7,$301,$13,$564,$1489,$0,$791,$45,$2324,$2889,$420,$1911,$39,$2287,$2707,$2,$-901,$-106,$182,$2889,$-101,$205,$24,$229,$-1,$10,$1,$-2,$7,$141,$-89,$0,$0,$0,$0,$0,$-1,$-90,$-54,$-2,$-56,$0,$0,$0,$-1,$-57,$-5,$0,$0
