,Date,Stock Price,Book Value per Share,Price to Book Ratio,TTM Sales per Share,Price to Sales Ratio,TTM FCF per Share,Price to FCF Ratio,TTM Net EPS,PE Ratio,Current Assets,Current Liabilities,Current Ratio,Long Term Debt,Shareholder's Equity_x,Debt to Equity Ratio,TTM Revenue_x,TTM Gross Profit,Gross Margin,TTM Revenue_y,TTM Operating Income,Operating Margin,TTM Revenue_x,TTM EBIT,EBIT Margin,TTM Revenue_y,TTM EBITDA,EBITDA Margin,TTM Revenue_x,TTM Pre-Tax Income,Pre-Tax Margin,TTM Revenue_y,TTM Net Income_x,Net Margin,TTM Net Income_y,Shareholder's Equity_y,Return on Equity,TTM Net Income_x,Tangible Equity,Return on Tangible Equity,TTM Net Income_y,Total Assets,Return on Assets,TTM Net Income,LT Investments & Debt,Return on Investment,revenue,cost-goods-sold,gross-profit,research-development-expenses,selling-general-administrative-expenses,operating-expenses,operating-income,total-non-operating-income-expense,pre-tax-income,total-provision-income-taxes,income-after-taxes,income-from-continuous-operations,net-income,ebitda,ebit,basic-shares-outstanding,shares-outstanding,eps-basic-net-earnings-per-share,eps-earnings-per-share-diluted,cash-on-hand,inventory,other-current-assets,total-current-assets,net-property-plant-equipment,long-term-investments,goodwill-intangible-assets-total,other-long-term-assets,total-long-term-assets,total-assets,total-current-liabilities,long-term-debt,other-non-current-liabilities,total-long-term-liabilities,total-liabilities,common-stock-net,retained-earnings-accumulated-deficit,comprehensive-income,total-share-holder-equity,total-liabilities-share-holders-equity,net-income-loss,total-depreciation-amortization-cash-flow,other-non-cash-items,total-non-cash-items,change-in-accounts-receivable,change-in-inventories,change-in-accounts-payable,change-in-assets-liabilities,total-change-in-assets-liabilities,cash-flow-from-operating-activities,net-change-in-property-plant-equipment,net-change-in-intangible-assets,net-acquisitions-divestitures,net-change-in-short-term-investments,net-change-in-long-term-investments,net-change-in-investments-total,investing-activities-other,cash-flow-from-investing-activities,net-long-term-debt,net-current-debt,debt-issuance-retirement-net-total,net-common-equity-issued-repurchased,net-total-equity-issued-repurchased,total-common-preferred-stock-dividends-paid,financial-activities-other,cash-flow-from-financial-activities,net-cash-flow,stock-based-compensation,common-stock-dividends-paid
0,2018-09-30,127.4,$26.40,4.83,$22.37,5.7,$9.58,13.29,$3.87,32.92,$4.41B,$4.27B,1.03,$4.71B,$4.18B,1.13,$3.54B,$2.25B,63.56%,$3.54B,$0.72B,20.34%,$3.54B,$0.72B,20.34%,$3.54B,$1.26B,35.59%,$3.54B,$0.56B,15.71%,$3.54B,$0.62B,17.46%,$0.62B,$4.18B,15.17%,$0.62B,$-4.23B,-15.97%,$0.62B,$13.84B,4.75%,$0.72B,$8.88B,8.47%,$858,$265,$593,$0,$369,$635,$223,$-43,$180,$-6,$186,$186,$176,$361,$223,$158,159,$1.12,$1.11,$991,$0,$2894,$4414,$641,$0,$8410,$365,$9425,$13839,$4267,$4708,$173,$5397,$9664,$0,$1994,$-271,$4176,$13839,$401,$407,$55,$462,$-28,$0,$0,$-177,$-202,$661,$-156,$0,$-769,$0,$0,$0,$-3,$-928,$138,$49,$187,$-213,$-213,$-5,$-18,$-49,$-345,$45,$-5
1,2018-06-30,111.49,$25.41,4.39,$23.65,4.71,$8.08,13.8,$3.47,32.13,$3.66B,$3.36B,1.09,$4.26B,$4.02B,1.06,$3.72B,$2.20B,59.18%,$3.72B,$0.67B,17.98%,$3.72B,$0.67B,17.98%,$3.72B,$1.20B,32.20%,$3.72B,$0.51B,13.71%,$3.72B,$0.55B,14.86%,$0.55B,$4.02B,13.99%,$0.55B,$-3.65B,-14.28%,$0.55B,$12.30B,4.38%,$0.67B,$8.27B,7.99%,$833,$265,$569,$0,$378,$642,$191,$-45,$146,$28,$118,$118,$109,$328,$191,$159,160,$0.69,$0.68,$1100,$0,$2034,$3659,$616,$0,$7669,$346,$8641,$12300,$3364,$4255,$220,$4920,$8284,$0,$1819,$-244,$4016,$12300,$215,$269,$44,$313,$-22,$0,$0,$3,$-22,$507,$-103,$0,$0,$0,$0,$0,$-1,$-104,$-330,$-88,$-419,$-181,$-181,$-3,$-11,$-614,$-236,$30,$-3
2,2018-03-31,111.51,$25.95,4.3,$24.70,4.52,$6.95,16.03,$3.23,34.52,$4.16B,$3.91B,1.06,$4.18B,$4.14B,1.01,$3.85B,$2.13B,55.22%,$3.85B,$0.61B,15.84%,$3.85B,$0.61B,15.84%,$3.85B,$1.12B,29.09%,$3.85B,$0.45B,11.66%,$3.85B,$0.51B,13.27%,$0.51B,$4.14B,13.81%,$0.51B,$-3.67B,-13.06%,$0.51B,$12.90B,4.24%,$0.61B,$8.32B,7.53%,$795,$252,$543,$0,$386,$639,$156,$-34,$122,$25,$98,$98,$91,$288,$156,$159,160,$0.57,$0.57,$1006,$0,$2650,$4158,$600,$0,$7811,$323,$8745,$12903,$3909,$4177,$225,$4855,$8764,$0,$1739,$-177,$4140,$12903,$98,$132,$23,$155,$13,$0,$0,$25,$32,$285,$-44,$0,$0,$0,$0,$0,$-2,$-45,$-379,$-193,$-571,$2,$2,$-2,$-1,$-572,$-330,$15,$-2
3,2017-12-31,100.22,$24.91,4.02,$25.73,3.89,$7.07,14.18,$2.98,33.63,$4.30B,$3.82B,1.13,$4.56B,$3.97B,1.15,$3.98B,$2.05B,51.50%,$3.98B,$0.56B,14.06%,$3.98B,$0.56B,14.06%,$3.98B,$1.06B,26.54%,$3.98B,$0.39B,9.86%,$3.98B,$0.47B,11.80%,$0.47B,$3.97B,13.85%,$0.47B,$-3.92B,-11.75%,$0.47B,$13.00B,4.14%,$0.56B,$8.53B,7.17%,$1054,$509,$545,$0,$396,$905,$150,$-42,$108,$-142,$250,$250,$242,$283,$150,$155,156,$1.55,$1.54,$1336,$0,$2459,$4304,$588,$0,$7886,$207,$8694,$12998,$3816,$4559,$221,$5217,$9033,$0,$1598,$-183,$3965,$12998,$494,$496,$-119,$377,$-14,$0,$0,$-491,$-359,$512,$-144,$0,$-563,$0,$0,$0,$-29,$-736,$213,$222,$434,$-56,$-56,$-7,$-19,$352,$173,$39,$-7
4,2017-09-30,95.0,$23.27,4.08,$18.95,5.01,$4.70,20.21,$1.47,64.63,$3.55B,$3.12B,1.14,$4.68B,$3.70B,1.27,$2.92B,$1.50B,51.42%,$2.92B,$0.41B,14.00%,$2.92B,$0.41B,14.00%,$2.92B,$0.77B,26.43%,$2.92B,$0.28B,9.72%,$2.92B,$0.23B,7.77%,$0.23B,$3.70B,7.35%,$0.23B,$-4.25B,-5.62%,$0.23B,$12.28B,2.11%,$0.41B,$8.37B,5.51%,$1039,$494,$545,$0,$373,$866,$172,$-38,$134,$16,$118,$118,$111,$299,$172,$155,155,$0.72,$0.71,$1186,$0,$1847,$3550,$577,$0,$7945,$192,$8731,$12282,$3124,$4678,$152,$5463,$8587,$0,$1358,$-203,$3695,$12282,$244,$363,$51,$414,$-6,$0,$0,$-311,$-298,$360,$-99,$0,$-563,$0,$0,$0,$-48,$-710,$327,$77,$404,$-47,$-47,$-5,$-19,$333,$23,$31,$-5
5,2017-06-30,90.29,$19.70,4.58,$18.38,4.91,$3.74,24.16,$0.76,118.8,$2.52B,$2.10B,1.2,$4.18B,$3.01B,1.39,$2.82B,$1.43B,50.64%,$2.82B,$0.34B,12.11%,$2.82B,$0.34B,12.11%,$2.82B,$0.70B,24.61%,$2.82B,$0.20B,7.22%,$2.82B,$0.17B,5.84%,$0.17B,$3.01B,5.76%,$0.17B,$-3.81B,-4.11%,$0.17B,$10.04B,1.62%,$0.34B,$7.18B,4.81%,$962,$469,$493,$0,$361,$830,$132,$-47,$85,$13,$72,$72,$67,$250,$132,$153,154,$0.44,$0.44,$1081,$0,$1000,$2516,$538,$0,$6817,$149,$7521,$10037,$2098,$4175,$141,$4934,$7032,$0,$1256,$-243,$3005,$10037,$125,$236,$26,$262,$-5,$0,$0,$-89,$-119,$268,$-52,$0,$0,$0,$0,$0,$-34,$-87,$-181,$-88,$-269,$0,$0,$-4,$-19,$-291,$-82,$21,$-4
6,2017-03-31,80.64,$18.86,4.28,$18.28,4.41,$4.05,19.92,$0.87,92.69,$2.40B,$2.09B,1.15,$4.22B,$2.88B,1.47,$2.81B,$1.42B,50.43%,$2.81B,$0.33B,11.73%,$2.81B,$0.33B,11.73%,$2.81B,$0.68B,24.16%,$2.81B,$0.20B,6.93%,$2.81B,$0.15B,5.47%,$0.15B,$2.88B,7.28%,$0.15B,$-3.98B,-5.04%,$0.15B,$9.96B,2.00%,$0.33B,$7.10B,6.21%,$920,$456,$464,$0,$359,$815,$105,$-40,$65,$12,$53,$53,$49,$223,$105,$152,153,$0.32,$0.32,$1262,$0,$752,$2399,$552,$0,$6857,$136,$7561,$9960,$2093,$4221,$132,$4991,$7083,$0,$1193,$-288,$2876,$9960,$53,$118,$8,$126,$12,$0,$0,$116,$115,$294,$-46,$0,$0,$0,$0,$0,$-0,$-47,$-41,$-118,$-159,$1,$1,$-2,$-1,$-160,$99,$9,$-2
7,2016-12-31,69.37,$0.00,0.0,$18.34,3.78,$3.17,21.89,$0.55,126.12,$3.12B,$2.85B,1.09,$4.26B,$2.78B,1.53,$2.83B,$1.43B,50.55%,$2.83B,$0.35B,12.21%,$2.83B,$0.35B,12.21%,$2.83B,$0.69B,24.46%,$2.83B,$0.25B,8.86%,$2.83B,$0.19B,6.71%,$0.19B,$2.78B,8.96%,$0.19B,$-4.11B,-6.13%,$0.19B,$10.66B,2.45%,$0.35B,$7.04B,6.48%,$0,$0,$0,$0,$0,$0,$0,$0,$0,$0,$0,$0,$0,$0,$0,$0,0,$0.00,$0.00,$1163,$0,$1547,$3116,$526,$0,$6893,$113,$7548,$10664,$2852,$4261,$96,$5033,$7885,$0,$1137,$-323,$2779,$10664,$0,$0,$0,$0,$0,$0,$0,$0,$0,$0,$0,$0,$0,$0,$0,$0,$0,$0,$0,$0,$0,$0,$0,$0,$0,$0,$0,$0,$0
8,2016-11-30,68.51,$18.40,3.72,$23.98,2.86,$4.42,15.51,$0.81,84.58,$2.58B,$2.21B,1.17,$4.32B,$2.80B,1.54,$3.68B,$1.87B,50.82%,$3.68B,$0.41B,11.07%,$3.68B,$0.41B,11.07%,$3.68B,$0.77B,20.92%,$3.68B,$0.32B,8.65%,$3.68B,$0.25B,6.86%,$0.25B,$2.80B,17.66%,$0.25B,$-4.14B,-12.15%,$0.25B,$10.11B,4.95%,$0.41B,$7.12B,11.37%,$942,$468,$473,$0,$368,$837,$105,$-51,$54,$2,$53,$53,$49,$222,$105,$153,154,$0.32,$0.32,$996,$0,$1118,$2575,$521,$0,$6940,$57,$7538,$10113,$2210,$4316,$90,$5101,$7311,$0,$1147,$-310,$2802,$10113,$145,$224,$-40,$184,$10,$0,$0,$-133,$-136,$194,$-83,$0,$-35,$0,$38,$38,$0,$-81,$-26,$95,$69,$-188,$-188,$-3,$-9,$-131,$-49,$16,$-3
9,2016-09-30,76.7,$0.00,0.0,$17.87,4.29,$3.70,20.73,$0.81,94.69,$0.00B,$0.00B,0.0,$0.00B,$0.00B,0.0,$2.73B,$1.40B,51.02%,$2.73B,$0.30B,11.05%,$2.73B,$0.30B,11.05%,$2.73B,$0.55B,20.01%,$2.73B,$0.26B,9.66%,$2.73B,$0.20B,7.43%,$0.20B,$0.00B,14.04%,$0.20B,$0.00B,-9.70%,$0.20B,$0.00B,3.91%,$0.30B,$0.00B,8.36%,$952,$470,$482,$0,$362,$831,$120,$-44,$76,$14,$62,$62,$56,$235,$120,$154,155,$0.36,$0.36,$0,$0,$0,$0,$0,$0,$0,$0,$0,$0,$0,$0,$0,$0,$0,$0,$0,$0,$0,$0,$193,$246,$7,$253,$14,$0,$0,$-73,$-78,$367,$-102,$0,$-1826,$0,$38,$38,$-1,$-1892,$2153,$-1,$2152,$-124,$-124,$-4,$-69,$1955,$423,$26,$-4
10,2016-08-31,75.89,$18.90,4.01,$16.52,4.59,$3.40,22.33,$0.79,96.06,$2.59B,$2.23B,1.16,$4.29B,$2.91B,1.48,$2.41B,$1.29B,53.61%,$2.41B,$0.28B,11.50%,$2.41B,$0.28B,11.50%,$2.41B,$0.52B,21.72%,$2.41B,$0.27B,11.25%,$2.41B,$0.21B,8.60%,$0.21B,$2.91B,14.32%,$0.21B,$-4.16B,-9.89%,$0.21B,$10.24B,3.99%,$0.28B,$7.20B,7.67%,$939,$463,$477,$0,$356,$818,$121,$-1,$121,$28,$92,$92,$85,$236,$121,$154,155,$0.55,$0.55,$978,$0,$1105,$2585,$512,$0,$7061,$59,$7653,$10238,$2232,$4290,$87,$5100,$7333,$0,$1099,$-266,$2905,$10238,$92,$103,$-36,$67,$-8,$0,$0,$-27,$-4,$156,$-41,$0,$-35,$0,$38,$38,$0,$-38,$-46,$-47,$-94,$-87,$-87,$-2,$7,$-175,$-67,$8,$-2
11,2016-06-30,71.31,$0.00,0.0,$15.68,4.55,$8.96,7.96,$0.79,90.27,$0.00B,$0.00B,0.0,$0.00B,$0.00B,0.0,$2.15B,$1.24B,57.47%,$2.15B,$0.26B,12.28%,$2.15B,$0.26B,12.28%,$2.15B,$0.51B,23.78%,$2.15B,$0.25B,11.45%,$2.15B,$0.19B,8.89%,$0.19B,$0.00B,19.95%,$0.19B,$0.00B,-13.97%,$0.19B,$0.00B,5.02%,$0.26B,$0.00B,10.56%,$843,$407,$436,$0,$375,$781,$61,$6,$67,$-0,$67,$67,$62,$76,$61,$148,149,$0.42,$0.42,$0,$0,$0,$0,$0,$0,$0,$0,$0,$0,$0,$0,$0,$0,$0,$0,$0,$0,$0,$0,$131,$131,$-18,$113,$9,$0,$0,$-65,$5,$249,$-63,$0,$-1827,$0,$38,$38,$-0,$-1852,$2237,$-98,$2139,$-64,$-64,$-3,$-63,$2009,$401,$17,$-3
12,2016-05-31,77.62,$0.00,0.0,$15.58,4.98,$10.92,7.11,$0.53,146.45,$2.85B,$2.43B,1.17,$4.38B,$2.88B,1.52,$2.03B,$1.25B,61.69%,$2.03B,$0.33B,16.07%,$2.03B,$0.33B,16.07%,$2.03B,$0.64B,31.36%,$2.03B,$0.29B,14.25%,$2.03B,$0.21B,10.26%,$0.21B,$2.88B,17.49%,$0.21B,$-4.22B,-12.26%,$0.21B,$10.51B,4.05%,$0.33B,$7.26B,10.16%,$0,$0,$0,$0,$0,$0,$0,$0,$0,$0,$0,$0,$0,$0,$0,$0,0,$0.00,$0.00,$1045,$0,$1336,$2851,$494,$0,$7094,$48,$7659,$10510,$2431,$4380,$77,$5202,$7633,$0,$1016,$-246,$2877,$10510,$0,$0,$0,$0,$0,$0,$0,$0,$0,$0,$0,$0,$0,$0,$0,$0,$0,$0,$0,$0,$0,$0,$0,$0,$0,$0,$0,$0,$0
13,2016-03-31,65.23,$0.00,0.0,$21.29,3.06,$14.71,4.44,$0.53,123.08,$0.00B,$0.00B,0.0,$0.00B,$0.00B,0.0,$2.78B,$1.73B,62.19%,$2.78B,$0.46B,16.71%,$2.78B,$0.46B,16.71%,$2.78B,$0.77B,27.87%,$2.78B,$0.42B,14.94%,$2.78B,$0.30B,10.62%,$0.30B,$0.00B,42.20%,$0.30B,$0.00B,-29.95%,$0.30B,$0.00B,7.61%,$0.46B,$0.00B,22.01%,$626,$248,$378,$0,$283,$532,$95,$-12,$83,$19,$63,$63,$60,$211,$95,$129,130,$0.46,$0.46,$0,$0,$0,$0,$0,$0,$0,$0,$0,$0,$0,$0,$0,$0,$0,$0,$0,$0,$0,$0,$63,$39,$14,$53,$52,$0,$0,$49,$92,$208,$-24,$0,$0,$0,$0,$0,$-0,$-24,$-15,$-135,$-150,$-3,$-3,$-1,$-7,$-161,$40,$7,$-1
14,2016-02-29,60.89,$7.37,8.26,$16.48,3.7,$13.30,4.58,0,0.0,$2.07B,$1.75B,1.18,$1.79B,$0.95B,1.88,$2.15B,$1.35B,62.72%,$2.15B,$0.37B,17.15%,$2.15B,$0.37B,17.15%,$2.15B,$0.56B,26.17%,$2.15B,$0.33B,15.43%,$2.15B,$0.24B,10.93%,$0.24B,$0.95B,25.68%,$0.24B,$-1.25B,-18.33%,$0.24B,$4.70B,4.42%,$0.37B,$2.74B,13.45%,$680,$259,$421,$0,$313,$572,$108,$-12,$96,$23,$73,$73,$69,$224,$108,$129,130,$0.53,$0.53,$826,$0,$1001,$2065,$366,$0,$2202,$41,$2634,$4699,$1748,$1788,$15,$1998,$3746,$0,$981,$-277,$953,$4699,$249,$117,$36,$152,$23,$0,$0,$473,$477,$878,$-58,$0,$-242,$0,$0,$0,$0,$-300,$136,$-388,$-252,$-95,$-95,$-4,$-17,$-368,$175,$20,$-4
15,2015-11-30,70.76,$7.16,9.88,$16.19,4.37,$9.15,7.74,0,0.0,$2.66B,$2.27B,1.17,$1.92B,$0.93B,2.07,$2.14B,$1.34B,62.87%,$2.14B,$0.37B,17.13%,$2.14B,$0.37B,17.13%,$2.14B,$0.52B,24.39%,$2.14B,$0.33B,15.36%,$2.14B,$0.23B,10.72%,$0.23B,$0.93B,25.10%,$0.23B,$-1.32B,-18.79%,$0.23B,$5.33B,4.45%,$0.37B,$2.84B,13.66%,$722,$271,$452,$0,$329,$599,$123,$-13,$110,$27,$83,$83,$79,$201,$123,$130,130,$0.61,$0.60,$988,$0,$1404,$2656,$368,$0,$2243,$35,$2672,$5328,$2268,$1916,$16,$2134,$4402,$0,$918,$-245,$926,$5328,$176,$78,$30,$107,$-4,$0,$0,$176,$171,$454,$-36,$0,$-242,$0,$0,$0,$0,$-278,$178,$101,$279,$-85,$-85,$-3,$-7,$186,$338,$13,$-3
16,2015-08-31,55.62,$7.06,7.88,$15.80,3.52,$7.37,7.54,0,0.0,$2.75B,$2.39B,1.15,$1.93B,$0.92B,2.11,$2.11B,$1.33B,63.00%,$2.11B,$0.37B,17.39%,$2.11B,$0.37B,17.39%,$2.11B,$0.51B,24.30%,$2.11B,$0.33B,15.77%,$2.11B,$0.23B,10.66%,$0.23B,$0.92B,24.03%,$0.23B,$-1.37B,-19.73%,$0.23B,$5.47B,4.54%,$0.37B,$2.85B,14.04%,$749,$273,$476,$0,$338,$611,$138,$-12,$126,$33,$93,$93,$87,$138,$138,$130,131,$0.66,$0.66,$803,$0,$1658,$2747,$369,$0,$2290,$36,$2726,$5473,$2390,$1932,$17,$2166,$4556,$0,$861,$-213,$917,$5473,$93,$39,$16,$54,$-8,$0,$0,$372,$366,$513,$-17,$0,$-242,$0,$0,$0,$0,$-258,$195,$-236,$-42,$-40,$-40,$-1,$-7,$-90,$153,$6,$-1
17,2015-05-31,52.11,$0.00,0.0,$15.22,3.42,$2.99,17.42,0,0.0,$3.29B,$3.02B,1.09,$1.68B,$0.86B,1.94,$2.07B,$1.30B,62.84%,$2.07B,$0.35B,17.08%,$2.07B,$0.35B,17.08%,$2.07B,$0.50B,24.14%,$2.07B,$0.32B,15.58%,$2.07B,$0.21B,10.30%,$0.21B,$0.86B,21.85%,$0.21B,$-1.19B,-21.55%,$0.21B,$5.78B,4.56%,$0.35B,$2.54B,14.03%,$0,$0,$0,$0,$0,$0,$0,$0,$0,$0,$0,$0,$0,$0,$0,$0,0,$0.00,$0.00,$651,$0,$2395,$3290,$374,$0,$2052,$33,$2489,$5779,$3015,$1678,$19,$1901,$4916,$0,$795,$-186,$864,$5779,$0,$0,$0,$0,$0,$0,$0,$0,$0,$0,$0,$0,$0,$0,$0,$0,$0,$0,$0,$0,$0,$0,$0,$0,$0,$0,$0,$0,$0
18,2015-02-28,45.85,$7.08,6.47,$15.22,3.01,$2.99,15.33,0,0.0,$1.59B,$1.24B,1.28,$1.55B,$0.94B,1.64,$2.07B,$1.30B,62.84%,$2.07B,$0.35B,17.08%,$2.07B,$0.35B,17.08%,$2.07B,$0.50B,24.14%,$2.07B,$0.32B,15.58%,$2.07B,$0.21B,10.30%,$0.21B,$0.94B,20.44%,$0.21B,$-1.00B,-24.30%,$0.21B,$4.02B,5.04%,$0.35B,$2.49B,14.07%,$665,$250,$415,$0,$310,$560,$105,$-12,$92,$23,$69,$69,$63,$182,$105,$134,135,$0.47,$0.46,$610,$6,$745,$1593,$356,$0,$1939,$37,$2425,$4018,$1243,$1546,$86,$1834,$3077,$0,$862,$-184,$942,$4018,$239,$103,$39,$142,$32,$0,$0,$-41,$-34,$347,$-57,$0,$-233,$0,$11,$11,$0,$-279,$215,$45,$259,$-229,$-229,$-4,$-16,$11,$28,$15,$-4
19,2014-11-30,43.1,$7.63,5.65,$14.54,2.96,$2.58,16.69,0,0.0,$2.03B,$1.68B,1.21,$1.55B,$1.02B,1.52,$2.02B,$1.27B,62.83%,$2.02B,$0.35B,17.10%,$2.02B,$0.35B,17.10%,$2.02B,$0.48B,23.93%,$2.02B,$0.31B,15.56%,$2.02B,$0.21B,10.16%,$0.21B,$1.02B,18.26%,$0.21B,$-1.00B,-30.65%,$0.21B,$4.54B,5.01%,$0.35B,$2.58B,13.72%,$697,$258,$439,$0,$316,$573,$124,$-9,$115,$30,$85,$85,$75,$193,$124,$135,135,$0.55,$0.55,$644,$8,$1122,$2025,$363,$0,$2027,$32,$2516,$4542,$1676,$1554,$88,$1843,$3519,$0,$853,$-103,$1022,$4542,$170,$69,$15,$84,$18,$0,$0,$-15,$-27,$227,$-33,$0,$-224,$0,$11,$11,$0,$-246,$207,$91,$298,$-178,$-178,$-3,$-12,$105,$63,$9,$-3
20,2014-08-31,36.28,$7.91,4.59,$13.75,2.64,$3.70,9.8,0,0.0,$2.01B,$1.58B,1.27,$1.39B,$1.07B,1.3,$1.96B,$1.23B,62.81%,$1.96B,$0.33B,17.03%,$1.96B,$0.33B,17.03%,$1.96B,$0.49B,24.81%,$1.96B,$0.31B,15.75%,$1.96B,$0.20B,10.43%,$0.20B,$1.07B,17.36%,$0.20B,$-0.77B,-43.36%,$0.20B,$4.34B,5.17%,$0.33B,$2.46B,13.82%,$705,$260,$445,$0,$321,$580,$124,$-10,$115,$30,$84,$84,$75,$124,$124,$136,137,$0.56,$0.55,$596,$6,$1142,$2007,$363,$0,$1836,$33,$2333,$4339,$1579,$1389,$91,$1689,$3269,$0,$822,$-19,$1071,$4339,$84,$35,$11,$46,$8,$0,$0,$-181,$-194,$-63,$-18,$0,$-5,$0,$11,$11,$0,$-12,$26,$212,$238,$-135,$-135,$-1,$-8,$94,$14,$4,$-1
21,2014-05-31,34.19,$0.00,0.0,$12.85,2.66,$4.00,8.54,0,0.0,$1.64B,$1.21B,1.36,$1.38B,$1.13B,1.22,$1.88B,$1.18B,62.87%,$1.88B,$0.32B,16.81%,$1.88B,$0.32B,16.81%,$1.88B,$0.47B,24.89%,$1.88B,$0.30B,15.74%,$1.88B,$0.19B,10.32%,$0.19B,$1.13B,16.05%,$0.19B,$-0.74B,-57.61%,$0.19B,$4.02B,5.19%,$0.32B,$2.51B,13.47%,$0,$0,$0,$0,$0,$0,$0,$0,$0,$0,$0,$0,$0,$0,$0,$0,0,$0.00,$0.00,$582,$7,$781,$1643,$370,$0,$1872,$31,$2375,$4019,$1212,$1376,$89,$1674,$2886,$0,$816,$-2,$1133,$4019,$0,$0,$0,$0,$0,$0,$0,$0,$0,$0,$0,$0,$0,$0,$0,$0,$0,$0,$0,$0,$0,$0,$0,$0,$0,$0,$0,$0,$0
22,2014-02-28,35.07,$8.82,3.98,$12.85,2.73,$4.00,8.76,0,0.0,$1.53B,$0.69B,2.23,$1.25B,$1.26B,0.99,$1.88B,$1.18B,62.87%,$1.88B,$0.32B,16.81%,$1.88B,$0.32B,16.81%,$1.88B,$0.47B,24.89%,$1.88B,$0.30B,15.74%,$1.88B,$0.19B,10.32%,$0.19B,$1.26B,15.56%,$0.19B,$-0.17B,-101.44%,$0.19B,$3.46B,5.52%,$0.32B,$2.52B,13.96%,$616,$233,$384,$0,$286,$519,$97,$-14,$84,$24,$60,$60,$55,$166,$97,$144,145,$0.39,$0.38,$1014,$7,$283,$1533,$365,$0,$1429,$25,$1922,$3456,$688,$1252,$86,$1504,$2192,$0,$941,$-6,$1264,$3456,$212,$87,$34,$121,$14,$4,$0,$-10,$-18,$314,$-61,$0,$-3,$0,$4,$4,$2,$-58,$290,$75,$365,$-235,$-235,$-4,$-35,$91,$333,$17,$-4
23,2013-11-30,31.43,$8.56,3.67,$12.29,2.56,$3.08,10.19,0,0.0,$2.06B,$1.57B,1.31,$0.92B,$1.23B,0.75,$1.84B,$1.16B,62.89%,$1.84B,$0.31B,16.82%,$1.84B,$0.31B,16.82%,$1.84B,$0.48B,25.83%,$1.84B,$0.30B,16.17%,$1.84B,$0.20B,10.69%,$0.20B,$1.23B,15.73%,$0.20B,$-0.21B,-101.29%,$0.20B,$3.98B,5.76%,$0.31B,$2.15B,14.24%,$634,$235,$399,$0,$294,$522,$112,$-3,$109,$29,$80,$80,$74,$195,$112,$144,145,$0.51,$0.51,$1097,$9,$688,$2058,$358,$0,$1443,$22,$1923,$3982,$1573,$923,$81,$1177,$2750,$0,$897,$2,$1232,$3982,$152,$57,$24,$81,$-6,$2,$0,$204,$179,$412,$-41,$0,$-2,$0,$3,$3,$1,$-39,$31,$259,$290,$-228,$-228,$-3,$-11,$48,$416,$12,$-3
24,2013-08-31,23.74,$8.26,2.87,$11.65,2.04,$0.98,24.21,0,0.0,$1.59B,$1.05B,1.52,$1.00B,$1.21B,0.83,$1.80B,$1.14B,63.29%,$1.80B,$0.32B,17.52%,$1.80B,$0.32B,17.52%,$1.80B,$0.45B,25.03%,$1.80B,$0.29B,16.30%,$1.80B,$0.19B,10.73%,$0.19B,$1.21B,14.98%,$0.19B,$-0.23B,-115.57%,$0.19B,$3.50B,5.88%,$0.32B,$2.21B,14.47%,$630,$231,$399,$0,$292,$522,$107,$-5,$103,$31,$72,$72,$65,$107,$107,$148,149,$0.44,$0.44,$726,$7,$612,$1590,$355,$0,$1435,$23,$1909,$3499,$1045,$1000,$76,$1250,$2295,$0,$918,$-17,$1205,$3499,$72,$28,$14,$42,$1,$4,$0,$-102,$-137,$-23,$-20,$0,$0,$0,$1,$1,$1,$-19,$108,$141,$250,$-144,$-144,$-1,$-11,$92,$45,$5,$-1
25,2013-05-31,23.89,$0.00,0.0,$11.15,2.14,$1.52,15.69,0,0.0,$1.21B,$0.70B,1.73,$0.89B,$1.29B,0.69,$1.76B,$1.13B,63.99%,$1.76B,$0.29B,16.38%,$1.76B,$0.29B,16.38%,$1.76B,$0.42B,24.06%,$1.76B,$0.27B,15.30%,$1.76B,$0.18B,9.95%,$0.18B,$1.29B,13.38%,$0.18B,$-0.16B,-388.89%,$0.18B,$3.13B,5.63%,$0.29B,$2.18B,14.28%,$0,$0,$0,$0,$0,$0,$0,$0,$0,$0,$0,$0,$0,$0,$0,$0,0,$0.00,$0.00,$680,$11,$259,$1214,$348,$0,$1445,$22,$1911,$3125,$704,$891,$72,$1134,$1838,$0,$959,$-15,$1287,$3125,$0,$0,$0,$0,$0,$0,$0,$0,$0,$0,$0,$0,$0,$0,$0,$0,$0,$0,$0,$0,$0,$0,$0,$0,$0,$0,$0,$0,$0
26,2013-02-28,24.0,$8.37,2.87,$11.15,2.15,$1.52,15.77,0,0.0,$1.15B,$0.67B,1.7,$0.88B,$1.29B,0.69,$1.76B,$1.13B,63.99%,$1.76B,$0.29B,16.38%,$1.76B,$0.29B,16.38%,$1.76B,$0.42B,24.06%,$1.76B,$0.27B,15.30%,$1.76B,$0.18B,9.95%,$0.18B,$1.29B,13.35%,$0.18B,$-0.18B,265.15%,$0.18B,$3.08B,5.83%,$0.29B,$2.17B,15.51%,$579,$217,$361,$0,$272,$488,$91,$-5,$86,$23,$63,$63,$58,$174,$91,$156,157,$0.38,$0.38,$683,$11,$208,$1147,$342,$0,$1465,$30,$1929,$3076,$674,$883,$71,$1117,$1791,$0,$946,$-7,$1285,$3076,$192,$83,$54,$137,$18,$-2,$0,$-56,$-125,$205,$-75,$0,$-433,$0,$0,$0,$2,$-506,$646,$-48,$597,$-139,$-139,$-5,$-258,$196,$-98,$14,$-5
27,2012-11-30,21.85,$8.73,2.5,$10.83,2.02,$-1.19,0.0,0,0.0,$1.49B,$1.04B,1.44,$0.78B,$1.38B,0.57,$1.71B,$1.10B,64.39%,$1.71B,$0.29B,16.87%,$1.71B,$0.29B,16.87%,$1.71B,$0.39B,22.94%,$1.71B,$0.27B,16.00%,$1.71B,$0.18B,10.22%,$0.18B,$1.38B,13.14%,$0.18B,$-0.10B,95.89%,$0.18B,$3.43B,6.07%,$0.29B,$2.15B,16.99%,$589,$210,$378,$0,$276,$472,$117,$-12,$104,$29,$75,$75,$70,$169,$117,$158,158,$0.45,$0.45,$998,$14,$238,$1490,$338,$0,$1476,$27,$1939,$3429,$1037,$778,$71,$1016,$2054,$0,$958,$18,$1375,$3429,$130,$52,$49,$101,$1,$-4,$0,$-29,$-106,$125,$-54,$0,$-410,$0,$0,$0,$1,$-463,$567,$-3,$564,$-16,$-16,$-3,$-8,$537,$217,$9,$-3
28,2012-08-31,20.72,$8.14,2.55,$10.47,1.98,$-3.85,0.0,0,0.0,$1.34B,$1.05B,1.28,$0.29B,$1.28B,0.22,$1.66B,$1.07B,64.65%,$1.66B,$0.27B,16.25%,$1.66B,$0.27B,16.25%,$1.66B,$0.38B,22.78%,$1.66B,$0.26B,15.95%,$1.66B,$0.17B,10.03%,$0.17B,$1.28B,12.66%,$0.17B,$0.26B,61.25%,$0.17B,$2.81B,6.19%,$0.27B,$1.57B,17.50%,$590,$204,$386,$0,$281,$510,$80,$-2,$79,$25,$54,$54,$47,$80,$80,$157,158,$0.30,$0.30,$841,$13,$236,$1337,$324,$0,$1026,$23,$1469,$2805,$1046,$285,$67,$477,$1522,$0,$889,$1,$1283,$2805,$54,$24,$20,$43,$3,$-3,$0,$-20,$-29,$69,$-29,$0,$-0,$0,$0,$0,$1,$-29,$20,$-6,$14,$-5,$-5,$-2,$-1,$6,$60,$4,$-2
29,2012-05-31,21.12,$0.00,0.0,$10.09,2.09,$-7.92,0.0,0,0.0,$1.25B,$0.84B,1.49,$0.24B,$1.30B,0.18,$1.61B,$1.04B,64.37%,$1.61B,$0.30B,18.53%,$1.61B,$0.30B,18.53%,$1.61B,$0.41B,25.25%,$1.61B,$0.29B,18.16%,$1.61B,$0.18B,11.38%,$0.18B,$1.30B,13.87%,$0.18B,$0.29B,70.59%,$0.18B,$2.69B,6.88%,$0.30B,$1.54B,19.29%,$0,$0,$0,$0,$0,$0,$0,$0,$0,$0,$0,$0,$0,$0,$0,$0,0,$0.00,$0.00,$781,$10,$218,$1249,$306,$0,$1015,$21,$1439,$2688,$837,$237,$62,$550,$1387,$0,$843,$-30,$1301,$2688,$0,$0,$0,$0,$0,$0,$0,$0,$0,$0,$0,$0,$0,$0,$0,$0,$0,$0,$0,$0,$0,$0,$0,$0,$0,$0,$0,$0,$0
30,2012-02-29,25.65,$8.70,2.95,$10.09,2.54,$-7.92,0.0,0,0.0,$1.13B,$0.75B,1.5,$0.18B,$1.37B,0.13,$1.61B,$1.04B,64.37%,$1.61B,$0.30B,18.53%,$1.61B,$0.30B,18.53%,$1.61B,$0.41B,25.25%,$1.61B,$0.29B,18.16%,$1.61B,$0.18B,11.38%,$0.18B,$1.37B,13.78%,$0.18B,$0.29B,75.62%,$0.18B,$2.62B,6.48%,$0.30B,$1.55B,19.08%,$534,$194,$339,$0,$247,$441,$92,$-1,$91,$25,$66,$66,$58,$144,$92,$157,158,$0.37,$0.37,$736,$12,$180,$1126,$288,$0,$1080,$24,$1490,$2617,$752,$178,$57,$497,$1250,$0,$842,$33,$1367,$2617,$206,$73,$37,$110,$11,$-5,$0,$-538,$-543,$-227,$-71,$0,$-44,$0,$0,$0,$2,$-113,$-91,$-55,$-146,$-95,$-95,$-5,$-22,$-268,$-619,$13,$-5
31,2011-11-30,21.97,$8.26,2.66,$9.55,2.3,$-1.97,0.0,0,0.0,$1.19B,$0.81B,1.47,$0.20B,$1.29B,0.16,$1.53B,$0.98B,64.31%,$1.53B,$0.28B,18.56%,$1.53B,$0.28B,18.56%,$1.53B,$0.40B,25.95%,$1.53B,$0.28B,18.10%,$1.53B,$0.17B,11.31%,$0.17B,$1.29B,13.35%,$0.17B,$0.25B,85.75%,$0.17B,$2.61B,5.90%,$0.28B,$1.50B,18.19%,$531,$186,$345,$0,$248,$434,$97,$-3,$94,$26,$68,$68,$61,$153,$97,$157,158,$0.39,$0.39,$771,$12,$207,$1190,$258,$0,$1041,$29,$1424,$2614,$807,$203,$-85,$513,$1321,$0,$791,$13,$1294,$2614,$140,$48,$27,$76,$4,$-4,$0,$-508,$-530,$-314,$-35,$0,$-7,$0,$0,$0,$1,$-41,$-60,$-45,$-105,$-100,$-100,$-3,$-3,$-212,$-583,$8,$-3
32,2011-08-31,22.76,$8.34,2.73,$8.94,2.54,$-0.46,0.0,0,0.0,$1.24B,$0.80B,1.54,$0.29B,$1.31B,0.22,$1.44B,$0.93B,64.31%,$1.44B,$0.27B,18.71%,$1.44B,$0.27B,18.71%,$1.44B,$0.36B,25.09%,$1.44B,$0.27B,18.43%,$1.44B,$0.17B,11.50%,$0.17B,$1.31B,13.58%,$0.17B,$0.21B,87.02%,$0.17B,$2.72B,5.94%,$0.27B,$1.60B,18.16%,$543,$192,$351,$0,$243,$434,$109,$-2,$107,$35,$72,$72,$64,$109,$109,$160,162,$0.40,$0.40,$724,$10,$289,$1238,$256,$0,$1102,$20,$1478,$2715,$802,$286,$-86,$599,$1401,$0,$737,$70,$1314,$2715,$72,$24,$19,$43,$-11,$-3,$0,$-690,$-721,$-606,$-12,$0,$0,$0,$0,$0,$1,$-12,$27,$40,$67,$-76,$-76,$-2,$-1,$-12,$-630,$4,$-2
33,2011-05-31,25.79,$0.00,0.0,$8.33,3.1,$2.56,10.08,0,0.0,$1.85B,$1.44B,1.28,$0.27B,$1.34B,0.2,$1.34B,$0.87B,64.63%,$1.34B,$0.24B,18.13%,$1.34B,$0.24B,18.13%,$1.34B,$0.34B,25.00%,$1.34B,$0.24B,17.76%,$1.34B,$0.15B,11.27%,$0.15B,$1.34B,13.40%,$0.15B,$0.22B,86.41%,$0.15B,$3.35B,5.83%,$0.24B,$1.61B,17.62%,$0,$0,$0,$0,$0,$0,$0,$0,$0,$0,$0,$0,$0,$0,$0,$0,0,$0.00,$0.00,$1354,$8,$280,$1848,$256,$0,$1121,$21,$1503,$3351,$1444,$268,$50,$568,$2013,$0,$686,$79,$1338,$3351,$0,$0,$0,$0,$0,$0,$0,$0,$0,$0,$0,$0,$0,$0,$0,$0,$0,$0,$0,$0,$0,$0,$0,$0,$0,$0,$0,$0,$0
34,2011-02-28,23.81,$7.74,3.08,$8.33,2.86,$2.56,9.3,0,0.0,$1.57B,$1.24B,1.27,$0.30B,$1.24B,0.24,$1.34B,$0.87B,64.63%,$1.34B,$0.24B,18.13%,$1.34B,$0.24B,18.13%,$1.34B,$0.34B,25.00%,$1.34B,$0.24B,17.76%,$1.34B,$0.15B,11.27%,$0.15B,$1.24B,14.95%,$0.15B,$0.13B,104.32%,$0.15B,$3.05B,6.67%,$0.24B,$1.54B,19.22%,$456,$168,$288,$0,$210,$378,$78,$-3,$76,$21,$55,$55,$48,$135,$78,$160,161,$0.30,$0.30,$1329,$10,$65,$1570,$244,$0,$1113,$24,$1483,$3052,$1238,$301,$-81,$575,$1813,$0,$675,$49,$1239,$3052,$166,$57,$28,$84,$-6,$-0,$0,$425,$483,$733,$-77,$0,$-168,$0,$0,$0,$-0,$-245,$-47,$110,$63,$-3,$-3,$-5,$-5,$50,$559,$12,$-5
35,2010-11-30,20.61,$6.09,3.39,$7.91,2.61,$0.20,103.31,0,0.0,$0.93B,$0.61B,1.53,$0.20B,$1.00B,0.2,$1.28B,$0.83B,64.69%,$1.28B,$0.24B,18.63%,$1.28B,$0.24B,18.63%,$1.28B,$0.31B,24.08%,$1.28B,$0.23B,18.16%,$1.28B,$0.15B,11.77%,$0.15B,$1.00B,16.12%,$0.15B,$0.21B,98.85%,$0.15B,$2.06B,7.56%,$0.24B,$1.20B,20.05%,$444,$154,$289,$0,$206,$360,$83,$-0,$83,$25,$58,$58,$54,$118,$83,$159,161,$0.34,$0.34,$664,$8,$81,$929,$220,$0,$790,$22,$1128,$2057,$606,$203,$-76,$452,$1058,$0,$637,$-4,$998,$2057,$112,$35,$18,$52,$-18,$2,$0,$-253,$-225,$-61,$-52,$0,$-3,$0,$0,$0,$-1,$-56,$-79,$102,$23,$-13,$-13,$-3,$-4,$2,$-106,$8,$-3
36,2010-08-31,18.65,$5.85,3.19,$7.64,2.44,$5.55,3.36,0,0.0,$0.81B,$0.51B,1.59,$0.24B,$0.93B,0.26,$1.25B,$0.81B,64.50%,$1.25B,$0.25B,19.63%,$1.25B,$0.25B,19.63%,$1.25B,$0.33B,26.44%,$1.25B,$0.24B,18.83%,$1.25B,$0.16B,12.82%,$0.16B,$0.93B,17.39%,$0.16B,$0.15B,125.74%,$0.16B,$1.91B,7.58%,$0.25B,$1.17B,20.25%,$440,$151,$289,$0,$207,$358,$82,$-3,$79,$25,$54,$54,$49,$82,$82,$159,161,$0.31,$0.31,$578,$7,$43,$805,$203,$0,$785,$22,$1103,$1909,$508,$238,$-70,$469,$977,$0,$592,$-20,$932,$1909,$54,$17,$12,$28,$-19,$3,$0,$-197,$-186,$-104,$-25,$0,$-2,$0,$0,$0,$0,$-27,$-48,$5,$-43,$-15,$-15,$-2,$-2,$-62,$-192,$3,$-2
37,2010-05-31,20.9,$0.00,0.0,$7.42,2.82,$10.57,1.98,0,0.0,$0.97B,$0.67B,1.44,$0.27B,$0.87B,0.31,$1.22B,$0.79B,64.45%,$1.22B,$0.25B,20.69%,$1.22B,$0.25B,20.69%,$1.22B,$0.34B,27.67%,$1.22B,$0.24B,19.87%,$1.22B,$0.17B,13.88%,$0.17B,$0.87B,18.88%,$0.17B,$0.10B,214.60%,$0.17B,$2.04B,7.54%,$0.25B,$1.14B,20.68%,$0,$0,$0,$0,$0,$0,$0,$0,$0,$0,$0,$0,$0,$0,$0,$0,0,$0.00,$0.00,$770,$10,$14,$968,$184,$0,$774,$22,$1071,$2039,$672,$273,$-71,$495,$1168,$0,$545,$-44,$872,$2039,$0,$0,$0,$0,$0,$0,$0,$0,$0,$0,$0,$0,$0,$0,$0,$0,$0,$0,$0,$0,$0,$0,$0,$0,$0,$0,$0,$0,$0
38,2010-02-28,21.2,$5.79,3.66,$7.42,2.86,$10.57,2.01,0,0.0,$0.90B,$0.54B,1.66,$0.31B,$0.95B,0.33,$1.22B,$0.79B,64.45%,$1.22B,$0.25B,20.69%,$1.22B,$0.25B,20.69%,$1.22B,$0.34B,27.67%,$1.22B,$0.24B,19.87%,$1.22B,$0.17B,13.88%,$0.17B,$0.95B,19.96%,$0.17B,$0.16B,5200.00%,$0.17B,$1.98B,7.86%,$0.25B,$1.25B,22.02%,$399,$146,$252,$0,$178,$325,$74,$-3,$71,$20,$51,$51,$48,$109,$74,$163,165,$0.30,$0.30,$590,$12,$11,$901,$179,$0,$788,$22,$1078,$1980,$543,$307,$-73,$492,$1034,$0,$513,$-20,$945,$1980,$180,$50,$26,$77,$2,$-7,$-1,$38,$61,$318,$-37,$0,$-17,$0,$0,$0,$-1,$-54,$254,$0,$254,$21,$21,$-5,$-322,$-51,$163,$12,$-5
39,2009-11-30,25.37,$5.72,4.44,$7.23,3.51,$10.37,2.45,0,0.0,$1.39B,$1.05B,1.32,$0.34B,$0.93B,0.37,$1.18B,$0.77B,65.22%,$1.18B,$0.24B,20.36%,$1.18B,$0.24B,20.36%,$1.18B,$0.34B,28.92%,$1.18B,$0.23B,19.68%,$1.18B,$0.01B,1.19%,$0.01B,$0.93B,1.67%,$0.01B,$0.11B,622.22%,$0.01B,$2.51B,0.69%,$0.24B,$1.27B,21.79%,$409,$145,$264,$0,$175,$320,$89,$-4,$85,$24,$61,$61,$63,$139,$89,$162,164,$0.39,$0.38,$1091,$13,$9,$1391,$175,$0,$825,$23,$1119,$2510,$1052,$342,$-71,$526,$1578,$0,$467,$19,$932,$2510,$129,$34,$18,$52,$-8,$-7,$-5,$612,$605,$785,$-21,$0,$-17,$0,$0,$0,$-1,$-38,$0,$253,$253,$18,$18,$-3,$-320,$-52,$701,$7,$-3
40,2009-08-31,21.0,$5.13,4.1,$7.00,3.0,$6.85,3.07,0,0.0,$1.25B,$1.03B,1.22,$0.37B,$0.83B,0.45,$1.14B,$0.74B,65.14%,$1.14B,$0.23B,20.16%,$1.14B,$0.23B,20.16%,$1.14B,$0.32B,27.73%,$1.14B,$0.23B,19.81%,$1.14B,$0.00B,0.00%,$0.00B,$0.83B,0.00%,$0.00B,$-0.05B,0.00%,$0.00B,$2.43B,0.00%,$0.23B,$1.21B,20.97%,$410,$141,$269,$0,$179,$321,$89,$-3,$86,$26,$60,$60,$58,$89,$89,$161,163,$0.36,$0.36,$1072,$13,$12,$1253,$182,$0,$877,$25,$1178,$2431,$1030,$374,$-74,$570,$1600,$0,$405,$0,$831,$2431,$62,$17,$11,$28,$-3,$-7,$-4,$605,$606,$697,$-11,$0,$-0,$0,$0,$0,$0,$-11,$300,$-26,$275,$4,$4,$-2,$-319,$-42,$645,$3,$-2
41,2009-05-31,17.78,$0.00,0.0,$6.97,2.55,$3.00,5.93,0,0.0,$0.60B,$0.34B,1.77,$0.17B,$0.68B,0.25,$1.13B,$0.73B,64.75%,$1.13B,$0.23B,20.58%,$1.13B,$0.23B,20.58%,$1.13B,$0.32B,28.18%,$1.13B,$0.23B,20.58%,$1.13B,$0.00B,0.00%,$0.00B,$0.68B,0.00%,$0.00B,$-0.21B,0.00%,$0.00B,$1.68B,0.00%,$0.23B,$0.85B,20.87%,$0,$0,$0,$0,$0,$0,$0,$0,$0,$0,$0,$0,$0,$0,$0,$0,0,$0.00,$0.00,$427,$6,$7,$595,$176,$0,$883,$22,$1082,$1677,$336,$168,$-380,$662,$999,$0,$273,$-11,$678,$1677,$0,$0,$0,$0,$0,$0,$0,$0,$0,$0,$0,$0,$0,$0,$0,$0,$0,$0,$0,$0,$0,$0,$0,$0,$0,$0,$0,$0,$0
42,2009-02-28,15.16,$5.69,2.66,$6.97,2.18,$3.00,5.05,0,0.0,$0.53B,$0.27B,2.0,$0.17B,$0.92B,0.18,$1.13B,$0.73B,64.75%,$1.13B,$0.23B,20.58%,$1.13B,$0.23B,20.58%,$1.13B,$0.32B,28.18%,$1.13B,$0.23B,20.58%,$1.13B,$0.00B,0.00%,$0.00B,$0.92B,0.00%,$0.00B,$0.15B,0.00%,$0.00B,$1.45B,0.00%,$0.23B,$1.08B,19.64%,$360,$124,$236,$0,$173,$297,$62,$-1,$61,$19,$43,$43,$-107,$113,$62,$161,162,$-0.67,$-0.67,$388,$6,$3,$530,$141,$0,$761,$12,$914,$1445,$265,$165,$12,$265,$530,$0,$617,$-104,$915,$1445,$27,$50,$175,$226,$-9,$-2,$-0,$22,$16,$269,$-25,$0,$-454,$0,$7,$7,$0,$-473,$190,$3,$193,$8,$8,$-5,$-20,$175,$-68,$11,$-5
43,2008-11-30,17.87,$6.64,2.69,$6.68,2.68,$2.44,7.32,0,0.0,$0.51B,$0.27B,1.86,$0.17B,$1.07B,0.16,$1.08B,$0.69B,63.71%,$1.08B,$0.23B,21.33%,$1.08B,$0.23B,21.33%,$1.08B,$0.30B,27.79%,$1.08B,$0.23B,21.61%,$1.08B,$0.15B,13.57%,$0.15B,$1.07B,13.43%,$0.15B,$0.12B,55.47%,$0.15B,$1.61B,9.66%,$0.23B,$1.24B,19.27%,$366,$131,$235,$0,$157,$288,$78,$0,$78,$21,$57,$57,$49,$113,$78,$160,162,$0.31,$0.30,$356,$5,$5,$507,$146,$0,$948,$13,$1106,$1613,$273,$170,$12,$274,$547,$0,$725,$-55,$1067,$1613,$126,$35,$20,$55,$-13,$-1,$3,$31,$20,$200,$-17,$0,$-454,$0,$7,$7,$0,$-465,$195,$5,$200,$6,$6,$-3,$-10,$194,$-100,$7,$-3
44,2008-08-31,23.8,$7.03,3.39,$6.34,3.75,$2.10,11.35,0,0.0,$0.49B,$0.27B,1.79,$0.18B,$1.13B,0.16,$1.03B,$0.65B,63.06%,$1.03B,$0.21B,20.57%,$1.03B,$0.21B,20.57%,$1.03B,$0.28B,27.00%,$1.03B,$0.22B,21.25%,$1.03B,$0.14B,13.26%,$0.14B,$1.13B,12.60%,$0.14B,$0.08B,41.91%,$0.14B,$1.70B,9.42%,$0.21B,$1.30B,18.50%,$406,$144,$262,$0,$168,$313,$93,$1,$94,$28,$66,$66,$58,$93,$93,$160,163,$0.36,$0.36,$288,$7,$20,$485,$154,$0,$1048,$13,$1215,$1700,$270,$175,$15,$303,$573,$0,$678,$61,$1127,$1700,$66,$17,$10,$26,$-41,$-3,$5,$-7,$-24,$68,$-8,$0,$-442,$0,$6,$6,$0,$-444,$200,$9,$209,$3,$3,$-2,$7,$218,$-168,$3,$-2
45,2008-05-31,23.3,$0.00,0.0,$5.74,4.06,$1.90,12.25,0,0.0,$0.62B,$0.22B,2.84,$0.00B,$1.13B,0.0,$0.93B,$0.58B,62.30%,$0.93B,$0.18B,19.76%,$0.93B,$0.18B,19.76%,$0.93B,$0.25B,26.85%,$0.93B,$0.19B,20.73%,$0.93B,$0.12B,13.10%,$0.12B,$1.13B,11.81%,$0.12B,$0.45B,31.79%,$0.12B,$1.45B,9.28%,$0.18B,$1.13B,17.50%,$0,$0,$0,$0,$0,$0,$0,$0,$0,$0,$0,$0,$0,$0,$0,$0,0,$0.00,$0.00,$456,$4,$24,$617,$141,$0,$673,$14,$828,$1446,$218,$0,$12,$101,$319,$0,$622,$124,$1127,$1446,$0,$0,$0,$0,$0,$0,$0,$0,$0,$0,$0,$0,$0,$0,$0,$0,$0,$0,$0,$0,$0,$0,$0,$0,$0,$0,$0,$0,$0
46,2008-02-29,19.57,$6.65,2.94,$5.74,3.41,$1.90,10.29,0,0.0,$0.53B,$0.17B,3.13,$0.07B,$1.06B,0.07,$0.93B,$0.58B,62.30%,$0.93B,$0.18B,19.76%,$0.93B,$0.18B,19.76%,$0.93B,$0.25B,26.85%,$0.93B,$0.19B,20.73%,$0.93B,$0.12B,13.10%,$0.12B,$1.06B,12.31%,$0.12B,$0.41B,34.56%,$0.12B,$1.33B,9.73%,$0.18B,$1.13B,17.92%,$311,$118,$193,$0,$133,$251,$60,$3,$62,$19,$43,$40,$40,$95,$60,$158,161,$0.26,$0.25,$388,$5,$16,$529,$135,$0,$649,$13,$797,$1326,$169,$72,$10,$99,$268,$0,$583,$101,$1058,$1326,$122,$32,$30,$62,$-7,$-2,$1,$0,$-0,$184,$-32,$0,$-12,$0,$0,$0,$0,$-44,$0,$1,$1,$-72,$-72,$-5,$0,$-75,$80,$10,$-5
47,2007-11-30,21.31,$6.32,3.37,$5.40,3.94,$1.82,11.72,0,0.0,$0.51B,$0.19B,2.7,$0.00B,$1.00B,0.0,$0.88B,$0.54B,61.82%,$0.88B,$0.18B,19.89%,$0.88B,$0.18B,19.89%,$0.88B,$0.24B,26.93%,$0.88B,$0.19B,21.02%,$0.88B,$0.12B,13.18%,$0.12B,$1.00B,12.18%,$0.12B,$0.36B,36.00%,$0.12B,$1.30B,9.57%,$0.18B,$1.00B,18.04%,$309,$117,$192,$0,$134,$250,$58,$3,$62,$21,$41,$38,$38,$89,$58,$158,161,$0.24,$0.24,$363,$6,$19,$510,$134,$0,$648,$11,$793,$1303,$189,$0,$18,$110,$299,$0,$544,$91,$1004,$1303,$82,$21,$25,$46,$-8,$-3,$0,$31,$21,$149,$-23,$0,$-12,$0,$0,$0,$0,$-34,$0,$1,$1,$-74,$-74,$-3,$2,$-74,$55,$7,$-3
48,2007-08-31,19.46,$5.94,3.27,$5.08,3.83,$1.64,11.88,0,0.0,$0.42B,$0.14B,2.99,$0.00B,$0.94B,0.0,$0.83B,$0.51B,60.94%,$0.83B,$0.17B,20.31%,$0.83B,$0.17B,20.31%,$0.83B,$0.23B,27.76%,$0.83B,$0.18B,21.27%,$0.83B,$0.11B,13.46%,$0.11B,$0.94B,12.20%,$0.11B,$0.32B,38.10%,$0.11B,$1.19B,9.60%,$0.17B,$0.94B,18.07%,$311,$116,$195,$0,$127,$245,$66,$3,$69,$24,$46,$44,$44,$66,$66,$161,164,$0.27,$0.27,$271,$4,$27,$424,$123,$0,$628,$11,$761,$1185,$142,$0,$16,$100,$242,$0,$507,$67,$944,$1185,$44,$10,$10,$20,$-12,$-1,$1,$-18,$-26,$38,$-10,$0,$-3,$0,$0,$0,$0,$-12,$0,$0,$0,$-66,$-66,$-2,$0,$-67,$-38,$3,$-2
49,2007-05-31,19.72,$0.00,0.0,$4.78,4.13,$1.56,12.66,0,0.0,$0.44B,$0.14B,3.11,$0.07B,$0.96B,0.07,$0.78B,$0.47B,60.69%,$0.78B,$0.17B,21.38%,$0.78B,$0.17B,21.38%,$0.78B,$0.23B,29.32%,$0.78B,$0.17B,22.15%,$0.78B,$0.11B,14.08%,$0.11B,$0.96B,12.40%,$0.11B,$0.33B,41.35%,$0.11B,$1.20B,9.71%,$0.17B,$1.03B,18.46%,$0,$0,$0,$0,$0,$0,$0,$0,$0,$0,$0,$0,$0,$0,$0,$0,0,$0.00,$0.00,$309,$3,$33,$444,$118,$0,$627,$11,$756,$1201,$143,$71,$14,$100,$243,$0,$466,$61,$958,$1201,$0,$0,$0,$0,$0,$0,$0,$0,$0,$0,$0,$0,$0,$0,$0,$0,$0,$0,$0,$0,$0,$0,$0,$0,$0,$0,$0,$0,$0
50,2007-02-28,18.94,$5.59,3.39,$4.78,3.96,$1.56,12.15,0,0.0,$0.42B,$0.17B,2.52,$0.00B,$0.90B,0.0,$0.78B,$0.47B,60.69%,$0.78B,$0.17B,21.38%,$0.78B,$0.17B,21.38%,$0.78B,$0.23B,29.32%,$0.78B,$0.17B,22.15%,$0.78B,$0.11B,14.08%,$0.11B,$0.90B,13.10%,$0.11B,$0.29B,46.36%,$0.11B,$1.16B,10.11%,$0.17B,$0.90B,19.88%,$260,$104,$157,$0,$106,$209,$51,$2,$54,$17,$36,$34,$34,$82,$51,$161,164,$0.22,$0.21,$292,$5,$24,$415,$113,$0,$617,$13,$744,$1159,$165,$0,$16,$91,$256,$0,$435,$46,$903,$1159,$110,$30,$26,$57,$-3,$-1,$-0,$-2,$-2,$164,$-23,$0,$-80,$0,$0,$0,$0,$-103,$-1,$0,$-1,$15,$15,$-5,$0,$10,$74,$12,$-5
51,2006-11-30,22.54,$5.38,4.19,$4.55,4.95,$1.97,11.44,0,0.0,$0.38B,$0.16B,2.36,$0.00B,$0.87B,0.0,$0.75B,$0.45B,60.72%,$0.75B,$0.16B,21.98%,$0.75B,$0.16B,21.98%,$0.75B,$0.23B,30.29%,$0.75B,$0.17B,22.52%,$0.75B,$0.11B,14.21%,$0.11B,$0.87B,13.36%,$0.11B,$0.24B,51.08%,$0.11B,$1.12B,10.16%,$0.16B,$0.87B,20.67%,$261,$106,$155,$0,$103,$208,$52,$2,$54,$18,$37,$34,$34,$83,$52,$160,163,$0.21,$0.21,$249,$5,$29,$377,$113,$0,$623,$8,$744,$1121,$160,$0,$16,$95,$255,$0,$402,$51,$866,$1121,$76,$20,$21,$41,$-7,$-2,$-0,$-0,$-2,$114,$-15,$0,$-80,$0,$0,$0,$0,$-95,$-1,$0,$-1,$12,$12,$-3,$0,$9,$31,$9,$-3
