,Date,Stock Price,Book Value per Share,Price to Book Ratio,TTM Sales per Share,Price to Sales Ratio,TTM FCF per Share,Price to FCF Ratio,TTM Net EPS,PE Ratio,Current Assets,Current Liabilities,Current Ratio,Long Term Debt,Shareholder's Equity_x,Debt to Equity Ratio,TTM Revenue_x,TTM Gross Profit,Gross Margin,TTM Revenue_y,TTM Operating Income,Operating Margin,TTM Revenue_x,TTM EBIT,EBIT Margin,TTM Revenue_y,TTM EBITDA,EBITDA Margin,TTM Revenue_x,TTM Pre-Tax Income,Pre-Tax Margin,TTM Revenue_y,TTM Net Income_x,Net Margin,TTM Net Income_y,Shareholder's Equity_y,Return on Equity,TTM Net Income_x,Tangible Equity,Return on Tangible Equity,TTM Net Income_y,Total Assets,Return on Assets,TTM Net Income,LT Investments & Debt,Return on Investment,revenue,cost-goods-sold,gross-profit,research-development-expenses,selling-general-administrative-expenses,operating-expenses,operating-income,total-non-operating-income-expense,pre-tax-income,total-provision-income-taxes,income-after-taxes,income-from-continuous-operations,net-income,ebitda,ebit,basic-shares-outstanding,shares-outstanding,eps-basic-net-earnings-per-share,eps-earnings-per-share-diluted,cash-on-hand,inventory,other-current-assets,total-current-assets,net-property-plant-equipment,long-term-investments,goodwill-intangible-assets-total,other-long-term-assets,total-long-term-assets,total-assets,total-current-liabilities,long-term-debt,other-non-current-liabilities,total-long-term-liabilities,total-liabilities,common-stock-net,retained-earnings-accumulated-deficit,comprehensive-income,total-share-holder-equity,total-liabilities-share-holders-equity,net-income-loss,total-depreciation-amortization-cash-flow,other-non-cash-items,total-non-cash-items,change-in-accounts-receivable,change-in-inventories,change-in-accounts-payable,change-in-assets-liabilities,total-change-in-assets-liabilities,cash-flow-from-operating-activities,net-change-in-property-plant-equipment,net-change-in-intangible-assets,net-acquisitions-divestitures,net-change-in-short-term-investments,net-change-in-long-term-investments,net-change-in-investments-total,investing-activities-other,cash-flow-from-investing-activities,net-long-term-debt,net-current-debt,debt-issuance-retirement-net-total,net-common-equity-issued-repurchased,net-total-equity-issued-repurchased,total-common-preferred-stock-dividends-paid,financial-activities-other,cash-flow-from-financial-activities,net-cash-flow,stock-based-compensation,common-stock-dividends-paid
0,2018-09-30,10.41,$19.00,0.55,$7.54,1.38,$-11.97,0.0,$2.54,4.1,$0.35B,$0.65B,0.54,$2.12B,$3.29B,0.64,$1.34B,$1.22B,91.40%,$1.34B,$0.41B,30.74%,$1.34B,$0.41B,30.74%,$1.34B,$0.88B,66.04%,$1.34B,$0.45B,33.81%,$1.34B,$0.45B,33.88%,$0.45B,$3.29B,14.29%,$0.45B,$3.29B,14.29%,$0.45B,$6.14B,7.54%,$0.41B,$5.41B,7.75%,$361,$32,$329,$0,$16,$247,$114,$-18,$95,$0,$95,$95,$95,$236,$114,$173,173,$0.55,$0.55,$144,$0,$0,$351,$5523,$236,$0,$17,$5784,$6135,$646,$2116,$78,$2197,$2843,$2,$-979,$-46,$3292,$6135,$297,$360,$-46,$315,$-13,$0,$0,$-4,$-2,$609,$-757,$0,$0,$0,$225,$225,$0,$-533,$225,$-165,$60,$-110,$-110,$0,$-1,$-51,$25,$6,$0
1,2018-06-30,12.57,$18.44,0.68,$6.91,1.82,$-20.12,0.0,$2.09,6.01,$0.35B,$0.65B,0.53,$2.13B,$3.20B,0.67,$1.24B,$1.13B,91.30%,$1.24B,$0.35B,27.96%,$1.24B,$0.35B,27.96%,$1.24B,$0.81B,64.95%,$1.24B,$0.38B,30.46%,$1.24B,$0.38B,30.30%,$0.38B,$3.20B,12.20%,$0.38B,$3.20B,12.20%,$0.38B,$6.05B,6.41%,$0.35B,$5.33B,6.70%,$253,$31,$222,$0,$14,$239,$14,$98,$111,$0,$111,$111,$111,$138,$14,$174,174,$0.64,$0.64,$140,$0,$0,$345,$5454,$227,$0,$20,$5710,$6054,$646,$2132,$78,$2213,$2859,$2,$-1075,$-49,$3195,$6054,$201,$238,$-39,$199,$-10,$0,$0,$-8,$10,$411,$-582,$0,$0,$0,$222,$222,$0,$-360,$225,$-150,$75,$-105,$-105,$0,$-1,$-31,$20,$4,$0
2,2018-03-31,9.65,$17.80,0.54,$7.23,1.33,$-27.45,0.0,$2.03,4.75,$0.38B,$0.62B,0.61,$2.24B,$3.09B,0.73,$1.31B,$1.21B,92.15%,$1.31B,$0.48B,36.28%,$1.31B,$0.48B,36.28%,$1.31B,$0.90B,68.22%,$1.31B,$0.37B,28.43%,$1.31B,$0.37B,28.28%,$0.37B,$3.09B,12.32%,$0.37B,$3.09B,12.32%,$0.37B,$6.03B,6.54%,$0.48B,$5.33B,9.46%,$325,$26,$300,$0,$13,$215,$110,$-20,$90,$-0,$90,$90,$90,$224,$110,$181,181,$0.50,$0.50,$170,$0,$0,$377,$5296,$327,$0,$20,$5652,$6028,$616,$2242,$79,$2324,$2940,$2,$-1186,$-46,$3089,$6028,$90,$114,$13,$127,$-15,$0,$0,$-3,$9,$226,$-306,$0,$0,$0,$-1,$-1,$0,$-307,$200,$-0,$200,$0,$-100,$0,$-0,$100,$19,$2,$0
3,2017-12-31,12.76,$16.94,0.75,$7.38,1.73,$-35.11,0.0,$2.44,5.23,$0.37B,$0.59B,0.62,$2.04B,$3.10B,0.66,$1.32B,$1.22B,92.35%,$1.32B,$0.55B,41.52%,$1.32B,$0.55B,41.52%,$1.32B,$0.92B,69.70%,$1.32B,$0.44B,33.11%,$1.32B,$0.44B,32.95%,$0.44B,$3.10B,14.79%,$0.44B,$3.10B,14.79%,$0.44B,$5.81B,8.04%,$0.55B,$5.14B,11.40%,$398,$27,$371,$0,$15,$225,$173,$-17,$156,$-1,$157,$157,$157,$285,$173,$180,180,$0.83,$0.82,$178,$0,$0,$366,$5102,$311,$0,$20,$5442,$5808,$587,$2041,$78,$2119,$2706,$2,$-1276,$-41,$3102,$5808,$435,$371,$-175,$196,$-45,$0,$0,$-13,$48,$680,$-2426,$0,$0,$0,$-48,$-48,$185,$-2289,$368,$-365,$3,$445,$445,$0,$-14,$433,$-1176,$6,$0
4,2017-09-30,14.34,$16.07,0.89,$5.69,2.52,$-28.46,0.0,$-0.27,0.0,$0.35B,$0.61B,0.57,$1.98B,$2.94B,0.67,$0.99B,$0.89B,90.15%,$0.99B,$0.18B,18.68%,$0.99B,$0.18B,18.68%,$0.99B,$0.51B,51.57%,$0.99B,$0.04B,4.16%,$0.99B,$0.04B,3.86%,$0.04B,$2.94B,1.40%,$0.04B,$2.94B,1.40%,$0.04B,$5.58B,0.76%,$0.18B,$4.92B,4.11%,$265,$25,$240,$0,$13,$215,$50,$-29,$21,$3,$18,$18,$18,$159,$50,$183,183,$0.10,$0.10,$161,$0,$0,$347,$4908,$286,$0,$19,$5231,$5578,$613,$1978,$44,$2022,$2635,$2,$-1432,$-40,$2943,$5578,$279,$260,$-103,$156,$-44,$0,$0,$-11,$57,$492,$-2141,$0,$0,$0,$-41,$-41,$0,$-2181,$368,$-0,$368,$-5,$-5,$0,$-8,$354,$-1336,$5,$0
5,2017-06-30,14.75,$15.94,0.93,$5.79,2.55,$-20.85,0.0,$-1.62,0.0,$0.33B,$0.53B,0.63,$1.81B,$2.92B,0.62,$0.91B,$0.82B,89.82%,$0.91B,$-0.02B,-2.63%,$0.91B,$-0.02B,-2.63%,$0.91B,$0.25B,27.79%,$0.91B,$-0.14B,-15.43%,$0.91B,$-0.14B,-14.99%,$-0.14B,$2.92B,-5.69%,$-0.14B,$2.92B,-5.69%,$-0.14B,$5.29B,-3.12%,$-0.02B,$4.73B,-0.61%,$324,$26,$298,$0,$12,$181,$143,$-37,$106,$0,$106,$106,$106,$227,$143,$183,183,$0.58,$0.58,$164,$0,$0,$333,$4643,$276,$0,$19,$4962,$5294,$525,$1811,$44,$1855,$2379,$2,$-1451,$-47,$2915,$5294,$260,$151,$-145,$6,$-28,$0,$0,$-6,$20,$287,$-1807,$0,$0,$0,$-23,$-23,$0,$-1830,$213,$-0,$213,$-5,$-5,$0,$-8,$200,$-1343,$3,$0
6,2017-03-31,17.19,$15.32,1.12,$3.79,4.54,$-13.54,0.0,$-4.91,0.0,$0.30B,$0.47B,0.62,$1.64B,$2.80B,0.58,$0.56B,$0.48B,84.88%,$0.56B,$-0.49B,-87.19%,$0.56B,$-0.49B,-87.19%,$0.56B,$-0.24B,-42.70%,$0.56B,$-0.59B,-104.45%,$0.56B,$-0.58B,-103.74%,$-0.58B,$2.80B,-27.14%,$-0.58B,$2.80B,-27.14%,$-0.58B,$4.95B,-15.05%,$-0.49B,$4.44B,-14.19%,$333,$23,$310,$0,$13,$151,$182,$-27,$154,$0,$154,$154,$154,$249,$182,$170,170,$0.91,$0.91,$121,$0,$0,$296,$4366,$275,$0,$13,$4658,$4954,$474,$1637,$41,$1678,$2152,$2,$-1557,$-52,$2802,$4954,$154,$67,$-100,$-33,$-21,$0,$0,$-12,$21,$143,$-1523,$0,$0,$0,$-10,$-10,$0,$-1533,$43,$0,$43,$-5,$-5,$0,$-6,$32,$-1358,$2,$0
7,2016-12-31,21.64,$13.75,1.57,$3.24,6.67,$-6.09,0.0,$-7.99,0.0,$1.60B,$0.39B,4.17,$1.62B,$2.18B,0.74,$0.39B,$0.30B,78.76%,$0.39B,$-0.87B,-224.87%,$0.39B,$-0.87B,-224.87%,$0.39B,$-0.62B,-160.36%,$0.39B,$-0.98B,-254.66%,$0.39B,$-0.98B,-253.63%,$-0.98B,$2.18B,-48.87%,$-0.98B,$2.18B,-48.87%,$-0.98B,$4.22B,-27.89%,$-0.87B,$3.80B,-27.65%,$63,$24,$40,$0,$10,$254,$-191,$-49,$-240,$1,$-240,$-240,$-240,$-127,$-191,$123,123,$-1.84,$-1.84,$1464,$0,$0,$1604,$2351,$250,$0,$9,$2619,$4223,$385,$1620,$34,$1654,$2039,$2,$-1711,$-53,$2184,$4223,$-980,$249,$1098,$1347,$-65,$0,$0,$-8,$-29,$338,$-712,$0,$0,$0,$-8,$-8,$-185,$-906,$-518,$-88,$-605,$2361,$2361,$0,$-25,$1731,$1163,$7,$0
8,2016-09-30,28.25,$13.75,2.05,$4.63,6.1,$-15.50,0.0,$-13.80,0.0,$0.54B,$0.34B,1.59,$0.98B,$1.73B,0.57,$0.51B,$0.43B,84.21%,$0.51B,$-1.49B,-290.45%,$0.51B,$-1.49B,-290.45%,$0.51B,$-1.22B,-237.43%,$0.51B,$-1.61B,-314.04%,$0.51B,$-1.57B,-306.04%,$-1.57B,$1.73B,-79.82%,$-1.57B,$1.73B,-79.82%,$-1.57B,$3.08B,-47.75%,$-1.49B,$2.70B,-50.75%,$194,$21,$173,$0,$10,$352,$-158,$-3,$-161,$-3,$-157,$-157,$-157,$-95,$-158,$125,125,$-1.25,$-1.25,$404,$0,$0,$542,$2257,$267,$0,$6,$2534,$3076,$342,$976,$33,$1009,$1351,$1,$-1471,$-51,$1725,$3076,$-739,$185,$835,$1020,$-56,$0,$0,$-8,$-36,$245,$-420,$0,$0,$0,$-4,$-4,$4,$-420,$16,$-2,$15,$412,$412,$0,$-0,$426,$251,$6,$0
9,2016-06-30,31.26,$15.02,2.08,$5.22,5.99,$-24.53,0.0,$-16.14,0.0,$0.54B,$0.34B,1.59,$0.99B,$1.88B,0.52,$0.55B,$0.47B,85.09%,$0.55B,$-1.86B,-338.36%,$0.55B,$-1.86B,-338.36%,$0.55B,$-1.56B,-283.82%,$0.55B,$-2.06B,-373.64%,$0.55B,$-1.80B,-327.45%,$-1.80B,$1.88B,-79.92%,$-1.80B,$1.88B,-79.92%,$-1.80B,$3.24B,-50.41%,$-1.86B,$2.87B,-57.80%,$-28,$18,$-46,$0,$12,$295,$-323,$-17,$-340,$-0,$-340,$-340,$-340,$-267,$-323,$125,125,$-2.71,$-2.71,$441,$0,$0,$541,$2395,$268,$0,$11,$2699,$3239,$340,$986,$30,$1016,$1356,$1,$-1313,$-47,$1883,$3239,$-582,$122,$631,$754,$-20,$0,$0,$-4,$-29,$143,$-269,$0,$0,$0,$-12,$-12,$0,$-281,$12,$-2,$10,$412,$412,$0,$-0,$422,$283,$4,$0
10,2016-03-31,28.34,$17.72,1.6,$6.60,4.29,$-31.41,0.0,$-13.75,0.0,$0.69B,$0.29B,2.34,$0.96B,$2.22B,0.43,$0.69B,$0.61B,87.83%,$0.69B,$-1.56B,-226.09%,$0.69B,$-1.56B,-226.09%,$0.69B,$-1.24B,-180.29%,$0.69B,$-1.76B,-255.65%,$0.69B,$-1.49B,-216.23%,$-1.49B,$2.22B,-57.40%,$-1.49B,$2.22B,-57.40%,$-1.49B,$3.50B,-37.64%,$-1.56B,$3.18B,-43.81%,$157,$20,$137,$0,$11,$353,$-196,$-47,$-242,$-0,$-242,$-242,$-242,$-130,$-196,$112,112,$-2.17,$-2.17,$607,$0,$0,$688,$2434,$287,$0,$17,$2815,$3503,$294,$960,$28,$988,$1282,$1,$-974,$-46,$2221,$3503,$-242,$66,$259,$325,$-7,$0,$0,$1,$1,$84,$-156,$0,$0,$0,$-2,$-2,$0,$-158,$5,$-2,$3,$412,$412,$0,$-0,$415,$341,$2,$0
11,2015-12-31,24.57,$18.82,1.31,$7.24,3.39,$-32.24,0.0,$-11.28,0.0,$0.33B,$0.32B,1.05,$0.95B,$2.04B,0.47,$0.71B,$0.62B,88.01%,$0.71B,$-1.34B,-188.29%,$0.71B,$-1.34B,-188.29%,$0.71B,$-1.00B,-140.34%,$0.71B,$-1.48B,-209.03%,$0.71B,$-1.22B,-172.64%,$-1.22B,$2.04B,-46.69%,$-1.22B,$2.04B,-46.69%,$-1.22B,$3.34B,-30.39%,$-1.34B,$2.99B,-37.73%,$190,$22,$168,$0,$11,$1003,$-813,$-55,$-868,$-37,$-831,$-831,$-831,$-726,$-813,$100,100,$-8.66,$-8.66,$256,$0,$0,$332,$2628,$293,$0,$6,$3003,$3335,$317,$953,$26,$979,$1296,$1,$-731,$-55,$2039,$3335,$-1225,$340,$1224,$1564,$32,$0,$0,$-1,$-16,$322,$-1565,$0,$0,$0,$-10,$-10,$0,$-1574,$250,$-350,$-100,$1332,$1332,$0,$-9,$1223,$-29,$9,$0
12,2015-09-30,29.68,$26.53,1.12,$8.45,3.51,$-30.53,0.0,$-2.33,0.0,$0.43B,$0.36B,1.2,$0.97B,$2.87B,0.34,$0.79B,$0.70B,89.31%,$0.79B,$-0.39B,-50.00%,$0.79B,$-0.39B,-50.00%,$0.79B,$-0.06B,-7.63%,$0.79B,$-0.44B,-55.47%,$0.79B,$-0.28B,-36.01%,$-0.28B,$2.87B,-10.54%,$-0.28B,$2.87B,-10.54%,$-0.28B,$4.22B,-6.90%,$-0.39B,$3.84B,-11.10%,$231,$21,$209,$0,$11,$760,$-529,$-76,$-605,$-217,$-388,$-388,$-388,$-438,$-529,$108,108,$-3.59,$-3.59,$344,$0,$0,$427,$3390,$346,$0,$25,$3789,$4215,$355,$966,$23,$989,$1344,$1,$99,$-50,$2871,$4215,$-394,$253,$387,$640,$37,$0,$0,$-14,$-11,$235,$-1363,$0,$0,$0,$-9,$-9,$0,$-1372,$250,$-350,$-100,$1332,$1332,$0,$-8,$1223,$86,$6,$0
13,2015-06-30,40.25,$30.20,1.33,$8.31,4.84,$-28.89,0.0,$1.34,30.04,$0.78B,$0.35B,2.24,$0.97B,$3.27B,0.3,$0.73B,$0.65B,89.12%,$0.73B,$0.19B,26.03%,$0.73B,$0.19B,26.03%,$0.73B,$0.50B,69.42%,$0.73B,$0.18B,24.93%,$0.73B,$0.11B,15.43%,$0.11B,$3.27B,4.45%,$0.11B,$3.27B,4.45%,$0.11B,$4.80B,2.89%,$0.19B,$4.23B,5.76%,$112,$20,$92,$0,$10,$134,$-22,$-27,$-49,$-17,$-31,$-31,$-31,$50,$-22,$97,97,$-0.32,$-0.32,$678,$0,$0,$780,$3610,$388,$0,$25,$4024,$4804,$348,$966,$21,$1189,$1537,$1,$488,$-38,$3267,$4804,$-6,$162,$7,$169,$17,$0,$0,$-13,$-24,$139,$-901,$0,$0,$0,$-4,$-4,$-75,$-980,$250,$-350,$-100,$1332,$1332,$0,$-8,$1224,$383,$4,$0
14,2015-03-31,45.91,$26.95,1.7,$8.49,5.41,$-26.52,0.0,$2.22,20.68,$0.26B,$0.43B,0.61,$0.78B,$2.31B,0.34,$0.73B,$0.65B,89.16%,$0.73B,$0.23B,31.41%,$0.73B,$0.23B,31.41%,$0.73B,$0.53B,72.57%,$0.73B,$0.31B,42.39%,$0.73B,$0.19B,26.20%,$0.19B,$2.31B,8.50%,$0.19B,$2.31B,8.50%,$0.19B,$3.76B,5.56%,$0.23B,$3.09B,8.01%,$176,$21,$155,$0,$11,$148,$29,$11,$40,$14,$26,$26,$26,$119,$29,$86,86,$0.30,$0.30,$168,$0,$0,$263,$3057,$417,$0,$19,$3492,$3756,$432,$779,$19,$1013,$1445,$1,$519,$-42,$2310,$3756,$26,$90,$-28,$63,$24,$0,$0,$-13,$11,$99,$-226,$0,$0,$0,$-5,$-5,$0,$-231,$115,$-50,$65,$0,$0,$0,$-0,$65,$-68,$2,$0
15,2014-12-31,41.74,$26.81,1.56,$7.82,5.34,$-28.14,0.0,$2.88,14.49,$0.33B,$0.40B,0.82,$0.70B,$2.30B,0.31,$0.67B,$0.59B,88.52%,$0.67B,$0.23B,33.53%,$0.67B,$0.23B,33.53%,$0.67B,$0.49B,73.47%,$0.67B,$0.40B,59.76%,$0.67B,$0.25B,36.96%,$0.25B,$2.30B,11.27%,$0.25B,$2.30B,11.27%,$0.25B,$3.62B,7.71%,$0.23B,$3.00B,8.35%,$267,$21,$246,$0,$9,$138,$129,$49,$178,$68,$110,$110,$110,$209,$129,$85,86,$1.29,$1.28,$221,$0,$0,$328,$2891,$394,$0,$6,$3291,$3619,$399,$703,$18,$924,$1323,$1,$494,$-27,$2296,$3619,$247,$267,$-128,$139,$-42,$0,$0,$-8,$23,$410,$-1332,$0,$0,$1,$194,$195,$0,$-1137,$215,$-116,$99,$319,$319,$0,$-8,$410,$-317,$9,$0
16,2014-09-30,53.4,$25.60,2.09,$5.58,9.58,$-25.35,0.0,$1.90,28.11,$0.31B,$0.36B,0.86,$0.62B,$2.19B,0.28,$0.47B,$0.40B,84.96%,$0.47B,$0.10B,20.97%,$0.47B,$0.10B,20.97%,$0.47B,$0.33B,68.86%,$0.47B,$0.27B,56.78%,$0.47B,$0.16B,34.32%,$0.16B,$2.19B,7.57%,$0.16B,$2.19B,7.57%,$0.16B,$3.34B,5.43%,$0.10B,$2.81B,3.91%,$171,$17,$154,$0,$9,$117,$53,$-42,$12,$5,$7,$7,$7,$126,$53,$86,86,$0.08,$0.08,$159,$0,$0,$311,$2633,$374,$0,$23,$3031,$3341,$362,$620,$16,$790,$1152,$1,$383,$-20,$2189,$3341,$137,$187,$-56,$131,$-78,$0,$0,$-6,$18,$286,$-1040,$0,$0,$0,$136,$136,$0,$-904,$115,$-115,$-0,$319,$319,$0,$-6,$312,$-306,$7,$0
17,2014-06-30,62.8,$25.60,2.45,$4.48,14.03,$-22.58,0.0,$2.34,26.84,$0.20B,$0.31B,0.62,$0.35B,$2.19B,0.16,$0.37B,$0.30B,81.62%,$0.37B,$0.06B,16.49%,$0.37B,$0.06B,16.49%,$0.37B,$0.25B,66.22%,$0.37B,$0.32B,86.49%,$0.37B,$0.20B,52.97%,$0.20B,$2.19B,9.82%,$0.20B,$2.19B,9.82%,$0.20B,$3.03B,7.26%,$0.06B,$2.53B,2.64%,$115,$19,$95,$0,$10,$97,$18,$61,$79,$31,$48,$48,$48,$75,$18,$85,86,$0.56,$0.56,$75,$0,$0,$195,$2317,$502,$0,$18,$2837,$3032,$313,$345,$15,$530,$843,$1,$377,$-10,$2188,$3032,$130,$114,$-47,$67,$-46,$0,$0,$-4,$4,$202,$-675,$0,$0,$0,$50,$50,$0,$-625,$40,$-0,$40,$1,$1,$0,$-1,$40,$-384,$5,$0
18,2014-03-31,71.18,$24.94,2.85,$4.04,17.6,$-21.62,0.0,$2.34,30.42,$0.27B,$0.27B,1.0,$0.30B,$2.13B,0.14,$0.33B,$0.27B,81.54%,$0.33B,$0.07B,20.00%,$0.33B,$0.07B,20.00%,$0.33B,$0.22B,68.00%,$0.33B,$0.31B,95.38%,$0.33B,$0.19B,59.08%,$0.19B,$2.13B,10.42%,$0.19B,$2.13B,10.42%,$0.19B,$2.87B,7.78%,$0.07B,$2.43B,3.03%,$118,$19,$99,$0,$10,$93,$25,$107,$132,$49,$83,$83,$83,$83,$25,$85,86,$0.97,$0.96,$170,$0,$0,$270,$2078,$502,$0,$18,$2597,$2867,$270,$303,$15,$466,$736,$1,$329,$-17,$2130,$2867,$83,$57,$1,$59,$-26,$0,$0,$-2,$15,$156,$-421,$0,$0,$0,$-24,$-24,$0,$-445,$0,$-0,$-0,$1,$1,$0,$-0,$0,$-289,$3,$0
19,2013-12-31,63.13,$24.07,2.62,$3.42,18.48,$-22.42,0.0,$1.99,31.72,$0.53B,$0.20B,2.6,$0.31B,$0.24B,1.31,$0.26B,$0.21B,79.77%,$0.26B,$0.06B,20.99%,$0.26B,$0.06B,20.99%,$0.26B,$0.18B,67.18%,$0.26B,$0.25B,95.80%,$0.26B,$0.15B,58.78%,$0.15B,$2.05B,9.11%,$0.15B,$2.05B,9.11%,$0.15B,$2.69B,6.84%,$0.06B,$2.36B,2.76%,$68,$15,$53,$0,$8,$65,$3,$42,$45,$21,$24,$24,$24,$41,$3,$77,78,$0.28,$0.28,$459,$0,$0,$531,$1704,$441,$0,$18,$2162,$2693,$204,$310,$14,$439,$643,$1,$246,$-10,$2050,$2693,$153,$121,$-103,$18,$-1,$0,$0,$-8,$20,$191,$-810,$0,$0,$-1,$147,$146,$0,$-664,$0,$-0,$-0,$766,$766,$0,$-1,$765,$292,$6,$0
20,2013-09-30,64.34,$20.85,3.09,$3.55,18.14,$-23.24,0.0,$1.97,32.66,$0.18B,$0.19B,0.98,$0.30B,$1.62B,0.19,$0.25B,$0.20B,79.68%,$0.25B,$0.08B,31.08%,$0.25B,$0.08B,31.08%,$0.25B,$0.18B,72.51%,$0.25B,$0.24B,94.02%,$0.25B,$0.15B,58.17%,$0.15B,$1.62B,10.00%,$0.15B,$1.62B,10.00%,$0.15B,$2.21B,7.40%,$0.08B,$1.92B,4.43%,$69,$14,$55,$0,$5,$54,$15,$49,$64,$23,$41,$41,$41,$46,$15,$78,78,$0.52,$0.52,$97,$0,$0,$181,$1516,$501,$0,$13,$2030,$2211,$185,$300,$14,$408,$593,$1,$222,$-5,$1618,$2211,$129,$83,$-81,$2,$-17,$0,$0,$-4,$10,$141,$-610,$0,$0,$-1,$40,$39,$0,$-571,$0,$-0,$-0,$359,$359,$0,$-1,$358,$-72,$3,$0
21,2013-06-30,47.09,$20.24,2.33,$3.73,12.62,$-19.07,0.0,$1.46,32.25,$0.29B,$0.15B,1.97,$0.30B,$1.57B,0.19,$0.24B,$0.19B,79.01%,$0.24B,$0.08B,33.33%,$0.24B,$0.08B,33.33%,$0.24B,$0.18B,74.07%,$0.24B,$0.19B,77.37%,$0.24B,$0.11B,43.62%,$0.11B,$1.57B,8.65%,$0.11B,$1.57B,8.65%,$0.11B,$2.10B,6.38%,$0.08B,$1.87B,5.45%,$70,$12,$58,$0,$5,$48,$22,$47,$69,$26,$44,$44,$44,$51,$22,$77,78,$0.57,$0.56,$215,$0,$0,$286,$1358,$439,$0,$13,$1810,$2096,$145,$299,$13,$381,$527,$1,$181,$-11,$1569,$2096,$88,$52,$-61,$-9,$-7,$0,$0,$-2,$-6,$74,$-429,$0,$0,$0,$44,$44,$0,$-385,$0,$-0,$-0,$359,$359,$0,$-1,$358,$47,$2,$0
22,2013-03-31,45.83,$19.73,2.32,$4.01,11.44,$-15.43,0.0,$1.35,33.95,$0.29B,$0.12B,2.38,$0.30B,$1.53B,0.2,$0.24B,$0.19B,78.24%,$0.24B,$0.09B,35.56%,$0.24B,$0.09B,35.56%,$0.24B,$0.18B,74.90%,$0.24B,$0.14B,60.25%,$0.24B,$0.09B,36.40%,$0.09B,$1.53B,8.64%,$0.09B,$1.53B,8.64%,$0.09B,$2.00B,6.41%,$0.09B,$1.83B,7.03%,$55,$12,$43,$0,$4,$40,$15,$58,$73,$28,$45,$45,$45,$38,$15,$73,73,$0.61,$0.61,$226,$0,$0,$287,$1253,$452,$0,$13,$1718,$2004,$121,$299,$13,$357,$478,$1,$137,$-7,$1527,$2004,$45,$23,$-32,$-9,$1,$0,$0,$-1,$-1,$35,$-321,$0,$0,$0,$-12,$-12,$0,$-333,$0,$-0,$-0,$358,$358,$0,$-1,$357,$59,$1,$0
23,2012-12-31,38.22,$16.68,2.29,$4.42,8.65,$-11.80,0.0,$1.22,31.33,$0.23B,$0.12B,1.9,$0.30B,$1.13B,0.27,$0.25B,$0.20B,78.71%,$0.25B,$0.10B,38.96%,$0.25B,$0.10B,38.96%,$0.25B,$0.19B,76.31%,$0.25B,$0.10B,39.36%,$0.25B,$0.07B,27.71%,$0.07B,$1.13B,8.76%,$0.07B,$1.13B,8.76%,$0.07B,$1.58B,6.60%,$0.10B,$1.43B,10.55%,$57,$13,$44,$0,$4,$31,$26,$4,$30,$11,$19,$19,$16,$47,$26,$56,56,$0.28,$0.27,$168,$0,$0,$230,$954,$381,$0,$13,$1349,$1578,$121,$299,$14,$331,$452,$1,$93,$-3,$1126,$1578,$68,$92,$18,$110,$-28,$0,$0,$-2,$20,$199,$-694,$0,$0,$0,$-146,$-146,$0,$-841,$159,$-159,$-0,$724,$724,$0,$-9,$715,$73,$3,$0
24,2012-09-30,31.26,$12.22,2.56,$4.82,6.49,$-5.63,0.0,$1.53,20.43,$0.05B,$0.12B,0.45,$0.15B,$0.68B,0.21,$0.26B,$0.21B,79.69%,$0.26B,$0.10B,39.46%,$0.26B,$0.10B,39.46%,$0.26B,$0.20B,75.48%,$0.26B,$0.10B,37.93%,$0.26B,$0.08B,32.18%,$0.08B,$0.68B,12.65%,$0.08B,$0.68B,12.65%,$0.08B,$0.97B,10.20%,$0.10B,$0.83B,14.28%,$61,$14,$47,$0,$3,$42,$18,$-2,$16,$16,$1,$1,$1,$44,$18,$56,56,$0.01,$0.01,$13,$0,$0,$52,$706,$207,$0,$6,$919,$971,$116,$145,$14,$174,$290,$1,$77,$-5,$681,$971,$52,$71,$13,$85,$3,$0,$0,$-2,$29,$166,$-270,$0,$0,$0,$-118,$-118,$0,$-388,$153,$-12,$141,$0,$0,$0,$-0,$140,$-82,$2,$0
25,2012-06-30,20.63,$12.44,1.66,$4.88,4.22,$-5.34,0.0,$2.09,9.87,$0.07B,$0.10B,0.73,$0.07B,$0.69B,0.1,$0.26B,$0.21B,80.23%,$0.26B,$0.11B,44.19%,$0.26B,$0.11B,44.19%,$0.26B,$0.20B,76.36%,$0.26B,$0.11B,43.41%,$0.26B,$0.11B,43.41%,$0.11B,$0.69B,18.26%,$0.11B,$0.69B,18.26%,$0.11B,$0.87B,15.57%,$0.11B,$0.76B,17.95%,$66,$13,$53,$0,$3,$40,$26,$-1,$25,$0,$25,$25,$25,$50,$26,$56,56,$0.45,$0.45,$16,$0,$0,$70,$608,$186,$0,$6,$802,$872,$96,$70,$13,$83,$179,$1,$77,$9,$693,$872,$52,$46,$2,$48,$-18,$0,$0,$-3,$-0,$99,$-151,$0,$0,$-2,$-102,$-103,$0,$-254,$80,$-12,$68,$0,$0,$0,$-0,$67,$-87,$1,$0
26,2012-03-31,29.12,$11.69,2.49,$4.87,5.98,$-5.30,0.0,$2.21,13.18,$0.05B,$0.09B,0.57,$0.01B,$0.65B,0.02,$0.25B,$0.20B,79.84%,$0.25B,$0.12B,46.77%,$0.25B,$0.12B,46.77%,$0.25B,$0.19B,76.21%,$0.25B,$0.11B,45.97%,$0.25B,$0.11B,45.97%,$0.11B,$0.65B,21.63%,$0.11B,$0.65B,21.63%,$0.11B,$0.76B,18.62%,$0.12B,$0.66B,21.52%,$65,$14,$52,$0,$3,$38,$27,$-0,$27,$0,$27,$27,$27,$49,$27,$56,56,$0.48,$0.48,$13,$0,$0,$49,$542,$163,$0,$5,$712,$761,$86,$12,$12,$25,$110,$1,$51,$-7,$651,$761,$27,$22,$1,$23,$-2,$0,$0,$-1,$20,$69,$-85,$0,$0,$0,$-76,$-76,$0,$-160,$10,$-0,$10,$0,$0,$0,$-0,$10,$-81,$1,$0
27,2011-12-31,29.45,$11.37,2.59,$4.74,6.22,$-5.10,0.0,$2.20,13.39,$0.13B,$0.05B,2.9,$0.00B,$0.63B,0.0,$0.23B,$0.18B,79.13%,$0.23B,$0.11B,48.26%,$0.23B,$0.11B,48.26%,$0.23B,$0.18B,76.09%,$0.23B,$0.11B,46.96%,$0.23B,$0.11B,46.96%,$0.11B,$0.63B,24.43%,$0.11B,$0.63B,24.43%,$0.11B,$0.69B,20.94%,$0.11B,$0.63B,24.57%,$69,$13,$56,$0,$2,$37,$32,$-1,$31,$-0,$31,$31,$31,$54,$32,$49,49,$0.60,$0.59,$95,$0,$0,$130,$469,$0,$0,$92,$562,$691,$45,$2,$12,$14,$59,$1,$25,$3,$632,$691,$108,$64,$2,$65,$-17,$0,$0,$0,$-15,$158,$-286,$0,$0,$-3,$-34,$-37,$0,$-323,$48,$-98,$-50,$307,$307,$0,$-1,$257,$91,$1,$0
28,2011-09-30,24.18,$9.38,2.58,$4.20,5.76,$-2.86,0.0,$1.93,12.53,$0.06B,$0.06B,0.9,$0.00B,$0.48B,0.01,$0.20B,$0.16B,77.89%,$0.20B,$0.10B,47.74%,$0.20B,$0.10B,47.74%,$0.20B,$0.15B,74.87%,$0.20B,$0.09B,45.73%,$0.20B,$0.09B,45.73%,$0.09B,$0.48B,27.02%,$0.09B,$0.48B,27.02%,$0.09B,$0.55B,21.51%,$0.10B,$0.48B,26.50%,$58,$12,$46,$0,$2,$29,$29,$-0,$29,$0,$29,$29,$29,$44,$29,$50,51,$0.58,$0.57,$29,$0,$0,$56,$412,$58,$0,$5,$498,$553,$62,$2,$12,$14,$76,$1,$-6,$8,$478,$553,$77,$41,$1,$42,$-9,$0,$0,$0,$2,$122,$-201,$0,$0,$-3,$-27,$-30,$1,$-230,$35,$-85,$-50,$179,$179,$0,$-1,$128,$20,$1,$0
29,2011-06-30,29.69,$7.31,4.06,$3.80,7.81,$-1.63,0.0,$1.64,18.1,$0.04B,$0.05B,0.67,$0.03B,$0.35B,0.09,$0.17B,$0.14B,77.59%,$0.17B,$0.08B,45.98%,$0.17B,$0.08B,45.98%,$0.17B,$0.13B,74.14%,$0.17B,$0.08B,43.10%,$0.17B,$0.08B,43.10%,$0.08B,$0.35B,28.20%,$0.08B,$0.35B,28.20%,$0.08B,$0.44B,20.96%,$0.08B,$0.38B,26.78%,$56,$11,$44,$0,$2,$27,$28,$-1,$27,$0,$27,$27,$27,$42,$28,$47,48,$0.57,$0.57,$5,$0,$0,$36,$329,$50,$0,$5,$408,$444,$54,$32,$11,$43,$97,$0,$-35,$1,$347,$444,$48,$26,$1,$28,$-14,$0,$0,$-0,$-11,$65,$-107,$0,$0,$-3,$-18,$-21,$0,$-127,$35,$-55,$-20,$84,$84,$0,$-1,$64,$2,$0,$0
30,2011-03-31,36.13,$6.57,5.5,$3.30,10.95,$-1.11,0.0,$1.31,27.58,$0.05B,$0.05B,0.97,$0.00B,$0.31B,0.01,$0.15B,$0.11B,76.19%,$0.15B,$0.06B,42.86%,$0.15B,$0.06B,42.86%,$0.15B,$0.11B,72.79%,$0.15B,$0.06B,39.46%,$0.15B,$0.06B,39.46%,$0.06B,$0.31B,25.89%,$0.06B,$0.31B,25.89%,$0.06B,$0.38B,18.40%,$0.06B,$0.31B,25.28%,$47,$10,$36,$0,$2,$25,$22,$-1,$21,$0,$21,$21,$21,$35,$22,$45,45,$0.47,$0.47,$27,$0,$0,$49,$260,$39,$0,$5,$326,$375,$51,$2,$11,$13,$63,$0,$-63,$-7,$311,$375,$21,$12,$0,$13,$-6,$0,$0,$1,$-6,$28,$-32,$0,$0,$-1,$-6,$-7,$0,$-39,$5,$-55,$-50,$85,$85,$0,$0,$35,$24,$0,$0
31,2010-12-31,21.68,$4.73,4.59,$2.90,7.47,$-0.99,0.0,$1.07,20.26,$0.02B,$0.05B,0.4,$0.05B,$0.21B,0.24,$0.13B,$0.10B,75.59%,$0.13B,$0.05B,40.94%,$0.13B,$0.05B,40.94%,$0.13B,$0.09B,71.65%,$0.13B,$0.05B,37.01%,$0.13B,$0.05B,37.01%,$0.05B,$0.21B,25.93%,$0.05B,$0.21B,25.93%,$0.05B,$0.32B,16.74%,$0.05B,$0.26B,23.83%,$38,$9,$29,$0,$2,$23,$16,$-1,$14,$0,$14,$14,$14,$28,$16,$44,44,$0.33,$0.32,$2,$0,$0,$20,$242,$33,$0,$4,$300,$320,$49,$50,$10,$60,$109,$0,$-84,$-2,$211,$320,$47,$40,$1,$40,$-6,$0,$0,$-1,$-2,$86,$-102,$0,$0,$-3,$-1,$-4,$0,$-105,$52,$-53,$-1,$22,$22,$0,$-1,$20,$1,$0,$0
32,2010-09-30,13.84,$4.38,3.16,$2.63,5.26,$-0.12,0.0,$0.96,14.42,$0.02B,$0.04B,0.41,$0.05B,$0.20B,0.23,$0.12B,$0.09B,74.78%,$0.12B,$0.05B,40.00%,$0.12B,$0.05B,40.00%,$0.12B,$0.08B,70.43%,$0.12B,$0.04B,36.52%,$0.12B,$0.04B,36.52%,$0.04B,$0.20B,26.29%,$0.04B,$0.20B,26.29%,$0.04B,$0.29B,16.31%,$0.05B,$0.24B,23.38%,$33,$8,$26,$0,$2,$20,$14,$-1,$13,$0,$13,$13,$13,$24,$14,$45,45,$0.28,$0.28,$2,$0,$0,$17,$220,$32,$0,$4,$276,$292,$41,$46,$10,$56,$97,$0,$-98,$-3,$195,$292,$33,$27,$0,$28,$-3,$0,$0,$-2,$-3,$58,$-73,$0,$0,$-3,$0,$-3,$0,$-75,$46,$-50,$-4,$22,$22,$0,$0,$17,$0,$0,$0
33,2010-06-30,11.86,$4.02,2.95,$2.40,4.94,$0.67,17.73,$0.84,14.12,$0.02B,$0.08B,0.2,$0.00B,$0.18B,0.01,$0.10B,$0.08B,73.08%,$0.10B,$0.04B,37.50%,$0.10B,$0.04B,37.50%,$0.10B,$0.07B,69.23%,$0.10B,$0.04B,34.62%,$0.10B,$0.04B,34.62%,$0.04B,$0.18B,25.58%,$0.04B,$0.18B,25.58%,$0.04B,$0.27B,15.06%,$0.04B,$0.18B,23.18%,$29,$8,$21,$0,$2,$18,$11,$-1,$10,$0,$10,$10,$10,$20,$11,$44,44,$0.24,$0.24,$2,$0,$0,$16,$205,$31,$0,$4,$258,$274,$83,$2,$10,$12,$95,$0,$-111,$-6,$179,$274,$20,$17,$0,$17,$-2,$0,$0,$-1,$-3,$35,$-50,$0,$0,$-1,$0,$-1,$0,$-51,$0,$-4,$-4,$0,$22,$0,$0,$17,$1,$0,$0
34,2010-03-31,11.24,$3.28,3.42,$2.22,5.06,$1.26,8.9,$0.72,15.61,$0.01B,$0.04B,0.36,$0.05B,$0.14B,0.35,$0.10B,$0.07B,71.88%,$0.10B,$0.03B,34.38%,$0.10B,$0.03B,34.38%,$0.10B,$0.07B,67.71%,$0.10B,$0.03B,32.29%,$0.10B,$0.03B,32.29%,$0.03B,$0.14B,25.41%,$0.03B,$0.14B,25.41%,$0.03B,$0.24B,13.90%,$0.03B,$0.19B,21.75%,$27,$7,$20,$0,$1,$17,$11,$-1,$10,$0,$10,$10,$10,$19,$11,$43,43,$0.23,$0.23,$1,$0,$0,$13,$169,$33,$0,$3,$223,$237,$38,$49,$9,$59,$96,$0,$-121,$-13,$140,$237,$10,$8,$-0,$8,$-1,$0,$0,$-0,$-3,$15,$-13,$0,$0,$-1,$-0,$-1,$0,$-14,$0,$-2,$-2,$0,$0,$0,$0,$-2,$-1,$0,$0
35,2009-12-31,11.45,$2.93,3.91,$2.00,5.73,$1.25,9.13,$0.55,20.82,$0.01B,$0.04B,0.31,$0.05B,$0.13B,0.4,$0.09B,$0.06B,68.97%,$0.09B,$0.02B,27.59%,$0.09B,$0.02B,27.59%,$0.09B,$0.06B,64.37%,$0.09B,$0.02B,27.59%,$0.09B,$0.02B,27.59%,$0.02B,$0.13B,20.60%,$0.02B,$0.13B,20.60%,$0.02B,$0.23B,11.03%,$0.02B,$0.18B,17.71%,$26,$7,$19,$0,$1,$15,$10,$-1,$9,$0,$9,$9,$9,$18,$10,$43,43,$0.21,$0.21,$2,$0,$0,$13,$162,$0,$0,$35,$214,$227,$43,$50,$10,$59,$102,$0,$-131,$-18,$125,$227,$24,$30,$1,$30,$4,$0,$0,$-1,$-1,$53,$-31,$0,$0,$-4,$-4,$-8,$0,$-39,$0,$-18,$-18,$0,$0,$0,$0,$-18,$-4,$0,$0
36,2009-09-30,8.74,$2.79,3.14,$2.29,3.82,$0.96,9.12,$-4.94,0.0,$0.02B,$0.08B,0.22,$0.01B,$0.12B,0.06,$0.10B,$0.07B,66.67%,$0.10B,$-0.25B,-251.52%,$0.10B,$-0.25B,-251.52%,$0.10B,$-0.21B,-213.13%,$0.10B,$-0.21B,-212.12%,$0.10B,$-0.21B,-212.12%,$-0.21B,$0.12B,-184.62%,$-0.21B,$0.12B,-184.62%,$-0.21B,$0.22B,-97.11%,$-0.25B,$0.13B,-180.76%,$22,$6,$16,$0,$1,$15,$7,$-0,$7,$0,$7,$7,$7,$15,$7,$43,43,$0.16,$0.16,$7,$0,$0,$18,$153,$28,$0,$3,$200,$218,$82,$8,$9,$17,$99,$0,$-140,$-15,$119,$218,$14,$23,$0,$23,$4,$0,$0,$-1,$-2,$36,$-16,$0,$0,$-3,$-0,$-4,$0,$-20,$0,$-15,$-15,$0,$0,$0,$0,$-15,$1,$0,$0
37,2009-06-30,6.85,$2.45,2.8,$2.63,2.61,$0.08,85.84,$-4.77,0.0,$0.02B,$0.09B,0.2,$0.01B,$0.10B,0.1,$0.11B,$0.08B,66.67%,$0.11B,$-0.24B,-211.40%,$0.11B,$-0.24B,-211.40%,$0.11B,$-0.20B,-176.32%,$0.11B,$-0.20B,-178.07%,$0.11B,$-0.20B,-178.07%,$-0.20B,$0.10B,-119.41%,$-0.20B,$0.10B,-119.41%,$-0.20B,$0.21B,-71.79%,$-0.24B,$0.12B,-111.70%,$21,$6,$14,$0,$1,$15,$5,$-0,$5,$0,$5,$5,$5,$13,$5,$43,43,$0.12,$0.12,$7,$0,$0,$17,$149,$27,$0,$3,$193,$210,$86,$11,$9,$20,$106,$0,$-147,$-23,$104,$210,$8,$15,$0,$15,$5,$0,$0,$-1,$-0,$23,$-12,$0,$0,$-3,$-1,$-4,$0,$-16,$0,$-6,$-6,$0,$0,$0,$0,$-6,$1,$0,$0
38,2009-03-31,2.32,$2.77,0.84,$2.98,0.78,$-0.49,0.0,$-4.54,0.0,$0.01B,$0.08B,0.18,$0.01B,$0.12B,0.06,$0.13B,$0.09B,68.99%,$0.13B,$-0.23B,-179.07%,$0.13B,$-0.23B,-179.07%,$0.13B,$-0.19B,-146.51%,$0.13B,$-0.19B,-149.61%,$0.13B,$-0.19B,-149.61%,$-0.19B,$0.12B,-85.12%,$-0.19B,$0.12B,-85.12%,$-0.19B,$0.22B,-56.06%,$-0.23B,$0.13B,-79.18%,$18,$7,$11,$0,$1,$16,$2,$1,$3,$0,$3,$3,$3,$10,$2,$43,43,$0.06,$0.06,$4,$0,$0,$14,$162,$25,$0,$4,$201,$215,$81,$7,$9,$15,$97,$0,$-152,$-4,$118,$215,$3,$8,$0,$8,$5,$0,$0,$0,$3,$14,$-12,$0,$0,$-0,$-0,$-1,$0,$-13,$0,$-6,$-6,$0,$0,$0,$0,$-6,$-5,$0,$0
39,2008-12-31,3.95,$2.68,1.48,$3.29,1.2,$-0.72,0.0,$-4.33,0.0,$0.02B,$0.03B,0.71,$0.07B,$0.11B,0.61,$0.14B,$0.10B,71.83%,$0.14B,$-0.22B,-154.93%,$0.14B,$-0.22B,-154.93%,$0.14B,$-0.18B,-124.65%,$0.14B,$-0.18B,-129.58%,$0.14B,$-0.18B,-129.58%,$-0.18B,$0.11B,-66.67%,$-0.18B,$0.11B,-66.67%,$-0.18B,$0.22B,-45.89%,$-0.22B,$0.18B,-61.15%,$38,$12,$25,$0,$2,$300,$-263,$38,$-225,$0,$-225,$-225,$-225,$-249,$-263,$43,43,$-5.28,$-5.28,$6,$0,$0,$21,$162,$0,$0,$29,$201,$222,$29,$70,$9,$79,$108,$0,$-155,$-5,$114,$222,$-185,$43,$273,$316,$-1,$0,$0,$-1,$4,$135,$-126,$0,$0,$-11,$-0,$-11,$0,$-137,$30,$-26,$4,$0,$0,$0,$0,$5,$3,$1,$0
40,2008-09-30,10.05,$8.06,1.25,$3.22,3.12,$-5.06,0.0,$1.16,8.66,$0.02B,$0.04B,0.42,$0.10B,$0.34B,0.28,$0.13B,$0.10B,73.13%,$0.13B,$0.05B,38.81%,$0.13B,$0.05B,38.81%,$0.13B,$0.09B,67.91%,$0.13B,$0.05B,36.57%,$0.13B,$0.05B,36.57%,$0.05B,$0.34B,15.15%,$0.05B,$0.34B,15.15%,$0.05B,$0.48B,10.88%,$0.05B,$0.44B,12.80%,$37,$10,$26,$0,$2,$22,$15,$-1,$14,$0,$14,$14,$14,$25,$15,$43,43,$0.33,$0.33,$5,$0,$0,$15,$423,$29,$0,$7,$469,$484,$36,$95,$9,$104,$140,$0,$70,$-0,$344,$484,$40,$29,$1,$30,$3,$0,$0,$-0,$5,$75,$-93,$0,$0,$-10,$-1,$-10,$0,$-103,$0,$29,$29,$0,$0,$0,$0,$30,$2,$0,$0
41,2008-06-30,16.47,$7.76,2.12,$3.15,5.23,$-6.09,0.0,$1.16,14.2,$0.02B,$0.03B,0.56,$0.09B,$0.33B,0.27,$0.13B,$0.09B,74.02%,$0.13B,$0.05B,39.37%,$0.13B,$0.05B,39.37%,$0.13B,$0.09B,68.50%,$0.13B,$0.05B,37.80%,$0.13B,$0.05B,37.80%,$0.05B,$0.33B,16.41%,$0.05B,$0.33B,16.41%,$0.05B,$0.46B,11.87%,$0.05B,$0.42B,13.87%,$36,$9,$27,$0,$2,$21,$15,$-0,$15,$0,$15,$15,$15,$25,$15,$43,43,$0.35,$0.35,$2,$0,$0,$16,$393,$31,$0,$8,$440,$456,$28,$88,$8,$97,$125,$0,$56,$1,$331,$456,$26,$20,$1,$20,$1,$0,$0,$-1,$-1,$46,$-60,$0,$0,$-9,$-1,$-9,$0,$-69,$0,$23,$23,$0,$0,$0,$0,$23,$-1,$0,$0
42,2008-03-31,10.6,$7.40,1.43,$3.00,3.53,$-6.70,0.0,$1.07,9.91,$0.02B,$0.04B,0.61,$0.08B,$0.32B,0.26,$0.12B,$0.09B,73.28%,$0.12B,$0.05B,38.79%,$0.12B,$0.05B,38.79%,$0.12B,$0.08B,68.10%,$0.12B,$0.04B,37.07%,$0.12B,$0.04B,37.07%,$0.04B,$0.32B,16.83%,$0.04B,$0.32B,16.83%,$0.04B,$0.44B,12.10%,$0.05B,$0.40B,14.55%,$31,$7,$24,$0,$2,$18,$13,$-1,$12,$0,$12,$12,$12,$22,$13,$43,43,$0.27,$0.27,$6,$0,$0,$22,$379,$31,$0,$6,$420,$442,$36,$82,$8,$90,$126,$0,$41,$1,$315,$442,$12,$10,$0,$10,$-2,$0,$0,$-0,$-0,$21,$-29,$0,$0,$-4,$-1,$-5,$0,$-34,$0,$16,$16,$0,$0,$0,$0,$17,$4,$0,$0
43,2007-12-31,18.26,$7.16,2.55,$2.86,6.39,$-6.89,0.0,$1.01,18.08,$0.02B,$0.04B,0.41,$0.07B,$0.30B,0.22,$0.11B,$0.08B,72.38%,$0.11B,$0.04B,38.10%,$0.11B,$0.04B,38.10%,$0.11B,$0.07B,67.62%,$0.11B,$0.04B,36.19%,$0.11B,$0.04B,36.19%,$0.04B,$0.30B,17.80%,$0.04B,$0.30B,17.80%,$0.04B,$0.42B,12.72%,$0.04B,$0.37B,15.66%,$30,$9,$21,$0,$2,$21,$9,$-1,$8,$0,$8,$8,$8,$19,$9,$37,37,$0.21,$0.21,$3,$0,$0,$17,$362,$0,$0,$40,$402,$419,$41,$66,$8,$74,$115,$0,$30,$2,$304,$419,$38,$30,$1,$32,$-1,$0,$0,$-2,$-0,$69,$-223,$0,$0,$-0,$-18,$-18,$0,$-241,$0,$29,$29,$139,$139,$0,$0,$168,$-4,$1,$0
44,2007-09-30,23.66,$5.80,4.08,$2.56,9.23,$-3.46,0.0,$0.96,24.65,$0.02B,$0.04B,0.46,$0.04B,$0.22B,0.17,$0.09B,$0.07B,72.04%,$0.09B,$0.04B,39.78%,$0.09B,$0.04B,39.78%,$0.09B,$0.06B,67.74%,$0.09B,$0.04B,37.63%,$0.09B,$0.04B,37.63%,$0.04B,$0.22B,20.77%,$0.04B,$0.22B,20.77%,$0.04B,$0.30B,14.42%,$0.04B,$0.26B,18.20%,$30,$8,$22,$0,$1,$17,$13,$-1,$13,$0,$13,$13,$13,$21,$13,$38,38,$0.34,$0.33,$2,$0,$0,$17,$252,$0,$0,$32,$284,$301,$36,$36,$8,$45,$81,$0,$21,$2,$220,$301,$30,$21,$1,$21,$-1,$0,$0,$-2,$-4,$47,$-103,$0,$0,$-0,$-13,$-13,$0,$-115,$0,$-0,$-0,$64,$64,$0,$0,$63,$-5,$1,$0
45,2007-06-30,19.98,$4.95,4.03,$2.48,8.05,$-2.46,0.0,$1.00,19.98,$0.02B,$0.04B,0.53,$0.03B,$0.18B,0.17,$0.09B,$0.06B,72.41%,$0.09B,$0.04B,42.53%,$0.09B,$0.04B,42.53%,$0.09B,$0.06B,67.82%,$0.09B,$0.04B,40.23%,$0.09B,$0.04B,40.23%,$0.04B,$0.18B,24.52%,$0.04B,$0.18B,24.52%,$0.04B,$0.26B,16.57%,$0.04B,$0.21B,21.05%,$25,$7,$18,$0,$1,$15,$10,$-1,$10,$0,$10,$10,$10,$17,$10,$36,37,$0.27,$0.26,$2,$0,$0,$19,$216,$0,$0,$24,$239,$259,$36,$32,$8,$40,$76,$0,$9,$-1,$183,$259,$17,$13,$0,$13,$-2,$0,$0,$-3,$-5,$25,$-59,$0,$0,$-0,$-7,$-7,$0,$-67,$0,$-5,$-5,$43,$43,$0,$0,$37,$-4,$0,$0
46,2007-03-31,13.36,$4.18,3.19,$2.22,6.01,$-1.84,0.0,$0.95,14.06,$0.02B,$0.03B,0.63,$0.04B,$0.15B,0.24,$0.08B,$0.06B,72.37%,$0.08B,$0.03B,44.74%,$0.08B,$0.03B,44.74%,$0.08B,$0.05B,68.42%,$0.08B,$0.03B,42.11%,$0.08B,$0.03B,42.11%,$0.03B,$0.15B,26.18%,$0.03B,$0.15B,26.18%,$0.03B,$0.22B,17.46%,$0.03B,$0.18B,22.37%,$20,$6,$15,$0,$1,$13,$8,$-1,$7,$0,$7,$7,$7,$14,$8,$35,35,$0.21,$0.21,$7,$0,$0,$17,$181,$0,$0,$18,$199,$216,$26,$35,$8,$43,$69,$0,$-1,$-0,$147,$216,$7,$6,$0,$6,$2,$0,$0,$-1,$1,$14,$-28,$0,$0,$-0,$-0,$-0,$0,$-28,$0,$-2,$-2,$16,$16,$0,$0,$14,$-0,$0,$0
47,2006-12-31,13.59,$3.68,3.69,$1.78,7.64,$-1.66,0.0,$0.82,16.57,$0.02B,$0.03B,0.76,$0.04B,$0.12B,0.3,$0.06B,$0.04B,71.67%,$0.06B,$0.03B,43.33%,$0.06B,$0.03B,43.33%,$0.06B,$0.04B,66.67%,$0.06B,$0.03B,46.67%,$0.06B,$0.03B,46.67%,$0.03B,$0.12B,26.23%,$0.03B,$0.12B,26.23%,$0.03B,$0.20B,17.42%,$0.03B,$0.16B,19.70%,$18,$6,$12,$0,$1,$12,$6,$-1,$5,$0,$5,$5,$5,$11,$6,$33,34,$0.16,$0.16,$7,$0,$0,$20,$158,$0,$0,$18,$175,$195,$26,$37,$8,$45,$71,$0,$-8,$0,$124,$195,$28,$13,$1,$14,$-6,$0,$0,$-1,$-2,$40,$-63,$0,$0,$-0,$-11,$-11,$0,$-74,$0,$27,$27,$11,$11,$0,$0,$39,$5,$1,$0
