,Date,Stock Price,Book Value per Share,Price to Book Ratio,TTM Sales per Share,Price to Sales Ratio,TTM FCF per Share,Price to FCF Ratio,TTM Net EPS,PE Ratio,Current Assets,Current Liabilities,Current Ratio,Long Term Debt,Shareholder's Equity_x,Debt to Equity Ratio,TTM Revenue_x,TTM Gross Profit,Gross Margin,TTM Revenue_y,TTM Operating Income,Operating Margin,TTM Revenue_x,TTM EBIT,EBIT Margin,TTM Revenue_y,TTM EBITDA,EBITDA Margin,TTM Revenue_x,TTM Pre-Tax Income,Pre-Tax Margin,TTM Revenue_y,TTM Net Income_x,Net Margin,TTM Net Income_y,Shareholder's Equity_y,Return on Equity,TTM Net Income_x,Tangible Equity,Return on Tangible Equity,TTM Net Income_y,Total Assets,Return on Assets,TTM Net Income,LT Investments & Debt,Return on Investment,revenue,cost-goods-sold,gross-profit,research-development-expenses,selling-general-administrative-expenses,operating-expenses,operating-income,total-non-operating-income-expense,pre-tax-income,total-provision-income-taxes,income-after-taxes,income-from-continuous-operations,net-income,ebitda,ebit,basic-shares-outstanding,shares-outstanding,eps-basic-net-earnings-per-share,eps-earnings-per-share-diluted,cash-on-hand,inventory,other-current-assets,total-current-assets,net-property-plant-equipment,long-term-investments,goodwill-intangible-assets-total,other-long-term-assets,total-long-term-assets,total-assets,total-current-liabilities,long-term-debt,other-non-current-liabilities,total-long-term-liabilities,total-liabilities,common-stock-net,retained-earnings-accumulated-deficit,comprehensive-income,total-share-holder-equity,total-liabilities-share-holders-equity,net-income-loss,total-depreciation-amortization-cash-flow,other-non-cash-items,total-non-cash-items,change-in-accounts-receivable,change-in-inventories,change-in-accounts-payable,change-in-assets-liabilities,total-change-in-assets-liabilities,cash-flow-from-operating-activities,net-change-in-property-plant-equipment,net-change-in-intangible-assets,net-acquisitions-divestitures,net-change-in-short-term-investments,net-change-in-long-term-investments,net-change-in-investments-total,investing-activities-other,cash-flow-from-investing-activities,net-long-term-debt,net-current-debt,debt-issuance-retirement-net-total,net-common-equity-issued-repurchased,net-total-equity-issued-repurchased,total-common-preferred-stock-dividends-paid,financial-activities-other,cash-flow-from-financial-activities,net-cash-flow,stock-based-compensation,common-stock-dividends-paid
0,2018-07-31,30.17,$8.68,3.48,$41.93,0.72,$2.03,14.84,$2.28,13.23,$4.59B,$2.34B,1.96,$1.25B,$3.34B,0.37,$16.48B,$6.34B,38.45%,$16.48B,$1.40B,8.50%,$16.48B,$1.40B,8.50%,$16.48B,$1.90B,11.54%,$16.48B,$1.35B,8.21%,$16.48B,$0.90B,5.43%,$0.90B,$3.34B,28.18%,$0.90B,$3.34B,28.18%,$0.90B,$8.01B,11.37%,$1.40B,$4.59B,31.66%,$4089,$2466,$1623,$0,$0,$3726,$363,$-13,$350,$84,$266,$266,$266,$523,$363,$384,387,$0.69,$0.69,$1608,$2202,$780,$4590,$2832,$0,$0,$588,$3420,$8010,$2341,$1249,$1080,$2329,$4670,$19,$3268,$53,$3340,$8010,$461,$251,$84,$335,$0,$-224,$104,$-12,$-250,$546,$-326,$0,$0,$-286,$0,$-286,$-6,$-618,$0,$0,$0,$-167,$-167,$-188,$-21,$-376,$-459,$48,$-188
1,2018-04-30,29.01,$8.26,3.51,$41.05,0.71,$2.00,14.5,$2.20,13.19,$4.19B,$2.06B,2.03,$1.25B,$3.20B,0.39,$16.20B,$6.19B,38.21%,$16.20B,$1.45B,8.98%,$16.20B,$1.45B,8.98%,$16.20B,$1.96B,12.08%,$16.20B,$1.41B,8.67%,$16.20B,$0.87B,5.36%,$0.87B,$3.20B,28.24%,$0.87B,$3.20B,28.24%,$0.87B,$7.59B,11.18%,$1.45B,$4.45B,33.61%,$4085,$2458,$1627,$0,$0,$3687,$398,$-10,$388,$91,$297,$297,$297,$355,$398,$387,390,$0.77,$0.76,$1374,$2035,$778,$4187,$2791,$0,$0,$607,$3398,$7585,$2058,$1249,$1081,$2330,$4388,$19,$3127,$51,$3197,$7585,$164,$126,$34,$160,$0,$-46,$-120,$-23,$-390,$-66,$-138,$0,$0,$-164,$0,$-164,$-7,$-309,$0,$0,$0,$-80,$-80,$-94,$-19,$-193,$-570,$21,$-94
2,2018-01-31,32.72,$8.08,4.05,$40.02,0.82,$2.47,13.23,$2.14,15.29,$4.57B,$2.46B,1.86,$1.25B,$3.14B,0.4,$15.86B,$6.07B,38.26%,$15.86B,$1.48B,9.33%,$15.86B,$1.48B,9.33%,$15.86B,$1.98B,12.48%,$15.86B,$1.42B,8.98%,$15.86B,$0.85B,5.35%,$0.85B,$3.14B,28.33%,$0.85B,$3.14B,28.33%,$0.85B,$7.99B,10.97%,$1.48B,$4.39B,34.87%,$3783,$2356,$1427,$0,$0,$3554,$229,$-10,$219,$55,$164,$164,$164,$523,$229,$389,393,$0.42,$0.42,$1783,$1997,$788,$4568,$2805,$0,$0,$616,$3421,$7989,$2461,$1249,$1135,$2384,$4845,$19,$3081,$36,$3144,$7989,$848,$499,$195,$694,$0,$-142,$-90,$88,$-162,$1380,$-731,$0,$0,$0,$0,$0,$63,$-668,$-67,$0,$-67,$-285,$-285,$-361,$-18,$-731,$0,$87,$-361
3,2017-10-31,25.41,$7.77,3.27,$39.03,0.65,$3.82,6.65,$2.17,11.71,$4.48B,$2.60B,1.73,$1.25B,$3.02B,0.41,$15.51B,$5.81B,37.46%,$15.51B,$1.38B,8.93%,$15.51B,$1.38B,8.93%,$15.51B,$1.96B,12.61%,$15.51B,$1.33B,8.55%,$15.51B,$0.86B,5.57%,$0.86B,$3.02B,29.42%,$0.86B,$3.02B,29.42%,$0.86B,$7.90B,11.31%,$1.38B,$4.27B,33.10%,$4778,$3019,$1759,$0,$0,$4382,$396,$-13,$383,$178,$205,$205,$205,$501,$396,$393,396,$0.52,$0.52,$1353,$2476,$654,$4483,$2686,$0,$0,$726,$3412,$7895,$2596,$1248,$1027,$2275,$4871,$19,$2965,$40,$3024,$7895,$643,$372,$36,$408,$0,$-636,$55,$-12,$-451,$600,$-463,$0,$0,$0,$0,$0,$57,$-406,$0,$-67,$-67,$-277,$-277,$-272,$-15,$-631,$-430,$60,$-272
4,2017-07-31,23.12,$7.51,3.08,$38.76,0.6,$4.52,5.12,$2.10,11.01,$4.26B,$2.40B,1.78,$1.25B,$2.95B,0.42,$15.47B,$5.78B,37.35%,$15.47B,$1.40B,9.02%,$15.47B,$1.40B,9.02%,$15.47B,$1.97B,12.76%,$15.47B,$1.33B,8.63%,$15.47B,$0.84B,5.42%,$0.84B,$2.95B,29.31%,$0.84B,$2.95B,29.31%,$0.84B,$7.62B,10.94%,$1.40B,$4.19B,33.82%,$3838,$2313,$1525,$0,$0,$3460,$378,$-14,$364,$135,$229,$229,$229,$577,$378,$391,393,$0.59,$0.58,$1609,$2051,$598,$4258,$2643,$0,$0,$716,$3359,$7617,$2399,$1248,$1025,$2273,$4672,$20,$2902,$23,$2945,$7617,$414,$249,$28,$277,$0,$-203,$-49,$-2,$-205,$486,$-275,$0,$0,$0,$0,$0,$59,$-216,$0,$-67,$-67,$-186,$-186,$-182,$-14,$-449,$-171,$42,$-182
5,2017-04-30,25.15,$7.23,3.48,$38.82,0.65,$5.15,4.89,$1.73,14.54,$4.12B,$2.30B,1.79,$1.25B,$2.86B,0.44,$15.52B,$5.73B,36.95%,$15.52B,$1.22B,7.88%,$15.52B,$1.22B,7.88%,$15.52B,$1.82B,11.70%,$15.52B,$1.16B,7.46%,$15.52B,$0.69B,4.46%,$0.69B,$2.86B,25.05%,$0.69B,$2.86B,25.05%,$0.69B,$7.41B,9.00%,$1.22B,$4.11B,30.22%,$3799,$2320,$1479,$0,$0,$3348,$451,$-12,$439,$168,$271,$271,$271,$377,$451,$395,396,$0.69,$0.68,$1583,$1961,$575,$4119,$2605,$0,$0,$687,$3292,$7411,$2302,$1248,$999,$2247,$4549,$20,$2796,$46,$2862,$7411,$143,$123,$11,$134,$0,$-133,$-135,$61,$-186,$91,$-110,$0,$0,$0,$0,$0,$14,$-96,$0,$0,$0,$-88,$-88,$-92,$-13,$-193,$-197,$20,$-92
6,2017-01-31,21.9,$7.28,3.01,$38.84,0.56,$5.27,4.16,$1.69,12.96,$4.32B,$2.45B,1.76,$1.25B,$2.90B,0.43,$15.52B,$5.64B,36.35%,$15.52B,$1.19B,7.68%,$15.52B,$1.19B,7.68%,$15.52B,$1.79B,11.56%,$15.52B,$1.12B,7.24%,$15.52B,$0.68B,4.36%,$0.68B,$2.90B,25.25%,$0.68B,$2.90B,25.25%,$0.68B,$7.61B,8.76%,$1.19B,$4.15B,29.93%,$3440,$2137,$1303,$0,$0,$3186,$254,$-16,$238,$95,$143,$143,$143,$501,$254,$399,400,$0.36,$0.36,$1783,$1830,$702,$4315,$2616,$0,$0,$679,$3295,$7610,$2453,$1248,$1005,$2253,$4706,$20,$2749,$54,$2904,$7610,$676,$602,$120,$722,$0,$46,$146,$34,$321,$1719,$-524,$0,$0,$0,$0,$0,$-5,$-529,$-421,$0,$-421,$29,$29,$-367,$-18,$-777,$413,$76,$-367
7,2016-10-31,25.97,$6.83,3.8,$38.38,0.68,$4.38,5.93,$1.67,15.55,$4.67B,$2.92B,1.6,$1.32B,$2.73B,0.48,$15.47B,$5.58B,36.06%,$15.47B,$1.25B,8.05%,$15.47B,$1.25B,8.05%,$15.47B,$1.78B,11.53%,$15.47B,$1.18B,7.62%,$15.47B,$0.67B,4.33%,$0.67B,$2.73B,25.89%,$0.67B,$2.73B,25.89%,$0.67B,$8.01B,8.72%,$1.25B,$4.05B,31.88%,$4429,$2928,$1501,$0,$0,$4128,$301,$-16,$285,$65,$220,$220,$220,$519,$301,$399,400,$0.55,$0.55,$1522,$2398,$751,$4671,$2662,$0,$0,$674,$3336,$8007,$2915,$1320,$1046,$2366,$5281,$20,$2621,$28,$2726,$8007,$456,$402,$141,$543,$0,$-513,$294,$-70,$-199,$800,$-383,$0,$0,$0,$0,$0,$-1,$-384,$0,$0,$0,$25,$25,$-275,$-17,$-267,$152,$55,$-275
8,2016-07-31,24.02,$6.43,3.74,$38.34,0.63,$3.90,6.16,$1.77,13.57,$4.30B,$2.78B,1.55,$1.32B,$2.56B,0.52,$15.53B,$5.53B,35.58%,$15.53B,$1.27B,8.18%,$15.53B,$1.27B,8.18%,$15.53B,$1.81B,11.63%,$15.53B,$1.20B,7.75%,$15.53B,$0.71B,4.60%,$0.71B,$2.56B,27.90%,$0.71B,$2.56B,27.90%,$0.71B,$7.74B,9.36%,$1.27B,$3.88B,32.74%,$3798,$2305,$1493,$0,$0,$3409,$389,$-17,$372,$168,$204,$204,$204,$419,$389,$399,400,$0.51,$0.51,$1681,$1951,$669,$4301,$2755,$0,$0,$681,$3436,$7737,$2781,$1321,$1076,$2397,$5178,$20,$2509,$-1,$2559,$7737,$252,$272,$80,$352,$0,$-52,$102,$8,$130,$734,$-270,$0,$0,$0,$0,$0,$-1,$-271,$0,$0,$0,$16,$16,$-183,$7,$-160,$311,$36,$-183
9,2016-04-30,21.36,$6.34,3.37,$38.01,0.56,$3.55,6.01,$1.98,10.79,$3.95B,$2.56B,1.54,$1.32B,$2.52B,0.52,$15.58B,$5.55B,35.61%,$15.58B,$1.36B,8.73%,$15.58B,$1.36B,8.73%,$15.58B,$1.89B,12.11%,$15.58B,$1.29B,8.30%,$15.58B,$0.81B,5.19%,$0.81B,$2.52B,31.24%,$0.81B,$2.52B,31.24%,$0.81B,$7.51B,10.75%,$1.36B,$3.84B,34.80%,$3851,$2414,$1437,$0,$0,$3572,$279,$-16,$263,$138,$125,$125,$125,$354,$279,$398,399,$0.31,$0.31,$1313,$1958,$674,$3945,$2864,$0,$0,$698,$3562,$7507,$2555,$1318,$1112,$2430,$4985,$20,$2476,$20,$2522,$7507,$127,$132,$-4,$128,$0,$-53,$-20,$7,$-87,$168,$-139,$0,$0,$0,$0,$0,$-1,$-140,$0,$0,$0,$10,$10,$-91,$-16,$-97,$-57,$15,$-91
10,2016-01-31,22.6,$6.41,3.53,$38.02,0.59,$3.62,6.24,$2.22,10.18,$3.99B,$2.54B,1.57,$1.31B,$2.55B,0.52,$15.80B,$5.72B,36.21%,$15.80B,$1.52B,9.65%,$15.80B,$1.52B,9.65%,$15.80B,$2.05B,12.98%,$15.80B,$1.47B,9.31%,$15.80B,$0.92B,5.82%,$0.92B,$2.55B,34.38%,$0.92B,$2.55B,34.38%,$0.92B,$7.47B,12.24%,$1.52B,$3.86B,38.09%,$3438,$2229,$1209,$0,$0,$3216,$222,$-18,$204,$77,$127,$127,$127,$492,$222,$398,399,$0.32,$0.32,$1370,$1873,$742,$3985,$2850,$0,$0,$638,$3488,$7473,$2535,$1310,$1083,$2393,$4928,$20,$2440,$85,$2545,$7473,$920,$527,$103,$630,$0,$-6,$-47,$162,$44,$1594,$-726,$0,$0,$0,$0,$0,$-4,$-730,$-21,$400,$379,$-950,$-950,$-377,$-42,$-990,$-145,$76,$-377
11,2015-10-31,24.67,$6.46,3.82,$38.10,0.65,$5.01,4.92,$2.44,10.11,$4.36B,$2.77B,1.58,$1.33B,$2.61B,0.51,$16.12B,$5.94B,36.84%,$16.12B,$1.69B,10.47%,$16.12B,$1.69B,10.47%,$16.12B,$2.21B,13.73%,$16.12B,$1.63B,10.13%,$16.12B,$1.03B,6.36%,$1.03B,$2.61B,36.80%,$1.03B,$2.61B,36.80%,$1.03B,$7.81B,13.54%,$1.69B,$3.94B,41.01%,$4385,$2945,$1440,$0,$0,$4030,$355,$-15,$340,$126,$214,$214,$214,$541,$355,$411,413,$0.53,$0.54,$1042,$2498,$821,$4361,$2814,$0,$0,$631,$3445,$7806,$2768,$1331,$1098,$2429,$5197,$20,$2484,$105,$2609,$7806,$706,$390,$5,$395,$0,$-615,$149,$54,$-367,$734,$-505,$0,$0,$0,$0,$0,$-4,$-509,$0,$400,$400,$-762,$-762,$-285,$-45,$-692,$-473,$58,$-285
12,2015-07-31,32.8,$6.51,5.03,$37.74,0.87,$6.11,5.36,$2.63,12.47,$3.95B,$2.18B,1.81,$1.33B,$2.67B,0.5,$16.24B,$6.09B,37.54%,$16.24B,$1.83B,11.26%,$16.24B,$1.83B,11.26%,$16.24B,$2.35B,14.48%,$16.24B,$1.77B,10.92%,$16.24B,$1.13B,6.95%,$1.13B,$2.67B,39.62%,$1.13B,$2.67B,39.62%,$1.13B,$7.29B,14.90%,$1.83B,$4.00B,43.69%,$3857,$2417,$1440,$0,$0,$3443,$414,$-18,$396,$148,$248,$248,$248,$499,$414,$406,408,$0.61,$0.61,$1043,$2005,$899,$3947,$2740,$0,$0,$600,$3340,$7287,$2184,$1328,$1104,$2432,$4616,$20,$2507,$144,$2671,$7287,$458,$263,$32,$295,$0,$-124,$36,$49,$-111,$642,$-301,$0,$0,$0,$0,$0,$-1,$-302,$0,$0,$0,$-569,$-569,$-192,$-45,$-806,$-472,$43,$-192
13,2015-04-30,35.43,$6.87,5.16,$37.40,0.95,$7.08,5.0,$2.86,12.39,$4.12B,$2.17B,1.89,$1.33B,$2.88B,0.46,$16.32B,$6.21B,38.03%,$16.32B,$2.03B,12.42%,$16.32B,$2.03B,12.42%,$16.32B,$2.54B,15.57%,$16.32B,$1.97B,12.07%,$16.32B,$1.24B,7.61%,$1.24B,$2.88B,42.56%,$1.24B,$2.88B,42.56%,$1.24B,$7.50B,16.18%,$2.03B,$4.21B,47.52%,$3898,$2440,$1458,$0,$0,$3529,$369,$-16,$353,$134,$219,$219,$219,$519,$369,$417,418,$0.53,$0.52,$1234,$2010,$874,$4118,$2790,$0,$0,$587,$3377,$7495,$2174,$1331,$1111,$2442,$4616,$21,$2718,$140,$2879,$7495,$239,$133,$2,$135,$0,$-117,$-20,$-6,$-163,$211,$-150,$0,$0,$0,$0,$0,$0,$-150,$0,$0,$0,$-197,$-197,$-97,$-49,$-343,$-281,$22,$-97
14,2015-01-31,36.62,$7.09,5.17,$37.14,0.99,$7.71,4.75,$2.88,12.71,$4.32B,$2.23B,1.93,$1.33B,$2.98B,0.45,$16.44B,$6.29B,38.27%,$16.44B,$2.08B,12.67%,$16.44B,$2.08B,12.67%,$16.44B,$2.58B,15.72%,$16.44B,$2.01B,12.25%,$16.44B,$1.26B,7.68%,$1.26B,$2.98B,42.71%,$1.26B,$2.98B,42.71%,$1.26B,$7.69B,16.35%,$2.08B,$4.32B,48.31%,$3657,$2275,$1382,$0,$0,$3271,$386,$-4,$382,$143,$239,$239,$239,$654,$386,$421,424,$0.57,$0.56,$1515,$1889,$913,$4317,$2773,$0,$0,$600,$3373,$7690,$2234,$1332,$1141,$2473,$4707,$21,$2797,$165,$2983,$7690,$1262,$500,$118,$618,$0,$-9,$-41,$419,$249,$2129,$-593,$0,$0,$0,$0,$0,$-3,$-596,$-21,$0,$-21,$-1089,$-1089,$-383,$-14,$-1507,$5,$100,$-383
15,2014-10-31,33.51,$6.73,4.98,$36.24,0.92,$6.44,5.2,$2.81,11.93,$4.32B,$2.52B,1.71,$1.36B,$2.86B,0.48,$16.30B,$6.22B,38.18%,$16.30B,$2.09B,12.80%,$16.30B,$2.09B,12.80%,$16.30B,$2.57B,15.78%,$16.30B,$2.02B,12.36%,$16.30B,$1.25B,7.67%,$1.25B,$2.86B,42.02%,$1.25B,$2.86B,42.02%,$1.25B,$7.82B,16.11%,$2.09B,$4.21B,48.05%,$4708,$3050,$1658,$0,$0,$4189,$519,$-17,$502,$183,$319,$319,$319,$679,$519,$435,440,$0.75,$0.74,$954,$2553,$816,$4323,$2777,$0,$0,$719,$3496,$7819,$2522,$1358,$1084,$2442,$4964,$21,$2680,$154,$2855,$7819,$943,$365,$-6,$359,$0,$-644,$244,$319,$-188,$1114,$-387,$0,$0,$0,$0,$0,$-1,$-388,$0,$0,$0,$-970,$-970,$-290,$-16,$-1276,$-556,$76,$-290
16,2014-07-31,35.28,$6.79,5.2,$35.65,0.99,$5.77,6.11,$2.73,12.92,$4.24B,$2.26B,1.88,$1.37B,$2.95B,0.47,$16.31B,$6.22B,38.13%,$16.31B,$2.11B,12.93%,$16.31B,$2.11B,12.93%,$16.31B,$2.58B,15.84%,$16.31B,$2.04B,12.48%,$16.31B,$1.24B,7.58%,$1.24B,$2.95B,41.20%,$1.24B,$2.95B,41.20%,$1.24B,$7.68B,15.94%,$2.11B,$4.32B,48.59%,$3972,$2376,$1596,$0,$0,$3418,$554,$-18,$536,$185,$351,$351,$351,$689,$554,$432,437,$0.81,$0.80,$1518,$1948,$778,$4244,$2739,$0,$0,$695,$3434,$7678,$2262,$1369,$1101,$2470,$4732,$22,$2795,$129,$2946,$7678,$592,$240,$-5,$235,$0,$-18,$-14,$341,$169,$996,$-207,$0,$0,$0,$0,$0,$-1,$-208,$0,$0,$0,$-565,$-565,$-194,$-22,$-781,$8,$53,$-194
17,2014-04-30,34.39,$6.85,5.02,$34.84,0.99,$5.14,6.7,$2.62,13.13,$4.32B,$2.20B,1.96,$1.37B,$3.04B,0.45,$16.19B,$6.22B,38.38%,$16.19B,$2.06B,12.73%,$16.19B,$2.06B,12.73%,$16.19B,$2.53B,15.64%,$16.19B,$1.99B,12.28%,$16.19B,$1.21B,7.45%,$1.21B,$3.04B,38.59%,$1.21B,$3.04B,38.59%,$1.21B,$7.70B,15.45%,$2.06B,$4.41B,46.48%,$3981,$2412,$1569,$0,$0,$3414,$567,$-18,$549,$217,$332,$332,$332,$561,$567,$439,443,$0.76,$0.75,$1544,$1909,$867,$4320,$2703,$0,$0,$672,$3375,$7695,$2203,$1369,$1087,$2456,$4659,$22,$2884,$130,$3036,$7695,$260,$118,$33,$151,$0,$21,$-144,$283,$102,$513,$-162,$0,$0,$0,$0,$0,$-1,$-163,$0,$0,$0,$-197,$-197,$-98,$-23,$-318,$34,$25,$-98
18,2014-01-31,33.14,$6.87,4.83,$34.39,0.96,$4.79,6.91,$2.75,12.05,$4.43B,$2.45B,1.81,$1.37B,$3.06B,0.45,$16.15B,$6.29B,38.97%,$16.15B,$2.15B,13.31%,$16.15B,$2.15B,13.31%,$16.15B,$2.62B,16.22%,$16.15B,$2.09B,12.96%,$16.15B,$1.28B,7.93%,$1.28B,$3.06B,40.52%,$1.28B,$3.06B,40.52%,$1.28B,$7.85B,16.52%,$2.15B,$4.43B,48.44%,$3774,$2308,$1466,$0,$0,$3331,$443,$-17,$426,$166,$260,$260,$260,$643,$443,$445,451,$0.58,$0.58,$1510,$1928,$992,$4430,$2758,$0,$0,$661,$3419,$7849,$2445,$1369,$973,$2342,$4787,$55,$14218,$135,$3062,$7849,$1280,$470,$119,$589,$0,$-193,$105,$3,$-164,$1705,$-670,$0,$0,$50,$0,$50,$-4,$-624,$144,$0,$144,$-837,$-837,$-321,$10,$-1004,$50,$116,$-321
19,2013-10-31,32.03,$6.58,4.87,$34.27,0.93,$5.19,6.17,$2.80,11.44,$4.39B,$2.63B,1.67,$1.25B,$2.96B,0.42,$16.30B,$6.48B,39.73%,$16.30B,$2.23B,13.68%,$16.30B,$2.23B,13.68%,$16.30B,$2.70B,16.55%,$16.30B,$2.17B,13.33%,$16.30B,$1.32B,8.12%,$1.32B,$2.96B,42.47%,$1.32B,$2.96B,42.47%,$1.32B,$7.79B,17.30%,$2.23B,$4.20B,51.08%,$4575,$2982,$1593,$0,$0,$4053,$522,$-18,$504,$197,$307,$307,$307,$690,$522,$461,467,$0.68,$0.67,$996,$2471,$923,$4390,$2714,$0,$0,$682,$3396,$7786,$2631,$1247,$952,$2199,$4830,$55,$14000,$145,$2956,$7786,$973,$349,$75,$424,$0,$-723,$370,$-44,$-444,$953,$-487,$0,$0,$50,$0,$50,$-2,$-439,$0,$0,$0,$-875,$-875,$-232,$144,$-963,$-464,$86,$-232
20,2013-07-31,39.32,$7.39,5.32,$33.70,1.17,$5.79,6.79,$2.71,14.51,$4.59B,$2.28B,2.01,$1.25B,$3.46B,0.36,$16.19B,$6.48B,40.03%,$16.19B,$2.17B,13.43%,$16.19B,$2.17B,13.43%,$16.19B,$2.65B,16.35%,$16.19B,$2.12B,13.07%,$16.19B,$1.30B,8.00%,$1.30B,$3.46B,40.87%,$1.30B,$3.46B,40.87%,$1.30B,$7.92B,16.80%,$2.17B,$4.71B,49.22%,$3976,$2387,$1589,$0,$0,$3400,$576,$-20,$556,$219,$337,$337,$337,$638,$576,$463,468,$0.73,$0.72,$1925,$1837,$824,$4586,$2646,$0,$0,$688,$3334,$7920,$2278,$1247,$937,$2184,$4462,$55,$13755,$156,$3458,$7920,$636,$235,$65,$300,$0,$-90,$88,$22,$-79,$857,$-315,$0,$0,$50,$0,$50,$-4,$-269,$0,$0,$0,$-85,$-85,$-140,$120,$-105,$465,$60,$-140
21,2013-04-30,32.43,$6.78,4.78,$32.80,0.99,$6.01,5.39,$2.56,12.67,$4.13B,$2.10B,1.97,$1.25B,$3.16B,0.39,$15.89B,$6.34B,39.89%,$15.89B,$2.08B,13.07%,$15.89B,$2.08B,13.07%,$15.89B,$2.56B,16.08%,$15.89B,$2.02B,12.70%,$15.89B,$1.24B,7.77%,$1.24B,$3.16B,40.78%,$1.24B,$3.16B,40.78%,$1.24B,$7.44B,16.16%,$2.08B,$4.41B,47.70%,$3868,$2301,$1567,$0,$0,$3347,$521,$-18,$503,$200,$303,$303,$303,$648,$521,$468,473,$0.65,$0.64,$1610,$1723,$798,$4131,$2608,$0,$0,$700,$3308,$7439,$2102,$1247,$929,$2176,$4278,$55,$13522,$167,$3161,$7439,$333,$118,$55,$173,$0,$28,$-138,$25,$-150,$356,$-151,$0,$0,$50,$0,$50,$-3,$-104,$0,$0,$0,$-58,$-58,$-70,$42,$-86,$150,$31,$-70
22,2013-01-31,27.78,$6.25,4.45,$31.94,0.87,$6.01,4.62,$2.32,11.98,$4.13B,$2.34B,1.76,$1.25B,$2.89B,0.43,$15.65B,$6.17B,39.43%,$15.65B,$1.94B,12.41%,$15.65B,$1.94B,12.41%,$15.65B,$2.43B,15.49%,$15.65B,$1.86B,11.89%,$15.65B,$1.14B,7.25%,$1.14B,$2.89B,37.93%,$1.14B,$2.89B,37.93%,$1.14B,$7.47B,14.78%,$1.94B,$4.14B,44.15%,$3729,$2185,$1544,$0,$0,$3199,$530,$0,$530,$197,$333,$333,$333,$722,$530,$464,471,$0.72,$0.71,$1510,$1758,$864,$4132,$2619,$0,$0,$719,$3338,$7470,$2344,$1246,$986,$2232,$4576,$55,$13259,$181,$2894,$7470,$1135,$483,$86,$569,$0,$-143,$91,$70,$232,$1936,$-659,$0,$-129,$-50,$0,$-50,$-6,$-844,$-400,$-19,$-419,$-1030,$-1030,$-240,$208,$-1481,$-425,$113,$-240
23,2012-10-31,30.24,$6.59,4.59,$30.29,1.0,$4.93,6.14,$2.03,14.9,$4.83B,$2.63B,1.84,$1.25B,$3.16B,0.39,$15.21B,$5.80B,38.14%,$15.21B,$1.71B,11.26%,$15.21B,$1.71B,11.26%,$15.21B,$2.20B,14.46%,$15.21B,$1.63B,10.70%,$15.21B,$1.00B,6.59%,$1.00B,$3.16B,33.88%,$1.00B,$3.16B,33.88%,$1.00B,$8.01B,13.07%,$1.71B,$4.41B,38.44%,$4725,$2949,$1776,$0,$0,$4123,$602,$-18,$584,$233,$351,$351,$351,$638,$602,$482,488,$0.73,$0.74,$1770,$2269,$794,$4833,$2559,$0,$0,$615,$3174,$8007,$2628,$1246,$972,$2218,$4846,$55,$12966,$219,$3161,$8007,$784,$363,$76,$439,$0,$-655,$517,$78,$2,$1225,$-449,$0,$0,$-50,$0,$-50,$-12,$-511,$-400,$-17,$-417,$-467,$-467,$-182,$191,$-875,$-165,$87,$-182
24,2012-07-31,24.89,$6.05,4.11,$29.47,0.84,$3.78,6.59,$1.78,13.98,$4.54B,$2.24B,2.03,$1.57B,$2.90B,0.54,$14.93B,$5.52B,36.98%,$14.93B,$1.54B,10.30%,$14.93B,$1.54B,10.30%,$14.93B,$2.03B,13.62%,$14.93B,$1.45B,9.73%,$14.93B,$0.89B,5.94%,$0.89B,$2.90B,31.32%,$0.89B,$2.90B,31.32%,$0.89B,$7.66B,11.70%,$1.54B,$4.46B,34.81%,$3864,$2271,$1593,$0,$0,$3344,$520,$-21,$499,$191,$308,$308,$308,$547,$520,$481,488,$0.64,$0.63,$2114,$1668,$758,$4540,$2521,$0,$0,$600,$3121,$7661,$2238,$1566,$959,$2525,$4763,$55,$12719,$224,$2898,$7661,$476,$245,$56,$301,$0,$-56,$142,$125,$193,$970,$-297,$0,$0,$-75,$0,$-75,$-6,$-378,$-40,$-11,$-51,$-369,$-369,$-121,$108,$-433,$154,$53,$-121
25,2012-04-30,23.94,$6.14,3.9,$28.41,0.84,$2.95,8.11,$1.64,14.6,$4.45B,$2.05B,2.16,$1.57B,$3.02B,0.52,$14.74B,$5.35B,36.26%,$14.74B,$1.45B,9.82%,$14.74B,$1.45B,9.82%,$14.74B,$1.95B,13.21%,$14.74B,$1.36B,9.23%,$14.74B,$0.83B,5.65%,$0.83B,$3.02B,28.84%,$0.83B,$3.02B,28.84%,$0.83B,$7.57B,10.94%,$1.45B,$4.58B,32.26%,$3575,$2148,$1427,$0,$0,$3150,$425,$-20,$405,$162,$243,$243,$243,$518,$425,$486,491,$0.50,$0.49,$2047,$1591,$807,$4445,$2521,$0,$0,$606,$3127,$7572,$2054,$1566,$935,$2501,$4555,$55,$12536,$226,$3017,$7572,$233,$123,$39,$162,$0,$24,$-45,$-20,$-31,$364,$-148,$0,$0,$-75,$0,$-75,$-8,$-231,$-40,$0,$-40,$-22,$-22,$-61,$81,$-42,$87,$30,$-61
26,2012-01-31,15.87,$5.68,2.79,$26.95,0.59,$2.69,5.89,$1.57,10.11,$4.31B,$2.13B,2.03,$1.61B,$2.76B,0.58,$14.55B,$5.27B,36.25%,$14.55B,$1.44B,9.88%,$14.55B,$1.44B,9.88%,$14.55B,$1.94B,13.36%,$14.55B,$1.37B,9.41%,$14.55B,$0.83B,5.73%,$0.83B,$2.76B,27.07%,$0.83B,$2.76B,27.07%,$0.83B,$7.42B,10.78%,$1.44B,$4.36B,31.31%,$3487,$2112,$1375,$0,$0,$3092,$395,$-22,$373,$140,$233,$233,$233,$496,$395,$489,494,$0.48,$0.47,$1885,$1615,$809,$4309,$2523,$0,$0,$590,$3113,$7422,$2128,$1606,$933,$2539,$4667,$55,$12364,$229,$2755,$7422,$833,$506,$118,$624,$0,$4,$11,$27,$-94,$1363,$-548,$0,$0,$100,$0,$100,$-6,$-454,$1646,$16,$1662,$-2092,$-2092,$-236,$64,$-602,$324,$58,$-236
27,2011-10-31,15.71,$5.44,2.89,$25.72,0.61,$3.02,5.21,$1.73,9.08,$4.55B,$2.48B,1.84,$1.61B,$2.66B,0.6,$14.63B,$5.54B,37.85%,$14.63B,$1.66B,11.34%,$14.63B,$1.66B,11.34%,$14.63B,$2.17B,14.86%,$14.63B,$1.62B,11.05%,$14.63B,$0.98B,6.70%,$0.98B,$2.66B,28.75%,$0.98B,$2.66B,28.75%,$0.98B,$7.66B,12.83%,$1.66B,$4.27B,36.68%,$4283,$2878,$1405,$0,$0,$3911,$372,$-22,$350,$132,$218,$218,$218,$473,$372,$529,533,$0.44,$0.43,$1417,$2322,$815,$4554,$2550,$0,$0,$553,$3103,$7657,$2482,$1606,$910,$2516,$4998,$55,$12201,$226,$2659,$7657,$615,$382,$182,$564,$0,$-694,$422,$3,$-541,$638,$-416,$0,$0,$75,$0,$75,$-4,$-345,$1646,$9,$1655,$-2013,$-2013,$-181,$55,$-484,$-169,$50,$-181
28,2011-07-31,15.93,$5.93,2.69,$24.46,0.65,$3.41,4.67,$1.83,8.7,$4.68B,$2.16B,2.17,$1.61B,$3.12B,0.51,$14.70B,$5.73B,38.98%,$14.70B,$1.82B,12.36%,$14.70B,$1.82B,12.36%,$14.70B,$2.35B,15.95%,$14.70B,$1.79B,12.20%,$14.70B,$1.09B,7.42%,$1.09B,$3.12B,28.46%,$1.09B,$3.12B,28.46%,$1.09B,$7.81B,14.24%,$1.82B,$4.73B,40.00%,$3585,$2271,$1314,$0,$0,$3239,$346,$-21,$325,$132,$193,$193,$193,$460,$346,$503,505,$0.38,$0.38,$2179,$1750,$752,$4681,$2560,$0,$0,$565,$3125,$7806,$2158,$1606,$918,$2524,$4682,$55,$12063,$214,$3124,$7806,$422,$255,$117,$372,$0,$-115,$98,$58,$-235,$559,$-261,$0,$0,$25,$0,$25,$-3,$-239,$1646,$0,$1646,$-1360,$-1360,$-126,$40,$200,$543,$34,$-126
29,2011-04-30,19.07,$6.63,2.88,$23.34,0.82,$3.31,5.76,$1.84,10.36,$4.87B,$2.09B,2.33,$1.25B,$3.77B,0.33,$14.63B,$5.79B,39.59%,$14.63B,$1.88B,12.85%,$14.63B,$1.88B,12.85%,$14.63B,$2.42B,16.57%,$14.63B,$1.88B,12.84%,$14.63B,$1.14B,7.76%,$1.14B,$3.77B,27.48%,$1.14B,$3.77B,27.48%,$1.14B,$8.03B,15.07%,$1.88B,$5.02B,42.32%,$3386,$2135,$1251,$0,$0,$3052,$334,$-21,$313,$124,$189,$189,$189,$515,$334,$542,545,$0.35,$0.35,$2467,$1713,$690,$4870,$2559,$0,$0,$598,$3157,$8027,$2090,$1246,$920,$2166,$4256,$55,$11934,$200,$3771,$8027,$233,$129,$34,$163,$0,$-80,$-7,$-8,$-165,$231,$-127,$0,$0,$50,$0,$50,$-2,$-79,$1246,$0,$1246,$-518,$-518,$-66,$27,$689,$856,$17,$-66
30,2011-01-31,15.73,$6.94,2.27,$22.66,0.69,$3.46,4.54,$1.89,8.32,$3.93B,$2.10B,1.87,$0.00B,$4.08B,0.0,$14.66B,$5.89B,40.16%,$14.66B,$1.97B,13.42%,$14.66B,$1.97B,13.42%,$14.66B,$2.53B,17.25%,$14.66B,$1.98B,13.52%,$14.66B,$1.20B,8.21%,$1.20B,$4.08B,27.27%,$1.20B,$4.08B,27.27%,$1.20B,$7.07B,16.03%,$1.97B,$4.08B,44.58%,$3295,$1991,$1304,$0,$0,$2909,$386,$-5,$381,$148,$233,$233,$233,$726,$386,$583,588,$0.40,$0.40,$1661,$1620,$645,$3926,$2563,$0,$0,$576,$3139,$7065,$2095,$0,$890,$890,$2985,$55,$11767,$185,$4080,$7065,$1204,$562,$225,$787,$0,$-127,$-7,$-38,$-247,$1744,$-557,$0,$0,$125,$0,$125,$3,$-429,$0,$3,$3,$-1959,$-1959,$-252,$81,$-2127,$-787,$77,$-252
31,2010-10-31,15.45,$7.05,2.19,$21.92,0.71,$3.89,3.97,$1.80,8.58,$4.48B,$2.41B,1.86,$0.00B,$4.34B,0.0,$14.54B,$5.89B,40.54%,$14.54B,$1.96B,13.50%,$14.54B,$1.96B,13.50%,$14.54B,$2.53B,17.43%,$14.54B,$1.97B,13.57%,$14.54B,$1.19B,8.19%,$1.19B,$4.34B,25.79%,$1.19B,$4.34B,25.79%,$1.19B,$7.73B,15.38%,$1.96B,$4.34B,42.49%,$4364,$2695,$1669,$0,$0,$3771,$593,$4,$597,$232,$365,$365,$365,$644,$593,$636,641,$0.59,$0.59,$1654,$2160,$663,$4477,$2587,$0,$0,$664,$3251,$7728,$2412,$0,$972,$972,$3384,$55,$11462,$183,$4344,$7728,$839,$429,$94,$523,$0,$-666,$383,$18,$-426,$936,$-413,$0,$0,$-25,$0,$-25,$3,$-435,$0,$3,$3,$-1352,$-1352,$-192,$71,$-1470,$-945,$61,$-192
32,2010-07-31,14.64,$6.87,2.13,$21.18,0.69,$4.38,3.34,$1.76,8.32,$4.05B,$2.03B,2.0,$0.00B,$4.33B,0.0,$14.47B,$5.91B,40.85%,$14.47B,$1.96B,13.53%,$14.47B,$1.96B,13.53%,$14.47B,$2.54B,17.52%,$14.47B,$1.97B,13.61%,$14.47B,$1.20B,8.26%,$1.20B,$4.33B,25.02%,$1.20B,$4.33B,25.02%,$1.20B,$7.31B,15.09%,$1.96B,$4.33B,40.99%,$3654,$2149,$1505,$0,$0,$3150,$504,$-2,$502,$199,$303,$303,$303,$539,$504,$622,626,$0.49,$0.48,$1703,$1632,$718,$4053,$2565,$0,$0,$690,$3255,$7308,$2029,$0,$952,$952,$2981,$55,$11221,$167,$4327,$7308,$536,$289,$-1,$288,$0,$-150,$98,$19,$-310,$540,$-248,$0,$0,$-125,$0,$-125,$-5,$-378,$0,$0,$0,$-1098,$-1098,$-130,$63,$-1165,$-995,$45,$-130
33,2010-04-30,19.89,$7.36,2.7,$20.72,0.96,$4.77,4.17,$1.73,11.5,$4.66B,$2.09B,2.23,$0.00B,$4.91B,0.0,$14.40B,$5.89B,40.88%,$14.40B,$1.94B,13.45%,$14.40B,$1.94B,13.45%,$14.40B,$2.51B,17.45%,$14.40B,$1.95B,13.53%,$14.40B,$1.19B,8.26%,$1.19B,$4.91B,24.36%,$1.19B,$4.91B,24.36%,$1.19B,$7.95B,14.83%,$1.94B,$4.91B,39.66%,$3317,$2003,$1314,$0,$0,$2920,$397,$1,$398,$164,$234,$234,$234,$621,$397,$646,651,$0.36,$0.36,$2481,$1534,$649,$4664,$2585,$0,$0,$696,$3281,$7945,$2091,$0,$947,$947,$3038,$55,$11050,$146,$4907,$7945,$302,$147,$25,$172,$0,$-58,$16,$-55,$-145,$329,$-107,$0,$0,$-200,$0,$-200,$2,$-305,$0,$0,$0,$-299,$-299,$-67,$53,$-313,$-292,$27,$-67
34,2010-01-31,15.28,$7.24,2.11,$20.28,0.75,$4.65,3.29,$1.59,9.61,$4.66B,$2.13B,2.19,$0.00B,$4.89B,0.0,$14.20B,$5.72B,40.32%,$14.20B,$1.82B,12.78%,$14.20B,$1.82B,12.78%,$14.20B,$2.39B,16.82%,$14.20B,$1.82B,12.79%,$14.20B,$1.10B,7.76%,$1.10B,$4.89B,23.01%,$1.10B,$4.89B,23.01%,$1.10B,$7.99B,14.06%,$1.82B,$4.89B,37.90%,$3329,$1928,$1401,$0,$0,$2855,$474,$11,$485,$183,$302,$302,$302,$729,$474,$668,676,$0.45,$0.45,$2573,$1477,$614,$4664,$2628,$0,$0,$693,$3321,$7985,$2131,$0,$963,$963,$3094,$55,$10815,$155,$4891,$7985,$1102,$573,$24,$597,$0,$43,$40,$105,$229,$1928,$-333,$0,$0,$-225,$0,$-225,$21,$-537,$-50,$0,$-50,$-547,$-547,$-234,$60,$-771,$633,$64,$-234
35,2009-10-31,17.02,$7.17,2.37,$19.90,0.86,$3.73,4.56,$1.42,11.99,$5.05B,$2.47B,2.04,$0.00B,$4.98B,0.0,$14.04B,$5.44B,38.74%,$14.04B,$1.63B,11.58%,$14.04B,$1.63B,11.58%,$14.04B,$2.20B,15.69%,$14.04B,$1.63B,11.61%,$14.04B,$0.99B,7.07%,$0.99B,$4.98B,21.29%,$0.99B,$4.98B,21.29%,$0.99B,$8.43B,12.85%,$1.63B,$4.98B,34.87%,$4236,$2563,$1673,$0,$0,$3649,$587,$0,$587,$235,$352,$352,$352,$647,$587,$694,699,$0.51,$0.50,$2398,$1999,$657,$5054,$2717,$0,$0,$659,$3376,$8430,$2474,$0,$975,$975,$3449,$55,$10519,$153,$4981,$8430,$750,$431,$-20,$411,$0,$-478,$419,$119,$-9,$1152,$-221,$0,$0,$-225,$0,$-225,$19,$-427,$-50,$0,$-50,$-106,$-106,$-178,$50,$-284,$458,$48,$-178
36,2009-07-31,12.97,$6.81,1.9,$19.80,0.65,$3.14,4.14,$1.33,9.75,$4.28B,$1.97B,2.17,$0.00B,$4.75B,0.0,$14.02B,$5.29B,37.77%,$14.02B,$1.52B,10.85%,$14.02B,$1.52B,10.85%,$14.02B,$2.09B,14.92%,$14.02B,$1.53B,10.90%,$14.02B,$0.93B,6.65%,$0.93B,$4.75B,20.71%,$0.93B,$4.75B,20.71%,$0.93B,$7.71B,12.15%,$1.52B,$4.75B,33.78%,$3589,$2065,$1524,$0,$0,$3089,$500,$0,$500,$193,$307,$307,$307,$516,$500,$698,704,$0.44,$0.44,$2131,$1473,$672,$4276,$2775,$0,$0,$654,$3429,$7705,$1971,$0,$989,$989,$2960,$55,$10272,$130,$4745,$7705,$443,$284,$1,$285,$0,$45,$49,$60,$-8,$720,$-131,$0,$0,$-100,$0,$-100,$18,$-213,$-50,$0,$-50,$-45,$-45,$-118,$10,$-203,$316,$25,$-118
37,2009-04-30,12.28,$6.52,1.88,$20.03,0.61,$2.79,4.41,$1.32,9.3,$3.77B,$1.69B,2.24,$0.00B,$4.54B,0.0,$14.27B,$5.34B,37.45%,$14.27B,$1.52B,10.64%,$14.27B,$1.52B,10.64%,$14.27B,$2.09B,14.65%,$14.27B,$1.53B,10.72%,$14.27B,$0.93B,6.54%,$0.93B,$4.54B,21.36%,$0.93B,$4.54B,21.36%,$0.93B,$7.22B,12.17%,$1.52B,$4.54B,34.74%,$3245,$1957,$1288,$0,$0,$2870,$375,$1,$376,$148,$228,$228,$228,$496,$375,$697,700,$0.33,$0.33,$1729,$1393,$647,$3769,$2820,$0,$0,$632,$3452,$7221,$1685,$0,$996,$996,$2681,$55,$10103,$116,$4540,$7221,$215,$143,$-6,$137,$0,$110,$-155,$-27,$-150,$202,$-63,$0,$0,$0,$0,$0,$18,$-45,$-50,$0,$-50,$-45,$-45,$-59,$0,$-154,$-7,$12,$-59
38,2009-01-31,8.86,$6.32,1.4,$20.14,0.44,$2.67,3.32,$1.35,6.56,$4.01B,$2.16B,1.86,$0.00B,$4.39B,0.0,$14.53B,$5.45B,37.50%,$14.53B,$1.55B,10.66%,$14.53B,$1.55B,10.66%,$14.53B,$2.12B,14.57%,$14.53B,$1.58B,10.90%,$14.53B,$0.97B,6.66%,$0.97B,$4.39B,22.42%,$0.97B,$4.39B,22.42%,$0.97B,$7.56B,12.44%,$1.55B,$4.39B,35.90%,$3127,$1888,$1239,$0,$0,$2774,$353,$0,$353,$138,$215,$215,$215,$544,$353,$695,697,$0.31,$0.31,$1756,$1506,$743,$4005,$2933,$0,$0,$626,$3559,$7564,$2158,$0,$1019,$1019,$3177,$55,$9947,$123,$4387,$7564,$967,$568,$125,$693,$0,$51,$-4,$83,$-248,$1412,$-430,$0,$-142,$176,$0,$176,$-2,$-398,$-138,$0,$-138,$-705,$-705,$-243,$81,$-1005,$-9,$55,$-243
39,2008-10-31,10.1,$6.13,1.65,$20.35,0.5,$3.08,3.28,$1.36,7.43,$4.56B,$2.84B,1.6,$0.00B,$4.33B,0.0,$15.12B,$5.68B,37.60%,$15.12B,$1.57B,10.37%,$15.12B,$1.57B,10.37%,$15.12B,$2.13B,14.09%,$15.12B,$1.62B,10.69%,$15.12B,$0.99B,6.54%,$0.99B,$4.33B,23.09%,$0.99B,$4.33B,23.09%,$0.99B,$8.19B,12.61%,$1.57B,$4.33B,36.49%,$4082,$2693,$1389,$0,$0,$3684,$398,$3,$401,$158,$243,$243,$243,$535,$398,$716,719,$0.34,$0.33,$1593,$2224,$740,$4557,$3016,$0,$0,$613,$3629,$8186,$2843,$0,$1018,$1018,$3861,$55,$9765,$116,$4325,$8186,$724,$422,$107,$529,$0,$-667,$594,$-27,$-419,$834,$-315,$0,$-141,$-75,$177,$102,$1,$-353,$0,$0,$0,$-593,$-593,$-183,$75,$-701,$-244,$42,$-183
40,2008-07-31,12.51,$5.95,2.1,$20.22,0.62,$2.98,4.2,$1.31,9.55,$4.11B,$2.44B,1.69,$0.00B,$4.22B,0.0,$15.41B,$5.75B,37.33%,$15.41B,$1.54B,10.01%,$15.41B,$1.54B,10.01%,$15.41B,$2.10B,13.65%,$15.41B,$1.61B,10.47%,$15.41B,$0.98B,6.37%,$0.98B,$4.22B,22.52%,$0.98B,$4.22B,22.52%,$0.98B,$7.70B,12.35%,$1.54B,$4.22B,34.93%,$3561,$2183,$1378,$0,$0,$3167,$394,$4,$398,$152,$246,$246,$246,$515,$394,$709,712,$0.35,$0.35,$1713,$1700,$693,$4106,$3129,$0,$0,$467,$3596,$7702,$2437,$0,$1041,$1041,$3478,$55,$9578,$142,$4224,$7702,$478,$281,$55,$336,$0,$-128,$222,$-14,$-252,$562,$-208,$0,$0,$102,$0,$102,$5,$-101,$0,$0,$0,$-500,$-500,$-123,$47,$-576,$-118,$30,$-123
41,2008-04-30,14.37,$5.95,2.42,$19.87,0.72,$2.91,4.94,$1.18,12.18,$3.97B,$2.28B,1.74,$0.00B,$4.31B,0.0,$15.60B,$5.68B,36.41%,$15.60B,$1.39B,8.94%,$15.60B,$1.39B,8.94%,$15.60B,$1.95B,12.48%,$15.60B,$1.49B,9.53%,$15.60B,$0.90B,5.80%,$0.90B,$4.31B,19.60%,$0.90B,$4.31B,19.60%,$0.90B,$7.65B,10.91%,$1.39B,$4.31B,29.54%,$3499,$2161,$1338,$0,$0,$3126,$373,$4,$377,$148,$229,$229,$229,$522,$373,$717,719,$0.32,$0.32,$1780,$1555,$635,$3970,$3207,$0,$0,$471,$3678,$7648,$2278,$0,$1057,$1057,$3335,$55,$9410,$138,$4313,$7648,$249,$139,$14,$153,$0,$19,$-49,$-75,$-226,$176,$-114,$0,$0,$177,$0,$177,$2,$65,$0,$0,$0,$-196,$-196,$-62,$39,$-219,$20,$13,$-62
42,2008-01-31,14.67,$5.82,2.52,$19.60,0.75,$3.02,4.86,$1.06,13.84,$4.09B,$2.43B,1.68,$0.05B,$4.27B,0.01,$15.76B,$5.69B,36.11%,$15.76B,$1.32B,8.34%,$15.76B,$1.32B,8.34%,$15.76B,$1.86B,11.81%,$15.76B,$1.41B,8.92%,$15.76B,$0.83B,5.28%,$0.83B,$4.27B,17.12%,$0.83B,$4.27B,17.12%,$0.83B,$7.84B,9.70%,$1.32B,$4.32B,26.20%,$3384,$2042,$1342,$0,$0,$3001,$383,$25,$408,$159,$249,$249,$249,$558,$383,$733,736,$0.34,$0.34,$1939,$1575,$572,$4086,$3267,$0,$0,$485,$3752,$7838,$2433,$50,$1081,$1131,$3564,$55,$9223,$125,$4274,$7838,$833,$547,$56,$603,$0,$252,$199,$166,$645,$2081,$-671,$0,$0,$393,$0,$393,$4,$-274,$-326,$0,$-326,$-1700,$-1700,$-252,$132,$-2146,$-306,$52,$-252
43,2007-10-31,14.47,$6.06,2.39,$19.60,0.74,$2.08,6.95,$0.98,14.76,$4.86B,$2.71B,1.79,$0.19B,$4.61B,0.04,$16.01B,$5.67B,35.45%,$16.01B,$1.27B,7.96%,$16.01B,$1.27B,7.96%,$16.01B,$1.81B,11.29%,$16.01B,$1.37B,8.58%,$16.01B,$0.79B,4.92%,$0.79B,$4.61B,15.46%,$0.79B,$4.61B,15.46%,$0.79B,$8.58B,8.98%,$1.27B,$4.80B,24.14%,$4675,$3049,$1626,$0,$0,$4257,$418,$15,$433,$168,$265,$265,$265,$508,$418,$791,794,$0.34,$0.34,$1699,$2480,$682,$4861,$3302,$0,$0,$421,$3723,$8584,$2714,$188,$1072,$1260,$3974,$55,$9018,$106,$4610,$8584,$568,$407,$-73,$334,$0,$-645,$581,$155,$101,$1003,$-508,$0,$0,$405,$0,$405,$-2,$-105,$-326,$0,$-326,$-1050,$-1050,$-192,$90,$-1478,$-539,$38,$-192
44,2007-07-31,13.11,$6.51,2.01,$19.35,0.68,$1.74,7.54,$0.91,14.41,$5.39B,$2.53B,2.14,$0.19B,$5.25B,0.04,$16.00B,$5.67B,35.43%,$16.00B,$1.19B,7.42%,$16.00B,$1.19B,7.42%,$16.00B,$1.71B,10.68%,$16.00B,$1.28B,8.02%,$16.00B,$0.74B,4.61%,$0.74B,$5.25B,14.09%,$0.74B,$5.25B,14.09%,$0.74B,$9.08B,8.27%,$1.19B,$5.44B,21.88%,$3854,$2407,$1447,$0,$0,$3486,$368,$27,$395,$156,$239,$239,$238,$358,$368,$788,791,$0.30,$0.30,$2738,$1969,$683,$5390,$3234,$0,$0,$452,$3686,$9076,$2525,$188,$1112,$1300,$3825,$55,$8842,$83,$5251,$9076,$331,$267,$-79,$188,$0,$-157,$252,$211,$150,$669,$-322,$0,$0,$-719,$802,$83,$0,$-239,$0,$0,$0,$-200,$-200,$-130,$57,$-273,$179,$24,$-130
45,2007-04-30,13.63,$6.53,2.09,$19.25,0.71,$1.67,8.15,$0.87,15.66,$5.28B,$2.27B,2.33,$0.19B,$5.33B,0.04,$16.03B,$5.63B,35.12%,$16.03B,$1.16B,7.21%,$16.03B,$1.16B,7.21%,$16.03B,$1.69B,10.51%,$16.03B,$1.25B,7.78%,$16.03B,$0.71B,4.45%,$0.71B,$5.33B,13.61%,$0.71B,$5.33B,13.61%,$0.71B,$8.85B,8.03%,$1.16B,$5.52B,20.97%,$3685,$2421,$1264,$0,$0,$3460,$225,$26,$251,$93,$158,$158,$152,$438,$225,$814,817,$0.19,$0.19,$2787,$1814,$680,$5281,$3153,$0,$0,$415,$3568,$8849,$2268,$188,$1066,$1254,$3522,$55,$8755,$83,$5327,$8849,$178,$134,$-79,$55,$0,$-9,$-12,$74,$48,$281,$-122,$0,$0,$48,$0,$48,$7,$-67,$0,$0,$0,$0,$0,$-65,$32,$-33,$192,$11,$-65
46,2007-01-31,14.49,$6.36,2.28,$18.92,0.77,$1.74,8.33,$0.93,15.58,$5.03B,$2.27B,2.21,$0.19B,$5.17B,0.04,$15.92B,$5.66B,35.53%,$15.92B,$1.23B,7.69%,$15.92B,$1.23B,7.69%,$15.92B,$1.76B,11.02%,$15.92B,$1.32B,8.26%,$15.92B,$0.78B,4.89%,$0.78B,$5.17B,14.87%,$0.78B,$5.17B,14.87%,$0.78B,$8.54B,8.74%,$1.23B,$5.36B,21.94%,$3549,$2194,$1355,$0,$0,$3245,$304,$23,$327,$122,$205,$205,$178,$503,$304,$815,819,$0.22,$0.22,$2644,$1796,$589,$5029,$3197,$0,$0,$318,$3515,$8544,$2272,$188,$910,$1098,$3370,$55,$8646,$77,$5174,$8544,$778,$530,$26,$556,$0,$-97,$-6,$65,$-84,$1250,$-550,$0,$0,$381,$0,$381,$19,$-150,$0,$0,$0,$-1050,$-1050,$-265,$213,$-1102,$-5,$54,$-265
47,2006-10-31,15.82,$6.32,2.5,$18.38,0.86,$1.99,7.97,$1.05,15.07,$5.59B,$2.90B,1.93,$0.19B,$5.19B,0.04,$15.82B,$5.69B,35.99%,$15.82B,$1.39B,8.78%,$15.82B,$1.39B,8.78%,$15.82B,$2.00B,12.61%,$15.82B,$1.48B,9.33%,$15.82B,$0.90B,5.67%,$0.90B,$5.19B,16.94%,$0.90B,$5.19B,16.94%,$0.90B,$9.21B,10.00%,$1.39B,$5.38B,24.27%,$4917,$3309,$1608,$0,$0,$4540,$377,$24,$401,$165,$236,$236,$219,$410,$377,$831,836,$0.28,$0.27,$2426,$2617,$546,$5589,$3245,$0,$0,$373,$3618,$9207,$2899,$188,$927,$1115,$4014,$54,$8491,$80,$5193,$9207,$559,$404,$-48,$356,$0,$-913,$460,$28,$-295,$620,$-384,$0,$0,$339,$0,$339,$-5,$-50,$0,$0,$0,$-771,$-771,$-201,$113,$-859,$-282,$38,$-201
