,Date,Stock Price,Book Value per Share,Price to Book Ratio,TTM Sales per Share,Price to Sales Ratio,TTM FCF per Share,Price to FCF Ratio,TTM Net EPS,PE Ratio,Current Assets,Current Liabilities,Current Ratio,Long Term Debt,Shareholder's Equity_x,Debt to Equity Ratio,TTM Revenue_x,TTM Gross Profit,Gross Margin,TTM Revenue_y,TTM Operating Income,Operating Margin,TTM Revenue_x,TTM EBIT,EBIT Margin,TTM Revenue_y,TTM EBITDA,EBITDA Margin,TTM Revenue_x,TTM Pre-Tax Income,Pre-Tax Margin,TTM Revenue_y,TTM Net Income_x,Net Margin,TTM Net Income_y,Shareholder's Equity_y,Return on Equity,TTM Net Income_x,Tangible Equity,Return on Tangible Equity,TTM Net Income_y,Total Assets,Return on Assets,TTM Net Income,LT Investments & Debt,Return on Investment,revenue,cost-goods-sold,gross-profit,research-development-expenses,selling-general-administrative-expenses,operating-expenses,operating-income,total-non-operating-income-expense,pre-tax-income,total-provision-income-taxes,income-after-taxes,income-from-continuous-operations,net-income,ebitda,ebit,basic-shares-outstanding,shares-outstanding,eps-basic-net-earnings-per-share,eps-earnings-per-share-diluted,cash-on-hand,inventory,other-current-assets,total-current-assets,net-property-plant-equipment,long-term-investments,goodwill-intangible-assets-total,other-long-term-assets,total-long-term-assets,total-assets,total-current-liabilities,long-term-debt,other-non-current-liabilities,total-long-term-liabilities,total-liabilities,common-stock-net,retained-earnings-accumulated-deficit,comprehensive-income,total-share-holder-equity,total-liabilities-share-holders-equity,net-income-loss,total-depreciation-amortization-cash-flow,other-non-cash-items,total-non-cash-items,change-in-accounts-receivable,change-in-inventories,change-in-accounts-payable,change-in-assets-liabilities,total-change-in-assets-liabilities,cash-flow-from-operating-activities,net-change-in-property-plant-equipment,net-change-in-intangible-assets,net-acquisitions-divestitures,net-change-in-short-term-investments,net-change-in-long-term-investments,net-change-in-investments-total,investing-activities-other,cash-flow-from-investing-activities,net-long-term-debt,net-current-debt,debt-issuance-retirement-net-total,net-common-equity-issued-repurchased,net-total-equity-issued-repurchased,total-common-preferred-stock-dividends-paid,financial-activities-other,cash-flow-from-financial-activities,net-cash-flow,stock-based-compensation,common-stock-dividends-paid
0,2018-09-30,16.85,$11.42,1.48,$30.76,0.55,$2.27,7.42,$0.56,30.09,$0.19B,$0.18B,1.1,$0.03B,$0.19B,0.13,$0.52B,$0.08B,15.92%,$0.52B,$0.02B,3.88%,$0.52B,$0.02B,3.88%,$0.52B,$0.03B,5.44%,$0.52B,$0.01B,2.72%,$0.52B,$0.01B,1.94%,$0.01B,$0.19B,5.33%,$0.01B,$-0.00B,78.43%,$0.01B,$0.40B,2.64%,$0.02B,$0.21B,9.62%,$124,$104,$19,$0,$14,$117,$6,$-2,$4,$1,$3,$3,$3,$8,$6,$17,17,$0.20,$0.20,$10,$0,$0,$193,$6,$0,$192,$10,$208,$401,$176,$25,$11,$36,$212,$0,$116,$-18,$189,$401,$9,$6,$-1,$5,$-5,$0,$0,$-1,$-11,$4,$-2,$0,$-43,$0,$0,$0,$-3,$-48,$9,$32,$41,$-8,$-8,$0,$-0,$33,$-13,$4,$0
1,2018-06-30,17.6,$11.25,1.56,$30.67,0.57,$3.31,5.32,$0.55,32.0,$0.18B,$0.17B,1.12,$0.03B,$0.19B,0.15,$0.52B,$0.08B,15.92%,$0.52B,$0.02B,3.50%,$0.52B,$0.02B,3.50%,$0.52B,$0.03B,5.05%,$0.52B,$0.01B,2.72%,$0.52B,$0.01B,1.94%,$0.01B,$0.19B,5.33%,$0.01B,$-0.01B,44.44%,$0.01B,$0.39B,2.72%,$0.02B,$0.21B,8.71%,$134,$111,$23,$0,$15,$128,$6,$-1,$5,$1,$4,$4,$4,$8,$6,$17,17,$0.22,$0.22,$14,$0,$46,$184,$6,$0,$191,$8,$205,$389,$165,$28,$10,$38,$203,$0,$112,$-18,$186,$389,$6,$4,$-1,$3,$11,$0,$0,$-12,$-3,$7,$-2,$0,$-40,$0,$0,$0,$-2,$-44,$12,$24,$36,$-8,$-8,$0,$-0,$28,$-9,$3,$0
2,2018-03-31,22.65,$11.34,2.0,$30.41,0.74,$4.04,5.6,$0.68,33.31,$0.19B,$0.15B,1.22,$0.01B,$0.19B,0.07,$0.51B,$0.08B,15.82%,$0.51B,$0.02B,4.10%,$0.51B,$0.02B,4.10%,$0.51B,$0.03B,5.66%,$0.51B,$0.02B,3.32%,$0.51B,$0.01B,2.34%,$0.01B,$0.19B,6.42%,$0.01B,$0.02B,36.92%,$0.01B,$0.36B,3.38%,$0.02B,$0.20B,10.27%,$125,$107,$18,$0,$15,$120,$5,$-1,$4,$2,$3,$3,$3,$7,$5,$17,17,$0.16,$0.16,$17,$0,$43,$187,$5,$0,$163,$8,$176,$363,$153,$13,$10,$23,$176,$0,$109,$-12,$187,$363,$3,$2,$-1,$1,$13,$0,$0,$-8,$6,$9,$-0,$0,$-10,$0,$0,$0,$-1,$-11,$-3,$6,$3,$-8,$-8,$0,$-0,$-5,$-7,$1,$0
3,2017-12-31,23.2,$11.23,2.07,$30.20,0.77,$3.71,6.25,$0.76,30.53,$0.20B,$0.15B,1.33,$0.02B,$0.19B,0.09,$0.51B,$0.08B,16.11%,$0.51B,$0.02B,4.52%,$0.51B,$0.02B,4.52%,$0.51B,$0.03B,5.89%,$0.51B,$0.02B,3.73%,$0.51B,$0.01B,2.55%,$0.01B,$0.19B,7.09%,$0.01B,$0.04B,37.41%,$0.01B,$0.37B,3.76%,$0.02B,$0.20B,11.29%,$132,$110,$22,$0,$17,$129,$3,$-2,$1,$2,$-0,$-0,$-0,$5,$3,$17,17,$-0.02,$-0.02,$24,$0,$0,$200,$5,$0,$153,$7,$165,$365,$150,$16,$11,$27,$177,$0,$107,$-15,$188,$365,$13,$7,$4,$11,$-11,$0,$0,$-2,$2,$26,$-4,$0,$-11,$0,$0,$0,$-0,$-15,$-12,$18,$6,$-4,$-4,$0,$-6,$-4,$7,$6,$0
4,2017-09-30,30.85,$11.30,2.73,$29.99,1.03,$3.34,9.25,$1.18,26.14,$0.19B,$0.13B,1.4,$0.02B,$0.19B,0.1,$0.50B,$0.08B,16.27%,$0.50B,$0.03B,5.75%,$0.50B,$0.03B,5.75%,$0.50B,$0.04B,7.14%,$0.50B,$0.03B,5.16%,$0.50B,$0.02B,3.97%,$0.02B,$0.19B,11.24%,$0.02B,$0.04B,57.97%,$0.02B,$0.35B,6.00%,$0.03B,$0.21B,14.39%,$124,$105,$19,$0,$15,$120,$4,$-0,$4,$1,$3,$3,$3,$6,$4,$17,17,$0.20,$0.19,$18,$0,$53,$185,$5,$0,$154,$7,$166,$351,$132,$19,$10,$29,$161,$0,$107,$-15,$190,$351,$13,$5,$4,$9,$12,$0,$0,$-21,$-1,$21,$-2,$0,$-11,$0,$0,$0,$-1,$-14,$-9,$7,$-2,$-2,$-2,$0,$-2,$-6,$2,$5,$0
5,2017-06-30,26.4,$10.91,2.42,$29.93,0.88,$2.86,9.23,$1.28,20.63,$0.18B,$0.13B,1.43,$0.02B,$0.18B,0.12,$0.50B,$0.08B,16.53%,$0.50B,$0.03B,6.57%,$0.50B,$0.03B,6.57%,$0.50B,$0.04B,7.77%,$0.50B,$0.03B,5.98%,$0.50B,$0.02B,4.38%,$0.02B,$0.18B,12.87%,$0.02B,$0.04B,63.77%,$0.02B,$0.34B,6.83%,$0.03B,$0.21B,17.37%,$131,$109,$22,$0,$13,$122,$9,$-1,$8,$3,$6,$6,$6,$11,$9,$17,17,$0.35,$0.35,$24,$0,$46,$182,$5,$0,$147,$7,$159,$341,$127,$22,$10,$32,$159,$0,$104,$-17,$183,$341,$10,$3,$3,$6,$7,$0,$0,$-8,$4,$20,$-2,$0,$-6,$0,$0,$0,$-1,$-9,$-6,$4,$-2,$-2,$-2,$0,$-1,$-5,$7,$3,$0
6,2017-03-31,25.3,$10.30,2.46,$29.62,0.85,$2.33,10.85,$1.22,20.74,$0.18B,$0.12B,1.48,$0.03B,$0.17B,0.15,$0.50B,$0.08B,16.30%,$0.50B,$0.03B,6.44%,$0.50B,$0.03B,6.44%,$0.50B,$0.04B,7.65%,$0.50B,$0.03B,6.04%,$0.50B,$0.02B,4.23%,$0.02B,$0.17B,12.75%,$0.02B,$0.03B,63.16%,$0.02B,$0.33B,6.75%,$0.03B,$0.20B,17.85%,$122,$103,$19,$0,$13,$116,$7,$-1,$6,$2,$4,$4,$4,$8,$7,$17,17,$0.24,$0.24,$15,$0,$47,$175,$5,$0,$139,$6,$150,$325,$118,$25,$9,$34,$152,$0,$98,$-21,$172,$325,$4,$1,$1,$3,$6,$0,$0,$-6,$-3,$4,$-1,$0,$-3,$0,$0,$0,$-0,$-4,$-3,$4,$1,$-2,$-2,$0,$-0,$-1,$-1,$1,$0
7,2016-12-31,28.6,$10.01,2.86,$29.23,0.98,$2.59,11.03,$1.21,23.64,$0.17B,$0.11B,1.53,$0.03B,$0.17B,0.17,$0.49B,$0.08B,16.29%,$0.49B,$0.03B,6.31%,$0.49B,$0.03B,6.31%,$0.49B,$0.04B,7.74%,$0.49B,$0.03B,6.11%,$0.49B,$0.02B,4.28%,$0.02B,$0.17B,13.00%,$0.02B,$0.03B,65.63%,$0.02B,$0.32B,6.92%,$0.03B,$0.20B,18.05%,$127,$105,$22,$0,$12,$118,$9,$-1,$8,$2,$7,$7,$7,$11,$9,$17,17,$0.40,$0.40,$16,$0,$39,$173,$5,$0,$134,$4,$143,$316,$113,$28,$4,$35,$148,$0,$94,$-21,$167,$316,$20,$6,$4,$11,$-18,$0,$0,$2,$-13,$18,$-2,$0,$-7,$0,$-2,$-2,$0,$-11,$16,$-15,$1,$-9,$-9,$0,$-3,$-11,$-5,$6,$0
8,2016-09-30,24.62,$9.71,2.53,$28.97,0.85,$3.00,8.21,$1.18,20.86,$0.17B,$0.14B,1.24,$0.00B,$0.16B,0.01,$0.49B,$0.08B,16.33%,$0.49B,$0.03B,6.53%,$0.49B,$0.03B,6.53%,$0.49B,$0.04B,7.96%,$0.49B,$0.03B,6.53%,$0.49B,$0.02B,4.08%,$0.02B,$0.16B,12.56%,$0.02B,$0.04B,64.52%,$0.02B,$0.31B,6.66%,$0.03B,$0.16B,19.36%,$122,$102,$20,$0,$12,$114,$8,$-0,$8,$3,$5,$5,$5,$9,$8,$17,17,$0.29,$0.29,$16,$0,$53,$173,$5,$0,$126,$3,$135,$307,$139,$1,$5,$6,$145,$0,$87,$-19,$162,$307,$14,$5,$3,$8,$-1,$0,$0,$-18,$-9,$12,$-1,$0,$-2,$0,$0,$0,$-2,$-5,$-10,$9,$-1,$-8,$-8,$0,$-2,$-11,$-5,$4,$0
9,2016-06-30,21.69,$9.50,2.28,$28.81,0.75,$2.80,7.73,$1.11,19.54,$0.16B,$0.13B,1.25,$0.00B,$0.16B,0.03,$0.49B,$0.08B,16.29%,$0.49B,$0.03B,6.31%,$0.49B,$0.03B,6.31%,$0.49B,$0.04B,7.94%,$0.49B,$0.03B,6.11%,$0.49B,$0.02B,3.87%,$0.02B,$0.16B,12.01%,$0.02B,$0.03B,65.52%,$0.02B,$0.30B,6.33%,$0.03B,$0.16B,18.48%,$126,$105,$20,$0,$12,$117,$8,$-0,$8,$3,$5,$5,$5,$10,$8,$17,17,$0.29,$0.29,$15,$0,$46,$159,$5,$0,$128,$3,$136,$296,$127,$4,$6,$11,$138,$0,$82,$-17,$158,$296,$9,$3,$3,$6,$1,$0,$0,$-5,$-4,$10,$-1,$0,$-2,$0,$0,$0,$-2,$-5,$-7,$6,$-1,$-8,$-8,$0,$-2,$-11,$-6,$3,$0
10,2016-03-31,27.4,$9.49,2.89,$28.56,0.96,$2.37,11.58,$1.09,25.14,$0.16B,$0.12B,1.29,$0.01B,$0.16B,0.05,$0.49B,$0.08B,16.29%,$0.49B,$0.03B,6.31%,$0.49B,$0.03B,6.31%,$0.49B,$0.04B,7.94%,$0.49B,$0.03B,5.91%,$0.49B,$0.02B,3.87%,$0.02B,$0.16B,11.95%,$0.02B,$0.03B,66.09%,$0.02B,$0.30B,6.26%,$0.03B,$0.17B,18.02%,$116,$98,$18,$0,$12,$110,$6,$0,$6,$2,$4,$4,$4,$8,$6,$17,17,$0.23,$0.23,$16,$0,$42,$157,$6,$0,$131,$1,$138,$295,$121,$8,$6,$14,$136,$0,$77,$-13,$159,$295,$4,$2,$2,$3,$5,$0,$0,$1,$2,$9,$-1,$0,$-2,$0,$0,$0,$0,$-3,$0,$-6,$-6,$-4,$-4,$0,$0,$-10,$-5,$1,$0
11,2015-12-31,25.11,$9.38,2.68,$28.34,0.89,$2.04,12.3,$1.10,22.83,$0.17B,$0.13B,1.32,$0.01B,$0.16B,0.07,$0.49B,$0.08B,16.53%,$0.49B,$0.03B,6.53%,$0.49B,$0.03B,6.53%,$0.49B,$0.04B,8.16%,$0.49B,$0.03B,6.12%,$0.49B,$0.02B,3.88%,$0.02B,$0.16B,12.08%,$0.02B,$0.03B,70.37%,$0.02B,$0.30B,6.26%,$0.03B,$0.17B,18.44%,$126,$104,$22,$0,$12,$116,$10,$-1,$10,$3,$6,$6,$6,$12,$10,$17,17,$0.37,$0.36,$21,$0,$46,$167,$6,$0,$128,$1,$136,$303,$127,$11,$2,$18,$145,$0,$74,$-13,$158,$303,$19,$8,$4,$12,$6,$0,$0,$-17,$-6,$26,$-2,$0,$0,$0,$0,$0,$0,$-2,$-13,$12,$-1,$-12,$-12,$0,$-3,$-16,$6,$6,$0
12,2015-09-30,22.82,$9.29,2.46,$27.64,0.83,$2.19,10.4,$1.16,19.67,$0.17B,$0.12B,1.37,$0.01B,$0.16B,0.09,$0.49B,$0.08B,16.97%,$0.49B,$0.03B,6.95%,$0.49B,$0.03B,6.95%,$0.49B,$0.04B,8.59%,$0.49B,$0.03B,6.34%,$0.49B,$0.02B,4.09%,$0.02B,$0.16B,12.84%,$0.02B,$0.03B,86.02%,$0.02B,$0.31B,6.58%,$0.03B,$0.17B,19.40%,$123,$103,$20,$0,$12,$116,$7,$-1,$6,$2,$4,$4,$4,$9,$7,$17,17,$0.22,$0.22,$14,$0,$39,$169,$7,$0,$130,$1,$138,$307,$123,$14,$11,$25,$149,$0,$67,$-11,$158,$307,$13,$6,$5,$11,$-1,$0,$0,$-17,$-13,$10,$-2,$0,$0,$0,$0,$0,$0,$-2,$-10,$10,$0,$-6,$-6,$0,$-3,$-9,$-1,$4,$0
13,2015-06-30,33.24,$9.39,3.54,$26.92,1.23,$2.49,13.36,$1.31,25.37,$0.17B,$0.12B,1.41,$0.02B,$0.16B,0.11,$0.49B,$0.09B,17.55%,$0.49B,$0.04B,7.76%,$0.49B,$0.04B,7.76%,$0.49B,$0.05B,9.59%,$0.49B,$0.04B,7.35%,$0.49B,$0.02B,4.69%,$0.02B,$0.16B,13.63%,$0.02B,$0.03B,67.65%,$0.02B,$0.31B,7.59%,$0.04B,$0.18B,20.60%,$126,$106,$20,$0,$12,$118,$8,$-1,$7,$3,$5,$5,$5,$10,$8,$17,17,$0.27,$0.27,$12,$0,$42,$168,$7,$0,$133,$1,$141,$309,$120,$18,$10,$28,$148,$0,$64,$-8,$161,$309,$9,$4,$3,$7,$3,$0,$0,$-16,$-12,$3,$-1,$0,$0,$0,$0,$0,$-0,$-2,$-7,$6,$-0,$-1,$-1,$0,$-2,$-4,$-2,$3,$0
14,2015-03-31,37.0,$8.86,4.18,$26.62,1.39,$2.21,16.73,$1.46,25.34,$0.16B,$0.11B,1.39,$0.02B,$0.15B,0.14,$0.50B,$0.09B,18.24%,$0.50B,$0.04B,8.82%,$0.50B,$0.04B,8.82%,$0.50B,$0.05B,10.62%,$0.50B,$0.04B,8.62%,$0.50B,$0.03B,5.21%,$0.03B,$0.15B,14.40%,$0.03B,$0.02B,60.82%,$0.03B,$0.30B,8.49%,$0.04B,$0.17B,22.95%,$115,$96,$19,$0,$12,$108,$7,$-1,$7,$3,$4,$4,$4,$9,$7,$17,17,$0.24,$0.24,$12,$0,$36,$155,$7,$0,$132,$1,$140,$295,$111,$21,$10,$31,$142,$0,$59,$-12,$152,$295,$4,$2,$2,$4,$11,$0,$0,$-14,$-4,$3,$-1,$0,$0,$0,$0,$0,$0,$-1,$-3,$-1,$-4,$-0,$-0,$0,$0,$-4,$-2,$1,$0
15,2014-12-31,33.93,$8.85,3.83,$26.04,1.3,$2.05,16.53,$1.44,23.56,$0.16B,$0.12B,1.37,$0.02B,$0.15B,0.16,$0.50B,$0.09B,17.93%,$0.50B,$0.04B,8.76%,$0.50B,$0.04B,8.76%,$0.50B,$0.05B,10.76%,$0.50B,$0.04B,8.57%,$0.50B,$0.03B,5.18%,$0.03B,$0.15B,13.54%,$0.03B,$0.02B,47.93%,$0.03B,$0.31B,8.52%,$0.04B,$0.18B,22.22%,$125,$101,$24,$0,$12,$114,$12,$-1,$11,$3,$7,$7,$7,$14,$12,$19,19,$0.42,$0.42,$15,$0,$30,$160,$8,$0,$136,$1,$145,$305,$117,$24,$4,$37,$154,$0,$55,$-7,$152,$305,$27,$10,$1,$11,$-6,$0,$0,$-10,$-7,$31,$-3,$0,$-9,$0,$0,$0,$0,$-11,$38,$20,$58,$-67,$-67,$0,$-2,$-11,$9,$5,$0
16,2014-09-30,28.72,$12.31,2.33,$25.46,1.13,$1.05,27.36,$1.39,20.66,$0.15B,$0.08B,1.92,$0.00B,$0.21B,0.0,$0.49B,$0.09B,17.81%,$0.49B,$0.04B,8.91%,$0.49B,$0.04B,8.91%,$0.49B,$0.05B,10.93%,$0.49B,$0.04B,8.91%,$0.49B,$0.03B,5.26%,$0.03B,$0.21B,12.86%,$0.03B,$0.07B,39.54%,$0.03B,$0.30B,8.70%,$0.04B,$0.21B,21.76%,$124,$101,$23,$0,$12,$113,$11,$-0,$11,$4,$7,$7,$7,$14,$11,$19,19,$0.38,$0.37,$9,$0,$38,$153,$8,$0,$140,$2,$150,$303,$80,$0,$13,$13,$92,$0,$47,$-4,$210,$303,$20,$7,$1,$8,$6,$0,$0,$-23,$-11,$17,$-2,$0,$-9,$0,$0,$0,$0,$-11,$0,$2,$2,$-3,$-3,$0,$-1,$-2,$3,$4,$0
17,2014-06-30,25.88,$10.87,2.38,$24.91,1.04,$0.60,43.11,$1.34,19.31,$0.17B,$0.10B,1.64,$0.00B,$0.21B,0.0,$0.48B,$0.09B,17.60%,$0.48B,$0.04B,8.90%,$0.48B,$0.04B,8.90%,$0.48B,$0.05B,10.97%,$0.48B,$0.04B,8.90%,$0.48B,$0.03B,5.18%,$0.03B,$0.21B,12.76%,$0.03B,$0.06B,40.98%,$0.03B,$0.32B,8.58%,$0.04B,$0.21B,21.94%,$135,$110,$25,$0,$11,$121,$14,$-0,$14,$6,$8,$8,$8,$16,$14,$19,19,$0.42,$0.42,$6,$0,$35,$167,$9,$0,$144,$2,$155,$322,$102,$0,$12,$12,$114,$0,$40,$-0,$208,$322,$12,$5,$1,$6,$-16,$0,$0,$-12,$-21,$-2,$-1,$0,$-9,$0,$0,$0,$0,$-10,$0,$15,$15,$-1,$-1,$0,$-1,$13,$0,$2,$0
18,2014-03-31,27.23,$10.32,2.64,$23.38,1.16,$0.95,28.81,$1.19,22.88,$0.15B,$0.08B,1.79,$0.00B,$0.20B,0.0,$0.45B,$0.08B,17.22%,$0.45B,$0.04B,8.39%,$0.45B,$0.04B,8.39%,$0.45B,$0.05B,10.60%,$0.45B,$0.04B,8.39%,$0.45B,$0.02B,4.86%,$0.02B,$0.20B,11.70%,$0.02B,$0.07B,39.29%,$0.02B,$0.29B,7.98%,$0.04B,$0.20B,20.21%,$118,$100,$18,$0,$12,$111,$7,$-0,$7,$3,$4,$4,$4,$10,$7,$19,19,$0.23,$0.22,$5,$0,$33,$149,$9,$0,$131,$2,$142,$291,$83,$0,$10,$10,$93,$0,$32,$-2,$198,$291,$4,$2,$1,$3,$-1,$0,$0,$-8,$-7,$1,$-1,$0,$0,$0,$0,$0,$0,$-1,$0,$0,$0,$-0,$-0,$0,$-0,$-0,$-0,$1,$0
19,2013-12-31,29.79,$10.09,2.95,$22.57,1.32,$1.19,25.09,$1.23,24.22,$0.14B,$0.08B,1.76,$0.00B,$0.19B,0.0,$0.44B,$0.08B,17.43%,$0.44B,$0.04B,8.72%,$0.44B,$0.04B,8.72%,$0.44B,$0.05B,10.78%,$0.44B,$0.04B,8.72%,$0.44B,$0.02B,5.28%,$0.02B,$0.19B,12.69%,$0.02B,$0.06B,43.40%,$0.02B,$0.28B,8.78%,$0.04B,$0.19B,20.97%,$117,$96,$22,$0,$11,$105,$12,$0,$12,$5,$7,$7,$7,$14,$12,$19,19,$0.39,$0.38,$6,$0,$23,$137,$9,$0,$132,$2,$144,$280,$78,$0,$2,$9,$87,$0,$28,$-2,$193,$280,$24,$9,$1,$10,$-9,$0,$0,$-10,$-18,$16,$-7,$0,$-14,$0,$0,$0,$0,$-20,$0,$6,$6,$-2,$-2,$0,$-1,$3,$-2,$4,$0
20,2013-09-30,26.22,$9.68,2.71,$22.01,1.19,$1.88,13.97,$1.17,22.41,$0.13B,$0.08B,1.66,$0.00B,$0.19B,0.0,$0.43B,$0.07B,17.18%,$0.43B,$0.04B,8.47%,$0.43B,$0.04B,8.47%,$0.43B,$0.05B,10.59%,$0.43B,$0.04B,8.47%,$0.43B,$0.02B,5.18%,$0.02B,$0.19B,12.59%,$0.02B,$0.05B,44.00%,$0.02B,$0.27B,8.70%,$0.04B,$0.19B,20.60%,$113,$93,$20,$0,$10,$103,$10,$-0,$10,$4,$6,$6,$6,$13,$10,$19,19,$0.32,$0.32,$4,$0,$27,$129,$8,$0,$133,$2,$143,$272,$78,$0,$9,$9,$86,$0,$20,$-2,$185,$272,$16,$6,$2,$8,$1,$0,$0,$-15,$-14,$10,$-5,$0,$-14,$0,$0,$0,$0,$-18,$0,$7,$7,$-1,$-1,$0,$-1,$4,$-3,$3,$0
21,2013-06-30,23.82,$9.23,2.58,$21.33,1.12,$2.35,10.12,$1.17,20.36,$0.12B,$0.08B,1.59,$0.00B,$0.18B,0.0,$0.41B,$0.07B,17.23%,$0.41B,$0.03B,8.25%,$0.41B,$0.03B,8.25%,$0.41B,$0.04B,10.19%,$0.41B,$0.03B,8.25%,$0.41B,$0.02B,5.34%,$0.02B,$0.18B,13.00%,$0.02B,$0.04B,43.78%,$0.02B,$0.26B,9.04%,$0.03B,$0.18B,20.09%,$105,$87,$18,$0,$10,$96,$9,$0,$9,$3,$5,$5,$5,$11,$9,$19,19,$0.27,$0.27,$5,$0,$22,$119,$6,$0,$133,$2,$141,$260,$75,$0,$8,$8,$83,$0,$14,$-4,$176,$260,$10,$4,$1,$5,$6,$0,$0,$-12,$-9,$5,$-2,$0,$-14,$0,$0,$0,$0,$-16,$0,$9,$9,$-0,$-0,$0,$-1,$8,$-3,$2,$0
22,2013-03-31,23.86,$8.96,2.66,$21.22,1.12,$2.33,10.22,$1.21,19.72,$0.11B,$0.06B,1.94,$0.00B,$0.17B,0.0,$0.41B,$0.07B,17.60%,$0.41B,$0.04B,8.56%,$0.41B,$0.04B,8.56%,$0.41B,$0.04B,10.51%,$0.41B,$0.04B,8.56%,$0.41B,$0.02B,5.62%,$0.02B,$0.17B,14.02%,$0.02B,$0.06B,45.32%,$0.02B,$0.24B,9.76%,$0.04B,$0.17B,21.34%,$101,$85,$16,$0,$9,$94,$7,$0,$7,$3,$5,$5,$5,$9,$7,$19,19,$0.26,$0.26,$11,$0,$21,$113,$6,$0,$116,$2,$123,$236,$58,$0,$7,$7,$66,$0,$9,$-4,$171,$236,$5,$2,$0,$2,$13,$0,$0,$-8,$-2,$5,$-1,$0,$0,$0,$0,$0,$0,$-1,$0,$0,$0,$-0,$-0,$0,$-1,$-1,$3,$1,$0
23,2012-12-31,20.65,$8.78,2.35,$20.85,0.99,$2.42,8.54,$1.18,17.5,$0.12B,$0.07B,1.71,$0.00B,$0.17B,0.0,$0.40B,$0.07B,17.91%,$0.40B,$0.04B,8.71%,$0.40B,$0.04B,8.71%,$0.40B,$0.04B,10.70%,$0.40B,$0.04B,8.71%,$0.40B,$0.02B,5.47%,$0.02B,$0.17B,13.86%,$0.02B,$0.05B,46.56%,$0.02B,$0.24B,9.53%,$0.04B,$0.17B,22.05%,$106,$87,$19,$0,$9,$96,$10,$0,$10,$4,$6,$6,$6,$12,$10,$19,19,$0.32,$0.32,$8,$0,$17,$118,$6,$0,$119,$2,$126,$244,$69,$0,$1,$8,$77,$0,$4,$-2,$167,$244,$23,$8,$1,$9,$-11,$0,$0,$0,$-7,$25,$-3,$0,$-12,$0,$0,$0,$0,$-15,$0,$-2,$-2,$-3,$-3,$0,$-2,$-7,$4,$4,$0
24,2012-09-30,19.32,$8.54,2.26,$20.29,0.95,$1.88,10.29,$1.17,16.51,$0.12B,$0.06B,1.83,$0.00B,$0.16B,0.0,$0.39B,$0.07B,17.69%,$0.39B,$0.03B,8.46%,$0.39B,$0.03B,8.46%,$0.39B,$0.04B,10.51%,$0.39B,$0.03B,8.46%,$0.39B,$0.02B,5.64%,$0.02B,$0.16B,14.40%,$0.02B,$0.05B,50.29%,$0.02B,$0.23B,9.88%,$0.03B,$0.16B,21.60%,$100,$82,$18,$0,$9,$91,$8,$-0,$8,$2,$6,$6,$6,$10,$8,$19,19,$0.33,$0.32,$13,$0,$22,$115,$6,$0,$110,$2,$118,$233,$63,$0,$7,$7,$70,$0,$-2,$-2,$163,$233,$17,$6,$2,$8,$-0,$0,$0,$-7,$-7,$17,$-2,$0,$-2,$0,$0,$0,$0,$-4,$0,$-2,$-2,$-1,$-1,$0,$-2,$-5,$8,$3,$0
25,2012-06-30,18.47,$8.21,2.25,$19.80,0.93,$1.54,12.0,$1.09,16.94,$0.11B,$0.07B,1.72,$0.00B,$0.16B,0.0,$0.38B,$0.07B,17.41%,$0.38B,$0.03B,8.71%,$0.38B,$0.03B,8.71%,$0.38B,$0.04B,10.55%,$0.38B,$0.03B,8.71%,$0.38B,$0.02B,5.54%,$0.02B,$0.16B,14.33%,$0.02B,$0.05B,56.00%,$0.02B,$0.23B,9.69%,$0.03B,$0.16B,22.53%,$102,$83,$19,$0,$9,$92,$10,$0,$10,$4,$6,$6,$6,$12,$10,$19,19,$0.32,$0.31,$7,$0,$25,$113,$6,$0,$110,$2,$117,$230,$66,$0,$9,$9,$75,$0,$-8,$-3,$155,$230,$10,$4,$2,$6,$-2,$0,$0,$-12,$-11,$4,$-1,$0,$-1,$0,$0,$0,$0,$-3,$0,$3,$3,$-0,$-0,$0,$-2,$2,$3,$2,$0
26,2012-03-31,17.5,$7.92,2.21,$19.00,0.92,$1.56,11.24,$1.03,16.99,$0.10B,$0.06B,1.71,$0.00B,$0.15B,0.0,$0.36B,$0.06B,17.08%,$0.36B,$0.03B,8.54%,$0.36B,$0.03B,8.54%,$0.36B,$0.04B,10.19%,$0.36B,$0.03B,8.54%,$0.36B,$0.02B,5.51%,$0.02B,$0.15B,14.16%,$0.02B,$0.04B,59.26%,$0.02B,$0.22B,9.49%,$0.03B,$0.15B,21.95%,$94,$78,$16,$0,$8,$86,$7,$0,$7,$3,$4,$4,$4,$9,$7,$19,19,$0.23,$0.23,$8,$0,$20,$100,$6,$0,$108,$2,$116,$216,$59,$0,$8,$8,$67,$0,$-14,$-2,$150,$216,$4,$2,$1,$3,$5,$0,$0,$-6,$-0,$7,$-1,$0,$0,$0,$0,$0,$0,$-1,$0,$-1,$-1,$0,$0,$0,$-1,$-2,$4,$1,$0
27,2011-12-31,13.48,$7.63,1.77,$17.53,0.77,$1.33,10.15,$0.94,14.34,$0.10B,$0.06B,1.6,$0.00B,$0.14B,0.0,$0.33B,$0.06B,17.12%,$0.33B,$0.03B,8.41%,$0.33B,$0.03B,8.41%,$0.33B,$0.03B,9.91%,$0.33B,$0.03B,8.41%,$0.33B,$0.02B,5.71%,$0.02B,$0.14B,13.97%,$0.02B,$0.04B,54.68%,$0.02B,$0.21B,9.34%,$0.03B,$0.14B,20.59%,$94,$78,$16,$0,$8,$86,$8,$0,$8,$2,$6,$6,$6,$10,$8,$19,19,$0.31,$0.31,$4,$0,$16,$96,$6,$0,$108,$2,$116,$212,$60,$0,$3,$8,$68,$0,$-19,$-3,$143,$212,$18,$6,$1,$7,$-5,$0,$0,$-3,$-8,$16,$-4,$0,$-36,$0,$0,$0,$-0,$-40,$0,$2,$2,$-1,$-1,$0,$-1,$-1,$-25,$3,$0
28,2011-09-30,9.99,$7.34,1.36,$16.37,0.61,$2.00,4.99,$0.86,11.62,$0.09B,$0.06B,1.47,$0.00B,$0.14B,0.0,$0.31B,$0.05B,17.42%,$0.31B,$0.03B,8.39%,$0.31B,$0.03B,8.39%,$0.31B,$0.03B,9.68%,$0.31B,$0.03B,8.39%,$0.31B,$0.02B,5.48%,$0.02B,$0.14B,12.93%,$0.02B,$0.03B,46.58%,$0.02B,$0.21B,8.66%,$0.03B,$0.14B,19.77%,$89,$74,$15,$0,$8,$81,$8,$0,$8,$3,$5,$5,$5,$9,$8,$19,19,$0.25,$0.24,$5,$0,$20,$93,$5,$0,$110,$2,$116,$209,$63,$0,$8,$8,$71,$0,$-25,$-3,$138,$209,$12,$4,$-0,$4,$4,$0,$0,$-10,$-5,$11,$-2,$0,$-36,$0,$0,$0,$0,$-38,$0,$6,$6,$-1,$-1,$0,$-1,$4,$-23,$2,$0
29,2011-06-30,13.66,$7.14,1.91,$15.23,0.9,$2.78,4.92,$0.79,17.29,$0.10B,$0.06B,1.52,$0.00B,$0.13B,0.0,$0.29B,$0.05B,17.42%,$0.29B,$0.02B,8.01%,$0.29B,$0.02B,8.01%,$0.29B,$0.03B,9.41%,$0.29B,$0.02B,8.01%,$0.29B,$0.02B,5.23%,$0.02B,$0.13B,11.81%,$0.02B,$0.03B,37.97%,$0.02B,$0.21B,7.99%,$0.02B,$0.13B,18.11%,$86,$71,$15,$0,$8,$78,$8,$0,$8,$3,$5,$5,$5,$9,$8,$19,19,$0.25,$0.25,$6,$0,$20,$97,$4,$0,$103,$2,$109,$206,$64,$0,$8,$8,$72,$0,$-29,$-2,$134,$206,$7,$3,$0,$3,$2,$0,$0,$-9,$-5,$5,$-2,$0,$-32,$0,$0,$0,$0,$-34,$0,$7,$7,$0,$0,$0,$-1,$6,$-23,$1,$0
30,2011-03-31,13.6,$6.86,1.98,$14.25,0.95,$3.13,4.35,$0.71,19.15,$0.10B,$0.05B,2.01,$0.00B,$0.13B,0.0,$0.27B,$0.05B,17.23%,$0.27B,$0.02B,7.49%,$0.27B,$0.02B,7.49%,$0.27B,$0.02B,8.99%,$0.27B,$0.02B,7.49%,$0.27B,$0.01B,4.87%,$0.01B,$0.13B,10.61%,$0.01B,$0.05B,31.90%,$0.01B,$0.19B,7.31%,$0.02B,$0.13B,16.33%,$64,$54,$11,$0,$7,$60,$4,$0,$4,$2,$3,$3,$3,$5,$4,$19,19,$0.14,$0.14,$29,$0,$13,$98,$3,$0,$84,$2,$89,$187,$49,$0,$10,$10,$59,$0,$-34,$-2,$129,$187,$3,$1,$0,$1,$-0,$0,$0,$-2,$-2,$2,$-1,$0,$-1,$0,$0,$0,$0,$-2,$0,$-0,$-0,$0,$0,$0,$-0,$0,$0,$1,$0
31,2010-12-31,10.24,$6.67,1.54,$13.89,0.74,$3.23,3.17,$0.69,14.84,$0.10B,$0.05B,1.98,$0.00B,$0.13B,0.0,$0.26B,$0.04B,16.54%,$0.26B,$0.02B,7.69%,$0.26B,$0.02B,7.69%,$0.26B,$0.02B,9.23%,$0.26B,$0.02B,7.69%,$0.26B,$0.01B,4.62%,$0.01B,$0.13B,10.13%,$0.01B,$0.04B,31.17%,$0.01B,$0.18B,7.05%,$0.02B,$0.13B,16.88%,$71,$58,$13,$0,$6,$65,$6,$0,$6,$2,$4,$4,$4,$7,$6,$19,19,$0.22,$0.22,$29,$0,$13,$96,$3,$0,$83,$2,$87,$183,$49,$0,$6,$10,$58,$0,$-37,$-2,$125,$183,$13,$4,$2,$6,$-0,$0,$0,$2,$7,$26,$-2,$0,$-5,$0,$0,$0,$0,$-7,$0,$0,$0,$-0,$-0,$0,$-1,$-1,$18,$2,$0
32,2010-09-30,9.09,$6.46,1.41,$13.74,0.66,$3.02,3.01,$0.59,15.41,$0.09B,$0.05B,2.01,$0.00B,$0.12B,0.0,$0.25B,$0.04B,15.79%,$0.25B,$0.02B,6.88%,$0.25B,$0.02B,6.88%,$0.25B,$0.02B,8.50%,$0.25B,$0.02B,7.29%,$0.25B,$0.01B,4.05%,$0.01B,$0.12B,8.70%,$0.01B,$0.04B,27.59%,$0.01B,$0.18B,6.11%,$0.02B,$0.12B,14.78%,$66,$55,$11,$0,$6,$61,$5,$0,$5,$2,$3,$3,$3,$6,$5,$19,19,$0.17,$0.17,$30,$0,$13,$91,$2,$0,$80,$2,$84,$175,$45,$0,$10,$10,$55,$0,$-41,$-2,$120,$175,$8,$3,$0,$3,$4,$0,$0,$3,$11,$23,$-1,$0,$-3,$0,$0,$0,$0,$-3,$0,$0,$0,$-0,$-0,$0,$-0,$-0,$19,$1,$0
33,2010-06-30,7.26,$6.24,1.16,$13.62,0.53,$2.42,3.0,$0.55,13.2,$0.08B,$0.04B,2.02,$0.00B,$0.12B,0.0,$0.24B,$0.04B,15.74%,$0.24B,$0.02B,6.81%,$0.24B,$0.02B,6.81%,$0.24B,$0.02B,8.09%,$0.24B,$0.02B,7.23%,$0.24B,$0.01B,3.83%,$0.01B,$0.12B,8.39%,$0.01B,$0.04B,26.87%,$0.01B,$0.17B,5.93%,$0.02B,$0.12B,14.92%,$66,$55,$11,$0,$6,$61,$5,$0,$5,$2,$3,$3,$3,$6,$5,$19,19,$0.17,$0.17,$17,$0,$12,$82,$3,$0,$80,$2,$84,$166,$40,$0,$9,$9,$50,$0,$-44,$-3,$116,$166,$5,$2,$0,$2,$1,$0,$0,$0,$3,$10,$-0,$0,$-3,$0,$0,$0,$0,$-4,$0,$0,$0,$-0,$-0,$0,$-0,$-0,$6,$1,$0
34,2010-03-31,8.36,$6.07,1.38,$13.49,0.62,$2.18,3.83,$-0.04,0.0,$0.08B,$0.04B,2.07,$0.00B,$0.11B,0.0,$0.22B,$0.04B,15.70%,$0.22B,$0.01B,2.24%,$0.22B,$0.01B,2.24%,$0.22B,$0.01B,3.14%,$0.22B,$0.01B,2.69%,$0.22B,$-0.00B,-0.45%,$-0.00B,$0.11B,-1.00%,$-0.00B,$0.04B,-3.10%,$-0.00B,$0.16B,-0.71%,$0.01B,$0.11B,4.99%,$57,$49,$8,$0,$5,$53,$4,$0,$4,$2,$2,$2,$2,$5,$4,$19,19,$0.12,$0.12,$13,$1,$14,$76,$3,$0,$77,$2,$81,$157,$37,$0,$8,$8,$44,$0,$-47,$-2,$113,$157,$2,$1,$-0,$1,$4,$0,$0,$-3,$1,$4,$-0,$0,$-1,$0,$0,$0,$0,$-1,$0,$0,$0,$-0,$-0,$0,$-0,$-0,$3,$0,$0
35,2009-12-31,7.53,$5.97,1.26,$13.78,0.55,$2.39,3.15,$-0.07,0.0,$0.07B,$0.04B,2.02,$0.00B,$0.11B,0.0,$0.22B,$0.03B,15.45%,$0.22B,$0.00B,1.36%,$0.22B,$0.00B,1.36%,$0.22B,$0.01B,2.27%,$0.22B,$0.01B,2.27%,$0.22B,$-0.00B,-0.91%,$-0.00B,$0.11B,-2.09%,$-0.00B,$0.03B,-6.67%,$-0.00B,$0.16B,-1.47%,$0.00B,$0.11B,3.14%,$58,$49,$9,$0,$6,$54,$3,$0,$4,$2,$2,$2,$2,$4,$3,$16,16,$0.12,$0.12,$11,$1,$11,$74,$3,$0,$78,$2,$83,$157,$37,$0,$8,$9,$46,$0,$-49,$-2,$111,$157,$-1,$3,$14,$17,$2,$0,$0,$2,$3,$19,$-1,$0,$-24,$0,$0,$0,$0,$-25,$0,$-4,$-4,$17,$17,$0,$-0,$13,$7,$2,$0
36,2009-09-30,7.49,$5.71,1.31,$13.93,0.54,$2.61,2.87,$-0.26,0.0,$0.06B,$0.03B,1.84,$0.00B,$0.09B,0.0,$0.23B,$0.04B,15.56%,$0.23B,$-0.00B,-0.44%,$0.23B,$-0.00B,-0.44%,$0.23B,$0.00B,0.44%,$0.23B,0,0.00%,$0.23B,$-0.01B,-2.22%,$-0.01B,$0.09B,-5.49%,$-0.01B,$0.03B,-17.70%,$-0.01B,$0.13B,-3.82%,$-0.00B,$0.09B,-1.10%,$54,$45,$9,$0,$5,$50,$4,$0,$4,$2,$2,$2,$2,$4,$4,$16,16,$0.13,$0.13,$4,$1,$11,$59,$3,$0,$61,$5,$68,$127,$32,$0,$6,$6,$38,$0,$-51,$-2,$89,$127,$-3,$2,$10,$12,$7,$0,$0,$-1,$1,$10,$-1,$0,$-6,$0,$0,$0,$0,$-6,$0,$-2,$-2,$-2,$-2,$0,$-0,$-4,$0,$1,$0
37,2009-06-30,5.89,$5.58,1.06,$14.48,0.41,$2.94,2.01,$-0.21,0.0,$0.06B,$0.04B,1.75,$0.00B,$0.09B,0.0,$0.24B,$0.04B,15.19%,$0.24B,0,0.00%,$0.24B,0,0.00%,$0.24B,$0.00B,1.27%,$0.24B,$0.00B,0.42%,$0.24B,$-0.00B,-1.69%,$-0.00B,$0.09B,-4.34%,$-0.00B,$0.03B,-14.81%,$-0.00B,$0.13B,-2.98%,$0.00B,$0.09B,0.00%,$54,$45,$9,$0,$5,$60,$-6,$0,$-6,$0,$-7,$-7,$-7,$-6,$-6,$16,16,$-0.42,$-0.42,$4,$1,$8,$61,$3,$0,$57,$5,$65,$126,$35,$0,$3,$3,$38,$0,$-53,$-2,$88,$126,$-5,$2,$10,$12,$2,$-0,$0,$-0,$-2,$5,$-0,$0,$-3,$0,$0,$0,$0,$-4,$0,$1,$1,$-1,$-1,$0,$-0,$-1,$0,$1,$0
38,2009-03-31,3.56,$5.94,0.6,$15.37,0.23,$3.04,1.17,$0.39,9.13,$0.06B,$0.04B,1.65,$0.00B,$0.09B,0.0,$0.26B,$0.04B,14.90%,$0.26B,$0.01B,4.31%,$0.26B,$0.01B,4.31%,$0.26B,$0.02B,5.88%,$0.26B,$0.01B,4.71%,$0.26B,$0.01B,2.35%,$0.01B,$0.09B,6.38%,$0.01B,$0.03B,23.53%,$0.01B,$0.13B,4.26%,$0.01B,$0.09B,11.70%,$54,$46,$7,$0,$5,$51,$2,$0,$3,$1,$1,$1,$1,$3,$2,$16,16,$0.09,$0.09,$5,$0,$8,$61,$3,$0,$67,$3,$73,$134,$37,$0,$4,$4,$41,$0,$-47,$-3,$94,$134,$1,$1,$1,$2,$3,$0,$0,$1,$4,$7,$-0,$0,$-1,$0,$0,$0,$0,$-1,$0,$-4,$-4,$-1,$-1,$0,$-0,$-5,$1,$1,$0
39,2008-12-31,4.51,$5.77,0.78,$16.00,0.28,$2.86,1.58,$0.47,9.6,$0.06B,$0.04B,1.58,$0.00B,$0.09B,0.0,$0.27B,$0.04B,15.30%,$0.27B,$0.01B,5.22%,$0.27B,$0.01B,5.22%,$0.27B,$0.02B,6.72%,$0.27B,$0.01B,5.22%,$0.27B,$0.01B,2.99%,$0.01B,$0.09B,8.53%,$0.01B,$0.03B,32.99%,$0.01B,$0.14B,5.52%,$0.01B,$0.09B,14.93%,$63,$53,$10,$0,$5,$64,$-1,$0,$-1,$0,$-1,$-1,$-1,$-0,$-1,$17,17,$-0.06,$-0.06,$4,$1,$8,$62,$3,$0,$67,$3,$74,$136,$39,$0,$4,$4,$43,$0,$-48,$-3,$93,$136,$8,$3,$8,$12,$5,$0,$0,$3,$4,$24,$-2,$-1,$-5,$0,$0,$0,$0,$-8,$-7,$-2,$-9,$-9,$-9,$0,$2,$-16,$0,$3,$0
40,2008-09-30,7.6,$5.79,1.31,$16.31,0.47,$1.85,4.11,$0.69,11.01,$0.07B,$0.04B,1.48,$0.00B,$0.09B,0.0,$0.28B,$0.04B,15.64%,$0.28B,$0.02B,7.27%,$0.28B,$0.02B,7.27%,$0.28B,$0.02B,8.73%,$0.28B,$0.02B,7.27%,$0.28B,$0.01B,4.36%,$0.01B,$0.09B,12.90%,$0.01B,$0.02B,51.61%,$0.01B,$0.14B,8.12%,$0.02B,$0.09B,21.51%,$66,$56,$10,$0,$5,$61,$5,$0,$5,$2,$3,$3,$3,$6,$5,$17,17,$0.18,$0.18,$4,$1,$9,$65,$3,$0,$70,$2,$76,$141,$44,$0,$3,$3,$47,$0,$-47,$-2,$94,$141,$9,$3,$7,$9,$3,$-0,$0,$1,$-1,$17,$-2,$-1,$-4,$0,$0,$0,$0,$-7,$-7,$4,$-3,$-7,$-7,$0,$-0,$-10,$0,$2,$0
41,2008-06-30,10.05,$5.71,1.76,$15.86,0.63,$0.90,11.22,$0.66,15.23,$0.08B,$0.06B,1.37,$0.00B,$0.10B,0.0,$0.27B,$0.04B,15.56%,$0.27B,$0.02B,7.04%,$0.27B,$0.02B,7.04%,$0.27B,$0.02B,8.52%,$0.27B,$0.02B,7.04%,$0.27B,$0.01B,4.44%,$0.01B,$0.10B,13.01%,$0.01B,$0.03B,51.06%,$0.01B,$0.15B,8.16%,$0.02B,$0.10B,20.32%,$72,$61,$11,$0,$6,$67,$5,$0,$5,$2,$3,$3,$3,$6,$5,$17,17,$0.18,$0.18,$4,$1,$11,$77,$3,$0,$70,$3,$76,$153,$56,$0,$2,$2,$58,$0,$-50,$-0,$95,$153,$6,$2,$4,$6,$-6,$-0,$0,$0,$-4,$8,$-2,$0,$-4,$0,$0,$0,$0,$-5,$-5,$6,$1,$-3,$-3,$0,$-0,$-3,$0,$1,$0
42,2008-03-31,9.5,$5.56,1.71,$15.27,0.62,$-0.05,0.0,$0.62,15.32,$0.07B,$0.06B,1.33,$0.00B,$0.09B,0.0,$0.26B,$0.04B,15.27%,$0.26B,$0.02B,6.87%,$0.26B,$0.02B,6.87%,$0.26B,$0.02B,8.40%,$0.26B,$0.02B,6.87%,$0.26B,$0.01B,4.20%,$0.01B,$0.09B,12.15%,$0.01B,$0.02B,48.35%,$0.01B,$0.15B,7.57%,$0.02B,$0.09B,19.20%,$67,$57,$10,$0,$5,$62,$5,$-0,$5,$2,$3,$3,$3,$6,$5,$17,17,$0.17,$0.17,$4,$1,$14,$74,$3,$0,$70,$3,$76,$150,$55,$0,$2,$2,$57,$0,$-53,$-0,$93,$150,$3,$1,$2,$3,$1,$-0,$0,$-3,$-2,$4,$-0,$0,$-4,$0,$0,$0,$0,$-4,$0,$1,$1,$-1,$-1,$0,$0,$-0,$-0,$1,$0
43,2007-12-31,10.65,$5.41,1.97,$14.47,0.74,$-0.66,0.0,$0.57,18.68,$0.07B,$0.06B,1.33,$0.00B,$0.09B,0.0,$0.25B,$0.04B,15.26%,$0.25B,$0.02B,6.43%,$0.25B,$0.02B,6.43%,$0.25B,$0.02B,8.03%,$0.25B,$0.02B,6.83%,$0.25B,$0.01B,4.02%,$0.01B,$0.09B,11.33%,$0.01B,$0.02B,44.94%,$0.01B,$0.15B,7.12%,$0.02B,$0.09B,17.07%,$70,$59,$12,$0,$7,$65,$5,$-0,$5,$2,$3,$3,$3,$6,$5,$17,17,$0.16,$0.15,$4,$1,$14,$74,$3,$0,$68,$3,$74,$147,$55,$0,$1,$2,$57,$0,$-56,$-0,$90,$147,$10,$4,$8,$12,$-18,$0,$0,$1,$-14,$8,$-3,$0,$-11,$0,$0,$0,$0,$-13,$0,$5,$5,$-5,$-5,$0,$-0,$0,$-5,$2,$0
44,2007-09-30,11.1,$5.38,2.06,$13.09,0.85,$-0.10,0.0,$0.52,21.35,$0.06B,$0.04B,1.57,$0.01B,$0.09B,0.06,$0.22B,$0.03B,14.73%,$0.22B,$0.02B,6.70%,$0.22B,$0.02B,6.70%,$0.22B,$0.02B,8.04%,$0.22B,$0.02B,6.70%,$0.22B,$0.01B,4.02%,$0.01B,$0.09B,10.50%,$0.01B,$0.03B,40.45%,$0.01B,$0.14B,6.72%,$0.02B,$0.10B,15.96%,$61,$52,$9,$0,$5,$56,$4,$-0,$4,$2,$3,$3,$3,$5,$4,$17,17,$0.15,$0.15,$3,$1,$18,$64,$3,$0,$66,$3,$74,$138,$41,$5,$1,$6,$47,$0,$-59,$-0,$91,$138,$7,$3,$5,$8,$-9,$0,$0,$-8,$-13,$2,$-2,$0,$-9,$0,$0,$0,$0,$-11,$-0,$4,$4,$-1,$-1,$0,$0,$3,$-6,$1,$0
45,2007-06-30,10.88,$5.23,2.08,$12.24,0.89,$0.49,22.35,$0.48,22.67,$0.07B,$0.05B,1.46,$0.01B,$0.09B,0.09,$0.21B,$0.03B,14.98%,$0.21B,$0.01B,6.76%,$0.21B,$0.01B,6.76%,$0.21B,$0.02B,8.21%,$0.21B,$0.01B,6.76%,$0.21B,$0.01B,3.86%,$0.01B,$0.09B,9.64%,$0.01B,$0.02B,38.10%,$0.01B,$0.15B,6.21%,$0.01B,$0.10B,15.09%,$64,$54,$9,$0,$5,$59,$4,$-0,$4,$2,$2,$2,$2,$5,$4,$17,17,$0.14,$0.14,$2,$1,$20,$71,$2,$0,$66,$3,$75,$146,$49,$8,$1,$9,$58,$0,$-61,$-1,$88,$146,$4,$2,$3,$5,$-12,$-0,$0,$-10,$-18,$-8,$-1,$0,$-9,$0,$0,$0,$0,$-10,$-0,$12,$12,$-0,$-0,$0,$0,$12,$-7,$1,$0
46,2007-03-31,9.1,$5.08,1.79,$11.31,0.8,$1.43,6.37,$0.45,20.22,$0.06B,$0.04B,1.55,$0.01B,$0.08B,0.11,$0.19B,$0.03B,15.34%,$0.19B,$0.01B,6.88%,$0.19B,$0.01B,6.88%,$0.19B,$0.02B,8.47%,$0.19B,$0.01B,6.88%,$0.19B,$0.01B,4.23%,$0.01B,$0.08B,9.97%,$0.01B,$0.02B,40.00%,$0.01B,$0.13B,6.61%,$0.01B,$0.09B,14.33%,$54,$46,$8,$0,$5,$50,$3,$0,$4,$1,$2,$2,$2,$4,$3,$16,17,$0.13,$0.12,$0,$1,$22,$58,$2,$0,$64,$2,$73,$131,$37,$9,$1,$10,$47,$0,$-64,$-1,$84,$131,$2,$1,$1,$2,$-1,$0,$0,$-11,$-11,$-6,$-0,$0,$-5,$0,$0,$0,$0,$-5,$-0,$4,$4,$-0,$-0,$0,$0,$3,$-8,$0,$0
47,2006-12-31,8.3,$4.99,1.66,$10.70,0.78,$1.95,4.27,$0.41,20.24,$0.05B,$0.03B,1.78,$0.01B,$0.08B,0.14,$0.18B,$0.03B,15.08%,$0.18B,$0.01B,6.70%,$0.18B,$0.01B,6.70%,$0.18B,$0.02B,8.38%,$0.18B,$0.01B,6.15%,$0.18B,$0.01B,3.91%,$0.01B,$0.08B,8.95%,$0.01B,$0.02B,36.84%,$0.01B,$0.12B,5.97%,$0.01B,$0.09B,13.45%,$45,$38,$7,$0,$3,$42,$4,$-0,$3,$2,$2,$2,$2,$4,$4,$16,17,$0.12,$0.10,$9,$0,$11,$53,$2,$0,$57,$2,$68,$121,$30,$11,$1,$12,$42,$0,$-66,$-1,$80,$121,$7,$2,$6,$8,$1,$0,$0,$-2,$1,$16,$-1,$0,$-1,$0,$0,$0,$0,$-2,$0,$0,$0,$-23,$-23,$0,$-1,$-23,$-9,$1,$0
