,Date,Stock Price,Book Value per Share,Price to Book Ratio,TTM Sales per Share,Price to Sales Ratio,TTM FCF per Share,Price to FCF Ratio,TTM Net EPS,PE Ratio,Current Assets,Current Liabilities,Current Ratio,Long Term Debt,Shareholder's Equity_x,Debt to Equity Ratio,TTM Revenue_x,TTM Gross Profit,Gross Margin,TTM Revenue_y,TTM Operating Income,Operating Margin,TTM Revenue_x,TTM EBIT,EBIT Margin,TTM Revenue_y,TTM EBITDA,EBITDA Margin,TTM Revenue_x,TTM Pre-Tax Income,Pre-Tax Margin,TTM Revenue_y,TTM Net Income_x,Net Margin,TTM Net Income_y,Shareholder's Equity_y,Return on Equity,TTM Net Income_x,Tangible Equity,Return on Tangible Equity,TTM Net Income_y,Total Assets,Return on Assets,TTM Net Income,LT Investments & Debt,Return on Investment,revenue,cost-goods-sold,gross-profit,research-development-expenses,selling-general-administrative-expenses,operating-expenses,operating-income,total-non-operating-income-expense,pre-tax-income,total-provision-income-taxes,income-after-taxes,income-from-continuous-operations,net-income,ebitda,ebit,basic-shares-outstanding,shares-outstanding,eps-basic-net-earnings-per-share,eps-earnings-per-share-diluted,cash-on-hand,inventory,other-current-assets,total-current-assets,net-property-plant-equipment,long-term-investments,goodwill-intangible-assets-total,other-long-term-assets,total-long-term-assets,total-assets,total-current-liabilities,long-term-debt,other-non-current-liabilities,total-long-term-liabilities,total-liabilities,common-stock-net,retained-earnings-accumulated-deficit,comprehensive-income,total-share-holder-equity,total-liabilities-share-holders-equity,net-income-loss,total-depreciation-amortization-cash-flow,other-non-cash-items,total-non-cash-items,change-in-accounts-receivable,change-in-inventories,change-in-accounts-payable,change-in-assets-liabilities,total-change-in-assets-liabilities,cash-flow-from-operating-activities,net-change-in-property-plant-equipment,net-change-in-intangible-assets,net-acquisitions-divestitures,net-change-in-short-term-investments,net-change-in-long-term-investments,net-change-in-investments-total,investing-activities-other,cash-flow-from-investing-activities,net-long-term-debt,net-current-debt,debt-issuance-retirement-net-total,net-common-equity-issued-repurchased,net-total-equity-issued-repurchased,total-common-preferred-stock-dividends-paid,financial-activities-other,cash-flow-from-financial-activities,net-cash-flow,stock-based-compensation,common-stock-dividends-paid
0,2018-09-30,71.46,$4.18,17.11,$27.68,2.58,$4.92,14.52,$-0.35,0.0,$0.85B,$0.53B,1.59,$1.96B,$0.28B,7.01,$1.87B,$0.74B,39.67%,$1.87B,$0.36B,19.11%,$1.87B,$0.36B,19.11%,$1.87B,$0.46B,24.72%,$1.87B,$0.18B,9.45%,$1.87B,$-0.02B,-1.28%,$-0.02B,$0.28B,-8.86%,$-0.02B,$-0.62B,4.71%,$-0.02B,$3.51B,-0.75%,$0.36B,$2.24B,17.75%,$495,$293,$202,$16,$76,$384,$111,$-94,$17,$1,$16,$16,$16,$136,$111,$67,67,$0.24,$0.24,$153,$319,$94,$846,$984,$144,$904,$92,$2667,$3513,$534,$1964,$280,$2700,$3233,$1,$625,$47,$280,$3513,$98,$76,$-20,$57,$13,$-61,$18,$60,$80,$234,$-162,$0,$-418,$0,$0,$0,$14,$-566,$0,$440,$440,$-53,$-53,$-49,$-15,$323,$-10,$0,$-49
1,2018-06-30,73.06,$4.39,16.66,$26.63,2.74,$6.52,11.2,$0.11,664.19,$0.79B,$0.50B,1.57,$1.96B,$0.30B,6.66,$1.81B,$0.71B,39.38%,$1.81B,$0.34B,18.53%,$1.81B,$0.34B,18.53%,$1.81B,$0.44B,24.50%,$1.81B,$0.22B,12.11%,$1.81B,$0.01B,0.39%,$0.01B,$0.30B,2.33%,$0.01B,$-0.61B,-1.67%,$0.01B,$3.40B,0.23%,$0.34B,$2.26B,17.31%,$486,$287,$199,$16,$82,$385,$100,$-37,$64,$25,$39,$39,$39,$126,$100,$67,67,$0.58,$0.58,$133,$307,$71,$788,$956,$139,$906,$78,$2614,$3402,$503,$1963,$189,$2604,$3107,$1,$626,$56,$295,$3402,$82,$51,$-84,$-33,$15,$-51,$34,$0,$70,$119,$-91,$0,$-421,$0,$0,$0,$13,$-499,$0,$441,$441,$-43,$-43,$-32,$-15,$350,$-31,$0,$-32
2,2018-03-31,60.82,$3.65,16.64,$25.71,2.37,$7.29,8.34,$0.17,357.74,$0.73B,$0.47B,1.56,$1.53B,$0.25B,6.23,$1.75B,$0.68B,38.81%,$1.75B,$0.32B,18.21%,$1.75B,$0.32B,18.21%,$1.75B,$0.43B,24.43%,$1.75B,$0.22B,12.44%,$1.75B,$0.01B,0.68%,$0.01B,$0.25B,3.66%,$0.01B,$-0.41B,-3.63%,$0.01B,$2.95B,0.41%,$0.32B,$1.78B,17.23%,$432,$262,$170,$15,$69,$346,$86,$-17,$68,$25,$43,$43,$44,$111,$86,$68,68,$0.64,$0.64,$151,$256,$51,$728,$829,$132,$657,$49,$2218,$2945,$466,$1532,$186,$2234,$2699,$1,$604,$23,$246,$2945,$43,$25,$-5,$20,$20,$-23,$11,$0,$26,$89,$-50,$0,$0,$0,$0,$0,$2,$-49,$0,$-3,$-3,$-34,$-34,$-16,$-2,$-55,$-12,$0,$-16
3,2017-12-31,69.4,$3.88,17.87,$25.14,2.76,$6.79,10.22,$0.16,433.78,$0.73B,$0.45B,1.63,$1.52B,$0.26B,5.79,$1.72B,$0.66B,38.59%,$1.72B,$0.31B,17.87%,$1.72B,$0.31B,17.87%,$1.72B,$0.42B,24.33%,$1.72B,$0.21B,12.28%,$1.72B,$0.01B,0.64%,$0.01B,$0.26B,3.01%,$0.01B,$-0.39B,-3.74%,$0.01B,$2.91B,0.37%,$0.31B,$1.79B,16.30%,$460,$288,$172,$12,$99,$398,$61,$-33,$28,$151,$-123,$-123,$-123,$90,$61,$68,68,$-1.81,$-1.81,$164,$231,$49,$729,$799,$126,$658,$39,$2178,$2907,$448,$1524,$169,$2196,$2644,$1,$573,$40,$263,$2907,$10,$112,$-27,$85,$-5,$4,$-3,$-8,$224,$319,$-125,$0,$-4,$0,$0,$0,$-2,$-130,$0,$-30,$-30,$-49,$-49,$-57,$1,$-135,$62,$0,$-57
4,2017-09-30,71.19,$5.86,12.15,$24.66,2.89,$6.27,11.36,$2.13,33.42,$0.72B,$0.45B,1.59,$1.52B,$0.40B,3.83,$1.70B,$0.65B,38.43%,$1.70B,$0.29B,16.95%,$1.70B,$0.29B,16.95%,$1.70B,$0.40B,23.31%,$1.70B,$0.20B,11.65%,$1.70B,$0.15B,8.77%,$0.15B,$0.40B,37.94%,$0.15B,$-0.26B,-55.49%,$0.15B,$2.99B,5.06%,$0.29B,$1.92B,15.10%,$430,$258,$171,$14,$69,$342,$88,$-29,$59,$12,$47,$47,$47,$116,$88,$68,68,$0.70,$0.70,$187,$240,$36,$715,$763,$118,$661,$35,$2271,$2986,$450,$1522,$165,$2139,$2589,$1,$710,$44,$397,$2986,$134,$83,$-8,$74,$21,$-5,$3,$-9,$60,$268,$-86,$0,$-4,$0,$0,$0,$-0,$-89,$0,$-3,$-3,$-50,$-50,$-43,$-4,$-100,$86,$0,$-43
5,2017-06-30,70.83,$5.94,11.92,$24.06,2.94,$5.42,13.06,$1.99,35.59,$0.72B,$0.47B,1.52,$1.52B,$0.41B,3.74,$1.67B,$0.65B,38.83%,$1.67B,$0.29B,17.26%,$1.67B,$0.29B,17.26%,$1.67B,$0.40B,23.66%,$1.67B,$0.20B,11.95%,$1.67B,$0.14B,8.48%,$0.14B,$0.41B,34.03%,$0.14B,$-0.25B,-57.90%,$0.14B,$2.99B,4.81%,$0.29B,$1.92B,14.98%,$430,$262,$167,$14,$69,$345,$84,$-21,$63,$20,$44,$44,$44,$111,$84,$68,68,$0.64,$0.64,$173,$237,$41,$716,$750,$132,$659,$33,$2274,$2990,$470,$1517,$154,$2114,$2584,$1,$677,$57,$406,$2990,$86,$54,$-36,$18,$4,$-4,$7,$0,$36,$141,$-59,$0,$0,$0,$0,$0,$0,$-59,$0,$37,$37,$-18,$-18,$-29,$-4,$-13,$72,$0,$-29
6,2017-03-31,68.37,$5.79,11.81,$23.29,2.94,$5.36,12.77,$1.90,35.98,$0.63B,$0.43B,1.45,$1.51B,$0.40B,3.82,$1.64B,$0.66B,40.12%,$1.64B,$0.30B,18.29%,$1.64B,$0.30B,18.29%,$1.64B,$0.40B,24.65%,$1.64B,$0.20B,11.99%,$1.64B,$0.14B,8.38%,$0.14B,$0.40B,31.28%,$0.14B,$-0.27B,-60.29%,$0.14B,$2.89B,4.65%,$0.30B,$1.91B,15.35%,$398,$245,$153,$14,$66,$324,$74,$-13,$61,$18,$43,$43,$43,$101,$74,$68,69,$0.63,$0.63,$86,$234,$64,$629,$740,$125,$661,$33,$2262,$2891,$434,$1511,$120,$2061,$2495,$1,$648,$65,$396,$2891,$43,$27,$-44,$-17,$20,$-4,$10,$0,$10,$36,$-31,$0,$0,$0,$0,$0,$0,$-31,$0,$-3,$-3,$-4,$-4,$-14,$-0,$-21,$-14,$0,$-14
7,2016-12-31,66.14,$5.45,12.13,$22.58,2.93,$5.84,11.32,$1.23,53.77,$0.66B,$0.48B,1.36,$1.51B,$0.37B,4.05,$1.60B,$0.66B,41.00%,$1.60B,$0.30B,18.63%,$1.60B,$0.30B,18.63%,$1.60B,$0.40B,24.88%,$1.60B,$0.17B,10.38%,$1.60B,$0.10B,5.94%,$0.10B,$0.37B,21.70%,$0.10B,$-0.29B,-46.91%,$0.10B,$2.91B,3.22%,$0.30B,$1.88B,15.30%,$441,$279,$162,$13,$107,$399,$42,$-27,$15,$-3,$18,$18,$15,$68,$42,$70,71,$0.22,$0.21,$101,$228,$52,$655,$730,$118,$663,$37,$2257,$2912,$481,$1508,$127,$2059,$2539,$1,$619,$66,$372,$2912,$94,$100,$2,$102,$-16,$-1,$32,$-15,$71,$268,$-103,$0,$-247,$0,$0,$0,$5,$-345,$0,$-594,$-594,$-178,$-178,$-36,$748,$-60,$-239,$0,$-36
8,2016-09-30,71.99,$7.04,10.22,$22.18,3.25,$-0.74,0.0,$1.36,52.93,$0.75B,$0.47B,1.58,$1.51B,$0.50B,3.06,$1.58B,$0.67B,41.98%,$1.58B,$0.32B,20.08%,$1.58B,$0.32B,20.08%,$1.58B,$0.42B,26.26%,$1.58B,$0.20B,12.31%,$1.58B,$0.10B,6.31%,$0.10B,$0.50B,25.13%,$0.10B,$-0.17B,-45.92%,$0.10B,$3.01B,3.19%,$0.32B,$2.01B,15.45%,$405,$236,$168,$12,$67,$316,$89,$-28,$61,$19,$41,$41,$40,$116,$89,$70,71,$0.56,$0.56,$214,$236,$45,$748,$732,$108,$666,$38,$2259,$3008,$473,$1513,$145,$2040,$2513,$1,$616,$58,$495,$3008,$79,$74,$8,$82,$10,$-6,$11,$0,$48,$208,$-78,$0,$-245,$0,$0,$0,$-1,$-325,$0,$-594,$-594,$-42,$-42,$-24,$748,$87,$-126,$0,$-24
9,2016-06-30,71.25,$6.94,10.26,$21.95,3.25,$-6.91,0.0,$0.99,71.97,$0.71B,$0.46B,1.56,$1.51B,$0.49B,3.09,$1.58B,$0.66B,42.02%,$1.58B,$0.31B,19.84%,$1.58B,$0.31B,19.84%,$1.58B,$0.41B,25.86%,$1.58B,$0.19B,11.72%,$1.58B,$0.07B,4.69%,$0.07B,$0.49B,21.86%,$0.07B,$-0.18B,-25.78%,$0.07B,$2.98B,2.24%,$0.31B,$2.00B,14.51%,$391,$217,$173,$12,$66,$296,$94,$-35,$59,$22,$38,$38,$39,$118,$94,$71,71,$0.55,$0.55,$204,$234,$56,$710,$729,$99,$671,$36,$2272,$2982,$455,$1509,$148,$2038,$2493,$1,$596,$60,$489,$2982,$39,$47,$7,$54,$37,$-8,$7,$0,$44,$137,$-57,$0,$-234,$0,$0,$0,$-1,$-292,$0,$-593,$-593,$-26,$-26,$-12,$747,$116,$-136,$0,$-12
10,2016-03-31,69.13,$5.60,12.35,$22.01,3.14,$-13.04,0.0,$1.22,56.66,$0.89B,$0.47B,1.92,$1.51B,$0.40B,3.82,$1.59B,$0.66B,41.28%,$1.59B,$0.30B,18.88%,$1.59B,$0.30B,18.88%,$1.59B,$0.40B,24.91%,$1.59B,$0.18B,11.10%,$1.59B,$0.09B,5.77%,$0.09B,$0.40B,29.44%,$0.09B,$-0.17B,-28.33%,$0.09B,$2.89B,2.62%,$0.30B,$1.90B,13.14%,$363,$210,$153,$12,$68,$290,$73,$-42,$31,$21,$10,$10,$1,$96,$73,$71,71,$0.01,$0.01,$424,$212,$49,$894,$627,$111,$561,$32,$1995,$2888,$465,$1508,$135,$2029,$2494,$1,$491,$60,$395,$2888,$0,$23,$21,$44,$44,$-11,$11,$0,$30,$74,$-34,$0,$0,$0,$0,$0,$0,$-34,$0,$-596,$-596,$-11,$-11,$0,$748,$140,$85,$0,$0
11,2015-12-31,78.29,$3.01,25.99,$22.31,3.51,$-19.25,0.0,$1.98,39.54,$1.19B,$0.71B,1.67,$2.11B,$0.21B,9.94,$1.63B,$0.65B,40.05%,$1.63B,$0.29B,17.57%,$1.63B,$0.29B,17.57%,$1.63B,$0.38B,23.59%,$1.63B,$0.19B,11.92%,$1.63B,$0.14B,8.85%,$0.14B,$0.21B,47.10%,$0.14B,$-0.35B,-38.76%,$0.14B,$3.65B,3.86%,$0.29B,$2.32B,11.71%,$425,$254,$171,$11,$98,$363,$62,$-18,$44,$17,$28,$28,$20,$86,$62,$72,73,$0.30,$0.30,$241,$199,$44,$1185,$622,$103,$564,$34,$2461,$3646,$707,$2112,$126,$2726,$3433,$1,$436,$-67,$213,$3646,$144,$99,$-525,$-426,$-18,$4,$7,$24,$92,$-190,$-119,$0,$0,$0,$0,$0,$7,$-112,$0,$242,$242,$-275,$-275,$0,$-8,$-41,$-228,$0,$0
12,2015-09-30,73.15,$3.61,20.28,$7.51,9.74,$-38.99,0.0,$1.90,38.5,$1.43B,$0.72B,2.0,$2.14B,$0.26B,8.33,$0.52B,$0.23B,43.57%,$0.52B,$-0.01B,-1.34%,$0.52B,$-0.01B,-1.34%,$0.52B,$0.07B,13.05%,$0.52B,$-0.07B,-14.20%,$0.52B,$0.14B,26.87%,$0.14B,$0.26B,40.61%,$0.14B,$-0.45B,-37.18%,$0.14B,$3.71B,3.64%,$-0.01B,$2.40B,-0.29%,$399,$233,$166,$12,$71,$315,$84,$-33,$51,$18,$34,$34,$14,$108,$84,$72,73,$0.19,$0.19,$331,$323,$77,$1426,$814,$112,$706,$59,$2281,$3708,$715,$2144,$134,$2735,$3450,$1,$416,$-74,$257,$3708,$124,$75,$-598,$-524,$16,$-3,$10,$0,$170,$-229,$-86,$0,$0,$0,$0,$0,$-2,$-88,$0,$234,$234,$-195,$-195,$0,$-3,$36,$-226,$0,$0
13,2015-06-30,78.85,$5.32,14.82,$13.35,5.91,$-57.90,0.0,$2.70,29.2,$1.50B,$0.69B,2.18,$2.15B,$0.39B,5.57,$0.98B,$0.39B,39.78%,$0.98B,$0.07B,7.06%,$0.98B,$0.07B,7.06%,$0.98B,$0.15B,15.75%,$0.98B,$-0.01B,-0.51%,$0.98B,$0.20B,20.55%,$0.20B,$0.39B,48.85%,$0.20B,$-0.33B,-62.33%,$0.20B,$3.81B,5.07%,$0.07B,$2.53B,2.82%,$407,$239,$168,$12,$74,$325,$82,$-32,$51,$18,$33,$33,$57,$107,$82,$73,73,$0.79,$0.78,$367,$323,$89,$1504,$825,$109,$718,$60,$2311,$3814,$689,$2147,$136,$2740,$3429,$1,$402,$-37,$385,$3814,$110,$50,$-94,$-44,$17,$1,$16,$-498,$-376,$-309,$-57,$0,$0,$0,$0,$0,$-0,$-57,$0,$238,$238,$-87,$-87,$0,$-2,$149,$-191,$0,$0
14,2015-03-31,77.72,$5.06,15.36,$18.70,4.16,$-69.40,0.0,$3.69,21.06,$1.34B,$0.66B,2.02,$2.14B,$0.37B,5.82,$1.41B,$0.54B,38.47%,$1.41B,$0.14B,10.22%,$1.41B,$0.14B,10.22%,$1.41B,$0.24B,16.89%,$1.41B,$0.07B,5.18%,$1.41B,$0.28B,19.87%,$0.28B,$0.37B,61.14%,$0.28B,$-0.35B,-96.64%,$0.28B,$3.77B,7.02%,$0.14B,$2.51B,6.59%,$397,$250,$147,$12,$77,$339,$58,$-10,$48,$18,$30,$30,$53,$83,$58,$73,74,$0.72,$0.72,$327,$325,$95,$1339,$813,$107,$722,$62,$2429,$3768,$663,$2144,$147,$2737,$3400,$1,$345,$-37,$368,$3768,$53,$25,$-533,$-508,$16,$-3,$17,$0,$72,$-383,$-33,$0,$0,$0,$0,$0,$0,$-33,$0,$252,$252,$-42,$-42,$0,$-2,$208,$-231,$0,$0
15,2014-12-31,74.99,$5.06,14.82,$22.83,3.29,$-80.31,0.0,$3.61,20.77,$1.46B,$1.18B,1.23,$1.92B,$0.37B,5.2,$1.76B,$0.66B,37.79%,$1.76B,$0.20B,11.27%,$1.76B,$0.20B,11.27%,$1.76B,$0.30B,17.13%,$1.76B,$0.11B,5.98%,$1.76B,$0.28B,15.77%,$0.28B,$0.37B,54.45%,$0.28B,$-0.37B,-110.80%,$0.28B,$4.09B,6.83%,$0.20B,$2.29B,10.26%,$-682,$-428,$-254,$-10,$-13,$-451,$-231,$6,$-224,$-79,$-145,$-145,$16,$-230,$-231,$75,76,$0.23,$0.23,$558,$333,$84,$1456,$834,$113,$741,$61,$2638,$4094,$1181,$1919,$148,$2544,$3725,$1,$292,$-24,$369,$4094,$276,$103,$-1973,$-1870,$-25,$-28,$-23,$0,$-101,$-1695,$-132,$0,$0,$0,$0,$0,$394,$262,$1000,$361,$1361,$-446,$-446,$0,$-51,$864,$-407,$0,$0
16,2014-09-30,71.49,$7.07,10.12,$41.77,1.71,$-51.69,0.0,$3.78,18.91,$1.80B,$1.23B,1.46,$1.93B,$0.52B,3.68,$3.22B,$1.22B,37.87%,$3.22B,$0.61B,19.00%,$3.22B,$0.61B,19.00%,$3.22B,$0.75B,23.17%,$3.22B,$0.35B,10.73%,$3.22B,$0.29B,9.05%,$0.29B,$0.52B,52.03%,$0.29B,$-0.23B,-140.24%,$0.29B,$4.18B,6.64%,$0.61B,$2.45B,40.50%,$856,$529,$328,$21,$148,$697,$160,$-40,$120,$45,$75,$75,$75,$194,$160,$75,76,$1.00,$0.99,$608,$337,$100,$1800,$826,$109,$756,$57,$2381,$4180,$1230,$1929,$151,$2426,$3656,$1,$277,$6,$524,$4180,$262,$102,$-2070,$-1967,$-51,$-50,$19,$107,$69,$-1636,$-122,$0,$0,$0,$0,$0,$401,$279,$1000,$364,$1364,$-317,$-317,$0,$-38,$1010,$-357,$0,$0
17,2014-06-30,74.31,$7.60,9.78,$40.34,1.84,$-25.55,0.0,$3.68,20.19,$1.47B,$1.28B,1.15,$0.92B,$0.57B,1.61,$3.13B,$1.17B,37.43%,$3.13B,$0.59B,18.81%,$3.13B,$0.59B,18.81%,$3.13B,$0.72B,22.96%,$3.13B,$0.35B,11.05%,$3.13B,$0.29B,9.36%,$0.29B,$0.57B,50.41%,$0.29B,$-0.20B,-438.95%,$0.29B,$3.90B,6.31%,$0.59B,$1.49B,55.78%,$838,$517,$321,$20,$144,$681,$157,$-28,$129,$-8,$137,$137,$136,$191,$157,$76,77,$1.79,$1.77,$284,$335,$92,$1466,$835,$103,$773,$61,$2438,$3904,$1279,$916,$776,$2054,$3333,$1,$202,$35,$571,$3904,$187,$68,$-1416,$-1348,$-57,$-40,$20,$0,$-26,$-1186,$-82,$0,$0,$0,$0,$0,$394,$312,$0,$439,$439,$-221,$-221,$0,$-23,$195,$-681,$0,$0
18,2014-03-31,77.96,$7.44,10.48,$39.78,1.96,$-7.80,0.0,$2.98,26.16,$1.60B,$1.27B,1.26,$0.92B,$0.57B,1.61,$3.10B,$1.15B,37.21%,$3.10B,$0.57B,18.54%,$3.10B,$0.57B,18.54%,$3.10B,$0.70B,22.64%,$3.10B,$0.35B,11.30%,$3.10B,$0.25B,7.98%,$0.25B,$0.57B,43.18%,$0.25B,$-0.19B,522.75%,$0.25B,$4.04B,4.98%,$0.57B,$1.49B,69.51%,$745,$475,$269,$21,$137,$633,$112,$-32,$80,$30,$50,$50,$50,$146,$112,$77,78,$0.65,$0.64,$423,$325,$114,$1598,$833,$100,$766,$63,$2441,$4039,$1270,$922,$866,$2198,$3467,$1,$66,$9,$571,$4039,$50,$34,$-1323,$-1289,$-21,$-30,$14,$0,$-14,$-1253,$-40,$0,$0,$0,$0,$0,$393,$353,$0,$436,$436,$-53,$-53,$0,$-22,$361,$-542,$0,$0
19,2013-12-31,77.72,$7.41,10.48,$39.44,1.97,$8.91,8.72,$3.03,25.65,$2.29B,$0.64B,3.61,$0.03B,$0.57B,0.05,$3.06B,$1.14B,37.31%,$3.06B,$0.57B,18.65%,$3.06B,$0.57B,18.65%,$3.06B,$0.70B,22.70%,$3.06B,$0.36B,11.79%,$3.06B,$0.26B,8.36%,$0.26B,$0.57B,48.10%,$0.26B,$-0.20B,196.55%,$0.26B,$5.40B,4.91%,$0.57B,$0.60B,101.29%,$777,$477,$300,$17,$101,$594,$183,$-167,$16,$-15,$30,$30,$30,$214,$183,$76,78,$0.39,$0.38,$1360,$295,$99,$2294,$830,$96,$773,$40,$3102,$5396,$636,$30,$3842,$4189,$4825,$1,$16,$11,$571,$5396,$258,$123,$66,$189,$14,$9,$4,$0,$69,$516,$-156,$0,$-526,$0,$0,$0,$-198,$-881,$0,$-12,$-12,$34,$34,$0,$-31,$-8,$-372,$0,$0
20,2013-09-30,68.71,$7.96,8.63,$39.90,1.72,$8.41,8.17,$1.17,58.72,$2.69B,$0.64B,4.2,$0.03B,$0.61B,0.05,$3.08B,$1.09B,35.37%,$3.08B,$0.45B,14.47%,$3.08B,$0.45B,14.47%,$3.08B,$0.57B,18.43%,$3.08B,$0.02B,0.49%,$3.08B,$0.06B,1.95%,$0.06B,$0.61B,12.78%,$0.06B,$0.33B,31.45%,$0.06B,$5.23B,1.17%,$0.45B,$0.64B,88.76%,$771,$489,$282,$15,$130,$634,$138,$-17,$121,$44,$77,$77,$77,$168,$138,$77,78,$1.00,$0.99,$1740,$315,$140,$2690,$788,$91,$281,$36,$2540,$5230,$640,$32,$3672,$3978,$4618,$1,$600,$-528,$612,$5230,$228,$92,$-5,$87,$5,$-35,$7,$0,$28,$343,$-118,$0,$-14,$-500,$0,$-500,$17,$-615,$0,$-3,$-3,$31,$31,$0,$-28,$0,$-282,$0,$0
21,2013-06-30,66.07,$6.97,9.47,$40.16,1.64,$8.00,8.26,$1.27,52.02,$2.55B,$0.63B,4.03,$0.03B,$0.53B,0.06,$3.09B,$1.09B,35.40%,$3.09B,$0.43B,13.86%,$3.09B,$0.43B,13.86%,$3.09B,$0.55B,17.81%,$3.09B,$0.00B,0.16%,$3.09B,$0.06B,1.91%,$0.06B,$0.53B,14.15%,$0.06B,$0.25B,40.69%,$0.06B,$5.17B,1.18%,$0.43B,$0.57B,94.85%,$803,$502,$301,$17,$142,$661,$142,$-9,$133,$43,$91,$91,$90,$173,$142,$76,78,$1.18,$1.16,$1611,$313,$91,$2550,$773,$100,$280,$34,$2616,$5166,$632,$32,$3670,$3999,$4631,$1,$531,$-562,$534,$5166,$150,$62,$-40,$22,$-3,$-37,$37,$0,$-1,$170,$-74,$0,$-16,$-500,$0,$-500,$31,$-558,$0,$-17,$-17,$25,$25,$0,$2,$10,$-395,$0,$0
22,2013-03-31,60.93,$5.42,11.23,$40.61,1.5,$7.45,8.18,$1.10,55.39,$2.43B,$0.60B,4.07,$0.03B,$0.41B,0.08,$3.11B,$1.10B,35.22%,$3.11B,$0.42B,13.53%,$3.11B,$0.42B,13.53%,$3.11B,$0.54B,17.42%,$3.11B,$-0.02B,-0.71%,$3.11B,$0.04B,1.22%,$0.04B,$0.41B,10.68%,$0.04B,$0.14B,37.53%,$0.04B,$5.05B,0.78%,$0.42B,$0.45B,108.58%,$710,$451,$259,$17,$133,$601,$109,$-18,$91,$31,$59,$59,$59,$140,$109,$76,77,$0.78,$0.77,$1521,$318,$94,$2430,$763,$91,$273,$30,$2620,$5049,$597,$33,$3671,$4041,$4638,$1,$448,$-577,$412,$5049,$59,$31,$-42,$-11,$40,$-40,$48,$0,$1,$50,$-38,$0,$0,$0,$0,$0,$-4,$-42,$0,$-18,$-18,$6,$6,$0,$1,$-11,$-17,$0,$0
23,2012-12-31,52.85,$4.23,12.49,$41.29,1.28,$6.55,8.06,$1.21,43.68,$2.45B,$0.65B,3.78,$0.04B,$0.32B,0.11,$3.16B,$1.11B,35.30%,$3.16B,$0.41B,13.12%,$3.16B,$0.41B,13.12%,$3.16B,$0.53B,16.92%,$3.16B,$-0.02B,-0.67%,$3.16B,$0.04B,1.27%,$0.04B,$0.32B,12.60%,$0.04B,$0.04B,42.55%,$0.04B,$5.09B,0.85%,$0.41B,$0.36B,119.31%,$798,$549,$248,$17,$234,$740,$57,$-387,$-330,$-164,$-166,$-166,$-166,$88,$57,$75,76,$-2.23,$-2.17,$1535,$284,$78,$2445,$771,$86,$279,$25,$2645,$5090,$646,$36,$3665,$4124,$4771,$1,$-240,$30,$320,$5090,$41,$119,$383,$502,$-3,$53,$-12,$0,$-89,$454,$-139,$0,$-80,$0,$0,$0,$-62,$-280,$0,$40,$40,$32,$32,$0,$38,$110,$289,$0,$0
24,2012-09-30,46.44,$5.35,8.69,$41.77,1.11,$3.42,13.57,$3.46,13.42,$2.36B,$0.63B,3.72,$0.04B,$0.40B,0.09,$3.18B,$1.11B,34.74%,$3.18B,$0.39B,12.25%,$3.18B,$0.39B,12.25%,$3.18B,$0.51B,16.02%,$3.18B,$0.30B,9.52%,$3.18B,$0.21B,6.72%,$0.21B,$0.40B,76.57%,$0.21B,$0.15B,300.35%,$0.21B,$4.76B,4.69%,$0.39B,$0.44B,127.76%,$777,$492,$285,$15,$131,$657,$120,$-9,$111,$35,$76,$76,$76,$150,$120,$75,76,$1.01,$0.99,$1412,$309,$95,$2358,$735,$81,$255,$38,$2398,$4757,$634,$35,$3280,$3720,$4354,$1,$507,$-611,$402,$4757,$207,$89,$-74,$15,$-4,$21,$4,$0,$71,$292,$-104,$0,$-41,$0,$0,$0,$-24,$-168,$0,$25,$25,$26,$26,$0,$28,$78,$203,$0,$0
25,2012-06-30,39.66,$3.86,10.29,$43.02,0.92,$0.39,101.1,$3.54,11.2,$2.24B,$0.62B,3.62,$0.02B,$0.29B,0.08,$3.27B,$1.14B,34.76%,$3.27B,$0.41B,12.38%,$3.27B,$0.41B,12.38%,$3.27B,$0.53B,16.08%,$3.27B,$0.31B,9.60%,$3.27B,$0.22B,6.70%,$0.22B,$0.29B,110.61%,$0.22B,$0.08B,1368.75%,$0.22B,$4.56B,4.86%,$0.41B,$0.31B,184.09%,$827,$523,$304,$16,$134,$692,$135,$-30,$106,$36,$70,$70,$69,$165,$135,$75,77,$0.93,$0.90,$1252,$317,$94,$2235,$720,$77,$210,$39,$2321,$4555,$618,$24,$3255,$3649,$4267,$1,$431,$-614,$289,$4555,$131,$59,$-49,$10,$-43,$7,$11,$0,$-21,$120,$-66,$0,$0,$0,$0,$0,$-4,$-70,$0,$-1,$-1,$18,$18,$0,$4,$21,$63,$0,$0
26,2012-03-31,45.44,$3.48,13.06,$43.16,1.05,$-2.02,0.0,$3.64,12.48,$2.13B,$0.62B,3.46,$0.02B,$0.26B,0.09,$3.27B,$1.14B,34.80%,$3.27B,$0.40B,12.11%,$3.27B,$0.40B,12.11%,$3.27B,$0.52B,15.81%,$3.27B,$0.32B,9.79%,$3.27B,$0.23B,6.91%,$0.23B,$0.26B,147.47%,$0.23B,$0.11B,-2582.86%,$0.23B,$4.46B,5.09%,$0.40B,$0.28B,227.59%,$754,$477,$277,$17,$137,$652,$102,$-10,$92,$31,$61,$61,$61,$132,$102,$74,76,$0.82,$0.80,$1148,$359,$87,$2133,$727,$76,$150,$105,$2327,$4460,$617,$22,$3248,$3583,$4201,$1,$362,$-562,$259,$4460,$61,$29,$-87,$-58,$11,$-26,$11,$0,$-23,$-19,$-37,$0,$0,$0,$0,$0,$-3,$-40,$0,$1,$1,$12,$12,$0,$2,$15,$-40,$0,$0
27,2011-12-31,36.1,$2.27,15.92,$42.55,0.85,$-3.99,0.0,$3.56,10.14,$2.15B,$0.63B,3.39,$0.02B,$0.17B,0.13,$3.21B,$1.11B,34.65%,$3.21B,$0.38B,11.96%,$3.21B,$0.38B,11.96%,$3.21B,$0.50B,15.69%,$3.21B,$0.31B,9.59%,$3.21B,$0.22B,6.82%,$0.22B,$0.17B,244.69%,$0.22B,$-0.05B,-325.65%,$0.22B,$4.49B,5.01%,$0.38B,$0.19B,353.10%,$826,$586,$240,$19,$236,$793,$33,$-39,$-6,$-15,$8,$8,$8,$63,$33,$74,76,$0.12,$0.12,$1185,$329,$93,$2146,$724,$71,$219,$38,$2348,$4494,$633,$22,$3245,$3694,$4327,$1,$301,$-579,$168,$4494,$219,$120,$-114,$6,$-81,$-68,$53,$0,$-6,$219,$-144,$0,$-46,$0,$0,$0,$-31,$-221,$0,$22,$22,$12,$12,$0,$6,$40,$33,$0,$0
28,2011-09-30,26.18,$1.03,25.52,$40.93,0.64,$-2.11,0.0,$3.39,7.72,$2.06B,$0.67B,3.07,$0.02B,$0.08B,0.28,$3.08B,$1.12B,36.31%,$3.08B,$0.42B,13.64%,$3.08B,$0.42B,13.64%,$3.08B,$0.54B,17.51%,$3.08B,$0.37B,12.02%,$3.08B,$0.26B,8.31%,$0.26B,$0.08B,846.28%,$0.26B,$-0.07B,-248.54%,$0.26B,$4.50B,5.93%,$0.42B,$0.10B,870.47%,$864,$548,$316,$17,$148,$729,$135,$-14,$122,$40,$81,$81,$81,$166,$135,$74,76,$1.10,$1.07,$1049,$355,$107,$2064,$719,$69,$149,$117,$2438,$4501,$673,$21,$3245,$3753,$4426,$1,$243,$-605,$76,$4501,$211,$90,$-197,$-107,$-87,$-89,$55,$0,$-49,$55,$-97,$0,$-56,$0,$0,$0,$-21,$-174,$0,$10,$10,$10,$10,$0,$5,$25,$-92,$0,$0
29,2011-06-30,35.87,$1.49,24.02,$38.69,0.93,$-0.24,0.0,$3.06,11.72,$1.95B,$0.60B,3.23,$0.02B,$0.11B,0.17,$2.90B,$1.05B,36.18%,$2.90B,$0.37B,12.67%,$2.90B,$0.37B,12.67%,$2.90B,$0.48B,16.64%,$2.90B,$0.32B,11.05%,$2.90B,$0.23B,7.94%,$0.23B,$0.11B,-707.69%,$0.23B,$-0.02B,-145.80%,$0.23B,$4.32B,5.42%,$0.37B,$0.13B,-2293.75%,$826,$522,$305,$17,$146,$700,$126,$-14,$112,$37,$76,$76,$76,$156,$126,$73,76,$1.03,$1.00,$1007,$313,$78,$1947,$720,$64,$130,$91,$2367,$4315,$602,$18,$3222,$3603,$4205,$1,$162,$-481,$110,$4315,$130,$59,$-164,$-105,$-93,$-47,$47,$0,$-97,$-72,$-58,$0,$0,$0,$0,$0,$-9,$-66,$0,$-1,$-1,$5,$5,$0,$3,$7,$-121,$0,$0
30,2011-03-31,30.1,$0.06,525.32,$36.97,0.81,$2.03,14.81,$2.75,10.95,$1.82B,$0.57B,3.17,$0.02B,$0.00B,4.02,$2.76B,$0.99B,35.85%,$2.76B,$0.32B,11.65%,$2.76B,$0.32B,11.65%,$2.76B,$0.44B,15.86%,$2.76B,$0.28B,10.12%,$2.76B,$0.21B,7.44%,$0.21B,$0.00B,-174.47%,$0.21B,$-0.13B,-86.32%,$0.21B,$4.19B,4.90%,$0.32B,$0.02B,-313.94%,$696,$443,$252,$16,$130,$606,$90,$-11,$80,$26,$54,$54,$54,$119,$90,$73,75,$0.74,$0.72,$918,$304,$97,$1819,$713,$59,$129,$96,$2369,$4188,$574,$17,$3220,$3609,$4184,$1,$86,$-502,$4,$4188,$54,$29,$-187,$-158,$-38,$-39,$45,$0,$-77,$-180,$-23,$0,$0,$0,$0,$0,$-1,$-24,$0,$-3,$-3,$2,$2,$0,$2,$0,$-196,$0,$0
31,2010-12-31,27.62,$-0.94,-29.35,$35.97,0.77,$4.43,6.23,$2.79,9.9,$1.90B,$0.53B,3.57,$0.02B,$-0.07B,-0.23,$2.68B,$0.95B,35.51%,$2.68B,$0.29B,10.65%,$2.68B,$0.29B,10.65%,$2.68B,$0.40B,14.99%,$2.68B,$0.24B,8.93%,$2.68B,$0.21B,7.74%,$0.21B,$-0.07B,-116.95%,$0.21B,$-0.19B,-70.53%,$0.21B,$4.27B,5.02%,$0.29B,$-0.05B,-174.58%,$693,$448,$245,$15,$138,$624,$69,$-13,$56,$12,$45,$45,$45,$98,$69,$73,74,$0.62,$0.59,$1114,$259,$91,$1904,$703,$56,$126,$103,$2368,$4272,$533,$16,$3218,$3808,$4341,$1,$32,$-518,$-69,$4272,$207,$116,$17,$133,$-16,$-37,$36,$0,$1,$326,$-111,$0,$-35,$0,$0,$0,$-97,$-243,$0,$29,$29,$10,$10,$0,$2,$42,$123,$0,$0
32,2010-09-30,21.96,$-2.40,-9.14,$36.00,0.61,$6.22,3.53,$2.82,7.79,$1.84B,$0.50B,3.66,$0.02B,$-0.18B,-0.09,$2.66B,$0.95B,35.83%,$2.66B,$0.27B,10.15%,$2.66B,$0.27B,10.15%,$2.66B,$0.39B,14.51%,$2.66B,$0.22B,8.42%,$2.66B,$0.21B,7.82%,$0.21B,$-0.18B,-89.46%,$0.21B,$-0.29B,-59.90%,$0.21B,$4.21B,5.14%,$0.27B,$-0.16B,-122.73%,$682,$437,$246,$15,$124,$600,$82,$-10,$72,$17,$55,$55,$55,$109,$82,$73,74,$0.75,$0.74,$1000,$267,$88,$1835,$674,$58,$117,$105,$2374,$4210,$502,$15,$3211,$3883,$4385,$1,$-13,$-576,$-175,$4210,$163,$87,$-4,$83,$-48,$-48,$40,$0,$-79,$166,$-69,$0,$-3,$0,$0,$0,$-78,$-150,$0,$-0,$-0,$8,$8,$0,$1,$9,$26,$0,$0
33,2010-06-30,16.54,$-3.15,-5.24,$37.15,0.45,$7.55,2.19,$2.69,6.15,$1.71B,$0.45B,3.77,$0.01B,$-0.23B,-0.05,$2.73B,$0.97B,35.51%,$2.73B,$0.27B,10.03%,$2.73B,$0.27B,10.03%,$2.73B,$0.39B,14.31%,$2.73B,$0.23B,8.27%,$2.73B,$0.20B,7.21%,$0.20B,$-0.23B,-73.85%,$0.20B,$-0.34B,-51.50%,$0.20B,$4.05B,4.95%,$0.27B,$-0.22B,-106.20%,$685,$441,$245,$15,$130,$605,$80,$-9,$71,$20,$51,$51,$51,$111,$80,$73,74,$0.70,$0.69,$923,$245,$85,$1712,$650,$57,$110,$122,$2342,$4053,$454,$13,$3192,$3829,$4283,$1,$-68,$-572,$-230,$4053,$108,$60,$0,$60,$-49,$-34,$36,$0,$-84,$83,$-42,$0,$0,$0,$0,$0,$-81,$-123,$0,$-5,$-5,$7,$7,$0,$1,$3,$-51,$0,$0
34,2010-03-31,21.82,$-3.23,-6.76,$37.70,0.58,$8.12,2.69,$2.27,9.61,$1.63B,$0.45B,3.62,$0.01B,$-0.23B,-0.05,$2.76B,$0.97B,35.10%,$2.76B,$0.25B,9.21%,$2.76B,$0.25B,9.21%,$2.76B,$0.37B,13.38%,$2.76B,$0.20B,7.07%,$2.76B,$0.17B,5.98%,$0.17B,$-0.23B,-55.51%,$0.17B,$-0.35B,-39.74%,$0.17B,$3.96B,4.21%,$0.25B,$-0.22B,-87.14%,$615,$401,$214,$15,$123,$561,$54,$-14,$40,$-17,$57,$57,$56,$83,$54,$72,74,$0.78,$0.76,$860,$237,$89,$1628,$668,$51,$114,$111,$2330,$3958,$450,$11,$3183,$3742,$4192,$1,$-119,$-521,$-234,$3958,$57,$30,$1,$31,$-20,$-21,$26,$0,$-93,$-6,$-18,$0,$0,$0,$0,$0,$-77,$-95,$0,$-7,$-7,$4,$4,$0,$-1,$-4,$-110,$0,$0
35,2009-12-31,19.93,$-4.30,-4.64,$38.88,0.51,$8.96,2.22,$0.97,20.54,$1.63B,$0.50B,3.29,$0.01B,$-0.29B,-0.04,$2.83B,$0.93B,32.74%,$2.83B,$0.16B,5.70%,$2.83B,$0.16B,5.70%,$2.83B,$0.28B,9.73%,$2.83B,$0.09B,3.29%,$2.83B,$0.07B,2.48%,$0.07B,$-0.29B,-21.05%,$0.07B,$-0.41B,-15.56%,$0.07B,$3.97B,1.81%,$0.16B,$-0.28B,-48.90%,$678,$430,$248,$17,$149,$624,$54,$-13,$41,$-6,$47,$47,$46,$83,$54,$72,73,$0.65,$0.65,$893,$221,$80,$1629,$690,$46,$119,$105,$2340,$3968,$495,$11,$3189,$3764,$4259,$1,$-175,$-515,$-291,$3968,$81,$113,$31,$144,$97,$85,$-32,$0,$189,$433,$-94,$0,$41,$23,$-18,$5,$74,$26,$0,$-0,$-0,$1,$1,$-40,$-2,$-41,$433,$0,$-40
36,2009-09-30,17.09,$-4.32,-3.95,$40.14,0.43,$2.67,6.4,$0.94,18.18,$1.59B,$0.50B,3.21,$0.00B,$-0.31B,-0.0,$2.92B,$0.89B,30.43%,$2.92B,$0.14B,4.63%,$2.92B,$0.14B,4.63%,$2.92B,$0.25B,8.51%,$2.92B,$0.07B,2.23%,$2.92B,$0.07B,2.30%,$0.07B,$-0.31B,-19.24%,$0.07B,$-0.43B,-14.39%,$0.07B,$3.94B,1.75%,$0.14B,$-0.31B,-38.85%,$754,$491,$263,$17,$137,$668,$86,$-11,$74,$24,$51,$51,$44,$114,$86,$72,73,$0.61,$0.61,$770,$261,$75,$1591,$687,$0,$120,$124,$2346,$3937,$496,$0,$3195,$3753,$4249,$1,$-222,$-545,$-312,$3937,$35,$85,$22,$107,$32,$101,$-33,$0,$104,$246,$-54,$0,$27,$18,$0,$18,$75,$66,$0,$-5,$-5,$1,$1,$-14,$-1,$-20,$305,$0,$-14
37,2009-06-30,9.72,$-4.87,-2.0,$42.02,0.23,$-3.52,0.0,$0.72,13.51,$1.46B,$0.48B,3.03,$0.00B,$-0.35B,-0.0,$3.05B,$0.88B,28.95%,$3.05B,$0.12B,4.00%,$3.05B,$0.12B,4.00%,$3.05B,$0.24B,7.77%,$3.05B,$0.02B,0.62%,$3.05B,$0.05B,1.67%,$0.05B,$-0.35B,-15.34%,$0.05B,$-0.47B,-11.33%,$0.05B,$3.82B,1.34%,$0.12B,$-0.35B,-36.80%,$711,$468,$243,$18,$139,$651,$60,$-20,$40,$17,$23,$23,$19,$89,$60,$72,73,$0.27,$0.26,$622,$275,$66,$1458,$689,$0,$118,$135,$2357,$3815,$481,$1,$3161,$3686,$4167,$1,$-266,$-532,$-352,$3815,$-16,$56,$19,$75,$11,$80,$-9,$0,$59,$119,$-37,$0,$0,$0,$8,$8,$73,$45,$0,$-5,$-5,$0,$0,$-14,$-1,$-20,$148,$0,$-14
38,2009-03-31,4.97,$-5.20,-0.96,$44.61,0.11,$-6.59,0.0,$0.79,6.29,$1.39B,$0.50B,2.8,$0.00B,$-0.38B,-0.0,$3.24B,$0.92B,28.28%,$3.24B,$0.15B,4.60%,$3.24B,$0.15B,4.60%,$3.24B,$0.27B,8.21%,$3.24B,$0.04B,1.27%,$3.24B,$0.06B,1.98%,$0.06B,$-0.38B,-19.48%,$0.06B,$-0.49B,-14.28%,$0.06B,$3.73B,1.68%,$0.15B,$-0.37B,-45.46%,$682,$512,$171,$19,$150,$721,$-39,$-23,$-62,$-23,$-39,$-39,$-39,$-11,$-39,$72,72,$-0.54,$-0.54,$569,$289,$77,$1387,$681,$0,$114,$152,$2340,$3727,$495,$1,$3132,$3607,$4102,$1,$-286,$-530,$-375,$3727,$-39,$28,$31,$58,$40,$59,$-16,$0,$35,$55,$-17,$0,$0,$0,$6,$6,$70,$60,$0,$0,$0,$0,$0,$-14,$1,$-13,$94,$0,$-14
39,2008-12-31,4.69,$-4.90,-0.96,$45.65,0.1,$-8.10,0.0,$1.51,3.11,$1.50B,$0.53B,2.81,$0.00B,$-0.35B,-0.0,$3.32B,$0.98B,29.67%,$3.32B,$0.25B,7.51%,$3.32B,$0.25B,7.51%,$3.32B,$0.37B,11.10%,$3.32B,$0.14B,4.28%,$3.32B,$0.12B,3.65%,$0.12B,$-0.35B,-37.35%,$0.12B,$-0.47B,-27.04%,$0.12B,$3.88B,3.14%,$0.25B,$-0.35B,-77.03%,$768,$559,$210,$19,$148,$740,$28,$-15,$13,$-35,$47,$50,$43,$56,$28,$72,73,$0.60,$0.61,$482,$355,$153,$1498,$711,$8,$117,$141,$2377,$3876,$533,$1,$3160,$3696,$4229,$1,$-247,$-560,$-354,$3876,$137,$119,$45,$164,$14,$-2,$40,$-252,$-285,$15,$-132,$0,$0,$71,$0,$71,$30,$-31,$0,$7,$7,$10,$10,$-13,$-2,$1,$-20,$0,$-13
40,2008-09-30,11.89,$-3.45,-3.45,$46.27,0.26,$-6.92,0.0,$1.49,7.98,$1.49B,$0.52B,2.88,$0.00B,$-0.25B,-0.0,$3.35B,$1.03B,30.79%,$3.35B,$0.28B,8.20%,$3.35B,$0.28B,8.20%,$3.35B,$0.40B,11.81%,$3.35B,$0.15B,4.56%,$3.35B,$0.12B,3.64%,$0.12B,$-0.25B,-37.77%,$0.12B,$-0.37B,-27.25%,$0.12B,$3.75B,3.16%,$0.28B,$-0.25B,-85.34%,$889,$631,$259,$21,$151,$816,$73,$-45,$28,$-4,$32,$32,$28,$103,$73,$72,73,$0.39,$0.39,$360,$431,$116,$1487,$710,$0,$122,$147,$2267,$3754,$517,$0,$3088,$3486,$4003,$1,$-290,$-337,$-249,$3754,$90,$91,$24,$115,$0,$0,$0,$-338,$-373,$-169,$-90,$0,$0,$62,$-3,$59,$8,$-24,$0,$42,$42,$10,$10,$-13,$-2,$36,$-155,$0,$-13
41,2008-06-30,18.47,$-4.66,-3.96,$45.01,0.41,$-3.62,0.0,$1.33,13.88,$1.60B,$0.67B,2.39,$0.00B,$-0.34B,-0.0,$3.25B,$1.02B,31.55%,$3.25B,$0.27B,8.26%,$3.25B,$0.27B,8.26%,$3.25B,$0.39B,11.95%,$3.25B,$0.16B,4.87%,$3.25B,$0.11B,3.48%,$0.11B,$-0.34B,-31.19%,$0.11B,$-0.46B,-23.22%,$0.11B,$3.86B,2.92%,$0.27B,$-0.34B,-74.08%,$900,$624,$276,$21,$148,$813,$87,$-25,$62,$25,$37,$37,$32,$118,$87,$72,73,$0.45,$0.44,$446,$369,$157,$1603,$724,$0,$127,$139,$2256,$3859,$670,$0,$3115,$3525,$4195,$1,$-367,$-348,$-336,$3859,$57,$61,$17,$78,$0,$0,$0,$-161,$-221,$-86,$-56,$0,$0,$47,$-3,$44,$8,$-4,$0,$-1,$-1,$10,$10,$-13,$-1,$-6,$-85,$0,$-13
42,2008-03-31,17.94,$-4.95,-3.63,$43.98,0.41,$-2.28,0.0,$1.28,14.02,$1.59B,$0.50B,3.19,$0.00B,$-0.36B,-0.0,$3.16B,$1.01B,31.91%,$3.16B,$0.26B,8.33%,$3.16B,$0.26B,8.33%,$3.16B,$0.38B,12.03%,$3.16B,$0.13B,4.12%,$3.16B,$0.10B,3.23%,$0.10B,$-0.36B,-26.12%,$0.10B,$-0.49B,-19.89%,$0.10B,$3.93B,2.66%,$0.26B,$-0.36B,-67.44%,$759,$520,$239,$22,$143,$699,$61,$-22,$39,$18,$21,$18,$18,$91,$61,$72,72,$0.25,$0.24,$525,$372,$169,$1588,$723,$0,$128,$145,$2339,$3927,$497,$0,$3347,$3787,$4284,$1,$-392,$-343,$-357,$3927,$21,$30,$15,$45,$0,$0,$0,$-28,$-113,$-48,$-23,$0,$0,$33,$-3,$30,$0,$7,$0,$-2,$-2,$9,$9,$0,$-1,$7,$-20,$0,$0
43,2007-12-31,20.58,$-4.88,-4.22,$43.65,0.47,$-2.33,0.0,$1.17,17.59,$1.64B,$0.52B,3.14,$0.00B,$-0.35B,-0.0,$3.12B,$0.99B,31.68%,$3.12B,$0.25B,8.12%,$3.12B,$0.25B,8.12%,$3.12B,$0.37B,11.81%,$3.12B,$0.11B,3.63%,$3.12B,$0.09B,2.86%,$0.09B,$-0.35B,-20.61%,$0.09B,$-0.47B,-16.15%,$0.09B,$3.91B,2.37%,$0.25B,$-0.35B,-58.63%,$804,$545,$258,$22,$169,$750,$54,$-31,$24,$-34,$57,$69,$44,$84,$54,$70,72,$0.64,$0.61,$579,$363,$158,$1638,$706,$0,$122,$141,$2271,$3908,$521,$0,$3324,$3737,$4258,$1,$-368,$-350,$-350,$3908,$113,$113,$6,$119,$-45,$-29,$16,$-10,$-132,$100,$-131,$0,$16,$-125,$19,$-106,$14,$-207,$0,$8,$8,$40,$40,$-12,$-3,$34,$-56,$0,$-12
44,2007-09-30,21.12,$-5.78,-3.65,$42.63,0.5,$-1.41,0.0,$0.66,31.99,$1.47B,$0.52B,2.83,$0.00B,$-0.41B,-0.0,$3.01B,$0.87B,28.95%,$3.01B,$0.22B,7.18%,$3.01B,$0.22B,7.18%,$3.01B,$0.33B,10.93%,$3.01B,$0.08B,2.73%,$3.01B,$0.04B,1.33%,$0.04B,$-0.41B,-8.30%,$0.04B,$-0.53B,-6.67%,$0.04B,$3.79B,1.08%,$0.22B,$-0.41B,-44.84%,$783,$533,$251,$20,$151,$717,$66,$-34,$33,$9,$24,$19,$19,$95,$66,$70,72,$0.27,$0.27,$564,$299,$77,$1471,$681,$0,$121,$234,$2323,$3794,$520,$0,$3304,$3680,$4200,$1,$-443,$-311,$-406,$3794,$52,$84,$17,$100,$0,$0,$0,$-79,$-86,$66,$-84,$0,$16,$-25,$-6,$-31,$-1,$-101,$0,$1,$1,$20,$20,$0,$-2,$19,$-1,$0,$0
45,2007-06-30,19.25,$-6.41,-3.0,$42.50,0.45,$-1.63,0.0,$0.70,27.5,$1.41B,$0.49B,2.88,$0.00B,$-0.45B,-0.0,$2.97B,$0.88B,29.59%,$2.97B,$0.20B,6.67%,$2.97B,$0.20B,6.67%,$2.97B,$0.31B,10.52%,$2.97B,$0.07B,2.46%,$2.97B,$0.04B,1.31%,$0.04B,$-0.45B,-7.55%,$0.04B,$-0.57B,-6.17%,$0.04B,$3.71B,1.07%,$0.20B,$-0.45B,-38.35%,$813,$553,$260,$19,$146,$731,$82,$-48,$34,$9,$25,$21,$21,$110,$82,$70,72,$0.29,$0.29,$522,$287,$71,$1411,$671,$0,$118,$231,$2295,$3706,$489,$0,$3282,$3666,$4156,$1,$-460,$-337,$-449,$3706,$25,$55,$7,$62,$0,$0,$0,$-45,$-82,$5,$-49,$0,$0,$-25,$-6,$-31,$0,$-80,$0,$10,$10,$19,$19,$0,$-1,$28,$-42,$0,$0
46,2007-03-31,20.77,$-7.48,-2.78,$41.92,0.5,$-1.62,0.0,$0.33,62.94,$1.35B,$0.44B,3.09,$0.00B,$-0.52B,0.0,$2.88B,$0.88B,30.42%,$2.88B,$0.17B,6.00%,$2.88B,$0.17B,6.00%,$2.88B,$0.29B,9.99%,$2.88B,$0.05B,1.70%,$2.88B,$0.01B,0.45%,$0.01B,$-0.52B,-2.38%,$0.01B,$-0.64B,-1.97%,$0.01B,$3.63B,0.36%,$0.17B,$-0.52B,-31.66%,$716,$498,$218,$19,$135,$664,$51,$-29,$22,$15,$7,$5,$5,$79,$51,$69,71,$0.07,$0.07,$479,$307,$83,$1348,$666,$0,$117,$223,$2279,$3628,$437,$0,$3256,$3713,$4150,$1,$-481,$-384,$-522,$3628,$5,$28,$-15,$12,$0,$0,$0,$-17,$-66,$-49,$-23,$0,$0,$0,$0,$0,$0,$-23,$0,$-1,$-1,$14,$14,$0,$-1,$12,$-57,$0,$0
47,2006-12-31,15.57,$-7.98,-1.95,$41.56,0.37,$-1.50,0.0,$0.26,59.87,$1.37B,$0.45B,3.05,$0.00B,$-0.55B,0.0,$2.83B,$0.88B,31.14%,$2.83B,$0.16B,5.52%,$2.83B,$0.16B,5.52%,$2.83B,$0.27B,9.59%,$2.83B,$0.04B,1.34%,$2.83B,$0.01B,0.28%,$0.01B,$-0.55B,-1.42%,$0.01B,$-0.67B,-1.19%,$0.01B,$3.64B,0.22%,$0.16B,$-0.55B,-27.65%,$697,$555,$142,$21,$173,$680,$17,$-24,$-7,$-3,$-5,$-5,$-5,$45,$17,$68,68,$-0.06,$-0.06,$539,$285,$81,$1369,$665,$0,$117,$221,$2269,$3637,$449,$0,$3265,$3739,$4187,$1,$-488,$-391,$-550,$3637,$9,$114,$33,$147,$0,$0,$0,$29,$-3,$153,$-119,$0,$-20,$0,$10,$10,$-0,$-129,$0,$0,$0,$24,$24,$0,$-2,$22,$62,$0,$0
