,Date,Stock Price,Book Value per Share,Price to Book Ratio,TTM Sales per Share,Price to Sales Ratio,TTM FCF per Share,Price to FCF Ratio,TTM Net EPS,PE Ratio,Current Assets,Current Liabilities,Current Ratio,Long Term Debt,Shareholder's Equity_x,Debt to Equity Ratio,TTM Revenue_x,TTM Gross Profit,Gross Margin,TTM Revenue_y,TTM Operating Income,Operating Margin,TTM Revenue_x,TTM EBIT,EBIT Margin,TTM Revenue_y,TTM EBITDA,EBITDA Margin,TTM Revenue_x,TTM Pre-Tax Income,Pre-Tax Margin,TTM Revenue_y,TTM Net Income_x,Net Margin,TTM Net Income_y,Shareholder's Equity_y,Return on Equity,TTM Net Income_x,Tangible Equity,Return on Tangible Equity,TTM Net Income_y,Total Assets,Return on Assets,TTM Net Income,LT Investments & Debt,Return on Investment,revenue,cost-goods-sold,gross-profit,research-development-expenses,selling-general-administrative-expenses,operating-expenses,operating-income,total-non-operating-income-expense,pre-tax-income,total-provision-income-taxes,income-after-taxes,income-from-continuous-operations,net-income,ebitda,ebit,basic-shares-outstanding,shares-outstanding,eps-basic-net-earnings-per-share,eps-earnings-per-share-diluted,cash-on-hand,inventory,other-current-assets,total-current-assets,net-property-plant-equipment,long-term-investments,goodwill-intangible-assets-total,other-long-term-assets,total-long-term-assets,total-assets,total-current-liabilities,long-term-debt,other-non-current-liabilities,total-long-term-liabilities,total-liabilities,common-stock-net,retained-earnings-accumulated-deficit,comprehensive-income,total-share-holder-equity,total-liabilities-share-holders-equity,net-income-loss,total-depreciation-amortization-cash-flow,other-non-cash-items,total-non-cash-items,change-in-accounts-receivable,change-in-inventories,change-in-accounts-payable,change-in-assets-liabilities,total-change-in-assets-liabilities,cash-flow-from-operating-activities,net-change-in-property-plant-equipment,net-change-in-intangible-assets,net-acquisitions-divestitures,net-change-in-short-term-investments,net-change-in-long-term-investments,net-change-in-investments-total,investing-activities-other,cash-flow-from-investing-activities,net-long-term-debt,net-current-debt,debt-issuance-retirement-net-total,net-common-equity-issued-repurchased,net-total-equity-issued-repurchased,total-common-preferred-stock-dividends-paid,financial-activities-other,cash-flow-from-financial-activities,net-cash-flow,stock-based-compensation,common-stock-dividends-paid
0,2018-03-31,3.04,$6.20,0.49,$16.12,0.19,$0.52,5.81,$0.45,6.76,$1.43B,$1.25B,1.15,$0.46B,$0.82B,0.57,$2.14B,$0.26B,12.35%,$2.14B,$0.18B,8.52%,$2.14B,$0.18B,8.52%,$2.14B,$0.27B,12.49%,$2.14B,$0.14B,6.64%,$2.14B,$0.09B,4.07%,$0.09B,$0.82B,9.37%,$0.09B,$0.52B,13.77%,$0.09B,$2.73B,3.15%,$0.18B,$1.28B,12.55%,$0,$0,$0,$0,$0,$0,$0,$0,$0,$0,$0,$0,$0,$43,$0,$0,0,$0.00,$0.00,$195,$234,$375,$1427,$257,$28,$298,$25,$1304,$2731,$1246,$463,$177,$666,$1912,$204,$197,$0,$819,$2731,$2,$20,$-7,$13,$-22,$-6,$9,$-10,$-29,$-12,$5,$-10,$0,$0,$-11,$-11,$6,$-10,$96,$0,$96,$0,$0,$-2,$-74,$20,$-3,$0,$-2
1,2017-06-30,3.26,$7.39,0.44,$17.39,0.19,$0.08,40.1,$0.52,6.27,$1.50B,$1.09B,1.38,$0.50B,$0.98B,0.52,$2.30B,$0.28B,11.98%,$2.30B,$0.18B,7.80%,$2.30B,$0.18B,7.80%,$2.30B,$0.27B,11.63%,$2.30B,$0.15B,6.71%,$2.30B,$0.10B,4.22%,$0.10B,$0.98B,9.90%,$0.10B,$0.67B,14.05%,$0.10B,$2.76B,3.53%,$0.18B,$1.48B,12.24%,$406,$359,$47,$0,$29,$383,$23,$-20,$2,$4,$-2,$-2,$-4,$113,$23,$135,135,$-0.03,$-0.03,$176,$304,$525,$1504,$298,$32,$310,$21,$1256,$2760,$1091,$504,$168,$694,$1785,$202,$355,$0,$976,$2760,$73,$46,$-51,$-5,$28,$30,$3,$-9,$33,$99,$-13,$-18,$0,$0,$76,$76,$15,$60,$264,$0,$264,$0,$0,$-9,$-426,$-171,$-12,$0,$-9
2,2017-03-31,3.13,$7.40,0.42,$15.93,0.2,$-1.28,0.0,$0.52,6.02,$1.61B,$1.12B,1.43,$0.62B,$0.98B,0.63,$2.10B,$0.84B,40.15%,$2.10B,$0.77B,36.54%,$2.10B,$0.77B,36.54%,$2.10B,$0.83B,39.63%,$2.10B,$0.76B,36.16%,$2.10B,$0.07B,3.43%,$0.07B,$0.98B,7.06%,$0.07B,$0.66B,9.75%,$0.07B,$2.92B,2.62%,$0.77B,$1.59B,54.61%,$873,$762,$110,$0,$59,$783,$90,$-17,$73,$19,$54,$54,$46,$66,$90,$132,132,$0.35,$0.35,$161,$313,$508,$1611,$340,$71,$313,$118,$1305,$2916,$1123,$616,$173,$816,$1939,$203,$344,$0,$976,$2916,$39,$23,$-10,$13,$-8,$24,$-20,$-3,$-16,$22,$-10,$-7,$0,$0,$-0,$-0,$14,$-3,$140,$0,$140,$0,$0,$-1,$-184,$-46,$-26,$0,$-1
3,2016-03-31,4.01,$7.14,0.56,$17.29,0.23,$-1.38,0.0,$0.62,6.47,$1.51B,$1.10B,1.37,$0.51B,$0.94B,0.54,$2.29B,$1.40B,61.22%,$2.29B,$1.35B,58.85%,$2.29B,$1.35B,58.85%,$2.29B,$1.39B,60.69%,$2.29B,$1.34B,58.68%,$2.29B,$0.08B,3.59%,$0.08B,$0.94B,7.66%,$0.08B,$0.68B,10.03%,$0.08B,$2.65B,3.08%,$1.35B,$1.45B,100.84%,$436,$371,$65,$0,$30,$393,$43,$-4,$39,$12,$27,$27,$24,$45,$43,$132,132,$0.19,$0.19,$174,$349,$375,$1512,$328,$268,$265,$14,$1139,$2651,$1102,$507,$73,$607,$1708,$195,$325,$0,$943,$2651,$28,$19,$-16,$3,$89,$-7,$-92,$-8,$-36,$-14,$-8,$-1,$0,$0,$-58,$-58,$1,$-67,$404,$0,$404,$0,$0,$-1,$-312,$91,$10,$0,$-1
4,2015-03-31,7.25,$7.75,0.93,$18.28,0.4,$-1.21,0.0,$0.60,12.08,$1.62B,$1.21B,1.35,$0.31B,$1.02B,0.3,$2.42B,$1.91B,79.02%,$2.42B,$1.87B,77.45%,$2.42B,$1.87B,77.45%,$2.42B,$1.90B,78.40%,$2.42B,$1.87B,77.20%,$2.42B,$0.08B,3.48%,$0.08B,$1.02B,7.46%,$0.08B,$0.76B,9.39%,$0.08B,$2.67B,3.20%,$1.87B,$1.33B,144.72%,$422,$380,$42,$0,$28,$397,$26,$2,$28,$4,$24,$24,$21,$43,$26,$132,132,$0.16,$0.16,$340,$281,$421,$1624,$384,$125,$267,$16,$1045,$2669,$1205,$306,$107,$440,$1645,$219,$330,$0,$1024,$2669,$14,$23,$-5,$18,$-15,$-4,$-21,$-17,$-79,$-47,$-18,$-2,$0,$0,$-0,$-0,$0,$-20,$479,$0,$479,$0,$0,$-1,$-346,$133,$66,$0,$-1
5,2014-12-31,12.13,$0.00,0.0,$18.74,0.65,$-0.66,0.0,$0.78,15.55,$1.66B,$1.36B,1.22,$0.12B,$1.14B,0.1,$2.39B,$1.92B,80.44%,$2.39B,$1.89B,78.97%,$2.39B,$1.89B,78.97%,$2.39B,$1.91B,79.85%,$2.39B,$1.90B,79.47%,$2.39B,$0.10B,4.32%,$0.10B,$1.14B,8.92%,$0.10B,$0.86B,10.89%,$0.10B,$2.77B,4.06%,$1.89B,$1.25B,148.16%,$565,$507,$58,$0,$36,$545,$20,$-6,$14,$5,$9,$9,$6,$679,$20,$132,132,$0.04,$0.04,$295,$298,$425,$1659,$698,$128,$279,$240,$1394,$2766,$1358,$117,$125,$270,$1628,$236,$398,$0,$1138,$2766,$182,$93,$0,$93,$0,$0,$0,$0,$-273,$-14,$-80,$0,$-60,$0,$0,$-47,$-9,$-195,$0,$0,$1021,$0,$0,$-63,$-797,$160,$-50,$0,$0
6,2014-09-30,14.42,$0.00,0.0,$18.78,0.77,$-1.73,0.0,$0.97,14.86,$1.60B,$1.15B,1.39,$0.13B,$1.18B,0.11,$2.31B,$1.84B,79.77%,$2.31B,$1.81B,78.26%,$2.31B,$1.81B,78.26%,$2.31B,$1.83B,79.17%,$2.31B,$1.82B,78.78%,$2.31B,$0.12B,5.28%,$0.12B,$1.18B,10.42%,$0.12B,$0.98B,12.38%,$0.12B,$2.58B,5.00%,$1.81B,$1.31B,139.89%,$679,$0,$679,$0,$0,$0,$679,$0,$679,$0,$679,$21,$21,$621,$679,$132,132,$0.16,$0.16,$323,$767,$22,$1602,$0,$100,$197,$236,$587,$2576,$1151,$130,$85,$250,$1401,$238,$378,$0,$1175,$2576,$0,$0,$0,$0,$0,$0,$0,$0,$0,$0,$0,$0,$0,$0,$0,$0,$0,$0,$0,$0,$0,$0,$0,$0,$0,$0,$0,$0,$0
7,2014-06-30,17.31,$0.00,0.0,$18.73,0.92,$-1.73,0.0,$0.95,18.22,$1.53B,$1.07B,1.43,$0.12B,$1.17B,0.1,$2.26B,$1.79B,79.33%,$2.26B,$1.76B,77.78%,$2.26B,$1.76B,77.78%,$2.26B,$1.78B,78.71%,$2.26B,$1.77B,78.31%,$2.26B,$0.12B,5.22%,$0.12B,$1.17B,10.16%,$0.12B,$0.99B,12.08%,$0.12B,$2.48B,4.97%,$1.76B,$1.28B,137.10%,$621,$0,$621,$0,$0,$0,$621,$0,$621,$0,$621,$34,$34,$552,$621,$133,133,$0.26,$0.26,$332,$315,$470,$1533,$0,$90,$184,$251,$575,$2475,$1070,$115,$92,$236,$1306,$239,$344,$0,$1169,$2475,$0,$0,$0,$0,$0,$0,$0,$0,$0,$0,$0,$0,$0,$0,$0,$0,$0,$0,$0,$0,$0,$0,$0,$0,$0,$0,$0,$0,$0
