,Date,Stock Price,Book Value per Share,Price to Book Ratio,TTM Sales per Share,Price to Sales Ratio,TTM FCF per Share,Price to FCF Ratio,TTM Net EPS,PE Ratio,Current Assets,Current Liabilities,Current Ratio,Long Term Debt,Shareholder's Equity_x,Debt to Equity Ratio,TTM Revenue_x,TTM Gross Profit,Gross Margin,TTM Revenue_y,TTM Operating Income,Operating Margin,TTM Revenue_x,TTM EBIT,EBIT Margin,TTM Revenue_y,TTM EBITDA,EBITDA Margin,TTM Revenue_x,TTM Pre-Tax Income,Pre-Tax Margin,TTM Revenue_y,TTM Net Income_x,Net Margin,TTM Net Income_y,Shareholder's Equity_y,Return on Equity,TTM Net Income_x,Tangible Equity,Return on Tangible Equity,TTM Net Income_y,Total Assets,Return on Assets,TTM Net Income,LT Investments & Debt,Return on Investment,revenue,cost-goods-sold,gross-profit,research-development-expenses,selling-general-administrative-expenses,operating-expenses,operating-income,total-non-operating-income-expense,pre-tax-income,total-provision-income-taxes,income-after-taxes,income-from-continuous-operations,net-income,ebitda,ebit,basic-shares-outstanding,shares-outstanding,eps-basic-net-earnings-per-share,eps-earnings-per-share-diluted,cash-on-hand,inventory,other-current-assets,total-current-assets,net-property-plant-equipment,long-term-investments,goodwill-intangible-assets-total,other-long-term-assets,total-long-term-assets,total-assets,total-current-liabilities,long-term-debt,other-non-current-liabilities,total-long-term-liabilities,total-liabilities,common-stock-net,retained-earnings-accumulated-deficit,comprehensive-income,total-share-holder-equity,total-liabilities-share-holders-equity,net-income-loss,total-depreciation-amortization-cash-flow,other-non-cash-items,total-non-cash-items,change-in-accounts-receivable,change-in-inventories,change-in-accounts-payable,change-in-assets-liabilities,total-change-in-assets-liabilities,cash-flow-from-operating-activities,net-change-in-property-plant-equipment,net-change-in-intangible-assets,net-acquisitions-divestitures,net-change-in-short-term-investments,net-change-in-long-term-investments,net-change-in-investments-total,investing-activities-other,cash-flow-from-investing-activities,net-long-term-debt,net-current-debt,debt-issuance-retirement-net-total,net-common-equity-issued-repurchased,net-total-equity-issued-repurchased,total-common-preferred-stock-dividends-paid,financial-activities-other,cash-flow-from-financial-activities,net-cash-flow,stock-based-compensation,common-stock-dividends-paid
0,2018-09-30,10.1,$9.27,1.09,$11.28,0.9,$-1.85,0.0,$0.59,17.12,$0.70B,$0.29B,2.38,$0.00B,$0.47B,0.0,$0.57B,$0.12B,21.44%,$0.57B,$0.07B,12.48%,$0.57B,$0.07B,12.48%,$0.57B,$0.07B,12.65%,$0.57B,$0.08B,14.41%,$0.57B,$0.03B,5.27%,$0.03B,$0.47B,6.67%,$0.03B,$0.47B,6.69%,$0.03B,$0.77B,4.40%,$0.07B,$0.47B,15.80%,$150,$119,$31,$0,$14,$133,$17,$3,$20,$5,$15,$15,$12,$17,$17,$51,51,$0.24,$0.24,$45,$648,$0,$697,$4,$21,$2,$27,$74,$771,$292,$0,$1,$8,$301,$1,$164,$0,$470,$771,$48,$2,$10,$11,$-2,$-109,$8,$1,$-97,$-38,$-2,$0,$-27,$0,$-1,$-1,$0,$-29,$0,$84,$84,$0,$0,$0,$-11,$72,$5,$2,$0
1,2018-06-30,9.8,$8.98,1.09,$10.61,0.92,$-1.53,0.0,$0.54,18.15,$0.63B,$0.24B,2.6,$0.00B,$0.46B,0.0,$0.53B,$0.12B,21.76%,$0.53B,$0.07B,13.13%,$0.53B,$0.07B,13.13%,$0.53B,$0.07B,13.32%,$0.53B,$0.08B,14.82%,$0.53B,$0.03B,5.07%,$0.03B,$0.46B,6.12%,$0.03B,$0.45B,6.12%,$0.03B,$0.71B,4.21%,$0.07B,$0.46B,15.86%,$155,$120,$35,$0,$14,$134,$21,$4,$24,$5,$19,$19,$15,$21,$21,$51,51,$0.29,$0.29,$41,$581,$0,$629,$3,$19,$2,$28,$76,$705,$242,$0,$1,$7,$250,$1,$152,$0,$456,$705,$32,$1,$8,$9,$-4,$-43,$-7,$-0,$-53,$-12,$-1,$0,$-25,$0,$-1,$-1,$0,$-27,$0,$51,$51,$0,$0,$0,$-11,$40,$1,$1,$0
2,2018-03-31,10.9,$8.66,1.26,$9.69,1.12,$-1.18,0.0,$0.41,26.59,$0.57B,$0.20B,2.79,$0.00B,$0.44B,0.0,$0.48B,$0.10B,21.53%,$0.48B,$0.06B,12.84%,$0.48B,$0.06B,12.84%,$0.48B,$0.06B,13.25%,$0.48B,$0.07B,14.29%,$0.48B,$0.02B,4.14%,$0.02B,$0.44B,4.65%,$0.02B,$0.44B,4.65%,$0.02B,$0.64B,3.31%,$0.06B,$0.44B,14.41%,$128,$101,$27,$0,$13,$114,$14,$2,$17,$3,$13,$13,$11,$15,$14,$51,51,$0.22,$0.22,$39,$528,$0,$569,$2,$18,$0,$27,$74,$643,$204,$0,$0,$0,$204,$1,$137,$0,$439,$643,$13,$0,$4,$4,$0,$-34,$-2,$0,$-38,$-20,$-1,$0,$0,$0,$0,$0,$0,$-1,$0,$28,$28,$0,$0,$0,$-8,$20,$-1,$1,$0
3,2017-12-31,11.3,$8.56,1.32,$9.19,1.23,$-0.43,0.0,$0.32,35.31,$0.54B,$0.18B,3.02,$0.00B,$0.43B,0.0,$0.45B,$0.10B,21.59%,$0.45B,$0.06B,13.22%,$0.45B,$0.06B,13.22%,$0.45B,$0.06B,13.44%,$0.45B,$0.06B,14.10%,$0.45B,$0.02B,3.30%,$0.02B,$0.43B,3.55%,$0.02B,$0.43B,3.55%,$0.02B,$0.61B,2.60%,$0.06B,$0.43B,14.21%,$136,$108,$29,$0,$10,$118,$19,$2,$21,$25,$-4,$-4,$-8,$19,$19,$50,50,$-0.18,$-0.18,$40,$496,$0,$538,$1,$17,$0,$24,$73,$611,$178,$0,$0,$0,$178,$1,$126,$0,$433,$611,$25,$0,$37,$37,$1,$-95,$7,$2,$-81,$-19,$-0,$0,$0,$0,$-0,$-0,$0,$-0,$0,$31,$31,$0,$0,$0,$-11,$20,$1,$3,$0
4,2017-09-30,9.9,$8.66,1.14,$8.89,1.11,$-0.17,0.0,$0.64,15.47,$0.51B,$0.17B,3.0,$0.00B,$0.44B,0.0,$0.44B,$0.10B,22.37%,$0.44B,$0.06B,13.70%,$0.44B,$0.06B,13.70%,$0.44B,$0.06B,13.93%,$0.44B,$0.06B,14.16%,$0.44B,$0.03B,7.08%,$0.03B,$0.44B,7.48%,$0.03B,$0.44B,7.48%,$0.03B,$0.61B,5.55%,$0.06B,$0.44B,14.48%,$114,$88,$25,$0,$10,$98,$16,$1,$17,$5,$12,$12,$9,$16,$16,$50,50,$0.19,$0.19,$25,$478,$0,$505,$1,$16,$0,$29,$101,$607,$168,$0,$0,$0,$168,$1,$134,$0,$438,$607,$30,$0,$13,$14,$1,$-71,$1,$0,$-66,$-23,$-0,$0,$0,$0,$-0,$-0,$0,$-0,$0,$19,$19,$0,$0,$0,$-10,$9,$-15,$2,$0
5,2017-06-30,11.45,$8.38,1.37,$8.49,1.35,$0.22,53.18,$0.58,19.74,$0.47B,$0.14B,3.28,$0.00B,$0.41B,0.0,$0.42B,$0.09B,22.60%,$0.42B,$0.06B,13.22%,$0.42B,$0.06B,13.22%,$0.42B,$0.06B,13.46%,$0.42B,$0.06B,13.70%,$0.42B,$0.03B,6.73%,$0.03B,$0.41B,6.97%,$0.03B,$0.41B,6.97%,$0.03B,$0.55B,5.13%,$0.06B,$0.41B,13.68%,$105,$82,$23,$0,$9,$92,$13,$0,$14,$4,$9,$9,$8,$14,$13,$49,49,$0.16,$0.16,$32,$435,$0,$469,$1,$0,$0,$24,$86,$554,$143,$0,$0,$0,$143,$0,$125,$0,$411,$554,$18,$0,$9,$9,$0,$-26,$1,$1,$-23,$4,$0,$0,$0,$0,$0,$0,$0,$0,$0,$-2,$-2,$0,$0,$0,$-10,$-12,$-8,$2,$0
6,2017-03-31,9.95,$8.28,1.2,$8.37,1.19,$0.01,0.0,$0.56,17.77,$0.45B,$0.13B,3.52,$0.00B,$0.41B,0.0,$0.41B,$0.09B,22.68%,$0.41B,$0.05B,13.17%,$0.41B,$0.05B,13.17%,$0.41B,$0.05B,13.17%,$0.41B,$0.06B,13.90%,$0.41B,$0.03B,6.59%,$0.03B,$0.41B,6.84%,$0.03B,$0.41B,6.84%,$0.03B,$0.53B,5.06%,$0.05B,$0.41B,13.67%,$99,$78,$21,$0,$10,$88,$12,$1,$12,$4,$8,$8,$6,$12,$12,$49,49,$0.13,$0.13,$38,$406,$0,$447,$1,$0,$0,$22,$87,$533,$127,$0,$0,$0,$127,$0,$117,$0,$407,$533,$8,$0,$5,$5,$-0,$3,$-2,$2,$3,$17,$0,$0,$0,$0,$0,$0,$0,$0,$0,$-13,$-13,$0,$0,$0,$-5,$-18,$-2,$2,$0
7,2016-12-31,10.05,$8.20,1.23,$7.78,1.29,$-0.67,0.0,$0.49,20.51,$0.45B,$0.14B,3.24,$0.00B,$0.40B,0.0,$0.38B,$0.09B,22.57%,$0.38B,$0.05B,12.34%,$0.38B,$0.05B,12.34%,$0.38B,$0.05B,12.34%,$0.38B,$0.05B,13.39%,$0.38B,$0.02B,6.30%,$0.02B,$0.40B,6.19%,$0.02B,$0.40B,6.19%,$0.02B,$0.54B,4.56%,$0.05B,$0.40B,12.13%,$120,$91,$29,$0,$10,$101,$19,$0,$19,$6,$13,$13,$8,$19,$19,$49,49,$0.16,$0.16,$40,$410,$0,$452,$1,$0,$0,$20,$89,$541,$139,$0,$0,$0,$139,$0,$111,$0,$401,$541,$35,$0,$14,$15,$1,$-74,$2,$8,$-55,$-5,$-0,$0,$0,$0,$0,$0,$0,$-0,$0,$28,$28,$0,$0,$0,$-7,$21,$16,$1,$0
8,2016-09-30,8.26,$7.94,1.04,$7.46,1.11,$-1.69,0.0,$0.40,20.65,$0.46B,$0.17B,2.79,$0.00B,$0.39B,0.0,$0.35B,$0.07B,20.17%,$0.35B,$0.04B,10.09%,$0.35B,$0.04B,10.09%,$0.35B,$0.04B,10.09%,$0.35B,$0.04B,12.10%,$0.35B,$0.02B,6.05%,$0.02B,$0.39B,5.52%,$0.02B,$0.39B,5.52%,$0.02B,$0.55B,4.12%,$0.04B,$0.39B,9.20%,$92,$71,$21,$0,$9,$80,$11,$1,$12,$4,$8,$8,$6,$11,$11,$49,49,$0.13,$0.13,$45,$415,$0,$462,$1,$0,$0,$19,$92,$554,$165,$0,$0,$0,$165,$0,$103,$0,$389,$554,$22,$0,$9,$10,$1,$-77,$22,$13,$-35,$-4,$-0,$0,$0,$0,$0,$0,$0,$-0,$0,$34,$34,$0,$0,$0,$-6,$27,$23,$1,$0
9,2016-06-30,7.27,$7.82,0.93,$7.14,1.02,$-2.08,0.0,$0.33,22.03,$0.41B,$0.12B,3.33,$0.00B,$0.38B,0.0,$0.33B,$0.07B,19.70%,$0.33B,$0.03B,9.39%,$0.33B,$0.03B,9.39%,$0.33B,$0.03B,9.70%,$0.33B,$0.04B,11.21%,$0.33B,$0.02B,5.45%,$0.02B,$0.38B,4.81%,$0.02B,$0.38B,4.81%,$0.02B,$0.51B,3.74%,$0.03B,$0.38B,8.29%,$99,$77,$22,$0,$10,$87,$12,$1,$14,$4,$9,$9,$7,$12,$12,$49,49,$0.14,$0.14,$26,$382,$0,$410,$1,$0,$0,$20,$96,$506,$123,$0,$0,$0,$123,$0,$97,$0,$383,$506,$14,$0,$6,$6,$1,$-41,$3,$7,$-26,$-6,$-0,$0,$0,$0,$0,$0,$0,$-0,$0,$15,$15,$0,$0,$0,$-4,$11,$4,$1,$0
10,2016-03-31,7.59,$7.73,0.98,$7.41,1.02,$-2.33,0.0,$0.31,24.48,$0.41B,$0.13B,3.16,$0.00B,$0.38B,0.0,$0.30B,$0.06B,19.80%,$0.30B,$0.03B,9.24%,$0.30B,$0.03B,9.24%,$0.30B,$0.03B,9.57%,$0.30B,$0.03B,10.56%,$0.30B,$0.02B,4.95%,$0.02B,$0.38B,4.60%,$0.02B,$0.38B,4.60%,$0.02B,$0.51B,3.26%,$0.03B,$0.38B,8.58%,$70,$56,$14,$0,$9,$65,$5,$1,$6,$1,$4,$4,$3,$5,$5,$49,49,$0.06,$0.06,$25,$376,$0,$406,$1,$0,$0,$20,$100,$506,$128,$0,$0,$0,$128,$0,$90,$0,$377,$506,$4,$0,$2,$2,$-1,$-32,$3,$6,$-23,$-16,$-0,$0,$0,$0,$0,$0,$0,$-0,$0,$20,$20,$0,$0,$0,$1,$21,$4,$0,$0
11,2015-12-31,7.2,$7.61,0.95,$7.84,0.92,$-2.32,0.0,$0.38,18.95,$0.37B,$0.10B,3.64,$0.00B,$0.37B,0.0,$0.29B,$0.06B,21.31%,$0.29B,$0.03B,10.65%,$0.29B,$0.03B,10.65%,$0.29B,$0.03B,11.00%,$0.29B,$0.03B,11.68%,$0.29B,$0.02B,5.50%,$0.02B,$0.37B,5.73%,$0.02B,$0.37B,5.73%,$0.02B,$0.47B,3.68%,$0.03B,$0.37B,11.11%,$86,$72,$13,$0,$6,$78,$7,$3,$10,$3,$7,$7,$5,$7,$7,$40,40,$0.07,$0.07,$24,$344,$0,$371,$1,$0,$0,$21,$103,$474,$102,$0,$0,$0,$102,$0,$87,$0,$372,$474,$26,$1,$9,$10,$-3,$-59,$-0,$-16,$-81,$-45,$-0,$0,$0,$0,$3,$3,$0,$2,$-150,$31,$-119,$170,$170,$0,$-8,$44,$1,$0,$0
12,2015-09-30,10.82,$7.46,1.45,$10.30,1.05,$-1.10,0.0,$1.55,6.98,$0.34B,$0.08B,4.41,$0.00B,$0.36B,0.0,$0.27B,$0.06B,21.98%,$0.27B,$0.03B,12.09%,$0.27B,$0.03B,12.09%,$0.27B,$0.03B,12.45%,$0.27B,$0.03B,12.09%,$0.27B,$0.04B,15.75%,$0.04B,$0.36B,18.57%,$0.04B,$0.36B,18.57%,$0.04B,$0.44B,10.32%,$0.03B,$0.36B,14.25%,$75,$59,$16,$0,$8,$68,$7,$-0,$7,$2,$5,$5,$3,$8,$7,$48,49,$0.06,$0.06,$17,$318,$0,$335,$2,$0,$0,$19,$105,$440,$76,$0,$0,$0,$76,$0,$81,$0,$364,$440,$18,$1,$6,$7,$0,$-31,$1,$-13,$-47,$-22,$-1,$0,$0,$0,$3,$3,$0,$2,$-150,$-1,$-151,$170,$170,$0,$-6,$13,$-7,$0,$0
13,2015-06-30,10.95,$6.14,1.78,$13.23,0.83,$-0.31,0.0,$1.49,7.35,$0.32B,$0.23B,1.41,$0.00B,$0.19B,0.0,$0.25B,$0.06B,23.79%,$0.25B,$0.03B,12.90%,$0.25B,$0.03B,12.90%,$0.25B,$0.03B,12.90%,$0.25B,$0.03B,12.90%,$0.25B,$0.04B,17.74%,$0.04B,$0.19B,30.93%,$0.04B,$0.19B,30.93%,$0.04B,$0.42B,14.24%,$0.03B,$0.19B,22.50%,$72,$55,$17,$0,$8,$63,$9,$0,$9,$2,$7,$7,$4,$9,$9,$31,31,$0.12,$0.12,$17,$301,$0,$319,$2,$0,$0,$12,$99,$418,$226,$0,$0,$0,$226,$0,$78,$0,$192,$418,$13,$0,$4,$5,$-0,$-28,$1,$-3,$-29,$-12,$-0,$0,$0,$0,$3,$3,$0,$2,$0,$6,$6,$0,$0,$0,$-3,$4,$-6,$0,$0
14,2015-03-31,8.28,$5.99,1.38,$16.86,0.49,$1.16,7.14,$0.86,9.62,$0.31B,$0.22B,1.4,$0.00B,$0.19B,0.0,$0.24B,$0.06B,23.97%,$0.24B,$0.03B,14.05%,$0.24B,$0.03B,14.05%,$0.24B,$0.03B,14.05%,$0.24B,$0.03B,14.05%,$0.24B,$0.05B,19.42%,$0.05B,$0.19B,48.96%,$0.05B,$0.19B,48.96%,$0.05B,$0.41B,22.73%,$0.03B,$0.19B,35.42%,$58,$42,$16,$0,$8,$50,$8,$-0,$8,$2,$6,$6,$4,$8,$8,$31,31,$0.13,$0.13,$19,$289,$0,$309,$2,$0,$0,$11,$100,$409,$221,$0,$0,$0,$221,$0,$74,$0,$188,$409,$6,$0,$2,$2,$-0,$-15,$-2,$-2,$-18,$-10,$-0,$0,$0,$0,$3,$3,$0,$3,$0,$4,$4,$0,$0,$0,$-0,$4,$-4,$0,$0
15,2014-12-31,8.2,$5.79,1.42,$20.66,0.4,$1.72,4.77,$0.60,13.67,$0.30B,$0.22B,1.37,$0.00B,$0.18B,0.0,$0.25B,$0.06B,23.48%,$0.25B,$0.04B,14.57%,$0.25B,$0.04B,14.57%,$0.25B,$0.04B,14.57%,$0.25B,$0.04B,14.57%,$0.25B,$0.05B,20.24%,$0.05B,$0.18B,97.09%,$0.05B,$0.18B,97.09%,$0.05B,$0.40B,46.73%,$0.04B,$0.18B,69.90%,$68,$57,$11,$0,$2,$59,$9,$0,$9,$-25,$34,$34,$32,$9,$9,$15,15,$1.74,$1.74,$23,$275,$0,$299,$1,$3,$0,$9,$101,$400,$219,$0,$0,$0,$219,$0,$70,$0,$182,$400,$61,$0,$-25,$-25,$-0,$-38,$5,$-6,$-34,$2,$-1,$0,$0,$0,$6,$6,$8,$13,$0,$-18,$-18,$0,$0,$0,$8,$-10,$5,$0,$0
16,2014-09-30,6.38,$1.08,5.89,$16.07,0.4,$-2.87,0.0,$-0.64,0.0,$0.01B,$0.00B,4.23,$0.00B,$0.01B,0.0,$0.18B,$0.05B,26.26%,$0.18B,$-0.13B,-73.74%,$0.18B,$0.07B,39.66%,$0.18B,$-0.15B,-85.47%,$0.18B,$0.08B,41.90%,$0.18B,$0.06B,35.20%,$0.06B,$0.01B,113.00%,$0.06B,$0.01B,113.00%,$0.06B,$0.01B,85.14%,$-0.13B,$0.01B,-236.77%,$50,$35,$15,$0,$9,$43,$6,$-0,$6,$0,$6,$6,$4,$6,$6,$11,11,$0.33,$0.33,$7,$0,$1,$9,$0,$0,$0,$0,$0,$9,$2,$0,$0,$0,$2,$0,$-172,$0,$7,$9,$27,$0,$0,$0,$0,$-28,$5,$-4,$-22,$5,$-1,$0,$0,$0,$2,$2,$8,$9,$0,$-6,$-6,$0,$0,$0,$-17,$-23,$-9,$0,$0
17,2014-06-30,6.87,$1.18,5.8,$11.60,0.59,$-1.67,0.0,$-1.48,0.0,$0.01B,$0.00B,6.25,$0.00B,$0.01B,0.0,$0.13B,$0.03B,24.81%,$0.13B,$-0.14B,-107.75%,$0.13B,$0.06B,49.61%,$0.13B,$-0.15B,-118.60%,$0.13B,$0.07B,52.71%,$0.13B,$0.06B,42.64%,$0.06B,$0.01B,85.94%,$0.06B,$0.01B,85.94%,$0.06B,$0.01B,42.31%,$-0.14B,$0.01B,-214.67%,$66,$49,$16,$0,$6,$55,$11,$0,$11,$0,$11,$11,$7,$11,$11,$11,11,$0.67,$0.67,$8,$0,$0,$9,$0,$0,$0,$0,$0,$9,$1,$0,$0,$0,$1,$0,$-172,$0,$7,$9,$21,$0,$0,$0,$0,$-8,$1,$-3,$-8,$13,$-1,$0,$0,$0,$2,$2,$4,$5,$0,$-8,$-8,$0,$0,$0,$-10,$-17,$0,$0,$0
18,2014-03-31,7.3,$1.63,4.47,$5.67,1.29,$-2.38,0.0,$-1.74,0.0,$0.01B,$0.00B,76.26,$0.00B,$0.01B,0.0,$0.06B,$0.02B,25.40%,$0.06B,$-0.15B,-239.68%,$0.06B,$0.05B,82.54%,$0.06B,$-0.16B,-250.79%,$0.06B,$0.06B,88.89%,$0.06B,$0.04B,69.84%,$0.04B,$0.01B,59.86%,$0.04B,$0.01B,59.86%,$0.04B,$0.01B,23.44%,$-0.15B,$0.01B,-201.33%,$63,$47,$16,$0,$6,$53,$10,$0,$10,$0,$10,$10,$7,$10,$10,$11,11,$0.66,$0.66,$10,$0,$0,$10,$0,$0,$0,$0,$0,$10,$0,$0,$0,$0,$0,$0,$-169,$0,$10,$10,$10,$0,$0,$0,$-1,$-4,$-1,$-2,$-7,$3,$-0,$0,$0,$0,$1,$1,$-0,$1,$0,$-5,$-5,$0,$0,$0,$-2,$-7,$-4,$0,$0
19,2013-12-31,1.71,$17.90,0.1,0,0.0,$-2.56,0.0,$-2.48,0.0,$0.25B,$0.07B,3.55,$0.00B,$0.20B,0.0,$0.00B,0,nan%,$0.00B,$-0.16B,inf%,$0.00B,$0.04B,inf%,$0.00B,$-0.16B,inf%,$0.00B,$0.05B,inf%,$0.00B,$0.03B,inf%,$0.03B,$0.20B,38.32%,$0.03B,$0.20B,38.32%,$0.03B,$0.27B,12.93%,$-0.16B,$0.20B,-188.92%,$0,$0,$0,$0,$14,$159,$-159,$5,$48,$0,$48,$48,$45,$-180,$44,$11,11,$5.36,$5.36,$18,$229,$0,$247,$1,$8,$0,$4,$21,$268,$70,$0,$0,$0,$70,$0,$33,$0,$199,$268,$44,$0,$0,$0,$-0,$-97,$4,$-5,$-94,$-50,$-0,$0,$0,$0,$3,$3,$8,$11,$0,$16,$16,$0,$0,$0,$33,$49,$10,$0,$0
20,2013-09-30,3.65,$6.44,0.57,$-27.49,0.0,$-3.83,0.0,$-4.37,0.0,$0.04B,$0.18B,0.21,$0.00B,$0.04B,0.07,$-0.31B,$0.04B,-13.44%,$-0.31B,$0.04B,-12.13%,$-0.31B,$0.04B,-12.13%,$-0.31B,$0.04B,-12.13%,$-0.31B,$0.05B,-17.38%,$-0.31B,$0.03B,-11.15%,$0.03B,$0.04B,71.58%,$0.03B,$0.04B,71.58%,$0.03B,$0.23B,13.99%,$0.04B,$0.04B,74.37%,$0,$0,$0,$0,$1,$1,$-1,$0,$-1,$0,$-1,$-1,$-4,$6,$-1,$5,5,$-0.84,$-0.84,$19,$11,$0,$39,$191,$0,$0,$3,$195,$233,$183,$3,$7,$10,$193,$0,$-142,$0,$40,$233,$-15,$21,$1,$22,$2,$2,$-7,$6,$4,$10,$-2,$0,$0,$0,$0,$0,$0,$-2,$0,$-0,$-0,$0,$0,$0,$0,$-0,$8,$1,$0
21,2013-06-30,3.34,$7.24,0.46,$-5.25,0.0,$-4.95,0.0,$-5.41,0.0,$0.04B,$0.19B,0.21,$0.00B,$0.05B,0.06,$-0.19B,$0.03B,-17.46%,$-0.19B,$0.03B,-14.81%,$-0.19B,$0.03B,-14.81%,$-0.19B,$0.03B,-14.81%,$-0.19B,$0.04B,-22.75%,$-0.19B,$0.03B,-14.81%,$0.03B,$0.05B,51.85%,$0.03B,$0.05B,51.85%,$0.03B,$0.24B,11.18%,$0.03B,$0.05B,49.78%,$0,$0,$0,$0,$1,$1,$-1,$0,$-1,$0,$-1,$-1,$-4,$6,$-1,$5,5,$-0.77,$-0.77,$13,$12,$0,$38,$197,$0,$0,$3,$201,$240,$185,$3,$7,$10,$194,$0,$-138,$0,$45,$240,$-10,$14,$0,$15,$-3,$2,$-4,$5,$-1,$3,$-1,$0,$0,$0,$0,$0,$0,$-1,$0,$-0,$-0,$0,$0,$0,$0,$-0,$2,$0,$0
22,2013-03-31,5.11,$7.97,0.64,$18.52,0.28,$-5.23,0.0,$-6.69,0.0,$0.04B,$0.19B,0.22,$0.00B,$0.05B,0.06,$-0.07B,$0.03B,-37.88%,$-0.07B,$0.02B,-27.27%,$-0.07B,$0.02B,-27.27%,$-0.07B,$0.02B,-27.27%,$-0.07B,$0.03B,-48.48%,$-0.07B,$0.02B,-31.82%,$0.02B,$0.05B,33.87%,$0.02B,$0.05B,33.87%,$0.02B,$0.25B,8.10%,$0.02B,$0.05B,17.35%,$0,$0,$0,$0,$1,$1,$-1,$0,$-1,$0,$-1,$-1,$-5,$6,$-1,$5,5,$-0.87,$-0.87,$13,$12,$0,$41,$203,$0,$0,$3,$208,$249,$189,$3,$7,$10,$199,$0,$-134,$0,$50,$249,$-5,$7,$0,$7,$-6,$1,$2,$2,$-1,$1,$-0,$0,$0,$0,$0,$0,$0,$-0,$0,$-0,$-0,$0,$0,$0,$0,$-0,$0,$0,$0
23,2012-12-31,3.68,$8.78,0.42,$45.64,0.08,$-5.34,0.0,$-7.62,0.0,$0.01B,$0.00B,72.11,$0.00B,$0.06B,0.0,$0.07B,$0.02B,24.66%,$0.07B,$0.01B,13.70%,$0.07B,$0.01B,13.70%,$0.07B,$0.01B,13.70%,$0.07B,$0.02B,30.14%,$0.07B,$0.02B,23.29%,$0.02B,$0.06B,23.69%,$0.02B,$0.06B,23.69%,$0.02B,$0.25B,6.33%,$0.01B,$0.06B,6.50%,$-305,$-346,$41,$0,$0,$-346,$40,$15,$56,$0,$56,$56,$47,$19,$40,$11,11,$7.31,$7.31,$12,$0,$0,$12,$0,$0,$0,$239,$239,$250,$0,$0,$195,$195,$195,$0,$-129,$0,$55,$250,$21,$0,$0,$0,$1,$-98,$4,$8,$-84,$-64,$-0,$0,$0,$0,$-12,$-12,$15,$3,$0,$21,$21,$0,$0,$0,$39,$60,$-1,$0,$0
24,2012-09-30,5.07,$10.55,0.48,$107.77,0.05,$4.82,1.05,$-5.13,0.0,$0.04B,$0.19B,0.23,$0.00B,$0.07B,0.04,$0.54B,$-0.01B,-2.58%,$0.54B,$-0.02B,-4.43%,$0.54B,$-0.02B,-4.43%,$0.54B,$0.00B,0.74%,$0.54B,$-0.03B,-5.54%,$0.54B,$-0.03B,-4.80%,$-0.03B,$0.07B,-31.33%,$-0.03B,$0.07B,-31.33%,$-0.03B,$0.26B,-9.24%,$-0.02B,$0.07B,-11.61%,$116,$124,$-8,$0,$2,$126,$-10,$-1,$-11,$0,$-11,$-11,$-10,$-3,$-10,$5,5,$-1.88,$-1.88,$11,$13,$4,$42,$216,$0,$0,$3,$221,$263,$187,$3,$8,$10,$197,$0,$-119,$0,$66,$263,$-35,$21,$1,$22,$-0,$13,$4,$-1,$15,$3,$-1,$0,$0,$0,$0,$0,$0,$-1,$-6,$-0,$-6,$0,$0,$0,$0,$-6,$-4,$1,$0
25,2012-06-30,3.56,$12.29,0.29,$111.96,0.03,$6.37,0.56,$-2.85,0.0,$0.05B,$0.03B,1.59,$0.16B,$0.08B,2.08,$0.59B,$0.00B,0.17%,$0.59B,$-0.01B,-1.53%,$0.59B,$-0.01B,-1.53%,$0.59B,$0.02B,3.23%,$0.59B,$-0.02B,-2.72%,$0.59B,$-0.01B,-2.38%,$-0.01B,$0.08B,-15.51%,$-0.01B,$0.08B,-15.51%,$-0.01B,$0.28B,-4.79%,$-0.01B,$0.24B,-3.52%,$123,$131,$-8,$0,$2,$134,$-11,$-2,$-12,$0,$-12,$-12,$-11,$-4,$-11,$5,5,$-2.05,$-2.05,$9,$17,$4,$47,$223,$0,$0,$3,$228,$275,$30,$161,$8,$168,$198,$0,$-109,$0,$77,$275,$-24,$14,$1,$15,$-1,$9,$5,$-3,$10,$1,$-1,$0,$0,$0,$0,$0,$0,$-1,$-6,$-0,$-6,$0,$0,$0,$0,$-6,$-6,$1,$0
26,2012-03-31,13.0,$14.21,0.91,$121.21,0.11,$7.69,1.69,$-2.20,0.0,$0.05B,$0.03B,2.0,$0.16B,$0.09B,1.84,$0.64B,$0.01B,0.79%,$0.64B,$-0.00B,-0.63%,$0.64B,$-0.00B,-0.63%,$0.64B,$0.02B,3.78%,$0.64B,$-0.01B,-1.89%,$0.64B,$-0.01B,-1.57%,$-0.01B,$0.09B,-10.64%,$-0.01B,$0.09B,-10.64%,$-0.01B,$0.29B,-3.32%,$-0.00B,$0.25B,-1.52%,$139,$146,$-7,$0,$3,$149,$-9,$-2,$-11,$0,$-11,$-11,$-9,$-2,$-9,$5,5,$-1.83,$-1.83,$12,$19,$0,$51,$230,$0,$0,$3,$236,$287,$26,$164,$8,$172,$197,$1,$-99,$0,$89,$287,$-11,$7,$0,$7,$-5,$7,$2,$-0,$4,$0,$-1,$0,$0,$0,$0,$0,$0,$-1,$-3,$-0,$-3,$0,$0,$0,$0,$-3,$-3,$0,$0
27,2011-12-31,13.6,$16.11,0.84,$138.40,0.1,$8.68,1.57,$-2.60,0.0,$0.06B,$0.02B,2.35,$0.17B,$0.10B,1.67,$0.65B,$0.01B,1.53%,$0.65B,$0.00B,0.00%,$0.65B,$0.00B,0.00%,$0.65B,$0.03B,4.59%,$0.65B,$-0.01B,-1.53%,$0.65B,$-0.01B,-1.38%,$-0.01B,$0.10B,-9.30%,$-0.01B,$0.10B,-9.30%,$-0.01B,$0.30B,-2.91%,$0.00B,$0.27B,0.00%,$164,$155,$9,$0,$3,$158,$6,$-2,$4,$0,$4,$4,$4,$13,$6,$5,5,$1.31,$1.38,$15,$26,$0,$57,$236,$0,$0,$3,$242,$300,$24,$167,$8,$175,$200,$0,$-89,$0,$100,$300,$-10,$30,$1,$31,$14,$-2,$-7,$-2,$3,$24,$-3,$0,$0,$0,$0,$0,$0,$-3,$-54,$-3,$-57,$46,$46,$0,$-2,$-13,$8,$1,$0
28,2011-09-30,3.8,$15.35,0.25,$214.99,0.02,$10.83,0.35,$-4.00,0.0,$0.06B,$0.03B,1.83,$0.17B,$0.10B,1.79,$0.63B,$0.01B,0.95%,$0.63B,$-0.00B,-0.63%,$0.63B,$-0.00B,-0.63%,$0.63B,$0.03B,4.28%,$0.63B,$-0.02B,-2.38%,$0.63B,$-0.01B,-2.22%,$-0.01B,$0.10B,-16.42%,$-0.01B,$0.10B,-16.42%,$-0.01B,$0.31B,-4.41%,$-0.00B,$0.27B,-1.49%,$163,$155,$7,$0,$3,$158,$5,$-2,$3,$0,$3,$3,$2,$12,$5,$5,6,$0.43,$0.36,$10,$23,$4,$58,$242,$0,$0,$3,$248,$306,$32,$170,$9,$179,$210,$1,$-93,$0,$95,$306,$-15,$23,$1,$24,$10,$1,$-0,$-5,$5,$14,$-2,$0,$0,$0,$0,$0,$0,$-2,$-51,$-3,$-54,$46,$46,$0,$-2,$-10,$2,$1,$0
29,2011-06-30,8.2,$14.88,0.55,$278.74,0.03,$14.85,0.55,$-5.40,0.0,$0.06B,$0.04B,1.57,$0.17B,$0.09B,1.88,$0.58B,$0.00B,0.69%,$0.58B,$-0.01B,-1.37%,$0.58B,$-0.01B,-1.37%,$0.58B,$0.02B,3.95%,$0.58B,$-0.02B,-3.43%,$0.58B,$-0.02B,-2.92%,$-0.02B,$0.09B,-22.59%,$-0.02B,$0.09B,-22.59%,$-0.02B,$0.31B,-5.25%,$-0.01B,$0.27B,-2.95%,$169,$172,$-4,$0,$3,$175,$-6,$-2,$-8,$0,$-8,$-8,$-7,$1,$-6,$5,5,$-1.38,$-1.38,$8,$23,$0,$58,$248,$0,$0,$3,$254,$312,$37,$173,$9,$183,$220,$1,$-95,$0,$92,$312,$-17,$16,$1,$16,$2,$0,$6,$1,$9,$8,$-1,$0,$0,$0,$0,$0,$0,$-1,$-48,$-3,$-51,$46,$46,$0,$-2,$-7,$1,$1,$0
30,2011-03-31,16.4,$16.16,1.01,$321.50,0.05,$18.62,0.88,$-11.40,0.0,$0.06B,$0.04B,1.76,$0.18B,$0.10B,1.76,$0.51B,$0.00B,0.39%,$0.51B,$-0.01B,-2.16%,$0.51B,$-0.01B,-2.16%,$0.51B,$0.02B,3.92%,$0.51B,$-0.02B,-4.71%,$0.51B,$-0.02B,-3.73%,$-0.02B,$0.10B,-28.57%,$-0.02B,$0.10B,-28.57%,$-0.02B,$0.32B,-5.80%,$-0.01B,$0.28B,-4.01%,$158,$160,$-2,$0,$3,$163,$-5,$-4,$-9,$0,$-9,$-9,$-8,$4,$-5,$4,4,$-2.20,$-2.20,$7,$24,$0,$61,$253,$0,$0,$3,$260,$321,$35,$176,$10,$186,$221,$1,$-88,$0,$100,$321,$-9,$9,$0,$9,$-1,$-0,$4,$1,$4,$4,$-0,$0,$0,$0,$0,$0,$0,$-0,$-45,$-3,$-48,$46,$46,$0,$-2,$-3,$-0,$0,$0
31,2010-12-31,34.8,$32.60,1.07,$356.80,0.1,$25.89,1.34,$-15.60,0.0,$0.06B,$0.05B,1.22,$0.22B,$0.05B,3.96,$0.45B,$-0.00B,-0.22%,$0.45B,$-0.01B,-3.09%,$0.45B,$-0.01B,-3.09%,$0.45B,$0.02B,3.31%,$0.45B,$-0.03B,-5.52%,$0.45B,$-0.02B,-4.19%,$-0.02B,$0.05B,-32.48%,$-0.02B,$0.05B,-32.48%,$-0.02B,$0.33B,-5.72%,$-0.01B,$0.27B,-5.05%,$141,$136,$5,$0,$3,$139,$2,$-4,$-1,$0,$-1,$-1,$-1,$10,$2,$1,1,$-1.00,$-1.00,$7,$24,$3,$64,$260,$0,$0,$3,$268,$332,$52,$215,$10,$225,$277,$0,$-81,$0,$54,$332,$-25,$29,$3,$32,$-4,$-3,$9,$4,$6,$13,$-5,$0,$0,$0,$0,$0,$0,$-5,$-3,$-1,$-4,$0,$0,$0,$-3,$-7,$1,$1,$0
32,2010-09-30,39.8,$33.00,1.21,$346.80,0.11,$-0.55,0.0,$-10.60,0.0,$0.06B,$0.05B,1.19,$0.22B,$0.06B,3.96,$0.43B,$0.01B,2.08%,$0.43B,$-0.00B,-0.93%,$0.43B,$-0.00B,-0.93%,$0.43B,$0.02B,5.56%,$0.43B,$-0.02B,-3.47%,$0.43B,$-0.01B,-2.55%,$-0.01B,$0.06B,-17.05%,$-0.01B,$0.06B,-17.05%,$-0.01B,$0.33B,-3.28%,$-0.00B,$0.27B,-1.40%,$115,$110,$5,$0,$4,$114,$1,$-3,$-2,$0,$-2,$-2,$-1,$8,$1,$1,1,$-1.00,$-1.00,$11,$19,$2,$55,$266,$0,$0,$3,$274,$330,$46,$218,$10,$228,$275,$0,$-80,$0,$55,$330,$-24,$21,$3,$24,$2,$2,$3,$5,$12,$12,$-4,$0,$0,$0,$0,$0,$0,$-4,$0,$-1,$-1,$0,$0,$0,$-2,$-3,$5,$1,$0
33,2010-06-30,26.6,$33.86,0.79,$331.33,0.08,$-25.60,0.0,$-14.80,0.0,$0.05B,$0.04B,1.1,$0.22B,$0.06B,3.92,$0.41B,$0.01B,1.47%,$0.41B,$-0.01B,-2.21%,$0.41B,$-0.01B,-2.21%,$0.41B,$0.02B,4.66%,$0.41B,$-0.02B,-5.15%,$0.41B,$-0.02B,-3.92%,$-0.02B,$0.06B,-23.53%,$-0.02B,$0.06B,-23.53%,$-0.02B,$0.33B,-4.73%,$-0.01B,$0.28B,-3.12%,$96,$103,$-6,$0,$3,$106,$-9,$-3,$-12,$0,$-12,$-12,$-9,$-2,$-9,$1,1,$-7.40,$-7.40,$12,$14,$0,$46,$273,$0,$0,$3,$281,$327,$42,$221,$8,$229,$270,$0,$-78,$0,$57,$327,$-22,$14,$2,$16,$6,$7,$-0,$3,$16,$10,$-4,$0,$0,$0,$0,$0,$0,$-4,$0,$-1,$-0,$0,$0,$0,$-0,$-0,$6,$1,$0
34,2010-03-31,58.8,$40.90,1.44,$346.80,0.17,$-50.12,0.0,$-13.00,0.0,$0.05B,$0.04B,1.21,$0.22B,$0.07B,3.24,$0.42B,$0.01B,2.63%,$0.42B,$-0.01B,-1.20%,$0.42B,$-0.01B,-1.20%,$0.42B,$0.02B,5.50%,$0.42B,$-0.02B,-4.31%,$0.42B,$-0.01B,-3.35%,$-0.01B,$0.07B,-19.24%,$-0.01B,$0.07B,-19.24%,$-0.01B,$0.34B,-4.08%,$-0.01B,$0.29B,-2.06%,$101,$106,$-5,$0,$3,$109,$-8,$-3,$-10,$0,$-10,$-10,$-8,$-1,$-8,$1,1,$-6.40,$-6.40,$16,$17,$1,$52,$279,$0,$0,$2,$288,$339,$43,$221,$8,$228,$271,$0,$-69,$0,$68,$339,$-10,$7,$0,$7,$8,$4,$2,$2,$15,$12,$-1,$0,$0,$0,$0,$0,$0,$-1,$-0,$-0,$-0,$0,$0,$0,$-0,$-0,$10,$0,$0
35,2009-12-31,54.2,$46.67,1.16,$353.83,0.15,$-73.93,0.0,$-13.40,0.0,$0.05B,$0.04B,1.31,$0.22B,$0.08B,2.83,$0.41B,$0.01B,2.66%,$0.41B,$-0.01B,-1.21%,$0.41B,$-0.01B,-1.21%,$0.41B,$0.02B,5.56%,$0.41B,$-0.02B,-4.59%,$0.41B,$-0.01B,-3.38%,$-0.01B,$0.08B,-18.24%,$-0.01B,$0.08B,-18.24%,$-0.01B,$0.35B,-4.04%,$-0.01B,$0.30B,-1.99%,$120,$106,$15,$0,$3,$109,$12,$-3,$9,$0,$9,$9,$7,$19,$12,$1,1,$6.20,$6.20,$6,$21,$0,$54,$284,$0,$0,$2,$293,$347,$41,$221,$7,$228,$269,$0,$-61,$-0,$78,$347,$-20,$28,$0,$29,$-7,$-6,$-3,$-2,$-18,$-9,$-14,$0,$0,$0,$0,$0,$4,$-10,$13,$-1,$12,$0,$0,$0,$2,$13,$-6,$0,$0
36,2009-09-30,13.6,$41.00,0.33,$368.08,0.04,$-224.89,0.0,$-26.20,0.0,$0.04B,$0.04B,0.95,$0.22B,$0.07B,3.22,$0.38B,$-0.01B,-2.61%,$0.38B,$-0.03B,-6.53%,$0.38B,$-0.03B,-6.53%,$0.38B,$0.00B,0.78%,$0.38B,$-0.04B,-10.44%,$0.38B,$-0.03B,-7.31%,$-0.03B,$0.07B,-34.57%,$-0.03B,$0.07B,-34.57%,$-0.03B,$0.34B,-7.97%,$-0.03B,$0.29B,-9.75%,$91,$89,$2,$0,$6,$95,$-4,$-5,$-8,$0,$-8,$-8,$-6,$3,$-4,$1,1,$-5.20,$-5.20,$10,$14,$0,$42,$290,$0,$0,$2,$299,$340,$44,$221,$7,$228,$272,$0,$-67,$-0,$69,$340,$-29,$21,$0,$21,$1,$1,$-4,$-1,$-3,$-11,$-13,$0,$0,$0,$0,$0,$2,$-10,$16,$-1,$15,$0,$0,$0,$1,$17,$-4,$0,$0
37,2009-06-30,12.6,$45.58,0.28,$412.43,0.03,$-359.03,0.0,$-64.60,0.0,$0.04B,$0.25B,0.18,$0.02B,$0.08B,0.23,$0.38B,$-0.03B,-6.53%,$0.38B,$-0.04B,-9.92%,$0.38B,$-0.04B,-9.92%,$0.38B,$-0.02B,-3.92%,$0.38B,$-0.10B,-26.89%,$0.38B,$-0.06B,-14.36%,$-0.06B,$0.08B,-64.33%,$-0.06B,$0.08B,-64.33%,$-0.06B,$0.35B,-15.09%,$-0.04B,$0.09B,-14.83%,$106,$107,$-1,$0,$4,$112,$-5,$-4,$-9,$0,$-9,$-9,$-7,$2,$-5,$1,1,$-5.60,$-5.60,$9,$11,$0,$44,$295,$0,$0,$1,$303,$347,$246,$18,$6,$24,$271,$0,$-61,$-1,$76,$347,$-20,$14,$0,$14,$-5,$3,$-4,$1,$-5,$-11,$-12,$0,$0,$0,$0,$0,$-0,$-12,$15,$-0,$15,$0,$0,$0,$-0,$15,$-8,$0,$0
38,2009-03-31,7.4,$50.52,0.15,$321.37,0.02,$-389.05,0.0,$-58.40,0.0,$0.04B,$0.02B,1.63,$0.24B,$0.08B,2.82,$0.28B,$-0.02B,-8.66%,$0.28B,$-0.04B,-14.80%,$0.28B,$-0.04B,-14.80%,$0.28B,$-0.03B,-9.03%,$0.28B,$-0.09B,-33.21%,$0.28B,$-0.05B,-16.97%,$-0.05B,$0.08B,-48.70%,$-0.05B,$0.08B,-48.70%,$-0.05B,$0.35B,-12.29%,$-0.04B,$0.32B,-13.26%,$97,$103,$-5,$0,$3,$105,$-8,$-3,$-11,$0,$-11,$-11,$-8,$-1,$-8,$1,1,$-6.80,$-6.80,$8,$13,$0,$40,$300,$0,$0,$5,$313,$353,$24,$238,$6,$244,$269,$0,$-55,$-1,$84,$353,$-11,$7,$0,$7,$-1,$2,$-4,$0,$-3,$-7,$-11,$0,$0,$0,$0,$0,$-0,$-11,$13,$-0,$13,$0,$0,$0,$-0,$13,$-4,$0,$0
39,2008-12-31,7.0,$56.74,0.12,$234.71,0.03,$-430.95,0.0,$-54.00,0.0,$0.05B,$0.04B,1.23,$0.23B,$0.10B,2.39,$0.18B,$-0.02B,-10.56%,$0.18B,$-0.04B,-20.56%,$0.18B,$-0.04B,-20.56%,$0.18B,$-0.03B,-15.56%,$0.18B,$-0.09B,-47.22%,$0.18B,$-0.04B,-22.78%,$-0.04B,$0.10B,-39.14%,$-0.04B,$0.10B,-39.14%,$-0.04B,$0.37B,-10.48%,$-0.04B,$0.32B,-12.35%,$89,$95,$-6,$0,$2,$97,$-8,$-4,$-12,$0,$-12,$-12,$-7,$-1,$-8,$1,1,$-8.20,$-7.60,$13,$15,$0,$47,$305,$0,$0,$6,$319,$366,$38,$226,$6,$233,$271,$0,$-47,$-3,$95,$366,$-84,$10,$2,$12,$-17,$-15,$1,$12,$-19,$-91,$-41,$0,$0,$0,$0,$0,$-1,$-42,$94,$-1,$93,$-2,$-2,$0,$-2,$89,$-44,$1,$0
40,2008-09-30,10.8,$51.92,0.21,$119.24,0.09,$-624.89,0.0,$-46.80,0.0,$0.06B,$0.07B,0.84,$0.20B,$0.09B,2.32,$0.09B,$-0.01B,-14.29%,$0.09B,$-0.03B,-35.16%,$0.09B,$-0.03B,-35.16%,$0.09B,$-0.03B,-32.97%,$0.09B,$-0.08B,-82.42%,$0.09B,$-0.04B,-38.46%,$-0.04B,$0.09B,-31.39%,$-0.04B,$0.09B,-31.39%,$-0.04B,$0.39B,-9.07%,$-0.03B,$0.29B,-11.42%,$91,$104,$-13,$0,$2,$108,$-17,$-54,$-71,$0,$-71,$-71,$-33,$-15,$-17,$1,1,$-43.60,$-43.60,$20,$17,$1,$58,$321,$0,$0,$5,$334,$392,$69,$201,$5,$237,$305,$0,$-40,$-1,$87,$392,$-72,$3,$2,$4,$-19,$-17,$26,$2,$-7,$-75,$-42,$0,$0,$0,$0,$0,$-2,$-44,$86,$-0,$85,$-2,$-2,$0,$-1,$82,$-36,$1,$0
41,2008-06-30,51.0,$71.61,0.71,$0.18,285.18,$-671.31,0.0,$-4.40,0.0,$0.08B,$0.04B,2.03,$0.19B,$0.12B,1.56,$0.00B,0,nan%,$0.00B,$-0.02B,inf%,$0.00B,$-0.02B,inf%,$0.00B,$-0.02B,inf%,$0.00B,$-0.01B,inf%,$0.00B,$-0.00B,inf%,$-0.00B,$0.12B,-2.49%,$-0.00B,$0.12B,-2.49%,$-0.00B,$0.42B,-0.82%,$-0.02B,$0.31B,-6.93%,$0,$0,$0,$0,$8,$9,$-8,$11,$2,$0,$2,$2,$1,$-8,$-8,$1,2,$1.20,$0.60,$39,$28,$13,$81,$326,$0,$0,$5,$339,$419,$40,$187,$5,$260,$300,$0,$-7,$-1,$120,$419,$-1,$0,$-10,$-9,$-0,$-28,$2,$-0,$-27,$-37,$-43,$0,$0,$0,$0,$0,$-2,$-45,$68,$0,$68,$-2,$-2,$0,$-0,$65,$-17,$1,$0
42,2008-03-31,91.6,$69.82,1.31,0,0.0,$-891.23,0.0,$-9.80,0.0,$0.05B,$0.03B,1.63,$0.17B,$0.12B,1.43,$0.00B,0,nan%,$0.00B,$-0.01B,inf%,$0.00B,$-0.01B,inf%,$0.00B,$-0.01B,inf%,$0.00B,$-0.01B,inf%,$0.00B,$-0.01B,inf%,$-0.01B,$0.12B,-5.02%,$-0.01B,$0.12B,-5.02%,$-0.01B,$0.39B,-1.82%,$-0.01B,$0.28B,-5.31%,$0,$0,$0,$0,$4,$4,$-4,$1,$-4,$0,$-4,$-4,$-2,$-4,$-4,$1,1,$-2.40,$-2.40,$51,$0,$0,$52,$324,$0,$0,$4,$336,$388,$32,$166,$7,$240,$271,$0,$-8,$-3,$117,$388,$-4,$0,$0,$0,$0,$0,$-1,$2,$1,$-2,$-42,$0,$0,$0,$0,$0,$-1,$-42,$42,$0,$42,$-2,$-2,$0,$-0,$40,$-5,$0,$0
