,Date,Stock Price,Book Value per Share,Price to Book Ratio,TTM Sales per Share,Price to Sales Ratio,TTM FCF per Share,Price to FCF Ratio,TTM Net EPS,PE Ratio,Current Assets,Current Liabilities,Current Ratio,Long Term Debt,Shareholder's Equity_x,Debt to Equity Ratio,TTM Revenue_x,TTM Gross Profit,Gross Margin,TTM Revenue_y,TTM Operating Income,Operating Margin,TTM Revenue_x,TTM EBIT,EBIT Margin,TTM Revenue_y,TTM EBITDA,EBITDA Margin,TTM Revenue_x,TTM Pre-Tax Income,Pre-Tax Margin,TTM Revenue_y,TTM Net Income_x,Net Margin,TTM Net Income_y,Shareholder's Equity_y,Return on Equity,TTM Net Income_x,Tangible Equity,Return on Tangible Equity,TTM Net Income_y,Total Assets,Return on Assets,TTM Net Income,LT Investments & Debt,Return on Investment,revenue,cost-goods-sold,gross-profit,research-development-expenses,selling-general-administrative-expenses,operating-expenses,operating-income,total-non-operating-income-expense,pre-tax-income,total-provision-income-taxes,income-after-taxes,income-from-continuous-operations,net-income,ebitda,ebit,basic-shares-outstanding,shares-outstanding,eps-basic-net-earnings-per-share,eps-earnings-per-share-diluted,cash-on-hand,inventory,other-current-assets,total-current-assets,net-property-plant-equipment,long-term-investments,goodwill-intangible-assets-total,other-long-term-assets,total-long-term-assets,total-assets,total-current-liabilities,long-term-debt,other-non-current-liabilities,total-long-term-liabilities,total-liabilities,common-stock-net,retained-earnings-accumulated-deficit,comprehensive-income,total-share-holder-equity,total-liabilities-share-holders-equity,net-income-loss,total-depreciation-amortization-cash-flow,other-non-cash-items,total-non-cash-items,change-in-accounts-receivable,change-in-inventories,change-in-accounts-payable,change-in-assets-liabilities,total-change-in-assets-liabilities,cash-flow-from-operating-activities,net-change-in-property-plant-equipment,net-change-in-intangible-assets,net-acquisitions-divestitures,net-change-in-short-term-investments,net-change-in-long-term-investments,net-change-in-investments-total,investing-activities-other,cash-flow-from-investing-activities,net-long-term-debt,net-current-debt,debt-issuance-retirement-net-total,net-common-equity-issued-repurchased,net-total-equity-issued-repurchased,total-common-preferred-stock-dividends-paid,financial-activities-other,cash-flow-from-financial-activities,net-cash-flow,stock-based-compensation,common-stock-dividends-paid
0,2018-08-31,40.1,$19.11,2.1,$6.81,5.89,$-3.51,0.0,$-0.39,0.0,$0.02B,$0.16B,0.15,$0.00B,$0.10B,0.0,$0.03B,$0.03B,73.53%,$0.03B,$0.01B,14.71%,$0.03B,$0.01B,14.71%,$0.03B,$0.02B,50.00%,$0.03B,$-0.00B,-5.88%,$0.03B,$-0.00B,-5.88%,$-0.00B,$0.10B,-2.11%,$-0.00B,$0.10B,-2.11%,$-0.00B,$0.26B,-0.78%,$0.01B,$0.10B,5.28%,$8,$2,$6,$0,$2,$7,$1,$-1,$-0,$-0,$-0,$-0,$-0,$4,$1,$5,5,$-0.02,$-0.02,$23,$0,$0,$23,$0,$0,$0,$22,$240,$263,$158,$0,$8,$8,$166,$0,$2,$2,$96,$263,$-2,$9,$-0,$9,$0,$0,$0,$-1,$-2,$5,$-23,$0,$0,$-11,$0,$-11,$-0,$-34,$12,$0,$12,$1,$1,$-2,$-1,$11,$-18,$0,$-2
1,2018-05-31,41.34,$19.03,2.17,$7.20,5.75,$-1.63,0.0,$-0.11,0.0,$0.03B,$0.14B,0.21,$0.00B,$0.10B,0.0,$0.04B,$0.03B,75.00%,$0.04B,$0.01B,19.44%,$0.04B,$0.01B,19.44%,$0.04B,$0.02B,52.78%,$0.04B,0,0.00%,$0.04B,$-0.00B,-2.78%,$-0.00B,$0.10B,-1.06%,$-0.00B,$0.10B,-1.06%,$-0.00B,$0.26B,-0.40%,$0.01B,$0.10B,7.43%,$9,$2,$7,$0,$2,$7,$2,$-2,$0,$0,$0,$0,$0,$5,$2,$5,5,$0.07,$0.07,$29,$0,$0,$30,$0,$0,$0,$19,$225,$255,$143,$0,$8,$17,$160,$0,$2,$2,$96,$255,$-1,$6,$0,$6,$0,$0,$0,$-0,$-1,$4,$-8,$0,$0,$0,$0,$0,$-0,$-8,$5,$0,$5,$1,$1,$-2,$-1,$3,$-1,$0,$-2
2,2018-02-28,36.36,$18.88,1.93,$9.00,4.04,$-0.57,0.0,$0.76,47.84,$0.04B,$0.14B,0.25,$0.00B,$0.09B,0.0,$0.05B,$0.03B,73.33%,$0.05B,$0.01B,31.11%,$0.05B,$0.01B,31.11%,$0.05B,$0.03B,55.56%,$0.05B,$0.01B,15.56%,$0.05B,$0.00B,8.89%,$0.00B,$0.09B,4.28%,$0.00B,$0.09B,4.28%,$0.00B,$0.25B,1.62%,$0.01B,$0.09B,14.97%,$8,$3,$6,$0,$2,$8,$1,$-2,$-1,$1,$-2,$-2,$-2,$4,$1,$5,5,$-0.34,$-0.34,$33,$0,$0,$35,$0,$0,$0,$20,$218,$253,$140,$0,$7,$18,$158,$0,$2,$2,$94,$253,$-2,$3,$1,$4,$0,$0,$0,$-0,$-1,$1,$-2,$0,$0,$0,$0,$0,$-0,$-2,$6,$0,$6,$0,$0,$-2,$-0,$4,$3,$0,$-2
3,2017-11-30,36.5,$18.61,1.96,$8.72,4.18,$-0.68,0.0,$0.91,40.11,$0.03B,$0.15B,0.2,$0.00B,$0.09B,0.0,$0.04B,$0.03B,70.45%,$0.04B,$0.01B,29.55%,$0.04B,$0.01B,29.55%,$0.04B,$0.02B,52.27%,$0.04B,$0.01B,15.91%,$0.04B,$0.01B,11.36%,$0.01B,$0.09B,5.42%,$0.01B,$0.09B,5.42%,$0.01B,$0.25B,2.09%,$0.01B,$0.09B,14.09%,$9,$3,$6,$0,$2,$8,$1,$-1,$-1,$-0,$-0,$-0,$-0,$4,$1,$5,5,$-0.11,$-0.09,$30,$0,$0,$30,$0,$0,$0,$18,$219,$249,$148,$0,$8,$8,$156,$0,$3,$-0,$93,$249,$5,$10,$-7,$3,$0,$0,$0,$1,$2,$9,$-5,$0,$-18,$0,$1,$1,$2,$-20,$20,$0,$20,$-1,$-1,$-2,$-1,$16,$5,$0,$-2
4,2017-08-31,33.98,$18.80,1.81,$8.99,3.78,$-2.61,0.0,$1.27,26.75,$0.04B,$0.14B,0.28,$0.00B,$0.09B,0.0,$0.05B,$0.03B,73.33%,$0.05B,$0.02B,33.33%,$0.05B,$0.02B,33.33%,$0.05B,$0.03B,55.56%,$0.05B,$0.01B,22.22%,$0.05B,$0.01B,13.33%,$0.01B,$0.09B,6.54%,$0.01B,$0.09B,6.54%,$0.01B,$0.25B,2.58%,$0.02B,$0.09B,16.35%,$10,$2,$8,$0,$2,$7,$3,$-1,$2,$1,$1,$1,$1,$6,$3,$5,5,$0.27,$0.26,$35,$0,$0,$38,$0,$0,$0,$19,$215,$252,$137,$0,$9,$22,$158,$0,$5,$-2,$94,$252,$5,$8,$-7,$0,$0,$0,$0,$1,$0,$6,$-14,$0,$0,$0,$1,$1,$-1,$-14,$22,$0,$22,$-1,$-1,$-2,$-1,$18,$10,$0,$-2
5,2017-05-31,30.75,$18.66,1.65,$8.44,3.64,$-2.92,0.0,$1.00,30.75,$0.04B,$0.12B,0.29,$0.00B,$0.09B,0.0,$0.04B,$0.03B,71.43%,$0.04B,$0.01B,30.95%,$0.04B,$0.01B,30.95%,$0.04B,$0.02B,52.38%,$0.04B,$0.01B,19.05%,$0.04B,$0.01B,11.90%,$0.01B,$0.09B,5.49%,$0.01B,$0.09B,5.49%,$0.01B,$0.24B,2.23%,$0.01B,$0.09B,14.29%,$18,$5,$13,$0,$2,$9,$9,$-1,$7,$3,$5,$5,$5,$11,$9,$5,5,$0.95,$0.94,$32,$0,$0,$35,$0,$0,$0,$26,$200,$235,$123,$0,$9,$19,$142,$0,$4,$-1,$93,$235,$4,$5,$-6,$-1,$0,$0,$0,$1,$-0,$3,$-1,$0,$0,$0,$0,$0,$-1,$-2,$10,$0,$10,$-1,$-1,$-2,$-0,$7,$7,$0,$-2
6,2017-02-28,30.71,$17.80,1.73,$6.10,5.03,$-4.22,0.0,$-0.01,0.0,$0.03B,$0.11B,0.22,$0.00B,$0.09B,0.0,$0.03B,$0.02B,70.97%,$0.03B,$0.00B,12.90%,$0.03B,$0.00B,12.90%,$0.03B,$0.01B,41.94%,$0.03B,0,0.00%,$0.03B,0,0.00%,$0.00B,$0.09B,0.00%,$0.00B,$0.09B,0.00%,$0.00B,$0.22B,0.00%,$0.00B,$0.09B,4.42%,$7,$2,$4,$0,$2,$7,$-0,$-1,$-1,$-0,$-1,$-1,$-1,$2,$-0,$5,5,$-0.19,$-0.19,$20,$0,$0,$25,$0,$0,$0,$20,$196,$221,$114,$0,$8,$18,$132,$0,$-1,$-1,$89,$221,$-1,$2,$-0,$2,$0,$0,$0,$0,$-0,$1,$-2,$0,$0,$0,$0,$0,$-0,$-3,$-1,$0,$-1,$-1,$-1,$-2,$-0,$-3,$-4,$0,$-2
7,2016-11-30,31.11,$17.99,1.73,$6.02,5.17,$-4.02,0.0,$0.11,282.81,$0.03B,$0.12B,0.26,$0.00B,$0.09B,0.0,$0.03B,$0.02B,74.19%,$0.03B,$0.01B,16.13%,$0.03B,$0.01B,16.13%,$0.03B,$0.01B,45.16%,$0.03B,$0.00B,3.23%,$0.03B,$0.00B,3.23%,$0.00B,$0.09B,1.09%,$0.00B,$0.09B,1.09%,$0.00B,$0.22B,0.46%,$0.01B,$0.09B,5.46%,$10,$3,$8,$0,$2,$7,$3,$-1,$2,$1,$1,$1,$1,$6,$3,$5,5,$0.26,$0.26,$25,$0,$0,$30,$0,$0,$0,$19,$194,$224,$115,$0,$8,$17,$133,$0,$0,$-1,$91,$224,$1,$9,$-3,$6,$0,$0,$0,$-0,$0,$7,$-12,$0,$0,$0,$0,$0,$-4,$-17,$21,$0,$21,$-3,$-3,$-2,$0,$16,$6,$0,$-2
8,2016-08-31,31.18,$17.77,1.75,$5.44,5.74,$-6.39,0.0,$-0.12,0.0,$0.02B,$0.10B,0.2,$0.00B,$0.09B,0.0,$0.03B,$0.02B,71.43%,$0.03B,$0.00B,10.71%,$0.03B,$0.00B,10.71%,$0.03B,$0.01B,42.86%,$0.03B,$-0.00B,-3.57%,$0.03B,0,0.00%,$0.00B,$0.09B,0.00%,$0.00B,$0.09B,0.00%,$0.00B,$0.22B,0.00%,$0.00B,$0.09B,3.24%,$7,$2,$5,$0,$2,$6,$1,$-1,$-0,$-0,$-0,$-0,$-0,$3,$1,$5,5,$-0.01,$-0.01,$14,$0,$0,$21,$0,$1,$0,$18,$195,$216,$104,$0,$11,$21,$125,$0,$0,$-3,$91,$216,$-1,$7,$-0,$6,$0,$0,$0,$-2,$-2,$4,$-13,$0,$0,$0,$0,$0,$-1,$-14,$9,$0,$9,$-2,$-2,$-2,$0,$6,$-4,$0,$-2
9,2016-05-31,31.31,$17.91,1.75,$5.59,5.6,$-7.58,0.0,$0.12,260.93,$0.03B,$0.11B,0.26,$0.00B,$0.09B,0.0,$0.03B,$0.02B,72.41%,$0.03B,$0.01B,17.24%,$0.03B,$0.01B,17.24%,$0.03B,$0.01B,48.28%,$0.03B,$0.00B,3.45%,$0.03B,$0.00B,3.45%,$0.00B,$0.09B,1.06%,$0.00B,$0.09B,1.06%,$0.00B,$0.22B,0.48%,$0.01B,$0.09B,5.32%,$7,$2,$5,$0,$2,$6,$0,$-1,$-1,$-0,$-0,$-0,$-0,$2,$0,$5,5,$-0.07,$-0.07,$21,$0,$0,$28,$0,$1,$0,$15,$191,$219,$108,$0,$10,$19,$128,$0,$0,$-2,$91,$219,$-1,$4,$0,$5,$0,$0,$0,$-1,$-1,$3,$-8,$0,$0,$0,$0,$0,$-1,$-9,$10,$0,$10,$0,$0,$-2,$0,$9,$3,$0,$-2
10,2016-02-29,22.04,$18.12,1.22,$5.53,3.99,$-7.72,0.0,$0.14,157.43,$0.03B,$0.10B,0.28,$0.00B,$0.09B,0.0,$0.03B,$0.02B,71.43%,$0.03B,$0.01B,17.86%,$0.03B,$0.01B,17.86%,$0.03B,$0.01B,50.00%,$0.03B,$0.00B,7.14%,$0.03B,$0.00B,3.57%,$0.00B,$0.09B,1.05%,$0.00B,$0.09B,1.05%,$0.00B,$0.21B,0.49%,$0.01B,$0.09B,5.26%,$7,$2,$5,$0,$2,$6,$1,$-1,$-0,$0,$-0,$-0,$-0,$3,$1,$5,5,$-0.07,$-0.07,$20,$0,$2,$28,$0,$2,$0,$14,$184,$212,$98,$0,$10,$20,$118,$0,$1,$-2,$93,$212,$-0,$2,$0,$2,$0,$0,$0,$-0,$-0,$2,$-2,$0,$0,$0,$0,$0,$-0,$-2,$4,$0,$4,$0,$0,$-2,$-0,$2,$1,$0,$-2
11,2015-11-30,25.76,$18.40,1.4,$5.44,4.73,$-8.12,0.0,$0.07,368.03,$0.02B,$0.11B,0.23,$0.00B,$0.10B,0.0,$0.03B,$0.02B,70.37%,$0.03B,$0.00B,14.81%,$0.03B,$0.00B,14.81%,$0.03B,$0.01B,48.15%,$0.03B,$0.00B,3.70%,$0.03B,0,0.00%,$0.00B,$0.10B,0.00%,$0.00B,$0.10B,0.00%,$0.00B,$0.21B,0.00%,$0.00B,$0.10B,4.19%,$7,$2,$5,$0,$2,$6,$1,$-1,$0,$0,$0,$0,$0,$4,$1,$5,5,$0.04,$0.04,$18,$0,$0,$24,$0,$2,$0,$14,$184,$208,$105,$0,$8,$8,$113,$0,$1,$-1,$95,$208,$0,$8,$-2,$6,$0,$0,$0,$7,$7,$13,$-30,$0,$0,$0,$0,$0,$0,$-30,$20,$0,$20,$0,$0,$-1,$-1,$18,$1,$0,$-1
12,2015-08-31,30.51,$18.80,1.62,$5.49,5.55,$-6.66,0.0,$0.09,338.98,$0.02B,$0.09B,0.19,$0.00B,$0.10B,0.0,$0.03B,$0.02B,67.86%,$0.03B,$0.01B,17.86%,$0.03B,$0.01B,17.86%,$0.03B,$0.01B,46.43%,$0.03B,$0.00B,7.14%,$0.03B,0,0.00%,$0.00B,$0.10B,0.00%,$0.00B,$0.10B,0.00%,$0.00B,$0.20B,0.00%,$0.01B,$0.10B,5.22%,$8,$2,$6,$0,$1,$6,$3,$-1,$2,$1,$1,$1,$1,$5,$3,$5,5,$0.23,$0.23,$6,$0,$4,$16,$0,$3,$0,$15,$185,$201,$85,$0,$8,$19,$104,$0,$2,$-0,$97,$201,$0,$6,$-2,$4,$0,$0,$0,$5,$6,$10,$-26,$0,$0,$0,$0,$0,$1,$-25,$9,$0,$9,$0,$0,$-1,$-4,$5,$-11,$0,$-1
13,2015-05-31,31.5,$18.51,1.7,$5.10,6.18,$-4.11,0.0,$-0.17,0.0,$0.03B,$0.09B,0.31,$0.00B,$0.10B,0.0,$0.03B,$0.02B,65.38%,$0.03B,$0.00B,11.54%,$0.03B,$0.00B,11.54%,$0.03B,$0.01B,38.46%,$0.03B,0,0.00%,$0.03B,$-0.00B,-3.85%,$-0.00B,$0.10B,-1.04%,$-0.00B,$0.10B,-1.04%,$-0.00B,$0.20B,-0.52%,$0.00B,$0.10B,3.13%,$6,$2,$4,$0,$2,$6,$0,$-1,$-0,$-0,$-0,$-0,$-0,$2,$0,$5,5,$-0.05,$-0.05,$19,$0,$0,$27,$0,$2,$0,$14,$175,$201,$86,$0,$8,$20,$106,$0,$1,$-1,$95,$201,$-1,$4,$-1,$3,$0,$0,$0,$6,$6,$8,$-14,$0,$0,$0,$0,$0,$-1,$-15,$10,$0,$10,$0,$0,$-1,$-0,$9,$2,$0,$-1
14,2015-02-28,31.12,$18.47,1.68,$4.93,6.31,$-2.81,0.0,$-0.09,0.0,$0.03B,$0.09B,0.37,$0.00B,$0.10B,0.0,$0.03B,$0.02B,68.00%,$0.03B,$0.00B,12.00%,$0.03B,$0.00B,12.00%,$0.03B,$0.01B,40.00%,$0.03B,0,0.00%,$0.03B,$-0.00B,-4.00%,$-0.00B,$0.10B,-1.04%,$-0.00B,$0.10B,-1.04%,$-0.00B,$0.20B,-0.53%,$0.00B,$0.10B,3.12%,$6,$3,$4,$0,$2,$6,$-0,$-1,$-1,$-0,$-1,$-1,$-1,$2,$-0,$5,5,$-0.14,$-0.14,$24,$0,$0,$31,$0,$2,$0,$15,$164,$196,$85,$0,$8,$16,$101,$0,$2,$-1,$95,$196,$-1,$2,$-1,$1,$0,$0,$0,$1,$2,$2,$-5,$0,$0,$0,$0,$0,$-0,$-5,$10,$0,$10,$0,$0,$-1,$-0,$9,$6,$0,$-1
15,2014-11-30,27.01,$18.62,1.45,$4.70,5.74,$-3.08,0.0,$-0.22,0.0,$0.03B,$0.08B,0.31,$0.00B,$0.10B,0.0,$0.02B,$0.02B,66.67%,$0.02B,$0.00B,8.33%,$0.02B,$0.00B,8.33%,$0.02B,$0.01B,33.33%,$0.02B,$-0.00B,-4.17%,$0.02B,$-0.00B,-4.17%,$-0.00B,$0.10B,-1.03%,$-0.00B,$0.10B,-1.03%,$-0.00B,$0.19B,-0.54%,$0.00B,$0.10B,2.07%,$8,$2,$5,$0,$2,$6,$2,$-1,$1,$1,$0,$0,$0,$4,$2,$5,5,$0.06,$0.06,$17,$0,$1,$26,$0,$2,$0,$14,$161,$186,$83,$0,$7,$7,$90,$0,$2,$-1,$96,$186,$-1,$7,$-3,$4,$0,$0,$0,$3,$2,$5,$-15,$0,$0,$0,$1,$1,$10,$-4,$3,$0,$3,$0,$0,$-1,$-1,$1,$3,$0,$-1
16,2014-08-31,27.83,$18.78,1.48,$4.76,5.85,$-2.42,0.0,$-1.45,0.0,$0.03B,$0.08B,0.32,$0.00B,$0.10B,0.0,$0.02B,$0.02B,66.67%,$0.02B,$0.00B,8.33%,$0.02B,$0.00B,8.33%,$0.02B,$0.01B,33.33%,$0.02B,0,0.00%,$0.02B,$-0.01B,-29.17%,$-0.01B,$0.10B,-7.20%,$-0.01B,$0.10B,-7.20%,$-0.01B,$0.19B,-3.81%,$0.00B,$0.10B,2.06%,$6,$2,$4,$0,$2,$5,$1,$-1,$-0,$-0,$-0,$-0,$-0,$2,$1,$5,5,$-0.03,$-0.03,$16,$0,$1,$26,$0,$2,$0,$14,$159,$185,$81,$0,$6,$7,$88,$0,$3,$-1,$97,$185,$-1,$5,$-2,$3,$0,$0,$0,$-1,$-1,$1,$-4,$0,$0,$0,$1,$1,$3,$-0,$4,$0,$4,$0,$0,$-1,$-1,$2,$2,$0,$-1
17,2014-05-31,27.01,$18.81,1.44,$4.64,5.82,$-2.99,0.0,$-1.60,0.0,$0.02B,$0.08B,0.31,$0.00B,$0.10B,0.0,$0.02B,$0.02B,66.67%,$0.02B,$0.00B,4.17%,$0.02B,$0.00B,4.17%,$0.02B,$0.01B,33.33%,$0.02B,$-0.00B,-4.17%,$0.02B,$-0.01B,-33.33%,$-0.01B,$0.10B,-8.06%,$-0.01B,$0.10B,-8.06%,$-0.01B,$0.18B,-4.35%,$0.00B,$0.10B,0.87%,$5,$2,$4,$0,$2,$5,$0,$-1,$-0,$-0,$-0,$-0,$0,$2,$0,$5,5,$0.03,$0.03,$13,$0,$0,$24,$0,$2,$0,$12,$157,$181,$78,$0,$6,$7,$84,$0,$3,$-1,$97,$181,$-1,$3,$-2,$1,$0,$0,$0,$0,$0,$0,$-0,$0,$0,$0,$1,$1,$-0,$1,$-1,$0,$-1,$0,$0,$-1,$-0,$-2,$-1,$0,$-1
18,2014-02-28,29.45,$18.88,1.56,$4.85,6.07,$-5.86,0.0,$-1.65,0.0,$0.03B,$0.08B,0.37,$0.00B,$0.10B,0.0,$0.03B,$0.02B,64.00%,$0.03B,$0.00B,8.00%,$0.03B,$0.00B,8.00%,$0.03B,$0.01B,32.00%,$0.03B,$-0.00B,-8.00%,$0.03B,$-0.01B,-32.00%,$-0.01B,$0.10B,-7.90%,$-0.01B,$0.10B,-7.90%,$-0.01B,$0.18B,-4.38%,$0.00B,$0.10B,1.52%,$5,$2,$3,$0,$2,$6,$-1,$-1,$-2,$-1,$-1,$-1,$-1,$0,$-1,$5,5,$-0.27,$-0.27,$10,$0,$9,$30,$0,$2,$0,$14,$154,$184,$79,$0,$6,$7,$86,$0,$3,$-0,$97,$184,$-1,$2,$-2,$0,$0,$0,$0,$-0,$0,$-1,$-3,$0,$1,$0,$0,$0,$0,$-2,$-1,$0,$-1,$0,$0,$-1,$0,$-2,$-4,$0,$-1
19,2013-11-30,31.73,$19.07,1.66,$4.96,6.4,$-6.03,0.0,$-1.13,0.0,$0.03B,$0.07B,0.41,$0.00B,$0.10B,0.0,$0.03B,$0.02B,61.54%,$0.03B,$0.00B,11.54%,$0.03B,$0.00B,11.54%,$0.03B,$0.01B,34.62%,$0.03B,$0.00B,11.54%,$0.03B,$-0.01B,-23.08%,$-0.01B,$0.10B,-5.81%,$-0.01B,$0.10B,-5.81%,$-0.01B,$0.19B,-3.31%,$0.00B,$0.10B,2.02%,$8,$3,$5,$0,$2,$6,$2,$-0,$2,$1,$1,$1,$-6,$4,$2,$5,5,$-1.18,$-1.18,$14,$0,$9,$29,$2,$2,$0,$14,$156,$185,$70,$0,$7,$16,$87,$0,$4,$-0,$98,$185,$-6,$7,$-1,$6,$0,$0,$0,$1,$1,$1,$-7,$0,$0,$0,$6,$6,$-1,$-2,$7,$0,$7,$0,$0,$-1,$-1,$6,$4,$0,$-1
20,2013-08-31,29.38,$20.43,1.44,$4.40,6.68,$-3.91,0.0,$-0.15,0.0,$0.04B,$0.01B,4.88,$0.07B,$0.11B,0.62,$0.02B,$0.01B,60.87%,$0.02B,$0.00B,4.35%,$0.02B,$0.00B,4.35%,$0.02B,$0.01B,30.43%,$0.02B,0,0.00%,$0.02B,$-0.00B,-4.35%,$-0.00B,$0.11B,-0.95%,$-0.00B,$0.11B,-0.95%,$-0.00B,$0.19B,-0.56%,$0.00B,$0.17B,0.61%,$6,$2,$4,$0,$2,$5,$0,$-1,$-1,$-0,$-0,$-0,$-1,$2,$0,$5,5,$-0.18,$-0.18,$15,$15,$4,$37,$2,$3,$0,$9,$148,$185,$8,$65,$7,$72,$79,$0,$11,$-0,$105,$185,$0,$5,$-7,$-1,$0,$0,$0,$-0,$0,$-1,$-5,$0,$0,$0,$5,$5,$0,$-0,$8,$0,$8,$0,$0,$-1,$-1,$6,$5,$0,$-1
21,2013-05-31,28.46,$20.44,1.39,$5.77,4.93,$-0.54,0.0,$0.40,71.16,$0.03B,$0.01B,4.05,$0.06B,$0.11B,0.54,$0.03B,$0.02B,53.33%,$0.03B,$0.01B,16.67%,$0.03B,$0.01B,16.67%,$0.03B,$0.01B,36.67%,$0.03B,$0.00B,13.33%,$0.03B,$0.00B,6.67%,$0.00B,$0.11B,1.91%,$0.00B,$0.11B,1.91%,$0.00B,$0.18B,1.12%,$0.01B,$0.16B,3.07%,$6,$2,$4,$0,$2,$6,$1,$-1,$-1,$-0,$-0,$-0,$-0,$2,$1,$5,5,$-0.02,$-0.02,$5,$14,$2,$29,$2,$2,$0,$9,$147,$176,$7,$57,$7,$64,$71,$0,$12,$-1,$105,$176,$1,$3,$-9,$-6,$0,$0,$0,$0,$1,$-4,$-10,$0,$0,$0,$5,$5,$7,$1,$-1,$0,$-1,$0,$0,$-1,$-0,$-2,$-5,$0,$-1
22,2013-02-28,27.89,$20.51,1.36,$7.01,3.98,$3.33,8.37,$0.34,82.03,$0.03B,$0.01B,3.78,$0.06B,$0.11B,0.54,$0.04B,$0.02B,40.54%,$0.04B,$0.00B,10.81%,$0.04B,$0.00B,10.81%,$0.04B,$0.01B,29.73%,$0.04B,$0.00B,10.81%,$0.04B,$0.00B,5.41%,$0.00B,$0.11B,1.92%,$0.00B,$0.11B,1.92%,$0.00B,$0.18B,1.12%,$0.00B,$0.16B,2.46%,$6,$2,$3,$0,$2,$6,$-0,$3,$3,$1,$2,$2,$1,$1,$-0,$5,5,$0.25,$0.25,$8,$17,$4,$31,$2,$3,$0,$9,$147,$178,$8,$57,$8,$65,$73,$0,$13,$-1,$105,$178,$1,$2,$-6,$-4,$0,$0,$0,$0,$-0,$-3,$-2,$0,$0,$0,$4,$4,$0,$3,$-1,$0,$-1,$0,$0,$-1,$0,$-2,$-2,$0,$-1
23,2012-11-30,24.25,$20.26,1.2,$6.81,3.56,$6.42,3.78,$0.19,127.63,$0.03B,$0.01B,2.88,$0.06B,$0.10B,0.55,$0.04B,$0.01B,36.11%,$0.04B,$0.00B,8.33%,$0.04B,$0.00B,8.33%,$0.04B,$0.01B,27.78%,$0.04B,$-0.00B,-2.78%,$0.04B,$0.00B,5.56%,$0.00B,$0.10B,1.92%,$0.00B,$0.10B,1.92%,$0.00B,$0.18B,1.12%,$0.00B,$0.16B,1.86%,$5,$2,$3,$0,$1,$5,$-0,$-1,$-1,$-0,$-1,$-1,$-1,$2,$-0,$5,5,$-0.20,$-0.20,$10,$14,$2,$30,$2,$4,$0,$16,$150,$180,$11,$58,$8,$65,$76,$0,$11,$-1,$104,$180,$1,$7,$-6,$1,$0,$0,$0,$0,$0,$2,$3,$0,$0,$0,$0,$0,$0,$3,$-2,$0,$-2,$0,$0,$-1,$-0,$-2,$3,$1,$-1
24,2012-08-31,26.85,$20.50,1.31,$7.94,3.38,$5.95,4.51,$0.53,50.65,$0.03B,$0.01B,3.43,$0.06B,$0.11B,0.55,$0.04B,$0.02B,38.10%,$0.04B,$0.01B,19.05%,$0.04B,$0.01B,19.05%,$0.04B,$0.01B,33.33%,$0.04B,$0.00B,4.76%,$0.04B,$0.00B,9.52%,$0.00B,$0.11B,3.86%,$0.00B,$0.11B,3.86%,$0.00B,$0.18B,2.24%,$0.01B,$0.16B,4.96%,$13,$6,$6,$0,$2,$9,$4,$-1,$3,$1,$2,$2,$2,$6,$4,$5,5,$0.37,$0.37,$11,$14,$5,$32,$2,$3,$0,$16,$149,$181,$9,$58,$8,$66,$75,$0,$13,$-1,$105,$181,$2,$5,$-6,$-1,$-1,$-0,$0,$1,$0,$2,$10,$0,$0,$0,$0,$0,$-7,$3,$-1,$0,$-1,$0,$0,$-1,$0,$-2,$3,$0,$-1
25,2012-05-31,22.36,$20.09,1.11,$7.06,3.17,$3.55,6.3,$0.08,279.51,$0.03B,$0.01B,4.76,$0.06B,$0.10B,0.57,$0.04B,$0.01B,32.43%,$0.04B,$0.00B,10.81%,$0.04B,$0.00B,10.81%,$0.04B,$0.01B,27.03%,$0.04B,$-0.00B,-5.41%,$0.04B,$0.00B,5.41%,$0.00B,$0.10B,1.94%,$0.00B,$0.10B,1.94%,$0.00B,$0.18B,1.13%,$0.00B,$0.16B,2.51%,$13,$10,$3,$0,$3,$13,$-0,$-1,$-1,$-0,$-0,$-0,$-0,$2,$-0,$5,5,$-0.08,$-0.08,$12,$13,$3,$34,$2,$3,$0,$9,$142,$177,$7,$59,$7,$66,$73,$0,$11,$-2,$103,$177,$0,$3,$-3,$1,$-4,$0,$0,$2,$-2,$-1,$7,$0,$0,$0,$0,$0,$0,$7,$-1,$0,$-1,$0,$0,$-1,$0,$-1,$5,$0,$-1
26,2012-02-29,24.21,$20.29,1.19,$7.25,3.34,$1.78,13.58,$0.04,605.25,$0.04B,$0.01B,2.79,$0.05B,$0.10B,0.5,$0.04B,$0.01B,31.58%,$0.04B,$0.00B,10.53%,$0.04B,$0.00B,10.53%,$0.04B,$0.01B,26.32%,$0.04B,$-0.00B,-5.26%,$0.04B,$0.00B,2.63%,$0.00B,$0.10B,0.96%,$0.00B,$0.10B,0.96%,$0.00B,$0.18B,0.56%,$0.00B,$0.16B,2.52%,$5,$3,$1,$0,$3,$6,$-1,$-0,$-2,$-1,$-1,$-1,$1,$0,$-1,$5,5,$0.10,$0.10,$2,$17,$19,$40,$2,$4,$0,$9,$138,$178,$14,$52,$7,$60,$74,$0,$12,$-1,$104,$178,$1,$2,$-2,$-1,$0,$-3,$0,$1,$-1,$-1,$12,$0,$0,$0,$0,$0,$-15,$-3,$-0,$0,$-0,$0,$0,$-1,$0,$-1,$-5,$0,$-1
27,2011-11-30,26.55,$20.12,1.32,$7.25,3.66,$-0.86,0.0,$-0.48,0.0,$0.03B,$0.01B,4.09,$0.06B,$0.10B,0.58,$0.04B,$0.01B,28.95%,$0.04B,$0.00B,5.26%,$0.04B,$0.00B,5.26%,$0.04B,$0.01B,23.68%,$0.04B,$-0.00B,-10.53%,$0.04B,$-0.00B,-5.26%,$-0.00B,$0.10B,-1.91%,$-0.00B,$0.10B,-1.91%,$-0.00B,$0.18B,-1.12%,$0.00B,$0.16B,1.25%,$11,$5,$6,$0,$1,$6,$5,$-1,$2,$1,$1,$1,$1,$6,$5,$5,5,$0.14,$0.14,$7,$14,$5,$28,$2,$3,$0,$11,$148,$177,$7,$59,$7,$66,$73,$0,$11,$-1,$103,$177,$-2,$7,$-3,$4,$-0,$1,$0,$-1,$-0,$1,$1,$0,$0,$0,$-0,$-0,$0,$1,$-2,$0,$-2,$0,$0,$-2,$-0,$-4,$-2,$1,$-2
28,2011-08-31,25.08,$20.13,1.25,$6.33,3.96,$-0.98,0.0,$-0.73,0.0,$0.03B,$0.02B,1.91,$0.05B,$0.10B,0.52,$0.03B,$0.01B,21.21%,$0.03B,$-0.00B,-12.12%,$0.03B,$-0.00B,-12.12%,$0.03B,$0.00B,12.12%,$0.03B,$-0.01B,-24.24%,$0.03B,$-0.00B,-12.12%,$-0.00B,$0.10B,-3.76%,$-0.00B,$0.10B,-3.76%,$-0.00B,$0.18B,-2.22%,$-0.00B,$0.16B,-2.47%,$8,$6,$2,$0,$2,$8,$0,$-1,$-1,$-0,$-1,$-1,$-0,$2,$0,$5,5,$-0.08,$-0.08,$6,$15,$5,$28,$2,$3,$0,$11,$150,$178,$15,$53,$7,$60,$75,$0,$11,$-1,$103,$178,$-3,$5,$-1,$4,$-1,$-0,$0,$-0,$-1,$0,$-1,$0,$0,$0,$0,$0,$0,$-1,$-1,$0,$-1,$0,$0,$-2,$-0,$-3,$-4,$0,$-2
29,2011-05-31,25.89,$20.58,1.26,$6.25,4.14,$-1.85,0.0,$-0.91,0.0,$0.03B,$0.01B,1.97,$0.05B,$0.11B,0.51,$0.03B,$0.01B,18.18%,$0.03B,$-0.01B,-15.15%,$0.03B,$-0.01B,-15.15%,$0.03B,$0.00B,9.09%,$0.03B,$-0.01B,-27.27%,$0.03B,$-0.01B,-15.15%,$-0.01B,$0.11B,-4.65%,$-0.01B,$0.11B,-4.65%,$-0.01B,$0.18B,-2.74%,$-0.01B,$0.16B,-3.05%,$14,$11,$3,$0,$3,$14,$-0,$-1,$-1,$-0,$-1,$-1,$-1,$2,$-0,$5,5,$-0.12,$-0.12,$4,$14,$3,$28,$2,$5,$0,$12,$152,$179,$14,$54,$6,$60,$74,$0,$12,$1,$106,$179,$-3,$4,$-1,$3,$-5,$1,$0,$1,$-2,$-3,$-1,$0,$0,$0,$0,$0,$0,$-1,$-1,$0,$-1,$0,$0,$-1,$-0,$-2,$-5,$0,$-1
30,2011-02-28,30.93,$20.96,1.48,$6.61,4.68,$-2.73,0.0,$-0.94,0.0,$0.03B,$0.01B,2.04,$0.05B,$0.11B,0.5,$0.03B,$0.01B,17.65%,$0.03B,$-0.01B,-14.71%,$0.03B,$-0.01B,-14.71%,$0.03B,$0.00B,8.82%,$0.03B,$-0.01B,-26.47%,$0.03B,$-0.01B,-14.71%,$-0.01B,$0.11B,-4.60%,$-0.01B,$0.11B,-4.60%,$-0.01B,$0.18B,-2.71%,$-0.01B,$0.16B,-3.01%,$5,$5,$0,$0,$3,$7,$-3,$-1,$-4,$-1,$-2,$-2,$-2,$-1,$-3,$5,5,$-0.42,$-0.42,$6,$17,$4,$29,$2,$6,$0,$11,$152,$181,$14,$54,$5,$59,$73,$0,$13,$2,$107,$181,$-2,$2,$-1,$1,$0,$-2,$0,$0,$-1,$-2,$-0,$0,$0,$0,$0,$0,$0,$-0,$-0,$0,$-0,$0,$0,$-1,$0,$-1,$-3,$0,$-1
31,2010-11-30,27.24,$21.29,1.28,$6.66,4.09,$-3.54,0.0,$-0.88,0.0,$0.03B,$0.01B,4.62,$0.06B,$0.11B,0.56,$0.03B,$0.01B,20.59%,$0.03B,$-0.00B,-11.76%,$0.03B,$-0.00B,-11.76%,$0.03B,$0.00B,11.76%,$0.03B,$-0.01B,-23.53%,$0.03B,$-0.01B,-14.71%,$-0.01B,$0.11B,-4.55%,$-0.01B,$0.11B,-4.55%,$-0.01B,$0.18B,-2.68%,$-0.00B,$0.17B,-2.37%,$6,$5,$2,$0,$2,$7,$-1,$-1,$-2,$-1,$-1,$-1,$-1,$1,$-1,$5,5,$-0.11,$-0.11,$9,$16,$4,$31,$2,$5,$0,$11,$152,$183,$7,$61,$6,$67,$74,$0,$16,$1,$109,$183,$-4,$7,$-2,$5,$1,$4,$0,$-1,$10,$11,$-9,$0,$0,$0,$0,$0,$0,$-9,$0,$0,$0,$0,$0,$-2,$-0,$-2,$0,$0,$-2
32,2010-08-31,23.45,$21.24,1.1,$6.53,3.59,$-5.06,0.0,$-1.02,0.0,$0.03B,$0.02B,2.32,$0.06B,$0.11B,0.53,$0.03B,$0.01B,15.15%,$0.03B,$-0.01B,-15.15%,$0.03B,$-0.01B,-15.15%,$0.03B,$0.00B,9.09%,$0.03B,$-0.01B,-27.27%,$0.03B,$-0.01B,-15.15%,$-0.01B,$0.11B,-4.48%,$-0.01B,$0.11B,-4.48%,$-0.01B,$0.19B,-2.66%,$-0.01B,$0.17B,-2.94%,$8,$7,$1,$0,$2,$9,$-1,$-1,$-2,$-1,$-1,$-1,$-1,$1,$-1,$5,5,$-0.26,$-0.26,$6,$15,$4,$34,$2,$4,$0,$11,$153,$187,$15,$57,$7,$64,$78,$0,$17,$-0,$108,$187,$-4,$5,$-2,$4,$0,$5,$0,$-1,$4,$4,$-9,$0,$0,$0,$0,$0,$0,$-9,$3,$0,$3,$0,$0,$-2,$-0,$2,$-3,$0,$-2
33,2010-05-31,25.23,$21.70,1.16,$6.58,3.83,$-5.31,0.0,$-1.04,0.0,$0.04B,$0.01B,2.44,$0.06B,$0.11B,0.52,$0.03B,$0.01B,15.15%,$0.03B,$-0.01B,-18.18%,$0.03B,$-0.01B,-18.18%,$0.03B,$0.00B,6.06%,$0.03B,$-0.01B,-27.27%,$0.03B,$-0.01B,-15.15%,$-0.01B,$0.11B,-4.41%,$-0.01B,$0.11B,-4.41%,$-0.01B,$0.19B,-2.65%,$-0.01B,$0.17B,-3.48%,$15,$13,$3,$0,$3,$16,$-0,$-1,$-1,$-0,$-1,$-1,$-1,$2,$-0,$5,5,$-0.15,$-0.15,$4,$16,$2,$35,$3,$4,$0,$12,$153,$188,$14,$58,$5,$63,$77,$0,$19,$0,$111,$188,$-3,$4,$-1,$2,$-4,$4,$0,$0,$1,$0,$-8,$0,$0,$0,$0,$0,$0,$-8,$4,$0,$4,$0,$0,$-1,$-0,$3,$-5,$0,$-1
34,2010-02-28,26.55,$22.04,1.2,$7.43,3.57,$-4.53,0.0,$-1.08,0.0,$0.04B,$0.01B,2.76,$0.06B,$0.11B,0.52,$0.04B,$0.01B,13.16%,$0.04B,$-0.01B,-18.42%,$0.04B,$-0.01B,-18.42%,$0.04B,$0.00B,2.63%,$0.04B,$-0.01B,-26.32%,$0.04B,$-0.01B,-13.16%,$-0.01B,$0.11B,-4.35%,$-0.01B,$0.11B,-4.35%,$-0.01B,$0.19B,-2.66%,$-0.01B,$0.17B,-4.06%,$5,$4,$1,$0,$3,$7,$-2,$-1,$-3,$-1,$-2,$-2,$-2,$-0,$-2,$5,5,$-0.36,$-0.36,$6,$21,$3,$38,$3,$4,$0,$12,$151,$189,$14,$58,$5,$63,$77,$0,$20,$1,$112,$189,$-2,$2,$-1,$1,$1,$-1,$0,$-0,$1,$-1,$-6,$0,$0,$0,$0,$0,$0,$-6,$4,$0,$4,$0,$0,$-1,$-0,$4,$-3,$0,$-1
35,2009-11-30,25.55,$22.53,1.13,$7.40,3.45,$-3.90,0.0,$-0.72,0.0,$0.04B,$0.01B,6.51,$0.06B,$0.12B,0.53,$0.04B,$0.01B,13.16%,$0.04B,$-0.01B,-18.42%,$0.04B,$-0.01B,-18.42%,$0.04B,$0.00B,2.63%,$0.04B,$-0.01B,-26.32%,$0.04B,$-0.01B,-13.16%,$-0.01B,$0.12B,-4.29%,$-0.01B,$0.12B,-4.29%,$-0.01B,$0.19B,-2.70%,$-0.01B,$0.18B,-4.14%,$5,$5,$0,$0,$2,$7,$-2,$-1,$-3,$-1,$-2,$-2,$-1,$-0,$-2,$5,5,$-0.26,$-0.26,$10,$20,$4,$42,$3,$5,$0,$11,$147,$189,$6,$61,$5,$68,$74,$0,$22,$1,$115,$189,$-6,$7,$5,$12,$-1,$3,$0,$7,$4,$11,$-17,$0,$0,$0,$0,$0,$-1,$-18,$14,$0,$14,$0,$0,$-2,$-1,$12,$4,$0,$-2
36,2009-08-31,27.36,$22.80,1.2,$8.52,3.21,$-2.81,0.0,$-0.47,0.0,$0.04B,$0.01B,4.54,$0.06B,$0.12B,0.52,$0.04B,$0.01B,20.45%,$0.04B,$-0.00B,-2.27%,$0.04B,$-0.00B,-2.27%,$0.04B,$0.01B,15.91%,$0.04B,$-0.02B,-34.09%,$0.04B,$-0.01B,-20.45%,$-0.01B,$0.12B,-7.63%,$-0.01B,$0.12B,-7.63%,$-0.01B,$0.19B,-4.90%,$-0.00B,$0.18B,-0.60%,$8,$7,$1,$0,$3,$9,$-2,$-1,$-2,$-1,$-1,$-1,$-1,$0,$-2,$5,5,$-0.28,$-0.28,$10,$20,$6,$40,$3,$3,$0,$10,$150,$189,$9,$60,$4,$65,$74,$0,$24,$1,$116,$189,$-4,$5,$-1,$4,$-1,$3,$0,$8,$9,$9,$-16,$0,$0,$0,$0,$0,$0,$-16,$13,$0,$13,$0,$0,$-2,$-1,$11,$5,$0,$-2
37,2009-05-31,26.41,$23.13,1.14,$8.55,3.09,$-1.67,0.0,$-0.19,0.0,$0.04B,$0.01B,3.49,$0.05B,$0.12B,0.43,$0.04B,$0.01B,20.45%,$0.04B,0,0.00%,$0.04B,0,0.00%,$0.04B,$0.01B,15.91%,$0.04B,$-0.02B,-34.09%,$0.04B,$-0.01B,-20.45%,$-0.01B,$0.12B,-7.42%,$-0.01B,$0.12B,-7.42%,$-0.01B,$0.19B,-4.86%,$0.00B,$0.17B,0.00%,$20,$17,$3,$0,$3,$20,$-1,$-1,$-2,$-1,$-1,$-1,$-1,$1,$-1,$5,5,$-0.19,$-0.19,$4,$20,$4,$42,$6,$3,$0,$10,$143,$185,$12,$51,$4,$55,$67,$0,$26,$0,$117,$185,$-3,$3,$-1,$3,$-9,$3,$0,$9,$4,$4,$-8,$0,$0,$0,$0,$0,$0,$-8,$4,$0,$4,$0,$0,$-1,$-1,$2,$-2,$0,$-1
38,2009-02-28,23.95,$23.18,1.03,$8.85,2.71,$-1.49,0.0,0,0.0,$0.05B,$0.02B,2.66,$0.04B,$0.12B,0.34,$0.05B,$0.01B,22.22%,$0.05B,$0.00B,2.22%,$0.05B,$0.00B,2.22%,$0.05B,$0.01B,17.78%,$0.05B,$-0.01B,-31.11%,$0.05B,$-0.01B,-17.78%,$-0.01B,$0.12B,-6.40%,$-0.01B,$0.12B,-6.40%,$-0.01B,$0.18B,-4.25%,$0.00B,$0.16B,0.60%,$5,$4,$1,$0,$3,$7,$-2,$-1,$-3,$-1,$-2,$-2,$-2,$-0,$-2,$5,5,$-0.36,$-0.36,$7,$28,$5,$46,$6,$1,$0,$10,$134,$179,$17,$40,$4,$44,$61,$0,$28,$-1,$118,$179,$-2,$2,$-1,$1,$1,$-4,$0,$1,$-0,$-1,$-2,$0,$0,$0,$0,$0,$0,$-2,$-0,$0,$-0,$0,$0,$-1,$-0,$-1,$-4,$0,$-1
39,2008-11-30,29.08,$23.91,1.22,$8.82,3.3,$-1.81,0.0,0,0.0,$0.05B,$0.02B,3.24,$0.04B,$0.12B,0.33,$0.04B,$0.01B,22.73%,$0.04B,$0.00B,2.27%,$0.04B,$0.00B,2.27%,$0.04B,$0.01B,15.91%,$0.04B,$-0.01B,-31.82%,$0.04B,$-0.01B,-18.18%,$-0.01B,$0.12B,-6.18%,$-0.01B,$0.12B,-6.18%,$-0.01B,$0.18B,-4.12%,$0.00B,$0.16B,0.58%,$11,$7,$4,$0,$2,$8,$4,$-0,$-8,$3,$-11,$-11,$-5,$6,$4,$5,5,$-0.99,$-0.99,$13,$24,$4,$49,$6,$3,$0,$9,$133,$182,$15,$40,$4,$45,$61,$0,$30,$1,$121,$182,$-8,$8,$1,$9,$0,$-2,$0,$13,$10,$10,$-11,$0,$0,$0,$0,$0,$0,$-11,$-1,$0,$-1,$-3,$-3,$-2,$0,$-6,$-6,$0,$-2
40,2008-08-31,31.23,$25.41,1.23,$8.67,3.6,$0.23,135.32,0,0.0,$0.06B,$0.02B,3.28,$0.04B,$0.13B,0.31,$0.04B,$0.01B,25.00%,$0.04B,$-0.00B,-2.27%,$0.04B,$-0.00B,-2.27%,$0.04B,$0.00B,9.09%,$0.04B,$-0.00B,-9.09%,$0.04B,$-0.00B,-4.55%,$-0.00B,$0.13B,-1.49%,$-0.00B,$0.13B,-1.49%,$-0.00B,$0.19B,-1.00%,$-0.00B,$0.17B,-0.56%,$8,$6,$1,$0,$3,$9,$-1,$-1,$-2,$-1,$-1,$-1,$-1,$0,$-1,$5,5,$-0.25,$-0.25,$16,$31,$6,$58,$8,$7,$0,$7,$137,$194,$18,$40,$5,$48,$66,$0,$35,$3,$129,$194,$-3,$5,$-1,$4,$-2,$-1,$0,$11,$8,$8,$-9,$0,$0,$0,$0,$0,$0,$-9,$-1,$0,$-1,$-3,$-3,$-2,$0,$-5,$-6,$0,$-2
41,2008-05-31,31.41,$26.21,1.2,$9.42,3.33,$1.67,18.83,0,0.0,$0.06B,$0.01B,5.97,$0.05B,$0.13B,0.36,$0.05B,$0.01B,29.17%,$0.05B,$0.00B,4.17%,$0.05B,$0.00B,4.17%,$0.05B,$0.01B,14.58%,$0.05B,$0.00B,2.08%,$0.05B,$0.00B,2.08%,$0.00B,$0.13B,0.73%,$0.00B,$0.13B,0.73%,$0.00B,$0.20B,0.49%,$0.00B,$0.18B,1.08%,$21,$17,$4,$0,$4,$21,$0,$-1,$-1,$-0,$-0,$-0,$-0,$2,$0,$5,5,$-0.07,$-0.07,$18,$30,$3,$63,$8,$7,$0,$7,$135,$198,$11,$48,$4,$56,$67,$0,$37,$3,$132,$198,$-2,$3,$-0,$3,$-9,$0,$0,$9,$1,$2,$-5,$0,$0,$0,$0,$0,$0,$-5,$-1,$0,$-1,$-2,$-2,$-1,$0,$-4,$-7,$0,$-1
42,2008-02-29,30.28,$26.73,1.13,$11.28,2.68,$3.46,8.75,0,0.0,$0.07B,$0.01B,6.7,$0.05B,$0.14B,0.35,$0.06B,$0.02B,35.59%,$0.06B,$0.01B,15.25%,$0.06B,$0.01B,15.25%,$0.06B,$0.01B,23.73%,$0.06B,$0.01B,20.34%,$0.06B,$0.01B,11.86%,$0.01B,$0.14B,5.00%,$0.01B,$0.14B,5.00%,$0.01B,$0.20B,3.34%,$0.01B,$0.18B,4.77%,$4,$4,$1,$0,$3,$7,$-2,$-0,$-3,$-1,$-2,$-2,$-2,$-1,$-2,$5,5,$-0.32,$-0.32,$27,$35,$4,$69,$8,$9,$0,$7,$134,$203,$10,$48,$4,$57,$67,$0,$38,$4,$136,$203,$-2,$2,$-1,$1,$1,$-5,$0,$1,$-3,$-3,$-2,$0,$0,$0,$0,$0,$0,$-2,$-0,$0,$-0,$0,$0,$-1,$0,$-1,$-6,$0,$-1
43,2007-11-30,32.9,$27.27,1.21,$11.30,2.91,$4.39,7.5,0,0.0,$0.07B,$0.01B,7.11,$0.05B,$0.14B,0.35,$0.06B,$0.02B,35.00%,$0.06B,$0.01B,15.00%,$0.06B,$0.01B,15.00%,$0.06B,$0.02B,25.00%,$0.06B,$0.01B,21.67%,$0.06B,$0.01B,13.33%,$0.01B,$0.14B,5.69%,$0.01B,$0.14B,5.69%,$0.01B,$0.21B,3.76%,$0.01B,$0.19B,4.75%,$11,$6,$5,$0,$3,$9,$2,$0,$2,$1,$1,$1,$1,$3,$2,$5,5,$0.27,$0.27,$34,$30,$4,$72,$8,$10,$0,$7,$135,$207,$10,$48,$4,$58,$68,$0,$40,$5,$139,$207,$8,$6,$-15,$-9,$0,$-1,$0,$12,$13,$12,$-2,$0,$0,$0,$3,$3,$0,$2,$-2,$0,$-2,$-4,$-4,$0,$1,$-5,$9,$0,$0
44,2007-08-31,31.39,$27.68,1.13,$10.67,2.94,$0.80,39.07,0,0.0,$0.07B,$0.01B,5.75,$0.05B,$0.14B,0.34,$0.06B,$0.02B,30.36%,$0.06B,$0.01B,10.71%,$0.06B,$0.01B,10.71%,$0.06B,$0.01B,21.43%,$0.06B,$0.01B,17.86%,$0.06B,$0.01B,10.71%,$0.01B,$0.14B,4.26%,$0.01B,$0.14B,4.26%,$0.01B,$0.21B,2.79%,$0.01B,$0.19B,3.15%,$12,$8,$4,$0,$3,$10,$2,$2,$3,$1,$2,$2,$2,$3,$2,$5,5,$0.44,$0.43,$32,$29,$7,$73,$9,$14,$0,$13,$140,$213,$13,$49,$4,$58,$71,$0,$39,$7,$143,$213,$7,$4,$-14,$-9,$-2,$1,$0,$9,$7,$5,$2,$0,$0,$0,$3,$3,$-6,$-1,$-1,$0,$-1,$-1,$-1,$0,$1,$-1,$3,$0,$0
45,2007-05-31,33.36,$27.49,1.21,$11.72,2.85,$-0.35,0.0,0,0.0,$0.07B,$0.02B,5.03,$0.05B,$0.14B,0.35,$0.06B,$0.02B,32.26%,$0.06B,$0.01B,12.90%,$0.06B,$0.01B,12.90%,$0.06B,$0.01B,22.58%,$0.06B,$0.01B,17.74%,$0.06B,$0.01B,11.29%,$0.01B,$0.14B,5.02%,$0.01B,$0.14B,5.02%,$0.01B,$0.22B,3.29%,$0.01B,$0.19B,4.26%,$32,$20,$11,$0,$4,$24,$7,$2,$10,$4,$6,$6,$6,$9,$7,$5,5,$1.16,$1.13,$27,$28,$4,$74,$9,$16,$0,$13,$142,$216,$15,$50,$4,$60,$75,$0,$37,$9,$142,$216,$5,$3,$-11,$-9,$-11,$3,$0,$15,$7,$3,$3,$0,$0,$0,$2,$2,$-6,$-1,$-1,$0,$-1,$-1,$-1,$0,$1,$-1,$1,$0,$0
46,2007-02-28,33.49,$26.68,1.26,$10.50,3.19,$-1.44,0.0,0,0.0,$0.08B,$0.02B,5.28,$0.05B,$0.14B,0.36,$0.06B,$0.01B,21.82%,$0.06B,$0.00B,1.82%,$0.06B,$0.00B,1.82%,$0.06B,$0.01B,10.91%,$0.06B,0,0.00%,$0.06B,$0.00B,1.82%,$0.00B,$0.14B,0.73%,$0.00B,$0.14B,0.73%,$0.00B,$0.21B,0.48%,$0.00B,$0.19B,0.54%,$5,$3,$1,$0,$3,$6,$-2,$-0,$-2,$-1,$-1,$-1,$-1,$-0,$-2,$5,5,$-0.25,$-0.25,$31,$35,$7,$77,$9,$18,$0,$7,$137,$214,$15,$50,$4,$61,$76,$0,$31,$10,$138,$214,$-1,$1,$-1,$1,$1,$-5,$0,$7,$3,$2,$-3,$0,$0,$0,$0,$0,$0,$-3,$-0,$0,$-0,$0,$0,$0,$0,$-0,$-0,$0,$0
47,2006-11-30,28.1,$27.20,1.03,$10.35,2.72,$-1.69,0.0,0,0.0,$0.08B,$0.02B,5.31,$0.05B,$0.14B,0.36,$0.05B,$0.01B,20.37%,$0.05B,$0.00B,1.85%,$0.05B,$0.00B,1.85%,$0.05B,$0.01B,9.26%,$0.05B,0,0.00%,$0.05B,0,0.00%,$0.00B,$0.14B,0.00%,$0.00B,$0.14B,0.00%,$0.00B,$0.22B,0.00%,$0.00B,$0.19B,0.55%,$7,$6,$1,$0,$3,$8,$-1,$0,$-1,$-0,$-1,$-1,$-1,$0,$-1,$5,5,$-0.22,$-0.20,$38,$31,$7,$81,$9,$19,$0,$6,$136,$217,$15,$51,$4,$62,$77,$0,$32,$10,$140,$217,$-0,$6,$-4,$2,$0,$2,$0,$1,$5,$6,$-15,$0,$0,$0,$0,$0,$0,$-15,$7,$0,$7,$1,$1,$0,$1,$9,$1,$0,$0
