,Date,Stock Price,Book Value per Share,Price to Book Ratio,TTM Sales per Share,Price to Sales Ratio,TTM FCF per Share,Price to FCF Ratio,TTM Net EPS,PE Ratio,Current Assets,Current Liabilities,Current Ratio,Long Term Debt,Shareholder's Equity_x,Debt to Equity Ratio,TTM Revenue_x,TTM Gross Profit,Gross Margin,TTM Revenue_y,TTM Operating Income,Operating Margin,TTM Revenue_x,TTM EBIT,EBIT Margin,TTM Revenue_y,TTM EBITDA,EBITDA Margin,TTM Revenue_x,TTM Pre-Tax Income,Pre-Tax Margin,TTM Revenue_y,TTM Net Income_x,Net Margin,TTM Net Income_y,Shareholder's Equity_y,Return on Equity,TTM Net Income_x,Tangible Equity,Return on Tangible Equity,TTM Net Income_y,Total Assets,Return on Assets,TTM Net Income,LT Investments & Debt,Return on Investment,revenue,cost-goods-sold,gross-profit,research-development-expenses,selling-general-administrative-expenses,operating-expenses,operating-income,total-non-operating-income-expense,pre-tax-income,total-provision-income-taxes,income-after-taxes,income-from-continuous-operations,net-income,ebitda,ebit,basic-shares-outstanding,shares-outstanding,eps-basic-net-earnings-per-share,eps-earnings-per-share-diluted,cash-on-hand,inventory,other-current-assets,total-current-assets,net-property-plant-equipment,long-term-investments,goodwill-intangible-assets-total,other-long-term-assets,total-long-term-assets,total-assets,total-current-liabilities,long-term-debt,other-non-current-liabilities,total-long-term-liabilities,total-liabilities,common-stock-net,retained-earnings-accumulated-deficit,comprehensive-income,total-share-holder-equity,total-liabilities-share-holders-equity,net-income-loss,total-depreciation-amortization-cash-flow,other-non-cash-items,total-non-cash-items,change-in-accounts-receivable,change-in-inventories,change-in-accounts-payable,change-in-assets-liabilities,total-change-in-assets-liabilities,cash-flow-from-operating-activities,net-change-in-property-plant-equipment,net-change-in-intangible-assets,net-acquisitions-divestitures,net-change-in-short-term-investments,net-change-in-long-term-investments,net-change-in-investments-total,investing-activities-other,cash-flow-from-investing-activities,net-long-term-debt,net-current-debt,debt-issuance-retirement-net-total,net-common-equity-issued-repurchased,net-total-equity-issued-repurchased,total-common-preferred-stock-dividends-paid,financial-activities-other,cash-flow-from-financial-activities,net-cash-flow,stock-based-compensation,common-stock-dividends-paid
0,2018-09-30,70.05,$20.94,3.35,$17.31,4.05,$8.64,8.11,$3.38,20.72,$2.40B,$0.85B,2.81,$0.00B,$3.95B,0.0,$3.28B,$1.92B,58.57%,$3.28B,$0.73B,22.12%,$3.28B,$0.73B,22.12%,$3.28B,$0.82B,24.95%,$3.28B,$0.76B,23.22%,$3.28B,$0.63B,19.25%,$0.63B,$3.95B,16.22%,$0.63B,$3.53B,18.16%,$0.63B,$5.10B,12.69%,$0.73B,$3.95B,18.64%,$810,$329,$481,$139,$146,$614,$196,$5,$201,$17,$184,$184,$184,$219,$196,$189,190,$0.98,$0.97,$1230,$557,$0,$2401,$651,$1301,$425,$102,$2695,$5096,$854,$0,$129,$289,$1143,$18,$2521,$5,$3953,$5096,$504,$71,$85,$157,$112,$-69,$33,$-61,$41,$702,$-122,$-3,$-29,$0,$-85,$-85,$0,$-239,$0,$0,$0,$8,$8,$-296,$0,$-289,$165,$42,$-296
1,2018-06-30,61.0,$19.91,3.06,$17.03,3.58,$7.59,8.04,$3.19,19.12,$2.32B,$0.93B,2.5,$0.00B,$3.76B,0.0,$3.22B,$1.88B,58.31%,$3.22B,$0.70B,21.84%,$3.22B,$0.70B,21.84%,$3.22B,$0.79B,24.67%,$3.22B,$0.75B,23.30%,$3.22B,$0.60B,18.58%,$0.60B,$3.76B,15.69%,$0.60B,$3.35B,17.47%,$0.60B,$4.99B,12.19%,$0.70B,$3.76B,18.44%,$894,$371,$523,$142,$164,$677,$218,$19,$236,$46,$190,$190,$190,$243,$218,$189,189,$1.01,$1.00,$1120,$501,$0,$2324,$637,$1302,$409,$97,$2665,$4989,$929,$0,$142,$301,$1230,$18,$2337,$10,$3759,$4989,$320,$48,$53,$101,$48,$-5,$2,$-61,$17,$438,$-92,$-2,$-9,$0,$-82,$-82,$0,$-186,$0,$0,$0,$7,$7,$-196,$0,$-189,$55,$28,$-196
2,2018-03-31,58.42,$21.20,2.76,$16.72,3.49,$6.95,8.41,$3.10,18.85,$2.19B,$0.56B,3.93,$0.00B,$4.00B,0.0,$3.16B,$1.84B,58.24%,$3.16B,$0.70B,22.02%,$3.16B,$0.70B,22.02%,$3.16B,$0.78B,24.78%,$3.16B,$0.75B,23.70%,$3.16B,$0.59B,18.54%,$0.59B,$4.00B,15.63%,$0.59B,$3.58B,17.31%,$0.59B,$4.86B,12.07%,$0.70B,$4.00B,18.57%,$711,$284,$427,$142,$142,$569,$142,$12,$154,$25,$129,$129,$129,$165,$142,$188,189,$0.69,$0.68,$1067,$547,$0,$2191,$605,$1309,$421,$97,$2664,$4855,$558,$0,$142,$300,$858,$18,$2546,$64,$3997,$4855,$129,$23,$18,$41,$188,$-26,$-37,$-97,$44,$214,$-26,$-2,$-9,$0,$-75,$-75,$0,$-113,$0,$0,$0,$-5,$-5,$-96,$0,$-101,$8,$13,$-96
3,2017-12-31,58.56,$20.47,2.86,$16.36,3.58,$6.46,9.07,$3.68,15.91,$2.35B,$0.79B,2.96,$0.00B,$3.85B,0.0,$3.09B,$1.78B,57.79%,$3.09B,$0.67B,21.70%,$3.09B,$0.67B,21.70%,$3.09B,$0.76B,24.49%,$3.09B,$0.68B,22.09%,$3.09B,$0.69B,22.48%,$0.69B,$3.85B,18.91%,$0.69B,$3.44B,20.80%,$0.69B,$4.95B,14.51%,$0.67B,$3.85B,18.26%,$863,$374,$489,$133,$188,$694,$169,$1,$170,$41,$128,$128,$128,$191,$169,$188,189,$0.68,$0.68,$1053,$518,$0,$2346,$596,$1260,$410,$108,$2602,$4948,$792,$0,$140,$304,$1096,$18,$2418,$56,$3852,$4948,$695,$86,$8,$94,$-40,$-39,$-17,$-19,$-128,$661,$-139,$-12,$-90,$0,$48,$48,$-0,$-195,$0,$0,$0,$-65,$-65,$-383,$0,$-448,$45,$45,$-383
4,2017-09-30,52.61,$19.41,2.71,$16.34,3.22,$6.94,7.58,$3.67,14.33,$2.33B,$0.85B,2.76,$0.00B,$3.64B,0.0,$3.09B,$1.77B,57.24%,$3.09B,$0.66B,21.43%,$3.09B,$0.66B,21.43%,$3.09B,$0.75B,24.28%,$3.09B,$0.68B,22.07%,$3.09B,$0.70B,22.79%,$0.70B,$3.64B,19.74%,$0.70B,$3.33B,21.61%,$0.70B,$4.84B,15.03%,$0.66B,$3.64B,18.56%,$751,$314,$438,$130,$134,$578,$174,$16,$190,$39,$151,$151,$151,$195,$174,$188,188,$0.81,$0.80,$1145,$575,$0,$2332,$554,$1210,$313,$93,$2503,$4835,$846,$0,$126,$350,$1196,$18,$2230,$46,$3640,$4835,$566,$64,$-76,$-12,$85,$-87,$-25,$-65,$-92,$463,$-85,$-9,$-12,$0,$17,$17,$0,$-89,$0,$0,$0,$-68,$-68,$-287,$0,$-355,$44,$32,$-287
5,2017-06-30,49.26,$18.56,2.65,$16.17,3.05,$7.32,6.73,$3.55,13.88,$2.31B,$0.93B,2.48,$0.00B,$3.48B,0.0,$3.06B,$1.73B,56.74%,$3.06B,$0.65B,21.17%,$3.06B,$0.65B,21.17%,$3.06B,$0.74B,24.05%,$3.06B,$0.64B,20.98%,$3.06B,$0.68B,22.15%,$0.68B,$3.48B,19.39%,$0.68B,$3.18B,21.24%,$0.68B,$4.75B,14.66%,$0.65B,$3.48B,18.53%,$831,$347,$484,$127,$147,$622,$210,$25,$234,$57,$177,$177,$177,$231,$210,$188,188,$0.94,$0.94,$1108,$525,$0,$2305,$517,$1200,$309,$88,$2444,$4749,$929,$0,$134,$336,$1264,$18,$2083,$40,$3484,$4749,$415,$43,$-101,$-58,$24,$-35,$-21,$-67,$-94,$264,$-40,$-6,$-8,$0,$35,$35,$0,$-19,$0,$0,$0,$-57,$-57,$-192,$0,$-249,$13,$20,$-192
6,2017-03-31,48.86,$19.68,2.48,$16.04,3.05,$7.46,6.55,$3.49,14.0,$2.16B,$0.57B,3.77,$0.00B,$3.70B,0.0,$3.04B,$1.71B,56.40%,$3.04B,$0.64B,21.01%,$3.04B,$0.64B,21.01%,$3.04B,$0.73B,23.91%,$3.04B,$0.61B,20.12%,$3.04B,$0.66B,21.76%,$0.66B,$3.70B,19.30%,$0.66B,$3.40B,21.17%,$0.66B,$4.60B,14.49%,$0.64B,$3.70B,18.63%,$642,$269,$373,$122,$134,$524,$117,$-29,$88,$-150,$238,$238,$238,$139,$117,$188,189,$1.27,$1.26,$1092,$533,$0,$2157,$504,$1211,$303,$84,$2444,$4601,$571,$0,$126,$327,$899,$18,$2295,$32,$3702,$4601,$238,$22,$-113,$-92,$135,$-41,$-44,$-83,$-26,$120,$-26,$-1,$0,$0,$13,$13,$0,$-13,$0,$0,$0,$-31,$-31,$-96,$0,$-127,$-13,$8,$-96
7,2016-12-31,45.9,$18.13,2.53,$15.94,2.88,$7.56,6.07,$2.69,17.06,$2.26B,$0.78B,2.89,$0.00B,$3.42B,0.0,$3.02B,$1.68B,55.65%,$3.02B,$0.63B,20.70%,$3.02B,$0.63B,20.70%,$3.02B,$0.71B,23.55%,$3.02B,$0.63B,20.90%,$3.02B,$0.51B,16.93%,$0.51B,$3.42B,15.21%,$0.51B,$3.11B,16.73%,$0.51B,$4.53B,11.32%,$0.63B,$3.42B,18.61%,$861,$390,$471,$129,$182,$701,$160,$9,$169,$32,$137,$137,$137,$184,$160,$189,189,$0.74,$0.73,$1114,$485,$0,$2263,$483,$1213,$305,$95,$2262,$4525,$783,$0,$123,$324,$1107,$18,$2057,$-37,$3418,$4525,$511,$86,$86,$172,$9,$-2,$-11,$25,$23,$706,$-90,$-6,$-78,$0,$52,$52,$0,$-122,$0,$0,$0,$-82,$-82,$-481,$2,$-562,$14,$41,$-481
8,2016-09-30,45.08,$17.84,2.53,$15.48,2.91,$5.40,8.35,$2.67,16.88,$2.25B,$0.92B,2.44,$0.00B,$3.36B,0.0,$2.94B,$1.62B,55.19%,$2.94B,$0.61B,20.79%,$2.94B,$0.61B,20.79%,$2.94B,$0.69B,23.58%,$2.94B,$0.62B,20.93%,$2.94B,$0.51B,17.22%,$0.51B,$3.36B,15.15%,$0.51B,$3.06B,16.58%,$0.51B,$4.59B,11.23%,$0.61B,$3.36B,18.29%,$722,$316,$406,$116,$130,$563,$160,$-10,$150,$25,$125,$125,$125,$181,$160,$189,189,$0.66,$0.66,$1114,$535,$0,$2247,$454,$1327,$302,$88,$2344,$4592,$920,$0,$119,$310,$1230,$18,$1920,$26,$3362,$4592,$374,$63,$65,$127,$76,$-41,$-41,$-18,$-9,$492,$-42,$-5,$-62,$0,$33,$33,$-0,$-76,$0,$0,$0,$-55,$-55,$-289,$0,$-344,$79,$29,$-289
9,2016-06-30,39.32,$17.04,2.31,$15.23,2.58,$3.38,11.62,$2.64,14.89,$2.21B,$1.01B,2.19,$0.00B,$3.22B,0.0,$2.90B,$1.58B,54.47%,$2.90B,$0.58B,19.88%,$2.90B,$0.58B,19.88%,$2.90B,$0.66B,22.71%,$2.90B,$0.63B,21.75%,$2.90B,$0.50B,17.26%,$0.50B,$3.22B,15.11%,$0.50B,$2.92B,16.45%,$0.50B,$4.53B,11.22%,$0.58B,$3.22B,17.41%,$812,$349,$463,$114,$148,$611,$201,$3,$204,$43,$161,$161,$161,$222,$201,$189,189,$0.85,$0.85,$1054,$508,$0,$2213,$451,$1306,$303,$89,$2315,$4528,$1010,$0,$113,$298,$1309,$1797,$1795,$-1,$3219,$4528,$249,$42,$34,$75,$24,$-17,$-32,$-31,$-45,$279,$-29,$-3,$-62,$0,$9,$9,$0,$-84,$0,$0,$0,$-36,$-36,$-193,$0,$-229,$-32,$20,$-193
10,2016-03-31,36.59,$18.17,2.01,$14.98,2.44,$1.77,20.62,$2.51,14.58,$2.13B,$0.68B,3.13,$0.00B,$3.44B,0.0,$2.86B,$1.53B,53.66%,$2.86B,$0.54B,18.96%,$2.86B,$0.54B,18.96%,$2.86B,$0.62B,21.76%,$2.86B,$0.60B,20.99%,$2.86B,$0.48B,16.68%,$0.48B,$3.44B,14.43%,$0.48B,$3.13B,15.60%,$0.48B,$4.41B,10.77%,$0.54B,$3.44B,16.39%,$624,$284,$340,$108,$128,$520,$104,$4,$108,$19,$88,$88,$88,$124,$104,$189,190,$0.46,$0.46,$1056,$518,$0,$2129,$449,$1280,$306,$89,$2281,$4410,$681,$0,$105,$292,$973,$1797,$2019,$-15,$3437,$4410,$88,$20,$15,$35,$130,$-19,$-46,$-50,$7,$129,$-14,$-2,$-62,$0,$86,$86,$-0,$9,$0,$0,$0,$-20,$-20,$-97,$0,$-116,$25,$8,$-97
11,2015-12-31,33.6,$17.63,1.91,$14.73,2.28,$1.50,22.41,$2.40,14.0,$2.21B,$0.87B,2.55,$0.00B,$3.35B,0.0,$2.82B,$1.54B,54.54%,$2.82B,$0.55B,19.50%,$2.82B,$0.55B,19.50%,$2.82B,$0.63B,22.30%,$2.82B,$0.57B,20.14%,$2.82B,$0.46B,16.17%,$0.46B,$3.35B,13.75%,$0.46B,$3.10B,14.77%,$0.46B,$4.50B,10.22%,$0.55B,$3.35B,16.58%,$781,$368,$413,$106,$161,$636,$146,$7,$153,$20,$132,$132,$132,$166,$146,$191,191,$0.69,$0.69,$1048,$501,$0,$2211,$446,$1343,$246,$98,$2288,$4499,$866,$0,$103,$288,$1154,$1797,$1931,$-30,$3345,$4499,$456,$78,$91,$169,$22,$-122,$36,$-131,$-345,$280,$-73,$-4,$-39,$0,$3,$3,$0,$-112,$0,$0,$0,$-120,$-120,$-378,$-2,$-500,$-363,$26,$-378
12,2015-09-30,31.98,$16.99,1.88,$14.78,2.16,$2.73,11.71,$2.79,11.46,$2.23B,$0.90B,2.5,$0.00B,$3.24B,0.0,$2.84B,$1.56B,54.75%,$2.84B,$0.58B,20.41%,$2.84B,$0.58B,20.41%,$2.84B,$0.66B,23.22%,$2.84B,$0.62B,21.64%,$2.84B,$0.53B,18.79%,$0.53B,$3.24B,16.03%,$0.53B,$3.01B,17.17%,$0.53B,$4.39B,11.84%,$0.58B,$3.24B,17.41%,$680,$318,$362,$106,$131,$554,$125,$39,$165,$46,$119,$119,$119,$146,$125,$190,191,$0.63,$0.63,$1127,$503,$0,$2232,$439,$1290,$221,$107,$2157,$4388,$895,$0,$98,$259,$1154,$1797,$1796,$-23,$3235,$4388,$324,$58,$64,$122,$124,$-111,$17,$-198,$-324,$122,$-53,$-3,$-13,$0,$71,$71,$0,$3,$0,$0,$0,$-100,$-100,$-281,$1,$-380,$-281,$20,$-281
13,2015-06-30,38.6,$16.80,2.3,$14.89,2.59,$4.05,9.53,$1.40,27.57,$2.28B,$0.96B,2.37,$0.00B,$3.21B,0.0,$2.87B,$1.59B,55.51%,$2.87B,$0.63B,22.00%,$2.87B,$0.63B,22.00%,$2.87B,$0.71B,24.69%,$2.87B,$0.62B,21.72%,$2.87B,$0.27B,9.34%,$0.27B,$3.21B,8.04%,$0.27B,$2.99B,8.62%,$0.27B,$4.42B,5.85%,$0.63B,$3.21B,18.94%,$774,$355,$419,$109,$143,$607,$167,$7,$174,$36,$138,$138,$138,$186,$167,$191,192,$0.72,$0.72,$1137,$458,$0,$2283,$446,$1309,$223,$62,$2140,$4423,$962,$0,$87,$253,$1215,$1797,$1677,$24,$3209,$4423,$205,$38,$70,$108,$60,$-46,$-7,$-160,$-328,$-16,$-39,$-2,$-13,$0,$61,$61,$0,$7,$0,$0,$0,$-49,$-49,$-184,$1,$-232,$-258,$15,$-184
14,2015-03-31,41.29,$18.16,2.27,$14.84,2.78,$5.36,7.71,$1.61,25.64,$2.50B,$0.82B,3.03,$0.00B,$3.48B,0.0,$2.87B,$1.62B,56.30%,$2.87B,$0.68B,23.78%,$2.87B,$0.68B,23.78%,$2.87B,$0.76B,26.46%,$2.87B,$0.66B,22.91%,$2.87B,$0.31B,10.86%,$0.31B,$3.48B,9.18%,$0.31B,$3.25B,9.81%,$0.31B,$4.54B,6.69%,$0.68B,$3.48B,20.09%,$585,$241,$344,$106,$126,$474,$112,$-36,$76,$9,$67,$67,$67,$131,$112,$192,192,$0.35,$0.35,$1442,$470,$0,$2500,$436,$1259,$224,$25,$2043,$4543,$824,$0,$80,$241,$1066,$1797,$1928,$17,$3478,$4543,$67,$19,$55,$74,$129,$-57,$-26,$-108,$-59,$82,$-17,$-1,$-13,$0,$54,$54,$-0,$23,$0,$0,$0,$-16,$-16,$-92,$0,$-108,$-25,$8,$-92
15,2014-12-31,45.45,$17.74,2.56,$14.78,3.08,$5.31,8.56,$1.87,24.31,$2.51B,$1.03B,2.43,$0.00B,$3.40B,0.0,$2.87B,$1.60B,55.89%,$2.87B,$0.69B,24.08%,$2.87B,$0.69B,24.08%,$2.87B,$0.77B,26.76%,$2.87B,$0.72B,25.23%,$2.87B,$0.36B,12.68%,$0.36B,$3.40B,10.50%,$0.36B,$3.19B,11.20%,$0.36B,$4.69B,7.73%,$0.69B,$3.40B,19.93%,$803,$372,$431,$102,$153,$627,$176,$24,$200,$-10,$210,$210,$210,$197,$176,$193,194,$1.10,$1.10,$1364,$420,$0,$2511,$431,$1407,$218,$22,$2182,$4693,$1033,$0,$82,$257,$1290,$1797,$1860,$3,$3403,$4693,$364,$77,$140,$217,$-27,$-76,$9,$-59,$-58,$523,$-73,$-5,$-19,$0,$90,$90,$137,$131,$0,$0,$0,$-239,$-239,$-360,$-0,$-600,$17,$24,$-360
16,2014-09-30,44.33,$16.92,2.62,$14.51,3.05,$5.92,7.49,$1.61,27.53,$2.42B,$1.12B,2.16,$0.00B,$3.24B,0.0,$2.83B,$1.57B,55.47%,$2.83B,$0.69B,24.30%,$2.83B,$0.69B,24.30%,$2.83B,$0.76B,26.95%,$2.83B,$0.73B,25.79%,$2.83B,$0.32B,11.25%,$0.32B,$3.24B,9.00%,$0.32B,$3.02B,9.59%,$0.32B,$4.67B,6.68%,$0.69B,$3.24B,19.45%,$706,$308,$398,$99,$124,$531,$176,$-3,$173,$319,$-147,$-147,$-147,$194,$176,$192,192,$-0.76,$-0.76,$1306,$466,$0,$2421,$432,$1453,$222,$22,$2248,$4669,$1123,$0,$137,$309,$1433,$1797,$1650,$47,$3236,$4669,$154,$56,$119,$174,$74,$-107,$-3,$-70,$50,$378,$-54,$-9,$-19,$0,$61,$61,$137,$116,$0,$0,$0,$-240,$-240,$-268,$4,$-504,$-25,$19,$-268
17,2014-06-30,51.46,$18.07,2.85,$14.12,3.65,$6.47,7.95,$3.33,15.45,$2.50B,$0.97B,2.58,$0.00B,$3.48B,0.0,$2.77B,$1.52B,55.08%,$2.77B,$0.66B,23.98%,$2.77B,$0.66B,23.98%,$2.77B,$0.74B,26.76%,$2.77B,$0.72B,25.93%,$2.77B,$0.65B,23.62%,$0.65B,$3.48B,18.07%,$0.65B,$3.27B,19.24%,$0.65B,$4.74B,13.62%,$0.66B,$3.48B,18.35%,$778,$333,$444,$98,$127,$559,$219,$-10,$209,$27,$182,$182,$182,$238,$219,$194,195,$0.94,$0.93,$1396,$430,$0,$2497,$428,$1456,$213,$20,$2245,$4742,$969,$0,$149,$292,$1261,$1797,$1797,$73,$3481,$4742,$301,$37,$42,$80,$65,$-62,$-15,$-137,$-145,$235,$-36,$-2,$0,$0,$56,$56,$137,$156,$0,$0,$0,$-162,$-162,$-176,$3,$-334,$56,$13,$-176
18,2014-03-31,46.32,$19.27,2.4,$13.67,3.39,$6.64,6.97,$3.28,14.12,$2.39B,$0.70B,3.43,$0.00B,$3.75B,0.0,$2.68B,$1.46B,54.51%,$2.68B,$0.61B,22.88%,$2.68B,$0.61B,22.88%,$2.68B,$0.69B,25.75%,$2.68B,$0.72B,26.64%,$2.68B,$0.64B,23.96%,$0.64B,$3.75B,17.94%,$0.64B,$3.54B,19.11%,$0.64B,$4.74B,13.51%,$0.61B,$3.75B,17.13%,$583,$252,$331,$96,$114,$463,$120,$22,$142,$24,$119,$119,$119,$139,$120,$195,196,$0.61,$0.61,$1300,$442,$0,$2387,$417,$1571,$216,$21,$2351,$4739,$697,$0,$143,$289,$987,$1797,$1984,$35,$3752,$4739,$119,$18,$1,$19,$137,$-64,$-20,$-119,$-67,$71,$-15,$-1,$0,$0,$-75,$-75,$95,$4,$0,$0,$0,$-32,$-32,$-88,$2,$-118,$-42,$6,$-88
19,2013-12-31,38.39,$18.75,2.05,$13.40,2.86,$6.60,5.82,$3.12,12.3,$2.60B,$0.91B,2.87,$0.00B,$3.66B,0.0,$2.63B,$1.41B,53.48%,$2.63B,$0.57B,21.80%,$2.63B,$0.57B,21.80%,$2.63B,$0.65B,24.80%,$2.63B,$0.66B,24.88%,$2.63B,$0.61B,23.28%,$0.61B,$3.66B,17.27%,$0.61B,$3.44B,18.41%,$0.61B,$4.88B,12.99%,$0.57B,$3.66B,16.17%,$760,$365,$395,$93,$130,$587,$172,$32,$205,$41,$164,$164,$164,$191,$172,$195,196,$0.84,$0.83,$1329,$382,$0,$2596,$415,$1502,$219,$18,$2284,$4880,$905,$0,$142,$315,$1220,$1797,$1866,$38,$3660,$4880,$612,$79,$6,$85,$39,$-18,$18,$-72,$-67,$630,$-55,$-1,$-6,$0,$-76,$-76,$-137,$-274,$0,$0,$0,$-60,$-60,$-352,$5,$-407,$-52,$23,$-352
20,2013-09-30,37.2,$18.22,2.04,$13.45,2.77,$6.97,5.34,$2.95,12.61,$2.45B,$0.97B,2.51,$0.00B,$3.56B,0.0,$2.64B,$1.39B,52.50%,$2.64B,$0.55B,20.89%,$2.64B,$0.55B,20.89%,$2.64B,$0.64B,24.26%,$2.64B,$0.61B,22.90%,$2.64B,$0.58B,21.88%,$0.58B,$3.56B,16.43%,$0.58B,$3.34B,17.55%,$0.58B,$4.82B,12.29%,$0.55B,$3.56B,15.69%,$644,$291,$353,$88,$113,$492,$152,$9,$161,$-27,$188,$188,$188,$172,$152,$195,196,$0.96,$0.96,$1203,$417,$0,$2445,$414,$1594,$222,$14,$2379,$4823,$974,$0,$122,$292,$1266,$1797,$1702,$72,$3558,$4823,$449,$60,$15,$76,$128,$-44,$22,$-102,$-44,$480,$-41,$-2,$-6,$0,$-138,$-138,$-173,$-359,$0,$0,$0,$-21,$-21,$-264,$0,$-284,$-162,$16,$-264
21,2013-06-30,29.46,$17.24,1.71,$13.60,2.17,$7.20,4.09,$2.71,10.87,$2.35B,$0.89B,2.64,$0.00B,$3.37B,0.0,$2.67B,$1.39B,52.17%,$2.67B,$0.56B,20.97%,$2.67B,$0.56B,20.97%,$2.67B,$0.64B,23.93%,$2.67B,$0.61B,22.73%,$2.67B,$0.53B,19.85%,$0.53B,$3.37B,15.25%,$0.53B,$3.15B,16.34%,$0.53B,$4.60B,11.39%,$0.56B,$3.37B,16.11%,$697,$313,$384,$96,$118,$527,$170,$37,$207,$34,$172,$172,$172,$189,$170,$196,196,$0.88,$0.88,$1226,$383,$0,$2346,$411,$1476,$221,$13,$2253,$4599,$890,$0,$175,$343,$1233,$1797,$1514,$65,$3366,$4599,$261,$40,$11,$51,$111,$-12,$-1,$-131,$-48,$264,$-30,$-1,$-0,$0,$-18,$-18,$-81,$-130,$0,$0,$0,$-13,$-13,$-264,$0,$-276,$-148,$11,$-264
22,2013-03-31,26.57,$18.49,1.44,$13.71,1.94,$7.67,3.46,$2.78,9.56,$2.31B,$0.61B,3.82,$0.00B,$3.62B,0.0,$2.69B,$1.43B,53.18%,$2.69B,$0.59B,22.07%,$2.69B,$0.59B,22.07%,$2.69B,$0.68B,25.27%,$2.69B,$0.61B,22.56%,$2.69B,$0.54B,20.22%,$0.54B,$3.62B,15.83%,$0.54B,$3.40B,17.01%,$0.54B,$4.57B,11.77%,$0.59B,$3.62B,17.28%,$532,$256,$276,$88,$109,$452,$80,$2,$82,$-7,$89,$89,$89,$101,$80,$196,196,$0.45,$0.45,$1239,$396,$0,$2314,$408,$1480,$223,$15,$2256,$4570,$605,$0,$173,$347,$952,$1797,$1693,$129,$3618,$4570,$89,$21,$12,$33,$152,$-14,$-18,$-169,$-62,$59,$-12,$-0,$0,$0,$12,$12,$-18,$-18,$0,$0,$0,$1,$1,$-176,$0,$-174,$-138,$5,$-176
23,2012-12-31,32.34,$18.06,1.79,$13.85,2.34,$8.03,4.03,$2.77,11.67,$2.54B,$0.91B,2.79,$0.00B,$3.53B,0.0,$2.72B,$1.44B,52.98%,$2.72B,$0.60B,22.24%,$2.72B,$0.60B,22.24%,$2.72B,$0.70B,25.59%,$2.72B,$0.63B,23.01%,$2.72B,$0.54B,19.96%,$0.54B,$3.53B,16.05%,$0.54B,$3.30B,17.31%,$0.54B,$4.82B,11.89%,$0.60B,$3.53B,17.88%,$769,$395,$374,$83,$141,$619,$150,$5,$155,$26,$129,$129,$129,$179,$150,$195,196,$0.66,$0.65,$1384,$390,$0,$2536,$410,$1488,$233,$16,$2283,$4819,$909,$0,$183,$378,$1287,$1797,$1605,$139,$3532,$4819,$542,$90,$48,$138,$11,$4,$-39,$59,$4,$685,$-38,$-7,$-8,$0,$-444,$-444,$-0,$-496,$0,$0,$0,$4,$4,$-253,$-1,$-250,$-56,$29,$-253
24,2012-09-30,32.77,$17.38,1.89,$14.60,2.24,$8.77,3.74,$2.96,11.07,$2.47B,$0.88B,2.8,$0.00B,$3.39B,0.0,$2.86B,$1.50B,52.47%,$2.86B,$0.65B,22.89%,$2.86B,$0.65B,22.89%,$2.86B,$0.75B,26.25%,$2.86B,$0.66B,22.93%,$2.86B,$0.58B,20.27%,$0.58B,$3.39B,17.50%,$0.58B,$3.14B,18.93%,$0.58B,$4.63B,12.95%,$0.65B,$3.39B,19.77%,$672,$313,$359,$82,$117,$512,$160,$3,$163,$22,$140,$140,$140,$170,$160,$195,196,$0.72,$0.72,$1370,$443,$0,$2473,$408,$1349,$253,$1,$2158,$4631,$884,$0,$173,$359,$1243,$1797,$1478,$122,$3388,$4631,$413,$61,$49,$110,$103,$-45,$-20,$-23,$-13,$510,$-27,$-5,$-4,$0,$-269,$-269,$-0,$-305,$0,$0,$0,$4,$4,$-253,$2,$-247,$-40,$26,$-253
25,2012-06-30,29.73,$16.48,1.8,$14.59,2.04,$9.24,3.22,$3.01,9.88,$2.38B,$0.90B,2.64,$0.00B,$3.21B,0.0,$2.85B,$1.48B,52.03%,$2.85B,$0.64B,22.48%,$2.85B,$0.64B,22.48%,$2.85B,$0.75B,26.26%,$2.85B,$0.67B,23.39%,$2.85B,$0.59B,20.65%,$0.59B,$3.21B,18.24%,$0.59B,$2.96B,19.79%,$0.59B,$4.46B,13.39%,$0.64B,$3.21B,19.85%,$718,$296,$422,$80,$138,$514,$204,$3,$207,$22,$186,$186,$186,$230,$204,$195,196,$0.95,$0.95,$1365,$384,$0,$2381,$408,$1280,$246,$1,$2082,$4463,$902,$0,$167,$350,$1252,$1797,$1336,$95,$3211,$4463,$273,$51,$35,$86,$117,$10,$-27,$-82,$-14,$345,$-17,$-5,$-3,$0,$-175,$-175,$-0,$-200,$0,$0,$0,$4,$4,$-166,$1,$-161,$-19,$18,$-166
26,2012-03-31,36.06,$17.35,2.08,$14.39,2.5,$9.60,3.75,$2.62,13.76,$2.35B,$0.60B,3.95,$0.00B,$3.38B,0.0,$2.81B,$1.38B,49.29%,$2.81B,$0.57B,20.26%,$2.81B,$0.57B,20.26%,$2.81B,$0.67B,23.72%,$2.81B,$0.59B,20.90%,$2.81B,$0.51B,18.23%,$0.51B,$3.38B,16.17%,$0.51B,$3.12B,17.49%,$0.51B,$4.33B,11.82%,$0.57B,$3.38B,17.97%,$557,$273,$284,$80,$114,$466,$90,$9,$100,$13,$87,$87,$87,$116,$90,$195,196,$0.45,$0.44,$1375,$407,$0,$2349,$413,$1161,$255,$1,$1976,$4325,$595,$0,$167,$351,$945,$1797,$1500,$110,$3379,$4325,$87,$25,$19,$45,$185,$-13,$-58,$-112,$-9,$122,$-6,$-3,$-3,$0,$-43,$-43,$-0,$-55,$0,$0,$0,$3,$3,$-78,$1,$-74,$-1,$10,$-78
27,2011-12-31,30.3,$16.73,1.81,$14.16,2.14,$10.04,3.02,$2.67,11.35,$2.58B,$0.86B,3.0,$0.00B,$3.26B,0.0,$2.76B,$1.34B,48.50%,$2.76B,$0.55B,20.08%,$2.76B,$0.55B,20.08%,$2.76B,$0.65B,23.45%,$2.76B,$0.58B,21.17%,$2.76B,$0.52B,18.85%,$0.52B,$3.26B,16.67%,$0.52B,$3.01B,17.94%,$0.52B,$4.47B,12.28%,$0.55B,$3.26B,17.75%,$910,$476,$434,$85,$149,$710,$200,$-15,$185,$20,$166,$166,$166,$234,$200,$194,195,$0.86,$0.85,$1398,$398,$0,$2575,$417,$1097,$247,$6,$1897,$4471,$858,$0,$163,$356,$1215,$1797,$1414,$87,$3257,$4471,$521,$95,$28,$122,$170,$-6,$-26,$21,$179,$822,$-34,$-7,$-54,$0,$-393,$-393,$1,$-488,$0,$0,$0,$0,$0,$-311,$3,$-307,$26,$40,$-311
28,2011-09-30,23.93,$15.80,1.51,$13.72,1.74,$9.73,2.46,$2.50,9.57,$2.55B,$0.91B,2.79,$0.00B,$3.07B,0.0,$2.69B,$1.28B,47.79%,$2.69B,$0.54B,20.06%,$2.69B,$0.54B,20.06%,$2.69B,$0.62B,23.07%,$2.69B,$0.56B,20.66%,$2.69B,$0.49B,18.12%,$0.49B,$3.07B,15.87%,$0.49B,$2.81B,17.02%,$0.49B,$4.34B,11.83%,$0.54B,$3.07B,17.57%,$667,$323,$344,$73,$124,$520,$147,$28,$175,$25,$150,$150,$150,$169,$147,$194,195,$0.77,$0.77,$1462,$461,$0,$2554,$423,$984,$263,$1,$1781,$4335,$914,$0,$167,$353,$1267,$1797,$1248,$75,$3068,$4335,$355,$60,$35,$95,$257,$-59,$-6,$-24,$147,$597,$-27,$-9,$-53,$0,$-236,$-236,$-0,$-324,$0,$0,$0,$5,$5,$-155,$2,$-148,$128,$27,$-155
29,2011-06-30,24.58,$15.26,1.61,$13.84,1.78,$9.68,2.54,$3.16,7.78,$2.46B,$0.92B,2.69,$0.00B,$2.96B,0.0,$2.71B,$1.28B,47.35%,$2.71B,$0.56B,20.61%,$2.71B,$0.56B,20.61%,$2.71B,$0.64B,23.53%,$2.71B,$0.59B,21.79%,$2.71B,$0.62B,22.75%,$0.62B,$2.96B,20.47%,$0.62B,$2.77B,21.85%,$0.62B,$4.20B,15.64%,$0.56B,$2.96B,18.55%,$674,$352,$322,$71,$120,$543,$132,$-5,$127,$18,$109,$109,$109,$147,$132,$194,195,$0.56,$0.56,$1481,$386,$0,$2463,$424,$1017,$189,$1,$1736,$4198,$916,$0,$160,$320,$1236,$1797,$1098,$130,$2963,$4198,$205,$38,$34,$72,$265,$21,$-13,$-109,$134,$411,$-14,$-3,$0,$0,$-257,$-257,$-0,$-274,$0,$0,$0,$4,$4,$0,$1,$5,$158,$17,$0
30,2011-03-31,24.59,$16.46,1.49,$14.03,1.75,$9.49,2.59,$3.27,7.52,$2.19B,$0.47B,4.67,$0.00B,$3.19B,0.0,$2.77B,$1.35B,48.93%,$2.77B,$0.63B,22.73%,$2.77B,$0.63B,22.73%,$2.77B,$0.72B,26.13%,$2.77B,$0.63B,22.70%,$2.77B,$0.64B,23.24%,$0.64B,$3.19B,21.90%,$0.64B,$3.00B,23.42%,$0.64B,$3.94B,17.13%,$0.63B,$3.19B,21.42%,$508,$269,$238,$70,$93,$433,$75,$22,$97,$1,$95,$95,$95,$97,$75,$194,195,$0.49,$0.49,$1252,$411,$0,$2193,$427,$1027,$189,$1,$1745,$3938,$470,$0,$149,$274,$744,$1797,$1377,$91,$3193,$3938,$95,$22,$4,$26,$327,$-11,$-18,$-196,$86,$208,$-7,$-3,$0,$0,$-265,$-265,$-0,$-275,$0,$0,$0,$3,$3,$0,$1,$4,$-50,$9,$0
31,2010-12-31,22.51,$15.69,1.43,$13.56,1.66,$9.43,2.39,$2.97,7.58,$2.50B,$0.67B,3.74,$0.00B,$3.05B,0.0,$2.69B,$1.35B,50.07%,$2.69B,$0.64B,23.68%,$2.69B,$0.64B,23.68%,$2.69B,$0.73B,27.17%,$2.69B,$0.58B,21.45%,$2.69B,$0.59B,21.75%,$0.59B,$3.05B,21.07%,$0.59B,$2.86B,22.66%,$0.59B,$3.99B,15.99%,$0.64B,$3.05B,22.94%,$838,$458,$380,$72,$123,$653,$185,$-28,$156,$24,$133,$133,$133,$207,$185,$197,198,$0.66,$0.66,$1285,$388,$0,$2499,$428,$777,$185,$1,$1490,$3989,$669,$0,$155,$270,$939,$1797,$1265,$56,$3050,$3989,$585,$95,$106,$201,$130,$-77,$-81,$-38,$-15,$771,$-32,$-4,$-12,$0,$-26,$-26,$1,$-73,$0,$0,$0,$-216,$-216,$-299,$4,$-511,$169,$40,$-299
32,2010-09-30,22.04,$14.74,1.5,$14.60,1.51,$10.90,2.02,$3.67,6.01,$2.37B,$0.57B,4.16,$0.00B,$2.85B,0.0,$2.91B,$1.45B,49.95%,$2.91B,$0.74B,25.56%,$2.91B,$0.74B,25.56%,$2.91B,$0.85B,29.10%,$2.91B,$0.71B,24.49%,$2.91B,$0.73B,25.08%,$0.73B,$2.85B,26.81%,$0.73B,$2.65B,28.95%,$0.73B,$3.66B,20.18%,$0.74B,$2.85B,27.32%,$692,$348,$344,$70,$108,$526,$167,$44,$211,$-69,$280,$280,$280,$187,$167,$194,195,$1.44,$1.43,$1258,$494,$0,$2371,$428,$639,$198,$1,$1287,$3658,$570,$0,$156,$238,$808,$1793,$1136,$33,$2850,$3658,$452,$72,$81,$153,$351,$-196,$-13,$-185,$-18,$586,$-23,$-8,$0,$0,$121,$121,$1,$91,$0,$0,$0,$-217,$-217,$-299,$2,$-514,$144,$29,$-299
33,2010-06-30,21.19,$13.42,1.58,$14.93,1.42,$12.05,1.76,$3.31,6.4,$2.16B,$0.44B,4.95,$0.00B,$2.65B,0.0,$3.00B,$1.52B,50.67%,$3.00B,$0.81B,27.13%,$3.00B,$0.81B,27.13%,$3.00B,$0.92B,30.70%,$3.00B,$0.76B,25.30%,$3.00B,$0.67B,22.17%,$0.67B,$2.65B,25.10%,$0.67B,$2.46B,27.23%,$0.67B,$3.43B,18.57%,$0.81B,$2.65B,30.72%,$729,$337,$392,$73,$116,$527,$202,$-38,$164,$30,$135,$135,$135,$232,$202,$199,200,$0.68,$0.67,$1192,$359,$0,$2160,$427,$636,$187,$1,$1272,$3431,$436,$0,$277,$343,$780,$1,$2649,$2,$2652,$3431,$172,$52,$76,$128,$364,$-64,$-52,$-158,$82,$382,$-13,$-8,$0,$0,$125,$125,$1,$105,$0,$0,$0,$-79,$-79,$-299,$2,$-376,$82,$19,$-299
34,2010-03-31,26.95,$12.83,2.1,$14.62,1.84,$12.86,2.1,$3.45,7.81,$2.21B,$0.68B,3.25,$0.00B,$2.56B,0.0,$2.94B,$1.48B,50.34%,$2.94B,$0.81B,27.59%,$2.94B,$0.81B,27.59%,$2.94B,$0.91B,30.92%,$2.94B,$0.80B,27.04%,$2.94B,$0.69B,23.54%,$0.69B,$2.56B,26.59%,$0.69B,$2.35B,29.02%,$0.69B,$3.55B,19.71%,$0.81B,$2.56B,31.17%,$431,$200,$231,$62,$85,$348,$83,$-38,$46,$8,$37,$37,$37,$105,$83,$200,201,$0.19,$0.19,$1311,$356,$0,$2209,$433,$681,$207,$1,$1342,$3552,$680,$0,$261,$317,$997,$1,$2553,$1,$2555,$3552,$37,$22,$57,$79,$436,$-50,$-95,$-204,$84,$200,$-4,$-5,$0,$0,$72,$72,$1,$64,$0,$0,$0,$-44,$-44,$0,$1,$-43,$200,$10,$0
35,2009-12-31,21.41,$14.16,1.51,$14.65,1.46,$13.31,1.61,$3.50,6.12,$2.40B,$0.69B,3.49,$0.00B,$2.84B,0.0,$2.95B,$1.45B,49.05%,$2.95B,$0.79B,26.68%,$2.95B,$0.79B,26.68%,$2.95B,$0.88B,30.01%,$2.95B,$0.81B,27.46%,$2.95B,$0.70B,23.90%,$0.70B,$2.84B,27.85%,$0.70B,$2.62B,30.52%,$0.70B,$3.83B,21.20%,$0.79B,$2.84B,31.09%,$1059,$573,$487,$72,$123,$767,$292,$0,$292,$14,$278,$278,$278,$323,$292,$200,201,$1.39,$1.38,$1111,$310,$0,$2396,$441,$746,$214,$2,$1432,$3828,$686,$0,$257,$306,$992,$1,$2817,$-13,$2836,$3828,$704,$96,$83,$180,$-132,$61,$39,$227,$211,$1094,$-49,$-8,$0,$0,$-491,$-491,$-0,$-548,$0,$0,$0,$-13,$-13,$-150,$1,$-161,$395,$44,$-150
36,2009-09-30,25.7,$12.74,2.02,$14.36,1.79,$11.63,2.21,$2.90,8.86,$2.08B,$0.71B,2.92,$0.00B,$2.56B,0.0,$2.94B,$1.39B,47.33%,$2.94B,$0.73B,24.87%,$2.94B,$0.73B,24.87%,$2.94B,$0.82B,27.97%,$2.94B,$0.72B,24.57%,$2.94B,$0.58B,19.90%,$0.58B,$2.56B,24.59%,$0.58B,$2.33B,27.16%,$0.58B,$3.52B,18.86%,$0.73B,$2.56B,30.73%,$781,$372,$410,$56,$117,$544,$237,$20,$257,$42,$215,$215,$215,$261,$237,$201,202,$1.07,$1.07,$1029,$373,$0,$2079,$444,$770,$221,$2,$1438,$3517,$712,$0,$241,$249,$961,$1,$2538,$-19,$2555,$3517,$426,$66,$24,$90,$178,$43,$23,$61,$333,$849,$-35,$-7,$0,$0,$-515,$-515,$-0,$-558,$0,$0,$0,$3,$3,$0,$0,$4,$315,$32,$0
37,2009-06-30,16.22,$12.28,1.32,$14.66,1.11,$9.53,1.7,$2.65,6.12,$1.95B,$0.43B,4.53,$0.00B,$2.46B,0.0,$3.02B,$1.37B,45.14%,$3.02B,$0.71B,23.38%,$3.02B,$0.71B,23.38%,$3.02B,$0.80B,26.52%,$3.02B,$0.68B,22.32%,$3.02B,$0.54B,17.86%,$0.54B,$2.46B,23.77%,$0.54B,$2.23B,26.37%,$0.54B,$3.14B,18.17%,$0.71B,$2.46B,31.12%,$669,$317,$352,$56,$96,$470,$199,$1,$200,$38,$162,$162,$162,$220,$199,$200,201,$0.81,$0.81,$978,$323,$0,$1945,$443,$525,$230,$2,$1200,$3144,$430,$0,$238,$253,$682,$1,$2473,$-35,$2462,$3144,$210,$42,$23,$66,$233,$89,$-23,$-14,$280,$556,$-23,$-3,$0,$0,$-273,$-273,$-0,$-300,$0,$0,$0,$2,$2,$0,$0,$2,$263,$21,$0
38,2009-03-31,14.45,$11.28,1.28,$15.56,0.93,$7.81,1.85,$3.03,4.77,$1.83B,$0.30B,6.05,$0.00B,$2.26B,0.0,$3.27B,$1.43B,43.77%,$3.27B,$0.75B,22.87%,$3.27B,$0.75B,22.87%,$3.27B,$0.83B,25.41%,$3.27B,$0.79B,24.21%,$3.27B,$0.63B,19.41%,$0.63B,$2.26B,28.39%,$0.63B,$2.04B,31.49%,$0.63B,$2.79B,21.36%,$0.75B,$2.26B,33.45%,$437,$241,$196,$55,$83,$379,$58,$2,$60,$11,$49,$49,$49,$80,$58,$200,201,$0.24,$0.24,$938,$354,$0,$1828,$441,$304,$220,$2,$966,$2794,$302,$0,$222,$234,$536,$1,$2311,$-62,$2258,$2794,$49,$22,$15,$37,$318,$59,$-78,$-89,$214,$299,$-13,$-1,$0,$0,$-52,$-52,$0,$-66,$0,$0,$0,$-2,$-2,$0,$0,$-2,$226,$11,$0
39,2008-12-31,13.06,$11.11,1.18,$16.42,0.8,$7.14,1.83,$3.46,3.77,$1.98B,$0.48B,4.14,$0.00B,$2.23B,0.0,$3.49B,$1.55B,44.48%,$3.49B,$0.86B,24.67%,$3.49B,$0.86B,24.67%,$3.49B,$0.94B,26.90%,$3.49B,$0.91B,26.13%,$3.49B,$0.73B,20.98%,$0.73B,$2.23B,32.07%,$0.73B,$2.00B,35.47%,$0.73B,$2.93B,24.10%,$0.86B,$2.23B,37.71%,$1048,$618,$431,$50,$144,$812,$236,$-32,$204,$47,$158,$158,$158,$260,$236,$209,211,$0.80,$0.80,$709,$425,$0,$1984,$445,$262,$231,$2,$950,$2934,$479,$0,$215,$229,$709,$1,$2263,$-38,$2226,$2934,$733,$78,$112,$190,$206,$83,$-236,$-23,$-61,$862,$-120,$-7,$-60,$0,$131,$131,$-0,$-56,$0,$0,$0,$-660,$-660,$-150,$2,$-808,$-11,$39,$-150
40,2008-09-30,22.14,$10.57,2.1,$16.98,1.3,$6.01,3.68,$4.07,5.44,$2.04B,$0.70B,2.92,$0.00B,$2.14B,0.0,$3.66B,$1.63B,44.55%,$3.66B,$0.94B,25.63%,$3.66B,$0.94B,25.63%,$3.66B,$1.02B,27.74%,$3.66B,$1.06B,28.86%,$3.66B,$0.88B,24.08%,$0.88B,$2.14B,38.07%,$0.88B,$1.93B,41.87%,$0.88B,$3.02B,28.18%,$0.94B,$2.14B,40.53%,$870,$485,$386,$53,$119,$656,$214,$-3,$211,$40,$171,$171,$171,$242,$214,$207,208,$0.83,$0.82,$540,$699,$0,$2037,$453,$309,$214,$1,$979,$3015,$697,$0,$167,$178,$875,$2,$2139,$-1,$2140,$3015,$575,$55,$51,$106,$302,$-196,$-176,$-100,$-168,$513,$-110,$-4,$-50,$0,$78,$78,$0,$-87,$0,$0,$0,$-617,$-617,$0,$2,$-615,$-186,$29,$0
41,2008-06-30,27.94,$10.96,2.55,$16.10,1.74,$6.01,4.65,$4.13,6.77,$2.12B,$0.67B,3.14,$0.00B,$2.31B,0.0,$3.52B,$1.59B,45.09%,$3.52B,$0.94B,26.66%,$3.52B,$0.94B,26.66%,$3.52B,$1.00B,28.39%,$3.52B,$1.07B,30.35%,$3.52B,$0.91B,25.70%,$0.91B,$2.31B,39.72%,$0.91B,$2.10B,43.49%,$0.91B,$3.13B,29.79%,$0.94B,$2.31B,41.21%,$912,$495,$417,$54,$125,$673,$239,$78,$316,$60,$256,$256,$256,$248,$239,$214,216,$1.20,$1.19,$661,$656,$0,$2118,$450,$349,$214,$2,$1014,$3132,$673,$0,$137,$149,$822,$1,$2259,$50,$2310,$3132,$404,$27,$21,$48,$308,$-141,$-214,$-99,$-171,$280,$-80,$-1,$-35,$0,$46,$46,$0,$-70,$0,$0,$0,$-311,$-311,$0,$2,$-309,$-83,$18,$0
42,2008-03-31,35.23,$11.44,3.08,$15.26,2.31,$6.50,5.42,$3.92,8.99,$1.93B,$0.47B,4.14,$0.00B,$2.47B,0.0,$3.35B,$1.55B,46.12%,$3.35B,$0.94B,28.10%,$3.35B,$0.94B,28.10%,$3.35B,$1.01B,30.04%,$3.35B,$1.00B,29.83%,$3.35B,$0.86B,25.75%,$0.86B,$2.47B,39.55%,$0.86B,$2.25B,43.11%,$0.86B,$3.08B,30.11%,$0.94B,$2.47B,43.17%,$664,$344,$320,$50,$98,$491,$173,$10,$182,$35,$148,$148,$148,$190,$173,$217,219,$0.68,$0.67,$617,$676,$0,$1931,$392,$543,$216,$2,$1152,$3083,$467,$0,$137,$149,$616,$1,$2319,$93,$2467,$3083,$148,$18,$98,$116,$459,$-170,$-160,$-140,$-71,$192,$-27,$-3,$-24,$0,$-163,$-163,$-0,$-216,$0,$0,$0,$-89,$-89,$0,$2,$-87,$-109,$9,$0
43,2007-12-31,63.27,$10.83,5.84,$14.48,4.37,$6.45,9.8,$3.89,16.27,$2.33B,$0.80B,2.91,$0.00B,$2.35B,0.0,$3.18B,$1.46B,46.04%,$3.18B,$0.91B,28.52%,$3.18B,$0.91B,28.52%,$3.18B,$0.97B,30.53%,$3.18B,$0.98B,30.79%,$3.18B,$0.86B,26.89%,$0.86B,$2.35B,42.98%,$0.86B,$2.16B,46.84%,$0.86B,$3.29B,32.89%,$0.91B,$2.35B,45.59%,$1217,$708,$509,$48,$148,$904,$313,$35,$348,$41,$307,$307,$307,$336,$313,$217,220,$1.42,$1.39,$745,$505,$0,$2333,$374,$387,$196,$2,$959,$3291,$802,$0,$127,$139,$941,$1,$2171,$46,$2351,$3291,$855,$64,$-3,$61,$-477,$-224,$175,$237,$-234,$682,$-157,$-3,$-129,$0,$113,$113,$-0,$-176,$-0,$0,$-0,$9,$9,$-163,$17,$-136,$370,$22,$-163
44,2007-09-30,77.89,$9.15,8.51,$11.73,6.64,$5.29,14.71,$3.32,23.46,$1.86B,$0.57B,3.27,$0.00B,$1.99B,0.0,$2.57B,$1.26B,48.91%,$2.57B,$0.79B,30.81%,$2.57B,$0.79B,30.81%,$2.57B,$0.84B,32.75%,$2.57B,$0.83B,32.28%,$2.57B,$0.73B,28.28%,$0.73B,$1.99B,40.65%,$0.73B,$1.82B,43.88%,$0.73B,$2.65B,32.34%,$0.79B,$1.99B,44.27%,$729,$387,$342,$41,$87,$515,$214,$8,$223,$29,$194,$194,$194,$226,$214,$217,221,$0.89,$0.88,$762,$494,$0,$1858,$359,$264,$164,$2,$788,$2646,$568,$1,$91,$92,$660,$1,$1864,$-3,$1985,$2646,$548,$42,$36,$78,$-90,$-235,$117,$130,$-69,$556,$-129,$-2,$-84,$0,$158,$158,$-0,$-58,$-0,$0,$-0,$15,$15,$-163,$16,$-132,$366,$9,$-163
45,2007-06-30,47.89,$8.89,5.39,$10.30,4.65,$4.29,11.16,$3.00,15.96,$1.69B,$0.43B,3.94,$0.00B,$1.93B,0.0,$2.25B,$1.12B,49.53%,$2.25B,$0.70B,31.07%,$2.25B,$0.70B,31.07%,$2.25B,$0.75B,33.11%,$2.25B,$0.75B,33.47%,$2.25B,$0.66B,29.16%,$0.66B,$1.93B,40.31%,$0.66B,$1.78B,42.91%,$0.66B,$2.45B,32.21%,$0.70B,$1.93B,42.94%,$742,$368,$375,$38,$95,$501,$242,$5,$247,$32,$214,$214,$214,$255,$242,$216,219,$0.99,$0.98,$815,$291,$0,$1688,$350,$258,$146,$2,$756,$2445,$428,$0,$90,$91,$520,$1,$1833,$-15,$1925,$2445,$354,$29,$15,$45,$-88,$-33,$63,$89,$23,$422,$-112,$-2,$-69,$0,$77,$77,$-0,$-106,$-0,$0,$-0,$8,$8,$0,$7,$15,$330,$7,$0
46,2007-03-31,35.06,$7.84,4.47,$8.88,3.95,$3.36,10.44,$2.58,13.59,$1.27B,$0.24B,5.22,$0.00B,$1.70B,0.0,$1.94B,$0.96B,49.25%,$1.94B,$0.59B,30.52%,$1.94B,$0.59B,30.52%,$1.94B,$0.64B,32.89%,$1.94B,$0.65B,33.61%,$1.94B,$0.57B,29.13%,$0.57B,$1.70B,38.56%,$0.57B,$1.55B,40.50%,$0.57B,$2.02B,30.69%,$0.59B,$1.70B,40.40%,$492,$254,$238,$34,$66,$354,$138,$23,$161,$21,$140,$140,$140,$154,$138,$216,219,$0.65,$0.64,$573,$283,$0,$1271,$258,$338,$149,$2,$747,$2017,$243,$0,$76,$78,$321,$1,$1619,$-16,$1696,$2017,$140,$16,$2,$18,$85,$-17,$6,$-52,$10,$169,$-12,$-2,$-69,$0,$52,$52,$-0,$-31,$-0,$0,$-0,$3,$3,$0,$2,$5,$142,$4,$0
47,2006-12-31,36.04,$7.21,5.0,$8.11,4.45,$2.83,12.73,$2.34,15.4,$1.17B,$0.34B,3.46,$0.00B,$1.56B,0.0,$1.77B,$0.88B,49.75%,$1.77B,$0.56B,31.30%,$1.77B,$0.56B,31.30%,$1.77B,$0.60B,33.78%,$1.77B,$0.60B,33.62%,$1.77B,$0.51B,28.99%,$0.51B,$1.56B,37.79%,$0.51B,$1.49B,38.98%,$0.51B,$1.90B,30.10%,$0.56B,$1.56B,40.80%,$611,$307,$304,$31,$74,$412,$199,$1,$200,$19,$180,$180,$180,$208,$199,$216,219,$0.84,$0.83,$410,$271,$0,$1169,$251,$408,$68,$2,$728,$1897,$338,$0,$0,$1,$339,$1,$1479,$-5,$1558,$1897,$514,$44,$-3,$41,$-230,$-93,$10,$-7,$-194,$362,$-93,$-3,$-36,$0,$-94,$-94,$-0,$-226,$-0,$0,$-0,$-34,$-34,$-108,$10,$-133,$3,$12,$-108
