,Date,Stock Price,Book Value per Share,Price to Book Ratio,TTM Sales per Share,Price to Sales Ratio,TTM FCF per Share,Price to FCF Ratio,TTM Net EPS,PE Ratio,Current Assets,Current Liabilities,Current Ratio,Long Term Debt,Shareholder's Equity_x,Debt to Equity Ratio,TTM Revenue_x,TTM Gross Profit,Gross Margin,TTM Revenue_y,TTM Operating Income,Operating Margin,TTM Revenue_x,TTM EBIT,EBIT Margin,TTM Revenue_y,TTM EBITDA,EBITDA Margin,TTM Revenue_x,TTM Pre-Tax Income,Pre-Tax Margin,TTM Revenue_y,TTM Net Income_x,Net Margin,TTM Net Income_y,Shareholder's Equity_y,Return on Equity,TTM Net Income_x,Tangible Equity,Return on Tangible Equity,TTM Net Income_y,Total Assets,Return on Assets,TTM Net Income,LT Investments & Debt,Return on Investment,revenue,cost-goods-sold,gross-profit,research-development-expenses,selling-general-administrative-expenses,operating-expenses,operating-income,total-non-operating-income-expense,pre-tax-income,total-provision-income-taxes,income-after-taxes,income-from-continuous-operations,net-income,ebitda,ebit,basic-shares-outstanding,shares-outstanding,eps-basic-net-earnings-per-share,eps-earnings-per-share-diluted,cash-on-hand,inventory,other-current-assets,total-current-assets,net-property-plant-equipment,long-term-investments,goodwill-intangible-assets-total,other-long-term-assets,total-long-term-assets,total-assets,total-current-liabilities,long-term-debt,other-non-current-liabilities,total-long-term-liabilities,total-liabilities,common-stock-net,retained-earnings-accumulated-deficit,comprehensive-income,total-share-holder-equity,total-liabilities-share-holders-equity,net-income-loss,total-depreciation-amortization-cash-flow,other-non-cash-items,total-non-cash-items,change-in-accounts-receivable,change-in-inventories,change-in-accounts-payable,change-in-assets-liabilities,total-change-in-assets-liabilities,cash-flow-from-operating-activities,net-change-in-property-plant-equipment,net-change-in-intangible-assets,net-acquisitions-divestitures,net-change-in-short-term-investments,net-change-in-long-term-investments,net-change-in-investments-total,investing-activities-other,cash-flow-from-investing-activities,net-long-term-debt,net-current-debt,debt-issuance-retirement-net-total,net-common-equity-issued-repurchased,net-total-equity-issued-repurchased,total-common-preferred-stock-dividends-paid,financial-activities-other,cash-flow-from-financial-activities,net-cash-flow,stock-based-compensation,common-stock-dividends-paid
0,2018-09-30,23.1,$0.00,0.0,$19.53,1.18,$1.95,11.82,$1.12,20.63,$0.97B,$0.76B,1.27,$0.00B,$4.26B,0.0,$2.77B,$0.31B,11.23%,$2.77B,$0.28B,9.96%,$2.77B,$0.28B,10.14%,$2.77B,$0.28B,10.14%,$2.77B,$0.27B,9.75%,$2.77B,$0.21B,7.40%,$0.21B,$4.26B,4.88%,$0.21B,$3.94B,5.24%,$0.21B,$5.05B,4.24%,$0.28B,$4.26B,6.56%,$743,$671,$72,$0,$11,$680,$63,$-4,$59,$14,$45,$45,$46,$64,$64,$141,141,$0.32,$0.32,$284,$49,$7,$966,$3647,$74,$327,$27,$4085,$5052,$764,$0,$0,$25,$789,$1041,$1070,$0,$4263,$5052,$0,$0,$375,$375,$0,$0,$0,$0,$0,$375,$-202,$0,$0,$0,$0,$0,$-3,$-204,$0,$0,$0,$0,$0,$-84,$0,$-84,$87,$0,$-84
1,2017-09-30,28.54,$0.00,0.0,$18.57,1.54,$0.72,39.55,$1.47,19.41,$0.86B,$0.59B,1.44,$0.00B,$4.25B,0.0,$2.64B,$0.85B,32.16%,$2.64B,$0.28B,10.68%,$2.64B,$0.29B,10.83%,$2.64B,$0.29B,10.83%,$2.64B,$0.28B,10.49%,$2.64B,$0.21B,7.92%,$0.21B,$4.25B,4.98%,$0.21B,$3.97B,5.30%,$0.21B,$4.87B,4.37%,$0.28B,$4.25B,6.71%,$713,$629,$84,$0,$9,$636,$76,$-1,$75,$18,$57,$57,$57,$78,$78,$142,142,$0.40,$0.40,$233,$55,$27,$855,$3665,$34,$281,$14,$4014,$4869,$594,$0,$0,$26,$620,$1062,$1035,$0,$4250,$4869,$0,$0,$323,$323,$0,$0,$0,$0,$0,$323,$-258,$0,$0,$0,$0,$0,$1,$-257,$0,$0,$0,$0,$0,$-53,$0,$-53,$13,$0,$-53
2,2017-03-31,28.85,$0.00,0.0,$18.14,1.59,$1.26,22.82,$1.27,22.72,$0.82B,$0.59B,1.39,$0.00B,$4.11B,0.0,$2.62B,$1.45B,55.58%,$2.62B,$0.90B,34.21%,$2.62B,$0.90B,34.29%,$2.62B,$1.12B,42.85%,$2.62B,$0.89B,34.06%,$2.62B,$0.18B,6.92%,$0.18B,$4.11B,4.31%,$0.18B,$3.84B,4.53%,$0.18B,$4.73B,3.77%,$0.90B,$4.11B,21.32%,$626,$561,$65,$0,$10,$571,$55,$-0,$55,$14,$41,$41,$41,$55,$55,$141,141,$0.29,$0.29,$277,$47,$13,$821,$3573,$33,$275,$10,$3908,$4729,$593,$0,$0,$25,$618,$1029,$997,$0,$4111,$4729,$0,$0,$136,$136,$0,$0,$0,$0,$0,$136,$-71,$0,$0,$0,$0,$0,$0,$-71,$0,$0,$0,$0,$0,$0,$0,$0,$64,$0,$0
3,2016-09-30,24.99,$0.00,0.0,$18.16,1.38,$1.72,14.57,$1.45,17.24,$0.87B,$0.48B,1.81,$0.00B,$4.19B,0.0,$2.62B,$1.49B,56.70%,$2.62B,$0.92B,35.22%,$2.62B,$0.93B,35.29%,$2.62B,$1.15B,43.84%,$2.62B,$0.92B,35.22%,$2.62B,$0.21B,7.90%,$0.21B,$4.19B,4.86%,$0.21B,$3.91B,5.07%,$0.21B,$4.70B,4.28%,$0.92B,$4.19B,21.67%,$688,$598,$90,$0,$10,$606,$82,$-2,$81,$20,$61,$61,$61,$84,$84,$143,143,$0.43,$0.43,$238,$44,$8,$874,$3476,$35,$288,$11,$3829,$4703,$482,$0,$0,$27,$509,$1063,$995,$0,$4194,$4703,$0,$0,$179,$179,$0,$0,$0,$0,$0,$179,$-207,$0,$0,$0,$0,$0,$1,$-205,$0,$0,$0,$0,$0,$-85,$0,$-85,$-111,$0,$-85
4,2016-03-31,19.95,$0.00,0.0,$17.70,1.13,$2.38,8.4,$1.26,15.83,$0.85B,$0.54B,1.57,$0.00B,$4.25B,0.0,$2.54B,$2.00B,78.86%,$2.54B,$1.45B,57.01%,$2.54B,$1.45B,57.01%,$2.54B,$1.67B,65.83%,$2.54B,$1.45B,57.05%,$2.54B,$0.18B,7.05%,$0.18B,$4.25B,4.15%,$0.18B,$4.06B,4.27%,$0.18B,$4.82B,3.64%,$1.45B,$4.25B,33.58%,$613,$3,$610,$0,$8,$545,$69,$-2,$66,$17,$50,$50,$50,$69,$69,$142,142,$0.35,$0.35,$275,$48,$1,$849,$3716,$34,$187,$10,$3967,$4816,$542,$0,$0,$28,$570,$1083,$984,$0,$4246,$4816,$0,$0,$0,$0,$0,$0,$0,$0,$0,$0,$0,$0,$0,$0,$0,$0,$0,$0,$0,$0,$0,$0,$0,$0,$0,$0,$0,$0,$0
5,2015-12-31,23.03,$0.00,0.0,$17.62,1.31,$53.05,0.43,$1.21,19.04,$0.87B,$0.67B,1.31,$0.00B,$4.24B,0.0,$2.53B,$-25.33B,-1001.78%,$2.53B,$-25.97B,-1027.37%,$2.53B,$-25.97B,-1027.37%,$2.53B,$-25.75B,-1018.51%,$2.53B,$4.31B,170.65%,$2.53B,$0.17B,6.80%,$0.17B,$4.24B,0.29%,$0.17B,$4.19B,0.30%,$0.17B,$4.93B,0.25%,$-25.97B,$4.24B,-43.25%,$689,$0,$689,$0,$0,$0,$689,$0,$689,$0,$689,$29,$29,$913,$689,$150,150,$0.20,$0.20,$359,$47,$22,$874,$0,$34,$43,$161,$253,$4931,$667,$0,$0,$27,$695,$1094,$943,$0,$4237,$4931,$224,$225,$0,$225,$0,$0,$0,$0,$-94,$349,$-198,$0,$-9,$0,$0,$-0,$-0,$-208,$0,$0,$0,$0,$0,$-55,$0,$-55,$86,$0,$0
6,2015-09-30,18.62,$0.00,0.0,$17.40,1.07,$53.13,0.35,$1.01,18.43,$0.84B,$0.53B,1.59,$0.00B,$4.36B,0.0,$2.46B,$-25.46B,-1035.88%,$2.46B,$-27.18B,-1105.74%,$2.46B,$-27.18B,-1105.74%,$2.46B,$-27.18B,-1105.74%,$2.46B,$3.08B,125.47%,$2.46B,$0.15B,5.90%,$0.15B,$4.36B,0.24%,$0.15B,$4.16B,0.25%,$0.15B,$4.91B,0.21%,$-27.18B,$4.36B,-45.23%,$631,$533,$97,$0,$14,$548,$83,$4,$87,$20,$66,$67,$67,$83,$83,$142,142,$0.47,$0.47,$343,$58,$21,$841,$0,$36,$198,$14,$256,$4913,$529,$0,$0,$26,$554,$1133,$964,$0,$4359,$4913,$0,$0,$0,$0,$0,$0,$0,$0,$0,$290,$-162,$0,$-10,$0,$0,$-2,$-0,$-174,$0,$0,$0,$0,$0,$-57,$0,$-57,$60,$0,$0
7,2015-06-30,25.47,$0.00,0.0,$17.36,1.47,$54.30,0.47,$0.91,27.99,$0.82B,$0.59B,1.4,$0.00B,$4.41B,0.0,$2.46B,$-25.43B,-1035.38%,$2.46B,$-27.19B,-1106.96%,$2.46B,$-27.19B,-1106.96%,$2.46B,$-27.19B,-1106.96%,$2.46B,$3.07B,124.88%,$2.46B,$0.13B,5.29%,$0.13B,$4.41B,0.22%,$0.13B,$4.36B,0.22%,$0.13B,$5.02B,0.19%,$-27.19B,$4.41B,-45.25%,$607,$0,$607,$0,$0,$0,$607,$0,$607,$0,$607,$33,$33,$607,$607,$140,140,$0.24,$0.24,$345,$61,$30,$819,$0,$36,$46,$169,$264,$5020,$586,$0,$0,$26,$612,$1163,$922,$0,$4408,$5020,$219,$0,$0,$0,$0,$0,$0,$0,$0,$183,$-118,$0,$-8,$0,$0,$0,$-3,$-128,$0,$0,$0,$0,$0,$-0,$0,$-0,$54,$0,$0
8,2015-03-31,21.28,$0.00,0.0,$17.63,1.21,$53.84,0.4,$0.96,22.16,$40.41B,$27.10B,1.49,$0.00B,$227.21B,0.0,$2.44B,$-25.44B,-1041.42%,$2.44B,$-27.20B,-1113.39%,$2.44B,$-27.20B,-1113.39%,$2.44B,$-27.20B,-1113.39%,$2.44B,$3.05B,125.01%,$2.44B,$0.14B,5.53%,$0.14B,$227.21B,0.22%,$0.14B,$219.23B,0.23%,$0.14B,$255.05B,0.20%,$-27.20B,$227.21B,-45.29%,$601,$27319,$-26718,$0,$633,$27952,$-27351,$-19,$2931,$728,$2203,$43,$43,$-27351,$-27351,$142,142,$0.30,$0.30,$16891,$3299,$255,$40408,$0,$1965,$7982,$344,$10859,$255052,$27102,$0,$0,$740,$27843,$59502,$48427,$0,$227209,$255052,$27055,$0,$0,$0,$0,$0,$0,$0,$27255,$7183,$0,$0,$0,$0,$0,$-5152,$0,$-5152,$0,$0,$0,$0,$0,$0,$-0,$-0,$2031,$0,$0
9,2014-12-31,22.21,$0.00,0.0,$17.48,1.27,$3.47,6.4,$0.77,28.84,$0.76B,$0.60B,1.28,$0.00B,$4.36B,0.0,$2.41B,$1.35B,55.87%,$2.41B,$0.17B,7.09%,$2.41B,$0.17B,7.09%,$2.41B,$0.17B,7.09%,$2.41B,$0.14B,5.97%,$2.41B,$0.11B,4.48%,$0.11B,$4.36B,2.49%,$0.11B,$4.32B,2.54%,$0.11B,$4.97B,2.03%,$0.17B,$4.36B,3.93%,$619,$66,$552,$0,$834,$1136,$-518,$-17,$-541,$13,$-554,$2,$2,$-518,$-518,$142,142,$-0.01,$-0.01,$288,$65,$31,$761,$0,$33,$46,$119,$209,$4971,$596,$0,$0,$14,$611,$1153,$896,$0,$4361,$4971,$394,$0,$0,$0,$0,$0,$0,$0,$0,$317,$-163,$0,$0,$0,$0,$713,$-1,$549,$0,$0,$-570,$0,$0,$-92,$-0,$-662,$204,$0,$0
10,2014-09-30,18.09,$0.00,0.0,$17.73,1.02,$3.02,5.99,$1.09,16.6,$1.30B,$1.08B,1.2,$0.00B,$4.35B,0.0,$2.47B,$1.47B,59.60%,$2.47B,$1.37B,55.31%,$2.47B,$1.37B,55.31%,$2.47B,$1.60B,64.67%,$2.47B,$1.36B,55.15%,$2.47B,$0.15B,6.24%,$0.15B,$4.35B,3.55%,$0.15B,$4.20B,3.64%,$0.15B,$5.44B,2.85%,$1.37B,$4.35B,31.50%,$629,$499,$130,$0,$54,$553,$75,$-6,$70,$17,$52,$52,$52,$75,$75,$143,143,$0.37,$0.37,$861,$66,$10,$1297,$0,$32,$151,$15,$210,$5441,$1078,$0,$0,$15,$1092,$1150,$902,$0,$4349,$5441,$1468,$0,$0,$0,$0,$0,$0,$0,$1483,$296,$0,$0,$0,$0,$0,$479,$-154,$325,$0,$92,$0,$0,$0,$92,$-276,$-92,$529,$0,$0
11,2014-06-30,17.14,$0.00,0.0,$17.94,0.96,$1.86,9.23,$1.10,15.58,$1.27B,$1.13B,1.13,$0.00B,$4.29B,0.0,$2.49B,$1.48B,59.56%,$2.49B,$1.37B,54.86%,$2.49B,$1.37B,54.86%,$2.49B,$1.60B,64.14%,$2.49B,$1.36B,54.70%,$2.49B,$0.16B,6.27%,$0.16B,$4.29B,3.61%,$0.16B,$4.25B,3.69%,$0.16B,$5.44B,2.90%,$1.37B,$4.29B,30.63%,$594,$0,$594,$0,$0,$0,$594,$0,$594,$0,$594,$38,$38,$594,$594,$129,129,$0.29,$0.29,$180,$63,$677,$1270,$0,$32,$46,$118,$208,$5439,$1127,$0,$3,$18,$1145,$1150,$850,$0,$4294,$5439,$0,$0,$0,$0,$0,$0,$0,$0,$0,$0,$0,$0,$0,$0,$0,$0,$0,$0,$0,$0,$0,$0,$0,$0,$0,$0,$0,$0,$0
12,2014-03-31,18.81,$0.00,0.0,$17.69,1.06,$1.86,10.13,$1.23,15.3,$1.16B,$0.99B,1.17,$0.00B,$4.38B,0.0,$2.54B,$1.53B,60.28%,$2.54B,$1.41B,55.66%,$2.54B,$1.41B,55.66%,$2.54B,$1.64B,64.77%,$2.54B,$1.41B,55.50%,$2.54B,$0.18B,7.10%,$0.18B,$4.38B,4.19%,$0.18B,$4.23B,4.28%,$0.18B,$5.38B,3.38%,$1.41B,$4.38B,30.82%,$569,$497,$71,$0,$52,$549,$20,$-4,$21,$5,$16,$16,$16,$20,$20,$139,139,$0.11,$0.11,$836,$62,$37,$1157,$0,$32,$153,$12,$211,$5380,$985,$0,$15,$15,$1000,$1158,$911,$0,$4380,$5380,$0,$0,$0,$0,$0,$0,$0,$0,$0,$110,$-68,$0,$-13,$0,$0,$83,$0,$2,$0,$0,$0,$0,$0,$-0,$-0,$-0,$112,$0,$0
13,2013-12-31,20.54,$0.00,0.0,$17.78,1.16,$1.78,11.56,$1.42,14.46,$1.15B,$1.04B,1.1,$0.00B,$4.31B,0.0,$2.56B,$1.58B,61.87%,$2.56B,$1.45B,56.75%,$2.56B,$1.45B,56.75%,$2.56B,$1.68B,65.78%,$2.56B,$1.44B,56.43%,$2.56B,$0.21B,8.10%,$0.21B,$4.31B,4.87%,$0.21B,$4.27B,4.98%,$0.21B,$5.37B,3.91%,$1.45B,$4.31B,31.09%,$676,$0,$676,$0,$0,$0,$676,$0,$676,$0,$676,$48,$48,$907,$676,$147,147,$0.32,$0.32,$791,$63,$39,$1145,$0,$32,$45,$118,$210,$5367,$1040,$0,$1,$16,$1056,$1144,$884,$0,$4311,$5367,$275,$231,$0,$231,$0,$0,$0,$0,$-144,$304,$-210,$0,$-15,$0,$0,$-50,$21,$-254,$0,$0,$-0,$0,$0,$-92,$-1,$-93,$-42,$0,$0
14,2013-09-30,23.56,$0.00,0.0,$17.63,1.34,$2.35,10.05,$1.40,16.83,$1.15B,$0.43B,2.67,$0.57B,$4.29B,0.13,$2.51B,$1.54B,61.22%,$2.51B,$1.41B,56.01%,$2.51B,$1.41B,56.01%,$2.51B,$1.63B,64.88%,$2.51B,$1.40B,55.69%,$2.51B,$0.20B,7.84%,$0.20B,$4.29B,4.69%,$0.20B,$4.16B,4.79%,$0.20B,$5.30B,3.75%,$1.41B,$4.85B,29.58%,$651,$510,$142,$0,$66,$576,$76,$-4,$71,$18,$54,$54,$54,$76,$76,$141,141,$0.38,$0.38,$838,$65,$25,$1148,$0,$31,$130,$20,$196,$5297,$429,$567,$15,$581,$1011,$1150,$862,$0,$4286,$5297,$0,$0,$0,$0,$0,$0,$0,$0,$0,$278,$-150,$0,$0,$0,$0,$1,$-4,$-153,$0,$0,$0,$0,$0,$-92,$-0,$-92,$33,$0,$0
15,2013-06-30,17.85,$0.00,0.0,$17.67,1.01,$10.21,1.75,$1.47,12.15,$1.12B,$0.49B,2.31,$0.56B,$4.20B,0.13,$2.52B,$1.57B,62.17%,$2.52B,$1.43B,56.85%,$2.52B,$1.43B,56.85%,$2.52B,$1.66B,65.70%,$2.52B,$1.41B,56.13%,$2.52B,$0.21B,8.22%,$0.21B,$4.20B,4.99%,$0.21B,$4.16B,5.10%,$0.21B,$5.28B,3.97%,$1.43B,$4.77B,30.45%,$639,$0,$639,$0,$0,$0,$639,$0,$639,$0,$639,$62,$62,$639,$639,$146,146,$0.42,$0.42,$150,$67,$711,$1122,$0,$31,$45,$104,$196,$5278,$487,$562,$10,$588,$1075,$1142,$802,$0,$4204,$5278,$0,$0,$0,$0,$0,$0,$0,$0,$0,$0,$0,$0,$0,$0,$0,$0,$0,$0,$0,$0,$0,$0,$0,$0,$0,$0,$0,$0,$0
16,2013-03-31,20.9,$0.00,0.0,$17.53,1.19,$10.21,2.05,$1.50,13.93,$1.07B,$0.47B,2.26,$0.56B,$4.18B,0.13,$2.44B,$1.49B,60.93%,$2.44B,$1.35B,55.43%,$2.44B,$1.35B,55.43%,$2.44B,$1.58B,64.58%,$2.44B,$1.33B,54.69%,$2.44B,$0.20B,8.36%,$0.20B,$4.18B,4.97%,$0.20B,$4.06B,5.08%,$0.20B,$5.23B,3.94%,$1.35B,$4.74B,29.05%,$591,$466,$125,$0,$65,$531,$60,$-3,$57,$15,$43,$43,$43,$60,$60,$141,141,$0.30,$0.30,$810,$70,$3,$1067,$0,$30,$129,$21,$197,$5227,$473,$556,$15,$570,$1043,$1128,$823,$0,$4184,$5227,$0,$0,$0,$0,$0,$0,$0,$0,$0,$103,$-71,$0,$0,$0,$0,$0,$22,$-49,$0,$0,$0,$0,$0,$0,$-0,$-0,$54,$0,$0
17,2012-12-31,17.07,$0.00,0.0,$17.26,0.99,$10.21,1.67,$1.54,11.09,$1.02B,$0.50B,2.02,$0.55B,$4.13B,0.13,$2.40B,$1.48B,61.68%,$2.40B,$1.36B,56.59%,$2.40B,$1.36B,56.59%,$2.40B,$1.58B,65.89%,$2.40B,$1.34B,55.92%,$2.40B,$0.21B,8.72%,$0.21B,$4.13B,5.13%,$0.21B,$4.08B,5.24%,$0.21B,$5.22B,4.05%,$1.36B,$4.68B,29.33%,$633,$0,$633,$0,$0,$0,$633,$0,$633,$0,$633,$38,$38,$856,$633,$142,142,$0.30,$0.30,$770,$69,$23,$1021,$0,$30,$45,$95,$187,$5216,$504,$553,$18,$586,$1090,$1124,$777,$0,$4126,$5216,$279,$223,$0,$223,$0,$0,$0,$0,$-76,$456,$-285,$0,$0,$0,$0,$0,$-58,$-343,$0,$0,$0,$0,$0,$-112,$-0,$-112,$-110,$0,$0
18,2012-09-30,13.67,$0.00,0.0,$16.68,0.82,$11.97,1.14,$1.56,8.76,$1.12B,$0.51B,2.18,$0.55B,$4.08B,0.14,$2.37B,$1.45B,61.26%,$2.37B,$1.33B,56.11%,$2.37B,$1.33B,56.11%,$2.37B,$1.55B,65.22%,$2.37B,$1.32B,55.44%,$2.37B,$0.22B,9.32%,$0.22B,$4.08B,5.49%,$0.22B,$3.95B,5.61%,$0.22B,$5.15B,4.33%,$1.33B,$4.63B,29.09%,$656,$488,$169,$0,$68,$556,$100,$-16,$85,$21,$63,$64,$64,$100,$100,$141,141,$0.45,$0.45,$864,$54,$50,$1116,$0,$29,$130,$16,$191,$5153,$512,$551,$15,$566,$1078,$1121,$758,$0,$4075,$5153,$0,$0,$0,$0,$0,$0,$0,$0,$0,$1366,$-128,$0,$0,$0,$0,$21,$-22,$-129,$0,$0,$0,$0,$0,$0,$-112,$-112,$49,$0,$0
19,2012-06-30,12.99,$0.00,0.0,$15.44,0.84,$5.46,2.38,$1.61,8.07,$1.09B,$0.52B,2.08,$0.55B,$4.02B,0.14,$2.33B,$1.46B,62.83%,$2.33B,$1.36B,58.24%,$2.33B,$1.36B,58.24%,$2.33B,$1.57B,67.51%,$2.33B,$1.35B,57.85%,$2.33B,$0.25B,10.60%,$0.25B,$4.02B,6.20%,$0.25B,$3.97B,6.34%,$0.25B,$5.13B,4.89%,$1.36B,$4.57B,29.94%,$559,$0,$559,$0,$0,$0,$559,$0,$559,$0,$559,$59,$59,$559,$559,$132,132,$0.45,$0.45,$858,$55,$115,$1087,$0,$30,$45,$94,$184,$5128,$522,$552,$20,$587,$1109,$1123,$695,$0,$4019,$5128,$0,$0,$0,$0,$0,$0,$0,$0,$0,$0,$0,$0,$0,$0,$0,$0,$0,$0,$0,$0,$0,$0,$0,$0,$0,$0,$0,$0,$0
20,2012-03-31,15.89,$0.00,0.0,$11.21,1.42,$5.46,2.91,$1.16,13.7,$1.03B,$0.48B,2.17,$0.55B,$4.08B,0.14,$1.77B,$0.91B,51.10%,$1.77B,$0.80B,45.06%,$1.77B,$0.80B,45.06%,$1.77B,$1.01B,57.26%,$1.77B,$0.79B,44.55%,$1.77B,$0.19B,10.62%,$0.19B,$4.08B,4.79%,$0.19B,$3.95B,4.90%,$0.19B,$5.12B,3.78%,$0.80B,$4.63B,17.86%,$550,$432,$118,$0,$53,$485,$65,$-1,$64,$16,$48,$48,$48,$65,$65,$141,141,$0.34,$0.34,$836,$52,$35,$1032,$0,$29,$132,$9,$186,$5123,$476,$553,$15,$568,$1044,$1125,$749,$0,$4079,$5123,$0,$0,$0,$0,$0,$0,$0,$0,$0,$86,$-55,$0,$0,$0,$0,$3,$0,$-52,$0,$0,$0,$0,$0,$0,$-0,$-0,$34,$0,$0
21,2011-12-31,14.57,$0.00,0.0,$10.97,1.33,$5.79,2.51,$1.27,11.47,$0.95B,$0.48B,2.0,$0.54B,$3.94B,0.14,$1.74B,$0.92B,53.04%,$1.74B,$0.82B,47.30%,$1.74B,$0.82B,47.30%,$1.74B,$1.04B,59.70%,$1.74B,$0.81B,46.44%,$1.74B,$0.20B,11.71%,$0.20B,$3.94B,5.31%,$0.20B,$3.89B,5.43%,$0.20B,$4.99B,4.19%,$0.82B,$4.47B,18.82%,$607,$0,$607,$0,$0,$0,$607,$0,$607,$0,$607,$50,$50,$823,$607,$156,156,$0.32,$0.32,$783,$51,$98,$952,$0,$28,$44,$5,$94,$4992,$477,$539,$26,$580,$1057,$1098,$685,$0,$3935,$4992,$369,$216,$0,$216,$0,$0,$0,$0,$-16,$610,$-146,$0,$0,$0,$0,$-477,$6,$-617,$0,$0,$-0,$0,$0,$-99,$-0,$-99,$-200,$0,$0
22,2011-09-30,12.23,$0.00,0.0,$11.06,1.11,$5.19,2.36,$1.22,10.02,$0.96B,$0.50B,1.93,$0.54B,$3.91B,0.14,$1.68B,$0.87B,51.43%,$1.68B,$0.77B,45.49%,$1.68B,$0.77B,45.49%,$1.68B,$0.97B,57.48%,$1.68B,$0.75B,44.60%,$1.68B,$0.19B,11.34%,$0.19B,$3.91B,5.09%,$0.19B,$3.78B,5.21%,$0.19B,$4.97B,4.02%,$0.77B,$4.45B,17.89%,$614,$434,$180,$0,$54,$488,$126,$-7,$118,$29,$90,$90,$90,$126,$126,$180,180,$0.50,$0.50,$819,$48,$17,$961,$0,$28,$130,$9,$183,$4968,$499,$542,$15,$557,$1056,$1105,$2798,$0,$3912,$4968,$0,$0,$0,$0,$0,$0,$0,$0,$0,$497,$-89,$0,$0,$0,$0,$-402,$1,$-490,$0,$0,$0,$0,$0,$-99,$-0,$-99,$-93,$0,$0
23,2011-06-30,17.34,$0.00,0.0,$11.40,1.52,$5.05,3.43,$1.37,12.66,$0.79B,$0.44B,1.8,$0.54B,$3.77B,0.14,$1.61B,$0.85B,53.15%,$1.61B,$0.76B,47.35%,$1.61B,$0.76B,47.35%,$1.61B,$0.96B,59.94%,$1.61B,$0.74B,45.98%,$1.61B,$0.19B,12.09%,$0.19B,$3.77B,5.30%,$0.19B,$3.73B,5.43%,$0.19B,$4.79B,4.20%,$0.76B,$4.31B,18.18%,$0,$0,$0,$0,$0,$0,$0,$0,$0,$0,$0,$0,$0,$0,$0,$0,0,$0.00,$0.00,$673,$40,$23,$790,$0,$27,$43,$5,$93,$4787,$438,$535,$26,$576,$1014,$1091,$893,$0,$3773,$4787,$0,$0,$0,$0,$0,$0,$0,$0,$0,$0,$0,$0,$0,$0,$0,$0,$0,$0,$0,$0,$0,$0,$0,$0,$0,$0,$0,$0,$0
24,2011-03-31,15.0,$0.00,0.0,$14.79,1.01,$5.05,2.97,$1.72,8.72,$0.74B,$0.42B,1.77,$0.53B,$3.75B,0.14,$2.09B,$1.34B,63.98%,$2.09B,$1.24B,59.53%,$2.09B,$1.24B,59.53%,$2.09B,$1.45B,69.20%,$2.09B,$1.22B,58.48%,$2.09B,$0.24B,11.69%,$0.24B,$3.75B,6.83%,$0.24B,$3.62B,7.00%,$0.24B,$4.71B,5.40%,$1.24B,$4.27B,30.40%,$521,$384,$137,$0,$45,$430,$91,$-5,$84,$20,$64,$64,$64,$91,$91,$142,142,$0.45,$0.45,$576,$38,$15,$738,$0,$27,$128,$10,$182,$4706,$418,$528,$14,$542,$960,$1077,$2661,$0,$3745,$4706,$0,$0,$0,$0,$0,$0,$0,$0,$0,$114,$-34,$0,$0,$0,$0,$0,$91,$57,$0,$0,$0,$0,$0,$0,$0,$0,$170,$0,$0
25,2010-12-31,15.6,$0.00,0.0,$14.26,1.09,$5.53,2.82,$1.56,10.0,$0.62B,$0.39B,1.6,$0.51B,$3.58B,0.14,$2.01B,$1.29B,64.06%,$2.01B,$1.21B,60.18%,$2.01B,$1.21B,60.18%,$2.01B,$1.41B,70.23%,$2.01B,$1.19B,59.23%,$2.01B,$0.22B,11.00%,$0.22B,$3.58B,6.32%,$0.22B,$3.54B,6.48%,$0.22B,$4.53B,4.97%,$1.21B,$4.10B,30.16%,$549,$0,$549,$0,$0,$0,$549,$0,$549,$0,$549,$37,$37,$751,$549,$138,138,$0.27,$0.27,$483,$38,$12,$620,$0,$26,$42,$8,$93,$4526,$387,$514,$29,$557,$944,$1048,$508,$0,$3583,$4526,$285,$202,$0,$202,$0,$0,$0,$0,$32,$493,$-167,$0,$0,$0,$0,$0,$-9,$-176,$0,$0,$0,$0,$0,$-84,$-5,$-89,$228,$0,$0
26,2010-09-30,14.82,$0.00,0.0,$13.74,1.08,$4.21,3.52,$1.66,8.93,$0.58B,$0.39B,1.49,$0.51B,$3.53B,0.15,$1.95B,$1.23B,63.03%,$1.95B,$1.15B,59.04%,$1.95B,$1.15B,59.04%,$1.95B,$1.15B,59.04%,$1.95B,$1.13B,58.06%,$1.95B,$0.24B,12.08%,$0.24B,$3.53B,6.88%,$0.24B,$3.40B,7.06%,$0.24B,$4.45B,5.40%,$1.15B,$4.04B,29.28%,$535,$368,$167,$0,$47,$415,$120,$-8,$105,$24,$81,$93,$93,$120,$120,$143,143,$0.65,$0.65,$468,$39,$18,$580,$0,$26,$126,$19,$184,$4453,$390,$513,$14,$536,$925,$1048,$484,$0,$3528,$4453,$0,$0,$0,$0,$0,$0,$0,$0,$0,$381,$-77,$0,$0,$0,$0,$0,$-209,$-286,$0,$0,$0,$0,$0,$79,$1,$80,$15,$0,$0
27,2010-06-30,13.76,$0.00,0.0,$9.99,1.38,$2.07,6.63,$1.01,13.62,$0.54B,$0.44B,1.22,$0.51B,$3.43B,0.15,$1.88B,$1.19B,63.34%,$1.88B,$1.12B,59.40%,$1.88B,$1.12B,59.40%,$1.88B,$1.12B,59.40%,$1.88B,$1.11B,58.77%,$1.88B,$0.20B,10.84%,$0.20B,$3.43B,6.02%,$0.20B,$3.39B,6.18%,$0.20B,$4.41B,4.70%,$1.12B,$3.94B,28.71%,$483,$0,$483,$0,$0,$0,$483,$0,$483,$0,$483,$50,$50,$483,$483,$142,142,$0.35,$0.35,$421,$34,$22,$539,$0,$26,$41,$19,$100,$4405,$441,$510,$21,$531,$972,$1041,$684,$0,$3434,$4405,$0,$0,$0,$0,$0,$0,$0,$0,$0,$0,$0,$0,$0,$0,$0,$0,$0,$0,$0,$0,$0,$0,$0,$0,$0,$0,$0,$0,$0
28,2010-03-31,15.46,$0.00,0.0,$6.59,2.35,$2.07,7.45,$0.66,23.42,$0.51B,$0.44B,1.14,$0.51B,$3.44B,0.15,$1.40B,$0.71B,50.68%,$1.40B,$0.64B,45.39%,$1.40B,$0.64B,45.39%,$1.40B,$0.64B,45.39%,$1.40B,$0.62B,44.53%,$1.40B,$0.15B,11.01%,$0.15B,$3.44B,4.62%,$0.15B,$3.32B,4.74%,$0.15B,$4.42B,3.60%,$0.64B,$3.95B,16.56%,$442,$354,$88,$0,$31,$385,$57,$-5,$53,$12,$41,$41,$41,$57,$57,$141,141,$0.29,$0.29,$386,$32,$3,$505,$0,$26,$126,$20,$186,$4416,$443,$509,$14,$531,$975,$1039,$423,$0,$3442,$4416,$0,$0,$0,$0,$0,$0,$0,$0,$0,$183,$-37,$0,$0,$0,$0,$0,$-110,$-147,$0,$0,$0,$0,$0,$0,$0,$0,$37,$0,$0
29,2009-12-31,15.65,$0.00,0.0,$3.46,4.53,$1.04,15.12,$0.37,42.3,$0.35B,$0.35B,1.01,$0.51B,$3.31B,0.15,$1.38B,$0.72B,52.07%,$1.38B,$0.64B,46.19%,$1.38B,$0.64B,46.19%,$1.38B,$0.64B,46.19%,$1.38B,$0.62B,45.03%,$1.38B,$0.15B,11.09%,$0.15B,$3.31B,4.63%,$0.15B,$3.27B,4.75%,$0.15B,$4.20B,3.60%,$0.64B,$3.82B,16.74%,$493,$0,$493,$0,$0,$0,$493,$0,$493,$0,$493,$52,$52,$493,$493,$143,143,$0.37,$0.37,$239,$34,$11,$354,$0,$25,$41,$91,$216,$4202,$350,$508,$26,$542,$892,$1038,$480,$0,$3310,$4202,$0,$0,$0,$0,$0,$0,$0,$0,$0,$384,$-236,$0,$0,$0,$0,$-75,$4,$-307,$0,$0,$-59,$0,$0,$-83,$0,$-142,$-65,$0,$0
30,2009-09-30,15.47,$0.00,0.0,0,0.0,0,0.0,0,0.0,$0.44B,$0.47B,0.95,$0.50B,$3.36B,0.15,$1.80B,$0.64B,35.61%,$1.80B,$0.33B,18.36%,$1.80B,$0.33B,18.36%,$1.80B,$0.33B,18.36%,$1.80B,$0.24B,13.26%,$1.80B,$0.19B,10.65%,$0.19B,$3.36B,5.86%,$0.19B,$3.24B,6.02%,$0.19B,$4.34B,4.53%,$0.33B,$3.86B,8.77%,$464,$337,$128,$0,$43,$380,$85,$-8,$77,$15,$61,$61,$61,$85,$85,$0,0,$0.00,$0.00,$320,$33,$3,$441,$0,$25,$127,$28,$194,$4340,$465,$497,$14,$511,$976,$1041,$2315,$0,$3364,$4340,$0,$0,$0,$0,$0,$0,$0,$0,$0,$307,$-146,$0,$0,$0,$0,$0,$-1,$-146,$0,$-1,$0,$0,$0,$-71,$0,$-72,$89,$0,$0
31,2009-06-30,18.14,$0.00,0.0,0,0.0,0,0.0,0,0.0,$0.39B,$0.42B,0.91,$0.50B,$3.21B,0.16,$1.79B,$0.63B,35.42%,$1.79B,$0.32B,18.02%,$1.79B,$0.32B,18.02%,$1.79B,$0.32B,18.02%,$1.79B,$0.23B,12.93%,$1.79B,$0.19B,10.52%,$0.19B,$3.21B,5.79%,$0.19B,$3.17B,5.94%,$0.19B,$4.17B,4.51%,$0.32B,$3.71B,8.61%,$0,$0,$0,$0,$0,$0,$0,$0,$0,$0,$0,$0,$0,$0,$0,$0,0,$0.00,$0.00,$296,$26,$53,$388,$0,$25,$41,$110,$238,$4170,$424,$498,$33,$540,$964,$1041,$2165,$0,$3206,$4170,$0,$0,$0,$0,$0,$0,$0,$0,$0,$0,$0,$0,$0,$0,$0,$0,$0,$0,$0,$0,$0,$0,$0,$0,$0,$0,$0,$0,$0
32,2009-03-31,12.18,$0.00,0.0,0,0.0,0,0.0,0,0.0,$0.37B,$0.44B,0.85,$0.50B,$3.34B,0.15,$1.79B,$0.63B,35.42%,$1.79B,$0.32B,18.02%,$1.79B,$0.32B,18.02%,$1.79B,$0.32B,18.02%,$1.79B,$0.23B,12.93%,$1.79B,$0.19B,10.52%,$0.19B,$3.34B,5.85%,$0.19B,$3.21B,6.01%,$0.19B,$4.29B,4.58%,$0.32B,$3.84B,8.72%,$422,$325,$97,$0,$38,$363,$59,$-8,$51,$11,$40,$40,$40,$59,$59,$0,0,$0.00,$0.00,$231,$26,$15,$371,$0,$25,$128,$31,$199,$4289,$436,$498,$15,$513,$949,$1041,$2290,$0,$3340,$4289,$0,$0,$0,$0,$0,$0,$0,$0,$0,$63,$-72,$0,$0,$0,$0,$0,$0,$-72,$0,$0,$0,$0,$0,$-9,$19,$10,$0,$0,$0
33,2008-12-31,14.18,$0.00,0.0,0,0.0,0,0.0,0,0.0,$0.31B,$0.40B,0.78,$0.50B,$3.19B,0.16,$1.71B,$0.61B,35.41%,$1.71B,$0.31B,17.91%,$1.71B,$0.31B,17.91%,$1.71B,$0.31B,17.91%,$1.71B,$0.22B,12.78%,$1.71B,$0.18B,10.50%,$0.18B,$3.19B,5.78%,$0.18B,$3.15B,5.94%,$0.18B,$4.14B,4.51%,$0.31B,$3.69B,8.60%,$917,$500,$417,$0,$56,$729,$187,$-76,$111,$21,$91,$91,$91,$187,$187,$0,0,$0.00,$0.00,$230,$30,$46,$314,$0,$7,$41,$134,$245,$4138,$404,$497,$35,$540,$944,$1039,$2155,$0,$3194,$4138,$0,$0,$0,$0,$0,$0,$0,$0,$0,$241,$-431,$0,$0,$0,$0,$0,$3,$-428,$0,$154,$0,$0,$0,$-83,$0,$71,$-116,$0,$0
34,2008-09-30,18.21,$0.00,0.0,0,0.0,0,0.0,0,0.0,$0.27B,$0.35B,0.78,$0.47B,$3.26B,0.14,$0.80B,$0.19B,23.84%,$0.80B,$0.12B,15.06%,$0.80B,$0.12B,15.06%,$0.80B,$0.12B,15.06%,$0.80B,$0.11B,13.55%,$0.80B,$0.09B,11.17%,$0.09B,$3.26B,2.95%,$0.09B,$3.13B,3.04%,$0.09B,$4.09B,2.32%,$0.12B,$3.72B,3.49%,$448,$329,$119,$0,$43,$372,$76,$-7,$69,$12,$57,$57,$57,$76,$76,$0,0,$0.00,$0.00,$114,$23,$35,$274,$0,$25,$129,$11,$181,$4091,$353,$467,$13,$483,$836,$1034,$2213,$0,$3255,$4091,$0,$0,$0,$0,$0,$0,$0,$0,$0,$295,$-377,$0,$0,$0,$0,$1,$0,$-377,$0,$51,$0,$0,$0,$-103,$-96,$-148,$-229,$0,$0
35,2008-06-30,16.87,$0.00,0.0,0,0.0,0,0.0,0,0.0,$0.30B,$0.35B,0.85,$0.46B,$3.06B,0.15,$0.35B,$0.07B,20.34%,$0.35B,$0.04B,12.61%,$0.35B,$0.04B,12.61%,$0.35B,$0.04B,12.61%,$0.35B,$0.04B,11.17%,$0.35B,$0.03B,9.17%,$0.03B,$3.06B,1.10%,$0.03B,$3.02B,1.13%,$0.03B,$3.91B,0.86%,$0.04B,$3.52B,1.33%,$0,$0,$0,$0,$0,$0,$0,$0,$0,$0,$0,$0,$0,$0,$0,$0,0,$0.00,$0.00,$205,$21,$51,$295,$0,$24,$41,$6,$141,$3914,$347,$461,$37,$509,$856,$1020,$2038,$0,$3058,$3914,$0,$0,$0,$0,$0,$0,$0,$0,$0,$0,$0,$0,$0,$0,$0,$0,$0,$0,$0,$0,$0,$0,$0,$0,$0,$0,$0,$0,$0
36,2008-03-31,19.37,$0.00,0.0,0,0.0,0,0.0,0,0.0,$0.43B,$0.44B,0.97,$0.40B,$2.95B,0.14,$0.35B,$0.07B,20.34%,$0.35B,$0.04B,12.61%,$0.35B,$0.04B,12.61%,$0.35B,$0.04B,12.61%,$0.35B,$0.04B,11.17%,$0.35B,$0.03B,9.17%,$0.03B,$2.95B,1.14%,$0.03B,$2.83B,1.17%,$0.03B,$3.81B,0.89%,$0.04B,$3.36B,1.38%,$349,$277,$71,$0,$27,$305,$44,$-5,$39,$8,$32,$32,$32,$44,$44,$0,0,$0.00,$0.00,$202,$21,$62,$426,$0,$23,$119,$11,$170,$3811,$441,$402,$12,$417,$858,$949,$1996,$0,$2953,$3811,$0,$0,$0,$0,$0,$0,$0,$0,$0,$37,$-164,$0,$0,$0,$0,$0,$0,$-164,$0,$20,$0,$0,$0,$-7,$0,$14,$-113,$0,$0
37,2007-12-31,26.24,$0.00,0.0,0,0.0,0,0.0,0,0.0,$0.37B,$0.31B,1.18,$0.38B,$2.79B,0.14,$0.31B,$0.08B,27.04%,$0.31B,$0.06B,18.57%,$0.31B,$0.06B,18.57%,$0.31B,$0.06B,18.57%,$0.31B,$0.06B,19.22%,$0.31B,$0.05B,16.29%,$0.05B,$2.79B,1.81%,$0.05B,$2.75B,1.86%,$0.05B,$3.53B,1.36%,$0.06B,$3.17B,1.83%,$0,$0,$0,$0,$0,$0,$0,$0,$0,$0,$0,$0,$0,$0,$0,$0,0,$0.00,$0.00,$311,$20,$30,$368,$0,$23,$37,$6,$133,$3526,$311,$376,$40,$426,$738,$935,$1854,$0,$2789,$3526,$0,$0,$0,$0,$0,$0,$0,$0,$0,$258,$-135,$0,$-632,$0,$0,$0,$30,$-737,$0,$92,$0,$0,$0,$-75,$0,$17,$-462,$0,$0
38,2007-09-30,32.13,$0.00,0.0,0,0.0,0,0.0,0,0.0,$0.48B,$0.40B,1.21,$0.36B,$2.84B,0.13,$0.31B,$0.08B,27.04%,$0.31B,$0.06B,18.57%,$0.31B,$0.06B,18.57%,$0.31B,$0.06B,18.57%,$0.31B,$0.06B,19.22%,$0.31B,$0.05B,16.29%,$0.05B,$2.84B,1.85%,$0.05B,$2.72B,1.89%,$0.05B,$3.61B,1.40%,$0.06B,$3.20B,1.88%,$0,$0,$0,$0,$0,$0,$0,$0,$0,$0,$0,$0,$0,$0,$0,$0,0,$0.00,$0.00,$300,$20,$106,$480,$0,$24,$115,$12,$164,$3605,$396,$363,$8,$371,$767,$935,$1896,$0,$2838,$3605,$0,$0,$0,$0,$0,$0,$0,$0,$0,$0,$0,$0,$0,$0,$0,$0,$0,$0,$0,$0,$0,$0,$0,$0,$0,$0,$0,$0,$0
39,2007-06-30,29.79,$0.00,0.0,0,0.0,0,0.0,0,0.0,$0.35B,$0.39B,0.92,$0.36B,$2.66B,0.13,$0.31B,$0.08B,27.04%,$0.31B,$0.06B,18.57%,$0.31B,$0.06B,18.57%,$0.31B,$0.06B,18.57%,$0.31B,$0.06B,19.22%,$0.31B,$0.05B,16.29%,$0.05B,$2.66B,2.15%,$0.05B,$2.63B,2.17%,$0.05B,$3.46B,1.62%,$0.06B,$3.02B,2.23%,$0,$0,$0,$0,$0,$0,$0,$0,$0,$0,$0,$0,$0,$0,$0,$0,0,$0.00,$0.00,$302,$19,$19,$354,$0,$6,$37,$99,$211,$3456,$386,$358,$45,$407,$792,$921,$398,$0,$2664,$3456,$0,$0,$0,$0,$0,$0,$0,$0,$0,$0,$0,$0,$0,$0,$0,$0,$0,$0,$0,$0,$0,$0,$0,$0,$0,$0,$0,$0,$0
