,Date,Stock Price,Book Value per Share,Price to Book Ratio,TTM Sales per Share,Price to Sales Ratio,TTM FCF per Share,Price to FCF Ratio,TTM Net EPS,PE Ratio,Current Assets,Current Liabilities,Current Ratio,Long Term Debt,Shareholder's Equity_x,Debt to Equity Ratio,TTM Revenue_x,TTM Gross Profit,Gross Margin,TTM Revenue_y,TTM Operating Income,Operating Margin,TTM Revenue_x,TTM EBIT,EBIT Margin,TTM Revenue_y,TTM EBITDA,EBITDA Margin,TTM Revenue_x,TTM Pre-Tax Income,Pre-Tax Margin,TTM Revenue_y,TTM Net Income_x,Net Margin,TTM Net Income_y,Shareholder's Equity_y,Return on Equity,TTM Net Income_x,Tangible Equity,Return on Tangible Equity,TTM Net Income_y,Total Assets,Return on Assets,TTM Net Income,LT Investments & Debt,Return on Investment,revenue,cost-goods-sold,gross-profit,research-development-expenses,selling-general-administrative-expenses,operating-expenses,operating-income,total-non-operating-income-expense,pre-tax-income,total-provision-income-taxes,income-after-taxes,income-from-continuous-operations,net-income,ebitda,ebit,basic-shares-outstanding,shares-outstanding,eps-basic-net-earnings-per-share,eps-earnings-per-share-diluted,cash-on-hand,inventory,other-current-assets,total-current-assets,net-property-plant-equipment,long-term-investments,goodwill-intangible-assets-total,other-long-term-assets,total-long-term-assets,total-assets,total-current-liabilities,long-term-debt,other-non-current-liabilities,total-long-term-liabilities,total-liabilities,common-stock-net,retained-earnings-accumulated-deficit,comprehensive-income,total-share-holder-equity,total-liabilities-share-holders-equity,net-income-loss,total-depreciation-amortization-cash-flow,other-non-cash-items,total-non-cash-items,change-in-accounts-receivable,change-in-inventories,change-in-accounts-payable,change-in-assets-liabilities,total-change-in-assets-liabilities,cash-flow-from-operating-activities,net-change-in-property-plant-equipment,net-change-in-intangible-assets,net-acquisitions-divestitures,net-change-in-short-term-investments,net-change-in-long-term-investments,net-change-in-investments-total,investing-activities-other,cash-flow-from-investing-activities,net-long-term-debt,net-current-debt,debt-issuance-retirement-net-total,net-common-equity-issued-repurchased,net-total-equity-issued-repurchased,total-common-preferred-stock-dividends-paid,financial-activities-other,cash-flow-from-financial-activities,net-cash-flow,stock-based-compensation,common-stock-dividends-paid
0,2018-09-30,40.17,$0.00,0.0,$18.06,2.22,$6.10,6.58,$0.92,43.66,$22.70B,$23.97B,0.95,$32.33B,$4.85B,6.66,$44.61B,$30.00B,67.26%,$44.61B,$6.66B,14.92%,$44.61B,$6.66B,14.92%,$44.61B,$7.91B,17.74%,$44.61B,$5.81B,13.03%,$44.61B,$2.83B,6.35%,$2.83B,$4.85B,61.39%,$2.83B,$-25.26B,-10.80%,$2.83B,$76.36B,3.71%,$6.66B,$37.18B,21.80%,$10544,$3435,$7109,$1287,$3293,$8055,$2489,$-267,$2222,$251,$1970,$1970,$1848,$3096,$2489,$2459,2459,$0.75,$0.74,$5119,$7542,$0,$22696,$14233,$2169,$30114,$2704,$53665,$76361,$23969,$32325,$9611,$47541,$71510,$1751,$-2712,$0,$4851,$76361,$3578,$1523,$509,$2033,$0,$0,$0,$1315,$1315,$5606,$-1006,$-201,$34,$-275,$0,$-275,$-38,$-1485,$13147,$-5,$13142,$40,$40,$-3900,$-13378,$-4095,$-17,$0,$-3900
1,2018-06-30,39.82,$0.00,0.0,$17.93,2.22,$5.92,6.73,$0.91,43.76,$23.20B,$24.77B,0.94,$33.47B,$4.11B,8.14,$44.33B,$29.69B,66.97%,$44.33B,$6.63B,14.94%,$44.33B,$6.63B,14.94%,$44.33B,$8.21B,18.53%,$44.33B,$5.83B,13.15%,$44.33B,$2.57B,5.80%,$2.57B,$4.11B,51.62%,$2.57B,$-27.29B,-9.86%,$2.57B,$78.44B,3.36%,$6.63B,$37.58B,24.09%,$9949,$3144,$6805,$1259,$3344,$8889,$1060,$-225,$836,$189,$646,$646,$600,$1311,$1060,$2457,2481,$0.25,$0.24,$5733,$8088,$0,$23197,$14730,$1776,$31401,$2612,$55244,$78441,$24767,$33470,$10069,$49559,$74327,$1828,$-3647,$0,$4114,$78441,$1679,$916,$245,$1161,$0,$0,$0,$1279,$1279,$3028,$-706,$-226,$34,$56,$0,$56,$-19,$-862,$13675,$593,$14269,$31,$31,$-2802,$-13502,$-2005,$116,$0,$-2802
2,2018-03-31,38.12,$0.00,0.0,$17.75,2.15,$5.84,6.53,$0.57,66.87,$22.85B,$37.47B,0.61,$19.50B,$5.00B,3.9,$43.74B,$28.90B,66.06%,$43.74B,$5.54B,12.66%,$43.74B,$5.54B,12.66%,$43.74B,$8.28B,18.93%,$43.74B,$4.77B,10.90%,$43.74B,$1.74B,3.98%,$1.74B,$5.00B,32.45%,$1.74B,$-26.86B,-6.80%,$1.74B,$78.15B,2.31%,$5.54B,$24.50B,23.63%,$13986,$4630,$9355,$1751,$4475,$11584,$2401,$-258,$2144,$674,$1470,$1470,$1063,$3067,$2401,$2452,2473,$0.31,$0.31,$5889,$7875,$0,$22854,$14836,$1609,$31855,$1952,$55297,$78151,$37472,$19503,$9562,$35683,$73155,$1869,$-8841,$0,$4996,$78151,$1056,$665,$50,$715,$0,$0,$0,$-295,$-295,$1201,$-347,$-128,$-14,$-4,$0,$-4,$-24,$-516,$0,$966,$966,$15,$15,$-1293,$-82,$-394,$218,$0,$-1293
3,2017-12-31,34.0,$1.67,20.31,$15.81,2.15,$5.95,5.72,$0.79,43.04,$20.50B,$34.24B,0.6,$18.38B,$4.50B,4.09,$38.90B,$25.58B,65.74%,$38.90B,$5.27B,13.54%,$38.90B,$5.27B,13.54%,$38.90B,$7.75B,19.91%,$38.90B,$4.54B,11.68%,$38.90B,$1.98B,5.08%,$1.98B,$4.50B,33.75%,$1.98B,$-25.53B,-7.95%,$1.98B,$72.66B,2.66%,$5.27B,$22.88B,22.35%,$10128,$3395,$6734,$1597,$3364,$9421,$707,$-97,$611,$1047,$-436,$-436,$-678,$439,$707,$2443,2471,$-0.47,$-0.47,$5128,$7162,$0,$20501,$13996,$1429,$30024,$1821,$52163,$72664,$34242,$18383,$9181,$33925,$68167,$1731,$-8348,$0,$4497,$72664,$2795,$2477,$3194,$5671,$-370,$-594,$14,$3249,$2299,$8916,$-1629,$-785,$597,$-15,$0,$-15,$-27,$-1860,$2878,$-4154,$-1276,$-12,$-12,$-5034,$-1901,$-8223,$-1295,$429,$-5034
4,2017-09-30,38.36,$0.00,0.0,$15.62,2.46,$5.79,6.63,$1.22,31.45,$23.12B,$35.92B,0.64,$18.71B,$6.32B,2.96,$38.37B,$25.27B,65.85%,$38.37B,$5.38B,14.02%,$38.37B,$5.38B,14.02%,$38.37B,$9.02B,23.51%,$38.37B,$4.54B,11.83%,$38.37B,$3.05B,7.94%,$3.05B,$6.32B,47.56%,$3.05B,$-24.69B,-12.12%,$3.05B,$76.96B,4.00%,$5.38B,$25.04B,21.97%,$10268,$3472,$6796,$1371,$3022,$7811,$2457,$-217,$2240,$414,$1826,$1826,$1587,$3396,$2457,$2445,2468,$0.65,$0.64,$6530,$7411,$0,$23115,$13921,$1461,$31008,$1719,$53843,$76959,$35922,$18714,$8711,$34715,$70637,$1758,$-7003,$0,$6322,$76959,$3315,$2745,$806,$3552,$0,$0,$0,$-397,$-397,$5301,$-1138,$-640,$352,$-12,$0,$-12,$-13,$-1451,$2923,$-1914,$1009,$-16,$-16,$-3897,$-1185,$-4089,$-339,$0,$-3897
5,2017-06-30,40.24,$0.00,0.0,$15.50,2.6,$5.48,7.34,$1.00,40.24,$21.01B,$36.81B,0.57,$15.68B,$5.66B,2.77,$38.01B,$25.06B,65.93%,$38.01B,$4.80B,12.64%,$38.01B,$4.80B,12.64%,$38.01B,$7.64B,20.10%,$38.01B,$3.97B,10.46%,$38.01B,$2.52B,6.64%,$2.52B,$5.66B,41.07%,$2.52B,$-25.46B,-9.83%,$2.52B,$74.47B,3.31%,$4.80B,$21.33B,19.52%,$9361,$3349,$6012,$1611,$3042,$9386,$-26,$-202,$-228,$-118,$-110,$-110,$-230,$1378,$-26,$2444,2444,$0.10,$0.10,$5289,$7344,$0,$21006,$13635,$1615,$31112,$1541,$53463,$74468,$36814,$15677,$8830,$31997,$68811,$1717,$-7486,$0,$5657,$74468,$1454,$1807,$381,$2188,$0,$0,$0,$-178,$-178,$2752,$-657,$-474,$325,$-15,$0,$-15,$-4,$-826,$0,$477,$477,$-20,$-20,$-2620,$-1000,$-3164,$-1297,$0,$-2620
6,2017-03-31,38.89,$0.00,0.0,$15.53,2.5,$5.29,7.35,$0.83,46.85,$20.79B,$23.23B,0.9,$18.09B,$6.93B,2.61,$38.02B,$25.37B,66.74%,$38.02B,$4.61B,12.13%,$38.02B,$4.61B,12.13%,$38.02B,$6.62B,17.42%,$38.02B,$3.75B,9.85%,$38.02B,$2.13B,5.60%,$2.13B,$6.93B,34.09%,$2.13B,$-23.68B,-8.06%,$2.13B,$73.37B,2.72%,$4.61B,$25.01B,17.60%,$9147,$3113,$6034,$1189,$3037,$7018,$2128,$-208,$1920,$405,$1515,$1515,$1296,$2532,$2128,$2439,2459,$0.53,$0.53,$5848,$6710,$0,$20794,$13393,$1641,$30612,$1545,$52580,$73374,$23234,$18085,$17881,$43212,$66446,$1664,$-6077,$0,$6928,$73374,$1515,$404,$442,$846,$0,$0,$0,$-689,$-689,$1417,$-306,$-193,$269,$-19,$0,$-19,$2,$-247,$0,$-658,$-658,$-36,$-36,$-1146,$-30,$-1869,$-685,$0,$-1146
7,2016-12-31,35.03,$2.51,13.98,$15.46,2.27,$4.97,7.05,$0.47,74.54,$22.65B,$25.75B,0.88,$19.87B,$6.73B,2.95,$37.80B,$25.21B,66.69%,$37.80B,$3.52B,9.31%,$37.80B,$3.52B,9.31%,$37.80B,$5.93B,15.68%,$37.80B,$2.63B,6.95%,$37.80B,$1.24B,3.27%,$1.24B,$6.73B,18.04%,$1.24B,$-26.81B,-4.68%,$1.24B,$80.07B,1.55%,$3.52B,$26.60B,12.60%,$9595,$3171,$6425,$1264,$3428,$8773,$822,$-214,$609,$130,$479,$479,$395,$1716,$822,$2430,2455,$0.17,$0.16,$6969,$6915,$0,$22648,$14648,$1691,$33531,$1625,$57424,$80072,$25752,$19870,$19560,$47594,$73346,$1819,$-7308,$0,$6726,$80072,$1439,$2404,$1743,$4147,$-255,$95,$130,$5462,$5432,$8805,$-1958,$-713,$106,$796,$0,$796,$50,$-1720,$0,$176,$176,$20,$20,$-6573,$-2286,$-8663,$-1194,$432,$-6573
8,2016-09-30,38.78,$0.00,0.0,$15.52,2.5,$2.98,13.04,$0.12,323.19,$23.13B,$23.82B,0.97,$20.23B,$5.25B,3.85,$37.82B,$24.54B,64.89%,$37.82B,$16.06B,42.46%,$37.82B,$16.06B,42.46%,$37.82B,$17.98B,47.53%,$37.82B,$1.49B,3.95%,$37.82B,$0.30B,0.79%,$0.30B,$5.25B,3.50%,$0.30B,$-26.71B,-1.22%,$0.30B,$77.21B,0.38%,$16.06B,$25.48B,52.59%,$9905,$3316,$6589,$1211,$3010,$8026,$1879,$-206,$1673,$511,$1162,$1162,$1061,$2014,$1879,$2433,2451,$0.44,$0.43,$6373,$7056,$0,$23130,$14408,$1579,$31960,$1202,$54075,$77205,$23819,$20226,$19537,$48135,$71954,$1761,$-8602,$0,$5251,$77205,$978,$1510,$1652,$3162,$0,$0,$0,$1959,$1959,$4604,$-1224,$-475,$-17,$159,$0,$159,$120,$-1438,$0,$584,$584,$7,$7,$-5155,$-1279,$-5843,$-2410,$0,$-5155
9,2016-06-30,38.56,$0.00,0.0,$15.38,2.51,$1.76,21.85,$0.03,1285.47,$24.22B,$25.98B,0.93,$21.66B,$6.06B,3.57,$37.41B,$24.03B,64.23%,$37.41B,$15.61B,41.73%,$37.41B,$15.61B,41.73%,$37.41B,$19.31B,51.62%,$37.41B,$1.16B,3.11%,$37.41B,$0.07B,0.20%,$0.07B,$6.06B,0.67%,$0.07B,$-28.47B,-0.32%,$0.07B,$82.69B,0.09%,$15.61B,$27.73B,46.41%,$9373,$3048,$6325,$1274,$3119,$9589,$-217,$-240,$-456,$250,$-706,$-706,$-624,$360,$-217,$2430,2430,$-0.26,$-0.26,$7563,$7883,$0,$24221,$15122,$2281,$34529,$1448,$58468,$82689,$25982,$21664,$20505,$50643,$76625,$1924,$-8726,$0,$6064,$82689,$-201,$1376,$1022,$2398,$0,$0,$0,$1485,$1485,$2495,$-862,$-606,$-88,$128,$0,$128,$106,$-1322,$0,$1706,$1706,$-44,$-44,$-4308,$-918,$-3564,$-2184,$0,$-4308
10,2016-03-31,35.66,$0.00,0.0,$15.22,2.34,$1.14,31.34,$0.38,93.84,$22.68B,$19.94B,1.14,$22.57B,$9.37B,2.41,$37.06B,$23.66B,63.83%,$37.06B,$16.25B,43.85%,$37.06B,$16.25B,43.85%,$37.06B,$19.01B,51.30%,$37.06B,$1.85B,5.00%,$37.06B,$0.93B,2.50%,$0.93B,$9.37B,6.91%,$0.93B,$-23.63B,-4.63%,$0.93B,$78.06B,1.14%,$16.25B,$31.94B,44.67%,$8925,$3056,$5869,$1168,$3136,$7889,$1036,$-234,$802,$298,$504,$504,$404,$1835,$1036,$2424,2445,$0.17,$0.17,$6630,$7362,$0,$22680,$14431,$2056,$33006,$1330,$55378,$78058,$19943,$22565,$18367,$48742,$68686,$1920,$-5301,$0,$9372,$78058,$504,$800,$532,$1331,$0,$0,$0,$-553,$-553,$721,$-411,$-473,$-64,$-39,$0,$-39,$32,$-956,$0,$-295,$-295,$-62,$-62,$-1317,$-208,$-1881,$-2168,$0,$-1317
11,2015-12-31,34.41,$0.00,0.0,$15.10,2.28,$7.57,4.55,$5.25,6.55,$25.36B,$20.52B,1.24,$23.43B,$13.57B,1.73,$36.65B,$23.11B,63.06%,$36.65B,$15.85B,43.25%,$36.65B,$15.85B,43.25%,$36.65B,$18.34B,50.06%,$36.65B,$16.09B,43.92%,$36.65B,$12.77B,34.84%,$12.77B,$13.57B,83.05%,$12.77B,$-19.81B,-70.20%,$12.77B,$81.72B,15.25%,$15.85B,$37.01B,41.19%,$9617,$3860,$5757,$1603,$-9207,$-3744,$13361,$-13808,$-527,$38,$-565,$-541,$-541,$13767,$13361,$2419,2419,$-0.22,$-0.22,$9220,$7211,$70,$25362,$31727,$2235,$33384,$1514,$73302,$81719,$20515,$23430,$21872,$47630,$68144,$2049,$-2136,$0,$13574,$81719,$12801,$2492,$0,$2492,$0,$0,$0,$0,$2561,$3928,$-2000,$0,$11090,$0,$0,$417,$-277,$9231,$0,$-3726,$0,$0,$-40,$-5923,$-1171,$-10860,$2229,$0,$0
12,2015-09-30,32.36,$0.00,0.0,$15.00,2.16,$9.51,3.4,$6.11,5.3,$26.33B,$19.77B,1.33,$23.43B,$14.47B,1.62,$36.35B,$23.44B,64.50%,$36.35B,$2.43B,6.69%,$36.35B,$2.43B,6.69%,$36.35B,$5.64B,15.51%,$36.35B,$17.44B,47.99%,$36.35B,$14.87B,40.90%,$14.87B,$14.47B,106.07%,$14.87B,$-19.38B,-91.97%,$14.87B,$82.36B,18.57%,$2.43B,$37.89B,6.44%,$9498,$3417,$6081,$1282,$3365,$8064,$1434,$-91,$1344,$341,$1003,$834,$834,$3349,$1434,$2418,2439,$0.34,$0.34,$9453,$7526,$59,$26329,$0,$2071,$33852,$1067,$41156,$82363,$19769,$23425,$22061,$48126,$67895,$2078,$-1050,$0,$14468,$82363,$13644,$2087,$0,$2087,$0,$0,$0,$0,$-264,$1656,$-1244,$0,$11317,$0,$0,$429,$-484,$10019,$0,$-3732,$0,$0,$-87,$-4993,$-704,$-9515,$2168,$0,$0
13,2015-06-30,34.6,$0.00,0.0,$14.86,2.33,$10.84,3.19,$6.04,5.73,$27.75B,$21.13B,1.31,$22.51B,$16.16B,1.39,$35.97B,$23.43B,65.12%,$35.97B,$2.36B,6.55%,$35.97B,$2.36B,6.55%,$35.97B,$4.27B,11.88%,$35.97B,$17.02B,47.30%,$35.97B,$14.68B,40.81%,$14.68B,$16.16B,114.69%,$14.68B,$-17.05B,-105.06%,$14.68B,$82.89B,19.24%,$2.36B,$38.67B,6.47%,$9020,$3071,$5949,$1244,$4285,$8600,$420,$-185,$233,$57,$176,$228,$228,$61,$420,$2416,2437,$0.09,$0.09,$11801,$7347,$312,$27746,$0,$2682,$33214,$1216,$40868,$82887,$21130,$22508,$20451,$45596,$66726,$2051,$852,$0,$16161,$82887,$12487,$172,$0,$172,$0,$0,$0,$0,$-672,$899,$-789,$0,$-5301,$0,$0,$-64,$16315,$10161,$0,$0,$0,$0,$-69,$-3438,$-2806,$-6313,$4714,$0,$0
14,2015-03-31,37.84,$0.00,0.0,$15.09,2.51,$11.66,3.24,$6.41,5.9,$31.63B,$23.93B,1.32,$23.08B,$17.30B,1.33,$36.42B,$24.05B,66.03%,$36.42B,$3.69B,10.13%,$36.42B,$3.69B,10.13%,$36.42B,$6.61B,18.15%,$36.42B,$18.44B,50.63%,$36.42B,$15.57B,42.74%,$15.57B,$17.30B,133.77%,$15.57B,$-16.51B,-130.64%,$15.57B,$87.93B,21.65%,$3.69B,$40.37B,10.33%,$8512,$3188,$5324,$1314,$3373,$7876,$636,$14397,$15044,$2858,$12186,$12248,$12248,$1167,$636,$2410,2410,$5.08,$5.04,$15866,$6941,$317,$31632,$0,$2746,$33803,$1082,$41678,$87928,$23933,$23077,$20933,$46699,$70632,$2030,$1678,$0,$17296,$87928,$12186,$531,$0,$531,$0,$0,$0,$0,$0,$561,$15244,$0,$-5208,$0,$0,$387,$326,$10749,$0,$0,$0,$0,$42,$1463,$-4207,$-2702,$6301,$0,$0
15,2014-12-31,34.53,$0.00,0.0,$15.43,2.24,$5.60,6.16,$1.83,18.87,$24.19B,$21.91B,1.1,$26.11B,$8.14B,3.21,$37.35B,$25.28B,67.69%,$37.35B,$4.85B,12.99%,$37.35B,$4.85B,12.99%,$37.35B,$8.19B,21.93%,$37.35B,$4.89B,13.10%,$37.35B,$4.44B,11.89%,$4.44B,$8.14B,42.76%,$4.44B,$-11.72B,-43.61%,$4.44B,$67.00B,6.69%,$4.85B,$34.24B,13.84%,$9319,$3230,$6090,$1561,$4586,$9377,$-57,$367,$822,$-829,$1651,$1556,$1556,$1061,$-57,$2405,2405,$0.65,$0.64,$7504,$6973,$1905,$24191,$0,$2396,$19850,$1211,$27887,$66997,$21911,$26108,$10109,$36950,$58862,$2207,$-3418,$0,$8135,$66997,$4666,$3339,$0,$3339,$0,$0,$0,$0,$0,$8531,$-1958,$0,$338,$0,$0,$-171,$15,$-1777,$0,$0,$0,$0,$275,$-6334,$-2817,$-8875,$-1983,$0,$0
16,2014-09-30,36.65,$0.00,0.0,$16.27,2.25,$6.85,5.35,$2.83,12.95,$24.83B,$25.52B,0.97,$22.76B,$9.61B,2.37,$39.27B,$26.37B,67.14%,$39.27B,$8.58B,21.85%,$39.27B,$8.58B,21.85%,$39.27B,$10.17B,25.89%,$39.27B,$8.13B,20.70%,$39.27B,$6.81B,17.34%,$6.81B,$9.61B,59.68%,$6.81B,$-10.62B,-71.86%,$6.81B,$67.35B,10.30%,$8.58B,$32.37B,24.09%,$9120,$3056,$6063,$1342,$3364,$7762,$1358,$-757,$916,$272,$643,$648,$648,$1983,$1358,$2404,2433,$0.27,$0.27,$7326,$7142,$1701,$24833,$0,$2333,$20224,$1486,$27762,$67346,$25516,$22757,$8407,$32222,$57738,$2236,$-1988,$0,$9608,$67346,$3018,$2221,$0,$2221,$0,$0,$0,$0,$-1001,$4956,$-1293,$0,$0,$0,$0,$-90,$216,$-1168,$0,$0,$0,$0,$207,$-4888,$-1539,$-6219,$-2393,$0,$0
17,2014-06-30,42.06,$0.00,0.0,$16.79,2.51,$8.02,5.24,$3.20,13.14,$22.81B,$20.62B,1.11,$24.42B,$11.51B,2.12,$40.67B,$27.55B,67.74%,$40.67B,$9.94B,24.43%,$40.67B,$9.94B,24.43%,$40.67B,$12.05B,29.62%,$40.67B,$9.38B,23.08%,$40.67B,$7.73B,19.00%,$7.73B,$11.51B,66.37%,$7.73B,$-8.82B,-79.81%,$7.73B,$65.39B,11.86%,$9.94B,$35.92B,27.43%,$9472,$2898,$6574,$1362,$3459,$7718,$1754,$19,$1659,$478,$1181,$1114,$1114,$2401,$1754,$2406,2406,$0.46,$0.46,$5588,$6919,$1686,$22810,$0,$2696,$20329,$1415,$27988,$65385,$20620,$24415,$7669,$33259,$53880,$2252,$-266,$0,$11505,$65385,$2392,$1595,$0,$1595,$0,$0,$0,$0,$-535,$2849,$-771,$0,$0,$0,$0,$-32,$-10,$-813,$0,$0,$0,$0,$190,$3650,$-9802,$-5961,$-3994,$0,$0
18,2014-03-31,41.54,$0.00,0.0,$16.98,2.45,$8.70,4.77,$3.39,12.25,$21.92B,$19.31B,1.14,$25.46B,$12.30B,2.07,$41.36B,$28.11B,67.97%,$41.36B,$10.34B,25.00%,$41.36B,$10.34B,25.00%,$41.36B,$12.63B,30.55%,$41.36B,$9.70B,23.46%,$41.36B,$8.22B,19.87%,$8.22B,$12.30B,71.10%,$8.22B,$-9.58B,-79.35%,$8.22B,$65.72B,12.65%,$10.34B,$37.76B,28.49%,$9440,$2885,$6555,$1422,$3335,$7642,$1798,$-154,$1495,$305,$1190,$1123,$1123,$2747,$1798,$2403,2438,$0.47,$0.46,$6070,$6775,$96,$21923,$0,$2506,$21880,$1349,$29229,$65723,$19311,$25460,$7518,$34112,$53423,$2213,$791,$0,$12300,$65723,$1190,$948,$0,$948,$0,$0,$0,$0,$-260,$1534,$-318,$0,$-5,$0,$0,$-17,$-214,$-553,$0,$-1480,$0,$0,$134,$-1506,$-1433,$-4285,$-3307,$0,$0
19,2013-12-31,40.96,$0.00,0.0,$17.18,2.38,$8.85,4.63,$3.54,11.57,$23.83B,$21.40B,1.11,$24.19B,$12.22B,1.98,$41.79B,$28.36B,67.86%,$41.79B,$10.71B,25.63%,$41.79B,$10.71B,25.63%,$41.79B,$12.92B,30.92%,$41.79B,$10.40B,24.89%,$41.79B,$8.56B,20.48%,$8.56B,$12.22B,74.82%,$8.56B,$-8.88B,-79.32%,$8.56B,$65.86B,13.13%,$10.71B,$36.41B,29.32%,$11235,$4062,$7173,$1728,$1776,$7566,$3669,$459,$4057,$80,$3977,$3924,$3924,$3037,$3669,$2347,2387,$1.67,$1.64,$9005,$6103,$2,$23827,$0,$2388,$21106,$1391,$28146,$65856,$21402,$24186,$6960,$32230,$53632,$2091,$1429,$0,$12224,$65856,$8807,$2214,$0,$2214,$0,$0,$0,$0,$72,$11301,$-1787,$0,$3197,$0,$0,$-92,$-498,$820,$0,$-2929,$2993,$0,$-1508,$-5758,$-2613,$-9816,$2073,$0,$0
20,2013-09-30,38.04,$0.00,0.0,$16.92,2.25,$7.09,5.37,$2.47,15.4,$20.88B,$19.89B,1.05,$24.27B,$10.54B,2.3,$41.34B,$28.74B,69.52%,$41.34B,$10.61B,25.66%,$41.34B,$10.61B,25.66%,$41.34B,$13.98B,33.82%,$41.34B,$9.16B,22.15%,$41.34B,$6.01B,14.53%,$6.01B,$10.54B,54.31%,$6.01B,$-11.44B,-51.55%,$6.01B,$63.72B,9.22%,$10.61B,$34.81B,29.53%,$10518,$3272,$7246,$1395,$3137,$7804,$2714,$-113,$2173,$608,$1566,$1566,$1566,$3862,$2714,$2419,2462,$0.65,$0.64,$5385,$6459,$828,$20882,$0,$2857,$21981,$1164,$29252,$63721,$19890,$24265,$7446,$33289,$53179,$2079,$-200,$0,$10542,$63721,$4841,$2846,$0,$2846,$0,$0,$0,$0,$-677,$7804,$-1226,$0,$-330,$0,$0,$-155,$-310,$-2021,$0,$-3061,$2965,$0,$-707,$-4365,$-2049,$-7217,$-1550,$0,$0
21,2013-06-30,37.48,$0.00,0.0,$16.88,2.22,$5.59,6.7,$2.56,14.64,$20.64B,$19.17B,1.08,$25.04B,$11.17B,2.24,$41.34B,$28.72B,69.48%,$41.34B,$10.75B,26.00%,$41.34B,$10.75B,26.00%,$41.34B,$13.39B,32.40%,$41.34B,$9.37B,22.67%,$41.34B,$6.25B,15.12%,$6.25B,$11.17B,55.78%,$6.25B,$-11.53B,-55.67%,$6.25B,$64.61B,9.58%,$10.75B,$36.21B,30.48%,$10166,$3029,$7137,$1611,$3366,$8007,$2159,$-181,$1979,$313,$1665,$1605,$1605,$2988,$2159,$2430,2465,$0.66,$0.65,$4713,$6364,$848,$20640,$0,$2707,$22697,$1292,$30186,$64611,$19167,$25039,$7661,$34274,$53441,$2078,$636,$0,$11170,$64611,$3246,$1698,$0,$1698,$0,$0,$0,$0,$-822,$4544,$-739,$0,$-298,$0,$0,$-37,$-121,$-1195,$0,$-3665,$2939,$0,$28,$-3281,$-1478,$-5458,$-2015,$0,$0
22,2013-03-31,34.81,$0.00,0.0,$16.85,2.07,$5.55,6.28,$2.70,12.89,$21.93B,$18.66B,1.18,$26.88B,$11.84B,2.27,$41.38B,$28.64B,69.21%,$41.38B,$11.21B,27.09%,$41.38B,$11.21B,27.09%,$41.38B,$13.42B,32.43%,$41.38B,$9.85B,23.80%,$41.38B,$6.62B,16.01%,$6.62B,$11.84B,57.63%,$6.62B,$-11.33B,-67.82%,$6.62B,$66.64B,10.05%,$11.21B,$38.71B,32.33%,$9875,$3070,$6804,$1405,$3232,$7706,$2168,$-155,$2192,$594,$1599,$1466,$1466,$3037,$2168,$2417,2424,$0.61,$0.61,$6431,$6521,$166,$21934,$0,$2425,$23159,$1616,$30496,$66641,$18657,$26876,$7680,$36150,$54807,$2101,$2014,$0,$11835,$66641,$1599,$869,$0,$869,$0,$0,$0,$0,$-988,$1937,$-359,$0,$0,$0,$0,$-3,$-101,$-463,$0,$0,$236,$0,$50,$-1352,$-1195,$-2261,$-587,$0,$0
23,2012-12-31,31.78,$0.00,0.0,$17.09,1.86,$5.43,5.85,$2.94,10.81,$21.70B,$21.90B,0.99,$23.26B,$10.70B,2.17,$42.22B,$29.71B,70.36%,$42.22B,$12.04B,28.52%,$42.22B,$12.04B,28.52%,$42.22B,$13.76B,32.60%,$42.22B,$10.61B,25.12%,$42.22B,$7.30B,17.28%,$7.30B,$10.70B,59.34%,$7.30B,$-12.32B,-96.02%,$7.30B,$65.74B,11.18%,$12.04B,$33.95B,35.99%,$10782,$3227,$7555,$1829,$2160,$7216,$3566,$-891,$2812,$1455,$1358,$1370,$1370,$4093,$3566,$2422,2422,$0.57,$0.57,$6838,$6291,$265,$21703,$0,$2251,$23016,$1081,$30128,$65742,$21898,$23255,$8303,$33149,$55047,$2138,$1033,$0,$10695,$65742,$7520,$1720,$0,$1720,$0,$0,$0,$0,$-3850,$6935,$-1558,$0,$0,$0,$0,$-4018,$1406,$-4170,$0,$-1293,$7022,$0,$-3354,$-6046,$-1641,$-5312,$-2693,$0,$0
24,2012-09-30,33.34,$0.00,0.0,$17.01,1.96,$6.68,4.99,$3.15,10.58,$21.32B,$22.06B,0.97,$21.06B,$11.10B,1.9,$42.43B,$30.16B,71.08%,$42.43B,$12.20B,28.75%,$42.43B,$12.20B,28.75%,$42.43B,$14.19B,33.45%,$42.43B,$10.48B,24.69%,$42.43B,$7.90B,18.62%,$7.90B,$11.10B,60.00%,$7.90B,$-9.72B,-140.71%,$7.90B,$63.91B,12.10%,$12.20B,$32.16B,36.52%,$10512,$3288,$7224,$1476,$2896,$7659,$2853,$-267,$2386,$496,$1890,$1807,$1807,$3274,$2853,$2449,2486,$0.74,$0.73,$5833,$6376,$240,$21318,$0,$2352,$20826,$1141,$29031,$63912,$22062,$21060,$8364,$30746,$52808,$2150,$1686,$0,$11104,$63912,$6170,$1193,$0,$1193,$0,$0,$0,$0,$-4103,$3888,$-965,$0,$-22,$0,$0,$-3809,$1013,$-3784,$0,$-177,$4823,$0,$-2465,$-4714,$-1155,$-3687,$-3673,$0,$0
25,2012-06-30,32.49,$0.00,0.0,$17.24,1.88,$7.79,4.17,$3.28,9.91,$27.34B,$24.39B,1.12,$21.50B,$12.35B,1.74,$43.22B,$31.02B,71.76%,$43.22B,$12.46B,28.83%,$43.22B,$12.46B,28.83%,$43.22B,$14.95B,34.60%,$43.22B,$11.22B,25.95%,$43.22B,$8.28B,19.16%,$8.28B,$12.35B,60.44%,$8.28B,$-5.70B,-182.56%,$8.28B,$67.24B,12.55%,$12.46B,$33.84B,36.21%,$10210,$3155,$7055,$1460,$2974,$7589,$2621,$-187,$2458,$369,$2089,$1981,$1981,$3016,$2621,$2470,2495,$0.80,$0.79,$12024,$6269,$306,$27339,$0,$2170,$18047,$1088,$26177,$67235,$24391,$21496,$7698,$30499,$54889,$2165,$3248,$0,$12346,$67235,$4290,$771,$0,$771,$0,$0,$0,$0,$-1237,$4353,$-616,$0,$-22,$0,$0,$-418,$1077,$21,$0,$-980,$4835,$0,$-1382,$-3386,$-863,$-1777,$2539,$0,$0
26,2012-03-31,31.64,$0.00,0.0,$17.47,1.81,$7.54,4.2,$3.19,9.92,$25.57B,$22.83B,1.12,$18.84B,$15.04B,1.25,$43.96B,$32.23B,73.31%,$43.96B,$12.62B,28.71%,$43.96B,$12.62B,28.71%,$43.96B,$15.48B,35.22%,$43.96B,$11.36B,25.84%,$43.96B,$8.10B,18.43%,$8.10B,$15.04B,56.01%,$8.10B,$-2.65B,-190.23%,$8.10B,$64.10B,12.21%,$12.62B,$33.88B,35.45%,$10717,$2844,$7874,$1525,$3346,$7715,$3002,$236,$2952,$768,$2184,$2139,$2139,$3379,$3002,$2481,2481,$0.86,$0.85,$9173,$6297,$1065,$25573,$0,$1884,$17696,$1136,$24991,$64100,$22831,$18839,$6091,$26225,$49056,$2184,$6215,$0,$15044,$64100,$2184,$377,$0,$377,$0,$0,$0,$0,$-688,$1590,$-248,$0,$-22,$0,$0,$-77,$551,$204,$0,$-16,$0,$0,$-218,$-1331,$-371,$-1935,$-182,$0,$0
27,2011-12-31,31.56,$0.00,0.0,$17.25,1.83,$7.51,4.2,$3.29,9.59,$25.94B,$24.08B,1.08,$19.58B,$14.16B,1.38,$43.79B,$32.02B,73.13%,$43.79B,$12.37B,28.26%,$43.79B,$12.37B,28.26%,$43.79B,$15.06B,34.40%,$43.79B,$12.35B,28.21%,$43.79B,$8.41B,19.20%,$8.41B,$14.16B,57.33%,$8.41B,$-4.38B,-184.38%,$8.41B,$65.91B,12.48%,$12.37B,$33.74B,33.42%,$10990,$2986,$8004,$1724,$2556,$7267,$3723,$-1033,$2679,$656,$2023,$1972,$1972,$4525,$3723,$2481,2513,$0.79,$0.78,$9463,$6214,$1316,$25938,$0,$1845,$18540,$979,$25935,$65909,$24082,$19578,$6767,$27665,$51747,$2225,$5407,$0,$14162,$65909,$8757,$2691,$0,$2691,$0,$0,$0,$0,$-2841,$10028,$-1320,$0,$1235,$0,$0,$-21,$-74,$-180,$0,$59,$0,$0,$-3100,$-5465,$-1494,$-9999,$-324,$0,$0
28,2011-09-30,28.21,$0.00,0.0,$17.41,1.62,$7.55,3.74,$2.08,13.56,$26.43B,$21.13B,1.25,$22.91B,$13.27B,1.73,$44.43B,$32.39B,72.90%,$44.43B,$8.38B,18.86%,$44.43B,$8.38B,18.86%,$44.43B,$11.16B,25.11%,$44.43B,$8.90B,20.02%,$44.43B,$5.32B,11.97%,$5.32B,$13.27B,35.72%,$5.32B,$-5.42B,-121.83%,$5.32B,$66.75B,7.92%,$8.38B,$36.17B,22.00%,$11304,$3221,$8083,$1586,$3382,$8189,$3115,$-134,$3129,$803,$2326,$2191,$2191,$4033,$3115,$2495,2536,$0.88,$0.86,$8898,$6504,$1525,$26426,$0,$2025,$18686,$811,$26227,$66753,$21127,$22905,$8179,$32358,$53485,$2244,$7252,$0,$13268,$66753,$6728,$1889,$0,$1889,$0,$0,$0,$0,$-3014,$6616,$-822,$0,$-392,$0,$0,$32,$1749,$567,$0,$-37,$0,$0,$234,$-4559,$-3601,$-7963,$-879,$0,$0
29,2011-06-30,28.96,$0.00,0.0,$16.91,1.71,$7.98,3.63,$2.00,14.48,$26.62B,$22.23B,1.2,$23.22B,$15.40B,1.51,$43.69B,$31.91B,73.05%,$43.69B,$8.30B,19.00%,$43.69B,$8.30B,19.00%,$43.69B,$11.09B,25.38%,$43.69B,$8.55B,19.58%,$43.69B,$5.21B,11.92%,$5.21B,$15.40B,33.21%,$5.21B,$-4.59B,-149.21%,$5.21B,$68.67B,7.78%,$8.30B,$38.62B,21.34%,$10950,$2683,$8267,$1656,$3827,$8167,$2783,$-202,$2598,$726,$1872,$1802,$1802,$3546,$2783,$2537,2537,$0.71,$0.70,$10011,$6970,$116,$26616,$0,$2180,$19990,$982,$27336,$68671,$22229,$23222,$6649,$31044,$53273,$2285,$9428,$0,$15398,$68671,$4457,$971,$0,$971,$0,$0,$0,$0,$-2091,$3714,$-548,$0,$1291,$0,$0,$70,$135,$948,$0,$41,$0,$0,$-1281,$-2910,$-885,$-5035,$-428,$0,$0
30,2011-03-31,25.62,$0.00,0.0,$16.47,1.56,$9.12,2.81,$1.12,22.87,$26.90B,$20.99B,1.28,$23.74B,$15.83B,1.5,$41.94B,$30.37B,72.42%,$41.94B,$4.31B,10.28%,$41.94B,$4.31B,10.28%,$41.94B,$6.99B,16.68%,$41.94B,$5.81B,13.86%,$41.94B,$2.98B,7.11%,$2.98B,$15.83B,19.36%,$2.98B,$-3.85B,-92.26%,$2.98B,$68.17B,4.52%,$4.31B,$39.57B,11.24%,$10544,$2874,$7670,$1465,$3453,$7792,$2752,$1194,$3945,$1409,$2536,$2442,$2442,$2960,$2752,$2545,2569,$0.96,$0.95,$10675,$6460,$239,$26898,$0,$2120,$19679,$1004,$26828,$68167,$20991,$23741,$6434,$31348,$52338,$2267,$9958,$0,$15829,$68167,$2536,$208,$0,$208,$0,$0,$0,$0,$-1383,$1580,$-253,$0,$-384,$0,$0,$61,$1913,$1337,$0,$-16,$0,$0,$-517,$-1479,$-86,$-2099,$756,$0,$0
31,2010-12-31,25.75,$0.00,0.0,$16.74,1.54,$9.78,2.63,$0.97,26.54,$24.80B,$19.51B,1.27,$22.90B,$15.07B,1.52,$42.68B,$30.94B,72.49%,$42.68B,$4.63B,10.84%,$42.68B,$4.63B,10.84%,$42.68B,$7.83B,18.34%,$42.68B,$4.88B,11.44%,$42.68B,$2.60B,6.08%,$2.60B,$15.07B,16.32%,$2.60B,$-3.60B,-105.17%,$2.60B,$65.03B,3.92%,$4.63B,$37.97B,11.91%,$11636,$3266,$8371,$1740,$6900,$11906,$-270,$-246,$-777,$242,$-1018,$-1116,$-1116,$617,$-270,$2545,2566,$-0.44,$-0.43,$9650,$5933,$255,$24796,$0,$2771,$18672,$1010,$26145,$65025,$19508,$22899,$6456,$30448,$49956,$2193,$7390,$0,$15069,$65025,$2865,$3202,$0,$3202,$0,$0,$0,$0,$4294,$10510,$-1523,$0,$-547,$0,$0,$-343,$-475,$-2888,$0,$-1995,$0,$0,$97,$-4956,$-1761,$-8614,$-867,$0,$0
32,2010-09-30,25.61,$0.00,0.0,$17.25,1.48,$10.14,2.53,$2.44,10.5,$26.03B,$17.42B,1.49,$23.02B,$16.45B,1.4,$44.26B,$32.34B,73.08%,$44.26B,$8.98B,20.28%,$44.26B,$8.98B,20.28%,$44.26B,$11.23B,25.38%,$44.26B,$9.29B,20.98%,$44.26B,$6.44B,14.54%,$6.44B,$16.45B,40.10%,$6.44B,$-1.92B,-296.65%,$6.44B,$66.10B,9.64%,$8.98B,$39.46B,22.97%,$10560,$2954,$7606,$1556,$3014,$7524,$3036,$-246,$2788,$707,$2081,$2082,$2082,$3967,$3036,$2669,2669,$0.78,$0.78,$9988,$6314,$446,$26026,$0,$2514,$18370,$1113,$25886,$66096,$17424,$23016,$8113,$32223,$49648,$2196,$9049,$0,$16448,$66096,$3853,$2315,$0,$2315,$0,$0,$0,$0,$860,$8264,$-1035,$0,$-259,$0,$0,$-215,$-527,$-2036,$0,$-2002,$0,$0,$-34,$-3791,$-1226,$-7053,$-747,$0,$0
33,2010-06-30,21.76,$0.00,0.0,$17.53,1.24,$10.34,2.1,$2.52,8.64,$25.48B,$17.91B,1.42,$22.15B,$14.24B,1.56,$44.80B,$32.91B,73.46%,$44.80B,$9.34B,20.85%,$44.80B,$9.34B,20.85%,$44.80B,$11.53B,25.74%,$44.80B,$9.64B,21.51%,$44.80B,$6.60B,14.74%,$6.60B,$14.24B,41.94%,$6.60B,$-3.55B,-298.55%,$6.60B,$64.23B,9.82%,$9.34B,$36.39B,23.84%,$9196,$2472,$6724,$1784,$6148,$10404,$-1208,$-221,$-145,$231,$-376,$-427,$-427,$-551,$-1208,$2372,2372,$-0.18,$-0.18,$10143,$6072,$291,$25480,$0,$2336,$17788,$994,$25055,$64231,$17906,$22152,$8938,$32086,$49992,$2114,$7331,$0,$14239,$64231,$1705,$1384,$0,$1384,$0,$0,$0,$0,$692,$6323,$-639,$0,$-243,$0,$0,$-266,$-100,$-1247,$0,$-1914,$0,$0,$-46,$-2509,$-1009,$-5478,$-283,$0,$0
34,2010-03-31,24.34,$0.00,0.0,$17.73,1.37,$9.66,2.52,$3.63,6.7,$28.66B,$18.98B,1.51,$23.77B,$17.84B,1.33,$46.13B,$34.09B,73.91%,$46.13B,$14.03B,30.42%,$46.13B,$14.03B,30.42%,$46.13B,$15.88B,34.43%,$46.13B,$12.98B,28.13%,$46.13B,$9.29B,20.15%,$9.29B,$17.84B,61.25%,$9.29B,$-0.80B,-684.44%,$9.29B,$69.57B,14.27%,$14.03B,$41.61B,36.80%,$11286,$3048,$8238,$1811,$3359,$8218,$3068,$-255,$3015,$837,$2178,$2056,$2056,$3796,$3068,$2539,2582,$0.81,$0.80,$11270,$6491,$261,$28661,$0,$2333,$18637,$1166,$26027,$69571,$18976,$23765,$7949,$32755,$51731,$2213,$10652,$0,$17841,$69571,$2178,$728,$0,$728,$0,$0,$0,$0,$-242,$3313,$-297,$0,$0,$0,$0,$-56,$-153,$-506,$0,$-952,$0,$0,$-52,$-1191,$-329,$-2525,$443,$0,$0
35,2009-12-31,26.29,$0.00,0.0,$17.07,1.54,$9.29,2.83,$3.47,7.58,$27.51B,$18.98B,1.45,$23.15B,$15.67B,1.48,$44.58B,$33.02B,74.07%,$44.58B,$13.35B,29.94%,$44.58B,$13.35B,29.94%,$44.58B,$15.34B,34.40%,$44.58B,$12.36B,27.72%,$44.58B,$8.92B,20.01%,$8.92B,$15.67B,65.52%,$8.92B,$-2.41B,-715.87%,$8.92B,$67.12B,14.43%,$13.35B,$38.82B,37.01%,$13218,$3442,$9776,$1859,$3837,$9138,$4080,$-382,$3628,$945,$2684,$2724,$2724,$4021,$4080,$2619,2619,$1.04,$1.04,$10668,$6364,$315,$27513,$0,$2112,$18077,$1019,$24926,$67118,$18976,$23153,$7158,$32475,$51451,$2217,$9898,$0,$15667,$67118,$8877,$1990,$0,$1990,$0,$0,$0,$0,$-236,$12278,$-2145,$0,$-4372,$0,$0,$-194,$427,$-6284,$0,$-160,$2126,$0,$-2,$-4702,$-1607,$-4344,$1403,$0,$0
36,2009-09-30,24.29,$0.00,0.0,$16.15,1.5,$9.71,2.5,$3.02,8.04,$28.47B,$18.26B,1.56,$24.68B,$15.23B,1.62,$41.88B,$30.05B,71.76%,$41.88B,$9.87B,23.56%,$41.88B,$9.87B,23.56%,$41.88B,$12.89B,30.79%,$41.88B,$9.81B,23.41%,$41.88B,$7.69B,18.36%,$7.69B,$15.23B,56.74%,$7.69B,$-2.09B,-1596.06%,$7.69B,$68.04B,12.15%,$9.87B,$39.92B,26.47%,$11097,$2925,$8171,$1448,$3321,$7694,$3402,$-259,$3140,$890,$2251,$2251,$2251,$4264,$3402,$2618,2618,$0.86,$0.86,$11066,$6883,$586,$28467,$0,$1755,$17327,$1157,$24174,$68039,$18255,$24681,$8154,$34551,$52805,$2325,$9359,$0,$15234,$68039,$6568,$2049,$0,$2049,$0,$0,$0,$0,$-624,$9160,$-1553,$0,$-4395,$0,$0,$-57,$584,$-5421,$0,$243,$2229,$0,$-54,$-3759,$-1083,$-2425,$1065,$0,$0
37,2009-06-30,21.47,$0.00,0.0,$16.11,1.33,$9.76,2.2,$3.10,6.93,$23.61B,$13.99B,1.69,$20.23B,$11.95B,1.69,$41.94B,$30.27B,72.17%,$41.94B,$10.12B,24.12%,$41.94B,$10.12B,24.12%,$41.94B,$12.99B,30.97%,$41.94B,$10.22B,24.37%,$41.94B,$7.93B,18.92%,$7.93B,$11.95B,59.69%,$7.93B,$-0.13B,1895.82%,$7.93B,$55.68B,12.73%,$10.12B,$32.18B,27.41%,$10527,$2620,$7907,$1506,$2921,$7047,$3480,$-206,$3192,$930,$2262,$2262,$2262,$3800,$3480,$2565,2582,$0.93,$0.93,$8726,$6053,$526,$23609,$0,$1410,$12079,$858,$18326,$55675,$13986,$20230,$8255,$29741,$43727,$2192,$6591,$0,$11947,$55675,$4072,$1187,$0,$1187,$0,$0,$0,$0,$-403,$5417,$-995,$0,$-1053,$0,$0,$-65,$714,$-1400,$0,$-729,$0,$0,$29,$-2455,$-1169,$-4324,$-678,$0,$0
38,2009-03-31,18.63,$0.00,0.0,$16.44,1.13,$9.97,1.87,$3.15,5.91,$24.40B,$14.02B,1.74,$21.72B,$11.59B,1.87,$43.10B,$31.34B,72.71%,$43.10B,$10.55B,24.48%,$43.10B,$10.55B,24.48%,$43.10B,$13.10B,30.40%,$43.10B,$11.02B,25.56%,$43.10B,$8.27B,19.19%,$8.27B,$11.59B,59.20%,$8.27B,$-0.35B,807.62%,$8.27B,$56.32B,12.84%,$10.55B,$33.32B,27.25%,$9734,$2570,$7164,$1616,$3164,$7350,$2384,$12,$2396,$715,$1681,$1681,$1681,$3251,$2384,$2627,2627,$0.64,$0.64,$9840,$5906,$139,$24399,$0,$1615,$11941,$805,$18347,$56322,$14015,$21722,$7426,$30714,$44729,$2036,$7630,$0,$11593,$56322,$1681,$867,$0,$867,$0,$0,$0,$0,$-358,$2496,$-375,$0,$-720,$0,$0,$-9,$147,$-958,$0,$239,$0,$0,$-46,$-1050,$-83,$-940,$582,$0,$0
39,2008-12-31,22.04,$0.00,0.0,$16.74,1.32,$9.16,2.4,$3.45,6.39,$32.03B,$18.58B,1.72,$28.25B,$15.43B,1.83,$44.62B,$32.72B,73.33%,$44.62B,$11.69B,26.19%,$44.62B,$11.69B,26.19%,$44.62B,$13.37B,29.96%,$44.62B,$12.35B,27.69%,$44.62B,$9.23B,20.68%,$9.23B,$15.43B,58.93%,$9.23B,$0.65B,332.35%,$9.23B,$73.07B,14.09%,$11.69B,$43.68B,29.95%,$10522,$3714,$6809,$2113,$4095,$9922,$600,$-117,$1077,$335,$742,$1495,$1495,$1579,$600,$2552,2552,$0.59,$0.59,$12744,$7524,$145,$32034,$0,$2109,$14784,$1074,$23087,$73074,$18582,$28254,$9485,$39063,$57644,$2625,$9627,$0,$15430,$73074,$8741,$2862,$0,$2862,$0,$0,$0,$0,$885,$13562,$-2629,$0,$-842,$0,$0,$-134,$-239,$-3844,$0,$-5763,$10245,$0,$-6778,$-5433,$141,$-7589,$4176,$0,$0
40,2008-09-30,25.38,$0.00,0.0,$14.77,1.72,$6.54,3.88,$3.25,7.81,$28.37B,$16.69B,1.7,$24.28B,$14.20B,1.71,$46.21B,$36.35B,78.66%,$46.21B,$19.14B,41.41%,$46.21B,$19.14B,41.41%,$46.21B,$17.98B,38.91%,$46.21B,$11.56B,25.01%,$46.21B,$9.93B,21.48%,$9.93B,$14.20B,59.78%,$9.93B,$1.51B,220.36%,$9.93B,$64.23B,15.83%,$19.14B,$38.48B,52.51%,$11158,$2770,$8389,$1582,$3153,$7505,$3654,$-97,$3557,$1060,$2496,$2496,$2496,$4358,$3654,$2656,2656,$0.94,$0.94,$11189,$6668,$110,$28368,$0,$1738,$12693,$882,$19939,$64232,$16690,$24283,$7231,$33342,$50031,$2699,$8994,$0,$14201,$64232,$7009,$1884,$0,$1884,$0,$0,$0,$0,$-140,$9612,$-1753,$0,$-615,$0,$0,$-53,$193,$-2227,$0,$-5023,$9955,$0,$-6196,$-4268,$634,$-4898,$3159,$0,$0
41,2008-06-30,25.53,$0.00,0.0,$14.48,1.76,$6.26,4.08,$3.27,7.81,$28.95B,$16.30B,1.78,$24.78B,$14.67B,1.69,$46.12B,$36.54B,79.22%,$46.12B,$19.00B,41.20%,$46.12B,$19.00B,41.20%,$46.12B,$17.96B,38.94%,$46.12B,$11.81B,25.60%,$46.12B,$10.15B,22.01%,$10.15B,$14.67B,56.25%,$10.15B,$2.29B,150.56%,$10.15B,$64.13B,16.74%,$19.00B,$39.45B,55.43%,$11689,$2712,$8978,$1582,$3481,$7774,$3915,$179,$3989,$1138,$2852,$2600,$2600,$3915,$3915,$2653,2653,$0.98,$0.98,$11260,$6951,$103,$28947,$0,$1518,$12376,$976,$19229,$64133,$16301,$24780,$6352,$33165,$49466,$2840,$9261,$0,$14668,$64133,$5204,$1179,$0,$1179,$0,$0,$0,$0,$-566,$6259,$-1165,$0,$-639,$0,$0,$-16,$2,$-1818,$0,$-4697,$10241,$0,$-4607,$-3090,$880,$-1274,$3191,$0,$0
42,2008-03-31,24.22,$0.00,0.0,$14.06,1.72,$5.94,4.08,$3.24,7.47,$24.94B,$18.47B,1.35,$16.15B,$18.33B,0.88,$45.69B,$33.97B,74.33%,$45.69B,$11.51B,25.19%,$45.69B,$11.51B,25.19%,$45.69B,$11.15B,24.41%,$45.69B,$15.83B,34.65%,$45.69B,$10.24B,22.41%,$10.24B,$18.33B,51.88%,$10.24B,$6.66B,111.04%,$10.24B,$60.41B,17.68%,$11.51B,$34.48B,35.67%,$11247,$2705,$8542,$1552,$3473,$7730,$3517,$144,$3729,$1078,$2651,$2635,$2635,$3517,$3517,$2803,2803,$0.94,$0.94,$6710,$6595,$1056,$24940,$0,$1497,$11669,$1829,$19496,$60408,$18465,$16147,$5500,$23615,$42080,$2937,$12229,$0,$18328,$60408,$0,$0,$0,$0,$0,$0,$0,$0,$0,$0,$0,$0,$0,$0,$0,$0,$0,$0,$0,$0,$0,$0,$0,$0,$0,$0,$0,$0,$0
43,2007-12-31,28.35,$0.00,0.0,$13.92,2.04,$6.52,4.35,$3.36,8.44,$27.27B,$20.70B,1.32,$14.14B,$19.22B,0.74,$45.37B,$34.73B,76.55%,$45.37B,$14.16B,31.21%,$45.37B,$14.16B,31.21%,$45.37B,$14.16B,31.21%,$45.37B,$14.91B,32.86%,$45.37B,$10.60B,23.36%,$10.60B,$19.22B,57.58%,$10.60B,$7.56B,114.12%,$10.60B,$62.04B,20.60%,$14.16B,$33.36B,49.74%,$12116,$1678,$10438,$1145,$1244,$4066,$8050,$-350,$283,$119,$164,$2194,$2194,$6191,$8050,$5626,5626,$0.39,$0.39,$9069,$6127,$1075,$27266,$0,$1693,$11658,$1377,$19122,$62037,$20700,$14141,$5591,$22121,$42821,$3008,$13675,$0,$19216,$62037,$16168,$0,$0,$0,$0,$0,$0,$0,$0,$12328,$-2963,$0,$-2055,$0,$0,$-284,$-718,$-6021,$0,$3266,$6477,$0,$-6491,$-5589,$-1147,$-3484,$2919,$0,$0
44,2007-09-30,29.63,$0.00,0.0,$13.75,2.15,$5.83,5.08,$3.37,8.79,$23.00B,$18.25B,1.26,$9.87B,$19.97B,0.49,$44.67B,$32.97B,73.79%,$44.67B,$9.22B,20.63%,$44.67B,$9.22B,20.63%,$44.67B,$12.27B,27.47%,$44.67B,$17.94B,40.16%,$44.67B,$10.71B,23.98%,$10.71B,$19.97B,59.76%,$10.71B,$10.46B,108.70%,$10.71B,$55.92B,22.46%,$9.22B,$29.84B,34.58%,$11067,$2490,$8577,$1554,$3504,$7548,$3519,$285,$3804,$1083,$2720,$2720,$2720,$4338,$3519,$2834,2834,$0.96,$0.96,$6334,$5992,$329,$23001,$0,$1710,$9511,$2009,$17833,$55919,$18248,$9873,$5582,$17706,$35954,$3044,$13779,$0,$19965,$55919,$8557,$1859,$0,$1859,$0,$0,$0,$0,$-1562,$9654,$-2059,$0,$-471,$0,$0,$-230,$-536,$-3296,$0,$911,$1510,$0,$-3755,$-4297,$-897,$-6528,$-172,$0,$0
45,2007-06-30,28.89,$0.00,0.0,$13.49,2.14,$2.89,9.98,$3.33,8.67,$21.78B,$14.31B,1.52,$9.97B,$21.43B,0.47,$44.25B,$32.74B,73.99%,$44.25B,$9.39B,21.21%,$44.25B,$9.39B,21.21%,$44.25B,$11.13B,25.14%,$44.25B,$17.93B,40.51%,$44.25B,$10.69B,24.15%,$10.69B,$21.43B,62.01%,$10.69B,$12.21B,109.91%,$10.69B,$53.26B,23.31%,$9.39B,$31.40B,36.43%,$11263,$4855,$6408,$3007,$6975,$14838,$-3575,$492,$8017,$2285,$5733,$2690,$2690,$-2894,$-3575,$2823,2823,$0.95,$0.95,$5788,$5475,$141,$21783,$0,$1757,$9218,$1864,$17152,$53258,$14306,$9971,$5244,$17522,$31827,$2987,$16094,$0,$21430,$53258,$5733,$1040,$0,$1040,$0,$0,$0,$0,$-1399,$5826,$-1320,$0,$-463,$0,$0,$-210,$-550,$-2543,$0,$1362,$0,$0,$-1590,$-3023,$-365,$-3617,$-367,$0,$0
46,2007-03-31,30.23,$0.00,0.0,$13.22,2.29,$2.82,10.72,$3.23,9.36,$14.22B,$9.75B,1.46,$6.27B,$13.02B,0.48,$43.69B,$34.82B,79.71%,$43.69B,$16.45B,37.66%,$43.69B,$16.45B,37.66%,$43.69B,$18.17B,41.59%,$43.69B,$13.38B,30.62%,$43.69B,$10.46B,23.93%,$10.46B,$13.02B,65.76%,$10.46B,$6.93B,117.37%,$10.46B,$34.55B,23.43%,$16.45B,$19.29B,68.07%,$10927,$1617,$9310,$951,$2192,$4759,$6168,$241,$2807,$799,$2008,$2995,$2995,$6526,$6168,$2826,2826,$1.06,$1.06,$3917,$3346,$127,$14223,$0,$1161,$6089,$963,$11093,$34553,$9749,$6270,$4254,$11789,$21538,$1969,$9435,$0,$13015,$34553,$2008,$359,$0,$359,$0,$0,$0,$0,$-831,$2031,$-384,$0,$-305,$0,$0,$-166,$-436,$-1292,$0,$576,$0,$0,$-419,$-952,$-48,$-844,$-96,$0,$0
47,2006-12-31,28.59,$0.00,0.0,$12.89,2.22,$3.19,8.97,$3.10,9.22,$20.26B,$13.39B,1.51,$8.80B,$17.30B,0.51,$42.96B,$33.72B,78.51%,$42.96B,$13.98B,32.54%,$42.96B,$13.98B,32.54%,$42.96B,$15.74B,36.65%,$42.96B,$14.37B,33.46%,$42.96B,$10.15B,23.62%,$10.15B,$17.30B,61.45%,$10.15B,$9.83B,109.46%,$10.15B,$47.09B,21.03%,$13.98B,$26.09B,54.75%,$11417,$2745,$8672,$1860,$3707,$8312,$3105,$206,$3312,$978,$2334,$2309,$2309,$4303,$3105,$5738,5738,$0.40,$0.40,$5603,$4491,$365,$20258,$0,$1356,$7466,$1329,$14064,$47094,$13389,$8795,$6032,$16406,$29796,$2761,$12956,$0,$17298,$47094,$10133,$1766,$0,$1766,$0,$0,$0,$0,$-1369,$8030,$-2438,$0,$-494,$0,$0,$-70,$199,$-2803,$0,$-1362,$-101,$0,$-1624,$-4948,$-796,$-8832,$-4073,$0,$0
