,Date,Stock Price,Book Value per Share,Price to Book Ratio,TTM Sales per Share,Price to Sales Ratio,TTM FCF per Share,Price to FCF Ratio,TTM Net EPS,PE Ratio,Current Assets,Current Liabilities,Current Ratio,Long Term Debt,Shareholder's Equity_x,Debt to Equity Ratio,TTM Revenue_x,TTM Gross Profit,Gross Margin,TTM Revenue_y,TTM Operating Income,Operating Margin,TTM Revenue_x,TTM EBIT,EBIT Margin,TTM Revenue_y,TTM EBITDA,EBITDA Margin,TTM Revenue_x,TTM Pre-Tax Income,Pre-Tax Margin,TTM Revenue_y,TTM Net Income_x,Net Margin,TTM Net Income_y,Shareholder's Equity_y,Return on Equity,TTM Net Income_x,Tangible Equity,Return on Tangible Equity,TTM Net Income_y,Total Assets,Return on Assets,TTM Net Income,LT Investments & Debt,Return on Investment,revenue,cost-goods-sold,gross-profit,research-development-expenses,selling-general-administrative-expenses,operating-expenses,operating-income,total-non-operating-income-expense,pre-tax-income,total-provision-income-taxes,income-after-taxes,income-from-continuous-operations,net-income,ebitda,ebit,basic-shares-outstanding,shares-outstanding,eps-basic-net-earnings-per-share,eps-earnings-per-share-diluted,cash-on-hand,inventory,other-current-assets,total-current-assets,net-property-plant-equipment,long-term-investments,goodwill-intangible-assets-total,other-long-term-assets,total-long-term-assets,total-assets,total-current-liabilities,long-term-debt,other-non-current-liabilities,total-long-term-liabilities,total-liabilities,common-stock-net,retained-earnings-accumulated-deficit,comprehensive-income,total-share-holder-equity,total-liabilities-share-holders-equity,net-income-loss,total-depreciation-amortization-cash-flow,other-non-cash-items,total-non-cash-items,change-in-accounts-receivable,change-in-inventories,change-in-accounts-payable,change-in-assets-liabilities,total-change-in-assets-liabilities,cash-flow-from-operating-activities,net-change-in-property-plant-equipment,net-change-in-intangible-assets,net-acquisitions-divestitures,net-change-in-short-term-investments,net-change-in-long-term-investments,net-change-in-investments-total,investing-activities-other,cash-flow-from-investing-activities,net-long-term-debt,net-current-debt,debt-issuance-retirement-net-total,net-common-equity-issued-repurchased,net-total-equity-issued-repurchased,total-common-preferred-stock-dividends-paid,financial-activities-other,cash-flow-from-financial-activities,net-cash-flow,stock-based-compensation,common-stock-dividends-paid
0,2018-09-30,1.1,$4.80,0.23,$3.01,0.37,$2.38,0.46,$-1.83,0.0,$0.11B,$0.06B,1.69,$0.36B,$0.26B,1.36,$0.15B,$0.10B,70.34%,$0.15B,$-0.03B,-18.62%,$0.15B,$-0.03B,-18.62%,$0.15B,$0.02B,11.72%,$0.15B,$-0.08B,-57.93%,$0.15B,$-0.09B,-60.69%,$-0.09B,$0.26B,-34.11%,$-0.09B,$0.26B,-34.11%,$-0.09B,$0.69B,-12.90%,$-0.03B,$0.62B,-4.39%,$36,$11,$25,$0,$1,$21,$15,$-11,$5,$0,$5,$5,$4,$25,$15,$48,48,$0.08,$0.08,$95,$3,$2,$106,$587,$0,$0,$0,$588,$693,$63,$360,$7,$367,$429,$1,$-124,$0,$264,$693,$14,$27,$0,$27,$-2,$-3,$6,$-1,$-0,$41,$-14,$0,$0,$0,$0,$0,$0,$-14,$0,$-2,$-2,$0,$0,$-4,$0,$-6,$22,$0,$-2
1,2018-06-30,1.32,$4.73,0.28,$3.12,0.42,$2.68,0.49,$-1.72,0.0,$0.08B,$0.05B,1.43,$0.35B,$0.26B,1.35,$0.15B,$0.11B,72.00%,$0.15B,$-0.02B,-14.67%,$0.15B,$-0.02B,-14.67%,$0.15B,$0.02B,14.67%,$0.15B,$-0.08B,-52.67%,$0.15B,$-0.08B,-55.33%,$-0.08B,$0.26B,-29.67%,$-0.08B,$0.26B,-29.67%,$-0.08B,$0.67B,-11.85%,$-0.02B,$0.61B,-3.44%,$35,$10,$25,$0,$1,$20,$15,$-10,$5,$0,$5,$5,$4,$24,$15,$48,48,$0.08,$0.08,$70,$3,$2,$77,$595,$0,$0,$0,$595,$672,$54,$351,$7,$358,$412,$1,$-127,$0,$260,$672,$10,$18,$0,$18,$-1,$-2,$-2,$-2,$-7,$21,$-12,$0,$0,$0,$0,$0,$-1,$-13,$0,$-10,$-10,$0,$0,$-2,$0,$-12,$-4,$0,$0
2,2018-03-31,1.1,$4.65,0.24,$3.24,0.34,$3.25,0.34,$-1.66,0.0,$0.10B,$0.07B,1.48,$0.36B,$0.26B,1.41,$0.16B,$0.11B,72.26%,$0.16B,$-0.02B,-11.61%,$0.16B,$-0.02B,-11.61%,$0.16B,$0.03B,17.42%,$0.16B,$-0.08B,-49.03%,$0.16B,$-0.08B,-51.61%,$-0.08B,$0.26B,-26.62%,$-0.08B,$0.26B,-26.62%,$-0.08B,$0.69B,-11.05%,$-0.02B,$0.62B,-2.71%,$36,$11,$26,$0,$2,$21,$15,$-11,$5,$0,$5,$5,$4,$24,$15,$48,48,$0.09,$0.09,$91,$3,$1,$97,$591,$0,$0,$1,$592,$689,$66,$360,$8,$367,$433,$1,$-132,$0,$256,$689,$5,$9,$0,$9,$-1,$-2,$8,$2,$6,$20,$-0,$0,$0,$0,$0,$0,$-2,$-2,$0,$0,$0,$0,$0,$-1,$0,$-1,$18,$0,$0
3,2017-12-31,1.16,$4.57,0.25,$3.31,0.35,$2.99,0.39,$-1.61,0.0,$0.08B,$0.06B,1.36,$0.36B,$0.25B,1.43,$0.16B,$0.12B,72.33%,$0.16B,$-0.02B,-9.43%,$0.16B,$-0.02B,-9.43%,$0.16B,$0.03B,20.13%,$0.16B,$-0.07B,-45.91%,$0.16B,$-0.08B,-48.43%,$-0.08B,$0.25B,-24.02%,$-0.08B,$0.25B,-24.02%,$-0.08B,$0.68B,-10.34%,$-0.02B,$0.61B,-2.17%,$38,$12,$26,$0,$1,$110,$-72,$-27,$-99,$0,$-99,$-99,$-100,$-56,$-72,$48,48,$-2.08,$-2.08,$73,$1,$2,$77,$598,$0,$0,$0,$598,$675,$57,$359,$8,$367,$424,$1,$-136,$0,$252,$675,$-74,$46,$88,$134,$-0,$-0,$-3,$1,$-2,$58,$-0,$0,$0,$0,$0,$0,$-5,$-5,$0,$-18,$-18,$0,$0,$-3,$-13,$-34,$19,$0,$0
4,2017-09-30,1.57,$6.39,0.25,$3.39,0.46,$3.28,0.48,$-0.68,0.0,$0.07B,$0.04B,1.96,$0.37B,$0.35B,1.05,$0.16B,$0.12B,73.46%,$0.16B,$0.01B,7.41%,$0.16B,$0.01B,7.41%,$0.16B,$0.05B,33.33%,$0.16B,$-0.03B,-17.28%,$0.16B,$-0.03B,-19.75%,$-0.03B,$0.35B,-9.42%,$-0.03B,$0.35B,-9.42%,$-0.03B,$0.77B,-4.16%,$0.01B,$0.72B,1.67%,$41,$11,$31,$0,$1,$21,$20,$-10,$10,$0,$10,$10,$9,$30,$20,$48,48,$0.19,$0.19,$66,$1,$1,$70,$695,$0,$0,$0,$695,$765,$36,$369,$8,$378,$414,$1,$-36,$0,$351,$765,$25,$31,$0,$31,$-2,$-0,$-8,$2,$-9,$47,$-5,$0,$0,$0,$0,$0,$0,$-5,$0,$-28,$-28,$0,$0,$-2,$0,$-31,$11,$0,$0
5,2017-06-30,1.22,$6.23,0.2,$3.39,0.36,$3.30,0.37,$-1.36,0.0,$0.06B,$0.05B,1.36,$0.37B,$0.34B,1.08,$0.16B,$0.12B,72.22%,$0.16B,$-0.02B,-12.35%,$0.16B,$-0.02B,-12.35%,$0.16B,$0.02B,14.20%,$0.16B,$-0.06B,-37.65%,$0.16B,$-0.07B,-40.12%,$-0.07B,$0.34B,-18.68%,$-0.07B,$0.34B,-18.68%,$-0.07B,$0.77B,-8.23%,$-0.02B,$0.71B,-2.71%,$40,$11,$29,$0,$1,$22,$19,$-11,$8,$0,$8,$8,$7,$29,$19,$48,48,$0.14,$0.14,$59,$1,$1,$62,$704,$0,$0,$0,$704,$766,$46,$369,$9,$378,$424,$1,$-45,$0,$343,$766,$15,$21,$0,$21,$-0,$-0,$-1,$1,$0,$36,$-0,$0,$0,$0,$0,$0,$-4,$-4,$0,$-25,$-25,$0,$0,$-2,$0,$-27,$5,$0,$0
6,2017-03-31,1.48,$6.11,0.24,$3.41,0.43,$3.27,0.45,$-1.37,0.0,$0.06B,$0.04B,1.53,$0.39B,$0.34B,1.16,$0.16B,$0.12B,72.39%,$0.16B,$-0.02B,-12.88%,$0.16B,$-0.02B,-12.88%,$0.16B,$0.02B,14.11%,$0.16B,$-0.06B,-38.04%,$0.16B,$-0.07B,-40.49%,$-0.07B,$0.34B,-18.13%,$-0.07B,$0.34B,-18.13%,$-0.07B,$0.77B,-8.06%,$-0.02B,$0.73B,-2.74%,$40,$10,$29,$0,$1,$21,$18,$-11,$8,$0,$8,$8,$7,$29,$18,$48,48,$0.14,$0.14,$57,$1,$1,$60,$713,$0,$0,$0,$713,$773,$39,$389,$9,$398,$438,$1,$-52,$0,$336,$773,$8,$10,$0,$10,$-1,$-0,$-10,$0,$-10,$8,$0,$0,$0,$0,$0,$0,$-2,$-2,$0,$-3,$-3,$0,$0,$-1,$0,$-4,$3,$0,$0
7,2016-12-31,1.5,$5.98,0.25,$3.48,0.43,$3.24,0.46,$-1.41,0.0,$0.06B,$0.05B,1.17,$0.39B,$0.33B,1.18,$0.17B,$0.12B,72.29%,$0.17B,$-0.02B,-12.65%,$0.17B,$-0.02B,-12.65%,$0.17B,$0.02B,14.46%,$0.17B,$-0.07B,-39.16%,$0.17B,$-0.07B,-40.96%,$-0.07B,$0.33B,-17.88%,$-0.07B,$0.33B,-17.88%,$-0.07B,$0.78B,-8.06%,$-0.02B,$0.72B,-2.65%,$41,$11,$30,$0,$2,$86,$-45,$-9,$-54,$0,$-54,$-54,$-55,$-34,$-45,$48,48,$-1.16,$-1.16,$54,$1,$1,$57,$719,$0,$0,$0,$719,$776,$49,$389,$10,$399,$447,$1,$-58,$0,$329,$776,$-65,$46,$90,$136,$0,$0,$-2,$2,$0,$71,$-0,$0,$0,$0,$0,$0,$-7,$-7,$0,$-60,$-60,$0,$0,$-3,$0,$-64,$1,$0,$0
8,2016-09-30,1.66,$6.98,0.24,$3.53,0.47,$1.00,1.66,$-0.13,0.0,$0.05B,$0.04B,1.41,$0.41B,$0.38B,1.08,$0.17B,$0.12B,72.19%,$0.17B,$0.04B,25.44%,$0.17B,$0.04B,25.44%,$0.17B,$0.09B,52.66%,$0.17B,$-0.00B,-2.37%,$0.17B,$-0.01B,-4.14%,$-0.01B,$0.38B,-1.76%,$-0.01B,$0.38B,-1.76%,$-0.01B,$0.85B,-0.80%,$0.04B,$0.80B,5.23%,$41,$12,$29,$0,$1,$53,$-12,$-11,$-23,$0,$-23,$-23,$-24,$-1,$-12,$48,48,$-0.49,$-0.49,$49,$1,$2,$53,$791,$0,$0,$0,$792,$845,$37,$413,$10,$423,$461,$1,$-3,$0,$384,$845,$-11,$35,$29,$63,$-0,$0,$-11,$2,$-9,$43,$-0,$0,$0,$0,$0,$0,$-4,$-4,$0,$-42,$-42,$0,$0,$-2,$0,$-44,$-5,$0,$0
9,2016-06-30,1.27,$7.41,0.17,$3.56,0.36,$-1.44,0.0,$-0.50,0.0,$0.06B,$0.05B,1.19,$0.42B,$0.41B,1.03,$0.17B,$0.12B,71.76%,$0.17B,$0.03B,15.88%,$0.17B,$0.03B,15.88%,$0.17B,$0.07B,43.53%,$0.17B,$-0.02B,-12.35%,$0.17B,$-0.02B,-14.12%,$-0.02B,$0.41B,-6.00%,$-0.02B,$0.41B,-6.00%,$-0.02B,$0.88B,-2.69%,$0.03B,$0.83B,3.21%,$41,$11,$30,$0,$1,$23,$18,$-11,$7,$0,$7,$7,$6,$29,$18,$48,48,$0.13,$0.13,$50,$1,$2,$55,$828,$0,$0,$0,$828,$883,$46,$419,$11,$429,$476,$1,$20,$0,$407,$883,$12,$23,$-0,$23,$-0,$0,$-1,$1,$-1,$34,$-0,$0,$0,$0,$0,$0,$-1,$-1,$0,$-35,$-35,$0,$-2,$0,$0,$-37,$-3,$0,$0
10,2016-03-31,1.15,$7.30,0.16,$3.55,0.32,$-2.72,0.0,$-0.57,0.0,$0.03B,$0.03B,1.0,$0.42B,$0.40B,1.06,$0.17B,$0.12B,70.59%,$0.17B,$0.02B,14.12%,$0.17B,$0.02B,14.12%,$0.17B,$0.07B,42.35%,$0.17B,$-0.02B,-14.12%,$0.17B,$-0.03B,-15.88%,$-0.03B,$0.40B,-6.61%,$-0.03B,$0.40B,-6.61%,$-0.03B,$0.87B,-2.99%,$0.02B,$0.83B,2.79%,$43,$11,$31,$0,$2,$24,$18,$-13,$5,$0,$5,$5,$5,$30,$18,$48,48,$0.10,$0.10,$31,$1,$0,$34,$836,$0,$0,$0,$836,$870,$34,$424,$11,$435,$469,$1,$14,$0,$401,$870,$5,$12,$0,$12,$-1,$0,$-10,$1,$-10,$7,$-0,$0,$0,$0,$0,$0,$-0,$-0,$0,$-29,$-29,$0,$-1,$0,$0,$-30,$-23,$0,$0
11,2015-12-31,2.6,$7.22,0.36,$3.45,0.75,$-2.83,0.0,$-0.67,0.0,$0.06B,$0.05B,1.08,$0.44B,$0.40B,1.12,$0.17B,$0.11B,69.09%,$0.17B,$0.02B,11.52%,$0.17B,$0.02B,11.52%,$0.17B,$0.07B,40.00%,$0.17B,$-0.03B,-16.97%,$0.17B,$-0.03B,-19.39%,$-0.03B,$0.40B,-7.66%,$-0.03B,$0.40B,-7.66%,$-0.03B,$0.91B,-3.50%,$0.02B,$0.84B,2.17%,$44,$12,$32,$0,$2,$25,$19,$-12,$7,$-0,$7,$7,$6,$31,$19,$48,48,$0.13,$0.13,$54,$1,$2,$58,$847,$0,$0,$0,$847,$905,$54,$443,$12,$455,$508,$1,$10,$0,$397,$905,$-29,$47,$45,$92,$0,$-0,$1,$-2,$-1,$62,$-99,$0,$0,$0,$0,$0,$-3,$-101,$0,$73,$73,$0,$0,$-13,$-1,$59,$20,$0,$-10
12,2015-09-30,4.51,$7.19,0.63,$3.30,1.37,$-1.95,0.0,$-0.82,0.0,$0.03B,$0.02B,1.89,$0.48B,$0.40B,1.22,$0.16B,$0.11B,67.09%,$0.16B,$0.01B,7.59%,$0.16B,$0.01B,7.59%,$0.16B,$0.06B,36.71%,$0.16B,$-0.04B,-22.15%,$0.16B,$-0.04B,-24.68%,$-0.04B,$0.40B,-9.11%,$-0.04B,$0.40B,-9.11%,$-0.04B,$0.91B,-4.31%,$0.01B,$0.88B,1.37%,$42,$13,$29,$0,$2,$70,$-28,$-12,$-40,$0,$-40,$-40,$-41,$-16,$-28,$48,48,$-0.86,$-0.86,$24,$1,$0,$31,$862,$0,$0,$5,$875,$906,$16,$483,$12,$495,$511,$1,$8,$0,$395,$906,$-36,$36,$45,$80,$2,$-0,$-11,$-0,$-10,$34,$-108,$0,$0,$0,$0,$0,$-3,$-111,$0,$75,$75,$0,$0,$-7,$-1,$67,$-9,$0,$-5
13,2015-06-30,5.54,$8.03,0.69,$3.13,1.77,$0.31,18.11,$0.17,32.58,$0.05B,$0.02B,2.66,$0.46B,$0.44B,1.03,$0.15B,$0.10B,66.00%,$0.15B,$0.05B,33.33%,$0.15B,$0.05B,33.33%,$0.15B,$0.10B,63.33%,$0.15B,$0.01B,8.00%,$0.15B,$0.01B,5.33%,$0.01B,$0.44B,1.82%,$0.01B,$0.44B,1.82%,$0.01B,$0.93B,0.89%,$0.05B,$0.90B,5.74%,$41,$13,$28,$0,$2,$26,$15,$-12,$4,$0,$4,$4,$3,$27,$15,$48,48,$0.06,$0.06,$41,$1,$0,$49,$869,$0,$0,$0,$878,$927,$18,$455,$13,$468,$486,$1,$54,$0,$441,$927,$4,$23,$0,$24,$1,$-0,$-2,$0,$-1,$27,$-54,$0,$0,$0,$0,$0,$-3,$-57,$0,$40,$40,$0,$0,$-2,$-0,$38,$8,$0,$0
14,2015-03-31,5.18,$7.97,0.65,$2.98,1.74,$1.67,3.1,$0.06,86.4,$0.03B,$0.01B,2.79,$0.46B,$0.44B,1.04,$0.14B,$0.09B,64.34%,$0.14B,$0.05B,31.47%,$0.14B,$0.05B,31.47%,$0.14B,$0.09B,61.54%,$0.14B,$0.01B,4.20%,$0.14B,$0.00B,2.10%,$0.00B,$0.44B,0.70%,$0.00B,$0.44B,0.70%,$0.00B,$0.92B,0.34%,$0.05B,$0.89B,5.30%,$38,$12,$25,$0,$2,$25,$13,$-12,$1,$0,$1,$1,$0,$24,$13,$48,48,$0.00,$0.00,$19,$1,$0,$25,$881,$0,$0,$0,$891,$915,$9,$455,$13,$468,$477,$1,$51,$0,$438,$915,$1,$12,$0,$12,$1,$-0,$-11,$0,$-11,$2,$0,$0,$0,$0,$0,$0,$-56,$-56,$0,$40,$40,$0,$0,$-1,$0,$39,$-15,$0,$0
15,2014-12-31,4.3,$7.97,0.54,$2.90,1.48,$2.07,2.08,$0.10,43.04,$0.04B,$0.02B,1.84,$0.40B,$0.44B,0.92,$0.14B,$0.09B,64.75%,$0.14B,$0.04B,30.94%,$0.14B,$0.04B,30.94%,$0.14B,$0.09B,63.31%,$0.14B,$0.01B,5.04%,$0.14B,$0.01B,3.60%,$0.01B,$0.44B,1.19%,$0.01B,$0.44B,1.19%,$0.01B,$0.87B,0.57%,$0.04B,$0.84B,5.18%,$37,$13,$24,$0,$2,$25,$12,$-12,$-0,$0,$-0,$-0,$-1,$23,$12,$48,48,$-0.02,$-0.02,$33,$1,$0,$37,$837,$0,$0,$0,$837,$874,$20,$402,$14,$416,$436,$1,$51,$0,$438,$874,$6,$46,$-8,$38,$4,$-1,$7,$7,$17,$61,$-55,$0,$0,$0,$0,$0,$-25,$-80,$-366,$414,$47,$0,$-3,$-1,$-16,$28,$9,$0,$0
16,2014-09-30,3.84,$7.99,0.48,$2.89,1.33,$3.50,1.09,$0.29,13.23,$0.08B,$0.01B,7.78,$0.41B,$0.44B,0.94,$0.14B,$0.09B,65.22%,$0.14B,$0.04B,31.88%,$0.14B,$0.04B,31.88%,$0.14B,$0.09B,63.77%,$0.14B,$0.02B,10.87%,$0.14B,$0.01B,10.14%,$0.01B,$0.44B,3.42%,$0.01B,$0.44B,3.42%,$0.01B,$0.88B,1.59%,$0.04B,$0.85B,5.51%,$34,$12,$22,$0,$2,$24,$10,$-3,$7,$0,$7,$7,$6,$21,$10,$48,48,$0.13,$0.13,$64,$0,$0,$76,$791,$0,$0,$0,$802,$877,$10,$414,$14,$429,$438,$1,$52,$0,$439,$877,$6,$34,$-8,$27,$4,$-0,$-3,$0,$1,$34,$0,$0,$0,$0,$0,$0,$-23,$-23,$-366,$414,$47,$0,$-3,$-0,$-16,$29,$40,$0,$0
17,2014-06-30,3.94,$7.26,0.54,$2.92,1.35,$3.96,0.99,$0.31,12.71,$0.08B,$0.02B,4.12,$0.41B,$0.40B,1.04,$0.14B,$0.09B,66.43%,$0.14B,$0.05B,33.57%,$0.14B,$0.05B,33.57%,$0.14B,$0.09B,64.29%,$0.14B,$0.02B,10.71%,$0.14B,$0.02B,10.71%,$0.02B,$0.40B,3.77%,$0.02B,$0.40B,3.77%,$0.02B,$0.89B,1.71%,$0.05B,$0.81B,6.15%,$34,$12,$21,$0,$2,$24,$10,$-12,$-2,$0,$-2,$-2,$-2,$20,$10,$48,48,$-0.05,$-0.05,$72,$0,$0,$83,$798,$0,$0,$0,$810,$893,$20,$414,$15,$474,$494,$1,$46,$0,$399,$893,$-0,$24,$1,$24,$5,$-0,$10,$0,$14,$38,$0,$0,$0,$0,$0,$0,$-22,$-22,$-366,$414,$47,$0,$0,$0,$-16,$32,$48,$0,$0
18,2014-03-31,4.16,$7.30,0.57,$2.97,1.4,$4.00,1.04,$0.57,7.3,$0.07B,$0.01B,6.1,$0.41B,$0.40B,1.03,$0.14B,$0.10B,67.61%,$0.14B,$0.05B,35.21%,$0.14B,$0.05B,35.21%,$0.14B,$0.09B,65.49%,$0.14B,$0.03B,19.01%,$0.14B,$0.03B,19.01%,$0.03B,$0.40B,6.86%,$0.03B,$0.40B,6.86%,$0.03B,$0.89B,3.09%,$0.05B,$0.82B,6.72%,$34,$12,$23,$0,$2,$23,$11,$-9,$2,$0,$2,$2,$2,$24,$11,$48,48,$0.04,$0.04,$55,$0,$0,$66,$808,$0,$0,$0,$820,$886,$11,$414,$15,$474,$485,$1,$48,$0,$401,$886,$2,$13,$1,$14,$5,$0,$1,$0,$5,$21,$0,$0,$0,$0,$0,$0,$-22,$-22,$-366,$414,$47,$0,$0,$0,$-15,$32,$31,$0,$0
19,2013-12-31,5.75,$7.27,0.79,$3.00,1.92,$4.01,1.43,$0.68,8.45,$0.04B,$0.07B,0.56,$0.32B,$0.40B,0.79,$0.14B,$0.10B,67.83%,$0.14B,$0.05B,35.66%,$0.14B,$0.05B,35.66%,$0.14B,$0.09B,63.64%,$0.14B,$0.03B,22.38%,$0.14B,$0.03B,22.38%,$0.03B,$0.40B,8.27%,$0.03B,$0.40B,8.27%,$0.03B,$0.86B,3.66%,$0.05B,$0.72B,7.05%,$36,$12,$24,$0,$1,$23,$13,$-5,$8,$0,$8,$8,$8,$23,$13,$48,48,$0.17,$0.17,$25,$0,$0,$38,$818,$0,$0,$0,$820,$858,$69,$316,$28,$390,$459,$1,$46,$0,$399,$858,$33,$40,$0,$40,$4,$0,$-2,$0,$2,$74,$0,$-0,$0,$0,$0,$0,$-17,$-17,$-59,$0,$-59,$0,$0,$0,$0,$-59,$-2,$0,$0
20,2013-09-30,4.95,$7.13,0.69,$3.01,1.65,$4.21,1.18,$0.68,7.29,$0.04B,$0.08B,0.49,$0.32B,$0.39B,0.83,$0.14B,$0.10B,68.53%,$0.14B,$0.05B,35.66%,$0.14B,$0.05B,35.66%,$0.14B,$0.09B,63.64%,$0.14B,$0.03B,22.38%,$0.14B,$0.03B,22.38%,$0.03B,$0.39B,8.44%,$0.03B,$0.39B,8.44%,$0.03B,$0.87B,3.61%,$0.05B,$0.72B,6.99%,$36,$11,$25,$0,$1,$23,$13,$-6,$7,$0,$7,$7,$7,$23,$13,$48,48,$0.15,$0.15,$27,$0,$0,$38,$828,$0,$0,$0,$830,$868,$78,$323,$30,$398,$477,$1,$38,$0,$391,$868,$25,$30,$-0,$29,$6,$0,$-5,$0,$2,$56,$0,$0,$0,$0,$0,$0,$-14,$-14,$-41,$0,$-41,$0,$0,$0,$0,$-41,$1,$0,$0
21,2013-06-30,3.81,$6.99,0.54,$3.08,1.24,$4.48,0.85,$0.71,5.36,$0.04B,$0.08B,0.54,$0.35B,$0.38B,0.9,$0.15B,$0.10B,69.18%,$0.15B,$0.06B,37.67%,$0.15B,$0.06B,37.67%,$0.15B,$0.10B,65.07%,$0.15B,$0.03B,22.60%,$0.15B,$0.03B,22.60%,$0.03B,$0.38B,8.90%,$0.03B,$0.38B,8.90%,$0.03B,$0.88B,3.69%,$0.06B,$0.73B,7.46%,$36,$12,$24,$0,$1,$23,$13,$-3,$10,$0,$10,$10,$10,$23,$13,$48,48,$0.21,$0.21,$31,$0,$0,$40,$838,$0,$0,$0,$841,$881,$75,$345,$32,$422,$497,$1,$31,$0,$384,$881,$17,$20,$-2,$18,$9,$0,$-3,$0,$5,$40,$0,$0,$0,$0,$0,$0,$-10,$-10,$-26,$0,$-26,$0,$0,$0,$0,$-26,$5,$0,$0
22,2013-03-31,4.3,$6.81,0.63,$3.15,1.37,$4.55,0.95,$0.66,6.52,$0.04B,$0.08B,0.51,$0.36B,$0.37B,0.96,$0.15B,$0.11B,70.47%,$0.15B,$0.06B,39.60%,$0.15B,$0.06B,39.60%,$0.15B,$0.10B,66.44%,$0.15B,$0.03B,20.81%,$0.15B,$0.03B,20.81%,$0.03B,$0.37B,8.56%,$0.03B,$0.37B,8.56%,$0.03B,$0.89B,3.42%,$0.06B,$0.73B,7.91%,$35,$12,$24,$0,$2,$23,$12,$-5,$7,$0,$7,$7,$7,$22,$12,$48,48,$0.15,$0.15,$26,$0,$0,$38,$848,$0,$0,$0,$851,$889,$75,$358,$37,$440,$515,$1,$21,$0,$374,$889,$7,$10,$0,$10,$6,$0,$-2,$0,$4,$21,$0,$0,$0,$0,$0,$0,$-6,$-6,$-15,$0,$-15,$0,$0,$0,$0,$-15,$-0,$0,$0
23,2012-12-31,2.81,$6.68,0.42,$3.22,0.87,$4.58,0.61,$0.68,4.14,$0.04B,$0.08B,0.58,$0.38B,$0.37B,1.02,$0.15B,$0.11B,71.05%,$0.15B,$0.06B,40.79%,$0.15B,$0.06B,40.79%,$0.15B,$0.10B,67.11%,$0.15B,$0.03B,21.05%,$0.15B,$0.03B,21.05%,$0.03B,$0.37B,9.03%,$0.03B,$0.37B,9.03%,$0.03B,$0.90B,3.48%,$0.06B,$0.74B,8.23%,$36,$12,$25,$0,$1,$23,$13,$-5,$8,$0,$8,$8,$8,$23,$13,$48,48,$0.16,$0.16,$26,$0,$0,$44,$856,$0,$0,$0,$860,$904,$76,$375,$41,$461,$537,$1,$14,$0,$367,$904,$32,$39,$9,$49,$-1,$0,$4,$0,$3,$84,$0,$0,$0,$0,$0,$0,$-24,$-24,$-58,$0,$-58,$0,$-3,$0,$2,$-59,$0,$0,$0
24,2012-09-30,3.26,$6.53,0.5,$3.30,0.99,$4.40,0.74,$0.74,4.41,$0.04B,$0.07B,0.55,$0.39B,$0.36B,1.08,$0.16B,$0.11B,71.15%,$0.16B,$0.07B,42.31%,$0.16B,$0.07B,42.31%,$0.16B,$0.11B,67.31%,$0.16B,$0.04B,22.44%,$0.16B,$0.04B,22.44%,$0.04B,$0.36B,10.12%,$0.04B,$0.36B,10.12%,$0.04B,$0.91B,3.77%,$0.07B,$0.75B,8.67%,$39,$11,$28,$0,$1,$23,$17,$-8,$8,$0,$8,$8,$8,$27,$17,$47,48,$0.18,$0.18,$29,$0,$0,$40,$865,$0,$0,$0,$868,$908,$72,$388,$44,$478,$549,$1,$6,$0,$358,$908,$24,$30,$9,$39,$6,$0,$-0,$0,$6,$69,$0,$0,$0,$0,$0,$0,$-18,$-18,$-47,$0,$-47,$0,$-3,$0,$3,$-47,$4,$0,$0
25,2012-06-30,3.06,$6.38,0.48,$3.29,0.93,$4.31,0.71,$0.54,5.67,$0.05B,$0.07B,0.7,$0.41B,$0.35B,1.18,$0.16B,$0.11B,70.51%,$0.16B,$0.06B,41.03%,$0.16B,$0.06B,41.03%,$0.16B,$0.10B,66.03%,$0.16B,$0.03B,16.67%,$0.16B,$0.03B,16.67%,$0.03B,$0.35B,7.71%,$0.03B,$0.35B,7.71%,$0.03B,$0.93B,2.77%,$0.06B,$0.76B,8.31%,$39,$11,$28,$0,$1,$23,$17,$-9,$8,$0,$8,$8,$8,$27,$17,$47,48,$0.16,$0.16,$35,$0,$0,$52,$874,$0,$0,$0,$878,$929,$74,$413,$45,$506,$579,$1,$-3,$0,$350,$929,$15,$20,$6,$25,$0,$0,$2,$0,$3,$44,$0,$0,$0,$0,$0,$0,$-13,$-13,$-24,$0,$-24,$0,$0,$0,$0,$-24,$7,$0,$0
26,2012-03-31,3.35,$6.24,0.54,$3.29,1.02,$4.22,0.79,$0.13,25.75,$0.05B,$0.08B,0.61,$0.42B,$0.34B,1.23,$0.16B,$0.11B,70.51%,$0.16B,$0.05B,31.41%,$0.16B,$0.05B,31.41%,$0.16B,$0.09B,56.41%,$0.16B,$0.01B,3.85%,$0.16B,$0.01B,3.85%,$0.01B,$0.34B,1.81%,$0.01B,$0.34B,1.81%,$0.01B,$0.94B,0.63%,$0.05B,$0.76B,6.30%,$38,$12,$27,$0,$2,$23,$15,$-7,$8,$-0,$8,$8,$8,$25,$15,$47,47,$0.17,$0.17,$33,$0,$0,$50,$884,$0,$0,$0,$887,$938,$83,$420,$44,$512,$595,$1,$-10,$0,$342,$938,$8,$10,$2,$12,$-0,$0,$3,$0,$2,$22,$0,$0,$0,$0,$0,$0,$-6,$-6,$-12,$0,$-12,$0,$0,$0,$0,$-12,$4,$0,$0
27,2011-12-31,1.73,$6.09,0.28,$3.30,0.52,$4.17,0.42,$0.19,9.11,$0.05B,$0.07B,0.65,$0.44B,$0.33B,1.31,$0.16B,$0.11B,70.70%,$0.16B,$0.05B,31.85%,$0.16B,$0.05B,31.85%,$0.16B,$0.09B,56.69%,$0.16B,$0.01B,5.73%,$0.16B,$0.01B,5.73%,$0.01B,$0.33B,2.73%,$0.01B,$0.33B,2.76%,$0.01B,$0.94B,0.94%,$0.05B,$0.77B,6.33%,$40,$11,$28,$0,$2,$23,$17,$-6,$11,$-0,$11,$11,$11,$26,$17,$47,47,$0.23,$0.23,$29,$0,$0,$46,$890,$0,$0,$0,$894,$940,$70,$438,$49,$535,$605,$1,$-18,$0,$334,$940,$9,$39,$34,$74,$-7,$0,$-1,$0,$-8,$75,$0,$-0,$0,$0,$0,$0,$-27,$-27,$-49,$0,$-49,$0,$0,$0,$-1,$-50,$-3,$1,$0
28,2011-09-30,2.01,$5.90,0.34,$3.32,0.61,$4.08,0.49,$-0.01,0.0,$0.05B,$0.07B,0.71,$0.46B,$0.32B,1.42,$0.16B,$0.11B,71.34%,$0.16B,$0.03B,20.38%,$0.16B,$0.03B,20.38%,$0.16B,$0.07B,45.86%,$0.16B,$-0.00B,-0.64%,$0.16B,$-0.00B,-0.64%,$-0.00B,$0.32B,-0.31%,$-0.00B,$0.32B,-0.31%,$-0.00B,$0.95B,-0.10%,$0.03B,$0.78B,4.00%,$39,$12,$27,$0,$2,$24,$15,$-16,$-1,$0,$-1,$-1,$-1,$25,$15,$47,47,$-0.02,$-0.02,$42,$0,$0,$51,$900,$0,$0,$0,$903,$954,$72,$459,$52,$559,$631,$1,$-29,$0,$323,$954,$-2,$29,$34,$63,$0,$0,$2,$0,$3,$64,$-0,$-0,$0,$0,$0,$0,$-20,$-20,$-34,$0,$-34,$0,$0,$0,$0,$-34,$10,$0,$0
29,2011-06-30,5.1,$5.94,0.86,$3.35,1.52,$4.06,1.26,$-0.05,0.0,$0.05B,$0.07B,0.67,$0.47B,$0.32B,1.45,$0.16B,$0.11B,72.15%,$0.16B,$0.03B,21.52%,$0.16B,$0.03B,21.52%,$0.16B,$0.07B,46.84%,$0.16B,$-0.00B,-1.90%,$0.16B,$-0.00B,-2.53%,$-0.00B,$0.32B,-1.22%,$-0.00B,$0.32B,-1.25%,$-0.00B,$0.95B,-0.41%,$0.03B,$0.79B,4.19%,$39,$11,$28,$0,$2,$37,$2,$-14,$-12,$0,$-12,$-12,$-12,$12,$2,$47,47,$-0.25,$-0.25,$35,$0,$0,$45,$906,$0,$0,$0,$909,$954,$67,$469,$46,$563,$630,$1,$-28,$0,$324,$954,$-1,$19,$22,$42,$-0,$0,$-2,$0,$-2,$39,$0,$-0,$0,$0,$0,$0,$-11,$-11,$-24,$0,$-24,$0,$0,$0,$0,$-24,$4,$0,$0
30,2011-03-31,6.73,$6.15,1.1,$3.38,1.99,$4.18,1.61,$0.11,61.21,$0.04B,$0.07B,0.63,$0.48B,$0.34B,1.43,$0.16B,$0.12B,72.33%,$0.16B,$0.05B,30.82%,$0.16B,$0.05B,30.82%,$0.16B,$0.09B,55.97%,$0.16B,$0.00B,2.52%,$0.16B,$0.00B,1.89%,$0.00B,$0.34B,0.92%,$0.00B,$0.32B,0.94%,$0.00B,$0.97B,0.30%,$0.05B,$0.81B,6.00%,$39,$11,$28,$0,$2,$23,$16,$-5,$11,$0,$11,$11,$11,$26,$16,$47,47,$0.23,$0.23,$32,$0,$0,$41,$913,$0,$14,$0,$931,$972,$66,$479,$43,$570,$637,$1,$-16,$0,$336,$972,$11,$10,$-0,$10,$-0,$0,$-1,$0,$-1,$20,$0,$-0,$0,$0,$0,$0,$-6,$-6,$-14,$0,$-14,$0,$0,$0,$0,$-14,$0,$0,$0
31,2010-12-31,4.73,$5.95,0.8,$3.39,1.4,$4.17,1.14,$-0.06,0.0,$0.04B,$0.07B,0.57,$0.49B,$0.33B,1.5,$0.16B,$0.12B,73.58%,$0.16B,$0.05B,32.08%,$0.16B,$0.05B,32.08%,$0.16B,$0.09B,57.23%,$0.16B,$-0.00B,-2.52%,$0.16B,$-0.01B,-3.14%,$-0.01B,$0.33B,-1.53%,$-0.01B,$0.31B,-1.55%,$-0.01B,$0.98B,-0.50%,$0.05B,$0.81B,6.20%,$40,$11,$29,$0,$2,$41,$-1,$1,$1,$-1,$1,$1,$1,$9,$-1,$47,47,$0.04,$0.04,$31,$0,$0,$41,$922,$0,$14,$0,$940,$981,$71,$488,$49,$585,$656,$1,$-27,$0,$325,$981,$-4,$39,$50,$89,$1,$0,$-1,$0,$0,$85,$-15,$0,$0,$0,$0,$0,$-17,$-32,$-55,$0,$-55,$0,$0,$0,$0,$-55,$-2,$1,$0
32,2010-09-30,2.51,$5.94,0.42,$3.39,0.74,$2.49,1.01,$0.14,17.9,$0.06B,$0.08B,0.74,$0.50B,$0.32B,1.55,$0.16B,$0.12B,74.21%,$0.16B,$0.07B,44.03%,$0.16B,$0.07B,44.03%,$0.16B,$0.11B,69.18%,$0.16B,$0.01B,4.40%,$0.16B,$0.01B,3.77%,$0.01B,$0.32B,1.83%,$0.01B,$0.32B,1.83%,$0.01B,$1.01B,0.59%,$0.07B,$0.82B,8.42%,$40,$11,$29,$0,$2,$23,$17,$-20,$-3,$1,$-4,$-4,$-4,$27,$17,$47,47,$-0.08,$-0.08,$49,$0,$0,$59,$933,$0,$0,$17,$954,$1013,$80,$499,$62,$610,$690,$1,$-29,$0,$323,$1013,$-5,$29,$40,$69,$0,$0,$-0,$0,$-0,$64,$-1,$0,$0,$0,$0,$0,$-29,$-30,$-35,$0,$-35,$0,$0,$0,$0,$-35,$-1,$1,$0
33,2010-06-30,2.63,$6.02,0.44,$3.34,0.79,$0.56,4.68,$0.13,20.23,$0.04B,$0.09B,0.52,$0.49B,$0.33B,1.51,$0.16B,$0.12B,73.89%,$0.16B,$0.07B,43.95%,$0.16B,$0.07B,43.95%,$0.16B,$0.11B,70.06%,$0.16B,$0.01B,3.82%,$0.16B,$0.01B,3.82%,$0.01B,$0.33B,1.84%,$0.01B,$0.33B,1.84%,$0.01B,$1.01B,0.59%,$0.07B,$0.82B,8.23%,$40,$10,$29,$0,$2,$22,$17,$-22,$-5,$0,$-5,$-5,$-5,$27,$17,$47,47,$-0.11,$-0.11,$34,$0,$0,$44,$943,$0,$0,$17,$964,$1008,$85,$493,$56,$597,$682,$1,$-25,$0,$327,$1008,$-2,$19,$26,$46,$0,$0,$1,$0,$1,$45,$-1,$0,$0,$0,$0,$0,$-8,$-10,$-35,$0,$-35,$0,$0,$0,$0,$-35,$1,$1,$0
34,2010-03-31,2.31,$6.11,0.38,$3.28,0.7,$0.37,6.19,$0.64,3.6,$0.06B,$0.10B,0.54,$0.51B,$0.33B,1.52,$0.15B,$0.11B,73.86%,$0.15B,$0.07B,43.14%,$0.15B,$0.07B,43.14%,$0.15B,$0.11B,69.28%,$0.15B,$0.03B,22.22%,$0.15B,$0.03B,22.22%,$0.03B,$0.33B,10.53%,$0.03B,$0.33B,10.59%,$0.03B,$1.03B,3.36%,$0.07B,$0.84B,7.77%,$39,$10,$30,$0,$2,$21,$18,$-15,$3,$0,$3,$3,$3,$28,$18,$47,47,$0.07,$0.07,$44,$0,$0,$55,$952,$0,$0,$16,$973,$1028,$102,$505,$43,$595,$697,$1,$-20,$0,$331,$1028,$3,$10,$10,$19,$-0,$0,$-3,$0,$-3,$20,$-0,$0,$0,$0,$0,$0,$-5,$-5,$-4,$0,$-4,$0,$0,$0,$0,$-4,$11,$0,$0
35,2009-12-31,1.38,$6.06,0.23,$3.20,0.43,$0.32,4.25,$0.79,1.74,$0.04B,$0.09B,0.47,$0.52B,$0.33B,1.59,$0.15B,$0.11B,71.81%,$0.15B,$0.06B,40.94%,$0.15B,$0.06B,40.94%,$0.15B,$0.10B,67.11%,$0.15B,$0.04B,28.19%,$0.15B,$0.04B,28.19%,$0.04B,$0.33B,13.38%,$0.04B,$0.33B,13.55%,$0.04B,$1.03B,4.22%,$0.06B,$0.85B,7.18%,$40,$10,$30,$0,$2,$22,$18,$-5,$12,$0,$12,$12,$12,$28,$18,$46,47,$0.34,$0.34,$34,$0,$0,$44,$962,$0,$0,$16,$983,$1027,$94,$520,$37,$605,$700,$1,$-23,$0,$328,$1027,$42,$39,$-2,$37,$-7,$0,$2,$0,$-4,$75,$-84,$0,$0,$0,$0,$0,$-15,$-98,$46,$0,$46,$0,$0,$-12,$-5,$28,$4,$3,$-12
36,2009-09-30,1.54,$5.83,0.26,$2.35,0.66,$0.52,2.98,$-0.72,0.0,$0.04B,$0.09B,0.42,$0.54B,$0.32B,1.71,$0.14B,$0.10B,70.37%,$0.14B,$0.05B,39.26%,$0.14B,$0.05B,39.26%,$0.14B,$0.09B,65.19%,$0.14B,$-0.01B,-10.37%,$0.14B,$-0.01B,-10.37%,$-0.01B,$0.32B,-4.58%,$-0.01B,$0.32B,-4.67%,$-0.01B,$1.03B,-1.43%,$0.05B,$0.85B,6.26%,$38,$10,$27,$0,$2,$21,$16,$-20,$-4,$0,$-4,$-4,$-4,$27,$16,$46,46,$-0.08,$-0.08,$33,$0,$0,$36,$971,$0,$0,$16,$992,$1028,$85,$539,$41,$628,$713,$1,$-36,$0,$315,$1028,$30,$29,$-2,$27,$0,$0,$-1,$0,$-1,$55,$-83,$0,$0,$0,$0,$0,$-9,$-92,$57,$0,$57,$0,$0,$-12,$-5,$40,$3,$2,$-12
37,2009-06-30,1.72,$5.92,0.29,$2.13,0.81,$1.21,1.42,$-0.65,0.0,$0.05B,$0.02B,2.19,$0.54B,$0.32B,1.7,$0.12B,$0.08B,69.42%,$0.12B,$0.05B,38.02%,$0.12B,$0.05B,38.02%,$0.12B,$0.08B,62.81%,$0.12B,$-0.01B,-9.09%,$0.12B,$-0.01B,-9.09%,$-0.01B,$0.32B,-3.51%,$-0.01B,$0.31B,-3.71%,$-0.01B,$0.97B,-1.22%,$0.05B,$0.86B,5.81%,$36,$11,$26,$0,$2,$22,$14,$8,$23,$0,$23,$23,$23,$23,$14,$46,46,$0.42,$0.42,$44,$0,$0,$48,$889,$0,$8,$16,$918,$966,$22,$542,$36,$626,$648,$1,$-32,$0,$318,$966,$34,$18,$-15,$3,$-0,$0,$-1,$0,$-2,$36,$-1,$0,$0,$0,$0,$0,$-5,$-6,$0,$0,$0,$0,$0,$-12,$-3,$-16,$14,$2,$-12
