,Date,Stock Price,Book Value per Share,Price to Book Ratio,TTM Sales per Share,Price to Sales Ratio,TTM FCF per Share,Price to FCF Ratio,TTM Net EPS,PE Ratio,Current Assets,Current Liabilities,Current Ratio,Long Term Debt,Shareholder's Equity_x,Debt to Equity Ratio,TTM Revenue_x,TTM Gross Profit,Gross Margin,TTM Revenue_y,TTM Operating Income,Operating Margin,TTM Revenue_x,TTM EBIT,EBIT Margin,TTM Revenue_y,TTM EBITDA,EBITDA Margin,TTM Revenue_x,TTM Pre-Tax Income,Pre-Tax Margin,TTM Revenue_y,TTM Net Income_x,Net Margin,TTM Net Income_y,Shareholder's Equity_y,Return on Equity,TTM Net Income_x,Tangible Equity,Return on Tangible Equity,TTM Net Income_y,Total Assets,Return on Assets,TTM Net Income,LT Investments & Debt,Return on Investment,revenue,cost-goods-sold,gross-profit,research-development-expenses,selling-general-administrative-expenses,operating-expenses,operating-income,total-non-operating-income-expense,pre-tax-income,total-provision-income-taxes,income-after-taxes,income-from-continuous-operations,net-income,ebitda,ebit,basic-shares-outstanding,shares-outstanding,eps-basic-net-earnings-per-share,eps-earnings-per-share-diluted,cash-on-hand,inventory,other-current-assets,total-current-assets,net-property-plant-equipment,long-term-investments,goodwill-intangible-assets-total,other-long-term-assets,total-long-term-assets,total-assets,total-current-liabilities,long-term-debt,other-non-current-liabilities,total-long-term-liabilities,total-liabilities,common-stock-net,retained-earnings-accumulated-deficit,comprehensive-income,total-share-holder-equity,total-liabilities-share-holders-equity,net-income-loss,total-depreciation-amortization-cash-flow,other-non-cash-items,total-non-cash-items,change-in-accounts-receivable,change-in-inventories,change-in-accounts-payable,change-in-assets-liabilities,total-change-in-assets-liabilities,cash-flow-from-operating-activities,net-change-in-property-plant-equipment,net-change-in-intangible-assets,net-acquisitions-divestitures,net-change-in-short-term-investments,net-change-in-long-term-investments,net-change-in-investments-total,investing-activities-other,cash-flow-from-investing-activities,net-long-term-debt,net-current-debt,debt-issuance-retirement-net-total,net-common-equity-issued-repurchased,net-total-equity-issued-repurchased,total-common-preferred-stock-dividends-paid,financial-activities-other,cash-flow-from-financial-activities,net-cash-flow,stock-based-compensation,common-stock-dividends-paid
0,2018-09-30,8.17,$0.00,0.0,$12.43,0.66,$-0.90,0.0,$0.79,10.34,$0.86B,$0.45B,1.92,$0.53B,$0.00B,0.0,$2.14B,$0.86B,39.97%,$2.14B,$0.18B,8.32%,$2.14B,$0.18B,8.32%,$2.14B,$0.29B,13.60%,$2.14B,$0.11B,5.10%,$2.14B,$0.11B,5.10%,$0.11B,$0.99B,11.15%,$0.11B,$0.73B,15.26%,$0.11B,$2.18B,5.01%,$0.18B,$1.52B,12.19%,$583,$344,$239,$0,$89,$482,$101,$-20,$80,$14,$66,$66,$67,$131,$101,$172,172,$0.39,$0.39,$157,$533,$18,$875,$947,$117,$262,$21,$1351,$2226,$500,$510,$142,$722,$1222,$0,$0,$0,$1004,$2226,$102,$58,$-2,$56,$-20,$-167,$71,$-43,$-183,$-25,$-52,$-3,$-20,$0,$13,$13,$8,$-55,$80,$0,$80,$0,$0,$-10,$-12,$58,$-28,$1,$-10
1,2018-06-30,8.57,$0.00,0.0,$11.99,0.71,$-0.62,0.0,$0.77,11.13,$0.88B,$0.50B,1.75,$0.51B,$0.00B,0.0,$2.06B,$0.85B,41.04%,$2.06B,$0.19B,9.25%,$2.06B,$0.19B,9.25%,$2.06B,$0.30B,14.53%,$2.06B,$0.12B,5.81%,$2.06B,$0.11B,5.18%,$0.11B,$1.00B,11.15%,$0.11B,$0.74B,15.55%,$0.11B,$2.23B,4.93%,$0.19B,$1.51B,13.53%,$561,$321,$240,$0,$82,$495,$65,$-14,$51,$16,$36,$36,$37,$93,$65,$172,172,$0.21,$0.21,$199,$493,$16,$866,$980,$148,$266,$32,$1435,$2301,$563,$480,$206,$758,$1322,$0,$0,$0,$980,$2301,$36,$28,$13,$41,$-1,$-107,$70,$-50,$-97,$-20,$-23,$-1,$-20,$0,$1,$1,$3,$-40,$76,$0,$76,$0,$0,$0,$-7,$68,$13,$1,$0
2,2018-03-31,10.67,$0.00,0.0,$11.08,0.96,$-0.13,0.0,$0.40,26.67,$0.87B,$0.56B,1.54,$0.48B,$0.00B,0.0,$1.91B,$0.78B,41.11%,$1.91B,$0.10B,5.24%,$1.91B,$0.10B,5.24%,$1.91B,$0.21B,10.80%,$1.91B,$0.04B,2.05%,$1.91B,$0.04B,2.25%,$0.04B,$0.98B,4.60%,$0.04B,$0.71B,6.56%,$0.04B,$2.30B,2.02%,$0.10B,$1.46B,7.25%,$468,$285,$184,$0,$87,$470,$-2,$-18,$-20,$-26,$6,$6,$6,$22,$-2,$172,172,$0.04,$0.04,$187,$361,$10,$691,$918,$89,$264,$32,$1309,$2000,$450,$409,$135,$612,$1062,$0,$0,$0,$938,$2000,$-6,$105,$12,$117,$50,$-16,$18,$-12,$39,$150,$-75,$-1,$0,$0,$0,$0,$1,$-75,$-422,$0,$-422,$0,$0,$0,$309,$-113,$-13,$2,$0
3,2017-12-31,16.11,$0.00,0.0,$10.13,1.59,$0.12,138.37,$0.15,107.38,$0.69B,$0.45B,1.54,$0.41B,$0.00B,0.0,$1.74B,$0.70B,40.13%,$1.74B,$0.04B,2.24%,$1.74B,$0.04B,2.24%,$1.74B,$0.14B,8.27%,$1.74B,$-0.02B,-1.21%,$1.74B,$-0.00B,-0.06%,$-0.00B,$0.94B,-0.11%,$-0.00B,$0.67B,-0.16%,$-0.00B,$2.00B,-0.05%,$0.04B,$1.35B,2.90%,$452,$267,$184,$0,$74,$424,$27,$-18,$9,$14,$-5,$-5,$-3,$54,$27,$172,172,$-0.02,$-0.02,$193,$353,$13,$899,$890,$6,$294,$24,$1264,$2163,$500,$411,$187,$747,$1247,$0,$0,$0,$916,$2163,$-12,$81,$13,$94,$-77,$-9,$13,$-28,$-102,$-20,$-41,$-0,$0,$0,$0,$0,$1,$-41,$-276,$0,$-276,$0,$0,$0,$314,$38,$-7,$0,$0
4,2017-09-30,13.08,$0.00,0.0,$9.72,1.35,$-0.03,0.0,$-0.27,0.0,$0.90B,$0.50B,1.8,$0.41B,$0.00B,0.0,$1.67B,$0.64B,38.28%,$1.67B,$-0.20B,-12.08%,$1.67B,$-0.20B,-12.08%,$1.67B,$-0.09B,-5.62%,$1.67B,$-0.26B,-15.25%,$1.67B,$-0.25B,-14.89%,$-0.25B,$0.92B,-27.53%,$-0.25B,$0.62B,-40.65%,$-0.25B,$2.16B,-12.09%,$-0.20B,$1.33B,-15.83%,$426,$250,$176,$0,$74,$415,$10,$-11,$-1,$-2,$1,$1,$3,$37,$10,$172,172,$0.02,$0.02,$187,$338,$13,$782,$889,$6,$293,$22,$1264,$2046,$312,$474,$204,$828,$1140,$0,$0,$0,$907,$2046,$-7,$54,$10,$63,$13,$-5,$9,$-35,$-24,$33,$-27,$-0,$0,$0,$0,$0,$1,$-27,$-356,$0,$-356,$0,$0,$0,$319,$-38,$-13,$0,$0
5,2017-06-30,11.88,$0.00,0.0,$9.22,1.29,$0.46,25.86,$-0.42,0.0,$0.78B,$0.31B,2.51,$0.47B,$0.00B,0.0,$1.59B,$0.58B,36.85%,$1.59B,$-0.26B,-16.59%,$1.59B,$-0.26B,-16.59%,$1.59B,$-0.15B,-9.53%,$1.59B,$-0.31B,-19.24%,$1.59B,$-0.28B,-17.35%,$-0.28B,$0.91B,-28.40%,$-0.28B,$0.61B,-43.55%,$-0.28B,$2.05B,-13.21%,$-0.26B,$1.38B,-20.49%,$396,$241,$155,$0,$66,$392,$4,$-13,$-9,$-1,$-8,$-8,$-7,$31,$4,$172,172,$-0.04,$-0.04,$176,$313,$131,$857,$791,$6,$288,$21,$1155,$2012,$379,$420,$173,$729,$1109,$0,$0,$0,$903,$2012,$-8,$27,$1,$28,$4,$7,$18,$-35,$-8,$12,$-12,$-0,$0,$0,$0,$0,$0,$-12,$9,$0,$9,$0,$0,$0,$-18,$-9,$-4,$0,$0
6,2017-03-31,10.27,$0.00,0.0,$9.06,1.13,$0.49,20.88,$-0.69,0.0,$0.86B,$0.38B,2.26,$0.42B,$0.00B,0.0,$1.56B,$0.55B,35.52%,$1.56B,$-0.34B,-22.09%,$1.56B,$-0.34B,-22.09%,$1.56B,$-0.24B,-15.09%,$1.56B,$-0.38B,-24.53%,$1.56B,$-0.32B,-20.55%,$-0.32B,$0.90B,-43.16%,$-0.32B,$0.62B,-66.95%,$-0.32B,$2.01B,-20.39%,$-0.34B,$1.32B,-36.66%,$398,$273,$125,$0,$90,$641,$-243,$-10,$-254,$-8,$-246,$-246,$-242,$-216,$-243,$172,172,$-1.40,$-1.40,$201,$317,$103,$862,$782,$6,$293,$30,$1158,$2019,$627,$183,$174,$501,$1127,$2,$1332,$0,$892,$2019,$-359,$126,$211,$337,$56,$108,$29,$-50,$143,$121,$-71,$-5,$0,$0,$0,$0,$-8,$-84,$43,$0,$43,$0,$0,$-55,$62,$50,$80,$0,$-55
7,2016-12-31,10.77,$5.19,2.07,$9.17,1.17,$0.51,21.18,$-0.80,0.0,$0.86B,$0.63B,1.38,$0.18B,$0.89B,0.21,$1.58B,$0.53B,33.73%,$1.58B,$-0.37B,-23.65%,$1.58B,$-0.37B,-23.65%,$1.58B,$-0.25B,-15.73%,$1.58B,$-0.41B,-25.68%,$1.58B,$-0.34B,-21.50%,$-0.34B,$0.89B,-65.73%,$-0.34B,$0.60B,-104.55%,$-0.34B,$2.02B,-31.79%,$-0.37B,$1.08B,-61.40%,$365,$237,$128,$0,$68,$398,$-34,$-8,$-41,$-10,$-31,$-31,$-29,$-3,$-34,$172,172,$-0.17,$-0.17,$133,$370,$13,$756,$929,$11,$473,$21,$1491,$2247,$618,$184,$90,$458,$1076,$0,$0,$0,$1171,$2247,$-112,$98,$17,$115,$72,$60,$1,$-60,$73,$76,$-53,$-3,$0,$0,$-10,$-10,$1,$-64,$48,$0,$48,$0,$0,$-41,$-8,$-2,$3,$0,$-41
8,2016-09-30,8.91,$0.00,0.0,$9.22,0.97,$0.16,55.79,$-0.49,0.0,$0.76B,$0.62B,1.22,$0.18B,$0.00B,0.0,$1.35B,$0.43B,31.98%,$1.35B,$-0.12B,-8.79%,$1.35B,$-0.12B,-8.79%,$1.35B,$-0.02B,-1.55%,$1.35B,$-0.14B,-10.41%,$1.35B,$-0.09B,-6.72%,$-0.09B,$1.17B,-21.76%,$-0.09B,$0.70B,-31.49%,$-0.09B,$2.25B,-11.95%,$-0.12B,$1.36B,-24.32%,$398,$253,$145,$0,$72,$469,$-71,$-7,$-78,$-29,$-49,$-49,$-42,$-47,$-71,$172,172,$-0.25,$-0.25,$0,$0,$0,$0,$0,$0,$0,$0,$0,$0,$0,$0,$0,$0,$0,$0,$0,$0,$0,$0,$-81,$68,$23,$91,$54,$58,$-9,$-59,$44,$54,$-42,$-1,$0,$0,$0,$0,$-13,$-56,$45,$0,$45,$0,$0,$-14,$-5,$27,$19,$0,$-14
9,2016-06-30,8.34,$0.00,0.0,$7.10,1.18,$0.03,325.92,$-0.32,0.0,$0.00B,$0.00B,0.0,$0.00B,$0.00B,0.0,$0.99B,$0.31B,30.84%,$0.99B,$-0.09B,-8.59%,$0.99B,$-0.09B,-8.59%,$0.99B,$-0.02B,-1.82%,$0.99B,$-0.10B,-10.11%,$0.99B,$-0.06B,-6.27%,$-0.06B,$0.00B,-24.43%,$-0.06B,$0.00B,-26.75%,$-0.06B,$0.00B,-15.22%,$-0.09B,$0.00B,-27.98%,$416,$281,$134,$0,$66,$440,$-25,$-7,$-32,$0,$-32,$-32,$-26,$18,$-25,$172,172,$-0.15,$-0.15,$0,$0,$0,$0,$0,$0,$0,$0,$0,$0,$0,$0,$0,$0,$0,$0,$0,$0,$0,$0,$-32,$43,$-10,$33,$26,$43,$2,$-43,$28,$30,$-27,$-0,$0,$0,$0,$0,$0,$-27,$7,$0,$7,$0,$0,$-14,$-1,$-7,$-3,$0,$-14
10,2016-03-31,8.54,$0.00,0.0,$7.42,1.15,$0.08,103.11,$0.03,284.58,$0.00B,$0.00B,0.0,$0.00B,$0.00B,0.0,$0.79B,$0.20B,25.57%,$0.79B,$0.00B,0.25%,$0.79B,$0.00B,0.25%,$0.79B,$0.08B,10.05%,$0.79B,$-0.01B,-0.89%,$0.79B,$-0.01B,-1.53%,$-0.01B,$0.00B,-3.14%,$-0.01B,$0.00B,-3.43%,$-0.01B,$0.00B,-1.98%,$0.00B,$0.00B,0.44%,$175,$148,$26,$0,$17,$164,$11,$-1,$10,$4,$6,$6,$6,$11,$11,$74,74,$0.08,$0.08,$112,$122,$0,$308,$440,$6,$44,$2,$492,$800,$104,$100,$46,$194,$298,$0,$79,$-39,$502,$800,$6,$14,$3,$16,$7,$-5,$-6,$-6,$-13,$9,$-13,$0,$0,$1,$0,$1,$0,$-13,$-0,$1,$1,$0,$0,$-6,$-1,$-6,$-9,$2,$-6
11,2015-09-30,11.63,$6.80,1.71,$7.68,1.51,$0.23,50.49,$0.31,37.51,$0.31B,$0.10B,2.96,$0.10B,$0.50B,0.2,$0.57B,$0.11B,18.84%,$0.57B,$0.23B,39.61%,$0.57B,$0.03B,4.75%,$0.57B,$0.27B,47.54%,$0.57B,$0.04B,7.22%,$0.57B,$0.02B,4.23%,$0.02B,$0.50B,4.68%,$0.02B,$0.46B,5.11%,$0.02B,$0.80B,2.94%,$0.23B,$0.60B,36.32%,$0,$0,$0,$0,$0,$0,$0,$0,$0,$0,$0,$0,$0,$0,$0,$0,0,$0.00,$0.00,$121,$120,$0,$322,$455,$6,$44,$2,$507,$829,$113,$100,$53,$204,$317,$0,$79,$-28,$513,$829,$0,$0,$0,$0,$0,$0,$0,$0,$0,$0,$0,$0,$0,$0,$0,$0,$0,$0,$0,$0,$0,$0,$0,$0,$0,$0,$0,$0,$0
12,2015-06-30,16.97,$0.00,0.0,$8.10,2.09,$0.40,42.77,$0.39,43.51,$0.32B,$0.11B,2.85,$0.10B,$0.51B,0.2,$0.60B,$0.12B,19.70%,$0.60B,$0.24B,39.40%,$0.60B,$0.04B,6.34%,$0.60B,$0.28B,46.91%,$0.60B,$0.05B,8.51%,$0.60B,$0.03B,5.01%,$0.03B,$0.51B,5.81%,$0.03B,$0.47B,6.35%,$0.03B,$0.83B,3.63%,$0.24B,$0.61B,37.53%,$195,$154,$41,$0,$25,$179,$16,$-1,$15,$6,$9,$9,$8,$50,$16,$74,74,$0.10,$0.10,$77,$122,$0,$297,$450,$6,$44,$2,$503,$800,$89,$100,$47,$195,$284,$0,$83,$-26,$516,$800,$32,$34,$7,$41,$22,$-46,$-2,$5,$-23,$50,$-41,$0,$0,$8,$0,$8,$0,$-33,$-25,$1,$-24,$-0,$-0,$-17,$-2,$-43,$-26,$3,$-17
13,2015-03-31,18.14,$6.99,2.59,$8.10,2.24,$0.40,45.72,$0.39,46.51,$0.30B,$0.09B,3.35,$0.10B,$0.52B,0.19,$0.60B,$0.12B,19.70%,$0.60B,$0.24B,39.40%,$0.60B,$0.04B,6.34%,$0.60B,$0.28B,46.91%,$0.60B,$0.05B,8.51%,$0.60B,$0.03B,5.01%,$0.03B,$0.52B,5.79%,$0.03B,$0.47B,6.33%,$0.03B,$0.80B,3.61%,$0.24B,$0.62B,37.05%,$198,$158,$40,$0,$0,$0,$198,$0,$16,$5,$0,$0,$10,$209,$0,$74,74,$0.14,$0.13,$110,$118,$0,$318,$463,$6,$44,$2,$516,$834,$89,$125,$50,$223,$312,$0,$81,$-18,$522,$834,$23,$21,$8,$28,$32,$-39,$-4,$2,$-9,$43,$-31,$0,$0,$7,$0,$7,$0,$-23,$0,$-0,$-0,$-0,$-0,$-11,$-1,$-13,$7,$3,$-11
14,2014-12-31,16.52,$7.08,2.33,$8.10,2.04,$0.45,36.67,$0.31,53.28,$0.32B,$0.09B,3.58,$0.13B,$0.52B,0.24,$0.60B,$0.11B,18.00%,$0.60B,$0.23B,38.00%,$0.60B,$0.03B,5.00%,$0.60B,$0.27B,45.17%,$0.60B,$0.04B,6.83%,$0.60B,$0.02B,4.00%,$0.02B,$0.52B,4.65%,$0.02B,$0.48B,5.08%,$0.02B,$0.83B,2.86%,$0.23B,$0.65B,35.54%,$206,$169,$37,$0,$16,$184,$22,$-1,$20,$8,$13,$13,$12,$22,$22,$74,74,$0.16,$0.16,$114,$93,$0,$322,$469,$6,$44,$2,$521,$844,$98,$125,$58,$232,$330,$0,$70,$-13,$514,$844,$13,$10,$5,$15,$9,$-14,$2,$2,$-2,$25,$-17,$0,$0,$7,$0,$7,$0,$-10,$0,$-0,$-0,$-0,$-0,$-6,$-1,$-6,$9,$2,$-6
15,2014-09-30,17.44,$6.97,2.5,$7.79,2.24,$0.87,20.08,$0.36,48.44,$0.32B,$0.10B,3.29,$0.13B,$0.51B,0.24,$0.58B,$0.10B,16.55%,$0.58B,$0.21B,35.86%,$0.58B,$0.03B,5.17%,$0.58B,$0.25B,43.10%,$0.58B,$0.05B,7.76%,$0.58B,$0.04B,6.03%,$0.04B,$0.51B,6.73%,$0.04B,$0.47B,7.36%,$0.04B,$0.84B,4.14%,$0.21B,$0.64B,32.58%,$0,$0,$0,$0,$0,$0,$0,$0,$0,$0,$0,$0,$0,$0,$0,$0,0,$0.00,$0.00,$108,$81,$0,$323,$469,$6,$44,$2,$522,$845,$98,$125,$51,$227,$325,$0,$71,$-5,$521,$845,$0,$0,$0,$0,$0,$0,$0,$0,$0,$0,$0,$0,$0,$0,$0,$0,$0,$0,$0,$0,$0,$0,$0,$0,$0,$0,$0,$0,$0
16,2014-06-30,19.92,$0.00,0.0,$7.30,2.73,$1.18,16.91,$0.11,181.1,$0.32B,$0.10B,3.3,$0.13B,$0.52B,0.24,$0.55B,$0.08B,14.63%,$0.55B,$0.18B,33.27%,$0.55B,$0.00B,0.73%,$0.55B,$0.22B,40.95%,$0.55B,$0.02B,2.74%,$0.55B,$0.02B,2.93%,$0.02B,$0.52B,3.05%,$0.02B,$0.48B,3.33%,$0.02B,$0.85B,1.90%,$0.18B,$0.65B,28.56%,$196,$165,$31,$0,$23,$188,$8,$-3,$5,$3,$2,$2,$2,$40,$8,$74,74,$0.02,$0.02,$118,$77,$0,$317,$458,$6,$44,$3,$511,$829,$101,$125,$49,$219,$319,$0,$63,$-9,$509,$829,$19,$32,$-33,$-0,$-12,$25,$4,$5,$23,$41,$-28,$0,$-4,$-6,$0,$-6,$0,$-38,$-14,$-0,$-15,$-26,$-26,$-16,$-3,$-60,$-57,$-1,$-16
17,2014-03-31,19.96,$6.89,2.9,$7.30,2.74,$1.18,16.95,$0.11,181.45,$0.32B,$0.10B,3.15,$0.13B,$0.51B,0.25,$0.55B,$0.08B,14.63%,$0.55B,$0.18B,33.27%,$0.55B,$0.00B,0.73%,$0.55B,$0.22B,40.95%,$0.55B,$0.02B,2.74%,$0.55B,$0.02B,2.93%,$0.02B,$0.51B,3.01%,$0.02B,$0.47B,3.29%,$0.02B,$0.83B,1.88%,$0.18B,$0.63B,28.23%,$178,$151,$28,$0,$0,$0,$178,$0,$20,$-3,$0,$0,$21,$188,$0,$75,75,$0.28,$0.28,$159,$89,$0,$350,$460,$6,$44,$4,$514,$864,$131,$100,$53,$198,$329,$0,$67,$-6,$535,$864,$17,$23,$-47,$-24,$14,$14,$3,$17,$69,$62,$-18,$0,$-4,$0,$0,$0,$0,$-22,$-30,$-0,$-31,$-7,$-7,$-10,$-2,$-51,$-11,$-2,$-10
18,2013-12-31,17.27,$7.14,2.42,$7.26,2.38,$1.05,16.5,$-0.44,0.0,$0.35B,$0.13B,2.67,$0.10B,$0.54B,0.19,$0.55B,$0.06B,11.70%,$0.55B,$0.13B,23.95%,$0.55B,$-0.05B,-8.59%,$0.55B,$0.17B,31.44%,$0.55B,$-0.04B,-6.58%,$0.55B,$-0.03B,-4.75%,$-0.03B,$0.54B,-4.82%,$-0.03B,$0.49B,-5.25%,$-0.03B,$0.86B,-3.00%,$0.13B,$0.64B,19.93%,$173,$152,$21,$0,$25,$177,$-4,$-5,$-10,$-3,$-7,$-7,$-7,$-4,$-4,$75,75,$-0.09,$-0.09,$163,$91,$0,$365,$418,$6,$44,$4,$472,$837,$110,$100,$59,$194,$304,$0,$59,$-4,$534,$837,$-7,$13,$-8,$5,$7,$11,$0,$9,$40,$39,$-7,$0,$0,$0,$0,$0,$0,$-7,$-30,$-0,$-31,$0,$0,$-5,$-2,$-37,$-7,$-2,$-5
19,2013-09-30,14.72,$7.09,2.08,$7.29,2.02,$0.39,37.58,$-0.42,0.0,$0.37B,$0.11B,3.33,$0.10B,$0.53B,0.19,$0.55B,$0.07B,12.39%,$0.55B,$0.13B,24.23%,$0.55B,$-0.05B,-8.56%,$0.55B,$0.17B,31.69%,$0.55B,$-0.04B,-6.38%,$0.55B,$-0.03B,-5.83%,$-0.03B,$0.53B,-5.79%,$-0.03B,$0.49B,-6.34%,$-0.03B,$0.84B,-3.60%,$0.13B,$0.63B,19.50%,$0,$0,$0,$0,$0,$0,$0,$0,$0,$0,$0,$0,$0,$0,$0,$0,0,$0.00,$0.00,$170,$101,$0,$393,$422,$6,$44,$7,$479,$872,$99,$130,$59,$226,$326,$0,$71,$-5,$546,$872,$0,$0,$0,$0,$0,$0,$0,$0,$0,$0,$0,$0,$0,$0,$0,$0,$0,$0,$0,$0,$0,$0,$0,$0,$0,$0,$0,$0,$0
20,2013-06-30,10.33,$0.00,0.0,$7.67,1.35,$0.08,131.38,$-0.41,0.0,$0.39B,$0.10B,3.96,$0.13B,$0.55B,0.24,$0.58B,$0.08B,13.69%,$0.58B,$0.13B,22.70%,$0.58B,$-0.05B,-8.49%,$0.58B,$0.17B,29.81%,$0.58B,$-0.03B,-5.37%,$0.58B,$-0.03B,-5.37%,$-0.03B,$0.55B,-5.47%,$-0.03B,$0.50B,-6.03%,$-0.03B,$0.87B,-3.37%,$0.13B,$0.68B,18.61%,$196,$181,$15,$0,$13,$238,$-43,$-3,$-46,$-6,$-40,$-40,$-40,$-12,$-43,$75,75,$-0.53,$-0.53,$161,$118,$0,$408,$431,$6,$46,$7,$490,$899,$120,$142,$67,$237,$356,$0,$66,$-7,$542,$899,$-29,$31,$30,$61,$-2,$0,$-1,$-4,$9,$40,$-36,$0,$-5,$0,$0,$0,$0,$-41,$10,$-0,$10,$1,$1,$-24,$-2,$-14,$-17,$-8,$-24
21,2013-03-31,13.16,$7.20,1.83,$7.67,1.72,$0.08,167.4,$-0.41,0.0,$0.41B,$0.12B,3.41,$0.14B,$0.54B,0.26,$0.58B,$0.08B,13.69%,$0.58B,$0.13B,22.70%,$0.58B,$-0.05B,-8.49%,$0.58B,$0.17B,29.81%,$0.58B,$-0.03B,-5.37%,$0.58B,$-0.03B,-5.37%,$-0.03B,$0.54B,-5.34%,$-0.03B,$0.50B,-5.90%,$-0.03B,$0.90B,-3.31%,$0.13B,$0.68B,18.23%,$180,$148,$32,$0,$0,$0,$180,$0,$21,$5,$0,$0,$15,$190,$0,$75,75,$0.20,$0.20,$163,$147,$0,$419,$436,$6,$61,$24,$528,$947,$117,$144,$69,$240,$357,$0,$110,$-6,$590,$947,$11,$21,$-17,$4,$8,$-24,$-2,$3,$-2,$13,$-18,$0,$-1,$0,$0,$0,$0,$-19,$12,$0,$12,$1,$1,$-19,$-1,$-7,$-15,$-8,$-19
22,2012-12-31,12.94,$7.84,1.65,$7.33,1.77,$0.15,83.59,$0.27,47.92,$0.42B,$0.12B,3.59,$0.14B,$0.59B,0.24,$0.55B,$0.10B,17.69%,$0.55B,$0.19B,35.02%,$0.55B,$0.01B,2.53%,$0.55B,$0.23B,41.16%,$0.55B,$0.03B,5.96%,$0.55B,$0.02B,3.79%,$0.02B,$0.59B,3.60%,$0.02B,$0.53B,3.99%,$0.02B,$0.95B,2.32%,$0.19B,$0.73B,27.62%,$201,$169,$32,$0,$38,$206,$-6,$-1,$-6,$-1,$-5,$-5,$-6,$-6,$-6,$75,75,$-0.08,$-0.08,$182,$134,$0,$435,$433,$9,$57,$26,$526,$961,$139,$134,$71,$234,$373,$0,$109,$-6,$588,$961,$-5,$11,$-19,$-8,$3,$-14,$5,$1,$29,$16,$-8,$0,$0,$0,$0,$0,$0,$-8,$3,$0,$3,$0,$0,$-5,$-1,$-3,$4,$-9,$-5
23,2012-09-30,14.14,$7.83,1.81,$7.10,1.99,$0.20,72.21,$0.25,56.56,$0.44B,$0.14B,3.13,$0.13B,$0.59B,0.23,$0.54B,$0.10B,18.89%,$0.54B,$0.18B,33.33%,$0.54B,$0.01B,2.59%,$0.54B,$0.21B,39.26%,$0.54B,$0.03B,6.11%,$0.54B,$0.02B,3.52%,$0.02B,$0.59B,3.33%,$0.02B,$0.53B,3.69%,$0.02B,$0.96B,2.22%,$0.18B,$0.72B,26.80%,$0,$0,$0,$0,$0,$0,$0,$0,$0,$0,$0,$0,$0,$0,$0,$0,0,$0.00,$0.00,$178,$119,$0,$411,$433,$9,$57,$27,$526,$937,$102,$131,$71,$231,$333,$0,$120,$-7,$604,$937,$0,$0,$0,$0,$0,$0,$0,$0,$0,$0,$0,$0,$0,$0,$0,$0,$0,$0,$0,$0,$0,$0,$0,$0,$0,$0,$0,$0,$0
24,2012-06-30,12.42,$0.00,0.0,$6.70,1.85,$0.13,99.23,$0.60,20.71,$0.41B,$0.10B,4.03,$0.13B,$0.60B,0.22,$0.51B,$0.12B,22.76%,$0.51B,$0.22B,42.41%,$0.51B,$0.05B,10.12%,$0.51B,$0.25B,48.64%,$0.51B,$0.07B,14.01%,$0.51B,$0.05B,8.95%,$0.05B,$0.60B,8.31%,$0.05B,$0.55B,9.22%,$0.05B,$0.94B,5.67%,$0.22B,$0.74B,33.98%,$173,$139,$34,$0,$14,$153,$20,$-2,$18,$6,$12,$12,$12,$44,$20,$75,77,$0.15,$0.15,$141,$112,$0,$353,$334,$9,$54,$27,$424,$777,$105,$68,$28,$121,$226,$0,$111,$-2,$551,$777,$48,$24,$5,$29,$-11,$-1,$-5,$-10,$-29,$48,$-38,$0,$-73,$0,$0,$0,$0,$-112,$55,$0,$55,$0,$0,$-15,$-2,$38,$-26,$2,$-15
25,2012-03-31,13.76,$7.34,1.87,$6.70,2.05,$0.13,109.87,$0.60,22.93,$0.35B,$0.11B,3.36,$0.07B,$0.55B,0.12,$0.51B,$0.12B,22.76%,$0.51B,$0.22B,42.41%,$0.51B,$0.05B,10.12%,$0.51B,$0.25B,48.64%,$0.51B,$0.07B,14.01%,$0.51B,$0.05B,8.95%,$0.05B,$0.55B,8.65%,$0.05B,$0.50B,9.63%,$0.05B,$0.78B,6.16%,$0.22B,$0.62B,36.62%,$166,$129,$36,$0,$0,$0,$166,$0,$21,$6,$0,$0,$13,$174,$0,$75,77,$0.18,$0.18,$131,$119,$0,$336,$330,$9,$54,$26,$419,$755,$91,$73,$28,$126,$217,$0,$99,$-2,$538,$755,$36,$16,$4,$20,$1,$-9,$-9,$-6,$-31,$25,$-27,$0,$-73,$0,$0,$0,$0,$-100,$58,$-1,$57,$0,$0,$-15,$-2,$41,$-35,$1,$-15
26,2011-12-31,12.39,$7.17,1.73,$6.68,1.85,$0.21,58.98,$0.75,16.51,$0.34B,$0.09B,3.7,$0.07B,$0.54B,0.14,$0.51B,$0.13B,26.07%,$0.51B,$0.24B,45.72%,$0.51B,$0.07B,13.42%,$0.51B,$0.26B,50.78%,$0.51B,$0.09B,17.51%,$0.51B,$0.06B,11.09%,$0.06B,$0.54B,11.00%,$0.06B,$0.48B,12.28%,$0.06B,$0.76B,7.96%,$0.24B,$0.61B,40.98%,$175,$128,$47,$0,$15,$142,$32,$0,$33,$11,$21,$21,$21,$32,$32,$75,77,$0.28,$0.27,$152,$124,$0,$367,$321,$9,$54,$26,$411,$777,$125,$79,$28,$130,$255,$0,$86,$-3,$522,$777,$21,$7,$-0,$7,$-7,$-14,$-3,$-1,$-16,$12,$-10,$0,$-73,$0,$0,$0,$0,$-83,$58,$0,$58,$0,$0,$0,$-1,$57,$-14,$0,$0
27,2011-09-30,13.27,$6.96,1.91,$6.56,2.02,$0.23,56.53,$0.72,18.43,$0.37B,$0.13B,2.94,$0.08B,$0.52B,0.15,$0.50B,$0.13B,25.99%,$0.50B,$0.23B,44.64%,$0.50B,$0.07B,13.69%,$0.50B,$0.25B,49.40%,$0.50B,$0.09B,17.66%,$0.50B,$0.06B,11.11%,$0.06B,$0.52B,11.17%,$0.06B,$0.47B,12.51%,$0.06B,$0.78B,8.21%,$0.23B,$0.60B,41.27%,$0,$0,$0,$0,$0,$0,$0,$0,$0,$0,$0,$0,$0,$0,$0,$0,0,$0.00,$0.00,$166,$109,$0,$364,$230,$9,$54,$21,$314,$678,$88,$35,$17,$75,$163,$0,$80,$-3,$515,$678,$0,$0,$0,$0,$0,$0,$0,$0,$0,$0,$0,$0,$0,$0,$0,$0,$0,$0,$0,$0,$0,$0,$0,$0,$0,$0,$0,$0,$0
28,2011-06-30,20.49,$0.00,0.0,$6.08,3.37,$0.27,76.76,$0.48,42.7,$0.36B,$0.09B,4.16,$0.04B,$0.52B,0.07,$0.47B,$0.10B,22.32%,$0.47B,$0.20B,43.13%,$0.47B,$0.05B,9.66%,$0.47B,$0.23B,48.28%,$0.47B,$0.06B,13.52%,$0.47B,$0.04B,7.94%,$0.04B,$0.52B,7.63%,$0.04B,$0.46B,8.57%,$0.04B,$0.68B,5.76%,$0.20B,$0.55B,39.11%,$173,$122,$51,$0,$14,$136,$37,$-0,$36,$13,$23,$23,$23,$55,$37,$75,77,$0.31,$0.30,$155,$101,$0,$343,$228,$9,$54,$21,$311,$655,$90,$35,$18,$67,$158,$0,$65,$-4,$497,$655,$40,$18,$12,$31,$-6,$-15,$-3,$-2,$-28,$43,$-27,$0,$0,$0,$0,$0,$-17,$-43,$14,$-8,$6,$5,$5,$-11,$-1,$-1,$-2,$4,$-11
29,2011-03-31,20.8,$6.64,3.14,$6.08,3.42,$0.27,77.92,$0.48,43.34,$0.34B,$0.09B,3.81,$0.04B,$0.50B,0.07,$0.47B,$0.10B,22.32%,$0.47B,$0.20B,43.13%,$0.47B,$0.05B,9.66%,$0.47B,$0.23B,48.28%,$0.47B,$0.06B,13.52%,$0.47B,$0.04B,7.94%,$0.04B,$0.50B,7.86%,$0.04B,$0.44B,8.86%,$0.04B,$0.66B,5.92%,$0.20B,$0.53B,40.44%,$156,$123,$33,$0,$0,$0,$156,$0,$20,$6,$0,$0,$12,$162,$0,$75,77,$0.16,$0.15,$159,$100,$0,$329,$227,$9,$53,$3,$291,$620,$98,$26,$18,$50,$148,$0,$41,$-4,$472,$620,$17,$12,$3,$15,$8,$-13,$-1,$1,$-12,$19,$-19,$0,$0,$0,$0,$0,$0,$-19,$16,$-7,$9,$5,$5,$-11,$0,$3,$2,$3,$-11
30,2010-12-31,15.62,$6.28,2.49,$5.32,2.93,$-0.52,0.0,$0.19,82.22,$0.33B,$0.10B,3.36,$0.03B,$0.47B,0.06,$0.41B,$0.07B,16.30%,$0.41B,$0.17B,41.23%,$0.41B,$0.01B,2.72%,$0.41B,$0.19B,46.42%,$0.41B,$0.03B,7.41%,$0.41B,$0.02B,3.70%,$0.02B,$0.47B,3.26%,$0.02B,$0.42B,3.69%,$0.02B,$0.62B,2.45%,$0.17B,$0.50B,34.83%,$137,$117,$20,$0,$12,$129,$8,$-1,$7,$4,$3,$3,$2,$8,$8,$75,76,$0.03,$0.03,$160,$95,$0,$329,$225,$8,$52,$3,$289,$618,$117,$21,$18,$46,$162,$0,$30,$-4,$456,$618,$3,$6,$1,$7,$5,$-8,$1,$2,$5,$15,$-10,$0,$-2,$0,$0,$0,$0,$-12,$-2,$-2,$-4,$4,$4,$0,$0,$-0,$3,$1,$0
31,2010-09-30,12.71,$6.09,2.09,$4.73,2.69,$-0.43,0.0,$0.29,43.83,$0.33B,$0.12B,2.82,$0.02B,$0.46B,0.05,$0.36B,$0.05B,14.85%,$0.36B,$0.04B,11.48%,$0.36B,$0.04B,11.48%,$0.36B,$0.06B,17.09%,$0.36B,$0.04B,11.48%,$0.36B,$0.02B,6.16%,$0.02B,$0.46B,4.86%,$0.02B,$0.40B,5.49%,$0.02B,$0.62B,3.62%,$0.04B,$0.48B,8.73%,$0,$0,$0,$0,$0,$0,$0,$0,$0,$0,$0,$0,$0,$0,$0,$0,0,$0.00,$0.00,$157,$87,$0,$324,$219,$8,$53,$3,$283,$607,$101,$23,$17,$47,$148,$0,$39,$-4,$459,$607,$0,$0,$0,$0,$0,$0,$0,$0,$0,$0,$0,$0,$0,$0,$0,$0,$0,$0,$0,$0,$0,$0,$0,$0,$0,$0,$0,$0,$0
32,2010-06-30,9.35,$0.00,0.0,$4.38,2.13,$-0.22,0.0,$0.38,24.61,$0.32B,$0.10B,3.2,$0.02B,$0.46B,0.05,$0.33B,$0.06B,17.85%,$0.33B,$0.05B,13.85%,$0.33B,$0.05B,13.85%,$0.33B,$0.05B,15.69%,$0.33B,$0.05B,14.77%,$0.33B,$0.03B,8.62%,$0.03B,$0.46B,6.54%,$0.03B,$0.41B,7.46%,$0.03B,$0.61B,4.79%,$0.05B,$0.48B,10.07%,$112,$99,$13,$0,$10,$109,$3,$-1,$3,$2,$1,$1,$1,$18,$3,$74,76,$0.01,$0.01,$220,$63,$0,$350,$189,$8,$52,$2,$252,$602,$111,$11,$15,$40,$151,$0,$32,$-4,$451,$602,$27,$15,$-18,$-4,$-26,$-6,$23,$-28,$-51,$-28,$-16,$0,$58,$0,$0,$0,$-1,$41,$2,$7,$9,$38,$38,$0,$97,$144,$158,$4,$0
