,Date,Stock Price,Book Value per Share,Price to Book Ratio,TTM Sales per Share,Price to Sales Ratio,TTM FCF per Share,Price to FCF Ratio,TTM Net EPS,PE Ratio,Current Assets,Current Liabilities,Current Ratio,Long Term Debt,Shareholder's Equity_x,Debt to Equity Ratio,TTM Revenue_x,TTM Gross Profit,Gross Margin,TTM Revenue_y,TTM Operating Income,Operating Margin,TTM Revenue_x,TTM EBIT,EBIT Margin,TTM Revenue_y,TTM EBITDA,EBITDA Margin,TTM Revenue_x,TTM Pre-Tax Income,Pre-Tax Margin,TTM Revenue_y,TTM Net Income_x,Net Margin,TTM Net Income_y,Shareholder's Equity_y,Return on Equity,TTM Net Income_x,Tangible Equity,Return on Tangible Equity,TTM Net Income_y,Total Assets,Return on Assets,TTM Net Income,LT Investments & Debt,Return on Investment,revenue,cost-goods-sold,gross-profit,research-development-expenses,selling-general-administrative-expenses,operating-expenses,operating-income,total-non-operating-income-expense,pre-tax-income,total-provision-income-taxes,income-after-taxes,income-from-continuous-operations,net-income,ebitda,ebit,basic-shares-outstanding,shares-outstanding,eps-basic-net-earnings-per-share,eps-earnings-per-share-diluted,cash-on-hand,inventory,other-current-assets,total-current-assets,net-property-plant-equipment,long-term-investments,goodwill-intangible-assets-total,other-long-term-assets,total-long-term-assets,total-assets,total-current-liabilities,long-term-debt,other-non-current-liabilities,total-long-term-liabilities,total-liabilities,common-stock-net,retained-earnings-accumulated-deficit,comprehensive-income,total-share-holder-equity,total-liabilities-share-holders-equity,net-income-loss,total-depreciation-amortization-cash-flow,other-non-cash-items,total-non-cash-items,change-in-accounts-receivable,change-in-inventories,change-in-accounts-payable,change-in-assets-liabilities,total-change-in-assets-liabilities,cash-flow-from-operating-activities,net-change-in-property-plant-equipment,net-change-in-intangible-assets,net-acquisitions-divestitures,net-change-in-short-term-investments,net-change-in-long-term-investments,net-change-in-investments-total,investing-activities-other,cash-flow-from-investing-activities,net-long-term-debt,net-current-debt,debt-issuance-retirement-net-total,net-common-equity-issued-repurchased,net-total-equity-issued-repurchased,total-common-preferred-stock-dividends-paid,financial-activities-other,cash-flow-from-financial-activities,net-cash-flow,stock-based-compensation,common-stock-dividends-paid
0,2018-09-30,23.39,$21.46,1.09,$64.23,0.36,$-6.32,0.0,$2.05,11.41,$6.75B,$5.05B,1.34,$5.60B,$5.00B,1.12,$15.67B,$3.60B,22.95%,$15.67B,$1.26B,8.06%,$15.67B,$1.26B,8.06%,$15.67B,$2.06B,13.16%,$15.67B,$1.10B,6.99%,$15.67B,$0.49B,3.11%,$0.49B,$5.00B,9.91%,$0.49B,$4.29B,11.63%,$0.49B,$17.59B,2.80%,$1.26B,$10.60B,12.13%,$3928,$3028,$900,$0,$553,$3581,$347,$166,$513,$159,$354,$354,$351,$547,$347,$236,238,$1.49,$1.48,$896,$2938,$0,$6753,$7132,$0,$709,$1089,$10838,$17591,$5047,$5604,$1845,$7544,$12591,$233,$6525,$-4083,$5000,$17591,$598,$600,$-369,$231,$-807,$-254,$235,$-27,$-853,$-24,$-613,$0,$0,$0,$0,$0,$-51,$-664,$712,$191,$903,$-196,$-196,$-100,$-30,$577,$-148,$0,$-100
1,2018-06-30,23.16,$20.44,1.13,$63.16,0.37,$-6.90,0.0,$1.07,21.64,$6.57B,$4.83B,1.36,$5.73B,$4.84B,1.18,$15.66B,$3.56B,22.75%,$15.66B,$1.24B,7.90%,$15.66B,$1.24B,7.90%,$15.66B,$2.04B,13.02%,$15.66B,$0.75B,4.76%,$15.66B,$0.27B,1.69%,$0.27B,$4.84B,5.36%,$0.27B,$4.13B,6.29%,$0.27B,$17.36B,1.52%,$1.24B,$10.57B,11.81%,$3841,$2949,$892,$0,$588,$3537,$304,$-121,$183,$19,$164,$164,$157,$502,$304,$239,241,$0.66,$0.65,$975,$2941,$0,$6569,$7233,$0,$714,$804,$10786,$17355,$4833,$5726,$1853,$7678,$12511,$237,$6208,$-4022,$4844,$17355,$244,$400,$-190,$210,$-475,$-222,$253,$-94,$-538,$-84,$-440,$0,$0,$8,$0,$8,$-38,$-470,$611,$92,$703,$-97,$-97,$-67,$-20,$519,$-60,$0,$-67
2,2018-03-31,26.28,$20.68,1.27,$61.62,0.43,$-7.38,0.0,$1.00,26.28,$6.49B,$4.94B,1.31,$5.60B,$4.96B,1.13,$15.51B,$3.57B,23.04%,$15.51B,$1.26B,8.10%,$15.51B,$1.26B,8.10%,$15.51B,$2.07B,13.36%,$15.51B,$0.75B,4.85%,$15.51B,$0.26B,1.64%,$0.26B,$4.96B,5.08%,$0.26B,$4.22B,5.94%,$0.26B,$17.58B,1.45%,$1.26B,$10.56B,11.99%,$3830,$2976,$854,$0,$591,$3567,$263,$-150,$113,$33,$80,$80,$75,$465,$263,$240,244,$0.31,$0.31,$837,$2895,$0,$6488,$7502,$0,$746,$805,$11092,$17580,$4941,$5600,$1976,$7677,$12618,$240,$6084,$-3867,$4962,$17580,$80,$202,$-105,$97,$-467,$-81,$99,$-117,$-566,$-389,$-248,$0,$0,$0,$0,$0,$0,$-248,$426,$66,$492,$-24,$-24,$-34,$-35,$399,$-222,$0,$-34
3,2017-12-31,31.82,$20.21,1.57,$60.38,0.53,$-6.95,0.0,$1.34,23.74,$6.08B,$5.03B,1.21,$5.08B,$4.85B,1.05,$15.38B,$3.66B,23.79%,$15.38B,$1.36B,8.82%,$15.38B,$1.36B,8.82%,$15.38B,$2.16B,14.03%,$15.38B,$0.88B,5.71%,$15.38B,$0.35B,2.25%,$0.35B,$4.85B,6.89%,$0.35B,$4.12B,8.03%,$0.35B,$17.06B,1.98%,$1.36B,$9.93B,13.05%,$4071,$3120,$951,$0,$602,$3722,$349,$-62,$287,$377,$-90,$-90,$-96,$548,$349,$249,253,$-0.37,$-0.36,$1043,$2787,$0,$6079,$7451,$0,$734,$792,$10985,$17064,$5025,$5076,$2013,$7189,$12214,$240,$6044,$-3976,$4850,$17064,$365,$802,$281,$1083,$-147,$-44,$85,$-184,$-290,$1158,$-869,$0,$0,$0,$0,$0,$-10,$-879,$121,$8,$129,$-386,$-386,$-110,$-48,$-415,$-79,$0,$-110
4,2017-09-30,32.59,$20.82,1.57,$58.35,0.56,$-5.85,0.0,$3.87,8.42,$6.73B,$4.92B,1.37,$5.74B,$5.12B,1.12,$15.05B,$3.73B,24.76%,$15.05B,$1.43B,9.48%,$15.05B,$1.43B,9.48%,$15.05B,$2.23B,14.79%,$15.05B,$0.92B,6.11%,$15.05B,$1.00B,6.67%,$1.00B,$5.12B,20.11%,$1.00B,$4.40B,23.37%,$1.00B,$17.85B,5.80%,$1.43B,$10.86B,13.86%,$3921,$3054,$867,$0,$545,$3599,$322,$-160,$162,$30,$132,$132,$129,$524,$322,$250,254,$0.52,$0.50,$822,$2991,$0,$6727,$7331,$0,$724,$714,$11125,$17852,$4922,$5737,$1981,$7809,$12731,$246,$6175,$-4015,$5121,$17852,$455,$603,$-29,$574,$-807,$-254,$5,$-127,$-1183,$-154,$-674,$0,$0,$0,$0,$0,$-1,$-675,$779,$21,$800,$-193,$-193,$-75,$-75,$457,$-321,$0,$-75
5,2017-06-30,34.17,$20.42,1.67,$57.37,0.6,$-4.17,0.0,$4.56,7.49,$6.63B,$5.07B,1.31,$5.40B,$5.15B,1.05,$14.97B,$3.97B,26.51%,$14.97B,$1.62B,10.79%,$14.97B,$1.62B,10.79%,$14.97B,$2.40B,16.02%,$14.97B,$1.07B,7.13%,$14.97B,$1.19B,7.95%,$1.19B,$5.15B,24.39%,$1.19B,$4.44B,28.40%,$1.19B,$17.65B,6.96%,$1.62B,$10.55B,15.98%,$3686,$2785,$901,$0,$579,$3364,$322,$-132,$190,$36,$154,$154,$147,$535,$322,$252,256,$0.58,$0.58,$903,$3184,$0,$6632,$7245,$0,$708,$700,$11014,$17646,$5069,$5403,$1943,$7432,$12501,$252,$6071,$-4052,$5145,$17646,$323,$401,$-10,$391,$-470,$-482,$190,$-137,$-899,$-185,$-495,$0,$0,$0,$0,$0,$-3,$-498,$551,$-13,$538,$-19,$-19,$-50,$-43,$426,$-220,$0,$-50
6,2017-03-31,35.08,$19.68,1.78,$57.45,0.61,$-3.50,0.0,$4.73,7.42,$6.33B,$4.92B,1.29,$5.26B,$4.96B,1.06,$15.17B,$4.14B,27.26%,$15.17B,$1.77B,11.65%,$15.17B,$1.77B,11.65%,$15.17B,$2.53B,16.68%,$15.17B,$1.18B,7.77%,$15.17B,$1.25B,8.22%,$1.25B,$4.96B,26.51%,$1.25B,$4.28B,31.06%,$1.25B,$17.19B,7.36%,$1.77B,$10.22B,17.65%,$3699,$2760,$939,$0,$576,$3336,$363,$-124,$239,$70,$169,$169,$166,$551,$363,$252,256,$0.66,$0.65,$961,$2845,$0,$6325,$7135,$0,$681,$682,$10869,$17194,$4915,$5257,$1976,$7319,$12234,$252,$5949,$-4103,$4960,$17194,$169,$188,$25,$213,$-478,$-191,$73,$-72,$-668,$-286,$-270,$0,$0,$0,$0,$0,$0,$-270,$469,$-31,$438,$-16,$-16,$-25,$1,$398,$-138,$0,$-25
7,2016-12-31,29.99,$18.75,1.6,$56.62,0.53,$-3.63,0.0,$4.76,6.3,$5.72B,$4.82B,1.19,$4.80B,$4.73B,1.02,$15.16B,$4.19B,27.62%,$15.16B,$1.78B,11.74%,$15.16B,$1.78B,11.74%,$15.16B,$2.54B,16.72%,$15.16B,$1.21B,7.96%,$15.16B,$1.26B,8.34%,$1.26B,$4.73B,27.83%,$1.26B,$4.05B,32.86%,$1.26B,$16.51B,7.51%,$1.78B,$9.52B,17.86%,$3741,$2722,$1019,$0,$600,$3322,$419,$-90,$329,$-238,$567,$567,$561,$615,$419,$263,266,$2.15,$2.12,$1132,$2627,$0,$5718,$7040,$0,$671,$668,$10793,$16511,$4817,$4798,$2086,$6969,$11786,$252,$5808,$-4198,$4725,$16511,$1284,$756,$-208,$548,$211,$-172,$-156,$-158,$-275,$1557,$-961,$0,$0,$-12,$0,$-12,$-6,$-979,$-445,$189,$-256,$-487,$-487,$-82,$-51,$-876,$-313,$0,$-82
8,2016-09-30,31.27,$18.02,1.73,$57.44,0.54,$-2.91,0.0,$1.20,26.06,$6.57B,$4.80B,1.37,$5.45B,$4.70B,1.16,$15.48B,$4.16B,26.87%,$15.48B,$1.63B,10.51%,$15.48B,$1.63B,10.51%,$15.48B,$2.38B,15.37%,$15.48B,$0.37B,2.38%,$15.48B,$0.32B,2.09%,$0.32B,$4.70B,7.35%,$0.32B,$4.00B,8.74%,$0.32B,$17.14B,1.92%,$1.63B,$10.15B,16.46%,$3847,$2736,$1111,$0,$599,$3335,$512,$-202,$310,$-10,$320,$320,$317,$697,$512,$262,266,$1.21,$1.19,$975,$2754,$0,$6571,$7039,$0,$702,$702,$10572,$17143,$4800,$5446,$2104,$7639,$12439,$261,$5247,$-3957,$4704,$17143,$717,$560,$71,$631,$-570,$-236,$-144,$-108,$-1058,$290,$-711,$0,$13,$-12,$0,$-12,$2,$-708,$104,$120,$224,$-191,$-191,$-56,$-86,$-109,$-502,$0,$-56
9,2016-06-30,24.78,$16.82,1.47,$58.25,0.43,$-1.36,0.0,$1.00,24.78,$6.47B,$4.59B,1.41,$5.75B,$4.41B,1.3,$15.82B,$4.23B,26.76%,$15.82B,$1.67B,10.53%,$15.82B,$1.67B,10.53%,$15.82B,$2.41B,15.22%,$15.82B,$0.49B,3.09%,$15.82B,$0.28B,1.75%,$0.28B,$4.41B,6.43%,$0.28B,$3.71B,7.67%,$0.28B,$16.86B,1.64%,$1.67B,$10.15B,16.94%,$3879,$2813,$1066,$0,$593,$3406,$473,$-172,$301,$93,$208,$208,$202,$667,$473,$264,268,$0.76,$0.75,$1138,$2686,$0,$6468,$6960,$0,$698,$706,$10392,$16860,$4594,$5745,$2023,$7858,$12452,$262,$4918,$-3962,$4408,$16860,$397,$375,$59,$434,$-417,$-176,$-93,$-212,$-898,$-67,$-465,$0,$0,$-11,$0,$-11,$0,$-476,$352,$88,$440,$-147,$-147,$-38,$-83,$172,$-349,$0,$-38
10,2016-03-31,31.77,$16.29,1.95,$59.00,0.54,$0.02,1726.8,$0.95,33.45,$6.38B,$4.60B,1.39,$5.69B,$4.33B,1.31,$16.11B,$4.31B,26.76%,$16.11B,$1.69B,10.49%,$16.11B,$1.69B,10.49%,$16.11B,$2.42B,15.01%,$16.11B,$0.52B,3.20%,$16.11B,$0.27B,1.66%,$0.27B,$4.33B,6.27%,$0.27B,$3.62B,7.50%,$0.27B,$16.78B,1.57%,$1.69B,$10.02B,17.28%,$3691,$2701,$990,$0,$615,$3316,$375,$-108,$267,$78,$189,$189,$184,$556,$375,$267,271,$0.69,$0.68,$1079,$2636,$0,$6375,$6940,$0,$712,$676,$10402,$16777,$4601,$5685,$2072,$7844,$12445,$266,$4735,$-3950,$4332,$16777,$189,$181,$7,$188,$-399,$-116,$-96,$-138,$-749,$-372,$-252,$0,$0,$-12,$0,$-12,$0,$-264,$263,$24,$287,$-48,$-48,$-19,$-16,$204,$-404,$0,$-19
11,2015-12-31,31.4,$15.51,2.02,$60.07,0.52,$0.62,50.61,$1.09,28.8,$6.13B,$4.96B,1.24,$5.07B,$4.14B,1.23,$16.44B,$4.28B,26.02%,$16.44B,$1.67B,10.13%,$16.44B,$1.67B,10.13%,$16.44B,$2.39B,14.51%,$16.44B,$0.61B,3.70%,$16.44B,$0.31B,1.87%,$0.31B,$4.14B,7.34%,$0.31B,$3.45B,8.80%,$0.31B,$16.39B,1.79%,$1.67B,$9.22B,17.04%,$4063,$3071,$992,$0,$725,$3796,$267,$-777,$-510,$-137,$-373,$-373,$-380,$460,$267,$269,273,$-1.41,$-1.39,$1476,$2464,$0,$6126,$6777,$0,$693,$654,$10265,$16391,$4955,$5074,$2129,$7294,$12249,$267,$4570,$-4010,$4142,$16391,$376,$721,$505,$1226,$-31,$-89,$78,$168,$126,$1728,$-921,$0,$0,$-8,$0,$-8,$-327,$-1256,$-496,$19,$-477,$-127,$-127,$-68,$-354,$-1026,$-679,$0,$-68
12,2015-09-30,28.12,$16.22,1.73,$60.80,0.46,$-4.43,0.0,$10.19,2.76,$7.92B,$4.78B,1.66,$5.59B,$4.36B,1.28,$16.74B,$4.30B,25.71%,$16.74B,$1.71B,10.23%,$16.74B,$1.71B,10.23%,$16.74B,$2.42B,14.47%,$16.74B,$1.24B,7.43%,$16.74B,$2.82B,16.83%,$2.82B,$4.36B,68.59%,$2.82B,$3.68B,82.75%,$2.82B,$17.52B,16.00%,$1.71B,$9.95B,17.15%,$4184,$3000,$1184,$0,$633,$3633,$551,$-120,$431,$126,$305,$305,$271,$725,$551,$269,274,$1.01,$0.99,$1690,$2544,$242,$7922,$6673,$0,$687,$748,$9593,$17515,$4783,$5591,$2013,$8370,$13153,$269,$4981,$-4210,$4362,$17515,$749,$528,$21,$549,$-644,$-97,$33,$45,$-663,$635,$-643,$0,$0,$-25,$0,$-25,$-6,$-674,$-204,$13,$-191,$-49,$-49,$-49,$-17,$-306,$-471,$0,$-49
13,2015-06-30,28.85,$15.60,1.85,$62.22,0.46,$-10.03,0.0,$9.78,2.95,$7.70B,$4.74B,1.62,$5.75B,$4.20B,1.37,$17.21B,$4.26B,24.75%,$17.21B,$1.65B,9.58%,$17.21B,$1.65B,9.58%,$17.21B,$2.37B,13.76%,$17.21B,$1.11B,6.46%,$17.21B,$2.71B,15.72%,$2.71B,$4.20B,76.42%,$2.71B,$3.50B,95.94%,$2.71B,$17.52B,15.56%,$1.65B,$9.94B,17.00%,$4172,$3027,$1145,$0,$648,$3675,$497,$-169,$328,$120,$208,$208,$192,$677,$497,$270,274,$0.71,$0.70,$1638,$2545,$218,$7695,$6810,$0,$695,$744,$9821,$17516,$4741,$5746,$2078,$8579,$13320,$269,$4727,$-4143,$4196,$17516,$444,$354,$-58,$296,$-439,$-13,$-25,$11,$-466,$274,$-440,$0,$0,$-28,$0,$-28,$-1,$-469,$-196,$6,$-190,$-34,$-34,$-32,$-11,$-267,$-523,$0,$-32
14,2015-03-31,25.86,$14.89,1.74,$63.56,0.41,$-15.03,0.0,$9.84,2.63,$7.43B,$4.43B,1.68,$5.97B,$4.02B,1.48,$17.69B,$4.24B,23.96%,$17.69B,$1.58B,8.92%,$17.69B,$1.58B,8.92%,$17.69B,$2.31B,13.05%,$17.69B,$1.08B,6.08%,$17.69B,$2.73B,15.41%,$2.73B,$4.02B,90.63%,$2.73B,$3.33B,120.53%,$2.73B,$17.34B,15.81%,$1.58B,$9.98B,16.78%,$4024,$3066,$958,$0,$608,$3674,$350,$9,$359,$123,$236,$236,$224,$524,$350,$270,274,$0.83,$0.82,$1613,$2538,$0,$7434,$6826,$0,$689,$705,$9902,$17336,$4427,$5965,$2205,$8890,$13317,$270,$4551,$-4174,$4019,$17336,$236,$174,$-99,$75,$-495,$8,$-82,$-4,$-573,$-262,$-204,$0,$1,$21,$0,$21,$2,$-180,$-12,$-6,$-18,$1,$1,$-16,$-1,$-34,$-548,$0,$-16
15,2014-12-31,27.22,$14.29,1.9,$66.89,0.41,$-20.48,0.0,$8.79,3.1,$7.16B,$4.73B,1.51,$6.22B,$3.85B,1.62,$18.14B,$4.23B,23.33%,$18.14B,$1.51B,8.34%,$18.14B,$1.51B,8.34%,$18.14B,$2.26B,12.45%,$18.14B,$0.69B,3.79%,$18.14B,$2.45B,13.48%,$2.45B,$3.85B,99.25%,$2.45B,$3.11B,144.85%,$2.45B,$18.04B,14.23%,$1.51B,$10.06B,16.56%,$4356,$3340,$1016,$0,$702,$4042,$314,$-188,$126,$-2002,$2128,$2128,$2129,$495,$314,$268,279,$8.01,$7.67,$2161,$2671,$0,$7159,$7153,$0,$739,$740,$10885,$18044,$4730,$6216,$2581,$9469,$14199,$269,$4331,$-4131,$3845,$18044,$2521,$746,$-3203,$-2457,$75,$-35,$-41,$277,$276,$340,$-923,$0,$18,$23,$0,$23,$31,$-851,$287,$22,$309,$-195,$-195,$-75,$-50,$-11,$-835,$0,$-60
16,2014-09-30,21.46,$7.65,2.81,$68.58,0.31,$-19.22,0.0,$1.95,11.0,$8.05B,$4.77B,1.69,$6.72B,$2.10B,3.2,$18.57B,$4.32B,23.24%,$18.57B,$1.56B,8.42%,$18.57B,$1.56B,8.42%,$18.57B,$2.32B,12.47%,$18.57B,$0.82B,4.41%,$18.57B,$0.54B,2.92%,$0.54B,$2.10B,27.57%,$0.54B,$1.35B,46.13%,$0.54B,$16.66B,3.18%,$1.56B,$8.82B,18.13%,$4657,$3516,$1141,$0,$653,$4169,$488,$-189,$299,$100,$199,$199,$161,$672,$488,$275,279,$0.58,$0.58,$1744,$2924,$0,$8047,$7092,$0,$758,$654,$8609,$16656,$4773,$6719,$2223,$9780,$14553,$275,$2231,$-3919,$2103,$16656,$393,$565,$-1122,$-557,$-675,$-226,$-69,$195,$-775,$-939,$-634,$0,$6,$10,$0,$10,$13,$-605,$685,$28,$713,$-56,$-56,$-58,$-36,$563,$-1252,$0,$-43
17,2014-06-30,26.33,$7.52,3.5,$69.88,0.38,$-17.29,0.0,$1.99,13.23,$8.04B,$5.03B,1.6,$6.68B,$2.07B,3.23,$18.92B,$4.23B,22.37%,$18.92B,$1.45B,7.64%,$18.92B,$1.45B,7.64%,$18.92B,$2.20B,11.63%,$18.92B,$0.77B,4.06%,$18.92B,$0.55B,2.90%,$0.55B,$2.07B,31.42%,$0.55B,$1.27B,58.17%,$0.55B,$16.94B,3.17%,$1.45B,$8.75B,17.39%,$4656,$3532,$1124,$0,$698,$4230,$426,$-134,$292,$60,$232,$232,$213,$618,$426,$276,281,$0.77,$0.76,$1637,$3130,$0,$8038,$7325,$0,$800,$648,$8904,$16942,$5025,$6677,$2303,$9848,$14873,$275,$2087,$-3830,$2069,$16942,$194,$381,$-1119,$-738,$-376,$-318,$86,$18,$-590,$-1134,$-441,$0,$5,$5,$0,$5,$10,$-421,$491,$-6,$485,$-34,$-34,$-41,$-34,$376,$-1359,$0,$-26
18,2014-03-31,24.72,$7.41,3.34,$70.66,0.35,$-15.07,0.0,$1.90,13.01,$8.21B,$5.03B,1.63,$7.05B,$1.34B,5.27,$19.16B,$4.16B,21.70%,$19.16B,$1.38B,7.18%,$19.16B,$1.38B,7.18%,$19.16B,$2.12B,11.08%,$19.16B,$0.73B,3.83%,$19.16B,$0.52B,2.69%,$0.52B,$1.84B,35.19%,$0.52B,$1.03B,77.16%,$0.52B,$17.09B,2.96%,$1.38B,$8.88B,17.33%,$4469,$3518,$951,$0,$667,$4185,$284,$-314,$-30,$8,$-38,$-38,$-58,$473,$284,$248,248,$-0.23,$-0.23,$1853,$3021,$0,$8206,$7313,$0,$805,$600,$8886,$17092,$5031,$7047,$2320,$10224,$15255,$248,$1888,$-3883,$1837,$17092,$-38,$189,$-1041,$-852,$-456,$-214,$80,$-63,$-653,$-1543,$-229,$0,$2,$10,$0,$10,$6,$-211,$832,$13,$845,$-8,$-8,$-19,$-23,$795,$-1143,$0,$-12
19,2013-12-31,22.51,$7.53,2.99,$72.21,0.31,$-12.80,0.0,$2.23,10.1,$8.64B,$5.03B,1.72,$6.16B,$1.37B,4.5,$19.54B,$4.12B,21.07%,$19.54B,$1.36B,6.96%,$19.54B,$1.36B,6.96%,$19.54B,$2.10B,10.75%,$19.54B,$0.81B,4.16%,$19.54B,$0.60B,3.07%,$0.60B,$1.87B,49.83%,$0.60B,$1.06B,145.99%,$0.60B,$17.53B,3.43%,$1.36B,$8.03B,18.15%,$4791,$3690,$1101,$0,$736,$4426,$365,$-107,$258,$2,$256,$256,$227,$553,$365,$246,277,$0.93,$0.89,$2996,$2816,$0,$8644,$7320,$0,$806,$600,$8883,$17527,$5025,$6162,$3639,$10634,$15659,$248,$1958,$-3947,$1868,$17527,$675,$740,$-1103,$-363,$79,$366,$-30,$211,$626,$938,$-1168,$0,$25,$-16,$0,$-16,$23,$-1136,$1232,$-89,$1143,$22,$22,$-41,$-42,$1082,$715,$0,$-12
20,2013-09-30,21.14,$4.87,4.34,$75.34,0.28,$-12.27,0.0,$1.39,15.21,$9.07B,$5.18B,1.75,$6.37B,$0.70B,9.06,$19.79B,$3.96B,20.02%,$19.79B,$1.23B,6.23%,$19.79B,$1.23B,6.23%,$19.79B,$1.96B,9.91%,$19.79B,$0.59B,2.97%,$19.79B,$0.37B,1.88%,$0.37B,$1.20B,41.65%,$0.37B,$0.41B,369.23%,$0.37B,$17.67B,2.14%,$1.23B,$7.57B,17.96%,$5002,$3946,$1056,$0,$686,$4632,$370,$-121,$249,$54,$195,$195,$166,$557,$370,$246,278,$0.67,$0.62,$2500,$2944,$0,$9069,$7065,$0,$798,$550,$8603,$17672,$5184,$6366,$4106,$11285,$16469,$247,$1730,$-4363,$1203,$17672,$419,$552,$-930,$-378,$-728,$249,$-26,$166,$-339,$-298,$-734,$0,$8,$-8,$0,$-8,$9,$-725,$1492,$-59,$1433,$15,$15,$-22,$-26,$1400,$219,$0,$0
21,2013-06-30,14.41,$3.89,3.7,$76.08,0.19,$-12.48,0.0,$1.18,12.21,$8.97B,$5.18B,1.73,$6.33B,$0.46B,13.81,$20.06B,$3.86B,19.22%,$20.06B,$1.16B,5.78%,$20.06B,$1.16B,5.78%,$20.06B,$1.88B,9.38%,$20.06B,$0.52B,2.61%,$20.06B,$0.32B,1.58%,$0.32B,$0.96B,32.59%,$0.32B,$0.18B,181.35%,$0.32B,$17.38B,1.81%,$1.16B,$7.28B,17.12%,$4894,$3846,$1048,$0,$691,$4537,$357,$-101,$256,$63,$193,$193,$181,$540,$357,$246,282,$0.74,$0.67,$2564,$3138,$0,$8969,$6919,$0,$782,$527,$8415,$17384,$5175,$6325,$4144,$11251,$16426,$246,$1576,$-4431,$958,$17384,$224,$365,$-858,$-493,$-391,$22,$148,$28,$-193,$-462,$-493,$0,$7,$-12,$0,$-12,$-4,$-502,$1476,$-22,$1454,$5,$5,$-15,$-24,$1420,$283,$0,$0
22,2013-03-31,11.87,$3.20,3.71,$77.05,0.15,$-12.44,0.0,$0.84,14.13,$9.04B,$5.34B,1.7,$6.31B,$0.29B,21.98,$20.31B,$3.82B,18.79%,$20.31B,$1.12B,5.49%,$20.31B,$1.12B,5.49%,$20.31B,$1.85B,9.10%,$20.31B,$0.43B,2.14%,$20.31B,$0.22B,1.08%,$0.22B,$0.79B,21.31%,$0.22B,$0.00B,94.32%,$0.22B,$17.46B,1.26%,$1.12B,$7.09B,16.88%,$4853,$3940,$913,$0,$645,$4585,$268,$-218,$50,$19,$31,$31,$26,$450,$268,$245,248,$0.10,$0.10,$2386,$3168,$0,$9042,$6901,$0,$786,$534,$8416,$17458,$5335,$6307,$4253,$11336,$16671,$246,$1396,$-4424,$787,$17458,$31,$182,$-762,$-580,$-500,$31,$134,$-53,$-388,$-937,$-271,$0,$5,$2,$0,$2,$-19,$-283,$1480,$6,$1486,$2,$2,$-7,$-19,$1462,$105,$0,$0
23,2012-12-31,13.01,$2.55,5.1,$80.16,0.16,$-11.79,0.0,$0.69,18.85,$8.50B,$5.32B,1.6,$4.89B,$0.13B,39.1,$20.99B,$3.83B,18.24%,$20.99B,$1.11B,5.29%,$20.99B,$1.11B,5.29%,$20.99B,$1.87B,8.88%,$20.99B,$0.44B,2.10%,$20.99B,$0.18B,0.87%,$0.18B,$0.63B,16.29%,$0.18B,$-0.18B,58.37%,$0.18B,$16.97B,1.04%,$1.11B,$5.51B,17.31%,$5045,$4100,$945,$0,$707,$4807,$238,$-206,$32,$39,$-7,$-7,$-1,$415,$238,$245,247,$0.00,$0.05,$2281,$3250,$0,$8498,$6956,$0,$804,$529,$8475,$16973,$5322,$4888,$5340,$11026,$16348,$245,$1370,$-4560,$625,$16973,$237,$754,$-443,$311,$291,$619,$-453,$33,$490,$1038,$-1111,$0,$0,$-29,$0,$-29,$17,$-1123,$-186,$-79,$-265,$3,$3,$-29,$-135,$-426,$-491,$0,$0
24,2012-09-30,11.48,$6.16,1.87,$80.71,0.14,$-12.21,0.0,$0.76,15.11,$9.81B,$5.39B,1.82,$5.71B,$1.01B,5.66,$21.63B,$3.75B,17.35%,$21.63B,$1.02B,4.70%,$21.63B,$1.02B,4.70%,$21.63B,$1.77B,8.17%,$21.63B,$0.42B,1.92%,$21.63B,$0.20B,0.93%,$0.20B,$1.51B,16.46%,$0.20B,$0.70B,49.05%,$0.20B,$17.94B,1.13%,$1.02B,$7.22B,15.67%,$5264,$4315,$949,$0,$652,$4967,$297,$-111,$186,$53,$133,$133,$110,$477,$297,$245,281,$0.45,$0.41,$2257,$3596,$0,$9805,$6658,$0,$809,$522,$8134,$17939,$5388,$5708,$4454,$11043,$16431,$245,$1370,$-3702,$1508,$17939,$244,$577,$-378,$199,$-729,$257,$-432,$132,$-772,$-329,$-774,$0,$0,$-15,$0,$-15,$-11,$-800,$720,$-15,$705,$1,$1,$-22,$-86,$598,$-515,$0,$0
25,2012-06-30,11.12,$4.94,2.25,$83.55,0.13,$-14.61,0.0,$0.95,11.71,$9.65B,$5.42B,1.78,$5.40B,$0.71B,7.6,$22.43B,$3.89B,17.35%,$22.43B,$1.13B,5.05%,$22.43B,$1.13B,5.05%,$22.43B,$1.88B,8.38%,$22.43B,$0.53B,2.38%,$22.43B,$0.25B,1.12%,$0.25B,$1.21B,19.56%,$0.25B,$0.41B,53.39%,$0.25B,$17.60B,1.41%,$1.13B,$6.61B,17.36%,$5150,$4141,$1009,$0,$697,$4838,$312,$-146,$166,$63,$103,$103,$85,$506,$312,$245,281,$0.35,$0.33,$2156,$3940,$0,$9649,$6499,$0,$798,$517,$7952,$17601,$5420,$5395,$4730,$10971,$16391,$245,$1260,$-3870,$1210,$17601,$111,$397,$-161,$236,$-377,$-116,$-275,$-30,$-798,$-451,$-490,$0,$9,$-17,$0,$-17,$-14,$-512,$456,$-8,$448,$0,$0,$-15,$-90,$343,$-616,$0,$0
26,2012-03-31,10.57,$4.70,2.25,$87.97,0.12,$-16.13,0.0,$0.78,13.55,$9.99B,$5.88B,1.7,$5.19B,$0.65B,7.97,$22.90B,$3.93B,17.17%,$22.90B,$1.12B,4.87%,$22.90B,$1.12B,4.87%,$22.90B,$1.88B,8.21%,$22.90B,$0.49B,2.13%,$22.90B,$0.21B,0.90%,$0.21B,$1.15B,14.52%,$0.21B,$0.32B,35.17%,$0.21B,$17.99B,1.16%,$1.12B,$6.34B,17.14%,$5533,$4607,$926,$0,$662,$5269,$264,$-208,$56,$48,$8,$8,$-11,$467,$264,$244,244,$-0.05,$-0.05,$2083,$3969,$0,$9988,$6528,$0,$829,$497,$8002,$17990,$5881,$5186,$4893,$10958,$16839,$245,$1176,$-3867,$1151,$17990,$8,$203,$-71,$132,$-635,$-48,$-84,$-127,$-894,$-754,$-276,$0,$0,$0,$0,$0,$-19,$-295,$324,$26,$350,$0,$0,$-7,$-17,$326,$-689,$0,$0
27,2011-12-31,13.34,$4.16,3.21,$87.26,0.15,$-14.82,0.0,$1.25,10.68,$9.81B,$5.93B,1.66,$4.79B,$0.52B,9.26,$22.77B,$3.95B,17.33%,$22.77B,$1.12B,4.94%,$22.77B,$1.12B,4.94%,$22.77B,$1.87B,8.23%,$22.77B,$0.62B,2.71%,$22.77B,$0.32B,1.41%,$0.32B,$1.02B,20.82%,$0.32B,$0.21B,46.27%,$0.32B,$17.63B,1.82%,$1.12B,$5.81B,17.23%,$5683,$4815,$868,$0,$724,$5539,$144,$-137,$7,$-19,$26,$26,$17,$317,$144,$244,271,$0.08,$0.08,$2772,$3856,$0,$9812,$6375,$0,$811,$486,$7817,$17629,$5929,$4789,$5043,$10683,$16612,$245,$1187,$-3991,$1017,$17629,$417,$749,$-137,$612,$-337,$-1009,$696,$394,$-256,$773,$-967,$0,$0,$-4,$0,$-4,$69,$-902,$521,$41,$562,$8,$492,$-15,$-45,$994,$767,$0,$0
28,2011-09-30,9.5,$7.27,1.31,$87.24,0.11,$-14.19,0.0,$0.45,21.12,$10.51B,$5.82B,1.81,$5.56B,$1.28B,4.36,$22.16B,$3.96B,17.87%,$22.16B,$1.15B,5.18%,$22.16B,$1.15B,5.18%,$22.16B,$1.89B,8.54%,$22.16B,$0.47B,2.10%,$22.16B,$0.13B,0.57%,$0.13B,$1.78B,8.37%,$0.13B,$0.95B,19.20%,$0.13B,$18.13B,0.74%,$1.15B,$7.33B,17.97%,$6062,$4973,$1089,$0,$677,$5650,$412,$-107,$305,$94,$211,$211,$161,$590,$412,$244,281,$0.66,$0.60,$2126,$4037,$0,$10512,$6263,$0,$827,$472,$7617,$18129,$5819,$5559,$4108,$10535,$16354,$244,$1169,$-3219,$1775,$18129,$391,$576,$-211,$365,$-1419,$-1154,$435,$410,$-1728,$-972,$-806,$0,$68,$0,$0,$0,$23,$-715,$1329,$97,$1426,$7,$491,$-7,$-35,$1875,$121,$0,$0
29,2011-06-30,15.79,$7.21,2.19,$86.18,0.18,$-10.07,0.0,$-0.23,0.0,$9.78B,$5.92B,1.65,$4.79B,$1.26B,3.8,$21.06B,$3.71B,17.63%,$21.06B,$0.94B,4.45%,$21.06B,$0.94B,4.45%,$21.06B,$1.68B,7.99%,$21.06B,$0.20B,0.96%,$21.06B,$-0.05B,-0.26%,$-0.05B,$1.76B,-3.98%,$-0.05B,$0.88B,-10.96%,$-0.05B,$17.64B,-0.33%,$0.94B,$6.55B,15.67%,$5620,$4572,$1048,$0,$753,$5325,$295,$-175,$120,$64,$56,$56,$40,$506,$295,$244,247,$0.16,$0.16,$1804,$4032,$0,$9776,$6448,$0,$881,$489,$7866,$17642,$5919,$4786,$4271,$9964,$15883,$244,$1009,$-3079,$1759,$17642,$180,$398,$-76,$322,$-701,$-960,$405,$85,$-1171,$-669,$-532,$0,$100,$0,$0,$0,$-51,$-483,$458,$10,$468,$7,$492,$0,$-33,$927,$-201,$0,$0
30,2011-03-31,14.11,$6.62,2.13,$81.98,0.17,$-5.93,0.0,$-0.28,0.0,$9.49B,$5.69B,1.67,$4.80B,$1.12B,4.3,$19.96B,$3.51B,17.57%,$19.96B,$0.81B,4.08%,$19.96B,$0.81B,4.08%,$19.96B,$1.52B,7.60%,$19.96B,$0.17B,0.83%,$19.96B,$-0.07B,-0.33%,$-0.07B,$1.62B,-5.79%,$-0.07B,$0.74B,-22.06%,$-0.07B,$17.26B,-0.42%,$0.81B,$6.41B,14.43%,$5402,$4461,$941,$0,$668,$5129,$273,$-87,$186,$62,$124,$124,$103,$460,$273,$243,246,$0.42,$0.42,$2215,$3337,$0,$9492,$6329,$0,$873,$510,$7764,$17256,$5694,$4795,$4261,$9946,$15640,$244,$969,$-3181,$1616,$17256,$124,$187,$-19,$168,$-754,$-292,$276,$45,$-725,$-433,$-284,$0,$2,$0,$0,$0,$-68,$-350,$494,$-5,$489,$4,$489,$0,$-4,$974,$210,$0,$0
31,2010-12-31,11.16,$3.79,2.94,$77.66,0.14,$-3.08,0.0,$-0.89,0.0,$8.05B,$5.31B,1.52,$4.32B,$0.92B,4.69,$18.83B,$3.38B,17.95%,$18.83B,$0.75B,3.98%,$18.83B,$0.75B,3.98%,$18.83B,$1.43B,7.59%,$18.83B,$0.01B,0.04%,$18.83B,$-0.22B,-1.15%,$-0.22B,$0.92B,-22.05%,$-0.22B,$0.08B,-148.20%,$-0.22B,$15.63B,-1.43%,$0.75B,$5.24B,14.04%,$5072,$4190,$882,$0,$715,$4905,$167,$-312,$-145,$21,$-166,$-166,$-177,$337,$167,$242,242,$-0.73,$-0.73,$2005,$2977,$0,$8045,$6165,$0,$844,$518,$7585,$15630,$5307,$4319,$4257,$9402,$14709,$243,$866,$-3270,$921,$15630,$-164,$679,$-155,$524,$-181,$-536,$769,$512,$564,$924,$-944,$0,$70,$0,$0,$0,$15,$-859,$195,$17,$212,$1,$1,$0,$-34,$179,$83,$0,$0
32,2010-09-30,10.12,$4.64,2.18,$75.12,0.13,$-0.72,0.0,$0.28,36.16,$8.40B,$4.93B,1.7,$4.60B,$1.13B,4.08,$18.20B,$3.35B,18.43%,$18.20B,$0.80B,4.39%,$18.20B,$0.80B,4.39%,$18.20B,$1.48B,8.13%,$18.20B,$0.29B,1.60%,$18.20B,$0.07B,0.37%,$0.07B,$1.13B,6.83%,$0.07B,$0.27B,43.73%,$0.07B,$15.66B,0.46%,$0.80B,$5.72B,15.01%,$4962,$4120,$842,$0,$640,$4760,$202,$-160,$42,$55,$-13,$-13,$-20,$380,$202,$242,242,$-0.08,$-0.08,$1665,$2993,$0,$8403,$5869,$0,$854,$459,$7253,$15656,$4932,$4595,$4158,$9597,$14529,$243,$1043,$-3226,$1127,$15656,$2,$509,$-197,$312,$-858,$-547,$599,$575,$-231,$83,$-618,$0,$20,$0,$26,$26,$-2,$-574,$396,$30,$426,$1,$1,$-10,$-21,$396,$-257,$0,$-10
33,2010-06-30,9.36,$3.69,2.54,$72.51,0.13,$1.20,7.82,$0.65,14.4,$7.72B,$4.43B,1.75,$4.29B,$0.90B,4.79,$17.62B,$3.37B,19.15%,$17.62B,$0.84B,4.78%,$17.62B,$0.84B,4.78%,$17.62B,$1.51B,8.57%,$17.62B,$0.39B,2.21%,$17.62B,$0.16B,0.91%,$0.16B,$0.90B,16.48%,$0.16B,$0.10B,125.24%,$0.16B,$14.51B,1.08%,$0.84B,$5.18B,15.58%,$4528,$3686,$842,$0,$670,$4356,$172,$-90,$82,$43,$39,$39,$28,$340,$172,$242,244,$0.11,$0.11,$1683,$2901,$0,$7723,$5541,$0,$792,$407,$6790,$14513,$4426,$4288,$4166,$9191,$13617,$243,$1063,$-3452,$896,$14513,$15,$331,$-64,$267,$-428,$-592,$502,$419,$-99,$183,$-358,$0,$18,$0,$24,$24,$-37,$-353,$187,$-21,$166,$1,$1,$-2,$0,$165,$-239,$0,$-2
34,2010-03-31,11.9,$4.01,2.97,$70.31,0.17,$0.42,28.06,$-0.38,0.0,$7.67B,$4.41B,1.74,$4.24B,$0.97B,4.36,$17.04B,$3.12B,18.33%,$17.04B,$0.65B,3.79%,$17.04B,$0.65B,3.79%,$17.04B,$1.31B,7.69%,$17.04B,$0.04B,0.22%,$17.04B,$-0.09B,-0.52%,$-0.09B,$0.97B,-9.42%,$-0.09B,$0.13B,-101.71%,$-0.09B,$14.70B,-0.59%,$0.65B,$5.22B,11.66%,$4270,$3456,$814,$0,$605,$4061,$209,$-180,$29,$53,$-24,$-24,$-47,$372,$209,$242,242,$-0.19,$-0.19,$1774,$2708,$0,$7671,$5724,$0,$845,$416,$7031,$14702,$4411,$4242,$4280,$9317,$13728,$243,$1035,$-3351,$974,$14702,$-24,$163,$41,$204,$-340,$-300,$349,$234,$-57,$123,$-141,$0,$16,$0,$24,$24,$-60,$-161,$120,$-35,$85,$1,$1,$0,$0,$86,$-148,$0,$0
35,2009-12-31,13.28,$4.07,3.26,$67.34,0.2,$-1.75,0.0,$-1.57,0.0,$7.23B,$4.10B,1.76,$4.18B,$0.99B,4.24,$16.30B,$2.63B,16.10%,$16.30B,$0.22B,1.36%,$16.30B,$0.22B,1.36%,$16.30B,$0.88B,5.38%,$16.30B,$-0.36B,-2.19%,$16.30B,$-0.38B,-2.30%,$-0.38B,$0.99B,-41.43%,$-0.38B,$0.12B,-655.02%,$-0.38B,$14.41B,-2.51%,$0.22B,$5.17B,3.95%,$4437,$3581,$856,$0,$640,$4221,$216,$-77,$139,$4,$135,$135,$107,$387,$216,$241,241,$0.45,$0.45,$1922,$2443,$0,$7225,$5843,$0,$870,$429,$7185,$14410,$4095,$4182,$4319,$9329,$13424,$242,$1082,$-3372,$986,$14410,$-364,$656,$-359,$297,$139,$1265,$-323,$283,$1364,$1297,$-746,$0,$43,$0,$47,$47,$-7,$-663,$-518,$-101,$-619,$2,$2,$0,$-37,$-654,$28,$0,$0
36,2009-09-30,16.04,$4.24,3.78,$66.09,0.24,$-11.45,0.0,$-3.38,0.0,$8.61B,$4.54B,1.89,$5.02B,$1.03B,4.89,$16.00B,$2.24B,13.99%,$16.00B,$-0.13B,-0.81%,$16.00B,$-0.13B,-0.81%,$16.00B,$0.53B,3.28%,$16.00B,$-0.85B,-5.28%,$16.00B,$-0.81B,-5.08%,$-0.81B,$1.03B,-83.54%,$-0.81B,$0.16B,-621.03%,$-0.81B,$15.68B,-5.36%,$-0.13B,$6.05B,-2.28%,$4385,$3523,$862,$0,$617,$4140,$245,$-105,$140,$38,$102,$102,$72,$411,$245,$242,245,$0.30,$0.30,$2590,$2543,$0,$8605,$5710,$0,$865,$444,$7072,$15677,$4544,$5020,$4240,$10106,$14650,$242,$975,$-3213,$1027,$15677,$-499,$485,$-247,$238,$-419,$1160,$-454,$403,$690,$429,$-502,$0,$40,$0,$40,$40,$-95,$-517,$856,$-94,$762,$2,$2,$0,$-24,$740,$696,$0,$0
37,2009-06-30,10.6,$3.27,3.24,$69.47,0.15,$-20.09,0.0,$-3.54,0.0,$8.15B,$4.29B,1.9,$4.94B,$0.79B,6.24,$16.79B,$2.23B,13.30%,$16.79B,$-0.15B,-0.86%,$16.79B,$-0.15B,-0.86%,$16.79B,$0.52B,3.12%,$16.79B,$-0.87B,-5.17%,$16.79B,$-0.85B,-5.08%,$-0.85B,$0.79B,-56.16%,$-0.85B,$-0.06B,-126.46%,$-0.85B,$15.08B,-5.50%,$-0.15B,$5.73B,-2.34%,$3943,$3353,$590,$0,$614,$3967,$-24,$-247,$-271,$-18,$-253,$-253,$-221,$140,$-24,$241,241,$-0.92,$-0.92,$2366,$2909,$0,$8153,$5601,$0,$849,$425,$6926,$15079,$4288,$4940,$4277,$9999,$14287,$242,$903,$-3353,$792,$15079,$-601,$319,$-123,$196,$29,$739,$-522,$172,$418,$13,$-372,$0,$21,$0,$40,$40,$2,$-309,$794,$-16,$778,$0,$0,$0,$-23,$755,$472,$0,$0
38,2009-03-31,5.9,$3.37,1.75,$74.67,0.08,$-21.45,0.0,$-2.31,0.0,$7.97B,$4.26B,1.87,$4.65B,$0.82B,5.69,$18.08B,$2.69B,14.85%,$18.08B,$0.19B,1.03%,$18.08B,$0.19B,1.03%,$18.08B,$0.86B,4.74%,$18.08B,$-0.43B,-2.37%,$18.08B,$-0.56B,-3.08%,$-0.56B,$0.82B,-25.80%,$-0.56B,$0.01B,-43.19%,$-0.56B,$14.65B,-3.46%,$0.19B,$5.46B,2.86%,$3536,$3219,$317,$0,$533,$3752,$-216,$-149,$-365,$-17,$-348,$-348,$-333,$-61,$-216,$241,241,$-1.38,$-1.38,$1896,$3262,$0,$7968,$5476,$0,$808,$341,$6677,$14645,$4256,$4645,$4158,$9573,$13829,$242,$1130,$-3538,$816,$14645,$-348,$155,$-122,$33,$-19,$250,$-330,$94,$-5,$-320,$-221,$0,$0,$0,$24,$24,$0,$-197,$515,$37,$552,$2,$2,$0,$0,$554,$2,$0,$0
39,2008-12-31,5.62,$5.19,1.08,$80.26,0.07,$-21.55,0.0,$-0.33,0.0,$8.31B,$4.78B,1.74,$4.13B,$1.25B,3.3,$19.49B,$3.35B,17.18%,$19.49B,$0.75B,3.84%,$19.49B,$0.75B,3.84%,$19.49B,$1.44B,7.36%,$19.49B,$0.19B,0.95%,$19.49B,$-0.08B,-0.40%,$-0.08B,$1.25B,-2.79%,$-0.08B,$0.41B,-4.15%,$-0.08B,$15.23B,-0.46%,$0.75B,$5.39B,10.87%,$4135,$3666,$469,$0,$603,$4269,$-134,$-215,$-349,$-8,$-341,$-341,$-330,$35,$-134,$241,241,$-1.37,$-1.36,$1894,$3592,$0,$8310,$5634,$0,$843,$385,$6916,$15226,$4779,$4132,$4250,$9194,$13973,$241,$1463,$-3446,$1253,$15226,$-23,$686,$-1219,$-533,$294,$-700,$279,$-56,$-183,$-739,$-1049,$0,$58,$0,$-76,$-76,$9,$-1058,$321,$66,$387,$5,$5,$0,$-128,$264,$-1569,$0,$0
40,2008-09-30,14.42,$13.34,1.08,$88.27,0.16,$-17.22,0.0,$1.27,11.35,$9.96B,$4.80B,2.07,$5.04B,$3.21B,1.57,$20.51B,$3.89B,18.95%,$20.51B,$1.15B,5.63%,$20.51B,$1.15B,5.63%,$20.51B,$1.84B,8.97%,$20.51B,$0.64B,3.12%,$20.51B,$0.29B,1.39%,$0.29B,$3.21B,9.05%,$0.29B,$2.34B,12.74%,$0.29B,$17.04B,1.66%,$1.15B,$8.25B,15.73%,$5172,$4316,$856,$0,$627,$4943,$229,$-111,$118,$66,$52,$52,$31,$409,$229,$241,243,$0.13,$0.13,$1784,$3860,$0,$9957,$5720,$0,$877,$421,$7086,$17043,$4803,$5035,$2739,$9026,$13829,$241,$1855,$-1581,$3214,$17043,$318,$517,$-1241,$-724,$-687,$-818,$338,$172,$-995,$-1401,$-771,$0,$42,$0,$0,$0,$-393,$-1122,$688,$31,$719,$4,$4,$-53,$4,$674,$-1857,$0,$-53
41,2008-06-30,16.79,$13.91,1.21,$87.74,0.19,$-12.92,0.0,$3.89,4.32,$10.11B,$5.17B,1.96,$3.67B,$3.35B,1.09,$20.41B,$4.05B,19.82%,$20.41B,$1.27B,6.21%,$20.41B,$1.27B,6.21%,$20.41B,$1.93B,9.47%,$20.41B,$0.79B,3.88%,$20.41B,$0.92B,4.52%,$0.92B,$3.35B,32.91%,$0.92B,$2.40B,48.71%,$0.92B,$17.49B,5.36%,$1.27B,$7.02B,18.39%,$5239,$4196,$1043,$0,$735,$4931,$308,$-141,$167,$74,$93,$93,$75,$474,$308,$241,243,$0.31,$0.31,$2250,$3933,$0,$10105,$5928,$0,$949,$436,$7389,$17494,$5165,$3668,$3902,$8976,$14141,$241,$1824,$-1406,$3353,$17494,$266,$337,$-127,$210,$-398,$-684,$360,$31,$-691,$-215,$-476,$0,$-6,$0,$0,$0,$10,$-472,$-784,$30,$-754,$5,$5,$0,$4,$-745,$-1394,$0,$0
42,2008-03-31,24.3,$13.35,1.82,$87.48,0.28,$-13.25,0.0,$3.84,6.33,$9.82B,$4.83B,2.04,$3.68B,$3.22B,1.15,$20.09B,$3.96B,19.69%,$20.09B,$1.22B,6.08%,$20.09B,$1.22B,6.08%,$20.09B,$1.89B,9.43%,$20.09B,$0.72B,3.58%,$20.09B,$0.90B,4.50%,$0.90B,$3.22B,40.92%,$0.90B,$2.27B,68.14%,$0.90B,$17.10B,5.33%,$1.22B,$6.90B,18.40%,$4942,$3961,$981,$0,$635,$4596,$346,$-96,$250,$77,$173,$173,$147,$517,$346,$240,244,$0.61,$0.60,$2406,$3532,$0,$9824,$5808,$0,$948,$439,$7276,$17100,$4828,$3684,$3989,$9055,$13883,$241,$1749,$-1441,$3217,$17100,$173,$171,$-89,$82,$-415,$-296,$65,$-6,$-602,$-347,$-226,$0,$33,$0,$0,$0,$-45,$-238,$-763,$69,$-694,$3,$3,$0,$0,$-691,$-1247,$0,$0
43,2007-12-31,26.58,$11.87,2.24,$92.22,0.29,$-13.71,0.0,$2.28,11.66,$10.17B,$4.66B,2.18,$4.33B,$2.85B,1.52,$19.64B,$3.73B,19.00%,$19.64B,$0.97B,4.94%,$19.64B,$0.97B,4.94%,$19.64B,$1.63B,8.31%,$19.64B,$0.45B,2.27%,$19.64B,$0.58B,2.97%,$0.58B,$2.85B,42.18%,$0.58B,$1.97B,110.36%,$0.58B,$17.19B,3.50%,$0.97B,$7.18B,15.55%,$5160,$4152,$1008,$0,$737,$4889,$271,$-165,$106,$46,$60,$112,$33,$440,$271,$201,205,$0.41,$0.79,$3654,$3164,$0,$10172,$5598,$0,$880,$458,$7019,$17191,$4664,$4329,$4071,$9677,$14341,$240,$1602,$-1652,$2850,$17191,$653,$661,$-1201,$-540,$-104,$-395,$295,$196,$-8,$105,$-739,$0,$107,$0,$0,$0,$1461,$829,$-2185,$-60,$-2245,$937,$937,$-100,$-27,$-1435,$-399,$0,$-100
44,2007-09-30,28.64,$8.53,3.36,$93.25,0.31,$-11.29,0.0,$0.04,715.98,$10.31B,$4.59B,2.25,$4.68B,$1.80B,2.6,$19.12B,$3.26B,17.03%,$19.12B,$0.54B,2.83%,$19.12B,$0.54B,2.83%,$19.12B,$1.21B,6.30%,$19.12B,$0.03B,0.14%,$19.12B,$0.19B,1.00%,$0.19B,$1.80B,39.98%,$0.19B,$0.94B,-53.22%,$0.19B,$17.04B,1.16%,$0.54B,$6.47B,9.19%,$5064,$4051,$1013,$0,$670,$4721,$343,$-75,$268,$95,$173,$159,$668,$502,$343,$211,244,$3.17,$2.75,$3116,$3096,$0,$10313,$5286,$0,$863,$0,$6729,$17042,$4588,$4675,$4780,$10655,$15243,$211,$1550,$-2311,$1799,$17042,$550,$492,$-969,$-477,$-827,$-360,$235,$176,$-753,$-680,$-450,$0,$55,$0,$0,$0,$1469,$1074,$-2174,$-67,$-2241,$955,$955,$-95,$-27,$-1408,$-929,$0,$-95
45,2007-06-30,32.74,$4.60,7.12,$100.26,0.33,$-11.33,0.0,$-2.98,0.0,$9.57B,$4.57B,2.09,$5.04B,$0.97B,5.19,$18.97B,$3.10B,16.32%,$18.97B,$0.44B,2.32%,$18.97B,$0.44B,2.32%,$18.97B,$1.09B,5.72%,$18.97B,$-0.26B,-1.37%,$18.97B,$-0.52B,-2.76%,$-0.52B,$0.97B,-703.36%,$-0.52B,$0.13B,68.81%,$-0.52B,$16.50B,-3.21%,$0.44B,$6.01B,8.04%,$4921,$3967,$954,$0,$692,$4659,$262,$-166,$96,$51,$45,$29,$56,$435,$262,$196,231,$0.28,$0.26,$2519,$2937,$0,$9573,$5117,$0,$838,$0,$6931,$16504,$4573,$5038,$4648,$10961,$15534,$211,$882,$-2457,$970,$16504,$-118,$333,$-218,$115,$-505,$-271,$134,$137,$-505,$-508,$-227,$0,$33,$0,$0,$0,$-2,$-196,$-1767,$-18,$-1785,$940,$940,$-9,$-29,$-883,$-1534,$0,$-9
46,2007-03-31,29.37,$-0.49,-59.4,$105.72,0.28,$-10.75,0.0,$-3.23,0.0,$9.03B,$4.55B,1.98,$5.40B,$-0.09B,-60.02,$18.79B,$2.93B,15.59%,$18.79B,$0.34B,1.78%,$18.79B,$0.34B,1.78%,$18.79B,$1.00B,5.31%,$18.79B,$-0.34B,-1.81%,$18.79B,$-0.58B,-3.08%,$-0.58B,$-0.09B,513.78%,$-0.58B,$-0.93B,60.81%,$-0.58B,$15.86B,-3.57%,$0.34B,$5.31B,6.48%,$4499,$3741,$758,$0,$663,$4404,$95,$-120,$-25,$63,$-88,$-110,$-174,$255,$95,$180,180,$-0.96,$-0.96,$2274,$2742,$0,$9028,$5051,$0,$835,$0,$6833,$15861,$4553,$5402,$4732,$11398,$15951,$182,$826,$-2586,$-90,$15861,$-174,$160,$2,$162,$-435,$-126,$78,$76,$-396,$-408,$-97,$0,$19,$0,$0,$0,$19,$-59,$-1392,$22,$-1370,$65,$65,$0,$-14,$-1319,$-1779,$0,$0
47,2006-12-31,19.77,$-4.25,-4.65,$102.28,0.19,$-9.94,0.0,$-1.90,0.0,$10.18B,$4.67B,2.18,$6.56B,$-0.76B,-8.66,$18.75B,$3.03B,16.13%,$18.75B,$0.48B,2.55%,$18.75B,$0.48B,2.55%,$18.75B,$1.14B,6.05%,$18.75B,$-0.20B,-1.08%,$18.75B,$-0.33B,-1.76%,$-0.33B,$-0.76B,790.42%,$-0.33B,$-1.59B,37.53%,$-0.33B,$17.03B,-2.04%,$0.48B,$5.80B,9.57%,$4638,$4106,$532,$0,$690,$4796,$-158,$-155,$-313,$-114,$-199,$-310,$-358,$13,$-158,$177,177,$-2.02,$-1.97,$4076,$2601,$0,$10179,$5067,$0,$828,$0,$6850,$17029,$4666,$6562,$5315,$13121,$17787,$178,$968,$-3331,$-758,$17029,$-330,$656,$-329,$327,$265,$127,$71,$287,$0,$560,$-678,$0,$127,$0,$0,$0,$19,$-532,$1744,$-24,$1720,$12,$12,$-69,$-16,$1647,$1724,$0,$-69
