,Date,Stock Price,Book Value per Share,Price to Book Ratio,TTM Sales per Share,Price to Sales Ratio,TTM FCF per Share,Price to FCF Ratio,TTM Net EPS,PE Ratio,Current Assets,Current Liabilities,Current Ratio,Long Term Debt,Shareholder's Equity_x,Debt to Equity Ratio,TTM Revenue_x,TTM Gross Profit,Gross Margin,TTM Revenue_y,TTM Operating Income,Operating Margin,TTM Revenue_x,TTM EBIT,EBIT Margin,TTM Revenue_y,TTM EBITDA,EBITDA Margin,TTM Revenue_x,TTM Pre-Tax Income,Pre-Tax Margin,TTM Revenue_y,TTM Net Income_x,Net Margin,TTM Net Income_y,Shareholder's Equity_y,Return on Equity,TTM Net Income_x,Tangible Equity,Return on Tangible Equity,TTM Net Income_y,Total Assets,Return on Assets,TTM Net Income,LT Investments & Debt,Return on Investment,revenue,cost-goods-sold,gross-profit,research-development-expenses,selling-general-administrative-expenses,operating-expenses,operating-income,total-non-operating-income-expense,pre-tax-income,total-provision-income-taxes,income-after-taxes,income-from-continuous-operations,net-income,ebitda,ebit,basic-shares-outstanding,shares-outstanding,eps-basic-net-earnings-per-share,eps-earnings-per-share-diluted,cash-on-hand,inventory,other-current-assets,total-current-assets,net-property-plant-equipment,long-term-investments,goodwill-intangible-assets-total,other-long-term-assets,total-long-term-assets,total-assets,total-current-liabilities,long-term-debt,other-non-current-liabilities,total-long-term-liabilities,total-liabilities,common-stock-net,retained-earnings-accumulated-deficit,comprehensive-income,total-share-holder-equity,total-liabilities-share-holders-equity,net-income-loss,total-depreciation-amortization-cash-flow,other-non-cash-items,total-non-cash-items,change-in-accounts-receivable,change-in-inventories,change-in-accounts-payable,change-in-assets-liabilities,total-change-in-assets-liabilities,cash-flow-from-operating-activities,net-change-in-property-plant-equipment,net-change-in-intangible-assets,net-acquisitions-divestitures,net-change-in-short-term-investments,net-change-in-long-term-investments,net-change-in-investments-total,investing-activities-other,cash-flow-from-investing-activities,net-long-term-debt,net-current-debt,debt-issuance-retirement-net-total,net-common-equity-issued-repurchased,net-total-equity-issued-repurchased,total-common-preferred-stock-dividends-paid,financial-activities-other,cash-flow-from-financial-activities,net-cash-flow,stock-based-compensation,common-stock-dividends-paid
0,2018-09-30,18.89,$35.74,0.53,$128.64,0.15,$21.06,0.9,$-1.25,0.0,$0.74B,$1.36B,0.54,$0.03B,$0.82B,0.04,$3.00B,$0.50B,16.77%,$3.00B,$-0.03B,-1.13%,$3.00B,$-0.03B,-1.13%,$3.00B,$-0.01B,-0.47%,$3.00B,$-0.04B,-1.40%,$3.00B,$-0.03B,-0.97%,$-0.03B,$0.82B,-3.34%,$-0.03B,$0.79B,-3.44%,$-0.03B,$2.82B,-0.96%,$-0.03B,$0.85B,-3.78%,$771,$649,$122,$0,$0,$790,$-19,$-2,$-21,$-3,$-18,$-18,$-18,$-15,$-19,$23,23,$-0.77,$-0.77,$107,$0,$0,$740,$78,$1606,$25,$76,$2078,$2818,$1363,$30,$571,$635,$1999,$23,$773,$-10,$820,$2818,$-52,$14,$-8,$6,$259,$0,$0,$-96,$43,$-4,$-12,$0,$0,$0,$-53,$-53,$-1,$-66,$-2,$0,$-2,$-22,$-22,$0,$2,$-22,$-92,$3,$0
1,2018-06-30,39.06,$36.58,1.07,$125.48,0.31,$29.04,1.35,$0.43,90.84,$1.00B,$1.57B,0.64,$0.03B,$0.85B,0.04,$2.97B,$0.54B,18.07%,$2.97B,$0.02B,0.67%,$2.97B,$0.02B,0.67%,$2.97B,$0.04B,1.42%,$2.97B,$0.01B,0.44%,$2.97B,$0.01B,0.37%,$0.01B,$0.85B,1.24%,$0.01B,$0.82B,1.27%,$0.01B,$3.07B,0.36%,$0.02B,$0.88B,2.17%,$762,$692,$70,$0,$0,$827,$-65,$-2,$-67,$-28,$-39,$-39,$-39,$-60,$-65,$23,23,$-1.68,$-1.68,$256,$0,$0,$998,$78,$1601,$25,$87,$2076,$3074,$1572,$30,$586,$653,$2226,$23,$790,$-3,$849,$3074,$-35,$10,$-10,$0,$156,$0,$0,$73,$166,$131,$-9,$0,$0,$0,$-42,$-42,$-0,$-51,$-2,$0,$-2,$-16,$-16,$0,$-5,$-23,$57,$3,$0
2,2018-03-31,26.14,$38.46,0.68,$123.09,0.21,$28.90,0.9,$2.63,9.94,$0.99B,$1.54B,0.64,$0.03B,$0.90B,0.04,$2.95B,$0.60B,20.37%,$2.95B,$0.10B,3.42%,$2.95B,$0.10B,3.42%,$2.95B,$0.12B,4.20%,$2.95B,$0.09B,3.19%,$2.95B,$0.06B,2.13%,$0.06B,$0.90B,7.02%,$0.06B,$0.87B,7.23%,$0.06B,$3.10B,2.15%,$0.10B,$0.93B,10.86%,$758,$619,$139,$0,$0,$752,$6,$-2,$4,$0,$4,$4,$4,$11,$6,$23,23,$0.17,$0.17,$213,$0,$0,$988,$77,$1643,$25,$101,$2113,$3101,$1544,$31,$578,$662,$2205,$23,$829,$5,$896,$3101,$4,$5,$13,$18,$123,$0,$0,$-14,$108,$130,$-5,$0,$0,$0,$-76,$-76,$-0,$-81,$-1,$0,$-1,$-14,$-14,$0,$-21,$-36,$14,$0,$0
3,2017-12-31,24.85,$38.71,0.64,$120.62,0.21,$28.82,0.86,$2.28,10.9,$1.10B,$1.55B,0.71,$0.03B,$0.91B,0.04,$2.92B,$0.56B,19.35%,$2.92B,$0.09B,2.95%,$2.92B,$0.09B,2.95%,$2.92B,$0.11B,3.74%,$2.92B,$0.08B,2.71%,$2.92B,$0.06B,1.89%,$0.06B,$0.91B,6.18%,$0.06B,$0.89B,6.36%,$0.06B,$3.12B,2.01%,$0.09B,$0.95B,9.31%,$709,$537,$172,$0,$0,$666,$44,$-2,$42,$18,$24,$24,$24,$50,$44,$24,24,$1.02,$1.01,$199,$0,$0,$1098,$75,$1596,$25,$56,$2018,$3117,$1548,$32,$568,$656,$2204,$24,$785,$51,$913,$3117,$54,$23,$-7,$17,$-614,$0,$0,$661,$218,$289,$-21,$0,$0,$0,$-155,$-155,$-1,$-176,$-1,$0,$-1,$-20,$-20,$0,$4,$-17,$96,$7,$0
4,2017-09-30,23.68,$37.52,0.63,$120.95,0.2,$17.77,1.33,$1.75,13.53,$1.20B,$1.55B,0.78,$0.03B,$0.90B,0.04,$2.94B,$0.53B,17.98%,$2.94B,$0.05B,1.77%,$2.94B,$0.05B,1.77%,$2.94B,$0.08B,2.55%,$2.94B,$0.05B,1.53%,$2.94B,$0.04B,1.46%,$0.04B,$0.90B,4.90%,$0.04B,$0.87B,5.05%,$0.04B,$3.09B,1.71%,$0.05B,$0.93B,5.70%,$738,$584,$155,$0,$0,$703,$35,$-2,$34,$12,$22,$22,$22,$41,$35,$24,24,$0.91,$0.91,$270,$0,$0,$1201,$74,$1460,$25,$59,$1886,$3087,$1548,$33,$561,$642,$2190,$24,$761,$57,$897,$3087,$30,$17,$-11,$6,$-647,$0,$0,$731,$156,$192,$-16,$0,$0,$0,$3,$3,$-1,$-14,$-2,$0,$-2,$-13,$-13,$0,$3,$-11,$167,$2,$0
5,2017-06-30,16.91,$36.16,0.47,$120.99,0.14,$13.77,1.23,$0.76,22.25,$0.49B,$0.88B,0.56,$0.03B,$0.88B,0.04,$2.94B,$0.49B,16.58%,$2.94B,$0.01B,0.31%,$2.94B,$0.01B,0.31%,$2.94B,$0.03B,1.09%,$2.94B,$0.00B,0.03%,$2.94B,$0.02B,0.65%,$0.02B,$0.88B,2.18%,$0.02B,$0.86B,2.25%,$0.02B,$2.41B,0.81%,$0.01B,$0.92B,0.99%,$746,$611,$135,$0,$0,$730,$16,$-2,$14,$1,$13,$13,$13,$22,$16,$24,24,$0.52,$0.52,$173,$0,$0,$493,$69,$1487,$25,$61,$1912,$2405,$884,$34,$551,$637,$1521,$24,$739,$55,$884,$2405,$8,$11,$-18,$-7,$-25,$0,$0,$124,$132,$134,$-9,$0,$0,$0,$-44,$-44,$-0,$-53,$-1,$0,$-1,$0,$0,$0,$-11,$-12,$69,$0,$0
6,2017-03-31,17.57,$35.40,0.5,$120.79,0.15,$8.08,2.17,$0.40,43.93,$0.51B,$0.87B,0.59,$0.03B,$0.87B,0.04,$2.95B,$0.48B,16.40%,$2.95B,$0.00B,0.10%,$2.95B,$0.00B,0.10%,$2.95B,$0.03B,0.85%,$2.95B,$-0.01B,-0.17%,$2.95B,$0.01B,0.34%,$0.01B,$0.87B,1.15%,$0.01B,$0.84B,1.19%,$0.01B,$2.36B,0.43%,$0.00B,$0.90B,0.33%,$722,$621,$102,$0,$0,$732,$-9,$-2,$-11,$-7,$-4,$-4,$-4,$-4,$-9,$24,24,$-0.18,$-0.18,$219,$0,$0,$512,$67,$1433,$25,$62,$1847,$2358,$866,$34,$543,$628,$1493,$24,$727,$51,$865,$2358,$-4,$5,$-13,$-7,$-3,$0,$0,$134,$142,$131,$-3,$0,$0,$0,$0,$0,$0,$-3,$-0,$0,$-0,$0,$0,$0,$-12,$-13,$115,$-1,$0
7,2016-12-31,20.7,$35.53,0.58,$121.55,0.17,$4.00,5.18,$0.72,28.75,$0.39B,$0.74B,0.53,$0.04B,$0.86B,0.04,$2.99B,$0.51B,17.15%,$2.99B,$0.02B,0.64%,$2.99B,$0.02B,0.64%,$2.99B,$0.04B,1.41%,$2.99B,$0.01B,0.37%,$2.99B,$0.02B,0.57%,$0.02B,$0.86B,1.96%,$0.02B,$0.84B,2.02%,$0.02B,$2.22B,0.74%,$0.02B,$0.90B,2.10%,$731,$594,$136,$0,$0,$721,$10,$-2,$8,$-4,$12,$12,$12,$16,$10,$24,25,$0.49,$0.49,$103,$0,$0,$390,$66,$1425,$25,$60,$1829,$2219,$737,$35,$535,$620,$1357,$24,$731,$42,$862,$2219,$17,$23,$-18,$5,$-5,$0,$0,$18,$-16,$6,$-5,$0,$0,$0,$-81,$-81,$-1,$-86,$-2,$0,$-2,$-21,$-21,$0,$9,$-15,$-94,$2,$0
8,2016-09-30,21.93,$35.77,0.61,$121.78,0.18,$12.47,1.76,$0.79,27.76,$0.50B,$0.86B,0.58,$0.04B,$0.87B,0.04,$3.03B,$0.54B,17.70%,$3.03B,$0.03B,1.02%,$3.03B,$0.03B,1.02%,$3.03B,$0.05B,1.78%,$3.03B,$0.02B,0.76%,$3.03B,$0.02B,0.63%,$0.02B,$0.87B,2.20%,$0.02B,$0.84B,2.26%,$0.02B,$2.38B,0.82%,$0.03B,$0.90B,3.44%,$745,$629,$115,$0,$0,$753,$-8,$-2,$-10,$-8,$-2,$-2,$-2,$-2,$-8,$24,24,$-0.08,$-0.08,$166,$0,$0,$499,$68,$1467,$25,$66,$1875,$2375,$860,$36,$531,$647,$1507,$24,$719,$61,$868,$2375,$5,$17,$-3,$13,$-54,$0,$0,$110,$64,$83,$-4,$0,$0,$0,$-87,$-87,$-0,$-91,$-1,$0,$-1,$-21,$-21,$0,$-2,$-25,$-32,$2,$0
9,2016-06-30,24.43,$35.76,0.68,$121.29,0.2,$15.72,1.55,$1.03,23.72,$0.44B,$0.79B,0.56,$0.04B,$0.88B,0.04,$3.05B,$0.55B,18.07%,$3.05B,$0.04B,1.41%,$3.05B,$0.04B,1.41%,$3.05B,$0.07B,2.16%,$3.05B,$0.04B,1.15%,$3.05B,$0.03B,0.82%,$0.03B,$0.88B,2.92%,$0.03B,$0.85B,3.01%,$0.03B,$2.32B,1.10%,$0.04B,$0.92B,4.79%,$753,$622,$131,$0,$0,$743,$10,$-2,$8,$4,$4,$4,$4,$15,$10,$25,25,$0.16,$0.16,$96,$0,$0,$444,$70,$1458,$25,$82,$1871,$2315,$794,$36,$517,$643,$1437,$25,$721,$62,$879,$2315,$7,$11,$5,$16,$-64,$0,$0,$-23,$-34,$-11,$-3,$0,$0,$0,$-78,$-78,$-0,$-81,$-1,$0,$-1,$-15,$-15,$0,$5,$-10,$-102,$2,$0
10,2016-03-31,24.86,$34.91,0.71,$120.86,0.21,$19.10,1.3,$1.60,15.54,$0.43B,$0.82B,0.52,$0.04B,$0.86B,0.04,$3.08B,$0.56B,18.32%,$3.08B,$0.05B,1.62%,$3.08B,$0.05B,1.62%,$3.08B,$0.07B,2.40%,$3.08B,$0.04B,1.36%,$3.08B,$0.04B,1.30%,$0.04B,$0.86B,4.73%,$0.04B,$0.84B,4.87%,$0.04B,$2.32B,1.78%,$0.05B,$0.90B,5.58%,$757,$627,$130,$0,$0,$750,$7,$-2,$5,$2,$3,$3,$3,$13,$7,$25,25,$0.14,$0.14,$112,$0,$0,$429,$72,$1478,$25,$76,$1891,$2320,$821,$36,$516,$635,$1456,$25,$717,$46,$864,$2320,$3,$6,$0,$6,$-36,$0,$0,$22,$22,$31,$-1,$0,$0,$0,$-109,$-109,$-0,$-111,$-0,$0,$-0,$-8,$-8,$0,$2,$-6,$-85,$1,$0
11,2015-12-31,23.91,$33.88,0.71,$112.04,0.21,$19.29,1.24,$2.02,11.84,$0.48B,$0.75B,0.64,$0.04B,$0.85B,0.04,$2.90B,$0.58B,20.08%,$2.90B,$0.07B,2.24%,$2.90B,$0.07B,2.24%,$2.90B,$0.09B,3.07%,$2.90B,$0.06B,1.96%,$2.90B,$0.05B,1.79%,$0.05B,$0.85B,6.15%,$0.05B,$0.82B,6.34%,$0.05B,$2.21B,2.35%,$0.07B,$0.88B,7.18%,$774,$613,$160,$0,$0,$752,$22,$-2,$20,$6,$14,$14,$14,$28,$22,$26,26,$0.57,$0.57,$198,$0,$0,$480,$74,$1334,$25,$50,$1726,$2206,$749,$37,$496,$610,$1359,$25,$713,$26,$847,$2206,$52,$23,$6,$29,$6,$0,$0,$119,$148,$229,$-9,$0,$0,$0,$-42,$-42,$-1,$-51,$-38,$0,$-38,$-48,$-48,$0,$-4,$-90,$88,$8,$0
12,2015-09-30,17.81,$32.79,0.54,$103.23,0.17,$11.97,1.49,$2.43,7.33,$0.48B,$0.73B,0.65,$0.06B,$0.83B,0.08,$2.71B,$0.56B,20.84%,$2.71B,$0.06B,2.11%,$2.71B,$0.06B,2.11%,$2.71B,$0.09B,3.14%,$2.71B,$0.05B,1.81%,$2.71B,$0.07B,2.40%,$0.07B,$0.83B,7.66%,$0.07B,$0.81B,7.89%,$0.07B,$2.22B,2.96%,$0.06B,$0.89B,6.22%,$765,$635,$130,$0,$0,$761,$4,$-2,$2,$-2,$4,$4,$4,$10,$4,$25,25,$0.17,$0.16,$194,$0,$0,$477,$74,$1320,$25,$61,$1738,$2215,$731,$62,$486,$652,$1384,$25,$699,$19,$831,$2215,$38,$17,$-3,$14,$11,$0,$0,$90,$120,$171,$-6,$0,$0,$0,$-18,$-18,$-0,$-24,$-12,$0,$-12,$-41,$-41,$0,$-10,$-63,$84,$6,$0
13,2015-06-30,25.66,$32.41,0.79,$94.09,0.27,$7.56,3.39,$2.44,10.52,$0.57B,$0.75B,0.76,$0.06B,$0.84B,0.07,$2.51B,$0.57B,22.61%,$2.51B,$0.07B,2.59%,$2.51B,$0.07B,2.59%,$2.51B,$0.09B,3.75%,$2.51B,$0.06B,2.27%,$2.51B,$0.07B,2.63%,$0.07B,$0.84B,7.72%,$0.07B,$0.82B,7.95%,$0.07B,$2.23B,3.04%,$0.07B,$0.91B,6.99%,$782,$638,$144,$0,$0,$765,$17,$-2,$15,$-4,$19,$19,$19,$23,$17,$26,26,$0.73,$0.73,$213,$0,$0,$567,$75,$1238,$25,$65,$1667,$2233,$749,$63,$475,$641,$1390,$26,$695,$23,$843,$2233,$34,$11,$-8,$3,$-56,$0,$0,$60,$40,$77,$-3,$0,$0,$0,$67,$67,$-0,$64,$-12,$0,$-12,$-26,$-26,$0,$-1,$-39,$102,$3,$0
14,2015-03-31,19.88,$32.51,0.61,$85.77,0.23,$4.73,4.2,$2.72,7.31,$0.50B,$0.68B,0.74,$0.07B,$0.86B,0.09,$2.32B,$0.59B,25.25%,$2.32B,$0.09B,3.75%,$2.32B,$0.09B,3.75%,$2.32B,$0.12B,5.05%,$2.32B,$0.08B,3.37%,$2.32B,$0.07B,3.19%,$0.07B,$0.86B,8.62%,$0.07B,$0.84B,8.88%,$0.07B,$2.20B,3.44%,$0.09B,$0.94B,9.26%,$582,$432,$149,$0,$0,$560,$22,$-2,$20,$5,$15,$15,$15,$28,$22,$26,27,$0.56,$0.56,$186,$0,$0,$499,$76,$1274,$25,$73,$1701,$2200,$677,$74,$471,$661,$1338,$27,$676,$51,$862,$2200,$15,$6,$1,$7,$-12,$0,$0,$-12,$17,$39,$-1,$0,$0,$0,$58,$58,$-0,$56,$-0,$0,$-0,$-15,$-15,$0,$-3,$-18,$76,$2,$0
15,2014-12-31,23.91,$31.74,0.75,$85.26,0.28,$4.04,5.91,$2.41,9.92,$0.43B,$0.64B,0.67,$0.07B,$0.86B,0.09,$2.32B,$0.57B,24.66%,$2.32B,$0.08B,3.23%,$2.32B,$0.08B,3.23%,$2.32B,$0.11B,4.57%,$2.32B,$0.07B,2.84%,$2.32B,$0.07B,2.84%,$0.07B,$0.86B,7.80%,$0.07B,$0.83B,8.04%,$0.07B,$2.15B,3.09%,$0.08B,$0.93B,8.06%,$577,$436,$141,$0,$0,$563,$14,$-2,$12,$-14,$26,$26,$27,$24,$14,$27,27,$0.98,$0.98,$110,$0,$0,$426,$78,$1317,$25,$47,$1720,$2146,$635,$74,$463,$653,$1288,$27,$661,$49,$858,$2146,$65,$30,$-19,$11,$-45,$0,$0,$-2,$-38,$38,$-5,$0,$0,$0,$35,$35,$-1,$29,$-15,$0,$-15,$-11,$-11,$0,$-5,$-32,$36,$2,$0
16,2014-09-30,19.9,$31.40,0.63,$85.37,0.23,$6.46,3.08,$1.37,14.53,$0.41B,$0.64B,0.65,$0.09B,$0.86B,0.1,$2.34B,$0.56B,23.84%,$2.34B,$0.06B,2.57%,$2.34B,$0.06B,2.57%,$2.34B,$0.09B,3.85%,$2.34B,$0.05B,2.18%,$2.34B,$0.04B,1.67%,$0.04B,$0.86B,4.71%,$0.04B,$0.83B,4.86%,$0.04B,$2.12B,1.85%,$0.06B,$0.94B,6.55%,$567,$434,$133,$0,$0,$555,$12,$-2,$10,$5,$5,$5,$5,$19,$12,$27,27,$0.17,$0.17,$141,$0,$0,$414,$82,$1329,$25,$53,$1702,$2116,$641,$88,$455,$620,$1260,$27,$635,$68,$856,$2116,$39,$21,$1,$22,$-4,$0,$0,$3,$0,$61,$-4,$0,$0,$0,$24,$24,$-0,$20,$-1,$0,$-1,$-6,$-6,$0,$-7,$-14,$67,$2,$0
17,2014-06-30,17.93,$31.44,0.57,$86.22,0.21,$7.76,2.31,$1.88,9.54,$0.41B,$0.68B,0.6,$0.09B,$0.86B,0.1,$2.37B,$0.56B,23.84%,$2.37B,$0.07B,3.04%,$2.37B,$0.07B,3.04%,$2.37B,$0.10B,4.31%,$2.37B,$0.06B,2.66%,$2.37B,$0.05B,2.24%,$0.05B,$0.86B,6.58%,$0.05B,$0.83B,6.80%,$0.05B,$2.15B,2.53%,$0.07B,$0.95B,8.05%,$591,$429,$162,$0,$0,$552,$39,$-2,$36,$9,$27,$27,$27,$46,$39,$27,27,$1.01,$1.01,$59,$0,$0,$407,$84,$1353,$25,$62,$1737,$2145,$679,$88,$437,$608,$1287,$27,$630,$75,$857,$2145,$34,$14,$1,$15,$-71,$0,$0,$-4,$-46,$3,$-3,$0,$0,$0,$-3,$-3,$-0,$-6,$-1,$0,$-1,$-6,$-6,$0,$-5,$-12,$-15,$1,$0
18,2014-03-31,16.14,$29.79,0.54,$85.93,0.19,$8.31,1.94,$1.59,10.15,$0.39B,$0.71B,0.55,$0.09B,$0.81B,0.11,$2.38B,$0.54B,22.78%,$2.38B,$0.05B,2.19%,$2.38B,$0.05B,2.19%,$2.38B,$0.08B,3.45%,$2.38B,$0.04B,1.81%,$2.38B,$0.05B,1.94%,$0.05B,$0.81B,5.91%,$0.05B,$0.79B,6.12%,$0.05B,$2.12B,2.21%,$0.05B,$0.90B,5.98%,$585,$449,$136,$0,$0,$574,$10,$-2,$8,$1,$7,$7,$7,$17,$10,$27,27,$0.26,$0.25,$85,$0,$0,$389,$87,$1328,$25,$85,$1735,$2124,$712,$89,$432,$600,$1312,$27,$603,$55,$813,$2124,$7,$7,$2,$8,$-29,$0,$0,$7,$6,$21,$-2,$0,$0,$0,$-3,$-3,$-0,$-5,$-0,$0,$-0,$-3,$-3,$0,$-2,$-6,$10,$1,$0
19,2013-12-31,19.44,$28.59,0.68,$85.43,0.23,$8.48,2.29,$1.95,9.97,$0.35B,$0.67B,0.52,$0.09B,$0.79B,0.11,$2.38B,$0.55B,22.88%,$2.38B,$0.07B,2.81%,$2.38B,$0.07B,2.81%,$2.38B,$0.10B,4.11%,$2.38B,$0.06B,2.43%,$2.38B,$0.06B,2.35%,$0.06B,$0.79B,7.25%,$0.06B,$0.76B,7.52%,$0.06B,$2.05B,2.70%,$0.07B,$0.88B,7.73%,$593,$467,$126,$0,$0,$594,$-1,$-2,$-3,$-3,$-0,$-0,$-0,$8,$-1,$28,28,$0.01,$0.00,$74,$0,$0,$349,$89,$1302,$25,$71,$1698,$2048,$669,$89,$428,$593,$1262,$27,$596,$32,$785,$2048,$56,$32,$-12,$19,$21,$0,$0,$-5,$38,$113,$-12,$0,$-5,$0,$-66,$-66,$-0,$-83,$-12,$-30,$-42,$-18,$-18,$0,$15,$-45,$-15,$3,$0
20,2013-09-30,18.39,$27.86,0.66,$85.28,0.22,$8.27,2.22,$2.64,6.97,$0.37B,$0.70B,0.52,$0.09B,$0.77B,0.12,$2.39B,$0.56B,23.41%,$2.39B,$0.09B,3.89%,$2.39B,$0.09B,3.89%,$2.39B,$0.12B,5.14%,$2.39B,$0.08B,3.47%,$2.39B,$0.07B,3.09%,$0.07B,$0.77B,9.66%,$0.07B,$0.74B,10.02%,$0.07B,$2.08B,3.56%,$0.09B,$0.86B,10.76%,$597,$456,$140,$0,$0,$573,$24,$-2,$22,$3,$19,$19,$19,$31,$24,$27,27,$0.68,$0.68,$82,$0,$0,$367,$90,$1305,$28,$76,$1709,$2076,$700,$90,$418,$610,$1310,$27,$596,$12,$765,$2076,$56,$22,$-7,$16,$3,$0,$0,$-2,$30,$102,$-9,$0,$0,$0,$-78,$-78,$-0,$-87,$-11,$-17,$-28,$-18,$-18,$0,$23,$-23,$-8,$2,$0
21,2013-06-30,21.47,$27.29,0.79,$84.84,0.25,$8.51,2.52,$2.37,9.06,$0.39B,$0.72B,0.55,$0.10B,$0.75B,0.13,$2.40B,$0.54B,22.53%,$2.40B,$0.09B,3.54%,$2.40B,$0.09B,3.54%,$2.40B,$0.12B,4.83%,$2.40B,$0.07B,3.08%,$2.40B,$0.07B,2.79%,$0.07B,$0.75B,8.78%,$0.07B,$0.72B,9.11%,$0.07B,$2.10B,3.23%,$0.09B,$0.85B,9.84%,$600,$461,$139,$0,$0,$581,$19,$-2,$16,$-4,$20,$20,$20,$26,$19,$28,28,$0.72,$0.72,$56,$0,$0,$394,$93,$1298,$28,$75,$1703,$2096,$719,$100,$416,$627,$1346,$27,$577,$17,$750,$2096,$37,$15,$-6,$9,$-42,$0,$0,$-3,$-22,$24,$-9,$0,$0,$0,$-57,$-57,$-0,$-66,$-1,$-2,$-3,$-18,$-18,$0,$29,$8,$-34,$1,$0
22,2013-03-31,17.42,$27.70,0.63,$85.25,0.2,$12.15,1.43,$2.25,7.74,$0.36B,$0.67B,0.53,$0.10B,$0.79B,0.13,$2.42B,$0.53B,21.82%,$2.42B,$0.09B,3.71%,$2.42B,$0.09B,3.71%,$2.42B,$0.12B,5.03%,$2.42B,$0.08B,3.30%,$2.42B,$0.06B,2.64%,$0.06B,$0.79B,8.45%,$0.06B,$0.76B,8.76%,$0.06B,$2.09B,3.09%,$0.09B,$0.89B,10.41%,$592,$452,$140,$0,$0,$567,$25,$-2,$23,$6,$17,$17,$17,$33,$25,$28,28,$0.61,$0.61,$63,$0,$0,$355,$95,$1335,$28,$77,$1734,$2088,$668,$101,$415,$632,$1301,$28,$557,$57,$788,$2088,$17,$8,$2,$9,$-3,$0,$0,$-6,$5,$31,$-6,$0,$0,$0,$-52,$-52,$-0,$-59,$-0,$-22,$-22,$0,$0,$0,$22,$0,$-27,$1,$0
23,2012-12-31,18.47,$26.87,0.69,$85.08,0.22,$13.78,1.34,$1.90,9.72,$0.38B,$0.67B,0.57,$0.10B,$0.76B,0.13,$2.42B,$0.50B,20.77%,$2.42B,$0.08B,3.18%,$2.42B,$0.08B,3.18%,$2.42B,$0.11B,4.46%,$2.42B,$0.07B,2.73%,$2.42B,$0.06B,2.27%,$0.06B,$0.76B,7.48%,$0.06B,$0.73B,7.76%,$0.06B,$2.06B,2.68%,$0.08B,$0.86B,9.06%,$603,$462,$141,$0,$0,$578,$25,$-2,$22,$5,$18,$18,$18,$33,$25,$28,28,$0.63,$0.63,$90,$0,$0,$382,$92,$1274,$28,$81,$1678,$2059,$671,$101,$410,$626,$1297,$28,$540,$49,$762,$2059,$54,$31,$-3,$28,$-4,$0,$0,$39,$28,$110,$-12,$0,$-3,$0,$-91,$-91,$0,$-106,$-27,$30,$3,$-2,$-2,$0,$13,$14,$18,$3,$0
24,2012-09-30,20.9,$26.45,0.79,$83.52,0.25,$15.42,1.36,$1.94,10.77,$0.35B,$0.70B,0.5,$0.10B,$0.75B,0.14,$2.39B,$0.49B,20.34%,$2.39B,$0.08B,3.31%,$2.39B,$0.08B,3.31%,$2.39B,$0.11B,4.70%,$2.39B,$0.07B,2.89%,$2.39B,$0.06B,2.35%,$0.06B,$0.75B,7.84%,$0.06B,$0.73B,8.13%,$0.06B,$2.05B,2.78%,$0.08B,$0.86B,9.50%,$606,$485,$121,$0,$0,$590,$16,$-3,$13,$1,$12,$12,$12,$24,$16,$28,28,$0.41,$0.41,$69,$0,$0,$352,$97,$1302,$25,$81,$1699,$2051,$702,$102,$394,$597,$1298,$28,$522,$57,$753,$2051,$36,$23,$1,$23,$5,$0,$0,$40,$53,$112,$-9,$0,$-3,$0,$-113,$-113,$0,$-124,$-26,$11,$-15,$-0,$-0,$0,$25,$9,$-3,$2,$0
25,2012-06-30,18.28,$25.53,0.72,$81.00,0.23,$18.89,0.97,$1.93,9.47,$0.49B,$0.76B,0.64,$0.13B,$0.73B,0.18,$2.32B,$0.46B,19.99%,$2.32B,$0.08B,3.40%,$2.32B,$0.08B,3.40%,$2.32B,$0.11B,4.70%,$2.32B,$0.07B,3.02%,$2.32B,$0.06B,2.41%,$0.06B,$0.73B,8.06%,$0.06B,$0.70B,8.29%,$0.06B,$2.08B,2.84%,$0.08B,$0.85B,9.69%,$623,$496,$127,$0,$0,$599,$24,$-3,$22,$5,$17,$17,$17,$32,$24,$28,28,$0.60,$0.60,$165,$0,$0,$487,$97,$1201,$25,$83,$1597,$2084,$756,$127,$373,$603,$1359,$28,$510,$41,$725,$2084,$25,$14,$-1,$14,$-33,$0,$0,$116,$87,$125,$-6,$0,$-3,$0,$-32,$-32,$0,$-40,$-1,$3,$2,$-0,$-0,$0,$6,$8,$93,$1,$0
26,2012-03-31,23.1,$24.64,0.94,$77.60,0.3,$17.07,1.35,$1.92,12.03,$0.44B,$0.74B,0.6,$0.13B,$0.70B,0.18,$2.24B,$0.45B,19.96%,$2.24B,$0.08B,3.49%,$2.24B,$0.08B,3.49%,$2.24B,$0.11B,4.70%,$2.24B,$0.07B,3.04%,$2.24B,$0.06B,2.51%,$0.06B,$0.70B,8.29%,$0.06B,$0.68B,8.45%,$0.06B,$2.03B,2.93%,$0.08B,$0.83B,9.76%,$590,$476,$114,$0,$0,$578,$12,$-3,$9,$2,$8,$8,$8,$19,$12,$28,28,$0.27,$0.26,$136,$0,$0,$443,$98,$1188,$25,$87,$1587,$2030,$737,$128,$358,$592,$1329,$28,$493,$33,$701,$2030,$8,$7,$-2,$5,$-18,$0,$0,$80,$61,$74,$-3,$0,$-3,$0,$-15,$-15,$0,$-21,$-0,$0,$-0,$0,$0,$0,$10,$10,$64,$1,$0
27,2011-12-31,20.02,$23.87,0.84,$74.45,0.27,$17.93,1.12,$2.02,9.91,$0.36B,$0.64B,0.56,$0.11B,$0.68B,0.17,$2.15B,$0.44B,20.34%,$2.15B,$0.09B,4.13%,$2.15B,$0.09B,4.13%,$2.15B,$0.12B,5.34%,$2.15B,$0.08B,3.67%,$2.15B,$0.06B,2.69%,$0.06B,$0.68B,8.84%,$0.06B,$0.65B,8.92%,$0.06B,$1.88B,3.11%,$0.09B,$0.79B,11.27%,$566,$443,$123,$0,$0,$539,$27,$-2,$25,$6,$19,$19,$19,$37,$27,$29,29,$0.67,$0.66,$72,$0,$0,$359,$82,$1147,$25,$83,$1522,$1881,$637,$114,$350,$567,$1204,$28,$486,$19,$677,$1881,$58,$26,$63,$89,$55,$0,$0,$-21,$16,$163,$-16,$0,$-55,$0,$-13,$-13,$-0,$-85,$-52,$-16,$-67,$-11,$-11,$0,$27,$-51,$27,$2,$0
28,2011-09-30,16.75,$23.61,0.71,$69.58,0.24,$13.49,1.24,$2.04,8.21,$0.41B,$0.70B,0.59,$0.12B,$0.68B,0.17,$2.02B,$0.42B,20.90%,$2.02B,$0.09B,4.56%,$2.02B,$0.09B,4.56%,$2.02B,$0.12B,5.70%,$2.02B,$0.08B,4.01%,$2.02B,$0.06B,2.92%,$0.06B,$0.68B,9.20%,$0.06B,$0.68B,9.20%,$0.06B,$1.89B,3.22%,$0.09B,$0.79B,11.68%,$542,$442,$100,$0,$0,$526,$16,$-2,$14,$2,$12,$12,$12,$21,$16,$29,29,$0.40,$0.40,$136,$0,$0,$409,$81,$1127,$0,$100,$1478,$1886,$698,$115,$335,$514,$1211,$29,$467,$32,$675,$1886,$39,$17,$58,$75,$70,$0,$0,$59,$103,$217,$-12,$0,$-54,$0,$10,$10,$-0,$-56,$-51,$-16,$-67,$-7,$-7,$0,$4,$-70,$91,$1,$0
29,2011-06-30,21.73,$22.39,0.97,$68.68,0.32,$8.89,2.44,$2.34,9.29,$0.36B,$0.69B,0.53,$0.14B,$0.65B,0.22,$2.00B,$0.43B,21.24%,$2.00B,$0.11B,5.25%,$2.00B,$0.11B,5.25%,$2.00B,$0.13B,6.35%,$2.00B,$0.09B,4.65%,$2.00B,$0.07B,3.35%,$0.07B,$0.65B,10.61%,$0.07B,$0.65B,10.61%,$0.07B,$1.86B,3.70%,$0.11B,$0.79B,13.28%,$537,$428,$109,$0,$0,$514,$23,$-3,$20,$3,$17,$17,$17,$28,$23,$29,29,$0.59,$0.59,$57,$0,$0,$361,$80,$1146,$0,$98,$1494,$1856,$687,$140,$313,$521,$1208,$29,$455,$11,$648,$1856,$27,$11,$22,$34,$43,$0,$0,$-11,$17,$78,$-8,$0,$-54,$0,$-7,$-7,$-0,$-70,$-26,$43,$17,$-1,$-1,$0,$-11,$4,$12,$1,$0
30,2011-03-31,20.58,$21.65,0.95,$68.04,0.3,$7.22,2.85,$2.27,9.07,$0.36B,$0.67B,0.54,$0.17B,$0.63B,0.27,$1.99B,$0.41B,20.84%,$1.99B,$0.10B,5.18%,$1.99B,$0.10B,5.18%,$1.99B,$0.13B,6.29%,$1.99B,$0.09B,4.58%,$1.99B,$0.07B,3.27%,$0.07B,$0.63B,10.51%,$0.07B,$0.63B,10.51%,$0.07B,$1.83B,3.63%,$0.10B,$0.79B,13.13%,$508,$403,$106,$0,$0,$485,$23,$-3,$20,$10,$10,$10,$10,$29,$23,$29,29,$0.36,$0.36,$70,$0,$0,$360,$79,$1125,$0,$93,$1470,$1830,$665,$166,$303,$541,$1206,$29,$438,$4,$625,$1830,$10,$6,$27,$33,$57,$0,$0,$8,$58,$101,$-4,$0,$-54,$0,$-3,$-3,$-0,$-61,$-0,$-16,$-16,$-1,$-1,$0,$2,$-15,$25,$1,$0
31,2010-12-31,19.08,$21.42,0.89,$68.28,0.28,$4.74,4.03,$2.29,8.33,$0.37B,$0.61B,0.61,$0.17B,$0.62B,0.27,$2.00B,$0.40B,20.11%,$2.00B,$0.10B,4.85%,$2.00B,$0.10B,4.85%,$2.00B,$0.12B,5.85%,$2.00B,$0.09B,4.25%,$2.00B,$0.07B,3.30%,$0.07B,$0.62B,10.95%,$0.07B,$0.62B,10.95%,$0.07B,$1.76B,3.75%,$0.10B,$0.78B,12.60%,$432,$325,$107,$0,$0,$402,$30,$-3,$27,$7,$20,$20,$20,$37,$30,$29,29,$0.70,$0.69,$45,$0,$0,$371,$77,$1095,$0,$41,$1389,$1759,$611,$166,$301,$531,$1142,$29,$428,$5,$617,$1759,$67,$20,$-10,$10,$-48,$0,$0,$5,$-39,$38,$-19,$0,$0,$0,$-24,$-24,$0,$-43,$-1,$16,$14,$-6,$-6,$0,$2,$10,$5,$2,$0
32,2010-09-30,16.85,$21.78,0.77,$70.95,0.24,$5.93,2.84,$2.56,6.58,$0.37B,$0.66B,0.56,$0.17B,$0.64B,0.26,$2.08B,$0.41B,19.50%,$2.08B,$0.11B,5.09%,$2.08B,$0.11B,5.09%,$2.08B,$0.12B,5.91%,$2.08B,$0.09B,4.51%,$2.08B,$0.07B,3.55%,$0.07B,$0.64B,12.69%,$0.07B,$0.64B,12.69%,$0.07B,$1.81B,4.27%,$0.11B,$0.80B,14.13%,$524,$422,$103,$0,$0,$496,$29,$-3,$26,$5,$20,$20,$20,$33,$29,$29,29,$0.70,$0.70,$51,$0,$0,$366,$74,$1164,$0,$30,$1440,$1806,$656,$166,$297,$515,$1171,$29,$408,$38,$635,$1806,$47,$13,$2,$15,$-43,$0,$0,$62,$25,$87,$-14,$0,$0,$0,$-59,$-59,$-0,$-73,$-1,$0,$-1,$0,$0,$0,$-2,$-4,$10,$1,$0
33,2010-06-30,18.55,$20.48,0.91,$70.29,0.26,$5.20,3.57,$2.48,7.48,$0.37B,$0.66B,0.56,$0.17B,$0.60B,0.28,$2.06B,$0.40B,19.23%,$2.06B,$0.10B,4.84%,$2.06B,$0.10B,4.84%,$2.06B,$0.12B,5.57%,$2.06B,$0.09B,4.22%,$2.06B,$0.07B,3.49%,$0.07B,$0.60B,12.94%,$0.07B,$0.60B,12.94%,$0.07B,$1.77B,4.26%,$0.10B,$0.76B,13.81%,$523,$425,$98,$0,$0,$502,$21,$-3,$18,$3,$15,$15,$15,$26,$21,$29,29,$0.52,$0.51,$34,$0,$0,$369,$74,$1120,$0,$38,$1401,$1771,$663,$167,$291,$511,$1173,$29,$387,$21,$597,$1771,$26,$9,$5,$14,$-67,$0,$0,$47,$-9,$32,$-10,$0,$0,$0,$-44,$-44,$-0,$-54,$-1,$18,$17,$0,$0,$0,$-1,$16,$-6,$1,$0
34,2010-03-31,17.75,$19.32,0.92,$69.20,0.26,$5.84,3.04,$2.59,6.85,$0.33B,$0.64B,0.52,$0.17B,$0.56B,0.3,$2.03B,$0.40B,19.48%,$2.03B,$0.11B,5.31%,$2.03B,$0.11B,5.31%,$2.03B,$0.12B,5.90%,$2.03B,$0.09B,4.62%,$2.03B,$0.08B,3.74%,$0.08B,$0.56B,14.36%,$0.08B,$0.56B,14.36%,$0.08B,$1.71B,4.63%,$0.11B,$0.73B,15.49%,$520,$426,$94,$0,$0,$503,$17,$-3,$14,$3,$11,$11,$11,$21,$17,$29,29,$0.38,$0.38,$41,$0,$0,$332,$71,$1090,$0,$41,$1375,$1707,$639,$167,$287,$505,$1144,$29,$372,$2,$563,$1707,$11,$4,$-0,$3,$-19,$0,$0,$38,$16,$30,$-5,$0,$0,$0,$-24,$-24,$-0,$-29,$-0,$0,$-0,$0,$0,$0,$-0,$-1,$1,$1,$0
35,2009-12-31,17.6,$18.45,0.95,$66.88,0.26,$5.86,3.0,$2.34,7.52,$0.31B,$0.61B,0.52,$0.17B,$0.54B,0.31,$1.98B,$0.38B,19.03%,$1.98B,$0.10B,4.95%,$1.98B,$0.10B,4.95%,$1.98B,$0.11B,5.45%,$1.98B,$0.08B,4.19%,$1.98B,$0.07B,3.48%,$0.07B,$0.54B,13.69%,$0.07B,$0.54B,13.69%,$0.07B,$1.65B,4.30%,$0.10B,$0.71B,14.58%,$515,$405,$111,$0,$0,$476,$39,$-3,$36,$8,$28,$28,$28,$43,$39,$29,30,$0.94,$0.95,$40,$0,$0,$313,$69,$1043,$0,$46,$1335,$1649,$608,$168,$283,$503,$1111,$29,$361,$-12,$538,$1649,$69,$10,$-3,$7,$-46,$0,$0,$38,$-4,$73,$-19,$0,$0,$0,$-17,$-17,$-0,$-36,$-2,$0,$-2,$-32,$-32,$0,$-8,$-42,$-6,$4,$0
36,2009-09-30,16.77,$17.96,0.93,$62.94,0.27,$3.25,5.16,$1.44,11.65,$0.31B,$0.61B,0.5,$0.17B,$0.53B,0.32,$1.90B,$0.34B,17.84%,$1.90B,$0.07B,3.42%,$1.90B,$0.07B,3.42%,$1.90B,$0.07B,3.84%,$1.90B,$0.05B,2.63%,$1.90B,$0.04B,2.26%,$0.04B,$0.53B,8.76%,$0.04B,$0.53B,8.76%,$0.04B,$1.63B,2.72%,$0.07B,$0.70B,9.86%,$506,$412,$94,$0,$0,$484,$23,$-3,$19,$1,$18,$18,$18,$25,$23,$29,29,$0.62,$0.62,$55,$0,$0,$307,$67,$1051,$0,$37,$1326,$1633,$614,$168,$281,$491,$1105,$29,$333,$4,$528,$1633,$41,$7,$2,$8,$-25,$0,$0,$55,$18,$67,$-15,$0,$0,$0,$-7,$-7,$-0,$-22,$-1,$0,$-1,$-22,$-22,$0,$-13,$-36,$9,$3,$0
37,2009-06-30,15.59,$16.59,0.94,$59.56,0.26,$0.48,32.16,$1.11,14.05,$0.29B,$0.61B,0.48,$0.17B,$0.49B,0.35,$1.84B,$0.33B,17.66%,$1.84B,$0.06B,3.21%,$1.84B,$0.06B,3.21%,$1.84B,$0.07B,3.64%,$1.84B,$0.04B,2.39%,$1.84B,$0.03B,1.85%,$0.03B,$0.49B,7.09%,$0.03B,$0.49B,7.09%,$0.03B,$1.58B,2.17%,$0.06B,$0.66B,9.09%,$492,$395,$97,$0,$0,$464,$29,$-3,$25,$7,$19,$19,$19,$31,$29,$29,29,$0.64,$0.63,$43,$0,$0,$292,$63,$1029,$0,$33,$1285,$1577,$607,$168,$272,$483,$1089,$29,$315,$-18,$488,$1577,$23,$5,$6,$10,$-19,$0,$0,$40,$16,$49,$-9,$0,$0,$0,$-10,$-10,$-0,$-18,$-1,$0,$-1,$-22,$-22,$0,$-11,$-34,$-3,$2,$0
38,2009-03-31,12.32,$15.57,0.79,$56.36,0.22,$-1.89,0.0,$0.86,14.33,$0.36B,$0.61B,0.59,$0.17B,$0.46B,0.37,$1.78B,$0.31B,17.32%,$1.78B,$0.05B,2.80%,$1.78B,$0.05B,2.80%,$1.78B,$0.06B,3.25%,$1.78B,$0.04B,1.96%,$1.78B,$0.03B,1.51%,$0.03B,$0.46B,5.64%,$0.03B,$0.46B,5.64%,$0.03B,$1.55B,1.73%,$0.05B,$0.63B,7.71%,$468,$393,$75,$0,$0,$462,$7,$-3,$3,$-1,$4,$4,$4,$9,$7,$30,30,$0.13,$0.13,$109,$0,$0,$358,$59,$942,$0,$39,$1196,$1554,$611,$169,$270,$481,$1092,$30,$296,$-28,$462,$1554,$4,$2,$5,$7,$-11,$0,$0,$38,$19,$30,$-3,$0,$0,$0,$65,$65,$0,$62,$-0,$0,$-0,$-17,$-17,$0,$-12,$-30,$63,$2,$0
39,2008-12-31,11.5,$15.57,0.74,$53.76,0.21,$-2.85,0.0,$0.77,14.94,$0.28B,$0.58B,0.49,$0.17B,$0.49B,0.35,$1.73B,$0.30B,17.23%,$1.73B,$0.05B,2.72%,$1.73B,$0.05B,2.72%,$1.73B,$0.06B,3.18%,$1.73B,$0.03B,1.85%,$1.73B,$0.02B,1.39%,$0.02B,$0.49B,4.93%,$0.02B,$0.49B,4.93%,$0.02B,$1.56B,1.53%,$0.05B,$0.65B,7.16%,$434,$361,$73,$0,$0,$428,$6,$-3,$3,$1,$2,$2,$2,$8,$6,$32,32,$0.06,$0.06,$46,$0,$0,$283,$58,$1010,$0,$45,$1276,$1559,$583,$169,$267,$492,$1074,$31,$292,$-18,$485,$1559,$25,$8,$47,$55,$-32,$0,$0,$-66,$-83,$-3,$-22,$0,$0,$0,$-179,$-179,$0,$-201,$-2,$0,$-2,$-8,$-8,$0,$19,$10,$-194,$3,$0
40,2008-09-30,16.29,$14.98,1.09,$54.85,0.3,$1.85,8.8,$1.33,12.25,$0.29B,$0.62B,0.48,$0.17B,$0.48B,0.35,$1.69B,$0.31B,18.49%,$1.69B,$0.07B,3.84%,$1.69B,$0.07B,3.84%,$1.69B,$0.07B,4.31%,$1.69B,$0.05B,2.89%,$1.69B,$0.04B,2.36%,$0.04B,$0.48B,8.23%,$0.04B,$0.48B,8.23%,$0.04B,$1.57B,2.51%,$0.07B,$0.65B,9.90%,$446,$366,$80,$0,$0,$429,$17,$-4,$13,$4,$9,$9,$9,$19,$17,$32,32,$0.29,$0.29,$43,$0,$0,$294,$50,$1046,$0,$41,$1275,$1569,$617,$170,$268,$468,$1085,$32,$290,$-30,$484,$1569,$23,$6,$18,$24,$-51,$0,$0,$-19,$-67,$-20,$-12,$0,$0,$0,$-215,$-215,$0,$-227,$0,$31,$31,$0,$0,$0,$19,$50,$-197,$2,$0
