,Date,Stock Price,Book Value per Share,Price to Book Ratio,TTM Sales per Share,Price to Sales Ratio,TTM FCF per Share,Price to FCF Ratio,TTM Net EPS,PE Ratio,Current Assets,Current Liabilities,Current Ratio,Long Term Debt,Shareholder's Equity_x,Debt to Equity Ratio,TTM Revenue_x,TTM Gross Profit,Gross Margin,TTM Revenue_y,TTM Operating Income,Operating Margin,TTM Revenue_x,TTM EBIT,EBIT Margin,TTM Revenue_y,TTM EBITDA,EBITDA Margin,TTM Revenue_x,TTM Pre-Tax Income,Pre-Tax Margin,TTM Revenue_y,TTM Net Income_x,Net Margin,TTM Net Income_y,Shareholder's Equity_y,Return on Equity,TTM Net Income_x,Tangible Equity,Return on Tangible Equity,TTM Net Income_y,Total Assets,Return on Assets,TTM Net Income,LT Investments & Debt,Return on Investment,revenue,cost-goods-sold,gross-profit,research-development-expenses,selling-general-administrative-expenses,operating-expenses,operating-income,total-non-operating-income-expense,pre-tax-income,total-provision-income-taxes,income-after-taxes,income-from-continuous-operations,net-income,ebitda,ebit,basic-shares-outstanding,shares-outstanding,eps-basic-net-earnings-per-share,eps-earnings-per-share-diluted,cash-on-hand,inventory,other-current-assets,total-current-assets,net-property-plant-equipment,long-term-investments,goodwill-intangible-assets-total,other-long-term-assets,total-long-term-assets,total-assets,total-current-liabilities,long-term-debt,other-non-current-liabilities,total-long-term-liabilities,total-liabilities,common-stock-net,retained-earnings-accumulated-deficit,comprehensive-income,total-share-holder-equity,total-liabilities-share-holders-equity,net-income-loss,total-depreciation-amortization-cash-flow,other-non-cash-items,total-non-cash-items,change-in-accounts-receivable,change-in-inventories,change-in-accounts-payable,change-in-assets-liabilities,total-change-in-assets-liabilities,cash-flow-from-operating-activities,net-change-in-property-plant-equipment,net-change-in-intangible-assets,net-acquisitions-divestitures,net-change-in-short-term-investments,net-change-in-long-term-investments,net-change-in-investments-total,investing-activities-other,cash-flow-from-investing-activities,net-long-term-debt,net-current-debt,debt-issuance-retirement-net-total,net-common-equity-issued-repurchased,net-total-equity-issued-repurchased,total-common-preferred-stock-dividends-paid,financial-activities-other,cash-flow-from-financial-activities,net-cash-flow,stock-based-compensation,common-stock-dividends-paid
0,2018-09-30,43.4,$8.71,4.98,$26.77,1.62,$0.27,161.16,$-5.07,0.0,$0.37B,$0.54B,0.68,$3.15B,$0.48B,6.62,$1.29B,$0.58B,45.10%,$1.29B,$0.04B,3.03%,$1.29B,$0.04B,3.03%,$1.29B,$0.23B,17.88%,$1.29B,$-0.20B,-15.63%,$1.29B,$-0.24B,-18.66%,$-0.24B,$0.48B,-67.80%,$-0.24B,$-1.76B,18.20%,$-0.24B,$4.59B,-7.40%,$0.04B,$3.63B,1.53%,$449,$247,$201,$0,$113,$434,$15,$-40,$-25,$-2,$-23,$-23,$-23,$76,$15,$55,55,$-0.43,$-0.43,$48,$0,$0,$371,$1905,$0,$2231,$87,$4223,$4593,$543,$3152,$32,$3575,$4117,$0,$-315,$-8,$476,$4593,$-190,$152,$146,$298,$0,$0,$16,$-19,$-57,$50,$-61,$0,$-2207,$0,$0,$0,$-106,$-2374,$1940,$-6,$1934,$2,$2,$0,$334,$2270,$-54,$24,$0
1,2018-06-30,45.0,$9.20,4.89,$23.42,1.92,$0.96,46.8,$-4.87,0.0,$0.40B,$0.58B,0.69,$3.16B,$0.50B,6.29,$1.04B,$0.48B,45.96%,$1.04B,$0.03B,2.60%,$1.04B,$0.03B,2.60%,$1.04B,$0.19B,18.37%,$1.04B,$-0.19B,-18.65%,$1.04B,$-0.23B,-21.83%,$-0.23B,$0.50B,-74.92%,$-0.23B,$-1.81B,21.34%,$-0.23B,$4.80B,-8.98%,$0.03B,$3.66B,1.36%,$327,$179,$147,$0,$90,$323,$4,$-142,$-137,$-1,$-136,$-136,$-136,$54,$4,$48,48,$-2.83,$-2.83,$74,$0,$14,$403,$2037,$0,$2311,$45,$4392,$4795,$580,$3159,$24,$3713,$4292,$0,$-292,$-1,$502,$4795,$-167,$91,$124,$215,$-1,$0,$10,$15,$-16,$32,$-33,$0,$-2207,$0,$0,$0,$-106,$-2345,$1940,$-1,$1939,$2,$2,$0,$342,$2282,$-28,$15,$0
2,2018-03-31,56.7,$4.62,12.27,$21.18,2.68,$1.17,48.35,$-2.02,0.0,$0.18B,$0.19B,0.95,$1.24B,$0.21B,5.96,$0.90B,$0.42B,46.95%,$0.90B,$0.04B,4.21%,$0.90B,$0.04B,4.21%,$0.90B,$0.18B,20.38%,$0.90B,$-0.06B,-6.53%,$0.90B,$-0.09B,-9.97%,$-0.09B,$0.21B,-38.63%,$-0.09B,$-0.88B,11.58%,$-0.09B,$1.78B,-5.17%,$0.04B,$1.44B,2.70%,$261,$142,$119,$0,$68,$252,$9,$-38,$-29,$2,$-31,$-31,$-31,$50,$9,$45,45,$-0.69,$-0.69,$54,$0,$9,$180,$496,$0,$1090,$17,$1602,$1782,$191,$1236,$5,$1384,$1575,$0,$-156,$-3,$207,$1782,$-31,$41,$21,$62,$10,$0,$-1,$-5,$-19,$12,$-13,$0,$-34,$0,$0,$0,$0,$-47,$-3,$0,$-3,$1,$1,$0,$-11,$-13,$-47,$6,$0
3,2017-12-31,46.95,$5.20,9.04,$19.95,2.35,$1.04,45.07,$-1.75,0.0,$0.23B,$0.19B,1.22,$1.24B,$0.23B,5.35,$0.83B,$0.40B,47.83%,$0.83B,$0.03B,3.14%,$0.83B,$0.03B,3.14%,$0.83B,$0.16B,19.57%,$0.83B,$-0.06B,-6.64%,$0.83B,$-0.07B,-8.70%,$-0.07B,$0.23B,-30.57%,$-0.07B,$-0.83B,10.12%,$-0.07B,$1.80B,-4.31%,$0.03B,$1.47B,1.94%,$249,$136,$113,$0,$64,$238,$11,$-20,$-10,$40,$-50,$-50,$-50,$50,$11,$42,42,$-1.18,$-1.18,$101,$0,$0,$228,$499,$0,$1062,$9,$1570,$1798,$188,$1237,$8,$1379,$1567,$0,$-125,$-4,$231,$1798,$-72,$137,$12,$149,$14,$0,$-23,$-13,$-14,$63,$-42,$-16,$-706,$0,$0,$0,$304,$-460,$534,$0,$534,$3,$3,$0,$-67,$470,$72,$22,$0
4,2017-09-30,31.65,$6.26,5.06,$17.78,1.78,$1.49,21.17,$-0.65,0.0,$0.19B,$0.20B,0.91,$1.11B,$0.27B,4.08,$0.72B,$0.35B,48.27%,$0.72B,$0.03B,3.61%,$0.72B,$0.03B,3.61%,$0.72B,$0.14B,19.42%,$0.72B,$-0.04B,-5.83%,$0.72B,$-0.02B,-3.19%,$-0.02B,$0.27B,-10.97%,$-0.02B,$-0.73B,3.89%,$-0.02B,$1.73B,-1.58%,$0.03B,$1.38B,2.20%,$203,$104,$99,$0,$52,$200,$3,$-21,$-18,$-9,$-10,$-10,$-10,$37,$3,$42,42,$-0.23,$-0.23,$35,$0,$7,$186,$495,$0,$1006,$46,$1547,$1733,$204,$1109,$8,$1257,$1461,$0,$-75,$-4,$272,$1733,$-22,$98,$1,$99,$-7,$0,$-16,$-31,$-30,$47,$-27,$-15,$-653,$0,$0,$0,$0,$-695,$404,$0,$404,$2,$2,$0,$-56,$349,$-299,$16,$0
5,2017-06-30,31.65,$5.37,5.89,$16.42,1.93,$1.41,22.5,$-0.28,0.0,$0.26B,$0.15B,1.69,$1.11B,$0.22B,5.01,$0.65B,$0.31B,48.15%,$0.65B,$0.04B,5.38%,$0.65B,$0.04B,5.38%,$0.65B,$0.13B,20.15%,$0.65B,$-0.02B,-2.92%,$0.65B,$-0.01B,-1.23%,$-0.01B,$0.22B,-4.62%,$-0.01B,$-0.66B,1.63%,$-0.01B,$1.65B,-0.68%,$0.04B,$1.33B,3.60%,$190,$97,$93,$0,$47,$176,$15,$-17,$-2,$-3,$1,$1,$1,$47,$15,$41,42,$0.02,$0.02,$131,$0,$5,$260,$470,$0,$886,$34,$1390,$1650,$154,$1110,$20,$1274,$1428,$0,$-66,$-4,$222,$1650,$-13,$64,$-15,$49,$-1,$0,$-10,$4,$-10,$26,$-18,$-15,$-553,$0,$0,$0,$0,$-585,$406,$0,$406,$1,$1,$0,$-50,$356,$-203,$10,$0
6,2017-03-31,24.35,$5.26,4.63,$15.30,1.59,$1.39,17.47,$-0.30,0.0,$0.16B,$0.16B,0.95,$0.95B,$0.22B,4.4,$0.59B,$0.28B,47.71%,$0.59B,$0.03B,4.92%,$0.59B,$0.03B,4.92%,$0.59B,$0.11B,18.51%,$0.59B,$-0.02B,-2.89%,$0.59B,$-0.01B,-1.53%,$-0.01B,$0.22B,-6.14%,$-0.01B,$-0.62B,2.18%,$-0.01B,$1.49B,-0.97%,$0.03B,$1.17B,3.75%,$186,$95,$91,$0,$53,$189,$-3,$-22,$-25,$-12,$-13,$-13,$-13,$28,$-3,$40,40,$-0.32,$-0.32,$33,$0,$1,$157,$468,$0,$835,$35,$1338,$1494,$164,$953,$13,$1114,$1278,$0,$-67,$-5,$217,$1494,$-13,$31,$-13,$18,$6,$0,$-11,$-1,$-3,$2,$-9,$-4,$-513,$0,$0,$0,$0,$-526,$249,$0,$249,$1,$1,$0,$-28,$222,$-301,$5,$0
7,2016-12-31,28.75,$3.43,8.37,$14.02,2.05,$1.51,19.0,$0.14,205.36,$0.12B,$0.10B,1.24,$0.73B,$0.13B,5.68,$0.53B,$0.25B,47.06%,$0.53B,$0.04B,7.78%,$0.53B,$0.04B,7.78%,$0.53B,$0.11B,20.11%,$0.53B,$0.01B,1.71%,$0.53B,$0.01B,0.95%,$0.01B,$0.13B,4.14%,$0.01B,$-0.35B,-1.45%,$0.01B,$0.95B,0.71%,$0.04B,$0.85B,6.75%,$142,$77,$65,$0,$38,$132,$11,$-8,$3,$4,$-1,$-1,$-1,$28,$11,$37,38,$-0.02,$-0.02,$30,$0,$4,$119,$43,$0,$475,$317,$835,$953,$96,$725,$1,$730,$826,$0,$-65,$-5,$128,$953,$5,$65,$16,$81,$-15,$0,$-12,$9,$-26,$60,$-24,$-20,$-14,$0,$0,$0,$-304,$-363,$339,$0,$339,$2,$2,$0,$-23,$319,$15,$16,$0
8,2016-09-30,23.53,$3.37,6.98,$13.53,1.74,$0.84,27.92,$0.92,25.58,$0.12B,$0.08B,1.42,$0.41B,$0.13B,3.29,$0.50B,$0.24B,46.92%,$0.50B,$0.03B,6.16%,$0.50B,$0.03B,6.16%,$0.50B,$0.09B,18.69%,$0.50B,0,0.00%,$0.50B,$0.03B,6.76%,$0.03B,$0.13B,29.25%,$0.03B,$-0.33B,-9.91%,$0.03B,$0.63B,5.54%,$0.03B,$0.54B,5.98%,$132,$68,$64,$0,$37,$120,$12,$-7,$5,$-0,$5,$5,$5,$28,$12,$37,38,$0.14,$0.14,$15,$0,$0,$116,$40,$0,$458,$13,$511,$628,$82,$413,$4,$420,$502,$0,$-64,$-5,$125,$628,$6,$48,$10,$57,$-20,$0,$-9,$1,$-31,$33,$-18,$-6,$-14,$0,$0,$0,$0,$-38,$26,$0,$26,$1,$1,$0,$-19,$8,$1,$11,$0
9,2016-06-30,18.48,$3.14,5.89,$12.74,1.45,$0.73,25.42,$0.83,22.27,$0.10B,$0.09B,1.21,$0.41B,$0.12B,3.55,$0.47B,$0.22B,46.15%,$0.47B,$0.02B,5.13%,$0.47B,$0.02B,5.13%,$0.47B,$0.08B,17.95%,$0.47B,$-0.00B,-0.64%,$0.47B,$0.03B,6.62%,$0.03B,$0.12B,29.52%,$0.03B,$-0.35B,-10.11%,$0.03B,$0.62B,5.59%,$0.02B,$0.53B,5.25%,$129,$68,$61,$0,$36,$120,$9,$-9,$0,$0,$0,$0,$0,$25,$9,$37,38,$0.00,$0.00,$15,$0,$0,$103,$39,$0,$467,$11,$518,$620,$85,$413,$4,$419,$504,$0,$-69,$-4,$116,$620,$1,$32,$6,$38,$-8,$0,$-11,$0,$-20,$19,$-12,$-6,$-14,$0,$0,$0,$0,$-32,$28,$0,$28,$0,$0,$0,$-13,$15,$1,$6,$0
10,2016-03-31,16.54,$3.07,5.39,$12.05,1.37,$0.63,26.36,$0.51,32.43,$0.10B,$0.10B,1.02,$0.40B,$0.11B,3.48,$0.43B,$0.20B,45.85%,$0.43B,$0.01B,2.30%,$0.43B,$0.01B,2.30%,$0.43B,$0.07B,15.21%,$0.43B,$-0.01B,-3.23%,$0.43B,$0.02B,4.61%,$0.02B,$0.11B,21.00%,$0.02B,$-0.35B,-7.47%,$0.02B,$0.61B,4.01%,$0.01B,$0.51B,2.51%,$124,$66,$58,$0,$32,$115,$9,$-8,$1,$0,$1,$1,$1,$25,$9,$37,37,$0.02,$0.02,$10,$0,$0,$98,$40,$0,$460,$12,$511,$609,$95,$397,$1,$400,$495,$0,$-69,$-3,$114,$609,$1,$16,$1,$17,$-8,$0,$-1,$-1,$-12,$6,$-8,$0,$-14,$0,$0,$0,$0,$-21,$13,$0,$13,$0,$0,$0,$-2,$11,$-4,$2,$0
11,2015-12-31,17.06,$3.02,5.64,$10.53,1.62,$0.73,23.32,$0.52,32.81,$0.09B,$0.10B,0.93,$0.38B,$0.11B,3.47,$0.37B,$0.17B,44.62%,$0.37B,$0.00B,0.81%,$0.37B,$0.00B,0.81%,$0.37B,$0.05B,13.71%,$0.37B,$-0.01B,-3.76%,$0.37B,$0.02B,5.38%,$0.02B,$0.11B,23.19%,$0.02B,$-0.34B,-10.08%,$0.02B,$0.60B,4.84%,$0.00B,$0.49B,0.94%,$118,$65,$53,$0,$32,$117,$1,$-8,$-6,$-34,$28,$28,$28,$16,$1,$35,36,$0.79,$0.78,$15,$0,$6,$93,$39,$0,$453,$12,$504,$596,$100,$383,$1,$386,$486,$0,$-70,$-2,$110,$596,$19,$48,$-21,$27,$-8,$0,$-9,$-6,$-21,$25,$-14,$0,$-301,$0,$0,$0,$0,$-315,$273,$0,$273,$1,$1,$0,$-20,$254,$-35,$8,$0
12,2015-09-30,23.26,$2.27,10.23,$9.55,2.44,$-0.02,0.0,$-0.49,0.0,$0.08B,$0.10B,0.79,$0.21B,$0.08B,2.69,$0.32B,$0.14B,43.22%,$0.32B,$-0.00B,-0.95%,$0.32B,$-0.00B,-0.95%,$0.32B,$0.04B,12.30%,$0.32B,$-0.01B,-4.42%,$0.32B,$-0.02B,-5.05%,$-0.02B,$0.08B,-20.45%,$-0.02B,$-0.19B,12.19%,$-0.02B,$0.39B,-4.84%,$-0.00B,$0.29B,-1.23%,$97,$53,$44,$0,$26,$92,$5,$-4,$2,$-0,$2,$2,$2,$18,$5,$35,36,$0.05,$0.05,$20,$0,$0,$75,$41,$0,$267,$12,$319,$394,$95,$214,$5,$219,$314,$0,$-97,$-2,$80,$394,$-8,$33,$7,$41,$-4,$0,$-12,$-1,$-12,$20,$-10,$0,$-131,$0,$0,$0,$0,$-141,$100,$0,$100,$1,$1,$0,$-10,$91,$-30,$5,$0
13,2015-06-30,23.87,$2.21,10.81,$8.58,2.78,$-0.38,0.0,$-0.77,0.0,$0.07B,$0.10B,0.75,$0.22B,$0.08B,2.82,$0.27B,$0.11B,41.64%,$0.27B,$-0.01B,-3.35%,$0.27B,$-0.01B,-3.35%,$0.27B,$0.03B,10.04%,$0.27B,$-0.02B,-8.18%,$0.27B,$-0.03B,-9.29%,$-0.03B,$0.08B,-37.45%,$-0.03B,$-0.20B,23.81%,$-0.03B,$0.40B,-8.77%,$-0.01B,$0.30B,-4.32%,$95,$51,$44,$0,$29,$101,$-5,$-5,$-11,$0,$-11,$-11,$-11,$7,$-5,$35,35,$-0.32,$-0.32,$19,$0,$0,$73,$42,$0,$272,$10,$325,$398,$98,$217,$5,$223,$321,$0,$-99,$-2,$77,$398,$-10,$20,$5,$25,$-4,$0,$-8,$3,$-6,$9,$-6,$0,$-131,$0,$0,$0,$0,$-138,$103,$0,$103,$0,$0,$0,$-6,$97,$-30,$4,$0
14,2015-03-31,18.88,$2.30,8.22,$7.60,2.49,$-0.55,0.0,$-0.41,0.0,$0.09B,$0.07B,1.29,$0.12B,$0.08B,1.47,$0.22B,$0.09B,39.19%,$0.22B,$-0.00B,-0.90%,$0.22B,$-0.00B,-0.90%,$0.22B,$0.03B,12.61%,$0.22B,$-0.01B,-4.95%,$0.22B,$-0.01B,-5.86%,$-0.01B,$0.08B,-23.53%,$-0.01B,$-0.07B,17.16%,$-0.01B,$0.27B,-5.59%,$-0.00B,$0.19B,-1.23%,$62,$38,$25,$0,$15,$60,$2,$-2,$1,$-0,$1,$1,$1,$10,$2,$34,35,$0.03,$0.03,$52,$0,$0,$88,$23,$0,$147,$8,$177,$265,$68,$115,$3,$119,$187,$0,$-88,$-2,$78,$265,$1,$8,$1,$9,$-1,$0,$3,$-2,$-4,$6,$-3,$0,$0,$0,$0,$0,$0,$-3,$-1,$0,$-1,$0,$0,$0,$-1,$-2,$3,$1,$0
15,2014-12-31,13.23,$2.29,5.77,$7.82,1.69,$-0.58,0.0,$-0.85,0.0,$0.09B,$0.07B,1.21,$0.12B,$0.08B,1.48,$0.21B,$0.08B,38.65%,$0.21B,$-0.00B,-0.97%,$0.21B,$-0.00B,-0.97%,$0.21B,$0.03B,12.56%,$0.21B,$-0.02B,-10.14%,$0.21B,$-0.02B,-11.59%,$-0.02B,$0.08B,-67.13%,$-0.02B,$-0.07B,28.07%,$-0.02B,$0.27B,-11.51%,$-0.00B,$0.19B,-1.47%,$63,$39,$24,$0,$14,$67,$-5,$-2,$-6,$1,$-8,$-8,$-8,$4,$-5,$27,27,$-0.25,$-0.25,$49,$0,$0,$85,$25,$0,$151,$5,$182,$266,$70,$115,$3,$119,$189,$0,$-89,$-1,$78,$266,$-23,$26,$14,$40,$-5,$0,$-14,$-1,$-24,$-6,$-6,$-0,$-37,$0,$0,$0,$0,$-44,$35,$-6,$29,$74,$74,$0,$-15,$88,$43,$2,$0
16,2014-09-30,11.91,$1.19,10.02,$7.60,1.57,$0.12,95.66,$-0.76,0.0,$0.07B,$0.06B,1.3,$0.12B,$0.03B,3.48,$0.19B,$0.07B,38.42%,$0.19B,$0.01B,2.63%,$0.19B,$0.01B,2.63%,$0.19B,$0.03B,16.32%,$0.19B,$-0.02B,-11.05%,$0.19B,$-0.02B,-10.53%,$-0.02B,$0.03B,-106.67%,$-0.02B,$-0.08B,21.68%,$-0.02B,$0.21B,-10.81%,$0.01B,$0.15B,4.46%,$49,$30,$19,$0,$11,$50,$-1,$-5,$-6,$1,$-7,$-7,$-7,$6,$-1,$28,28,$-0.23,$-0.23,$42,$0,$0,$71,$16,$0,$116,$8,$141,$211,$55,$120,$2,$122,$177,$0,$-82,$-0,$34,$211,$-15,$18,$13,$32,$-2,$0,$-4,$-2,$-15,$1,$-3,$0,$-8,$0,$0,$0,$0,$-11,$37,$-6,$31,$25,$25,$0,$-14,$43,$36,$2,$0
17,2014-06-30,10.21,$1.10,9.26,$7.84,1.3,$0.14,70.9,$-0.72,0.0,$0.05B,$0.05B,0.99,$0.08B,$0.03B,2.67,$0.19B,$0.07B,37.63%,$0.19B,$0.01B,4.30%,$0.19B,$0.01B,4.30%,$0.19B,$0.03B,17.20%,$0.19B,$-0.02B,-10.22%,$0.19B,$-0.02B,-9.14%,$-0.02B,$0.03B,-130.77%,$-0.02B,$-0.08B,17.22%,$-0.02B,$0.19B,-9.58%,$0.01B,$0.11B,8.25%,$48,$29,$19,$0,$11,$46,$2,$-2,$0,$-1,$1,$1,$1,$8,$2,$26,27,$0.04,$0.04,$23,$0,$0,$54,$17,$0,$109,$8,$134,$188,$54,$82,$20,$103,$157,$0,$-75,$-0,$31,$188,$-9,$11,$9,$21,$-3,$0,$1,$-1,$-12,$0,$-3,$0,$-2,$0,$0,$0,$0,$-4,$1,$-6,$-5,$26,$26,$0,$-1,$20,$17,$1,$0
18,2014-03-31,10.53,$-0.00,-5014.29,$7.85,1.34,$0.29,35.94,$-1.22,0.0,$0.03B,$0.06B,0.58,$0.09B,$0.00B,-1706.18,$0.18B,$0.07B,36.52%,$0.18B,$-0.00B,-0.56%,$0.18B,$-0.00B,-0.56%,$0.18B,$0.02B,12.36%,$0.18B,$-0.03B,-16.29%,$0.18B,$-0.03B,-15.73%,$-0.03B,$0.00B,-320.00%,$-0.03B,$-0.11B,26.42%,$-0.03B,$0.17B,-15.93%,$-0.00B,$0.09B,-1.08%,$47,$30,$18,$0,$10,$45,$2,$-11,$-9,$1,$-10,$-10,$-10,$8,$2,$23,23,$-0.41,$-0.41,$7,$0,$0,$34,$19,$0,$108,$8,$134,$169,$59,$87,$21,$109,$169,$0,$-76,$-0,$-0,$169,$-10,$6,$9,$15,$0,$0,$3,$-0,$-3,$3,$-2,$0,$0,$0,$0,$0,$0,$-2,$1,$0,$1,$1,$1,$0,$-1,$1,$1,$0,$0
19,2013-12-31,7.3,$0.41,17.89,$7.20,1.01,$0.33,21.98,$-0.94,0.0,$0.03B,$0.06B,0.54,$0.09B,$0.01B,9.04,$0.16B,$0.06B,35.67%,$0.16B,$-0.00B,-1.27%,$0.16B,$-0.00B,-1.27%,$0.16B,$0.02B,10.83%,$0.16B,$-0.02B,-14.01%,$0.16B,$-0.02B,-13.38%,$-0.02B,$0.01B,-147.37%,$-0.02B,$-0.10B,22.83%,$-0.02B,$0.17B,-13.19%,$-0.00B,$0.10B,-2.33%,$46,$29,$17,$0,$9,$44,$2,$-8,$-6,$-2,$-4,$-4,$-4,$9,$2,$22,22,$-0.17,$-0.17,$6,$0,$0,$33,$20,$0,$111,$8,$139,$172,$61,$86,$14,$101,$162,$0,$-66,$-0,$10,$172,$-21,$19,$13,$32,$0,$0,$1,$1,$-2,$9,$-4,$-4,$-52,$0,$0,$0,$0,$-60,$52,$0,$52,$6,$6,$0,$-7,$51,$1,$1,$0
20,2013-09-30,5.35,$0.47,11.41,$6.56,0.82,$0.20,26.47,$-0.80,0.0,$0.04B,$0.07B,0.53,$0.08B,$0.01B,7.69,$0.14B,$0.05B,33.81%,$0.14B,$-0.00B,-2.16%,$0.14B,$-0.00B,-2.16%,$0.14B,$0.01B,8.63%,$0.14B,$-0.02B,-11.51%,$0.14B,$-0.02B,-12.23%,$-0.02B,$0.01B,-106.25%,$-0.02B,$-0.11B,21.18%,$-0.02B,$0.18B,-12.08%,$-0.00B,$0.09B,-3.99%,$45,$30,$16,$0,$8,$43,$2,$-6,$-4,$0,$-4,$-4,$-4,$7,$2,$23,23,$-0.19,$-0.19,$5,$0,$0,$36,$20,$0,$119,$6,$145,$181,$68,$83,$17,$102,$170,$0,$-63,$-1,$11,$181,$-17,$12,$7,$20,$-3,$0,$7,$2,$-2,$1,$-2,$-2,$-52,$0,$0,$0,$0,$-56,$76,$-27,$49,$6,$6,$0,$-0,$55,$0,$1,$0
21,2013-06-30,4.4,$0.63,6.95,$6.09,0.72,$0.29,15.31,$-0.64,0.0,$0.03B,$0.07B,0.5,$0.08B,$0.01B,5.62,$0.12B,$0.04B,31.97%,$0.12B,$-0.00B,-3.28%,$0.12B,$-0.00B,-3.28%,$0.12B,$0.01B,7.38%,$0.12B,$-0.01B,-9.84%,$0.12B,$-0.01B,-10.66%,$-0.01B,$0.01B,-74.29%,$-0.01B,$-0.11B,19.40%,$-0.01B,$0.18B,-10.81%,$-0.00B,$0.10B,-6.13%,$40,$26,$14,$0,$9,$47,$-7,$-4,$-10,$-0,$-10,$-10,$-10,$-2,$-7,$22,22,$-0.46,$-0.46,$6,$0,$0,$34,$20,$0,$122,$6,$147,$181,$69,$81,$15,$98,$167,$0,$-58,$-1,$14,$181,$-13,$7,$4,$11,$-1,$0,$3,$5,$5,$2,$-1,$-2,$-52,$0,$0,$0,$0,$-54,$47,$0,$47,$6,$6,$0,$0,$54,$1,$0,$0
22,2013-03-31,3.65,$1.03,3.54,$5.75,0.63,$0.13,27.57,$-0.21,0.0,$0.02B,$0.04B,0.53,$0.04B,$0.02B,1.69,$0.11B,$0.03B,30.28%,$0.11B,$0.00B,3.67%,$0.11B,$0.00B,3.67%,$0.11B,$0.01B,12.84%,$0.11B,$-0.00B,-1.83%,$0.11B,$-0.00B,-3.67%,$-0.00B,$0.02B,-21.62%,$-0.00B,$-0.05B,7.44%,$-0.00B,$0.10B,-4.01%,$0.00B,$0.06B,7.31%,$26,$18,$9,$0,$5,$26,$1,$-3,$-2,$0,$-3,$-3,$-3,$3,$1,$19,19,$-0.13,$-0.13,$5,$0,$0,$20,$6,$0,$74,$3,$84,$103,$37,$37,$6,$44,$81,$0,$-48,$-1,$22,$103,$-3,$2,$2,$4,$1,$0,$-1,$1,$1,$2,$-1,$-2,$-4,$0,$0,$0,$0,$-6,$2,$0,$2,$2,$2,$0,$0,$4,$-0,$0,$0
23,2012-12-31,2.8,$0.89,3.14,$5.70,0.49,$0.10,27.03,$-0.09,0.0,$0.02B,$0.04B,0.47,$0.04B,$0.02B,2.05,$0.11B,$0.03B,28.70%,$0.11B,$0.00B,3.70%,$0.11B,$0.00B,3.70%,$0.11B,$0.01B,12.96%,$0.11B,0,0.00%,$0.11B,$-0.00B,-0.93%,$-0.00B,$0.02B,-5.71%,$-0.00B,$-0.05B,2.03%,$-0.00B,$0.10B,-1.07%,$0.00B,$0.05B,8.08%,$28,$20,$8,$0,$4,$26,$1,$-1,$-0,$0,$-0,$-0,$-0,$4,$1,$19,19,$-0.01,$-0.01,$5,$0,$0,$19,$5,$0,$71,$3,$79,$98,$41,$35,$5,$40,$81,$0,$-45,$-1,$17,$98,$-2,$8,$2,$9,$1,$0,$-4,$1,$-4,$4,$-2,$-2,$-14,$0,$0,$0,$0,$-17,$18,$-3,$15,$0,$0,$0,$0,$15,$1,$1,$0
24,2012-09-30,2.74,$0.90,3.05,$5.60,0.49,$-0.04,0.0,$-0.07,0.0,$0.02B,$0.04B,0.48,$0.04B,$0.02B,2.13,$0.11B,$0.03B,29.25%,$0.11B,$0.00B,3.77%,$0.11B,$0.00B,3.77%,$0.11B,$0.01B,12.26%,$0.11B,0,0.00%,$0.11B,$-0.00B,-0.94%,$-0.00B,$0.02B,-5.63%,$-0.00B,$-0.06B,2.25%,$-0.00B,$0.10B,-1.13%,$0.00B,$0.05B,8.65%,$28,$20,$8,$0,$5,$27,$1,$-2,$-0,$0,$-0,$-0,$-0,$4,$1,$19,19,$-0.03,$-0.03,$4,$0,$0,$19,$6,$0,$72,$3,$81,$99,$40,$36,$6,$43,$82,$0,$-45,$-1,$17,$99,$-1,$5,$1,$7,$0,$0,$-2,$1,$-3,$2,$-2,$-2,$-13,$0,$0,$0,$0,$-17,$17,$-2,$16,$0,$0,$0,$0,$16,$1,$0,$0
25,2012-06-30,2.35,$0.92,2.55,$5.38,0.44,$-0.02,0.0,$-0.02,0.0,$0.02B,$0.04B,0.5,$0.04B,$0.02B,2.1,$0.10B,$0.03B,29.41%,$0.10B,$0.00B,3.92%,$0.10B,$0.00B,3.92%,$0.10B,$0.01B,11.76%,$0.10B,0,0.00%,$0.10B,$-0.00B,-0.98%,$-0.00B,$0.02B,-5.56%,$-0.00B,$-0.05B,2.52%,$-0.00B,$0.10B,-1.20%,$0.00B,$0.05B,9.36%,$27,$19,$8,$0,$5,$26,$1,$-1,$-0,$0,$-1,$-1,$-1,$3,$1,$19,19,$-0.03,$-0.03,$5,$0,$0,$19,$5,$0,$71,$3,$79,$99,$38,$37,$0,$43,$81,$0,$-45,$-1,$18,$99,$-1,$3,$1,$4,$0,$0,$-4,$-0,$-5,$-2,$-0,$0,$-12,$0,$0,$0,$0,$-12,$19,$-3,$15,$0,$0,$0,$0,$15,$2,$0,$0
26,2012-03-31,2.39,$0.95,2.53,$5.08,0.47,$0.15,16.15,$-0.02,0.0,$0.02B,$0.04B,0.48,$0.02B,$0.02B,1.1,$0.10B,$0.03B,29.17%,$0.10B,$0.00B,3.13%,$0.10B,$0.00B,3.13%,$0.10B,$0.01B,10.42%,$0.10B,$-0.00B,-1.04%,$0.10B,$-0.00B,-1.04%,$-0.00B,$0.02B,-5.56%,$-0.00B,$-0.03B,2.84%,$-0.00B,$0.08B,-1.27%,$0.00B,$0.04B,7.50%,$25,$17,$7,$0,$5,$23,$1,$-1,$-0,$0,$-0,$-0,$-0,$3,$1,$19,19,$-0.01,$-0.01,$4,$0,$0,$18,$3,$0,$52,$4,$59,$77,$37,$20,$0,$22,$59,$0,$-44,$-1,$18,$77,$-0,$1,$1,$2,$1,$0,$0,$0,$-1,$1,$-0,$0,$0,$0,$0,$0,$0,$-0,$-1,$1,$-0,$0,$0,$0,$0,$-0,$1,$0,$0
27,2011-12-31,1.18,$0.97,1.22,$4.87,0.24,$0.09,12.84,$0.02,59.0,$0.02B,$0.04B,0.48,$0.02B,$0.02B,1.18,$0.09B,$0.03B,29.67%,$0.09B,$0.00B,3.30%,$0.09B,$0.00B,3.30%,$0.09B,$0.01B,9.89%,$0.09B,$-0.00B,-1.10%,$0.09B,$-0.00B,-1.10%,$-0.00B,$0.02B,-5.56%,$-0.00B,$-0.04B,3.25%,$-0.00B,$0.08B,-1.37%,$0.00B,$0.04B,7.95%,$26,$18,$8,$0,$5,$24,$1,$-1,$0,$0,$-0,$-0,$-0,$3,$1,$19,19,$-0.01,$-0.01,$3,$0,$0,$18,$3,$0,$53,$4,$60,$78,$38,$21,$1,$23,$60,$0,$-44,$-0,$18,$78,$0,$4,$1,$5,$-2,$0,$3,$-3,$-5,$-0,$-1,$-1,$-15,$0,$0,$0,$0,$-16,$12,$1,$13,$0,$0,$0,$0,$13,$-3,$1,$0
28,2011-09-30,1.15,$0.96,1.2,$4.73,0.24,$-0.02,0.0,$0.05,23.0,$0.02B,$0.04B,0.48,$0.02B,$0.02B,1.22,$0.09B,$0.03B,29.07%,$0.09B,$0.00B,3.49%,$0.09B,$0.00B,3.49%,$0.09B,$0.01B,9.30%,$0.09B,$-0.00B,-1.16%,$0.09B,$-0.00B,-1.16%,$-0.00B,$0.02B,-5.63%,$-0.00B,$-0.04B,3.77%,$-0.00B,$0.08B,-1.49%,$0.00B,$0.04B,8.51%,$24,$17,$7,$0,$5,$23,$1,$-1,$0,$0,$0,$0,$0,$3,$1,$19,19,$0.02,$0.02,$7,$0,$0,$19,$4,$0,$54,$4,$62,$80,$39,$22,$0,$23,$63,$0,$-44,$-0,$18,$80,$0,$3,$0,$3,$0,$0,$-0,$-2,$-2,$1,$-0,$-1,$-15,$0,$0,$0,$0,$-16,$13,$2,$15,$0,$0,$0,$0,$15,$0,$0,$0
29,2011-06-30,1.26,$0.94,1.35,$4.64,0.27,$-0.27,0.0,$0.06,21.0,$0.02B,$0.04B,0.52,$0.03B,$0.02B,1.46,$0.08B,$0.02B,29.27%,$0.08B,$0.00B,3.66%,$0.08B,$0.00B,3.66%,$0.08B,$0.01B,8.54%,$0.08B,$-0.00B,-1.22%,$0.08B,$-0.00B,-1.22%,$-0.00B,$0.02B,-5.88%,$-0.00B,$-0.04B,4.44%,$-0.00B,$0.08B,-1.62%,$0.00B,$0.04B,9.23%,$21,$15,$6,$0,$5,$21,$-0,$-0,$-1,$0,$-1,$-1,$-1,$1,$-0,$19,19,$-0.03,$-0.03,$7,$0,$0,$19,$4,$0,$53,$4,$62,$81,$37,$26,$0,$27,$63,$0,$-44,$-0,$18,$81,$-0,$2,$0,$2,$1,$0,$4,$-2,$-0,$2,$-0,$0,$-15,$0,$0,$0,$0,$-15,$13,$1,$14,$0,$0,$0,$0,$14,$1,$0,$0
30,2011-03-31,1.22,$0.96,1.27,$4.65,0.26,$-0.46,0.0,$0.11,11.09,$0.01B,$0.02B,0.57,$0.01B,$0.02B,0.61,$0.08B,$0.02B,29.63%,$0.08B,$0.00B,4.94%,$0.08B,$0.00B,4.94%,$0.08B,$0.01B,8.64%,$0.08B,0,0.00%,$0.08B,0,0.00%,$0.00B,$0.02B,0.00%,$0.00B,$-0.02B,0.00%,$0.00B,$0.05B,0.00%,$0.00B,$0.03B,15.53%,$20,$14,$6,$0,$4,$20,$1,$-0,$0,$0,$0,$0,$0,$2,$1,$18,18,$0.03,$0.03,$6,$0,$0,$13,$2,$0,$34,$4,$39,$53,$23,$11,$0,$12,$35,$0,$-44,$-0,$18,$53,$0,$1,$0,$1,$1,$0,$1,$-1,$-1,$0,$-0,$0,$0,$0,$0,$0,$0,$-0,$-1,$0,$-1,$0,$0,$0,$0,$-1,$-1,$0,$0
31,2010-12-31,1.3,$0.96,1.36,$4.78,0.27,$-0.56,0.0,$0.09,14.44,$0.01B,$0.02B,0.58,$0.01B,$0.02B,0.7,$0.08B,$0.02B,29.27%,$0.08B,$0.00B,4.88%,$0.08B,$0.00B,4.88%,$0.08B,$0.01B,7.32%,$0.08B,0,0.00%,$0.08B,0,0.00%,$0.00B,$0.02B,0.00%,$0.00B,$-0.02B,0.00%,$0.00B,$0.05B,0.00%,$0.00B,$0.03B,17.78%,$21,$14,$6,$0,$5,$20,$1,$-0,$0,$0,$0,$0,$0,$2,$1,$17,17,$0.02,$0.02,$7,$0,$0,$14,$2,$0,$35,$4,$40,$54,$24,$12,$0,$13,$37,$0,$-44,$-0,$17,$54,$1,$3,$1,$3,$3,$0,$-3,$-3,$-7,$-2,$-0,$0,$0,$0,$0,$0,$0,$-0,$3,$-1,$3,$1,$1,$0,$0,$3,$1,$1,$0
32,2010-09-30,0.9,$0.90,1.0,$4.62,0.19,$-0.36,0.0,$0.05,18.0,$0.02B,$0.03B,0.61,$0.01B,$0.02B,0.9,$0.08B,$0.02B,29.87%,$0.08B,$0.00B,3.90%,$0.08B,$0.00B,3.90%,$0.08B,$0.00B,5.19%,$0.08B,0,0.00%,$0.08B,0,0.00%,$0.00B,$0.02B,0.00%,$0.00B,$-0.02B,0.00%,$0.00B,$0.06B,0.00%,$0.00B,$0.03B,16.22%,$20,$14,$6,$0,$5,$19,$1,$-0,$0,$-0,$0,$0,$0,$2,$1,$17,17,$0.03,$0.03,$8,$0,$0,$18,$2,$0,$35,$4,$41,$59,$29,$14,$0,$14,$43,$0,$-45,$-0,$15,$59,$1,$2,$1,$3,$1,$0,$-1,$-3,$-7,$-3,$-0,$0,$0,$0,$0,$0,$0,$-0,$5,$0,$5,$1,$1,$0,$0,$6,$2,$1,$0
33,2010-06-30,0.96,$0.86,1.12,$4.46,0.22,$-0.11,0.0,$0.05,19.2,$0.02B,$0.04B,0.44,$0.00B,$0.01B,0.11,$0.07B,$0.02B,30.14%,$0.07B,$0.00B,4.11%,$0.07B,$0.00B,4.11%,$0.07B,$0.00B,4.11%,$0.07B,0,0.00%,$0.07B,0,0.00%,$0.00B,$0.01B,0.00%,$0.00B,$-0.02B,0.00%,$0.00B,$0.06B,0.00%,$0.00B,$0.02B,18.18%,$20,$14,$6,$0,$4,$19,$1,$-0,$0,$0,$0,$0,$0,$1,$1,$17,17,$0.02,$0.02,$6,$0,$0,$17,$2,$0,$36,$0,$38,$55,$39,$2,$0,$2,$41,$0,$-45,$-0,$14,$55,$0,$1,$0,$2,$-1,$0,$-1,$-1,$-4,$-2,$-0,$0,$0,$0,$0,$0,$0,$-0,$1,$0,$1,$1,$1,$0,$0,$2,$0,$0,$0
34,2010-03-31,1.3,$0.82,1.58,$4.35,0.3,$-0.01,0.0,$0.06,21.67,$0.02B,$0.04B,0.48,$0.00B,$0.01B,0.12,$0.07B,$0.02B,30.43%,$0.07B,$0.00B,2.90%,$0.07B,$0.00B,2.90%,$0.07B,$0.00B,4.35%,$0.07B,0,0.00%,$0.07B,0,0.00%,$0.00B,$0.01B,0.00%,$0.00B,$-0.02B,0.00%,$0.00B,$0.06B,0.00%,$0.00B,$0.02B,11.27%,$21,$15,$6,$0,$4,$20,$1,$-0,$0,$0,$0,$0,$0,$1,$1,$16,17,$0.01,$0.01,$9,$0,$0,$20,$2,$0,$36,$0,$39,$59,$43,$2,$0,$2,$45,$0,$-45,$-0,$14,$59,$0,$1,$0,$1,$-1,$0,$-1,$-0,$-3,$-2,$-0,$0,$0,$0,$0,$0,$0,$-0,$1,$0,$2,$1,$1,$0,$0,$2,$1,$0,$0
35,2009-12-31,1.2,$0.84,1.43,$4.17,0.29,$0.11,10.58,$0.04,30.0,$0.02B,$0.04B,0.39,$0.00B,$0.01B,0.02,$0.06B,$0.02B,29.69%,$0.06B,$0.00B,1.56%,$0.06B,$0.00B,1.56%,$0.06B,$0.00B,4.69%,$0.06B,0,0.00%,$0.06B,0,0.00%,$0.00B,$0.01B,0.00%,$0.00B,$-0.02B,0.00%,$0.00B,$0.06B,0.00%,$0.00B,$0.01B,5.33%,$16,$11,$5,$0,$4,$16,$0,$-0,$-0,$0,$-0,$-0,$-0,$0,$0,$15,15,$-0.02,$-0.02,$6,$0,$0,$16,$2,$0,$37,$0,$39,$56,$42,$0,$0,$1,$43,$0,$-45,$-0,$13,$56,$0,$2,$1,$2,$3,$0,$-7,$2,$-1,$1,$-0,$0,$-4,$0,$0,$0,$0,$-4,$0,$3,$3,$0,$0,$0,$0,$3,$-0,$1,$0
36,2009-09-30,1.15,$0.81,1.42,$4.22,0.27,$0.29,3.98,$0.05,23.0,$0.01B,$0.02B,0.8,$0.01B,$0.01B,0.71,$0.07B,$0.02B,29.23%,$0.07B,$0.00B,1.54%,$0.07B,$0.00B,1.54%,$0.07B,$0.00B,6.15%,$0.07B,0,0.00%,$0.07B,0,0.00%,$0.00B,$0.01B,0.00%,$0.00B,$-0.01B,0.00%,$0.00B,$0.04B,0.00%,$0.00B,$0.02B,4.82%,$16,$11,$5,$0,$3,$15,$1,$-0,$0,$0,$0,$0,$0,$1,$1,$15,16,$0.03,$0.03,$6,$0,$0,$14,$1,$0,$25,$0,$27,$40,$17,$9,$0,$11,$28,$0,$-45,$-0,$12,$40,$1,$1,$0,$2,$3,$0,$-5,$1,$-1,$1,$-0,$0,$0,$0,$0,$0,$0,$-0,$0,$0,$0,$0,$0,$0,$0,$0,$0,$0,$0
37,2009-06-30,1.3,$0.77,1.69,$4.33,0.3,$0.05,27.96,$0.02,65.0,$0.02B,$0.02B,0.77,$0.01B,$0.01B,0.74,$0.07B,$0.02B,28.79%,$0.07B,$-0.04B,-63.64%,$0.07B,$-0.04B,-63.64%,$0.07B,$0.00B,4.55%,$0.07B,$-0.04B,-63.64%,$0.07B,$-0.04B,-63.64%,$-0.04B,$0.01B,-350.00%,$-0.04B,$-0.01B,294.74%,$-0.04B,$0.04B,-99.41%,$-0.04B,$0.02B,-204.88%,$16,$11,$5,$0,$4,$16,$0,$-0,$0,$-0,$0,$0,$0,$1,$0,$15,16,$0.03,$0.03,$5,$0,$0,$16,$1,$0,$25,$0,$27,$42,$20,$9,$0,$10,$31,$0,$-46,$-0,$12,$42,$0,$1,$0,$1,$0,$0,$-4,$1,$-2,$-0,$-0,$0,$0,$0,$0,$0,$0,$-0,$0,$0,$0,$0,$0,$0,$0,$0,$-1,$0,$0
38,2009-03-31,0.49,$0.76,0.65,$4.45,0.11,$0.01,0.0,$-0.01,0.0,$0.02B,$0.02B,0.73,$0.01B,$0.01B,0.76,$0.07B,$0.02B,28.36%,$0.07B,$-0.04B,-62.69%,$0.07B,$-0.04B,-62.69%,$0.07B,$0.00B,2.99%,$0.07B,$-0.04B,-64.18%,$0.07B,$-0.04B,-64.18%,$-0.04B,$0.01B,-193.26%,$-0.04B,$-0.01B,291.53%,$-0.04B,$0.04B,-81.90%,$-0.04B,$0.02B,-136.59%,$16,$11,$4,$0,$4,$16,$0,$-0,$-0,$0,$-0,$-0,$-0,$1,$0,$15,15,$-0.01,$-0.01,$6,$0,$0,$15,$1,$0,$26,$0,$27,$42,$21,$9,$1,$10,$31,$0,$-46,$-0,$12,$42,$-0,$0,$0,$1,$1,$0,$-1,$0,$0,$1,$-0,$0,$0,$0,$0,$0,$0,$-0,$0,$0,$0,$0,$0,$0,$0,$0,$-0,$0,$0
39,2008-12-31,0.35,$0.81,0.43,$4.51,0.08,$-0.03,0.0,0,0.0,$0.02B,$0.02B,0.73,$0.01B,$0.01B,0.73,$0.07B,$0.02B,29.85%,$0.07B,$-0.04B,-64.18%,$0.07B,$-0.04B,-64.18%,$0.07B,$0.00B,1.49%,$0.07B,$-0.04B,-65.67%,$0.07B,$-0.04B,-65.67%,$-0.04B,$0.01B,-135.38%,$-0.04B,$-0.01B,288.52%,$-0.04B,$0.05B,-69.84%,$-0.04B,$0.02B,-104.24%,$17,$12,$5,$0,$4,$16,$0,$-0,$-0,$-0,$0,$0,$0,$1,$0,$15,15,$0.00,$0.00,$6,$0,$0,$17,$1,$0,$26,$1,$28,$45,$23,$9,$0,$10,$32,$0,$-46,$0,$12,$45,$-42,$44,$-0,$44,$-4,$0,$4,$1,$3,$4,$-1,$0,$0,$0,$0,$0,$0,$-1,$0,$0,$0,$0,$0,$0,$0,$0,$2,$1,$0
40,2008-09-30,0.51,$0.78,0.65,$4.67,0.11,$-0.43,0.0,0,0.0,$0.01B,$0.02B,0.63,$0.01B,$0.01B,0.75,$0.07B,$0.02B,30.30%,$0.07B,$-0.04B,-66.67%,$0.07B,$-0.04B,-66.67%,$0.07B,0,0.00%,$0.07B,$-0.04B,-66.67%,$0.07B,$-0.04B,-65.15%,$-0.04B,$0.01B,-100.58%,$-0.04B,$-0.02B,273.02%,$-0.04B,$0.04B,-59.31%,$-0.04B,$0.02B,-85.44%,$17,$12,$5,$0,$5,$59,$-42,$-0,$-42,$-0,$-42,$-42,$-42,$0,$-42,$15,15,$-2.78,$-2.78,$1,$0,$0,$11,$1,$0,$26,$1,$29,$40,$18,$9,$0,$10,$28,$0,$-46,$1,$12,$40,$-43,$44,$0,$44,$-3,$0,$-2,$0,$-3,$-2,$-1,$0,$0,$0,$0,$0,$0,$-1,$1,$0,$1,$-0,$-0,$0,$0,$1,$-2,$1,$0
41,2008-06-30,0.56,$3.52,0.16,$4.77,0.12,$-0.34,0.0,0,0.0,$0.01B,$0.02B,0.62,$0.01B,$0.05B,0.17,$0.06B,$0.02B,31.25%,$0.06B,$-0.00B,-4.69%,$0.06B,$-0.00B,-4.69%,$0.06B,0,0.00%,$0.06B,$-0.00B,-4.69%,$0.06B,$-0.00B,-3.13%,$-0.00B,$0.05B,-3.85%,$-0.00B,$-0.02B,11.43%,$-0.00B,$0.08B,-2.40%,$-0.00B,$0.06B,-4.90%,$17,$12,$5,$0,$5,$18,$-0,$-0,$-1,$-0,$-1,$-1,$-1,$0,$-0,$15,15,$-0.03,$-0.03,$2,$0,$0,$12,$1,$0,$69,$1,$71,$83,$20,$9,$0,$10,$30,$0,$-5,$0,$53,$83,$-1,$1,$-0,$1,$-2,$0,$1,$0,$-1,$-0,$-1,$0,$0,$0,$0,$0,$0,$-1,$0,$0,$0,$-0,$-0,$0,$0,$-0,$-1,$0,$0
42,2008-03-31,0.38,$3.59,0.11,$4.79,0.08,$-0.43,0.0,0,0.0,$0.01B,$0.02B,0.62,$0.01B,$0.05B,0.17,$0.06B,$0.02B,31.15%,$0.06B,$-0.01B,-8.20%,$0.06B,$-0.01B,-8.20%,$0.06B,$-0.00B,-3.28%,$0.06B,$-0.00B,-6.56%,$0.06B,$-0.00B,-4.92%,$-0.00B,$0.05B,-5.85%,$-0.00B,$-0.02B,15.79%,$-0.00B,$0.08B,-3.58%,$-0.01B,$0.06B,-8.44%,$16,$12,$5,$0,$5,$17,$-1,$-0,$-1,$-0,$-1,$-1,$-1,$-0,$-1,$15,15,$-0.04,$-0.04,$3,$0,$0,$13,$1,$0,$69,$1,$71,$84,$20,$9,$0,$10,$31,$0,$-4,$0,$53,$84,$-1,$1,$-0,$1,$-1,$0,$2,$-0,$0,$0,$-0,$0,$0,$0,$0,$0,$0,$-0,$0,$0,$0,$-0,$-0,$0,$0,$-0,$-0,$0,$0
43,2007-12-31,1.05,$3.69,0.28,$4.81,0.22,$-0.43,0.0,0,0.0,$0.01B,$0.02B,0.61,$0.01B,$0.05B,0.17,$0.06B,$0.02B,30.51%,$0.06B,$-0.01B,-11.86%,$0.06B,$-0.01B,-11.86%,$0.06B,$-0.00B,-6.78%,$0.06B,$-0.01B,-10.17%,$0.06B,$-0.01B,-8.47%,$-0.01B,$0.05B,-9.85%,$-0.01B,$-0.02B,24.69%,$-0.01B,$0.08B,-5.93%,$-0.01B,$0.06B,-11.86%,$16,$11,$5,$0,$4,$16,$-1,$0,$-0,$-2,$1,$1,$1,$0,$-1,$12,12,$0.13,$0.13,$3,$0,$0,$12,$1,$0,$70,$1,$71,$83,$19,$9,$0,$10,$30,$0,$-4,$0,$53,$83,$-4,$3,$-2,$1,$2,$0,$-2,$-0,$2,$-2,$-0,$0,$0,$0,$0,$0,$10,$10,$1,$0,$1,$0,$0,$0,$-10,$-9,$-0,$1,$0
44,2007-09-30,1.37,$4.10,0.33,$3.54,0.39,$-0.26,0.0,0,0.0,$0.01B,$0.02B,0.55,$0.01B,$0.05B,0.21,$0.04B,$0.01B,30.23%,$0.04B,$-0.02B,-41.86%,$0.04B,$-0.01B,-16.28%,$0.04B,$-0.02B,-34.88%,$0.04B,$-0.01B,-27.91%,$0.04B,$-0.01B,-27.91%,$-0.01B,$0.05B,-24.74%,$-0.01B,$-0.02B,51.06%,$-0.01B,$0.08B,-13.64%,$-0.02B,$0.06B,-32.43%,$15,$10,$5,$0,$4,$15,$-1,$-0,$-1,$-0,$-1,$-1,$-1,$0,$-1,$12,12,$-0.04,$-0.04,$2,$0,$0,$11,$1,$0,$71,$1,$72,$84,$21,$10,$0,$14,$35,$0,$-5,$0,$49,$84,$-6,$2,$0,$3,$1,$0,$-1,$1,$2,$-1,$-0,$0,$0,$0,$0,$0,$0,$-0,$0,$-1,$-1,$0,$0,$0,$0,$-1,$-2,$1,$0
