,Date,Stock Price,Book Value per Share,Price to Book Ratio,TTM Sales per Share,Price to Sales Ratio,TTM FCF per Share,Price to FCF Ratio,TTM Net EPS,PE Ratio,Current Assets,Current Liabilities,Current Ratio,Long Term Debt,Shareholder's Equity_x,Debt to Equity Ratio,TTM Revenue_x,TTM Gross Profit,Gross Margin,TTM Revenue_y,TTM Operating Income,Operating Margin,TTM Revenue_x,TTM EBIT,EBIT Margin,TTM Revenue_y,TTM EBITDA,EBITDA Margin,TTM Revenue_x,TTM Pre-Tax Income,Pre-Tax Margin,TTM Revenue_y,TTM Net Income_x,Net Margin,TTM Net Income_y,Shareholder's Equity_y,Return on Equity,TTM Net Income_x,Tangible Equity,Return on Tangible Equity,TTM Net Income_y,Total Assets,Return on Assets,TTM Net Income,LT Investments & Debt,Return on Investment,revenue,cost-goods-sold,gross-profit,research-development-expenses,selling-general-administrative-expenses,operating-expenses,operating-income,total-non-operating-income-expense,pre-tax-income,total-provision-income-taxes,income-after-taxes,income-from-continuous-operations,net-income,ebitda,ebit,basic-shares-outstanding,shares-outstanding,eps-basic-net-earnings-per-share,eps-earnings-per-share-diluted,cash-on-hand,inventory,other-current-assets,total-current-assets,net-property-plant-equipment,long-term-investments,goodwill-intangible-assets-total,other-long-term-assets,total-long-term-assets,total-assets,total-current-liabilities,long-term-debt,other-non-current-liabilities,total-long-term-liabilities,total-liabilities,common-stock-net,retained-earnings-accumulated-deficit,comprehensive-income,total-share-holder-equity,total-liabilities-share-holders-equity,net-income-loss,total-depreciation-amortization-cash-flow,other-non-cash-items,total-non-cash-items,change-in-accounts-receivable,change-in-inventories,change-in-accounts-payable,change-in-assets-liabilities,total-change-in-assets-liabilities,cash-flow-from-operating-activities,net-change-in-property-plant-equipment,net-change-in-intangible-assets,net-acquisitions-divestitures,net-change-in-short-term-investments,net-change-in-long-term-investments,net-change-in-investments-total,investing-activities-other,cash-flow-from-investing-activities,net-long-term-debt,net-current-debt,debt-issuance-retirement-net-total,net-common-equity-issued-repurchased,net-total-equity-issued-repurchased,total-common-preferred-stock-dividends-paid,financial-activities-other,cash-flow-from-financial-activities,net-cash-flow,stock-based-compensation,common-stock-dividends-paid
0,2018-09-30,28.56,$14.12,2.02,$3.45,8.29,$-5.13,0.0,$1.18,24.2,$0.09B,$0.06B,1.46,$0.42B,$0.57B,0.74,$0.14B,$0.11B,77.78%,$0.14B,$0.06B,45.19%,$0.14B,$0.06B,45.19%,$0.14B,$0.09B,62.96%,$0.14B,$0.05B,35.56%,$0.14B,$0.05B,35.56%,$0.05B,$0.57B,8.55%,$0.05B,$0.57B,8.55%,$0.05B,$1.13B,4.38%,$0.06B,$0.99B,6.37%,$35,$7,$28,$0,$4,$18,$17,$-6,$11,$0,$11,$11,$11,$23,$17,$40,40,$0.27,$0.27,$19,$0,$0,$91,$891,$0,$0,$147,$1039,$1130,$63,$421,$74,$495,$558,$0,$0,$-56,$572,$1130,$35,$18,$1,$19,$-0,$0,$0,$-8,$-7,$46,$-76,$0,$0,$0,$0,$0,$5,$-71,$45,$0,$45,$21,$21,$-38,$-4,$24,$-1,$1,$-38
1,2018-06-30,28.17,$14.07,2.0,$3.35,8.41,$-7.04,0.0,$1.15,24.5,$0.09B,$0.06B,1.46,$0.41B,$0.57B,0.73,$0.13B,$0.10B,77.52%,$0.13B,$0.06B,44.19%,$0.13B,$0.06B,44.19%,$0.13B,$0.08B,61.24%,$0.13B,$0.05B,35.66%,$0.13B,$0.05B,35.66%,$0.05B,$0.57B,8.28%,$0.05B,$0.57B,8.28%,$0.05B,$1.12B,4.33%,$0.06B,$0.98B,6.16%,$34,$8,$26,$0,$4,$18,$16,$-2,$14,$0,$14,$14,$14,$22,$16,$40,40,$0.33,$0.33,$18,$0,$0,$91,$877,$0,$0,$147,$1024,$1115,$63,$411,$75,$486,$549,$0,$0,$-54,$567,$1115,$24,$12,$2,$14,$0,$0,$0,$-8,$-7,$31,$-55,$0,$0,$0,$0,$0,$3,$-52,$35,$0,$35,$14,$14,$-25,$-4,$20,$-1,$1,$-25
2,2018-03-31,24.92,$13.89,1.79,$3.33,7.48,$-6.29,0.0,$1.25,19.94,$0.09B,$0.06B,1.39,$0.37B,$0.55B,0.67,$0.12B,$0.10B,78.23%,$0.12B,$0.06B,44.35%,$0.12B,$0.06B,44.35%,$0.12B,$0.08B,61.29%,$0.12B,$0.05B,37.90%,$0.12B,$0.05B,37.90%,$0.05B,$0.55B,8.97%,$0.05B,$0.55B,8.97%,$0.05B,$1.06B,4.67%,$0.06B,$0.92B,6.33%,$32,$6,$26,$0,$4,$18,$14,$-4,$10,$0,$10,$10,$10,$20,$14,$40,40,$0.25,$0.25,$18,$0,$0,$86,$831,$0,$0,$144,$975,$1061,$62,$372,$76,$448,$510,$0,$0,$-54,$552,$1061,$10,$6,$2,$8,$2,$0,$0,$-2,$-0,$17,$0,$0,$0,$0,$0,$0,$1,$1,$-5,$0,$-5,$-0,$-0,$-12,$-3,$-20,$-2,$0,$-12
3,2017-12-31,26.49,$13.95,1.9,$3.32,7.98,$-6.50,0.0,$1.28,20.69,$0.09B,$0.06B,1.41,$0.38B,$0.55B,0.69,$0.12B,$0.09B,78.33%,$0.12B,$0.05B,44.17%,$0.12B,$0.05B,44.17%,$0.12B,$0.07B,60.00%,$0.12B,$0.05B,37.50%,$0.12B,$0.05B,39.17%,$0.05B,$0.55B,9.50%,$0.05B,$0.55B,9.50%,$0.05B,$1.07B,4.89%,$0.05B,$0.93B,6.46%,$34,$9,$25,$0,$3,$20,$14,$-1,$13,$0,$13,$13,$13,$20,$14,$37,37,$0.31,$0.31,$20,$0,$0,$90,$838,$0,$0,$145,$983,$1073,$63,$379,$76,$456,$519,$0,$0,$-52,$554,$1073,$47,$19,$10,$29,$-1,$0,$0,$-19,$-19,$57,$-213,$0,$0,$0,$0,$0,$7,$-206,$80,$0,$80,$118,$118,$-39,$-1,$157,$8,$1,$-39
4,2017-09-30,27.57,$13.87,1.99,$3.28,8.41,$-1.31,0.0,$1.19,23.17,$0.09B,$0.06B,1.37,$0.32B,$0.55B,0.58,$0.12B,$0.09B,79.31%,$0.12B,$0.05B,43.97%,$0.12B,$0.05B,43.97%,$0.12B,$0.07B,58.62%,$0.12B,$0.04B,35.34%,$0.12B,$0.04B,36.21%,$0.04B,$0.55B,9.05%,$0.04B,$0.55B,9.05%,$0.04B,$1.01B,4.61%,$0.05B,$0.87B,6.62%,$29,$6,$23,$0,$3,$17,$13,$-3,$9,$0,$9,$9,$9,$17,$13,$39,39,$0.24,$0.24,$18,$0,$0,$85,$777,$0,$0,$143,$920,$1005,$62,$319,$76,$395,$457,$0,$0,$-52,$548,$1005,$34,$14,$8,$22,$-0,$0,$0,$-16,$-16,$40,$-143,$0,$0,$0,$0,$0,$5,$-138,$20,$0,$20,$113,$113,$-28,$-1,$103,$6,$1,$-28
5,2017-06-30,23.95,$12.75,1.88,$3.36,7.12,$2.30,10.41,$1.21,19.79,$0.08B,$0.06B,1.31,$0.31B,$0.44B,0.7,$0.12B,$0.09B,78.45%,$0.12B,$0.05B,43.97%,$0.12B,$0.05B,43.97%,$0.12B,$0.07B,59.48%,$0.12B,$0.04B,35.34%,$0.12B,$0.04B,36.21%,$0.04B,$0.44B,9.72%,$0.04B,$0.44B,9.72%,$0.04B,$0.89B,4.78%,$0.05B,$0.75B,6.96%,$29,$6,$23,$0,$4,$15,$14,$0,$15,$0,$15,$15,$15,$19,$14,$35,35,$0.43,$0.43,$14,$0,$0,$82,$665,$0,$0,$141,$806,$887,$62,$309,$74,$383,$445,$0,$0,$-50,$442,$887,$25,$9,$7,$16,$0,$0,$0,$-19,$-19,$22,$-17,$0,$0,$0,$0,$0,$1,$-15,$10,$0,$10,$6,$6,$-19,$-1,$-4,$2,$1,$-19
6,2017-03-31,23.85,$12.56,1.9,$3.37,7.07,$2.75,8.68,$1.18,20.21,$0.08B,$0.06B,1.29,$0.30B,$0.44B,0.69,$0.12B,$0.09B,77.59%,$0.12B,$0.05B,42.24%,$0.12B,$0.05B,42.24%,$0.12B,$0.07B,57.76%,$0.12B,$0.04B,34.48%,$0.12B,$0.04B,35.34%,$0.04B,$0.44B,9.64%,$0.04B,$0.44B,9.64%,$0.04B,$0.88B,4.69%,$0.05B,$0.73B,6.76%,$28,$4,$23,$0,$3,$16,$12,$-4,$8,$0,$8,$8,$10,$16,$12,$35,35,$0.28,$0.28,$18,$0,$0,$83,$660,$0,$0,$133,$793,$876,$64,$299,$79,$377,$442,$0,$0,$-55,$435,$876,$10,$4,$5,$9,$2,$0,$0,$-8,$-6,$13,$-5,$0,$0,$0,$0,$0,$3,$-2,$0,$0,$0,$4,$4,$-9,$-0,$-5,$6,$0,$-9
7,2016-12-31,23.79,$12.53,1.9,$3.42,6.96,$2.81,8.48,$1.13,21.05,$0.08B,$0.06B,1.25,$0.30B,$0.43B,0.69,$0.12B,$0.09B,76.72%,$0.12B,$0.05B,41.38%,$0.12B,$0.05B,41.38%,$0.12B,$0.07B,57.76%,$0.12B,$0.04B,34.48%,$0.12B,$0.04B,33.62%,$0.04B,$0.43B,9.30%,$0.04B,$0.43B,9.30%,$0.04B,$0.88B,4.44%,$0.05B,$0.73B,6.63%,$30,$7,$23,$0,$3,$18,$12,$-2,$9,$0,$9,$9,$8,$16,$12,$34,34,$0.23,$0.23,$13,$0,$0,$79,$661,$0,$0,$137,$798,$877,$64,$299,$84,$383,$446,$0,$0,$-55,$431,$877,$38,$19,$7,$27,$-2,$0,$0,$-24,$-28,$37,$-4,$0,$0,$0,$0,$0,$17,$13,$-20,$0,$-20,$15,$15,$-36,$-0,$-41,$9,$1,$-36
8,2016-09-30,22.09,$12.39,1.78,$3.43,6.44,$-3.05,0.0,$1.48,14.92,$0.08B,$0.07B,1.14,$0.30B,$0.42B,0.71,$0.12B,$0.09B,75.86%,$0.12B,$0.05B,41.38%,$0.12B,$0.05B,41.38%,$0.12B,$0.07B,58.62%,$0.12B,$0.05B,43.97%,$0.12B,$0.05B,43.97%,$0.05B,$0.42B,12.34%,$0.05B,$0.42B,12.34%,$0.05B,$0.87B,5.77%,$0.05B,$0.72B,6.64%,$29,$6,$22,$0,$3,$16,$13,$-4,$9,$0,$9,$9,$9,$18,$13,$34,34,$0.26,$0.26,$10,$0,$0,$75,$661,$0,$0,$135,$796,$871,$66,$298,$87,$385,$451,$0,$0,$-54,$420,$871,$30,$15,$2,$17,$-0,$0,$0,$-13,$-14,$33,$-1,$0,$0,$0,$0,$0,$18,$18,$-19,$0,$-19,$3,$3,$-28,$-1,$-45,$6,$0,$-28
9,2016-06-30,19.59,$12.33,1.59,$3.48,5.62,$-9.35,0.0,$1.43,13.7,$0.07B,$0.07B,1.09,$0.30B,$0.42B,0.73,$0.12B,$0.09B,75.21%,$0.12B,$0.05B,39.32%,$0.12B,$0.05B,39.32%,$0.12B,$0.07B,56.41%,$0.12B,$0.05B,43.59%,$0.12B,$0.05B,41.88%,$0.05B,$0.42B,11.99%,$0.05B,$0.42B,11.99%,$0.05B,$0.87B,5.49%,$0.05B,$0.72B,6.33%,$29,$7,$22,$0,$4,$16,$12,$1,$14,$0,$14,$14,$14,$17,$12,$34,34,$0.40,$0.40,$7,$0,$0,$72,$664,$0,$0,$138,$802,$874,$66,$302,$90,$392,$458,$0,$0,$-54,$416,$874,$21,$9,$2,$11,$-1,$0,$0,$-11,$-13,$19,$1,$0,$0,$0,$0,$0,$17,$18,$-15,$0,$-15,$0,$0,$-20,$-0,$-35,$2,$0,$-20
10,2016-03-31,17.9,$12.18,1.47,$3.42,5.23,$-15.69,0.0,$1.37,13.06,$0.08B,$0.07B,1.19,$0.32B,$0.41B,0.78,$0.11B,$0.09B,74.56%,$0.11B,$0.04B,36.84%,$0.11B,$0.04B,36.84%,$0.11B,$0.06B,52.63%,$0.11B,$0.05B,42.98%,$0.11B,$0.05B,41.23%,$0.05B,$0.41B,11.59%,$0.05B,$0.41B,11.59%,$0.05B,$0.89B,5.20%,$0.04B,$0.73B,5.73%,$28,$6,$22,$0,$4,$17,$11,$-4,$8,$0,$8,$8,$8,$16,$11,$34,34,$0.23,$0.23,$8,$0,$0,$84,$670,$0,$0,$140,$809,$893,$70,$321,$91,$413,$483,$0,$0,$-59,$410,$893,$8,$5,$3,$8,$1,$0,$0,$-6,$-6,$9,$0,$0,$0,$0,$0,$0,$2,$2,$4,$0,$4,$0,$0,$-11,$-0,$-8,$4,$0,$-11
11,2015-12-31,15.28,$12.16,1.26,$3.31,4.61,$-15.77,0.0,$1.10,13.89,$0.08B,$0.07B,1.11,$0.32B,$0.41B,0.78,$0.11B,$0.08B,72.07%,$0.11B,$0.03B,30.63%,$0.11B,$0.03B,30.63%,$0.11B,$0.05B,45.05%,$0.11B,$0.04B,36.94%,$0.11B,$0.04B,34.23%,$0.04B,$0.41B,9.44%,$0.04B,$0.41B,9.44%,$0.04B,$0.90B,4.47%,$0.03B,$0.72B,4.98%,$30,$8,$22,$0,$4,$18,$12,$7,$20,$0,$20,$20,$20,$17,$12,$33,33,$0.60,$0.60,$4,$0,$0,$81,$675,$0,$0,$142,$816,$897,$73,$317,$100,$417,$490,$0,$0,$-58,$407,$897,$37,$17,$17,$34,$-2,$0,$0,$-24,$-22,$50,$-213,$0,$0,$0,$0,$0,$8,$-205,$194,$0,$194,$0,$0,$-35,$-3,$156,$1,$1,$-35
12,2015-09-30,13.53,$12.04,1.12,$3.18,4.25,$-9.91,0.0,$0.41,33.0,$0.08B,$0.07B,1.09,$0.33B,$0.40B,0.82,$0.11B,$0.08B,71.70%,$0.11B,$0.02B,19.81%,$0.11B,$0.02B,19.81%,$0.11B,$0.04B,33.96%,$0.11B,$0.02B,16.98%,$0.11B,$0.02B,14.15%,$0.02B,$0.40B,3.72%,$0.02B,$0.40B,3.72%,$0.02B,$0.91B,1.88%,$0.02B,$0.73B,3.31%,$30,$8,$22,$0,$4,$19,$11,$-3,$9,$0,$9,$9,$7,$16,$11,$33,33,$0.21,$0.21,$4,$0,$0,$81,$680,$0,$0,$146,$826,$907,$74,$331,$99,$431,$505,$0,$0,$-62,$402,$907,$18,$12,$19,$31,$-2,$0,$0,$-16,$-14,$34,$-213,$0,$0,$0,$0,$0,$3,$-210,$206,$0,$206,$0,$0,$-27,$-1,$176,$1,$0,$-27
13,2015-06-30,13.8,$12.06,1.14,$3.03,4.55,$-3.58,0.0,$0.50,27.6,$0.07B,$0.07B,1.0,$0.34B,$0.40B,0.85,$0.10B,$0.07B,71.29%,$0.10B,$0.02B,19.80%,$0.10B,$0.02B,19.80%,$0.10B,$0.03B,32.67%,$0.10B,$0.02B,17.82%,$0.10B,$0.02B,17.82%,$0.02B,$0.40B,4.41%,$0.02B,$0.40B,4.41%,$0.02B,$0.92B,2.45%,$0.02B,$0.74B,3.40%,$26,$7,$19,$0,$5,$19,$8,$4,$12,$0,$12,$12,$12,$11,$8,$33,33,$0.34,$0.34,$10,$0,$0,$72,$698,$0,$0,$147,$845,$917,$72,$341,$100,$442,$513,$0,$0,$-61,$403,$917,$10,$8,$15,$23,$-1,$0,$0,$-10,$-10,$24,$-215,$0,$0,$0,$0,$0,$5,$-211,$216,$0,$216,$0,$0,$-20,$-3,$194,$7,$0,$-20
14,2015-03-31,15.16,$11.93,1.27,$3.00,5.06,$2.72,5.57,$0.36,42.1,$0.07B,$0.05B,1.36,$0.13B,$0.40B,0.33,$0.10B,$0.07B,70.00%,$0.10B,$0.02B,21.00%,$0.10B,$0.02B,21.00%,$0.10B,$0.03B,34.00%,$0.10B,$0.01B,13.00%,$0.10B,$0.01B,13.00%,$0.01B,$0.40B,3.16%,$0.01B,$0.40B,3.16%,$0.01B,$0.68B,1.94%,$0.02B,$0.53B,3.88%,$25,$8,$17,$0,$4,$22,$3,$-3,$-0,$0,$-0,$-0,$-1,$6,$3,$33,33,$-0.04,$-0.04,$7,$0,$0,$68,$485,$0,$0,$131,$615,$683,$50,$132,$102,$234,$284,$0,$0,$-65,$399,$683,$-1,$4,$10,$13,$-1,$0,$0,$-4,$-6,$6,$1,$0,$0,$0,$0,$0,$2,$3,$7,$0,$7,$0,$0,$-12,$-0,$-6,$4,$0,$-12
15,2014-12-31,14.98,$12.18,1.23,$2.99,5.01,$2.93,5.11,$0.69,21.72,$0.06B,$0.05B,1.22,$0.13B,$0.41B,0.31,$0.10B,$0.07B,71.72%,$0.10B,$0.03B,28.28%,$0.10B,$0.03B,28.28%,$0.10B,$0.04B,40.40%,$0.10B,$0.02B,21.21%,$0.10B,$0.02B,24.24%,$0.02B,$0.41B,5.77%,$0.02B,$0.41B,5.77%,$0.02B,$0.69B,3.61%,$0.03B,$0.53B,5.10%,$25,$7,$18,$0,$5,$26,$-1,$-3,$-3,$0,$-3,$-3,$-3,$3,$-1,$33,33,$-0.10,$-0.10,$3,$0,$0,$63,$491,$0,$0,$134,$625,$688,$51,$125,$104,$229,$280,$0,$0,$-57,$407,$688,$23,$12,$17,$28,$-1,$0,$0,$-17,$-22,$29,$3,$0,$0,$0,$0,$0,$21,$24,$-33,$0,$-33,$0,$0,$-29,$0,$-62,$-9,$1,$-29
16,2014-09-30,13.72,$12.63,1.09,$3.04,4.51,$3.26,4.21,$0.94,14.59,$0.07B,$0.05B,1.26,$0.13B,$0.42B,0.3,$0.10B,$0.07B,68.32%,$0.10B,$0.03B,32.67%,$0.10B,$0.03B,32.67%,$0.10B,$0.05B,44.55%,$0.10B,$0.03B,24.75%,$0.10B,$0.03B,31.68%,$0.03B,$0.42B,7.65%,$0.03B,$0.42B,7.65%,$0.03B,$0.65B,4.83%,$0.03B,$0.55B,5.91%,$25,$7,$18,$0,$4,$15,$10,$-1,$9,$0,$9,$9,$10,$13,$10,$33,33,$0.30,$0.30,$8,$0,$0,$66,$442,$0,$0,$143,$585,$651,$53,$127,$49,$176,$229,$0,$0,$-41,$422,$651,$27,$8,$2,$10,$-0,$0,$0,$-10,$-14,$22,$11,$0,$0,$0,$0,$0,$16,$27,$-31,$0,$-31,$0,$0,$-22,$-0,$-53,$-4,$0,$-22
17,2014-06-30,15.22,$12.52,1.22,$3.15,4.83,$2.95,5.15,$1.89,8.05,$0.06B,$0.05B,1.16,$0.13B,$0.42B,0.32,$0.11B,$0.07B,62.86%,$0.11B,$0.04B,38.10%,$0.11B,$0.04B,38.10%,$0.11B,$0.05B,48.57%,$0.11B,$0.03B,28.57%,$0.11B,$0.06B,60.95%,$0.06B,$0.42B,15.34%,$0.06B,$0.42B,15.34%,$0.06B,$0.65B,9.52%,$0.04B,$0.55B,7.05%,$25,$8,$17,$0,$4,$16,$9,$-2,$7,$0,$7,$7,$7,$12,$9,$33,33,$0.20,$0.20,$8,$0,$0,$63,$444,$0,$0,$148,$592,$654,$54,$134,$48,$182,$236,$0,$0,$-45,$418,$654,$16,$5,$2,$7,$1,$0,$0,$-7,$-9,$14,$5,$0,$0,$0,$0,$0,$16,$21,$-24,$0,$-24,$0,$0,$-15,$0,$-39,$-4,$0,$-15
18,2014-03-31,14.91,$12.52,1.19,$3.13,4.77,$1.14,13.03,$2.07,7.2,$0.06B,$0.05B,1.12,$0.14B,$0.42B,0.34,$0.10B,$0.07B,62.50%,$0.10B,$0.04B,39.42%,$0.10B,$0.04B,39.42%,$0.10B,$0.05B,49.04%,$0.10B,$0.03B,28.85%,$0.10B,$0.07B,67.31%,$0.07B,$0.42B,17.14%,$0.07B,$0.42B,17.14%,$0.07B,$0.66B,10.22%,$0.04B,$0.56B,7.07%,$24,$7,$18,$0,$4,$14,$10,$-2,$8,$0,$8,$8,$10,$12,$10,$33,33,$0.29,$0.29,$8,$0,$0,$60,$442,$0,$0,$162,$604,$664,$54,$143,$49,$192,$246,$0,$0,$-45,$418,$664,$10,$2,$0,$2,$1,$0,$0,$-3,$-4,$8,$6,$0,$0,$0,$0,$0,$5,$11,$-15,$0,$-15,$0,$0,$-8,$-0,$-23,$-4,$0,$-8
19,2013-12-31,14.35,$12.43,1.15,$3.08,4.66,$1.38,10.42,$2.09,6.86,$0.06B,$0.06B,1.09,$0.16B,$0.42B,0.38,$0.10B,$0.06B,59.22%,$0.10B,$0.04B,37.86%,$0.10B,$0.04B,37.86%,$0.10B,$0.05B,48.54%,$0.10B,$0.03B,26.21%,$0.10B,$0.07B,67.96%,$0.07B,$0.42B,17.58%,$0.07B,$0.42B,17.58%,$0.07B,$0.68B,10.27%,$0.04B,$0.57B,6.76%,$27,$11,$16,$0,$4,$23,$4,$-3,$1,$0,$1,$1,$5,$8,$4,$33,33,$0.14,$0.14,$12,$0,$0,$63,$444,$0,$0,$176,$620,$682,$57,$158,$52,$210,$267,$0,$0,$-48,$415,$682,$70,$12,$-49,$-37,$21,$0,$0,$-20,$11,$44,$-1,$0,$0,$0,$0,$0,$-6,$-7,$-15,$0,$-15,$0,$0,$-24,$-3,$-42,$-5,$1,$-24
20,2013-09-30,14.97,$12.52,1.2,$2.90,5.16,$0.74,20.24,$2.11,7.1,$0.06B,$0.06B,1.1,$0.16B,$0.42B,0.39,$0.10B,$0.06B,59.79%,$0.10B,$0.04B,41.24%,$0.10B,$0.04B,41.24%,$0.10B,$0.05B,54.64%,$0.10B,$0.03B,29.90%,$0.10B,$0.07B,73.20%,$0.07B,$0.42B,18.31%,$0.07B,$0.42B,18.31%,$0.07B,$0.69B,10.58%,$0.04B,$0.58B,7.02%,$29,$13,$15,$0,$6,$12,$17,$-3,$14,$0,$14,$14,$42,$19,$17,$33,33,$1.25,$1.25,$5,$0,$0,$61,$455,$0,$0,$173,$628,$689,$55,$164,$52,$215,$271,$0,$0,$-44,$418,$689,$65,$7,$-48,$-41,$22,$0,$0,$-15,$15,$39,$-16,$0,$0,$0,$0,$0,$-6,$-22,$-9,$0,$-9,$0,$0,$-18,$-3,$-29,$-12,$0,$-18
21,2013-06-30,15.75,$11.46,1.37,$2.71,5.8,$0.52,30.3,$0.76,20.73,$0.08B,$0.05B,1.55,$0.22B,$0.38B,0.58,$0.09B,$0.06B,64.44%,$0.09B,$0.03B,32.22%,$0.09B,$0.03B,32.22%,$0.09B,$0.04B,47.78%,$0.09B,$0.02B,20.00%,$0.09B,$0.03B,28.89%,$0.03B,$0.38B,6.91%,$0.03B,$0.38B,6.91%,$0.03B,$0.70B,3.95%,$0.03B,$0.60B,5.17%,$24,$8,$16,$0,$6,$14,$10,$-3,$7,$0,$7,$7,$13,$12,$10,$33,33,$0.38,$0.38,$7,$0,$0,$75,$457,$0,$0,$172,$629,$704,$48,$221,$52,$273,$321,$0,$0,$-79,$383,$704,$23,$5,$-12,$-6,$2,$0,$0,$-9,$-7,$10,$-52,$0,$0,$0,$0,$0,$-3,$-55,$49,$0,$49,$0,$0,$-11,$-3,$35,$-10,$0,$-11
22,2013-03-31,15.27,$11.28,1.35,$2.74,5.58,$2.13,7.17,$0.49,31.15,$0.08B,$0.05B,1.56,$0.17B,$0.38B,0.46,$0.09B,$0.06B,67.03%,$0.09B,$0.02B,26.37%,$0.09B,$0.02B,26.37%,$0.09B,$0.04B,43.96%,$0.09B,$0.01B,14.29%,$0.09B,$0.02B,18.68%,$0.02B,$0.38B,4.54%,$0.02B,$0.38B,4.54%,$0.02B,$0.65B,2.64%,$0.02B,$0.55B,4.38%,$23,$9,$14,$0,$5,$15,$8,$-3,$5,$0,$5,$5,$10,$11,$8,$33,33,$0.31,$0.31,$19,$0,$0,$78,$401,$0,$0,$172,$573,$651,$50,$172,$52,$224,$274,$0,$0,$-85,$377,$651,$10,$3,$-4,$-2,$1,$0,$0,$-5,$-2,$7,$15,$0,$0,$0,$0,$0,$-13,$3,$-0,$0,$-0,$0,$0,$-4,$-3,$-7,$2,$0,$-4
23,2012-12-31,13.51,$11.16,1.21,$2.88,4.69,$1.72,7.86,$0.37,36.5,$0.07B,$0.05B,1.58,$0.17B,$0.37B,0.46,$0.10B,$0.07B,70.83%,$0.10B,$0.02B,23.96%,$0.10B,$0.02B,23.96%,$0.10B,$0.04B,41.67%,$0.10B,$0.01B,14.58%,$0.10B,$0.01B,13.54%,$0.01B,$0.37B,3.46%,$0.01B,$0.37B,3.46%,$0.01B,$0.64B,2.02%,$0.02B,$0.55B,4.19%,$21,$9,$13,$0,$-9,$16,$5,$-3,$3,$0,$3,$3,$6,$11,$5,$33,33,$0.17,$0.17,$17,$0,$0,$71,$420,$0,$0,$149,$569,$641,$45,$172,$50,$223,$268,$0,$0,$-89,$373,$641,$12,$17,$27,$44,$-16,$0,$0,$-21,$-40,$16,$6,$0,$0,$0,$0,$0,$-2,$4,$2,$0,$2,$0,$0,$-8,$-4,$-10,$9,$1,$-8
24,2012-09-30,13.33,$11.11,1.2,$2.70,4.94,$-0.04,0.0,$-0.38,0.0,$0.06B,$0.04B,1.66,$0.17B,$0.37B,0.47,$0.09B,$0.06B,70.00%,$0.09B,$-0.00B,-1.11%,$0.09B,$-0.00B,-1.11%,$0.09B,$0.01B,14.44%,$0.09B,$-0.01B,-10.00%,$0.09B,$-0.01B,-13.33%,$-0.01B,$0.37B,-3.20%,$-0.01B,$0.37B,-3.20%,$-0.01B,$0.64B,-1.87%,$-0.00B,$0.55B,-0.18%,$22,$8,$15,$0,$5,$16,$6,$-3,$3,$0,$3,$3,$-3,$9,$6,$33,33,$-0.10,$-0.10,$16,$0,$0,$63,$430,$0,$0,$146,$576,$640,$38,$174,$57,$230,$269,$0,$0,$-91,$371,$640,$7,$11,$29,$40,$-15,$0,$0,$-16,$-34,$12,$3,$0,$0,$0,$0,$0,$-2,$1,$3,$0,$3,$0,$0,$-4,$-4,$-5,$9,$0,$-4
25,2012-06-30,14.12,$11.33,1.25,$2.80,5.05,$-3.90,0.0,$-0.12,0.0,$0.06B,$0.04B,1.6,$0.17B,$0.38B,0.46,$0.09B,$0.07B,73.40%,$0.09B,$-0.00B,-3.19%,$0.09B,$-0.00B,-3.19%,$0.09B,$0.01B,11.70%,$0.09B,$-0.01B,-9.57%,$0.09B,$-0.00B,-4.26%,$-0.00B,$0.38B,-1.05%,$-0.00B,$0.38B,-1.05%,$-0.00B,$0.65B,-0.63%,$-0.00B,$0.55B,-0.54%,$25,$6,$19,$0,$9,$20,$5,$-3,$2,$0,$2,$2,$4,$9,$5,$33,33,$0.11,$0.11,$18,$0,$0,$62,$466,$0,$0,$119,$586,$648,$39,$174,$56,$231,$269,$0,$0,$-83,$378,$648,$10,$7,$19,$27,$-15,$0,$0,$-10,$-26,$10,$2,$0,$0,$0,$0,$0,$-1,$0,$4,$0,$4,$0,$0,$0,$-4,$-0,$11,$0,$0
26,2012-03-31,11.41,$11.34,1.01,$2.88,3.97,$-8.17,0.0,$0.23,49.61,$0.06B,$0.03B,1.82,$0.17B,$0.38B,0.46,$0.10B,$0.07B,75.26%,$0.10B,$0.01B,8.25%,$0.10B,$0.01B,8.25%,$0.10B,$0.02B,21.65%,$0.10B,$0.00B,4.12%,$0.10B,$0.01B,7.22%,$0.01B,$0.38B,1.80%,$0.01B,$0.38B,1.80%,$0.01B,$0.64B,1.10%,$0.01B,$0.55B,1.43%,$28,$7,$21,$0,$11,$21,$7,$-1,$6,$0,$6,$6,$6,$11,$7,$33,33,$0.19,$0.19,$16,$0,$0,$57,$477,$0,$0,$110,$586,$644,$31,$174,$59,$233,$265,$0,$0,$-82,$379,$644,$6,$4,$10,$14,$-6,$0,$0,$-3,$-12,$8,$-0,$0,$0,$0,$0,$0,$0,$-0,$4,$0,$4,$0,$0,$0,$-4,$0,$8,$0,$0
27,2011-12-31,10.22,$11.14,0.92,$2.83,3.61,$-12.98,0.0,$0.39,26.2,$0.05B,$0.04B,1.49,$0.17B,$0.37B,0.46,$0.09B,$0.07B,77.66%,$0.09B,$0.01B,14.89%,$0.09B,$0.01B,14.89%,$0.09B,$0.03B,26.60%,$0.09B,$0.01B,9.57%,$0.09B,$0.01B,12.77%,$0.01B,$0.37B,3.04%,$0.01B,$0.37B,3.04%,$0.01B,$0.64B,1.89%,$0.01B,$0.54B,2.46%,$15,$7,$8,$0,$11,$34,$-19,$-1,$-20,$0,$-20,$-20,$-19,$-16,$-19,$33,33,$-0.59,$-0.59,$8,$0,$0,$52,$479,$0,$0,$104,$583,$635,$35,$171,$58,$228,$263,$0,$0,$-89,$372,$635,$12,$10,$30,$40,$-15,$0,$0,$17,$9,$61,$-98,$0,$0,$0,$0,$0,$-96,$-193,$106,$0,$106,$92,$92,$-63,$-0,$134,$2,$1,$-63
28,2011-09-30,10.36,$11.97,0.87,$2.81,3.68,$-9.89,0.0,$1.39,7.45,$0.07B,$0.03B,2.29,$0.17B,$0.40B,0.43,$0.09B,$0.07B,80.22%,$0.09B,$0.04B,40.66%,$0.09B,$0.04B,40.66%,$0.09B,$0.05B,52.75%,$0.09B,$0.03B,35.16%,$0.09B,$0.04B,48.35%,$0.04B,$0.40B,11.57%,$0.04B,$0.40B,11.57%,$0.04B,$0.62B,7.54%,$0.04B,$0.57B,7.00%,$26,$5,$21,$0,$3,$22,$4,$-1,$3,$0,$3,$3,$5,$7,$4,$33,33,$0.16,$0.16,$14,$0,$0,$68,$453,$0,$0,$102,$555,$623,$30,$171,$23,$194,$224,$0,$0,$-61,$400,$623,$32,$7,$15,$22,$-1,$0,$0,$-0,$-1,$53,$-166,$0,$0,$0,$0,$0,$-30,$-196,$106,$0,$106,$92,$92,$-47,$-0,$151,$8,$0,$-47
29,2011-06-30,17.81,$12.06,1.48,$2.78,6.42,$-5.13,0.0,$1.68,10.6,$0.08B,$0.03B,2.64,$0.17B,$0.40B,0.43,$0.09B,$0.07B,81.61%,$0.09B,$0.05B,55.17%,$0.09B,$0.05B,55.17%,$0.09B,$0.06B,66.67%,$0.09B,$0.04B,49.43%,$0.09B,$0.05B,59.77%,$0.05B,$0.40B,14.47%,$0.05B,$0.40B,14.47%,$0.05B,$0.64B,9.72%,$0.05B,$0.58B,9.99%,$28,$5,$23,$0,$3,$11,$16,$-1,$15,$0,$15,$15,$15,$19,$16,$33,33,$0.45,$0.45,$15,$0,$0,$79,$454,$0,$0,$104,$558,$637,$30,$173,$31,$204,$234,$0,$0,$-58,$403,$637,$27,$4,$3,$7,$-0,$0,$0,$-0,$1,$35,$-166,$0,$0,$0,$0,$0,$-30,$-196,$108,$0,$108,$92,$92,$-31,$-0,$170,$9,$0,$-31
30,2011-03-31,15.85,$12.07,1.31,$2.75,5.76,$-0.24,0.0,$1.73,9.16,$0.08B,$0.03B,2.48,$0.18B,$0.40B,0.46,$0.08B,$0.07B,81.48%,$0.08B,$0.05B,56.79%,$0.08B,$0.05B,56.79%,$0.08B,$0.06B,67.90%,$0.08B,$0.04B,50.62%,$0.08B,$0.05B,62.96%,$0.05B,$0.40B,15.10%,$0.05B,$0.40B,15.10%,$0.05B,$0.65B,10.52%,$0.05B,$0.59B,10.63%,$25,$5,$21,$0,$5,$13,$13,$-1,$11,$0,$11,$11,$11,$15,$13,$33,33,$0.35,$0.35,$23,$0,$0,$83,$465,$0,$0,$102,$568,$651,$33,$183,$31,$214,$248,$0,$0,$-58,$403,$651,$11,$2,$1,$4,$-0,$0,$0,$-0,$2,$17,$-165,$0,$0,$0,$0,$0,$-30,$-196,$119,$0,$119,$92,$92,$-14,$-0,$196,$17,$0,$-14
31,2010-12-31,21.22,$10.52,2.02,$2.88,7.38,$4.85,4.38,$1.86,11.41,$0.04B,$0.02B,1.98,$0.07B,$0.32B,0.21,$0.08B,$0.06B,80.77%,$0.08B,$0.05B,58.97%,$0.08B,$0.05B,58.97%,$0.08B,$0.06B,70.51%,$0.08B,$0.04B,53.85%,$0.08B,$0.05B,66.67%,$0.05B,$0.32B,17.99%,$0.05B,$0.32B,17.99%,$0.05B,$0.42B,12.10%,$0.05B,$0.38B,12.05%,$12,$4,$8,$0,$2,$8,$4,$-1,$3,$0,$3,$3,$13,$7,$4,$28,28,$0.40,$0.40,$6,$0,$0,$36,$360,$0,$0,$27,$388,$423,$18,$65,$25,$90,$108,$0,$0,$-53,$315,$423,$52,$9,$-0,$9,$-0,$0,$0,$-3,$-3,$57,$-2,$0,$0,$0,$0,$0,$3,$1,$-111,$0,$-111,$108,$108,$-52,$0,$-55,$3,$0,$-52
32,2010-09-30,17.93,$10.56,1.7,$3.34,5.37,$3.04,5.9,$1.90,9.44,$0.03B,$0.02B,1.85,$0.06B,$0.32B,0.2,$0.09B,$0.07B,81.82%,$0.09B,$0.05B,61.36%,$0.09B,$0.05B,61.36%,$0.09B,$0.06B,70.45%,$0.09B,$0.05B,56.82%,$0.09B,$0.05B,56.82%,$0.05B,$0.32B,19.07%,$0.05B,$0.32B,19.07%,$0.05B,$0.43B,11.57%,$0.05B,$0.38B,14.12%,$22,$3,$19,$0,$2,$7,$15,$-1,$14,$0,$14,$14,$13,$17,$15,$30,30,$0.45,$0.45,$4,$0,$0,$33,$363,$0,$0,$32,$395,$428,$18,$62,$31,$94,$112,$0,$0,$-52,$316,$428,$39,$6,$-1,$6,$0,$0,$0,$-1,$-2,$43,$-2,$0,$0,$0,$0,$0,$2,$0,$-113,$0,$-113,$108,$108,$-38,$0,$-43,$1,$0,$-38
33,2010-06-30,14.71,$10.58,1.39,$3.44,4.27,$1.32,11.13,$1.94,7.58,$0.04B,$0.02B,2.0,$0.07B,$0.32B,0.22,$0.09B,$0.07B,79.31%,$0.09B,$0.05B,58.62%,$0.09B,$0.05B,58.62%,$0.09B,$0.06B,67.82%,$0.09B,$0.05B,54.02%,$0.09B,$0.05B,56.32%,$0.05B,$0.32B,20.83%,$0.05B,$0.32B,20.83%,$0.05B,$0.44B,11.27%,$0.05B,$0.39B,13.26%,$22,$4,$18,$0,$2,$8,$14,$-1,$13,$0,$13,$13,$14,$16,$14,$27,27,$0.51,$0.51,$10,$0,$0,$40,$365,$0,$0,$32,$397,$437,$20,$69,$32,$101,$121,$0,$0,$-51,$317,$437,$26,$4,$-1,$3,$-0,$0,$0,$-0,$-1,$29,$-2,$0,$0,$0,$0,$0,$2,$0,$-107,$0,$-107,$108,$108,$-24,$0,$-22,$7,$0,$-24
34,2010-03-31,15.04,$8.41,1.79,$3.47,4.33,$1.45,10.35,$1.98,7.6,$0.03B,$0.02B,1.57,$0.17B,$0.21B,0.83,$0.09B,$0.07B,79.07%,$0.09B,$0.05B,56.98%,$0.09B,$0.05B,56.98%,$0.09B,$0.06B,66.28%,$0.09B,$0.05B,52.33%,$0.09B,$0.05B,56.98%,$0.05B,$0.21B,23.59%,$0.05B,$0.21B,23.59%,$0.05B,$0.43B,11.60%,$0.05B,$0.38B,13.16%,$22,$5,$18,$0,$2,$9,$13,$-1,$12,$0,$12,$12,$12,$15,$13,$25,25,$0.48,$0.48,$3,$0,$0,$33,$366,$0,$0,$32,$398,$431,$21,$173,$29,$202,$223,$0,$0,$-52,$208,$431,$12,$2,$-0,$2,$-0,$0,$0,$-0,$-0,$14,$-1,$0,$0,$0,$0,$0,$1,$0,$-2,$0,$-2,$0,$0,$-12,$0,$-14,$0,$0,$-12
35,2009-12-31,14.83,$8.39,1.77,$3.40,4.36,$1.36,10.88,$1.90,7.81,$0.03B,$0.02B,1.55,$0.18B,$0.21B,0.85,$0.09B,$0.07B,76.47%,$0.09B,$0.05B,55.29%,$0.09B,$0.05B,55.29%,$0.09B,$0.06B,64.71%,$0.09B,$0.04B,50.59%,$0.09B,$0.05B,55.29%,$0.05B,$0.21B,22.71%,$0.05B,$0.21B,22.71%,$0.05B,$0.43B,11.42%,$0.05B,$0.38B,13.03%,$22,$6,$17,$0,$2,$10,$12,$-1,$11,$0,$11,$11,$11,$14,$12,$25,25,$0.45,$0.45,$3,$0,$0,$33,$367,$0,$0,$33,$400,$433,$21,$176,$28,$204,$225,$0,$0,$-52,$208,$433,$47,$10,$-3,$7,$-1,$0,$0,$-2,$-1,$53,$-48,$0,$0,$0,$0,$0,$-2,$-50,$45,$0,$45,$0,$0,$-47,$0,$-2,$1,$0,$-47
36,2009-09-30,15.17,$8.38,1.81,$3.39,4.47,$3.06,4.95,$1.82,8.33,$0.04B,$0.02B,1.7,$0.18B,$0.21B,0.86,$0.09B,$0.06B,74.12%,$0.09B,$0.05B,54.12%,$0.09B,$0.05B,54.12%,$0.09B,$0.06B,64.71%,$0.09B,$0.04B,48.24%,$0.09B,$0.05B,52.94%,$0.05B,$0.21B,21.79%,$0.05B,$0.21B,21.79%,$0.05B,$0.44B,11.24%,$0.05B,$0.39B,13.18%,$21,$5,$16,$0,$2,$9,$12,$-1,$11,$0,$11,$11,$12,$14,$12,$25,25,$0.49,$0.49,$6,$0,$0,$35,$371,$0,$0,$32,$403,$438,$21,$179,$30,$210,$231,$0,$0,$-52,$208,$438,$36,$7,$-3,$5,$-1,$0,$0,$0,$-1,$40,$-48,$0,$0,$0,$0,$0,$-2,$-50,$49,$0,$49,$0,$0,$-35,$0,$14,$4,$0,$-35
37,2009-06-30,11.45,$8.36,1.37,$3.37,3.4,$4.80,2.39,$1.75,6.54,$0.03B,$0.02B,1.52,$0.13B,$0.21B,0.63,$0.08B,$0.06B,75.00%,$0.08B,$0.05B,53.57%,$0.08B,$0.05B,53.57%,$0.08B,$0.06B,65.48%,$0.08B,$0.04B,47.62%,$0.08B,$0.04B,51.19%,$0.04B,$0.21B,20.77%,$0.04B,$0.21B,20.77%,$0.04B,$0.39B,11.04%,$0.05B,$0.34B,13.29%,$21,$4,$17,$0,$2,$9,$12,$-1,$11,$0,$11,$11,$14,$14,$12,$25,25,$0.55,$0.55,$3,$0,$0,$32,$339,$0,$0,$16,$355,$387,$21,$130,$30,$159,$180,$0,$0,$-52,$207,$387,$24,$5,$-2,$3,$-1,$0,$0,$-0,$-2,$25,$2,$0,$0,$0,$0,$0,$-3,$-1,$-1,$0,$-1,$0,$0,$-23,$0,$-24,$0,$0,$-23
38,2009-03-31,10.84,$8.26,1.31,$3.35,3.23,$4.62,2.34,$1.63,6.65,$0.03B,$0.02B,1.43,$0.13B,$0.21B,0.64,$0.08B,$0.06B,74.70%,$0.08B,$0.04B,53.01%,$0.08B,$0.04B,53.01%,$0.08B,$0.06B,66.27%,$0.08B,$0.04B,45.78%,$0.08B,$0.04B,48.19%,$0.04B,$0.21B,19.23%,$0.04B,$0.21B,19.23%,$0.04B,$0.39B,10.23%,$0.04B,$0.34B,12.94%,$21,$6,$15,$0,$2,$10,$11,$-1,$10,$0,$10,$10,$10,$13,$11,$25,25,$0.40,$0.40,$3,$0,$0,$32,$344,$0,$0,$13,$356,$388,$23,$131,$30,$161,$184,$0,$0,$-55,$205,$388,$10,$2,$0,$2,$-2,$0,$0,$1,$-0,$12,$-2,$0,$0,$0,$0,$0,$1,$-1,$1,$0,$1,$0,$0,$-12,$0,$-11,$0,$0,$-12
39,2008-12-31,12.09,$8.31,1.45,$3.34,3.62,$4.64,2.61,$1.69,7.15,$0.03B,$0.02B,1.36,$0.13B,$0.21B,0.63,$0.08B,$0.06B,78.05%,$0.08B,$0.05B,56.10%,$0.08B,$0.05B,56.10%,$0.08B,$0.06B,69.51%,$0.08B,$0.04B,47.56%,$0.08B,$0.04B,50.00%,$0.04B,$0.21B,19.57%,$0.04B,$0.21B,19.57%,$0.04B,$0.39B,10.45%,$0.05B,$0.34B,13.49%,$22,$7,$15,$0,$2,$12,$11,$-2,$9,$0,$9,$9,$9,$14,$11,$25,25,$0.38,$0.38,$2,$0,$0,$30,$344,$0,$0,$13,$357,$388,$22,$130,$29,$160,$182,$0,$0,$-53,$206,$388,$42,$11,$-2,$10,$-0,$0,$0,$-3,$-4,$48,$-1,$0,$0,$0,$0,$0,$2,$1,$-2,$0,$-2,$0,$0,$-46,$0,$-49,$0,$0,$-46
40,2008-09-30,12.46,$8.49,1.47,$3.29,3.78,$1.25,10.0,$1.33,9.37,$0.04B,$0.02B,1.68,$0.14B,$0.21B,0.64,$0.08B,$0.07B,80.25%,$0.08B,$0.04B,44.44%,$0.08B,$0.04B,44.44%,$0.08B,$0.05B,58.02%,$0.08B,$0.03B,35.80%,$0.08B,$0.03B,40.74%,$0.03B,$0.21B,15.64%,$0.03B,$0.21B,15.64%,$0.03B,$0.40B,8.36%,$0.04B,$0.35B,10.49%,$20,$5,$16,$0,$1,$9,$11,$-1,$10,$0,$10,$10,$10,$14,$11,$25,25,$0.42,$0.42,$7,$0,$0,$35,$347,$0,$0,$13,$361,$395,$21,$135,$29,$164,$185,$0,$0,$-49,$210,$395,$32,$8,$-2,$6,$0,$0,$0,$-2,$-3,$36,$-2,$0,$0,$0,$0,$0,$3,$1,$2,$0,$2,$0,$0,$-35,$0,$-32,$5,$0,$-35
41,2008-06-30,7.92,$8.54,0.93,$3.29,2.41,$-2.04,0.0,$1.43,5.54,$0.03B,$0.02B,1.4,$0.13B,$0.21B,0.62,$0.08B,$0.06B,79.01%,$0.08B,$0.04B,44.44%,$0.08B,$0.04B,44.44%,$0.08B,$0.05B,56.79%,$0.08B,$0.03B,35.80%,$0.08B,$0.04B,44.44%,$0.04B,$0.21B,16.78%,$0.04B,$0.21B,16.78%,$0.04B,$0.39B,9.06%,$0.04B,$0.34B,10.43%,$20,$4,$16,$0,$2,$9,$11,$-1,$9,$0,$9,$9,$11,$14,$11,$25,25,$0.43,$0.43,$2,$0,$0,$30,$349,$0,$0,$15,$364,$393,$21,$131,$30,$161,$182,$0,$0,$-48,$211,$393,$22,$5,$-1,$4,$-0,$0,$0,$-1,$-2,$24,$-1,$0,$0,$0,$0,$0,$2,$1,$-1,$0,$-1,$0,$0,$-23,$0,$-24,$0,$0,$-23
42,2008-03-31,8.52,$8.50,1.0,$3.29,2.58,$-5.46,0.0,$1.40,6.08,$0.03B,$0.02B,1.15,$0.13B,$0.21B,0.62,$0.08B,$0.06B,77.78%,$0.08B,$0.04B,43.21%,$0.08B,$0.04B,43.21%,$0.08B,$0.05B,55.56%,$0.08B,$0.03B,34.57%,$0.08B,$0.04B,43.21%,$0.04B,$0.21B,16.07%,$0.04B,$0.21B,16.07%,$0.04B,$0.39B,8.74%,$0.04B,$0.34B,10.04%,$20,$3,$17,$0,$2,$8,$13,$-2,$11,$0,$11,$11,$11,$15,$13,$25,25,$0.46,$0.46,$0,$0,$0,$27,$351,$0,$0,$15,$366,$394,$24,$130,$30,$159,$183,$0,$0,$-48,$211,$394,$11,$3,$-0,$2,$-0,$0,$0,$-1,$-1,$13,$-2,$0,$0,$0,$0,$0,$1,$-0,$-3,$0,$-3,$0,$0,$-12,$0,$-14,$-2,$0,$-12
43,2007-12-31,13.82,$8.57,1.61,$3.20,4.32,$-8.71,0.0,$1.36,10.16,$0.03B,$0.02B,1.28,$0.13B,$0.21B,0.62,$0.08B,$0.06B,75.95%,$0.08B,$0.03B,41.77%,$0.08B,$0.03B,41.77%,$0.08B,$0.04B,54.43%,$0.08B,$0.03B,34.18%,$0.08B,$0.03B,43.04%,$0.03B,$0.21B,15.37%,$0.03B,$0.21B,15.37%,$0.03B,$0.40B,8.50%,$0.03B,$0.35B,9.40%,$21,$5,$16,$0,$2,$20,$1,$-2,$-1,$0,$-1,$-1,$1,$4,$1,$25,25,$0.03,$0.03,$2,$0,$0,$28,$352,$0,$0,$17,$368,$397,$22,$133,$30,$163,$185,$0,$0,$-47,$212,$397,$34,$9,$6,$15,$0,$0,$0,$-4,$-4,$45,$-82,$0,$0,$0,$0,$0,$-2,$-84,$87,$0,$87,$0,$0,$-46,$-1,$40,$1,$0,$-46
44,2007-09-30,13.85,$9.06,1.53,$3.04,4.56,$-7.81,0.0,$1.74,7.96,$0.04B,$0.02B,1.98,$0.13B,$0.22B,0.57,$0.08B,$0.06B,76.00%,$0.08B,$0.04B,56.00%,$0.08B,$0.04B,56.00%,$0.08B,$0.05B,68.00%,$0.08B,$0.04B,49.33%,$0.08B,$0.04B,57.33%,$0.04B,$0.22B,19.13%,$0.04B,$0.22B,19.13%,$0.04B,$0.41B,11.36%,$0.04B,$0.35B,12.62%,$20,$5,$15,$0,$2,$9,$11,$-1,$10,$0,$10,$10,$13,$13,$11,$25,25,$0.52,$0.52,$2,$0,$0,$40,$354,$0,$0,$11,$364,$405,$20,$129,$31,$160,$180,$0,$0,$-35,$224,$405,$33,$6,$-5,$2,$0,$0,$0,$-0,$0,$35,$-82,$0,$0,$0,$0,$0,$-1,$-83,$84,$0,$84,$0,$0,$-34,$-1,$49,$0,$0,$-34
45,2007-06-30,13.16,$9.04,1.45,$2.96,4.45,$-5.09,0.0,$1.68,7.83,$0.04B,$0.02B,2.04,$0.13B,$0.22B,0.59,$0.07B,$0.06B,76.71%,$0.07B,$0.04B,57.53%,$0.07B,$0.04B,57.53%,$0.07B,$0.05B,69.86%,$0.07B,$0.04B,52.05%,$0.07B,$0.04B,56.16%,$0.04B,$0.22B,18.18%,$0.04B,$0.22B,18.18%,$0.04B,$0.41B,11.54%,$0.04B,$0.36B,13.42%,$20,$5,$15,$0,$2,$10,$10,$-2,$8,$0,$8,$8,$10,$13,$10,$25,25,$0.40,$0.40,$2,$0,$0,$40,$354,$0,$0,$11,$365,$405,$20,$132,$30,$162,$181,$0,$0,$-35,$224,$405,$20,$4,$-1,$3,$0,$0,$0,$-1,$-0,$23,$-85,$0,$0,$0,$0,$0,$-1,$-86,$86,$0,$86,$0,$0,$-23,$-1,$63,$1,$0,$-23
46,2007-03-31,14.14,$9.07,1.56,$2.87,4.93,$-2.31,0.0,$1.73,8.18,$0.04B,$0.01B,2.84,$0.13B,$0.23B,0.56,$0.07B,$0.06B,78.87%,$0.07B,$0.04B,61.97%,$0.07B,$0.04B,61.97%,$0.07B,$0.05B,73.24%,$0.07B,$0.04B,57.75%,$0.07B,$0.04B,59.15%,$0.04B,$0.23B,18.56%,$0.04B,$0.23B,18.56%,$0.04B,$0.39B,12.64%,$0.04B,$0.35B,15.02%,$18,$3,$14,$0,$1,$7,$11,$-1,$10,$0,$10,$10,$10,$13,$11,$25,25,$0.42,$0.42,$1,$0,$0,$37,$343,$0,$0,$12,$356,$393,$13,$127,$28,$155,$168,$0,$0,$-34,$225,$393,$10,$2,$0,$2,$0,$0,$0,$-1,$-2,$11,$-80,$0,$0,$0,$0,$0,$0,$-80,$81,$0,$81,$0,$0,$-11,$-1,$69,$0,$0,$-11
47,2006-12-31,14.97,$9.11,1.64,$2.88,5.19,$0.37,40.37,$1.74,8.6,$0.04B,$0.01B,3.02,$0.05B,$0.23B,0.2,$0.07B,$0.06B,78.87%,$0.07B,$0.04B,61.97%,$0.07B,$0.04B,61.97%,$0.07B,$0.05B,73.24%,$0.07B,$0.04B,59.15%,$0.07B,$0.04B,60.56%,$0.04B,$0.23B,18.96%,$0.04B,$0.23B,18.96%,$0.04B,$0.31B,13.76%,$0.04B,$0.27B,16.04%,$17,$4,$13,$0,$1,$8,$10,$-0,$9,$0,$9,$9,$10,$12,$10,$25,25,$0.39,$0.39,$1,$0,$0,$35,$267,$0,$0,$8,$276,$311,$12,$45,$28,$74,$85,$0,$0,$-33,$226,$311,$43,$8,$-0,$1,$-0,$0,$0,$-3,$-3,$-2,$-13,$0,$0,$0,$0,$0,$-0,$-13,$11,$0,$11,$1,$1,$-45,$0,$-33,$-35,$0,$-45
