,Date,Stock Price,Book Value per Share,Price to Book Ratio,TTM Sales per Share,Price to Sales Ratio,TTM FCF per Share,Price to FCF Ratio,TTM Net EPS,PE Ratio,Current Assets,Current Liabilities,Current Ratio,Long Term Debt,Shareholder's Equity_x,Debt to Equity Ratio,TTM Revenue_x,TTM Gross Profit,Gross Margin,TTM Revenue_y,TTM Operating Income,Operating Margin,TTM Revenue_x,TTM EBIT,EBIT Margin,TTM Revenue_y,TTM EBITDA,EBITDA Margin,TTM Revenue_x,TTM Pre-Tax Income,Pre-Tax Margin,TTM Revenue_y,TTM Net Income_x,Net Margin,TTM Net Income_y,Shareholder's Equity_y,Return on Equity,TTM Net Income_x,Tangible Equity,Return on Tangible Equity,TTM Net Income_y,Total Assets,Return on Assets,TTM Net Income,LT Investments & Debt,Return on Investment,revenue,cost-goods-sold,gross-profit,research-development-expenses,selling-general-administrative-expenses,operating-expenses,operating-income,total-non-operating-income-expense,pre-tax-income,total-provision-income-taxes,income-after-taxes,income-from-continuous-operations,net-income,ebitda,ebit,basic-shares-outstanding,shares-outstanding,eps-basic-net-earnings-per-share,eps-earnings-per-share-diluted,cash-on-hand,inventory,other-current-assets,total-current-assets,net-property-plant-equipment,long-term-investments,goodwill-intangible-assets-total,other-long-term-assets,total-long-term-assets,total-assets,total-current-liabilities,long-term-debt,other-non-current-liabilities,total-long-term-liabilities,total-liabilities,common-stock-net,retained-earnings-accumulated-deficit,comprehensive-income,total-share-holder-equity,total-liabilities-share-holders-equity,net-income-loss,total-depreciation-amortization-cash-flow,other-non-cash-items,total-non-cash-items,change-in-accounts-receivable,change-in-inventories,change-in-accounts-payable,change-in-assets-liabilities,total-change-in-assets-liabilities,cash-flow-from-operating-activities,net-change-in-property-plant-equipment,net-change-in-intangible-assets,net-acquisitions-divestitures,net-change-in-short-term-investments,net-change-in-long-term-investments,net-change-in-investments-total,investing-activities-other,cash-flow-from-investing-activities,net-long-term-debt,net-current-debt,debt-issuance-retirement-net-total,net-common-equity-issued-repurchased,net-total-equity-issued-repurchased,total-common-preferred-stock-dividends-paid,financial-activities-other,cash-flow-from-financial-activities,net-cash-flow,stock-based-compensation,common-stock-dividends-paid
0,2018-09-30,1.04,$7.08,0.15,$0.13,8.18,$1.86,0.56,$-0.73,0.0,$0.21B,$0.00B,67.56,$0.00B,$0.33B,0.01,$0.01B,$-0.02B,-380.00%,$0.01B,$-0.07B,-1300.00%,$0.01B,$-0.07B,-1300.00%,$0.01B,$-0.05B,-920.00%,$0.01B,$-0.07B,-1300.00%,$0.01B,$-0.05B,-960.00%,$-0.05B,$0.33B,-13.06%,$-0.05B,$0.30B,-14.19%,$-0.05B,$0.34B,-12.87%,$-0.07B,$0.33B,-17.59%,$0,$6,$-5,$0,$1,$27,$-27,$0,$-27,$-7,$-19,$-19,$-19,$-22,$-27,$47,47,$-0.42,$-0.42,$208,$0,$0,$212,$67,$0,$28,$14,$125,$337,$3,$2,$0,$2,$5,$0,$249,$-11,$331,$337,$-31,$15,$9,$23,$30,$1,$0,$-0,$31,$23,$-11,$-1,$0,$0,$0,$0,$0,$-12,$-0,$0,$-0,$0,$0,$0,$0,$-0,$-1,$0,$0
1,2018-06-30,1.38,$7.81,0.18,$0.63,2.2,$2.10,0.66,$-0.66,0.0,$0.22B,$0.00B,70.52,$0.00B,$0.37B,0.01,$0.03B,$-0.01B,-24.14%,$0.03B,$-0.03B,-113.79%,$0.03B,$-0.03B,-113.79%,$0.03B,$-0.01B,-44.83%,$0.03B,$-0.03B,-113.79%,$0.03B,$-0.03B,-89.66%,$-0.03B,$0.37B,-6.79%,$-0.03B,$0.34B,-7.36%,$-0.03B,$0.37B,-6.68%,$-0.03B,$0.37B,-8.57%,$0,$6,$-6,$0,$1,$7,$-7,$0,$-7,$-2,$-5,$-5,$-5,$-2,$-7,$47,47,$-0.10,$-0.10,$216,$0,$0,$223,$95,$0,$29,$14,$148,$371,$3,$2,$0,$2,$5,$0,$268,$4,$366,$371,$-12,$10,$-3,$6,$26,$1,$0,$-0,$27,$21,$-10,$-1,$0,$0,$0,$0,$0,$-11,$-0,$0,$-0,$0,$0,$0,$0,$-0,$7,$0,$0
2,2018-03-31,1.43,$8.35,0.17,$1.64,0.87,$2.07,0.69,$-0.27,0.0,$0.25B,$0.00B,62.16,$0.00B,$0.39B,0.01,$0.08B,$0.02B,25.97%,$0.08B,$-0.01B,-10.39%,$0.08B,$-0.01B,-10.39%,$0.08B,$0.01B,16.88%,$0.08B,$-0.01B,-9.09%,$0.08B,$-0.01B,-9.09%,$-0.01B,$0.39B,-1.81%,$-0.01B,$0.36B,-1.96%,$-0.01B,$0.40B,-1.76%,$-0.01B,$0.39B,-2.06%,$2,$7,$-5,$0,$4,$11,$-8,$0,$-8,$-1,$-7,$-7,$-7,$-3,$-8,$47,47,$-0.15,$-0.15,$237,$0,$0,$249,$95,$0,$31,$15,$148,$397,$4,$2,$0,$2,$6,$0,$273,$24,$391,$397,$-7,$5,$-0,$5,$20,$1,$0,$-0,$22,$20,$-0,$-0,$0,$0,$0,$0,$0,$-0,$0,$0,$0,$0,$0,$0,$0,$0,$28,$0,$0
3,2017-12-31,1.47,$8.16,0.18,$2.30,0.64,$1.82,0.81,$0.05,29.4,$0.24B,$0.00B,74.7,$0.00B,$0.38B,0.01,$0.11B,$0.04B,35.19%,$0.11B,$0.01B,10.19%,$0.11B,$0.01B,10.19%,$0.11B,$0.03B,29.63%,$0.11B,$0.01B,11.11%,$0.11B,$0.01B,7.41%,$0.01B,$0.38B,2.11%,$0.01B,$0.35B,2.28%,$0.01B,$0.39B,2.03%,$0.01B,$0.38B,2.89%,$3,$7,$-3,$0,$2,$26,$-23,$0,$-23,$-6,$-17,$-17,$-17,$-19,$-23,$47,47,$-0.36,$-0.36,$209,$1,$0,$242,$96,$0,$29,$14,$146,$387,$3,$2,$0,$2,$6,$0,$280,$8,$382,$387,$8,$21,$16,$37,$26,$5,$0,$-1,$18,$63,$-18,$-10,$0,$0,$0,$0,$0,$-28,$-0,$0,$-0,$0,$0,$0,$0,$-0,$45,$0,$0
4,2017-09-30,1.89,$8.39,0.23,$2.83,0.67,$1.69,1.12,$0.66,2.86,$0.27B,$0.01B,35.99,$0.00B,$0.39B,0.01,$0.13B,$0.05B,38.35%,$0.13B,$0.04B,31.58%,$0.13B,$0.04B,31.58%,$0.13B,$0.07B,48.87%,$0.13B,$0.04B,32.33%,$0.13B,$0.03B,23.31%,$0.03B,$0.39B,8.36%,$0.03B,$0.36B,9.05%,$0.03B,$0.40B,7.99%,$0.04B,$0.40B,11.26%,$24,$16,$7,$0,$3,$19,$5,$0,$5,$2,$3,$3,$3,$11,$5,$47,47,$0.07,$0.07,$193,$2,$0,$269,$98,$0,$29,$5,$134,$403,$7,$2,$0,$2,$10,$0,$297,$2,$393,$403,$25,$17,$2,$18,$-17,$4,$0,$-1,$-20,$23,$-1,$-1,$0,$0,$0,$0,$0,$-1,$-0,$0,$-0,$0,$0,$0,$0,$-0,$30,$0,$0
5,2017-06-30,1.59,$8.13,0.2,$3.16,0.5,$1.47,1.08,$0.82,1.94,$0.27B,$0.02B,11.98,$0.00B,$0.38B,0.01,$0.15B,$0.06B,40.54%,$0.15B,$0.05B,34.46%,$0.15B,$0.05B,34.46%,$0.15B,$0.07B,50.00%,$0.15B,$0.05B,35.14%,$0.15B,$0.04B,26.35%,$0.04B,$0.38B,10.77%,$0.04B,$0.35B,11.69%,$0.04B,$0.41B,10.22%,$0.05B,$0.38B,14.00%,$48,$27,$21,$0,$2,$29,$18,$0,$19,$5,$14,$14,$14,$24,$18,$47,47,$0.29,$0.29,$176,$5,$0,$269,$101,$0,$28,$5,$136,$405,$22,$2,$0,$2,$25,$0,$294,$-7,$381,$405,$22,$11,$1,$12,$-33,$1,$0,$-1,$-24,$10,$-0,$-1,$0,$0,$0,$0,$0,$-1,$-0,$0,$-0,$0,$0,$0,$0,$-0,$12,$0,$0
6,2017-03-31,1.78,$7.68,0.23,$3.17,0.56,$1.62,1.1,$0.81,2.2,$0.24B,$0.02B,14.52,$0.00B,$0.36B,0.01,$0.15B,$0.06B,38.51%,$0.15B,$0.05B,33.78%,$0.15B,$0.05B,33.78%,$0.15B,$0.07B,50.00%,$0.15B,$0.05B,33.78%,$0.15B,$0.04B,25.68%,$0.04B,$0.36B,10.73%,$0.04B,$0.33B,11.66%,$0.04B,$0.38B,10.15%,$0.05B,$0.36B,14.03%,$33,$20,$13,$0,$2,$22,$11,$0,$11,$3,$8,$8,$8,$16,$11,$47,47,$0.17,$0.17,$173,$5,$0,$239,$105,$0,$28,$5,$139,$378,$16,$2,$0,$2,$19,$0,$280,$-14,$360,$378,$8,$6,$0,$6,$-9,$1,$0,$-1,$-5,$8,$-0,$-0,$0,$0,$0,$0,$0,$-0,$0,$0,$0,$0,$0,$0,$0,$0,$9,$0,$0
7,2016-12-31,1.95,$7.47,0.26,$3.21,0.61,$1.75,1.11,$0.78,2.5,$0.22B,$0.01B,15.9,$0.00B,$0.35B,0.01,$0.15B,$0.06B,36.91%,$0.15B,$0.05B,32.21%,$0.15B,$0.05B,32.21%,$0.15B,$0.07B,49.66%,$0.15B,$0.05B,32.21%,$0.15B,$0.04B,24.16%,$0.04B,$0.35B,10.26%,$0.04B,$0.32B,11.17%,$0.04B,$0.37B,9.69%,$0.05B,$0.35B,13.59%,$28,$19,$10,$0,$1,$21,$8,$0,$8,$2,$6,$6,$6,$14,$8,$46,47,$0.12,$0.13,$164,$6,$0,$222,$109,$0,$28,$5,$144,$366,$14,$2,$0,$2,$16,$0,$272,$-16,$349,$366,$36,$26,$-0,$25,$-6,$1,$0,$-0,$-6,$55,$-17,$-1,$0,$0,$0,$0,$3,$-15,$-0,$0,$-0,$0,$0,$0,$0,$-0,$30,$0,$0
8,2016-09-30,2.14,$7.65,0.28,$3.37,0.64,$1.96,1.09,$0.81,2.64,$0.22B,$0.02B,12.49,$0.00B,$0.36B,0.01,$0.16B,$0.06B,35.90%,$0.16B,$0.05B,32.05%,$0.16B,$0.05B,32.05%,$0.16B,$0.08B,49.36%,$0.16B,$0.05B,32.05%,$0.16B,$0.04B,23.72%,$0.04B,$0.36B,10.63%,$0.04B,$0.33B,11.60%,$0.04B,$0.38B,10.02%,$0.05B,$0.36B,14.27%,$39,$23,$16,$0,$2,$25,$14,$0,$14,$4,$11,$11,$11,$20,$14,$46,46,$0.23,$0.23,$141,$6,$0,$219,$123,$0,$29,$5,$159,$378,$18,$2,$0,$2,$20,$0,$266,$-2,$358,$378,$30,$20,$-0,$19,$-23,$1,$0,$-0,$-20,$29,$-17,$-1,$0,$0,$0,$0,$0,$-17,$-0,$0,$-0,$0,$0,$0,$0,$-0,$7,$0,$0
9,2016-06-30,1.54,$7.60,0.2,$3.44,0.45,$2.38,0.65,$0.81,1.9,$0.23B,$0.02B,10.03,$0.00B,$0.35B,0.01,$0.16B,$0.06B,35.00%,$0.16B,$0.05B,31.25%,$0.16B,$0.05B,31.25%,$0.16B,$0.08B,48.75%,$0.16B,$0.05B,31.25%,$0.16B,$0.04B,23.13%,$0.04B,$0.35B,10.79%,$0.04B,$0.32B,11.79%,$0.04B,$0.38B,10.10%,$0.05B,$0.35B,14.46%,$48,$29,$18,$0,$1,$30,$17,$0,$17,$4,$13,$13,$13,$24,$17,$46,47,$0.29,$0.28,$146,$7,$0,$225,$113,$0,$29,$5,$150,$375,$22,$2,$0,$2,$25,$0,$255,$1,$350,$375,$20,$14,$-0,$13,$-23,$0,$0,$-1,$-16,$17,$-1,$-1,$0,$0,$0,$0,$0,$-1,$-0,$0,$-0,$0,$0,$0,$0,$-0,$13,$0,$0
10,2016-03-31,1.61,$7.53,0.21,$3.46,0.47,$2.54,0.63,$0.76,2.12,$0.21B,$0.02B,11.46,$0.00B,$0.35B,0.01,$0.16B,$0.06B,34.16%,$0.16B,$0.05B,29.81%,$0.16B,$0.05B,29.81%,$0.16B,$0.08B,47.20%,$0.16B,$0.05B,29.81%,$0.16B,$0.04B,21.74%,$0.04B,$0.35B,10.26%,$0.04B,$0.32B,11.24%,$0.04B,$0.37B,9.59%,$0.05B,$0.35B,13.95%,$34,$24,$11,$0,$2,$26,$9,$0,$9,$2,$6,$6,$6,$16,$9,$46,47,$0.14,$0.14,$148,$7,$0,$207,$123,$0,$30,$5,$160,$367,$18,$3,$0,$3,$21,$0,$242,$11,$346,$367,$6,$7,$0,$7,$-1,$0,$0,$-1,$1,$14,$-0,$-0,$0,$0,$0,$0,$0,$-0,$0,$0,$0,$0,$0,$0,$0,$0,$15,$0,$0
11,2015-12-31,1.82,$7.35,0.25,$3.53,0.52,$2.65,0.69,$0.74,2.46,$0.19B,$0.02B,11.87,$0.00B,$0.34B,0.01,$0.16B,$0.05B,32.72%,$0.16B,$0.05B,28.40%,$0.16B,$0.05B,28.40%,$0.16B,$0.08B,46.30%,$0.16B,$0.05B,28.40%,$0.16B,$0.03B,20.99%,$0.03B,$0.34B,10.09%,$0.03B,$0.31B,11.09%,$0.03B,$0.36B,9.40%,$0.05B,$0.34B,13.54%,$35,$24,$11,$0,$2,$26,$10,$0,$10,$2,$7,$7,$7,$17,$10,$45,46,$0.17,$0.16,$134,$7,$0,$191,$129,$0,$30,$5,$166,$357,$16,$3,$0,$3,$19,$0,$236,$9,$338,$357,$34,$30,$-0,$30,$7,$-1,$0,$1,$7,$70,$-23,$-1,$14,$0,$0,$0,$-66,$-76,$-0,$0,$-0,$-0,$-0,$0,$0,$-0,$-13,$0,$0
12,2015-09-30,1.41,$7.35,0.19,$3.40,0.41,$2.63,0.54,$0.66,2.14,$0.20B,$0.03B,7.71,$0.00B,$0.34B,0.01,$0.15B,$0.05B,32.24%,$0.15B,$0.04B,26.32%,$0.15B,$0.04B,26.32%,$0.15B,$0.07B,45.39%,$0.15B,$0.04B,26.32%,$0.15B,$0.03B,19.74%,$0.03B,$0.34B,9.08%,$0.03B,$0.31B,9.76%,$0.03B,$0.37B,8.49%,$0.04B,$0.34B,12.00%,$43,$27,$16,$0,$1,$29,$14,$0,$14,$3,$11,$11,$11,$21,$14,$46,47,$0.23,$0.23,$121,$7,$0,$203,$126,$0,$30,$5,$164,$367,$26,$3,$0,$3,$29,$0,$228,$16,$338,$367,$27,$22,$0,$23,$-16,$-1,$0,$0,$-15,$35,$-3,$-1,$14,$0,$0,$0,$-66,$-56,$-0,$0,$-0,$-0,$-0,$0,$0,$-0,$-26,$0,$0
13,2015-06-30,2.07,$7.44,0.28,$3.28,0.63,$2.61,0.79,$0.56,3.69,$0.20B,$0.02B,8.33,$0.00B,$0.34B,0.01,$0.14B,$0.04B,30.00%,$0.14B,$0.03B,23.57%,$0.14B,$0.03B,23.57%,$0.14B,$0.06B,44.29%,$0.14B,$0.03B,23.57%,$0.14B,$0.02B,17.14%,$0.02B,$0.34B,7.44%,$0.02B,$0.31B,7.82%,$0.02B,$0.37B,7.02%,$0.03B,$0.35B,10.14%,$49,$32,$17,$0,$3,$35,$15,$0,$15,$4,$11,$11,$11,$22,$15,$46,47,$0.23,$0.23,$118,$7,$0,$201,$129,$0,$31,$6,$168,$369,$24,$3,$0,$3,$27,$0,$218,$31,$342,$369,$16,$15,$0,$16,$-14,$0,$0,$-0,$-7,$25,$0,$-1,$14,$0,$0,$0,$-66,$-53,$-0,$0,$-0,$-0,$-0,$0,$0,$-0,$-29,$0,$0
14,2015-03-31,1.66,$7.18,0.23,$3.04,0.55,$2.68,0.62,$0.47,3.53,$0.18B,$0.02B,8.19,$0.00B,$0.33B,0.01,$0.12B,$0.03B,27.64%,$0.12B,$0.03B,21.14%,$0.12B,$0.03B,21.14%,$0.12B,$0.05B,43.90%,$0.12B,$0.03B,21.14%,$0.12B,$0.02B,15.45%,$0.02B,$0.33B,6.08%,$0.02B,$0.30B,6.23%,$0.02B,$0.35B,5.78%,$0.03B,$0.33B,8.24%,$35,$25,$9,$0,$2,$28,$7,$0,$7,$2,$5,$5,$5,$15,$7,$43,43,$0.12,$0.12,$111,$7,$0,$179,$136,$0,$31,$6,$175,$354,$22,$3,$0,$3,$25,$0,$207,$30,$330,$354,$5,$8,$-0,$7,$1,$-0,$0,$-0,$5,$18,$0,$-0,$14,$0,$0,$0,$-66,$-53,$0,$0,$0,$-0,$-0,$0,$0,$-0,$-35,$0,$0
15,2014-12-31,1.16,$8.07,0.14,$2.89,0.4,$2.60,0.45,$0.46,2.52,$0.19B,$0.01B,24.02,$0.00B,$0.31B,0.01,$0.11B,$0.03B,28.07%,$0.11B,$0.03B,21.93%,$0.11B,$0.03B,21.93%,$0.11B,$0.05B,45.61%,$0.11B,$0.03B,21.93%,$0.11B,$0.02B,15.79%,$0.02B,$0.31B,5.92%,$0.02B,$0.31B,5.92%,$0.02B,$0.32B,5.67%,$0.03B,$0.32B,8.14%,$25,$19,$7,$1,$2,$21,$4,$0,$4,$1,$3,$3,$3,$11,$4,$39,39,$0.07,$0.08,$147,$5,$0,$194,$126,$0,$0,$1,$129,$323,$8,$3,$0,$3,$11,$0,$202,$31,$312,$323,$18,$28,$1,$29,$3,$-0,$0,$-0,$-1,$47,$-7,$-1,$0,$0,$0,$0,$0,$-7,$-0,$0,$-0,$-0,$-0,$0,$0,$-0,$39,$0,$0
16,2014-09-30,1.43,$7.93,0.18,$3.03,0.47,$2.53,0.57,$0.52,2.75,$0.19B,$0.01B,16.78,$0.00B,$0.31B,0.01,$0.12B,$0.03B,28.57%,$0.12B,$0.03B,24.37%,$0.12B,$0.03B,24.37%,$0.12B,$0.06B,47.06%,$0.12B,$0.03B,24.37%,$0.12B,$0.02B,17.65%,$0.02B,$0.31B,7.00%,$0.02B,$0.31B,7.00%,$0.02B,$0.32B,6.69%,$0.03B,$0.31B,9.57%,$31,$22,$9,$0,$2,$24,$7,$0,$7,$2,$5,$5,$5,$14,$7,$39,39,$0.13,$0.13,$132,$5,$0,$186,$132,$0,$0,$1,$135,$321,$11,$3,$0,$3,$14,$0,$199,$29,$307,$321,$15,$21,$1,$22,$-4,$-0,$0,$-0,$-4,$32,$-6,$-1,$0,$0,$0,$0,$0,$-7,$-0,$0,$-0,$0,$0,$0,$0,$-0,$24,$0,$0
17,2014-06-30,2.14,$7.80,0.27,$3.08,0.69,$2.67,0.8,$0.60,3.57,$0.18B,$0.01B,15.68,$0.00B,$0.30B,0.01,$0.12B,$0.04B,29.75%,$0.12B,$0.03B,27.27%,$0.12B,$0.03B,27.27%,$0.12B,$0.06B,49.59%,$0.12B,$0.03B,27.27%,$0.12B,$0.02B,19.83%,$0.02B,$0.30B,8.14%,$0.02B,$0.30B,8.14%,$0.02B,$0.32B,7.76%,$0.03B,$0.31B,11.07%,$32,$23,$9,$0,$2,$24,$8,$0,$8,$2,$6,$6,$6,$14,$8,$39,39,$0.15,$0.14,$129,$6,$0,$180,$133,$0,$0,$1,$136,$316,$11,$3,$0,$3,$14,$0,$194,$29,$302,$316,$10,$14,$-0,$14,$-1,$-0,$0,$-0,$-1,$23,$-0,$-1,$0,$0,$0,$0,$0,$-1,$-0,$0,$-0,$0,$0,$0,$0,$-0,$21,$0,$0
18,2014-03-31,2.42,$7.65,0.32,$3.12,0.77,$2.62,0.92,$0.60,4.03,$0.17B,$0.01B,16.17,$0.00B,$0.30B,0.01,$0.12B,$0.04B,30.33%,$0.12B,$0.03B,26.23%,$0.12B,$0.03B,26.23%,$0.12B,$0.06B,49.18%,$0.12B,$0.03B,26.23%,$0.12B,$0.02B,18.85%,$0.02B,$0.30B,7.97%,$0.02B,$0.30B,7.97%,$0.02B,$0.31B,7.59%,$0.03B,$0.30B,10.97%,$26,$19,$7,$0,$1,$20,$6,$0,$6,$1,$4,$4,$4,$13,$6,$39,39,$0.11,$0.11,$119,$6,$0,$167,$140,$0,$0,$1,$143,$310,$10,$3,$0,$3,$13,$0,$188,$29,$296,$310,$4,$7,$-0,$7,$3,$-1,$0,$-0,$2,$13,$-0,$-0,$0,$0,$0,$0,$0,$-0,$0,$0,$0,$0,$0,$0,$0,$0,$11,$0,$0
19,2013-12-31,2.35,$7.65,0.31,$3.06,0.77,$2.64,0.89,$0.54,4.35,$0.16B,$0.01B,13.98,$0.00B,$0.30B,0.01,$0.12B,$0.04B,29.41%,$0.12B,$0.03B,24.37%,$0.12B,$0.03B,24.37%,$0.12B,$0.06B,47.90%,$0.12B,$0.03B,24.37%,$0.12B,$0.02B,17.65%,$0.02B,$0.30B,7.46%,$0.02B,$0.30B,7.46%,$0.02B,$0.31B,7.11%,$0.03B,$0.30B,10.19%,$30,$21,$9,$0,$2,$23,$8,$0,$8,$2,$6,$6,$6,$15,$8,$38,39,$0.15,$0.14,$108,$5,$0,$158,$148,$0,$0,$1,$151,$309,$11,$3,$0,$3,$14,$0,$184,$32,$295,$309,$21,$28,$-2,$26,$-8,$1,$0,$-1,$-7,$40,$-3,$-1,$0,$0,$0,$0,$4,$0,$-0,$0,$-0,$0,$0,$0,$0,$-0,$43,$1,$0
20,2013-09-30,1.71,$7.47,0.23,$2.91,0.59,$1.33,1.29,$0.45,3.8,$0.15B,$0.01B,12.21,$0.00B,$0.29B,0.01,$0.11B,$0.03B,27.03%,$0.11B,$0.02B,21.62%,$0.11B,$0.02B,21.62%,$0.11B,$0.05B,45.95%,$0.11B,$0.02B,21.62%,$0.11B,$0.02B,15.32%,$0.02B,$0.29B,6.21%,$0.02B,$0.29B,6.21%,$0.02B,$0.30B,5.91%,$0.02B,$0.29B,8.67%,$33,$22,$11,$0,$2,$22,$11,$0,$11,$3,$8,$8,$8,$18,$11,$38,39,$0.21,$0.21,$97,$6,$0,$148,$151,$0,$0,$1,$154,$302,$12,$3,$0,$3,$15,$0,$178,$29,$287,$302,$15,$21,$-1,$20,$-5,$0,$0,$-1,$-4,$31,$-0,$-1,$0,$0,$0,$0,$-0,$-1,$-0,$0,$-0,$0,$0,$0,$0,$-0,$32,$1,$0
21,2013-06-30,1.16,$7.22,0.16,$2.77,0.42,$-0.02,0.0,$0.36,3.22,$0.13B,$0.01B,11.4,$0.00B,$0.28B,0.01,$0.10B,$0.03B,25.24%,$0.10B,$0.02B,18.45%,$0.10B,$0.02B,18.45%,$0.10B,$0.05B,43.69%,$0.10B,$0.02B,18.45%,$0.10B,$0.01B,12.62%,$0.01B,$0.28B,4.89%,$0.01B,$0.28B,4.89%,$0.01B,$0.29B,4.65%,$0.02B,$0.28B,7.07%,$33,$23,$10,$0,$2,$25,$7,$0,$7,$2,$5,$5,$5,$14,$7,$38,39,$0.14,$0.14,$86,$5,$0,$131,$157,$0,$0,$1,$160,$291,$12,$3,$0,$3,$14,$0,$170,$28,$277,$291,$7,$14,$1,$15,$-3,$1,$0,$-1,$-1,$21,$0,$-1,$0,$0,$0,$0,$0,$-1,$-0,$0,$-0,$0,$0,$0,$0,$-0,$21,$1,$0
22,2013-03-31,1.1,$6.96,0.16,$2.83,0.39,$-0.71,0.0,$0.38,2.89,$0.12B,$0.01B,11.76,$0.00B,$0.27B,0.01,$0.10B,$0.03B,25.74%,$0.10B,$0.02B,19.80%,$0.10B,$0.02B,19.80%,$0.10B,$0.04B,43.56%,$0.10B,$0.02B,19.80%,$0.10B,$0.01B,13.86%,$0.01B,$0.27B,5.40%,$0.01B,$0.27B,5.40%,$0.01B,$0.28B,5.12%,$0.02B,$0.27B,7.63%,$23,$18,$5,$0,$2,$20,$3,$0,$3,$1,$2,$2,$2,$10,$3,$38,39,$0.05,$0.05,$78,$5,$0,$115,$162,$0,$0,$1,$165,$280,$10,$3,$0,$3,$13,$0,$165,$23,$267,$280,$2,$7,$0,$7,$5,$1,$0,$-1,$4,$13,$0,$-0,$0,$0,$0,$0,$0,$-0,$0,$0,$0,$0,$0,$0,$0,$0,$13,$0,$0
23,2012-12-31,1.16,$6.89,0.17,$2.93,0.4,$-0.96,0.0,$0.43,2.7,$0.11B,$0.01B,9.74,$0.00B,$0.26B,0.01,$0.10B,$0.03B,27.45%,$0.10B,$0.02B,21.57%,$0.10B,$0.02B,21.57%,$0.10B,$0.04B,43.14%,$0.10B,$0.02B,21.57%,$0.10B,$0.02B,14.71%,$0.02B,$0.26B,5.90%,$0.02B,$0.26B,5.90%,$0.02B,$0.28B,5.58%,$0.02B,$0.27B,8.55%,$22,$18,$4,$0,$2,$19,$3,$0,$3,$1,$2,$2,$2,$9,$3,$35,35,$0.05,$0.05,$65,$6,$0,$107,$168,$0,$0,$1,$171,$278,$11,$3,$0,$3,$14,$0,$163,$22,$264,$278,$15,$24,$2,$26,$-14,$-2,$0,$1,$-16,$25,$-37,$-0,$0,$0,$0,$0,$0,$-38,$-0,$0,$-0,$0,$0,$0,$0,$-0,$-13,$1,$0
24,2012-09-30,1.12,$7.38,0.15,$3.18,0.35,$-0.43,0.0,$0.41,2.73,$0.11B,$0.01B,9.42,$0.00B,$0.26B,0.01,$0.11B,$0.03B,30.63%,$0.11B,$0.02B,18.92%,$0.11B,$0.02B,18.92%,$0.11B,$0.04B,37.84%,$0.11B,$0.02B,18.92%,$0.11B,$0.01B,12.61%,$0.01B,$0.26B,5.62%,$0.01B,$0.26B,5.62%,$0.01B,$0.27B,5.31%,$0.02B,$0.26B,8.33%,$25,$17,$7,$0,$2,$19,$6,$0,$6,$2,$4,$4,$4,$12,$6,$35,35,$0.12,$0.12,$59,$5,$0,$106,$160,$0,$0,$1,$163,$269,$11,$3,$0,$3,$14,$0,$161,$20,$255,$269,$13,$17,$2,$19,$-20,$-0,$0,$1,$-21,$11,$-29,$-0,$0,$0,$0,$0,$0,$-30,$-0,$0,$-0,$0,$0,$0,$0,$-0,$-20,$1,$0
25,2012-06-30,1.22,$7.26,0.17,$3.57,0.34,$0.51,2.38,$0.45,2.71,$0.12B,$0.01B,9.86,$0.00B,$0.25B,0.01,$0.12B,$0.04B,33.06%,$0.12B,$0.02B,19.35%,$0.12B,$0.02B,19.35%,$0.12B,$0.04B,35.48%,$0.12B,$0.02B,19.35%,$0.12B,$0.02B,12.90%,$0.02B,$0.25B,6.53%,$0.02B,$0.25B,6.53%,$0.02B,$0.27B,6.12%,$0.02B,$0.25B,9.68%,$31,$21,$10,$0,$1,$24,$8,$0,$8,$2,$6,$6,$6,$13,$8,$35,35,$0.16,$0.16,$72,$4,$0,$118,$145,$0,$0,$1,$148,$266,$12,$3,$0,$3,$15,$0,$157,$21,$251,$266,$9,$11,$1,$13,$-20,$0,$0,$-0,$-19,$2,$-8,$-0,$0,$0,$0,$0,$0,$-8,$-0,$0,$-0,$0,$0,$0,$0,$-0,$-7,$0,$0
26,2012-03-31,2.35,$7.14,0.33,$4.14,0.57,$0.41,5.8,$0.58,4.05,$0.12B,$0.01B,9.49,$0.00B,$0.25B,0.01,$0.14B,$0.06B,39.58%,$0.14B,$0.03B,20.14%,$0.14B,$0.03B,20.14%,$0.14B,$0.05B,34.03%,$0.14B,$0.03B,20.14%,$0.14B,$0.02B,13.89%,$0.02B,$0.25B,8.39%,$0.02B,$0.25B,8.39%,$0.02B,$0.26B,7.81%,$0.03B,$0.25B,12.01%,$24,$17,$7,$0,$2,$19,$5,$0,$5,$1,$3,$3,$3,$10,$5,$35,35,$0.10,$0.10,$82,$5,$0,$115,$144,$0,$0,$1,$147,$262,$12,$3,$0,$3,$15,$0,$151,$22,$247,$262,$3,$6,$0,$6,$-5,$-0,$0,$-0,$-6,$3,$0,$-0,$0,$0,$0,$0,$0,$-0,$0,$0,$0,$0,$0,$0,$0,$0,$3,$0,$0
27,2011-12-31,1.79,$7.03,0.25,$4.72,0.38,$0.83,2.14,$0.88,2.03,$0.11B,$0.01B,8.66,$0.00B,$0.24B,0.01,$0.17B,$0.08B,45.45%,$0.17B,$0.04B,26.67%,$0.17B,$0.04B,26.67%,$0.17B,$0.06B,38.18%,$0.17B,$0.04B,26.67%,$0.17B,$0.03B,18.79%,$0.03B,$0.24B,13.49%,$0.03B,$0.24B,13.49%,$0.03B,$0.26B,12.44%,$0.04B,$0.25B,18.88%,$31,$20,$10,$2,$6,$29,$2,$0,$2,$1,$1,$1,$1,$7,$2,$35,35,$0.03,$0.04,$79,$4,$0,$106,$150,$0,$0,$1,$153,$258,$12,$3,$0,$3,$15,$0,$148,$22,$243,$258,$31,$18,$13,$31,$1,$-2,$0,$1,$-3,$59,$-53,$-0,$0,$0,$0,$0,$1,$-52,$-0,$0,$-0,$-1,$-1,$0,$0,$-1,$10,$7,$0
28,2011-09-30,2.23,$6.90,0.32,$4.91,0.45,$1.21,1.85,$1.20,1.86,$0.12B,$0.02B,6.7,$0.00B,$0.24B,0.01,$0.17B,$0.09B,49.71%,$0.17B,$0.06B,33.92%,$0.17B,$0.06B,33.92%,$0.17B,$0.08B,44.44%,$0.17B,$0.06B,33.92%,$0.17B,$0.04B,24.56%,$0.04B,$0.24B,19.33%,$0.04B,$0.24B,19.33%,$0.04B,$0.26B,17.76%,$0.06B,$0.24B,26.39%,$38,$24,$14,$1,$5,$29,$9,$0,$9,$3,$6,$6,$6,$14,$9,$35,35,$0.16,$0.16,$86,$3,$0,$115,$141,$0,$0,$1,$144,$259,$17,$3,$0,$3,$20,$0,$147,$18,$239,$259,$30,$13,$12,$25,$-2,$-0,$0,$-0,$-1,$54,$-40,$-0,$0,$0,$0,$0,$1,$-39,$-0,$0,$-0,$-1,$-1,$0,$0,$-1,$17,$7,$0
29,2011-06-30,3.1,$6.49,0.48,$5.11,0.61,$1.51,2.06,$1.47,2.11,$0.10B,$0.02B,5.6,$0.00B,$0.23B,0.01,$0.18B,$0.09B,52.25%,$0.18B,$0.07B,38.76%,$0.18B,$0.07B,38.76%,$0.18B,$0.09B,47.75%,$0.18B,$0.07B,38.76%,$0.18B,$0.05B,28.65%,$0.05B,$0.23B,25.22%,$0.05B,$0.23B,25.22%,$0.05B,$0.25B,23.16%,$0.07B,$0.23B,33.82%,$51,$25,$26,$4,$2,$38,$13,$-0,$13,$3,$10,$10,$10,$18,$13,$35,35,$0.29,$0.29,$60,$3,$0,$100,$143,$0,$0,$1,$146,$245,$18,$3,$0,$3,$21,$0,$141,$14,$225,$245,$24,$8,$9,$17,$-14,$-0,$0,$1,$-12,$29,$-39,$-0,$0,$0,$0,$0,$0,$-39,$-0,$0,$-0,$-0,$-0,$0,$0,$-1,$-9,$3,$0
30,2011-03-31,6.19,$6.11,1.01,$4.98,1.24,$1.98,3.13,$1.65,3.75,$0.12B,$0.02B,6.1,$0.00B,$0.21B,0.02,$0.17B,$0.09B,51.72%,$0.17B,$0.08B,44.83%,$0.17B,$0.08B,44.83%,$0.17B,$0.09B,52.30%,$0.17B,$0.08B,44.83%,$0.17B,$0.06B,32.76%,$0.06B,$0.21B,30.60%,$0.06B,$0.21B,30.60%,$0.06B,$0.24B,27.87%,$0.08B,$0.22B,41.66%,$45,$21,$25,$0,$4,$25,$20,$0,$20,$6,$14,$14,$14,$24,$20,$35,36,$0.41,$0.40,$88,$2,$0,$118,$117,$0,$0,$1,$118,$235,$19,$4,$0,$4,$23,$0,$131,$11,$212,$235,$14,$3,$3,$7,$-6,$1,$0,$1,$1,$22,$-3,$-0,$0,$0,$0,$0,$0,$-3,$0,$0,$0,$0,$0,$0,$0,$0,$19,$3,$0
31,2010-12-31,10.69,$5.55,1.93,$4.56,2.34,$1.68,6.35,$1.48,7.22,$0.09B,$0.01B,6.68,$0.00B,$0.19B,0.0,$0.16B,$0.08B,49.06%,$0.16B,$0.07B,43.40%,$0.16B,$0.07B,43.40%,$0.16B,$0.08B,50.31%,$0.16B,$0.07B,43.40%,$0.16B,$0.05B,32.08%,$0.05B,$0.19B,30.13%,$0.05B,$0.19B,30.13%,$0.05B,$0.21B,27.64%,$0.07B,$0.19B,40.77%,$37,$18,$20,$1,$3,$21,$16,$0,$16,$4,$12,$12,$12,$20,$16,$35,35,$0.35,$0.35,$68,$3,$0,$94,$112,$0,$0,$1,$113,$207,$14,$0,$0,$0,$14,$0,$117,$9,$193,$207,$51,$11,$3,$14,$-6,$-2,$0,$-1,$-7,$58,$-39,$-0,$0,$0,$0,$0,$0,$-39,$0,$0,$0,$2,$2,$0,$0,$2,$23,$1,$0
32,2010-09-30,7.69,$5.17,1.49,$4.45,1.73,$1.19,6.47,$1.34,5.74,$0.09B,$0.02B,5.81,$0.00B,$0.18B,0.0,$0.15B,$0.07B,46.36%,$0.15B,$0.06B,41.72%,$0.15B,$0.06B,41.72%,$0.15B,$0.07B,47.68%,$0.15B,$0.06B,41.72%,$0.15B,$0.05B,30.46%,$0.05B,$0.18B,29.77%,$0.05B,$0.18B,29.77%,$0.05B,$0.19B,27.18%,$0.06B,$0.18B,40.78%,$45,$23,$22,$1,$1,$25,$20,$0,$20,$5,$15,$15,$15,$23,$20,$35,35,$0.43,$0.43,$73,$1,$0,$89,$105,$0,$0,$1,$105,$194,$15,$0,$0,$0,$15,$0,$105,$8,$179,$194,$39,$8,$1,$9,$2,$-1,$0,$-0,$4,$52,$-28,$-0,$0,$0,$0,$0,$0,$-28,$0,$-0,$-0,$2,$2,$0,$0,$2,$28,$1,$0
33,2010-06-30,8.59,$4.66,1.84,$4.06,2.12,$0.30,28.98,$1.18,7.28,$0.08B,$0.02B,3.93,$0.00B,$0.16B,0.0,$0.13B,$0.06B,44.78%,$0.13B,$0.05B,40.30%,$0.13B,$0.05B,40.30%,$0.13B,$0.06B,46.27%,$0.13B,$0.05B,40.30%,$0.13B,$0.04B,29.10%,$0.04B,$0.16B,28.73%,$0.04B,$0.16B,28.73%,$0.04B,$0.18B,26.00%,$0.05B,$0.16B,39.78%,$47,$23,$23,$1,$1,$25,$22,$0,$22,$6,$16,$16,$16,$24,$22,$35,35,$0.47,$0.47,$55,$1,$0,$82,$99,$0,$0,$1,$100,$182,$21,$0,$0,$0,$21,$0,$90,$5,$161,$182,$24,$5,$1,$6,$-10,$0,$0,$-1,$-2,$28,$-21,$-0,$0,$0,$0,$0,$0,$-21,$0,$0,$0,$2,$2,$0,$0,$2,$10,$1,$0
34,2010-03-31,11.61,$4.15,2.8,$3.68,3.16,$0.21,55.44,$0.99,11.73,$0.07B,$0.01B,5.96,$0.00B,$0.14B,0.0,$0.12B,$0.05B,42.74%,$0.12B,$0.04B,37.61%,$0.12B,$0.04B,37.61%,$0.12B,$0.05B,44.44%,$0.12B,$0.04B,37.61%,$0.12B,$0.03B,27.35%,$0.03B,$0.14B,27.12%,$0.03B,$0.14B,27.12%,$0.03B,$0.16B,24.06%,$0.04B,$0.14B,37.29%,$30,$16,$13,$0,$2,$19,$11,$0,$11,$3,$8,$8,$8,$13,$11,$35,35,$0.23,$0.23,$56,$1,$0,$71,$84,$0,$0,$1,$85,$155,$12,$0,$0,$0,$12,$0,$73,$4,$144,$155,$8,$2,$1,$4,$1,$0,$0,$0,$1,$12,$-4,$-0,$0,$0,$0,$0,$0,$-4,$0,$0,$0,$2,$2,$0,$0,$2,$10,$1,$0
35,2009-12-31,11.66,$3.89,3.0,$3.65,3.2,$-0.05,0.0,$1.00,11.66,$0.06B,$0.01B,5.29,$0.00B,$0.13B,0.0,$0.11B,$0.05B,42.34%,$0.11B,$0.04B,37.84%,$0.11B,$0.04B,37.84%,$0.11B,$0.05B,45.05%,$0.11B,$0.04B,37.84%,$0.11B,$0.03B,27.93%,$0.03B,$0.13B,30.32%,$0.03B,$0.13B,30.32%,$0.03B,$0.15B,26.11%,$0.04B,$0.13B,41.08%,$29,$17,$12,$0,$2,$20,$10,$0,$10,$3,$7,$7,$7,$12,$10,$31,31,$0.21,$0.21,$46,$1,$0,$64,$82,$0,$0,$1,$83,$146,$12,$0,$0,$0,$12,$0,$65,$4,$134,$146,$31,$7,$2,$10,$-3,$-0,$0,$1,$-0,$40,$-38,$-0,$0,$0,$0,$0,$0,$-38,$-6,$-3,$-8,$21,$21,$0,$0,$13,$15,$2,$0
36,2009-09-30,7.6,$3.29,2.31,$3.66,2.08,$0.20,38.33,$1.03,7.38,$0.04B,$0.01B,2.67,$0.00B,$0.10B,0.0,$0.11B,$0.05B,42.45%,$0.11B,$0.04B,37.74%,$0.11B,$0.04B,37.74%,$0.11B,$0.05B,45.28%,$0.11B,$0.04B,38.68%,$0.11B,$0.03B,28.30%,$0.03B,$0.10B,36.70%,$0.03B,$0.10B,36.70%,$0.03B,$0.12B,28.71%,$0.04B,$0.10B,46.24%,$28,$16,$12,$0,$1,$17,$11,$0,$11,$3,$8,$8,$8,$13,$11,$31,31,$0.27,$0.27,$19,$0,$0,$36,$81,$0,$0,$1,$82,$117,$13,$0,$0,$0,$13,$0,$59,$4,$104,$117,$24,$5,$0,$5,$-4,$-0,$0,$-0,$-1,$28,$-34,$0,$0,$0,$0,$0,$0,$-34,$-4,$-2,$-6,$0,$0,$0,$0,$-6,$-12,$0,$0
37,2009-06-30,2.32,$2.95,0.79,$3.46,0.67,$0.40,5.82,$0.92,2.52,$0.05B,$0.02B,2.17,$0.00B,$0.09B,0.0,$0.10B,$0.04B,40.63%,$0.10B,$0.03B,35.42%,$0.10B,$0.03B,35.42%,$0.10B,$0.04B,43.75%,$0.10B,$0.04B,36.46%,$0.10B,$0.03B,27.08%,$0.03B,$0.09B,38.66%,$0.03B,$0.09B,38.66%,$0.03B,$0.11B,27.15%,$0.03B,$0.09B,47.22%,$30,$16,$13,$0,$1,$18,$12,$0,$12,$3,$9,$9,$9,$14,$12,$31,31,$0.29,$0.29,$38,$0,$0,$51,$62,$0,$0,$1,$63,$114,$23,$0,$0,$0,$23,$0,$51,$4,$90,$114,$16,$3,$0,$3,$-0,$0,$0,$-0,$0,$19,$-16,$0,$0,$0,$0,$0,$-3,$-19,$0,$7,$7,$0,$0,$0,$0,$7,$7,$0,$0
38,2009-03-31,1.92,$2.66,0.72,$3.45,0.56,$-0.02,0.0,$0.70,2.74,$0.04B,$0.02B,2.49,$0.00B,$0.08B,0.0,$0.09B,$0.04B,40.00%,$0.09B,$0.03B,34.44%,$0.09B,$0.03B,34.44%,$0.09B,$0.04B,42.22%,$0.09B,$0.03B,35.56%,$0.09B,$0.02B,25.56%,$0.02B,$0.08B,41.63%,$0.02B,$0.08B,41.63%,$0.02B,$0.10B,26.82%,$0.03B,$0.08B,48.06%,$24,$14,$10,$0,$1,$15,$9,$-0,$9,$2,$7,$7,$7,$11,$9,$29,29,$0.23,$0.23,$30,$1,$0,$43,$55,$0,$0,$1,$55,$98,$17,$0,$0,$0,$17,$0,$42,$4,$81,$98,$7,$2,$0,$2,$-1,$-0,$0,$0,$1,$9,$-10,$0,$0,$0,$0,$0,$0,$-10,$0,$0,$0,$0,$0,$0,$0,$0,$-1,$0,$0
39,2008-12-31,1.2,$2.11,0.57,$3.51,0.34,$-0.10,0.0,$0.70,1.71,$0.04B,$0.02B,2.33,$0.02B,$0.05B,0.35,$0.09B,$0.04B,39.77%,$0.09B,$0.03B,34.09%,$0.09B,$0.03B,34.09%,$0.09B,$0.04B,42.05%,$0.09B,$0.03B,35.23%,$0.09B,$0.02B,25.00%,$0.02B,$0.05B,50.57%,$0.02B,$0.05B,50.57%,$0.02B,$0.09B,28.57%,$0.03B,$0.07B,51.72%,$24,$14,$10,$0,$1,$16,$8,$0,$9,$2,$6,$6,$6,$10,$8,$25,25,$0.27,$0.27,$31,$0,$0,$43,$45,$0,$0,$1,$46,$89,$19,$18,$0,$18,$37,$0,$35,$4,$52,$89,$22,$6,$-0,$6,$-7,$0,$0,$2,$-3,$25,$-17,$0,$0,$0,$0,$0,$0,$-17,$14,$-3,$11,$0,$0,$0,$0,$11,$20,$0,$0
40,2008-09-30,1.36,$1.83,0.74,$3.18,0.43,$-0.68,0.0,$0.46,2.96,$0.03B,$0.02B,1.95,$0.00B,$0.05B,0.0,$0.08B,$0.03B,39.24%,$0.08B,$0.03B,34.18%,$0.08B,$0.03B,34.18%,$0.08B,$0.03B,41.77%,$0.08B,$0.03B,34.18%,$0.08B,$0.02B,24.05%,$0.02B,$0.05B,51.35%,$0.02B,$0.05B,51.35%,$0.02B,$0.08B,28.68%,$0.03B,$0.05B,55.96%,$18,$11,$6,$0,$1,$12,$5,$0,$5,$1,$4,$4,$4,$7,$5,$25,25,$0.15,$0.15,$23,$2,$0,$34,$47,$0,$0,$1,$47,$82,$18,$0,$0,$0,$36,$0,$29,$4,$46,$82,$16,$4,$0,$4,$-4,$-2,$0,$-1,$-3,$18,$-17,$0,$0,$0,$0,$0,$0,$-17,$15,$-4,$11,$0,$0,$0,$0,$11,$12,$0,$0
41,2008-06-30,7.6,$1.67,4.56,$3.13,2.43,$-0.57,0.0,$0.30,25.33,$0.03B,$0.01B,1.85,$0.02B,$0.04B,0.44,$0.08B,$0.03B,41.56%,$0.08B,$0.03B,36.36%,$0.08B,$0.03B,36.36%,$0.08B,$0.03B,42.86%,$0.08B,$0.03B,36.36%,$0.08B,$0.02B,24.68%,$0.02B,$0.04B,60.80%,$0.02B,$0.04B,60.80%,$0.02B,$0.07B,35.19%,$0.03B,$0.06B,65.88%,$24,$14,$10,$0,$1,$15,$9,$0,$9,$2,$6,$6,$6,$10,$9,$25,25,$0.24,$0.24,$11,$2,$0,$26,$47,$0,$0,$1,$48,$74,$14,$18,$0,$18,$32,$0,$25,$4,$42,$74,$12,$3,$0,$3,$-8,$-1,$0,$-0,$-6,$9,$-17,$0,$0,$0,$0,$0,$-4,$-21,$6,$-1,$5,$0,$0,$0,$0,$7,$-4,$0,$0
42,2008-03-31,7.4,$1.37,5.4,$2.68,2.76,$-0.31,0.0,$0.24,30.83,$0.02B,$0.01B,2.75,$0.02B,$0.03B,0.61,$0.07B,$0.03B,41.54%,$0.07B,$0.02B,36.92%,$0.07B,$0.02B,36.92%,$0.07B,$0.03B,43.08%,$0.07B,$0.02B,36.92%,$0.07B,$0.02B,24.62%,$0.02B,$0.03B,62.75%,$0.02B,$0.03B,62.75%,$0.02B,$0.06B,37.87%,$0.02B,$0.06B,74.42%,$22,$13,$9,$0,$1,$14,$8,$-0,$8,$2,$6,$6,$6,$10,$8,$25,25,$0.24,$0.24,$13,$0,$0,$22,$40,$0,$0,$1,$41,$63,$8,$21,$0,$21,$29,$0,$19,$3,$34,$63,$6,$1,$0,$1,$-3,$-0,$0,$-0,$-0,$7,$-10,$0,$0,$0,$0,$0,$-2,$-12,$6,$-1,$5,$0,$0,$0,$0,$5,$0,$0,$0
43,2007-12-31,11.2,$1.06,10.54,$2.25,4.97,$-0.15,0.0,0,0.0,$0.02B,$0.01B,1.08,$0.01B,$0.03B,0.21,$0.05B,$0.02B,41.51%,$0.05B,$0.02B,37.74%,$0.05B,$0.02B,37.74%,$0.05B,$0.02B,41.51%,$0.05B,$0.02B,37.74%,$0.05B,$0.01B,24.53%,$0.01B,$0.03B,65.00%,$0.01B,$0.03B,65.00%,$0.01B,$0.05B,43.33%,$0.02B,$0.03B,93.02%,$15,$9,$6,$0,$1,$10,$5,$0,$5,$3,$3,$3,$3,$6,$5,$24,24,$0.11,$0.11,$11,$0,$0,$16,$30,$0,$0,$1,$31,$46,$14,$5,$0,$5,$20,$0,$13,$2,$26,$46,$12,$2,$0,$2,$-2,$0,$0,$2,$2,$16,$-23,$0,$0,$0,$0,$0,$0,$-23,$11,$15,$0,$0,$0,$-5,$1,$11,$5,$0,$-5
44,2007-09-30,5.8,$0.00,0.0,$1.62,3.59,$0.13,44.04,0,0.0,$0.02B,$0.01B,1.64,$0.00B,$0.02B,0.0,$0.04B,$0.02B,42.11%,$0.04B,$0.02B,39.47%,$0.04B,$0.02B,39.47%,$0.04B,$0.02B,42.11%,$0.04B,$0.02B,39.47%,$0.04B,$0.01B,26.32%,$0.01B,$0.02B,68.97%,$0.01B,$0.02B,68.97%,$0.01B,$0.03B,47.62%,$0.02B,$0.02B,103.45%,$16,$10,$7,$0,$1,$10,$6,$-0,$6,$2,$4,$4,$4,$7,$6,$25,25,$0.16,$0.16,$11,$0,$1,$17,$0,$0,$0,$1,$1,$33,$10,$0,$0,$0,$10,$0,$10,$0,$23,$33,$10,$1,$0,$1,$-2,$0,$0,$-0,$1,$12,$-9,$0,$0,$0,$0,$0,$0,$-9,$0,$1,$1,$0,$0,$-5,$6,$2,$6,$0,$-5
