,Date,Stock Price,Book Value per Share,Price to Book Ratio,TTM Sales per Share,Price to Sales Ratio,TTM FCF per Share,Price to FCF Ratio,TTM Net EPS,PE Ratio,Current Assets,Current Liabilities,Current Ratio,Long Term Debt,Shareholder's Equity_x,Debt to Equity Ratio,TTM Revenue_x,TTM Gross Profit,Gross Margin,TTM Revenue_y,TTM Operating Income,Operating Margin,TTM Revenue_x,TTM EBIT,EBIT Margin,TTM Revenue_y,TTM EBITDA,EBITDA Margin,TTM Revenue_x,TTM Pre-Tax Income,Pre-Tax Margin,TTM Revenue_y,TTM Net Income_x,Net Margin,TTM Net Income_y,Shareholder's Equity_y,Return on Equity,TTM Net Income_x,Tangible Equity,Return on Tangible Equity,TTM Net Income_y,Total Assets,Return on Assets,TTM Net Income,LT Investments & Debt,Return on Investment,revenue,cost-goods-sold,gross-profit,research-development-expenses,selling-general-administrative-expenses,operating-expenses,operating-income,total-non-operating-income-expense,pre-tax-income,total-provision-income-taxes,income-after-taxes,income-from-continuous-operations,net-income,ebitda,ebit,basic-shares-outstanding,shares-outstanding,eps-basic-net-earnings-per-share,eps-earnings-per-share-diluted,cash-on-hand,inventory,other-current-assets,total-current-assets,net-property-plant-equipment,long-term-investments,goodwill-intangible-assets-total,other-long-term-assets,total-long-term-assets,total-assets,total-current-liabilities,long-term-debt,other-non-current-liabilities,total-long-term-liabilities,total-liabilities,common-stock-net,retained-earnings-accumulated-deficit,comprehensive-income,total-share-holder-equity,total-liabilities-share-holders-equity,net-income-loss,total-depreciation-amortization-cash-flow,other-non-cash-items,total-non-cash-items,change-in-accounts-receivable,change-in-inventories,change-in-accounts-payable,change-in-assets-liabilities,total-change-in-assets-liabilities,cash-flow-from-operating-activities,net-change-in-property-plant-equipment,net-change-in-intangible-assets,net-acquisitions-divestitures,net-change-in-short-term-investments,net-change-in-long-term-investments,net-change-in-investments-total,investing-activities-other,cash-flow-from-investing-activities,net-long-term-debt,net-current-debt,debt-issuance-retirement-net-total,net-common-equity-issued-repurchased,net-total-equity-issued-repurchased,total-common-preferred-stock-dividends-paid,financial-activities-other,cash-flow-from-financial-activities,net-cash-flow,stock-based-compensation,common-stock-dividends-paid
0,2018-09-30,90.99,$63.81,1.43,$38.09,2.39,$9.91,9.19,$9.89,9.2,$0.62B,$0.47B,1.33,$2.30B,$3.78B,0.61,$2.35B,$1.72B,73.13%,$2.35B,$0.43B,18.38%,$2.35B,$0.43B,18.38%,$2.35B,$0.69B,29.51%,$2.35B,$0.32B,13.77%,$2.35B,$0.62B,26.27%,$0.62B,$3.78B,16.02%,$0.62B,$1.19B,52.43%,$0.62B,$7.90B,7.72%,$0.43B,$6.08B,6.98%,$603,$321,$283,$0,$0,$475,$128,$-24,$103,$31,$72,$72,$70,$193,$128,$59,60,$1.18,$1.16,$74,$53,$0,$622,$4613,$0,$2595,$70,$7282,$7904,$468,$2301,$163,$3654,$4121,$1,$2427,$-135,$3783,$7904,$197,$197,$19,$216,$-50,$3,$0,$-2,$-15,$397,$-190,$0,$8,$0,$0,$0,$17,$-166,$55,$0,$55,$-270,$-270,$-15,$-7,$-237,$-6,$13,$-15
1,2018-06-30,81.32,$62.93,1.29,$37.30,2.18,$9.75,8.34,$9.53,8.53,$0.61B,$0.44B,1.38,$2.36B,$3.78B,0.62,$2.32B,$1.69B,73.05%,$2.32B,$0.41B,17.81%,$2.32B,$0.41B,17.81%,$2.32B,$0.67B,29.02%,$2.32B,$0.30B,13.11%,$2.32B,$0.60B,25.70%,$0.60B,$3.78B,15.86%,$0.60B,$1.15B,56.99%,$0.60B,$7.92B,7.44%,$0.41B,$6.14B,6.77%,$595,$334,$261,$0,$0,$492,$103,$-28,$75,$26,$49,$49,$44,$169,$103,$60,61,$0.74,$0.73,$70,$54,$0,$611,$4614,$0,$2632,$60,$7310,$7920,$443,$2357,$166,$3695,$4138,$1,$2357,$-136,$3782,$7920,$125,$132,$-5,$127,$-47,$2,$0,$3,$-20,$231,$-131,$0,$8,$0,$0,$0,$12,$-111,$88,$0,$88,$-192,$-192,$-15,$-12,$-131,$-11,$9,$-15
2,2018-03-31,70.79,$63.35,1.12,$36.18,1.96,$10.28,6.89,$9.54,7.42,$0.65B,$0.46B,1.42,$2.34B,$3.92B,0.6,$2.26B,$1.68B,74.20%,$2.26B,$0.41B,18.11%,$2.26B,$0.41B,18.11%,$2.26B,$0.67B,29.37%,$2.26B,$0.31B,13.56%,$2.26B,$0.60B,26.41%,$0.60B,$3.92B,16.39%,$0.60B,$1.20B,65.88%,$0.60B,$8.07B,7.46%,$0.41B,$6.27B,6.84%,$575,$155,$420,$0,$184,$488,$87,$-27,$60,$-16,$76,$76,$75,$153,$87,$62,63,$1.21,$1.19,$121,$56,$0,$653,$4641,$0,$2725,$49,$7418,$8071,$461,$2342,$171,$3687,$4147,$1,$2313,$-98,$3923,$8071,$76,$66,$-21,$45,$-6,$3,$0,$-3,$-20,$101,$-57,$0,$0,$0,$0,$0,$8,$-49,$55,$0,$55,$-57,$-57,$0,$-8,$-11,$41,$4,$0
3,2017-12-31,78.73,$62.19,1.27,$35.37,2.23,$10.39,7.58,$8.77,8.98,$0.59B,$0.47B,1.26,$2.30B,$3.90B,0.59,$2.21B,$1.65B,74.91%,$2.21B,$0.40B,18.07%,$2.21B,$0.40B,18.07%,$2.21B,$0.65B,29.39%,$2.21B,$0.30B,13.41%,$2.21B,$0.55B,24.86%,$0.55B,$3.90B,15.77%,$0.55B,$1.16B,72.21%,$0.55B,$8.04B,6.93%,$0.40B,$6.20B,6.85%,$572,$-180,$751,$0,$493,$459,$113,$-28,$85,$-343,$428,$428,$427,$177,$113,$62,62,$6.92,$6.83,$80,$58,$0,$590,$4657,$0,$2733,$52,$7445,$8035,$468,$2303,$173,$3671,$4139,$1,$2235,$-106,$3896,$8035,$557,$250,$-297,$-47,$-13,$2,$0,$15,$-31,$479,$-223,$0,$-108,$0,$2,$2,$22,$-307,$-138,$0,$-138,$7,$7,$0,$0,$-131,$48,$18,$0
4,2017-09-30,74.01,$55.04,1.34,$35.08,2.11,$9.56,7.74,$2.11,35.08,$0.59B,$0.45B,1.3,$2.35B,$3.43B,0.69,$2.15B,$1.30B,60.52%,$2.15B,$0.34B,15.79%,$2.15B,$0.34B,15.79%,$2.15B,$0.58B,26.94%,$2.15B,$0.24B,11.15%,$2.15B,$0.13B,6.08%,$0.13B,$3.43B,3.97%,$0.13B,$0.67B,21.24%,$0.13B,$8.03B,1.67%,$0.34B,$5.79B,6.02%,$577,$315,$262,$0,$0,$467,$110,$-26,$84,$31,$53,$53,$50,$174,$110,$62,62,$0.82,$0.80,$80,$55,$0,$591,$4629,$0,$2763,$43,$7438,$8029,$454,$2354,$220,$4142,$4595,$1,$1808,$-131,$3434,$8029,$129,$187,$63,$250,$-18,$9,$0,$22,$-28,$350,$-145,$0,$-108,$0,$2,$2,$17,$-233,$-80,$0,$-80,$0,$0,$0,$5,$-75,$48,$13,$0
5,2017-06-30,68.39,$53.56,1.28,$34.46,1.98,$8.78,7.79,$2.29,29.86,$0.56B,$0.45B,1.26,$2.40B,$3.34B,0.72,$2.08B,$1.43B,68.80%,$2.08B,$0.32B,15.50%,$2.08B,$0.32B,15.50%,$2.08B,$0.55B,26.43%,$2.08B,$0.23B,11.17%,$2.08B,$0.14B,6.64%,$0.14B,$3.34B,4.44%,$0.14B,$0.60B,21.42%,$0.14B,$7.94B,1.85%,$0.32B,$5.74B,6.01%,$540,$293,$247,$0,$0,$441,$100,$-22,$78,$30,$48,$48,$46,$161,$100,$62,62,$0.75,$0.74,$84,$60,$0,$561,$4591,$0,$2741,$40,$7375,$7936,$445,$2398,$217,$4152,$4597,$1,$1758,$-159,$3339,$7936,$75,$122,$42,$165,$10,$2,$0,$20,$-16,$224,$-88,$0,$-103,$0,$2,$2,$13,$-176,$-2,$0,$-2,$0,$0,$0,$2,$-1,$51,$9,$0
6,2017-03-31,67.86,$52.26,1.3,$34.43,1.97,$7.46,9.1,$2.38,28.51,$0.49B,$0.45B,1.09,$2.31B,$3.25B,0.71,$2.04B,$1.57B,76.99%,$2.04B,$0.31B,15.16%,$2.04B,$0.31B,15.16%,$2.04B,$0.53B,25.81%,$2.04B,$0.23B,11.04%,$2.04B,$0.14B,6.87%,$0.14B,$3.25B,4.79%,$0.14B,$0.61B,20.85%,$0.14B,$7.71B,1.96%,$0.31B,$5.56B,6.08%,$519,$125,$394,$0,$167,$443,$76,$-27,$49,$22,$27,$27,$26,$137,$76,$61,62,$0.43,$0.42,$38,$47,$0,$488,$4531,$0,$2645,$43,$7222,$7711,$449,$2306,$210,$4008,$4457,$1,$1712,$-188,$3254,$7711,$27,$61,$17,$78,$7,$-2,$0,$5,$-20,$85,$-34,$0,$3,$0,$0,$0,$6,$-25,$-55,$0,$-55,$0,$0,$0,$-1,$-56,$6,$4,$0
7,2016-12-31,69.41,$51.31,1.35,$34.43,2.02,$7.03,9.88,$2.43,28.56,$0.49B,$0.48B,1.01,$2.31B,$3.19B,0.72,$2.00B,$1.55B,77.47%,$2.00B,$0.29B,14.49%,$2.00B,$0.29B,14.49%,$2.00B,$0.50B,24.73%,$2.00B,$0.22B,10.79%,$2.00B,$0.14B,7.04%,$0.14B,$3.19B,5.12%,$0.14B,$0.59B,20.84%,$0.14B,$7.64B,2.05%,$0.29B,$5.49B,5.96%,$517,$117,$400,$0,$158,$463,$54,$-25,$29,$20,$9,$9,$9,$108,$54,$57,58,$0.15,$0.14,$32,$44,$0,$485,$4503,$0,$2598,$46,$7150,$7635,$479,$2307,$198,$3969,$4448,$1,$1686,$-211,$3187,$7635,$141,$205,$84,$289,$-16,$1,$0,$13,$-23,$407,$-217,$0,$-969,$0,$0,$0,$51,$-1135,$-30,$0,$-30,$291,$291,$0,$459,$720,$-4,$18,$0
8,2016-09-30,68.95,$45.79,1.51,$34.46,2.0,$5.65,12.21,$3.75,18.39,$0.49B,$0.50B,0.98,$1.98B,$2.66B,0.74,$2.00B,$1.54B,77.20%,$2.00B,$0.33B,16.55%,$2.00B,$0.33B,16.55%,$2.00B,$0.53B,26.60%,$2.00B,$0.27B,13.25%,$2.00B,$0.22B,10.85%,$0.22B,$2.66B,8.39%,$0.22B,$0.78B,32.38%,$0.22B,$6.62B,3.26%,$0.33B,$4.64B,7.08%,$501,$113,$388,$0,$156,$409,$92,$-15,$76,$20,$57,$57,$57,$143,$92,$57,58,$0.99,$0.98,$26,$48,$0,$487,$4210,$0,$1879,$38,$6129,$6616,$496,$1978,$186,$3460,$3956,$1,$1677,$-164,$2660,$6616,$132,$151,$51,$202,$-11,$-3,$0,$12,$-31,$304,$-158,$0,$0,$0,$0,$0,$40,$-117,$-201,$0,$-201,$3,$3,$0,$0,$-198,$-10,$14,$0
9,2016-06-30,58.95,$44.66,1.32,$35.30,1.67,$4.37,13.49,$3.87,15.23,$0.49B,$0.56B,0.88,$2.04B,$2.59B,0.79,$2.05B,$1.57B,76.82%,$2.05B,$0.36B,17.46%,$2.05B,$0.36B,17.46%,$2.05B,$0.56B,27.14%,$2.05B,$0.29B,14.13%,$2.05B,$0.22B,10.90%,$0.22B,$2.59B,8.82%,$0.22B,$0.71B,39.24%,$0.22B,$6.62B,3.34%,$0.36B,$4.63B,7.62%,$501,$114,$387,$0,$156,$414,$87,$-17,$71,$22,$48,$48,$48,$138,$87,$57,58,$0.85,$0.83,$25,$46,$0,$487,$4209,$0,$1885,$37,$6133,$6620,$557,$2036,$150,$3472,$4028,$1,$1620,$-168,$2592,$6620,$75,$100,$38,$139,$-11,$-1,$0,$7,$-52,$162,$-112,$0,$0,$0,$0,$0,$34,$-78,$-96,$0,$-96,$1,$1,$0,$0,$-96,$-11,$10,$0
10,2016-03-31,62.7,$44.44,1.41,$36.16,1.73,$3.96,15.81,$3.96,15.83,$0.50B,$0.55B,0.92,$2.14B,$2.58B,0.83,$2.09B,$1.59B,76.22%,$2.09B,$0.37B,17.69%,$2.09B,$0.37B,17.69%,$2.09B,$0.57B,27.09%,$2.09B,$0.30B,14.38%,$2.09B,$0.23B,10.93%,$0.23B,$2.58B,9.16%,$0.23B,$0.63B,48.10%,$0.23B,$6.71B,3.39%,$0.37B,$4.72B,7.81%,$483,$107,$376,$0,$163,$426,$57,$-17,$40,$13,$27,$27,$27,$106,$57,$57,58,$0.47,$0.47,$39,$48,$0,$502,$4231,$0,$1946,$25,$6204,$6706,$547,$2142,$160,$3584,$4131,$1,$1572,$-130,$2575,$6706,$27,$49,$23,$72,$10,$-1,$0,$-3,$-29,$70,$-48,$0,$0,$0,$0,$0,$19,$-29,$-39,$0,$-39,$1,$1,$0,$0,$-39,$3,$5,$0
11,2015-12-31,53.69,$43.64,1.23,$34.78,1.54,$3.91,13.74,$3.91,13.73,$0.51B,$0.53B,0.96,$2.21B,$2.52B,0.88,$2.00B,$1.53B,76.45%,$2.00B,$0.39B,19.25%,$2.00B,$0.39B,19.25%,$2.00B,$0.57B,28.65%,$2.00B,$0.30B,15.05%,$2.00B,$0.23B,11.25%,$0.23B,$2.52B,9.26%,$0.23B,$0.56B,56.96%,$0.23B,$6.70B,3.34%,$0.39B,$4.73B,8.14%,$515,$121,$393,$0,$159,$420,$95,$-17,$78,$-7,$85,$85,$85,$145,$95,$57,58,$1.48,$1.45,$36,$46,$0,$507,$4215,$0,$1956,$23,$6196,$6703,$528,$2206,$175,$3656,$4184,$1,$1545,$-153,$2519,$6703,$225,$189,$72,$260,$29,$-4,$0,$7,$-8,$477,$-367,$0,$-740,$0,$0,$0,$33,$-1074,$586,$0,$586,$4,$4,$0,$-10,$580,$-24,$15,$0
12,2015-09-30,59.08,$44.89,1.32,$33.18,1.78,$4.95,11.93,$3.97,14.88,$0.53B,$0.48B,1.09,$2.25B,$2.43B,0.93,$1.90B,$1.10B,57.65%,$1.90B,$0.40B,21.20%,$1.90B,$0.40B,21.20%,$1.90B,$0.58B,30.62%,$1.90B,$0.33B,17.10%,$1.90B,$0.23B,11.94%,$0.23B,$2.43B,9.50%,$0.23B,$0.37B,42.08%,$0.23B,$6.72B,3.51%,$0.40B,$4.68B,8.90%,$546,$131,$415,$0,$159,$429,$118,$-17,$100,$37,$63,$63,$63,$166,$118,$57,58,$1.12,$1.10,$39,$44,$0,$527,$4086,$0,$2058,$43,$6190,$6717,$482,$2251,$178,$3803,$4286,$1,$1460,$-152,$2431,$6717,$140,$139,$72,$211,$53,$-2,$0,$14,$-7,$344,$-273,$0,$-736,$0,$0,$0,$22,$-986,$637,$0,$637,$2,$2,$0,$-8,$631,$-21,$10,$0
13,2015-06-30,76.18,$44.97,1.69,$31.32,2.43,$5.51,13.83,$4.14,18.4,$0.56B,$0.49B,1.14,$2.34B,$2.43B,0.96,$1.79B,$1.02B,57.16%,$1.79B,$0.41B,22.82%,$1.79B,$0.41B,22.82%,$1.79B,$0.58B,32.38%,$1.79B,$0.34B,18.74%,$1.79B,$0.24B,13.26%,$0.24B,$2.43B,10.06%,$0.24B,$0.33B,33.10%,$0.24B,$6.81B,3.83%,$0.41B,$4.77B,9.42%,$542,$136,$406,$0,$165,$443,$99,$-17,$82,$29,$53,$53,$53,$148,$99,$56,57,$0.94,$0.92,$30,$45,$0,$557,$4104,$0,$2102,$41,$6250,$6806,$487,$2342,$177,$3888,$4374,$1,$1396,$-82,$2432,$6806,$77,$90,$46,$137,$36,$-1,$0,$10,$-29,$185,$-158,$0,$-727,$0,$0,$0,$5,$-880,$671,$0,$671,$1,$1,$0,$-5,$668,$-29,$7,$0
14,2015-03-31,96.44,$43.20,2.23,$29.11,3.31,$5.55,17.38,$4.29,22.48,$0.68B,$0.51B,1.33,$2.41B,$2.33B,1.03,$1.66B,$0.83B,50.15%,$1.66B,$0.42B,25.23%,$1.66B,$0.42B,25.23%,$1.66B,$0.58B,34.86%,$1.66B,$0.35B,20.83%,$1.66B,$0.25B,14.75%,$0.25B,$2.33B,10.58%,$0.25B,$0.31B,27.48%,$0.25B,$6.76B,4.16%,$0.42B,$4.74B,10.12%,$397,$82,$315,$0,$132,$324,$73,$-32,$41,$17,$24,$24,$24,$114,$73,$56,57,$0.43,$0.42,$112,$43,$0,$678,$4015,$0,$2020,$43,$6080,$6758,$508,$2410,$132,$3916,$4424,$1,$1344,$-125,$2334,$6758,$24,$42,$32,$73,$21,$1,$0,$-2,$-13,$84,$-65,$0,$-724,$0,$0,$0,$-1,$-790,$767,$0,$767,$-0,$-0,$0,$-5,$762,$53,$4,$0
15,2014-12-31,89.92,$43.70,2.06,$28.77,3.13,$5.25,17.14,$4.57,19.68,$0.55B,$0.46B,1.18,$1.55B,$2.36B,0.66,$1.64B,$0.80B,48.72%,$1.64B,$0.42B,25.67%,$1.64B,$0.42B,25.67%,$1.64B,$0.58B,35.24%,$1.64B,$0.37B,22.44%,$1.64B,$0.26B,15.91%,$0.26B,$2.36B,11.44%,$0.26B,$1.14B,24.79%,$0.26B,$5.60B,4.73%,$0.42B,$3.91B,10.87%,$416,$456,$-40,$0,$0,$302,$113,$-11,$102,$15,$88,$88,$87,$154,$113,$55,57,$1.57,$1.54,$60,$30,$0,$548,$3788,$0,$1216,$40,$5047,$5596,$464,$1548,$37,$2774,$3238,$1,$1320,$-72,$2358,$5596,$261,$157,$77,$234,$-39,$3,$0,$18,$-4,$491,$-324,$0,$-221,$0,$0,$0,$36,$-510,$5,$0,$5,$8,$8,$0,$2,$15,$-3,$13,$0
16,2014-09-30,95.31,$42.77,2.23,$28.39,3.36,$5.33,17.88,$4.07,23.42,$0.51B,$0.43B,1.19,$1.60B,$2.30B,0.7,$1.62B,$1.36B,84.28%,$1.62B,$0.40B,24.94%,$1.62B,$0.40B,24.94%,$1.62B,$0.56B,34.34%,$1.62B,$0.35B,21.47%,$1.62B,$0.23B,14.36%,$0.23B,$2.30B,10.41%,$0.23B,$1.08B,23.35%,$0.23B,$5.57B,4.26%,$0.40B,$3.91B,10.55%,$433,$91,$341,$0,$121,$309,$123,$-14,$110,$37,$73,$73,$73,$163,$123,$56,57,$1.31,$1.27,$19,$34,$0,$509,$3775,$0,$1225,$53,$5056,$5566,$427,$1601,$41,$2835,$3261,$1,$1232,$-32,$2304,$5566,$173,$116,$63,$179,$-32,$-1,$0,$10,$11,$369,$-267,$0,$-221,$0,$0,$0,$48,$-440,$20,$0,$20,$6,$6,$0,$2,$27,$-44,$9,$0
17,2014-06-30,105.0,$42.17,2.49,$27.88,3.77,$5.52,19.02,$3.96,26.52,$0.54B,$0.40B,1.32,$1.73B,$2.27B,0.76,$1.58B,$1.33B,83.71%,$1.58B,$0.38B,24.12%,$1.58B,$0.38B,24.12%,$1.58B,$0.53B,33.52%,$1.58B,$0.33B,20.52%,$1.58B,$0.23B,14.20%,$0.23B,$2.27B,10.33%,$0.23B,$1.03B,24.04%,$0.23B,$5.61B,4.19%,$0.38B,$4.00B,10.15%,$415,$197,$217,$0,$0,$304,$110,$-17,$93,$33,$61,$61,$61,$148,$110,$55,57,$1.10,$1.07,$33,$36,$0,$535,$3778,$0,$1236,$58,$5076,$5610,$404,$1732,$41,$2939,$3343,$1,$1160,$11,$2268,$5610,$101,$76,$36,$112,$-27,$-1,$0,$9,$-13,$200,$-172,$0,$-221,$0,$0,$0,$29,$-363,$130,$0,$130,$3,$3,$0,$0,$134,$-30,$6,$0
18,2014-03-31,97.32,$40.86,2.38,$27.67,3.52,$5.79,16.81,$4.03,24.15,$0.52B,$0.43B,1.21,$1.49B,$2.19B,0.68,$1.57B,$1.31B,83.57%,$1.57B,$0.38B,24.14%,$1.57B,$0.38B,24.14%,$1.57B,$0.53B,33.44%,$1.57B,$0.32B,20.51%,$1.57B,$0.23B,14.59%,$0.23B,$2.19B,10.81%,$0.23B,$0.96B,26.58%,$0.23B,$5.29B,4.34%,$0.38B,$3.68B,10.30%,$376,$96,$281,$0,$117,$301,$75,$-12,$63,$23,$40,$40,$40,$113,$75,$55,57,$0.73,$0.70,$32,$32,$0,$515,$3462,$0,$1236,$71,$4772,$5287,$426,$1485,$43,$2667,$3093,$1,$1099,$3,$2194,$5287,$40,$38,$15,$53,$-9,$0,$0,$3,$-21,$72,$-70,$0,$0,$0,$0,$0,$13,$-57,$-50,$0,$-50,$1,$1,$0,$4,$-45,$-31,$3,$0
19,2013-12-31,96.05,$40.14,2.39,$27.69,3.47,$6.27,15.31,$4.79,20.05,$0.55B,$0.46B,1.2,$1.54B,$2.15B,0.72,$1.57B,$1.18B,75.33%,$1.57B,$0.38B,24.22%,$1.57B,$0.38B,24.22%,$1.57B,$0.52B,33.27%,$1.57B,$0.32B,20.20%,$1.57B,$0.27B,17.14%,$0.27B,$2.15B,13.01%,$0.27B,$0.91B,33.85%,$0.27B,$5.32B,5.12%,$0.38B,$3.69B,10.31%,$392,$-131,$523,$0,$329,$297,$95,$-14,$81,$24,$57,$57,$58,$131,$95,$54,57,$1.04,$1.03,$63,$31,$0,$548,$3441,$0,$1244,$84,$4771,$5320,$457,$1540,$44,$2714,$3171,$1,$1059,$6,$2149,$5320,$271,$142,$16,$157,$-48,$-2,$0,$7,$-26,$414,$-243,$0,$0,$0,$0,$0,$34,$-209,$-209,$0,$-209,$1,$1,$-2,$4,$-206,$-2,$17,$0
20,2013-09-30,92.97,$39.34,2.36,$25.21,3.69,$2.37,39.27,$3.94,23.6,$0.51B,$0.42B,1.23,$1.59B,$2.10B,0.75,$1.40B,$0.56B,39.67%,$1.40B,$0.32B,22.72%,$1.40B,$0.32B,22.72%,$1.40B,$0.44B,31.55%,$1.40B,$0.23B,16.67%,$1.40B,$0.22B,15.67%,$0.22B,$2.10B,10.97%,$0.22B,$0.85B,30.67%,$0.22B,$5.27B,4.21%,$0.32B,$3.69B,8.67%,$401,$97,$305,$0,$111,$300,$102,$-13,$88,$22,$66,$66,$66,$139,$102,$55,57,$1.20,$1.16,$32,$31,$0,$512,$3425,$0,$1256,$77,$4761,$5273,$418,$1586,$57,$2751,$3169,$1,$1001,$23,$2104,$5273,$214,$106,$14,$119,$-43,$-1,$0,$-3,$-55,$279,$-166,$0,$0,$0,$0,$0,$24,$-143,$-173,$0,$-173,$0,$0,$-2,$6,$-169,$-33,$14,$0
21,2013-06-30,84.84,$38.00,2.23,$23.48,3.61,$0.69,122.37,$2.31,36.73,$0.48B,$0.41B,1.17,$1.64B,$2.03B,0.81,$1.23B,$0.42B,34.09%,$1.23B,$0.27B,22.02%,$1.23B,$0.27B,22.02%,$1.23B,$0.38B,30.67%,$1.23B,$0.14B,11.58%,$1.23B,$0.13B,10.93%,$0.13B,$2.03B,7.27%,$0.13B,$0.74B,17.35%,$0.13B,$5.21B,2.89%,$0.27B,$3.67B,8.25%,$401,$198,$203,$0,$0,$293,$107,$-17,$90,$25,$65,$65,$65,$142,$107,$54,57,$1.19,$1.14,$19,$32,$0,$476,$3360,$0,$1292,$79,$4734,$5210,$407,$1641,$50,$2776,$3183,$1,$935,$11,$2027,$5210,$148,$68,$-6,$62,$-45,$-2,$0,$3,$-57,$153,$-109,$0,$0,$0,$0,$0,$6,$-103,$-99,$0,$-99,$1,$1,$-2,$4,$-96,$-46,$11,$0
22,2013-03-31,93.11,$37.38,2.49,$21.45,4.34,$-0.25,0.0,$2.01,46.32,$0.43B,$0.40B,1.08,$1.71B,$1.99B,0.86,$1.04B,$0.38B,36.56%,$1.04B,$0.23B,21.59%,$1.04B,$0.23B,21.59%,$1.04B,$0.32B,30.23%,$1.04B,$0.11B,10.27%,$1.04B,$0.11B,10.08%,$0.11B,$1.99B,6.58%,$0.11B,$0.69B,13.98%,$0.11B,$5.19B,2.67%,$0.23B,$3.70B,8.17%,$375,$223,$151,$0,$0,$299,$76,$-18,$58,$-25,$83,$83,$80,$110,$76,$51,56,$1.57,$1.46,$29,$36,$0,$428,$3400,$0,$1300,$63,$4765,$5193,$397,$1706,$46,$2806,$3203,$1,$870,$46,$1990,$5193,$83,$34,$-23,$11,$-9,$-3,$0,$-2,$-29,$65,$-36,$0,$0,$0,$0,$0,$3,$-33,$-66,$0,$-66,$-1,$-1,$-2,$3,$-67,$-35,$8,$0
23,2012-12-31,76.08,$40.35,1.89,$19.63,3.88,$-1.25,0.0,$1.07,71.1,$0.47B,$0.42B,1.12,$1.77B,$1.50B,1.18,$0.87B,$0.39B,44.16%,$0.87B,$0.19B,21.74%,$0.87B,$0.19B,21.74%,$0.87B,$0.26B,30.21%,$0.87B,$0.08B,9.61%,$0.87B,$0.05B,5.38%,$0.05B,$1.90B,3.49%,$0.05B,$0.60B,6.44%,$0.05B,$5.23B,1.46%,$0.19B,$3.67B,8.54%,$227,$329,$-102,$0,$0,$194,$34,$-35,$-2,$0,$-2,$13,$9,$52,$34,$43,51,$0.15,$0.13,$65,$32,$0,$465,$3396,$0,$1305,$57,$4761,$5226,$417,$1771,$48,$2909,$3326,$1,$790,$47,$1900,$5226,$52,$73,$76,$149,$-6,$-1,$0,$6,$-31,$171,$-216,$0,$-1925,$0,$0,$0,$40,$-2102,$1180,$0,$1180,$472,$822,$-4,$-34,$1963,$38,$12,$0
24,2012-09-30,66.86,$31.15,2.15,$20.12,3.32,$-0.26,0.0,$1.66,40.28,$0.74B,$0.26B,2.82,$0.59B,$1.45B,0.41,$0.86B,$0.45B,52.28%,$0.86B,$0.20B,23.45%,$0.86B,$0.20B,23.45%,$0.86B,$0.28B,32.09%,$0.86B,$0.13B,14.70%,$0.86B,$0.07B,8.28%,$0.07B,$1.45B,6.38%,$0.07B,$1.07B,9.81%,$0.07B,$2.92B,2.86%,$0.20B,$2.05B,11.90%,$223,$56,$166,$0,$64,$170,$53,$-57,$-4,$15,$-20,$-20,$-20,$72,$53,$42,42,$-0.47,$-0.47,$516,$16,$0,$741,$1769,$0,$386,$22,$2180,$2921,$263,$594,$72,$1204,$1467,$1,$781,$46,$1454,$2921,$39,$55,$67,$122,$-2,$-1,$0,$0,$-13,$170,$-157,$0,$-1,$0,$0,$0,$25,$-132,$-19,$0,$-19,$468,$468,$0,$3,$451,$489,$6,$0
25,2012-06-30,52.84,$24.21,2.18,$19.84,2.66,$-0.02,0.0,$2.90,18.22,$0.26B,$0.25B,1.06,$0.56B,$1.04B,0.54,$0.85B,$0.38B,45.01%,$0.85B,$0.20B,23.97%,$0.85B,$0.20B,23.97%,$0.85B,$0.28B,32.43%,$0.85B,$0.18B,20.56%,$0.85B,$0.12B,14.57%,$0.12B,$1.04B,12.71%,$0.12B,$0.65B,21.20%,$0.12B,$2.38B,5.39%,$0.20B,$1.60B,13.28%,$217,$51,$166,$0,$61,$155,$62,$-8,$55,$18,$36,$36,$36,$81,$62,$41,43,$0.90,$0.84,$50,$16,$0,$262,$1713,$0,$387,$18,$2120,$2382,$247,$564,$18,$1098,$1345,$1,$800,$39,$1037,$2382,$59,$36,$10,$46,$4,$-2,$0,$-2,$-35,$91,$-98,$0,$-1,$0,$0,$0,$18,$-81,$2,$0,$2,$9,$9,$0,$3,$13,$23,$4,$0
26,2012-03-31,54.58,$23.39,2.33,$19.71,2.77,$-0.01,0.0,$2.79,19.56,$0.24B,$0.24B,1.02,$0.58B,$1.00B,0.58,$0.84B,$0.37B,44.31%,$0.84B,$0.19B,22.87%,$0.84B,$0.19B,22.87%,$0.84B,$0.26B,31.04%,$0.84B,$0.16B,19.31%,$0.84B,$0.12B,14.10%,$0.12B,$1.00B,12.63%,$0.12B,$0.61B,21.68%,$0.12B,$2.33B,5.31%,$0.19B,$1.58B,13.06%,$207,$51,$156,$0,$66,$166,$41,$-7,$35,$12,$22,$22,$22,$59,$41,$40,43,$0.55,$0.52,$29,$16,$0,$243,$1680,$0,$390,$18,$2090,$2333,$239,$578,$20,$1096,$1336,$1,$764,$44,$998,$2333,$22,$18,$9,$27,$-3,$-1,$0,$-3,$-34,$28,$-49,$0,$-1,$0,$0,$0,$8,$-41,$8,$0,$8,$4,$4,$0,$2,$14,$1,$2,$0
27,2011-12-31,60.58,$22.63,2.68,$19.40,3.12,$0.31,198.62,$2.79,21.71,$0.24B,$0.26B,0.92,$0.57B,$0.96B,0.59,$0.83B,$0.36B,43.43%,$0.83B,$0.19B,23.04%,$0.83B,$0.19B,23.04%,$0.83B,$0.26B,31.12%,$0.83B,$0.16B,19.18%,$0.83B,$0.12B,14.35%,$0.12B,$0.96B,13.14%,$0.12B,$0.57B,23.31%,$0.12B,$2.29B,5.46%,$0.19B,$1.53B,13.49%,$210,$251,$-40,$0,$0,$165,$45,$-6,$40,$6,$33,$33,$33,$63,$45,$40,43,$0.83,$0.77,$27,$14,$0,$240,$1644,$0,$391,$17,$2054,$2294,$261,$569,$19,$1072,$1334,$1,$742,$38,$961,$2294,$119,$66,$24,$91,$-12,$-1,$0,$2,$-37,$173,$-169,$0,$-90,$0,$1,$1,$23,$-235,$48,$0,$48,$16,$16,$0,$-2,$62,$-0,$8,$0
28,2011-09-30,46.52,$21.39,2.17,$18.54,2.51,$1.71,27.28,$2.49,18.68,$0.21B,$0.26B,0.82,$0.53B,$0.91B,0.59,$0.79B,$0.32B,39.92%,$0.79B,$0.17B,21.55%,$0.79B,$0.17B,21.55%,$0.79B,$0.23B,29.53%,$0.79B,$0.14B,17.11%,$0.79B,$0.11B,13.43%,$0.11B,$0.91B,12.19%,$0.11B,$0.51B,22.42%,$0.11B,$2.19B,5.00%,$0.17B,$1.44B,12.54%,$217,$116,$101,$0,$0,$161,$56,$-11,$45,$12,$33,$33,$33,$73,$56,$40,43,$0.82,$0.77,$16,$13,$0,$212,$1562,$0,$394,$19,$1976,$2188,$259,$533,$20,$1024,$1283,$1,$708,$23,$905,$2188,$86,$49,$19,$68,$-14,$-1,$0,$0,$-28,$126,$-102,$0,$-90,$0,$1,$1,$19,$-172,$27,$0,$27,$12,$12,$0,$-3,$36,$-12,$6,$0
29,2011-06-30,58.64,$21.38,2.74,$17.20,3.41,$2.94,19.93,$2.31,25.39,$0.23B,$0.29B,0.8,$0.46B,$0.90B,0.51,$0.73B,$0.34B,46.15%,$0.73B,$0.15B,21.02%,$0.73B,$0.15B,21.02%,$0.73B,$0.21B,28.98%,$0.73B,$0.12B,17.03%,$0.73B,$0.10B,13.46%,$0.10B,$0.90B,11.73%,$0.10B,$0.51B,22.43%,$0.10B,$2.15B,4.83%,$0.15B,$1.37B,11.87%,$210,$53,$157,$0,$59,$158,$51,$-9,$43,$11,$31,$31,$31,$67,$51,$40,43,$0.78,$0.73,$26,$16,$0,$229,$1503,$0,$398,$13,$1917,$2146,$287,$462,$28,$955,$1242,$1,$675,$57,$904,$2146,$53,$32,$9,$41,$-18,$-2,$0,$1,$-42,$52,$-59,$0,$-0,$0,$1,$1,$12,$-46,$-21,$0,$-21,$11,$11,$0,$2,$-8,$-1,$4,$0
30,2011-03-31,58.2,$20.31,2.87,$16.09,3.62,$4.27,13.64,$2.07,28.12,$0.22B,$0.28B,0.78,$0.48B,$0.85B,0.56,$0.68B,$0.30B,44.53%,$0.68B,$0.14B,20.71%,$0.68B,$0.14B,20.71%,$0.68B,$0.19B,28.70%,$0.68B,$0.11B,16.86%,$0.68B,$0.09B,13.02%,$0.09B,$0.85B,11.14%,$0.09B,$0.45B,22.51%,$0.09B,$2.08B,4.57%,$0.14B,$1.33B,11.38%,$192,$50,$142,$0,$58,$153,$39,$-9,$31,$8,$22,$22,$22,$55,$39,$39,43,$0.56,$0.52,$27,$14,$0,$220,$1448,$0,$398,$13,$1862,$2082,$283,$476,$22,$947,$1230,$1,$644,$47,$852,$2082,$22,$16,$4,$19,$-14,$-1,$0,$0,$-34,$7,$-15,$0,$-0,$0,$0,$0,$8,$-8,$-3,$0,$-3,$3,$3,$0,$1,$1,$-0,$2,$0
31,2010-12-31,52.95,$19.53,2.71,$15.10,3.51,$4.92,10.75,$1.94,27.29,$0.21B,$0.31B,0.69,$0.48B,$0.82B,0.58,$0.63B,$0.27B,42.86%,$0.63B,$0.13B,20.79%,$0.63B,$0.13B,20.79%,$0.63B,$0.18B,28.89%,$0.63B,$0.11B,17.30%,$0.63B,$0.08B,13.02%,$0.08B,$0.82B,10.86%,$0.08B,$0.42B,23.11%,$0.08B,$2.07B,4.47%,$0.13B,$1.29B,11.10%,$170,$254,$-85,$0,$0,$146,$24,$-8,$16,$-4,$20,$20,$20,$38,$24,$39,42,$0.51,$0.47,$27,$13,$0,$209,$1444,$0,$398,$14,$1859,$2068,$305,$475,$24,$945,$1250,$1,$622,$40,$817,$2068,$81,$51,$22,$73,$-18,$-0,$0,$1,$19,$173,$-110,$0,$-320,$0,$0,$0,$43,$-387,$123,$0,$123,$17,$17,$0,$-1,$140,$-78,$7,$0
32,2010-09-30,43.39,$18.54,2.34,$14.43,3.01,$4.53,9.58,$1.91,22.72,$0.35B,$0.20B,1.79,$0.40B,$0.77B,0.52,$0.60B,$0.46B,77.33%,$0.60B,$0.13B,22.33%,$0.60B,$0.13B,22.33%,$0.60B,$0.18B,30.67%,$0.60B,$0.12B,19.17%,$0.60B,$0.08B,13.33%,$0.08B,$0.77B,11.07%,$0.08B,$0.37B,24.94%,$0.08B,$1.82B,4.59%,$0.13B,$1.17B,11.81%,$156,$34,$122,$0,$51,$118,$39,$-4,$34,$12,$22,$22,$25,$51,$39,$39,42,$0.64,$0.59,$197,$10,$0,$351,$1052,$0,$400,$13,$1467,$1819,$196,$402,$27,$854,$1050,$1,$602,$25,$769,$1819,$61,$37,$17,$55,$-6,$-0,$0,$-3,$12,$128,$-54,$0,$0,$0,$0,$0,$27,$-26,$-20,$0,$-20,$6,$6,$0,$-1,$-15,$91,$5,$0
33,2010-06-30,37.31,$17.42,2.14,$14.01,2.66,$3.58,10.42,$1.85,20.17,$0.30B,$0.18B,1.71,$0.41B,$0.72B,0.57,$0.58B,$0.45B,77.76%,$0.58B,$0.13B,21.72%,$0.58B,$0.13B,21.72%,$0.58B,$0.18B,30.34%,$0.58B,$0.11B,18.45%,$0.58B,$0.08B,13.28%,$0.08B,$0.72B,11.05%,$0.08B,$0.32B,26.30%,$0.08B,$1.73B,4.51%,$0.13B,$1.13B,11.30%,$158,$37,$122,$0,$51,$121,$38,$-5,$33,$12,$21,$21,$21,$50,$38,$39,42,$0.53,$0.49,$159,$9,$0,$300,$1015,$0,$399,$12,$1429,$1730,$176,$408,$25,$833,$1009,$1,$578,$6,$721,$1730,$37,$25,$13,$38,$-6,$-0,$0,$-3,$-1,$74,$-25,$0,$0,$0,$0,$0,$18,$-7,$-14,$0,$-14,$4,$4,$0,$-1,$-10,$54,$4,$0
34,2010-03-31,34.12,$17.27,1.98,$13.74,2.48,$2.75,12.43,$1.56,21.87,$0.28B,$0.17B,1.63,$0.42B,$0.71B,0.58,$0.55B,$0.43B,78.44%,$0.55B,$0.10B,18.66%,$0.55B,$0.10B,18.66%,$0.55B,$0.15B,27.72%,$0.55B,$0.08B,15.04%,$0.55B,$0.06B,11.41%,$0.06B,$0.71B,9.34%,$0.06B,$0.31B,23.08%,$0.06B,$1.72B,3.75%,$0.10B,$1.13B,9.37%,$146,$35,$111,$0,$50,$115,$30,$-4,$26,$10,$16,$16,$16,$43,$30,$39,41,$0.41,$0.39,$133,$9,$0,$281,$1023,$0,$403,$11,$1440,$1721,$172,$416,$25,$837,$1009,$1,$557,$21,$712,$1721,$16,$12,$5,$18,$-6,$0,$0,$-1,$-0,$34,$-14,$0,$0,$0,$0,$0,$10,$-3,$-7,$0,$-7,$3,$3,$0,$1,$-4,$28,$2,$0
35,2009-12-31,32.64,$16.79,1.94,$14.03,2.33,$2.48,13.15,$1.55,21.06,$0.25B,$0.18B,1.44,$0.42B,$0.69B,0.61,$0.54B,$0.43B,79.60%,$0.54B,$0.10B,18.20%,$0.54B,$0.10B,18.20%,$0.54B,$0.15B,27.21%,$0.54B,$0.08B,13.97%,$0.54B,$0.06B,11.21%,$0.06B,$0.69B,9.83%,$0.06B,$0.28B,27.02%,$0.06B,$1.70B,3.72%,$0.10B,$1.11B,9.23%,$140,$31,$109,$0,$47,$112,$27,$-6,$22,$4,$18,$18,$18,$40,$27,$38,41,$0.48,$0.44,$106,$9,$0,$253,$1024,$0,$406,$11,$1444,$1697,$176,$422,$20,$832,$1008,$1,$541,$19,$689,$1697,$61,$48,$11,$59,$16,$-0,$0,$-1,$4,$126,$-81,$0,$-6,$0,$4,$4,$30,$-52,$-116,$0,$-116,$112,$112,$0,$-3,$-7,$74,$6,$0
36,2009-09-30,30.32,$16.23,1.87,$14.74,2.06,$2.35,12.88,$1.81,16.75,$0.25B,$0.19B,1.33,$0.43B,$0.67B,0.64,$0.55B,$0.44B,79.20%,$0.55B,$0.10B,18.44%,$0.55B,$0.10B,18.44%,$0.55B,$0.15B,27.12%,$0.55B,$0.08B,13.74%,$0.55B,$0.07B,12.30%,$0.07B,$0.67B,11.98%,$0.07B,$0.26B,37.52%,$0.07B,$1.68B,4.22%,$0.10B,$1.09B,9.73%,$136,$28,$109,$0,$46,$105,$31,$-5,$26,$6,$20,$20,$22,$43,$31,$38,41,$0.56,$0.53,$96,$8,$0,$246,$1005,$2,$408,$17,$1434,$1680,$185,$428,$24,$829,$1014,$1,$523,$16,$665,$1680,$43,$35,$6,$41,$9,$1,$0,$1,$4,$88,$-54,$0,$-6,$0,$4,$4,$22,$-33,$-109,$0,$-109,$112,$112,$0,$1,$3,$64,$4,$0
37,2009-06-30,26.51,$15.46,1.71,$15.79,1.68,$2.50,10.6,$1.86,14.25,$0.21B,$0.17B,1.25,$0.43B,$0.63B,0.68,$0.58B,$0.40B,68.75%,$0.58B,$0.11B,18.40%,$0.58B,$0.11B,18.40%,$0.58B,$0.15B,26.39%,$0.58B,$0.08B,14.06%,$0.58B,$0.07B,11.63%,$0.07B,$0.63B,12.86%,$0.07B,$0.24B,38.62%,$0.07B,$1.62B,4.44%,$0.11B,$1.07B,10.89%,$130,$26,$104,$0,$48,$115,$15,$-6,$9,$1,$8,$8,$7,$27,$15,$34,37,$0.22,$0.20,$62,$8,$0,$206,$994,$5,$389,$16,$1408,$1615,$165,$433,$22,$816,$982,$1,$501,$3,$633,$1615,$21,$23,$6,$29,$10,$0,$0,$1,$-6,$44,$-32,$0,$-6,$0,$0,$0,$12,$-26,$-102,$0,$-102,$111,$111,$0,$1,$10,$31,$3,$0
38,2009-03-31,21.25,$13.68,1.55,$16.46,1.29,$2.18,9.74,$2.08,10.22,$0.18B,$0.17B,1.05,$0.53B,$0.49B,1.07,$0.60B,$0.35B,58.43%,$0.60B,$0.12B,20.20%,$0.60B,$0.12B,20.20%,$0.60B,$0.16B,27.38%,$0.60B,$0.10B,16.53%,$0.60B,$0.08B,12.52%,$0.08B,$0.49B,15.58%,$0.08B,$0.12B,43.23%,$0.08B,$1.57B,5.30%,$0.12B,$1.02B,13.31%,$138,$27,$111,$0,$50,$112,$26,$-7,$19,$5,$14,$14,$14,$38,$26,$33,36,$0.42,$0.38,$31,$7,$0,$179,$996,$5,$374,$17,$1391,$1570,$171,$526,$27,$906,$1077,$0,$494,$-16,$494,$1570,$14,$12,$3,$15,$5,$0,$0,$0,$-4,$25,$-17,$0,$-6,$0,$0,$0,$4,$-19,$-8,$0,$-8,$1,$1,$0,$0,$-7,$-1,$2,$0
39,2008-12-31,30.5,$13.31,2.29,$16.56,1.84,$1.78,17.13,$1.99,15.33,$0.19B,$0.19B,1.02,$0.54B,$0.48B,1.12,$0.60B,$0.29B,48.50%,$0.60B,$0.12B,19.27%,$0.60B,$0.12B,19.27%,$0.60B,$0.16B,26.08%,$0.60B,$0.10B,16.28%,$0.60B,$0.07B,11.79%,$0.07B,$0.48B,15.12%,$0.07B,$0.11B,32.79%,$0.07B,$1.59B,5.51%,$0.12B,$1.02B,13.97%,$149,$35,$114,$0,$50,$119,$30,$-8,$22,$-3,$25,$25,$25,$42,$30,$32,36,$0.78,$0.70,$32,$8,$0,$192,$999,$0,$374,$22,$1395,$1587,$189,$535,$35,$918,$1108,$0,$480,$-14,$479,$1587,$72,$41,$5,$46,$12,$-1,$0,$15,$7,$125,$-90,$0,$-345,$0,$0,$0,$22,$-413,$275,$0,$275,$7,$7,$0,$-3,$279,$-15,$6,$0
40,2008-09-30,37.52,$13.28,2.83,$15.90,2.36,$-0.88,0.0,$1.67,22.47,$0.21B,$0.18B,1.14,$0.32B,$0.48B,0.66,$0.59B,$0.18B,31.29%,$0.59B,$0.11B,18.37%,$0.59B,$0.11B,18.37%,$0.59B,$0.15B,24.83%,$0.59B,$0.10B,16.16%,$0.59B,$0.06B,10.20%,$0.06B,$0.48B,13.11%,$0.06B,$0.23B,23.17%,$0.06B,$1.26B,5.17%,$0.11B,$0.79B,14.36%,$159,$92,$67,$0,$23,$125,$35,$-4,$31,$11,$20,$20,$21,$45,$35,$32,37,$0.66,$0.58,$40,$8,$0,$207,$790,$5,$252,$9,$1055,$1263,$181,$315,$21,$603,$784,$0,$454,$11,$478,$1263,$47,$29,$3,$32,$-13,$-1,$0,$13,$12,$91,$-55,$0,$-116,$0,$0,$0,$22,$-148,$45,$0,$45,$7,$7,$0,$2,$54,$-7,$4,$0
41,2008-06-30,34.02,$13.19,2.58,$14.95,2.28,$-3.38,0.0,$1.51,22.53,$0.22B,$0.16B,1.35,$0.34B,$0.47B,0.71,$0.56B,$0.17B,30.36%,$0.56B,$0.10B,18.39%,$0.56B,$0.10B,18.39%,$0.56B,$0.14B,24.82%,$0.56B,$0.09B,16.25%,$0.56B,$0.06B,9.82%,$0.06B,$0.47B,12.42%,$0.06B,$0.24B,20.52%,$0.06B,$1.24B,5.02%,$0.10B,$0.81B,14.24%,$153,$94,$58,$0,$22,$123,$30,$-3,$27,$11,$16,$16,$15,$39,$30,$32,36,$0.48,$0.42,$40,$9,$0,$216,$784,$5,$231,$6,$1026,$1242,$160,$335,$18,$607,$767,$0,$433,$31,$474,$1242,$26,$19,$7,$25,$-10,$-1,$0,$6,$-15,$36,$-36,$0,$-98,$0,$0,$0,$17,$-117,$64,$0,$64,$6,$6,$0,$2,$72,$-7,$3,$0
42,2008-03-31,34.4,$12.55,2.74,$13.85,2.48,$-5.20,0.0,$1.36,25.29,$0.19B,$0.15B,1.3,$0.26B,$0.45B,0.58,$0.53B,$0.16B,30.26%,$0.53B,$0.09B,17.67%,$0.53B,$0.09B,17.67%,$0.53B,$0.13B,24.25%,$0.53B,$0.09B,15.98%,$0.53B,$0.05B,9.59%,$0.05B,$0.45B,11.38%,$0.05B,$0.29B,17.48%,$0.05B,$1.06B,4.89%,$0.09B,$0.70B,13.38%,$141,$87,$53,$0,$23,$119,$21,$-3,$18,$7,$11,$11,$10,$31,$21,$31,36,$0.33,$0.29,$39,$8,$0,$194,$697,$5,$155,$8,$866,$1061,$149,$257,$15,$465,$614,$0,$418,$26,$447,$1061,$10,$9,$3,$12,$-3,$-0,$0,$1,$-15,$7,$-14,$0,$-4,$0,$0,$0,$10,$-7,$-13,$0,$-13,$2,$2,$0,$1,$-9,$-8,$1,$0
43,2007-12-31,24.17,$12.17,1.99,$12.93,1.87,$-4.46,0.0,$1.41,17.14,$0.21B,$0.17B,1.21,$0.27B,$0.43B,0.63,$0.52B,$0.16B,31.01%,$0.52B,$0.10B,18.60%,$0.52B,$0.10B,18.60%,$0.52B,$0.13B,25.00%,$0.52B,$0.09B,17.44%,$0.52B,$0.06B,10.66%,$0.06B,$0.43B,11.91%,$0.06B,$0.28B,18.03%,$0.06B,$1.08B,5.19%,$0.10B,$0.70B,13.53%,$135,$128,$6,$0,$0,$112,$22,$-3,$19,$5,$15,$15,$14,$31,$22,$35,39,$0.43,$0.38,$47,$8,$0,$208,$697,$5,$156,$10,$870,$1078,$172,$271,$15,$475,$647,$0,$407,$26,$431,$1078,$55,$32,$6,$37,$-5,$2,$0,$-5,$-72,$21,$-87,$0,$-19,$0,$0,$0,$36,$-71,$34,$0,$34,$-172,$-172,$0,$-12,$-151,$-194,$5,$0
44,2007-09-30,28.84,$11.80,2.44,$11.93,2.42,$-2.24,0.0,$1.37,21.05,$0.21B,$0.15B,1.35,$0.26B,$0.42B,0.62,$0.48B,$0.19B,39.67%,$0.48B,$0.09B,19.42%,$0.48B,$0.09B,19.42%,$0.48B,$0.13B,26.03%,$0.48B,$0.09B,18.60%,$0.48B,$0.06B,11.36%,$0.06B,$0.42B,11.36%,$0.06B,$0.26B,16.83%,$0.06B,$1.01B,5.12%,$0.09B,$0.68B,12.97%,$131,$78,$53,$0,$21,$102,$30,$-3,$27,$4,$23,$23,$16,$38,$30,$34,39,$0.48,$0.42,$53,$8,$0,$208,$622,$5,$157,$9,$797,$1005,$154,$258,$18,$431,$585,$0,$393,$25,$419,$1005,$41,$24,$4,$28,$-5,$2,$0,$-0,$-74,$-5,$-53,$0,$0,$0,$0,$0,$21,$-32,$24,$0,$24,$-168,$-168,$0,$-12,$-157,$-188,$4,$0
45,2007-06-30,29.84,$12.57,2.37,$11.38,2.62,$0.07,454.19,$0.63,47.37,$0.25B,$0.14B,1.84,$0.23B,$0.50B,0.47,$0.47B,$0.19B,39.66%,$0.47B,$0.09B,18.35%,$0.47B,$0.09B,18.35%,$0.47B,$0.12B,24.68%,$0.47B,$0.10B,20.25%,$0.47B,$0.03B,5.70%,$0.03B,$0.50B,5.35%,$0.03B,$0.34B,7.78%,$0.03B,$1.03B,2.45%,$0.09B,$0.73B,11.77%,$125,$76,$49,$0,$21,$104,$21,$0,$21,$6,$16,$16,$11,$29,$21,$36,40,$0.30,$0.27,$106,$10,$0,$254,$597,$5,$158,$10,$771,$1025,$138,$232,$17,$391,$529,$0,$377,$13,$495,$1025,$25,$16,$7,$23,$-0,$2,$0,$2,$-95,$-46,$-27,$0,$0,$0,$0,$0,$8,$-18,$-1,$0,$-1,$-63,$-63,$0,$-12,$-76,$-135,$3,$0
46,2007-03-31,26.61,$12.47,2.13,$10.94,2.43,$2.50,10.66,$3.12,8.53,$0.38B,$0.24B,1.55,$0.23B,$0.50B,0.46,$0.46B,$0.19B,40.17%,$0.46B,$0.08B,17.71%,$0.46B,$0.08B,17.71%,$0.46B,$0.11B,23.97%,$0.46B,$0.28B,60.26%,$0.46B,$0.13B,28.94%,$0.13B,$0.50B,26.21%,$0.13B,$0.35B,38.15%,$0.13B,$1.13B,11.91%,$0.08B,$0.73B,10.96%,$125,$73,$52,$0,$21,$102,$23,$-0,$23,$7,$16,$16,$14,$31,$23,$37,42,$0.38,$0.34,$236,$12,$0,$378,$574,$5,$158,$11,$749,$1127,$244,$230,$17,$380,$624,$0,$367,$6,$502,$1127,$14,$8,$4,$11,$5,$-0,$0,$-0,$5,$30,$-7,$0,$0,$0,$0,$0,$5,$-1,$-0,$0,$-0,$-36,$-36,$0,$0,$-36,$-4,$1,$0
47,2006-12-31,26.24,$12.50,2.1,$10.62,2.47,$2.43,10.78,$3.11,8.44,$0.39B,$0.23B,1.68,$0.24B,$0.52B,0.46,$0.45B,$0.18B,40.35%,$0.45B,$0.08B,17.96%,$0.45B,$0.08B,17.96%,$0.45B,$0.11B,24.39%,$0.45B,$0.28B,61.20%,$0.45B,$0.13B,29.71%,$0.13B,$0.52B,27.33%,$0.13B,$0.36B,40.82%,$0.13B,$1.14B,12.30%,$0.08B,$0.76B,10.84%,$103,$66,$38,$0,$14,$83,$20,$-1,$19,$3,$17,$17,$14,$28,$20,$38,42,$0.38,$0.36,$240,$11,$0,$391,$573,$5,$158,$11,$750,$1141,$233,$241,$17,$388,$621,$0,$352,$4,$520,$1141,$134,$28,$-156,$-128,$-8,$-2,$0,$-6,$77,$83,$-61,$0,$-20,$0,$307,$307,$2,$227,$-90,$0,$-90,$-4,$-4,$0,$2,$-93,$222,$8,$0
