,Date,Stock Price,Book Value per Share,Price to Book Ratio,TTM Sales per Share,Price to Sales Ratio,TTM FCF per Share,Price to FCF Ratio,TTM Net EPS,PE Ratio,Current Assets,Current Liabilities,Current Ratio,Long Term Debt,Shareholder's Equity_x,Debt to Equity Ratio,TTM Revenue_x,TTM Gross Profit,Gross Margin,TTM Revenue_y,TTM Operating Income,Operating Margin,TTM Revenue_x,TTM EBIT,EBIT Margin,TTM Revenue_y,TTM EBITDA,EBITDA Margin,TTM Revenue_x,TTM Pre-Tax Income,Pre-Tax Margin,TTM Revenue_y,TTM Net Income_x,Net Margin,TTM Net Income_y,Shareholder's Equity_y,Return on Equity,TTM Net Income_x,Tangible Equity,Return on Tangible Equity,TTM Net Income_y,Total Assets,Return on Assets,TTM Net Income,LT Investments & Debt,Return on Investment,revenue,cost-goods-sold,gross-profit,research-development-expenses,selling-general-administrative-expenses,operating-expenses,operating-income,total-non-operating-income-expense,pre-tax-income,total-provision-income-taxes,income-after-taxes,income-from-continuous-operations,net-income,ebitda,ebit,basic-shares-outstanding,shares-outstanding,eps-basic-net-earnings-per-share,eps-earnings-per-share-diluted,cash-on-hand,inventory,other-current-assets,total-current-assets,net-property-plant-equipment,long-term-investments,goodwill-intangible-assets-total,other-long-term-assets,total-long-term-assets,total-assets,total-current-liabilities,long-term-debt,other-non-current-liabilities,total-long-term-liabilities,total-liabilities,common-stock-net,retained-earnings-accumulated-deficit,comprehensive-income,total-share-holder-equity,total-liabilities-share-holders-equity,net-income-loss,total-depreciation-amortization-cash-flow,other-non-cash-items,total-non-cash-items,change-in-accounts-receivable,change-in-inventories,change-in-accounts-payable,change-in-assets-liabilities,total-change-in-assets-liabilities,cash-flow-from-operating-activities,net-change-in-property-plant-equipment,net-change-in-intangible-assets,net-acquisitions-divestitures,net-change-in-short-term-investments,net-change-in-long-term-investments,net-change-in-investments-total,investing-activities-other,cash-flow-from-investing-activities,net-long-term-debt,net-current-debt,debt-issuance-retirement-net-total,net-common-equity-issued-repurchased,net-total-equity-issued-repurchased,total-common-preferred-stock-dividends-paid,financial-activities-other,cash-flow-from-financial-activities,net-cash-flow,stock-based-compensation,common-stock-dividends-paid
0,2018-09-30,357.41,$37.29,9.59,$194.87,1.83,$35.76,10.0,$12.68,28.19,$3.58B,$1.47B,2.44,$2.15B,$2.10B,1.02,$11.09B,$4.30B,38.80%,$11.09B,$1.12B,10.07%,$11.09B,$1.12B,10.07%,$11.09B,$1.38B,12.44%,$11.09B,$1.01B,9.09%,$11.09B,$0.72B,6.52%,$0.72B,$2.10B,36.59%,$0.72B,$1.19B,78.29%,$0.72B,$5.93B,12.28%,$1.12B,$4.25B,26.67%,$2831,$1752,$1079,$0,$890,$2642,$189,$-18,$171,$56,$115,$115,$103,$253,$189,$56,57,$1.84,$1.82,$517,$1473,$0,$3583,$1349,$0,$909,$70,$2349,$5932,$1467,$2148,$101,$2365,$3832,$55,$7752,$-165,$2100,$5932,$604,$192,$191,$383,$-172,$-53,$4,$-49,$-250,$743,$-93,$0,$0,$0,$-12,$-12,$0,$-105,$-89,$-4,$-93,$-103,$-103,$-232,$-9,$-437,$190,$36,$-232
1,2018-06-30,307.21,$36.52,8.41,$190.85,1.61,$35.45,8.67,$13.65,22.51,$3.37B,$1.42B,2.37,$2.21B,$2.05B,1.08,$10.89B,$4.24B,38.93%,$10.89B,$1.21B,11.07%,$10.89B,$1.21B,11.07%,$10.89B,$1.47B,13.49%,$10.89B,$1.09B,9.98%,$10.89B,$0.78B,7.17%,$0.78B,$2.05B,40.55%,$0.78B,$0.98B,95.27%,$0.78B,$5.91B,13.33%,$1.21B,$4.26B,28.92%,$2860,$1749,$1111,$0,$767,$2516,$344,$-21,$323,$76,$248,$248,$235,$408,$344,$56,57,$4.19,$4.16,$312,$1464,$0,$3373,$1360,$0,$1069,$75,$2532,$5905,$1424,$2210,$102,$2430,$3854,$55,$7725,$-167,$2050,$5905,$489,$128,$35,$163,$-148,$-44,$5,$-85,$-257,$395,$-60,$0,$0,$0,$-14,$-14,$0,$-74,$-36,$-0,$-36,$-114,$-114,$-155,$-26,$-331,$-14,$28,$-155
2,2018-03-31,279.9,$34.38,8.14,$185.14,1.51,$34.86,8.03,$11.16,25.08,$3.31B,$1.50B,2.2,$2.24B,$1.93B,1.17,$10.65B,$4.17B,39.16%,$10.65B,$1.09B,10.25%,$10.65B,$1.09B,10.25%,$10.65B,$1.36B,12.74%,$10.65B,$0.97B,9.12%,$10.65B,$0.64B,6.04%,$0.64B,$1.93B,34.28%,$0.64B,$0.81B,85.28%,$0.64B,$5.90B,10.99%,$1.09B,$4.17B,26.40%,$2766,$1675,$1092,$0,$757,$2432,$335,$-28,$307,$66,$241,$241,$230,$399,$335,$56,56,$4.09,$4.07,$302,$1435,$0,$3307,$1370,$0,$1120,$73,$2596,$5903,$1504,$2244,$106,$2473,$3977,$55,$7564,$-122,$1926,$5903,$241,$64,$19,$83,$-94,$3,$13,$-92,$-177,$147,$-23,$0,$0,$0,$-8,$-8,$0,$-31,$-25,$80,$55,$-114,$-114,$-72,$-15,$-146,$-25,$12,$-72
3,2017-12-31,233.15,$32.45,7.19,$179.02,1.3,$35.21,6.62,$10.02,23.27,$3.21B,$1.51B,2.13,$2.25B,$1.83B,1.23,$10.42B,$4.10B,39.30%,$10.42B,$1.05B,10.06%,$10.42B,$1.05B,10.06%,$10.42B,$1.31B,12.60%,$10.42B,$0.94B,8.97%,$10.42B,$0.59B,5.62%,$0.59B,$1.83B,31.28%,$0.59B,$0.72B,77.98%,$0.59B,$5.80B,10.07%,$1.05B,$4.08B,26.02%,$2632,$1611,$1021,$0,$772,$2383,$249,$-42,$207,$46,$162,$162,$155,$319,$249,$58,58,$2.64,$2.63,$327,$1429,$0,$3206,$1392,$0,$1113,$71,$2598,$5804,$1507,$2248,$110,$2470,$3977,$55,$7405,$-135,$1828,$5804,$622,$264,$101,$365,$-103,$-5,$72,$107,$69,$1057,$-117,$0,$0,$0,$-35,$-35,$6,$-146,$362,$-339,$23,$-558,$-558,$-304,$-28,$-867,$53,$33,$-304
4,2017-09-30,176.28,$33.36,5.28,$174.23,1.01,$32.07,5.5,$8.40,20.99,$3.18B,$1.39B,2.28,$2.27B,$1.90B,1.19,$10.26B,$4.07B,39.62%,$10.26B,$0.97B,9.49%,$10.26B,$0.97B,9.49%,$10.26B,$1.24B,12.08%,$10.26B,$0.87B,8.51%,$10.26B,$0.50B,4.82%,$0.50B,$1.90B,26.15%,$0.50B,$0.78B,64.22%,$0.50B,$5.83B,8.55%,$0.97B,$4.17B,24.66%,$2636,$1619,$1017,$0,$739,$2358,$278,$-28,$250,$79,$171,$171,$161,$344,$278,$57,58,$2.80,$2.79,$285,$1392,$0,$3175,$1396,$0,$1126,$73,$2650,$5825,$1393,$2270,$126,$2531,$3924,$55,$7327,$-134,$1901,$5825,$461,$194,$64,$258,$-146,$35,$57,$25,$-6,$721,$-81,$0,$0,$0,$-22,$-22,$4,$-100,$408,$-376,$33,$-409,$-409,$-226,$-18,$-619,$10,$27,$-226
5,2017-06-30,175.67,$32.04,5.48,$171.37,1.03,$29.60,5.93,$8.66,20.29,$3.19B,$1.41B,2.26,$2.27B,$1.85B,1.23,$10.22B,$4.09B,40.00%,$10.22B,$1.02B,9.97%,$10.22B,$1.02B,9.97%,$10.22B,$1.28B,12.54%,$10.22B,$0.92B,8.96%,$10.22B,$0.52B,5.07%,$0.52B,$1.85B,26.46%,$0.52B,$0.72B,60.01%,$0.52B,$5.86B,8.92%,$1.02B,$4.12B,26.02%,$2615,$1575,$1040,$0,$811,$2386,$229,$-22,$207,$100,$107,$107,$97,$295,$229,$58,58,$1.68,$1.67,$275,$1398,$0,$3186,$1392,$0,$1129,$75,$2676,$5862,$1411,$2268,$200,$2603,$4014,$55,$7239,$-204,$1848,$5862,$290,$128,$52,$181,$-137,$30,$37,$-43,$-103,$372,$-61,$0,$0,$0,$-13,$-13,$-0,$-75,$408,$-258,$150,$-286,$-286,$-152,$-17,$-304,$1,$20,$-152
6,2017-03-31,224.96,$32.81,6.86,$168.33,1.34,$28.85,7.8,$9.78,23.0,$3.10B,$1.69B,1.83,$1.85B,$1.92B,0.96,$10.17B,$4.09B,40.20%,$10.17B,$1.10B,10.77%,$10.17B,$1.10B,10.77%,$10.17B,$1.35B,13.27%,$10.17B,$0.99B,9.75%,$10.17B,$0.59B,5.84%,$0.59B,$1.92B,28.88%,$0.59B,$0.80B,60.17%,$0.59B,$5.78B,10.19%,$1.10B,$3.76B,28.19%,$2541,$1522,$1019,$0,$727,$2249,$293,$-22,$271,$88,$183,$183,$173,$355,$293,$59,59,$2.95,$2.93,$239,$1388,$0,$3096,$1410,$0,$1120,$76,$2686,$5783,$1688,$1848,$196,$2178,$3866,$55,$7216,$-250,$1917,$5783,$183,$62,$0,$63,$-95,$28,$18,$-17,$-65,$181,$-30,$0,$0,$0,$-7,$-7,$0,$-38,$-2,$36,$33,$-133,$-133,$-72,$-12,$-183,$-35,$7,$-72
7,2016-12-31,223.39,$32.41,6.89,$165.77,1.35,$28.28,7.9,$9.83,22.73,$3.02B,$1.63B,1.85,$1.84B,$1.91B,0.97,$10.14B,$4.12B,40.59%,$10.14B,$1.12B,11.05%,$10.14B,$1.12B,11.05%,$10.14B,$1.37B,13.49%,$10.14B,$1.02B,10.05%,$10.14B,$0.61B,5.98%,$0.61B,$1.91B,27.95%,$0.61B,$0.79B,54.31%,$0.61B,$5.69B,10.31%,$1.12B,$3.75B,28.83%,$2471,$1481,$990,$0,$815,$2296,$174,$-29,$145,$77,$68,$68,$64,$246,$174,$60,61,$1.06,$1.05,$274,$1406,$0,$3020,$1421,$0,$1113,$75,$2674,$5694,$1629,$1841,$193,$2160,$3789,$55,$7114,$-272,$1906,$5694,$633,$249,$111,$360,$-46,$-4,$73,$15,$42,$1024,$-229,$0,$-0,$0,$-34,$-34,$1,$-262,$254,$38,$292,$-756,$-756,$-303,$-9,$-776,$-16,$36,$-303
8,2016-09-30,215.07,$36.28,5.93,$162.84,1.32,$25.51,8.43,$11.12,19.34,$3.13B,$1.54B,2.04,$1.87B,$2.16B,0.87,$10.15B,$4.13B,40.68%,$10.15B,$1.20B,11.81%,$10.15B,$1.20B,11.81%,$10.15B,$1.44B,14.16%,$10.15B,$1.11B,10.93%,$10.15B,$0.69B,6.83%,$0.69B,$2.16B,30.39%,$0.69B,$1.15B,57.83%,$0.69B,$5.89B,11.71%,$1.20B,$4.04B,30.85%,$2596,$1557,$1040,$0,$717,$2274,$323,$-29,$293,$100,$193,$193,$184,$386,$323,$60,60,$3.07,$3.05,$286,$1381,$0,$3129,$1437,$0,$1015,$267,$2756,$5886,$1536,$1874,$181,$2188,$3724,$55,$7126,$-208,$2161,$5886,$564,$177,$72,$249,$-124,$42,$37,$-65,$-114,$689,$-166,$0,$0,$0,$-19,$-19,$-1,$-185,$259,$34,$293,$-584,$-584,$-221,$-7,$-518,$-4,$28,$-221
9,2016-06-30,216.17,$37.12,5.82,$158.66,1.36,$24.43,8.85,$10.99,19.67,$3.19B,$1.64B,1.94,$1.77B,$2.24B,0.79,$10.08B,$4.15B,41.15%,$10.08B,$1.22B,12.06%,$10.08B,$1.22B,12.06%,$10.08B,$1.45B,14.37%,$10.08B,$1.14B,11.26%,$10.08B,$0.70B,6.93%,$0.70B,$2.24B,29.73%,$0.70B,$1.22B,51.63%,$0.70B,$5.97B,11.85%,$1.22B,$4.01B,31.59%,$2564,$1524,$1040,$0,$734,$2258,$306,$-23,$283,$104,$179,$179,$173,$363,$306,$61,61,$2.81,$2.79,$316,$1419,$0,$3190,$1419,$0,$1028,$266,$2775,$5965,$1641,$1766,$179,$2081,$3722,$55,$7014,$-192,$2243,$5965,$371,$113,$30,$144,$-98,$9,$43,$-118,$-162,$343,$-63,$0,$0,$0,$-10,$-10,$-1,$-74,$263,$19,$282,$-386,$-386,$-147,$-7,$-258,$26,$21,$-147
10,2016-03-31,220.89,$38.55,5.73,$154.31,1.43,$22.95,9.62,$11.45,19.29,$3.14B,$1.88B,1.67,$1.39B,$2.36B,0.59,$10.04B,$4.18B,41.65%,$10.04B,$1.27B,12.62%,$10.04B,$1.27B,12.62%,$10.04B,$1.50B,14.91%,$10.04B,$1.20B,11.96%,$10.04B,$0.74B,7.41%,$0.74B,$2.36B,29.00%,$0.74B,$1.31B,43.68%,$0.74B,$5.97B,12.69%,$1.27B,$3.75B,32.00%,$2507,$1461,$1045,$0,$728,$2189,$317,$-20,$298,$106,$192,$192,$185,$373,$317,$62,62,$3.00,$2.98,$280,$1421,$0,$3139,$1442,$0,$1054,$264,$2826,$5965,$1880,$1387,$175,$1720,$3601,$55,$6916,$-176,$2364,$5965,$192,$56,$23,$79,$-84,$11,$31,$-100,$-110,$161,$-38,$0,$0,$0,$-7,$-7,$-0,$-45,$-125,$216,$91,$-167,$-167,$-73,$10,$-138,$-10,$7,$-73
11,2015-12-31,190.63,$37.93,5.03,$149.84,1.27,$21.92,8.7,$11.54,16.52,$3.05B,$1.79B,1.71,$1.39B,$2.35B,0.59,$9.97B,$4.23B,42.42%,$9.97B,$1.30B,13.04%,$9.97B,$1.30B,13.04%,$9.97B,$1.53B,15.32%,$9.97B,$1.25B,12.54%,$9.97B,$0.77B,7.70%,$0.77B,$2.35B,27.66%,$0.77B,$1.12B,37.32%,$0.77B,$5.86B,13.53%,$1.30B,$3.74B,33.22%,$2478,$1476,$1002,$0,$751,$2227,$252,$-17,$235,$86,$149,$149,$151,$315,$252,$65,66,$2.36,$2.34,$290,$1414,$0,$3049,$1431,$0,$1230,$64,$2809,$5858,$1789,$1388,$174,$1717,$3505,$55,$6802,$-221,$2353,$5858,$785,$228,$76,$304,$-3,$-38,$23,$-8,$-47,$1036,$-359,$0,$-464,$0,$-20,$-20,$0,$-843,$1254,$301,$1556,$-1339,$-1339,$-306,$-19,$-109,$63,$47,$-306
12,2015-09-30,201.2,$38.96,5.16,$148.44,1.36,$20.28,9.92,$11.38,17.68,$3.11B,$1.55B,2.0,$1.45B,$2.45B,0.59,$10.01B,$4.28B,42.81%,$10.01B,$1.32B,13.15%,$10.01B,$1.32B,13.15%,$10.01B,$1.54B,15.39%,$10.01B,$1.28B,12.77%,$10.01B,$0.76B,7.61%,$0.76B,$2.45B,25.32%,$0.76B,$1.77B,31.67%,$0.76B,$5.81B,13.77%,$1.32B,$3.90B,33.72%,$2533,$1471,$1062,$0,$721,$2192,$341,$-21,$319,$123,$197,$197,$190,$398,$341,$65,65,$2.94,$2.92,$258,$1368,$0,$3105,$1373,$0,$678,$628,$2702,$5807,$1549,$1451,$234,$1812,$3361,$55,$6730,$-218,$2446,$5807,$636,$164,$45,$209,$-70,$13,$19,$-75,$-108,$736,$-241,$0,$-463,$0,$-16,$-16,$-0,$-720,$1207,$159,$1367,$-1124,$-1124,$-231,$24,$37,$32,$36,$-231
13,2015-06-30,220.31,$46.98,4.69,$146.72,1.5,$18.95,11.63,$11.76,18.73,$3.52B,$1.05B,3.37,$1.35B,$3.10B,0.44,$10.04B,$4.33B,43.09%,$10.04B,$1.36B,13.56%,$10.04B,$1.36B,13.56%,$10.04B,$1.58B,15.75%,$10.04B,$1.34B,13.37%,$10.04B,$0.80B,7.97%,$0.80B,$3.10B,24.49%,$0.80B,$2.61B,29.65%,$0.80B,$5.83B,14.78%,$1.36B,$4.45B,34.95%,$2523,$1449,$1073,$0,$717,$2166,$357,$-8,$349,$123,$225,$225,$218,$411,$357,$67,67,$3.28,$3.25,$820,$1303,$0,$3524,$1325,$0,$487,$475,$2303,$5827,$1047,$1349,$236,$1680,$2727,$55,$6615,$-163,$3099,$5827,$439,$107,$38,$145,$-51,$26,$-29,$-162,$-212,$370,$-161,$0,$1,$0,$-10,$-10,$-1,$-170,$970,$-25,$945,$-407,$-407,$-154,$17,$402,$593,$27,$-154
14,2015-03-31,218.49,$47.97,4.55,$145.38,1.5,$18.41,11.87,$11.45,19.08,$2.95B,$1.30B,2.27,$0.37B,$3.21B,0.12,$10.02B,$4.33B,43.25%,$10.02B,$1.35B,13.42%,$10.02B,$1.35B,13.42%,$10.02B,$1.56B,15.56%,$10.02B,$1.33B,13.28%,$10.02B,$0.79B,7.87%,$0.79B,$3.21B,23.49%,$0.79B,$2.73B,28.47%,$0.79B,$5.21B,14.92%,$1.35B,$3.58B,35.84%,$2440,$1346,$1094,$0,$742,$2088,$351,$-4,$348,$133,$214,$214,$209,$404,$351,$67,68,$3.11,$3.07,$243,$1328,$0,$2947,$1307,$0,$482,$462,$2264,$5211,$1298,$371,$240,$703,$2001,$55,$6473,$-173,$3210,$5211,$214,$52,$13,$66,$-51,$-3,$-7,$-126,$-122,$156,$-92,$0,$0,$0,$0,$0,$-0,$-92,$-2,$176,$174,$-145,$-145,$-73,$4,$-40,$17,$9,$-73
15,2014-12-31,235.11,$48.70,4.83,$143.74,1.64,$18.94,12.42,$11.45,20.53,$2.97B,$1.26B,2.35,$0.40B,$3.28B,0.12,$9.97B,$4.32B,43.30%,$9.97B,$1.35B,13.53%,$9.97B,$1.35B,13.53%,$9.97B,$1.56B,15.60%,$9.97B,$1.34B,13.40%,$9.97B,$0.79B,7.96%,$0.79B,$3.28B,23.43%,$0.79B,$2.51B,28.45%,$0.79B,$5.28B,14.99%,$1.35B,$3.69B,35.48%,$2511,$1456,$1055,$0,$788,$2244,$267,$-5,$262,$111,$151,$151,$145,$327,$267,$68,69,$2.18,$2.14,$227,$1356,$0,$2968,$1324,$0,$771,$204,$2316,$5283,$1262,$403,$238,$737,$1999,$55,$6336,$-97,$3284,$5283,$812,$208,$106,$314,$-123,$-92,$32,$-16,$-165,$960,$-361,$0,$-31,$0,$0,$0,$7,$-384,$-20,$-4,$-24,$-477,$-477,$-291,$34,$-758,$-204,$49,$-291
16,2014-09-30,231.14,$50.99,4.53,$141.14,1.64,$20.78,11.12,$11.51,20.08,$3.04B,$1.16B,2.63,$0.39B,$3.48B,0.11,$9.83B,$4.27B,43.39%,$9.83B,$1.34B,13.61%,$9.83B,$1.34B,13.61%,$9.83B,$1.54B,15.65%,$9.83B,$1.33B,13.50%,$9.83B,$0.80B,8.14%,$0.80B,$3.48B,23.56%,$0.80B,$2.94B,27.98%,$0.80B,$5.33B,15.14%,$1.34B,$3.86B,35.02%,$2562,$1459,$1103,$0,$717,$2177,$386,$-3,$383,$150,$233,$233,$228,$439,$386,$68,69,$3.33,$3.30,$320,$1307,$0,$3044,$1259,$0,$540,$463,$2283,$5326,$1157,$385,$194,$693,$1850,$55,$6262,$-25,$3476,$5326,$661,$148,$59,$206,$-163,$-20,$-6,$18,$-203,$663,$-231,$0,$-11,$0,$0,$0,$7,$-235,$-52,$-17,$-69,$-276,$-276,$-215,$29,$-531,$-111,$39,$-215
17,2014-06-30,232.47,$50.41,4.61,$138.06,1.68,$22.98,10.12,$11.16,20.83,$3.03B,$1.13B,2.69,$0.43B,$3.45B,0.13,$9.67B,$4.21B,43.59%,$9.67B,$1.30B,13.44%,$9.67B,$1.30B,13.44%,$9.67B,$1.49B,15.43%,$9.67B,$1.29B,13.32%,$9.67B,$0.78B,8.07%,$0.78B,$3.45B,23.16%,$0.78B,$2.89B,27.61%,$0.78B,$5.31B,14.81%,$1.30B,$3.88B,34.10%,$2506,$1425,$1081,$0,$740,$2165,$341,$-2,$338,$129,$209,$209,$206,$389,$341,$68,69,$2.97,$2.94,$332,$1317,$0,$3031,$1249,$0,$555,$461,$2281,$5311,$1126,$432,$192,$737,$1863,$55,$6106,$39,$3448,$5311,$428,$94,$39,$133,$-99,$-13,$3,$-5,$-233,$328,$-151,$0,$19,$0,$0,$0,$0,$-132,$45,$-20,$26,$-204,$-204,$-141,$22,$-297,$-99,$29,$-141
18,2014-03-31,230.01,$48.64,4.73,$135.56,1.7,$24.74,9.3,$11.25,20.45,$3.00B,$1.17B,2.57,$0.44B,$3.33B,0.13,$9.54B,$4.18B,43.80%,$9.54B,$1.31B,13.70%,$9.54B,$1.31B,13.70%,$9.54B,$1.50B,15.66%,$9.54B,$1.30B,13.60%,$9.54B,$0.79B,8.30%,$0.79B,$3.33B,23.88%,$0.79B,$2.81B,28.45%,$0.79B,$5.23B,15.24%,$1.31B,$3.77B,34.76%,$2386,$1310,$1076,$0,$722,$2031,$354,$-3,$352,$133,$219,$219,$214,$400,$354,$69,70,$3.11,$3.07,$376,$1266,$0,$2996,$1211,$0,$522,$474,$2239,$5234,$1166,$438,$187,$740,$1906,$55,$5975,$8,$3329,$5234,$219,$46,$11,$57,$-79,$31,$-13,$7,$-108,$168,$-65,$0,$0,$0,$0,$0,$13,$-52,$-6,$39,$33,$-140,$-140,$-65,$7,$-166,$-55,$11,$-65
19,2013-12-31,231.6,$48.32,4.79,$133.54,1.73,$25.18,9.2,$11.12,20.83,$3.04B,$1.20B,2.55,$0.45B,$3.33B,0.13,$9.44B,$4.14B,43.82%,$9.44B,$1.30B,13.74%,$9.44B,$1.30B,13.74%,$9.44B,$1.48B,15.65%,$9.44B,$1.29B,13.65%,$9.44B,$0.79B,8.33%,$0.79B,$3.33B,23.90%,$0.79B,$2.80B,28.51%,$0.79B,$5.27B,15.29%,$1.30B,$3.77B,34.69%,$2377,$1371,$1006,$0,$750,$2120,$257,$-2,$254,$95,$159,$159,$152,$311,$257,$69,71,$2.25,$2.21,$431,$1306,$0,$3044,$1209,$0,$525,$472,$2222,$5266,$1196,$446,$185,$744,$1939,$55,$5823,$29,$3327,$5266,$808,$181,$59,$240,$-126,$-24,$71,$16,$-58,$986,$-245,$0,$-154,$0,$0,$0,$-0,$-399,$-17,$-10,$-26,$-369,$-369,$-255,$60,$-591,$-21,$56,$-255
20,2013-09-30,236.5,$48.54,4.87,$131.13,1.8,$22.75,10.39,$11.09,21.33,$3.05B,$1.07B,2.84,$0.45B,$3.37B,0.13,$9.29B,$4.10B,44.15%,$9.29B,$1.30B,13.98%,$9.29B,$1.30B,13.98%,$9.29B,$1.47B,15.83%,$9.29B,$1.29B,13.87%,$9.29B,$0.79B,8.48%,$0.79B,$3.37B,24.35%,$0.79B,$2.80B,29.19%,$0.79B,$5.25B,15.52%,$1.30B,$3.82B,35.15%,$2399,$1347,$1051,$0,$705,$2052,$347,$-3,$344,$131,$213,$213,$208,$392,$347,$69,71,$2.99,$2.95,$540,$1257,$0,$3049,$1136,$0,$569,$439,$2202,$5252,$1074,$448,$239,$808,$1882,$55,$5731,$18,$3369,$5252,$648,$126,$41,$167,$-130,$45,$2,$-6,$-69,$740,$-145,$0,$-128,$0,$0,$0,$-0,$-273,$-14,$-6,$-20,$-213,$-213,$-189,$53,$-368,$88,$44,$-189
21,2013-06-30,227.08,$46.65,4.87,$129.28,1.76,$20.31,11.18,$10.29,22.07,$2.96B,$0.99B,3.0,$0.45B,$3.24B,0.14,$9.17B,$4.04B,44.09%,$9.17B,$1.21B,13.14%,$9.17B,$1.21B,13.14%,$9.17B,$1.37B,14.96%,$9.17B,$1.20B,13.03%,$9.17B,$0.73B,7.99%,$0.73B,$3.24B,23.37%,$0.73B,$2.73B,28.08%,$0.73B,$5.03B,14.63%,$1.21B,$3.70B,33.47%,$2382,$1335,$1047,$0,$697,$2031,$350,$-3,$348,$127,$221,$221,$218,$392,$350,$70,71,$3.08,$3.03,$489,$1222,$0,$2962,$1119,$0,$514,$382,$2068,$5030,$987,$452,$230,$801,$1788,$55,$5586,$0,$3242,$5030,$435,$81,$33,$114,$-156,$58,$31,$-97,$-158,$387,$-81,$0,$-8,$0,$0,$0,$0,$-89,$-5,$-9,$-14,$-154,$-154,$-124,$42,$-250,$37,$31,$-124
22,2013-03-31,201.84,$46.28,4.36,$127.19,1.59,$18.03,11.19,$9.89,20.41,$2.92B,$0.99B,2.96,$0.46B,$3.22B,0.14,$9.04B,$3.97B,43.98%,$9.04B,$1.17B,12.94%,$9.04B,$1.17B,12.94%,$9.04B,$1.33B,14.73%,$9.04B,$1.16B,12.82%,$9.04B,$0.70B,7.77%,$0.70B,$3.22B,23.02%,$0.70B,$2.70B,27.85%,$0.70B,$5.01B,14.20%,$1.17B,$3.67B,33.23%,$2280,$1249,$1032,$0,$688,$1937,$343,$-1,$342,$127,$215,$215,$208,$382,$343,$70,71,$2.99,$2.94,$486,$1231,$0,$2923,$1133,$0,$522,$379,$2090,$5014,$989,$455,$233,$806,$1796,$55,$5434,$32,$3218,$5014,$215,$39,$12,$51,$-102,$60,$9,$-109,$-84,$176,$-41,$0,$0,$0,$0,$0,$-0,$-41,$-4,$-4,$-8,$-46,$-46,$-57,$13,$-98,$33,$12,$-57
23,2012-12-31,180.88,$44.87,4.03,$125.57,1.44,$17.05,10.61,$9.52,19.0,$2.90B,$1.08B,2.69,$0.47B,$3.12B,0.15,$8.95B,$3.92B,43.76%,$8.95B,$1.13B,12.63%,$8.95B,$1.13B,12.63%,$8.95B,$1.29B,14.42%,$8.95B,$1.12B,12.50%,$8.95B,$0.68B,7.58%,$0.68B,$3.12B,22.88%,$0.68B,$2.57B,27.83%,$0.68B,$5.02B,13.90%,$1.13B,$3.58B,33.57%,$2226,$1257,$970,$0,$711,$1968,$258,$-5,$254,$95,$158,$158,$154,$304,$258,$70,71,$2.21,$2.17,$452,$1302,$0,$2901,$1145,$0,$544,$374,$2114,$5015,$1080,$467,$231,$817,$1897,$55,$5279,$54,$3117,$5015,$699,$159,$85,$244,$-46,$-15,$-54,$-50,$-129,$816,$-241,$0,$-65,$0,$0,$0,$0,$-306,$80,$-44,$36,$-268,$-268,$-220,$58,$-394,$117,$56,$-220
24,2012-09-30,185.5,$42.71,4.34,$123.48,1.5,$16.79,11.05,$9.39,19.75,$2.88B,$1.08B,2.65,$0.48B,$2.97B,0.16,$8.80B,$3.85B,43.77%,$8.80B,$1.09B,12.42%,$8.80B,$1.09B,12.42%,$8.80B,$1.25B,14.24%,$8.80B,$1.09B,12.40%,$8.80B,$0.67B,7.61%,$0.67B,$2.97B,23.39%,$0.67B,$2.44B,28.55%,$0.67B,$4.98B,13.95%,$1.09B,$3.45B,34.21%,$2281,$1287,$994,$0,$740,$2027,$254,$-4,$251,$93,$158,$158,$153,$294,$254,$70,71,$2.19,$2.15,$421,$1270,$0,$2875,$1093,$0,$527,$373,$2109,$4984,$1083,$480,$343,$932,$2015,$55,$5179,$-8,$2968,$4984,$540,$113,$43,$156,$-131,$12,$-40,$43,$-117,$576,$-150,$0,$-24,$0,$0,$0,$0,$-174,$82,$-44,$38,$-242,$-242,$-162,$44,$-322,$85,$43,$-162
25,2012-06-30,169.59,$41.37,4.1,$121.00,1.4,$16.90,10.03,$9.75,17.39,$2.70B,$0.96B,2.8,$0.47B,$2.89B,0.16,$8.63B,$3.77B,43.68%,$8.63B,$1.14B,13.23%,$8.63B,$1.14B,13.23%,$8.63B,$1.30B,15.06%,$8.63B,$1.14B,13.20%,$8.63B,$0.70B,8.06%,$0.70B,$2.89B,25.03%,$0.70B,$2.37B,30.83%,$0.70B,$4.76B,14.83%,$1.14B,$3.37B,37.67%,$2249,$1271,$978,$0,$664,$1935,$314,$-3,$311,$118,$193,$193,$187,$351,$314,$70,71,$2.68,$2.63,$250,$1266,$0,$2699,$1078,$0,$523,$352,$2063,$4761,$963,$474,$328,$904,$1867,$55,$5080,$-35,$2894,$4761,$383,$73,$31,$105,$-129,$5,$-7,$-106,$-246,$238,$-92,$0,$-24,$0,$0,$0,$0,$-117,$29,$4,$33,$-172,$-172,$-105,$36,$-208,$-86,$31,$-105
26,2012-03-31,189.74,$40.97,4.63,$117.62,1.61,$18.09,10.49,$9.46,20.06,$2.71B,$1.23B,2.2,$0.19B,$2.87B,0.07,$8.39B,$3.66B,43.57%,$8.39B,$1.09B,13.03%,$8.39B,$1.09B,13.03%,$8.39B,$1.25B,14.88%,$8.39B,$1.09B,13.03%,$8.39B,$0.68B,8.06%,$0.68B,$2.87B,25.03%,$0.68B,$2.36B,30.59%,$0.68B,$4.75B,14.84%,$1.09B,$3.07B,37.91%,$2193,$1219,$974,$0,$670,$1889,$304,$-2,$303,$113,$189,$189,$184,$341,$304,$70,72,$2.63,$2.57,$339,$1244,$0,$2706,$1072,$0,$514,$351,$2045,$4751,$1231,$192,$353,$647,$1878,$55,$4947,$-9,$2874,$4751,$189,$37,$12,$49,$-87,$37,$-29,$-133,$-130,$106,$-40,$0,$0,$0,$0,$0,$1,$-39,$3,$2,$5,$-32,$-32,$-47,$18,$-55,$3,$11,$-47
27,2011-12-31,164.8,$38.94,4.23,$113.57,1.45,$18.43,8.94,$9.07,18.17,$2.70B,$1.39B,1.94,$0.18B,$2.72B,0.06,$8.08B,$3.51B,43.46%,$8.08B,$1.05B,13.02%,$8.08B,$1.05B,13.02%,$8.08B,$1.20B,14.88%,$8.08B,$1.05B,13.01%,$8.08B,$0.65B,8.00%,$0.65B,$2.72B,25.01%,$0.65B,$2.22B,30.44%,$0.65B,$4.72B,14.85%,$1.05B,$2.90B,37.30%,$2077,$1171,$906,$0,$684,$1855,$221,$5,$226,$74,$152,$152,$146,$267,$221,$70,71,$2.08,$2.04,$335,$1269,$0,$2695,$1060,$0,$509,$351,$2021,$4716,$1388,$175,$329,$604,$1992,$55,$4806,$-29,$2724,$4716,$666,$149,$61,$210,$-85,$-220,$86,$26,$-129,$746,$-190,$0,$-359,$0,$0,$0,$14,$-535,$-7,$25,$18,$-67,$-67,$-181,$52,$-177,$22,$54,$-181
28,2011-09-30,131.15,$37.73,3.48,$109.72,1.2,$17.21,7.62,$8.86,14.8,$2.58B,$1.38B,1.88,$0.16B,$2.63B,0.06,$7.83B,$3.37B,43.02%,$7.83B,$1.04B,13.31%,$7.83B,$1.04B,13.31%,$7.83B,$1.19B,15.16%,$7.83B,$1.04B,13.22%,$7.83B,$0.63B,8.03%,$0.63B,$2.63B,25.43%,$0.63B,$2.09B,30.78%,$0.63B,$4.55B,15.17%,$1.04B,$2.80B,37.58%,$2115,$1202,$913,$0,$610,$1812,$303,$-3,$300,$116,$184,$184,$179,$341,$303,$70,71,$2.56,$2.51,$361,$1114,$0,$2578,$1008,$0,$547,$316,$1973,$4551,$1375,$163,$266,$545,$1919,$55,$4705,$-3,$2632,$4551,$515,$104,$40,$143,$-139,$-56,$59,$5,$-98,$560,$-124,$0,$-348,$0,$0,$0,$0,$-472,$102,$16,$117,$-49,$-49,$-133,$32,$-32,$47,$42,$-133
29,2011-06-30,134.11,$36.84,3.64,$106.74,1.26,$17.10,7.84,$8.41,15.95,$2.51B,$1.08B,2.32,$0.20B,$2.58B,0.08,$7.61B,$3.25B,42.62%,$7.61B,$0.99B,13.00%,$7.61B,$0.99B,13.00%,$7.61B,$1.14B,14.91%,$7.61B,$0.99B,12.94%,$7.61B,$0.60B,7.84%,$0.60B,$2.58B,25.37%,$0.60B,$2.18B,30.37%,$0.60B,$4.20B,15.09%,$0.99B,$2.78B,36.42%,$2003,$1141,$862,$0,$597,$1738,$265,$-1,$264,$92,$172,$172,$167,$299,$265,$70,71,$2.39,$2.34,$466,$997,$0,$2506,$981,$0,$394,$229,$1694,$4200,$1079,$200,$263,$547,$1626,$55,$4569,$66,$2575,$4200,$331,$66,$22,$89,$-107,$2,$49,$-79,$-108,$309,$-80,$0,$-1,$0,$0,$0,$1,$-80,$-14,$6,$-9,$-13,$-13,$-86,$22,$-85,$152,$29,$-86
30,2011-03-31,119.63,$34.64,3.45,$103.03,1.16,$17.42,6.87,$7.80,15.34,$2.26B,$0.78B,2.89,$0.41B,$2.40B,0.17,$7.39B,$3.13B,42.33%,$7.39B,$0.94B,12.71%,$7.39B,$0.94B,12.71%,$7.39B,$1.09B,14.70%,$7.39B,$0.93B,12.63%,$7.39B,$0.56B,7.52%,$0.56B,$2.40B,24.56%,$0.56B,$2.01B,29.56%,$0.56B,$3.93B,14.48%,$0.94B,$2.81B,35.04%,$1884,$1054,$830,$0,$567,$1621,$263,$-1,$261,$102,$159,$159,$154,$295,$263,$69,71,$2.23,$2.18,$335,$981,$0,$2262,$965,$0,$390,$225,$1672,$3933,$782,$413,$252,$752,$1534,$55,$4446,$57,$2399,$3933,$159,$33,$6,$39,$-46,$16,$14,$-119,$-79,$118,$-28,$0,$0,$0,$0,$0,$0,$-28,$-7,$3,$-4,$-37,$-37,$-38,$6,$-73,$21,$11,$-38
31,2010-12-31,119.53,$32.97,3.63,$99.11,1.21,$17.50,6.83,$6.93,17.25,$2.24B,$0.87B,2.58,$0.42B,$2.29B,0.18,$7.18B,$3.01B,41.85%,$7.18B,$0.86B,11.97%,$7.18B,$0.86B,11.97%,$7.18B,$1.01B,14.08%,$7.18B,$0.85B,11.89%,$7.18B,$0.50B,6.95%,$0.50B,$2.29B,22.14%,$0.50B,$1.90B,26.55%,$0.50B,$3.90B,13.10%,$0.86B,$2.71B,32.15%,$1827,$1064,$763,$0,$552,$1615,$211,$-1,$210,$77,$133,$133,$129,$252,$211,$71,72,$1.85,$1.83,$313,$992,$0,$2238,$964,$0,$387,$228,$1666,$3904,$869,$420,$244,$747,$1617,$55,$4327,$43,$2288,$3904,$514,$150,$51,$201,$-128,$-81,$36,$41,$-115,$596,$-121,$0,$-62,$0,$0,$0,$14,$-169,$-39,$5,$-34,$-418,$-418,$-152,$26,$-579,$-146,$50,$-152
32,2010-09-30,102.65,$31.11,3.3,$95.61,1.07,$18.80,5.46,$6.37,16.11,$2.15B,$0.90B,2.4,$0.43B,$2.15B,0.2,$6.99B,$2.93B,41.88%,$6.99B,$0.81B,11.65%,$6.99B,$0.81B,11.65%,$6.99B,$0.97B,13.85%,$6.99B,$0.81B,11.56%,$6.99B,$0.47B,6.65%,$0.47B,$2.15B,20.77%,$0.47B,$1.77B,24.82%,$0.47B,$3.79B,12.35%,$0.81B,$2.58B,30.55%,$1899,$1110,$790,$0,$538,$1648,$251,$-1,$250,$99,$151,$151,$147,$289,$251,$70,71,$2.10,$2.06,$287,$935,$0,$2148,$942,$3,$375,$232,$1642,$3789,$895,$427,$247,$745,$1641,$55,$4233,$33,$2149,$3789,$380,$109,$18,$127,$-154,$-30,$97,$44,$-10,$492,$-65,$0,$-52,$0,$0,$0,$0,$-117,$-26,$7,$-19,$-436,$-436,$-114,$19,$-550,$-173,$38,$-114
33,2010-06-30,85.3,$31.29,2.73,$90.05,0.95,$18.41,4.63,$6.19,13.78,$2.12B,$0.80B,2.66,$0.41B,$2.22B,0.19,$6.68B,$2.80B,41.87%,$6.68B,$0.75B,11.23%,$6.68B,$0.75B,11.23%,$6.68B,$0.90B,13.49%,$6.68B,$0.79B,11.84%,$6.68B,$0.46B,6.87%,$0.46B,$2.22B,20.02%,$0.46B,$1.84B,23.68%,$0.46B,$3.73B,12.23%,$0.75B,$2.63B,27.52%,$1784,$1037,$747,$0,$532,$1569,$215,$-2,$213,$83,$130,$130,$126,$251,$215,$72,73,$1.76,$1.73,$388,$867,$0,$2122,$935,$3,$379,$208,$1609,$3732,$799,$413,$236,$713,$1512,$55,$4121,$11,$2220,$3732,$229,$72,$24,$96,$-100,$28,$47,$-23,$-38,$286,$-27,$0,$-41,$0,$0,$0,$0,$-68,$-21,$4,$-16,$-210,$-210,$-75,$14,$-287,$-72,$26,$-75
34,2010-03-31,92.27,$32.36,2.85,$86.16,1.07,$17.28,5.34,$5.67,16.27,$2.23B,$0.73B,3.04,$0.43B,$2.36B,0.18,$6.43B,$2.68B,41.61%,$6.43B,$0.69B,10.72%,$6.43B,$0.69B,10.72%,$6.43B,$0.84B,13.05%,$6.43B,$0.73B,11.35%,$6.43B,$0.42B,6.58%,$0.42B,$2.36B,18.68%,$0.42B,$2.00B,21.68%,$0.42B,$3.81B,11.52%,$0.69B,$2.78B,25.41%,$1672,$967,$706,$0,$523,$1489,$183,$-2,$181,$82,$99,$99,$97,$219,$183,$73,74,$1.34,$1.31,$548,$853,$0,$2228,$939,$4,$356,$212,$1583,$3811,$734,$425,$231,$718,$1452,$55,$4032,$32,$2359,$3811,$99,$36,$15,$51,$-63,$45,$12,$-74,$-37,$113,$-14,$0,$0,$0,$0,$0,$-9,$-23,$-8,$0,$-8,$26,$26,$-34,$9,$-7,$89,$9,$-34
35,2009-12-31,82.25,$30.81,2.67,$83.02,0.99,$16.12,5.1,$5.61,14.66,$2.13B,$0.78B,2.74,$0.44B,$2.23B,0.2,$6.22B,$2.60B,41.76%,$6.22B,$0.67B,10.69%,$6.22B,$0.67B,10.69%,$6.22B,$0.81B,13.07%,$6.22B,$0.71B,11.36%,$6.22B,$0.42B,6.75%,$0.42B,$2.23B,19.34%,$0.42B,$1.88B,22.16%,$0.42B,$3.73B,11.87%,$0.67B,$2.67B,25.27%,$1634,$950,$684,$0,$519,$1468,$165,$-2,$164,$66,$97,$97,$95,$209,$165,$74,75,$1.29,$1.28,$460,$890,$0,$2132,$953,$4,$351,$207,$1595,$3726,$777,$438,$223,$722,$1499,$55,$3967,$12,$2227,$3726,$431,$148,$28,$176,$3,$175,$-17,$-64,$122,$732,$-141,$0,$-123,$0,$0,$0,$1,$-263,$-19,$3,$-16,$-282,$-282,$-135,$19,$-414,$64,$43,$-135
36,2009-09-30,75.55,$31.80,2.38,$81.65,0.93,$12.69,5.95,$5.73,13.18,$2.29B,$0.67B,3.39,$0.46B,$2.36B,0.19,$6.18B,$2.59B,41.97%,$6.18B,$0.68B,11.02%,$6.18B,$0.68B,11.02%,$6.18B,$0.82B,13.31%,$6.18B,$0.72B,11.60%,$6.18B,$0.43B,6.97%,$0.43B,$2.36B,20.29%,$0.43B,$2.04B,22.91%,$0.43B,$3.75B,12.37%,$0.68B,$2.82B,26.23%,$1590,$930,$660,$0,$473,$1403,$187,$47,$233,$89,$145,$145,$141,$222,$187,$74,75,$1.91,$1.88,$672,$851,$0,$2285,$938,$3,$328,$103,$1460,$3745,$674,$455,$219,$708,$1382,$55,$3904,$7,$2363,$3745,$333,$104,$7,$111,$-23,$194,$-33,$-88,$69,$510,$-88,$0,$11,$0,$0,$0,$0,$-77,$-8,$2,$-7,$-68,$-68,$-100,$13,$-162,$276,$34,$-100
37,2009-06-30,68.87,$28.67,2.4,$84.28,0.82,$9.72,7.08,$5.64,12.21,$2.03B,$0.58B,3.48,$0.47B,$2.11B,0.22,$6.43B,$2.68B,41.62%,$6.43B,$0.73B,11.28%,$6.43B,$0.73B,11.28%,$6.43B,$0.87B,13.50%,$6.43B,$0.71B,11.09%,$6.43B,$0.43B,6.64%,$0.43B,$2.11B,20.68%,$0.43B,$1.89B,23.12%,$0.43B,$3.41B,12.44%,$0.73B,$2.58B,28.45%,$1533,$908,$625,$0,$471,$1379,$154,$-2,$152,$59,$92,$92,$90,$189,$154,$73,75,$1.23,$1.21,$416,$900,$0,$2025,$929,$20,$219,$103,$1381,$3406,$582,$467,$210,$713,$1295,$55,$3794,$-21,$2111,$3406,$189,$69,$19,$87,$7,$121,$-42,$-139,$-41,$233,$-52,$0,$2,$0,$0,$0,$0,$-50,$0,$2,$2,$-106,$-106,$-65,$5,$-164,$20,$25,$-65
38,2009-03-31,58.69,$27.14,2.16,$86.23,0.68,$7.51,7.81,$5.86,10.02,$1.90B,$0.57B,3.34,$0.48B,$1.99B,0.24,$6.65B,$2.76B,41.43%,$6.65B,$0.76B,11.36%,$6.65B,$0.76B,11.36%,$6.65B,$0.90B,13.48%,$6.65B,$0.75B,11.20%,$6.65B,$0.45B,6.73%,$0.45B,$1.99B,21.87%,$0.45B,$1.78B,24.52%,$0.45B,$3.27B,13.07%,$0.76B,$2.47B,29.75%,$1465,$836,$629,$0,$470,$1306,$159,$-1,$158,$62,$96,$96,$94,$193,$159,$74,75,$1.27,$1.25,$258,$957,$0,$1904,$928,$19,$209,$104,$1366,$3271,$571,$480,$199,$713,$1284,$55,$3736,$-55,$1987,$3271,$96,$34,$6,$39,$23,$47,$-35,$-162,$-91,$43,$-28,$0,$0,$0,$0,$0,$0,$-28,$0,$1,$1,$-122,$-122,$-31,$1,$-151,$-139,$10,$-31
39,2008-12-31,65.57,$27.20,2.41,$87.69,0.75,$7.07,9.27,$6.04,10.86,$2.14B,$0.76B,2.82,$0.49B,$2.03B,0.24,$6.85B,$2.81B,40.99%,$6.85B,$0.78B,11.43%,$6.85B,$0.78B,11.43%,$6.85B,$0.92B,13.45%,$6.85B,$0.77B,11.30%,$6.85B,$0.47B,6.80%,$0.47B,$2.03B,22.74%,$0.47B,$1.82B,25.57%,$0.47B,$3.52B,13.71%,$0.78B,$2.52B,32.31%,$1593,$913,$680,$0,$500,$1412,$181,$-7,$174,$66,$108,$108,$106,$219,$181,$77,78,$1.39,$1.37,$396,$1010,$0,$2144,$930,$21,$213,$110,$1371,$3515,$762,$488,$198,$720,$1482,$55,$3671,$-39,$2034,$3515,$475,$140,$72,$212,$-6,$-93,$-7,$-33,$-143,$530,$-181,$0,$-34,$0,$0,$0,$13,$-203,$500,$-81,$419,$-347,$-347,$-122,$14,$-37,$283,$48,$-122
40,2008-09-30,71.94,$27.98,2.57,$86.39,0.83,$5.96,12.06,$5.93,12.13,$2.17B,$0.74B,2.96,$0.50B,$2.13B,0.23,$6.87B,$2.80B,40.75%,$6.87B,$0.77B,11.20%,$6.87B,$0.77B,11.20%,$6.87B,$0.91B,13.22%,$6.87B,$0.77B,11.20%,$6.87B,$0.46B,6.65%,$0.46B,$2.13B,22.13%,$0.46B,$1.90B,24.92%,$0.46B,$3.54B,13.87%,$0.77B,$2.63B,33.17%,$1839,$1097,$742,$0,$511,$1608,$231,$-3,$229,$89,$140,$140,$137,$267,$231,$76,77,$1.80,$1.77,$364,$961,$0,$2171,$928,$23,$232,$109,$1365,$3536,$735,$497,$153,$673,$1408,$55,$3594,$46,$2128,$3536,$367,$101,$24,$125,$-126,$-17,$13,$-42,$-156,$335,$-132,$0,$-34,$0,$-6,$-6,$19,$-153,$500,$-85,$415,$-266,$-266,$-90,$12,$70,$251,$37,$-90
41,2008-06-30,67.35,$26.84,2.51,$82.17,0.82,$5.73,11.76,$5.43,12.4,$2.04B,$0.67B,3.06,$0.51B,$2.05B,0.25,$6.69B,$2.72B,40.62%,$6.69B,$0.71B,10.64%,$6.69B,$0.71B,10.64%,$6.69B,$0.85B,12.68%,$6.69B,$0.72B,10.72%,$6.69B,$0.43B,6.41%,$0.43B,$2.05B,21.14%,$0.43B,$1.81B,23.86%,$0.43B,$3.39B,13.51%,$0.71B,$2.55B,32.97%,$1757,$1051,$706,$0,$521,$1572,$185,$-0,$184,$71,$113,$113,$111,$218,$185,$77,78,$1.44,$1.42,$258,$968,$0,$2038,$930,$17,$234,$106,$1353,$3391,$666,$505,$151,$678,$1344,$55,$3485,$65,$2046,$3391,$227,$65,$21,$86,$-83,$-22,$28,$-114,$-193,$119,$-102,$0,$-7,$0,$0,$0,$19,$-89,$500,$-89,$411,$-239,$-239,$-59,$9,$122,$145,$27,$-59
42,2008-03-31,62.61,$26.01,2.41,$78.10,0.8,$6.72,9.32,$5.21,12.02,$1.86B,$0.99B,1.87,$0.01B,$1.99B,0.0,$6.53B,$2.65B,40.58%,$6.53B,$0.69B,10.62%,$6.53B,$0.69B,10.62%,$6.53B,$0.83B,12.66%,$6.53B,$0.70B,10.76%,$6.53B,$0.42B,6.47%,$0.42B,$1.99B,20.06%,$0.42B,$1.76B,22.51%,$0.42B,$3.16B,13.48%,$0.69B,$2.00B,32.83%,$1661,$981,$680,$0,$494,$1475,$186,$1,$187,$72,$114,$114,$112,$217,$186,$78,79,$1.44,$1.41,$117,$966,$0,$1855,$886,$17,$228,$109,$1301,$3156,$994,$5,$146,$172,$1166,$55,$3403,$62,$1990,$3156,$114,$32,$4,$36,$-49,$-24,$41,$-168,$-136,$13,$-33,$0,$0,$20,$0,$20,$0,$-14,$0,$228,$228,$-193,$-193,$-28,$1,$8,$4,$8,$-28
43,2007-12-31,71.41,$26.40,2.7,$74.97,0.95,$7.54,9.47,$4.95,14.43,$1.80B,$0.83B,2.18,$0.01B,$2.10B,0.0,$6.42B,$2.60B,40.55%,$6.42B,$0.67B,10.45%,$6.42B,$0.67B,10.45%,$6.42B,$0.80B,12.51%,$6.42B,$0.68B,10.62%,$6.42B,$0.41B,6.43%,$0.41B,$2.10B,19.08%,$0.41B,$1.87B,21.30%,$0.41B,$3.09B,13.25%,$0.67B,$2.10B,30.93%,$1612,$940,$671,$0,$504,$1445,$167,$2,$169,$64,$104,$104,$97,$206,$167,$82,84,$1.22,$1.24,$134,$946,$0,$1801,$878,$15,$233,$112,$1293,$3094,$826,$5,$144,$170,$996,$55,$3317,$72,$2098,$3094,$420,$132,$26,$158,$-42,$-97,$-39,$52,$-106,$469,$-185,$0,$-9,$0,$0,$0,$-2,$-197,$0,$102,$102,$-534,$-534,$-113,$31,$-514,$-235,$36,$-113
44,2007-09-30,74.11,$25.04,2.96,$71.97,1.03,$7.68,9.65,$4.80,15.44,$1.78B,$0.88B,2.03,$0.01B,$1.98B,0.0,$6.27B,$2.53B,40.41%,$6.27B,$0.65B,10.40%,$6.27B,$0.65B,10.40%,$6.27B,$0.78B,12.43%,$6.27B,$0.67B,10.62%,$6.27B,$0.42B,6.62%,$0.42B,$1.98B,19.00%,$0.42B,$1.75B,21.12%,$0.42B,$3.06B,13.37%,$0.65B,$1.99B,29.78%,$1659,$999,$660,$0,$485,$1484,$174,$3,$177,$68,$109,$109,$109,$207,$174,$82,85,$1.33,$1.29,$109,$889,$0,$1779,$861,$9,$232,$118,$1281,$3060,$878,$5,$169,$198,$1076,$55,$3239,$56,$1984,$3060,$316,$94,$26,$120,$-105,$-40,$39,$-9,$-93,$338,$-134,$0,$-5,$-4,$0,$-4,$-0,$-144,$0,$144,$144,$-544,$-544,$-85,$27,$-457,$-259,$29,$-85
45,2007-06-30,75.31,$28.00,2.69,$69.37,1.09,$7.76,9.71,$4.67,16.13,$2.00B,$0.68B,2.93,$0.01B,$2.36B,0.0,$6.13B,$2.47B,40.33%,$6.13B,$0.63B,10.26%,$6.13B,$0.63B,10.26%,$6.13B,$0.75B,12.29%,$6.13B,$0.65B,10.54%,$6.13B,$0.41B,6.69%,$0.41B,$2.36B,18.16%,$0.41B,$2.14B,20.03%,$0.41B,$3.24B,13.18%,$0.63B,$2.37B,27.80%,$1601,$961,$640,$0,$474,$1434,$167,$4,$170,$65,$105,$105,$105,$197,$167,$84,87,$1.25,$1.21,$389,$845,$0,$2002,$825,$8,$224,$120,$1237,$3239,$684,$5,$163,$192,$876,$55,$3161,$32,$2363,$3239,$207,$61,$20,$81,$-68,$-5,$50,$-88,$-103,$180,$-76,$0,$-5,$0,$0,$0,$12,$-68,$0,$6,$6,$-52,$-52,$-54,$24,$-76,$41,$22,$-54
46,2007-03-31,62.25,$26.49,2.35,$67.02,0.93,$7.04,8.84,$4.48,13.9,$1.87B,$0.68B,2.77,$0.01B,$2.21B,0.0,$6.01B,$2.42B,40.18%,$6.01B,$0.61B,10.10%,$6.01B,$0.61B,10.10%,$6.01B,$0.73B,12.11%,$6.01B,$0.63B,10.46%,$6.01B,$0.40B,6.64%,$0.40B,$2.21B,17.69%,$0.40B,$2.00B,19.45%,$0.40B,$3.07B,12.95%,$0.61B,$2.22B,26.85%,$1547,$915,$632,$0,$470,$1384,$163,$3,$166,$64,$102,$102,$102,$193,$163,$84,87,$1.21,$1.17,$325,$816,$0,$1869,$802,$8,$212,$121,$1204,$3073,$675,$5,$157,$185,$860,$55,$3086,$6,$2213,$3073,$102,$30,$12,$42,$-46,$12,$44,$-119,$-58,$82,$-33,$0,$0,$0,$0,$0,$12,$-21,$0,$0,$0,$-67,$-67,$-25,$7,$-85,$-23,$7,$-25
47,2006-12-31,56.16,$25.90,2.17,$64.54,0.87,$6.43,8.73,$4.24,13.24,$1.86B,$0.71B,2.64,$0.01B,$2.18B,0.0,$5.88B,$2.35B,40.00%,$5.88B,$0.58B,9.82%,$5.88B,$0.58B,9.82%,$5.88B,$0.70B,11.85%,$5.88B,$0.60B,10.25%,$5.88B,$0.38B,6.51%,$0.38B,$2.18B,16.72%,$0.38B,$1.97B,18.31%,$0.38B,$3.05B,12.35%,$0.58B,$2.18B,25.18%,$1462,$861,$601,$0,$454,$1314,$148,$5,$153,$54,$99,$99,$99,$182,$148,$88,91,$1.15,$1.13,$361,$827,$0,$1862,$793,$8,$211,$123,$1184,$3046,$706,$5,$151,$162,$868,$55,$3008,$3,$2178,$3046,$383,$119,$35,$154,$-53,$-34,$11,$-6,$-97,$437,$-119,$0,$-34,$15,$0,$15,$-1,$-140,$0,$0,$0,$-408,$-408,$-98,$13,$-493,$-196,$34,$-98
