,Date,Stock Price,Book Value per Share,Price to Book Ratio,TTM Sales per Share,Price to Sales Ratio,TTM FCF per Share,Price to FCF Ratio,TTM Net EPS,PE Ratio,Current Assets,Current Liabilities,Current Ratio,Long Term Debt,Shareholder's Equity_x,Debt to Equity Ratio,TTM Revenue_x,TTM Gross Profit,Gross Margin,TTM Revenue_y,TTM Operating Income,Operating Margin,TTM Revenue_x,TTM EBIT,EBIT Margin,TTM Revenue_y,TTM EBITDA,EBITDA Margin,TTM Revenue_x,TTM Pre-Tax Income,Pre-Tax Margin,TTM Revenue_y,TTM Net Income_x,Net Margin,TTM Net Income_y,Shareholder's Equity_y,Return on Equity,TTM Net Income_x,Tangible Equity,Return on Tangible Equity,TTM Net Income_y,Total Assets,Return on Assets,TTM Net Income,LT Investments & Debt,Return on Investment,revenue,cost-goods-sold,gross-profit,research-development-expenses,selling-general-administrative-expenses,operating-expenses,operating-income,total-non-operating-income-expense,pre-tax-income,total-provision-income-taxes,income-after-taxes,income-from-continuous-operations,net-income,ebitda,ebit,basic-shares-outstanding,shares-outstanding,eps-basic-net-earnings-per-share,eps-earnings-per-share-diluted,cash-on-hand,inventory,other-current-assets,total-current-assets,net-property-plant-equipment,long-term-investments,goodwill-intangible-assets-total,other-long-term-assets,total-long-term-assets,total-assets,total-current-liabilities,long-term-debt,other-non-current-liabilities,total-long-term-liabilities,total-liabilities,common-stock-net,retained-earnings-accumulated-deficit,comprehensive-income,total-share-holder-equity,total-liabilities-share-holders-equity,net-income-loss,total-depreciation-amortization-cash-flow,other-non-cash-items,total-non-cash-items,change-in-accounts-receivable,change-in-inventories,change-in-accounts-payable,change-in-assets-liabilities,total-change-in-assets-liabilities,cash-flow-from-operating-activities,net-change-in-property-plant-equipment,net-change-in-intangible-assets,net-acquisitions-divestitures,net-change-in-short-term-investments,net-change-in-long-term-investments,net-change-in-investments-total,investing-activities-other,cash-flow-from-investing-activities,net-long-term-debt,net-current-debt,debt-issuance-retirement-net-total,net-common-equity-issued-repurchased,net-total-equity-issued-repurchased,total-common-preferred-stock-dividends-paid,financial-activities-other,cash-flow-from-financial-activities,net-cash-flow,stock-based-compensation,common-stock-dividends-paid
0,2018-09-30,79.59,$35.53,2.24,$39.00,2.04,$34.92,2.28,$6.77,11.76,$1.94B,$0.90B,2.17,$1.62B,$3.94B,0.41,$4.66B,$1.04B,22.42%,$4.66B,$0.34B,7.20%,$4.66B,$0.34B,7.20%,$4.66B,$0.72B,15.40%,$4.66B,$1.21B,26.03%,$4.66B,$0.80B,17.14%,$0.80B,$3.94B,20.37%,$0.80B,$3.51B,22.99%,$0.80B,$7.72B,10.43%,$0.34B,$5.56B,6.20%,$1074,$849,$225,$0,$82,$1012,$62,$194,$256,$19,$237,$237,$237,$148,$62,$111,113,$2.12,$2.09,$1254,$13,$44,$1943,$3570,$225,$428,$1395,$5781,$7724,$897,$1622,$1270,$2892,$3789,$1,$3791,$-202,$3935,$7724,$725,$258,$-704,$-446,$0,$0,$0,$-147,$-147,$132,$1139,$0,$-263,$-174,$0,$-174,$10,$712,$186,$0,$186,$-654,$-664,$-52,$-13,$-543,$304,$0,$-52
1,2018-06-30,77.15,$33.18,2.33,$38.05,2.03,$27.78,2.78,$4.81,16.04,$1.73B,$0.92B,1.89,$1.43B,$3.70B,0.39,$4.65B,$1.06B,22.68%,$4.65B,$0.33B,7.14%,$4.65B,$0.33B,7.14%,$4.65B,$0.72B,15.48%,$4.65B,$0.99B,21.30%,$4.65B,$0.58B,12.45%,$0.58B,$3.70B,15.04%,$0.58B,$3.26B,17.54%,$0.58B,$7.32B,7.54%,$0.33B,$5.13B,6.28%,$1133,$864,$269,$0,$83,$1026,$107,$-5,$102,$25,$77,$77,$77,$196,$107,$115,116,$0.67,$0.66,$1036,$13,$135,$1727,$3376,$207,$446,$1393,$5589,$7316,$916,$1429,$1270,$2699,$3615,$1,$3571,$-276,$3701,$7316,$488,$172,$-529,$-357,$0,$0,$0,$-101,$-101,$30,$871,$0,$-5,$-103,$0,$-103,$11,$774,$-2,$0,$-2,$-588,$-598,$-35,$-12,$-647,$149,$0,$-35
2,2018-03-31,76.12,$35.54,2.14,$37.38,2.04,$23.77,3.2,$4.83,15.76,$2.20B,$1.05B,2.09,$1.44B,$4.19B,0.34,$4.67B,$1.06B,22.77%,$4.67B,$0.33B,6.98%,$4.67B,$0.33B,6.98%,$4.67B,$0.72B,15.42%,$4.67B,$1.05B,22.39%,$4.67B,$0.61B,12.96%,$0.61B,$4.19B,15.58%,$0.61B,$3.74B,18.65%,$0.61B,$7.99B,7.73%,$0.33B,$5.63B,6.12%,$1109,$852,$257,$0,$95,$1030,$79,$482,$561,$150,$411,$411,$411,$162,$79,$119,121,$3.47,$3.40,$1664,$13,$0,$2196,$3572,$174,$459,$1419,$5791,$7987,$1051,$1439,$1303,$2742,$3793,$1,$3511,$-230,$4194,$7987,$411,$83,$-525,$-442,$0,$0,$0,$85,$85,$54,$932,$0,$0,$9,$0,$9,$-6,$935,$-1,$0,$-1,$-75,$-85,$-18,$-5,$-109,$877,$0,$-18
3,2017-12-31,73.27,$32.30,2.27,$36.79,1.99,$16.30,4.49,$1.97,37.19,$1.33B,$0.99B,1.34,$1.44B,$3.84B,0.38,$4.69B,$1.05B,22.35%,$4.69B,$0.30B,6.45%,$4.69B,$0.30B,6.45%,$4.69B,$0.70B,14.94%,$4.69B,$0.57B,12.23%,$4.69B,$0.25B,5.31%,$0.25B,$3.84B,6.61%,$0.25B,$3.39B,8.20%,$0.25B,$7.57B,3.20%,$0.30B,$5.28B,5.80%,$1340,$1047,$293,$0,$101,$1253,$87,$206,$293,$220,$73,$73,$73,$211,$87,$125,126,$0.60,$0.60,$786,$14,$0,$1327,$4034,$212,$455,$1384,$6245,$7572,$992,$1440,$1287,$2737,$3729,$1,$3054,$-185,$3843,$7572,$250,$398,$-154,$244,$-37,$12,$95,$20,$126,$620,$365,$0,$-259,$347,$0,$347,$-187,$266,$-112,$0,$-112,$-743,$-734,$0,$-12,$-858,$21,$0,$0
4,2017-09-30,61.56,$30.09,2.05,$34.30,1.79,$12.74,4.83,$1.66,37.09,$1.27B,$1.20B,1.06,$1.44B,$3.66B,0.4,$4.43B,$0.98B,22.11%,$4.43B,$0.28B,6.20%,$4.43B,$0.28B,6.20%,$4.43B,$0.66B,14.96%,$4.43B,$0.34B,7.69%,$4.43B,$0.22B,4.90%,$0.22B,$3.66B,5.74%,$0.22B,$2.82B,7.26%,$0.22B,$7.86B,2.78%,$0.28B,$5.10B,5.26%,$1070,$834,$236,$0,$89,$1011,$59,$-24,$35,$16,$19,$19,$18,$151,$59,$124,125,$0.14,$0.14,$663,$15,$0,$1268,$4243,$199,$834,$1000,$6593,$7861,$1200,$1444,$1550,$3004,$4204,$1,$2666,$-172,$3657,$7861,$177,$274,$-1,$273,$0,$0,$0,$-22,$-22,$428,$84,$0,$-259,$132,$0,$132,$-11,$-54,$229,$0,$229,$-555,$-546,$0,$-7,$-324,$50,$0,$0
5,2017-06-30,56.0,$30.62,1.83,$33.95,1.65,$12.42,4.51,$2.00,28.0,$1.36B,$1.07B,1.27,$1.45B,$3.84B,0.38,$4.45B,$0.97B,21.89%,$4.45B,$0.29B,6.40%,$4.45B,$0.29B,6.40%,$4.45B,$0.67B,15.01%,$4.45B,$0.40B,8.90%,$4.45B,$0.26B,5.87%,$0.26B,$3.84B,6.78%,$0.26B,$3.03B,8.47%,$0.26B,$7.90B,3.36%,$0.29B,$5.29B,5.38%,$1149,$872,$277,$0,$90,$1048,$101,$55,$156,$53,$103,$103,$103,$196,$101,$126,127,$0.82,$0.81,$791,$15,$0,$1363,$4239,$181,$816,$993,$6538,$7901,$1073,$1446,$1530,$2985,$4058,$1,$2650,$-172,$3843,$7901,$158,$182,$-25,$157,$0,$0,$0,$-5,$-5,$310,$163,$0,$-243,$178,$0,$178,$-8,$90,$125,$0,$125,$-348,$-339,$0,$-5,$-219,$183,$0,$0
6,2017-03-31,53.78,$29.65,1.81,$33.52,1.6,$11.61,4.63,$1.81,29.71,$1.05B,$1.11B,0.95,$1.45B,$3.72B,0.39,$4.47B,$0.96B,21.50%,$4.47B,$0.29B,6.40%,$4.47B,$0.29B,6.40%,$4.47B,$0.66B,14.78%,$4.47B,$0.33B,7.34%,$4.47B,$0.23B,5.04%,$0.23B,$3.72B,5.79%,$0.23B,$2.92B,7.12%,$0.23B,$7.76B,2.92%,$0.29B,$5.17B,5.36%,$1126,$885,$241,$0,$99,$1071,$55,$34,$89,$34,$55,$55,$55,$142,$55,$130,131,$0.43,$0.42,$490,$16,$0,$1048,$4472,$169,$805,$947,$6715,$7763,$1109,$1445,$1480,$2934,$4043,$1,$2563,$-202,$3720,$7763,$55,$87,$28,$115,$0,$0,$0,$-29,$-29,$141,$-50,$0,$-245,$200,$0,$200,$-1,$-96,$177,$0,$177,$-348,$-339,$0,$-4,$-166,$-120,$0,$0
7,2016-12-31,55.06,$29.87,1.84,$32.94,1.67,$11.01,5.0,$1.52,36.22,$1.14B,$0.92B,1.23,$1.45B,$3.91B,0.37,$4.43B,$0.96B,21.59%,$4.43B,$0.30B,6.75%,$4.43B,$0.30B,6.75%,$4.43B,$0.67B,15.06%,$4.43B,$0.29B,6.53%,$4.43B,$0.20B,4.61%,$0.20B,$3.91B,5.15%,$0.20B,$3.18B,6.25%,$0.20B,$7.75B,2.63%,$0.30B,$5.35B,5.53%,$1087,$861,$226,$0,$78,$1027,$60,$1,$61,$20,$41,$41,$41,$174,$60,$133,134,$0.30,$0.31,$614,$28,$0,$1139,$4270,$186,$724,$1098,$6610,$7749,$924,$1445,$1472,$2917,$3841,$1,$2493,$-277,$3908,$7749,$204,$368,$-51,$317,$-14,$2,$7,$-55,$-32,$489,$78,$0,$-492,$18,$0,$18,$16,$-380,$182,$0,$182,$-272,$-272,$0,$-6,$-96,$25,$0,$0
8,2016-09-30,49.04,$29.94,1.64,$32.53,1.51,$9.25,5.3,$1.47,33.36,$1.22B,$0.83B,1.47,$1.45B,$3.92B,0.37,$4.45B,$0.97B,21.70%,$4.45B,$0.30B,6.76%,$4.45B,$0.30B,6.76%,$4.45B,$0.67B,15.01%,$4.45B,$0.26B,5.91%,$4.45B,$0.20B,4.49%,$0.20B,$3.92B,5.03%,$0.20B,$3.20B,6.07%,$0.20B,$7.65B,2.59%,$0.30B,$5.36B,5.65%,$1088,$858,$230,$0,$74,$1019,$69,$21,$90,$28,$62,$62,$62,$156,$69,$132,133,$0.48,$0.47,$656,$16,$0,$1219,$3971,$306,$718,$1094,$6428,$7647,$832,$1447,$1451,$2898,$3730,$1,$2452,$-227,$3917,$7647,$163,$254,$0,$254,$0,$0,$0,$-66,$-66,$351,$149,$0,$-331,$55,$0,$55,$33,$-94,$85,$0,$85,$-268,$-268,$0,$-2,$-185,$87,$0,$0
9,2016-06-30,48.96,$30.04,1.63,$31.71,1.54,$7.57,6.47,$1.18,41.49,$1.35B,$0.82B,1.64,$1.46B,$4.01B,0.36,$4.42B,$0.96B,21.65%,$4.42B,$0.32B,7.25%,$4.42B,$0.32B,7.25%,$4.42B,$0.68B,15.35%,$4.42B,$0.22B,4.94%,$4.42B,$0.16B,3.69%,$0.16B,$4.01B,4.04%,$0.16B,$3.34B,4.85%,$0.16B,$7.71B,2.11%,$0.32B,$5.46B,6.06%,$1165,$902,$263,$0,$75,$1063,$102,$-14,$88,$21,$67,$67,$67,$188,$102,$134,135,$0.50,$0.49,$768,$16,$0,$1347,$3959,$308,$669,$1104,$6359,$7706,$824,$1455,$1419,$2874,$3698,$1,$2390,$-207,$4008,$7706,$101,$167,$21,$188,$0,$0,$0,$-50,$-50,$239,$155,$0,$-238,$41,$0,$41,$19,$-23,$91,$0,$91,$-131,$-131,$0,$-7,$-47,$185,$0,$0
10,2016-03-31,49.31,$29.68,1.66,$30.72,1.61,$5.67,8.7,$0.96,51.36,$1.46B,$1.01B,1.45,$1.44B,$4.00B,0.36,$4.36B,$0.96B,21.91%,$4.36B,$0.33B,7.61%,$4.36B,$0.33B,7.61%,$4.36B,$0.68B,15.59%,$4.36B,$0.21B,4.81%,$4.36B,$0.14B,3.12%,$0.14B,$4.00B,3.31%,$0.14B,$3.33B,3.95%,$0.14B,$7.90B,1.75%,$0.33B,$5.44B,6.23%,$1089,$852,$237,$0,$88,$1021,$68,$-18,$50,$16,$34,$34,$34,$149,$68,$135,136,$0.25,$0.25,$899,$16,$0,$1462,$4023,$332,$675,$1082,$6437,$7899,$1012,$1441,$1446,$2887,$3899,$1,$2323,$-210,$4000,$7899,$34,$81,$-1,$80,$0,$0,$0,$-63,$-63,$51,$-38,$0,$0,$6,$0,$6,$20,$-12,$331,$0,$331,$-63,$-63,$0,$-4,$264,$314,$0,$0
11,2015-12-31,46.85,$29.32,1.6,$29.80,1.57,$5.73,8.18,$0.86,54.47,$1.12B,$1.11B,1.02,$1.04B,$4.00B,0.26,$4.33B,$0.95B,21.97%,$4.33B,$0.32B,7.46%,$4.33B,$0.32B,7.46%,$4.33B,$0.67B,15.46%,$4.33B,$0.19B,4.48%,$4.33B,$0.12B,2.87%,$0.12B,$4.00B,2.94%,$0.12B,$3.32B,3.49%,$0.12B,$7.59B,1.60%,$0.32B,$5.04B,5.96%,$1109,$873,$236,$0,$87,$1047,$62,$-27,$35,$-2,$37,$37,$37,$175,$62,$143,144,$0.26,$0.26,$599,$12,$0,$1124,$4031,$327,$676,$1112,$6467,$7591,$1107,$1042,$1447,$2489,$3596,$1,$2289,$-230,$3995,$7591,$124,$346,$43,$389,$29,$1,$-7,$13,$25,$538,$-181,$0,$-3,$-27,$0,$-27,$164,$-47,$7,$0,$7,$-715,$-715,$0,$-7,$-715,$-228,$0,$0
12,2015-09-30,46.93,$29.57,1.59,$29.09,1.61,$14.18,3.31,$1.80,26.07,$1.29B,$1.04B,1.23,$1.06B,$4.13B,0.26,$4.30B,$0.94B,21.96%,$4.30B,$0.30B,6.98%,$4.30B,$0.30B,6.98%,$4.30B,$0.67B,15.59%,$4.30B,$0.42B,9.77%,$4.30B,$0.27B,6.26%,$0.27B,$4.13B,6.14%,$0.27B,$3.46B,7.26%,$0.27B,$7.67B,3.41%,$0.30B,$5.19B,5.30%,$1053,$833,$220,$0,$54,$965,$88,$-43,$45,$20,$25,$25,$25,$166,$88,$142,143,$0.18,$0.18,$731,$13,$0,$1287,$4032,$323,$671,$1106,$6385,$7672,$1043,$1059,$1436,$2495,$3538,$1,$2252,$-226,$4134,$7672,$87,$233,$18,$251,$0,$0,$0,$58,$58,$396,$-99,$0,$0,$-53,$0,$-53,$176,$24,$7,$0,$7,$-539,$-539,$0,$-2,$-534,$-116,$0,$0
13,2015-06-30,56.48,$30.16,1.87,$28.90,1.95,$15.47,3.65,$1.83,30.86,$1.48B,$0.77B,1.92,$1.32B,$4.33B,0.31,$4.35B,$0.96B,22.17%,$4.35B,$0.28B,6.53%,$4.35B,$0.28B,6.53%,$4.35B,$0.67B,15.34%,$4.35B,$0.44B,10.07%,$4.35B,$0.28B,6.35%,$0.28B,$4.33B,6.11%,$0.28B,$3.65B,7.19%,$0.28B,$7.84B,3.45%,$0.28B,$5.65B,4.85%,$1112,$849,$263,$0,$73,$998,$114,$-34,$80,$40,$40,$40,$40,$190,$114,$144,146,$0.28,$0.27,$928,$15,$0,$1483,$4093,$331,$678,$1039,$6359,$7842,$772,$1319,$1423,$2742,$3514,$1,$2227,$-201,$4328,$7842,$62,$155,$32,$187,$0,$0,$0,$-65,$-65,$184,$-36,$0,$0,$0,$0,$0,$147,$111,$10,$0,$10,$-344,$-344,$0,$-10,$-344,$-41,$0,$0
14,2015-03-31,59.0,$30.28,1.95,$28.72,2.05,$17.40,3.39,$2.04,28.92,$1.57B,$0.70B,2.25,$1.37B,$4.43B,0.31,$4.40B,$0.98B,22.28%,$4.40B,$0.29B,6.48%,$4.40B,$0.29B,6.48%,$4.40B,$0.68B,15.36%,$4.40B,$0.48B,10.90%,$4.40B,$0.31B,7.05%,$0.31B,$4.43B,6.69%,$0.31B,$3.76B,7.87%,$0.31B,$7.91B,3.86%,$0.29B,$5.80B,4.78%,$1054,$822,$232,$0,$94,$995,$59,$-25,$34,$12,$22,$22,$22,$138,$59,$147,149,$0.15,$0.15,$984,$16,$5,$1574,$4100,$342,$664,$1024,$6335,$7909,$699,$1370,$1414,$2784,$3483,$1,$2187,$-213,$4426,$7909,$22,$79,$8,$87,$0,$0,$0,$-94,$-94,$15,$8,$0,$0,$6,$0,$6,$27,$41,$0,$0,$0,$-187,$-187,$0,$-6,$-193,$-122,$0,$0
15,2014-12-31,59.99,$31.06,1.93,$28.49,2.11,$19.32,3.11,$2.25,26.66,$1.71B,$0.73B,2.34,$1.38B,$4.63B,0.3,$4.42B,$0.98B,22.24%,$4.42B,$0.28B,6.32%,$4.42B,$0.28B,6.32%,$4.42B,$0.69B,15.52%,$4.42B,$0.53B,11.89%,$4.42B,$0.34B,7.79%,$0.34B,$4.63B,7.29%,$0.34B,$3.95B,8.59%,$0.34B,$8.14B,4.25%,$0.28B,$6.01B,4.62%,$1079,$850,$229,$0,$105,$1040,$39,$222,$261,$79,$182,$182,$182,$176,$39,$153,154,$1.20,$1.18,$1174,$17,$63,$1709,$4186,$334,$685,$993,$6434,$8143,$730,$1381,$1401,$2782,$3512,$2,$2165,$-160,$4631,$8143,$346,$406,$-303,$103,$-28,$8,$186,$-80,$24,$473,$1214,$0,$-548,$-158,$0,$-158,$-135,$373,$-150,$0,$-150,$-443,$-443,$0,$-14,$-607,$231,$0,$0
16,2014-09-30,60.3,$30.73,1.96,$28.35,2.13,$13.57,4.44,$1.25,48.24,$1.11B,$0.82B,1.37,$1.29B,$4.69B,0.28,$4.43B,$0.99B,22.27%,$4.43B,$0.30B,6.66%,$4.43B,$0.30B,6.66%,$4.43B,$0.68B,15.41%,$4.43B,$0.32B,7.25%,$4.43B,$0.19B,4.38%,$0.19B,$4.69B,4.08%,$0.19B,$3.99B,4.82%,$0.19B,$8.07B,2.39%,$0.30B,$5.98B,4.88%,$1104,$864,$240,$0,$77,$1032,$72,$-9,$63,$30,$33,$33,$32,$163,$72,$153,154,$0.21,$0.21,$388,$18,$221,$1113,$4640,$341,$704,$983,$6956,$8069,$815,$1292,$1271,$2563,$3378,$2,$1983,$-109,$4691,$8069,$164,$269,$-32,$237,$0,$0,$0,$-39,$-39,$362,$156,$0,$-391,$-71,$0,$-71,$56,$-250,$-50,$0,$-50,$-228,$-228,$0,$-9,$-287,$-191,$0,$0
17,2014-06-30,60.76,$31.04,1.96,$27.72,2.19,$14.67,4.14,$1.39,43.71,$1.35B,$0.68B,1.99,$1.30B,$4.78B,0.27,$4.35B,$0.96B,22.01%,$4.35B,$0.28B,6.35%,$4.35B,$0.28B,6.35%,$4.35B,$0.65B,15.01%,$4.35B,$0.35B,8.09%,$4.35B,$0.22B,4.99%,$0.22B,$4.78B,4.55%,$0.22B,$4.06B,5.35%,$0.22B,$8.01B,2.69%,$0.28B,$6.08B,4.55%,$1158,$880,$278,$0,$80,$1043,$115,$6,$121,$46,$75,$75,$74,$198,$115,$154,155,$0.48,$0.48,$686,$17,$175,$1354,$4366,$319,$723,$987,$6659,$8013,$679,$1298,$1257,$2555,$3234,$2,$1951,$-61,$4779,$8013,$131,$178,$-28,$150,$0,$0,$0,$-28,$-28,$253,$205,$0,$0,$-80,$0,$-80,$76,$201,$-177,$0,$-177,$-149,$-149,$0,$-11,$-337,$99,$0,$0
18,2014-03-31,53.61,$30.73,1.74,$27.07,1.98,$13.46,3.98,$1.61,33.3,$1.46B,$0.86B,1.71,$1.29B,$4.78B,0.27,$4.28B,$0.95B,22.11%,$4.28B,$0.27B,6.28%,$4.28B,$0.27B,6.28%,$4.28B,$0.65B,15.13%,$4.28B,$0.40B,9.29%,$4.28B,$0.26B,5.95%,$0.26B,$4.78B,5.36%,$0.26B,$4.03B,6.28%,$0.26B,$8.18B,3.19%,$0.27B,$6.07B,4.46%,$1074,$839,$235,$0,$87,$1021,$53,$27,$80,$24,$56,$56,$56,$148,$53,$155,156,$0.36,$0.36,$895,$75,$0,$1462,$4378,$322,$742,$972,$6714,$8176,$857,$1293,$1251,$2544,$3401,$2,$1877,$-70,$4775,$8176,$56,$95,$-42,$53,$0,$0,$0,$-60,$-60,$49,$275,$0,$0,$-24,$0,$-24,$78,$329,$0,$0,$0,$-59,$-59,$0,$-7,$-66,$311,$0,$0
19,2013-12-31,49.28,$30.60,1.61,$26.21,1.88,$11.51,4.28,$1.30,37.91,$1.16B,$0.87B,1.34,$1.29B,$4.78B,0.27,$4.18B,$0.90B,21.53%,$4.18B,$0.23B,5.57%,$4.18B,$0.23B,5.57%,$4.18B,$0.61B,14.46%,$4.18B,$0.32B,7.67%,$4.18B,$0.21B,4.95%,$0.21B,$4.78B,4.34%,$0.21B,$4.04B,5.06%,$0.21B,$8.18B,2.63%,$0.23B,$6.07B,3.86%,$1091,$858,$233,$0,$87,$1036,$55,$2,$57,$27,$30,$30,$32,$173,$55,$159,159,$0.20,$0.20,$668,$77,$0,$1163,$4671,$329,$738,$959,$7014,$8177,$871,$1289,$1240,$2529,$3400,$2,$1821,$-68,$4777,$8177,$205,$372,$-90,$282,$-9,$3,$71,$-107,$-31,$456,$369,$0,$-814,$98,$0,$98,$200,$-147,$17,$0,$17,$-275,$-275,$0,$-6,$-264,$41,$0,$0
20,2013-09-30,42.8,$30.36,1.41,$25.40,1.69,$8.05,5.32,$1.19,35.97,$1.76B,$0.68B,2.59,$1.28B,$4.75B,0.27,$4.09B,$0.88B,21.38%,$4.09B,$0.22B,5.30%,$4.09B,$0.22B,5.30%,$4.09B,$0.58B,14.24%,$4.09B,$0.27B,6.55%,$4.09B,$0.19B,4.67%,$0.19B,$4.75B,4.00%,$0.19B,$4.09B,4.59%,$0.19B,$7.87B,2.47%,$0.22B,$6.04B,3.60%,$1026,$815,$211,$0,$77,$973,$53,$41,$94,$39,$55,$55,$55,$134,$53,$156,157,$0.35,$0.35,$1246,$71,$0,$1756,$3827,$473,$662,$884,$6113,$7869,$679,$1283,$1154,$2437,$3116,$2,$1789,$-77,$4753,$7869,$175,$254,$-50,$204,$0,$0,$0,$-23,$-23,$356,$345,$0,$-85,$27,$0,$27,$-109,$178,$84,$0,$84,$-252,$-252,$0,$-5,$-173,$361,$0,$0
21,2013-06-30,40.21,$29.99,1.34,$24.76,1.62,$4.52,8.89,$0.98,41.03,$1.84B,$0.63B,2.9,$1.27B,$4.71B,0.27,$4.04B,$0.87B,21.44%,$4.04B,$0.20B,5.04%,$4.04B,$0.20B,5.04%,$4.04B,$0.58B,14.27%,$4.04B,$0.19B,4.80%,$4.04B,$0.16B,3.93%,$0.16B,$4.71B,3.30%,$0.16B,$4.07B,3.76%,$0.16B,$7.71B,2.07%,$0.20B,$5.98B,3.37%,$1092,$824,$268,$0,$75,$984,$108,$59,$167,$55,$112,$112,$112,$193,$108,$160,160,$0.70,$0.70,$956,$74,$95,$1839,$3942,$348,$645,$638,$5868,$7707,$634,$1265,$1094,$2359,$2993,$2,$1725,$-74,$4714,$7707,$120,$173,$-30,$143,$0,$0,$0,$-101,$-101,$162,$116,$0,$-85,$375,$0,$375,$-94,$312,$52,$0,$52,$-223,$-223,$0,$-4,$-175,$305,$0,$0
22,2013-03-31,43.07,$29.75,1.45,$24.05,1.79,$3.23,13.32,$0.52,82.83,$1.70B,$0.58B,2.91,$1.23B,$4.81B,0.26,$3.97B,$0.83B,20.95%,$3.97B,$0.17B,4.26%,$3.97B,$0.17B,4.26%,$3.97B,$0.55B,13.77%,$3.97B,$0.08B,2.12%,$3.97B,$0.09B,2.17%,$0.09B,$4.81B,1.77%,$0.09B,$4.17B,2.00%,$0.09B,$7.72B,1.12%,$0.17B,$6.04B,2.78%,$975,$786,$189,$0,$84,$958,$17,$-14,$3,$-5,$8,$8,$8,$105,$17,$162,163,$0.05,$0.05,$881,$77,$4,$1696,$4148,$332,$643,$641,$6026,$7722,$583,$1228,$1097,$2325,$2908,$2,$1613,$-50,$4814,$7722,$8,$88,$13,$101,$0,$0,$0,$-82,$-82,$27,$-7,$0,$-85,$10,$0,$10,$-21,$-103,$11,$0,$11,$-27,$-27,$0,$-2,$-18,$-83,$0,$0
23,2012-12-31,38.43,$29.75,1.29,$23.82,1.61,$2.91,13.23,$0.53,72.51,$1.76B,$0.62B,2.85,$1.23B,$4.82B,0.26,$3.95B,$0.83B,20.97%,$3.95B,$0.16B,4.03%,$3.95B,$0.16B,4.03%,$3.95B,$0.53B,13.52%,$3.95B,$0.10B,2.41%,$3.95B,$0.09B,2.23%,$0.09B,$4.82B,1.81%,$0.09B,$4.30B,2.02%,$0.09B,$7.63B,1.15%,$0.16B,$6.05B,2.61%,$1000,$793,$207,$0,$78,$961,$39,$-35,$4,$-11,$15,$15,$16,$151,$39,$165,165,$0.09,$0.09,$999,$80,$34,$1758,$4139,$283,$521,$620,$5872,$7630,$618,$1229,$962,$2191,$2809,$2,$1614,$-67,$4821,$7630,$87,$375,$104,$479,$-33,$8,$0,$-153,$-67,$499,$-214,$0,$-233,$98,$0,$98,$-140,$-489,$10,$0,$10,$-136,$-136,$0,$2,$-124,$-121,$0,$0
24,2012-09-30,40.0,$29.75,1.34,$23.62,1.69,$2.19,18.29,$0.75,53.34,$1.88B,$0.61B,3.06,$1.22B,$4.91B,0.25,$3.94B,$0.82B,20.82%,$3.94B,$0.15B,3.76%,$3.94B,$0.15B,3.76%,$3.94B,$0.50B,12.64%,$3.94B,$0.12B,2.92%,$3.94B,$0.12B,3.15%,$0.12B,$4.91B,2.55%,$0.12B,$4.39B,2.83%,$0.12B,$7.74B,1.63%,$0.15B,$6.12B,2.43%,$977,$774,$203,$0,$75,$937,$40,$-20,$20,$-3,$23,$23,$23,$128,$40,$165,166,$0.14,$0.14,$1037,$82,$74,$1876,$4109,$298,$512,$593,$5860,$7736,$613,$1219,$999,$2218,$2831,$2,$1589,$-55,$4905,$7736,$72,$263,$-11,$252,$0,$0,$0,$42,$42,$366,$-210,$0,$-180,$68,$0,$68,$-97,$-419,$0,$0,$0,$-33,$-33,$0,$3,$-30,$-88,$0,$0
25,2012-06-30,37.02,$29.47,1.26,$23.14,1.6,$2.53,14.66,$0.69,53.66,$1.44B,$0.61B,2.36,$1.22B,$4.88B,0.25,$3.86B,$0.80B,20.81%,$3.86B,$0.16B,4.17%,$3.86B,$0.16B,4.17%,$3.86B,$0.50B,12.90%,$3.86B,$0.10B,2.67%,$3.86B,$0.12B,2.98%,$0.12B,$4.88B,2.38%,$0.12B,$4.38B,2.63%,$0.12B,$7.68B,1.53%,$0.16B,$6.10B,2.66%,$1014,$782,$232,$0,$70,$941,$73,$-16,$57,$18,$39,$39,$39,$162,$73,$166,166,$0.24,$0.24,$949,$85,$0,$1440,$4184,$317,$508,$578,$6241,$7681,$611,$1220,$967,$2187,$2798,$2,$1566,$-84,$4883,$7681,$49,$175,$-1,$174,$0,$0,$0,$8,$8,$231,$-157,$0,$-179,$67,$0,$67,$-84,$-353,$0,$0,$0,$0,$0,$0,$-3,$-3,$-130,$0,$0
26,2012-03-31,42.56,$29.39,1.45,$22.54,1.89,$3.15,13.52,$0.67,63.53,$1.58B,$0.55B,2.89,$1.22B,$4.86B,0.25,$3.78B,$0.77B,20.34%,$3.78B,$0.14B,3.78%,$3.78B,$0.14B,3.78%,$3.78B,$0.46B,12.25%,$3.78B,$0.08B,2.14%,$3.78B,$0.11B,2.99%,$0.11B,$4.86B,2.34%,$0.11B,$4.40B,2.58%,$0.11B,$7.56B,1.53%,$0.14B,$6.08B,2.41%,$958,$772,$186,$0,$93,$951,$7,$7,$14,$4,$10,$10,$10,$93,$7,$166,166,$0.06,$0.06,$1089,$86,$0,$1581,$4040,$300,$466,$574,$5981,$7562,$548,$1220,$930,$2150,$2698,$2,$1527,$-60,$4864,$7562,$10,$86,$1,$87,$0,$0,$0,$-36,$-36,$61,$-95,$0,$0,$69,$0,$69,$-23,$-49,$0,$0,$0,$0,$0,$0,$0,$0,$8,$0,$0
27,2011-12-31,37.5,$29.23,1.28,$21.78,1.72,$3.33,11.28,$0.67,55.97,$1.59B,$0.57B,2.8,$1.22B,$4.83B,0.25,$3.70B,$0.74B,20.04%,$3.70B,$0.15B,4.14%,$3.70B,$0.15B,4.14%,$3.70B,$0.46B,12.39%,$3.70B,$0.08B,2.24%,$3.70B,$0.11B,3.06%,$0.11B,$4.83B,2.30%,$0.11B,$4.37B,2.52%,$0.11B,$7.51B,1.55%,$0.15B,$6.05B,2.61%,$990,$791,$199,$0,$84,$962,$28,$-4,$24,$-28,$52,$52,$52,$115,$28,$169,169,$0.31,$0.31,$1149,$87,$0,$1591,$4043,$280,$461,$575,$5916,$7507,$568,$1221,$890,$2111,$2679,$2,$1517,$-80,$4828,$7507,$111,$305,$-58,$247,$-17,$7,$0,$36,$35,$393,$-223,$0,$-716,$-127,$0,$-127,$51,$-1015,$465,$0,$465,$-396,$-396,$0,$-13,$56,$-576,$0,$0
28,2011-09-30,31.26,$28.99,1.08,$21.20,1.47,$4.46,7.01,$0.39,80.14,$1.69B,$0.57B,2.98,$1.22B,$4.79B,0.26,$3.63B,$0.71B,19.69%,$3.63B,$0.14B,3.89%,$3.63B,$0.14B,3.89%,$3.63B,$0.43B,11.97%,$3.63B,$0.06B,1.60%,$3.63B,$0.07B,1.85%,$0.07B,$4.79B,1.35%,$0.07B,$4.33B,1.46%,$0.07B,$7.39B,0.93%,$0.14B,$6.01B,2.42%,$897,$711,$186,$0,$58,$844,$53,$-45,$8,$-5,$13,$13,$14,$128,$53,$166,166,$0.08,$0.08,$1256,$93,$0,$1688,$3990,$278,$458,$564,$5699,$7387,$566,$1221,$813,$2034,$2600,$2,$1465,$-64,$4787,$7387,$59,$218,$27,$245,$0,$0,$0,$34,$34,$338,$-126,$0,$-688,$-41,$0,$-41,$50,$-805,$465,$0,$465,$-396,$-396,$0,$-13,$56,$-420,$0,$0
29,2011-06-30,40.67,$29.28,1.39,$20.83,1.95,$4.78,8.52,$0.48,84.73,$1.90B,$0.63B,3.03,$0.71B,$4.83B,0.15,$3.61B,$0.68B,18.74%,$3.61B,$0.10B,2.77%,$3.61B,$0.10B,2.77%,$3.61B,$0.39B,10.70%,$3.61B,$0.10B,2.66%,$3.61B,$0.08B,2.30%,$0.08B,$4.83B,1.64%,$0.08B,$4.45B,1.77%,$0.08B,$7.00B,1.15%,$0.10B,$5.55B,1.73%,$936,$738,$198,$0,$71,$881,$55,$-20,$35,$-1,$36,$36,$37,$127,$55,$170,170,$0.22,$0.22,$1444,$96,$0,$1898,$3451,$278,$384,$583,$5099,$6997,$627,$714,$822,$1536,$2163,$2,$1451,$2,$4834,$6997,$46,$143,$11,$154,$0,$0,$0,$10,$10,$210,$-28,$0,$-77,$-28,$0,$-28,$63,$-70,$25,$0,$25,$-396,$-396,$0,$-3,$-374,$-234,$0,$0
30,2011-03-31,42.88,$29.71,1.44,$20.43,2.1,$4.89,8.76,$0.40,107.21,$2.19B,$0.57B,3.85,$0.71B,$5.17B,0.14,$3.56B,$0.66B,18.56%,$3.56B,$0.10B,2.92%,$3.56B,$0.10B,2.92%,$3.56B,$0.38B,10.78%,$3.56B,$0.08B,2.25%,$3.56B,$0.07B,1.99%,$0.07B,$5.17B,1.39%,$0.07B,$4.78B,1.50%,$0.07B,$7.28B,0.98%,$0.10B,$5.88B,1.78%,$875,$717,$158,$0,$70,$858,$17,$-1,$16,$6,$10,$10,$10,$88,$17,$174,175,$0.06,$0.06,$1758,$99,$0,$2185,$3453,$248,$387,$576,$5093,$7278,$567,$712,$830,$1542,$2109,$2,$1414,$-15,$5169,$7278,$10,$71,$0,$71,$0,$0,$0,$-40,$-40,$41,$-46,$0,$0,$-16,$0,$-16,$23,$-39,$24,$0,$24,$0,$0,$0,$0,$24,$26,$0,$0
31,2010-12-31,45.59,$29.50,1.55,$20.25,2.25,$5.70,7.99,$0.37,123.22,$2.17B,$0.60B,3.63,$0.71B,$5.13B,0.14,$3.53B,$0.66B,18.80%,$3.53B,$0.11B,3.06%,$3.53B,$0.11B,3.06%,$3.53B,$0.39B,10.97%,$3.53B,$0.09B,2.50%,$3.53B,$0.07B,1.87%,$0.07B,$5.13B,1.30%,$0.07B,$4.75B,1.39%,$0.07B,$7.24B,0.92%,$0.11B,$5.85B,1.84%,$918,$746,$172,$0,$81,$902,$16,$-17,$-1,$3,$-4,$-4,$6,$91,$16,$174,174,$0.04,$0.04,$1740,$100,$18,$2165,$3453,$245,$382,$561,$5078,$7243,$596,$714,$802,$1516,$2112,$2,$1404,$-38,$5131,$7243,$55,$279,$46,$325,$22,$4,$0,$-54,$70,$450,$-77,$0,$0,$-482,$0,$-482,$-104,$-663,$-39,$0,$-39,$0,$0,$0,$0,$-39,$-217,$0,$0
32,2010-09-30,37.25,$29.48,1.26,$20.17,1.85,$3.92,9.52,$0.27,137.97,$2.20B,$0.62B,3.54,$0.72B,$5.13B,0.14,$3.50B,$0.65B,18.44%,$3.50B,$0.10B,2.92%,$3.50B,$0.10B,2.92%,$3.50B,$0.38B,10.81%,$3.50B,$0.08B,2.23%,$3.50B,$0.05B,1.37%,$0.05B,$5.13B,0.95%,$0.05B,$4.73B,1.02%,$0.05B,$7.23B,0.67%,$0.10B,$5.84B,1.74%,$879,$731,$148,$0,$68,$867,$12,$34,$46,$17,$29,$29,$30,$80,$12,$174,174,$0.17,$0.17,$1662,$128,$18,$2200,$3407,$260,$395,$518,$5032,$7232,$621,$716,$768,$1484,$2105,$2,$1398,$-39,$5127,$7232,$59,$204,$2,$206,$0,$0,$0,$35,$35,$300,$-22,$0,$0,$-571,$0,$-571,$-23,$-616,$-6,$0,$-6,$0,$0,$0,$-2,$-8,$-321,$0,$0
