,Date,Stock Price,Book Value per Share,Price to Book Ratio,TTM Sales per Share,Price to Sales Ratio,TTM FCF per Share,Price to FCF Ratio,TTM Net EPS,PE Ratio,Current Assets,Current Liabilities,Current Ratio,Long Term Debt,Shareholder's Equity_x,Debt to Equity Ratio,TTM Revenue_x,TTM Gross Profit,Gross Margin,TTM Revenue_y,TTM Operating Income,Operating Margin,TTM Revenue_x,TTM EBIT,EBIT Margin,TTM Revenue_y,TTM EBITDA,EBITDA Margin,TTM Revenue_x,TTM Pre-Tax Income,Pre-Tax Margin,TTM Revenue_y,TTM Net Income_x,Net Margin,TTM Net Income_y,Shareholder's Equity_y,Return on Equity,TTM Net Income_x,Tangible Equity,Return on Tangible Equity,TTM Net Income_y,Total Assets,Return on Assets,TTM Net Income,LT Investments & Debt,Return on Investment,revenue,cost-goods-sold,gross-profit,research-development-expenses,selling-general-administrative-expenses,operating-expenses,operating-income,total-non-operating-income-expense,pre-tax-income,total-provision-income-taxes,income-after-taxes,income-from-continuous-operations,net-income,ebitda,ebit,basic-shares-outstanding,shares-outstanding,eps-basic-net-earnings-per-share,eps-earnings-per-share-diluted,cash-on-hand,inventory,other-current-assets,total-current-assets,net-property-plant-equipment,long-term-investments,goodwill-intangible-assets-total,other-long-term-assets,total-long-term-assets,total-assets,total-current-liabilities,long-term-debt,other-non-current-liabilities,total-long-term-liabilities,total-liabilities,common-stock-net,retained-earnings-accumulated-deficit,comprehensive-income,total-share-holder-equity,total-liabilities-share-holders-equity,net-income-loss,total-depreciation-amortization-cash-flow,other-non-cash-items,total-non-cash-items,change-in-accounts-receivable,change-in-inventories,change-in-accounts-payable,change-in-assets-liabilities,total-change-in-assets-liabilities,cash-flow-from-operating-activities,net-change-in-property-plant-equipment,net-change-in-intangible-assets,net-acquisitions-divestitures,net-change-in-short-term-investments,net-change-in-long-term-investments,net-change-in-investments-total,investing-activities-other,cash-flow-from-investing-activities,net-long-term-debt,net-current-debt,debt-issuance-retirement-net-total,net-common-equity-issued-repurchased,net-total-equity-issued-repurchased,total-common-preferred-stock-dividends-paid,financial-activities-other,cash-flow-from-financial-activities,net-cash-flow,stock-based-compensation,common-stock-dividends-paid
0,2018-09-30,40.1,$19.68,2.04,$55.18,0.73,$8.42,4.76,$7.25,5.53,$0.85B,$1.04B,0.82,$0.61B,$0.98B,0.62,$2.84B,$1.63B,57.35%,$2.84B,$0.36B,12.70%,$2.84B,$0.36B,12.70%,$2.84B,$0.36B,12.70%,$2.84B,$0.39B,13.58%,$2.84B,$0.38B,13.51%,$0.38B,$0.98B,42.83%,$0.38B,$0.86B,49.53%,$0.38B,$3.27B,12.44%,$0.36B,$1.60B,24.95%,$759,$326,$433,$0,$209,$643,$116,$1,$117,$23,$94,$94,$94,$116,$116,$51,51,$1.85,$1.84,$591,$0,$33,$846,$2116,$0,$121,$188,$2425,$3271,$1037,$613,$280,$1251,$2288,$1,$922,$-67,$983,$3271,$0,$0,$0,$0,$0,$0,$0,$0,$0,$444,$-269,$0,$0,$23,$0,$23,$0,$-246,$33,$0,$33,$-54,$-54,$-18,$-5,$-44,$154,$0,$-18
1,2018-06-30,35.85,$18.13,1.98,$53.61,0.67,$7.15,5.01,$6.80,5.27,$0.84B,$1.12B,0.75,$0.58B,$0.92B,0.63,$2.80B,$1.66B,59.16%,$2.80B,$0.41B,14.79%,$2.80B,$0.41B,14.79%,$2.80B,$0.41B,14.79%,$2.80B,$0.38B,13.72%,$2.80B,$0.36B,12.93%,$0.36B,$0.92B,42.04%,$0.36B,$0.80B,48.95%,$0.36B,$3.23B,12.16%,$0.41B,$1.50B,30.22%,$715,$314,$401,$0,$203,$623,$93,$13,$106,$26,$79,$79,$79,$93,$93,$51,51,$1.57,$1.56,$594,$0,$36,$841,$2087,$0,$121,$183,$2392,$3233,$1123,$578,$258,$1190,$2313,$1,$866,$-73,$920,$3233,$0,$0,$0,$0,$0,$0,$0,$0,$0,$374,$-257,$0,$0,$9,$0,$9,$0,$-248,$56,$0,$56,$-23,$-23,$-12,$-4,$17,$143,$0,$-12
2,2018-03-31,38.47,$16.51,2.33,$51.97,0.74,$9.91,3.88,$6.73,5.72,$0.75B,$1.02B,0.73,$0.50B,$0.84B,0.6,$2.75B,$1.67B,60.71%,$2.75B,$0.46B,16.63%,$2.75B,$0.46B,16.63%,$2.75B,$0.46B,16.63%,$2.75B,$0.40B,14.60%,$2.75B,$0.36B,13.07%,$0.36B,$0.84B,43.49%,$0.36B,$0.72B,50.99%,$0.36B,$2.97B,12.44%,$0.46B,$1.34B,34.98%,$665,$291,$374,$0,$201,$629,$36,$1,$37,$9,$29,$29,$29,$36,$36,$51,51,$0.56,$0.56,$525,$0,$31,$746,$1918,$0,$122,$189,$2228,$2974,$1022,$499,$265,$1114,$2136,$1,$795,$-82,$838,$2974,$0,$0,$0,$0,$0,$0,$0,$0,$0,$226,$-111,$0,$0,$24,$0,$24,$0,$-87,$-20,$0,$-20,$-20,$-20,$-6,$-3,$-50,$88,$0,$-6
3,2017-12-31,39.49,$16.52,2.39,$50.21,0.79,$10.56,3.74,$6.85,5.76,$0.72B,$0.94B,0.76,$0.51B,$0.85B,0.61,$2.70B,$1.65B,61.11%,$2.70B,$0.48B,17.96%,$2.70B,$0.48B,17.96%,$2.70B,$0.48B,17.96%,$2.70B,$0.41B,15.25%,$2.70B,$0.37B,13.54%,$0.37B,$0.85B,45.93%,$0.37B,$0.72B,54.28%,$0.37B,$2.87B,12.75%,$0.48B,$1.36B,38.09%,$703,$281,$422,$0,$203,$587,$116,$10,$126,$-56,$182,$182,$182,$116,$116,$53,53,$3.45,$3.43,$461,$0,$35,$716,$1842,$0,$122,$194,$2158,$2874,$937,$511,$226,$1092,$2029,$1,$793,$-75,$845,$2874,$364,$119,$-79,$40,$-41,$0,$22,$-30,$-73,$331,$-308,$0,$0,$13,$0,$13,$0,$-295,$-61,$0,$-61,$-100,$-100,$-6,$-8,$-175,$-139,$7,$-6
4,2017-09-30,37.09,$16.02,2.31,$48.78,0.76,$14.91,2.49,$3.76,9.87,$0.82B,$0.91B,0.9,$0.45B,$0.84B,0.53,$2.63B,$1.61B,61.37%,$2.63B,$0.38B,14.63%,$2.63B,$0.38B,14.63%,$2.63B,$0.38B,14.63%,$2.63B,$0.29B,11.01%,$2.63B,$0.19B,7.05%,$0.19B,$0.84B,24.55%,$0.19B,$0.72B,29.32%,$0.19B,$2.82B,6.56%,$0.38B,$1.29B,31.31%,$716,$257,$459,$0,$194,$547,$169,$-54,$115,$43,$72,$72,$72,$169,$169,$53,54,$1.35,$1.34,$620,$0,$27,$822,$1754,$0,$122,$125,$2001,$2823,$909,$448,$173,$1073,$1982,$1,$848,$-82,$841,$2823,$0,$0,$0,$0,$0,$0,$0,$0,$0,$295,$-179,$0,$0,$12,$0,$12,$0,$-167,$-52,$0,$-52,$-50,$-50,$0,$-8,$-111,$18,$0,$0
5,2017-06-30,46.38,$14.69,3.16,$47.93,0.97,$18.90,2.45,$4.28,10.84,$1.00B,$0.96B,1.05,$0.47B,$0.79B,0.6,$2.58B,$1.59B,61.41%,$2.58B,$0.39B,15.27%,$2.58B,$0.39B,15.27%,$2.58B,$0.39B,15.27%,$2.58B,$0.34B,13.10%,$2.58B,$0.22B,8.33%,$0.22B,$0.79B,30.29%,$0.22B,$0.67B,36.67%,$0.22B,$2.91B,7.75%,$0.39B,$1.26B,32.91%,$670,$254,$417,$0,$187,$533,$137,$-13,$124,$47,$77,$77,$77,$137,$137,$54,54,$1.43,$1.43,$845,$0,$23,$1001,$1663,$0,$122,$124,$1909,$2909,$956,$468,$177,$1166,$2122,$1,$773,$-106,$787,$2909,$0,$0,$0,$0,$0,$0,$0,$0,$0,$335,$-63,$0,$0,$18,$0,$18,$0,$-44,$-30,$0,$-30,$-4,$-4,$0,$-8,$-42,$249,$0,$0
6,2017-03-31,45.88,$13.16,3.49,$46.54,0.99,$18.16,2.53,$4.27,10.75,$0.91B,$0.97B,0.95,$0.48B,$0.71B,0.68,$2.51B,$1.54B,61.41%,$2.51B,$0.38B,15.20%,$2.51B,$0.38B,15.20%,$2.51B,$0.38B,15.20%,$2.51B,$0.34B,13.69%,$2.51B,$0.22B,8.70%,$0.22B,$0.71B,33.31%,$0.22B,$0.58B,41.09%,$0.22B,$2.84B,8.11%,$0.38B,$1.18B,32.94%,$606,$257,$349,$0,$181,$544,$62,$-16,$46,$13,$34,$34,$34,$62,$62,$54,54,$0.63,$0.62,$741,$0,$19,$914,$1679,$0,$123,$126,$1928,$2842,$966,$477,$171,$1171,$2136,$1,$693,$-109,$706,$2842,$0,$0,$0,$0,$0,$0,$0,$0,$0,$209,$-53,$0,$0,$10,$0,$10,$0,$-43,$-22,$0,$-22,$0,$0,$0,$-7,$-29,$137,$0,$0
7,2016-12-31,56.31,$12.73,4.42,$45.52,1.24,$18.40,3.06,$4.54,12.4,$0.80B,$0.83B,0.96,$0.50B,$0.68B,0.73,$2.45B,$1.53B,62.42%,$2.45B,$0.42B,16.97%,$2.45B,$0.42B,16.97%,$2.45B,$0.42B,16.97%,$2.45B,$0.38B,15.50%,$2.45B,$0.24B,9.59%,$0.24B,$0.68B,39.20%,$0.24B,$0.56B,49.45%,$0.24B,$2.71B,8.97%,$0.42B,$1.18B,36.63%,$633,$247,$386,$0,$171,$617,$16,$-12,$4,$2,$2,$2,$2,$16,$16,$54,54,$0.04,$0.02,$615,$0,$20,$798,$1655,$0,$123,$133,$1910,$2709,$830,$498,$174,$1198,$2028,$1,$656,$-103,$680,$2709,$235,$115,$33,$148,$-19,$0,$12,$13,$54,$437,$-179,$0,$0,$-7,$0,$-7,$32,$-154,$-215,$0,$-215,$-14,$-14,$0,$-9,$-238,$44,$8,$0
8,2016-09-30,48.01,$12.46,3.85,$43.17,1.11,$19.50,2.46,$5.00,9.6,$0.86B,$0.83B,1.03,$0.51B,$0.67B,0.76,$2.39B,$1.49B,62.46%,$2.39B,$0.53B,22.20%,$2.39B,$0.53B,22.20%,$2.39B,$0.53B,22.20%,$2.39B,$0.44B,18.27%,$2.39B,$0.27B,11.33%,$0.27B,$0.67B,50.09%,$0.27B,$0.54B,65.11%,$0.27B,$2.63B,10.57%,$0.53B,$1.17B,47.32%,$672,$239,$433,$0,$166,$493,$179,$-15,$164,$62,$102,$102,$102,$179,$179,$53,54,$1.92,$1.91,$699,$0,$18,$860,$1581,$0,$125,$67,$1774,$2634,$832,$506,$101,$1136,$1968,$1,$654,$-113,$666,$2634,$0,$0,$0,$0,$0,$0,$0,$0,$0,$435,$-104,$0,$0,$-10,$0,$-10,$32,$-82,$-207,$0,$-207,$-14,$-14,$0,$-8,$-228,$124,$0,$0
9,2016-06-30,37.5,$10.58,3.54,$41.02,0.91,$18.06,2.08,$4.24,8.84,$0.79B,$0.85B,0.93,$0.53B,$0.57B,0.93,$2.35B,$1.45B,61.73%,$2.35B,$0.51B,21.56%,$2.35B,$0.51B,21.56%,$2.35B,$0.51B,21.56%,$2.35B,$0.39B,16.41%,$2.35B,$0.24B,10.16%,$0.24B,$0.57B,50.99%,$0.24B,$0.44B,69.48%,$0.24B,$2.56B,9.33%,$0.51B,$1.09B,44.94%,$595,$224,$371,$0,$162,$471,$124,$5,$129,$49,$80,$80,$80,$124,$124,$54,54,$1.48,$1.48,$627,$0,$18,$792,$1575,$0,$125,$70,$1769,$2561,$852,$528,$100,$1143,$1995,$1,$552,$-112,$566,$2561,$0,$0,$0,$0,$0,$0,$0,$0,$0,$303,$-70,$0,$0,$12,$0,$12,$32,$-26,$-185,$0,$-185,$-10,$-10,$0,$-8,$-203,$74,$0,$0
10,2016-03-31,46.62,$9.07,5.14,$39.21,1.19,$17.43,2.67,$3.55,13.13,$0.81B,$0.86B,0.95,$0.61B,$0.49B,1.26,$2.33B,$1.41B,60.35%,$2.33B,$0.47B,20.36%,$2.33B,$0.47B,20.36%,$2.33B,$0.47B,20.36%,$2.33B,$0.34B,14.43%,$2.33B,$0.21B,8.93%,$0.21B,$0.49B,50.79%,$0.21B,$0.36B,73.24%,$0.21B,$2.57B,8.08%,$0.47B,$1.10B,41.25%,$551,$211,$340,$0,$162,$454,$97,$-14,$83,$32,$51,$51,$51,$97,$97,$54,54,$0.96,$0.95,$674,$0,$20,$811,$1564,$0,$125,$71,$1759,$2570,$856,$613,$96,$1228,$2084,$1,$472,$-106,$486,$2570,$0,$0,$0,$0,$0,$0,$0,$0,$0,$199,$-30,$0,$0,$-1,$0,$-1,$32,$0,$-84,$0,$-84,$-2,$-2,$0,$-5,$-92,$107,$0,$0
11,2015-12-31,34.9,$8.35,4.18,$37.32,0.94,$16.05,2.17,$3.00,11.63,$0.74B,$0.77B,0.97,$0.68B,$0.45B,1.52,$2.32B,$1.36B,58.74%,$2.32B,$0.45B,19.34%,$2.32B,$0.45B,19.34%,$2.32B,$0.45B,19.34%,$2.32B,$0.30B,12.73%,$2.32B,$0.18B,7.90%,$0.18B,$0.45B,50.27%,$0.18B,$0.32B,77.05%,$0.18B,$2.49B,7.12%,$0.45B,$1.12B,38.44%,$574,$224,$350,$0,$136,$443,$131,$-70,$61,$24,$38,$38,$38,$131,$131,$54,61,$0.72,$0.64,$565,$0,$19,$741,$1553,$0,$125,$71,$1749,$2490,$767,$678,$90,$1277,$2044,$1,$421,$-99,$446,$2490,$183,$113,$134,$247,$-2,$0,$0,$38,$46,$476,$-115,$0,$0,$-21,$0,$-21,$101,$-35,$-379,$0,$-379,$-40,$-40,$0,$-6,$-425,$16,$7,$0
12,2015-09-30,24.38,$7.07,3.45,$37.09,0.66,$8.17,2.98,$2.51,9.71,$0.79B,$0.82B,0.97,$0.82B,$0.38B,2.17,$2.32B,$1.25B,53.80%,$2.32B,$0.39B,17.00%,$2.32B,$0.39B,17.00%,$2.32B,$0.39B,17.00%,$2.32B,$0.25B,10.87%,$2.32B,$0.16B,6.73%,$0.16B,$0.38B,45.32%,$0.16B,$0.25B,71.89%,$0.16B,$2.63B,6.01%,$0.39B,$1.20B,32.84%,$632,$241,$391,$0,$156,$477,$155,$-42,$113,$43,$70,$70,$70,$155,$155,$54,61,$1.30,$1.15,$616,$0,$20,$792,$1618,$0,$126,$90,$1834,$2626,$819,$819,$84,$1429,$2249,$1,$383,$-122,$377,$2626,$0,$0,$0,$0,$0,$0,$0,$0,$0,$389,$-102,$0,$0,$-7,$0,$-7,$86,$-23,$-246,$0,$-246,$-38,$-38,$0,$-1,$-285,$81,$0,$0
13,2015-06-30,23.46,$5.99,3.92,$36.85,0.64,$1.73,13.6,$1.92,12.22,$0.79B,$0.87B,0.9,$0.85B,$0.33B,2.58,$2.33B,$1.20B,51.74%,$2.33B,$0.35B,14.84%,$2.33B,$0.35B,14.84%,$2.33B,$0.35B,14.84%,$2.33B,$0.20B,8.47%,$2.33B,$0.12B,5.25%,$0.12B,$0.33B,33.40%,$0.12B,$0.20B,51.42%,$0.12B,$2.62B,4.71%,$0.35B,$1.18B,27.88%,$571,$248,$324,$0,$154,$480,$91,$-12,$79,$30,$49,$49,$49,$91,$91,$55,62,$0.89,$0.79,$611,$0,$20,$786,$1608,$0,$127,$95,$1830,$2616,$870,$848,$81,$1418,$2287,$1,$313,$-122,$329,$2616,$0,$0,$0,$0,$0,$0,$0,$0,$0,$298,$-69,$0,$0,$-2,$0,$-2,$86,$14,$-212,$0,$-212,$-18,$-18,$0,$-2,$-231,$81,$0,$0
14,2015-03-31,21.76,$5.55,3.92,$36.77,0.59,$-3.99,0.0,$1.56,13.95,$0.68B,$0.85B,0.79,$0.86B,$0.30B,2.84,$2.33B,$1.17B,50.00%,$2.33B,$0.31B,13.13%,$2.33B,$0.31B,13.13%,$2.33B,$0.31B,13.13%,$2.33B,$0.16B,7.00%,$2.33B,$0.10B,4.29%,$0.10B,$0.30B,25.84%,$0.10B,$0.18B,38.68%,$0.10B,$2.56B,3.87%,$0.31B,$1.17B,23.99%,$540,$244,$296,$0,$150,$469,$71,$-29,$42,$16,$26,$26,$26,$71,$71,$55,65,$0.47,$0.40,$493,$0,$19,$679,$1657,$0,$127,$93,$1877,$2556,$854,$862,$79,$1398,$2252,$1,$264,$-122,$304,$2556,$0,$0,$0,$0,$0,$0,$0,$0,$0,$162,$-49,$0,$0,$-2,$0,$-2,$38,$-13,$-185,$0,$-185,$0,$0,$0,$-1,$-186,$-38,$0,$0
15,2014-12-31,25.73,$6.74,3.82,$38.42,0.67,$-7.26,0.0,$1.06,24.28,$0.68B,$0.82B,0.83,$0.89B,$0.37B,2.43,$2.32B,$1.11B,47.86%,$2.32B,$0.25B,10.58%,$2.32B,$0.25B,10.58%,$2.32B,$0.25B,10.58%,$2.32B,$0.11B,4.88%,$2.32B,$0.07B,2.98%,$0.07B,$0.37B,16.90%,$0.07B,$0.24B,24.71%,$0.07B,$2.58B,2.72%,$0.25B,$1.26B,19.16%,$575,$339,$236,$0,$141,$498,$77,$-59,$18,$7,$11,$11,$11,$77,$77,$54,63,$0.22,$0.21,$531,$0,$18,$683,$1673,$0,$128,$96,$1898,$2581,$820,$893,$73,$1393,$2213,$1,$238,$-123,$367,$2581,$69,$107,$99,$206,$-6,$0,$7,$24,$25,$300,$-425,$0,$0,$-262,$0,$-262,$0,$-687,$210,$0,$210,$0,$0,$0,$17,$227,$-159,$7,$0
16,2014-09-30,13.29,$8.53,1.56,$39.27,0.34,$-8.14,0.0,$1.20,11.07,$0.76B,$0.85B,0.89,$0.89B,$0.46B,1.92,$2.27B,$1.07B,46.88%,$2.27B,$0.20B,8.89%,$2.27B,$0.20B,8.89%,$2.27B,$0.20B,8.89%,$2.27B,$0.12B,5.41%,$2.27B,$0.08B,3.30%,$0.08B,$0.46B,18.04%,$0.08B,$0.33B,26.22%,$0.08B,$2.62B,3.08%,$0.20B,$1.35B,16.18%,$639,$292,$347,$0,$146,$533,$106,$-48,$58,$23,$36,$36,$36,$106,$106,$54,63,$0.66,$0.56,$588,$0,$20,$756,$1631,$0,$129,$99,$1859,$2615,$852,$885,$70,$1303,$2154,$1,$227,$-44,$461,$2615,$0,$0,$0,$0,$0,$0,$0,$0,$0,$252,$-360,$0,$0,$-254,$0,$-254,$0,$-614,$247,$0,$247,$0,$0,$0,$20,$267,$-95,$0,$0
17,2014-06-30,13.54,$7.74,1.75,$40.33,0.34,$-6.90,0.0,$1.40,9.67,$0.75B,$0.88B,0.85,$0.92B,$0.42B,2.2,$2.23B,$1.03B,45.97%,$2.23B,$0.17B,7.62%,$2.23B,$0.17B,7.62%,$2.23B,$0.17B,7.62%,$2.23B,$0.13B,5.91%,$2.23B,$0.08B,3.58%,$0.08B,$0.42B,21.11%,$0.08B,$0.29B,32.16%,$0.08B,$2.59B,3.47%,$0.17B,$1.33B,14.74%,$576,$289,$286,$0,$143,$524,$52,$-7,$45,$18,$27,$27,$27,$52,$52,$53,63,$0.51,$0.43,$584,$0,$17,$746,$1624,$0,$129,$86,$1839,$2585,$876,$915,$60,$1294,$2169,$1,$191,$-51,$416,$2585,$0,$0,$0,$0,$0,$0,$0,$0,$0,$204,$-331,$0,$0,$-203,$0,$-203,$0,$-535,$263,$0,$263,$0,$0,$0,$5,$268,$-63,$0,$0
18,2014-03-31,13.79,$7.31,1.89,$41.23,0.33,$-5.00,0.0,$1.18,11.69,$0.66B,$0.84B,0.79,$0.79B,$0.39B,2.02,$2.19B,$0.99B,45.39%,$2.19B,$0.16B,7.08%,$2.19B,$0.16B,7.08%,$2.19B,$0.16B,7.08%,$2.19B,$0.11B,4.79%,$2.19B,$0.06B,2.92%,$0.06B,$0.39B,18.62%,$0.06B,$0.26B,30.08%,$0.06B,$2.37B,2.92%,$0.16B,$1.18B,14.72%,$525,$286,$239,$0,$139,$515,$10,$-18,$-8,$-3,$-5,$-5,$-5,$10,$10,$53,53,$-0.10,$-0.10,$499,$0,$17,$664,$1484,$0,$130,$94,$1709,$2373,$838,$787,$57,$1145,$1984,$1,$164,$-48,$389,$2373,$0,$0,$0,$0,$0,$0,$0,$0,$0,$89,$-170,$0,$0,$-143,$0,$-143,$0,$-313,$132,$0,$132,$0,$0,$0,$3,$135,$-88,$0,$0
19,2013-12-31,9.51,$7.57,1.26,$40.77,0.23,$-2.57,0.0,$0.95,10.01,$0.61B,$0.66B,0.92,$0.74B,$0.40B,1.88,$2.16B,$0.96B,44.57%,$2.16B,$0.13B,6.17%,$2.16B,$0.13B,6.17%,$2.16B,$0.13B,6.17%,$2.16B,$0.09B,3.99%,$2.16B,$0.05B,2.41%,$0.05B,$0.40B,16.76%,$0.05B,$0.27B,29.09%,$0.05B,$2.16B,2.49%,$0.13B,$1.14B,13.88%,$532,$339,$193,$0,$137,$498,$34,$-6,$28,$11,$17,$17,$17,$34,$34,$52,53,$0.33,$0.34,$443,$0,$20,$606,$1334,$0,$131,$94,$1558,$2164,$659,$744,$59,$1109,$1767,$1,$169,$-43,$397,$2164,$52,$91,$33,$124,$1,$0,$8,$59,$68,$243,$-396,$0,$0,$0,$0,$0,$68,$-328,$130,$0,$130,$0,$0,$0,$-27,$102,$18,$5,$0
20,2013-09-30,7.35,$6.00,1.22,$40.14,0.18,$0.69,10.64,$0.57,12.89,$0.62B,$0.74B,0.83,$0.65B,$0.31B,2.07,$2.12B,$0.99B,46.53%,$2.12B,$0.11B,5.24%,$2.12B,$0.11B,5.24%,$2.12B,$0.11B,5.24%,$2.12B,$0.05B,2.46%,$2.12B,$0.03B,1.51%,$0.03B,$0.31B,11.50%,$0.03B,$0.18B,21.92%,$0.03B,$2.10B,1.59%,$0.11B,$0.97B,12.64%,$599,$292,$308,$0,$144,$525,$74,$-7,$67,$27,$41,$41,$41,$74,$74,$52,54,$0.78,$0.76,$461,$0,$21,$616,$1256,$0,$131,$90,$1483,$2099,$742,$652,$40,$1043,$1785,$1,$152,$-108,$314,$2099,$0,$0,$0,$0,$0,$0,$0,$0,$0,$207,$-233,$0,$0,$0,$0,$0,$0,$-233,$87,$0,$87,$2,$2,$0,$-28,$61,$36,$0,$0
21,2013-06-30,6.04,$5.27,1.15,$39.38,0.15,$1.80,3.36,$0.67,9.01,$0.67B,$0.81B,0.82,$0.65B,$0.28B,2.38,$2.07B,$0.96B,46.54%,$2.07B,$0.11B,5.42%,$2.07B,$0.11B,5.42%,$2.07B,$0.11B,5.42%,$2.07B,$0.06B,2.85%,$2.07B,$0.04B,1.74%,$0.04B,$0.28B,13.26%,$0.04B,$0.14B,26.13%,$0.04B,$2.14B,1.85%,$0.11B,$0.93B,12.97%,$534,$280,$254,$0,$136,$497,$37,$-19,$18,$7,$11,$11,$11,$37,$37,$52,53,$0.22,$0.21,$483,$0,$19,$666,$1206,$0,$132,$101,$1470,$2135,$808,$654,$42,$1052,$1861,$1,$111,$-105,$275,$2135,$0,$0,$0,$0,$0,$0,$0,$0,$0,$168,$-175,$0,$0,$0,$0,$0,$0,$-175,$104,$0,$104,$1,$1,$0,$-27,$79,$72,$0,$0
22,2013-03-31,5.7,$4.92,1.16,$38.56,0.15,$2.55,2.24,$0.53,10.75,$0.63B,$0.75B,0.83,$0.54B,$0.26B,2.13,$2.02B,$0.94B,46.73%,$2.02B,$0.10B,5.15%,$2.02B,$0.10B,5.15%,$2.02B,$0.10B,5.15%,$2.02B,$0.05B,2.33%,$2.02B,$0.03B,1.44%,$0.03B,$0.26B,11.06%,$0.03B,$0.12B,22.97%,$0.03B,$1.95B,1.54%,$0.10B,$0.80B,12.25%,$491,$285,$206,$0,$137,$503,$-12,$-15,$-27,$-10,$-17,$-17,$-17,$-12,$-12,$52,52,$-0.33,$-0.33,$443,$0,$25,$625,$1076,$0,$133,$66,$1320,$1946,$750,$543,$43,$940,$1690,$1,$100,$-112,$255,$1946,$0,$0,$0,$0,$0,$0,$0,$0,$0,$73,$-26,$0,$0,$0,$0,$0,$0,$-26,$-14,$0,$-14,$1,$1,$0,$-2,$-14,$32,$0,$0
23,2012-12-31,6.49,$5.22,1.24,$37.39,0.17,$1.96,3.31,$1.00,6.49,$0.57B,$0.65B,0.88,$0.55B,$0.27B,2.06,$1.96B,$0.94B,48.11%,$1.96B,$0.13B,6.57%,$1.96B,$0.13B,6.57%,$1.96B,$0.13B,6.57%,$1.96B,$0.09B,4.38%,$1.96B,$0.05B,2.70%,$0.05B,$0.27B,20.66%,$0.05B,$0.14B,45.30%,$0.05B,$1.87B,2.92%,$0.13B,$0.82B,15.52%,$493,$276,$217,$0,$122,$481,$12,$-18,$-6,$-3,$-3,$-3,$-3,$12,$12,$51,53,$-0.06,$-0.06,$411,$0,$28,$572,$1069,$0,$133,$56,$1294,$1866,$654,$553,$38,$943,$1597,$1,$117,$-114,$269,$1866,$53,$94,$36,$130,$13,$0,$1,$113,$127,$311,$-291,$0,$0,$0,$0,$0,$0,$-291,$84,$0,$84,$1,$1,$0,$-4,$81,$102,$4,$0
24,2012-09-30,5.52,$5.58,0.99,$36.56,0.15,$-0.46,0.0,$1.47,3.76,$0.63B,$0.59B,1.05,$0.62B,$0.29B,2.15,$1.90B,$0.94B,49.24%,$1.90B,$0.15B,7.93%,$1.90B,$0.15B,7.93%,$1.90B,$0.15B,7.93%,$1.90B,$0.13B,6.57%,$1.90B,$0.08B,4.05%,$0.08B,$0.29B,31.43%,$0.08B,$0.15B,76.24%,$0.08B,$1.85B,4.48%,$0.15B,$0.91B,19.18%,$549,$264,$285,$0,$124,$474,$75,$-1,$74,$28,$45,$45,$45,$75,$75,$51,53,$0.88,$0.86,$438,$0,$22,$626,$1010,$0,$137,$57,$1227,$1853,$594,$618,$35,$972,$1566,$1,$121,$-98,$287,$1853,$0,$0,$0,$0,$0,$0,$0,$0,$0,$249,$-216,$0,$0,$0,$0,$0,$0,$-216,$98,$0,$98,$1,$1,$0,$-3,$96,$129,$0,$0
25,2012-06-30,6.43,$4.64,1.39,$34.98,0.18,$-2.32,0.0,$1.11,5.79,$0.62B,$0.63B,0.98,$0.63B,$0.24B,2.65,$1.81B,$0.89B,49.06%,$1.81B,$0.14B,7.57%,$1.81B,$0.14B,7.57%,$1.81B,$0.14B,7.57%,$1.81B,$0.10B,5.41%,$1.81B,$0.06B,3.20%,$0.06B,$0.24B,24.14%,$0.06B,$0.10B,63.74%,$0.06B,$1.86B,3.63%,$0.14B,$0.87B,19.01%,$485,$249,$235,$0,$125,$455,$29,$-23,$6,$2,$4,$4,$4,$29,$29,$51,52,$0.08,$0.07,$452,$0,$21,$622,$987,$0,$141,$57,$1238,$1860,$632,$631,$31,$989,$1621,$1,$75,$-100,$238,$1860,$0,$0,$0,$0,$0,$0,$0,$0,$0,$210,$-177,$0,$0,$0,$0,$0,$0,$-177,$111,$0,$111,$1,$1,$0,$-2,$110,$142,$0,$0
26,2012-03-31,5.17,$4.55,1.13,$33.54,0.15,$-4.00,0.0,$0.05,103.33,$0.58B,$0.59B,0.98,$0.49B,$0.23B,2.13,$1.72B,$0.82B,47.62%,$1.72B,$0.04B,2.21%,$1.72B,$0.04B,2.21%,$1.72B,$0.04B,2.21%,$1.72B,$0.01B,0.52%,$1.72B,$0.00B,0.23%,$0.00B,$0.23B,1.66%,$0.00B,$0.09B,4.64%,$0.00B,$1.67B,0.27%,$0.04B,$0.73B,5.78%,$435,$229,$207,$0,$120,$423,$13,$-1,$12,$5,$7,$7,$7,$13,$13,$51,52,$0.14,$0.14,$381,$0,$27,$578,$839,$0,$146,$50,$1091,$1669,$587,$494,$31,$849,$1437,$1,$71,$-101,$232,$1669,$0,$0,$0,$0,$0,$0,$0,$0,$0,$119,$-103,$0,$0,$0,$0,$0,$0,$-103,$56,$0,$56,$1,$1,$0,$-2,$55,$72,$0,$0
27,2011-12-31,5.73,$4.39,1.3,$32.24,0.18,$-3.88,0.0,$-0.07,0.0,$0.50B,$0.49B,1.02,$0.42B,$0.22B,1.9,$1.65B,$0.77B,46.76%,$1.65B,$0.02B,1.21%,$1.65B,$0.02B,1.21%,$1.65B,$0.02B,1.21%,$1.65B,$-0.00B,-0.12%,$1.65B,$-0.00B,-0.12%,$-0.00B,$0.22B,-0.78%,$-0.00B,$0.07B,-2.11%,$-0.00B,$1.49B,-0.15%,$0.02B,$0.65B,3.37%,$434,$224,$210,$0,$105,$400,$34,$-2,$33,$12,$21,$21,$21,$34,$34,$51,51,$0.42,$0.42,$335,$0,$24,$500,$729,$0,$152,$47,$988,$1488,$489,$424,$31,$776,$1265,$1,$64,$-102,$223,$1488,$-3,$76,$103,$180,$-35,$0,$11,$26,$2,$179,$-282,$0,$0,$0,$0,$0,$0,$-282,$138,$0,$138,$-7,$-7,$0,$-9,$122,$19,$4,$0
28,2011-09-30,4.16,$5.29,0.79,$30.24,0.14,$-1.66,0.0,$0.89,4.67,$0.48B,$0.49B,0.98,$0.37B,$0.27B,1.38,$1.56B,$0.74B,47.34%,$1.56B,$0.01B,0.51%,$1.56B,$0.01B,0.51%,$1.56B,$0.01B,0.51%,$1.56B,$-0.01B,-0.70%,$1.56B,$0.05B,3.07%,$0.05B,$0.27B,17.79%,$0.05B,$0.11B,46.72%,$0.05B,$1.37B,3.78%,$0.01B,$0.64B,1.47%,$456,$220,$236,$0,$106,$395,$61,$-14,$47,$22,$26,$26,$26,$61,$61,$51,51,$0.50,$0.50,$322,$0,$26,$481,$635,$0,$158,$46,$891,$1372,$490,$370,$32,$613,$1103,$1,$54,$-35,$268,$1372,$0,$0,$0,$0,$0,$0,$0,$0,$0,$113,$-175,$0,$0,$0,$0,$0,$0,$-175,$79,$0,$79,$-7,$-7,$0,$-7,$65,$2,$0,$0
29,2011-06-30,5.63,$4.77,1.18,$28.19,0.2,$-0.17,0.0,$0.98,5.75,$0.49B,$0.51B,0.95,$0.38B,$0.24B,1.56,$1.46B,$0.69B,47.63%,$1.46B,$-0.01B,-0.96%,$1.46B,$-0.01B,-0.96%,$1.46B,$-0.01B,-0.96%,$1.46B,$-0.02B,-1.10%,$1.46B,$0.05B,3.57%,$0.05B,$0.24B,20.43%,$0.05B,$0.08B,63.61%,$0.05B,$1.38B,4.37%,$-0.01B,$0.62B,-3.00%,$395,$229,$166,$0,$103,$465,$-70,$-12,$-83,$-33,$-50,$-50,$-50,$-70,$-70,$51,51,$-0.99,$-0.99,$309,$0,$23,$488,$618,$0,$164,$42,$893,$1381,$513,$377,$33,$626,$1139,$1,$28,$-35,$242,$1381,$0,$0,$0,$0,$0,$0,$0,$0,$0,$93,$-147,$0,$0,$0,$0,$0,$0,$-147,$87,$0,$87,$-7,$-7,$0,$-7,$72,$18,$0,$0
30,2011-03-31,5.94,$5.77,1.03,$26.34,0.23,$1.31,4.54,$2.14,2.77,$0.51B,$0.47B,1.11,$0.18B,$0.29B,0.62,$1.38B,$0.70B,50.44%,$1.38B,$0.08B,5.81%,$1.38B,$0.08B,5.81%,$1.38B,$0.08B,5.81%,$1.38B,$0.08B,6.02%,$1.38B,$0.11B,8.06%,$0.11B,$0.29B,46.20%,$0.11B,$0.12B,180.49%,$0.11B,$1.21B,10.01%,$0.08B,$0.47B,20.54%,$366,$205,$160,$0,$104,$371,$-5,$6,$1,$1,$1,$1,$1,$-5,$-5,$51,52,$0.02,$0.02,$329,$0,$20,$514,$443,$0,$170,$41,$692,$1207,$465,$180,$55,$451,$916,$1,$78,$-35,$291,$1207,$0,$0,$0,$0,$0,$0,$0,$0,$0,$58,$-35,$0,$0,$0,$0,$0,$0,$-35,$27,$0,$27,$-11,$-11,$0,$0,$16,$39,$0,$0
31,2010-12-31,7.74,$5.53,1.4,$24.91,0.31,$1.15,6.74,$2.12,3.65,$0.45B,$0.40B,1.12,$0.17B,$0.28B,0.62,$1.31B,$0.69B,52.60%,$1.31B,$0.09B,6.95%,$1.31B,$0.09B,6.95%,$1.31B,$0.09B,6.95%,$1.31B,$0.08B,6.26%,$1.31B,$0.11B,8.40%,$0.11B,$0.28B,52.01%,$0.11B,$0.10B,407.41%,$0.11B,$1.12B,10.26%,$0.09B,$0.45B,26.15%,$344,$167,$177,$0,$96,$321,$22,$1,$24,$-47,$71,$71,$71,$22,$22,$51,52,$1.38,$1.34,$290,$0,$18,$447,$418,$0,$175,$39,$671,$1117,$401,$172,$53,$439,$840,$1,$77,$-35,$278,$1117,$110,$67,$-89,$-22,$-11,$0,$23,$51,$62,$150,$-140,$0,$0,$32,$0,$32,$0,$-109,$-46,$0,$-46,$-9,$-9,$0,$-2,$-57,$-16,$5,$0
32,2010-09-30,5.92,$4.16,1.42,$24.02,0.25,$2.80,2.12,$1.42,4.17,$0.46B,$0.47B,0.98,$0.12B,$0.21B,0.58,$1.26B,$0.67B,52.65%,$1.26B,$0.09B,6.73%,$1.26B,$0.09B,6.73%,$1.26B,$0.09B,6.73%,$1.26B,$0.07B,5.62%,$1.26B,$0.07B,5.86%,$0.07B,$0.21B,39.78%,$0.07B,$0.03B,-1741.18%,$0.07B,$1.06B,7.05%,$0.09B,$0.33B,25.99%,$352,$161,$191,$0,$94,$313,$39,$3,$42,$12,$30,$30,$30,$39,$39,$51,52,$0.60,$0.59,$349,$0,$19,$455,$378,$0,$181,$38,$601,$1056,$466,$121,$56,$382,$849,$1,$7,$-32,$207,$1056,$0,$0,$0,$0,$0,$0,$0,$0,$0,$103,$-89,$0,$0,$32,$0,$32,$0,$-57,$-21,$0,$-21,$-10,$-10,$0,$0,$-31,$15,$0,$0
33,2010-06-30,5.11,$3.57,1.43,$23.00,0.22,$4.24,1.21,$1.41,3.62,$0.46B,$0.49B,0.94,$0.12B,$0.19B,0.67,$1.22B,$0.63B,52.01%,$1.22B,$0.07B,5.75%,$1.22B,$0.07B,5.75%,$1.22B,$0.07B,5.75%,$1.22B,$0.05B,3.78%,$1.22B,$0.08B,6.16%,$0.08B,$0.19B,44.44%,$0.08B,$-0.00B,-272.73%,$0.08B,$1.06B,7.23%,$0.07B,$0.31B,21.05%,$316,$149,$167,$0,$90,$292,$24,$-8,$16,$7,$9,$9,$9,$24,$24,$52,53,$0.17,$0.17,$351,$0,$17,$456,$353,$25,$187,$33,$601,$1057,$487,$124,$48,$386,$873,$1,$-24,$-33,$185,$1057,$0,$0,$0,$0,$0,$0,$0,$0,$0,$76,$-54,$0,$0,$-33,$0,$-33,$0,$-87,$-14,$0,$-14,$0,$0,$0,$0,$-14,$-25,$0,$0
34,2010-03-31,7.28,$3.40,2.14,$22.69,0.32,$5.04,1.44,$1.77,4.11,$0.46B,$0.48B,0.96,$0.13B,$0.18B,0.73,$1.19B,$0.63B,52.98%,$1.19B,$0.08B,6.54%,$1.19B,$0.08B,6.54%,$1.19B,$0.08B,6.54%,$1.19B,$0.07B,5.62%,$1.19B,$0.09B,7.80%,$0.09B,$0.18B,62.31%,$0.09B,$-0.02B,-177.14%,$0.09B,$1.06B,9.13%,$0.08B,$0.31B,23.15%,$298,$144,$154,$0,$96,$293,$6,$-5,$0,$0,$0,$0,$0,$6,$6,$52,53,$0.00,$0.00,$342,$0,$18,$458,$339,$29,$193,$34,$600,$1058,$480,$129,$49,$402,$882,$1,$-33,$-32,$176,$1058,$45,$0,$0,$0,$0,$0,$0,$0,$0,$45,$-30,$0,$0,$-76,$0,$-76,$0,$-107,$-7,$0,$-7,$0,$0,$0,$0,$-7,$-69,$0,$0
35,2009-12-31,6.91,$3.42,2.02,$22.67,0.31,$5.72,1.21,$2.23,3.1,$0.44B,$0.38B,1.15,$0.19B,$0.18B,1.08,$1.18B,$0.65B,54.81%,$1.18B,$0.11B,9.12%,$1.18B,$0.11B,9.12%,$1.18B,$0.11B,9.12%,$1.18B,$0.10B,8.19%,$1.18B,$0.12B,9.88%,$0.12B,$0.18B,93.41%,$0.12B,$-0.02B,-142.25%,$0.12B,$1.03B,11.73%,$0.11B,$0.37B,32.02%,$297,$144,$153,$0,$86,$281,$16,$-3,$13,$-22,$35,$35,$35,$16,$16,$52,53,$0.67,$0.65,$328,$0,$18,$442,$319,$30,$199,$35,$587,$1029,$384,$190,$47,$469,$853,$1,$-33,$-31,$176,$1029,$117,$62,$-20,$41,$-21,$0,$3,$-4,$-22,$136,$-40,$0,$0,$4,$0,$4,$0,$-36,$-28,$0,$-28,$-0,$-0,$0,$24,$-4,$97,$3,$0
36,2009-09-30,8.16,$2.68,3.04,$22.96,0.36,$5.98,1.36,$1.34,6.09,$0.43B,$0.37B,1.14,$0.21B,$0.14B,1.54,$1.19B,$0.65B,54.71%,$1.19B,$0.13B,10.94%,$1.19B,$0.13B,10.94%,$1.19B,$0.13B,10.94%,$1.19B,$0.09B,7.41%,$1.19B,$0.07B,5.89%,$0.07B,$0.14B,74.07%,$0.07B,$-0.07B,-58.95%,$0.07B,$1.00B,7.20%,$0.13B,$0.35B,40.98%,$306,$146,$159,$0,$84,$282,$24,$-7,$17,$-14,$31,$31,$31,$24,$24,$51,53,$0.60,$0.58,$333,$0,$16,$427,$311,$30,$205,$33,$578,$1004,$373,$212,$52,$494,$866,$1,$-68,$-33,$138,$1004,$112,$0,$0,$0,$0,$0,$0,$0,$0,$112,$-21,$0,$0,$-9,$0,$-9,$0,$-31,$-20,$0,$-20,$-1,$-1,$0,$24,$4,$84,$0,$0
37,2009-06-30,5.95,$2.10,2.83,$23.69,0.25,$6.53,0.91,$0.88,6.76,$0.40B,$0.37B,1.07,$0.22B,$0.11B,2.04,$1.22B,$0.64B,52.21%,$1.22B,$0.13B,10.88%,$1.22B,$0.13B,10.88%,$1.22B,$0.13B,10.88%,$1.22B,$0.09B,7.04%,$1.22B,$0.05B,3.68%,$0.05B,$0.11B,41.67%,$0.05B,$-0.10B,-40.45%,$0.05B,$0.98B,4.70%,$0.13B,$0.33B,40.33%,$292,$126,$166,$0,$83,$260,$32,$6,$37,$10,$27,$27,$27,$32,$32,$51,52,$0.53,$0.53,$315,$0,$16,$397,$309,$30,$211,$35,$585,$982,$370,$219,$52,$504,$874,$1,$-99,$-32,$107,$982,$74,$0,$0,$0,$0,$0,$0,$0,$0,$74,$-11,$0,$0,$-40,$0,$-40,$0,$-51,$-13,$0,$-13,$-1,$-1,$0,$24,$10,$33,$0,$0
38,2009-03-31,3.68,$1.55,2.37,$24.47,0.15,$7.20,0.51,$1.44,2.56,$0.36B,$0.37B,0.98,$0.23B,$0.08B,2.82,$1.25B,$0.60B,48.04%,$1.25B,$0.15B,11.93%,$1.25B,$0.15B,11.93%,$1.25B,$0.15B,11.93%,$1.25B,$0.10B,8.25%,$1.25B,$0.07B,5.76%,$0.07B,$0.08B,58.54%,$0.07B,$-0.14B,-69.90%,$0.07B,$0.97B,7.58%,$0.15B,$0.31B,43.73%,$289,$118,$171,$0,$85,$253,$36,$-6,$30,$6,$24,$24,$24,$36,$36,$52,52,$0.46,$0.46,$283,$0,$16,$364,$309,$30,$216,$54,$610,$974,$372,$226,$68,$522,$894,$1,$-125,$-32,$80,$974,$51,$0,$0,$0,$0,$0,$0,$0,$0,$51,$-2,$0,$0,$1,$0,$1,$0,$-1,$-7,$0,$-7,$-1,$-1,$0,$0,$-7,$43,$0,$0
39,2008-12-31,6.3,$1.03,6.09,$24.20,0.26,$6.17,1.02,$0.56,11.25,$0.31B,$0.35B,0.89,$0.23B,$0.05B,4.36,$1.21B,$0.52B,43.10%,$1.21B,$0.09B,7.51%,$1.21B,$0.09B,7.51%,$1.21B,$0.09B,7.51%,$1.21B,$0.05B,4.38%,$1.21B,$0.03B,2.31%,$0.03B,$0.05B,21.41%,$0.03B,$-0.17B,-27.72%,$0.03B,$0.93B,3.06%,$0.09B,$0.29B,26.40%,$301,$146,$154,$0,$69,$262,$38,$-34,$4,$16,$-12,$-12,$-12,$38,$38,$49,51,$-0.26,$-0.22,$234,$0,$16,$311,$315,$28,$222,$53,$618,$929,$348,$232,$69,$528,$876,$1,$-149,$-35,$53,$929,$29,$57,$2,$59,$8,$0,$11,$29,$47,$134,$-29,$0,$0,$13,$0,$13,$0,$-16,$-33,$8,$-25,$15,$15,$0,$1,$-9,$110,$3,$0
40,2008-09-30,9.17,$3.74,2.45,$23.53,0.39,$5.19,1.77,$0.86,10.66,$0.34B,$0.38B,0.9,$0.21B,$0.19B,1.08,$1.16B,$0.47B,40.48%,$1.16B,$0.05B,4.39%,$1.16B,$0.05B,4.39%,$1.16B,$0.05B,4.39%,$1.16B,$0.05B,4.31%,$1.16B,$0.04B,3.70%,$0.04B,$0.19B,28.52%,$0.04B,$-0.04B,-49.86%,$0.04B,$0.94B,4.83%,$0.05B,$0.40B,14.15%,$340,$193,$147,$0,$72,$313,$27,$-13,$15,$9,$6,$6,$6,$27,$27,$48,52,$0.13,$0.12,$260,$0,$20,$344,$286,$34,$230,$49,$599,$943,$383,$207,$63,$368,$751,$1,$-137,$93,$192,$943,$141,$0,$0,$0,$0,$0,$0,$0,$0,$141,$-24,$0,$0,$1,$0,$1,$0,$-23,$-26,$8,$-18,$15,$15,$0,$1,$-2,$117,$0,$0
41,2008-06-30,6.87,$3.51,1.96,$22.76,0.3,$4.41,1.56,$1.15,5.97,$0.36B,$0.42B,0.85,$0.20B,$0.17B,1.23,$1.09B,$0.46B,42.05%,$1.09B,$0.05B,4.57%,$1.09B,$0.05B,4.57%,$1.09B,$0.05B,4.57%,$1.09B,$0.06B,5.21%,$1.09B,$0.06B,5.21%,$0.06B,$0.17B,45.24%,$0.06B,$-0.07B,-49.24%,$0.06B,$0.95B,6.53%,$0.05B,$0.37B,14.74%,$319,$191,$128,$0,$85,$271,$48,$6,$54,$0,$54,$54,$54,$48,$48,$47,50,$1.14,$1.09,$247,$0,$20,$358,$276,$35,$237,$47,$595,$953,$422,$204,$63,$364,$786,$0,$-143,$94,$167,$953,$114,$0,$0,$0,$0,$0,$0,$0,$0,$114,$-20,$0,$0,$6,$0,$6,$0,$-15,$-20,$8,$-12,$1,$1,$0,$0,$-11,$89,$0,$0
42,2008-03-31,5.93,$2.35,2.52,$21.53,0.28,$3.58,1.65,$-0.02,0.0,$0.24B,$0.36B,0.66,$0.21B,$0.11B,1.89,$1.02B,$0.45B,43.77%,$1.02B,$0.00B,0.10%,$1.02B,$0.00B,0.10%,$1.02B,$0.00B,0.10%,$1.02B,$-0.00B,-0.20%,$1.02B,$-0.00B,-0.10%,$-0.00B,$0.11B,-0.99%,$-0.00B,$-0.13B,0.70%,$-0.00B,$0.84B,-0.12%,$0.00B,$0.32B,0.31%,$251,$158,$93,$0,$73,$273,$-22,$2,$-20,$0,$-20,$-20,$-20,$-22,$-22,$47,47,$-0.42,$-0.42,$142,$0,$15,$240,$277,$41,$239,$42,$600,$839,$364,$210,$62,$364,$728,$0,$-197,$94,$111,$839,$10,$0,$0,$0,$0,$0,$0,$0,$0,$10,$-14,$0,$0,$4,$0,$4,$0,$-10,$-6,$8,$2,$0,$0,$0,$0,$2,$2,$0,$0
43,2007-12-31,5.04,$2.82,1.78,$20.78,0.24,$4.13,1.22,$0.15,33.59,$0.27B,$0.32B,0.84,$0.22B,$0.13B,1.62,$0.98B,$0.45B,45.37%,$0.98B,$0.01B,0.71%,$0.98B,$0.01B,0.71%,$0.98B,$0.01B,0.71%,$0.98B,$-0.00B,-0.20%,$0.98B,$0.01B,0.71%,$0.01B,$0.13B,7.61%,$0.01B,$-0.11B,-4.53%,$0.01B,$0.82B,0.82%,$0.01B,$0.35B,2.21%,$251,$148,$102,$0,$62,$253,$-2,$3,$1,$-2,$3,$3,$3,$-2,$-2,$47,47,$0.07,$0.07,$183,$0,$19,$267,$271,$0,$244,$41,$556,$823,$319,$216,$61,$371,$690,$0,$-177,$97,$133,$823,$7,$54,$10,$64,$-1,$0,$-15,$26,$10,$82,$-29,$0,$0,$-3,$0,$-3,$0,$-31,$-23,$0,$-23,$0,$0,$0,$-0,$-23,$27,$2,$0
44,2007-09-30,4.33,$1.98,2.19,$20.16,0.21,$-0.66,0.0,$-0.12,0.0,$0.32B,$0.35B,0.9,$0.22B,$0.09B,2.38,$0.95B,$0.44B,46.32%,$0.95B,$-0.01B,-0.84%,$0.95B,$-0.01B,-0.84%,$0.95B,$-0.01B,-0.84%,$0.95B,$-0.02B,-2.42%,$0.95B,$-0.01B,-0.63%,$-0.01B,$0.09B,-7.52%,$-0.01B,$-0.16B,3.52%,$-0.01B,$0.88B,-0.71%,$-0.01B,$0.32B,-2.58%,$273,$136,$137,$0,$68,$247,$26,$-4,$22,$2,$20,$20,$20,$26,$26,$47,47,$0.41,$0.41,$215,$0,$13,$315,$275,$0,$249,$39,$563,$878,$350,$222,$61,$434,$785,$0,$-181,$61,$93,$878,$94,$0,$0,$0,$0,$0,$0,$0,$0,$94,$-23,$0,$0,$-9,$0,$-9,$0,$-33,$-17,$0,$-17,$0,$0,$0,$-0,$-17,$44,$0,$0
45,2007-06-30,3.58,$1.45,2.46,$19.31,0.19,$-2.21,0.0,$-0.37,0.0,$0.31B,$0.37B,0.84,$0.23B,$0.07B,3.31,$0.91B,$0.41B,45.44%,$0.91B,$-0.02B,-2.31%,$0.91B,$-0.02B,-2.31%,$0.91B,$-0.02B,-2.31%,$0.91B,$-0.03B,-3.51%,$0.91B,$-0.02B,-1.98%,$-0.02B,$0.07B,-27.48%,$-0.02B,$-0.18B,9.38%,$-0.02B,$0.87B,-2.22%,$-0.02B,$0.30B,-7.76%,$244,$130,$114,$0,$75,$245,$-1,$-5,$-5,$-1,$-4,$-4,$-4,$-1,$-1,$47,47,$-0.08,$-0.08,$202,$0,$14,$312,$278,$0,$244,$36,$559,$871,$369,$227,$61,$433,$802,$0,$-200,$56,$69,$871,$69,$0,$0,$0,$0,$0,$0,$0,$0,$69,$-19,$0,$0,$-1,$0,$-1,$0,$-19,$-11,$0,$-11,$0,$0,$0,$-0,$-12,$38,$0,$0
46,2007-03-31,3.11,$1.57,1.98,$18.89,0.16,$-3.21,0.0,$-0.85,0.0,$0.28B,$0.33B,0.84,$0.23B,$0.07B,3.19,$0.89B,$0.41B,45.79%,$0.89B,$-0.01B,-1.23%,$0.89B,$-0.01B,-1.23%,$0.89B,$-0.01B,-1.23%,$0.89B,$-0.05B,-5.50%,$0.89B,$-0.04B,-4.49%,$-0.04B,$0.07B,-72.40%,$-0.04B,$-0.18B,18.85%,$-0.04B,$0.84B,-5.12%,$-0.01B,$0.31B,-4.63%,$215,$123,$93,$0,$71,$231,$-16,$-4,$-20,$-8,$-12,$-12,$-12,$-16,$-16,$47,47,$-0.25,$-0.25,$171,$0,$13,$277,$277,$0,$250,$35,$562,$840,$329,$233,$60,$438,$767,$0,$-196,$57,$73,$840,$32,$0,$0,$0,$0,$0,$0,$0,$0,$32,$-10,$0,$0,$34,$0,$34,$0,$24,$-6,$0,$-6,$0,$0,$0,$-0,$-6,$50,$0,$0
47,2006-12-31,4.84,$1.80,2.7,$18.89,0.26,$-4.10,0.0,$-0.87,0.0,$0.24B,$0.29B,0.82,$0.24B,$0.08B,2.85,$0.89B,$0.41B,46.62%,$0.89B,$-0.00B,0.00%,$0.89B,$-0.00B,0.00%,$0.89B,$-0.00B,0.00%,$0.89B,$-0.04B,-4.62%,$0.89B,$-0.04B,-4.50%,$-0.04B,$0.08B,-78.82%,$-0.04B,$-0.17B,17.60%,$-0.04B,$0.80B,-5.21%,$-0.00B,$0.32B,0.00%,$220,$122,$97,$0,$74,$236,$-17,$-4,$-20,$-11,$-10,$-10,$-10,$-17,$-17,$47,47,$-0.20,$-0.20,$168,$0,$15,$242,$273,$0,$256,$31,$560,$802,$294,$238,$59,$425,$719,$0,$-184,$57,$84,$802,$-41,$39,$51,$90,$-3,$0,$13,$3,$14,$63,$-236,$0,$0,$-24,$0,$-24,$0,$-261,$138,$0,$138,$1,$1,$0,$-5,$134,$-63,$5,$0
