,Date,Stock Price,Book Value per Share,Price to Book Ratio,TTM Sales per Share,Price to Sales Ratio,TTM FCF per Share,Price to FCF Ratio,TTM Net EPS,PE Ratio,Current Assets,Current Liabilities,Current Ratio,Long Term Debt,Shareholder's Equity_x,Debt to Equity Ratio,TTM Revenue_x,TTM Gross Profit,Gross Margin,TTM Revenue_y,TTM Operating Income,Operating Margin,TTM Revenue_x,TTM EBIT,EBIT Margin,TTM Revenue_y,TTM EBITDA,EBITDA Margin,TTM Revenue_x,TTM Pre-Tax Income,Pre-Tax Margin,TTM Revenue_y,TTM Net Income_x,Net Margin,TTM Net Income_y,Shareholder's Equity_y,Return on Equity,TTM Net Income_x,Tangible Equity,Return on Tangible Equity,TTM Net Income_y,Total Assets,Return on Assets,TTM Net Income,LT Investments & Debt,Return on Investment,revenue,cost-goods-sold,gross-profit,research-development-expenses,selling-general-administrative-expenses,operating-expenses,operating-income,total-non-operating-income-expense,pre-tax-income,total-provision-income-taxes,income-after-taxes,income-from-continuous-operations,net-income,ebitda,ebit,basic-shares-outstanding,shares-outstanding,eps-basic-net-earnings-per-share,eps-earnings-per-share-diluted,cash-on-hand,inventory,other-current-assets,total-current-assets,net-property-plant-equipment,long-term-investments,goodwill-intangible-assets-total,other-long-term-assets,total-long-term-assets,total-assets,total-current-liabilities,long-term-debt,other-non-current-liabilities,total-long-term-liabilities,total-liabilities,common-stock-net,retained-earnings-accumulated-deficit,comprehensive-income,total-share-holder-equity,total-liabilities-share-holders-equity,net-income-loss,total-depreciation-amortization-cash-flow,other-non-cash-items,total-non-cash-items,change-in-accounts-receivable,change-in-inventories,change-in-accounts-payable,change-in-assets-liabilities,total-change-in-assets-liabilities,cash-flow-from-operating-activities,net-change-in-property-plant-equipment,net-change-in-intangible-assets,net-acquisitions-divestitures,net-change-in-short-term-investments,net-change-in-long-term-investments,net-change-in-investments-total,investing-activities-other,cash-flow-from-investing-activities,net-long-term-debt,net-current-debt,debt-issuance-retirement-net-total,net-common-equity-issued-repurchased,net-total-equity-issued-repurchased,total-common-preferred-stock-dividends-paid,financial-activities-other,cash-flow-from-financial-activities,net-cash-flow,stock-based-compensation,common-stock-dividends-paid
0,2018-09-30,24.9,$17.69,1.41,$7.87,3.16,$5.88,4.23,$1.80,13.83,$4.73B,$4.64B,1.02,$0.28B,$0.57B,0.49,$0.25B,$0.21B,82.21%,$0.25B,$0.09B,35.97%,$0.25B,0,0.00%,$0.25B,0,0.00%,$0.25B,$0.09B,35.18%,$0.25B,$0.06B,22.92%,$0.06B,$0.57B,10.24%,$0.06B,$0.55B,10.65%,$0.06B,$5.49B,1.08%,$0.09B,$0.85B,10.29%,$66,$15,$52,$0,$29,$43,$23,$-0,$22,$6,$16,$16,$16,$0,$0,$32,32,$0.50,$0.50,$160,$0,$0,$4730,$29,$589,$21,$119,$757,$5487,$4640,$278,$1,$279,$4919,$0,$94,$-11,$568,$5487,$46,$9,$4,$12,$2,$0,$3,$-5,$-0,$59,$-4,$0,$0,$0,$-11,$-11,$-280,$-294,$0,$10,$10,$-11,$-11,$-23,$266,$241,$6,$3,$-23
1,2018-06-30,28.09,$17.58,1.6,$7.76,3.62,$5.90,4.76,$1.76,15.96,$4.67B,$4.46B,1.05,$0.39B,$0.57B,0.68,$0.25B,$0.21B,84.00%,$0.25B,$0.09B,37.20%,$0.25B,0,0.00%,$0.25B,0,0.00%,$0.25B,$0.09B,36.80%,$0.25B,$0.06B,22.80%,$0.06B,$0.57B,10.10%,$0.06B,$0.55B,10.52%,$0.06B,$5.42B,1.08%,$0.09B,$0.96B,10.70%,$63,$12,$51,$0,$29,$41,$22,$-0,$21,$6,$16,$16,$16,$0,$0,$32,32,$0.48,$0.48,$136,$0,$0,$4666,$26,$582,$22,$119,$749,$5415,$4455,$388,$1,$389,$4843,$0,$85,$-9,$572,$5415,$30,$5,$2,$8,$1,$0,$0,$-1,$1,$39,$-1,$0,$0,$0,$-0,$-0,$-237,$-239,$0,$120,$120,$-0,$-0,$-16,$78,$182,$-17,$2,$-16
2,2018-03-31,30.2,$17.36,1.74,$7.70,3.92,$5.70,5.3,$1.73,17.46,$4.55B,$4.40B,1.03,$0.34B,$0.56B,0.6,$0.25B,$0.21B,85.48%,$0.25B,$0.10B,38.31%,$0.25B,0,0.00%,$0.25B,0,0.00%,$0.25B,$0.10B,38.31%,$0.25B,$0.06B,22.18%,$0.06B,$0.56B,9.84%,$0.06B,$0.54B,10.26%,$0.06B,$5.31B,1.07%,$0.10B,$0.90B,11.86%,$61,$10,$51,$0,$30,$41,$21,$0,$21,$6,$15,$15,$15,$0,$0,$32,32,$0.46,$0.46,$152,$0,$0,$4553,$26,$587,$22,$117,$753,$5306,$4404,$337,$0,$337,$4741,$0,$78,$-8,$564,$5306,$15,$2,$2,$4,$1,$0,$1,$-1,$-0,$18,$-0,$0,$0,$0,$-2,$-2,$-110,$-112,$0,$70,$70,$0,$0,$-8,$29,$92,$-2,$1,$-8
3,2017-12-31,29.59,$17.34,1.71,$7.53,3.93,$5.76,5.14,$1.70,17.4,$4.45B,$4.38B,1.02,$0.27B,$0.56B,0.48,$0.24B,$0.21B,86.83%,$0.24B,$0.10B,39.51%,$0.24B,0,0.00%,$0.24B,0,0.00%,$0.24B,$0.10B,39.51%,$0.24B,$0.05B,22.22%,$0.05B,$0.56B,9.77%,$0.05B,$0.54B,10.19%,$0.05B,$5.21B,1.07%,$0.10B,$0.83B,12.76%,$63,$9,$54,$0,$29,$39,$25,$0,$25,$13,$11,$11,$11,$0,$0,$32,32,$0.36,$0.35,$154,$0,$0,$4447,$27,$595,$23,$119,$763,$5210,$4380,$267,$1,$268,$4648,$0,$71,$-2,$562,$5210,$55,$13,$16,$29,$-4,$0,$3,$2,$-3,$80,$-1,$0,$0,$0,$-65,$-65,$-452,$-518,$98,$-165,$-67,$0,$0,$-26,$538,$445,$7,$3,$-26
4,2017-09-30,29.97,$17.25,1.74,$7.29,4.11,$4.98,6.02,$1.79,16.74,$4.32B,$4.32B,1.0,$0.23B,$0.56B,0.41,$0.24B,$0.21B,88.09%,$0.24B,$0.10B,40.43%,$0.24B,0,0.00%,$0.24B,0,0.00%,$0.24B,$0.10B,40.43%,$0.24B,$0.06B,24.26%,$0.06B,$0.56B,10.46%,$0.06B,$0.54B,10.92%,$0.06B,$5.11B,1.16%,$0.10B,$0.79B,12.48%,$63,$9,$54,$0,$29,$38,$25,$0,$25,$10,$15,$15,$15,$0,$0,$32,32,$0.46,$0.46,$138,$0,$0,$4320,$27,$615,$23,$80,$791,$5111,$4324,$227,$1,$228,$4552,$0,$66,$0,$559,$5111,$43,$9,$1,$11,$2,$0,$2,$-1,$2,$56,$-0,$0,$0,$0,$-80,$-80,$-347,$-427,$98,$-205,$-107,$-1,$-1,$-19,$489,$362,$-9,$2,$-19
5,2017-06-30,27.35,$16.98,1.61,$7.00,3.91,$4.43,6.17,$1.74,15.72,$4.20B,$4.29B,0.98,$0.14B,$0.55B,0.25,$0.23B,$0.20B,89.33%,$0.23B,$0.09B,40.44%,$0.23B,0,0.00%,$0.23B,0,0.00%,$0.23B,$0.09B,40.44%,$0.23B,$0.06B,24.44%,$0.06B,$0.55B,10.22%,$0.06B,$0.53B,10.63%,$0.06B,$4.97B,1.16%,$0.09B,$0.69B,12.71%,$61,$8,$53,$0,$29,$38,$24,$0,$24,$9,$14,$14,$14,$0,$0,$32,32,$0.45,$0.45,$139,$0,$0,$4201,$27,$588,$23,$83,$772,$4973,$4286,$137,$0,$137,$4423,$0,$58,$0,$550,$4973,$28,$7,$-0,$7,$-2,$0,$1,$-3,$-4,$31,$0,$0,$0,$0,$-52,$-52,$-227,$-279,$98,$-295,$-197,$-1,$-1,$-12,$449,$239,$-9,$1,$-12
6,2017-03-31,29.37,$16.66,1.76,$6.78,4.33,$3.76,7.81,$1.73,16.98,$4.07B,$4.11B,0.99,$0.17B,$0.54B,0.31,$0.22B,$0.20B,90.37%,$0.22B,$0.09B,41.28%,$0.22B,0,0.00%,$0.22B,0,0.00%,$0.22B,$0.09B,41.28%,$0.22B,$0.06B,25.23%,$0.06B,$0.54B,10.34%,$0.06B,$0.52B,10.71%,$0.06B,$4.81B,1.20%,$0.09B,$0.71B,12.00%,$56,$6,$50,$0,$27,$33,$22,$0,$22,$9,$14,$14,$14,$0,$0,$32,32,$0.43,$0.43,$139,$0,$0,$4070,$28,$564,$23,$86,$742,$4812,$4105,$167,$0,$167,$4272,$0,$49,$-2,$540,$4812,$14,$4,$0,$4,$1,$0,$0,$1,$2,$20,$-0,$0,$0,$0,$-31,$-31,$-97,$-128,$98,$-265,$-167,$-1,$-1,$-6,$273,$99,$-9,$1,$-6
7,2016-12-31,33.14,$16.42,2.02,$6.61,5.02,$3.30,10.04,$1.76,18.83,$3.98B,$3.84B,1.04,$0.33B,$0.53B,0.63,$0.21B,$0.19B,91.04%,$0.21B,$0.09B,41.98%,$0.21B,0,0.00%,$0.21B,0,0.00%,$0.21B,$0.09B,41.98%,$0.21B,$0.06B,26.42%,$0.06B,$0.53B,10.68%,$0.06B,$0.51B,11.00%,$0.06B,$4.70B,1.25%,$0.09B,$0.87B,11.58%,$55,$5,$50,$0,$26,$31,$24,$0,$24,$10,$14,$14,$14,$0,$0,$32,32,$0.45,$0.44,$147,$0,$0,$3983,$29,$533,$23,$87,$719,$4701,$3836,$334,$0,$334,$4170,$0,$42,$-2,$531,$4701,$56,$15,$1,$16,$-12,$0,$-1,$-11,$-18,$54,$-1,$0,$0,$0,$186,$186,$-677,$-491,$0,$145,$145,$1,$1,$-26,$299,$420,$-17,$3,$-26
8,2016-09-30,24.82,$16.47,1.51,$6.56,3.78,$3.68,6.75,$1.77,14.02,$3.66B,$3.79B,0.97,$0.07B,$0.53B,0.14,$0.21B,$0.19B,91.47%,$0.21B,$0.09B,43.13%,$0.21B,0,0.00%,$0.21B,0,0.00%,$0.21B,$0.09B,42.65%,$0.21B,$0.06B,27.01%,$0.06B,$0.53B,11.06%,$0.06B,$0.52B,11.35%,$0.06B,$4.40B,1.31%,$0.09B,$0.61B,12.59%,$53,$5,$48,$0,$27,$32,$21,$0,$21,$8,$13,$13,$13,$0,$0,$32,32,$0.41,$0.41,$130,$0,$0,$3662,$28,$565,$12,$85,$741,$4402,$3792,$74,$5,$79,$3871,$0,$33,$8,$531,$4402,$42,$11,$-3,$8,$-7,$0,$-1,$-6,$-14,$37,$1,$0,$0,$0,$171,$171,$-370,$-198,$0,$-115,$-115,$0,$0,$-20,$261,$127,$-34,$2,$-20
9,2016-06-30,21.96,$16.28,1.35,$6.59,3.33,$3.61,6.09,$1.80,12.2,$3.59B,$3.61B,0.99,$0.30B,$0.53B,0.57,$0.21B,$0.20B,91.98%,$0.21B,$0.10B,44.81%,$0.21B,0,0.00%,$0.21B,0,0.00%,$0.21B,$0.09B,44.34%,$0.21B,$0.06B,27.36%,$0.06B,$0.53B,11.51%,$0.06B,$0.51B,11.82%,$0.06B,$4.44B,1.35%,$0.10B,$0.82B,12.92%,$54,$4,$49,$0,$26,$31,$23,$0,$23,$9,$14,$14,$14,$0,$0,$32,32,$0.44,$0.44,$157,$0,$0,$3592,$30,$667,$13,$87,$849,$4441,$3613,$299,$4,$303,$3916,$0,$26,$9,$525,$4441,$29,$8,$-1,$7,$-14,$0,$-0,$-11,$-25,$11,$-1,$0,$0,$0,$74,$74,$-267,$-195,$0,$110,$110,$0,$0,$-13,$79,$176,$-8,$2,$-13
10,2016-03-31,20.46,$15.84,1.29,$6.56,3.12,$3.77,5.43,$1.80,11.37,$3.42B,$3.53B,0.97,$0.27B,$0.51B,0.53,$0.21B,$0.19B,92.38%,$0.21B,$0.10B,45.71%,$0.21B,0,0.00%,$0.21B,0,0.00%,$0.21B,$0.10B,45.24%,$0.21B,$0.06B,27.62%,$0.06B,$0.51B,11.82%,$0.06B,$0.50B,12.16%,$0.06B,$4.31B,1.39%,$0.10B,$0.78B,14.72%,$50,$4,$46,$0,$25,$29,$21,$0,$21,$6,$15,$15,$15,$0,$0,$32,32,$0.46,$0.46,$137,$0,$0,$3419,$30,$706,$13,$86,$892,$4311,$3525,$269,$6,$275,$3800,$0,$17,$5,$511,$4311,$15,$4,$-0,$4,$-1,$0,$0,$-11,$-12,$6,$-1,$0,$0,$0,$31,$31,$-124,$-94,$0,$80,$80,$0,$0,$-9,$-10,$61,$-27,$1,$-9
11,2015-12-31,21.9,$15.45,1.42,$6.63,3.3,$3.43,6.4,$1.69,12.96,$3.33B,$3.55B,0.94,$0.19B,$0.49B,0.38,$0.21B,$0.20B,92.45%,$0.21B,$0.10B,44.81%,$0.21B,0,0.00%,$0.21B,0,0.00%,$0.21B,$0.09B,43.87%,$0.21B,$0.05B,25.47%,$0.05B,$0.49B,11.26%,$0.05B,$0.48B,11.60%,$0.05B,$4.24B,1.31%,$0.10B,$0.68B,16.42%,$54,$4,$50,$0,$24,$28,$26,$-0,$25,$10,$15,$15,$15,$0,$0,$32,32,$0.46,$0.45,$164,$0,$0,$3326,$30,$729,$13,$85,$909,$4235,$3547,$189,$5,$193,$3741,$0,$6,$-0,$494,$4235,$54,$18,$-7,$11,$-7,$0,$-0,$-9,$2,$67,$-1,$0,$0,$0,$357,$357,$-376,$-20,$0,$20,$20,$1,$1,$-13,$-48,$-40,$6,$2,$-13
12,2015-09-30,23.14,$15.18,1.52,$6.52,3.55,$2.13,10.84,$1.42,16.29,$3.25B,$3.55B,0.92,$0.17B,$0.49B,0.35,$0.21B,$0.19B,92.31%,$0.21B,$0.08B,38.46%,$0.21B,0,0.00%,$0.21B,0,0.00%,$0.21B,$0.08B,36.54%,$0.21B,$0.05B,21.63%,$0.05B,$0.49B,9.58%,$0.05B,$0.47B,9.89%,$0.05B,$4.21B,1.09%,$0.08B,$0.65B,14.20%,$54,$4,$50,$0,$25,$29,$25,$0,$25,$11,$14,$14,$14,$0,$0,$32,32,$0.44,$0.44,$235,$0,$0,$3250,$30,$700,$14,$150,$964,$4214,$3554,$169,$6,$175,$3729,$0,$-4,$2,$485,$4214,$39,$15,$-12,$3,$-5,$0,$-0,$0,$-5,$37,$-1,$0,$0,$0,$334,$334,$-246,$86,$0,$0,$0,$0,$0,$-7,$-39,$-46,$77,$2,$-7
13,2015-06-30,22.71,$14.78,1.54,$6.60,3.44,$1.75,12.94,$1.39,16.34,$2.99B,$3.47B,0.86,$0.02B,$0.47B,0.04,$0.21B,$0.20B,92.86%,$0.21B,$0.09B,40.95%,$0.21B,0,0.00%,$0.21B,0,0.00%,$0.21B,$0.08B,37.14%,$0.21B,$0.05B,25.24%,$0.05B,$0.47B,11.60%,$0.05B,$0.46B,11.96%,$0.05B,$3.97B,1.28%,$0.09B,$0.49B,15.90%,$52,$4,$48,$0,$24,$28,$24,$-0,$24,$10,$14,$14,$14,$0,$0,$32,32,$0.44,$0.44,$153,$0,$0,$2993,$31,$759,$15,$90,$978,$3971,$3474,$19,$6,$24,$3498,$0,$-14,$0,$473,$3971,$25,$10,$-7,$2,$0,$0,$-0,$-11,$-11,$16,$-1,$0,$0,$0,$330,$330,$-80,$249,$0,$-150,$-150,$0,$0,$-2,$-118,$-270,$-5,$1,$-2
14,2015-03-31,19.25,$14.64,1.32,$6.09,3.16,$2.10,9.16,$1.30,14.81,$2.97B,$3.59B,0.83,$0.02B,$0.47B,0.04,$0.19B,$0.18B,92.78%,$0.19B,$0.08B,41.24%,$0.19B,0,0.00%,$0.19B,0,0.00%,$0.19B,$0.07B,37.11%,$0.19B,$0.05B,25.77%,$0.05B,$0.47B,11.23%,$0.05B,$0.45B,11.53%,$0.05B,$4.08B,1.28%,$0.08B,$0.49B,14.58%,$52,$4,$48,$0,$28,$32,$20,$-2,$19,$8,$11,$11,$11,$0,$0,$32,32,$0.35,$0.35,$182,$0,$0,$2970,$31,$888,$15,$94,$1114,$4084,$3592,$19,$6,$25,$3617,$0,$-25,$6,$467,$4084,$11,$5,$-4,$2,$-4,$0,$0,$-15,$-18,$-5,$-1,$0,$0,$0,$211,$211,$-25,$186,$0,$-150,$-150,$0,$0,$-2,$-5,$-157,$24,$1,$-2
15,2014-12-31,19.75,$14.21,1.39,$5.60,3.53,$3.02,6.54,$1.30,15.19,$2.93B,$3.60B,0.81,$0.17B,$0.45B,0.37,$0.18B,$0.17B,92.18%,$0.18B,$0.08B,44.13%,$0.18B,0,0.00%,$0.18B,0,0.00%,$0.18B,$0.07B,40.22%,$0.18B,$0.05B,27.93%,$0.05B,$0.45B,11.57%,$0.05B,$0.44B,11.83%,$0.05B,$4.23B,1.37%,$0.08B,$0.62B,14.01%,$50,$4,$46,$0,$35,$40,$11,$-3,$8,$2,$6,$6,$6,$0,$0,$32,32,$0.18,$0.19,$158,$0,$0,$2925,$31,$1091,$16,$100,$1307,$4232,$3602,$169,$9,$178,$3779,$0,$-32,$0,$453,$4232,$50,$9,$-34,$-25,$-5,$0,$-0,$9,$1,$25,$-1,$0,$119,$0,$143,$143,$-245,$16,$-2,$15,$12,$0,$0,$-7,$-69,$-63,$-21,$2,$-7
16,2014-09-30,18.2,$13.65,1.33,$5.11,3.56,$4.14,4.39,$1.42,12.81,$2.85B,$3.65B,0.78,$0.13B,$0.44B,0.3,$0.16B,$0.15B,92.02%,$0.16B,$0.08B,51.53%,$0.16B,0,0.00%,$0.16B,0,0.00%,$0.16B,$0.08B,49.08%,$0.16B,$0.05B,33.13%,$0.05B,$0.44B,12.89%,$0.05B,$0.43B,13.14%,$0.05B,$4.23B,1.60%,$0.08B,$0.56B,15.54%,$56,$3,$53,$0,$22,$26,$31,$-3,$27,$5,$22,$22,$22,$0,$0,$32,32,$0.69,$0.68,$197,$0,$0,$2845,$31,$1158,$10,$111,$1383,$4228,$3649,$129,$16,$144,$3793,$0,$-45,$-5,$435,$4228,$44,$6,$-22,$-16,$-7,$0,$-1,$6,$-4,$24,$-1,$0,$119,$0,$69,$69,$-149,$38,$0,$-28,$-28,$0,$0,$-4,$-13,$-45,$18,$2,$-4
17,2014-06-30,18.96,$13.38,1.42,$4.54,4.17,$4.91,3.86,$1.33,14.26,$2.44B,$2.57B,0.95,$0.10B,$0.43B,0.23,$0.15B,$0.13B,91.03%,$0.15B,$0.07B,48.28%,$0.15B,0,0.00%,$0.15B,0,0.00%,$0.15B,$0.07B,48.28%,$0.15B,$0.04B,28.97%,$0.04B,$0.43B,10.25%,$0.04B,$0.42B,10.44%,$0.04B,$3.10B,1.39%,$0.07B,$0.52B,14.01%,$36,$3,$33,$0,$14,$17,$18,$-0,$18,$7,$12,$12,$11,$0,$0,$32,32,$0.35,$0.35,$124,$0,$0,$2438,$14,$534,$6,$49,$657,$3095,$2571,$97,$0,$97,$2668,$0,$-56,$-2,$426,$3095,$22,$3,$-7,$-4,$-3,$0,$0,$6,$9,$26,$-1,$0,$0,$0,$36,$36,$-117,$-82,$0,$-31,$-31,$0,$0,$-2,$33,$0,$-56,$1,$-2
18,2014-03-31,20.89,$13.04,1.6,$4.59,4.55,$5.04,4.15,$1.28,16.32,$2.44B,$2.55B,0.96,$0.13B,$0.42B,0.32,$0.15B,$0.13B,91.10%,$0.15B,$0.07B,45.89%,$0.15B,0,0.00%,$0.15B,0,0.00%,$0.15B,$0.07B,45.89%,$0.15B,$0.04B,27.40%,$0.04B,$0.42B,9.95%,$0.04B,$0.41B,10.15%,$0.04B,$3.10B,1.36%,$0.07B,$0.55B,14.30%,$37,$3,$33,$0,$14,$18,$19,$-0,$19,$8,$11,$11,$11,$0,$0,$32,32,$0.35,$0.34,$204,$0,$0,$2435,$14,$546,$8,$40,$662,$3097,$2550,$132,$0,$132,$2682,$0,$-63,$-6,$415,$3097,$11,$2,$-4,$-3,$-0,$0,$-0,$15,$15,$23,$-0,$0,$0,$0,$43,$43,$-40,$2,$0,$5,$5,$0,$0,$0,$-6,$-1,$25,$1,$0
19,2013-12-31,19.57,$12.60,1.55,$4.64,4.22,$4.89,4.0,$1.25,15.65,$2.38B,$2.53B,0.94,$0.13B,$0.40B,0.32,$0.15B,$0.13B,91.16%,$0.15B,$0.06B,42.86%,$0.15B,0,0.00%,$0.15B,0,0.00%,$0.15B,$0.06B,42.86%,$0.15B,$0.04B,26.53%,$0.04B,$0.40B,9.86%,$0.04B,$0.39B,10.05%,$0.04B,$3.05B,1.36%,$0.06B,$0.53B,14.24%,$34,$3,$31,$0,$15,$19,$16,$0,$16,$6,$10,$10,$10,$0,$0,$32,32,$0.31,$0.31,$179,$0,$0,$2378,$14,$556,$8,$46,$676,$3054,$2527,$128,$0,$128,$2654,$0,$-73,$-9,$400,$3054,$40,$7,$9,$15,$15,$0,$-8,$2,$6,$61,$-1,$0,$0,$0,$-102,$-102,$-201,$-304,$-83,$125,$42,$1,$1,$-4,$116,$155,$-89,$1,$-4
20,2013-09-30,14.76,$12.53,1.18,$4.56,3.24,$4.66,3.17,$1.38,10.7,$2.31B,$2.45B,0.95,$0.00B,$0.40B,0.01,$0.15B,$0.13B,90.34%,$0.15B,$0.06B,42.76%,$0.15B,0,0.00%,$0.15B,0,0.00%,$0.15B,$0.06B,42.76%,$0.15B,$0.04B,29.66%,$0.04B,$0.40B,11.03%,$0.04B,$0.39B,11.23%,$0.04B,$2.85B,1.52%,$0.06B,$0.40B,14.54%,$38,$3,$35,$0,$18,$21,$17,$0,$17,$7,$10,$10,$10,$0,$0,$32,32,$0.33,$0.33,$194,$0,$0,$2310,$14,$410,$8,$41,$535,$2845,$2445,$3,$0,$3,$2447,$0,$-80,$-4,$398,$2845,$30,$5,$-1,$5,$9,$0,$-9,$8,$13,$48,$-1,$0,$0,$0,$53,$53,$-124,$-72,$-83,$0,$-83,$1,$1,$-2,$34,$-50,$-74,$0,$-2
21,2013-06-30,15.67,$12.51,1.25,$4.51,3.47,$4.43,3.54,$1.48,10.59,$2.22B,$2.38B,0.93,$0.00B,$0.40B,0.01,$0.14B,$0.13B,88.81%,$0.14B,$0.06B,40.56%,$0.14B,0,0.00%,$0.14B,0,0.00%,$0.14B,$0.06B,40.56%,$0.14B,$0.05B,32.17%,$0.05B,$0.40B,12.06%,$0.05B,$0.39B,12.28%,$0.05B,$2.77B,1.63%,$0.06B,$0.40B,13.23%,$37,$3,$34,$0,$19,$22,$15,$0,$15,$6,$9,$9,$9,$0,$0,$32,32,$0.30,$0.30,$78,$0,$0,$2217,$14,$428,$8,$42,$556,$2773,$2375,$3,$0,$3,$2378,$0,$-88,$2,$395,$2773,$20,$4,$-0,$4,$10,$0,$-9,$7,$7,$30,$-0,$0,$0,$0,$45,$45,$-149,$-104,$-83,$0,$-83,$0,$0,$0,$-34,$-116,$-190,$0,$0
22,2013-03-31,14.19,$12.32,1.15,$4.52,3.14,$4.21,3.37,$2.95,4.81,$2.22B,$2.35B,0.95,$0.05B,$0.39B,0.14,$0.14B,$0.13B,87.41%,$0.14B,$0.05B,36.36%,$0.14B,0,0.00%,$0.14B,0,0.00%,$0.14B,$0.05B,36.36%,$0.14B,$0.09B,65.03%,$0.09B,$0.39B,25.15%,$0.09B,$0.38B,25.62%,$0.09B,$2.79B,3.27%,$0.05B,$0.44B,11.62%,$38,$4,$34,$0,$19,$23,$15,$0,$15,$5,$10,$10,$10,$0,$0,$32,32,$0.32,$0.32,$145,$0,$0,$2222,$15,$448,$7,$43,$570,$2792,$2349,$54,$0,$54,$2403,$0,$-97,$5,$389,$2792,$10,$2,$0,$2,$5,$0,$-9,$7,$6,$18,$-0,$0,$0,$0,$32,$32,$-79,$-47,$-31,$0,$-31,$0,$0,$0,$-63,$-94,$-123,$0,$0
23,2012-12-31,12.05,$12.01,1.0,$4.40,2.74,$2.96,4.07,$2.86,4.21,$2.29B,$2.42B,0.95,$0.09B,$0.38B,0.23,$0.14B,$0.12B,85.61%,$0.14B,$0.04B,31.65%,$0.14B,0,0.00%,$0.14B,0,0.00%,$0.14B,$0.04B,31.65%,$0.14B,$0.09B,64.75%,$0.09B,$0.38B,26.01%,$0.09B,$0.37B,26.49%,$0.09B,$2.88B,3.17%,$0.04B,$0.46B,10.20%,$32,$4,$28,$0,$13,$17,$15,$0,$15,$1,$14,$14,$14,$0,$0,$31,32,$0.45,$0.45,$273,$0,$0,$2286,$15,$481,$7,$43,$597,$2883,$2419,$85,$0,$85,$2504,$0,$-108,$5,$378,$2883,$90,$7,$-43,$-36,$6,$0,$-4,$-4,$-2,$53,$-1,$0,$0,$115,$-7,$108,$-144,$-37,$-0,$0,$-0,$0,$0,$0,$51,$51,$66,$0,$0
24,2012-09-30,11.36,$11.56,0.98,$5.21,2.18,$3.66,3.1,$2.42,4.7,$2.29B,$2.39B,0.96,$0.09B,$0.36B,0.24,$0.14B,$0.12B,84.72%,$0.14B,$0.04B,24.31%,$0.14B,0,0.00%,$0.14B,0,0.00%,$0.14B,$0.04B,24.31%,$0.14B,$0.08B,56.94%,$0.08B,$0.36B,25.39%,$0.08B,$0.36B,25.87%,$0.08B,$2.84B,2.93%,$0.04B,$0.45B,8.57%,$36,$4,$31,$0,$19,$23,$13,$0,$13,$-1,$13,$13,$13,$0,$0,$31,32,$0.42,$0.42,$362,$0,$0,$2287,$15,$440,$7,$44,$555,$2842,$2392,$85,$0,$85,$2478,$0,$-121,$5,$364,$2842,$76,$5,$9,$14,$9,$0,$-1,$-5,$-50,$40,$-0,$0,$0,$60,$34,$94,$-52,$42,$-0,$0,$-0,$0,$0,$0,$18,$18,$101,$0,$0
25,2012-06-30,9.3,$11.07,0.84,$6.06,1.53,$3.71,2.51,$2.24,4.15,$2.32B,$2.41B,0.96,$0.09B,$0.35B,0.25,$0.15B,$0.12B,83.56%,$0.15B,$0.03B,17.81%,$0.15B,0,0.00%,$0.15B,0,0.00%,$0.15B,$0.03B,17.81%,$0.15B,$0.07B,50.00%,$0.07B,$0.35B,25.82%,$0.07B,$0.34B,26.31%,$0.07B,$2.85B,2.64%,$0.03B,$0.43B,6.97%,$37,$5,$32,$0,$24,$29,$9,$0,$9,$-47,$56,$56,$56,$0,$0,$31,32,$1.77,$1.77,$418,$0,$0,$2324,$16,$403,$6,$49,$522,$2847,$2413,$86,$0,$86,$2498,$0,$-135,$3,$348,$2847,$63,$4,$7,$11,$13,$0,$-1,$-11,$-51,$23,$-0,$0,$0,$5,$68,$73,$-33,$40,$-0,$0,$-0,$0,$0,$0,$40,$40,$103,$0,$0
26,2012-03-31,8.98,$9.33,0.96,$6.92,1.3,$3.24,2.77,$0.87,10.32,$2.26B,$2.38B,0.95,$0.09B,$0.29B,0.29,$0.15B,$0.12B,81.76%,$0.15B,$0.03B,17.57%,$0.15B,0,0.00%,$0.15B,0,0.00%,$0.15B,$0.03B,17.57%,$0.15B,$0.03B,16.89%,$0.03B,$0.29B,10.19%,$0.03B,$0.29B,10.40%,$0.03B,$2.77B,0.92%,$0.03B,$0.38B,7.74%,$34,$6,$28,$0,$21,$27,$7,$0,$7,$0,$7,$7,$7,$0,$0,$31,31,$0.23,$0.23,$282,$0,$0,$2256,$16,$446,$5,$49,$516,$2771,$2381,$86,$11,$97,$2478,$0,$-191,$4,$294,$2771,$7,$2,$3,$5,$-24,$0,$-0,$-7,$-34,$-21,$-0,$0,$0,$-5,$27,$22,$-61,$-39,$-0,$0,$-0,$0,$0,$0,$19,$19,$-41,$0,$0
27,2011-12-31,6.56,$9.07,0.72,$7.93,0.83,$4.29,1.53,$1.20,5.47,$2.21B,$2.37B,0.93,$0.09B,$0.29B,0.3,$0.15B,$0.13B,81.70%,$0.15B,$0.03B,19.61%,$0.15B,0,0.00%,$0.15B,0,0.00%,$0.15B,$0.03B,19.61%,$0.15B,$0.03B,18.30%,$0.03B,$0.29B,12.86%,$0.03B,$0.28B,13.15%,$0.03B,$2.75B,1.02%,$0.03B,$0.37B,8.66%,$37,$6,$31,$0,$25,$31,$6,$0,$6,$0,$6,$6,$6,$0,$0,$20,20,$0.19,$0.19,$319,$0,$0,$2209,$17,$473,$5,$41,$536,$2745,$2374,$86,$0,$86,$2459,$0,$-198,$4,$286,$2745,$28,$7,$15,$22,$3,$0,$0,$-4,$-1,$49,$-1,$0,$0,$-115,$-19,$-134,$235,$99,$-0,$-152,$-152,$77,$77,$0,$-122,$-197,$-48,$1,$0
28,2011-09-30,5.89,$10.75,0.55,$9.57,0.62,$21.04,0.28,$1.52,3.87,$2.18B,$2.37B,0.92,$0.11B,$0.20B,0.51,$0.16B,$0.13B,80.25%,$0.16B,$0.03B,18.47%,$0.16B,0,0.00%,$0.16B,0,0.00%,$0.16B,$0.03B,18.47%,$0.16B,$0.03B,17.20%,$0.03B,$0.20B,14.25%,$0.03B,$0.20B,14.59%,$0.03B,$2.69B,0.97%,$0.03B,$0.31B,8.14%,$38,$7,$31,$0,$27,$33,$4,$0,$4,$-0,$4,$4,$4,$0,$0,$19,19,$0.22,$0.22,$229,$0,$0,$2175,$17,$447,$5,$44,$512,$2687,$2367,$105,$12,$116,$2483,$0,$-203,$4,$203,$2687,$23,$5,$12,$16,$-9,$0,$-2,$-2,$-13,$25,$-1,$0,$0,$0,$8,$8,$193,$200,$-0,$-133,$-133,$0,$0,$0,$-114,$-247,$-21,$0,$0
29,2011-06-30,7.59,$10.49,0.72,$10.27,0.74,$31.72,0.24,$0.32,23.73,$2.22B,$2.41B,0.92,$0.09B,$0.20B,0.44,$0.16B,$0.13B,79.38%,$0.16B,$0.01B,6.88%,$0.16B,0,0.00%,$0.16B,0,0.00%,$0.16B,$0.01B,6.88%,$0.16B,$0.01B,5.00%,$0.01B,$0.20B,4.40%,$0.01B,$0.19B,4.52%,$0.01B,$2.71B,0.28%,$0.01B,$0.29B,2.88%,$39,$7,$31,$0,$23,$30,$9,$0,$9,$1,$8,$8,$8,$0,$0,$19,19,$0.42,$0.42,$199,$0,$0,$2221,$17,$424,$4,$45,$490,$2711,$2414,$87,$11,$98,$2512,$0,$-208,$3,$198,$2711,$18,$3,$5,$8,$-18,$0,$-2,$-2,$-22,$5,$-0,$0,$0,$0,$30,$30,$134,$163,$-0,$-151,$-151,$0,$0,$0,$-68,$-219,$-51,$0,$0
30,2011-03-31,8.8,$9.73,0.9,$14.94,0.59,$55.55,0.16,$-4.64,0.0,$2.24B,$2.45B,0.91,$0.24B,$0.18B,1.29,$0.16B,$0.13B,78.66%,$0.16B,$-0.03B,-16.46%,$0.16B,0,0.00%,$0.16B,0,0.00%,$0.16B,$-0.03B,-16.46%,$0.16B,$-0.03B,-17.68%,$-0.03B,$0.18B,-19.24%,$-0.03B,$0.18B,-19.97%,$-0.03B,$2.88B,-0.99%,$-0.03B,$0.42B,-6.95%,$39,$8,$32,$0,$21,$29,$11,$0,$11,$0,$10,$10,$10,$0,$0,$19,19,$0.55,$0.55,$170,$0,$0,$2237,$17,$573,$5,$48,$643,$2880,$2446,$237,$12,$250,$2696,$0,$-216,$-3,$184,$2880,$10,$2,$3,$5,$-4,$0,$-2,$-2,$-8,$7,$-0,$0,$0,$0,$-125,$-125,$74,$-51,$-0,$0,$-0,$0,$0,$0,$-36,$-36,$-79,$0,$0
31,2010-12-31,8.16,$9.17,0.89,$19.93,0.41,$57.24,0.14,$-12.96,0.0,$2.39B,$2.48B,0.96,$0.24B,$0.17B,1.37,$0.17B,$0.13B,77.06%,$0.17B,$-0.09B,-51.76%,$0.17B,0,0.00%,$0.17B,0,0.00%,$0.17B,$-0.09B,-51.76%,$0.17B,$-0.09B,-51.76%,$-0.09B,$0.17B,-67.69%,$-0.09B,$0.17B,-70.97%,$-0.09B,$2.91B,-2.98%,$-0.09B,$0.41B,-23.85%,$41,$9,$32,$0,$26,$35,$5,$0,$5,$-0,$5,$5,$5,$0,$0,$12,12,$5.82,$5.82,$250,$0,$0,$2389,$18,$449,$5,$47,$518,$2907,$2483,$238,$13,$250,$2734,$0,$-226,$-3,$173,$2907,$-88,$6,$137,$143,$125,$0,$3,$-4,$172,$226,$-1,$0,$0,$0,$-283,$-283,$320,$36,$-0,$-0,$-1,$116,$116,$0,$-283,$-167,$96,$1,$0
32,2010-09-30,9.08,$9.13,0.99,$25.02,0.36,$53.49,0.17,$-18.88,0.0,$2.52B,$2.54B,0.99,$0.24B,$0.17B,1.38,$0.18B,$0.14B,75.00%,$0.18B,$-0.16B,-86.67%,$0.18B,0,0.00%,$0.18B,0,0.00%,$0.18B,$-0.16B,-86.67%,$0.18B,$-0.13B,-71.67%,$-0.13B,$0.17B,-103.82%,$-0.13B,$0.17B,-109.55%,$-0.13B,$2.97B,-4.28%,$-0.16B,$0.41B,-42.95%,$41,$9,$32,$0,$46,$55,$-14,$0,$-14,$0,$-15,$-15,$-15,$0,$0,$15,15,$-0.96,$-0.96,$282,$0,$0,$2520,$18,$361,$6,$65,$449,$2969,$2542,$239,$14,$253,$2796,$0,$-231,$2,$173,$2969,$-93,$4,$132,$136,$99,$0,$1,$-5,$143,$185,$-1,$0,$0,$0,$-188,$-188,$237,$49,$-0,$1,$1,$116,$116,$0,$-222,$-105,$128,$1,$0
33,2010-06-30,8.94,$11.43,0.78,$31.39,0.28,$54.17,0.17,$-28.00,0.0,$2.60B,$2.59B,1.0,$0.24B,$0.07B,3.27,$0.19B,$0.14B,71.50%,$0.19B,$-0.18B,-93.26%,$0.19B,0,0.00%,$0.19B,0,0.00%,$0.19B,$-0.18B,-93.26%,$0.19B,$-0.17B,-90.16%,$-0.17B,$0.07B,-136.20%,$-0.17B,$0.07B,-144.10%,$-0.17B,$2.92B,-5.54%,$-0.18B,$0.31B,-48.85%,$43,$10,$33,$0,$62,$72,$-29,$0,$-29,$-0,$-29,$-29,$-29,$0,$0,$6,6,$-4.56,$-4.56,$251,$0,$0,$2596,$18,$227,$6,$67,$319,$2915,$2590,$239,$11,$252,$2842,$0,$-217,$3,$73,$2915,$-79,$3,$106,$109,$79,$0,$1,$-3,$124,$154,$-0,$0,$0,$0,$-53,$-53,$169,$116,$-0,$1,$1,$0,$0,$0,$-174,$-173,$97,$0,$0
34,2010-03-31,17.03,$15.79,1.08,$34.30,0.5,$37.86,0.45,$-25.12,0.0,$2.78B,$2.67B,1.04,$0.24B,$0.10B,2.38,$0.21B,$0.14B,66.34%,$0.21B,$-0.17B,-82.93%,$0.21B,0,0.00%,$0.21B,0,0.00%,$0.21B,$-0.17B,-82.93%,$0.21B,$-0.16B,-75.61%,$-0.16B,$0.10B,-91.58%,$-0.16B,$0.09B,-95.68%,$-0.16B,$3.02B,-4.59%,$-0.17B,$0.34B,-40.07%,$45,$11,$34,$0,$84,$95,$-50,$0,$-50,$-0,$-49,$-49,$-49,$0,$0,$6,6,$-7.76,$-7.76,$199,$0,$0,$2775,$18,$153,$7,$66,$243,$3018,$2665,$241,$11,$252,$2917,$0,$-188,$1,$101,$3018,$-49,$1,$67,$69,$0,$0,$1,$-3,$-6,$13,$-0,$0,$0,$0,$20,$20,$108,$128,$-0,$3,$3,$0,$0,$0,$-99,$-96,$45,$0,$0
35,2009-12-31,8.52,$23.41,0.36,$37.08,0.23,$39.95,0.21,$-18.24,0.0,$2.90B,$2.76B,1.05,$0.24B,$0.15B,1.59,$0.22B,$0.13B,62.04%,$0.22B,$-0.15B,-70.83%,$0.22B,0,0.00%,$0.22B,0,0.00%,$0.22B,$-0.15B,-70.83%,$0.22B,$-0.12B,-56.94%,$-0.12B,$0.15B,-58.85%,$-0.12B,$0.14B,-61.04%,$-0.12B,$3.16B,-3.42%,$-0.15B,$0.39B,-30.45%,$51,$15,$36,$0,$99,$114,$-63,$0,$-63,$-28,$-36,$-36,$-36,$0,$0,$6,6,$-5.84,$-5.84,$154,$0,$0,$2895,$19,$172,$7,$66,$267,$3163,$2763,$238,$12,$250,$3013,$0,$-138,$1,$150,$3163,$-122,$4,$226,$230,$35,$0,$-6,$-0,$-16,$92,$-1,$0,$0,$0,$69,$69,$359,$427,$-107,$-160,$-267,$7,$7,$0,$-321,$-581,$-62,$1,$0
36,2009-09-30,11.64,$29.24,0.4,$39.39,0.3,$31.82,0.37,$-13.28,0.0,$3.11B,$3.01B,1.03,$0.25B,$0.19B,1.31,$0.23B,$0.14B,60.35%,$0.23B,$-0.10B,-43.61%,$0.23B,0,0.00%,$0.23B,0,0.00%,$0.23B,$-0.10B,-43.61%,$0.23B,$-0.09B,-40.09%,$-0.09B,$0.19B,-38.32%,$-0.09B,$0.18B,-39.65%,$-0.09B,$3.46B,-2.41%,$-0.10B,$0.43B,-16.56%,$54,$19,$35,$0,$73,$92,$-38,$0,$-38,$21,$-60,$-60,$-60,$0,$0,$6,6,$-10.08,$-10.08,$213,$0,$0,$3114,$19,$247,$8,$67,$343,$3457,$3013,$245,$12,$257,$3270,$0,$-102,$3,$187,$3457,$-86,$3,$160,$163,$33,$0,$1,$-5,$-1,$76,$-1,$0,$0,$0,$-3,$-3,$258,$253,$-107,$-154,$-261,$7,$7,$0,$-78,$-332,$-3,$1,$0
37,2009-06-30,12.42,$41.47,0.3,$41.61,0.3,$23.17,0.54,$-2.48,0.0,$3.48B,$3.32B,1.05,$0.30B,$0.24B,1.24,$0.24B,$0.14B,60.08%,$0.24B,$-0.06B,-23.11%,$0.24B,0,0.00%,$0.24B,0,0.00%,$0.24B,$-0.06B,-23.11%,$0.24B,$-0.03B,-11.34%,$-0.03B,$0.24B,-10.49%,$-0.03B,$0.23B,-10.83%,$-0.03B,$3.87B,-0.70%,$-0.06B,$0.54B,-7.60%,$55,$25,$31,$0,$49,$74,$-19,$0,$-19,$-9,$-10,$-10,$-10,$0,$0,$6,6,$-1.68,$-1.68,$383,$0,$0,$3480,$20,$260,$8,$104,$391,$3871,$3322,$296,$14,$310,$3632,$0,$-42,$2,$239,$3871,$-27,$2,$71,$72,$3,$0,$13,$-17,$0,$45,$-1,$0,$0,$0,$-16,$-16,$131,$114,$-107,$-102,$-209,$0,$0,$0,$218,$8,$168,$0,$0
38,2009-03-31,9.22,$45.32,0.2,$44.07,0.21,$20.66,0.45,$-19.20,0.0,$3.57B,$3.23B,1.11,$0.40B,$0.26B,1.52,$0.25B,$0.16B,61.90%,$0.25B,$-0.14B,-55.95%,$0.25B,0,0.00%,$0.25B,0,0.00%,$0.25B,$-0.14B,-55.95%,$0.25B,$-0.12B,-48.81%,$-0.12B,$0.26B,-46.72%,$-0.12B,$0.25B,-48.43%,$-0.12B,$3.89B,-3.20%,$-0.14B,$0.66B,-17.61%,$56,$25,$32,$0,$64,$89,$-33,$0,$-33,$-15,$-17,$-17,$-17,$0,$0,$6,6,$-2.96,$-2.96,$321,$0,$0,$3569,$20,$205,$8,$90,$324,$3893,$3226,$395,$12,$407,$3633,$0,$-21,$2,$260,$3893,$-17,$0,$45,$45,$4,$0,$9,$-16,$-4,$25,$-1,$0,$0,$0,$38,$38,$28,$65,$-0,$-110,$-110,$0,$0,$0,$126,$16,$106,$0,$0
39,2008-12-31,14.62,$45.99,0.32,$47.24,0.31,$20.65,0.71,$-17.84,0.0,$3.54B,$3.09B,1.14,$0.51B,$0.26B,1.92,$0.27B,$0.17B,61.99%,$0.27B,$-0.10B,-38.01%,$0.27B,0,0.00%,$0.27B,0,0.00%,$0.27B,$-0.10B,-38.01%,$0.27B,$-0.10B,-38.01%,$-0.10B,$0.26B,-35.43%,$-0.10B,$0.26B,-40.55%,$-0.10B,$3.88B,-2.67%,$-0.10B,$0.77B,-12.06%,$62,$24,$39,$0,$47,$71,$-9,$0,$-9,$-5,$-4,$-4,$-4,$0,$0,$6,6,$-0.64,$-0.64,$216,$0,$0,$3535,$20,$238,$9,$44,$340,$3876,$3093,$505,$14,$519,$3612,$0,$-16,$1,$264,$3876,$-102,$114,$68,$181,$-26,$0,$-3,$-0,$-35,$44,$-2,$0,$0,$0,$145,$145,$-93,$50,$250,$-314,$-64,$-0,$-0,$-4,$68,$0,$94,$1,$-4
40,2008-09-30,35.84,$46.56,0.77,$50.06,0.72,$28.69,1.25,$-34.40,0.0,$3.39B,$2.82B,1.2,$0.67B,$0.27B,2.5,$0.29B,$0.18B,60.48%,$0.29B,$-0.19B,-66.32%,$0.29B,0,0.00%,$0.29B,0,0.00%,$0.29B,$-0.19B,-66.67%,$0.29B,$-0.20B,-68.38%,$-0.20B,$0.27B,-62.68%,$-0.20B,$0.26B,-78.58%,$-0.20B,$3.77B,-5.12%,$-0.19B,$0.94B,-21.52%,$65,$24,$41,$0,$35,$59,$6,$0,$6,$1,$4,$4,$4,$0,$0,$6,6,$0.72,$0.72,$87,$0,$0,$3389,$21,$265,$9,$82,$377,$3766,$2818,$667,$13,$681,$3499,$0,$-12,$0,$267,$3766,$-98,$112,$52,$165,$-19,$0,$-10,$0,$-41,$25,$-2,$0,$0,$0,$118,$118,$-68,$47,$250,$-152,$98,$-0,$-0,$-4,$-202,$-108,$-36,$1,$-4
41,2008-06-30,36.74,$45.58,0.81,$52.37,0.7,$35.37,1.04,$-33.28,0.0,$3.43B,$2.99B,1.15,$0.58B,$0.26B,2.23,$0.31B,$0.18B,59.28%,$0.31B,$-0.18B,-58.96%,$0.31B,0,0.00%,$0.31B,0,0.00%,$0.31B,$-0.18B,-59.28%,$0.31B,$-0.19B,-62.54%,$-0.19B,$0.26B,-51.68%,$-0.19B,$0.25B,-75.59%,$-0.19B,$3.85B,-4.87%,$-0.18B,$0.84B,-20.23%,$69,$26,$44,$0,$41,$174,$-105,$0,$-105,$1,$-106,$-106,$-106,$0,$0,$6,6,$-18.40,$-18.40,$120,$0,$0,$3430,$21,$304,$10,$80,$415,$3845,$2985,$583,$16,$599,$3584,$0,$-16,$-1,$262,$3845,$-103,$109,$36,$146,$1,$0,$-5,$-7,$-11,$32,$-1,$0,$0,$0,$80,$80,$-81,$-3,$150,$-137,$13,$-0,$-0,$-4,$-40,$-31,$-2,$1,$-4
42,2008-03-31,52.12,$64.54,0.81,$53.50,0.97,$39.93,1.31,$-12.40,0.0,$3.38B,$3.05B,1.11,$0.50B,$0.37B,1.35,$0.32B,$0.19B,58.62%,$0.32B,$-0.05B,-15.99%,$0.32B,0,0.00%,$0.32B,0,0.00%,$0.32B,$-0.05B,-16.30%,$0.32B,$-0.07B,-22.26%,$-0.07B,$0.37B,-16.61%,$-0.07B,$0.25B,-27.60%,$-0.07B,$3.94B,-1.80%,$-0.05B,$0.87B,-5.70%,$75,$31,$44,$0,$39,$70,$5,$0,$5,$2,$3,$3,$3,$0,$0,$6,6,$0.48,$0.48,$103,$0,$0,$3377,$21,$357,$118,$67,$564,$3940,$3053,$498,$19,$517,$3570,$0,$90,$2,$370,$3940,$3,$1,$17,$19,$-0,$0,$-4,$7,$3,$24,$-1,$0,$0,$0,$30,$30,$-24,$5,$-0,$-71,$-72,$-0,$-0,$-3,$26,$-48,$-19,$0,$-3
43,2007-12-31,60.32,$64.64,0.93,$53.08,1.14,$40.92,1.47,$-10.80,0.0,$3.39B,$3.03B,1.12,$0.57B,$0.37B,1.54,$0.32B,$0.19B,59.32%,$0.32B,$-0.04B,-10.87%,$0.32B,0,0.00%,$0.32B,0,0.00%,$0.32B,$-0.04B,-11.18%,$0.32B,$-0.06B,-18.94%,$-0.06B,$0.37B,-13.31%,$-0.06B,$0.25B,-23.30%,$-0.06B,$3.98B,-1.56%,$-0.04B,$0.94B,-4.05%,$82,$34,$47,$0,$43,$181,$-99,$0,$-100,$1,$-100,$-100,$-100,$0,$0,$6,6,$-16.72,$-16.56,$122,$0,$0,$3386,$21,$384,$118,$56,$597,$3984,$3029,$570,$15,$584,$3613,$0,$92,$0,$371,$3984,$-61,$110,$26,$136,$17,$0,$-1,$3,$20,$95,$-4,$0,$-2,$5,$37,$42,$-460,$-423,$-0,$319,$318,$-51,$-51,$-12,$57,$312,$-16,$2,$-12
44,2007-09-30,107.66,$82.22,1.31,$52.38,2.06,$33.22,3.24,$9.20,11.7,$3.31B,$3.07B,1.08,$0.44B,$0.48B,0.92,$0.32B,$0.19B,60.31%,$0.32B,$0.09B,28.75%,$0.32B,0,0.00%,$0.32B,0,0.00%,$0.32B,$0.09B,28.75%,$0.32B,$0.06B,17.50%,$0.06B,$0.48B,11.49%,$0.06B,$0.26B,21.05%,$0.06B,$4.01B,1.46%,$0.09B,$0.93B,11.30%,$81,$33,$47,$0,$29,$63,$18,$0,$18,$7,$11,$11,$11,$0,$0,$6,6,$1.84,$1.84,$104,$0,$0,$3312,$21,$383,$222,$60,$699,$4012,$3073,$444,$12,$455,$3529,$0,$196,$-1,$483,$4012,$39,$6,$18,$24,$16,$0,$-2,$-10,$3,$66,$-3,$0,$-2,$5,$35,$40,$-382,$-347,$-0,$193,$192,$-40,$-40,$-9,$103,$246,$-35,$1,$-9
45,2007-06-30,118.12,$81.09,1.46,$51.38,2.3,$29.49,4.01,$10.24,11.54,$3.18B,$3.01B,1.06,$0.36B,$0.49B,0.74,$0.32B,$0.20B,61.51%,$0.32B,$0.10B,31.86%,$0.32B,0,0.00%,$0.32B,0,0.00%,$0.32B,$0.10B,31.86%,$0.32B,$0.06B,19.87%,$0.06B,$0.49B,13.01%,$0.06B,$0.26B,23.86%,$0.06B,$3.87B,1.67%,$0.10B,$0.85B,13.23%,$81,$31,$49,$0,$24,$56,$25,$0,$25,$9,$15,$15,$15,$0,$0,$6,6,$2.56,$2.48,$122,$0,$0,$3176,$20,$390,$222,$49,$695,$3871,$3009,$361,$14,$376,$3385,$0,$188,$-4,$486,$3871,$28,$2,$10,$11,$13,$0,$1,$8,$22,$62,$-2,$0,$-2,$5,$24,$29,$-211,$-185,$-15,$125,$110,$-26,$-26,$-6,$29,$107,$-17,$1,$-6
46,2007-03-31,131.51,$80.79,1.63,$49.91,2.63,$26.34,4.99,$10.32,12.74,$3.06B,$3.02B,1.02,$0.25B,$0.49B,0.51,$0.31B,$0.19B,62.46%,$0.31B,$0.10B,33.01%,$0.31B,0,0.00%,$0.31B,0,0.00%,$0.31B,$0.10B,33.01%,$0.31B,$0.06B,20.71%,$0.06B,$0.49B,13.46%,$0.06B,$0.27B,25.00%,$0.06B,$3.78B,1.72%,$0.10B,$0.74B,14.08%,$78,$30,$48,$0,$26,$57,$21,$0,$21,$8,$13,$13,$13,$0,$0,$6,6,$2.16,$2.08,$148,$0,$0,$3062,$20,$406,$223,$56,$716,$3778,$3017,$251,$17,$267,$3285,$0,$176,$-2,$493,$3778,$13,$1,$6,$7,$10,$0,$-0,$2,$12,$33,$-1,$0,$-4,$5,$11,$16,$-64,$-53,$-0,$-1,$-1,$-5,$-5,$-3,$39,$30,$10,$0,$-3
47,2006-12-31,154.97,$79.40,1.95,$48.12,3.22,$24.98,6.2,$10.64,14.56,$3.01B,$2.98B,1.01,$0.25B,$0.49B,0.52,$0.30B,$0.19B,63.76%,$0.30B,$0.11B,35.23%,$0.30B,0,0.00%,$0.30B,0,0.00%,$0.30B,$0.11B,35.23%,$0.30B,$0.07B,22.15%,$0.07B,$0.49B,14.29%,$0.07B,$0.27B,27.16%,$0.07B,$3.73B,1.81%,$0.11B,$0.74B,14.97%,$80,$31,$49,$0,$21,$52,$28,$0,$28,$11,$17,$17,$17,$0,$0,$6,6,$2.80,$2.72,$144,$0,$0,$3006,$20,$417,$219,$51,$719,$3725,$2976,$251,$11,$262,$3238,$0,$165,$-3,$487,$3725,$65,$7,$5,$11,$-26,$0,$11,$-13,$-28,$49,$-2,$0,$0,$-5,$52,$47,$-353,$-308,$125,$-2,$123,$4,$4,$-12,$119,$234,$-25,$2,$-12
