,Date,Stock Price,Book Value per Share,Price to Book Ratio,TTM Sales per Share,Price to Sales Ratio,TTM FCF per Share,Price to FCF Ratio,TTM Net EPS,PE Ratio,Current Assets,Current Liabilities,Current Ratio,Long Term Debt,Shareholder's Equity_x,Debt to Equity Ratio,TTM Revenue_x,TTM Gross Profit,Gross Margin,TTM Revenue_y,TTM Operating Income,Operating Margin,TTM Revenue_x,TTM EBIT,EBIT Margin,TTM Revenue_y,TTM EBITDA,EBITDA Margin,TTM Revenue_x,TTM Pre-Tax Income,Pre-Tax Margin,TTM Revenue_y,TTM Net Income_x,Net Margin,TTM Net Income_y,Shareholder's Equity_y,Return on Equity,TTM Net Income_x,Tangible Equity,Return on Tangible Equity,TTM Net Income_y,Total Assets,Return on Assets,TTM Net Income,LT Investments & Debt,Return on Investment,revenue,cost-goods-sold,gross-profit,research-development-expenses,selling-general-administrative-expenses,operating-expenses,operating-income,total-non-operating-income-expense,pre-tax-income,total-provision-income-taxes,income-after-taxes,income-from-continuous-operations,net-income,ebitda,ebit,basic-shares-outstanding,shares-outstanding,eps-basic-net-earnings-per-share,eps-earnings-per-share-diluted,cash-on-hand,inventory,other-current-assets,total-current-assets,net-property-plant-equipment,long-term-investments,goodwill-intangible-assets-total,other-long-term-assets,total-long-term-assets,total-assets,total-current-liabilities,long-term-debt,other-non-current-liabilities,total-long-term-liabilities,total-liabilities,common-stock-net,retained-earnings-accumulated-deficit,comprehensive-income,total-share-holder-equity,total-liabilities-share-holders-equity,net-income-loss,total-depreciation-amortization-cash-flow,other-non-cash-items,total-non-cash-items,change-in-accounts-receivable,change-in-inventories,change-in-accounts-payable,change-in-assets-liabilities,total-change-in-assets-liabilities,cash-flow-from-operating-activities,net-change-in-property-plant-equipment,net-change-in-intangible-assets,net-acquisitions-divestitures,net-change-in-short-term-investments,net-change-in-long-term-investments,net-change-in-investments-total,investing-activities-other,cash-flow-from-investing-activities,net-long-term-debt,net-current-debt,debt-issuance-retirement-net-total,net-common-equity-issued-repurchased,net-total-equity-issued-repurchased,total-common-preferred-stock-dividends-paid,financial-activities-other,cash-flow-from-financial-activities,net-cash-flow,stock-based-compensation,common-stock-dividends-paid
0,2018-09-30,27.12,$16.21,1.67,$23.28,1.16,$0.23,120.32,$-0.46,0.0,$1.02B,$0.44B,2.32,$0.69B,$1.69B,0.41,$2.43B,$0.49B,20.25%,$2.43B,$0.05B,2.14%,$2.43B,$0.05B,2.14%,$2.43B,$0.11B,4.61%,$2.43B,$0.02B,0.99%,$2.43B,$-0.05B,-1.93%,$-0.05B,$1.69B,-2.64%,$-0.05B,$0.16B,-23.50%,$-0.05B,$2.90B,-1.56%,$0.05B,$2.38B,2.09%,$561,$461,$100,$0,$82,$585,$-24,$-8,$-32,$-9,$-23,$-23,$-37,$-10,$-24,$104,104,$-0.36,$-0.36,$56,$414,$0,$1015,$316,$21,$1522,$29,$1888,$2903,$438,$693,$13,$779,$1218,$1,$841,$-197,$1685,$2903,$-37,$14,$26,$40,$4,$-24,$0,$1,$-21,$-18,$-23,$0,$0,$0,$0,$0,$-1,$-23,$-2,$10,$8,$0,$0,$0,$-16,$-8,$-53,$0,$0
1,2018-06-30,29.8,$16.71,1.78,$23.53,1.27,$0.50,59.61,$0.09,331.11,$1.05B,$0.42B,2.49,$0.69B,$1.74B,0.4,$2.46B,$0.52B,20.95%,$2.46B,$0.11B,4.27%,$2.46B,$0.11B,4.27%,$2.46B,$0.17B,6.75%,$2.46B,$0.08B,3.34%,$2.46B,$0.01B,0.41%,$0.01B,$1.74B,0.56%,$0.01B,$0.20B,5.32%,$0.01B,$2.95B,0.33%,$0.11B,$2.43B,4.16%,$461,$346,$115,$0,$77,$449,$11,$-11,$1,$9,$-9,$-9,$-70,$27,$11,$104,104,$-0.67,$-0.67,$107,$392,$0,$1052,$310,$21,$1535,$30,$1895,$2947,$422,$688,$13,$787,$1210,$1,$879,$-184,$1737,$2947,$10,$61,$83,$144,$-25,$-45,$0,$-12,$-32,$121,$-70,$0,$-12,$0,$0,$0,$0,$-83,$294,$-335,$-41,$0,$0,$0,$-29,$-69,$-34,$11,$0
2,2018-03-31,32.07,$18.05,1.78,$22.31,1.44,$1.85,17.33,$0.76,42.2,$1.16B,$0.41B,2.79,$0.72B,$1.88B,0.39,$2.33B,$0.53B,22.83%,$2.33B,$0.10B,4.25%,$2.33B,$0.10B,4.25%,$2.33B,$0.16B,6.78%,$2.33B,$0.08B,3.43%,$2.33B,$0.08B,3.43%,$0.08B,$1.88B,4.46%,$0.08B,$0.28B,44.32%,$0.08B,$3.12B,2.63%,$0.10B,$2.60B,3.91%,$633,$500,$133,$0,$86,$603,$29,$-5,$24,$-1,$25,$25,$13,$39,$29,$104,105,$0.12,$0.12,$117,$399,$315,$1156,$314,$20,$1597,$33,$1965,$3121,$414,$723,$24,$831,$1245,$1,$948,$-116,$1876,$3121,$80,$45,$-6,$39,$-24,$-43,$0,$-3,$-51,$67,$-48,$0,$-13,$0,$0,$0,$0,$-61,$302,$-310,$-8,$0,$0,$0,$-24,$-32,$-30,$10,$0
3,2017-12-31,42.39,$17.54,2.42,$21.91,1.93,$2.94,14.42,$0.94,45.1,$0.98B,$0.40B,2.44,$0.74B,$1.82B,0.41,$2.29B,$0.54B,23.53%,$2.29B,$0.12B,5.25%,$2.29B,$0.12B,5.25%,$2.29B,$0.18B,7.83%,$2.29B,$0.10B,4.29%,$2.29B,$0.10B,4.29%,$0.10B,$1.82B,5.62%,$0.10B,$0.16B,77.01%,$0.10B,$3.09B,3.27%,$0.12B,$2.57B,4.81%,$775,$631,$144,$0,$90,$739,$36,$-6,$31,$-16,$47,$47,$47,$56,$36,$104,104,$0.45,$0.45,$139,$502,$0,$979,$386,$19,$1668,$35,$2108,$3087,$401,$742,$23,$864,$1265,$1,$936,$-153,$1823,$3087,$67,$35,$-20,$15,$-19,$-65,$0,$0,$-57,$25,$-31,$0,$-13,$0,$0,$0,$0,$-44,$14,$0,$14,$0,$0,$0,$-7,$7,$-8,$7,$0
4,2017-09-30,41.15,$17.04,2.42,$21.59,1.91,$3.88,10.59,$0.75,54.87,$0.95B,$0.38B,2.5,$0.75B,$1.77B,0.42,$2.25B,$0.53B,23.63%,$2.25B,$0.13B,5.55%,$2.25B,$0.13B,5.55%,$2.25B,$0.18B,8.04%,$2.25B,$0.11B,4.66%,$2.25B,$0.08B,3.47%,$0.08B,$1.77B,4.61%,$0.08B,$0.12B,82.98%,$0.08B,$3.03B,2.64%,$0.13B,$2.51B,5.09%,$589,$466,$123,$0,$86,$560,$29,$-3,$26,$7,$19,$19,$20,$44,$29,$104,104,$0.19,$0.19,$127,$485,$0,$945,$380,$19,$1652,$35,$2087,$3032,$377,$746,$16,$887,$1264,$1,$889,$-162,$1768,$3032,$20,$15,$-2,$13,$-18,$-28,$0,$-9,$-34,$-1,$-11,$0,$0,$0,$0,$0,$0,$-11,$8,$5,$13,$0,$0,$0,$-22,$-9,$-20,$3,$0
5,2017-06-30,38.82,$16.52,2.35,$22.49,1.73,$3.99,9.74,$0.64,60.66,$0.88B,$0.34B,2.57,$0.74B,$1.71B,0.43,$2.34B,$0.52B,22.15%,$2.34B,$0.11B,4.69%,$2.34B,$0.11B,4.69%,$2.34B,$0.17B,7.17%,$2.34B,$0.09B,3.76%,$2.34B,$0.07B,2.86%,$0.07B,$1.71B,4.04%,$0.07B,$0.17B,100.37%,$0.07B,$2.93B,2.28%,$0.11B,$2.45B,4.50%,$333,$201,$132,$0,$66,$329,$5,$-6,$-1,$2,$-3,$-3,$0,$19,$5,$104,104,$0.01,$0.01,$137,$342,$0,$875,$292,$19,$1540,$30,$2056,$2931,$340,$740,$16,$878,$1218,$1,$869,$-195,$1713,$2931,$67,$60,$40,$100,$33,$0,$0,$29,$65,$233,$-41,$0,$-20,$0,$0,$0,$0,$-60,$-19,$-91,$-110,$0,$0,$0,$-37,$-147,$19,$10,$0
6,2017-03-31,37.2,$16.06,2.32,$21.64,1.72,$3.46,10.75,$-0.22,0.0,$0.91B,$0.35B,2.61,$0.78B,$1.67B,0.47,$2.26B,$0.49B,21.64%,$2.26B,$0.01B,0.35%,$2.26B,$0.01B,0.35%,$2.26B,$0.06B,2.79%,$2.26B,$-0.02B,-0.89%,$2.26B,$-0.02B,-0.98%,$-0.02B,$1.67B,-1.34%,$-0.02B,$0.07B,-94.62%,$-0.02B,$2.93B,-0.74%,$0.01B,$2.45B,0.33%,$589,$450,$139,$0,$76,$539,$50,$-7,$42,$9,$33,$33,$31,$60,$50,$104,104,$0.30,$0.30,$163,$436,$0,$905,$377,$19,$1600,$32,$2029,$2934,$347,$781,$17,$921,$1268,$1,$869,$-241,$1666,$2934,$67,$45,$3,$47,$31,$-20,$0,$20,$49,$163,$-31,$0,$5,$0,$0,$0,$1,$-24,$-18,$-46,$-63,$0,$0,$0,$-33,$-96,$25,$8,$0
7,2016-12-31,39.03,$15.60,2.5,$23.07,1.69,$2.90,13.46,$-0.05,0.0,$0.90B,$0.37B,2.43,$0.79B,$1.62B,0.49,$2.40B,$0.51B,21.18%,$2.40B,$0.03B,1.21%,$2.40B,$0.03B,1.21%,$2.40B,$0.09B,3.75%,$2.40B,$0.01B,0.46%,$2.40B,$-0.00B,-0.17%,$-0.00B,$1.62B,-0.24%,$-0.00B,$0.02B,-59.26%,$-0.00B,$2.92B,-0.13%,$0.03B,$2.41B,1.15%,$740,$602,$138,$0,$85,$699,$41,$-4,$38,$11,$27,$27,$27,$58,$41,$104,104,$0.26,$0.26,$157,$431,$0,$902,$372,$19,$1596,$32,$2019,$2921,$371,$791,$17,$932,$1304,$1,$837,$-256,$1617,$2921,$36,$34,$-0,$34,$16,$-32,$0,$20,$46,$116,$-23,$0,$0,$0,$0,$0,$1,$-22,$-14,$-35,$-48,$0,$0,$0,$-10,$-59,$29,$5,$0
8,2016-09-30,35.58,$15.87,2.24,$23.11,1.54,$2.57,13.85,$0.24,148.25,$0.90B,$0.35B,2.55,$0.83B,$1.64B,0.5,$2.41B,$0.54B,22.32%,$2.41B,$0.08B,3.24%,$2.41B,$0.08B,3.24%,$2.41B,$0.14B,5.74%,$2.41B,$0.05B,2.24%,$2.41B,$0.03B,1.12%,$0.03B,$1.64B,1.55%,$0.03B,$0.01B,-180.00%,$0.03B,$2.97B,0.86%,$0.08B,$2.47B,2.99%,$681,$572,$110,$0,$85,$668,$14,$-5,$9,$1,$8,$9,$9,$31,$14,$103,104,$0.08,$0.08,$113,$442,$0,$896,$382,$19,$1637,$32,$2071,$2966,$351,$828,$18,$972,$1324,$1,$810,$-204,$1642,$2966,$9,$17,$-3,$15,$19,$-38,$0,$6,$-10,$13,$-15,$0,$0,$0,$0,$0,$1,$-14,$-3,$-5,$-7,$0,$0,$0,$-4,$-12,$-14,$3,$0
9,2016-06-30,49.75,$16.09,3.09,$22.97,2.17,$2.45,20.27,$0.46,108.15,$0.90B,$0.36B,2.52,$0.84B,$1.67B,0.5,$2.39B,$0.57B,23.61%,$2.39B,$0.12B,4.93%,$2.39B,$0.12B,4.93%,$2.39B,$0.18B,7.40%,$2.39B,$0.09B,3.64%,$2.39B,$0.05B,1.96%,$0.05B,$1.67B,2.65%,$0.05B,$-0.00B,-254.05%,$0.05B,$3.01B,1.48%,$0.12B,$2.50B,4.45%,$245,$144,$101,$0,$65,$342,$-97,$-12,$-109,$-0,$-109,$-108,$-89,$-86,$-97,$103,104,$-0.85,$-0.85,$128,$409,$0,$900,$390,$20,$1665,$33,$2108,$3008,$357,$836,$19,$987,$1344,$1,$801,$-172,$1665,$3008,$47,$59,$173,$232,$-12,$-9,$0,$-19,$-95,$185,$-48,$0,$-157,$0,$0,$0,$0,$-205,$-163,$179,$16,$0,$0,$0,$-19,$-3,$-39,$13,$0
10,2016-03-31,40.91,$17.78,2.3,$26.61,1.54,$2.48,16.49,$2.00,20.46,$0.95B,$0.36B,2.6,$0.88B,$1.84B,0.48,$2.77B,$0.58B,20.82%,$2.77B,$0.29B,10.34%,$2.77B,$0.29B,10.34%,$2.77B,$0.35B,12.58%,$2.77B,$0.27B,9.65%,$2.77B,$0.20B,7.37%,$0.20B,$1.84B,11.39%,$0.20B,$0.00B,-642.52%,$0.20B,$3.23B,6.38%,$0.29B,$2.72B,10.75%,$737,$577,$160,$0,$79,$666,$71,$2,$73,$24,$49,$49,$49,$87,$71,$103,104,$0.47,$0.47,$125,$395,$0,$946,$393,$20,$1839,$33,$2285,$3231,$364,$880,$6,$1028,$1392,$1,$935,$-129,$1839,$3231,$136,$48,$1,$49,$-30,$-11,$0,$23,$-53,$132,$-58,$0,$-157,$0,$0,$0,$0,$-215,$-2,$64,$61,$0,$0,$0,$-14,$48,$-42,$10,$0
11,2015-12-31,40.39,$17.59,2.3,$25.91,1.56,$2.11,19.1,$1.85,21.83,$1.00B,$0.41B,2.43,$0.94B,$1.81B,0.52,$2.69B,$0.57B,21.31%,$2.69B,$0.28B,10.21%,$2.69B,$0.28B,10.21%,$2.69B,$0.34B,12.44%,$2.69B,$0.25B,9.13%,$2.69B,$0.19B,6.98%,$0.19B,$1.81B,10.82%,$0.19B,$-0.07B,-315.97%,$0.19B,$3.32B,5.99%,$0.28B,$2.75B,10.59%,$743,$577,$166,$0,$69,$653,$90,$-9,$81,$23,$58,$58,$58,$106,$90,$103,104,$0.56,$0.56,$177,$403,$0,$1001,$383,$20,$1879,$33,$2315,$3317,$412,$940,$5,$1091,$1503,$1,$886,$-108,$1814,$3317,$87,$32,$6,$38,$-18,$-18,$0,$28,$-26,$100,$-41,$0,$-157,$0,$0,$0,$0,$-198,$1,$122,$123,$0,$0,$0,$-8,$114,$10,$7,$0
12,2015-09-30,51.6,$17.31,2.98,$25.52,2.02,$1.85,27.96,$1.73,29.83,$0.97B,$0.38B,2.56,$0.84B,$1.78B,0.47,$2.65B,$0.58B,21.73%,$2.65B,$0.26B,9.79%,$2.65B,$0.26B,9.79%,$2.65B,$0.32B,11.98%,$2.65B,$0.23B,8.69%,$2.65B,$0.18B,6.61%,$0.18B,$1.78B,10.36%,$0.18B,$-0.01B,-261.19%,$0.18B,$3.15B,5.73%,$0.26B,$2.63B,10.31%,$668,$530,$138,$0,$76,$613,$54,$-12,$42,$13,$29,$29,$29,$70,$54,$103,104,$0.28,$0.28,$148,$427,$0,$965,$362,$2,$1790,$34,$2187,$3152,$376,$843,$5,$994,$1371,$1,$829,$-82,$1782,$3152,$29,$16,$6,$22,$-3,$-45,$0,$21,$-45,$6,$-20,$0,$-25,$0,$0,$0,$0,$-44,$4,$20,$24,$0,$0,$0,$-2,$22,$-19,$3,$0
13,2015-06-30,65.86,$16.84,3.91,$25.27,2.61,$1.87,35.15,$1.62,40.78,$0.93B,$0.39B,2.37,$0.81B,$1.73B,0.47,$2.61B,$0.56B,21.58%,$2.61B,$0.23B,8.97%,$2.61B,$0.23B,8.97%,$2.61B,$0.29B,11.12%,$2.61B,$0.21B,8.16%,$2.61B,$0.17B,6.32%,$0.17B,$1.73B,10.02%,$0.17B,$-0.05B,-159.42%,$0.17B,$3.10B,5.46%,$0.23B,$2.54B,9.54%,$619,$507,$112,$0,$40,$548,$71,$0,$71,$3,$68,$68,$68,$85,$71,$102,103,$0.66,$0.67,$167,$397,$0,$929,$354,$2,$1782,$33,$2171,$3099,$391,$813,$17,$980,$1372,$1,$754,$-42,$1728,$3099,$165,$57,$-2,$55,$-20,$-30,$0,$-19,$-34,$185,$-47,$0,$-105,$0,$0,$0,$0,$-151,$0,$49,$49,$19,$19,$0,$-50,$17,$43,$12,$0
14,2015-03-31,64.05,$15.87,4.04,$24.66,2.6,$1.96,32.63,$1.29,49.84,$0.88B,$0.34B,2.57,$0.85B,$1.63B,0.52,$2.53B,$0.56B,22.31%,$2.53B,$0.21B,8.39%,$2.53B,$0.21B,8.39%,$2.53B,$0.27B,10.60%,$2.53B,$0.19B,7.40%,$2.53B,$0.12B,4.87%,$0.12B,$1.63B,7.60%,$0.12B,$-0.11B,-93.54%,$0.12B,$2.98B,4.12%,$0.21B,$2.47B,8.78%,$663,$505,$158,$0,$83,$603,$60,$-9,$52,$18,$33,$33,$33,$74,$60,$102,104,$0.33,$0.32,$100,$370,$0,$881,$326,$3,$1739,$32,$2100,$2981,$343,$845,$6,$1011,$1353,$1,$726,$-106,$1628,$2981,$97,$43,$5,$48,$-60,$-15,$0,$-5,$-75,$70,$-35,$0,$-104,$0,$1,$1,$0,$-138,$-50,$82,$32,$19,$19,$0,$4,$55,$-23,$9,$0
15,2014-12-31,58.29,$15.93,3.66,$23.77,2.45,$2.52,23.11,$1.31,44.5,$0.91B,$0.43B,2.11,$0.79B,$1.62B,0.49,$2.42B,$0.56B,23.08%,$2.42B,$0.22B,8.92%,$2.42B,$0.22B,8.92%,$2.42B,$0.27B,11.15%,$2.42B,$0.19B,7.97%,$2.42B,$0.13B,5.16%,$0.13B,$1.62B,7.82%,$0.13B,$-0.10B,-87.41%,$0.13B,$2.99B,4.24%,$0.22B,$2.41B,9.11%,$696,$529,$167,$0,$89,$622,$74,$-9,$65,$21,$44,$45,$45,$88,$74,$101,103,$0.44,$0.43,$135,$372,$0,$905,$334,$7,$1716,$30,$2086,$2992,$429,$786,$5,$942,$1371,$1,$693,$-49,$1621,$2992,$63,$29,$-5,$24,$-42,$-26,$0,$-6,$-33,$54,$-24,$0,$-18,$0,$1,$1,$0,$-41,$-23,$22,$-2,$10,$10,$0,$-2,$6,$11,$6,$0
16,2014-09-30,51.18,$15.92,3.21,$22.46,2.28,$2.77,18.51,$1.30,39.37,$0.87B,$0.46B,1.91,$0.79B,$1.61B,0.49,$2.26B,$0.54B,23.66%,$2.26B,$0.21B,9.11%,$2.26B,$0.21B,9.11%,$2.26B,$0.26B,11.41%,$2.26B,$0.19B,8.23%,$2.26B,$0.12B,5.35%,$0.12B,$1.61B,7.90%,$0.12B,$-0.15B,-90.30%,$0.12B,$3.01B,4.33%,$0.21B,$2.40B,9.09%,$631,$505,$126,$0,$91,$602,$29,$-4,$25,$6,$19,$19,$19,$43,$29,$101,103,$0.19,$0.18,$93,$386,$0,$869,$340,$6,$1761,$28,$2135,$3005,$456,$788,$5,$942,$1398,$1,$648,$1,$1607,$3005,$19,$15,$-5,$9,$-32,$-34,$0,$5,$-26,$3,$-13,$0,$-20,$0,$1,$1,$0,$-32,$-17,$22,$5,$1,$1,$0,$-4,$2,$-31,$3,$0
17,2014-06-30,44.37,$16.16,2.75,$21.19,2.09,$3.29,13.48,$1.40,31.69,$0.80B,$0.42B,1.9,$0.77B,$1.62B,0.47,$2.11B,$0.53B,25.06%,$2.11B,$0.22B,10.30%,$2.11B,$0.22B,10.30%,$2.11B,$0.27B,12.58%,$2.11B,$0.20B,9.35%,$2.11B,$0.13B,6.17%,$0.13B,$1.62B,8.97%,$0.13B,$-0.17B,-102.77%,$0.13B,$2.97B,4.94%,$0.22B,$2.39B,10.11%,$538,$425,$113,$0,$52,$489,$49,$-4,$45,$21,$24,$26,$26,$63,$49,$98,100,$0.26,$0.26,$124,$320,$0,$804,$311,$37,$1786,$29,$2162,$2965,$424,$768,$5,$921,$1345,$1,$630,$60,$1620,$2965,$130,$48,$15,$63,$13,$-25,$0,$-17,$-9,$185,$-42,$0,$-177,$0,$13,$13,$0,$-206,$-7,$108,$101,$7,$7,$0,$-8,$101,$82,$12,$0
18,2014-03-31,45.72,$15.50,2.95,$20.68,2.21,$2.38,19.25,$1.32,34.76,$0.77B,$0.39B,1.96,$0.75B,$1.55B,0.48,$2.03B,$0.54B,26.48%,$2.03B,$0.21B,10.24%,$2.03B,$0.21B,10.24%,$2.03B,$0.26B,12.55%,$2.03B,$0.19B,9.15%,$2.03B,$0.13B,6.40%,$0.13B,$1.55B,9.66%,$0.13B,$-0.16B,-101.36%,$0.13B,$2.84B,5.30%,$0.21B,$2.30B,10.33%,$557,$405,$153,$0,$78,$494,$64,$-6,$58,$20,$38,$38,$35,$76,$64,$99,102,$0.35,$0.34,$101,$299,$0,$765,$299,$39,$1706,$29,$2073,$2838,$390,$750,$13,$898,$1289,$1,$594,$38,$1549,$2838,$104,$35,$6,$41,$-18,$-5,$0,$-4,$-23,$122,$-31,$0,$-121,$0,$8,$8,$0,$-144,$-22,$91,$69,$7,$7,$0,$4,$81,$60,$10,$0
19,2013-12-31,45.39,$14.01,3.24,$19.96,2.27,$1.67,27.17,$1.40,32.54,$0.64B,$0.27B,2.41,$0.63B,$1.35B,0.46,$1.93B,$0.51B,26.46%,$1.93B,$0.20B,10.10%,$1.93B,$0.20B,10.10%,$1.93B,$0.24B,12.43%,$1.93B,$0.17B,8.86%,$1.93B,$0.14B,7.04%,$0.14B,$1.35B,10.99%,$0.14B,$-0.06B,-102.26%,$0.14B,$2.37B,5.97%,$0.20B,$1.98B,10.41%,$535,$392,$143,$0,$75,$471,$64,$-6,$58,$20,$39,$40,$41,$76,$64,$96,98,$0.43,$0.42,$68,$263,$0,$637,$255,$41,$1410,$29,$1735,$2372,$265,$628,$13,$757,$1021,$0,$559,$31,$1351,$2372,$69,$22,$1,$23,$-10,$-8,$0,$-5,$-18,$73,$-21,$0,$0,$0,$7,$7,$0,$-14,$-12,$-28,$-41,$6,$6,$0,$1,$-34,$26,$7,$0
20,2013-09-30,38.56,$13.40,2.88,$19.33,2.0,$1.52,25.4,$1.31,29.44,$0.62B,$0.30B,2.11,$0.64B,$1.28B,0.5,$1.85B,$0.50B,26.96%,$1.85B,$0.18B,9.83%,$1.85B,$0.18B,9.83%,$1.85B,$0.22B,12.10%,$1.85B,$0.16B,8.70%,$1.85B,$0.13B,6.86%,$0.13B,$1.28B,10.80%,$0.13B,$-0.12B,-74.05%,$0.13B,$2.35B,5.71%,$0.18B,$1.92B,10.04%,$477,$358,$119,$0,$74,$438,$40,$-4,$36,$9,$27,$28,$28,$50,$40,$95,98,$0.29,$0.29,$65,$267,$0,$622,$251,$41,$1404,$26,$1723,$2345,$295,$641,$15,$770,$1065,$0,$517,$16,$1280,$2345,$28,$10,$1,$12,$6,$-13,$0,$-1,$14,$54,$-12,$0,$0,$0,$0,$0,$0,$-12,$-2,$-13,$-15,$1,$1,$0,$-3,$-18,$24,$3,$0
21,2013-06-30,32.51,$12.60,2.58,$18.31,1.78,$1.30,25.03,$1.20,27.09,$0.58B,$0.27B,2.1,$0.65B,$1.20B,0.54,$1.73B,$0.48B,27.39%,$1.73B,$0.17B,10.03%,$1.73B,$0.17B,10.03%,$1.73B,$0.21B,12.34%,$1.73B,$0.15B,8.82%,$1.73B,$0.12B,6.63%,$0.12B,$1.20B,10.38%,$0.12B,$-0.17B,-80.14%,$0.12B,$2.26B,5.58%,$0.17B,$1.86B,10.39%,$463,$341,$123,$0,$72,$424,$40,$-5,$34,$9,$26,$26,$26,$53,$40,$92,95,$0.28,$0.28,$41,$250,$0,$575,$236,$47,$1374,$26,$1683,$2258,$274,$653,$15,$783,$1057,$0,$490,$-27,$1202,$2258,$115,$40,$13,$53,$-48,$-28,$0,$-18,$-47,$121,$-72,$0,$-337,$0,$3,$3,$0,$-406,$12,$263,$276,$13,$13,$0,$8,$296,$11,$13,$0
22,2013-03-31,30.54,$11.98,2.55,$17.27,1.77,$1.89,16.15,$1.19,25.77,$0.55B,$0.26B,2.16,$0.62B,$1.12B,0.56,$1.62B,$0.45B,27.44%,$1.62B,$0.18B,11.34%,$1.62B,$0.18B,11.34%,$1.62B,$0.22B,13.50%,$1.62B,$0.16B,10.11%,$1.62B,$0.11B,6.91%,$0.11B,$1.12B,10.68%,$0.11B,$-0.18B,-99.78%,$0.11B,$2.14B,5.85%,$0.18B,$1.74B,11.87%,$456,$330,$126,$0,$70,$405,$51,$-8,$43,$2,$42,$42,$41,$61,$51,$93,96,$0.44,$0.43,$27,$240,$0,$554,$220,$48,$1292,$25,$1584,$2138,$257,$620,$15,$765,$1022,$0,$464,$-25,$1116,$2138,$89,$27,$10,$37,$-67,$-29,$0,$-21,$-58,$68,$-49,$0,$-277,$0,$3,$3,$0,$-323,$14,$230,$245,$7,$7,$0,$-0,$251,$-3,$10,$0
23,2012-12-31,27.11,$11.90,2.28,$16.58,1.63,$2.40,11.3,$1.02,26.58,$0.54B,$0.26B,2.08,$0.64B,$1.11B,0.58,$1.54B,$0.42B,27.50%,$1.54B,$0.18B,11.35%,$1.54B,$0.18B,11.35%,$1.54B,$0.21B,13.42%,$1.54B,$0.16B,10.25%,$1.54B,$0.10B,6.16%,$0.10B,$1.11B,9.45%,$0.10B,$-0.21B,-114.80%,$0.10B,$2.15B,5.27%,$0.18B,$1.74B,11.99%,$455,$325,$131,$0,$73,$404,$51,$-3,$48,$16,$32,$32,$32,$60,$51,$92,95,$0.35,$0.34,$43,$234,$0,$538,$218,$50,$1318,$25,$1611,$2149,$258,$635,$15,$785,$1044,$0,$423,$12,$1105,$2149,$48,$17,$8,$25,$-42,$-19,$0,$-6,$-12,$61,$-25,$0,$-277,$0,$1,$1,$0,$-301,$5,$245,$250,$5,$5,$0,$-2,$253,$13,$7,$0
24,2012-09-30,31.5,$11.15,2.83,$15.77,2.0,$2.36,13.37,$0.91,34.81,$0.46B,$0.21B,2.17,$0.36B,$1.01B,0.36,$1.45B,$0.40B,27.41%,$1.45B,$0.16B,11.02%,$1.45B,$0.16B,11.02%,$1.45B,$0.19B,13.15%,$1.45B,$0.14B,9.78%,$1.45B,$0.08B,5.72%,$0.08B,$1.01B,8.71%,$0.08B,$-0.01B,-171.13%,$0.08B,$1.70B,4.95%,$0.16B,$1.37B,11.76%,$360,$265,$95,$0,$60,$328,$32,$-4,$28,$8,$21,$20,$16,$40,$32,$90,93,$0.18,$0.18,$36,$200,$3,$456,$154,$46,$1021,$23,$1244,$1699,$211,$360,$9,$480,$690,$0,$391,$7,$1009,$1699,$16,$8,$7,$15,$-9,$-12,$0,$-3,$-4,$27,$-8,$0,$14,$0,$0,$0,$0,$5,$-0,$-30,$-30,$4,$4,$0,$0,$-26,$6,$3,$0
25,2012-06-30,27.52,$10.73,2.57,$15.07,1.83,$2.38,11.54,$0.86,32.0,$0.45B,$0.20B,2.21,$0.39B,$0.97B,0.41,$1.38B,$0.38B,27.77%,$1.38B,$0.15B,11.02%,$1.38B,$0.15B,11.02%,$1.38B,$0.18B,13.13%,$1.38B,$0.13B,9.72%,$1.38B,$0.08B,5.73%,$0.08B,$0.97B,8.59%,$0.08B,$-0.05B,-359.09%,$0.08B,$1.67B,4.98%,$0.15B,$1.36B,11.74%,$351,$257,$93,$0,$49,$301,$50,$-5,$45,$10,$35,$36,$23,$58,$50,$89,92,$0.27,$0.26,$30,$186,$30,$449,$148,$45,$1013,$18,$1225,$1674,$203,$390,$8,$506,$709,$0,$375,$-5,$965,$1674,$79,$30,$12,$42,$-4,$-6,$0,$-8,$0,$122,$-20,$0,$-257,$0,$7,$7,$0,$-271,$-0,$161,$161,$14,$14,$0,$-27,$147,$2,$8,$0
26,2012-03-31,21.91,$10.54,2.08,$14.28,1.53,$1.82,12.01,$0.75,29.21,$0.48B,$0.22B,2.21,$0.43B,$0.94B,0.46,$1.30B,$0.37B,28.66%,$1.30B,$0.13B,10.32%,$1.30B,$0.13B,10.32%,$1.30B,$0.16B,12.48%,$1.30B,$0.12B,9.09%,$1.30B,$0.07B,5.32%,$0.07B,$0.94B,7.71%,$0.07B,$-0.06B,520.75%,$0.07B,$1.68B,4.60%,$0.13B,$1.37B,10.89%,$376,$271,$105,$0,$63,$334,$42,$-4,$37,$13,$25,$25,$24,$49,$42,$89,92,$0.27,$0.26,$41,$180,$30,$478,$147,$43,$1001,$14,$1205,$1683,$216,$430,$12,$524,$741,$0,$352,$4,$943,$1683,$56,$22,$11,$34,$-27,$3,$0,$-4,$-12,$78,$-13,$0,$-243,$0,$7,$7,$0,$-249,$-0,$201,$201,$11,$11,$0,$-29,$182,$14,$6,$0
27,2011-12-31,18.33,$10.10,1.81,$13.42,1.37,$1.50,12.22,$0.68,26.96,$0.45B,$0.21B,2.11,$0.45B,$0.90B,0.5,$1.21B,$0.35B,28.93%,$1.21B,$0.12B,10.17%,$1.21B,$0.12B,10.17%,$1.21B,$0.15B,12.40%,$1.21B,$0.11B,9.01%,$1.21B,$0.06B,5.12%,$0.06B,$0.90B,7.13%,$0.06B,$-0.08B,155.00%,$0.06B,$1.65B,4.39%,$0.12B,$1.35B,10.64%,$365,$260,$105,$0,$63,$329,$36,$-5,$32,$11,$20,$21,$20,$44,$36,$88,91,$0.23,$0.22,$24,$190,$0,$449,$172,$42,$971,$14,$1200,$1648,$213,$450,$16,$540,$753,$0,$328,$-8,$896,$1648,$32,$15,$6,$20,$-30,$-3,$0,$0,$-14,$38,$-7,$0,$-241,$0,$7,$7,$0,$-240,$-0,$221,$221,$5,$5,$0,$-32,$195,$-4,$4,$0
28,2011-09-30,15.28,$9.93,1.54,$12.71,1.2,$1.24,12.29,$0.65,23.68,$0.39B,$0.18B,2.22,$0.23B,$0.88B,0.26,$1.14B,$0.33B,29.02%,$1.14B,$0.12B,10.29%,$1.14B,$0.12B,10.29%,$1.14B,$0.14B,12.40%,$1.14B,$0.10B,9.06%,$1.14B,$0.06B,5.10%,$0.06B,$0.88B,6.85%,$0.06B,$0.09B,81.69%,$0.06B,$1.34B,4.39%,$0.12B,$1.11B,10.82%,$287,$207,$80,$0,$54,$263,$24,$-4,$20,$8,$13,$13,$12,$30,$24,$88,91,$0.14,$0.13,$29,$182,$0,$388,$107,$49,$781,$12,$949,$1338,$175,$231,$5,$287,$463,$0,$308,$-3,$875,$1338,$12,$6,$3,$10,$-9,$-12,$0,$2,$2,$23,$-2,$0,$0,$0,$0,$0,$0,$-2,$-0,$1,$1,$2,$2,$0,$-23,$-20,$2,$2,$0
29,2011-06-30,16.68,$9.87,1.69,$12.49,1.34,$0.86,19.31,$0.62,26.9,$0.37B,$0.17B,2.17,$0.23B,$0.87B,0.27,$1.11B,$0.32B,28.88%,$1.11B,$0.11B,10.11%,$1.11B,$0.11B,10.11%,$1.11B,$0.14B,12.18%,$1.11B,$0.10B,8.94%,$1.11B,$0.06B,4.96%,$0.06B,$0.87B,6.67%,$0.06B,$0.09B,101.38%,$0.06B,$1.33B,4.21%,$0.11B,$1.10B,10.51%,$270,$189,$82,$0,$45,$238,$32,$-3,$29,$9,$19,$17,$13,$39,$32,$86,89,$0.15,$0.14,$28,$171,$5,$371,$110,$51,$773,$28,$962,$1334,$171,$230,$15,$296,$467,$0,$296,$7,$867,$1334,$55,$24,$17,$41,$-23,$-6,$0,$-6,$-37,$59,$-10,$0,$-45,$0,$-0,$-0,$0,$-55,$-0,$4,$4,$18,$18,$0,$-15,$7,$10,$9,$0
30,2011-03-31,16.14,$9.67,1.67,$11.81,1.37,$1.04,15.59,$0.56,28.82,$0.36B,$0.19B,1.89,$0.24B,$0.84B,0.28,$1.03B,$0.29B,28.46%,$1.03B,$0.10B,9.87%,$1.03B,$0.10B,9.87%,$1.03B,$0.12B,11.81%,$1.03B,$0.09B,8.62%,$1.03B,$0.05B,4.74%,$0.05B,$0.84B,6.13%,$0.05B,$0.05B,112.00%,$0.05B,$1.33B,3.85%,$0.10B,$1.08B,9.81%,$288,$206,$83,$0,$54,$258,$31,$-3,$28,$11,$17,$17,$17,$37,$31,$86,89,$0.20,$0.19,$26,$167,$0,$362,$110,$45,$790,$19,$964,$1326,$191,$237,$16,$295,$486,$0,$283,$3,$839,$1326,$42,$18,$5,$22,$-21,$-2,$0,$-6,$-24,$40,$-6,$0,$-45,$0,$2,$2,$0,$-50,$-0,$11,$11,$8,$8,$0,$-1,$19,$8,$7,$0
31,2010-12-31,13.53,$9.38,1.44,$11.27,1.2,$1.03,13.12,$0.40,33.83,$0.35B,$0.18B,1.94,$0.24B,$0.81B,0.3,$0.97B,$0.27B,28.23%,$0.97B,$0.09B,9.31%,$0.97B,$0.09B,9.31%,$0.97B,$0.11B,11.27%,$0.97B,$0.08B,8.07%,$0.97B,$0.04B,3.62%,$0.04B,$0.81B,4.53%,$0.04B,$0.05B,55.78%,$0.04B,$1.28B,2.87%,$0.09B,$1.05B,8.91%,$292,$206,$85,$0,$55,$262,$30,$-4,$26,$10,$16,$16,$16,$35,$30,$86,89,$0.19,$0.19,$26,$170,$0,$353,$105,$45,$759,$19,$929,$1282,$182,$240,$12,$293,$475,$0,$266,$-2,$807,$1282,$25,$12,$4,$16,$-14,$-11,$0,$-5,$-30,$11,$-3,$0,$-16,$0,$1,$1,$0,$-18,$-0,$15,$15,$2,$2,$0,$-0,$17,$9,$4,$0
32,2010-09-30,11.99,$9.18,1.31,$10.90,1.1,$1.02,11.76,$0.35,34.26,$0.35B,$0.17B,2.06,$0.26B,$0.79B,0.33,$0.92B,$0.26B,28.14%,$0.92B,$0.08B,8.94%,$0.92B,$0.08B,8.94%,$0.92B,$0.10B,10.91%,$0.92B,$0.07B,7.63%,$0.92B,$0.03B,3.27%,$0.03B,$0.79B,3.98%,$0.03B,$0.03B,36.81%,$0.03B,$1.28B,2.55%,$0.08B,$1.04B,8.28%,$258,$188,$70,$0,$50,$239,$19,$-2,$16,$7,$9,$9,$9,$24,$19,$86,88,$0.11,$0.11,$21,$170,$17,$350,$107,$46,$759,$19,$931,$1281,$170,$258,$27,$324,$494,$0,$250,$-2,$786,$1281,$9,$6,$1,$7,$-14,$-11,$0,$-6,$-28,$-12,$-1,$0,$-16,$0,$0,$0,$0,$-17,$-0,$33,$33,$1,$1,$0,$-0,$33,$4,$2,$0
33,2010-06-30,10.09,$8.99,1.12,$10.76,0.94,$1.04,9.72,$0.35,29.23,$0.31B,$0.14B,2.26,$0.23B,$0.77B,0.29,$0.89B,$0.25B,28.12%,$0.89B,$0.08B,9.00%,$0.89B,$0.08B,9.00%,$0.89B,$0.10B,11.02%,$0.89B,$0.07B,7.65%,$0.89B,$0.03B,3.26%,$0.03B,$0.77B,3.93%,$0.03B,$0.05B,28.50%,$0.03B,$1.20B,2.55%,$0.08B,$0.99B,8.26%,$195,$140,$56,$0,$34,$174,$22,$-3,$19,$2,$16,$16,$7,$26,$22,$82,83,$0.08,$0.08,$17,$157,$0,$314,$107,$52,$715,$10,$884,$1198,$139,$225,$30,$294,$432,$0,$241,$-7,$766,$1198,$29,$19,$16,$34,$5,$6,$0,$1,$8,$71,$-11,$0,$-51,$0,$0,$0,$0,$-63,$-0,$-33,$-33,$2,$2,$0,$-1,$-32,$-24,$7,$0
34,2010-03-31,8.69,$8.98,0.97,$11.61,0.75,$0.44,19.9,$0.28,31.04,$0.34B,$0.13B,2.74,$0.23B,$0.73B,0.31,$0.95B,$0.24B,25.29%,$0.95B,$0.06B,5.77%,$0.95B,$0.06B,5.77%,$0.95B,$0.07B,7.76%,$0.95B,$0.04B,4.62%,$0.95B,$0.02B,2.41%,$0.02B,$0.73B,3.19%,$0.02B,$0.13B,20.35%,$0.02B,$1.11B,2.05%,$0.06B,$0.96B,5.72%,$222,$161,$62,$0,$42,$203,$19,$-2,$17,$14,$3,$3,$3,$24,$19,$82,83,$0.04,$0.03,$41,$154,$18,$343,$100,$46,$609,$15,$771,$1114,$125,$225,$0,$254,$380,$0,$234,$6,$734,$1114,$22,$14,$14,$28,$-3,$5,$0,$1,$-11,$39,$-7,$0,$-0,$0,$2,$2,$0,$-6,$-0,$-33,$-33,$1,$1,$0,$-0,$-33,$-0,$5,$0
35,2009-12-31,8.51,$8.76,0.97,$12.19,0.7,$-0.17,0.0,$-0.26,0.0,$0.35B,$0.13B,2.73,$0.24B,$0.73B,0.32,$1.00B,$0.24B,24.00%,$1.00B,$-0.00B,-0.40%,$1.00B,$-0.00B,-0.40%,$1.00B,$0.02B,1.51%,$1.00B,$-0.02B,-1.71%,$1.00B,$-0.02B,-2.11%,$-0.02B,$0.73B,-2.96%,$-0.02B,$0.12B,-20.79%,$-0.02B,$1.12B,-1.85%,$-0.00B,$0.97B,-0.41%,$242,$172,$70,$0,$47,$220,$22,$-4,$18,$7,$11,$11,$11,$26,$22,$82,83,$0.14,$0.14,$27,$165,$17,$347,$102,$46,$609,$16,$774,$1121,$127,$235,$0,$262,$389,$0,$232,$9,$732,$1121,$19,$9,$4,$14,$-10,$-6,$0,$2,$-22,$11,$-5,$0,$-0,$0,$2,$2,$0,$-3,$0,$-23,$-23,$1,$1,$0,$-0,$-23,$-15,$3,$0
36,2009-09-30,9.59,$8.79,1.09,$13.07,0.73,$-0.52,0.0,$-0.29,0.0,$0.34B,$0.13B,2.58,$0.24B,$0.72B,0.34,$1.07B,$0.24B,22.42%,$1.07B,$-0.01B,-0.56%,$1.07B,$-0.01B,-0.56%,$1.07B,$0.01B,1.31%,$1.07B,$-0.02B,-1.97%,$1.07B,$-0.02B,-2.25%,$-0.02B,$0.72B,-3.39%,$-0.02B,$0.11B,-28.32%,$-0.02B,$1.12B,-2.06%,$-0.01B,$0.96B,-0.61%,$230,$169,$62,$0,$43,$213,$17,$-3,$14,$5,$9,$8,$8,$22,$17,$81,82,$0.10,$0.10,$17,$165,$17,$344,$103,$46,$608,$17,$775,$1119,$133,$242,$0,$269,$403,$0,$220,$7,$716,$1119,$8,$5,$2,$7,$-17,$-6,$0,$3,$-23,$-8,$-3,$0,$0,$0,$2,$2,$0,$-1,$-0,$-16,$-16,$0,$0,$0,$-0,$-16,$-25,$2,$0
37,2009-06-30,7.81,$8.62,0.91,$13.72,0.57,$-0.77,0.0,$-0.31,0.0,$0.35B,$0.14B,2.56,$0.26B,$0.70B,0.37,$1.12B,$0.25B,21.91%,$1.12B,$-0.01B,-0.71%,$1.12B,$-0.01B,-0.71%,$1.12B,$0.01B,1.07%,$1.12B,$-0.02B,-2.14%,$1.12B,$-0.03B,-2.23%,$-0.03B,$0.70B,-3.50%,$-0.03B,$0.10B,-33.78%,$-0.03B,$1.12B,-2.08%,$-0.01B,$0.96B,-0.79%,$259,$212,$47,$0,$50,$262,$-3,$-1,$-5,$-3,$-2,$-2,$1,$2,$-3,$81,81,$0.02,$0.02,$41,$159,$0,$349,$102,$49,$606,$18,$774,$1123,$137,$258,$3,$286,$422,$0,$212,$2,$701,$1123,$-29,$21,$59,$80,$-8,$-27,$0,$-3,$-29,$22,$-12,$0,$-3,$0,$19,$19,$0,$3,$-0,$-47,$-47,$5,$5,$0,$2,$-40,$-17,$7,$0
38,2009-03-31,7.12,$8.44,0.84,$13.74,0.52,$-0.83,0.0,$-0.24,0.0,$0.40B,$0.15B,2.76,$0.29B,$0.69B,0.42,$1.13B,$0.26B,22.70%,$1.13B,$0.01B,0.62%,$1.13B,$0.01B,0.62%,$1.13B,$0.03B,2.39%,$1.13B,$-0.01B,-0.62%,$1.13B,$-0.02B,-1.68%,$-0.02B,$0.69B,-2.62%,$-0.02B,$0.08B,-29.69%,$-0.02B,$1.17B,-1.53%,$0.01B,$0.98B,0.68%,$265,$205,$60,$0,$45,$305,$-40,$-5,$-44,$-1,$-43,$-43,$-41,$-35,$-40,$81,81,$-0.51,$-0.51,$28,$205,$26,$401,$142,$0,$609,$19,$770,$1170,$145,$291,$0,$340,$485,$0,$211,$-11,$686,$1170,$-28,$16,$52,$68,$-17,$-34,$0,$-2,$-50,$-9,$-9,$0,$-0,$0,$0,$0,$0,$-10,$-0,$-17,$-17,$5,$5,$0,$3,$-9,$-31,$4,$0
39,2008-12-31,9.55,$9.01,1.06,$13.66,0.7,$-0.47,0.0,$0.37,26.15,$0.41B,$0.14B,3.04,$0.32B,$0.73B,0.44,$1.13B,$0.27B,23.50%,$1.13B,$0.06B,5.65%,$1.13B,$0.06B,5.65%,$1.13B,$0.09B,7.51%,$1.13B,$0.05B,4.51%,$1.13B,$0.03B,2.65%,$0.03B,$0.73B,4.06%,$0.03B,$0.06B,45.63%,$0.03B,$1.25B,2.39%,$0.06B,$1.05B,6.09%,$312,$242,$70,$0,$50,$293,$20,$-5,$14,$5,$9,$9,$8,$25,$20,$81,82,$0.10,$0.10,$50,$213,$22,$411,$143,$0,$671,$20,$835,$1245,$135,$320,$0,$381,$516,$0,$252,$-5,$729,$1245,$16,$11,$3,$14,$-1,$-42,$0,$3,$-46,$-17,$-6,$0,$-0,$0,$0,$0,$0,$-6,$-0,$12,$11,$5,$5,$0,$-0,$17,$-9,$3,$0
40,2008-09-30,13.77,$9.21,1.49,$13.13,1.05,$-0.15,0.0,$0.45,30.59,$0.42B,$0.15B,2.81,$0.32B,$0.75B,0.43,$1.10B,$0.28B,25.09%,$1.10B,$0.07B,6.66%,$1.10B,$0.07B,6.66%,$1.10B,$0.09B,8.58%,$1.10B,$0.06B,5.66%,$1.10B,$0.04B,3.47%,$0.04B,$0.75B,5.14%,$0.04B,$0.07B,49.35%,$0.04B,$1.28B,3.10%,$0.07B,$1.07B,7.12%,$287,$218,$69,$0,$53,$272,$15,$-4,$11,$4,$7,$7,$7,$20,$15,$80,83,$0.09,$0.09,$44,$216,$24,$423,$156,$0,$680,$19,$855,$1278,$150,$321,$0,$382,$533,$0,$244,$0,$745,$1278,$7,$5,$2,$7,$-12,$-41,$0,$3,$-43,$-29,$-3,$0,$-1,$0,$0,$0,$0,$-3,$-0,$13,$13,$5,$5,$0,$-0,$18,$-15,$1,$0
41,2008-06-30,11.74,$9.25,1.27,$12.51,0.94,$0.22,54.0,$0.50,23.72,$0.39B,$0.15B,2.69,$0.31B,$0.74B,0.42,$1.05B,$0.28B,26.29%,$1.05B,$0.08B,7.27%,$1.05B,$0.08B,7.27%,$1.05B,$0.10B,9.27%,$1.05B,$0.07B,6.50%,$1.05B,$0.04B,4.02%,$0.04B,$0.74B,5.73%,$0.04B,$0.06B,49.41%,$0.04B,$1.26B,3.55%,$0.08B,$1.05B,7.66%,$268,$211,$58,$0,$42,$257,$12,$0,$12,$4,$8,$8,$7,$17,$12,$80,84,$0.08,$0.08,$59,$176,$0,$393,$159,$0,$687,$20,$866,$1259,$146,$308,$5,$370,$517,$0,$237,$0,$743,$1259,$43,$20,$-0,$20,$-13,$-31,$0,$-9,$-38,$24,$-19,$0,$-99,$0,$0,$0,$2,$-116,$0,$91,$91,$2,$2,$0,$-1,$92,$-2,$-2,$0
42,2008-03-31,14.75,$9.46,1.56,$12.00,1.23,$0.86,17.14,$0.57,26.11,$0.41B,$0.14B,2.82,$0.30B,$0.74B,0.4,$1.00B,$0.28B,27.90%,$1.00B,$0.08B,8.30%,$1.00B,$0.08B,8.30%,$1.00B,$0.10B,10.30%,$1.00B,$0.08B,7.50%,$1.00B,$0.05B,4.70%,$0.05B,$0.74B,6.51%,$0.05B,$0.08B,50.13%,$0.05B,$1.24B,4.15%,$0.08B,$1.04B,8.67%,$265,$196,$69,$0,$51,$247,$17,$-4,$14,$6,$8,$8,$8,$23,$17,$80,83,$0.11,$0.10,$87,$159,$22,$407,$152,$0,$656,$19,$828,$1235,$144,$299,$0,$351,$495,$0,$231,$0,$740,$1235,$35,$14,$0,$15,$-30,$-15,$0,$-2,$-28,$21,$-11,$0,$-64,$0,$0,$0,$2,$-73,$-0,$78,$78,$2,$2,$0,$-0,$79,$26,$-0,$0
43,2007-12-31,16.0,$9.13,1.75,$11.69,1.37,$1.27,12.57,$0.62,26.02,$0.35B,$0.14B,2.52,$0.21B,$0.73B,0.29,$0.97B,$0.28B,28.88%,$0.97B,$0.09B,9.25%,$0.97B,$0.09B,9.25%,$0.97B,$0.11B,11.00%,$0.97B,$0.08B,8.32%,$0.97B,$0.05B,5.24%,$0.05B,$0.73B,7.23%,$0.05B,$0.10B,55.89%,$0.05B,$1.13B,4.70%,$0.09B,$0.95B,9.76%,$276,$197,$79,$0,$50,$247,$29,$-4,$25,$9,$16,$16,$16,$34,$29,$80,84,$0.20,$0.19,$45,$150,$21,$351,$130,$0,$629,$20,$780,$1130,$139,$214,$0,$259,$398,$0,$222,$0,$732,$1130,$26,$9,$0,$9,$-28,$-15,$0,$-2,$-25,$11,$-7,$0,$-16,$0,$0,$0,$2,$-22,$-0,$-4,$-4,$1,$1,$0,$-3,$-6,$-16,$0,$0
44,2007-09-30,16.07,$8.95,1.8,$11.20,1.43,$1.56,10.33,$0.61,26.34,$0.34B,$0.13B,2.64,$0.22B,$0.72B,0.3,$0.93B,$0.27B,29.34%,$0.93B,$0.09B,9.28%,$0.93B,$0.09B,9.28%,$0.93B,$0.10B,11.00%,$0.93B,$0.08B,8.52%,$0.93B,$0.05B,5.29%,$0.05B,$0.72B,7.15%,$0.05B,$0.10B,45.16%,$0.05B,$1.11B,4.72%,$0.09B,$0.93B,9.70%,$237,$168,$69,$0,$51,$219,$18,$-1,$17,$7,$11,$11,$11,$23,$18,$80,84,$0.14,$0.13,$51,$142,$22,$335,$131,$0,$620,$19,$770,$1105,$127,$215,$0,$261,$388,$0,$207,$0,$717,$1105,$11,$4,$-1,$3,$-13,$-8,$0,$-1,$-11,$3,$-5,$0,$-9,$0,$0,$0,$2,$-12,$-1,$-1,$-2,$0,$0,$0,$0,$-1,$-9,$0,$0
45,2007-06-30,13.57,$8.71,1.56,$10.99,1.24,$1.81,7.49,$0.60,22.81,$0.32B,$0.12B,2.69,$0.22B,$0.70B,0.31,$0.90B,$0.26B,29.11%,$0.90B,$0.09B,9.44%,$0.90B,$0.09B,9.44%,$0.90B,$0.10B,11.00%,$0.90B,$0.08B,8.56%,$0.90B,$0.05B,5.22%,$0.05B,$0.70B,7.09%,$0.05B,$0.09B,38.52%,$0.05B,$1.06B,4.75%,$0.09B,$0.91B,10.02%,$222,$160,$62,$0,$43,$204,$19,$-0,$19,$6,$12,$12,$12,$23,$19,$79,82,$0.16,$0.15,$61,$129,$0,$316,$115,$0,$606,$22,$742,$1058,$117,$215,$1,$244,$362,$0,$196,$0,$697,$1058,$47,$16,$13,$29,$-9,$-10,$0,$2,$-10,$66,$-8,$0,$-130,$0,$0,$0,$-2,$-140,$0,$65,$65,$18,$18,$0,$0,$84,$12,$1,$0
46,2007-03-31,15.04,$8.50,1.77,$10.79,1.39,$1.61,9.32,$0.56,27.09,$0.32B,$0.13B,2.51,$0.22B,$0.67B,0.33,$0.87B,$0.25B,28.87%,$0.87B,$0.08B,9.39%,$0.87B,$0.08B,9.39%,$0.87B,$0.10B,10.88%,$0.87B,$0.07B,8.25%,$0.87B,$0.04B,4.93%,$0.04B,$0.67B,6.68%,$0.04B,$0.07B,32.33%,$0.04B,$1.05B,4.55%,$0.08B,$0.90B,10.09%,$238,$167,$71,$0,$47,$214,$24,$-3,$20,$8,$12,$12,$12,$27,$24,$79,83,$0.16,$0.15,$55,$124,$19,$318,$117,$0,$600,$16,$733,$1051,$127,$224,$0,$250,$377,$0,$201,$0,$674,$1051,$35,$11,$2,$13,$-27,$-6,$0,$4,$4,$52,$-7,$0,$-127,$0,$0,$0,$-2,$-135,$-1,$73,$72,$16,$16,$0,$1,$89,$6,$1,$0
47,2006-12-31,15.61,$8.26,1.89,$10.40,1.5,$1.24,12.59,$0.53,29.44,$0.33B,$0.11B,2.95,$0.15B,$0.65B,0.23,$0.83B,$0.24B,28.76%,$0.83B,$0.07B,8.90%,$0.83B,$0.07B,8.90%,$0.83B,$0.09B,10.47%,$0.83B,$0.07B,8.06%,$0.83B,$0.04B,4.81%,$0.04B,$0.65B,6.41%,$0.04B,$0.17B,27.87%,$0.04B,$0.94B,4.48%,$0.07B,$0.80B,9.61%,$230,$160,$70,$0,$45,$205,$25,$-2,$23,$9,$14,$14,$14,$29,$25,$78,82,$0.18,$0.17,$83,$116,$18,$325,$118,$0,$480,$16,$613,$938,$110,$151,$0,$176,$286,$0,$189,$0,$652,$938,$23,$7,$-3,$5,$-22,$-5,$0,$4,$3,$31,$-4,$0,$-3,$0,$0,$0,$-2,$-9,$-0,$0,$-0,$12,$12,$0,$1,$12,$34,$1,$0
