,Date,Stock Price,Book Value per Share,Price to Book Ratio,TTM Sales per Share,Price to Sales Ratio,TTM FCF per Share,Price to FCF Ratio,TTM Net EPS,PE Ratio,Current Assets,Current Liabilities,Current Ratio,Long Term Debt,Shareholder's Equity_x,Debt to Equity Ratio,TTM Revenue_x,TTM Gross Profit,Gross Margin,TTM Revenue_y,TTM Operating Income,Operating Margin,TTM Revenue_x,TTM EBIT,EBIT Margin,TTM Revenue_y,TTM EBITDA,EBITDA Margin,TTM Revenue_x,TTM Pre-Tax Income,Pre-Tax Margin,TTM Revenue_y,TTM Net Income_x,Net Margin,TTM Net Income_y,Shareholder's Equity_y,Return on Equity,TTM Net Income_x,Tangible Equity,Return on Tangible Equity,TTM Net Income_y,Total Assets,Return on Assets,TTM Net Income,LT Investments & Debt,Return on Investment,revenue,cost-goods-sold,gross-profit,research-development-expenses,selling-general-administrative-expenses,operating-expenses,operating-income,total-non-operating-income-expense,pre-tax-income,total-provision-income-taxes,income-after-taxes,income-from-continuous-operations,net-income,ebitda,ebit,basic-shares-outstanding,shares-outstanding,eps-basic-net-earnings-per-share,eps-earnings-per-share-diluted,cash-on-hand,inventory,other-current-assets,total-current-assets,net-property-plant-equipment,long-term-investments,goodwill-intangible-assets-total,other-long-term-assets,total-long-term-assets,total-assets,total-current-liabilities,long-term-debt,other-non-current-liabilities,total-long-term-liabilities,total-liabilities,common-stock-net,retained-earnings-accumulated-deficit,comprehensive-income,total-share-holder-equity,total-liabilities-share-holders-equity,net-income-loss,total-depreciation-amortization-cash-flow,other-non-cash-items,total-non-cash-items,change-in-accounts-receivable,change-in-inventories,change-in-accounts-payable,change-in-assets-liabilities,total-change-in-assets-liabilities,cash-flow-from-operating-activities,net-change-in-property-plant-equipment,net-change-in-intangible-assets,net-acquisitions-divestitures,net-change-in-short-term-investments,net-change-in-long-term-investments,net-change-in-investments-total,investing-activities-other,cash-flow-from-investing-activities,net-long-term-debt,net-current-debt,debt-issuance-retirement-net-total,net-common-equity-issued-repurchased,net-total-equity-issued-repurchased,total-common-preferred-stock-dividends-paid,financial-activities-other,cash-flow-from-financial-activities,net-cash-flow,stock-based-compensation,common-stock-dividends-paid
0,2018-09-30,40.53,$10.29,3.94,$27.38,1.48,$3.36,12.05,$0.19,213.32,$11.44B,$4.95B,2.31,$10.42B,$9.02B,1.16,$24.00B,$3.15B,13.11%,$24.00B,$2.23B,9.29%,$24.00B,$2.23B,9.29%,$24.00B,$3.81B,15.86%,$24.00B,$1.60B,6.67%,$24.00B,$0.17B,0.70%,$0.17B,$9.02B,1.94%,$0.17B,$6.22B,2.85%,$0.17B,$25.75B,0.66%,$2.23B,$19.44B,11.69%,$6172,$5384,$788,$0,$72,$5456,$716,$-182,$534,$100,$434,$434,$435,$1116,$716,$877,878,$0.50,$0.50,$2057,$2887,$966,$11436,$8821,$0,$2800,$1566,$14315,$25751,$4953,$10424,$763,$11781,$16734,$2672,$13216,$-463,$9017,$25751,$989,$1184,$312,$1496,$-431,$-542,$601,$192,$-180,$2305,$-1317,$0,$-166,$522,$-420,$102,$-58,$-1439,$-436,$0,$-436,$-200,$-200,$-473,$28,$-1081,$-280,$0,$-473
1,2018-06-30,45.06,$10.06,4.48,$26.59,1.69,$2.96,15.21,$0.11,409.64,$11.44B,$5.11B,2.24,$10.43B,$8.84B,1.18,$23.27B,$3.06B,13.13%,$23.27B,$2.16B,9.26%,$23.27B,$2.16B,9.26%,$23.27B,$3.73B,16.02%,$23.27B,$1.56B,6.71%,$23.27B,$0.10B,0.42%,$0.10B,$8.84B,1.13%,$0.10B,$6.02B,1.64%,$0.10B,$25.77B,0.38%,$2.16B,$19.27B,11.27%,$6147,$5293,$854,$0,$65,$5358,$789,$-156,$633,$125,$508,$508,$511,$1179,$789,$877,880,$0.58,$0.58,$2472,$2637,$924,$11436,$8825,$0,$2824,$1563,$14329,$25765,$5107,$10427,$803,$11815,$16922,$2672,$12939,$-470,$8843,$25765,$555,$784,$312,$1096,$-352,$-306,$495,$0,$-163,$1528,$-945,$0,$-148,$114,$-421,$-307,$-37,$-1437,$-26,$0,$-26,$0,$0,$-316,$12,$-330,$-279,$0,$-316
2,2018-03-31,46.76,$9.59,4.88,$25.29,1.85,$2.11,22.15,$-0.44,0.0,$11.04B,$4.97B,2.22,$10.43B,$8.39B,1.24,$22.08B,$2.68B,12.16%,$22.08B,$1.51B,6.85%,$22.08B,$1.51B,6.85%,$22.08B,$3.08B,13.95%,$22.08B,$0.93B,4.20%,$22.08B,$-0.39B,-1.74%,$-0.39B,$8.39B,-4.41%,$-0.39B,$5.68B,-6.30%,$-0.39B,$25.19B,-1.52%,$1.51B,$18.82B,7.86%,$5740,$5063,$677,$0,$58,$5386,$354,$-165,$189,$142,$47,$47,$46,$748,$354,$875,878,$0.05,$0.05,$2332,$2458,$990,$11035,$8596,$0,$2707,$1626,$14156,$25191,$4969,$10428,$815,$11831,$16800,$2672,$12586,$-471,$8391,$25191,$47,$394,$312,$706,$-245,$-119,$276,$-93,$-181,$572,$-454,$0,$0,$0,$0,$0,$80,$-374,$-9,$0,$-9,$0,$0,$-158,$-12,$-179,$-5,$0,$-158
3,2017-12-31,48.5,$9.56,5.07,$23.69,2.05,$1.72,28.12,$-0.53,0.0,$10.78B,$4.86B,2.22,$10.43B,$8.35B,1.25,$20.62B,$2.27B,10.98%,$20.62B,$1.36B,6.61%,$20.62B,$1.36B,6.61%,$20.62B,$2.92B,14.15%,$20.62B,$0.68B,3.31%,$20.62B,$-0.46B,-2.25%,$-0.46B,$8.35B,-5.21%,$-0.46B,$5.66B,-7.31%,$-0.46B,$25.09B,-1.83%,$1.36B,$18.78B,6.98%,$5940,$5113,$827,$0,$71,$5569,$371,$-127,$244,$1050,$-806,$-806,$-824,$764,$371,$870,870,$-0.94,$-0.94,$2337,$2396,$1008,$10777,$8521,$0,$2693,$1864,$14308,$25085,$4862,$10430,$835,$11874,$16736,$2673,$12668,$-469,$8349,$25085,$-468,$1556,$1491,$3047,$-1350,$-29,$753,$515,$-111,$2468,$-1215,$0,$-628,$0,$0,$0,$-84,$-1927,$-1631,$0,$-1631,$158,$158,$-626,$-62,$-2161,$-1672,$0,$-626
4,2017-09-30,45.49,$10.60,4.29,$21.53,2.11,$-2.36,0.0,$0.24,189.54,$10.14B,$4.60B,2.21,$10.42B,$9.25B,1.13,$18.70B,$1.76B,9.38%,$18.70B,$1.04B,5.58%,$18.70B,$1.04B,5.58%,$18.70B,$2.59B,13.87%,$18.70B,$0.26B,1.41%,$18.70B,$0.21B,1.13%,$0.21B,$9.25B,2.31%,$0.21B,$6.56B,3.17%,$0.21B,$25.79B,0.82%,$1.04B,$19.67B,5.16%,$5444,$4747,$697,$0,$55,$4802,$642,$-146,$496,$135,$361,$361,$365,$1036,$642,$872,873,$0.42,$0.42,$1898,$2444,$897,$10144,$8432,$0,$2685,$2338,$15646,$25790,$4601,$10423,$949,$11943,$16544,$2673,$13649,$-448,$9246,$25790,$357,$1163,$262,$1425,$-1064,$-49,$611,$177,$-325,$1457,$-823,$0,$-628,$67,$-77,$-10,$-46,$-1507,$-1633,$0,$-1633,$0,$0,$-469,$92,$-2010,$-2111,$0,$-469
5,2017-06-30,42.01,$10.29,4.08,$19.73,2.13,$-6.81,0.0,$-0.17,0.0,$10.26B,$4.07B,2.52,$10.82B,$8.95B,1.21,$17.09B,$1.23B,7.19%,$17.09B,$0.53B,3.10%,$17.09B,$0.53B,3.10%,$17.09B,$2.06B,12.05%,$17.09B,$-0.29B,-1.67%,$17.09B,$-0.15B,-0.86%,$-0.15B,$8.95B,-1.58%,$-0.15B,$6.55B,-2.14%,$-0.15B,$25.33B,-0.57%,$0.53B,$19.77B,2.55%,$4957,$4474,$483,$0,$75,$4811,$146,$-147,$-1,$-29,$28,$28,$28,$532,$146,$869,871,$0.03,$0.03,$2139,$2283,$896,$10260,$8374,$0,$2407,$2052,$15065,$25325,$4068,$10816,$938,$12304,$16372,$2673,$13441,$-450,$8953,$25325,$-4,$769,$262,$1031,$-615,$-5,$398,$0,$-222,$351,$-516,$0,$0,$44,$-54,$-10,$-19,$-545,$-1623,$0,$-1623,$0,$0,$-312,$294,$-1641,$-1870,$0,$-312
6,2017-03-31,48.22,$10.37,4.65,$18.50,2.61,$-11.43,0.0,$-3.93,0.0,$9.83B,$3.84B,2.56,$10.81B,$8.99B,1.2,$15.97B,$0.85B,5.32%,$15.97B,$-3.50B,-21.89%,$15.97B,$-3.50B,-21.89%,$15.97B,$-1.96B,-12.25%,$15.97B,$-4.39B,-27.50%,$15.97B,$-3.38B,-21.19%,$-3.38B,$8.99B,-35.67%,$-3.38B,$6.57B,-47.75%,$-3.38B,$24.89B,-12.72%,$-3.50B,$19.80B,-16.40%,$4279,$4021,$258,$0,$55,$4076,$203,$-260,$-57,$-25,$-32,$-32,$-32,$586,$203,$867,867,$-0.04,$-0.04,$2107,$2295,$863,$9828,$8415,$0,$2419,$2082,$15057,$24885,$3842,$10812,$703,$12054,$15896,$2674,$13569,$-452,$8989,$24885,$-32,$383,$0,$383,$-178,$-18,$228,$-378,$-346,$5,$-224,$0,$0,$0,$0,$0,$-13,$-237,$-1566,$0,$-1566,$0,$0,$-156,$63,$-1659,$-1902,$0,$-156
7,2016-12-31,52.82,$10.91,4.84,$18.46,2.86,$-11.59,0.0,$-6.70,0.0,$11.68B,$4.02B,2.9,$12.21B,$9.45B,1.29,$15.89B,$0.86B,5.44%,$15.89B,$-6.78B,-42.66%,$15.89B,$-6.78B,-42.66%,$15.89B,$-5.28B,-33.20%,$15.89B,$-7.63B,-48.00%,$15.89B,$-5.76B,-36.27%,$-5.76B,$9.45B,-54.87%,$-5.76B,$7.03B,-71.04%,$-5.76B,$27.00B,-19.97%,$-6.78B,$21.66B,-29.87%,$4021,$3704,$317,$0,$96,$3968,$53,$-228,$-175,$-22,$-153,$-153,$-149,$439,$53,$861,861,$-0.16,$-0.16,$4009,$2275,$886,$11677,$8532,$0,$2414,$2417,$15323,$27000,$4023,$12214,$741,$13529,$17552,$2674,$14141,$-454,$9448,$27000,$-5769,$1503,$1980,$3483,$899,$552,$-219,$-649,$583,$-1703,$-576,$0,$-31,$0,$0,$0,$-103,$-710,$-3097,$0,$-3097,$186,$186,$-620,$-9,$-3540,$-6068,$0,$-620
8,2016-09-30,43.68,$11.26,3.88,$19.75,2.21,$-7.90,0.0,$-6.56,0.0,$11.76B,$3.63B,3.24,$12.16B,$9.73B,1.25,$16.95B,$1.07B,6.33%,$16.95B,$-6.75B,-39.80%,$16.95B,$-6.75B,-39.80%,$16.95B,$-5.23B,-30.84%,$16.95B,$-7.54B,-44.51%,$16.95B,$-5.64B,-33.29%,$-5.64B,$9.73B,-46.96%,$-5.64B,$7.34B,-58.58%,$-5.64B,$26.76B,-18.00%,$-6.75B,$21.89B,-27.18%,$3833,$3662,$171,$0,$43,$3705,$128,$-180,$-52,$-59,$7,$7,$6,$503,$128,$862,864,$0.01,$0.01,$3289,$2475,$933,$11760,$8741,$0,$2383,$1927,$14995,$26755,$3631,$12163,$786,$13398,$17029,$2675,$14445,$-360,$9726,$26755,$-5616,$1117,$2075,$3192,$682,$388,$-461,$0,$609,$-2762,$-449,$0,$0,$0,$0,$0,$-73,$-522,$-3149,$0,$-3149,$0,$0,$-465,$163,$-3451,$-6788,$0,$-465
9,2016-06-30,43.9,$11.37,3.86,$21.84,2.01,$-3.70,0.0,$-6.63,0.0,$12.58B,$4.48B,2.81,$12.16B,$9.78B,1.24,$18.70B,$1.45B,7.73%,$18.70B,$-6.83B,-36.53%,$18.70B,$-6.83B,-36.53%,$18.70B,$-5.27B,-28.18%,$18.70B,$-7.58B,-40.55%,$18.70B,$-5.70B,-30.50%,$-5.70B,$9.78B,-42.38%,$-5.70B,$7.39B,-51.21%,$-5.70B,$27.74B,-17.70%,$-6.83B,$21.94B,-27.29%,$3835,$3732,$103,$0,$41,$7715,$-3880,$-227,$-4107,$-902,$-3205,$-3205,$-3208,$-3484,$-3880,$860,860,$-3.73,$-3.73,$3108,$2650,$998,$12580,$8961,$0,$2383,$1957,$15157,$27737,$4478,$12158,$875,$13482,$17960,$2675,$14595,$-361,$9777,$27737,$-5623,$742,$1640,$2382,$369,$213,$-510,$0,$72,$-3803,$-333,$0,$0,$0,$0,$0,$-60,$-393,$-2525,$13,$-2512,$0,$0,$-309,$89,$-2732,$-6969,$0,$-309
10,2016-03-31,34.48,$15.22,2.26,$24.31,1.42,$2.11,16.37,$-2.84,0.0,$19.11B,$7.41B,2.58,$12.21B,$13.06B,0.94,$20.78B,$2.03B,9.76%,$20.78B,$-2.70B,-12.97%,$20.78B,$-2.70B,-12.97%,$20.78B,$-1.08B,-5.17%,$20.78B,$-3.35B,-16.12%,$20.78B,$-2.44B,-11.74%,$-2.44B,$13.06B,-16.33%,$-2.44B,$10.68B,-19.18%,$-2.44B,$33.93B,-7.41%,$-2.70B,$25.27B,-10.60%,$4198,$3925,$273,$0,$48,$7277,$-3079,$-212,$-3291,$-875,$-2416,$-2416,$-2412,$-2733,$-3079,$858,858,$-2.81,$-2.81,$9593,$2893,$438,$19105,$9252,$0,$2383,$3192,$14827,$33932,$7412,$12207,$806,$13460,$20872,$2676,$17958,$-364,$13060,$33932,$-2418,$346,$1909,$2255,$228,$34,$-170,$0,$92,$-171,$-184,$0,$0,$0,$0,$0,$-24,$-208,$0,$0,$0,$0,$0,$-154,$77,$-77,$-484,$0,$-154
11,2015-12-31,32.67,$18.10,1.8,$27.71,1.18,$2.71,12.06,$-0.79,0.0,$20.07B,$5.34B,3.76,$14.69B,$15.50B,0.95,$23.63B,$2.52B,10.66%,$23.63B,$-0.17B,-0.70%,$23.63B,$-0.17B,-0.70%,$23.63B,$1.67B,7.07%,$23.63B,$-0.94B,-3.96%,$23.63B,$-0.67B,-2.84%,$-0.67B,$15.50B,-4.31%,$-0.67B,$13.11B,-5.02%,$-0.67B,$36.94B,-2.09%,$-0.17B,$30.18B,-0.66%,$5082,$4556,$526,$0,$54,$4996,$86,$-179,$-93,$-67,$-26,$-26,$-28,$488,$86,$853,853,$-0.03,$-0.03,$10077,$2993,$1156,$20070,$12117,$0,$2385,$1818,$16872,$36942,$5337,$14687,$944,$16110,$21447,$2677,$20524,$-363,$15495,$36942,$-667,$1835,$1316,$3151,$1468,$153,$-603,$-596,$422,$2906,$-2016,$0,$-39,$0,$0,$0,$-137,$-2192,$7432,$0,$7432,$167,$167,$-614,$96,$7081,$7786,$0,$-614
12,2015-09-30,33.78,$18.11,1.87,$32.05,1.05,$2.98,11.34,$0.30,112.6,$14.92B,$5.70B,2.62,$7.24B,$15.48B,0.47,$27.32B,$3.49B,12.79%,$27.32B,$1.05B,3.84%,$27.32B,$1.05B,3.84%,$27.32B,$3.04B,11.12%,$27.32B,$0.40B,1.45%,$27.32B,$0.26B,0.94%,$0.26B,$15.48B,1.64%,$0.26B,$13.36B,1.90%,$0.26B,$30.25B,0.83%,$1.05B,$22.72B,4.47%,$5582,$5039,$543,$0,$37,$5539,$43,$-133,$-90,$-37,$-53,$-53,$-54,$460,$43,$855,855,$-0.06,$-0.06,$2249,$2692,$4187,$14919,$11018,$0,$2124,$2187,$15329,$30248,$5703,$7243,$1246,$9065,$14768,$2677,$20706,$-451,$15480,$30248,$-641,$1433,$1151,$2584,$1396,$-23,$-469,$0,$904,$2021,$-1615,$0,$0,$0,$0,$0,$-109,$-1724,$-8,$0,$-8,$0,$0,$-460,$146,$-322,$-42,$0,$-460
13,2015-06-30,40.97,$18.40,2.23,$35.71,1.15,$3.24,12.65,$1.77,23.15,$15.22B,$5.01B,3.04,$7.84B,$15.72B,0.5,$30.44B,$4.66B,15.31%,$30.44B,$2.64B,8.67%,$30.44B,$2.64B,8.67%,$30.44B,$4.75B,15.59%,$30.44B,$2.04B,6.69%,$30.44B,$1.52B,4.98%,$1.52B,$15.72B,9.60%,$1.52B,$13.73B,11.18%,$1.52B,$30.61B,4.85%,$2.64B,$23.55B,11.18%,$5919,$5233,$686,$0,$43,$5665,$254,$-129,$125,$71,$54,$54,$54,$710,$254,$852,854,$0.06,$0.06,$2760,$2831,$4000,$15224,$11153,$0,$1983,$2246,$15382,$30606,$5005,$7838,$1453,$9886,$14891,$2677,$20914,$-298,$15715,$30606,$-588,$1016,$991,$2007,$1540,$-117,$-557,$-290,$576,$1995,$-1140,$0,$0,$0,$0,$0,$-95,$-1235,$-8,$0,$-8,$0,$0,$-306,$71,$-243,$469,$0,$-306
14,2015-03-31,41.57,$18.40,2.26,$38.23,1.09,$3.06,13.59,$2.62,15.87,$13.83B,$5.02B,2.76,$7.84B,$15.62B,0.5,$32.57B,$5.26B,16.14%,$32.57B,$3.58B,10.99%,$32.57B,$3.58B,10.99%,$32.57B,$5.76B,17.67%,$32.57B,$2.99B,9.17%,$32.57B,$2.24B,6.86%,$2.24B,$15.62B,14.41%,$2.24B,$13.29B,16.94%,$2.24B,$30.59B,7.16%,$3.58B,$23.46B,15.35%,$7050,$6285,$765,$0,$66,$7598,$-548,$-330,$-878,$-241,$-637,$-637,$-643,$12,$-548,$850,850,$-0.76,$-0.76,$2294,$3467,$1645,$13825,$12299,$0,$2332,$2131,$16762,$30587,$5018,$7841,$1462,$9946,$14964,$2678,$21013,$-402,$15623,$30587,$-641,$560,$799,$1359,$763,$-132,$-318,$-219,$94,$812,$-650,$0,$0,$0,$0,$0,$-32,$-682,$0,$0,$0,$0,$0,$-153,$51,$-102,$3,$0,$-153
15,2014-12-31,37.11,$19.22,1.93,$38.55,0.96,$3.23,11.48,$4.11,9.03,$14.65B,$5.87B,2.5,$7.77B,$16.30B,0.48,$32.87B,$5.54B,16.84%,$32.87B,$5.10B,15.51%,$32.87B,$5.10B,15.51%,$32.87B,$7.22B,21.97%,$32.87B,$4.71B,14.34%,$32.87B,$3.50B,10.65%,$3.50B,$16.30B,23.27%,$3.50B,$13.97B,27.42%,$3.50B,$32.17B,11.34%,$5.10B,$24.06B,22.31%,$8770,$7270,$1500,$0,$55,$7471,$1299,$-59,$1240,$336,$904,$904,$901,$1856,$1299,$848,852,$1.06,$1.06,$2291,$3571,$563,$14647,$12475,$0,$2330,$2713,$17518,$32165,$5866,$7765,$1545,$10001,$15867,$2679,$21809,$-399,$16298,$32165,$3501,$2126,$-922,$1204,$-1381,$-271,$489,$520,$-643,$4062,$-2945,$0,$-231,$0,$0,$0,$38,$-3138,$-4,$0,$-4,$-468,$-468,$-533,$-25,$-1030,$-65,$0,$-533
16,2014-09-30,60.6,$18.32,3.31,$36.72,1.65,$3.87,15.67,$3.98,15.23,$14.85B,$5.89B,2.52,$7.82B,$15.52B,0.5,$31.74B,$5.27B,16.62%,$31.74B,$4.94B,15.57%,$31.74B,$4.94B,15.57%,$31.74B,$7.01B,22.08%,$31.74B,$4.51B,14.22%,$31.74B,$3.39B,10.69%,$3.39B,$15.52B,23.61%,$3.39B,$13.21B,27.96%,$3.39B,$31.58B,11.26%,$4.94B,$23.33B,22.28%,$8701,$6993,$1708,$0,$74,$7067,$1634,$-84,$1550,$411,$1139,$1139,$1203,$2169,$1634,$848,854,$1.42,$1.41,$2029,$3650,$1613,$14847,$12050,$0,$2312,$2374,$16736,$31583,$5889,$7816,$1780,$10176,$16065,$2679,$21060,$-307,$15518,$31583,$2596,$1569,$-535,$1034,$-1339,$-319,$653,$288,$-717,$2913,$-2284,$0,$-230,$256,$-166,$90,$92,$-2332,$0,$0,$0,$-800,$-800,$-381,$311,$-870,$-327,$0,$-381
17,2014-06-30,66.55,$17.16,3.88,$34.89,1.91,$3.66,18.18,$3.36,19.81,$14.17B,$5.37B,2.64,$7.82B,$14.59B,0.54,$30.51B,$4.75B,15.58%,$30.51B,$4.42B,14.47%,$30.51B,$4.42B,14.47%,$30.51B,$6.43B,21.07%,$30.51B,$3.97B,13.00%,$30.51B,$2.90B,9.49%,$2.90B,$14.59B,21.14%,$2.90B,$12.32B,25.16%,$2.90B,$30.48B,9.90%,$4.42B,$22.40B,20.53%,$8051,$6768,$1283,$0,$89,$6857,$1194,$-118,$1076,$299,$777,$777,$774,$1718,$1194,$846,852,$0.92,$0.91,$2360,$3529,$1495,$14165,$11677,$0,$2267,$2375,$16319,$30484,$5369,$7816,$2129,$10528,$15897,$2679,$19984,$-303,$14587,$30484,$1391,$1034,$0,$1034,$-594,$-218,$355,$107,$-350,$2075,$-1375,$0,$0,$0,$89,$89,$-234,$-1520,$0,$0,$0,$-500,$-500,$-254,$230,$-524,$4,$0,$-254
18,2014-03-31,55.07,$16.31,3.38,$33.33,1.65,$2.92,18.86,$3.18,17.32,$13.49B,$4.93B,2.73,$7.82B,$13.75B,0.57,$29.78B,$4.54B,15.25%,$29.78B,$4.21B,14.13%,$29.78B,$4.21B,14.13%,$29.78B,$6.17B,20.71%,$29.78B,$3.79B,12.74%,$29.78B,$2.77B,9.29%,$2.77B,$13.75B,19.91%,$2.77B,$11.56B,23.56%,$2.77B,$29.26B,9.71%,$4.21B,$21.57B,20.07%,$7348,$6303,$1045,$0,$75,$6378,$970,$-124,$846,$229,$617,$617,$622,$1480,$970,$849,853,$0.73,$0.73,$2123,$3415,$1634,$13486,$11463,$0,$2193,$2114,$15770,$29256,$4932,$7816,$2186,$10572,$15504,$2680,$19337,$-303,$13752,$29256,$616,$510,$0,$510,$-175,$-105,$160,$-52,$-172,$954,$-643,$0,$0,$50,$-55,$-5,$-26,$-674,$0,$0,$0,$-500,$-500,$-127,$113,$-514,$-233,$0,$-127
19,2013-12-31,47.33,$16.04,2.95,$32.20,1.47,$2.19,21.57,$2.43,19.48,$13.70B,$5.03B,2.73,$7.82B,$13.62B,0.57,$29.40B,$4.47B,15.21%,$29.40B,$3.14B,10.67%,$29.40B,$3.14B,10.67%,$29.40B,$5.04B,17.13%,$29.40B,$2.76B,9.40%,$29.40B,$2.13B,7.23%,$2.13B,$13.62B,14.77%,$2.13B,$11.45B,17.34%,$2.13B,$29.22B,7.57%,$3.14B,$21.43B,15.16%,$7639,$6401,$1238,$0,$94,$6495,$1144,$-104,$1040,$268,$772,$772,$793,$1641,$1144,$898,902,$0.90,$0.90,$2356,$3305,$737,$13704,$11322,$0,$2168,$2029,$15519,$29223,$5026,$7816,$2182,$10582,$15608,$2680,$18842,$-307,$13615,$29223,$2135,$1900,$868,$2768,$-449,$-107,$327,$-227,$-456,$4447,$-2693,$0,$-94,$356,$-329,$27,$-110,$-2870,$2968,$0,$2968,$-4079,$-4079,$-465,$-178,$-1754,$-128,$0,$-465
20,2013-09-30,44.77,$15.13,2.96,$31.59,1.42,$0.77,58.1,$2.22,20.17,$12.89B,$4.76B,2.71,$7.82B,$12.82B,0.61,$29.05B,$4.29B,14.76%,$29.05B,$2.98B,10.24%,$29.05B,$2.98B,10.24%,$29.05B,$4.81B,16.55%,$29.05B,$2.62B,9.03%,$29.05B,$2.00B,6.89%,$2.00B,$12.82B,13.40%,$2.00B,$10.69B,15.63%,$2.00B,$27.95B,7.25%,$2.98B,$20.63B,14.51%,$7472,$6284,$1188,$0,$80,$6364,$1108,$-103,$1005,$296,$709,$709,$706,$1589,$1108,$890,894,$0.79,$0.79,$1491,$3399,$1374,$12890,$10949,$0,$2125,$1984,$15058,$27948,$4762,$7816,$1977,$10368,$15130,$2681,$18177,$-300,$12818,$27948,$1340,$1403,$508,$1911,$-856,$-210,$243,$121,$-702,$2549,$-2075,$0,$-12,$294,$-168,$126,$94,$-1867,$2968,$0,$2968,$-4356,$-4356,$-337,$58,$-1667,$-993,$0,$-337
21,2013-06-30,38.69,$16.85,2.3,$30.88,1.25,$-0.41,0.0,$2.08,18.6,$12.62B,$4.78B,2.64,$4.82B,$15.37B,0.31,$28.69B,$4.12B,14.36%,$28.69B,$2.82B,9.83%,$28.69B,$2.82B,9.83%,$28.69B,$4.58B,15.96%,$28.69B,$2.50B,8.70%,$28.69B,$1.90B,6.61%,$1.90B,$15.37B,12.22%,$1.90B,$13.25B,14.15%,$1.90B,$27.42B,6.97%,$2.82B,$20.19B,13.87%,$7317,$6246,$1071,$0,$87,$6333,$984,$-82,$902,$256,$646,$646,$644,$1458,$984,$925,928,$0.70,$0.69,$1412,$3341,$1509,$12621,$10753,$0,$2116,$1928,$14797,$27418,$4777,$4820,$1891,$7276,$12053,$2681,$17577,$-302,$15365,$27418,$632,$922,$781,$1703,$-613,$-154,$227,$-324,$-864,$1471,$-1396,$0,$0,$232,$-110,$122,$83,$-1191,$0,$0,$0,$-1015,$-1015,$-231,$-83,$-1329,$-1072,$0,$-231
22,2013-03-31,37.37,$16.90,2.21,$30.80,1.21,$-1.05,0.0,$2.14,17.46,$13.15B,$4.67B,2.82,$4.82B,$15.74B,0.31,$28.61B,$4.32B,15.09%,$28.61B,$3.04B,10.62%,$28.61B,$3.04B,10.62%,$28.61B,$4.73B,16.53%,$28.61B,$2.70B,9.43%,$28.61B,$1.99B,6.96%,$1.99B,$15.74B,12.99%,$1.99B,$13.62B,15.03%,$1.99B,$27.68B,7.44%,$3.04B,$20.56B,15.08%,$6974,$6000,$974,$0,$72,$7072,$-98,$-85,$-183,$-172,$-11,$-11,$-18,$350,$-98,$931,931,$-0.02,$-0.02,$2029,$3257,$1656,$13152,$10509,$0,$2119,$1904,$14532,$27684,$4666,$4820,$1895,$7281,$11947,$2681,$17048,$-303,$15737,$27684,$-16,$448,$781,$1229,$-406,$-70,$158,$-546,$-864,$349,$-685,$0,$0,$0,$-19,$-19,$53,$-651,$0,$0,$0,$-50,$-50,$-116,$21,$-145,$-455,$0,$-116
23,2012-12-31,31.98,$17.00,1.88,$30.73,1.04,$-0.74,0.0,$2.84,11.26,$13.09B,$4.75B,2.75,$4.82B,$15.79B,0.31,$28.50B,$4.73B,16.61%,$28.50B,$4.16B,14.59%,$28.50B,$4.16B,14.59%,$28.50B,$5.79B,20.30%,$28.50B,$3.82B,13.41%,$28.50B,$2.64B,9.24%,$2.64B,$15.79B,17.74%,$2.64B,$13.66B,20.57%,$2.64B,$27.41B,10.14%,$4.16B,$20.61B,21.14%,$7290,$6236,$1054,$0,$73,$6309,$981,$-82,$899,$307,$592,$592,$669,$1412,$981,$926,928,$0.72,$0.72,$2484,$3186,$670,$13086,$10257,$0,$2135,$1932,$14324,$27410,$4752,$4820,$1441,$6868,$11620,$2682,$17182,$-309,$15790,$27410,$2645,$1628,$682,$2310,$-682,$-611,$200,$-208,$-1301,$3654,$-3171,$0,$-214,$0,$-248,$-248,$-55,$-3688,$0,$0,$0,$107,$107,$-333,$54,$-172,$-214,$217,$-333
24,2012-09-30,30.97,$16.37,1.89,$30.54,1.01,$-0.29,0.0,$3.10,9.99,$12.77B,$4.60B,2.78,$4.82B,$15.19B,0.32,$28.28B,$5.18B,18.31%,$28.28B,$4.61B,16.30%,$28.28B,$4.61B,16.30%,$28.28B,$6.17B,21.83%,$28.28B,$4.28B,15.13%,$28.28B,$2.87B,10.16%,$2.87B,$15.19B,20.21%,$2.87B,$13.12B,23.43%,$2.87B,$26.31B,11.46%,$4.61B,$20.01B,24.22%,$7111,$6090,$1021,$0,$67,$6157,$954,$-77,$877,$267,$610,$610,$602,$1360,$954,$928,930,$0.65,$0.65,$2032,$3539,$1325,$12766,$9678,$0,$2075,$1793,$13546,$26312,$4598,$4820,$1179,$6523,$11121,$2682,$16596,$-262,$15191,$26312,$1973,$1197,$300,$1497,$-776,$-968,$297,$-110,$-1557,$1913,$-2519,$0,$0,$250,$-171,$79,$-18,$-2458,$0,$0,$0,$0,$0,$-250,$132,$-118,$-666,$0,$-250
25,2012-06-30,26.03,$15.72,1.66,$29.97,0.87,$0.58,45.2,$3.19,8.16,$12.53B,$4.44B,2.82,$4.82B,$14.56B,0.33,$27.71B,$5.57B,20.09%,$27.71B,$4.99B,17.99%,$27.71B,$4.99B,17.99%,$27.71B,$6.49B,23.40%,$27.71B,$4.66B,16.82%,$27.71B,$2.95B,10.66%,$2.95B,$14.56B,21.87%,$2.95B,$12.58B,25.18%,$2.95B,$25.57B,12.42%,$4.99B,$19.38B,27.58%,$7234,$5966,$1268,$0,$67,$6033,$1201,$-97,$1104,$357,$747,$747,$737,$1607,$1201,$924,926,$0.80,$0.79,$2172,$3297,$1391,$12534,$9363,$0,$1986,$1688,$13037,$25571,$4440,$4820,$1238,$6570,$11010,$2683,$16077,$-261,$14561,$25571,$1369,$791,$300,$1091,$-602,$-724,$289,$-288,$-1325,$1135,$-1651,$0,$0,$200,$-100,$100,$34,$-1517,$0,$0,$0,$0,$0,$-167,$25,$-142,$-526,$0,$-167
26,2012-03-31,30.34,$15.02,2.02,$28.60,1.06,$1.10,27.7,$3.20,9.48,$12.02B,$4.31B,2.79,$4.82B,$13.86B,0.35,$26.42B,$5.53B,20.92%,$26.42B,$4.95B,18.72%,$26.42B,$4.95B,18.72%,$26.42B,$6.37B,24.12%,$26.42B,$4.65B,17.60%,$26.42B,$2.96B,11.19%,$2.96B,$13.86B,23.12%,$2.96B,$11.90B,26.48%,$2.96B,$24.67B,13.21%,$4.95B,$18.68B,28.92%,$6868,$5477,$1391,$0,$68,$5845,$1023,$-81,$942,$304,$638,$638,$627,$1408,$1023,$923,926,$0.68,$0.68,$2655,$2916,$794,$12018,$8897,$0,$1966,$1787,$12650,$24668,$4310,$4820,$1165,$6494,$10804,$2683,$15424,$-266,$13864,$24668,$630,$385,$300,$685,$-233,$-346,$104,$-106,$-581,$734,$-782,$0,$0,$150,$-100,$50,$5,$-727,$0,$0,$0,$0,$0,$-83,$34,$-49,$-43,$0,$-83
27,2011-12-31,31.46,$14.35,2.19,$26.93,1.17,$1.00,31.6,$3.08,10.21,$11.58B,$4.12B,2.81,$4.82B,$13.22B,0.37,$24.83B,$5.02B,20.21%,$24.83B,$4.74B,19.08%,$24.83B,$4.74B,19.08%,$24.83B,$6.10B,24.55%,$24.83B,$4.45B,17.92%,$24.83B,$2.84B,11.43%,$2.84B,$13.22B,23.57%,$2.84B,$11.44B,26.82%,$2.84B,$23.68B,13.55%,$4.74B,$18.04B,29.38%,$7064,$5567,$1497,$0,$67,$5634,$1430,$-76,$1354,$447,$907,$907,$906,$1798,$1430,$918,922,$0.98,$0.98,$2698,$2570,$904,$11577,$8492,$0,$1776,$1832,$12100,$23677,$4121,$4820,$986,$6340,$10461,$2683,$14880,$-273,$13216,$23677,$2844,$1359,$136,$1495,$-1218,$-564,$649,$478,$-655,$3684,$-2793,$0,$-880,$0,$500,$500,$-17,$-3190,$978,$0,$978,$160,$160,$-330,$25,$833,$1300,$0,$-330
28,2011-09-30,27.76,$13.45,2.06,$24.93,1.11,$0.44,63.78,$2.76,10.06,$10.31B,$3.66B,2.82,$3.82B,$12.38B,0.31,$22.93B,$4.57B,19.93%,$22.93B,$4.29B,18.70%,$22.93B,$4.29B,18.70%,$22.93B,$5.58B,24.34%,$22.93B,$4.01B,17.47%,$22.93B,$2.54B,11.07%,$2.54B,$12.38B,22.38%,$2.54B,$11.00B,25.39%,$2.54B,$21.20B,12.94%,$4.29B,$16.20B,28.27%,$6548,$5137,$1411,$0,$79,$5216,$1332,$-71,$1261,$411,$850,$850,$683,$1672,$1332,$920,925,$0.74,$0.74,$2175,$2412,$712,$10306,$7993,$0,$1373,$1532,$10898,$21204,$3656,$3824,$871,$5172,$8828,$2682,$14057,$-240,$12376,$21204,$1937,$991,$166,$1157,$-988,$-468,$598,$130,$-728,$2366,$-2164,$0,$0,$751,$-501,$250,$36,$-1878,$0,$0,$0,$0,$0,$-247,$159,$-88,$377,$0,$-247
29,2011-06-30,46.29,$12.70,3.64,$22.97,2.02,$0.16,285.72,$2.62,17.67,$9.54B,$3.17B,3.01,$3.82B,$11.66B,0.33,$21.04B,$4.04B,19.19%,$21.04B,$3.77B,17.93%,$21.04B,$3.77B,17.93%,$21.04B,$5.01B,23.81%,$21.04B,$3.48B,16.53%,$21.04B,$2.40B,11.40%,$2.40B,$11.66B,22.40%,$2.40B,$10.29B,25.54%,$2.40B,$19.96B,12.72%,$3.77B,$15.48B,25.96%,$5935,$4709,$1226,$0,$65,$4774,$1161,$-68,$1093,$352,$741,$741,$739,$1492,$1161,$916,921,$0.81,$0.80,$1889,$2235,$710,$9540,$7626,$0,$1369,$1421,$10416,$19956,$3166,$3824,$825,$5132,$8298,$2680,$13456,$-237,$11658,$19956,$1252,$651,$0,$651,$-583,$-290,$397,$-39,$-515,$1388,$-1423,$0,$0,$701,$-501,$200,$-20,$-1243,$0,$0,$0,$0,$0,$-165,$80,$-85,$40,$0,$-165
30,2011-03-31,45.15,$11.96,3.78,$21.35,2.11,$0.15,304.47,$2.35,19.21,$9.03B,$2.92B,3.09,$3.82B,$10.94B,0.35,$19.49B,$3.62B,18.57%,$19.49B,$3.37B,17.31%,$19.49B,$3.37B,17.31%,$19.49B,$4.55B,23.35%,$19.49B,$3.06B,15.71%,$19.49B,$2.14B,10.98%,$2.14B,$10.94B,21.10%,$2.14B,$9.62B,24.09%,$2.14B,$18.99B,11.72%,$3.37B,$14.76B,24.16%,$5282,$4398,$884,$0,$70,$4468,$814,$-73,$741,$229,$512,$512,$511,$1134,$814,$914,919,$0.56,$0.56,$1882,$2099,$675,$9028,$7248,$0,$1323,$1391,$9962,$18990,$2919,$3824,$828,$5131,$8050,$2678,$12800,$-238,$10940,$18990,$511,$320,$0,$320,$-278,$-159,$220,$-49,$-266,$565,$-704,$0,$0,$300,$-501,$-201,$-12,$-917,$0,$0,$0,$66,$66,$-82,$7,$-9,$-368,$0,$-82
31,2010-12-31,36.92,$11.41,3.23,$19.75,1.87,$0.20,181.15,$2.02,18.28,$8.89B,$2.76B,3.22,$3.82B,$10.39B,0.37,$17.97B,$3.24B,18.02%,$17.97B,$3.01B,16.74%,$17.97B,$3.01B,16.74%,$17.97B,$4.13B,22.97%,$17.97B,$2.66B,14.77%,$17.97B,$1.84B,10.21%,$1.84B,$10.39B,19.02%,$1.84B,$9.07B,21.75%,$1.84B,$18.30B,10.34%,$3.01B,$14.21B,22.34%,$5160,$4113,$1047,$0,$62,$4180,$980,$-70,$910,$283,$627,$627,$605,$1282,$980,$908,911,$0.66,$0.65,$2051,$1940,$714,$8886,$6842,$0,$1315,$1254,$9411,$18297,$2757,$3824,$842,$5153,$7910,$2674,$12371,$-240,$10387,$18297,$1842,$1119,$84,$1203,$-902,$-331,$330,$70,$-833,$2212,$-1842,$0,$-523,$1925,$-1282,$643,$-33,$-1755,$-790,$0,$-790,$-39,$-39,$-327,$42,$-1114,$-684,$0,$-327
32,2010-09-30,29.83,$10.84,2.75,$18.17,1.64,$0.40,74.85,$1.63,18.3,$9.22B,$3.33B,2.77,$3.82B,$9.85B,0.39,$16.50B,$2.68B,16.23%,$16.50B,$2.46B,14.89%,$16.50B,$2.46B,14.89%,$16.50B,$3.53B,21.38%,$16.50B,$2.09B,12.67%,$16.50B,$1.47B,8.93%,$1.47B,$9.85B,15.94%,$1.47B,$8.60B,18.22%,$1.47B,$18.20B,8.51%,$2.46B,$13.68B,18.81%,$4665,$3785,$880,$0,$62,$3847,$818,$-83,$735,$249,$486,$486,$544,$1102,$818,$910,912,$0.60,$0.60,$2755,$1889,$605,$9216,$6486,$0,$1254,$1242,$8982,$18198,$3333,$3824,$743,$5012,$8345,$2670,$11848,$-209,$9853,$18198,$1235,$817,$-202,$615,$-716,$-280,$286,$222,$-488,$1362,$-1412,$0,$-383,$1600,$-1182,$418,$122,$-1255,$0,$0,$0,$78,$78,$-245,$-129,$-296,$-207,$0,$-245
33,2010-06-30,22.08,$10.35,2.13,$17.02,1.3,$0.72,30.71,$1.32,16.73,$9.20B,$3.32B,2.78,$3.82B,$9.38B,0.41,$15.42B,$2.32B,15.04%,$15.42B,$2.11B,13.70%,$15.42B,$2.11B,13.70%,$15.42B,$3.14B,20.35%,$15.42B,$1.75B,11.34%,$15.42B,$1.19B,7.72%,$1.19B,$9.38B,13.35%,$1.19B,$8.25B,15.26%,$1.19B,$17.54B,7.07%,$2.11B,$13.21B,16.34%,$4387,$3578,$809,$0,$47,$3625,$762,$-85,$677,$200,$477,$477,$480,$1034,$762,$906,909,$0.53,$0.53,$3095,$1767,$614,$9203,$6175,$0,$1132,$1030,$8337,$17540,$3315,$3824,$587,$4841,$8156,$2670,$11386,$-209,$9384,$17540,$690,$533,$-94,$439,$-547,$-162,$296,$92,$-321,$808,$-855,$0,$-190,$550,$-1182,$-632,$82,$-1595,$0,$0,$0,$40,$40,$-163,$5,$-118,$-922,$0,$-163
34,2010-03-31,27.01,$9.89,2.73,$16.08,1.68,$0.85,31.91,$1.08,25.01,$8.81B,$3.15B,2.8,$3.82B,$8.96B,0.43,$14.53B,$2.04B,14.01%,$14.53B,$1.83B,12.57%,$14.53B,$1.83B,12.57%,$14.53B,$2.80B,19.30%,$14.53B,$1.46B,10.01%,$14.53B,$0.97B,6.70%,$0.97B,$8.96B,11.24%,$0.97B,$7.82B,12.88%,$0.97B,$16.98B,5.89%,$1.83B,$12.78B,14.21%,$3761,$3259,$502,$0,$58,$3312,$449,$-116,$333,$121,$212,$212,$206,$710,$449,$905,908,$0.23,$0.23,$3191,$1658,$541,$8814,$5980,$0,$1138,$1048,$8166,$16980,$3145,$3824,$626,$4875,$8020,$2669,$10988,$-206,$8960,$16980,$207,$261,$-47,$214,$-264,$-54,$187,$27,$-104,$317,$-404,$0,$-113,$0,$-500,$-500,$47,$-970,$0,$0,$0,$34,$34,$-81,$10,$-37,$-699,$0,$-81
35,2009-12-31,26.89,$9.71,2.77,$16.28,1.65,$0.79,34.06,$1.27,21.17,$8.64B,$2.89B,2.99,$3.82B,$8.76B,0.44,$14.68B,$2.20B,15.00%,$14.68B,$1.99B,13.59%,$14.68B,$1.99B,13.59%,$14.68B,$2.93B,19.93%,$14.68B,$1.68B,11.46%,$14.68B,$1.15B,7.80%,$1.15B,$8.76B,13.57%,$1.15B,$7.66B,15.57%,$1.15B,$16.54B,7.01%,$1.99B,$12.58B,15.55%,$3686,$3200,$486,$0,$58,$3258,$428,$-82,$346,$98,$248,$248,$243,$682,$428,$900,902,$0.27,$0.27,$3394,$1598,$472,$8638,$5759,$0,$1100,$1041,$7900,$16538,$2889,$3824,$606,$4892,$7781,$2669,$10863,$-213,$8757,$16538,$1155,$931,$-134,$797,$869,$232,$-118,$-529,$454,$2406,$-1864,$0,$-55,$300,$-1620,$-1320,$154,$-3085,$1944,$0,$1944,$57,$57,$-324,$-7,$1670,$958,$0,$-324
36,2009-09-30,24.16,$9.51,2.54,$17.60,1.37,$1.12,21.5,$1.53,15.79,$8.70B,$2.18B,3.98,$4.57B,$8.58B,0.53,$15.90B,$2.94B,18.49%,$15.90B,$2.73B,17.16%,$15.90B,$2.73B,17.16%,$15.90B,$3.61B,22.70%,$15.90B,$2.43B,15.28%,$15.90B,$1.37B,8.62%,$1.37B,$8.58B,16.74%,$1.37B,$7.48B,19.28%,$1.37B,$16.34B,8.68%,$2.73B,$13.15B,22.26%,$3588,$3065,$523,$0,$49,$3114,$474,$-81,$393,$124,$269,$269,$262,$712,$474,$902,904,$0.29,$0.29,$3190,$1716,$497,$8699,$5564,$0,$1093,$981,$7638,$16337,$2184,$4573,$538,$5577,$7761,$2667,$10702,$-202,$8576,$16337,$911,$677,$-205,$472,$737,$114,$-111,$-493,$247,$1630,$-1390,$0,$-37,$0,$-1518,$-1518,$93,$-2852,$1975,$0,$1975,$0,$0,$-243,$58,$1790,$551,$0,$-243
37,2009-06-30,18.37,$9.25,1.99,$18.97,0.97,$1.24,14.88,$1.22,15.06,$8.01B,$2.22B,3.61,$4.57B,$8.32B,0.55,$17.16B,$3.54B,20.65%,$17.16B,$3.31B,19.26%,$17.16B,$3.31B,19.26%,$17.16B,$4.14B,24.13%,$17.16B,$3.05B,17.79%,$17.16B,$1.78B,10.37%,$1.78B,$8.32B,22.54%,$1.78B,$7.26B,26.01%,$1.78B,$16.22B,11.74%,$3.31B,$12.90B,28.80%,$3494,$2970,$524,$0,$48,$3018,$476,$-93,$383,$117,$266,$266,$262,$700,$476,$898,900,$0.29,$0.29,$2321,$1832,$524,$8008,$5357,$763,$1068,$1019,$8207,$16215,$2220,$4573,$577,$5671,$7891,$2667,$10521,$-198,$8324,$16215,$645,$439,$-169,$270,$639,$-2,$-150,$-384,$103,$1018,$-950,$0,$-14,$0,$-1518,$-1518,$62,$-2420,$1975,$0,$1975,$0,$0,$-162,$47,$1860,$444,$0,$-162
38,2009-03-31,13.68,$9.02,1.52,$19.98,0.68,$1.32,10.36,$1.48,9.24,$8.91B,$2.33B,3.82,$4.58B,$8.10B,0.57,$18.16B,$4.02B,22.11%,$18.16B,$3.78B,20.81%,$18.16B,$3.78B,20.81%,$18.16B,$4.57B,25.16%,$18.16B,$3.59B,19.74%,$18.16B,$2.02B,11.14%,$2.02B,$8.10B,26.22%,$2.02B,$7.02B,30.11%,$2.02B,$16.22B,13.82%,$3.78B,$12.67B,35.02%,$3907,$3239,$668,$0,$52,$3291,$616,$-56,$560,$179,$381,$381,$378,$831,$616,$897,899,$0.42,$0.42,$2967,$1895,$440,$8909,$5157,$0,$1076,$952,$7315,$16224,$2331,$4578,$686,$5798,$8129,$2667,$10340,$-224,$8095,$16224,$380,$215,$-274,$-59,$372,$-65,$-18,$-229,$60,$381,$-518,$0,$0,$0,$0,$0,$53,$-465,$1976,$0,$1976,$0,$0,$-81,$42,$1937,$1843,$0,$-81
39,2008-12-31,15.98,$8.65,1.85,$20.04,0.8,$1.67,9.6,$1.70,9.4,$7.41B,$2.78B,2.67,$2.59B,$7.74B,0.33,$18.28B,$4.23B,23.14%,$18.28B,$4.01B,21.94%,$18.28B,$4.01B,21.94%,$18.28B,$4.75B,25.98%,$18.28B,$3.85B,21.06%,$18.28B,$2.22B,12.17%,$2.22B,$7.74B,29.83%,$2.22B,$6.67B,34.08%,$2.22B,$14.39B,16.00%,$4.01B,$10.33B,39.92%,$4910,$3686,$1224,$0,$61,$3747,$1163,$-70,$1093,$342,$751,$751,$468,$1366,$1163,$883,909,$0.52,$0.53,$1124,$1828,$418,$7411,$4782,$0,$1072,$1120,$6974,$14385,$2781,$2586,$735,$3860,$6641,$2666,$10041,$-215,$7744,$14385,$2215,$738,$677,$1415,$-670,$-368,$161,$-79,$-956,$2674,$-1824,$0,$-652,$0,$388,$388,$232,$-1856,$-861,$0,$-861,$-507,$-507,$-319,$164,$-1523,$-723,$0,$-319
40,2008-09-30,28.31,$8.31,3.41,$19.02,1.49,$2.14,13.23,$1.92,14.74,$7.37B,$2.53B,2.91,$2.59B,$7.43B,0.35,$17.55B,$3.99B,22.74%,$17.55B,$3.75B,21.39%,$17.55B,$3.75B,21.39%,$17.55B,$4.46B,25.39%,$17.55B,$3.64B,20.72%,$17.55B,$2.43B,13.86%,$2.43B,$7.43B,33.63%,$2.43B,$6.42B,38.16%,$2.43B,$13.85B,17.90%,$3.75B,$10.02B,38.17%,$4853,$3725,$1128,$0,$78,$3802,$1051,$-33,$1018,$343,$675,$675,$672,$1244,$1051,$882,908,$0.76,$0.74,$973,$1824,$467,$7367,$4438,$0,$1004,$947,$6479,$13846,$2531,$2588,$834,$3888,$6419,$2666,$9025,$-100,$7427,$13846,$1772,$535,$268,$803,$-628,$-365,$204,$-139,$-928,$1647,$-1305,$0,$-408,$388,$0,$388,$96,$-1229,$-707,$0,$-707,$-504,$-504,$-239,$165,$-1285,$-874,$0,$-239
41,2008-06-30,46.29,$8.66,5.35,$17.96,2.58,$2.66,17.39,$2.73,16.96,$7.95B,$2.61B,3.05,$2.57B,$7.59B,0.34,$16.62B,$3.84B,23.07%,$16.62B,$3.61B,21.73%,$16.62B,$3.61B,21.73%,$16.62B,$4.27B,25.67%,$16.62B,$3.51B,21.14%,$16.62B,$2.49B,14.97%,$2.49B,$7.59B,35.91%,$2.49B,$6.75B,40.54%,$2.49B,$14.05B,18.78%,$3.61B,$10.15B,37.71%,$4487,$3492,$995,$0,$71,$3538,$949,$-35,$914,$288,$626,$626,$504,$1127,$949,$875,918,$0.58,$0.55,$1880,$1736,$450,$7945,$4146,$0,$838,$951,$6103,$14048,$2606,$2565,$785,$3857,$6463,$2666,$9127,$-101,$7585,$14048,$1097,$342,$155,$497,$-410,$-277,$180,$-102,$-609,$985,$-837,$0,$-150,$388,$0,$388,$58,$-541,$0,$0,$0,$-381,$-381,$-158,$124,$-415,$33,$0,$-158
42,2008-03-31,34.24,$8.11,4.22,$17.03,2.01,$2.95,11.59,$3.80,9.01,$7.70B,$2.48B,3.1,$2.62B,$7.06B,0.37,$15.87B,$3.77B,23.73%,$15.87B,$3.56B,22.41%,$15.87B,$3.56B,22.41%,$15.87B,$4.17B,26.29%,$15.87B,$3.49B,21.96%,$15.87B,$3.51B,22.14%,$3.51B,$7.06B,54.10%,$3.51B,$6.26B,60.94%,$3.51B,$13.33B,27.60%,$3.56B,$9.69B,38.65%,$4029,$3146,$883,$0,$72,$3182,$847,$-23,$824,$238,$586,$586,$580,$1011,$847,$879,914,$0.66,$0.63,$1994,$1655,$470,$7696,$3851,$0,$803,$786,$5632,$13328,$2482,$2624,$666,$3784,$6266,$2659,$8699,$-102,$7062,$13328,$580,$164,$161,$325,$-114,$-197,$137,$-206,$-380,$525,$-349,$0,$0,$388,$0,$388,$-16,$23,$0,$0,$0,$-333,$-333,$-80,$8,$-405,$147,$0,$-80
43,2007-12-31,32.93,$7.80,4.22,$15.96,2.06,$2.76,11.94,$3.70,8.9,$7.57B,$2.41B,3.14,$2.63B,$6.87B,0.38,$15.26B,$3.74B,24.50%,$15.26B,$3.50B,22.92%,$15.26B,$3.50B,22.92%,$15.26B,$4.08B,26.74%,$15.26B,$3.45B,22.58%,$15.26B,$3.49B,22.84%,$3.49B,$6.87B,52.00%,$3.49B,$6.08B,57.85%,$3.49B,$13.14B,25.25%,$3.50B,$9.49B,37.01%,$4179,$3194,$985,$0,$79,$3272,$907,$-27,$880,$212,$668,$690,$677,$1073,$907,$919,955,$0.72,$0.70,$2235,$1459,$410,$7573,$3630,$0,$790,$794,$5562,$13135,$2411,$2627,$734,$3858,$6269,$2657,$8202,$-104,$6866,$13135,$3536,$583,$-1136,$-553,$-326,$-218,$77,$210,$-257,$2726,$-1380,$0,$-563,$1028,$-2821,$-1793,$75,$-3661,$-7,$0,$-7,$-1374,$-1374,$-314,$125,$-1570,$-2532,$0,$-314
44,2007-09-30,33.27,$7.03,4.73,$14.92,2.23,$4.26,7.8,$3.59,9.27,$7.22B,$2.19B,3.3,$2.80B,$6.20B,0.45,$14.59B,$3.73B,25.56%,$14.59B,$3.52B,24.09%,$14.59B,$3.52B,24.09%,$14.59B,$4.06B,27.79%,$14.59B,$3.48B,23.82%,$14.59B,$3.47B,23.76%,$3.47B,$6.20B,50.76%,$3.47B,$5.47B,55.65%,$3.47B,$12.47B,23.52%,$3.52B,$8.99B,36.55%,$3928,$2956,$972,$0,$63,$3018,$910,$-14,$896,$152,$744,$726,$727,$1056,$910,$880,917,$0.83,$0.79,$1891,$1560,$386,$7221,$3337,$0,$731,$741,$5248,$12469,$2191,$2796,$692,$4081,$6272,$2655,$7591,$-178,$6197,$12469,$2809,$417,$-1061,$-644,$-318,$-320,$109,$128,$-401,$1764,$-940,$0,$-447,$-1113,$0,$-1113,$-1440,$-3940,$-3,$0,$-3,$-1211,$-1211,$-235,$-2,$-1451,$-3644,$0,$-235
45,2007-06-30,29.81,$6.58,4.53,$13.87,2.15,$5.10,5.85,$3.38,8.82,$7.27B,$2.17B,3.36,$2.78B,$5.86B,0.48,$14.06B,$3.71B,26.40%,$14.06B,$3.48B,24.72%,$14.06B,$3.48B,24.72%,$14.06B,$3.99B,28.40%,$14.06B,$3.44B,24.49%,$14.06B,$3.35B,23.84%,$3.35B,$5.86B,47.51%,$3.35B,$5.26B,52.02%,$3.35B,$11.99B,21.46%,$3.48B,$8.64B,35.36%,$3735,$2809,$926,$0,$82,$2842,$893,$-7,$886,$284,$602,$595,$1530,$1033,$893,$905,942,$1.69,$1.62,$2223,$1500,$384,$7272,$2988,$0,$594,$705,$4717,$11989,$2166,$2784,$619,$3965,$6131,$2653,$6942,$-178,$5858,$11989,$2082,$271,$-982,$-711,$-225,$-263,$158,$-16,$-346,$1025,$-598,$0,$-125,$-842,$0,$-842,$-1438,$-3003,$0,$0,$0,$-873,$-873,$-157,$-7,$-1037,$-3031,$0,$-157
46,2007-03-31,27.36,$7.89,3.47,$12.82,2.13,$5.39,5.08,$2.31,11.84,$11.72B,$5.08B,2.31,$2.79B,$7.89B,0.35,$13.44B,$3.62B,26.91%,$13.44B,$3.34B,24.86%,$13.44B,$3.34B,24.86%,$13.44B,$3.84B,28.54%,$13.44B,$3.31B,24.62%,$13.44B,$2.41B,17.95%,$2.41B,$7.89B,32.50%,$2.41B,$7.30B,35.66%,$2.41B,$17.64B,14.47%,$3.34B,$10.68B,32.78%,$3422,$2566,$856,$0,$69,$2634,$788,$-3,$785,$259,$526,$529,$552,$919,$788,$992,1025,$0.55,$0.54,$3043,$1430,$311,$11715,$2758,$0,$593,$732,$5923,$17638,$5079,$2785,$344,$4667,$9746,$2652,$5494,$-426,$7892,$17638,$552,$131,$-154,$-23,$-64,$-194,$75,$95,$-88,$441,$-444,$0,$0,$-834,$0,$-834,$-16,$-1294,$0,$0,$0,$30,$30,$-75,$-3,$-48,$-906,$0,$-75
47,2006-12-31,26.7,$7.39,3.61,$12.23,2.18,$5.38,4.96,$2.23,12.0,$11.19B,$4.73B,2.36,$2.78B,$7.38B,0.38,$12.96B,$3.53B,27.24%,$12.96B,$3.25B,25.05%,$12.96B,$3.25B,25.05%,$12.96B,$3.73B,28.75%,$12.96B,$3.20B,24.69%,$12.96B,$2.35B,18.12%,$2.35B,$7.38B,32.76%,$2.35B,$6.89B,36.32%,$2.35B,$16.86B,14.63%,$3.25B,$10.16B,32.65%,$3509,$2533,$976,$0,$99,$2585,$924,$-15,$909,$278,$631,$627,$658,$1048,$924,$1014,1054,$0.64,$0.64,$2938,$1235,$285,$11190,$2557,$0,$486,$682,$5670,$16860,$4734,$2783,$443,$4750,$9484,$2650,$5051,$-437,$7376,$16860,$2348,$480,$788,$1268,$-327,$-309,$96,$581,$41,$3657,$-584,$0,$-27,$-20,$0,$-20,$205,$-426,$-324,$0,$-324,$-1180,$-1180,$-306,$530,$-1280,$1988,$0,$-306
