,Date,Stock Price,Book Value per Share,Price to Book Ratio,TTM Sales per Share,Price to Sales Ratio,TTM FCF per Share,Price to FCF Ratio,TTM Net EPS,PE Ratio,Current Assets,Current Liabilities,Current Ratio,Long Term Debt,Shareholder's Equity_x,Debt to Equity Ratio,TTM Revenue_x,TTM Gross Profit,Gross Margin,TTM Revenue_y,TTM Operating Income,Operating Margin,TTM Revenue_x,TTM EBIT,EBIT Margin,TTM Revenue_y,TTM EBITDA,EBITDA Margin,TTM Revenue_x,TTM Pre-Tax Income,Pre-Tax Margin,TTM Revenue_y,TTM Net Income_x,Net Margin,TTM Net Income_y,Shareholder's Equity_y,Return on Equity,TTM Net Income_x,Tangible Equity,Return on Tangible Equity,TTM Net Income_y,Total Assets,Return on Assets,TTM Net Income,LT Investments & Debt,Return on Investment,revenue,cost-goods-sold,gross-profit,research-development-expenses,selling-general-administrative-expenses,operating-expenses,operating-income,total-non-operating-income-expense,pre-tax-income,total-provision-income-taxes,income-after-taxes,income-from-continuous-operations,net-income,ebitda,ebit,basic-shares-outstanding,shares-outstanding,eps-basic-net-earnings-per-share,eps-earnings-per-share-diluted,cash-on-hand,inventory,other-current-assets,total-current-assets,net-property-plant-equipment,long-term-investments,goodwill-intangible-assets-total,other-long-term-assets,total-long-term-assets,total-assets,total-current-liabilities,long-term-debt,other-non-current-liabilities,total-long-term-liabilities,total-liabilities,common-stock-net,retained-earnings-accumulated-deficit,comprehensive-income,total-share-holder-equity,total-liabilities-share-holders-equity,net-income-loss,total-depreciation-amortization-cash-flow,other-non-cash-items,total-non-cash-items,change-in-accounts-receivable,change-in-inventories,change-in-accounts-payable,change-in-assets-liabilities,total-change-in-assets-liabilities,cash-flow-from-operating-activities,net-change-in-property-plant-equipment,net-change-in-intangible-assets,net-acquisitions-divestitures,net-change-in-short-term-investments,net-change-in-long-term-investments,net-change-in-investments-total,investing-activities-other,cash-flow-from-investing-activities,net-long-term-debt,net-current-debt,debt-issuance-retirement-net-total,net-common-equity-issued-repurchased,net-total-equity-issued-repurchased,total-common-preferred-stock-dividends-paid,financial-activities-other,cash-flow-from-financial-activities,net-cash-flow,stock-based-compensation,common-stock-dividends-paid
0,2018-09-30,18.17,$1.66,10.95,$2.00,9.07,$0.07,257.0,$0.50,36.34,$0.43B,$0.14B,3.09,$0.06B,$0.24B,0.24,$0.28B,$0.27B,95.39%,$0.28B,$0.06B,20.21%,$0.28B,$0.06B,20.21%,$0.28B,$0.06B,19.86%,$0.28B,$0.04B,15.60%,$0.28B,$0.05B,16.31%,$0.05B,$0.24B,19.01%,$0.05B,$0.24B,19.01%,$0.05B,$0.45B,9.51%,$0.06B,$0.30B,17.09%,$26,$1,$25,$36,$15,$51,$-25,$-2,$-28,$0,$-28,$-28,$-28,$-26,$-25,$144,144,$-0.19,$-0.19,$364,$18,$0,$430,$7,$0,$0,$8,$15,$445,$139,$58,$2,$66,$205,$0,$-529,$-0,$240,$445,$-78,$-0,$29,$28,$14,$-13,$0,$-7,$-10,$-60,$-2,$0,$0,$-7,$0,$-7,$0,$-8,$-57,$0,$-57,$12,$12,$0,$0,$-45,$-114,$27,$0
1,2018-06-30,16.87,$1.77,9.54,$2.27,7.43,$0.36,46.74,$0.52,32.44,$0.46B,$0.13B,3.49,$0.08B,$0.26B,0.31,$0.32B,$0.30B,93.44%,$0.32B,$0.09B,28.13%,$0.32B,$0.09B,28.13%,$0.32B,$0.09B,28.13%,$0.32B,$0.08B,23.44%,$0.32B,$0.08B,24.06%,$0.08B,$0.26B,38.50%,$0.08B,$0.26B,38.50%,$0.08B,$0.48B,16.68%,$0.09B,$0.33B,28.71%,$35,$1,$34,$40,$14,$55,$-20,$-3,$-23,$0,$-23,$-23,$-23,$-20,$-20,$144,144,$-0.16,$-0.16,$399,$8,$0,$462,$5,$0,$0,$8,$13,$475,$132,$79,$2,$87,$220,$0,$-501,$-1,$255,$475,$-50,$-0,$20,$19,$8,$-3,$0,$-8,$-10,$-41,$-1,$0,$0,$-42,$0,$-42,$0,$-44,$-37,$0,$-37,$8,$8,$0,$0,$-29,$-114,$18,$0
2,2018-03-31,19.59,$1.84,10.63,$2.28,8.61,$0.36,54.63,$0.45,43.53,$0.48B,$0.12B,4.06,$0.10B,$0.27B,0.39,$0.32B,$0.29B,91.22%,$0.32B,$0.09B,26.65%,$0.32B,$0.09B,26.65%,$0.32B,$0.09B,26.65%,$0.32B,$0.07B,21.00%,$0.32B,$0.07B,21.63%,$0.07B,$0.27B,45.77%,$0.07B,$0.27B,45.77%,$0.07B,$0.50B,16.07%,$0.09B,$0.37B,29.72%,$31,$3,$28,$38,$14,$55,$-24,$-4,$-27,$0,$-27,$-27,$-27,$-24,$-24,$143,143,$-0.19,$-0.19,$434,$4,$0,$484,$5,$0,$0,$6,$11,$495,$119,$103,$2,$111,$230,$0,$-479,$-1,$265,$495,$-27,$0,$10,$10,$15,$1,$0,$-8,$-4,$-22,$-1,$0,$0,$-35,$0,$-35,$0,$-36,$-18,$0,$-18,$5,$5,$0,$0,$-13,$-71,$8,$0
3,2017-12-31,20.26,$1.46,13.88,$2.29,8.85,$0.34,58.81,$0.38,53.32,$0.51B,$0.13B,3.89,$0.13B,$0.21B,0.6,$0.32B,$0.29B,89.62%,$0.32B,$0.08B,25.47%,$0.32B,$0.08B,25.47%,$0.32B,$0.08B,25.79%,$0.32B,$0.06B,19.18%,$0.32B,$0.06B,19.81%,$0.06B,$0.21B,90.00%,$0.06B,$0.21B,90.00%,$0.06B,$0.52B,17.39%,$0.08B,$0.33B,35.92%,$190,$7,$182,$41,$15,$64,$126,$-4,$122,$-2,$124,$124,$124,$126,$126,$136,139,$0.93,$0.92,$469,$5,$0,$510,$4,$0,$0,$6,$10,$520,$131,$125,$1,$180,$312,$0,$-522,$-0,$208,$520,$63,$2,$32,$34,$-6,$9,$0,$18,$37,$134,$-1,$0,$0,$-162,$0,$-162,$0,$-164,$-16,$0,$-16,$148,$148,$0,$0,$132,$102,$31,$0
4,2017-09-30,17.37,$0.51,34.15,$1.23,14.11,$-1.03,0.0,$-0.68,0.0,$0.35B,$0.10B,3.46,$0.15B,$0.07B,2.01,$0.17B,$0.13B,80.24%,$0.17B,$-0.07B,-40.72%,$0.17B,$-0.07B,-40.72%,$0.17B,$-0.07B,-39.52%,$0.17B,$-0.09B,-53.29%,$0.17B,$-0.09B,-52.69%,$-0.09B,$0.07B,-880.00%,$-0.09B,$0.07B,-880.00%,$-0.09B,$0.36B,-29.55%,$-0.07B,$0.22B,-37.01%,$64,$8,$55,$34,$13,$56,$8,$-5,$3,$1,$3,$3,$3,$8,$8,$141,143,$0.02,$0.02,$317,$9,$0,$353,$3,$0,$0,$1,$4,$357,$102,$145,$1,$183,$285,$0,$-646,$-0,$72,$357,$-61,$2,$26,$27,$1,$5,$0,$5,$14,$-19,$-0,$0,$0,$-14,$0,$-14,$0,$-15,$-11,$0,$-11,$143,$143,$0,$0,$132,$98,$23,$0
5,2017-06-30,12.82,$0.41,31.28,$1.04,12.39,$-1.18,0.0,$-0.93,0.0,$0.34B,$0.08B,4.13,$0.17B,$0.06B,2.85,$0.14B,$0.10B,75.56%,$0.14B,$-0.10B,-73.33%,$0.14B,$-0.10B,-73.33%,$0.14B,$-0.10B,-71.11%,$0.14B,$-0.12B,-88.89%,$0.14B,$-0.12B,-88.89%,$-0.12B,$0.06B,1090.91%,$-0.12B,$0.06B,1090.91%,$-0.12B,$0.35B,-43.01%,$-0.10B,$0.22B,-56.17%,$34,$8,$26,$38,$13,$59,$-25,$-5,$-31,$0,$-31,$-31,$-31,$-25,$-25,$134,134,$-0.23,$-0.23,$298,$15,$0,$341,$3,$0,$0,$1,$4,$345,$83,$166,$1,$204,$287,$0,$-649,$-0,$58,$345,$-64,$1,$17,$19,$1,$-1,$0,$5,$5,$-39,$-0,$0,$0,$-45,$0,$-45,$0,$-45,$-6,$0,$-6,$139,$139,$0,$0,$132,$48,$16,$0
6,2017-03-31,12.96,$-0.45,-28.76,$1.04,12.42,$-1.10,0.0,$-0.91,0.0,$0.22B,$0.06B,3.6,$0.18B,$-0.06B,-3.15,$0.13B,$0.10B,75.37%,$0.13B,$-0.10B,-71.64%,$0.13B,$-0.10B,-71.64%,$0.13B,$-0.09B,-68.66%,$0.13B,$-0.12B,-86.57%,$0.13B,$-0.12B,-86.57%,$-0.12B,$-0.06B,504.35%,$-0.12B,$-0.06B,504.35%,$-0.12B,$0.23B,-43.49%,$-0.10B,$0.13B,-55.17%,$30,$8,$22,$37,$13,$57,$-28,$-5,$-33,$0,$-33,$-33,$-33,$-27,$-28,$129,129,$-0.26,$-0.26,$179,$14,$0,$222,$4,$0,$0,$1,$4,$227,$62,$184,$0,$224,$285,$0,$-618,$-0,$-58,$227,$-33,$1,$9,$9,$3,$0,$0,$3,$1,$-22,$-0,$0,$0,$4,$0,$4,$0,$4,$-3,$0,$-3,$-0,$-0,$0,$0,$-3,$-22,$7,$0
7,2016-12-31,9.88,$-0.25,-39.39,$1.15,8.61,$-1.04,0.0,$-0.81,0.0,$0.26B,$0.06B,4.7,$0.20B,$-0.03B,-6.13,$0.15B,$0.11B,78.08%,$0.15B,$-0.08B,-57.53%,$0.15B,$-0.08B,-57.53%,$0.15B,$-0.08B,-54.79%,$0.15B,$-0.10B,-70.55%,$0.15B,$-0.10B,-70.55%,$-0.10B,$-0.03B,8240.00%,$-0.10B,$-0.03B,8240.00%,$-0.10B,$0.26B,-35.86%,$-0.08B,$0.17B,-43.75%,$39,$8,$31,$41,$12,$62,$-23,$-5,$-28,$-0,$-27,$-27,$-27,$-22,$-23,$128,128,$-0.21,$-0.21,$205,$15,$0,$257,$4,$0,$0,$1,$5,$262,$55,$199,$0,$239,$294,$0,$-585,$-0,$-32,$262,$-103,$3,$42,$45,$17,$-5,$0,$-3,$8,$-50,$-3,$0,$0,$-74,$0,$-74,$0,$-77,$149,$0,$149,$2,$2,$0,$0,$151,$23,$26,$0
8,2016-09-30,12.08,$-0.09,-130.45,$1.25,9.63,$-0.93,0.0,$-0.57,0.0,$0.27B,$0.05B,5.18,$0.20B,$-0.01B,-16.66,$0.16B,$0.13B,79.87%,$0.16B,$-0.06B,-35.22%,$0.16B,$-0.06B,-35.22%,$0.16B,$-0.05B,-33.33%,$0.16B,$-0.07B,-44.65%,$0.16B,$-0.07B,-45.28%,$-0.07B,$-0.01B,-411.43%,$-0.07B,$-0.01B,-411.43%,$-0.07B,$0.28B,-26.94%,$-0.06B,$0.19B,-33.33%,$32,$9,$23,$34,$12,$55,$-23,$-5,$-28,$1,$-29,$-29,$-29,$-22,$-23,$128,128,$-0.23,$-0.23,$221,$13,$0,$273,$4,$0,$0,$5,$10,$282,$53,$200,$1,$242,$294,$0,$-558,$0,$-12,$282,$-76,$2,$30,$33,$15,$-3,$0,$-2,$8,$-35,$-3,$0,$0,$-95,$0,$-95,$0,$-98,$149,$0,$149,$2,$2,$0,$0,$150,$18,$19,$0
9,2016-06-30,8.63,$0.08,112.52,$1.17,7.38,$-0.82,0.0,$-0.53,0.0,$0.28B,$0.04B,7.31,$0.21B,$0.01B,20.65,$0.15B,$0.12B,80.41%,$0.15B,$-0.06B,-37.84%,$0.15B,$-0.06B,-37.84%,$0.15B,$-0.05B,-36.49%,$0.15B,$-0.07B,-45.27%,$0.15B,$-0.07B,-45.27%,$-0.07B,$0.01B,-235.09%,$-0.07B,$0.01B,-235.09%,$-0.07B,$0.30B,-28.33%,$-0.06B,$0.22B,-40.73%,$33,$8,$25,$36,$11,$55,$-22,$-5,$-27,$0,$-27,$-27,$-27,$-21,$-22,$128,128,$-0.21,$-0.21,$230,$11,$0,$284,$5,$0,$0,$7,$12,$296,$39,$205,$1,$247,$286,$0,$-529,$0,$10,$296,$-47,$2,$20,$21,$9,$-1,$0,$-3,$-0,$-26,$-2,$0,$0,$-104,$0,$-104,$0,$-106,$149,$0,$149,$1,$1,$0,$0,$150,$18,$12,$0
10,2016-03-31,9.47,$0.23,41.48,$1.23,7.69,$-0.64,0.0,$-0.30,0.0,$0.30B,$0.06B,4.63,$0.17B,$0.03B,5.72,$0.16B,$0.13B,81.65%,$0.16B,$-0.03B,-18.99%,$0.16B,$-0.03B,-18.99%,$0.16B,$-0.03B,-17.72%,$0.16B,$-0.04B,-23.42%,$0.16B,$-0.04B,-23.42%,$-0.04B,$0.03B,-96.10%,$-0.04B,$0.03B,-96.10%,$-0.04B,$0.31B,-17.96%,$-0.03B,$0.20B,-28.24%,$42,$8,$35,$40,$11,$59,$-16,$-4,$-20,$0,$-20,$-20,$-20,$-15,$-16,$128,128,$-0.16,$-0.16,$239,$10,$0,$297,$4,$0,$0,$8,$12,$309,$64,$169,$4,$215,$280,$0,$-502,$0,$29,$309,$-20,$1,$9,$9,$7,$-1,$0,$-4,$-3,$-13,$-1,$0,$0,$-105,$0,$-105,$0,$-106,$144,$0,$144,$0,$0,$0,$0,$144,$26,$6,$0
11,2015-12-31,17.33,$0.34,51.65,$1.05,16.55,$-0.64,0.0,$-0.26,0.0,$0.17B,$0.06B,2.75,$0.03B,$0.04B,0.65,$0.14B,$0.11B,78.52%,$0.14B,$-0.03B,-20.74%,$0.14B,$-0.03B,-20.74%,$0.14B,$-0.03B,-19.26%,$0.14B,$-0.03B,-23.70%,$0.14B,$-0.03B,-23.70%,$-0.03B,$0.04B,-78.53%,$-0.03B,$0.04B,-78.53%,$-0.03B,$0.18B,-18.99%,$-0.03B,$0.07B,-36.01%,$52,$8,$44,$28,$11,$47,$5,$-1,$4,$0,$4,$4,$4,$5,$5,$127,127,$0.04,$0.04,$108,$9,$0,$172,$4,$0,$0,$6,$10,$182,$62,$28,$4,$76,$139,$0,$-483,$-0,$43,$182,$-32,$2,$23,$25,$-23,$-3,$0,$-17,$-29,$-37,$-2,$0,$0,$8,$0,$8,$0,$6,$0,$0,$0,$13,$13,$0,$0,$13,$-18,$21,$0
12,2015-09-30,13.43,$0.25,53.98,$0.88,15.21,$-0.73,0.0,$-0.33,0.0,$0.15B,$0.05B,3.41,$0.03B,$0.03B,1.07,$0.11B,$0.09B,76.11%,$0.11B,$-0.04B,-32.74%,$0.11B,$-0.04B,-32.74%,$0.11B,$-0.03B,-30.09%,$0.11B,$-0.04B,-36.28%,$0.11B,$-0.04B,-36.28%,$-0.04B,$0.03B,-101.86%,$-0.04B,$0.03B,-101.86%,$-0.04B,$0.16B,-24.92%,$-0.04B,$0.07B,-44.71%,$21,$6,$15,$28,$10,$44,$-23,$-1,$-24,$0,$-24,$-24,$-24,$-23,$-23,$127,127,$-0.19,$-0.19,$124,$11,$0,$153,$3,$0,$0,$3,$6,$159,$45,$34,$4,$82,$127,$0,$-487,$0,$32,$159,$-37,$2,$16,$18,$1,$-5,$0,$-6,$-4,$-22,$-1,$0,$0,$21,$0,$21,$0,$21,$0,$0,$0,$11,$11,$0,$0,$11,$10,$16,$0
13,2015-06-30,22.58,$0.39,57.44,$0.84,26.98,$-0.93,0.0,$-0.30,0.0,$0.17B,$0.04B,4.81,$0.04B,$0.05B,0.8,$0.11B,$0.08B,74.77%,$0.11B,$-0.03B,-30.84%,$0.11B,$-0.03B,-30.84%,$0.11B,$-0.03B,-27.10%,$0.11B,$-0.04B,-34.58%,$0.11B,$-0.04B,-34.58%,$-0.04B,$0.05B,-87.57%,$-0.04B,$0.05B,-87.57%,$-0.04B,$0.17B,-22.29%,$-0.03B,$0.09B,-38.26%,$43,$8,$35,$21,$10,$39,$4,$-1,$3,$0,$3,$3,$3,$5,$4,$126,135,$0.02,$0.02,$141,$8,$0,$168,$3,$0,$0,$3,$6,$174,$35,$40,$3,$89,$124,$0,$-463,$-0,$50,$174,$-12,$1,$11,$12,$-1,$-1,$0,$-5,$-5,$-5,$-0,$0,$0,$1,$0,$1,$0,$0,$0,$0,$0,$11,$11,$0,$0,$11,$6,$10,$0
14,2015-03-31,14.28,$0.30,48.36,$0.66,21.54,$-1.17,0.0,$-0.45,0.0,$0.15B,$0.03B,5.85,$0.05B,$0.04B,1.23,$0.08B,$0.06B,69.51%,$0.08B,$-0.05B,-63.41%,$0.08B,$-0.05B,-63.41%,$0.08B,$-0.05B,-57.32%,$0.08B,$-0.06B,-68.29%,$0.08B,$-0.06B,-68.29%,$-0.06B,$0.04B,-128.74%,$-0.06B,$0.04B,-128.74%,$-0.06B,$0.16B,-33.33%,$-0.05B,$0.08B,-58.76%,$19,$6,$12,$17,$9,$33,$-14,$-1,$-15,$0,$-15,$-15,$-15,$-13,$-14,$125,125,$-0.12,$-0.12,$128,$7,$0,$153,$3,$0,$0,$3,$6,$159,$26,$46,$3,$95,$122,$0,$-466,$-0,$38,$159,$-15,$1,$4,$5,$1,$-1,$0,$-3,$-4,$-14,$-0,$0,$0,$-10,$0,$-10,$0,$-10,$0,$0,$0,$7,$7,$0,$0,$7,$-17,$4,$0
15,2014-12-31,9.65,$0.33,29.34,$0.61,15.7,$-1.21,0.0,$-0.55,0.0,$0.16B,$0.02B,6.63,$0.05B,$0.04B,1.21,$0.08B,$0.05B,68.00%,$0.08B,$-0.06B,-84.00%,$0.08B,$-0.06B,-84.00%,$0.08B,$-0.06B,-80.00%,$0.08B,$-0.07B,-90.67%,$0.08B,$-0.07B,-90.67%,$-0.07B,$0.04B,-133.99%,$-0.07B,$0.04B,-133.99%,$-0.07B,$0.17B,-38.26%,$-0.06B,$0.09B,-65.63%,$30,$6,$24,$20,$8,$34,$-4,$-1,$-5,$0,$-5,$-5,$-5,$-3,$-4,$123,123,$-0.05,$-0.05,$136,$6,$0,$161,$3,$0,$0,$2,$5,$166,$24,$50,$3,$100,$125,$0,$-450,$-0,$41,$166,$-68,$3,$18,$21,$-0,$-0,$0,$1,$0,$-48,$-1,$0,$0,$-32,$0,$-32,$0,$-33,$0,$0,$0,$115,$115,$0,$0,$115,$34,$15,$0
16,2014-09-30,9.1,$0.32,28.61,$0.48,19.05,$-1.27,0.0,$-0.70,0.0,$0.16B,$0.04B,4.59,$0.04B,$0.04B,1.0,$0.06B,$0.04B,63.16%,$0.06B,$-0.08B,-140.35%,$0.06B,$-0.08B,-140.35%,$0.06B,$-0.08B,-136.84%,$0.06B,$-0.09B,-149.12%,$0.06B,$-0.09B,-149.12%,$-0.09B,$0.04B,-239.44%,$-0.09B,$0.04B,-239.44%,$-0.09B,$0.17B,-52.55%,$-0.08B,$0.08B,-99.07%,$15,$5,$9,$20,$9,$34,$-19,$-1,$-20,$0,$-20,$-20,$-20,$-18,$-19,$124,124,$-0.16,$-0.16,$134,$7,$0,$159,$3,$0,$0,$3,$6,$165,$35,$40,$3,$90,$125,$0,$-445,$-0,$40,$165,$-63,$2,$13,$15,$1,$-1,$0,$-0,$1,$-47,$-1,$0,$0,$-45,$0,$-45,$0,$-46,$0,$0,$0,$112,$112,$0,$0,$112,$19,$11,$0
17,2014-06-30,9.88,$0.44,22.38,$0.50,19.68,$-1.20,0.0,$-0.71,0.0,$0.18B,$0.03B,5.54,$0.04B,$0.06B,0.79,$0.06B,$0.04B,72.41%,$0.06B,$-0.08B,-136.21%,$0.06B,$-0.08B,-136.21%,$0.06B,$-0.08B,-134.48%,$0.06B,$-0.08B,-144.83%,$0.06B,$-0.08B,-144.83%,$-0.08B,$0.06B,-339.39%,$-0.08B,$0.06B,-339.39%,$-0.08B,$0.18B,-56.76%,$-0.08B,$0.10B,-118.80%,$18,$6,$12,$19,$9,$33,$-15,$-1,$-16,$0,$-16,$-16,$-16,$-13,$-15,$124,124,$-0.13,$-0.13,$148,$7,$0,$176,$3,$0,$0,$3,$6,$182,$32,$44,$3,$95,$127,$0,$-425,$0,$55,$182,$-43,$2,$8,$10,$-4,$-1,$0,$1,$-0,$-33,$-1,$0,$0,$-48,$0,$-48,$0,$-49,$0,$0,$0,$111,$111,$0,$0,$111,$29,$7,$0
18,2014-03-31,12.71,$0.54,23.69,$0.48,26.36,$-1.12,0.0,$-0.78,0.0,$0.19B,$0.04B,5.25,$0.05B,$0.07B,0.71,$0.05B,$0.04B,79.63%,$0.05B,$-0.09B,-159.26%,$0.05B,$-0.09B,-159.26%,$0.05B,$-0.09B,-161.11%,$0.05B,$-0.09B,-168.52%,$0.05B,$-0.09B,-168.52%,$-0.09B,$0.07B,-661.82%,$-0.09B,$0.07B,-661.82%,$-0.09B,$0.20B,-70.41%,$-0.09B,$0.11B,-166.99%,$12,$6,$6,$21,$10,$37,$-25,$-1,$-27,$0,$-27,$-27,$-27,$-26,$-25,$119,119,$-0.22,$-0.22,$164,$7,$0,$191,$4,$0,$0,$3,$7,$198,$36,$47,$2,$95,$131,$0,$-409,$-0,$67,$198,$-27,$-1,$4,$3,$-2,$-1,$0,$5,$6,$-18,$-0,$0,$0,$-43,$0,$-43,$0,$-43,$0,$0,$0,$110,$110,$0,$0,$110,$49,$3,$0
19,2013-12-31,14.99,$-0.17,-85.9,$0.49,30.81,$-1.07,0.0,$-0.73,0.0,$0.10B,$0.03B,3.82,$0.05B,$-0.02B,-2.49,$0.05B,$0.05B,88.89%,$0.05B,$-0.08B,-146.30%,$0.05B,$-0.08B,-146.30%,$0.05B,$-0.08B,-146.30%,$0.05B,$-0.08B,-153.70%,$0.05B,$-0.08B,-153.70%,$-0.08B,$-0.02B,-1660.00%,$-0.08B,$-0.02B,-1660.00%,$-0.08B,$0.10B,-76.15%,$-0.08B,$0.03B,-206.54%,$12,$4,$9,$21,$9,$34,$-21,$-1,$-22,$0,$-22,$-22,$-22,$-21,$-21,$113,113,$-0.20,$-0.20,$72,$6,$0,$95,$3,$0,$0,$3,$7,$102,$25,$50,$1,$97,$122,$0,$-382,$0,$-20,$102,$-83,$2,$10,$12,$7,$-3,$0,$11,$22,$-49,$-2,$0,$0,$-46,$0,$-46,$0,$-48,$20,$0,$20,$5,$5,$0,$0,$25,$-72,$10,$0
20,2013-09-30,11.04,$-0.03,-360.78,$0.57,19.3,$-1.20,0.0,$-0.58,0.0,$0.10B,$0.04B,2.6,$0.03B,$-0.00B,-7.55,$0.06B,$0.06B,93.75%,$0.06B,$-0.06B,-96.88%,$0.06B,$-0.06B,-96.88%,$0.06B,$-0.06B,-96.88%,$0.06B,$-0.07B,-101.56%,$0.06B,$-0.07B,-101.56%,$-0.07B,$-0.00B,-292.13%,$-0.07B,$-0.00B,-292.13%,$-0.07B,$0.11B,-55.44%,$-0.06B,$0.02B,-122.17%,$16,$1,$15,$26,$8,$35,$-18,$-1,$-19,$0,$-19,$-19,$-19,$-18,$-18,$113,113,$-0.17,$-0.17,$65,$4,$0,$103,$5,$0,$0,$2,$7,$110,$40,$26,$1,$74,$114,$0,$-360,$0,$-3,$110,$-61,$2,$8,$10,$-9,$-1,$0,$11,$17,$-34,$-1,$0,$0,$-49,$0,$-49,$0,$-50,$0,$0,$0,$2,$2,$0,$0,$2,$-82,$7,$0
21,2013-06-30,7.95,$0.10,80.79,$0.48,16.65,$-1.32,0.0,$-0.59,0.0,$0.10B,$0.03B,3.06,$0.03B,$0.01B,2.53,$0.05B,$0.05B,94.34%,$0.05B,$-0.06B,-120.75%,$0.05B,$-0.06B,-120.75%,$0.05B,$-0.06B,-120.75%,$0.05B,$-0.07B,-124.53%,$0.05B,$-0.07B,-124.53%,$-0.07B,$0.01B,-184.62%,$-0.07B,$0.01B,-184.62%,$-0.07B,$0.11B,-56.53%,$-0.06B,$0.04B,-110.82%,$14,$1,$13,$28,$7,$37,$-22,$-1,$-23,$0,$-23,$-23,$-23,$-22,$-22,$112,112,$-0.20,$-0.20,$76,$2,$0,$100,$5,$0,$0,$2,$7,$107,$33,$28,$1,$63,$96,$0,$-341,$-0,$11,$107,$-42,$1,$6,$7,$5,$0,$0,$-4,$14,$-22,$-1,$0,$0,$-49,$0,$-49,$0,$-50,$0,$0,$0,$0,$0,$0,$-0,$-0,$-72,$5,$0
22,2013-03-31,5.77,$0.28,20.59,$0.42,13.79,$-1.42,0.0,$-0.52,0.0,$0.11B,$0.02B,5.63,$0.03B,$0.03B,0.94,$0.05B,$0.05B,95.74%,$0.05B,$-0.06B,-119.15%,$0.05B,$-0.06B,-119.15%,$0.05B,$-0.06B,-119.15%,$0.05B,$-0.06B,-121.28%,$0.05B,$-0.06B,-121.28%,$-0.06B,$0.03B,-113.43%,$-0.06B,$0.03B,-113.43%,$-0.06B,$0.12B,-47.30%,$-0.06B,$0.06B,-85.82%,$12,$1,$11,$22,$8,$30,$-18,$-1,$-19,$0,$-19,$-19,$-19,$-18,$-18,$112,112,$-0.17,$-0.17,$87,$3,$0,$111,$4,$0,$0,$2,$6,$117,$20,$30,$0,$65,$85,$0,$-318,$-0,$32,$117,$-19,$0,$3,$3,$5,$-0,$0,$-2,$5,$-11,$-1,$0,$0,$-49,$0,$-49,$0,$-49,$0,$0,$0,$0,$0,$0,$-0,$-0,$-60,$2,$0
23,2012-12-31,6.71,$0.43,15.48,$0.38,17.56,$-1.50,0.0,$-0.49,0.0,$0.13B,$0.02B,6.9,$0.03B,$0.05B,0.64,$0.04B,$0.04B,97.62%,$0.04B,$-0.05B,-126.19%,$0.04B,$-0.05B,-126.19%,$0.04B,$-0.05B,-126.19%,$0.04B,$-0.05B,-126.19%,$0.04B,$-0.05B,-126.19%,$-0.05B,$0.05B,-84.80%,$-0.05B,$0.05B,-84.80%,$-0.05B,$0.14B,-42.40%,$-0.05B,$0.08B,-75.44%,$22,$1,$21,$19,$7,$26,$-4,$0,$-4,$0,$-4,$-4,$-4,$-4,$-4,$111,111,$-0.03,$-0.03,$100,$3,$0,$131,$4,$0,$0,$0,$4,$135,$19,$31,$0,$67,$86,$0,$-299,$0,$49,$135,$-54,$1,$8,$9,$-13,$-2,$0,$-1,$-20,$-64,$-1,$0,$0,$0,$0,$0,$0,$-1,$0,$30,$30,$83,$83,$0,$0,$113,$47,$8,$0
24,2012-09-30,7.54,$0.45,16.6,$0.21,36.01,$-1.25,0.0,$-0.63,0.0,$0.11B,$0.02B,5.02,$0.00B,$0.05B,0.0,$0.02B,$0.02B,100.00%,$0.02B,$-0.07B,-304.55%,$0.02B,$-0.07B,-304.55%,$0.02B,$-0.07B,-304.55%,$0.02B,$-0.07B,-304.55%,$0.02B,$-0.07B,-304.55%,$-0.07B,$0.05B,-126.42%,$-0.07B,$0.05B,-126.42%,$-0.07B,$0.11B,-62.18%,$-0.07B,$0.05B,-126.42%,$5,$0,$5,$20,$6,$25,$-20,$0,$-20,$0,$-20,$-20,$-20,$-20,$-20,$112,112,$-0.18,$-0.18,$88,$2,$0,$106,$2,$0,$0,$0,$2,$108,$21,$0,$0,$36,$57,$0,$-294,$0,$51,$108,$-49,$1,$6,$7,$-2,$-2,$0,$1,$-5,$-47,$-1,$0,$0,$0,$0,$0,$0,$-1,$0,$0,$0,$83,$83,$0,$0,$83,$35,$6,$0
25,2012-06-30,8.86,$0.61,14.42,$0.38,23.29,$-1.02,0.0,$-0.40,0.0,$0.12B,$0.02B,7.42,$0.00B,$0.07B,0.0,$0.04B,$0.04B,100.00%,$0.04B,$-0.04B,-105.00%,$0.04B,$-0.04B,-105.00%,$0.04B,$-0.04B,-105.00%,$0.04B,$-0.04B,-105.00%,$0.04B,$-0.04B,-105.00%,$-0.04B,$0.07B,-89.36%,$-0.04B,$0.07B,-89.36%,$-0.04B,$0.12B,-41.90%,$-0.04B,$0.07B,-89.36%,$8,$0,$8,$16,$6,$22,$-14,$0,$-14,$0,$-14,$-14,$-14,$-14,$-14,$112,112,$-0.13,$-0.13,$102,$2,$0,$120,$2,$0,$0,$0,$2,$122,$16,$0,$0,$36,$53,$0,$-274,$0,$69,$122,$-29,$1,$4,$5,$-3,$-1,$0,$-1,$-9,$-33,$-1,$0,$0,$0,$0,$0,$0,$-1,$0,$0,$0,$83,$83,$0,$-0,$83,$49,$4,$0
26,2012-03-31,12.76,$0.72,17.7,$0.53,23.93,$-0.80,0.0,$-0.24,0.0,$0.13B,$0.02B,7.95,$0.00B,$0.08B,0.0,$0.06B,$0.06B,100.00%,$0.06B,$-0.03B,-45.45%,$0.06B,$-0.03B,-45.45%,$0.06B,$-0.03B,-45.45%,$0.06B,$-0.03B,-45.45%,$0.06B,$-0.03B,-45.45%,$-0.03B,$0.08B,-71.94%,$-0.03B,$0.08B,-71.94%,$-0.03B,$0.14B,-27.10%,$-0.03B,$0.08B,-71.94%,$7,$0,$7,$16,$7,$23,$-15,$0,$-15,$0,$-15,$-15,$-15,$-15,$-15,$108,108,$-0.14,$-0.14,$117,$1,$0,$133,$2,$0,$0,$0,$2,$135,$17,$0,$0,$37,$54,$0,$-260,$0,$81,$135,$-15,$0,$2,$2,$-3,$-1,$0,$1,$-7,$-19,$0,$0,$0,$0,$0,$0,$0,$0,$0,$0,$0,$83,$83,$0,$0,$83,$64,$2,$0
27,2011-12-31,9.51,$0.10,90.74,$0.54,17.65,$-0.73,0.0,$-0.20,0.0,$0.06B,$0.02B,3.7,$0.00B,$0.01B,0.0,$0.06B,$0.06B,100.00%,$0.06B,$-0.02B,-35.71%,$0.06B,$-0.02B,-35.71%,$0.06B,$-0.02B,-33.93%,$0.06B,$-0.02B,-35.71%,$0.06B,$-0.02B,-35.71%,$-0.02B,$0.01B,-111.11%,$-0.02B,$0.01B,-111.11%,$-0.02B,$0.07B,-25.40%,$-0.02B,$0.01B,-111.11%,$2,$0,$2,$15,$6,$21,$-18,$0,$-18,$0,$-18,$-18,$-18,$-18,$-18,$103,103,$-0.17,$-0.17,$53,$1,$0,$64,$2,$0,$0,$0,$2,$66,$17,$0,$0,$38,$55,$0,$-245,$0,$11,$66,$-20,$1,$6,$7,$0,$-0,$0,$-22,$-21,$-34,$-1,$0,$0,$0,$0,$0,$0,$-1,$0,$0,$0,$5,$5,$0,$0,$5,$-30,$6,$0
28,2011-09-30,6.14,$0.26,23.52,$0.55,11.1,$-0.87,0.0,$-0.19,0.0,$0.08B,$0.01B,5.58,$0.00B,$0.03B,0.0,$0.06B,$0.06B,98.28%,$0.06B,$-0.02B,-34.48%,$0.06B,$-0.02B,-34.48%,$0.06B,$-0.02B,-32.76%,$0.06B,$-0.02B,-32.76%,$0.06B,$-0.02B,-32.76%,$-0.02B,$0.03B,-93.83%,$-0.02B,$0.03B,-93.83%,$-0.02B,$0.08B,-22.35%,$-0.02B,$0.03B,-98.77%,$23,$0,$23,$14,$4,$18,$5,$0,$5,$0,$5,$5,$5,$5,$5,$103,105,$0.05,$0.05,$66,$0,$0,$77,$1,$0,$0,$0,$1,$78,$14,$0,$0,$37,$51,$0,$-227,$0,$27,$78,$-1,$1,$4,$5,$-4,$0,$0,$-18,$-24,$-21,$-0,$0,$0,$0,$0,$0,$0,$-0,$0,$0,$0,$4,$4,$0,$0,$4,$-17,$4,$0
29,2011-06-30,6.91,$0.19,35.71,$0.37,18.62,$-1.08,0.0,$-0.37,0.0,$0.09B,$0.03B,2.79,$0.00B,$0.02B,0.0,$0.04B,$0.04B,97.37%,$0.04B,$-0.04B,-97.37%,$0.04B,$-0.04B,-97.37%,$0.04B,$-0.04B,-94.74%,$0.04B,$-0.04B,-94.74%,$0.04B,$-0.04B,-94.74%,$-0.04B,$0.02B,-161.80%,$-0.04B,$0.02B,-161.80%,$-0.04B,$0.09B,-39.78%,$-0.04B,$0.02B,-166.29%,$23,$0,$23,$15,$5,$20,$3,$0,$3,$0,$3,$3,$3,$3,$3,$103,104,$0.03,$0.03,$79,$0,$0,$88,$1,$0,$0,$0,$1,$90,$32,$0,$0,$38,$69,$0,$-232,$0,$20,$90,$-7,$1,$2,$3,$-2,$0,$0,$-0,$-4,$-7,$-0,$0,$0,$0,$0,$0,$0,$-0,$0,$0,$0,$3,$3,$0,$0,$3,$-4,$2,$0
30,2011-03-31,6.71,$0.13,50.6,$0.18,36.46,$-1.30,0.0,$-0.53,0.0,$0.08B,$0.01B,6.28,$0.00B,$0.01B,0.0,$0.02B,$0.02B,94.44%,$0.02B,$-0.05B,-288.89%,$0.02B,$-0.05B,-288.89%,$0.02B,$-0.05B,-283.33%,$0.02B,$-0.05B,-283.33%,$0.02B,$-0.05B,-283.33%,$-0.05B,$0.01B,-370.91%,$-0.05B,$0.01B,-370.91%,$-0.05B,$0.08B,-63.16%,$-0.05B,$0.01B,-378.18%,$8,$0,$8,$14,$3,$17,$-10,$0,$-10,$0,$-10,$-10,$-10,$-9,$-10,$101,101,$-0.10,$-0.10,$74,$0,$0,$79,$2,$0,$0,$0,$2,$81,$13,$0,$0,$55,$67,$0,$-235,$0,$14,$81,$-10,$0,$1,$1,$1,$-0,$0,$-0,$-3,$-11,$-0,$0,$0,$0,$0,$0,$0,$-0,$0,$0,$0,$2,$2,$0,$0,$2,$-9,$1,$0
31,2010-12-31,7.92,$0.20,39.15,$0.15,53.98,$-1.33,0.0,$-0.56,0.0,$0.09B,$0.02B,5.83,$0.00B,$0.02B,0.0,$0.01B,$0.01B,92.31%,$0.01B,$-0.05B,-415.38%,$0.01B,$-0.05B,-415.38%,$0.01B,$-0.05B,-407.69%,$0.01B,$-0.05B,-407.69%,$0.01B,$-0.05B,-407.69%,$-0.05B,$0.02B,-557.89%,$-0.05B,$0.02B,-557.89%,$-0.05B,$0.09B,-69.06%,$-0.05B,$0.02B,-568.42%,$4,$1,$3,$16,$5,$21,$-18,$1,$-17,$0,$-17,$-17,$-17,$-18,$-18,$94,94,$-0.17,$-0.17,$83,$0,$0,$89,$2,$0,$0,$0,$2,$91,$15,$0,$0,$56,$71,$0,$-225,$0,$20,$91,$-53,$2,$5,$6,$2,$1,$0,$-5,$1,$-45,$-1,$0,$0,$0,$0,$0,$0,$-1,$0,$0,$0,$62,$62,$0,$0,$62,$16,$5,$0
32,2010-09-30,7.71,$0.35,22.11,$0.18,42.09,$-1.32,0.0,$-0.53,0.0,$0.10B,$0.01B,8.36,$0.00B,$0.04B,0.0,$0.02B,$0.02B,100.00%,$0.02B,$-0.05B,-326.67%,$0.02B,$-0.05B,-326.67%,$0.02B,$-0.05B,-313.33%,$0.02B,$-0.05B,-326.67%,$0.02B,$-0.05B,-326.67%,$-0.05B,$0.04B,-784.00%,$-0.05B,$0.04B,-784.00%,$-0.05B,$0.10B,-66.89%,$-0.05B,$0.04B,-784.00%,$3,$0,$3,$12,$3,$16,$-12,$0,$-12,$0,$-12,$-12,$-12,$-12,$-12,$94,94,$-0.13,$-0.13,$90,$1,$0,$98,$2,$0,$0,$0,$2,$100,$12,$0,$0,$54,$65,$0,$-208,$0,$35,$100,$-36,$1,$4,$5,$2,$0,$0,$-6,$-7,$-38,$-0,$0,$0,$0,$0,$0,$0,$-0,$0,$0,$0,$61,$61,$0,$0,$61,$22,$4,$0
33,2010-06-30,7.04,$-0.15,-45.89,$0.18,38.95,$-1.25,0.0,$-0.56,0.0,$0.05B,$0.01B,4.46,$0.00B,$-0.01B,0.0,$0.02B,$0.02B,100.00%,$0.02B,$-0.05B,-340.00%,$0.02B,$-0.05B,-340.00%,$0.02B,$-0.05B,-326.67%,$0.02B,$-0.05B,-340.00%,$0.02B,$-0.05B,-340.00%,$-0.05B,$-0.01B,-2914.29%,$-0.05B,$-0.01B,-2914.29%,$-0.05B,$0.05B,-73.12%,$-0.05B,$-0.01B,-2914.29%,$3,$0,$3,$12,$3,$15,$-12,$0,$-12,$0,$-12,$-12,$-12,$-12,$-12,$92,92,$-0.13,$-0.13,$41,$1,$0,$49,$2,$0,$0,$0,$2,$51,$11,$0,$0,$55,$66,$0,$-196,$0,$-14,$51,$-24,$1,$2,$3,$2,$0,$0,$-5,$-6,$-26,$-0,$0,$0,$0,$0,$0,$0,$-0,$0,$0,$0,$0,$0,$0,$0,$0,$-26,$2,$0
34,2010-03-31,7.99,$-0.03,-230.26,$0.16,49.05,$-1.14,0.0,$-0.64,0.0,$0.06B,$0.01B,4.56,$0.00B,$-0.00B,0.0,$0.01B,$0.01B,100.00%,$0.01B,$-0.06B,-430.77%,$0.01B,$-0.06B,-430.77%,$0.01B,$-0.05B,-415.38%,$0.01B,$-0.06B,-430.77%,$0.01B,$-0.06B,-430.77%,$-0.06B,$-0.00B,-476.60%,$-0.06B,$-0.00B,-476.60%,$-0.06B,$0.07B,-69.14%,$-0.06B,$-0.00B,-476.60%,$3,$0,$3,$11,$4,$15,$-12,$0,$-12,$0,$-12,$-12,$-12,$-11,$-12,$92,92,$-0.13,$-0.13,$55,$1,$0,$63,$2,$0,$0,$0,$2,$65,$14,$0,$0,$55,$68,$0,$-184,$0,$-3,$65,$-12,$0,$1,$2,$2,$0,$0,$-4,$-2,$-13,$-0,$0,$0,$0,$0,$0,$0,$-0,$0,$0,$0,$0,$0,$0,$0,$0,$-12,$1,$0
35,2009-12-31,5.87,$0.08,77.95,$0.16,36.93,$-1.05,0.0,$-0.69,0.0,$0.07B,$0.01B,5.17,$0.00B,$0.01B,0.0,$0.01B,$0.01B,100.00%,$0.01B,$-0.06B,-453.85%,$0.01B,$-0.06B,-453.85%,$0.01B,$-0.06B,-438.46%,$0.01B,$-0.06B,-453.85%,$0.01B,$-0.06B,-453.85%,$-0.06B,$0.01B,-437.04%,$-0.06B,$0.01B,-437.04%,$-0.06B,$0.08B,-71.95%,$-0.06B,$0.01B,-437.04%,$6,$0,$6,$15,$4,$19,$-13,$0,$-13,$0,$-13,$-13,$-13,$-12,$-13,$87,87,$-0.12,$-0.12,$67,$1,$0,$74,$3,$0,$0,$0,$3,$77,$14,$0,$0,$56,$70,$0,$-172,$0,$7,$77,$-58,$1,$5,$6,$3,$-1,$0,$12,$12,$-40,$-1,$0,$0,$0,$0,$0,$0,$-1,$0,$0,$0,$45,$45,$0,$0,$45,$4,$5,$0
36,2009-09-30,7.11,$0.18,39.02,$0.12,57.81,$-1.03,0.0,$-0.76,0.0,$0.08B,$0.02B,5.27,$0.00B,$0.02B,0.0,$0.01B,$0.01B,100.00%,$0.01B,$-0.06B,-630.00%,$0.01B,$-0.06B,-630.00%,$0.01B,$-0.06B,-620.00%,$0.01B,$-0.06B,-630.00%,$0.01B,$-0.06B,-630.00%,$-0.06B,$0.02B,-406.45%,$-0.06B,$0.02B,-406.45%,$-0.06B,$0.09B,-76.83%,$-0.06B,$0.02B,-406.45%,$3,$0,$3,$13,$4,$17,$-14,$0,$-14,$0,$-14,$-14,$-14,$-14,$-14,$90,90,$-0.16,$-0.16,$78,$1,$0,$83,$3,$0,$0,$0,$3,$86,$16,$0,$0,$54,$70,$0,$-159,$0,$17,$86,$-46,$1,$3,$4,$6,$-1,$0,$8,$13,$-29,$-1,$0,$0,$0,$0,$0,$0,$-1,$0,$0,$0,$44,$44,$0,$0,$44,$14,$3,$0
37,2009-06-30,6.98,$0.29,23.68,$0.12,58.25,$-1.03,0.0,$-0.74,0.0,$0.09B,$0.02B,6.17,$0.00B,$0.03B,0.0,$0.01B,$0.01B,100.00%,$0.01B,$-0.06B,-666.67%,$0.01B,$-0.06B,-666.67%,$0.01B,$-0.06B,-655.56%,$0.01B,$-0.06B,-666.67%,$0.01B,$-0.06B,-666.67%,$-0.06B,$0.03B,-315.79%,$-0.06B,$0.03B,-315.79%,$-0.06B,$0.10B,-74.30%,$-0.06B,$0.03B,-315.79%,$1,$0,$1,$15,$4,$19,$-17,$0,$-17,$0,$-17,$-17,$-17,$-17,$-17,$83,83,$-0.21,$-0.21,$89,$1,$0,$94,$3,$0,$0,$0,$3,$96,$15,$0,$0,$55,$70,$0,$-145,$0,$26,$96,$-32,$1,$2,$3,$6,$-0,$0,$9,$15,$-15,$-1,$0,$0,$0,$0,$0,$0,$-1,$0,$0,$0,$41,$41,$0,$0,$41,$26,$2,$0
38,2009-03-31,5.46,$0.05,115.43,$0.12,45.24,$-1.05,0.0,$-0.67,0.0,$0.07B,$0.01B,4.97,$0.00B,$0.00B,0.0,$0.01B,$0.01B,100.00%,$0.01B,$-0.05B,-600.00%,$0.01B,$-0.05B,-600.00%,$0.01B,$-0.05B,-588.89%,$0.01B,$-0.05B,-600.00%,$0.01B,$-0.05B,-600.00%,$-0.05B,$0.00B,-240.00%,$-0.05B,$0.00B,-240.00%,$-0.05B,$0.07B,-68.35%,$-0.05B,$0.00B,-240.00%,$3,$0,$3,$14,$3,$18,$-15,$0,$-15,$0,$-15,$-15,$-15,$-14,$-15,$82,82,$-0.18,$-0.18,$62,$1,$0,$66,$3,$0,$0,$0,$3,$69,$13,$0,$0,$52,$65,$0,$-128,$0,$4,$69,$-15,$0,$1,$1,$7,$-0,$0,$4,$10,$-4,$-0,$0,$0,$0,$0,$0,$0,$-0,$0,$0,$0,$2,$2,$0,$0,$2,$-2,$1,$0
39,2008-12-31,5.6,$0.19,29.69,$0.11,50.85,$-1.07,0.0,$-0.62,0.0,$0.07B,$0.01B,5.21,$0.00B,$0.02B,0.0,$0.01B,$0.01B,100.00%,$0.01B,$-0.05B,-625.00%,$0.01B,$-0.05B,-625.00%,$0.01B,$-0.05B,-625.00%,$0.01B,$-0.05B,-612.50%,$0.01B,$-0.05B,-612.50%,$-0.05B,$0.02B,-145.19%,$-0.05B,$0.02B,-145.19%,$-0.05B,$0.08B,-56.65%,$-0.05B,$0.02B,-148.15%,$3,$0,$3,$17,$3,$20,$-17,$0,$-17,$0,$-17,$-17,$-17,$-17,$-17,$80,80,$-0.20,$-0.20,$64,$0,$0,$74,$3,$0,$0,$0,$3,$77,$14,$0,$0,$47,$61,$0,$-114,$0,$15,$77,$-49,$1,$4,$5,$-6,$0,$0,$10,$9,$-35,$-1,$0,$0,$0,$0,$0,$0,$-1,$0,$0,$0,$3,$3,$0,$0,$3,$-34,$4,$0
40,2008-09-30,7.34,$0.38,19.28,$0.09,81.76,$-0.65,0.0,$-0.52,0.0,$0.08B,$0.01B,7.07,$0.00B,$0.03B,0.0,$0.01B,$0.01B,100.00%,$0.01B,$-0.04B,-716.67%,$0.01B,$-0.04B,-716.67%,$0.01B,$-0.04B,-716.67%,$0.01B,$-0.04B,-683.33%,$0.01B,$-0.04B,-683.33%,$-0.04B,$0.03B,-92.13%,$-0.04B,$0.03B,-92.13%,$-0.04B,$0.08B,-44.09%,$-0.04B,$0.03B,-96.63%,$2,$0,$2,$10,$3,$14,$-11,$0,$-11,$0,$-11,$-11,$-11,$-11,$-11,$80,80,$-0.14,$-0.14,$72,$1,$0,$78,$3,$0,$0,$0,$3,$81,$11,$0,$0,$39,$50,$0,$-97,$0,$31,$81,$-32,$1,$3,$4,$-1,$0,$0,$0,$2,$-26,$-1,$0,$0,$0,$0,$0,$0,$-1,$0,$0,$0,$2,$2,$0,$0,$2,$-25,$3,$0
41,2008-06-30,5.38,$0.50,10.87,$0.07,75.31,$-0.24,0.0,$-0.47,0.0,$0.09B,$0.01B,9.15,$0.00B,$0.04B,0.0,$0.01B,$0.01B,100.00%,$0.01B,$-0.04B,-800.00%,$0.01B,$-0.04B,-800.00%,$0.01B,$-0.04B,-800.00%,$0.01B,$-0.04B,-740.00%,$0.01B,$-0.04B,-740.00%,$-0.04B,$0.04B,-69.81%,$-0.04B,$0.04B,-69.81%,$-0.04B,$0.09B,-36.91%,$-0.04B,$0.04B,-75.47%,$1,$0,$1,$9,$4,$13,$-11,$0,$-11,$0,$-11,$-11,$-11,$-11,$-11,$79,79,$-0.14,$-0.14,$82,$1,$0,$86,$2,$0,$0,$0,$2,$89,$9,$0,$0,$39,$49,$0,$-86,$0,$40,$89,$-21,$0,$2,$2,$-0,$0,$0,$3,$3,$-16,$-0,$0,$0,$0,$0,$0,$0,$-0,$0,$0,$0,$1,$1,$0,$0,$1,$-15,$2,$0
42,2008-03-31,6.36,$0.62,10.26,$0.06,100.85,$-0.01,0.0,$-0.40,0.0,$0.10B,$0.01B,10.06,$0.00B,$0.05B,0.0,$0.01B,$0.01B,100.00%,$0.01B,$-0.04B,-700.00%,$0.01B,$-0.04B,-700.00%,$0.01B,$-0.04B,-700.00%,$0.01B,$-0.03B,-620.00%,$0.01B,$-0.03B,-620.00%,$-0.03B,$0.05B,-51.03%,$-0.03B,$0.05B,-51.03%,$-0.03B,$0.10B,-29.81%,$-0.04B,$0.05B,-57.61%,$2,$0,$2,$8,$4,$13,$-11,$1,$-10,$0,$-10,$-10,$-10,$-11,$-11,$78,78,$-0.13,$-0.13,$93,$1,$0,$97,$2,$0,$0,$0,$2,$99,$10,$0,$0,$40,$50,$0,$-75,$0,$49,$99,$-10,$0,$1,$1,$-0,$0,$0,$3,$3,$-6,$-0,$0,$0,$0,$0,$0,$0,$-0,$0,$0,$0,$1,$1,$0,$0,$1,$-5,$1,$0
43,2007-12-31,7.11,$0.74,9.59,$0.05,137.84,$0.15,47.75,$-0.32,0.0,$0.10B,$0.01B,11.41,$0.00B,$0.06B,0.0,$0.00B,$0.00B,100.00%,$0.00B,$-0.03B,-700.00%,$0.00B,$-0.03B,-700.00%,$0.00B,$-0.03B,-700.00%,$0.00B,$-0.02B,-600.00%,$0.00B,$-0.02B,-600.00%,$-0.02B,$0.06B,-40.85%,$-0.02B,$0.06B,-40.85%,$-0.02B,$0.10B,-24.55%,$-0.03B,$0.06B,-47.66%,$1,$0,$1,$7,$4,$11,$-10,$1,$-9,$0,$-9,$-9,$-9,$-10,$-10,$74,74,$-0.11,$-0.11,$98,$1,$0,$101,$2,$0,$0,$0,$2,$103,$9,$0,$0,$37,$46,$0,$-65,$0,$58,$103,$-24,$1,$3,$3,$-0,$-0,$0,$19,$21,$-0,$-2,$0,$0,$0,$0,$0,$0,$-2,$0,$0,$0,$56,$56,$0,$0,$56,$53,$3,$0
44,2007-09-30,8.69,$0.84,10.31,$0.04,215.17,$0.29,29.98,$-0.28,0.0,$0.11B,$0.01B,13.08,$0.00B,$0.07B,0.0,$0.00B,$0.00B,100.00%,$0.00B,$-0.02B,-766.67%,$0.00B,$-0.02B,-766.67%,$0.00B,$-0.02B,-766.67%,$0.00B,$-0.02B,-633.33%,$0.00B,$-0.02B,-633.33%,$-0.02B,$0.07B,-38.00%,$-0.02B,$0.07B,-38.00%,$-0.02B,$0.11B,-22.75%,$-0.02B,$0.07B,-46.00%,$1,$0,$1,$6,$3,$9,$-8,$1,$-7,$0,$-7,$-7,$-7,$-8,$-8,$77,77,$-0.09,$-0.09,$105,$1,$0,$108,$2,$0,$0,$0,$2,$110,$8,$0,$0,$37,$45,$0,$-56,$0,$65,$110,$-15,$0,$2,$2,$-0,$-0,$0,$19,$20,$7,$-1,$0,$0,$0,$0,$0,$0,$-1,$0,$0,$0,$55,$55,$0,$0,$55,$61,$2,$0
45,2007-06-30,9.23,$0.93,9.95,$0.03,272.75,$0.07,138.38,$-0.25,0.0,$0.10B,$0.01B,17.15,$0.00B,$0.07B,0.0,$0.00B,$0.00B,100.00%,$0.00B,$-0.02B,-950.00%,$0.00B,$-0.02B,-950.00%,$0.00B,$-0.02B,-950.00%,$0.00B,$-0.02B,-800.00%,$0.00B,$-0.02B,-800.00%,$-0.02B,$0.07B,-42.67%,$-0.02B,$0.07B,-42.67%,$-0.02B,$0.10B,-26.45%,$-0.02B,$0.07B,-50.67%,$1,$0,$1,$4,$2,$7,$-6,$1,$-5,$0,$-5,$-5,$-5,$-6,$-6,$73,73,$-0.07,$-0.07,$101,$1,$0,$103,$1,$0,$0,$0,$1,$104,$6,$0,$0,$27,$33,$0,$-49,$0,$71,$104,$-8,$0,$1,$1,$-0,$-0,$0,$10,$9,$3,$-1,$0,$0,$0,$0,$0,$0,$-1,$0,$0,$0,$55,$55,$0,$0,$55,$56,$1,$0
46,2007-03-31,8.06,$0.57,14.1,$0.03,308.81,$-0.06,0.0,$-0.23,0.0,$0.07B,$0.01B,14.22,$0.00B,$0.04B,0.0,$0.00B,$0.00B,100.00%,$0.00B,$-0.02B,-1600.00%,$0.00B,$-0.02B,-1600.00%,$0.00B,$-0.02B,-1600.00%,$0.00B,$-0.01B,-1400.00%,$0.00B,$-0.01B,-1400.00%,$-0.01B,$0.04B,-60.22%,$-0.01B,$0.04B,-60.22%,$-0.01B,$0.07B,-36.13%,$-0.02B,$0.04B,-68.82%,$1,$0,$1,$3,$2,$5,$-4,$1,$-3,$0,$-3,$-3,$-3,$-4,$-4,$70,70,$-0.05,$-0.05,$71,$0,$0,$73,$1,$0,$0,$0,$1,$74,$5,$0,$0,$28,$33,$0,$-44,$0,$41,$74,$-3,$0,$0,$1,$-0,$-0,$0,$10,$9,$6,$-0,$0,$0,$0,$0,$0,$0,$-0,$0,$0,$0,$21,$21,$0,$0,$21,$27,$0,$0
47,2006-12-31,8.05,$0.34,23.97,$0.02,511.58,$-0.19,0.0,$-0.24,0.0,$0.05B,$0.00B,10.73,$0.00B,$0.02B,0.0,$0.00B,0,nan%,$0.00B,$-0.02B,inf%,$0.00B,$-0.02B,inf%,$0.00B,$-0.02B,inf%,$0.00B,$-0.01B,inf%,$0.00B,$-0.01B,inf%,$-0.01B,$0.02B,-82.35%,$-0.01B,$0.02B,-82.35%,$-0.01B,$0.05B,-56.00%,$-0.02B,$0.02B,-94.12%,$0,$0,$0,$3,$2,$5,$-5,$0,$-4,$0,$-4,$-4,$-4,$-5,$-5,$63,63,$-0.07,$-0.07,$44,$0,$0,$46,$0,$0,$0,$0,$0,$46,$4,$0,$0,$19,$23,$0,$-41,$0,$23,$46,$-15,$0,$1,$2,$0,$-0,$0,$19,$20,$7,$-0,$0,$0,$0,$0,$0,$0,$-0,$0,$0,$0,$18,$18,$0,$0,$18,$25,$1,$0
