,Date,Stock Price,Book Value per Share,Price to Book Ratio,TTM Sales per Share,Price to Sales Ratio,TTM FCF per Share,Price to FCF Ratio,TTM Net EPS,PE Ratio,Current Assets,Current Liabilities,Current Ratio,Long Term Debt,Shareholder's Equity_x,Debt to Equity Ratio,TTM Revenue_x,TTM Gross Profit,Gross Margin,TTM Revenue_y,TTM Operating Income,Operating Margin,TTM Revenue_x,TTM EBIT,EBIT Margin,TTM Revenue_y,TTM EBITDA,EBITDA Margin,TTM Revenue_x,TTM Pre-Tax Income,Pre-Tax Margin,TTM Revenue_y,TTM Net Income_x,Net Margin,TTM Net Income_y,Shareholder's Equity_y,Return on Equity,TTM Net Income_x,Tangible Equity,Return on Tangible Equity,TTM Net Income_y,Total Assets,Return on Assets,TTM Net Income,LT Investments & Debt,Return on Investment,revenue,cost-goods-sold,gross-profit,research-development-expenses,selling-general-administrative-expenses,operating-expenses,operating-income,total-non-operating-income-expense,pre-tax-income,total-provision-income-taxes,income-after-taxes,income-from-continuous-operations,net-income,ebitda,ebit,basic-shares-outstanding,shares-outstanding,eps-basic-net-earnings-per-share,eps-earnings-per-share-diluted,cash-on-hand,inventory,other-current-assets,total-current-assets,net-property-plant-equipment,long-term-investments,goodwill-intangible-assets-total,other-long-term-assets,total-long-term-assets,total-assets,total-current-liabilities,long-term-debt,other-non-current-liabilities,total-long-term-liabilities,total-liabilities,common-stock-net,retained-earnings-accumulated-deficit,comprehensive-income,total-share-holder-equity,total-liabilities-share-holders-equity,net-income-loss,total-depreciation-amortization-cash-flow,other-non-cash-items,total-non-cash-items,change-in-accounts-receivable,change-in-inventories,change-in-accounts-payable,change-in-assets-liabilities,total-change-in-assets-liabilities,cash-flow-from-operating-activities,net-change-in-property-plant-equipment,net-change-in-intangible-assets,net-acquisitions-divestitures,net-change-in-short-term-investments,net-change-in-long-term-investments,net-change-in-investments-total,investing-activities-other,cash-flow-from-investing-activities,net-long-term-debt,net-current-debt,debt-issuance-retirement-net-total,net-common-equity-issued-repurchased,net-total-equity-issued-repurchased,total-common-preferred-stock-dividends-paid,financial-activities-other,cash-flow-from-financial-activities,net-cash-flow,stock-based-compensation,common-stock-dividends-paid
0,2018-09-30,105.12,$14.89,7.06,$37.72,2.79,$8.85,11.88,$1.60,65.7,$3.19B,$1.32B,2.42,$1.70B,$1.89B,0.9,$4.79B,$2.91B,60.76%,$4.79B,$0.59B,12.37%,$4.79B,$0.59B,12.37%,$4.79B,$0.81B,16.95%,$4.79B,$0.56B,11.60%,$4.79B,$0.21B,4.33%,$0.21B,$1.89B,11.74%,$0.21B,$0.58B,28.92%,$0.21B,$5.50B,4.01%,$0.59B,$3.58B,17.12%,$1570,$656,$914,$66,$512,$1256,$313,$-18,$296,$32,$264,$264,$264,$379,$313,$127,128,$2.08,$2.06,$907,$611,$0,$3192,$255,$0,$1305,$743,$2303,$5495,$1322,$1695,$591,$2286,$3608,$105,$4255,$-297,$1887,$5495,$212,$158,$35,$193,$-9,$-197,$0,$-148,$-230,$175,$-104,$0,$-155,$0,$0,$0,$9,$-251,$0,$-132,$-132,$-188,$-188,$-230,$-30,$-579,$-674,$36,$-230
1,2018-06-30,91.73,$13.88,6.61,$39.54,2.32,$9.07,10.11,$1.63,56.28,$2.83B,$1.05B,2.69,$1.69B,$1.77B,0.96,$5.01B,$3.06B,61.00%,$5.01B,$0.64B,12.78%,$5.01B,$0.64B,12.78%,$5.01B,$0.85B,16.91%,$5.01B,$0.61B,12.16%,$5.01B,$0.21B,4.17%,$0.21B,$1.77B,11.73%,$0.21B,$0.45B,24.30%,$0.21B,$5.11B,4.04%,$0.64B,$3.46B,18.42%,$904,$338,$566,$60,$407,$817,$88,$-19,$68,$8,$60,$60,$60,$136,$88,$126,126,$0.48,$0.48,$1159,$610,$0,$2828,$266,$0,$1314,$707,$2286,$5114,$1052,$1694,$600,$2295,$3347,$105,$4071,$-295,$1767,$5114,$-52,$93,$52,$145,$657,$-195,$0,$-172,$148,$241,$-72,$0,$-155,$0,$0,$0,$3,$-224,$0,$-134,$-134,$-103,$-103,$-150,$-35,$-421,$-422,$24,$-150
2,2018-03-31,83.18,$12.57,6.62,$40.02,2.08,$10.09,8.24,$1.68,49.51,$3.02B,$0.85B,3.55,$1.69B,$1.57B,1.08,$5.08B,$3.09B,60.92%,$5.08B,$0.65B,12.84%,$5.08B,$0.65B,12.84%,$5.08B,$0.86B,16.98%,$5.08B,$0.63B,12.37%,$5.08B,$0.22B,4.27%,$0.22B,$1.57B,12.07%,$0.22B,$0.79B,21.61%,$0.22B,$4.73B,4.24%,$0.65B,$3.27B,19.36%,$716,$255,$461,$57,$466,$797,$-80,$-8,$-88,$24,$-112,$-112,$-112,$-36,$-80,$125,125,$-0.90,$-0.90,$1599,$517,$0,$3022,$262,$0,$784,$660,$1707,$4729,$853,$1694,$611,$2305,$3158,$105,$4091,$-292,$1571,$4729,$-112,$45,$65,$109,$808,$-77,$0,$-113,$321,$318,$-28,$0,$0,$0,$0,$0,$2,$-26,$0,$-134,$-134,$-38,$-38,$-71,$-33,$-276,$18,$10,$-71
3,2017-12-31,89.14,$14.70,6.06,$40.97,2.18,$10.78,8.27,$3.12,28.57,$3.63B,$1.25B,2.9,$1.69B,$1.83B,0.93,$5.21B,$3.18B,60.95%,$5.21B,$0.81B,15.54%,$5.21B,$0.81B,15.54%,$5.21B,$1.02B,19.52%,$5.21B,$0.79B,15.10%,$5.21B,$0.40B,7.64%,$0.40B,$1.83B,21.31%,$0.40B,$1.04B,37.26%,$0.40B,$5.29B,7.81%,$0.81B,$3.52B,24.44%,$1596,$629,$967,$76,$594,$1325,$271,$7,$279,$284,$-5,$-5,$-5,$332,$271,$125,127,$-0.04,$-0.04,$1581,$433,$0,$3634,$260,$0,$790,$606,$1656,$5290,$1252,$1694,$515,$2208,$3460,$105,$4260,$-239,$1830,$5290,$397,$208,$305,$513,$-50,$-25,$0,$-29,$-185,$724,$-135,$0,$0,$0,$0,$0,$3,$-131,$144,$-18,$125,$-151,$-151,$-277,$-9,$-312,$299,$56,$-277
4,2017-09-30,95.2,$15.71,6.06,$41.24,2.31,$11.35,8.39,$4.68,20.34,$3.76B,$1.49B,2.53,$1.69B,$1.96B,0.87,$5.25B,$3.20B,61.09%,$5.25B,$0.79B,15.14%,$5.25B,$0.79B,15.14%,$5.25B,$1.00B,19.03%,$5.25B,$0.73B,13.88%,$5.25B,$0.60B,11.36%,$0.60B,$1.96B,31.77%,$0.60B,$1.16B,55.71%,$0.60B,$5.55B,11.80%,$0.79B,$3.65B,24.82%,$1792,$731,$1061,$67,$621,$1431,$361,$-11,$350,$84,$266,$266,$266,$415,$361,$125,127,$2.12,$2.09,$1245,$629,$0,$3762,$264,$0,$796,$722,$1782,$5545,$1485,$1693,$410,$2104,$3588,$105,$4336,$-235,$1956,$5545,$402,$146,$39,$185,$-301,$-223,$0,$0,$-386,$202,$-103,$0,$0,$0,$0,$0,$6,$-97,$144,$16,$160,$-112,$-112,$-206,$-3,$-161,$-38,$37,$-206
5,2017-06-30,108.11,$14.65,7.38,$40.54,2.67,$11.30,9.57,$4.62,23.4,$3.10B,$1.47B,2.1,$1.20B,$1.83B,0.65,$5.13B,$3.16B,61.64%,$5.13B,$0.80B,15.49%,$5.13B,$0.80B,15.49%,$5.13B,$0.99B,19.33%,$5.13B,$0.72B,14.10%,$5.13B,$0.59B,11.46%,$0.59B,$1.83B,32.27%,$0.59B,$1.03B,58.79%,$0.59B,$4.91B,12.00%,$0.80B,$3.03B,26.32%,$973,$368,$604,$63,$428,$873,$100,$-13,$87,$19,$68,$68,$68,$151,$100,$125,127,$0.54,$0.53,$1434,$558,$0,$3095,$269,$0,$802,$747,$1818,$4913,$1472,$1199,$409,$1608,$3080,$105,$4142,$-227,$1832,$4913,$136,$92,$26,$118,$492,$-157,$0,$-14,$112,$366,$-66,$0,$0,$0,$0,$0,$-1,$-68,$0,$14,$14,$-19,$-19,$-135,$-21,$-160,$151,$25,$-135
6,2017-03-31,96.23,$14.81,6.5,$39.82,2.42,$10.83,8.88,$4.50,21.38,$2.80B,$1.20B,2.33,$1.20B,$1.85B,0.65,$5.04B,$3.12B,61.86%,$5.04B,$0.78B,15.48%,$5.04B,$0.78B,15.48%,$5.04B,$0.97B,19.29%,$5.04B,$0.70B,13.97%,$5.04B,$0.57B,11.35%,$0.57B,$1.85B,32.36%,$0.57B,$1.04B,61.39%,$0.57B,$4.65B,12.02%,$0.78B,$3.05B,25.55%,$850,$306,$544,$63,$389,$771,$78,$-8,$71,$2,$69,$69,$69,$119,$78,$125,127,$0.55,$0.54,$1463,$416,$0,$2800,$270,$0,$809,$767,$1846,$4646,$1202,$1199,$394,$1592,$2794,$105,$4145,$-197,$1852,$4646,$69,$41,$19,$60,$660,$-21,$0,$-13,$283,$412,$-30,$0,$0,$0,$0,$0,$-1,$-31,$0,$-107,$-107,$-19,$-19,$-63,$-22,$-212,$181,$11,$-63
7,2016-12-31,74.54,$14.96,4.98,$39.69,1.88,$10.06,7.41,$4.34,17.17,$3.23B,$1.62B,2.0,$1.20B,$1.86B,0.64,$5.02B,$3.11B,62.03%,$5.02B,$0.79B,15.70%,$5.02B,$0.79B,15.70%,$5.02B,$0.98B,19.50%,$5.02B,$0.69B,13.78%,$5.02B,$0.55B,11.00%,$0.55B,$1.86B,32.35%,$0.55B,$1.05B,64.45%,$0.55B,$5.09B,11.77%,$0.79B,$3.06B,25.59%,$1630,$635,$995,$75,$638,$1375,$255,$-35,$220,$39,$181,$181,$193,$313,$255,$125,127,$1.54,$1.52,$1282,$388,$0,$3228,$267,$0,$817,$780,$1864,$5091,$1618,$1199,$389,$1611,$3229,$105,$4149,$-195,$1863,$5091,$533,$190,$78,$268,$-150,$-12,$0,$-68,$16,$817,$-155,$0,$0,$0,$-12,$-12,$29,$-138,$0,$9,$9,$-150,$-150,$-249,$14,$-375,$306,$62,$-249
8,2016-09-30,75.55,$13.94,5.42,$38.42,1.97,$8.23,9.18,$4.21,17.95,$3.15B,$1.62B,1.95,$1.20B,$1.74B,0.69,$4.86B,$3.03B,62.41%,$4.86B,$0.79B,16.31%,$4.86B,$0.79B,16.31%,$4.86B,$0.97B,20.00%,$4.86B,$0.70B,14.48%,$4.86B,$0.54B,11.02%,$0.54B,$1.74B,32.30%,$0.54B,$0.88B,67.51%,$0.54B,$4.96B,11.64%,$0.79B,$2.94B,25.41%,$1680,$659,$1021,$70,$574,$1318,$362,$-16,$346,$90,$256,$256,$258,$409,$362,$126,126,$2.05,$2.03,$830,$608,$0,$3147,$247,$0,$859,$702,$1808,$4955,$1616,$1198,$364,$1598,$3213,$105,$4019,$-204,$1742,$4955,$353,$133,$49,$182,$-224,$-215,$0,$-72,$-339,$195,$-104,$0,$0,$0,$-12,$-12,$26,$-90,$0,$14,$14,$-104,$-104,$-185,$16,$-259,$-146,$40,$-185
9,2016-06-30,79.49,$12.85,6.18,$36.62,2.17,$7.27,10.93,$3.82,20.81,$2.52B,$0.75B,3.39,$1.55B,$1.61B,0.96,$4.65B,$2.90B,62.44%,$4.65B,$0.73B,15.80%,$4.65B,$0.73B,15.80%,$4.65B,$0.92B,19.85%,$4.65B,$0.64B,13.82%,$4.65B,$0.49B,10.44%,$0.49B,$1.61B,30.19%,$0.49B,$0.76B,65.79%,$0.49B,$4.34B,10.78%,$0.73B,$3.16B,23.27%,$879,$322,$557,$64,$395,$794,$85,$-18,$67,$18,$49,$49,$52,$131,$85,$125,127,$0.42,$0.41,$924,$572,$0,$2523,$243,$0,$856,$722,$1821,$4344,$745,$1548,$403,$1987,$2732,$105,$3825,$-174,$1613,$4344,$96,$86,$34,$120,$519,$-185,$0,$-88,$90,$306,$-66,$0,$0,$0,$0,$0,$20,$-46,$0,$-159,$-159,$-57,$-57,$-121,$18,$-319,$-53,$26,$-121
10,2016-03-31,75.36,$12.87,5.85,$35.99,2.09,$6.72,11.22,$3.74,20.15,$2.52B,$0.77B,3.29,$1.55B,$1.61B,0.96,$4.57B,$2.85B,62.34%,$4.57B,$0.73B,15.88%,$4.57B,$0.73B,15.88%,$4.57B,$0.92B,20.07%,$4.57B,$0.63B,13.78%,$4.57B,$0.48B,10.41%,$0.48B,$1.61B,30.43%,$0.48B,$0.74B,69.60%,$0.48B,$4.37B,10.63%,$0.73B,$3.16B,23.33%,$831,$290,$541,$57,$383,$745,$86,$-27,$59,$12,$47,$47,$49,$126,$86,$125,127,$0.39,$0.38,$1096,$462,$0,$2524,$241,$0,$865,$734,$1841,$4365,$768,$1547,$402,$1989,$2757,$105,$3837,$-164,$1607,$4365,$47,$40,$21,$61,$547,$-73,$0,$-51,$205,$313,$-31,$0,$0,$0,$0,$0,$4,$-28,$0,$-76,$-76,$-34,$-34,$-57,$-5,$-171,$119,$12,$-57
11,2015-12-31,62.98,$13.33,4.72,$35.09,1.79,$6.74,9.34,$3.57,17.64,$2.87B,$1.07B,2.69,$1.55B,$1.66B,0.93,$4.45B,$2.77B,62.30%,$4.45B,$0.69B,15.58%,$4.45B,$0.69B,15.58%,$4.45B,$0.89B,20.01%,$4.45B,$0.60B,13.58%,$4.45B,$0.45B,10.18%,$0.45B,$1.66B,29.79%,$0.45B,$0.79B,71.65%,$0.45B,$4.72B,10.21%,$0.69B,$3.21B,22.60%,$1465,$555,$911,$69,$562,$1207,$259,$-27,$231,$57,$174,$174,$176,$305,$259,$125,127,$1.41,$1.39,$977,$384,$0,$2866,$238,$0,$874,$744,$1855,$4721,$1065,$1547,$405,$1992,$3057,$105,$3852,$-146,$1664,$4721,$447,$198,$15,$213,$-228,$-99,$0,$70,$-89,$571,$-142,$0,$0,$0,$0,$0,$38,$-104,$0,$-87,$-87,$-87,$-87,$-226,$35,$-365,$84,$54,$-226
12,2015-09-30,67.05,$12.37,5.42,$33.53,2.0,$5.98,11.21,$3.52,19.05,$2.71B,$1.04B,2.61,$1.55B,$1.54B,1.0,$4.28B,$2.64B,61.70%,$4.28B,$0.66B,15.37%,$4.28B,$0.66B,15.37%,$4.28B,$0.86B,20.01%,$4.28B,$0.58B,13.50%,$4.28B,$0.45B,10.44%,$0.45B,$1.54B,30.39%,$0.45B,$0.66B,78.18%,$0.45B,$4.57B,10.19%,$0.66B,$3.09B,21.81%,$1471,$579,$892,$65,$503,$1167,$304,$-19,$285,$78,$206,$206,$208,$360,$304,$125,127,$1.66,$1.64,$551,$447,$0,$2710,$220,$0,$882,$756,$1858,$4567,$1040,$1547,$397,$1985,$3024,$105,$3734,$-126,$1543,$4567,$272,$152,$23,$174,$-383,$-156,$0,$-4,$-377,$70,$-98,$0,$0,$0,$-3,$-3,$42,$-59,$0,$-138,$-138,$-74,$-74,$-168,$45,$-336,$-342,$33,$-168
13,2015-06-30,69.12,$11.44,6.04,$33.36,2.07,$6.30,10.97,$3.28,21.07,$2.33B,$0.80B,2.91,$1.55B,$1.43B,1.08,$4.28B,$2.62B,61.13%,$4.28B,$0.64B,14.95%,$4.28B,$0.64B,14.95%,$4.28B,$0.85B,19.90%,$4.28B,$0.54B,12.54%,$4.28B,$0.42B,9.79%,$0.42B,$1.43B,28.70%,$0.42B,$0.54B,76.42%,$0.42B,$4.22B,9.58%,$0.64B,$2.98B,21.27%,$798,$295,$502,$58,$349,$722,$76,$-22,$54,$13,$40,$40,$42,$125,$76,$125,127,$0.33,$0.33,$858,$404,$0,$2332,$226,$0,$891,$769,$1886,$4218,$801,$1546,$400,$1988,$2789,$105,$3584,$-103,$1429,$4218,$66,$95,$16,$112,$333,$-101,$0,$-12,$58,$236,$-68,$0,$0,$0,$0,$0,$9,$-59,$0,$-84,$-84,$-49,$-49,$-111,$42,$-202,$-35,$22,$-111
14,2015-03-31,58.07,$11.60,5.0,$33.40,1.74,$5.42,10.72,$3.21,18.09,$2.33B,$0.82B,2.85,$1.55B,$1.45B,1.07,$4.31B,$2.62B,60.85%,$4.31B,$0.65B,15.00%,$4.31B,$0.65B,15.00%,$4.31B,$0.86B,19.87%,$4.31B,$0.55B,12.71%,$4.31B,$0.41B,9.51%,$0.41B,$1.45B,27.97%,$0.41B,$0.54B,75.82%,$0.41B,$4.25B,9.42%,$0.65B,$2.99B,21.43%,$714,$248,$466,$52,$336,$659,$54,$-20,$34,$8,$26,$26,$27,$100,$54,$125,126,$0.21,$0.21,$1081,$341,$0,$2332,$244,$0,$904,$767,$1915,$4247,$817,$1546,$396,$1985,$2802,$105,$3600,$-87,$1446,$4247,$26,$45,$6,$52,$478,$-20,$0,$-14,$238,$315,$-31,$0,$0,$0,$0,$0,$-2,$-33,$0,$-20,$-20,$-27,$-27,$-53,$18,$-82,$188,$10,$-53
15,2014-12-31,50.1,$11.77,4.26,$32.87,1.52,$4.82,10.39,$3.24,15.46,$2.64B,$1.07B,2.47,$1.55B,$1.47B,1.06,$4.28B,$2.58B,60.30%,$4.28B,$0.64B,14.87%,$4.28B,$0.64B,14.87%,$4.28B,$0.84B,19.64%,$4.28B,$0.54B,12.63%,$4.28B,$0.42B,9.70%,$0.42B,$1.47B,27.62%,$0.42B,$0.55B,73.48%,$0.42B,$4.52B,9.65%,$0.64B,$3.01B,21.86%,$1299,$517,$782,$65,$467,$1075,$224,$-18,$205,$37,$169,$169,$170,$272,$224,$128,130,$1.32,$1.30,$893,$340,$0,$2644,$237,$0,$918,$719,$1875,$4518,$1072,$1546,$392,$1981,$3052,$105,$3630,$-95,$1466,$4518,$413,$205,$26,$231,$-112,$-29,$0,$-48,$-190,$454,$-113,$0,$0,$0,$0,$0,$113,$-0,$135,$246,$381,$-460,$-460,$-217,$64,$-231,$211,$36,$-217
16,2014-09-30,49.73,$11.88,4.19,$32.60,1.53,$4.39,11.33,$2.88,17.27,$2.65B,$1.01B,2.61,$1.56B,$1.50B,1.04,$4.26B,$2.54B,59.69%,$4.26B,$0.60B,13.99%,$4.26B,$0.60B,13.99%,$4.26B,$0.83B,19.55%,$4.26B,$0.50B,11.64%,$4.26B,$0.38B,8.80%,$0.38B,$1.50B,24.09%,$0.38B,$0.57B,61.91%,$0.38B,$4.51B,8.78%,$0.60B,$3.06B,21.16%,$1470,$603,$867,$58,$486,$1184,$286,$-42,$244,$64,$180,$180,$180,$355,$286,$127,129,$1.42,$1.40,$452,$499,$0,$2646,$228,$0,$932,$703,$1863,$4509,$1014,$1560,$392,$1996,$3010,$105,$3514,$-37,$1499,$4509,$244,$156,$11,$167,$-274,$-172,$0,$11,$-385,$27,$-14,$0,$0,$0,$0,$0,$4,$-10,$135,$71,$206,$-338,$-338,$-163,$52,$-243,$-230,$27,$-163
17,2014-06-30,47.57,$11.35,4.19,$31.57,1.51,$4.06,11.73,$2.94,16.18,$2.20B,$0.73B,3.04,$1.56B,$1.45B,1.07,$4.16B,$2.48B,59.57%,$4.16B,$0.51B,12.24%,$4.16B,$0.51B,12.24%,$4.16B,$0.74B,17.81%,$4.16B,$0.41B,9.81%,$4.16B,$0.32B,7.74%,$0.32B,$1.45B,20.60%,$0.32B,$0.51B,54.32%,$0.32B,$4.14B,7.51%,$0.51B,$3.01B,19.04%,$829,$320,$509,$52,$356,$747,$83,$-18,$65,$32,$33,$33,$33,$130,$83,$129,131,$0.26,$0.26,$586,$493,$0,$2204,$237,$0,$945,$752,$1934,$4139,$725,$1560,$358,$1962,$2687,$105,$3387,$-52,$1452,$4139,$64,$87,$15,$102,$342,$-143,$0,$-39,$-57,$109,$-52,$0,$0,$0,$0,$0,$-1,$-53,$135,$1,$136,$-214,$-214,$-108,$31,$-154,$-96,$18,$-108
18,2014-03-31,49.49,$12.24,4.04,$31.09,1.59,$5.48,9.03,$2.96,16.72,$2.14B,$1.09B,1.96,$0.96B,$1.59B,0.6,$4.10B,$2.44B,59.43%,$4.10B,$0.50B,12.20%,$4.10B,$0.50B,12.20%,$4.10B,$0.73B,17.84%,$4.10B,$0.39B,9.62%,$4.10B,$0.33B,7.93%,$0.33B,$1.59B,20.78%,$0.33B,$0.64B,53.02%,$0.33B,$4.03B,7.56%,$0.50B,$2.55B,19.81%,$679,$259,$421,$47,$312,$636,$43,$-17,$26,$-6,$32,$32,$32,$83,$43,$131,133,$0.24,$0.24,$792,$391,$0,$2142,$237,$0,$957,$693,$1887,$4029,$1094,$960,$337,$1341,$2435,$105,$3408,$-49,$1594,$4029,$32,$40,$11,$51,$530,$-42,$0,$-40,$160,$242,$-22,$0,$0,$0,$0,$0,$-5,$-27,$0,$5,$5,$-80,$-80,$-52,$24,$-103,$110,$7,$-52
19,2013-12-31,48.55,$12.84,3.78,$31.10,1.56,$5.94,8.17,$2.67,18.18,$2.48B,$1.36B,1.82,$0.96B,$1.68B,0.57,$4.08B,$2.41B,59.04%,$4.08B,$0.47B,11.46%,$4.08B,$0.47B,11.46%,$4.08B,$0.70B,17.03%,$4.08B,$0.35B,8.62%,$4.08B,$0.29B,7.01%,$0.29B,$1.68B,18.68%,$0.29B,$0.71B,47.71%,$0.29B,$4.40B,6.64%,$0.47B,$2.64B,18.00%,$1282,$536,$746,$53,$455,$1098,$184,$-22,$161,$33,$128,$128,$130,$265,$184,$130,132,$1.00,$0.98,$682,$349,$0,$2480,$236,$0,$970,$715,$1922,$4402,$1363,$960,$351,$1357,$2720,$105,$3432,$-34,$1682,$4402,$284,$229,$2,$231,$-87,$-38,$0,$-130,$-114,$401,$-112,$0,$0,$0,$-111,$-111,$5,$-218,$0,$-215,$-215,$-103,$-103,$-156,$134,$-341,$-167,$21,$-156
20,2013-09-30,41.29,$11.73,3.52,$31.11,1.33,$6.95,5.94,$2.68,15.41,$2.60B,$1.65B,1.58,$0.96B,$1.52B,0.63,$4.08B,$2.43B,59.52%,$4.08B,$0.48B,11.85%,$4.08B,$0.48B,11.85%,$4.08B,$0.69B,16.80%,$4.08B,$0.37B,8.94%,$4.08B,$0.29B,7.00%,$0.29B,$1.52B,19.23%,$0.29B,$0.52B,49.70%,$0.29B,$4.59B,6.67%,$0.48B,$2.48B,18.16%,$1370,$569,$802,$59,$511,$1172,$199,$-43,$156,$30,$126,$126,$127,$263,$199,$130,132,$0.97,$0.96,$589,$447,$0,$2597,$231,$0,$1008,$753,$1993,$4590,$1649,$960,$411,$1418,$3067,$105,$3355,$-79,$1523,$4590,$156,$147,$21,$168,$-203,$-134,$0,$-163,$-277,$47,$-78,$0,$0,$0,$-110,$-110,$3,$-185,$0,$-11,$-11,$-87,$-87,$-104,$87,$-115,$-261,$21,$-104
21,2013-06-30,38.93,$11.20,3.47,$30.87,1.26,$7.70,5.05,$2.46,15.82,$2.37B,$1.30B,1.83,$0.96B,$1.46B,0.66,$4.06B,$2.39B,58.83%,$4.06B,$0.54B,13.18%,$4.06B,$0.54B,13.18%,$4.06B,$0.73B,17.96%,$4.06B,$0.43B,10.69%,$4.06B,$0.32B,7.98%,$0.32B,$1.46B,21.77%,$0.32B,$0.59B,53.84%,$0.32B,$4.18B,7.62%,$0.54B,$2.42B,19.27%,$766,$301,$466,$48,$321,$692,$74,$-23,$51,$15,$36,$36,$36,$120,$74,$129,131,$0.28,$0.28,$1022,$360,$0,$2366,$238,$0,$868,$706,$1812,$4178,$1297,$960,$466,$1426,$2722,$105,$3280,$-78,$1456,$4178,$30,$83,$3,$85,$361,$-53,$0,$-20,$183,$298,$-54,$0,$0,$0,$0,$0,$4,$-49,$0,$-31,$-31,$-56,$-56,$-52,$72,$-67,$173,$12,$-52
22,2013-03-31,37.84,$11.31,3.34,$31.16,1.21,$6.98,5.42,$2.51,15.07,$2.25B,$0.74B,3.03,$1.39B,$1.46B,0.95,$4.10B,$2.42B,58.99%,$4.10B,$0.55B,13.33%,$4.10B,$0.55B,13.33%,$4.10B,$0.74B,18.06%,$4.10B,$0.44B,10.79%,$4.10B,$0.33B,8.07%,$0.33B,$1.46B,22.46%,$0.33B,$0.58B,57.59%,$0.33B,$4.06B,7.86%,$0.55B,$2.86B,19.05%,$664,$268,$396,$47,$321,$653,$11,$-27,$-16,$-10,$-7,$-7,$-7,$47,$11,$129,129,$-0.05,$-0.05,$1067,$324,$0,$2250,$233,$0,$880,$697,$1810,$4061,$742,$1394,$461,$1856,$2598,$105,$3296,$-68,$1463,$4061,$-7,$36,$-2,$34,$516,$-11,$0,$-28,$270,$297,$-24,$0,$0,$0,$0,$0,$4,$-21,$0,$-63,$-63,$-22,$-22,$0,$25,$-59,$217,$5,$0
23,2012-12-31,30.91,$11.69,2.64,$31.03,1.0,$6.88,4.49,$2.54,12.17,$2.51B,$0.96B,2.61,$1.40B,$1.51B,0.93,$4.09B,$2.42B,59.11%,$4.09B,$0.55B,13.50%,$4.09B,$0.55B,13.50%,$4.09B,$0.74B,18.17%,$4.09B,$0.45B,11.10%,$4.09B,$0.34B,8.19%,$0.34B,$1.51B,22.98%,$0.34B,$0.62B,61.41%,$0.34B,$4.33B,8.03%,$0.55B,$2.90B,19.32%,$1284,$516,$767,$58,$478,$1083,$200,$-26,$174,$43,$130,$130,$130,$256,$200,$130,132,$1.01,$1.00,$850,$316,$0,$2508,$230,$0,$892,$695,$1817,$4325,$960,$1396,$461,$1858,$2818,$105,$3355,$-72,$1507,$4325,$336,$192,$3,$195,$29,$23,$0,$-26,$3,$535,$-112,$0,$0,$0,$0,$0,$6,$-106,$0,$43,$43,$-98,$-98,$-225,$61,$-219,$208,$19,$-225
24,2012-09-30,32.23,$11.71,2.75,$31.24,1.03,$5.90,5.47,$2.61,12.35,$2.62B,$1.13B,2.33,$1.40B,$1.53B,0.92,$4.13B,$2.39B,57.76%,$4.13B,$0.57B,13.76%,$4.13B,$0.57B,13.76%,$4.13B,$0.76B,18.48%,$4.13B,$0.47B,11.34%,$4.13B,$0.34B,8.32%,$0.34B,$1.53B,23.97%,$0.34B,$0.62B,67.42%,$0.34B,$4.45B,8.34%,$0.57B,$2.93B,20.07%,$1345,$587,$759,$48,$435,$1096,$250,$-25,$225,$60,$165,$165,$165,$306,$250,$131,132,$1.26,$1.24,$697,$463,$0,$2619,$218,$0,$907,$703,$1827,$4446,$1127,$1399,$394,$1793,$2919,$105,$3271,$-38,$1527,$4446,$206,$136,$16,$152,$-141,$-125,$0,$-20,$-214,$144,$-75,$0,$0,$0,$0,$0,$3,$-72,$0,$83,$83,$-15,$-15,$-132,$49,$-15,$55,$18,$-132
25,2012-06-30,28.32,$10.74,2.64,$31.28,0.91,$4.85,5.83,$2.64,10.73,$2.15B,$0.84B,2.56,$1.40B,$1.40B,1.0,$4.17B,$2.41B,57.74%,$4.17B,$0.57B,13.61%,$4.17B,$0.57B,13.61%,$4.17B,$0.76B,18.27%,$4.17B,$0.47B,11.16%,$4.17B,$0.35B,8.40%,$0.35B,$1.40B,25.02%,$0.35B,$0.48B,75.80%,$0.35B,$4.02B,8.68%,$0.57B,$2.80B,20.25%,$811,$312,$499,$50,$342,$725,$86,$-27,$60,$16,$43,$43,$43,$132,$86,$130,132,$0.33,$0.33,$780,$417,$0,$2146,$223,$0,$920,$726,$1869,$4015,$839,$1400,$377,$1777,$2615,$105,$3153,$-40,$1399,$4015,$41,$79,$13,$93,$391,$-87,$0,$-78,$67,$201,$-50,$0,$0,$0,$0,$0,$6,$-44,$0,$40,$40,$-10,$-10,$-85,$41,$-14,$138,$13,$-85
26,2012-03-31,30.4,$10.78,2.82,$31.66,0.96,$4.27,7.12,$2.73,11.14,$2.02B,$0.73B,2.78,$1.40B,$1.40B,1.0,$4.26B,$2.44B,57.16%,$4.26B,$0.56B,13.16%,$4.26B,$0.56B,13.16%,$4.26B,$0.76B,17.71%,$4.26B,$0.46B,10.75%,$4.26B,$0.37B,8.56%,$0.37B,$1.40B,25.77%,$0.37B,$0.47B,78.03%,$0.37B,$3.90B,9.09%,$0.56B,$2.80B,19.90%,$649,$257,$392,$45,$317,$633,$16,$-21,$-5,$-2,$-3,$-3,$-3,$49,$16,$130,130,$-0.02,$-0.02,$884,$397,$0,$2019,$223,$0,$932,$724,$1878,$3897,$726,$1401,$373,$1774,$2500,$105,$3156,$-24,$1397,$3897,$-3,$33,$7,$40,$595,$-58,$0,$-58,$248,$285,$-23,$0,$0,$0,$0,$0,$7,$-16,$0,$-10,$-10,$-5,$-5,$-39,$23,$-30,$242,$5,$-39
27,2011-12-31,26.18,$11.02,2.38,$31.42,0.83,$4.05,6.46,$2.87,9.12,$2.25B,$0.94B,2.39,$1.40B,$1.42B,0.99,$4.29B,$2.45B,57.15%,$4.29B,$0.59B,13.86%,$4.29B,$0.59B,13.86%,$4.29B,$0.79B,18.41%,$4.29B,$0.49B,11.34%,$4.29B,$0.39B,8.98%,$0.39B,$1.42B,26.56%,$0.39B,$0.48B,78.13%,$0.39B,$4.13B,9.57%,$0.59B,$2.82B,20.83%,$1329,$591,$738,$47,$442,$1113,$217,$-27,$189,$50,$139,$139,$139,$277,$217,$134,134,$1.04,$1.01,$642,$334,$0,$2254,$218,$0,$942,$717,$1877,$4131,$942,$1401,$370,$1771,$2713,$105,$3205,$-36,$1418,$4131,$385,$196,$10,$206,$-109,$17,$0,$-179,$-195,$396,$-99,$0,$0,$0,$-12,$-12,$3,$-108,$0,$167,$167,$-423,$-423,$-154,$34,$-376,$-86,$12,$-154
28,2011-09-30,26.56,$10.67,2.49,$30.27,0.88,$3.59,7.4,$2.80,9.49,$2.21B,$0.94B,2.35,$1.41B,$1.38B,1.02,$4.24B,$2.45B,57.95%,$4.24B,$0.58B,13.65%,$4.24B,$0.58B,13.65%,$4.24B,$0.77B,18.06%,$4.24B,$0.47B,11.10%,$4.24B,$0.39B,9.11%,$0.39B,$1.38B,25.75%,$0.39B,$0.43B,72.28%,$0.39B,$4.09B,9.61%,$0.58B,$2.79B,19.93%,$1376,$600,$776,$50,$460,$1128,$248,$-27,$221,$50,$171,$171,$171,$303,$248,$132,135,$1.29,$1.27,$187,$519,$0,$2210,$220,$0,$955,$699,$1874,$4085,$942,$1405,$356,$1761,$2703,$105,$3105,$-15,$1381,$4085,$246,$135,$1,$136,$-317,$-168,$0,$-126,$-382,$1,$-72,$0,$0,$0,$-12,$-12,$5,$-78,$0,$-0,$-0,$-385,$-385,$-115,$35,$-465,$-541,$24,$-115
29,2011-06-30,35.51,$10.88,3.26,$29.34,1.21,$3.62,9.81,$2.62,13.55,$2.05B,$0.71B,2.9,$1.40B,$1.47B,0.96,$4.17B,$2.40B,57.53%,$4.17B,$0.57B,13.61%,$4.17B,$0.57B,13.61%,$4.17B,$0.75B,17.93%,$4.17B,$0.47B,11.22%,$4.17B,$0.37B,8.87%,$0.37B,$1.47B,24.25%,$0.37B,$0.50B,66.97%,$0.37B,$3.94B,9.14%,$0.57B,$2.87B,19.41%,$908,$378,$530,$55,$377,$828,$80,$-27,$53,$-5,$58,$58,$58,$126,$80,$136,139,$0.43,$0.42,$585,$427,$0,$2046,$239,$0,$965,$691,$1895,$3941,$707,$1403,$363,$1766,$2472,$105,$2972,$4,$1469,$3941,$75,$80,$11,$91,$141,$-54,$0,$-79,$-37,$129,$-51,$0,$0,$0,$-10,$-10,$3,$-58,$0,$-2,$-2,$-172,$-172,$-75,$28,$-221,$-143,$17,$-75
30,2011-03-31,37.62,$11.19,3.36,$27.78,1.35,$3.89,9.67,$2.49,15.11,$2.06B,$0.63B,3.29,$1.40B,$1.53B,0.91,$4.00B,$2.31B,57.65%,$4.00B,$0.57B,14.19%,$4.00B,$0.57B,14.19%,$4.00B,$0.74B,18.52%,$4.00B,$0.48B,11.89%,$4.00B,$0.36B,8.90%,$0.36B,$1.53B,22.89%,$0.36B,$0.57B,62.21%,$0.36B,$3.94B,8.78%,$0.57B,$2.93B,19.22%,$672,$267,$405,$46,$296,$623,$49,$-26,$23,$6,$17,$17,$17,$83,$49,$138,141,$0.12,$0.12,$927,$401,$0,$2061,$238,$0,$965,$676,$1880,$3940,$627,$1397,$386,$1783,$2409,$105,$2955,$-2,$1531,$3940,$17,$34,$7,$41,$420,$-28,$0,$-21,$218,$276,$-22,$0,$0,$0,$0,$0,$-2,$-24,$0,$24,$24,$-58,$-58,$-34,$12,$-57,$200,$7,$-34
31,2010-12-31,37.68,$11.76,3.21,$27.46,1.37,$3.70,10.17,$2.77,13.6,$2.22B,$0.72B,3.09,$1.40B,$1.62B,0.87,$4.00B,$2.31B,57.77%,$4.00B,$0.59B,14.69%,$4.00B,$0.59B,14.69%,$4.00B,$0.76B,18.92%,$4.00B,$0.51B,12.67%,$4.00B,$0.40B,9.95%,$0.40B,$1.62B,25.03%,$0.40B,$0.64B,67.00%,$0.40B,$4.09B,9.73%,$0.59B,$3.01B,19.68%,$1279,$535,$743,$62,$451,$1078,$201,$-28,$173,$33,$140,$140,$140,$253,$201,$139,146,$1.01,$0.96,$728,$364,$0,$2221,$234,$0,$975,$663,$1872,$4093,$719,$1398,$361,$1759,$2478,$105,$2978,$8,$1615,$4093,$398,$168,$59,$227,$71,$-152,$0,$-47,$-257,$368,$-113,$0,$0,$0,$0,$0,$8,$-104,$492,$-0,$492,$-640,$-640,$-133,$110,$-171,$92,$33,$-133
32,2010-09-30,35.35,$10.91,3.24,$27.68,1.28,$3.01,11.75,$2.87,12.32,$2.35B,$0.98B,2.4,$1.41B,$1.49B,0.94,$4.10B,$2.38B,58.13%,$4.10B,$0.63B,15.40%,$4.10B,$0.63B,15.40%,$4.10B,$0.80B,19.47%,$4.10B,$0.56B,13.67%,$4.10B,$0.42B,10.35%,$0.42B,$1.49B,26.75%,$0.42B,$0.50B,73.74%,$0.42B,$4.22B,10.49%,$0.63B,$2.89B,21.64%,$1313,$592,$722,$52,$412,$1076,$238,$-19,$219,$64,$155,$155,$155,$286,$238,$138,142,$1.12,$1.09,$498,$468,$0,$2347,$221,$0,$988,$660,$1869,$4216,$978,$1405,$345,$1750,$2728,$105,$2873,$23,$1487,$4216,$258,$116,$37,$153,$-168,$-252,$0,$-24,$-405,$6,$-76,$0,$0,$0,$0,$0,$2,$-74,$492,$89,$581,$-631,$-631,$-99,$80,$-68,$-138,$24,$-99
33,2010-06-30,32.45,$11.25,2.89,$26.78,1.21,$1.64,19.74,$2.77,11.71,$2.08B,$0.66B,3.17,$1.40B,$1.59B,0.88,$4.06B,$2.39B,58.78%,$4.06B,$0.62B,15.35%,$4.06B,$0.62B,15.35%,$4.06B,$0.79B,19.54%,$4.06B,$0.56B,13.75%,$4.06B,$0.42B,10.31%,$0.42B,$1.59B,26.43%,$0.42B,$0.58B,75.12%,$0.42B,$3.97B,10.60%,$0.62B,$2.99B,21.90%,$738,$300,$437,$47,$299,$658,$80,$-19,$61,$17,$44,$44,$44,$119,$80,$144,148,$0.30,$0.29,$872,$342,$0,$2080,$219,$0,$1005,$669,$1894,$3974,$657,$1397,$331,$1728,$2385,$105,$2751,$28,$1589,$3974,$103,$68,$26,$94,$357,$-141,$0,$-34,$-24,$173,$-50,$0,$0,$0,$0,$0,$-1,$-51,$492,$-3,$490,$-352,$-352,$-64,$47,$120,$236,$16,$-64
34,2010-03-31,30.03,$11.89,2.53,$26.99,1.11,$-0.70,0.0,$2.74,10.96,$2.21B,$0.69B,3.2,$1.39B,$1.67B,0.83,$4.12B,$2.43B,58.89%,$4.12B,$0.62B,14.98%,$4.12B,$0.62B,14.98%,$4.12B,$0.79B,19.23%,$4.12B,$0.56B,13.48%,$4.12B,$0.41B,10.05%,$0.41B,$1.67B,26.96%,$0.41B,$0.65B,84.49%,$0.41B,$4.08B,10.81%,$0.62B,$3.06B,22.57%,$672,$263,$410,$40,$289,$603,$69,$-15,$54,$-5,$59,$59,$59,$99,$69,$137,151,$0.43,$0.40,$1260,$227,$0,$2213,$221,$0,$1017,$627,$1865,$4078,$692,$1390,$326,$1716,$2408,$105,$2745,$56,$1670,$4078,$59,$29,$22,$52,$502,$-22,$0,$-42,$155,$265,$-21,$0,$0,$0,$0,$0,$-0,$-21,$493,$-2,$491,$-96,$-96,$-27,$14,$382,$624,$7,$-27
35,2009-12-31,24.99,$11.63,2.15,$26.61,0.94,$-2.62,0.0,$2.48,10.08,$2.05B,$0.82B,2.51,$1.13B,$1.60B,0.71,$4.07B,$2.39B,58.81%,$4.07B,$0.59B,14.48%,$4.07B,$0.59B,14.48%,$4.07B,$0.77B,18.91%,$4.07B,$0.53B,13.03%,$4.07B,$0.38B,9.22%,$0.38B,$1.60B,25.62%,$0.38B,$0.56B,90.04%,$0.38B,$3.90B,10.59%,$0.59B,$2.73B,23.64%,$1375,$562,$813,$57,$487,$1132,$244,$-17,$226,$61,$166,$166,$166,$294,$244,$139,153,$1.19,$1.09,$636,$208,$0,$2045,$221,$0,$1030,$601,$1852,$3897,$816,$1132,$354,$1486,$2302,$105,$2721,$59,$1595,$3897,$375,$181,$49,$230,$-423,$105,$0,$-28,$-339,$266,$-104,$0,$0,$-18,$-371,$-389,$-4,$-498,$421,$4,$425,$-88,$-88,$-111,$11,$237,$6,$30,$-111
36,2009-09-30,21.47,$10.71,2.01,$25.54,0.84,$-0.61,0.0,$2.01,10.68,$1.99B,$0.89B,2.25,$1.14B,$1.49B,0.76,$3.92B,$2.27B,57.89%,$3.92B,$0.50B,12.67%,$3.92B,$0.50B,12.67%,$3.92B,$0.67B,17.05%,$3.92B,$0.43B,11.04%,$3.92B,$0.30B,7.72%,$0.30B,$1.49B,21.45%,$0.30B,$0.43B,83.59%,$0.30B,$3.86B,9.02%,$0.50B,$2.62B,21.29%,$1279,$550,$729,$44,$434,$1049,$231,$-13,$218,$67,$150,$150,$150,$282,$231,$140,153,$1.08,$0.99,$297,$400,$0,$1992,$216,$0,$1057,$597,$1869,$3861,$887,$1135,$352,$1486,$2373,$105,$2582,$43,$1488,$3861,$209,$131,$27,$157,$-501,$-89,$0,$-46,$-577,$-211,$-74,$0,$0,$-16,$-371,$-387,$-3,$-464,$421,$24,$445,$-27,$-27,$-84,$6,$340,$-333,$22,$-84
37,2009-06-30,18.61,$9.94,1.87,$25.51,0.73,$0.86,21.71,$1.91,9.75,$1.60B,$0.61B,2.62,$1.14B,$1.39B,0.82,$3.95B,$2.27B,57.53%,$3.95B,$0.48B,12.21%,$3.95B,$0.48B,12.21%,$3.95B,$0.65B,16.50%,$3.95B,$0.42B,10.57%,$3.95B,$0.29B,7.37%,$0.29B,$1.39B,21.09%,$0.29B,$0.31B,89.06%,$0.29B,$3.48B,8.97%,$0.48B,$2.52B,21.95%,$792,$319,$473,$44,$337,$719,$73,$-16,$57,$18,$39,$39,$39,$117,$73,$140,153,$0.28,$0.26,$392,$347,$0,$1602,$223,$0,$1078,$575,$1876,$3478,$613,$1135,$341,$1476,$2089,$105,$2460,$47,$1390,$3478,$59,$79,$27,$106,$-48,$-41,$0,$-71,$-345,$-180,$-52,$0,$0,$-4,$-371,$-375,$-1,$-428,$421,$3,$424,$0,$0,$-56,$2,$371,$-238,$14,$-56
38,2009-03-31,19.12,$9.88,1.94,$25.39,0.75,$2.16,8.85,$1.90,10.06,$1.45B,$0.57B,2.54,$0.71B,$1.38B,0.51,$3.94B,$2.27B,57.72%,$3.94B,$0.48B,12.06%,$3.94B,$0.48B,12.06%,$3.94B,$0.64B,16.28%,$3.94B,$0.42B,10.54%,$3.94B,$0.29B,7.34%,$0.29B,$1.38B,21.27%,$0.29B,$0.36B,95.22%,$0.29B,$2.93B,9.10%,$0.48B,$2.09B,22.96%,$621,$245,$377,$37,$278,$580,$41,$-13,$29,$9,$20,$20,$20,$76,$41,$140,153,$0.14,$0.14,$590,$295,$0,$1450,$218,$0,$1022,$238,$1478,$2928,$571,$710,$266,$976,$1547,$105,$2448,$59,$1381,$2928,$20,$35,$18,$53,$226,$0,$0,$-68,$-95,$-23,$-25,$0,$0,$0,$0,$0,$1,$-23,$0,$37,$37,$0,$0,$-28,$2,$11,$-40,$6,$-28
39,2008-12-31,22.06,$9.99,2.21,$25.83,0.85,$3.30,6.69,$2.01,10.98,$1.71B,$0.80B,2.14,$0.71B,$1.39B,0.51,$4.02B,$2.33B,57.92%,$4.02B,$0.50B,12.31%,$4.02B,$0.50B,12.31%,$4.02B,$0.66B,16.41%,$4.02B,$0.44B,10.99%,$4.02B,$0.31B,7.61%,$0.31B,$1.39B,23.00%,$0.31B,$0.35B,110.87%,$0.31B,$3.17B,9.48%,$0.50B,$2.10B,24.26%,$1231,$540,$692,$54,$466,$1079,$152,$-23,$129,$35,$94,$94,$94,$194,$152,$141,155,$0.67,$0.61,$630,$300,$0,$1714,$212,$0,$1043,$200,$1455,$3169,$800,$710,$268,$978,$1778,$105,$2457,$62,$1391,$3169,$307,$166,$60,$226,$-14,$-70,$0,$88,$60,$593,$-117,$0,$0,$0,$-155,$-155,$-0,$-272,$-135,$-1,$-136,$-360,$-360,$-107,$146,$-457,$-144,$35,$-107
40,2008-09-30,26.08,$9.74,2.68,$25.48,1.02,$3.21,8.12,$2.23,11.69,$1.94B,$1.11B,1.76,$0.71B,$1.36B,0.52,$4.09B,$2.40B,58.61%,$4.09B,$0.54B,13.28%,$4.09B,$0.54B,13.28%,$4.09B,$0.70B,17.17%,$4.09B,$0.50B,12.23%,$4.09B,$0.35B,8.46%,$0.35B,$1.36B,26.03%,$0.35B,$0.29B,116.89%,$0.35B,$3.41B,10.67%,$0.54B,$2.07B,26.63%,$1302,$574,$728,$50,$442,$1086,$216,$-14,$202,$63,$138,$138,$138,$264,$216,$142,156,$0.98,$0.89,$357,$462,$0,$1943,$208,$0,$1068,$188,$1464,$3407,$1105,$710,$235,$945,$2051,$105,$2391,$103,$1356,$3407,$213,$123,$34,$157,$-296,$-206,$0,$48,$-346,$24,$-85,$0,$0,$0,$-155,$-155,$-3,$-242,$-135,$223,$88,$-353,$-353,$-79,$145,$-199,$-418,$26,$-79
41,2008-06-30,26.69,$9.27,2.88,$24.31,1.1,$3.50,7.62,$2.29,11.66,$1.72B,$0.94B,1.83,$0.71B,$1.31B,0.54,$4.01B,$2.37B,59.12%,$4.01B,$0.54B,13.39%,$4.01B,$0.54B,13.39%,$4.01B,$0.69B,17.31%,$4.01B,$0.50B,12.52%,$4.01B,$0.37B,9.23%,$0.37B,$1.31B,27.86%,$0.37B,$0.22B,115.90%,$0.37B,$3.21B,11.51%,$0.54B,$2.02B,26.35%,$784,$308,$476,$45,$344,$719,$66,$-10,$55,$18,$37,$37,$37,$107,$66,$140,155,$0.27,$0.25,$595,$375,$0,$1719,$211,$0,$1090,$186,$1486,$3205,$939,$710,$248,$958,$1897,$105,$2281,$80,$1308,$3205,$75,$75,$15,$90,$109,$-103,$0,$38,$-142,$23,$-55,$0,$0,$0,$-155,$-155,$-6,$-216,$0,$183,$183,$-210,$-210,$-51,$88,$10,$-180,$18,$-51
42,2008-03-31,20.73,$9.07,2.28,$23.45,0.88,$3.64,5.7,$2.07,10.02,$1.72B,$0.90B,1.92,$0.71B,$1.27B,0.56,$3.92B,$2.31B,59.04%,$3.92B,$0.53B,13.46%,$3.92B,$0.53B,13.46%,$3.92B,$0.68B,17.42%,$3.92B,$0.47B,11.98%,$3.92B,$0.34B,8.63%,$0.34B,$1.27B,24.35%,$0.34B,$0.25B,82.59%,$0.34B,$3.13B,10.77%,$0.53B,$1.98B,25.78%,$704,$271,$433,$42,$312,$643,$61,$-6,$56,$18,$37,$37,$37,$95,$61,$142,156,$0.26,$0.25,$832,$291,$0,$1723,$202,$0,$1018,$184,$1404,$3126,$896,$710,$254,$964,$1860,$105,$2271,$82,$1267,$3126,$37,$34,$9,$43,$283,$-18,$0,$7,$73,$154,$-25,$0,$0,$0,$-67,$-67,$-2,$-94,$0,$160,$160,$-152,$-152,$-23,$11,$-4,$58,$10,$-23
43,2007-12-31,18.89,$9.54,1.98,$22.48,0.84,$3.01,6.28,$2.01,9.4,$1.89B,$0.89B,2.13,$0.71B,$1.39B,0.51,$3.84B,$2.26B,58.93%,$3.84B,$0.52B,13.55%,$3.84B,$0.52B,13.55%,$3.84B,$0.68B,17.62%,$3.84B,$0.46B,12.07%,$3.84B,$0.33B,8.70%,$0.33B,$1.39B,22.97%,$0.33B,$0.43B,69.01%,$0.33B,$3.24B,10.84%,$0.52B,$2.10B,25.28%,$1298,$539,$759,$50,$495,$1098,$200,$-13,$187,$53,$134,$134,$134,$236,$200,$156,171,$0.86,$0.80,$774,$259,$0,$1888,$188,$0,$957,$203,$1349,$3237,$888,$710,$255,$964,$1852,$105,$2262,$75,$1385,$3237,$333,$157,$67,$224,$-75,$-44,$0,$100,$45,$602,$-92,$0,$0,$0,$-18,$-18,$-3,$-112,$346,$-1,$345,$-584,$-584,$-94,$-100,$-434,$59,$29,$-94
44,2007-09-30,20.47,$9.04,2.26,$21.07,0.97,$1.34,15.23,$1.79,11.44,$1.91B,$0.97B,1.96,$0.71B,$1.35B,0.53,$3.66B,$2.17B,59.43%,$3.66B,$0.51B,14.04%,$3.66B,$0.51B,14.04%,$3.66B,$0.67B,18.28%,$3.66B,$0.45B,12.23%,$3.66B,$0.31B,8.43%,$0.31B,$1.35B,20.64%,$0.31B,$0.38B,60.27%,$0.31B,$3.29B,10.11%,$0.51B,$2.06B,25.13%,$1223,$521,$702,$43,$431,$1013,$210,$-6,$204,$42,$162,$162,$162,$256,$210,$156,171,$1.04,$0.95,$411,$395,$0,$1907,$181,$0,$972,$226,$1379,$3286,$971,$710,$253,$962,$1933,$105,$2151,$35,$1353,$3286,$199,$120,$25,$146,$-321,$-181,$0,$96,$-298,$47,$-63,$0,$0,$0,$-18,$-18,$-3,$-84,$346,$-1,$346,$-639,$-639,$-71,$94,$-270,$-304,$23,$-71
45,2007-06-30,22.94,$9.60,2.39,$19.85,1.16,$0.57,40.46,$1.42,16.15,$1.53B,$0.62B,2.48,$0.50B,$1.55B,0.32,$3.47B,$2.05B,59.00%,$3.47B,$0.47B,13.48%,$3.47B,$0.47B,13.48%,$3.47B,$0.62B,17.86%,$3.47B,$0.39B,11.15%,$3.47B,$0.25B,7.09%,$0.25B,$1.55B,16.30%,$0.25B,$0.58B,47.86%,$0.25B,$2.91B,8.30%,$0.47B,$2.04B,23.36%,$691,$273,$418,$39,$306,$636,$56,$-34,$22,$17,$5,$5,$5,$95,$56,$160,165,$0.03,$0.03,$526,$352,$0,$1534,$185,$0,$968,$222,$1375,$2909,$619,$495,$248,$743,$1362,$105,$2013,$26,$1547,$2909,$38,$74,$16,$91,$140,$-145,$0,$30,$-99,$29,$-41,$0,$0,$0,$0,$0,$1,$-40,$0,$78,$78,$-294,$-294,$-45,$80,$-180,$-190,$15,$-45
46,2007-03-31,20.79,$9.58,2.17,$18.63,1.12,$-0.02,0.0,$1.46,14.24,$1.55B,$0.62B,2.49,$0.50B,$1.53B,0.32,$3.31B,$1.95B,58.86%,$3.31B,$0.43B,13.09%,$3.31B,$0.43B,13.09%,$3.31B,$0.58B,17.62%,$3.31B,$0.40B,12.03%,$3.31B,$0.27B,8.10%,$0.27B,$1.53B,18.03%,$0.27B,$0.55B,56.75%,$0.27B,$2.89B,9.17%,$0.43B,$2.03B,21.85%,$625,$243,$382,$35,$275,$572,$54,$-4,$50,$17,$33,$33,$33,$89,$54,$161,177,$0.20,$0.19,$704,$265,$0,$1548,$184,$0,$984,$175,$1344,$2892,$622,$495,$243,$738,$1360,$105,$2034,$19,$1532,$2892,$33,$35,$9,$44,$227,$-61,$0,$21,$-23,$54,$-19,$0,$0,$-15,$0,$-15,$2,$-32,$0,$-3,$-3,$-65,$-65,$-19,$39,$-48,$-27,$7,$-19
47,2006-12-31,19.71,$9.57,2.06,$17.73,1.11,$-0.71,0.0,$1.24,15.9,$1.72B,$0.91B,1.9,$0.50B,$1.54B,0.32,$3.15B,$1.85B,58.62%,$3.15B,$0.38B,11.96%,$3.15B,$0.38B,11.96%,$3.15B,$0.52B,16.63%,$3.15B,$0.34B,10.89%,$3.15B,$0.23B,7.30%,$0.23B,$1.54B,15.24%,$0.23B,$0.54B,48.40%,$0.23B,$3.10B,7.87%,$0.38B,$2.03B,18.81%,$1116,$446,$670,$49,$408,$924,$193,$-22,$171,$62,$108,$108,$108,$228,$193,$167,181,$0.63,$0.67,$715,$203,$0,$1718,$182,$0,$1002,$195,$1379,$3097,$906,$495,$158,$653,$1559,$105,$2020,$11,$1538,$3097,$230,$147,$50,$197,$-11,$-18,$0,$-43,$-107,$321,$-82,$0,$0,$0,$0,$0,$-2,$-84,$-33,$-4,$-36,$-457,$-457,$-75,$101,$-467,$-227,$23,$-75
