,Date,Stock Price,Book Value per Share,Price to Book Ratio,TTM Sales per Share,Price to Sales Ratio,TTM FCF per Share,Price to FCF Ratio,TTM Net EPS,PE Ratio,Current Assets,Current Liabilities,Current Ratio,Long Term Debt,Shareholder's Equity_x,Debt to Equity Ratio,TTM Revenue_x,TTM Gross Profit,Gross Margin,TTM Revenue_y,TTM Operating Income,Operating Margin,TTM Revenue_x,TTM EBIT,EBIT Margin,TTM Revenue_y,TTM EBITDA,EBITDA Margin,TTM Revenue_x,TTM Pre-Tax Income,Pre-Tax Margin,TTM Revenue_y,TTM Net Income_x,Net Margin,TTM Net Income_y,Shareholder's Equity_y,Return on Equity,TTM Net Income_x,Tangible Equity,Return on Tangible Equity,TTM Net Income_y,Total Assets,Return on Assets,TTM Net Income,LT Investments & Debt,Return on Investment,revenue,cost-goods-sold,gross-profit,research-development-expenses,selling-general-administrative-expenses,operating-expenses,operating-income,total-non-operating-income-expense,pre-tax-income,total-provision-income-taxes,income-after-taxes,income-from-continuous-operations,net-income,ebitda,ebit,basic-shares-outstanding,shares-outstanding,eps-basic-net-earnings-per-share,eps-earnings-per-share-diluted,cash-on-hand,inventory,other-current-assets,total-current-assets,net-property-plant-equipment,long-term-investments,goodwill-intangible-assets-total,other-long-term-assets,total-long-term-assets,total-assets,total-current-liabilities,long-term-debt,other-non-current-liabilities,total-long-term-liabilities,total-liabilities,common-stock-net,retained-earnings-accumulated-deficit,comprehensive-income,total-share-holder-equity,total-liabilities-share-holders-equity,net-income-loss,total-depreciation-amortization-cash-flow,other-non-cash-items,total-non-cash-items,change-in-accounts-receivable,change-in-inventories,change-in-accounts-payable,change-in-assets-liabilities,total-change-in-assets-liabilities,cash-flow-from-operating-activities,net-change-in-property-plant-equipment,net-change-in-intangible-assets,net-acquisitions-divestitures,net-change-in-short-term-investments,net-change-in-long-term-investments,net-change-in-investments-total,investing-activities-other,cash-flow-from-investing-activities,net-long-term-debt,net-current-debt,debt-issuance-retirement-net-total,net-common-equity-issued-repurchased,net-total-equity-issued-repurchased,total-common-preferred-stock-dividends-paid,financial-activities-other,cash-flow-from-financial-activities,net-cash-flow,stock-based-compensation,common-stock-dividends-paid
0,2018-09-30,21.47,$12.26,1.75,$2.43,8.84,$-2.96,0.0,$0.36,59.64,$1.12B,$0.03B,33.99,$1.53B,$0.65B,2.37,$0.13B,$0.13B,100.00%,$0.13B,$0.09B,73.02%,$0.13B,$0.09B,73.02%,$0.13B,$0.11B,85.71%,$0.13B,$0.04B,30.95%,$0.13B,$0.04B,27.78%,$0.04B,$0.65B,5.46%,$0.04B,$0.65B,5.46%,$0.04B,$2.30B,1.56%,$0.09B,$2.18B,4.38%,$35,$0,$35,$0,$9,$9,$26,$-8,$18,$1,$17,$17,$16,$30,$26,$53,53,$0.30,$0.30,$34,$0,$0,$1116,$362,$0,$0,$818,$1180,$2295,$33,$1532,$83,$1616,$1649,$1,$-152,$3,$647,$2295,$33,$11,$-12,$-1,$0,$0,$0,$-5,$-2,$30,$-23,$0,$0,$0,$-14,$-14,$-0,$-38,$99,$0,$99,$15,$15,$-53,$-75,$-13,$-21,$8,$-53
1,2018-06-30,19.42,$12.26,1.58,$2.28,8.53,$-5.44,0.0,$0.50,38.84,$1.02B,$0.03B,41.25,$1.45B,$0.65B,2.24,$0.12B,$0.12B,100.00%,$0.12B,$0.09B,72.65%,$0.12B,$0.09B,72.65%,$0.12B,$0.10B,85.47%,$0.12B,$0.03B,24.79%,$0.12B,$0.03B,23.08%,$0.03B,$0.65B,4.20%,$0.03B,$0.65B,4.20%,$0.03B,$2.22B,1.20%,$0.09B,$2.10B,4.11%,$36,$0,$36,$0,$10,$10,$26,$-8,$18,$0,$17,$17,$17,$30,$26,$52,52,$0.32,$0.32,$42,$0,$0,$1022,$355,$0,$0,$841,$1196,$2218,$25,$1449,$98,$1547,$1572,$1,$-151,$4,$646,$2218,$16,$7,$-5,$2,$0,$0,$0,$-3,$-4,$15,$-16,$0,$0,$0,$64,$64,$-8,$40,$18,$0,$18,$15,$15,$-35,$-60,$-63,$-8,$5,$-35
2,2018-03-31,18.85,$12.10,1.56,$2.15,8.78,$-7.49,0.0,$0.41,45.97,$1.03B,$0.03B,38.92,$1.43B,$0.63B,2.28,$0.11B,$0.11B,100.00%,$0.11B,$0.08B,71.56%,$0.11B,$0.08B,71.56%,$0.11B,$0.09B,85.32%,$0.11B,$0.02B,21.10%,$0.11B,$0.02B,20.18%,$0.02B,$0.63B,3.40%,$0.02B,$0.63B,3.40%,$0.02B,$2.22B,0.97%,$0.08B,$2.06B,3.82%,$28,$0,$28,$0,$8,$8,$20,$-21,$-1,$0,$-1,$-1,$-1,$24,$20,$52,52,$-0.03,$-0.03,$47,$0,$0,$1033,$340,$0,$0,$848,$1188,$2221,$27,$1431,$137,$1567,$1594,$1,$-150,$2,$627,$2221,$-1,$4,$4,$7,$0,$0,$0,$0,$-1,$5,$0,$0,$0,$0,$27,$27,$-1,$26,$2,$0,$2,$0,$0,$-18,$-17,$-33,$-2,$2,$-18
3,2017-12-31,23.26,$12.44,1.87,$2.11,11.03,$-9.74,0.0,$0.58,40.1,$1.05B,$0.03B,40.95,$1.43B,$0.64B,2.22,$0.11B,$0.11B,100.00%,$0.11B,$0.08B,71.43%,$0.11B,$0.08B,71.43%,$0.11B,$0.09B,84.76%,$0.11B,$0.03B,29.52%,$0.11B,$0.03B,28.57%,$0.03B,$0.64B,4.62%,$0.03B,$0.64B,4.62%,$0.03B,$2.25B,1.35%,$0.08B,$2.07B,3.78%,$27,$0,$27,$0,$7,$7,$20,$-16,$4,$1,$3,$3,$3,$24,$20,$50,50,$0.06,$0.06,$57,$0,$0,$1050,$341,$0,$0,$859,$1200,$2250,$26,$1428,$153,$1582,$1607,$1,$-131,$-1,$643,$2250,$31,$13,$-23,$-10,$0,$0,$0,$-9,$-9,$12,$-171,$0,$0,$0,$-104,$-104,$-23,$-298,$467,$0,$467,$97,$97,$-68,$-150,$345,$59,$11,$-68
4,2017-09-30,22.91,$12.67,1.81,$2.06,11.1,$-5.60,0.0,$0.60,38.19,$0.09B,$0.03B,2.74,$1.40B,$0.66B,2.13,$0.10B,$0.10B,100.00%,$0.10B,$0.07B,69.39%,$0.10B,$0.07B,69.39%,$0.10B,$0.08B,82.65%,$0.10B,$0.03B,31.63%,$0.10B,$0.03B,32.65%,$0.03B,$0.66B,5.06%,$0.03B,$0.66B,5.06%,$0.03B,$2.31B,1.53%,$0.07B,$2.05B,3.67%,$26,$0,$26,$0,$8,$8,$19,$-11,$8,$0,$8,$8,$8,$22,$19,$52,52,$0.14,$0.14,$91,$0,$0,$91,$314,$0,$0,$1906,$2220,$2311,$33,$1397,$226,$1623,$1656,$1,$-117,$-1,$655,$2311,$28,$10,$-19,$-9,$0,$0,$0,$2,$3,$21,$-143,$0,$0,$0,$-99,$-99,$-30,$-271,$424,$0,$424,$98,$98,$-51,$-122,$350,$100,$8,$-51
5,2017-06-30,21.2,$12.84,1.65,$2.01,10.57,$-2.30,0.0,$0.54,39.26,$0.04B,$0.04B,1.11,$1.31B,$0.66B,1.98,$0.09B,$0.09B,100.00%,$0.09B,$0.06B,68.13%,$0.09B,$0.06B,68.13%,$0.09B,$0.07B,80.22%,$0.09B,$0.03B,28.57%,$0.09B,$0.03B,29.67%,$0.03B,$0.66B,4.56%,$0.03B,$0.66B,4.62%,$0.03B,$2.29B,1.41%,$0.06B,$1.98B,3.63%,$28,$0,$28,$0,$9,$9,$19,$-7,$12,$0,$12,$12,$12,$23,$19,$51,51,$0.23,$0.23,$42,$0,$0,$42,$298,$0,$0,$1949,$2247,$2289,$38,$1314,$273,$1588,$1625,$1,$-107,$-1,$663,$2289,$20,$6,$-14,$-8,$0,$0,$0,$-0,$2,$14,$-119,$0,$0,$0,$-165,$-165,$-5,$-289,$339,$0,$339,$98,$98,$-33,$-83,$322,$46,$6,$-33
6,2017-03-31,18.42,$12.69,1.45,$2.03,9.09,$-0.14,0.0,$0.40,46.04,$0.02B,$0.04B,0.46,$1.20B,$0.64B,1.88,$0.09B,$0.09B,100.00%,$0.09B,$0.06B,67.06%,$0.09B,$0.06B,67.06%,$0.09B,$0.07B,77.65%,$0.09B,$0.02B,21.18%,$0.09B,$0.02B,22.35%,$0.02B,$0.64B,3.44%,$0.02B,$0.64B,3.54%,$0.02B,$2.04B,1.11%,$0.06B,$1.83B,3.67%,$24,$0,$24,$0,$7,$7,$17,$-10,$7,$0,$7,$7,$7,$20,$17,$47,47,$0.14,$0.14,$16,$0,$0,$16,$289,$0,$0,$1738,$2027,$2043,$35,$1196,$175,$1371,$1406,$1,$-102,$0,$637,$2043,$7,$3,$-2,$0,$0,$0,$0,$-2,$-2,$5,$-107,$0,$0,$0,$-85,$-85,$-30,$-222,$222,$0,$222,$68,$68,$-16,$-34,$240,$24,$3,$-16
7,2016-12-31,17.31,$12.35,1.4,$2.08,8.33,$2.07,8.38,$0.35,49.47,$1.07B,$0.03B,42.49,$0.98B,$0.57B,1.7,$0.08B,$0.08B,100.00%,$0.08B,$0.05B,66.67%,$0.08B,$0.05B,66.67%,$0.08B,$0.06B,76.54%,$0.08B,$0.01B,17.28%,$0.08B,$0.02B,18.52%,$0.02B,$0.57B,3.00%,$0.02B,$0.57B,3.15%,$0.02B,$1.75B,0.96%,$0.05B,$1.55B,3.74%,$20,$0,$20,$0,$7,$7,$13,$-9,$4,$0,$4,$4,$5,$16,$13,$40,40,$0.09,$0.09,$29,$0,$0,$1072,$172,$0,$0,$502,$674,$1746,$25,$975,$171,$1146,$1172,$0,$-92,$-1,$574,$1746,$15,$8,$-2,$6,$0,$0,$0,$33,$37,$57,$-18,$0,$0,$0,$-172,$-172,$-1,$-191,$64,$0,$64,$177,$177,$-49,$-79,$114,$-20,$10,$-49
8,2016-09-30,20.67,$11.84,1.75,$2.31,8.94,$0.30,68.54,$0.31,66.68,$0.07B,$0.03B,2.61,$0.97B,$0.50B,1.95,$0.08B,$0.08B,100.00%,$0.08B,$0.06B,68.67%,$0.08B,$0.06B,68.67%,$0.08B,$0.06B,75.90%,$0.08B,$0.01B,14.46%,$0.08B,$0.01B,15.66%,$0.01B,$0.50B,2.80%,$0.01B,$0.47B,2.95%,$0.01B,$1.56B,0.87%,$0.06B,$1.46B,4.09%,$19,$0,$19,$0,$6,$6,$13,$-9,$3,$0,$3,$3,$3,$14,$13,$42,42,$0.07,$0.07,$73,$0,$0,$73,$135,$0,$31,$1317,$1483,$1556,$28,$967,$64,$1031,$1059,$0,$-81,$-4,$497,$1556,$10,$5,$-2,$3,$0,$0,$0,$33,$38,$51,$-11,$0,$0,$0,$-66,$-66,$-1,$-78,$53,$0,$53,$91,$91,$-36,$-62,$46,$18,$7,$-36
9,2016-06-30,18.84,$11.96,1.58,$2.34,8.05,$-1.30,0.0,$0.29,64.97,$0.02B,$0.03B,0.74,$0.87B,$0.50B,1.73,$0.08B,$0.08B,100.00%,$0.08B,$0.05B,67.09%,$0.08B,$0.05B,67.09%,$0.08B,$0.06B,74.68%,$0.08B,$0.01B,13.92%,$0.08B,$0.01B,15.19%,$0.01B,$0.50B,2.83%,$0.01B,$0.47B,2.98%,$0.01B,$1.48B,0.85%,$0.05B,$1.37B,4.06%,$22,$0,$22,$0,$8,$8,$14,$-10,$4,$0,$4,$4,$4,$16,$14,$38,38,$0.09,$0.09,$19,$0,$0,$19,$132,$0,$31,$1294,$1457,$1476,$26,$870,$78,$948,$974,$0,$-71,$-7,$502,$1476,$7,$4,$-3,$0,$0,$0,$0,$-0,$3,$10,$-7,$0,$0,$0,$-12,$-12,$-2,$-21,$-43,$0,$-43,$92,$92,$-23,$-49,$-24,$-35,$5,$-23
10,2016-03-31,16.77,$11.44,1.47,$2.22,7.55,$-2.15,0.0,$0.24,69.86,$0.03B,$0.02B,1.16,$0.97B,$0.42B,2.28,$0.07B,$0.07B,100.00%,$0.07B,$0.05B,66.20%,$0.07B,$0.05B,66.20%,$0.07B,$0.05B,73.24%,$0.07B,$0.01B,12.68%,$0.07B,$0.01B,12.68%,$0.01B,$0.42B,2.33%,$0.01B,$0.39B,2.46%,$0.01B,$1.48B,0.67%,$0.05B,$1.39B,3.82%,$20,$0,$20,$0,$6,$6,$14,$-11,$3,$0,$3,$3,$3,$16,$14,$37,37,$0.07,$0.07,$27,$0,$0,$27,$132,$0,$31,$1288,$1450,$1477,$23,$968,$63,$1030,$1053,$0,$-61,$-5,$424,$1477,$3,$2,$-2,$-0,$0,$0,$0,$4,$7,$10,$-7,$0,$0,$0,$-36,$-36,$-0,$-44,$56,$0,$56,$0,$0,$-12,$-26,$18,$-16,$2,$-12
11,2015-12-31,16.24,$11.68,1.39,$1.96,8.28,$-2.27,0.0,$0.22,73.8,$0.04B,$0.02B,2.39,$0.91B,$0.43B,2.11,$0.06B,$0.06B,100.00%,$0.06B,$0.04B,59.32%,$0.06B,$0.04B,59.32%,$0.06B,$0.04B,66.10%,$0.06B,$0.01B,13.56%,$0.06B,$0.01B,13.56%,$0.01B,$0.43B,2.30%,$0.01B,$0.43B,2.43%,$0.01B,$1.47B,0.66%,$0.04B,$1.34B,3.15%,$22,$0,$22,$0,$7,$7,$16,$-13,$2,$0,$2,$2,$3,$17,$16,$31,31,$0.04,$0.04,$43,$0,$0,$43,$156,$0,$0,$1271,$1427,$1470,$18,$911,$108,$1020,$1038,$0,$-53,$-2,$432,$1470,$8,$4,$4,$8,$0,$0,$0,$4,$3,$19,$-43,$0,$0,$0,$-305,$-305,$-1,$-349,$291,$0,$291,$180,$180,$-32,$-100,$340,$9,$11,$-32
12,2015-09-30,14.55,$10.93,1.33,$2.41,6.05,$-2.57,0.0,$0.22,66.14,$0.05B,$0.02B,2.72,$0.77B,$0.34B,2.26,$0.06B,$0.06B,100.00%,$0.06B,$0.04B,60.66%,$0.06B,$0.04B,60.66%,$0.06B,$0.04B,67.21%,$0.06B,$0.01B,13.11%,$0.06B,$0.01B,11.48%,$0.01B,$0.34B,2.27%,$0.01B,$0.32B,2.47%,$0.01B,$1.21B,0.64%,$0.04B,$1.11B,3.70%,$15,$0,$15,$0,$6,$6,$9,$-7,$2,$0,$2,$2,$2,$10,$9,$31,31,$0.06,$0.06,$45,$0,$0,$45,$129,$0,$26,$1007,$1163,$1208,$17,$771,$78,$850,$866,$0,$-43,$-1,$341,$1208,$6,$3,$3,$6,$0,$0,$0,$10,$10,$22,$-42,$0,$0,$0,$-129,$-129,$-3,$-174,$136,$0,$136,$82,$82,$-23,$-70,$125,$-28,$8,$-23
13,2015-06-30,16.69,$11.09,1.5,$2.28,7.31,$-1.51,0.0,$0.28,59.6,$0.04B,$0.01B,2.52,$0.73B,$0.35B,2.1,$0.05B,$0.05B,100.00%,$0.05B,$0.03B,57.41%,$0.05B,$0.03B,57.41%,$0.05B,$0.04B,64.81%,$0.05B,$0.01B,16.67%,$0.05B,$0.01B,12.96%,$0.01B,$0.35B,2.52%,$0.01B,$0.32B,2.77%,$0.01B,$1.18B,0.72%,$0.03B,$1.07B,3.51%,$14,$0,$14,$0,$6,$6,$8,$-6,$2,$0,$1,$1,$1,$9,$8,$29,29,$0.04,$0.04,$35,$0,$0,$35,$127,$0,$25,$995,$1147,$1181,$14,$726,$96,$821,$835,$0,$-37,$-0,$346,$1181,$4,$2,$1,$2,$0,$0,$0,$10,$10,$16,$-39,$0,$0,$0,$-118,$-118,$-1,$-158,$91,$0,$91,$82,$82,$-15,$-52,$106,$-37,$5,$-15
14,2015-03-31,15.02,$10.24,1.47,$2.20,6.82,$0.52,28.71,$0.38,39.52,$0.08B,$0.01B,7.32,$0.64B,$0.27B,2.37,$0.05B,$0.05B,100.00%,$0.05B,$0.03B,52.08%,$0.05B,$0.03B,52.08%,$0.05B,$0.03B,60.42%,$0.05B,$0.01B,18.75%,$0.05B,$0.01B,18.75%,$0.01B,$0.27B,3.67%,$0.01B,$0.25B,4.07%,$0.01B,$1.00B,1.07%,$0.03B,$0.91B,3.24%,$8,$0,$8,$0,$5,$5,$2,$-0,$2,$-0,$2,$2,$2,$3,$2,$26,26,$0.07,$0.07,$80,$0,$0,$80,$106,$0,$25,$784,$914,$995,$11,$641,$72,$713,$724,$0,$-30,$0,$271,$995,$2,$1,$-1,$-0,$0,$0,$0,$14,$13,$15,$-17,$0,$0,$0,$44,$44,$-3,$24,$3,$0,$3,$0,$0,$-7,$-28,$-32,$7,$2,$-7
15,2014-12-31,11.53,$10.39,1.11,$2.25,5.11,$1.95,5.92,$0.48,24.02,$0.06B,$0.01B,5.1,$0.64B,$0.27B,2.32,$0.05B,$0.05B,100.00%,$0.05B,$0.03B,56.52%,$0.05B,$0.03B,56.52%,$0.05B,$0.03B,63.04%,$0.05B,$0.01B,21.74%,$0.05B,$0.01B,21.74%,$0.01B,$0.27B,4.66%,$0.01B,$0.25B,5.13%,$0.01B,$1.01B,1.35%,$0.03B,$0.91B,3.86%,$24,$0,$24,$0,$5,$6,$18,$-16,$2,$0,$1,$1,$2,$19,$18,$21,21,$0.02,$0.02,$58,$0,$0,$58,$91,$0,$23,$837,$950,$1009,$11,$635,$88,$723,$735,$0,$-25,$0,$274,$1009,$10,$3,$-2,$1,$0,$0,$0,$-2,$-6,$5,$-28,$0,$-126,$0,$-204,$-204,$-0,$-357,$298,$0,$298,$129,$129,$-14,$-73,$341,$-12,$5,$-14
16,2014-09-30,10.99,$10.09,1.09,$0.78,14.07,$2.36,4.66,$-0.03,0.0,$0.07B,$0.01B,7.24,$0.43B,$0.22B,1.93,$0.02B,$0.02B,100.00%,$0.02B,0,0.00%,$0.02B,0,0.00%,$0.02B,$0.00B,11.76%,$0.02B,0,0.00%,$0.02B,$0.00B,5.88%,$0.00B,$0.22B,0.54%,$0.00B,$0.19B,0.59%,$0.00B,$0.70B,0.16%,$0.00B,$0.64B,0.00%,$8,$0,$8,$0,$5,$5,$3,$-0,$3,$1,$3,$3,$2,$4,$3,$22,22,$0.11,$0.11,$68,$0,$0,$68,$63,$0,$26,$546,$635,$704,$9,$425,$50,$475,$484,$0,$-19,$1,$220,$704,$8,$2,$-0,$2,$0,$0,$0,$17,$14,$24,$-14,$0,$-107,$0,$-3,$-3,$43,$-82,$87,$0,$87,$70,$70,$-9,$-62,$87,$29,$4,$-9
17,2014-06-30,11.23,$13.67,0.82,$0.73,15.46,$1.85,6.06,$-0.03,0.0,$0.05B,$0.02B,2.78,$0.41B,$0.22B,1.88,$0.01B,$0.01B,100.00%,$0.01B,$-0.00B,-7.14%,$0.01B,$-0.00B,-7.14%,$0.01B,0,0.00%,$0.01B,$-0.00B,-7.14%,$0.01B,$0.00B,7.14%,$0.00B,$0.22B,0.59%,$0.00B,$0.19B,0.62%,$0.00B,$0.66B,0.17%,$-0.00B,$0.63B,-0.19%,$8,$0,$8,$0,$4,$5,$2,$-0,$2,$-1,$3,$3,$3,$3,$2,$20,20,$0.13,$0.13,$48,$0,$0,$48,$50,$0,$24,$541,$616,$664,$17,$409,$20,$430,$447,$0,$-17,$2,$217,$664,$6,$1,$-1,$1,$0,$0,$0,$17,$19,$25,$0,$0,$-107,$0,$-31,$-31,$40,$-97,$71,$0,$71,$70,$70,$-9,$-54,$79,$7,$2,$-9
18,2014-03-31,11.06,$9.27,1.19,$0.53,20.77,$0.35,31.37,$-0.49,0.0,$0.08B,$0.01B,9.74,$0.37B,$0.15B,2.49,$0.01B,$0.01B,100.00%,$0.01B,$-0.01B,-100.00%,$0.01B,$-0.01B,-100.00%,$0.01B,$-0.01B,-100.00%,$0.01B,$-0.01B,-100.00%,$0.01B,$-0.01B,-77.78%,$-0.01B,$0.15B,-4.48%,$-0.01B,$0.14B,-4.59%,$-0.01B,$0.59B,-1.35%,$-0.01B,$0.51B,-2.01%,$6,$0,$6,$0,$3,$3,$3,$-0,$3,$0,$3,$3,$3,$3,$3,$16,16,$0.17,$0.17,$83,$0,$0,$83,$0,$0,$5,$502,$508,$590,$8,$367,$68,$435,$443,$0,$-15,$0,$147,$590,$3,$1,$0,$1,$0,$0,$0,$18,$19,$23,$0,$0,$0,$0,$-38,$-38,$7,$-32,$30,$0,$30,$0,$0,$-4,$-9,$17,$8,$0,$-4
