,Date,Stock Price,Book Value per Share,Price to Book Ratio,TTM Sales per Share,Price to Sales Ratio,TTM FCF per Share,Price to FCF Ratio,TTM Net EPS,PE Ratio,Current Assets,Current Liabilities,Current Ratio,Long Term Debt,Shareholder's Equity_x,Debt to Equity Ratio,TTM Revenue_x,TTM Gross Profit,Gross Margin,TTM Revenue_y,TTM Operating Income,Operating Margin,TTM Revenue_x,TTM EBIT,EBIT Margin,TTM Revenue_y,TTM EBITDA,EBITDA Margin,TTM Revenue_x,TTM Pre-Tax Income,Pre-Tax Margin,TTM Revenue_y,TTM Net Income_x,Net Margin,TTM Net Income_y,Shareholder's Equity_y,Return on Equity,TTM Net Income_x,Tangible Equity,Return on Tangible Equity,TTM Net Income_y,Total Assets,Return on Assets,TTM Net Income,LT Investments & Debt,Return on Investment,revenue,cost-goods-sold,gross-profit,research-development-expenses,selling-general-administrative-expenses,operating-expenses,operating-income,total-non-operating-income-expense,pre-tax-income,total-provision-income-taxes,income-after-taxes,income-from-continuous-operations,net-income,ebitda,ebit,basic-shares-outstanding,shares-outstanding,eps-basic-net-earnings-per-share,eps-earnings-per-share-diluted,cash-on-hand,inventory,other-current-assets,total-current-assets,net-property-plant-equipment,long-term-investments,goodwill-intangible-assets-total,other-long-term-assets,total-long-term-assets,total-assets,total-current-liabilities,long-term-debt,other-non-current-liabilities,total-long-term-liabilities,total-liabilities,common-stock-net,retained-earnings-accumulated-deficit,comprehensive-income,total-share-holder-equity,total-liabilities-share-holders-equity,net-income-loss,total-depreciation-amortization-cash-flow,other-non-cash-items,total-non-cash-items,change-in-accounts-receivable,change-in-inventories,change-in-accounts-payable,change-in-assets-liabilities,total-change-in-assets-liabilities,cash-flow-from-operating-activities,net-change-in-property-plant-equipment,net-change-in-intangible-assets,net-acquisitions-divestitures,net-change-in-short-term-investments,net-change-in-long-term-investments,net-change-in-investments-total,investing-activities-other,cash-flow-from-investing-activities,net-long-term-debt,net-current-debt,debt-issuance-retirement-net-total,net-common-equity-issued-repurchased,net-total-equity-issued-repurchased,total-common-preferred-stock-dividends-paid,financial-activities-other,cash-flow-from-financial-activities,net-cash-flow,stock-based-compensation,common-stock-dividends-paid
0,2018-09-30,35.5,$26.65,1.33,$35.05,1.01,$-6.49,0.0,$-1.93,0.0,$0.37B,$0.06B,5.89,$0.01B,$0.33B,0.03,$0.44B,$0.05B,10.80%,$0.44B,$-0.00B,-0.69%,$0.44B,$-0.00B,-0.69%,$0.44B,$0.02B,4.37%,$0.44B,$-0.01B,-1.15%,$0.44B,$-0.02B,-5.06%,$-0.02B,$0.33B,-6.98%,$-0.02B,$0.32B,-7.22%,$-0.02B,$0.59B,-3.68%,$-0.00B,$0.34B,-0.93%,$122,$106,$16,$1,$10,$118,$5,$-0,$4,$2,$2,$2,$2,$10,$5,$12,12,$0.18,$0.18,$10,$273,$3,$366,$179,$0,$10,$7,$222,$589,$62,$8,$0,$193,$255,$0,$127,$-43,$333,$589,$-22,$23,$37,$60,$-13,$-30,$0,$-2,$-52,$-14,$-11,$0,$0,$0,$0,$0,$0,$-11,$-0,$0,$-0,$-0,$-0,$-11,$0,$-11,$-37,$2,$-11
1,2018-06-30,36.74,$24.52,1.5,$33.33,1.1,$-4.64,0.0,$-2.23,0.0,$0.36B,$0.06B,5.89,$0.01B,$0.31B,0.03,$0.41B,$0.04B,8.94%,$0.41B,$-0.01B,-3.38%,$0.41B,$-0.01B,-3.38%,$0.41B,$0.01B,2.17%,$0.41B,$-0.02B,-3.62%,$0.41B,$-0.03B,-6.76%,$-0.03B,$0.31B,-8.87%,$-0.03B,$0.30B,-9.19%,$-0.03B,$0.60B,-4.62%,$-0.01B,$0.32B,-4.32%,$113,$100,$13,$1,$14,$115,$-1,$-0,$-2,$-2,$1,$1,$1,$4,$-1,$12,12,$0.06,$0.06,$15,$272,$2,$362,$184,$0,$10,$6,$236,$597,$61,$9,$0,$229,$291,$0,$127,$-69,$307,$597,$-24,$18,$31,$49,$-6,$-28,$0,$0,$-38,$-13,$-10,$0,$0,$0,$0,$0,$0,$-10,$-0,$0,$-0,$-0,$-0,$-8,$0,$-9,$-32,$2,$-8
2,2018-03-31,36.92,$24.78,1.49,$32.13,1.15,$-2.97,0.0,$-2.61,0.0,$0.37B,$0.06B,6.44,$0.01B,$0.31B,0.03,$0.40B,$0.03B,7.02%,$0.40B,$-0.02B,-5.26%,$0.40B,$-0.02B,-5.26%,$0.40B,$0.00B,0.75%,$0.40B,$-0.02B,-5.26%,$0.40B,$-0.03B,-8.27%,$-0.03B,$0.31B,-10.47%,$-0.03B,$0.30B,-10.84%,$-0.03B,$0.60B,-5.35%,$-0.02B,$0.32B,-6.49%,$110,$99,$11,$1,$12,$112,$-2,$-0,$-2,$0,$-2,$-2,$-2,$4,$-2,$12,12,$-0.17,$-0.17,$18,$268,$4,$366,$187,$0,$11,$5,$232,$598,$57,$9,$0,$231,$288,$0,$129,$-67,$310,$598,$-25,$12,$35,$47,$-3,$-22,$0,$-1,$-39,$-17,$-6,$0,$0,$0,$0,$0,$0,$-6,$-0,$0,$-0,$-0,$-0,$-6,$0,$-6,$-29,$1,$-6
3,2017-12-31,31.72,$24.82,1.28,$31.57,1.0,$-0.97,0.0,$-2.59,0.0,$0.37B,$0.06B,6.02,$0.01B,$0.31B,0.03,$0.39B,$0.03B,6.89%,$0.39B,$-0.02B,-5.36%,$0.39B,$-0.02B,-5.36%,$0.39B,$0.00B,0.77%,$0.39B,$-0.02B,-5.36%,$0.39B,$-0.03B,-8.42%,$-0.03B,$0.31B,-10.49%,$-0.03B,$0.30B,-10.87%,$-0.03B,$0.61B,-5.24%,$-0.02B,$0.32B,-6.51%,$90,$83,$7,$1,$11,$94,$-5,$-0,$-5,$18,$-23,$-23,$-23,$1,$-5,$12,12,$-1.82,$-1.82,$34,$267,$4,$370,$189,$0,$11,$5,$235,$605,$61,$9,$0,$233,$294,$0,$134,$-71,$311,$605,$-23,$6,$31,$37,$7,$-23,$0,$-1,$-21,$-6,$-3,$0,$0,$0,$0,$0,$0,$-3,$-0,$0,$-0,$-0,$-0,$-3,$0,$-3,$-12,$1,$-3
4,2017-09-30,35.3,$26.68,1.32,$31.88,1.11,$0.40,88.5,$-0.83,0.0,$0.36B,$0.06B,6.49,$0.01B,$0.33B,0.02,$0.40B,$0.03B,7.59%,$0.40B,$-0.02B,-4.30%,$0.40B,$-0.02B,-4.30%,$0.40B,$0.01B,1.77%,$0.40B,$-0.02B,-4.30%,$0.40B,$-0.01B,-2.78%,$-0.01B,$0.33B,-3.51%,$-0.01B,$0.32B,-3.64%,$-0.01B,$0.62B,-1.72%,$-0.02B,$0.34B,-5.28%,$101,$95,$6,$1,$11,$107,$-6,$-0,$-6,$-3,$-4,$-4,$-4,$-0,$-6,$12,12,$-0.30,$-0.30,$46,$244,$3,$355,$193,$0,$11,$5,$267,$622,$55,$8,$0,$233,$288,$0,$159,$-73,$334,$622,$-10,$22,$9,$31,$1,$-7,$0,$6,$-7,$13,$-15,$0,$0,$0,$0,$0,$0,$-15,$-0,$0,$-0,$-0,$-0,$-11,$0,$-11,$-13,$2,$-11
5,2017-06-30,35.43,$24.46,1.45,$32.45,1.09,$2.36,15.03,$-0.28,0.0,$0.36B,$0.06B,6.15,$0.01B,$0.31B,0.03,$0.40B,$0.04B,9.20%,$0.40B,$-0.01B,-2.24%,$0.40B,$-0.01B,-2.24%,$0.40B,$0.01B,3.48%,$0.40B,$-0.01B,-2.24%,$0.40B,$-0.00B,-1.00%,$-0.00B,$0.31B,-1.30%,$-0.00B,$0.30B,-1.35%,$-0.00B,$0.64B,-0.62%,$-0.01B,$0.31B,-2.85%,$98,$94,$4,$1,$11,$106,$-8,$-0,$-8,$-4,$-4,$-4,$-4,$-2,$-8,$12,12,$-0.32,$-0.32,$48,$247,$3,$363,$196,$0,$11,$2,$279,$643,$59,$8,$0,$278,$337,$0,$166,$-106,$306,$643,$-7,$16,$9,$25,$1,$-11,$0,$6,$-7,$12,$-14,$0,$0,$0,$0,$0,$0,$-14,$-0,$0,$-0,$-0,$-0,$-8,$0,$-9,$-11,$2,$-8
6,2017-03-31,36.98,$24.56,1.51,$32.73,1.13,$2.88,12.84,$0.26,142.21,$0.37B,$0.06B,6.06,$0.01B,$0.31B,0.03,$0.41B,$0.05B,11.36%,$0.41B,$0.00B,0.49%,$0.41B,$0.00B,0.49%,$0.41B,$0.02B,5.93%,$0.41B,$0.00B,0.49%,$0.41B,$0.00B,0.74%,$0.00B,$0.31B,0.95%,$0.00B,$0.30B,0.99%,$0.00B,$0.65B,0.46%,$0.00B,$0.32B,0.62%,$103,$93,$10,$1,$11,$105,$-2,$-0,$-2,$-0,$-2,$-2,$-2,$4,$-2,$12,12,$-0.15,$-0.15,$55,$243,$4,$373,$197,$0,$11,$2,$275,$648,$62,$8,$0,$279,$341,$0,$172,$-112,$307,$648,$-3,$11,$10,$21,$-5,$-8,$0,$4,$-7,$11,$-10,$0,$0,$0,$0,$0,$0,$-10,$-0,$0,$-0,$-0,$-0,$-6,$0,$-6,$-5,$1,$-6
7,2016-12-31,41.47,$24.60,1.69,$32.71,1.27,$3.14,13.19,$0.32,129.6,$0.37B,$0.06B,6.28,$0.01B,$0.31B,0.03,$0.41B,$0.05B,11.11%,$0.41B,$0.00B,0.49%,$0.41B,$0.00B,0.49%,$0.41B,$0.02B,5.93%,$0.41B,$0.00B,0.49%,$0.41B,$0.00B,0.99%,$0.00B,$0.31B,1.24%,$0.00B,$0.30B,1.28%,$0.00B,$0.65B,0.62%,$0.00B,$0.32B,0.61%,$93,$83,$10,$1,$10,$94,$-1,$-0,$-1,$-0,$-1,$-1,$-1,$5,$-1,$12,12,$-0.06,$-0.06,$65,$242,$4,$367,$199,$0,$11,$2,$281,$647,$58,$8,$0,$281,$339,$0,$177,$-115,$308,$647,$-1,$5,$2,$8,$8,$-7,$0,$2,$7,$13,$-6,$0,$0,$0,$0,$0,$0,$-6,$-0,$0,$-0,$-0,$-0,$-3,$0,$-3,$4,$1,$-3
8,2016-09-30,35.62,$24.92,1.43,$32.87,1.08,$2.78,12.8,$0.40,89.05,$0.37B,$0.06B,6.61,$0.01B,$0.31B,0.03,$0.41B,$0.05B,11.55%,$0.41B,$0.00B,0.98%,$0.41B,$0.00B,0.98%,$0.41B,$0.03B,6.14%,$0.41B,$0.00B,0.98%,$0.41B,$0.01B,1.23%,$0.01B,$0.31B,1.51%,$0.01B,$0.30B,1.56%,$0.01B,$0.65B,0.78%,$0.00B,$0.32B,1.19%,$108,$94,$13,$1,$11,$106,$2,$-0,$2,$-2,$3,$3,$3,$7,$2,$12,12,$0.25,$0.25,$65,$237,$3,$366,$199,$0,$11,$2,$283,$650,$55,$8,$0,$283,$338,$0,$181,$-115,$311,$650,$5,$21,$26,$47,$11,$7,$0,$-5,$2,$54,$-32,$0,$0,$0,$0,$0,$0,$-32,$-0,$0,$-0,$0,$0,$-11,$-0,$-12,$10,$2,$-11
9,2016-06-30,30.61,$26.97,1.13,$33.65,0.91,$3.39,9.02,$0.61,50.18,$0.38B,$0.06B,6.1,$0.01B,$0.34B,0.01,$0.42B,$0.06B,13.22%,$0.42B,$0.01B,2.88%,$0.42B,$0.01B,2.88%,$0.42B,$0.03B,7.93%,$0.42B,$0.01B,2.64%,$0.42B,$0.01B,1.92%,$0.01B,$0.34B,2.36%,$0.01B,$0.33B,2.44%,$0.01B,$0.64B,1.25%,$0.01B,$0.34B,3.49%,$101,$88,$13,$1,$9,$98,$3,$-0,$3,$0,$3,$3,$3,$8,$3,$12,12,$0.22,$0.22,$54,$246,$3,$378,$192,$0,$11,$2,$259,$637,$62,$5,$0,$238,$300,$0,$180,$-88,$337,$637,$2,$16,$30,$45,$6,$-2,$0,$-9,$-21,$26,$-22,$0,$0,$0,$0,$0,$0,$-22,$-0,$0,$-0,$0,$0,$-8,$-0,$-8,$-5,$1,$-8
10,2016-03-31,34.56,$27.07,1.28,$35.29,0.98,$5.06,6.83,$0.92,37.57,$0.39B,$0.07B,5.81,$0.01B,$0.34B,0.01,$0.44B,$0.07B,15.14%,$0.44B,$0.02B,4.59%,$0.44B,$0.02B,4.59%,$0.44B,$0.04B,9.40%,$0.44B,$0.02B,4.36%,$0.44B,$0.01B,2.75%,$0.01B,$0.34B,3.46%,$0.01B,$0.33B,3.58%,$0.01B,$0.64B,1.87%,$0.02B,$0.34B,5.69%,$103,$94,$9,$1,$10,$104,$-2,$-0,$-2,$-0,$-1,$-1,$-1,$4,$-2,$12,12,$-0.09,$-0.09,$57,$249,$4,$386,$190,$0,$11,$2,$258,$644,$66,$5,$0,$240,$306,$0,$180,$-86,$338,$644,$-1,$10,$29,$40,$7,$-3,$0,$-10,$-21,$18,$-14,$0,$0,$0,$0,$0,$0,$-14,$-0,$0,$-0,$-0,$-0,$-5,$-0,$-6,$-1,$1,$-5
11,2015-12-31,34.49,$27.23,1.27,$38.23,0.9,$5.28,6.53,$1.95,17.69,$0.39B,$0.07B,5.94,$0.01B,$0.34B,0.01,$0.47B,$0.09B,18.01%,$0.47B,$0.04B,8.26%,$0.47B,$0.04B,8.26%,$0.47B,$0.06B,12.50%,$0.47B,$0.04B,8.05%,$0.47B,$0.03B,5.30%,$0.03B,$0.34B,7.12%,$0.03B,$0.33B,7.35%,$0.03B,$0.65B,3.93%,$0.04B,$0.35B,10.98%,$95,$83,$12,$1,$10,$94,$1,$-0,$1,$1,$0,$0,$0,$6,$1,$12,12,$0.02,$0.02,$57,$257,$4,$390,$188,$0,$11,$2,$257,$648,$66,$5,$0,$242,$308,$0,$184,$-88,$340,$648,$0,$5,$25,$30,$10,$-11,$0,$-10,$-20,$10,$-7,$0,$0,$0,$0,$0,$0,$-7,$-0,$0,$-0,$-0,$-0,$-3,$-0,$-3,$-1,$1,$-3
12,2015-09-30,35.38,$27.48,1.29,$39.50,0.9,$4.70,7.52,$2.44,14.5,$0.39B,$0.05B,7.21,$0.01B,$0.34B,0.01,$0.49B,$0.09B,19.06%,$0.49B,$0.05B,9.84%,$0.49B,$0.05B,9.84%,$0.49B,$0.07B,13.73%,$0.49B,$0.05B,9.63%,$0.49B,$0.03B,6.35%,$0.03B,$0.34B,8.77%,$0.03B,$0.33B,9.02%,$0.03B,$0.64B,4.96%,$0.05B,$0.35B,13.46%,$117,$96,$21,$1,$11,$107,$10,$-0,$9,$4,$6,$6,$6,$15,$10,$12,12,$0.47,$0.47,$49,$248,$3,$385,$185,$0,$12,$2,$253,$638,$53,$5,$0,$243,$296,$0,$187,$-88,$342,$638,$30,$20,$16,$35,$-5,$4,$0,$-0,$-17,$48,$-19,$0,$-15,$0,$0,$0,$0,$-33,$-0,$0,$-0,$-0,$-0,$-11,$-0,$-11,$3,$2,$-11
13,2015-06-30,45.84,$29.44,1.56,$39.76,1.15,$1.25,36.64,$2.49,18.41,$0.40B,$0.07B,6.1,$0.00B,$0.37B,0.01,$0.49B,$0.09B,18.53%,$0.49B,$0.05B,9.57%,$0.49B,$0.05B,9.57%,$0.49B,$0.07B,13.24%,$0.49B,$0.05B,9.57%,$0.49B,$0.03B,6.31%,$0.03B,$0.37B,8.74%,$0.03B,$0.36B,8.94%,$0.03B,$0.64B,5.01%,$0.05B,$0.37B,13.18%,$121,$97,$24,$1,$12,$110,$11,$-0,$11,$4,$7,$7,$7,$16,$11,$12,12,$0.53,$0.53,$47,$261,$3,$400,$186,$0,$12,$2,$235,$635,$66,$4,$0,$203,$269,$0,$183,$-60,$366,$635,$25,$14,$10,$24,$-2,$-8,$0,$-0,$-10,$39,$-14,$0,$-15,$0,$0,$0,$0,$-29,$0,$0,$0,$-0,$-0,$-8,$-0,$-9,$1,$2,$-8
14,2015-03-31,41.28,$28.72,1.44,$40.18,1.03,$-1.51,0.0,$2.13,19.38,$0.39B,$0.06B,6.05,$0.00B,$0.36B,0.0,$0.50B,$0.08B,16.33%,$0.50B,$0.04B,7.86%,$0.50B,$0.04B,7.86%,$0.50B,$0.06B,11.29%,$0.50B,$0.04B,7.86%,$0.50B,$0.03B,5.24%,$0.03B,$0.36B,7.40%,$0.03B,$0.35B,7.54%,$0.03B,$0.62B,4.24%,$0.04B,$0.36B,11.08%,$139,$111,$28,$1,$10,$121,$17,$0,$17,$6,$12,$12,$12,$22,$17,$12,12,$0.94,$0.94,$32,$254,$4,$387,$180,$0,$12,$2,$234,$622,$64,$1,$0,$200,$264,$0,$180,$-65,$357,$622,$18,$9,$5,$15,$-18,$-3,$0,$-1,$-17,$15,$-8,$0,$-15,$0,$0,$0,$0,$-23,$0,$0,$0,$-0,$-0,$-5,$0,$-6,$-14,$1,$-5
15,2014-12-31,44.64,$28.07,1.59,$38.33,1.16,$-2.24,0.0,$1.09,40.95,$0.39B,$0.06B,6.9,$0.00B,$0.35B,0.0,$0.47B,$0.06B,13.14%,$0.47B,$0.02B,4.45%,$0.47B,$0.02B,4.45%,$0.47B,$0.04B,7.84%,$0.47B,$0.02B,4.45%,$0.47B,$0.01B,2.75%,$0.01B,$0.35B,3.71%,$0.01B,$0.34B,3.77%,$0.01B,$0.61B,2.13%,$0.02B,$0.35B,6.00%,$111,$90,$20,$1,$10,$101,$10,$0,$10,$3,$6,$6,$6,$14,$10,$12,12,$0.51,$0.51,$38,$266,$4,$389,$172,$0,$5,$2,$218,$607,$56,$1,$0,$201,$257,$0,$171,$-63,$349,$607,$6,$4,$3,$7,$3,$-13,$0,$-0,$-15,$-1,$-3,$0,$0,$0,$0,$0,$0,$-3,$0,$0,$0,$-0,$-0,$-3,$0,$-3,$-7,$0,$-3
16,2014-09-30,42.13,$27.92,1.51,$37.02,1.14,$-0.71,0.0,$0.29,145.28,$0.39B,$0.06B,6.18,$0.00B,$0.35B,0.0,$0.46B,$0.05B,10.33%,$0.46B,$0.01B,1.10%,$0.46B,$0.01B,1.10%,$0.46B,$0.02B,4.62%,$0.46B,$0.01B,1.10%,$0.46B,$0.00B,0.88%,$0.00B,$0.35B,1.14%,$0.00B,$0.34B,1.16%,$0.00B,$0.61B,0.66%,$0.01B,$0.35B,1.42%,$120,$101,$19,$1,$9,$111,$9,$0,$9,$2,$6,$6,$6,$13,$9,$12,12,$0.52,$0.52,$46,$254,$3,$385,$174,$0,$5,$2,$226,$611,$62,$1,$0,$202,$264,$0,$167,$-62,$347,$611,$4,$16,$7,$24,$10,$-22,$0,$-0,$-1,$27,$-40,$0,$0,$0,$0,$0,$0,$-40,$0,$0,$0,$1,$1,$-11,$1,$-10,$-22,$2,$-11
17,2014-06-30,51.62,$28.39,1.82,$36.70,1.41,$2.92,17.69,$0.10,516.18,$0.39B,$0.07B,5.47,$0.00B,$0.35B,0.0,$0.45B,$0.04B,9.76%,$0.45B,$0.00B,0.44%,$0.45B,$0.00B,0.44%,$0.45B,$0.02B,3.99%,$0.45B,$0.00B,0.44%,$0.45B,$0.00B,0.44%,$0.00B,$0.35B,0.57%,$0.00B,$0.35B,0.58%,$0.00B,$0.62B,0.33%,$0.00B,$0.35B,0.57%,$126,$112,$14,$1,$10,$123,$3,$0,$3,$1,$2,$2,$2,$7,$3,$12,12,$0.17,$0.17,$52,$248,$3,$392,$174,$0,$5,$2,$223,$615,$72,$1,$0,$191,$262,$0,$163,$-52,$353,$615,$-3,$12,$3,$15,$6,$-14,$0,$-1,$12,$24,$-33,$0,$0,$0,$0,$0,$0,$-33,$0,$0,$0,$1,$1,$-8,$0,$-7,$-16,$1,$-8
18,2014-03-31,49.05,$28.26,1.74,$36.53,1.34,$4.03,12.16,$0.36,136.26,$0.39B,$0.07B,5.57,$0.00B,$0.35B,0.0,$0.45B,$0.05B,10.91%,$0.45B,$0.01B,1.56%,$0.45B,$0.01B,1.56%,$0.45B,$0.02B,5.12%,$0.45B,$0.01B,1.56%,$0.45B,$0.01B,1.11%,$0.01B,$0.35B,1.46%,$0.01B,$0.35B,1.48%,$0.01B,$0.61B,0.82%,$0.01B,$0.35B,2.03%,$115,$106,$9,$1,$9,$117,$-1,$0,$-1,$-0,$-1,$-1,$-1,$3,$-1,$12,12,$-0.10,$-0.10,$62,$237,$4,$390,$168,$0,$5,$2,$222,$612,$70,$1,$0,$191,$261,$0,$164,$-54,$351,$612,$-5,$8,$-3,$4,$4,$-4,$0,$-1,$23,$23,$-24,$0,$0,$0,$0,$0,$0,$-24,$0,$0,$0,$0,$0,$-5,$0,$-5,$-6,$1,$-5
19,2013-12-31,49.96,$28.46,1.76,$37.67,1.33,$4.69,10.66,$0.98,50.98,$0.39B,$0.05B,7.15,$0.00B,$0.35B,0.0,$0.46B,$0.06B,12.96%,$0.46B,$0.02B,3.89%,$0.46B,$0.02B,3.89%,$0.46B,$0.03B,7.13%,$0.46B,$0.02B,3.89%,$0.46B,$0.01B,2.59%,$0.01B,$0.35B,3.61%,$0.01B,$0.35B,3.67%,$0.01B,$0.60B,1.96%,$0.02B,$0.35B,5.40%,$94,$88,$5,$1,$10,$99,$-6,$0,$-6,$-2,$-3,$-3,$-3,$-2,$-6,$12,12,$-0.29,$-0.29,$81,$229,$4,$386,$160,$0,$5,$2,$212,$598,$54,$1,$0,$192,$246,$0,$168,$-55,$353,$598,$-3,$4,$-2,$1,$20,$4,$0,$-1,$26,$24,$-9,$0,$0,$0,$0,$0,$0,$-9,$0,$0,$0,$0,$0,$-3,$0,$-2,$13,$0,$-3
20,2013-09-30,40.76,$28.85,1.41,$39.36,1.04,$5.16,7.9,$1.74,23.42,$0.40B,$0.05B,8.13,$0.00B,$0.36B,0.0,$0.48B,$0.07B,15.32%,$0.48B,$0.03B,6.63%,$0.48B,$0.03B,6.63%,$0.48B,$0.05B,9.52%,$0.48B,$0.03B,6.63%,$0.48B,$0.02B,4.35%,$0.02B,$0.36B,6.55%,$0.02B,$0.35B,6.67%,$0.02B,$0.60B,3.38%,$0.03B,$0.36B,9.95%,$116,$99,$16,$1,$9,$110,$6,$0,$6,$2,$4,$4,$4,$10,$6,$12,12,$0.33,$0.32,$68,$232,$2,$396,$153,$0,$6,$2,$202,$598,$49,$1,$0,$193,$242,$0,$174,$-57,$356,$598,$22,$14,$21,$35,$19,$32,$0,$-1,$17,$73,$-42,$0,$0,$0,$0,$0,$0,$-42,$-0,$0,$-0,$0,$0,$-11,$0,$-10,$22,$1,$-11
21,2013-06-30,42.91,$25.50,1.68,$42.23,1.02,$2.14,20.03,$2.46,17.44,$0.40B,$0.07B,5.74,$0.00B,$0.31B,0.0,$0.52B,$0.09B,17.02%,$0.52B,$0.05B,8.90%,$0.52B,$0.05B,8.90%,$0.52B,$0.06B,11.41%,$0.52B,$0.05B,8.90%,$0.52B,$0.03B,5.80%,$0.03B,$0.31B,9.77%,$0.03B,$0.31B,9.96%,$0.03B,$0.62B,4.77%,$0.05B,$0.32B,14.94%,$124,$105,$19,$1,$10,$116,$8,$0,$8,$3,$5,$5,$5,$12,$8,$12,12,$0.43,$0.43,$44,$256,$2,$403,$148,$0,$6,$2,$219,$622,$70,$1,$0,$238,$308,$0,$173,$-97,$314,$622,$18,$10,$13,$24,$9,$6,$0,$-1,$-3,$38,$-34,$0,$0,$0,$0,$0,$0,$-34,$0,$0,$0,$0,$0,$-8,$0,$-8,$-3,$1,$-8
22,2013-03-31,49.36,$24.88,1.98,$43.73,1.13,$1.51,32.61,$3.14,15.72,$0.41B,$0.08B,5.43,$0.00B,$0.31B,0.0,$0.54B,$0.10B,18.88%,$0.54B,$0.06B,11.03%,$0.54B,$0.06B,11.03%,$0.54B,$0.07B,13.46%,$0.54B,$0.06B,11.03%,$0.54B,$0.04B,7.29%,$0.04B,$0.31B,12.79%,$0.04B,$0.30B,13.04%,$0.04B,$0.63B,6.20%,$0.06B,$0.31B,19.28%,$129,$109,$20,$1,$9,$119,$10,$0,$10,$3,$6,$6,$6,$13,$10,$12,12,$0.52,$0.52,$48,$263,$2,$413,$142,$0,$6,$2,$217,$629,$76,$1,$0,$246,$322,$0,$170,$-101,$307,$629,$12,$7,$8,$14,$13,$-2,$0,$-1,$2,$29,$-23,$0,$0,$0,$0,$0,$0,$-23,$0,$0,$0,$0,$0,$-5,$0,$-5,$1,$1,$-5
23,2012-12-31,46.1,$24.78,1.86,$46.21,1.0,$0.50,91.84,$3.85,11.97,$0.43B,$0.08B,5.09,$0.00B,$0.31B,0.0,$0.57B,$0.12B,20.53%,$0.57B,$0.07B,12.74%,$0.57B,$0.07B,12.74%,$0.57B,$0.09B,15.04%,$0.57B,$0.07B,12.74%,$0.57B,$0.05B,8.50%,$0.05B,$0.31B,15.88%,$0.05B,$0.30B,16.20%,$0.05B,$0.64B,7.66%,$0.07B,$0.31B,23.74%,$114,$96,$19,$1,$10,$106,$8,$0,$8,$2,$6,$6,$6,$11,$8,$12,12,$0.47,$0.47,$65,$276,$2,$428,$133,$0,$6,$2,$209,$638,$84,$1,$0,$248,$332,$0,$167,$-98,$306,$638,$6,$3,$3,$7,$28,$-12,$0,$-1,$17,$30,$-9,$0,$0,$0,$0,$0,$0,$-9,$0,$0,$0,$1,$1,$-3,$0,$-2,$19,$0,$-3
24,2012-09-30,46.13,$24.50,1.88,$47.45,0.97,$-1.53,0.0,$4.06,11.36,$0.43B,$0.08B,5.59,$0.00B,$0.30B,0.0,$0.58B,$0.12B,20.69%,$0.58B,$0.08B,13.28%,$0.58B,$0.08B,13.28%,$0.58B,$0.09B,15.52%,$0.58B,$0.08B,13.28%,$0.58B,$0.05B,8.62%,$0.05B,$0.30B,16.91%,$0.05B,$0.30B,17.27%,$0.05B,$0.63B,8.10%,$0.08B,$0.30B,25.95%,$150,$120,$30,$1,$10,$130,$20,$0,$20,$7,$13,$13,$13,$23,$20,$12,12,$1.04,$1.05,$47,$263,$2,$426,$125,$0,$6,$2,$201,$627,$76,$1,$0,$250,$326,$0,$163,$-99,$301,$627,$50,$13,$20,$33,$-13,$-12,$0,$1,$-62,$21,$-26,$0,$0,$0,$0,$0,$0,$-26,$-0,$0,$-0,$2,$2,$-11,$1,$-8,$-13,$2,$-11
25,2012-06-30,44.86,$24.89,1.8,$47.85,0.94,$-0.68,0.0,$3.94,11.39,$0.44B,$0.10B,4.57,$0.00B,$0.31B,0.0,$0.58B,$0.12B,20.55%,$0.58B,$0.08B,12.84%,$0.58B,$0.08B,12.84%,$0.58B,$0.09B,15.07%,$0.58B,$0.08B,12.84%,$0.58B,$0.05B,8.22%,$0.05B,$0.31B,16.62%,$0.05B,$0.30B,17.01%,$0.05B,$0.62B,7.87%,$0.08B,$0.31B,25.88%,$142,$109,$32,$1,$10,$120,$21,$0,$21,$7,$14,$14,$14,$25,$21,$12,12,$1.12,$1.11,$51,$291,$2,$436,$117,$0,$6,$2,$187,$623,$95,$1,$0,$222,$318,$0,$153,$-84,$306,$623,$37,$10,$13,$22,$6,$-41,$0,$1,$-46,$14,$-17,$0,$0,$0,$0,$0,$0,$-17,$0,$0,$0,$2,$2,$-8,$1,$-5,$-9,$2,$-8
26,2012-03-31,55.55,$24.07,2.31,$47.99,1.16,$-0.89,0.0,$3.52,15.78,$0.43B,$0.10B,4.51,$0.00B,$0.30B,0.01,$0.59B,$0.11B,19.32%,$0.59B,$0.07B,11.62%,$0.59B,$0.07B,11.62%,$0.59B,$0.08B,13.68%,$0.59B,$0.07B,11.62%,$0.59B,$0.04B,7.18%,$0.04B,$0.30B,14.84%,$0.04B,$0.29B,15.19%,$0.04B,$0.62B,6.99%,$0.07B,$0.30B,23.92%,$159,$124,$35,$1,$11,$136,$23,$0,$23,$8,$15,$15,$15,$26,$23,$12,12,$1.24,$1.23,$51,$274,$3,$431,$116,$0,$6,$2,$187,$618,$96,$1,$0,$227,$322,$0,$142,$-82,$296,$618,$24,$6,$8,$14,$-5,$-23,$0,$-0,$-31,$7,$-13,$0,$0,$0,$0,$0,$0,$-13,$0,$0,$0,$2,$2,$-5,$1,$-3,$-9,$1,$-5
27,2011-12-31,47.72,$22.77,2.1,$46.36,1.03,$-1.44,0.0,$2.80,17.04,$0.42B,$0.09B,4.43,$0.00B,$0.28B,0.01,$0.57B,$0.10B,17.52%,$0.57B,$0.06B,9.73%,$0.57B,$0.06B,9.73%,$0.57B,$0.07B,11.86%,$0.57B,$0.06B,9.73%,$0.57B,$0.03B,5.84%,$0.03B,$0.28B,11.87%,$0.03B,$0.27B,12.17%,$0.03B,$0.60B,5.61%,$0.06B,$0.28B,19.70%,$129,$105,$23,$1,$10,$116,$13,$0,$13,$5,$8,$8,$8,$16,$13,$12,12,$0.69,$0.68,$54,$269,$3,$415,$114,$0,$6,$2,$187,$602,$94,$1,$0,$229,$322,$0,$130,$-84,$280,$602,$8,$3,$-0,$3,$9,$-20,$0,$-1,$-8,$3,$-7,$0,$0,$0,$0,$0,$0,$-7,$0,$0,$0,$1,$1,$-3,$1,$-1,$-6,$0,$-3
28,2011-09-30,37.82,$22.36,1.69,$44.50,0.85,$-1.40,0.0,$2.55,14.83,$0.41B,$0.09B,4.44,$0.00B,$0.27B,0.01,$0.54B,$0.09B,17.34%,$0.54B,$0.05B,9.23%,$0.54B,$0.05B,9.23%,$0.54B,$0.06B,11.44%,$0.54B,$0.05B,9.23%,$0.54B,$0.03B,5.54%,$0.03B,$0.27B,10.90%,$0.03B,$0.27B,11.16%,$0.03B,$0.60B,5.22%,$0.05B,$0.27B,18.07%,$154,$124,$30,$1,$11,$136,$18,$-0,$18,$7,$11,$11,$11,$21,$18,$12,12,$0.89,$0.91,$60,$250,$2,$411,$111,$0,$6,$3,$185,$597,$93,$1,$0,$231,$324,$0,$124,$-83,$273,$597,$31,$12,$20,$32,$-25,$-18,$0,$1,$-44,$20,$-14,$0,$0,$0,$0,$0,$0,$-14,$-0,$0,$-0,$1,$1,$-10,$-0,$-9,$-4,$2,$-10
29,2011-06-30,53.72,$23.22,2.31,$40.40,1.33,$-4.41,0.0,$2.08,25.83,$0.41B,$0.10B,4.23,$0.00B,$0.28B,0.01,$0.49B,$0.08B,17.04%,$0.49B,$0.04B,8.32%,$0.49B,$0.04B,8.32%,$0.49B,$0.05B,10.75%,$0.49B,$0.04B,8.32%,$0.49B,$0.02B,4.87%,$0.02B,$0.28B,8.78%,$0.02B,$0.28B,8.99%,$0.02B,$0.59B,4.26%,$0.04B,$0.29B,14.91%,$143,$118,$25,$1,$11,$129,$14,$0,$14,$6,$8,$8,$8,$17,$14,$12,12,$0.70,$0.69,$52,$260,$3,$413,$109,$0,$6,$3,$175,$588,$98,$1,$0,$207,$305,$0,$115,$-63,$283,$588,$20,$9,$5,$13,$-24,$-26,$0,$-0,$-29,$4,$-10,$0,$0,$0,$0,$0,$0,$-10,$-0,$0,$-0,$1,$1,$-7,$0,$-7,$-12,$1,$-7
30,2011-03-31,47.92,$22.60,2.12,$37.02,1.29,$-7.13,0.0,$1.70,28.19,$0.39B,$0.08B,4.95,$0.00B,$0.28B,0.01,$0.45B,$0.08B,16.85%,$0.45B,$0.03B,7.54%,$0.45B,$0.03B,7.54%,$0.45B,$0.05B,10.20%,$0.45B,$0.03B,7.54%,$0.45B,$0.02B,4.43%,$0.02B,$0.28B,7.38%,$0.02B,$0.27B,7.57%,$0.02B,$0.56B,3.62%,$0.03B,$0.28B,12.49%,$139,$119,$21,$1,$10,$130,$10,$-0,$10,$3,$6,$6,$6,$13,$10,$12,12,$0.52,$0.51,$47,$240,$3,$387,$108,$0,$6,$3,$176,$564,$78,$1,$0,$210,$288,$0,$109,$-64,$276,$564,$11,$6,$3,$9,$-20,$-7,$0,$-1,$-26,$-6,$-6,$0,$0,$0,$0,$0,$0,$-6,$-0,$0,$-0,$1,$1,$-5,$0,$-4,$-17,$1,$-5
31,2010-12-31,36.01,$22.11,1.63,$33.43,1.08,$-6.77,0.0,$1.27,28.36,$0.37B,$0.07B,5.33,$0.00B,$0.27B,0.01,$0.41B,$0.07B,15.97%,$0.41B,$0.03B,6.39%,$0.41B,$0.03B,6.39%,$0.41B,$0.04B,9.34%,$0.41B,$0.03B,6.39%,$0.41B,$0.02B,3.69%,$0.02B,$0.27B,5.56%,$0.02B,$0.26B,5.70%,$0.02B,$0.55B,2.72%,$0.03B,$0.27B,9.58%,$106,$88,$18,$1,$9,$98,$8,$0,$8,$3,$5,$5,$5,$11,$8,$12,12,$0.44,$0.43,$58,$244,$2,$374,$107,$0,$7,$3,$178,$551,$70,$1,$173,$212,$282,$0,$105,$-66,$269,$551,$5,$3,$2,$5,$5,$-12,$0,$-0,$-10,$-0,$-3,$0,$0,$0,$0,$0,$0,$-3,$-0,$0,$-0,$0,$0,$-2,$0,$-3,$-6,$0,$-2
32,2010-09-30,29.92,$21.89,1.37,$31.43,0.95,$-6.89,0.0,$0.73,40.98,$0.37B,$0.07B,5.2,$0.00B,$0.27B,0.01,$0.38B,$0.05B,14.14%,$0.38B,$0.02B,4.19%,$0.38B,$0.02B,4.19%,$0.38B,$0.03B,7.33%,$0.38B,$0.02B,4.19%,$0.38B,$0.01B,2.36%,$0.01B,$0.27B,3.31%,$0.01B,$0.26B,3.40%,$0.01B,$0.55B,1.64%,$0.02B,$0.27B,5.86%,$105,$85,$20,$1,$10,$95,$9,$0,$9,$4,$5,$5,$5,$12,$9,$12,12,$0.46,$0.45,$64,$232,$2,$372,$107,$0,$7,$4,$180,$552,$71,$1,$0,$214,$286,$0,$103,$-66,$266,$552,$9,$12,$2,$14,$-16,$-49,$0,$-2,$-42,$-19,$-12,$0,$0,$0,$0,$0,$0,$-12,$-0,$0,$-0,$0,$0,$-10,$0,$-10,$-41,$2,$-10
33,2010-06-30,26.24,$22.44,1.17,$29.96,0.88,$4.91,5.35,$0.03,874.51,$0.37B,$0.08B,4.83,$0.00B,$0.27B,0.01,$0.36B,$0.04B,10.74%,$0.36B,$0.00B,0.83%,$0.36B,$0.00B,0.83%,$0.36B,$0.02B,4.13%,$0.36B,$0.00B,0.83%,$0.36B,$0.00B,0.28%,$0.00B,$0.27B,0.37%,$0.00B,$0.27B,0.38%,$0.00B,$0.55B,0.18%,$0.00B,$0.27B,1.10%,$101,$84,$17,$1,$9,$95,$7,$0,$7,$3,$4,$4,$4,$10,$7,$12,12,$0.31,$0.31,$59,$235,$1,$373,$106,$0,$7,$3,$173,$546,$77,$1,$156,$196,$273,$0,$100,$-56,$273,$546,$3,$9,$1,$9,$-8,$-55,$0,$-1,$-42,$-30,$-9,$0,$0,$0,$0,$0,$0,$-9,$-0,$0,$-0,$0,$0,$-7,$0,$-7,$-47,$1,$-7
34,2010-03-31,30.06,$22.41,1.34,$29.83,1.01,$15.57,1.93,$-1.19,0.0,$0.38B,$0.08B,4.54,$0.00B,$0.27B,0.01,$0.36B,$0.01B,3.89%,$0.36B,$-0.02B,-6.11%,$0.36B,$-0.02B,-6.11%,$0.36B,$-0.01B,-2.78%,$0.36B,$-0.02B,-6.11%,$0.36B,$-0.01B,-3.89%,$-0.01B,$0.27B,-4.89%,$-0.01B,$0.27B,-5.02%,$-0.01B,$0.55B,-2.59%,$-0.02B,$0.27B,-7.65%,$95,$84,$10,$1,$8,$93,$2,$0,$2,$1,$1,$1,$1,$5,$2,$12,12,$0.08,$0.08,$92,$205,$2,$377,$107,$0,$7,$3,$176,$554,$83,$1,$158,$198,$281,$0,$98,$-55,$272,$554,$-0,$6,$-1,$5,$-8,$-23,$0,$-2,$-6,$-1,$-7,$0,$0,$0,$0,$0,$0,$-7,$-0,$0,$-0,$0,$0,$-5,$0,$-5,$-13,$1,$-5
35,2009-12-31,27.69,$22.77,1.22,$32.09,0.86,$19.34,1.43,$-4.85,0.0,$0.36B,$0.06B,5.89,$0.00B,$0.28B,0.01,$0.39B,$0.01B,2.86%,$0.39B,$-0.07B,-18.18%,$0.39B,$-0.07B,-18.18%,$0.39B,$-0.01B,-3.64%,$0.39B,$-0.07B,-18.18%,$0.39B,$-0.06B,-15.06%,$-0.06B,$0.28B,-19.19%,$-0.06B,$0.27B,-19.69%,$-0.06B,$0.54B,-10.90%,$-0.07B,$0.28B,-23.06%,$81,$74,$7,$1,$8,$83,$-2,$-0,$-2,$-1,$-1,$-1,$-1,$1,$-2,$12,12,$-0.11,$-0.11,$98,$186,$2,$360,$108,$0,$7,$3,$177,$538,$61,$1,$160,$201,$262,$0,$100,$-52,$276,$538,$-1,$3,$-1,$1,$-0,$-4,$0,$-1,$-0,$-0,$-5,$0,$0,$0,$0,$0,$0,$-5,$-0,$0,$-0,$0,$0,$-2,$0,$-3,$-8,$0,$-2
36,2009-09-30,26.53,$21.89,1.21,$36.52,0.73,$20.70,1.28,$-4.36,0.0,$0.37B,$0.07B,5.2,$0.00B,$0.27B,0.01,$0.44B,$0.02B,5.25%,$0.44B,$-0.06B,-13.93%,$0.44B,$-0.06B,-13.93%,$0.44B,$-0.01B,-1.14%,$0.44B,$-0.06B,-13.93%,$0.44B,$-0.05B,-11.87%,$-0.05B,$0.27B,-15.84%,$-0.05B,$0.26B,-16.80%,$-0.05B,$0.55B,-9.55%,$-0.06B,$0.27B,-18.50%,$86,$81,$5,$1,$8,$90,$-4,$-0,$-4,$-1,$-3,$-3,$-3,$-1,$-4,$12,12,$-0.25,$-0.25,$64,$232,$2,$372,$107,$0,$7,$4,$180,$552,$71,$1,$175,$214,$286,$0,$103,$-66,$266,$552,$-52,$55,$3,$58,$51,$121,$0,$2,$114,$120,$-9,$0,$0,$0,$0,$0,$0,$-9,$-13,$0,$-13,$1,$1,$0,$-0,$-13,$98,$1,$0
37,2009-06-30,19.76,$27.35,0.72,$42.76,0.46,$13.36,1.48,$-2.76,0.0,$0.37B,$0.05B,6.89,$0.00B,$0.33B,0.0,$0.51B,$0.05B,10.14%,$0.51B,$-0.04B,-6.82%,$0.51B,$-0.04B,-6.82%,$0.51B,$0.02B,4.09%,$0.51B,$-0.04B,-6.82%,$0.51B,$-0.03B,-6.43%,$-0.03B,$0.33B,-9.25%,$-0.03B,$0.32B,-10.10%,$-0.03B,$0.52B,-5.88%,$-0.04B,$0.33B,-9.77%,$98,$106,$-8,$1,$9,$116,$-18,$-0,$-18,$-7,$-11,$-11,$-11,$-15,$-18,$12,12,$-0.91,$-0.91,$84,$199,$1,$368,$107,$0,$7,$3,$148,$516,$53,$1,$89,$132,$185,$0,$107,$-3,$331,$516,$-49,$52,$2,$54,$45,$105,$0,$1,$92,$97,$-7,$0,$0,$0,$0,$0,$0,$-7,$-13,$0,$-13,$1,$1,$0,$-0,$-13,$77,$1,$0
38,2009-03-31,14.86,$27.91,0.53,$48.38,0.31,$7.18,2.07,$-0.39,0.0,$0.37B,$0.05B,7.19,$0.00B,$0.34B,0.0,$0.58B,$0.10B,17.21%,$0.58B,$0.01B,1.89%,$0.58B,$0.01B,1.89%,$0.58B,$0.07B,11.53%,$0.58B,$0.01B,1.89%,$0.58B,$-0.00B,-0.69%,$-0.00B,$0.34B,-1.09%,$-0.00B,$0.33B,-1.23%,$-0.00B,$0.52B,-0.68%,$0.01B,$0.34B,2.98%,$120,$113,$7,$1,$8,$166,$-46,$-0,$-46,$-3,$-43,$-43,$-43,$1,$-46,$12,12,$-3.58,$-3.58,$30,$243,$2,$372,$108,$0,$8,$3,$151,$523,$52,$1,$92,$135,$187,$0,$117,$-8,$336,$523,$-38,$49,$-0,$49,$21,$56,$0,$1,$32,$43,$-6,$0,$0,$0,$0,$0,$0,$-6,$-13,$0,$-13,$0,$0,$0,$-0,$-13,$23,$1,$0
39,2008-12-31,20.53,$31.72,0.65,$51.95,0.4,$4.32,4.76,$4.44,4.62,$0.39B,$0.07B,5.93,$0.00B,$0.38B,0.0,$0.63B,$0.13B,20.64%,$0.63B,$0.08B,13.12%,$0.63B,$0.08B,13.12%,$0.63B,$0.09B,15.04%,$0.63B,$0.08B,13.12%,$0.63B,$0.05B,8.64%,$0.05B,$0.38B,14.53%,$0.05B,$0.33B,16.86%,$0.05B,$0.59B,8.83%,$0.08B,$0.38B,21.93%,$134,$116,$19,$1,$11,$127,$7,$-0,$7,$2,$5,$5,$5,$10,$7,$12,12,$0.38,$0.38,$5,$292,$3,$392,$107,$0,$52,$3,$194,$586,$66,$1,$97,$140,$206,$0,$160,$-7,$380,$586,$5,$3,$1,$3,$18,$9,$0,$-1,$6,$14,$-3,$0,$0,$0,$0,$0,$0,$-3,$-13,$0,$-13,$0,$0,$0,$-0,$-13,$-2,$0,$0
40,2008-09-30,39.05,$31.67,1.23,$53.00,0.74,$3.96,9.87,$5.22,7.48,$0.42B,$0.09B,4.55,$0.00B,$0.38B,0.0,$0.64B,$0.14B,22.61%,$0.64B,$0.10B,15.38%,$0.64B,$0.10B,15.38%,$0.64B,$0.11B,17.27%,$0.64B,$0.10B,15.38%,$0.64B,$0.06B,9.89%,$0.06B,$0.38B,17.46%,$0.06B,$0.33B,20.36%,$0.06B,$0.62B,10.26%,$0.10B,$0.38B,27.00%,$161,$126,$34,$1,$11,$138,$22,$-0,$22,$6,$16,$16,$16,$25,$22,$12,12,$1.36,$1.35,$7,$305,$3,$423,$107,$0,$52,$3,$194,$618,$93,$2,$0,$145,$238,$0,$156,$-2,$380,$618,$63,$10,$-15,$-5,$5,$-22,$0,$0,$-17,$41,$-19,$0,$-3,$0,$0,$0,$0,$-22,$-24,$0,$-24,$2,$2,$0,$3,$-18,$1,$2,$0
41,2008-06-30,47.99,$31.19,1.54,$53.96,0.89,$1.04,46.15,$5.37,8.94,$0.44B,$0.12B,3.8,$0.00B,$0.37B,0.01,$0.64B,$0.15B,23.55%,$0.64B,$0.11B,16.48%,$0.64B,$0.11B,16.48%,$0.64B,$0.12B,18.21%,$0.64B,$0.10B,16.33%,$0.64B,$0.07B,10.20%,$0.07B,$0.37B,18.85%,$0.07B,$0.32B,22.09%,$0.07B,$0.63B,10.72%,$0.11B,$0.38B,30.22%,$166,$126,$40,$1,$11,$138,$28,$-0,$28,$11,$18,$18,$18,$31,$28,$12,12,$1.47,$1.46,$10,$322,$3,$443,$107,$0,$52,$3,$182,$625,$117,$3,$89,$135,$252,$0,$140,$9,$373,$625,$46,$7,$-2,$6,$12,$-34,$0,$-1,$-22,$30,$-15,$0,$-3,$0,$0,$0,$0,$-18,$-13,$0,$-13,$2,$2,$0,$3,$-9,$4,$1,$0
42,2008-03-31,45.76,$29.68,1.54,$52.00,0.88,$0.71,64.55,$5.40,8.47,$0.43B,$0.11B,3.84,$0.00B,$0.35B,0.01,$0.61B,$0.15B,24.02%,$0.61B,$0.10B,16.67%,$0.61B,$0.10B,16.67%,$0.61B,$0.11B,18.30%,$0.61B,$0.10B,16.50%,$0.61B,$0.07B,10.62%,$0.07B,$0.35B,20.03%,$0.07B,$0.30B,23.68%,$0.07B,$0.62B,10.99%,$0.10B,$0.36B,31.17%,$164,$128,$36,$1,$10,$139,$25,$-0,$25,$10,$15,$15,$15,$28,$25,$12,12,$1.27,$1.25,$12,$304,$2,$434,$103,$0,$50,$4,$181,$616,$113,$3,$102,$149,$262,$0,$122,$9,$354,$616,$29,$5,$-8,$-3,$4,$-16,$0,$-0,$-14,$12,$-9,$0,$0,$0,$0,$0,$0,$-9,$-1,$0,$-1,$1,$1,$0,$2,$3,$6,$1,$0
43,2007-12-31,57.95,$28.18,2.06,$51.27,1.13,$3.41,16.99,$5.78,10.03,$0.42B,$0.11B,3.78,$0.00B,$0.34B,0.01,$0.59B,$0.15B,25.81%,$0.59B,$0.11B,18.46%,$0.59B,$0.11B,18.46%,$0.59B,$0.12B,20.00%,$0.59B,$0.11B,17.95%,$0.59B,$0.07B,11.45%,$0.07B,$0.34B,22.04%,$0.07B,$0.29B,26.40%,$0.07B,$0.60B,11.82%,$0.11B,$0.34B,35.21%,$146,$112,$34,$1,$10,$123,$23,$-0,$23,$9,$14,$14,$14,$26,$23,$12,12,$1.17,$1.16,$9,$304,$1,$419,$100,$0,$50,$4,$179,$598,$111,$3,$104,$151,$262,$0,$107,$6,$336,$598,$14,$2,$-6,$-3,$12,$-18,$0,$-0,$1,$12,$-5,$0,$0,$0,$0,$0,$0,$-5,$-7,$0,$-7,$1,$1,$0,$2,$-4,$3,$0,$0
