,Date,Stock Price,Book Value per Share,Price to Book Ratio,TTM Sales per Share,Price to Sales Ratio,TTM FCF per Share,Price to FCF Ratio,TTM Net EPS,PE Ratio,Current Assets,Current Liabilities,Current Ratio,Long Term Debt,Shareholder's Equity_x,Debt to Equity Ratio,TTM Revenue_x,TTM Gross Profit,Gross Margin,TTM Revenue_y,TTM Operating Income,Operating Margin,TTM Revenue_x,TTM EBIT,EBIT Margin,TTM Revenue_y,TTM EBITDA,EBITDA Margin,TTM Revenue_x,TTM Pre-Tax Income,Pre-Tax Margin,TTM Revenue_y,TTM Net Income_x,Net Margin,TTM Net Income_y,Shareholder's Equity_y,Return on Equity,TTM Net Income_x,Tangible Equity,Return on Tangible Equity,TTM Net Income_y,Total Assets,Return on Assets,TTM Net Income,LT Investments & Debt,Return on Investment,revenue,cost-goods-sold,gross-profit,research-development-expenses,selling-general-administrative-expenses,operating-expenses,operating-income,total-non-operating-income-expense,pre-tax-income,total-provision-income-taxes,income-after-taxes,income-from-continuous-operations,net-income,ebitda,ebit,basic-shares-outstanding,shares-outstanding,eps-basic-net-earnings-per-share,eps-earnings-per-share-diluted,cash-on-hand,inventory,other-current-assets,total-current-assets,net-property-plant-equipment,long-term-investments,goodwill-intangible-assets-total,other-long-term-assets,total-long-term-assets,total-assets,total-current-liabilities,long-term-debt,other-non-current-liabilities,total-long-term-liabilities,total-liabilities,common-stock-net,retained-earnings-accumulated-deficit,comprehensive-income,total-share-holder-equity,total-liabilities-share-holders-equity,net-income-loss,total-depreciation-amortization-cash-flow,other-non-cash-items,total-non-cash-items,change-in-accounts-receivable,change-in-inventories,change-in-accounts-payable,change-in-assets-liabilities,total-change-in-assets-liabilities,cash-flow-from-operating-activities,net-change-in-property-plant-equipment,net-change-in-intangible-assets,net-acquisitions-divestitures,net-change-in-short-term-investments,net-change-in-long-term-investments,net-change-in-investments-total,investing-activities-other,cash-flow-from-investing-activities,net-long-term-debt,net-current-debt,debt-issuance-retirement-net-total,net-common-equity-issued-repurchased,net-total-equity-issued-repurchased,total-common-preferred-stock-dividends-paid,financial-activities-other,cash-flow-from-financial-activities,net-cash-flow,stock-based-compensation,common-stock-dividends-paid
0,2018-09-30,14.92,$10.30,1.45,$4.57,3.27,$3.28,4.55,$1.28,11.66,$77.02B,$85.33B,0.9,$9.39B,$9.73B,0.96,$5.12B,$4.46B,87.07%,$5.12B,$1.65B,32.19%,$5.12B,0,0.00%,$5.12B,0,0.00%,$5.12B,$1.65B,32.19%,$5.12B,$1.42B,27.74%,$1.42B,$10.93B,12.76%,$1.42B,$8.38B,16.57%,$1.42B,$105.65B,1.35%,$1.65B,$20.32B,8.09%,$1349,$205,$1144,$0,$691,$909,$440,$0,$440,$62,$378,$378,$360,$0,$0,$1085,1104,$0.33,$0.33,$1425,$0,$0,$77024,$827,$22757,$2550,$2494,$28628,$105652,$85333,$9385,$0,$9385,$94718,$11,$1196,$-790,$10934,$105652,$1059,$350,$361,$711,$-384,$3,$0,$-325,$-491,$1144,$-62,$0,$0,$62,$1413,$1475,$-3390,$-1977,$206,$-3613,$-3407,$-739,$-244,$-413,$4676,$612,$-221,$59,$-362
1,2018-06-30,14.76,$10.39,1.42,$4.43,3.33,$3.17,4.66,$1.18,12.51,$76.12B,$84.16B,0.9,$9.73B,$10.27B,0.95,$4.97B,$4.40B,88.50%,$4.97B,$1.57B,31.63%,$4.97B,0,0.00%,$4.97B,0,0.00%,$4.97B,$1.57B,31.63%,$4.97B,$1.32B,26.46%,$1.32B,$11.47B,11.88%,$1.32B,$8.91B,15.48%,$1.32B,$105.36B,1.27%,$1.57B,$21.20B,7.76%,$1308,$188,$1120,$0,$695,$896,$412,$0,$412,$57,$355,$355,$334,$0,$0,$1103,1123,$0.30,$0.30,$1508,$0,$0,$76121,$840,$23349,$2560,$2488,$29237,$105358,$84160,$9726,$0,$9726,$93886,$11,$990,$-730,$11472,$105358,$681,$228,$305,$533,$-274,$1,$0,$-170,$-476,$602,$-38,$0,$0,$56,$906,$962,$-2382,$-1458,$597,$-2579,$-1982,$-44,$451,$-270,$2519,$718,$-138,$44,$-240
2,2018-03-31,14.99,$10.26,1.46,$4.32,3.47,$3.07,4.89,$1.11,13.51,$74.35B,$84.32B,0.88,$8.62B,$10.11B,0.85,$4.84B,$4.35B,89.97%,$4.84B,$1.51B,31.27%,$4.84B,0,0.00%,$4.84B,0,0.00%,$4.84B,$1.51B,31.27%,$4.84B,$1.24B,25.54%,$1.24B,$11.31B,11.36%,$1.24B,$8.74B,14.90%,$1.24B,$104.25B,1.20%,$1.51B,$19.93B,7.65%,$1228,$144,$1084,$0,$685,$843,$385,$0,$385,$59,$326,$326,$314,$0,$0,$1084,1125,$0.29,$0.28,$1200,$0,$0,$74349,$847,$23998,$2572,$2480,$29897,$104246,$84320,$8618,$0,$8618,$92938,$11,$780,$-677,$11308,$104246,$326,$105,$174,$279,$-27,$1,$0,$-237,$-312,$294,$-16,$0,$0,$22,$330,$352,$-1112,$-776,$-521,$-2181,$-2702,$-45,$450,$-137,$2420,$31,$-451,$15,$-118
3,2017-12-31,14.36,$10.09,1.42,$4.25,3.38,$3.13,4.59,$1.00,14.36,$73.72B,$84.17B,0.88,$9.21B,$9.74B,0.95,$4.74B,$4.31B,90.91%,$4.74B,$1.39B,29.41%,$4.74B,0,0.00%,$4.74B,0,0.00%,$4.74B,$1.39B,29.41%,$4.74B,$1.11B,23.42%,$1.11B,$10.81B,10.42%,$1.11B,$8.24B,13.77%,$1.11B,$104.19B,1.09%,$1.39B,$20.02B,7.07%,$1234,$125,$1109,$0,$684,$823,$411,$0,$411,$-20,$431,$431,$412,$0,$0,$1085,1136,$0.38,$0.37,$1653,$0,$0,$73718,$864,$24560,$2577,$2466,$30467,$104185,$84165,$9206,$0,$9206,$93371,$11,$588,$-528,$10814,$104185,$1186,$413,$465,$878,$12,$47,$0,$-420,$-128,$1954,$-194,$0,$0,$39,$-1284,$-1245,$-3427,$-4866,$868,$1371,$2239,$-249,$-249,$-425,$1482,$3047,$135,$92,$-349
4,2017-09-30,13.66,$9.90,1.38,$4.42,3.09,$2.77,4.93,$0.81,16.87,$71.95B,$82.09B,0.88,$9.20B,$9.63B,0.96,$4.66B,$4.27B,91.71%,$4.66B,$1.30B,27.84%,$4.66B,0,0.00%,$4.66B,0,0.00%,$4.66B,$1.30B,27.84%,$4.66B,$0.92B,19.74%,$0.92B,$10.70B,8.73%,$0.92B,$8.12B,11.60%,$0.92B,$101.99B,0.91%,$1.30B,$19.90B,6.70%,$1203,$115,$1088,$0,$709,$838,$365,$0,$365,$90,$275,$275,$256,$0,$0,$1086,1106,$0.24,$0.23,$1332,$0,$0,$71951,$853,$24141,$2582,$2460,$30037,$101988,$82089,$9201,$0,$9201,$91289,$11,$201,$-370,$10699,$101988,$754,$307,$245,$552,$-164,$45,$0,$-137,$-214,$1106,$-145,$0,$0,$21,$-770,$-749,$-1808,$-2702,$890,$-1865,$-975,$-123,$-123,$-319,$2822,$1405,$-191,$73,$-262
5,2017-06-30,13.15,$9.77,1.35,$4.38,3.01,$2.56,5.15,$0.69,19.06,$71.84B,$82.22B,0.87,$8.54B,$9.58B,0.89,$4.45B,$4.11B,92.36%,$4.45B,$1.08B,24.34%,$4.45B,0,0.00%,$4.45B,0,0.00%,$4.45B,$1.08B,24.34%,$4.45B,$0.77B,17.33%,$0.77B,$10.65B,7.38%,$0.77B,$8.06B,9.84%,$0.77B,$101.41B,0.77%,$1.08B,$19.19B,5.63%,$1171,$101,$1070,$0,$705,$820,$351,$0,$351,$79,$272,$272,$253,$0,$0,$1089,1109,$0.23,$0.23,$1687,$0,$0,$71843,$855,$23668,$2591,$2449,$29564,$101407,$82216,$8536,$0,$8536,$90753,$11,$34,$-350,$10654,$101407,$480,$211,$157,$368,$-221,$39,$0,$-58,$-300,$559,$-113,$0,$0,$19,$-249,$-230,$-1237,$-1580,$218,$838,$1056,$6,$6,$-212,$301,$1151,$130,$52,$-174
6,2017-03-31,12.95,$9.60,1.35,$4.35,2.97,$2.48,5.22,$0.65,19.92,$70.43B,$80.33B,0.88,$9.28B,$9.37B,0.99,$4.12B,$3.82B,92.73%,$4.12B,$0.96B,23.35%,$4.12B,0,0.00%,$4.12B,0,0.00%,$4.12B,$0.96B,23.35%,$4.12B,$0.67B,16.35%,$0.67B,$10.44B,6.97%,$0.67B,$7.83B,9.00%,$0.67B,$100.05B,0.72%,$0.96B,$19.72B,5.25%,$1132,$90,$1042,$0,$761,$865,$267,$0,$267,$59,$208,$208,$189,$0,$0,$1086,1109,$0.17,$0.17,$1470,$0,$0,$70432,$853,$23707,$2609,$2446,$29614,$100046,$80329,$9279,$0,$9279,$89608,$11,$-126,$-391,$10437,$100046,$208,$211,$46,$257,$24,$35,$0,$54,$-75,$396,$-55,$0,$0,$17,$-336,$-319,$-362,$-736,$981,$-2433,$-1452,$5,$5,$-106,$1818,$265,$-75,$-2,$-87
7,2016-12-31,12.71,$9.49,1.34,$4.32,2.94,$2.40,5.3,$0.68,18.69,$70.48B,$81.10B,0.87,$8.31B,$9.24B,0.9,$3.78B,$3.52B,93.05%,$3.78B,$0.92B,24.33%,$3.78B,0,0.00%,$3.78B,0,0.00%,$3.78B,$0.92B,24.33%,$3.78B,$0.65B,17.11%,$0.65B,$10.31B,7.32%,$0.65B,$7.69B,9.13%,$0.65B,$99.71B,0.75%,$0.92B,$18.62B,5.37%,$1149,$80,$1069,$0,$742,$836,$313,$0,$313,$74,$239,$239,$221,$0,$0,$904,919,$0.20,$0.20,$1576,$0,$0,$70475,$816,$23370,$2621,$2432,$29239,$99714,$81097,$8309,$0,$8309,$89406,$11,$-227,$-401,$10308,$99714,$712,$380,$422,$802,$-123,$-96,$0,$-96,$-311,$1215,$-120,$0,$-613,$26,$-1409,$-1383,$-1329,$-3445,$853,$1900,$2753,$17,$602,$-299,$-288,$2768,$538,$66,$-245
8,2016-09-30,9.42,$9.58,0.98,$4.07,2.32,$2.36,4.0,$0.71,13.27,$73.13B,$81.38B,0.9,$9.00B,$9.32B,0.97,$3.45B,$3.22B,93.33%,$3.45B,$0.84B,24.38%,$3.45B,0,0.00%,$3.45B,0,0.00%,$3.45B,$0.84B,24.38%,$3.45B,$0.60B,17.28%,$0.60B,$10.39B,7.53%,$0.60B,$7.77B,9.05%,$0.60B,$100.77B,0.75%,$0.84B,$19.39B,5.29%,$997,$69,$928,$0,$767,$845,$152,$0,$152,$25,$127,$127,$108,$0,$0,$939,952,$0.12,$0.11,$1749,$0,$0,$73128,$828,$21772,$2614,$2423,$27637,$100765,$81380,$8999,$0,$8999,$90379,$11,$-359,$-172,$10387,$100765,$473,$299,$145,$444,$-195,$1,$0,$-169,$-219,$686,$-64,$0,$-133,$33,$575,$609,$-3272,$-2860,$1397,$364,$1760,$6,$591,$-215,$853,$2989,$815,$49,$-169
9,2016-06-30,8.48,$9.39,0.9,$3.99,2.12,$2.11,4.02,$0.78,10.87,$55.38B,$58.52B,0.95,$7.93B,$6.54B,1.21,$3.25B,$3.04B,93.71%,$3.25B,$0.89B,27.40%,$3.25B,0,0.00%,$3.25B,0,0.00%,$3.25B,$0.89B,27.40%,$3.25B,$0.63B,19.51%,$0.63B,$7.51B,9.09%,$0.63B,$6.62B,10.37%,$0.63B,$73.95B,0.88%,$0.89B,$15.44B,6.23%,$837,$60,$777,$0,$545,$608,$229,$0,$229,$54,$175,$175,$155,$0,$0,$798,810,$0.19,$0.19,$947,$0,$0,$55384,$597,$15312,$884,$1778,$18570,$73954,$58517,$7930,$0,$7930,$66447,$8,$-391,$-134,$7507,$73954,$346,$208,$73,$281,$-308,$2,$0,$-97,$-333,$287,$-20,$0,$0,$7,$-271,$-264,$-2312,$-2596,$796,$1336,$2132,$4,$589,$-140,$-251,$2329,$20,$28,$-112
10,2016-03-31,8.98,$8.98,1.0,$3.95,2.27,$1.83,4.9,$0.82,10.96,$54.10B,$57.55B,0.94,$7.94B,$6.39B,1.24,$3.22B,$3.04B,94.29%,$3.22B,$0.92B,28.57%,$3.22B,0,0.00%,$3.22B,0,0.00%,$3.22B,$0.92B,28.57%,$3.22B,$0.67B,20.68%,$0.67B,$7.16B,9.93%,$0.67B,$6.26B,11.32%,$0.67B,$72.65B,0.94%,$0.92B,$15.09B,6.81%,$799,$54,$745,$0,$515,$573,$226,$0,$226,$55,$171,$171,$163,$0,$0,$796,808,$0.21,$0.20,$929,$0,$0,$54104,$612,$15266,$897,$1767,$18541,$72645,$57552,$7935,$0,$7935,$65487,$8,$-488,$-167,$7158,$72645,$171,$105,$34,$140,$-40,$-9,$0,$0,$-115,$192,$-12,$0,$0,$-15,$-264,$-279,$-1298,$-1589,$829,$-147,$681,$1,$387,$-64,$362,$1367,$-31,$11,$-56
11,2015-12-31,10.34,$8.30,1.25,$3.85,2.68,$1.57,6.58,$0.81,12.76,$52.78B,$57.38B,0.92,$7.04B,$6.21B,1.13,$3.16B,$2.99B,94.77%,$3.16B,$0.91B,28.97%,$3.16B,0,0.00%,$3.16B,0,0.00%,$3.16B,$0.91B,28.97%,$3.16B,$0.66B,20.95%,$0.66B,$6.60B,10.12%,$0.66B,$5.67B,11.50%,$0.66B,$71.02B,0.95%,$0.91B,$13.64B,7.23%,$817,$47,$770,$0,$531,$583,$234,$0,$234,$56,$178,$178,$170,$0,$0,$803,817,$0.22,$0.21,$936,$0,$0,$52784,$621,$14935,$921,$1758,$18234,$71018,$57382,$7041,$0,$7041,$64424,$8,$-594,$-226,$6595,$71018,$693,$341,$219,$560,$54,$5,$0,$-234,$-210,$1033,$-93,$0,$-458,$13,$-2220,$-2207,$-2171,$-4929,$2195,$-1819,$376,$-233,$-233,$-225,$3604,$3522,$-374,$51,$-193
12,2015-09-30,9.85,$8.26,1.19,$3.74,2.63,$1.42,6.94,$0.79,12.46,$52.85B,$57.27B,0.92,$6.36B,$6.20B,1.03,$3.08B,$2.93B,95.06%,$3.08B,$0.90B,29.26%,$3.08B,0,0.00%,$3.08B,0,0.00%,$3.08B,$0.90B,29.26%,$3.08B,$0.65B,21.01%,$0.65B,$6.58B,10.00%,$0.65B,$5.85B,11.23%,$0.65B,$70.21B,0.95%,$0.90B,$12.94B,7.57%,$792,$43,$749,$0,$545,$592,$200,$0,$200,$47,$153,$153,$145,$0,$0,$801,814,$0.18,$0.18,$1129,$0,$0,$52853,$621,$14253,$736,$1748,$17357,$70210,$57268,$6359,$0,$6359,$63628,$8,$-708,$-140,$6583,$70210,$515,$263,$113,$376,$-267,$4,$0,$-216,$-469,$401,$-69,$0,$-458,$-1,$-1425,$-1426,$-1307,$-3260,$1432,$-967,$465,$-218,$-218,$-169,$2586,$2663,$-196,$39,$-146
13,2015-06-30,10.45,$8.09,1.29,$3.67,2.85,$1.73,6.04,$0.79,13.23,$52.19B,$56.50B,0.92,$5.86B,$6.11B,0.96,$3.04B,$2.89B,95.29%,$3.04B,$0.91B,29.98%,$3.04B,0,0.00%,$3.04B,0,0.00%,$3.04B,$0.91B,29.98%,$3.04B,$0.65B,21.38%,$0.65B,$6.50B,10.15%,$0.65B,$5.76B,11.35%,$0.65B,$68.85B,0.97%,$0.91B,$12.35B,7.89%,$812,$39,$772,$0,$502,$551,$260,$0,$260,$64,$196,$196,$188,$0,$0,$807,820,$0.23,$0.23,$1511,$0,$0,$52194,$615,$13559,$741,$1736,$16651,$68846,$56495,$5855,$0,$5855,$62349,$8,$-805,$-186,$6496,$68846,$362,$168,$91,$259,$-242,$-17,$0,$-175,$-519,$86,$-43,$0,$-458,$-7,$-789,$-796,$-225,$-1522,$958,$-889,$69,$-144,$-144,$-113,$1784,$1595,$159,$26,$-97
14,2015-03-31,10.16,$7.99,1.27,$3.58,2.84,$2.11,4.81,$0.75,13.54,$51.66B,$56.38B,0.92,$5.16B,$6.08B,0.85,$2.97B,$2.83B,95.35%,$2.97B,$0.87B,29.38%,$2.97B,0,0.00%,$2.97B,0,0.00%,$2.97B,$0.87B,29.38%,$2.97B,$0.62B,20.82%,$0.62B,$6.46B,9.76%,$0.62B,$5.71B,10.86%,$0.62B,$68.00B,0.94%,$0.87B,$11.62B,7.50%,$734,$34,$699,$0,$469,$514,$220,$0,$220,$54,$166,$166,$158,$0,$0,$810,824,$0.19,$0.19,$1022,$0,$0,$51660,$607,$13259,$751,$1725,$16343,$68003,$56382,$5159,$0,$5159,$61541,$8,$-944,$-161,$6462,$68003,$166,$96,$17,$113,$-199,$-5,$0,$-58,$-293,$-18,$-13,$0,$-458,$-9,$-439,$-448,$-250,$-1169,$246,$-358,$-112,$-48,$-48,$-57,$1083,$866,$-321,$11,$-49
15,2014-12-31,9.62,$7.80,1.23,$3.54,2.72,$2.32,4.14,$0.73,13.17,$50.60B,$55.63B,0.91,$4.34B,$5.94B,0.73,$2.96B,$2.82B,95.33%,$2.96B,$0.85B,28.87%,$2.96B,0,0.00%,$2.96B,0,0.00%,$2.96B,$0.85B,28.87%,$2.96B,$0.60B,20.34%,$0.60B,$6.33B,9.60%,$0.60B,$5.73B,10.62%,$0.60B,$66.30B,0.94%,$0.85B,$10.66B,7.72%,$741,$34,$707,$0,$475,$520,$221,$0,$221,$57,$164,$164,$156,$0,$0,$820,833,$0.19,$0.18,$1327,$0,$0,$50601,$616,$12765,$597,$1718,$15697,$66298,$55634,$4336,$0,$4336,$59970,$8,$-1052,$-222,$6328,$66298,$632,$336,$142,$478,$-59,$-7,$0,$-438,$-222,$889,$-59,$0,$692,$-8,$-1468,$-1475,$-4162,$-5005,$1801,$119,$1920,$-314,$-314,$-199,$2929,$4335,$219,$44,$-167
16,2014-09-30,8.84,$7.72,1.15,$3.50,2.52,$2.40,3.68,$0.72,12.28,$49.19B,$52.82B,0.93,$5.23B,$5.90B,0.89,$2.93B,$2.79B,95.13%,$2.93B,$0.84B,28.70%,$2.93B,0,0.00%,$2.93B,0,0.00%,$2.93B,$0.84B,28.70%,$2.93B,$0.60B,20.28%,$0.60B,$6.28B,9.60%,$0.60B,$5.68B,10.60%,$0.60B,$64.33B,0.96%,$0.84B,$11.51B,8.00%,$748,$35,$714,$0,$495,$540,$209,$0,$209,$54,$155,$155,$147,$0,$0,$816,830,$0.18,$0.18,$1019,$0,$0,$49188,$613,$12218,$608,$1704,$15143,$64331,$52822,$5225,$0,$5225,$58046,$8,$-1159,$-182,$6284,$64331,$469,$242,$107,$349,$-62,$-31,$0,$-157,$-188,$629,$-32,$0,$692,$-16,$-949,$-965,$-3229,$-3534,$1051,$834,$1885,$-280,$-280,$-145,$1324,$2783,$-121,$34,$-121
17,2014-06-30,8.63,$7.64,1.13,$3.45,2.5,$2.54,3.39,$0.74,11.66,$48.78B,$51.09B,0.96,$6.47B,$5.86B,1.11,$2.90B,$2.76B,94.94%,$2.90B,$0.88B,30.21%,$2.90B,0,0.00%,$2.90B,0,0.00%,$2.90B,$0.88B,30.21%,$2.90B,$0.62B,21.32%,$0.62B,$6.24B,10.12%,$0.62B,$5.65B,11.15%,$0.62B,$63.80B,1.03%,$0.88B,$12.71B,9.02%,$745,$35,$710,$0,$479,$523,$222,$0,$222,$57,$165,$165,$157,$0,$0,$822,835,$0.19,$0.19,$1339,$0,$0,$48781,$622,$12113,$587,$1694,$15016,$63797,$51087,$6469,$0,$6469,$57556,$8,$-1264,$-160,$6241,$63797,$314,$156,$49,$205,$-28,$-15,$0,$-108,$-136,$383,$-23,$0,$-13,$-13,$-822,$-835,$-2476,$-3347,$1551,$1278,$2830,$-235,$-235,$-99,$686,$3182,$217,$23,$-83
18,2014-03-31,8.97,$7.46,1.2,$3.41,2.63,$2.54,3.53,$0.72,12.46,$46.75B,$51.81B,0.9,$3.16B,$5.79B,0.55,$2.87B,$2.72B,94.78%,$2.87B,$0.86B,29.97%,$2.87B,0,0.00%,$2.87B,0,0.00%,$2.87B,$0.86B,29.97%,$2.87B,$0.61B,21.06%,$0.61B,$6.18B,10.08%,$0.61B,$5.58B,11.12%,$0.61B,$61.15B,1.04%,$0.86B,$9.33B,10.06%,$721,$35,$686,$0,$475,$520,$201,$0,$201,$52,$149,$149,$141,$0,$0,$830,843,$0.17,$0.17,$1085,$0,$0,$46749,$629,$11490,$596,$1682,$14397,$61146,$51813,$3157,$0,$3157,$54970,$8,$-1380,$-202,$6176,$61146,$149,$85,$0,$85,$-19,$-5,$0,$-22,$-78,$156,$-11,$0,$-13,$-14,$-226,$-241,$-692,$-957,$-1499,$1162,$-337,$-130,$-130,$-49,$1289,$773,$-28,$9,$-41
19,2013-12-31,8.63,$7.33,1.18,$3.40,2.54,$2.59,3.34,$0.72,11.99,$45.50B,$50.92B,0.89,$2.46B,$5.70B,0.43,$2.87B,$2.72B,94.57%,$2.87B,$0.87B,30.20%,$2.87B,0,0.00%,$2.87B,0,0.00%,$2.87B,$0.87B,30.20%,$2.87B,$0.61B,21.19%,$0.61B,$6.09B,10.28%,$0.61B,$5.55B,11.33%,$0.61B,$59.47B,1.07%,$0.87B,$8.55B,10.75%,$720,$39,$681,$0,$460,$510,$210,$0,$210,$52,$158,$158,$150,$0,$0,$834,844,$0.18,$0.18,$1094,$0,$0,$45502,$635,$11145,$537,$1647,$13965,$59467,$50919,$2458,$0,$2458,$53377,$8,$-1479,$-214,$6090,$59467,$641,$282,$233,$514,$127,$56,$0,$11,$-142,$1013,$-102,$0,$0,$147,$-1396,$-1249,$-2889,$-4240,$1148,$855,$2002,$-112,$-112,$-182,$1258,$2965,$-262,$37,$-151
20,2013-09-30,7.35,$7.18,1.02,$3.46,2.13,$2.52,2.92,$0.73,10.07,$45.15B,$48.34B,0.93,$2.35B,$5.58B,0.42,$2.94B,$2.78B,94.49%,$2.94B,$0.87B,29.74%,$2.94B,0,0.00%,$2.94B,0,0.00%,$2.94B,$0.89B,30.21%,$2.94B,$0.61B,20.72%,$0.61B,$5.96B,10.41%,$0.61B,$5.41B,11.52%,$0.61B,$56.65B,1.08%,$0.87B,$8.31B,10.96%,$717,$38,$679,$0,$424,$473,$244,$0,$244,$65,$179,$179,$171,$0,$0,$830,841,$0.21,$0.20,$1245,$0,$0,$45145,$640,$8683,$548,$1633,$11503,$56648,$48337,$2350,$0,$2350,$50687,$8,$-1578,$-231,$5962,$56648,$483,$210,$155,$365,$116,$17,$0,$-36,$-35,$813,$-89,$0,$0,$104,$491,$594,$-1718,$-1213,$21,$155,$176,$-125,$-125,$-133,$326,$244,$-155,$28,$-109
21,2013-06-30,6.96,$6.97,1.0,$3.47,2.01,$2.34,2.97,$0.72,9.67,$44.32B,$48.08B,0.92,$2.25B,$5.40B,0.42,$2.97B,$2.79B,94.00%,$2.97B,$0.83B,27.84%,$2.97B,0,0.00%,$2.97B,0,0.00%,$2.97B,$0.84B,28.31%,$2.97B,$0.60B,20.16%,$0.60B,$5.78B,10.29%,$0.60B,$5.23B,11.41%,$0.60B,$56.11B,1.06%,$0.83B,$8.04B,10.69%,$715,$38,$677,$0,$460,$508,$206,$0,$206,$55,$151,$151,$143,$0,$0,$835,844,$0.17,$0.17,$1152,$0,$0,$44320,$627,$8988,$558,$1621,$11793,$56114,$48077,$2253,$0,$2253,$50330,$8,$-1707,$-284,$5784,$56114,$304,$135,$150,$286,$6,$10,$0,$-15,$-181,$409,$-49,$0,$0,$86,$186,$272,$-829,$-606,$-78,$109,$32,$-109,$-109,$-84,$88,$-72,$-269,$18,$-68
22,2013-03-31,6.48,$7.00,0.93,$3.48,1.86,$2.50,2.59,$0.72,9.0,$44.06B,$48.66B,0.91,$1.53B,$5.48B,0.28,$2.99B,$2.80B,93.38%,$2.99B,$0.82B,27.46%,$2.99B,0,0.00%,$2.99B,0,0.00%,$2.99B,$0.84B,27.93%,$2.99B,$0.60B,20.05%,$0.60B,$5.87B,10.38%,$0.60B,$5.30B,11.55%,$0.60B,$56.06B,1.07%,$0.82B,$7.40B,10.58%,$722,$41,$681,$0,$462,$514,$208,$0,$208,$55,$153,$153,$145,$0,$0,$841,849,$0.17,$0.17,$987,$0,$0,$44058,$621,$9198,$569,$1610,$11997,$56055,$48659,$1528,$0,$1528,$50188,$8,$-1808,$-160,$5867,$56055,$153,$67,$87,$154,$47,$5,$0,$-12,$-95,$212,$-24,$0,$0,$37,$100,$137,$-629,$-516,$-828,$154,$-673,$-34,$-34,$-42,$618,$-130,$-434,$8,$-34
23,2012-12-31,5.59,$6.87,0.81,$3.51,1.59,$2.56,2.18,$0.72,7.76,$44.05B,$48.00B,0.92,$2.37B,$5.40B,0.44,$3.04B,$2.82B,92.79%,$3.04B,$0.82B,26.98%,$3.04B,0,0.00%,$3.04B,0,0.00%,$3.04B,$0.83B,27.44%,$3.04B,$0.60B,19.76%,$0.60B,$5.79B,10.53%,$0.60B,$5.21B,11.76%,$0.60B,$56.15B,1.07%,$0.82B,$8.16B,10.29%,$785,$45,$740,$0,$512,$569,$216,$0,$230,$73,$158,$158,$150,$0,$0,$858,863,$0.17,$0.16,$1425,$0,$0,$44053,$617,$9310,$576,$1596,$12100,$56153,$47998,$2365,$0,$2365,$50363,$8,$-1918,$-151,$5790,$56153,$631,$275,$318,$593,$-143,$-45,$0,$458,$-222,$1002,$-130,$0,$40,$71,$-478,$-407,$-587,$-1083,$-775,$-940,$-1715,$-147,$-147,$-169,$2259,$228,$147,$28,$-138
24,2012-09-30,5.99,$6.79,0.88,$3.42,1.75,$3.23,1.86,$0.67,8.94,$44.32B,$49.13B,0.9,$1.50B,$5.42B,0.28,$2.97B,$2.72B,91.74%,$2.97B,$0.76B,25.59%,$2.97B,0,0.00%,$2.97B,0,0.00%,$2.97B,$0.77B,26.03%,$2.97B,$0.57B,19.18%,$0.57B,$5.81B,10.15%,$0.57B,$5.22B,11.38%,$0.57B,$56.44B,1.02%,$0.76B,$7.31B,9.43%,$745,$53,$691,$0,$484,$549,$196,$0,$196,$28,$168,$168,$160,$0,$0,$858,864,$0.19,$0.19,$955,$0,$0,$44317,$591,$9361,$588,$1587,$12126,$56443,$49134,$1501,$0,$1501,$50635,$9,$-2043,$-85,$5808,$56443,$474,$208,$263,$471,$-162,$-46,$0,$-62,$-270,$675,$-83,$0,$40,$79,$-519,$-439,$-1131,$-1613,$-1646,$-291,$-1937,$-65,$-65,$-127,$2749,$619,$-318,$20,$-103
25,2012-06-30,5.53,$6.58,0.84,$3.42,1.62,$4.02,1.38,$0.64,8.64,$44.60B,$48.41B,0.92,$2.56B,$5.26B,0.49,$2.97B,$2.70B,90.71%,$2.97B,$0.75B,25.08%,$2.97B,0,0.00%,$2.97B,0,0.00%,$2.97B,$0.76B,25.51%,$2.97B,$0.55B,18.34%,$0.55B,$5.65B,9.90%,$0.55B,$5.05B,11.15%,$0.55B,$56.62B,0.98%,$0.75B,$8.21B,8.96%,$741,$59,$683,$0,$469,$539,$202,$0,$202,$49,$153,$153,$145,$0,$0,$862,868,$0.17,$0.17,$1361,$0,$0,$44597,$583,$9265,$603,$1574,$12026,$56623,$48410,$2564,$0,$2564,$50974,$9,$-2169,$-136,$5649,$56623,$306,$139,$191,$330,$-97,$-8,$0,$160,$-75,$561,$-55,$0,$40,$68,$-482,$-414,$-1075,$-1504,$-581,$-331,$-912,$-40,$-40,$-85,$2083,$1046,$103,$13,$-69
26,2012-03-31,5.53,$6.42,0.86,$3.43,1.61,$4.73,1.17,$0.63,8.78,$43.59B,$47.72B,0.91,$2.61B,$5.16B,0.51,$2.98B,$2.67B,89.69%,$2.98B,$0.74B,24.78%,$2.98B,0,0.00%,$2.98B,0,0.00%,$2.98B,$0.75B,25.22%,$2.98B,$0.54B,18.07%,$0.54B,$5.55B,9.95%,$0.54B,$4.93B,11.26%,$0.54B,$55.88B,0.99%,$0.74B,$8.16B,8.77%,$765,$63,$703,$0,$486,$560,$205,$0,$205,$52,$153,$153,$145,$0,$0,$864,869,$0.17,$0.17,$1323,$0,$0,$43590,$578,$9532,$615,$1562,$12287,$55877,$47717,$2609,$0,$2609,$50327,$9,$-2279,$-158,$5550,$55877,$153,$71,$91,$162,$-0,$-14,$0,$0,$-38,$277,$-29,$0,$40,$0,$-756,$-756,$-59,$-803,$-523,$71,$-452,$0,$0,$-42,$1016,$521,$-5,$5,$-35
27,2011-12-31,4.68,$6.27,0.75,$3.40,1.38,$5.28,0.89,$0.60,7.81,$43.00B,$45.94B,0.94,$3.10B,$5.03B,0.62,$2.95B,$2.61B,88.38%,$2.95B,$0.69B,23.51%,$2.95B,0,0.00%,$2.95B,0,0.00%,$2.95B,$0.71B,23.95%,$2.95B,$0.51B,17.34%,$0.51B,$5.42B,9.70%,$0.51B,$4.80B,11.04%,$0.51B,$54.45B,0.95%,$0.69B,$8.52B,8.18%,$715,$70,$644,$0,$475,$559,$156,$0,$169,$42,$127,$127,$119,$0,$0,$864,868,$0.13,$0.13,$1253,$0,$0,$42998,$564,$8719,$620,$1550,$11452,$54451,$45935,$3098,$0,$3098,$49033,$9,$-2390,$-174,$5418,$54451,$543,$282,$347,$629,$391,$140,$0,$-62,$423,$1595,$-144,$0,$0,$50,$1238,$1288,$-2449,$-1305,$-717,$-580,$-1298,$-49,$-49,$-92,$1417,$-22,$268,$20,$-62
28,2011-09-30,4.06,$6.25,0.65,$3.66,1.11,$4.67,0.87,$0.51,7.97,$42.94B,$46.61B,0.92,$2.97B,$5.04B,0.59,$3.03B,$2.65B,87.29%,$3.03B,$0.70B,22.97%,$3.03B,0,0.00%,$3.03B,0,0.00%,$3.03B,$0.70B,22.97%,$3.03B,$0.43B,14.26%,$0.43B,$5.40B,8.36%,$0.43B,$4.77B,9.57%,$0.43B,$54.98B,0.80%,$0.70B,$8.37B,8.14%,$750,$85,$665,$0,$469,$567,$182,$0,$182,$39,$143,$143,$136,$0,$0,$864,868,$0.16,$0.16,$2381,$0,$0,$42937,$543,$9372,$633,$1494,$12042,$54979,$46605,$2973,$0,$2973,$49578,$9,$-2474,$-80,$5400,$54979,$416,$213,$183,$396,$424,$100,$0,$0,$524,$1387,$-102,$0,$0,$45,$632,$677,$-1193,$-618,$-878,$194,$-685,$-49,$-49,$-50,$1357,$574,$1342,$0,$-27
29,2011-06-30,5.51,$6.08,0.91,$3.91,1.41,$4.33,1.27,$0.45,12.24,$41.63B,$44.45B,0.94,$3.35B,$4.89B,0.69,$3.08B,$2.66B,86.21%,$3.08B,$0.65B,20.93%,$3.08B,0,0.00%,$3.08B,0,0.00%,$3.08B,$0.65B,20.93%,$3.08B,$0.37B,11.91%,$0.37B,$5.25B,7.04%,$0.37B,$4.61B,8.08%,$0.37B,$53.05B,0.69%,$0.65B,$8.61B,7.36%,$748,$89,$659,$0,$451,$553,$195,$0,$195,$49,$146,$146,$138,$0,$0,$863,867,$0.16,$0.16,$1199,$0,$0,$41625,$529,$8770,$646,$1480,$11425,$53050,$44445,$3352,$0,$3352,$47797,$9,$-2575,$-123,$5253,$53050,$272,$143,$125,$267,$518,$87,$0,$0,$605,$1190,$-72,$0,$0,$9,$1208,$1217,$-1220,$-75,$-459,$18,$-441,$-49,$-49,$-33,$-456,$-979,$136,$0,$-17
30,2011-03-31,5.57,$5.84,0.95,$4.17,1.33,$4.08,1.36,$0.32,17.4,$40.95B,$44.50B,0.92,$3.41B,$4.68B,0.73,$3.14B,$2.67B,84.96%,$3.14B,$0.51B,16.31%,$3.14B,0,0.00%,$3.14B,0,0.00%,$3.14B,$0.51B,16.31%,$3.14B,$0.25B,7.90%,$0.25B,$5.04B,4.72%,$0.25B,$4.38B,5.42%,$0.25B,$52.95B,0.47%,$0.51B,$8.45B,5.65%,$739,$98,$641,$0,$467,$578,$161,$0,$161,$35,$126,$126,$119,$0,$0,$863,867,$0.14,$0.14,$1503,$0,$0,$40952,$501,$9322,$660,$1514,$11997,$52949,$44500,$3410,$0,$3410,$47910,$9,$-2704,$-204,$5039,$52949,$126,$73,$72,$145,$582,$21,$0,$0,$603,$755,$-27,$0,$0,$13,$619,$632,$-263,$342,$-259,$74,$-185,$-49,$-49,$-16,$-485,$-736,$361,$0,$-9
31,2010-12-31,5.75,$5.77,1.0,$4.42,1.3,$3.67,1.57,$0.19,30.28,$41.26B,$45.03B,0.92,$3.81B,$4.62B,0.83,$3.19B,$2.66B,83.47%,$3.19B,$0.35B,11.07%,$3.19B,0,0.00%,$3.19B,0,0.00%,$3.19B,$0.35B,11.07%,$3.19B,$0.14B,4.36%,$0.14B,$4.98B,2.60%,$0.14B,$4.31B,2.99%,$0.14B,$53.82B,0.26%,$0.35B,$8.79B,3.78%,$793,$113,$680,$0,$507,$635,$158,$0,$158,$35,$123,$123,$39,$0,$0,$727,730,$0.05,$0.05,$1168,$0,$0,$41260,$492,$9895,$673,$1500,$12560,$53820,$45025,$3814,$0,$3814,$48839,$9,$-2814,$-197,$4981,$53820,$312,$286,$796,$1082,$-329,$-102,$0,$0,$-430,$841,$-68,$0,$0,$163,$-1201,$-1038,$-1671,$-2777,$-571,$1129,$558,$886,$-512,$-136,$1353,$1263,$-673,$0,$-29
32,2010-09-30,4.76,$7.76,0.61,$4.82,0.99,$6.21,0.77,$-0.42,0.0,$40.90B,$44.06B,0.93,$3.62B,$3.87B,0.94,$3.19B,$2.60B,81.48%,$3.19B,$-0.40B,-12.63%,$3.19B,0,0.00%,$3.19B,0,0.00%,$3.19B,$-0.40B,-12.63%,$3.19B,$-0.30B,-9.37%,$-0.30B,$5.57B,-5.51%,$-0.30B,$4.88B,-6.34%,$-0.30B,$53.25B,-0.57%,$-0.40B,$9.19B,-4.28%,$802,$125,$677,$0,$531,$671,$131,$0,$131,$30,$101,$101,$71,$0,$0,$717,720,$0.10,$0.10,$1552,$0,$0,$40896,$489,$9724,$688,$1450,$12351,$53247,$44060,$3619,$0,$3619,$47679,$7,$-2846,$-28,$5567,$53247,$189,$209,$723,$933,$-255,$-55,$0,$0,$-310,$866,$-46,$0,$0,$23,$-850,$-827,$-961,$-1835,$-774,$894,$120,$0,$0,$-97,$563,$586,$-382,$0,$-21
33,2010-06-30,4.62,$7.59,0.61,$5.08,0.91,$8.13,0.57,$-0.85,0.0,$40.34B,$41.97B,0.96,$4.37B,$3.74B,1.17,$3.20B,$2.54B,79.46%,$3.20B,$-0.79B,-24.73%,$3.20B,0,0.00%,$3.20B,0,0.00%,$3.20B,$-0.79B,-24.73%,$3.20B,$-0.57B,-17.66%,$-0.57B,$5.44B,-10.36%,$-0.57B,$4.74B,-11.95%,$-0.57B,$51.77B,-1.09%,$-0.79B,$9.80B,-8.08%,$805,$136,$669,$0,$592,$743,$62,$0,$62,$13,$49,$49,$19,$0,$0,$717,719,$0.03,$0.03,$1522,$0,$0,$40335,$493,$8804,$703,$1436,$11436,$51771,$41967,$4365,$0,$4365,$46332,$7,$-2910,$-84,$5438,$51771,$89,$136,$552,$688,$46,$-23,$0,$0,$23,$785,$-32,$0,$0,$18,$8,$27,$-558,$-563,$-69,$167,$98,$0,$0,$-65,$-650,$-617,$-396,$0,$-14
34,2010-03-31,4.49,$7.49,0.6,$5.77,0.78,$10.41,0.43,$-1.28,0.0,$40.29B,$42.35B,0.95,$4.15B,$3.68B,1.13,$3.22B,$2.49B,77.23%,$3.22B,$-0.99B,-30.75%,$3.22B,0,0.00%,$3.22B,0,0.00%,$3.22B,$-0.99B,-30.75%,$3.22B,$-0.77B,-23.80%,$-0.77B,$5.37B,-14.20%,$-0.77B,$4.65B,-16.47%,$-0.77B,$51.87B,-1.48%,$-0.99B,$9.52B,-9.99%,$788,$153,$635,$0,$618,$786,$2,$0,$2,$-38,$40,$40,$10,$0,$0,$716,719,$0.01,$0.01,$1825,$0,$0,$40288,$492,$8946,$718,$1423,$11579,$51867,$42345,$4153,$0,$4153,$46497,$7,$-2922,$-133,$5370,$51867,$40,$70,$197,$267,$131,$-67,$0,$0,$64,$316,$-13,$0,$0,$8,$-192,$-184,$72,$-125,$-289,$114,$-176,$0,$0,$-32,$-193,$-401,$-211,$0,$-7
35,2009-12-31,3.04,$7.46,0.41,$6.88,0.44,$12.83,0.24,$-8.08,0.0,$40.33B,$42.42B,0.95,$3.80B,$3.65B,1.04,$3.24B,$2.43B,74.94%,$3.24B,$-3.68B,-113.38%,$3.24B,0,0.00%,$3.24B,0,0.00%,$3.24B,$-3.68B,-113.38%,$3.24B,$-3.27B,-100.77%,$-3.27B,$5.34B,-62.13%,$-3.27B,$4.60B,-72.62%,$-3.27B,$51.56B,-6.31%,$-3.68B,$9.14B,-36.25%,$796,$177,$619,$0,$1200,$1394,$-598,$0,$-598,$-228,$-370,$-370,$-399,$0,$0,$533,533,$1.38,$1.38,$1924,$0,$0,$40325,$496,$8588,$733,$1412,$11230,$51555,$42416,$3803,$0,$3803,$46219,$7,$-2922,$-157,$5336,$51555,$-3094,$2835,$1466,$4301,$-118,$856,$0,$0,$738,$1966,$-49,$0,$0,$-320,$-3796,$-4116,$2570,$-1595,$-2950,$-277,$-3227,$1136,$1136,$-162,$2559,$306,$677,$0,$-55
36,2009-09-30,3.91,$7.94,0.49,$7.38,0.53,$12.45,0.31,$-8.72,0.0,$41.37B,$41.81B,0.99,$5.03B,$3.99B,1.26,$3.18B,$2.26B,70.96%,$3.18B,$-3.73B,-117.28%,$3.18B,0,0.00%,$3.18B,0,0.00%,$3.18B,$-3.75B,-117.97%,$3.18B,$-3.31B,-104.15%,$-3.31B,$5.68B,-57.72%,$-3.31B,$4.93B,-76.89%,$-3.31B,$52.51B,-6.31%,$-3.73B,$10.70B,-32.73%,$810,$191,$619,$0,$859,$1067,$-257,$0,$-257,$-91,$-166,$-166,$-195,$0,$0,$590,590,$-0.33,$-0.33,$2401,$0,$0,$41365,$496,$8503,$746,$1402,$11148,$52513,$41809,$5029,$0,$5029,$46838,$7,$-2516,$-212,$5675,$52513,$-2724,$2767,$937,$3705,$-171,$818,$0,$0,$647,$1839,$-33,$0,$0,$-294,$-3699,$-3993,$2501,$-1524,$-1801,$-375,$-2176,$1136,$1136,$-131,$1895,$723,$1037,$0,$-49
37,2009-06-30,3.46,$9.18,0.38,$8.33,0.42,$11.91,0.29,$-8.11,0.0,$42.80B,$41.07B,1.04,$5.11B,$3.54B,1.44,$3.22B,$2.19B,68.03%,$3.22B,$-3.38B,-104.84%,$3.22B,0,0.00%,$3.22B,0,0.00%,$3.22B,$-3.40B,-105.52%,$3.22B,$-3.05B,-94.72%,$-3.05B,$5.22B,-51.64%,$-3.05B,$4.45B,-80.14%,$-3.05B,$51.40B,-5.76%,$-3.38B,$10.33B,-27.54%,$829,$213,$616,$0,$732,$967,$-138,$0,$-138,$-13,$-125,$-125,$-183,$0,$0,$459,459,$-0.40,$-0.40,$2572,$0,$0,$42797,$504,$5935,$770,$1391,$8600,$51397,$41069,$5108,$0,$5108,$46177,$6,$-2313,$-274,$5221,$51397,$-2558,$2713,$552,$3264,$-206,$844,$0,$0,$638,$1549,$-21,$0,$0,$-233,$-1161,$-1394,$1700,$285,$-1716,$-550,$-2266,$548,$548,$-101,$1232,$-586,$1248,$0,$-44
38,2009-03-31,1.37,$12.32,0.11,$9.06,0.15,$9.27,0.15,$-7.46,0.0,$44.11B,$41.29B,1.07,$5.60B,$3.05B,1.84,$3.33B,$2.20B,66.21%,$3.33B,$-3.11B,-93.57%,$3.33B,0,0.00%,$3.33B,0,0.00%,$3.33B,$-3.13B,-94.23%,$3.33B,$-2.78B,-83.55%,$-2.78B,$4.82B,-44.82%,$-2.78B,$4.02B,-81.06%,$-2.78B,$51.70B,-5.15%,$-3.11B,$10.41B,-23.64%,$809,$232,$577,$0,$642,$3494,$-2685,$0,$-2685,$-252,$-2433,$-2433,$-2492,$0,$0,$367,367,$-6.79,$-6.79,$2739,$0,$0,$44108,$517,$4908,$792,$1377,$7594,$51702,$41290,$5598,$0,$5598,$46887,$4,$-2129,$-280,$4815,$51702,$-2433,$2656,$151,$2807,$-121,$856,$0,$0,$735,$1060,$-15,$0,$0,$9,$22,$32,$851,$867,$-1258,$-297,$-1556,$0,$0,$-70,$1127,$-499,$1428,$0,$-40
39,2008-12-31,6.27,$19.75,0.32,$9.55,0.66,$6.37,0.99,$-0.32,0.0,$44.67B,$40.25B,1.11,$6.87B,$5.35B,1.28,$3.51B,$2.24B,63.83%,$3.51B,$-0.27B,-7.82%,$3.51B,0,0.00%,$3.51B,0,0.00%,$3.51B,$-0.30B,-8.44%,$3.51B,$-0.16B,-4.56%,$-0.16B,$7.23B,-2.47%,$-0.16B,$3.82B,-5.27%,$-0.16B,$54.35B,-0.29%,$-0.27B,$14.10B,-1.97%,$730,$286,$443,$0,$1071,$1376,$-647,$0,$-669,$-252,$-417,$-417,$-440,$0,$0,$366,366,$-1.21,$-1.21,$1226,$0,$0,$44673,$520,$4384,$3412,$1364,$9680,$54353,$40253,$6871,$0,$6871,$47124,$4,$367,$-327,$7229,$54353,$-114,$245,$979,$1224,$33,$93,$0,$0,$126,$1237,$-60,$0,$0,$-229,$-396,$-625,$-2015,$-2700,$-225,$-1316,$-1541,$0,$1948,$-303,$194,$298,$-1165,$0,$-280
40,2008-09-30,6.44,$17.42,0.37,$10.80,0.6,$1.66,3.88,$0.23,27.98,$44.78B,$40.44B,1.11,$7.85B,$5.81B,1.35,$3.76B,$2.35B,62.43%,$3.76B,$0.00B,0.11%,$3.76B,0,0.00%,$3.76B,0,0.00%,$3.76B,$-0.03B,-0.66%,$3.76B,$0.04B,1.09%,$0.04B,$6.38B,0.67%,$0.04B,$2.94B,1.52%,$0.04B,$54.66B,0.07%,$0.00B,$14.22B,0.03%,$854,$297,$556,$0,$445,$761,$92,$0,$92,$17,$75,$75,$63,$0,$0,$366,367,$0.17,$0.17,$2467,$0,$0,$44782,$528,$4565,$3432,$1353,$9879,$54661,$40440,$7845,$0,$7845,$48285,$4,$857,$-267,$6376,$54661,$303,$181,$335,$516,$147,$34,$0,$0,$182,$973,$-45,$0,$0,$5,$-450,$-444,$-1453,$-1943,$851,$-847,$4,$0,$550,$-243,$-179,$132,$-838,$0,$-232
41,2008-06-30,4.57,$17.43,0.26,$11.35,0.4,$-4.95,0.0,$0.33,13.86,$45.22B,$41.40B,1.09,$7.55B,$5.81B,1.3,$3.96B,$2.41B,60.71%,$3.96B,$0.10B,2.50%,$3.96B,0,0.00%,$3.96B,0,0.00%,$3.96B,$0.07B,1.77%,$3.96B,$0.12B,2.93%,$0.12B,$6.38B,1.89%,$0.12B,$2.93B,4.35%,$0.12B,$55.33B,0.21%,$0.10B,$13.93B,0.75%,$933,$307,$626,$0,$479,$805,$128,$0,$128,$26,$101,$101,$90,$0,$0,$366,367,$0.25,$0.25,$2768,$0,$0,$45219,$534,$4788,$3452,$1341,$10115,$55334,$41404,$7546,$0,$7546,$48951,$4,$843,$-243,$6383,$55334,$228,$119,$202,$322,$75,$-263,$0,$0,$-188,$280,$-31,$0,$0,$-11,$-503,$-514,$-1193,$-1738,$575,$-513,$62,$0,$551,$-184,$378,$807,$-651,$0,$-184
42,2008-03-31,8.36,$16.13,0.52,$11.73,0.71,$-7.87,0.0,$0.42,19.9,$46.41B,$42.62B,1.09,$7.52B,$5.91B,1.27,$3.73B,$2.19B,58.73%,$3.73B,$0.08B,2.04%,$3.73B,0,0.00%,$3.73B,0,0.00%,$3.73B,$0.05B,1.26%,$3.73B,$0.11B,2.87%,$0.11B,$5.91B,2.02%,$0.11B,$2.45B,4.21%,$0.11B,$56.05B,0.21%,$0.08B,$13.43B,0.64%,$989,$377,$613,$0,$440,$836,$153,$0,$153,$26,$127,$127,$127,$0,$0,$366,367,$0.35,$0.35,$3781,$0,$0,$46411,$545,$4313,$3456,$1327,$9641,$56052,$42621,$7522,$0,$7522,$50143,$4,$801,$-122,$5909,$56052,$127,$59,$225,$284,$-161,$-214,$0,$0,$-376,$-5,$-14,$0,$0,$-52,$80,$28,$-1050,$-1035,$506,$536,$1043,$0,$0,$-97,$367,$1313,$272,$0,$-97
43,2007-12-31,11.22,$16.24,0.69,$11.88,0.94,$-7.14,0.0,$0.47,23.87,$44.84B,$41.79B,1.07,$6.96B,$5.95B,1.17,$3.42B,$1.98B,57.84%,$3.42B,$0.05B,1.52%,$3.42B,0,0.00%,$3.42B,0,0.00%,$3.42B,$0.02B,0.67%,$3.42B,$0.08B,2.22%,$0.08B,$5.95B,1.66%,$0.08B,$2.46B,3.00%,$0.08B,$54.70B,0.17%,$0.05B,$12.90B,0.50%,$985,$431,$553,$0,$903,$1354,$-369,$0,$-398,$-159,$-239,$-239,$-239,$0,$0,$301,303,$-0.88,$-0.87,$3382,$0,$0,$44839,$558,$4500,$3487,$1313,$9858,$54697,$41793,$6955,$0,$6955,$48748,$4,$772,$-50,$5949,$54697,$75,$127,$508,$635,$-123,$-997,$0,$0,$-1119,$-343,$-109,$0,$-80,$-189,$616,$427,$-1643,$-1405,$1210,$1465,$2675,$0,$0,$-290,$-149,$2237,$488,$0,$-290
44,2007-09-30,12.69,$17.08,0.74,$11.50,1.1,$-4.91,0.0,$1.49,8.51,$45.73B,$42.44B,1.08,$6.61B,$6.25B,1.06,$3.12B,$1.82B,58.46%,$3.12B,$0.54B,17.18%,$3.12B,0,0.00%,$3.12B,0,0.00%,$3.12B,$0.54B,17.18%,$3.12B,$0.40B,12.92%,$0.40B,$6.25B,10.48%,$0.40B,$2.81B,16.03%,$0.40B,$55.30B,0.99%,$0.54B,$12.86B,5.95%,$1056,$442,$614,$0,$408,$869,$187,$0,$187,$49,$138,$138,$138,$0,$0,$366,368,$0.38,$0.38,$2957,$0,$0,$45726,$547,$4289,$3439,$1302,$9578,$55304,$42444,$6610,$0,$6610,$49054,$4,$1108,$-74,$6250,$55304,$314,$80,$116,$196,$-135,$-1833,$0,$0,$-1968,$-1429,$-76,$0,$-49,$-130,$778,$648,$-1049,$-526,$893,$848,$1741,$0,$0,$-194,$519,$2067,$112,$0,$-194
45,2007-06-30,16.73,$12.97,1.29,$11.27,1.48,$-0.76,0.0,$1.76,9.5,$30.43B,$28.45B,1.07,$4.91B,$3.06B,1.6,$2.70B,$1.56B,57.87%,$2.70B,$0.45B,16.51%,$2.70B,0,0.00%,$2.70B,0,0.00%,$2.70B,$0.45B,16.51%,$2.70B,$0.42B,15.62%,$0.42B,$3.06B,13.77%,$0.42B,$2.44B,17.32%,$0.42B,$36.42B,1.19%,$0.45B,$7.97B,5.68%,$699,$289,$410,$0,$302,$594,$105,$0,$105,$24,$81,$81,$81,$0,$0,$236,239,$0.34,$0.34,$2567,$0,$0,$30428,$398,$3863,$624,$1107,$5993,$36421,$28449,$4908,$0,$4908,$33357,$2,$1067,$-81,$3064,$36421,$176,$41,$30,$71,$-95,$-584,$0,$0,$-679,$-483,$-53,$0,$0,$-123,$452,$329,$-679,$-403,$410,$1185,$1595,$0,$0,$-124,$-430,$1041,$155,$0,$-124
46,2007-03-31,15.88,$12.95,1.23,$11.15,1.42,$1.04,15.34,$1.88,8.45,$29.15B,$27.28B,1.07,$4.65B,$3.05B,1.53,$2.69B,$1.58B,58.73%,$2.69B,$0.50B,18.53%,$2.69B,0,0.00%,$2.69B,0,0.00%,$2.69B,$0.50B,18.53%,$2.69B,$0.45B,16.86%,$0.45B,$3.05B,14.93%,$0.45B,$2.42B,18.86%,$0.45B,$34.98B,1.27%,$0.50B,$7.70B,6.30%,$680,$279,$401,$0,$269,$551,$129,$0,$129,$34,$96,$96,$96,$0,$0,$236,239,$0.41,$0.40,$1746,$0,$0,$29152,$378,$3725,$627,$1098,$5827,$34979,$27276,$4652,$0,$4652,$31928,$2073,$1049,$-60,$3051,$34979,$96,$21,$117,$138,$-16,$-41,$0,$0,$-56,$181,$-19,$0,$0,$-26,$523,$497,$-117,$362,$131,$-98,$32,$0,$0,$-62,$-465,$-494,$48,$0,$-62
47,2006-12-31,17.06,$12.80,1.33,$10.97,1.56,$0.43,39.53,$1.93,8.84,$28.87B,$27.80B,1.04,$4.51B,$3.01B,1.5,$2.63B,$1.58B,60.05%,$2.63B,$0.51B,19.54%,$2.63B,0,0.00%,$2.63B,0,0.00%,$2.63B,$0.51B,19.54%,$2.63B,$0.46B,17.52%,$0.46B,$3.01B,15.16%,$0.46B,$2.38B,19.16%,$0.46B,$35.33B,1.29%,$0.51B,$7.53B,6.43%,$685,$287,$399,$0,$281,$570,$115,$0,$115,$27,$88,$88,$88,$0,$0,$237,240,$0.38,$0.36,$1631,$0,$0,$28874,$373,$4363,$630,$1089,$6455,$35329,$27802,$4513,$0,$4513,$32315,$2561,$1016,$-55,$3014,$35329,$461,$112,$-219,$-107,$-5,$25,$0,$0,$20,$224,$-47,$0,$61,$-49,$418,$369,$29,$411,$-232,$-292,$-524,$-379,$-379,$-231,$979,$-156,$480,$0,$-231
