,Date,Stock Price,Book Value per Share,Price to Book Ratio,TTM Sales per Share,Price to Sales Ratio,TTM FCF per Share,Price to FCF Ratio,TTM Net EPS,PE Ratio,Current Assets,Current Liabilities,Current Ratio,Long Term Debt,Shareholder's Equity_x,Debt to Equity Ratio,TTM Revenue_x,TTM Gross Profit,Gross Margin,TTM Revenue_y,TTM Operating Income,Operating Margin,TTM Revenue_x,TTM EBIT,EBIT Margin,TTM Revenue_y,TTM EBITDA,EBITDA Margin,TTM Revenue_x,TTM Pre-Tax Income,Pre-Tax Margin,TTM Revenue_y,TTM Net Income_x,Net Margin,TTM Net Income_y,Shareholder's Equity_y,Return on Equity,TTM Net Income_x,Tangible Equity,Return on Tangible Equity,TTM Net Income_y,Total Assets,Return on Assets,TTM Net Income,LT Investments & Debt,Return on Investment,revenue,cost-goods-sold,gross-profit,research-development-expenses,selling-general-administrative-expenses,operating-expenses,operating-income,total-non-operating-income-expense,pre-tax-income,total-provision-income-taxes,income-after-taxes,income-from-continuous-operations,net-income,ebitda,ebit,basic-shares-outstanding,shares-outstanding,eps-basic-net-earnings-per-share,eps-earnings-per-share-diluted,cash-on-hand,inventory,other-current-assets,total-current-assets,net-property-plant-equipment,long-term-investments,goodwill-intangible-assets-total,other-long-term-assets,total-long-term-assets,total-assets,total-current-liabilities,long-term-debt,other-non-current-liabilities,total-long-term-liabilities,total-liabilities,common-stock-net,retained-earnings-accumulated-deficit,comprehensive-income,total-share-holder-equity,total-liabilities-share-holders-equity,net-income-loss,total-depreciation-amortization-cash-flow,other-non-cash-items,total-non-cash-items,change-in-accounts-receivable,change-in-inventories,change-in-accounts-payable,change-in-assets-liabilities,total-change-in-assets-liabilities,cash-flow-from-operating-activities,net-change-in-property-plant-equipment,net-change-in-intangible-assets,net-acquisitions-divestitures,net-change-in-short-term-investments,net-change-in-long-term-investments,net-change-in-investments-total,investing-activities-other,cash-flow-from-investing-activities,net-long-term-debt,net-current-debt,debt-issuance-retirement-net-total,net-common-equity-issued-repurchased,net-total-equity-issued-repurchased,total-common-preferred-stock-dividends-paid,financial-activities-other,cash-flow-from-financial-activities,net-cash-flow,stock-based-compensation,common-stock-dividends-paid
0,2018-09-30,43.48,$31.19,1.39,$12.65,3.44,$10.38,4.19,$3.08,14.12,$1.73B,$1.79B,0.97,$0.06B,$0.30B,0.2,$0.11B,$0.10B,92.79%,$0.11B,$0.04B,34.23%,$0.11B,0,0.00%,$0.11B,0,0.00%,$0.11B,$0.04B,34.23%,$0.11B,$0.03B,23.42%,$0.03B,$0.30B,9.08%,$0.03B,$0.23B,11.86%,$0.03B,$2.14B,1.19%,$0.04B,$0.36B,10.80%,$29,$3,$27,$0,$16,$19,$10,$0,$10,$2,$8,$8,$8,$0,$0,$9,9,$0.91,$0.89,$63,$0,$0,$1729,$46,$270,$66,$29,$412,$2141,$1785,$60,$0,$60,$1845,$0,$136,$-5,$296,$2141,$24,$10,$7,$17,$-9,$0,$2,$-0,$-8,$32,$-2,$0,$0,$0,$-28,$-28,$20,$-9,$-12,$0,$-12,$1,$1,$-5,$-95,$-112,$-89,$2,$-5
1,2018-06-30,46.36,$30.66,1.51,$12.23,3.79,$10.01,4.63,$2.75,16.86,$1.74B,$1.80B,0.97,$0.07B,$0.29B,0.23,$0.10B,$0.09B,92.16%,$0.10B,$0.03B,33.33%,$0.10B,0,0.00%,$0.10B,0,0.00%,$0.10B,$0.03B,33.33%,$0.10B,$0.02B,21.57%,$0.02B,$0.29B,8.44%,$0.02B,$0.22B,10.46%,$0.02B,$2.16B,1.08%,$0.03B,$0.36B,10.39%,$29,$2,$27,$0,$17,$19,$10,$0,$10,$2,$8,$8,$8,$0,$0,$9,9,$0.86,$0.84,$82,$0,$0,$1741,$45,$277,$67,$29,$419,$2160,$1804,$66,$0,$66,$1871,$0,$130,$-4,$289,$2160,$15,$6,$-1,$6,$-3,$0,$-0,$-0,$-4,$17,$-1,$0,$0,$0,$-33,$-33,$29,$-5,$-2,$0,$-2,$0,$0,$-3,$-78,$-82,$-70,$1,$-3
2,2018-03-31,42.83,$30.09,1.42,$11.82,3.62,$10.08,4.25,$2.53,16.93,$1.79B,$1.86B,0.96,$0.07B,$0.28B,0.24,$0.09B,$0.09B,91.40%,$0.09B,$0.03B,33.33%,$0.09B,0,0.00%,$0.09B,0,0.00%,$0.09B,$0.03B,33.33%,$0.09B,$0.02B,19.35%,$0.02B,$0.28B,7.64%,$0.02B,$0.22B,8.91%,$0.02B,$2.21B,0.95%,$0.03B,$0.35B,10.26%,$28,$2,$26,$0,$17,$19,$9,$0,$9,$2,$7,$7,$7,$0,$0,$9,9,$0.83,$0.81,$127,$0,$0,$1789,$45,$276,$67,$29,$418,$2207,$1856,$67,$0,$67,$1924,$0,$124,$-3,$283,$2207,$7,$3,$6,$9,$2,$0,$1,$-0,$3,$20,$-0,$0,$0,$0,$-31,$-31,$14,$-17,$-1,$0,$-1,$0,$0,$-1,$-27,$-29,$-26,$1,$-1
3,2017-12-31,42.71,$29.58,1.44,$11.58,3.69,$8.92,4.79,$2.41,17.72,$1.84B,$1.88B,0.98,$0.07B,$0.28B,0.25,$0.09B,$0.08B,91.76%,$0.09B,$0.03B,34.12%,$0.09B,0,0.00%,$0.09B,0,0.00%,$0.09B,$0.03B,34.12%,$0.09B,$0.02B,18.82%,$0.02B,$0.28B,7.57%,$0.02B,$0.21B,8.24%,$0.02B,$2.23B,0.92%,$0.03B,$0.35B,10.34%,$25,$2,$23,$0,$14,$16,$9,$0,$9,$6,$3,$3,$3,$0,$0,$7,7,$0.42,$0.41,$153,$0,$0,$1838,$46,$248,$68,$29,$391,$2228,$1882,$68,$0,$68,$1950,$0,$117,$-1,$278,$2228,$17,$11,$8,$18,$-3,$0,$-6,$-0,$-10,$25,$-1,$0,$68,$0,$4,$4,$8,$79,$-64,$0,$-64,$1,$1,$-4,$85,$18,$121,$2,$-4
4,2017-09-30,41.19,$25.99,1.58,$11.00,3.75,$8.63,4.77,$2.47,16.68,$1.31B,$1.33B,0.99,$0.07B,$0.19B,0.34,$0.08B,$0.07B,91.25%,$0.08B,$0.03B,32.50%,$0.08B,0,0.00%,$0.08B,0,0.00%,$0.08B,$0.03B,32.50%,$0.08B,$0.02B,21.25%,$0.02B,$0.19B,9.10%,$0.02B,$0.19B,9.26%,$0.02B,$1.59B,1.08%,$0.03B,$0.26B,10.06%,$20,$2,$18,$0,$12,$14,$6,$0,$6,$2,$4,$4,$4,$0,$0,$7,7,$0.58,$0.56,$53,$0,$0,$1313,$39,$215,$0,$21,$275,$1587,$1330,$65,$0,$65,$1395,$0,$115,$0,$193,$1587,$14,$6,$1,$7,$1,$0,$-0,$-0,$1,$22,$-1,$0,$0,$0,$-15,$-15,$1,$-15,$-54,$0,$-54,$1,$1,$-3,$72,$15,$22,$2,$-3
5,2017-06-30,41.73,$25.53,1.63,$10.97,3.8,$7.23,5.77,$2.52,16.56,$1.31B,$1.32B,0.99,$0.07B,$0.19B,0.36,$0.08B,$0.07B,92.41%,$0.08B,$0.03B,34.18%,$0.08B,0,0.00%,$0.08B,0,0.00%,$0.08B,$0.03B,34.18%,$0.08B,$0.02B,21.52%,$0.02B,$0.19B,9.30%,$0.02B,$0.19B,9.47%,$0.02B,$1.57B,1.09%,$0.03B,$0.26B,10.44%,$20,$2,$18,$0,$11,$13,$7,$0,$7,$2,$4,$4,$4,$0,$0,$7,7,$0.64,$0.62,$53,$0,$0,$1305,$39,$211,$0,$20,$270,$1574,$1318,$67,$0,$67,$1385,$0,$112,$0,$189,$1574,$9,$4,$1,$5,$1,$0,$-2,$-0,$-1,$13,$-0,$0,$0,$0,$-10,$-10,$10,$0,$-51,$0,$-51,$0,$0,$-2,$61,$9,$22,$1,$-2
6,2017-03-31,33.0,$25.05,1.32,$11.14,2.96,$5.44,6.07,$2.47,13.36,$1.32B,$1.32B,1.0,$0.08B,$0.19B,0.42,$0.08B,$0.07B,93.67%,$0.08B,$0.03B,32.91%,$0.08B,0,0.00%,$0.08B,0,0.00%,$0.08B,$0.03B,32.91%,$0.08B,$0.02B,21.52%,$0.02B,$0.19B,9.50%,$0.02B,$0.19B,9.67%,$0.02B,$1.58B,1.09%,$0.03B,$0.26B,10.06%,$20,$1,$19,$0,$11,$13,$7,$0,$7,$2,$5,$5,$5,$0,$0,$7,7,$0.72,$0.69,$54,$0,$0,$1319,$39,$205,$0,$20,$265,$1583,$1321,$78,$0,$78,$1399,$0,$109,$0,$185,$1583,$5,$2,$0,$2,$1,$0,$-2,$-0,$-1,$7,$0,$0,$0,$0,$-9,$-9,$2,$-7,$-0,$0,$-0,$0,$0,$-1,$24,$23,$23,$0,$-1
7,2016-12-31,37.61,$24.47,1.54,$11.12,3.38,$4.46,8.43,$2.25,16.72,$1.29B,$1.30B,0.99,$0.08B,$0.18B,0.44,$0.08B,$0.07B,92.41%,$0.08B,$0.02B,30.38%,$0.08B,0,0.00%,$0.08B,0,0.00%,$0.08B,$0.02B,30.38%,$0.08B,$0.02B,18.99%,$0.02B,$0.18B,8.57%,$0.02B,$0.17B,8.73%,$0.02B,$1.56B,0.97%,$0.02B,$0.26B,9.37%,$20,$1,$18,$0,$12,$14,$6,$0,$6,$1,$4,$4,$4,$0,$0,$7,7,$0.63,$0.60,$31,$0,$0,$1287,$40,$197,$13,$20,$270,$1557,$1298,$79,$0,$79,$1377,$0,$105,$0,$180,$1557,$16,$7,$6,$13,$-1,$0,$-7,$-0,$-8,$20,$0,$0,$0,$0,$-9,$-9,$-2,$-12,$-6,$0,$-6,$1,$1,$-3,$4,$-4,$5,$2,$-3
8,2016-09-30,27.16,$24.22,1.12,$11.16,2.43,$6.88,3.95,$2.21,12.29,$1.31B,$1.29B,1.01,$0.08B,$0.18B,0.45,$0.08B,$0.07B,92.41%,$0.08B,$0.02B,30.38%,$0.08B,0,0.00%,$0.08B,0,0.00%,$0.08B,$0.02B,30.38%,$0.08B,$0.02B,18.99%,$0.02B,$0.18B,8.76%,$0.02B,$0.18B,8.76%,$0.02B,$1.55B,0.97%,$0.02B,$0.26B,9.44%,$19,$1,$18,$0,$11,$13,$7,$0,$7,$2,$4,$4,$4,$0,$0,$7,7,$0.63,$0.61,$26,$0,$0,$1306,$39,$184,$0,$20,$244,$1550,$1293,$80,$0,$80,$1372,$0,$101,$2,$177,$1550,$12,$5,$-2,$3,$0,$0,$-5,$-0,$-5,$10,$1,$0,$0,$0,$6,$6,$-7,$0,$14,$0,$14,$1,$1,$-2,$-23,$-11,$-1,$1,$-2
9,2016-06-30,26.55,$23.75,1.12,$10.81,2.46,$9.64,2.75,$2.01,13.21,$1.30B,$1.29B,1.01,$0.08B,$0.17B,0.48,$0.08B,$0.07B,92.21%,$0.08B,$0.02B,28.57%,$0.08B,0,0.00%,$0.08B,0,0.00%,$0.08B,$0.02B,28.57%,$0.08B,$0.01B,18.18%,$0.01B,$0.17B,8.36%,$0.01B,$0.17B,8.36%,$0.01B,$1.55B,0.90%,$0.02B,$0.26B,8.81%,$20,$1,$19,$0,$13,$14,$6,$0,$6,$2,$4,$4,$4,$0,$0,$7,7,$0.59,$0.57,$29,$0,$0,$1297,$39,$188,$0,$20,$248,$1545,$1289,$82,$0,$82,$1371,$0,$98,$2,$174,$1545,$7,$3,$-4,$-1,$-1,$0,$-6,$-0,$-7,$-1,$1,$0,$0,$0,$3,$3,$8,$13,$10,$0,$10,$1,$1,$-1,$-19,$-10,$2,$1,$-1
10,2016-03-31,25.82,$23.31,1.11,$10.18,2.54,$10.88,2.37,$1.85,13.96,$1.29B,$1.29B,1.0,$0.09B,$0.17B,0.5,$0.07B,$0.07B,91.78%,$0.07B,$0.02B,27.40%,$0.07B,0,0.00%,$0.07B,0,0.00%,$0.07B,$0.02B,27.40%,$0.07B,$0.01B,17.81%,$0.01B,$0.17B,7.94%,$0.01B,$0.17B,7.94%,$0.01B,$1.54B,0.88%,$0.02B,$0.25B,8.69%,$20,$1,$18,$0,$13,$15,$5,$0,$5,$2,$3,$3,$3,$0,$0,$7,7,$0.49,$0.47,$23,$0,$0,$1290,$42,$192,$0,$20,$254,$1544,$1290,$85,$0,$85,$1375,$0,$95,$2,$169,$1544,$3,$1,$-5,$-3,$1,$0,$1,$-0,$2,$2,$-2,$0,$0,$0,$-1,$-1,$7,$4,$-12,$0,$-12,$0,$0,$-1,$-0,$-13,$-7,$0,$-1
11,2015-12-31,24.93,$22.80,1.09,$9.61,2.59,$11.38,2.19,$1.79,13.93,$1.30B,$1.30B,1.0,$0.09B,$0.17B,0.52,$0.07B,$0.06B,94.12%,$0.07B,$0.02B,27.94%,$0.07B,0,0.00%,$0.07B,0,0.00%,$0.07B,$0.02B,27.94%,$0.07B,$0.01B,19.12%,$0.01B,$0.17B,8.09%,$0.01B,$0.17B,8.09%,$0.01B,$1.55B,0.93%,$0.02B,$0.25B,9.02%,$20,$1,$18,$0,$12,$14,$6,$0,$6,$2,$4,$4,$4,$0,$0,$7,7,$0.59,$0.56,$30,$0,$0,$1301,$41,$191,$0,$20,$251,$1552,$1302,$85,$0,$85,$1387,$0,$92,$1,$165,$1552,$13,$8,$3,$10,$9,$0,$5,$-1,$13,$36,$1,$0,$-56,$0,$32,$32,$-39,$-62,$-18,$0,$-18,$-0,$-0,$-2,$42,$21,$-4,$1,$-2
12,2015-09-30,24.67,$22.46,1.1,$9.10,2.71,$9.60,2.57,$1.63,15.14,$1.29B,$1.32B,0.98,$0.08B,$0.16B,0.47,$0.06B,$0.06B,95.31%,$0.06B,$0.02B,26.56%,$0.06B,0,0.00%,$0.06B,0,0.00%,$0.06B,$0.02B,26.56%,$0.06B,$0.01B,18.75%,$0.01B,$0.16B,7.59%,$0.01B,$0.16B,7.59%,$0.01B,$1.56B,0.91%,$0.02B,$0.24B,8.90%,$17,$1,$16,$0,$11,$12,$5,$0,$5,$2,$3,$3,$3,$0,$0,$7,7,$0.43,$0.41,$29,$0,$0,$1291,$42,$205,$0,$20,$267,$1558,$1319,$76,$0,$76,$1396,$0,$89,$2,$162,$1558,$9,$6,$-1,$5,$8,$0,$8,$-0,$15,$29,$1,$0,$-56,$0,$20,$20,$-26,$-62,$10,$0,$10,$-0,$-0,$-2,$19,$27,$-6,$1,$-2
13,2015-06-30,24.07,$22.01,1.09,$9.07,2.65,$8.12,2.97,$1.63,14.77,$0.99B,$1.06B,0.93,$0.02B,$0.16B,0.12,$0.06B,$0.06B,95.24%,$0.06B,$0.02B,26.98%,$0.06B,0,0.00%,$0.06B,0,0.00%,$0.06B,$0.02B,26.98%,$0.06B,$0.01B,19.05%,$0.01B,$0.16B,7.73%,$0.01B,$0.16B,7.73%,$0.01B,$1.24B,0.97%,$0.02B,$0.18B,9.81%,$16,$1,$15,$0,$11,$11,$4,$0,$4,$1,$3,$3,$3,$0,$0,$7,7,$0.42,$0.41,$36,$0,$0,$986,$37,$193,$0,$19,$249,$1235,$1057,$19,$0,$19,$1076,$0,$86,$1,$159,$1235,$6,$4,$-1,$3,$1,$0,$0,$-0,$1,$9,$0,$0,$0,$0,$-5,$-5,$-10,$-15,$-29,$0,$-29,$-0,$-0,$-1,$37,$8,$1,$0,$-1
14,2015-03-31,20.22,$21.88,0.92,$9.18,2.2,$8.14,2.48,$1.62,12.48,$0.99B,$1.06B,0.94,$0.02B,$0.16B,0.12,$0.06B,$0.06B,95.24%,$0.06B,$0.02B,26.98%,$0.06B,0,0.00%,$0.06B,0,0.00%,$0.06B,$0.02B,26.98%,$0.06B,$0.01B,19.05%,$0.01B,$0.16B,7.87%,$0.01B,$0.16B,7.87%,$0.01B,$1.23B,0.97%,$0.02B,$0.18B,10.07%,$15,$1,$15,$0,$10,$11,$4,$0,$4,$1,$3,$3,$3,$0,$0,$7,7,$0.43,$0.41,$36,$0,$0,$992,$38,$185,$0,$19,$242,$1234,$1058,$19,$0,$19,$1077,$0,$95,$2,$157,$1234,$3,$2,$-0,$2,$-0,$0,$-0,$-0,$-1,$4,$-0,$0,$0,$0,$3,$3,$-15,$-12,$-23,$0,$-23,$-0,$-0,$-1,$33,$10,$1,$0,$-1
15,2014-12-31,21.74,$21.64,1.0,$9.03,2.41,$7.59,2.86,$1.42,15.31,$0.98B,$1.05B,0.93,$0.02B,$0.15B,0.11,$0.06B,$0.06B,93.55%,$0.06B,$0.02B,24.19%,$0.06B,0,0.00%,$0.06B,0,0.00%,$0.06B,$0.02B,24.19%,$0.06B,$0.01B,16.13%,$0.01B,$0.15B,6.70%,$0.01B,$0.15B,6.70%,$0.01B,$1.22B,0.80%,$0.02B,$0.17B,9.19%,$16,$1,$15,$0,$11,$12,$4,$0,$4,$2,$3,$3,$3,$0,$0,$7,7,$0.43,$0.40,$35,$0,$0,$978,$38,$187,$0,$19,$244,$1221,$1051,$17,$0,$17,$1067,$0,$93,$1,$154,$1221,$10,$12,$3,$15,$8,$0,$-4,$-0,$3,$28,$-3,$0,$-23,$0,$76,$76,$-52,$-2,$-65,$0,$-65,$0,$0,$-0,$36,$-30,$-4,$1,$-0
16,2014-09-30,21.45,$21.24,1.01,$8.56,2.51,$6.92,3.1,$1.27,16.89,$1.01B,$1.09B,0.93,$0.02B,$0.15B,0.11,$0.06B,$0.06B,93.22%,$0.06B,$0.01B,23.73%,$0.06B,0,0.00%,$0.06B,0,0.00%,$0.06B,$0.01B,23.73%,$0.06B,$0.01B,15.25%,$0.01B,$0.15B,6.15%,$0.01B,$0.15B,6.15%,$0.01B,$1.26B,0.76%,$0.01B,$0.17B,8.83%,$16,$1,$15,$0,$11,$12,$5,$0,$5,$2,$3,$3,$3,$0,$0,$7,7,$0.44,$0.41,$60,$0,$0,$1010,$38,$192,$0,$19,$250,$1260,$1092,$17,$0,$17,$1109,$0,$91,$1,$151,$1260,$7,$9,$-1,$8,$8,$0,$-1,$-0,$7,$22,$-3,$0,$-23,$0,$68,$68,$-50,$-8,$-17,$0,$-17,$-0,$-0,$0,$26,$8,$22,$1,$0
17,2014-06-30,20.8,$20.86,1.0,$8.15,2.55,$6.71,3.1,$1.23,16.91,$1.01B,$1.10B,0.92,$0.01B,$0.15B,0.08,$0.06B,$0.05B,92.86%,$0.06B,$0.01B,23.21%,$0.06B,0,0.00%,$0.06B,0,0.00%,$0.06B,$0.01B,23.21%,$0.06B,$0.01B,14.29%,$0.01B,$0.15B,5.57%,$0.01B,$0.15B,5.57%,$0.01B,$1.26B,0.72%,$0.01B,$0.16B,8.44%,$16,$1,$15,$0,$11,$12,$4,$0,$4,$1,$3,$3,$3,$0,$0,$7,7,$0.42,$0.40,$62,$0,$0,$1012,$38,$190,$0,$19,$247,$1259,$1099,$12,$0,$12,$1111,$0,$88,$1,$148,$1259,$4,$6,$-0,$6,$5,$0,$-4,$-0,$1,$11,$-2,$0,$-23,$0,$70,$70,$-46,$-1,$-10,$0,$-10,$-0,$-0,$0,$24,$14,$24,$1,$0
18,2014-03-31,19.83,$20.34,0.98,$7.69,2.58,$6.55,3.03,$1.01,19.63,$0.99B,$1.09B,0.91,$0.01B,$0.14B,0.07,$0.05B,$0.05B,92.45%,$0.05B,$0.01B,20.75%,$0.05B,0,0.00%,$0.05B,0,0.00%,$0.05B,$0.01B,20.75%,$0.05B,$0.01B,11.32%,$0.01B,$0.14B,4.26%,$0.01B,$0.14B,4.26%,$0.01B,$1.24B,0.58%,$0.01B,$0.15B,7.28%,$14,$1,$13,$0,$11,$12,$2,$0,$2,$1,$1,$1,$1,$0,$0,$6,7,$0.22,$0.21,$64,$0,$0,$991,$37,$193,$0,$19,$249,$1239,$1085,$10,$0,$10,$1095,$0,$85,$1,$144,$1239,$1,$3,$-1,$2,$2,$0,$-5,$-0,$-3,$1,$-1,$0,$-23,$0,$64,$64,$-15,$26,$-31,$0,$-31,$-0,$-0,$0,$30,$-2,$25,$1,$0
19,2013-12-31,17.81,$19.99,0.89,$7.41,2.4,$7.18,2.48,$1.07,16.64,$0.78B,$0.83B,0.93,$0.01B,$0.14B,0.07,$0.05B,$0.05B,92.31%,$0.05B,$0.01B,23.08%,$0.05B,0,0.00%,$0.05B,0,0.00%,$0.05B,$0.01B,23.08%,$0.05B,$0.01B,13.46%,$0.01B,$0.14B,4.97%,$0.01B,$0.14B,4.97%,$0.01B,$0.98B,0.72%,$0.01B,$0.15B,7.72%,$13,$1,$12,$0,$9,$10,$3,$0,$3,$1,$2,$2,$2,$0,$0,$7,7,$0.26,$0.25,$36,$0,$0,$777,$31,$159,$0,$18,$207,$984,$832,$10,$0,$10,$842,$0,$84,$0,$142,$984,$7,$4,$8,$12,$2,$0,$0,$-0,$2,$21,$-1,$0,$0,$0,$-3,$-3,$-38,$-43,$51,$0,$51,$-6,$-6,$0,$-30,$15,$-7,$2,$0
20,2013-09-30,17.06,$19.75,0.86,$7.48,2.28,$5.82,2.93,$1.15,14.84,$0.75B,$0.81B,0.93,$0.01B,$0.14B,0.07,$0.05B,$0.05B,90.57%,$0.05B,$0.01B,22.64%,$0.05B,0,0.00%,$0.05B,0,0.00%,$0.05B,$0.01B,22.64%,$0.05B,$0.01B,13.21%,$0.01B,$0.14B,4.97%,$0.01B,$0.14B,4.97%,$0.01B,$0.96B,0.72%,$0.01B,$0.15B,7.41%,$13,$1,$12,$0,$8,$9,$4,$0,$4,$1,$2,$2,$2,$0,$0,$6,7,$0.38,$0.37,$39,$0,$0,$754,$30,$160,$0,$18,$208,$962,$812,$10,$0,$10,$822,$0,$82,$1,$140,$962,$6,$3,$9,$11,$0,$0,$1,$-0,$1,$18,$-1,$0,$0,$0,$-4,$-4,$-10,$-15,$5,$0,$5,$-6,$-6,$0,$-6,$-7,$-4,$2,$0
21,2013-06-30,17.48,$19.34,0.9,$7.53,2.32,$5.27,3.32,$1.20,14.56,$0.77B,$0.82B,0.93,$0.01B,$0.14B,0.07,$0.05B,$0.05B,90.74%,$0.05B,$0.01B,24.07%,$0.05B,0,0.00%,$0.05B,0,0.00%,$0.05B,$0.01B,24.07%,$0.05B,$0.01B,14.81%,$0.01B,$0.14B,5.68%,$0.01B,$0.14B,5.68%,$0.01B,$0.97B,0.82%,$0.01B,$0.15B,7.67%,$13,$1,$12,$0,$10,$11,$2,$0,$2,$1,$1,$1,$1,$0,$0,$7,7,$0.19,$0.18,$55,$0,$0,$768,$30,$156,$0,$18,$204,$972,$824,$10,$0,$10,$834,$0,$80,$1,$138,$972,$3,$1,$5,$6,$-1,$0,$0,$-0,$-1,$8,$-0,$0,$0,$0,$0,$0,$-3,$-3,$6,$0,$6,$-5,$-5,$0,$6,$7,$12,$1,$0
22,2013-03-31,17.58,$19.32,0.91,$7.46,2.36,$5.35,3.28,$1.26,13.95,$0.77B,$0.81B,0.96,$0.03B,$0.14B,0.2,$0.05B,$0.05B,90.74%,$0.05B,$0.01B,25.93%,$0.05B,0,0.00%,$0.05B,0,0.00%,$0.05B,$0.01B,25.93%,$0.05B,$0.01B,16.67%,$0.01B,$0.14B,6.38%,$0.01B,$0.14B,6.38%,$0.01B,$0.98B,0.92%,$0.01B,$0.17B,7.90%,$13,$1,$12,$0,$9,$10,$3,$0,$3,$1,$2,$2,$2,$0,$0,$7,7,$0.28,$0.26,$52,$0,$0,$769,$31,$160,$0,$17,$208,$977,$805,$29,$0,$29,$834,$0,$78,$3,$143,$977,$2,$1,$2,$3,$-0,$0,$-0,$-0,$-1,$4,$-0,$0,$0,$0,$-1,$-1,$-7,$-8,$3,$0,$3,$-1,$-1,$0,$10,$12,$9,$1,$0
23,2012-12-31,17.24,$19.03,0.91,$7.48,2.31,$5.88,2.93,$1.28,13.47,$0.76B,$0.79B,0.96,$0.04B,$0.14B,0.26,$0.05B,$0.05B,90.74%,$0.05B,$0.01B,25.93%,$0.05B,0,0.00%,$0.05B,0,0.00%,$0.05B,$0.01B,25.93%,$0.05B,$0.01B,16.67%,$0.01B,$0.14B,6.44%,$0.01B,$0.14B,6.44%,$0.01B,$0.96B,0.92%,$0.01B,$0.18B,7.83%,$14,$1,$12,$0,$9,$10,$3,$0,$3,$1,$2,$2,$2,$0,$0,$7,7,$0.34,$0.33,$43,$0,$0,$756,$31,$159,$0,$17,$207,$963,$785,$36,$0,$36,$821,$0,$76,$3,$142,$963,$9,$2,$0,$3,$1,$0,$-1,$-1,$-1,$11,$-0,$0,$0,$0,$4,$4,$4,$8,$-47,$0,$-47,$-6,$-6,$0,$41,$-11,$8,$2,$0
24,2012-09-30,17.0,$18.66,0.91,$7.45,2.28,$6.62,2.57,$1.25,13.6,$0.77B,$0.80B,0.97,$0.04B,$0.14B,0.28,$0.05B,$0.05B,92.45%,$0.05B,$0.01B,26.42%,$0.05B,0,0.00%,$0.05B,0,0.00%,$0.05B,$0.01B,26.42%,$0.05B,$0.01B,16.98%,$0.01B,$0.14B,6.53%,$0.01B,$0.14B,6.53%,$0.01B,$0.97B,0.92%,$0.01B,$0.18B,7.87%,$14,$1,$13,$0,$8,$10,$5,$0,$5,$2,$3,$3,$3,$0,$0,$7,7,$0.44,$0.42,$56,$0,$0,$771,$31,$155,$0,$17,$203,$974,$795,$39,$0,$39,$834,$0,$74,$3,$140,$974,$7,$2,$5,$7,$0,$0,$1,$-0,$1,$15,$-0,$0,$0,$0,$8,$8,$-3,$5,$-50,$0,$-50,$-4,$-4,$0,$55,$0,$21,$2,$0
25,2012-06-30,16.18,$18.07,0.9,$7.18,2.25,$5.49,2.95,$0.96,16.86,$0.79B,$0.81B,0.97,$0.04B,$0.14B,0.29,$0.05B,$0.05B,92.16%,$0.05B,$0.01B,19.61%,$0.05B,0,0.00%,$0.05B,0,0.00%,$0.05B,$0.01B,19.61%,$0.05B,$0.01B,13.73%,$0.01B,$0.14B,5.15%,$0.01B,$0.14B,5.15%,$0.01B,$0.99B,0.72%,$0.01B,$0.18B,5.67%,$13,$1,$12,$0,$9,$10,$3,$0,$3,$1,$2,$2,$2,$0,$0,$7,7,$0.25,$0.24,$56,$0,$0,$786,$31,$155,$0,$17,$203,$989,$810,$40,$0,$40,$849,$0,$71,$3,$139,$989,$4,$2,$5,$7,$-2,$0,$0,$-0,$-2,$8,$1,$0,$0,$0,$16,$16,$-14,$2,$-38,$0,$-38,$-1,$-1,$0,$49,$9,$20,$1,$0
26,2012-03-31,16.48,$17.74,0.93,$6.76,2.44,$5.32,3.1,$0.89,18.51,$0.77B,$0.80B,0.96,$0.04B,$0.14B,0.29,$0.05B,$0.04B,91.67%,$0.05B,$0.01B,18.75%,$0.05B,0,0.00%,$0.05B,0,0.00%,$0.05B,$0.01B,18.75%,$0.05B,$0.01B,12.50%,$0.01B,$0.14B,4.45%,$0.01B,$0.14B,4.45%,$0.01B,$0.98B,0.66%,$0.01B,$0.18B,5.27%,$13,$1,$12,$0,$9,$10,$3,$0,$3,$1,$2,$2,$2,$0,$0,$7,7,$0.30,$0.29,$39,$0,$0,$768,$31,$164,$0,$17,$212,$980,$802,$40,$0,$40,$842,$0,$69,$3,$138,$980,$2,$4,$2,$6,$-0,$0,$-0,$-0,$-1,$7,$1,$0,$0,$0,$-4,$-4,$-14,$-17,$7,$0,$7,$0,$0,$0,$5,$13,$3,$1,$0
27,2011-12-31,14.64,$17.30,0.85,$6.24,2.34,$4.69,3.12,$0.71,20.62,$0.76B,$0.79B,0.96,$0.04B,$0.13B,0.31,$0.04B,$0.04B,90.91%,$0.04B,$0.01B,15.91%,$0.04B,0,0.00%,$0.04B,0,0.00%,$0.04B,$0.01B,15.91%,$0.04B,$0.01B,11.36%,$0.01B,$0.13B,3.75%,$0.01B,$0.13B,3.75%,$0.01B,$0.96B,0.60%,$0.01B,$0.18B,4.30%,$13,$1,$12,$0,$9,$10,$3,$0,$3,$1,$2,$2,$2,$0,$0,$7,7,$0.30,$0.30,$37,$0,$0,$757,$32,$159,$0,$17,$207,$964,$789,$41,$0,$41,$830,$0,$67,$2,$134,$964,$5,$11,$5,$16,$-3,$0,$0,$-1,$-3,$18,$-1,$0,$-17,$0,$16,$16,$-46,$-48,$46,$0,$46,$-5,$-5,$0,$-15,$25,$-5,$2,$0
28,2011-09-30,13.68,$16.93,0.81,$5.71,2.4,$1.33,10.32,$0.61,22.43,$0.76B,$0.80B,0.95,$0.04B,$0.13B,0.31,$0.04B,$0.04B,90.24%,$0.04B,$0.01B,14.63%,$0.04B,0,0.00%,$0.04B,0,0.00%,$0.04B,$0.01B,14.63%,$0.04B,$0.00B,9.76%,$0.00B,$0.13B,3.01%,$0.00B,$0.13B,3.01%,$0.00B,$0.97B,0.52%,$0.01B,$0.17B,3.86%,$12,$1,$11,$0,$10,$11,$1,$0,$1,$0,$1,$1,$1,$0,$0,$7,7,$0.13,$0.13,$39,$0,$0,$755,$31,$169,$0,$17,$217,$972,$798,$41,$0,$41,$839,$0,$65,$2,$133,$972,$3,$5,$-5,$0,$3,$0,$1,$-0,$4,$7,$-0,$0,$-17,$0,$7,$7,$-35,$-46,$66,$0,$66,$-4,$-4,$0,$-27,$35,$-4,$1,$0
29,2011-06-30,13.97,$16.65,0.84,$5.26,2.66,$-0.68,0.0,$0.60,23.29,$0.53B,$0.56B,0.94,$0.02B,$0.13B,0.16,$0.04B,$0.03B,89.47%,$0.04B,$0.01B,15.79%,$0.04B,0,0.00%,$0.04B,0,0.00%,$0.04B,$0.01B,15.79%,$0.04B,$0.00B,10.53%,$0.00B,$0.13B,3.01%,$0.00B,$0.13B,3.01%,$0.00B,$0.72B,0.57%,$0.01B,$0.16B,4.03%,$10,$1,$9,$0,$7,$8,$2,$0,$2,$1,$1,$1,$1,$0,$0,$7,7,$0.18,$0.17,$30,$0,$0,$530,$23,$148,$0,$16,$188,$717,$562,$22,$0,$22,$584,$0,$64,$1,$134,$717,$2,$3,$0,$4,$2,$0,$1,$-0,$2,$8,$-0,$0,$0,$0,$-20,$-20,$-15,$-36,$40,$0,$40,$-1,$-1,$0,$-26,$12,$-15,$1,$0
30,2011-03-31,14.47,$16.39,0.88,$5.22,2.77,$-1.46,0.0,$0.62,23.34,$0.52B,$0.56B,0.94,$0.01B,$0.13B,0.1,$0.04B,$0.03B,89.47%,$0.04B,$0.01B,15.79%,$0.04B,0,0.00%,$0.04B,0,0.00%,$0.04B,$0.01B,15.79%,$0.04B,$0.00B,10.53%,$0.00B,$0.13B,3.02%,$0.00B,$0.13B,3.02%,$0.00B,$0.70B,0.57%,$0.01B,$0.15B,4.08%,$9,$1,$8,$0,$7,$8,$1,$0,$1,$0,$1,$1,$1,$0,$0,$7,7,$0.11,$0.11,$31,$0,$0,$519,$23,$142,$0,$16,$181,$700,$555,$13,$0,$13,$568,$0,$63,$1,$133,$700,$1,$-1,$3,$2,$1,$0,$1,$-0,$1,$4,$-0,$0,$0,$0,$-14,$-14,$-2,$-16,$8,$0,$8,$-1,$-1,$0,$-10,$-2,$-15,$0,$0
31,2010-12-31,13.06,$16.18,0.81,$4.99,2.61,$-2.20,0.0,$0.62,21.06,$0.53B,$0.56B,0.96,$0.01B,$0.13B,0.1,$0.04B,$0.03B,89.19%,$0.04B,$0.01B,16.22%,$0.04B,0,0.00%,$0.04B,0,0.00%,$0.04B,$0.01B,16.22%,$0.04B,$0.00B,10.81%,$0.00B,$0.13B,3.02%,$0.00B,$0.13B,3.02%,$0.00B,$0.70B,0.57%,$0.01B,$0.15B,4.05%,$10,$1,$9,$0,$6,$8,$2,$0,$2,$1,$1,$1,$1,$0,$0,$8,8,$0.20,$0.20,$45,$0,$0,$534,$23,$127,$0,$16,$167,$700,$556,$13,$0,$13,$569,$0,$62,$1,$132,$700,$5,$-5,$3,$-2,$-1,$0,$-1,$-1,$-2,$-0,$-8,$0,$47,$0,$22,$22,$6,$67,$-21,$0,$-21,$-9,$-9,$0,$-26,$-55,$11,$2,$0
32,2010-09-30,12.64,$15.89,0.8,$4.44,2.85,$-0.76,0.0,$0.42,30.1,$0.53B,$0.55B,0.96,$0.02B,$0.13B,0.12,$0.03B,$0.03B,87.88%,$0.03B,$0.00B,12.12%,$0.03B,0,0.00%,$0.03B,0,0.00%,$0.03B,$0.00B,12.12%,$0.03B,$0.00B,9.09%,$0.00B,$0.13B,2.26%,$0.00B,$0.13B,2.26%,$0.00B,$0.70B,0.46%,$0.00B,$0.15B,2.68%,$9,$2,$8,$0,$7,$8,$1,$0,$1,$0,$1,$1,$1,$0,$0,$7,8,$0.12,$0.12,$30,$0,$0,$526,$24,$132,$0,$16,$172,$698,$550,$16,$0,$16,$566,$0,$61,$1,$132,$698,$3,$-3,$-2,$-5,$2,$0,$0,$-1,$1,$-0,$-8,$0,$47,$0,$16,$16,$-0,$55,$-18,$0,$-18,$-6,$-6,$0,$-33,$-56,$-2,$1,$0
33,2010-06-30,12.2,$15.65,0.78,$4.26,2.86,$0.93,13.11,$0.47,25.95,$0.53B,$0.56B,0.95,$0.02B,$0.13B,0.13,$0.03B,$0.03B,84.85%,$0.03B,$0.01B,15.15%,$0.03B,0,0.00%,$0.03B,0,0.00%,$0.03B,$0.01B,15.15%,$0.03B,$0.00B,9.09%,$0.00B,$0.13B,2.26%,$0.00B,$0.13B,2.26%,$0.00B,$0.71B,0.49%,$0.01B,$0.15B,3.33%,$10,$2,$9,$0,$7,$8,$2,$0,$2,$1,$1,$1,$1,$0,$0,$8,8,$0.19,$0.19,$29,$0,$0,$534,$23,$136,$0,$16,$176,$709,$560,$17,$0,$17,$577,$0,$60,$1,$133,$709,$2,$2,$-0,$2,$-0,$0,$7,$-1,$6,$10,$-8,$0,$0,$0,$12,$12,$32,$36,$-4,$0,$-4,$-4,$-4,$0,$-42,$-50,$-4,$1,$0
34,2010-03-31,13.23,$15.30,0.86,$3.98,3.33,$0.59,22.57,$0.46,28.75,$0.53B,$0.55B,0.96,$0.02B,$0.13B,0.13,$0.03B,$0.03B,81.25%,$0.03B,$0.01B,15.63%,$0.03B,0,0.00%,$0.03B,0,0.00%,$0.03B,$0.01B,15.63%,$0.03B,$0.00B,9.38%,$0.00B,$0.13B,2.27%,$0.00B,$0.13B,2.27%,$0.00B,$0.70B,0.53%,$0.01B,$0.15B,3.31%,$8,$1,$7,$0,$6,$7,$1,$0,$1,$0,$1,$1,$1,$0,$0,$8,8,$0.11,$0.11,$23,$0,$0,$525,$17,$138,$0,$16,$171,$697,$547,$17,$0,$17,$564,$0,$58,$-0,$133,$697,$1,$0,$-1,$-1,$-1,$0,$1,$-0,$-0,$-1,$-1,$0,$0,$0,$7,$7,$42,$47,$-14,$0,$-14,$-1,$-1,$0,$-39,$-54,$-8,$0,$0
35,2009-12-31,11.52,$15.13,0.76,$3.95,2.92,$1.16,9.91,$0.56,20.56,$0.37B,$0.38B,1.0,$0.02B,$0.13B,0.13,$0.03B,$0.03B,81.25%,$0.03B,$0.01B,21.88%,$0.03B,0,0.00%,$0.03B,0,0.00%,$0.03B,$0.01B,21.88%,$0.03B,$0.00B,12.50%,$0.00B,$0.13B,3.05%,$0.00B,$0.13B,3.05%,$0.00B,$0.53B,0.76%,$0.01B,$0.15B,4.61%,$6,$1,$5,$0,$5,$6,$0,$0,$0,$0,$0,$0,$0,$0,$0,$8,8,$0.00,$0.00,$29,$0,$0,$373,$16,$120,$0,$15,$151,$525,$375,$17,$0,$17,$392,$0,$57,$-0,$133,$525,$5,$-0,$3,$3,$-3,$0,$0,$-0,$-3,$4,$-2,$0,$0,$0,$7,$7,$12,$17,$-28,$0,$-28,$-6,$-6,$0,$17,$-16,$6,$1,$0
36,2009-09-30,11.5,$14.85,0.77,$3.18,3.61,$0.83,13.89,$0.17,67.63,$0.40B,$0.38B,1.04,$0.02B,$0.13B,0.15,$0.03B,$0.03B,80.65%,$0.03B,$0.01B,19.35%,$0.03B,0,0.00%,$0.03B,0,0.00%,$0.03B,$0.01B,19.35%,$0.03B,$0.00B,9.68%,$0.00B,$0.13B,2.31%,$0.00B,$0.13B,2.31%,$0.00B,$0.53B,0.57%,$0.01B,$0.15B,3.95%,$9,$2,$7,$0,$5,$7,$2,$0,$2,$1,$1,$1,$1,$0,$0,$8,8,$0.19,$0.19,$49,$0,$0,$396,$15,$116,$0,$5,$137,$533,$381,$20,$0,$20,$401,$0,$57,$-2,$133,$533,$5,$0,$1,$1,$-2,$0,$1,$-0,$-1,$5,$-1,$0,$0,$0,$10,$10,$9,$18,$-25,$0,$-25,$-4,$-4,$0,$22,$-6,$17,$1,$0
