,Date,Stock Price,Book Value per Share,Price to Book Ratio,TTM Sales per Share,Price to Sales Ratio,TTM FCF per Share,Price to FCF Ratio,TTM Net EPS,PE Ratio,Current Assets,Current Liabilities,Current Ratio,Long Term Debt,Shareholder's Equity_x,Debt to Equity Ratio,TTM Revenue_x,TTM Gross Profit,Gross Margin,TTM Revenue_y,TTM Operating Income,Operating Margin,TTM Revenue_x,TTM EBIT,EBIT Margin,TTM Revenue_y,TTM EBITDA,EBITDA Margin,TTM Revenue_x,TTM Pre-Tax Income,Pre-Tax Margin,TTM Revenue_y,TTM Net Income_x,Net Margin,TTM Net Income_y,Shareholder's Equity_y,Return on Equity,TTM Net Income_x,Tangible Equity,Return on Tangible Equity,TTM Net Income_y,Total Assets,Return on Assets,TTM Net Income,LT Investments & Debt,Return on Investment,revenue,cost-goods-sold,gross-profit,research-development-expenses,selling-general-administrative-expenses,operating-expenses,operating-income,total-non-operating-income-expense,pre-tax-income,total-provision-income-taxes,income-after-taxes,income-from-continuous-operations,net-income,ebitda,ebit,basic-shares-outstanding,shares-outstanding,eps-basic-net-earnings-per-share,eps-earnings-per-share-diluted,cash-on-hand,inventory,other-current-assets,total-current-assets,net-property-plant-equipment,long-term-investments,goodwill-intangible-assets-total,other-long-term-assets,total-long-term-assets,total-assets,total-current-liabilities,long-term-debt,other-non-current-liabilities,total-long-term-liabilities,total-liabilities,common-stock-net,retained-earnings-accumulated-deficit,comprehensive-income,total-share-holder-equity,total-liabilities-share-holders-equity,net-income-loss,total-depreciation-amortization-cash-flow,other-non-cash-items,total-non-cash-items,change-in-accounts-receivable,change-in-inventories,change-in-accounts-payable,change-in-assets-liabilities,total-change-in-assets-liabilities,cash-flow-from-operating-activities,net-change-in-property-plant-equipment,net-change-in-intangible-assets,net-acquisitions-divestitures,net-change-in-short-term-investments,net-change-in-long-term-investments,net-change-in-investments-total,investing-activities-other,cash-flow-from-investing-activities,net-long-term-debt,net-current-debt,debt-issuance-retirement-net-total,net-common-equity-issued-repurchased,net-total-equity-issued-repurchased,total-common-preferred-stock-dividends-paid,financial-activities-other,cash-flow-from-financial-activities,net-cash-flow,stock-based-compensation,common-stock-dividends-paid
0,2018-09-30,18.43,$2.41,7.63,$18.30,1.01,$1.08,17.02,$0.02,921.5,$3.74B,$2.03B,1.84,$3.86B,$0.87B,4.44,$6.68B,$2.58B,38.60%,$6.68B,$0.73B,10.88%,$6.68B,$0.73B,10.88%,$6.68B,$0.87B,13.01%,$6.68B,$0.53B,7.87%,$6.68B,$0.01B,0.09%,$0.01B,$0.87B,0.79%,$0.01B,$-1.97B,-0.29%,$0.01B,$7.46B,0.08%,$0.73B,$4.73B,15.36%,$1849,$1136,$713,$0,$456,$1592,$257,$-60,$197,$25,$171,$171,$171,$293,$257,$364,365,$0.47,$0.47,$398,$2139,$155,$3737,$608,$0,$2839,$80,$3718,$7456,$2027,$3864,$308,$4558,$6585,$4,$1078,$-486,$871,$7456,$391,$106,$0,$107,$-157,$-279,$116,$42,$-357,$141,$-62,$0,$-335,$0,$0,$0,$0,$-397,$426,$-0,$426,$0,$0,$-162,$-9,$255,$0,$5,$-162
1,2018-06-30,21.84,$2.13,10.26,$18.11,1.21,$1.61,13.55,$0.10,218.4,$3.62B,$1.79B,2.02,$4.15B,$0.77B,5.41,$6.63B,$2.54B,38.37%,$6.63B,$0.73B,10.98%,$6.63B,$0.73B,10.98%,$6.63B,$0.87B,13.11%,$6.63B,$0.54B,8.10%,$6.63B,$0.04B,0.57%,$0.04B,$0.77B,4.48%,$0.04B,$-2.10B,-2.02%,$0.04B,$7.43B,0.53%,$0.73B,$4.92B,15.33%,$1715,$1055,$660,$0,$440,$1495,$220,$-55,$165,$24,$141,$141,$141,$256,$220,$362,363,$0.39,$0.39,$398,$2112,$133,$3617,$617,$0,$2870,$106,$3811,$7428,$1791,$4149,$332,$4870,$6661,$4,$961,$-473,$767,$7428,$220,$70,$-4,$66,$-82,$-245,$69,$-6,$-351,$-64,$-39,$0,$-335,$0,$0,$0,$0,$-374,$534,$0,$534,$0,$0,$-108,$-8,$418,$-0,$3,$-108
2,2018-03-31,18.11,$1.96,9.25,$17.87,1.01,$1.92,9.45,$0.18,100.6,$3.40B,$1.68B,2.03,$4.19B,$0.71B,5.93,$6.56B,$2.53B,38.55%,$6.56B,$0.74B,11.31%,$6.56B,$0.74B,11.31%,$6.56B,$0.88B,13.39%,$6.56B,$0.56B,8.46%,$6.56B,$0.07B,1.07%,$0.07B,$0.71B,7.57%,$0.07B,$-2.25B,-4.11%,$0.07B,$7.33B,0.97%,$0.74B,$4.89B,15.66%,$1472,$893,$579,$0,$433,$1325,$146,$-52,$95,$15,$79,$79,$79,$180,$146,$362,363,$0.22,$0.22,$374,$2045,$107,$3400,$631,$0,$2951,$113,$3928,$7328,$1678,$4185,$350,$4944,$6622,$4,$875,$-451,$706,$7328,$79,$34,$2,$36,$37,$-151,$-64,$14,$-244,$-128,$-18,$0,$-335,$0,$0,$0,$0,$-353,$517,$2,$520,$0,$0,$-54,$-6,$459,$-21,$5,$-54
3,2017-12-31,20.41,$1.91,10.71,$17.49,1.17,$2.23,9.16,$0.15,136.04,$3.39B,$1.78B,1.9,$3.70B,$0.69B,5.4,$6.47B,$2.49B,38.49%,$6.47B,$0.72B,11.16%,$6.47B,$0.72B,11.16%,$6.47B,$0.86B,13.24%,$6.47B,$0.54B,8.31%,$6.47B,$0.06B,0.96%,$0.06B,$0.69B,6.27%,$0.06B,$-1.88B,-4.10%,$0.06B,$6.90B,0.87%,$0.72B,$4.39B,15.38%,$1645,$1019,$627,$0,$494,$1541,$104,$-36,$69,$453,$-385,$-385,$-385,$140,$104,$368,369,$-1.05,$-1.04,$422,$1875,$186,$3386,$624,$0,$2570,$80,$3508,$6895,$1779,$3702,$323,$4430,$6209,$4,$850,$-439,$686,$6895,$62,$133,$296,$429,$-32,$23,$72,$-28,$165,$656,$-83,$0,$-22,$0,$0,$0,$0,$-105,$149,$-49,$100,$-400,$-400,$-220,$-66,$-586,$-39,$24,$-220
4,2017-09-30,23.86,$3.38,7.07,$17.14,1.39,$2.25,10.63,$1.62,14.73,$3.56B,$1.90B,1.88,$3.57B,$1.23B,2.9,$6.40B,$2.48B,38.68%,$6.40B,$0.82B,12.84%,$6.40B,$0.82B,12.84%,$6.40B,$0.95B,14.89%,$6.40B,$0.63B,9.84%,$6.40B,$0.60B,9.44%,$0.60B,$1.23B,53.80%,$0.60B,$-1.28B,-45.40%,$0.60B,$7.28B,8.48%,$0.82B,$4.80B,17.19%,$1799,$1121,$678,$0,$420,$1541,$258,$-51,$208,$4,$203,$203,$203,$293,$258,$366,368,$0.56,$0.55,$400,$1954,$197,$3560,$625,$0,$2513,$79,$3721,$7281,$1897,$3567,$208,$4153,$6050,$4,$1386,$-427,$1231,$7281,$447,$98,$-4,$93,$-148,$-75,$71,$-43,$-209,$331,$-56,$0,$40,$0,$0,$0,$0,$-16,$180,$-37,$143,$-300,$-300,$-165,$-46,$-368,$-60,$6,$-165
5,2017-06-30,22.29,$2.96,7.53,$16.85,1.32,$2.05,10.87,$1.52,14.66,$3.58B,$1.78B,2.01,$3.80B,$1.08B,3.52,$6.36B,$2.45B,38.46%,$6.36B,$0.79B,12.45%,$6.36B,$0.79B,12.45%,$6.36B,$0.92B,14.43%,$6.36B,$0.61B,9.51%,$6.36B,$0.58B,9.04%,$0.58B,$1.08B,51.72%,$0.58B,$-1.40B,-43.04%,$0.58B,$7.24B,8.06%,$0.79B,$4.88B,16.50%,$1647,$1001,$646,$0,$412,$1413,$234,$-51,$183,$11,$172,$172,$173,$266,$234,$366,368,$0.47,$0.47,$449,$2000,$193,$3578,$620,$0,$2479,$80,$3659,$7237,$1779,$3797,$205,$4380,$6159,$4,$1238,$-432,$1078,$7237,$243,$64,$12,$76,$-79,$-131,$9,$-49,$-285,$34,$-26,$0,$40,$0,$0,$0,$0,$13,$388,$12,$400,$-300,$-300,$-111,$-45,$-55,$-11,$4,$-111
6,2017-03-31,19.84,$2.63,7.54,$16.23,1.22,$1.62,12.23,$1.39,14.27,$3.46B,$1.76B,1.96,$3.76B,$0.96B,3.93,$6.19B,$2.36B,38.10%,$6.19B,$0.78B,12.59%,$6.19B,$0.78B,12.59%,$6.19B,$0.90B,14.53%,$6.19B,$0.56B,9.02%,$6.19B,$0.53B,8.56%,$0.53B,$0.96B,47.97%,$0.53B,$-1.48B,-45.31%,$0.53B,$7.06B,7.60%,$0.78B,$4.72B,16.54%,$1380,$841,$540,$0,$413,$1254,$126,$-49,$78,$5,$73,$73,$71,$158,$126,$373,375,$0.19,$0.19,$464,$1999,$196,$3459,$620,$0,$2437,$71,$3597,$7056,$1762,$3763,$197,$4335,$6098,$4,$1121,$-420,$958,$7056,$71,$31,$10,$42,$50,$-141,$-14,$-7,$-135,$-23,$-11,$0,$37,$0,$0,$0,$0,$25,$374,$-15,$359,$-300,$-300,$-56,$1,$5,$3,$4,$-56
7,2016-12-31,20.47,$3.23,6.33,$15.68,1.3,$0.95,21.57,$1.41,14.51,$3.32B,$1.63B,2.04,$3.51B,$1.22B,2.87,$6.03B,$2.28B,37.74%,$6.03B,$0.78B,12.86%,$6.03B,$0.78B,12.86%,$6.03B,$0.89B,14.73%,$6.03B,$0.57B,9.46%,$6.03B,$0.54B,8.94%,$0.54B,$1.22B,48.86%,$0.54B,$-1.16B,-56.75%,$0.54B,$6.93B,8.08%,$0.78B,$4.73B,17.19%,$1575,$963,$612,$0,$408,$1372,$204,$-42,$161,$6,$156,$156,$157,$236,$204,$382,385,$0.40,$0.40,$460,$1841,$138,$3321,$692,$0,$2384,$68,$3609,$6930,$1626,$3508,$202,$4081,$5707,$4,$1396,$-436,$1224,$6930,$539,$112,$58,$170,$-83,$136,$-61,$-25,$-104,$606,$-3,$0,$-964,$0,$0,$0,$0,$-967,$1242,$-88,$1153,$-380,$-380,$-167,$-95,$511,$141,$32,$-167
8,2016-09-30,23.85,$3.14,7.6,$15.08,1.58,$-0.27,0.0,$1.30,18.35,$3.56B,$1.87B,1.9,$3.68B,$1.19B,3.11,$5.86B,$2.20B,37.59%,$5.86B,$0.73B,12.43%,$5.86B,$0.73B,12.43%,$5.86B,$0.84B,14.33%,$5.86B,$0.54B,9.13%,$5.86B,$0.50B,8.55%,$0.50B,$1.19B,44.88%,$0.50B,$-1.30B,-69.15%,$0.50B,$7.30B,7.91%,$0.73B,$4.87B,17.35%,$1761,$1112,$649,$0,$421,$1533,$228,$-45,$183,$11,$173,$173,$174,$258,$228,$379,383,$0.46,$0.45,$450,$2005,$121,$3562,$719,$0,$2490,$62,$3742,$7304,$1873,$3684,$243,$4245,$6118,$4,$1281,$-381,$1187,$7304,$382,$80,$10,$90,$-198,$5,$-81,$28,$-264,$208,$3,$0,$-963,$0,$0,$0,$0,$-960,$1476,$-89,$1387,$-380,$-380,$-126,$-1,$880,$131,$16,$-126
9,2016-06-30,23.64,$2.78,8.51,$14.42,1.64,$-1.18,0.0,$1.25,18.91,$3.63B,$1.55B,2.34,$3.47B,$1.05B,3.3,$5.69B,$2.14B,37.52%,$5.69B,$0.71B,12.45%,$5.69B,$0.71B,12.45%,$5.69B,$0.82B,14.35%,$5.69B,$0.53B,9.27%,$5.69B,$0.49B,8.59%,$0.49B,$1.05B,43.20%,$0.49B,$-0.74B,-103.33%,$0.49B,$6.62B,8.20%,$0.71B,$4.52B,18.24%,$1473,$915,$557,$0,$336,$1252,$221,$-85,$136,$8,$128,$128,$128,$247,$221,$379,383,$0.34,$0.34,$661,$2007,$108,$3633,$673,$0,$1786,$61,$2981,$6615,$1551,$3467,$228,$4014,$5565,$4,$1149,$-379,$1050,$6615,$208,$51,$15,$66,$-138,$-130,$-80,$14,$-403,$-129,$-27,$0,$-193,$0,$0,$0,$0,$-220,$1283,$-51,$1231,$-380,$-380,$-84,$-77,$691,$342,$8,$-84
10,2016-03-31,26.55,$2.52,10.53,$14.31,1.86,$-1.47,0.0,$1.14,23.29,$3.12B,$1.37B,2.28,$2.96B,$0.95B,3.11,$5.74B,$2.15B,37.39%,$5.74B,$0.63B,10.92%,$5.74B,$0.63B,10.92%,$5.74B,$0.74B,12.84%,$5.74B,$0.50B,8.73%,$5.74B,$0.46B,7.94%,$0.46B,$0.95B,37.00%,$0.46B,$-0.60B,-145.45%,$0.46B,$5.82B,7.89%,$0.63B,$3.92B,17.05%,$1219,$762,$457,$0,$335,$1097,$122,$-32,$90,$10,$80,$80,$80,$147,$122,$387,389,$0.21,$0.21,$332,$1970,$93,$3118,$652,$0,$1551,$49,$2704,$5822,$1369,$2963,$215,$3502,$4870,$4,$1057,$-385,$952,$5822,$80,$25,$-1,$24,$-35,$-140,$-141,$3,$-389,$-285,$-13,$0,$-7,$0,$0,$0,$0,$-20,$735,$2,$737,$-380,$-380,$-43,$1,$315,$13,$8,$-43
11,2015-12-31,27.45,$3.26,8.43,$14.14,1.94,$-1.42,0.0,$1.06,25.9,$2.92B,$1.50B,1.94,$2.23B,$1.28B,1.75,$5.73B,$2.14B,37.26%,$5.73B,$0.60B,10.38%,$5.73B,$0.60B,10.38%,$5.73B,$0.71B,12.32%,$5.73B,$0.47B,8.27%,$5.73B,$0.43B,7.48%,$0.43B,$1.28B,31.89%,$0.43B,$-0.26B,-279.02%,$0.43B,$5.60B,7.56%,$0.60B,$3.51B,16.80%,$1410,$868,$541,$0,$383,$1252,$158,$-32,$126,$7,$119,$119,$119,$188,$158,$400,404,$0.30,$0.30,$319,$1815,$104,$2918,$650,$0,$1535,$49,$2680,$5598,$1504,$2233,$223,$2818,$4322,$4,$1389,$-395,$1276,$5598,$429,$111,$32,$143,$-22,$-290,$75,$35,$-345,$227,$-84,$0,$-193,$0,$0,$0,$0,$-277,$704,$-17,$687,$-351,$-351,$-161,$-41,$133,$79,$30,$-161
12,2015-09-30,26.91,$3.19,8.44,$14.38,1.87,$-0.67,0.0,$0.98,27.45,$3.27B,$1.57B,2.08,$2.36B,$1.25B,1.89,$5.85B,$2.14B,36.63%,$5.85B,$0.57B,9.72%,$5.85B,$0.57B,9.72%,$5.85B,$0.68B,11.62%,$5.85B,$0.45B,7.68%,$5.85B,$0.40B,6.83%,$0.40B,$1.25B,29.06%,$0.40B,$-0.30B,-415.63%,$0.40B,$5.82B,7.15%,$0.57B,$3.61B,16.63%,$1591,$1010,$581,$0,$372,$1383,$208,$-32,$176,$14,$162,$162,$162,$235,$208,$399,403,$0.41,$0.40,$285,$1814,$102,$3265,$652,$0,$1549,$73,$2554,$5819,$1572,$2362,$273,$2997,$4569,$4,$1349,$-383,$1250,$5819,$310,$81,$6,$86,$-185,$-281,$36,$33,$-483,$-87,$-59,$0,$-193,$0,$0,$0,$0,$-251,$855,$-17,$838,$-306,$-306,$-122,$-24,$386,$45,$10,$-122
13,2015-06-30,30.88,$3.61,8.56,$13.86,2.23,$0.12,256.44,$0.87,35.49,$3.30B,$1.51B,2.18,$2.22B,$1.45B,1.53,$5.66B,$2.06B,36.39%,$5.66B,$0.51B,9.09%,$5.66B,$0.51B,9.09%,$5.66B,$0.62B,11.02%,$5.66B,$0.40B,7.13%,$5.66B,$0.36B,6.30%,$0.36B,$1.45B,24.95%,$0.36B,$-0.10B,-2498.25%,$0.36B,$5.87B,6.46%,$0.51B,$3.67B,15.32%,$1522,$954,$568,$0,$429,$1383,$139,$-30,$109,$14,$95,$95,$95,$167,$139,$404,408,$0.23,$0.23,$315,$1767,$164,$3296,$659,$0,$1549,$77,$2576,$5872,$1514,$2218,$325,$2907,$4421,$4,$1530,$-368,$1452,$5872,$148,$54,$0,$55,$-164,$-229,$56,$-27,$-435,$-233,$-51,$0,$-193,$0,$0,$0,$0,$-245,$686,$-23,$663,$0,$0,$-81,$-25,$557,$75,$6,$-81
14,2015-03-31,30.95,$3.50,8.86,$13.41,2.31,$0.78,39.6,$1.02,30.42,$3.02B,$1.40B,2.16,$1.97B,$1.40B,1.41,$5.48B,$1.99B,36.42%,$5.48B,$0.58B,10.63%,$5.48B,$0.58B,10.63%,$5.48B,$0.69B,12.57%,$5.48B,$0.48B,8.75%,$5.48B,$0.42B,7.60%,$0.42B,$1.40B,29.54%,$0.42B,$0.04B,392.45%,$0.42B,$5.41B,8.09%,$0.58B,$3.38B,18.40%,$1209,$763,$446,$0,$356,$1119,$90,$-27,$63,$10,$53,$53,$53,$116,$90,$404,408,$0.13,$0.13,$277,$1693,$126,$3021,$663,$0,$1363,$68,$2387,$5408,$1401,$1974,$265,$2604,$4005,$4,$1476,$-368,$1403,$5408,$53,$26,$6,$32,$-58,$-180,$11,$-6,$-344,$-259,$-32,$0,$0,$0,$0,$0,$0,$-32,$396,$-17,$378,$0,$0,$-40,$-4,$334,$37,$4,$-40
15,2014-12-31,25.75,$3.46,7.44,$13.04,1.97,$1.31,19.63,$0.99,26.01,$2.55B,$1.48B,1.72,$1.61B,$1.39B,1.16,$5.33B,$1.91B,35.77%,$5.33B,$0.56B,10.59%,$5.33B,$0.56B,10.59%,$5.33B,$0.67B,12.54%,$5.33B,$0.47B,8.75%,$5.33B,$0.41B,7.61%,$0.41B,$1.39B,29.58%,$0.41B,$-0.03B,256.74%,$0.41B,$5.21B,8.33%,$0.56B,$3.00B,18.58%,$1523,$977,$546,$0,$414,$1391,$131,$-31,$101,$11,$89,$89,$89,$161,$131,$402,408,$0.23,$0.22,$240,$1537,$101,$2550,$674,$0,$1414,$74,$2658,$5208,$1482,$1614,$253,$2339,$3821,$4,$1464,$-373,$1387,$5208,$405,$104,$20,$124,$1,$-40,$72,$14,$-21,$508,$-57,$0,$-360,$0,$64,$64,$-5,$-358,$90,$20,$110,$0,$0,$-120,$-14,$-24,$124,$31,$-120
16,2014-09-30,24.72,$3.67,6.74,$12.47,1.98,$1.57,15.78,$0.85,29.09,$3.15B,$1.68B,1.88,$1.91B,$1.47B,1.3,$5.09B,$1.79B,35.10%,$5.09B,$0.51B,9.93%,$5.09B,$0.51B,9.93%,$5.09B,$0.60B,11.87%,$5.09B,$0.40B,7.76%,$5.09B,$0.35B,6.84%,$0.35B,$1.47B,26.17%,$0.35B,$0.03B,157.29%,$0.35B,$5.54B,7.60%,$0.51B,$3.37B,17.06%,$1401,$903,$498,$0,$344,$1247,$154,$-24,$130,$11,$119,$119,$119,$179,$154,$402,409,$0.30,$0.29,$216,$1666,$192,$3154,$673,$0,$1437,$68,$2389,$5543,$1676,$1909,$251,$2403,$4079,$1,$1405,$-236,$1465,$5543,$315,$74,$9,$83,$-169,$-149,$131,$-6,$-183,$215,$-42,$0,$-353,$0,$0,$0,$-9,$-403,$386,$7,$393,$0,$0,$-90,$-11,$293,$100,$12,$-90
17,2014-06-30,22.58,$3.46,6.53,$11.98,1.89,$1.71,13.2,$0.87,26.03,$2.59B,$1.16B,2.24,$1.52B,$1.38B,1.11,$4.88B,$1.71B,35.01%,$4.88B,$0.53B,10.81%,$4.88B,$0.53B,10.81%,$4.88B,$0.63B,12.80%,$4.88B,$0.42B,8.52%,$4.88B,$0.35B,7.25%,$0.35B,$1.38B,28.28%,$0.35B,$0.38B,96.72%,$0.35B,$4.42B,8.52%,$0.53B,$2.90B,19.43%,$1342,$838,$504,$0,$297,$1135,$207,$-22,$185,$31,$155,$155,$155,$232,$207,$402,408,$0.38,$0.38,$144,$1402,$65,$2588,$572,$0,$994,$52,$1827,$4415,$1155,$1523,$138,$1881,$3037,$1,$1317,$-234,$1378,$4415,$196,$49,$4,$53,$-201,$-118,$94,$7,$-244,$5,$-20,$0,$0,$0,$0,$0,$0,$-20,$99,$5,$104,$0,$0,$-60,$-2,$43,$28,$9,$-60
18,2014-03-31,17.48,$3.13,5.59,$11.63,1.5,$1.75,9.98,$0.79,22.2,$2.44B,$1.03B,2.37,$1.62B,$1.25B,1.3,$4.74B,$1.64B,34.61%,$4.74B,$0.50B,10.59%,$4.74B,$0.50B,10.59%,$4.74B,$0.60B,12.63%,$4.74B,$0.39B,8.14%,$4.74B,$0.32B,6.77%,$0.32B,$1.25B,27.48%,$0.32B,$0.25B,81.42%,$0.32B,$4.27B,8.00%,$0.50B,$2.87B,19.34%,$1059,$703,$357,$0,$285,$988,$72,$-22,$50,$8,$42,$42,$42,$96,$72,$402,408,$0.10,$0.10,$151,$1402,$78,$2441,$573,$0,$999,$53,$1833,$4274,$1029,$1620,$131,$1998,$3027,$1,$1193,$-238,$1246,$4274,$42,$24,$1,$26,$-34,$-120,$28,$-9,$-129,$-62,$-12,$0,$0,$0,$0,$0,$0,$-12,$136,$2,$139,$0,$0,$-30,$1,$110,$35,$3,$-30
19,2013-12-31,16.0,$3.09,5.17,$11.36,1.41,$1.73,9.27,$0.81,19.69,$2.24B,$1.00B,2.25,$1.47B,$1.23B,1.19,$4.63B,$1.61B,34.82%,$4.63B,$0.52B,11.13%,$4.63B,$0.52B,11.13%,$4.63B,$0.61B,13.25%,$4.63B,$0.40B,8.54%,$4.63B,$0.33B,7.13%,$0.33B,$1.23B,30.16%,$0.33B,$0.23B,76.39%,$0.33B,$4.09B,8.47%,$0.52B,$2.70B,20.80%,$1286,$859,$427,$0,$356,$1214,$72,$-42,$30,$-2,$32,$32,$32,$97,$72,$399,407,$0.08,$0.08,$116,$1283,$69,$2244,$580,$0,$1004,$55,$1846,$4090,$999,$1467,$129,$1860,$2859,$1,$1181,$-237,$1231,$4090,$330,$98,$41,$138,$5,$84,$31,$13,$122,$591,$-38,$-560,$0,$0,$0,$0,$0,$-597,$157,$10,$168,$0,$0,$-59,$-14,$94,$73,$24,$-59
20,2013-09-30,14.14,$2.91,4.87,$11.08,1.28,$1.65,8.59,$0.93,15.17,$2.26B,$0.91B,2.47,$1.25B,$1.15B,1.09,$4.49B,$1.58B,35.20%,$4.49B,$0.60B,13.26%,$4.49B,$0.60B,13.26%,$4.49B,$0.69B,15.44%,$4.49B,$0.45B,10.06%,$4.49B,$0.38B,8.41%,$0.38B,$1.15B,37.50%,$0.38B,$0.61B,82.40%,$0.38B,$3.84B,10.00%,$0.60B,$2.40B,25.34%,$1197,$776,$422,$0,$245,$1020,$177,$-26,$151,$26,$125,$125,$125,$200,$177,$400,408,$0.31,$0.31,$132,$1314,$57,$2257,$567,$0,$545,$61,$1578,$3835,$914,$1250,$115,$1769,$2683,$1,$1169,$-318,$1152,$3835,$298,$72,$8,$81,$-85,$-68,$43,$-6,$-122,$257,$-25,$0,$0,$0,$0,$0,$0,$-25,$-75,$-21,$-96,$0,$0,$-40,$-6,$-141,$90,$8,$-40
21,2013-06-30,11.63,$2.64,4.41,$11.18,1.04,$1.77,6.56,$0.90,12.96,$2.26B,$0.89B,2.53,$1.38B,$1.04B,1.32,$4.52B,$1.56B,34.54%,$4.52B,$0.58B,12.75%,$4.52B,$0.58B,12.75%,$4.52B,$0.68B,14.97%,$4.52B,$0.42B,9.32%,$4.52B,$0.36B,8.04%,$0.36B,$1.04B,39.70%,$0.36B,$0.50B,100.21%,$0.36B,$3.85B,9.53%,$0.58B,$2.42B,24.82%,$1199,$764,$435,$0,$254,$1018,$181,$-26,$155,$34,$122,$122,$122,$206,$181,$399,408,$0.31,$0.30,$82,$1337,$56,$2260,$577,$0,$547,$59,$1590,$3850,$894,$1375,$122,$1911,$2805,$1,$1064,$-320,$1044,$3850,$173,$49,$7,$56,$-116,$-91,$43,$-5,$-211,$18,$-16,$0,$0,$0,$0,$0,$0,$-16,$54,$4,$58,$5,$5,$-20,$-5,$39,$40,$5,$-20
22,2013-03-31,10.27,$2.41,4.27,$11.19,0.92,$1.75,5.86,$0.60,17.04,$2.20B,$0.88B,2.51,$1.44B,$0.95B,1.51,$4.50B,$1.49B,33.17%,$4.50B,$0.52B,11.45%,$4.50B,$0.52B,11.45%,$4.50B,$0.62B,13.67%,$4.50B,$0.35B,7.76%,$4.50B,$0.24B,5.38%,$0.24B,$0.95B,29.59%,$0.24B,$0.40B,92.02%,$0.24B,$3.81B,6.34%,$0.52B,$2.38B,22.43%,$945,$618,$327,$0,$242,$860,$85,$-26,$59,$8,$51,$51,$51,$110,$85,$397,406,$0.13,$0.13,$69,$1347,$63,$2198,$582,$0,$550,$62,$1610,$3807,$876,$1435,$124,$1983,$2859,$1,$963,$-316,$949,$3807,$51,$25,$1,$26,$-45,$-95,$19,$-13,$-155,$-78,$-7,$0,$0,$0,$0,$0,$0,$-7,$103,$4,$107,$4,$4,$0,$-1,$111,$26,$3,$0
23,2012-12-31,8.07,$2.26,3.58,$11.33,0.71,$1.70,4.75,$0.41,19.81,$2.03B,$0.88B,2.32,$1.32B,$0.89B,1.49,$4.53B,$1.42B,31.37%,$4.53B,$0.44B,9.74%,$4.53B,$0.44B,9.74%,$4.53B,$0.54B,12.00%,$4.53B,$0.26B,5.81%,$4.53B,$0.16B,3.62%,$0.16B,$0.89B,22.01%,$0.16B,$0.33B,92.26%,$0.16B,$3.63B,4.22%,$0.44B,$2.20B,18.78%,$1153,$755,$398,$0,$245,$1000,$153,$-66,$87,$9,$78,$78,$80,$178,$153,$395,401,$0.21,$0.20,$43,$1253,$59,$2028,$596,$0,$553,$57,$1604,$3632,$876,$1318,$105,$1869,$2745,$1,$911,$-318,$887,$3632,$165,$102,$60,$163,$-47,$314,$-41,$5,$226,$554,$-41,$0,$13,$0,$0,$0,$0,$-28,$-483,$-37,$-520,$9,$9,$0,$-6,$-518,$7,$20,$0
24,2012-09-30,7.18,$1.99,3.61,$11.08,0.65,$0.66,10.82,$0.31,23.18,$2.32B,$1.08B,2.15,$1.50B,$0.78B,1.93,$4.42B,$1.34B,30.26%,$4.42B,$0.35B,7.99%,$4.42B,$0.35B,7.99%,$4.42B,$0.46B,10.39%,$4.42B,$0.20B,4.50%,$4.42B,$0.13B,2.83%,$0.13B,$0.78B,18.02%,$0.13B,$0.22B,109.65%,$0.13B,$3.94B,3.14%,$0.35B,$2.28B,14.59%,$1219,$819,$400,$0,$243,$1062,$157,$-36,$120,$9,$111,$111,$110,$182,$157,$395,402,$0.28,$0.27,$182,$1341,$53,$2319,$606,$0,$556,$62,$1621,$3940,$1079,$1500,$112,$2084,$3162,$1,$831,$-332,$777,$3940,$84,$77,$67,$144,$-123,$230,$-19,$13,$81,$309,$-29,$0,$13,$0,$0,$0,$0,$-16,$-136,$-12,$-148,$4,$4,$0,$-2,$-146,$147,$7,$0
25,2012-06-30,6.25,$1.68,3.71,$11.03,0.57,$-0.24,0.0,$0.27,23.58,$2.26B,$0.96B,2.34,$1.66B,$0.66B,2.53,$4.38B,$1.35B,30.82%,$4.38B,$0.34B,7.78%,$4.38B,$0.34B,7.78%,$4.38B,$0.45B,10.24%,$4.38B,$0.19B,4.22%,$4.38B,$0.11B,2.42%,$0.11B,$0.66B,15.44%,$0.11B,$0.10B,111.87%,$0.11B,$3.89B,2.61%,$0.34B,$2.32B,13.43%,$1181,$814,$367,$0,$247,$1061,$120,$-37,$83,$15,$67,$67,$1,$145,$120,$394,400,$0.00,$0.00,$30,$1436,$50,$2256,$613,$0,$558,$65,$1631,$3886,$963,$1661,$120,$2265,$3228,$1,$721,$-335,$658,$3886,$-26,$52,$70,$122,$-127,$132,$-51,$17,$-83,$13,$-19,$0,$13,$0,$0,$0,$0,$-6,$4,$-16,$-12,$1,$1,$0,$-1,$-12,$-6,$4,$0
26,2012-03-31,6.66,$1.69,3.95,$11.02,0.6,$-0.49,0.0,$0.48,13.87,$2.39B,$0.88B,2.73,$1.94B,$0.66B,2.94,$4.37B,$1.39B,31.89%,$4.37B,$0.36B,8.17%,$4.37B,$0.36B,8.17%,$4.37B,$0.47B,10.71%,$4.37B,$0.20B,4.53%,$4.37B,$0.19B,4.39%,$0.19B,$0.66B,27.96%,$0.19B,$0.06B,234.86%,$0.19B,$4.08B,4.66%,$0.36B,$2.59B,13.61%,$973,$718,$255,$0,$244,$962,$11,$-38,$-27,$-3,$-24,$-24,$-27,$38,$11,$394,394,$-0.07,$-0.07,$35,$1619,$55,$2388,$624,$0,$601,$68,$1689,$4076,$876,$1936,$118,$2543,$3418,$1,$720,$-331,$658,$4076,$-27,$27,$0,$27,$-52,$-9,$-50,$5,$-95,$-94,$-9,$0,$0,$0,$0,$0,$0,$-9,$124,$-22,$103,$0,$0,$0,$-1,$102,$-1,$2,$0
27,2011-12-31,4.93,$1.75,2.82,$11.18,0.44,$-0.52,0.0,$0.67,7.35,$2.33B,$0.93B,2.5,$1.81B,$0.68B,2.65,$4.43B,$1.49B,33.69%,$4.43B,$0.45B,10.10%,$4.43B,$0.45B,10.10%,$4.43B,$0.56B,12.61%,$4.43B,$0.29B,6.43%,$4.43B,$0.27B,6.02%,$0.27B,$0.68B,39.42%,$0.27B,$0.08B,377.39%,$0.27B,$4.04B,6.48%,$0.45B,$2.49B,16.88%,$1045,$730,$315,$0,$250,$980,$65,$-42,$23,$-9,$32,$32,$41,$94,$65,$391,397,$0.11,$0.11,$35,$1608,$63,$2331,$635,$0,$603,$71,$1704,$4035,$934,$1808,$126,$2420,$3354,$1,$747,$-333,$681,$4035,$267,$112,$23,$135,$27,$-288,$40,$4,$-229,$173,$-76,$0,$-9,$0,$0,$0,$0,$-86,$-110,$12,$-98,$17,$17,$0,$-14,$-95,$-8,$16,$0
28,2011-09-30,5.64,$1.93,2.92,$11.03,0.51,$-0.57,0.0,$0.64,8.81,$2.58B,$1.04B,2.48,$2.01B,$0.75B,2.67,$4.36B,$1.49B,34.17%,$4.36B,$0.44B,10.12%,$4.36B,$0.44B,10.12%,$4.36B,$0.55B,12.71%,$4.36B,$0.27B,6.08%,$4.36B,$0.25B,5.83%,$0.25B,$0.75B,39.21%,$0.25B,$0.14B,638.99%,$0.25B,$4.22B,6.26%,$0.44B,$2.76B,16.52%,$1185,$771,$414,$0,$269,$1040,$145,$-39,$106,$21,$85,$85,$91,$172,$145,$392,398,$0.23,$0.23,$48,$1726,$65,$2575,$636,$0,$606,$0,$1644,$4219,$1038,$2006,$425,$2431,$3468,$1,$706,$-214,$750,$4219,$226,$83,$9,$92,$-91,$-405,$94,$2,$-345,$-27,$-56,$0,$-9,$0,$0,$0,$0,$-65,$100,$-17,$83,$17,$17,$0,$-2,$97,$4,$6,$0
29,2011-06-30,6.43,$1.70,3.78,$11.05,0.58,$-0.55,0.0,$0.57,11.29,$2.50B,$1.07B,2.33,$2.00B,$0.66B,3.04,$4.35B,$1.44B,33.11%,$4.35B,$0.41B,9.43%,$4.35B,$0.41B,9.43%,$4.35B,$0.52B,12.06%,$4.35B,$0.24B,5.43%,$4.35B,$0.22B,5.15%,$0.22B,$0.66B,37.65%,$0.22B,$0.05B,878.43%,$0.22B,$4.16B,5.68%,$0.41B,$2.66B,15.87%,$1168,$758,$410,$0,$274,$1032,$136,$-40,$96,$18,$78,$78,$87,$164,$136,$390,397,$0.22,$0.22,$45,$1640,$57,$2502,$636,$0,$609,$0,$1653,$4155,$1073,$1998,$426,$2424,$3497,$1,$615,$-204,$658,$4155,$135,$56,$7,$63,$-105,$-307,$150,$3,$-266,$-68,$-36,$0,$-9,$0,$0,$0,$0,$-45,$131,$-22,$108,$8,$8,$0,$-3,$113,$1,$3,$0
30,2011-03-31,6.09,$1.61,3.79,$10.85,0.56,$-0.48,0.0,$0.57,10.69,$2.43B,$0.94B,2.58,$2.10B,$0.62B,3.38,$4.25B,$1.40B,33.00%,$4.25B,$0.40B,9.33%,$4.25B,$0.40B,9.33%,$4.25B,$0.51B,12.01%,$4.25B,$0.22B,5.27%,$4.25B,$0.22B,5.22%,$0.22B,$0.62B,40.66%,$0.22B,$0.01B,1409.52%,$0.22B,$4.08B,5.83%,$0.40B,$2.72B,15.86%,$1036,$682,$355,$0,$253,$935,$102,$-42,$60,$12,$48,$48,$48,$129,$102,$389,394,$0.12,$0.12,$65,$1542,$0,$2434,$633,$0,$607,$0,$1642,$4077,$943,$2096,$418,$2514,$3457,$1,$528,$-208,$620,$4077,$48,$28,$5,$33,$-42,$-215,$59,$-2,$-182,$-101,$-13,$0,$0,$0,$0,$0,$0,$-13,$154,$-21,$132,$2,$2,$0,$0,$135,$21,$3,$0
31,2010-12-31,5.72,$1.46,3.91,$10.60,0.54,$-0.26,0.0,$0.54,10.6,$2.15B,$0.83B,2.59,$1.99B,$0.56B,3.54,$4.15B,$1.38B,33.19%,$4.15B,$0.38B,9.19%,$4.15B,$0.38B,9.19%,$4.15B,$0.50B,12.04%,$4.15B,$0.21B,5.09%,$4.15B,$0.21B,5.09%,$0.21B,$0.56B,43.51%,$0.21B,$-0.05B,-2910.34%,$0.21B,$3.79B,5.78%,$0.38B,$2.55B,16.12%,$969,$659,$310,$0,$251,$911,$58,$-55,$3,$-6,$9,$9,$28,$89,$58,$386,391,$0.07,$0.07,$44,$1323,$129,$2148,$631,$0,$609,$83,$1642,$3790,$829,$1991,$105,$2398,$3227,$1,$480,$-213,$563,$3790,$211,$117,$48,$166,$-0,$-232,$30,$12,$-244,$133,$-61,$0,$-223,$0,$0,$0,$-1,$-284,$189,$-17,$172,$6,$6,$0,$-22,$156,$5,$20,$0
32,2010-09-30,5.83,$1.41,4.15,$10.71,0.54,$0.41,14.35,$0.47,12.53,$2.26B,$0.96B,2.36,$1.87B,$0.54B,3.48,$4.17B,$1.39B,33.34%,$4.17B,$0.40B,9.60%,$4.17B,$0.40B,9.60%,$4.17B,$0.52B,12.48%,$4.17B,$0.20B,4.90%,$4.17B,$0.18B,4.37%,$0.18B,$0.54B,42.52%,$0.18B,$0.09B,-686.79%,$0.18B,$3.76B,5.15%,$0.40B,$2.41B,17.86%,$1173,$809,$364,$0,$250,$1059,$114,$-37,$77,$15,$61,$61,$61,$142,$114,$386,391,$0.16,$0.16,$75,$1377,$0,$2255,$596,$0,$451,$0,$1500,$3755,$958,$1872,$387,$2259,$3217,$1,$452,$-213,$539,$3755,$183,$87,$0,$87,$-78,$-333,$110,$9,$-307,$-37,$-33,$0,$0,$0,$0,$0,$-1,$-34,$128,$-24,$103,$3,$3,$0,$0,$107,$37,$8,$0
33,2010-06-30,5.42,$1.21,4.49,$10.45,0.52,$0.91,5.93,$0.42,13.07,$2.12B,$0.89B,2.37,$1.87B,$0.46B,4.04,$4.05B,$1.38B,34.11%,$4.05B,$0.38B,9.35%,$4.05B,$0.38B,9.35%,$4.05B,$0.50B,12.22%,$4.05B,$0.18B,4.32%,$4.05B,$0.16B,4.00%,$0.16B,$0.46B,44.20%,$0.16B,$0.01B,-179.50%,$0.16B,$3.61B,4.67%,$0.38B,$2.33B,17.55%,$1076,$701,$375,$0,$252,$953,$123,$-39,$84,$-2,$85,$85,$85,$151,$123,$386,392,$0.22,$0.22,$37,$1296,$0,$2117,$596,$0,$453,$0,$1497,$3614,$893,$1869,$390,$2259,$3151,$1,$391,$-223,$462,$3614,$122,$59,$1,$59,$-64,$-249,$108,$14,$-245,$-64,$-13,$0,$0,$0,$0,$0,$-1,$-13,$109,$-34,$75,$1,$1,$0,$0,$76,$-2,$6,$0
34,2010-03-31,6.27,$0.98,6.37,$10.27,0.61,$1.00,6.26,$0.28,22.59,$1.95B,$0.87B,2.23,$1.78B,$0.38B,4.74,$3.96B,$1.33B,33.67%,$3.96B,$0.34B,8.58%,$3.96B,$0.34B,8.58%,$3.96B,$0.45B,11.43%,$3.96B,$0.13B,3.28%,$3.96B,$0.11B,2.73%,$0.11B,$0.38B,34.75%,$0.11B,$-0.08B,-72.61%,$0.11B,$3.44B,3.12%,$0.34B,$2.16B,15.93%,$928,$600,$327,$0,$242,$842,$86,$-39,$47,$10,$37,$37,$37,$117,$86,$385,390,$0.10,$0.09,$43,$1183,$0,$1945,$587,$0,$455,$0,$1495,$3440,$872,$1782,$410,$2192,$3064,$1,$305,$-220,$376,$3440,$37,$31,$5,$36,$11,$-133,$21,$3,$-112,$-39,$12,$0,$0,$0,$0,$0,$-1,$12,$35,$-4,$31,$0,$0,$0,$-0,$31,$4,$3,$0
35,2009-12-31,5.43,$0.88,6.19,$10.16,0.53,$0.77,7.06,$0.14,40.25,$1.82B,$0.88B,2.07,$1.73B,$0.34B,5.16,$3.89B,$1.27B,32.50%,$3.89B,$0.27B,6.94%,$3.89B,$0.27B,6.94%,$3.89B,$0.38B,9.71%,$3.89B,$0.06B,1.49%,$3.89B,$0.05B,1.34%,$0.05B,$0.34B,19.77%,$0.05B,$-0.12B,-26.10%,$0.05B,$3.33B,1.49%,$0.27B,$2.06B,12.54%,$989,$665,$323,$0,$238,$911,$77,$-81,$-4,$-3,$-1,$-1,$-1,$110,$77,$381,383,$-0.00,$-0.00,$39,$1049,$144,$1823,$603,$0,$458,$86,$1504,$3327,$879,$1728,$95,$2113,$2992,$1,$269,$-223,$335,$3327,$51,$108,$75,$183,$-40,$249,$4,$22,$180,$415,$-89,$0,$0,$0,$0,$0,$0,$-89,$-284,$5,$-280,$1,$1,$0,$-76,$-354,$-28,$38,$0
36,2009-09-30,4.82,$0.77,6.26,$10.30,0.47,$-0.04,0.0,$0.19,26.07,$2.04B,$0.92B,2.21,$1.79B,$0.29B,6.12,$3.94B,$1.25B,31.79%,$3.94B,$0.25B,6.37%,$3.94B,$0.25B,6.37%,$3.94B,$0.37B,9.27%,$3.94B,$0.08B,2.06%,$3.94B,$0.07B,1.80%,$0.07B,$0.29B,31.49%,$0.07B,$-0.17B,-29.65%,$0.07B,$3.49B,2.00%,$0.25B,$2.09B,11.33%,$1059,$702,$357,$0,$248,$965,$93,$-45,$48,$7,$41,$41,$41,$117,$93,$381,386,$0.11,$0.11,$39,$1137,$0,$2039,$613,$0,$461,$0,$1453,$3492,$924,$1794,$481,$2275,$3199,$1,$270,$-260,$293,$3492,$52,$75,$29,$103,$-129,$159,$-32,$25,$55,$211,$-84,$0,$0,$0,$0,$0,$0,$-84,$-156,$1,$-155,$0,$0,$0,$-1,$-156,$-29,$28,$0
37,2009-06-30,3.38,$0.63,5.36,$10.59,0.32,$-0.68,0.0,$0.12,28.19,$2.11B,$0.88B,2.42,$1.99B,$0.24B,8.34,$4.03B,$1.24B,30.67%,$4.03B,$0.22B,5.36%,$4.03B,$0.22B,5.36%,$4.03B,$0.33B,8.18%,$4.03B,$0.05B,1.34%,$4.03B,$0.05B,1.14%,$0.05B,$0.24B,18.59%,$0.05B,$-0.23B,-20.84%,$0.05B,$3.58B,1.29%,$0.22B,$2.23B,9.12%,$986,$659,$327,$0,$231,$902,$84,$-45,$39,$9,$31,$31,$31,$109,$84,$380,385,$0.08,$0.08,$48,$1235,$0,$2113,$617,$0,$464,$0,$1464,$3576,$875,$1994,$468,$2462,$3337,$1,$229,$-263,$239,$3576,$11,$51,$10,$60,$-98,$59,$-36,$23,$-45,$27,$-69,$0,$0,$0,$0,$0,$0,$-69,$21,$2,$23,$0,$0,$0,$-1,$23,$-20,$18,$0
38,2009-03-31,2.16,$0.49,4.41,$10.81,0.2,$-0.87,0.0,$0.19,11.35,$2.10B,$0.88B,2.4,$2.04B,$0.19B,11.04,$4.12B,$1.29B,31.34%,$4.12B,$0.25B,5.95%,$4.12B,$0.25B,5.95%,$4.12B,$0.36B,8.84%,$4.12B,$0.09B,2.18%,$4.12B,$0.07B,1.75%,$0.07B,$0.19B,25.22%,$0.07B,$-0.28B,-38.87%,$0.07B,$3.57B,2.01%,$0.25B,$2.23B,9.85%,$858,$600,$258,$0,$223,$842,$16,$-41,$-25,$-5,$-19,$-19,$-19,$42,$16,$378,378,$-0.05,$-0.05,$32,$1301,$0,$2097,$621,$0,$467,$0,$1468,$3565,$875,$2043,$462,$2505,$3380,$1,$198,$-277,$185,$3565,$-19,$26,$6,$32,$-22,$-13,$-41,$10,$-71,$-58,$-55,$0,$0,$0,$0,$0,$0,$-55,$70,$9,$79,$0,$0,$0,$-0,$78,$-36,$10,$0
39,2008-12-31,2.87,$0.50,5.8,$11.13,0.26,$-0.67,0.0,$0.34,8.58,$2.11B,$0.75B,2.82,$2.13B,$0.19B,11.51,$4.25B,$1.38B,32.43%,$4.25B,$0.32B,7.46%,$4.25B,$0.32B,7.46%,$4.25B,$0.44B,10.31%,$4.25B,$0.16B,3.81%,$4.25B,$0.13B,2.99%,$0.13B,$0.19B,40.06%,$0.13B,$-0.28B,-82.33%,$0.13B,$3.53B,3.57%,$0.32B,$2.32B,12.26%,$1035,$725,$310,$0,$233,$977,$58,$-39,$19,$1,$18,$18,$18,$97,$58,$377,381,$0.05,$0.05,$67,$1291,$166,$2110,$588,$0,$469,$45,$1424,$3534,$748,$2131,$176,$2601,$3349,$1,$218,$-281,$185,$3534,$127,$121,$33,$154,$164,$-183,$34,$-49,$-104,$177,$-162,$0,$-15,$0,$0,$0,$-1,$-177,$-137,$43,$-94,$-28,$-28,$0,$18,$-105,$-107,$31,$0
40,2008-09-30,4.9,$1.02,4.8,$11.40,0.43,$0.02,211.27,$0.42,11.74,$2.25B,$0.77B,2.92,$2.32B,$0.38B,6.08,$4.37B,$1.43B,32.65%,$4.37B,$0.39B,8.80%,$4.37B,$0.39B,8.80%,$4.37B,$0.50B,11.43%,$4.37B,$0.22B,4.99%,$4.37B,$0.16B,3.64%,$0.16B,$0.38B,46.36%,$0.16B,$-0.09B,-125.69%,$0.16B,$3.63B,4.51%,$0.39B,$2.70B,14.48%,$1154,$812,$342,$0,$255,$1095,$58,$-37,$21,$5,$16,$16,$16,$82,$58,$376,380,$0.04,$0.04,$86,$1359,$0,$2252,$563,$0,$474,$0,$1375,$3628,$772,$2315,$160,$2475,$3247,$1,$200,$-42,$381,$3628,$109,$82,$11,$93,$12,$-243,$33,$-17,$-221,$-19,$-99,$0,$-10,$0,$0,$0,$-1,$-110,$-0,$52,$52,$-28,$-28,$0,$17,$41,$-88,$23,$0
41,2008-06-30,6.12,$1.04,5.89,$11.35,0.54,$0.86,7.12,$0.48,12.88,$2.22B,$0.73B,3.05,$2.32B,$0.39B,5.93,$4.37B,$1.45B,33.09%,$4.37B,$0.43B,9.90%,$4.37B,$0.43B,9.90%,$4.37B,$0.56B,12.78%,$4.37B,$0.25B,5.79%,$4.37B,$0.18B,4.16%,$0.18B,$0.39B,60.12%,$0.18B,$-0.08B,-112.87%,$0.18B,$3.58B,5.20%,$0.43B,$2.71B,16.46%,$1072,$691,$381,$0,$266,$959,$113,$-38,$75,$18,$57,$57,$57,$143,$113,$377,384,$0.15,$0.15,$97,$1342,$0,$2223,$547,$0,$474,$0,$1355,$3578,$729,$2315,$142,$2458,$3187,$1,$201,$-26,$391,$3578,$93,$58,$5,$62,$31,$-221,$30,$-9,$-206,$-50,$-64,$0,$-10,$0,$0,$0,$0,$-74,$-0,$39,$39,$-10,$-10,$0,$17,$46,$-77,$15,$0
42,2008-03-31,6.58,$0.83,7.95,$11.45,0.57,$1.39,4.73,$0.39,16.87,$2.13B,$0.68B,3.11,$2.32B,$0.31B,7.44,$4.42B,$1.45B,32.69%,$4.42B,$0.41B,9.22%,$4.42B,$0.41B,9.22%,$4.42B,$0.54B,12.30%,$4.42B,$0.21B,4.84%,$4.42B,$0.15B,3.39%,$0.15B,$0.31B,63.22%,$0.15B,$-0.16B,-70.34%,$0.15B,$3.47B,4.32%,$0.41B,$2.63B,15.71%,$988,$643,$345,$0,$255,$900,$88,$-40,$47,$11,$36,$36,$36,$116,$88,$377,382,$0.10,$0.10,$121,$1224,$0,$2125,$526,$0,$468,$0,$1345,$3470,$684,$2315,$160,$2475,$3159,$1,$146,$-40,$311,$3470,$36,$28,$3,$31,$36,$-104,$18,$-7,$-86,$-19,$-21,$0,$0,$0,$0,$0,$0,$-21,$0,$-6,$-6,$-8,$-8,$0,$-0,$-14,$-53,$7,$0
43,2007-12-31,6.12,$0.76,8.07,$11.54,0.53,$1.49,4.12,$0.33,18.84,$2.09B,$0.69B,3.04,$2.32B,$0.29B,8.01,$4.48B,$1.44B,32.20%,$4.48B,$0.39B,8.69%,$4.48B,$0.39B,8.69%,$4.48B,$0.53B,11.78%,$4.48B,$0.18B,4.11%,$4.48B,$0.13B,2.82%,$0.13B,$0.29B,69.14%,$0.13B,$-0.17B,-49.22%,$0.13B,$3.44B,3.63%,$0.39B,$2.60B,15.07%,$1159,$799,$360,$0,$267,$1033,$126,$-51,$75,$25,$50,$50,$50,$159,$126,$384,387,$0.13,$0.13,$174,$1117,$55,$2094,$534,$0,$462,$86,$1345,$3439,$689,$2315,$108,$2462,$3151,$1,$118,$-29,$289,$3439,$126,$138,$31,$169,$-81,$96,$67,$19,$63,$359,$-75,$-5,$-20,$0,$0,$0,$-1,$-101,$-178,$-23,$-201,$-38,$-38,$0,$-4,$-243,$18,$34,$0
44,2007-09-30,6.32,$0.58,10.94,$8.55,0.74,$0.75,8.4,$0.20,32.43,$2.15B,$0.77B,2.79,$2.37B,$0.22B,10.76,$3.32B,$1.08B,32.60%,$3.32B,$0.26B,7.93%,$3.32B,$0.26B,7.93%,$3.32B,$0.37B,11.10%,$3.32B,$0.11B,3.29%,$3.32B,$0.08B,2.29%,$0.08B,$0.22B,59.72%,$0.08B,$-0.23B,-25.33%,$0.08B,$3.51B,2.19%,$0.26B,$2.59B,10.24%,$1154,$793,$361,$0,$253,$1048,$106,$-50,$56,$17,$39,$39,$39,$141,$106,$383,386,$0.10,$0.10,$176,$1196,$0,$2147,$521,$0,$452,$0,$1366,$3513,$769,$2365,$159,$2524,$3293,$1,$67,$-46,$220,$3513,$76,$105,$13,$118,$-109,$38,$68,$24,$42,$236,$-32,$0,$-17,$0,$0,$0,$-1,$-50,$-129,$2,$-127,$-39,$-39,$0,$-2,$-168,$20,$27,$0
45,2007-06-30,6.09,$0.34,18.04,$8.47,0.72,$0.55,11.1,$0.23,27.07,$2.16B,$0.67B,3.24,$2.44B,$0.13B,18.85,$3.28B,$1.09B,33.10%,$3.28B,$0.25B,7.65%,$3.28B,$0.25B,7.65%,$3.28B,$0.35B,10.70%,$3.28B,$0.13B,3.93%,$3.28B,$0.09B,2.65%,$0.09B,$0.13B,114.10%,$0.09B,$-0.29B,-25.42%,$0.09B,$3.48B,2.49%,$0.25B,$2.57B,9.77%,$1122,$742,$380,$0,$266,$1034,$88,$-52,$36,$11,$25,$25,$25,$128,$88,$385,389,$0.07,$0.07,$176,$1234,$0,$2160,$503,$0,$420,$0,$1319,$3478,$666,$2440,$243,$2683,$3349,$1,$55,$-48,$129,$3478,$37,$70,$8,$78,$-66,$-11,$32,$15,$-14,$102,$-10,$0,$0,$0,$0,$0,$-1,$-11,$-54,$-2,$-56,$-13,$-13,$0,$-2,$-71,$20,$19,$0
