,Date,Stock Price,Book Value per Share,Price to Book Ratio,TTM Sales per Share,Price to Sales Ratio,TTM FCF per Share,Price to FCF Ratio,TTM Net EPS,PE Ratio,Current Assets,Current Liabilities,Current Ratio,Long Term Debt,Shareholder's Equity_x,Debt to Equity Ratio,TTM Revenue_x,TTM Gross Profit,Gross Margin,TTM Revenue_y,TTM Operating Income,Operating Margin,TTM Revenue_x,TTM EBIT,EBIT Margin,TTM Revenue_y,TTM EBITDA,EBITDA Margin,TTM Revenue_x,TTM Pre-Tax Income,Pre-Tax Margin,TTM Revenue_y,TTM Net Income_x,Net Margin,TTM Net Income_y,Shareholder's Equity_y,Return on Equity,TTM Net Income_x,Tangible Equity,Return on Tangible Equity,TTM Net Income_y,Total Assets,Return on Assets,TTM Net Income,LT Investments & Debt,Return on Investment,revenue,cost-goods-sold,gross-profit,research-development-expenses,selling-general-administrative-expenses,operating-expenses,operating-income,total-non-operating-income-expense,pre-tax-income,total-provision-income-taxes,income-after-taxes,income-from-continuous-operations,net-income,ebitda,ebit,basic-shares-outstanding,shares-outstanding,eps-basic-net-earnings-per-share,eps-earnings-per-share-diluted,cash-on-hand,inventory,other-current-assets,total-current-assets,net-property-plant-equipment,long-term-investments,goodwill-intangible-assets-total,other-long-term-assets,total-long-term-assets,total-assets,total-current-liabilities,long-term-debt,other-non-current-liabilities,total-long-term-liabilities,total-liabilities,common-stock-net,retained-earnings-accumulated-deficit,comprehensive-income,total-share-holder-equity,total-liabilities-share-holders-equity,net-income-loss,total-depreciation-amortization-cash-flow,other-non-cash-items,total-non-cash-items,change-in-accounts-receivable,change-in-inventories,change-in-accounts-payable,change-in-assets-liabilities,total-change-in-assets-liabilities,cash-flow-from-operating-activities,net-change-in-property-plant-equipment,net-change-in-intangible-assets,net-acquisitions-divestitures,net-change-in-short-term-investments,net-change-in-long-term-investments,net-change-in-investments-total,investing-activities-other,cash-flow-from-investing-activities,net-long-term-debt,net-current-debt,debt-issuance-retirement-net-total,net-common-equity-issued-repurchased,net-total-equity-issued-repurchased,total-common-preferred-stock-dividends-paid,financial-activities-other,cash-flow-from-financial-activities,net-cash-flow,stock-based-compensation,common-stock-dividends-paid
0,2018-09-30,14.31,$16.24,0.88,$6.60,2.17,$2.71,5.28,$-0.33,0.0,$0.40B,$0.39B,1.02,$0.05B,$0.06B,0.97,$0.02B,$0.02B,80.95%,$0.02B,$0.00B,9.52%,$0.02B,0,0.00%,$0.02B,0,0.00%,$0.02B,$0.00B,9.52%,$0.02B,$-0.01B,-23.81%,$-0.01B,$0.06B,-8.97%,$-0.01B,$0.05B,-10.70%,$-0.01B,$0.50B,-0.96%,$0.00B,$0.11B,1.74%,$5,$1,$4,$0,$3,$5,$1,$0,$1,$0,$1,$1,$1,$0,$0,$3,3,$0.21,$0.21,$23,$0,$0,$397,$4,$72,$9,$21,$105,$502,$388,$54,$5,$58,$447,$0,$27,$-2,$55,$502,$2,$1,$0,$1,$-0,$0,$0,$0,$0,$2,$-0,$0,$0,$0,$6,$6,$14,$20,$-8,$0,$-8,$0,$0,$0,$-16,$-24,$-1,$0,$0
1,2018-06-30,15.7,$16.08,0.98,$6.45,2.43,$2.59,6.05,$-0.20,0.0,$0.42B,$0.40B,1.03,$0.06B,$0.06B,1.09,$0.02B,$0.02B,80.95%,$0.02B,$0.00B,9.52%,$0.02B,0,0.00%,$0.02B,0,0.00%,$0.02B,$0.00B,9.52%,$0.02B,$-0.01B,-28.57%,$-0.01B,$0.06B,-10.48%,$-0.01B,$0.05B,-12.44%,$-0.01B,$0.53B,-1.15%,$0.00B,$0.12B,1.72%,$5,$1,$4,$0,$3,$4,$1,$0,$1,$0,$1,$1,$1,$0,$0,$3,3,$0.27,$0.27,$37,$0,$0,$416,$4,$76,$9,$20,$109,$525,$404,$60,$6,$66,$470,$0,$27,$-2,$55,$525,$1,$0,$0,$0,$-0,$0,$0,$1,$1,$2,$-0,$0,$0,$0,$2,$2,$9,$12,$-0,$0,$-0,$0,$0,$0,$-0,$-1,$13,$0,$0
2,2018-03-31,14.25,$15.87,0.9,$6.29,2.27,$2.45,5.81,$-0.35,0.0,$0.41B,$0.41B,1.02,$0.06B,$0.05B,1.12,$0.02B,$0.02B,80.95%,$0.02B,$0.00B,9.52%,$0.02B,0,0.00%,$0.02B,0,0.00%,$0.02B,$0.00B,9.52%,$0.02B,$-0.01B,-33.33%,$-0.01B,$0.05B,-11.91%,$-0.01B,$0.05B,-14.14%,$-0.01B,$0.53B,-1.35%,$0.00B,$0.12B,1.79%,$6,$1,$5,$0,$4,$5,$0,$0,$0,$5,$-5,$-5,$-5,$0,$0,$3,3,$-1.55,$-1.55,$24,$0,$0,$413,$4,$79,$9,$21,$113,$526,$405,$61,$6,$66,$471,$0,$26,$-2,$54,$526,$-6,$1,$0,$2,$-0,$0,$0,$-2,$6,$2,$0,$0,$0,$0,$24,$24,$-50,$-26,$25,$0,$25,$-0,$-0,$0,$-7,$18,$-6,$1,$0
3,2017-12-31,15.4,$17.42,0.88,$5.95,2.59,$2.14,7.21,$-0.66,0.0,$0.40B,$0.39B,1.02,$0.06B,$0.06B,1.06,$0.02B,$0.02B,80.00%,$0.02B,0,0.00%,$0.02B,0,0.00%,$0.02B,0,0.00%,$0.02B,0,0.00%,$0.02B,$-0.00B,-15.00%,$-0.00B,$0.06B,-4.98%,$-0.00B,$0.05B,-5.91%,$-0.00B,$0.52B,-0.58%,$0.00B,$0.12B,0.00%,$5,$1,$4,$0,$4,$5,$0,$0,$0,$2,$-2,$-2,$-2,$0,$0,$3,3,$-0.60,$-0.60,$11,$0,$0,$398,$4,$82,$9,$21,$121,$520,$393,$63,$5,$68,$461,$0,$31,$-1,$59,$520,$-1,$0,$1,$1,$-0,$0,$-0,$-0,$2,$3,$0,$0,$0,$0,$22,$22,$-50,$-28,$26,$0,$26,$0,$0,$0,$-20,$6,$-19,$1,$0
4,2017-09-30,14.7,$17.94,0.82,$5.83,2.52,$1.20,12.25,$-0.04,0.0,$0.38B,$0.39B,0.96,$0.05B,$0.06B,0.86,$0.02B,$0.02B,80.00%,$0.02B,0,0.00%,$0.02B,0,0.00%,$0.02B,0,0.00%,$0.02B,0,0.00%,$0.02B,$-0.00B,-5.00%,$-0.00B,$0.06B,-1.65%,$-0.00B,$0.05B,-1.96%,$-0.00B,$0.51B,-0.20%,$0.00B,$0.11B,0.00%,$5,$1,$4,$0,$3,$4,$1,$0,$1,$0,$0,$0,$0,$0,$0,$3,3,$0.13,$0.13,$11,$0,$0,$378,$4,$94,$9,$21,$136,$514,$394,$53,$6,$59,$453,$0,$33,$-1,$61,$514,$1,$1,$0,$1,$-0,$0,$0,$1,$1,$2,$-0,$0,$0,$0,$11,$11,$-29,$-19,$16,$0,$16,$0,$0,$0,$-19,$-2,$-19,$0,$0
5,2017-06-30,15.0,$17.76,0.84,$5.79,2.59,$0.37,40.88,$-0.07,0.0,$0.37B,$0.41B,0.91,$0.04B,$0.06B,0.59,$0.02B,$0.02B,80.00%,$0.02B,0,0.00%,$0.02B,0,0.00%,$0.02B,0,0.00%,$0.02B,0,0.00%,$0.02B,$-0.00B,-5.00%,$-0.00B,$0.06B,-1.64%,$-0.00B,$0.05B,-1.96%,$-0.00B,$0.52B,-0.20%,$0.00B,$0.10B,0.00%,$5,$1,$4,$0,$3,$4,$1,$0,$1,$0,$0,$0,$0,$0,$0,$3,3,$0.12,$0.12,$21,$0,$0,$373,$4,$101,$9,$21,$142,$516,$412,$36,$7,$43,$455,$0,$32,$-1,$61,$516,$0,$0,$0,$0,$-0,$0,$0,$0,$0,$1,$-0,$0,$0,$0,$4,$4,$-15,$-11,$1,$0,$1,$0,$0,$0,$-1,$0,$-9,$0,$0
6,2017-03-31,15.35,$17.53,0.88,$5.61,2.74,$-0.29,0.0,$-0.30,0.0,$0.37B,$0.41B,0.89,$0.04B,$0.06B,0.6,$0.02B,$0.02B,78.95%,$0.02B,$-0.00B,-5.26%,$0.02B,0,0.00%,$0.02B,0,0.00%,$0.02B,$-0.00B,-10.53%,$0.02B,$-0.00B,-5.26%,$-0.00B,$0.06B,-1.63%,$-0.00B,$0.05B,-1.96%,$-0.00B,$0.52B,-0.19%,$-0.00B,$0.10B,-1.11%,$5,$1,$4,$0,$5,$6,$-2,$-0,$-2,$-1,$-1,$-1,$-1,$0,$0,$3,3,$-0.30,$-0.30,$30,$0,$0,$368,$4,$104,$9,$21,$147,$515,$413,$36,$6,$42,$455,$0,$32,$-1,$60,$515,$-1,$1,$2,$3,$-0,$0,$0,$0,$-2,$1,$0,$0,$-11,$0,$-14,$-14,$-10,$-35,$7,$0,$7,$-0,$-0,$0,$-11,$-4,$-38,$1,$0
7,2016-12-31,14.25,$17.77,0.8,$5.31,2.68,$0.05,270.91,$0.05,285.0,$0.35B,$0.41B,0.86,$0.03B,$0.06B,0.43,$0.02B,$0.01B,77.78%,$0.02B,$0.00B,5.56%,$0.02B,0,0.00%,$0.02B,0,0.00%,$0.02B,0,0.00%,$0.02B,0,0.00%,$0.00B,$0.06B,0.00%,$0.00B,$0.05B,0.00%,$0.00B,$0.50B,0.00%,$0.00B,$0.09B,1.17%,$5,$1,$4,$0,$4,$5,$0,$0,$0,$-0,$0,$0,$0,$0,$0,$3,3,$0.02,$0.02,$19,$0,$0,$350,$4,$108,$9,$21,$150,$500,$408,$26,$5,$31,$439,$0,$33,$-1,$61,$500,$0,$-0,$2,$2,$-0,$0,$0,$-0,$-2,$-0,$0,$0,$-11,$0,$-18,$-18,$-1,$-30,$-4,$0,$-4,$0,$0,$0,$-15,$-19,$-49,$1,$0
8,2016-09-30,13.6,$18.10,0.75,$4.93,2.76,$0.44,30.77,$-0.01,0.0,$0.38B,$0.42B,0.9,$0.03B,$0.06B,0.43,$0.02B,$0.01B,81.25%,$0.02B,$0.00B,6.25%,$0.02B,0,0.00%,$0.02B,0,0.00%,$0.02B,0,0.00%,$0.02B,0,0.00%,$0.00B,$0.06B,0.00%,$0.00B,$0.05B,0.00%,$0.00B,$0.52B,0.00%,$0.00B,$0.09B,1.21%,$5,$1,$4,$0,$3,$4,$1,$-0,$1,$0,$0,$0,$0,$0,$0,$3,3,$0.10,$0.10,$49,$0,$0,$379,$4,$97,$9,$21,$138,$517,$422,$26,$7,$33,$455,$0,$33,$0,$62,$517,$-0,$1,$-0,$0,$-2,$0,$0,$2,$-1,$-1,$-0,$0,$-11,$0,$-7,$-7,$2,$-16,$-4,$0,$-4,$0,$0,$0,$-1,$-5,$-22,$0,$0
9,2016-06-30,13.91,$18.06,0.77,$4.38,3.18,$1.25,11.11,$-0.17,0.0,$0.40B,$0.43B,0.94,$0.03B,$0.06B,0.46,$0.01B,$0.01B,78.57%,$0.01B,0,0.00%,$0.01B,0,0.00%,$0.01B,0,0.00%,$0.01B,$-0.00B,-7.14%,$0.01B,0,0.00%,$0.00B,$0.06B,0.00%,$0.00B,$0.05B,0.00%,$0.00B,$0.52B,0.00%,$0.00B,$0.09B,0.00%,$4,$1,$3,$0,$4,$4,$-0,$-0,$-1,$-0,$-0,$-0,$-0,$0,$0,$3,3,$-0.11,$-0.11,$69,$0,$0,$399,$4,$82,$11,$21,$123,$523,$426,$28,$7,$36,$461,$0,$32,$0,$62,$523,$-0,$0,$0,$0,$-0,$0,$0,$1,$-1,$-1,$-0,$0,$-11,$0,$9,$9,$-1,$-3,$-0,$0,$-0,$0,$0,$0,$2,$2,$-3,$0,$0
10,2016-03-31,13.31,$18.03,0.74,$4.06,3.28,$1.87,7.12,$-0.02,0.0,$0.29B,$0.31B,0.93,$0.02B,$0.06B,0.24,$0.01B,$0.01B,84.62%,$0.01B,$0.00B,7.69%,$0.01B,0,0.00%,$0.01B,0,0.00%,$0.01B,0,0.00%,$0.01B,0,0.00%,$0.00B,$0.06B,0.00%,$0.00B,$0.05B,0.00%,$0.00B,$0.39B,0.00%,$0.00B,$0.08B,1.35%,$4,$1,$3,$0,$3,$3,$0,$-0,$0,$0,$0,$0,$0,$0,$0,$3,3,$0.03,$0.03,$71,$0,$0,$293,$4,$72,$7,$15,$100,$393,$314,$15,$3,$17,$331,$0,$33,$-0,$62,$393,$-0,$1,$0,$1,$0,$0,$0,$0,$1,$1,$0,$0,$-13,$0,$33,$33,$-8,$13,$-2,$0,$-2,$-0,$-0,$0,$38,$37,$51,$1,$0
11,2015-12-31,14.26,$17.74,0.8,$3.74,3.81,$1.38,10.35,$-0.10,0.0,$0.26B,$0.29B,0.9,$0.02B,$0.06B,0.28,$0.01B,$0.01B,83.33%,$0.01B,$0.00B,8.33%,$0.01B,0,0.00%,$0.01B,0,0.00%,$0.01B,0,0.00%,$0.01B,0,0.00%,$0.00B,$0.06B,0.00%,$0.00B,$0.05B,0.00%,$0.00B,$0.37B,0.00%,$0.00B,$0.08B,1.39%,$3,$0,$3,$0,$3,$3,$0,$-0,$0,$0,$-0,$-0,$-0,$0,$0,$3,3,$-0.04,$-0.04,$33,$0,$0,$261,$4,$79,$7,$15,$108,$368,$289,$17,$2,$19,$308,$0,$33,$-1,$61,$368,$-0,$0,$0,$1,$0,$0,$0,$-0,$0,$1,$0,$0,$-13,$0,$25,$25,$-14,$-1,$-0,$0,$-0,$0,$0,$0,$13,$13,$13,$1,$0
12,2015-09-30,14.0,$17.84,0.78,$3.32,4.22,$1.12,12.46,$-0.04,0.0,$0.25B,$0.28B,0.87,$0.02B,$0.06B,0.28,$0.01B,$0.01B,75.00%,$0.01B,$0.00B,8.33%,$0.01B,0,0.00%,$0.01B,0,0.00%,$0.01B,0,0.00%,$0.01B,0,0.00%,$0.00B,$0.06B,0.00%,$0.00B,$0.05B,0.00%,$0.00B,$0.36B,0.00%,$0.00B,$0.08B,1.46%,$3,$0,$2,$0,$2,$3,$0,$-0,$-0,$-0,$-0,$-0,$-0,$0,$0,$3,3,$-0.06,$-0.06,$22,$0,$0,$247,$4,$88,$7,$15,$117,$364,$283,$17,$3,$20,$303,$0,$33,$-0,$61,$364,$-0,$0,$-0,$0,$0,$0,$0,$1,$1,$1,$0,$0,$-13,$0,$15,$15,$-11,$-8,$-0,$0,$-0,$0,$0,$0,$8,$8,$1,$0,$0
13,2015-06-30,14.17,$17.64,0.8,$3.28,4.31,$0.66,21.52,0,0.0,$0.18B,$0.22B,0.82,$0.01B,$0.06B,0.1,$0.01B,$0.01B,75.00%,$0.01B,$0.00B,8.33%,$0.01B,0,0.00%,$0.01B,0,0.00%,$0.01B,0,0.00%,$0.01B,0,0.00%,$0.00B,$0.06B,0.00%,$0.00B,$0.06B,0.00%,$0.00B,$0.29B,0.00%,$0.00B,$0.07B,1.57%,$3,$0,$3,$0,$2,$2,$1,$-0,$0,$0,$0,$0,$0,$0,$0,$3,3,$0.04,$0.04,$15,$0,$0,$184,$2,$87,$3,$14,$108,$291,$223,$6,$2,$8,$231,$0,$33,$-1,$60,$291,$0,$0,$-0,$-0,$0,$0,$0,$-0,$0,$0,$0,$0,$0,$0,$5,$5,$-9,$-4,$0,$0,$0,$0,$0,$0,$1,$1,$-2,$0,$0
14,2015-03-31,13.68,$17.79,0.77,$3.14,4.36,$0.09,158.52,$-0.10,0.0,$0.18B,$0.22B,0.8,$0.01B,$0.06B,0.1,$0.01B,$0.01B,66.67%,$0.01B,0,0.00%,$0.01B,0,0.00%,$0.01B,0,0.00%,$0.01B,0,0.00%,$0.01B,0,0.00%,$0.00B,$0.06B,0.00%,$0.00B,$0.06B,0.00%,$0.00B,$0.29B,0.00%,$0.00B,$0.07B,0.00%,$3,$0,$2,$0,$2,$3,$-0,$0,$-0,$-0,$-0,$-0,$-0,$0,$0,$3,3,$-0.04,$-0.04,$17,$0,$0,$177,$2,$93,$3,$14,$114,$291,$222,$6,$2,$8,$230,$0,$33,$-0,$61,$291,$-0,$1,$1,$1,$-1,$0,$0,$-0,$-1,$0,$-0,$0,$0,$0,$12,$12,$-16,$-4,$6,$0,$6,$-3,$-3,$0,$-17,$-13,$-16,$1,$0
15,2014-12-31,13.0,$17.70,0.73,$3.13,4.16,$0.71,18.37,$-0.18,0.0,$0.17B,$0.22B,0.75,$0.00B,$0.06B,0.05,$0.01B,$0.01B,66.67%,$0.01B,$-0.00B,-8.33%,$0.01B,0,0.00%,$0.01B,0,0.00%,$0.01B,$-0.00B,-8.33%,$0.01B,$-0.00B,-8.33%,$-0.00B,$0.06B,-1.66%,$-0.00B,$0.06B,-1.74%,$-0.00B,$0.29B,-0.34%,$-0.00B,$0.06B,-1.64%,$3,$0,$2,$0,$2,$2,$0,$0,$0,$0,$0,$0,$0,$0,$0,$3,4,$0.02,$0.02,$10,$0,$0,$168,$2,$99,$3,$14,$121,$289,$224,$3,$1,$4,$228,$0,$33,$-1,$60,$289,$-0,$1,$1,$1,$-0,$0,$0,$-0,$-0,$1,$-0,$0,$0,$0,$6,$6,$-14,$-9,$3,$0,$3,$-3,$-3,$0,$-15,$-15,$-23,$0,$0
16,2014-09-30,13.35,$17.31,0.77,$3.30,4.05,$0.66,20.09,$-0.24,0.0,$0.17B,$0.23B,0.72,$0.00B,$0.06B,0.0,$0.01B,$0.01B,66.67%,$0.01B,$-0.00B,-8.33%,$0.01B,0,0.00%,$0.01B,0,0.00%,$0.01B,$-0.00B,-8.33%,$0.01B,$-0.00B,-8.33%,$-0.00B,$0.06B,-1.65%,$-0.00B,$0.06B,-1.73%,$-0.00B,$0.29B,-0.33%,$-0.00B,$0.06B,-1.65%,$3,$0,$2,$0,$2,$3,$-0,$0,$-0,$-0,$-0,$-0,$-0,$0,$0,$3,3,$-0.02,$-0.02,$20,$0,$0,$168,$2,$104,$3,$14,$126,$293,$232,$0,$2,$2,$234,$0,$33,$-2,$59,$293,$-0,$0,$0,$1,$-0,$0,$0,$-0,$-0,$1,$-0,$0,$0,$0,$-0,$-0,$-4,$-5,$-0,$0,$-0,$-3,$-3,$0,$-6,$-9,$-13,$0,$0
17,2014-06-30,12.95,$17.50,0.74,$3.28,3.95,$1.13,11.46,$-0.37,0.0,$0.17B,$0.24B,0.72,$0.00B,$0.06B,0.0,$0.01B,$0.01B,66.67%,$0.01B,$-0.00B,-16.67%,$0.01B,0,0.00%,$0.01B,0,0.00%,$0.01B,$-0.00B,-16.67%,$0.01B,$-0.00B,-16.67%,$-0.00B,$0.06B,-3.23%,$-0.00B,$0.06B,-3.38%,$-0.00B,$0.30B,-0.66%,$-0.00B,$0.06B,-3.23%,$3,$0,$2,$0,$3,$3,$-0,$0,$-0,$-0,$-0,$-0,$-0,$0,$0,$3,3,$-0.06,$-0.06,$25,$0,$0,$171,$2,$108,$3,$15,$130,$301,$239,$0,$2,$2,$241,$0,$33,$-1,$60,$301,$-0,$0,$0,$1,$-1,$0,$0,$-0,$-1,$-1,$-0,$0,$0,$0,$-4,$-4,$-1,$-5,$0,$0,$0,$-3,$-3,$0,$-0,$-2,$-8,$0,$0
18,2014-03-31,14.0,$17.18,0.81,$3.33,4.2,$0.78,17.95,$-0.30,0.0,$0.18B,$0.24B,0.74,$0.00B,$0.06B,0.0,$0.01B,$0.01B,66.67%,$0.01B,$-0.00B,-16.67%,$0.01B,0,0.00%,$0.01B,0,0.00%,$0.01B,$-0.00B,-16.67%,$0.01B,$-0.00B,-16.67%,$-0.00B,$0.06B,-3.15%,$-0.00B,$0.06B,-3.29%,$-0.00B,$0.30B,-0.64%,$-0.00B,$0.06B,-3.15%,$3,$0,$2,$0,$3,$4,$-1,$0,$-1,$-0,$-1,$-1,$-1,$0,$0,$3,3,$-0.17,$-0.17,$33,$0,$0,$177,$2,$104,$3,$15,$126,$303,$239,$0,$2,$2,$241,$0,$33,$-2,$62,$303,$-1,$1,$2,$3,$0,$0,$0,$-1,$0,$2,$0,$0,$0,$0,$7,$7,$14,$21,$-0,$0,$-0,$-3,$-3,$0,$-21,$-24,$-1,$0,$0
19,2013-12-31,14.19,$17.47,0.81,$3.40,4.17,$0.60,23.8,$-0.36,0.0,$0.17B,$0.24B,0.7,$0.00B,$0.06B,0.0,$0.01B,$0.01B,66.67%,$0.01B,$-0.00B,-16.67%,$0.01B,0,0.00%,$0.01B,0,0.00%,$0.01B,$-0.00B,-16.67%,$0.01B,$-0.00B,-16.67%,$-0.00B,$0.06B,-3.09%,$-0.00B,$0.06B,-3.21%,$-0.00B,$0.30B,-0.63%,$-0.00B,$0.06B,-3.09%,$3,$0,$2,$0,$3,$3,$-0,$0,$-0,$-0,$-0,$-0,$-0,$0,$0,$3,3,$-0.04,$-0.04,$16,$0,$0,$166,$2,$112,$3,$15,$134,$300,$237,$0,$2,$2,$239,$0,$34,$-2,$61,$300,$-1,$1,$1,$2,$0,$0,$-0,$-2,$-1,$0,$0,$0,$0,$0,$0,$0,$8,$8,$-1,$0,$-1,$-3,$-3,$0,$-23,$-26,$-18,$0,$0
20,2013-09-30,14.85,$17.57,0.85,$3.32,4.47,$0.96,15.45,$-0.30,0.0,$0.18B,$0.25B,0.73,$0.00B,$0.07B,0.0,$0.01B,$0.01B,66.67%,$0.01B,$-0.00B,-16.67%,$0.01B,0,0.00%,$0.01B,0,0.00%,$0.01B,$-0.00B,-16.67%,$0.01B,$-0.00B,-16.67%,$-0.00B,$0.07B,-3.01%,$-0.00B,$0.06B,-3.14%,$-0.00B,$0.31B,-0.61%,$-0.00B,$0.07B,-3.01%,$3,$0,$2,$0,$3,$4,$-1,$0,$-1,$-0,$-1,$-1,$-1,$0,$0,$3,3,$-0.15,$-0.15,$28,$0,$0,$180,$2,$111,$3,$15,$134,$314,$247,$0,$2,$2,$249,$0,$34,$-1,$65,$314,$-0,$1,$1,$2,$0,$0,$-0,$-0,$1,$2,$-0,$0,$0,$0,$0,$0,$5,$5,$-0,$0,$-0,$0,$0,$0,$-13,$-14,$-6,$0,$0
