,Date,Stock Price,Book Value per Share,Price to Book Ratio,TTM Sales per Share,Price to Sales Ratio,TTM FCF per Share,Price to FCF Ratio,TTM Net EPS,PE Ratio,Current Assets,Current Liabilities,Current Ratio,Long Term Debt,Shareholder's Equity_x,Debt to Equity Ratio,TTM Revenue_x,TTM Gross Profit,Gross Margin,TTM Revenue_y,TTM Operating Income,Operating Margin,TTM Revenue_x,TTM EBIT,EBIT Margin,TTM Revenue_y,TTM EBITDA,EBITDA Margin,TTM Revenue_x,TTM Pre-Tax Income,Pre-Tax Margin,TTM Revenue_y,TTM Net Income_x,Net Margin,TTM Net Income_y,Shareholder's Equity_y,Return on Equity,TTM Net Income_x,Tangible Equity,Return on Tangible Equity,TTM Net Income_y,Total Assets,Return on Assets,TTM Net Income,LT Investments & Debt,Return on Investment,revenue,cost-goods-sold,gross-profit,research-development-expenses,selling-general-administrative-expenses,operating-expenses,operating-income,total-non-operating-income-expense,pre-tax-income,total-provision-income-taxes,income-after-taxes,income-from-continuous-operations,net-income,ebitda,ebit,basic-shares-outstanding,shares-outstanding,eps-basic-net-earnings-per-share,eps-earnings-per-share-diluted,cash-on-hand,inventory,other-current-assets,total-current-assets,net-property-plant-equipment,long-term-investments,goodwill-intangible-assets-total,other-long-term-assets,total-long-term-assets,total-assets,total-current-liabilities,long-term-debt,other-non-current-liabilities,total-long-term-liabilities,total-liabilities,common-stock-net,retained-earnings-accumulated-deficit,comprehensive-income,total-share-holder-equity,total-liabilities-share-holders-equity,net-income-loss,total-depreciation-amortization-cash-flow,other-non-cash-items,total-non-cash-items,change-in-accounts-receivable,change-in-inventories,change-in-accounts-payable,change-in-assets-liabilities,total-change-in-assets-liabilities,cash-flow-from-operating-activities,net-change-in-property-plant-equipment,net-change-in-intangible-assets,net-acquisitions-divestitures,net-change-in-short-term-investments,net-change-in-long-term-investments,net-change-in-investments-total,investing-activities-other,cash-flow-from-investing-activities,net-long-term-debt,net-current-debt,debt-issuance-retirement-net-total,net-common-equity-issued-repurchased,net-total-equity-issued-repurchased,total-common-preferred-stock-dividends-paid,financial-activities-other,cash-flow-from-financial-activities,net-cash-flow,stock-based-compensation,common-stock-dividends-paid
0,2018-09-30,5.05,$8.40,0.6,$5.87,0.86,$2.86,1.77,$0.72,7.01,$0.77B,$0.32B,2.44,$1.04B,$2.20B,0.47,$1.51B,$0.41B,27.09%,$1.51B,$0.33B,21.85%,$1.51B,$0.33B,21.85%,$1.51B,$0.65B,43.23%,$1.51B,$0.26B,17.13%,$1.51B,$0.21B,13.75%,$0.21B,$2.20B,9.61%,$0.21B,$2.19B,9.63%,$0.21B,$4.68B,4.41%,$0.33B,$3.23B,10.30%,$363,$277,$85,$8,$7,$297,$66,$-35,$30,$7,$23,$23,$23,$152,$66,$261,261,$0.09,$0.09,$466,$147,$0,$770,$3831,$19,$5,$0,$3913,$4682,$315,$1035,$321,$2172,$2487,$1777,$446,$0,$2195,$4682,$89,$251,$46,$297,$-14,$-5,$-25,$1,$-43,$342,$-133,$0,$0,$0,$1,$1,$5,$-128,$0,$-16,$-16,$-0,$-0,$-4,$-91,$-111,$103,$-4,$-4
1,2018-06-30,5.6,$8.30,0.67,$6.08,0.92,$3.10,1.81,$0.80,7.0,$0.75B,$0.35B,2.15,$1.04B,$2.17B,0.48,$1.52B,$0.44B,29.09%,$1.52B,$0.37B,24.16%,$1.52B,$0.37B,24.16%,$1.52B,$0.69B,44.98%,$1.52B,$0.28B,18.52%,$1.52B,$0.22B,14.45%,$0.22B,$2.17B,10.39%,$0.22B,$2.16B,10.41%,$0.22B,$4.69B,4.71%,$0.37B,$3.21B,11.64%,$371,$279,$92,$7,$6,$293,$79,$-29,$50,$25,$25,$25,$25,$162,$79,$261,261,$0.09,$0.09,$446,$157,$0,$750,$3864,$19,$5,$0,$3942,$4692,$349,$1037,$325,$2175,$2524,$1777,$425,$0,$2168,$4692,$66,$164,$33,$197,$6,$-13,$-21,$-7,$-35,$228,$-87,$0,$0,$0,$-0,$-0,$2,$-85,$0,$-10,$-10,$0,$0,$-2,$-48,$-60,$83,$-3,$-2
2,2018-03-31,7.1,$8.21,0.86,$6.07,1.17,$3.18,2.23,$0.82,8.66,$0.69B,$0.36B,1.94,$1.04B,$2.15B,0.49,$1.49B,$0.44B,29.50%,$1.49B,$0.37B,24.73%,$1.49B,$0.37B,24.73%,$1.49B,$0.68B,45.63%,$1.49B,$0.27B,17.94%,$1.49B,$0.21B,14.38%,$0.21B,$2.15B,10.57%,$0.21B,$2.14B,10.60%,$0.21B,$4.69B,4.66%,$0.37B,$3.19B,11.93%,$387,$266,$121,$7,$6,$287,$100,$-27,$73,$32,$41,$41,$41,$181,$100,$261,261,$0.16,$0.16,$402,$159,$0,$692,$3912,$20,$5,$0,$3998,$4691,$356,$1042,$332,$2189,$2545,$1777,$401,$0,$2145,$4691,$41,$81,$10,$90,$26,$-13,$-3,$-11,$-0,$131,$-46,$0,$0,$0,$-0,$-0,$1,$-46,$0,$-5,$-5,$0,$0,$-2,$-42,$-49,$36,$-2,$-2
3,2017-12-31,8.79,$8.08,1.09,$5.70,1.54,$3.15,2.79,$0.65,13.52,$0.67B,$0.41B,1.61,$1.05B,$2.11B,0.5,$1.36B,$0.38B,27.51%,$1.36B,$0.32B,23.33%,$1.36B,$0.32B,23.33%,$1.36B,$0.61B,44.75%,$1.36B,$0.20B,14.60%,$1.36B,$0.16B,11.96%,$0.16B,$2.11B,8.45%,$0.16B,$2.11B,8.47%,$0.16B,$4.73B,3.61%,$0.32B,$3.16B,10.53%,$385,$275,$110,$6,$14,$301,$84,$22,$105,$-13,$118,$118,$118,$156,$84,$244,244,$0.48,$0.48,$359,$142,$0,$666,$3964,$22,$6,$0,$4062,$4728,$414,$1046,$329,$2202,$2616,$1777,$361,$0,$2112,$4728,$164,$293,$73,$367,$-9,$-19,$-6,$43,$9,$540,$-250,$0,$0,$0,$-2,$-2,$18,$-234,$-256,$60,$-197,$187,$187,$-4,$-79,$-93,$210,$16,$-4
4,2017-09-30,7.44,$7.84,0.95,$5.46,1.36,$3.16,2.36,$0.07,106.32,$0.61B,$0.35B,1.74,$1.05B,$2.05B,0.51,$1.30B,$0.34B,26.49%,$1.30B,$0.29B,22.70%,$1.30B,$0.29B,22.70%,$1.30B,$0.59B,45.71%,$1.30B,$0.07B,5.25%,$1.30B,$-0.00B,-0.15%,$-0.00B,$2.05B,-0.11%,$-0.00B,$2.04B,-0.11%,$-0.00B,$4.59B,-0.05%,$0.29B,$3.10B,9.88%,$380,$261,$120,$6,$12,$275,$105,$-52,$54,$17,$36,$36,$36,$186,$105,$238,238,$0.15,$0.15,$335,$142,$0,$614,$3876,$18,$5,$0,$3978,$4592,$354,$1047,$321,$2190,$2544,$1777,$277,$0,$2048,$4592,$45,$221,$92,$313,$38,$-14,$7,$21,$51,$410,$-162,$0,$0,$0,$-2,$-2,$17,$-146,$-256,$64,$-193,$187,$187,$-4,$-74,$-83,$182,$9,$-4
5,2017-06-30,5.74,$7.56,0.76,$5.18,1.11,$2.90,1.98,$0.04,143.48,$0.40B,$0.32B,1.27,$1.10B,$1.79B,0.61,$1.23B,$0.29B,23.74%,$1.23B,$0.25B,20.39%,$1.23B,$0.25B,20.39%,$1.23B,$0.55B,44.78%,$1.23B,$0.06B,4.57%,$1.23B,$-0.00B,-0.33%,$-0.00B,$1.79B,-0.22%,$-0.00B,$1.79B,-0.23%,$-0.00B,$4.36B,-0.09%,$0.25B,$2.90B,8.46%,$336,$248,$88,$2,$6,$258,$79,$-44,$35,$16,$19,$19,$19,$156,$79,$237,237,$0.08,$0.08,$154,$137,$0,$404,$3854,$14,$6,$0,$3956,$4360,$318,$1100,$329,$2248,$2566,$1588,$238,$0,$1794,$4360,$9,$140,$55,$196,$62,$-11,$-11,$-2,$38,$242,$-94,$0,$0,$0,$0,$0,$17,$-77,$-131,$-2,$-133,$0,$0,$-2,$-26,$-161,$6,$3,$-2
6,2017-03-31,6.54,$7.43,0.88,$4.81,1.36,$2.87,2.28,$-0.09,0.0,$0.39B,$0.30B,1.29,$1.17B,$1.76B,0.66,$1.14B,$0.25B,22.08%,$1.14B,$0.21B,18.12%,$1.14B,$0.21B,18.12%,$1.14B,$0.49B,43.27%,$1.14B,$0.03B,2.46%,$1.14B,$-0.03B,-2.55%,$-0.03B,$1.76B,-1.64%,$-0.03B,$1.76B,-1.64%,$-0.03B,$4.36B,-0.65%,$0.21B,$2.93B,6.87%,$262,$205,$57,$2,$10,$212,$50,$-45,$5,$15,$-10,$-10,$-10,$112,$50,$237,237,$-0.04,$-0.04,$135,$139,$0,$391,$3845,$32,$6,$0,$3967,$4358,$304,$1166,$314,$2291,$2595,$1588,$213,$0,$1763,$4358,$-10,$63,$28,$91,$53,$-15,$-23,$15,$30,$110,$-41,$0,$0,$0,$0,$0,$0,$-40,$-64,$-1,$-65,$0,$0,$-2,$-18,$-85,$-14,$3,$-2
7,2016-12-31,5.68,$7.43,0.76,$4.79,1.19,$2.81,2.02,$-0.15,0.0,$0.44B,$0.32B,1.39,$1.23B,$1.76B,0.7,$1.13B,$0.22B,19.66%,$1.13B,$0.17B,15.06%,$1.13B,$0.17B,15.06%,$1.13B,$0.47B,41.54%,$1.13B,$0.01B,0.53%,$1.13B,$-0.04B,-3.10%,$-0.04B,$1.76B,-1.97%,$-0.04B,$1.76B,-1.98%,$-0.04B,$4.46B,-0.78%,$0.17B,$2.99B,5.61%,$317,$238,$78,$2,$13,$257,$60,$-86,$-26,$21,$-47,$-47,$-47,$138,$60,$236,236,$-0.20,$-0.20,$150,$112,$0,$437,$3866,$31,$7,$0,$4020,$4457,$315,$1225,$297,$2378,$2693,$1588,$217,$0,$1763,$4457,$-35,$299,$124,$423,$68,$3,$-8,$25,$87,$475,$-193,$0,$0,$0,$-0,$-0,$46,$-147,$-114,$-3,$-117,$12,$12,$-4,$-127,$-236,$93,$10,$-4
8,2016-09-30,3.95,$7.61,0.52,$4.88,0.81,$0.32,12.51,$-1.04,0.0,$0.46B,$0.32B,1.43,$1.21B,$1.80B,0.67,$1.15B,$0.20B,17.67%,$1.15B,$-0.19B,-16.19%,$1.15B,$-0.19B,-16.19%,$1.15B,$0.13B,11.05%,$1.15B,$-0.29B,-25.59%,$1.15B,$-0.24B,-21.15%,$-0.24B,$1.80B,-13.64%,$-0.24B,$1.79B,-13.70%,$-0.24B,$4.49B,-5.37%,$-0.19B,$3.00B,-6.13%,$311,$243,$68,$1,$7,$251,$61,$-19,$42,$8,$34,$34,$34,$143,$61,$236,236,$0.14,$0.14,$122,$119,$0,$457,$3898,$34,$7,$0,$4028,$4485,$319,$1207,$317,$2368,$2687,$1582,$264,$0,$1797,$4485,$12,$221,$33,$254,$74,$5,$37,$26,$143,$335,$-149,$0,$0,$0,$-0,$-0,$46,$-103,$-43,$-2,$-45,$5,$5,$-4,$-124,$-168,$64,$4,$-4
9,2016-06-30,4.76,$7.50,0.63,$4.71,1.01,$-1.65,0.0,$-1.23,0.0,$0.43B,$0.32B,1.36,$1.29B,$1.77B,0.73,$1.11B,$0.18B,15.97%,$1.11B,$-0.25B,-22.29%,$1.11B,$-0.25B,-22.29%,$1.11B,$0.05B,4.78%,$1.11B,$-0.35B,-31.77%,$1.11B,$-0.29B,-26.08%,$-0.29B,$1.77B,-15.72%,$-0.29B,$1.76B,-16.21%,$-0.29B,$4.55B,-6.23%,$-0.25B,$3.06B,-7.99%,$247,$199,$48,$1,$10,$212,$35,$-29,$7,$12,$-6,$-6,$-6,$99,$35,$235,235,$-0.02,$-0.02,$145,$130,$0,$429,$3923,$100,$8,$0,$4122,$4552,$316,$1293,$314,$2464,$2780,$1582,$232,$0,$1771,$4552,$-21,$138,$24,$163,$90,$0,$-36,$43,$98,$239,$-99,$0,$0,$0,$0,$0,$-22,$-121,$31,$-1,$30,$5,$5,$-2,$-64,$-31,$88,$5,$-2
10,2016-03-31,3.66,$7.53,0.49,$4.30,0.85,$-3.32,0.0,$-1.41,0.0,$0.46B,$0.35B,1.34,$1.30B,$1.77B,0.73,$1.01B,$0.13B,13.24%,$1.01B,$-0.31B,-30.83%,$1.01B,$-0.31B,-30.83%,$1.01B,$-0.05B,-4.45%,$1.01B,$-0.41B,-40.02%,$1.01B,$-0.33B,-32.31%,$-0.33B,$1.77B,-17.05%,$-0.33B,$1.76B,-17.98%,$-0.33B,$4.57B,-6.87%,$-0.31B,$3.07B,-9.92%,$254,$226,$28,$1,$8,$239,$14,$-31,$-17,$-1,$-16,$-16,$-16,$89,$14,$235,235,$-0.07,$-0.07,$88,$112,$0,$464,$3927,$78,$9,$0,$4103,$4567,$346,$1297,$291,$2450,$2796,$1577,$238,$0,$1771,$4567,$-16,$75,$13,$88,$8,$7,$-22,$37,$30,$102,$-46,$0,$0,$0,$0,$0,$-5,$-51,$36,$-0,$35,$0,$0,$-2,$-53,$-19,$32,$1,$-2
11,2015-12-31,3.79,$7.60,0.5,$3.78,1.0,$-3.55,0.0,$-1.42,0.0,$0.44B,$0.38B,1.15,$1.21B,$1.79B,0.67,$0.89B,$0.12B,13.42%,$0.89B,$-0.33B,-36.98%,$0.89B,$-0.33B,-36.98%,$0.89B,$-0.11B,-12.51%,$0.89B,$-0.40B,-44.98%,$0.89B,$-0.33B,-37.32%,$-0.33B,$1.79B,-16.51%,$-0.33B,$1.78B,-17.80%,$-0.33B,$4.48B,-6.79%,$-0.33B,$2.99B,-10.31%,$337,$278,$59,$3,$352,$633,$-296,$-30,$-326,$-70,$-255,$-255,$-255,$-204,$-296,$234,234,$-1.09,$-1.09,$70,$120,$0,$435,$3890,$73,$9,$0,$4044,$4480,$378,$1205,$252,$2315,$2692,$1577,$256,$0,$1787,$4480,$-331,$218,$346,$218,$-56,$-45,$56,$-2,$-36,$186,$-491,$0,$-10,$0,$0,$0,$15,$-486,$289,$0,$289,$14,$14,$-4,$-111,$188,$-125,$-0,$-4
12,2015-09-30,3.66,$0.00,0.0,$2.78,1.31,$-4.92,0.0,$-0.16,0.0,$0.53B,$0.45B,1.18,$1.22B,$2.02B,0.6,$0.65B,$0.06B,8.88%,$0.65B,$-0.07B,-10.41%,$0.65B,$-0.07B,-10.41%,$0.65B,$0.08B,11.94%,$0.65B,$-0.10B,-14.70%,$0.65B,$-0.04B,-5.51%,$-0.04B,$2.02B,-1.73%,$-0.04B,$1.83B,-1.90%,$-0.04B,$4.97B,-0.72%,$-0.07B,$3.24B,-2.12%,$270,$228,$42,$2,$3,$270,$-0,$-16,$-16,$-4,$-12,$-12,$-12,$69,$-0,$235,235,$-0.05,$-0.05,$118,$142,$50,$525,$0,$74,$193,$31,$342,$4968,$446,$1219,$358,$2498,$2945,$1577,$511,$0,$2023,$4968,$-76,$125,$65,$190,$-64,$-45,$103,$6,$0,$115,$-393,$0,$-12,$0,$0,$0,$9,$-396,$306,$0,$306,$14,$14,$-4,$-98,$218,$-65,$-1,$-4
13,2015-06-30,8.26,$0.00,0.0,$2.37,3.48,$-5.70,0.0,$0.09,91.79,$0.51B,$0.39B,1.3,$1.19B,$2.09B,0.57,$0.55B,$0.04B,7.12%,$0.55B,$-0.07B,-11.86%,$0.55B,$-0.07B,-11.86%,$0.55B,$0.04B,7.30%,$0.55B,$-0.03B,-4.93%,$0.55B,$0.02B,3.65%,$0.02B,$2.09B,0.95%,$0.02B,$1.91B,1.04%,$0.02B,$5.04B,0.40%,$-0.07B,$3.28B,-2.04%,$151,$146,$5,$2,$11,$181,$-30,$-16,$-46,$-2,$-44,$-44,$-44,$1,$-30,$235,235,$-0.19,$-0.19,$117,$144,$13,$505,$0,$79,$184,$33,$341,$5036,$389,$1193,$390,$2558,$2947,$1336,$449,$0,$2089,$5036,$-64,$56,$42,$98,$-46,$-41,$61,$2,$-23,$11,$-262,$0,$-12,$0,$0,$0,$-24,$-298,$262,$0,$262,$14,$14,$-2,$-49,$225,$-64,$4,$-2
14,2015-03-31,8.11,$0.00,0.0,$2.39,3.39,$-6.26,0.0,$0.29,27.97,$0.44B,$0.42B,1.06,$1.09B,$2.12B,0.52,$0.53B,$0.05B,8.95%,$0.53B,$-0.04B,-7.05%,$0.53B,$-0.04B,-7.05%,$0.53B,$0.06B,11.24%,$0.53B,$0.03B,4.76%,$0.53B,$0.06B,12.19%,$0.06B,$2.12B,3.19%,$0.06B,$1.93B,3.49%,$0.06B,$5.03B,1.35%,$-0.04B,$3.21B,-1.25%,$129,$116,$13,$2,$10,$131,$-2,$-9,$-11,$8,$-20,$-20,$-20,$23,$-2,$234,234,$-0.08,$-0.08,$99,$78,$68,$442,$0,$82,$195,$24,$342,$5027,$417,$1092,$404,$2489,$2905,$1313,$490,$0,$2122,$5027,$-20,$26,$11,$37,$-12,$-3,$-1,$-1,$-17,$0,$0,$0,$0,$0,$-133,$-133,$-23,$-156,$120,$0,$120,$0,$0,$-2,$-46,$73,$-82,$2,$-2
15,2014-12-31,8.6,$9.03,0.95,$2.36,3.64,$-6.71,0.0,$0.24,35.83,$0.46B,$0.37B,1.23,$0.97B,$2.23B,0.44,$0.49B,$0.04B,8.72%,$0.49B,$-0.04B,-8.72%,$0.49B,$-0.04B,-8.72%,$0.49B,$0.04B,8.52%,$0.49B,$0.01B,2.84%,$0.49B,$0.06B,11.97%,$0.06B,$2.11B,3.11%,$0.06B,$1.91B,3.36%,$0.06B,$4.85B,1.32%,$-0.04B,$3.08B,-1.55%,$103,$106,$-2,$4,$30,$140,$-36,$4,$-23,$-68,$44,$40,$40,$-15,$-36,$234,235,$0.17,$0.17,$180,$76,$25,$461,$4775,$66,$202,$30,$5116,$4851,$374,$972,$417,$2439,$2742,$1472,$591,$0,$2109,$5099,$65,$84,$-133,$84,$0,$-16,$-21,$26,$-13,$263,$-889,$0,$3,$0,$-3,$-3,$16,$-873,$139,$0,$0,$149,$1,$-4,$199,$197,$-384,$7,$-4
16,2014-09-30,8.48,$0.00,0.0,$2.57,3.3,$-7.88,0.0,$-0.22,0.0,$0.67B,$0.41B,1.63,$1.00B,$2.14B,0.47,$0.51B,$0.04B,7.39%,$0.51B,$-0.01B,-2.53%,$0.51B,$-0.01B,-2.53%,$0.51B,$0.07B,14.20%,$0.51B,$0.00B,0.78%,$0.51B,$-0.04B,-7.20%,$-0.04B,$2.14B,-2.11%,$-0.04B,$1.94B,-2.26%,$-0.04B,$5.08B,-0.89%,$-0.01B,$3.14B,-0.51%,$165,$142,$23,$3,$18,$162,$3,$44,$53,$8,$45,$44,$44,$31,$3,$223,224,$0.20,$0.20,$386,$64,$85,$672,$0,$63,$198,$94,$393,$5078,$411,$1001,$416,$2527,$2938,$1493,$536,$0,$2140,$5078,$20,$64,$0,$64,$0,$0,$0,$0,$-32,$251,$-691,$0,$3,$0,$0,$-3,$18,$-673,$0,$0,$186,$0,$1,$-4,$23,$206,$-197,$0,$0
17,2014-06-30,9.19,$0.00,0.0,$2.62,3.51,$-8.84,0.0,$-0.39,0.0,$0.76B,$0.43B,1.77,$0.78B,$1.64B,0.47,$0.49B,$0.05B,10.72%,$0.49B,$0.00B,0.62%,$0.49B,$0.00B,0.62%,$0.49B,$0.08B,16.49%,$0.49B,$-0.04B,-8.25%,$0.49B,$-0.08B,-16.08%,$-0.08B,$1.64B,-4.85%,$-0.08B,$1.57B,-5.10%,$-0.08B,$4.02B,-2.06%,$0.00B,$2.43B,0.13%,$128,$115,$13,$2,$13,$130,$-2,$9,$6,$6,$0,$0,$0,$20,$-2,$193,193,$0.00,$0.00,$503,$91,$79,$764,$0,$133,$77,$82,$326,$4016,$432,$780,$366,$1940,$2372,$1090,$492,$0,$1644,$4016,$-25,$36,$0,$36,$0,$0,$0,$0,$-37,$97,$-412,$0,$0,$0,$0,$-2,$45,$-370,$0,$0,$43,$0,$0,$-2,$150,$192,$-77,$0,$0
18,2014-03-31,7.71,$0.00,0.0,$2.75,2.8,$-9.07,0.0,$-0.71,0.0,$0.98B,$0.38B,2.57,$0.78B,$1.69B,0.46,$0.49B,$0.06B,12.02%,$0.49B,$0.01B,1.83%,$0.49B,$0.01B,1.83%,$0.49B,$0.08B,17.11%,$0.49B,$-0.09B,-17.31%,$0.49B,$-0.13B,-26.88%,$-0.13B,$1.69B,-8.21%,$-0.13B,$1.61B,-8.64%,$-0.13B,$4.00B,-3.56%,$0.01B,$2.46B,0.39%,$97,$88,$9,$2,$16,$106,$-8,$-13,$-22,$3,$-25,$-25,$-25,$6,$-8,$186,186,$-0.13,$-0.13,$699,$74,$101,$981,$0,$131,$79,$63,$306,$3995,$381,$777,$334,$1929,$2310,$1079,$486,$0,$1685,$3995,$-25,$14,$0,$14,$0,$0,$0,$0,$-17,$105,$-188,$0,$0,$0,$0,$-3,$26,$-164,$0,$0,$54,$0,$150,$-2,$-37,$165,$120,$0,$0
19,2013-12-31,8.1,$8.89,0.91,$2.92,2.78,$-9.88,0.0,$-0.57,0.0,$0.87B,$0.32B,2.71,$0.73B,$1.56B,0.47,$0.51B,$0.09B,17.15%,$0.51B,$0.02B,3.90%,$0.51B,$0.02B,3.90%,$0.51B,$0.10B,18.52%,$0.51B,$-0.06B,-10.72%,$0.51B,$-0.11B,-20.47%,$-0.11B,$1.53B,-6.57%,$-0.11B,$1.45B,-6.92%,$-0.11B,$3.61B,-2.93%,$0.02B,$2.26B,0.90%,$124,$131,$-7,$1,$12,$130,$-6,$-33,$-33,$27,$-59,$-56,$-56,$16,$-6,$192,192,$-0.29,$-0.29,$594,$49,$70,$870,$2506,$69,$83,$64,$246,$3614,$322,$733,$328,$1796,$2084,$992,$529,$0,$1530,$3734,$-106,$75,$0,$75,$0,$0,$0,$0,$3,$140,$-876,$0,$0,$0,$0,$-7,$-140,$-1023,$0,$0,$254,$0,$0,$-18,$-58,$178,$-685,$0,$0
20,2013-09-30,8.14,$0.00,0.0,$3.23,2.52,$-5.86,0.0,$-0.24,0.0,$1.03B,$0.30B,3.46,$0.63B,$1.58B,0.4,$0.57B,$0.13B,23.42%,$0.57B,$0.05B,8.10%,$0.57B,$0.05B,8.10%,$0.57B,$0.12B,21.13%,$0.57B,$0.00B,0.18%,$0.57B,$-0.04B,-7.39%,$-0.04B,$1.58B,-2.54%,$-0.04B,$1.50B,-2.67%,$-0.04B,$3.55B,-1.18%,$0.05B,$2.21B,2.07%,$136,$100,$37,$6,$11,$117,$19,$1,$9,$6,$3,$3,$3,$38,$19,$172,172,$0.03,$0.03,$763,$54,$97,$1030,$0,$84,$79,$55,$246,$3547,$298,$630,$332,$1670,$1967,$983,$597,$0,$1580,$3547,$-46,$53,$0,$53,$0,$0,$0,$0,$0,$136,$-640,$0,$0,$0,$0,$-7,$-98,$-745,$0,$0,$150,$0,$0,$-18,$-57,$75,$-524,$0,$0
21,2013-06-30,6.52,$0.00,0.0,$3.28,1.99,$-1.83,0.0,$-0.30,0.0,$1.28B,$0.34B,3.83,$0.65B,$1.64B,0.4,$0.58B,$0.14B,24.96%,$0.58B,$0.05B,9.01%,$0.58B,$0.05B,9.01%,$0.58B,$0.12B,21.32%,$0.58B,$-0.00B,-0.52%,$0.58B,$-0.05B,-8.84%,$-0.05B,$1.64B,-3.00%,$-0.05B,$1.55B,-3.15%,$-0.05B,$3.69B,-1.44%,$0.05B,$2.29B,2.34%,$134,$114,$20,$7,$10,$131,$4,$-36,$-39,$13,$-51,$-54,$-54,$24,$4,$170,170,$-0.32,$-0.32,$1054,$48,$98,$1284,$0,$86,$82,$54,$248,$3693,$335,$654,$343,$1723,$2058,$998,$604,$0,$1635,$3693,$-50,$35,$0,$35,$0,$0,$0,$0,$-19,$111,$-429,$0,$0,$0,$0,$-7,$-67,$-503,$0,$0,$153,$0,$0,$-17,$-26,$110,$-254,$0,$0
22,2013-03-31,9.48,$0.00,0.0,$3.60,2.63,$-0.89,0.0,$-0.16,0.0,$1.30B,$0.37B,3.54,$0.49B,$1.65B,0.29,$0.63B,$0.18B,28.23%,$0.63B,$0.09B,13.41%,$0.63B,$0.09B,13.41%,$0.63B,$0.16B,24.76%,$0.63B,$0.04B,5.52%,$0.63B,$-0.03B,-4.42%,$-0.03B,$1.65B,-1.62%,$-0.03B,$1.57B,-1.70%,$-0.03B,$3.48B,-0.87%,$0.09B,$2.13B,4.07%,$119,$80,$38,$9,$13,$116,$3,$5,$8,$6,$2,$2,$2,$17,$3,$172,172,$0.01,$0.01,$1043,$59,$116,$1303,$0,$0,$81,$148,$243,$3483,$368,$485,$392,$1468,$1836,$1013,$665,$0,$1647,$3483,$2,$14,$0,$14,$0,$0,$0,$0,$-30,$-17,$-199,$0,$0,$0,$0,$-4,$-39,$-242,$0,$0,$0,$0,$0,$-17,$-27,$-43,$-284,$0,$0
23,2012-12-31,9.84,$0.00,0.0,$4.00,2.46,$-0.25,0.0,$-0.12,0.0,$1.53B,$0.31B,4.87,$0.48B,$1.76B,0.27,$0.70B,$0.20B,27.96%,$0.70B,$0.11B,16.12%,$0.70B,$0.11B,16.12%,$0.70B,$0.19B,27.10%,$0.70B,$0.05B,7.42%,$0.70B,$-0.02B,-3.00%,$-0.02B,$1.76B,-1.19%,$-0.02B,$1.68B,-1.25%,$-0.02B,$3.49B,-0.70%,$0.11B,$2.24B,5.64%,$179,$141,$38,$11,$7,$159,$20,$-35,$23,$16,$7,$7,$7,$41,$20,$186,186,$0.04,$0.04,$1338,$58,$79,$1529,$0,$73,$80,$66,$232,$3490,$314,$480,$304,$1417,$1730,$1021,$685,$0,$1760,$3490,$-21,$77,$0,$77,$0,$0,$0,$0,$-91,$544,$-509,$0,$0,$0,$0,$-4,$-33,$-546,$0,$0,$472,$0,$0,$-34,$-9,$429,$438,$0,$0
24,2012-09-30,9.63,$0.00,0.0,$4.51,2.14,$0.52,18.57,$0.05,192.52,$1.74B,$0.31B,5.62,$0.48B,$1.76B,0.27,$0.78B,$0.23B,29.51%,$0.78B,$0.17B,21.91%,$0.78B,$0.17B,21.91%,$0.78B,$0.25B,32.35%,$0.78B,$0.32B,41.11%,$0.78B,$0.01B,1.03%,$0.01B,$1.76B,0.45%,$0.01B,$1.68B,0.47%,$0.01B,$3.46B,0.29%,$0.17B,$2.24B,8.93%,$145,$97,$48,$9,$13,$120,$25,$-21,$5,$11,$-6,$-6,$-6,$41,$25,$172,172,$-0.03,$-0.03,$1506,$86,$82,$1736,$0,$87,$79,$31,$212,$3464,$309,$478,$269,$1397,$1706,$1025,$680,$0,$1759,$3464,$-29,$56,$0,$56,$0,$0,$0,$0,$-108,$519,$-330,$0,$0,$0,$0,$-5,$-15,$-350,$0,$0,$478,$0,$0,$-35,$-7,$436,$603,$0,$0
25,2012-06-30,7.45,$0.00,0.0,$4.88,1.52,$0.22,34.5,$-0.15,0.0,$0.90B,$0.24B,3.73,$0.00B,$1.76B,0.0,$0.84B,$0.23B,27.71%,$0.84B,$0.17B,20.45%,$0.84B,$0.17B,20.45%,$0.84B,$0.27B,31.51%,$0.84B,$0.35B,41.85%,$0.84B,$-0.03B,-2.97%,$-0.03B,$1.76B,-1.39%,$-0.03B,$1.68B,-1.45%,$-0.03B,$2.49B,-1.01%,$0.17B,$1.76B,9.53%,$191,$136,$55,$11,$8,$155,$37,$0,$-1,$29,$-30,$-31,$-31,$58,$37,$172,172,$-0.18,$-0.18,$703,$65,$84,$899,$0,$65,$80,$21,$179,$2491,$241,$0,$260,$495,$736,$1011,$694,$0,$1755,$2491,$-22,$40,$0,$40,$0,$0,$0,$0,$-95,$13,$-173,$0,$0,$0,$0,$-5,$-7,$-185,$0,$0,$0,$0,$0,$-17,$0,$-17,$-187,$0,$0
26,2012-03-31,10.6,$0.00,0.0,$5.18,2.05,$1.03,10.26,$-0.95,0.0,$0.96B,$0.24B,4.09,$0.00B,$1.79B,0.0,$0.90B,$0.27B,29.92%,$0.90B,$0.20B,22.47%,$0.90B,$0.20B,22.47%,$0.90B,$0.30B,33.59%,$0.90B,$0.20B,22.47%,$0.90B,$-0.17B,-18.58%,$-0.17B,$1.79B,-9.11%,$-0.17B,$1.71B,-9.52%,$-0.17B,$2.48B,-6.78%,$0.20B,$1.79B,11.01%,$186,$131,$55,$13,$11,$155,$31,$-7,$25,$17,$8,$9,$9,$50,$31,$172,172,$0.05,$0.05,$769,$74,$39,$960,$0,$99,$79,$17,$209,$2483,$235,$0,$265,$460,$695,$1018,$729,$0,$1788,$2483,$8,$19,$0,$19,$0,$0,$0,$0,$-70,$-28,$-78,$0,$0,$0,$0,$-5,$-2,$-85,$0,$0,$0,$0,$0,$-17,$0,$-17,$-128,$0,$0
27,2011-12-31,9.54,$0.00,0.0,$5.27,1.81,$1.31,7.26,$-0.89,0.0,$1.05B,$0.20B,5.29,$0.00B,$1.84B,0.0,$0.90B,$0.30B,33.48%,$0.90B,$0.21B,23.21%,$0.90B,$0.21B,23.21%,$0.90B,$0.31B,35.04%,$0.90B,$0.21B,23.55%,$0.90B,$-0.16B,-17.75%,$-0.16B,$1.84B,-8.39%,$-0.16B,$1.76B,-8.75%,$-0.16B,$2.48B,-6.41%,$0.21B,$1.84B,10.97%,$254,$183,$71,$10,$9,$177,$77,$217,$290,$35,$255,$36,$36,$102,$77,$172,172,$0.21,$0.21,$910,$78,$22,$1050,$0,$99,$81,$16,$210,$2478,$199,$0,$251,$442,$641,$1032,$747,$0,$1837,$2478,$212,$106,$-2,$104,$0,$0,$0,$0,$16,$253,$-88,$0,$-103,$0,$0,$-25,$-6,$-222,$0,$0,$0,$0,$0,$-35,$-2,$-37,$-3,$0,$0
28,2011-09-30,9.16,$0.00,0.0,$5.02,1.82,$0.88,10.37,$-0.94,0.0,$1.07B,$0.19B,5.65,$0.00B,$1.84B,0.0,$0.83B,$0.42B,50.24%,$0.83B,$0.32B,38.43%,$0.83B,$0.32B,38.43%,$0.83B,$0.42B,50.72%,$0.83B,$0.11B,13.13%,$0.83B,$-0.17B,-20.48%,$-0.17B,$1.84B,-9.14%,$-0.17B,$1.75B,-9.43%,$-0.17B,$2.46B,-7.12%,$0.32B,$1.84B,17.15%,$210,$157,$52,$14,$11,$183,$27,$4,$38,$55,$-16,$-14,$-39,$55,$27,$172,172,$-0.23,$-0.23,$891,$98,$46,$1070,$0,$105,$83,$7,$213,$2458,$189,$0,$238,$431,$621,$1043,$718,$0,$1837,$2458,$142,$81,$-2,$79,$0,$0,$0,$0,$21,$157,$-19,$0,$-104,$0,$0,$-21,$-12,$-156,$0,$0,$0,$0,$0,$-35,$-0,$-35,$-31,$0,$0
29,2011-06-30,14.23,$0.00,0.0,$4.87,2.92,$0.56,25.38,$-0.63,0.0,$0.95B,$0.17B,5.58,$0.00B,$1.87B,0.0,$0.78B,$0.44B,55.84%,$0.78B,$0.32B,41.08%,$0.78B,$0.32B,41.08%,$0.78B,$0.39B,50.58%,$0.78B,$0.10B,12.71%,$0.78B,$-0.12B,-15.40%,$-0.12B,$1.87B,-6.62%,$-0.12B,$1.80B,-6.76%,$-0.12B,$2.43B,-5.28%,$0.32B,$1.87B,17.64%,$249,$158,$91,$13,$11,$182,$67,$-224,$-151,$27,$-178,$-173,$-173,$95,$67,$177,177,$-0.98,$-0.98,$773,$117,$22,$954,$0,$135,$77,$15,$265,$2427,$171,$0,$222,$382,$553,$1046,$785,$0,$1874,$2427,$-116,$53,$0,$53,$0,$0,$0,$0,$-73,$77,$-97,$0,$-98,$0,$0,$-12,$-9,$-216,$0,$0,$0,$0,$0,$-18,$-0,$-18,$-159,$0,$0
30,2011-03-31,15.51,$0.00,0.0,$4.67,3.32,$0.67,23.04,$0.43,36.07,$0.94B,$0.17B,5.5,$0.00B,$2.03B,0.0,$0.71B,$0.53B,73.91%,$0.71B,$0.44B,61.15%,$0.71B,$0.44B,61.15%,$0.71B,$0.48B,67.60%,$0.71B,$0.43B,60.73%,$0.71B,$0.07B,9.26%,$0.07B,$2.03B,4.91%,$0.07B,$1.96B,4.97%,$0.07B,$2.56B,3.97%,$0.44B,$2.03B,32.40%,$183,$96,$86,$10,$15,$146,$37,$-0,$34,$19,$15,$17,$17,$62,$37,$156,156,$0.11,$0.11,$732,$127,$26,$941,$0,$146,$74,$15,$258,$2560,$171,$0,$208,$357,$528,$1026,$940,$0,$2033,$2560,$34,$25,$0,$25,$0,$0,$0,$0,$-11,$-7,$-44,$0,$-96,$0,$0,$-28,$-8,$-177,$0,$0,$0,$0,$0,$-17,$-0,$-18,$-203,$0,$0
31,2010-12-31,17.25,$0.00,0.0,$5.03,3.43,$1.01,17.15,$0.47,36.7,$1.10B,$0.22B,4.95,$0.00B,$1.70B,0.0,$0.77B,$0.68B,88.38%,$0.77B,$0.64B,82.90%,$0.77B,$0.64B,82.90%,$0.77B,$0.66B,85.64%,$0.77B,$0.64B,82.90%,$0.77B,$0.07B,9.40%,$0.07B,$1.70B,8.60%,$0.07B,$1.70B,8.60%,$0.07B,$2.11B,7.03%,$0.64B,$1.70B,75.84%,$188,$0,$188,$0,$0,$0,$188,$0,$188,$0,$188,$25,$25,$209,$188,$153,153,$0.16,$0.16,$876,$118,$28,$1098,$0,$102,$0,$29,$131,$2110,$222,$0,$190,$190,$412,$612,$1013,$0,$1698,$2110,$68,$100,$0,$100,$0,$0,$0,$0,$54,$248,$-167,$0,$0,$0,$0,$-43,$53,$-158,$0,$0,$0,$0,$-56,$-14,$-3,$-73,$14,$0,$0
32,2010-09-30,13.35,$0.00,0.0,$4.82,2.77,$0.48,27.96,$0.35,38.15,$1.00B,$0.16B,6.13,$0.00B,$1.65B,0.0,$0.74B,$0.65B,87.92%,$0.74B,$0.61B,82.23%,$0.74B,$0.61B,82.23%,$0.74B,$0.61B,82.23%,$0.74B,$0.61B,82.23%,$0.74B,$0.05B,7.33%,$0.05B,$1.65B,13.08%,$0.05B,$1.65B,13.08%,$0.05B,$1.99B,10.87%,$0.61B,$1.65B,146.82%,$159,$89,$70,$6,$11,$130,$28,$2,$28,$17,$11,$11,$11,$28,$28,$149,150,$0.08,$0.08,$820,$95,$21,$996,$0,$75,$0,$83,$159,$1988,$162,$0,$174,$174,$337,$602,$984,$0,$1651,$1988,$47,$79,$0,$79,$0,$0,$0,$0,$49,$184,$-112,$0,$0,$0,$0,$-31,$-2,$-145,$0,$0,$0,$0,$-56,$-14,$0,$-70,$-34,$0,$0
