,Date,Stock Price,Book Value per Share,Price to Book Ratio,TTM Sales per Share,Price to Sales Ratio,TTM FCF per Share,Price to FCF Ratio,TTM Net EPS,PE Ratio,Current Assets,Current Liabilities,Current Ratio,Long Term Debt,Shareholder's Equity_x,Debt to Equity Ratio,TTM Revenue_x,TTM Gross Profit,Gross Margin,TTM Revenue_y,TTM Operating Income,Operating Margin,TTM Revenue_x,TTM EBIT,EBIT Margin,TTM Revenue_y,TTM EBITDA,EBITDA Margin,TTM Revenue_x,TTM Pre-Tax Income,Pre-Tax Margin,TTM Revenue_y,TTM Net Income_x,Net Margin,TTM Net Income_y,Shareholder's Equity_y,Return on Equity,TTM Net Income_x,Tangible Equity,Return on Tangible Equity,TTM Net Income_y,Total Assets,Return on Assets,TTM Net Income,LT Investments & Debt,Return on Investment,revenue,cost-goods-sold,gross-profit,research-development-expenses,selling-general-administrative-expenses,operating-expenses,operating-income,total-non-operating-income-expense,pre-tax-income,total-provision-income-taxes,income-after-taxes,income-from-continuous-operations,net-income,ebitda,ebit,basic-shares-outstanding,shares-outstanding,eps-basic-net-earnings-per-share,eps-earnings-per-share-diluted,cash-on-hand,inventory,other-current-assets,total-current-assets,net-property-plant-equipment,long-term-investments,goodwill-intangible-assets-total,other-long-term-assets,total-long-term-assets,total-assets,total-current-liabilities,long-term-debt,other-non-current-liabilities,total-long-term-liabilities,total-liabilities,common-stock-net,retained-earnings-accumulated-deficit,comprehensive-income,total-share-holder-equity,total-liabilities-share-holders-equity,net-income-loss,total-depreciation-amortization-cash-flow,other-non-cash-items,total-non-cash-items,change-in-accounts-receivable,change-in-inventories,change-in-accounts-payable,change-in-assets-liabilities,total-change-in-assets-liabilities,cash-flow-from-operating-activities,net-change-in-property-plant-equipment,net-change-in-intangible-assets,net-acquisitions-divestitures,net-change-in-short-term-investments,net-change-in-long-term-investments,net-change-in-investments-total,investing-activities-other,cash-flow-from-investing-activities,net-long-term-debt,net-current-debt,debt-issuance-retirement-net-total,net-common-equity-issued-repurchased,net-total-equity-issued-repurchased,total-common-preferred-stock-dividends-paid,financial-activities-other,cash-flow-from-financial-activities,net-cash-flow,stock-based-compensation,common-stock-dividends-paid
0,2018-09-30,19.75,$12.45,1.59,$5.18,3.81,$4.81,4.11,$0.90,21.86,$3.03B,$3.13B,0.97,$0.52B,$0.48B,1.08,$0.20B,$0.17B,85.64%,$0.20B,$0.06B,31.28%,$0.20B,0,0.00%,$0.20B,0,0.00%,$0.20B,$0.06B,31.28%,$0.20B,$0.05B,24.62%,$0.05B,$0.48B,10.29%,$0.05B,$0.35B,14.33%,$0.05B,$4.15B,1.19%,$0.06B,$0.99B,5.95%,$51,$8,$42,$0,$27,$35,$16,$0,$16,$3,$13,$13,$13,$0,$0,$38,39,$0.34,$0.34,$70,$0,$0,$3025,$75,$784,$131,$135,$1125,$4151,$3130,$516,$27,$543,$3673,$0,$215,$-13,$478,$4151,$40,$9,$3,$12,$8,$0,$1,$3,$12,$65,$-3,$0,$0,$0,$-73,$-73,$-145,$-222,$-86,$0,$-86,$0,$0,$-12,$248,$150,$-7,$0,$-12
1,2018-06-30,20.59,$12.27,1.68,$5.03,4.09,$4.23,4.87,$1.14,18.01,$2.99B,$3.02B,0.99,$0.56B,$0.47B,1.2,$0.18B,$0.16B,87.50%,$0.18B,$0.06B,30.43%,$0.18B,0,0.00%,$0.18B,0,0.00%,$0.18B,$0.06B,30.43%,$0.18B,$0.04B,23.37%,$0.04B,$0.47B,9.66%,$0.04B,$0.34B,13.42%,$0.04B,$4.08B,1.11%,$0.06B,$1.03B,5.60%,$50,$7,$42,$0,$26,$33,$17,$0,$17,$3,$14,$14,$14,$0,$0,$38,39,$0.37,$0.37,$69,$0,$0,$2992,$75,$754,$131,$124,$1084,$4077,$3018,$563,$26,$588,$3606,$0,$206,$-11,$471,$4077,$27,$6,$1,$7,$8,$0,$1,$2,$11,$45,$-2,$0,$0,$0,$-38,$-38,$-102,$-141,$-39,$0,$-39,$0,$0,$-8,$135,$89,$-7,$0,$-8
2,2018-03-31,19.81,$12.01,1.65,$4.91,4.04,$3.86,5.13,$1.05,18.93,$2.92B,$2.94B,0.99,$0.56B,$0.46B,1.21,$0.17B,$0.15B,89.02%,$0.17B,$0.05B,30.06%,$0.17B,0,0.00%,$0.17B,0,0.00%,$0.17B,$0.05B,30.06%,$0.17B,$0.04B,21.97%,$0.04B,$0.46B,9.12%,$0.04B,$0.33B,12.52%,$0.04B,$3.97B,1.03%,$0.05B,$1.02B,5.41%,$48,$6,$42,$0,$26,$32,$15,$0,$15,$3,$13,$13,$13,$0,$0,$38,38,$0.33,$0.33,$64,$0,$0,$2918,$75,$733,$132,$112,$1052,$3970,$2935,$558,$16,$574,$3509,$0,$195,$-10,$460,$3970,$13,$3,$1,$4,$10,$0,$0,$3,$13,$30,$-1,$0,$0,$0,$-14,$-14,$-33,$-48,$-44,$0,$-44,$0,$0,$-4,$53,$5,$-13,$0,$-4
3,2017-12-31,18.26,$11.94,1.53,$4.76,3.84,$3.65,5.01,$0.96,19.03,$2.91B,$2.88B,1.01,$0.60B,$0.46B,1.32,$0.16B,$0.15B,90.06%,$0.16B,$0.05B,29.81%,$0.16B,0,0.00%,$0.16B,0,0.00%,$0.16B,$0.05B,29.81%,$0.16B,$0.03B,20.50%,$0.03B,$0.46B,8.49%,$0.03B,$0.33B,11.52%,$0.03B,$3.96B,0.94%,$0.05B,$1.06B,5.43%,$46,$5,$41,$0,$27,$33,$13,$0,$13,$6,$8,$8,$8,$0,$0,$35,35,$0.20,$0.20,$76,$0,$0,$2911,$76,$728,$132,$117,$1053,$3964,$2882,$602,$24,$625,$3507,$0,$186,$-4,$457,$3964,$33,$12,$3,$15,$2,$0,$0,$-1,$1,$49,$-3,$0,$44,$0,$-73,$-73,$-248,$-280,$260,$0,$260,$2,$2,$-12,$-13,$236,$6,$0,$-12
4,2017-09-30,19.08,$11.21,1.7,$4.72,4.04,$3.11,6.13,$0.93,20.59,$2.50B,$2.61B,0.96,$0.50B,$0.39B,1.27,$0.15B,$0.13B,87.01%,$0.15B,$0.04B,27.27%,$0.15B,0,0.00%,$0.15B,0,0.00%,$0.15B,$0.04B,27.27%,$0.15B,$0.03B,20.13%,$0.03B,$0.39B,8.62%,$0.03B,$0.29B,11.52%,$0.03B,$3.52B,0.94%,$0.04B,$0.89B,5.38%,$40,$4,$36,$0,$25,$29,$11,$0,$11,$3,$8,$8,$8,$0,$0,$34,34,$0.24,$0.24,$73,$0,$0,$2501,$74,$724,$103,$117,$1018,$3520,$2609,$496,$23,$518,$3127,$0,$181,$-2,$392,$3520,$25,$9,$2,$10,$3,$0,$0,$-1,$1,$37,$-3,$0,$31,$0,$-67,$-67,$-152,$-190,$191,$0,$191,$1,$1,$-8,$-29,$154,$2,$0,$-8
5,2017-06-30,17.15,$10.74,1.6,$4.72,3.63,$2.40,7.16,$0.89,19.34,$2.34B,$2.42B,0.97,$0.52B,$0.36B,1.46,$0.15B,$0.13B,86.84%,$0.15B,$0.04B,26.32%,$0.15B,0,0.00%,$0.15B,0,0.00%,$0.15B,$0.04B,26.32%,$0.15B,$0.03B,19.74%,$0.03B,$0.36B,8.61%,$0.03B,$0.27B,11.44%,$0.03B,$3.32B,0.93%,$0.04B,$0.88B,5.02%,$39,$4,$35,$0,$23,$26,$13,$0,$13,$4,$9,$9,$9,$0,$0,$33,33,$0.27,$0.27,$66,$0,$0,$2336,$65,$719,$87,$114,$985,$3321,$2419,$523,$22,$545,$2964,$0,$176,$-1,$357,$3321,$17,$6,$1,$7,$1,$0,$0,$1,$2,$26,$-1,$0,$11,$0,$-59,$-59,$-127,$-177,$218,$0,$218,$0,$0,$-5,$-67,$145,$-5,$0,$-5
6,2017-03-31,16.99,$10.48,1.62,$4.79,3.55,$2.05,8.29,$0.84,20.12,$2.21B,$2.44B,0.9,$0.36B,$0.35B,1.03,$0.15B,$0.13B,86.39%,$0.15B,$0.04B,24.49%,$0.15B,0,0.00%,$0.15B,0,0.00%,$0.15B,$0.04B,24.49%,$0.15B,$0.03B,18.37%,$0.03B,$0.35B,8.20%,$0.03B,$0.26B,10.87%,$0.03B,$3.17B,0.86%,$0.04B,$0.71B,4.63%,$36,$3,$33,$0,$22,$25,$11,$0,$11,$3,$8,$8,$8,$0,$0,$33,33,$0.25,$0.25,$60,$0,$0,$2207,$66,$697,$87,$113,$963,$3170,$2444,$358,$19,$377,$2821,$0,$170,$-4,$349,$3170,$8,$3,$1,$4,$6,$0,$0,$1,$7,$19,$-1,$0,$11,$0,$-39,$-39,$-8,$-37,$53,$0,$53,$0,$0,$-2,$-42,$8,$-11,$0,$-2
7,2016-12-31,18.07,$10.25,1.76,$4.84,3.73,$1.85,9.77,$0.79,22.78,$2.21B,$2.47B,0.9,$0.31B,$0.34B,0.9,$0.14B,$0.12B,85.21%,$0.14B,$0.03B,22.54%,$0.14B,0,0.00%,$0.14B,0,0.00%,$0.14B,$0.03B,22.54%,$0.14B,$0.02B,16.90%,$0.02B,$0.34B,7.81%,$0.02B,$0.26B,10.23%,$0.02B,$3.14B,0.80%,$0.03B,$0.65B,4.09%,$39,$8,$30,$0,$23,$32,$7,$0,$7,$2,$6,$6,$6,$0,$0,$30,30,$0.15,$0.16,$71,$0,$0,$2213,$66,$657,$86,$119,$928,$3141,$2472,$305,$24,$329,$2800,$0,$164,$-6,$341,$3141,$24,$11,$1,$12,$-1,$0,$-0,$-10,$-11,$26,$-1,$0,$170,$0,$24,$24,$35,$226,$-268,$0,$-268,$1,$1,$-8,$47,$-230,$22,$0,$-8
8,2016-09-30,12.58,$6.94,1.81,$4.77,2.64,$2.27,5.55,$0.85,14.74,$2.28B,$2.34B,0.98,$0.61B,$0.35B,1.76,$0.13B,$0.12B,87.97%,$0.13B,$0.03B,24.81%,$0.13B,0,0.00%,$0.13B,0,0.00%,$0.13B,$0.03B,24.81%,$0.13B,$0.02B,18.05%,$0.02B,$0.35B,8.31%,$0.02B,$0.26B,10.75%,$0.02B,$3.33B,0.83%,$0.03B,$0.95B,4.08%,$38,$5,$34,$0,$25,$29,$9,$0,$9,$3,$7,$7,$7,$0,$0,$32,32,$0.21,$0.20,$84,$0,$0,$2280,$67,$765,$84,$130,$1046,$3326,$2337,$607,$35,$643,$2980,$0,$161,$3,$346,$3326,$18,$8,$2,$10,$-0,$0,$0,$-17,$-17,$11,$-2,$0,$147,$0,$-87,$-87,$-25,$33,$47,$0,$47,$0,$-12,$-6,$-37,$-9,$35,$0,$-6
9,2016-06-30,10.7,$9.93,1.08,$4.39,2.44,$2.40,4.46,$0.81,13.15,$2.05B,$2.08B,0.99,$0.53B,$0.28B,1.87,$0.13B,$0.11B,87.40%,$0.13B,$0.03B,23.62%,$0.13B,0,0.00%,$0.13B,0,0.00%,$0.13B,$0.03B,23.62%,$0.13B,$0.02B,16.54%,$0.02B,$0.28B,7.82%,$0.02B,$0.22B,10.02%,$0.02B,$2.92B,0.78%,$0.03B,$0.81B,4.07%,$34,$4,$30,$0,$21,$25,$9,$0,$9,$3,$6,$6,$6,$0,$0,$27,28,$0.23,$0.23,$109,$0,$0,$2052,$61,$646,$65,$94,$866,$2918,$2083,$526,$28,$554,$2637,$0,$157,$4,$281,$2918,$12,$5,$1,$6,$-0,$0,$0,$-6,$-6,$12,$-1,$0,$30,$0,$8,$8,$-87,$-49,$35,$0,$35,$0,$-13,$-4,$79,$98,$61,$0,$-4
10,2016-03-31,10.46,$9.70,1.08,$4.46,2.34,$2.55,4.1,$0.80,13.07,$1.77B,$1.88B,0.94,$0.46B,$0.26B,1.77,$0.12B,$0.11B,87.60%,$0.12B,$0.03B,22.31%,$0.12B,0,0.00%,$0.12B,0,0.00%,$0.12B,$0.03B,22.31%,$0.12B,$0.02B,16.53%,$0.02B,$0.26B,8.04%,$0.02B,$0.21B,10.10%,$0.02B,$2.63B,0.79%,$0.03B,$0.73B,3.91%,$31,$4,$27,$0,$20,$24,$7,$0,$7,$2,$5,$5,$5,$0,$0,$27,27,$0.20,$0.20,$48,$0,$0,$1767,$60,$657,$57,$87,$861,$2628,$1879,$463,$24,$487,$2367,$0,$152,$3,$261,$2628,$5,$2,$0,$3,$5,$0,$0,$-4,$1,$9,$-0,$0,$0,$0,$-5,$-5,$30,$24,$-31,$0,$-31,$0,$0,$-2,$-2,$-35,$-1,$0,$-2
11,2015-12-31,11.76,$9.93,1.18,$4.58,2.57,$2.63,4.47,$0.85,13.86,$1.80B,$1.88B,0.96,$0.48B,$0.25B,1.9,$0.12B,$0.10B,88.03%,$0.12B,$0.03B,23.08%,$0.12B,0,0.00%,$0.12B,0,0.00%,$0.12B,$0.03B,23.08%,$0.12B,$0.02B,17.09%,$0.02B,$0.27B,8.57%,$0.02B,$0.21B,10.60%,$0.02B,$2.65B,0.83%,$0.03B,$0.75B,3.98%,$30,$4,$26,$0,$18,$21,$8,$0,$8,$2,$6,$6,$6,$0,$0,$24,24,$0.28,$0.27,$49,$0,$0,$1802,$61,$646,$57,$86,$851,$2652,$1881,$482,$23,$505,$2386,$0,$149,$-1,$267,$2652,$21,$8,$3,$11,$-3,$0,$-0,$7,$4,$35,$-6,$0,$182,$0,$-148,$-148,$-153,$-124,$49,$0,$49,$4,$4,$-6,$47,$94,$5,$0,$-6
12,2015-09-30,9.99,$9.86,1.01,$4.60,2.17,$1.95,5.13,$0.85,11.77,$1.78B,$1.91B,0.93,$0.41B,$0.25B,1.61,$0.11B,$0.10B,87.72%,$0.11B,$0.03B,22.81%,$0.11B,0,0.00%,$0.11B,0,0.00%,$0.11B,$0.03B,22.81%,$0.11B,$0.02B,16.67%,$0.02B,$0.27B,8.84%,$0.02B,$0.21B,10.75%,$0.02B,$2.61B,0.84%,$0.03B,$0.67B,4.09%,$32,$4,$28,$0,$23,$26,$6,$0,$6,$1,$4,$4,$4,$0,$0,$39,40,$0.11,$0.11,$48,$0,$0,$1775,$61,$632,$57,$83,$833,$2608,$1914,$407,$23,$430,$2343,$0,$144,$2,$265,$2608,$14,$5,$3,$8,$-1,$0,$-0,$0,$-1,$22,$-5,$0,$182,$0,$-127,$-127,$-121,$-71,$-26,$0,$-26,$4,$4,$-5,$80,$53,$5,$0,$-4
13,2015-06-30,10.43,$9.71,1.08,$5.07,2.06,$2.21,4.71,$0.92,11.4,$1.56B,$1.59B,0.99,$0.42B,$0.19B,2.2,$0.11B,$0.10B,88.07%,$0.11B,$0.03B,24.77%,$0.11B,0,0.00%,$0.11B,0,0.00%,$0.11B,$0.03B,24.77%,$0.11B,$0.02B,18.35%,$0.02B,$0.20B,10.19%,$0.02B,$0.17B,12.16%,$0.02B,$2.22B,0.94%,$0.03B,$0.62B,4.42%,$28,$3,$25,$0,$19,$22,$6,$0,$6,$2,$5,$5,$5,$0,$0,$21,22,$0.23,$0.22,$44,$0,$0,$1563,$55,$505,$32,$65,$656,$2219,$1585,$418,$14,$432,$2017,$0,$142,$1,$202,$2219,$10,$3,$3,$6,$-2,$0,$-0,$2,$-0,$16,$-4,$0,$0,$0,$-6,$-6,$-140,$-150,$34,$0,$34,$0,$0,$-3,$102,$134,$0,$0,$-3
14,2015-03-31,9.72,$9.60,1.01,$5.01,1.94,$1.77,5.5,$0.92,10.57,$1.50B,$1.47B,1.02,$0.47B,$0.19B,2.53,$0.11B,$0.09B,87.04%,$0.11B,$0.03B,25.93%,$0.11B,0,0.00%,$0.11B,0,0.00%,$0.11B,$0.03B,25.93%,$0.11B,$0.02B,18.52%,$0.02B,$0.20B,10.39%,$0.02B,$0.17B,12.44%,$0.02B,$2.15B,0.96%,$0.03B,$0.67B,4.70%,$27,$3,$24,$0,$17,$20,$7,$0,$7,$2,$5,$5,$5,$0,$0,$21,22,$0.26,$0.24,$39,$0,$0,$1498,$54,$507,$32,$63,$656,$2154,$1466,$473,$16,$489,$1954,$0,$139,$2,$199,$2154,$5,$1,$1,$2,$-0,$0,$0,$4,$4,$11,$-2,$0,$0,$0,$-4,$-4,$-80,$-87,$89,$0,$89,$0,$0,$-1,$-17,$71,$-5,$0,$-1
15,2014-12-31,10.8,$9.38,1.15,$4.84,2.23,$1.37,7.88,$0.84,12.79,$1.42B,$1.48B,0.96,$0.38B,$0.18B,2.11,$0.10B,$0.09B,86.41%,$0.10B,$0.03B,24.27%,$0.10B,0,0.00%,$0.10B,0,0.00%,$0.10B,$0.03B,24.27%,$0.10B,$0.02B,17.48%,$0.02B,$0.19B,9.72%,$0.02B,$0.16B,11.59%,$0.02B,$2.08B,0.90%,$0.03B,$0.58B,4.66%,$27,$3,$23,$0,$17,$20,$7,$0,$7,$2,$5,$5,$5,$0,$0,$20,21,$0.24,$0.23,$43,$0,$0,$1420,$52,$501,$32,$72,$657,$2077,$1483,$384,$16,$400,$1883,$0,$134,$2,$194,$2077,$18,$6,$2,$8,$-3,$0,$-0,$-5,$-9,$18,$-6,$0,$7,$0,$38,$38,$-188,$-149,$78,$0,$78,$0,$0,$-5,$70,$143,$12,$0,$-5
16,2014-09-30,9.42,$9.16,1.03,$4.73,1.99,$2.84,3.32,$0.82,11.52,$1.38B,$1.45B,0.95,$0.38B,$0.18B,2.16,$0.10B,$0.09B,86.87%,$0.10B,$0.02B,23.23%,$0.10B,0,0.00%,$0.10B,0,0.00%,$0.10B,$0.02B,23.23%,$0.10B,$0.02B,17.17%,$0.02B,$0.19B,9.55%,$0.02B,$0.16B,11.33%,$0.02B,$2.04B,0.89%,$0.02B,$0.57B,4.55%,$27,$3,$24,$0,$17,$21,$7,$0,$7,$2,$5,$5,$5,$0,$0,$21,22,$0.24,$0.23,$37,$0,$0,$1377,$51,$513,$32,$64,$660,$2037,$1450,$383,$14,$397,$1847,$0,$131,$1,$190,$2037,$13,$5,$1,$6,$-1,$0,$-0,$2,$0,$19,$-4,$0,$7,$0,$25,$25,$-152,$-124,$77,$0,$77,$0,$0,$-4,$37,$111,$6,$0,$-3
17,2014-06-30,8.88,$9.05,0.98,$4.65,1.91,$3.97,2.24,$0.82,10.8,$1.37B,$1.50B,0.92,$0.37B,$0.18B,2.13,$0.10B,$0.08B,86.46%,$0.10B,$0.02B,22.92%,$0.10B,0,0.00%,$0.10B,0,0.00%,$0.10B,$0.02B,22.92%,$0.10B,$0.02B,17.71%,$0.02B,$0.19B,9.93%,$0.02B,$0.16B,11.68%,$0.02B,$2.07B,0.92%,$0.02B,$0.56B,4.66%,$27,$3,$23,$0,$17,$20,$7,$0,$7,$2,$5,$5,$5,$0,$0,$21,22,$0.23,$0.22,$51,$0,$0,$1372,$51,$554,$32,$64,$701,$2073,$1500,$373,$14,$386,$1886,$0,$127,$2,$187,$2073,$8,$3,$0,$3,$-4,$0,$-0,$-1,$-5,$6,$-3,$0,$7,$0,$-14,$-14,$-128,$-138,$67,$0,$67,$0,$0,$-2,$87,$151,$19,$0,$-2
18,2014-03-31,9.01,$8.74,1.03,$4.73,1.9,$4.78,1.88,$0.88,10.29,$1.13B,$1.36B,0.84,$0.27B,$0.16B,1.71,$0.10B,$0.08B,86.46%,$0.10B,$0.02B,23.96%,$0.10B,0,0.00%,$0.10B,0,0.00%,$0.10B,$0.02B,23.96%,$0.10B,$0.02B,18.75%,$0.02B,$0.17B,10.94%,$0.02B,$0.15B,12.77%,$0.02B,$1.81B,1.01%,$0.02B,$0.44B,5.10%,$22,$3,$19,$0,$15,$18,$4,$0,$4,$1,$3,$3,$3,$0,$0,$19,20,$0.17,$0.17,$36,$0,$0,$1133,$47,$544,$24,$59,$673,$1807,$1356,$269,$12,$281,$1637,$0,$124,$1,$170,$1807,$3,$1,$-0,$1,$-2,$0,$-0,$-1,$-3,$2,$-1,$0,$-1,$0,$-7,$-7,$-31,$-41,$-20,$0,$-20,$0,$0,$-1,$64,$43,$4,$0,$-1
19,2013-12-31,10.24,$8.47,1.21,$4.98,2.06,$5.49,1.86,$0.96,10.62,$1.10B,$1.29B,0.85,$0.29B,$0.15B,1.9,$0.10B,$0.09B,86.14%,$0.10B,$0.03B,25.74%,$0.10B,0,0.00%,$0.10B,0,0.00%,$0.10B,$0.03B,25.74%,$0.10B,$0.02B,19.80%,$0.02B,$0.17B,12.31%,$0.02B,$0.14B,14.36%,$0.02B,$1.76B,1.13%,$0.03B,$0.45B,5.88%,$23,$3,$20,$0,$15,$18,$5,$0,$5,$1,$4,$4,$4,$0,$0,$19,20,$0.20,$0.20,$32,$0,$0,$1095,$46,$533,$23,$61,$663,$1758,$1292,$289,$13,$302,$1594,$0,$121,$-2,$165,$1758,$20,$6,$1,$7,$11,$0,$-0,$9,$20,$47,$-6,$0,$0,$0,$-58,$-58,$114,$50,$-89,$0,$-89,$0,$0,$-4,$-3,$-96,$1,$0,$-4
20,2013-09-30,9.36,$8.43,1.11,$5.36,1.74,$4.53,2.07,$1.01,9.23,$1.12B,$1.33B,0.84,$0.28B,$0.15B,1.82,$0.11B,$0.09B,86.79%,$0.11B,$0.03B,26.42%,$0.11B,0,0.00%,$0.11B,0,0.00%,$0.11B,$0.03B,26.42%,$0.11B,$0.02B,19.81%,$0.02B,$0.16B,13.04%,$0.02B,$0.14B,15.25%,$0.02B,$1.78B,1.17%,$0.03B,$0.44B,6.04%,$24,$3,$21,$0,$14,$18,$6,$0,$6,$2,$5,$5,$5,$0,$0,$19,20,$0.24,$0.23,$41,$0,$0,$1116,$43,$538,$23,$60,$665,$1781,$1329,$275,$14,$289,$1618,$0,$118,$1,$163,$1781,$16,$5,$2,$7,$9,$0,$-0,$8,$17,$40,$-3,$0,$0,$0,$-59,$-59,$104,$42,$-103,$0,$-103,$0,$0,$-3,$34,$-72,$10,$0,$-3
21,2013-06-30,8.14,$8.19,0.99,$5.51,1.48,$3.36,2.42,$0.94,8.64,$1.15B,$1.30B,0.89,$0.32B,$0.15B,2.14,$0.11B,$0.09B,87.04%,$0.11B,$0.03B,26.85%,$0.11B,0,0.00%,$0.11B,0,0.00%,$0.11B,$0.03B,26.85%,$0.11B,$0.02B,19.44%,$0.02B,$0.16B,13.19%,$0.02B,$0.14B,15.47%,$0.02B,$1.79B,1.16%,$0.03B,$0.48B,5.99%,$27,$3,$23,$0,$16,$19,$8,$0,$8,$2,$6,$6,$6,$0,$0,$19,20,$0.29,$0.28,$32,$0,$0,$1153,$43,$507,$23,$60,$633,$1786,$1298,$315,$12,$328,$1626,$0,$114,$1,$160,$1786,$11,$3,$2,$5,$-1,$0,$0,$6,$5,$21,$-2,$0,$0,$0,$-26,$-26,$70,$41,$-63,$0,$-63,$0,$0,$-2,$3,$-62,$1,$0,$-2
22,2013-03-31,7.98,$8.30,0.96,$5.51,1.45,$3.02,2.65,$0.94,8.47,$1.11B,$1.32B,0.85,$0.24B,$0.15B,1.61,$0.10B,$0.09B,87.50%,$0.10B,$0.03B,26.92%,$0.10B,0,0.00%,$0.10B,0,0.00%,$0.10B,$0.03B,26.92%,$0.10B,$0.02B,19.23%,$0.02B,$0.16B,13.16%,$0.02B,$0.14B,15.12%,$0.02B,$1.73B,1.14%,$0.03B,$0.40B,5.71%,$27,$3,$23,$0,$16,$19,$7,$0,$7,$2,$5,$5,$5,$0,$0,$19,20,$0.27,$0.26,$27,$0,$0,$1114,$42,$495,$24,$59,$620,$1734,$1316,$241,$15,$256,$1572,$0,$110,$8,$162,$1734,$5,$2,$1,$3,$5,$0,$-0,$2,$7,$16,$-1,$0,$0,$0,$-2,$-2,$100,$98,$-137,$0,$-137,$0,$0,$-1,$21,$-117,$-4,$0,$-1
23,2012-12-31,7.76,$8.20,0.95,$5.47,1.42,$2.62,2.96,$0.95,8.21,$1.23B,$1.30B,0.95,$0.38B,$0.15B,2.58,$0.10B,$0.09B,86.87%,$0.10B,$0.03B,28.28%,$0.10B,0,0.00%,$0.10B,0,0.00%,$0.10B,$0.03B,28.28%,$0.10B,$0.02B,19.19%,$0.02B,$0.16B,13.29%,$0.02B,$0.14B,14.96%,$0.02B,$1.85B,1.12%,$0.03B,$0.54B,5.53%,$28,$3,$25,$0,$18,$21,$7,$0,$7,$2,$5,$5,$5,$0,$0,$18,19,$0.26,$0.24,$31,$0,$0,$1225,$42,$496,$24,$61,$624,$1848,$1295,$378,$16,$395,$1689,$0,$105,$9,$159,$1848,$20,$6,$4,$10,$-0,$0,$-0,$-3,$-3,$26,$-7,$0,$26,$0,$18,$18,$-98,$-60,$-25,$0,$-25,$0,$0,$-4,$73,$44,$10,$0,$-3
24,2012-09-30,7.49,$5.36,1.4,$5.26,1.42,$2.75,2.72,$0.90,8.34,$1.20B,$1.31B,0.92,$0.37B,$0.14B,2.55,$0.09B,$0.08B,86.02%,$0.09B,$0.03B,27.96%,$0.09B,0,0.00%,$0.09B,0,0.00%,$0.09B,$0.03B,27.96%,$0.09B,$0.02B,18.28%,$0.02B,$0.16B,12.73%,$0.02B,$0.13B,13.99%,$0.02B,$1.85B,1.05%,$0.03B,$0.52B,5.17%,$26,$4,$23,$0,$16,$20,$7,$0,$7,$2,$5,$5,$5,$0,$0,$19,20,$0.25,$0.24,$42,$0,$0,$1204,$40,$517,$24,$61,$642,$1847,$1308,$365,$18,$383,$1691,$0,$101,$10,$156,$1847,$14,$4,$2,$7,$-1,$0,$-0,$-3,$-3,$17,$-5,$0,$26,$0,$0,$0,$-64,$-42,$-38,$0,$-38,$0,$0,$-2,$86,$46,$21,$0,$-2
25,2012-06-30,6.85,$7.81,0.88,$4.81,1.43,$2.62,2.62,$0.90,7.65,$1.02B,$1.05B,0.97,$0.37B,$0.12B,3.14,$0.09B,$0.08B,84.44%,$0.09B,$0.02B,26.67%,$0.09B,0,0.00%,$0.09B,0,0.00%,$0.09B,$0.02B,26.67%,$0.09B,$0.02B,16.67%,$0.02B,$0.13B,12.07%,$0.02B,$0.12B,12.93%,$0.02B,$1.56B,0.98%,$0.02B,$0.50B,4.86%,$23,$4,$20,$0,$12,$16,$7,$0,$7,$2,$5,$5,$5,$0,$0,$17,17,$0.29,$0.28,$24,$0,$0,$1018,$36,$454,$8,$47,$545,$1563,$1047,$371,$15,$386,$1433,$1,$97,$9,$131,$1563,$10,$3,$1,$3,$-0,$0,$0,$-1,$-0,$13,$-2,$0,$0,$0,$-3,$-3,$-8,$-14,$-30,$0,$-30,$0,$0,$-2,$36,$4,$3,$0,$-1
26,2012-03-31,4.76,$7.55,0.63,$4.66,1.02,$2.62,1.82,$0.78,6.07,$1.01B,$1.07B,0.94,$0.34B,$0.11B,3.0,$0.09B,$0.07B,82.76%,$0.09B,$0.02B,24.14%,$0.09B,0,0.00%,$0.09B,0,0.00%,$0.09B,$0.02B,24.14%,$0.09B,$0.01B,14.94%,$0.01B,$0.13B,10.66%,$0.01B,$0.12B,11.45%,$0.01B,$1.55B,0.87%,$0.02B,$0.47B,4.52%,$22,$4,$18,$0,$12,$15,$7,$0,$7,$2,$5,$5,$4,$0,$0,$17,17,$0.27,$0.26,$19,$0,$0,$1005,$36,$453,$8,$45,$542,$1547,$1065,$342,$14,$355,$1421,$1,$93,$9,$126,$1547,$5,$1,$1,$2,$-0,$0,$-0,$1,$1,$7,$-2,$0,$0,$0,$-2,$-2,$0,$-4,$-59,$0,$-59,$0,$0,$-1,$55,$-5,$-1,$0,$-1
27,2011-12-31,4.46,$7.27,0.61,$4.53,0.99,$2.48,1.8,$0.67,6.65,$1.01B,$1.01B,1.0,$0.40B,$0.11B,3.68,$0.09B,$0.07B,81.18%,$0.09B,$0.02B,21.18%,$0.09B,0,0.00%,$0.09B,0,0.00%,$0.09B,$0.02B,21.18%,$0.09B,$0.01B,12.94%,$0.01B,$0.12B,9.21%,$0.01B,$0.11B,9.91%,$0.01B,$1.55B,0.75%,$0.02B,$0.52B,4.09%,$22,$4,$19,$0,$14,$18,$5,$0,$5,$1,$4,$4,$3,$0,$0,$17,17,$0.26,$0.25,$20,$0,$0,$1006,$35,$451,$8,$48,$542,$1547,$1010,$401,$14,$415,$1426,$0,$89,$8,$121,$1547,$13,$5,$4,$9,$-0,$0,$-0,$1,$1,$22,$-2,$0,$0,$0,$-33,$-33,$-106,$-142,$103,$0,$103,$0,$0,$-3,$24,$125,$5,$0,$-2
28,2011-09-30,4.52,$7.08,0.64,$4.55,0.99,$2.64,1.71,$0.62,7.33,$0.94B,$0.99B,0.95,$0.37B,$0.11B,3.45,$0.09B,$0.07B,79.07%,$0.09B,$0.02B,19.77%,$0.09B,0,0.00%,$0.09B,0,0.00%,$0.09B,$0.02B,19.77%,$0.09B,$0.01B,12.79%,$0.01B,$0.12B,9.38%,$0.01B,$0.11B,10.11%,$0.01B,$1.49B,0.77%,$0.02B,$0.49B,4.14%,$23,$4,$19,$0,$14,$18,$5,$0,$5,$1,$3,$3,$3,$0,$0,$25,26,$0.11,$0.11,$18,$0,$0,$944,$34,$454,$8,$50,$547,$1491,$990,$367,$15,$382,$1372,$1,$87,$8,$119,$1491,$9,$3,$2,$6,$-0,$0,$-0,$0,$-0,$15,$-2,$0,$0,$0,$-36,$-36,$-46,$-83,$69,$0,$69,$0,$0,$-2,$4,$71,$3,$0,$-2
29,2011-06-30,4.55,$7.21,0.63,$5.07,0.9,$3.34,1.36,$0.63,7.21,$0.85B,$1.02B,0.84,$0.26B,$0.10B,2.53,$0.09B,$0.07B,77.01%,$0.09B,$0.02B,18.39%,$0.09B,0,0.00%,$0.09B,0,0.00%,$0.09B,$0.02B,18.39%,$0.09B,$0.01B,12.64%,$0.01B,$0.12B,9.36%,$0.01B,$0.11B,10.09%,$0.01B,$1.41B,0.77%,$0.02B,$0.38B,3.94%,$20,$4,$16,$0,$12,$16,$4,$0,$4,$1,$3,$3,$3,$0,$0,$17,17,$0.17,$0.17,$21,$0,$0,$853,$33,$473,$8,$47,$561,$1414,$1021,$261,$10,$271,$1292,$1,$84,$7,$122,$1414,$6,$2,$2,$4,$-0,$0,$-0,$1,$0,$10,$-0,$0,$0,$0,$-61,$-61,$52,$-8,$-31,$0,$-31,$0,$0,$-2,$35,$3,$5,$0,$-1
30,2011-03-31,4.59,$6.88,0.67,$5.17,0.89,$3.30,1.39,$0.60,7.71,$0.83B,$1.00B,0.83,$0.26B,$0.10B,2.61,$0.09B,$0.07B,75.28%,$0.09B,$0.02B,16.85%,$0.09B,0,0.00%,$0.09B,0,0.00%,$0.09B,$0.02B,16.85%,$0.09B,$0.01B,11.24%,$0.01B,$0.12B,8.60%,$0.01B,$0.11B,9.28%,$0.01B,$1.38B,0.70%,$0.02B,$0.37B,3.59%,$20,$4,$15,$0,$12,$16,$4,$0,$4,$1,$3,$3,$2,$0,$0,$17,17,$0.15,$0.15,$31,$0,$0,$833,$35,$460,$9,$46,$549,$1382,$1002,$255,$9,$264,$1266,$1,$82,$4,$116,$1382,$3,$1,$1,$2,$-0,$0,$0,$0,$-0,$4,$-1,$0,$0,$0,$-52,$-52,$86,$33,$-36,$0,$-36,$0,$0,$-1,$16,$-21,$16,$0,$-1
31,2010-12-31,4.45,$6.72,0.66,$5.25,0.85,$3.12,1.43,$0.54,8.3,$0.91B,$0.99B,0.92,$0.29B,$0.09B,3.1,$0.09B,$0.07B,74.44%,$0.09B,$0.01B,14.44%,$0.09B,0,0.00%,$0.09B,0,0.00%,$0.09B,$0.01B,14.44%,$0.09B,$0.01B,10.00%,$0.01B,$0.11B,7.74%,$0.01B,$0.10B,8.33%,$0.01B,$1.40B,0.64%,$0.01B,$0.40B,3.03%,$23,$5,$18,$0,$14,$19,$4,$0,$4,$1,$3,$3,$3,$0,$0,$17,17,$0.15,$0.15,$16,$0,$0,$905,$34,$406,$9,$48,$496,$1401,$986,$291,$11,$302,$1289,$1,$80,$2,$112,$1401,$10,$4,$11,$16,$-2,$0,$-0,$1,$-1,$25,$-2,$0,$3,$0,$-12,$-12,$39,$28,$-38,$0,$-38,$0,$0,$-3,$-64,$-106,$-53,$0,$-2
32,2010-09-30,3.7,$7.19,0.51,$5.24,0.71,$2.43,1.52,$0.49,7.49,$0.98B,$1.00B,0.98,$0.35B,$0.10B,3.65,$0.09B,$0.07B,73.03%,$0.09B,$0.01B,12.36%,$0.09B,0,0.00%,$0.09B,0,0.00%,$0.09B,$0.01B,12.36%,$0.09B,$0.01B,8.99%,$0.01B,$0.12B,6.84%,$0.01B,$0.11B,7.36%,$0.01B,$1.49B,0.57%,$0.01B,$0.47B,2.53%,$24,$5,$18,$0,$14,$19,$4,$0,$4,$1,$3,$3,$3,$0,$0,$17,17,$0.18,$0.17,$18,$0,$0,$982,$34,$412,$9,$48,$503,$1485,$1000,$349,$16,$365,$1365,$1,$78,$6,$120,$1485,$8,$3,$8,$11,$-2,$0,$-0,$6,$4,$23,$-2,$0,$3,$0,$-10,$-10,$-37,$-46,$26,$0,$26,$0,$0,$-3,$-50,$-27,$-51,$0,$-2
33,2010-06-30,3.52,$6.97,0.5,$5.17,0.68,$1.97,1.78,$0.44,7.98,$0.95B,$1.02B,0.93,$0.31B,$0.09B,3.39,$0.09B,$0.06B,71.26%,$0.09B,$0.01B,11.49%,$0.09B,0,0.00%,$0.09B,0,0.00%,$0.09B,$0.01B,11.49%,$0.09B,$0.01B,8.05%,$0.01B,$0.12B,6.06%,$0.01B,$0.11B,6.50%,$0.01B,$1.46B,0.51%,$0.01B,$0.43B,2.32%,$22,$5,$16,$0,$13,$19,$3,$0,$3,$1,$3,$3,$2,$0,$0,$17,17,$0.13,$0.13,$25,$0,$0,$951,$34,$425,$9,$45,$513,$1464,$1024,$313,$11,$324,$1348,$1,$76,$5,$117,$1464,$4,$2,$6,$8,$-1,$0,$-0,$-0,$-1,$11,$-2,$0,$3,$0,$-26,$-26,$8,$-16,$-11,$0,$-11,$0,$0,$-2,$-27,$-39,$-43,$0,$-1
34,2010-03-31,3.13,$6.93,0.45,$5.30,0.59,$1.73,1.81,$0.41,7.55,$0.83B,$0.88B,0.95,$0.30B,$0.09B,3.3,$0.09B,$0.06B,70.45%,$0.09B,$0.01B,11.36%,$0.09B,0,0.00%,$0.09B,0,0.00%,$0.09B,$0.01B,11.36%,$0.09B,$0.01B,7.95%,$0.01B,$0.12B,6.19%,$0.01B,$0.11B,6.62%,$0.01B,$1.30B,0.52%,$0.01B,$0.42B,2.24%,$21,$6,$15,$0,$13,$18,$2,$0,$2,$0,$2,$2,$1,$0,$0,$17,17,$0.09,$0.09,$26,$0,$0,$834,$31,$382,$7,$48,$468,$1302,$875,$301,$10,$311,$1186,$1,$74,$6,$116,$1302,$2,$1,$3,$4,$-0,$0,$-0,$-4,$-5,$1,$-1,$0,$0,$0,$-24,$-24,$70,$46,$-11,$0,$-11,$0,$0,$-1,$-78,$-90,$-43,$0,$-0
35,2009-12-31,2.63,$6.91,0.38,$5.47,0.48,$1.81,1.46,$0.47,5.65,$0.95B,$0.95B,1.0,$0.31B,$0.09B,3.45,$0.09B,$0.06B,70.00%,$0.09B,$0.01B,12.22%,$0.09B,0,0.00%,$0.09B,0,0.00%,$0.09B,$0.01B,12.22%,$0.09B,$0.01B,8.89%,$0.01B,$0.12B,7.24%,$0.01B,$0.11B,7.75%,$0.01B,$1.39B,0.58%,$0.01B,$0.43B,2.42%,$22,$6,$16,$0,$13,$20,$2,$0,$2,$0,$2,$2,$2,$0,$0,$16,17,$0.11,$0.11,$69,$0,$0,$951,$31,$358,$7,$41,$436,$1387,$953,$312,$8,$320,$1272,$1,$73,$6,$115,$1387,$9,$3,$12,$15,$-3,$0,$-1,$-6,$-10,$15,$-4,$0,$0,$0,$-35,$-35,$-12,$-52,$-40,$0,$-40,$0,$0,$-3,$111,$67,$30,$0,$-2
36,2009-09-30,2.75,$6.87,0.4,$5.39,0.51,$2.01,1.36,$0.49,5.63,$0.89B,$0.86B,1.04,$0.34B,$0.09B,3.79,$0.09B,$0.06B,68.18%,$0.09B,$0.01B,13.64%,$0.09B,0,0.00%,$0.09B,0,0.00%,$0.09B,$0.01B,13.64%,$0.09B,$0.01B,9.09%,$0.01B,$0.11B,7.44%,$0.01B,$0.11B,7.96%,$0.01B,$1.32B,0.59%,$0.01B,$0.45B,2.59%,$22,$7,$15,$0,$12,$19,$3,$0,$3,$1,$2,$2,$2,$0,$0,$16,17,$0.12,$0.12,$15,$0,$0,$889,$30,$362,$7,$33,$432,$1321,$859,$340,$8,$348,$1207,$1,$72,$6,$114,$1321,$7,$2,$9,$11,$-3,$0,$-1,$1,$-3,$16,$-3,$0,$0,$0,$-38,$-38,$-0,$-41,$-12,$0,$-12,$0,$0,$-2,$17,$2,$-23,$0,$-1
37,2009-06-30,2.58,$6.48,0.4,$5.31,0.49,$2.06,1.26,$0.45,5.76,$0.93B,$0.85B,1.09,$0.38B,$0.08B,4.55,$0.09B,$0.06B,66.67%,$0.09B,$0.01B,11.49%,$0.09B,0,0.00%,$0.09B,0,0.00%,$0.09B,$0.01B,11.49%,$0.09B,$0.01B,8.05%,$0.01B,$0.11B,7.16%,$0.01B,$0.10B,7.73%,$0.01B,$1.34B,0.53%,$0.01B,$0.49B,2.19%,$23,$8,$16,$0,$13,$21,$3,$0,$3,$0,$2,$2,$2,$0,$0,$16,17,$0.11,$0.10,$27,$0,$0,$926,$30,$345,$7,$32,$418,$1343,$850,$377,$9,$386,$1236,$1,$71,$1,$107,$1343,$5,$1,$6,$8,$-6,$0,$-0,$2,$-5,$8,$-3,$0,$0,$0,$-29,$-29,$-19,$-50,$25,$0,$25,$0,$0,$-2,$7,$30,$-12,$0,$-1
38,2009-03-31,1.72,$6.46,0.27,$5.19,0.33,$2.07,0.83,$0.53,3.26,$1.03B,$0.98B,1.05,$0.35B,$0.08B,4.24,$0.09B,$0.06B,64.71%,$0.09B,$0.01B,12.94%,$0.09B,0,0.00%,$0.09B,0,0.00%,$0.09B,$0.01B,12.94%,$0.09B,$0.01B,9.41%,$0.01B,$0.11B,8.94%,$0.01B,$0.10B,9.76%,$0.01B,$1.44B,0.62%,$0.01B,$0.46B,2.53%,$23,$7,$16,$0,$13,$20,$3,$0,$3,$1,$3,$3,$2,$0,$0,$16,16,$0.14,$0.14,$95,$0,$0,$1032,$30,$340,$7,$33,$411,$1443,$979,$349,$8,$357,$1336,$1,$70,$2,$106,$1443,$3,$1,$4,$4,$-3,$0,$-0,$-0,$-4,$3,$-2,$0,$0,$0,$-22,$-22,$-55,$-79,$-3,$0,$-3,$0,$0,$-1,$136,$132,$57,$0,$-1
39,2008-12-31,1.94,$6.27,0.31,$5.12,0.38,$2.26,0.86,$0.54,3.57,$0.92B,$0.84B,1.09,$0.35B,$0.08B,4.45,$0.08B,$0.05B,60.71%,$0.08B,$0.01B,13.10%,$0.08B,0,0.00%,$0.08B,0,0.00%,$0.08B,$0.01B,13.10%,$0.08B,$0.01B,10.71%,$0.01B,$0.10B,11.01%,$0.01B,$0.10B,12.16%,$0.01B,$1.31B,0.73%,$0.01B,$0.46B,2.68%,$20,$7,$13,$0,$10,$18,$3,$0,$3,$1,$2,$2,$2,$0,$0,$16,16,$0.13,$0.13,$39,$0,$0,$921,$28,$316,$8,$34,$386,$1307,$843,$352,$8,$360,$1204,$1,$68,$1,$103,$1307,$9,$2,$7,$9,$2,$0,$-1,$-0,$1,$19,$-5,$0,$0,$0,$-67,$-67,$0,$-72,$66,$0,$66,$0,$25,$-2,$-52,$36,$-17,$0,$0
40,2008-09-30,3.4,$4.56,0.75,$5.26,0.65,$2.37,1.44,$0.54,6.31,$0.88B,$0.75B,1.17,$0.36B,$0.08B,4.75,$0.09B,$0.05B,57.47%,$0.09B,$0.01B,12.64%,$0.09B,0,0.00%,$0.09B,0,0.00%,$0.09B,$0.01B,12.64%,$0.09B,$0.01B,10.34%,$0.01B,$0.08B,12.20%,$0.01B,$0.07B,13.69%,$0.01B,$1.19B,0.74%,$0.01B,$0.43B,2.86%,$21,$8,$13,$0,$11,$19,$1,$0,$1,$0,$1,$1,$1,$0,$0,$16,16,$0.08,$0.08,$22,$0,$0,$879,$26,$243,$8,$29,$309,$1189,$751,$356,$6,$362,$1114,$1,$66,$-1,$75,$1189,$7,$2,$5,$7,$4,$0,$-0,$-1,$3,$16,$-3,$0,$0,$-1,$2,$1,$27,$25,$70,$0,$70,$0,$0,$-2,$-144,$-76,$-35,$0,$-2
41,2008-06-30,2.64,$4.47,0.59,$5.37,0.49,$1.90,1.39,$0.60,4.42,$0.87B,$0.79B,1.09,$0.32B,$0.07B,4.36,$0.09B,$0.05B,54.55%,$0.09B,$0.01B,14.77%,$0.09B,0,0.00%,$0.09B,0,0.00%,$0.09B,$0.01B,14.77%,$0.09B,$0.01B,11.36%,$0.01B,$0.07B,13.89%,$0.01B,$0.07B,15.63%,$0.01B,$1.19B,0.82%,$0.01B,$0.40B,3.66%,$21,$8,$13,$0,$10,$18,$4,$0,$4,$1,$3,$3,$3,$0,$0,$16,16,$0.18,$0.18,$20,$0,$0,$865,$26,$265,$8,$28,$330,$1194,$794,$321,$5,$327,$1121,$1,$65,$-2,$74,$1194,$6,$1,$2,$3,$-2,$0,$-0,$1,$-1,$7,$-2,$0,$0,$-1,$-21,$-22,$48,$24,$35,$0,$35,$0,$0,$-1,$-101,$-68,$-36,$0,$-1
42,2008-03-31,3.42,$4.54,0.75,$5.39,0.63,$1.72,1.99,$0.54,6.36,$0.94B,$0.89B,1.06,$0.28B,$0.08B,3.8,$0.09B,$0.05B,51.69%,$0.09B,$0.01B,13.48%,$0.09B,0,0.00%,$0.09B,0,0.00%,$0.09B,$0.01B,13.48%,$0.09B,$0.01B,10.11%,$0.01B,$0.08B,13.00%,$0.01B,$0.07B,14.69%,$0.01B,$1.25B,0.74%,$0.01B,$0.36B,3.68%,$22,$10,$12,$0,$9,$19,$3,$0,$3,$1,$3,$3,$3,$0,$0,$16,16,$0.16,$0.15,$84,$0,$0,$936,$25,$252,$8,$29,$313,$1250,$886,$284,$6,$289,$1175,$1,$63,$2,$75,$1250,$3,$1,$3,$3,$1,$0,$0,$-2,$-0,$6,$-1,$0,$0,$-3,$-1,$-4,$40,$35,$-3,$0,$-3,$0,$0,$-0,$-11,$-14,$26,$0,$-0
43,2007-12-31,3.8,$4.29,0.89,$5.32,0.71,$1.41,2.7,$0.50,7.67,$0.95B,$0.90B,1.06,$0.29B,$0.07B,4.06,$0.09B,$0.05B,51.14%,$0.09B,$0.01B,12.50%,$0.09B,0,0.00%,$0.09B,0,0.00%,$0.09B,$0.01B,12.50%,$0.09B,$0.01B,9.09%,$0.01B,$0.07B,12.03%,$0.01B,$0.06B,13.68%,$0.01B,$1.26B,0.67%,$0.01B,$0.36B,3.67%,$23,$11,$12,$0,$9,$20,$3,$0,$3,$1,$2,$2,$2,$0,$0,$16,16,$0.12,$0.12,$55,$0,$0,$949,$25,$247,$8,$28,$310,$1259,$896,$287,$5,$292,$1188,$1,$61,$0,$71,$1259,$8,$2,$3,$5,$5,$0,$1,$-0,$5,$19,$-3,$0,$0,$1,$10,$11,$-55,$-47,$47,$0,$47,$0,$0,$-2,$-20,$25,$-4,$0,$-2
44,2007-09-30,3.86,$4.11,0.94,$5.26,0.73,$0.15,24.98,$0.51,7.57,$0.89B,$0.88B,1.01,$0.24B,$0.07B,3.6,$0.09B,$0.04B,51.16%,$0.09B,$0.01B,12.79%,$0.09B,0,0.00%,$0.09B,0,0.00%,$0.09B,$0.01B,12.79%,$0.09B,$0.01B,9.30%,$0.01B,$0.07B,12.45%,$0.01B,$0.06B,14.22%,$0.01B,$1.19B,0.67%,$0.01B,$0.31B,3.85%,$22,$11,$11,$0,$8,$19,$3,$0,$3,$1,$2,$2,$2,$0,$0,$16,16,$0.14,$0.14,$20,$0,$0,$889,$24,$243,$8,$30,$306,$1194,$877,$244,$6,$250,$1127,$1,$59,$-1,$68,$1194,$6,$2,$1,$2,$-5,$0,$1,$1,$-3,$5,$0,$0,$0,$1,$2,$3,$-11,$-7,$82,$0,$82,$0,$0,$-1,$-118,$-37,$-39,$0,$-1
45,2007-06-30,3.98,$3.84,1.04,$5.17,0.77,$-0.13,0.0,$0.49,8.08,$0.89B,$0.91B,0.98,$0.21B,$0.06B,3.38,$0.09B,$0.04B,51.76%,$0.09B,$0.01B,12.94%,$0.09B,0,0.00%,$0.09B,0,0.00%,$0.09B,$0.01B,12.94%,$0.09B,$0.01B,9.41%,$0.01B,$0.06B,12.90%,$0.01B,$0.06B,14.81%,$0.01B,$1.19B,0.68%,$0.01B,$0.28B,4.20%,$22,$11,$11,$0,$8,$19,$3,$0,$3,$1,$2,$2,$2,$0,$0,$16,16,$0.12,$0.12,$29,$0,$0,$892,$24,$237,$8,$31,$300,$1192,$909,$214,$6,$220,$1129,$1,$58,$-4,$63,$1192,$4,$1,$0,$1,$-3,$0,$0,$2,$-1,$4,$-1,$0,$0,$-4,$15,$11,$-14,$-4,$60,$0,$60,$0,$0,$-1,$-93,$-32,$-34,$0,$-1
46,2007-03-31,3.95,$3.93,1.0,$5.03,0.78,$-0.23,0.0,$0.48,8.19,$0.84B,$0.89B,0.94,$0.19B,$0.06B,2.93,$0.08B,$0.04B,52.44%,$0.08B,$0.01B,13.41%,$0.08B,0,0.00%,$0.08B,0,0.00%,$0.08B,$0.01B,13.41%,$0.08B,$0.01B,9.76%,$0.01B,$0.06B,13.33%,$0.01B,$0.06B,15.46%,$0.01B,$1.15B,0.69%,$0.01B,$0.25B,4.48%,$21,$10,$11,$0,$8,$18,$2,$0,$2,$1,$2,$2,$2,$0,$0,$16,16,$0.12,$0.11,$22,$0,$0,$844,$24,$247,$8,$30,$308,$1152,$894,$189,$5,$194,$1087,$1,$56,$-1,$64,$1152,$2,$1,$-0,$0,$-3,$0,$-0,$1,$-2,$0,$-1,$0,$0,$-0,$9,$9,$27,$35,$11,$0,$11,$0,$0,$-0,$-84,$-74,$-38,$0,$-0
47,2006-12-31,3.98,$3.77,1.05,$4.85,0.82,$-0.14,0.0,$0.46,8.69,$0.91B,$0.92B,1.0,$0.24B,$0.06B,3.88,$0.08B,$0.04B,53.16%,$0.08B,$0.01B,13.92%,$0.08B,0,0.00%,$0.08B,0,0.00%,$0.08B,$0.01B,13.92%,$0.08B,$0.01B,8.86%,$0.01B,$0.06B,12.12%,$0.01B,$0.05B,14.14%,$0.01B,$1.22B,0.61%,$0.01B,$0.30B,4.68%,$21,$11,$11,$0,$8,$18,$3,$0,$3,$1,$2,$2,$2,$0,$0,$16,16,$0.14,$0.14,$60,$0,$0,$914,$23,$255,$8,$22,$308,$1222,$916,$240,$5,$245,$1161,$1,$54,$-2,$62,$1222,$7,$3,$1,$3,$-11,$0,$0,$-1,$-12,$-1,$-4,$1,$0,$15,$34,$48,$-112,$-66,$12,$16,$29,$1,$1,$-2,$59,$86,$20,$0,$-2
