,Date,Stock Price,Book Value per Share,Price to Book Ratio,TTM Sales per Share,Price to Sales Ratio,TTM FCF per Share,Price to FCF Ratio,TTM Net EPS,PE Ratio,Current Assets,Current Liabilities,Current Ratio,Long Term Debt,Shareholder's Equity_x,Debt to Equity Ratio,TTM Revenue_x,TTM Gross Profit,Gross Margin,TTM Revenue_y,TTM Operating Income,Operating Margin,TTM Revenue_x,TTM EBIT,EBIT Margin,TTM Revenue_y,TTM EBITDA,EBITDA Margin,TTM Revenue_x,TTM Pre-Tax Income,Pre-Tax Margin,TTM Revenue_y,TTM Net Income_x,Net Margin,TTM Net Income_y,Shareholder's Equity_y,Return on Equity,TTM Net Income_x,Tangible Equity,Return on Tangible Equity,TTM Net Income_y,Total Assets,Return on Assets,TTM Net Income,LT Investments & Debt,Return on Investment,revenue,cost-goods-sold,gross-profit,research-development-expenses,selling-general-administrative-expenses,operating-expenses,operating-income,total-non-operating-income-expense,pre-tax-income,total-provision-income-taxes,income-after-taxes,income-from-continuous-operations,net-income,ebitda,ebit,basic-shares-outstanding,shares-outstanding,eps-basic-net-earnings-per-share,eps-earnings-per-share-diluted,cash-on-hand,inventory,other-current-assets,total-current-assets,net-property-plant-equipment,long-term-investments,goodwill-intangible-assets-total,other-long-term-assets,total-long-term-assets,total-assets,total-current-liabilities,long-term-debt,other-non-current-liabilities,total-long-term-liabilities,total-liabilities,common-stock-net,retained-earnings-accumulated-deficit,comprehensive-income,total-share-holder-equity,total-liabilities-share-holders-equity,net-income-loss,total-depreciation-amortization-cash-flow,other-non-cash-items,total-non-cash-items,change-in-accounts-receivable,change-in-inventories,change-in-accounts-payable,change-in-assets-liabilities,total-change-in-assets-liabilities,cash-flow-from-operating-activities,net-change-in-property-plant-equipment,net-change-in-intangible-assets,net-acquisitions-divestitures,net-change-in-short-term-investments,net-change-in-long-term-investments,net-change-in-investments-total,investing-activities-other,cash-flow-from-investing-activities,net-long-term-debt,net-current-debt,debt-issuance-retirement-net-total,net-common-equity-issued-repurchased,net-total-equity-issued-repurchased,total-common-preferred-stock-dividends-paid,financial-activities-other,cash-flow-from-financial-activities,net-cash-flow,stock-based-compensation,common-stock-dividends-paid
0,2018-09-30,4.22,$2.64,1.6,$32.79,0.13,$-8.89,0.0,$-0.35,0.0,$0.27B,$0.09B,3.1,$0.17B,$0.07B,2.43,$0.82B,$0.17B,20.19%,$0.82B,$-0.00B,-0.12%,$0.82B,$-0.00B,-0.12%,$0.82B,$0.01B,0.61%,$0.82B,$-0.01B,-0.85%,$0.82B,$-0.01B,-1.22%,$-0.01B,$0.07B,-14.87%,$-0.01B,$0.06B,-17.32%,$-0.01B,$0.32B,-3.29%,$-0.00B,$0.24B,-0.46%,$222,$177,$45,$0,$0,$219,$4,$-2,$2,$1,$1,$1,$1,$5,$4,$25,25,$0.05,$0.05,$2,$154,$13,$265,$33,$0,$10,$6,$59,$323,$86,$167,$2,$169,$255,$0,$23,$0,$69,$323,$1,$4,$1,$5,$-30,$-42,$14,$-5,$-63,$-57,$-6,$0,$0,$0,$0,$0,$0,$-6,$65,$0,$65,$-0,$-0,$0,$0,$64,$1,$2,$0
1,2018-06-30,4.75,$2.57,1.85,$31.97,0.15,$-8.15,0.0,$-0.35,0.0,$0.28B,$0.09B,3.08,$0.18B,$0.07B,2.66,$0.80B,$0.16B,20.25%,$0.80B,$-0.00B,-0.25%,$0.80B,$-0.00B,-0.25%,$0.80B,$0.00B,0.50%,$0.80B,$-0.01B,-0.88%,$0.80B,$-0.01B,-1.25%,$-0.01B,$0.07B,-14.49%,$-0.01B,$0.06B,-16.81%,$-0.01B,$0.34B,-3.45%,$-0.00B,$0.25B,-1.00%,$223,$178,$45,$0,$0,$221,$2,$-2,$0,$0,$0,$0,$0,$3,$2,$25,25,$0.01,$0.01,$2,$147,$12,$280,$32,$0,$10,$6,$59,$338,$91,$178,$2,$180,$271,$0,$22,$0,$67,$338,$-0,$3,$-0,$2,$-52,$-36,$17,$-3,$-72,$-70,$-4,$0,$0,$0,$0,$0,$0,$-4,$76,$0,$76,$-0,$-0,$0,$0,$75,$1,$1,$0
2,2018-03-31,5.23,$2.54,2.06,$31.08,0.17,$-7.05,0.0,$-0.27,0.0,$0.25B,$0.10B,2.63,$0.15B,$0.07B,2.2,$0.78B,$0.16B,20.49%,$0.78B,0,0.00%,$0.78B,0,0.00%,$0.78B,$0.01B,0.77%,$0.78B,$-0.00B,-0.52%,$0.78B,$-0.01B,-1.03%,$-0.01B,$0.07B,-11.31%,$-0.01B,$0.06B,-13.11%,$-0.01B,$0.31B,-2.94%,$0.00B,$0.21B,0.00%,$198,$159,$39,$0,$0,$199,$-1,$-1,$-2,$-1,$-1,$-1,$-1,$1,$-1,$25,25,$-0.02,$-0.02,$1,$139,$11,$252,$31,$0,$10,$6,$57,$310,$96,$145,$2,$148,$244,$0,$22,$0,$66,$310,$-1,$1,$-1,$1,$-34,$-28,$30,$-8,$-40,$-40,$-2,$0,$0,$0,$0,$0,$0,$-2,$43,$0,$43,$-0,$-0,$0,$0,$43,$1,$1,$0
3,2017-12-31,6.65,$2.57,2.58,$30.31,0.22,$-6.28,0.0,$-0.29,0.0,$0.19B,$0.08B,2.54,$0.10B,$0.07B,1.53,$0.75B,$0.16B,20.69%,$0.75B,$-0.00B,-0.13%,$0.75B,$-0.00B,-0.13%,$0.75B,$0.01B,0.66%,$0.75B,$-0.00B,-0.53%,$0.75B,$-0.01B,-1.06%,$-0.01B,$0.07B,-11.11%,$-0.01B,$0.06B,-12.85%,$-0.01B,$0.25B,-3.14%,$-0.00B,$0.17B,-0.59%,$179,$142,$37,$0,$0,$185,$-6,$-1,$-7,$2,$-9,$-9,$-10,$-4,$-6,$25,25,$-0.39,$-0.39,$0,$112,$11,$190,$30,$0,$10,$7,$56,$246,$75,$102,$3,$104,$179,$0,$22,$0,$67,$246,$-7,$5,$1,$6,$-8,$-31,$4,$-3,$-37,$-38,$-6,$0,$0,$0,$0,$0,$0,$-6,$45,$0,$45,$-1,$-1,$0,$0,$44,$0,$2,$0
4,2017-09-30,7.06,$2.93,2.41,$29.82,0.24,$-3.98,0.0,$0.09,78.44,$0.21B,$0.09B,2.46,$0.10B,$0.08B,1.35,$0.74B,$0.16B,20.97%,$0.74B,$0.01B,0.95%,$0.74B,$0.01B,0.95%,$0.74B,$0.01B,1.62%,$0.74B,$0.00B,0.54%,$0.74B,$0.00B,0.27%,$0.00B,$0.08B,2.74%,$0.00B,$0.07B,3.16%,$0.00B,$0.27B,0.82%,$0.01B,$0.18B,4.44%,$200,$158,$41,$0,$0,$197,$3,$-1,$2,$1,$1,$1,$1,$4,$3,$25,25,$0.05,$0.05,$1,$108,$12,$209,$30,$0,$10,$7,$58,$267,$85,$102,$3,$106,$191,$0,$32,$0,$76,$267,$3,$4,$-1,$2,$-28,$-27,$20,$-8,$-43,$-38,$-6,$0,$0,$0,$0,$0,$0,$-6,$46,$0,$46,$-1,$-1,$0,$0,$45,$1,$2,$0
5,2017-06-30,7.01,$2.86,2.45,$29.64,0.24,$-2.24,0.0,$0.23,30.48,$0.21B,$0.08B,2.53,$0.10B,$0.07B,1.4,$0.73B,$0.16B,21.17%,$0.73B,$0.01B,1.64%,$0.73B,$0.01B,1.64%,$0.73B,$0.02B,2.32%,$0.73B,$0.01B,1.23%,$0.73B,$0.01B,0.82%,$0.01B,$0.07B,8.39%,$0.01B,$0.06B,9.68%,$0.01B,$0.27B,2.57%,$0.01B,$0.18B,8.14%,$199,$157,$42,$0,$0,$195,$4,$-1,$3,$1,$2,$2,$2,$5,$4,$25,25,$0.09,$0.09,$1,$97,$9,$208,$28,$0,$10,$7,$57,$265,$82,$103,$6,$109,$191,$0,$31,$0,$74,$265,$1,$2,$-0,$2,$-42,$-16,$16,$-4,$-46,$-42,$-4,$0,$0,$0,$0,$0,$0,$-4,$48,$0,$48,$-1,$-1,$0,$0,$47,$1,$1,$0
6,2017-03-31,8.14,$2.75,2.96,$29.74,0.27,$-0.74,0.0,$0.55,14.8,$0.19B,$0.09B,2.19,$0.08B,$0.07B,1.1,$0.73B,$0.16B,21.20%,$0.73B,$0.02B,2.46%,$0.73B,$0.02B,2.46%,$0.73B,$0.02B,3.15%,$0.73B,$0.02B,2.05%,$0.73B,$0.01B,1.92%,$0.01B,$0.07B,20.22%,$0.01B,$0.06B,23.33%,$0.01B,$0.24B,6.24%,$0.02B,$0.15B,13.02%,$176,$140,$36,$0,$0,$177,$-2,$-1,$-2,$-1,$-1,$-1,$-1,$-0,$-2,$25,25,$-0.04,$-0.04,$1,$88,$7,$185,$26,$0,$10,$7,$56,$241,$85,$79,$7,$85,$170,$0,$28,$0,$71,$241,$-1,$1,$-1,$0,$-29,$-7,$21,$-4,$-20,$-20,$-2,$0,$0,$0,$0,$0,$0,$-2,$24,$0,$24,$-1,$-1,$0,$0,$23,$1,$1,$0
7,2016-12-31,6.61,$2.75,2.4,$29.13,0.23,$-0.40,0.0,$0.65,10.17,$0.15B,$0.07B,2.14,$0.06B,$0.07B,0.77,$0.71B,$0.15B,21.15%,$0.71B,$0.02B,3.22%,$0.71B,$0.02B,3.22%,$0.71B,$0.03B,3.78%,$0.71B,$0.02B,2.80%,$0.71B,$0.02B,2.24%,$0.02B,$0.07B,24.62%,$0.02B,$0.06B,28.32%,$0.02B,$0.20B,7.40%,$0.02B,$0.13B,17.62%,$164,$129,$36,$0,$0,$163,$2,$-1,$1,$0,$1,$1,$-0,$3,$2,$25,25,$-0.02,$-0.02,$0,$81,$10,$150,$25,$0,$10,$8,$52,$202,$70,$55,$7,$62,$132,$0,$27,$0,$71,$202,$16,$4,$11,$15,$-2,$-15,$3,$-1,$-14,$17,$-4,$0,$-17,$0,$0,$0,$0,$-21,$5,$0,$5,$-0,$-0,$0,$0,$4,$0,$2,$0
8,2016-09-30,5.78,$2.76,2.09,$28.87,0.2,$-0.23,0.0,$0.68,8.5,$0.17B,$0.08B,2.11,$0.07B,$0.07B,0.97,$0.71B,$0.15B,20.85%,$0.71B,$0.02B,3.26%,$0.71B,$0.02B,3.26%,$0.71B,$0.03B,3.69%,$0.71B,$0.02B,2.84%,$0.71B,$0.02B,2.27%,$0.02B,$0.07B,26.45%,$0.02B,$0.06B,30.19%,$0.02B,$0.23B,7.62%,$0.02B,$0.14B,18.51%,$193,$151,$41,$0,$0,$185,$8,$-1,$7,$3,$5,$5,$5,$9,$8,$25,25,$0.19,$0.19,$1,$84,$7,$171,$23,$0,$10,$15,$56,$227,$81,$68,$7,$75,$157,$0,$28,$0,$70,$227,$17,$3,$10,$13,$-21,$-18,$13,$-1,$-27,$2,$-3,$0,$-17,$0,$0,$0,$0,$-20,$19,$0,$19,$-0,$-0,$0,$0,$19,$1,$1,$0
9,2016-06-30,5.25,$2.55,2.06,$28.57,0.18,$-0.24,0.0,$1.31,4.01,$0.17B,$0.08B,2.15,$0.08B,$0.07B,1.16,$0.69B,$0.14B,20.61%,$0.69B,$0.02B,3.03%,$0.69B,$0.02B,3.03%,$0.69B,$0.02B,3.46%,$0.69B,$0.02B,2.74%,$0.69B,$0.03B,4.61%,$0.03B,$0.07B,57.14%,$0.03B,$0.06B,64.97%,$0.03B,$0.23B,15.67%,$0.02B,$0.14B,17.57%,$198,$156,$42,$0,$0,$188,$10,$-1,$9,$4,$6,$6,$10,$11,$10,$25,25,$0.41,$0.41,$1,$78,$8,$170,$22,$0,$10,$8,$57,$227,$79,$75,$8,$83,$162,$0,$23,$0,$65,$227,$12,$2,$8,$10,$-25,$-12,$12,$-4,$-29,$-7,$-1,$0,$-17,$0,$0,$0,$0,$-19,$27,$0,$27,$-0,$-0,$0,$0,$26,$1,$1,$0
10,2016-03-31,3.68,$2.16,1.7,$27.76,0.13,$-0.38,0.0,$1.10,3.35,$0.16B,$0.08B,1.94,$0.06B,$0.05B,1.18,$0.67B,$0.14B,20.42%,$0.67B,$0.02B,2.53%,$0.67B,$0.02B,2.53%,$0.67B,$0.02B,2.98%,$0.67B,$0.02B,2.24%,$0.67B,$0.03B,4.02%,$0.03B,$0.05B,56.84%,$0.03B,$0.05B,65.06%,$0.03B,$0.21B,13.85%,$0.02B,$0.12B,15.21%,$159,$127,$32,$0,$0,$156,$3,$-1,$3,$1,$2,$2,$1,$4,$3,$24,24,$0.06,$0.06,$3,$75,$7,$160,$17,$0,$6,$2,$49,$209,$82,$64,$8,$72,$154,$0,$13,$0,$54,$209,$1,$1,$1,$2,$-19,$-10,$17,$-5,$-16,$-13,$-1,$0,$0,$0,$0,$0,$0,$-1,$16,$0,$16,$-0,$-0,$0,$0,$16,$3,$0,$0
11,2015-12-31,3.8,$2.12,1.79,$27.42,0.14,$-0.39,0.0,$1.04,3.65,$0.13B,$0.07B,1.86,$0.05B,$0.05B,0.9,$0.66B,$0.13B,20.33%,$0.66B,$0.02B,2.28%,$0.66B,$0.02B,2.28%,$0.66B,$0.02B,2.58%,$0.66B,$0.01B,1.82%,$0.66B,$0.03B,3.95%,$0.03B,$0.05B,64.20%,$0.03B,$0.05B,75.91%,$0.03B,$0.18B,13.67%,$0.02B,$0.10B,13.92%,$155,$123,$32,$0,$0,$154,$2,$-1,$1,$0,$1,$1,$0,$2,$2,$24,24,$0.02,$0.02,$0,$64,$7,$128,$17,$0,$6,$2,$49,$177,$69,$47,$8,$56,$125,$0,$11,$0,$53,$177,$26,$3,$-13,$-10,$-8,$2,$4,$3,$1,$17,$-0,$0,$0,$0,$0,$0,$0,$-0,$-16,$0,$-16,$-1,$-1,$0,$0,$-17,$-0,$2,$0
12,2015-09-30,3.12,$2.09,1.49,$27.15,0.11,$-1.01,0.0,$1.00,3.12,$0.15B,$0.08B,2.0,$0.07B,$0.05B,1.29,$0.65B,$0.13B,20.18%,$0.65B,$0.01B,2.00%,$0.65B,$0.01B,2.00%,$0.65B,$0.02B,2.47%,$0.65B,$0.01B,1.69%,$0.65B,$0.03B,3.85%,$0.03B,$0.05B,74.07%,$0.03B,$0.05B,91.74%,$0.03B,$0.20B,13.48%,$0.01B,$0.12B,12.41%,$182,$145,$37,$0,$0,$175,$6,$-1,$6,$-17,$23,$23,$21,$7,$6,$24,24,$0.82,$0.82,$3,$71,$6,$154,$18,$0,$6,$2,$50,$204,$77,$67,$8,$75,$152,$0,$11,$0,$52,$204,$26,$2,$-14,$-12,$-26,$-5,$13,$3,$-15,$-1,$-0,$0,$0,$0,$0,$0,$0,$-0,$4,$0,$4,$-1,$-1,$0,$0,$3,$2,$1,$0
13,2015-06-30,3.14,$1.25,2.52,$27.01,0.12,$-1.47,0.0,$0.31,10.13,$0.16B,$0.08B,2.02,$0.08B,$0.03B,2.5,$0.64B,$0.13B,19.94%,$0.64B,$0.01B,1.71%,$0.64B,$0.01B,1.71%,$0.64B,$0.01B,2.18%,$0.64B,$0.01B,1.40%,$0.64B,$0.01B,1.25%,$0.01B,$0.03B,29.36%,$0.01B,$0.03B,38.55%,$0.01B,$0.19B,4.44%,$0.01B,$0.11B,10.95%,$175,$140,$36,$0,$0,$169,$6,$-1,$5,$0,$5,$5,$5,$7,$6,$24,24,$0.20,$0.20,$3,$76,$7,$158,$17,$0,$6,$2,$33,$190,$78,$78,$4,$81,$159,$0,$-10,$0,$31,$190,$5,$2,$1,$2,$-24,$-10,$14,$-1,$-20,$-13,$2,$0,$0,$0,$0,$0,$0,$2,$14,$0,$14,$-1,$-1,$0,$0,$14,$2,$1,$0
14,2015-03-31,2.85,$1.03,2.77,$26.89,0.11,$-1.93,0.0,$0.24,11.88,$0.16B,$0.08B,1.88,$0.08B,$0.03B,3.0,$0.64B,$0.13B,19.81%,$0.64B,$0.01B,1.42%,$0.64B,$0.01B,1.42%,$0.64B,$0.01B,1.89%,$0.64B,$0.01B,1.10%,$0.64B,$0.01B,0.94%,$0.01B,$0.03B,24.00%,$0.01B,$0.02B,32.43%,$0.01B,$0.19B,3.33%,$0.01B,$0.10B,8.93%,$147,$119,$29,$0,$0,$147,$1,$-1,$0,$0,$0,$0,$0,$1,$1,$24,24,$0.00,$0.00,$1,$82,$7,$157,$16,$0,$6,$2,$33,$190,$83,$77,$4,$81,$164,$0,$-15,$0,$26,$190,$0,$1,$1,$1,$-19,$-14,$21,$-2,$-15,$-13,$-0,$0,$0,$0,$0,$0,$0,$-0,$14,$0,$14,$-1,$-1,$0,$0,$14,$0,$0,$0
15,2014-12-31,3.35,$1.05,3.2,$26.53,0.13,$-1.97,0.0,$0.07,47.86,$0.13B,$0.07B,1.89,$0.06B,$0.03B,2.43,$0.62B,$0.12B,19.87%,$0.62B,$0.01B,1.28%,$0.62B,$0.01B,1.28%,$0.62B,$0.01B,1.92%,$0.62B,$0.01B,0.96%,$0.62B,$0.00B,0.32%,$0.00B,$0.03B,8.70%,$0.00B,$0.02B,11.94%,$0.00B,$0.16B,1.13%,$0.01B,$0.09B,8.08%,$145,$117,$29,$0,$0,$145,$0,$-1,$-0,$0,$-0,$-0,$-1,$1,$0,$24,24,$-0.01,$-0.01,$1,$67,$8,$125,$17,$0,$6,$2,$33,$158,$66,$62,$4,$66,$132,$0,$-15,$0,$26,$158,$2,$3,$5,$8,$-5,$-1,$-1,$0,$-6,$4,$-2,$0,$0,$0,$0,$0,$0,$-2,$-1,$0,$-1,$-1,$-1,$0,$0,$-2,$-0,$1,$0
16,2014-09-30,3.7,$1.05,3.51,$26.26,0.14,$-2.09,0.0,$0.07,52.86,$0.15B,$0.08B,1.95,$0.08B,$0.03B,2.92,$0.61B,$0.12B,19.87%,$0.61B,$0.01B,1.30%,$0.61B,$0.01B,1.30%,$0.61B,$0.01B,1.95%,$0.61B,$0.01B,0.98%,$0.61B,$0.00B,0.49%,$0.00B,$0.03B,13.48%,$0.00B,$0.02B,18.46%,$0.00B,$0.18B,1.71%,$0.01B,$0.10B,8.16%,$175,$141,$34,$0,$0,$170,$4,$-1,$4,$0,$4,$4,$4,$5,$4,$24,24,$0.14,$0.14,$1,$71,$7,$150,$17,$0,$6,$2,$33,$183,$77,$76,$4,$80,$157,$0,$-14,$0,$26,$183,$3,$2,$5,$7,$-27,$-4,$10,$0,$-20,$-10,$-2,$0,$0,$0,$0,$0,$0,$-2,$13,$0,$13,$-1,$-1,$0,$0,$12,$0,$1,$0
17,2014-06-30,4.72,$0.90,5.27,$25.56,0.18,$-1.62,0.0,$0.06,78.67,$0.16B,$0.08B,2.09,$0.09B,$0.02B,4.01,$0.59B,$0.12B,20.10%,$0.59B,$0.01B,1.35%,$0.59B,$0.01B,1.35%,$0.59B,$0.01B,2.03%,$0.59B,$0.01B,0.84%,$0.59B,$0.00B,0.34%,$0.00B,$0.02B,9.30%,$0.00B,$0.02B,12.90%,$0.00B,$0.19B,1.18%,$0.01B,$0.11B,8.53%,$169,$135,$34,$0,$0,$165,$4,$-1,$3,$0,$3,$3,$3,$5,$4,$24,24,$0.13,$0.13,$4,$77,$7,$157,$16,$0,$6,$2,$33,$190,$75,$88,$4,$93,$168,$0,$-18,$0,$22,$190,$-1,$2,$4,$6,$-25,$-11,$11,$-2,$-27,$-22,$-1,$0,$0,$0,$0,$0,$0,$-1,$26,$0,$26,$-1,$-1,$0,$0,$25,$3,$1,$0
18,2014-03-31,4.58,$0.75,6.12,$24.92,0.18,$-1.10,0.0,$0.04,114.5,$0.14B,$0.08B,1.91,$0.08B,$0.02B,4.23,$0.57B,$0.12B,20.10%,$0.57B,$0.01B,1.40%,$0.57B,$0.01B,1.40%,$0.57B,$0.01B,1.92%,$0.57B,$0.01B,0.87%,$0.57B,$0.00B,0.35%,$0.00B,$0.02B,9.52%,$0.00B,$0.01B,13.56%,$0.00B,$0.18B,1.24%,$0.01B,$0.10B,9.04%,$135,$109,$27,$0,$0,$136,$-0,$-1,$-1,$0,$-1,$-1,$-4,$1,$-0,$23,23,$-0.17,$-0.17,$2,$75,$6,$144,$16,$0,$6,$2,$32,$176,$76,$78,$4,$82,$158,$0,$-21,$0,$18,$176,$-4,$1,$4,$4,$-16,$-8,$12,$-2,$-14,$-14,$-0,$0,$0,$0,$0,$0,$0,$-0,$17,$0,$17,$-1,$-1,$0,$0,$16,$2,$0,$0
19,2013-12-31,3.86,$0.94,4.1,$24.62,0.16,$-1.09,0.0,$0.12,32.17,$0.12B,$0.07B,1.79,$0.06B,$0.02B,2.66,$0.56B,$0.11B,19.75%,$0.56B,$0.01B,1.25%,$0.56B,$0.01B,1.25%,$0.56B,$0.01B,1.60%,$0.56B,$0.00B,0.71%,$0.56B,$0.00B,0.71%,$0.00B,$0.02B,19.28%,$0.00B,$0.02B,27.59%,$0.00B,$0.15B,2.53%,$0.01B,$0.08B,8.07%,$135,$107,$27,$0,$0,$135,$0,$-1,$-0,$0,$-0,$-0,$-0,$1,$0,$23,23,$-0.01,$-0.01,$1,$67,$7,$119,$17,$0,$6,$2,$33,$152,$67,$61,$1,$62,$129,$0,$-17,$0,$23,$152,$3,$3,$2,$5,$-2,$-12,$9,$-2,$-7,$1,$-2,$0,$0,$0,$0,$0,$0,$-2,$-0,$0,$-0,$-0,$-0,$0,$0,$-1,$-2,$1,$0
20,2013-09-30,2.46,$0.95,2.59,$24.19,0.1,$-1.17,0.0,$0.01,0.0,$0.13B,$0.08B,1.73,$0.06B,$0.02B,2.69,$0.55B,$0.11B,19.53%,$0.55B,$0.01B,0.90%,$0.55B,$0.01B,0.90%,$0.55B,$0.01B,1.45%,$0.55B,$0.00B,0.18%,$0.55B,$0.00B,0.18%,$0.00B,$0.02B,5.06%,$0.00B,$0.02B,7.41%,$0.00B,$0.16B,0.65%,$0.01B,$0.09B,5.87%,$153,$123,$31,$0,$0,$150,$4,$-1,$3,$0,$3,$3,$3,$5,$4,$23,23,$0.12,$0.12,$3,$61,$6,$131,$16,$0,$6,$2,$32,$162,$75,$62,$2,$64,$139,$0,$-17,$0,$23,$162,$4,$2,$1,$4,$-19,$-6,$19,$-1,$-6,$1,$-2,$0,$0,$0,$0,$0,$0,$-2,$2,$0,$2,$-0,$-0,$0,$0,$1,$1,$1,$0
21,2013-06-30,2.36,$0.79,2.99,$23.63,0.1,$-1.56,0.0,$0.03,78.67,$0.13B,$0.07B,1.89,$0.07B,$0.02B,3.52,$0.54B,$0.11B,19.41%,$0.54B,$0.01B,0.92%,$0.54B,$0.01B,0.92%,$0.54B,$0.01B,1.48%,$0.54B,$0.00B,0.37%,$0.54B,$0.00B,0.37%,$0.00B,$0.02B,10.13%,$0.00B,$0.01B,15.38%,$0.00B,$0.16B,1.31%,$0.01B,$0.09B,5.87%,$149,$119,$30,$0,$0,$145,$4,$-1,$3,$0,$3,$3,$3,$4,$4,$23,23,$0.11,$0.11,$1,$59,$6,$125,$16,$0,$6,$2,$32,$157,$66,$69,$2,$71,$137,$0,$-20,$0,$20,$157,$1,$1,$1,$2,$-17,$-4,$13,$-3,$-11,$-9,$-1,$0,$0,$0,$0,$0,$0,$-1,$9,$0,$9,$-0,$-0,$0,$0,$9,$-1,$1,$0
22,2013-03-31,2.71,$0.72,3.74,$23.12,0.12,$-1.78,0.0,$-0.01,0.0,$0.13B,$0.07B,1.84,$0.07B,$0.02B,4.27,$0.53B,$0.10B,19.25%,$0.53B,$0.00B,0.75%,$0.53B,$0.00B,0.75%,$0.53B,$0.01B,1.32%,$0.53B,$0.00B,0.19%,$0.53B,$0.00B,0.19%,$0.00B,$0.02B,5.13%,$0.00B,$0.01B,8.00%,$0.00B,$0.16B,0.65%,$0.00B,$0.09B,4.72%,$125,$101,$23,$0,$0,$126,$-1,$-1,$-2,$0,$-2,$-2,$-2,$-1,$-1,$23,23,$-0.09,$-0.09,$1,$64,$10,$130,$16,$0,$6,$2,$32,$161,$70,$72,$2,$74,$144,$0,$-22,$0,$17,$161,$-2,$1,$0,$1,$-13,$-9,$12,$-2,$-11,$-13,$-1,$0,$0,$0,$0,$0,$0,$-1,$13,$0,$13,$-0,$-0,$0,$0,$12,$-1,$0,$0
23,2012-12-31,1.6,$0.80,2.0,$22.74,0.07,$-1.82,0.0,$-0.05,0.0,$0.11B,$0.06B,1.86,$0.06B,$0.02B,3.1,$0.52B,$0.10B,19.16%,$0.52B,$0.00B,0.57%,$0.52B,$0.00B,0.57%,$0.52B,$0.01B,1.34%,$0.52B,0,0.00%,$0.52B,0,0.00%,$0.00B,$0.02B,0.00%,$0.00B,$0.01B,0.00%,$0.00B,$0.14B,0.00%,$0.00B,$0.08B,3.58%,$126,$101,$24,$0,$0,$128,$-2,$-1,$-3,$0,$-3,$-3,$-3,$0,$-2,$23,23,$-0.10,$-0.10,$2,$55,$7,$106,$16,$0,$6,$2,$31,$138,$57,$59,$2,$61,$118,$0,$-20,$0,$19,$138,$-1,$5,$-1,$4,$-2,$-10,$3,$2,$-8,$-4,$1,$0,$0,$0,$0,$0,$0,$1,$6,$0,$6,$-1,$-1,$0,$0,$5,$2,$1,$0
24,2012-09-30,1.45,$0.92,1.58,$22.38,0.06,$-2.15,0.0,$-0.05,0.0,$0.12B,$0.07B,1.81,$0.06B,$0.02B,2.74,$0.51B,$0.10B,19.41%,$0.51B,$0.00B,0.59%,$0.51B,$0.00B,0.59%,$0.51B,$0.01B,0.98%,$0.51B,0,0.00%,$0.51B,0,0.00%,$0.00B,$0.02B,0.00%,$0.00B,$0.02B,0.00%,$0.00B,$0.15B,0.00%,$0.00B,$0.09B,3.65%,$141,$114,$28,$0,$0,$137,$4,$-1,$4,$0,$4,$4,$4,$5,$4,$23,23,$0.14,$0.14,$1,$57,$7,$122,$16,$0,$8,$2,$33,$154,$67,$63,$2,$65,$132,$0,$-18,$0,$23,$154,$2,$2,$-2,$1,$-18,$-12,$12,$3,$-15,$-11,$2,$0,$0,$0,$0,$0,$0,$2,$10,$0,$10,$0,$0,$0,$0,$10,$0,$1,$0
25,2012-06-30,1.05,$0.76,1.38,$22.34,0.05,$-2.72,0.0,$-0.27,0.0,$0.13B,$0.07B,1.8,$0.07B,$0.02B,3.6,$0.51B,$0.10B,19.01%,$0.51B,$-0.00B,-0.40%,$0.51B,$-0.00B,-0.40%,$0.51B,0,0.00%,$0.51B,$-0.01B,-0.99%,$0.51B,$-0.01B,-1.19%,$-0.01B,$0.02B,-30.38%,$-0.01B,$0.01B,-51.06%,$-0.01B,$0.16B,-4.07%,$-0.00B,$0.09B,-2.41%,$138,$111,$27,$0,$0,$135,$3,$-1,$2,$0,$2,$2,$2,$3,$3,$23,23,$0.07,$0.07,$2,$60,$7,$125,$17,$0,$8,$2,$34,$159,$69,$68,$2,$71,$140,$0,$-21,$0,$19,$159,$-1,$2,$1,$2,$-17,$-15,$16,$1,$-15,$-14,$-1,$0,$0,$0,$0,$0,$0,$-1,$16,$0,$16,$0,$0,$0,$0,$16,$1,$0,$0
26,2012-03-31,1.45,$0.69,2.1,$22.24,0.07,$-3.10,0.0,$-0.43,0.0,$0.12B,$0.07B,1.76,$0.07B,$0.02B,3.92,$0.50B,$0.09B,18.67%,$0.50B,$-0.01B,-1.20%,$0.50B,$-0.01B,-1.20%,$0.50B,$-0.00B,-0.60%,$0.50B,$-0.01B,-1.81%,$0.50B,$-0.01B,-2.01%,$-0.01B,$0.02B,-47.62%,$-0.01B,$0.01B,-76.92%,$-0.01B,$0.15B,-6.77%,$-0.01B,$0.09B,-7.14%,$117,$95,$21,$0,$0,$119,$-2,$-1,$-3,$0,$-3,$-3,$-3,$-1,$-2,$23,23,$-0.13,$-0.13,$2,$56,$6,$118,$17,$0,$8,$2,$35,$152,$67,$67,$1,$68,$135,$0,$-23,$0,$17,$152,$-3,$1,$0,$1,$-15,$-11,$15,$-1,$-12,$-14,$-1,$0,$0,$0,$0,$0,$0,$-1,$15,$0,$15,$0,$0,$0,$0,$15,$1,$0,$0
27,2011-12-31,0.52,$0.83,0.63,$21.64,0.02,$-3.01,0.0,$-0.60,0.0,$0.09B,$0.05B,1.7,$0.05B,$0.02B,2.62,$0.48B,$0.09B,18.50%,$0.48B,$-0.01B,-2.08%,$0.48B,$-0.01B,-2.08%,$0.48B,$-0.01B,-1.46%,$0.48B,$-0.01B,-2.70%,$0.48B,$-0.01B,-2.91%,$-0.01B,$0.02B,-60.22%,$-0.01B,$0.01B,-93.33%,$-0.01B,$0.13B,-9.57%,$-0.01B,$0.07B,-12.08%,$114,$91,$23,$0,$0,$116,$-2,$-1,$-3,$0,$-3,$-3,$-3,$-2,$-2,$22,22,$-0.13,$-0.13,$1,$45,$6,$91,$17,$0,$8,$2,$36,$127,$53,$52,$1,$53,$107,$0,$-20,$0,$20,$127,$-13,$3,$1,$5,$-2,$1,$2,$-1,$1,$-8,$-2,$0,$0,$0,$0,$0,$0,$-2,$10,$0,$10,$0,$0,$0,$0,$10,$-0,$1,$0
28,2011-09-30,0.44,$0.96,0.46,$21.30,0.02,$-2.82,0.0,$-0.76,0.0,$0.12B,$0.06B,1.87,$0.07B,$0.02B,2.87,$0.47B,$0.09B,18.09%,$0.47B,$-0.01B,-2.98%,$0.47B,$-0.01B,-2.98%,$0.47B,$-0.01B,-2.13%,$0.47B,$-0.02B,-3.40%,$0.47B,$-0.02B,-3.62%,$-0.02B,$0.02B,-64.15%,$-0.02B,$0.02B,-94.44%,$-0.02B,$0.15B,-11.64%,$-0.01B,$0.09B,-16.77%,$136,$111,$25,$0,$0,$136,$-1,$-1,$-1,$0,$-1,$-1,$-2,$0,$-1,$22,22,$-0.08,$-0.08,$2,$54,$3,$115,$18,$0,$8,$3,$36,$151,$61,$65,$1,$67,$128,$0,$-17,$0,$23,$151,$-10,$3,$1,$4,$-18,$-8,$12,$0,$-14,$-20,$-2,$0,$0,$0,$0,$0,$0,$-2,$24,$0,$24,$0,$0,$0,$0,$24,$1,$0,$0
29,2011-06-30,0.68,$1.03,0.66,$21.09,0.03,$-2.49,0.0,$-0.89,0.0,$0.12B,$0.07B,1.81,$0.07B,$0.02B,2.75,$0.46B,$0.08B,18.00%,$0.46B,$-0.02B,-3.69%,$0.46B,$-0.02B,-3.69%,$0.46B,$-0.01B,-2.82%,$0.46B,$-0.02B,-4.34%,$0.46B,$-0.02B,-4.34%,$-0.02B,$0.02B,-65.57%,$-0.02B,$0.02B,-91.95%,$-0.02B,$0.16B,-13.77%,$-0.02B,$0.09B,-20.24%,$131,$106,$24,$0,$0,$132,$-1,$-1,$-2,$0,$-2,$-2,$-2,$-0,$-1,$22,22,$-0.09,$-0.09,$3,$60,$4,$124,$18,$0,$9,$3,$37,$161,$68,$67,$2,$69,$137,$0,$-15,$0,$24,$161,$-9,$2,$0,$2,$-19,$-14,$18,$0,$-15,$-21,$-2,$0,$0,$0,$0,$0,$0,$-2,$25,$0,$25,$0,$0,$0,$0,$25,$2,$0,$0
30,2011-03-31,0.98,$1.10,0.89,$21.42,0.05,$-2.22,0.0,$-0.91,0.0,$0.11B,$0.07B,1.68,$0.05B,$0.03B,2.06,$0.46B,$0.08B,18.10%,$0.46B,$-0.02B,-3.88%,$0.46B,$-0.02B,-3.88%,$0.46B,$-0.01B,-3.02%,$0.46B,$-0.02B,-4.31%,$0.46B,$-0.02B,-4.31%,$-0.02B,$0.03B,-56.74%,$-0.02B,$0.02B,-76.19%,$-0.02B,$0.15B,-13.70%,$-0.02B,$0.08B,-21.11%,$100,$82,$17,$0,$0,$106,$-6,$-1,$-7,$0,$-7,$-7,$-7,$-5,$-6,$22,22,$-0.30,$-0.30,$1,$56,$4,$109,$18,$0,$9,$3,$37,$146,$65,$54,$2,$55,$120,$0,$-13,$0,$26,$146,$-7,$1,$0,$1,$-12,$-9,$16,$-1,$-6,$-11,$-0,$0,$0,$0,$0,$0,$0,$-0,$12,$0,$12,$0,$0,$0,$0,$12,$0,$0,$0
31,2010-12-31,0.95,$1.43,0.67,$21.66,0.04,$-2.01,0.0,$-0.88,0.0,$0.09B,$0.05B,1.77,$0.04B,$0.03B,1.29,$0.47B,$0.09B,18.38%,$0.47B,$-0.02B,-3.85%,$0.47B,$-0.02B,-3.85%,$0.47B,$-0.01B,-2.99%,$0.47B,$-0.02B,-4.27%,$0.47B,$-0.02B,-4.06%,$-0.02B,$0.03B,-47.50%,$-0.02B,$0.02B,-60.80%,$-0.02B,$0.13B,-12.99%,$-0.02B,$0.08B,-20.69%,$103,$85,$19,$0,$0,$109,$-6,$-1,$-6,$-0,$-6,$-6,$-6,$-5,$-6,$22,22,$-0.29,$-0.29,$1,$46,$4,$88,$18,$0,$9,$3,$38,$126,$50,$42,$2,$44,$94,$0,$-7,$0,$33,$126,$-19,$4,$0,$4,$5,$-1,$0,$4,$8,$-7,$1,$0,$0,$0,$0,$0,$0,$1,$5,$0,$5,$0,$0,$0,$-0,$5,$-1,$1,$0
32,2010-09-30,0.9,$1.70,0.53,$21.78,0.04,$-2.31,0.0,$-0.56,0.0,$0.11B,$0.06B,1.94,$0.05B,$0.04B,1.32,$0.47B,$0.09B,18.76%,$0.47B,$-0.01B,-2.99%,$0.47B,$-0.01B,-2.99%,$0.47B,$-0.01B,-1.92%,$0.47B,$-0.02B,-3.62%,$0.47B,$-0.01B,-2.56%,$-0.01B,$0.04B,-26.97%,$-0.01B,$0.03B,-33.57%,$-0.01B,$0.15B,-8.07%,$-0.01B,$0.09B,-15.60%,$127,$104,$23,$0,$0,$131,$-4,$-1,$-5,$-0,$-4,$-4,$-5,$-3,$-4,$22,22,$-0.21,$-0.21,$1,$54,$3,$109,$19,$0,$9,$3,$39,$148,$56,$51,$2,$53,$109,$0,$-0,$0,$39,$148,$-13,$3,$-1,$2,$-10,$-9,$7,$6,$-5,$-15,$1,$0,$0,$0,$0,$0,$0,$1,$14,$0,$14,$0,$0,$0,$-0,$14,$-0,$1,$0
33,2010-06-30,1.36,$1.87,0.73,$22.08,0.06,$-2.04,0.0,$-0.40,0.0,$0.13B,$0.07B,1.88,$0.05B,$0.04B,1.22,$0.47B,$0.09B,19.03%,$0.47B,$-0.01B,-2.33%,$0.47B,$-0.01B,-2.33%,$0.47B,$-0.01B,-1.27%,$0.47B,$-0.01B,-2.75%,$0.47B,$-0.01B,-1.69%,$-0.01B,$0.04B,-16.93%,$-0.01B,$0.03B,-20.78%,$-0.01B,$0.16B,-5.42%,$-0.01B,$0.10B,-12.57%,$134,$109,$25,$0,$0,$136,$-2,$-1,$-2,$0,$-2,$-2,$-2,$-1,$-2,$22,22,$-0.11,$-0.11,$2,$62,$5,$126,$20,$0,$9,$2,$38,$164,$67,$53,$2,$54,$121,$0,$4,$0,$43,$164,$-8,$2,$-1,$1,$-16,$-16,$18,$4,$-10,$-17,$1,$0,$0,$0,$0,$0,$0,$1,$17,$0,$17,$0,$0,$0,$0,$17,$1,$0,$0
34,2010-03-31,0.85,$1.96,0.43,$21.52,0.04,$-1.61,0.0,$-0.57,0.0,$0.11B,$0.06B,1.85,$0.04B,$0.05B,0.93,$0.46B,$0.09B,18.95%,$0.46B,$-0.02B,-3.27%,$0.46B,$-0.02B,-3.27%,$0.46B,$-0.01B,-1.96%,$0.46B,$-0.02B,-3.70%,$0.46B,$-0.01B,-2.61%,$-0.01B,$0.05B,-24.37%,$-0.01B,$0.04B,-29.63%,$-0.01B,$0.15B,-8.36%,$-0.02B,$0.09B,-17.80%,$104,$84,$19,$0,$0,$110,$-6,$-0,$-7,$0,$-7,$-7,$-6,$-5,$-6,$21,22,$-0.27,$-0.27,$1,$52,$4,$108,$20,$0,$9,$2,$39,$147,$58,$42,$2,$44,$102,$0,$7,$0,$45,$147,$-6,$1,$-1,$0,$-9,$-7,$10,$3,$-2,$-8,$1,$0,$0,$0,$0,$0,$0,$1,$7,$0,$7,$0,$0,$0,$0,$7,$-0,$0,$0
35,2009-12-31,0.75,$2.30,0.33,$21.49,0.03,$-1.64,0.0,$-0.98,0.0,$0.10B,$0.05B,1.97,$0.04B,$0.05B,0.69,$0.46B,$0.08B,18.46%,$0.46B,$-0.02B,-4.84%,$0.46B,$-0.02B,-4.84%,$0.46B,$-0.02B,-3.52%,$0.46B,$-0.02B,-5.05%,$0.46B,$-0.02B,-4.40%,$-0.02B,$0.05B,-38.46%,$-0.02B,$0.04B,-46.51%,$-0.02B,$0.14B,-14.04%,$-0.02B,$0.09B,-26.19%,$104,$83,$21,$0,$0,$106,$-2,$-0,$-3,$-3,$1,$1,$1,$-0,$-2,$21,21,$0.04,$0.04,$1,$45,$8,$96,$21,$0,$9,$3,$40,$136,$49,$35,$2,$37,$86,$0,$12,$0,$51,$136,$-21,$5,$2,$7,$-9,$14,$2,$-7,$1,$-13,$1,$0,$0,$0,$0,$0,$0,$1,$11,$0,$11,$0,$0,$0,$0,$11,$-2,$1,$0
