,Date,Stock Price,Book Value per Share,Price to Book Ratio,TTM Sales per Share,Price to Sales Ratio,TTM FCF per Share,Price to FCF Ratio,TTM Net EPS,PE Ratio,Current Assets,Current Liabilities,Current Ratio,Long Term Debt,Shareholder's Equity_x,Debt to Equity Ratio,TTM Revenue_x,TTM Gross Profit,Gross Margin,TTM Revenue_y,TTM Operating Income,Operating Margin,TTM Revenue_x,TTM EBIT,EBIT Margin,TTM Revenue_y,TTM EBITDA,EBITDA Margin,TTM Revenue_x,TTM Pre-Tax Income,Pre-Tax Margin,TTM Revenue_y,TTM Net Income_x,Net Margin,TTM Net Income_y,Shareholder's Equity_y,Return on Equity,TTM Net Income_x,Tangible Equity,Return on Tangible Equity,TTM Net Income_y,Total Assets,Return on Assets,TTM Net Income,LT Investments & Debt,Return on Investment,revenue,cost-goods-sold,gross-profit,research-development-expenses,selling-general-administrative-expenses,operating-expenses,operating-income,total-non-operating-income-expense,pre-tax-income,total-provision-income-taxes,income-after-taxes,income-from-continuous-operations,net-income,ebitda,ebit,basic-shares-outstanding,shares-outstanding,eps-basic-net-earnings-per-share,eps-earnings-per-share-diluted,cash-on-hand,inventory,other-current-assets,total-current-assets,net-property-plant-equipment,long-term-investments,goodwill-intangible-assets-total,other-long-term-assets,total-long-term-assets,total-assets,total-current-liabilities,long-term-debt,other-non-current-liabilities,total-long-term-liabilities,total-liabilities,common-stock-net,retained-earnings-accumulated-deficit,comprehensive-income,total-share-holder-equity,total-liabilities-share-holders-equity,net-income-loss,total-depreciation-amortization-cash-flow,other-non-cash-items,total-non-cash-items,change-in-accounts-receivable,change-in-inventories,change-in-accounts-payable,change-in-assets-liabilities,total-change-in-assets-liabilities,cash-flow-from-operating-activities,net-change-in-property-plant-equipment,net-change-in-intangible-assets,net-acquisitions-divestitures,net-change-in-short-term-investments,net-change-in-long-term-investments,net-change-in-investments-total,investing-activities-other,cash-flow-from-investing-activities,net-long-term-debt,net-current-debt,debt-issuance-retirement-net-total,net-common-equity-issued-repurchased,net-total-equity-issued-repurchased,total-common-preferred-stock-dividends-paid,financial-activities-other,cash-flow-from-financial-activities,net-cash-flow,stock-based-compensation,common-stock-dividends-paid
0,2018-09-30,139.12,$-10.81,-12.87,$127.67,1.09,$17.92,7.76,$8.94,15.56,$10.01B,$6.23B,1.61,$32.92B,$-3.73B,-8.83,$45.97B,$38.30B,83.32%,$45.97B,$6.56B,14.26%,$45.97B,$6.56B,14.26%,$45.97B,$8.83B,19.22%,$45.97B,$5.22B,11.36%,$45.97B,$3.20B,6.96%,$3.20B,$-3.73B,-73.99%,$3.20B,$-11.49B,-27.00%,$3.20B,$38.04B,8.54%,$6.56B,$29.19B,23.50%,$11451,$1890,$9561,$0,$5377,$9937,$1514,$-445,$1069,$173,$896,$896,$759,$2104,$1514,$346,354,$2.20,$2.15,$578,$1634,$1266,$10010,$19041,$605,$7759,$629,$28034,$38044,$6231,$32916,$1388,$35543,$41774,$3,$-5342,$-266,$-3730,$38044,$3144,$1720,$-131,$1589,$-161,$-136,$150,$0,$-147,$4586,$-2420,$0,$-254,$65,$0,$65,$-6,$-2615,$18,$0,$18,$-1195,$-1195,$-366,$-571,$-2114,$-154,$204,$-366
1,2018-06-30,102.6,$-11.90,-8.62,$124.21,0.83,$16.28,6.3,$7.94,12.92,$10.39B,$7.63B,1.36,$31.50B,$-4.13B,-7.64,$45.21B,$37.65B,83.29%,$45.21B,$6.28B,13.89%,$45.21B,$6.28B,13.89%,$45.21B,$8.51B,18.83%,$45.21B,$4.93B,10.91%,$45.21B,$2.86B,6.33%,$2.86B,$-4.13B,-61.53%,$2.86B,$-11.58B,-23.72%,$2.86B,$37.74B,7.77%,$6.28B,$27.38B,22.82%,$11529,$1917,$9612,$0,$5274,$9864,$1665,$-427,$1238,$272,$966,$966,$820,$2234,$1665,$349,355,$2.35,$2.31,$868,$1636,$1298,$10394,$18544,$648,$7459,$697,$27348,$37742,$7625,$31500,$1459,$34242,$41867,$3,$-5731,$-261,$-4125,$37742,$2248,$1130,$-111,$1019,$-233,$-200,$31,$0,$-402,$2865,$-1574,$0,$261,$23,$0,$23,$-25,$-1315,$109,$0,$109,$-893,$-893,$-245,$-379,$-1408,$136,$134,$-245
2,2018-03-31,96.67,$-12.63,-7.65,$120.33,0.8,$16.32,5.92,$7.38,13.1,$10.39B,$7.48B,1.39,$31.59B,$-4.43B,-7.13,$44.41B,$36.98B,83.26%,$44.41B,$6.18B,13.92%,$44.41B,$6.18B,13.92%,$44.41B,$8.38B,18.86%,$44.41B,$4.85B,10.93%,$44.41B,$2.70B,6.08%,$2.70B,$-4.43B,-55.20%,$2.70B,$-11.91B,-22.25%,$2.70B,$37.30B,7.49%,$6.18B,$27.16B,22.67%,$11423,$1915,$9508,$0,$5289,$9858,$1565,$-26,$1539,$257,$1282,$1282,$1144,$2126,$1565,$351,360,$3.26,$3.18,$1086,$1677,$1296,$10391,$18124,$648,$7471,$665,$26908,$37299,$7478,$31594,$1417,$34255,$41733,$4,$-6051,$-197,$-4434,$37299,$1282,$561,$-321,$240,$-4,$-218,$-246,$0,$-222,$1300,$-694,$0,$388,$11,$0,$11,$-40,$-335,$220,$0,$220,$-423,$-423,$-123,$-285,$-611,$354,$60,$-123
3,2017-12-31,87.24,$-14.27,-6.11,$116.54,0.75,$16.51,5.29,$5.94,14.69,$9.98B,$6.16B,1.62,$32.86B,$-5.00B,-6.58,$43.61B,$36.30B,83.23%,$43.61B,$6.10B,13.99%,$43.61B,$6.10B,13.99%,$43.61B,$8.26B,18.95%,$43.61B,$4.38B,10.04%,$43.61B,$2.22B,5.08%,$2.22B,$-5.00B,-43.25%,$2.22B,$-12.39B,-18.17%,$2.22B,$36.59B,6.30%,$6.10B,$27.86B,22.63%,$11562,$1947,$9615,$0,$5181,$9750,$1812,$-435,$1377,$736,$641,$641,$474,$2370,$1812,$362,372,$1.37,$1.31,$732,$1573,$1171,$9977,$17895,$617,$7394,$710,$26616,$36593,$6158,$32858,$1374,$35430,$41588,$4,$-6532,$-278,$-4995,$36593,$2743,$2162,$4856,$7018,$-4640,$-69,$374,$0,$-4335,$5426,$-3015,$0,$-1187,$-73,$0,$-73,$-4,$-4279,$1509,$0,$1509,$-2051,$-2051,$0,$-519,$-1061,$86,$270,$0
4,2017-09-30,79.04,$-14.19,-5.57,$112.35,0.7,$17.34,4.56,$7.03,11.24,$9.45B,$5.61B,1.68,$32.75B,$-5.07B,-6.47,$42.69B,$35.52B,83.20%,$42.69B,$5.99B,14.04%,$42.69B,$5.99B,14.04%,$42.69B,$8.11B,18.99%,$42.69B,$4.57B,10.70%,$42.69B,$2.66B,6.24%,$2.66B,$-5.07B,-50.38%,$2.66B,$-12.42B,-21.86%,$2.66B,$35.73B,7.72%,$5.99B,$27.69B,22.72%,$10696,$1777,$8919,$0,$5081,$9459,$1237,$-459,$778,$248,$530,$530,$426,$1783,$1237,$360,370,$1.18,$1.15,$718,$1546,$1204,$9448,$17329,$569,$7357,$1028,$26283,$35731,$5611,$32751,$1256,$35186,$40797,$4,$-6516,$-268,$-5066,$35731,$2102,$1604,$275,$1879,$-70,$-50,$-169,$0,$-289,$3692,$-2033,$0,$-1118,$-15,$0,$-15,$-6,$-3172,$1452,$0,$1452,$-1475,$-1475,$0,$-425,$-448,$72,$195,$0
5,2017-06-30,86.6,$-14.00,-6.19,$109.79,0.79,$18.16,4.77,$7.47,11.59,$9.34B,$5.77B,1.62,$31.45B,$-5.08B,-6.19,$42.27B,$35.17B,83.22%,$42.27B,$6.22B,14.71%,$42.27B,$6.22B,14.71%,$42.27B,$8.29B,19.61%,$42.27B,$4.81B,11.38%,$42.27B,$2.85B,6.75%,$2.85B,$-5.08B,-51.35%,$2.85B,$-11.85B,-23.23%,$2.85B,$34.57B,8.44%,$6.22B,$26.37B,24.17%,$10733,$1795,$8938,$0,$4896,$9164,$1569,$-409,$1160,$365,$795,$795,$657,$2098,$1569,$366,375,$1.79,$1.75,$705,$1544,$1306,$9337,$16768,$549,$6771,$1141,$25229,$34566,$5771,$31448,$1282,$33874,$39645,$4,$-6503,$-293,$-5079,$34566,$1572,$1058,$449,$1507,$81,$-178,$-298,$0,$-395,$2684,$-1304,$0,$-281,$-11,$0,$-11,$5,$-1591,$247,$0,$247,$-966,$-966,$0,$-315,$-1034,$59,$140,$0
6,2017-03-31,88.38,$-14.53,-6.08,$107.08,0.83,$18.44,4.79,$7.37,11.99,$9.04B,$5.46B,1.65,$31.30B,$-5.36B,-5.84,$41.85B,$34.84B,83.24%,$41.85B,$6.21B,14.84%,$41.85B,$6.21B,14.84%,$41.85B,$8.25B,19.72%,$41.85B,$4.78B,11.42%,$41.85B,$2.86B,6.82%,$2.86B,$-5.36B,-48.29%,$2.86B,$-12.11B,-22.62%,$2.86B,$33.80B,8.53%,$6.21B,$25.95B,24.54%,$10623,$1797,$8826,$0,$4901,$9139,$1484,$-418,$1066,$289,$777,$777,$659,$2013,$1484,$370,380,$1.78,$1.74,$753,$1501,$1119,$9037,$16462,$543,$6754,$999,$24758,$33795,$5463,$31302,$1253,$33689,$39152,$4,$-6701,$-320,$-5357,$33795,$777,$529,$102,$631,$168,$3,$-591,$0,$-128,$1280,$-571,$0,$-86,$-19,$0,$-19,$7,$-669,$117,$0,$117,$-424,$-424,$0,$-197,$-504,$107,$73,$0
7,2016-12-31,73.51,$-15.20,-4.84,$104.12,0.71,$18.74,3.92,$7.32,10.04,$9.09B,$5.83B,1.56,$31.16B,$-5.63B,-5.53,$41.49B,$34.56B,83.29%,$41.49B,$6.25B,15.07%,$41.49B,$6.25B,15.07%,$41.49B,$8.25B,19.89%,$41.49B,$4.81B,11.59%,$41.49B,$2.89B,6.97%,$2.89B,$-5.63B,-47.59%,$2.89B,$-12.34B,-22.62%,$2.89B,$33.76B,8.70%,$6.25B,$25.53B,25.10%,$10641,$1802,$8839,$0,$4764,$8938,$1703,$-138,$1565,$480,$1085,$1085,$920,$2214,$1703,$384,396,$2.45,$2.37,$646,$1503,$1111,$9086,$16352,$542,$6704,$1074,$24672,$33758,$5834,$31160,$1249,$33557,$39391,$4,$-6968,$-338,$-5633,$33758,$3432,$2000,$3436,$5436,$-3247,$-112,$144,$0,$-3215,$5653,$-2760,$0,$-550,$64,$0,$64,$6,$-3240,$815,$0,$815,$-2751,$-2751,$0,$-572,$-2508,$-95,$251,$0
8,2016-09-30,75.11,$-16.38,-4.58,$101.25,0.74,$16.96,4.43,$6.33,11.87,$8.84B,$5.16B,1.72,$31.23B,$-6.16B,-5.07,$41.10B,$34.28B,83.41%,$41.10B,$6.20B,15.09%,$41.10B,$6.20B,15.09%,$41.10B,$8.18B,19.90%,$41.10B,$4.30B,10.46%,$41.10B,$2.55B,6.21%,$2.55B,$-6.16B,-41.32%,$2.55B,$-12.85B,-19.81%,$2.55B,$33.13B,7.74%,$6.20B,$25.06B,25.22%,$10270,$1699,$8571,$0,$4740,$8808,$1462,$-444,$1018,$273,$745,$745,$618,$1965,$1462,$378,390,$1.63,$1.59,$677,$1503,$1160,$8843,$15875,$570,$6691,$1148,$24284,$33127,$5155,$31225,$1746,$34135,$39290,$4,$-7426,$-341,$-6163,$33127,$2347,$1489,$2656,$4145,$-2044,$-161,$-341,$0,$-2538,$3954,$-1884,$0,$-445,$78,$0,$78,$17,$-2234,$906,$0,$906,$-2213,$-2213,$0,$-477,$-1784,$-64,$196,$0
9,2016-06-30,76.48,$-17.10,-4.47,$98.00,0.78,$15.41,4.96,$5.79,13.21,$9.10B,$5.40B,1.69,$31.23B,$-6.50B,-4.81,$40.68B,$33.92B,83.38%,$40.68B,$6.07B,14.92%,$40.68B,$6.07B,14.92%,$40.68B,$8.04B,19.75%,$40.68B,$4.12B,10.13%,$40.68B,$2.38B,5.86%,$2.38B,$-6.50B,-39.14%,$2.38B,$-13.19B,-18.68%,$2.38B,$33.21B,7.30%,$6.07B,$24.73B,25.34%,$10319,$1718,$8601,$0,$4691,$8756,$1563,$-431,$1132,$341,$791,$791,$658,$2060,$1563,$386,399,$1.70,$1.65,$691,$1481,$1254,$9095,$15624,$542,$6694,$1250,$24110,$33205,$5396,$31228,$1953,$34307,$39703,$4,$-7767,$-344,$-6498,$33205,$1602,$986,$1735,$2721,$-1364,$-176,$-102,$0,$-1575,$2748,$-1172,$0,$-416,$18,$0,$18,$15,$-1555,$935,$0,$935,$-1858,$-1858,$0,$-320,$-1243,$-50,$129,$0
10,2016-03-31,77.51,$-15.24,-5.09,$95.17,0.81,$13.95,5.55,$5.32,14.57,$9.20B,$5.40B,1.71,$30.33B,$-6.00B,-5.06,$40.26B,$33.55B,83.32%,$40.26B,$6.05B,15.02%,$40.26B,$6.05B,15.02%,$40.26B,$7.99B,19.85%,$40.26B,$3.97B,9.87%,$40.26B,$2.23B,5.54%,$2.23B,$-6.00B,-37.49%,$2.23B,$-12.71B,-17.76%,$2.23B,$32.78B,6.91%,$6.05B,$24.33B,25.87%,$10260,$1714,$8546,$0,$4702,$8736,$1524,$-429,$1095,$284,$811,$811,$694,$2013,$1524,$396,411,$1.75,$1.69,$852,$1415,$1054,$9201,$15057,$599,$6713,$1206,$23575,$32776,$5398,$30328,$1933,$33377,$38775,$4,$-7266,$-294,$-5999,$32776,$811,$489,$885,$1374,$-789,$14,$-371,$0,$-786,$1399,$-509,$0,$-5,$11,$0,$11,$7,$-496,$59,$0,$59,$-621,$-621,$0,$-230,$-792,$111,$65,$0
11,2015-12-31,67.16,$-15.16,-4.43,$92.41,0.73,$13.10,5.13,$4.99,13.46,$9.23B,$5.52B,1.67,$30.26B,$-6.05B,-5.0,$39.68B,$33.04B,83.27%,$39.68B,$6.01B,15.15%,$39.68B,$6.01B,15.15%,$39.68B,$7.95B,20.04%,$39.68B,$3.96B,9.97%,$39.68B,$2.13B,5.37%,$2.13B,$-6.05B,-35.43%,$2.13B,$-12.78B,-16.96%,$2.13B,$32.74B,6.67%,$6.01B,$24.21B,26.61%,$10249,$1686,$8563,$0,$4606,$8598,$1651,$-599,$1052,$314,$738,$738,$582,$2139,$1651,$414,427,$1.43,$1.40,$741,$1439,$1163,$9232,$15014,$610,$6731,$1157,$23512,$32744,$5516,$30255,$1904,$33274,$38790,$4,$-7338,$-265,$-6046,$32744,$2696,$1939,$4335,$6274,$-4114,$-314,$192,$0,$-4236,$4734,$-2375,$0,$-278,$63,$0,$63,$7,$-2583,$778,$0,$778,$-2397,$-2397,$0,$-357,$-1976,$175,$239,$0
12,2015-09-30,76.83,$-14.09,-5.45,$89.79,0.86,$12.62,6.09,$4.78,16.07,$9.22B,$6.31B,1.46,$28.38B,$-5.81B,-4.88,$39.07B,$32.45B,83.08%,$39.07B,$5.86B,14.99%,$39.07B,$5.86B,14.99%,$39.07B,$7.78B,19.91%,$39.07B,$3.87B,9.91%,$39.07B,$2.07B,5.31%,$2.07B,$-5.81B,-33.88%,$2.07B,$-12.35B,-16.48%,$2.07B,$31.90B,6.59%,$5.86B,$22.56B,26.40%,$9856,$1644,$8212,$0,$4619,$8523,$1333,$-490,$843,$270,$573,$573,$449,$1823,$1333,$415,426,$1.08,$1.05,$588,$1379,$1015,$9221,$14704,$595,$6540,$836,$22675,$31896,$6313,$28375,$1903,$31395,$37708,$4,$-6989,$-309,$-5812,$31896,$1958,$1451,$3100,$4551,$-2976,$-205,$-152,$0,$-3333,$3176,$-1571,$0,$-157,$94,$0,$94,$3,$-1631,$76,$0,$76,$-1386,$-1386,$0,$-213,$-1523,$22,$171,$0
13,2015-06-30,90.1,$-14.30,-6.3,$87.29,1.03,$11.85,7.6,$4.89,18.42,$9.29B,$6.31B,1.47,$28.36B,$-5.96B,-4.76,$38.43B,$31.92B,83.07%,$38.43B,$5.89B,15.33%,$38.43B,$5.89B,15.33%,$38.43B,$7.79B,20.27%,$38.43B,$3.96B,10.30%,$38.43B,$2.14B,5.58%,$2.14B,$-5.96B,-34.71%,$2.14B,$-12.44B,-17.18%,$2.14B,$31.71B,6.92%,$5.89B,$22.41B,26.91%,$9897,$1670,$8227,$0,$4492,$8358,$1539,$-555,$984,$319,$665,$665,$507,$2017,$1539,$416,429,$1.22,$1.18,$673,$1348,$1092,$9293,$14560,$586,$6484,$787,$22417,$31710,$6310,$28363,$1860,$31355,$37665,$4,$-7120,$-290,$-5955,$31710,$1385,$961,$1825,$2786,$-1784,$-195,$-117,$0,$-2096,$2075,$-1004,$0,$-73,$67,$0,$67,$1,$-1009,$104,$0,$104,$-940,$-940,$0,$-123,$-959,$107,$103,$0
14,2015-03-31,74.71,$-14.84,-5.03,$84.61,0.88,$11.07,6.75,$4.78,15.63,$9.13B,$7.17B,1.27,$27.41B,$-6.22B,-4.41,$37.76B,$31.39B,83.14%,$37.76B,$5.90B,15.62%,$37.76B,$5.90B,15.62%,$37.76B,$7.78B,20.61%,$37.76B,$3.88B,10.27%,$37.76B,$2.12B,5.61%,$2.12B,$-6.22B,-33.47%,$2.12B,$-12.64B,-16.96%,$2.12B,$31.29B,6.95%,$5.90B,$21.18B,27.27%,$9676,$1638,$8038,$0,$4398,$8188,$1488,$-410,$1078,$358,$720,$720,$591,$1971,$1488,$420,435,$1.41,$1.36,$586,$1287,$1025,$9130,$14392,$616,$6415,$735,$22158,$31288,$7172,$27406,$1837,$30338,$37510,$4,$-7280,$-344,$-6222,$31288,$720,$483,$1128,$1611,$-895,$-106,$-312,$0,$-1313,$1018,$-446,$0,$-13,$22,$0,$22,$5,$-432,$-51,$0,$-51,$-366,$-366,$0,$-149,$-566,$20,$48,$0
15,2014-12-31,72.88,$-15.45,-4.72,$81.69,0.89,$9.85,7.4,$4.18,17.44,$8.93B,$5.48B,1.63,$29.09B,$-6.50B,-4.48,$36.92B,$30.66B,83.04%,$36.92B,$5.61B,15.19%,$36.92B,$5.61B,15.19%,$36.92B,$7.47B,20.23%,$36.92B,$3.48B,9.43%,$36.92B,$1.88B,5.08%,$1.88B,$-6.50B,-29.33%,$1.88B,$-12.91B,-15.09%,$1.88B,$30.98B,6.23%,$5.61B,$22.59B,25.85%,$9636,$1659,$7977,$0,$4282,$8139,$1497,$-529,$968,$292,$676,$676,$527,$1965,$1497,$436,450,$1.22,$1.17,$566,$1279,$1025,$8930,$14355,$659,$6416,$620,$22050,$30980,$5480,$29088,$1832,$31998,$37478,$4,$-7575,$-323,$-6498,$30980,$2373,$1862,$3729,$5591,$-3645,$-232,$444,$0,$-3516,$4448,$-2176,$0,$-715,$-37,$0,$-37,$10,$-2918,$778,$0,$778,$-1750,$-1750,$0,$-406,$-1378,$152,$163,$0
16,2014-09-30,70.03,$-13.89,-5.04,$79.43,0.88,$8.57,8.17,$3.91,17.91,$8.53B,$5.63B,1.51,$27.43B,$-6.02B,-4.56,$36.12B,$29.95B,82.93%,$36.12B,$5.36B,14.85%,$36.12B,$5.36B,14.85%,$36.12B,$7.23B,20.03%,$36.12B,$3.31B,9.17%,$36.12B,$1.77B,4.91%,$1.77B,$-6.02B,-27.26%,$1.77B,$-11.92B,-14.28%,$1.77B,$29.83B,5.99%,$5.36B,$21.41B,25.29%,$9220,$1539,$7681,$0,$4211,$7852,$1368,$-439,$929,$318,$611,$611,$518,$1838,$1368,$433,447,$1.20,$1.16,$515,$1258,$910,$8527,$13878,$608,$5899,$692,$21298,$29825,$5632,$27426,$1740,$30211,$35843,$4,$-8054,$-206,$-6018,$29825,$1697,$1394,$2675,$4069,$-2655,$-248,$-42,$0,$-2945,$2821,$-1482,$0,$-59,$22,$0,$22,$7,$-1512,$-183,$0,$-183,$-750,$-750,$0,$-275,$-1208,$101,$118,$0
17,2014-06-30,55.99,$-15.27,-3.67,$77.05,0.73,$7.96,7.03,$3.54,15.82,$8.77B,$5.90B,1.49,$27.94B,$-6.59B,-4.24,$35.35B,$29.27B,82.79%,$35.35B,$5.16B,14.58%,$35.35B,$5.16B,14.58%,$35.35B,$7.01B,19.83%,$35.35B,$3.09B,8.73%,$35.35B,$1.62B,4.58%,$1.62B,$-6.59B,-23.96%,$1.62B,$-12.50B,-12.80%,$1.62B,$29.82B,5.54%,$5.16B,$21.35B,24.62%,$9230,$1532,$7698,$0,$4098,$7684,$1546,$-642,$904,$272,$632,$632,$483,$2009,$1546,$439,453,$1.10,$1.07,$658,$1211,$931,$8772,$13721,$576,$5909,$614,$21050,$29822,$5895,$27942,$1554,$30515,$36410,$4,$-8572,$-199,$-6588,$29822,$1086,$924,$1928,$2852,$-1827,$-219,$-105,$0,$-2245,$1693,$-913,$0,$5,$43,$0,$43,$1,$-864,$360,$0,$360,$-750,$-750,$0,$-195,$-585,$244,$77,$0
18,2014-03-31,52.14,$-14.56,-3.58,$74.92,0.7,$7.66,6.8,$3.38,15.43,$8.88B,$5.89B,1.51,$27.88B,$-6.47B,-4.31,$34.57B,$28.55B,82.58%,$34.57B,$4.87B,14.10%,$34.57B,$4.87B,14.10%,$34.57B,$6.71B,19.40%,$34.57B,$2.99B,8.64%,$34.57B,$1.56B,4.51%,$1.56B,$-6.47B,-22.33%,$1.56B,$-12.38B,-12.20%,$1.56B,$29.81B,5.42%,$4.87B,$21.42B,23.87%,$8832,$1532,$7300,$0,$4050,$7635,$1197,$-517,$680,$226,$454,$454,$347,$1658,$1197,$442,457,$0.78,$0.76,$850,$1187,$859,$8877,$13612,$595,$5910,$544,$20932,$29809,$5891,$27883,$1524,$30385,$36276,$4,$-9055,$-232,$-6467,$29809,$454,$461,$1089,$1550,$-1125,$-123,$-313,$0,$-1561,$443,$-400,$0,$4,$-13,$0,$-13,$0,$-409,$520,$0,$520,$0,$0,$0,$-118,$402,$436,$37,$0
19,2013-12-31,47.38,$-15.76,-3.01,$73.87,0.64,$8.30,5.71,$3.36,14.1,$8.04B,$5.70B,1.41,$27.59B,$-6.93B,-3.98,$34.18B,$28.21B,82.53%,$34.18B,$4.82B,14.10%,$34.18B,$4.82B,14.10%,$34.18B,$6.63B,19.39%,$34.18B,$2.95B,8.62%,$34.18B,$1.56B,4.55%,$1.56B,$-6.93B,-21.12%,$1.56B,$-12.83B,-11.91%,$1.56B,$28.83B,5.51%,$4.82B,$20.66B,24.28%,$8836,$1564,$7272,$0,$3965,$7583,$1253,$-453,$800,$246,$554,$554,$424,$1728,$1253,$445,462,$0.96,$0.93,$414,$1179,$747,$8037,$13619,$569,$5903,$466,$20794,$28831,$5695,$27590,$1525,$30064,$35759,$4,$-9403,$-257,$-6928,$28831,$1996,$1808,$4148,$5956,$-4395,$-19,$142,$0,$-4272,$3680,$-1943,$0,$-448,$36,$0,$36,$9,$-2346,$-692,$0,$-692,$-500,$-500,$0,$-433,$-1625,$-291,$113,$0
20,2013-09-30,42.46,$-15.74,-2.7,$73.10,0.58,$9.57,4.44,$3.12,13.61,$7.77B,$5.42B,1.43,$27.39B,$-7.04B,-3.89,$33.78B,$27.87B,82.51%,$33.78B,$4.75B,14.06%,$33.78B,$4.75B,14.06%,$33.78B,$6.53B,19.32%,$33.78B,$2.70B,8.00%,$33.78B,$1.45B,4.28%,$1.45B,$-7.04B,-18.73%,$1.45B,$-12.88B,-10.85%,$1.45B,$28.39B,5.15%,$4.75B,$20.35B,24.38%,$8456,$1457,$6999,$0,$3916,$7296,$1160,$-459,$701,$234,$467,$467,$365,$1616,$1160,$447,464,$0.82,$0.79,$484,$1135,$828,$7771,$13322,$527,$5832,$691,$20622,$28393,$5419,$27389,$1670,$30018,$35437,$4,$-9827,$-374,$-7044,$28393,$1442,$1333,$2998,$4331,$0,$0,$0,$-3319,$-3319,$2454,$-1347,$0,$-432,$97,$0,$97,$8,$-1674,$-670,$0,$-670,$0,$0,$0,$-331,$-1001,$-221,$81,$0
21,2013-06-30,35.81,$-16.74,-2.14,$72.40,0.49,$10.76,3.33,$3.11,11.52,$7.79B,$6.02B,1.29,$26.74B,$-7.49B,-3.57,$33.39B,$27.56B,82.55%,$33.39B,$4.71B,14.09%,$33.39B,$4.71B,14.09%,$33.39B,$6.46B,19.34%,$33.39B,$2.68B,8.02%,$33.39B,$1.44B,4.32%,$1.44B,$-7.49B,-18.96%,$1.44B,$-13.02B,-10.98%,$1.44B,$27.93B,5.18%,$4.71B,$19.26B,24.70%,$8450,$1470,$6980,$0,$3848,$7186,$1264,$-458,$806,$269,$537,$537,$423,$1704,$1264,$447,463,$0.95,$0.91,$462,$1152,$861,$7791,$13229,$525,$5534,$591,$20143,$27934,$6020,$26744,$1695,$29399,$35419,$4,$-10193,$-426,$-7485,$27934,$975,$877,$2037,$2914,$0,$0,$0,$-2335,$-2335,$1554,$-896,$0,$8,$102,$0,$102,$-4,$-790,$-788,$0,$-788,$0,$0,$0,$-219,$-1007,$-243,$51,$0
22,2013-03-31,40.35,$-17.97,-2.25,$71.84,0.56,$12.55,3.21,$3.05,13.23,$7.79B,$5.99B,1.3,$27.17B,$-8.01B,-3.39,$33.05B,$27.27B,82.52%,$33.05B,$4.59B,13.89%,$33.05B,$4.59B,13.89%,$33.05B,$6.34B,19.18%,$33.05B,$2.57B,7.78%,$33.05B,$1.41B,4.26%,$1.41B,$-8.01B,-18.88%,$1.41B,$-13.55B,-10.87%,$1.41B,$27.88B,5.11%,$4.59B,$19.16B,24.25%,$8440,$1479,$6961,$0,$3917,$7296,$1144,$-505,$639,$201,$438,$438,$344,$1581,$1144,$444,462,$0.77,$0.74,$594,$1104,$827,$7787,$13144,$530,$5541,$606,$20095,$27882,$5991,$27170,$1763,$29903,$35894,$4,$-10616,$-475,$-8012,$27882,$438,$437,$1159,$1596,$0,$0,$0,$-1294,$-1294,$740,$-404,$0,$-21,$51,$0,$51,$1,$-373,$-351,$0,$-351,$0,$0,$0,$-127,$-478,$-111,$23,$0
23,2012-12-31,29.96,$-18.82,-1.59,$71.93,0.42,$12.83,2.33,$3.49,8.59,$7.76B,$6.17B,1.26,$27.50B,$-8.34B,-3.3,$33.01B,$27.30B,82.68%,$33.01B,$4.85B,14.70%,$33.01B,$4.85B,14.70%,$33.01B,$6.59B,19.97%,$33.01B,$2.89B,8.77%,$33.01B,$1.61B,4.86%,$1.61B,$-8.34B,-22.01%,$1.61B,$-13.88B,-12.59%,$1.61B,$28.08B,5.86%,$4.85B,$19.15B,25.77%,$8434,$1501,$6933,$0,$3865,$7253,$1181,$-626,$555,$128,$427,$427,$314,$1624,$1181,$440,459,$0.71,$0.68,$705,$1086,$915,$7763,$13185,$619,$5539,$679,$20312,$28075,$6172,$27495,$1776,$30244,$36416,$4,$-10960,$-457,$-8341,$28075,$2006,$1741,$4091,$5832,$-3896,$-122,$355,$0,$-3663,$4175,$-1862,$0,$-228,$16,$0,$16,$11,$-2063,$1724,$0,$1724,$0,$0,$0,$-3504,$-1780,$332,$56,$0
24,2012-09-30,28.5,$-14.87,-1.92,$69.24,0.41,$12.34,2.31,$7.06,4.04,$7.27B,$5.86B,1.24,$25.18B,$-6.56B,-3.84,$32.35B,$26.79B,82.81%,$32.35B,$4.92B,15.22%,$32.35B,$4.92B,15.22%,$32.35B,$6.62B,20.47%,$32.35B,$4.79B,14.82%,$32.35B,$3.23B,9.97%,$3.23B,$-6.56B,-46.34%,$3.23B,$-12.02B,-26.13%,$3.23B,$27.30B,11.90%,$4.92B,$18.62B,26.33%,$8062,$1375,$6687,$0,$3781,$6946,$1116,$-439,$677,$222,$455,$455,$360,$1548,$1116,$441,460,$0.82,$0.78,$472,$1052,$828,$7272,$12960,$576,$5460,$768,$20030,$27302,$5861,$25182,$1860,$28004,$33865,$4,$-9103,$-440,$-6563,$27302,$1579,$1298,$2958,$4256,$0,$0,$0,$-2923,$-2923,$2912,$-1268,$0,$-150,$73,$0,$73,$5,$-1340,$-214,$0,$-214,$0,$0,$0,$-1259,$-1473,$99,$39,$0
25,2012-06-30,26.09,$-15.76,-1.65,$65.45,0.4,$11.37,2.29,$6.39,4.08,$7.14B,$5.45B,1.31,$25.73B,$-6.94B,-3.71,$31.54B,$26.09B,82.72%,$31.54B,$4.86B,15.40%,$31.54B,$4.86B,15.40%,$31.54B,$6.50B,20.62%,$31.54B,$4.24B,13.44%,$31.54B,$2.93B,9.28%,$2.93B,$-6.94B,-38.59%,$2.93B,$-12.37B,-23.83%,$2.93B,$27.13B,11.16%,$4.86B,$18.79B,26.63%,$8112,$1422,$6690,$0,$3707,$6963,$1149,$-450,$699,$214,$485,$485,$391,$1584,$1149,$439,459,$0.89,$0.85,$518,$1055,$756,$7137,$12846,$597,$5431,$840,$19995,$27132,$5447,$25732,$1857,$28628,$34075,$4,$-9463,$-449,$-6943,$27132,$1124,$866,$2194,$3060,$0,$0,$0,$-1927,$-1927,$2257,$-784,$0,$-133,$35,$0,$35,$-4,$-886,$-78,$0,$-78,$0,$0,$0,$-1148,$-1226,$145,$23,$0
26,2012-03-31,21.21,$-16.71,-1.27,$61.22,0.35,$9.81,2.16,$5.97,3.55,$7.28B,$5.62B,1.3,$26.06B,$-7.32B,-3.56,$30.68B,$25.36B,82.65%,$30.68B,$4.77B,15.55%,$30.68B,$4.77B,15.55%,$30.68B,$6.36B,20.72%,$30.68B,$4.01B,13.06%,$30.68B,$2.77B,9.01%,$2.77B,$-7.32B,-35.75%,$2.77B,$-12.72B,-23.53%,$2.77B,$27.14B,10.88%,$4.77B,$18.74B,26.77%,$8405,$1419,$6986,$0,$3736,$6999,$1406,$-443,$963,$324,$639,$639,$540,$1837,$1406,$438,458,$1.23,$1.18,$471,$1046,$661,$7282,$12787,$644,$5398,$736,$19857,$27139,$5615,$26061,$1757,$28848,$34463,$4,$-9854,$-411,$-7324,$27139,$639,$431,$1111,$1542,$0,$0,$0,$-1384,$-1384,$797,$-335,$0,$-111,$6,$0,$6,$3,$-437,$787,$0,$787,$0,$0,$0,$-1049,$-262,$98,$9,$0
27,2011-12-31,17.49,$-16.03,-1.09,$58.92,0.3,$10.08,1.73,$5.31,3.29,$7.23B,$5.55B,1.3,$25.65B,$-7.01B,-3.66,$29.68B,$24.50B,82.55%,$29.68B,$4.60B,15.48%,$29.68B,$4.60B,15.48%,$29.68B,$6.13B,20.66%,$29.68B,$3.56B,12.00%,$29.68B,$2.47B,8.30%,$2.47B,$-7.01B,-31.40%,$2.47B,$-12.27B,-22.02%,$2.47B,$26.90B,10.03%,$4.60B,$18.63B,26.43%,$7769,$1346,$6423,$0,$3492,$6517,$1252,$1202,$2454,$412,$2042,$2042,$1935,$1653,$1252,$477,496,$4.07,$3.91,$373,$1054,$679,$7233,$12834,$649,$5251,$641,$19665,$26898,$5554,$25645,$1720,$28358,$33912,$4,$-9423,$-440,$-7014,$26898,$2842,$1535,$2587,$4122,$-3248,$-18,$313,$-78,$-3031,$3933,$-1679,$0,$-1401,$80,$0,$80,$5,$-2995,$-1589,$0,$-1589,$1003,$1003,$0,$-390,$-976,$-38,$26,$0
