,Date,Stock Price,Book Value per Share,Price to Book Ratio,TTM Sales per Share,Price to Sales Ratio,TTM FCF per Share,Price to FCF Ratio,TTM Net EPS,PE Ratio,Current Assets,Current Liabilities,Current Ratio,Long Term Debt,Shareholder's Equity_x,Debt to Equity Ratio,TTM Revenue_x,TTM Gross Profit,Gross Margin,TTM Revenue_y,TTM Operating Income,Operating Margin,TTM Revenue_x,TTM EBIT,EBIT Margin,TTM Revenue_y,TTM EBITDA,EBITDA Margin,TTM Revenue_x,TTM Pre-Tax Income,Pre-Tax Margin,TTM Revenue_y,TTM Net Income_x,Net Margin,TTM Net Income_y,Shareholder's Equity_y,Return on Equity,TTM Net Income_x,Tangible Equity,Return on Tangible Equity,TTM Net Income_y,Total Assets,Return on Assets,TTM Net Income,LT Investments & Debt,Return on Investment,revenue,cost-goods-sold,gross-profit,research-development-expenses,selling-general-administrative-expenses,operating-expenses,operating-income,total-non-operating-income-expense,pre-tax-income,total-provision-income-taxes,income-after-taxes,income-from-continuous-operations,net-income,ebitda,ebit,basic-shares-outstanding,shares-outstanding,eps-basic-net-earnings-per-share,eps-earnings-per-share-diluted,cash-on-hand,inventory,other-current-assets,total-current-assets,net-property-plant-equipment,long-term-investments,goodwill-intangible-assets-total,other-long-term-assets,total-long-term-assets,total-assets,total-current-liabilities,long-term-debt,other-non-current-liabilities,total-long-term-liabilities,total-liabilities,common-stock-net,retained-earnings-accumulated-deficit,comprehensive-income,total-share-holder-equity,total-liabilities-share-holders-equity,net-income-loss,total-depreciation-amortization-cash-flow,other-non-cash-items,total-non-cash-items,change-in-accounts-receivable,change-in-inventories,change-in-accounts-payable,change-in-assets-liabilities,total-change-in-assets-liabilities,cash-flow-from-operating-activities,net-change-in-property-plant-equipment,net-change-in-intangible-assets,net-acquisitions-divestitures,net-change-in-short-term-investments,net-change-in-long-term-investments,net-change-in-investments-total,investing-activities-other,cash-flow-from-investing-activities,net-long-term-debt,net-current-debt,debt-issuance-retirement-net-total,net-common-equity-issued-repurchased,net-total-equity-issued-repurchased,total-common-preferred-stock-dividends-paid,financial-activities-other,cash-flow-from-financial-activities,net-cash-flow,stock-based-compensation,common-stock-dividends-paid
0,2018-09-30,21.35,$10.85,1.97,$17.23,1.24,$2.04,10.48,$1.03,20.73,$0.13B,$0.05B,2.79,$0.03B,$0.25B,0.12,$0.40B,$0.40B,100.00%,$0.40B,$0.03B,6.77%,$0.40B,$0.03B,6.77%,$0.40B,$0.04B,10.53%,$0.40B,$0.02B,6.02%,$0.40B,$0.02B,6.02%,$0.02B,$0.25B,9.97%,$0.02B,$0.20B,12.48%,$0.02B,$0.34B,7.36%,$0.03B,$0.28B,10.01%,$100,$0,$100,$0,$11,$91,$9,$-0,$9,$2,$6,$6,$6,$13,$9,$23,23,$0.28,$0.27,$46,$30,$7,$134,$134,$0,$49,$0,$207,$341,$48,$29,$0,$43,$91,$0,$53,$0,$250,$341,$12,$11,$7,$19,$-5,$-8,$6,$-1,$-8,$23,$-13,$0,$-5,$0,$0,$0,$0,$-18,$0,$0,$0,$-1,$-1,$0,$-0,$-1,$4,$3,$0
1,2018-06-30,20.1,$10.52,1.91,$16.59,1.21,$2.78,7.23,$0.96,20.94,$0.13B,$0.05B,2.53,$0.03B,$0.24B,0.12,$0.38B,$0.38B,100.00%,$0.38B,$0.03B,6.81%,$0.38B,$0.03B,6.81%,$0.38B,$0.04B,10.73%,$0.38B,$0.02B,5.76%,$0.38B,$0.02B,6.02%,$0.02B,$0.24B,9.83%,$0.02B,$0.19B,12.40%,$0.02B,$0.33B,7.24%,$0.03B,$0.27B,9.89%,$100,$0,$100,$0,$12,$92,$9,$-0,$8,$2,$6,$6,$6,$12,$9,$23,23,$0.26,$0.26,$42,$27,$5,$128,$132,$0,$50,$0,$205,$333,$51,$29,$0,$40,$91,$0,$47,$0,$242,$333,$6,$7,$4,$11,$-8,$-5,$9,$1,$-4,$13,$-7,$0,$-5,$0,$0,$0,$0,$-12,$0,$0,$0,$-1,$-1,$0,$-0,$-1,$-0,$2,$0
2,2018-03-31,23.55,$10.23,2.3,$16.08,1.46,$3.50,6.72,$1.00,23.55,$0.12B,$0.04B,2.8,$0.03B,$0.24B,0.12,$0.37B,$0.37B,100.00%,$0.37B,$0.03B,7.61%,$0.37B,$0.03B,7.61%,$0.37B,$0.05B,12.23%,$0.37B,$0.03B,6.79%,$0.37B,$0.02B,6.52%,$0.02B,$0.24B,10.57%,$0.02B,$0.19B,13.45%,$0.02B,$0.32B,7.78%,$0.03B,$0.26B,10.94%,$83,$0,$83,$0,$11,$83,$-0,$-0,$-1,$-0,$-0,$-0,$-0,$3,$-0,$23,23,$-0.01,$-0.01,$38,$25,$5,$115,$129,$0,$48,$0,$200,$315,$41,$29,$0,$38,$79,$0,$41,$0,$235,$315,$-0,$4,$1,$4,$-2,$-4,$2,$1,$-5,$-1,$-4,$0,$0,$0,$0,$0,$0,$-4,$0,$0,$0,$-0,$-0,$0,$0,$-0,$-4,$1,$0
3,2017-12-31,21.75,$10.31,2.11,$15.98,1.36,$4.06,5.35,$1.22,17.83,$0.12B,$0.04B,2.84,$0.03B,$0.24B,0.12,$0.37B,$0.37B,100.00%,$0.37B,$0.04B,9.86%,$0.37B,$0.04B,9.86%,$0.37B,$0.05B,14.79%,$0.37B,$0.03B,9.32%,$0.37B,$0.03B,7.95%,$0.03B,$0.24B,13.20%,$0.03B,$0.19B,17.03%,$0.03B,$0.32B,9.65%,$0.04B,$0.27B,14.49%,$116,$0,$116,$0,$14,$107,$9,$-0,$8,$-3,$12,$12,$12,$14,$9,$23,23,$0.51,$0.52,$42,$22,$6,$115,$128,$0,$48,$0,$200,$315,$40,$29,$0,$38,$79,$0,$41,$0,$236,$315,$28,$18,$7,$25,$2,$-3,$-5,$0,$-8,$45,$-10,$0,$0,$0,$0,$0,$0,$-10,$-34,$0,$-34,$6,$6,$0,$-1,$-30,$5,$3,$0
4,2017-09-30,21.75,$9.74,2.23,$15.67,1.39,$3.53,6.17,$0.86,25.29,$0.11B,$0.04B,2.51,$0.03B,$0.22B,0.13,$0.36B,$0.36B,100.00%,$0.36B,$0.03B,9.27%,$0.36B,$0.03B,9.27%,$0.36B,$0.05B,14.61%,$0.36B,$0.03B,8.71%,$0.36B,$0.02B,5.62%,$0.02B,$0.22B,9.51%,$0.02B,$0.17B,12.50%,$0.02B,$0.31B,6.66%,$0.03B,$0.25B,13.41%,$83,$0,$83,$0,$11,$76,$8,$-0,$7,$3,$5,$5,$5,$12,$8,$23,23,$0.21,$0.20,$33,$21,$7,$107,$128,$0,$49,$0,$200,$307,$43,$29,$0,$42,$85,$0,$30,$0,$223,$307,$17,$13,$9,$21,$2,$-2,$-4,$-1,$-6,$32,$-5,$0,$0,$0,$0,$0,$0,$-5,$-34,$0,$-34,$5,$5,$0,$-1,$-30,$-3,$2,$0
5,2017-06-30,15.9,$9.48,1.68,$15.67,1.01,$2.87,5.54,$0.76,20.92,$0.10B,$0.04B,2.17,$0.03B,$0.21B,0.13,$0.36B,$0.36B,100.00%,$0.36B,$0.03B,8.17%,$0.36B,$0.03B,8.17%,$0.36B,$0.05B,13.52%,$0.36B,$0.03B,7.61%,$0.36B,$0.02B,4.79%,$0.02B,$0.21B,8.38%,$0.02B,$0.16B,11.20%,$0.02B,$0.30B,5.64%,$0.03B,$0.24B,11.78%,$86,$0,$86,$0,$11,$75,$11,$-0,$11,$4,$7,$7,$7,$16,$11,$23,23,$0.31,$0.30,$25,$19,$6,$95,$130,$0,$50,$0,$203,$297,$44,$29,$0,$39,$83,$0,$25,$0,$214,$297,$12,$8,$9,$17,$3,$-0,$-2,$-0,$-1,$28,$-6,$0,$0,$0,$0,$0,$0,$-6,$-34,$0,$-34,$2,$2,$0,$-1,$-33,$-11,$1,$0
6,2017-03-31,13.7,$9.16,1.5,$15.48,0.89,$2.16,6.34,$0.54,25.37,$0.08B,$0.04B,1.89,$0.03B,$0.21B,0.14,$0.35B,$0.35B,100.00%,$0.35B,$0.02B,6.00%,$0.35B,$0.02B,6.00%,$0.35B,$0.04B,11.14%,$0.35B,$0.02B,5.43%,$0.35B,$0.01B,3.43%,$0.01B,$0.21B,6.09%,$0.01B,$0.16B,8.26%,$0.01B,$0.28B,3.96%,$0.02B,$0.23B,8.45%,$80,$0,$80,$0,$12,$73,$8,$-0,$8,$3,$5,$5,$5,$12,$8,$22,23,$0.21,$0.21,$11,$20,$5,$78,$130,$0,$51,$0,$204,$283,$42,$29,$0,$36,$77,$0,$18,$0,$206,$283,$5,$4,$4,$8,$4,$-1,$-3,$1,$-1,$12,$-3,$0,$0,$0,$0,$0,$0,$-3,$-34,$0,$-34,$1,$1,$0,$-1,$-34,$-26,$1,$0
7,2016-12-31,15.7,$8.89,1.77,$15.49,1.01,$1.81,8.66,$0.25,62.8,$0.11B,$0.05B,2.01,$0.06B,$0.20B,0.29,$0.35B,$0.35B,100.00%,$0.35B,$0.01B,3.16%,$0.35B,$0.01B,3.16%,$0.35B,$0.03B,8.33%,$0.35B,$0.01B,2.30%,$0.35B,$0.01B,1.44%,$0.01B,$0.20B,2.59%,$0.01B,$0.15B,3.57%,$0.01B,$0.31B,1.63%,$0.01B,$0.26B,4.35%,$107,$0,$107,$0,$15,$101,$6,$-1,$5,$2,$3,$3,$3,$12,$6,$22,23,$0.16,$0.16,$37,$19,$6,$109,$131,$0,$51,$0,$206,$314,$54,$57,$0,$62,$116,$0,$12,$0,$198,$314,$6,$18,$7,$25,$-6,$5,$8,$-1,$7,$38,$-16,$0,$-3,$0,$0,$0,$0,$-19,$-7,$0,$-7,$1,$1,$0,$-0,$-6,$13,$2,$0
8,2016-09-30,13.28,$8.69,1.53,$15.23,0.87,$1.28,10.4,$-0.01,0.0,$0.10B,$0.05B,1.92,$0.06B,$0.19B,0.31,$0.34B,$0.34B,100.00%,$0.34B,$0.00B,0.59%,$0.34B,$0.00B,0.59%,$0.34B,$0.02B,6.45%,$0.34B,$-0.00B,-0.29%,$0.34B,0,0.00%,$0.00B,$0.19B,0.00%,$0.00B,$0.14B,0.00%,$0.00B,$0.31B,0.00%,$0.00B,$0.25B,0.79%,$82,$0,$82,$0,$11,$78,$4,$-0,$3,$1,$2,$2,$2,$8,$4,$22,23,$0.10,$0.10,$30,$21,$7,$104,$131,$0,$52,$0,$207,$311,$54,$60,$0,$64,$118,$0,$9,$0,$193,$311,$3,$12,$5,$17,$-6,$2,$9,$-2,$5,$24,$-12,$0,$-2,$0,$0,$0,$0,$-15,$-3,$0,$-3,$0,$0,$0,$-0,$-3,$6,$1,$0
9,2016-06-30,12.21,$8.57,1.42,$15.29,0.8,$0.96,12.68,$0.01,0.0,$0.10B,$0.05B,1.98,$0.06B,$0.19B,0.32,$0.34B,$0.34B,100.00%,$0.34B,$0.00B,0.88%,$0.34B,$0.00B,0.88%,$0.34B,$0.02B,6.73%,$0.34B,0,0.00%,$0.34B,$0.00B,0.29%,$0.00B,$0.19B,0.52%,$0.00B,$0.14B,0.72%,$0.00B,$0.30B,0.33%,$0.00B,$0.25B,1.18%,$81,$0,$81,$0,$12,$77,$3,$-0,$3,$1,$2,$2,$2,$7,$3,$22,22,$0.08,$0.08,$25,$22,$7,$97,$131,$0,$53,$0,$207,$304,$49,$61,$0,$64,$113,$0,$6,$0,$191,$304,$0,$8,$3,$11,$-2,$2,$3,$-2,$3,$14,$-9,$0,$-2,$0,$0,$0,$0,$-11,$-2,$0,$-2,$0,$0,$0,$-0,$-2,$2,$1,$0
10,2016-03-31,9.94,$8.49,1.17,$15.40,0.65,$0.68,14.72,$0.02,497.0,$0.09B,$0.05B,1.97,$0.06B,$0.19B,0.33,$0.34B,$0.34B,100.00%,$0.34B,$0.00B,1.16%,$0.34B,$0.00B,1.16%,$0.34B,$0.02B,6.98%,$0.34B,0,0.00%,$0.34B,$0.00B,0.29%,$0.00B,$0.19B,0.53%,$0.00B,$0.14B,0.71%,$0.00B,$0.30B,0.33%,$0.00B,$0.25B,1.56%,$78,$0,$78,$0,$12,$81,$-2,$-1,$-3,$-1,$-2,$-2,$-2,$2,$-2,$22,22,$-0.08,$-0.08,$22,$22,$4,$91,$132,$0,$54,$0,$209,$300,$46,$63,$0,$65,$111,$0,$5,$0,$189,$300,$-2,$4,$1,$5,$0,$1,$1,$1,$3,$6,$-5,$0,$-2,$0,$0,$0,$0,$-8,$0,$-0,$-0,$0,$0,$0,$0,$0,$-1,$0,$0
11,2015-12-31,10.6,$8.55,1.24,$15.67,0.68,$0.58,18.13,$0.06,176.67,$0.10B,$0.05B,2.04,$0.06B,$0.19B,0.33,$0.35B,$0.35B,100.00%,$0.35B,$0.01B,1.43%,$0.35B,$0.01B,1.43%,$0.35B,$0.03B,7.14%,$0.35B,$0.00B,0.29%,$0.35B,$0.00B,0.57%,$0.00B,$0.19B,1.06%,$0.00B,$0.14B,1.40%,$0.00B,$0.30B,0.65%,$0.01B,$0.25B,1.93%,$100,$0,$100,$0,$14,$104,$-3,$-1,$-4,$-2,$-2,$-2,$-2,$5,$-3,$22,22,$-0.11,$-0.11,$24,$25,$5,$95,$131,$0,$53,$0,$207,$302,$47,$63,$0,$66,$112,$0,$6,$0,$190,$302,$1,$21,$12,$33,$3,$-3,$-8,$5,$-5,$29,$-19,$0,$0,$0,$0,$0,$0,$-19,$-8,$-0,$-8,$0,$0,$0,$-0,$-8,$2,$1,$0
12,2015-09-30,10.27,$8.67,1.19,$17.48,0.59,$-0.18,0.0,$-0.34,0.0,$0.10B,$0.04B,2.78,$0.07B,$0.19B,0.35,$0.37B,$0.37B,100.00%,$0.37B,$-0.01B,-1.91%,$0.37B,$-0.01B,-1.91%,$0.37B,$0.01B,2.72%,$0.37B,$-0.01B,-2.72%,$0.37B,$-0.01B,-1.63%,$-0.01B,$0.19B,-3.18%,$-0.01B,$0.15B,-4.15%,$-0.01B,$0.31B,-1.93%,$-0.01B,$0.26B,-2.68%,$83,$0,$83,$0,$10,$78,$5,$-0,$4,$2,$3,$3,$3,$9,$5,$22,22,$0.12,$0.12,$20,$27,$8,$103,$134,$0,$45,$0,$202,$305,$37,$68,$0,$76,$113,$0,$9,$0,$192,$305,$4,$13,$12,$25,$3,$-3,$-11,$3,$-12,$17,$-12,$0,$0,$0,$0,$0,$0,$-12,$-5,$-0,$-6,$0,$0,$0,$-0,$-6,$-1,$1,$0
13,2015-06-30,14.7,$8.54,1.72,$17.94,0.82,$-0.59,0.0,$-0.33,0.0,$0.10B,$0.04B,2.65,$0.07B,$0.19B,0.38,$0.36B,$0.36B,100.00%,$0.36B,$-0.01B,-2.21%,$0.36B,$-0.01B,-2.21%,$0.36B,$0.01B,2.21%,$0.36B,$-0.01B,-2.76%,$0.36B,$-0.01B,-1.93%,$-0.01B,$0.19B,-3.86%,$-0.01B,$0.15B,-4.92%,$-0.01B,$0.31B,-2.40%,$-0.01B,$0.26B,-3.32%,$83,$0,$83,$0,$11,$79,$4,$-0,$3,$1,$2,$2,$2,$8,$4,$22,22,$0.09,$0.09,$19,$29,$6,$104,$136,$0,$44,$0,$203,$307,$39,$72,$0,$78,$117,$0,$6,$0,$189,$307,$1,$8,$6,$15,$1,$-2,$-8,$6,$-7,$9,$-10,$0,$0,$0,$0,$0,$0,$-10,$-1,$-0,$-1,$0,$0,$0,$-0,$-1,$-2,$1,$0
14,2015-03-31,11.7,$8.45,1.39,$18.39,0.64,$-0.68,0.0,$-0.32,0.0,$0.11B,$0.05B,2.31,$0.07B,$0.19B,0.4,$0.36B,$0.36B,100.00%,$0.36B,$-0.01B,-2.52%,$0.36B,$-0.01B,-2.52%,$0.36B,$0.01B,1.68%,$0.36B,$-0.01B,-2.80%,$0.36B,$-0.01B,-1.96%,$-0.01B,$0.19B,-4.02%,$-0.01B,$0.14B,-5.01%,$-0.01B,$0.31B,-2.59%,$-0.01B,$0.26B,-4.09%,$84,$0,$84,$0,$11,$85,$-1,$-1,$-2,$-1,$-1,$-1,$-1,$3,$-1,$22,22,$-0.04,$-0.04,$20,$27,$10,$108,$138,$0,$44,$0,$204,$312,$47,$74,$0,$79,$126,$0,$4,$0,$187,$312,$-1,$4,$2,$7,$2,$1,$-4,$2,$-1,$4,$-5,$0,$0,$0,$0,$0,$0,$-5,$-0,$-0,$-0,$0,$0,$0,$0,$-0,$-1,$0,$0
15,2014-12-31,12.33,$8.48,1.45,$18.18,0.68,$-0.74,0.0,$-0.37,0.0,$0.12B,$0.05B,2.2,$0.07B,$0.19B,0.39,$0.34B,$0.34B,100.00%,$0.34B,$-0.01B,-3.24%,$0.34B,$-0.01B,-3.24%,$0.34B,$0.00B,0.88%,$0.34B,$-0.01B,-3.24%,$0.34B,$-0.01B,-2.36%,$-0.01B,$0.19B,-4.79%,$-0.01B,$0.14B,-5.83%,$-0.01B,$0.32B,-3.26%,$-0.01B,$0.26B,-5.53%,$117,$0,$117,$0,$20,$132,$-15,$-1,$-15,$-5,$-10,$-10,$-10,$-10,$-15,$19,19,$-0.52,$-0.52,$22,$31,$12,$117,$137,$0,$44,$0,$203,$320,$53,$74,$0,$79,$132,$0,$5,$0,$187,$320,$-7,$13,$5,$18,$4,$-2,$2,$-1,$4,$15,$-20,$0,$-87,$0,$0,$0,$0,$-107,$59,$-2,$57,$34,$34,$0,$-0,$91,$-1,$1,$0
16,2014-09-30,14.86,$8.85,1.68,$16.84,0.88,$-0.57,0.0,$0.28,53.07,$0.09B,$0.03B,2.59,$0.02B,$0.16B,0.1,$0.31B,$0.31B,100.00%,$0.31B,$0.01B,2.87%,$0.31B,$0.01B,2.87%,$0.31B,$0.02B,6.69%,$0.31B,$0.01B,2.87%,$0.31B,$0.01B,1.59%,$0.01B,$0.16B,3.13%,$0.01B,$0.14B,3.70%,$0.01B,$0.23B,2.28%,$0.01B,$0.18B,5.06%,$78,$0,$78,$0,$8,$74,$4,$-0,$4,$2,$2,$2,$2,$7,$4,$18,19,$0.13,$0.13,$16,$30,$6,$89,$90,$0,$25,$0,$137,$226,$34,$17,$0,$28,$63,$0,$15,$0,$163,$226,$3,$8,$3,$11,$-5,$-3,$7,$-2,$-3,$11,$-15,$0,$-1,$0,$0,$0,$0,$-16,$-1,$-1,$-2,$0,$0,$0,$-0,$-2,$-7,$1,$0
17,2014-06-30,19.63,$8.69,2.26,$16.34,1.2,$-0.69,0.0,$0.22,89.23,$0.09B,$0.04B,2.5,$0.02B,$0.16B,0.11,$0.30B,$0.30B,100.00%,$0.30B,$0.01B,2.30%,$0.30B,$0.01B,2.30%,$0.30B,$0.02B,6.25%,$0.30B,$0.01B,2.30%,$0.30B,$0.00B,1.32%,$0.00B,$0.16B,2.53%,$0.00B,$0.14B,2.96%,$0.00B,$0.22B,1.85%,$0.01B,$0.18B,3.97%,$78,$0,$78,$0,$8,$75,$3,$-0,$3,$1,$2,$2,$2,$6,$3,$18,19,$0.10,$0.10,$18,$30,$4,$89,$88,$0,$25,$0,$134,$223,$36,$18,$0,$27,$62,$0,$12,$0,$160,$223,$0,$5,$1,$6,$-5,$-3,$9,$-0,$0,$7,$-9,$0,$-1,$0,$0,$0,$0,$-10,$-1,$-1,$-1,$0,$0,$0,$-0,$-1,$-5,$0,$0
18,2014-03-31,18.13,$8.57,2.12,$15.62,1.16,$-0.80,0.0,$0.18,100.72,$0.08B,$0.03B,2.7,$0.02B,$0.16B,0.11,$0.29B,$0.29B,100.00%,$0.29B,$0.01B,2.07%,$0.29B,$0.01B,2.07%,$0.29B,$0.02B,5.86%,$0.29B,$0.01B,2.07%,$0.29B,$0.00B,1.03%,$0.00B,$0.16B,1.92%,$0.00B,$0.13B,2.19%,$0.00B,$0.21B,1.42%,$0.01B,$0.18B,3.43%,$66,$0,$66,$0,$9,$69,$-3,$-0,$-3,$-1,$-2,$-2,$-2,$-0,$-3,$18,18,$-0.09,$-0.09,$20,$28,$4,$82,$87,$0,$25,$0,$132,$214,$31,$18,$0,$26,$56,$0,$10,$0,$158,$214,$-2,$3,$-1,$1,$2,$-1,$4,$-1,$3,$3,$-5,$0,$0,$0,$0,$0,$0,$-5,$-0,$-0,$-1,$0,$0,$0,$0,$-1,$-3,$-0,$0
19,2013-12-31,20.49,$8.68,2.36,$15.35,1.33,$-0.74,0.0,$0.25,81.96,$0.09B,$0.03B,2.92,$0.02B,$0.16B,0.11,$0.28B,$0.28B,100.00%,$0.28B,$0.01B,2.82%,$0.28B,$0.01B,2.82%,$0.28B,$0.02B,6.34%,$0.28B,$0.01B,2.82%,$0.28B,$0.01B,1.76%,$0.01B,$0.16B,3.24%,$0.01B,$0.13B,3.61%,$0.01B,$0.22B,2.39%,$0.01B,$0.18B,4.62%,$92,$0,$92,$0,$10,$87,$5,$-0,$5,$2,$3,$3,$3,$8,$5,$18,19,$0.14,$0.13,$23,$27,$4,$86,$85,$0,$26,$0,$130,$216,$29,$18,$0,$27,$57,$0,$12,$0,$159,$216,$5,$10,$5,$15,$-8,$2,$0,$-0,$-4,$15,$-18,$-1,$-21,$0,$0,$0,$0,$-40,$-1,$-1,$-2,$1,$1,$0,$0,$-1,$-25,$1,$0
20,2013-09-30,18.0,$8.50,2.12,$14.87,1.21,$-1.74,0.0,$0.10,179.95,$0.10B,$0.03B,3.23,$0.02B,$0.16B,0.12,$0.27B,$0.27B,100.00%,$0.27B,$0.00B,1.11%,$0.27B,$0.00B,1.11%,$0.27B,$0.01B,4.44%,$0.27B,$0.00B,1.11%,$0.27B,$0.00B,0.74%,$0.00B,$0.16B,1.32%,$0.00B,$0.14B,1.42%,$0.00B,$0.21B,0.98%,$0.00B,$0.18B,1.75%,$68,$0,$68,$0,$7,$65,$2,$-0,$2,$1,$1,$1,$1,$5,$2,$18,19,$0.07,$0.07,$31,$28,$5,$96,$79,$0,$17,$0,$115,$211,$30,$19,$0,$26,$55,$0,$9,$0,$156,$211,$2,$6,$3,$9,$-9,$0,$1,$-1,$-6,$5,$-11,$0,$-10,$0,$0,$0,$0,$-21,$-0,$-1,$-1,$0,$0,$0,$0,$-1,$-17,$1,$0
21,2013-06-30,14.61,$8.35,1.75,$14.60,1.0,$-2.64,0.0,$0.09,162.33,$0.10B,$0.03B,3.77,$0.02B,$0.15B,0.13,$0.26B,$0.26B,100.00%,$0.26B,$0.00B,1.14%,$0.26B,$0.00B,1.14%,$0.26B,$0.01B,4.17%,$0.26B,$0.00B,1.14%,$0.26B,$0.00B,0.76%,$0.00B,$0.15B,1.33%,$0.00B,$0.14B,1.41%,$0.00B,$0.21B,0.99%,$0.00B,$0.17B,1.77%,$64,$0,$64,$0,$7,$62,$2,$-0,$2,$1,$1,$1,$1,$4,$2,$18,18,$0.06,$0.06,$41,$29,$3,$102,$74,$0,$10,$0,$103,$205,$27,$19,$0,$26,$53,$0,$8,$0,$152,$205,$1,$4,$1,$5,$-4,$-2,$1,$0,$-3,$2,$-7,$0,$-2,$0,$0,$0,$0,$-9,$-0,$-0,$-0,$0,$0,$0,$0,$-0,$-7,$0,$0
22,2013-03-31,15.1,$8.28,1.82,$14.79,1.02,$-3.48,0.0,$0.10,151.0,$0.10B,$0.03B,3.67,$0.02B,$0.15B,0.13,$0.26B,$0.26B,100.00%,$0.26B,$0.00B,1.15%,$0.26B,$0.00B,1.15%,$0.26B,$0.01B,4.20%,$0.26B,$0.00B,1.15%,$0.26B,$0.00B,0.76%,$0.00B,$0.15B,1.34%,$0.00B,$0.14B,1.41%,$0.00B,$0.20B,0.99%,$0.00B,$0.17B,1.78%,$60,$0,$60,$0,$7,$61,$-1,$-0,$-1,$-0,$-0,$-0,$-0,$1,$-1,$18,18,$-0.02,$-0.02,$44,$28,$4,$102,$74,$0,$10,$0,$101,$204,$28,$20,$0,$26,$54,$0,$7,$0,$150,$204,$-0,$2,$-0,$1,$-1,$-0,$3,$-1,$1,$2,$-3,$0,$-2,$0,$0,$0,$0,$-6,$0,$-0,$0,$0,$0,$0,$0,$0,$-3,$0,$0
23,2012-12-31,15.01,$8.27,1.82,$14.85,1.01,$-4.30,0.0,$0.14,107.21,$0.10B,$0.02B,4.2,$0.02B,$0.15B,0.13,$0.25B,$0.25B,100.00%,$0.25B,$0.01B,1.98%,$0.25B,$0.01B,1.98%,$0.25B,$0.01B,4.74%,$0.25B,$0.00B,1.58%,$0.25B,$0.00B,0.79%,$0.00B,$0.15B,1.52%,$0.00B,$0.14B,1.60%,$0.00B,$0.20B,1.06%,$0.01B,$0.17B,3.31%,$78,$0,$78,$0,$9,$78,$-0,$-0,$-0,$-0,$-0,$-0,$-0,$2,$-0,$17,17,$-0.02,$-0.02,$48,$27,$3,$103,$72,$0,$6,$0,$97,$199,$24,$19,$0,$25,$50,$0,$8,$0,$149,$199,$2,$8,$4,$12,$-7,$-6,$3,$-0,$-11,$3,$-22,$-1,$0,$0,$0,$0,$0,$-23,$-1,$-1,$-2,$68,$68,$0,$0,$66,$46,$1,$0
24,2012-09-30,19.85,$8.26,2.4,$14.11,1.41,$-5.75,0.0,$0.14,141.79,$0.11B,$0.03B,4.0,$0.02B,$0.15B,0.13,$0.23B,$0.23B,100.00%,$0.23B,$0.01B,2.17%,$0.23B,$0.01B,2.17%,$0.23B,$0.01B,5.22%,$0.23B,$0.00B,1.74%,$0.23B,$0.00B,0.87%,$0.00B,$0.15B,1.76%,$0.00B,$0.14B,1.86%,$0.00B,$0.20B,1.16%,$0.01B,$0.17B,3.73%,$62,$0,$62,$0,$6,$60,$2,$-0,$2,$1,$1,$1,$1,$4,$2,$18,18,$0.06,$0.06,$46,$26,$3,$109,$72,$0,$6,$0,$96,$204,$27,$20,$1,$28,$55,$0,$8,$0,$149,$204,$3,$6,$2,$8,$-13,$-5,$4,$-1,$-14,$-4,$-19,$0,$0,$0,$0,$0,$0,$-19,$-0,$-0,$-1,$67,$67,$0,$0,$67,$44,$1,$0
25,2012-06-30,16.35,$8.19,2.0,$13.25,1.23,$-6.39,0.0,$0.12,136.25,$0.11B,$0.03B,4.04,$0.02B,$0.15B,0.14,$0.21B,$0.21B,100.00%,$0.21B,$0.00B,1.95%,$0.21B,$0.00B,1.95%,$0.21B,$0.01B,4.88%,$0.21B,$0.00B,1.46%,$0.21B,$0.00B,0.98%,$0.00B,$0.15B,2.09%,$0.00B,$0.14B,2.23%,$0.00B,$0.20B,1.32%,$0.00B,$0.17B,3.44%,$62,$0,$62,$0,$6,$60,$2,$-0,$2,$1,$1,$1,$1,$4,$2,$17,17,$0.07,$0.07,$51,$28,$2,$108,$69,$0,$6,$0,$93,$201,$27,$20,$1,$26,$53,$0,$7,$0,$148,$201,$1,$4,$2,$6,$-8,$-7,$5,$-1,$-11,$-4,$-14,$-0,$0,$0,$0,$0,$0,$-15,$0,$-0,$-0,$67,$67,$0,$0,$67,$48,$0,$0
26,2012-03-31,19.95,$5.46,3.65,$11.79,1.69,$-6.88,0.0,$0.10,199.5,$0.06B,$0.05B,1.28,$0.02B,$0.08B,0.26,$0.18B,$0.18B,100.00%,$0.18B,$0.00B,1.71%,$0.18B,$0.00B,1.71%,$0.18B,$0.01B,4.57%,$0.18B,$0.00B,1.14%,$0.18B,$0.00B,1.14%,$0.00B,$0.08B,2.57%,$0.00B,$0.07B,2.78%,$0.00B,$0.15B,1.55%,$0.00B,$0.10B,3.12%,$51,$0,$51,$0,$6,$50,$1,$-0,$0,$0,$0,$0,$0,$2,$1,$14,15,$0.02,$0.02,$1,$29,$3,$58,$69,$0,$6,$0,$92,$150,$45,$20,$1,$26,$71,$0,$6,$0,$79,$150,$0,$2,$0,$2,$-8,$-7,$9,$-1,$-7,$-4,$-9,$-0,$0,$0,$0,$0,$0,$-9,$0,$12,$12,$0,$0,$0,$0,$12,$-1,$0,$0
27,2011-12-31,16.56,$5.44,3.05,$10.41,1.59,$-6.69,0.0,$0.10,165.6,$0.04B,$0.03B,1.54,$0.02B,$0.08B,0.27,$0.15B,$0.15B,100.00%,$0.15B,$0.00B,1.96%,$0.15B,$0.00B,1.96%,$0.15B,$0.01B,5.23%,$0.15B,$0.00B,1.96%,$0.15B,$0.00B,1.31%,$0.00B,$0.08B,2.61%,$0.00B,$0.07B,2.81%,$0.00B,$0.13B,1.74%,$0.00B,$0.10B,3.31%,$55,$0,$55,$0,$6,$55,$-0,$-0,$-0,$-0,$-0,$-0,$-0,$2,$-0,$14,15,$-0.01,$-0.01,$2,$21,$2,$44,$67,$0,$6,$0,$90,$134,$29,$21,$1,$27,$56,$0,$5,$0,$79,$134,$1,$6,$4,$10,$-4,$-9,$6,$0,$-7,$5,$-43,$-1,$-2,$0,$0,$0,$0,$-46,$20,$-1,$19,$2,$2,$0,$0,$21,$-20,$1,$0
28,2011-09-30,18.16,$5.37,3.38,$9.52,1.91,$-4.49,0.0,$0.18,100.89,$0.05B,$0.02B,2.32,$0.02B,$0.08B,0.28,$0.13B,$0.13B,100.00%,$0.13B,$0.01B,3.73%,$0.13B,$0.01B,3.73%,$0.13B,$0.01B,6.72%,$0.13B,$0.01B,3.73%,$0.13B,$0.00B,2.24%,$0.00B,$0.08B,3.97%,$0.00B,$0.07B,4.23%,$0.00B,$0.12B,2.88%,$0.01B,$0.10B,5.93%,$37,$0,$37,$0,$5,$36,$1,$-0,$1,$0,$1,$1,$1,$2,$1,$14,15,$0.04,$0.04,$13,$18,$3,$53,$50,$0,$5,$0,$71,$123,$23,$21,$0,$24,$46,$0,$6,$0,$77,$123,$2,$4,$1,$5,$-4,$-7,$3,$-0,$-6,$1,$-28,$-0,$-1,$0,$0,$0,$0,$-30,$20,$-0,$20,$0,$0,$0,$0,$20,$-9,$1,$0
29,2011-06-30,19.18,$5.31,3.61,$8.88,2.16,$-2.65,0.0,$0.19,100.95,$0.05B,$0.02B,2.48,$0.01B,$0.08B,0.15,$0.12B,$0.12B,100.00%,$0.12B,$0.01B,4.03%,$0.12B,$0.01B,4.03%,$0.12B,$0.01B,7.26%,$0.12B,$0.01B,4.03%,$0.12B,$0.00B,2.42%,$0.00B,$0.08B,4.04%,$0.00B,$0.07B,4.27%,$0.00B,$0.11B,3.17%,$0.01B,$0.09B,6.43%,$32,$0,$32,$0,$5,$31,$1,$-0,$1,$0,$1,$1,$1,$2,$1,$14,15,$0.05,$0.05,$7,$18,$3,$45,$58,$0,$5,$0,$62,$108,$18,$12,$0,$14,$32,$0,$5,$0,$76,$108,$1,$2,$1,$4,$-4,$-6,$1,$-0,$-8,$-4,$-19,$-0,$-1,$0,$0,$0,$0,$-20,$0,$10,$10,$0,$0,$0,$0,$10,$-14,$1,$0
30,2011-03-31,14.25,$5.25,2.72,$9.02,1.58,$-1.13,0.0,$0.22,64.77,$0.04B,$0.02B,2.39,$0.00B,$0.08B,0.02,$0.12B,$0.12B,100.00%,$0.12B,$0.01B,5.13%,$0.12B,$0.01B,5.13%,$0.12B,$0.01B,8.55%,$0.12B,$0.01B,5.13%,$0.12B,$0.00B,2.56%,$0.00B,$0.08B,4.15%,$0.00B,$0.07B,4.36%,$0.00B,$0.10B,3.41%,$0.01B,$0.08B,8.25%,$29,$0,$29,$0,$5,$28,$1,$-0,$1,$0,$0,$0,$0,$2,$1,$14,14,$0.02,$0.02,$11,$14,$2,$43,$49,$0,$5,$0,$54,$96,$18,$2,$0,$3,$21,$0,$4,$0,$75,$96,$0,$1,$0,$1,$-1,$-2,$0,$0,$-3,$-1,$-8,$-0,$-1,$0,$0,$0,$0,$-10,$0,$0,$0,$0,$0,$0,$0,$0,$-11,$0,$0
31,2010-12-31,10.06,$5.17,1.95,$9.25,1.09,$-0.41,0.0,$0.26,38.69,$0.05B,$0.01B,3.47,$0.00B,$0.07B,0.0,$0.11B,$0.11B,100.00%,$0.11B,$0.01B,5.36%,$0.11B,$0.01B,5.36%,$0.11B,$0.01B,8.93%,$0.11B,$0.01B,5.36%,$0.11B,$0.00B,3.57%,$0.00B,$0.07B,6.18%,$0.00B,$0.07B,6.48%,$0.00B,$0.09B,5.13%,$0.01B,$0.07B,9.27%,$36,$0,$36,$0,$6,$34,$2,$0,$2,$1,$1,$1,$1,$3,$2,$13,13,$0.06,$0.07,$22,$12,$2,$50,$22,$0,$3,$0,$40,$90,$14,$0,$0,$2,$16,$0,$4,$0,$74,$90,$3,$5,$2,$7,$-2,$-2,$2,$-0,$-2,$8,$-13,$-0,$0,$0,$0,$0,$0,$-13,$0,$0,$0,$26,$26,$0,$0,$26,$21,$1,$0
32,2010-09-30,9.95,$5.09,1.96,$9.19,1.08,$0.18,56.57,$0.24,41.46,$0.05B,$0.01B,4.52,$0.00B,$0.07B,0.0,$0.11B,$0.11B,100.00%,$0.11B,$0.01B,4.72%,$0.11B,$0.01B,4.72%,$0.11B,$0.01B,8.49%,$0.11B,$0.01B,4.72%,$0.11B,$0.00B,3.77%,$0.00B,$0.07B,6.99%,$0.00B,$0.07B,7.37%,$0.00B,$0.09B,5.80%,$0.01B,$0.07B,8.73%,$27,$0,$27,$0,$4,$25,$1,$0,$1,$1,$1,$1,$1,$2,$1,$14,14,$0.05,$0.05,$26,$10,$2,$53,$30,$0,$3,$0,$33,$85,$12,$0,$0,$1,$13,$0,$3,$0,$72,$85,$2,$3,$1,$4,$-2,$-0,$2,$-0,$-0,$6,$-7,$-0,$0,$0,$0,$0,$0,$-7,$0,$0,$0,$26,$26,$0,$0,$26,$25,$0,$0
33,2010-06-30,8.05,$4.93,1.63,$9.37,0.86,$0.38,21.13,$0.24,33.54,$0.05B,$0.01B,4.22,$0.00B,$0.07B,0.0,$0.10B,$0.10B,95.05%,$0.10B,$0.01B,4.95%,$0.10B,$0.01B,4.95%,$0.10B,$0.01B,8.91%,$0.10B,$0.01B,4.95%,$0.10B,$0.00B,3.96%,$0.00B,$0.07B,8.00%,$0.00B,$0.07B,8.51%,$0.00B,$0.08B,6.53%,$0.01B,$0.07B,10.00%,$25,$0,$25,$0,$4,$24,$2,$0,$2,$1,$1,$1,$1,$3,$2,$11,11,$0.09,$0.08,$23,$11,$2,$51,$27,$0,$3,$0,$30,$81,$12,$0,$0,$1,$13,$0,$2,$0,$68,$81,$2,$2,$1,$3,$-2,$-1,$2,$-0,$-1,$3,$-3,$-0,$0,$0,$0,$0,$0,$-4,$0,$0,$0,$22,$22,$0,$0,$22,$22,$0,$0
34,2010-03-31,11.3,$4.18,2.71,$9.14,1.24,$0.70,16.19,$0.22,51.36,$0.03B,$0.01B,2.72,$0.00B,$0.05B,0.0,$0.10B,$0.09B,89.80%,$0.10B,$0.00B,4.08%,$0.10B,$0.00B,4.08%,$0.10B,$0.01B,8.16%,$0.10B,$0.00B,4.08%,$0.10B,$0.00B,4.08%,$0.00B,$0.05B,9.14%,$0.00B,$0.04B,9.82%,$0.00B,$0.06B,7.37%,$0.00B,$0.05B,9.14%,$24,$0,$24,$0,$4,$23,$1,$0,$1,$0,$1,$1,$1,$2,$1,$11,11,$0.06,$0.06,$1,$10,$2,$27,$26,$0,$3,$0,$29,$56,$10,$0,$0,$1,$11,$0,$1,$0,$45,$56,$1,$1,$0,$1,$-1,$-1,$1,$0,$-0,$2,$-1,$-0,$0,$0,$0,$0,$0,$-1,$0,$0,$0,$0,$0,$0,$0,$0,$0,$0,$0
35,2009-12-31,10.46,$4.10,2.55,$9.13,1.15,$0.85,12.33,$0.17,61.53,$0.03B,$0.01B,2.86,$0.00B,$0.04B,0.0,$0.10B,$0.08B,81.63%,$0.10B,$0.00B,3.06%,$0.10B,$0.00B,3.06%,$0.10B,$0.01B,7.14%,$0.10B,$0.00B,3.06%,$0.10B,$0.00B,3.06%,$0.00B,$0.04B,6.98%,$0.00B,$0.04B,7.45%,$0.00B,$0.05B,5.63%,$0.00B,$0.04B,6.98%,$30,$0,$30,$0,$5,$29,$1,$0,$1,$0,$1,$1,$1,$2,$1,$11,11,$0.05,$0.05,$1,$10,$2,$26,$25,$0,$3,$0,$28,$54,$9,$0,$0,$1,$10,$0,$1,$0,$44,$54,$2,$4,$2,$7,$2,$1,$-1,$0,$2,$10,$-8,$-2,$0,$0,$0,$0,$0,$-10,$4,$-4,$-0,$0,$0,$0,$0,$0,$1,$0,$0
36,2009-09-30,12.75,$4.04,3.16,$9.82,1.3,$0.64,19.8,$0.02,637.5,$0.03B,$0.01B,2.57,$0.00B,$0.04B,0.0,$0.10B,$0.07B,67.96%,$0.10B,0,0.00%,$0.10B,0,0.00%,$0.10B,$0.01B,4.85%,$0.10B,0,0.00%,$0.10B,$0.00B,0.97%,$0.00B,$0.04B,2.35%,$0.00B,$0.04B,2.50%,$0.00B,$0.05B,1.90%,$0.00B,$0.04B,0.00%,$22,$6,$17,$0,$4,$21,$1,$-0,$1,$0,$1,$1,$1,$2,$1,$11,11,$0.05,$0.05,$1,$9,$0,$26,$25,$0,$3,$0,$28,$54,$10,$0,$0,$1,$11,$0,$0,$0,$43,$54,$1,$3,$1,$4,$2,$1,$0,$-0,$3,$9,$-7,$-1,$0,$0,$0,$0,$0,$-8,$0,$-0,$-0,$0,$0,$0,$0,$0,$1,$0,$0
37,2009-06-30,12.15,$3.98,3.06,$10.12,1.2,$0.35,35.05,$0.12,101.25,$0.03B,$0.01B,2.89,$0.00B,$0.04B,0.0,$0.11B,$0.07B,68.22%,$0.11B,$0.00B,1.87%,$0.11B,$0.00B,1.87%,$0.11B,$0.01B,6.54%,$0.11B,$0.00B,1.87%,$0.11B,$0.00B,1.87%,$0.00B,$0.04B,4.73%,$0.00B,$0.04B,4.97%,$0.00B,$0.05B,3.76%,$0.00B,$0.04B,4.68%,$22,$5,$17,$0,$4,$21,$1,$-0,$1,$0,$1,$1,$1,$2,$1,$11,11,$0.06,$0.06,$2,$10,$0,$29,$22,$0,$3,$0,$24,$53,$10,$0,$0,$1,$11,$0,$-0,$0,$43,$53,$1,$2,$1,$3,$1,$1,$-0,$-0,$2,$5,$-2,$-1,$0,$0,$0,$0,$0,$-4,$0,$-0,$-0,$0,$0,$0,$0,$0,$2,$0,$0
38,2009-03-31,7.46,$3.91,1.91,$10.32,0.72,$-0.11,0.0,$0.19,39.26,$0.03B,$0.01B,2.9,$0.00B,$0.04B,0.0,$0.11B,$0.08B,68.18%,$0.11B,$0.00B,2.73%,$0.11B,$0.00B,2.73%,$0.11B,$0.01B,7.27%,$0.11B,$0.00B,2.73%,$0.11B,$0.00B,1.82%,$0.00B,$0.04B,4.79%,$0.00B,$0.04B,5.00%,$0.00B,$0.05B,3.74%,$0.00B,$0.04B,7.06%,$24,$7,$16,$0,$4,$24,$0,$0,$0,$0,$0,$0,$0,$1,$0,$11,11,$0.01,$0.01,$2,$10,$0,$29,$21,$0,$2,$0,$23,$52,$10,$0,$0,$1,$11,$0,$-1,$0,$42,$52,$0,$1,$0,$1,$1,$1,$1,$-1,$2,$3,$-1,$-0,$0,$0,$0,$0,$0,$-1,$0,$-0,$-0,$0,$0,$0,$0,$0,$2,$0,$0
39,2008-12-31,11.6,$3.89,2.98,$11.13,1.04,$-0.61,0.0,$-0.23,0.0,$0.03B,$0.01B,2.91,$0.00B,$0.04B,0.0,$0.11B,$0.08B,69.72%,$0.11B,$0.00B,1.83%,$0.11B,$0.00B,1.83%,$0.11B,$0.01B,5.50%,$0.11B,$0.00B,0.92%,$0.11B,$-0.00B,-0.92%,$-0.00B,$0.04B,-2.42%,$-0.00B,$0.04B,-2.53%,$-0.00B,$0.05B,-1.88%,$0.00B,$0.04B,4.76%,$35,$14,$20,$0,$5,$36,$-2,$-0,$-2,$-1,$-1,$-1,$-1,$-0,$-2,$10,10,$0.02,$0.02,$0,$11,$2,$29,$21,$0,$2,$0,$23,$52,$10,$0,$0,$0,$10,$0,$-1,$0,$42,$52,$-1,$4,$9,$12,$-2,$-3,$-1,$-1,$-7,$5,$-5,$-1,$0,$0,$0,$0,$0,$-5,$0,$-22,$-22,$34,$34,$-12,$-0,$0,$-0,$3,$0
