,Date,Stock Price,Book Value per Share,Price to Book Ratio,TTM Sales per Share,Price to Sales Ratio,TTM FCF per Share,Price to FCF Ratio,TTM Net EPS,PE Ratio,Current Assets,Current Liabilities,Current Ratio,Long Term Debt,Shareholder's Equity_x,Debt to Equity Ratio,TTM Revenue_x,TTM Gross Profit,Gross Margin,TTM Revenue_y,TTM Operating Income,Operating Margin,TTM Revenue_x,TTM EBIT,EBIT Margin,TTM Revenue_y,TTM EBITDA,EBITDA Margin,TTM Revenue_x,TTM Pre-Tax Income,Pre-Tax Margin,TTM Revenue_y,TTM Net Income_x,Net Margin,TTM Net Income_y,Shareholder's Equity_y,Return on Equity,TTM Net Income_x,Tangible Equity,Return on Tangible Equity,TTM Net Income_y,Total Assets,Return on Assets,TTM Net Income,LT Investments & Debt,Return on Investment,revenue,cost-goods-sold,gross-profit,research-development-expenses,selling-general-administrative-expenses,operating-expenses,operating-income,total-non-operating-income-expense,pre-tax-income,total-provision-income-taxes,income-after-taxes,income-from-continuous-operations,net-income,ebitda,ebit,basic-shares-outstanding,shares-outstanding,eps-basic-net-earnings-per-share,eps-earnings-per-share-diluted,cash-on-hand,inventory,other-current-assets,total-current-assets,net-property-plant-equipment,long-term-investments,goodwill-intangible-assets-total,other-long-term-assets,total-long-term-assets,total-assets,total-current-liabilities,long-term-debt,other-non-current-liabilities,total-long-term-liabilities,total-liabilities,common-stock-net,retained-earnings-accumulated-deficit,comprehensive-income,total-share-holder-equity,total-liabilities-share-holders-equity,net-income-loss,total-depreciation-amortization-cash-flow,other-non-cash-items,total-non-cash-items,change-in-accounts-receivable,change-in-inventories,change-in-accounts-payable,change-in-assets-liabilities,total-change-in-assets-liabilities,cash-flow-from-operating-activities,net-change-in-property-plant-equipment,net-change-in-intangible-assets,net-acquisitions-divestitures,net-change-in-short-term-investments,net-change-in-long-term-investments,net-change-in-investments-total,investing-activities-other,cash-flow-from-investing-activities,net-long-term-debt,net-current-debt,debt-issuance-retirement-net-total,net-common-equity-issued-repurchased,net-total-equity-issued-repurchased,total-common-preferred-stock-dividends-paid,financial-activities-other,cash-flow-from-financial-activities,net-cash-flow,stock-based-compensation,common-stock-dividends-paid
0,2018-09-30,6.12,$7.13,0.86,$42.72,0.14,$0.42,14.45,$3.03,2.02,$1.18B,$0.35B,3.35,$0.70B,$0.29B,2.4,$1.91B,$0.37B,19.11%,$1.91B,$-0.05B,-2.36%,$1.91B,$-0.05B,-2.36%,$1.91B,$0.01B,0.47%,$1.91B,$0.18B,9.58%,$1.91B,$0.16B,8.53%,$0.16B,$0.32B,74.68%,$0.16B,$0.04B,-423.38%,$0.16B,$6.73B,3.97%,$-0.05B,$1.02B,-5.15%,$501,$403,$98,$0,$51,$526,$-24,$167,$142,$-9,$152,$152,$153,$-13,$-24,$44,46,$3.09,$2.97,$832,$0,$0,$1182,$370,$3381,$278,$212,$5547,$6730,$353,$702,$5313,$6058,$6411,$0,$-44,$-33,$319,$6730,$192,$40,$-250,$-210,$-29,$0,$10,$174,$155,$137,$-27,$0,$821,$0,$-268,$-268,$-1,$525,$103,$0,$103,$0,$0,$-2,$-26,$76,$737,$8,$-2
1,2018-06-30,5.85,$4.18,1.4,$41.32,0.14,$-1.63,0.0,$-0.10,0.0,$0.46B,$0.30B,1.55,$0.67B,$0.16B,4.16,$1.82B,$0.35B,19.23%,$1.82B,$-0.01B,-0.55%,$1.82B,$-0.01B,-0.55%,$1.82B,$0.04B,2.42%,$1.82B,$0.05B,2.53%,$1.82B,$0.00B,0.17%,$0.00B,$0.19B,1.81%,$0.00B,$-0.06B,-5.45%,$0.00B,$3.25B,0.09%,$-0.01B,$0.86B,-1.30%,$497,$401,$96,$0,$57,$502,$-6,$95,$89,$9,$80,$80,$55,$7,$-6,$44,46,$1.11,$1.08,$112,$0,$0,$459,$369,$1503,$249,$142,$2795,$3254,$296,$669,$2086,$2771,$3067,$0,$-197,$-9,$187,$3254,$41,$29,$-98,$-69,$-23,$0,$-10,$20,$-13,$-41,$-17,$0,$47,$0,$-12,$-12,$-2,$16,$70,$0,$70,$0,$0,$-1,$-26,$43,$18,$5,$-1
2,2018-03-31,5.26,$3.43,1.53,$39.27,0.13,$-0.35,0.0,$-1.62,0.0,$0.42B,$0.34B,1.24,$0.66B,$0.13B,5.19,$1.70B,$0.32B,19.03%,$1.70B,$-0.02B,-0.88%,$1.70B,$-0.02B,-0.88%,$1.70B,$0.04B,2.18%,$1.70B,$-0.07B,-3.83%,$1.70B,$-0.07B,-4.18%,$-0.07B,$0.15B,-49.65%,$-0.07B,$-0.10B,145.64%,$-0.07B,$3.23B,-2.30%,$-0.02B,$0.81B,-2.13%,$454,$376,$78,$0,$52,$467,$-14,$-23,$-37,$2,$-39,$-39,$-36,$3,$-14,$44,44,$-0.81,$-0.81,$92,$0,$0,$420,$372,$1543,$252,$110,$2808,$3227,$339,$655,$2066,$2735,$3075,$0,$-252,$16,$153,$3227,$-39,$16,$9,$25,$-2,$0,$5,$12,$15,$1,$-6,$0,$-38,$-107,$95,$-12,$-2,$-57,$56,$0,$56,$0,$0,$0,$-7,$49,$-6,$1,$0
3,2017-12-31,5.95,$4.85,1.23,$38.34,0.16,$0.33,18.23,$-1.17,0.0,$0.42B,$0.35B,1.21,$0.59B,$0.19B,3.15,$1.63B,$0.32B,19.65%,$1.63B,$0.00B,0.00%,$1.63B,$0.00B,0.00%,$1.63B,$0.05B,3.00%,$1.63B,$-0.04B,-2.39%,$1.63B,$-0.05B,-3.06%,$-0.05B,$0.21B,-38.83%,$-0.05B,$-0.03B,145.99%,$-0.05B,$3.22B,-1.67%,$0.00B,$0.81B,0.00%,$458,$365,$93,$0,$56,$460,$-1,$-10,$-11,$-5,$-6,$-6,$-9,$12,$-1,$43,43,$-0.20,$-0.20,$98,$0,$0,$420,$375,$1544,$249,$102,$2797,$3218,$347,$593,$2050,$2656,$3003,$0,$-221,$42,$214,$3218,$-50,$51,$-9,$41,$-47,$0,$54,$8,$15,$6,$-30,$0,$-58,$-342,$290,$-52,$0,$-139,$135,$0,$135,$1,$1,$-4,$-17,$115,$-17,$5,$-4
4,2017-09-30,5.28,$2.52,2.1,$39.81,0.13,$2.46,2.14,$-2.58,0.0,$0.40B,$0.30B,1.34,$0.50B,$0.08B,6.06,$1.63B,$0.32B,19.69%,$1.63B,$0.01B,0.37%,$1.63B,$0.01B,0.37%,$1.63B,$0.06B,3.37%,$1.63B,$-0.04B,-2.15%,$1.63B,$-0.11B,-6.63%,$-0.11B,$0.11B,-108.54%,$-0.11B,$-0.03B,300.00%,$-0.11B,$2.97B,-3.72%,$0.01B,$0.61B,1.06%,$406,$325,$82,$0,$45,$396,$11,$-6,$5,$13,$-8,$-8,$-7,$22,$11,$43,43,$-0.16,$-0.16,$131,$0,$0,$396,$282,$1522,$133,$108,$2575,$2971,$295,$497,$2056,$2568,$2863,$0,$-213,$29,$108,$2971,$-45,$37,$-3,$34,$3,$0,$46,$-0,$48,$37,$-24,$0,$0,$0,$-42,$-42,$-2,$-67,$60,$0,$60,$0,$0,$-3,$-12,$45,$16,$4,$-3
5,2017-06-30,5.88,$2.27,2.6,$41.64,0.14,$3.23,1.82,$-2.62,0.0,$0.39B,$0.26B,1.53,$0.50B,$0.07B,6.95,$1.64B,$0.32B,19.43%,$1.64B,$0.00B,0.12%,$1.64B,$0.00B,0.12%,$1.64B,$0.05B,2.99%,$1.64B,$-0.05B,-2.87%,$1.64B,$-0.11B,-6.66%,$-0.11B,$0.10B,-85.49%,$-0.11B,$-0.04B,1816.67%,$-0.11B,$2.94B,-3.78%,$0.00B,$0.59B,0.35%,$379,$309,$70,$0,$42,$390,$-11,$-11,$-22,$-2,$-20,$-20,$-19,$-0,$-11,$43,43,$-0.44,$-0.44,$143,$0,$0,$394,$283,$1513,$135,$89,$2548,$2941,$258,$495,$2073,$2586,$2844,$0,$-207,$13,$97,$2941,$-36,$25,$-8,$17,$20,$0,$-8,$24,$36,$17,$-17,$0,$0,$0,$-22,$-22,$0,$-39,$60,$0,$60,$0,$0,$-2,$-9,$49,$28,$3,$-2
6,2017-03-31,6.2,$2.28,2.72,$42.85,0.14,$4.22,1.47,$-2.16,0.0,$0.36B,$0.24B,1.5,$0.45B,$0.07B,6.71,$1.62B,$0.32B,19.98%,$1.62B,$0.02B,1.18%,$1.62B,$0.02B,1.18%,$1.62B,$0.06B,3.96%,$1.62B,$-0.02B,-1.42%,$1.62B,$-0.09B,-5.50%,$-0.09B,$0.10B,-56.42%,$-0.09B,$-0.04B,-320.72%,$-0.09B,$2.86B,-3.12%,$0.02B,$0.54B,3.31%,$391,$314,$76,$0,$40,$390,$1,$-12,$-11,$5,$-16,$-16,$-15,$15,$1,$42,42,$-0.36,$-0.36,$127,$0,$0,$355,$284,$1475,$136,$80,$2501,$2856,$236,$446,$2060,$2524,$2760,$0,$-189,$-9,$96,$2856,$-16,$14,$-8,$6,$40,$0,$16,$-14,$43,$33,$-9,$0,$0,$-57,$37,$-20,$0,$-29,$13,$0,$13,$0,$0,$0,$-7,$6,$12,$2,$0
7,2016-12-31,4.28,$2.32,1.85,$42.95,0.1,$3.96,1.08,$-2.69,0.0,$0.38B,$0.25B,1.53,$0.43B,$0.07B,6.35,$1.56B,$0.30B,19.51%,$1.56B,$-0.00B,-0.06%,$1.56B,$-0.00B,-0.06%,$1.56B,$0.04B,2.63%,$1.56B,$-0.05B,-2.95%,$1.56B,$-0.11B,-6.80%,$-0.11B,$0.10B,-60.31%,$-0.11B,$-0.04B,-214.14%,$-0.11B,$2.84B,-3.74%,$-0.00B,$0.53B,-0.17%,$454,$361,$93,$0,$45,$449,$5,$-12,$-7,$55,$-62,$-62,$-67,$18,$5,$37,37,$-1.76,$-1.76,$115,$0,$0,$384,$286,$1428,$138,$75,$2451,$2835,$252,$428,$2040,$2487,$2738,$0,$-174,$-22,$97,$2835,$-97,$43,$60,$104,$-56,$0,$12,$117,$73,$79,$-20,$0,$-66,$-230,$177,$-53,$-0,$-140,$34,$0,$34,$6,$6,$-4,$-17,$19,$-43,$8,$-4
8,2016-09-30,3.93,$5.79,0.68,$44.38,0.09,$0.71,5.52,$-1.48,0.0,$0.42B,$0.28B,1.49,$0.40B,$0.18B,2.22,$1.47B,$0.25B,16.86%,$1.47B,$-0.01B,-0.68%,$1.47B,$-0.01B,-0.68%,$1.47B,$0.03B,1.91%,$1.47B,$-0.06B,-4.10%,$1.47B,$-0.05B,-3.55%,$-0.05B,$0.22B,-26.80%,$-0.05B,$0.10B,-65.20%,$-0.05B,$2.89B,-1.85%,$-0.01B,$0.62B,-1.71%,$413,$334,$79,$0,$37,$406,$7,$-14,$-7,$-1,$-5,$-5,$-8,$16,$7,$37,37,$-0.20,$-0.20,$121,$9,$18,$421,$244,$1476,$125,$52,$2467,$2888,$283,$397,$1952,$2385,$2668,$0,$-113,$37,$220,$2888,$-35,$30,$5,$35,$-56,$0,$-13,$125,$56,$55,$-15,$0,$-11,$0,$-53,$-53,$-0,$-80,$0,$0,$0,$6,$6,$-3,$-14,$-11,$-37,$7,$-3
9,2016-06-30,3.1,$6.14,0.51,$43.95,0.07,$-2.05,0.0,$-1.50,0.0,$0.40B,$0.26B,1.56,$0.39B,$0.17B,2.37,$1.33B,$0.21B,15.43%,$1.33B,$-0.02B,-1.13%,$1.33B,$-0.02B,-1.13%,$1.33B,$0.02B,1.73%,$1.33B,$-0.06B,-4.44%,$1.33B,$-0.05B,-3.99%,$-0.05B,$0.22B,-31.13%,$-0.05B,$0.10B,-73.10%,$-0.05B,$2.85B,-2.33%,$-0.02B,$0.61B,-2.71%,$359,$284,$75,$0,$35,$353,$6,$-4,$2,$0,$1,$1,$1,$15,$6,$36,36,$0.02,$0.02,$135,$11,$31,$398,$243,$1461,$121,$54,$2447,$2845,$256,$394,$1941,$2371,$2627,$0,$-108,$28,$218,$2845,$-30,$21,$2,$23,$-8,$0,$-21,$83,$54,$46,$-11,$0,$-2,$-119,$66,$-53,$0,$-66,$-1,$0,$-1,$0,$0,$-2,$-1,$-4,$-24,$5,$-2
10,2016-03-31,2.76,$4.75,0.58,$44.88,0.06,$-5.38,0.0,$-2.00,0.0,$0.38B,$0.22B,1.74,$0.39B,$0.12B,3.43,$1.25B,$0.17B,13.19%,$1.25B,$-0.02B,-1.44%,$1.25B,$-0.02B,-1.44%,$1.25B,$0.02B,1.52%,$1.25B,$-0.07B,-5.52%,$1.25B,$-0.07B,-5.28%,$-0.07B,$0.17B,-43.56%,$-0.07B,$0.05B,-96.00%,$-0.07B,$2.77B,-3.74%,$-0.02B,$0.56B,-3.39%,$332,$275,$57,$0,$36,$351,$-19,$-15,$-34,$-3,$-31,$-31,$-32,$-8,$-19,$35,35,$-0.89,$-0.89,$138,$11,$38,$379,$242,$1391,$121,$61,$2386,$2765,$218,$394,$1941,$2380,$2597,$0,$-110,$-15,$168,$2765,$-31,$12,$11,$23,$15,$0,$-42,$53,$26,$17,$-6,$0,$-6,$0,$-23,$-23,$0,$-35,$-1,$0,$-1,$2,$2,$-1,$-4,$-4,$-21,$3,$-1
11,2015-12-31,3.82,$4.83,0.79,$43.83,0.09,$-7.81,0.0,$-1.36,0.0,$0.43B,$0.25B,1.73,$0.37B,$0.12B,3.16,$1.12B,$0.14B,12.22%,$1.12B,$0.00B,0.09%,$1.12B,$0.00B,0.09%,$1.12B,$0.04B,3.12%,$1.12B,$-0.05B,-4.19%,$1.12B,$-0.04B,-3.57%,$-0.04B,$0.17B,-27.21%,$-0.04B,$0.08B,-50.31%,$-0.04B,$2.74B,-3.14%,$0.00B,$0.54B,0.19%,$361,$324,$36,$0,$30,$365,$-4,$-16,$-21,$-9,$-12,$-12,$-13,$5,$-4,$26,26,$-0.42,$-0.42,$159,$12,$45,$427,$214,$1354,$91,$81,$2316,$2743,$247,$372,$1921,$2326,$2572,$0,$-80,$-35,$170,$2743,$-36,$34,$18,$52,$-61,$0,$36,$-19,$-44,$-28,$-16,$0,$40,$-52,$9,$-42,$0,$-19,$35,$0,$35,$54,$68,$-6,$6,$103,$51,$11,$-6
12,2015-09-30,5.06,$4.90,1.03,$41.58,0.12,$-5.95,0.0,$-0.33,0.0,$0.36B,$0.22B,1.64,$0.37B,$0.07B,5.19,$0.98B,$0.14B,13.82%,$0.98B,$-0.00B,-0.20%,$0.98B,$-0.00B,-0.20%,$0.98B,$0.03B,3.05%,$0.98B,$-0.04B,-4.37%,$0.98B,$-0.02B,-1.63%,$-0.02B,$0.13B,-11.39%,$-0.02B,$0.07B,-19.94%,$-0.02B,$0.76B,-2.09%,$-0.00B,$0.50B,-0.40%,$277,$240,$37,$0,$29,$276,$2,$-8,$-6,$2,$-8,$-8,$-9,$11,$2,$26,26,$-0.35,$-0.35,$85,$14,$44,$360,$220,$75,$59,$25,$399,$759,$219,$374,$8,$415,$634,$0,$-68,$-30,$125,$759,$-24,$25,$4,$29,$-36,$0,$42,$-43,$-36,$-31,$-12,$0,$-1,$0,$-35,$-35,$1,$-46,$46,$0,$46,$0,$14,$-4,$-1,$55,$-27,$7,$-4
13,2015-06-30,6.45,$5.58,1.16,$38.58,0.17,$-4.76,0.0,$-0.83,0.0,$0.39B,$0.23B,1.65,$0.37B,$0.09B,4.17,$0.89B,$0.12B,13.60%,$0.89B,$-0.01B,-0.79%,$0.89B,$-0.01B,-0.79%,$0.89B,$0.02B,2.25%,$0.89B,$-0.05B,-5.62%,$0.89B,$-0.03B,-2.81%,$-0.03B,$0.14B,-16.95%,$-0.03B,$0.08B,-28.41%,$-0.03B,$0.79B,-3.29%,$-0.01B,$0.52B,-1.42%,$281,$245,$35,$0,$26,$278,$3,$-11,$-8,$3,$-11,$-11,$-12,$11,$3,$26,26,$-0.47,$-0.47,$81,$18,$44,$385,$228,$75,$60,$25,$409,$794,$234,$374,$8,$417,$651,$0,$-60,$-20,$143,$794,$-16,$15,$2,$17,$-61,$-3,$43,$-27,$-49,$-48,$-12,$0,$0,$0,$-36,$-36,$-1,$-49,$49,$0,$49,$0,$14,$-2,$-1,$59,$-39,$5,$-2
14,2015-03-31,7.9,$5.91,1.34,$33.28,0.24,$-2.10,0.0,$-0.57,0.0,$0.42B,$0.23B,1.86,$0.38B,$0.10B,3.9,$0.71B,$0.10B,14.16%,$0.71B,$-0.01B,-1.42%,$0.71B,$-0.01B,-1.42%,$0.71B,$0.01B,1.56%,$0.71B,$-0.04B,-6.09%,$0.71B,$-0.02B,-2.41%,$-0.02B,$0.15B,-12.14%,$-0.02B,$0.09B,-19.48%,$-0.02B,$0.80B,-2.58%,$-0.01B,$0.53B,-2.48%,$202,$172,$29,$0,$24,$202,$0,$-12,$-12,$-6,$-5,$-5,$-6,$8,$0,$24,24,$-0.26,$-0.26,$141,$17,$36,$421,$218,$61,$61,$25,$379,$799,$227,$377,$8,$423,$650,$0,$-49,$-22,$150,$799,$-5,$8,$5,$13,$-46,$-2,$3,$-11,$-56,$-49,$-2,$0,$0,$0,$-18,$-18,$-1,$-21,$78,$0,$78,$0,$14,$0,$-1,$91,$21,$3,$0
15,2014-12-31,6.08,$6.06,1.0,$27.88,0.22,$-0.06,0.0,$-0.66,0.0,$0.31B,$0.19B,1.63,$0.34B,$0.10B,3.21,$0.55B,$0.07B,13.35%,$0.55B,$-0.01B,-2.56%,$0.55B,$-0.01B,-2.56%,$0.55B,$-0.00B,-0.18%,$0.55B,$-0.04B,-6.40%,$0.55B,$-0.02B,-2.93%,$-0.02B,$0.14B,-13.85%,$-0.02B,$0.08B,-20.71%,$-0.02B,$0.71B,-3.34%,$-0.01B,$0.48B,-4.93%,$224,$189,$35,$0,$37,$231,$-7,$-10,$-17,$-29,$12,$12,$11,$-0,$-7,$20,20,$0.54,$0.54,$114,$15,$28,$310,$233,$56,$62,$36,$402,$712,$190,$336,$2,$378,$568,$0,$-44,$-18,$144,$712,$-12,$13,$-6,$7,$18,$7,$19,$-34,$10,$6,$-2,$0,$-114,$0,$-31,$-31,$-2,$-149,$226,$0,$226,$-8,$32,$-2,$-12,$244,$99,$11,$-2
16,2014-09-30,3.32,$6.45,0.51,$20.23,0.16,$-2.59,0.0,$-1.28,0.0,$0.38B,$0.23B,1.67,$0.29B,$0.11B,2.57,$0.38B,$0.04B,10.67%,$0.38B,$-0.03B,-6.67%,$0.38B,$-0.03B,-6.67%,$0.38B,$-0.01B,-2.13%,$0.38B,$-0.04B,-9.60%,$0.38B,$-0.04B,-11.47%,$-0.04B,$0.15B,-46.24%,$-0.04B,$0.10B,-62.09%,$-0.04B,$0.73B,-13.30%,$-0.03B,$0.44B,-14.06%,$183,$161,$22,$0,$23,$186,$-3,$-10,$-13,$4,$-17,$-17,$-18,$1,$-3,$23,23,$-0.79,$-0.79,$115,$24,$30,$377,$235,$42,$56,$23,$355,$732,$225,$290,$1,$354,$579,$0,$-56,$-15,$153,$732,$-24,$6,$12,$17,$2,$-2,$2,$-3,$-4,$-11,$-0,$0,$-141,$0,$-18,$-18,$9,$-150,$198,$0,$198,$30,$70,$-1,$-1,$266,$103,$3,$-1
17,2014-06-30,2.88,$5.50,0.52,$16.73,0.17,$-4.00,0.0,$-0.56,0.0,$0.27B,$0.19B,1.4,$0.05B,$0.11B,0.44,$0.25B,$0.02B,7.91%,$0.25B,$-0.03B,-10.28%,$0.25B,$-0.03B,-10.28%,$0.25B,$-0.01B,-5.14%,$0.25B,$-0.03B,-10.67%,$0.25B,$-0.03B,-12.65%,$-0.03B,$0.11B,-44.29%,$-0.03B,$0.08B,-51.20%,$-0.03B,$0.39B,-19.08%,$-0.03B,$0.16B,-30.77%,$97,$83,$14,$0,$13,$97,$-0,$-1,$-1,$2,$-3,$-3,$-4,$2,$-0,$17,17,$-0.24,$-0.24,$42,$17,$35,$269,$84,$0,$33,$7,$123,$392,$192,$49,$1,$87,$279,$0,$-39,$-14,$113,$392,$-8,$2,$2,$4,$12,$-3,$6,$-1,$9,$6,$-1,$0,$-82,$0,$0,$0,$-5,$-88,$66,$0,$66,$20,$49,$-1,$-1,$114,$32,$2,$-1
18,2014-03-31,2.63,$3.40,0.77,$15.08,0.17,$-5.62,0.0,$9.17,0.29,$0.07B,$0.03B,2.48,$0.00B,$0.05B,0.0,$0.22B,$0.01B,4.19%,$0.22B,$-0.04B,-17.21%,$0.22B,$-0.04B,-17.21%,$0.22B,$-0.02B,-9.77%,$0.22B,$-0.02B,-10.70%,$0.22B,$0.11B,50.70%,$0.11B,$0.05B,116.58%,$0.11B,$0.05B,118.48%,$0.11B,$0.08B,64.21%,$-0.04B,$0.05B,-39.57%,$43,$41,$2,$0,$6,$47,$-4,$-0,$-4,$0,$-4,$-4,$-5,$-4,$-4,$15,15,$-0.34,$-0.34,$13,$0,$6,$69,$3,$0,$3,$6,$12,$81,$28,$0,$1,$1,$28,$0,$-35,$-14,$52,$81,$-5,$0,$1,$1,$3,$0,$-2,$3,$3,$-1,$-0,$0,$3,$0,$0,$0,$0,$3,$0,$0,$0,$3,$3,$-1,$0,$2,$4,$0,$-1
19,2013-12-31,2.06,$3.82,0.54,$16.34,0.13,$-6.11,0.0,$9.28,0.22,$0.08B,$0.03B,2.36,$0.00B,$0.05B,0.0,$0.23B,$0.01B,4.33%,$0.23B,$-0.04B,-16.88%,$0.23B,$-0.04B,-16.88%,$0.23B,$-0.02B,-6.93%,$0.23B,$-0.02B,-10.39%,$0.23B,$0.11B,48.05%,$0.11B,$0.05B,115.32%,$0.11B,$0.05B,169.47%,$0.11B,$0.09B,50.11%,$-0.04B,$0.05B,-30.47%,$52,$51,$2,$0,$5,$70,$-18,$-0,$-18,$-4,$-14,$-14,$-16,$-7,$-18,$14,14,$-1.17,$-0.85,$9,$0,$6,$75,$3,$0,$3,$6,$13,$88,$32,$0,$2,$2,$33,$0,$-30,$-14,$54,$88,$112,$24,$-137,$-113,$-3,$1,$-13,$-4,$-19,$-20,$-13,$0,$270,$0,$0,$0,$0,$258,$-128,$0,$-128,$1,$1,$-121,$-2,$-250,$-14,$2,$-121
20,2013-09-30,2.44,$4.93,0.5,$29.60,0.08,$-4.36,0.0,$8.63,0.28,$0.10B,$0.04B,2.6,$0.00B,$0.07B,0.0,$0.41B,$-0.01B,-2.17%,$0.41B,$-0.06B,-14.49%,$0.41B,$-0.06B,-14.49%,$0.41B,$-0.03B,-7.25%,$0.41B,$-0.03B,-7.97%,$0.41B,$0.12B,28.50%,$0.12B,$0.07B,118.00%,$0.12B,$0.07B,302.56%,$0.12B,$0.11B,42.95%,$-0.06B,$0.07B,-36.70%,$61,$59,$2,$0,$6,$65,$-4,$-0,$-4,$-3,$-1,$-1,$-7,$-4,$-4,$14,14,$-0.48,$-0.48,$16,$0,$53,$103,$1,$0,$0,$6,$7,$110,$40,$0,$0,$0,$40,$0,$-16,$-14,$70,$110,$127,$13,$-142,$-129,$-5,$0,$-2,$1,$-13,$-15,$-12,$0,$270,$0,$0,$0,$0,$259,$-128,$0,$-128,$1,$1,$-121,$-2,$-250,$-8,$2,$-121
21,2013-06-30,2.75,$14.14,0.19,$25.26,0.11,$-2.56,0.0,$6.82,0.4,$0.40B,$0.20B,1.97,$0.00B,$0.20B,0.0,$0.35B,$-0.01B,-3.12%,$0.35B,$-0.06B,-17.00%,$0.35B,$-0.06B,-17.00%,$0.35B,$-0.02B,-6.23%,$0.35B,$-0.03B,-8.50%,$0.35B,$0.10B,28.33%,$0.10B,$0.20B,88.89%,$0.10B,$0.20B,615.38%,$0.10B,$0.40B,29.48%,$-0.06B,$0.20B,-29.20%,$59,$55,$3,$0,$15,$70,$-11,$15,$3,$0,$3,$3,$137,$-6,$-11,$14,14,$9.83,$9.51,$171,$0,$206,$397,$1,$0,$0,$1,$2,$400,$201,$0,$0,$0,$202,$0,$111,$-12,$198,$400,$134,$12,$-147,$-135,$-5,$0,$-1,$2,$-8,$-9,$-10,$0,$169,$0,$0,$0,$0,$159,$-0,$0,$-0,$0,$0,$0,$-2,$-2,$148,$1,$0
22,2013-03-31,2.54,$4.54,0.56,$21.20,0.12,$-1.43,0.0,$2.28,1.11,$0.08B,$0.07B,1.09,$0.13B,$0.06B,2.01,$0.29B,$-0.01B,-4.76%,$0.29B,$-0.06B,-19.39%,$0.29B,$-0.06B,-19.39%,$0.29B,$-0.00B,-0.34%,$0.29B,$-0.04B,-13.95%,$0.29B,$0.03B,10.88%,$0.03B,$0.06B,32.41%,$0.03B,$-0.06B,-98.46%,$0.03B,$0.29B,8.67%,$-0.06B,$0.19B,-22.73%,$59,$56,$3,$0,$9,$64,$-6,$0,$-5,$0,$-6,$-6,$-3,$1,$-6,$14,14,$-0.23,$-0.23,$14,$0,$39,$77,$66,$0,$120,$24,$211,$288,$71,$127,$16,$154,$225,$0,$-26,$-9,$63,$288,$-3,$7,$1,$8,$-2,$0,$-1,$2,$-6,$-1,$-7,$0,$-0,$0,$0,$0,$0,$-7,$-0,$0,$-0,$0,$0,$0,$-1,$-1,$-9,$1,$0
23,2012-12-31,2.5,$4.92,0.51,$21.92,0.11,$-0.14,0.0,$2.01,1.24,$0.09B,$0.08B,1.11,$0.13B,$0.07B,1.86,$0.30B,$0.02B,5.61%,$0.30B,$-0.05B,-16.83%,$0.30B,$-0.05B,-16.83%,$0.30B,$0.01B,3.96%,$0.30B,$-0.05B,-15.84%,$0.30B,$0.03B,9.24%,$0.03B,$0.07B,26.11%,$0.03B,$-0.06B,-61.88%,$0.03B,$0.30B,6.49%,$-0.05B,$0.20B,-17.68%,$235,$252,$-17,$0,$6,$274,$-39,$12,$-27,$-2,$-24,$-24,$-9,$-21,$-39,$14,14,$-0.64,$-0.64,$23,$0,$40,$87,$65,$0,$124,$25,$214,$301,$78,$127,$16,$154,$233,$0,$-23,$-6,$69,$301,$28,$64,$-63,$1,$16,$1,$-8,$3,$-5,$24,$-32,$0,$181,$0,$0,$0,$0,$150,$-121,$0,$-121,$0,$0,$-55,$-15,$-191,$-18,$5,$-55
24,2012-09-30,2.76,$8.62,0.32,$8.47,0.33,$2.42,1.14,$2.43,1.14,$0.15B,$0.09B,1.56,$0.12B,$0.12B,0.98,$0.11B,$-0.09B,-78.07%,$0.11B,$-0.04B,-35.96%,$0.11B,$-0.04B,-35.96%,$0.11B,$0.02B,17.54%,$0.11B,$-0.03B,-24.56%,$0.11B,$0.03B,29.82%,$0.03B,$0.12B,29.44%,$0.03B,$-0.02B,-58.62%,$0.03B,$0.37B,6.91%,$-0.04B,$0.24B,-12.56%,$0,$0,$0,$0,$4,$4,$-4,$3,$-1,$0,$-1,$-1,$-25,$4,$-4,$14,14,$-1.81,$-1.81,$66,$0,$46,$145,$65,$0,$141,$18,$223,$368,$93,$118,$22,$156,$248,$0,$-14,$-7,$120,$368,$37,$46,$-65,$-20,$15,$0,$-8,$10,$7,$24,$-25,$0,$176,$0,$0,$0,$-0,$151,$-121,$0,$-121,$0,$0,$-14,$-14,$-149,$25,$5,$-14
25,2012-06-30,2.82,$10.30,0.27,$13.88,0.2,$2.74,1.03,$3.51,0.8,$0.29B,$0.10B,2.8,$0.24B,$0.14B,1.65,$0.19B,$-0.05B,-27.13%,$0.19B,$-0.04B,-18.62%,$0.19B,$-0.04B,-18.62%,$0.19B,$0.03B,18.09%,$0.19B,$-0.03B,-17.02%,$0.19B,$0.05B,26.06%,$0.05B,$0.14B,44.55%,$0.05B,$0.00B,-61.44%,$0.05B,$0.52B,9.16%,$-0.04B,$0.38B,-9.88%,$0,$0,$0,$0,$8,$8,$-8,$1,$-8,$0,$-8,$-8,$69,$15,$-8,$14,14,$4.97,$4.97,$210,$0,$48,$291,$61,$0,$140,$29,$230,$520,$104,$236,$22,$274,$377,$0,$11,$-7,$143,$520,$62,$38,$-85,$-47,$13,$0,$-11,$7,$1,$16,$-19,$0,$176,$0,$0,$0,$-0,$158,$-2,$0,$-2,$0,$0,$0,$-3,$-5,$169,$4,$0
26,2012-03-31,2.73,$7.02,0.39,$19.49,0.14,$3.01,0.91,$-1.94,0.0,$0.14B,$0.14B,0.98,$0.24B,$0.10B,2.52,$0.26B,$-0.01B,-4.94%,$0.26B,$-0.03B,-10.65%,$0.26B,$-0.03B,-10.65%,$0.26B,$0.04B,13.31%,$0.26B,$-0.03B,-12.55%,$0.26B,$-0.03B,-9.89%,$-0.03B,$0.10B,-25.62%,$-0.03B,$-0.11B,24.30%,$-0.03B,$0.54B,-4.79%,$-0.03B,$0.34B,-8.20%,$68,$34,$34,$0,$27,$68,$-0,$-12,$-12,$-1,$-11,$-11,$-7,$14,$-0,$14,14,$-0.50,$-0.50,$46,$0,$0,$136,$152,$0,$205,$44,$402,$537,$139,$244,$26,$302,$440,$0,$-58,$3,$97,$537,$-7,$15,$7,$22,$10,$0,$-5,$0,$3,$18,$-8,$0,$-1,$0,$0,$0,$-0,$-10,$-2,$0,$-2,$0,$0,$0,$-2,$-4,$5,$2,$0
27,2011-12-31,2.15,$7.40,0.29,$34.00,0.06,$3.15,0.68,$-3.17,0.0,$0.14B,$0.15B,0.95,$0.25B,$0.10B,2.42,$0.41B,$0.02B,5.58%,$0.41B,$-0.04B,-9.95%,$0.41B,$-0.04B,-9.95%,$0.41B,$0.04B,9.22%,$0.41B,$-0.04B,-10.44%,$0.41B,$-0.04B,-9.22%,$-0.04B,$0.10B,-35.85%,$-0.04B,$-0.11B,35.68%,$-0.04B,$0.54B,-6.85%,$-0.04B,$0.35B,-11.87%,$46,$169,$-123,$0,$-67,$75,$-29,$22,$-7,$2,$-9,$-9,$-3,$-13,$-29,$13,13,$-0.04,$-0.04,$41,$0,$0,$138,$152,$0,$208,$46,$406,$544,$146,$246,$19,$296,$442,$0,$-51,$2,$102,$544,$-33,$80,$9,$89,$-1,$0,$-10,$4,$-13,$43,$-17,$0,$11,$0,$4,$4,$-0,$-2,$-33,$0,$-33,$1,$1,$0,$-6,$-39,$-0,$5,$0
28,2011-09-30,1.81,$7.12,0.25,$49.88,0.04,$2.78,0.65,$-3.98,0.0,$0.13B,$0.14B,0.89,$0.25B,$0.10B,2.58,$0.56B,$0.21B,38.38%,$0.56B,$-0.01B,-1.62%,$0.56B,$-0.01B,-1.62%,$0.56B,$0.07B,12.43%,$0.56B,$-0.05B,-8.47%,$0.56B,$-0.05B,-8.11%,$-0.05B,$0.10B,-44.44%,$-0.05B,$-0.11B,40.18%,$-0.05B,$0.54B,-8.22%,$-0.01B,$0.35B,-2.65%,$74,$37,$38,$0,$27,$73,$2,$-6,$-5,$-0,$-5,$-5,$-10,$18,$2,$14,14,$-0.73,$-0.73,$27,$0,$0,$129,$157,$0,$205,$48,$410,$539,$144,$252,$15,$297,$442,$0,$-48,$2,$98,$539,$-36,$64,$14,$77,$1,$0,$-12,$5,$-15,$26,$-23,$0,$10,$0,$4,$4,$-0,$-9,$-27,$0,$-27,$1,$1,$0,$-4,$-30,$-14,$4,$0
29,2011-06-30,2.55,$7.97,0.32,$63.78,0.04,$4.69,0.54,$-2.73,0.0,$0.15B,$0.16B,0.91,$0.22B,$0.11B,2.0,$0.67B,$0.24B,36.17%,$0.67B,$-0.01B,-1.35%,$0.67B,$-0.01B,-1.35%,$0.67B,$0.07B,11.06%,$0.67B,$-0.03B,-5.08%,$0.67B,$-0.03B,-4.48%,$-0.03B,$0.11B,-30.30%,$-0.03B,$-0.11B,25.86%,$-0.03B,$0.55B,-5.52%,$-0.01B,$0.33B,-2.68%,$75,$37,$38,$0,$29,$76,$-1,$-8,$-9,$-0,$-9,$-9,$-6,$16,$-1,$13,13,$-0.48,$-0.48,$31,$0,$0,$149,$154,$0,$216,$30,$400,$550,$164,$219,$26,$277,$440,$0,$-38,$5,$109,$550,$-27,$47,$7,$54,$-9,$0,$7,$1,$-12,$15,$-14,$0,$10,$0,$4,$4,$-0,$-0,$-24,$0,$-24,$1,$1,$0,$-1,$-24,$-10,$3,$0
30,2011-03-31,2.48,$8.58,0.29,$78.14,0.03,$5.25,0.47,$-3.59,0.0,$0.18B,$0.17B,1.04,$0.24B,$0.12B,2.12,$0.79B,$0.28B,34.85%,$0.79B,$-0.00B,-0.38%,$0.79B,$-0.00B,-0.38%,$0.79B,$0.08B,10.39%,$0.79B,$-0.04B,-4.94%,$0.79B,$-0.04B,-4.69%,$-0.04B,$0.12B,-39.78%,$-0.04B,$-0.11B,29.37%,$-0.04B,$0.59B,-6.93%,$-0.00B,$0.36B,-0.89%,$217,$147,$70,$0,$53,$230,$-13,$-9,$-22,$-1,$-21,$-21,$-19,$17,$-13,$11,11,$-1.73,$-1.73,$66,$0,$0,$177,$158,$0,$220,$31,$409,$586,$170,$243,$27,$301,$472,$0,$-32,$6,$115,$586,$-21,$30,$3,$33,$1,$0,$-2,$-2,$3,$16,$-6,$0,$10,$0,$4,$4,$-0,$8,$-0,$0,$-0,$0,$0,$0,$0,$-0,$24,$1,$0
31,2010-12-31,2.12,$8.47,0.25,$78.70,0.03,$5.71,0.37,$-1.96,0.0,$0.14B,$0.14B,1.01,$0.24B,$0.08B,2.92,$0.77B,$0.28B,36.08%,$0.77B,$0.01B,1.70%,$0.77B,$0.01B,1.70%,$0.77B,$0.09B,11.37%,$0.77B,$-0.02B,-2.48%,$0.77B,$-0.02B,-2.48%,$-0.02B,$0.08B,-21.35%,$-0.02B,$-0.13B,14.10%,$-0.02B,$0.51B,-3.61%,$0.01B,$0.33B,3.89%,$189,$122,$67,$0,$49,$186,$3,$-14,$-11,$-2,$-9,$-9,$-10,$18,$3,$10,10,$-1.04,$-1.04,$42,$0,$0,$138,$138,$0,$211,$27,$377,$514,$137,$243,$20,$295,$431,$0,$-12,$5,$83,$514,$-19,$75,$-1,$73,$3,$0,$-8,$-4,$-18,$36,$-21,$0,$0,$0,$0,$0,$-1,$-21,$-14,$0,$-14,$0,$0,$0,$0,$-14,$-1,$2,$0
32,2010-09-30,1.21,$9.16,0.13,$79.97,0.02,$5.54,0.22,$0.79,1.54,$0.15B,$0.16B,0.94,$0.24B,$0.09B,2.72,$0.78B,$0.28B,35.82%,$0.78B,$0.01B,1.67%,$0.78B,$0.01B,1.67%,$0.78B,$0.09B,11.81%,$0.78B,$-0.01B,-1.16%,$0.78B,$-0.00B,-0.51%,$-0.00B,$0.09B,-4.29%,$-0.00B,$-0.12B,2.89%,$-0.00B,$0.52B,-0.74%,$0.01B,$0.33B,3.81%,$188,$121,$67,$0,$52,$186,$2,$6,$8,$-3,$11,$11,$5,$23,$2,$10,10,$0.52,$0.52,$50,$0,$8,$147,$135,$0,$213,$27,$376,$523,$157,$243,$8,$277,$434,$0,$-2,$2,$89,$523,$-9,$59,$-9,$50,$4,$0,$-7,$-0,$-4,$37,$-16,$0,$0,$0,$0,$0,$-0,$-16,$-14,$0,$-14,$0,$0,$0,$0,$-14,$7,$0,$0
33,2010-06-30,1.2,$8.69,0.14,$61.72,0.02,$3.48,0.34,$43.67,0.03,$0.13B,$0.15B,0.92,$0.24B,$0.09B,2.87,$0.79B,$0.28B,35.62%,$0.79B,$0.01B,1.65%,$0.79B,$0.01B,1.65%,$0.79B,$0.09B,11.58%,$0.79B,$0.42B,53.05%,$0.79B,$0.43B,54.07%,$0.43B,$0.09B,450.93%,$0.43B,$-0.15B,-290.60%,$0.43B,$0.51B,76.92%,$0.01B,$0.33B,3.82%,$195,$124,$71,$0,$48,$190,$5,$-18,$-14,$-2,$-12,$-12,$-13,$24,$5,$10,10,$-1.34,$-1.34,$34,$0,$0,$134,$129,$0,$230,$20,$379,$513,$145,$243,$8,$283,$428,$0,$-7,$3,$85,$513,$-14,$39,$5,$43,$-3,$0,$-3,$-1,$-13,$16,$-10,$0,$0,$0,$0,$0,$-0,$-10,$-13,$0,$-13,$0,$0,$0,$0,$-13,$-9,$0,$0
