,Date,Stock Price,Book Value per Share,Price to Book Ratio,TTM Sales per Share,Price to Sales Ratio,TTM FCF per Share,Price to FCF Ratio,TTM Net EPS,PE Ratio,Current Assets,Current Liabilities,Current Ratio,Long Term Debt,Shareholder's Equity_x,Debt to Equity Ratio,TTM Revenue_x,TTM Gross Profit,Gross Margin,TTM Revenue_y,TTM Operating Income,Operating Margin,TTM Revenue_x,TTM EBIT,EBIT Margin,TTM Revenue_y,TTM EBITDA,EBITDA Margin,TTM Revenue_x,TTM Pre-Tax Income,Pre-Tax Margin,TTM Revenue_y,TTM Net Income_x,Net Margin,TTM Net Income_y,Shareholder's Equity_y,Return on Equity,TTM Net Income_x,Tangible Equity,Return on Tangible Equity,TTM Net Income_y,Total Assets,Return on Assets,TTM Net Income,LT Investments & Debt,Return on Investment,revenue,cost-goods-sold,gross-profit,research-development-expenses,selling-general-administrative-expenses,operating-expenses,operating-income,total-non-operating-income-expense,pre-tax-income,total-provision-income-taxes,income-after-taxes,income-from-continuous-operations,net-income,ebitda,ebit,basic-shares-outstanding,shares-outstanding,eps-basic-net-earnings-per-share,eps-earnings-per-share-diluted,cash-on-hand,inventory,other-current-assets,total-current-assets,net-property-plant-equipment,long-term-investments,goodwill-intangible-assets-total,other-long-term-assets,total-long-term-assets,total-assets,total-current-liabilities,long-term-debt,other-non-current-liabilities,total-long-term-liabilities,total-liabilities,common-stock-net,retained-earnings-accumulated-deficit,comprehensive-income,total-share-holder-equity,total-liabilities-share-holders-equity,net-income-loss,total-depreciation-amortization-cash-flow,other-non-cash-items,total-non-cash-items,change-in-accounts-receivable,change-in-inventories,change-in-accounts-payable,change-in-assets-liabilities,total-change-in-assets-liabilities,cash-flow-from-operating-activities,net-change-in-property-plant-equipment,net-change-in-intangible-assets,net-acquisitions-divestitures,net-change-in-short-term-investments,net-change-in-long-term-investments,net-change-in-investments-total,investing-activities-other,cash-flow-from-investing-activities,net-long-term-debt,net-current-debt,debt-issuance-retirement-net-total,net-common-equity-issued-repurchased,net-total-equity-issued-repurchased,total-common-preferred-stock-dividends-paid,financial-activities-other,cash-flow-from-financial-activities,net-cash-flow,stock-based-compensation,common-stock-dividends-paid
0,2018-09-30,26.32,$12.00,2.19,$3.93,6.69,$5.29,4.97,$0.35,75.2,$0.20B,$0.41B,0.48,$6.80B,$5.64B,1.21,$1.85B,$1.12B,60.77%,$1.85B,$0.35B,18.99%,$1.85B,$0.35B,18.99%,$1.85B,$0.94B,50.76%,$1.85B,$0.17B,9.36%,$1.85B,$0.17B,9.15%,$0.17B,$5.64B,3.05%,$0.17B,$5.34B,3.26%,$0.17B,$13.08B,1.24%,$0.35B,$12.44B,2.69%,$456,$181,$275,$0,$24,$347,$109,$-10,$99,$-5,$104,$103,$99,$248,$109,$470,470,$0.21,$0.21,$109,$0,$0,$199,$10236,$0,$306,$2344,$12885,$13084,$411,$6798,$235,$7033,$7444,$470,$-3584,$-4,$5640,$13084,$239,$442,$-75,$367,$-5,$0,$0,$0,$27,$633,$29,$0,$0,$0,$816,$816,$-27,$818,$-704,$-378,$-1082,$1,$1,$-523,$179,$-1424,$27,$0,$-523
1,2018-06-30,25.46,$11.53,2.21,$3.93,6.47,$7.07,3.6,$0.12,212.2,$0.21B,$0.40B,0.51,$7.40B,$5.42B,1.37,$1.85B,$1.15B,62.13%,$1.85B,$0.36B,19.56%,$1.85B,$0.36B,19.56%,$1.85B,$0.95B,51.25%,$1.85B,$0.06B,3.36%,$1.85B,$0.06B,3.36%,$0.06B,$5.42B,1.11%,$0.06B,$5.12B,1.19%,$0.06B,$13.45B,0.45%,$0.36B,$12.82B,2.72%,$470,$174,$296,$0,$23,$356,$114,$-25,$88,$-5,$93,$93,$89,$265,$114,$470,470,$0.19,$0.19,$122,$0,$0,$205,$9962,$0,$294,$2991,$13247,$13451,$399,$7403,$233,$7636,$8035,$470,$-3510,$-4,$5417,$13451,$136,$303,$-26,$278,$-8,$0,$0,$0,$26,$440,$66,$0,$0,$0,$432,$432,$-6,$492,$-3,$-470,$-473,$1,$1,$-348,$-71,$-892,$40,$0,$-348
2,2018-03-31,22.55,$11.67,1.93,$3.91,5.76,$9.15,2.46,$-0.03,0.0,$0.22B,$0.39B,0.55,$7.97B,$5.48B,1.45,$1.84B,$1.16B,63.05%,$1.84B,$0.34B,18.69%,$1.84B,$0.34B,18.69%,$1.84B,$0.92B,49.86%,$1.84B,$-0.01B,-0.38%,$1.84B,$-0.01B,-0.44%,$-0.01B,$5.48B,-0.14%,$-0.01B,$5.09B,-0.15%,$-0.01B,$14.07B,-0.06%,$0.34B,$13.45B,2.55%,$479,$173,$307,$0,$29,$347,$132,$-95,$37,$-5,$43,$43,$40,$285,$132,$470,470,$0.08,$0.08,$118,$0,$0,$216,$10859,$0,$395,$2597,$13851,$14068,$392,$7966,$229,$8195,$8587,$470,$-3425,$-21,$5481,$14068,$43,$153,$6,$159,$-18,$0,$0,$0,$-6,$196,$-105,$0,$0,$0,$-16,$-16,$132,$11,$-1,$70,$69,$1,$1,$-174,$-67,$-171,$36,$0,$-174
3,2017-12-31,24.9,$11.92,2.09,$3.93,6.34,$11.75,2.12,$0.86,28.95,$0.44B,$0.40B,1.09,$7.88B,$5.60B,1.41,$1.85B,$1.18B,64.02%,$1.85B,$0.38B,20.78%,$1.85B,$0.38B,20.78%,$1.85B,$0.95B,51.24%,$1.85B,$0.41B,22.24%,$1.85B,$0.41B,22.29%,$0.41B,$5.60B,6.97%,$0.41B,$5.19B,7.49%,$0.41B,$14.09B,2.89%,$0.38B,$13.48B,2.81%,$443,$199,$245,$0,$21,$447,$-4,$-47,$-51,$13,$-64,$-58,$-59,$140,$-4,$469,469,$-0.12,$-0.11,$82,$0,$0,$436,$10732,$0,$410,$2510,$13652,$14088,$402,$7880,$211,$8092,$8494,$469,$-3371,$-24,$5595,$14088,$423,$564,$-119,$444,$-25,$0,$0,$0,$-20,$847,$380,$0,$0,$0,$338,$338,$528,$1246,$-1463,$94,$-1369,$23,$23,$-695,$-107,$-2148,$-55,$0,$-695
4,2017-09-30,26.21,$12.48,2.1,$4.14,6.33,$11.21,2.34,$1.11,23.61,$0.60B,$0.38B,1.57,$7.47B,$5.85B,1.28,$1.95B,$1.28B,65.91%,$1.95B,$0.56B,28.84%,$1.95B,$0.56B,28.84%,$1.95B,$1.14B,58.35%,$1.95B,$0.53B,27.25%,$1.95B,$0.53B,27.20%,$0.53B,$5.85B,8.82%,$0.53B,$5.45B,9.50%,$0.53B,$13.90B,3.61%,$0.56B,$13.32B,3.99%,$454,$155,$299,$0,$24,$335,$119,$-131,$-12,$-5,$-7,$-6,$-8,$256,$119,$469,469,$-0.02,$-0.02,$161,$0,$0,$598,$10536,$0,$401,$2370,$13306,$13904,$381,$7466,$202,$7669,$8050,$469,$-3138,$-24,$5854,$13904,$481,$420,$-236,$184,$-2,$0,$0,$0,$-27,$638,$853,$0,$0,$0,$916,$916,$-28,$1741,$-1462,$-316,$-1778,$14,$14,$-521,$-70,$-2355,$24,$0,$-521
5,2017-06-30,29.73,$12.86,2.31,$4.30,6.91,$9.42,3.16,$1.45,20.51,$0.88B,$0.39B,2.27,$7.49B,$6.03B,1.24,$2.02B,$1.33B,65.58%,$2.02B,$0.61B,29.97%,$2.02B,$0.61B,29.97%,$2.02B,$1.20B,59.40%,$2.02B,$0.59B,29.13%,$2.02B,$0.69B,34.03%,$0.69B,$6.03B,9.93%,$0.69B,$5.62B,10.64%,$0.69B,$14.10B,4.18%,$0.61B,$13.51B,3.82%,$459,$153,$306,$0,$21,$363,$96,$-77,$19,$-3,$22,$22,$19,$234,$96,$469,469,$0.04,$0.04,$453,$0,$0,$884,$10651,$0,$414,$2153,$13219,$14103,$390,$7485,$199,$7684,$8074,$469,$-2956,$-27,$6029,$14103,$486,$282,$-320,$-38,$-9,$0,$0,$0,$-17,$432,$1052,$0,$0,$0,$944,$944,$-18,$1977,$-961,$-781,$-1742,$10,$10,$-347,$-12,$-2092,$316,$0,$-347
6,2017-03-31,28.75,$13.18,2.18,$4.47,6.44,$7.24,3.97,$2.05,14.02,$1.65B,$0.35B,4.77,$8.14B,$6.17B,1.32,$2.10B,$1.38B,65.64%,$2.10B,$0.71B,33.60%,$2.10B,$0.71B,33.60%,$2.10B,$1.31B,62.54%,$2.10B,$0.77B,36.46%,$2.10B,$0.97B,46.17%,$0.97B,$6.17B,12.37%,$0.97B,$5.74B,13.21%,$0.97B,$14.86B,5.32%,$0.71B,$14.32B,4.01%,$492,$159,$333,$0,$22,$319,$173,$282,$455,$-6,$461,$464,$460,$317,$173,$468,475,$0.98,$0.97,$825,$0,$0,$1645,$10634,$0,$432,$2145,$13211,$14856,$345,$8141,$196,$8337,$8682,$468,$-2802,$-29,$6173,$14856,$464,$144,$-377,$-233,$1,$0,$0,$0,$-38,$193,$1131,$0,$0,$0,$432,$432,$170,$1734,$-647,$-413,$-1060,$-0,$-0,$-174,$-5,$-1239,$688,$0,$-174
7,2016-12-31,26.99,$12.69,2.13,$4.55,5.93,$4.62,5.85,$1.33,20.29,$0.99B,$0.42B,2.37,$9.19B,$5.94B,1.55,$2.13B,$1.39B,65.34%,$2.13B,$0.71B,33.35%,$2.13B,$0.71B,33.35%,$2.13B,$1.33B,62.28%,$2.13B,$0.37B,17.24%,$2.13B,$0.63B,29.40%,$0.63B,$5.94B,7.19%,$0.63B,$5.46B,7.66%,$0.63B,$15.76B,3.16%,$0.71B,$15.13B,3.71%,$540,$196,$344,$0,$21,$367,$173,$-105,$68,$3,$64,$80,$58,$328,$173,$467,467,$0.12,$0.13,$137,$0,$0,$990,$11326,$0,$480,$2964,$14769,$15759,$417,$9189,$211,$9401,$9818,$468,$-3090,$-30,$5941,$15759,$640,$616,$-77,$539,$-7,$0,$0,$0,$35,$1214,$-241,$0,$0,$0,$-73,$-73,$-115,$-429,$-2317,$568,$-1748,$59,$59,$-980,$1615,$-1054,$-270,$0,$-980
8,2016-09-30,31.09,$20.47,1.52,$3.53,8.8,$3.40,9.15,$-0.08,0.0,$0.93B,$0.49B,1.91,$10.92B,$9.58B,1.14,$1.65B,$0.94B,57.01%,$1.65B,$0.76B,45.71%,$1.65B,$0.76B,45.71%,$1.65B,$1.37B,82.83%,$1.65B,$0.40B,24.18%,$1.65B,$-0.03B,-1.87%,$-0.03B,$9.58B,-0.32%,$-0.03B,$9.04B,-0.34%,$-0.03B,$21.19B,-0.15%,$0.76B,$20.50B,3.67%,$531,$188,$343,$0,$35,$367,$164,$-116,$47,$-0,$48,$46,$151,$322,$164,$468,468,$0.32,$0.32,$205,$0,$0,$929,$12101,$0,$539,$7619,$20260,$21189,$487,$10921,$206,$11126,$11613,$468,$-2975,$-30,$9575,$21189,$579,$460,$-79,$381,$8,$0,$0,$-10,$39,$999,$-350,$0,$0,$0,$-60,$-60,$96,$-314,$-1150,$1023,$-127,$51,$51,$-806,$-15,$-897,$-214,$0,$-806
9,2016-06-30,28.56,$20.71,1.38,$3.82,7.48,$0.93,30.8,$-0.15,0.0,$1.06B,$0.48B,2.19,$10.76B,$9.68B,1.11,$1.78B,$1.08B,60.90%,$1.78B,$0.85B,47.75%,$1.78B,$0.85B,47.75%,$1.78B,$1.45B,81.46%,$1.78B,$0.49B,27.42%,$1.78B,$-0.07B,-3.76%,$-0.07B,$9.68B,-0.68%,$-0.07B,$9.13B,-0.72%,$-0.07B,$21.12B,-0.31%,$0.85B,$20.43B,4.08%,$538,$179,$359,$0,$23,$343,$196,$1,$196,$-2,$199,$197,$301,$347,$196,$467,471,$0.65,$0.64,$297,$0,$0,$1057,$11926,$0,$551,$7583,$20060,$21116,$482,$10755,$202,$10958,$11440,$467,$-2857,$-31,$9676,$21116,$425,$303,$-78,$225,$-3,$0,$0,$-3,$18,$667,$-202,$0,$0,$0,$-45,$-45,$94,$-154,$-746,$508,$-238,$42,$42,$-537,$-9,$-743,$-230,$0,$-537
10,2016-03-31,25.87,$20.63,1.25,$3.99,6.48,$-1.72,0.0,$-0.43,0.0,$0.96B,$0.43B,2.21,$10.94B,$9.63B,1.14,$1.85B,$1.20B,64.65%,$1.85B,$0.91B,49.35%,$1.85B,$0.91B,49.35%,$1.85B,$1.50B,80.86%,$1.85B,$0.44B,23.95%,$1.85B,$-0.20B,-10.97%,$-0.20B,$9.63B,-2.01%,$-0.20B,$9.05B,-2.13%,$-0.20B,$21.20B,-0.93%,$0.91B,$20.57B,4.31%,$520,$176,$345,$0,$25,$344,$177,$-121,$56,$4,$52,$51,$116,$329,$177,$466,466,$0.25,$0.25,$141,$0,$0,$955,$12065,$0,$585,$7594,$20245,$21200,$433,$10936,$201,$11136,$11570,$467,$-2890,$-32,$9630,$21200,$120,$152,$43,$195,$4,$0,$0,$-7,$-46,$269,$-193,$0,$0,$0,$-25,$-25,$52,$-166,$-537,$423,$-114,$30,$30,$-268,$-3,$-354,$-255,$0,$-268
11,2015-12-31,29.88,$20.94,1.43,$4.20,7.12,$-1.67,0.0,$-1.20,0.0,$1.20B,$0.43B,2.8,$11.07B,$9.75B,1.14,$1.94B,$1.33B,68.52%,$1.94B,$0.59B,30.60%,$1.94B,$0.59B,30.60%,$1.94B,$1.15B,59.25%,$1.94B,$0.14B,7.01%,$1.94B,$-0.56B,-28.85%,$-0.56B,$9.75B,-5.43%,$-0.56B,$9.16B,-5.73%,$-0.56B,$21.45B,-2.57%,$0.59B,$20.82B,2.81%,$65,$169,$-104,$0,$22,$-155,$219,$-118,$101,$-3,$105,$104,$-599,$372,$219,$463,463,$-1.30,$-1.30,$387,$0,$0,$1204,$11854,$0,$587,$7805,$20246,$21450,$431,$11069,$204,$11273,$11704,$465,$-2738,$-30,$9746,$21450,$-546,$557,$1264,$1821,$-29,$0,$0,$0,$-53,$1222,$-821,$0,$-768,$0,$-123,$-123,$52,$-1660,$1811,$-413,$1398,$198,$198,$-1047,$65,$614,$168,$0,$-1047
12,2015-09-30,28.66,$22.52,1.27,$4.00,7.16,$-1.07,0.0,$0.52,55.11,$1.00B,$0.40B,2.49,$11.15B,$10.46B,1.07,$1.85B,$1.28B,69.24%,$1.85B,$0.09B,4.70%,$1.85B,$0.09B,4.70%,$1.85B,$0.62B,33.35%,$1.85B,$-0.36B,-19.51%,$1.85B,$0.24B,12.70%,$0.24B,$10.46B,2.21%,$0.24B,$9.90B,2.32%,$0.24B,$22.19B,1.08%,$0.09B,$21.61B,0.41%,$657,$174,$484,$0,$21,$400,$258,$-123,$135,$-2,$137,$118,$115,$402,$258,$463,464,$0.25,$0.25,$186,$0,$0,$1002,$12249,$0,$560,$8382,$21191,$22193,$402,$11145,$186,$11331,$11733,$464,$-1876,$-32,$10460,$22193,$48,$405,$479,$883,$-11,$0,$0,$-1,$-64,$868,$-1371,$0,$0,$1,$-80,$-79,$-236,$-1686,$1503,$-102,$1401,$161,$161,$-784,$-23,$756,$-63,$0,$-784
13,2015-06-30,27.64,$22.76,1.21,$3.88,7.12,$0.74,37.29,$0.81,34.13,$1.08B,$0.43B,2.49,$11.21B,$10.53B,1.07,$1.79B,$1.29B,72.29%,$1.79B,$0.18B,9.94%,$1.79B,$0.18B,9.94%,$1.79B,$0.70B,38.94%,$1.79B,$-0.26B,-14.25%,$1.79B,$0.37B,20.50%,$0.37B,$10.53B,3.40%,$0.37B,$9.95B,3.57%,$0.37B,$22.35B,1.72%,$0.18B,$21.74B,0.86%,$608,$136,$471,$0,$29,$349,$259,$-108,$151,$-5,$156,$168,$165,$393,$259,$462,462,$0.36,$0.36,$170,$0,$0,$1079,$12227,$0,$577,$8465,$21270,$22348,$434,$11213,$174,$11387,$11821,$462,$-1730,$-32,$10527,$22348,$-70,$260,$417,$677,$-6,$0,$0,$-8,$-13,$594,$-1361,$0,$0,$0,$-58,$-58,$-226,$-1645,$1251,$187,$1438,$85,$85,$-522,$-18,$983,$-68,$0,$-522
14,2015-03-31,32.29,$22.87,1.41,$3.74,8.64,$3.03,10.67,$0.93,34.72,$1.25B,$0.31B,3.98,$9.99B,$10.56B,0.95,$1.72B,$1.28B,74.51%,$1.72B,$0.23B,13.62%,$1.72B,$0.23B,13.62%,$1.72B,$0.74B,43.25%,$1.72B,$-0.20B,-11.47%,$1.72B,$0.42B,24.45%,$0.42B,$10.56B,3.86%,$0.42B,$10.10B,4.03%,$0.42B,$21.02B,2.02%,$0.23B,$20.54B,1.15%,$611,$132,$479,$0,$25,$753,$-142,$-109,$-251,$-0,$-251,$-238,$-241,$-17,$-142,$461,461,$-0.52,$-0.52,$184,$0,$0,$1250,$10837,$0,$458,$8479,$19775,$21024,$314,$9987,$168,$10155,$10469,$462,$-1634,$-28,$10556,$21024,$-238,$125,$427,$552,$-4,$0,$0,$-6,$-85,$230,$-133,$0,$0,$0,$-38,$-38,$-157,$-328,$722,$-456,$266,$56,$56,$-261,$-10,$52,$-47,$0,$-261
15,2014-12-31,32.49,$23.92,1.36,$3.57,9.1,$3.35,9.7,$2.01,16.17,$1.18B,$0.43B,2.72,$9.72B,$11.00B,0.88,$1.64B,$1.26B,76.66%,$1.64B,$0.70B,42.88%,$1.64B,$0.70B,42.88%,$1.64B,$1.20B,73.49%,$1.64B,$0.28B,16.80%,$1.64B,$0.92B,56.14%,$0.92B,$11.00B,8.36%,$0.92B,$10.52B,8.74%,$0.92B,$21.33B,4.48%,$0.70B,$20.72B,3.51%,$-26,$127,$-153,$0,$20,$262,$-288,$-108,$-396,$-3,$-393,$-436,$196,$-161,$-288,$458,459,$0.43,$0.42,$233,$0,$0,$1176,$10887,$0,$481,$8787,$20155,$21331,$433,$9721,$180,$9901,$10334,$460,$-1133,$-24,$10997,$21331,$937,$500,$-201,$299,$-9,$0,$0,$-6,$13,$1249,$-577,$0,$-370,$0,$-72,$-72,$-492,$-1512,$251,$845,$1096,$84,$84,$-1002,$-33,$145,$-119,$0,$-1002
16,2014-09-30,28.94,$24.04,1.2,$4.79,6.04,$4.19,6.91,$2.22,13.04,$0.59B,$0.33B,1.8,$9.22B,$11.04B,0.84,$2.19B,$1.86B,84.91%,$2.19B,$1.32B,60.15%,$2.19B,$1.32B,60.15%,$2.19B,$1.81B,82.58%,$2.19B,$0.89B,40.63%,$2.19B,$1.02B,46.33%,$1.02B,$11.04B,9.26%,$1.02B,$10.56B,9.68%,$1.02B,$20.75B,5.03%,$1.32B,$20.25B,6.69%,$597,$100,$497,$0,$19,$248,$349,$-108,$241,$0,$241,$251,$247,$482,$349,$459,459,$0.54,$0.54,$138,$0,$0,$591,$10840,$0,$479,$8834,$20153,$20745,$329,$9215,$165,$9380,$9709,$459,$-1078,$-17,$11036,$20745,$737,$373,$-197,$176,$-7,$0,$0,$-14,$-30,$883,$-549,$0,$-370,$0,$-46,$-46,$8,$-957,$501,$70,$571,$61,$61,$-751,$-24,$-143,$-217,$0,$-751
17,2014-06-30,29.76,$23.92,1.24,$4.69,6.35,$4.97,5.99,$2.19,13.59,$0.50B,$0.34B,1.46,$8.67B,$10.97B,0.79,$2.14B,$1.84B,85.71%,$2.14B,$1.29B,60.27%,$2.14B,$1.29B,60.27%,$2.14B,$1.78B,83.19%,$2.14B,$0.86B,40.34%,$2.14B,$1.00B,46.78%,$1.00B,$10.97B,9.17%,$1.00B,$10.50B,9.59%,$1.00B,$20.14B,5.01%,$1.29B,$19.65B,6.61%,$536,$79,$457,$0,$22,$221,$315,$-106,$209,$1,$208,$222,$218,$439,$315,$458,459,$0.48,$0.48,$88,$0,$0,$497,$10815,$0,$478,$8355,$19647,$20144,$339,$8674,$158,$8832,$9172,$459,$-1076,$-12,$10973,$20144,$486,$241,$-121,$120,$-5,$0,$0,$-6,$2,$608,$-321,$0,$0,$0,$-26,$-26,$-38,$-385,$-307,$310,$3,$45,$45,$-500,$-17,$-469,$-246,$0,$-500
18,2014-03-31,27.54,$23.95,1.15,$4.64,5.93,$5.33,5.17,$2.18,12.63,$0.48B,$0.28B,1.74,$8.45B,$10.97B,0.77,$2.12B,$1.82B,85.79%,$2.12B,$1.28B,60.48%,$2.12B,$1.28B,60.48%,$2.12B,$1.76B,83.29%,$2.12B,$0.86B,40.37%,$2.12B,$1.00B,47.07%,$1.00B,$10.97B,9.16%,$1.00B,$10.50B,9.60%,$1.00B,$19.86B,4.99%,$1.28B,$19.42B,6.57%,$530,$76,$454,$0,$21,$204,$326,$-105,$221,$1,$219,$234,$258,$443,$326,$457,458,$0.56,$0.56,$80,$0,$0,$480,$10593,$0,$472,$8314,$19379,$19859,$276,$8450,$162,$8613,$8889,$458,$-1044,$-15,$10970,$19859,$264,$117,$-76,$41,$-1,$0,$0,$-9,$-58,$247,$-3,$0,$0,$0,$-12,$-12,$-32,$-47,$-213,$0,$-213,$25,$25,$-250,$-13,$-451,$-251,$0,$-250
19,2013-12-31,25.43,$23.92,1.06,$4.61,5.51,$5.12,4.97,$2.13,11.94,$0.73B,$0.32B,2.3,$8.66B,$10.93B,0.79,$2.10B,$1.80B,85.85%,$2.10B,$1.27B,60.51%,$2.10B,$1.27B,60.51%,$2.10B,$1.75B,83.37%,$2.10B,$0.85B,40.59%,$2.10B,$0.97B,46.16%,$0.97B,$10.93B,8.94%,$0.97B,$10.44B,9.38%,$0.97B,$20.08B,4.86%,$1.27B,$19.59B,6.52%,$530,$76,$454,$0,$13,$202,$329,$-108,$220,$2,$218,$238,$293,$447,$329,$455,456,$0.64,$0.64,$338,$0,$0,$731,$10627,$0,$490,$8227,$19345,$20076,$318,$8662,$165,$8826,$9145,$457,$-1053,$-14,$10931,$20076,$985,$481,$-268,$213,$7,$0,$0,$-58,$-49,$1149,$-99,$0,$0,$12,$-50,$-39,$-59,$-197,$-45,$0,$-45,$114,$114,$-957,$-12,$-900,$53,$0,$-957
20,2013-09-30,28.31,$23.80,1.19,$4.60,6.15,$5.27,5.37,$2.02,14.01,$0.52B,$0.30B,1.7,$8.56B,$10.85B,0.79,$2.07B,$1.77B,85.86%,$2.07B,$1.25B,60.29%,$2.07B,$1.25B,60.29%,$2.07B,$1.72B,83.15%,$2.07B,$0.83B,40.19%,$2.07B,$0.92B,44.36%,$0.92B,$10.85B,8.48%,$0.92B,$10.34B,8.92%,$0.92B,$19.89B,4.60%,$1.25B,$19.41B,6.40%,$546,$75,$471,$0,$45,$226,$321,$-106,$214,$1,$213,$227,$233,$453,$321,$455,456,$0.51,$0.51,$98,$0,$0,$516,$10700,$0,$508,$8166,$19374,$19890,$304,$8561,$175,$8735,$9039,$456,$-1106,$-16,$10850,$19890,$687,$363,$-90,$273,$6,$0,$0,$-44,$-51,$844,$-157,$0,$0,$12,$-33,$-21,$-96,$-274,$-428,$283,$-145,$93,$93,$-717,$1,$-769,$-198,$0,$-717
21,2013-06-30,31.03,$23.73,1.31,$4.49,6.91,$4.86,6.39,$1.96,15.83,$0.69B,$0.31B,2.19,$8.77B,$10.80B,0.81,$1.99B,$1.70B,85.41%,$1.99B,$1.21B,60.64%,$1.99B,$1.21B,60.64%,$1.99B,$1.64B,82.74%,$1.99B,$0.79B,39.96%,$1.99B,$0.88B,44.24%,$0.88B,$10.80B,8.36%,$0.88B,$10.28B,8.77%,$0.88B,$20.05B,4.52%,$1.21B,$19.57B,6.34%,$512,$74,$438,$0,$24,$207,$305,$-105,$200,$2,$198,$214,$213,$421,$305,$455,455,$0.47,$0.47,$98,$0,$0,$687,$10861,$0,$519,$7984,$19365,$20052,$314,$8767,$173,$8940,$9254,$455,$-1101,$-12,$10798,$20052,$451,$230,$-57,$174,$0,$0,$0,$-13,$-7,$572,$-125,$0,$0,$11,$-19,$-8,$-289,$-421,$-190,$265,$75,$62,$62,$-477,$-4,$-345,$-195,$0,$-477
22,2013-03-31,33.71,$23.73,1.42,$4.46,7.56,$4.89,6.89,$1.97,17.11,$0.41B,$0.24B,1.72,$8.55B,$10.78B,0.79,$1.94B,$1.65B,85.22%,$1.94B,$1.19B,61.55%,$1.94B,$1.19B,61.55%,$1.94B,$1.61B,83.26%,$1.94B,$0.78B,40.47%,$1.94B,$0.87B,44.81%,$0.87B,$10.78B,8.47%,$0.87B,$10.24B,8.86%,$0.87B,$19.73B,4.59%,$1.19B,$19.33B,6.46%,$511,$73,$439,$0,$21,$197,$315,$-97,$218,$1,$217,$232,$230,$429,$315,$454,455,$0.51,$0.51,$85,$0,$0,$409,$10878,$0,$538,$7908,$19323,$19733,$239,$8546,$166,$8712,$8951,$454,$-1075,$-17,$10782,$19733,$234,$115,$-67,$48,$2,$0,$0,$-9,$-67,$214,$-64,$0,$0,$28,$-8,$20,$-13,$-57,$-162,$14,$-148,$32,$32,$-238,$-3,$-357,$-200,$0,$-238
23,2012-12-31,30.19,$23.73,1.27,$4.44,6.8,$4.98,6.07,$1.89,15.97,$0.60B,$0.29B,2.03,$8.70B,$10.75B,0.81,$1.88B,$1.60B,85.00%,$1.88B,$1.16B,61.65%,$1.88B,$1.16B,61.65%,$1.88B,$1.56B,83.14%,$1.88B,$0.75B,39.63%,$1.88B,$0.81B,43.19%,$0.81B,$10.75B,8.23%,$0.81B,$10.20B,8.58%,$0.81B,$19.92B,4.42%,$1.16B,$19.45B,6.49%,$496,$71,$425,$0,$14,$192,$304,$-106,$198,$-1,$198,$210,$240,$414,$304,$427,428,$0.53,$0.54,$286,$0,$0,$596,$10829,$0,$552,$7939,$19320,$19916,$294,$8696,$172,$8868,$9162,$453,$-1067,$-15,$10754,$19916,$847,$404,$-219,$185,$-7,$0,$0,$-4,$3,$1035,$17,$0,$-1701,$-215,$-59,$-273,$-357,$-2314,$1359,$-454,$905,$1793,$1497,$-865,$-44,$1493,$214,$0,$-865
24,2012-09-30,29.4,$22.62,1.3,$4.37,6.73,$4.16,7.06,$1.51,19.47,$0.41B,$0.27B,1.52,$7.91B,$9.73B,0.81,$1.82B,$1.54B,84.65%,$1.82B,$1.00B,54.90%,$1.82B,$1.00B,54.90%,$1.82B,$1.39B,76.29%,$1.82B,$0.59B,32.34%,$1.82B,$0.63B,34.87%,$0.63B,$9.73B,6.68%,$0.63B,$9.35B,6.95%,$0.63B,$18.08B,3.57%,$1.00B,$17.64B,5.79%,$468,$73,$395,$0,$19,$187,$281,$-103,$178,$-1,$179,$192,$196,$380,$281,$430,431,$0.46,$0.45,$140,$0,$0,$413,$9361,$0,$382,$7923,$17667,$18079,$271,$7910,$171,$8081,$8351,$430,$-1081,$-17,$9728,$18079,$601,$294,$-139,$154,$-5,$0,$0,$-7,$-34,$721,$-252,$0,$0,$-215,$-41,$-256,$-143,$-651,$605,$-454,$151,$804,$509,$-638,$-29,$-7,$63,$0,$-638
25,2012-06-30,28.87,$22.57,1.28,$4.36,6.62,$4.09,7.05,$1.47,19.64,$0.36B,$0.27B,1.33,$7.64B,$9.69B,0.79,$1.79B,$1.53B,85.32%,$1.79B,$0.98B,54.66%,$1.79B,$0.98B,54.66%,$1.79B,$1.37B,76.21%,$1.79B,$0.57B,31.71%,$1.79B,$0.60B,33.72%,$0.60B,$9.69B,6.44%,$0.60B,$9.34B,6.70%,$0.60B,$17.79B,3.43%,$0.98B,$17.33B,5.74%,$460,$70,$390,$0,$15,$170,$291,$-101,$189,$0,$189,$205,$201,$388,$291,$420,422,$0.48,$0.48,$212,$0,$0,$364,$9318,$0,$348,$7760,$17426,$17790,$273,$7642,$183,$7825,$8099,$429,$-1062,$-20,$9691,$17790,$402,$195,$-99,$96,$1,$0,$0,$-8,$-14,$484,$-56,$0,$0,$-215,$-26,$-240,$-17,$-314,$157,$-239,$-82,$783,$488,$-423,$-17,$-34,$136,$0,$-423
26,2012-03-31,25.49,$22.20,1.15,$4.46,5.72,$3.77,6.76,$1.54,16.55,$0.53B,$0.52B,1.02,$7.71B,$9.31B,0.83,$1.82B,$1.58B,86.86%,$1.82B,$1.01B,55.25%,$1.82B,$1.01B,55.25%,$1.82B,$1.39B,76.47%,$1.82B,$0.60B,32.88%,$1.82B,$0.63B,34.41%,$0.63B,$9.31B,6.74%,$0.63B,$8.95B,7.02%,$0.63B,$17.73B,3.56%,$1.01B,$17.02B,5.93%,$456,$67,$388,$0,$20,$173,$283,$-103,$180,$-1,$181,$194,$175,$381,$283,$410,412,$0.43,$0.43,$393,$0,$0,$531,$9335,$0,$360,$7499,$17194,$17725,$519,$7708,$188,$7896,$8415,$419,$-1054,$-18,$9310,$17725,$197,$97,$-24,$74,$2,$0,$0,$-8,$-58,$186,$-15,$0,$0,$0,$-6,$-6,$-10,$-31,$440,$-454,$-14,$398,$398,$-211,$-14,$159,$314,$0,$-211
27,2011-12-31,26.44,$22.56,1.17,$4.24,6.24,$3.58,7.38,$1.28,20.66,$0.21B,$0.28B,0.77,$7.73B,$8.94B,0.87,$1.69B,$1.48B,87.13%,$1.69B,$0.89B,52.72%,$1.69B,$0.89B,52.72%,$1.69B,$1.29B,76.27%,$1.69B,$0.49B,28.98%,$1.69B,$0.52B,30.40%,$0.52B,$9.22B,5.55%,$0.52B,$8.85B,5.79%,$0.52B,$17.41B,2.94%,$0.89B,$16.95B,5.27%,$434,$68,$366,$0,$20,$291,$143,$-102,$41,$1,$40,$54,$62,$238,$143,$398,400,$0.16,$0.16,$75,$0,$0,$212,$9281,$0,$372,$7544,$17196,$17408,$275,$7729,$183,$7912,$8188,$409,$-1024,$-20,$9221,$17408,$554,$399,$-212,$187,$3,$0,$0,$28,$-17,$724,$-66,$0,$-4162,$-22,$-145,$-168,$-185,$-4580,$1938,$454,$2392,$1328,$1328,$-788,$-79,$2853,$-1003,$0,$-788
28,2011-09-30,22.11,$22.85,0.97,$4.21,5.25,$2.94,7.52,$1.55,14.26,$0.22B,$0.26B,0.85,$7.66B,$9.03B,0.85,$1.59B,$1.38B,86.89%,$1.59B,$0.93B,58.45%,$1.59B,$0.93B,58.45%,$1.59B,$1.33B,83.61%,$1.59B,$0.57B,36.00%,$1.59B,$0.59B,37.14%,$0.59B,$9.32B,6.54%,$0.59B,$8.93B,6.82%,$0.59B,$17.44B,3.57%,$0.93B,$16.98B,5.83%,$441,$58,$384,$0,$20,$179,$262,$-104,$158,$0,$158,$175,$166,$358,$262,$407,409,$0.41,$0.41,$93,$0,$0,$221,$9447,$0,$390,$7382,$17218,$17439,$260,$7659,$203,$7862,$8122,$408,$-890,$-28,$9317,$17439,$484,$304,$-95,$209,$3,$0,$0,$29,$-40,$587,$-171,$0,$-4162,$-22,$-125,$-147,$-71,$-4551,$1955,$375,$2330,$1303,$1303,$-586,$-75,$2972,$-992,$0,$-586
29,2011-06-30,22.8,$22.90,1.0,$4.15,5.49,$2.57,8.87,$1.19,19.16,$0.46B,$0.59B,0.77,$7.58B,$9.04B,0.84,$1.46B,$1.25B,85.57%,$1.46B,$0.82B,56.36%,$1.46B,$0.82B,56.36%,$1.46B,$1.21B,82.49%,$1.46B,$0.51B,34.68%,$1.46B,$0.44B,30.10%,$0.44B,$9.32B,5.34%,$0.44B,$8.92B,5.58%,$0.44B,$17.69B,2.90%,$0.82B,$16.90B,5.65%,$488,$47,$442,$0,$35,$171,$317,$-98,$219,$0,$219,$234,$223,$414,$317,$406,412,$0.55,$0.55,$320,$0,$0,$456,$9483,$0,$400,$7354,$17237,$17693,$590,$7577,$205,$7782,$8372,$407,$-862,$-14,$9321,$17693,$308,$208,$-82,$126,$9,$0,$0,$-4,$41,$433,$-148,$0,$-3937,$0,$-114,$-114,$-65,$-4265,$2258,$0,$2258,$1282,$1282,$-385,$-84,$3071,$-760,$0,$-385
30,2011-03-31,23.28,$22.83,1.02,$3.99,5.84,$2.28,10.2,$0.91,25.58,$6.44B,$0.32B,20.03,$7.70B,$8.98B,0.86,$1.28B,$1.07B,83.46%,$1.28B,$0.67B,52.12%,$1.28B,$0.67B,52.12%,$1.28B,$1.03B,80.56%,$1.28B,$0.37B,29.31%,$1.28B,$0.30B,23.20%,$0.30B,$9.27B,3.95%,$0.30B,$8.88B,4.14%,$0.30B,$17.50B,2.14%,$0.67B,$16.97B,5.01%,$331,$47,$284,$0,$22,$160,$171,$-98,$73,$0,$73,$74,$64,$282,$171,$372,374,$0.17,$0.17,$4031,$0,$0,$6441,$9473,$0,$390,$1196,$11059,$17500,$322,$7697,$213,$7911,$8232,$406,$-890,$-14,$9267,$17500,$74,$111,$-47,$64,$4,$0,$0,$8,$12,$150,$-65,$0,$-136,$0,$-9,$-9,$-365,$-576,$2379,$0,$2379,$1248,$1248,$-184,$-65,$3378,$2952,$0,$-184
31,2010-12-31,22.28,$21.96,1.01,$4.11,5.43,$2.32,9.6,$0.99,22.51,$3.11B,$0.31B,9.91,$4.65B,$7.86B,0.59,$1.24B,$1.03B,83.06%,$1.24B,$0.65B,52.58%,$1.24B,$0.65B,52.58%,$1.24B,$0.98B,79.35%,$1.24B,$0.38B,30.89%,$1.24B,$0.31B,24.76%,$0.31B,$8.15B,4.62%,$0.31B,$7.83B,4.87%,$0.31B,$13.33B,2.46%,$0.65B,$12.79B,5.47%,$326,$58,$268,$0,$18,$149,$177,$-56,$121,$-1,$122,$123,$136,$272,$177,$306,307,$0.43,$0.43,$1073,$0,$0,$3110,$8660,$0,$316,$1245,$10222,$13332,$314,$4646,$226,$4872,$5186,$371,$-775,$-13,$8146,$13332,$344,$332,$-94,$238,$9,$0,$0,$-6,$-2,$580,$-273,$0,$0,$179,$-100,$79,$-237,$-431,$-1043,$0,$-1043,$2427,$2427,$-591,$-19,$775,$924,$0,$-591
32,2010-09-30,21.52,$20.14,1.07,$4.10,5.25,$2.85,7.56,$0.66,32.6,$1.98B,$0.34B,5.84,$5.42B,$5.97B,0.91,$1.20B,$1.01B,83.80%,$1.20B,$0.58B,47.84%,$1.20B,$0.58B,47.84%,$1.20B,$0.91B,75.17%,$1.20B,$0.29B,24.34%,$1.20B,$0.20B,16.36%,$0.20B,$6.25B,3.23%,$0.20B,$5.93B,3.43%,$0.20B,$12.25B,1.61%,$0.58B,$11.67B,4.95%,$317,$60,$257,$0,$20,$158,$159,$-65,$94,$1,$93,$21,$17,$238,$159,$309,311,$0.05,$0.05,$87,$0,$0,$1978,$8629,$0,$326,$1312,$10268,$12245,$339,$5420,$233,$5653,$5992,$311,$-761,$-7,$6254,$12245,$199,$237,$28,$265,$2,$0,$0,$1,$13,$431,$-228,$0,$0,$73,$-67,$6,$-104,$-327,$-563,$318,$-245,$519,$519,$-434,$-3,$-163,$-60,$11,$-434
33,2010-06-30,19.04,$20.43,0.93,$4.09,4.66,$3.31,5.75,$0.43,44.27,$1.88B,$0.31B,6.01,$5.37B,$6.01B,0.89,$1.17B,$0.99B,84.58%,$1.17B,$0.44B,37.22%,$1.17B,$0.44B,37.22%,$1.17B,$0.77B,65.50%,$1.17B,$0.15B,12.86%,$1.17B,$0.13B,10.90%,$0.13B,$6.29B,2.11%,$0.13B,$5.94B,2.26%,$0.13B,$12.25B,1.05%,$0.44B,$11.66B,3.75%,$302,$45,$256,$0,$21,$144,$158,$-73,$86,$1,$85,$88,$79,$236,$158,$295,296,$0.27,$0.27,$136,$0,$0,$1881,$8622,$0,$356,$1385,$10364,$12245,$313,$5370,$268,$5639,$5951,$308,$-634,$-5,$6293,$12245,$173,$158,$-28,$131,$4,$0,$0,$1,$3,$276,$-157,$0,$0,$0,$-15,$-15,$11,$-161,$-288,$0,$-288,$441,$441,$-285,$1,$-131,$-16,$8,$-285
34,2010-03-31,19.21,$20.10,0.96,$4.17,4.61,$3.71,5.18,$0.51,37.66,$1.81B,$0.29B,6.16,$5.66B,$5.62B,1.01,$1.16B,$0.98B,84.54%,$1.16B,$0.42B,36.08%,$1.16B,$0.42B,36.08%,$1.16B,$0.75B,64.26%,$1.16B,$0.13B,11.43%,$1.16B,$0.14B,12.11%,$0.14B,$5.91B,2.38%,$0.14B,$5.54B,2.55%,$0.14B,$12.14B,1.16%,$0.42B,$11.57B,3.64%,$295,$46,$249,$0,$25,$137,$158,$-76,$82,$0,$82,$83,$75,$238,$158,$293,294,$0.26,$0.25,$83,$0,$0,$1809,$8543,$0,$373,$1415,$10330,$12140,$294,$5659,$278,$5937,$6231,$294,$-577,$-0,$5908,$12140,$84,$81,$-21,$60,$4,$0,$0,$-7,$-20,$109,$-31,$0,$0,$0,$-4,$-4,$-4,$-39,$-209,$210,$1,$-2,$-2,$-143,$5,$-138,$-68,$4,$-143
35,2009-12-31,17.47,$20.30,0.86,$4.26,4.1,$3.82,4.57,$0.43,40.64,$1.86B,$0.31B,6.01,$5.66B,$5.67B,1.0,$1.15B,$0.96B,84.12%,$1.15B,$0.39B,34.21%,$1.15B,$0.39B,34.21%,$1.15B,$0.72B,62.83%,$1.15B,$0.10B,8.90%,$1.15B,$0.11B,9.51%,$0.11B,$5.96B,1.88%,$0.11B,$5.57B,2.04%,$0.11B,$12.21B,0.91%,$0.39B,$11.62B,3.41%,$290,$43,$247,$0,$16,$190,$101,$-70,$31,$1,$30,$31,$26,$193,$101,$274,275,$0.06,$0.06,$145,$0,$0,$1862,$8551,$0,$390,$1407,$10348,$12210,$310,$5656,$285,$5942,$6251,$294,$-515,$-2,$5959,$12210,$146,$328,$-1,$327,$4,$0,$0,$-7,$81,$516,$-97,$0,$0,$157,$30,$188,$-152,$-61,$-560,$-150,$-710,$853,$853,$-517,$-25,$-400,$55,$0,$-517
36,2009-09-30,16.18,$20.64,0.78,$4.81,3.36,$4.03,4.01,$0.48,33.71,$1.89B,$0.31B,6.08,$5.68B,$5.76B,0.99,$1.24B,$1.05B,84.76%,$1.24B,$0.52B,41.61%,$1.24B,$0.52B,41.61%,$1.24B,$0.83B,67.18%,$1.24B,$0.11B,8.55%,$1.24B,$0.12B,9.52%,$0.12B,$6.05B,2.09%,$0.12B,$5.64B,2.27%,$0.12B,$12.34B,0.99%,$0.52B,$11.73B,4.52%,$287,$46,$241,$0,$23,$267,$20,$-68,$-48,$-0,$-48,$-47,$-52,$102,$20,$285,285,$-0.18,$-0.18,$176,$0,$0,$1888,$8623,$0,$410,$1417,$10451,$12338,$310,$5683,$295,$5978,$6289,$293,$-407,$-10,$6049,$12338,$111,$236,$-33,$204,$11,$0,$0,$-3,$99,$390,$-71,$0,$0,$120,$36,$156,$-154,$-69,$-532,$-150,$-682,$846,$846,$-377,$-21,$-234,$87,$11,$-377
37,2009-06-30,11.73,$21.04,0.56,$4.90,2.39,$4.23,2.77,$1.15,10.2,$1.19B,$0.20B,6.03,$5.51B,$5.51B,1.0,$1.22B,$1.03B,84.28%,$1.22B,$0.62B,50.53%,$1.22B,$0.62B,50.53%,$1.22B,$0.93B,76.09%,$1.22B,$0.26B,20.88%,$1.22B,$0.29B,23.75%,$0.29B,$5.79B,5.32%,$0.29B,$5.36B,5.84%,$0.29B,$11.79B,2.44%,$0.62B,$11.30B,5.46%,$292,$46,$247,$0,$20,$151,$141,$-74,$68,$1,$67,$68,$92,$215,$141,$265,266,$0.35,$0.35,$82,$0,$0,$1190,$8662,$0,$434,$1500,$10596,$11786,$197,$5510,$287,$5797,$5994,$275,$-228,$-19,$5791,$11786,$154,$154,$-35,$119,$5,$0,$0,$-6,$-11,$250,$-39,$0,$0,$5,$38,$43,$7,$11,$-379,$-50,$-429,$421,$421,$-245,$-17,$-269,$-8,$8,$-245
38,2009-03-31,9.67,$20.99,0.46,$4.85,1.99,$4.28,2.26,$1.76,5.49,$1.20B,$0.19B,6.33,$5.98B,$5.05B,1.19,$1.18B,$0.98B,83.53%,$1.18B,$0.58B,49.24%,$1.18B,$0.58B,49.24%,$1.18B,$0.90B,76.32%,$1.18B,$0.24B,20.20%,$1.18B,$0.42B,35.99%,$0.42B,$5.33B,8.14%,$0.42B,$4.85B,9.06%,$0.42B,$11.80B,3.54%,$0.58B,$11.32B,5.12%,$277,$48,$229,$0,$19,$147,$130,$-80,$51,$1,$50,$50,$43,$210,$130,$253,253,$0.17,$0.17,$99,$0,$0,$1203,$8669,$0,$482,$1447,$10598,$11801,$190,$5984,$296,$6280,$6470,$254,$-203,$-77,$5331,$11801,$53,$80,$0,$80,$5,$0,$0,$-0,$-10,$117,$-20,$0,$0,$0,$-2,$-2,$5,$-18,$-38,$85,$47,$-1,$-1,$-122,$-13,$-90,$9,$4,$-122
39,2008-12-31,14.74,$21.32,0.69,$4.88,3.02,$4.31,3.42,$1.80,8.19,$1.20B,$0.21B,5.64,$5.94B,$5.12B,1.16,$1.15B,$0.95B,83.07%,$1.15B,$0.55B,47.82%,$1.15B,$0.55B,47.82%,$1.15B,$0.87B,76.00%,$1.15B,$0.23B,19.72%,$1.15B,$0.43B,37.17%,$0.43B,$5.41B,8.72%,$0.43B,$4.90B,9.85%,$0.43B,$11.85B,3.51%,$0.55B,$11.35B,4.81%,$384,$49,$334,$0,$17,$159,$225,$-190,$35,$-0,$35,$38,$35,$306,$225,$237,238,$0.13,$0.13,$93,$0,$0,$1195,$8691,$0,$506,$1458,$10655,$11850,$212,$5937,$293,$6230,$6442,$254,$-130,$-81,$5408,$11850,$471,$323,$-200,$122,$11,$0,$0,$-1,$2,$569,$-156,$0,$0,$-19,$587,$568,$15,$427,$-776,$-802,$-1577,$1061,$1061,$-458,$-60,$-1035,$-39,$14,$-458
40,2008-09-30,20.92,$21.01,1.0,$4.66,4.49,$2.70,7.74,$1.87,11.19,$1.25B,$0.23B,5.58,$5.95B,$5.01B,1.19,$1.05B,$0.86B,81.84%,$1.05B,$0.48B,45.63%,$1.05B,$0.48B,45.63%,$1.05B,$0.80B,76.14%,$1.05B,$0.22B,21.29%,$1.05B,$0.43B,41.16%,$0.43B,$5.29B,9.50%,$0.43B,$4.74B,10.91%,$0.43B,$12.03B,3.51%,$0.48B,$11.24B,4.19%,$268,$49,$219,$0,$17,$147,$121,$-19,$101,$1,$101,$101,$120,$198,$121,$245,245,$0.49,$0.49,$154,$0,$0,$1253,$8765,$0,$553,$1461,$10779,$12031,$225,$5950,$315,$6513,$6738,$252,$-50,$-29,$5293,$12031,$426,$241,$-212,$29,$15,$0,$0,$-5,$21,$455,$-132,$0,$0,$-15,$594,$578,$11,$457,$-615,$-952,$-1566,$0,$1060,$-337,$-48,$-891,$21,$11,$-337
41,2008-06-30,16.36,$20.33,0.81,$4.74,3.45,$1.24,13.17,$2.91,5.62,$1.35B,$0.22B,6.06,$6.59B,$4.52B,1.46,$1.03B,$0.84B,81.32%,$1.03B,$0.47B,45.33%,$1.03B,$0.47B,45.33%,$1.03B,$0.79B,77.04%,$1.03B,$0.15B,14.49%,$1.03B,$0.63B,61.28%,$0.63B,$4.81B,15.01%,$0.63B,$4.23B,17.58%,$0.63B,$12.22B,5.11%,$0.47B,$11.40B,4.07%,$249,$46,$202,$0,$19,$145,$104,$-53,$51,$1,$49,$49,$226,$185,$104,$235,236,$0.96,$0.96,$249,$0,$0,$1354,$8769,$0,$582,$1518,$10870,$12224,$223,$6593,$326,$7193,$7416,$237,$-55,$-8,$4808,$12224,$294,$164,$-185,$-21,$13,$0,$0,$5,$12,$273,$-73,$0,$0,$11,$487,$497,$5,$429,$29,$-952,$-923,$573,$573,$-217,$-14,$-581,$121,$7,$-217
42,2008-03-31,17.17,$18.49,0.93,$4.69,3.66,$1.44,11.91,$2.27,7.57,$1.29B,$0.25B,5.14,$7.57B,$3.74B,2.02,$0.99B,$0.80B,81.54%,$0.99B,$0.46B,46.45%,$0.99B,$0.46B,46.45%,$0.99B,$0.77B,77.79%,$0.99B,$0.14B,14.30%,$0.99B,$0.47B,47.67%,$0.47B,$4.03B,12.07%,$0.47B,$3.43B,14.05%,$0.47B,$12.50B,4.09%,$0.46B,$11.60B,4.30%,$245,$48,$197,$0,$20,$146,$98,$-60,$39,$2,$37,$37,$45,$182,$98,$217,217,$0.21,$0.21,$184,$0,$0,$1285,$8941,$0,$598,$1677,$11215,$12500,$250,$7571,$338,$8223,$8472,$218,$-175,$-56,$4028,$12500,$56,$83,$-8,$75,$12,$0,$0,$10,$6,$132,$-43,$0,$0,$0,$13,$13,$8,$-21,$-12,$67,$55,$6,$4,$-104,$-7,$-53,$58,$4,$-104
43,2007-12-31,17.4,$18.93,0.92,$4.60,3.78,$0.38,46.0,$2.74,6.35,$1.24B,$0.24B,5.22,$7.51B,$3.82B,1.97,$0.96B,$0.78B,81.47%,$0.96B,$0.45B,47.43%,$0.96B,$0.45B,47.43%,$0.96B,$0.75B,78.12%,$0.96B,$0.13B,13.82%,$0.96B,$0.57B,59.16%,$0.57B,$4.10B,14.90%,$0.57B,$3.48B,17.20%,$0.57B,$12.52B,5.27%,$0.45B,$11.62B,4.56%,$290,$46,$243,$0,$14,$133,$157,$-124,$33,$2,$31,$45,$42,$236,$157,$208,209,$0.17,$0.17,$133,$0,$0,$1243,$8825,$0,$623,$1830,$11279,$12522,$238,$7511,$330,$8180,$8418,$217,$-121,$-2,$4104,$12522,$614,$293,$-447,$-154,$-13,$0,$0,$-12,$2,$453,$-425,$0,$-2983,$27,$1312,$1339,$-819,$-2888,$1971,$327,$2298,$0,$619,$-394,$-51,$2473,$38,$11,$-394
44,2007-09-30,16.36,$18.54,0.88,$3.93,4.16,$-0.69,0.0,$3.80,4.31,$0.83B,$0.22B,3.86,$7.37B,$3.56B,2.07,$0.77B,$0.62B,80.31%,$0.77B,$0.32B,41.32%,$0.77B,$0.32B,41.32%,$0.77B,$0.60B,78.24%,$0.77B,$0.04B,5.18%,$0.77B,$0.76B,98.32%,$0.76B,$3.84B,21.14%,$0.76B,$3.20B,24.15%,$0.76B,$12.10B,7.52%,$0.32B,$11.21B,3.39%,$244,$50,$194,$0,$16,$137,$107,$-81,$26,$-0,$26,$20,$317,$189,$107,$206,207,$1.54,$1.53,$634,$0,$0,$828,$9213,$0,$649,$1406,$11268,$12096,$215,$7368,$331,$8037,$8252,$207,$-69,$8,$3844,$12096,$539,$214,$-412,$-198,$-3,$0,$0,$-18,$-24,$310,$-340,$0,$-2978,$27,$1302,$1329,$54,$-1934,$2786,$-625,$2162,$301,$301,$-292,$-36,$2135,$510,$9,$-292
45,2007-06-30,14.04,$17.46,0.8,$3.63,3.87,$-1.14,0.0,$2.79,5.03,$0.59B,$0.17B,3.53,$4.59B,$3.32B,1.38,$0.65B,$0.53B,81.17%,$0.65B,$0.28B,42.59%,$0.65B,$0.28B,42.59%,$0.65B,$0.51B,79.01%,$0.65B,$0.04B,6.48%,$0.65B,$0.51B,79.32%,$0.51B,$3.60B,17.23%,$0.51B,$3.28B,19.15%,$0.51B,$8.88B,6.25%,$0.28B,$8.20B,3.59%,$207,$37,$170,$0,$17,$111,$96,$-53,$43,$-0,$43,$47,$66,$160,$96,$206,207,$0.32,$0.32,$351,$0,$0,$588,$6386,$0,$329,$1576,$8291,$8879,$167,$4593,$175,$5108,$5275,$206,$-294,$14,$3604,$8879,$217,$132,$-121,$11,$-4,$0,$0,$-3,$-7,$217,$0,$0,$-274,$27,$817,$843,$11,$580,$50,$-625,$-574,$282,$282,$-194,$-19,$-506,$291,$6,$-194
46,2007-03-31,17.26,$17.58,0.98,$3.48,4.97,$-2.84,0.0,$2.73,6.32,$0.34B,$0.17B,2.02,$5.07B,$3.34B,1.52,$0.56B,$0.45B,81.33%,$0.56B,$0.24B,43.45%,$0.56B,$0.24B,43.45%,$0.56B,$0.45B,80.07%,$0.56B,$0.03B,5.39%,$0.56B,$0.48B,86.89%,$0.48B,$3.62B,19.92%,$0.48B,$3.19B,22.03%,$0.48B,$9.39B,6.95%,$0.24B,$8.69B,3.71%,$214,$42,$171,$0,$20,$121,$93,$-63,$30,$0,$29,$24,$140,$161,$93,$204,206,$0.69,$0.68,$103,$0,$0,$336,$7263,$0,$430,$1362,$9055,$9391,$167,$5073,$189,$5604,$5771,$206,$-268,$19,$3620,$9391,$145,$68,$-102,$-34,$-3,$0,$0,$-7,$-22,$87,$-222,$0,$0,$4,$438,$443,$7,$228,$-2,$-435,$-436,$271,$271,$-97,$-10,$-272,$42,$2,$-97
47,2006-12-31,17.45,$16.59,1.05,$3.32,5.25,$-2.90,0.0,$2.43,7.18,$0.33B,$0.20B,1.63,$6.20B,$3.01B,2.06,$0.46B,$0.39B,82.97%,$0.46B,$0.22B,46.77%,$0.46B,$0.22B,46.77%,$0.46B,$0.38B,82.76%,$0.46B,$0.04B,8.41%,$0.46B,$0.40B,85.56%,$0.40B,$3.29B,21.15%,$0.40B,$2.91B,22.83%,$0.40B,$10.01B,7.13%,$0.22B,$9.50B,4.14%,$107,$23,$85,$0,$22,$84,$23,$-82,$-59,$0,$-59,$-54,$236,$94,$23,$148,149,$1.49,$1.50,$99,$0,$0,$327,$5929,$0,$381,$3376,$9686,$10013,$200,$6202,$155,$6519,$6719,$199,$-316,$18,$3294,$10013,$418,$168,$-263,$-95,$1,$0,$0,$-8,$22,$341,$-480,$0,$-3463,$-6,$526,$519,$-268,$-3692,$2353,$366,$2719,$989,$989,$-267,$-53,$3388,$37,$8,$-267
