,Date,Stock Price,Book Value per Share,Price to Book Ratio,TTM Sales per Share,Price to Sales Ratio,TTM FCF per Share,Price to FCF Ratio,TTM Net EPS,PE Ratio,Current Assets,Current Liabilities,Current Ratio,Long Term Debt,Shareholder's Equity_x,Debt to Equity Ratio,TTM Revenue_x,TTM Gross Profit,Gross Margin,TTM Revenue_y,TTM Operating Income,Operating Margin,TTM Revenue_x,TTM EBIT,EBIT Margin,TTM Revenue_y,TTM EBITDA,EBITDA Margin,TTM Revenue_x,TTM Pre-Tax Income,Pre-Tax Margin,TTM Revenue_y,TTM Net Income_x,Net Margin,TTM Net Income_y,Shareholder's Equity_y,Return on Equity,TTM Net Income_x,Tangible Equity,Return on Tangible Equity,TTM Net Income_y,Total Assets,Return on Assets,TTM Net Income,LT Investments & Debt,Return on Investment,revenue,cost-goods-sold,gross-profit,research-development-expenses,selling-general-administrative-expenses,operating-expenses,operating-income,total-non-operating-income-expense,pre-tax-income,total-provision-income-taxes,income-after-taxes,income-from-continuous-operations,net-income,ebitda,ebit,basic-shares-outstanding,shares-outstanding,eps-basic-net-earnings-per-share,eps-earnings-per-share-diluted,cash-on-hand,inventory,other-current-assets,total-current-assets,net-property-plant-equipment,long-term-investments,goodwill-intangible-assets-total,other-long-term-assets,total-long-term-assets,total-assets,total-current-liabilities,long-term-debt,other-non-current-liabilities,total-long-term-liabilities,total-liabilities,common-stock-net,retained-earnings-accumulated-deficit,comprehensive-income,total-share-holder-equity,total-liabilities-share-holders-equity,net-income-loss,total-depreciation-amortization-cash-flow,other-non-cash-items,total-non-cash-items,change-in-accounts-receivable,change-in-inventories,change-in-accounts-payable,change-in-assets-liabilities,total-change-in-assets-liabilities,cash-flow-from-operating-activities,net-change-in-property-plant-equipment,net-change-in-intangible-assets,net-acquisitions-divestitures,net-change-in-short-term-investments,net-change-in-long-term-investments,net-change-in-investments-total,investing-activities-other,cash-flow-from-investing-activities,net-long-term-debt,net-current-debt,debt-issuance-retirement-net-total,net-common-equity-issued-repurchased,net-total-equity-issued-repurchased,total-common-preferred-stock-dividends-paid,financial-activities-other,cash-flow-from-financial-activities,net-cash-flow,stock-based-compensation,common-stock-dividends-paid
0,2014-09-30,45.47,$0.00,0.0,$7.95,5.72,$2.43,18.75,$1.41,32.25,$63.63B,$70.08B,0.91,$6.56B,$9.28B,0.71,$6.39B,$2.48B,38.79%,$6.39B,$0.66B,10.29%,$6.39B,0,0.00%,$6.39B,0,0.00%,$6.39B,$1.62B,25.32%,$6.39B,$1.14B,17.80%,$1.14B,$9.28B,13.85%,$1.14B,$8.07B,14.97%,$1.14B,$85.92B,1.38%,$0.66B,$15.84B,4.41%,$0,$0,$0,$0,$0,$0,$0,$0,$0,$0,$0,$0,$0,$0,$0,$0,0,$0.00,$0.00,$8031,$0,$0,$63634,$502,$18056,$1211,$2517,$22286,$85920,$70081,$6560,$0,$6560,$76641,$78,$3210,$-68,$9279,$85920,$695,$104,$209,$313,$2,$0,$177,$132,$310,$1318,$-54,$0,$0,$-275,$-3105,$-3379,$-2975,$-6408,$115,$-781,$-666,$99,$99,$0,$3306,$2739,$-2301,$81,$0
1,2014-06-30,45.71,$0.00,0.0,$10.37,4.41,$2.43,18.85,$1.81,25.25,$5.06B,$62.51B,0.08,$6.49B,$7.74B,0.84,$8.31B,$4.40B,52.97%,$8.31B,$2.05B,24.64%,$8.31B,0,0.00%,$8.31B,0,0.00%,$8.31B,$2.10B,25.26%,$8.31B,$1.46B,17.53%,$1.46B,$7.74B,18.68%,$1.46B,$7.74B,20.28%,$1.46B,$82.55B,1.83%,$2.05B,$14.22B,14.63%,$2115,$1016,$1099,$0,$534,$1550,$565,$0,$565,$189,$375,$375,$375,$0,$0,$809,809,$0.46,$0.46,$5056,$0,$0,$5056,$0,$20780,$0,$56223,$77003,$82548,$62508,$6488,$5816,$12304,$74812,$81,$7655,$0,$7736,$82548,$0,$0,$0,$0,$0,$0,$0,$0,$0,$0,$0,$0,$0,$0,$0,$0,$0,$0,$0,$0,$0,$0,$0,$0,$0,$0,$0,$0,$0
2,2014-03-31,39.76,$0.00,0.0,$10.09,3.94,$2.43,16.39,$1.74,22.85,$64.93B,$69.95B,0.93,$6.59B,$8.88B,0.74,$8.05B,$4.22B,52.44%,$8.05B,$1.86B,23.09%,$8.05B,0,0.00%,$8.05B,0,0.00%,$8.05B,$2.03B,25.23%,$8.05B,$1.39B,17.29%,$1.39B,$8.88B,18.36%,$1.39B,$7.63B,19.99%,$1.39B,$85.42B,1.80%,$1.86B,$15.47B,13.37%,$2266,$1929,$337,$0,$675,$2746,$-480,$0,$485,$185,$300,$384,$384,$0,$0,$799,808,$0.48,$0.47,$11162,$0,$0,$64929,$0,$15147,$1253,$3572,$19972,$85424,$69953,$6587,$0,$6587,$76540,$80,$2918,$0,$8883,$85424,$1324,$201,$0,$201,$0,$0,$0,$0,$407,$2119,$-160,$0,$0,$0,$0,$1940,$-14728,$-12948,$0,$8,$1588,$0,$121,$0,$11524,$13241,$2535,$0,$0
3,2013-12-31,33.38,$0.00,0.0,$10.08,3.31,$1.43,23.28,$1.71,19.52,$5.70B,$56.57B,0.1,$7.10B,$6.95B,1.02,$7.98B,$5.09B,63.78%,$7.98B,$2.60B,32.51%,$7.98B,0,0.00%,$7.98B,0,0.00%,$7.98B,$1.93B,24.14%,$7.98B,$1.36B,16.99%,$1.36B,$6.95B,18.05%,$1.36B,$6.95B,19.78%,$1.36B,$75.84B,1.78%,$2.60B,$14.05B,19.17%,$2005,$965,$1041,$0,$469,$1434,$572,$0,$567,$190,$377,$378,$378,$0,$0,$791,791,$0.48,$0.48,$5701,$0,$0,$5701,$0,$17920,$0,$51741,$69660,$75837,$56573,$7103,$5213,$12316,$68889,$78,$6871,$0,$6948,$75837,$0,$0,$0,$0,$0,$0,$0,$0,$0,$0,$0,$0,$0,$0,$0,$0,$0,$0,$0,$0,$0,$0,$0,$0,$0,$0,$0,$0,$0
4,2013-09-30,29.83,$0.00,0.0,$10.02,2.98,$1.43,20.8,$1.67,17.86,$52.31B,$62.09B,0.84,$4.62B,$7.63B,0.61,$7.92B,$5.09B,64.20%,$7.92B,$2.53B,31.89%,$7.92B,0,0.00%,$7.92B,0,0.00%,$7.92B,$1.86B,23.52%,$7.92B,$1.32B,16.69%,$1.32B,$7.63B,17.83%,$1.32B,$6.42B,19.56%,$1.32B,$74.34B,1.76%,$2.53B,$12.25B,19.25%,$1926,$0,$1926,$0,$535,$535,$1391,$0,$483,$164,$319,$320,$320,$0,$0,$796,796,$0.40,$0.40,$6991,$0,$0,$52313,$0,$16411,$1212,$3899,$21523,$74337,$62089,$4615,$0,$4615,$66704,$76,$2427,$0,$7633,$74337,$552,$97,$0,$97,$0,$0,$0,$0,$-549,$90,$-90,$0,$0,$0,$0,$1121,$-4138,$-3107,$0,$1025,$0,$0,$65,$-246,$2624,$3372,$519,$0,$0
5,2013-06-30,35.12,$0.00,0.0,$9.82,3.58,$1.43,24.49,$1.63,21.55,$4.52B,$53.99B,0.08,$6.97B,$6.84B,1.02,$7.74B,$4.03B,52.09%,$7.74B,$1.55B,20.03%,$7.74B,0,0.00%,$7.74B,0,0.00%,$7.74B,$1.80B,23.20%,$7.74B,$1.29B,16.62%,$1.29B,$6.84B,18.31%,$1.29B,$6.84B,19.28%,$1.29B,$74.11B,1.75%,$1.55B,$13.80B,11.93%,$1850,$933,$916,$0,$541,$1474,$375,$0,$495,$166,$328,$309,$309,$0,$0,$793,793,$0.39,$0.39,$4524,$0,$0,$4524,$0,$18659,$0,$50401,$69059,$74107,$53990,$6967,$6313,$13280,$67270,$85,$6752,$0,$6837,$74107,$0,$0,$0,$0,$0,$0,$0,$0,$0,$0,$0,$0,$0,$0,$0,$0,$0,$0,$0,$0,$0,$0,$0,$0,$0,$0,$0,$0,$0
6,2013-03-31,35.97,$0.00,0.0,$9.57,3.76,$1.43,25.08,$1.57,22.91,$57.07B,$66.13B,0.86,$5.42B,$8.63B,0.63,$7.53B,$3.92B,52.07%,$7.53B,$1.53B,20.33%,$7.53B,0,0.00%,$7.53B,0,0.00%,$7.53B,$1.69B,22.41%,$7.53B,$1.23B,16.39%,$1.23B,$8.63B,18.21%,$1.23B,$7.22B,19.21%,$1.23B,$80.17B,1.72%,$1.53B,$14.04B,12.54%,$2200,$992,$1207,$0,$786,$1943,$257,$0,$382,$133,$250,$349,$349,$0,$0,$787,787,$0.44,$0.44,$10499,$0,$0,$57067,$0,$18673,$1407,$2492,$22572,$80171,$66128,$5415,$0,$5415,$71543,$87,$2435,$0,$8628,$80171,$1140,$234,$0,$234,$0,$0,$0,$0,$-219,$1312,$-183,$0,$0,$0,$0,$-4570,$-7811,$-12564,$0,$608,$2143,$0,$201,$0,$8836,$11787,$563,$0,$0
7,2012-12-31,39.14,$0.00,0.0,$9.32,4.2,$0.74,52.72,$1.50,26.09,$4.57B,$52.56B,0.09,$5.84B,$6.56B,0.89,$7.33B,$4.07B,55.49%,$7.33B,$1.86B,25.38%,$7.33B,0,0.00%,$7.33B,0,0.00%,$7.33B,$1.61B,22.03%,$7.33B,$1.17B,16.00%,$1.17B,$6.56B,17.85%,$1.17B,$6.56B,18.97%,$1.17B,$70.99B,1.70%,$1.86B,$12.40B,16.14%,$1944,$908,$1036,$0,$533,$1441,$503,$0,$503,$159,$344,$344,$344,$0,$0,$784,784,$0.44,$0.44,$4573,$0,$0,$4573,$0,$17756,$0,$48185,$65941,$70990,$52562,$5843,$6029,$11872,$64434,$88,$6468,$0,$6556,$70990,$0,$0,$0,$0,$0,$0,$0,$0,$0,$0,$0,$0,$0,$0,$0,$0,$0,$0,$0,$0,$0,$0,$0,$0,$0,$0,$0,$0,$0
8,2012-09-30,36.12,$0.00,0.0,$8.93,4.05,$0.74,48.65,$1.42,25.44,$4.86B,$49.89B,0.1,$5.64B,$6.07B,0.93,$7.01B,$3.85B,54.99%,$7.01B,$1.76B,25.09%,$7.01B,0,0.00%,$7.01B,0,0.00%,$7.01B,$1.51B,21.59%,$7.01B,$1.11B,15.81%,$1.11B,$6.07B,17.39%,$1.11B,$6.07B,18.52%,$1.11B,$68.68B,1.63%,$1.76B,$11.71B,15.90%,$1743,$872,$871,$0,$456,$1328,$415,$0,$415,$131,$284,$284,$284,$0,$0,$788,788,$0.36,$0.36,$4862,$0,$0,$4862,$0,$16696,$0,$46670,$63365,$68682,$49892,$5637,$7085,$12722,$62613,$86,$5983,$0,$6069,$68682,$0,$0,$0,$0,$0,$0,$0,$0,$0,$0,$0,$0,$0,$0,$0,$0,$0,$0,$0,$0,$0,$0,$0,$0,$0,$0,$0,$0,$0
9,2012-06-30,31.33,$0.00,0.0,$8.82,3.55,$0.40,79.0,$1.39,22.54,$4.43B,$47.64B,0.09,$4.82B,$5.85B,0.83,$6.92B,$3.81B,55.07%,$6.92B,$1.73B,24.93%,$6.92B,0,0.00%,$6.92B,0,0.00%,$6.92B,$1.48B,21.44%,$6.92B,$1.09B,15.70%,$1.09B,$5.85B,17.00%,$1.09B,$5.85B,18.10%,$1.09B,$66.60B,1.60%,$1.73B,$10.67B,15.84%,$1642,$837,$806,$0,$450,$1287,$356,$0,$387,$125,$262,$257,$257,$0,$0,$787,787,$0.33,$0.33,$4434,$0,$0,$4434,$0,$16679,$0,$45040,$61718,$66600,$47643,$4822,$8288,$13110,$60753,$87,$5760,$0,$5847,$66600,$0,$0,$0,$0,$0,$0,$0,$0,$0,$0,$0,$0,$0,$0,$0,$0,$0,$0,$0,$0,$0,$0,$0,$0,$0,$0,$0,$0,$0
10,2012-03-31,32.52,$0.00,0.0,$8.65,3.76,$0.40,81.99,$1.37,23.73,$48.52B,$58.88B,0.82,$3.51B,$7.79B,0.45,$6.76B,$3.79B,56.07%,$6.76B,$1.72B,25.50%,$6.76B,0,0.00%,$6.76B,0,0.00%,$6.76B,$1.45B,21.46%,$6.76B,$1.07B,15.84%,$1.07B,$7.79B,16.71%,$1.07B,$6.24B,17.78%,$1.07B,$70.17B,1.59%,$1.72B,$11.30B,15.77%,$1997,$645,$1352,$0,$612,$1412,$585,$0,$309,$112,$198,$287,$287,$0,$0,$784,784,$0.37,$0.37,$8569,$0,$0,$48518,$0,$15859,$1553,$3754,$21166,$70174,$58876,$3505,$0,$3505,$62381,$92,$1960,$0,$7793,$70174,$983,$253,$0,$253,$0,$0,$0,$0,$-681,$737,$-155,$0,$0,$0,$0,$-12502,$0,$-12657,$0,$759,$1614,$0,$104,$-176,$7570,$9871,$-1982,$0,$0
11,2011-12-31,25.06,$0.00,0.0,$8.44,2.97,$0.95,26.49,$1.31,19.1,$4.40B,$45.57B,0.1,$4.79B,$5.78B,0.83,$6.57B,$3.61B,54.94%,$6.57B,$1.36B,20.69%,$6.57B,0,0.00%,$6.57B,0,0.00%,$6.57B,$1.66B,25.21%,$6.57B,$1.03B,15.67%,$1.03B,$5.78B,16.04%,$1.03B,$5.78B,17.27%,$1.03B,$65.76B,1.56%,$1.36B,$10.57B,12.83%,$1626,$801,$825,$0,$423,$1224,$402,$0,$402,$121,$280,$280,$280,$0,$0,$781,781,$0.36,$0.36,$4404,$0,$0,$4404,$0,$15722,$0,$45203,$60925,$65755,$45572,$4788,$9617,$14404,$59976,$92,$5688,$0,$5780,$65755,$0,$0,$0,$0,$0,$0,$0,$0,$0,$0,$0,$0,$0,$0,$0,$0,$0,$0,$0,$0,$0,$0,$0,$0,$0,$0,$0,$0,$0
12,2011-09-30,27.8,$0.00,0.0,$8.05,3.45,$0.95,29.38,$1.26,22.1,$5.21B,$50.52B,0.1,$4.89B,$6.13B,0.8,$6.24B,$3.54B,56.76%,$6.24B,$1.31B,21.01%,$6.24B,0,0.00%,$6.24B,0,0.00%,$6.24B,$1.61B,25.77%,$6.24B,$0.99B,15.85%,$0.99B,$6.13B,15.56%,$0.99B,$6.13B,16.77%,$0.99B,$69.15B,1.56%,$1.31B,$11.02B,13.02%,$1653,$826,$827,$0,$445,$1271,$382,$0,$385,$123,$263,$262,$262,$0,$0,$784,784,$0.33,$0.33,$5207,$0,$0,$5207,$0,$17224,$0,$46242,$63466,$69148,$50518,$4893,$7610,$12504,$63022,$102,$6023,$0,$6127,$69148,$410,$122,$0,$122,$0,$0,$0,$0,$-858,$-214,$-58,$0,$0,$0,$0,$-1016,$-6047,$-7121,$0,$356,$1368,$0,$61,$-183,$4427,$6028,$-1261,$0,$0
13,2011-06-30,33.64,$0.00,0.0,$7.48,4.5,$1.29,26.04,$1.19,28.36,$4.73B,$47.09B,0.1,$4.90B,$5.94B,0.83,$5.75B,$3.39B,58.97%,$5.75B,$1.25B,21.69%,$5.75B,0,0.00%,$5.75B,0,0.00%,$5.75B,$1.51B,26.29%,$5.75B,$0.93B,16.11%,$0.93B,$5.94B,15.21%,$0.93B,$5.94B,16.45%,$0.93B,$63.77B,1.56%,$1.25B,$10.85B,13.42%,$1484,$698,$786,$0,$431,$1129,$355,$0,$355,$113,$242,$242,$242,$0,$0,$776,776,$0.31,$0.31,$4730,$0,$0,$4730,$0,$16266,$0,$42285,$58551,$63765,$47087,$4901,$5833,$10735,$57821,$104,$5839,$0,$5944,$63765,$0,$0,$0,$0,$0,$0,$0,$0,$0,$0,$0,$0,$0,$0,$0,$0,$0,$0,$0,$0,$0,$0,$0,$0,$0,$0,$0,$0,$0
14,2011-03-31,32.19,$0.00,0.0,$6.48,4.97,$1.29,24.92,$1.03,31.25,$46.52B,$55.66B,0.84,$2.10B,$7.81B,0.27,$5.33B,$3.22B,60.45%,$5.33B,$1.16B,21.70%,$5.33B,0,0.00%,$5.33B,0,0.00%,$5.33B,$1.42B,26.68%,$5.33B,$0.86B,16.22%,$0.86B,$7.81B,14.78%,$0.86B,$5.98B,16.03%,$0.86B,$65.56B,1.53%,$1.16B,$9.90B,13.67%,$1802,$632,$1169,$0,$778,$1583,$219,$0,$513,$194,$318,$245,$245,$0,$0,$771,771,$0.32,$0.31,$9636,$0,$0,$46515,$0,$14116,$1826,$2594,$18535,$65564,$55660,$2095,$0,$2095,$57755,$104,$1615,$0,$7809,$65564,$932,$300,$0,$300,$0,$0,$0,$0,$-380,$1125,$-129,$0,$0,$0,$0,$-3526,$-6822,$-10478,$0,$-476,$390,$0,$186,$-145,$9203,$9159,$-194,$0,$0
15,2010-12-31,31.65,$0.00,0.0,$5.71,5.54,$2.98,10.62,$0.96,32.9,$4.08B,$42.28B,0.1,$2.96B,$5.51B,0.54,$4.74B,$2.80B,59.06%,$4.74B,$0.89B,18.77%,$4.74B,0,0.00%,$4.74B,0,0.00%,$4.74B,$1.10B,23.27%,$4.74B,$0.81B,17.04%,$0.81B,$5.51B,14.41%,$0.81B,$5.51B,15.73%,$0.81B,$54.96B,1.51%,$0.89B,$8.47B,10.96%,$1296,$540,$757,$0,$403,$943,$354,$0,$354,$114,$239,$239,$239,$0,$0,$767,767,$0.31,$0.31,$4078,$0,$0,$4078,$0,$13863,$0,$36550,$50413,$54960,$42284,$2956,$4209,$7165,$49449,$0,$5409,$0,$5511,$54960,$0,$0,$0,$0,$0,$0,$0,$0,$0,$0,$0,$0,$0,$0,$0,$0,$0,$0,$0,$0,$0,$0,$0,$0,$0,$0,$0,$0,$0
16,2010-09-30,34.92,$0.00,0.0,$4.88,7.15,$2.98,11.72,$0.81,42.9,$4.49B,$41.99B,0.11,$2.87B,$5.11B,0.56,$4.40B,$2.61B,59.27%,$4.40B,$0.79B,17.93%,$4.40B,0,0.00%,$4.40B,0,0.00%,$4.40B,$1.00B,22.78%,$4.40B,$0.74B,16.93%,$0.74B,$5.11B,13.90%,$0.74B,$5.11B,15.22%,$0.74B,$53.75B,1.47%,$0.79B,$7.98B,9.54%,$1172,$491,$681,$0,$361,$852,$320,$0,$291,$95,$196,$201,$201,$0,$0,$760,760,$0.26,$0.26,$4493,$0,$0,$4493,$0,$13694,$0,$35100,$48794,$53746,$41994,$2870,$3773,$6643,$48637,$99,$5009,$0,$5109,$53746,$0,$0,$0,$0,$0,$0,$0,$0,$0,$0,$0,$0,$0,$0,$0,$0,$0,$0,$0,$0,$0,$0,$0,$0,$0,$0,$0,$0,$0
17,2010-06-30,27.08,$0.00,0.0,$4.82,5.61,$2.98,9.09,$0.75,35.92,$4.01B,$40.27B,0.1,$2.53B,$4.96B,0.51,$4.27B,$2.55B,59.58%,$4.27B,$0.68B,15.87%,$4.27B,0,0.00%,$4.27B,0,0.00%,$4.27B,$0.92B,21.53%,$4.27B,$0.69B,16.08%,$0.69B,$4.96B,13.90%,$0.69B,$4.96B,15.35%,$0.69B,$51.32B,1.45%,$0.68B,$7.48B,9.17%,$1057,$444,$613,$0,$350,$794,$263,$0,$263,$84,$179,$179,$179,$0,$0,$1145,1160,$0.16,$0.15,$4011,$0,$0,$4011,$0,$13371,$0,$33459,$46830,$51316,$40267,$2528,$3564,$6092,$46360,$101,$4854,$0,$4956,$51316,$0,$0,$0,$0,$0,$0,$0,$0,$0,$0,$0,$0,$0,$0,$0,$0,$0,$0,$0,$0,$0,$0,$0,$0,$0,$0,$0,$0,$0
18,2010-03-31,26.25,$0.00,0.0,$5.38,4.88,$2.98,8.81,$0.77,34.0,$38.15B,$45.26B,0.84,$1.69B,$6.82B,0.25,$4.27B,$2.53B,59.41%,$4.27B,$0.61B,14.28%,$4.27B,0,0.00%,$4.27B,0,0.00%,$4.27B,$0.83B,19.44%,$4.27B,$0.63B,14.82%,$0.63B,$6.82B,14.08%,$0.63B,$4.95B,15.71%,$0.63B,$53.76B,1.44%,$0.61B,$8.51B,9.42%,$1211,$465,$746,$0,$618,$1259,$-48,$0,$194,$82,$112,$188,$188,$0,$0,$761,771,$0.25,$0.24,$8985,$0,$0,$38150,$0,$10710,$1867,$2538,$15114,$53760,$45255,$1688,$0,$1688,$46943,$102,$1047,$0,$6818,$53760,$554,$341,$0,$341,$0,$0,$0,$0,$1135,$2426,$-130,$0,$0,$0,$0,$-96,$-7425,$-7651,$0,$1574,$206,$0,$926,$-111,$5481,$8077,$2811,$0,$0
19,2009-12-31,24.5,$0.00,0.0,$5.57,4.4,$3.30,7.43,$0.70,34.79,$2.78B,$34.92B,0.08,$4.52B,$4.53B,1.0,$4.31B,$2.80B,64.93%,$4.31B,$1.03B,23.90%,$4.31B,0,0.00%,$4.31B,0,0.00%,$4.31B,$0.56B,12.90%,$4.31B,$0.57B,13.23%,$0.57B,$4.53B,14.20%,$0.57B,$4.53B,15.91%,$0.57B,$43.98B,1.41%,$1.03B,$9.06B,17.47%,$955,$389,$565,$0,$312,$702,$253,$0,$253,$77,$176,$176,$176,$0,$0,$1100,1114,$0.16,$0.16,$2777,$0,$0,$2777,$0,$13778,$0,$26977,$40755,$43979,$34922,$4524,$0,$4524,$39446,$98,$4434,$0,$4533,$43979,$0,$0,$0,$0,$0,$0,$0,$0,$0,$0,$0,$0,$0,$0,$0,$0,$0,$0,$0,$0,$0,$0,$0,$0,$0,$0,$0,$0,$0
20,2009-09-30,22.29,$0.00,0.0,$6.08,3.66,$3.30,6.76,$0.72,30.87,$3.16B,$31.46B,0.1,$1.07B,$3.47B,0.31,$4.33B,$2.70B,62.43%,$4.33B,$0.95B,21.93%,$4.33B,0,0.00%,$4.33B,0,0.00%,$4.33B,$0.49B,11.34%,$4.33B,$0.52B,11.97%,$0.52B,$3.47B,14.32%,$0.52B,$3.47B,16.26%,$0.52B,$40.73B,1.34%,$0.95B,$4.54B,20.64%,$1050,$428,$622,$0,$413,$840,$210,$0,$210,$65,$144,$144,$144,$0,$0,$708,708,$0.20,$0.20,$3157,$0,$0,$3157,$0,$12006,$0,$25147,$37153,$40728,$31459,$1071,$4733,$5804,$37263,$0,$3291,$0,$3465,$40728,$0,$0,$0,$0,$0,$0,$0,$0,$0,$0,$0,$0,$0,$0,$0,$0,$0,$0,$0,$0,$0,$0,$0,$0,$0,$0,$0,$0,$0
21,2009-06-30,19.42,$0.00,0.0,$11.46,1.69,$3.30,5.89,$1.36,14.24,$2.36B,$29.15B,0.08,$0.61B,$3.14B,0.19,$4.26B,$2.58B,60.45%,$4.26B,$0.92B,21.50%,$4.26B,0,0.00%,$4.26B,0,0.00%,$4.26B,$0.46B,10.77%,$4.26B,$0.50B,11.62%,$0.50B,$3.14B,13.96%,$0.50B,$3.14B,15.89%,$0.50B,$37.22B,1.29%,$0.92B,$3.75B,19.86%,$1049,$448,$601,$0,$408,$855,$194,$0,$172,$51,$121,$124,$124,$0,$0,$711,716,$0.17,$0.17,$2362,$0,$0,$2362,$0,$12062,$0,$22405,$34467,$37223,$29146,$610,$4324,$4933,$34080,$0,$2978,$0,$3143,$37223,$0,$0,$0,$0,$0,$0,$0,$0,$0,$0,$0,$0,$0,$0,$0,$0,$0,$0,$0,$0,$0,$0,$0,$0,$0,$0,$0,$0,$0
22,2009-03-31,11.4,$0.00,0.0,$11.37,1.0,$3.30,3.46,$1.34,8.48,$24.22B,$33.48B,0.72,$1.33B,$4.92B,0.27,$4.19B,$2.50B,59.60%,$4.19B,$0.85B,20.38%,$4.19B,0,0.00%,$4.19B,0,0.00%,$4.19B,$0.45B,10.76%,$4.19B,$0.48B,11.43%,$0.48B,$4.92B,13.46%,$0.48B,$3.19B,15.31%,$0.48B,$39.72B,1.22%,$0.85B,$6.24B,17.53%,$1255,$245,$1010,$0,$499,$882,$373,$0,$-79,$-19,$-60,$126,$126,$0,$0,$712,712,$0.18,$0.18,$4563,$0,$0,$24216,$0,$9988,$1723,$3390,$15102,$39724,$33479,$1329,$0,$1329,$34808,$84,$685,$0,$4916,$39724,$297,$293,$0,$293,$0,$0,$0,$0,$1562,$2480,$-133,$0,$404,$0,$0,$-4475,$-378,$-4581,$0,$-2022,$398,$0,$94,$-69,$4172,$2573,$472,$0,$0
23,2008-12-31,13.36,$0.00,0.0,$11.51,1.16,$-2.35,0.0,$1.37,9.78,$2.54B,$29.41B,0.09,$0.92B,$2.95B,0.31,$4.06B,$2.27B,55.80%,$4.06B,$0.53B,12.95%,$4.06B,0,0.00%,$4.06B,0,0.00%,$4.06B,$0.61B,14.94%,$4.06B,$0.47B,11.59%,$0.47B,$2.95B,15.30%,$0.47B,$2.95B,15.30%,$0.47B,$37.19B,1.22%,$0.53B,$3.86B,12.34%,$974,$505,$469,$0,$296,$802,$172,$0,$188,$62,$126,$124,$124,$0,$0,$710,710,$0.18,$0.18,$2535,$0,$0,$2535,$0,$32911,$0,$1402,$34312,$37187,$29407,$916,$3919,$4835,$34242,$0,$2857,$0,$2945,$37187,$0,$0,$0,$0,$0,$0,$0,$0,$0,$0,$0,$0,$0,$0,$0,$0,$0,$0,$0,$0,$0,$0,$0,$0,$0,$0,$0,$0,$0
24,2008-09-30,15.9,$0.00,0.0,$11.46,1.39,$-2.35,0.0,$1.38,11.55,$3.98B,$30.64B,0.13,$1.41B,$3.18B,0.44,$3.86B,$2.24B,58.07%,$3.86B,$0.53B,13.72%,$3.86B,0,0.00%,$3.86B,0,0.00%,$3.86B,$0.58B,15.09%,$3.86B,$0.45B,11.77%,$0.45B,$3.18B,14.84%,$0.45B,$3.18B,14.84%,$0.45B,$39.33B,1.20%,$0.53B,$4.59B,12.53%,$982,$487,$495,$0,$318,$804,$177,$0,$178,$57,$121,$121,$121,$0,$0,$142,143,$0.85,$0.84,$3979,$0,$0,$3979,$0,$33530,$0,$1469,$34998,$39334,$30636,$1409,$4111,$5520,$36156,$0,$3079,$0,$3178,$39334,$0,$0,$0,$0,$0,$0,$0,$0,$0,$0,$0,$0,$0,$0,$0,$0,$0,$0,$0,$0,$0,$0,$0,$0,$0,$0,$0,$0,$0
25,2008-06-30,13.41,$0.00,0.0,$5.69,2.36,$-2.35,0.0,$0.69,19.38,$4.44B,$31.42B,0.14,$1.60B,$3.20B,0.5,$3.52B,$2.09B,59.34%,$3.52B,$0.49B,13.93%,$3.52B,0,0.00%,$3.52B,0,0.00%,$3.52B,$0.54B,15.30%,$3.52B,$0.43B,12.08%,$0.43B,$3.20B,14.43%,$0.43B,$3.20B,14.43%,$0.43B,$40.46B,1.20%,$0.49B,$4.80B,12.08%,$980,$456,$524,$0,$392,$848,$132,$0,$164,$52,$111,$108,$108,$0,$0,$711,711,$0.15,$0.15,$4444,$0,$0,$4444,$0,$34196,$0,$1465,$35661,$40464,$31420,$1599,$4246,$5845,$37266,$0,$3094,$0,$3198,$40464,$0,$0,$0,$0,$0,$0,$0,$0,$0,$0,$0,$0,$0,$0,$0,$0,$0,$0,$0,$0,$0,$0,$0,$0,$0,$0,$0,$0,$0
26,2008-03-31,18.3,$0.00,0.0,$5.40,3.39,$-2.35,0.0,$0.69,26.51,$24.73B,$33.87B,0.73,$0.82B,$2.99B,0.27,$3.10B,$1.86B,60.17%,$3.10B,$0.47B,15.27%,$3.10B,0,0.00%,$3.10B,0,0.00%,$3.10B,$0.49B,15.75%,$3.10B,$0.39B,12.72%,$0.39B,$2.99B,14.97%,$0.39B,$2.99B,14.97%,$0.39B,$37.68B,1.24%,$0.47B,$3.81B,13.47%,$1127,$348,$779,$0,$664,$1082,$45,$0,$77,$24,$53,$118,$118,$0,$0,$595,595,$0.20,$0.20,$6576,$0,$0,$24733,$0,$10470,$0,$2129,$12599,$37681,$33873,$817,$0,$817,$34690,$89,$776,$0,$2991,$37681,$329,$209,$0,$209,$0,$0,$0,$0,$-2091,$-1241,$-159,$0,$0,$0,$0,$-6931,$172,$-6918,$0,$850,$-23,$0,$978,$-65,$8085,$9824,$1666,$0,$0
27,2007-12-31,24.29,$0.00,0.0,$5.73,4.24,$1.35,18.02,$0.64,37.84,$3.39B,$25.15B,0.14,$0.83B,$2.87B,0.29,$3.14B,$3.35B,106.62%,$3.14B,$3.40B,108.18%,$3.14B,0,0.00%,$3.14B,0,0.00%,$3.14B,$-0.16B,-5.03%,$3.14B,$0.36B,11.30%,$0.36B,$2.87B,15.68%,$0.36B,$2.87B,15.68%,$0.36B,$33.25B,1.26%,$3.40B,$3.70B,108.46%,$767,$326,$441,$0,$266,$592,$175,$0,$163,$54,$109,$107,$107,$0,$0,$577,577,$0.19,$0.19,$3394,$0,$0,$3394,$0,$28620,$0,$970,$29591,$33254,$25145,$828,$4408,$5236,$30380,$0,$2784,$0,$2874,$33254,$0,$0,$0,$0,$0,$0,$0,$0,$0,$0,$0,$0,$0,$0,$0,$0,$0,$0,$0,$0,$0,$0,$0,$0,$0,$0,$0,$0,$0
28,2007-09-30,19.95,$0.00,0.0,$5.32,3.75,$1.35,14.8,$0.58,34.16,$3.46B,$22.77B,0.15,$1.20B,$2.72B,0.44,$2.84B,$3.19B,112.35%,$2.84B,$3.32B,116.71%,$2.84B,0,0.00%,$2.84B,0,0.00%,$2.84B,$-0.23B,-7.95%,$2.84B,$0.31B,11.01%,$0.31B,$2.72B,16.59%,$0.31B,$2.72B,16.59%,$0.31B,$30.39B,1.26%,$3.32B,$3.93B,118.64%,$643,$300,$343,$0,$205,$505,$138,$0,$134,$42,$92,$92,$92,$0,$0,$591,591,$0.16,$0.16,$3463,$0,$0,$3463,$0,$25642,$0,$1018,$26660,$30386,$22767,$1203,$3694,$4897,$27664,$0,$2634,$0,$2722,$30386,$0,$0,$0,$0,$0,$0,$0,$0,$0,$0,$0,$0,$0,$0,$0,$0,$0,$0,$0,$0,$0,$0,$0,$0,$0,$0,$0,$0,$0
29,2007-06-30,15.69,$0.00,0.0,$4.24,3.71,$1.35,11.64,$0.43,36.66,$2.91B,$19.59B,0.15,$0.67B,$1.94B,0.34,$2.57B,$3.05B,118.69%,$2.57B,$3.26B,126.58%,$2.57B,0,0.00%,$2.57B,0,0.00%,$2.57B,$-0.28B,-11.00%,$2.57B,$0.28B,10.80%,$0.28B,$1.94B,18.27%,$0.28B,$1.94B,18.27%,$0.28B,$25.37B,1.28%,$3.26B,$2.61B,142.09%,$561,$260,$301,$0,$186,$446,$115,$0,$114,$37,$77,$77,$77,$0,$0,$514,514,$0.15,$0.15,$2905,$0,$0,$2905,$0,$21361,$0,$851,$22212,$25367,$19585,$666,$3173,$3839,$23424,$0,$1863,$0,$1943,$25367,$0,$0,$0,$0,$0,$0,$0,$0,$0,$0,$0,$0,$0,$0,$0,$0,$0,$0,$0,$0,$0,$0,$0,$0,$0,$0,$0,$0,$0
30,2007-03-31,11.92,$0.00,0.0,$2.99,3.99,$1.35,8.84,$0.33,36.35,$14.79B,$21.20B,0.7,$0.78B,$1.52B,0.51,$1.85B,$1.08B,58.32%,$1.85B,$0.25B,13.50%,$1.85B,0,0.00%,$1.85B,0,0.00%,$1.85B,$0.38B,20.43%,$1.85B,$0.25B,13.77%,$0.25B,$1.52B,6.20%,$0.25B,$1.52B,6.20%,$0.25B,$23.51B,0.43%,$0.25B,$2.30B,3.06%,$1171,$-1095,$2265,$0,$-758,$-1800,$2971,$0,$-569,$-179,$-391,$79,$79,$0,$0,$527,527,$0.15,$0.15,$1968,$0,$0,$14787,$0,$7059,$0,$1421,$8480,$23508,$21201,$780,$0,$787,$21988,$74,$569,$0,$1520,$23508,$256,$186,$0,$186,$0,$0,$0,$0,$135,$785,$-75,$0,$0,$0,$0,$-829,$-3191,$-4094,$0,$844,$0,$0,$59,$-46,$2901,$3758,$449,$0,$0
31,2006-12-31,13.96,$0.00,0.0,$0.76,18.27,0,0.0,$0.18,78.44,$1.77B,$14.69B,0.12,$0.99B,$1.36B,0.73,$1.04B,$-0.97B,-93.56%,$1.04B,$-2.62B,-252.31%,$1.04B,0,0.00%,$1.04B,0,0.00%,$1.04B,$1.04B,100.38%,$1.04B,$0.24B,23.46%,$0.24B,$1.36B,6.06%,$0.24B,$1.36B,6.06%,$0.24B,$19.71B,0.42%,$-2.62B,$2.35B,-32.98%,$468,$183,$285,$0,$192,$374,$94,$0,$95,$30,$65,$65,$65,$0,$0,$508,508,$0.13,$0.13,$1772,$0,$0,$1772,$0,$17104,$0,$627,$17731,$19714,$14685,$993,$2676,$3669,$18353,$0,$1291,$0,$1360,$19714,$0,$0,$0,$0,$0,$0,$0,$0,$0,$0,$0,$0,$0,$0,$0,$0,$0,$0,$0,$0,$0,$0,$0,$0,$0,$0,$0,$0,$0
