,Date,Stock Price,Book Value per Share,Price to Book Ratio,TTM Sales per Share,Price to Sales Ratio,TTM FCF per Share,Price to FCF Ratio,TTM Net EPS,PE Ratio,Current Assets,Current Liabilities,Current Ratio,Long Term Debt,Shareholder's Equity_x,Debt to Equity Ratio,TTM Revenue_x,TTM Gross Profit,Gross Margin,TTM Revenue_y,TTM Operating Income,Operating Margin,TTM Revenue_x,TTM EBIT,EBIT Margin,TTM Revenue_y,TTM EBITDA,EBITDA Margin,TTM Revenue_x,TTM Pre-Tax Income,Pre-Tax Margin,TTM Revenue_y,TTM Net Income_x,Net Margin,TTM Net Income_y,Shareholder's Equity_y,Return on Equity,TTM Net Income_x,Tangible Equity,Return on Tangible Equity,TTM Net Income_y,Total Assets,Return on Assets,TTM Net Income,LT Investments & Debt,Return on Investment,revenue,cost-goods-sold,gross-profit,research-development-expenses,selling-general-administrative-expenses,operating-expenses,operating-income,total-non-operating-income-expense,pre-tax-income,total-provision-income-taxes,income-after-taxes,income-from-continuous-operations,net-income,ebitda,ebit,basic-shares-outstanding,shares-outstanding,eps-basic-net-earnings-per-share,eps-earnings-per-share-diluted,cash-on-hand,inventory,other-current-assets,total-current-assets,net-property-plant-equipment,long-term-investments,goodwill-intangible-assets-total,other-long-term-assets,total-long-term-assets,total-assets,total-current-liabilities,long-term-debt,other-non-current-liabilities,total-long-term-liabilities,total-liabilities,common-stock-net,retained-earnings-accumulated-deficit,comprehensive-income,total-share-holder-equity,total-liabilities-share-holders-equity,net-income-loss,total-depreciation-amortization-cash-flow,other-non-cash-items,total-non-cash-items,change-in-accounts-receivable,change-in-inventories,change-in-accounts-payable,change-in-assets-liabilities,total-change-in-assets-liabilities,cash-flow-from-operating-activities,net-change-in-property-plant-equipment,net-change-in-intangible-assets,net-acquisitions-divestitures,net-change-in-short-term-investments,net-change-in-long-term-investments,net-change-in-investments-total,investing-activities-other,cash-flow-from-investing-activities,net-long-term-debt,net-current-debt,debt-issuance-retirement-net-total,net-common-equity-issued-repurchased,net-total-equity-issued-repurchased,total-common-preferred-stock-dividends-paid,financial-activities-other,cash-flow-from-financial-activities,net-cash-flow,stock-based-compensation,common-stock-dividends-paid
0,2018-07-31,43.98,$8.75,5.03,$29.65,1.48,$4.41,9.98,$3.56,12.35,$1.93B,$0.85B,2.27,$2.09B,$1.61B,1.3,$5.54B,$2.18B,39.41%,$5.54B,$0.66B,11.93%,$5.54B,$0.66B,11.93%,$5.54B,$0.76B,13.70%,$5.54B,$0.45B,8.05%,$5.54B,$0.66B,11.96%,$0.66B,$1.61B,43.77%,$0.66B,$-0.59B,-124.68%,$0.66B,$4.61B,14.96%,$0.66B,$3.70B,18.35%,$1600,$978,$622,$0,$384,$1389,$211,$-35,$176,$46,$130,$130,$131,$238,$211,$183,184,$0.72,$0.71,$228,$813,$45,$1929,$345,$0,$2195,$18,$2677,$4606,$850,$2087,$61,$2148,$2998,$2,$-1745,$-15,$1608,$4606,$220,$51,$99,$150,$-183,$-104,$0,$-4,$-183,$186,$-47,$0,$-362,$0,$0,$0,$0,$-409,$-11,$0,$-11,$-87,$-87,$0,$-9,$-107,$-330,$12,$0
1,2018-04-30,38.71,$8.09,4.78,$27.75,1.4,$4.39,8.81,$5.07,7.64,$1.73B,$0.80B,2.15,$2.09B,$1.49B,1.4,$5.29B,$2.10B,39.69%,$5.29B,$0.63B,11.90%,$5.29B,$0.63B,11.90%,$5.29B,$0.73B,13.71%,$5.29B,$0.40B,7.57%,$5.29B,$0.97B,18.40%,$0.97B,$1.49B,69.80%,$0.97B,$-0.70B,-168.51%,$0.97B,$4.44B,19.95%,$0.63B,$3.58B,15.87%,$1389,$837,$552,$0,$372,$1238,$151,$-33,$118,$29,$89,$89,$89,$175,$151,$184,185,$0.48,$0.48,$150,$792,$55,$1725,$344,$0,$2193,$18,$2715,$4440,$802,$2087,$60,$2147,$2949,$2,$-1877,$-16,$1491,$4440,$89,$24,$41,$65,$-66,$-81,$0,$-9,$-104,$50,$-19,$0,$-362,$0,$0,$0,$0,$-381,$-6,$0,$-6,$-62,$-62,$0,$-9,$-77,$-408,$6,$0
2,2018-01-31,38.89,$7.89,4.93,$26.23,1.48,$4.53,8.59,$5.01,7.76,$1.88B,$0.62B,3.02,$2.09B,$1.47B,1.43,$5.12B,$2.03B,39.70%,$5.12B,$0.61B,11.87%,$5.12B,$0.61B,11.87%,$5.12B,$0.71B,13.77%,$5.12B,$0.36B,7.03%,$5.12B,$0.97B,18.94%,$0.97B,$1.47B,74.42%,$0.97B,$-0.43B,-111.98%,$0.97B,$4.32B,18.46%,$0.61B,$3.56B,14.18%,$1183,$715,$468,$0,$326,$1066,$117,$-34,$83,$101,$-18,$-18,$-9,$141,$117,$192,194,$-0.04,$-0.05,$558,$674,$31,$1875,$325,$0,$1898,$15,$2443,$4318,$621,$2090,$141,$2231,$2852,$2,$-1966,$-17,$1466,$4318,$970,$97,$-398,$-301,$-173,$-127,$0,$6,$-169,$502,$-92,$0,$2421,$0,$0,$0,$0,$2329,$-1783,$0,$-1783,$-543,$-543,$0,$-22,$-2348,$483,$26,$0
3,2017-10-31,35.39,$8.02,4.41,$22.50,1.57,$4.71,7.52,$5.32,6.65,$1.85B,$0.66B,2.8,$2.09B,$1.49B,1.4,$4.42B,$1.86B,42.01%,$4.42B,$0.55B,12.40%,$4.42B,$0.55B,12.40%,$4.42B,$0.65B,14.64%,$4.42B,$0.28B,6.32%,$4.42B,$1.03B,23.34%,$1.03B,$1.49B,87.60%,$1.03B,$-0.41B,-103.57%,$1.03B,$4.37B,18.41%,$0.55B,$3.58B,11.95%,$1370,$828,$542,$0,$336,$1188,$182,$-113,$69,$23,$46,$46,$452,$205,$182,$186,187,$2.43,$2.42,$461,$662,$38,$1850,$298,$0,$1900,$19,$2515,$4365,$661,$2087,$123,$2210,$2871,$2,$-1956,$-16,$1494,$4365,$979,$73,$-503,$-430,$-249,$-116,$0,$4,$-229,$320,$-65,$0,$2450,$0,$2,$2,$0,$2387,$-1778,$0,$-1778,$-518,$-518,$0,$-25,$-2321,$386,$19,$0
4,2017-07-31,32.49,$5.98,5.43,$21.47,1.51,$4.55,7.13,$3.20,10.15,$2.24B,$1.09B,2.04,$4.04B,$1.13B,3.57,$4.32B,$1.83B,42.24%,$4.32B,$0.53B,12.14%,$4.32B,$0.53B,12.14%,$4.32B,$0.63B,14.48%,$4.32B,$0.25B,5.67%,$4.32B,$0.64B,14.78%,$0.64B,$1.13B,62.10%,$0.64B,$-0.77B,-45.17%,$0.64B,$6.40B,10.60%,$0.53B,$5.17B,10.63%,$1352,$813,$539,$0,$338,$1172,$180,$-49,$131,$50,$81,$81,$442,$205,$180,$198,199,$2.24,$2.22,$67,$690,$33,$2235,$266,$0,$1903,$23,$4169,$6404,$1094,$4038,$100,$4179,$5273,$2,$-2408,$-17,$1131,$6404,$527,$50,$-202,$-152,$-258,$-141,$0,$1,$-186,$189,$-41,$0,$0,$0,$0,$0,$0,$-41,$235,$0,$235,$-385,$-385,$0,$-6,$-156,$-8,$12,$0
5,2017-04-30,40.3,$5.54,7.27,$21.03,1.92,$4.47,9.02,$1.47,27.41,$2.04B,$0.98B,2.09,$3.72B,$1.12B,3.31,$4.25B,$1.80B,42.31%,$4.25B,$0.52B,12.13%,$4.25B,$0.52B,12.13%,$4.25B,$0.62B,14.53%,$4.25B,$0.22B,5.08%,$4.25B,$0.30B,6.93%,$0.30B,$1.12B,30.84%,$0.30B,$-1.86B,-16.78%,$0.30B,$5.93B,4.91%,$0.52B,$4.84B,10.47%,$1216,$732,$484,$0,$334,$1087,$129,$-52,$77,$19,$58,$58,$85,$154,$129,$201,203,$0.42,$0.42,$70,$913,$40,$2038,$309,$0,$2978,$22,$3888,$5926,$975,$3716,$112,$3828,$4803,$2,$-2850,$-14,$1123,$5926,$85,$25,$44,$69,$-113,$-83,$0,$-3,$-70,$83,$-22,$0,$0,$0,$0,$0,$0,$-22,$-80,$0,$-80,$16,$16,$0,$-2,$-66,$-5,$6,$0
6,2017-01-31,42.3,$4.77,8.87,$24.00,1.76,$4.47,9.47,$0.98,43.16,$1.85B,$0.84B,2.19,$3.80B,$0.96B,3.96,$4.82B,$1.93B,39.95%,$4.82B,$0.57B,11.72%,$4.82B,$0.57B,11.72%,$4.82B,$0.67B,13.84%,$4.82B,$0.12B,2.43%,$4.82B,$0.20B,4.07%,$0.20B,$0.96B,22.79%,$0.20B,$-0.95B,-10.55%,$0.20B,$5.71B,3.24%,$0.57B,$4.76B,11.35%,$480,$189,$291,$0,$222,$423,$57,$-55,$2,$3,$-1,$-1,$52,$83,$57,$199,202,$0.26,$0.25,$75,$606,$32,$1847,$253,$0,$1909,$20,$3860,$5707,$843,$3798,$86,$3904,$4747,$2,$-2969,$-15,$960,$5707,$196,$102,$350,$452,$-38,$-62,$0,$-8,$-124,$513,$-49,$0,$28,$0,$0,$0,$0,$-21,$-664,$0,$-664,$-1,$-1,$0,$-22,$-687,$-194,$20,$0
7,2016-10-31,33.0,$4.49,7.36,$17.03,1.94,$3.85,8.57,$5.05,6.53,$2.18B,$0.99B,2.19,$4.08B,$0.90B,4.53,$3.42B,$1.59B,46.65%,$3.42B,$0.43B,12.50%,$3.42B,$0.43B,12.50%,$3.42B,$0.53B,15.55%,$3.42B,$-0.05B,-1.43%,$3.42B,$1.02B,29.72%,$1.02B,$0.90B,125.93%,$1.02B,$-2.08B,-46.47%,$1.02B,$6.09B,16.55%,$0.43B,$4.99B,8.45%,$1275,$763,$512,$0,$329,$1116,$159,$-124,$35,$15,$20,$20,$60,$184,$159,$200,202,$0.30,$0.30,$146,$888,$39,$2176,$316,$0,$2985,$18,$3911,$6087,$994,$4083,$108,$4191,$5185,$2,$-3021,$-15,$902,$6087,$144,$76,$307,$383,$-236,$-119,$0,$0,$-221,$304,$-59,$0,$28,$0,$2,$2,$0,$-29,$-378,$0,$-378,$-1,$-1,$0,$-20,$-399,$-123,$15,$0
8,2016-07-31,36.19,$4.19,8.65,$20.36,1.78,$3.20,11.29,$5.99,6.04,$2.34B,$1.05B,2.24,$4.30B,$0.84B,5.11,$4.08B,$1.73B,42.36%,$4.08B,$0.50B,12.13%,$4.08B,$0.50B,12.13%,$4.08B,$0.61B,14.89%,$4.08B,$-0.06B,-1.37%,$4.08B,$1.21B,29.52%,$1.21B,$0.84B,219.49%,$1.21B,$-2.15B,-49.27%,$1.21B,$6.29B,20.14%,$0.50B,$5.14B,10.16%,$1283,$770,$513,$0,$317,$1112,$171,$-69,$102,$41,$61,$61,$98,$197,$171,$199,202,$0.49,$0.49,$313,$887,$42,$2343,$306,$0,$2988,$19,$3946,$6289,$1047,$4299,$102,$4401,$5448,$2,$-3076,$-14,$841,$6289,$84,$51,$193,$244,$-232,$-118,$0,$-10,$-164,$164,$-31,$0,$37,$0,$0,$0,$0,$6,$-110,$0,$-110,$0,$0,$0,$-17,$-127,$44,$11,$0
9,2016-04-30,34.28,$3.67,9.34,$23.60,1.45,$2.82,12.14,$6.04,5.68,$2.11B,$1.01B,2.09,$4.30B,$0.74B,5.83,$4.74B,$1.86B,39.36%,$4.74B,$0.55B,11.55%,$4.74B,$0.55B,11.55%,$4.74B,$0.67B,14.15%,$4.74B,$-0.04B,-0.89%,$4.74B,$1.22B,25.68%,$1.22B,$0.74B,505.61%,$1.22B,$-2.26B,-44.07%,$1.22B,$6.14B,20.14%,$0.55B,$5.04B,11.38%,$1781,$1172,$609,$0,$401,$1603,$178,$-200,$-22,$-8,$-14,$-14,$-14,$203,$178,$199,199,$-0.07,$-0.07,$203,$861,$50,$2113,$305,$0,$2992,$20,$4031,$6144,$1010,$4299,$97,$4397,$5407,$2,$-3174,$-12,$737,$6144,$-14,$25,$117,$142,$-81,$-91,$0,$-20,$-52,$76,$-17,$0,$0,$0,$0,$0,$0,$-17,$-108,$0,$-108,$-3,$-3,$0,$-16,$-127,$-66,$6,$0
10,2016-01-31,26.27,$3.72,7.06,$22.91,1.15,$2.30,11.43,$7.32,3.59,$1.98B,$0.87B,2.28,$4.30B,$0.74B,5.78,$4.62B,$1.81B,39.31%,$4.62B,$0.53B,11.38%,$4.62B,$0.53B,11.38%,$4.62B,$0.66B,14.28%,$4.62B,$0.03B,0.65%,$4.62B,$1.47B,31.90%,$1.47B,$0.74B,-2156.78%,$1.47B,$-2.25B,-46.95%,$1.47B,$6.02B,24.20%,$0.53B,$5.05B,11.02%,$-924,$-883,$-41,$0,$20,$-843,$-81,$-83,$-164,$-1011,$847,$847,$871,$-53,$-81,$197,201,$4.41,$4.32,$269,$770,$29,$1983,$310,$0,$2996,$22,$4033,$6016,$871,$4302,$98,$4401,$5272,$2,$-3150,$-16,$744,$6016,$1472,$134,$-890,$-756,$-63,$-38,$0,$-175,$-290,$422,$-83,$0,$809,$0,$0,$0,$0,$726,$-961,$0,$-961,$3,$3,$0,$-4,$-962,$184,$16,$0
11,2015-10-31,29.79,$-0.63,-47.14,$31.60,0.94,$1.55,19.26,$2.51,11.87,$2.08B,$0.98B,2.13,$4.39B,$-0.13B,-34.8,$6.33B,$2.22B,35.07%,$6.33B,$0.71B,11.26%,$6.33B,$0.71B,11.26%,$6.33B,$0.86B,13.55%,$6.33B,$0.08B,1.26%,$6.33B,$0.51B,8.02%,$0.51B,$-0.13B,-114.35%,$0.51B,$-3.13B,-14.45%,$0.51B,$5.49B,8.37%,$0.71B,$4.26B,15.51%,$1942,$1294,$648,$0,$391,$1715,$227,$-199,$28,$13,$15,$15,$250,$261,$227,$198,202,$1.27,$1.24,$77,$868,$37,$2078,$327,$0,$3003,$78,$3408,$5486,$977,$4385,$108,$4635,$5612,$2,$-4002,$-12,$-126,$5486,$601,$106,$-76,$30,$-248,$-124,$0,$-177,$-456,$173,$-59,$0,$810,$0,$0,$0,$0,$751,$-929,$0,$-929,$4,$4,$0,$-5,$-930,$-8,$14,$0
12,2015-07-31,35.8,$-1.97,-18.16,$31.52,1.14,$1.14,31.36,$1.57,22.8,$2.79B,$1.32B,2.11,$5.28B,$-0.39B,-13.43,$6.31B,$2.19B,34.70%,$6.31B,$0.67B,10.55%,$6.31B,$0.67B,10.55%,$6.31B,$0.83B,13.23%,$6.31B,$0.12B,1.90%,$6.31B,$0.32B,5.04%,$0.32B,$-0.39B,-55.11%,$0.32B,$-3.40B,-8.50%,$0.32B,$6.51B,5.02%,$0.67B,$4.89B,14.02%,$1937,$1289,$648,$0,$397,$1714,$223,$-107,$116,$12,$104,$104,$109,$259,$223,$197,202,$0.55,$0.54,$169,$883,$43,$2787,$328,$0,$3007,$100,$3718,$6505,$1321,$5279,$108,$5577,$6898,$2,$-4207,$-30,$-393,$6505,$351,$72,$47,$119,$-252,$-153,$0,$-183,$-371,$98,$-42,$0,$0,$0,$0,$0,$0,$-42,$20,$0,$20,$10,$10,$0,$-1,$29,$84,$10,$0
13,2015-04-30,33.0,$-2.51,-13.15,$31.31,1.05,$0.83,39.57,$1.27,25.98,$2.58B,$1.18B,2.19,$5.36B,$-0.50B,-10.77,$6.25B,$2.15B,34.43%,$6.25B,$0.61B,9.68%,$6.25B,$0.61B,9.68%,$6.25B,$0.80B,12.87%,$6.25B,$0.05B,0.82%,$6.25B,$0.26B,4.11%,$0.26B,$-0.50B,-39.30%,$0.26B,$-3.76B,-6.56%,$0.26B,$6.32B,4.03%,$0.61B,$4.86B,12.72%,$1660,$1101,$559,$0,$376,$1504,$156,$-106,$50,$-184,$234,$234,$242,$192,$156,$195,201,$1.24,$1.21,$155,$1183,$60,$2575,$369,$0,$3263,$114,$3746,$6321,$1175,$5361,$110,$5644,$6819,$2,$-4315,$-23,$-498,$6321,$242,$36,$19,$55,$-76,$-112,$0,$-196,$-318,$-23,$-23,$0,$0,$0,$0,$0,$0,$-23,$103,$0,$103,$11,$11,$0,$0,$114,$70,$5,$0
14,2015-01-31,28.83,$-3.88,-7.44,$33.89,0.85,$0.30,95.78,0,0.0,$2.30B,$1.14B,2.03,$5.14B,$-0.76B,-6.76,$6.68B,$2.20B,32.85%,$6.68B,$0.57B,8.46%,$6.68B,$0.57B,8.46%,$6.68B,$0.79B,11.84%,$6.68B,$-0.00B,-0.03%,$6.68B,$0.00B,0.04%,$0.00B,$-0.76B,-0.42%,$0.00B,$-3.77B,-0.07%,$0.00B,$5.98B,0.05%,$0.57B,$4.38B,11.81%,$794,$428,$366,$0,$239,$687,$107,$-221,$-114,$-9,$-105,$-105,$-93,$146,$107,$194,194,$-0.48,$-0.46,$85,$784,$43,$2298,$340,$0,$3014,$29,$3679,$5977,$1135,$5140,$296,$5602,$6737,$2,$-4540,$-28,$-760,$5977,$3,$226,$203,$429,$-90,$-71,$0,$23,$-137,$295,$-114,$0,$198,$0,$0,$0,$0,$84,$-379,$0,$-379,$-4,$-4,$0,$-21,$-404,$-30,$17,$0
15,2014-10-31,28.84,$-3.38,-8.53,$28.77,1.0,$-3.57,0.0,$0.14,206.0,$2.62B,$1.23B,2.14,$5.50B,$-0.66B,-8.37,$5.72B,$2.00B,34.93%,$5.72B,$0.47B,8.26%,$5.72B,$0.47B,8.26%,$5.72B,$0.72B,12.61%,$5.72B,$0.01B,0.12%,$5.72B,$0.03B,0.52%,$0.03B,$-0.66B,-4.18%,$0.03B,$-4.04B,-0.72%,$0.03B,$6.52B,0.46%,$0.47B,$4.84B,9.67%,$1914,$1299,$615,$0,$390,$1735,$179,$-111,$68,$28,$40,$40,$60,$237,$179,$194,200,$0.31,$0.30,$107,$1168,$37,$2621,$400,$0,$3378,$124,$3902,$6523,$1225,$5498,$309,$5955,$7180,$2,$-4407,$-16,$-657,$6523,$96,$187,$81,$268,$-264,$-96,$0,$32,$-243,$121,$-89,$0,$0,$0,$0,$0,$0,$-89,$-37,$0,$-37,$0,$0,$0,$-3,$-40,$-8,$12,$0
16,2014-07-31,25.42,$-3.58,-7.1,$30.73,0.83,$-6.77,0.0,$0.10,254.2,$2.78B,$1.34B,2.08,$5.64B,$-0.70B,-8.05,$6.08B,$2.04B,33.64%,$6.08B,$0.45B,7.46%,$6.08B,$0.45B,7.46%,$6.08B,$0.71B,11.62%,$6.08B,$-0.02B,-0.30%,$6.08B,$0.02B,0.35%,$0.02B,$-0.70B,-2.88%,$0.02B,$-4.11B,-0.50%,$0.02B,$6.71B,0.32%,$0.45B,$4.94B,9.23%,$1880,$1269,$611,$0,$391,$1717,$163,$-116,$47,$16,$31,$31,$48,$229,$163,$194,200,$0.25,$0.24,$229,$1181,$50,$2775,$403,$0,$3407,$129,$3939,$6714,$1337,$5640,$309,$6078,$7415,$2,$-4468,$-13,$-701,$6714,$36,$129,$45,$174,$-265,$-108,$0,$16,$-159,$54,$-60,$0,$0,$0,$0,$0,$0,$-60,$106,$0,$106,$18,$18,$0,$-5,$119,$114,$9,$0
17,2014-04-30,25.78,$-3.84,-6.72,$35.93,0.72,$-10.88,0.0,$-0.61,0.0,$2.57B,$1.13B,2.28,$5.72B,$-0.75B,-7.63,$6.43B,$2.09B,32.49%,$6.43B,$0.44B,6.87%,$6.43B,$0.44B,6.87%,$6.43B,$0.69B,10.74%,$6.43B,$-0.12B,-1.93%,$6.43B,$-0.10B,-1.54%,$-0.10B,$-0.75B,13.36%,$-0.10B,$-4.19B,2.34%,$-0.10B,$6.55B,-1.52%,$0.44B,$4.97B,9.01%,$2094,$1491,$603,$0,$426,$1978,$116,$-119,$-3,$1,$-4,$-4,$-12,$179,$116,$193,193,$-0.06,$-0.06,$173,$1181,$58,$2572,$402,$0,$3441,$137,$3980,$6552,$1126,$5722,$339,$6176,$7302,$2,$-4515,$-14,$-750,$6552,$-12,$63,$15,$78,$-108,$-108,$0,$8,$-186,$-119,$-28,$0,$0,$0,$0,$0,$0,$-28,$188,$0,$188,$20,$20,$0,$-4,$204,$58,$5,$0
