,Date,Stock Price,Book Value per Share,Price to Book Ratio,TTM Sales per Share,Price to Sales Ratio,TTM FCF per Share,Price to FCF Ratio,TTM Net EPS,PE Ratio,Current Assets,Current Liabilities,Current Ratio,Long Term Debt,Shareholder's Equity_x,Debt to Equity Ratio,TTM Revenue_x,TTM Gross Profit,Gross Margin,TTM Revenue_y,TTM Operating Income,Operating Margin,TTM Revenue_x,TTM EBIT,EBIT Margin,TTM Revenue_y,TTM EBITDA,EBITDA Margin,TTM Revenue_x,TTM Pre-Tax Income,Pre-Tax Margin,TTM Revenue_y,TTM Net Income_x,Net Margin,TTM Net Income_y,Shareholder's Equity_y,Return on Equity,TTM Net Income_x,Tangible Equity,Return on Tangible Equity,TTM Net Income_y,Total Assets,Return on Assets,TTM Net Income,LT Investments & Debt,Return on Investment,revenue,cost-goods-sold,gross-profit,research-development-expenses,selling-general-administrative-expenses,operating-expenses,operating-income,total-non-operating-income-expense,pre-tax-income,total-provision-income-taxes,income-after-taxes,income-from-continuous-operations,net-income,ebitda,ebit,basic-shares-outstanding,shares-outstanding,eps-basic-net-earnings-per-share,eps-earnings-per-share-diluted,cash-on-hand,inventory,other-current-assets,total-current-assets,net-property-plant-equipment,long-term-investments,goodwill-intangible-assets-total,other-long-term-assets,total-long-term-assets,total-assets,total-current-liabilities,long-term-debt,other-non-current-liabilities,total-long-term-liabilities,total-liabilities,common-stock-net,retained-earnings-accumulated-deficit,comprehensive-income,total-share-holder-equity,total-liabilities-share-holders-equity,net-income-loss,total-depreciation-amortization-cash-flow,other-non-cash-items,total-non-cash-items,change-in-accounts-receivable,change-in-inventories,change-in-accounts-payable,change-in-assets-liabilities,total-change-in-assets-liabilities,cash-flow-from-operating-activities,net-change-in-property-plant-equipment,net-change-in-intangible-assets,net-acquisitions-divestitures,net-change-in-short-term-investments,net-change-in-long-term-investments,net-change-in-investments-total,investing-activities-other,cash-flow-from-investing-activities,net-long-term-debt,net-current-debt,debt-issuance-retirement-net-total,net-common-equity-issued-repurchased,net-total-equity-issued-repurchased,total-common-preferred-stock-dividends-paid,financial-activities-other,cash-flow-from-financial-activities,net-cash-flow,stock-based-compensation,common-stock-dividends-paid
0,2018-09-30,19.94,$1.65,12.11,$18.24,1.09,$8.45,2.36,$1.72,11.59,$0.11B,$0.07B,1.67,$0.03B,$0.02B,1.1,$0.26B,$0.10B,37.50%,$0.26B,$0.05B,17.58%,$0.26B,$0.05B,17.58%,$0.26B,$0.05B,19.92%,$0.26B,$0.04B,14.84%,$0.26B,$0.04B,14.45%,$0.04B,$0.02B,-1057.14%,$0.04B,$0.02B,-740.00%,$0.04B,$0.12B,42.53%,$0.05B,$0.05B,181.82%,$74,$44,$31,$1,$13,$58,$17,$-1,$15,$0,$15,$15,$15,$18,$17,$14,16,$1.05,$0.91,$6,$73,$0,$114,$4,$0,$1,$1,$6,$120,$68,$26,$2,$28,$96,$0,$-148,$-0,$23,$120,$23,$4,$8,$12,$19,$-48,$35,$1,$8,$43,$-2,$0,$0,$0,$0,$0,$0,$-2,$-8,$-34,$-42,$4,$4,$0,$-2,$-40,$1,$1,$0
1,2018-06-30,20.32,$0.36,56.35,$16.57,1.23,$6.45,3.15,$1.68,12.1,$0.08B,$0.04B,1.73,$0.03B,$0.01B,6.13,$0.22B,$0.08B,35.78%,$0.22B,$0.03B,13.76%,$0.22B,$0.03B,13.76%,$0.22B,$0.04B,16.51%,$0.22B,$0.02B,10.55%,$0.22B,$0.02B,10.09%,$0.02B,$0.01B,-118.92%,$0.02B,$0.00B,-110.00%,$0.02B,$0.08B,28.30%,$0.03B,$0.04B,292.68%,$61,$41,$20,$1,$11,$53,$8,$-2,$7,$0,$6,$6,$6,$10,$8,$13,16,$0.47,$0.40,$9,$28,$0,$77,$3,$0,$1,$1,$5,$82,$44,$30,$2,$33,$77,$0,$-162,$-0,$5,$82,$8,$3,$4,$7,$16,$-2,$16,$1,$31,$46,$-0,$0,$0,$0,$0,$0,$0,$-0,$-3,$-38,$-41,$1,$1,$-1,$-0,$-42,$4,$1,$-1
2,2018-03-31,2.4,$-1.65,-1.45,$14.23,0.17,$5.63,0.43,$0.72,3.33,$0.05B,$0.02B,2.16,$0.03B,$-0.02B,-1.47,$0.18B,$0.06B,36.36%,$0.18B,$0.02B,9.66%,$0.18B,$0.02B,9.66%,$0.18B,$0.02B,13.07%,$0.18B,$0.01B,5.11%,$0.18B,$0.01B,5.11%,$0.01B,$-0.02B,-31.03%,$0.01B,$-0.02B,-29.51%,$0.01B,$0.05B,13.19%,$0.02B,$0.01B,-2266.67%,$41,$26,$15,$1,$10,$37,$4,$-2,$2,$0,$2,$2,$2,$5,$4,$12,12,$0.16,$0.16,$4,$16,$0,$45,$4,$0,$1,$1,$7,$52,$21,$30,$2,$52,$73,$0,$-169,$-0,$-20,$52,$2,$1,$1,$2,$29,$11,$-4,$-3,$34,$38,$-0,$0,$0,$0,$0,$0,$0,$-0,$0,$-38,$-38,$0,$0,$0,$-0,$-38,$-1,$0,$0
3,2017-12-31,1.81,$-1.79,-1.01,$12.09,0.15,$5.29,0.34,$-0.24,0.0,$0.09B,$0.07B,1.28,$0.03B,$-0.02B,-1.25,$0.15B,$0.05B,34.23%,$0.15B,$0.01B,3.36%,$0.15B,$0.01B,3.36%,$0.15B,$0.01B,7.38%,$0.15B,$-0.00B,-2.01%,$0.15B,$-0.00B,-2.01%,$-0.00B,$-0.02B,9.52%,$-0.00B,$-0.02B,9.09%,$-0.00B,$0.09B,-4.56%,$0.01B,$0.01B,-133.33%,$80,$50,$30,$1,$13,$64,$16,$-2,$14,$-1,$14,$14,$14,$18,$16,$12,12,$1.14,$1.14,$5,$28,$0,$87,$5,$0,$1,$1,$7,$94,$68,$28,$2,$49,$116,$0,$-170,$-0,$-22,$94,$-3,$6,$8,$14,$3,$-7,$1,$-5,$-8,$3,$-4,$0,$0,$0,$0,$0,$0,$-4,$-0,$-0,$-0,$0,$0,$0,$-0,$-0,$-1,$1,$0
4,2017-09-30,3.32,$-2.97,-1.12,$12.40,0.27,$4.95,0.67,$-0.40,0.0,$0.08B,$0.07B,1.06,$0.03B,$-0.04B,-0.74,$0.15B,$0.05B,33.77%,$0.15B,$0.00B,2.65%,$0.15B,$0.00B,2.65%,$0.15B,$0.01B,6.62%,$0.15B,$-0.01B,-3.31%,$0.15B,$-0.01B,-3.31%,$-0.01B,$-0.04B,16.00%,$-0.01B,$-0.04B,15.38%,$-0.01B,$0.08B,-7.58%,$0.00B,$-0.01B,-133.33%,$36,$23,$13,$1,$9,$34,$2,$-2,$0,$1,$-0,$-0,$-0,$3,$2,$12,12,$-0.04,$-0.04,$0,$46,$0,$76,$4,$0,$1,$1,$7,$83,$72,$27,$2,$48,$120,$0,$-184,$-0,$-37,$83,$-17,$4,$4,$9,$32,$-26,$18,$-6,$18,$9,$-3,$0,$0,$0,$0,$0,$0,$-3,$-0,$-13,$-13,$0,$0,$0,$0,$-13,$-6,$1,$0
5,2017-06-30,2.8,$-2.97,-0.94,$12.60,0.22,$4.48,0.63,$-4.00,0.0,$0.04B,$0.03B,1.14,$0.03B,$-0.04B,-0.75,$0.15B,$0.04B,27.45%,$0.15B,$-0.04B,-26.80%,$0.15B,$-0.04B,-26.80%,$0.15B,$-0.03B,-20.92%,$0.15B,$-0.05B,-32.68%,$0.15B,$-0.05B,-32.68%,$-0.05B,$-0.04B,163.93%,$-0.05B,$-0.04B,157.48%,$-0.05B,$0.04B,-73.26%,$-0.04B,$-0.01B,1490.91%,$19,$13,$6,$2,$10,$24,$-5,$-2,$-7,$0,$-7,$-7,$-7,$-3,$-5,$12,12,$-0.57,$-0.57,$1,$21,$0,$37,$3,$0,$2,$1,$7,$44,$32,$28,$2,$48,$80,$0,$-184,$-0,$-37,$44,$-17,$3,$2,$5,$47,$-1,$-1,$-7,$39,$27,$-1,$0,$0,$0,$0,$0,$0,$-1,$-0,$-31,$-31,$0,$0,$0,$0,$-31,$-5,$1,$0
6,2017-03-31,3.62,$-2.45,-1.48,$13.44,0.27,$3.71,0.98,$-6.88,0.0,$0.03B,$0.02B,1.46,$0.03B,$-0.03B,-0.93,$0.16B,$0.04B,25.15%,$0.16B,$-0.08B,-46.63%,$0.16B,$-0.08B,-46.63%,$0.16B,$-0.07B,-41.10%,$0.16B,$-0.09B,-52.76%,$0.16B,$-0.09B,-52.76%,$-0.09B,$-0.03B,458.67%,$-0.09B,$-0.03B,301.75%,$-0.09B,$0.04B,-105.85%,$-0.08B,$-0.00B,-894.12%,$14,$12,$2,$1,$9,$22,$-8,$-2,$-10,$0,$-10,$-10,$-10,$-7,$-8,$12,12,$-0.81,$-0.81,$4,$22,$0,$34,$4,$0,$2,$1,$8,$42,$24,$28,$3,$49,$72,$0,$-177,$-1,$-30,$42,$-10,$1,$1,$2,$52,$-1,$-4,$-5,$42,$33,$-0,$0,$0,$0,$0,$0,$0,$-0,$-0,$-36,$-36,$0,$0,$0,$0,$-36,$-3,$0,$0
7,2016-12-31,5.24,$-1.68,-3.12,$14.33,0.37,$3.03,1.73,$-7.12,0.0,$0.09B,$0.07B,1.3,$0.03B,$-0.02B,-1.37,$0.17B,$0.04B,24.28%,$0.17B,$-0.08B,-45.09%,$0.17B,$-0.08B,-45.09%,$0.17B,$-0.07B,-38.73%,$0.17B,$-0.09B,-50.87%,$0.17B,$-0.09B,-50.87%,$-0.09B,$-0.02B,-5028.57%,$-0.09B,$-0.02B,359.18%,$-0.09B,$0.10B,-86.06%,$-0.08B,$0.01B,-271.30%,$82,$52,$30,$2,$13,$67,$15,$-3,$12,$-0,$12,$12,$12,$17,$15,$12,12,$0.96,$0.96,$6,$22,$0,$87,$4,$0,$2,$2,$8,$95,$67,$28,$3,$49,$115,$0,$-167,$-1,$-21,$95,$-87,$11,$80,$91,$4,$-7,$-5,$2,$-5,$-2,$-3,$0,$0,$0,$0,$0,$0,$-3,$-0,$-1,$-1,$6,$6,$0,$-1,$4,$-1,$4,$0
8,2016-09-30,5.24,$-2.73,-1.92,$15.57,0.34,$1.38,3.79,$-12.48,0.0,$0.08B,$0.08B,1.05,$0.03B,$-0.03B,-0.77,$0.18B,$0.04B,21.02%,$0.18B,$-0.14B,-77.84%,$0.18B,$-0.14B,-77.84%,$0.18B,$-0.13B,-71.02%,$0.18B,$-0.15B,-82.95%,$0.18B,$-0.15B,-83.52%,$-0.15B,$-0.03B,-691.76%,$-0.15B,$-0.04B,668.18%,$-0.15B,$0.09B,-120.99%,$-0.14B,$-0.01B,-286.91%,$38,$34,$4,$3,$12,$81,$-43,$-2,$-45,$-0,$-45,$-45,$-45,$-39,$-43,$12,12,$-3.64,$-3.64,$3,$45,$0,$83,$5,$0,$2,$1,$8,$92,$80,$26,$3,$46,$125,$0,$-179,$-1,$-34,$92,$-99,$9,$73,$83,$34,$-29,$21,$-5,$20,$3,$-2,$0,$0,$0,$0,$0,$0,$-2,$-0,$-10,$-10,$6,$6,$0,$-1,$-5,$-4,$3,$0
9,2016-06-30,3.88,$0.83,4.7,$15.84,0.24,$-0.12,0.0,$-10.36,0.0,$0.05B,$0.04B,1.34,$0.03B,$0.01B,2.58,$0.17B,$0.04B,24.71%,$0.17B,$-0.10B,-57.47%,$0.17B,$-0.10B,-57.47%,$0.17B,$-0.09B,-51.72%,$0.17B,$-0.11B,-62.64%,$0.17B,$-0.12B,-67.82%,$-0.12B,$0.01B,-214.55%,$-0.12B,$-0.03B,655.56%,$-0.12B,$0.10B,-76.62%,$-0.10B,$0.04B,-127.80%,$29,$24,$5,$2,$12,$70,$-40,$-2,$-43,$-0,$-43,$-43,$-43,$-38,$-40,$12,12,$-3.44,$-3.44,$1,$28,$0,$53,$6,$0,$35,$2,$43,$96,$40,$26,$3,$46,$86,$0,$-134,$-1,$10,$96,$-55,$6,$30,$36,$45,$-3,$2,$-7,$37,$18,$-2,$0,$0,$0,$0,$0,$0,$-2,$-0,$-28,$-28,$6,$6,$0,$-1,$-22,$-6,$2,$0
10,2016-03-31,4.56,$4.20,1.08,$15.60,0.29,$-0.93,0.0,$-7.84,0.0,$0.05B,$0.03B,1.79,$0.03B,$0.05B,0.52,$0.17B,$0.04B,24.40%,$0.17B,$-0.07B,-43.45%,$0.17B,$-0.07B,-43.45%,$0.17B,$-0.06B,-37.50%,$0.17B,$-0.08B,-47.02%,$0.17B,$-0.09B,-50.60%,$-0.09B,$0.05B,-104.94%,$-0.09B,$-0.02B,641.51%,$-0.09B,$0.13B,-47.09%,$-0.07B,$0.08B,-71.57%,$24,$21,$3,$2,$11,$34,$-10,$-2,$-12,$0,$-12,$-12,$-12,$-7,$-10,$12,12,$-1.04,$-1.04,$3,$26,$0,$50,$6,$0,$68,$2,$76,$126,$28,$27,$3,$46,$74,$0,$-92,$-0,$52,$126,$-12,$3,$-0,$3,$44,$-0,$-5,$-5,$34,$25,$-1,$0,$0,$0,$0,$0,$0,$-1,$-0,$-33,$-33,$6,$6,$0,$-1,$-28,$-4,$1,$0
11,2015-12-31,8.04,$5.33,1.51,$15.41,0.52,$-1.47,0.0,$-7.80,0.0,$0.10B,$0.07B,1.37,$0.03B,$0.06B,0.49,$0.16B,$0.04B,25.00%,$0.16B,$-0.08B,-46.34%,$0.16B,$-0.08B,-46.34%,$0.16B,$-0.07B,-40.85%,$0.16B,$-0.08B,-49.39%,$0.16B,$-0.08B,-51.22%,$-0.08B,$0.06B,-85.28%,$-0.08B,$-0.01B,933.33%,$-0.08B,$0.17B,-42.42%,$-0.08B,$0.08B,-66.67%,$85,$60,$25,$3,$15,$128,$-44,$-2,$-46,$1,$-47,$-47,$-47,$-41,$-44,$11,11,$-4.40,$-4.40,$7,$26,$0,$95,$7,$0,$69,$2,$78,$172,$69,$28,$3,$47,$116,$0,$-80,$-0,$57,$172,$-83,$8,$67,$75,$2,$11,$-17,$-1,$-7,$-15,$-7,$0,$0,$0,$0,$0,$0,$-7,$16,$6,$23,$1,$1,$0,$-2,$21,$-1,$6,$0
12,2015-09-30,9.72,$9.52,1.02,$16.71,0.58,$-1.26,0.0,$-3.20,0.0,$0.09B,$0.08B,1.11,$0.01B,$0.10B,0.13,$0.17B,$0.04B,24.56%,$0.17B,$-0.03B,-14.62%,$0.17B,$-0.03B,-14.62%,$0.17B,$-0.02B,-9.94%,$0.17B,$-0.03B,-16.96%,$0.17B,$-0.04B,-20.47%,$-0.04B,$0.10B,-29.91%,$-0.04B,$-0.02B,1000.00%,$-0.04B,$0.22B,-16.15%,$-0.03B,$0.11B,-19.65%,$36,$26,$10,$3,$13,$42,$-6,$-2,$-8,$8,$-16,$-16,$-16,$-4,$-6,$11,11,$-1.52,$-1.52,$3,$50,$0,$94,$5,$0,$120,$2,$128,$222,$84,$13,$2,$36,$121,$0,$-33,$-0,$101,$222,$-36,$5,$11,$16,$32,$-12,$-2,$-6,$9,$-11,$-4,$0,$0,$0,$0,$0,$0,$-4,$14,$-3,$11,$1,$1,$0,$-1,$10,$-5,$5,$0
13,2015-06-30,9.12,$10.83,0.84,$16.50,0.55,$-1.16,0.0,$-2.20,0.0,$0.07B,$0.05B,1.5,$0.02B,$0.11B,0.14,$0.17B,$0.04B,23.81%,$0.17B,$-0.03B,-15.48%,$0.17B,$-0.03B,-15.48%,$0.17B,$-0.02B,-11.31%,$0.17B,$-0.03B,-17.86%,$0.17B,$-0.03B,-14.88%,$-0.03B,$0.11B,-20.20%,$-0.03B,$-0.01B,-833.33%,$-0.03B,$0.20B,-11.40%,$-0.03B,$0.13B,-19.89%,$23,$19,$3,$3,$13,$35,$-13,$-0,$-13,$-3,$-10,$-10,$-10,$-11,$-13,$11,11,$-0.92,$-0.92,$3,$37,$0,$74,$6,$0,$121,$1,$128,$202,$49,$16,$6,$38,$87,$0,$-17,$-0,$114,$202,$-20,$4,$-4,$-0,$48,$0,$-14,$-5,$29,$8,$-2,$0,$0,$0,$0,$0,$0,$-2,$12,$-23,$-11,$0,$0,$0,$-0,$-11,$-5,$3,$0
14,2015-03-31,7.44,$11.56,0.64,$16.54,0.45,$-1.71,0.0,$-2.20,0.0,$0.07B,$0.05B,1.42,$0.01B,$0.12B,0.04,$0.17B,$0.04B,25.15%,$0.17B,$-0.02B,-13.17%,$0.17B,$-0.02B,-13.17%,$0.17B,$-0.02B,-9.58%,$0.17B,$-0.03B,-16.17%,$0.17B,$-0.02B,-14.37%,$-0.02B,$0.12B,-18.71%,$-0.02B,$0.00B,-331.03%,$-0.02B,$0.20B,-10.82%,$-0.02B,$0.13B,-16.79%,$20,$17,$3,$3,$12,$32,$-13,$-1,$-14,$-3,$-11,$-11,$-11,$-11,$-13,$11,11,$-1.00,$-1.00,$2,$36,$0,$68,$6,$0,$120,$1,$128,$196,$48,$5,$6,$27,$74,$0,$-7,$-1,$122,$196,$-11,$2,$-4,$-2,$49,$2,$-14,$-5,$31,$18,$-2,$0,$0,$0,$0,$0,$0,$-2,$-0,$-21,$-21,$0,$0,$0,$-0,$-21,$-6,$1,$0
15,2014-12-31,12.76,$12.49,1.02,$19.21,0.66,$-2.20,0.0,$-1.56,0.0,$0.12B,$0.09B,1.32,$0.01B,$0.13B,0.04,$0.19B,$0.05B,27.57%,$0.19B,$-0.01B,-7.57%,$0.19B,$-0.01B,-7.57%,$0.19B,$-0.01B,-2.70%,$0.19B,$-0.02B,-11.89%,$0.19B,$-0.02B,-8.65%,$-0.02B,$0.13B,-12.98%,$-0.02B,$0.01B,-711.11%,$-0.02B,$0.25B,-6.97%,$-0.01B,$0.14B,-11.22%,$92,$66,$26,$3,$15,$85,$7,$-2,$6,$3,$2,$2,$2,$9,$7,$10,10,$0.24,$0.24,$8,$38,$0,$118,$7,$0,$121,$1,$129,$247,$89,$6,$6,$27,$116,$0,$3,$-0,$131,$247,$-15,$9,$-7,$2,$-10,$11,$-11,$3,$-2,$-15,$-4,$0,$4,$0,$0,$0,$0,$1,$-12,$-10,$-21,$39,$39,$0,$-2,$16,$1,$5,$0
16,2014-09-30,30.6,$12.18,2.51,$9.94,3.08,$-1.52,0.0,$-3.36,0.0,$0.10B,$0.07B,1.36,$0.00B,$0.13B,0.0,$0.09B,$0.03B,26.88%,$0.09B,$-0.02B,-25.81%,$0.09B,$-0.02B,-25.81%,$0.09B,$-0.02B,-23.66%,$0.09B,$-0.03B,-33.33%,$0.09B,$-0.02B,-22.58%,$-0.02B,$0.13B,-23.93%,$-0.02B,$0.01B,525.00%,$-0.02B,$0.23B,-10.53%,$-0.02B,$0.13B,-26.52%,$33,$26,$8,$3,$12,$41,$-7,$-1,$-9,$-3,$-6,$-6,$-6,$-6,$-7,$10,10,$-0.52,$-0.52,$4,$47,$0,$99,$5,$0,$121,$1,$133,$232,$73,$0,$2,$31,$104,$0,$1,$0,$128,$232,$-18,$8,$-8,$-0,$25,$4,$-16,$-9,$6,$-12,$-2,$0,$4,$0,$0,$0,$0,$2,$-4,$-26,$-29,$39,$39,$0,$-2,$8,$-2,$4,$0
17,2014-06-30,36.96,$12.61,2.93,$18.83,1.96,$3.33,11.1,$-4.36,0.0,$0.08B,$0.05B,1.6,$0.00B,$0.13B,0.0,$0.10B,$0.03B,26.53%,$0.10B,$-0.02B,-20.41%,$0.10B,$-0.02B,-20.41%,$0.10B,$-0.02B,-17.35%,$0.10B,$-0.03B,-27.55%,$0.10B,$-0.02B,-16.33%,$-0.02B,$0.13B,-28.32%,$-0.02B,$0.01B,304.76%,$-0.02B,$0.21B,-11.23%,$-0.02B,$0.13B,-33.76%,$22,$17,$5,$2,$12,$31,$-9,$-1,$-10,$-1,$-9,$-9,$-9,$-8,$-9,$10,10,$-0.92,$-0.92,$9,$37,$0,$79,$5,$0,$121,$1,$133,$212,$49,$0,$2,$31,$80,$0,$7,$1,$132,$212,$-12,$6,$-7,$-1,$37,$12,$-34,$-4,$13,$0,$-1,$0,$4,$0,$0,$0,$0,$3,$-4,$-35,$-39,$38,$38,$0,$-1,$-2,$2,$2,$0
18,2014-03-31,56.24,$10.82,5.2,$24.37,2.31,$9.46,5.95,$-4.56,0.0,$0.09B,$0.10B,0.98,$0.00B,$0.10B,0.0,$0.10B,$0.03B,26.73%,$0.10B,$-0.02B,-16.83%,$0.10B,$-0.02B,-16.83%,$0.10B,$-0.01B,-12.87%,$0.10B,$-0.02B,-23.76%,$0.10B,$-0.01B,-9.90%,$-0.01B,$0.10B,-40.40%,$-0.01B,$-0.02B,137.93%,$-0.01B,$0.23B,-10.99%,$-0.02B,$0.10B,-61.82%,$38,$26,$12,$2,$11,$43,$-5,$-4,$-9,$-6,$-3,$-3,$-3,$0,$-5,$8,8,$-0.36,$-0.36,$6,$42,$0,$93,$6,$0,$121,$0,$134,$227,$95,$0,$2,$30,$125,$0,$16,$0,$102,$227,$-3,$5,$-6,$-1,$21,$8,$-16,$-1,$13,$9,$-0,$0,$4,$0,$0,$0,$0,$4,$7,$-20,$-13,$1,$1,$0,$-1,$-14,$-1,$1,$0
19,2013-12-31,55.4,$-3.40,-16.3,$29.13,1.9,$16.23,3.41,$-5.40,0.0,$0.11B,$0.11B,1.02,$0.01B,$-0.04B,-0.29,$0.09B,$0.02B,25.81%,$0.09B,$-0.01B,-12.90%,$0.09B,$-0.01B,-12.90%,$0.09B,$-0.01B,-12.90%,$0.09B,$-0.02B,-18.28%,$0.09B,$-0.01B,-9.68%,$-0.01B,$-0.01B,-1200.00%,$-0.01B,$-0.02B,600.00%,$-0.01B,$0.13B,-25.17%,$-0.01B,$0.00B,-342.86%,$0,$0,$0,$1,$1,$3,$-3,$-0,$-3,$8,$-3,$-3,$-3,$-8,$-3,$2,2,$-1.56,$-1.56,$7,$50,$0,$113,$7,$0,$4,$2,$14,$127,$111,$10,$2,$27,$138,$0,$19,$0,$-11,$127,$-3,$0,$4,$1,$0,$0,$0,$-0,$0,$-2,$-0,$-0,$0,$0,$0,$0,$0,$-0,$-0,$-20,$-0,$5,$5,$0,$-0,$5,$3,$1,$0
20,2013-09-30,50.12,$1.81,27.74,$29.16,1.72,$16.87,2.97,$-4.64,0.0,$0.00B,$0.00B,2.39,$0.00B,$0.00B,0.03,$0.09B,$0.02B,25.81%,$0.09B,$-0.01B,-9.68%,$0.09B,$-0.01B,-9.68%,$0.09B,$-0.00B,-4.30%,$0.09B,$-0.01B,-15.05%,$0.09B,$-0.01B,-7.53%,$-0.01B,$0.00B,-140.00%,$-0.01B,$0.00B,-200.00%,$-0.01B,$0.00B,-121.74%,$-0.01B,$0.00B,-180.00%,$38,$30,$9,$1,$9,$42,$-3,$-2,$-5,$-4,$-1,$-1,$-1,$-1,$-3,$3,3,$-0.44,$-0.44,$2,$1,$0,$3,$0,$0,$1,$0,$2,$4,$1,$0,$0,$0,$1,$0,$-14,$0,$3,$4,$-7,$5,$-9,$-4,$39,$-21,$26,$-9,$26,$15,$-4,$0,$0,$0,$0,$0,$0,$-4,$10,$-20,$-10,$0,$0,$0,$-1,$-11,$-0,$2,$0
21,2013-06-30,65.0,$2.85,22.78,$17.09,3.8,$13.35,4.87,$-3.12,0.0,$0.00B,$0.00B,5.32,$0.00B,$0.01B,0.02,$0.06B,$0.02B,27.27%,$0.06B,$-0.01B,-10.91%,$0.06B,$-0.01B,-10.91%,$0.06B,$-0.00B,-5.45%,$0.06B,$-0.01B,-16.36%,$0.06B,$-0.01B,-10.91%,$-0.01B,$0.01B,-100.00%,$-0.01B,$0.00B,-133.33%,$-0.01B,$0.01B,-88.89%,$-0.01B,$0.01B,-100.00%,$25,$18,$6,$1,$10,$30,$-6,$-1,$-7,$-4,$-3,$-3,$-3,$-4,$-6,$3,3,$-1.04,$-1.04,$3,$0,$0,$4,$0,$0,$1,$0,$2,$6,$1,$0,$0,$0,$1,$0,$-12,$0,$5,$6,$-6,$3,$-7,$-4,$55,$-3,$-4,$-8,$32,$22,$-3,$0,$0,$0,$0,$0,$0,$-3,$0,$-23,$-23,$0,$0,$0,$0,$-23,$-3,$1,$0
22,2013-03-31,80.2,$3.38,23.71,$9.39,8.54,$6.02,13.31,$-3.08,0.0,$0.00B,$0.00B,9.54,$0.00B,$0.01B,0.02,$0.03B,$0.01B,30.00%,$0.03B,$-0.00B,-6.67%,$0.03B,$-0.00B,-6.67%,$0.03B,$-0.00B,-3.33%,$0.03B,$-0.00B,-13.33%,$0.03B,$-0.01B,-16.67%,$-0.01B,$0.01B,-74.07%,$-0.01B,$0.00B,-90.91%,$-0.01B,$0.01B,-68.97%,$-0.00B,$0.01B,-29.63%,$30,$21,$9,$1,$8,$30,$-0,$-2,$-2,$0,$-2,$-2,$-2,$1,$-0,$3,3,$-0.72,$-0.72,$4,$0,$0,$4,$0,$0,$1,$0,$2,$6,$0,$0,$0,$0,$1,$0,$-10,$0,$6,$6,$-2,$1,$2,$4,$45,$2,$-16,$1,$24,$25,$-0,$0,$0,$0,$0,$0,$0,$-0,$0,$-28,$-28,$0,$0,$0,$0,$-28,$-3,$1,$0
23,2012-12-31,27.56,$3.90,7.06,$0.14,191.35,$-2.49,0.0,$-2.76,0.0,$0.01B,$0.00B,15.21,$0.00B,$0.01B,0.0,$0.00B,0,nan%,$0.00B,$-0.00B,inf%,$0.00B,$-0.00B,inf%,$0.00B,$-0.00B,inf%,$0.00B,$-0.00B,inf%,$0.00B,$-0.00B,inf%,$-0.00B,$0.01B,-55.17%,$-0.00B,$0.01B,-64.00%,$-0.00B,$0.01B,-50.00%,$-0.00B,$0.01B,-41.38%,$0,$0,$0,$0,$0,$0,$0,$0,$0,$0,$0,$0,$-1,$0,$0,$2,2,$-0.80,$-0.80,$5,$0,$0,$5,$0,$0,$1,$0,$1,$7,$0,$0,$0,$0,$0,$0,$-8,$0,$6,$7,$-1,$0,$0,$0,$0,$0,$0,$0,$0,$-1,$-0,$-0,$0,$0,$0,$0,$0,$-0,$0,$0,$0,$0,$0,$0,$0,$0,$-1,$0,$0
24,2012-09-30,25.96,$0.00,0.0,$0.14,182.25,$-2.27,0.0,$-2.08,0.0,$0.01B,$0.00B,19.39,$0.00B,$0.01B,0.0,$0.00B,0,nan%,$0.00B,$-0.00B,inf%,$0.00B,$-0.00B,inf%,$0.00B,$-0.00B,inf%,$0.00B,$-0.00B,inf%,$0.00B,$-0.00B,inf%,$-0.00B,$0.01B,-64.00%,$-0.00B,$0.01B,-80.00%,$-0.00B,$0.01B,-59.26%,$-0.00B,$0.01B,-48.00%,$0,$0,$0,$0,$0,$0,$0,$0,$0,$0,$0,$0,$0,$0,$0,$0,0,$0.00,$0.00,$6,$0,$0,$6,$0,$0,$1,$0,$1,$8,$0,$0,$0,$0,$0,$0,$-7,$0,$7,$8,$0,$0,$0,$0,$0,$0,$0,$0,$0,$0,$0,$0,$0,$0,$0,$0,$0,$0,$0,$0,$0,$0,$0,$0,$0,$0,$0,$0,$0
25,2012-06-30,36.68,$5.14,7.14,$0.14,257.5,$-2.27,0.0,$-2.08,0.0,$0.01B,$0.00B,25.4,$0.00B,$0.01B,0.0,$0.00B,0,nan%,$0.00B,$-0.00B,inf%,$0.00B,$-0.00B,inf%,$0.00B,$-0.00B,inf%,$0.00B,$-0.00B,inf%,$0.00B,$-0.00B,inf%,$-0.00B,$0.01B,-84.21%,$-0.00B,$0.01B,-106.67%,$-0.00B,$0.01B,-80.00%,$-0.00B,$0.01B,-63.16%,$0,$0,$0,$0,$1,$2,$-2,$0,$-2,$0,$-2,$-2,$-2,$-2,$-2,$2,2,$-1.08,$-1.08,$6,$0,$0,$7,$0,$0,$1,$0,$1,$8,$0,$0,$0,$0,$0,$0,$-5,$0,$8,$8,$-3,$0,$1,$2,$0,$-0,$0,$-0,$-0,$-2,$-0,$-0,$0,$0,$0,$0,$0,$-0,$0,$0,$0,$9,$9,$0,$-1,$8,$6,$1,$0
26,2012-03-31,18.0,$5.41,3.33,$0.12,146.6,$-2.07,0.0,$-1.12,0.0,$0.01B,$0.00B,9.71,$0.00B,$0.01B,0.0,$0.00B,0,nan%,$0.00B,$-0.00B,inf%,$0.00B,$-0.00B,inf%,$0.00B,$-0.00B,inf%,$0.00B,$-0.00B,inf%,$0.00B,$-0.00B,inf%,$-0.00B,$0.01B,-66.67%,$-0.00B,$0.01B,-88.89%,$-0.00B,$0.01B,-61.54%,$-0.00B,$0.01B,-33.33%,$0,$0,$0,$0,$1,$1,$-1,$-0,$-1,$0,$-1,$-1,$-1,$-1,$-1,$1,1,$-0.88,$-0.88,$7,$0,$0,$8,$0,$0,$1,$0,$1,$9,$1,$0,$0,$0,$1,$0,$-4,$0,$8,$9,$-1,$0,$1,$1,$0,$-0,$0,$-0,$0,$-1,$-0,$-0,$0,$0,$0,$0,$0,$-0,$0,$0,$0,$9,$9,$0,$-1,$8,$7,$1,$0
27,2011-12-31,14.0,$0.28,49.66,$0.07,204.86,$-1.91,0.0,$-0.32,0.0,$0.00B,$0.00B,1.02,$0.00B,$0.00B,0.0,$0.00B,0,nan%,$0.00B,0,nan%,$0.00B,0,nan%,$0.00B,0,nan%,$0.00B,0,nan%,$0.00B,$-0.00B,inf%,$-0.00B,$0.00B,-100.00%,$-0.00B,$0.00B,-200.00%,$-0.00B,$0.00B,-80.00%,$0.00B,$0.00B,0.00%,$0,$0,$0,$0,$0,$0,$0,$0,$0,$0,$0,$0,$-1,$0,$0,$1,1,$-0.56,$-0.56,$0,$0,$0,$1,$0,$0,$1,$0,$1,$2,$1,$0,$0,$0,$1,$0,$-3,$0,$2,$2,$-1,$0,$0,$0,$0,$-0,$0,$0,$0,$-0,$-0,$-0,$0,$0,$0,$0,$0,$-0,$0,$0,$0,$0,$0,$0,$0,$0,$-0,$0,$0
28,2011-09-30,15.0,$0.00,0.0,$0.00,0.0,$-1.66,0.0,$-0.28,0.0,$0.00B,$0.00B,2.06,$0.00B,$0.00B,0.0,$0.00B,0,nan%,$0.00B,0,nan%,$0.00B,0,nan%,$0.00B,0,nan%,$0.00B,0,nan%,$0.00B,0,nan%,$0.00B,$0.00B,0.00%,$0.00B,$0.00B,0.00%,$0.00B,$0.00B,0.00%,$0.00B,$0.00B,0.00%,$0,$0,$0,$0,$0,$0,$0,$0,$0,$0,$0,$0,$0,$0,$0,$0,0,$0.00,$0.00,$0,$0,$0,$1,$0,$0,$0,$0,$0,$1,$0,$0,$0,$0,$0,$0,$-2,$0,$1,$1,$0,$0,$0,$0,$0,$0,$0,$0,$0,$0,$0,$0,$0,$0,$0,$0,$0,$0,$0,$0,$0,$0,$0,$0,$0,$0,$0,$0,$0
