,Date,Stock Price,Book Value per Share,Price to Book Ratio,TTM Sales per Share,Price to Sales Ratio,TTM FCF per Share,Price to FCF Ratio,TTM Net EPS,PE Ratio,Current Assets,Current Liabilities,Current Ratio,Long Term Debt,Shareholder's Equity_x,Debt to Equity Ratio,TTM Revenue_x,TTM Gross Profit,Gross Margin,TTM Revenue_y,TTM Operating Income,Operating Margin,TTM Revenue_x,TTM EBIT,EBIT Margin,TTM Revenue_y,TTM EBITDA,EBITDA Margin,TTM Revenue_x,TTM Pre-Tax Income,Pre-Tax Margin,TTM Revenue_y,TTM Net Income_x,Net Margin,TTM Net Income_y,Shareholder's Equity_y,Return on Equity,TTM Net Income_x,Tangible Equity,Return on Tangible Equity,TTM Net Income_y,Total Assets,Return on Assets,TTM Net Income,LT Investments & Debt,Return on Investment,revenue,cost-goods-sold,gross-profit,research-development-expenses,selling-general-administrative-expenses,operating-expenses,operating-income,total-non-operating-income-expense,pre-tax-income,total-provision-income-taxes,income-after-taxes,income-from-continuous-operations,net-income,ebitda,ebit,basic-shares-outstanding,shares-outstanding,eps-basic-net-earnings-per-share,eps-earnings-per-share-diluted,cash-on-hand,inventory,other-current-assets,total-current-assets,net-property-plant-equipment,long-term-investments,goodwill-intangible-assets-total,other-long-term-assets,total-long-term-assets,total-assets,total-current-liabilities,long-term-debt,other-non-current-liabilities,total-long-term-liabilities,total-liabilities,common-stock-net,retained-earnings-accumulated-deficit,comprehensive-income,total-share-holder-equity,total-liabilities-share-holders-equity,net-income-loss,total-depreciation-amortization-cash-flow,other-non-cash-items,total-non-cash-items,change-in-accounts-receivable,change-in-inventories,change-in-accounts-payable,change-in-assets-liabilities,total-change-in-assets-liabilities,cash-flow-from-operating-activities,net-change-in-property-plant-equipment,net-change-in-intangible-assets,net-acquisitions-divestitures,net-change-in-short-term-investments,net-change-in-long-term-investments,net-change-in-investments-total,investing-activities-other,cash-flow-from-investing-activities,net-long-term-debt,net-current-debt,debt-issuance-retirement-net-total,net-common-equity-issued-repurchased,net-total-equity-issued-repurchased,total-common-preferred-stock-dividends-paid,financial-activities-other,cash-flow-from-financial-activities,net-cash-flow,stock-based-compensation,common-stock-dividends-paid
0,2018-08-31,118.95,$40.78,2.92,$58.29,2.04,$13.67,8.7,$4.18,28.46,$0.64B,$0.30B,2.14,$0.30B,$1.08B,0.28,$1.57B,$0.65B,41.39%,$1.57B,$0.19B,12.24%,$1.57B,$0.19B,12.24%,$1.57B,$0.23B,14.48%,$1.57B,$0.18B,11.61%,$1.57B,$0.11B,7.14%,$0.11B,$1.08B,10.93%,$0.11B,$0.18B,106.16%,$0.11B,$1.70B,6.69%,$0.19B,$1.38B,14.25%,$394,$238,$155,$0,$104,$343,$51,$-3,$48,$4,$44,$44,$44,$58,$51,$26,27,$1.67,$1.66,$20,$285,$0,$636,$128,$0,$898,$20,$1058,$1695,$298,$299,$13,$321,$619,$3,$827,$5,$1076,$1695,$82,$16,$17,$33,$-39,$-33,$22,$-6,$-78,$37,$-13,$0,$0,$0,$0,$0,$0,$-13,$11,$0,$11,$-31,$-31,$0,$-5,$-25,$-1,$11,$0
1,2018-05-31,89.8,$38.90,2.31,$56.06,1.6,$14.32,6.27,$2.85,31.51,$0.54B,$0.26B,2.1,$0.30B,$1.02B,0.29,$1.52B,$0.64B,41.94%,$1.52B,$0.18B,11.92%,$1.52B,$0.18B,11.92%,$1.52B,$0.22B,14.29%,$1.52B,$0.17B,11.19%,$1.52B,$0.08B,5.07%,$0.08B,$1.02B,7.59%,$0.08B,$0.12B,138.74%,$0.08B,$1.60B,4.53%,$0.18B,$1.32B,13.22%,$355,$208,$147,$0,$102,$311,$43,$-3,$41,$3,$38,$38,$38,$52,$43,$27,27,$1.42,$1.42,$17,$256,$0,$544,$124,$0,$901,$21,$1059,$1603,$259,$298,$15,$320,$579,$3,$783,$4,$1024,$1603,$38,$8,$10,$18,$20,$-5,$-4,$-2,$-27,$29,$0,$-4,$0,$0,$0,$0,$0,$-4,$10,$0,$10,$-34,$-34,$0,$-4,$-28,$-4,$6,$0
2,2018-02-28,90.05,$38.17,2.36,$54.68,1.65,$14.78,6.09,$1.65,54.58,$0.56B,$0.30B,1.86,$0.29B,$1.01B,0.28,$1.49B,$0.62B,41.77%,$1.49B,$0.17B,11.35%,$1.49B,$0.17B,11.35%,$1.49B,$0.20B,13.70%,$1.49B,$0.16B,10.48%,$1.49B,$0.05B,3.02%,$0.05B,$1.01B,4.43%,$0.05B,$0.11B,439.02%,$0.05B,$1.62B,2.58%,$0.17B,$1.30B,12.05%,$366,$221,$145,$0,$101,$252,$114,$-3,$112,$14,$97,$97,$60,$116,$114,$27,27,$2.21,$2.20,$21,$252,$0,$558,$124,$0,$905,$21,$1066,$1624,$299,$288,$15,$310,$609,$3,$780,$1,$1014,$1624,$44,$35,$143,$178,$-45,$29,$24,$-17,$2,$224,$-14,$0,$0,$0,$0,$0,$49,$36,$-197,$0,$-197,$-58,$-58,$0,$-7,$-262,$-2,$15,$0
3,2017-11-30,89.4,$36.51,2.45,$50.07,1.79,$14.69,6.09,$0.73,122.47,$0.62B,$0.36B,1.73,$0.41B,$0.98B,0.41,$1.37B,$0.55B,40.18%,$1.37B,$0.10B,7.38%,$1.37B,$0.10B,7.38%,$1.37B,$0.14B,10.01%,$1.37B,$0.09B,6.36%,$1.37B,$0.02B,1.53%,$0.02B,$0.98B,2.07%,$0.02B,$0.01B,600.00%,$0.02B,$1.78B,1.17%,$0.10B,$1.39B,6.98%,$453,$251,$202,$0,$134,$469,$-16,$-4,$-19,$11,$-30,$-30,$-30,$1,$-16,$27,27,$-1.12,$-1.12,$21,$286,$0,$623,$133,$0,$972,$3,$1152,$1775,$359,$405,$18,$431,$790,$3,$755,$-1,$984,$1775,$-16,$33,$95,$128,$-75,$4,$-3,$-4,$-5,$108,$0,$-20,$0,$0,$0,$0,$0,$-20,$-60,$0,$-60,$-22,$-22,$0,$-7,$-90,$-2,$11,$0
4,2017-08-31,90.3,$38.05,2.37,$49.35,1.83,$15.72,5.74,$3.92,23.04,$0.59B,$0.31B,1.9,$0.42B,$1.04B,0.41,$1.36B,$0.54B,39.85%,$1.36B,$0.18B,13.24%,$1.36B,$0.18B,13.24%,$1.36B,$0.21B,15.51%,$1.36B,$0.17B,12.21%,$1.36B,$0.11B,8.01%,$0.11B,$1.04B,10.73%,$0.11B,$-0.02B,-292.62%,$0.11B,$1.80B,5.99%,$0.18B,$1.46B,12.16%,$345,$201,$143,$0,$104,$305,$40,$-4,$36,$1,$35,$35,$9,$48,$40,$27,27,$0.33,$0.33,$14,$326,$0,$593,$135,$0,$1060,$3,$1206,$1798,$313,$423,$18,$448,$761,$3,$813,$-3,$1037,$1798,$15,$17,$49,$66,$-14,$-38,$25,$-7,$-31,$50,$-8,$0,$0,$0,$0,$0,$-9,$-17,$-42,$0,$-42,$6,$6,$0,$-7,$-43,$-9,$6,$0
5,2017-05-31,91.0,$37.64,2.42,$49.80,1.83,$17.21,5.29,$4.59,19.83,$0.55B,$0.29B,1.9,$0.43B,$1.02B,0.42,$1.38B,$0.56B,40.64%,$1.38B,$0.18B,12.80%,$1.38B,$0.18B,12.80%,$1.38B,$0.21B,15.33%,$1.38B,$0.16B,11.86%,$1.38B,$0.13B,9.26%,$0.13B,$1.02B,12.75%,$0.13B,$-0.06B,-188.24%,$0.13B,$1.78B,6.98%,$0.18B,$1.46B,11.85%,$325,$194,$132,$0,$97,$295,$31,$-4,$27,$-0,$27,$27,$6,$39,$31,$27,27,$0.22,$0.22,$17,$312,$0,$551,$136,$0,$1084,$2,$1224,$1775,$291,$433,$19,$459,$750,$3,$804,$-1,$1024,$1775,$6,$9,$30,$38,$22,$-24,$25,$-4,$-2,$42,$0,$-4,$0,$0,$0,$0,$-9,$-13,$-32,$0,$-32,$4,$4,$0,$-7,$-35,$-7,$3,$0
6,2017-02-28,97.7,$37.77,2.59,$50.22,1.95,$16.98,5.75,$5.05,19.35,$0.56B,$0.29B,1.92,$0.46B,$1.02B,0.45,$1.41B,$0.58B,41.39%,$1.41B,$0.17B,12.02%,$1.41B,$0.17B,12.02%,$1.41B,$0.21B,14.72%,$1.41B,$0.16B,11.10%,$1.41B,$0.14B,10.03%,$0.14B,$1.02B,14.28%,$0.14B,$0.08B,-141.00%,$0.14B,$1.81B,7.62%,$0.17B,$1.48B,11.20%,$246,$173,$73,$0,$31,$200,$46,$-3,$43,$3,$39,$39,$36,$49,$46,$28,28,$1.30,$1.29,$24,$281,$0,$556,$127,$0,$938,$1,$1257,$1813,$289,$461,$17,$503,$792,$3,$798,$1,$1021,$1813,$141,$37,$31,$68,$-7,$17,$6,$-3,$20,$229,$-15,$0,$-209,$0,$0,$0,$-5,$-230,$-133,$0,$-133,$-65,$-65,$0,$-3,$-201,$-203,$14,$0
7,2016-11-30,85.1,$36.31,2.34,$49.48,1.72,$15.25,5.58,$4.09,20.81,$0.62B,$0.33B,1.89,$0.54B,$0.98B,0.55,$1.39B,$0.56B,40.27%,$1.39B,$0.13B,8.97%,$1.39B,$0.13B,8.97%,$1.39B,$0.16B,11.63%,$1.39B,$0.11B,8.04%,$1.39B,$0.12B,8.26%,$0.12B,$0.98B,11.92%,$0.12B,$-0.15B,-90.02%,$0.12B,$1.89B,6.19%,$0.13B,$1.52B,8.22%,$444,$250,$194,$0,$131,$381,$63,$-4,$60,$2,$58,$58,$58,$75,$63,$27,28,$2.10,$2.07,$17,$301,$0,$620,$134,$0,$1130,$3,$1269,$1889,$328,$540,$22,$582,$909,$3,$762,$2,$980,$1889,$105,$34,$12,$46,$-66,$7,$29,$-6,$-12,$139,$0,$-15,$-209,$0,$0,$0,$0,$-224,$-56,$0,$-56,$-68,$-68,$0,$-1,$-124,$-209,$12,$0
8,2016-08-31,90.34,$35.58,2.54,$49.06,1.84,$12.39,7.29,$3.65,24.75,$0.58B,$0.30B,1.96,$0.52B,$0.99B,0.53,$1.40B,$0.55B,39.43%,$1.40B,$0.12B,8.46%,$1.40B,$0.12B,8.46%,$1.40B,$0.15B,11.04%,$1.40B,$0.11B,7.53%,$1.40B,$0.10B,7.46%,$0.10B,$0.99B,10.82%,$0.10B,$-0.15B,-115.24%,$0.10B,$1.86B,5.68%,$0.12B,$1.52B,7.89%,$368,$205,$163,$0,$125,$331,$37,$-4,$34,$5,$28,$28,$28,$49,$37,$28,28,$1.02,$1.00,$26,$317,$0,$580,$134,$0,$1137,$2,$1275,$1856,$296,$524,$21,$567,$864,$3,$775,$1,$992,$1856,$47,$23,$11,$34,$2,$-9,$25,$-8,$5,$86,$0,$-10,$-209,$0,$0,$0,$0,$-219,$-72,$0,$-72,$6,$6,$0,$-0,$-66,$-200,$9,$0
9,2016-05-31,102.83,$34.38,2.99,$48.75,2.11,$10.95,9.39,$3.49,29.46,$0.56B,$0.28B,2.02,$0.56B,$0.96B,0.59,$1.40B,$0.54B,38.32%,$1.40B,$0.11B,8.09%,$1.40B,$0.11B,8.09%,$1.40B,$0.15B,10.67%,$1.40B,$0.10B,7.23%,$1.40B,$0.10B,7.16%,$0.10B,$0.96B,10.62%,$0.10B,$-0.19B,-143.37%,$0.10B,$1.84B,5.54%,$0.11B,$1.52B,7.75%,$348,$196,$152,$0,$122,$325,$23,$-4,$19,$0,$19,$19,$19,$34,$23,$28,28,$0.69,$0.68,$23,$319,$0,$560,$133,$0,$1143,$2,$1281,$1842,$277,$563,$21,$608,$885,$3,$747,$-0,$956,$1842,$19,$11,$10,$21,$21,$-11,$5,$-8,$2,$42,$-5,$0,$-209,$0,$0,$0,$0,$-214,$-33,$0,$-33,$3,$3,$0,$-0,$-30,$-203,$6,$0
10,2016-02-29,95.36,$33.53,2.84,$48.26,1.98,$10.85,8.79,$3.51,27.17,$0.76B,$0.27B,2.82,$0.60B,$0.93B,0.64,$1.39B,$0.53B,37.76%,$1.39B,$0.12B,8.40%,$1.39B,$0.12B,8.40%,$1.39B,$0.15B,10.91%,$1.39B,$0.11B,7.61%,$1.39B,$0.10B,7.25%,$0.10B,$0.93B,10.80%,$0.10B,$-0.03B,-286.52%,$0.10B,$1.85B,5.72%,$0.12B,$1.53B,8.27%,$233,$181,$52,$0,$47,$231,$2,$-2,$-1,$-2,$1,$1,$10,$4,$2,$28,29,$0.34,$0.35,$226,$302,$0,$755,$130,$0,$959,$2,$1094,$1849,$268,$597,$27,$651,$919,$3,$729,$1,$930,$1849,$101,$36,$37,$72,$-3,$-15,$4,$8,$13,$187,$-17,$0,$-43,$0,$0,$0,$-4,$-64,$191,$0,$191,$-88,$-88,$0,$-12,$91,$214,$7,$0
11,2015-11-30,103.41,$34.22,3.02,$53.18,1.94,$10.90,9.49,$4.57,22.63,$0.68B,$0.29B,2.31,$0.45B,$0.97B,0.47,$1.54B,$0.64B,41.55%,$1.54B,$0.16B,10.66%,$1.54B,$0.16B,10.66%,$1.54B,$0.21B,13.52%,$1.54B,$0.15B,9.95%,$1.54B,$0.13B,8.58%,$0.13B,$0.97B,14.21%,$0.13B,$0.00B,-338.46%,$0.13B,$1.78B,7.69%,$0.16B,$1.42B,12.04%,$446,$263,$183,$0,$127,$390,$56,$-3,$53,$6,$47,$47,$47,$67,$56,$28,29,$1.66,$1.63,$21,$339,$0,$680,$127,$0,$968,$6,$1102,$1782,$294,$451,$26,$521,$815,$3,$766,$2,$968,$1782,$92,$33,$6,$39,$-67,$-46,$24,$8,$-57,$74,$-12,$0,$-43,$0,$0,$0,$0,$-55,$42,$0,$42,$-39,$-39,$0,$-12,$-10,$9,$6,$0
12,2015-08-31,85.14,$32.44,2.62,$52.73,1.61,$10.79,7.89,$4.86,17.52,$0.63B,$0.31B,2.04,$0.46B,$0.91B,0.5,$1.53B,$0.64B,41.69%,$1.53B,$0.17B,11.32%,$1.53B,$0.17B,11.32%,$1.53B,$0.22B,14.20%,$1.53B,$0.16B,10.54%,$1.53B,$0.14B,9.16%,$0.14B,$0.91B,15.53%,$0.14B,$-0.06B,-222.22%,$0.14B,$1.75B,8.17%,$0.17B,$1.37B,13.89%,$369,$221,$148,$0,$116,$337,$32,$-3,$30,$5,$24,$24,$24,$44,$32,$28,29,$0.86,$0.84,$19,$348,$0,$634,$125,$0,$974,$12,$1113,$1747,$311,$456,$21,$525,$836,$3,$719,$0,$911,$1747,$45,$22,$1,$23,$-5,$-55,$45,$-3,$-16,$52,$-6,$0,$-43,$0,$0,$0,$0,$-49,$46,$0,$46,$-42,$-42,$0,$-0,$4,$7,$4,$0
13,2015-05-31,87.49,$32.59,2.68,$51.12,1.71,$9.69,9.03,$4.67,18.73,$0.57B,$0.27B,2.11,$0.42B,$0.93B,0.45,$1.48B,$0.62B,42.12%,$1.48B,$0.17B,11.22%,$1.48B,$0.17B,11.22%,$1.48B,$0.21B,14.06%,$1.48B,$0.15B,10.28%,$1.48B,$0.14B,9.13%,$0.14B,$0.93B,15.44%,$0.14B,$-0.05B,-154.73%,$0.14B,$1.69B,7.89%,$0.17B,$1.35B,14.72%,$345,$202,$143,$0,$114,$319,$27,$-3,$24,$3,$20,$20,$20,$37,$27,$29,29,$0.72,$0.70,$15,$299,$0,$566,$125,$0,$981,$13,$1121,$1687,$268,$415,$20,$487,$755,$3,$742,$0,$932,$1687,$20,$11,$4,$15,$13,$-6,$15,$-4,$3,$38,$-3,$0,$-43,$0,$0,$0,$0,$-45,$6,$0,$6,$5,$5,$0,$0,$11,$3,$2,$0
14,2015-02-28,76.62,$31.75,2.41,$49.77,1.54,$8.52,9.0,$4.52,16.95,$0.57B,$0.26B,2.16,$0.41B,$0.91B,0.46,$1.45B,$0.60B,41.49%,$1.45B,$0.16B,11.20%,$1.45B,$0.16B,11.20%,$1.45B,$0.20B,14.04%,$1.45B,$0.15B,10.24%,$1.45B,$0.13B,9.06%,$0.13B,$0.91B,15.66%,$0.13B,$-0.04B,-185.82%,$0.13B,$1.65B,7.88%,$0.16B,$1.32B,16.04%,$378,$213,$165,$0,$116,$329,$49,$-3,$46,$5,$41,$41,$41,$60,$49,$29,29,$1.42,$1.40,$12,$293,$0,$565,$126,$0,$948,$13,$1089,$1654,$262,$411,$23,$487,$749,$3,$722,$-0,$905,$1654,$131,$41,$13,$55,$-9,$2,$17,$5,$-7,$179,$-7,$0,$-196,$0,$0,$0,$0,$-202,$241,$0,$241,$-266,$-266,$0,$-9,$-35,$-58,$6,$0
15,2014-11-30,64.66,$30.22,2.14,$46.41,1.39,$6.08,10.64,$3.46,18.69,$0.67B,$0.73B,0.91,$0.09B,$0.86B,0.11,$1.38B,$0.56B,40.62%,$1.38B,$0.13B,9.41%,$1.38B,$0.13B,9.41%,$1.38B,$0.17B,12.24%,$1.38B,$0.12B,8.40%,$1.38B,$0.10B,7.31%,$0.10B,$0.86B,11.64%,$0.10B,$-0.10B,2525.00%,$0.10B,$1.76B,6.19%,$0.13B,$0.95B,13.51%,$436,$254,$181,$0,$116,$371,$65,$-4,$61,$6,$55,$55,$55,$76,$65,$28,29,$1.95,$1.92,$21,$319,$0,$669,$129,$0,$955,$11,$1095,$1764,$732,$94,$26,$173,$905,$3,$681,$0,$859,$1764,$91,$31,$11,$41,$-77,$-23,$19,$8,$-68,$63,$-5,$0,$-196,$0,$0,$0,$0,$-201,$363,$0,$363,$-268,$-268,$0,$-6,$88,$-49,$5,$0
16,2014-08-31,58.22,$28.23,2.06,$43.02,1.35,$5.66,10.28,$2.70,21.56,$0.64B,$0.77B,0.83,$0.09B,$0.80B,0.12,$1.33B,$0.53B,39.82%,$1.33B,$0.11B,8.60%,$1.33B,$0.11B,8.60%,$1.33B,$0.15B,11.39%,$1.33B,$0.10B,7.69%,$1.33B,$0.08B,6.33%,$0.08B,$0.80B,9.28%,$0.08B,$-0.16B,98.53%,$0.08B,$1.74B,5.32%,$0.11B,$0.90B,11.35%,$320,$186,$134,$0,$109,$295,$25,$-4,$21,$2,$19,$19,$19,$35,$25,$28,29,$0.66,$0.65,$25,$352,$0,$635,$131,$0,$961,$12,$1106,$1741,$769,$94,$22,$170,$939,$3,$626,$0,$802,$1741,$35,$19,$13,$32,$-4,$-56,$33,$2,$-49,$18,$-4,$0,$-196,$0,$0,$0,$0,$-200,$412,$0,$412,$-269,$-269,$0,$-7,$136,$-45,$3,$0
17,2014-05-31,57.96,$27.50,2.11,$41.80,1.39,$5.87,9.88,$2.77,20.92,$0.59B,$0.54B,1.08,$0.09B,$0.78B,0.12,$1.33B,$0.52B,39.02%,$1.33B,$0.12B,8.98%,$1.33B,$0.12B,8.98%,$1.33B,$0.16B,11.70%,$1.33B,$0.11B,8.23%,$1.33B,$0.09B,6.64%,$0.09B,$0.78B,9.29%,$0.09B,$0.02B,51.31%,$0.09B,$1.49B,5.77%,$0.12B,$0.87B,11.33%,$312,$192,$120,$0,$87,$289,$23,$-3,$20,$3,$16,$16,$16,$32,$23,$29,30,$0.56,$0.55,$29,$298,$0,$586,$128,$0,$761,$10,$901,$1488,$541,$94,$19,$166,$708,$3,$607,$-0,$780,$1488,$16,$9,$12,$20,$-4,$-9,$9,$-1,$-34,$3,$-2,$0,$0,$0,$0,$0,$0,$-2,$233,$0,$233,$-271,$-271,$0,$-4,$-42,$-41,$1,$0
18,2014-02-28,65.31,$31.90,2.05,$40.73,1.6,$6.76,9.67,$2.67,24.46,$0.62B,$0.33B,1.87,$0.10B,$1.03B,0.09,$1.32B,$0.52B,39.23%,$1.32B,$0.12B,8.88%,$1.32B,$0.12B,8.88%,$1.32B,$0.15B,11.53%,$1.32B,$0.11B,8.12%,$1.32B,$0.09B,6.53%,$0.09B,$1.03B,8.70%,$0.09B,$0.25B,41.90%,$0.09B,$1.53B,5.67%,$0.12B,$1.13B,10.55%,$313,$187,$126,$0,$109,$296,$17,$-2,$14,$3,$11,$11,$11,$26,$17,$32,32,$0.34,$0.33,$70,$289,$0,$615,$129,$0,$776,$11,$918,$1533,$329,$96,$22,$174,$504,$3,$846,$-1,$1029,$1533,$86,$35,$34,$69,$6,$-8,$4,$-1,$-1,$154,$-40,$0,$0,$0,$0,$0,$0,$-40,$-64,$0,$-64,$9,$9,$0,$-1,$-57,$57,$32,$0
19,2013-11-30,48.71,$31.50,1.55,$41.29,1.18,$5.53,8.81,$3.31,14.72,$0.63B,$0.36B,1.79,$0.11B,$1.01B,0.11,$1.33B,$0.52B,39.29%,$1.33B,$0.14B,10.52%,$1.33B,$0.14B,10.52%,$1.33B,$0.17B,13.07%,$1.33B,$0.13B,9.69%,$1.33B,$0.11B,8.04%,$0.11B,$1.01B,11.11%,$0.11B,$0.23B,62.48%,$0.11B,$1.56B,7.12%,$0.14B,$1.12B,12.75%,$381,$233,$148,$0,$98,$331,$49,$-3,$47,$9,$38,$38,$38,$58,$49,$32,32,$1.17,$1.16,$29,$290,$0,$634,$131,$0,$781,$11,$925,$1559,$355,$114,$25,$194,$549,$3,$836,$-2,$1010,$1559,$75,$26,$15,$41,$-61,$-9,$21,$-0,$-25,$91,$-39,$0,$0,$0,$0,$0,$0,$-39,$-42,$0,$-42,$4,$4,$0,$1,$-37,$16,$9,$0
20,2013-08-31,40.18,$30.30,1.33,$41.29,0.97,$4.67,8.6,$3.33,12.07,$0.59B,$0.36B,1.63,$0.11B,$0.97B,0.11,$1.33B,$0.52B,39.47%,$1.33B,$0.14B,10.42%,$1.33B,$0.14B,10.42%,$1.33B,$0.17B,12.98%,$1.33B,$0.13B,9.51%,$1.33B,$0.11B,8.08%,$0.11B,$0.97B,11.47%,$0.11B,$0.19B,80.30%,$0.11B,$1.52B,7.15%,$0.14B,$1.08B,12.74%,$319,$196,$123,$0,$93,$289,$30,$-2,$28,$5,$23,$23,$23,$39,$30,$32,32,$0.73,$0.72,$10,$307,$0,$588,$130,$0,$786,$11,$930,$1518,$361,$107,$24,$187,$547,$3,$798,$-2,$971,$1518,$38,$17,$14,$31,$-12,$-26,$37,$-5,$-11,$57,$-35,$0,$0,$0,$0,$0,$0,$-35,$-29,$0,$-29,$3,$3,$0,$1,$-25,$-3,$7,$0
21,2013-05-31,39.67,$29.54,1.34,$40.41,0.98,$4.31,9.2,$3.33,11.91,$0.54B,$0.27B,1.99,$0.17B,$0.94B,0.18,$1.29B,$0.52B,39.98%,$1.29B,$0.14B,10.75%,$1.29B,$0.14B,10.75%,$1.29B,$0.17B,13.38%,$1.29B,$0.13B,9.74%,$1.29B,$0.11B,8.28%,$0.11B,$0.94B,11.85%,$0.11B,$0.15B,112.34%,$0.11B,$1.46B,7.16%,$0.14B,$1.11B,12.98%,$305,$184,$120,$0,$87,$284,$21,$-3,$18,$3,$14,$14,$14,$29,$21,$32,32,$0.45,$0.45,$12,$288,$0,$540,$116,$0,$791,$11,$921,$1461,$271,$165,$24,$245,$516,$3,$775,$-2,$944,$1461,$14,$8,$15,$24,$13,$-8,$14,$-2,$9,$47,$-17,$0,$0,$0,$0,$0,$0,$-17,$-32,$0,$-32,$1,$1,$0,$0,$-31,$-1,$3,$0
22,2013-02-28,37.08,$29.08,1.28,$40.38,0.92,$3.67,10.11,$3.62,10.24,$0.55B,$0.31B,1.77,$0.16B,$0.93B,0.17,$1.29B,$0.52B,40.22%,$1.29B,$0.15B,11.57%,$1.29B,$0.15B,11.57%,$1.29B,$0.18B,14.29%,$1.29B,$0.14B,10.56%,$1.29B,$0.12B,9.01%,$0.12B,$0.93B,13.27%,$0.12B,$0.12B,200.87%,$0.12B,$1.47B,7.80%,$0.15B,$1.08B,14.27%,$326,$194,$132,$0,$92,$286,$40,$-4,$36,$5,$32,$32,$32,$48,$40,$32,32,$0.99,$0.98,$13,$281,$0,$545,$102,$0,$809,$16,$929,$1474,$309,$155,$26,$239,$547,$3,$762,$-3,$927,$1474,$116,$35,$-6,$30,$-25,$-35,$3,$-2,$-58,$88,$-15,$0,$0,$0,$0,$0,$1,$-14,$-92,$0,$-92,$9,$9,$0,$1,$-83,$-9,$6,$0
23,2012-11-30,30.86,$28.04,1.1,$39.44,0.78,$4.23,7.3,$3.56,8.67,$0.61B,$0.39B,1.56,$0.18B,$0.89B,0.2,$1.26B,$0.51B,40.53%,$1.26B,$0.15B,11.62%,$1.26B,$0.15B,11.62%,$1.26B,$0.18B,14.49%,$1.26B,$0.13B,10.59%,$1.26B,$0.11B,9.00%,$0.11B,$0.89B,13.43%,$0.11B,$0.08B,565.00%,$0.11B,$1.53B,7.65%,$0.15B,$1.07B,14.36%,$375,$226,$148,$0,$101,$328,$47,$-3,$44,$6,$38,$38,$38,$56,$47,$32,32,$1.19,$1.18,$16,$306,$0,$606,$97,$0,$813,$16,$929,$1534,$389,$175,$27,$255,$644,$3,$730,$-4,$890,$1534,$84,$27,$-6,$20,$-63,$-60,$16,$-1,$-80,$24,$0,$-6,$0,$0,$0,$0,$1,$-6,$-31,$0,$-31,$6,$6,$0,$1,$-24,$-6,$4,$0
24,2012-08-31,31.44,$26.81,1.17,$38.43,0.82,$5.29,5.95,$3.42,9.19,$0.57B,$0.40B,1.43,$0.18B,$0.85B,0.21,$1.22B,$0.49B,40.49%,$1.22B,$0.14B,11.56%,$1.22B,$0.14B,11.56%,$1.22B,$0.18B,14.34%,$1.22B,$0.13B,10.49%,$1.22B,$0.11B,8.85%,$0.11B,$0.85B,13.33%,$0.11B,$0.03B,400.00%,$0.11B,$1.51B,7.61%,$0.14B,$1.03B,14.31%,$287,$170,$117,$0,$86,$257,$31,$-3,$28,$5,$23,$23,$23,$40,$31,$32,32,$0.72,$0.72,$22,$319,$0,$574,$100,$0,$819,$16,$935,$1509,$401,$175,$23,$256,$657,$3,$694,$-5,$852,$1509,$46,$18,$-2,$16,$-13,$-72,$37,$-1,$-51,$11,$0,$-6,$0,$0,$0,$0,$1,$-5,$-13,$0,$-13,$7,$7,$0,$0,$-6,$-0,$3,$0
25,2012-05-31,31.48,$26.08,1.21,$38.14,0.83,$5.92,5.32,$3.44,9.15,$0.49B,$0.35B,1.41,$0.18B,$0.83B,0.21,$1.21B,$0.49B,40.41%,$1.21B,$0.14B,11.57%,$1.21B,$0.14B,11.57%,$1.21B,$0.17B,14.21%,$1.21B,$0.13B,10.41%,$1.21B,$0.11B,9.01%,$0.11B,$0.83B,14.00%,$0.11B,$0.00B,294.59%,$0.11B,$1.43B,8.00%,$0.14B,$1.00B,14.68%,$300,$179,$121,$0,$90,$269,$31,$-3,$28,$4,$23,$23,$23,$40,$31,$32,32,$0.74,$0.74,$21,$260,$0,$492,$101,$0,$824,$16,$941,$1433,$349,$175,$24,$257,$606,$3,$671,$-4,$827,$1433,$23,$9,$-0,$9,$7,$-14,$3,$-1,$-23,$9,$0,$-3,$0,$0,$0,$0,$1,$-3,$-13,$0,$-13,$6,$6,$0,$0,$-7,$-1,$2,$0
26,2012-02-29,32.5,$25.15,1.29,$37.29,0.87,$5.78,5.63,$3.48,9.34,$0.49B,$0.38B,1.29,$0.18B,$0.80B,0.22,$1.18B,$0.48B,40.47%,$1.18B,$0.14B,11.85%,$1.18B,$0.14B,11.85%,$1.18B,$0.17B,14.39%,$1.18B,$0.13B,10.58%,$1.18B,$0.11B,9.40%,$0.11B,$0.80B,14.81%,$0.11B,$-0.03B,222.00%,$0.11B,$1.44B,8.44%,$0.14B,$0.97B,15.13%,$294,$171,$123,$0,$87,$257,$37,$-3,$33,$4,$29,$29,$29,$46,$37,$31,32,$0.93,$0.92,$22,$246,$0,$489,$101,$0,$830,$16,$947,$1436,$379,$175,$25,$260,$639,$3,$648,$-6,$797,$1436,$110,$30,$9,$39,$-7,$-29,$-3,$-2,$-45,$104,$-14,$0,$-160,$0,$22,$22,$-1,$-152,$47,$0,$47,$9,$9,$0,$-13,$43,$-5,$3,$0
27,2011-11-30,29.87,$24.18,1.24,$35.58,0.84,$5.57,5.36,$3.33,8.97,$0.54B,$0.31B,1.74,$0.18B,$0.76B,0.23,$1.12B,$0.46B,40.84%,$1.12B,$0.13B,11.83%,$1.12B,$0.13B,11.83%,$1.12B,$0.16B,14.23%,$1.12B,$0.12B,10.59%,$1.12B,$0.11B,9.43%,$0.11B,$0.76B,14.69%,$0.11B,$0.11B,164.34%,$0.11B,$1.30B,8.37%,$0.13B,$0.94B,14.81%,$339,$206,$133,$0,$91,$297,$42,$-3,$39,$6,$33,$33,$33,$49,$42,$32,32,$1.04,$1.04,$35,$252,$0,$540,$87,$0,$659,$14,$761,$1301,$311,$175,$23,$226,$537,$3,$619,$-6,$764,$1301,$81,$21,$8,$30,$-41,$-35,$23,$-1,$-54,$56,$2,$-11,$0,$0,$22,$22,$0,$13,$-54,$0,$-54,$6,$6,$0,$-12,$-61,$8,$2,$0
28,2011-08-31,30.02,$22.98,1.31,$31.43,0.96,$4.83,6.22,$3.15,9.53,$0.53B,$0.34B,1.55,$0.18B,$0.73B,0.24,$0.99B,$0.42B,42.32%,$0.99B,$0.12B,12.42%,$0.99B,$0.12B,12.42%,$0.99B,$0.15B,14.85%,$0.99B,$0.11B,11.11%,$0.99B,$0.10B,10.10%,$0.10B,$0.73B,14.39%,$0.10B,$0.07B,102.83%,$0.10B,$1.28B,8.54%,$0.12B,$0.90B,14.52%,$277,$165,$112,$0,$82,$247,$30,$-4,$26,$3,$24,$24,$24,$37,$30,$31,32,$0.75,$0.74,$44,$258,$0,$528,$85,$0,$652,$15,$755,$1283,$342,$175,$15,$216,$557,$3,$586,$-7,$726,$1283,$48,$14,$5,$19,$-12,$-40,$31,$-4,$-38,$29,$1,$-7,$0,$0,$3,$3,$0,$-2,$-19,$0,$-19,$3,$3,$0,$-13,$-29,$-2,$1,$0
29,2011-05-31,32.39,$23.02,1.41,$28.28,1.15,$4.24,7.64,$3.16,10.25,$0.47B,$0.32B,1.47,$0.18B,$0.71B,0.25,$0.89B,$0.39B,43.58%,$0.89B,$0.12B,13.63%,$0.89B,$0.12B,13.63%,$0.89B,$0.14B,15.99%,$0.89B,$0.11B,12.39%,$0.89B,$0.10B,11.15%,$0.10B,$0.71B,14.78%,$0.10B,$0.06B,76.01%,$0.10B,$1.24B,9.22%,$0.12B,$0.89B,15.16%,$271,$162,$110,$0,$79,$241,$31,$-3,$27,$3,$25,$25,$25,$38,$31,$31,32,$0.80,$0.78,$17,$228,$0,$467,$82,$0,$656,$34,$772,$1239,$317,$178,$14,$212,$528,$3,$585,$-9,$711,$1239,$25,$7,$2,$9,$-9,$-11,$4,$-3,$-29,$4,$0,$-2,$0,$0,$3,$3,$0,$1,$-18,$0,$-18,$1,$1,$0,$0,$-17,$-11,$0,$0
30,2011-02-28,27.93,$22.23,1.26,$24.82,1.13,$4.25,6.57,$2.97,9.4,$0.46B,$0.34B,1.36,$0.18B,$0.69B,0.26,$0.78B,$0.35B,44.92%,$0.78B,$0.11B,14.54%,$0.78B,$0.11B,14.54%,$0.78B,$0.13B,16.86%,$0.78B,$0.10B,13.38%,$0.78B,$0.09B,11.84%,$0.09B,$0.69B,14.29%,$0.09B,$0.03B,56.79%,$0.09B,$1.24B,9.42%,$0.11B,$0.86B,14.87%,$237,$133,$104,$0,$72,$207,$30,$-3,$27,$2,$24,$24,$24,$36,$30,$31,31,$0.79,$0.78,$28,$217,$0,$460,$82,$0,$661,$37,$780,$1241,$339,$178,$15,$216,$555,$3,$560,$-8,$686,$1241,$93,$19,$7,$26,$-0,$-26,$-8,$-1,$-32,$87,$-5,$0,$-336,$0,$0,$0,$0,$-340,$168,$0,$168,$6,$6,$0,$-4,$170,$-83,$2,$0
31,2010-11-30,23.62,$21.40,1.1,$22.18,1.07,$6.53,3.62,$2.74,8.62,$0.39B,$0.17B,2.26,$0.08B,$0.66B,0.12,$0.69B,$0.31B,45.23%,$0.69B,$0.10B,15.03%,$0.69B,$0.10B,15.03%,$0.69B,$0.12B,17.20%,$0.69B,$0.10B,13.87%,$0.69B,$0.09B,12.28%,$0.09B,$0.66B,13.75%,$0.09B,$0.24B,40.28%,$0.09B,$0.92B,9.72%,$0.10B,$0.73B,14.39%,$205,$112,$93,$0,$61,$173,$32,$-2,$30,$3,$27,$27,$27,$36,$32,$31,31,$0.88,$0.86,$71,$152,$1,$394,$79,$0,$420,$31,$530,$923,$174,$78,$14,$93,$267,$3,$536,$-8,$656,$923,$69,$12,$2,$14,$-34,$-23,$-1,$-2,$-50,$34,$0,$-3,$-69,$0,$0,$0,$0,$-72,$-3,$0,$-3,$1,$1,$0,$0,$-2,$-40,$2,$0
32,2010-08-31,22.26,$20.49,1.09,$21.73,1.02,$8.61,2.58,$2.68,8.3,$0.36B,$0.17B,2.11,$0.08B,$0.63B,0.12,$0.68B,$0.30B,44.97%,$0.68B,$0.10B,15.09%,$0.68B,$0.10B,15.09%,$0.68B,$0.12B,17.16%,$0.68B,$0.09B,13.91%,$0.68B,$0.08B,12.28%,$0.08B,$0.63B,13.95%,$0.08B,$0.21B,41.14%,$0.08B,$0.89B,9.76%,$0.10B,$0.71B,14.31%,$175,$95,$80,$0,$53,$147,$28,$-2,$26,$2,$23,$23,$23,$32,$28,$31,31,$0.77,$0.75,$49,$168,$1,$357,$80,$0,$422,$31,$533,$890,$169,$78,$14,$93,$262,$3,$509,$-9,$627,$890,$42,$8,$1,$9,$-4,$-39,$8,$-3,$-39,$12,$0,$-2,$-69,$0,$0,$0,$0,$-71,$-3,$0,$-3,$1,$1,$0,$0,$-2,$-61,$1,$0
33,2010-05-31,25.76,$19.77,1.3,$21.37,1.21,$9.87,2.61,$2.44,10.56,$0.32B,$0.10B,3.13,$0.13B,$0.61B,0.22,$0.66B,$0.29B,44.19%,$0.66B,$0.09B,14.18%,$0.66B,$0.09B,14.18%,$0.66B,$0.11B,16.29%,$0.66B,$0.09B,12.97%,$0.66B,$0.08B,11.46%,$0.08B,$0.61B,13.26%,$0.08B,$0.18B,39.18%,$0.08B,$0.85B,9.23%,$0.09B,$0.74B,13.35%,$160,$88,$72,$0,$49,$137,$23,$-2,$21,$2,$18,$18,$18,$27,$23,$31,31,$0.60,$0.59,$48,$135,$2,$315,$81,$0,$424,$31,$536,$851,$101,$131,$12,$144,$245,$3,$487,$-7,$606,$851,$18,$4,$2,$6,$3,$-6,$-2,$-3,$-19,$5,$0,$-1,$-69,$0,$0,$0,$0,$-70,$0,$0,$0,$2,$2,$0,$0,$2,$-63,$0,$0
34,2010-02-28,24.17,$19.10,1.27,$20.97,1.15,$10.06,2.4,$2.32,10.42,$0.36B,$0.11B,3.41,$0.13B,$0.58B,0.22,$0.65B,$0.28B,43.28%,$0.65B,$0.09B,13.91%,$0.65B,$0.09B,13.91%,$0.65B,$0.10B,16.07%,$0.65B,$0.08B,12.52%,$0.65B,$0.07B,11.28%,$0.07B,$0.58B,13.22%,$0.07B,$0.22B,39.09%,$0.07B,$0.84B,8.94%,$0.09B,$0.72B,13.16%,$152,$84,$68,$0,$48,$132,$21,$-2,$19,$2,$17,$17,$17,$24,$21,$30,31,$0.55,$0.54,$110,$124,$1,$359,$82,$0,$363,$30,$475,$835,$105,$131,$13,$146,$251,$3,$469,$-9,$584,$835,$72,$15,$6,$21,$-7,$46,$1,$-0,$59,$152,$0,$-8,$-60,$0,$1,$1,$0,$-66,$-78,$0,$-78,$7,$7,$0,$-7,$-78,$8,$2,$0
35,2009-11-30,20.55,$18.47,1.11,$20.64,1.0,$5.95,3.45,$-1.15,0.0,$0.35B,$0.12B,2.99,$0.13B,$0.56B,0.23,$0.63B,$0.27B,41.96%,$0.63B,$-0.02B,-2.52%,$0.63B,$-0.02B,-2.52%,$0.63B,$-0.00B,-0.16%,$0.63B,$-0.03B,-4.10%,$0.63B,$-0.03B,-5.05%,$-0.03B,$0.56B,-6.00%,$-0.03B,$0.20B,-17.66%,$-0.03B,$0.83B,-3.93%,$-0.02B,$0.69B,-2.40%,$189,$106,$84,$0,$54,$160,$30,$-2,$28,$3,$25,$25,$25,$33,$30,$30,31,$0.81,$0.80,$59,$130,$0,$352,$80,$0,$365,$30,$474,$826,$118,$131,$14,$145,$263,$3,$452,$-10,$563,$826,$55,$11,$5,$16,$-42,$40,$4,$-2,$27,$98,$0,$-3,$-60,$0,$1,$1,$0,$-62,$-78,$0,$-78,$6,$6,$0,$-7,$-80,$-44,$1,$0
36,2009-08-31,21.62,$17.91,1.21,$20.49,1.06,$2.98,7.26,$-1.47,0.0,$0.30B,$0.10B,2.92,$0.13B,$0.54B,0.24,$0.63B,$0.26B,40.57%,$0.63B,$-0.03B,-4.12%,$0.63B,$-0.03B,-4.12%,$0.63B,$-0.01B,-1.58%,$0.63B,$-0.04B,-5.86%,$0.63B,$-0.04B,-6.66%,$-0.04B,$0.54B,-7.74%,$-0.04B,$0.17B,-23.50%,$-0.04B,$0.78B,-4.98%,$-0.03B,$0.67B,-3.85%,$162,$93,$69,$0,$48,$142,$20,$-2,$18,$2,$16,$16,$16,$24,$20,$30,31,$0.53,$0.51,$13,$154,$0,$304,$80,$0,$366,$30,$476,$780,$104,$131,$5,$136,$240,$3,$435,$-10,$540,$780,$30,$8,$4,$12,$-13,$16,$0,$-1,$9,$51,$0,$-2,$-60,$0,$1,$1,$0,$-60,$-78,$0,$-78,$0,$0,$0,$-3,$-80,$-90,$1,$0
37,2009-05-31,19.33,$17.35,1.11,$20.16,0.96,$1.13,17.13,$-1.64,0.0,$0.35B,$0.17B,2.08,$0.13B,$0.52B,0.26,$0.62B,$0.25B,40.45%,$0.62B,$-0.03B,-4.98%,$0.62B,$-0.03B,-4.98%,$0.62B,$-0.02B,-2.57%,$0.62B,$-0.04B,-6.90%,$0.62B,$-0.05B,-7.54%,$-0.05B,$0.52B,-8.48%,$-0.05B,$0.15B,-26.07%,$-0.05B,$0.83B,-5.36%,$-0.03B,$0.66B,-4.51%,$144,$85,$59,$0,$39,$125,$19,$-3,$16,$2,$15,$15,$15,$23,$19,$30,31,$0.49,$0.47,$50,$168,$0,$345,$82,$19,$369,$10,$480,$825,$166,$134,$4,$138,$304,$3,$419,$-11,$522,$825,$15,$4,$2,$6,$-2,$1,$-4,$-1,$-10,$10,$0,$-1,$-60,$0,$0,$0,$0,$-61,$0,$0,$0,$-0,$-0,$0,$-3,$-3,$-53,$0,$0
38,2009-02-28,10.04,$17.03,0.59,$20.13,0.5,$0.22,45.27,$-1.93,0.0,$0.40B,$0.16B,2.42,$0.13B,$0.51B,0.26,$0.62B,$0.26B,41.03%,$0.62B,$-0.04B,-6.41%,$0.62B,$-0.04B,-6.41%,$0.62B,$-0.03B,-4.17%,$0.62B,$-0.05B,-8.33%,$0.62B,$-0.06B,-8.97%,$-0.06B,$0.51B,-9.88%,$-0.06B,$0.20B,-30.43%,$-0.06B,$0.82B,-6.26%,$-0.04B,$0.64B,-5.55%,$139,$85,$54,$0,$39,$223,$-85,$-3,$-88,$0,$-88,$-88,$-88,$-81,$-85,$30,30,$-2.91,$-2.88,$103,$170,$1,$397,$84,$0,$310,$29,$425,$822,$164,$134,$15,$149,$313,$3,$410,$-10,$509,$822,$-57,$14,$117,$131,$-3,$-24,$-9,$3,$-52,$22,$3,$-6,$-5,$0,$40,$40,$0,$32,$-3,$0,$-3,$-6,$-6,$0,$-0,$-9,$45,$1,$0
39,2008-11-30,15.66,$19.86,0.79,$20.07,0.78,$3.04,5.14,$1.33,11.77,$0.42B,$0.21B,2.02,$0.13B,$0.60B,0.22,$0.63B,$0.27B,42.13%,$0.63B,$0.06B,9.22%,$0.63B,$0.06B,9.22%,$0.63B,$0.07B,11.45%,$0.63B,$0.05B,7.47%,$0.63B,$0.04B,6.68%,$0.04B,$0.60B,7.22%,$0.04B,$0.19B,24.35%,$0.04B,$0.95B,4.58%,$0.06B,$0.73B,7.68%,$186,$112,$74,$0,$54,$166,$20,$-3,$17,$2,$15,$15,$15,$24,$20,$30,31,$0.50,$0.48,$88,$172,$0,$423,$86,$20,$410,$9,$526,$949,$209,$134,$7,$141,$350,$3,$501,$-10,$599,$949,$31,$11,$13,$23,$-38,$-26,$9,$2,$-51,$3,$3,$-5,$-5,$0,$40,$40,$0,$33,$-3,$0,$-3,$-4,$-4,$0,$0,$-6,$30,$1,$0
40,2008-08-31,24.05,$19.39,1.24,$20.84,1.15,$4.83,4.97,$1.58,15.22,$0.36B,$0.18B,2.01,$0.13B,$0.59B,0.23,$0.65B,$0.28B,43.03%,$0.65B,$0.07B,10.26%,$0.65B,$0.07B,10.26%,$0.65B,$0.08B,12.40%,$0.65B,$0.06B,8.58%,$0.65B,$0.05B,7.66%,$0.05B,$0.59B,8.73%,$0.05B,$0.18B,30.86%,$0.05B,$0.91B,5.48%,$0.07B,$0.72B,8.76%,$154,$88,$65,$0,$50,$139,$15,$-3,$12,$2,$11,$11,$11,$18,$15,$30,31,$0.35,$0.34,$58,$166,$0,$364,$88,$45,$406,$10,$548,$912,$181,$134,$11,$145,$326,$3,$487,$-5,$586,$912,$16,$7,$12,$19,$-10,$-21,$-4,$0,$-44,$-9,$3,$-4,$0,$0,$16,$16,$0,$15,$-3,$0,$-3,$-2,$-2,$0,$0,$-5,$0,$1,$0
41,2008-05-31,17.87,$19.02,0.94,$20.80,0.86,$5.64,3.17,$1.80,9.93,$0.34B,$0.10B,3.53,$0.21B,$0.57B,0.37,$0.66B,$0.28B,43.23%,$0.66B,$0.07B,10.20%,$0.66B,$0.07B,10.20%,$0.66B,$0.08B,12.48%,$0.66B,$0.06B,8.52%,$0.66B,$0.06B,8.68%,$0.06B,$0.57B,10.14%,$0.06B,$0.17B,40.35%,$0.06B,$0.89B,6.25%,$0.07B,$0.79B,8.65%,$145,$82,$63,$0,$46,$135,$10,$-3,$7,$2,$6,$6,$6,$13,$10,$30,31,$0.18,$0.18,$50,$150,$0,$339,$91,$47,$407,$10,$554,$893,$96,$212,$10,$222,$318,$3,$476,$-6,$574,$893,$6,$3,$12,$16,$-12,$-5,$-9,$-2,$-40,$-19,$1,$-2,$0,$0,$15,$15,$0,$14,$0,$0,$0,$-3,$-3,$0,$0,$-3,$-8,$0,$0
42,2008-02-29,15.79,$18.71,0.84,$20.50,0.77,$6.36,2.48,$1.94,8.14,$0.40B,$0.12B,3.31,$0.21B,$0.57B,0.37,$0.65B,$0.28B,43.10%,$0.65B,$0.07B,10.89%,$0.65B,$0.07B,10.89%,$0.65B,$0.09B,13.34%,$0.65B,$0.06B,9.20%,$0.65B,$0.06B,9.36%,$0.06B,$0.57B,11.08%,$0.06B,$0.15B,51.05%,$0.06B,$0.91B,6.67%,$0.07B,$0.78B,9.22%,$144,$81,$63,$0,$50,$131,$13,$-2,$11,$1,$10,$10,$10,$17,$13,$31,32,$0.34,$0.32,$122,$145,$0,$396,$92,$0,$415,$9,$516,$912,$119,$212,$12,$224,$344,$3,$473,$-8,$568,$912,$62,$14,$6,$20,$17,$7,$5,$0,$28,$110,$6,$-8,$-37,$0,$-8,$-8,$-1,$-47,$-35,$0,$-35,$-1,$-1,$0,$-4,$-40,$22,$1,$0
43,2007-11-30,18.13,$18.33,0.99,$20.50,0.88,$5.60,3.24,$1.91,9.49,$0.42B,$0.15B,2.8,$0.21B,$0.56B,0.38,$0.65B,$0.28B,43.10%,$0.65B,$0.07B,11.04%,$0.65B,$0.07B,11.04%,$0.65B,$0.09B,13.34%,$0.65B,$0.06B,9.05%,$0.65B,$0.06B,9.36%,$0.06B,$0.56B,11.29%,$0.06B,$0.15B,57.14%,$0.06B,$0.94B,6.68%,$0.07B,$0.78B,9.39%,$210,$120,$90,$0,$59,$181,$29,$-3,$26,$4,$23,$23,$23,$33,$29,$31,31,$0.74,$0.73,$87,$146,$0,$417,$91,$0,$416,$10,$518,$935,$149,$212,$11,$223,$372,$3,$468,$-6,$563,$935,$51,$11,$2,$13,$-40,$6,$10,$-1,$-8,$56,$6,$-5,$-37,$0,$4,$4,$0,$-31,$-25,$0,$-25,$4,$4,$0,$-4,$-25,$-0,$1,$0
44,2007-08-31,22.65,$17.72,1.28,$20.50,1.1,$4.90,4.62,$1.90,11.92,$0.36B,$0.14B,2.52,$0.21B,$0.54B,0.39,$0.66B,$0.28B,43.05%,$0.66B,$0.07B,10.99%,$0.66B,$0.07B,10.99%,$0.66B,$0.09B,13.28%,$0.66B,$0.06B,8.85%,$0.66B,$0.06B,9.31%,$0.06B,$0.54B,11.54%,$0.06B,$0.10B,65.95%,$0.06B,$0.91B,6.68%,$0.07B,$0.76B,9.40%,$158,$90,$68,$0,$53,$142,$15,$-4,$12,$-6,$18,$18,$18,$19,$15,$31,32,$0.60,$0.56,$47,$168,$0,$358,$94,$0,$447,$11,$552,$910,$142,$212,$11,$224,$366,$3,$445,$-2,$544,$910,$28,$7,$1,$8,$1,$-16,$6,$-3,$-17,$19,$0,$-3,$-37,$0,$44,$44,$0,$5,$-25,$0,$-25,$-0,$-0,$0,$0,$-25,$-1,$1,$0
45,2007-05-31,27.3,$17.42,1.57,$20.30,1.34,$4.59,5.95,$1.69,16.15,$0.35B,$0.12B,2.84,$0.24B,$0.53B,0.45,$0.64B,$0.28B,43.63%,$0.64B,$0.07B,11.49%,$0.64B,$0.07B,11.49%,$0.64B,$0.09B,13.66%,$0.64B,$0.06B,9.01%,$0.64B,$0.05B,8.39%,$0.05B,$0.53B,10.47%,$0.05B,$0.08B,63.72%,$0.05B,$0.90B,5.94%,$0.07B,$0.77B,9.68%,$140,$80,$60,$0,$46,$126,$14,$-3,$11,$1,$10,$10,$10,$18,$14,$30,32,$0.33,$0.32,$60,$156,$0,$349,$95,$0,$447,$11,$554,$903,$123,$240,$11,$251,$375,$3,$435,$0,$528,$903,$10,$4,$1,$4,$12,$-4,$-3,$-5,$-10,$5,$0,$-1,$-37,$0,$26,$26,$0,$-12,$0,$0,$0,$1,$1,$0,$0,$1,$-6,$0,$0
46,2007-02-28,23.16,$17.41,1.33,$20.07,1.15,$4.48,5.16,$1.58,14.66,$0.37B,$0.14B,2.76,$0.24B,$0.53B,0.46,$0.63B,$0.28B,44.01%,$0.63B,$0.07B,11.20%,$0.63B,$0.07B,11.20%,$0.63B,$0.09B,13.41%,$0.63B,$0.05B,8.52%,$0.63B,$0.05B,8.04%,$0.05B,$0.53B,10.11%,$0.05B,$0.10B,65.81%,$0.05B,$0.91B,5.67%,$0.07B,$0.77B,9.37%,$144,$81,$63,$0,$50,$130,$14,$-4,$10,$1,$10,$10,$10,$17,$14,$30,32,$0.32,$0.30,$91,$144,$0,$373,$97,$0,$425,$11,$533,$906,$135,$240,$2,$244,$379,$3,$431,$-2,$527,$906,$50,$14,$-0,$14,$-8,$24,$8,$3,$26,$90,$1,$-7,$0,$0,$-56,$-56,$0,$-62,$-15,$0,$-15,$4,$4,$0,$0,$-11,$17,$1,$0
47,2006-11-30,23.63,$17.04,1.39,$19.79,1.19,$3.25,7.28,$1.49,15.86,$0.39B,$0.16B,2.51,$0.26B,$0.52B,0.5,$0.63B,$0.28B,44.48%,$0.63B,$0.07B,11.20%,$0.63B,$0.07B,11.20%,$0.63B,$0.09B,13.60%,$0.63B,$0.05B,8.48%,$0.63B,$0.05B,7.68%,$0.05B,$0.52B,9.77%,$0.05B,$0.09B,75.89%,$0.05B,$0.93B,5.41%,$0.07B,$0.77B,9.35%,$213,$122,$91,$0,$62,$184,$29,$-4,$25,$3,$23,$23,$23,$33,$29,$30,32,$0.76,$0.72,$59,$146,$0,$394,$98,$0,$426,$14,$538,$932,$157,$258,$2,$260,$416,$3,$421,$-3,$516,$932,$40,$11,$-2,$9,$-61,$22,$12,$3,$-10,$40,$1,$-6,$0,$51,$-61,$-10,$0,$-15,$3,$0,$3,$4,$4,$0,$0,$6,$31,$0,$0
