,Date,Stock Price,Book Value per Share,Price to Book Ratio,TTM Sales per Share,Price to Sales Ratio,TTM FCF per Share,Price to FCF Ratio,TTM Net EPS,PE Ratio,Current Assets,Current Liabilities,Current Ratio,Long Term Debt,Shareholder's Equity_x,Debt to Equity Ratio,TTM Revenue_x,TTM Gross Profit,Gross Margin,TTM Revenue_y,TTM Operating Income,Operating Margin,TTM Revenue_x,TTM EBIT,EBIT Margin,TTM Revenue_y,TTM EBITDA,EBITDA Margin,TTM Revenue_x,TTM Pre-Tax Income,Pre-Tax Margin,TTM Revenue_y,TTM Net Income_x,Net Margin,TTM Net Income_y,Shareholder's Equity_y,Return on Equity,TTM Net Income_x,Tangible Equity,Return on Tangible Equity,TTM Net Income_y,Total Assets,Return on Assets,TTM Net Income,LT Investments & Debt,Return on Investment,revenue,cost-goods-sold,gross-profit,research-development-expenses,selling-general-administrative-expenses,operating-expenses,operating-income,total-non-operating-income-expense,pre-tax-income,total-provision-income-taxes,income-after-taxes,income-from-continuous-operations,net-income,ebitda,ebit,basic-shares-outstanding,shares-outstanding,eps-basic-net-earnings-per-share,eps-earnings-per-share-diluted,cash-on-hand,inventory,other-current-assets,total-current-assets,net-property-plant-equipment,long-term-investments,goodwill-intangible-assets-total,other-long-term-assets,total-long-term-assets,total-assets,total-current-liabilities,long-term-debt,other-non-current-liabilities,total-long-term-liabilities,total-liabilities,common-stock-net,retained-earnings-accumulated-deficit,comprehensive-income,total-share-holder-equity,total-liabilities-share-holders-equity,net-income-loss,total-depreciation-amortization-cash-flow,other-non-cash-items,total-non-cash-items,change-in-accounts-receivable,change-in-inventories,change-in-accounts-payable,change-in-assets-liabilities,total-change-in-assets-liabilities,cash-flow-from-operating-activities,net-change-in-property-plant-equipment,net-change-in-intangible-assets,net-acquisitions-divestitures,net-change-in-short-term-investments,net-change-in-long-term-investments,net-change-in-investments-total,investing-activities-other,cash-flow-from-investing-activities,net-long-term-debt,net-current-debt,debt-issuance-retirement-net-total,net-common-equity-issued-repurchased,net-total-equity-issued-repurchased,total-common-preferred-stock-dividends-paid,financial-activities-other,cash-flow-from-financial-activities,net-cash-flow,stock-based-compensation,common-stock-dividends-paid
0,2018-09-30,31.46,$5.08,6.19,$5.40,5.83,$6.45,4.87,$2.21,14.24,$0.07B,$0.05B,1.46,$1.42B,$0.54B,2.65,$0.50B,$0.36B,71.77%,$0.50B,$0.25B,49.90%,$0.50B,$0.25B,49.90%,$0.50B,$0.35B,69.38%,$0.50B,$0.23B,44.93%,$0.50B,$0.22B,43.14%,$0.22B,$0.54B,40.13%,$0.22B,$0.15B,146.37%,$0.22B,$2.11B,10.20%,$0.25B,$1.95B,12.75%,$126,$36,$90,$0,$2,$63,$63,$-16,$47,$0,$47,$47,$45,$88,$63,$105,105,$0.43,$0.43,$6,$0,$0,$66,$1541,$84,$389,$27,$2041,$2107,$46,$1417,$61,$1526,$1571,$447,$0,$0,$536,$2107,$137,$76,$2,$78,$7,$0,$-3,$3,$2,$217,$-34,$0,$-7,$0,$0,$0,$1,$-40,$-91,$0,$-91,$115,$115,$-197,$-6,$-179,$-1,$2,$-197
1,2018-06-30,27.66,$5.30,5.22,$5.92,4.67,$7.01,3.95,$2.44,11.34,$0.06B,$0.05B,1.12,$1.40B,$0.56B,2.5,$0.49B,$0.35B,70.84%,$0.49B,$0.24B,49.28%,$0.49B,$0.24B,49.28%,$0.49B,$0.33B,68.38%,$0.49B,$0.22B,45.59%,$0.49B,$0.21B,43.94%,$0.21B,$0.56B,40.98%,$0.21B,$0.17B,145.08%,$0.21B,$2.12B,10.35%,$0.24B,$1.95B,12.59%,$119,$35,$84,$0,$3,$62,$57,$-15,$42,$0,$41,$41,$40,$82,$57,$105,105,$0.38,$0.38,$7,$0,$0,$60,$1552,$85,$392,$27,$2056,$2116,$54,$1396,$60,$1504,$1558,$468,$0,$0,$558,$2116,$90,$51,$2,$53,$14,$0,$2,$1,$18,$161,$-25,$0,$-7,$0,$0,$0,$0,$-31,$-112,$0,$-112,$115,$115,$-130,$-4,$-131,$-1,$2,$-130
2,2018-03-31,26.4,$5.54,4.76,$6.50,4.06,$7.18,3.68,$2.42,10.91,$0.07B,$0.05B,1.3,$1.39B,$0.58B,2.38,$0.48B,$0.34B,70.44%,$0.48B,$0.24B,49.27%,$0.48B,$0.24B,49.27%,$0.48B,$0.32B,67.92%,$0.48B,$0.22B,46.75%,$0.48B,$0.20B,41.30%,$0.20B,$0.58B,39.18%,$0.20B,$0.19B,134.93%,$0.20B,$2.14B,9.82%,$0.24B,$1.98B,12.72%,$129,$36,$93,$0,$3,$64,$64,$-16,$49,$0,$49,$49,$46,$90,$64,$104,104,$0.44,$0.44,$9,$0,$0,$68,$1561,$85,$394,$28,$2067,$2135,$52,$1391,$60,$1498,$1551,$493,$0,$0,$584,$2135,$49,$26,$1,$27,$8,$0,$2,$0,$5,$81,$-13,$0,$0,$0,$0,$0,$0,$-12,$-117,$0,$-117,$115,$115,$-63,$-2,$-67,$1,$1,$-63
3,2017-12-31,30.46,$4.78,6.38,$6.93,4.39,$7.09,4.29,$2.11,14.43,$0.07B,$0.06B,1.34,$1.51B,$0.49B,3.11,$0.45B,$0.32B,69.60%,$0.45B,$0.22B,49.12%,$0.45B,$0.22B,49.12%,$0.45B,$0.31B,67.18%,$0.45B,$0.20B,44.49%,$0.45B,$0.16B,35.02%,$0.16B,$0.49B,33.30%,$0.16B,$0.09B,114.80%,$0.16B,$2.15B,8.20%,$0.22B,$1.99B,12.49%,$129,$35,$94,$0,$5,$62,$67,$21,$88,$0,$88,$88,$86,$89,$67,$70,70,$1.13,$1.13,$8,$0,$0,$74,$1569,$85,$396,$29,$2080,$2154,$55,$1507,$59,$1614,$1669,$394,$0,$0,$485,$2154,$202,$82,$-20,$62,$-9,$0,$-11,$1,$-25,$238,$-44,$0,$0,$0,$0,$0,$-242,$-286,$251,$0,$251,$52,$52,$-235,$-17,$52,$4,$3,$-235
4,2017-09-30,30.73,$7.18,4.28,$6.97,4.41,$7.40,4.15,$1.55,19.82,$0.06B,$0.05B,1.1,$1.25B,$0.46B,2.7,$0.44B,$0.30B,68.49%,$0.44B,$0.21B,48.17%,$0.44B,$0.21B,48.17%,$0.44B,$0.29B,65.98%,$0.44B,$0.16B,35.84%,$0.44B,$0.10B,22.15%,$0.10B,$0.46B,20.45%,$0.10B,$0.14B,63.30%,$0.10B,$1.87B,5.18%,$0.21B,$1.71B,12.30%,$110,$36,$74,$0,$4,$59,$52,$-9,$43,$-0,$43,$43,$42,$72,$52,$64,64,$0.66,$0.66,$7,$0,$0,$60,$1307,$164,$318,$17,$1806,$1866,$54,$1245,$58,$1349,$1404,$371,$0,$0,$462,$1866,$114,$60,$14,$74,$0,$0,$-3,$3,$-11,$177,$-30,$0,$0,$0,$0,$0,$1,$-29,$-11,$0,$-11,$52,$52,$-172,$-15,$-145,$4,$2,$-172
5,2017-06-30,29.34,$7.46,3.93,$6.82,4.3,$7.30,4.02,$1.22,24.05,$0.06B,$0.05B,1.35,$1.24B,$0.48B,2.58,$0.42B,$0.29B,68.17%,$0.42B,$0.20B,47.03%,$0.42B,$0.20B,47.03%,$0.42B,$0.28B,65.56%,$0.42B,$0.14B,33.73%,$0.42B,$0.08B,17.81%,$0.08B,$0.48B,16.48%,$0.08B,$0.16B,56.71%,$0.08B,$1.87B,4.15%,$0.20B,$1.72B,11.98%,$109,$34,$75,$0,$3,$57,$52,$-10,$43,$0,$43,$43,$23,$73,$52,$64,64,$0.36,$0.36,$16,$0,$0,$64,$1312,$163,$320,$9,$1804,$1868,$48,$1237,$57,$1340,$1388,$387,$0,$0,$480,$1868,$71,$40,$14,$54,$6,$0,$-9,$1,$-11,$114,$-20,$0,$0,$0,$0,$0,$2,$-18,$-20,$0,$-20,$53,$53,$-112,$-3,$-83,$13,$1,$-112
6,2017-03-31,31.69,$7.55,4.2,$6.73,4.71,$7.18,4.42,$1.31,24.19,$0.06B,$0.04B,1.32,$1.24B,$0.48B,2.57,$0.41B,$0.28B,68.30%,$0.41B,$0.19B,47.42%,$0.41B,$0.19B,47.42%,$0.41B,$0.27B,65.60%,$0.41B,$0.14B,34.15%,$0.41B,$0.08B,19.16%,$0.08B,$0.48B,18.02%,$0.08B,$0.16B,72.06%,$0.08B,$1.87B,4.47%,$0.19B,$1.72B,12.12%,$106,$32,$73,$0,$3,$54,$52,$-24,$28,$0,$28,$28,$8,$71,$52,$63,63,$0.13,$0.13,$7,$0,$0,$56,$1321,$162,$322,$9,$1814,$1870,$42,$1241,$58,$1345,$1387,$389,$0,$0,$483,$1870,$28,$20,$13,$32,$8,$0,$-11,$-0,$-17,$44,$-8,$0,$0,$0,$0,$0,$3,$-5,$-16,$0,$-16,$38,$38,$-55,$-2,$-35,$3,$0,$-55
7,2016-12-31,27.97,$7.51,3.72,$6.79,4.12,$7.11,3.93,$1.70,16.46,$0.06B,$0.07B,0.88,$1.24B,$0.47B,2.64,$0.40B,$0.28B,69.23%,$0.40B,$0.20B,48.64%,$0.40B,$0.20B,48.64%,$0.40B,$0.27B,66.50%,$0.40B,$0.16B,39.21%,$0.40B,$0.10B,25.06%,$0.10B,$0.47B,24.75%,$0.10B,$0.15B,123.17%,$0.10B,$1.88B,6.05%,$0.20B,$1.72B,12.87%,$113,$35,$78,$0,$4,$58,$55,$-12,$43,$0,$43,$43,$24,$73,$55,$60,60,$0.39,$0.39,$4,$0,$0,$57,$1328,$166,$323,$10,$1827,$1884,$65,$1244,$57,$1348,$1412,$378,$0,$0,$472,$1884,$158,$74,$1,$75,$-10,$0,$-0,$8,$11,$244,$-59,$0,$-44,$0,$-43,$-43,$3,$-143,$235,$0,$235,$122,$122,$-192,$-277,$-112,$-11,$4,$-192
8,2016-09-30,29.08,$6.48,4.48,$6.57,4.42,$7.33,3.97,$1.79,16.24,$0.05B,$0.05B,1.02,$1.07B,$0.39B,2.78,$0.39B,$0.27B,69.77%,$0.39B,$0.19B,49.35%,$0.39B,$0.19B,49.35%,$0.39B,$0.26B,66.93%,$0.39B,$0.16B,40.57%,$0.39B,$0.11B,27.39%,$0.11B,$0.39B,23.74%,$0.11B,$0.06B,89.08%,$0.11B,$1.60B,6.45%,$0.19B,$1.46B,12.71%,$93,$32,$61,$0,$3,$54,$39,$-10,$28,$0,$28,$28,$20,$59,$39,$59,59,$0.33,$0.33,$7,$0,$0,$48,$1054,$167,$325,$11,$1556,$1604,$47,$1071,$56,$1172,$1220,$290,$0,$-0,$385,$1604,$115,$55,$-1,$54,$4,$0,$-4,$5,$9,$178,$-48,$0,$0,$0,$-43,$-43,$-47,$-137,$62,$0,$62,$22,$22,$-139,$6,$-49,$-8,$0,$-139
9,2016-06-30,29.21,$6.61,4.42,$6.52,4.48,$6.56,4.45,$1.86,15.7,$0.06B,$0.05B,1.29,$1.08B,$0.39B,2.77,$0.38B,$0.27B,71.47%,$0.38B,$0.20B,51.31%,$0.38B,$0.20B,51.31%,$0.38B,$0.26B,68.59%,$0.38B,$0.17B,43.19%,$0.38B,$0.11B,28.80%,$0.11B,$0.39B,24.58%,$0.11B,$0.06B,93.02%,$0.11B,$1.62B,6.84%,$0.20B,$1.47B,13.30%,$95,$29,$66,$0,$3,$48,$47,$-8,$40,$0,$40,$40,$26,$64,$47,$59,59,$0.45,$0.45,$5,$0,$0,$60,$1054,$165,$327,$11,$1558,$1617,$46,$1083,$55,$1181,$1227,$296,$0,$-0,$391,$1617,$86,$35,$-0,$34,$-8,$0,$-3,$0,$-9,$111,$-33,$0,$0,$0,$-43,$-43,$-41,$-116,$74,$0,$74,$13,$13,$-91,$-1,$-5,$-10,$0,$-91
10,2016-03-31,28.04,$6.55,4.28,$6.33,4.43,$5.93,4.73,$1.75,16.02,$0.06B,$0.04B,1.6,$1.06B,$0.38B,2.76,$0.37B,$0.27B,71.62%,$0.37B,$0.19B,51.08%,$0.37B,$0.19B,51.08%,$0.37B,$0.26B,68.92%,$0.37B,$0.16B,42.43%,$0.37B,$0.10B,28.11%,$0.10B,$0.38B,23.19%,$0.10B,$0.06B,88.32%,$0.10B,$1.57B,6.66%,$0.19B,$1.45B,13.22%,$102,$28,$74,$0,$3,$47,$55,$-8,$47,$0,$47,$47,$31,$72,$55,$59,59,$0.52,$0.52,$9,$0,$0,$55,$1053,$124,$329,$12,$1517,$1573,$35,$1062,$52,$1154,$1188,$288,$0,$-0,$384,$1573,$47,$18,$-0,$17,$0,$0,$-7,$-6,$-17,$47,$-18,$0,$0,$0,$-24,$-24,$0,$-42,$53,$0,$53,$-1,$-1,$-45,$-19,$-11,$-6,$0,$-45
11,2015-12-31,25.26,$10.68,2.37,$6.12,4.13,$6.05,4.17,$1.60,15.79,$0.06B,$0.05B,1.25,$1.01B,$0.63B,1.61,$0.36B,$0.25B,70.67%,$0.36B,$0.18B,49.72%,$0.36B,$0.18B,49.72%,$0.36B,$0.24B,67.88%,$0.36B,$0.15B,40.78%,$0.36B,$0.10B,26.54%,$0.10B,$0.63B,20.91%,$0.10B,$0.30B,78.03%,$0.10B,$1.78B,6.24%,$0.18B,$1.64B,12.79%,$97,$28,$69,$0,$3,$48,$50,$-8,$42,$0,$42,$42,$29,$64,$50,$59,59,$0.49,$0.49,$15,$0,$0,$61,$1293,$79,$330,$14,$1717,$1778,$49,$1009,$55,$1103,$1151,$532,$0,$0,$626,$1778,$146,$65,$4,$69,$-0,$0,$4,$12,$17,$231,$-38,$0,$-154,$0,$-55,$-55,$0,$-247,$141,$0,$141,$-4,$-4,$-169,$59,$27,$12,$4,$-169
12,2015-09-30,23.17,$6.62,3.5,$5.97,3.88,$4.55,5.09,$1.44,16.09,$0.05B,$0.04B,1.39,$0.95B,$0.39B,2.45,$0.35B,$0.24B,68.48%,$0.35B,$0.17B,47.28%,$0.35B,$0.17B,47.28%,$0.35B,$0.23B,66.76%,$0.35B,$0.13B,38.11%,$0.35B,$0.09B,24.36%,$0.09B,$0.39B,20.72%,$0.09B,$0.06B,111.84%,$0.09B,$1.47B,5.91%,$0.17B,$1.34B,12.57%,$88,$24,$64,$0,$4,$44,$44,$-8,$36,$0,$36,$36,$24,$62,$44,$59,59,$0.40,$0.40,$11,$0,$0,$49,$991,$79,$332,$15,$1417,$1466,$36,$951,$54,$1042,$1077,$295,$0,$-1,$389,$1466,$104,$51,$-1,$50,$7,$0,$-4,$10,$12,$166,$-82,$0,$0,$0,$-55,$-55,$0,$-137,$83,$0,$83,$-0,$-0,$-125,$21,$-21,$8,$0,$-125
13,2015-06-30,27.56,$6.74,4.09,$5.86,4.7,$4.46,6.18,$1.39,19.83,$0.06B,$0.04B,1.31,$0.90B,$0.40B,2.28,$0.34B,$0.23B,67.64%,$0.34B,$0.16B,46.65%,$0.34B,$0.16B,46.65%,$0.34B,$0.23B,66.18%,$0.34B,$0.13B,37.32%,$0.34B,$0.08B,23.91%,$0.08B,$0.40B,19.51%,$0.08B,$0.06B,97.33%,$0.08B,$1.43B,5.78%,$0.16B,$1.30B,12.33%,$83,$25,$58,$0,$3,$43,$40,$-8,$32,$-0,$32,$32,$20,$57,$40,$59,59,$0.34,$0.34,$10,$0,$0,$55,$1001,$24,$334,$11,$1370,$1425,$42,$901,$51,$988,$1030,$302,$0,$-1,$395,$1425,$68,$33,$-0,$32,$1,$0,$1,$7,$10,$110,$-69,$0,$0,$0,$0,$0,$0,$-69,$33,$0,$33,$-0,$-0,$-83,$16,$-34,$8,$0,$-83
14,2015-03-31,24.25,$6.94,3.49,$5.72,4.24,$4.67,5.19,$1.30,18.65,$0.05B,$0.05B,1.11,$0.89B,$0.41B,2.19,$0.34B,$0.22B,66.87%,$0.34B,$0.15B,45.37%,$0.34B,$0.15B,45.37%,$0.34B,$0.22B,65.37%,$0.34B,$0.12B,35.82%,$0.34B,$0.08B,22.99%,$0.08B,$0.41B,17.86%,$0.08B,$0.07B,82.57%,$0.08B,$1.43B,5.47%,$0.15B,$1.30B,11.75%,$90,$28,$62,$0,$3,$46,$44,$-8,$36,$0,$36,$36,$22,$60,$44,$59,59,$0.37,$0.37,$6,$0,$0,$50,$1004,$24,$335,$11,$1375,$1425,$45,$891,$51,$972,$1017,$312,$0,$-1,$407,$1425,$36,$16,$-0,$16,$1,$0,$12,$1,$9,$61,$-24,$0,$-28,$0,$0,$0,$0,$-51,$23,$0,$23,$-0,$-0,$-41,$12,$-6,$3,$0,$-41
15,2014-12-31,22.69,$7.67,2.96,$5.67,4.0,$4.36,5.2,$1.20,18.91,$0.05B,$0.05B,0.99,$0.87B,$0.45B,1.93,$0.33B,$0.23B,68.07%,$0.33B,$0.15B,46.08%,$0.33B,$0.15B,46.08%,$0.33B,$0.22B,66.57%,$0.33B,$0.11B,33.73%,$0.33B,$0.07B,21.39%,$0.07B,$0.45B,16.01%,$0.07B,$0.11B,68.60%,$0.07B,$1.44B,5.08%,$0.15B,$1.32B,11.85%,$88,$33,$55,$0,$3,$52,$37,$-8,$29,$0,$29,$29,$19,$54,$37,$59,59,$0.33,$0.33,$3,$0,$0,$47,$1019,$24,$337,$11,$1392,$1439,$48,$867,$45,$941,$989,$355,$0,$-0,$450,$1439,$112,$68,$8,$76,$-5,$0,$-1,$7,$-2,$185,$-80,$0,$-119,$0,$0,$0,$0,$-198,$52,$0,$52,$-4,$-4,$-155,$116,$10,$-4,$0,$-155
16,2014-09-30,27.18,$7.32,3.71,$5.50,4.94,$4.78,5.68,$1.06,25.65,$0.04B,$0.04B,1.04,$0.85B,$0.43B,1.98,$0.32B,$0.22B,68.94%,$0.32B,$0.15B,45.65%,$0.32B,$0.15B,45.65%,$0.32B,$0.22B,67.08%,$0.32B,$0.10B,31.99%,$0.32B,$0.06B,19.88%,$0.06B,$0.43B,14.29%,$0.06B,$0.09B,60.38%,$0.06B,$1.39B,4.63%,$0.15B,$1.28B,11.48%,$82,$25,$57,$0,$2,$43,$39,$-8,$31,$0,$31,$31,$21,$56,$39,$59,59,$0.35,$0.35,$2,$0,$0,$42,$972,$25,$339,$9,$1344,$1386,$41,$851,$38,$916,$957,$333,$0,$0,$429,$1386,$83,$51,$8,$59,$-1,$0,$-4,$4,$-5,$137,$-58,$0,$0,$0,$0,$0,$0,$-58,$36,$0,$36,$-1,$-1,$-115,$-3,$-83,$-5,$0,$-115
17,2014-06-30,25.3,$7.48,3.38,$5.42,4.66,$5.10,4.96,$0.96,26.35,$0.04B,$0.04B,1.0,$0.84B,$0.44B,1.91,$0.32B,$0.22B,69.50%,$0.32B,$0.14B,44.65%,$0.32B,$0.14B,44.65%,$0.32B,$0.22B,67.61%,$0.32B,$0.10B,29.87%,$0.32B,$0.06B,18.24%,$0.06B,$0.44B,12.55%,$0.06B,$0.10B,48.95%,$0.06B,$1.39B,4.20%,$0.14B,$1.28B,11.06%,$75,$25,$50,$0,$3,$43,$32,$-8,$24,$0,$24,$24,$15,$49,$32,$59,59,$0.25,$0.25,$6,$0,$0,$44,$966,$25,$341,$9,$1341,$1385,$44,$839,$37,$902,$946,$342,$0,$-1,$439,$1385,$52,$34,$8,$42,$0,$0,$-3,$3,$-2,$92,$-39,$0,$0,$0,$0,$0,$0,$-38,$24,$0,$24,$-0,$-0,$-76,$-2,$-54,$-0,$0,$-76
18,2014-03-31,24.04,$7.77,3.09,$5.43,4.43,$5.33,4.51,$0.94,25.57,$0.04B,$0.03B,1.43,$0.83B,$0.46B,1.83,$0.32B,$0.22B,69.81%,$0.32B,$0.14B,44.97%,$0.32B,$0.14B,44.97%,$0.32B,$0.22B,67.61%,$0.32B,$0.09B,29.25%,$0.32B,$0.06B,17.61%,$0.06B,$0.46B,11.73%,$0.06B,$0.11B,42.26%,$0.06B,$1.38B,4.05%,$0.14B,$1.29B,11.09%,$87,$23,$64,$0,$3,$42,$45,$-18,$28,$0,$28,$28,$16,$62,$45,$59,59,$0.27,$0.27,$5,$0,$0,$43,$959,$25,$342,$10,$1336,$1379,$30,$834,$36,$893,$923,$357,$0,$-0,$456,$1379,$28,$17,$8,$25,$0,$0,$-1,$-5,$-13,$39,$-21,$0,$0,$0,$0,$0,$0,$-21,$19,$0,$19,$-0,$-0,$-37,$-1,$-20,$-1,$0,$-37
19,2013-12-31,23.07,$7.96,2.9,$5.25,4.4,$5.48,4.21,$0.88,26.22,$0.05B,$0.05B,0.87,$0.81B,$0.47B,1.73,$0.31B,$0.21B,67.54%,$0.31B,$0.13B,42.30%,$0.31B,$0.13B,42.30%,$0.31B,$0.20B,65.90%,$0.31B,$0.09B,28.20%,$0.31B,$0.05B,17.05%,$0.05B,$0.47B,10.57%,$0.05B,$0.12B,35.74%,$0.05B,$1.38B,3.75%,$0.13B,$1.28B,9.93%,$78,$27,$51,$0,$3,$47,$31,$-10,$20,$-0,$20,$20,$12,$49,$31,$58,58,$0.19,$0.19,$6,$0,$0,$45,$958,$25,$344,$11,$1338,$1383,$52,$808,$35,$864,$916,$370,$0,$-0,$467,$1383,$86,$72,$-2,$70,$4,$0,$7,$16,$27,$183,$-54,$0,$0,$0,$0,$0,$0,$-54,$-58,$0,$-58,$68,$68,$-139,$1,$-128,$1,$0,$-139
20,2013-09-30,23.24,$8.28,2.81,$5.37,4.32,$5.39,4.32,$1.06,21.92,$0.05B,$0.04B,1.46,$0.81B,$0.49B,1.67,$0.31B,$0.21B,68.83%,$0.31B,$0.14B,45.13%,$0.31B,$0.14B,45.13%,$0.31B,$0.21B,68.18%,$0.31B,$0.10B,30.84%,$0.31B,$0.06B,19.81%,$0.06B,$0.49B,12.49%,$0.06B,$0.14B,43.49%,$0.06B,$1.38B,4.39%,$0.14B,$1.30B,10.61%,$78,$22,$56,$0,$2,$44,$34,$-11,$23,$0,$23,$23,$15,$55,$34,$59,59,$0.25,$0.25,$11,$0,$0,$51,$951,$25,$346,$10,$1331,$1382,$35,$809,$32,$861,$897,$388,$0,$-1,$486,$1382,$66,$54,$-2,$52,$3,$0,$0,$12,$10,$128,$-31,$0,$0,$0,$0,$0,$0,$-31,$-56,$0,$-56,$70,$70,$-103,$-1,$-91,$6,$0,$-103
21,2013-06-30,26.4,$8.54,3.09,$5.36,4.93,$5.00,5.28,$1.15,22.95,$0.05B,$0.04B,1.28,$0.80B,$0.50B,1.6,$0.30B,$0.21B,68.09%,$0.30B,$0.14B,46.38%,$0.30B,$0.14B,46.38%,$0.30B,$0.21B,68.09%,$0.30B,$0.10B,31.58%,$0.30B,$0.06B,21.05%,$0.06B,$0.50B,13.31%,$0.06B,$0.15B,48.95%,$0.06B,$1.39B,4.61%,$0.14B,$1.30B,10.70%,$75,$25,$51,$0,$3,$43,$33,$-11,$22,$0,$21,$21,$13,$49,$33,$59,59,$0.23,$0.23,$9,$0,$0,$49,$954,$25,$348,$11,$1338,$1387,$38,$799,$30,$847,$886,$401,$0,$1,$501,$1387,$43,$33,$-2,$31,$3,$0,$-1,$6,$8,$82,$-15,$0,$0,$0,$0,$0,$0,$-15,$-66,$0,$-66,$70,$70,$-67,$-1,$-64,$3,$0,$-67
22,2013-03-31,27.47,$8.77,3.13,$5.33,5.15,$4.65,5.91,$1.24,22.24,$0.06B,$0.03B,2.22,$0.81B,$0.51B,1.58,$0.30B,$0.20B,68.12%,$0.30B,$0.14B,46.31%,$0.30B,$0.14B,46.31%,$0.30B,$0.21B,68.79%,$0.30B,$0.09B,31.21%,$0.30B,$0.07B,22.48%,$0.07B,$0.51B,15.45%,$0.07B,$0.17B,81.96%,$0.07B,$1.40B,5.22%,$0.14B,$1.33B,11.27%,$74,$26,$48,$0,$3,$43,$31,$-10,$21,$0,$21,$21,$12,$48,$31,$57,57,$0.21,$0.21,$18,$0,$0,$59,$956,$25,$349,$9,$1339,$1398,$26,$812,$30,$858,$884,$415,$0,$-3,$514,$1398,$21,$17,$-2,$15,$2,$0,$-2,$3,$-5,$31,$-4,$0,$0,$0,$0,$0,$0,$-4,$-53,$0,$-53,$71,$71,$-33,$1,$-14,$13,$0,$-33
23,2012-12-31,22.24,$7.98,2.79,$5.28,4.21,$4.31,5.16,$1.33,16.79,$0.05B,$0.04B,1.33,$0.87B,$0.45B,1.91,$0.29B,$0.20B,69.52%,$0.29B,$0.14B,47.60%,$0.29B,$0.14B,47.60%,$0.29B,$0.21B,70.55%,$0.29B,$0.09B,31.16%,$0.29B,$0.07B,24.32%,$0.07B,$0.45B,18.42%,$0.07B,$0.10B,223.62%,$0.07B,$1.39B,6.03%,$0.14B,$1.32B,12.38%,$81,$24,$57,$0,$2,$40,$41,$-12,$29,$0,$29,$29,$21,$58,$41,$56,56,$0.38,$0.38,$5,$0,$0,$48,$961,$25,$351,$10,$1347,$1394,$36,$865,$29,$906,$941,$357,$0,$-4,$453,$1394,$91,$68,$3,$71,$-4,$0,$-11,$12,$-1,$161,$-43,$0,$0,$0,$0,$0,$0,$-43,$256,$0,$256,$-5,$-5,$-123,$-248,$-120,$-1,$0,$-123
24,2012-09-30,22.16,$8.01,2.77,$5.33,4.16,$-0.17,0.0,$1.44,15.39,$0.05B,$0.03B,1.61,$0.87B,$0.46B,1.92,$0.28B,$0.19B,69.29%,$0.28B,$0.13B,47.14%,$0.28B,$0.13B,47.14%,$0.28B,$0.20B,70.00%,$0.28B,$0.09B,31.07%,$0.28B,$0.07B,26.07%,$0.07B,$0.46B,15.98%,$0.07B,$0.10B,72.10%,$0.07B,$1.38B,6.20%,$0.13B,$1.33B,11.69%,$74,$23,$51,$0,$1,$38,$36,$-12,$24,$0,$24,$24,$18,$52,$36,$57,57,$0.32,$0.32,$2,$0,$0,$49,$944,$25,$353,$9,$1331,$1380,$31,$874,$20,$894,$925,$361,$0,$-6,$455,$1380,$62,$51,$0,$51,$-5,$0,$-8,$10,$-5,$108,$-37,$0,$0,$0,$0,$0,$0,$-37,$268,$0,$268,$-5,$-5,$-91,$-247,$-76,$-4,$0,$-91
25,2012-06-30,18.61,$5.72,3.26,$5.13,3.63,$-3.30,0.0,$1.39,13.39,$0.04B,$0.03B,1.38,$0.61B,$0.31B,1.96,$0.26B,$0.18B,69.02%,$0.26B,$0.12B,46.27%,$0.26B,$0.12B,46.27%,$0.26B,$0.18B,69.02%,$0.26B,$0.08B,30.20%,$0.26B,$0.07B,26.67%,$0.07B,$0.31B,18.54%,$0.07B,$-0.04B,110.57%,$0.07B,$0.96B,6.82%,$0.12B,$0.93B,12.36%,$69,$22,$47,$0,$2,$39,$30,$-11,$19,$0,$19,$19,$16,$47,$30,$55,55,$0.29,$0.29,$4,$0,$0,$38,$533,$25,$355,$9,$922,$960,$27,$613,$6,$619,$647,$319,$0,$-6,$313,$960,$38,$34,$-0,$34,$-0,$0,$-7,$4,$-3,$70,$-26,$0,$0,$0,$0,$0,$0,$-26,$7,$0,$7,$-5,$-5,$-60,$12,$-46,$-2,$0,$-60
26,2012-03-31,19.77,$5.87,3.36,$5.03,3.93,$-3.56,0.0,$1.42,13.92,$0.05B,$0.05B,1.02,$0.60B,$0.32B,1.86,$0.24B,$0.17B,70.04%,$0.24B,$0.12B,48.52%,$0.24B,$0.12B,48.52%,$0.24B,$0.16B,69.20%,$0.24B,$0.08B,32.49%,$0.24B,$0.07B,28.27%,$0.07B,$0.32B,21.37%,$0.07B,$-0.04B,114.53%,$0.07B,$0.97B,7.28%,$0.12B,$0.92B,13.10%,$68,$20,$48,$0,$2,$37,$32,$-12,$19,$0,$19,$19,$16,$49,$32,$55,55,$0.30,$0.30,$12,$0,$0,$50,$534,$25,$356,$7,$923,$973,$49,$598,$5,$603,$651,$327,$0,$-6,$321,$973,$19,$17,$-0,$17,$-3,$0,$-6,$3,$-13,$24,$-17,$0,$0,$0,$0,$0,$0,$-17,$17,$0,$17,$-1,$-1,$-30,$14,$-0,$7,$0,$-30
27,2011-12-31,17.14,$13.48,1.27,$4.80,3.57,$-3.61,0.0,$1.39,12.38,$0.05B,$0.04B,1.16,$0.61B,$0.74B,0.82,$0.21B,$0.15B,70.09%,$0.21B,$0.11B,49.53%,$0.21B,$0.11B,49.53%,$0.21B,$0.15B,68.69%,$0.21B,$0.07B,34.11%,$0.21B,$0.06B,29.44%,$0.06B,$0.74B,24.30%,$0.06B,$0.38B,116.13%,$0.06B,$1.40B,7.50%,$0.11B,$1.34B,13.20%,$69,$21,$48,$0,$2,$35,$34,$-9,$25,$0,$25,$25,$23,$48,$34,$46,46,$0.48,$0.48,$6,$0,$0,$48,$960,$25,$358,$7,$1351,$1399,$42,$606,$9,$620,$662,$645,$0,$-6,$738,$1399,$73,$40,$0,$40,$-13,$0,$6,$-8,$-14,$99,$-206,$0,$0,$0,$0,$0,$0,$-206,$-36,$0,$-36,$74,$74,$-92,$159,$106,$-2,$0,$-92
28,2011-09-30,15.44,$2.15,7.18,$4.40,3.51,$-1.29,0.0,$1.24,12.45,$0.03B,$0.02B,1.39,$0.54B,$0.10B,5.63,$0.19B,$0.14B,70.62%,$0.19B,$0.10B,49.48%,$0.19B,$0.10B,49.48%,$0.19B,$0.13B,68.56%,$0.19B,$0.06B,32.99%,$0.19B,$0.05B,27.32%,$0.05B,$0.10B,51.96%,$0.05B,$-0.06B,-100.47%,$0.05B,$0.66B,8.14%,$0.10B,$0.63B,15.55%,$49,$16,$33,$0,$2,$27,$22,$-8,$14,$-0,$14,$14,$13,$32,$22,$44,44,$0.29,$0.29,$2,$0,$0,$27,$449,$25,$152,$4,$630,$658,$20,$535,$8,$543,$563,$102,$0,$-7,$95,$658,$47,$26,$0,$26,$-1,$0,$3,$-2,$-6,$67,$-150,$0,$0,$0,$0,$0,$0,$-150,$43,$0,$43,$-2,$-2,$-68,$120,$94,$11,$0,$-68
29,2011-06-30,16.76,$2.26,7.4,$4.35,3.86,$1.89,8.87,$1.25,13.46,$0.02B,$0.02B,0.91,$0.52B,$0.10B,5.19,$0.19B,$0.14B,71.35%,$0.19B,$0.10B,51.04%,$0.19B,$0.10B,51.04%,$0.19B,$0.13B,69.27%,$0.19B,$0.07B,34.38%,$0.19B,$0.05B,27.60%,$0.05B,$0.10B,50.00%,$0.05B,$-0.05B,-104.95%,$0.05B,$0.65B,8.21%,$0.10B,$0.62B,17.17%,$51,$14,$37,$0,$2,$24,$27,$-8,$19,$0,$19,$19,$15,$35,$27,$44,44,$0.35,$0.35,$1,$0,$0,$21,$446,$26,$154,$4,$630,$651,$23,$519,$9,$528,$551,$108,$0,$-8,$100,$651,$34,$16,$-0,$16,$4,$0,$-3,$-5,$-4,$46,$-23,$0,$0,$0,$0,$0,$0,$-23,$27,$0,$27,$-1,$-1,$-45,$-3,$-22,$1,$0,$-45
30,2011-03-31,17.63,$2.35,7.49,$4.22,4.18,$2.28,7.73,$1.14,15.47,$0.03B,$0.02B,1.06,$0.52B,$0.10B,4.96,$0.19B,$0.13B,70.97%,$0.19B,$0.09B,50.00%,$0.19B,$0.09B,50.00%,$0.19B,$0.13B,68.82%,$0.19B,$0.06B,32.26%,$0.19B,$0.05B,26.34%,$0.05B,$0.10B,44.14%,$0.05B,$-0.05B,-103.70%,$0.05B,$0.65B,7.61%,$0.09B,$0.62B,16.38%,$45,$13,$32,$0,$1,$22,$23,$-8,$15,$0,$15,$15,$12,$32,$23,$44,44,$0.27,$0.27,$2,$0,$0,$26,$441,$26,$156,$4,$627,$652,$24,$515,$10,$524,$548,$113,$0,$-9,$104,$652,$15,$8,$-0,$8,$-1,$0,$0,$-1,$-8,$15,$-11,$0,$0,$0,$0,$0,$0,$-11,$23,$0,$23,$-0,$-0,$-22,$-3,$-3,$1,$0,$-22
31,2010-12-31,15.25,$2.48,6.16,$4.12,3.7,$2.58,5.92,$1.06,14.46,$0.02B,$0.03B,0.75,$0.49B,$0.11B,4.5,$0.18B,$0.13B,70.33%,$0.18B,$0.09B,48.35%,$0.18B,$0.09B,48.35%,$0.18B,$0.12B,67.03%,$0.18B,$0.06B,30.77%,$0.18B,$0.05B,24.73%,$0.05B,$0.11B,38.63%,$0.05B,$-0.05B,-104.05%,$0.05B,$0.64B,6.96%,$0.09B,$0.60B,15.43%,$49,$15,$35,$0,$2,$26,$24,$-8,$16,$0,$16,$16,$13,$34,$24,$44,44,$0.29,$0.29,$0,$0,$0,$24,$435,$25,$158,$2,$620,$643,$31,$492,$11,$502,$534,$119,$0,$-10,$109,$643,$56,$35,$4,$39,$-4,$0,$4,$4,$10,$105,$-107,$0,$-36,$0,$0,$0,$0,$-142,$101,$0,$101,$-3,$-3,$-84,$22,$36,$-1,$0,$-84
32,2010-09-30,15.11,$2.51,6.01,$4.06,3.72,$3.58,4.22,$1.33,11.4,$0.02B,$0.18B,0.13,$0.33B,$0.11B,3.0,$0.17B,$0.12B,69.59%,$0.17B,$0.08B,46.78%,$0.17B,$0.08B,46.78%,$0.17B,$0.11B,65.50%,$0.17B,$0.05B,30.41%,$0.17B,$0.06B,33.33%,$0.06B,$0.11B,41.38%,$0.06B,$-0.05B,-237.50%,$0.06B,$0.64B,8.91%,$0.08B,$0.44B,14.12%,$47,$14,$33,$0,$2,$22,$24,$-8,$16,$0,$16,$16,$13,$32,$24,$44,44,$0.30,$0.30,$1,$0,$0,$23,$425,$26,$159,$2,$611,$635,$179,$333,$13,$345,$524,$123,$0,$-12,$111,$635,$40,$24,$4,$28,$-3,$0,$-0,$2,$-2,$66,$-8,$0,$-36,$0,$0,$0,$0,$-44,$99,$0,$99,$-2,$-2,$-63,$-58,$-24,$-2,$0,$-63
33,2010-06-30,12.69,$2.71,4.68,$4.10,3.09,$2.73,4.64,$1.42,8.94,$0.03B,$0.03B,1.01,$0.49B,$0.12B,4.07,$0.17B,$0.12B,70.30%,$0.17B,$0.08B,46.67%,$0.17B,$0.08B,46.67%,$0.17B,$0.11B,65.45%,$0.17B,$0.05B,31.52%,$0.17B,$0.06B,35.76%,$0.06B,$0.12B,47.29%,$0.06B,$-0.04B,-222.64%,$0.06B,$0.65B,9.66%,$0.08B,$0.61B,13.33%,$45,$13,$32,$0,$2,$23,$22,$-9,$13,$0,$13,$13,$11,$30,$22,$44,44,$0.24,$0.24,$3,$0,$0,$27,$430,$26,$161,$2,$619,$646,$27,$487,$12,$499,$526,$131,$0,$-11,$120,$646,$24,$16,$4,$20,$-4,$0,$0,$1,$1,$45,$-4,$0,$-39,$0,$0,$0,$0,$-44,$97,$0,$97,$-2,$-2,$-41,$-54,$-1,$0,$0,$-41
34,2010-03-31,12.1,$2.99,4.04,$4.14,2.92,$2.10,5.75,$1.59,7.61,$0.04B,$0.02B,1.93,$0.50B,$0.13B,3.98,$0.16B,$0.11B,70.25%,$0.16B,$0.07B,46.84%,$0.16B,$0.07B,46.84%,$0.16B,$0.10B,65.82%,$0.16B,$0.05B,34.18%,$0.16B,$0.06B,39.87%,$0.06B,$0.13B,56.63%,$0.06B,$-0.04B,-213.56%,$0.06B,$0.66B,10.95%,$0.07B,$0.63B,13.62%,$41,$13,$28,$0,$3,$23,$18,$-7,$11,$0,$11,$11,$8,$26,$18,$44,44,$0.18,$0.18,$17,$0,$0,$38,$432,$26,$163,$2,$623,$661,$19,$503,$11,$515,$534,$137,$0,$-11,$126,$661,$11,$8,$3,$11,$-2,$0,$0,$-0,$-3,$19,$-2,$0,$-37,$0,$0,$0,$0,$-39,$113,$0,$113,$-2,$-2,$-21,$-56,$35,$14,$0,$-21
35,2009-12-31,11.13,$4.39,2.53,$4.12,2.7,$1.69,6.57,$1.54,7.25,$0.02B,$0.02B,1.22,$0.39B,$0.19B,2.02,$0.15B,$0.10B,69.86%,$0.15B,$0.07B,46.58%,$0.15B,$0.07B,46.58%,$0.15B,$0.10B,65.75%,$0.15B,$0.05B,32.19%,$0.15B,$0.06B,40.41%,$0.06B,$0.19B,74.21%,$0.06B,$0.03B,-116.26%,$0.06B,$0.62B,11.18%,$0.07B,$0.59B,13.83%,$38,$12,$26,$0,$3,$22,$16,$-5,$12,$-0,$12,$12,$25,$24,$16,$37,37,$0.67,$0.67,$3,$0,$0,$24,$398,$26,$165,$4,$593,$617,$20,$391,$12,$403,$423,$203,$0,$-9,$194,$617,$66,$28,$-13,$15,$-4,$0,$-2,$-7,$-13,$68,$-33,$0,$-121,$0,$-26,$-26,$32,$-147,$6,$0,$6,$133,$133,$-61,$-1,$76,$-3,$0,$-61
36,2009-09-30,10.68,$1.59,6.7,$3.84,2.78,$1.39,7.71,$1.11,9.62,$0.02B,$0.02B,1.3,$0.43B,$0.06B,7.28,$0.13B,$0.09B,69.92%,$0.13B,$0.06B,45.86%,$0.13B,$0.06B,45.86%,$0.13B,$0.09B,66.17%,$0.13B,$0.04B,27.82%,$0.13B,$0.04B,30.08%,$0.04B,$0.06B,121.21%,$0.04B,$-0.06B,-46.24%,$0.04B,$0.52B,8.27%,$0.06B,$0.49B,13.97%,$41,$11,$30,$0,$2,$20,$21,$-6,$16,$0,$15,$15,$15,$28,$21,$37,37,$0.39,$0.39,$4,$0,$0,$21,$349,$27,$117,$5,$498,$519,$16,$430,$14,$444,$460,$58,$0,$-10,$59,$519,$38,$21,$0,$21,$-2,$0,$-3,$-8,$-14,$45,$-27,$0,$-46,$0,$-26,$-26,$0,$-99,$45,$0,$45,$58,$58,$-44,$-5,$53,$-1,$0,$-44
37,2009-06-30,8.5,$2.85,2.98,$3.65,2.33,$1.20,7.1,$0.90,9.5,$0.02B,$0.03B,0.74,$0.40B,$0.07B,6.13,$0.12B,$0.08B,66.39%,$0.12B,$0.05B,41.80%,$0.12B,$0.05B,41.80%,$0.12B,$0.08B,63.93%,$0.12B,$0.03B,22.95%,$0.12B,$0.03B,25.41%,$0.03B,$0.07B,136.26%,$0.03B,$-0.05B,-31.63%,$0.03B,$0.51B,6.72%,$0.05B,$0.47B,12.52%,$38,$11,$27,$0,$2,$19,$19,$-4,$15,$0,$15,$15,$15,$26,$19,$36,36,$0.41,$0.41,$4,$0,$0,$19,$337,$26,$119,$5,$487,$505,$25,$403,$11,$414,$439,$64,$0,$-9,$66,$505,$22,$14,$-0,$13,$1,$0,$1,$-5,$-3,$32,$-22,$0,$-34,$0,$-26,$-26,$0,$-82,$18,$0,$18,$58,$58,$-28,$0,$48,$-1,$0,$-28
38,2009-03-31,6.11,$-0.03,-195.98,$3.40,1.8,$1.01,6.06,$0.58,10.63,$0.02B,$0.03B,0.75,$0.43B,$-0.00B,-729.9,$0.11B,$0.07B,63.96%,$0.11B,$0.04B,36.94%,$0.11B,$0.04B,36.94%,$0.11B,$0.07B,61.26%,$0.11B,$0.02B,15.32%,$0.11B,$0.02B,17.12%,$0.02B,$-0.00B,152.00%,$0.02B,$-0.12B,-17.39%,$0.02B,$0.47B,4.29%,$0.04B,$0.42B,10.65%,$29,$10,$19,$0,$1,$18,$12,$-8,$4,$0,$4,$4,$4,$18,$12,$33,33,$0.13,$0.13,$4,$0,$0,$21,$296,$26,$121,$6,$449,$470,$28,$425,$18,$443,$470,$2,$0,$-13,$-1,$470,$5,$6,$1,$7,$-1,$0,$1,$0,$-3,$10,$-11,$0,$0,$0,$-26,$-26,$0,$-36,$40,$0,$40,$-1,$-1,$-14,$0,$26,$-1,$0,$-14
39,2008-12-31,5.43,$0.44,12.47,$3.34,1.62,$1.08,5.02,$0.67,8.16,$0.02B,$0.06B,0.35,$0.36B,$0.01B,43.82,$0.11B,$0.07B,64.22%,$0.11B,$0.04B,37.61%,$0.11B,$0.04B,37.61%,$0.11B,$0.07B,60.55%,$0.11B,$0.02B,19.27%,$0.11B,$0.02B,20.18%,$0.02B,$0.01B,112.82%,$0.02B,$-0.11B,-21.26%,$0.02B,$0.44B,5.09%,$0.04B,$0.36B,10.93%,$25,$8,$17,$0,$2,$16,$9,$-8,$2,$0,$2,$2,$6,$16,$9,$33,33,$0.19,$0.19,$4,$0,$0,$20,$258,$0,$122,$7,$419,$440,$58,$356,$18,$373,$432,$11,$0,$-13,$8,$440,$25,$25,$4,$28,$-2,$0,$-1,$14,$10,$64,$-42,$0,$-171,$0,$0,$0,$0,$-213,$200,$0,$200,$-1,$-1,$-52,$-2,$145,$-5,$0,$-52
40,2008-09-30,7.41,$0.94,7.86,$3.12,2.37,$1.96,3.78,$0.77,9.62,$0.02B,$0.05B,0.42,$0.36B,$0.02B,20.16,$0.10B,$0.06B,62.75%,$0.10B,$0.04B,39.22%,$0.10B,$0.04B,39.22%,$0.10B,$0.06B,60.78%,$0.10B,$0.03B,24.51%,$0.10B,$0.03B,24.51%,$0.03B,$0.02B,102.04%,$0.03B,$-0.10B,-30.67%,$0.03B,$0.43B,6.54%,$0.04B,$0.37B,11.90%,$30,$11,$18,$0,$2,$19,$11,$-4,$7,$0,$7,$7,$6,$18,$11,$33,33,$0.17,$0.17,$2,$0,$0,$20,$284,$0,$122,$5,$411,$430,$47,$355,$0,$365,$413,$17,$0,$1,$18,$430,$19,$17,$-0,$17,$-4,$0,$-4,$11,$2,$38,$-29,$0,$-171,$0,$0,$0,$0,$-200,$195,$0,$195,$-1,$-1,$-39,$-2,$154,$-8,$0,$-39
41,2008-06-30,9.41,$1.37,6.89,$3.07,3.07,$2.78,3.39,$0.90,10.46,$0.02B,$0.04B,0.55,$0.35B,$0.03B,13.9,$0.10B,$0.07B,65.66%,$0.10B,$0.04B,43.43%,$0.10B,$0.04B,43.43%,$0.10B,$0.06B,62.63%,$0.10B,$0.03B,29.29%,$0.10B,$0.03B,29.29%,$0.03B,$0.03B,105.45%,$0.03B,$-0.10B,-46.96%,$0.03B,$0.43B,8.72%,$0.04B,$0.38B,14.53%,$27,$10,$17,$0,$1,$17,$9,$-5,$4,$0,$4,$4,$3,$16,$9,$33,33,$0.09,$0.09,$6,$0,$0,$23,$279,$0,$124,$6,$409,$432,$41,$354,$0,$365,$406,$23,$0,$2,$25,$432,$12,$11,$-0,$11,$-4,$0,$-3,$7,$0,$23,$-20,$0,$-171,$0,$0,$0,$0,$-191,$191,$0,$191,$-0,$-0,$-26,$-1,$164,$-4,$0,$-26
42,2008-03-31,9.1,$1.47,6.19,$3.09,2.95,$3.44,2.64,$1.13,8.06,$0.02B,$0.03B,0.78,$0.36B,$0.03B,12.99,$0.10B,$0.07B,67.68%,$0.10B,$0.05B,48.48%,$0.10B,$0.05B,48.48%,$0.10B,$0.06B,64.65%,$0.10B,$0.04B,36.36%,$0.10B,$0.04B,36.36%,$0.04B,$0.03B,124.14%,$0.04B,$-0.10B,-83.24%,$0.04B,$0.43B,12.71%,$0.05B,$0.38B,18.88%,$27,$10,$18,$0,$1,$15,$12,$-4,$8,$0,$8,$8,$7,$16,$12,$32,32,$0.22,$0.22,$8,$0,$0,$22,$274,$0,$125,$6,$406,$427,$28,$356,$5,$372,$400,$32,$0,$-4,$27,$427,$8,$4,$-0,$4,$-1,$0,$1,$2,$-0,$12,$-11,$0,$-171,$0,$0,$0,$0,$-182,$181,$0,$181,$-0,$-0,$-13,$-0,$168,$-2,$0,$-13
43,2007-12-31,10.2,$1.53,6.68,$2.99,3.42,$3.78,2.7,$1.13,9.02,$0.02B,$0.02B,1.31,$0.18B,$0.03B,6.52,$0.10B,$0.07B,67.71%,$0.10B,$0.05B,48.96%,$0.10B,$0.05B,48.96%,$0.10B,$0.06B,65.63%,$0.10B,$0.04B,36.46%,$0.10B,$0.04B,37.50%,$0.04B,$0.03B,119.01%,$0.04B,$-0.03B,-145.45%,$0.04B,$0.24B,15.29%,$0.05B,$0.21B,22.22%,$18,$7,$11,$0,$1,$10,$8,$-2,$6,$0,$6,$6,$9,$12,$8,$32,32,$0.28,$0.28,$10,$0,$0,$23,$159,$0,$54,$3,$216,$239,$18,$181,$1,$193,$211,$28,$0,$0,$28,$239,$39,$16,$1,$17,$1,$0,$3,$-1,$3,$59,$-10,$0,$0,$0,$0,$0,$0,$-10,$0,$0,$0,$-1,$-1,$-48,$-2,$-51,$-1,$0,$-48
44,2007-09-30,10.57,$1.64,6.47,$3.21,3.29,$3.38,3.13,$1.12,9.44,$0.02B,$0.01B,2.11,$0.18B,$0.03B,6.09,$0.10B,$0.07B,69.90%,$0.10B,$0.05B,50.49%,$0.10B,$0.05B,50.49%,$0.10B,$0.07B,66.02%,$0.10B,$0.04B,37.86%,$0.10B,$0.04B,34.95%,$0.04B,$0.03B,111.63%,$0.04B,$-0.03B,-153.19%,$0.04B,$0.23B,15.17%,$0.05B,$0.21B,24.36%,$27,$8,$19,$0,$1,$13,$14,$-4,$11,$0,$11,$11,$10,$18,$14,$32,32,$0.31,$0.31,$9,$0,$0,$20,$155,$0,$55,$3,$212,$232,$10,$181,$1,$193,$203,$30,$0,$0,$30,$232,$29,$12,$1,$12,$0,$0,$-2,$-0,$-3,$38,$-3,$0,$0,$0,$0,$0,$0,$-3,$0,$0,$0,$-1,$-1,$-36,$-2,$-38,$-3,$0,$-36
45,2007-06-30,11.53,$1.71,6.74,$3.08,3.74,$3.10,3.72,$1.04,11.08,$0.02B,$0.01B,1.97,$0.18B,$0.03B,5.83,$0.10B,$0.07B,69.70%,$0.10B,$0.05B,49.49%,$0.10B,$0.05B,49.49%,$0.10B,$0.07B,65.66%,$0.10B,$0.04B,36.36%,$0.10B,$0.03B,33.33%,$0.03B,$0.03B,96.35%,$0.03B,$-0.02B,-148.31%,$0.03B,$0.24B,13.75%,$0.05B,$0.21B,22.76%,$27,$8,$19,$0,$1,$13,$14,$-3,$11,$0,$11,$11,$10,$18,$14,$32,32,$0.32,$0.32,$12,$0,$0,$21,$157,$0,$55,$2,$214,$235,$11,$181,$1,$193,$204,$31,$0,$0,$31,$235,$18,$8,$0,$8,$2,$0,$-2,$-1,$-0,$26,$-2,$0,$0,$0,$0,$0,$0,$-2,$0,$0,$0,$-1,$-1,$-23,$-1,$-25,$0,$0,$-23
46,2007-03-31,10.41,$1.73,6.02,$2.81,3.7,$2.91,3.58,$0.81,12.94,$0.02B,$0.01B,1.8,$0.18B,$0.03B,5.75,$0.09B,$0.06B,67.03%,$0.09B,$0.04B,45.05%,$0.09B,$0.04B,45.05%,$0.09B,$0.06B,62.64%,$0.09B,$0.03B,30.77%,$0.09B,$0.03B,28.57%,$0.03B,$0.03B,70.75%,$0.03B,$-0.02B,-125.30%,$0.03B,$0.24B,10.70%,$0.04B,$0.21B,18.92%,$24,$8,$16,$0,$1,$13,$11,$-3,$7,$0,$7,$7,$7,$15,$11,$32,32,$0.22,$0.22,$11,$0,$0,$19,$158,$0,$56,$2,$217,$236,$11,$181,$1,$194,$204,$32,$0,$0,$32,$236,$7,$4,$0,$5,$3,$0,$-2,$1,$1,$13,$-1,$0,$0,$0,$0,$0,$0,$-1,$0,$0,$0,$-1,$-1,$-12,$-0,$-12,$-0,$0,$-12
47,2006-12-31,8.85,$1.99,4.45,$2.77,3.2,$2.78,3.19,$0.80,11.07,$0.03B,$0.02B,1.58,$0.18B,$0.04B,4.99,$0.09B,$0.06B,67.42%,$0.09B,$0.04B,44.94%,$0.09B,$0.04B,44.94%,$0.09B,$0.06B,62.92%,$0.09B,$0.03B,31.46%,$0.09B,$0.03B,29.21%,$0.03B,$0.04B,63.41%,$0.03B,$-0.02B,-148.57%,$0.03B,$0.25B,10.56%,$0.04B,$0.22B,18.14%,$25,$7,$18,$0,$1,$12,$13,$-4,$10,$0,$10,$10,$9,$17,$13,$32,32,$0.28,$0.28,$12,$0,$0,$26,$160,$0,$57,$3,$220,$246,$16,$181,$2,$193,$210,$36,$0,$0,$36,$246,$28,$16,$1,$17,$-5,$0,$2,$5,$1,$46,$-9,$0,$0,$0,$0,$0,$0,$-9,$0,$0,$0,$-1,$-1,$-44,$-1,$-46,$-9,$0,$-44
