,Date,Stock Price,Book Value per Share,Price to Book Ratio,TTM Sales per Share,Price to Sales Ratio,TTM FCF per Share,Price to FCF Ratio,TTM Net EPS,PE Ratio,Current Assets,Current Liabilities,Current Ratio,Long Term Debt,Shareholder's Equity_x,Debt to Equity Ratio,TTM Revenue_x,TTM Gross Profit,Gross Margin,TTM Revenue_y,TTM Operating Income,Operating Margin,TTM Revenue_x,TTM EBIT,EBIT Margin,TTM Revenue_y,TTM EBITDA,EBITDA Margin,TTM Revenue_x,TTM Pre-Tax Income,Pre-Tax Margin,TTM Revenue_y,TTM Net Income_x,Net Margin,TTM Net Income_y,Shareholder's Equity_y,Return on Equity,TTM Net Income_x,Tangible Equity,Return on Tangible Equity,TTM Net Income_y,Total Assets,Return on Assets,TTM Net Income,LT Investments & Debt,Return on Investment,revenue,cost-goods-sold,gross-profit,research-development-expenses,selling-general-administrative-expenses,operating-expenses,operating-income,total-non-operating-income-expense,pre-tax-income,total-provision-income-taxes,income-after-taxes,income-from-continuous-operations,net-income,ebitda,ebit,basic-shares-outstanding,shares-outstanding,eps-basic-net-earnings-per-share,eps-earnings-per-share-diluted,cash-on-hand,inventory,other-current-assets,total-current-assets,net-property-plant-equipment,long-term-investments,goodwill-intangible-assets-total,other-long-term-assets,total-long-term-assets,total-assets,total-current-liabilities,long-term-debt,other-non-current-liabilities,total-long-term-liabilities,total-liabilities,common-stock-net,retained-earnings-accumulated-deficit,comprehensive-income,total-share-holder-equity,total-liabilities-share-holders-equity,net-income-loss,total-depreciation-amortization-cash-flow,other-non-cash-items,total-non-cash-items,change-in-accounts-receivable,change-in-inventories,change-in-accounts-payable,change-in-assets-liabilities,total-change-in-assets-liabilities,cash-flow-from-operating-activities,net-change-in-property-plant-equipment,net-change-in-intangible-assets,net-acquisitions-divestitures,net-change-in-short-term-investments,net-change-in-long-term-investments,net-change-in-investments-total,investing-activities-other,cash-flow-from-investing-activities,net-long-term-debt,net-current-debt,debt-issuance-retirement-net-total,net-common-equity-issued-repurchased,net-total-equity-issued-repurchased,total-common-preferred-stock-dividends-paid,financial-activities-other,cash-flow-from-financial-activities,net-cash-flow,stock-based-compensation,common-stock-dividends-paid
0,2018-09-30,71.58,$37.29,1.92,$20.32,3.52,$6.77,10.57,$-9.29,0.0,$4.50B,$1.96B,2.3,$6.61B,$11.05B,0.6,$6.15B,$6.15B,100.00%,$6.15B,$-1.82B,-29.66%,$6.15B,$-1.82B,-29.66%,$6.15B,$0.17B,2.80%,$6.15B,$-2.32B,-37.69%,$6.15B,$-3.00B,-48.80%,$-3.00B,$11.05B,-25.72%,$-3.00B,$10.69B,-26.54%,$-3.00B,$21.47B,-13.62%,$-1.82B,$17.66B,-10.08%,$1828,$0,$1828,$169,$947,$1605,$223,$-99,$124,$121,$3,$3,$-53,$712,$223,$294,294,$-0.18,$-0.18,$3004,$263,$52,$4501,$16013,$0,$360,$583,$16966,$21467,$1958,$6609,$1429,$8463,$10421,$296,$4410,$-502,$11046,$21467,$-149,$1350,$340,$1690,$-247,$-35,$0,$-70,$-483,$1058,$-826,$0,$0,$0,$-67,$-67,$-8,$-901,$-610,$0,$-610,$-1120,$-1120,$-262,$-8,$-2000,$-1843,$53,$-262
1,2018-06-30,66.89,$37.83,1.77,$19.33,3.46,$5.99,11.17,$-11.45,0.0,$4.69B,$1.95B,2.41,$6.35B,$11.34B,0.56,$5.97B,$5.97B,100.00%,$5.97B,$-4.54B,-76.01%,$5.97B,$-4.54B,-76.01%,$5.97B,$-2.27B,-38.03%,$5.97B,$-5.01B,-83.96%,$5.97B,$-3.58B,-60.06%,$-3.58B,$11.34B,-28.63%,$-3.58B,$10.98B,-29.48%,$-3.58B,$21.46B,-15.37%,$-4.54B,$17.69B,-23.94%,$1566,$0,$1566,$62,$909,$1415,$151,$-124,$27,$114,$-87,$-87,$-142,$595,$151,$298,298,$-0.48,$-0.48,$2908,$231,$480,$4694,$15869,$0,$360,$523,$16770,$21464,$1945,$6352,$1407,$8183,$10128,$300,$4692,$-522,$11336,$21464,$-152,$861,$151,$1012,$-68,$1,$0,$-60,$-225,$635,$-860,$0,$0,$0,$-41,$-41,$-5,$-906,$-591,$0,$-591,$-890,$-890,$-176,$-11,$-1668,$-1939,$32,$-176
2,2018-03-31,50.41,$38.75,1.3,$17.89,2.82,$6.18,8.15,$-12.43,0.0,$5.01B,$1.90B,2.63,$6.37B,$11.94B,0.53,$5.60B,$5.60B,100.00%,$5.60B,$-5.03B,-89.77%,$5.60B,$-5.03B,-89.77%,$5.60B,$-2.47B,-44.02%,$5.60B,$-5.46B,-97.48%,$5.60B,$-3.90B,-69.64%,$-3.90B,$11.94B,-29.01%,$-3.90B,$11.58B,-29.80%,$-3.90B,$22.07B,-15.67%,$-5.03B,$18.31B,-25.22%,$1390,$0,$1390,$40,$795,$1252,$138,$-130,$8,$73,$-65,$-65,$-117,$555,$138,$310,310,$-0.38,$-0.38,$3726,$239,$52,$5014,$16181,$0,$360,$495,$17058,$22072,$1904,$6372,$1434,$8231,$10135,$308,$5166,$-571,$11937,$22072,$-65,$417,$45,$462,$-11,$-7,$0,$-33,$-187,$210,$-394,$0,$0,$0,$-24,$-24,$-4,$-422,$-434,$0,$-434,$-371,$-371,$-89,$-15,$-909,$-1121,$13,$-89
3,2017-12-31,47.03,$39.21,1.2,$17.39,2.7,$6.97,6.75,$-13.12,0.0,$6.16B,$2.44B,2.53,$6.40B,$12.35B,0.52,$5.47B,$5.47B,100.00%,$5.47B,$-5.39B,-98.65%,$5.47B,$-5.39B,-98.65%,$5.47B,$-2.51B,-45.90%,$5.47B,$-5.78B,-105.71%,$5.47B,$-4.12B,-75.38%,$-4.12B,$12.35B,-28.87%,$-4.12B,$11.99B,-29.61%,$-4.12B,$23.11B,-15.60%,$-5.39B,$18.75B,-25.87%,$1366,$0,$1366,$356,$1088,$3702,$-2336,$-141,$-2477,$158,$-2635,$-2635,$-2689,$-1690,$-2336,$314,314,$-8.57,$-8.57,$4847,$232,$54,$6157,$16192,$0,$360,$382,$16955,$23112,$2435,$6397,$1497,$8323,$10758,$315,$5597,$-686,$12354,$23112,$-3941,$2883,$2783,$5666,$-340,$-64,$0,$-298,$-780,$945,$1359,$0,$0,$0,$0,$0,$-1,$1358,$341,$-153,$188,$-110,$-110,$-363,$97,$-188,$2115,$86,$-363
4,2017-09-30,46.19,$45.41,1.02,$17.25,2.68,$-4.62,0.0,$-20.20,0.0,$4.08B,$2.21B,1.84,$6.59B,$14.43B,0.46,$5.40B,$5.40B,100.00%,$5.40B,$-4.70B,-86.88%,$5.40B,$-4.70B,-86.88%,$5.40B,$-1.69B,-31.27%,$5.40B,$-5.01B,-92.71%,$5.40B,$-6.33B,-117.21%,$-6.33B,$14.43B,-42.00%,$-6.33B,$14.07B,-43.04%,$-6.33B,$26.60B,-22.80%,$-4.70B,$21.02B,-21.61%,$1644,$0,$1644,$41,$829,$4132,$-2488,$-79,$-2567,$-1974,$-593,$-593,$-635,$-1729,$-2488,$315,315,$-2.02,$-2.02,$2526,$372,$142,$4083,$20279,$0,$360,$398,$22517,$26600,$2214,$6592,$2782,$9958,$12172,$318,$8438,$-1472,$14428,$26600,$-1306,$2237,$302,$2539,$-88,$-48,$0,$-309,$-631,$602,$-600,$0,$0,$0,$0,$0,$-1,$-601,$-107,$15,$-92,$0,$0,$-273,$158,$-207,$-206,$65,$-273
5,2017-06-30,42.96,$47.44,0.91,$15.84,2.71,$-8.50,0.0,$-19.30,0.0,$4.27B,$2.12B,2.02,$6.61B,$15.08B,0.44,$4.96B,$4.73B,95.52%,$4.96B,$-2.68B,-54.00%,$4.96B,$-2.68B,-54.00%,$4.96B,$0.38B,7.69%,$4.96B,$-3.08B,-62.07%,$4.96B,$-6.05B,-122.07%,$-6.05B,$15.08B,-36.22%,$-6.05B,$14.73B,-37.04%,$-6.05B,$27.80B,-20.34%,$-2.68B,$21.69B,-11.45%,$1202,$0,$1202,$52,$752,$1545,$-343,$-82,$-425,$-8,$-417,$-417,$-460,$398,$-343,$314,314,$-1.46,$-1.46,$2492,$376,$464,$4270,$22793,$0,$350,$360,$23528,$27798,$2118,$6612,$2875,$10602,$12720,$318,$9153,$-1518,$15078,$27798,$-713,$1478,$40,$1518,$119,$-52,$0,$-173,$-291,$514,$-691,$0,$0,$0,$0,$0,$0,$-691,$-77,$4,$-73,$0,$0,$-182,$192,$-63,$-240,$44,$-182
6,2017-03-31,46.95,$47.92,0.98,$16.07,2.92,$-11.19,0.0,$-19.13,0.0,$4.17B,$2.13B,1.96,$6.67B,$15.23B,0.44,$5.02B,$4.52B,90.07%,$5.02B,$-2.93B,-58.25%,$5.02B,$-2.93B,-58.25%,$5.02B,$0.19B,3.72%,$5.02B,$-3.33B,-66.28%,$5.02B,$-5.99B,-119.33%,$-5.99B,$15.23B,-32.88%,$-5.99B,$14.86B,-33.57%,$-5.99B,$28.10B,-19.12%,$-2.93B,$21.90B,-11.78%,$1254,$0,$1254,$58,$684,$1479,$-225,$-84,$-309,$-13,$-296,$-296,$-336,$512,$-225,$314,314,$-1.07,$-1.07,$2686,$377,$196,$4171,$23201,$0,$375,$330,$23929,$28100,$2126,$6669,$2947,$10741,$12867,$318,$9692,$-1667,$15233,$28100,$-296,$737,$2,$739,$115,$-55,$0,$-45,$-94,$349,$-290,$0,$0,$0,$0,$0,$0,$-290,$-26,$5,$-21,$0,$0,$-92,$8,$-105,$-46,$22,$-92
7,2016-12-31,60.35,$49.26,1.23,$15.39,3.92,$-13.64,0.0,$-19.78,0.0,$4.28B,$2.25B,1.9,$6.69B,$15.59B,0.43,$4.76B,$4.07B,85.55%,$4.76B,$-3.45B,-72.45%,$4.76B,$-3.45B,-72.45%,$4.76B,$-0.21B,-4.33%,$4.76B,$-3.85B,-80.93%,$4.76B,$-6.17B,-129.63%,$-6.17B,$15.59B,-31.13%,$-6.17B,$15.22B,-31.73%,$-6.17B,$28.62B,-18.69%,$-3.45B,$22.29B,-13.06%,$1304,$0,$1304,$1033,$1837,$2943,$-1639,$-70,$-1709,$3189,$-4898,$-4898,$-4903,$-871,$-1639,$310,310,$-15.79,$-15.79,$2732,$323,$195,$4276,$23595,$0,$375,$316,$24345,$28621,$2251,$6694,$2941,$10779,$13030,$317,$10147,$-1704,$15591,$28621,$-6076,$3244,$3674,$6918,$96,$77,$0,$-142,$-47,$795,$-2111,$0,$0,$0,$0,$0,$21,$-2090,$41,$43,$84,$1087,$1644,$-350,$-67,$1311,$16,$73,$-350
8,2016-09-30,51.74,$66.06,0.78,$16.34,3.17,$-17.47,0.0,$-10.56,0.0,$4.89B,$2.62B,1.87,$6.67B,$20.91B,0.32,$4.92B,$4.23B,86.02%,$4.92B,$-3.93B,-79.94%,$4.92B,$-3.93B,-79.94%,$4.92B,$-0.47B,-9.63%,$4.92B,$-4.43B,-90.00%,$4.92B,$-3.09B,-62.83%,$-3.09B,$20.92B,-14.70%,$-3.09B,$20.54B,-14.96%,$-3.09B,$34.46B,-8.98%,$-3.93B,$27.59B,-14.27%,$1196,$222,$974,$78,$554,$1665,$-469,$-164,$-633,$-316,$-317,$-317,$-351,$342,$-469,$313,313,$-1.12,$-1.12,$3529,$403,$108,$4893,$25537,$0,$375,$397,$29566,$34459,$2617,$6671,$3042,$10927,$13544,$317,$15129,$-1372,$20915,$34459,$-1178,$2476,$-584,$1892,$278,$1,$0,$-230,$-245,$469,$-1684,$0,$0,$0,$0,$0,$18,$-1666,$690,$-14,$676,$1087,$1644,$-260,$-50,$2010,$813,$69,$-260
9,2016-06-30,57.69,$66.86,0.86,$18.48,3.12,$-20.66,0.0,$-10.42,0.0,$4.63B,$2.14B,2.17,$6.45B,$21.17B,0.31,$5.41B,$4.59B,84.81%,$5.41B,$-3.92B,-72.40%,$5.41B,$-3.92B,-72.40%,$5.41B,$-0.28B,-5.23%,$5.41B,$-4.33B,-80.07%,$5.41B,$-3.02B,-55.77%,$-3.02B,$21.17B,-14.11%,$-3.02B,$20.80B,-14.55%,$-3.02B,$34.23B,-8.65%,$-3.92B,$27.62B,-14.06%,$1269,$277,$992,$199,$589,$1862,$-593,$-85,$-678,$-305,$-373,$-373,$-404,$204,$-593,$313,313,$-1.29,$-1.29,$3095,$377,$111,$4631,$25769,$0,$375,$416,$29603,$34234,$2139,$6450,$3244,$10921,$13060,$317,$15559,$-1499,$21174,$34234,$-861,$1665,$-399,$1266,$79,$25,$0,$-156,$-268,$137,$-1155,$0,$0,$0,$0,$0,$15,$-1140,$-35,$-20,$-55,$1087,$1644,$-169,$-38,$1382,$379,$47,$-169
10,2016-03-31,50.32,$68.31,0.74,$21.23,2.37,$-22.15,0.0,$-11.12,0.0,$4.95B,$2.19B,2.26,$6.50B,$21.63B,0.3,$6.08B,$5.18B,85.18%,$6.08B,$-3.95B,-64.96%,$6.08B,$-3.95B,-64.96%,$6.08B,$-0.08B,-1.35%,$6.08B,$-4.37B,-71.80%,$6.08B,$-3.18B,-52.34%,$-3.18B,$21.63B,-14.89%,$-3.18B,$21.26B,-15.56%,$-3.18B,$34.81B,-9.03%,$-3.95B,$28.13B,-14.25%,$993,$189,$804,$132,$553,$1742,$-749,$-85,$-834,$-346,$-488,$-488,$-515,$119,$-749,$300,300,$-1.72,$-1.72,$3557,$416,$120,$4945,$26241,$0,$375,$415,$29863,$34808,$2193,$6498,$3163,$10981,$13174,$317,$16042,$-1484,$21634,$34808,$-488,$868,$-232,$636,$317,$-13,$0,$-137,$-208,$-60,$-620,$0,$0,$0,$0,$0,$7,$-613,$-17,$5,$-12,$1087,$1644,$-80,$-38,$1514,$841,$25,$-80
11,2015-12-31,46.1,$71.32,0.65,$23.39,1.97,$-22.96,0.0,$-10.77,0.0,$4.40B,$2.63B,1.68,$6.51B,$20.40B,0.32,$6.64B,$5.65B,85.08%,$6.64B,$-3.84B,-57.90%,$6.64B,$-3.84B,-57.90%,$6.64B,$0.11B,1.70%,$6.64B,$-4.26B,-64.17%,$6.64B,$-3.06B,-46.05%,$-3.06B,$20.40B,-14.29%,$-3.06B,$20.03B,-15.21%,$-3.06B,$34.16B,-8.59%,$-3.84B,$26.91B,-13.93%,$1462,$0,$1462,$378,$2056,$3584,$-2122,$-161,$-2283,$-492,$-1791,$-1791,$-1821,$-1139,$-2122,$284,284,$-6.44,$-6.44,$2716,$399,$130,$4404,$26352,$0,$375,$373,$29753,$34157,$2628,$6506,$3288,$11128,$13756,$286,$16637,$-1664,$20401,$34157,$-3007,$3955,$1021,$4976,$793,$29,$0,$-164,$12,$1981,$-4271,$0,$0,$0,$0,$0,$65,$-4206,$533,$110,$643,$-142,$-142,$-287,$2283,$2497,$272,$97,$-287
12,2015-09-30,47.38,$78.17,0.61,$26.54,1.79,$-7.67,0.0,$-4.37,0.0,$5.60B,$2.62B,2.13,$6.47B,$22.36B,0.29,$7.73B,$6.26B,80.96%,$7.73B,$-1.43B,-18.54%,$7.73B,$-1.43B,-18.54%,$7.73B,$2.41B,31.22%,$7.73B,$-1.80B,-23.27%,$7.73B,$-1.24B,-16.08%,$-1.24B,$22.36B,-5.69%,$-1.24B,$20.89B,-6.15%,$-1.24B,$36.46B,-3.39%,$-1.43B,$28.84B,-5.13%,$1689,$356,$1333,$144,$656,$2144,$-455,$-84,$-539,$-300,$-239,$-239,$-279,$533,$-455,$284,284,$-0.98,$-0.98,$3013,$535,$527,$5597,$26883,$0,$1473,$394,$30859,$36456,$2624,$6474,$3377,$11469,$14093,$286,$18530,$-1582,$22363,$36456,$-1208,$2972,$-75,$2897,$489,$-17,$0,$-124,$-331,$1358,$-3361,$0,$0,$0,$0,$0,$64,$-3297,$549,$0,$549,$-142,$-142,$-215,$2316,$2508,$569,$71,$-215
13,2015-06-30,63.01,$73.51,0.86,$29.36,2.15,$8.16,7.72,$-0.08,0.0,$3.93B,$3.49B,1.12,$5.89B,$21.10B,0.28,$8.72B,$7.18B,82.35%,$8.72B,$-0.37B,-4.24%,$8.72B,$-0.37B,-4.24%,$8.72B,$3.33B,38.15%,$8.72B,$-0.67B,-7.67%,$8.72B,$0.04B,0.50%,$0.04B,$21.10B,0.20%,$0.04B,$19.63B,0.21%,$0.04B,$35.56B,0.12%,$-0.37B,$26.99B,-1.31%,$1935,$356,$1579,$90,$699,$2558,$-623,$-86,$-709,$-156,$-553,$-553,$-567,$405,$-623,$284,284,$-1.99,$-1.99,$931,$569,$632,$3926,$27298,$0,$1473,$357,$31632,$35558,$3493,$5888,$3249,$10962,$14455,$287,$18923,$-1436,$21103,$35558,$-956,$1984,$162,$2146,$221,$-47,$0,$-203,$-114,$1076,$-2423,$0,$0,$0,$0,$0,$82,$-2341,$-34,$0,$-34,$-78,$-78,$-144,$8,$-248,$-1513,$51,$-144
14,2015-03-31,63.71,$75.39,0.84,$31.56,2.02,$21.08,3.02,$4.87,13.08,$4.32B,$3.47B,1.25,$5.91B,$21.67B,0.27,$9.61B,$8.01B,83.32%,$9.61B,$0.65B,6.76%,$9.61B,$0.65B,6.76%,$9.61B,$4.10B,42.69%,$9.61B,$1.11B,11.50%,$9.61B,$1.54B,16.04%,$1.54B,$21.67B,6.65%,$1.54B,$19.81B,7.23%,$1.54B,$36.10B,3.94%,$0.65B,$27.58B,2.23%,$1550,$278,$1272,$269,$689,$2192,$-642,$-85,$-727,$-351,$-376,$-376,$-389,$314,$-642,$284,284,$-1.37,$-1.37,$1506,$546,$560,$4323,$27208,$0,$1858,$356,$31778,$36101,$3467,$5911,$3262,$10967,$14434,$287,$19578,$-1504,$21667,$36101,$-389,$956,$-96,$860,$319,$-27,$0,$-91,$-35,$436,$-1311,$0,$0,$0,$0,$0,$85,$-1226,$-17,$0,$-17,$-67,$-67,$-72,$8,$-148,$-938,$26,$-72
15,2014-12-31,69.04,$78.09,0.88,$34.38,2.01,$28.04,2.46,$7.44,9.28,$6.31B,$4.85B,1.3,$5.92B,$22.32B,0.27,$10.74B,$9.02B,83.99%,$10.74B,$2.06B,19.16%,$10.74B,$2.06B,19.16%,$10.74B,$5.28B,49.19%,$10.74B,$2.44B,22.69%,$10.74B,$2.32B,21.58%,$2.32B,$22.32B,9.73%,$2.32B,$20.46B,10.57%,$2.32B,$38.41B,5.73%,$2.06B,$28.24B,6.94%,$2557,$482,$2075,$171,$742,$2270,$287,$-111,$176,$181,$-5,$-5,$-8,$1162,$287,$304,308,$0.06,$0.06,$2444,$527,$1269,$6313,$27517,$0,$1858,$348,$32094,$38407,$4851,$5919,$3479,$11236,$16087,$286,$20052,$-1410,$22320,$38407,$2374,$3224,$-603,$2621,$-199,$62,$0,$-372,$-538,$4457,$-2236,$0,$0,$0,$0,$0,$2244,$8,$8,$0,$8,$-3533,$-3533,$-303,$-7,$-3835,$630,$87,$-303
16,2014-09-30,87.88,$81.50,1.08,$34.22,2.57,$31.64,2.78,$13.23,6.64,$8.87B,$5.02B,1.77,$5.93B,$24.37B,0.24,$10.90B,$9.20B,84.42%,$10.90B,$1.76B,16.13%,$10.90B,$1.76B,16.13%,$10.90B,$4.82B,44.22%,$10.90B,$2.54B,23.28%,$10.90B,$4.25B,38.98%,$4.25B,$24.37B,17.39%,$4.25B,$22.51B,18.85%,$4.25B,$40.98B,10.23%,$1.76B,$30.29B,5.84%,$2678,$423,$2255,$90,$719,$2070,$608,$-17,$591,$232,$359,$359,$1008,$1446,$608,$301,305,$3.35,$3.31,$4120,$817,$869,$8865,$27667,$145,$1858,$500,$32110,$40975,$5015,$5929,$3350,$11595,$16610,$299,$21020,$-487,$24365,$40975,$2381,$2349,$-690,$1659,$0,$0,$0,$-657,$-657,$3383,$-708,$0,$0,$0,$0,$0,$2271,$1563,$45,$0,$45,$-2447,$-2447,$-232,$-6,$-2640,$2306,$65,$-232
17,2014-06-30,91.9,$79.14,1.16,$33.36,2.75,$30.83,2.98,$11.14,8.25,$8.77B,$5.26B,1.67,$5.95B,$24.35B,0.24,$10.94B,$9.29B,84.92%,$10.94B,$1.92B,17.57%,$10.94B,$1.92B,17.57%,$10.94B,$4.83B,44.12%,$10.94B,$2.63B,24.00%,$10.94B,$3.66B,33.46%,$3.66B,$24.35B,15.07%,$3.66B,$22.50B,16.34%,$3.66B,$41.07B,8.76%,$1.92B,$30.31B,6.44%,$2829,$421,$2408,$460,$766,$2432,$397,$669,$1066,$92,$974,$974,$931,$1182,$397,$310,314,$3.01,$2.96,$2205,$842,$3022,$8767,$27236,$213,$1858,$498,$32304,$41071,$5257,$5953,$3091,$11460,$16717,$308,$20879,$-384,$24354,$41071,$1351,$1511,$-205,$1306,$0,$0,$0,$-596,$-596,$2061,$507,$0,$0,$0,$0,$0,$-529,$-22,$98,$0,$98,$-1587,$-1587,$-156,$-3,$-1648,$391,$40,$-156
18,2014-03-31,76.82,$77.15,1.0,$33.27,2.31,$31.04,2.47,$12.34,6.23,$7.05B,$5.98B,1.18,$5.43B,$24.24B,0.22,$11.18B,$9.53B,85.25%,$11.18B,$2.56B,22.86%,$11.18B,$2.56B,22.86%,$11.18B,$5.28B,47.22%,$11.18B,$3.57B,31.90%,$11.18B,$4.16B,37.21%,$4.16B,$24.24B,17.19%,$4.16B,$22.26B,18.65%,$4.16B,$41.42B,9.94%,$2.56B,$29.68B,8.63%,$2673,$393,$2280,$119,$670,$1908,$765,$-162,$603,$239,$364,$364,$386,$1491,$765,$318,323,$1.21,$1.20,$1288,$1055,$1480,$7048,$29166,$485,$1984,$534,$34376,$41424,$5981,$5434,$3298,$11201,$17182,$314,$20693,$-276,$24242,$41424,$421,$726,$242,$968,$0,$0,$0,$-231,$-231,$1158,$91,$0,$0,$0,$0,$0,$-353,$-262,$-333,$0,$-333,$-1010,$-1010,$-79,$0,$-1422,$-526,$22,$-79
19,2013-12-31,76.69,$76.18,1.01,$42.81,1.79,$29.00,2.64,$14.86,5.16,$8.60B,$6.56B,1.31,$5.42B,$24.78B,0.22,$14.62B,$10.31B,70.51%,$14.62B,$2.84B,19.42%,$14.62B,$2.84B,19.42%,$14.62B,$5.53B,37.80%,$14.62B,$4.56B,31.19%,$14.62B,$5.05B,34.56%,$5.05B,$24.78B,21.24%,$5.05B,$22.92B,23.06%,$5.05B,$42.75B,12.00%,$2.84B,$30.20B,9.71%,$2722,$461,$2261,$458,$265,$2733,$-11,$289,$278,$-633,$911,$911,$1925,$702,$-11,$337,334,$5.80,$5.76,$1814,$954,$2306,$8599,$28771,$0,$1869,$1196,$34155,$42754,$6558,$5420,$3700,$11412,$17970,$325,$21235,$-338,$24784,$42754,$5222,$2687,$-1687,$1000,$-239,$134,$0,$-209,$-1124,$5098,$-1479,$0,$0,$0,$0,$0,$1829,$350,$-736,$-1748,$-2484,$-1365,$-1365,$-235,$-192,$-4276,$1172,$60,$-235
20,2013-09-30,71.24,$70.63,1.01,$43.34,1.64,$14.71,4.84,$10.76,6.62,$9.26B,$6.92B,1.34,$5.42B,$23.84B,0.23,$14.85B,$10.63B,71.57%,$14.85B,$3.17B,21.33%,$14.85B,$3.17B,21.33%,$14.85B,$5.87B,39.54%,$14.85B,$4.70B,31.65%,$14.85B,$3.50B,23.58%,$3.50B,$23.84B,15.30%,$3.50B,$21.97B,16.73%,$3.50B,$41.90B,8.28%,$3.17B,$29.26B,11.00%,$2720,$375,$2345,$154,$738,$1948,$772,$-92,$680,$324,$356,$356,$420,$1453,$772,$339,343,$1.24,$1.23,$321,$695,$6464,$9257,$27414,$441,$1869,$298,$32639,$41896,$6923,$5418,$3456,$11131,$18054,$338,$20279,$-447,$23842,$41896,$3307,$1974,$-995,$979,$0,$0,$0,$-966,$-966,$3320,$-587,$0,$0,$0,$0,$0,$-225,$-812,$-755,$-1313,$-2068,$-416,$-416,$-154,$-191,$-2829,$-321,$52,$-154
21,2013-06-30,61.05,$69.81,0.87,$44.46,1.37,$3.28,18.64,$11.18,5.46,$9.99B,$6.73B,1.48,$5.45B,$23.97B,0.23,$15.20B,$10.99B,72.33%,$15.20B,$3.07B,20.18%,$15.20B,$3.07B,20.18%,$15.20B,$5.82B,38.28%,$15.20B,$5.01B,32.95%,$15.20B,$3.64B,23.93%,$3.64B,$23.97B,16.47%,$3.64B,$22.10B,18.14%,$3.64B,$41.43B,8.59%,$3.07B,$29.42B,10.78%,$3069,$421,$2648,$200,$803,$2038,$1031,$976,$2007,$407,$1600,$1600,$1431,$1635,$1031,$340,344,$4.21,$4.16,$725,$683,$6630,$9992,$26170,$380,$1869,$264,$31436,$41428,$6733,$5446,$3170,$10722,$17455,$343,$20369,$-419,$23973,$41428,$2889,$1293,$-1442,$-149,$0,$0,$0,$-674,$-674,$2066,$817,$0,$0,$0,$0,$0,$-142,$675,$-692,$-1748,$-2440,$42,$42,$-69,$-191,$-2658,$83,$34,$-69
22,2013-03-31,65.65,$65.61,1.0,$45.30,1.45,$-9.31,0.0,$8.63,7.61,$11.42B,$8.91B,1.28,$5.47B,$22.53B,0.24,$15.46B,$11.34B,73.36%,$15.46B,$3.21B,20.74%,$15.46B,$3.21B,20.74%,$15.46B,$6.10B,39.46%,$15.46B,$4.06B,26.30%,$15.46B,$2.76B,17.83%,$2.76B,$22.53B,13.07%,$2.76B,$20.66B,14.55%,$2.76B,$42.38B,6.54%,$3.21B,$28.00B,11.46%,$6106,$3054,$3052,$219,$1098,$5060,$1046,$548,$1594,$451,$1143,$1143,$1276,$1735,$1046,$339,343,$3.76,$3.72,$444,$686,$8448,$11418,$25651,$337,$1869,$362,$30961,$42379,$8906,$5472,$3266,$10948,$19854,$343,$18958,$-452,$22525,$42379,$1273,$689,$-553,$136,$0,$0,$0,$-590,$-590,$819,$-190,$0,$0,$0,$0,$0,$-71,$-261,$161,$-913,$-752,$31,$31,$-35,$0,$-756,$-198,$12,$-35
23,2012-12-31,48.48,$62.08,0.78,$35.99,1.35,$-13.31,0.0,$6.51,7.45,$8.39B,$8.38B,1.0,$7.32B,$21.20B,0.35,$12.25B,$10.91B,89.11%,$12.25B,$3.07B,25.04%,$12.25B,$3.07B,25.04%,$12.25B,$5.93B,48.44%,$12.25B,$3.34B,27.25%,$12.25B,$2.03B,16.54%,$2.03B,$21.20B,10.00%,$2.03B,$19.00B,11.25%,$2.03B,$43.44B,4.85%,$3.07B,$28.53B,11.15%,$2953,$372,$2581,$362,$1941,$2635,$318,$100,$418,$199,$219,$219,$374,$1048,$318,$338,340,$1.10,$1.10,$642,$1259,$2148,$8387,$28807,$443,$2208,$470,$35054,$43441,$8382,$7324,$3870,$13856,$22238,$342,$17717,$-493,$21203,$43441,$2063,$2866,$-19,$2847,$125,$-124,$0,$-163,$750,$5660,$-6839,$0,$0,$0,$0,$0,$-212,$-7051,$197,$1648,$1845,$11,$11,$-171,$-3,$1682,$291,$83,$-171
24,2012-09-30,49.08,$60.47,0.81,$55.95,0.88,$-14.17,0.0,$4.46,11.01,$8.16B,$7.85B,1.04,$7.22B,$20.65B,0.35,$19.03B,$11.35B,59.67%,$19.03B,$3.55B,18.67%,$19.03B,$3.55B,18.67%,$19.03B,$6.33B,33.27%,$19.03B,$2.72B,14.30%,$19.03B,$1.52B,7.99%,$1.52B,$20.65B,7.76%,$1.52B,$18.44B,8.77%,$1.52B,$42.21B,3.74%,$3.55B,$27.87B,13.39%,$3072,$359,$2713,$259,$846,$2400,$672,$318,$990,$480,$510,$510,$557,$1400,$672,$339,340,$1.65,$1.64,$528,$1218,$2167,$8157,$28144,$401,$2208,$430,$34055,$42212,$7848,$7220,$3796,$13712,$21560,$342,$17377,$-675,$20652,$42212,$1687,$2136,$200,$2336,$0,$0,$0,$67,$67,$4090,$-5272,$0,$0,$0,$0,$0,$-110,$-5382,$16,$1583,$1599,$0,$0,$-136,$6,$1469,$177,$60,$-136
25,2012-06-30,39.63,$58.44,0.68,$72.38,0.55,$-12.32,0.0,$3.70,10.71,$7.93B,$7.08B,1.12,$7.55B,$19.96B,0.38,$24.62B,$11.12B,45.18%,$24.62B,$3.13B,12.70%,$24.62B,$3.13B,12.70%,$24.62B,$5.76B,23.40%,$24.62B,$1.94B,7.90%,$24.62B,$1.26B,5.12%,$1.26B,$19.96B,6.58%,$1.26B,$17.69B,7.49%,$1.26B,$40.61B,3.20%,$3.13B,$27.51B,12.18%,$3324,$332,$2992,$196,$271,$2154,$1170,$-108,$1062,$522,$540,$540,$549,$1916,$1170,$339,340,$1.62,$1.61,$409,$1309,$1699,$7925,$26556,$450,$2266,$444,$32689,$40614,$7084,$7546,$3371,$13571,$20655,$342,$16854,$-779,$19959,$40614,$1095,$1408,$281,$1689,$0,$0,$0,$-556,$-556,$2228,$-3661,$0,$0,$0,$0,$0,$-104,$-3765,$-5,$1697,$1692,$0,$0,$-102,$5,$1595,$58,$37,$-102
26,2012-03-31,53.64,$56.08,0.96,$91.56,0.59,$-5.98,0.0,$3.87,13.86,$8.21B,$8.19B,1.0,$6.94B,$19.16B,0.36,$31.15B,$11.14B,35.78%,$31.15B,$3.06B,9.83%,$31.15B,$3.06B,9.83%,$31.15B,$5.54B,17.78%,$31.15B,$1.84B,5.92%,$31.15B,$1.32B,4.23%,$1.32B,$19.16B,6.98%,$1.32B,$16.86B,7.97%,$1.32B,$40.65B,3.42%,$3.06B,$26.10B,12.30%,$2896,$270,$2626,$253,$270,$1990,$906,$-39,$867,$328,$539,$539,$545,$1568,$906,$338,340,$1.61,$1.60,$396,$1411,$1421,$8212,$26052,$415,$2293,$444,$32435,$40647,$8191,$6940,$3451,$13299,$21490,$342,$16337,$-1057,$19157,$40647,$560,$662,$-21,$641,$0,$0,$0,$-213,$-213,$988,$-1724,$0,$0,$0,$0,$0,$-48,$-1772,$308,$581,$889,$0,$0,$-68,$8,$829,$45,$13,$-68
27,2011-12-31,51.6,$54.69,0.94,$113.16,0.46,$-2.60,0.0,$5.01,10.3,$8.34B,$8.10B,1.03,$6.01B,$18.59B,0.32,$38.47B,$11.69B,30.40%,$38.47B,$3.44B,8.94%,$38.47B,$3.44B,8.94%,$38.47B,$5.81B,15.11%,$38.47B,$2.46B,6.40%,$38.47B,$1.70B,4.43%,$1.70B,$18.59B,9.14%,$1.70B,$16.29B,10.47%,$1.70B,$39.14B,4.54%,$3.44B,$24.60B,14.17%,$9733,$6712,$3021,$426,$1073,$8929,$804,$-1002,$-198,$-64,$-134,$-134,$-131,$1445,$804,$337,340,$-0.41,$-0.39,$351,$1423,$1554,$8339,$24712,$384,$2305,$455,$30797,$39136,$8100,$6005,$3596,$12444,$20544,$340,$15826,$-1067,$18592,$39136,$1676,$2373,$1040,$3413,$-280,$-51,$0,$-143,$-105,$4984,$-6451,$0,$0,$0,$0,$0,$-115,$-6566,$322,$100,$422,$88,$88,$-136,$-49,$325,$-1257,$86,$-136
28,2011-09-30,47.57,$55.65,0.85,$111.96,0.42,$-0.66,0.0,$5.58,8.53,$7.48B,$6.61B,1.13,$5.55B,$18.91B,0.29,$37.74B,$11.46B,30.36%,$37.74B,$3.41B,9.03%,$37.74B,$3.41B,9.03%,$37.74B,$5.77B,15.30%,$37.74B,$3.02B,7.99%,$37.74B,$1.89B,5.01%,$1.89B,$18.91B,10.40%,$1.89B,$16.53B,11.98%,$1.89B,$37.34B,5.17%,$3.41B,$24.46B,14.38%,$8665,$6181,$2484,$199,$1052,$8419,$246,$-33,$213,$-54,$267,$267,$298,$832,$246,$337,340,$0.89,$0.88,$827,$1516,$973,$7479,$24167,$391,$2383,$597,$29860,$37339,$6606,$5548,$3114,$11819,$18425,$340,$15991,$-867,$18914,$37339,$1810,$1732,$332,$2064,$0,$0,$0,$-28,$-28,$3846,$-4401,$0,$0,$0,$0,$0,$-74,$-4475,$-36,$0,$-36,$0,$0,$-136,$20,$-152,$-781,$77,$-136
29,2011-06-30,67.69,$55.62,1.22,$110.50,0.61,$1.23,54.99,$8.22,8.23,$8.89B,$6.80B,1.31,$5.51B,$18.90B,0.29,$36.94B,$11.51B,31.15%,$36.94B,$3.46B,9.36%,$36.94B,$3.46B,9.36%,$36.94B,$5.82B,15.76%,$36.94B,$4.09B,11.08%,$36.94B,$2.75B,7.44%,$2.75B,$18.90B,15.78%,$2.75B,$16.52B,18.19%,$2.75B,$36.99B,7.71%,$3.46B,$24.41B,15.08%,$9853,$6841,$3012,$257,$1020,$8748,$1105,$-144,$961,$392,$569,$569,$607,$1693,$1105,$337,340,$1.80,$1.78,$2194,$1432,$807,$8886,$22528,$417,$2388,$487,$28105,$36991,$6796,$5506,$2416,$11291,$18087,$340,$15725,$-662,$18904,$36991,$1543,$1146,$152,$1298,$0,$0,$0,$-17,$-17,$2824,$-2098,$0,$0,$0,$0,$0,$-57,$-2155,$-45,$0,$-45,$0,$0,$-102,$64,$-83,$586,$48,$-102
30,2011-03-31,77.04,$53.33,1.44,$105.16,0.73,$0.01,5425.52,$7.59,10.15,$9.44B,$7.35B,1.28,$5.52B,$18.12B,0.31,$34.82B,$10.91B,31.34%,$34.82B,$3.12B,8.95%,$34.82B,$3.12B,8.95%,$34.82B,$5.45B,15.65%,$34.82B,$3.83B,11.00%,$34.82B,$2.52B,7.23%,$2.52B,$18.12B,15.42%,$2.52B,$15.72B,17.59%,$2.52B,$36.64B,7.45%,$3.12B,$23.63B,14.46%,$10215,$7040,$3175,$313,$978,$8931,$1284,$201,$1485,$511,$974,$974,$929,$1842,$1284,$336,339,$2.77,$2.74,$1968,$1552,$759,$9436,$21759,$446,$2394,$479,$27201,$36637,$7351,$5517,$2442,$11169,$18520,$340,$15151,$-873,$18117,$36637,$974,$558,$-72,$486,$0,$0,$0,$-325,$-325,$1135,$-723,$0,$0,$0,$0,$0,$-11,$-734,$-31,$0,$-31,$0,$0,$-68,$58,$-41,$360,$20,$-68
31,2010-12-31,69.12,$49.78,1.39,$103.37,0.67,$-0.53,0.0,$6.50,10.63,$8.78B,$7.61B,1.15,$5.54B,$16.81B,0.33,$33.86B,$10.46B,30.88%,$33.86B,$2.92B,8.63%,$33.86B,$2.92B,8.63%,$33.86B,$5.24B,15.47%,$33.86B,$3.31B,9.78%,$33.86B,$2.13B,6.28%,$2.13B,$16.81B,13.89%,$2.13B,$14.40B,15.65%,$2.13B,$35.40B,6.62%,$2.92B,$22.35B,14.45%,$9007,$6221,$2786,$317,$1020,$8233,$774,$-417,$357,$274,$83,$83,$58,$1407,$774,$326,328,$0.17,$0.15,$1608,$1452,$1002,$8780,$21127,$443,$2408,$471,$26616,$35396,$7613,$5537,$2442,$10974,$18587,$338,$14254,$-1159,$16809,$35396,$2138,$2317,$-34,$2283,$-760,$-16,$0,$-351,$109,$4530,$-5309,$0,$0,$0,$0,$0,$50,$-5259,$1098,$0,$1098,$54,$54,$-131,$-46,$975,$246,$112,$-131
32,2010-09-30,53.31,$48.18,1.11,$102.55,0.52,$2.24,23.82,$7.42,7.19,$8.84B,$6.57B,1.35,$5.54B,$15.83B,0.35,$33.53B,$10.34B,30.84%,$33.53B,$3.07B,9.15%,$33.53B,$3.07B,9.15%,$33.53B,$5.34B,15.92%,$33.53B,$3.67B,10.93%,$33.53B,$2.43B,7.23%,$2.43B,$15.83B,16.75%,$2.43B,$13.78B,18.58%,$2.43B,$33.49B,7.92%,$3.07B,$21.37B,16.07%,$7864,$5330,$2534,$225,$858,$7568,$296,$995,$1291,$200,$1091,$1091,$1154,$880,$296,$328,328,$3.54,$3.52,$2353,$1682,$865,$8839,$19084,$775,$2045,$272,$24646,$33485,$6567,$5541,$2490,$11090,$17657,$328,$14229,$-1377,$15828,$33485,$2055,$1684,$-352,$1332,$0,$0,$0,$-335,$-335,$3052,$-2968,$0,$0,$0,$0,$0,$-25,$-2993,$1093,$0,$1093,$0,$0,$-131,$-30,$932,$991,$84,$-131
33,2010-06-30,45.31,$44.24,1.02,$100.85,0.45,$1.31,34.52,$4.95,9.15,$8.30B,$6.33B,1.31,$4.29B,$14.53B,0.3,$32.94B,$10.01B,30.39%,$32.94B,$3.29B,9.99%,$32.94B,$3.29B,9.99%,$32.94B,$5.55B,16.84%,$32.94B,$2.91B,8.83%,$32.94B,$1.61B,4.89%,$1.61B,$14.53B,11.70%,$1.61B,$13.31B,12.84%,$1.61B,$29.50B,5.49%,$3.29B,$18.82B,18.21%,$7732,$5316,$2416,$172,$844,$6970,$762,$-65,$697,$301,$396,$396,$375,$1320,$762,$328,328,$1.15,$1.15,$1363,$1628,$1434,$8296,$16535,$864,$1218,$271,$21204,$29500,$6330,$4293,$2268,$8640,$14970,$328,$13105,$-1603,$14530,$29500,$964,$1100,$213,$1313,$0,$0,$0,$-471,$-471,$1806,$-1506,$0,$0,$0,$0,$0,$-36,$-1542,$-157,$0,$-157,$0,$0,$-98,$-8,$-263,$1,$54,$-98
34,2010-03-31,56.2,$42.72,1.32,$97.96,0.57,$-0.06,0.0,$4.11,13.67,$8.78B,$7.17B,1.23,$4.30B,$14.03B,0.31,$31.96B,$9.64B,30.16%,$31.96B,$2.84B,8.87%,$31.96B,$2.84B,8.87%,$31.96B,$5.09B,15.93%,$31.96B,$2.43B,7.60%,$31.96B,$1.34B,4.18%,$1.34B,$14.03B,10.10%,$1.34B,$12.81B,11.13%,$1.34B,$29.95B,4.58%,$2.84B,$18.33B,16.21%,$9259,$6540,$2719,$151,$885,$8170,$1089,$-123,$966,$398,$568,$568,$538,$1631,$1089,$327,327,$1.66,$1.65,$1370,$1405,$1502,$8780,$16536,$847,$1218,$285,$21169,$29949,$7165,$4303,$2283,$8757,$15922,$328,$12761,$-1749,$14027,$29949,$568,$542,$147,$689,$0,$0,$0,$-432,$-432,$825,$-605,$0,$0,$0,$0,$0,$-17,$-622,$-142,$0,$-142,$0,$0,$-66,$13,$-195,$8,$24,$-66
35,2009-12-31,54.27,$41.34,1.31,$91.02,0.6,$-0.97,0.0,$2.28,23.8,$7.99B,$6.85B,1.17,$4.32B,$13.53B,0.32,$29.61B,$8.65B,29.22%,$29.61B,$1.93B,6.51%,$29.61B,$1.93B,6.51%,$29.61B,$4.13B,13.94%,$29.61B,$1.52B,5.14%,$29.61B,$0.74B,2.50%,$0.74B,$13.53B,5.80%,$0.74B,$12.30B,6.41%,$0.74B,$29.47B,2.57%,$1.93B,$17.85B,11.34%,$8678,$6005,$2673,$157,$961,$7756,$922,$-211,$711,$341,$370,$370,$358,$1506,$922,$324,326,$1.10,$1.09,$1362,$1438,$1263,$7987,$16627,$913,$1225,$304,$21478,$29465,$6850,$4319,$2546,$9087,$15937,$327,$12251,$-1675,$13528,$29465,$807,$2200,$471,$2671,$320,$-137,$0,$8,$-432,$3046,$-2918,$0,$0,$0,$0,$0,$-6,$-2924,$1297,$-850,$447,$18,$18,$-131,$-2,$332,$454,$128,$-131
36,2009-09-30,47.87,$39.77,1.2,$87.05,0.55,$-0.60,0.0,$0.95,50.39,$6.93B,$6.47B,1.07,$4.24B,$13.01B,0.33,$28.32B,$8.00B,28.25%,$28.32B,$1.21B,4.27%,$28.32B,$1.21B,4.27%,$28.32B,$3.39B,11.98%,$28.32B,$0.82B,2.88%,$28.32B,$0.31B,1.09%,$0.31B,$13.01B,2.47%,$0.31B,$11.78B,2.74%,$0.31B,$28.44B,1.08%,$1.21B,$17.25B,7.29%,$7270,$5069,$2201,$167,$848,$6753,$517,$17,$534,$182,$352,$352,$341,$1089,$517,$326,326,$1.05,$1.05,$957,$1424,$993,$6926,$16646,$975,$1225,$338,$21511,$28437,$6468,$4243,$2460,$8962,$15430,$327,$11926,$-1827,$13007,$28437,$437,$1616,$400,$2016,$0,$0,$0,$-678,$-678,$1775,$-1993,$0,$0,$0,$0,$0,$26,$-1967,$1209,$-850,$359,$0,$0,$-131,$13,$241,$49,$99,$-131
37,2009-06-30,48.04,$37.85,1.27,$99.56,0.48,$2.86,16.82,$2.27,21.17,$7.51B,$7.61B,0.99,$4.18B,$12.38B,0.34,$32.44B,$9.03B,27.83%,$32.44B,$2.27B,6.99%,$32.44B,$2.27B,6.99%,$32.44B,$4.38B,13.49%,$32.44B,$1.78B,5.49%,$32.44B,$0.74B,2.29%,$0.74B,$12.38B,6.04%,$0.74B,$11.15B,6.71%,$0.74B,$28.92B,2.57%,$2.27B,$16.56B,13.92%,$6751,$4705,$2046,$312,$825,$6443,$308,$-91,$217,$115,$102,$102,$100,$866,$308,$326,326,$0.31,$0.31,$1063,$1358,$990,$7508,$16421,$1013,$1225,$336,$21408,$28916,$7613,$4178,$2512,$8925,$16538,$327,$11617,$-2100,$12378,$28916,$85,$1044,$184,$1228,$0,$0,$0,$-72,$-72,$1241,$-1389,$0,$0,$0,$0,$0,$32,$-1357,$358,$0,$358,$0,$0,$-98,$11,$271,$155,$68,$-98
38,2009-03-31,48.37,$37.09,1.3,$114.74,0.42,$6.10,7.93,$4.72,10.25,$7.14B,$7.44B,0.96,$4.19B,$12.13B,0.35,$37.40B,$10.36B,27.69%,$37.40B,$3.73B,9.98%,$37.40B,$3.73B,9.98%,$37.40B,$5.76B,15.41%,$37.40B,$3.29B,8.79%,$37.40B,$1.54B,4.12%,$1.54B,$12.13B,12.89%,$1.54B,$10.91B,14.36%,$1.54B,$28.43B,5.26%,$3.73B,$16.32B,23.45%,$6915,$5182,$1733,$193,$826,$6735,$180,$-120,$60,$77,$-17,$-17,$-59,$666,$180,$323,323,$-0.18,$-0.18,$1157,$1102,$979,$7137,$16356,$1084,$1225,$333,$21296,$28433,$7444,$4193,$2379,$8858,$16302,$327,$11550,$-2238,$12131,$28433,$-17,$486,$116,$602,$0,$0,$0,$40,$40,$625,$-704,$0,$0,$0,$0,$0,$14,$-690,$373,$0,$373,$6,$6,$-65,$0,$314,$249,$40,$-65
39,2008-12-31,47.79,$37.99,1.26,$126.24,0.38,$7.38,6.48,$7.24,6.6,$7.33B,$7.73B,0.95,$3.81B,$12.39B,0.31,$41.13B,$11.57B,28.12%,$41.13B,$5.04B,12.24%,$41.13B,$5.04B,12.24%,$41.13B,$7.03B,17.10%,$41.13B,$4.70B,11.42%,$41.13B,$2.36B,5.74%,$2.36B,$12.39B,20.31%,$2.36B,$11.17B,22.70%,$2.36B,$28.59B,8.14%,$5.04B,$16.20B,32.51%,$7380,$5361,$2019,$258,$904,$7176,$204,$-199,$5,$85,$-80,$-80,$-74,$772,$204,$326,326,$-0.25,$-0.23,$908,$1308,$819,$7332,$16271,$1127,$1225,$342,$21257,$28589,$7730,$3812,$2415,$8468,$16198,$326,$11642,$-2008,$12391,$28589,$2357,$1999,$383,$2382,$357,$-56,$0,$-161,$-51,$4688,$-4438,$0,$0,$0,$0,$0,$-6,$-4444,$-62,$30,$-32,$340,$340,$-130,$-121,$57,$301,$119,$-130
40,2008-09-30,72.98,$37.51,1.95,$133.46,0.55,$7.05,10.35,$9.06,8.06,$8.17B,$8.76B,0.93,$3.89B,$12.23B,0.32,$43.29B,$12.47B,28.81%,$43.29B,$6.07B,14.01%,$43.29B,$6.07B,14.01%,$43.29B,$8.03B,18.54%,$43.29B,$5.90B,13.63%,$43.29B,$2.94B,6.80%,$2.94B,$12.23B,26.85%,$2.94B,$11.01B,30.22%,$2.94B,$29.58B,10.38%,$6.07B,$16.12B,40.82%,$11396,$8164,$3232,$157,$939,$9819,$1577,$-78,$1499,$725,$774,$774,$775,$2074,$1577,$327,327,$2.40,$2.37,$1380,$1817,$317,$8166,$16656,$1108,$1225,$314,$21412,$29578,$8760,$3893,$2191,$8587,$17347,$326,$11749,$-1918,$12231,$29578,$2437,$1431,$216,$1647,$0,$0,$0,$111,$111,$4195,$-3282,$0,$0,$0,$0,$0,$50,$-3232,$-48,$0,$-48,$111,$111,$-130,$-123,$-190,$773,$0,$-130
41,2008-06-30,112.08,$34.12,3.28,$121.94,0.92,$4.33,25.88,$7.92,14.15,$9.69B,$11.24B,0.86,$3.88B,$11.10B,0.35,$39.35B,$11.37B,28.90%,$39.35B,$5.31B,13.50%,$39.35B,$5.31B,13.50%,$39.35B,$7.14B,18.15%,$39.35B,$5.22B,13.26%,$39.35B,$2.56B,6.52%,$2.56B,$11.10B,24.93%,$2.56B,$9.88B,28.30%,$2.56B,$30.74B,9.51%,$5.31B,$14.98B,37.43%,$11711,$8337,$3374,$158,$917,$9941,$1770,$-47,$1723,$812,$911,$911,$900,$2252,$1770,$326,326,$2.81,$2.76,$1479,$1473,$474,$9692,$15754,$1038,$1225,$326,$21047,$30739,$11237,$3877,$2060,$8400,$19637,$325,$11007,$-2268,$11102,$30739,$1663,$934,$72,$1006,$0,$0,$0,$246,$246,$2915,$-2005,$0,$0,$0,$0,$0,$39,$-1966,$-35,$0,$-35,$103,$103,$-97,$-48,$-77,$872,$0,$-97
42,2008-03-31,78.26,$33.30,2.35,$109.33,0.72,$1.21,64.89,$6.91,11.33,$7.29B,$7.95B,0.92,$3.90B,$10.76B,0.36,$35.06B,$10.23B,29.18%,$35.06B,$4.53B,12.93%,$35.06B,$4.53B,12.93%,$35.06B,$6.23B,17.78%,$35.06B,$4.55B,12.97%,$35.06B,$2.22B,6.34%,$2.22B,$10.76B,22.71%,$2.22B,$9.53B,25.96%,$2.22B,$27.01B,8.86%,$4.53B,$14.65B,33.06%,$10647,$7705,$2942,$152,$809,$9163,$1484,$-14,$1470,$718,$752,$752,$759,$1936,$1484,$324,324,$2.39,$2.34,$902,$1177,$365,$7294,$15132,$1082,$1225,$315,$19719,$27013,$7946,$3896,$1993,$8312,$16258,$323,$10139,$-1652,$10755,$27013,$752,$452,$57,$509,$0,$0,$0,$-78,$-78,$1183,$-849,$0,$0,$0,$0,$0,$14,$-835,$-20,$0,$-20,$31,$31,$-64,$0,$-53,$295,$0,$-64
43,2007-12-31,89.42,$30.49,2.93,$99.52,0.9,$-1.30,0.0,$5.74,15.58,$6.93B,$8.02B,0.86,$3.92B,$9.77B,0.4,$31.73B,$9.20B,28.98%,$31.73B,$3.80B,11.99%,$31.73B,$3.80B,11.99%,$31.73B,$5.38B,16.96%,$31.73B,$3.83B,12.06%,$31.73B,$1.83B,5.77%,$1.83B,$9.77B,19.81%,$1.83B,$8.55B,22.84%,$1.83B,$26.13B,7.63%,$3.80B,$13.69B,28.76%,$9536,$6610,$2926,$201,$914,$8301,$1235,$-27,$1208,$577,$631,$631,$510,$1765,$1235,$319,319,$1.63,$1.59,$607,$1250,$361,$6926,$14634,$1117,$1225,$356,$19205,$26131,$8024,$3918,$2053,$8333,$16357,$321,$9412,$-1841,$9774,$26131,$1953,$1576,$324,$1900,$-783,$-254,$0,$80,$-226,$3627,$-3485,$0,$0,$0,$0,$0,$11,$-3474,$208,$0,$208,$111,$111,$-127,$-121,$71,$224,$87,$-127
44,2007-09-30,58.92,$29.77,1.98,$92.32,0.64,$-1.45,0.0,$5.28,11.16,$5.27B,$6.40B,0.82,$3.94B,$9.51B,0.41,$29.35B,$8.36B,28.50%,$29.35B,$3.41B,11.62%,$29.35B,$3.41B,11.62%,$29.35B,$4.81B,16.39%,$29.35B,$3.46B,11.79%,$29.35B,$1.67B,5.70%,$1.67B,$9.51B,18.93%,$1.67B,$8.28B,21.99%,$1.67B,$23.94B,7.25%,$3.41B,$13.45B,26.69%,$7451,$5322,$2129,$131,$765,$6628,$823,$-6,$817,$422,$395,$395,$395,$1188,$823,$320,320,$1.26,$1.23,$565,$1341,$287,$5269,$14273,$1191,$1225,$344,$18667,$23936,$6402,$3939,$1776,$8025,$14427,$319,$8933,$-1574,$9509,$23936,$1322,$1046,$164,$1210,$0,$0,$0,$169,$169,$2701,$-2680,$0,$0,$0,$0,$0,$-6,$-2686,$213,$0,$213,$81,$81,$-127,$0,$167,$182,$0,$-127
45,2007-06-30,52.13,$28.58,1.82,$91.29,0.57,$-0.66,0.0,$4.95,10.53,$5.01B,$6.22B,0.81,$3.96B,$9.09B,0.44,$28.93B,$8.37B,28.94%,$28.93B,$3.48B,12.03%,$28.93B,$3.48B,12.03%,$28.93B,$4.84B,16.72%,$28.93B,$3.58B,12.36%,$28.93B,$1.56B,5.40%,$1.56B,$9.09B,18.61%,$1.56B,$7.86B,21.83%,$1.56B,$23.24B,6.94%,$3.48B,$13.05B,28.33%,$7421,$5190,$2231,$90,$760,$6431,$990,$63,$1053,$496,$557,$557,$557,$1344,$990,$319,319,$1.78,$1.75,$482,$980,$285,$5013,$13754,$1244,$1225,$355,$18224,$23237,$6218,$3961,$1802,$7932,$14150,$318,$8570,$-1615,$9087,$23237,$927,$681,$20,$701,$0,$0,$0,$210,$210,$1838,$-1945,$0,$0,$0,$0,$0,$-3,$-1948,$219,$0,$219,$85,$85,$-95,$0,$209,$99,$0,$-95
46,2007-03-31,48.96,$27.15,1.8,$89.29,0.55,$0.42,116.91,$4.95,9.89,$5.23B,$6.19B,0.85,$4.11B,$8.61B,0.48,$28.23B,$8.13B,28.82%,$28.23B,$3.43B,12.16%,$28.23B,$3.43B,12.16%,$28.23B,$4.72B,16.71%,$28.23B,$3.62B,12.83%,$28.23B,$1.56B,5.52%,$1.56B,$8.61B,19.70%,$1.56B,$7.39B,23.38%,$1.56B,$22.73B,7.08%,$3.43B,$12.72B,29.24%,$7319,$5410,$1909,$93,$700,$6563,$756,$-9,$747,$377,$370,$370,$370,$1083,$756,$311,317,$1.19,$1.17,$249,$1039,$482,$5227,$13143,$1234,$1225,$366,$17500,$22727,$6185,$4111,$1735,$7929,$14114,$317,$8046,$-1505,$8613,$22727,$370,$327,$7,$334,$0,$0,$0,$-65,$-65,$639,$-1106,$0,$0,$0,$0,$0,$-20,$-1126,$369,$0,$369,$47,$47,$-63,$0,$353,$-134,$0,$-63
47,2006-12-31,43.67,$25.86,1.69,$88.96,0.49,$2.59,16.86,$5.99,7.29,$5.85B,$6.74B,0.87,$3.75B,$8.15B,0.46,$28.07B,$8.16B,29.06%,$28.07B,$3.60B,12.81%,$28.07B,$3.60B,12.81%,$28.07B,$4.82B,17.17%,$28.07B,$4.05B,14.42%,$28.07B,$1.88B,6.68%,$1.88B,$8.15B,25.19%,$1.88B,$6.89B,30.26%,$1.88B,$22.44B,8.81%,$3.60B,$11.89B,32.23%,$7155,$5060,$2095,$140,$729,$6313,$842,$0,$842,$483,$359,$359,$351,$1195,$842,$316,316,$1.21,$1.13,$383,$1005,$587,$5848,$12308,$1243,$1253,$360,$16594,$22442,$6739,$3745,$1695,$7556,$14295,$315,$7707,$-1564,$8147,$22442,$1920,$1224,$451,$1675,$-179,$-152,$0,$224,$-104,$3491,$-3400,$0,$0,$0,$0,$0,$111,$-3289,$-13,$0,$-13,$40,$40,$-161,$0,$-134,$68,$0,$-161
