,Date,Stock Price,Book Value per Share,Price to Book Ratio,TTM Sales per Share,Price to Sales Ratio,TTM FCF per Share,Price to FCF Ratio,TTM Net EPS,PE Ratio,Current Assets,Current Liabilities,Current Ratio,Long Term Debt,Shareholder's Equity_x,Debt to Equity Ratio,TTM Revenue_x,TTM Gross Profit,Gross Margin,TTM Revenue_y,TTM Operating Income,Operating Margin,TTM Revenue_x,TTM EBIT,EBIT Margin,TTM Revenue_y,TTM EBITDA,EBITDA Margin,TTM Revenue_x,TTM Pre-Tax Income,Pre-Tax Margin,TTM Revenue_y,TTM Net Income_x,Net Margin,TTM Net Income_y,Shareholder's Equity_y,Return on Equity,TTM Net Income_x,Tangible Equity,Return on Tangible Equity,TTM Net Income_y,Total Assets,Return on Assets,TTM Net Income,LT Investments & Debt,Return on Investment,revenue,cost-goods-sold,gross-profit,research-development-expenses,selling-general-administrative-expenses,operating-expenses,operating-income,total-non-operating-income-expense,pre-tax-income,total-provision-income-taxes,income-after-taxes,income-from-continuous-operations,net-income,ebitda,ebit,basic-shares-outstanding,shares-outstanding,eps-basic-net-earnings-per-share,eps-earnings-per-share-diluted,cash-on-hand,inventory,other-current-assets,total-current-assets,net-property-plant-equipment,long-term-investments,goodwill-intangible-assets-total,other-long-term-assets,total-long-term-assets,total-assets,total-current-liabilities,long-term-debt,other-non-current-liabilities,total-long-term-liabilities,total-liabilities,common-stock-net,retained-earnings-accumulated-deficit,comprehensive-income,total-share-holder-equity,total-liabilities-share-holders-equity,net-income-loss,total-depreciation-amortization-cash-flow,other-non-cash-items,total-non-cash-items,change-in-accounts-receivable,change-in-inventories,change-in-accounts-payable,change-in-assets-liabilities,total-change-in-assets-liabilities,cash-flow-from-operating-activities,net-change-in-property-plant-equipment,net-change-in-intangible-assets,net-acquisitions-divestitures,net-change-in-short-term-investments,net-change-in-long-term-investments,net-change-in-investments-total,investing-activities-other,cash-flow-from-investing-activities,net-long-term-debt,net-current-debt,debt-issuance-retirement-net-total,net-common-equity-issued-repurchased,net-total-equity-issued-repurchased,total-common-preferred-stock-dividends-paid,financial-activities-other,cash-flow-from-financial-activities,net-cash-flow,stock-based-compensation,common-stock-dividends-paid
0,2018-09-30,42.48,$7.66,5.54,$15.78,2.69,$5.46,7.77,$2.61,16.28,$0.89B,$0.69B,1.28,$0.00B,$0.30B,0.0,$0.63B,$0.28B,44.15%,$0.63B,$0.09B,14.56%,$0.63B,$0.09B,14.56%,$0.63B,$0.11B,17.88%,$0.63B,$0.19B,30.06%,$0.63B,$0.11B,16.61%,$0.11B,$0.30B,38.75%,$0.11B,$0.23B,52.50%,$0.11B,$1.07B,10.66%,$0.09B,$0.30B,33.92%,$161,$91,$71,$0,$32,$135,$26,$13,$39,$9,$30,$30,$30,$33,$26,$39,40,$0.75,$0.73,$240,$0,$0,$885,$18,$0,$73,$55,$189,$1073,$694,$0,$80,$80,$773,$0,$148,$-0,$300,$1073,$71,$18,$189,$207,$-5,$0,$-2,$-202,$-202,$76,$-3,$0,$0,$0,$-27,$-27,$0,$-30,$-0,$0,$-0,$-14,$-14,$-68,$0,$-82,$-36,$19,$-68
1,2018-06-30,34.35,$6.75,5.09,$15.49,2.22,$5.13,6.69,$2.42,14.19,$0.49B,$0.30B,1.59,$0.00B,$0.26B,0.0,$0.62B,$0.27B,43.94%,$0.62B,$0.09B,14.70%,$0.62B,$0.09B,14.70%,$0.62B,$0.11B,17.61%,$0.62B,$0.19B,30.37%,$0.62B,$0.10B,15.67%,$0.10B,$0.26B,37.60%,$0.10B,$0.19B,50.92%,$0.10B,$0.65B,9.64%,$0.09B,$0.26B,35.24%,$154,$86,$68,$0,$33,$132,$22,$12,$33,$9,$24,$24,$24,$27,$22,$39,40,$0.62,$0.61,$229,$0,$0,$485,$17,$0,$73,$32,$167,$652,$304,$0,$83,$83,$388,$0,$118,$-0,$264,$652,$41,$11,$-196,$-185,$0,$0,$-2,$178,$179,$36,$-2,$0,$0,$0,$0,$0,$0,$-2,$-0,$0,$-0,$-14,$-14,$-68,$0,$-82,$-48,$13,$-68
2,2018-03-31,49.7,$5.98,8.32,$15.13,3.28,$5.26,9.45,$2.30,21.61,$1.16B,$1.00B,1.17,$0.00B,$0.23B,0.0,$0.60B,$0.26B,43.52%,$0.60B,$0.09B,14.62%,$0.60B,$0.09B,14.62%,$0.60B,$0.11B,17.44%,$0.60B,$0.19B,31.06%,$0.60B,$0.09B,15.28%,$0.09B,$0.23B,37.17%,$0.09B,$0.16B,49.80%,$0.09B,$1.32B,8.11%,$0.09B,$0.23B,35.52%,$132,$79,$53,$0,$37,$129,$3,$15,$18,$1,$17,$17,$17,$8,$3,$39,40,$0.44,$0.42,$193,$0,$0,$1161,$17,$0,$70,$24,$162,$1323,$995,$0,$94,$94,$1090,$0,$94,$1,$234,$1323,$17,$5,$505,$511,$-2,$0,$-2,$-511,$-530,$-2,$-0,$0,$0,$0,$0,$0,$0,$-0,$-0,$0,$-0,$-14,$-14,$-68,$0,$-82,$-84,$6,$-68
3,2017-12-31,46.75,$7.43,6.3,$15.40,3.04,$5.64,8.29,$2.38,19.64,$0.73B,$0.51B,1.44,$0.00B,$0.29B,0.0,$0.61B,$0.27B,44.01%,$0.61B,$0.11B,17.41%,$0.61B,$0.11B,17.41%,$0.61B,$0.12B,19.87%,$0.61B,$0.20B,33.00%,$0.61B,$0.10B,15.60%,$0.10B,$0.29B,39.83%,$0.10B,$0.22B,52.49%,$0.10B,$0.89B,8.59%,$0.11B,$0.29B,44.40%,$185,$99,$87,$0,$32,$145,$41,$60,$100,$66,$34,$34,$34,$45,$41,$39,40,$0.89,$0.86,$277,$0,$0,$730,$18,$0,$68,$26,$162,$892,$507,$0,$99,$99,$606,$0,$147,$0,$286,$892,$95,$17,$165,$182,$1,$0,$1,$-176,$-156,$120,$-7,$0,$-6,$0,$0,$0,$0,$-13,$-0,$0,$-0,$-6,$-6,$-60,$0,$-66,$41,$17,$-60
4,2017-09-30,38.03,$6.42,5.92,$14.74,2.58,$4.68,8.13,$2.23,17.05,$0.96B,$0.79B,1.23,$0.00B,$0.25B,0.0,$0.58B,$0.25B,43.45%,$0.58B,$0.10B,17.59%,$0.58B,$0.10B,17.59%,$0.58B,$0.12B,20.00%,$0.58B,$0.15B,25.52%,$0.58B,$0.09B,15.17%,$0.09B,$0.25B,38.90%,$0.09B,$0.19B,50.21%,$0.09B,$1.16B,8.29%,$0.10B,$0.25B,45.08%,$148,$84,$64,$0,$28,$123,$25,$13,$37,$16,$22,$22,$22,$29,$25,$39,40,$0.56,$0.54,$222,$0,$0,$961,$17,$0,$59,$24,$195,$1156,$785,$0,$124,$124,$908,$0,$112,$-0,$248,$1156,$61,$12,$449,$461,$-0,$0,$-1,$-465,$-459,$63,$-4,$0,$-6,$0,$0,$0,$0,$-11,$-0,$0,$-0,$-6,$-6,$-60,$0,$-66,$-14,$13,$-60
5,2017-06-30,33.42,$5.75,5.81,$14.28,2.34,$3.98,8.4,$2.20,15.19,$0.97B,$0.80B,1.21,$0.00B,$0.22B,0.0,$0.56B,$0.24B,43.47%,$0.56B,$0.10B,18.07%,$0.56B,$0.10B,18.07%,$0.56B,$0.11B,20.39%,$0.56B,$0.14B,25.58%,$0.56B,$0.09B,15.38%,$0.09B,$0.22B,39.86%,$0.09B,$0.17B,50.44%,$0.09B,$1.16B,8.00%,$0.10B,$0.22B,46.81%,$137,$79,$58,$0,$29,$118,$19,$13,$32,$13,$19,$19,$19,$23,$19,$39,39,$0.50,$0.49,$202,$0,$0,$967,$16,$0,$54,$27,$196,$1164,$799,$0,$143,$143,$942,$0,$91,$-0,$222,$1164,$39,$8,$472,$480,$-3,$0,$-1,$-474,$-478,$41,$-2,$0,$-6,$0,$0,$0,$0,$-8,$-0,$0,$-0,$-6,$-6,$-60,$0,$-66,$-34,$9,$-60
6,2017-03-31,26.6,$5.12,5.19,$13.82,1.92,$3.38,7.86,$2.12,12.55,$1.02B,$0.87B,1.18,$0.00B,$0.20B,0.0,$0.54B,$0.24B,43.70%,$0.54B,$0.10B,18.52%,$0.54B,$0.10B,18.52%,$0.54B,$0.11B,20.56%,$0.54B,$0.14B,25.37%,$0.54B,$0.08B,15.37%,$0.08B,$0.20B,40.29%,$0.08B,$0.15B,50.15%,$0.08B,$1.21B,9.10%,$0.10B,$0.20B,48.54%,$139,$80,$59,$0,$28,$118,$21,$11,$32,$12,$20,$20,$20,$24,$21,$39,39,$0.51,$0.50,$176,$0,$0,$1024,$16,$0,$50,$20,$187,$1211,$872,$0,$142,$142,$1014,$0,$71,$-0,$198,$1211,$20,$4,$556,$559,$-1,$0,$-1,$-551,$-566,$13,$-1,$0,$-6,$0,$0,$0,$0,$-7,$-0,$0,$-0,$-6,$-6,$-60,$0,$-66,$-60,$4,$-60
7,2016-12-31,27.54,$6.21,4.43,$13.34,2.06,$2.59,10.64,$1.98,13.91,$0.53B,$0.34B,1.56,$0.00B,$0.24B,0.0,$0.52B,$0.23B,43.55%,$0.52B,$0.10B,18.50%,$0.52B,$0.10B,18.50%,$0.52B,$0.11B,20.42%,$0.52B,$0.13B,24.66%,$0.52B,$0.08B,14.84%,$0.08B,$0.24B,38.99%,$0.08B,$0.20B,47.75%,$0.08B,$0.72B,9.39%,$0.10B,$0.24B,48.61%,$156,$85,$71,$0,$24,$119,$37,$9,$47,$19,$27,$27,$27,$40,$37,$38,39,$0.73,$0.71,$236,$0,$0,$529,$16,$0,$40,$19,$188,$717,$338,$0,$142,$142,$480,$0,$115,$0,$237,$717,$77,$12,$-15,$-3,$2,$0,$-0,$11,$5,$79,$-5,$0,$0,$0,$0,$0,$0,$-5,$-1,$0,$-1,$-3,$-3,$-68,$-1,$-72,$2,$12,$-68
8,2016-09-30,25.21,$5.40,4.67,$13.73,1.84,$2.55,9.89,$2.16,11.67,$1.02B,$0.87B,1.18,$0.00B,$0.21B,0.0,$0.53B,$0.23B,43.80%,$0.53B,$0.11B,19.92%,$0.53B,$0.11B,19.92%,$0.53B,$0.12B,21.80%,$0.53B,$0.14B,25.75%,$0.53B,$0.08B,15.79%,$0.08B,$0.21B,43.75%,$0.08B,$0.17B,53.08%,$0.08B,$1.21B,10.16%,$0.11B,$0.21B,55.21%,$127,$71,$55,$0,$23,$102,$24,$8,$32,$12,$20,$20,$20,$27,$24,$38,39,$0.52,$0.51,$192,$0,$0,$1024,$16,$0,$36,$17,$183,$1207,$870,$0,$131,$131,$1001,$0,$88,$0,$206,$1207,$50,$9,$11,$20,$-1,$0,$-0,$-25,$-35,$34,$-4,$0,$0,$0,$0,$0,$0,$-4,$-0,$0,$-0,$-3,$-3,$-68,$-1,$-72,$-42,$9,$-68
9,2016-06-30,26.29,$4.80,5.48,$13.43,1.96,$2.20,11.93,$2.15,12.23,$0.33B,$0.19B,1.76,$0.00B,$0.18B,0.0,$0.52B,$0.23B,43.93%,$0.52B,$0.11B,20.42%,$0.52B,$0.11B,20.42%,$0.52B,$0.12B,22.16%,$0.52B,$0.14B,26.59%,$0.52B,$0.08B,15.99%,$0.08B,$0.18B,44.86%,$0.08B,$0.15B,54.43%,$0.08B,$0.51B,13.00%,$0.11B,$0.18B,57.30%,$118,$66,$51,$0,$26,$100,$18,$9,$26,$10,$16,$16,$16,$20,$18,$38,39,$0.41,$0.41,$177,$0,$0,$331,$13,$0,$35,$15,$182,$513,$187,$0,$142,$143,$330,$0,$68,$0,$183,$513,$30,$6,$-161,$-155,$1,$0,$-1,$158,$142,$16,$-1,$0,$0,$0,$0,$0,$0,$-1,$-0,$0,$-0,$-3,$-3,$-68,$-1,$-72,$-57,$6,$-68
10,2016-03-31,25.06,$4.30,5.83,$13.66,1.84,$2.01,12.48,$2.29,10.94,$0.66B,$0.54B,1.23,$0.00B,$0.16B,0.0,$0.53B,$0.23B,44.30%,$0.53B,$0.11B,21.67%,$0.53B,$0.11B,21.67%,$0.53B,$0.12B,23.38%,$0.53B,$0.15B,27.95%,$0.53B,$0.09B,16.73%,$0.09B,$0.16B,49.30%,$0.09B,$0.13B,59.56%,$0.09B,$0.84B,12.36%,$0.11B,$0.16B,63.87%,$118,$69,$49,$0,$25,$101,$17,$6,$23,$9,$14,$14,$14,$19,$17,$38,38,$0.36,$0.36,$144,$0,$0,$663,$13,$0,$32,$14,$180,$844,$540,$0,$139,$140,$680,$0,$52,$0,$164,$844,$14,$3,$7,$9,$1,$0,$-1,$-13,$-41,$-18,$-0,$0,$0,$0,$0,$0,$0,$-0,$-0,$0,$-0,$-3,$-3,$-68,$-1,$-72,$-90,$3,$-68
11,2015-12-31,26.48,$5.67,4.67,$13.06,2.03,$1.97,13.44,$2.18,12.15,$0.56B,$0.38B,1.47,$0.00B,$0.22B,0.0,$0.50B,$0.22B,44.22%,$0.50B,$0.11B,21.51%,$0.50B,$0.11B,21.51%,$0.50B,$0.12B,23.31%,$0.50B,$0.14B,28.29%,$0.50B,$0.08B,16.53%,$0.08B,$0.22B,48.61%,$0.08B,$0.18B,58.55%,$0.08B,$0.74B,11.30%,$0.11B,$0.22B,63.16%,$169,$91,$78,$0,$24,$122,$47,$9,$56,$22,$34,$34,$34,$50,$47,$38,38,$0.89,$0.88,$234,$0,$0,$557,$14,$0,$31,$11,$186,$743,$378,$1,$150,$150,$528,$0,$108,$0,$215,$743,$84,$9,$141,$150,$-3,$0,$0,$-147,$-156,$78,$-6,$0,$0,$0,$0,$0,$0,$-6,$-0,$0,$-0,$-2,$-2,$-68,$0,$-70,$2,$9,$-68
12,2015-09-30,28.77,$4.70,6.12,$12.42,2.32,$2.86,10.07,$2.01,14.31,$0.27B,$0.13B,2.01,$0.00B,$0.18B,0.0,$0.48B,$0.21B,43.58%,$0.48B,$0.10B,20.63%,$0.48B,$0.10B,20.63%,$0.48B,$0.11B,22.32%,$0.48B,$0.13B,27.58%,$0.48B,$0.08B,16.00%,$0.08B,$0.18B,46.48%,$0.08B,$0.15B,55.78%,$0.08B,$0.45B,10.86%,$0.10B,$0.18B,59.76%,$114,$64,$50,$0,$21,$90,$24,$9,$33,$14,$19,$19,$19,$26,$24,$38,39,$0.51,$0.50,$179,$0,$0,$268,$12,$0,$31,$9,$186,$454,$134,$1,$142,$142,$276,$0,$74,$0,$178,$454,$50,$7,$5,$11,$-2,$0,$0,$-3,$-41,$20,$-4,$0,$0,$0,$0,$0,$0,$-4,$-0,$0,$-0,$-2,$-2,$-68,$0,$-70,$-53,$6,$-68
13,2015-06-30,35.56,$4.14,8.58,$12.43,2.86,$3.30,10.78,$1.98,17.96,$0.62B,$0.49B,1.27,$0.00B,$0.16B,0.0,$0.47B,$0.21B,43.46%,$0.47B,$0.10B,21.10%,$0.47B,$0.10B,21.10%,$0.47B,$0.11B,22.78%,$0.47B,$0.13B,27.00%,$0.47B,$0.08B,15.82%,$0.08B,$0.16B,47.32%,$0.08B,$0.13B,56.07%,$0.08B,$0.81B,10.41%,$0.10B,$0.16B,62.89%,$125,$69,$56,$0,$24,$99,$26,$9,$35,$14,$21,$21,$21,$28,$26,$38,38,$0.56,$0.55,$169,$0,$0,$623,$11,$0,$28,$8,$185,$808,$492,$1,$159,$159,$651,$0,$55,$0,$157,$808,$31,$4,$268,$272,$-3,$0,$-0,$-266,$-294,$9,$-2,$0,$0,$0,$0,$0,$0,$-2,$-0,$0,$-0,$-2,$-2,$-68,$0,$-70,$-63,$5,$-68
14,2015-03-31,31.99,$3.52,9.08,$11.67,2.74,$3.26,9.82,$1.76,18.18,$0.75B,$0.63B,1.19,$0.00B,$0.13B,0.0,$0.44B,$0.19B,43.02%,$0.44B,$0.09B,20.72%,$0.44B,$0.09B,20.72%,$0.44B,$0.10B,22.52%,$0.44B,$0.11B,25.68%,$0.44B,$0.07B,15.09%,$0.07B,$0.13B,43.58%,$0.07B,$0.11B,51.24%,$0.07B,$0.93B,10.34%,$0.09B,$0.13B,59.55%,$94,$56,$38,$0,$22,$83,$11,$7,$18,$8,$9,$9,$9,$13,$11,$38,38,$0.25,$0.25,$142,$0,$0,$750,$10,$0,$26,$7,$183,$933,$633,$0,$166,$167,$799,$0,$34,$0,$133,$933,$9,$2,$424,$426,$-2,$0,$-1,$-421,$-454,$-19,$-1,$0,$0,$0,$0,$0,$0,$-1,$-0,$0,$-0,$-2,$-2,$-68,$0,$-70,$-90,$2,$-68
15,2014-12-31,29.1,$4.95,5.88,$11.22,2.59,$3.16,9.2,$1.61,18.08,$0.42B,$0.24B,1.75,$0.00B,$0.19B,0.0,$0.43B,$0.18B,42.96%,$0.43B,$0.09B,19.95%,$0.43B,$0.09B,19.95%,$0.43B,$0.09B,21.83%,$0.43B,$0.10B,24.18%,$0.43B,$0.06B,14.55%,$0.06B,$0.19B,40.92%,$0.06B,$0.16B,47.78%,$0.06B,$0.60B,12.18%,$0.09B,$0.19B,55.92%,$142,$79,$63,$0,$21,$105,$37,$8,$45,$18,$27,$27,$27,$39,$37,$38,38,$0.71,$0.71,$232,$0,$0,$419,$10,$0,$24,$5,$186,$604,$239,$0,$178,$179,$418,$0,$94,$0,$186,$604,$61,$8,$13,$21,$-0,$0,$1,$-10,$27,$110,$-5,$0,$0,$0,$0,$0,$0,$-5,$-0,$0,$-0,$-6,$-6,$-68,$1,$-74,$31,$10,$-68
16,2014-09-30,23.45,$4.24,5.53,$10.94,2.14,$2.43,9.63,$1.50,15.64,$0.35B,$0.23B,1.54,$0.00B,$0.16B,0.0,$0.42B,$0.18B,43.37%,$0.42B,$0.08B,20.24%,$0.42B,$0.08B,20.24%,$0.42B,$0.09B,22.17%,$0.42B,$0.10B,23.37%,$0.42B,$0.06B,13.98%,$0.06B,$0.16B,38.93%,$0.06B,$0.14B,45.31%,$0.06B,$0.54B,12.08%,$0.08B,$0.16B,56.28%,$113,$64,$49,$0,$19,$87,$26,$4,$30,$12,$18,$18,$18,$28,$26,$38,38,$0.48,$0.47,$161,$0,$0,$354,$8,$0,$21,$6,$183,$537,$231,$0,$148,$148,$379,$0,$67,$0,$158,$537,$34,$6,$15,$21,$-3,$0,$-0,$-1,$-19,$36,$-2,$0,$0,$0,$0,$0,$0,$-2,$-0,$0,$-0,$-6,$-6,$-68,$1,$-74,$-41,$8,$-68
17,2014-06-30,30.13,$3.72,8.11,$10.35,2.91,$2.47,12.18,$1.38,21.83,$0.33B,$0.22B,1.47,$0.00B,$0.14B,0.0,$0.39B,$0.17B,43.73%,$0.39B,$0.08B,19.69%,$0.39B,$0.08B,19.69%,$0.39B,$0.08B,21.48%,$0.39B,$0.09B,22.51%,$0.39B,$0.05B,13.55%,$0.05B,$0.14B,35.87%,$0.05B,$0.12B,41.81%,$0.05B,$0.52B,12.12%,$0.08B,$0.14B,52.03%,$95,$53,$41,$0,$20,$77,$18,$3,$21,$9,$13,$13,$13,$20,$18,$38,38,$0.33,$0.33,$133,$0,$0,$328,$7,$0,$21,$12,$190,$518,$224,$0,$156,$156,$380,$0,$49,$0,$138,$518,$16,$4,$109,$113,$-3,$0,$-1,$-105,$-123,$7,$-1,$0,$0,$0,$0,$0,$0,$-1,$-0,$0,$-0,$-6,$-6,$-68,$1,$-74,$-68,$7,$-68
18,2014-03-31,27.23,$3.32,8.19,$10.00,2.72,$2.68,10.17,$1.40,19.45,$0.18B,$0.10B,1.85,$0.00B,$0.12B,0.0,$0.38B,$0.16B,43.50%,$0.38B,$0.07B,19.63%,$0.38B,$0.07B,19.63%,$0.38B,$0.08B,21.49%,$0.38B,$0.09B,23.34%,$0.38B,$0.05B,14.06%,$0.05B,$0.12B,35.81%,$0.05B,$0.10B,41.73%,$0.05B,$0.38B,13.01%,$0.07B,$0.12B,50.00%,$76,$46,$30,$0,$22,$72,$4,$3,$7,$4,$4,$4,$4,$6,$4,$38,38,$0.10,$0.10,$105,$0,$0,$184,$7,$0,$21,$7,$193,$377,$100,$0,$154,$154,$254,$0,$36,$0,$124,$377,$4,$2,$-12,$-9,$-2,$0,$-0,$13,$-17,$-22,$-0,$0,$0,$0,$0,$0,$0,$-0,$-0,$0,$-0,$-6,$-6,$-68,$1,$-74,$-96,$5,$-68
19,2013-12-31,20.42,$4.75,4.3,$9.43,2.17,$2.84,7.19,$1.36,15.01,$0.30B,$0.15B,1.99,$0.00B,$0.18B,0.0,$0.36B,$0.15B,43.10%,$0.36B,$0.07B,19.72%,$0.36B,$0.07B,19.72%,$0.36B,$0.08B,21.41%,$0.36B,$0.09B,23.94%,$0.36B,$0.05B,14.37%,$0.05B,$0.18B,34.40%,$0.05B,$0.16B,40.08%,$0.05B,$0.49B,11.51%,$0.07B,$0.18B,47.22%,$131,$71,$60,$0,$20,$95,$36,$3,$39,$16,$23,$23,$23,$38,$36,$37,38,$0.61,$0.60,$201,$0,$0,$296,$7,$0,$20,$4,$192,$488,$148,$0,$164,$164,$313,$0,$102,$0,$176,$488,$51,$7,$-154,$-147,$1,$0,$0,$158,$176,$80,$-3,$0,$0,$0,$0,$0,$0,$-3,$-0,$0,$-0,$-2,$-2,$0,$0,$-2,$75,$8,$0
20,2013-09-30,19.05,$4.10,4.65,$8.58,2.22,$1.97,9.68,$1.28,14.88,$0.17B,$0.05B,3.14,$0.00B,$0.15B,0.0,$0.32B,$0.14B,42.37%,$0.32B,$0.06B,17.45%,$0.32B,$0.06B,17.45%,$0.32B,$0.06B,19.00%,$0.32B,$0.06B,18.38%,$0.32B,$0.05B,14.95%,$0.05B,$0.15B,35.69%,$0.05B,$0.13B,42.38%,$0.05B,$0.37B,10.25%,$0.06B,$0.15B,41.64%,$89,$50,$40,$0,$18,$71,$19,$3,$21,$8,$13,$13,$13,$20,$19,$37,38,$0.36,$0.35,$159,$0,$0,$170,$7,$0,$21,$7,$197,$366,$54,$0,$160,$160,$214,$0,$79,$0,$153,$366,$29,$5,$-243,$-238,$-2,$0,$0,$242,$247,$38,$-3,$0,$0,$0,$0,$0,$0,$-3,$-0,$0,$-0,$-2,$-2,$0,$0,$-1,$33,$6,$0
21,2013-06-30,13.51,$3.73,3.62,$8.06,1.68,$1.39,9.72,$1.20,11.26,$0.20B,$0.10B,2.08,$0.00B,$0.14B,0.0,$0.30B,$0.13B,41.53%,$0.30B,$0.05B,16.28%,$0.30B,$0.05B,16.28%,$0.30B,$0.06B,18.27%,$0.30B,$0.05B,17.94%,$0.30B,$0.05B,14.95%,$0.05B,$0.14B,33.21%,$0.05B,$0.12B,39.22%,$0.05B,$0.40B,8.67%,$0.05B,$0.14B,36.10%,$81,$47,$34,$0,$16,$66,$15,$6,$21,$8,$13,$13,$13,$17,$15,$37,38,$0.35,$0.35,$138,$0,$0,$203,$5,$0,$21,$7,$195,$398,$98,$0,$161,$162,$259,$0,$66,$0,$139,$398,$15,$4,$-190,$-187,$-0,$0,$-0,$195,$185,$14,$-1,$0,$0,$0,$0,$0,$0,$-1,$-0,$0,$-0,$-2,$-2,$0,$0,$-1,$12,$3,$0
22,2013-03-31,15.15,$3.36,4.51,$7.71,1.97,$1.27,11.94,$1.14,13.29,$0.32B,$0.23B,1.37,$0.00B,$0.13B,0.0,$0.29B,$0.12B,41.81%,$0.29B,$0.05B,16.38%,$0.29B,$0.05B,16.38%,$0.29B,$0.05B,18.47%,$0.29B,$0.05B,18.12%,$0.29B,$0.04B,14.98%,$0.04B,$0.13B,31.27%,$0.04B,$0.10B,36.60%,$0.04B,$0.52B,7.35%,$0.05B,$0.13B,34.12%,$54,$35,$19,$0,$16,$54,$-0,$4,$4,$2,$2,$2,$2,$1,$-0,$37,37,$0.06,$0.06,$108,$0,$0,$321,$5,$0,$21,$6,$201,$521,$234,$0,$162,$162,$396,$0,$53,$0,$125,$521,$2,$2,$-47,$-46,$1,$0,$-0,$47,$27,$-17,$-0,$0,$0,$0,$0,$0,$0,$-0,$-0,$0,$-0,$-2,$-2,$0,$0,$-1,$-18,$3,$0
23,2012-12-31,11.33,$3.27,3.47,$7.68,1.47,$1.30,8.72,$1.17,9.68,$0.39B,$0.30B,1.31,$0.00B,$0.12B,0.0,$0.29B,$0.12B,42.46%,$0.29B,$0.05B,17.54%,$0.29B,$0.05B,17.54%,$0.29B,$0.06B,19.65%,$0.29B,$0.05B,18.95%,$0.29B,$0.04B,15.44%,$0.04B,$0.12B,31.37%,$0.04B,$0.10B,36.29%,$0.04B,$0.59B,7.74%,$0.05B,$0.12B,35.52%,$97,$54,$43,$0,$18,$76,$22,$-9,$13,$-7,$20,$20,$20,$23,$22,$37,37,$0.54,$0.53,$126,$0,$0,$390,$5,$0,$22,$3,$200,$589,$299,$0,$169,$170,$468,$0,$50,$0,$121,$589,$44,$6,$111,$117,$-0,$0,$-0,$-123,$-116,$45,$-2,$0,$0,$0,$0,$0,$0,$-2,$-0,$0,$-0,$-1,$-1,$-57,$0,$-58,$-15,$3,$-57
24,2012-09-30,10.23,$4.24,2.41,$7.17,1.43,$2.13,4.81,$1.00,10.23,$0.39B,$0.26B,1.47,$0.00B,$0.16B,0.0,$0.26B,$0.11B,42.42%,$0.26B,$0.05B,17.42%,$0.26B,$0.05B,17.42%,$0.26B,$0.05B,20.08%,$0.26B,$0.06B,23.86%,$0.26B,$0.04B,14.02%,$0.04B,$0.16B,25.96%,$0.04B,$0.14B,29.60%,$0.04B,$0.57B,6.84%,$0.05B,$0.16B,32.11%,$69,$40,$29,$0,$13,$57,$12,$3,$16,$5,$10,$10,$10,$14,$12,$37,37,$0.27,$0.27,$152,$0,$0,$387,$5,$0,$19,$4,$181,$568,$263,$0,$148,$148,$411,$0,$87,$0,$157,$568,$24,$4,$85,$89,$-1,$0,$-1,$-77,$-99,$14,$-2,$0,$0,$0,$0,$0,$0,$-2,$-0,$0,$-0,$-1,$-1,$-1,$0,$-2,$11,$3,$-1
25,2012-06-30,9.57,$3.97,2.41,$7.08,1.35,$3.05,3.14,$1.02,9.38,$0.48B,$0.35B,1.36,$0.00B,$0.15B,0.0,$0.26B,$0.11B,42.86%,$0.26B,$0.05B,18.53%,$0.26B,$0.05B,18.53%,$0.26B,$0.05B,20.85%,$0.26B,$0.06B,23.17%,$0.26B,$0.04B,14.29%,$0.04B,$0.15B,27.92%,$0.04B,$0.13B,31.97%,$0.04B,$0.66B,7.41%,$0.05B,$0.15B,36.09%,$67,$37,$29,$0,$12,$53,$13,$5,$19,$8,$11,$11,$11,$15,$13,$37,37,$0.29,$0.29,$149,$0,$0,$479,$5,$0,$18,$6,$183,$662,$353,$0,$162,$162,$515,$0,$77,$0,$147,$662,$14,$3,$6,$9,$-2,$0,$-1,$-5,$-13,$10,$-2,$0,$0,$0,$0,$0,$0,$-2,$-0,$0,$-0,$-1,$-1,$-1,$0,$-2,$7,$2,$-1
26,2012-03-31,11.31,$3.69,3.06,$7.29,1.55,$3.71,3.05,$1.08,10.47,$0.27B,$0.16B,1.7,$0.00B,$0.14B,0.0,$0.27B,$0.12B,43.40%,$0.27B,$0.05B,19.62%,$0.27B,$0.05B,19.62%,$0.27B,$0.06B,21.51%,$0.27B,$0.06B,23.77%,$0.27B,$0.04B,14.72%,$0.04B,$0.14B,31.90%,$0.04B,$0.12B,36.71%,$0.04B,$0.46B,9.08%,$0.05B,$0.14B,42.36%,$52,$32,$20,$0,$13,$49,$3,$3,$6,$2,$3,$3,$3,$4,$3,$36,37,$0.09,$0.09,$126,$0,$0,$267,$5,$0,$17,$7,$189,$456,$158,$0,$162,$162,$320,$0,$66,$0,$136,$456,$3,$2,$-13,$-11,$-1,$0,$-1,$13,$-6,$-14,$-2,$0,$0,$0,$0,$0,$0,$-2,$-0,$0,$-0,$-1,$-1,$0,$0,$-1,$-16,$2,$0
27,2011-12-31,7.09,$3.62,1.96,$7.05,1.01,$4.10,1.73,$1.10,6.45,$0.30B,$0.19B,1.59,$0.00B,$0.13B,0.0,$0.26B,$0.11B,43.92%,$0.26B,$0.05B,20.78%,$0.26B,$0.05B,20.78%,$0.26B,$0.06B,22.75%,$0.26B,$0.06B,25.10%,$0.26B,$0.04B,15.69%,$0.04B,$0.13B,35.71%,$0.04B,$0.11B,41.45%,$0.04B,$0.48B,9.98%,$0.05B,$0.13B,47.22%,$76,$42,$34,$0,$12,$58,$18,$3,$22,$9,$13,$13,$13,$20,$18,$36,36,$0.36,$0.36,$142,$0,$0,$298,$4,$0,$17,$4,$181,$478,$187,$0,$161,$161,$348,$0,$63,$0,$130,$478,$42,$5,$95,$99,$-0,$0,$0,$-81,$-68,$74,$-2,$0,$0,$0,$0,$0,$0,$-2,$-0,$0,$-0,$-0,$-0,$-3,$0,$-3,$68,$2,$-3
28,2011-09-30,6.0,$3.25,1.84,$6.75,0.89,$3.37,1.78,$0.87,6.9,$0.22B,$0.13B,1.75,$0.00B,$0.12B,0.0,$0.23B,$0.10B,43.42%,$0.23B,$0.04B,17.54%,$0.23B,$0.04B,17.54%,$0.23B,$0.04B,19.30%,$0.23B,$0.05B,21.49%,$0.23B,$0.03B,13.60%,$0.03B,$0.12B,30.39%,$0.03B,$0.10B,35.73%,$0.03B,$0.40B,8.50%,$0.04B,$0.12B,39.22%,$64,$36,$28,$0,$11,$50,$14,$-1,$13,$2,$11,$11,$10,$15,$14,$36,36,$0.29,$0.29,$116,$0,$0,$218,$5,$0,$16,$4,$182,$401,$125,$0,$159,$159,$284,$0,$50,$0,$117,$401,$29,$3,$14,$17,$-3,$0,$-0,$1,$2,$47,$-2,$0,$0,$0,$0,$0,$0,$-2,$-0,$0,$-0,$-0,$-0,$-3,$0,$-3,$42,$1,$-3
29,2011-06-30,10.36,$2.95,3.52,$6.07,1.71,$2.74,3.78,$0.69,15.01,$0.20B,$0.12B,1.69,$0.00B,$0.11B,0.0,$0.20B,$0.09B,43.28%,$0.20B,$0.03B,15.92%,$0.20B,$0.03B,15.92%,$0.20B,$0.04B,17.91%,$0.20B,$0.04B,21.89%,$0.20B,$0.03B,12.44%,$0.03B,$0.11B,26.60%,$0.03B,$0.09B,31.55%,$0.03B,$0.38B,7.59%,$0.03B,$0.11B,34.04%,$73,$40,$33,$0,$14,$56,$17,$5,$22,$9,$13,$13,$13,$18,$17,$36,36,$0.36,$0.35,$103,$0,$0,$200,$5,$0,$15,$3,$183,$384,$119,$0,$159,$159,$278,$0,$40,$0,$106,$384,$18,$2,$29,$31,$-3,$0,$-0,$-21,$-15,$34,$-2,$0,$0,$0,$0,$0,$0,$-2,$-0,$0,$-0,$-0,$-0,$-3,$0,$-3,$29,$1,$-3
30,2011-03-31,10.32,$2.64,3.91,$5.79,1.78,$2.53,4.09,$0.48,21.51,$0.15B,$0.09B,1.72,$0.00B,$0.10B,0.0,$0.16B,$0.07B,42.59%,$0.16B,$0.02B,12.35%,$0.16B,$0.02B,12.35%,$0.16B,$0.02B,14.81%,$0.16B,$0.03B,19.14%,$0.16B,$0.02B,9.26%,$0.02B,$0.10B,17.14%,$0.02B,$0.08B,20.48%,$0.02B,$0.34B,4.94%,$0.02B,$0.10B,22.86%,$42,$25,$17,$0,$10,$38,$4,$3,$7,$3,$4,$4,$4,$5,$4,$35,36,$0.11,$0.11,$72,$0,$0,$152,$4,$0,$15,$3,$189,$341,$89,$0,$157,$158,$246,$0,$27,$0,$95,$341,$4,$1,$2,$3,$-1,$0,$-0,$-2,$-8,$-1,$-0,$0,$0,$0,$0,$0,$0,$-0,$-0,$0,$-0,$-0,$-0,$0,$0,$-0,$-1,$1,$0
31,2010-12-31,6.63,$2.58,2.58,$5.70,1.16,$2.44,2.71,$0.37,17.92,$0.15B,$0.09B,1.66,$0.00B,$0.09B,0.0,$0.14B,$0.06B,42.45%,$0.14B,$0.02B,10.79%,$0.14B,$0.02B,10.79%,$0.14B,$0.02B,13.67%,$0.14B,$0.03B,17.99%,$0.14B,$0.01B,7.91%,$0.01B,$0.09B,13.62%,$0.01B,$0.08B,16.42%,$0.01B,$0.33B,4.12%,$0.02B,$0.09B,18.58%,$49,$28,$21,$0,$13,$44,$5,$2,$7,$3,$5,$5,$4,$6,$5,$27,27,$0.15,$0.15,$73,$0,$0,$149,$4,$0,$14,$2,$184,$333,$90,$0,$153,$153,$243,$0,$23,$0,$90,$333,$17,$4,$41,$44,$-0,$0,$0,$-36,$-27,$34,$-0,$0,$0,$0,$0,$0,$0,$-0,$-0,$0,$-0,$-0,$-0,$-1,$0,$-2,$32,$1,$-1
32,2010-09-30,6.37,$2.43,2.62,$5.53,1.15,$1.54,4.14,$0.34,18.74,$0.07B,$0.02B,3.22,$0.00B,$0.09B,0.0,$0.12B,$0.05B,42.74%,$0.12B,$0.01B,11.11%,$0.12B,$0.01B,11.11%,$0.12B,$0.02B,14.53%,$0.12B,$0.02B,20.51%,$0.12B,$0.01B,7.69%,$0.01B,$0.09B,12.00%,$0.01B,$0.07B,14.57%,$0.01B,$0.26B,3.75%,$0.01B,$0.09B,17.33%,$37,$21,$16,$0,$8,$32,$6,$2,$8,$4,$4,$4,$4,$7,$6,$35,35,$0.11,$0.11,$61,$0,$0,$74,$4,$0,$13,$2,$186,$259,$23,$0,$152,$152,$175,$0,$19,$0,$85,$259,$12,$3,$-24,$-21,$-1,$0,$-0,$27,$31,$22,$-0,$0,$0,$0,$0,$0,$0,$-0,$-0,$0,$-0,$-0,$-0,$-1,$0,$-1,$20,$1,$-1
33,2010-06-30,4.85,$2.30,2.11,$5.70,0.85,$0.84,5.79,$0.23,21.1,$0.09B,$0.05B,1.9,$0.00B,$0.08B,0.0,$0.10B,$0.04B,41.58%,$0.10B,$0.01B,7.92%,$0.10B,$0.01B,7.92%,$0.10B,$0.01B,11.88%,$0.10B,$0.02B,18.81%,$0.10B,$0.01B,4.95%,$0.01B,$0.08B,7.19%,$0.01B,$0.07B,8.81%,$0.01B,$0.28B,2.24%,$0.01B,$0.08B,11.51%,$34,$19,$15,$0,$8,$29,$5,$4,$9,$2,$7,$7,$3,$6,$5,$20,20,$0.14,$0.14,$53,$0,$0,$92,$4,$0,$13,$2,$190,$281,$48,$0,$153,$153,$201,$0,$15,$0,$80,$281,$8,$2,$-1,$0,$-2,$0,$-0,$2,$5,$13,$-0,$0,$0,$0,$0,$0,$0,$-0,$-0,$0,$-0,$-0,$-0,$-1,$0,$-1,$12,$0,$-1
34,2010-03-31,5.1,$3.60,1.42,$4.96,1.03,$-0.11,0.0,$0.08,63.76,$0.05B,$0.01B,3.96,$0.00B,$0.07B,0.0,$0.08B,$0.03B,39.76%,$0.08B,$0.00B,1.20%,$0.08B,$0.00B,1.20%,$0.08B,$0.01B,6.02%,$0.08B,$0.01B,12.05%,$0.08B,$0.00B,2.41%,$0.00B,$0.07B,3.09%,$0.00B,$0.06B,3.81%,$0.00B,$0.20B,0.94%,$0.00B,$0.07B,1.54%,$19,$12,$7,$0,$7,$20,$-1,$2,$1,$0,$1,$1,$-0,$-0,$-1,$18,18,$0.00,$0.00,$39,$0,$0,$48,$4,$0,$13,$2,$148,$195,$12,$0,$115,$115,$127,$0,$12,$0,$68,$195,$1,$1,$-32,$-31,$-1,$0,$-0,$31,$29,$-2,$-0,$0,$0,$0,$0,$0,$0,$-0,$-0,$0,$-0,$-0,$-0,$0,$0,$-0,$-2,$0,$0
35,2009-12-31,4.29,$3.90,1.1,$4.67,0.92,$-0.25,0.0,$-0.04,0.0,$0.08B,$0.05B,1.79,$0.00B,$0.07B,0.0,$0.08B,$0.03B,37.66%,$0.08B,$-0.00B,-5.19%,$0.08B,$-0.00B,-5.19%,$0.08B,0,0.00%,$0.08B,$0.00B,3.90%,$0.08B,0,0.00%,$0.00B,$0.07B,0.00%,$0.00B,$0.05B,0.00%,$0.00B,$0.22B,0.00%,$-0.00B,$0.07B,-6.35%,$27,$15,$12,$0,$7,$24,$3,$3,$6,$1,$5,$5,$2,$4,$3,$17,17,$0.08,$0.08,$41,$0,$0,$80,$4,$0,$13,$2,$143,$224,$45,$0,$112,$112,$157,$0,$12,$0,$67,$224,$2,$4,$19,$23,$0,$0,$0,$-18,$-19,$6,$-0,$0,$0,$0,$0,$0,$0,$-0,$-0,$0,$-0,$-0,$-0,$-2,$0,$-2,$4,$1,$-2
36,2009-09-30,4.67,$3.80,1.23,$4.54,1.03,$-1.00,0.0,$-0.14,0.0,$0.05B,$0.02B,2.87,$0.00B,$0.06B,0.0,$0.08B,$0.03B,34.67%,$0.08B,$-0.01B,-10.67%,$0.08B,$-0.01B,-10.67%,$0.08B,$-0.00B,-5.33%,$0.08B,$-0.00B,-2.67%,$0.08B,$-0.00B,-2.67%,$-0.00B,$0.06B,-3.19%,$-0.00B,$0.05B,-3.90%,$-0.00B,$0.19B,-0.86%,$-0.01B,$0.06B,-12.75%,$21,$12,$8,$0,$6,$20,$1,$3,$3,$2,$1,$1,$-0,$2,$1,$17,17,$0.00,$0.00,$36,$0,$0,$48,$4,$0,$11,$4,$143,$191,$17,$0,$111,$112,$128,$0,$10,$0,$63,$191,$-4,$3,$-7,$-4,$0,$0,$-0,$9,$6,$-1,$-0,$0,$0,$0,$0,$0,$0,$-0,$-0,$0,$-0,$-0,$-0,$-0,$0,$-0,$-2,$1,$-0
37,2009-06-30,2.68,$3.70,0.72,$5.18,0.52,$-1.33,0.0,$-0.12,0.0,$0.10B,$0.07B,1.44,$0.00B,$0.06B,0.0,$0.09B,$0.03B,34.12%,$0.09B,$-0.01B,-10.59%,$0.09B,$-0.01B,-10.59%,$0.09B,$-0.01B,-5.88%,$0.09B,$-0.00B,-3.53%,$0.09B,$-0.00B,-2.35%,$-0.00B,$0.06B,-3.52%,$-0.00B,$0.05B,-4.40%,$-0.00B,$0.24B,-0.77%,$-0.01B,$0.06B,-15.86%,$16,$10,$6,$0,$6,$18,$-2,$2,$-0,$-0,$0,$0,$-0,$-1,$-2,$17,17,$-0.01,$-0.01,$32,$0,$0,$95,$5,$0,$11,$6,$147,$242,$66,$0,$115,$115,$181,$0,$11,$0,$61,$242,$-5,$2,$45,$47,$1,$0,$-0,$-45,$-47,$-5,$-0,$0,$0,$0,$0,$0,$0,$-0,$-0,$0,$-0,$-0,$-0,$-0,$0,$-0,$-5,$1,$-0
38,2009-03-31,1.37,$3.69,0.37,$6.84,0.2,$-1.23,0.0,$-0.05,0.0,$0.15B,$0.12B,1.24,$0.00B,$0.06B,0.0,$0.11B,$0.04B,35.40%,$0.11B,$-0.00B,-3.54%,$0.11B,$-0.00B,-3.54%,$0.11B,0,0.00%,$0.11B,$0.00B,0.88%,$0.11B,$-0.00B,-0.88%,$-0.00B,$0.06B,-1.96%,$-0.00B,$0.05B,-2.50%,$-0.00B,$0.30B,-0.37%,$-0.00B,$0.06B,-7.80%,$13,$11,$3,$0,$7,$19,$-6,$0,$-6,$-1,$-5,$-5,$-2,$-5,$-6,$17,17,$-0.12,$-0.12,$33,$0,$0,$151,$5,$0,$11,$6,$147,$299,$122,$0,$116,$116,$238,$0,$11,$0,$61,$299,$-5,$1,$101,$102,$0,$0,$0,$-100,$-101,$-4,$-0,$0,$0,$0,$0,$0,$0,$-0,$-0,$0,$-0,$-0,$-0,$-0,$0,$-0,$-4,$0,$-0
39,2008-12-31,1.68,$3.99,0.42,$8.00,0.21,$-1.43,0.0,$0.01,168.18,$0.06B,$0.13B,0.42,$0.00B,$0.07B,0.0,$0.13B,$0.05B,35.61%,$0.13B,0,0.00%,$0.13B,0,0.00%,$0.13B,$0.00B,3.03%,$0.13B,$0.01B,7.58%,$0.13B,0,0.00%,$0.00B,$0.07B,0.00%,$0.00B,$0.05B,0.00%,$0.00B,$0.20B,0.00%,$0.00B,$0.07B,0.00%,$25,$16,$9,$0,$7,$25,$-1,$1,$1,$0,$0,$0,$-0,$0,$-1,$16,16,$-0.01,$-0.01,$37,$0,$0,$55,$5,$0,$11,$7,$148,$202,$131,$0,$6,$6,$137,$0,$13,$0,$66,$202,$5,$3,$-24,$-20,$1,$0,$-0,$22,$9,$-6,$-0,$0,$0,$0,$0,$0,$-0,$-0,$-0,$0,$-0,$0,$0,$-0,$0,$-0,$-7,$1,$-0
40,2008-09-30,2.75,$2.38,1.16,$9.98,0.28,$2.88,0.96,$0.15,18.35,$0.14B,$0.11B,1.27,$0.00B,$0.04B,0.0,$0.16B,$0.06B,37.11%,$0.16B,$0.01B,5.03%,$0.16B,$0.01B,5.03%,$0.16B,$0.01B,7.55%,$0.16B,$0.02B,11.95%,$0.16B,$0.00B,1.26%,$0.00B,$0.04B,5.26%,$0.00B,$0.03B,7.14%,$0.00B,$0.29B,0.76%,$0.01B,$0.04B,20.92%,$31,$20,$11,$0,$8,$31,$-0,$2,$2,$0,$2,$2,$0,$1,$-0,$16,16,$0.02,$0.02,$37,$0,$0,$140,$6,$0,$11,$9,$150,$290,$110,$0,$115,$141,$250,$0,$13,$0,$39,$290,$5,$3,$61,$63,$0,$0,$-1,$-69,$-75,$-7,$-0,$0,$0,$0,$-10,$-10,$-0,$-10,$-0,$0,$-0,$0,$0,$-0,$0,$-0,$-17,$1,$-0
41,2008-06-30,3.91,$2.34,1.67,$12.23,0.32,$7.17,0.54,$0.37,10.56,$0.15B,$0.11B,1.3,$0.00B,$0.04B,0.0,$0.20B,$0.08B,39.29%,$0.20B,$0.02B,11.22%,$0.20B,$0.02B,11.22%,$0.20B,$0.03B,13.27%,$0.20B,$0.03B,16.84%,$0.20B,$0.01B,3.06%,$0.01B,$0.04B,16.11%,$0.01B,$0.03B,21.62%,$0.01B,$0.30B,2.31%,$0.02B,$0.04B,58.67%,$44,$27,$17,$0,$11,$40,$3,$1,$4,$0,$4,$4,$1,$4,$3,$16,16,$0.06,$0.06,$41,$0,$0,$145,$6,$0,$10,$9,$149,$295,$112,$0,$120,$145,$256,$0,$13,$-0,$38,$295,$3,$1,$67,$68,$-1,$0,$-1,$-69,$-74,$-3,$-0,$0,$0,$0,$-10,$-10,$-0,$-10,$-0,$0,$-0,$0,$0,$-0,$0,$-0,$-13,$0,$-0
42,2008-03-31,3.44,$2.26,1.52,$14.43,0.24,$10.15,0.34,$0.62,5.55,$0.08B,$0.04B,1.72,$0.00B,$0.04B,0.0,$0.23B,$0.10B,40.95%,$0.23B,$0.04B,16.38%,$0.23B,$0.04B,16.38%,$0.23B,$0.04B,18.10%,$0.23B,$0.05B,21.12%,$0.23B,$0.01B,4.31%,$0.01B,$0.04B,28.17%,$0.01B,$0.03B,37.38%,$0.01B,$0.22B,4.15%,$0.04B,$0.04B,106.29%,$32,$22,$10,$0,$9,$34,$-2,$5,$3,$4,$-1,$-1,$-1,$-1,$-2,$16,16,$-0.06,$-0.06,$37,$0,$0,$75,$6,$0,$10,$7,$149,$224,$44,$0,$121,$143,$187,$0,$12,$0,$37,$224,$-1,$1,$1,$2,$1,$0,$-0,$2,$-8,$-7,$-0,$0,$0,$0,$0,$0,$-0,$-0,$-0,$0,$-0,$0,$0,$0,$0,$-0,$-7,$0,$0
43,2007-12-31,5.31,$2.31,2.3,$17.80,0.3,$22.15,0.24,$0.81,6.56,$0.09B,$0.17B,0.51,$0.00B,$0.04B,0.0,$0.26B,$0.11B,41.80%,$0.26B,$0.05B,18.75%,$0.26B,$0.05B,18.75%,$0.26B,$0.05B,20.31%,$0.26B,$0.05B,21.09%,$0.26B,$0.01B,4.69%,$0.01B,$0.04B,36.64%,$0.01B,$0.03B,48.48%,$0.01B,$0.24B,5.12%,$0.05B,$0.04B,144.36%,$52,$31,$21,$0,$11,$45,$7,$2,$10,$2,$8,$32,$2,$8,$7,$15,15,$0.16,$0.16,$44,$0,$0,$88,$7,$0,$9,$5,$153,$240,$173,$0,$7,$29,$202,$0,$13,$0,$38,$240,$44,$4,$3,$7,$1,$0,$3,$5,$12,$63,$-4,$0,$0,$0,$0,$0,$0,$-4,$-56,$0,$-56,$272,$272,$-18,$-216,$-18,$40,$1,$-18
