,Date,Stock Price,Book Value per Share,Price to Book Ratio,TTM Sales per Share,Price to Sales Ratio,TTM FCF per Share,Price to FCF Ratio,TTM Net EPS,PE Ratio,Current Assets,Current Liabilities,Current Ratio,Long Term Debt,Shareholder's Equity_x,Debt to Equity Ratio,TTM Revenue_x,TTM Gross Profit,Gross Margin,TTM Revenue_y,TTM Operating Income,Operating Margin,TTM Revenue_x,TTM EBIT,EBIT Margin,TTM Revenue_y,TTM EBITDA,EBITDA Margin,TTM Revenue_x,TTM Pre-Tax Income,Pre-Tax Margin,TTM Revenue_y,TTM Net Income_x,Net Margin,TTM Net Income_y,Shareholder's Equity_y,Return on Equity,TTM Net Income_x,Tangible Equity,Return on Tangible Equity,TTM Net Income_y,Total Assets,Return on Assets,TTM Net Income,LT Investments & Debt,Return on Investment,revenue,cost-goods-sold,gross-profit,research-development-expenses,selling-general-administrative-expenses,operating-expenses,operating-income,total-non-operating-income-expense,pre-tax-income,total-provision-income-taxes,income-after-taxes,income-from-continuous-operations,net-income,ebitda,ebit,basic-shares-outstanding,shares-outstanding,eps-basic-net-earnings-per-share,eps-earnings-per-share-diluted,cash-on-hand,inventory,other-current-assets,total-current-assets,net-property-plant-equipment,long-term-investments,goodwill-intangible-assets-total,other-long-term-assets,total-long-term-assets,total-assets,total-current-liabilities,long-term-debt,other-non-current-liabilities,total-long-term-liabilities,total-liabilities,common-stock-net,retained-earnings-accumulated-deficit,comprehensive-income,total-share-holder-equity,total-liabilities-share-holders-equity,net-income-loss,total-depreciation-amortization-cash-flow,other-non-cash-items,total-non-cash-items,change-in-accounts-receivable,change-in-inventories,change-in-accounts-payable,change-in-assets-liabilities,total-change-in-assets-liabilities,cash-flow-from-operating-activities,net-change-in-property-plant-equipment,net-change-in-intangible-assets,net-acquisitions-divestitures,net-change-in-short-term-investments,net-change-in-long-term-investments,net-change-in-investments-total,investing-activities-other,cash-flow-from-investing-activities,net-long-term-debt,net-current-debt,debt-issuance-retirement-net-total,net-common-equity-issued-repurchased,net-total-equity-issued-repurchased,total-common-preferred-stock-dividends-paid,financial-activities-other,cash-flow-from-financial-activities,net-cash-flow,stock-based-compensation,common-stock-dividends-paid
0,2018-09-30,69.9,$37.62,1.86,$97.87,0.71,$13.79,5.07,$8.29,8.43,$3.86B,$1.54B,2.5,$2.41B,$6.56B,0.37,$17.36B,$3.48B,20.06%,$17.36B,$1.78B,10.22%,$17.36B,$1.78B,10.22%,$17.36B,$2.20B,12.69%,$17.36B,$1.70B,9.81%,$17.36B,$1.47B,8.48%,$1.47B,$6.56B,23.53%,$1.47B,$3.87B,41.16%,$1.47B,$11.50B,13.27%,$1.78B,$8.97B,20.46%,$4771,$3752,$1019,$0,$388,$4267,$504,$-25,$478,$116,$362,$362,$342,$612,$504,$175,177,$1.95,$1.93,$1076,$1863,$57,$3858,$4673,$0,$2691,$273,$7637,$11495,$1541,$2409,$226,$3391,$4932,$3,$4113,$26,$6564,$11495,$1014,$324,$-182,$142,$-137,$-34,$-37,$-14,$-33,$1130,$-209,$0,$-54,$0,$0,$0,$4,$-259,$-91,$0,$-91,$-63,$-63,$-269,$-1,$-423,$445,$26,$-269
1,2018-06-30,68.12,$36.32,1.88,$91.98,0.74,$11.94,5.71,$7.89,8.63,$3.70B,$1.56B,2.38,$2.39B,$6.40B,0.37,$16.31B,$3.30B,20.20%,$16.31B,$1.72B,10.54%,$16.31B,$1.72B,10.54%,$16.31B,$2.14B,13.13%,$16.31B,$1.67B,10.24%,$16.31B,$1.40B,8.60%,$1.40B,$6.40B,23.44%,$1.40B,$3.74B,42.41%,$1.40B,$11.28B,13.03%,$1.72B,$8.79B,20.57%,$4471,$3596,$875,$0,$69,$3964,$507,$-27,$480,$117,$363,$363,$346,$617,$507,$176,178,$1.96,$1.94,$980,$1817,$63,$3702,$4661,$0,$2664,$254,$7579,$11281,$1556,$2388,$229,$3322,$4878,$3,$3832,$12,$6404,$11281,$652,$215,$-231,$-16,$-121,$21,$61,$-6,$88,$728,$-149,$0,$0,$0,$0,$0,$3,$-146,$-112,$0,$-112,$61,$61,$-178,$-1,$-230,$349,$17,$-178
2,2018-03-31,48.42,$34.83,1.39,$86.42,0.56,$10.59,4.57,$6.28,7.71,$3.29B,$1.47B,2.25,$2.38B,$6.16B,0.39,$15.30B,$3.13B,20.43%,$15.30B,$1.33B,8.71%,$15.30B,$1.33B,8.71%,$15.30B,$1.77B,11.57%,$15.30B,$1.30B,8.48%,$15.30B,$1.11B,7.28%,$1.11B,$6.16B,19.58%,$1.11B,$3.48B,36.91%,$1.11B,$10.91B,10.76%,$1.33B,$8.54B,16.61%,$4128,$3347,$781,$0,$385,$3733,$396,$-22,$374,$85,$289,$289,$268,$500,$396,$177,178,$1.51,$1.50,$781,$1592,$55,$3293,$4673,$0,$2676,$270,$7619,$10912,$1465,$2383,$226,$3289,$4754,$3,$3545,$20,$6158,$10912,$289,$104,$-143,$-38,$-137,$151,$-20,$-5,$79,$334,$-70,$0,$0,$0,$0,$0,$3,$-66,$-117,$0,$-117,$89,$89,$-88,$-0,$-116,$151,$9,$-88
3,2017-12-31,50.38,$33.24,1.52,$80.70,0.62,$8.54,5.9,$4.52,11.15,$3.06B,$1.42B,2.15,$2.50B,$5.90B,0.42,$14.25B,$2.78B,19.53%,$14.25B,$0.90B,6.34%,$14.25B,$0.90B,6.34%,$14.25B,$1.33B,9.35%,$14.25B,$0.87B,6.09%,$14.25B,$0.80B,5.62%,$0.80B,$5.90B,14.68%,$0.80B,$3.21B,28.71%,$0.80B,$10.69B,8.00%,$0.90B,$8.40B,11.64%,$3993,$3185,$808,$0,$744,$3625,$368,$3,$371,$-186,$557,$557,$516,$474,$368,$176,177,$2.94,$2.92,$631,$1630,$37,$3063,$4713,$0,$2685,$231,$7629,$10692,$1423,$2499,$226,$3373,$4795,$3,$3347,$30,$5897,$10692,$881,$429,$-375,$54,$-115,$-162,$189,$-7,$-6,$951,$-271,$0,$-871,$424,$-245,$179,$3,$-960,$102,$149,$251,$52,$52,$-346,$-30,$-73,$-80,$42,$-346
4,2017-09-30,35.12,$30.83,1.14,$74.95,0.47,$5.43,6.47,$1.90,18.48,$2.80B,$1.40B,2.0,$2.24B,$5.47B,0.41,$13.21B,$2.38B,18.00%,$13.21B,$0.65B,4.90%,$13.21B,$0.65B,4.90%,$13.21B,$1.07B,8.06%,$13.21B,$0.58B,4.39%,$13.21B,$0.34B,2.55%,$0.34B,$5.47B,6.35%,$0.34B,$2.79B,12.38%,$0.34B,$10.15B,3.48%,$0.65B,$7.70B,8.58%,$3719,$2889,$831,$0,$391,$3271,$448,$-2,$446,$158,$288,$288,$272,$551,$448,$176,177,$1.53,$1.53,$631,$1420,$32,$2797,$4437,$0,$2676,$239,$7351,$10148,$1401,$2237,$203,$3282,$4683,$3,$2885,$31,$5466,$10148,$324,$323,$-1,$322,$-117,$-44,$88,$-5,$135,$785,$-193,$0,$-871,$424,$0,$424,$2,$-637,$-11,$0,$-11,$52,$52,$-258,$-13,$-230,$-80,$26,$-258
5,2017-06-30,26.5,$29.57,0.9,$70.06,0.38,$2.39,11.07,$0.79,33.55,$2.29B,$1.22B,1.88,$2.23B,$5.24B,0.43,$12.34B,$2.05B,16.64%,$12.34B,$0.32B,2.63%,$12.34B,$0.32B,2.63%,$12.34B,$0.73B,5.92%,$12.34B,$0.24B,1.98%,$12.34B,$0.14B,1.13%,$0.14B,$5.24B,2.65%,$0.14B,$2.59B,5.07%,$0.14B,$9.64B,1.49%,$0.32B,$7.47B,4.42%,$3459,$2753,$705,$0,$60,$3338,$121,$-15,$106,$32,$74,$74,$58,$245,$121,$176,176,$0.33,$0.33,$460,$1192,$38,$2294,$4444,$0,$2654,$251,$7349,$9643,$1220,$2228,$208,$3181,$4401,$3,$2671,$19,$5242,$9643,$36,$221,$32,$252,$-6,$61,$0,$-9,$176,$473,$-137,$0,$-871,$424,$0,$424,$3,$-581,$-20,$0,$-20,$53,$53,$-172,$-5,$-143,$-250,$17,$-172
6,2017-03-31,27.0,$29.45,0.92,$65.88,0.41,$0.60,44.83,$-1.87,0.0,$2.17B,$1.14B,1.9,$2.23B,$5.22B,0.43,$11.60B,$1.81B,15.64%,$11.60B,$-0.22B,-1.88%,$11.60B,$-0.22B,-1.88%,$11.60B,$0.81B,6.98%,$11.60B,$-0.29B,-2.53%,$11.60B,$-0.33B,-2.83%,$-0.33B,$5.22B,-6.26%,$-0.33B,$2.57B,-11.70%,$-0.33B,$9.54B,-3.62%,$-0.22B,$7.46B,-3.03%,$3080,$2641,$439,$0,$365,$3114,$-34,$-21,$-55,$-17,$-38,$-38,$-45,$63,$-34,$176,176,$-0.26,$-0.26,$130,$1317,$33,$2169,$4454,$0,$2654,$266,$7374,$9542,$1142,$2232,$209,$3178,$4319,$3,$2672,$8,$5223,$9542,$-38,$96,$-24,$72,$-0,$14,$-123,$-2,$-88,$-39,$-60,$0,$-840,$424,$0,$424,$3,$-473,$-16,$0,$-16,$38,$38,$-86,$-5,$-68,$-581,$7,$-86
7,2016-12-31,30.86,$29.90,1.03,$59.81,0.52,$0.36,86.26,$-1.49,0.0,$2.85B,$1.08B,2.63,$2.24B,$5.30B,0.42,$10.54B,$1.77B,16.79%,$10.54B,$-0.10B,-0.95%,$10.54B,$-0.10B,-0.95%,$10.54B,$0.92B,8.70%,$10.54B,$-0.17B,-1.63%,$10.54B,$-0.26B,-2.49%,$-0.26B,$5.30B,-4.91%,$-0.26B,$2.94B,-8.99%,$-0.26B,$9.44B,-2.97%,$-0.10B,$7.54B,-1.42%,$2955,$2551,$404,$0,$296,$2843,$112,$-29,$83,$13,$70,$70,$52,$206,$112,$176,176,$0.31,$0.31,$1135,$1136,$33,$2851,$4008,$0,$2359,$217,$6585,$9436,$1083,$2235,$195,$3050,$4134,$3,$2777,$11,$5302,$9436,$-191,$1017,$-300,$717,$-127,$-2,$248,$17,$75,$607,$-479,$0,$0,$-280,$-43,$-323,$0,$-802,$1387,$-159,$1228,$-8,$-8,$-327,$-55,$839,$644,$26,$-327
8,2016-09-30,22.82,$29.57,0.77,$58.61,0.39,$1.37,16.63,$-2.03,0.0,$2.03B,$0.97B,2.1,$1.67B,$5.22B,0.32,$10.53B,$1.86B,17.69%,$10.53B,$-0.27B,-2.56%,$10.53B,$-0.27B,-2.56%,$10.53B,$0.75B,7.08%,$10.53B,$-0.32B,-3.04%,$10.53B,$-0.36B,-3.42%,$-0.36B,$5.22B,-6.58%,$-0.36B,$2.86B,-12.08%,$-0.36B,$8.60B,-4.21%,$-0.27B,$6.89B,-3.90%,$2847,$2342,$505,$0,$289,$2723,$125,$-15,$110,$22,$88,$88,$74,$216,$125,$176,176,$0.42,$0.42,$478,$1091,$24,$2031,$3984,$0,$2359,$222,$6565,$8596,$967,$1666,$197,$2409,$3376,$3,$2782,$8,$5220,$8596,$-261,$924,$-251,$673,$-44,$-55,$115,$18,$23,$444,$-387,$0,$0,$32,$-43,$-10,$1,$-397,$659,$0,$659,$-111,$-111,$-242,$-54,$253,$300,$17,$-242
9,2016-06-30,21.87,$29.45,0.74,$61.57,0.36,$3.43,6.38,$-1.41,0.0,$2.12B,$1.05B,2.02,$1.68B,$5.20B,0.32,$11.26B,$2.29B,20.32%,$11.26B,$-0.07B,-0.63%,$11.26B,$-0.07B,-0.63%,$11.26B,$0.94B,8.34%,$11.26B,$-0.11B,-0.97%,$11.26B,$-0.24B,-2.11%,$-0.24B,$5.20B,-4.17%,$-0.24B,$2.84B,-7.50%,$-0.24B,$8.66B,-2.74%,$-0.07B,$6.88B,-1.02%,$2715,$2248,$466,$0,$281,$3135,$-421,$-10,$-431,$-38,$-392,$-392,$-409,$324,$-421,$176,176,$-2.33,$-2.33,$533,$1021,$32,$2118,$3954,$0,$2359,$228,$6542,$8660,$1049,$1678,$202,$2413,$3462,$3,$2766,$6,$5198,$8660,$-349,$832,$-243,$589,$-128,$16,$210,$9,$67,$310,$-290,$0,$0,$63,$-43,$20,$0,$-269,$671,$0,$671,$-120,$-120,$-161,$-46,$344,$385,$10,$-161
10,2016-03-31,32.11,$31.97,1.0,$65.47,0.49,$4.64,6.91,$2.80,11.47,$1.50B,$0.89B,1.69,$1.31B,$5.64B,0.23,$12.25B,$2.64B,21.52%,$12.25B,$0.94B,7.67%,$12.25B,$0.94B,7.67%,$12.25B,$1.29B,10.55%,$12.25B,$0.90B,7.36%,$12.25B,$0.53B,4.34%,$0.53B,$5.64B,8.94%,$0.53B,$3.01B,15.75%,$0.53B,$8.59B,6.05%,$0.94B,$6.95B,13.40%,$2019,$1625,$394,$0,$278,$1935,$84,$-18,$66,$22,$43,$43,$21,$171,$84,$177,177,$0.12,$0.12,$111,$892,$33,$1499,$4196,$0,$2635,$264,$7095,$8594,$886,$1308,$213,$2065,$2951,$3,$3234,$-5,$5643,$8594,$43,$88,$-32,$56,$-79,$7,$2,$11,$-94,$7,$-149,$0,$0,$144,$0,$144,$0,$-5,$260,$0,$260,$-133,$-133,$-80,$-3,$43,$44,$3,$-80
11,2015-12-31,35.91,$32.23,1.11,$69.46,0.52,$5.84,6.15,$3.84,9.35,$1.45B,$0.86B,1.68,$1.04B,$5.81B,0.18,$13.24B,$3.00B,22.65%,$13.24B,$1.25B,9.40%,$13.24B,$1.25B,9.40%,$13.24B,$1.59B,12.02%,$13.24B,$1.21B,9.12%,$13.24B,$0.74B,5.57%,$0.74B,$5.81B,12.12%,$0.74B,$3.22B,20.79%,$0.74B,$8.39B,8.23%,$1.25B,$6.85B,17.54%,$2944,$2447,$497,$0,$320,$3000,$-57,$-8,$-65,$-41,$-24,$-24,$-46,$34,$-57,$189,189,$-0.18,$-0.18,$211,$842,$44,$1448,$4116,$0,$2593,$232,$6940,$8388,$861,$1040,$180,$1718,$2579,$3,$3271,$-4,$5810,$8388,$803,$346,$57,$403,$238,$-34,$-406,$13,$-195,$986,$-657,$0,$0,$330,$-55,$275,$0,$-382,$0,$-14,$-14,$-743,$-743,$-330,$-18,$-1106,$-501,$30,$-330
12,2015-09-30,43.67,$33.41,1.31,$75.58,0.58,$5.16,8.46,$2.95,14.8,$2.31B,$1.09B,2.11,$0.98B,$6.18B,0.16,$14.58B,$3.00B,20.54%,$14.58B,$0.95B,6.50%,$14.58B,$0.95B,6.50%,$14.58B,$1.30B,8.94%,$14.58B,$0.91B,6.26%,$14.58B,$0.56B,3.86%,$0.56B,$6.18B,9.12%,$0.56B,$3.63B,15.44%,$0.56B,$9.07B,6.12%,$0.95B,$7.17B,13.21%,$3586,$2654,$932,$0,$296,$3263,$323,$-2,$321,$110,$211,$211,$196,$410,$323,$187,187,$1.05,$1.04,$627,$1037,$73,$2308,$3977,$0,$2554,$232,$6764,$9072,$1092,$983,$178,$1798,$2890,$3,$3375,$7,$6182,$9072,$826,$256,$0,$256,$68,$-85,$-203,$-8,$-184,$903,$-458,$0,$0,$87,$-55,$33,$0,$-425,$-72,$0,$-72,$-482,$-482,$-249,$-3,$-806,$-328,$22,$-249
13,2015-06-30,37.9,$32.71,1.16,$83.36,0.45,$5.07,7.48,$2.79,13.58,$2.52B,$1.24B,2.03,$0.93B,$6.17B,0.15,$16.31B,$2.76B,16.89%,$16.31B,$0.93B,5.69%,$16.31B,$0.93B,5.69%,$16.31B,$1.28B,7.83%,$16.31B,$0.88B,5.41%,$16.31B,$0.54B,3.32%,$0.54B,$6.17B,8.65%,$0.54B,$3.66B,14.44%,$0.54B,$9.15B,5.72%,$0.93B,$7.10B,12.74%,$3702,$2887,$814,$0,$272,$3112,$590,$-10,$580,$207,$373,$373,$361,$678,$590,$191,191,$1.88,$1.88,$626,$1190,$69,$2520,$3868,$0,$2505,$252,$6626,$9145,$1240,$933,$176,$1737,$2977,$3,$3241,$13,$6168,$9145,$616,$168,$-115,$53,$-36,$-13,$-60,$11,$-105,$570,$-315,$0,$0,$81,$0,$81,$0,$-233,$99,$-221,$-122,$-320,$-320,$-167,$-62,$-671,$-335,$14,$-167
14,2015-03-31,35.46,$31.84,1.11,$91.11,0.39,$6.14,5.78,$1.80,19.7,$2.72B,$1.17B,2.32,$1.08B,$6.20B,0.17,$17.98B,$2.64B,14.68%,$17.98B,$0.63B,3.53%,$17.98B,$0.63B,3.53%,$17.98B,$1.00B,5.54%,$17.98B,$0.59B,3.27%,$17.98B,$0.36B,1.98%,$0.36B,$6.20B,5.58%,$0.36B,$3.69B,9.20%,$0.36B,$9.26B,3.64%,$0.63B,$7.28B,8.53%,$3007,$2251,$755,$0,$293,$2618,$389,$-16,$372,$130,$243,$243,$227,$469,$389,$195,195,$1.16,$1.16,$1009,$1116,$65,$2716,$3781,$0,$2511,$255,$6546,$9262,$1172,$1077,$182,$1890,$3063,$3,$2943,$16,$6200,$9262,$243,$80,$-28,$52,$64,$-74,$-166,$22,$-53,$247,$-172,$0,$0,$60,$0,$60,$0,$-112,$23,$0,$23,$-55,$-55,$-83,$6,$-109,$26,$7,$-83
15,2014-12-31,32.74,$31.11,1.05,$99.78,0.33,$7.12,4.6,$1.40,23.39,$2.78B,$1.23B,2.26,$1.05B,$6.10B,0.17,$19.77B,$2.54B,12.83%,$19.77B,$0.52B,2.61%,$19.77B,$0.52B,2.61%,$19.77B,$0.88B,4.45%,$19.77B,$0.47B,2.37%,$19.77B,$0.28B,1.42%,$0.28B,$6.10B,4.33%,$0.28B,$3.58B,7.05%,$0.28B,$9.23B,2.79%,$0.52B,$7.16B,6.85%,$4283,$3789,$494,$0,$351,$4638,$-354,$-7,$-361,$-151,$-210,$-210,$-222,$-254,$-354,$197,197,$-1.11,$-1.11,$1042,$1035,$104,$2783,$3671,$0,$2519,$257,$6447,$9230,$1234,$1054,$177,$1895,$3129,$3,$2779,$28,$6101,$9230,$326,$363,$120,$483,$109,$-79,$-218,$1,$-64,$759,$-548,$0,$0,$251,$0,$251,$5,$-292,$208,$-156,$52,$-159,$-159,$-647,$-84,$-838,$-372,$30,$-647
16,2014-09-30,37.44,$33.44,1.12,$102.07,0.37,$8.29,4.51,$2.84,13.18,$3.89B,$1.79B,2.18,$1.04B,$6.56B,0.16,$20.31B,$2.54B,12.49%,$20.31B,$0.96B,4.71%,$20.31B,$0.96B,4.71%,$20.31B,$1.30B,6.40%,$20.31B,$0.90B,4.45%,$20.31B,$0.57B,2.78%,$0.57B,$6.56B,8.53%,$0.57B,$4.05B,13.74%,$0.57B,$10.18B,5.50%,$0.96B,$7.60B,12.52%,$5318,$4626,$692,$0,$308,$5015,$303,$-12,$291,$103,$188,$188,$175,$384,$303,$197,198,$0.88,$0.88,$1480,$1579,$112,$3894,$3560,$0,$2510,$218,$6288,$10182,$1787,$1039,$135,$1834,$3621,$3,$3162,$70,$6561,$10182,$537,$263,$-19,$244,$9,$-226,$110,$25,$21,$806,$-354,$0,$0,$102,$0,$102,$5,$-248,$36,$0,$36,$-133,$-133,$-544,$-1,$-642,$-84,$21,$-544
17,2014-06-30,36.85,$33.58,1.1,$101.85,0.36,$8.62,4.27,$2.37,15.55,$4.24B,$1.97B,2.15,$1.03B,$6.67B,0.15,$20.32B,$2.36B,11.62%,$20.32B,$0.80B,3.96%,$20.32B,$0.80B,3.96%,$20.32B,$1.15B,5.65%,$20.32B,$0.75B,3.69%,$20.32B,$0.47B,2.32%,$0.47B,$6.67B,7.07%,$0.47B,$4.16B,11.32%,$0.47B,$10.46B,4.56%,$0.80B,$7.70B,10.45%,$5373,$4675,$698,$0,$300,$5076,$296,$-10,$286,$101,$185,$185,$176,$398,$296,$198,198,$0.89,$0.89,$1798,$1505,$134,$4236,$3493,$0,$2507,$223,$6222,$10458,$1968,$1028,$139,$1824,$3792,$3,$3150,$75,$6667,$10458,$349,$182,$-4,$178,$-81,$-151,$307,$3,$190,$721,$-245,$0,$0,$46,$0,$46,$5,$-194,$180,$-156,$24,$-20,$-20,$-362,$9,$-349,$178,$14,$-362
18,2014-03-31,39.46,$33.45,1.18,$101.02,0.39,$7.64,5.16,$2.76,14.3,$4.19B,$1.92B,2.18,$1.02B,$6.65B,0.15,$20.24B,$2.51B,12.37%,$20.24B,$0.97B,4.78%,$20.24B,$0.97B,4.78%,$20.24B,$1.28B,6.32%,$20.24B,$0.88B,4.36%,$20.24B,$0.55B,2.73%,$0.55B,$6.65B,8.21%,$0.55B,$4.14B,13.08%,$0.55B,$10.38B,5.34%,$0.97B,$7.67B,12.50%,$4791,$4139,$652,$0,$301,$4520,$271,$-19,$252,$88,$164,$164,$152,$352,$271,$198,199,$0.76,$0.76,$1784,$1590,$110,$4186,$3442,$6,$2507,$239,$6195,$10381,$1917,$1023,$148,$1816,$3732,$3,$3137,$54,$6649,$10381,$164,$81,$-11,$69,$18,$-236,$261,$10,$153,$395,$-124,$0,$0,$10,$0,$10,$2,$-113,$0,$19,$19,$-14,$-14,$-177,$26,$-147,$135,$6,$-177
19,2013-12-31,40.51,$33.24,1.22,$100.07,0.4,$7.16,5.66,$3.63,11.16,$3.90B,$1.67B,2.33,$1.00B,$6.61B,0.15,$20.16B,$2.77B,13.73%,$20.16B,$1.25B,6.18%,$20.16B,$1.25B,6.18%,$20.16B,$1.55B,7.68%,$20.16B,$1.16B,5.75%,$20.16B,$0.73B,3.64%,$0.73B,$6.61B,10.77%,$0.73B,$4.10B,17.07%,$0.73B,$10.06B,7.02%,$1.25B,$7.61B,15.82%,$4827,$4333,$494,$0,$328,$4740,$87,$-12,$75,$5,$70,$70,$62,$166,$87,$200,201,$0.34,$0.33,$1665,$1354,$59,$3896,$3395,$0,$2507,$258,$6160,$10057,$1674,$998,$158,$1773,$3447,$3,$3144,$1,$6609,$10057,$768,$303,$-67,$236,$-69,$-16,$2,$1,$-157,$869,$-417,$0,$-11,$-89,$0,$-89,$-9,$-527,$-359,$0,$-359,$-78,$-78,$-717,$-6,$-1160,$-818,$36,$-717
20,2013-09-30,33.17,$34.08,0.97,$101.16,0.33,$11.38,2.91,$5.24,6.33,$4.41B,$1.89B,2.33,$1.00B,$6.80B,0.15,$20.48B,$3.35B,16.35%,$20.48B,$1.83B,8.94%,$20.48B,$1.83B,8.94%,$20.48B,$2.12B,10.36%,$20.48B,$1.74B,8.48%,$20.48B,$1.06B,5.18%,$1.06B,$6.80B,15.55%,$1.06B,$4.28B,24.63%,$1.06B,$10.50B,10.09%,$1.83B,$7.80B,22.99%,$5327,$4810,$517,$0,$285,$5177,$150,$-12,$137,$49,$89,$89,$82,$232,$150,$199,200,$0.41,$0.41,$1951,$1548,$81,$4410,$3312,$5,$2514,$257,$6089,$10499,$1894,$1000,$151,$1809,$3702,$3,$3242,$36,$6796,$10499,$698,$224,$-127,$98,$-110,$-229,$299,$19,$-28,$802,$-280,$0,$-11,$-26,$-3,$-29,$-11,$-332,$-357,$0,$-357,$-38,$-38,$-538,$0,$-933,$-463,$25,$-538
21,2013-06-30,32.55,$34.49,0.94,$100.04,0.33,$13.50,2.41,$7.77,4.19,$4.45B,$1.88B,2.37,$0.99B,$6.90B,0.14,$20.36B,$4.14B,20.32%,$20.36B,$2.66B,13.06%,$20.36B,$2.66B,13.06%,$20.36B,$2.93B,14.40%,$20.36B,$2.56B,12.57%,$20.36B,$1.58B,7.74%,$1.58B,$6.90B,23.50%,$1.58B,$4.38B,37.55%,$1.58B,$10.49B,15.06%,$2.66B,$7.89B,33.47%,$5299,$4457,$842,$0,$312,$4839,$460,$-42,$418,$152,$266,$266,$257,$530,$460,$202,202,$1.27,$1.27,$1982,$1550,$82,$4448,$3258,$3,$2516,$268,$6046,$10494,$1880,$990,$145,$1715,$3595,$3,$3320,$33,$6899,$10494,$609,$142,$-201,$-59,$-123,$-231,$217,$10,$-122,$452,$-165,$0,$0,$-0,$-2,$-2,$-14,$-181,$-301,$-66,$-367,$-13,$-13,$-299,$0,$-679,$-408,$17,$-299
22,2013-03-31,37.87,$34.08,1.11,$97.07,0.39,$13.54,2.8,$8.88,4.26,$4.76B,$1.77B,2.7,$1.28B,$6.93B,0.19,$19.87B,$4.42B,22.25%,$19.87B,$3.01B,15.17%,$19.87B,$3.01B,15.17%,$19.87B,$3.27B,16.47%,$19.87B,$2.93B,14.74%,$19.87B,$1.81B,9.11%,$1.81B,$6.93B,27.98%,$1.81B,$4.41B,45.69%,$1.81B,$10.70B,17.77%,$3.01B,$8.21B,38.70%,$4708,$3793,$915,$0,$294,$4159,$549,$-20,$529,$186,$343,$343,$332,$621,$549,$203,203,$1.64,$1.63,$2538,$1471,$60,$4763,$3214,$5,$2516,$197,$5933,$10696,$1767,$1283,$163,$2000,$3767,$3,$3225,$3,$6929,$10696,$343,$72,$-135,$-63,$-22,$-151,$-41,$4,$-32,$249,$-70,$0,$0,$-35,$0,$-35,$0,$-105,$57,$-110,$-53,$140,$140,$-117,$1,$-29,$115,$9,$-117
23,2012-12-31,33.29,$32.63,1.02,$97.51,0.34,$13.58,2.45,$8.41,3.96,$4.47B,$1.65B,2.7,$1.34B,$6.64B,0.2,$20.09B,$4.25B,21.15%,$20.09B,$2.88B,14.35%,$20.09B,$2.88B,14.35%,$20.09B,$3.13B,15.56%,$20.09B,$2.79B,13.87%,$20.09B,$1.72B,8.56%,$1.72B,$6.64B,27.81%,$1.72B,$4.14B,46.72%,$1.72B,$10.33B,17.27%,$2.88B,$7.98B,38.45%,$5148,$4073,$1074,$0,$336,$4474,$673,$-21,$652,$252,$400,$400,$389,$738,$673,$204,205,$1.90,$1.89,$2388,$1320,$53,$4470,$3195,$5,$2507,$152,$5859,$10329,$1654,$1336,$159,$2032,$3686,$3,$3055,$-8,$6643,$10329,$1760,$243,$8,$251,$72,$-205,$-194,$-9,$-398,$1663,$-335,$0,$0,$-374,$0,$-374,$-2,$-711,$126,$0,$126,$-210,$-210,$-717,$28,$-773,$179,$39,$-717
24,2012-09-30,28.55,$31.24,0.91,$103.75,0.28,$13.19,2.16,$7.55,3.78,$4.63B,$2.08B,2.23,$1.35B,$6.36B,0.21,$19.92B,$3.89B,19.53%,$19.92B,$2.58B,12.97%,$19.92B,$2.58B,12.97%,$19.92B,$2.82B,14.13%,$19.92B,$2.49B,12.49%,$19.92B,$1.55B,7.79%,$1.55B,$6.36B,25.92%,$1.55B,$3.86B,44.54%,$1.55B,$10.35B,15.87%,$2.58B,$7.71B,35.55%,$5205,$3899,$1306,$0,$263,$4226,$978,$-18,$960,$350,$611,$611,$598,$1043,$978,$203,204,$2.95,$2.94,$2338,$1485,$31,$4632,$3120,$6,$2505,$84,$5714,$10346,$2077,$1346,$164,$1909,$3986,$3,$2806,$-63,$6359,$10346,$1360,$178,$-38,$141,$-29,$-371,$-96,$17,$-322,$1172,$-208,$0,$0,$-24,$-2,$-26,$0,$-234,$818,$-682,$136,$-182,$-182,$-426,$13,$-460,$479,$25,$-426
25,2012-06-30,23.16,$29.21,0.79,$102.75,0.23,$12.32,1.88,$7.09,3.27,$3.71B,$1.56B,2.37,$1.30B,$5.95B,0.22,$19.88B,$3.77B,18.94%,$19.88B,$2.48B,12.45%,$19.88B,$2.48B,12.45%,$19.88B,$2.68B,13.50%,$19.88B,$2.36B,11.88%,$19.88B,$1.48B,7.42%,$1.48B,$5.95B,25.41%,$1.48B,$3.44B,44.39%,$1.48B,$9.38B,15.27%,$2.48B,$7.24B,35.04%,$4807,$3682,$1125,$0,$255,$3994,$813,$-25,$788,$286,$502,$502,$491,$870,$813,$206,206,$2.40,$2.39,$1639,$1310,$60,$3706,$3088,$10,$2506,$72,$5677,$9383,$1562,$1295,$162,$1873,$3435,$3,$2440,$6,$5948,$9383,$749,$113,$-22,$91,$104,$-195,$-419,$18,$-405,$430,$-128,$0,$0,$-14,$-2,$-16,$0,$-144,$394,$-319,$75,$-290,$-290,$-279,$2,$-492,$-207,$17,$-279
26,2012-03-31,20.15,$27.86,0.72,$107.11,0.19,$13.67,1.47,$6.49,3.1,$4.13B,$2.12B,1.95,$1.29B,$5.79B,0.22,$18.04B,$3.16B,17.52%,$18.04B,$1.99B,11.04%,$18.04B,$1.99B,11.04%,$18.04B,$2.18B,12.06%,$18.04B,$1.89B,10.47%,$18.04B,$1.18B,6.52%,$1.18B,$5.79B,24.98%,$1.18B,$3.29B,41.90%,$1.18B,$9.79B,14.08%,$1.99B,$7.08B,34.04%,$4932,$4187,$745,$0,$269,$4512,$420,$-32,$387,$140,$247,$247,$242,$476,$420,$209,209,$1.16,$1.16,$1901,$1345,$54,$4128,$3071,$26,$2497,$64,$5658,$9786,$2118,$1286,$191,$1878,$3996,$3,$2081,$-17,$5790,$9786,$247,$56,$-3,$54,$-25,$-231,$124,$-2,$-68,$254,$-61,$0,$0,$-6,$-1,$-7,$0,$-69,$173,$-81,$92,$-63,$-63,$-140,$6,$-105,$81,$9,$-140
27,2011-12-31,14.16,$27.88,0.51,$105.22,0.13,$13.28,1.07,$6.12,2.31,$3.92B,$1.89B,2.07,$1.22B,$5.84B,0.21,$15.44B,$2.76B,17.87%,$15.44B,$1.73B,11.21%,$15.44B,$1.73B,11.21%,$15.44B,$1.89B,12.24%,$15.44B,$1.64B,10.64%,$15.44B,$1.02B,6.61%,$1.02B,$5.84B,28.29%,$1.02B,$3.34B,44.70%,$1.02B,$9.58B,14.76%,$1.73B,$7.05B,37.35%,$4972,$4258,$714,$0,$288,$4599,$373,$-21,$352,$116,$236,$236,$220,$426,$373,$158,159,$1.37,$1.36,$1791,$1115,$219,$3921,$3053,$50,$2495,$57,$5655,$9576,$1891,$1215,$171,$1850,$3740,$3,$1965,$78,$5836,$9576,$1060,$160,$-19,$140,$374,$-57,$-251,$-14,$147,$1338,$-374,$0,$873,$-261,$-9,$-270,$0,$228,$41,$-8,$33,$33,$33,$-303,$20,$-217,$1350,$27,$-303
28,2011-09-30,15.03,$27.05,0.56,$94.53,0.16,$7.86,1.91,$5.20,2.89,$4.38B,$2.38B,1.84,$1.23B,$5.66B,0.22,$12.68B,$2.27B,17.90%,$12.68B,$1.40B,11.07%,$12.68B,$1.40B,11.07%,$12.68B,$1.54B,12.16%,$12.68B,$1.32B,10.40%,$12.68B,$0.82B,6.43%,$0.82B,$5.66B,33.01%,$0.82B,$3.23B,47.22%,$0.82B,$9.92B,14.97%,$1.40B,$6.89B,41.34%,$5173,$3990,$1183,$0,$271,$4304,$869,$-33,$836,$305,$531,$531,$523,$912,$869,$210,211,$2.50,$2.48,$1716,$1266,$56,$4379,$2997,$43,$2436,$62,$5537,$9916,$2381,$1225,$139,$1875,$4256,$3,$1867,$-13,$5661,$9916,$824,$106,$-14,$93,$496,$-196,$-404,$8,$167,$1089,$-274,$0,$872,$-176,$-9,$-185,$0,$413,$93,$-50,$43,$-39,$-39,$-167,$15,$-149,$1354,$16,$-167
29,2011-06-30,19.24,$14.60,1.32,$89.48,0.22,$5.00,3.85,$3.20,6.02,$2.03B,$1.56B,1.3,$0.84B,$1.56B,0.54,$9.60B,$1.37B,14.28%,$9.60B,$0.64B,6.70%,$9.60B,$0.64B,6.70%,$9.60B,$0.77B,7.99%,$9.60B,$0.57B,5.98%,$9.60B,$0.34B,3.57%,$0.34B,$1.56B,25.04%,$0.34B,$1.38B,28.76%,$0.34B,$4.17B,8.99%,$0.64B,$2.40B,29.85%,$2967,$2447,$520,$0,$158,$2637,$330,$-16,$314,$112,$202,$202,$192,$362,$330,$107,107,$1.80,$1.79,$493,$495,$34,$2025,$1860,$25,$180,$75,$2140,$4165,$1558,$839,$81,$1049,$2606,$1,$1467,$-26,$1559,$4165,$293,$63,$-11,$52,$-38,$-95,$161,$-13,$105,$458,$-156,$0,$0,$-90,$-9,$-99,$0,$-255,$64,$-37,$27,$-3,$-3,$-41,$12,$-5,$198,$6,$-41
30,2011-03-31,16.76,$12.83,1.31,$81.93,0.2,$1.83,9.16,$2.03,8.28,$1.92B,$1.58B,1.22,$0.83B,$1.37B,0.61,$8.78B,$1.15B,13.08%,$8.78B,$0.45B,5.07%,$8.78B,$0.45B,5.07%,$8.78B,$0.57B,6.45%,$8.78B,$0.37B,4.24%,$8.78B,$0.22B,2.47%,$0.22B,$1.37B,16.88%,$0.22B,$1.18B,19.56%,$0.22B,$3.99B,6.04%,$0.45B,$2.20B,21.59%,$2327,$1985,$342,$0,$152,$2167,$159,$-19,$140,$49,$91,$91,$85,$190,$159,$107,107,$0.79,$0.79,$273,$473,$15,$1916,$1802,$20,$183,$69,$2074,$3990,$1575,$834,$81,$1047,$2622,$1,$1283,$-26,$1368,$3990,$91,$31,$-15,$16,$-69,$-73,$91,$7,$19,$131,$-74,$0,$0,$-67,$0,$-67,$0,$-141,$30,$-7,$23,$-2,$-2,$-20,$5,$6,$-5,$2,$-20
31,2010-12-31,11.19,$12.09,0.93,$77.89,0.14,$0.16,68.48,$0.97,11.54,$1.70B,$1.39B,1.23,$0.81B,$1.29B,0.63,$8.32B,$0.96B,11.49%,$8.32B,$0.26B,3.16%,$8.32B,$0.26B,3.16%,$8.32B,$0.38B,4.58%,$8.32B,$0.19B,2.31%,$8.32B,$0.10B,1.25%,$0.10B,$1.29B,8.42%,$0.10B,$1.12B,9.81%,$0.10B,$3.70B,3.02%,$0.26B,$2.10B,13.11%,$2212,$1988,$224,$0,$146,$2166,$46,$-17,$29,$5,$24,$24,$15,$78,$46,$106,107,$0.15,$0.14,$230,$400,$28,$1703,$1757,$0,$172,$70,$1998,$3701,$1390,$811,$81,$1023,$2413,$2,$1206,$-26,$1288,$3701,$133,$118,$2,$120,$43,$-97,$70,$0,$25,$283,$-213,$0,$0,$0,$0,$0,$0,$-213,$101,$0,$101,$-1,$-1,$-80,$16,$34,$105,$11,$-80
32,2010-09-30,7.83,$11.89,0.66,$73.68,0.11,$-1.39,0.0,$0.44,17.79,$1.48B,$1.27B,1.16,$0.65B,$1.27B,0.51,$7.77B,$0.84B,10.85%,$7.77B,$0.17B,2.14%,$7.77B,$0.17B,2.14%,$7.77B,$0.28B,3.63%,$7.77B,$0.10B,1.29%,$7.77B,$0.05B,0.62%,$0.05B,$1.27B,3.95%,$0.05B,$1.09B,4.62%,$0.05B,$3.40B,1.45%,$0.17B,$1.92B,8.47%,$2091,$1807,$284,$0,$147,$1983,$108,$-17,$91,$31,$59,$59,$51,$137,$108,$106,107,$0.48,$0.48,$273,$414,$43,$1475,$1697,$0,$174,$51,$1922,$3397,$1270,$651,$81,$862,$2132,$1,$1200,$-26,$1265,$3397,$109,$86,$4,$89,$44,$-111,$69,$2,$34,$236,$-128,$0,$0,$0,$0,$0,$0,$-128,$148,$-49,$99,$-1,$-1,$-60,$2,$39,$147,$8,$-60
33,2010-06-30,7.16,$11.47,0.62,$68.95,0.1,$-3.06,0.0,$0.20,36.7,$1.39B,$1.07B,1.3,$0.81B,$1.22B,0.66,$7.17B,$0.75B,10.49%,$7.17B,$0.11B,1.59%,$7.17B,$0.11B,1.59%,$7.17B,$0.23B,3.14%,$7.17B,$0.05B,0.74%,$7.17B,$0.02B,0.28%,$0.02B,$1.22B,1.72%,$0.02B,$1.05B,2.01%,$0.02B,$3.28B,0.64%,$0.11B,$2.03B,6.02%,$2146,$1848,$298,$0,$137,$2014,$132,$-20,$112,$40,$73,$73,$66,$161,$132,$106,107,$0.62,$0.62,$141,$421,$60,$1385,$1670,$0,$176,$53,$1898,$3284,$1065,$805,$84,$997,$2063,$1,$1156,$-25,$1221,$3284,$49,$57,$-19,$38,$-0,$-118,$35,$-15,$-54,$38,$-77,$0,$0,$0,$0,$0,$0,$-77,$148,$-51,$97,$-1,$-1,$-40,$-2,$54,$16,$5,$-40
34,2010-03-31,7.43,$10.94,0.68,$59.17,0.13,$-3.12,0.0,$-0.28,0.0,$1.51B,$1.21B,1.25,$0.82B,$1.16B,0.71,$6.06B,$0.61B,10.07%,$6.06B,$0.02B,0.31%,$6.06B,$0.02B,0.31%,$6.06B,$0.13B,2.10%,$6.06B,$-0.03B,-0.50%,$6.06B,$-0.03B,-0.51%,$-0.03B,$1.16B,-2.79%,$-0.03B,$0.99B,-3.23%,$-0.03B,$3.38B,-1.05%,$0.02B,$1.98B,1.06%,$1874,$1724,$150,$0,$145,$1897,$-23,$-17,$-40,$-17,$-23,$-23,$-28,$5,$-23,$106,106,$-0.27,$-0.27,$95,$421,$81,$1511,$1639,$0,$176,$56,$1871,$3382,$1213,$821,$82,$1006,$2219,$1,$1098,$-25,$1164,$3382,$-23,$28,$-25,$2,$-121,$-118,$180,$-28,$-71,$-90,$-31,$0,$0,$0,$0,$0,$0,$-31,$148,$-35,$113,$-1,$-1,$-20,$-2,$90,$-31,$3,$-20
35,2009-12-31,6.75,$11.38,0.59,$47.98,0.14,$-2.99,0.0,$0.21,32.94,$1.28B,$1.03B,1.25,$0.71B,$1.21B,0.59,$4.83B,$0.60B,12.33%,$4.83B,$0.08B,1.65%,$4.83B,$0.08B,1.65%,$4.83B,$0.18B,3.72%,$4.83B,$0.04B,0.91%,$4.83B,$0.02B,0.39%,$0.02B,$1.21B,1.80%,$0.02B,$1.03B,2.07%,$0.02B,$3.15B,0.73%,$0.08B,$1.92B,4.90%,$1662,$1551,$111,$0,$132,$1712,$-51,$-13,$-63,$-27,$-36,$-36,$-41,$-21,$-51,$101,101,$-0.40,$-0.26,$126,$304,$51,$1283,$1630,$0,$179,$53,$1863,$3146,$1025,$707,$81,$913,$1938,$1,$1134,$-26,$1208,$3146,$53,$100,$-3,$96,$-474,$-18,$584,$-16,$44,$212,$-303,$0,$-261,$54,$-26,$29,$0,$-535,$294,$0,$294,$132,$132,$-63,$44,$407,$84,$8,$-63
36,2009-09-30,6.67,$10.42,0.64,$40.62,0.16,$-2.99,0.0,$1.11,6.03,$1.05B,$0.87B,1.21,$0.61B,$1.05B,0.58,$4.09B,$0.66B,16.14%,$4.09B,$0.21B,5.23%,$4.09B,$0.21B,5.23%,$4.09B,$0.30B,7.39%,$4.09B,$0.19B,4.52%,$4.09B,$0.11B,2.71%,$0.11B,$1.05B,11.21%,$0.11B,$0.92B,12.73%,$0.11B,$2.70B,4.82%,$0.21B,$1.65B,14.51%,$1488,$1295,$193,$0,$113,$1433,$56,$-12,$44,$13,$30,$30,$23,$80,$56,$100,101,$0.24,$0.24,$100,$298,$27,$1046,$1469,$0,$126,$58,$1652,$2698,$868,$606,$81,$783,$1651,$1,$1183,$-34,$1047,$2698,$76,$70,$-1,$69,$-328,$-74,$429,$-8,$22,$180,$-246,$0,$-158,$54,$-26,$29,$0,$-375,$188,$45,$233,$57,$57,$-46,$9,$253,$58,$7,$-46
37,2009-06-30,4.62,$10.22,0.45,$43.02,0.11,$-1.93,0.0,$1.37,3.37,$1.01B,$0.85B,1.19,$0.58B,$1.03B,0.56,$4.32B,$0.65B,15.09%,$4.32B,$0.24B,5.58%,$4.32B,$0.24B,5.58%,$4.32B,$0.32B,7.45%,$4.32B,$0.22B,5.05%,$4.32B,$0.14B,3.19%,$0.14B,$1.03B,16.12%,$0.14B,$0.90B,18.33%,$0.14B,$2.62B,6.31%,$0.24B,$1.61B,18.91%,$1036,$880,$156,$0,$93,$998,$37,$-8,$29,$9,$20,$20,$15,$63,$37,$100,100,$0.15,$0.15,$109,$264,$26,$1010,$1425,$0,$126,$60,$1611,$2621,$851,$578,$77,$744,$1595,$1,$1167,$-34,$1027,$2621,$45,$46,$-9,$37,$-316,$-40,$413,$-8,$51,$142,$-183,$0,$-158,$54,$-26,$29,$0,$-312,$246,$18,$264,$-1,$-1,$-30,$5,$239,$68,$4,$-30
38,2009-03-31,5.36,$9.49,0.57,$49.97,0.11,$-0.66,0.0,$1.34,4.0,$0.55B,$0.51B,1.06,$0.41B,$0.95B,0.43,$5.03B,$0.62B,12.31%,$5.03B,$0.22B,4.45%,$5.03B,$0.22B,4.45%,$5.03B,$0.30B,5.87%,$5.03B,$0.21B,4.12%,$5.03B,$0.13B,2.66%,$0.13B,$0.95B,18.63%,$0.13B,$0.83B,20.69%,$0.13B,$2.01B,6.25%,$0.22B,$1.36B,20.78%,$648,$512,$136,$0,$79,$610,$38,$-4,$34,$12,$22,$22,$22,$58,$38,$100,100,$0.22,$0.08,$54,$163,$18,$545,$1285,$0,$123,$60,$1469,$2014,$513,$411,$67,$550,$1063,$1,$1160,$-35,$951,$2014,$23,$20,$-23,$-3,$-15,$-37,$10,$0,$-27,$-2,$-99,$0,$0,$54,$-26,$29,$0,$-70,$0,$95,$95,$-1,$-1,$-14,$6,$86,$13,$1,$-14
39,2008-12-31,4.55,$9.37,0.49,$57.88,0.08,$2.27,2.01,$1.21,3.78,$0.53B,$0.46B,1.15,$0.34B,$0.94B,0.37,$5.86B,$0.58B,9.90%,$5.86B,$0.20B,3.34%,$5.86B,$0.20B,3.34%,$5.86B,$0.26B,4.44%,$5.86B,$0.19B,3.19%,$5.86B,$0.12B,2.06%,$0.12B,$0.94B,19.95%,$0.12B,$0.84B,22.07%,$0.12B,$1.87B,5.48%,$0.20B,$1.28B,20.69%,$917,$742,$175,$0,$75,$834,$83,$-5,$78,$28,$51,$51,$51,$101,$83,$100,101,$0.50,$0.49,$88,$126,$19,$531,$1173,$6,$98,$34,$1344,$1874,$462,$342,$64,$476,$938,$1,$1145,$-35,$936,$1874,$127,$64,$9,$73,$332,$15,$-393,$-0,$-37,$155,$-247,$0,$6,$176,$-0,$176,$7,$-58,$29,$0,$29,$-150,$-150,$-51,$21,$-151,$-54,$7,$-51
40,2008-09-30,7.12,$5.13,1.39,$61.71,0.12,$5.52,1.29,$1.15,6.19,$1.00B,$0.91B,1.09,$0.34B,$0.51B,0.67,$6.38B,$0.55B,8.62%,$6.38B,$0.18B,2.80%,$6.38B,$0.18B,2.80%,$6.38B,$0.24B,3.68%,$6.38B,$0.18B,2.88%,$6.38B,$0.12B,1.88%,$0.12B,$0.51B,23.03%,$0.12B,$0.44B,24.79%,$0.12B,$2.24B,5.57%,$0.18B,$0.85B,23.05%,$1720,$1535,$185,$0,$85,$1637,$83,$-5,$77,$26,$52,$52,$50,$100,$83,$99,100,$0.50,$0.50,$214,$141,$14,$1000,$1125,$16,$66,$34,$1240,$2240,$914,$341,$31,$816,$1731,$1,$1102,$-20,$510,$2240,$73,$46,$-19,$27,$-9,$-0,$66,$-3,$66,$161,$-120,$0,$0,$139,$-0,$139,$7,$25,$0,$24,$24,$-151,$-151,$-36,$19,$-144,$42,$5,$-36
41,2008-06-30,9.0,$4.79,1.88,$55.34,0.16,$6.40,1.41,$1.17,7.69,$1.29B,$1.14B,1.14,$0.34B,$0.48B,0.71,$5.87B,$0.51B,8.75%,$5.87B,$0.16B,2.79%,$5.87B,$0.16B,2.79%,$5.87B,$0.21B,3.63%,$5.87B,$0.18B,3.13%,$5.87B,$0.13B,2.18%,$0.13B,$0.48B,22.87%,$0.13B,$0.48B,23.88%,$0.13B,$2.44B,6.40%,$0.16B,$0.82B,22.47%,$1744,$1621,$123,$0,$87,$1724,$20,$-2,$18,$6,$12,$12,$11,$36,$20,$100,101,$0.12,$0.12,$271,$159,$10,$1292,$1047,$27,$0,$77,$1151,$2443,$1135,$340,$38,$827,$1962,$1,$1060,$-18,$480,$2443,$21,$29,$7,$37,$-221,$-19,$297,$1,$56,$115,$-28,$0,$0,$92,$-0,$92,$7,$71,$0,$20,$20,$-137,$-137,$-22,$13,$-126,$60,$3,$-22
42,2008-03-31,10.51,$4.93,2.13,$48.95,0.21,$7.40,1.42,$2.48,4.25,$1.21B,$0.96B,1.27,$0.34B,$0.50B,0.68,$5.35B,$0.71B,13.30%,$5.35B,$0.38B,7.13%,$5.35B,$0.38B,7.13%,$5.35B,$0.42B,7.93%,$5.35B,$0.41B,7.69%,$5.35B,$0.28B,5.16%,$0.28B,$0.50B,46.02%,$0.28B,$0.43B,48.21%,$0.28B,$2.28B,15.75%,$0.38B,$0.84B,55.62%,$1480,$1383,$97,$0,$74,$1470,$10,$5,$14,$5,$9,$9,$9,$23,$10,$102,103,$0.09,$0.09,$387,$135,$9,$1214,$934,$51,$69,$9,$1063,$2277,$958,$341,$42,$818,$1777,$1,$1056,$-21,$500,$2277,$9,$13,$0,$14,$-50,$6,$125,$2,$76,$99,$98,$0,$0,$-22,$-0,$-22,$7,$83,$0,$0,$0,$-103,$-103,$-6,$13,$-96,$86,$0,$-6
43,2007-12-31,12.23,$5.64,2.17,$42.81,0.29,$6.01,2.03,$2.99,4.09,$1.04B,$0.82B,1.27,$0.00B,$0.59B,0.0,$4.79B,$0.79B,16.44%,$4.79B,$0.47B,9.77%,$4.79B,$0.47B,9.77%,$4.79B,$0.51B,10.62%,$4.79B,$0.50B,10.41%,$4.79B,$0.34B,6.99%,$0.34B,$0.59B,55.88%,$0.34B,$0.58B,57.17%,$0.34B,$1.66B,22.41%,$0.47B,$0.59B,78.07%,$1440,$1295,$145,$0,$69,$1375,$66,$10,$75,$25,$50,$50,$50,$76,$66,$110,112,$0.46,$0.45,$253,$141,$10,$1035,$531,$77,$13,$9,$629,$1664,$818,$0,$205,$252,$1070,$1,$1055,$-19,$594,$1664,$334,$43,$34,$78,$-216,$-11,$264,$2,$15,$423,$-161,$0,$0,$-132,$0,$-132,$0,$-293,$0,$0,$0,$-205,$-205,$-23,$39,$-189,$-60,$10,$-23
44,2007-09-30,14.31,$6.11,2.34,$37.97,0.38,$4.74,3.02,$2.96,4.83,$1.01B,$0.73B,1.38,$0.00B,$0.67B,0.0,$4.29B,$0.79B,18.51%,$4.29B,$0.47B,10.98%,$4.29B,$0.47B,10.98%,$4.29B,$0.51B,11.96%,$4.29B,$0.50B,11.66%,$4.29B,$0.33B,7.76%,$0.33B,$0.67B,58.68%,$0.33B,$0.65B,60.16%,$0.33B,$1.61B,23.98%,$0.47B,$0.67B,83.00%,$1209,$1059,$149,$0,$71,$1141,$68,$10,$77,$19,$58,$58,$58,$78,$68,$110,112,$0.53,$0.52,$224,$180,$13,$1012,$492,$86,$13,$8,$599,$1612,$733,$0,$182,$214,$947,$1,$1012,$-12,$665,$1612,$284,$33,$23,$55,$-185,$-50,$172,$-2,$-69,$257,$-113,$0,$0,$-167,$0,$-167,$0,$-281,$0,$0,$0,$-83,$-83,$-17,$9,$-91,$-115,$8,$-17
45,2007-06-30,17.68,$5.82,3.04,$37.30,0.47,$4.49,3.94,$3.13,5.66,$0.92B,$0.60B,1.54,$0.00B,$0.64B,0.0,$4.25B,$0.84B,19.70%,$4.25B,$0.52B,12.22%,$4.25B,$0.52B,12.22%,$4.25B,$0.56B,13.21%,$4.25B,$0.55B,12.83%,$4.25B,$0.35B,8.32%,$0.35B,$0.64B,68.47%,$0.35B,$0.63B,70.45%,$0.35B,$1.46B,27.38%,$0.52B,$0.64B,100.58%,$1217,$897,$320,$0,$72,$980,$237,$8,$245,$86,$159,$159,$159,$247,$237,$110,112,$1.45,$1.42,$357,$144,$15,$920,$460,$55,$14,$9,$537,$1457,$599,$0,$198,$219,$817,$1,$960,$-13,$640,$1457,$226,$22,$5,$27,$-6,$-14,$9,$-3,$26,$281,$-73,$0,$0,$-202,$0,$-202,$0,$-274,$0,$0,$0,$-51,$-51,$-10,$7,$-53,$-47,$1,$-10
46,2007-03-31,14.08,$4.54,3.1,$36.03,0.39,$2.74,5.15,$2.51,5.62,$0.79B,$0.53B,1.48,$0.00B,$0.50B,0.0,$4.16B,$0.73B,17.58%,$4.16B,$0.42B,10.03%,$4.16B,$0.42B,10.03%,$4.16B,$0.46B,11.06%,$4.16B,$0.44B,10.56%,$4.16B,$0.29B,6.93%,$0.29B,$0.50B,61.87%,$0.29B,$0.49B,63.96%,$0.29B,$1.25B,23.17%,$0.42B,$0.50B,89.58%,$926,$752,$174,$0,$66,$829,$97,$6,$102,$35,$68,$68,$68,$108,$97,$110,113,$0.61,$0.60,$271,$145,$11,$790,$423,$10,$14,$10,$457,$1247,$532,$0,$196,$215,$748,$1,$808,$-13,$499,$1247,$68,$11,$3,$15,$36,$-16,$-25,$1,$4,$86,$-27,$0,$0,$-27,$0,$-27,$0,$-54,$0,$0,$0,$-36,$-36,$-4,$5,$-35,$-3,$1,$-4
47,2006-12-31,12.16,$4.21,2.89,$34.40,0.35,$1.79,6.81,$2.30,5.3,$0.80B,$0.56B,1.43,$0.00B,$0.47B,0.0,$4.02B,$0.67B,16.72%,$4.02B,$0.36B,9.00%,$4.02B,$0.36B,9.00%,$4.02B,$0.40B,10.01%,$4.02B,$0.38B,9.54%,$4.02B,$0.27B,6.64%,$0.27B,$0.47B,61.77%,$0.27B,$0.45B,64.14%,$0.27B,$1.24B,22.09%,$0.36B,$0.47B,83.75%,$938,$787,$151,$0,$71,$869,$69,$7,$76,$27,$49,$49,$48,$80,$69,$114,116,$0.43,$0.42,$250,$130,$12,$800,$405,$6,$15,$12,$438,$1238,$559,$0,$192,$212,$772,$1,$746,$-11,$466,$1238,$267,$40,$-9,$31,$12,$-34,$-26,$6,$-41,$245,$-120,$0,$49,$107,$0,$107,$0,$36,$0,$0,$0,$-173,$-173,$-15,$12,$-176,$105,$6,$-15
