,Date,Stock Price,Book Value per Share,Price to Book Ratio,TTM Sales per Share,Price to Sales Ratio,TTM FCF per Share,Price to FCF Ratio,TTM Net EPS,PE Ratio,Current Assets,Current Liabilities,Current Ratio,Long Term Debt,Shareholder's Equity_x,Debt to Equity Ratio,TTM Revenue_x,TTM Gross Profit,Gross Margin,TTM Revenue_y,TTM Operating Income,Operating Margin,TTM Revenue_x,TTM EBIT,EBIT Margin,TTM Revenue_y,TTM EBITDA,EBITDA Margin,TTM Revenue_x,TTM Pre-Tax Income,Pre-Tax Margin,TTM Revenue_y,TTM Net Income_x,Net Margin,TTM Net Income_y,Shareholder's Equity_y,Return on Equity,TTM Net Income_x,Tangible Equity,Return on Tangible Equity,TTM Net Income_y,Total Assets,Return on Assets,TTM Net Income,LT Investments & Debt,Return on Investment,revenue,cost-goods-sold,gross-profit,research-development-expenses,selling-general-administrative-expenses,operating-expenses,operating-income,total-non-operating-income-expense,pre-tax-income,total-provision-income-taxes,income-after-taxes,income-from-continuous-operations,net-income,ebitda,ebit,basic-shares-outstanding,shares-outstanding,eps-basic-net-earnings-per-share,eps-earnings-per-share-diluted,cash-on-hand,inventory,other-current-assets,total-current-assets,net-property-plant-equipment,long-term-investments,goodwill-intangible-assets-total,other-long-term-assets,total-long-term-assets,total-assets,total-current-liabilities,long-term-debt,other-non-current-liabilities,total-long-term-liabilities,total-liabilities,common-stock-net,retained-earnings-accumulated-deficit,comprehensive-income,total-share-holder-equity,total-liabilities-share-holders-equity,net-income-loss,total-depreciation-amortization-cash-flow,other-non-cash-items,total-non-cash-items,change-in-accounts-receivable,change-in-inventories,change-in-accounts-payable,change-in-assets-liabilities,total-change-in-assets-liabilities,cash-flow-from-operating-activities,net-change-in-property-plant-equipment,net-change-in-intangible-assets,net-acquisitions-divestitures,net-change-in-short-term-investments,net-change-in-long-term-investments,net-change-in-investments-total,investing-activities-other,cash-flow-from-investing-activities,net-long-term-debt,net-current-debt,debt-issuance-retirement-net-total,net-common-equity-issued-repurchased,net-total-equity-issued-repurchased,total-common-preferred-stock-dividends-paid,financial-activities-other,cash-flow-from-financial-activities,net-cash-flow,stock-based-compensation,common-stock-dividends-paid
0,2018-09-30,35.15,$20.24,1.74,$6.44,5.46,$3.87,9.07,$1.27,27.68,$3.80B,$4.51B,0.84,$0.02B,$0.75B,0.03,$0.22B,$0.20B,94.01%,$0.22B,$0.06B,27.65%,$0.22B,0,0.00%,$0.22B,0,0.00%,$0.22B,$0.06B,27.65%,$0.22B,$0.05B,21.20%,$0.05B,$0.75B,7.28%,$0.05B,$0.48B,10.61%,$0.05B,$5.28B,0.98%,$0.06B,$0.77B,8.55%,$63,$3,$59,$0,$40,$44,$19,$0,$19,$3,$16,$16,$15,$0,$0,$37,37,$0.42,$0.42,$170,$0,$0,$3802,$80,$927,$263,$204,$1474,$5276,$4510,$20,$0,$20,$4530,$591,$170,$-15,$746,$5276,$36,$10,$4,$15,$4,$0,$0,$0,$4,$55,$-21,$0,$106,$10,$-37,$-27,$-101,$-43,$-109,$-0,$-109,$-2,$-2,$-16,$180,$55,$67,$2,$-16
1,2018-06-30,34.7,$18.80,1.85,$6.27,5.53,$4.68,7.42,$1.20,28.92,$3.44B,$4.05B,0.85,$0.10B,$0.64B,0.15,$0.20B,$0.19B,94.00%,$0.20B,$0.06B,28.00%,$0.20B,0,0.00%,$0.20B,0,0.00%,$0.20B,$0.06B,28.00%,$0.20B,$0.04B,21.00%,$0.04B,$0.64B,7.33%,$0.04B,$0.44B,10.29%,$0.04B,$4.79B,0.95%,$0.06B,$0.74B,8.34%,$54,$3,$51,$0,$37,$40,$14,$0,$14,$2,$12,$12,$12,$0,$0,$34,34,$0.35,$0.35,$130,$0,$0,$3441,$75,$882,$203,$187,$1348,$4789,$4054,$96,$0,$96,$4150,$491,$160,$-11,$640,$4789,$21,$6,$4,$10,$-1,$0,$0,$0,$-1,$30,$-17,$0,$80,$5,$2,$7,$-104,$-34,$-17,$-10,$-27,$-2,$-2,$-10,$70,$31,$27,$1,$-10
2,2018-03-31,30.33,$18.66,1.63,$6.25,4.85,$5.72,5.3,$1.24,24.46,$3.40B,$3.99B,0.85,$0.05B,$0.64B,0.08,$0.19B,$0.18B,94.30%,$0.19B,$0.06B,30.05%,$0.19B,0,0.00%,$0.19B,0,0.00%,$0.19B,$0.06B,30.05%,$0.19B,$0.04B,21.76%,$0.04B,$0.64B,7.81%,$0.04B,$0.43B,10.70%,$0.04B,$4.68B,1.00%,$0.06B,$0.69B,8.99%,$51,$2,$48,$0,$37,$40,$10,$0,$10,$1,$9,$9,$9,$0,$0,$33,33,$0.27,$0.27,$130,$0,$0,$3395,$62,$828,$204,$186,$1281,$4676,$3991,$51,$0,$51,$4042,$491,$153,$-9,$635,$4676,$9,$3,$1,$5,$-5,$0,$0,$0,$-5,$9,$-2,$0,$0,$3,$60,$63,$25,$86,$-62,$-6,$-68,$-1,$-1,$-5,$6,$-68,$27,$1,$-5
3,2017-12-31,30.37,$16.98,1.79,$6.14,4.94,$6.21,4.89,$1.28,23.73,$2.94B,$3.49B,0.84,$0.11B,$0.51B,0.22,$0.18B,$0.17B,94.57%,$0.18B,$0.06B,32.61%,$0.18B,0,0.00%,$0.18B,0,0.00%,$0.18B,$0.06B,32.61%,$0.18B,$0.04B,22.83%,$0.04B,$0.51B,8.38%,$0.04B,$0.38B,11.19%,$0.04B,$4.11B,1.05%,$0.06B,$0.62B,9.70%,$49,$2,$46,$0,$29,$31,$17,$0,$17,$7,$10,$10,$10,$0,$0,$30,30,$0.33,$0.33,$103,$0,$0,$2935,$60,$819,$125,$174,$1179,$4113,$3492,$113,$0,$113,$3605,$361,$149,$-1,$508,$4113,$42,$11,$4,$15,$17,$0,$0,$0,$17,$74,$-3,$0,$0,$29,$-21,$8,$-246,$-241,$13,$10,$23,$-1,$-1,$-18,$163,$167,$-1,$2,$-18
4,2017-09-30,28.87,$16.96,1.7,$5.95,4.85,$5.46,5.29,$1.38,20.92,$2.90B,$3.41B,0.85,$0.14B,$0.51B,0.27,$0.18B,$0.17B,94.94%,$0.18B,$0.06B,31.46%,$0.18B,0,0.00%,$0.18B,0,0.00%,$0.18B,$0.06B,31.46%,$0.18B,$0.04B,23.60%,$0.04B,$0.51B,8.49%,$0.04B,$0.38B,11.40%,$0.04B,$4.05B,1.06%,$0.06B,$0.65B,9.21%,$46,$2,$43,$0,$29,$31,$15,$0,$15,$4,$11,$11,$11,$0,$0,$30,30,$0.35,$0.35,$111,$0,$0,$2895,$60,$809,$125,$160,$1155,$4050,$3405,$137,$0,$137,$3542,$360,$146,$2,$508,$4050,$32,$8,$3,$11,$11,$0,$0,$0,$11,$54,$-2,$0,$0,$24,$-5,$19,$-187,$-170,$38,$7,$44,$-1,$-1,$-11,$91,$124,$8,$2,$-11
5,2017-06-30,25.81,$16.71,1.54,$5.94,4.35,$4.87,5.3,$1.40,18.44,$2.86B,$3.36B,0.85,$0.13B,$0.50B,0.26,$0.18B,$0.17B,95.48%,$0.18B,$0.06B,31.64%,$0.18B,0,0.00%,$0.18B,0,0.00%,$0.18B,$0.06B,31.64%,$0.18B,$0.04B,23.73%,$0.04B,$0.50B,8.54%,$0.04B,$0.37B,11.50%,$0.04B,$3.99B,1.08%,$0.06B,$0.63B,9.65%,$47,$2,$45,$0,$29,$31,$16,$0,$16,$4,$12,$12,$12,$0,$0,$30,30,$0.40,$0.40,$124,$0,$0,$2858,$61,$800,$126,$147,$1133,$3991,$3360,$131,$0,$131,$3491,$360,$139,$2,$500,$3991,$21,$6,$2,$8,$15,$0,$0,$0,$15,$44,$-1,$0,$0,$21,$8,$29,$-135,$-108,$31,$-1,$30,$-1,$-1,$-7,$62,$84,$20,$1,$-7
6,2017-03-31,23.99,$16.34,1.47,$5.76,4.16,$4.23,5.67,$1.31,18.31,$2.76B,$3.31B,0.83,$0.09B,$0.49B,0.18,$0.17B,$0.16B,95.91%,$0.17B,$0.05B,30.41%,$0.17B,0,0.00%,$0.17B,0,0.00%,$0.17B,$0.05B,30.41%,$0.17B,$0.04B,22.81%,$0.04B,$0.49B,7.97%,$0.04B,$0.36B,10.76%,$0.04B,$3.89B,1.02%,$0.05B,$0.58B,9.31%,$42,$2,$40,$0,$28,$30,$12,$0,$12,$3,$9,$9,$9,$0,$0,$30,30,$0.31,$0.31,$104,$0,$0,$2758,$61,$790,$126,$151,$1128,$3886,$3310,$87,$0,$87,$3396,$359,$131,$-1,$489,$3886,$9,$3,$1,$4,$8,$0,$0,$0,$8,$21,$-1,$0,$0,$4,$12,$17,$-33,$-17,$-13,$-1,$-14,$-0,$-0,$-4,$14,$-4,$1,$1,$-4
7,2016-12-31,24.84,$16.08,1.54,$5.73,4.33,$3.97,6.26,$1.30,19.1,$2.74B,$3.30B,0.83,$0.10B,$0.48B,0.21,$0.17B,$0.16B,96.47%,$0.17B,$0.05B,30.59%,$0.17B,0,0.00%,$0.17B,0,0.00%,$0.17B,$0.05B,30.59%,$0.17B,$0.04B,22.94%,$0.04B,$0.48B,8.01%,$0.04B,$0.36B,10.83%,$0.04B,$3.88B,1.03%,$0.05B,$0.58B,9.64%,$43,$2,$41,$0,$28,$30,$13,$0,$13,$3,$10,$10,$10,$0,$0,$30,30,$0.33,$0.33,$104,$0,$0,$2736,$64,$802,$126,$150,$1143,$3879,$3298,$99,$0,$99,$3397,$359,$125,$-3,$482,$3879,$39,$13,$4,$17,$-2,$0,$0,$0,$-2,$54,$-6,$0,$0,$28,$-1,$26,$-273,$-253,$80,$-1,$78,$-2,$-2,$-22,$121,$176,$-23,$2,$-22
8,2016-09-30,16.96,$16.56,1.02,$5.68,2.99,$4.04,4.2,$1.29,13.15,$2.69B,$3.31B,0.81,$0.04B,$0.50B,0.08,$0.17B,$0.16B,96.45%,$0.17B,$0.05B,30.18%,$0.17B,0,0.00%,$0.17B,0,0.00%,$0.17B,$0.05B,30.18%,$0.17B,$0.04B,22.49%,$0.04B,$0.50B,7.85%,$0.04B,$0.37B,10.65%,$0.04B,$3.85B,1.02%,$0.05B,$0.53B,9.88%,$45,$2,$43,$0,$28,$30,$15,$0,$15,$4,$11,$11,$11,$0,$0,$30,30,$0.37,$0.37,$118,$0,$0,$2687,$63,$824,$127,$145,$1159,$3846,$3313,$37,$0,$37,$3350,$358,$126,$11,$496,$3846,$29,$10,$3,$13,$-4,$0,$0,$0,$-4,$38,$-4,$0,$0,$14,$-0,$14,$-200,$-190,$18,$-1,$17,$-2,$-2,$-10,$134,$138,$-14,$1,$-10
9,2016-06-30,16.5,$16.34,1.01,$5.62,2.94,$3.97,4.15,$1.24,13.31,$2.62B,$3.21B,0.82,$0.05B,$0.49B,0.11,$0.17B,$0.16B,96.41%,$0.17B,$0.05B,29.34%,$0.17B,0,0.00%,$0.17B,0,0.00%,$0.17B,$0.05B,29.34%,$0.17B,$0.04B,21.56%,$0.04B,$0.49B,7.54%,$0.04B,$0.36B,10.30%,$0.04B,$3.76B,0.98%,$0.05B,$0.54B,9.70%,$41,$2,$40,$0,$27,$29,$12,$0,$12,$3,$9,$9,$9,$0,$0,$30,30,$0.30,$0.30,$104,$0,$0,$2618,$61,$822,$127,$129,$1139,$3757,$3214,$53,$0,$53,$3267,$359,$119,$12,$490,$3757,$18,$7,$2,$9,$-3,$0,$0,$0,$-3,$24,$-1,$0,$0,$1,$7,$8,$-128,$-121,$33,$-6,$27,$-2,$-2,$-7,$51,$69,$-28,$1,$-7
10,2016-03-31,16.38,$16.02,1.02,$5.60,2.92,$3.77,4.34,$1.23,13.32,$2.55B,$3.18B,0.8,$0.02B,$0.48B,0.04,$0.17B,$0.16B,95.81%,$0.17B,$0.05B,29.34%,$0.17B,0,0.00%,$0.17B,0,0.00%,$0.17B,$0.05B,29.34%,$0.17B,$0.04B,21.56%,$0.04B,$0.48B,7.67%,$0.04B,$0.35B,10.55%,$0.04B,$3.68B,1.00%,$0.05B,$0.50B,10.03%,$41,$1,$40,$0,$27,$29,$12,$0,$12,$3,$9,$9,$9,$0,$0,$30,30,$0.30,$0.30,$99,$0,$0,$2547,$61,$827,$127,$116,$1131,$3678,$3178,$19,$0,$19,$3198,$358,$114,$8,$480,$3678,$9,$3,$1,$4,$-0,$0,$0,$0,$-0,$13,$-0,$0,$0,$1,$-3,$-2,$-58,$-60,$0,$-3,$-3,$-2,$-2,$-3,$23,$15,$-33,$0,$-3
11,2015-12-31,17.45,$15.68,1.11,$5.63,3.1,$3.33,5.24,$1.25,13.96,$2.52B,$3.16B,0.8,$0.02B,$0.47B,0.04,$0.17B,$0.16B,95.27%,$0.17B,$0.05B,30.18%,$0.17B,0,0.00%,$0.17B,0,0.00%,$0.17B,$0.05B,30.18%,$0.17B,$0.04B,21.89%,$0.04B,$0.47B,7.95%,$0.04B,$0.34B,11.00%,$0.04B,$3.65B,1.04%,$0.05B,$0.49B,10.49%,$42,$1,$40,$0,$27,$29,$12,$0,$12,$3,$9,$9,$9,$0,$0,$30,30,$0.32,$0.32,$133,$0,$0,$2524,$62,$816,$128,$121,$1127,$3651,$3161,$19,$0,$19,$3181,$359,$108,$3,$470,$3651,$37,$14,$2,$16,$-2,$0,$0,$0,$-2,$51,$-1,$0,$0,$34,$-35,$-1,$-214,$-217,$0,$-9,$-9,$-7,$-7,$-16,$202,$170,$5,$2,$-16
12,2015-09-30,17.24,$15.64,1.1,$5.90,2.92,$3.55,4.86,$1.17,14.74,$2.54B,$3.11B,0.82,$0.02B,$0.47B,0.04,$0.17B,$0.16B,95.86%,$0.17B,$0.05B,28.40%,$0.17B,0,0.00%,$0.17B,0,0.00%,$0.17B,$0.05B,28.40%,$0.17B,$0.04B,20.71%,$0.04B,$0.47B,7.58%,$0.04B,$0.34B,10.54%,$0.04B,$3.60B,1.00%,$0.05B,$0.49B,9.95%,$43,$2,$41,$0,$28,$30,$13,$0,$13,$4,$9,$9,$9,$0,$0,$30,30,$0.32,$0.32,$148,$0,$0,$2542,$63,$740,$128,$122,$1054,$3595,$3107,$19,$0,$19,$3127,$359,$105,$5,$469,$3595,$28,$11,$1,$12,$-6,$0,$0,$0,$-6,$33,$-1,$0,$0,$5,$48,$53,$-185,$-134,$0,$-9,$-9,$-7,$-7,$-10,$148,$122,$21,$1,$-10
13,2015-06-30,16.27,$15.33,1.06,$5.80,2.81,$3.23,5.03,$1.08,15.06,$2.43B,$3.00B,0.81,$0.02B,$0.46B,0.04,$0.17B,$0.16B,95.81%,$0.17B,$0.05B,26.95%,$0.17B,0,0.00%,$0.17B,0,0.00%,$0.17B,$0.05B,26.95%,$0.17B,$0.03B,19.76%,$0.03B,$0.46B,7.22%,$0.03B,$0.33B,10.08%,$0.03B,$3.48B,0.95%,$0.05B,$0.48B,9.41%,$41,$2,$39,$0,$27,$29,$12,$0,$12,$3,$9,$9,$9,$0,$0,$30,30,$0.29,$0.29,$90,$0,$0,$2426,$64,$737,$129,$124,$1054,$3480,$3002,$19,$0,$19,$3021,$358,$99,$2,$459,$3480,$19,$7,$1,$7,$-7,$0,$0,$0,$-7,$18,$-1,$0,$0,$5,$49,$54,$-122,$-70,$0,$-12,$-12,$-7,$-7,$-6,$40,$15,$-36,$1,$-6
14,2015-03-31,15.38,$15.30,1.01,$5.79,2.65,$2.84,5.41,$0.95,16.18,$2.37B,$2.97B,0.8,$0.03B,$0.46B,0.06,$0.16B,$0.15B,95.65%,$0.16B,$0.04B,24.22%,$0.16B,0,0.00%,$0.16B,0,0.00%,$0.16B,$0.04B,24.22%,$0.16B,$0.03B,17.39%,$0.03B,$0.46B,6.15%,$0.03B,$0.33B,8.63%,$0.03B,$3.46B,0.81%,$0.04B,$0.49B,8.20%,$43,$2,$41,$0,$27,$29,$14,$0,$14,$4,$10,$10,$10,$0,$0,$30,30,$0.32,$0.32,$89,$0,$0,$2369,$65,$795,$129,$102,$1091,$3459,$2970,$27,$0,$27,$2997,$363,$93,$6,$463,$3459,$10,$3,$1,$5,$-14,$0,$0,$0,$-14,$0,$-1,$0,$0,$1,$-2,$-2,$-39,$-41,$7,$-9,$-2,$-2,$-2,$-3,$6,$-0,$-42,$0,$-3
15,2014-12-31,15.78,$15.02,1.05,$5.62,2.81,$3.16,5.0,$0.79,19.97,$2.37B,$2.98B,0.79,$0.02B,$0.46B,0.04,$0.14B,$0.13B,95.65%,$0.14B,$0.03B,21.01%,$0.14B,0,0.00%,$0.14B,0,0.00%,$0.14B,$0.03B,21.01%,$0.14B,$0.02B,15.22%,$0.02B,$0.46B,5.34%,$0.02B,$0.33B,7.30%,$0.02B,$3.46B,0.70%,$0.03B,$0.47B,7.12%,$42,$2,$41,$0,$31,$34,$9,$0,$9,$1,$7,$7,$7,$0,$0,$25,25,$0.27,$0.27,$132,$0,$0,$2371,$65,$791,$130,$102,$1087,$3458,$2984,$19,$0,$19,$3003,$365,$86,$3,$455,$3458,$21,$13,$6,$19,$12,$0,$0,$0,$12,$51,$-3,$0,$0,$5,$-120,$-114,$-5,$-122,$0,$3,$3,$-2,$-2,$-13,$73,$62,$-9,$1,$-13
16,2014-09-30,14.03,$14.93,0.94,$5.31,2.64,$2.96,4.75,$0.59,23.79,$2.41B,$2.98B,0.81,$0.02B,$0.45B,0.04,$0.12B,$0.11B,94.87%,$0.12B,$0.02B,17.95%,$0.12B,0,0.00%,$0.12B,0,0.00%,$0.12B,$0.02B,17.95%,$0.12B,$0.02B,12.82%,$0.02B,$0.45B,4.50%,$0.02B,$0.32B,5.93%,$0.02B,$3.45B,0.59%,$0.02B,$0.47B,6.12%,$41,$2,$39,$0,$28,$31,$10,$0,$10,$3,$7,$7,$7,$0,$0,$30,30,$0.23,$0.23,$223,$0,$0,$2412,$66,$733,$130,$109,$1039,$3451,$2981,$19,$0,$19,$3000,$365,$87,$-0,$452,$3451,$14,$9,$3,$12,$-1,$0,$0,$0,$-1,$25,$-2,$0,$0,$2,$-57,$-54,$42,$-15,$0,$6,$6,$-1,$-1,$-5,$70,$69,$80,$1,$-5
17,2014-06-30,14.17,$14.89,0.95,$5.29,2.68,$3.24,4.38,$0.56,25.31,$2.38B,$2.92B,0.81,$0.02B,$0.45B,0.04,$0.10B,$0.09B,94.85%,$0.10B,$0.02B,16.49%,$0.10B,0,0.00%,$0.10B,0,0.00%,$0.10B,$0.02B,16.49%,$0.10B,$0.01B,11.34%,$0.01B,$0.45B,4.00%,$0.01B,$0.32B,5.03%,$0.01B,$3.39B,0.52%,$0.02B,$0.47B,5.72%,$35,$1,$33,$0,$27,$29,$6,$-0,$6,$2,$4,$4,$4,$0,$0,$25,25,$0.16,$0.16,$161,$0,$0,$2378,$66,$704,$130,$113,$1014,$3392,$2923,$19,$0,$19,$2942,$366,$82,$1,$450,$3392,$7,$5,$2,$7,$-7,$0,$0,$0,$-7,$7,$-2,$0,$32,$1,$-33,$-31,$-16,$-18,$0,$-4,$-4,$0,$0,$-3,$33,$27,$16,$1,$-3
18,2014-03-31,14.84,$13.35,1.11,$5.20,2.85,$3.65,4.06,$0.58,25.58,$1.38B,$1.45B,0.96,$0.00B,$0.22B,0.0,$0.08B,$0.08B,95.06%,$0.08B,$0.01B,17.28%,$0.08B,0,0.00%,$0.08B,0,0.00%,$0.08B,$0.01B,17.28%,$0.08B,$0.01B,12.35%,$0.01B,$0.22B,4.71%,$0.01B,$0.19B,5.38%,$0.01B,$1.66B,0.62%,$0.01B,$0.22B,6.59%,$20,$1,$19,$0,$15,$16,$4,$-0,$4,$1,$3,$3,$3,$0,$0,$16,16,$0.16,$0.16,$170,$0,$0,$1382,$34,$184,$31,$32,$280,$1662,$1446,$0,$0,$0,$1446,$139,$78,$-1,$216,$1662,$3,$3,$1,$4,$-1,$0,$0,$0,$-1,$5,$-1,$0,$0,$0,$20,$21,$-5,$15,$0,$-1,$-1,$-0,$-0,$-1,$5,$3,$24,$0,$-1
19,2013-12-31,14.92,$13.31,1.12,$5.28,2.83,$3.54,4.22,$0.61,24.46,$1.36B,$1.44B,0.94,$0.00B,$0.22B,0.0,$0.08B,$0.08B,95.06%,$0.08B,$0.01B,17.28%,$0.08B,0,0.00%,$0.08B,0,0.00%,$0.08B,$0.01B,17.28%,$0.08B,$0.01B,12.35%,$0.01B,$0.22B,4.79%,$0.01B,$0.19B,5.38%,$0.01B,$1.66B,0.64%,$0.01B,$0.22B,6.71%,$21,$1,$20,$0,$19,$20,$1,$0,$1,$0,$1,$1,$1,$0,$0,$15,15,$0.04,$0.04,$146,$0,$0,$1355,$34,$205,$31,$34,$304,$1659,$1443,$0,$0,$0,$1443,$139,$78,$-1,$216,$1659,$10,$7,$4,$11,$11,$0,$0,$0,$11,$31,$-5,$0,$0,$2,$5,$7,$-19,$-17,$0,$13,$13,$-9,$-9,$-7,$14,$12,$26,$1,$-7
20,2013-09-30,13.48,$13.36,1.01,$5.15,2.62,$3.42,3.94,$0.77,17.5,$1.37B,$1.46B,0.94,$0.00B,$0.22B,0.0,$0.08B,$0.07B,94.87%,$0.08B,$0.02B,23.08%,$0.08B,0,0.00%,$0.08B,0,0.00%,$0.08B,$0.02B,21.79%,$0.08B,$0.01B,15.38%,$0.01B,$0.22B,5.87%,$0.01B,$0.19B,6.46%,$0.01B,$1.67B,0.81%,$0.02B,$0.22B,8.80%,$21,$1,$20,$0,$15,$16,$5,$0,$5,$2,$3,$3,$3,$0,$0,$16,16,$0.20,$0.20,$153,$0,$0,$1366,$34,$208,$31,$35,$308,$1674,$1458,$0,$0,$0,$1458,$138,$79,$-1,$217,$1674,$9,$5,$3,$8,$4,$0,$0,$0,$4,$20,$-4,$0,$18,$0,$3,$3,$-41,$-23,$0,$7,$7,$-9,$-9,$-5,$41,$33,$31,$1,$-5
21,2013-06-30,12.58,$13.19,0.95,$5.07,2.48,$3.49,3.6,$0.76,16.55,$1.19B,$1.23B,0.97,$0.00B,$0.20B,0.0,$0.08B,$0.07B,93.42%,$0.08B,$0.02B,22.37%,$0.08B,0,0.00%,$0.08B,0,0.00%,$0.08B,$0.02B,21.05%,$0.08B,$0.01B,15.79%,$0.01B,$0.20B,5.98%,$0.01B,$0.19B,6.43%,$0.01B,$1.43B,0.86%,$0.02B,$0.20B,8.47%,$19,$1,$18,$0,$14,$15,$4,$-0,$4,$1,$3,$3,$3,$0,$0,$15,15,$0.18,$0.18,$94,$0,$0,$1185,$27,$162,$14,$19,$240,$1426,$1225,$0,$0,$0,$1225,$123,$79,$-1,$201,$1426,$6,$3,$2,$5,$2,$0,$0,$0,$2,$13,$-3,$0,$1,$0,$-4,$-4,$-35,$-41,$0,$0,$0,$-0,$-0,$-2,$18,$16,$-13,$1,$-2
22,2013-03-31,12.38,$13.24,0.93,$5.07,2.44,$3.37,3.67,$0.79,15.67,$1.21B,$1.25B,0.97,$0.00B,$0.20B,0.0,$0.08B,$0.07B,93.42%,$0.08B,$0.02B,23.68%,$0.08B,0,0.00%,$0.08B,0,0.00%,$0.08B,$0.02B,22.37%,$0.08B,$0.01B,15.79%,$0.01B,$0.20B,5.99%,$0.01B,$0.19B,6.44%,$0.01B,$1.45B,0.87%,$0.02B,$0.20B,8.98%,$20,$1,$19,$0,$14,$16,$4,$-0,$4,$1,$3,$3,$3,$0,$0,$15,15,$0.19,$0.19,$146,$0,$0,$1207,$26,$164,$14,$19,$240,$1447,$1247,$0,$0,$0,$1247,$122,$77,$1,$201,$1447,$3,$2,$0,$2,$-1,$0,$0,$0,$-1,$4,$-2,$0,$0,$0,$-2,$-2,$-3,$-7,$0,$-4,$-4,$-0,$-0,$-1,$47,$41,$39,$0,$-1
23,2012-12-31,12.47,$13.16,0.95,$5.05,2.47,$3.53,3.53,$0.87,14.33,$1.11B,$1.15B,0.97,$0.00B,$0.20B,0.0,$0.08B,$0.07B,93.42%,$0.08B,$0.02B,26.32%,$0.08B,0,0.00%,$0.08B,0,0.00%,$0.08B,$0.02B,25.00%,$0.08B,$0.01B,17.11%,$0.01B,$0.20B,6.44%,$0.01B,$0.19B,6.93%,$0.01B,$1.35B,0.96%,$0.02B,$0.20B,9.91%,$18,$1,$17,$0,$13,$14,$5,$-0,$4,$1,$3,$3,$3,$0,$0,$15,15,$0.20,$0.20,$107,$0,$0,$1112,$25,$160,$14,$35,$234,$1346,$1147,$0,$0,$0,$1147,$122,$75,$2,$199,$1346,$13,$5,$4,$9,$6,$0,$0,$0,$6,$28,$-4,$0,$0,$-2,$0,$-2,$2,$-4,$0,$-7,$-7,$-6,$-6,$-12,$-18,$-43,$-19,$1,$-12
24,2012-09-30,12.42,$13.34,0.93,$5.13,2.42,$3.09,4.02,$0.81,15.33,$1.13B,$1.16B,0.97,$0.00B,$0.20B,0.0,$0.08B,$0.07B,93.59%,$0.08B,$0.02B,23.08%,$0.08B,0,0.00%,$0.08B,0,0.00%,$0.08B,$0.02B,23.08%,$0.08B,$0.01B,15.38%,$0.01B,$0.20B,5.92%,$0.01B,$0.19B,6.37%,$0.01B,$1.37B,0.88%,$0.02B,$0.20B,8.88%,$19,$1,$17,$0,$13,$14,$4,$0,$4,$1,$3,$3,$3,$0,$0,$15,15,$0.19,$0.19,$117,$0,$0,$1130,$23,$164,$14,$25,$237,$1367,$1164,$0,$0,$0,$1164,$122,$78,$2,$202,$1367,$10,$3,$3,$6,$2,$0,$0,$0,$2,$18,$-1,$0,$0,$0,$-3,$-3,$-6,$-11,$0,$-0,$-0,$-5,$-5,$-6,$-2,$-14,$-7,$1,$-6
25,2012-06-30,11.8,$13.22,0.89,$5.13,2.3,$2.88,4.09,$0.74,15.95,$1.09B,$1.14B,0.96,$0.00B,$0.20B,0.0,$0.08B,$0.07B,94.87%,$0.08B,$0.02B,21.79%,$0.08B,0,0.00%,$0.08B,0,0.00%,$0.08B,$0.02B,21.79%,$0.08B,$0.01B,14.10%,$0.01B,$0.20B,5.40%,$0.01B,$0.19B,5.82%,$0.01B,$1.34B,0.81%,$0.02B,$0.20B,8.34%,$19,$1,$18,$0,$13,$15,$5,$-0,$5,$2,$3,$3,$3,$0,$0,$15,15,$0.21,$0.21,$83,$0,$0,$1092,$23,$167,$14,$32,$247,$1338,$1138,$0,$0,$0,$1138,$122,$76,$2,$200,$1338,$7,$2,$2,$4,$-3,$0,$0,$0,$-3,$9,$-1,$0,$0,$0,$-5,$-5,$-3,$-9,$0,$-9,$-9,$-5,$-5,$-2,$-23,$-40,$-41,$1,$-2
26,2012-03-31,10.89,$13.29,0.82,$5.14,2.12,$3.01,3.62,$0.64,17.02,$1.14B,$1.17B,0.97,$0.00B,$0.21B,0.0,$0.08B,$0.07B,93.67%,$0.08B,$0.01B,17.72%,$0.08B,0,0.00%,$0.08B,0,0.00%,$0.08B,$0.01B,17.72%,$0.08B,$0.01B,12.66%,$0.01B,$0.21B,4.87%,$0.01B,$0.19B,5.26%,$0.01B,$1.38B,0.73%,$0.01B,$0.21B,6.82%,$20,$1,$19,$0,$12,$14,$6,$-0,$6,$2,$4,$4,$4,$0,$0,$15,15,$0.27,$0.27,$140,$0,$0,$1137,$23,$161,$14,$29,$238,$1375,$1169,$0,$0,$0,$1169,$127,$77,$1,$206,$1375,$4,$1,$1,$1,$0,$0,$0,$0,$0,$6,$-0,$0,$0,$0,$1,$1,$10,$10,$0,$-2,$-2,$-0,$-0,$-1,$4,$0,$16,$0,$-1
27,2011-12-31,10.02,$13.10,0.76,$5.16,1.94,$2.78,3.6,$0.42,23.85,$1.14B,$1.17B,0.97,$0.00B,$0.20B,0.0,$0.08B,$0.07B,93.67%,$0.08B,$0.01B,11.39%,$0.08B,0,0.00%,$0.08B,0,0.00%,$0.08B,$0.01B,11.39%,$0.08B,$0.01B,8.86%,$0.01B,$0.20B,3.42%,$0.01B,$0.19B,3.69%,$0.01B,$1.37B,0.52%,$0.01B,$0.20B,4.40%,$20,$1,$19,$0,$16,$17,$3,$0,$3,$1,$2,$2,$2,$0,$0,$15,15,$0.14,$0.14,$124,$0,$0,$1135,$23,$162,$15,$23,$234,$1369,$1166,$0,$0,$0,$1166,$127,$74,$2,$203,$1369,$7,$3,$16,$20,$-5,$0,$0,$0,$-5,$21,$-3,$0,$0,$-0,$-16,$-17,$-42,$-62,$0,$4,$4,$-3,$-3,$-6,$-0,$-5,$-46,$1,$-6
28,2011-09-30,8.58,$13.23,0.65,$6.60,1.3,$3.48,2.47,$1.05,8.17,$1.14B,$1.16B,0.98,$0.00B,$0.21B,0.0,$0.09B,$0.08B,93.33%,$0.09B,$0.02B,22.22%,$0.09B,0,0.00%,$0.09B,0,0.00%,$0.09B,$0.02B,22.22%,$0.09B,$0.01B,15.56%,$0.01B,$0.21B,6.85%,$0.01B,$0.19B,7.40%,$0.01B,$1.37B,1.03%,$0.02B,$0.21B,9.79%,$19,$2,$18,$0,$15,$17,$3,$-0,$3,$1,$2,$2,$2,$0,$0,$15,15,$0.12,$0.12,$152,$0,$0,$1142,$23,$160,$15,$26,$227,$1369,$1163,$0,$0,$0,$1163,$128,$77,$2,$206,$1369,$4,$2,$13,$15,$-3,$0,$0,$0,$-3,$16,$-2,$0,$0,$0,$-13,$-13,$-16,$-32,$0,$-0,$-0,$-1,$-1,$-1,$1,$-2,$-17,$1,$-1
29,2011-06-30,10.01,$13.14,0.76,$6.97,1.44,$3.76,2.66,$1.08,9.27,$1.11B,$1.13B,0.98,$0.00B,$0.21B,0.0,$0.09B,$0.08B,92.13%,$0.09B,$0.02B,22.47%,$0.09B,0,0.00%,$0.09B,0,0.00%,$0.09B,$0.02B,22.47%,$0.09B,$0.01B,15.73%,$0.01B,$0.21B,7.24%,$0.01B,$0.19B,7.84%,$0.01B,$1.34B,1.06%,$0.02B,$0.21B,10.34%,$20,$2,$18,$0,$16,$18,$2,$-0,$2,$1,$2,$2,$2,$0,$0,$15,16,$0.11,$0.11,$117,$0,$0,$1105,$22,$167,$15,$26,$234,$1339,$1133,$0,$0,$0,$1133,$129,$76,$1,$206,$1339,$2,$1,$10,$11,$-2,$0,$0,$0,$-2,$11,$-2,$0,$0,$0,$-21,$-21,$-10,$-32,$0,$-2,$-2,$0,$0,$-0,$-29,$-31,$-52,$1,$-0
30,2011-03-31,10.94,$12.99,0.84,$7.02,1.56,$3.92,2.79,$1.02,10.73,$1.11B,$1.13B,0.98,$0.00B,$0.20B,0.0,$0.08B,$0.08B,91.67%,$0.08B,$0.02B,22.62%,$0.08B,0,0.00%,$0.08B,0,0.00%,$0.08B,$0.02B,22.62%,$0.08B,$0.01B,15.48%,$0.01B,$0.20B,7.13%,$0.01B,$0.19B,7.75%,$0.01B,$1.34B,1.05%,$0.02B,$0.20B,10.43%,$20,$2,$19,$0,$17,$19,$1,$-0,$1,$0,$1,$1,$1,$0,$0,$15,15,$0.05,$0.05,$141,$0,$0,$1112,$22,$153,$15,$29,$223,$1335,$1132,$0,$0,$0,$1132,$129,$74,$0,$203,$1335,$1,$0,$5,$5,$-3,$0,$0,$0,$-3,$3,$-1,$0,$0,$0,$-9,$-9,$9,$-0,$0,$6,$6,$0,$0,$0,$-37,$-31,$-28,$0,$0
31,2010-12-31,10.75,$12.99,0.83,$7.05,1.52,$4.23,2.54,$1.00,10.75,$1.15B,$1.17B,0.99,$0.00B,$0.20B,0.0,$0.08B,$0.07B,89.87%,$0.08B,$0.02B,24.05%,$0.08B,0,0.00%,$0.08B,0,0.00%,$0.08B,$0.02B,24.05%,$0.08B,$0.01B,15.19%,$0.01B,$0.20B,7.00%,$0.01B,$0.19B,7.63%,$0.01B,$1.37B,1.03%,$0.02B,$0.20B,11.08%,$31,$2,$29,$0,$14,$16,$14,$-0,$14,$5,$10,$10,$9,$0,$0,$11,11,$0.81,$0.81,$169,$0,$0,$1154,$22,$145,$15,$28,$214,$1368,$1165,$0,$0,$0,$1165,$128,$74,$0,$202,$1368,$13,$2,$6,$8,$6,$0,$0,$0,$6,$27,$-6,$0,$197,$0,$12,$12,$41,$244,$-18,$9,$-9,$54,$30,$-1,$-229,$-209,$62,$1,$0
32,2010-09-30,10.81,$14.64,0.74,$6.27,1.72,$3.42,3.16,$0.27,40.05,$1.05B,$1.09B,0.96,$0.00B,$0.14B,0.0,$0.06B,$0.06B,87.30%,$0.06B,$0.01B,9.52%,$0.06B,0,0.00%,$0.06B,0,0.00%,$0.06B,$0.01B,9.52%,$0.06B,$0.00B,4.76%,$0.00B,$0.16B,1.87%,$0.00B,$0.15B,2.04%,$0.00B,$1.26B,0.28%,$0.01B,$0.16B,3.74%,$18,$2,$16,$0,$12,$15,$3,$-0,$3,$1,$2,$2,$2,$0,$0,$11,11,$0.16,$0.15,$178,$0,$0,$1049,$17,$138,$15,$27,$206,$1255,$1091,$0,$0,$0,$1091,$74,$65,$1,$163,$1255,$4,$1,$10,$11,$-0,$0,$0,$0,$-0,$14,$-1,$0,$145,$0,$5,$5,$16,$166,$2,$5,$7,$0,$0,$-1,$-116,$-109,$70,$1,$0
33,2010-06-30,11.56,$14.46,0.8,$6.84,1.69,$3.19,3.62,$0.12,96.36,$0.85B,$0.85B,1.0,$0.00B,$0.14B,0.0,$0.06B,$0.05B,86.67%,$0.06B,$0.00B,5.00%,$0.06B,0,0.00%,$0.06B,0,0.00%,$0.06B,$0.00B,5.00%,$0.06B,$0.00B,1.67%,$0.00B,$0.16B,0.63%,$0.00B,$0.15B,0.68%,$0.00B,$1.01B,0.10%,$0.00B,$0.16B,1.88%,$15,$2,$13,$0,$12,$14,$1,$-0,$1,$0,$1,$1,$1,$0,$0,$11,11,$0.05,$0.05,$112,$0,$0,$851,$16,$109,$13,$11,$159,$1010,$849,$0,$0,$0,$849,$74,$63,$1,$161,$1010,$2,$1,$7,$8,$-1,$0,$0,$0,$-1,$9,$-1,$0,$0,$0,$-0,$-0,$4,$3,$0,$5,$5,$0,$0,$-1,$-11,$-7,$5,$0,$0
34,2010-03-31,11.66,$14.40,0.81,$7.85,1.48,$1.61,7.22,$0.03,388.51,$0.85B,$0.85B,1.0,$0.00B,$0.14B,0.0,$0.06B,$0.05B,85.25%,$0.06B,$0.00B,3.28%,$0.06B,0,0.00%,$0.06B,0,0.00%,$0.06B,$0.00B,3.28%,$0.06B,0,0.00%,$0.00B,$0.16B,0.00%,$0.00B,$0.15B,0.00%,$0.00B,$1.01B,0.00%,$0.00B,$0.16B,1.36%,$15,$2,$13,$0,$12,$14,$1,$-0,$1,$0,$1,$1,$0,$0,$0,$11,11,$0.03,$0.03,$112,$0,$0,$849,$17,$112,$13,$11,$163,$1012,$852,$0,$0,$0,$852,$74,$62,$0,$160,$1012,$1,$0,$4,$4,$0,$0,$0,$0,$0,$5,$-0,$0,$0,$0,$-4,$-4,$9,$4,$0,$-0,$-0,$0,$0,$-0,$-4,$-5,$5,$0,$0
35,2009-12-31,10.64,$14.33,0.74,$8.84,1.2,$0.91,11.76,$-0.14,0.0,$0.86B,$0.86B,1.0,$0.00B,$0.14B,0.0,$0.06B,$0.05B,83.61%,$0.06B,0,0.00%,$0.06B,0,0.00%,$0.06B,0,0.00%,$0.06B,0,0.00%,$0.06B,$-0.00B,-1.64%,$-0.00B,$0.16B,-0.74%,$-0.00B,$0.15B,-0.82%,$-0.00B,$1.02B,-0.10%,$0.00B,$0.16B,0.00%,$15,$3,$13,$0,$12,$14,$1,$-0,$1,$-0,$1,$1,$0,$0,$0,$8,8,$0.08,$0.08,$107,$0,$0,$858,$16,$108,$13,$10,$157,$1015,$856,$0,$0,$0,$856,$74,$62,$-0,$158,$1015,$1,$1,$16,$17,$-8,$0,$0,$0,$-8,$10,$-2,$0,$0,$0,$-62,$-62,$29,$-34,$0,$10,$10,$47,$47,$-2,$16,$71,$47,$1,$-1
36,2009-09-30,10.16,$14.34,0.71,$9.30,1.09,$1.87,5.42,$-0.23,0.0,$0.90B,$0.86B,1.05,$0.00B,$0.14B,0.0,$0.06B,$0.05B,80.65%,$0.06B,$-0.00B,-1.61%,$0.06B,0,0.00%,$0.06B,0,0.00%,$0.06B,$-0.00B,-1.61%,$0.06B,$-0.00B,-1.61%,$-0.00B,$0.16B,-0.81%,$-0.00B,$0.15B,-0.91%,$-0.00B,$1.02B,-0.10%,$-0.00B,$0.16B,-0.81%,$15,$3,$13,$0,$12,$15,$0,$-0,$0,$0,$0,$0,$-0,$0,$0,$7,7,$0.00,$0.00,$139,$0,$0,$901,$16,$74,$13,$9,$117,$1018,$859,$0,$0,$0,$859,$74,$62,$0,$159,$1018,$-0,$1,$15,$16,$-8,$0,$0,$0,$-8,$8,$-1,$0,$0,$0,$-26,$-26,$23,$-5,$0,$9,$9,$47,$47,$-2,$21,$75,$78,$0,$-2
37,2009-06-30,8.93,$16.60,0.54,$9.60,0.93,$1.81,4.94,$0.08,111.61,$0.85B,$0.86B,0.99,$0.00B,$0.09B,0.0,$0.06B,$0.05B,77.78%,$0.06B,$0.00B,3.17%,$0.06B,0,0.00%,$0.06B,0,0.00%,$0.06B,$0.00B,3.17%,$0.06B,$0.00B,1.59%,$0.00B,$0.11B,0.94%,$0.00B,$0.10B,1.08%,$0.00B,$0.97B,0.11%,$0.00B,$0.11B,1.82%,$16,$3,$13,$0,$13,$15,$0,$-0,$0,$-0,$0,$0,$-0,$0,$0,$7,7,$-0.04,$-0.04,$82,$0,$0,$850,$16,$70,$13,$13,$117,$967,$855,$0,$0,$0,$855,$27,$62,$-0,$111,$967,$-1,$0,$11,$11,$-14,$0,$0,$0,$-14,$-4,$-1,$0,$0,$0,$-23,$-23,$24,$0,$0,$9,$9,$0,$0,$-1,$18,$25,$22,$0,$-1
38,2009-03-31,8.07,$16.68,0.48,$9.69,0.83,$3.23,2.5,$0.39,20.7,$0.86B,$0.84B,1.02,$0.00B,$0.09B,0.0,$0.06B,$0.05B,76.19%,$0.06B,$0.01B,9.52%,$0.06B,0,0.00%,$0.06B,0,0.00%,$0.06B,$0.01B,7.94%,$0.06B,$0.00B,4.76%,$0.00B,$0.11B,2.99%,$0.00B,$0.10B,3.46%,$0.00B,$0.96B,0.32%,$0.01B,$0.11B,5.67%,$15,$3,$12,$0,$13,$16,$-1,$-0,$-1,$-0,$-1,$-1,$-1,$0,$0,$7,7,$-0.14,$-0.14,$92,$0,$0,$864,$17,$50,$13,$8,$92,$956,$844,$0,$0,$0,$844,$27,$62,$0,$112,$956,$-1,$0,$6,$6,$-6,$0,$0,$0,$-6,$-1,$-1,$0,$0,$0,$-2,$-2,$21,$18,$0,$0,$0,$0,$0,$-1,$15,$14,$32,$0,$-1
39,2008-12-31,9.38,$16.89,0.56,$9.90,0.95,$3.50,2.68,$0.93,10.09,$0.86B,$0.83B,1.03,$0.00B,$0.09B,0.0,$0.07B,$0.05B,72.31%,$0.07B,$0.01B,16.92%,$0.07B,0,0.00%,$0.07B,0,0.00%,$0.07B,$0.01B,15.38%,$0.07B,$0.01B,10.77%,$0.01B,$0.11B,7.45%,$0.01B,$0.10B,8.70%,$0.01B,$0.95B,0.77%,$0.01B,$0.11B,10.97%,$16,$4,$12,$0,$12,$16,$0,$-1,$-0,$-0,$-0,$-0,$-0,$0,$0,$7,7,$-0.05,$-0.05,$61,$0,$0,$858,$16,$48,$13,$6,$88,$946,$833,$0,$0,$0,$833,$27,$63,$0,$113,$946,$6,$1,$7,$8,$1,$0,$0,$0,$1,$15,$-2,$0,$0,$0,$-6,$-6,$-33,$-41,$-17,$0,$-17,$0,$24,$-4,$48,$52,$26,$1,$-4
40,2008-09-30,9.43,$13.27,0.71,$10.12,0.93,$3.37,2.8,$1.40,6.74,$0.83B,$0.80B,1.03,$0.02B,$0.09B,0.18,$0.07B,$0.05B,68.66%,$0.07B,$0.02B,22.39%,$0.07B,0,0.00%,$0.07B,0,0.00%,$0.07B,$0.01B,20.90%,$0.07B,$0.01B,14.93%,$0.01B,$0.09B,11.49%,$0.01B,$0.08B,13.65%,$0.01B,$0.91B,1.12%,$0.02B,$0.10B,15.38%,$16,$4,$12,$0,$9,$13,$3,$-0,$3,$1,$2,$2,$2,$0,$0,$7,7,$0.31,$0.31,$21,$0,$0,$825,$15,$42,$13,$7,$80,$905,$801,$16,$0,$16,$816,$26,$64,$-0,$89,$905,$7,$1,$4,$5,$-5,$0,$0,$0,$-5,$7,$-1,$0,$0,$0,$-0,$-0,$-33,$-34,$-1,$0,$-1,$0,$0,$-4,$19,$14,$-13,$1,$-4
41,2008-06-30,11.81,$13.05,0.91,$10.42,1.13,$4.07,2.9,$1.53,7.72,$0.82B,$0.81B,1.02,$0.01B,$0.09B,0.08,$0.07B,$0.05B,66.67%,$0.07B,$0.02B,23.19%,$0.07B,0,0.00%,$0.07B,0,0.00%,$0.07B,$0.02B,21.74%,$0.07B,$0.01B,15.94%,$0.01B,$0.09B,12.87%,$0.01B,$0.07B,15.28%,$0.01B,$0.90B,1.23%,$0.02B,$0.09B,16.12%,$16,$5,$12,$0,$8,$12,$4,$-1,$3,$1,$2,$2,$2,$0,$0,$7,7,$0.27,$0.27,$31,$0,$0,$822,$15,$43,$13,$6,$80,$901,$807,$7,$0,$7,$814,$26,$62,$-0,$87,$901,$4,$1,$2,$3,$-2,$0,$0,$0,$-2,$5,$-1,$0,$0,$0,$-1,$-1,$-19,$-20,$-10,$0,$-10,$0,$0,$-3,$25,$12,$-3,$0,$-3
42,2008-03-31,12.82,$12.98,0.99,$10.64,1.2,$4.54,2.82,$1.65,7.77,$0.81B,$0.80B,1.01,$0.00B,$0.09B,0.04,$0.07B,$0.05B,63.38%,$0.07B,$0.02B,22.54%,$0.07B,0,0.00%,$0.07B,0,0.00%,$0.07B,$0.02B,22.54%,$0.07B,$0.01B,16.90%,$0.01B,$0.09B,14.24%,$0.01B,$0.07B,17.02%,$0.01B,$0.89B,1.34%,$0.02B,$0.09B,14.92%,$17,$6,$11,$0,$7,$13,$4,$0,$4,$1,$3,$3,$3,$0,$0,$7,7,$0.40,$0.40,$40,$0,$0,$810,$15,$43,$13,$6,$79,$890,$799,$4,$0,$4,$803,$25,$62,$-0,$87,$890,$3,$0,$1,$1,$-3,$0,$0,$0,$-3,$0,$-0,$0,$0,$0,$0,$0,$3,$3,$-13,$0,$-13,$0,$0,$-1,$17,$2,$5,$0,$-1
43,2007-12-31,14.49,$12.79,1.13,$10.63,1.36,$5.08,2.85,$1.61,9.0,$0.81B,$0.78B,1.03,$0.02B,$0.09B,0.2,$0.07B,$0.05B,63.38%,$0.07B,$0.02B,22.54%,$0.07B,0,0.00%,$0.07B,0,0.00%,$0.07B,$0.02B,22.54%,$0.07B,$0.01B,15.49%,$0.01B,$0.09B,13.33%,$0.01B,$0.07B,15.94%,$0.01B,$0.89B,1.23%,$0.02B,$0.10B,14.16%,$18,$6,$11,$0,$7,$13,$4,$0,$4,$1,$3,$3,$3,$0,$0,$7,7,$0.40,$0.41,$34,$0,$0,$808,$15,$43,$14,$4,$78,$886,$784,$17,$0,$17,$801,$25,$61,$-0,$85,$886,$11,$1,$1,$2,$0,$0,$0,$0,$0,$13,$-1,$0,$0,$0,$4,$4,$-30,$-27,$-24,$0,$-24,$0,$0,$-6,$51,$22,$8,$1,$-6
44,2007-09-30,15.91,$12.54,1.27,$10.54,1.51,$4.60,3.46,$1.57,10.13,$0.83B,$0.79B,1.04,$0.03B,$0.08B,0.34,$0.07B,$0.05B,64.29%,$0.07B,$0.02B,22.86%,$0.07B,0,0.00%,$0.07B,0,0.00%,$0.07B,$0.02B,22.86%,$0.07B,$0.01B,15.71%,$0.01B,$0.08B,13.58%,$0.01B,$0.07B,16.30%,$0.01B,$0.91B,1.25%,$0.02B,$0.11B,13.65%,$18,$7,$12,$0,$7,$14,$4,$0,$4,$1,$3,$3,$3,$0,$0,$7,7,$0.45,$0.44,$31,$0,$0,$828,$15,$43,$14,$4,$78,$906,$794,$28,$0,$28,$822,$25,$59,$-0,$83,$906,$8,$1,$1,$2,$1,$0,$0,$0,$1,$11,$-1,$0,$0,$0,$3,$3,$-53,$-50,$-13,$0,$-13,$0,$0,$-4,$60,$43,$4,$1,$-4
45,2007-06-30,17.05,$12.28,1.39,$10.29,1.66,$3.97,4.29,$1.56,10.93,$0.83B,$0.78B,1.06,$0.04B,$0.08B,0.54,$0.07B,$0.05B,65.22%,$0.07B,$0.02B,23.19%,$0.07B,0,0.00%,$0.07B,0,0.00%,$0.07B,$0.02B,23.19%,$0.07B,$0.01B,15.94%,$0.01B,$0.08B,13.84%,$0.01B,$0.07B,16.67%,$0.01B,$0.91B,1.27%,$0.02B,$0.13B,13.94%,$18,$7,$11,$0,$7,$14,$4,$0,$4,$1,$3,$3,$3,$0,$0,$7,7,$0.40,$0.39,$43,$0,$0,$828,$15,$43,$14,$4,$78,$906,$780,$44,$0,$44,$824,$25,$58,$-1,$82,$906,$5,$1,$1,$1,$1,$0,$0,$0,$1,$7,$-0,$0,$0,$0,$3,$3,$-40,$-37,$4,$0,$4,$0,$0,$-3,$45,$46,$17,$0,$-3
46,2007-03-31,17.7,$12.18,1.45,$9.96,1.78,$3.63,4.88,$1.56,11.35,$0.79B,$0.75B,1.04,$0.03B,$0.08B,0.41,$0.07B,$0.05B,68.18%,$0.07B,$0.02B,24.24%,$0.07B,0,0.00%,$0.07B,0,0.00%,$0.07B,$0.02B,24.24%,$0.07B,$0.01B,16.67%,$0.01B,$0.08B,14.15%,$0.01B,$0.07B,17.12%,$0.01B,$0.87B,1.30%,$0.02B,$0.11B,14.41%,$17,$6,$11,$0,$7,$13,$4,$0,$4,$1,$2,$2,$2,$0,$0,$7,7,$0.37,$0.36,$25,$0,$0,$785,$16,$44,$14,$5,$80,$865,$752,$33,$0,$33,$785,$24,$57,$-0,$80,$865,$2,$0,$0,$1,$1,$0,$0,$0,$1,$4,$-0,$0,$0,$0,$3,$3,$-16,$-13,$-8,$0,$-8,$0,$0,$-1,$17,$8,$-1,$0,$-1
47,2006-12-31,17.44,$11.99,1.45,$9.62,1.81,$3.47,5.02,$1.60,10.9,$0.77B,$0.73B,1.05,$0.04B,$0.08B,0.52,$0.06B,$0.04B,69.84%,$0.06B,$0.02B,25.40%,$0.06B,0,0.00%,$0.06B,0,0.00%,$0.06B,$0.02B,25.40%,$0.06B,$0.01B,19.05%,$0.01B,$0.08B,16.05%,$0.01B,$0.07B,19.12%,$0.01B,$0.85B,1.47%,$0.02B,$0.12B,15.46%,$17,$6,$11,$0,$7,$13,$4,$0,$4,$1,$3,$3,$3,$0,$0,$6,7,$0.39,$0.38,$26,$0,$0,$770,$16,$46,$14,$5,$83,$853,$734,$41,$0,$41,$774,$24,$56,$-1,$79,$853,$11,$2,$1,$3,$-3,$0,$0,$0,$-3,$11,$-1,$0,$-2,$0,$8,$8,$-56,$-51,$-1,$0,$-1,$0,$0,$-5,$45,$39,$-2,$1,$-5
