,Date,Stock Price,Book Value per Share,Price to Book Ratio,TTM Sales per Share,Price to Sales Ratio,TTM FCF per Share,Price to FCF Ratio,TTM Net EPS,PE Ratio,Current Assets,Current Liabilities,Current Ratio,Long Term Debt,Shareholder's Equity_x,Debt to Equity Ratio,TTM Revenue_x,TTM Gross Profit,Gross Margin,TTM Revenue_y,TTM Operating Income,Operating Margin,TTM Revenue_x,TTM EBIT,EBIT Margin,TTM Revenue_y,TTM EBITDA,EBITDA Margin,TTM Revenue_x,TTM Pre-Tax Income,Pre-Tax Margin,TTM Revenue_y,TTM Net Income_x,Net Margin,TTM Net Income_y,Shareholder's Equity_y,Return on Equity,TTM Net Income_x,Tangible Equity,Return on Tangible Equity,TTM Net Income_y,Total Assets,Return on Assets,TTM Net Income,LT Investments & Debt,Return on Investment,revenue,cost-goods-sold,gross-profit,research-development-expenses,selling-general-administrative-expenses,operating-expenses,operating-income,total-non-operating-income-expense,pre-tax-income,total-provision-income-taxes,income-after-taxes,income-from-continuous-operations,net-income,ebitda,ebit,basic-shares-outstanding,shares-outstanding,eps-basic-net-earnings-per-share,eps-earnings-per-share-diluted,cash-on-hand,inventory,other-current-assets,total-current-assets,net-property-plant-equipment,long-term-investments,goodwill-intangible-assets-total,other-long-term-assets,total-long-term-assets,total-assets,total-current-liabilities,long-term-debt,other-non-current-liabilities,total-long-term-liabilities,total-liabilities,common-stock-net,retained-earnings-accumulated-deficit,comprehensive-income,total-share-holder-equity,total-liabilities-share-holders-equity,net-income-loss,total-depreciation-amortization-cash-flow,other-non-cash-items,total-non-cash-items,change-in-accounts-receivable,change-in-inventories,change-in-accounts-payable,change-in-assets-liabilities,total-change-in-assets-liabilities,cash-flow-from-operating-activities,net-change-in-property-plant-equipment,net-change-in-intangible-assets,net-acquisitions-divestitures,net-change-in-short-term-investments,net-change-in-long-term-investments,net-change-in-investments-total,investing-activities-other,cash-flow-from-investing-activities,net-long-term-debt,net-current-debt,debt-issuance-retirement-net-total,net-common-equity-issued-repurchased,net-total-equity-issued-repurchased,total-common-preferred-stock-dividends-paid,financial-activities-other,cash-flow-from-financial-activities,net-cash-flow,stock-based-compensation,common-stock-dividends-paid
0,2018-06-30,1.57,$3.76,0.42,$1.62,0.97,$-0.33,0.0,$0.23,6.83,$0.01B,$0.08B,0.07,$0.06B,$0.17B,0.38,$0.07B,$0.02B,22.22%,$0.07B,$0.01B,19.44%,$0.07B,$0.01B,19.44%,$0.07B,$0.01B,19.44%,$0.07B,$0.01B,18.06%,$0.07B,$0.01B,12.50%,$0.01B,$0.17B,5.35%,$0.01B,$0.17B,5.35%,$0.01B,$0.38B,2.33%,$0.01B,$0.23B,5.52%,$14,$9,$5,$0,$1,$10,$5,$-0,$4,$1,$3,$3,$3,$5,$5,$45,45,$0.08,$0.08,$6,$0,$0,$6,$1,$0,$0,$371,$372,$378,$84,$64,$59,$125,$209,$0,$33,$-3,$169,$378,$7,$0,$1,$2,$0,$0,$-7,$4,$-4,$4,$-0,$0,$0,$0,$0,$0,$0,$-0,$-3,$-0,$-3,$0,$0,$0,$0,$-3,$1,$0,$0
1,2018-03-31,1.31,$3.89,0.34,$1.65,0.8,$-0.91,0.0,$0.18,7.28,$0.01B,$0.07B,0.11,$0.09B,$0.18B,0.51,$0.07B,$0.01B,18.92%,$0.07B,$0.01B,14.86%,$0.07B,$0.01B,14.86%,$0.07B,$0.01B,14.86%,$0.07B,$0.01B,14.86%,$0.07B,$0.01B,10.81%,$0.01B,$0.18B,4.85%,$0.01B,$0.18B,4.85%,$0.01B,$0.40B,2.08%,$0.01B,$0.26B,4.24%,$22,$18,$4,$0,$1,$19,$3,$-0,$3,$1,$2,$2,$2,$3,$3,$45,45,$0.05,$0.05,$8,$0,$0,$8,$1,$0,$0,$391,$391,$399,$70,$89,$64,$154,$224,$0,$30,$7,$175,$399,$3,$0,$1,$1,$0,$0,$-6,$6,$-0,$4,$-0,$0,$0,$0,$0,$0,$0,$-0,$-1,$-0,$-1,$0,$0,$0,$0,$-1,$2,$0,$0
2,2017-12-31,1.23,$3.70,0.33,$1.40,0.88,$-1.67,0.0,$0.15,8.19,$0.01B,$0.07B,0.08,$0.09B,$0.17B,0.53,$0.06B,$0.01B,20.63%,$0.06B,$0.01B,14.29%,$0.06B,$0.01B,14.29%,$0.06B,$0.01B,14.29%,$0.06B,$0.01B,14.29%,$0.06B,$0.01B,11.11%,$0.01B,$0.17B,4.40%,$0.01B,$0.17B,4.40%,$0.01B,$0.39B,1.85%,$0.01B,$0.26B,3.45%,$14,$12,$2,$0,$1,$13,$2,$-0,$2,$0,$1,$1,$1,$2,$2,$45,45,$0.03,$0.03,$6,$0,$0,$6,$1,$0,$0,$382,$382,$388,$68,$89,$63,$153,$221,$0,$28,$0,$167,$388,$1,$0,$0,$1,$0,$0,$-2,$2,$0,$2,$-0,$0,$0,$0,$0,$0,$0,$-0,$0,$-1,$-1,$0,$0,$0,$0,$-1,$1,$0,$0
3,2017-09-30,1.33,$3.59,0.37,$1.28,1.04,$-2.08,0.0,$0.14,9.5,$0.01B,$0.06B,0.08,$0.10B,$0.16B,0.61,$0.06B,$0.01B,22.41%,$0.06B,$0.01B,13.79%,$0.06B,$0.01B,13.79%,$0.06B,$0.01B,13.79%,$0.06B,$0.01B,13.79%,$0.06B,$0.01B,12.07%,$0.01B,$0.16B,4.52%,$0.01B,$0.16B,4.52%,$0.01B,$0.38B,1.89%,$0.01B,$0.26B,3.06%,$22,$18,$5,$0,$1,$19,$4,$-0,$4,$0,$3,$3,$3,$4,$4,$45,45,$0.07,$0.07,$5,$0,$0,$5,$1,$0,$0,$374,$375,$380,$58,$99,$61,$160,$218,$0,$26,$-3,$162,$380,$6,$0,$0,$0,$0,$0,$-6,$-25,$-30,$-23,$-0,$0,$0,$0,$0,$0,$0,$-0,$0,$20,$20,$0,$0,$0,$0,$20,$-3,$0,$0
4,2017-06-30,1.52,$3.46,0.44,$1.11,1.37,$-3.28,0.0,$0.07,21.71,$0.01B,$0.05B,0.08,$0.10B,$0.16B,0.64,$0.05B,$0.01B,19.61%,$0.05B,$0.00B,7.84%,$0.05B,$0.00B,7.84%,$0.05B,$0.00B,7.84%,$0.05B,$0.00B,7.84%,$0.05B,$0.00B,7.84%,$0.00B,$0.16B,2.61%,$0.00B,$0.16B,2.61%,$0.00B,$0.37B,1.10%,$0.00B,$0.26B,1.54%,$16,$13,$3,$0,$1,$13,$2,$-0,$2,$0,$2,$2,$2,$2,$2,$45,45,$0.03,$0.03,$5,$0,$0,$5,$1,$0,$0,$363,$364,$369,$53,$100,$55,$160,$213,$0,$24,$-7,$156,$369,$3,$0,$0,$0,$0,$0,$-6,$-20,$-26,$-22,$-0,$0,$0,$0,$0,$0,$0,$-0,$0,$20,$20,$0,$0,$0,$0,$20,$-3,$0,$0
5,2017-03-31,1.6,$3.37,0.48,$1.03,1.56,$-3.90,0.0,$0.09,17.78,$0.00B,$0.04B,0.08,$0.12B,$0.15B,0.77,$0.05B,$0.01B,21.28%,$0.05B,$0.01B,10.64%,$0.05B,$0.01B,10.64%,$0.05B,$0.01B,10.64%,$0.05B,$0.01B,10.64%,$0.05B,$0.00B,8.51%,$0.00B,$0.15B,2.61%,$0.00B,$0.15B,2.61%,$0.00B,$0.37B,1.13%,$0.01B,$0.27B,1.98%,$11,$8,$3,$0,$1,$10,$1,$-0,$1,$0,$1,$1,$1,$1,$1,$45,45,$0.02,$0.02,$3,$0,$0,$3,$1,$0,$0,$369,$369,$373,$43,$117,$56,$178,$221,$0,$22,$-9,$152,$373,$2,$0,$0,$0,$0,$0,$-5,$-28,$-33,$-31,$0,$0,$0,$0,$0,$0,$0,$0,$0,$27,$27,$0,$0,$0,$0,$27,$-4,$0,$0
6,2016-12-31,1.91,$3.32,0.58,$0.93,2.06,$-3.73,0.0,$0.10,19.1,$0.01B,$0.05B,0.25,$0.11B,$0.15B,0.74,$0.04B,$0.01B,21.43%,$0.04B,$0.01B,14.29%,$0.04B,$0.01B,14.29%,$0.04B,$0.01B,14.29%,$0.04B,$0.01B,11.90%,$0.04B,$0.00B,9.52%,$0.00B,$0.15B,2.58%,$0.00B,$0.15B,2.58%,$0.00B,$0.36B,1.18%,$0.01B,$0.26B,2.53%,$9,$7,$2,$0,$1,$8,$1,$-0,$1,$0,$1,$1,$1,$1,$1,$45,45,$0.02,$0.02,$11,$0,$0,$11,$1,$0,$0,$351,$352,$363,$46,$111,$52,$168,$214,$0,$21,$-10,$150,$363,$1,$0,$0,$0,$0,$0,$-1,$-17,$-18,$-17,$0,$0,$0,$0,$0,$0,$0,$0,$0,$21,$21,$0,$0,$0,$0,$21,$4,$0,$0
7,2016-09-30,2.36,$3.44,0.69,$0.85,2.76,$-3.50,0.0,$0.11,21.45,$0.01B,$0.04B,0.19,$0.10B,$0.16B,0.64,$0.04B,$0.01B,23.68%,$0.04B,$0.01B,18.42%,$0.04B,$0.01B,18.42%,$0.04B,$0.01B,18.42%,$0.04B,$0.01B,15.79%,$0.04B,$0.00B,10.53%,$0.00B,$0.16B,2.56%,$0.00B,$0.16B,2.56%,$0.00B,$0.36B,1.24%,$0.01B,$0.26B,3.22%,$15,$13,$2,$0,$2,$15,$0,$-0,$0,$0,$-0,$-0,$-0,$0,$0,$45,45,$0.00,$0.00,$8,$0,$0,$8,$1,$0,$0,$348,$348,$356,$43,$100,$54,$159,$201,$0,$21,$-4,$155,$356,$5,$0,$1,$1,$0,$0,$-9,$-73,$-83,$-77,$-0,$0,$0,$0,$0,$0,$0,$-0,$-6,$88,$82,$0,$0,$0,$0,$82,$5,$0,$0
8,2016-06-30,1.82,$3.46,0.53,$0.96,1.9,$-1.56,0.0,$0.26,7.0,$0.00B,$0.04B,0.1,$0.07B,$0.16B,0.45,$0.04B,$0.02B,34.88%,$0.04B,$0.01B,32.56%,$0.04B,$0.01B,32.56%,$0.04B,$0.01B,32.56%,$0.04B,$0.01B,30.23%,$0.04B,$0.01B,25.58%,$0.01B,$0.16B,7.02%,$0.01B,$0.16B,7.02%,$0.01B,$0.33B,3.57%,$0.01B,$0.23B,7.11%,$12,$8,$3,$0,$1,$9,$3,$-0,$3,$0,$2,$2,$2,$3,$3,$45,45,$0.05,$0.05,$4,$0,$0,$4,$1,$0,$0,$321,$322,$325,$36,$70,$58,$133,$170,$0,$125,$-3,$156,$325,$5,$0,$0,$0,$0,$0,$-15,$-40,$-56,$-50,$-0,$0,$0,$0,$0,$0,$0,$-0,$-6,$57,$51,$0,$0,$0,$0,$51,$1,$0,$0
9,2016-03-31,1.76,$3.51,0.5,$1.24,1.42,$-0.15,0.0,$0.51,3.45,$0.00B,$0.04B,0.1,$0.05B,$0.16B,0.31,$0.06B,$0.03B,49.09%,$0.06B,$0.03B,45.45%,$0.06B,$0.03B,45.45%,$0.06B,$0.03B,45.45%,$0.06B,$0.02B,43.64%,$0.06B,$0.02B,41.82%,$0.02B,$0.16B,14.65%,$0.02B,$0.16B,14.65%,$0.02B,$0.31B,7.64%,$0.03B,$0.21B,13.87%,$6,$4,$2,$0,$1,$5,$2,$-0,$1,$0,$1,$1,$1,$2,$2,$45,45,$0.03,$0.03,$3,$0,$0,$3,$1,$0,$0,$309,$310,$313,$36,$49,$65,$119,$155,$0,$122,$1,$158,$313,$3,$0,$0,$0,$0,$0,$-13,$-13,$-27,$-24,$0,$0,$0,$0,$0,$0,$0,$0,$29,$-5,$24,$0,$0,$0,$-0,$24,$0,$0,$0
10,2015-12-31,1.68,$3.45,0.49,$1.59,1.06,$0.48,3.53,$0.69,2.43,$0.00B,$0.05B,0.06,$0.03B,$0.16B,0.17,$0.07B,$0.04B,50.70%,$0.07B,$0.03B,46.48%,$0.07B,$0.03B,46.48%,$0.07B,$0.03B,46.48%,$0.07B,$0.03B,46.48%,$0.07B,$0.03B,43.66%,$0.03B,$0.16B,20.23%,$0.03B,$0.16B,20.23%,$0.03B,$0.30B,10.44%,$0.03B,$0.18B,20.03%,$5,$3,$2,$0,$1,$4,$2,$-0,$2,$0,$1,$1,$1,$2,$2,$45,45,$0.03,$0.03,$3,$0,$0,$3,$1,$0,$0,$294,$295,$298,$46,$26,$65,$96,$142,$0,$121,$0,$156,$298,$1,$0,$0,$0,$0,$0,$-9,$0,$-8,$-7,$0,$0,$0,$0,$0,$0,$0,$0,$-5,$12,$7,$0,$0,$0,$-0,$6,$-0,$0,$0
11,2015-09-30,1.7,$3.50,0.49,$1.68,1.01,$0.48,3.58,$0.70,2.43,$0.00B,$0.06B,0.05,$0.02B,$0.16B,0.1,$0.08B,$0.04B,48.68%,$0.08B,$0.03B,43.42%,$0.08B,$0.03B,43.42%,$0.08B,$0.03B,43.42%,$0.08B,$0.03B,43.42%,$0.08B,$0.03B,42.11%,$0.03B,$0.16B,21.69%,$0.03B,$0.16B,21.69%,$0.03B,$0.30B,10.77%,$0.03B,$0.17B,21.39%,$20,$12,$8,$0,$1,$12,$7,$-0,$7,$1,$7,$7,$7,$7,$7,$45,45,$0.15,$0.15,$3,$0,$0,$3,$1,$0,$0,$295,$295,$298,$60,$16,$60,$81,$141,$0,$120,$4,$157,$298,$31,$0,$2,$2,$0,$0,$-14,$-14,$-23,$10,$0,$0,$0,$0,$0,$0,$0,$0,$-13,$3,$-10,$0,$0,$0,$-0,$-10,$0,$0,$0
12,2015-06-30,2.73,$3.48,0.78,$1.90,1.44,$-0.34,0.0,$0.72,3.79,$0.01B,$0.07B,0.09,$0.00B,$0.16B,0.01,$0.09B,$0.04B,45.35%,$0.09B,$0.04B,40.70%,$0.09B,$0.04B,40.70%,$0.09B,$0.04B,40.70%,$0.09B,$0.03B,39.53%,$0.09B,$0.03B,38.37%,$0.03B,$0.16B,23.40%,$0.03B,$0.16B,23.40%,$0.03B,$0.30B,11.07%,$0.04B,$0.16B,24.05%,$24,$9,$15,$0,$1,$10,$14,$-0,$14,$1,$14,$14,$14,$14,$14,$45,45,$0.30,$0.30,$6,$0,$0,$6,$1,$0,$0,$289,$289,$295,$65,$2,$67,$73,$138,$0,$116,$10,$157,$295,$25,$0,$1,$1,$0,$0,$-26,$9,$-13,$13,$0,$0,$0,$0,$0,$0,$0,$0,$-7,$-4,$-10,$0,$0,$0,$-0,$-11,$3,$0,$0
13,2015-03-31,2.6,$3.17,0.82,$1.96,1.33,$-1.32,0.0,$0.60,4.33,$0.00B,$0.08B,0.03,$0.00B,$0.14B,0.01,$0.09B,$0.03B,38.20%,$0.09B,$0.03B,33.71%,$0.09B,$0.03B,33.71%,$0.09B,$0.03B,33.71%,$0.09B,$0.03B,32.58%,$0.09B,$0.03B,30.34%,$0.03B,$0.14B,20.38%,$0.03B,$0.14B,20.38%,$0.03B,$0.30B,9.33%,$0.03B,$0.15B,21.47%,$22,$11,$11,$0,$1,$12,$10,$-0,$10,$1,$9,$9,$9,$10,$10,$45,45,$0.21,$0.21,$3,$0,$0,$3,$1,$0,$0,$294,$294,$297,$79,$2,$70,$75,$154,$0,$103,$10,$143,$297,$11,$0,$1,$1,$0,$0,$-17,$8,$-7,$5,$0,$0,$0,$0,$0,$0,$0,$0,$-2,$-3,$-5,$0,$0,$0,$-0,$-5,$-0,$0,$0
14,2014-12-31,4.29,$2.95,1.45,$2.51,1.71,$-1.84,0.0,$0.69,6.22,$0.00B,$0.09B,0.03,$0.01B,$0.13B,0.05,$0.11B,$0.04B,33.33%,$0.11B,$0.04B,30.70%,$0.11B,$0.04B,30.70%,$0.11B,$0.04B,30.70%,$0.11B,$0.03B,29.82%,$0.11B,$0.03B,27.19%,$0.03B,$0.13B,24.70%,$0.03B,$0.13B,24.70%,$0.03B,$0.30B,11.38%,$0.04B,$0.14B,25.83%,$10,$7,$3,$0,$1,$8,$2,$-0,$2,$0,$2,$2,$2,$2,$2,$45,45,$0.04,$0.04,$3,$0,$0,$3,$1,$0,$0,$295,$296,$299,$92,$7,$64,$74,$166,$0,$93,$9,$133,$299,$2,$0,$0,$0,$0,$0,$-10,$2,$-9,$-7,$0,$0,$0,$0,$0,$0,$0,$0,$5,$2,$7,$0,$0,$0,$-0,$7,$0,$0,$0
15,2014-09-30,5.09,$2.91,1.75,$2.59,1.97,$-2.03,0.0,$0.72,7.07,$0.00B,$0.10B,0.03,$0.01B,$0.13B,0.05,$0.12B,$0.04B,33.33%,$0.12B,$0.04B,30.77%,$0.12B,$0.04B,30.77%,$0.12B,$0.04B,30.77%,$0.12B,$0.04B,29.91%,$0.12B,$0.03B,27.35%,$0.03B,$0.13B,27.12%,$0.03B,$0.13B,27.12%,$0.03B,$0.30B,12.85%,$0.04B,$0.14B,27.48%,$30,$20,$10,$0,$1,$21,$9,$-0,$8,$1,$8,$8,$8,$9,$9,$45,45,$0.17,$0.17,$3,$0,$0,$3,$1,$0,$0,$298,$298,$301,$95,$6,$66,$75,$170,$0,$92,$9,$131,$301,$32,$0,$2,$2,$0,$0,$35,$-103,$-62,$-27,$0,$0,$0,$0,$0,$0,$0,$0,$3,$19,$22,$0,$0,$0,$-0,$22,$-5,$0,$0
16,2014-06-30,2.6,$2.74,0.95,$2.56,1.02,$-1.68,0.0,$0.71,3.66,$0.01B,$0.06B,0.12,$0.01B,$0.12B,0.11,$0.12B,$0.04B,33.04%,$0.12B,$0.04B,30.43%,$0.12B,$0.04B,30.43%,$0.12B,$0.04B,30.43%,$0.12B,$0.04B,30.43%,$0.12B,$0.03B,26.96%,$0.03B,$0.12B,28.18%,$0.03B,$0.12B,28.18%,$0.03B,$0.26B,14.20%,$0.04B,$0.14B,28.17%,$27,$18,$10,$0,$1,$18,$9,$-0,$9,$1,$8,$8,$8,$9,$9,$45,45,$0.18,$0.18,$4,$0,$0,$8,$1,$0,$0,$252,$253,$261,$61,$13,$61,$77,$137,$0,$88,$9,$123,$261,$25,$0,$2,$2,$0,$0,$3,$-64,$-57,$-31,$0,$0,$0,$0,$0,$0,$0,$0,$7,$21,$28,$0,$0,$0,$0,$28,$-3,$0,$0
17,2014-03-31,5.08,$2.56,1.99,$2.11,2.41,$-0.96,0.0,$0.58,8.76,$0.01B,$0.05B,0.15,$0.01B,$0.12B,0.11,$0.10B,$0.03B,32.63%,$0.10B,$0.03B,29.47%,$0.10B,$0.03B,29.47%,$0.10B,$0.03B,29.47%,$0.10B,$0.03B,29.47%,$0.10B,$0.03B,26.32%,$0.03B,$0.12B,24.51%,$0.03B,$0.12B,24.51%,$0.03B,$0.23B,13.09%,$0.03B,$0.13B,24.78%,$47,$32,$15,$0,$1,$32,$15,$-0,$15,$1,$13,$13,$13,$15,$15,$45,45,$0.30,$0.30,$4,$0,$0,$7,$1,$0,$0,$221,$222,$229,$49,$13,$51,$65,$114,$0,$80,$9,$115,$229,$17,$0,$1,$1,$0,$0,$3,$-42,$-36,$-19,$0,$0,$0,$0,$0,$0,$0,$0,$8,$8,$16,$0,$0,$0,$0,$16,$-3,$0,$0
18,2013-12-31,5.95,$2.28,2.61,$1.47,4.04,$-0.55,0.0,$0.41,14.51,$0.01B,$0.04B,0.11,$0.02B,$0.10B,0.19,$0.07B,$0.02B,36.36%,$0.07B,$0.02B,28.79%,$0.07B,$0.02B,28.79%,$0.07B,$0.02B,28.79%,$0.07B,$0.02B,28.79%,$0.07B,$0.02B,27.27%,$0.02B,$0.10B,18.90%,$0.02B,$0.10B,18.90%,$0.02B,$0.21B,10.73%,$0.02B,$0.12B,18.45%,$13,$9,$4,$0,$1,$10,$3,$-0,$3,$0,$3,$3,$3,$3,$3,$45,45,$0.07,$0.07,$5,$0,$0,$5,$1,$0,$0,$200,$201,$206,$41,$20,$42,$62,$103,$0,$66,$10,$103,$206,$3,$0,$0,$0,$0,$0,$4,$-22,$-19,$-15,$0,$0,$0,$0,$0,$0,$0,$0,$8,$4,$12,$0,$0,$0,$0,$12,$-3,$0,$0
19,2013-09-30,7.69,$2.20,3.49,$1.41,5.46,$-0.23,0.0,$0.46,16.72,$0.01B,$0.03B,0.22,$0.01B,$0.10B,0.12,$0.06B,$0.03B,41.27%,$0.06B,$0.02B,34.92%,$0.06B,$0.02B,34.92%,$0.06B,$0.02B,34.92%,$0.06B,$0.02B,34.92%,$0.06B,$0.02B,33.33%,$0.02B,$0.10B,23.40%,$0.02B,$0.10B,23.40%,$0.02B,$0.18B,14.12%,$0.02B,$0.11B,23.72%,$28,$19,$9,$0,$1,$20,$8,$-0,$8,$1,$7,$7,$7,$8,$8,$45,45,$0.16,$0.16,$7,$0,$0,$7,$1,$0,$0,$170,$171,$178,$32,$11,$34,$47,$79,$0,$63,$9,$99,$178,$21,$0,$1,$1,$0,$0,$18,$-54,$-33,$-11,$0,$0,$0,$0,$0,$0,$0,$0,$16,$0,$16,$0,$0,$0,$-0,$16,$5,$0,$0
20,2013-06-30,8.79,$2.03,4.34,$0.96,9.15,$-0.15,0.0,$0.34,25.85,$0.01B,$0.02B,0.44,$0.00B,$0.09B,0.0,$0.04B,$0.02B,46.51%,$0.04B,$0.02B,37.21%,$0.04B,$0.02B,37.21%,$0.04B,$0.02B,37.21%,$0.04B,$0.02B,37.21%,$0.04B,$0.02B,37.21%,$0.02B,$0.09B,19.05%,$0.02B,$0.09B,19.05%,$0.02B,$0.15B,11.92%,$0.02B,$0.09B,19.05%,$7,$4,$3,$0,$1,$4,$2,$-0,$2,$0,$2,$2,$2,$2,$2,$45,45,$0.05,$0.05,$4,$0,$0,$8,$1,$0,$0,$143,$144,$152,$17,$0,$43,$43,$61,$0,$58,$8,$91,$152,$14,$0,$0,$0,$-2,$0,$9,$-19,$-12,$2,$0,$0,$0,$0,$0,$0,$0,$0,$0,$0,$0,$0,$0,$0,$-0,$-0,$2,$0,$0
21,2013-03-31,9.61,$1.95,4.94,$0.91,10.52,$-0.35,0.0,$0.32,30.03,$0.01B,$0.01B,0.63,$0.00B,$0.09B,0.0,$0.04B,$0.02B,46.34%,$0.04B,$0.02B,36.59%,$0.04B,$0.02B,36.59%,$0.04B,$0.02B,36.59%,$0.04B,$0.02B,36.59%,$0.04B,$0.02B,36.59%,$0.02B,$0.09B,18.81%,$0.02B,$0.09B,18.81%,$0.02B,$0.14B,11.95%,$0.02B,$0.09B,18.81%,$18,$11,$8,$0,$1,$12,$6,$-0,$6,$0,$6,$6,$6,$6,$6,$45,45,$0.13,$0.13,$2,$0,$0,$6,$1,$0,$0,$129,$130,$136,$9,$0,$38,$38,$48,$0,$56,$7,$88,$136,$11,$0,$0,$0,$-4,$0,$1,$-10,$-12,$-0,$0,$0,$0,$0,$0,$0,$0,$0,$0,$0,$0,$0,$0,$0,$0,$0,$-0,$0,$0
22,2012-12-31,2.93,$1.81,1.62,$0.57,5.15,$-0.52,0.0,$0.21,13.95,$0.01B,$0.01B,0.76,$0.00B,$0.08B,0.0,$0.03B,$0.01B,50.00%,$0.03B,$0.01B,38.46%,$0.03B,$0.01B,38.46%,$0.03B,$0.01B,38.46%,$0.03B,$0.01B,38.46%,$0.03B,$0.01B,38.46%,$0.01B,$0.08B,13.20%,$0.01B,$0.08B,13.20%,$0.01B,$0.13B,8.33%,$0.01B,$0.08B,13.20%,$10,$4,$6,$0,$1,$5,$6,$-0,$6,$0,$6,$6,$6,$6,$6,$45,45,$0.12,$0.12,$2,$0,$0,$6,$1,$0,$0,$121,$122,$129,$8,$0,$39,$39,$47,$0,$50,$7,$81,$129,$6,$0,$0,$0,$-5,$0,$0,$-1,$-6,$-1,$0,$0,$0,$0,$0,$0,$0,$0,$0,$0,$0,$0,$0,$0,$0,$0,$-1,$0,$0
23,2012-09-30,0.26,$1.68,0.15,$0.39,0.66,$-0.69,0.0,$0.11,2.36,$0.00B,$0.01B,0.28,$0.00B,$0.08B,0.0,$0.02B,$0.01B,44.44%,$0.02B,$0.01B,27.78%,$0.02B,$0.01B,27.78%,$0.02B,$0.01B,27.78%,$0.02B,$0.01B,27.78%,$0.02B,$0.01B,27.78%,$0.01B,$0.08B,6.83%,$0.01B,$0.08B,6.83%,$0.01B,$0.12B,4.34%,$0.01B,$0.08B,6.83%,$8,$5,$3,$0,$1,$6,$2,$-0,$2,$0,$2,$2,$2,$2,$2,$45,45,$0.04,$0.04,$2,$0,$0,$2,$1,$0,$0,$116,$118,$120,$8,$0,$36,$36,$44,$0,$45,$6,$76,$120,$5,$0,$0,$0,$0,$0,$-4,$-10,$-13,$-8,$0,$0,$0,$0,$0,$0,$0,$0,$0,$0,$0,$0,$0,$0,$-0,$-0,$-8,$0,$0
24,2012-06-30,0.52,$1.64,0.32,$0.58,0.9,$-0.66,0.0,$0.09,5.78,$0.00B,$0.01B,0.67,$0.00B,$0.07B,0.0,$0.03B,$0.01B,37.04%,$0.03B,$0.01B,25.93%,$0.03B,$0.01B,25.93%,$0.03B,$0.01B,25.93%,$0.03B,$0.01B,25.93%,$0.03B,$0.01B,22.22%,$0.01B,$0.07B,8.36%,$0.01B,$0.07B,8.36%,$0.01B,$0.12B,5.35%,$0.01B,$0.07B,9.76%,$5,$3,$2,$0,$0,$3,$1,$-0,$1,$0,$1,$1,$1,$1,$1,$45,45,$0.03,$0.03,$3,$0,$0,$4,$1,$0,$0,$111,$112,$117,$7,$0,$36,$36,$43,$0,$44,$6,$74,$117,$3,$0,$0,$0,$0,$0,$-5,$-6,$-11,$-7,$0,$0,$0,$0,$0,$0,$0,$0,$0,$0,$0,$0,$0,$0,$0,$0,$-7,$0,$0
25,2012-03-31,0.88,$1.61,0.55,$0.74,1.18,$-0.87,0.0,$0.20,4.39,$0.00B,$0.01B,0.57,$0.00B,$0.07B,0.0,$0.03B,$0.01B,41.18%,$0.03B,$0.01B,32.35%,$0.03B,$0.01B,32.35%,$0.03B,$0.01B,32.35%,$0.03B,$0.01B,32.35%,$0.03B,$0.01B,29.41%,$0.01B,$0.07B,14.23%,$0.01B,$0.07B,14.23%,$0.01B,$0.11B,9.05%,$0.01B,$0.07B,15.66%,$3,$1,$2,$0,$1,$2,$1,$-0,$1,$0,$1,$1,$1,$1,$1,$45,45,$0.02,$0.02,$2,$0,$0,$4,$1,$0,$0,$109,$110,$114,$7,$0,$35,$35,$42,$0,$42,$6,$72,$114,$2,$0,$0,$0,$0,$0,$-5,$-5,$-10,$-8,$0,$0,$0,$0,$0,$0,$0,$0,$0,$0,$0,$0,$0,$0,$0,$0,$-8,$0,$0
26,2011-12-31,0.62,$1.58,0.39,$1.23,0.5,$-0.53,0.0,$0.44,1.4,$0.00B,$0.01B,0.41,$0.00B,$0.07B,0.0,$0.06B,$0.02B,41.07%,$0.06B,$0.02B,37.50%,$0.06B,$0.02B,37.50%,$0.06B,$0.02B,37.50%,$0.06B,$0.02B,37.50%,$0.06B,$0.02B,33.93%,$0.02B,$0.07B,28.15%,$0.02B,$0.07B,28.15%,$0.02B,$0.11B,18.23%,$0.02B,$0.07B,31.11%,$2,$1,$1,$0,$0,$1,$1,$-0,$1,$0,$1,$1,$1,$1,$1,$45,45,$0.02,$0.02,$1,$0,$0,$3,$1,$0,$0,$105,$107,$110,$8,$0,$31,$31,$39,$0,$41,$6,$71,$110,$1,$0,$0,$0,$0,$0,$-3,$-6,$-10,$-8,$0,$0,$0,$0,$0,$0,$0,$0,$0,$0,$0,$0,$0,$0,$0,$0,$-8,$0,$0
27,2011-09-30,1.35,$1.55,0.87,$1.18,1.14,$-0.24,0.0,$0.42,3.21,$0.01B,$0.01B,1.09,$0.00B,$0.07B,0.0,$0.05B,$0.02B,40.74%,$0.05B,$0.02B,37.04%,$0.05B,$0.02B,37.04%,$0.05B,$0.02B,37.04%,$0.05B,$0.02B,37.04%,$0.05B,$0.02B,33.33%,$0.02B,$0.07B,29.03%,$0.02B,$0.07B,29.03%,$0.02B,$0.11B,18.80%,$0.02B,$0.07B,32.26%,$17,$12,$5,$0,$1,$13,$4,$-0,$4,$0,$3,$3,$3,$4,$4,$45,45,$0.07,$0.07,$10,$0,$0,$12,$1,$0,$0,$95,$96,$108,$11,$0,$27,$27,$39,$0,$40,$6,$70,$108,$19,$0,$0,$0,$0,$0,$6,$-32,$-24,$-6,$-0,$0,$0,$0,$0,$0,$0,$-0,$0,$2,$2,$0,$0,$0,$0,$2,$-4,$0,$0
28,2011-06-30,2.3,$1.52,1.52,$1.13,2.03,$-0.10,0.0,$0.52,4.42,$0.01B,$0.01B,0.57,$0.00B,$0.07B,0.0,$0.05B,$0.03B,60.78%,$0.05B,$0.03B,58.82%,$0.05B,$0.03B,58.82%,$0.05B,$0.03B,58.82%,$0.05B,$0.03B,58.82%,$0.05B,$0.02B,41.18%,$0.02B,$0.07B,37.17%,$0.02B,$0.07B,37.17%,$0.02B,$0.11B,24.42%,$0.03B,$0.07B,53.10%,$12,$6,$6,$0,$1,$7,$5,$0,$5,$0,$5,$5,$5,$5,$5,$45,45,$0.12,$0.12,$4,$0,$0,$6,$1,$0,$0,$104,$105,$110,$10,$0,$32,$32,$42,$0,$42,$5,$68,$110,$15,$0,$0,$0,$0,$0,$2,$-34,$-32,$-17,$-0,$0,$0,$0,$0,$0,$0,$-0,$0,$7,$7,$0,$0,$0,$0,$7,$-10,$0,$0
29,2011-03-31,2.56,$0.00,0.0,$1.04,2.47,$0.47,5.41,$0.45,5.69,$0.02B,$0.01B,2.89,$0.00B,$0.06B,0.0,$0.05B,$0.03B,61.70%,$0.05B,$0.03B,59.57%,$0.05B,$0.03B,59.57%,$0.05B,$0.03B,59.57%,$0.05B,$0.03B,59.57%,$0.05B,$0.02B,40.43%,$0.02B,$0.06B,48.10%,$0.02B,$0.06B,48.10%,$0.02B,$0.09B,32.48%,$0.03B,$0.06B,70.89%,$25,$14,$11,$0,$0,$14,$11,$0,$11,$1,$10,$10,$10,$11,$11,$45,45,$0.23,$0.23,$22,$0,$0,$22,$0,$0,$0,$67,$67,$89,$8,$0,$20,$20,$28,$0,$39,$0,$61,$89,$10,$0,$0,$0,$0,$0,$1,$-4,$-3,$8,$0,$0,$0,$0,$0,$0,$0,$0,$0,$0,$0,$0,$0,$0,$0,$0,$8,$0,$0
30,2010-12-31,2.92,$0.00,0.0,$0.78,3.76,$0.30,9.61,$0.30,9.73,$0.02B,$0.01B,3.82,$0.00B,$0.05B,0.0,$0.04B,$0.03B,88.57%,$0.04B,$0.03B,85.71%,$0.04B,$0.03B,85.71%,$0.04B,$0.03B,85.71%,$0.04B,$0.03B,85.71%,$0.04B,$0.01B,40.00%,$0.01B,$0.05B,57.73%,$0.01B,$0.05B,57.73%,$0.01B,$0.08B,38.62%,$0.03B,$0.05B,123.71%,$0,$0,$0,$0,$0,$0,$-0,$0,$-0,$0,$-0,$-0,$-0,$-0,$-0,$45,45,$-0.00,$-0.00,$18,$0,$0,$18,$0,$0,$0,$57,$57,$76,$5,$0,$22,$22,$27,$0,$27,$0,$49,$76,$-0,$0,$0,$0,$0,$0,$-0,$6,$5,$5,$0,$0,$0,$0,$0,$0,$0,$0,$0,$0,$0,$0,$0,$0,$0,$0,$5,$0,$0
31,2010-09-30,4.18,$1.07,3.91,$1.01,4.16,$0.20,20.79,$0.38,11.0,$0.02B,$0.00B,11.77,$0.00B,$0.05B,0.0,$0.05B,$0.04B,91.11%,$0.05B,$0.04B,88.89%,$0.05B,$0.04B,88.89%,$0.05B,$0.04B,88.89%,$0.05B,$0.04B,88.89%,$0.05B,$0.02B,40.00%,$0.02B,$0.05B,150.00%,$0.02B,$0.05B,150.00%,$0.02B,$0.07B,104.35%,$0.04B,$0.05B,333.33%,$14,$0,$14,$0,$0,$0,$14,$0,$14,$0,$14,$6,$6,$14,$14,$45,45,$0.12,$0.12,$14,$0,$0,$20,$1,$0,$0,$48,$49,$69,$2,$0,$19,$19,$21,$0,$23,$3,$48,$69,$0,$0,$0,$0,$0,$0,$0,$0,$0,$0,$0,$0,$0,$0,$0,$0,$0,$0,$0,$0,$0,$0,$0,$0,$0,$0,$0,$0,$0
32,2010-06-30,4.26,$0.00,0.0,$1.14,3.73,$0.20,21.18,$0.44,9.68,$0.00B,$0.00B,0.0,$0.00B,$0.00B,0.0,$0.05B,$0.05B,91.84%,$0.05B,$0.04B,89.80%,$0.05B,$0.04B,89.80%,$0.05B,$0.04B,89.80%,$0.05B,$0.04B,89.80%,$0.05B,$0.02B,38.78%,$0.02B,$0.00B,inf%,$0.02B,$0.00B,inf%,$0.02B,$0.00B,inf%,$0.04B,$0.00B,inf%,$8,$4,$4,$0,$0,$4,$3,$-0,$3,$0,$3,$3,$3,$3,$3,$45,45,$0.07,$0.07,$0,$0,$0,$0,$0,$0,$0,$0,$0,$0,$0,$0,$0,$0,$0,$0,$0,$0,$0,$0,$12,$0,$0,$0,$0,$0,$0,$-5,$-3,$9,$-0,$0,$0,$0,$0,$0,$0,$-0,$0,$-0,$-0,$0,$0,$0,$0,$-0,$9,$0,$0
33,2010-03-31,4.83,$0.00,0.0,$0.98,4.92,0,0.0,$0.37,13.05,$0.00B,$0.00B,0.0,$0.00B,$0.00B,0.0,$0.04B,$0.04B,100.00%,$0.04B,$0.04B,100.00%,$0.04B,$0.04B,100.00%,$0.04B,$0.04B,100.00%,$0.04B,$0.04B,100.00%,$0.04B,$0.02B,39.02%,$0.02B,$0.00B,inf%,$0.02B,$0.00B,inf%,$0.02B,$0.00B,inf%,$0.04B,$0.00B,inf%,$13,$0,$13,$0,$0,$0,$13,$0,$13,$0,$13,$5,$5,$13,$13,$45,45,$0.11,$0.11,$0,$0,$0,$0,$0,$0,$0,$0,$0,$0,$0,$0,$0,$0,$0,$0,$0,$0,$0,$0,$0,$0,$0,$0,$0,$0,$0,$0,$0,$0,$0,$0,$0,$0,$0,$0,$0,$0,$0,$0,$0,$0,$0,$0,$0,$0,$0,$0,$0
34,2009-12-31,2.25,$0.00,0.0,$0.72,3.14,0,0.0,$0.27,8.33,$0.00B,$0.00B,0.0,$0.00B,$0.00B,0.0,$0.03B,$0.03B,100.00%,$0.03B,$0.03B,100.00%,$0.03B,$0.03B,100.00%,$0.03B,$0.03B,100.00%,$0.03B,$0.03B,100.00%,$0.03B,$0.01B,37.93%,$0.01B,$0.00B,inf%,$0.01B,$0.00B,inf%,$0.01B,$0.00B,inf%,$0.03B,$0.00B,inf%,$10,$0,$10,$0,$0,$0,$10,$0,$10,$0,$10,$4,$4,$10,$10,$45,45,$0.08,$0.08,$0,$0,$0,$0,$0,$0,$0,$0,$0,$0,$0,$0,$0,$0,$0,$0,$0,$0,$0,$0,$0,$0,$0,$0,$0,$0,$0,$0,$0,$0,$0,$0,$0,$0,$0,$0,$0,$0,$0,$0,$0,$0,$0,$0,$0,$0,$0,$0,$0
