,Date,Stock Price,Book Value per Share,Price to Book Ratio,TTM Sales per Share,Price to Sales Ratio,TTM FCF per Share,Price to FCF Ratio,TTM Net EPS,PE Ratio,Current Assets,Current Liabilities,Current Ratio,Long Term Debt,Shareholder's Equity_x,Debt to Equity Ratio,TTM Revenue_x,TTM Gross Profit,Gross Margin,TTM Revenue_y,TTM Operating Income,Operating Margin,TTM Revenue_x,TTM EBIT,EBIT Margin,TTM Revenue_y,TTM EBITDA,EBITDA Margin,TTM Revenue_x,TTM Pre-Tax Income,Pre-Tax Margin,TTM Revenue_y,TTM Net Income_x,Net Margin,TTM Net Income_y,Shareholder's Equity_y,Return on Equity,TTM Net Income_x,Tangible Equity,Return on Tangible Equity,TTM Net Income_y,Total Assets,Return on Assets,TTM Net Income,LT Investments & Debt,Return on Investment,revenue,cost-goods-sold,gross-profit,research-development-expenses,selling-general-administrative-expenses,operating-expenses,operating-income,total-non-operating-income-expense,pre-tax-income,total-provision-income-taxes,income-after-taxes,income-from-continuous-operations,net-income,ebitda,ebit,basic-shares-outstanding,shares-outstanding,eps-basic-net-earnings-per-share,eps-earnings-per-share-diluted,cash-on-hand,inventory,other-current-assets,total-current-assets,net-property-plant-equipment,long-term-investments,goodwill-intangible-assets-total,other-long-term-assets,total-long-term-assets,total-assets,total-current-liabilities,long-term-debt,other-non-current-liabilities,total-long-term-liabilities,total-liabilities,common-stock-net,retained-earnings-accumulated-deficit,comprehensive-income,total-share-holder-equity,total-liabilities-share-holders-equity,net-income-loss,total-depreciation-amortization-cash-flow,other-non-cash-items,total-non-cash-items,change-in-accounts-receivable,change-in-inventories,change-in-accounts-payable,change-in-assets-liabilities,total-change-in-assets-liabilities,cash-flow-from-operating-activities,net-change-in-property-plant-equipment,net-change-in-intangible-assets,net-acquisitions-divestitures,net-change-in-short-term-investments,net-change-in-long-term-investments,net-change-in-investments-total,investing-activities-other,cash-flow-from-investing-activities,net-long-term-debt,net-current-debt,debt-issuance-retirement-net-total,net-common-equity-issued-repurchased,net-total-equity-issued-repurchased,total-common-preferred-stock-dividends-paid,financial-activities-other,cash-flow-from-financial-activities,net-cash-flow,stock-based-compensation,common-stock-dividends-paid
0,2018-09-30,124.22,$73.92,1.68,$20.87,5.95,$-24.57,0.0,$3.37,36.86,$0.91B,$0.71B,1.28,$3.26B,$3.18B,1.03,$0.90B,$0.41B,45.95%,$0.90B,$0.10B,10.99%,$0.90B,$0.10B,10.99%,$0.90B,$0.24B,26.42%,$0.90B,$0.10B,10.54%,$0.90B,$0.17B,18.65%,$0.17B,$3.18B,5.33%,$0.17B,$3.18B,5.33%,$0.17B,$7.30B,2.41%,$0.10B,$6.44B,1.60%,$257,$132,$125,$0,$21,$215,$42,$-11,$31,$7,$24,$24,$23,$80,$42,$43,43,$0.54,$0.54,$613,$0,$0,$906,$5901,$0,$0,$394,$6391,$7297,$706,$3261,$0,$3410,$4116,$0,$-158,$4,$3181,$7297,$20,$98,$-261,$-163,$-44,$0,$0,$61,$3,$-140,$-392,$0,$-235,$0,$-1,$-1,$-26,$-654,$420,$0,$420,$-46,$-46,$0,$68,$442,$-352,$0,$0
1,2018-06-30,132.5,$73.20,1.81,$20.91,6.34,$-18.13,0.0,$3.61,36.7,$0.98B,$0.70B,1.39,$3.14B,$3.15B,1.0,$0.90B,$0.39B,43.41%,$0.90B,$0.08B,8.97%,$0.90B,$0.08B,8.97%,$0.90B,$0.22B,24.03%,$0.90B,$0.08B,8.86%,$0.90B,$0.16B,17.28%,$0.16B,$3.15B,5.01%,$0.16B,$3.15B,5.01%,$0.16B,$7.13B,2.28%,$0.08B,$6.29B,1.33%,$181,$103,$78,$0,$27,$189,$-8,$-0,$-8,$-2,$-6,$-6,$-5,$23,$-8,$43,43,$-0.12,$-0.12,$736,$0,$0,$977,$5702,$0,$0,$362,$6157,$7134,$704,$3138,$0,$3280,$3983,$0,$-181,$3,$3151,$7134,$-4,$60,$-180,$-119,$-5,$0,$0,$38,$11,$-112,$-182,$0,$0,$0,$-0,$-0,$-218,$-401,$258,$0,$258,$-48,$-48,$0,$75,$285,$-228,$0,$0
2,2018-03-31,139.13,$71.64,1.94,$23.86,5.83,$-14.31,0.0,$3.80,36.61,$0.99B,$0.62B,1.6,$2.90B,$3.08B,0.94,$1.03B,$0.45B,43.16%,$1.03B,$0.14B,13.87%,$1.03B,$0.14B,13.87%,$1.03B,$0.28B,27.55%,$1.03B,$0.11B,10.38%,$1.03B,$0.16B,15.91%,$0.16B,$3.08B,5.35%,$0.16B,$3.08B,5.35%,$0.16B,$6.74B,2.44%,$0.14B,$5.98B,2.38%,$162,$78,$84,$0,$24,$159,$3,$-0,$2,$1,$2,$2,$1,$32,$3,$43,43,$0.03,$0.03,$765,$0,$0,$991,$5360,$0,$0,$296,$5747,$6738,$619,$2896,$0,$3039,$3659,$0,$-176,$-1,$3079,$6738,$2,$29,$-100,$-71,$-6,$0,$0,$39,$-17,$-86,$-92,$0,$0,$0,$0,$0,$-8,$-100,$39,$0,$39,$-50,$-50,$0,$-2,$-13,$-199,$0,$0
3,2017-12-31,131.27,$73.69,1.78,$25.55,5.14,$-14.31,0.0,$3.90,33.66,$1.17B,$0.52B,2.24,$2.86B,$3.19B,0.9,$1.10B,$0.47B,42.51%,$1.10B,$0.22B,19.80%,$1.10B,$0.22B,19.80%,$1.10B,$0.36B,32.43%,$1.10B,$0.12B,10.90%,$1.10B,$0.17B,15.35%,$0.17B,$3.19B,5.73%,$0.17B,$3.19B,5.73%,$0.17B,$6.73B,2.55%,$0.22B,$6.05B,3.73%,$301,$174,$127,$0,$26,$239,$62,$7,$70,$-78,$147,$147,$149,$103,$62,$41,43,$3.60,$3.47,$964,$0,$0,$1168,$5034,$0,$0,$447,$5561,$6729,$522,$2858,$0,$3019,$3541,$0,$-110,$-7,$3189,$6729,$167,$138,$-608,$-469,$24,$0,$0,$589,$622,$319,$-376,$0,$-23,$0,$87,$87,$-11,$-323,$151,$0,$151,$23,$23,$-0,$25,$199,$196,$0,$0
4,2017-09-30,117.93,$70.14,1.68,$25.11,4.7,$-21.25,0.0,$1.46,80.77,$0.81B,$0.46B,1.74,$2.99B,$3.03B,0.99,$1.08B,$0.47B,43.43%,$1.08B,$0.22B,19.91%,$1.08B,$0.22B,19.91%,$1.08B,$0.34B,31.39%,$1.08B,$0.11B,10.19%,$1.08B,$0.06B,5.93%,$0.06B,$3.03B,2.29%,$0.06B,$3.03B,2.29%,$0.06B,$6.72B,0.98%,$0.22B,$6.02B,3.80%,$259,$156,$103,$0,$22,$234,$24,$-8,$16,$6,$11,$11,$11,$59,$24,$43,43,$0.25,$0.24,$602,$0,$0,$805,$4957,$0,$0,$885,$5919,$6724,$463,$2993,$0,$3230,$3693,$0,$-259,$-9,$3030,$6724,$19,$98,$-375,$-277,$2,$0,$0,$269,$234,$-24,$-228,$0,$-15,$0,$0,$0,$-1,$-245,$303,$0,$303,$20,$20,$-0,$-6,$316,$47,$0,$0
5,2017-06-30,122.84,$68.71,1.79,$24.80,4.95,$-18.94,0.0,$1.41,87.12,$0.85B,$0.47B,1.79,$3.00B,$2.97B,1.01,$1.06B,$0.47B,43.84%,$1.06B,$0.19B,18.06%,$1.06B,$0.19B,18.06%,$1.06B,$0.31B,28.69%,$1.06B,$0.11B,10.54%,$1.06B,$0.06B,5.74%,$0.06B,$2.97B,2.29%,$0.06B,$2.97B,2.29%,$0.06B,$6.67B,0.94%,$0.19B,$5.97B,3.50%,$309,$177,$131,$0,$23,$255,$54,$-35,$19,$16,$3,$3,$3,$90,$54,$40,43,$0.08,$0.07,$660,$0,$0,$848,$4910,$0,$0,$834,$5820,$6667,$473,$3003,$0,$3227,$3700,$0,$-269,$-9,$2967,$6667,$9,$63,$-228,$-165,$0,$0,$0,$50,$9,$-147,$16,$0,$0,$0,$4,$4,$-194,$-175,$314,$0,$314,$19,$19,$0,$-59,$275,$-47,$0,$0
6,2017-03-31,117.25,$64.93,1.81,$24.04,4.88,$-15.44,0.0,$1.50,78.17,$0.71B,$0.52B,1.38,$2.75B,$2.62B,1.05,$1.03B,$0.47B,45.23%,$1.03B,$0.21B,20.62%,$1.03B,$0.21B,20.62%,$1.03B,$0.32B,30.64%,$1.03B,$0.13B,12.35%,$1.03B,$0.07B,6.32%,$0.07B,$2.62B,2.55%,$0.07B,$2.62B,2.55%,$0.07B,$6.41B,1.02%,$0.21B,$5.37B,4.01%,$232,$125,$107,$0,$18,$154,$78,$-62,$15,$10,$6,$6,$6,$105,$78,$40,43,$0.14,$0.13,$542,$0,$0,$712,$4847,$0,$0,$785,$5696,$6408,$517,$2750,$314,$3274,$3791,$0,$-272,$-6,$2617,$6408,$6,$27,$-101,$-74,$3,$0,$0,$27,$-29,$-97,$-78,$0,$-15,$0,$3,$3,$5,$-85,$63,$0,$63,$11,$11,$0,$-53,$21,$-161,$0,$0
7,2016-12-31,114.1,$64.63,1.77,$24.27,4.7,$-6.16,0.0,$4.06,28.1,$0.83B,$0.57B,1.44,$2.69B,$2.57B,1.05,$1.04B,$0.47B,45.56%,$1.04B,$0.33B,31.56%,$1.04B,$0.33B,31.56%,$1.04B,$0.43B,41.22%,$1.04B,$0.32B,30.98%,$1.04B,$0.20B,19.59%,$0.20B,$2.57B,8.05%,$0.20B,$2.57B,8.05%,$0.20B,$6.37B,3.24%,$0.33B,$5.26B,6.28%,$280,$151,$128,$0,$25,$220,$59,$1,$60,$16,$44,$44,$44,$85,$59,$39,43,$1.10,$1.69,$666,$0,$0,$826,$4734,$0,$0,$743,$5541,$6367,$572,$2691,$332,$3224,$3796,$0,$-278,$-7,$2572,$6367,$202,$100,$-565,$-465,$29,$0,$0,$338,$321,$59,$-412,$0,$-25,$0,$400,$400,$-1,$-39,$202,$0,$202,$0,$0,$0,$-3,$200,$220,$0,$0
8,2016-09-30,114.5,$63.10,1.81,$23.09,4.96,$-11.22,0.0,$3.63,31.54,$0.86B,$0.60B,1.43,$2.85B,$2.51B,1.13,$0.99B,$0.46B,46.70%,$0.99B,$0.31B,31.27%,$0.99B,$0.31B,31.27%,$0.99B,$0.41B,41.73%,$0.99B,$0.29B,29.04%,$0.99B,$0.19B,18.78%,$0.19B,$2.51B,7.49%,$0.19B,$2.51B,7.49%,$0.19B,$6.47B,3.03%,$0.31B,$5.36B,6.05%,$242,$142,$100,$0,$21,$241,$1,$17,$18,$10,$8,$8,$8,$25,$1,$40,43,$0.20,$0.19,$653,$0,$0,$863,$4609,$0,$0,$934,$5607,$6470,$603,$2847,$349,$3353,$3956,$0,$-322,$-24,$2514,$6470,$159,$75,$-442,$-367,$-0,$0,$0,$9,$-10,$-218,$68,$0,$-3,$0,$-11,$-11,$12,$66,$360,$0,$360,$0,$0,$-0,$0,$360,$208,$0,$0
9,2016-06-30,114.32,$62.84,1.82,$22.17,5.16,$-18.55,0.0,$4.20,27.22,$0.88B,$0.57B,1.53,$2.65B,$2.50B,1.06,$0.95B,$0.46B,48.52%,$0.95B,$0.34B,36.36%,$0.95B,$0.34B,36.36%,$0.95B,$0.45B,47.57%,$0.95B,$0.44B,46.72%,$0.95B,$0.33B,35.20%,$0.33B,$2.50B,13.73%,$0.33B,$2.50B,13.73%,$0.33B,$6.22B,5.66%,$0.34B,$5.16B,7.00%,$274,$143,$130,$0,$20,$200,$74,$-40,$34,$27,$7,$7,$7,$100,$74,$39,43,$0.18,$0.16,$671,$0,$0,$875,$4521,$0,$0,$758,$5343,$6218,$573,$2652,$332,$3142,$3714,$0,$-329,$-24,$2503,$6218,$151,$50,$-323,$-273,$-3,$0,$0,$13,$-15,$-137,$157,$0,$0,$0,$-12,$-12,$17,$162,$203,$0,$203,$0,$0,$0,$-3,$201,$225,$0,$0
10,2016-03-31,105.89,$62.79,1.69,$20.60,5.14,$-19.13,0.0,$4.22,25.09,$0.95B,$0.57B,1.68,$2.54B,$2.50B,1.02,$0.88B,$0.42B,47.22%,$0.88B,$0.30B,33.60%,$0.88B,$0.30B,33.60%,$0.88B,$0.40B,45.74%,$0.88B,$0.46B,52.55%,$0.88B,$0.38B,42.79%,$0.38B,$2.50B,16.08%,$0.38B,$2.50B,16.08%,$0.38B,$6.03B,6.64%,$0.30B,$5.04B,6.24%,$240,$126,$114,$0,$20,$47,$193,$16,$209,$65,$144,$144,$144,$217,$193,$39,42,$3.64,$2.69,$737,$0,$0,$948,$4413,$0,$0,$607,$5084,$6032,$565,$2544,$281,$2967,$3532,$0,$-336,$-18,$2500,$6032,$144,$24,$-236,$-212,$5,$0,$0,$13,$26,$-42,$261,$0,$0,$0,$-6,$-6,$-16,$239,$97,$0,$97,$0,$0,$0,$-2,$95,$292,$0,$0
11,2015-12-31,113.16,$59.52,1.9,$18.88,5.99,$-30.44,0.0,$-1.15,0.0,$0.60B,$0.52B,1.16,$2.44B,$2.36B,1.03,$0.80B,$0.37B,45.85%,$0.80B,$0.12B,14.95%,$0.80B,$0.12B,14.95%,$0.80B,$0.23B,28.39%,$0.80B,$0.15B,18.84%,$0.80B,$0.13B,15.95%,$0.13B,$2.36B,5.64%,$0.13B,$2.36B,5.64%,$0.13B,$5.72B,2.32%,$0.12B,$4.81B,2.62%,$229,$113,$116,$0,$24,$189,$40,$-15,$25,$-1,$26,$26,$26,$69,$40,$39,43,$0.65,$3.34,$445,$0,$0,$597,$4542,$0,$0,$521,$5125,$5722,$515,$2444,$309,$2842,$3358,$0,$-480,$-8,$2364,$5722,$127,$107,$-455,$-347,$50,$0,$0,$164,$245,$24,$-594,$0,$0,$0,$32,$32,$-14,$-576,$480,$0,$480,$0,$0,$0,$-44,$436,$-115,$0,$0
12,2015-09-30,114.74,$58.81,1.95,$18.76,6.12,$-38.04,0.0,$-2.92,0.0,$0.64B,$0.49B,1.31,$2.32B,$2.34B,0.99,$0.77B,$0.37B,47.67%,$0.77B,$0.12B,14.99%,$0.77B,$0.12B,14.99%,$0.77B,$0.22B,28.17%,$0.77B,$0.17B,21.96%,$0.77B,$0.13B,17.18%,$0.13B,$2.34B,6.00%,$0.13B,$2.34B,6.00%,$0.13B,$5.55B,2.50%,$0.12B,$4.66B,2.64%,$203,$104,$99,$0,$19,$167,$37,$138,$174,$18,$156,$156,$156,$64,$37,$39,43,$3.96,$0.76,$451,$0,$0,$643,$4449,$0,$0,$380,$4902,$5545,$489,$2322,$313,$2720,$3209,$0,$-506,$-8,$2336,$5545,$101,$78,$-302,$-224,$-1,$0,$0,$118,$156,$33,$-498,$0,$25,$0,$8,$8,$-6,$-471,$330,$0,$330,$0,$0,$0,$-2,$328,$-110,$0,$0
13,2015-06-30,143.54,$54.82,2.62,$16.78,8.55,$-37.79,0.0,$-3.20,0.0,$0.68B,$0.44B,1.54,$2.29B,$2.18B,1.05,$0.69B,$0.32B,45.94%,$0.69B,$0.10B,14.93%,$0.69B,$0.10B,14.93%,$0.69B,$0.20B,28.41%,$0.69B,$0.04B,6.09%,$0.69B,$0.02B,3.33%,$0.02B,$2.18B,1.05%,$0.02B,$2.18B,1.05%,$0.02B,$5.41B,0.44%,$0.10B,$4.46B,2.42%,$209,$122,$87,$0,$20,$184,$26,$29,$55,$4,$51,$51,$51,$53,$26,$39,43,$1.28,$0.18,$489,$0,$0,$675,$4324,$0,$0,$334,$4731,$5406,$438,$2286,$437,$2791,$3229,$0,$-662,$-7,$2177,$5406,$-55,$51,$-90,$-39,$-1,$0,$0,$106,$94,$-1,$-4,$0,$0,$0,$9,$9,$-370,$-365,$296,$0,$296,$0,$0,$0,$-2,$294,$-72,$0,$0
14,2015-03-31,155.02,$53.48,2.9,$17.25,8.99,$-37.56,0.0,$-3.75,0.0,$0.63B,$0.46B,1.38,$2.12B,$2.12B,1.0,$0.69B,$0.35B,51.23%,$0.69B,$0.17B,24.46%,$0.69B,$0.17B,24.46%,$0.69B,$0.25B,36.03%,$0.69B,$0.02B,2.46%,$0.69B,$-0.04B,-6.22%,$-0.04B,$2.12B,-1.98%,$-0.04B,$2.12B,-1.98%,$-0.04B,$5.25B,-0.83%,$0.17B,$4.25B,4.14%,$155,$92,$63,$0,$19,$139,$16,$-120,$-104,$2,$-106,$-106,$-106,$40,$16,$39,39,$-2.68,$-2.68,$458,$0,$0,$634,$4192,$0,$0,$349,$4615,$5249,$458,$2124,$480,$2667,$3125,$0,$-713,$-7,$2124,$5249,$-106,$23,$49,$73,$-3,$0,$0,$22,$11,$-22,$-221,$0,$0,$0,$-0,$-0,$9,$-212,$133,$0,$133,$0,$0,$0,$-0,$132,$-102,$0,$0
15,2014-12-31,130.42,$56.20,2.32,$15.82,8.24,$-30.80,0.0,$-3.26,0.0,$0.72B,$0.47B,1.55,$1.98B,$2.23B,0.89,$0.64B,$0.33B,51.81%,$0.64B,$0.17B,26.30%,$0.64B,$0.17B,26.30%,$0.64B,$0.24B,37.17%,$0.64B,$0.04B,6.14%,$0.64B,$-0.02B,-3.62%,$-0.02B,$2.23B,-1.05%,$-0.02B,$2.23B,-1.05%,$-0.02B,$5.11B,-0.46%,$0.17B,$4.21B,4.23%,$207,$87,$120,$0,$24,$170,$37,$8,$45,$13,$32,$32,$32,$61,$37,$39,39,$0.80,$1.48,$560,$0,$0,$722,$3959,$0,$0,$364,$4384,$5105,$466,$1979,$371,$2412,$2878,$0,$-607,$-8,$2228,$5105,$-24,$69,$-135,$-66,$45,$0,$0,$-52,$31,$-58,$-768,$0,$-10,$0,$3,$3,$28,$-746,$477,$0,$477,$0,$0,$-0,$-7,$470,$-334,$0,$0
16,2014-09-30,150.0,$55.41,2.71,$13.97,10.74,$-7.40,0.0,$-1.64,0.0,$0.97B,$0.52B,1.87,$1.88B,$2.20B,0.86,$0.56B,$0.26B,46.98%,$0.56B,$0.17B,30.78%,$0.56B,$0.17B,30.78%,$0.56B,$0.23B,41.10%,$0.56B,$0.00B,0.18%,$0.56B,$-0.04B,-6.41%,$-0.04B,$2.20B,-1.65%,$-0.04B,$2.20B,-1.65%,$-0.04B,$5.31B,-0.74%,$0.17B,$4.08B,4.51%,$119,$72,$47,$0,$15,$95,$24,$22,$46,$1,$46,$46,$46,$42,$24,$39,43,$1.16,$0.48,$806,$0,$0,$967,$3538,$0,$0,$733,$4344,$5311,$516,$1881,$677,$2599,$3115,$0,$-639,$-8,$2196,$5311,$-55,$45,$26,$72,$26,$0,$0,$-44,$-0,$16,$-474,$0,$12,$0,$0,$0,$-4,$-466,$-45,$0,$-45,$414,$414,$-0,$-8,$361,$-89,$0,$0
17,2014-06-30,157.83,$54.19,2.91,$13.56,11.64,$5.14,30.68,$-1.95,0.0,$0.90B,$0.45B,1.98,$1.64B,$2.15B,0.76,$0.54B,$0.25B,45.30%,$0.54B,$0.16B,29.47%,$0.54B,$0.16B,29.47%,$0.54B,$0.21B,38.86%,$0.54B,$-0.03B,-5.89%,$0.54B,$-0.08B,-13.81%,$-0.08B,$2.15B,-3.42%,$-0.08B,$2.15B,-3.42%,$-0.08B,$4.98B,-1.67%,$0.16B,$3.79B,4.49%,$210,$86,$124,$0,$17,$118,$92,$-62,$30,$45,$-15,$-15,$-15,$106,$92,$39,39,$-0.37,$-0.37,$740,$0,$0,$895,$3334,$0,$0,$690,$4085,$4981,$451,$1639,$687,$2382,$2833,$0,$-684,$-8,$2148,$4981,$-101,$27,$91,$118,$24,$0,$0,$-26,$-8,$9,$-5,$0,$6,$0,$-2,$-2,$-290,$-291,$130,$0,$130,$0,$0,$-0,$-4,$126,$-155,$0,$0
18,2014-03-31,142.71,$54.52,2.62,$11.94,11.95,$7.17,19.91,$-3.52,0.0,$0.98B,$0.35B,2.76,$1.56B,$2.16B,0.72,$0.48B,$0.18B,38.20%,$0.48B,$0.12B,24.22%,$0.48B,$0.12B,24.22%,$0.48B,$0.16B,33.40%,$0.48B,$-0.13B,-26.10%,$0.48B,$-0.14B,-28.60%,$-0.14B,$2.16B,-6.19%,$-0.14B,$2.16B,-6.19%,$-0.14B,$4.70B,-3.30%,$0.12B,$3.72B,3.46%,$99,$61,$38,$0,$17,$85,$14,$-96,$-82,$5,$-86,$-86,$-86,$27,$14,$39,39,$-2.19,$-2.19,$827,$0,$0,$977,$3065,$0,$0,$606,$3723,$4700,$354,$1559,$533,$2185,$2539,$0,$-670,$-8,$2161,$4700,$-86,$13,$80,$93,$20,$0,$0,$-1,$19,$26,$-2,$0,$6,$0,$-1,$-1,$-143,$-141,$47,$0,$47,$0,$0,$0,$0,$47,$-68,$0,$0
19,2013-12-31,120.1,$56.73,2.12,$11.72,10.25,$6.94,17.31,$-1.92,0.0,$1.06B,$0.28B,3.74,$1.52B,$2.25B,0.68,$0.47B,$0.17B,36.60%,$0.47B,$0.11B,23.62%,$0.47B,$0.11B,23.62%,$0.47B,$0.15B,31.91%,$0.47B,$-0.06B,-13.62%,$0.47B,$-0.07B,-15.74%,$-0.07B,$2.25B,-3.30%,$-0.07B,$2.25B,-3.30%,$-0.07B,$4.57B,-1.92%,$0.11B,$3.76B,3.50%,$134,$79,$55,$0,$12,$91,$43,$-36,$7,$-11,$19,$19,$19,$56,$43,$39,39,$0.47,$0.49,$895,$0,$0,$1063,$2913,$0,$0,$555,$3505,$4568,$284,$1515,$435,$2039,$2323,$0,$-583,$-8,$2245,$4568,$-74,$39,$158,$197,$6,$0,$0,$-20,$6,$129,$-32,$0,$11,$0,$-18,$-18,$-256,$-294,$840,$0,$840,$0,$0,$-0,$-10,$831,$666,$0,$0
20,2013-09-30,112.37,$56.24,2.0,$11.17,10.06,$8.45,13.3,$-2.37,0.0,$0.38B,$0.22B,1.67,$0.77B,$2.23B,0.34,$0.44B,$0.16B,36.04%,$0.44B,$0.10B,21.40%,$0.44B,$0.10B,21.40%,$0.44B,$0.13B,29.28%,$0.44B,$-0.07B,-16.44%,$0.44B,$-0.09B,-21.17%,$-0.09B,$2.23B,-4.16%,$-0.09B,$2.23B,-4.16%,$-0.09B,$3.72B,-2.62%,$0.10B,$2.99B,3.19%,$100,$71,$29,$0,$13,$89,$11,$2,$13,$5,$7,$7,$7,$22,$11,$39,42,$0.19,$0.17,$211,$0,$0,$375,$2796,$0,$0,$526,$3344,$3719,$224,$766,$410,$1270,$1494,$0,$-602,$-8,$2226,$3719,$-92,$27,$113,$140,$2,$0,$0,$54,$61,$109,$-27,$0,$11,$0,$-28,$-28,$-168,$-212,$89,$0,$89,$0,$0,$-0,$-5,$84,$-18,$0,$0
21,2013-06-30,112.09,$56.03,2.0,$11.32,9.9,$8.01,13.99,$-3.84,0.0,$0.37B,$0.18B,2.09,$0.72B,$2.22B,0.32,$0.44B,$0.17B,37.59%,$0.44B,$0.10B,23.01%,$0.44B,$0.10B,23.01%,$0.44B,$0.13B,30.30%,$0.44B,$-0.13B,-30.52%,$0.44B,$-0.15B,-34.17%,$-0.15B,$2.22B,-6.65%,$-0.15B,$2.22B,-6.65%,$-0.15B,$3.61B,-4.23%,$0.10B,$2.93B,3.42%,$146,$84,$61,$0,$12,$98,$48,$-111,$-63,$13,$-76,$-76,$-77,$55,$48,$39,39,$-1.94,$-1.94,$213,$0,$0,$372,$2719,$0,$0,$496,$3233,$3605,$178,$716,$404,$1209,$1387,$0,$-609,$-8,$2217,$3605,$-100,$16,$168,$183,$-1,$0,$0,$13,$6,$89,$-5,$0,$0,$0,$-28,$-28,$-104,$-137,$34,$0,$34,$0,$0,$-0,$-3,$31,$-16,$0,$0
22,2013-03-31,83.81,$58.04,1.44,$9.96,8.41,$6.10,13.74,$-1.63,0.0,$0.35B,$0.19B,1.84,$0.70B,$2.29B,0.3,$0.39B,$0.14B,35.40%,$0.39B,$0.07B,18.60%,$0.39B,$0.07B,18.60%,$0.39B,$0.10B,26.87%,$0.39B,$-0.04B,-9.04%,$0.39B,$-0.04B,-10.08%,$-0.04B,$2.29B,-1.72%,$-0.04B,$2.29B,-1.72%,$-0.04B,$3.55B,-1.11%,$0.07B,$2.99B,2.44%,$90,$63,$27,$0,$11,$81,$9,$-30,$-21,$2,$-23,$-23,$-23,$17,$9,$39,39,$-0.59,$-0.59,$201,$0,$0,$346,$2684,$0,$0,$508,$3201,$3546,$188,$697,$291,$1066,$1254,$0,$-533,$-10,$2293,$3546,$-23,$8,$27,$35,$-3,$0,$0,$3,$5,$17,$-2,$0,$0,$0,$-2,$-2,$-53,$-57,$11,$0,$11,$0,$0,$-0,$0,$11,$-29,$0,$0
23,2012-12-31,73.02,$58.51,1.25,$9.78,7.47,$5.50,13.29,$-4.00,0.0,$0.36B,$0.17B,2.12,$0.69B,$2.31B,0.3,$0.38B,$0.13B,35.28%,$0.38B,$0.07B,19.10%,$0.38B,$0.07B,19.10%,$0.38B,$0.10B,27.06%,$0.38B,$-0.12B,-32.36%,$0.38B,$-0.13B,-33.95%,$-0.13B,$2.31B,-5.70%,$-0.13B,$2.31B,-5.70%,$-0.13B,$3.50B,-3.69%,$0.07B,$3.00B,2.48%,$108,$65,$43,$0,$9,$81,$27,$-29,$-2,$-1,$-1,$-1,$-1,$36,$27,$38,38,$-0.01,$0.63,$229,$0,$0,$361,$2634,$0,$0,$495,$3142,$3503,$171,$688,$256,$1022,$1192,$0,$-510,$-10,$2311,$3503,$-128,$29,$183,$213,$52,$0,$0,$1,$68,$153,$-1,$0,$-3,$0,$4,$4,$-81,$-81,$13,$0,$13,$0,$0,$0,$-83,$-70,$2,$0,$0
24,2012-09-30,71.05,$57.99,1.23,$9.12,7.79,$3.71,19.13,$-3.19,0.0,$0.42B,$0.14B,3.07,$0.68B,$2.20B,0.31,$0.35B,$0.12B,33.05%,$0.35B,$0.06B,16.67%,$0.35B,$0.06B,16.67%,$0.35B,$0.09B,24.29%,$0.35B,$-0.10B,-28.81%,$0.35B,$-0.10B,-27.12%,$-0.10B,$2.20B,-4.27%,$-0.10B,$2.20B,-4.27%,$-0.10B,$3.52B,-2.79%,$0.06B,$2.89B,2.04%,$95,$61,$34,$0,$11,$77,$17,$-65,$-48,$3,$-50,$-50,$-49,$25,$17,$38,38,$-1.30,$-1.30,$273,$0,$0,$420,$2604,$0,$0,$487,$3104,$3524,$137,$684,$426,$1185,$1322,$0,$-509,$-10,$2202,$3524,$-127,$20,$169,$189,$13,$0,$0,$-1,$-3,$59,$-2,$0,$-3,$0,$8,$8,$-23,$-20,$8,$0,$8,$0,$0,$0,$-1,$6,$45,$0,$0
25,2012-06-30,61.64,$59.31,1.04,$8.86,6.96,$2.14,28.87,$-2.03,0.0,$0.39B,$0.12B,3.3,$0.66B,$2.25B,0.29,$0.35B,$0.10B,29.19%,$0.35B,$0.04B,12.72%,$0.35B,$0.04B,12.72%,$0.35B,$0.07B,20.23%,$0.35B,$0.10B,29.77%,$0.35B,$0.12B,33.82%,$0.12B,$2.25B,5.14%,$0.12B,$2.25B,5.14%,$0.12B,$3.47B,3.41%,$0.04B,$2.91B,1.51%,$94,$61,$33,$0,$8,$75,$19,$17,$36,$1,$35,$35,$34,$26,$19,$38,40,$0.91,$0.27,$254,$0,$0,$394,$2581,$0,$0,$480,$3073,$3468,$119,$659,$360,$1096,$1215,$0,$-459,$-8,$2252,$3468,$-77,$12,$104,$116,$10,$0,$0,$0,$-10,$30,$-20,$0,$-3,$0,$7,$7,$15,$-1,$-0,$0,$-0,$0,$0,$0,$-1,$-2,$27,$0,$0
26,2012-03-31,63.87,$58.47,1.09,$7.77,8.22,$1.86,34.34,$-2.08,0.0,$0.35B,$0.11B,3.06,$0.60B,$2.22B,0.27,$0.30B,$0.09B,28.05%,$0.30B,$0.03B,10.23%,$0.30B,$0.03B,10.23%,$0.30B,$0.06B,18.48%,$0.30B,$0.13B,44.22%,$0.30B,$0.15B,49.17%,$0.15B,$2.22B,6.64%,$0.15B,$2.22B,6.64%,$0.15B,$3.39B,4.48%,$0.03B,$2.82B,1.11%,$80,$57,$23,$0,$8,$71,$9,$-117,$-108,$4,$-112,$-112,$-112,$15,$9,$38,38,$-2.96,$-2.96,$210,$0,$0,$348,$2503,$0,$0,$527,$3042,$3390,$114,$598,$382,$1058,$1172,$0,$-494,$-6,$2219,$3390,$-112,$6,$119,$125,$4,$0,$0,$-5,$-14,$-1,$-8,$0,$0,$0,$-0,$-0,$-1,$-9,$-7,$0,$-7,$0,$0,$0,$-1,$-8,$-18,$0,$0
27,2011-12-31,44.17,$61.39,0.72,$7.06,6.25,$1.97,22.47,$-2.14,0.0,$0.37B,$0.13B,2.85,$0.61B,$2.33B,0.26,$0.28B,$0.08B,27.54%,$0.28B,$0.03B,10.14%,$0.28B,$0.03B,10.14%,$0.28B,$0.05B,17.39%,$0.28B,$0.13B,47.10%,$0.28B,$0.15B,52.90%,$0.15B,$2.33B,6.62%,$0.15B,$2.33B,6.62%,$0.15B,$3.40B,4.52%,$0.03B,$2.94B,1.04%,$85,$58,$27,$0,$11,$72,$14,$4,$18,$-14,$32,$32,$31,$20,$14,$38,39,$0.83,$4.11,$228,$0,$0,$370,$2498,$0,$0,$522,$3030,$3400,$130,$606,$258,$940,$1070,$0,$-381,$-6,$2330,$3400,$148,$21,$-130,$-109,$28,$0,$0,$-0,$47,$87,$-1,$0,$7,$0,$0,$0,$-46,$-40,$-102,$0,$-102,$2,$2,$0,$-4,$-104,$-57,$0,$0
28,2011-09-30,42.1,$60.59,0.69,$6.23,6.76,$-5.00,0.0,$-3.06,0.0,$0.46B,$0.12B,3.75,$0.71B,$2.30B,0.31,$0.24B,$0.06B,25.62%,$0.24B,$-0.49B,-202.07%,$0.24B,$-0.49B,-202.07%,$0.24B,$-0.47B,-194.63%,$0.24B,$-0.52B,-216.53%,$0.24B,$0.11B,45.45%,$0.11B,$2.30B,5.07%,$0.11B,$2.30B,5.07%,$0.11B,$3.48B,3.51%,$-0.49B,$3.01B,-18.95%,$87,$69,$18,$0,$9,$84,$2,$155,$157,$-8,$165,$165,$164,$9,$2,$38,39,$4.33,$-0.14,$293,$0,$0,$458,$2490,$0,$0,$521,$3019,$3477,$122,$708,$276,$1056,$1178,$0,$-413,$-4,$2299,$3477,$117,$14,$-103,$-89,$-2,$0,$0,$-6,$-5,$22,$-25,$0,$7,$0,$0,$0,$6,$-13,$0,$0,$0,$2,$2,$0,$-3,$-0,$9,$0,$0
