,Date,Stock Price,Book Value per Share,Price to Book Ratio,TTM Sales per Share,Price to Sales Ratio,TTM FCF per Share,Price to FCF Ratio,TTM Net EPS,PE Ratio,Current Assets,Current Liabilities,Current Ratio,Long Term Debt,Shareholder's Equity_x,Debt to Equity Ratio,TTM Revenue_x,TTM Gross Profit,Gross Margin,TTM Revenue_y,TTM Operating Income,Operating Margin,TTM Revenue_x,TTM EBIT,EBIT Margin,TTM Revenue_y,TTM EBITDA,EBITDA Margin,TTM Revenue_x,TTM Pre-Tax Income,Pre-Tax Margin,TTM Revenue_y,TTM Net Income_x,Net Margin,TTM Net Income_y,Shareholder's Equity_y,Return on Equity,TTM Net Income_x,Tangible Equity,Return on Tangible Equity,TTM Net Income_y,Total Assets,Return on Assets,TTM Net Income,LT Investments & Debt,Return on Investment,revenue,cost-goods-sold,gross-profit,research-development-expenses,selling-general-administrative-expenses,operating-expenses,operating-income,total-non-operating-income-expense,pre-tax-income,total-provision-income-taxes,income-after-taxes,income-from-continuous-operations,net-income,ebitda,ebit,basic-shares-outstanding,shares-outstanding,eps-basic-net-earnings-per-share,eps-earnings-per-share-diluted,cash-on-hand,inventory,other-current-assets,total-current-assets,net-property-plant-equipment,long-term-investments,goodwill-intangible-assets-total,other-long-term-assets,total-long-term-assets,total-assets,total-current-liabilities,long-term-debt,other-non-current-liabilities,total-long-term-liabilities,total-liabilities,common-stock-net,retained-earnings-accumulated-deficit,comprehensive-income,total-share-holder-equity,total-liabilities-share-holders-equity,net-income-loss,total-depreciation-amortization-cash-flow,other-non-cash-items,total-non-cash-items,change-in-accounts-receivable,change-in-inventories,change-in-accounts-payable,change-in-assets-liabilities,total-change-in-assets-liabilities,cash-flow-from-operating-activities,net-change-in-property-plant-equipment,net-change-in-intangible-assets,net-acquisitions-divestitures,net-change-in-short-term-investments,net-change-in-long-term-investments,net-change-in-investments-total,investing-activities-other,cash-flow-from-investing-activities,net-long-term-debt,net-current-debt,debt-issuance-retirement-net-total,net-common-equity-issued-repurchased,net-total-equity-issued-repurchased,total-common-preferred-stock-dividends-paid,financial-activities-other,cash-flow-from-financial-activities,net-cash-flow,stock-based-compensation,common-stock-dividends-paid
0,2018-09-30,7.13,$-1.40,-5.11,$49.10,0.15,$-7.20,0.0,$-1.16,0.0,$0.09B,$0.05B,1.65,$0.00B,$-0.02B,0.0,$0.32B,$0.03B,8.89%,$0.32B,$-0.06B,-17.46%,$0.32B,$-0.06B,-17.46%,$0.32B,$-0.01B,-4.44%,$0.32B,$-0.03B,-9.52%,$0.32B,$-0.01B,-4.13%,$-0.01B,$-0.01B,157.58%,$-0.01B,$-0.01B,148.57%,$-0.01B,$0.11B,-10.77%,$-0.06B,$-0.01B,666.67%,$64,$59,$5,$0,$10,$74,$-10,$-1,$-11,$-1,$-10,$-10,$-10,$-9,$-10,$6,6,$-1.62,$-1.62,$10,$1,$6,$87,$14,$0,$0,$5,$19,$106,$53,$0,$3,$62,$115,$12,$811,$-44,$-9,$106,$16,$6,$-29,$-23,$10,$0,$10,$-11,$0,$-7,$-3,$0,$4,$0,$0,$0,$0,$1,$0,$0,$0,$-0,$10,$0,$-1,$9,$2,$-1,$0
1,2018-06-30,11.1,$0.39,28.24,$54.16,0.2,$-13.09,0.0,$-1.56,0.0,$0.10B,$0.05B,1.78,$0.00B,$-0.01B,0.0,$0.35B,$0.04B,10.43%,$0.35B,$-0.04B,-12.75%,$0.35B,$-0.04B,-12.75%,$0.35B,$-0.00B,-0.29%,$0.35B,$-0.02B,-6.09%,$0.35B,$-0.00B,-1.45%,$-0.00B,$0.00B,66.67%,$-0.00B,$0.00B,28.57%,$-0.00B,$0.12B,-3.57%,$-0.04B,$0.00B,977.78%,$70,$66,$4,$0,$8,$76,$-6,$-1,$-7,$-1,$-7,$-7,$-7,$-5,$-6,$6,6,$-1.10,$-1.10,$20,$0,$7,$96,$19,$0,$0,$5,$23,$120,$54,$0,$4,$63,$118,$12,$821,$-44,$2,$120,$26,$4,$-30,$-26,$9,$0,$11,$-10,$3,$3,$-2,$0,$4,$0,$0,$0,$0,$2,$0,$0,$0,$-0,$10,$0,$-1,$8,$12,$1,$0
2,2018-03-31,9.16,$1.46,6.26,$58.27,0.16,$-20.39,0.0,$-0.86,0.0,$0.10B,$0.05B,1.92,$0.00B,$-0.00B,0.0,$0.37B,$0.04B,11.62%,$0.37B,$-0.04B,-10.81%,$0.37B,$-0.04B,-10.81%,$0.37B,$0.01B,1.35%,$0.37B,$-0.02B,-5.14%,$0.37B,$-0.00B,-0.27%,$-0.00B,$0.01B,10.81%,$-0.00B,$0.01B,3.51%,$-0.00B,$0.13B,-0.65%,$-0.04B,$0.01B,1230.77%,$81,$75,$6,$0,$9,$86,$-5,$29,$24,$-9,$33,$33,$33,$-3,$-5,$6,7,$5.24,$4.67,$23,$0,$9,$101,$20,$0,$0,$4,$24,$126,$53,$0,$4,$64,$116,$12,$828,$-44,$9,$126,$33,$2,$-31,$-29,$7,$0,$5,$-10,$-1,$3,$-2,$0,$4,$0,$0,$0,$0,$2,$0,$0,$0,$0,$10,$0,$-0,$9,$14,$1,$0
3,2017-12-31,9.49,$-5.58,-1.7,$62.04,0.15,$-20.93,0.0,$-6.73,0.0,$0.10B,$0.07B,1.54,$0.00B,$-0.04B,0.0,$0.38B,$0.05B,11.72%,$0.38B,$-0.04B,-10.68%,$0.38B,$-0.04B,-10.68%,$0.38B,$0.01B,1.30%,$0.38B,$-0.05B,-13.54%,$0.38B,$-0.04B,-10.68%,$-0.04B,$-0.04B,328.00%,$-0.04B,$-0.04B,100.00%,$-0.04B,$0.13B,-23.91%,$-0.04B,$-0.04B,630.77%,$100,$87,$13,$0,$10,$134,$-34,$-2,$-36,$-7,$-29,$-29,$-29,$3,$-34,$6,6,$-4.73,$-4.73,$8,$1,$4,$103,$22,$0,$3,$3,$28,$131,$67,$0,$38,$98,$165,$12,$795,$-44,$-35,$131,$-42,$45,$-3,$42,$7,$0,$-10,$1,$-31,$-31,$-6,$0,$0,$0,$0,$0,$0,$-6,$-0,$0,$-0,$-0,$-0,$0,$-1,$-1,$-38,$3,$0
4,2017-09-30,10.7,$-1.03,-10.38,$63.82,0.17,$-13.63,0.0,$-21.20,0.0,$0.12B,$0.07B,1.7,$0.01B,$-0.01B,-1.88,$0.39B,$0.05B,12.44%,$0.39B,$-0.04B,-10.66%,$0.39B,$-0.04B,-10.66%,$0.39B,$0.01B,2.28%,$0.39B,$-0.06B,-15.48%,$0.39B,$-0.13B,-32.99%,$-0.13B,$-0.01B,4333.33%,$-0.13B,$-0.04B,320.99%,$-0.13B,$0.18B,-67.71%,$-0.04B,$0.01B,-1400.00%,$94,$82,$13,$0,$9,$93,$1,$-3,$-2,$0,$-2,$-2,$-2,$4,$1,$6,6,$-0.40,$-0.40,$11,$1,$4,$122,$21,$0,$37,$3,$61,$183,$72,$12,$36,$118,$189,$121,$824,$-44,$-6,$183,$-13,$8,$4,$12,$-2,$0,$-4,$-5,$-42,$-42,$-4,$0,$0,$0,$0,$0,$0,$-4,$12,$0,$12,$-0,$-0,$0,$-1,$11,$-35,$2,$0
5,2017-06-30,10.3,$-0.81,-12.69,$64.42,0.16,$-2.96,0.0,$-21.30,0.0,$0.11B,$0.06B,1.8,$0.01B,$-0.01B,-2.41,$0.40B,$0.05B,11.84%,$0.40B,$-0.05B,-11.84%,$0.40B,$-0.05B,-11.84%,$0.40B,$0.00B,1.01%,$0.40B,$-0.06B,-16.12%,$0.40B,$-0.13B,-33.00%,$-0.13B,$-0.01B,-447.86%,$-0.13B,$-0.04B,727.78%,$-0.13B,$0.18B,-54.36%,$-0.05B,$0.01B,-145.74%,$95,$84,$11,$0,$10,$97,$-2,$-3,$-5,$-2,$-3,$-3,$-3,$1,$-2,$6,6,$-0.43,$-0.43,$13,$1,$3,$114,$22,$0,$37,$3,$62,$176,$63,$12,$35,$118,$181,$121,$826,$-45,$-5,$176,$-10,$6,$3,$8,$7,$0,$-8,$-5,$-40,$-42,$-3,$0,$0,$0,$0,$0,$0,$-3,$12,$0,$12,$-0,$-0,$0,$-1,$11,$-33,$1,$0
6,2017-03-31,14.0,$-0.62,-22.61,$64.95,0.22,$6.92,2.02,$-21.60,0.0,$0.13B,$0.09B,1.43,$0.00B,$-0.00B,0.0,$0.40B,$0.04B,10.78%,$0.40B,$-0.05B,-13.03%,$0.40B,$-0.05B,-13.03%,$0.40B,0,0.00%,$0.40B,$-0.07B,-17.29%,$0.40B,$-0.13B,-33.08%,$-0.13B,$-0.00B,-213.77%,$-0.13B,$-0.04B,-2933.33%,$-0.13B,$0.20B,-44.97%,$-0.05B,$-0.00B,-84.21%,$95,$87,$8,$0,$11,$101,$-6,$-3,$-9,$-1,$-7,$-7,$-7,$-3,$-6,$6,6,$-1.20,$-1.20,$44,$1,$4,$133,$22,$0,$38,$3,$63,$196,$93,$0,$35,$106,$200,$120,$829,$-46,$-4,$196,$-7,$3,$2,$5,$11,$-0,$-5,$2,$2,$-1,$-2,$0,$0,$0,$0,$0,$0,$-2,$0,$0,$0,$-0,$-0,$0,$-0,$-0,$-2,$0,$0
7,2016-12-31,15.1,$0.43,35.05,$65.80,0.23,$7.55,2.0,$-21.30,0.0,$0.15B,$0.11B,1.43,$0.00B,$0.00B,0.0,$0.40B,$0.04B,10.40%,$0.40B,$-0.06B,-13.61%,$0.40B,$-0.06B,-13.61%,$0.40B,$-0.00B,-0.50%,$0.40B,$-0.07B,-17.08%,$0.40B,$-0.13B,-32.43%,$-0.13B,$0.00B,-137.89%,$-0.13B,$-0.04B,1378.95%,$-0.13B,$0.21B,-38.19%,$-0.06B,$0.00B,-48.35%,$110,$93,$17,$0,$10,$145,$-35,$-10,$-45,$27,$-72,$-72,$-118,$7,$-35,$6,6,$-19.19,$-19.19,$46,$1,$5,$149,$24,$0,$38,$2,$64,$213,$105,$0,$34,$106,$211,$12,$837,$-46,$3,$213,$-131,$51,$44,$96,$15,$0,$9,$3,$50,$15,$-6,$0,$-4,$0,$0,$0,$109,$100,$-77,$0,$-77,$-0,$-0,$-5,$-3,$-85,$29,$3,$-5
8,2016-09-30,16.2,$19.90,0.81,$64.94,0.25,$10.24,1.58,$-1.70,0.0,$0.27B,$0.16B,1.73,$0.00B,$0.12B,0.0,$0.40B,$0.04B,10.78%,$0.40B,$-0.01B,-3.51%,$0.40B,$-0.01B,-3.51%,$0.40B,$-0.00B,0.00%,$0.40B,$-0.03B,-7.02%,$0.40B,$-0.01B,-2.51%,$-0.01B,$0.12B,-7.74%,$-0.01B,$0.05B,-63.49%,$-0.01B,$0.38B,-2.54%,$-0.01B,$0.12B,-8.41%,$97,$87,$11,$0,$12,$102,$-4,$-1,$-5,$-1,$-4,$-4,$-3,$-1,$-4,$6,6,$-0.50,$-0.50,$7,$1,$172,$268,$26,$0,$77,$8,$111,$379,$155,$0,$47,$101,$256,$120,$955,$-44,$123,$379,$-13,$10,$2,$12,$26,$-0,$2,$3,$28,$27,$-7,$0,$-4,$0,$0,$0,$-2,$-13,$-14,$0,$-14,$-0,$-0,$-5,$-2,$-22,$-10,$2,$-5
9,2016-06-30,15.9,$20.35,0.78,$66.77,0.24,$10.77,1.48,$-28.90,0.0,$0.28B,$0.16B,1.73,$0.00B,$0.13B,0.0,$0.41B,$0.05B,11.19%,$0.41B,$-0.22B,-53.53%,$0.41B,$-0.22B,-53.53%,$0.41B,$0.00B,0.97%,$0.41B,$-0.23B,-56.45%,$0.41B,$-0.18B,-43.31%,$-0.18B,$0.13B,-134.09%,$-0.18B,$0.05B,1017.14%,$-0.18B,$0.39B,-44.06%,$-0.22B,$0.13B,-129.41%,$97,$90,$7,$0,$11,$104,$-7,$-3,$-10,$-3,$-7,$-7,$-4,$-3,$-7,$6,6,$-0.70,$-0.70,$13,$1,$173,$275,$28,$0,$77,$7,$112,$386,$159,$0,$48,$102,$261,$120,$958,$-44,$125,$386,$-10,$7,$5,$12,$28,$-0,$-3,$-3,$20,$22,$-6,$0,$-4,$0,$0,$0,$-2,$-11,$-6,$0,$-6,$-0,$-0,$-5,$-2,$-13,$-4,$2,$-5
10,2016-03-31,25.3,$21.09,1.2,$68.59,0.37,$11.85,2.13,$-28.90,0.0,$0.13B,$0.09B,1.45,$0.08B,$0.13B,0.58,$0.42B,$0.06B,13.24%,$0.42B,$-0.21B,-49.65%,$0.42B,$-0.21B,-49.65%,$0.42B,$0.01B,3.07%,$0.42B,$-0.23B,-54.61%,$0.42B,$-0.18B,-42.08%,$-0.18B,$0.13B,-98.89%,$-0.18B,$-0.10B,299.16%,$-0.18B,$0.39B,-38.20%,$-0.21B,$0.20B,-90.91%,$100,$92,$7,$0,$13,$108,$-9,$-1,$-9,$-3,$-7,$-7,$-6,$-5,$-9,$6,6,$-0.90,$-0.90,$12,$1,$5,$125,$35,$0,$226,$7,$269,$394,$86,$75,$49,$179,$265,$120,$963,$-44,$129,$394,$-6,$3,$5,$9,$14,$-0,$-9,$-1,$2,$5,$-4,$0,$-4,$0,$0,$0,$-1,$-8,$4,$0,$4,$-0,$-0,$-5,$-2,$-4,$-7,$1,$-5
11,2015-12-31,31.54,$22.90,1.38,$71.83,0.44,$14.44,2.18,$-27.70,0.0,$0.31B,$0.10B,3.13,$0.07B,$0.14B,0.53,$0.44B,$0.07B,15.77%,$0.44B,$-0.20B,-44.59%,$0.44B,$-0.20B,-44.59%,$0.44B,$0.02B,5.41%,$0.44B,$-0.22B,-49.32%,$0.44B,$-0.17B,-38.29%,$-0.17B,$0.14B,-74.48%,$-0.17B,$0.07B,255.64%,$-0.17B,$0.41B,-32.00%,$-0.20B,$0.21B,-71.87%,$105,$87,$18,$0,$9,$99,$6,$-10,$-4,$-1,$-3,$-3,$3,$9,$6,$6,6,$0.37,$0.37,$17,$1,$7,$307,$28,$0,$74,$2,$107,$414,$98,$74,$26,$176,$274,$120,$974,$-44,$140,$414,$-171,$223,$-18,$204,$7,$0,$2,$1,$-0,$33,$-8,$0,$-25,$0,$0,$0,$-3,$-36,$-5,$0,$-5,$-5,$-5,$-21,$0,$-32,$-37,$5,$-21
12,2015-09-30,33.58,$22.32,1.5,$69.52,0.48,$13.04,2.57,$-26.50,0.0,$0.16B,$0.18B,0.92,$0.00B,$0.14B,0.0,$0.43B,$0.06B,13.23%,$0.43B,$-0.21B,-47.56%,$0.43B,$-0.21B,-47.56%,$0.43B,$0.02B,3.71%,$0.43B,$-0.22B,-50.35%,$0.43B,$-0.16B,-37.82%,$-0.16B,$0.14B,-59.27%,$-0.16B,$-0.09B,160.59%,$-0.16B,$0.42B,-27.69%,$-0.21B,$0.14B,-64.11%,$109,$95,$14,$0,$11,$318,$-210,$1,$-209,$-36,$-173,$-173,$-171,$3,$-210,$6,6,$-27.70,$-27.70,$25,$1,$6,$161,$34,$0,$223,$4,$261,$422,$175,$0,$51,$110,$285,$120,$976,$-46,$137,$422,$-173,$220,$-24,$195,$10,$-0,$3,$1,$6,$28,$-5,$0,$-25,$0,$0,$0,$-2,$-32,$-7,$0,$-7,$-5,$-5,$-16,$0,$-28,$-33,$5,$-16
13,2015-06-30,55.53,$50.89,1.09,$73.29,0.76,$11.16,4.98,$2.20,25.24,$0.16B,$0.12B,1.4,$0.06B,$0.31B,0.18,$0.46B,$0.07B,15.35%,$0.46B,$0.02B,3.51%,$0.46B,$0.02B,3.51%,$0.46B,$0.03B,5.92%,$0.46B,$0.00B,0.44%,$0.46B,$0.01B,3.07%,$0.01B,$0.31B,4.28%,$0.01B,$-0.12B,-14.93%,$0.01B,$0.63B,2.18%,$0.02B,$0.37B,4.12%,$109,$93,$17,$0,$10,$106,$3,$-12,$-9,$-2,$-7,$-7,$-4,$6,$3,$6,6,$-0.70,$-0.70,$31,$1,$7,$161,$35,$0,$433,$3,$472,$634,$115,$55,$87,$205,$320,$120,$1152,$-46,$314,$634,$-3,$7,$11,$18,$18,$0,$-0,$-1,$11,$27,$-4,$0,$-25,$0,$0,$0,$-2,$-30,$-9,$0,$-9,$-3,$-3,$-11,$0,$-22,$-26,$3,$-11
14,2015-03-31,71.72,$52.06,1.38,$77.92,0.92,$8.55,8.39,$3.80,18.87,$0.17B,$0.12B,1.39,$0.06B,$0.32B,0.19,$0.49B,$0.08B,16.84%,$0.49B,$0.02B,4.93%,$0.49B,$0.02B,4.93%,$0.49B,$0.04B,7.39%,$0.49B,$0.02B,4.11%,$0.49B,$0.02B,4.93%,$0.02B,$0.32B,7.16%,$0.02B,$-0.13B,-31.07%,$0.02B,$0.66B,3.69%,$0.02B,$0.38B,5.98%,$121,$101,$21,$0,$14,$118,$3,$-0,$3,$1,$2,$2,$2,$6,$3,$6,6,$0.30,$0.30,$33,$1,$7,$168,$36,$0,$447,$4,$487,$655,$121,$60,$89,$212,$333,$120,$1162,$-48,$322,$655,$2,$3,$1,$5,$19,$0,$1,$0,$14,$20,$-3,$0,$-30,$0,$0,$0,$0,$-33,$-5,$0,$-5,$-0,$-0,$-5,$0,$-10,$-24,$1,$-5
15,2014-12-31,70.41,$52.88,1.33,$79.51,0.89,$6.35,11.08,$3.80,18.53,$0.20B,$0.12B,1.62,$0.06B,$0.33B,0.2,$0.50B,$0.08B,16.43%,$0.50B,$0.03B,5.21%,$0.50B,$0.03B,5.21%,$0.50B,$0.04B,7.62%,$0.50B,$0.02B,4.01%,$0.50B,$0.02B,4.81%,$0.02B,$0.33B,7.04%,$0.02B,$-0.07B,-40.34%,$0.02B,$0.64B,3.67%,$0.03B,$0.39B,6.31%,$92,$88,$5,$0,$4,$93,$-1,$-1,$-2,$-1,$-0,$-0,$10,$1,$-1,$6,6,$1.60,$1.60,$57,$1,$8,$201,$37,$0,$400,$5,$443,$644,$124,$64,$64,$193,$318,$120,$1166,$-47,$327,$644,$24,$13,$10,$23,$-9,$0,$-1,$5,$-21,$26,$-9,$0,$0,$0,$0,$0,$-2,$-11,$-15,$0,$-15,$-8,$-8,$-21,$0,$-45,$-32,$4,$-21
16,2014-09-30,57.17,$55.45,1.03,$89.01,0.64,$11.20,5.1,$3.30,17.33,$0.20B,$0.12B,1.71,$0.07B,$0.35B,0.2,$0.56B,$0.11B,19.68%,$0.56B,$0.04B,6.98%,$0.56B,$0.04B,6.98%,$0.56B,$0.05B,9.48%,$0.56B,$0.03B,5.90%,$0.56B,$0.02B,3.76%,$0.02B,$0.35B,6.06%,$0.02B,$-0.06B,-39.07%,$0.02B,$0.64B,3.16%,$0.04B,$0.41B,9.24%,$134,$107,$27,$0,$13,$124,$11,$-0,$10,$4,$6,$6,$6,$14,$11,$6,6,$1.00,$1.00,$67,$2,$7,$201,$36,$0,$400,$4,$440,$641,$118,$69,$110,$179,$297,$120,$1161,$-27,$345,$641,$14,$11,$3,$14,$12,$-0,$-4,$6,$-10,$18,$-6,$0,$0,$0,$0,$0,$0,$-6,$-11,$0,$-11,$-6,$-6,$-16,$0,$-33,$-22,$3,$-16
17,2014-06-30,63.76,$55.40,1.15,$89.01,0.72,$13.56,4.7,$1.00,63.76,$0.22B,$0.13B,1.67,$0.07B,$0.35B,0.21,$0.56B,$0.11B,19.64%,$0.56B,$0.04B,6.43%,$0.56B,$0.04B,6.43%,$0.56B,$0.05B,9.64%,$0.56B,$0.03B,5.36%,$0.56B,$0.01B,1.25%,$0.01B,$0.35B,2.05%,$0.01B,$-0.05B,-12.07%,$0.01B,$0.66B,1.04%,$0.04B,$0.42B,8.52%,$140,$112,$29,$0,$14,$129,$11,$-2,$9,$4,$6,$6,$6,$15,$11,$6,6,$0.90,$0.90,$77,$1,$7,$220,$38,$0,$400,$4,$442,$663,$132,$74,$111,$185,$316,$119,$1160,$-26,$346,$663,$7,$8,$7,$14,$5,$-0,$0,$4,$-10,$12,$-5,$0,$0,$0,$0,$0,$0,$-5,$-6,$0,$-6,$-2,$-2,$-11,$0,$-19,$-12,$2,$-11
18,2014-03-31,77.56,$55.14,1.41,$89.06,0.87,$16.52,4.7,$1.40,55.4,$0.22B,$0.13B,1.71,$0.08B,$0.35B,0.23,$0.56B,$0.11B,19.82%,$0.56B,$0.04B,6.61%,$0.56B,$0.04B,6.61%,$0.56B,$0.06B,9.82%,$0.56B,$0.03B,5.89%,$0.56B,$0.01B,1.61%,$0.01B,$0.35B,2.64%,$0.01B,$-0.05B,-14.23%,$0.01B,$0.67B,1.32%,$0.04B,$0.42B,8.70%,$133,$112,$21,$0,$13,$128,$5,$-1,$3,$1,$2,$2,$2,$8,$5,$6,6,$0.30,$0.30,$85,$1,$7,$224,$39,$0,$400,$5,$445,$669,$131,$78,$113,$191,$323,$119,$1160,$-27,$346,$669,$2,$4,$5,$9,$10,$-0,$0,$-0,$-4,$7,$-3,$0,$0,$0,$0,$0,$0,$-3,$-3,$0,$-3,$-1,$-1,$-5,$0,$-9,$-4,$1,$-5
19,2013-12-31,67.89,$55.77,1.22,$89.10,0.76,$17.82,3.81,$2.20,30.86,$0.24B,$0.14B,1.7,$0.08B,$0.35B,0.24,$0.56B,$0.12B,20.75%,$0.56B,$0.04B,7.33%,$0.56B,$0.04B,7.33%,$0.56B,$0.06B,10.73%,$0.56B,$0.04B,7.16%,$0.56B,$0.01B,2.50%,$0.01B,$0.35B,4.15%,$0.01B,$-0.05B,-20.14%,$0.01B,$0.69B,2.03%,$0.04B,$0.43B,9.61%,$152,$119,$33,$0,$17,$140,$12,$-1,$11,$4,$7,$7,$7,$16,$12,$6,6,$1.00,$1.00,$89,$1,$8,$239,$41,$0,$400,$5,$446,$686,$141,$83,$74,$196,$336,$119,$1163,$-28,$349,$686,$13,$18,$32,$51,$8,$-1,$-1,$-20,$-4,$60,$-12,$0,$0,$0,$0,$0,$23,$10,$-12,$0,$-12,$-1,$-1,$-16,$-1,$-30,$39,$6,$-16
20,2013-09-30,75.0,$52.42,1.43,$97.49,0.77,$20.38,3.68,$2.80,26.79,$0.22B,$0.12B,1.81,$0.09B,$0.33B,0.27,$0.61B,$0.13B,20.92%,$0.61B,$0.05B,8.33%,$0.61B,$0.05B,8.33%,$0.61B,$0.07B,11.44%,$0.61B,$0.05B,8.01%,$0.61B,$0.02B,2.94%,$0.02B,$0.33B,5.42%,$0.02B,$-0.07B,-23.84%,$0.02B,$0.67B,2.59%,$0.05B,$0.42B,11.99%,$135,$108,$27,$0,$12,$127,$8,$-1,$7,$3,$4,$4,$-8,$15,$8,$6,6,$-1.30,$-1.30,$77,$1,$8,$223,$41,$0,$401,$5,$447,$670,$123,$87,$131,$219,$342,$119,$1162,$-47,$328,$670,$7,$15,$13,$28,$14,$-0,$-6,$-0,$-0,$35,$-8,$0,$0,$0,$0,$0,$23,$14,$-9,$0,$-9,$-1,$-1,$-11,$-1,$-21,$27,$4,$-11
21,2013-06-30,71.61,$54.25,1.32,$98.37,0.73,$21.28,3.36,$5.50,13.02,$0.23B,$0.13B,1.7,$0.09B,$0.34B,0.27,$0.62B,$0.13B,21.52%,$0.62B,$0.06B,9.55%,$0.62B,$0.06B,9.55%,$0.62B,$-0.09B,-13.75%,$0.62B,$0.06B,9.06%,$0.62B,$0.04B,5.66%,$0.04B,$0.34B,10.45%,$0.04B,$-0.08B,-45.90%,$0.04B,$0.71B,5.00%,$0.06B,$0.43B,13.67%,$140,$110,$30,$0,$14,$128,$12,$-1,$12,$5,$7,$7,$8,$16,$12,$6,6,$1.30,$1.30,$64,$4,$9,$228,$58,$0,$414,$6,$477,$705,$134,$92,$140,$232,$366,$119,$1176,$-49,$339,$705,$15,$8,$8,$15,$12,$-1,$-1,$0,$-1,$30,$-4,$0,$0,$0,$0,$0,$-0,$-5,$-6,$0,$-6,$-1,$-1,$-5,$0,$-12,$15,$3,$-5
22,2013-03-31,63.64,$53.51,1.19,$106.14,0.6,$20.54,3.1,$-13.20,0.0,$0.22B,$0.13B,1.74,$0.10B,$0.33B,0.28,$0.67B,$0.14B,20.81%,$0.67B,$-0.10B,-14.37%,$0.67B,$-0.10B,-14.37%,$0.67B,$-0.08B,-12.28%,$0.67B,$-0.10B,-15.12%,$0.67B,$-0.08B,-12.43%,$-0.08B,$0.33B,-24.83%,$-0.08B,$-0.08B,107.44%,$-0.08B,$0.70B,-11.96%,$-0.10B,$0.43B,-22.13%,$132,$106,$26,$0,$12,$123,$9,$0,$10,$4,$6,$6,$7,$13,$9,$6,6,$1.10,$1.10,$61,$5,$10,$222,$58,$0,$414,$5,$477,$699,$128,$95,$142,$237,$365,$119,$1173,$-50,$334,$699,$7,$4,$4,$8,$15,$-0,$-2,$-1,$-3,$12,$0,$0,$0,$0,$0,$0,$-0,$0,$-3,$0,$-3,$-0,$-0,$0,$0,$-3,$10,$1,$0
23,2012-12-31,48.2,$52.60,0.92,$114.42,0.42,$20.15,2.39,$-13.20,0.0,$0.21B,$0.13B,1.58,$0.10B,$0.33B,0.3,$0.72B,$0.15B,20.36%,$0.72B,$-0.09B,-12.60%,$0.72B,$-0.09B,-12.60%,$0.72B,$-0.08B,-10.53%,$0.72B,$-0.10B,-13.71%,$0.72B,$-0.08B,-11.50%,$-0.08B,$0.33B,-22.85%,$-0.08B,$-0.08B,92.22%,$-0.08B,$0.71B,-11.34%,$-0.09B,$0.43B,-19.54%,$205,$160,$45,$0,$18,$183,$22,$-2,$20,$6,$14,$14,$11,$26,$22,$6,6,$1.70,$1.70,$49,$1,$6,$205,$44,$0,$403,$5,$501,$706,$130,$98,$140,$248,$378,$119,$1166,$-50,$328,$706,$-83,$16,$143,$158,$12,$-0,$-4,$-5,$1,$76,$-13,$0,$0,$0,$0,$0,$-0,$-13,$-69,$0,$-69,$-4,$-4,$-27,$0,$-100,$-37,$3,$-27
24,2012-09-30,53.13,$54.00,0.98,$115.84,0.46,$16.85,3.15,$-12.60,0.0,$0.21B,$0.13B,1.63,$0.10B,$0.34B,0.3,$0.73B,$0.15B,20.22%,$0.73B,$-0.09B,-12.02%,$0.73B,$-0.09B,-12.02%,$0.73B,$-0.08B,-10.66%,$0.73B,$-0.09B,-12.70%,$0.73B,$-0.08B,-10.79%,$-0.08B,$0.34B,-20.11%,$-0.08B,$-0.08B,77.07%,$-0.08B,$0.69B,-10.02%,$-0.09B,$0.44B,-17.65%,$141,$109,$32,$0,$12,$125,$16,$-2,$14,$5,$9,$9,$9,$-140,$16,$6,6,$1.40,$1.40,$36,$6,$7,$206,$64,$0,$415,$5,$483,$689,$126,$101,$123,$224,$350,$119,$1166,$-42,$339,$689,$-94,$12,$127,$139,$17,$-0,$-12,$4,$-5,$40,$-7,$0,$0,$0,$0,$0,$-0,$-8,$-66,$0,$-66,$-1,$-1,$-16,$0,$-84,$-51,$3,$-16
25,2012-06-30,68.39,$53.30,1.28,$127.28,0.54,$14.48,4.72,$-12.10,0.0,$0.20B,$0.12B,1.64,$0.10B,$0.34B,0.31,$0.80B,$0.16B,19.78%,$0.80B,$-0.08B,-10.32%,$0.80B,$-0.08B,-10.32%,$0.80B,$0.09B,10.95%,$0.80B,$-0.09B,-10.82%,$0.80B,$-0.08B,-9.45%,$-0.08B,$0.34B,-18.10%,$-0.08B,$-0.08B,65.24%,$-0.08B,$0.68B,-9.01%,$-0.08B,$0.44B,-15.69%,$190,$154,$36,$0,$16,$333,$-143,$-1,$-145,$-40,$-105,$-105,$-110,$19,$-143,$6,6,$-17.40,$-17.40,$34,$6,$7,$196,$65,$0,$415,$5,$486,$682,$119,$104,$123,$227,$346,$119,$1163,$-44,$336,$682,$-103,$168,$-33,$135,$27,$1,$-10,$-1,$-5,$27,$-6,$0,$0,$0,$0,$0,$0,$-6,$-63,$0,$-63,$0,$0,$-11,$0,$-73,$-52,$2,$-11
26,2012-03-31,66.34,$71.43,0.93,$130.63,0.51,$12.20,5.44,$6.80,9.76,$0.20B,$0.12B,1.61,$0.11B,$0.45B,0.24,$0.83B,$0.16B,19.59%,$0.83B,$0.08B,9.31%,$0.83B,$0.08B,9.31%,$0.83B,$0.09B,11.00%,$0.83B,$0.07B,8.95%,$0.83B,$0.04B,5.20%,$0.04B,$0.45B,9.63%,$0.04B,$-0.13B,-32.70%,$0.04B,$0.85B,4.81%,$0.08B,$0.56B,14.54%,$186,$152,$34,$0,$15,$172,$14,$-2,$12,$5,$7,$7,$7,$19,$14,$6,6,$1.10,$1.10,$30,$6,$8,$196,$69,$0,$580,$6,$655,$851,$122,$107,$172,$279,$401,$119,$1278,$-44,$450,$851,$7,$5,$5,$10,$22,$0,$-7,$-2,$-4,$13,$-3,$0,$0,$0,$0,$0,$0,$-3,$-62,$0,$-62,$0,$0,$-5,$0,$-67,$-56,$1,$-5
27,2011-12-31,65.33,$71.05,0.92,$132.40,0.49,$9.84,6.64,$6.90,9.47,$0.27B,$0.20B,1.33,$0.11B,$0.45B,0.25,$0.84B,$0.16B,19.38%,$0.84B,$0.08B,9.16%,$0.84B,$0.08B,9.16%,$0.84B,$0.09B,10.94%,$0.84B,$0.08B,8.92%,$0.84B,$0.04B,5.23%,$0.04B,$0.45B,9.89%,$0.04B,$-0.13B,-32.96%,$0.04B,$0.93B,4.86%,$0.08B,$0.56B,15.37%,$215,$169,$46,$0,$16,$190,$25,$1,$26,$10,$15,$15,$15,$24,$25,$6,6,$2.30,$2.30,$87,$6,$6,$272,$69,$0,$571,$5,$661,$933,$204,$110,$171,$283,$486,$118,$1276,$-45,$446,$933,$44,$15,$-0,$15,$-6,$0,$-1,$-6,$3,$62,$-19,$0,$0,$0,$0,$0,$0,$-19,$-14,$0,$-14,$-8,$-8,$-20,$-1,$-42,$1,$4,$-20
28,2011-09-30,59.89,$71.39,0.84,$128.95,0.46,$15.30,3.91,$7.00,8.56,$0.25B,$0.19B,1.3,$0.11B,$0.45B,0.25,$0.82B,$0.16B,19.83%,$0.82B,$0.08B,9.61%,$0.82B,$0.08B,9.61%,$0.82B,$0.10B,12.04%,$0.82B,$0.08B,9.12%,$0.82B,$0.05B,5.47%,$0.05B,$0.45B,10.16%,$0.05B,$-0.13B,-32.55%,$0.05B,$0.91B,4.98%,$0.08B,$0.56B,16.25%,$213,$170,$43,$0,$17,$192,$21,$-0,$20,$8,$12,$12,$12,$26,$21,$6,6,$1.90,$1.90,$72,$7,$6,$248,$73,$0,$581,$5,$659,$907,$191,$113,$154,$267,$459,$118,$1267,$-32,$448,$907,$29,$16,$13,$29,$3,$0,$-13,$0,$-25,$34,$-16,$0,$0,$0,$0,$0,$0,$-16,$-8,$0,$-8,$-8,$-8,$-15,$-1,$-32,$-14,$4,$-15
29,2011-06-30,56.12,$70.35,0.8,$129.04,0.43,$20.37,2.75,$7.30,7.69,$0.23B,$0.29B,0.78,$0.00B,$0.44B,0.0,$0.83B,$0.17B,20.34%,$0.83B,$0.08B,10.05%,$0.83B,$0.08B,10.05%,$0.83B,$0.10B,12.59%,$0.83B,$0.08B,9.44%,$0.83B,$0.05B,5.69%,$0.05B,$0.44B,10.72%,$0.05B,$-0.14B,-32.81%,$0.05B,$0.89B,5.18%,$0.08B,$0.44B,17.69%,$213,$174,$39,$0,$17,$197,$17,$-1,$16,$6,$9,$9,$9,$22,$17,$6,6,$1.50,$1.50,$48,$8,$6,$228,$73,$0,$581,$4,$658,$886,$291,$0,$153,$153,$444,$118,$1260,$-31,$442,$886,$17,$11,$12,$22,$4,$-0,$-10,$-1,$-22,$18,$-11,$0,$0,$0,$0,$0,$0,$-11,$-28,$0,$-28,$-8,$-8,$-10,$0,$-45,$-38,$3,$-10
30,2011-03-31,80.72,$69.51,1.16,$127.94,0.63,$23.93,3.37,$7.90,10.22,$0.24B,$0.30B,0.79,$0.00B,$0.44B,0.0,$0.82B,$0.17B,21.07%,$0.82B,$0.09B,10.84%,$0.82B,$0.09B,10.84%,$0.82B,$0.11B,13.40%,$0.82B,$0.08B,10.23%,$0.82B,$0.05B,6.21%,$0.05B,$0.44B,11.81%,$0.05B,$-0.14B,-34.81%,$0.05B,$0.90B,5.61%,$0.09B,$0.44B,17.65%,$200,$165,$35,$0,$15,$186,$14,$-1,$13,$5,$8,$8,$8,$20,$14,$6,6,$1.20,$1.20,$63,$9,$7,$240,$72,$0,$581,$4,$657,$897,$303,$0,$151,$151,$454,$118,$1255,$-32,$443,$897,$8,$5,$5,$10,$8,$-1,$-9,$-2,$-19,$-1,$-4,$0,$0,$0,$0,$0,$0,$-4,$-14,$0,$-14,$1,$1,$-5,$0,$-18,$-23,$1,$-5
31,2010-12-31,85.5,$68.81,1.24,$127.99,0.67,$29.44,2.9,$8.40,10.18,$0.27B,$0.28B,0.96,$0.06B,$0.44B,0.14,$0.82B,$0.18B,21.92%,$0.82B,$0.09B,11.33%,$0.82B,$0.09B,11.33%,$0.82B,$0.11B,13.89%,$0.82B,$0.09B,10.84%,$0.82B,$0.05B,6.58%,$0.05B,$0.44B,12.77%,$0.05B,$-0.14B,-35.41%,$0.05B,$0.93B,5.91%,$0.09B,$0.50B,17.22%,$196,$151,$46,$0,$14,$169,$27,$-1,$26,$9,$17,$17,$16,$31,$27,$6,6,$2.40,$2.40,$86,$7,$6,$268,$73,$0,$581,$4,$658,$927,$281,$60,$148,$208,$489,$118,$1252,$-34,$438,$927,$54,$22,$13,$35,$-9,$-2,$12,$-0,$7,$96,$-17,$0,$-13,$0,$0,$0,$-0,$-30,$-47,$0,$-47,$0,$0,$-19,$-0,$-66,$-1,$4,$-19
32,2010-09-30,77.18,$67.55,1.14,$131.45,0.59,$33.62,2.3,$8.10,9.53,$0.26B,$0.28B,0.91,$0.06B,$0.43B,0.15,$0.84B,$0.18B,21.73%,$0.84B,$0.09B,10.21%,$0.84B,$0.09B,10.21%,$0.84B,$0.11B,13.06%,$0.84B,$0.08B,9.74%,$0.84B,$0.05B,6.06%,$0.05B,$0.43B,12.33%,$0.05B,$-0.15B,-32.18%,$0.05B,$0.92B,5.61%,$0.09B,$0.49B,15.24%,$217,$169,$48,$0,$17,$192,$25,$-3,$23,$9,$14,$14,$14,$31,$25,$6,6,$2.20,$2.20,$76,$6,$3,$258,$74,$0,$581,$5,$660,$918,$284,$64,$140,$204,$488,$118,$1242,$-30,$430,$918,$38,$18,$14,$31,$-8,$-1,$14,$-11,$-6,$63,$-12,$0,$-13,$0,$0,$0,$0,$-25,$-33,$0,$-33,$0,$0,$-14,$0,$-47,$-10,$3,$-14
33,2010-06-30,68.1,$65.42,1.04,$130.27,0.52,$39.40,1.73,$8.10,8.41,$0.25B,$0.17B,1.46,$0.17B,$0.42B,0.4,$0.83B,$0.18B,21.58%,$0.83B,$0.09B,10.19%,$0.83B,$0.09B,10.19%,$0.83B,$0.11B,13.19%,$0.83B,$0.08B,9.59%,$0.83B,$0.05B,6.12%,$0.05B,$0.42B,12.66%,$0.05B,$-0.15B,-30.72%,$0.05B,$0.90B,5.64%,$0.09B,$0.58B,14.43%,$208,$163,$44,$0,$16,$185,$23,$-1,$22,$9,$13,$13,$13,$28,$23,$6,6,$2.10,$2.10,$84,$6,$2,$250,$74,$0,$569,$4,$647,$896,$172,$166,$143,$309,$480,$118,$1233,$-34,$416,$896,$24,$12,$8,$20,$7,$-1,$1,$-5,$-6,$38,$-8,$0,$0,$0,$0,$0,$0,$-8,$-22,$0,$-22,$0,$0,$-10,$0,$-32,$-3,$2,$-10
34,2010-03-31,82.84,$64.00,1.29,$131.76,0.63,$45.37,1.83,$8.00,10.35,$0.26B,$0.18B,1.44,$0.18B,$0.41B,0.44,$0.84B,$0.19B,21.97%,$0.84B,$0.09B,10.33%,$0.84B,$0.09B,10.33%,$0.84B,$0.11B,13.54%,$0.84B,$0.08B,9.38%,$0.84B,$0.05B,6.06%,$0.05B,$0.41B,12.99%,$0.05B,$-0.16B,-28.81%,$0.05B,$0.91B,5.64%,$0.09B,$0.59B,14.70%,$200,$159,$42,$0,$17,$182,$18,$-0,$18,$7,$11,$11,$11,$24,$18,$6,6,$1.70,$1.70,$100,$6,$2,$263,$76,$0,$569,$4,$649,$912,$184,$179,$142,$322,$505,$118,$1224,$-33,$407,$912,$11,$6,$2,$8,$11,$-1,$6,$-3,$15,$34,$-4,$0,$0,$0,$0,$0,$0,$-4,$-11,$0,$-11,$0,$0,$-5,$0,$-16,$14,$1,$-5
35,2009-12-31,68.56,$63.18,1.09,$134.76,0.51,$45.55,1.51,$7.40,9.26,$0.26B,$0.17B,1.48,$0.19B,$0.40B,0.48,$0.86B,$0.18B,21.05%,$0.86B,$0.08B,9.65%,$0.86B,$0.08B,9.65%,$0.86B,$0.11B,13.14%,$0.86B,$0.07B,8.37%,$0.86B,$0.05B,5.47%,$0.05B,$0.40B,12.34%,$0.05B,$-0.17B,-24.87%,$0.05B,$0.91B,5.21%,$0.08B,$0.60B,14.01%,$217,$168,$49,$0,$16,$198,$20,$-1,$19,$5,$13,$13,$13,$27,$20,$6,6,$2.10,$2.20,$87,$5,$2,$257,$78,$0,$569,$4,$652,$908,$173,$193,$140,$333,$507,$118,$1218,$-32,$402,$908,$48,$30,$18,$48,$29,$3,$-6,$6,$18,$114,$-9,$0,$0,$0,$0,$0,$0,$-9,$-31,$0,$-31,$1,$1,$-19,$0,$-49,$56,$4,$-19
36,2009-09-30,86.61,$60.93,1.42,$142.78,0.61,$44.23,1.96,$7.60,11.4,$0.24B,$0.17B,1.47,$0.21B,$0.39B,0.53,$0.91B,$0.19B,20.37%,$0.91B,$0.09B,9.75%,$0.91B,$0.09B,9.75%,$0.91B,$0.12B,13.25%,$0.91B,$0.08B,8.21%,$0.91B,$0.05B,5.26%,$0.05B,$0.39B,13.00%,$0.05B,$-0.18B,-23.94%,$0.05B,$0.90B,5.32%,$0.09B,$0.59B,15.01%,$209,$164,$45,$0,$14,$185,$24,$-3,$21,$7,$14,$14,$14,$31,$24,$6,6,$2.20,$2.20,$83,$5,$2,$244,$83,$0,$570,$4,$657,$900,$166,$207,$141,$347,$513,$118,$1209,$-38,$387,$900,$34,$23,$15,$38,$40,$2,$-12,$8,$22,$95,$-7,$0,$0,$0,$0,$0,$0,$-7,$-21,$0,$-21,$1,$1,$-14,$0,$-35,$53,$3,$-14
37,2009-06-30,57.19,$58.84,0.97,$152.71,0.37,$39.98,1.43,$8.00,7.15,$0.24B,$0.17B,1.41,$0.22B,$0.37B,0.58,$0.97B,$0.20B,20.74%,$0.97B,$0.10B,9.86%,$0.97B,$0.10B,9.86%,$0.97B,$0.13B,13.35%,$0.97B,$0.08B,8.42%,$0.97B,$0.05B,5.24%,$0.05B,$0.37B,13.93%,$0.05B,$-0.20B,-24.97%,$0.05B,$0.90B,5.60%,$0.10B,$0.59B,15.69%,$216,$167,$49,$0,$17,$191,$25,$-4,$21,$8,$13,$13,$13,$32,$25,$6,6,$2.10,$2.00,$75,$5,$2,$239,$86,$0,$570,$4,$660,$900,$170,$218,$138,$356,$525,$118,$1200,$-40,$374,$900,$20,$16,$10,$26,$38,$2,$-13,$6,$25,$71,$-4,$0,$0,$0,$0,$0,$0,$-4,$-14,$0,$-14,$1,$1,$-10,$0,$-23,$45,$2,$-10
38,2009-03-31,32.48,$56.64,0.57,$162.27,0.2,$35.95,0.9,$8.90,3.65,$0.23B,$0.17B,1.34,$0.23B,$0.36B,0.64,$1.03B,$0.22B,21.10%,$1.03B,$0.11B,10.26%,$1.03B,$0.11B,10.26%,$1.03B,$0.14B,13.75%,$1.03B,$0.09B,8.81%,$1.03B,$0.06B,5.42%,$0.06B,$0.36B,15.43%,$0.06B,$-0.21B,-26.92%,$0.06B,$0.90B,6.07%,$0.11B,$0.59B,16.79%,$218,$180,$38,$0,$15,$204,$14,$-2,$11,$4,$7,$7,$7,$23,$14,$6,6,$1.10,$1.10,$50,$6,$5,$232,$91,$0,$570,$4,$665,$897,$173,$229,$136,$364,$537,$118,$1192,$-45,$360,$897,$7,$9,$3,$12,$25,$2,$-7,$1,$15,$33,$-2,$0,$0,$0,$0,$0,$0,$-2,$-7,$0,$-7,$1,$1,$-5,$0,$-11,$20,$0,$-5
39,2008-12-31,36.81,$56.20,0.65,$168.64,0.22,$35.65,1.03,$9.90,3.72,$0.24B,$0.19B,1.29,$0.24B,$0.36B,0.67,$1.08B,$0.24B,21.77%,$1.08B,$0.12B,10.89%,$1.08B,$0.12B,10.89%,$1.08B,$0.15B,14.21%,$1.08B,$0.10B,9.32%,$1.08B,$0.06B,5.81%,$0.06B,$0.36B,17.56%,$0.06B,$-0.21B,-29.58%,$0.06B,$0.91B,6.75%,$0.12B,$0.60B,18.14%,$270,$216,$54,$0,$19,$244,$26,$-3,$22,$8,$14,$14,$14,$35,$26,$6,6,$2.20,$2.20,$30,$7,$7,$241,$97,$0,$571,$4,$672,$914,$188,$240,$130,$369,$557,$118,$1189,$-46,$356,$914,$63,$36,$21,$57,$31,$-1,$-22,$4,$-3,$117,$-20,$0,$-9,$0,$0,$0,$0,$-28,$12,$0,$12,$-72,$-72,$-19,$0,$-80,$7,$6,$-19
40,2008-09-30,59.61,$59.10,1.01,$167.69,0.36,$36.13,1.65,$11.50,5.18,$0.25B,$0.15B,1.63,$0.30B,$0.37B,0.79,$1.12B,$0.26B,23.28%,$1.12B,$0.14B,12.44%,$1.12B,$0.14B,12.44%,$1.12B,$0.18B,15.67%,$1.12B,$0.12B,10.92%,$1.12B,$0.08B,6.89%,$0.08B,$0.37B,20.70%,$0.08B,$-0.20B,-38.79%,$0.08B,$0.93B,8.17%,$0.14B,$0.67B,20.79%,$270,$209,$61,$0,$20,$239,$31,$-4,$28,$11,$17,$17,$17,$40,$31,$6,6,$2.60,$2.60,$22,$8,$9,$249,$103,$0,$572,$10,$685,$934,$152,$296,$111,$407,$559,$118,$1180,$-18,$374,$934,$48,$27,$13,$39,$21,$-2,$-25,$-2,$-13,$75,$-16,$0,$-9,$0,$0,$0,$0,$-25,$36,$0,$36,$-73,$-73,$-14,$0,$-51,$-1,$5,$-14
41,2008-06-30,64.97,$57.17,1.14,$164.13,0.4,$39.51,1.64,$11.90,5.46,$0.26B,$0.17B,1.54,$0.31B,$0.36B,0.86,$1.13B,$0.27B,23.81%,$1.13B,$0.15B,13.05%,$1.13B,$0.15B,13.05%,$1.13B,$0.18B,16.23%,$1.13B,$0.13B,11.46%,$1.13B,$0.08B,7.23%,$0.08B,$0.36B,21.01%,$0.08B,$-0.21B,-45.75%,$0.08B,$0.95B,8.66%,$0.15B,$0.67B,22.16%,$275,$210,$65,$0,$21,$240,$35,$-4,$30,$12,$18,$18,$18,$44,$35,$6,6,$2.90,$2.90,$23,$7,$11,$255,$108,$0,$572,$10,$690,$945,$165,$309,$109,$418,$584,$118,$1168,$-16,$362,$945,$32,$18,$7,$25,$17,$-1,$-13,$-2,$-3,$53,$-12,$0,$-9,$0,$0,$0,$0,$-21,$50,$0,$50,$-74,$-74,$-10,$0,$-33,$0,$3,$-10
42,2008-03-31,76.68,$54.38,1.41,$159.51,0.48,$41.34,1.86,$12.10,6.34,$0.24B,$0.17B,1.48,$0.32B,$0.34B,0.94,$1.15B,$0.28B,24.46%,$1.15B,$0.16B,13.49%,$1.15B,$0.16B,13.49%,$1.15B,$0.19B,16.62%,$1.15B,$0.14B,12.01%,$1.15B,$0.09B,7.57%,$0.09B,$0.34B,20.88%,$0.09B,$-0.23B,-57.52%,$0.09B,$0.94B,9.19%,$0.16B,$0.67B,23.13%,$269,$212,$56,$0,$21,$243,$26,$-4,$21,$8,$14,$14,$14,$35,$26,$7,7,$2.10,$2.10,$28,$6,$8,$244,$111,$0,$573,$10,$694,$939,$165,$321,$109,$430,$595,$118,$1154,$-19,$343,$939,$14,$9,$3,$12,$29,$0,$-14,$0,$11,$37,$-7,$0,$-9,$0,$0,$0,$0,$-15,$62,$0,$62,$-74,$-74,$-5,$0,$-17,$5,$1,$-5
43,2007-12-31,96.19,$60.13,1.6,$156.03,0.62,$41.51,2.32,$12.70,7.57,$0.27B,$0.18B,1.48,$0.26B,$0.41B,0.63,$1.16B,$0.29B,25.02%,$1.16B,$0.17B,14.19%,$1.16B,$0.17B,14.19%,$1.16B,$0.20B,17.28%,$1.16B,$0.15B,12.90%,$1.16B,$0.09B,8.00%,$0.09B,$0.41B,20.55%,$0.09B,$-0.16B,-81.40%,$0.09B,$0.95B,9.77%,$0.17B,$0.67B,24.37%,$303,$225,$78,$0,$22,$256,$47,$-4,$43,$16,$28,$28,$28,$56,$47,$7,7,$4.00,$3.80,$23,$6,$10,$266,$112,$0,$565,$9,$686,$952,$180,$259,$104,$363,$543,$118,$1146,$-18,$409,$952,$93,$37,$16,$53,$-10,$2,$8,$-4,$-2,$143,$-28,$0,$0,$0,$0,$0,$0,$-28,$54,$0,$54,$-167,$-167,$-20,$2,$-131,$-15,$7,$-20
44,2007-09-30,108.52,$62.67,1.73,$153.76,0.71,$39.97,2.72,$12.70,8.54,$0.26B,$0.18B,1.45,$0.22B,$0.45B,0.49,$1.17B,$0.30B,25.23%,$1.17B,$0.17B,14.32%,$1.17B,$0.17B,14.32%,$1.17B,$0.20B,17.39%,$1.17B,$0.16B,13.21%,$1.17B,$0.10B,8.10%,$0.10B,$0.45B,20.06%,$0.10B,$-0.12B,-101.06%,$0.10B,$0.95B,9.94%,$0.17B,$0.67B,24.54%,$287,$215,$71,$0,$22,$247,$40,$-4,$36,$14,$22,$22,$22,$49,$40,$7,7,$3.00,$3.00,$27,$7,$12,$261,$112,$0,$567,$12,$691,$952,$180,$220,$104,$324,$505,$117,$1123,$-15,$447,$952,$65,$28,$9,$36,$5,$1,$14,$-6,$13,$114,$-20,$0,$0,$0,$0,$0,$0,$-20,$15,$0,$15,$-107,$-107,$-15,$2,$-105,$-11,$6,$-15
45,2007-06-30,140.79,$64.12,2.2,$151.65,0.93,$38.95,3.61,$13.20,10.67,$0.25B,$0.16B,1.56,$0.21B,$0.47B,0.45,$1.18B,$0.30B,25.57%,$1.18B,$0.17B,14.65%,$1.18B,$0.17B,14.65%,$1.18B,$0.21B,17.61%,$1.18B,$0.16B,13.72%,$1.18B,$0.10B,8.55%,$0.10B,$0.47B,20.60%,$0.10B,$-0.10B,-129.90%,$0.10B,$0.95B,10.53%,$0.17B,$0.68B,25.15%,$290,$214,$76,$0,$25,$249,$42,$-3,$38,$15,$23,$23,$23,$51,$42,$7,7,$3.10,$3.10,$34,$7,$9,$252,$114,$0,$567,$11,$692,$945,$162,$212,$102,$314,$476,$117,$1106,$-16,$468,$945,$43,$18,$5,$24,$19,$1,$1,$-3,$9,$77,$-14,$0,$0,$0,$0,$0,$0,$-14,$7,$0,$7,$-66,$-66,$-10,$2,$-67,$-4,$4,$-10
46,2007-03-31,150.46,$65.31,2.3,$149.28,1.01,$37.89,3.97,$13.80,10.9,$0.27B,$0.17B,1.62,$0.21B,$0.49B,0.43,$1.19B,$0.31B,25.90%,$1.19B,$0.18B,15.39%,$1.19B,$0.18B,15.39%,$1.19B,$0.22B,18.25%,$1.19B,$0.17B,14.63%,$1.19B,$0.11B,9.08%,$0.11B,$0.49B,21.08%,$0.11B,$-0.08B,-245.45%,$0.11B,$0.96B,11.43%,$0.18B,$0.69B,27.13%,$283,$217,$66,$0,$20,$247,$36,$-3,$33,$13,$20,$20,$20,$45,$36,$7,8,$2.70,$2.70,$46,$7,$10,$271,$115,$0,$568,$4,$687,$958,$168,$207,$98,$305,$472,$117,$1089,$-17,$486,$958,$20,$9,$1,$10,$15,$1,$-6,$-2,$12,$43,$-7,$0,$0,$0,$0,$0,$0,$-7,$2,$0,$2,$-27,$-27,$-5,$1,$-28,$8,$2,$-5
47,2006-12-31,150.35,$65.61,2.29,$145.70,1.03,$36.07,4.17,$14.00,10.74,$0.28B,$0.17B,1.64,$0.21B,$0.49B,0.42,$1.18B,$0.31B,26.27%,$1.18B,$0.19B,15.79%,$1.18B,$0.19B,15.79%,$1.18B,$0.22B,18.50%,$1.18B,$0.18B,15.12%,$1.18B,$0.11B,9.46%,$0.11B,$0.49B,21.03%,$0.11B,$-0.08B,-973.91%,$0.11B,$0.97B,12.11%,$0.19B,$0.70B,28.53%,$313,$230,$83,$0,$23,$263,$50,$-3,$48,$17,$30,$30,$30,$59,$50,$8,8,$3.90,$3.80,$38,$8,$9,$280,$117,$0,$569,$4,$689,$969,$171,$205,$100,$305,$476,$116,$1073,$-17,$493,$969,$112,$34,$6,$40,$-0,$0,$2,$-3,$-6,$146,$-33,$0,$-54,$0,$0,$0,$0,$-87,$143,$0,$143,$-173,$-173,$-19,$3,$-46,$14,$7,$-19
