,Date,Stock Price,Book Value per Share,Price to Book Ratio,TTM Sales per Share,Price to Sales Ratio,TTM FCF per Share,Price to FCF Ratio,TTM Net EPS,PE Ratio,Current Assets,Current Liabilities,Current Ratio,Long Term Debt,Shareholder's Equity_x,Debt to Equity Ratio,TTM Revenue_x,TTM Gross Profit,Gross Margin,TTM Revenue_y,TTM Operating Income,Operating Margin,TTM Revenue_x,TTM EBIT,EBIT Margin,TTM Revenue_y,TTM EBITDA,EBITDA Margin,TTM Revenue_x,TTM Pre-Tax Income,Pre-Tax Margin,TTM Revenue_y,TTM Net Income_x,Net Margin,TTM Net Income_y,Shareholder's Equity_y,Return on Equity,TTM Net Income_x,Tangible Equity,Return on Tangible Equity,TTM Net Income_y,Total Assets,Return on Assets,TTM Net Income,LT Investments & Debt,Return on Investment,revenue,cost-goods-sold,gross-profit,research-development-expenses,selling-general-administrative-expenses,operating-expenses,operating-income,total-non-operating-income-expense,pre-tax-income,total-provision-income-taxes,income-after-taxes,income-from-continuous-operations,net-income,ebitda,ebit,basic-shares-outstanding,shares-outstanding,eps-basic-net-earnings-per-share,eps-earnings-per-share-diluted,cash-on-hand,inventory,other-current-assets,total-current-assets,net-property-plant-equipment,long-term-investments,goodwill-intangible-assets-total,other-long-term-assets,total-long-term-assets,total-assets,total-current-liabilities,long-term-debt,other-non-current-liabilities,total-long-term-liabilities,total-liabilities,common-stock-net,retained-earnings-accumulated-deficit,comprehensive-income,total-share-holder-equity,total-liabilities-share-holders-equity,net-income-loss,total-depreciation-amortization-cash-flow,other-non-cash-items,total-non-cash-items,change-in-accounts-receivable,change-in-inventories,change-in-accounts-payable,change-in-assets-liabilities,total-change-in-assets-liabilities,cash-flow-from-operating-activities,net-change-in-property-plant-equipment,net-change-in-intangible-assets,net-acquisitions-divestitures,net-change-in-short-term-investments,net-change-in-long-term-investments,net-change-in-investments-total,investing-activities-other,cash-flow-from-investing-activities,net-long-term-debt,net-current-debt,debt-issuance-retirement-net-total,net-common-equity-issued-repurchased,net-total-equity-issued-repurchased,total-common-preferred-stock-dividends-paid,financial-activities-other,cash-flow-from-financial-activities,net-cash-flow,stock-based-compensation,common-stock-dividends-paid
0,2018-06-30,47.15,$11.42,4.13,$27.28,1.73,$6.94,6.79,$1.10,42.86,$0.67B,$0.55B,1.22,$0.42B,$0.71B,0.6,$1.74B,$0.64B,37.00%,$1.74B,$0.24B,13.69%,$1.74B,$0.24B,13.69%,$1.74B,$0.29B,16.92%,$1.74B,$0.15B,8.40%,$1.74B,$0.07B,4.03%,$0.07B,$0.71B,9.40%,$0.07B,$-0.37B,-17.86%,$0.07B,$1.93B,3.55%,$0.24B,$1.14B,19.81%,$475,$311,$164,$0,$0,$411,$64,$-4,$60,$13,$47,$47,$45,$72,$64,$63,64,$0.71,$0.70,$71,$182,$17,$670,$142,$0,$1079,$43,$1264,$1934,$550,$424,$59,$673,$1222,$0,$500,$-84,$712,$1934,$34,$42,$63,$105,$-43,$-32,$17,$-3,$14,$156,$-16,$0,$0,$0,$0,$0,$0,$-16,$-149,$109,$-39,$-61,$-61,$-39,$4,$-135,$5,$9,$-39
1,2018-03-31,45.7,$11.67,3.91,$26.46,1.73,$6.17,7.41,$1.06,43.11,$0.68B,$0.53B,1.28,$0.48B,$0.73B,0.65,$1.69B,$0.63B,37.38%,$1.69B,$0.24B,14.16%,$1.69B,$0.24B,14.16%,$1.69B,$0.29B,17.42%,$1.69B,$0.15B,8.65%,$1.69B,$0.07B,3.97%,$0.07B,$0.73B,9.00%,$0.07B,$-0.39B,-16.22%,$0.07B,$1.99B,3.39%,$0.24B,$1.21B,19.28%,$446,$282,$164,$0,$0,$388,$58,$-6,$51,$15,$36,$36,$36,$77,$58,$63,64,$0.57,$0.56,$69,$181,$23,$681,$146,$0,$1120,$42,$1309,$1989,$531,$478,$56,$727,$1257,$0,$477,$-59,$732,$1989,$-2,$28,$56,$84,$-34,$-26,$13,$-11,$-21,$62,$-11,$0,$0,$0,$0,$0,$0,$-10,$-149,$159,$11,$-39,$-39,$-26,$4,$-50,$3,$6,$-26
2,2017-12-31,44.3,$12.18,3.64,$25.45,1.74,$5.56,7.97,$1.92,23.07,$0.65B,$0.52B,1.24,$0.48B,$0.77B,0.62,$1.63B,$0.61B,37.46%,$1.63B,$0.23B,14.22%,$1.63B,$0.23B,14.22%,$1.63B,$0.29B,17.54%,$1.63B,$0.20B,12.45%,$1.63B,$0.12B,7.48%,$0.12B,$0.77B,16.72%,$0.12B,$-0.41B,-28.24%,$0.12B,$2.01B,6.25%,$0.23B,$1.25B,18.46%,$452,$284,$169,$0,$0,$389,$63,$-71,$-8,$14,$-21,$-21,$-22,$63,$63,$63,63,$-0.34,$-0.34,$78,$167,$17,$647,$146,$0,$1174,$43,$1362,$2009,$522,$477,$55,$719,$1241,$0,$512,$-75,$769,$2009,$19,$14,$-14,$-1,$-20,$-14,$-7,$4,$7,$27,$-6,$0,$0,$0,$0,$0,$0,$-5,$-146,$159,$13,$-15,$-15,$-13,$3,$-13,$12,$2,$-13
3,2017-09-30,38.33,$12.14,3.16,$24.81,1.54,$4.40,8.72,$1.98,19.36,$0.59B,$0.51B,1.16,$0.45B,$0.77B,0.58,$1.59B,$0.59B,37.17%,$1.59B,$0.22B,13.71%,$1.59B,$0.22B,13.71%,$1.59B,$0.27B,17.23%,$1.59B,$0.19B,11.89%,$1.59B,$0.13B,7.92%,$0.13B,$0.77B,18.00%,$0.13B,$-0.41B,-27.88%,$0.13B,$1.96B,6.56%,$0.22B,$1.21B,17.21%,$397,$251,$146,$0,$0,$348,$50,$-7,$43,$24,$19,$19,$18,$82,$50,$64,64,$0.28,$0.28,$66,$152,$17,$594,$150,$0,$1171,$41,$1363,$1957,$512,$447,$27,$679,$1191,$0,$507,$-81,$766,$1957,$128,$57,$-41,$16,$11,$5,$17,$-6,$97,$246,$-16,$0,$0,$0,$0,$0,$3,$-14,$-14,$-134,$-147,$-14,$-14,$-52,$-2,$-215,$14,$11,$-52
4,2017-06-30,35.41,$11.28,3.14,$24.61,1.44,$4.24,8.36,$1.94,18.25,$0.61B,$0.44B,1.39,$0.58B,$0.71B,0.81,$1.58B,$0.58B,36.99%,$1.58B,$0.21B,13.32%,$1.58B,$0.21B,13.32%,$1.58B,$0.27B,16.81%,$1.58B,$0.18B,11.55%,$1.58B,$0.12B,7.87%,$0.12B,$0.71B,18.51%,$0.12B,$-0.45B,-25.67%,$0.12B,$1.95B,6.45%,$0.21B,$1.29B,16.48%,$443,$279,$164,$0,$0,$376,$67,$-8,$60,$22,$38,$38,$38,$72,$67,$64,64,$0.61,$0.59,$72,$159,$19,$610,$148,$0,$1163,$34,$1345,$1954,$438,$578,$28,$806,$1243,$0,$482,$-107,$711,$1954,$91,$42,$-44,$-2,$3,$-5,$4,$-6,$14,$104,$-12,$0,$0,$0,$0,$0,$-0,$-12,$-10,$-4,$-14,$-28,$-28,$-39,$9,$-73,$20,$8,$-39
5,2017-03-31,34.97,$10.61,3.3,$24.22,1.44,$5.54,6.31,$1.90,18.41,$0.58B,$0.41B,1.41,$0.61B,$0.67B,0.9,$1.55B,$0.58B,37.07%,$1.55B,$0.20B,12.89%,$1.55B,$0.20B,12.89%,$1.55B,$0.26B,16.51%,$1.55B,$0.17B,11.15%,$1.55B,$0.12B,7.87%,$0.12B,$0.67B,18.73%,$0.12B,$-0.46B,-24.06%,$0.12B,$1.89B,6.36%,$0.20B,$1.28B,15.79%,$396,$244,$152,$0,$0,$337,$59,$-8,$51,$17,$35,$35,$33,$69,$59,$63,64,$0.52,$0.52,$51,$150,$20,$577,$145,$0,$1136,$34,$1316,$1893,$409,$606,$28,$812,$1221,$0,$462,$-133,$672,$1893,$56,$29,$-60,$-31,$-8,$0,$0,$-6,$-8,$20,$-7,$0,$0,$0,$0,$0,$-0,$-7,$-7,$27,$20,$-17,$-17,$-26,$10,$-13,$-1,$6,$-26
6,2016-12-31,37.2,$10.21,3.64,$24.15,1.54,$6.58,5.65,$1.79,20.78,$0.56B,$0.39B,1.45,$0.64B,$0.65B,0.98,$1.54B,$0.57B,36.88%,$1.54B,$0.19B,12.38%,$1.54B,$0.19B,12.38%,$1.54B,$0.25B,16.20%,$1.54B,$0.16B,10.63%,$1.54B,$0.12B,7.45%,$0.12B,$0.65B,17.93%,$0.12B,$-0.49B,-21.53%,$0.12B,$1.88B,5.92%,$0.19B,$1.29B,14.91%,$395,$247,$149,$0,$0,$340,$56,$-7,$49,$15,$34,$34,$33,$51,$56,$64,64,$0.52,$0.52,$47,$154,$23,$560,$146,$0,$1136,$35,$1318,$1878,$385,$638,$28,$842,$1227,$0,$442,$-146,$651,$1878,$22,$15,$-67,$-52,$4,$-5,$-10,$-3,$-19,$-49,$-5,$0,$0,$0,$0,$0,$0,$-5,$5,$56,$61,$0,$0,$-13,$1,$50,$-5,$3,$-13
7,2016-09-30,30.53,$10.26,2.98,$24.10,1.27,$7.87,3.88,$1.76,17.34,$0.60B,$0.43B,1.38,$0.60B,$0.65B,0.92,$1.54B,$0.57B,37.10%,$1.54B,$0.19B,12.41%,$1.54B,$0.19B,12.41%,$1.54B,$0.25B,16.31%,$1.54B,$0.17B,10.72%,$1.54B,$0.11B,7.34%,$0.11B,$0.65B,17.99%,$0.11B,$-0.53B,-21.30%,$0.11B,$1.96B,5.84%,$0.19B,$1.24B,15.14%,$356,$230,$126,$0,$0,$320,$36,$-7,$29,$7,$22,$22,$22,$73,$36,$64,64,$0.34,$0.34,$52,$153,$22,$600,$153,$0,$1176,$31,$1359,$1960,$434,$595,$29,$880,$1314,$0,$433,$-130,$646,$1960,$117,$60,$2,$63,$10,$11,$30,$6,$50,$238,$-19,$0,$-235,$0,$0,$0,$1,$-254,$-9,$93,$84,$-10,$-10,$-51,$-1,$22,$4,$9,$-51
8,2016-06-30,28.79,$10.10,2.85,$23.52,1.22,$5.64,5.11,$1.50,19.19,$0.56B,$0.40B,1.4,$0.63B,$0.64B,0.98,$1.50B,$0.56B,37.28%,$1.50B,$0.17B,11.25%,$1.50B,$0.17B,11.25%,$1.50B,$0.23B,15.18%,$1.50B,$0.14B,9.39%,$1.50B,$0.10B,6.39%,$0.10B,$0.64B,15.53%,$0.10B,$-0.55B,-19.30%,$0.10B,$1.94B,5.06%,$0.17B,$1.26B,13.71%,$429,$273,$156,$0,$0,$370,$59,$-6,$53,$15,$37,$37,$36,$63,$59,$63,64,$0.56,$0.57,$48,$163,$18,$563,$154,$0,$1184,$38,$1377,$1940,$401,$625,$30,$903,$1304,$0,$410,$-117,$636,$1940,$80,$46,$2,$48,$57,$1,$7,$7,$57,$190,$-15,$0,$-237,$0,$0,$0,$0,$-252,$-7,$117,$110,$-17,$-17,$-38,$9,$64,$-1,$6,$-38
9,2016-03-31,28.51,$10.05,2.84,$23.95,1.19,$3.78,7.54,$1.52,18.76,$0.59B,$0.38B,1.56,$0.70B,$0.63B,1.11,$1.53B,$0.56B,36.27%,$1.53B,$0.17B,11.31%,$1.53B,$0.17B,11.31%,$1.53B,$0.23B,15.10%,$1.53B,$0.15B,9.48%,$1.53B,$0.10B,6.34%,$0.10B,$0.63B,15.80%,$0.10B,$-0.57B,-21.09%,$0.10B,$1.99B,5.21%,$0.17B,$1.33B,14.40%,$371,$228,$144,$0,$0,$322,$49,$-7,$42,$11,$31,$31,$31,$63,$49,$63,64,$0.49,$0.48,$43,$162,$18,$587,$159,$0,$1207,$39,$1404,$1991,$378,$700,$29,$980,$1358,$0,$392,$-102,$633,$1991,$48,$32,$4,$36,$30,$5,$-2,$6,$7,$87,$-8,$0,$-237,$0,$0,$0,$0,$-245,$-5,$188,$184,$-4,$-4,$-25,$0,$155,$-5,$4,$-25
10,2015-12-31,28.01,$9.49,2.95,$24.22,1.16,$2.53,11.09,$1.59,17.62,$0.58B,$0.36B,1.62,$0.61B,$0.60B,1.03,$1.55B,$0.56B,36.24%,$1.55B,$0.18B,11.82%,$1.55B,$0.18B,11.82%,$1.55B,$0.24B,15.37%,$1.55B,$0.15B,9.75%,$1.55B,$0.10B,6.59%,$0.10B,$0.60B,17.04%,$0.10B,$-0.47B,-24.07%,$0.10B,$1.84B,5.63%,$0.18B,$1.21B,15.89%,$387,$244,$143,$0,$0,$340,$47,$-7,$40,$12,$27,$27,$26,$52,$47,$63,64,$0.41,$0.41,$55,$166,$20,$576,$158,$0,$1069,$40,$1267,$1843,$355,$613,$31,$890,$1245,$0,$379,$-122,$598,$1843,$21,$16,$1,$17,$35,$-8,$-2,$4,$-9,$36,$-6,$0,$-106,$0,$0,$0,$0,$-112,$-4,$101,$97,$-3,$-3,$-13,$1,$82,$7,$1,$-13
11,2015-09-30,24.42,$9.63,2.54,$24.99,0.98,$1.33,18.36,$1.74,14.03,$0.60B,$0.40B,1.5,$0.52B,$0.61B,0.86,$1.60B,$0.57B,35.73%,$1.60B,$0.19B,12.14%,$1.60B,$0.19B,12.14%,$1.60B,$0.25B,15.52%,$1.60B,$0.16B,10.20%,$1.60B,$0.11B,7.01%,$0.11B,$0.61B,18.78%,$0.11B,$-0.40B,-26.54%,$0.11B,$1.81B,6.15%,$0.19B,$1.13B,16.89%,$352,$224,$128,$0,$0,$315,$36,$-7,$30,$9,$21,$21,$20,$50,$36,$63,64,$0.32,$0.31,$48,$154,$24,$604,$158,$0,$1004,$42,$1204,$1808,$404,$519,$31,$798,$1202,$0,$372,$-108,$606,$1808,$113,$54,$28,$83,$-15,$5,$-77,$-9,$-81,$105,$-28,$0,$0,$0,$0,$0,$-1,$-30,$91,$-117,$-26,$-11,$-11,$-50,$5,$-83,$-10,$12,$-50
12,2015-06-30,28.6,$9.83,2.91,$26.20,1.09,$2.69,10.63,$1.81,15.8,$0.59B,$0.40B,1.49,$0.52B,$0.62B,0.84,$1.68B,$0.59B,35.34%,$1.68B,$0.20B,11.94%,$1.68B,$0.20B,11.94%,$1.68B,$0.26B,15.28%,$1.68B,$0.17B,10.15%,$1.68B,$0.12B,6.99%,$0.12B,$0.62B,19.72%,$0.12B,$-0.40B,-26.34%,$0.12B,$1.81B,6.33%,$0.20B,$1.14B,17.37%,$392,$248,$145,$0,$0,$355,$37,$-8,$29,$9,$20,$20,$19,$66,$37,$63,64,$0.29,$0.30,$46,$171,$20,$592,$156,$0,$1017,$41,$1213,$1805,$397,$519,$33,$790,$1186,$0,$366,$-87,$618,$1805,$93,$41,$17,$58,$15,$-10,$-66,$-2,$-73,$76,$-19,$0,$0,$0,$0,$0,$-1,$-20,$99,$-119,$-20,$-9,$-9,$-38,$1,$-66,$-12,$9,$-38
13,2015-03-31,28.57,$9.10,3.14,$26.50,1.08,$3.69,7.75,$1.82,15.7,$0.59B,$0.39B,1.53,$0.56B,$0.57B,0.98,$1.69B,$0.60B,35.56%,$1.69B,$0.20B,11.75%,$1.69B,$0.20B,11.75%,$1.69B,$0.26B,15.12%,$1.69B,$0.17B,10.04%,$1.69B,$0.12B,6.97%,$0.12B,$0.57B,19.70%,$0.12B,$-0.43B,-25.20%,$0.12B,$1.79B,6.23%,$0.20B,$1.13B,16.97%,$399,$260,$139,$0,$0,$345,$53,$-7,$46,$14,$33,$33,$32,$70,$53,$63,64,$0.51,$0.50,$43,$175,$18,$592,$153,$0,$1001,$43,$1196,$1788,$386,$562,$34,$830,$1216,$0,$347,$-111,$572,$1788,$61,$28,$14,$42,$6,$-17,$-61,$1,$-86,$10,$-11,$0,$0,$0,$0,$0,$-1,$-13,$99,$-78,$21,$-9,$-9,$-25,$1,$-12,$-15,$6,$-25
14,2014-12-31,31.72,$9.36,3.39,$26.38,1.2,$4.83,6.57,$1.85,17.15,$0.63B,$0.40B,1.57,$0.61B,$0.59B,1.03,$1.69B,$0.60B,35.37%,$1.69B,$0.19B,10.98%,$1.69B,$0.19B,10.98%,$1.69B,$0.24B,14.48%,$1.69B,$0.17B,10.15%,$1.69B,$0.12B,7.12%,$0.12B,$0.59B,19.63%,$0.12B,$-0.46B,-24.35%,$0.12B,$1.88B,6.16%,$0.19B,$1.20B,15.45%,$405,$256,$149,$0,$0,$348,$57,$-11,$46,$14,$31,$31,$31,$62,$57,$63,64,$0.49,$0.48,$52,$177,$20,$629,$158,$0,$1052,$45,$1255,$1884,$402,$608,$35,$894,$1295,$0,$329,$-72,$589,$1884,$30,$15,$4,$19,$6,$-12,$-49,$0,$-84,$-42,$-5,$0,$0,$0,$0,$0,$-3,$-8,$99,$-38,$61,$-7,$-7,$-13,$1,$42,$-6,$2,$-13
15,2014-09-30,28.22,$9.44,2.99,$26.14,1.08,$6.20,4.56,$1.71,16.5,$0.64B,$0.49B,1.3,$0.54B,$0.59B,0.92,$1.67B,$0.59B,35.31%,$1.67B,$0.18B,10.49%,$1.67B,$0.18B,10.49%,$1.67B,$0.23B,13.97%,$1.67B,$0.16B,9.59%,$1.67B,$0.11B,6.59%,$0.11B,$0.59B,17.86%,$0.11B,$-0.49B,-21.40%,$0.11B,$1.92B,5.56%,$0.18B,$1.14B,14.46%,$402,$263,$138,$0,$0,$354,$47,$-6,$42,$12,$30,$30,$30,$58,$47,$63,64,$0.47,$0.46,$58,$169,$22,$638,$160,$0,$1081,$40,$1281,$1919,$491,$544,$34,$834,$1325,$0,$312,$-52,$594,$1919,$111,$58,$-15,$43,$1,$3,$18,$-1,$28,$180,$-16,$0,$0,$0,$6,$6,$2,$-8,$5,$-94,$-90,$-17,$-17,$-50,$0,$-156,$15,$8,$-50
16,2014-06-30,29.62,$10.21,2.9,$25.79,1.15,$5.20,5.69,$1.71,17.32,$0.65B,$0.48B,1.35,$0.58B,$0.64B,0.91,$1.64B,$0.56B,34.39%,$1.64B,$0.18B,10.67%,$1.64B,$0.18B,10.67%,$1.64B,$0.24B,14.45%,$1.64B,$0.16B,9.70%,$1.64B,$0.11B,6.65%,$0.11B,$0.64B,17.83%,$0.11B,$-0.49B,-20.40%,$0.11B,$1.99B,5.46%,$0.18B,$1.22B,14.19%,$469,$303,$166,$0,$0,$426,$43,$-7,$36,$13,$23,$23,$24,$66,$43,$63,64,$0.38,$0.38,$62,$185,$20,$646,$169,$0,$1135,$41,$1346,$1991,$478,$582,$33,$873,$1351,$0,$301,$8,$641,$1991,$88,$44,$-9,$35,$34,$-6,$-7,$-13,$14,$137,$-17,$0,$0,$0,$6,$6,$1,$-11,$7,$-62,$-55,$-17,$-17,$-37,$0,$-109,$19,$6,$-37
17,2014-03-31,29.17,$9.89,2.95,$25.72,1.13,$3.84,7.59,$1.41,20.69,$0.63B,$0.46B,1.37,$0.61B,$0.62B,0.99,$1.63B,$0.55B,33.58%,$1.63B,$0.15B,9.13%,$1.63B,$0.15B,9.13%,$1.63B,$0.22B,13.73%,$1.63B,$0.13B,8.15%,$1.63B,$0.09B,5.45%,$0.09B,$0.62B,15.32%,$0.09B,$-0.53B,-16.05%,$0.09B,$1.99B,4.47%,$0.15B,$1.23B,12.08%,$417,$268,$149,$0,$0,$365,$52,$-6,$46,$13,$33,$33,$33,$58,$52,$63,64,$0.52,$0.51,$51,$183,$20,$625,$170,$0,$1147,$52,$1369,$1994,$457,$613,$41,$916,$1373,$0,$280,$11,$621,$1994,$55,$29,$-1,$29,$36,$-4,$-8,$-12,$-1,$82,$-11,$0,$0,$0,$6,$6,$1,$-4,$9,$-36,$-27,$-17,$-17,$-25,$0,$-69,$8,$5,$-25
18,2013-12-31,26.38,$9.63,2.74,$25.82,1.02,$2.88,9.17,$1.10,23.98,$0.63B,$0.45B,1.4,$0.64B,$0.61B,1.06,$1.63B,$0.54B,32.99%,$1.63B,$0.13B,8.08%,$1.63B,$0.13B,8.08%,$1.63B,$0.22B,13.46%,$1.63B,$0.11B,6.43%,$1.63B,$0.07B,4.22%,$0.07B,$0.61B,12.45%,$0.07B,$-0.55B,-12.08%,$0.07B,$2.00B,3.48%,$0.13B,$1.25B,10.73%,$397,$254,$143,$0,$0,$354,$43,$4,$47,$14,$33,$33,$33,$51,$43,$63,64,$0.52,$0.51,$62,$179,$17,$631,$172,$0,$1156,$46,$1373,$2004,$450,$641,$40,$947,$1397,$0,$260,$10,$607,$2004,$22,$14,$-4,$10,$38,$0,$-17,$-2,$12,$46,$-6,$0,$0,$0,$0,$0,$-1,$-6,$-3,$-12,$-14,$0,$0,$-12,$7,$-19,$20,$2,$-12
19,2013-09-30,24.37,$9.16,2.66,$24.66,0.99,$2.49,9.79,$1.01,24.13,$0.64B,$0.47B,1.37,$0.65B,$0.58B,1.14,$1.55B,$0.52B,33.40%,$1.55B,$0.12B,7.66%,$1.55B,$0.12B,7.66%,$1.55B,$0.21B,13.38%,$1.55B,$0.10B,6.11%,$1.55B,$0.06B,4.05%,$0.06B,$0.58B,11.79%,$0.06B,$-0.57B,-10.70%,$0.06B,$2.00B,3.17%,$0.12B,$1.23B,9.59%,$385,$254,$131,$0,$0,$348,$37,$-6,$31,$9,$22,$22,$20,$62,$37,$63,64,$0.32,$0.32,$43,$178,$21,$639,$172,$0,$1144,$48,$1364,$2003,$466,$654,$41,$961,$1427,$0,$252,$-1,$576,$2003,$65,$89,$-18,$72,$-39,$27,$0,$-5,$-14,$127,$-28,$0,$-416,$0,$2,$2,$1,$-441,$190,$196,$385,$0,$0,$-49,$0,$337,$23,$6,$-49
20,2013-06-30,20.96,$8.28,2.53,$21.72,0.96,$2.80,7.49,$1.04,20.15,$0.64B,$0.44B,1.46,$0.70B,$0.52B,1.35,$1.37B,$0.48B,34.97%,$1.37B,$0.12B,8.41%,$1.37B,$0.12B,8.41%,$1.37B,$0.19B,14.19%,$1.37B,$0.09B,6.88%,$1.37B,$0.07B,4.75%,$0.07B,$0.52B,12.57%,$0.07B,$-0.58B,-13.70%,$0.07B,$1.96B,3.69%,$0.12B,$1.22B,10.20%,$441,$300,$141,$0,$0,$398,$43,$-8,$35,$11,$24,$24,$23,$53,$43,$63,63,$0.37,$0.37,$41,$186,$24,$639,$168,$0,$1094,$55,$1318,$1957,$437,$701,$41,$1000,$1437,$0,$241,$-44,$520,$1957,$42,$70,$-17,$53,$-10,$11,$-1,$-26,$-48,$51,$-18,$0,$-416,$0,$2,$2,$1,$-431,$191,$245,$436,$0,$0,$-37,$0,$400,$21,$5,$-37
21,2013-03-31,22.16,$8.17,2.71,$19.07,1.16,$3.81,5.82,$1.17,18.94,$0.64B,$0.43B,1.47,$0.71B,$0.51B,1.38,$1.20B,$0.44B,36.45%,$1.20B,$0.12B,10.20%,$1.20B,$0.12B,10.20%,$1.20B,$0.18B,15.30%,$1.20B,$0.10B,8.70%,$1.20B,$0.07B,6.10%,$0.07B,$0.51B,14.34%,$0.07B,$-0.59B,-20.11%,$0.07B,$1.96B,4.75%,$0.12B,$1.22B,12.05%,$409,$276,$133,$0,$0,$383,$26,$-6,$20,$6,$14,$14,$13,$54,$26,$63,63,$0.21,$0.21,$41,$191,$55,$637,$168,$0,$1106,$53,$1327,$1964,$434,$710,$40,$1017,$1451,$0,$240,$-51,$513,$1964,$28,$43,$-6,$37,$-5,$6,$0,$-20,$-43,$20,$-10,$0,$-416,$0,$2,$2,$0,$-424,$194,$254,$448,$0,$0,$-24,$0,$424,$21,$6,$-24
22,2012-12-31,19.67,$8.44,2.33,$16.90,1.16,$4.48,4.39,$1.41,13.95,$0.67B,$0.44B,1.51,$0.76B,$0.53B,1.43,$1.06B,$0.41B,38.41%,$1.06B,$0.14B,13.25%,$1.06B,$0.14B,13.25%,$1.06B,$0.18B,17.22%,$1.06B,$0.13B,11.92%,$1.06B,$0.09B,8.23%,$0.09B,$0.53B,17.32%,$0.09B,$-0.62B,-34.97%,$0.09B,$2.03B,6.56%,$0.14B,$1.29B,16.18%,$399,$265,$134,$0,$0,$373,$26,$-7,$19,$5,$13,$13,$13,$39,$26,$63,63,$0.20,$0.20,$102,$192,$43,$666,$172,$0,$1148,$47,$1367,$2033,$440,$758,$32,$1065,$1504,$0,$240,$-31,$529,$2033,$15,$15,$12,$27,$4,$8,$0,$-8,$-22,$20,$-4,$0,$-416,$0,$1,$1,$0,$-419,$198,$297,$495,$-3,$-3,$-12,$0,$480,$82,$5,$-12
23,2012-09-30,15.68,$8.09,1.94,$15.76,0.99,$4.61,3.4,$1.68,9.33,$0.31B,$0.15B,2.01,$0.27B,$0.51B,0.54,$0.98B,$0.39B,39.53%,$0.98B,$0.15B,15.14%,$0.98B,$0.15B,15.14%,$0.98B,$0.19B,19.21%,$0.98B,$0.14B,13.72%,$0.98B,$0.10B,10.57%,$0.10B,$0.51B,21.47%,$0.10B,$-0.11B,-77.18%,$0.10B,$1.09B,9.38%,$0.15B,$0.78B,19.45%,$305,$195,$111,$0,$0,$281,$24,$-4,$21,$6,$15,$15,$14,$48,$24,$62,63,$0.23,$0.23,$20,$90,$10,$305,$118,$0,$618,$47,$782,$1088,$152,$272,$24,$429,$581,$0,$238,$-42,$506,$1088,$105,$40,$14,$54,$-19,$-6,$5,$-8,$-19,$138,$-21,$0,$-4,$0,$1,$1,$2,$-23,$0,$-162,$-162,$0,$0,$-48,$-1,$-211,$-95,$9,$-48
24,2012-06-30,15.69,$7.80,2.01,$15.43,1.02,$5.43,2.89,$1.66,9.45,$0.28B,$0.14B,2.05,$0.27B,$0.49B,0.56,$0.96B,$0.38B,39.54%,$0.96B,$0.14B,14.98%,$0.96B,$0.14B,14.98%,$0.96B,$0.19B,19.25%,$0.96B,$0.13B,13.84%,$0.96B,$0.10B,10.72%,$0.10B,$0.49B,21.97%,$0.10B,$-0.13B,-66.67%,$0.10B,$1.06B,9.10%,$0.14B,$0.76B,18.22%,$254,$153,$100,$0,$0,$215,$39,$-4,$34,$10,$25,$25,$25,$42,$39,$62,62,$0.40,$0.40,$16,$94,$24,$277,$117,$0,$618,$46,$781,$1058,$135,$274,$25,$434,$569,$0,$226,$-45,$488,$1058,$80,$31,$6,$37,$12,$-11,$4,$-7,$-8,$110,$-14,$0,$0,$0,$0,$0,$0,$-14,$0,$-158,$-158,$0,$0,$-36,$-0,$-194,$-100,$7,$-36
25,2012-03-31,19.38,$7.77,2.49,$15.01,1.29,$6.21,3.12,$1.68,11.53,$0.34B,$0.33B,1.02,$0.15B,$0.49B,0.31,$0.93B,$0.38B,40.15%,$0.93B,$0.15B,15.63%,$0.93B,$0.15B,15.63%,$0.93B,$0.19B,20.02%,$0.93B,$0.14B,14.56%,$0.93B,$0.11B,11.24%,$0.11B,$0.49B,22.69%,$0.11B,$-0.14B,-93.13%,$0.11B,$1.12B,9.38%,$0.15B,$0.64B,18.62%,$238,$148,$91,$0,$0,$205,$33,$-3,$30,$9,$21,$21,$21,$53,$33,$62,63,$0.34,$0.34,$60,$92,$29,$338,$116,$0,$622,$46,$784,$1122,$332,$149,$26,$304,$636,$0,$217,$-38,$486,$1122,$59,$22,$6,$28,$-2,$-8,$-2,$-6,$-26,$60,$-8,$0,$0,$0,$0,$0,$0,$-8,$0,$-84,$-84,$0,$0,$-24,$0,$-108,$-55,$7,$-24
26,2011-12-31,18.69,$7.33,2.55,$14.57,1.28,$6.10,3.06,$1.77,10.56,$0.38B,$0.12B,3.18,$0.43B,$0.46B,0.94,$0.90B,$0.37B,41.26%,$0.90B,$0.15B,16.59%,$0.90B,$0.15B,16.59%,$0.90B,$0.19B,21.02%,$0.90B,$0.15B,16.15%,$0.90B,$0.11B,12.28%,$0.11B,$0.46B,24.72%,$0.11B,$-0.16B,-144.16%,$0.11B,$1.17B,9.92%,$0.15B,$0.89B,17.88%,$260,$155,$104,$0,$0,$216,$44,$-3,$41,$13,$27,$27,$27,$46,$44,$62,63,$0.44,$0.44,$123,$90,$15,$379,$119,$16,$622,$31,$787,$1166,$119,$432,$27,$588,$707,$0,$202,$-47,$458,$1166,$31,$12,$-2,$11,$9,$-7,$-4,$-3,$-15,$27,$-4,$0,$0,$0,$0,$0,$0,$-4,$0,$0,$0,$0,$0,$-12,$-2,$-14,$7,$5,$-12
27,2011-09-30,15.27,$7.09,2.15,$14.24,1.07,$6.13,2.49,$1.71,8.93,$0.38B,$0.14B,2.79,$0.43B,$0.44B,0.97,$0.88B,$0.37B,41.90%,$0.88B,$0.16B,18.01%,$0.88B,$0.16B,18.01%,$0.88B,$0.20B,22.08%,$0.88B,$0.16B,17.89%,$0.88B,$0.11B,12.12%,$0.11B,$0.44B,24.61%,$0.11B,$-0.19B,-251.76%,$0.11B,$1.18B,9.72%,$0.16B,$0.88B,19.33%,$232,$138,$94,$0,$0,$198,$33,$-3,$30,$-1,$31,$31,$31,$44,$33,$62,62,$0.50,$0.50,$116,$84,$21,$380,$121,$0,$633,$47,$801,$1181,$136,$432,$31,$601,$738,$0,$183,$-40,$443,$1181,$106,$36,$3,$39,$-9,$-6,$-2,$62,$42,$190,$-22,$0,$-241,$0,$12,$12,$96,$-155,$0,$28,$28,$-4,$-4,$-47,$1,$-22,$17,$12,$-47
28,2011-06-30,19.43,$7.41,2.62,$13.93,1.39,$5.07,3.83,$1.65,11.78,$0.43B,$0.12B,3.71,$0.27B,$0.46B,0.59,$0.86B,$0.37B,42.59%,$0.86B,$0.16B,18.52%,$0.86B,$0.16B,18.52%,$0.86B,$0.20B,22.57%,$0.86B,$0.16B,18.40%,$0.86B,$0.10B,11.92%,$0.10B,$0.46B,24.70%,$0.10B,$0.04B,-1584.62%,$0.10B,$1.01B,9.64%,$0.16B,$0.74B,20.06%,$231,$141,$91,$0,$0,$197,$34,$-2,$32,$9,$24,$24,$24,$44,$34,$62,62,$0.38,$0.38,$198,$76,$22,$429,$108,$17,$426,$30,$582,$1010,$116,$273,$34,$430,$546,$0,$171,$-7,$464,$1010,$83,$26,$3,$29,$2,$-9,$-3,$60,$44,$155,$-12,$0,$0,$0,$12,$12,$98,$99,$0,$-131,$-131,$0,$0,$-35,$1,$-166,$100,$9,$-35
29,2011-03-31,17.52,$6.87,2.55,$13.85,1.26,$4.48,3.91,$1.51,11.6,$0.40B,$0.11B,3.63,$0.42B,$0.43B,0.98,$0.86B,$0.36B,41.68%,$0.86B,$0.15B,16.88%,$0.86B,$0.15B,16.88%,$0.86B,$0.18B,21.07%,$0.86B,$0.15B,17.35%,$0.86B,$0.09B,10.83%,$0.09B,$0.43B,23.95%,$0.09B,$0.01B,-302.44%,$0.09B,$1.12B,8.66%,$0.15B,$0.85B,18.26%,$211,$125,$86,$0,$0,$176,$35,$-2,$33,$11,$23,$23,$23,$56,$35,$62,62,$0.36,$0.36,$160,$70,$13,$397,$109,$19,$424,$31,$723,$1120,$110,$423,$33,$580,$689,$0,$161,$-27,$431,$1120,$60,$17,$-3,$15,$-9,$-4,$-2,$3,$-22,$53,$-8,$0,$0,$0,$12,$12,$3,$7,$0,$20,$20,$0,$0,$-24,$1,$-3,$62,$6,$-24
30,2010-12-31,16.8,$6.40,2.63,$12.89,1.3,$5.09,3.3,$1.45,11.59,$0.36B,$0.11B,3.24,$0.42B,$0.40B,1.06,$0.80B,$0.33B,41.68%,$0.80B,$0.14B,17.40%,$0.80B,$0.14B,17.40%,$0.80B,$0.17B,21.53%,$0.80B,$0.14B,18.02%,$0.80B,$0.09B,11.14%,$0.09B,$0.40B,24.22%,$0.09B,$-0.03B,175.37%,$0.09B,$1.09B,9.40%,$0.14B,$0.82B,20.82%,$230,$128,$102,$0,$0,$182,$48,$3,$51,$18,$33,$33,$33,$51,$48,$62,62,$0.53,$0.53,$136,$68,$7,$361,$109,$30,$425,$32,$733,$1094,$112,$423,$35,$582,$694,$0,$140,$-32,$401,$1094,$27,$9,$-1,$8,$-5,$-3,$-5,$3,$-7,$28,$-4,$0,$0,$0,$0,$0,$2,$-2,$0,$20,$20,$0,$0,$-12,$0,$8,$38,$3,$-12
31,2010-09-30,17.2,$5.97,2.88,$12.10,1.42,$5.23,3.29,$1.49,11.54,$0.32B,$0.12B,2.75,$0.40B,$0.37B,1.09,$0.75B,$0.31B,41.87%,$0.75B,$0.14B,18.40%,$0.75B,$0.14B,18.40%,$0.75B,$0.17B,22.27%,$0.75B,$0.15B,19.60%,$0.75B,$0.09B,12.27%,$0.09B,$0.37B,26.40%,$0.09B,$-0.05B,68.53%,$0.09B,$1.05B,11.40%,$0.14B,$0.78B,25.41%,$211,$120,$91,$0,$0,$169,$42,$0,$42,$15,$27,$27,$27,$44,$42,$62,62,$0.44,$0.44,$98,$65,$17,$324,$110,$30,$418,$32,$725,$1049,$118,$403,$35,$559,$677,$0,$125,$-43,$372,$1049,$92,$28,$-18,$11,$-5,$21,$1,$7,$23,$118,$-16,$0,$-372,$0,$37,$37,$2,$-349,$147,$187,$334,$0,$0,$-46,$2,$290,$63,$8,$-46
32,2010-06-30,16.95,$5.61,3.02,$11.16,1.52,$5.42,3.13,$1.54,11.01,$0.32B,$0.16B,1.96,$0.38B,$0.35B,1.07,$0.69B,$0.29B,41.82%,$0.69B,$0.14B,19.68%,$0.69B,$0.14B,19.68%,$0.69B,$0.16B,23.15%,$0.69B,$0.15B,21.71%,$0.69B,$0.10B,13.75%,$0.10B,$0.35B,28.66%,$0.10B,$-0.06B,43.63%,$0.10B,$1.03B,13.86%,$0.14B,$0.72B,31.98%,$212,$123,$89,$0,$0,$177,$35,$-2,$33,$13,$20,$20,$20,$30,$35,$62,62,$0.32,$0.32,$96,$70,$17,$318,$111,$32,$408,$24,$717,$1034,$162,$375,$36,$523,$685,$0,$116,$-57,$349,$1034,$72,$20,$-15,$5,$-1,$15,$-3,$-6,$41,$117,$-10,$0,$-372,$0,$23,$23,$2,$-357,$0,$321,$321,$2,$2,$-35,$0,$288,$47,$7,$-35
33,2010-03-31,17.28,$5.59,3.09,$10.41,1.66,$4.96,3.48,$1.73,9.99,$0.28B,$0.14B,2.02,$0.00B,$0.35B,0.0,$0.64B,$0.28B,43.32%,$0.64B,$0.16B,24.07%,$0.64B,$0.16B,24.07%,$0.64B,$0.17B,26.86%,$0.64B,$0.17B,25.93%,$0.64B,$0.11B,16.61%,$0.11B,$0.35B,32.85%,$0.11B,$0.33B,34.54%,$0.11B,$0.61B,19.04%,$0.16B,$0.35B,47.58%,$206,$130,$76,$0,$0,$186,$20,$3,$23,$9,$13,$13,$13,$47,$20,$62,62,$0.22,$0.22,$103,$43,$11,$283,$85,$32,$15,$21,$328,$610,$140,$0,$36,$122,$262,$0,$115,$-53,$348,$610,$59,$9,$-5,$5,$-3,$-0,$4,$-4,$27,$89,$-7,$0,$0,$0,$7,$7,$1,$1,$0,$-31,$-31,$2,$2,$-23,$0,$-52,$38,$5,$-23
34,2009-12-31,14.68,$5.22,2.81,$10.43,1.41,$4.40,3.33,$1.71,8.58,$0.21B,$0.09B,2.4,$0.00B,$0.33B,0.0,$0.65B,$0.28B,42.79%,$0.65B,$0.16B,24.50%,$0.65B,$0.16B,24.50%,$0.65B,$0.18B,27.13%,$0.65B,$0.16B,25.43%,$0.65B,$0.11B,16.43%,$0.11B,$0.33B,33.52%,$0.11B,$0.31B,35.39%,$0.11B,$0.54B,19.20%,$0.16B,$0.33B,49.96%,$170,$93,$77,$0,$0,$128,$42,$4,$46,$17,$29,$29,$29,$46,$42,$62,62,$0.47,$0.47,$34,$43,$10,$209,$85,$31,$16,$22,$326,$536,$87,$0,$38,$124,$211,$0,$97,$-55,$325,$536,$30,$5,$-3,$2,$-3,$0,$4,$-4,$5,$36,$-3,$0,$0,$0,$6,$6,$1,$4,$0,$-60,$-60,$0,$0,$-12,$-0,$-72,$-31,$2,$-12
35,2009-09-30,15.72,$4.91,3.2,$10.51,1.5,$4.21,3.74,$1.66,9.47,$0.23B,$0.14B,1.73,$0.00B,$0.30B,0.0,$0.65B,$0.27B,42.15%,$0.65B,$0.16B,24.00%,$0.65B,$0.16B,24.00%,$0.65B,$0.17B,26.46%,$0.65B,$0.16B,24.62%,$0.65B,$0.10B,15.85%,$0.10B,$0.30B,33.31%,$0.10B,$0.29B,35.30%,$0.10B,$0.56B,18.52%,$0.16B,$0.30B,50.44%,$162,$90,$72,$0,$0,$120,$41,$4,$45,$15,$30,$30,$30,$37,$41,$62,62,$0.48,$0.48,$65,$43,$8,$233,$85,$38,$16,$21,$328,$561,$135,$0,$38,$122,$257,$0,$79,$-55,$304,$561,$102,$19,$-2,$17,$3,$6,$-3,$2,$5,$123,$-10,$0,$0,$0,$2,$2,$2,$-5,$0,$-40,$-40,$-12,$-12,$-46,$0,$-97,$21,$7,$-46
36,2009-06-30,12.73,$5.27,2.41,$10.57,1.2,$3.85,3.31,$1.60,7.95,$0.19B,$0.15B,1.25,$0.00B,$0.33B,0.0,$0.66B,$0.27B,41.77%,$0.66B,$0.16B,23.63%,$0.66B,$0.16B,23.63%,$0.66B,$0.17B,26.22%,$0.66B,$0.16B,24.09%,$0.66B,$0.10B,15.09%,$0.10B,$0.33B,32.43%,$0.10B,$0.31B,34.49%,$0.10B,$0.54B,17.93%,$0.16B,$0.33B,50.78%,$153,$89,$64,$0,$0,$120,$33,$3,$36,$14,$23,$23,$23,$43,$33,$62,62,$0.37,$0.37,$29,$44,$11,$187,$87,$68,$17,$21,$354,$541,$150,$0,$38,$65,$215,$0,$68,$-20,$326,$541,$80,$14,$-4,$10,$3,$5,$-3,$2,$-3,$85,$-7,$0,$0,$0,$1,$1,$2,$-4,$0,$-20,$-20,$-13,$-13,$-34,$-0,$-67,$14,$6,$-34
37,2009-03-31,12.11,$5.01,2.42,$10.63,1.14,$3.94,3.07,$1.61,7.52,$0.21B,$0.19B,1.12,$0.00B,$0.31B,0.0,$0.66B,$0.27B,41.39%,$0.66B,$0.15B,23.26%,$0.66B,$0.15B,23.26%,$0.66B,$0.17B,25.98%,$0.66B,$0.16B,24.02%,$0.66B,$0.10B,15.26%,$0.10B,$0.31B,34.24%,$0.10B,$0.29B,36.63%,$0.10B,$0.57B,18.08%,$0.15B,$0.31B,52.20%,$159,$93,$66,$0,$0,$120,$39,$2,$40,$15,$25,$25,$25,$49,$39,$62,62,$0.41,$0.41,$43,$48,$11,$212,$88,$70,$18,$26,$357,$570,$189,$0,$36,$71,$260,$0,$54,$-21,$310,$570,$54,$9,$5,$14,$-4,$0,$-1,$2,$-15,$52,$-5,$0,$0,$0,$1,$1,$2,$-2,$0,$15,$15,$-13,$-13,$-23,$-0,$-21,$29,$4,$-23
38,2008-12-31,12.48,$4.77,2.62,$10.93,1.14,$3.91,3.2,$1.53,8.16,$0.19B,$0.18B,1.05,$0.00B,$0.30B,0.0,$0.68B,$0.28B,41.50%,$0.68B,$0.15B,21.99%,$0.68B,$0.15B,21.99%,$0.68B,$0.17B,24.78%,$0.68B,$0.16B,23.02%,$0.68B,$0.10B,14.08%,$0.10B,$0.30B,33.71%,$0.10B,$0.28B,36.26%,$0.10B,$0.55B,16.25%,$0.15B,$0.30B,52.68%,$171,$97,$74,$0,$0,$126,$45,$-2,$43,$15,$28,$28,$28,$43,$45,$62,62,$0.45,$0.45,$20,$51,$8,$193,$89,$72,$19,$25,$360,$553,$184,$0,$39,$73,$256,$0,$38,$-17,$297,$553,$27,$5,$0,$5,$-9,$-3,$-5,$2,$-11,$23,$-2,$0,$0,$0,$1,$1,$2,$1,$0,$0,$0,$-6,$-6,$-11,$0,$-18,$6,$2,$-11
