,Date,Stock Price,Book Value per Share,Price to Book Ratio,TTM Sales per Share,Price to Sales Ratio,TTM FCF per Share,Price to FCF Ratio,TTM Net EPS,PE Ratio,Current Assets,Current Liabilities,Current Ratio,Long Term Debt,Shareholder's Equity_x,Debt to Equity Ratio,TTM Revenue_x,TTM Gross Profit,Gross Margin,TTM Revenue_y,TTM Operating Income,Operating Margin,TTM Revenue_x,TTM EBIT,EBIT Margin,TTM Revenue_y,TTM EBITDA,EBITDA Margin,TTM Revenue_x,TTM Pre-Tax Income,Pre-Tax Margin,TTM Revenue_y,TTM Net Income_x,Net Margin,TTM Net Income_y,Shareholder's Equity_y,Return on Equity,TTM Net Income_x,Tangible Equity,Return on Tangible Equity,TTM Net Income_y,Total Assets,Return on Assets,TTM Net Income,LT Investments & Debt,Return on Investment,revenue,cost-goods-sold,gross-profit,research-development-expenses,selling-general-administrative-expenses,operating-expenses,operating-income,total-non-operating-income-expense,pre-tax-income,total-provision-income-taxes,income-after-taxes,income-from-continuous-operations,net-income,ebitda,ebit,basic-shares-outstanding,shares-outstanding,eps-basic-net-earnings-per-share,eps-earnings-per-share-diluted,cash-on-hand,inventory,other-current-assets,total-current-assets,net-property-plant-equipment,long-term-investments,goodwill-intangible-assets-total,other-long-term-assets,total-long-term-assets,total-assets,total-current-liabilities,long-term-debt,other-non-current-liabilities,total-long-term-liabilities,total-liabilities,common-stock-net,retained-earnings-accumulated-deficit,comprehensive-income,total-share-holder-equity,total-liabilities-share-holders-equity,net-income-loss,total-depreciation-amortization-cash-flow,other-non-cash-items,total-non-cash-items,change-in-accounts-receivable,change-in-inventories,change-in-accounts-payable,change-in-assets-liabilities,total-change-in-assets-liabilities,cash-flow-from-operating-activities,net-change-in-property-plant-equipment,net-change-in-intangible-assets,net-acquisitions-divestitures,net-change-in-short-term-investments,net-change-in-long-term-investments,net-change-in-investments-total,investing-activities-other,cash-flow-from-investing-activities,net-long-term-debt,net-current-debt,debt-issuance-retirement-net-total,net-common-equity-issued-repurchased,net-total-equity-issued-repurchased,total-common-preferred-stock-dividends-paid,financial-activities-other,cash-flow-from-financial-activities,net-cash-flow,stock-based-compensation,common-stock-dividends-paid
0,2018-07-31,22.95,$17.87,1.28,$50.28,0.46,$12.66,1.81,$1.94,11.83,$0.39B,$0.14B,2.79,$0.00B,$0.33B,0.0,$0.99B,$0.32B,32.59%,$0.99B,$0.06B,5.55%,$0.99B,$0.06B,5.55%,$0.99B,$0.08B,7.97%,$0.99B,$0.06B,5.55%,$0.99B,$0.04B,3.94%,$0.04B,$0.33B,11.87%,$0.04B,$0.33B,11.87%,$0.04B,$0.50B,8.24%,$0.06B,$0.33B,16.74%,$211,$145,$66,$0,$62,$213,$-2,$0,$-2,$-0,$-1,$-1,$-1,$4,$-2,$19,19,$-0.06,$-0.06,$120,$248,$21,$389,$104,$0,$0,$5,$109,$498,$139,$0,$6,$25,$164,$0,$752,$0,$334,$498,$20,$13,$3,$16,$0,$6,$19,$1,$27,$63,$-8,$0,$0,$0,$0,$0,$0,$-8,$-0,$0,$-0,$-8,$-8,$0,$-0,$-9,$46,$3,$0
1,2018-04-30,27.2,$17.99,1.51,$48.11,0.57,$11.82,2.3,$1.85,14.7,$0.36B,$0.11B,3.39,$0.00B,$0.34B,0.0,$0.97B,$0.31B,32.13%,$0.97B,$0.05B,5.37%,$0.97B,$0.05B,5.37%,$0.97B,$0.08B,7.85%,$0.97B,$0.05B,5.37%,$0.97B,$0.04B,3.82%,$0.04B,$0.34B,11.33%,$0.04B,$0.34B,11.33%,$0.04B,$0.48B,7.94%,$0.05B,$0.34B,15.93%,$275,$178,$97,$0,$62,$246,$29,$-0,$29,$7,$22,$22,$22,$35,$29,$19,19,$1.13,$1.12,$116,$229,$19,$364,$107,$0,$0,$4,$111,$475,$107,$0,$6,$26,$134,$0,$753,$0,$342,$475,$22,$6,$2,$8,$0,$25,$-10,$3,$17,$47,$-4,$0,$0,$0,$0,$0,$0,$-4,$0,$-0,$-0,$-0,$-0,$0,$-0,$-1,$42,$2,$0
2,2018-01-31,22.6,$16.86,1.34,$46.60,0.48,$12.33,1.83,$1.70,13.29,$0.35B,$0.12B,3.0,$0.00B,$0.32B,0.0,$0.97B,$0.31B,32.20%,$0.97B,$0.06B,5.88%,$0.97B,$0.06B,5.88%,$0.97B,$0.08B,8.36%,$0.97B,$0.06B,5.88%,$0.97B,$0.04B,3.72%,$0.04B,$0.32B,11.09%,$0.04B,$0.32B,11.09%,$0.04B,$0.46B,7.79%,$0.06B,$0.32B,17.55%,$267,$183,$84,$0,$62,$251,$16,$-0,$16,$6,$10,$10,$10,$22,$16,$20,20,$0.52,$0.52,$74,$253,$20,$347,$110,$0,$0,$5,$115,$462,$116,$0,$6,$27,$142,$0,$732,$0,$320,$462,$35,$24,$8,$32,$2,$28,$16,$-3,$45,$112,$-23,$0,$0,$0,$0,$0,$-0,$-23,$0,$-1,$-1,$-53,$-53,$0,$-1,$-54,$35,$4,$0
3,2017-10-31,12.8,$16.26,0.79,$44.57,0.29,$10.16,1.26,$1.73,7.4,$0.34B,$0.11B,3.02,$0.00B,$0.32B,0.0,$0.95B,$0.31B,32.67%,$0.95B,$0.06B,6.32%,$0.95B,$0.06B,6.32%,$0.95B,$0.08B,8.75%,$0.95B,$0.06B,6.32%,$0.95B,$0.04B,4.00%,$0.04B,$0.32B,11.58%,$0.04B,$0.32B,11.58%,$0.04B,$0.46B,8.23%,$0.06B,$0.32B,18.24%,$238,$162,$76,$0,$58,$226,$12,$-0,$12,$4,$8,$8,$8,$18,$12,$20,20,$0.37,$0.37,$58,$265,$17,$341,$112,$0,$0,$6,$118,$458,$113,$0,$7,$27,$140,$0,$722,$0,$318,$458,$25,$18,$3,$21,$0,$15,$14,$7,$37,$83,$-19,$0,$0,$0,$0,$0,$0,$-19,$-0,$0,$-0,$-44,$-44,$0,$-1,$-45,$19,$3,$0
4,2017-07-31,15.6,$15.71,0.99,$43.58,0.36,$8.82,1.77,$2.02,7.72,$0.35B,$0.12B,3.0,$0.00B,$0.33B,0.0,$0.95B,$0.32B,33.54%,$0.95B,$0.07B,7.49%,$0.95B,$0.07B,7.49%,$0.95B,$0.09B,9.81%,$0.95B,$0.07B,7.49%,$0.95B,$0.05B,4.75%,$0.05B,$0.33B,13.56%,$0.05B,$0.33B,13.56%,$0.05B,$0.47B,9.70%,$0.07B,$0.33B,21.35%,$188,$134,$54,$0,$54,$193,$-5,$-0,$-5,$-2,$-3,$-3,$-3,$1,$-5,$21,21,$-0.15,$-0.15,$53,$276,$21,$350,$114,$0,$0,$6,$120,$470,$117,$0,$7,$28,$144,$0,$715,$0,$326,$470,$18,$12,$2,$14,$0,$4,$22,$-1,$25,$57,$-14,$0,$0,$0,$0,$0,$0,$-14,$-0,$0,$-0,$-28,$-28,$0,$-1,$-29,$14,$2,$0
5,2017-04-30,26.0,$15.95,1.63,$43.76,0.59,$8.67,3.0,$2.46,10.57,$0.34B,$0.10B,3.58,$0.00B,$0.34B,0.0,$0.97B,$0.33B,34.33%,$0.97B,$0.09B,8.89%,$0.97B,$0.09B,8.89%,$0.97B,$0.11B,11.07%,$0.97B,$0.09B,8.89%,$0.97B,$0.06B,5.69%,$0.06B,$0.34B,16.67%,$0.06B,$0.34B,16.67%,$0.06B,$0.46B,11.87%,$0.09B,$0.34B,26.00%,$276,$177,$98,$0,$58,$242,$34,$-0,$34,$13,$21,$21,$21,$40,$34,$21,21,$0.98,$0.97,$76,$249,$14,$339,$113,$0,$0,$7,$120,$459,$95,$0,$7,$29,$124,$0,$718,$0,$335,$459,$21,$6,$2,$8,$0,$31,$-7,$14,$38,$67,$-8,$0,$0,$0,$0,$0,$-0,$-8,$0,$-0,$-0,$-21,$-21,$0,$-1,$-22,$37,$2,$0
6,2017-01-31,33.0,$15.41,2.14,$43.21,0.76,$8.07,4.09,$2.71,12.18,$0.34B,$0.10B,3.52,$0.00B,$0.33B,0.01,$0.97B,$0.34B,34.84%,$0.97B,$0.10B,9.87%,$0.97B,$0.10B,9.87%,$0.97B,$0.12B,11.92%,$0.97B,$0.10B,9.87%,$0.97B,$0.06B,6.37%,$0.06B,$0.33B,18.83%,$0.06B,$0.33B,18.83%,$0.06B,$0.46B,13.42%,$0.10B,$0.34B,29.09%,$247,$165,$82,$0,$57,$228,$19,$-0,$19,$7,$12,$12,$12,$24,$19,$22,22,$0.57,$0.55,$39,$281,$0,$338,$112,$0,$0,$4,$121,$459,$96,$3,$3,$29,$125,$0,$698,$0,$334,$459,$61,$19,$6,$25,$-2,$2,$-11,$2,$-8,$79,$-30,$0,$0,$0,$0,$0,$0,$-29,$0,$-0,$-0,$-41,$-41,$0,$-1,$-43,$7,$5,$0
7,2016-10-31,38.85,$15.11,2.57,$42.38,0.92,$7.27,5.34,$2.93,13.26,$0.35B,$0.11B,3.27,$0.00B,$0.33B,0.0,$0.97B,$0.34B,35.19%,$0.97B,$0.11B,10.80%,$0.97B,$0.11B,10.80%,$0.97B,$0.12B,12.76%,$0.97B,$0.11B,10.80%,$0.97B,$0.07B,6.89%,$0.07B,$0.33B,20.71%,$0.07B,$0.33B,20.71%,$0.07B,$0.47B,14.64%,$0.11B,$0.33B,32.38%,$237,$153,$84,$0,$56,$214,$23,$-0,$23,$9,$15,$15,$15,$28,$23,$22,22,$0.66,$0.66,$41,$292,$17,$350,$107,$0,$0,$10,$117,$467,$107,$0,$7,$28,$135,$0,$686,$0,$332,$467,$49,$14,$4,$18,$0,$-9,$-3,$5,$-7,$60,$-20,$0,$0,$0,$0,$0,$0,$-19,$-0,$0,$-0,$-30,$-30,$0,$-1,$-31,$9,$4,$0
8,2016-07-31,34.92,$14.47,2.41,$41.30,0.85,$7.29,4.79,$3.06,11.41,$0.36B,$0.12B,2.88,$0.00B,$0.32B,0.0,$0.96B,$0.34B,35.31%,$0.96B,$0.11B,11.63%,$0.96B,$0.11B,11.63%,$0.96B,$0.13B,13.50%,$0.96B,$0.11B,11.63%,$0.96B,$0.07B,7.37%,$0.07B,$0.32B,22.58%,$0.07B,$0.32B,22.58%,$0.07B,$0.47B,15.64%,$0.11B,$0.32B,35.53%,$207,$139,$68,$0,$54,$197,$10,$-0,$10,$4,$7,$7,$7,$15,$10,$22,22,$0.29,$0.29,$46,$293,$16,$355,$105,$0,$0,$10,$114,$469,$123,$0,$7,$27,$150,$0,$671,$0,$319,$469,$34,$9,$3,$12,$0,$-10,$17,$2,$9,$56,$-13,$0,$0,$0,$0,$0,$0,$-13,$-0,$0,$-0,$-28,$-28,$0,$-1,$-30,$14,$3,$0
9,2016-04-30,36.1,$14.68,2.46,$40.14,0.9,$6.71,5.38,$3.05,11.84,$0.34B,$0.09B,3.66,$0.00B,$0.33B,0.0,$0.96B,$0.34B,35.29%,$0.96B,$0.11B,11.83%,$0.96B,$0.11B,11.83%,$0.96B,$0.13B,13.61%,$0.96B,$0.11B,11.83%,$0.96B,$0.07B,7.43%,$0.07B,$0.33B,22.43%,$0.07B,$0.33B,22.43%,$0.07B,$0.45B,15.66%,$0.11B,$0.33B,35.62%,$282,$177,$105,$0,$56,$238,$44,$-0,$44,$16,$28,$28,$28,$49,$44,$23,23,$1.23,$1.22,$73,$252,$16,$341,$103,$0,$0,$9,$112,$453,$93,$0,$7,$27,$121,$0,$664,$0,$332,$453,$28,$5,$2,$7,$0,$31,$-23,$13,$21,$56,$-7,$0,$0,$0,$0,$0,$0,$-7,$-0,$0,$-0,$-7,$-7,$0,$-1,$-8,$41,$2,$0
10,2016-01-31,32.16,$13.64,2.36,$38.61,0.83,$6.13,5.25,$2.92,11.01,$0.33B,$0.11B,3.14,$0.00B,$0.31B,0.01,$0.94B,$0.33B,35.21%,$0.94B,$0.11B,11.98%,$0.94B,$0.11B,11.98%,$0.94B,$0.13B,13.68%,$0.94B,$0.11B,11.98%,$0.94B,$0.07B,7.42%,$0.07B,$0.31B,21.88%,$0.07B,$0.31B,21.88%,$0.07B,$0.44B,15.28%,$0.11B,$0.31B,35.23%,$246,$160,$85,$0,$53,$218,$28,$-0,$28,$10,$17,$17,$17,$32,$28,$24,24,$0.77,$0.76,$32,$283,$0,$330,$101,$0,$0,$4,$112,$442,$105,$3,$3,$26,$132,$0,$637,$0,$311,$442,$71,$17,$5,$22,$1,$-43,$4,$5,$-35,$58,$-25,$0,$0,$0,$0,$0,$0,$-25,$0,$-0,$-0,$-88,$-88,$0,$-1,$-90,$-56,$5,$0
11,2015-10-31,34.16,$12.93,2.64,$37.77,0.9,$7.85,4.35,$2.95,11.58,$0.35B,$0.13B,2.71,$0.00B,$0.30B,0.0,$0.94B,$0.33B,35.47%,$0.94B,$0.12B,12.50%,$0.94B,$0.12B,12.50%,$0.94B,$0.13B,14.21%,$0.94B,$0.12B,12.50%,$0.94B,$0.07B,7.80%,$0.07B,$0.30B,22.57%,$0.07B,$0.30B,22.57%,$0.07B,$0.45B,15.84%,$0.12B,$0.30B,36.08%,$228,$146,$82,$0,$48,$198,$30,$-0,$30,$11,$19,$19,$19,$34,$30,$24,24,$0.79,$0.79,$45,$277,$30,$352,$96,$0,$0,$4,$100,$452,$130,$0,$8,$26,$156,$0,$619,$0,$296,$452,$53,$13,$4,$17,$0,$-37,$26,$-0,$-11,$59,$-16,$0,$0,$0,$0,$0,$0,$-15,$-0,$0,$-0,$-85,$-85,$0,$-1,$-87,$-43,$4,$0
12,2015-07-31,45.55,$13.49,3.38,$36.79,1.24,$8.24,5.53,$2.83,16.1,$0.37B,$0.11B,3.25,$0.00B,$0.33B,0.0,$0.93B,$0.33B,35.53%,$0.93B,$0.11B,12.31%,$0.93B,$0.11B,12.31%,$0.93B,$0.13B,14.04%,$0.93B,$0.11B,12.31%,$0.93B,$0.07B,7.67%,$0.07B,$0.33B,21.71%,$0.07B,$0.33B,21.71%,$0.07B,$0.47B,15.48%,$0.11B,$0.33B,34.78%,$199,$134,$65,$0,$50,$189,$11,$-0,$11,$4,$7,$7,$7,$15,$11,$25,25,$0.29,$0.28,$85,$251,$32,$368,$94,$0,$0,$4,$98,$466,$114,$0,$9,$26,$139,$0,$600,$0,$327,$466,$34,$8,$4,$12,$0,$-11,$12,$-6,$-4,$42,$-9,$0,$0,$0,$0,$0,$0,$-9,$-0,$0,$-0,$-35,$-35,$0,$-1,$-36,$-3,$4,$0
13,2015-04-30,46.8,$13.96,3.35,$36.24,1.29,$8.85,5.29,$2.87,16.31,$0.38B,$0.10B,3.74,$0.00B,$0.35B,0.0,$0.92B,$0.33B,35.61%,$0.92B,$0.12B,12.70%,$0.92B,$0.12B,12.70%,$0.92B,$0.13B,14.44%,$0.92B,$0.12B,12.70%,$0.92B,$0.07B,7.82%,$0.07B,$0.35B,22.31%,$0.07B,$0.35B,22.31%,$0.07B,$0.47B,15.91%,$0.12B,$0.35B,36.17%,$270,$170,$100,$0,$52,$226,$44,$-0,$44,$16,$27,$27,$27,$48,$44,$25,25,$1.10,$1.09,$119,$233,$23,$375,$94,$0,$0,$4,$98,$473,$100,$0,$9,$26,$126,$0,$593,$0,$346,$473,$27,$4,$5,$9,$0,$7,$-10,$11,$8,$44,$-5,$0,$0,$0,$0,$0,$0,$-5,$-0,$0,$-0,$-7,$-7,$0,$-1,$-8,$31,$3,$0
14,2015-01-31,47.04,$13.06,3.6,$35.50,1.33,$9.47,4.97,$2.87,16.39,$0.36B,$0.10B,3.48,$0.00B,$0.33B,0.01,$0.91B,$0.33B,35.71%,$0.91B,$0.12B,13.03%,$0.91B,$0.12B,13.03%,$0.91B,$0.13B,14.68%,$0.91B,$0.12B,13.03%,$0.91B,$0.07B,8.00%,$0.07B,$0.33B,23.05%,$0.07B,$0.33B,23.05%,$0.07B,$0.45B,16.46%,$0.12B,$0.33B,37.48%,$239,$154,$85,$0,$49,$207,$32,$-0,$32,$12,$20,$20,$20,$36,$32,$25,26,$0.80,$0.79,$88,$240,$0,$355,$93,$0,$0,$4,$97,$452,$102,$3,$5,$25,$128,$0,$566,$0,$325,$452,$74,$16,$6,$22,$1,$-14,$10,$9,$7,$102,$-23,$0,$0,$-0,$0,$-0,$0,$-23,$0,$-0,$-0,$-56,$-56,$0,$-2,$-58,$22,$4,$0
15,2014-10-31,45.39,$12.41,3.66,$34.45,1.32,$6.47,7.02,$2.72,16.69,$0.34B,$0.11B,3.1,$0.00B,$0.31B,0.0,$0.89B,$0.32B,35.76%,$0.89B,$0.11B,12.78%,$0.89B,$0.11B,12.78%,$0.89B,$0.13B,14.46%,$0.89B,$0.11B,12.78%,$0.89B,$0.07B,7.85%,$0.07B,$0.31B,22.47%,$0.07B,$0.31B,22.47%,$0.07B,$0.44B,16.11%,$0.11B,$0.31B,36.51%,$218,$139,$79,$0,$48,$192,$27,$-0,$27,$10,$17,$17,$17,$31,$27,$25,25,$0.67,$0.67,$71,$243,$29,$344,$93,$0,$0,$7,$100,$444,$111,$0,$7,$22,$133,$0,$546,$0,$310,$444,$54,$12,$3,$14,$0,$-16,$16,$7,$7,$75,$-19,$0,$0,$0,$0,$0,$0,$-19,$-0,$0,$-0,$-49,$-49,$0,$-2,$-51,$5,$4,$0
16,2014-07-31,49.91,$12.21,4.09,$33.74,1.48,$4.51,11.06,$2.71,18.42,$0.34B,$0.11B,3.12,$0.00B,$0.31B,0.0,$0.88B,$0.32B,35.83%,$0.88B,$0.11B,12.93%,$0.88B,$0.11B,12.93%,$0.88B,$0.13B,14.63%,$0.88B,$0.11B,12.93%,$0.88B,$0.07B,7.94%,$0.07B,$0.31B,22.93%,$0.07B,$0.31B,22.93%,$0.07B,$0.44B,16.37%,$0.11B,$0.31B,37.25%,$194,$130,$64,$0,$47,$180,$14,$-0,$14,$5,$8,$8,$8,$18,$14,$26,26,$0.33,$0.32,$81,$228,$33,$342,$93,$0,$0,$7,$99,$441,$110,$0,$8,$22,$132,$0,$529,$0,$310,$441,$37,$8,$2,$10,$0,$-1,$18,$1,$18,$65,$-14,$0,$0,$0,$0,$0,$-0,$-15,$-0,$0,$-0,$-33,$-33,$0,$-2,$-35,$15,$3,$0
17,2014-04-30,53.85,$12.51,4.3,$33.30,1.62,$2.98,18.05,$2.79,19.3,$0.34B,$0.09B,3.64,$0.00B,$0.32B,0.0,$0.87B,$0.32B,36.16%,$0.87B,$0.12B,13.39%,$0.87B,$0.12B,13.39%,$0.87B,$0.13B,14.99%,$0.87B,$0.12B,13.39%,$0.87B,$0.07B,8.35%,$0.07B,$0.32B,24.66%,$0.07B,$0.32B,24.66%,$0.07B,$0.44B,17.46%,$0.12B,$0.32B,39.43%,$262,$164,$98,$0,$49,$216,$46,$-0,$46,$17,$28,$28,$28,$49,$46,$26,26,$1.10,$1.09,$110,$206,$23,$340,$91,$0,$0,$6,$98,$437,$93,$0,$7,$21,$115,$0,$521,$0,$322,$437,$28,$4,$2,$6,$0,$20,$-8,$17,$29,$63,$-6,$0,$0,$0,$0,$0,$-0,$-7,$-0,$0,$-0,$-11,$-11,$0,$-2,$-13,$44,$3,$0
18,2014-01-31,60.01,$11.78,5.1,$32.40,1.85,$1.87,32.08,$2.70,22.23,$0.32B,$0.09B,3.54,$0.00B,$0.30B,0.01,$0.85B,$0.31B,36.27%,$0.85B,$0.11B,13.26%,$0.85B,$0.11B,13.26%,$0.85B,$0.13B,15.02%,$0.85B,$0.11B,13.26%,$0.85B,$0.07B,8.33%,$0.07B,$0.30B,25.18%,$0.07B,$0.30B,25.18%,$0.07B,$0.42B,17.43%,$0.11B,$0.31B,39.96%,$218,$140,$78,$0,$47,$191,$27,$-0,$27,$10,$17,$17,$17,$31,$27,$26,26,$0.65,$0.64,$66,$227,$0,$324,$86,$0,$0,$3,$93,$416,$91,$3,$2,$21,$112,$0,$492,$0,$304,$416,$71,$14,$2,$15,$-2,$-5,$-27,$1,$-33,$53,$-50,$0,$0,$-1,$0,$-1,$0,$-51,$0,$-0,$-0,$-13,$-13,$0,$0,$-13,$-11,$6,$0
19,2013-10-31,58.46,$11.07,5.28,$32.27,1.81,$4.21,13.89,$2.79,20.95,$0.33B,$0.11B,2.93,$0.00B,$0.29B,0.0,$0.85B,$0.31B,36.31%,$0.85B,$0.12B,13.75%,$0.85B,$0.12B,13.75%,$0.85B,$0.13B,15.39%,$0.85B,$0.12B,13.75%,$0.85B,$0.07B,8.58%,$0.07B,$0.29B,27.47%,$0.07B,$0.29B,27.47%,$0.07B,$0.42B,18.36%,$0.12B,$0.29B,43.94%,$208,$131,$76,$0,$45,$181,$27,$-0,$27,$10,$17,$17,$17,$31,$27,$26,26,$0.67,$0.66,$70,$230,$29,$329,$81,$0,$0,$6,$88,$416,$112,$0,$6,$19,$131,$0,$476,$0,$285,$416,$54,$10,$1,$11,$0,$-9,$-9,$2,$-16,$50,$-43,$0,$0,$0,$0,$0,$-0,$-43,$-0,$0,$-0,$-13,$-13,$0,$-0,$-14,$-7,$5,$0
20,2013-07-31,58.65,$10.56,5.56,$31.98,1.83,$5.94,9.88,$2.84,20.65,$0.33B,$0.11B,3.02,$0.00B,$0.27B,0.0,$0.85B,$0.31B,36.41%,$0.85B,$0.12B,14.18%,$0.85B,$0.12B,14.18%,$0.85B,$0.13B,15.84%,$0.85B,$0.12B,14.18%,$0.85B,$0.08B,8.87%,$0.08B,$0.27B,29.79%,$0.08B,$0.27B,29.79%,$0.08B,$0.40B,19.66%,$0.12B,$0.27B,47.57%,$186,$122,$64,$0,$44,$169,$17,$-0,$17,$6,$11,$11,$11,$20,$17,$26,26,$0.41,$0.40,$81,$221,$32,$334,$62,$0,$0,$6,$69,$403,$111,$0,$7,$19,$130,$0,$458,$0,$273,$403,$37,$7,$1,$8,$0,$0,$-7,$-6,$-13,$31,$-20,$0,$0,$0,$0,$0,$-0,$-20,$-0,$0,$-0,$-6,$-6,$0,$-1,$-7,$4,$3,$0
21,2013-04-30,54.85,$10.24,5.35,$31.10,1.76,$6.92,7.93,$2.74,20.02,$0.33B,$0.11B,3.06,$0.00B,$0.27B,0.0,$0.83B,$0.30B,36.48%,$0.83B,$0.12B,13.94%,$0.83B,$0.12B,13.94%,$0.83B,$0.13B,15.76%,$0.83B,$0.12B,13.94%,$0.83B,$0.07B,8.73%,$0.07B,$0.27B,30.16%,$0.07B,$0.27B,30.16%,$0.07B,$0.39B,19.66%,$0.12B,$0.27B,48.07%,$240,$149,$91,$0,$45,$198,$42,$-0,$42,$16,$26,$26,$26,$46,$42,$26,26,$1.01,$1.00,$103,$205,$25,$333,$54,$0,$0,$7,$61,$394,$109,$0,$7,$19,$128,$0,$448,$0,$266,$394,$26,$3,$1,$4,$0,$16,$-19,$9,$6,$36,$-8,$0,$0,$0,$0,$0,$-0,$-8,$0,$-0,$-0,$-1,$-1,$0,$-1,$-2,$26,$2,$0
22,2013-01-31,52.66,$9.26,5.69,$30.64,1.72,$7.81,6.74,$2.72,19.36,$0.32B,$0.12B,2.71,$0.00B,$0.24B,0.01,$0.82B,$0.30B,36.43%,$0.82B,$0.12B,14.06%,$0.82B,$0.12B,14.06%,$0.82B,$0.13B,15.89%,$0.82B,$0.12B,14.06%,$0.82B,$0.07B,8.80%,$0.07B,$0.24B,31.65%,$0.07B,$0.24B,31.65%,$0.07B,$0.38B,20.47%,$0.12B,$0.24B,50.44%,$217,$139,$78,$0,$44,$187,$31,$-0,$31,$12,$19,$19,$19,$34,$31,$26,27,$0.75,$0.73,$77,$221,$0,$322,$49,$0,$0,$3,$56,$377,$119,$2,$2,$19,$138,$0,$422,$0,$239,$377,$73,$13,$0,$13,$0,$-26,$28,$0,$1,$87,$-22,$0,$0,$-1,$0,$-1,$0,$-22,$0,$-0,$-0,$-43,$-43,$0,$0,$-43,$22,$6,$0
23,2012-10-31,53.99,$8.82,6.12,$29.41,1.84,$6.88,7.84,$2.58,20.93,$0.30B,$0.10B,2.88,$0.00B,$0.23B,0.0,$0.79B,$0.29B,36.36%,$0.79B,$0.11B,13.76%,$0.79B,$0.11B,13.76%,$0.79B,$0.12B,15.66%,$0.79B,$0.11B,13.76%,$0.79B,$0.07B,8.71%,$0.07B,$0.23B,31.54%,$0.07B,$0.23B,31.54%,$0.07B,$0.35B,20.54%,$0.11B,$0.23B,49.71%,$203,$127,$75,$0,$42,$173,$30,$-0,$30,$11,$19,$19,$19,$34,$30,$26,27,$0.73,$0.71,$75,$207,$18,$301,$45,$0,$0,$6,$52,$352,$104,$0,$7,$19,$123,$0,$402,$0,$229,$352,$53,$10,$0,$10,$0,$-12,$15,$2,$5,$68,$-15,$0,$0,$0,$0,$0,$-0,$-15,$0,$-0,$-0,$-33,$-33,$0,$0,$-33,$20,$5,$0
24,2012-07-31,60.77,$8.43,7.21,$28.58,2.13,$6.06,10.03,$2.46,24.7,$0.30B,$0.10B,2.87,$0.00B,$0.22B,0.0,$0.77B,$0.28B,36.30%,$0.77B,$0.10B,13.44%,$0.77B,$0.10B,13.44%,$0.77B,$0.12B,15.25%,$0.77B,$0.10B,13.44%,$0.77B,$0.07B,8.53%,$0.07B,$0.22B,31.39%,$0.07B,$0.22B,31.39%,$0.07B,$0.34B,20.23%,$0.10B,$0.22B,49.35%,$165,$109,$57,$0,$41,$153,$12,$-0,$12,$4,$8,$8,$8,$16,$12,$26,27,$0.30,$0.30,$71,$199,$26,$297,$40,$0,$0,$6,$46,$342,$103,$0,$7,$18,$121,$0,$383,$0,$221,$342,$34,$6,$1,$7,$0,$-4,$13,$-6,$3,$45,$-7,$0,$0,$0,$0,$0,$-0,$-7,$0,$-0,$-0,$-21,$-21,$0,$0,$-21,$16,$4,$0
25,2012-04-30,59.72,$8.40,7.11,$27.89,2.14,$5.34,11.19,$2.37,25.2,$0.29B,$0.10B,3.02,$0.00B,$0.22B,0.0,$0.76B,$0.28B,36.09%,$0.76B,$0.10B,13.25%,$0.76B,$0.10B,13.25%,$0.76B,$0.12B,15.09%,$0.76B,$0.10B,13.25%,$0.76B,$0.06B,8.40%,$0.06B,$0.22B,31.11%,$0.06B,$0.22B,31.11%,$0.06B,$0.34B,19.88%,$0.10B,$0.22B,48.97%,$233,$144,$88,$0,$43,$191,$42,$-0,$42,$16,$26,$26,$26,$46,$42,$26,27,$1.00,$0.98,$96,$181,$15,$292,$39,$0,$0,$6,$44,$336,$96,$0,$7,$18,$115,$0,$375,$0,$221,$336,$26,$3,$1,$4,$0,$14,$1,$9,$25,$55,$-2,$0,$0,$0,$0,$0,$-0,$-3,$0,$-0,$-0,$-12,$-12,$0,$0,$-12,$41,$3,$0
26,2012-01-31,47.93,$7.72,6.21,$26.51,1.81,$4.54,10.56,$2.15,22.29,$0.27B,$0.09B,2.93,$0.00B,$0.20B,0.01,$0.73B,$0.26B,35.88%,$0.73B,$0.09B,12.69%,$0.73B,$0.09B,12.69%,$0.73B,$0.11B,14.46%,$0.73B,$0.09B,12.69%,$0.73B,$0.06B,8.05%,$0.06B,$0.20B,29.35%,$0.06B,$0.20B,29.35%,$0.06B,$0.31B,18.57%,$0.09B,$0.21B,46.15%,$191,$123,$68,$0,$40,$166,$25,$-0,$25,$9,$16,$16,$16,$28,$25,$27,28,$0.59,$0.59,$55,$195,$0,$269,$40,$0,$0,$2,$45,$314,$92,$2,$2,$18,$110,$0,$349,$0,$204,$314,$59,$13,$4,$17,$-1,$-20,$-2,$2,$-21,$55,$-13,$0,$0,$-0,$0,$-0,$0,$-13,$0,$-0,$-0,$-62,$-62,$0,$1,$-62,$-20,$5,$0
27,2011-10-31,41.19,$7.36,5.6,$25.55,1.61,$4.79,8.6,$2.00,20.6,$0.27B,$0.10B,2.69,$0.00B,$0.20B,0.0,$0.72B,$0.26B,35.66%,$0.72B,$0.09B,12.17%,$0.72B,$0.09B,12.17%,$0.72B,$0.10B,14.13%,$0.72B,$0.09B,12.17%,$0.72B,$0.06B,7.69%,$0.06B,$0.20B,27.50%,$0.06B,$0.20B,27.50%,$0.06B,$0.31B,17.31%,$0.09B,$0.20B,43.39%,$185,$117,$68,$0,$40,$160,$25,$-0,$25,$9,$16,$16,$16,$28,$25,$27,27,$0.60,$0.59,$53,$197,$19,$269,$40,$0,$0,$5,$44,$313,$100,$0,$6,$18,$118,$0,$333,$0,$195,$313,$43,$10,$4,$14,$0,$-22,$9,$-2,$-15,$42,$-10,$0,$0,$0,$0,$0,$-0,$-10,$0,$-0,$-0,$-54,$-54,$0,$0,$-54,$-23,$5,$0
28,2011-07-31,39.24,$7.45,5.27,$24.57,1.6,$4.64,8.46,$1.85,21.21,$0.28B,$0.10B,2.69,$0.00B,$0.20B,0.0,$0.70B,$0.25B,35.29%,$0.70B,$0.08B,11.76%,$0.70B,$0.08B,11.76%,$0.70B,$0.10B,13.77%,$0.70B,$0.08B,11.76%,$0.70B,$0.05B,7.46%,$0.05B,$0.20B,26.26%,$0.05B,$0.20B,26.26%,$0.05B,$0.33B,16.67%,$0.08B,$0.20B,41.31%,$153,$102,$51,$0,$38,$144,$9,$-0,$9,$3,$6,$6,$6,$13,$9,$27,28,$0.22,$0.21,$65,$193,$23,$281,$40,$0,$0,$5,$45,$325,$104,$0,$7,$18,$123,$0,$317,$0,$203,$325,$27,$7,$3,$9,$0,$-18,$12,$-5,$-11,$25,$-6,$0,$0,$0,$0,$0,$-0,$-6,$0,$-0,$-0,$-29,$-29,$0,$0,$-29,$-10,$3,$0
29,2011-04-30,37.78,$7.39,5.11,$23.82,1.59,$4.48,8.44,$1.78,21.22,$0.27B,$0.10B,2.79,$0.00B,$0.20B,0.0,$0.68B,$0.24B,35.09%,$0.68B,$0.08B,11.55%,$0.68B,$0.08B,11.55%,$0.68B,$0.09B,13.60%,$0.68B,$0.08B,11.55%,$0.68B,$0.05B,7.31%,$0.05B,$0.20B,25.45%,$0.05B,$0.20B,25.45%,$0.05B,$0.32B,16.22%,$0.08B,$0.20B,40.10%,$204,$128,$76,$0,$38,$170,$34,$-0,$34,$13,$21,$21,$21,$37,$34,$27,28,$0.78,$0.76,$85,$175,$14,$274,$40,$0,$0,$5,$45,$319,$98,$0,$6,$19,$117,$0,$311,$0,$202,$319,$21,$3,$3,$6,$0,$0,$0,$8,$8,$36,$-3,$0,$0,$0,$0,$0,$-0,$-3,$0,$-0,$-0,$-22,$-22,$0,$-1,$-22,$10,$2,$0
30,2011-01-31,32.02,$7.17,4.47,$22.82,1.4,$3.96,8.08,$1.61,19.89,$0.27B,$0.09B,2.86,$0.00B,$0.20B,0.01,$0.67B,$0.23B,34.59%,$0.67B,$0.07B,10.98%,$0.67B,$0.07B,10.98%,$0.67B,$0.09B,13.08%,$0.67B,$0.07B,10.98%,$0.67B,$0.05B,6.92%,$0.05B,$0.20B,23.56%,$0.05B,$0.20B,23.56%,$0.05B,$0.31B,15.21%,$0.07B,$0.20B,37.29%,$173,$113,$60,$0,$38,$154,$19,$-0,$19,$7,$12,$12,$12,$23,$19,$28,29,$0.44,$0.43,$76,$175,$0,$269,$40,$0,$0,$1,$45,$314,$94,$2,$1,$20,$114,$0,$290,$0,$200,$314,$46,$14,$-0,$14,$-1,$-5,$11,$-5,$2,$62,$-10,$0,$0,$-1,$0,$-1,$0,$-11,$0,$-0,$-0,$-28,$-28,$0,$3,$-25,$26,$5,$0
31,2010-10-31,26.95,$6.75,3.99,$22.59,1.19,$3.13,8.62,$1.57,17.17,$0.25B,$0.09B,2.86,$0.00B,$0.19B,0.0,$0.66B,$0.23B,34.45%,$0.66B,$0.07B,11.08%,$0.66B,$0.07B,11.08%,$0.66B,$0.09B,13.20%,$0.66B,$0.07B,11.08%,$0.66B,$0.05B,6.98%,$0.05B,$0.19B,24.34%,$0.05B,$0.19B,24.34%,$0.05B,$0.29B,15.69%,$0.07B,$0.19B,38.62%,$167,$108,$59,$0,$36,$147,$20,$-0,$20,$7,$13,$13,$13,$23,$20,$28,29,$0.45,$0.44,$52,$178,$16,$246,$38,$0,$0,$5,$44,$290,$86,$0,$4,$17,$103,$0,$277,$0,$187,$290,$34,$10,$1,$11,$0,$0,$0,$-9,$-9,$36,$-6,$0,$0,$0,$0,$0,$-0,$-7,$0,$-0,$-0,$-27,$-27,$0,$1,$-26,$3,$4,$0
32,2010-07-31,26.47,$6.87,3.85,$21.79,1.21,$2.19,12.07,$1.43,18.51,$0.27B,$0.10B,2.77,$0.00B,$0.20B,0.0,$0.64B,$0.22B,34.17%,$0.64B,$0.07B,10.50%,$0.64B,$0.07B,10.50%,$0.64B,$0.08B,12.70%,$0.64B,$0.07B,10.50%,$0.64B,$0.04B,6.58%,$0.04B,$0.20B,22.98%,$0.04B,$0.20B,22.98%,$0.04B,$0.31B,14.76%,$0.07B,$0.20B,36.66%,$140,$95,$45,$0,$35,$133,$6,$-0,$6,$2,$4,$4,$4,$10,$6,$29,29,$0.14,$0.14,$66,$178,$23,$267,$38,$0,$0,$5,$43,$310,$96,$0,$4,$17,$113,$0,$265,$0,$197,$310,$21,$7,$0,$7,$0,$0,$0,$-10,$-10,$19,$-4,$0,$0,$0,$0,$0,$-0,$-4,$0,$3,$3,$-3,$-3,$0,$1,$1,$16,$2,$0
33,2010-04-30,27.5,$6.82,4.03,$21.27,1.29,$1.46,18.86,$1.33,20.68,$0.25B,$0.08B,3.08,$0.00B,$0.20B,0.0,$0.62B,$0.21B,33.82%,$0.62B,$0.06B,10.14%,$0.62B,$0.06B,10.14%,$0.62B,$0.08B,12.24%,$0.62B,$0.06B,10.14%,$0.62B,$0.04B,6.28%,$0.04B,$0.20B,22.74%,$0.04B,$0.20B,22.74%,$0.04B,$0.30B,14.42%,$0.06B,$0.20B,36.73%,$185,$118,$66,$0,$35,$157,$28,$-0,$28,$10,$17,$17,$17,$31,$28,$29,29,$0.60,$0.59,$71,$165,$16,$252,$39,$0,$0,$5,$44,$296,$82,$0,$4,$17,$99,$0,$261,$0,$197,$296,$17,$3,$1,$4,$0,$0,$0,$-1,$-1,$20,$-1,$0,$0,$0,$0,$0,$-0,$-1,$0,$-0,$-0,$2,$2,$0,$1,$3,$22,$1,$0
34,2010-01-31,21.22,$6.11,3.48,$20.43,1.04,$1.26,16.89,$1.12,18.95,$0.23B,$0.08B,2.76,$0.00B,$0.18B,0.0,$0.59B,$0.20B,33.16%,$0.59B,$0.05B,8.92%,$0.59B,$0.05B,8.92%,$0.59B,$0.07B,11.11%,$0.59B,$0.05B,8.92%,$0.59B,$0.03B,5.56%,$0.03B,$0.18B,20.66%,$0.03B,$0.18B,20.66%,$0.03B,$0.28B,12.70%,$0.05B,$0.18B,33.18%,$167,$110,$57,$0,$35,$148,$19,$-0,$19,$7,$12,$12,$12,$23,$19,$29,29,$0.41,$0.40,$50,$169,$0,$232,$41,$0,$0,$1,$45,$277,$84,$0,$1,$18,$102,$0,$244,$0,$175,$277,$33,$14,$1,$15,$1,$-18,$0,$3,$-11,$37,$-10,$0,$0,$-0,$0,$-0,$0,$-10,$0,$-0,$-0,$1,$1,$0,$1,$2,$29,$4,$0
35,2009-10-31,18.74,$5.66,3.31,$19.80,0.95,$1.19,15.72,$0.98,19.12,$0.21B,$0.08B,2.81,$0.00B,$0.16B,0.0,$0.58B,$0.19B,32.87%,$0.58B,$0.05B,8.17%,$0.58B,$0.05B,8.17%,$0.58B,$0.06B,10.43%,$0.58B,$0.05B,8.17%,$0.58B,$0.03B,5.04%,$0.03B,$0.16B,19.30%,$0.03B,$0.16B,19.30%,$0.03B,$0.26B,11.63%,$0.05B,$0.16B,31.28%,$146,$96,$50,$0,$32,$132,$14,$-0,$14,$5,$9,$9,$9,$17,$14,$29,29,$0.31,$0.30,$25,$171,$13,$209,$42,$0,$0,$4,$46,$255,$75,$0,$3,$18,$93,$0,$232,$0,$162,$255,$21,$10,$1,$11,$0,$0,$0,$-23,$-23,$9,$-7,$0,$0,$0,$0,$0,$0,$-7,$0,$-0,$-0,$1,$1,$0,$1,$2,$4,$3,$0
36,2009-07-31,18.41,$5.31,3.47,$19.63,0.94,$0.99,18.6,$0.94,19.59,$0.21B,$0.08B,2.52,$0.00B,$0.15B,0.0,$0.57B,$0.19B,32.69%,$0.57B,$0.05B,7.91%,$0.57B,$0.05B,7.91%,$0.57B,$0.06B,10.37%,$0.57B,$0.05B,7.91%,$0.57B,$0.03B,4.92%,$0.03B,$0.15B,19.75%,$0.03B,$0.15B,19.75%,$0.03B,$0.25B,11.48%,$0.05B,$0.15B,31.75%,$123,$86,$37,$0,$31,$121,$2,$-0,$2,$1,$1,$1,$1,$5,$2,$29,29,$0.04,$0.04,$16,$175,$16,$206,$44,$0,$0,$4,$47,$254,$82,$0,$4,$20,$102,$0,$223,$0,$152,$254,$12,$7,$1,$8,$0,$0,$0,$-22,$-22,$-2,$-5,$0,$0,$0,$0,$0,$0,$-5,$0,$-0,$-0,$1,$1,$0,$0,$1,$-5,$2,$0
37,2009-04-30,20.85,$5.24,3.98,$19.90,1.05,$0.87,23.84,$1.07,19.49,$0.20B,$0.08B,2.46,$0.00B,$0.15B,0.0,$0.58B,$0.19B,33.16%,$0.58B,$0.05B,8.85%,$0.58B,$0.05B,8.85%,$0.58B,$0.07B,11.28%,$0.58B,$0.05B,8.85%,$0.58B,$0.03B,5.56%,$0.03B,$0.15B,23.97%,$0.03B,$0.15B,23.97%,$0.03B,$0.25B,13.18%,$0.05B,$0.15B,38.20%,$158,$105,$53,$0,$32,$140,$18,$-0,$18,$7,$11,$11,$11,$21,$18,$29,29,$0.38,$0.38,$35,$155,$15,$204,$45,$0,$0,$4,$49,$253,$83,$0,$4,$20,$103,$0,$222,$0,$150,$253,$11,$3,$1,$5,$0,$0,$0,$-0,$-0,$15,$-3,$0,$0,$0,$0,$0,$0,$-2,$0,$0,$0,$1,$1,$0,$0,$1,$14,$2,$0
38,2009-01-31,13.61,$4.78,2.84,$19.47,0.7,$0.50,27.47,$1.01,13.48,$0.19B,$0.08B,2.36,$0.00B,$0.14B,0.0,$0.56B,$0.19B,32.98%,$0.56B,$0.05B,8.51%,$0.56B,$0.05B,8.51%,$0.56B,$0.06B,11.17%,$0.56B,$0.05B,8.51%,$0.56B,$0.03B,5.32%,$0.03B,$0.14B,24.14%,$0.03B,$0.14B,24.14%,$0.03B,$0.24B,12.75%,$0.05B,$0.14B,38.63%,$148,$99,$49,$0,$32,$135,$13,$-0,$13,$5,$8,$8,$8,$17,$13,$29,29,$0.26,$0.27,$21,$152,$0,$186,$45,$0,$0,$1,$49,$235,$79,$0,$0,$20,$99,$0,$211,$0,$137,$235,$29,$14,$3,$17,$0,$-10,$0,$0,$-8,$39,$-14,$0,$0,$-0,$0,$-0,$0,$-14,$0,$0,$0,$-16,$-16,$0,$0,$-15,$10,$4,$0
39,2008-10-31,17.81,$4.48,3.98,$18.89,0.94,$0.62,28.54,$1.01,17.63,$0.19B,$0.09B,2.15,$0.00B,$0.13B,0.0,$0.56B,$0.18B,32.38%,$0.56B,$0.05B,8.41%,$0.56B,$0.05B,8.41%,$0.56B,$0.06B,10.91%,$0.56B,$0.05B,8.41%,$0.56B,$0.03B,5.37%,$0.03B,$0.13B,25.05%,$0.03B,$0.13B,25.05%,$0.03B,$0.23B,13.00%,$0.05B,$0.13B,39.25%,$140,$93,$47,$0,$31,$128,$12,$-0,$12,$4,$8,$8,$8,$16,$12,$28,29,$0.27,$0.26,$7,$162,$0,$185,$45,$0,$0,$0,$49,$234,$86,$0,$0,$20,$106,$0,$203,$0,$128,$234,$22,$10,$1,$12,$0,$0,$0,$-28,$-28,$6,$-9,$0,$0,$-0,$0,$-0,$0,$-9,$0,$15,$15,$-16,$-16,$0,$0,$-1,$-4,$3,$0
40,2008-07-31,21.05,$4.17,5.05,$18.16,1.16,$0.91,23.04,$1.00,21.05,$0.20B,$0.11B,1.81,$0.00B,$0.12B,0.0,$0.55B,$0.18B,32.06%,$0.55B,$0.05B,8.74%,$0.55B,$0.05B,8.74%,$0.55B,$0.06B,11.11%,$0.55B,$0.05B,8.74%,$0.55B,$0.03B,5.46%,$0.03B,$0.12B,24.59%,$0.03B,$0.12B,24.59%,$0.03B,$0.25B,13.14%,$0.05B,$0.12B,39.34%,$130,$88,$42,$0,$31,$122,$8,$-0,$8,$3,$5,$5,$5,$11,$8,$28,29,$0.17,$0.17,$14,$166,$0,$200,$45,$0,$0,$0,$49,$249,$110,$0,$0,$20,$130,$0,$196,$0,$119,$249,$14,$7,$2,$9,$0,$0,$0,$-27,$-27,$-4,$-5,$0,$0,$-0,$0,$-0,$0,$-5,$0,$30,$30,$-17,$-17,$0,$0,$13,$3,$2,$0
41,2008-04-30,18.26,$3.96,4.61,$17.26,1.06,$1.02,17.86,$0.98,18.63,$0.17B,$0.09B,1.94,$0.00B,$0.11B,0.0,$0.53B,$0.17B,32.08%,$0.53B,$0.05B,9.01%,$0.53B,$0.05B,9.01%,$0.53B,$0.06B,11.44%,$0.53B,$0.05B,9.01%,$0.53B,$0.03B,5.63%,$0.03B,$0.11B,23.86%,$0.03B,$0.11B,23.86%,$0.03B,$0.22B,13.47%,$0.05B,$0.11B,38.17%,$146,$98,$48,$0,$29,$130,$15,$-0,$15,$6,$9,$9,$9,$19,$15,$29,29,$0.33,$0.32,$7,$151,$0,$172,$46,$0,$0,$0,$51,$223,$89,$0,$0,$21,$110,$0,$191,$0,$113,$223,$9,$3,$1,$4,$0,$0,$0,$-9,$-9,$5,$-3,$0,$0,$-0,$0,$-0,$0,$-3,$0,$11,$11,$-17,$-17,$0,$0,$-6,$-4,$1,$0
42,2008-01-31,18.59,$4.04,4.6,$16.40,1.13,$0.88,21.25,$0.98,18.97,$0.17B,$0.08B,2.17,$0.00B,$0.12B,0.0,$0.52B,$0.17B,32.25%,$0.52B,$0.05B,9.40%,$0.52B,$0.05B,9.40%,$0.52B,$0.06B,11.71%,$0.52B,$0.05B,9.40%,$0.52B,$0.03B,5.95%,$0.03B,$0.12B,23.44%,$0.03B,$0.12B,23.44%,$0.03B,$0.22B,14.16%,$0.05B,$0.12B,37.05%,$143,$99,$44,$0,$29,$131,$12,$-0,$12,$4,$8,$8,$8,$15,$12,$31,32,$0.26,$0.24,$11,$141,$0,$166,$47,$0,$0,$0,$51,$217,$77,$0,$0,$21,$98,$0,$182,$0,$119,$217,$30,$12,$4,$16,$-1,$-16,$22,$2,$1,$48,$-16,$0,$0,$-0,$0,$-0,$0,$-17,$0,$0,$0,$-52,$-52,$0,$1,$-51,$-20,$4,$0
43,2007-10-31,23.59,$4.45,5.31,$16.51,1.43,$0.49,48.04,$1.11,21.25,$0.17B,$0.06B,2.73,$0.00B,$0.14B,0.0,$0.53B,$0.18B,33.46%,$0.53B,$0.06B,11.15%,$0.53B,$0.06B,11.15%,$0.53B,$0.07B,13.23%,$0.53B,$0.06B,11.15%,$0.53B,$0.04B,6.81%,$0.04B,$0.14B,26.33%,$0.04B,$0.14B,26.33%,$0.04B,$0.22B,16.51%,$0.06B,$0.14B,43.14%,$130,$87,$42,$0,$27,$117,$13,$0,$13,$5,$8,$8,$8,$16,$13,$31,32,$0.25,$0.25,$11,$149,$0,$173,$44,$0,$0,$0,$51,$224,$63,$0,$0,$23,$87,$0,$174,$0,$137,$224,$23,$9,$5,$14,$0,$-23,$11,$-0,$-21,$16,$-10,$0,$0,$-0,$0,$-0,$0,$-10,$0,$0,$0,$-25,$-25,$0,$1,$-25,$-20,$3,$0
44,2007-07-31,25.63,$4.32,5.94,$16.39,1.56,$0.31,83.54,$1.17,21.91,$0.18B,$0.07B,2.52,$0.00B,$0.13B,0.0,$0.53B,$0.18B,33.65%,$0.53B,$0.06B,11.72%,$0.53B,$0.06B,11.72%,$0.53B,$0.07B,13.61%,$0.53B,$0.06B,11.72%,$0.53B,$0.04B,7.18%,$0.04B,$0.13B,28.31%,$0.04B,$0.13B,28.31%,$0.04B,$0.23B,18.01%,$0.06B,$0.13B,46.18%,$114,$77,$37,$0,$27,$107,$8,$0,$8,$3,$5,$5,$5,$11,$8,$31,32,$0.15,$0.15,$10,$150,$0,$177,$43,$0,$0,$0,$50,$227,$70,$0,$0,$23,$93,$0,$166,$0,$134,$227,$15,$6,$2,$8,$-1,$-24,$10,$-3,$-24,$-1,$-6,$0,$0,$-0,$0,$-0,$0,$-6,$0,$6,$6,$-20,$-20,$0,$0,$-14,$-21,$2,$0
45,2007-04-30,29.15,$4.43,6.58,$15.98,1.82,$0.07,400.41,$1.14,25.57,$0.16B,$0.05B,3.16,$0.00B,$0.14B,0.0,$0.52B,$0.17B,33.53%,$0.52B,$0.06B,11.56%,$0.52B,$0.06B,11.56%,$0.52B,$0.07B,13.49%,$0.52B,$0.06B,11.75%,$0.52B,$0.04B,7.13%,$0.04B,$0.14B,28.14%,$0.04B,$0.14B,28.14%,$0.04B,$0.21B,18.29%,$0.06B,$0.14B,45.63%,$134,$89,$45,$0,$26,$118,$16,$0,$16,$6,$10,$10,$10,$19,$16,$32,32,$0.32,$0.32,$19,$133,$0,$164,$42,$0,$0,$0,$45,$208,$52,$0,$0,$17,$69,$0,$161,$0,$139,$208,$10,$3,$2,$5,$1,$-8,$-5,$-0,$-16,$-0,$-2,$0,$0,$-0,$0,$-0,$0,$-3,$0,$0,$0,$-9,$-9,$0,$0,$-9,$-12,$2,$0
46,2007-01-31,32.11,$4.30,7.46,$15.66,2.05,$0.11,299.53,$1.17,27.44,$0.17B,$0.06B,2.76,$0.00B,$0.14B,0.0,$0.51B,$0.17B,33.79%,$0.51B,$0.06B,12.11%,$0.51B,$0.06B,12.11%,$0.51B,$0.07B,14.06%,$0.51B,$0.06B,12.30%,$0.51B,$0.04B,7.62%,$0.04B,$0.14B,30.41%,$0.04B,$0.14B,30.41%,$0.04B,$0.21B,19.60%,$0.06B,$0.14B,48.34%,$151,$98,$53,$0,$29,$130,$22,$0,$22,$9,$13,$13,$13,$24,$22,$32,33,$0.41,$0.39,$30,$125,$0,$167,$43,$0,$0,$0,$46,$213,$60,$0,$0,$16,$76,$0,$152,$0,$137,$213,$38,$11,$1,$12,$0,$-16,$-4,$-2,$-13,$36,$-16,$0,$0,$13,$0,$13,$0,$-3,$0,$0,$0,$-30,$-30,$0,$1,$-29,$4,$3,$0
47,2006-10-31,29.24,$3.99,7.33,$14.54,2.01,$0.15,197.04,$1.07,27.33,$0.15B,$0.05B,2.81,$0.00B,$0.13B,0.0,$0.48B,$0.16B,33.40%,$0.48B,$0.06B,11.41%,$0.48B,$0.06B,11.41%,$0.48B,$0.07B,13.69%,$0.48B,$0.06B,11.62%,$0.48B,$0.04B,7.47%,$0.04B,$0.13B,28.74%,$0.04B,$0.13B,28.74%,$0.04B,$0.20B,18.49%,$0.06B,$0.13B,43.91%,$130,$87,$43,$0,$25,$114,$16,$0,$16,$6,$10,$10,$10,$18,$16,$32,32,$0.31,$0.31,$13,$131,$0,$152,$40,$0,$0,$0,$44,$196,$54,$0,$0,$15,$70,$0,$139,$0,$127,$196,$25,$8,$-1,$7,$-1,$-22,$-3,$1,$-22,$10,$-11,$0,$0,$13,$0,$13,$0,$2,$0,$0,$0,$-28,$-28,$0,$2,$-26,$-13,$2,$0
