,Date,Stock Price,Book Value per Share,Price to Book Ratio,TTM Sales per Share,Price to Sales Ratio,TTM FCF per Share,Price to FCF Ratio,TTM Net EPS,PE Ratio,Current Assets,Current Liabilities,Current Ratio,Long Term Debt,Shareholder's Equity_x,Debt to Equity Ratio,TTM Revenue_x,TTM Gross Profit,Gross Margin,TTM Revenue_y,TTM Operating Income,Operating Margin,TTM Revenue_x,TTM EBIT,EBIT Margin,TTM Revenue_y,TTM EBITDA,EBITDA Margin,TTM Revenue_x,TTM Pre-Tax Income,Pre-Tax Margin,TTM Revenue_y,TTM Net Income_x,Net Margin,TTM Net Income_y,Shareholder's Equity_y,Return on Equity,TTM Net Income_x,Tangible Equity,Return on Tangible Equity,TTM Net Income_y,Total Assets,Return on Assets,TTM Net Income,LT Investments & Debt,Return on Investment,revenue,cost-goods-sold,gross-profit,research-development-expenses,selling-general-administrative-expenses,operating-expenses,operating-income,total-non-operating-income-expense,pre-tax-income,total-provision-income-taxes,income-after-taxes,income-from-continuous-operations,net-income,ebitda,ebit,basic-shares-outstanding,shares-outstanding,eps-basic-net-earnings-per-share,eps-earnings-per-share-diluted,cash-on-hand,inventory,other-current-assets,total-current-assets,net-property-plant-equipment,long-term-investments,goodwill-intangible-assets-total,other-long-term-assets,total-long-term-assets,total-assets,total-current-liabilities,long-term-debt,other-non-current-liabilities,total-long-term-liabilities,total-liabilities,common-stock-net,retained-earnings-accumulated-deficit,comprehensive-income,total-share-holder-equity,total-liabilities-share-holders-equity,net-income-loss,total-depreciation-amortization-cash-flow,other-non-cash-items,total-non-cash-items,change-in-accounts-receivable,change-in-inventories,change-in-accounts-payable,change-in-assets-liabilities,total-change-in-assets-liabilities,cash-flow-from-operating-activities,net-change-in-property-plant-equipment,net-change-in-intangible-assets,net-acquisitions-divestitures,net-change-in-short-term-investments,net-change-in-long-term-investments,net-change-in-investments-total,investing-activities-other,cash-flow-from-investing-activities,net-long-term-debt,net-current-debt,debt-issuance-retirement-net-total,net-common-equity-issued-repurchased,net-total-equity-issued-repurchased,total-common-preferred-stock-dividends-paid,financial-activities-other,cash-flow-from-financial-activities,net-cash-flow,stock-based-compensation,common-stock-dividends-paid
0,2018-09-30,256.08,$42.44,6.03,$179.12,1.43,$14.32,17.88,$15.58,16.44,$1.86B,$1.63B,1.14,$1.28B,$1.83B,0.7,$7.97B,$1.56B,19.60%,$7.97B,$0.95B,11.95%,$7.97B,$0.97B,12.13%,$7.97B,$1.18B,14.81%,$7.97B,$0.94B,11.78%,$7.97B,$0.69B,8.63%,$0.69B,$1.83B,39.31%,$0.69B,$0.13B,1775.48%,$0.69B,$6.20B,10.87%,$0.95B,$3.11B,31.45%,$2083,$1593,$490,$0,$208,$1793,$290,$5,$295,$66,$229,$229,$229,$353,$298,$43,43,$5.29,$5.29,$68,$180,$1039,$1859,$2332,$0,$1697,$213,$4340,$6199,$1631,$1282,$612,$2743,$4374,$1,$2434,$-1070,$1825,$6199,$624,$160,$26,$186,$0,$3,$109,$-655,$-544,$266,$-290,$0,$0,$0,$-10,$-10,$33,$-267,$0,$0,$0,$-512,$-512,$-95,$-25,$-632,$-633,$27,$-95
1,2018-06-30,216.79,$39.06,5.55,$171.95,1.26,$18.41,11.77,$13.56,15.99,$2.15B,$1.51B,1.43,$1.28B,$1.70B,0.75,$7.75B,$1.49B,19.19%,$7.75B,$0.90B,11.66%,$7.75B,$0.92B,11.83%,$7.75B,$1.13B,14.55%,$7.75B,$0.86B,11.14%,$7.75B,$0.61B,7.84%,$0.61B,$1.70B,35.31%,$0.61B,$-0.01B,60800.00%,$0.61B,$6.38B,9.61%,$0.90B,$2.98B,30.11%,$2020,$1568,$452,$0,$209,$1763,$257,$5,$262,$23,$239,$239,$239,$313,$259,$44,44,$5.41,$5.40,$398,$174,$1078,$2152,$2258,$0,$1707,$166,$4223,$6375,$1509,$1281,$636,$3167,$4676,$1,$2236,$-1085,$1699,$6375,$395,$105,$18,$123,$0,$9,$78,$-257,$-159,$359,$-174,$0,$0,$0,$-10,$-10,$19,$-165,$0,$0,$0,$-408,$-408,$-64,$-25,$-497,$-303,$15,$-64
2,2018-03-31,256.95,$38.52,6.67,$166.92,1.54,$17.47,14.71,$11.37,22.6,$2.21B,$1.46B,1.51,$1.28B,$1.72B,0.75,$7.59B,$1.46B,19.21%,$7.59B,$0.89B,11.70%,$7.59B,$0.90B,11.86%,$7.59B,$1.11B,14.60%,$7.59B,$0.82B,10.80%,$7.59B,$0.52B,6.80%,$0.52B,$1.72B,30.18%,$0.52B,$0.00B,-2457.14%,$0.52B,$6.38B,8.22%,$0.89B,$3.00B,29.70%,$1874,$1495,$379,$0,$192,$1683,$191,$4,$195,$39,$156,$156,$156,$244,$193,$45,45,$3.48,$3.48,$528,$188,$1064,$2210,$2219,$0,$1716,$129,$4166,$6376,$1463,$1280,$614,$3195,$4658,$1,$2029,$-1098,$1718,$6376,$156,$51,$13,$64,$0,$-5,$56,$-151,$-100,$120,$-72,$0,$0,$0,$0,$0,$2,$-70,$0,$0,$0,$-166,$-166,$-32,$-25,$-223,$-173,$7,$-32
3,2017-12-31,234.31,$38.98,6.01,$162.25,1.44,$17.26,13.57,$10.45,22.42,$2.20B,$1.39B,1.58,$1.28B,$1.76B,0.73,$7.44B,$1.42B,19.12%,$7.44B,$0.87B,11.62%,$7.44B,$0.88B,11.79%,$7.44B,$1.09B,14.62%,$7.44B,$0.77B,10.37%,$7.44B,$0.48B,6.44%,$0.48B,$1.76B,28.35%,$0.48B,$0.03B,-874.89%,$0.48B,$6.37B,7.67%,$0.87B,$3.04B,29.12%,$1996,$1754,$242,$0,$29,$1781,$215,$-28,$187,$123,$64,$64,$64,$271,$217,$46,46,$1.41,$1.42,$701,$183,$759,$2195,$2215,$0,$1725,$125,$4179,$6374,$1391,$1279,$610,$3225,$4616,$1,$1687,$-900,$1758,$6374,$479,$211,$254,$465,$-35,$18,$102,$-215,$-130,$814,$-373,$0,$3,$0,$0,$0,$21,$-349,$0,$0,$0,$-286,$-286,$-115,$-83,$-484,$-19,$34,$-115
4,2017-09-30,224.42,$37.79,5.94,$159.39,1.41,$19.09,11.75,$13.24,16.95,$1.94B,$1.28B,1.52,$1.28B,$1.71B,0.75,$7.37B,$1.62B,22.03%,$7.37B,$0.92B,12.46%,$7.37B,$0.93B,12.58%,$7.37B,$1.13B,15.37%,$7.37B,$0.84B,11.35%,$7.37B,$0.61B,8.31%,$0.61B,$1.71B,36.80%,$0.61B,$-0.02B,-642.52%,$0.61B,$6.17B,9.81%,$0.92B,$2.99B,31.19%,$1863,$1448,$415,$0,$181,$1622,$241,$-21,$220,$71,$149,$149,$149,$300,$248,$45,46,$3.28,$3.27,$499,$183,$0,$1939,$2093,$0,$1735,$117,$4233,$6172,$1275,$1282,$547,$3185,$4460,$1,$1656,$-949,$1712,$6172,$415,$157,$38,$195,$0,$18,$33,$-307,$-230,$380,$-219,$0,$3,$0,$0,$0,$0,$-216,$0,$0,$0,$-247,$-247,$-82,$-56,$-385,$-221,$27,$-82
5,2017-06-30,183.96,$36.26,5.07,$154.10,1.19,$22.67,8.11,$12.24,15.03,$2.03B,$1.25B,1.63,$1.28B,$1.65B,0.78,$7.19B,$1.52B,21.20%,$7.19B,$0.85B,11.85%,$7.19B,$0.86B,11.97%,$7.19B,$1.06B,14.73%,$7.19B,$0.77B,10.76%,$7.19B,$0.57B,7.93%,$0.57B,$1.65B,34.58%,$0.57B,$-0.10B,-1617.02%,$0.57B,$6.19B,9.20%,$0.85B,$2.93B,29.11%,$1858,$1436,$422,$0,$182,$1617,$241,$-23,$218,$71,$147,$147,$147,$293,$242,$46,46,$3.22,$3.21,$553,$204,$0,$2033,$2034,$0,$1746,$110,$4157,$6190,$1247,$1281,$538,$3293,$4540,$1,$1534,$-919,$1650,$6190,$266,$105,$42,$147,$0,$5,$-2,$-160,$-129,$284,$-136,$0,$3,$0,$0,$0,$0,$-133,$0,$0,$0,$-207,$-207,$-55,$-56,$-318,$-167,$20,$-55
6,2017-03-31,197.27,$35.45,5.56,$149.32,1.32,$22.43,8.79,$11.83,16.68,$2.06B,$1.27B,1.62,$1.28B,$1.64B,0.78,$7.03B,$1.47B,20.90%,$7.03B,$0.83B,11.78%,$7.03B,$0.84B,11.89%,$7.03B,$1.03B,14.70%,$7.03B,$0.75B,10.73%,$7.03B,$0.56B,7.91%,$0.56B,$1.64B,33.93%,$0.56B,$-0.13B,1751.18%,$0.56B,$6.23B,9.09%,$0.83B,$2.92B,28.39%,$1724,$1380,$344,$0,$178,$1556,$168,$-21,$147,$28,$119,$119,$119,$224,$170,$46,46,$2.57,$2.56,$608,$230,$0,$2063,$1986,$0,$1771,$122,$4171,$6234,$1273,$1280,$532,$3323,$4596,$1,$1414,$-935,$1638,$6234,$119,$54,$47,$101,$0,$-20,$22,$-124,$-122,$98,$-58,$0,$0,$0,$0,$0,$0,$-58,$0,$0,$0,$-68,$-68,$-28,$-56,$-152,$-112,$6,$-28
7,2016-12-31,180.97,$35.78,5.06,$149.36,1.21,$21.93,8.25,$12.14,14.91,$2.14B,$1.34B,1.6,$1.28B,$1.65B,0.77,$7.07B,$1.46B,20.66%,$7.07B,$0.86B,12.14%,$7.07B,$0.86B,12.22%,$7.07B,$1.06B,14.93%,$7.07B,$0.78B,11.09%,$7.07B,$0.57B,8.11%,$0.57B,$1.65B,35.60%,$0.57B,$-0.13B,684.18%,$0.57B,$6.35B,9.50%,$0.86B,$2.93B,29.73%,$1922,$1480,$442,$0,$188,$1654,$268,$-17,$251,$54,$197,$197,$197,$315,$267,$47,47,$4.24,$4.20,$720,$210,$0,$2142,$1986,$0,$1782,$128,$4210,$6352,$1343,$1278,$531,$3356,$4699,$1,$1323,$-951,$1653,$6352,$573,$191,$107,$298,$-22,$75,$-41,$-61,$-49,$822,$-281,$0,$-372,$0,$0,$0,$0,$-653,$0,$0,$0,$-194,$-194,$-98,$-51,$-343,$-174,$36,$-98
8,2016-09-30,150.23,$35.53,4.23,$148.08,1.01,$25.06,5.99,$9.00,16.69,$2.34B,$1.23B,1.91,$1.28B,$1.65B,0.77,$7.05B,$1.37B,19.47%,$7.05B,$0.73B,10.41%,$7.05B,$0.74B,10.52%,$7.05B,$0.98B,13.83%,$7.05B,$0.61B,8.69%,$7.05B,$0.43B,6.04%,$0.43B,$1.65B,27.16%,$0.43B,$0.22B,338.77%,$0.43B,$6.01B,7.16%,$0.73B,$2.93B,25.81%,$1683,$1367,$316,$0,$147,$1508,$175,$-18,$157,$50,$107,$107,$107,$227,$181,$47,47,$2.28,$2.27,$957,$268,$0,$2344,$1841,$0,$1435,$135,$3664,$6008,$1228,$1277,$561,$3128,$4356,$1,$1154,$-808,$1652,$6008,$376,$143,$22,$165,$28,$17,$-42,$-126,$-64,$477,$-141,$0,$0,$0,$0,$0,$0,$-141,$0,$0,$0,$-152,$-152,$-70,$-51,$-273,$63,$22,$-70
9,2016-06-30,164.04,$34.37,4.77,$149.61,1.1,$25.67,6.39,$9.02,18.19,$2.20B,$1.14B,1.93,$1.28B,$1.61B,0.79,$7.17B,$1.40B,19.55%,$7.17B,$0.76B,10.59%,$7.17B,$0.77B,10.70%,$7.17B,$1.00B,13.95%,$7.17B,$0.63B,8.80%,$7.17B,$0.43B,6.00%,$0.43B,$1.61B,28.14%,$0.43B,$0.17B,625.45%,$0.43B,$5.86B,7.22%,$0.76B,$2.89B,27.01%,$1700,$1333,$367,$0,$151,$1483,$217,$-18,$199,$66,$133,$133,$133,$267,$218,$47,48,$2.83,$2.80,$852,$280,$0,$2197,$1813,$0,$1440,$127,$3662,$5859,$1141,$1276,$550,$3106,$4247,$1,$1069,$-821,$1612,$5859,$269,$97,$49,$146,$52,$5,$-130,$-119,$-192,$223,$-81,$0,$0,$0,$0,$0,$0,$-81,$0,$0,$0,$-86,$-86,$-48,$-50,$-184,$-42,$11,$-48
10,2016-03-31,133.25,$32.29,4.13,$149.58,0.89,$25.94,5.14,$9.42,14.15,$2.20B,$1.16B,1.91,$1.28B,$1.52B,0.84,$7.21B,$1.53B,21.25%,$7.21B,$0.81B,11.24%,$7.21B,$0.82B,11.37%,$7.21B,$1.11B,15.38%,$7.21B,$0.68B,9.37%,$7.21B,$0.45B,6.28%,$0.45B,$1.52B,30.27%,$0.45B,$0.08B,2237.04%,$0.45B,$5.90B,7.46%,$0.81B,$2.80B,29.11%,$1763,$1428,$335,$0,$137,$1565,$198,$-21,$177,$41,$136,$136,$136,$246,$198,$47,47,$2.89,$2.87,$793,$283,$0,$2203,$1809,$0,$1446,$125,$3693,$5896,$1155,$1275,$562,$3220,$4375,$1,$960,$-833,$1521,$5896,$136,$48,$7,$55,$-12,$2,$-112,$-30,$-137,$54,$-37,$0,$0,$0,$0,$0,$0,$-37,$0,$0,$0,$-44,$-44,$-24,$-50,$-118,$-101,$5,$-24
11,2015-12-31,122.97,$31.77,3.87,$144.63,0.85,$26.03,4.72,$8.34,14.74,$2.28B,$1.27B,1.79,$1.27B,$1.49B,0.85,$7.02B,$1.50B,21.41%,$7.02B,$0.77B,10.95%,$7.02B,$0.78B,11.10%,$7.02B,$1.07B,15.23%,$7.02B,$0.63B,9.00%,$7.02B,$0.40B,5.75%,$0.40B,$1.49B,27.65%,$0.40B,$0.04B,-868.82%,$0.40B,$6.02B,6.54%,$0.77B,$2.76B,27.17%,$1905,$1550,$355,$0,$196,$1761,$144,$-64,$80,$30,$50,$50,$50,$235,$145,$48,48,$1.10,$1.08,$894,$285,$0,$2284,$1827,$0,$1451,$126,$3740,$6024,$1274,$1273,$563,$3260,$4534,$1,$848,$-845,$1490,$6024,$404,$290,$56,$346,$-41,$54,$97,$1,$111,$861,$-156,$0,$-6,$0,$0,$0,$21,$-141,$-395,$0,$-395,$-232,$-232,$-81,$-108,$-816,$-96,$43,$-81
12,2015-09-30,103.48,$31.57,3.28,$144.27,0.72,$23.40,4.42,$8.33,12.42,$2.42B,$1.29B,1.87,$1.31B,$1.49B,0.88,$7.04B,$1.56B,22.08%,$7.04B,$0.77B,10.92%,$7.04B,$0.78B,11.06%,$7.04B,$1.07B,15.15%,$7.04B,$0.63B,8.96%,$7.04B,$0.41B,5.77%,$0.41B,$1.49B,28.39%,$0.41B,$-0.01B,-375.06%,$0.41B,$6.04B,6.52%,$0.77B,$2.80B,26.79%,$1800,$1456,$344,$0,$150,$1600,$200,$-25,$175,$64,$111,$111,$111,$252,$206,$48,48,$2.31,$2.29,$671,$308,$0,$2419,$1750,$0,$1501,$156,$3623,$6042,$1294,$1305,$561,$3258,$4552,$1,$821,$-826,$1490,$6042,$354,$200,$20,$220,$-245,$31,$108,$-40,$-146,$428,$-54,$0,$-6,$0,$0,$0,$21,$-39,$-395,$0,$-395,$-192,$-192,$-58,$-63,$-708,$-319,$29,$-58
13,2015-06-30,108.34,$30.87,3.51,$142.12,0.76,$20.23,5.36,$8.00,13.54,$2.69B,$1.59B,1.7,$1.31B,$1.49B,0.88,$6.96B,$1.56B,22.47%,$6.96B,$0.74B,10.63%,$6.96B,$0.75B,10.79%,$6.96B,$1.04B,14.99%,$6.96B,$0.60B,8.62%,$6.96B,$0.39B,5.62%,$0.39B,$1.49B,26.54%,$0.39B,$-0.02B,-393.95%,$0.39B,$6.31B,6.26%,$0.74B,$2.79B,24.66%,$1745,$1246,$499,$0,$173,$1476,$269,$-25,$244,$88,$156,$156,$156,$376,$271,$49,49,$3.22,$3.20,$960,$319,$0,$2694,$1757,$0,$1507,$125,$3618,$6312,$1589,$1305,$556,$3238,$4827,$1,$729,$-836,$1485,$6312,$243,$154,$-1,$153,$-211,$20,$25,$-42,$-220,$176,$-17,$0,$-6,$0,$0,$0,$21,$-2,$-21,$0,$-21,$-90,$-90,$-39,$-54,$-204,$-30,$21,$-39
14,2015-03-31,134.43,$28.40,4.73,$141.38,0.95,$17.11,7.86,$6.84,19.65,$2.63B,$1.33B,1.97,$1.59B,$1.38B,1.15,$6.93B,$1.42B,20.41%,$6.93B,$0.65B,9.40%,$6.93B,$0.66B,9.55%,$6.93B,$0.90B,12.98%,$6.93B,$0.51B,7.33%,$6.93B,$0.34B,4.83%,$0.34B,$1.38B,22.42%,$0.34B,$-0.19B,-296.46%,$0.34B,$6.32B,5.41%,$0.65B,$2.97B,20.93%,$1570,$1265,$305,$0,$150,$1414,$156,$-23,$133,$46,$87,$87,$87,$206,$157,$48,49,$1.80,$1.79,$904,$336,$0,$2628,$1768,$0,$1572,$127,$3691,$6319,$1332,$1592,$557,$3607,$4939,$1,$593,$-849,$1380,$6319,$87,$49,$2,$51,$-189,$3,$39,$19,$-128,$10,$12,$0,$-6,$0,$0,$0,$0,$6,$0,$0,$0,$-29,$-29,$-19,$-54,$-102,$-86,$4,$-19
15,2014-12-31,107.57,$28.26,3.81,$141.21,0.76,$11.87,9.06,$6.86,15.68,$2.42B,$1.31B,1.84,$1.56B,$1.37B,1.14,$6.96B,$1.42B,20.37%,$6.96B,$0.66B,9.41%,$6.96B,$0.67B,9.57%,$6.96B,$0.92B,13.20%,$6.96B,$0.51B,7.29%,$6.96B,$0.34B,4.86%,$0.34B,$1.37B,21.96%,$0.34B,$-0.21B,-907.38%,$0.34B,$6.24B,5.51%,$0.66B,$2.93B,20.55%,$1927,$1520,$407,$0,$217,$1783,$144,$-65,$79,$27,$52,$52,$52,$233,$145,$49,49,$1.08,$1.05,$990,$339,$0,$2417,$1792,$0,$1573,$99,$3822,$6239,$1312,$1562,$554,$3562,$4874,$1,$525,$-862,$1365,$6239,$338,$252,$77,$329,$140,$53,$-86,$3,$88,$755,$-165,$0,$-272,$0,$0,$0,$0,$-437,$-79,$0,$-79,$-136,$-136,$-49,$-107,$-371,$-53,$34,$-49
16,2014-09-30,99.32,$34.27,2.9,$140.58,0.71,$1.83,54.29,$7.63,13.02,$2.38B,$1.23B,1.93,$1.65B,$1.66B,0.99,$6.97B,$1.38B,19.82%,$6.97B,$0.69B,9.83%,$6.97B,$0.70B,9.99%,$6.97B,$0.94B,13.46%,$6.97B,$0.57B,8.19%,$6.97B,$0.38B,5.41%,$0.38B,$1.66B,23.89%,$0.38B,$0.03B,881.87%,$0.38B,$6.13B,6.15%,$0.69B,$3.31B,21.01%,$1717,$1364,$353,$0,$189,$1546,$171,$-27,$144,$48,$96,$96,$96,$228,$178,$49,49,$1.97,$1.96,$769,$272,$0,$2380,$1852,$0,$1637,$127,$3745,$6125,$1234,$1650,$523,$3229,$4463,$1,$492,$-506,$1662,$6125,$286,$164,$8,$172,$34,$41,$-186,$-44,$-144,$314,$-91,$0,$-272,$0,$0,$0,$0,$-363,$-36,$0,$-36,$-110,$-110,$-30,$-49,$-225,$-274,$22,$-30
17,2014-06-30,89.97,$32.28,2.79,$137.89,0.65,$-5.51,0.0,$7.03,12.8,$2.33B,$1.27B,1.84,$1.68B,$1.57B,1.07,$6.89B,$1.33B,19.34%,$6.89B,$0.64B,9.31%,$6.89B,$0.65B,9.49%,$6.89B,$0.91B,13.15%,$6.89B,$0.53B,7.64%,$6.89B,$0.35B,5.08%,$0.35B,$1.57B,25.06%,$0.35B,$-0.08B,-421.69%,$0.35B,$6.08B,5.67%,$0.64B,$3.25B,20.66%,$1719,$1369,$350,$0,$170,$1538,$181,$-29,$152,$52,$100,$100,$100,$233,$182,$49,49,$2.05,$2.04,$592,$294,$0,$2327,$1850,$0,$1646,$130,$3753,$6080,$1267,$1679,$534,$3244,$4511,$1,$406,$-509,$1569,$6080,$190,$114,$-8,$106,$-38,$18,$-131,$-87,$-238,$58,$-51,$0,$-273,$0,$0,$0,$0,$-324,$-14,$0,$-14,$-102,$-102,$-20,$-49,$-185,$-451,$11,$-20
18,2014-03-31,97.07,$31.73,3.06,$136.07,0.71,$-13.38,0.0,$6.11,15.89,$2.54B,$1.24B,2.05,$1.70B,$1.56B,1.09,$6.85B,$1.28B,18.70%,$6.85B,$0.58B,8.41%,$6.85B,$0.59B,8.61%,$6.85B,$0.84B,12.22%,$6.85B,$0.46B,6.73%,$6.85B,$0.31B,4.48%,$0.31B,$1.56B,25.11%,$0.31B,$0.11B,-153.50%,$0.31B,$6.11B,4.98%,$0.58B,$3.26B,19.53%,$1594,$1287,$307,$0,$150,$1435,$159,$-27,$132,$42,$90,$90,$90,$224,$161,$49,50,$1.83,$1.81,$742,$315,$0,$2544,$1856,$0,$1450,$131,$3563,$6107,$1240,$1700,$528,$3306,$4546,$1,$316,$-515,$1561,$6107,$90,$63,$3,$66,$-162,$-2,$-197,$-17,$-370,$-214,$-24,$0,$-46,$0,$0,$0,$0,$-70,$0,$0,$0,$-9,$-9,$-10,$2,$-17,$-301,$5,$-10
19,2013-12-31,85.28,$31.23,2.73,$135.05,0.63,$-16.39,0.0,$5.17,16.5,$2.68B,$1.39B,1.92,$1.70B,$1.52B,1.12,$6.82B,$1.24B,18.14%,$6.82B,$0.51B,7.51%,$6.82B,$0.53B,7.71%,$6.82B,$0.76B,11.16%,$6.82B,$0.39B,5.78%,$6.82B,$0.26B,3.83%,$0.26B,$1.52B,25.87%,$0.26B,$0.11B,-64.17%,$0.26B,$6.23B,4.21%,$0.51B,$3.22B,18.58%,$1938,$1567,$371,$0,$198,$1764,$174,$-31,$143,$52,$91,$91,$91,$253,$175,$50,50,$1.85,$1.83,$1043,$311,$0,$2676,$1897,$0,$1409,$119,$3549,$6225,$1392,$1700,$523,$3312,$4704,$1,$236,$-521,$1521,$6225,$261,$235,$-33,$202,$-218,$51,$69,$-101,$-227,$236,$-139,$0,$0,$0,$0,$0,$58,$-81,$-51,$0,$-51,$-112,$-112,$-25,$19,$-169,$-14,$44,$-25
20,2013-09-30,63.55,$18.89,3.36,$132.99,0.48,$-14.92,0.0,$4.33,14.68,$2.53B,$1.40B,1.81,$1.74B,$0.94B,1.86,$6.71B,$1.22B,18.15%,$6.71B,$0.44B,6.62%,$6.71B,$0.46B,6.88%,$6.71B,$0.67B,9.96%,$6.71B,$0.33B,4.89%,$6.71B,$0.22B,3.28%,$0.22B,$0.94B,27.66%,$0.22B,$-0.48B,-35.19%,$0.22B,$6.28B,3.52%,$0.44B,$2.68B,17.33%,$1637,$1333,$304,$0,$186,$1510,$127,$-28,$99,$30,$69,$69,$69,$196,$136,$50,51,$1.38,$1.36,$895,$340,$0,$2531,$1964,$0,$1413,$123,$3748,$6279,$1402,$1743,$461,$3942,$5344,$1,$155,$-1078,$935,$6279,$170,$157,$26,$183,$-150,$-102,$12,$-150,$-409,$-56,$-85,$0,$0,$0,$0,$0,$58,$-27,$-22,$0,$-22,$-47,$-47,$-15,$5,$-79,$-162,$28,$-15
21,2013-06-30,53.09,$17.53,3.03,$132.37,0.4,$-14.78,0.0,$3.23,16.44,$2.27B,$1.22B,1.86,$1.77B,$0.87B,2.02,$6.66B,$1.14B,17.05%,$6.66B,$0.38B,5.75%,$6.66B,$0.40B,5.97%,$6.66B,$0.59B,8.88%,$6.66B,$0.27B,3.99%,$6.66B,$0.16B,2.46%,$0.16B,$0.87B,19.97%,$0.16B,$-0.55B,-27.55%,$0.16B,$6.05B,2.67%,$0.38B,$2.64B,14.73%,$1683,$1384,$299,$0,$185,$1567,$116,$-29,$87,$30,$57,$57,$57,$164,$118,$50,51,$1.14,$1.12,$623,$321,$0,$2269,$1990,$0,$1418,$117,$3778,$6047,$1220,$1765,$470,$3954,$5174,$1,$91,$-1096,$873,$6047,$101,$97,$44,$141,$-196,$-25,$-146,$-212,$-579,$-337,$-55,$0,$0,$0,$0,$0,$0,$-55,$-13,$0,$-13,$-22,$-22,$-10,$3,$-42,$-434,$19,$-10
22,2013-03-31,49.94,$14.08,3.55,$133.52,0.37,$-11.73,0.0,$3.11,16.06,$2.39B,$1.18B,2.03,$1.78B,$0.71B,2.52,$6.70B,$1.12B,16.64%,$6.70B,$0.37B,5.57%,$6.70B,$0.39B,5.82%,$6.70B,$0.59B,8.73%,$6.70B,$0.26B,3.82%,$6.70B,$0.16B,2.34%,$0.16B,$0.71B,18.44%,$0.16B,$-0.72B,-28.00%,$0.16B,$6.25B,2.58%,$0.37B,$2.49B,14.12%,$1562,$1299,$263,$0,$170,$1467,$95,$-30,$65,$21,$44,$44,$44,$148,$97,$50,50,$0.88,$0.87,$652,$310,$0,$2391,$2004,$0,$1423,$116,$3860,$6251,$1177,$1779,$465,$4367,$5544,$1,$39,$-1224,$707,$6251,$44,$51,$20,$71,$-294,$-17,$-194,$28,$-477,$-362,$-30,$0,$0,$0,$0,$0,$0,$-30,$-13,$0,$-13,$2,$2,$-5,$3,$-13,$-405,$9,$-5
23,2012-12-31,40.41,$13.45,3.01,$134.14,0.3,$-11.13,0.0,$2.91,13.89,$2.48B,$1.38B,1.8,$1.78B,$0.67B,2.67,$6.71B,$1.08B,16.09%,$6.71B,$0.36B,5.34%,$6.71B,$0.38B,5.61%,$6.71B,$0.57B,8.48%,$6.71B,$0.24B,3.59%,$6.71B,$0.15B,2.18%,$0.15B,$0.67B,16.15%,$0.15B,$-0.76B,-28.98%,$0.15B,$6.39B,2.44%,$0.36B,$2.45B,13.23%,$1823,$1472,$351,$0,$249,$1717,$106,$-29,$77,$27,$50,$50,$50,$160,$110,$49,50,$1.02,$0.98,$1057,$288,$0,$2484,$2034,$0,$1429,$116,$3908,$6392,$1384,$1779,$462,$4341,$5725,$0,$0,$-1226,$667,$6392,$146,$193,$43,$236,$-194,$116,$-14,$-37,$-50,$332,$-162,$0,$0,$0,$0,$0,$0,$-162,$-29,$0,$-29,$6,$6,$-5,$0,$-28,$142,$41,$-5
24,2012-09-30,39.02,$20.93,1.86,$133.31,0.29,$-7.74,0.0,$3.32,11.75,$2.23B,$1.24B,1.8,$1.79B,$1.04B,1.73,$6.62B,$0.99B,14.92%,$6.62B,$0.37B,5.53%,$6.62B,$0.39B,5.85%,$6.62B,$0.57B,8.58%,$6.62B,$0.25B,3.76%,$6.62B,$0.16B,2.40%,$0.16B,$1.04B,16.70%,$0.16B,$-0.36B,-34.53%,$0.16B,$5.86B,2.70%,$0.37B,$2.83B,13.23%,$1596,$1373,$223,$0,$164,$1530,$66,$-29,$37,$24,$13,$13,$13,$120,$73,$50,50,$0.26,$0.26,$766,$332,$0,$2226,$1988,$0,$1396,$122,$3637,$5863,$1239,$1794,$436,$3586,$4825,$0,$-45,$-804,$1038,$5863,$96,$143,$70,$213,$-172,$57,$-134,$-101,$-350,$-41,$-92,$0,$0,$0,$0,$0,$0,$-92,$-22,$0,$-22,$6,$6,$0,$0,$-16,$-149,$25,$0
25,2012-06-30,37.34,$20.08,1.86,$134.16,0.28,$-6.43,0.0,$-2.01,0.0,$2.17B,$1.22B,1.78,$1.81B,$0.99B,1.82,$6.62B,$1.02B,15.40%,$6.62B,$0.11B,1.66%,$6.62B,$0.13B,2.01%,$6.62B,$0.62B,9.31%,$6.62B,$-0.01B,-0.12%,$6.62B,$-0.10B,-1.54%,$-0.10B,$0.99B,-10.39%,$-0.10B,$-0.41B,23.52%,$-0.10B,$5.81B,-1.74%,$0.11B,$2.80B,3.92%,$1721,$1443,$278,$0,$176,$1615,$106,$-29,$77,$27,$50,$50,$50,$157,$110,$50,50,$1.01,$1.00,$669,$357,$0,$2167,$1992,$0,$1401,$96,$3645,$5812,$1217,$1808,$413,$3601,$4818,$0,$-58,$-821,$994,$5812,$83,$96,$17,$113,$-167,$25,$-158,$-103,$-374,$-178,$-57,$0,$0,$0,$0,$0,$0,$-57,$-15,$0,$-15,$4,$4,$0,$0,$-11,$-246,$16,$0
26,2012-03-31,37.34,$18.57,2.01,$131.32,0.28,$-7.00,0.0,$-2.21,0.0,$2.16B,$1.25B,1.72,$1.82B,$0.92B,1.99,$6.46B,$1.00B,15.44%,$6.46B,$0.10B,1.47%,$6.46B,$0.12B,1.83%,$6.46B,$0.60B,9.32%,$6.46B,$-0.02B,-0.37%,$6.46B,$-0.11B,-1.73%,$-0.11B,$0.92B,-10.32%,$-0.11B,$-0.49B,27.52%,$-0.11B,$5.82B,-1.90%,$0.10B,$2.74B,3.25%,$1568,$1341,$227,$0,$150,$1488,$80,$-30,$50,$17,$33,$33,$33,$132,$83,$49,50,$0.67,$0.67,$551,$384,$0,$2156,$2005,$0,$1406,$94,$3668,$5824,$1252,$1822,$413,$3654,$4906,$0,$-108,$-834,$918,$5824,$33,$49,$8,$57,$-243,$5,$-125,$-73,$-419,$-329,$-27,$0,$0,$0,$0,$0,$0,$-27,$-8,$0,$-8,$0,$0,$0,$0,$-8,$-364,$8,$0
27,2011-12-31,29.02,$17.60,1.65,$134.15,0.22,$-8.56,0.0,$-1.96,0.0,$2.27B,$1.37B,1.65,$1.83B,$0.86B,2.13,$6.58B,$1.00B,15.27%,$6.58B,$0.10B,1.52%,$6.58B,$0.12B,1.83%,$6.58B,$0.60B,9.13%,$6.58B,$-0.00B,-0.06%,$6.58B,$-0.10B,-1.52%,$-0.10B,$0.86B,-8.36%,$-0.10B,$-0.59B,26.77%,$-0.10B,$6.07B,-1.70%,$0.10B,$2.69B,3.29%,$1735,$1475,$260,$0,$163,$1621,$114,$-29,$85,$22,$63,$63,$63,$159,$121,$49,49,$1.29,$1.30,$915,$380,$0,$2268,$2033,$0,$1448,$97,$3801,$6069,$1372,$1830,$410,$3838,$5210,$0,$-146,$-862,$859,$6069,$-100,$480,$66,$546,$17,$-87,$50,$102,$82,$528,$-197,$0,$0,$0,$0,$0,$0,$-197,$1753,$-954,$799,$2,$2,$-1429,$1212,$584,$915,$42,$-1429
