,Date,Stock Price,Book Value per Share,Price to Book Ratio,TTM Sales per Share,Price to Sales Ratio,TTM FCF per Share,Price to FCF Ratio,TTM Net EPS,PE Ratio,Current Assets,Current Liabilities,Current Ratio,Long Term Debt,Shareholder's Equity_x,Debt to Equity Ratio,TTM Revenue_x,TTM Gross Profit,Gross Margin,TTM Revenue_y,TTM Operating Income,Operating Margin,TTM Revenue_x,TTM EBIT,EBIT Margin,TTM Revenue_y,TTM EBITDA,EBITDA Margin,TTM Revenue_x,TTM Pre-Tax Income,Pre-Tax Margin,TTM Revenue_y,TTM Net Income_x,Net Margin,TTM Net Income_y,Shareholder's Equity_y,Return on Equity,TTM Net Income_x,Tangible Equity,Return on Tangible Equity,TTM Net Income_y,Total Assets,Return on Assets,TTM Net Income,LT Investments & Debt,Return on Investment,revenue,cost-goods-sold,gross-profit,research-development-expenses,selling-general-administrative-expenses,operating-expenses,operating-income,total-non-operating-income-expense,pre-tax-income,total-provision-income-taxes,income-after-taxes,income-from-continuous-operations,net-income,ebitda,ebit,basic-shares-outstanding,shares-outstanding,eps-basic-net-earnings-per-share,eps-earnings-per-share-diluted,cash-on-hand,inventory,other-current-assets,total-current-assets,net-property-plant-equipment,long-term-investments,goodwill-intangible-assets-total,other-long-term-assets,total-long-term-assets,total-assets,total-current-liabilities,long-term-debt,other-non-current-liabilities,total-long-term-liabilities,total-liabilities,common-stock-net,retained-earnings-accumulated-deficit,comprehensive-income,total-share-holder-equity,total-liabilities-share-holders-equity,net-income-loss,total-depreciation-amortization-cash-flow,other-non-cash-items,total-non-cash-items,change-in-accounts-receivable,change-in-inventories,change-in-accounts-payable,change-in-assets-liabilities,total-change-in-assets-liabilities,cash-flow-from-operating-activities,net-change-in-property-plant-equipment,net-change-in-intangible-assets,net-acquisitions-divestitures,net-change-in-short-term-investments,net-change-in-long-term-investments,net-change-in-investments-total,investing-activities-other,cash-flow-from-investing-activities,net-long-term-debt,net-current-debt,debt-issuance-retirement-net-total,net-common-equity-issued-repurchased,net-total-equity-issued-repurchased,total-common-preferred-stock-dividends-paid,financial-activities-other,cash-flow-from-financial-activities,net-cash-flow,stock-based-compensation,common-stock-dividends-paid
0,2015-09-30,7.54,$2.54,2.97,$4.30,1.75,$0.27,28.14,$0.20,37.69,$0.68B,$0.34B,1.99,$0.00B,$0.44B,0.0,$0.74B,$0.18B,24.02%,$0.74B,$0.05B,6.21%,$0.74B,$0.05B,6.21%,$0.74B,$0.06B,8.10%,$0.74B,$0.05B,6.34%,$0.74B,$0.04B,4.86%,$0.04B,$0.44B,7.89%,$0.04B,$0.40B,8.49%,$0.04B,$0.79B,4.46%,$0.05B,$0.44B,10.08%,$188,$144,$44,$32,$11,$188,$1,$-1,$0,$0,$0,$0,$1,$1,$1,$173,173,$0.01,$0.01,$306,$178,$0,$680,$56,$15,$32,$2,$106,$786,$341,$0,$4,$8,$349,$107,$233,$-1,$436,$786,$16,$11,$10,$21,$51,$-19,$-67,$-2,$-40,$-3,$-6,$0,$0,$-17,$-2,$-19,$-1,$-26,$0,$0,$0,$1,$1,$-51,$1,$-49,$-79,$2,$-51
1,2015-06-30,7.6,$2.55,2.97,$4.64,1.64,$0.60,12.76,$0.28,27.13,$0.69B,$0.35B,1.98,$0.00B,$0.44B,0.0,$0.80B,$0.20B,24.59%,$0.80B,$0.06B,7.65%,$0.80B,$0.06B,7.65%,$0.80B,$0.08B,9.41%,$0.80B,$0.06B,7.78%,$0.80B,$0.05B,6.15%,$0.05B,$0.44B,10.62%,$0.05B,$0.41B,11.42%,$0.05B,$0.79B,6.05%,$0.06B,$0.44B,13.22%,$181,$140,$42,$30,$11,$181,$1,$1,$2,$0,$1,$1,$2,$12,$1,$172,173,$0.01,$0.01,$295,$190,$0,$690,$54,$15,$32,$2,$104,$794,$349,$0,$4,$8,$357,$107,$238,$-0,$437,$794,$19,$7,$7,$15,$37,$-29,$-54,$-0,$-51,$-17,$-4,$0,$0,$-1,$-2,$-3,$-0,$-7,$0,$0,$0,$-0,$-0,$0,$0,$-0,$-24,$1,$0
2,2015-03-31,5.77,$0.00,0.0,$4.79,1.2,$0.87,6.65,$0.37,15.61,$0.71B,$0.33B,2.17,$0.00B,$0.48B,0.0,$0.82B,$0.20B,24.64%,$0.82B,$0.07B,8.50%,$0.82B,$0.07B,8.50%,$0.82B,$0.09B,10.32%,$0.82B,$0.08B,9.83%,$0.82B,$0.06B,7.77%,$0.06B,$0.48B,13.82%,$0.06B,$0.45B,14.85%,$0.06B,$0.82B,7.94%,$0.07B,$0.48B,15.11%,$163,$126,$37,$30,$10,$166,$-3,$-1,$-4,$-1,$-3,$-3,$-3,$20,$-3,$172,173,$-0.02,$-0.02,$309,$186,$26,$714,$0,$15,$32,$2,$50,$818,$329,$0,$6,$6,$334,$107,$281,$0,$484,$818,$12,$4,$3,$7,$27,$-22,$-31,$1,$-23,$-4,$-2,$0,$0,$0,$-4,$-4,$-0,$-5,$0,$0,$0,$-0,$-0,$0,$0,$-0,$-9,$1,$0
3,2014-12-31,7.35,$2.74,2.69,$4.88,1.51,$0.94,7.83,$0.39,18.85,$0.73B,$0.36B,2.05,$0.00B,$0.47B,0.0,$0.84B,$0.21B,24.40%,$0.84B,$0.07B,8.69%,$0.84B,$0.07B,8.69%,$0.84B,$0.09B,10.48%,$0.84B,$0.09B,10.12%,$0.84B,$0.07B,7.98%,$0.07B,$0.47B,14.59%,$0.07B,$0.44B,15.70%,$0.07B,$0.83B,8.47%,$0.07B,$0.47B,15.90%,$181,$136,$45,$29,$11,$177,$4,$23,$27,$4,$23,$23,$24,$27,$4,$172,172,$0.14,$0.14,$318,$166,$0,$730,$57,$11,$32,$2,$103,$833,$355,$0,$5,$9,$365,$107,$268,$-0,$468,$833,$64,$15,$3,$15,$-19,$3,$28,$1,$12,$94,$-11,$0,$0,$-2,$21,$19,$2,$11,$0,$0,$0,$-1,$-1,$-46,$1,$-46,$58,$2,$-46
4,2014-09-30,9.26,$0.00,0.0,$4.70,1.97,$0.66,14.12,$0.39,23.74,$0.69B,$0.34B,2.04,$0.00B,$0.46B,0.0,$0.81B,$0.20B,24.50%,$0.81B,$0.07B,8.54%,$0.81B,$0.07B,8.54%,$0.81B,$0.08B,10.40%,$0.81B,$0.08B,10.02%,$0.81B,$0.07B,8.29%,$0.07B,$0.46B,14.74%,$0.07B,$0.42B,15.90%,$0.07B,$0.80B,8.67%,$0.07B,$0.46B,15.18%,$197,$147,$50,$35,$12,$194,$3,$0,$4,$1,$3,$3,$4,$16,$3,$172,172,$0.02,$0.02,$288,$157,$22,$686,$0,$13,$33,$2,$51,$795,$336,$0,$3,$3,$339,$107,$253,$0,$456,$795,$49,$11,$-3,$8,$-18,$15,$5,$0,$-2,$55,$-9,$0,$0,$-2,$20,$17,$-0,$8,$0,$0,$0,$-1,$-1,$-46,$1,$-46,$17,$1,$-46
5,2014-06-30,6.0,$0.00,0.0,$4.53,1.32,$0.62,9.73,$0.39,15.38,$0.67B,$0.33B,2.03,$0.00B,$0.45B,0.0,$0.78B,$0.19B,24.78%,$0.78B,$0.07B,8.99%,$0.78B,$0.07B,8.99%,$0.78B,$0.09B,11.04%,$0.78B,$0.08B,10.65%,$0.78B,$0.07B,8.73%,$0.07B,$0.45B,15.14%,$0.07B,$0.41B,16.36%,$0.07B,$0.78B,8.91%,$0.07B,$0.45B,15.58%,$152,$116,$36,$28,$9,$153,$-1,$-0,$-1,$-0,$-1,$-1,$-1,$22,$-1,$172,172,$-0.00,$-0.00,$281,$166,$21,$667,$0,$13,$33,$2,$50,$777,$329,$0,$3,$3,$332,$107,$241,$0,$445,$777,$39,$7,$0,$7,$0,$0,$0,$0,$0,$32,$-6,$0,$0,$0,$0,$-12,$30,$11,$0,$0,$0,$0,$0,$0,$-0,$-0,$42,$0,$0
6,2014-03-31,10.07,$0.00,0.0,$4.59,2.19,$0.56,17.98,$0.36,27.98,$0.65B,$0.29B,2.24,$0.00B,$0.47B,0.0,$0.79B,$0.20B,24.94%,$0.79B,$0.08B,9.62%,$0.79B,$0.08B,9.62%,$0.79B,$0.09B,11.52%,$0.79B,$0.08B,9.87%,$0.79B,$0.06B,7.97%,$0.06B,$0.47B,14.24%,$0.06B,$0.44B,15.42%,$0.06B,$0.76B,8.37%,$0.08B,$0.47B,17.18%,$155,$119,$36,$25,$9,$154,$2,$-1,$1,$0,$1,$1,$1,$23,$2,$172,172,$0.01,$0.01,$248,$172,$23,$648,$0,$17,$33,$2,$53,$760,$289,$0,$3,$3,$292,$107,$263,$0,$468,$760,$15,$4,$0,$4,$0,$0,$0,$0,$-13,$9,$-3,$0,$0,$0,$0,$5,$0,$2,$0,$0,$0,$0,$0,$0,$0,$0,$12,$0,$0
7,2013-12-31,12.86,$2.63,4.89,$4.49,2.87,$0.67,19.32,$0.35,36.74,$0.64B,$0.30B,2.11,$0.00B,$0.45B,0.0,$0.77B,$0.19B,24.90%,$0.77B,$0.07B,9.60%,$0.77B,$0.07B,9.60%,$0.77B,$0.09B,11.41%,$0.77B,$0.08B,9.86%,$0.77B,$0.06B,7.91%,$0.06B,$0.45B,13.99%,$0.06B,$0.42B,15.20%,$0.06B,$0.76B,8.26%,$0.07B,$0.45B,16.97%,$203,$165,$39,$22,$10,$197,$7,$0,$7,$4,$4,$4,$4,$23,$7,$172,172,$0.03,$0.03,$236,$177,$25,$640,$136,$22,$33,$2,$195,$759,$304,$0,$3,$7,$311,$107,$248,$-0,$449,$759,$56,$14,$20,$14,$8,$-71,$16,$-2,$-38,$52,$-18,$0,$-0,$-1,$-9,$-12,$-1,$-31,$0,$0,$0,$9,$10,$-42,$-1,$-33,$-11,$2,$-42
8,2013-09-30,8.74,$0.00,0.0,$4.47,1.96,$0.74,11.89,$0.34,25.71,$0.64B,$0.32B,2.0,$0.00B,$0.44B,0.0,$0.77B,$0.19B,24.38%,$0.77B,$0.07B,9.65%,$0.77B,$0.07B,9.65%,$0.77B,$0.09B,11.47%,$0.77B,$0.07B,9.65%,$0.77B,$0.06B,7.69%,$0.06B,$0.44B,13.70%,$0.06B,$0.40B,14.95%,$0.06B,$0.76B,8.22%,$0.07B,$0.44B,17.18%,$218,$162,$56,$29,$12,$203,$15,$-0,$15,$1,$13,$13,$14,$18,$15,$172,172,$0.08,$0.08,$249,$160,$26,$636,$0,$18,$34,$4,$61,$757,$319,$0,$3,$3,$321,$107,$232,$0,$435,$757,$42,$10,$0,$10,$0,$0,$0,$0,$-11,$54,$-14,$0,$0,$0,$0,$-8,$-0,$-22,$0,$0,$0,$0,$5,$-42,$0,$-38,$-6,$0,$0
9,2013-06-30,4.36,$0.00,0.0,$4.46,0.98,$0.48,9.15,$0.33,13.22,$0.61B,$0.31B,1.96,$0.00B,$0.42B,0.0,$0.76B,$0.18B,23.82%,$0.76B,$0.07B,9.55%,$0.76B,$0.07B,9.55%,$0.76B,$0.09B,11.26%,$0.76B,$0.07B,9.55%,$0.76B,$0.06B,7.46%,$0.06B,$0.42B,13.40%,$0.06B,$0.38B,14.66%,$0.06B,$0.73B,8.24%,$0.07B,$0.42B,17.16%,$201,$149,$52,$22,$9,$179,$22,$1,$23,$3,$19,$19,$20,$27,$22,$172,172,$0.12,$0.12,$221,$143,$29,$612,$0,$18,$35,$4,$62,$733,$312,$0,$3,$3,$315,$107,$220,$0,$418,$733,$31,$7,$0,$7,$0,$0,$0,$0,$-20,$27,$-11,$0,$0,$0,$0,$-5,$-3,$-19,$0,$0,$0,$0,$0,$0,$0,$0,$8,$0,$0
10,2013-03-31,4.54,$0.00,0.0,$4.37,1.04,$0.41,11.11,$0.31,14.63,$0.59B,$0.26B,2.26,$0.00B,$0.44B,0.0,$0.75B,$0.18B,23.43%,$0.75B,$0.07B,9.24%,$0.75B,$0.07B,9.24%,$0.75B,$0.08B,10.98%,$0.75B,$0.07B,9.24%,$0.75B,$0.05B,7.10%,$0.05B,$0.44B,12.56%,$0.05B,$0.41B,13.71%,$0.05B,$0.70B,7.83%,$0.07B,$0.44B,16.35%,$180,$133,$47,$23,$9,$165,$15,$-0,$15,$2,$13,$13,$13,$20,$15,$172,172,$0.08,$0.08,$233,$138,$80,$588,$0,$18,$36,$1,$59,$704,$260,$0,$3,$3,$263,$107,$243,$0,$442,$705,$13,$3,$0,$3,$0,$0,$0,$0,$9,$29,$-5,$0,$0,$0,$0,$-5,$0,$-10,$0,$0,$0,$0,$0,$0,$0,$0,$20,$0,$0
11,2012-12-31,2.01,$0.00,0.0,$4.32,0.46,$0.28,7.27,$0.30,6.68,$0.57B,$0.24B,2.34,$0.00B,$0.43B,0.0,$0.74B,$0.17B,23.04%,$0.74B,$0.07B,8.94%,$0.74B,$0.07B,8.94%,$0.74B,$0.08B,10.84%,$0.74B,$0.07B,8.94%,$0.74B,$0.05B,6.78%,$0.05B,$0.43B,12.15%,$0.05B,$0.39B,13.25%,$0.05B,$0.68B,7.52%,$0.07B,$0.43B,16.04%,$178,$137,$41,$23,$10,$169,$9,$0,$9,$4,$5,$5,$6,$23,$9,$172,172,$0.04,$0.04,$212,$117,$102,$566,$0,$13,$39,$2,$59,$677,$242,$0,$7,$7,$249,$107,$228,$0,$428,$677,$50,$13,$24,$13,$-28,$-16,$1,$1,$-35,$52,$-7,$0,$0,$5,$-0,$5,$1,$-1,$0,$304,$-315,$-8,$-9,$-11,$12,$-19,$33,$2,$-11
12,2012-09-30,1.64,$0.00,0.0,$4.16,0.39,$0.15,11.03,$0.24,6.82,$0.54B,$0.23B,2.31,$0.00B,$0.41B,0.0,$0.72B,$0.16B,22.77%,$0.72B,$0.06B,8.10%,$0.72B,$0.06B,8.10%,$0.72B,$0.07B,9.92%,$0.72B,$0.06B,8.24%,$0.72B,$0.04B,5.59%,$0.04B,$0.41B,9.92%,$0.04B,$0.38B,10.77%,$0.04B,$0.65B,6.09%,$0.06B,$0.41B,14.38%,$166,$130,$36,$28,$11,$168,$-2,$1,$-2,$1,$-3,$-3,$-2,$16,$-2,$172,172,$-0.01,$-0.01,$162,$128,$114,$540,$0,$13,$37,$2,$59,$652,$234,$0,$4,$4,$238,$107,$214,$0,$414,$652,$36,$10,$0,$10,$0,$0,$0,$0,$-64,$-0,$-4,$0,$0,$0,$0,$5,$0,$1,$0,$-11,$0,$0,$-8,$-11,$12,$-18,$-17,$0,$0
13,2012-06-30,1.51,$0.00,0.0,$4.05,0.37,$0.23,6.59,$0.18,8.38,$0.55B,$0.27B,2.07,$0.00B,$0.40B,0.0,$0.69B,$0.15B,21.66%,$0.69B,$0.04B,6.40%,$0.69B,$0.04B,6.40%,$0.69B,$0.05B,7.85%,$0.69B,$0.05B,6.54%,$0.69B,$0.03B,4.51%,$0.03B,$0.40B,7.80%,$0.03B,$0.37B,8.46%,$0.03B,$0.68B,4.78%,$0.04B,$0.40B,11.08%,$169,$129,$40,$23,$9,$160,$9,$1,$10,$3,$8,$8,$9,$23,$9,$172,172,$0.05,$0.05,$166,$139,$115,$550,$0,$25,$30,$2,$71,$675,$266,$0,$5,$5,$271,$107,$203,$0,$404,$675,$26,$6,$0,$6,$0,$0,$0,$0,$-33,$7,$-3,$0,$0,$0,$0,$-0,$-0,$-3,$0,$0,$0,$0,$-8,$0,$0,$-7,$-3,$0,$0
14,2012-03-31,1.66,$0.00,0.0,$3.84,0.43,$0.20,8.12,$0.11,15.06,$0.53B,$0.25B,2.12,$0.00B,$0.40B,0.0,$0.66B,$0.14B,20.49%,$0.66B,$0.03B,4.10%,$0.66B,$0.03B,4.10%,$0.66B,$0.03B,5.16%,$0.66B,$0.03B,4.40%,$0.66B,$0.02B,3.03%,$0.02B,$0.40B,5.07%,$0.02B,$0.37B,5.51%,$0.02B,$0.65B,3.13%,$0.03B,$0.40B,6.85%,$179,$133,$46,$21,$9,$163,$16,$-0,$15,$4,$12,$12,$13,$18,$16,$172,172,$0.07,$0.07,$186,$119,$118,$526,$0,$25,$31,$2,$72,$654,$248,$0,$5,$5,$254,$107,$199,$0,$400,$654,$11,$3,$0,$3,$0,$0,$0,$0,$-13,$4,$-2,$0,$0,$0,$0,$0,$-0,$-2,$0,$0,$0,$0,$-7,$0,$0,$-6,$-4,$0,$0
15,2011-12-31,0.8,$0.00,0.0,$3.67,0.22,$0.25,3.21,$0.06,13.41,$0.52B,$0.25B,2.1,$0.00B,$0.40B,0.0,$0.63B,$0.13B,19.75%,$0.63B,$0.02B,2.53%,$0.63B,$0.02B,2.53%,$0.63B,$0.02B,3.48%,$0.63B,$0.02B,2.69%,$0.63B,$0.01B,1.90%,$0.01B,$0.40B,3.03%,$0.01B,$0.36B,3.29%,$0.01B,$0.65B,1.90%,$0.02B,$0.40B,4.04%,$227,$171,$56,$23,$11,$205,$23,$2,$24,$9,$15,$16,$16,$14,$23,$172,172,$0.09,$0.09,$191,$113,$111,$516,$0,$25,$31,$2,$72,$645,$245,$0,$5,$5,$250,$105,$188,$0,$395,$645,$10,$13,$0,$13,$0,$0,$0,$0,$1,$43,$-19,$0,$0,$0,$0,$9,$-0,$-10,$0,$27,$0,$0,$-5,$-21,$-25,$-24,$9,$0,$0
16,2011-09-30,0.89,$0.00,0.0,$3.50,0.26,$0.40,2.26,$0.11,8.12,$0.48B,$0.23B,2.13,$0.00B,$0.39B,0.0,$0.61B,$0.12B,19.50%,$0.61B,$0.02B,2.98%,$0.61B,$0.02B,2.98%,$0.61B,$0.02B,3.47%,$0.61B,$0.02B,3.14%,$0.61B,$0.02B,3.31%,$0.02B,$0.39B,5.01%,$0.02B,$0.36B,5.46%,$0.02B,$0.62B,3.20%,$0.02B,$0.39B,4.51%,$222,$168,$54,$28,$13,$210,$13,$0,$13,$3,$10,$10,$11,$-1,$13,$171,172,$0.07,$0.07,$176,$105,$106,$481,$0,$25,$32,$2,$82,$621,$226,$0,$5,$5,$231,$106,$184,$0,$390,$621,$4,$10,$0,$10,$0,$0,$0,$0,$-0,$26,$-18,$0,$0,$0,$0,$9,$0,$-9,$0,$27,$0,$0,$-3,$-21,$-26,$-23,$-6,$0,$0
17,2011-06-30,1.67,$0.00,0.0,$3.42,0.49,$0.34,4.88,$0.11,15.19,$0.49B,$0.24B,2.1,$0.00B,$0.39B,0.0,$0.58B,$0.12B,20.65%,$0.58B,$0.02B,3.10%,$0.58B,$0.02B,3.10%,$0.58B,$0.02B,3.61%,$0.58B,$0.02B,3.10%,$0.58B,$0.02B,3.27%,$0.02B,$0.39B,4.74%,$0.02B,$0.36B,5.18%,$0.02B,$0.63B,3.09%,$0.02B,$0.39B,4.49%,$196,$149,$47,$20,$9,$178,$18,$11,$29,$6,$23,$24,$24,$3,$18,$171,172,$0.14,$0.14,$162,$124,$116,$494,$0,$25,$32,$2,$85,$633,$235,$0,$6,$6,$241,$106,$183,$0,$392,$633,$0,$0,$0,$0,$0,$0,$0,$0,$0,$0,$0,$0,$0,$0,$0,$0,$0,$0,$0,$0,$0,$0,$0,$0,$0,$0,$0,$0,$0
18,2011-03-31,1.8,$0.00,0.0,$3.57,0.5,$0.34,5.26,$0.16,11.25,$0.50B,$0.22B,2.31,$0.00B,$0.41B,0.0,$0.61B,$0.13B,21.05%,$0.61B,$0.03B,4.61%,$0.61B,$0.03B,4.61%,$0.61B,$0.03B,5.10%,$0.61B,$0.03B,4.44%,$0.61B,$0.03B,4.44%,$0.03B,$0.41B,6.72%,$0.03B,$0.38B,7.34%,$0.03B,$0.63B,4.43%,$0.03B,$0.41B,6.97%,$195,$147,$48,$20,$8,$176,$19,$-0,$19,$4,$15,$16,$16,$6,$19,$171,172,$0.09,$0.09,$116,$130,$169,$499,$0,$25,$33,$2,$85,$632,$216,$0,$7,$7,$223,$106,$201,$0,$409,$632,$2,$3,$0,$3,$0,$0,$0,$0,$3,$12,$-2,$0,$0,$0,$0,$2,$1,$1,$0,$0,$0,$0,$0,$0,$-0,$-0,$13,$0,$0
19,2010-12-31,1.79,$0.00,0.0,$3.26,0.55,$0.41,4.43,$0.17,10.54,$0.48B,$0.20B,2.36,$0.00B,$0.41B,0.0,$0.64B,$0.14B,21.03%,$0.64B,$0.04B,5.45%,$0.64B,$0.04B,5.45%,$0.64B,$0.04B,6.07%,$0.64B,$0.04B,5.45%,$0.64B,$0.03B,5.14%,$0.03B,$0.41B,8.10%,$0.03B,$0.37B,8.85%,$0.03B,$0.62B,5.52%,$0.04B,$0.41B,8.59%,$195,$146,$49,$19,$11,$176,$19,$1,$20,$6,$14,$16,$16,$13,$19,$171,172,$0.09,$0.09,$164,$118,$116,$478,$0,$26,$34,$1,$92,$617,$203,$0,$7,$7,$211,$106,$198,$0,$407,$617,$29,$14,$0,$14,$0,$0,$0,$0,$-8,$58,$-7,$0,$0,$0,$0,$-61,$-7,$-75,$0,$57,$0,$0,$-10,$-44,$0,$3,$-14,$0,$0
20,2010-09-30,1.88,$0.00,0.0,$3.45,0.55,$0.47,4.01,$0.16,11.77,$0.45B,$0.18B,2.47,$0.00B,$0.39B,0.0,$0.68B,$0.14B,20.74%,$0.68B,$0.04B,5.15%,$0.68B,$0.04B,5.15%,$0.68B,$0.04B,5.74%,$0.68B,$0.04B,5.15%,$0.68B,$0.03B,4.71%,$0.03B,$0.39B,7.78%,$0.03B,$0.36B,8.50%,$0.03B,$0.58B,5.51%,$0.04B,$0.39B,8.51%,$193,$144,$49,$24,$11,$178,$14,$0,$15,$4,$11,$12,$12,$-1,$14,$170,172,$0.07,$0.07,$127,$112,$127,$450,$0,$20,$34,$2,$82,$581,$182,$0,$5,$5,$187,$106,$187,$0,$394,$581,$0,$0,$0,$0,$0,$0,$0,$0,$0,$0,$0,$0,$0,$0,$0,$0,$0,$0,$0,$0,$0,$0,$0,$0,$0,$0,$0,$0,$0
21,2010-06-30,2.04,$0.00,0.0,$3.67,0.56,$0.47,4.35,$0.21,9.72,$0.48B,$0.21B,2.35,$0.00B,$0.40B,0.0,$0.75B,$0.15B,20.13%,$0.75B,$0.05B,6.31%,$0.75B,$0.05B,6.31%,$0.75B,$0.05B,6.85%,$0.75B,$0.05B,6.31%,$0.75B,$0.04B,5.50%,$0.04B,$0.40B,9.80%,$0.04B,$0.36B,10.70%,$0.04B,$0.61B,6.98%,$0.05B,$0.40B,11.23%,$207,$156,$51,$19,$8,$183,$24,$0,$24,$6,$18,$19,$19,$13,$24,$170,172,$0.11,$0.11,$158,$79,$147,$482,$0,$14,$35,$2,$74,$607,$206,$0,$5,$5,$210,$106,$186,$0,$397,$607,$0,$0,$0,$0,$0,$0,$0,$0,$0,$0,$0,$0,$0,$0,$0,$0,$0,$0,$0,$0,$0,$0,$0,$0,$0,$0,$0,$0,$0
22,2010-03-31,2.19,$0.00,0.0,$3.62,0.61,$0.47,4.66,$0.22,9.94,$0.46B,$0.15B,3.09,$0.00B,$0.43B,0.0,$0.74B,$0.15B,20.22%,$0.74B,$0.05B,6.60%,$0.74B,$0.05B,6.60%,$0.74B,$0.05B,7.14%,$0.74B,$0.05B,6.74%,$0.74B,$0.04B,5.93%,$0.04B,$0.43B,10.37%,$0.04B,$0.40B,11.33%,$0.04B,$0.59B,7.52%,$0.05B,$0.43B,11.54%,$176,$133,$43,$19,$8,$159,$17,$0,$17,$4,$13,$14,$14,$14,$17,$170,172,$0.08,$0.08,$161,$65,$161,$459,$0,$13,$35,$3,$75,$585,$148,$0,$6,$6,$154,$107,$218,$0,$431,$585,$8,$4,$0,$4,$0,$0,$0,$0,$30,$46,$-2,$0,$0,$0,$0,$5,$0,$3,$0,$0,$0,$0,$-4,$0,$0,$-4,$45,$0,$0
23,2009-12-31,1.94,$0.00,0.0,$3.79,0.51,$0.67,2.88,$0.21,9.25,$0.42B,$0.12B,3.51,$0.00B,$0.42B,0.0,$0.69B,$0.14B,20.35%,$0.69B,$0.04B,6.35%,$0.69B,$0.04B,6.35%,$0.69B,$0.05B,6.78%,$0.69B,$0.04B,6.35%,$0.69B,$0.04B,5.63%,$0.04B,$0.42B,9.01%,$0.04B,$0.39B,9.84%,$0.04B,$0.55B,6.72%,$0.04B,$0.42B,10.16%,$191,$146,$44,$17,$8,$171,$19,$-2,$18,$4,$14,$14,$14,$13,$19,$170,171,$0.08,$0.08,$122,$68,$170,$424,$0,$12,$36,$3,$75,$550,$121,$0,$6,$6,$126,$107,$128,$0,$424,$550,$36,$14,$0,$14,$0,$0,$0,$0,$0,$74,$-10,$0,$0,$0,$0,$2,$1,$-7,$0,$0,$0,$0,$-36,$-55,$0,$-91,$-24,$0,$0
24,2009-09-30,2.33,$0.00,0.0,$3.45,0.68,$0.94,2.47,$0.17,13.73,$0.48B,$0.18B,2.64,$0.00B,$0.42B,0.0,$0.64B,$0.13B,20.53%,$0.64B,$0.01B,1.57%,$0.64B,$0.01B,1.57%,$0.64B,$0.01B,2.04%,$0.64B,$0.01B,1.57%,$0.64B,$0.03B,5.02%,$0.03B,$0.42B,7.23%,$0.03B,$0.39B,7.89%,$0.03B,$0.61B,5.47%,$0.01B,$0.42B,2.26%,$190,$146,$44,$21,$10,$177,$13,$0,$14,$3,$10,$10,$10,$11,$13,$170,170,$0.06,$0.06,$117,$106,$182,$482,$0,$12,$36,$3,$75,$609,$183,$0,$4,$4,$187,$110,$198,$0,$422,$609,$0,$0,$0,$0,$0,$0,$0,$0,$0,$0,$0,$0,$0,$0,$0,$0,$0,$0,$0,$0,$0,$0,$0,$0,$0,$0,$0,$0,$0
25,2009-06-30,2.63,$0.00,0.0,$3.50,0.75,$0.94,2.78,$0.21,12.52,$0.47B,$0.17B,2.83,$0.00B,$0.42B,0.0,$0.67B,$0.15B,21.95%,$0.67B,$0.01B,2.11%,$0.67B,$0.01B,2.11%,$0.67B,$0.02B,2.56%,$0.67B,$0.01B,2.11%,$0.67B,$0.04B,6.17%,$0.04B,$0.42B,8.98%,$0.04B,$0.38B,9.78%,$0.04B,$0.60B,6.90%,$0.01B,$0.42B,3.07%,$190,$146,$44,$16,$8,$169,$20,$0,$20,$5,$15,$15,$15,$15,$20,$170,171,$0.09,$0.09,$139,$83,$177,$465,$0,$12,$37,$4,$76,$595,$165,$0,$1,$9,$174,$0,$189,$0,$421,$595,$0,$0,$0,$0,$0,$0,$0,$0,$0,$0,$0,$0,$0,$0,$0,$0,$0,$0,$0,$0,$0,$0,$0,$0,$0,$0,$0,$0,$0
26,2009-03-31,1.81,$0.00,0.0,$3.79,0.48,$1.08,1.67,$0.33,5.48,$0.44B,$0.09B,4.67,$0.00B,$0.47B,0.0,$0.73B,$0.17B,23.52%,$0.73B,$0.03B,4.68%,$0.73B,$0.03B,4.68%,$0.73B,$0.04B,5.09%,$0.73B,$0.03B,4.68%,$0.73B,$0.06B,8.80%,$0.06B,$0.47B,13.73%,$0.06B,$0.43B,14.94%,$0.06B,$0.57B,10.50%,$0.03B,$0.47B,7.29%,$167,$129,$38,$17,$7,$152,$14,$-0,$14,$3,$11,$11,$11,$8,$14,$172,172,$0.07,$0.07,$205,$64,$119,$440,$0,$12,$37,$4,$76,$569,$94,$0,$0,$10,$104,$0,$229,$0,$465,$569,$4,$3,$0,$3,$0,$0,$0,$0,$50,$65,$-3,$0,$0,$0,$0,$10,$-1,$5,$0,$0,$0,$0,$-5,$0,$0,$-5,$65,$0,$0
27,2008-12-31,1.04,$0.00,0.0,$4.33,0.24,$0.97,1.07,$0.49,2.12,$0.44B,$0.09B,4.74,$0.00B,$0.46B,0.0,$0.83B,$0.20B,24.49%,$0.83B,$0.06B,7.32%,$0.83B,$0.06B,7.32%,$0.83B,$0.06B,7.68%,$0.83B,$0.06B,7.68%,$0.83B,$0.09B,11.28%,$0.09B,$0.46B,19.94%,$0.09B,$0.43B,21.65%,$0.09B,$0.57B,14.80%,$0.06B,$0.46B,12.94%,$169,$132,$37,$19,$8,$158,$11,$-0,$11,$6,$5,$4,$4,$-21,$11,$176,176,$0.02,$0.02,$149,$97,$138,$435,$0,$14,$38,$1,$76,$566,$92,$0,$1,$11,$102,$0,$225,$0,$463,$566,$76,$12,$0,$12,$0,$0,$0,$0,$13,$137,$-17,$0,$0,$0,$0,$-4,$-1,$-22,$0,$0,$0,$0,$-8,$-67,$0,$-74,$40,$0,$0
28,2008-09-30,1.87,$0.00,0.0,$5.04,0.37,$0.65,2.88,$0.70,2.67,$0.53B,$0.16B,3.33,$0.00B,$0.48B,0.0,$0.98B,$0.24B,25.00%,$0.98B,$0.12B,12.70%,$0.98B,$0.12B,12.70%,$0.98B,$0.13B,13.01%,$0.98B,$0.13B,13.22%,$0.98B,$0.14B,13.93%,$0.14B,$0.48B,29.03%,$0.14B,$0.44B,31.55%,$0.14B,$0.65B,20.71%,$0.12B,$0.48B,26.47%,$162,$132,$30,$21,$9,$163,$-1,$0,$-0,$-0,$-0,$1,$1,$15,$-1,$161,161,$0.00,$0.00,$134,$115,$172,$527,$0,$12,$38,$1,$71,$646,$158,$0,$0,$10,$168,$0,$238,$0,$478,$646,$0,$0,$0,$0,$0,$0,$0,$0,$0,$0,$0,$0,$0,$0,$0,$0,$0,$0,$0,$0,$0,$0,$0,$0,$0,$0,$0,$0,$0
29,2008-06-30,3.31,$0.00,0.0,$5.07,0.65,$0.65,5.09,$0.72,4.6,$0.54B,$0.19B,2.87,$0.00B,$0.46B,0.0,$0.99B,$0.24B,24.57%,$0.99B,$0.13B,13.04%,$0.99B,$0.13B,13.04%,$0.99B,$0.13B,13.35%,$0.99B,$0.14B,13.65%,$0.99B,$0.14B,14.16%,$0.14B,$0.46B,30.67%,$0.14B,$0.42B,33.31%,$0.14B,$0.66B,21.23%,$0.13B,$0.46B,28.26%,$161,$131,$30,$19,$7,$157,$3,$0,$4,$1,$3,$4,$4,$35,$3,$177,178,$0.02,$0.02,$103,$131,$197,$537,$0,$12,$39,$1,$73,$658,$187,$0,$0,$11,$199,$0,$220,$0,$459,$658,$38,$3,$0,$3,$0,$0,$0,$0,$-17,$29,$-3,$0,$0,$0,$0,$5,$-0,$2,$0,$0,$0,$0,$-0,$-67,$0,$-67,$-35,$0,$0
30,2008-03-31,2.96,$0.00,0.0,$4.91,0.6,$0.51,5.77,$0.66,4.49,$0.55B,$0.18B,3.16,$0.00B,$0.49B,0.0,$0.97B,$0.23B,23.32%,$0.97B,$0.12B,12.33%,$0.97B,$0.12B,12.33%,$0.97B,$0.12B,12.64%,$0.97B,$0.13B,13.06%,$0.97B,$0.13B,13.37%,$0.13B,$0.49B,28.46%,$0.13B,$0.45B,30.86%,$0.13B,$0.67B,19.67%,$0.12B,$0.49B,26.25%,$141,$113,$28,$20,$6,$139,$3,$-0,$2,$1,$2,$3,$3,$35,$3,$177,178,$0.02,$0.02,$143,$122,$203,$554,$0,$12,$35,$1,$69,$670,$175,$0,$0,$9,$184,$0,$250,$0,$486,$670,$34,$3,$0,$3,$0,$0,$0,$0,$3,$44,$-2,$0,$0,$0,$0,$-6,$-0,$-8,$0,$0,$0,$0,$-5,$0,$0,$-5,$31,$0,$0
31,2007-12-31,2.61,$0.00,0.0,$4.65,0.56,$0.34,7.6,$0.57,4.57,$0.54B,$0.19B,2.9,$0.00B,$0.45B,0.0,$0.92B,$0.20B,22.00%,$0.92B,$0.10B,11.33%,$0.92B,$0.10B,11.33%,$0.92B,$0.11B,11.55%,$0.92B,$0.11B,11.98%,$0.92B,$0.11B,12.31%,$0.11B,$0.45B,25.90%,$0.11B,$0.41B,28.20%,$0.11B,$0.65B,17.91%,$0.10B,$0.45B,23.84%,$141,$111,$30,$17,$0,$128,$13,$-0,$13,$2,$11,$12,$12,$42,$13,$177,178,$0.07,$0.07,$110,$117,$223,$538,$0,$7,$40,$1,$68,$653,$186,$0,$0,$16,$201,$0,$215,$0,$451,$653,$113,$10,$0,$10,$0,$0,$0,$0,$-52,$77,$-19,$0,$6,$0,$0,$-12,$0,$-25,$0,$0,$0,$0,$-28,$-40,$0,$-67,$-15,$0,$0
32,2007-09-30,2.25,$0.00,0.0,$4.41,0.51,$0.11,20.98,$0.49,4.6,$0.56B,$0.22B,2.51,$0.00B,$0.43B,0.0,$0.87B,$0.18B,20.41%,$0.87B,$0.08B,9.40%,$0.87B,$0.08B,9.40%,$0.87B,$0.08B,9.63%,$0.87B,$0.09B,10.09%,$0.87B,$0.10B,11.01%,$0.10B,$0.43B,23.16%,$0.10B,$0.40B,24.69%,$0.10B,$0.66B,16.07%,$0.08B,$0.43B,19.78%,$138,$107,$32,$23,$9,$139,$-1,$-0,$-1,$-0,$-1,$0,$0,$20,$-1,$149,149,$0.00,$0.00,$136,$126,$198,$561,$0,$3,$34,$1,$50,$657,$223,$0,$0,$3,$226,$0,$169,$0,$430,$657,$0,$0,$0,$0,$0,$0,$0,$0,$0,$0,$0,$0,$0,$0,$0,$0,$0,$0,$0,$0,$0,$0,$0,$0,$0,$0,$0,$0,$0
33,2007-06-30,3.2,$0.00,0.0,$4.06,0.79,$0.11,29.82,$0.40,8.01,$0.55B,$0.20B,2.81,$0.00B,$0.45B,0.0,$0.81B,$0.15B,19.11%,$0.81B,$0.07B,8.06%,$0.81B,$0.07B,8.06%,$0.81B,$0.07B,8.31%,$0.81B,$0.07B,8.81%,$0.81B,$0.08B,9.80%,$0.08B,$0.45B,19.74%,$0.08B,$0.41B,20.64%,$0.08B,$0.64B,14.09%,$0.07B,$0.45B,16.24%,$188,$149,$38,$18,$7,$175,$13,$0,$13,$2,$11,$12,$12,$25,$13,$178,179,$0.07,$0.07,$151,$125,$155,$548,$0,$2,$34,$1,$50,$643,$195,$0,$0,$2,$196,$0,$187,$0,$446,$643,$0,$0,$0,$0,$0,$0,$0,$0,$0,$0,$0,$0,$0,$0,$0,$0,$0,$0,$0,$0,$0,$0,$0,$0,$0,$0,$0,$0,$0
34,2007-03-31,2.98,$0.00,0.0,$3.80,0.78,$0.16,18.15,$0.36,8.26,$0.48B,$0.15B,3.16,$0.00B,$0.42B,0.0,$0.76B,$0.14B,18.81%,$0.76B,$0.06B,7.81%,$0.76B,$0.06B,7.81%,$0.76B,$0.06B,8.08%,$0.76B,$0.07B,8.61%,$0.76B,$0.07B,9.54%,$0.07B,$0.42B,19.06%,$0.07B,$0.38B,19.53%,$0.07B,$0.57B,13.85%,$0.06B,$0.42B,15.62%,$175,$141,$35,$18,$7,$165,$10,$0,$10,$2,$8,$9,$9,$19,$10,$358,359,$0.03,$0.03,$125,$119,$123,$476,$0,$1,$36,$1,$49,$571,$151,$0,$0,$2,$153,$0,$161,$0,$418,$571,$18,$2,$0,$2,$0,$0,$0,$0,$-9,$16,$-6,$0,$6,$0,$0,$-4,$-0,$-4,$0,$0,$0,$0,$-10,$0,$0,$-10,$2,$0,$0
35,2006-12-31,2.65,$0.00,0.0,$3.82,0.69,$0.18,14.43,$0.39,6.8,$0.47B,$0.15B,3.05,$0.00B,$0.36B,0.0,$0.75B,$0.14B,19.33%,$0.75B,$0.07B,8.86%,$0.75B,$0.07B,8.86%,$0.75B,$0.07B,8.99%,$0.75B,$0.07B,9.40%,$0.75B,$0.08B,10.20%,$0.08B,$0.36B,23.71%,$0.08B,$0.36B,23.71%,$0.08B,$0.52B,16.43%,$0.07B,$0.36B,20.59%,$179,$143,$36,$17,$6,$166,$13,$0,$13,$3,$10,$11,$11,$20,$13,$181,181,$0.06,$0.06,$119,$101,$134,$467,$0,$1,$0,$1,$13,$519,$153,$0,$0,$2,$155,$0,$143,$0,$364,$519,$75,$5,$0,$5,$0,$0,$0,$0,$-63,$30,$-18,$0,$0,$0,$0,$-6,$14,$-9,$0,$-27,$-0,$0,$109,$0,$0,$82,$103,$0,$0
