,Date,Stock Price,Book Value per Share,Price to Book Ratio,TTM Sales per Share,Price to Sales Ratio,TTM FCF per Share,Price to FCF Ratio,TTM Net EPS,PE Ratio,Current Assets,Current Liabilities,Current Ratio,Long Term Debt,Shareholder's Equity_x,Debt to Equity Ratio,TTM Revenue_x,TTM Gross Profit,Gross Margin,TTM Revenue_y,TTM Operating Income,Operating Margin,TTM Revenue_x,TTM EBIT,EBIT Margin,TTM Revenue_y,TTM EBITDA,EBITDA Margin,TTM Revenue_x,TTM Pre-Tax Income,Pre-Tax Margin,TTM Revenue_y,TTM Net Income_x,Net Margin,TTM Net Income_y,Shareholder's Equity_y,Return on Equity,TTM Net Income_x,Tangible Equity,Return on Tangible Equity,TTM Net Income_y,Total Assets,Return on Assets,TTM Net Income,LT Investments & Debt,Return on Investment,revenue,cost-goods-sold,gross-profit,research-development-expenses,selling-general-administrative-expenses,operating-expenses,operating-income,total-non-operating-income-expense,pre-tax-income,total-provision-income-taxes,income-after-taxes,income-from-continuous-operations,net-income,ebitda,ebit,basic-shares-outstanding,shares-outstanding,eps-basic-net-earnings-per-share,eps-earnings-per-share-diluted,cash-on-hand,inventory,other-current-assets,total-current-assets,net-property-plant-equipment,long-term-investments,goodwill-intangible-assets-total,other-long-term-assets,total-long-term-assets,total-assets,total-current-liabilities,long-term-debt,other-non-current-liabilities,total-long-term-liabilities,total-liabilities,common-stock-net,retained-earnings-accumulated-deficit,comprehensive-income,total-share-holder-equity,total-liabilities-share-holders-equity,net-income-loss,total-depreciation-amortization-cash-flow,other-non-cash-items,total-non-cash-items,change-in-accounts-receivable,change-in-inventories,change-in-accounts-payable,change-in-assets-liabilities,total-change-in-assets-liabilities,cash-flow-from-operating-activities,net-change-in-property-plant-equipment,net-change-in-intangible-assets,net-acquisitions-divestitures,net-change-in-short-term-investments,net-change-in-long-term-investments,net-change-in-investments-total,investing-activities-other,cash-flow-from-investing-activities,net-long-term-debt,net-current-debt,debt-issuance-retirement-net-total,net-common-equity-issued-repurchased,net-total-equity-issued-repurchased,total-common-preferred-stock-dividends-paid,financial-activities-other,cash-flow-from-financial-activities,net-cash-flow,stock-based-compensation,common-stock-dividends-paid
0,2018-09-30,47.26,$21.63,2.18,$6.73,7.02,$0.75,63.08,$1.67,28.3,$0.26B,$0.23B,1.13,$2.09B,$2.21B,0.95,$0.71B,$0.47B,66.39%,$0.71B,$0.20B,28.57%,$0.71B,$0.20B,28.57%,$0.71B,$0.44B,61.06%,$0.71B,$0.18B,25.49%,$0.71B,$0.17B,24.23%,$0.17B,$2.24B,7.71%,$0.17B,$2.24B,7.71%,$0.17B,$4.69B,3.71%,$0.20B,$4.33B,4.73%,$179,$61,$118,$0,$10,$128,$51,$-16,$35,$0,$35,$35,$33,$109,$51,$103,106,$0.32,$0.32,$12,$0,$0,$260,$4177,$0,$0,$58,$4428,$4688,$230,$2087,$0,$2220,$2450,$1,$-774,$17,$2239,$4688,$122,$172,$-2,$170,$5,$0,$0,$-1,$1,$293,$-287,$0,$0,$0,$0,$0,$-4,$-291,$135,$-61,$74,$2,$2,$-145,$-8,$-78,$-76,$7,$-143
1,2018-06-30,50.26,$21.65,2.32,$6.75,7.45,$1.77,28.4,$1.90,26.45,$0.25B,$0.22B,1.15,$2.06B,$2.21B,0.93,$0.72B,$0.48B,66.43%,$0.72B,$0.20B,28.53%,$0.72B,$0.20B,28.53%,$0.72B,$0.44B,60.98%,$0.72B,$0.21B,28.95%,$0.72B,$0.20B,27.55%,$0.20B,$2.24B,8.80%,$0.20B,$2.24B,8.80%,$0.20B,$4.65B,4.25%,$0.20B,$4.30B,4.77%,$179,$60,$119,$0,$10,$126,$53,$0,$53,$0,$53,$53,$51,$110,$53,$103,106,$0.49,$0.49,$10,$0,$0,$248,$4149,$0,$0,$61,$4405,$4653,$215,$2055,$0,$2197,$2413,$1,$-760,$16,$2240,$4653,$87,$115,$-4,$111,$4,$0,$0,$-5,$-14,$184,$-200,$0,$0,$0,$0,$0,$-2,$-202,$145,$-103,$42,$0,$0,$-97,$-6,$-61,$-78,$5,$-96
2,2018-03-31,42.96,$21.79,1.97,$6.74,6.37,$1.93,22.26,$1.77,24.27,$0.30B,$0.21B,1.47,$2.11B,$2.23B,0.95,$0.71B,$0.47B,66.48%,$0.71B,$0.21B,28.75%,$0.71B,$0.21B,28.75%,$0.71B,$0.44B,61.15%,$0.71B,$0.19B,27.21%,$0.71B,$0.18B,25.81%,$0.18B,$2.25B,8.25%,$0.18B,$2.25B,8.25%,$0.18B,$4.70B,3.99%,$0.21B,$4.37B,4.82%,$180,$59,$121,$0,$12,$129,$52,$-18,$34,$0,$34,$34,$32,$110,$52,$103,106,$0.31,$0.31,$68,$0,$0,$304,$4121,$0,$0,$74,$4392,$4695,$206,$2113,$0,$2236,$2442,$1,$-763,$16,$2254,$4695,$34,$58,$12,$70,$3,$0,$0,$-8,$-26,$79,$-145,$0,$0,$0,$0,$0,$-0,$-146,$345,$-245,$100,$-1,$-1,$-48,$-4,$47,$-20,$4,$-48
3,2017-12-31,49.39,$21.66,2.28,$6.66,7.41,$2.36,20.92,$1.77,27.91,$0.32B,$0.23B,1.4,$2.01B,$2.21B,0.91,$0.70B,$0.47B,66.24%,$0.70B,$0.20B,28.06%,$0.70B,$0.20B,28.06%,$0.70B,$0.43B,60.97%,$0.70B,$0.19B,27.49%,$0.70B,$0.18B,26.21%,$0.18B,$2.24B,8.34%,$0.18B,$2.24B,8.34%,$0.18B,$4.62B,4.02%,$0.20B,$4.25B,4.68%,$176,$59,$116,$0,$10,$128,$48,$12,$60,$0,$60,$59,$57,$107,$48,$103,106,$0.55,$0.55,$88,$0,$0,$319,$4037,$0,$0,$67,$4305,$4624,$228,$2014,$0,$2158,$2387,$1,$-747,$8,$2237,$4624,$192,$232,$-40,$192,$-5,$0,$0,$8,$-31,$353,$-197,$0,$0,$0,$2,$2,$-61,$-256,$-177,$245,$68,$72,$72,$-265,$-19,$-143,$-46,$7,$-262
4,2017-09-30,50.11,$21.49,2.33,$6.65,7.53,$6.11,8.2,$1.47,34.09,$0.27B,$0.23B,1.2,$1.97B,$2.19B,0.9,$0.69B,$0.46B,66.14%,$0.69B,$0.19B,27.67%,$0.69B,$0.19B,27.67%,$0.69B,$0.42B,61.10%,$0.69B,$0.16B,23.05%,$0.69B,$0.15B,21.90%,$0.15B,$2.22B,6.95%,$0.15B,$2.22B,6.95%,$0.15B,$4.56B,3.34%,$0.19B,$4.19B,4.60%,$180,$61,$119,$0,$9,$129,$51,$8,$60,$0,$60,$60,$57,$109,$51,$103,106,$0.55,$0.55,$53,$0,$0,$272,$4032,$0,$0,$54,$4288,$4560,$228,$1966,$0,$2114,$2341,$1,$-758,$6,$2219,$4560,$133,$172,$-13,$159,$1,$0,$0,$3,$-21,$270,$-156,$0,$0,$0,$2,$2,$-3,$-158,$-51,$72,$21,$72,$72,$-218,$-12,$-138,$-26,$6,$-217
5,2017-06-30,48.36,$21.40,2.26,$6.59,7.34,$10.58,4.57,$1.24,39.0,$0.24B,$0.20B,1.2,$2.01B,$2.18B,0.92,$0.68B,$0.45B,65.88%,$0.68B,$0.19B,27.35%,$0.68B,$0.19B,27.35%,$0.68B,$0.41B,60.88%,$0.68B,$0.13B,19.71%,$0.68B,$0.13B,18.68%,$0.13B,$2.21B,5.84%,$0.13B,$2.21B,5.84%,$0.13B,$4.56B,2.80%,$0.19B,$4.22B,4.49%,$177,$59,$118,$0,$9,$124,$54,$-14,$40,$0,$40,$40,$38,$110,$54,$102,105,$0.37,$0.37,$34,$0,$0,$242,$4008,$0,$0,$105,$4318,$4560,$201,$2005,$1,$2150,$2351,$1,$-770,$6,$2210,$4560,$73,$114,$7,$121,$4,$0,$0,$-1,$-22,$172,$-171,$0,$0,$0,$7,$7,$-2,$-165,$-51,$111,$60,$71,$71,$-172,$-11,$-52,$-45,$5,$-171
6,2017-03-31,46.44,$21.17,2.19,$6.56,7.08,$17.07,2.72,$1.20,38.7,$0.24B,$0.21B,1.14,$2.04B,$2.13B,0.96,$0.67B,$0.44B,65.52%,$0.67B,$0.18B,26.57%,$0.67B,$0.18B,26.57%,$0.67B,$0.41B,60.45%,$0.67B,$0.13B,19.10%,$0.67B,$0.12B,18.06%,$0.12B,$2.16B,5.65%,$0.12B,$2.16B,5.65%,$0.12B,$4.55B,2.67%,$0.18B,$4.20B,4.30%,$169,$57,$112,$0,$11,$125,$44,$-12,$33,$0,$33,$33,$32,$102,$44,$102,105,$0.31,$0.31,$34,$0,$0,$237,$4046,$0,$0,$56,$4312,$4549,$207,$2042,$0,$2182,$2389,$1,$-763,$6,$2160,$4549,$33,$57,$7,$65,$4,$0,$0,$-6,$-29,$69,$-90,$0,$0,$0,$7,$7,$-0,$-84,$-34,$131,$97,$9,$9,$-127,$-9,$-30,$-44,$4,$-126
7,2016-12-31,47.81,$21.19,2.26,$6.60,7.24,$23.68,2.02,$5.38,8.89,$0.28B,$0.31B,0.89,$1.95B,$2.13B,0.92,$0.67B,$0.43B,65.17%,$0.67B,$0.18B,26.58%,$0.67B,$0.18B,26.58%,$0.67B,$0.40B,60.21%,$0.67B,$0.12B,18.47%,$0.67B,$0.52B,78.38%,$0.52B,$2.15B,24.64%,$0.52B,$2.15B,24.64%,$0.52B,$4.56B,11.53%,$0.18B,$4.10B,4.29%,$168,$57,$110,$0,$9,$125,$43,$-16,$27,$0,$27,$27,$25,$103,$43,$98,101,$0.17,$0.17,$79,$0,$0,$278,$4011,$0,$0,$59,$4283,$4561,$314,$1948,$0,$2093,$2407,$1,$-749,$5,$2154,$4561,$541,$224,$-423,$-198,$3,$0,$0,$-4,$-37,$306,$224,$0,$0,$0,$3,$3,$-23,$204,$-246,$-299,$-545,$260,$260,$-169,$-11,$-465,$44,$6,$-167
8,2016-09-30,47.65,$21.64,2.2,$6.59,7.23,$14.33,3.32,$5.34,8.92,$0.25B,$0.26B,0.96,$1.90B,$2.14B,0.89,$0.66B,$0.43B,64.89%,$0.66B,$0.17B,26.29%,$0.66B,$0.17B,26.29%,$0.66B,$0.40B,60.49%,$0.66B,$0.12B,17.48%,$0.66B,$0.52B,78.57%,$0.52B,$2.17B,26.05%,$0.52B,$2.17B,26.05%,$0.52B,$4.48B,11.46%,$0.17B,$4.07B,4.19%,$166,$59,$108,$0,$10,$121,$45,$-11,$34,$0,$34,$34,$32,$99,$45,$99,102,$0.32,$0.32,$44,$0,$0,$248,$3961,$0,$0,$48,$4228,$4476,$259,$1901,$0,$2049,$2308,$1,$-651,$-9,$2168,$4476,$514,$165,$-423,$-258,$5,$0,$0,$-2,$-24,$232,$332,$0,$0,$0,$3,$3,$-30,$305,$-320,$-271,$-591,$190,$190,$-126,$-9,$-536,$1,$5,$-124
9,2016-06-30,47.89,$21.19,2.26,$6.51,7.36,$4.83,9.92,$5.33,8.99,$0.47B,$0.24B,1.93,$2.08B,$2.06B,1.01,$0.64B,$0.42B,64.54%,$0.64B,$0.16B,25.51%,$0.64B,$0.16B,25.51%,$0.64B,$0.39B,60.96%,$0.64B,$0.11B,16.80%,$0.64B,$0.52B,80.09%,$0.52B,$2.09B,27.88%,$0.52B,$2.09B,27.88%,$0.52B,$4.56B,11.43%,$0.16B,$4.17B,3.96%,$167,$58,$109,$0,$8,$121,$46,$-12,$34,$0,$34,$34,$32,$101,$46,$98,101,$0.32,$0.32,$268,$0,$0,$467,$3818,$0,$0,$62,$4098,$4564,$242,$2082,$0,$2234,$2476,$1,$-641,$-12,$2089,$4564,$480,$111,$-420,$-309,$-0,$0,$0,$-5,$-33,$138,$517,$0,$0,$0,$2,$2,$-265,$254,$-395,$-16,$-411,$106,$106,$-84,$-6,$-394,$-3,$5,$-82
10,2016-03-31,42.98,$21.18,2.03,$6.38,6.74,$-1.73,0.0,$5.28,8.14,$0.45B,$0.21B,2.14,$2.10B,$2.03B,1.03,$0.63B,$0.40B,64.32%,$0.63B,$0.16B,25.28%,$0.63B,$0.16B,25.28%,$0.63B,$0.38B,61.44%,$0.63B,$0.10B,15.36%,$0.63B,$0.51B,81.28%,$0.51B,$2.06B,29.56%,$0.51B,$2.06B,29.56%,$0.51B,$4.51B,11.61%,$0.16B,$4.16B,3.93%,$165,$58,$107,$0,$11,$122,$43,$-15,$28,$0,$28,$28,$433,$98,$43,$96,99,$4.49,$4.49,$262,$0,$0,$454,$3777,$0,$0,$59,$4060,$4514,$212,$2101,$0,$2240,$2452,$1,$-631,$-7,$2062,$4514,$447,$55,$-415,$-360,$1,$0,$0,$-7,$-39,$48,$588,$0,$0,$0,$2,$2,$-256,$334,$-351,$-41,$-392,$52,$52,$-42,$-2,$-384,$-2,$4,$-41
11,2015-12-31,38.8,$16.85,2.3,$6.23,6.23,$-8.29,0.0,$1.00,38.8,$0.20B,$0.23B,0.87,$2.49B,$1.59B,1.57,$0.61B,$0.39B,64.13%,$0.61B,$0.15B,24.79%,$0.61B,$0.15B,24.79%,$0.61B,$0.37B,61.65%,$0.61B,$0.09B,14.05%,$0.61B,$0.09B,15.54%,$0.09B,$1.62B,5.90%,$0.09B,$1.62B,5.90%,$0.09B,$4.49B,2.21%,$0.15B,$4.11B,3.85%,$160,$57,$103,$0,$9,$122,$39,$-20,$19,$0,$19,$19,$20,$100,$39,$94,97,$0.21,$0.21,$22,$0,$0,$203,$3762,$0,$0,$288,$4282,$4486,$234,$2492,$14,$2632,$2866,$1,$-1023,$-4,$1619,$4486,$101,$223,$-7,$216,$1,$0,$0,$1,$-29,$289,$-690,$0,$0,$0,$37,$37,$-2,$-654,$317,$90,$407,$128,$128,$-163,$-10,$361,$-4,$7,$-160
12,2015-09-30,34.13,$16.97,2.01,$5.67,6.02,$-4.94,0.0,$1.03,33.14,$0.21B,$0.25B,0.86,$2.49B,$1.59B,1.57,$0.55B,$0.35B,63.99%,$0.55B,$0.13B,24.50%,$0.55B,$0.13B,24.50%,$0.55B,$0.35B,63.44%,$0.55B,$0.07B,12.98%,$0.55B,$0.10B,17.55%,$0.10B,$1.62B,6.09%,$0.10B,$1.62B,6.09%,$0.10B,$4.46B,2.33%,$0.13B,$4.10B,3.55%,$151,$54,$96,$0,$9,$114,$36,$-9,$27,$0,$27,$27,$30,$93,$36,$95,98,$0.31,$0.31,$24,$0,$0,$211,$3929,$0,$0,$67,$4252,$4463,$246,$2486,$0,$2599,$2845,$1,$-1003,$-7,$1618,$4463,$79,$162,$-7,$154,$2,$0,$0,$-3,$-24,$209,$-597,$0,$0,$0,$38,$38,$-5,$-564,$330,$56,$386,$95,$95,$-122,$-8,$351,$-4,$6,$-120
13,2015-06-30,34.84,$16.75,2.08,$5.76,6.05,$-0.86,0.0,$1.29,27.0,$0.21B,$0.21B,0.96,$2.13B,$1.55B,1.38,$0.55B,$0.35B,63.57%,$0.55B,$0.14B,24.95%,$0.55B,$0.14B,24.95%,$0.55B,$0.34B,62.66%,$0.55B,$0.10B,17.85%,$0.55B,$0.12B,21.49%,$0.12B,$1.58B,7.61%,$0.12B,$1.58B,7.61%,$0.12B,$4.04B,2.96%,$0.14B,$3.71B,3.76%,$149,$52,$96,$0,$9,$109,$40,$-17,$22,$0,$22,$22,$25,$93,$40,$94,97,$0.27,$0.27,$21,$0,$0,$205,$3513,$0,$0,$98,$3835,$4040,$214,$2133,$0,$2249,$2463,$1,$-992,$-5,$1576,$4040,$48,$105,$2,$108,$2,$0,$0,$-4,$-33,$122,$-128,$0,$0,$0,$10,$10,$1,$-117,$83,$-50,$33,$44,$44,$-81,$-5,$-9,$-4,$5,$-80
14,2015-03-31,39.53,$16.60,2.38,$5.86,6.74,$-1.13,0.0,$1.27,31.12,$0.21B,$0.20B,1.05,$2.11B,$1.53B,1.38,$0.55B,$0.35B,63.29%,$0.55B,$0.14B,24.41%,$0.55B,$0.14B,24.41%,$0.55B,$0.34B,61.66%,$0.55B,$0.10B,18.26%,$0.55B,$0.12B,20.98%,$0.12B,$1.56B,7.64%,$0.12B,$1.56B,7.64%,$0.12B,$4.01B,2.94%,$0.14B,$3.67B,3.75%,$145,$53,$93,$0,$11,$111,$35,$-18,$17,$0,$17,$17,$19,$87,$35,$93,96,$0.21,$0.21,$23,$0,$0,$213,$3496,$0,$0,$76,$3796,$4010,$203,$2113,$0,$2246,$2449,$1,$-986,$-6,$1561,$4010,$21,$52,$3,$55,$3,$0,$0,$-7,$-42,$33,$-48,$0,$0,$0,$0,$0,$0,$-47,$-1,$19,$18,$41,$41,$-40,$-2,$17,$3,$4,$-40
15,2014-12-31,37.89,$16.70,2.27,$5.95,6.37,$-1.34,0.0,$1.19,31.84,$0.22B,$0.23B,0.93,$2.07B,$1.52B,1.36,$0.56B,$0.35B,62.77%,$0.56B,$0.13B,23.92%,$0.56B,$0.13B,23.92%,$0.56B,$0.34B,60.43%,$0.56B,$0.10B,17.45%,$0.56B,$0.11B,19.60%,$0.11B,$1.55B,7.28%,$0.11B,$1.55B,7.28%,$0.11B,$4.00B,2.80%,$0.13B,$3.62B,3.74%,$102,$37,$65,$0,$8,$79,$23,$-18,$5,$0,$5,$5,$22,$74,$23,$91,94,$0.25,$0.24,$23,$0,$0,$215,$3248,$0,$0,$313,$3784,$3999,$231,$2071,$15,$2217,$2448,$1,$-957,$-4,$1551,$3999,$116,$203,$-34,$168,$-3,$0,$0,$-1,$-17,$267,$-339,$0,$-4,$0,$2,$2,$13,$-328,$120,$-7,$113,$114,$114,$-157,$-11,$60,$-1,$7,$-154
16,2014-09-30,32.95,$16.58,1.99,$5.95,5.53,$-1.69,0.0,$1.28,25.74,$0.20B,$0.23B,0.87,$2.04B,$1.48B,1.37,$0.55B,$0.35B,62.61%,$0.55B,$0.13B,23.23%,$0.55B,$0.13B,23.23%,$0.55B,$0.33B,59.89%,$0.55B,$0.09B,16.70%,$0.55B,$0.12B,21.23%,$0.12B,$1.51B,7.89%,$0.12B,$1.51B,7.89%,$0.12B,$3.90B,3.04%,$0.13B,$3.55B,3.64%,$153,$57,$95,$0,$8,$113,$39,$15,$54,$0,$54,$54,$52,$90,$39,$91,94,$0.57,$0.57,$22,$0,$0,$199,$3403,$0,$0,$74,$3696,$3895,$230,$2037,$0,$2152,$2382,$1,$-949,$-3,$1514,$3895,$92,$151,$-33,$118,$-2,$0,$0,$-3,$-27,$184,$-173,$0,$0,$0,$-1,$-1,$15,$-159,$121,$-66,$56,$46,$46,$-117,$-8,$-23,$1,$6,$-115
17,2014-06-30,35.18,$16.05,2.19,$5.92,5.94,$-4.04,0.0,$1.32,26.65,$0.20B,$0.22B,0.91,$2.08B,$1.42B,1.47,$0.54B,$0.34B,62.80%,$0.54B,$0.12B,22.65%,$0.54B,$0.12B,22.65%,$0.54B,$0.32B,59.67%,$0.54B,$0.05B,8.66%,$0.54B,$0.12B,21.73%,$0.12B,$1.45B,7.97%,$0.12B,$1.45B,7.97%,$0.12B,$3.88B,3.06%,$0.12B,$3.53B,3.49%,$153,$55,$97,$0,$9,$115,$38,$-13,$25,$0,$25,$25,$23,$90,$38,$90,93,$0.25,$0.25,$29,$0,$0,$199,$3315,$0,$0,$144,$3677,$3877,$219,$2084,$0,$2207,$2426,$1,$-962,$-5,$1451,$3877,$38,$101,$1,$103,$1,$0,$0,$-6,$-26,$115,$-145,$0,$0,$0,$-6,$-6,$17,$-133,$161,$-59,$102,$9,$9,$-78,$-6,$27,$9,$5,$-77
18,2014-03-31,31.87,$16.31,1.95,$5.82,5.48,$-5.23,0.0,$1.40,22.77,$0.19B,$0.20B,0.95,$2.04B,$1.44B,1.42,$0.52B,$0.33B,62.91%,$0.52B,$0.12B,23.14%,$0.52B,$0.12B,23.14%,$0.52B,$0.31B,60.04%,$0.52B,$0.04B,7.07%,$0.52B,$0.12B,23.52%,$0.12B,$1.47B,8.57%,$0.12B,$1.47B,8.57%,$0.12B,$3.82B,3.27%,$0.12B,$3.51B,3.51%,$148,$56,$92,$0,$11,$115,$33,$-20,$13,$0,$13,$13,$12,$82,$33,$90,93,$0.13,$0.13,$22,$0,$0,$189,$3338,$0,$0,$74,$3631,$3820,$199,$2039,$0,$2152,$2351,$1,$-947,$-3,$1469,$3820,$14,$49,$6,$55,$1,$0,$0,$-5,$-37,$31,$-65,$0,$0,$0,$0,$0,$21,$-44,$-2,$59,$57,$-0,$-0,$-39,$-2,$16,$3,$4,$-38
19,2013-12-31,29.67,$16.67,1.78,$5.76,5.15,$-5.67,0.0,$1.42,20.9,$0.20B,$0.22B,0.93,$1.98B,$1.47B,1.35,$0.51B,$0.32B,63.56%,$0.51B,$0.12B,23.96%,$0.51B,$0.12B,23.96%,$0.51B,$0.31B,61.19%,$0.51B,$0.04B,6.93%,$0.51B,$0.12B,24.36%,$0.12B,$1.50B,9.03%,$0.12B,$1.50B,9.03%,$0.12B,$3.81B,3.35%,$0.12B,$3.48B,3.61%,$97,$36,$61,$0,$8,$79,$18,$-18,$0,$0,$0,$-1,$30,$68,$18,$85,89,$0.35,$0.35,$24,$0,$0,$203,$3312,$0,$0,$69,$3604,$3807,$219,$1983,$0,$2089,$2308,$1,$-920,$-3,$1499,$3807,$131,$188,$-59,$129,$-1,$0,$0,$-0,$-4,$256,$-356,$0,$-33,$0,$27,$27,$5,$-357,$-261,$193,$-68,$314,$314,$-148,$-0,$97,$-4,$7,$-146
20,2013-09-30,28.64,$16.75,1.71,$6.04,4.74,$-5.21,0.0,$1.27,22.55,$0.23B,$0.21B,1.09,$2.08B,$1.48B,1.41,$0.52B,$0.33B,63.51%,$0.52B,$0.13B,25.10%,$0.52B,$0.13B,25.10%,$0.52B,$0.31B,59.85%,$0.52B,$0.04B,7.53%,$0.52B,$0.11B,20.66%,$0.11B,$1.51B,8.37%,$0.11B,$1.51B,8.37%,$0.11B,$3.90B,3.01%,$0.13B,$3.58B,4.01%,$145,$54,$91,$0,$9,$110,$34,$-25,$9,$0,$9,$17,$53,$84,$34,$87,91,$0.61,$0.61,$47,$0,$0,$227,$3347,$0,$0,$95,$3670,$3897,$209,$2078,$0,$2182,$2391,$1,$-912,$-5,$1506,$3897,$99,$138,$-46,$93,$-1,$0,$0,$-3,$-5,$187,$-390,$0,$-33,$0,$16,$16,$5,$-402,$-158,$183,$26,$313,$313,$-110,$3,$233,$18,$6,$-108
21,2013-06-30,28.53,$15.05,1.89,$5.98,4.77,$-2.50,0.0,$1.09,26.17,$0.20B,$0.19B,1.08,$1.96B,$1.24B,1.59,$0.50B,$0.32B,63.71%,$0.50B,$0.13B,25.60%,$0.50B,$0.13B,25.60%,$0.50B,$0.30B,59.88%,$0.50B,$0.04B,8.06%,$0.50B,$0.09B,17.54%,$0.09B,$1.26B,7.35%,$0.09B,$1.26B,7.35%,$0.09B,$3.54B,2.57%,$0.13B,$3.22B,4.12%,$133,$47,$85,$0,$8,$96,$36,$-22,$15,$0,$15,$15,$28,$80,$36,$83,87,$0.33,$0.33,$26,$0,$0,$200,$3051,$0,$0,$107,$3340,$3540,$185,$1960,$0,$2090,$2275,$1,$-927,$-4,$1264,$3540,$43,$88,$-5,$83,$2,$0,$0,$-3,$-9,$117,$-248,$0,$0,$0,$0,$0,$8,$-241,$-40,$112,$72,$124,$124,$-71,$-6,$120,$-4,$5,$-70
22,2013-03-31,31.36,$14.37,2.18,$6.06,5.17,$-0.37,0.0,$0.93,33.72,$0.20B,$0.17B,1.19,$1.93B,$1.15B,1.67,$0.49B,$0.31B,63.67%,$0.49B,$0.12B,25.31%,$0.49B,$0.12B,25.31%,$0.49B,$0.29B,59.80%,$0.49B,$0.03B,6.94%,$0.49B,$0.07B,14.69%,$0.07B,$1.18B,6.40%,$0.07B,$1.18B,6.40%,$0.07B,$3.42B,2.19%,$0.12B,$3.11B,4.14%,$130,$47,$84,$0,$11,$97,$33,$-22,$11,$0,$11,$11,$12,$77,$33,$81,85,$0.15,$0.15,$27,$0,$0,$200,$2932,$0,$0,$113,$3221,$3421,$168,$1926,$0,$2073,$2240,$1,$-919,$-11,$1180,$3421,$14,$44,$5,$49,$-1,$0,$0,$-3,$-20,$42,$-109,$0,$-0,$0,$0,$0,$10,$-99,$-37,$75,$37,$57,$57,$-35,$-3,$56,$-2,$3,$-34
23,2012-12-31,25.9,$14.50,1.79,$6.16,4.21,$0.45,58.19,$1.01,25.64,$0.19B,$0.17B,1.11,$1.89B,$1.14B,1.66,$0.49B,$0.31B,63.71%,$0.49B,$0.13B,25.77%,$0.49B,$0.13B,25.77%,$0.49B,$0.29B,59.59%,$0.49B,$0.03B,7.01%,$0.49B,$0.08B,15.88%,$0.08B,$1.17B,7.14%,$0.08B,$1.17B,7.14%,$0.08B,$3.35B,2.39%,$0.13B,$3.05B,4.24%,$110,$41,$69,$0,$9,$83,$27,$-23,$4,$0,$4,$8,$14,$69,$27,$76,80,$0.18,$0.19,$33,$0,$0,$191,$2692,$0,$0,$303,$3159,$3350,$172,$1889,$0,$2013,$2186,$1,$-897,$-13,$1165,$3350,$84,$165,$-21,$145,$3,$0,$0,$-2,$-36,$193,$-246,$0,$0,$0,$10,$10,$-2,$-239,$288,$-339,$-51,$247,$247,$-131,$-17,$48,$3,$8,$-129
24,2012-09-30,24.93,$14.37,1.73,$5.90,4.22,$1.48,16.83,$0.99,25.18,$0.18B,$0.15B,1.19,$1.81B,$1.10B,1.64,$0.46B,$0.29B,63.56%,$0.46B,$0.12B,26.03%,$0.46B,$0.12B,26.03%,$0.46B,$0.28B,61.17%,$0.46B,$0.03B,6.29%,$0.46B,$0.07B,16.05%,$0.07B,$1.13B,7.16%,$0.07B,$1.13B,7.16%,$0.07B,$3.21B,2.33%,$0.12B,$2.94B,4.13%,$123,$46,$78,$0,$10,$93,$31,$-20,$10,$0,$10,$10,$33,$71,$31,$77,80,$0.44,$0.43,$31,$0,$0,$181,$2759,$0,$0,$120,$3028,$3210,$152,$1806,$0,$1929,$2082,$1,$-878,$-13,$1128,$3210,$69,$123,$-20,$103,$5,$0,$0,$-4,$-33,$138,$-100,$0,$4,$0,$-3,$-3,$5,$-95,$146,$-273,$-127,$189,$189,$-97,$-11,$-45,$-2,$6,$-95
25,2012-06-30,25.39,$13.61,1.87,$5.90,4.3,$1.04,24.45,$0.66,38.47,$0.18B,$0.14B,1.31,$1.85B,$1.00B,1.85,$0.46B,$0.29B,63.30%,$0.46B,$0.11B,24.84%,$0.46B,$0.11B,24.84%,$0.46B,$0.27B,59.78%,$0.46B,$0.02B,4.84%,$0.46B,$0.05B,10.55%,$0.05B,$1.03B,4.78%,$0.05B,$1.03B,4.78%,$0.05B,$3.15B,1.52%,$0.11B,$2.88B,3.89%,$127,$46,$81,$0,$9,$94,$33,$-23,$9,$0,$9,$11,$13,$76,$33,$75,79,$0.17,$0.17,$27,$0,$0,$180,$2680,$0,$0,$158,$2965,$3145,$137,$1854,$0,$1979,$2116,$1,$-879,$-11,$1029,$3145,$33,$83,$0,$83,$7,$0,$0,$-4,$-22,$93,$-45,$0,$0,$0,$-2,$-2,$8,$-39,$206,$-287,$-81,$93,$93,$-64,$-7,$-59,$-5,$4,$-63
26,2012-03-31,24.82,$13.43,1.85,$5.79,4.28,$1.02,24.34,$0.63,39.39,$0.19B,$0.12B,1.54,$1.94B,$0.96B,2.02,$0.44B,$0.28B,63.66%,$0.44B,$0.11B,25.73%,$0.44B,$0.11B,25.73%,$0.44B,$0.27B,59.82%,$0.44B,$0.03B,5.64%,$0.44B,$0.05B,10.16%,$0.05B,$0.99B,4.50%,$0.05B,$0.99B,4.50%,$0.05B,$3.17B,1.45%,$0.11B,$2.92B,4.00%,$125,$44,$81,$0,$10,$91,$34,$-22,$11,$0,$11,$11,$17,$73,$34,$73,77,$0.23,$0.23,$33,$0,$0,$188,$2699,$0,$0,$153,$2982,$3170,$123,$1935,$0,$2059,$2182,$1,$-860,$-4,$989,$3170,$18,$39,$-1,$39,$2,$0,$0,$-5,$-35,$22,$-20,$0,$1,$0,$-0,$-0,$7,$-13,$222,$-221,$1,$27,$27,$-32,$-4,$-8,$1,$2,$-31
27,2011-12-31,21.81,$13.58,1.61,$5.67,3.84,$1.15,18.98,$0.54,40.39,$0.19B,$0.15B,1.25,$1.90B,$0.96B,1.98,$0.43B,$0.27B,63.43%,$0.43B,$0.11B,25.93%,$0.43B,$0.11B,25.93%,$0.43B,$0.26B,59.95%,$0.43B,$0.03B,6.02%,$0.43B,$0.04B,8.80%,$0.04B,$0.99B,3.73%,$0.04B,$0.99B,3.73%,$0.04B,$3.18B,1.25%,$0.11B,$2.89B,4.02%,$86,$32,$53,$0,$8,$64,$22,$-23,$-1,$0,$-1,$1,$11,$62,$22,$72,76,$0.16,$0.16,$38,$0,$0,$186,$2601,$0,$0,$266,$2995,$3181,$149,$1899,$36,$2046,$2194,$1,$-846,$-6,$987,$3181,$48,$148,$6,$154,$-8,$0,$0,$-1,$-6,$195,$-167,$0,$3,$0,$-34,$-34,$-18,$-215,$-145,$332,$187,$23,$-29,$-127,$-13,$17,$-3,$6,$-123
28,2011-09-30,20.47,$13.94,1.47,$5.82,3.51,$2.03,10.1,$0.51,40.15,$0.18B,$0.13B,1.4,$1.93B,$0.98B,1.96,$0.44B,$0.29B,64.48%,$0.44B,$0.12B,26.02%,$0.44B,$0.12B,26.02%,$0.44B,$0.26B,58.60%,$0.44B,$0.03B,6.56%,$0.44B,$0.04B,8.14%,$0.04B,$1.01B,3.45%,$0.04B,$1.01B,3.45%,$0.04B,$3.17B,1.22%,$0.12B,$2.94B,4.22%,$117,$44,$73,$0,$12,$94,$24,$-21,$3,$0,$3,$4,$7,$61,$24,$72,76,$0.10,$0.10,$34,$0,$0,$179,$2720,$0,$0,$144,$2993,$3172,$128,$1927,$0,$2033,$2160,$1,$-826,$-4,$1011,$3172,$35,$107,$3,$111,$-3,$0,$0,$-1,$-10,$136,$-134,$0,$3,$0,$-34,$-34,$-15,$-180,$43,$135,$178,$22,$-30,$-96,$-11,$41,$-3,$5,$-92
29,2011-06-30,23.67,$13.96,1.7,$5.82,4.07,$3.10,7.64,$0.51,46.41,$0.16B,$0.11B,1.49,$1.65B,$0.98B,1.68,$0.44B,$0.28B,64.40%,$0.44B,$0.12B,27.21%,$0.44B,$0.12B,27.21%,$0.44B,$0.26B,59.64%,$0.44B,$0.03B,7.48%,$0.44B,$0.04B,8.16%,$0.04B,$1.01B,3.37%,$0.04B,$1.01B,3.37%,$0.04B,$2.89B,1.25%,$0.12B,$2.66B,4.53%,$115,$40,$75,$0,$8,$81,$34,$-22,$12,$0,$12,$14,$10,$69,$34,$72,76,$0.14,$0.14,$17,$0,$0,$158,$2489,$0,$0,$157,$2731,$2889,$106,$1648,$0,$1773,$1879,$1,$-803,$-4,$1010,$2889,$27,$70,$3,$73,$-2,$0,$0,$-1,$-13,$88,$-42,$0,$0,$0,$-39,$-39,$2,$-79,$46,$45,$92,$17,$-36,$-64,$-6,$-14,$-5,$3,$-61
30,2011-03-31,24.72,$14.77,1.67,$5.82,4.25,$3.41,7.25,$0.87,28.41,$0.18B,$0.09B,1.87,$1.59B,$0.98B,1.61,$0.44B,$0.29B,64.77%,$0.44B,$0.12B,27.50%,$0.44B,$0.12B,27.50%,$0.44B,$0.26B,60.00%,$0.44B,$0.06B,13.86%,$0.44B,$0.06B,14.09%,$0.06B,$1.07B,5.63%,$0.06B,$1.07B,5.63%,$0.06B,$2.88B,2.16%,$0.12B,$2.65B,4.57%,$114,$41,$73,$0,$8,$82,$32,$-20,$12,$0,$12,$12,$10,$67,$32,$72,76,$0.14,$0.14,$37,$0,$0,$175,$2506,$0,$0,$110,$2702,$2877,$94,$1586,$0,$1718,$1812,$1,$-782,$-4,$1065,$2877,$12,$35,$2,$37,$-1,$0,$0,$-2,$-21,$28,$-17,$0,$1,$0,$-0,$-0,$2,$-14,$60,$-30,$30,$8,$8,$-32,$-3,$2,$17,$2,$-30
31,2010-12-31,22.2,$15.18,1.46,$5.83,3.81,$3.56,6.23,$0.87,25.52,$0.15B,$0.11B,1.42,$1.56B,$1.01B,1.55,$0.44B,$0.29B,64.63%,$0.44B,$0.12B,27.44%,$0.44B,$0.12B,27.44%,$0.44B,$0.26B,59.64%,$0.44B,$0.06B,13.61%,$0.44B,$0.06B,14.06%,$0.06B,$1.09B,5.55%,$0.06B,$1.09B,5.55%,$0.06B,$2.87B,2.16%,$0.12B,$2.64B,4.59%,$96,$33,$64,$0,$9,$71,$25,$-23,$2,$0,$2,$4,$9,$62,$25,$72,76,$0.11,$0.12,$19,$0,$0,$152,$2508,$0,$0,$127,$2720,$2872,$107,$1556,$0,$1677,$1784,$1,$-762,$-4,$1088,$2872,$72,$141,$-14,$127,$-3,$0,$0,$1,$-9,$191,$-96,$0,$0,$0,$14,$14,$4,$-78,$-18,$30,$12,$3,$3,$-128,$-9,$-122,$-9,$7,$-122
32,2010-09-30,22.34,$15.45,1.45,$6.08,3.67,$3.90,5.72,$0.70,31.92,$0.16B,$0.11B,1.4,$1.54B,$1.03B,1.5,$0.46B,$0.29B,63.96%,$0.46B,$0.13B,27.47%,$0.46B,$0.13B,27.47%,$0.46B,$0.26B,57.80%,$0.46B,$0.07B,14.29%,$0.46B,$0.05B,10.99%,$0.05B,$1.11B,4.43%,$0.05B,$1.11B,4.43%,$0.05B,$2.88B,1.74%,$0.13B,$2.64B,4.74%,$116,$43,$72,$0,$9,$86,$29,$-22,$7,$0,$7,$9,$7,$65,$29,$72,76,$0.10,$0.10,$26,$0,$0,$158,$2532,$0,$0,$113,$2720,$2878,$113,$1535,$0,$1659,$1771,$1,$-740,$-3,$1107,$2878,$61,$104,$-17,$88,$-5,$0,$0,$-0,$-6,$143,$-60,$0,$0,$0,$16,$16,$6,$-38,$-8,$0,$-8,$2,$2,$-96,$-6,$-108,$-3,$5,$-91
33,2010-06-30,18.84,$16.02,1.18,$6.06,3.11,$4.34,4.34,$0.74,25.45,$0.17B,$0.11B,1.61,$1.50B,$1.07B,1.41,$0.45B,$0.29B,64.16%,$0.45B,$0.13B,27.65%,$0.45B,$0.13B,27.65%,$0.45B,$0.26B,57.52%,$0.45B,$0.07B,15.49%,$0.45B,$0.05B,11.73%,$0.05B,$1.15B,4.64%,$0.05B,$1.15B,4.64%,$0.05B,$2.86B,1.84%,$0.13B,$2.64B,4.72%,$114,$38,$76,$0,$7,$78,$35,$4,$40,$0,$40,$40,$36,$70,$35,$72,76,$0.51,$0.50,$42,$0,$0,$170,$2499,$0,$0,$114,$2685,$2855,$105,$1497,$0,$1603,$1708,$1,$-717,$-3,$1147,$2855,$52,$69,$-19,$49,$-1,$0,$0,$2,$-2,$100,$-31,$0,$0,$0,$16,$16,$0,$-16,$-5,$0,$-5,$1,$1,$-64,$-4,$-72,$12,$3,$-61
34,2010-03-31,21.23,$15.70,1.35,$6.15,3.45,$4.82,4.41,$0.74,28.69,$0.13B,$0.11B,1.18,$1.50B,$1.04B,1.44,$0.45B,$0.29B,63.78%,$0.45B,$0.12B,26.89%,$0.45B,$0.12B,26.89%,$0.45B,$0.25B,56.22%,$0.45B,$0.05B,10.00%,$0.45B,$0.05B,11.11%,$0.05B,$1.12B,4.31%,$0.05B,$1.12B,4.31%,$0.05B,$2.86B,1.73%,$0.12B,$2.62B,4.56%,$115,$42,$73,$0,$9,$83,$32,$-21,$11,$0,$11,$12,$10,$66,$32,$71,75,$0.14,$0.14,$21,$0,$0,$130,$2536,$0,$0,$117,$2725,$2855,$111,$1500,$0,$1621,$1731,$1,$-723,$-3,$1124,$2855,$12,$34,$3,$37,$-4,$0,$0,$-0,$-9,$40,$-17,$0,$2,$0,$1,$1,$1,$-14,$-3,$0,$-3,$1,$1,$-34,$-0,$-36,$-9,$2,$-32
35,2009-12-31,21.98,$15.90,1.38,$6.30,3.49,$4.64,4.73,$0.77,28.54,$0.14B,$0.12B,1.17,$1.51B,$1.05B,1.43,$0.45B,$0.29B,64.06%,$0.45B,$0.12B,26.79%,$0.45B,$0.12B,26.79%,$0.45B,$0.25B,56.70%,$0.45B,$0.05B,10.27%,$0.45B,$0.05B,11.38%,$0.05B,$1.13B,4.45%,$0.05B,$1.13B,4.45%,$0.05B,$2.89B,1.75%,$0.12B,$2.64B,4.48%,$110,$40,$70,$0,$9,$81,$29,$-21,$7,$0,$7,$7,$-3,$62,$29,$68,72,$-0.06,$-0.05,$31,$0,$0,$137,$2554,$0,$0,$122,$2750,$2887,$117,$1507,$0,$1637,$1754,$1,$-702,$-4,$1133,$2887,$62,$136,$1,$136,$-3,$0,$0,$-2,$-9,$189,$-74,$0,$12,$0,$3,$3,$-3,$-62,$32,$-163,$-131,$151,$151,$-121,$-16,$-117,$10,$7,$-114
36,2009-09-30,20.43,$16.43,1.24,$6.45,3.17,$2.91,7.01,$0.57,35.84,$0.17B,$0.13B,1.28,$1.51B,$1.09B,1.39,$0.44B,$0.28B,63.74%,$0.44B,$0.12B,26.80%,$0.44B,$0.12B,26.80%,$0.44B,$0.25B,55.86%,$0.44B,$0.05B,11.26%,$0.44B,$0.04B,8.78%,$0.04B,$1.17B,3.46%,$0.04B,$1.17B,3.46%,$0.04B,$2.93B,1.33%,$0.12B,$2.68B,4.42%,$113,$43,$71,$0,$9,$84,$29,$-16,$12,$0,$12,$12,$10,$62,$29,$71,75,$0.15,$0.14,$60,$0,$0,$165,$2559,$0,$0,$135,$2765,$2930,$129,$1508,$0,$1632,$1762,$1,$-669,$-4,$1168,$2930,$63,$102,$-14,$88,$-1,$0,$0,$-1,$4,$155,$-40,$0,$0,$0,$2,$2,$-7,$-45,$32,$-163,$-131,$147,$147,$-89,$-9,$-82,$28,$5,$-84
37,2009-06-30,14.32,$17.20,0.83,$6.72,2.13,$1.37,10.42,$0.64,22.38,$0.13B,$0.13B,0.98,$1.46B,$1.14B,1.29,$0.44B,$0.28B,63.96%,$0.44B,$0.12B,27.48%,$0.44B,$0.12B,27.48%,$0.44B,$0.25B,56.76%,$0.44B,$0.05B,10.81%,$0.44B,$0.04B,9.23%,$0.04B,$1.22B,3.66%,$0.04B,$1.22B,3.66%,$0.04B,$2.91B,1.39%,$0.12B,$2.68B,4.49%,$112,$39,$73,$0,$9,$81,$31,$-16,$15,$0,$15,$15,$33,$63,$31,$66,70,$0.50,$0.50,$28,$0,$0,$131,$2581,$0,$0,$124,$2776,$2907,$134,$1463,$0,$1554,$1688,$1,$-649,$-4,$1218,$2907,$50,$68,$-17,$52,$2,$0,$0,$-1,$3,$105,$-7,$0,$0,$0,$2,$2,$-7,$-11,$-120,$-55,$-175,$144,$144,$-57,$-5,$-94,$-0,$4,$-54
38,2009-03-31,13.45,$16.76,0.8,$6.95,1.93,$-0.04,0.0,$0.35,38.43,$0.11B,$0.12B,0.93,$1.65B,$0.99B,1.68,$0.45B,$0.28B,63.60%,$0.45B,$0.12B,27.42%,$0.45B,$0.12B,27.42%,$0.45B,$0.25B,57.08%,$0.45B,$0.04B,9.21%,$0.45B,$0.02B,4.49%,$0.02B,$1.07B,1.87%,$0.02B,$1.07B,1.87%,$0.02B,$2.93B,0.68%,$0.12B,$2.72B,4.46%,$113,$41,$73,$0,$8,$82,$31,$-19,$12,$0,$12,$12,$11,$67,$31,$64,68,$0.17,$0.17,$11,$0,$0,$112,$2620,$0,$0,$126,$2818,$2931,$121,$1654,$0,$1741,$1862,$1,$-655,$-5,$1068,$2931,$13,$36,$1,$37,$4,$0,$0,$0,$-4,$46,$-37,$0,$0,$0,$0,$0,$2,$-35,$-19,$34,$15,$-1,$-1,$-29,$-2,$-17,$-6,$0,$-27
39,2008-12-31,16.85,$16.58,1.02,$7.13,2.36,$-0.64,0.0,$0.40,42.13,$0.12B,$0.14B,0.91,$1.64B,$0.97B,1.69,$0.45B,$0.29B,64.04%,$0.45B,$0.13B,28.09%,$0.45B,$0.13B,28.09%,$0.45B,$0.26B,57.53%,$0.45B,$0.04B,8.76%,$0.45B,$0.02B,4.94%,$0.02B,$1.05B,2.09%,$0.02B,$1.05B,2.09%,$0.02B,$2.95B,0.74%,$0.13B,$2.69B,4.55%,$106,$40,$66,$0,$9,$79,$28,$-17,$11,$0,$11,$6,$-15,$56,$28,$59,63,$-0.27,$-0.27,$16,$0,$0,$123,$2616,$0,$0,$134,$2823,$2946,$136,$1639,$0,$1756,$1892,$1,$-639,$-5,$1054,$2946,$36,$132,$18,$150,$-3,$0,$0,$-0,$-28,$158,$-167,$0,$27,$0,$-10,$-10,$15,$-134,$18,$-65,$-47,$207,$154,$-117,$-4,$-13,$11,$7,$-107
40,2008-09-30,21.51,$17.93,1.2,$7.07,3.04,$-0.19,0.0,$0.89,24.17,$0.13B,$0.15B,0.86,$1.62B,$1.06B,1.54,$0.44B,$0.28B,64.46%,$0.44B,$0.12B,28.02%,$0.44B,$0.12B,28.02%,$0.44B,$0.26B,59.23%,$0.44B,$0.05B,10.71%,$0.44B,$0.05B,11.39%,$0.05B,$1.14B,4.79%,$0.05B,$1.14B,4.79%,$0.05B,$2.98B,1.69%,$0.12B,$2.76B,4.48%,$113,$41,$72,$0,$9,$81,$32,$-22,$10,$0,$10,$11,$12,$66,$32,$59,63,$0.21,$0.21,$23,$0,$0,$130,$2664,$0,$0,$117,$2855,$2984,$151,$1624,$0,$1694,$1845,$1,$-597,$-2,$1139,$2984,$48,$103,$-14,$89,$-1,$0,$0,$-1,$-9,$128,$-128,$0,$0,$0,$-10,$-10,$10,$-129,$42,$-95,$-53,$206,$154,$-81,$-8,$11,$11,$0,$-73
41,2008-06-30,18.78,$17.47,1.07,$7.04,2.67,$0.11,172.12,$0.84,22.36,$0.15B,$0.15B,1.0,$1.77B,$0.87B,2.03,$0.43B,$0.28B,64.52%,$0.43B,$0.12B,27.19%,$0.43B,$0.12B,27.19%,$0.43B,$0.26B,58.99%,$0.43B,$0.04B,9.45%,$0.43B,$0.05B,11.06%,$0.05B,$1.01B,4.72%,$0.05B,$1.01B,4.72%,$0.05B,$2.99B,1.63%,$0.12B,$2.77B,4.33%,$113,$41,$72,$0,$11,$82,$31,$-23,$8,$0,$8,$9,$12,$65,$31,$57,62,$0.21,$0.21,$33,$0,$0,$147,$2642,$0,$0,$126,$2842,$2989,$147,$1767,$0,$1835,$1982,$1,$-585,$-1,$1007,$2989,$33,$68,$-9,$59,$3,$0,$0,$-3,$-9,$83,$-85,$0,$0,$0,$-11,$-11,$-21,$-117,$60,$30,$90,$3,$3,$-54,$-4,$35,$1,$0,$-49
42,2008-03-31,18.34,$17.62,1.04,$6.92,2.65,$0.36,50.74,$0.70,26.2,$0.12B,$0.14B,0.85,$1.74B,$0.87B,1.99,$0.43B,$0.28B,64.79%,$0.43B,$0.11B,26.76%,$0.43B,$0.11B,26.76%,$0.43B,$0.25B,58.92%,$0.43B,$0.04B,9.39%,$0.43B,$0.04B,9.39%,$0.04B,$1.01B,3.87%,$0.04B,$1.01B,3.87%,$0.04B,$2.96B,1.37%,$0.11B,$2.75B,4.23%,$113,$39,$75,$0,$10,$79,$34,$-24,$10,$0,$10,$12,$13,$69,$34,$57,61,$0.22,$0.22,$20,$0,$0,$121,$2644,$0,$0,$121,$2837,$2958,$142,$1739,$0,$1806,$1948,$1,$-573,$-2,$1010,$2958,$17,$34,$-4,$30,$3,$0,$0,$-3,$-26,$21,$-49,$0,$0,$0,$-0,$-0,$5,$-45,$42,$19,$61,$-4,$-4,$-27,$-3,$28,$3,$0,$-24
43,2007-12-31,17.1,$17.88,0.96,$6.79,2.52,$1.22,13.97,$1.33,12.86,$0.12B,$0.16B,0.78,$1.68B,$0.89B,1.89,$0.42B,$0.27B,64.20%,$0.42B,$0.11B,25.78%,$0.42B,$0.11B,25.78%,$0.42B,$0.24B,57.76%,$0.42B,$0.05B,12.41%,$0.42B,$0.08B,17.90%,$0.08B,$1.02B,7.08%,$0.08B,$1.02B,7.08%,$0.08B,$2.93B,2.59%,$0.11B,$2.70B,4.05%,$100,$35,$64,$0,$10,$73,$26,$-7,$19,$0,$19,$5,$13,$60,$26,$57,62,$0.21,$0.22,$19,$0,$0,$122,$2622,$0,$0,$110,$2805,$2927,$158,$1677,$0,$1747,$1905,$1,$-561,$-1,$1022,$2927,$97,$133,$-68,$64,$0,$0,$0,$-2,$0,$162,$-143,$0,$0,$0,$15,$15,$-22,$-151,$322,$-146,$176,$-20,$-83,$-117,$-1,$-25,$-14,$0,$-104
44,2007-09-30,21.08,$18.06,1.17,$6.71,3.14,$3.91,5.39,$1.43,14.74,$0.13B,$0.17B,0.76,$1.64B,$0.90B,1.83,$0.41B,$0.26B,63.92%,$0.41B,$0.10B,25.18%,$0.41B,$0.10B,25.18%,$0.41B,$0.24B,57.14%,$0.41B,$0.04B,10.41%,$0.41B,$0.08B,19.85%,$0.08B,$1.03B,7.59%,$0.08B,$1.03B,7.59%,$0.08B,$2.91B,2.85%,$0.10B,$2.67B,3.93%,$108,$39,$69,$0,$10,$80,$27,$-23,$4,$0,$4,$5,$10,$62,$27,$57,61,$0.18,$0.17,$23,$0,$0,$127,$2624,$0,$0,$85,$2780,$2907,$168,$1636,$0,$1707,$1875,$1,$-549,$-1,$1032,$2907,$75,$100,$-54,$46,$-4,$0,$0,$-4,$-0,$121,$-103,$0,$0,$0,$10,$10,$-6,$-98,$326,$-190,$135,$-21,$-83,$-88,$-0,$-36,$-13,$0,$-78
45,2007-06-30,21.29,$18.66,1.14,$6.64,3.21,$6.26,3.4,$1.36,15.65,$0.12B,$0.16B,0.77,$1.59B,$0.91B,1.75,$0.41B,$0.26B,63.73%,$0.41B,$0.11B,25.74%,$0.41B,$0.11B,25.74%,$0.41B,$0.23B,57.11%,$0.41B,$0.05B,11.27%,$0.41B,$0.08B,18.87%,$0.08B,$1.07B,7.01%,$0.08B,$1.07B,7.01%,$0.08B,$2.89B,2.70%,$0.11B,$2.66B,4.00%,$105,$38,$68,$0,$11,$78,$27,$-20,$7,$0,$7,$8,$4,$60,$27,$56,62,$0.07,$0.07,$21,$0,$0,$121,$2614,$0,$0,$84,$2767,$2888,$157,$1593,$0,$1665,$1822,$1,$-535,$-1,$1066,$2888,$62,$65,$-46,$19,$-1,$0,$0,$-1,$-3,$77,$-63,$0,$0,$0,$9,$9,$-8,$-63,$318,$-226,$92,$-21,$-61,$-60,$-0,$-28,$-14,$0,$-52
46,2007-03-31,22.2,$19.70,1.13,$6.63,3.35,$8.59,2.58,$1.33,16.69,$0.12B,$0.14B,0.86,$1.52B,$0.92B,1.66,$0.41B,$0.26B,63.55%,$0.41B,$0.11B,26.11%,$0.41B,$0.11B,26.11%,$0.41B,$0.23B,57.39%,$0.41B,$0.04B,10.59%,$0.41B,$0.08B,18.47%,$0.08B,$1.12B,6.78%,$0.08B,$1.12B,6.78%,$0.08B,$2.85B,2.64%,$0.11B,$2.64B,4.06%,$106,$38,$68,$0,$11,$78,$28,$-6,$22,$0,$22,$34,$48,$60,$28,$56,62,$0.86,$0.85,$19,$0,$0,$121,$2574,$0,$0,$87,$2730,$2851,$140,$1523,$0,$1593,$1733,$1,$-515,$-1,$1117,$2851,$53,$32,$-44,$-12,$-1,$0,$0,$0,$-14,$26,$-1,$0,$0,$0,$6,$6,$-10,$-5,$333,$-311,$22,$-26,$-26,$-30,$-3,$-37,$-16,$0,$-26
47,2006-12-31,22.7,$19.71,1.15,$6.59,3.45,$10.90,2.08,$0.62,36.61,$0.12B,$0.16B,0.76,$1.50B,$0.91B,1.65,$0.40B,$0.26B,63.59%,$0.40B,$0.11B,26.68%,$0.40B,$0.11B,26.68%,$0.40B,$0.23B,57.86%,$0.40B,$0.03B,7.48%,$0.40B,$0.04B,8.73%,$0.04B,$1.11B,3.16%,$0.04B,$1.11B,3.16%,$0.04B,$2.85B,1.24%,$0.11B,$2.61B,4.11%,$94,$35,$59,$0,$11,$72,$22,$-12,$10,$0,$10,$11,$20,$54,$22,$54,61,$0.37,$0.35,$19,$0,$0,$118,$2535,$0,$0,$125,$2727,$2845,$157,$1501,$0,$1580,$1737,$1,$-538,$-2,$1108,$2845,$54,$126,$-23,$102,$3,$0,$0,$-2,$-11,$146,$38,$0,$0,$0,$12,$12,$15,$65,$-221,$183,$-38,$16,$-34,$-119,$-4,$-195,$15,$0,$-102
