,Date,Stock Price,Book Value per Share,Price to Book Ratio,TTM Sales per Share,Price to Sales Ratio,TTM FCF per Share,Price to FCF Ratio,TTM Net EPS,PE Ratio,Current Assets,Current Liabilities,Current Ratio,Long Term Debt,Shareholder's Equity_x,Debt to Equity Ratio,TTM Revenue_x,TTM Gross Profit,Gross Margin,TTM Revenue_y,TTM Operating Income,Operating Margin,TTM Revenue_x,TTM EBIT,EBIT Margin,TTM Revenue_y,TTM EBITDA,EBITDA Margin,TTM Revenue_x,TTM Pre-Tax Income,Pre-Tax Margin,TTM Revenue_y,TTM Net Income_x,Net Margin,TTM Net Income_y,Shareholder's Equity_y,Return on Equity,TTM Net Income_x,Tangible Equity,Return on Tangible Equity,TTM Net Income_y,Total Assets,Return on Assets,TTM Net Income,LT Investments & Debt,Return on Investment,revenue,cost-goods-sold,gross-profit,research-development-expenses,selling-general-administrative-expenses,operating-expenses,operating-income,total-non-operating-income-expense,pre-tax-income,total-provision-income-taxes,income-after-taxes,income-from-continuous-operations,net-income,ebitda,ebit,basic-shares-outstanding,shares-outstanding,eps-basic-net-earnings-per-share,eps-earnings-per-share-diluted,cash-on-hand,inventory,other-current-assets,total-current-assets,net-property-plant-equipment,long-term-investments,goodwill-intangible-assets-total,other-long-term-assets,total-long-term-assets,total-assets,total-current-liabilities,long-term-debt,other-non-current-liabilities,total-long-term-liabilities,total-liabilities,common-stock-net,retained-earnings-accumulated-deficit,comprehensive-income,total-share-holder-equity,total-liabilities-share-holders-equity,net-income-loss,total-depreciation-amortization-cash-flow,other-non-cash-items,total-non-cash-items,change-in-accounts-receivable,change-in-inventories,change-in-accounts-payable,change-in-assets-liabilities,total-change-in-assets-liabilities,cash-flow-from-operating-activities,net-change-in-property-plant-equipment,net-change-in-intangible-assets,net-acquisitions-divestitures,net-change-in-short-term-investments,net-change-in-long-term-investments,net-change-in-investments-total,investing-activities-other,cash-flow-from-investing-activities,net-long-term-debt,net-current-debt,debt-issuance-retirement-net-total,net-common-equity-issued-repurchased,net-total-equity-issued-repurchased,total-common-preferred-stock-dividends-paid,financial-activities-other,cash-flow-from-financial-activities,net-cash-flow,stock-based-compensation,common-stock-dividends-paid
0,2018-09-30,4.47,$6.51,0.69,$1.25,3.58,$-5.09,0.0,$-0.75,0.0,$0.07B,$0.23B,0.33,$0.67B,$1.05B,0.64,$0.19B,$0.17B,88.48%,$0.19B,$-0.03B,-17.28%,$0.19B,$-0.03B,-17.28%,$0.19B,$0.03B,15.71%,$0.19B,$-0.19B,-101.57%,$0.19B,$-0.19B,-101.57%,$-0.19B,$1.05B,-17.74%,$-0.19B,$1.05B,-17.74%,$-0.19B,$1.99B,-10.37%,$-0.03B,$1.71B,-1.98%,$62,$7,$55,$0,$20,$70,$-8,$-73,$-82,$0,$-82,$-82,$-82,$12,$-8,$158,158,$-0.52,$-0.52,$0,$0,$0,$74,$1907,$0,$0,$2,$1912,$1986,$228,$668,$37,$712,$940,$0,$-45,$0,$1046,$1986,$-101,$54,$98,$152,$-7,$0,$-7,$-0,$-15,$37,$-778,$0,$0,$0,$0,$0,$0,$-778,$261,$0,$261,$63,$63,$0,$-7,$317,$-424,$12,$0
1,2018-06-30,4.39,$6.99,0.63,$1.51,2.9,$5.25,0.84,$2.07,2.12,$0.16B,$0.19B,0.87,$0.61B,$1.12B,0.55,$0.23B,$0.19B,84.07%,$0.23B,$0.45B,198.23%,$0.23B,$0.45B,198.23%,$0.23B,$0.53B,233.63%,$0.23B,$0.29B,128.32%,$0.23B,$0.31B,135.84%,$0.31B,$1.12B,27.34%,$0.31B,$1.12B,27.34%,$0.31B,$1.95B,16.04%,$0.45B,$1.74B,27.43%,$55,$7,$48,$0,$14,$49,$6,$-23,$-16,$0,$-16,$-16,$-16,$23,$6,$158,158,$-0.10,$-0.10,$96,$0,$0,$164,$1784,$0,$0,$2,$1787,$1952,$189,$612,$21,$640,$829,$0,$37,$0,$1123,$1952,$-19,$33,$41,$74,$0,$0,$-10,$-2,$-11,$44,$-634,$0,$0,$0,$0,$0,$0,$-634,$206,$0,$206,$63,$63,$0,$-7,$262,$-328,$8,$0
2,2018-03-31,4.87,$7.07,0.69,$2.00,2.44,$5.80,0.84,$1.98,2.46,$0.45B,$0.14B,3.2,$0.61B,$1.13B,0.54,$0.29B,$0.24B,80.76%,$0.29B,$0.46B,157.39%,$0.29B,$0.46B,157.39%,$0.29B,$0.55B,190.38%,$0.29B,$0.33B,112.03%,$0.29B,$0.30B,101.72%,$0.30B,$1.13B,28.88%,$0.30B,$1.13B,28.88%,$0.30B,$1.90B,15.21%,$0.46B,$1.75B,27.66%,$49,$6,$43,$0,$15,$51,$-1,$-1,$-3,$0,$-3,$-3,$-3,$15,$-1,$154,154,$-0.02,$-0.02,$382,$0,$0,$448,$1424,$0,$0,$22,$1450,$1898,$140,$612,$7,$624,$764,$0,$53,$0,$1134,$1898,$-3,$16,$-4,$13,$-5,$0,$-18,$0,$-23,$-13,$-293,$0,$0,$0,$0,$0,$0,$-293,$206,$0,$206,$63,$63,$0,$-6,$264,$-42,$4,$0
3,2017-12-31,7.57,$7.18,1.05,$2.89,2.62,$5.61,1.35,$3.69,2.05,$0.47B,$0.15B,3.14,$0.41B,$1.07B,0.38,$0.38B,$0.30B,78.31%,$0.38B,$0.72B,189.42%,$0.38B,$0.72B,189.42%,$0.38B,$0.83B,219.58%,$0.38B,$0.53B,140.21%,$0.38B,$0.49B,129.10%,$0.49B,$1.07B,53.26%,$0.49B,$1.07B,53.26%,$0.49B,$1.64B,25.28%,$0.72B,$1.48B,43.95%,$25,$2,$23,$0,$24,$55,$-30,$-63,$-93,$0,$-93,$-93,$-93,$-20,$-30,$133,134,$-1.06,$-0.67,$424,$0,$0,$472,$1170,$0,$0,$2,$1172,$1644,$150,$409,$8,$421,$572,$0,$56,$0,$1072,$1644,$536,$115,$-557,$-443,$103,$0,$-78,$-4,$22,$115,$597,$0,$0,$0,$0,$0,$1,$599,$-574,$0,$-574,$0,$400,$0,$-115,$-289,$424,$37,$0
4,2017-09-30,6.8,$7.76,0.88,$4.13,1.65,$0.16,41.24,$4.01,1.7,$1.12B,$0.58B,1.91,$0.41B,$1.16B,0.35,$0.48B,$0.38B,77.85%,$0.48B,$0.76B,158.18%,$0.48B,$0.76B,158.18%,$0.48B,$0.91B,187.99%,$0.48B,$0.60B,123.40%,$0.48B,$0.55B,114.29%,$0.55B,$1.16B,81.60%,$0.55B,$1.16B,81.60%,$0.55B,$2.16B,29.85%,$0.76B,$1.57B,49.99%,$97,$21,$76,$0,$39,$-376,$473,$-71,$402,$-17,$419,$419,$419,$510,$473,$147,148,$2.85,$2.82,$989,$0,$0,$1115,$1043,$0,$0,$2,$1047,$2163,$584,$409,$2,$416,$1001,$0,$149,$0,$1162,$2163,$629,$104,$-624,$-519,$38,$0,$-40,$-5,$-7,$102,$736,$0,$0,$0,$0,$0,$1,$738,$-149,$0,$-149,$0,$400,$0,$-102,$149,$989,$34,$0
5,2017-06-30,4.54,$4.88,0.93,$4.60,0.99,$-6.04,0.0,$-3.77,0.0,$0.16B,$0.23B,0.69,$1.09B,$0.73B,1.49,$0.49B,$0.38B,77.46%,$0.49B,$-0.14B,-28.89%,$0.49B,$-0.14B,-28.89%,$0.49B,$0.00B,1.02%,$0.49B,$0.66B,136.07%,$0.49B,$0.60B,122.54%,$0.60B,$0.73B,142.64%,$0.60B,$0.73B,142.64%,$0.60B,$2.08B,36.32%,$-0.14B,$1.83B,-9.93%,$120,$28,$93,$0,$27,$104,$16,$5,$20,$0,$20,$20,$-27,$49,$16,$144,144,$-0.19,$-0.19,$0,$0,$0,$157,$1916,$0,$0,$2,$1924,$2081,$228,$1094,$1,$1121,$1349,$0,$-270,$0,$732,$2081,$210,$68,$-204,$-137,$35,$0,$15,$0,$50,$123,$-580,$0,$0,$0,$0,$0,$0,$-580,$117,$0,$117,$0,$400,$0,$-60,$457,$-0,$21,$0
6,2017-03-31,7.7,$7.52,1.02,$4.64,1.66,$-3.09,0.0,$-111.04,0.0,$0.20B,$0.17B,1.22,$0.94B,$0.70B,1.35,$0.47B,$0.37B,77.22%,$0.47B,$-0.42B,-88.19%,$0.47B,$-0.42B,-88.19%,$0.47B,$-0.26B,-55.49%,$0.47B,$0.27B,56.96%,$0.47B,$0.24B,51.27%,$0.24B,$0.70B,1620.00%,$0.24B,$0.70B,1620.00%,$0.24B,$1.83B,13.97%,$-0.42B,$1.64B,-56.32%,$136,$32,$104,$0,$21,$-121,$257,$-55,$201,$12,$189,$189,$189,$291,$257,$91,112,$2.07,$1.69,$62,$0,$0,$203,$1626,$0,$0,$2,$1631,$1834,$167,$941,$1,$968,$1135,$0,$-291,$0,$699,$1834,$189,$35,$-192,$-158,$30,$0,$-17,$1,$14,$46,$-290,$0,$0,$0,$0,$0,$0,$-290,$-36,$0,$-36,$0,$400,$0,$-58,$306,$62,$8,$0
7,2016-12-31,9.34,$1.21,7.71,$4.11,2.27,$-1.61,0.0,$-272.73,0.0,$0.16B,$0.21B,0.77,$0.97B,$0.11B,8.56,$0.42B,$0.32B,75.18%,$0.42B,$-1.27B,-302.39%,$0.42B,$-1.27B,-302.39%,$0.42B,$-1.09B,-259.90%,$0.42B,$-0.47B,-112.41%,$0.42B,$-0.51B,-122.43%,$-0.51B,$0.11B,178.90%,$-0.51B,$0.11B,178.90%,$-0.51B,$1.32B,-25.74%,$-1.27B,$1.08B,-136.90%,$130,$28,$103,$0,$25,$112,$18,$-45,$-27,$1,$-29,$-29,$-29,$58,$18,$91,91,$-2.84,$-2.84,$0,$0,$0,$161,$1157,$0,$0,$2,$1159,$1320,$208,$965,$3,$999,$1207,$0,$-480,$0,$113,$1320,$-467,$178,$557,$735,$27,$0,$-13,$-3,$11,$278,$-289,$0,$0,$0,$0,$0,$-2,$-291,$114,$0,$114,$0,$0,$0,$-110,$4,$-8,$26,$0
8,2016-09-30,9.38,$1.43,6.54,$3.76,2.49,$-3.35,0.0,$-393.10,0.0,$0.21B,$0.18B,1.16,$1.01B,$0.13B,7.57,$0.41B,$0.30B,73.33%,$0.41B,$-1.92B,-474.07%,$0.41B,$-1.92B,-474.07%,$0.41B,$-1.71B,-422.72%,$0.41B,$-0.84B,-206.17%,$0.41B,$-0.91B,-224.44%,$-0.91B,$0.13B,300.99%,$-0.91B,$0.13B,300.99%,$-0.91B,$1.35B,-35.96%,$-1.92B,$1.14B,-138.35%,$102,$25,$78,$0,$34,$534,$-432,$902,$470,$-5,$476,$476,$465,$-393,$-432,$91,91,$5.11,$5.11,$2,$0,$0,$206,$1140,$0,$0,$2,$1145,$1351,$177,$1006,$4,$1041,$1218,$0,$-451,$0,$133,$1351,$-439,$138,$479,$617,$60,$0,$-46,$-4,$10,$188,$-238,$0,$0,$0,$0,$0,$-2,$-240,$156,$0,$156,$0,$0,$0,$-110,$46,$-6,$18,$0
9,2016-06-30,15.78,$-244.64,-0.06,$3.50,4.51,$-4.18,0.0,$-357.63,0.0,$0.29B,$3.07B,0.09,$0.00B,$-0.89B,0.0,$0.43B,$0.32B,74.36%,$0.43B,$-2.02B,-465.82%,$0.43B,$-2.02B,-465.82%,$0.43B,$-1.77B,-408.55%,$0.43B,$-1.15B,-266.05%,$0.43B,$-1.25B,-288.68%,$-1.25B,$-0.89B,576.04%,$-1.25B,$-0.89B,576.04%,$-1.25B,$2.45B,-38.41%,$-2.02B,$-0.89B,-100.88%,$106,$25,$81,$0,$25,$368,$-261,$-113,$-374,$0,$-374,$-374,$-382,$-219,$-261,$121,121,$-3.17,$-3.17,$24,$1,$6,$288,$2158,$0,$0,$2,$2165,$2454,$3068,$0,$9,$271,$3339,$0,$-4174,$0,$-885,$2454,$-914,$99,$910,$1009,$72,$0,$-20,$-5,$48,$143,$-171,$0,$0,$0,$0,$0,$0,$-171,$29,$0,$29,$0,$0,$0,$-2,$28,$-1,$4,$0
10,2016-03-31,32.68,$-140.24,-0.23,$54.84,0.6,$-65.39,0.0,$-594.24,0.0,$0.44B,$0.21B,2.06,$2.88B,$-0.51B,-5.67,$0.50B,$0.38B,76.77%,$0.50B,$-2.71B,-547.47%,$0.50B,$-2.71B,-547.47%,$0.50B,$-2.40B,-485.05%,$0.50B,$-1.87B,-376.97%,$0.50B,$-1.97B,-398.59%,$-1.97B,$-0.51B,-2174.10%,$-1.97B,$-0.51B,-2174.10%,$-1.97B,$2.85B,-51.91%,$-2.71B,$2.37B,-84.15%,$81,$28,$53,$0,$42,$674,$-592,$52,$-540,$0,$-540,$-540,$-567,$-535,$-592,$120,120,$-4.72,$-4.72,$26,$5,$0,$440,$2387,$0,$0,$8,$2408,$2848,$214,$2880,$7,$3142,$3356,$0,$-3794,$0,$-508,$2848,$-540,$57,$504,$561,$62,$0,$-45,$-3,$13,$34,$-118,$0,$0,$0,$0,$0,$0,$-118,$85,$0,$85,$0,$0,$0,$-1,$84,$1,$2,$0
11,2015-12-31,42.84,$0.43,100.14,$109.17,0.39,$-135.39,0.0,$-676.61,0.0,$0.56B,$0.30B,1.89,$2.87B,$0.05B,54.83,$0.55B,$0.43B,77.45%,$0.55B,$-2.74B,-498.91%,$0.55B,$-2.74B,-498.91%,$0.55B,$-2.37B,-431.09%,$0.55B,$-1.91B,-348.00%,$0.55B,$-2.01B,-364.91%,$-2.01B,$0.05B,-389.52%,$-2.01B,$0.05B,-389.52%,$-2.01B,$3.46B,-44.20%,$-2.74B,$2.93B,-70.39%,$116,$32,$85,$0,$20,$751,$-635,$245,$-391,$3,$-393,$-393,$-425,$-565,$-635,$108,108,$566.39,$566.56,$25,$0,$0,$557,$2876,$0,$0,$9,$2902,$3459,$295,$2874,$7,$3111,$3406,$0,$-3231,$0,$52,$3459,$-1923,$374,$1978,$2353,$86,$0,$-53,$4,$37,$467,$-667,$0,$0,$0,$0,$0,$0,$-667,$190,$0,$190,$15,$15,$-8,$-33,$164,$-36,$15,$0
12,2015-09-30,90.1,$132.42,0.68,$110.30,0.82,$-137.35,0.0,$-474.58,0.0,$0.55B,$0.46B,1.19,$3.11B,$0.47B,6.58,$0.67B,$0.54B,80.53%,$0.67B,$-2.32B,-345.02%,$0.67B,$-2.32B,-345.02%,$0.67B,$-1.87B,-278.16%,$0.67B,$-1.26B,-187.82%,$0.67B,$-1.34B,-198.37%,$-1.34B,$0.47B,-141.23%,$-1.34B,$0.47B,-141.23%,$-1.34B,$4.26B,-25.32%,$-2.32B,$3.59B,-51.19%,$130,$27,$103,$0,$21,$659,$-529,$682,$153,$6,$147,$147,$124,$-450,$-529,$117,151,$1.05,$0.88,$23,$4,$0,$552,$3452,$0,$0,$49,$3702,$4255,$464,$3112,$7,$3317,$3782,$0,$-2806,$0,$473,$4255,$-1529,$303,$1534,$1838,$75,$0,$-60,$8,$24,$332,$-542,$0,$0,$0,$0,$0,$3,$-539,$187,$0,$187,$12,$12,$-5,$-26,$169,$-37,$11,$0
13,2015-06-30,197.2,$99.30,1.99,$204.19,0.97,$-184.55,0.0,$-444.07,0.0,$0.49B,$0.46B,1.07,$3.65B,$0.35B,10.57,$0.85B,$0.71B,83.76%,$0.85B,$-1.72B,-202.47%,$0.85B,$-1.72B,-202.47%,$0.85B,$-1.21B,-142.82%,$0.85B,$-1.22B,-143.65%,$0.85B,$-1.27B,-149.65%,$-1.27B,$0.35B,-105.43%,$-1.27B,$0.35B,-105.43%,$-1.27B,$4.64B,-22.35%,$-1.72B,$4.00B,-35.07%,$168,$29,$139,$0,$23,$1122,$-954,$-134,$-1088,$0,$-1089,$-1089,$-1105,$-851,$-954,$3,3,$-343.39,$-343.39,$26,$4,$0,$489,$3913,$0,$0,$69,$4153,$4642,$459,$3653,$6,$3838,$4296,$0,$-2929,$0,$346,$4642,$-1676,$224,$1660,$1884,$45,$-0,$-37,$1,$9,$218,$-415,$0,$0,$0,$0,$0,$3,$-412,$167,$0,$167,$15,$15,$0,$-21,$161,$-34,$8,$0
14,2015-03-31,261.8,$462.31,0.57,$285.66,0.92,$-125.91,0.0,$-130.51,0.0,$0.62B,$0.55B,1.13,$3.89B,$1.19B,3.27,$1.01B,$0.87B,85.73%,$1.01B,$-0.68B,-67.00%,$1.01B,$-0.68B,-67.00%,$1.01B,$-0.14B,-13.58%,$1.01B,$-0.20B,-19.82%,$1.01B,$-0.24B,-23.79%,$-0.24B,$1.19B,-16.55%,$-0.24B,$1.19B,-16.55%,$-0.24B,$5.81B,-4.02%,$-0.68B,$5.08B,-13.22%,$136,$37,$99,$0,$24,$762,$-626,$38,$-588,$-0,$-588,$-588,$-601,$-505,$-626,$2,2,$-242.71,$-242.71,$35,$4,$0,$621,$4853,$0,$0,$60,$5185,$5806,$552,$3893,$6,$4065,$4617,$0,$-1824,$0,$1190,$5806,$-588,$121,$530,$651,$56,$0,$-27,$1,$31,$94,$-269,$0,$0,$0,$0,$0,$1,$-268,$144,$0,$144,$6,$6,$0,$-1,$149,$-25,$5,$0
15,2014-12-31,302.6,$702.11,0.43,$343.44,0.88,$-173.17,0.0,$79.66,3.8,$0.70B,$0.75B,0.94,$3.71B,$1.77B,2.09,$1.15B,$1.00B,87.28%,$1.15B,$-0.06B,-5.05%,$1.15B,$-0.06B,-5.05%,$1.15B,$0.48B,41.81%,$1.15B,$0.32B,27.44%,$1.15B,$0.28B,24.65%,$0.28B,$1.77B,18.90%,$0.28B,$1.77B,18.90%,$0.28B,$6.38B,4.77%,$-0.06B,$5.48B,-1.14%,$239,$38,$201,$0,$26,$452,$-213,$472,$259,$0,$259,$259,$247,$-66,$-213,$83,108,$-10.16,$4.63,$60,$5,$0,$703,$5380,$0,$0,$13,$5681,$6383,$745,$3705,$6,$3866,$4611,$0,$-1223,$0,$1772,$6383,$316,$539,$-240,$299,$86,$0,$-40,$7,$53,$668,$-1083,$0,$0,$0,$0,$0,$-188,$-1271,$557,$0,$557,$0,$-5,$107,$-15,$644,$41,$19,$0
16,2014-09-30,673.2,$608.96,1.11,$470.39,1.43,$-873.66,0.0,$-172.88,0.0,$0.43B,$0.71B,0.61,$3.55B,$1.52B,2.34,$1.20B,$1.04B,87.15%,$1.20B,$-0.05B,-4.42%,$1.20B,$-0.05B,-4.42%,$1.20B,$0.48B,40.32%,$1.20B,$-0.18B,-14.86%,$1.20B,$-0.38B,-31.64%,$-0.38B,$1.52B,-26.76%,$-0.38B,$1.52B,-26.76%,$-0.38B,$5.93B,-6.68%,$-0.05B,$5.07B,-1.09%,$307,$34,$273,$0,$30,$235,$72,$125,$196,$-1,$198,$198,$187,$208,$72,$2,3,$76.27,$61.02,$111,$6,$0,$433,$5402,$4,$0,$59,$5501,$5934,$712,$3551,$8,$3705,$4417,$0,$-1471,$0,$1518,$5934,$57,$392,$42,$434,$31,$-1,$59,$2,$91,$582,$-739,$0,$0,$0,$0,$0,$-188,$-927,$345,$0,$345,$0,$0,$107,$-14,$437,$92,$14,$0
17,2014-06-30,1239.3,$530.39,2.34,$507.27,2.44,$-1428.06,0.0,$-605.08,0.0,$0.52B,$0.74B,0.7,$3.51B,$1.32B,2.66,$1.20B,$1.04B,86.62%,$1.20B,$-1.27B,-106.35%,$1.20B,$-1.27B,-106.35%,$1.20B,$-0.73B,-60.87%,$1.20B,$-1.59B,-132.86%,$1.20B,$-1.43B,-119.23%,$-1.43B,$1.32B,-95.10%,$-1.43B,$1.32B,-95.10%,$-1.43B,$5.73B,-25.43%,$-1.27B,$4.83B,-26.40%,$327,$35,$292,$0,$28,$236,$91,$-159,$-67,$0,$-67,$-67,$-73,$226,$91,$2,2,$-30.51,$-30.51,$177,$6,$0,$515,$5147,$0,$0,$67,$5214,$5729,$740,$3511,$8,$3669,$4409,$0,$-1657,$0,$1319,$5729,$-140,$256,$208,$463,$0,$-1,$86,$3,$88,$411,$-418,$0,$0,$0,$0,$0,$-190,$-608,$259,$0,$259,$0,$0,$110,$-14,$355,$158,$9,$0
18,2014-03-31,736.1,$556.53,1.32,$455.92,1.61,$-1761.56,0.0,$-561.02,0.0,$0.33B,$0.69B,0.47,$3.55B,$1.38B,2.57,$1.08B,$0.93B,85.50%,$1.08B,$-1.33B,-122.90%,$1.08B,$-1.33B,-122.90%,$1.08B,$-0.83B,-76.36%,$1.08B,$-1.46B,-135.00%,$1.08B,$-1.32B,-121.61%,$-1.32B,$1.38B,-73.57%,$-1.32B,$1.38B,-76.00%,$-1.32B,$5.68B,-23.03%,$-1.33B,$4.94B,-27.11%,$275,$39,$236,$0,$33,$284,$-8,$-65,$-73,$0,$-73,$-73,$-78,$112,$-8,$2,2,$-32.20,$-32.20,$0,$5,$0,$327,$5252,$0,$0,$78,$5349,$5676,$691,$3554,$11,$3604,$4295,$0,$-1584,$0,$1381,$5676,$-73,$121,$92,$213,$12,$0,$0,$5,$19,$160,$-447,$0,$0,$0,$0,$0,$-62,$-509,$348,$0,$348,$0,$0,$0,$-0,$348,$-2,$4,$0
19,2013-12-31,656.2,$590.19,1.11,$427.48,1.54,$-1807.43,0.0,$-527.12,0.0,$0.34B,$0.66B,0.51,$3.20B,$1.45B,2.21,$1.00B,$0.85B,85.49%,$1.00B,$-1.29B,-129.23%,$1.00B,$-1.29B,-129.23%,$1.00B,$-0.83B,-82.58%,$1.00B,$-1.38B,-138.14%,$1.00B,$-1.23B,-123.52%,$-1.23B,$1.45B,-62.62%,$-1.23B,$1.45B,-66.49%,$-1.23B,$5.36B,-21.67%,$-1.29B,$4.65B,-26.75%,$289,$46,$243,$0,$34,$497,$-208,$-26,$-234,$176,$-410,$-410,$-415,$-63,$-208,$2,2,$-200.00,$-194.92,$3,$5,$0,$339,$4916,$0,$0,$70,$5018,$5356,$664,$3203,$2,$3244,$3909,$0,$-1506,$0,$1448,$5356,$-1223,$466,$1314,$1780,$-96,$-1,$42,$-9,$-64,$494,$-2071,$0,$-33,$0,$0,$0,$3,$-2101,$1081,$0,$1081,$223,$568,$0,$-41,$1607,$0,$17,$0
20,2013-09-30,753.1,$756.16,1.0,$433.49,1.74,$-2311.21,0.0,$-362.71,0.0,$0.33B,$0.73B,0.45,$3.01B,$1.85B,1.63,$0.84B,$0.72B,85.75%,$0.84B,$-1.09B,-130.66%,$0.84B,$-1.09B,-130.66%,$0.84B,$-0.72B,-85.63%,$0.84B,$-1.17B,-139.88%,$0.84B,$-0.83B,-99.04%,$-0.83B,$1.85B,-38.79%,$-0.83B,$1.85B,-42.19%,$-0.83B,$5.67B,-14.73%,$-1.09B,$4.86B,-23.23%,$305,$40,$265,$0,$34,$1452,$-1147,$-68,$-1215,$-360,$-855,$-855,$-860,$-1003,$-1147,$2,2,$-371.19,$-371.19,$0,$6,$0,$329,$5079,$0,$0,$86,$5342,$5671,$728,$3005,$3,$3094,$3822,$0,$-1091,$0,$1850,$5671,$-812,$322,$897,$1219,$-83,$-1,$77,$-8,$-15,$392,$-1789,$0,$-32,$0,$0,$0,$-6,$-1827,$902,$0,$902,$223,$568,$0,$-37,$1433,$-2,$12,$0
21,2013-06-30,963.9,$1136.65,0.85,$366.62,2.63,$-2355.25,0.0,$-10.17,0.0,$0.30B,$0.72B,0.41,$2.71B,$2.48B,1.09,$0.60B,$0.51B,84.41%,$0.60B,$0.05B,8.46%,$0.60B,$0.05B,8.46%,$0.60B,$0.31B,50.75%,$0.60B,$0.03B,4.64%,$0.60B,$0.01B,2.16%,$0.01B,$2.48B,0.67%,$0.01B,$2.25B,0.75%,$0.01B,$6.17B,0.27%,$0.05B,$5.20B,1.26%,$214,$32,$182,$0,$34,$183,$32,$28,$60,$23,$37,$37,$36,$127,$32,$2,3,$16.95,$13.56,$3,$7,$0,$296,$5522,$0,$229,$108,$5871,$6167,$715,$2714,$4,$2970,$3685,$0,$-232,$0,$2482,$6167,$43,$178,$7,$185,$-53,$-1,$63,$-5,$4,$231,$-1107,$0,$-30,$0,$0,$0,$-31,$-1167,$613,$0,$613,$0,$345,$0,$-21,$936,$1,$7,$0
22,2013-03-31,1324.3,$963.53,1.37,$313.35,4.23,$-2609.99,0.0,$-123.73,0.0,$0.34B,$0.74B,0.46,$2.50B,$2.10B,1.19,$0.41B,$0.34B,82.77%,$0.41B,$0.01B,2.91%,$0.41B,$0.01B,2.91%,$0.41B,$0.18B,43.20%,$0.41B,$-0.03B,-7.28%,$0.41B,$-0.10B,-25.00%,$-0.10B,$2.10B,-6.88%,$-0.10B,$1.87B,-7.67%,$-0.10B,$5.58B,-2.87%,$0.01B,$4.61B,0.40%,$191,$27,$164,$0,$32,$159,$32,$-23,$9,$3,$5,$5,$5,$114,$32,$2,2,$3.39,$1.70,$1,$4,$0,$342,$4934,$0,$229,$74,$5239,$5581,$738,$2504,$0,$2741,$3479,$0,$-269,$0,$2102,$5581,$5,$82,$18,$100,$-51,$-1,$-11,$3,$-60,$46,$-416,$0,$-30,$0,$0,$0,$1,$-445,$410,$0,$410,$0,$0,$0,$-12,$398,$-2,$2,$0
23,2012-12-31,1176.4,$1374.32,0.86,$295.19,3.99,$-2529.44,0.0,$-210.17,0.0,$0.29B,$0.68B,0.43,$2.04B,$1.40B,1.46,$0.25B,$0.19B,78.23%,$0.25B,$-0.03B,-12.10%,$0.25B,$-0.03B,-12.10%,$0.25B,$0.07B,26.61%,$0.25B,$-0.07B,-27.02%,$0.25B,$-0.14B,-57.26%,$-0.14B,$2.09B,-12.45%,$-0.14B,$1.87B,-13.61%,$-0.14B,$5.04B,-5.82%,$-0.03B,$4.13B,-1.45%,$125,$20,$105,$0,$45,$133,$-8,$-14,$-22,$-14,$-8,$-8,$-8,$47,$-8,$1,1,$49.15,$49.15,$3,$3,$0,$288,$4459,$0,$228,$66,$4753,$5041,$678,$2037,$0,$2270,$2948,$0,$-274,$0,$2093,$5041,$-54,$96,$12,$109,$-93,$1,$122,$-1,$29,$84,$-1200,$0,$-1632,$0,$0,$0,$-1,$-2832,$1812,$0,$1812,$567,$878,$0,$61,$2751,$2,$5,$0
24,2012-09-30,1246.1,$873.11,1.43,$330.88,3.77,$-1292.88,0.0,$-281.36,0.0,$0.15B,$0.21B,0.73,$1.18B,$1.11B,1.06,$0.15B,$0.11B,75.17%,$0.15B,$-0.02B,-14.77%,$0.15B,$-0.02B,-14.77%,$0.15B,$0.03B,16.78%,$0.15B,$-0.06B,-41.61%,$0.15B,$-0.15B,-97.99%,$-0.15B,$1.11B,-23.64%,$-0.15B,$0.95B,-25.29%,$-0.15B,$2.75B,-11.72%,$-0.02B,$2.29B,-2.03%,$73,$15,$58,$0,$33,$78,$-5,$-15,$-19,$1,$-20,$-20,$-20,$18,$-5,$1,1,$-18.64,$-18.64,$18,$9,$0,$151,$2399,$0,$161,$39,$2601,$2751,$206,$1175,$0,$1432,$1638,$0,$-262,$0,$1114,$2751,$-46,$41,$17,$58,$-26,$-2,$19,$-2,$-10,$2,$-734,$0,$-876,$0,$0,$0,$-2,$-1612,$954,$0,$954,$273,$584,$0,$90,$1629,$18,$4,$0
25,2012-06-30,1604.8,$801.24,2.0,$421.65,3.81,$-618.95,0.0,$-186.43,0.0,$0.24B,$0.04B,6.34,$0.24B,$0.68B,0.36,$0.10B,$0.07B,69.00%,$0.10B,$-0.01B,-11.00%,$0.10B,$-0.01B,-11.00%,$0.10B,$0.02B,19.00%,$0.10B,$-0.02B,-18.00%,$0.10B,$-0.11B,-114.00%,$-0.11B,$0.68B,-33.21%,$-0.11B,$0.68B,-33.21%,$-0.11B,$1.00B,-18.20%,$-0.01B,$0.92B,-1.95%,$23,$9,$14,$0,$13,$31,$-7,$9,$2,$-5,$8,$8,$-80,$-1,$-7,$1,1,$-100.00,$-100.00,$219,$4,$0,$242,$689,$0,$0,$36,$753,$995,$38,$243,$0,$276,$314,$0,$-242,$0,$681,$995,$-26,$18,$2,$21,$1,$-0,$4,$-2,$2,$-3,$-472,$0,$0,$0,$0,$0,$-29,$-501,$29,$0,$29,$273,$584,$0,$109,$723,$219,$2,$0
26,2012-03-31,1594.6,$1147.53,1.39,$574.20,2.78,$-30.84,0.0,$-30.50,0.0,$0.71B,$0.02B,29.52,$0.24B,$0.38B,0.64,$0.11B,$0.07B,70.48%,$0.11B,$0.00B,3.81%,$0.11B,$0.00B,3.81%,$0.11B,$0.03B,32.38%,$0.11B,$-0.01B,-7.62%,$0.11B,$-0.03B,-23.81%,$-0.03B,$0.67B,-14.35%,$-0.03B,$0.67B,-14.35%,$-0.03B,$0.97B,-5.61%,$0.00B,$0.91B,1.03%,$27,$10,$17,$0,$20,$37,$-10,$-18,$-28,$6,$-33,$-33,$-34,$2,$-10,$0,0,$-84.75,$-84.75,$686,$4,$0,$705,$236,$0,$0,$10,$265,$969,$24,$240,$0,$273,$297,$0,$-250,$0,$673,$969,$-33,$12,$16,$28,$-1,$0,$-3,$-1,$-4,$-9,$-25,$0,$0,$0,$0,$0,$-4,$-28,$29,$0,$29,$273,$584,$0,$109,$723,$686,$2,$0
27,2011-12-31,1596.3,$10.85,147.13,$675.25,2.36,$44.90,35.55,$-11.86,0.0,$0.02B,$0.03B,0.73,$0.21B,$0.00B,121.94,$0.10B,$0.07B,70.19%,$0.10B,$0.02B,19.23%,$0.10B,$0.02B,19.23%,$0.10B,$0.05B,44.23%,$0.10B,$0.01B,4.81%,$0.10B,$-0.00B,-0.96%,$-0.00B,$0.00B,-21.05%,$-0.00B,$0.00B,-21.05%,$-0.00B,$0.27B,-0.37%,$0.02B,$0.21B,9.46%,$26,$4,$23,$0,$7,$26,$0,$-17,$-17,$-4,$-12,$-12,$-12,$6,$0,$0,0,$-77.97,$-77.97,$0,$4,$0,$20,$217,$0,$0,$7,$247,$267,$28,$205,$0,$238,$265,$0,$-221,$0,$2,$267,$-1,$27,$8,$34,$0,$-1,$-8,$5,$-3,$30,$-25,$0,$0,$0,$0,$0,$0,$-25,$5,$0,$5,$-0,$-0,$0,$-9,$-4,$0,$4,$0
28,2011-09-30,387.6,$112.07,3.46,$661.13,0.59,$359.05,1.08,$40.68,9.53,$0.02B,$0.03B,0.76,$0.20B,$0.02B,11.51,$0.10B,$0.06B,62.75%,$0.10B,$0.02B,21.57%,$0.10B,$0.02B,21.57%,$0.10B,$0.05B,52.94%,$0.10B,$0.02B,19.61%,$0.10B,$0.01B,6.86%,$0.01B,$0.02B,133.33%,$0.01B,$0.02B,133.33%,$0.01B,$0.28B,2.58%,$0.02B,$0.22B,10.48%,$24,$9,$15,$0,$4,$18,$6,$19,$25,$13,$12,$12,$12,$12,$6,$0,0,$76.27,$76.27,$0,$4,$6,$19,$214,$8,$0,$1,$256,$275,$25,$201,$0,$233,$258,$0,$-204,$0,$17,$275,$11,$20,$-3,$18,$1,$-1,$-10,$5,$-4,$24,$-20,$0,$0,$0,$0,$0,$0,$-20,$3,$0,$3,$-0,$-0,$0,$-7,$-4,$0,$2,$0
29,2011-06-30,637.5,$30.61,20.83,$680.77,0.94,$342.43,1.86,$-25.43,0.0,$0.02B,$0.03B,0.82,$0.21B,$0.01B,43.76,$0.11B,$0.07B,62.86%,$0.11B,$0.02B,20.95%,$0.11B,$0.02B,20.95%,$0.11B,$0.05B,51.43%,$0.11B,$-0.01B,-4.76%,$0.11B,$-0.00B,-2.86%,$-0.00B,$0.01B,-100.00%,$-0.00B,$0.01B,-100.00%,$-0.00B,$0.27B,-1.06%,$0.02B,$0.21B,10.03%,$28,$10,$19,$0,$5,$20,$8,$4,$12,$3,$9,$9,$9,$14,$8,$0,0,$57.63,$57.63,$0,$4,$0,$24,$213,$0,$0,$1,$250,$273,$29,$208,$0,$240,$269,$0,$-216,$0,$5,$273,$-1,$14,$6,$20,$0,$-0,$-5,$-0,$-6,$13,$-13,$0,$0,$0,$0,$0,$0,$-13,$8,$0,$8,$-0,$-0,$0,$-7,$1,$0,$1,$0
30,2011-03-31,1060.8,$-32.39,-32.75,$686.89,1.54,$362.59,2.93,$-66.11,0.0,$0.02B,$0.04B,0.64,$0.21B,$-0.01B,-42.7,$0.11B,$0.07B,62.26%,$0.11B,$0.02B,19.81%,$0.11B,$0.02B,19.81%,$0.11B,$0.06B,51.89%,$0.11B,$-0.02B,-14.15%,$0.11B,$-0.01B,-8.49%,$-0.01B,$-0.01B,-276.92%,$-0.01B,$-0.01B,-276.92%,$-0.01B,$0.27B,-3.08%,$0.02B,$0.21B,9.18%,$26,$10,$16,$0,$5,$20,$6,$-21,$-15,$-5,$-10,$-10,$-10,$14,$6,$0,0,$-64.41,$-64.41,$0,$3,$0,$22,$210,$0,$0,$1,$252,$274,$35,$213,$0,$244,$279,$0,$-225,$0,$-5,$274,$-10,$8,$12,$20,$-1,$-0,$-5,$0,$-6,$4,$-5,$0,$0,$0,$0,$0,$0,$-5,$8,$0,$8,$-0,$-0,$0,$-7,$1,$0,$1,$0
31,2010-12-31,938.4,$27.03,34.72,$721.23,1.3,$371.42,2.53,$15.26,61.51,$0.02B,$0.03B,0.62,$0.20B,$0.00B,47.32,$0.11B,$0.07B,63.96%,$0.11B,$0.03B,22.52%,$0.11B,$0.03B,22.52%,$0.11B,$0.06B,52.25%,$0.11B,$0.00B,3.60%,$0.11B,$0.00B,2.70%,$0.00B,$0.00B,60.00%,$0.00B,$0.00B,60.00%,$0.00B,$0.27B,1.00%,$0.03B,$0.20B,10.46%,$24,$11,$14,$0,$5,$22,$2,$-4,$-2,$2,$-4,$-4,$-4,$14,$2,$0,0,$-25.43,$-25.43,$0,$3,$1,$21,$210,$0,$0,$1,$244,$265,$33,$197,$0,$228,$261,$0,$-215,$0,$4,$265,$2,$34,$2,$36,$4,$1,$-1,$-3,$-0,$38,$15,$0,$0,$0,$0,$0,$0,$15,$-52,$0,$-52,$-1,$-1,$0,$0,$-53,$-0,$3,$0
32,2010-09-30,790.5,$52.46,15.07,$731.70,1.08,$84.18,9.39,$-40.68,0.0,$0.02B,$0.03B,0.69,$0.25B,$0.01B,30.45,$0.11B,$0.07B,63.72%,$0.11B,$0.03B,22.12%,$0.11B,$0.03B,22.12%,$0.11B,$0.06B,49.56%,$0.11B,$0.00B,1.77%,$0.11B,$-0.01B,-5.31%,$-0.01B,$0.01B,-160.00%,$-0.01B,$0.01B,-160.00%,$-0.01B,$0.32B,-1.92%,$0.03B,$0.26B,9.99%,$27,$10,$17,$0,$4,$21,$6,$-6,$0,$-2,$2,$2,$2,$12,$6,$0,0,$10.17,$10.17,$2,$3,$1,$23,$257,$0,$0,$1,$293,$316,$33,$247,$0,$275,$308,$0,$-211,$0,$8,$316,$7,$22,$1,$22,$3,$0,$2,$-2,$0,$29,$-28,$0,$0,$0,$0,$0,$0,$-28,$-1,$0,$-1,$-0,$-0,$0,$0,$-2,$-0,$2,$0
33,2010-06-30,1055.7,$37.20,28.38,$728.06,1.45,$96.98,10.89,$-71.19,0.0,$0.02B,$0.03B,0.61,$0.25B,$0.01B,42.63,$0.11B,$0.07B,62.16%,$0.11B,$0.02B,18.02%,$0.11B,$0.02B,18.02%,$0.11B,$0.05B,46.85%,$0.11B,$-0.00B,-2.70%,$0.11B,$-0.01B,-9.91%,$-0.01B,$0.01B,-1100.00%,$-0.01B,$0.01B,-1100.00%,$-0.01B,$0.31B,-3.54%,$0.02B,$0.25B,8.05%,$29,$10,$19,$0,$5,$22,$7,$-5,$2,$-1,$3,$3,$3,$15,$7,$0,0,$15.26,$15.26,$0,$4,$0,$20,$254,$1,$0,$2,$292,$312,$34,$245,$0,$273,$306,$0,$-212,$0,$6,$312,$5,$15,$-0,$15,$3,$0,$1,$-2,$1,$21,$-19,$0,$0,$0,$0,$0,$0,$-19,$-2,$0,$-2,$-0,$-0,$0,$0,$-3,$-0,$1,$0
34,2010-03-31,744.6,$14.53,51.25,$611.25,1.22,$76.00,9.8,$-167.81,0.0,$0.02B,$0.03B,0.69,$0.25B,$0.00B,110.61,$0.09B,$0.05B,54.35%,$0.09B,0,0.00%,$0.09B,0,0.00%,$0.09B,$0.03B,35.87%,$0.09B,$-0.02B,-22.83%,$0.09B,$-0.03B,-29.35%,$-0.03B,$0.00B,3600.00%,$-0.03B,$0.00B,3600.00%,$-0.03B,$0.31B,-8.62%,$0.00B,$0.25B,0.00%,$31,$10,$21,$0,$4,$21,$10,$-6,$4,$2,$2,$2,$2,$17,$10,$0,0,$15.26,$15.26,$0,$4,$0,$23,$250,$1,$0,$2,$287,$310,$33,$247,$1,$275,$307,$0,$-215,$0,$2,$310,$2,$7,$2,$10,$1,$0,$-4,$-1,$-4,$8,$-8,$0,$0,$0,$0,$0,$0,$-8,$0,$0,$0,$-0,$-0,$0,$0,$-0,$-0,$1,$0
35,2009-12-31,1045.5,$-3.48,-300.78,$580.81,1.8,$9.00,116.18,$-432.25,0.0,$0.02B,$0.04B,0.62,$0.25B,$-0.00B,-468.44,$0.09B,$0.04B,50.57%,$0.09B,$-0.06B,-64.37%,$0.09B,$-0.06B,-64.37%,$0.09B,$-0.02B,-24.14%,$0.09B,$-0.08B,-86.21%,$0.09B,$-0.06B,-66.67%,$-0.06B,$-0.00B,-3314.29%,$-0.06B,$-0.00B,-3314.29%,$-0.06B,$0.31B,-17.76%,$-0.06B,$0.25B,-21.90%,$26,$11,$15,$0,$5,$23,$2,$-6,$-4,$9,$-13,$-13,$-13,$12,$2,$0,0,$-77.94,$-77.94,$0,$4,$0,$24,$249,$0,$0,$2,$288,$311,$38,$246,$1,$274,$312,$0,$-217,$0,$-1,$311,$-58,$35,$67,$102,$-1,$0,$-11,$15,$-12,$32,$-24,$0,$0,$0,$0,$0,$0,$-24,$-6,$0,$-6,$-0,$-0,$0,$-2,$-8,$-0,$2,$0
36,2009-09-30,617.1,$-22.51,-27.41,$904.11,0.68,$-106.71,0.0,$-1408.62,0.0,$0.02B,$0.03B,0.84,$0.25B,$-0.00B,-73.82,$0.13B,$0.09B,66.41%,$0.13B,$-0.29B,-219.85%,$0.13B,$-0.29B,-219.85%,$0.13B,$-0.25B,-190.08%,$0.13B,$-0.31B,-238.93%,$0.13B,$-0.20B,-150.38%,$-0.20B,$-0.00B,-1193.94%,$-0.20B,$-0.00B,-1193.94%,$-0.20B,$0.31B,-56.33%,$-0.29B,$0.25B,-106.18%,$25,$11,$14,$0,$5,$24,$1,$-6,$-5,$-2,$-3,$-3,$-3,$8,$1,$0,0,$-20.34,$-20.34,$1,$0,$4,$24,$230,$0,$0,$2,$286,$309,$28,$251,$3,$284,$313,$0,$-220,$0,$-3,$309,$-46,$25,$54,$79,$0,$0,$-14,$15,$-14,$19,$-16,$0,$0,$0,$0,$0,$0,$-16,$-1,$0,$-1,$-0,$-0,$0,$-2,$-3,$-0,$2,$0
37,2009-06-30,408.0,$-8.11,-50.33,$1281.97,0.32,$-121.02,0.0,$-1200.12,0.0,$0.03B,$0.03B,0.93,$0.26B,$-0.00B,-210.0,$0.19B,$0.14B,75.79%,$0.19B,$-0.24B,-123.68%,$0.19B,$-0.24B,-123.68%,$0.19B,$-0.19B,-101.05%,$0.19B,$-0.27B,-140.00%,$0.19B,$-0.17B,-87.37%,$-0.17B,$-0.00B,-238.85%,$-0.17B,$-0.00B,-238.85%,$-0.17B,$0.32B,-38.45%,$-0.24B,$0.26B,-72.53%,$10,$10,$0,$0,$4,$23,$-13,$-4,$-16,$-3,$-13,$-13,$-13,$-4,$-13,$0,0,$-91.54,$-91.54,$5,$0,$4,$31,$239,$0,$0,$2,$292,$323,$34,$257,$3,$291,$324,$0,$-217,$0,$-1,$323,$-43,$18,$51,$69,$0,$0,$-6,$15,$-9,$17,$-17,$0,$0,$0,$0,$0,$0,$-17,$5,$0,$5,$-0,$-0,$0,$-2,$3,$2,$1,$0
38,2009-03-31,372.3,$77.66,4.79,$1333.35,0.28,$-88.13,0.0,$-1164.52,0.0,$0.06B,$0.06B,1.08,$0.26B,$0.01B,21.47,$0.20B,$0.15B,75.13%,$0.20B,$-0.24B,-119.80%,$0.20B,$-0.24B,-119.80%,$0.20B,$-0.19B,-96.45%,$0.20B,$-0.27B,-137.56%,$0.20B,$-0.16B,-80.71%,$-0.16B,$0.01B,-138.56%,$-0.16B,$0.01B,-138.56%,$-0.16B,$0.36B,-31.35%,$-0.24B,$0.27B,-63.44%,$26,$11,$15,$0,$5,$72,$-46,$-4,$-50,$-21,$-29,$-29,$-29,$-37,$-46,$0,0,$-193.24,$-193.24,$41,$0,$7,$61,$243,$1,$0,$2,$302,$363,$57,$261,$3,$294,$351,$0,$-205,$0,$12,$363,$-29,$9,$29,$38,$2,$0,$-5,$0,$-5,$3,$-13,$0,$0,$0,$0,$0,$0,$-13,$10,$0,$10,$-0,$-0,$0,$0,$10,$-0,$1,$0
39,2008-12-31,448.8,$374.54,1.2,$1472.19,0.3,$-92.61,0.0,$-920.43,0.0,$0.06B,$0.06B,0.95,$0.25B,$0.06B,4.33,$0.21B,$0.16B,75.85%,$0.21B,$-0.18B,-88.41%,$0.21B,$-0.18B,-88.41%,$0.21B,$-0.14B,-65.22%,$0.21B,$-0.22B,-107.25%,$0.21B,$-0.13B,-63.29%,$-0.13B,$0.06B,-95.97%,$-0.13B,$0.06B,-95.97%,$-0.13B,$0.40B,-23.10%,$-0.18B,$0.31B,-43.86%,$70,$11,$58,$0,$5,$300,$-230,$-11,$-242,$-90,$-152,$-152,$-152,$-216,$-230,$0,0,$-1057.73,$-1057.73,$37,$4,$3,$60,$309,$5,$0,$2,$344,$404,$63,$251,$3,$283,$346,$0,$-159,$0,$58,$404,$-130,$50,$162,$212,$4,$0,$15,$-23,$-7,$74,$-83,$0,$0,$0,$0,$0,$0,$-83,$-85,$0,$-85,$87,$87,$0,$-0,$1,$-7,$3,$0
40,2008-09-30,1473.9,$1355.46,1.09,$1213.16,1.21,$-324.82,0.0,$71.19,20.7,$0.06B,$0.06B,0.92,$0.25B,$0.21B,1.19,$0.16B,$0.11B,70.51%,$0.16B,$0.05B,28.85%,$0.16B,$0.05B,28.85%,$0.16B,$0.09B,54.49%,$0.16B,$0.01B,6.41%,$0.16B,$0.02B,9.62%,$0.02B,$0.21B,10.22%,$0.02B,$0.21B,10.22%,$0.02B,$0.64B,2.45%,$0.05B,$0.46B,10.18%,$84,$13,$71,$0,$6,$30,$54,$-12,$42,$14,$28,$28,$28,$65,$54,$0,0,$188.15,$188.15,$6,$0,$11,$55,$576,$0,$0,$2,$582,$637,$60,$249,$2,$368,$427,$0,$-7,$0,$209,$637,$22,$35,$12,$47,$-3,$0,$7,$-3,$-1,$68,$-67,$0,$0,$0,$0,$0,$0,$-66,$-89,$0,$-89,$87,$87,$0,$-0,$-3,$-1,$2,$0
41,2008-06-30,3213.0,$1166.59,2.75,$895.65,3.59,$-609.13,0.0,$-55.94,0.0,$0.06B,$0.07B,0.85,$0.27B,$0.18B,1.49,$0.09B,$0.05B,56.67%,$0.09B,$-0.00B,-4.44%,$0.09B,$-0.00B,-4.44%,$0.09B,$0.03B,32.22%,$0.09B,$-0.03B,-35.56%,$0.09B,$-0.01B,-8.89%,$-0.01B,$0.18B,-8.38%,$-0.01B,$0.18B,-8.38%,$-0.01B,$0.63B,-1.59%,$-0.00B,$0.45B,-1.12%,$17,$13,$4,$0,$6,$31,$-14,$-6,$-21,$-15,$-6,$-6,$-6,$-2,$-14,$0,0,$-40.68,$-40.68,$17,$0,$1,$62,$556,$0,$0,$2,$563,$625,$73,$268,$2,$371,$444,$0,$-35,$0,$180,$625,$-6,$23,$25,$49,$-8,$0,$11,$-1,$-1,$42,$-38,$0,$0,$0,$0,$0,$0,$-37,$-81,$0,$-81,$87,$87,$0,$-0,$6,$10,$1,$0
42,2008-03-31,2509.2,$825.16,3.04,$997.21,2.52,$-903.70,0.0,$0.00,0.0,$0.05B,$0.04B,1.18,$0.36B,$0.10B,3.6,$0.09B,$0.06B,64.84%,$0.09B,$0.02B,16.48%,$0.09B,$0.02B,16.48%,$0.09B,$0.04B,43.96%,$0.09B,$-0.01B,-10.99%,$0.09B,$-0.00B,-1.10%,$-0.00B,$0.10B,-1.99%,$-0.00B,$0.10B,-1.99%,$-0.00B,$0.60B,-0.25%,$0.02B,$0.45B,5.44%,$36,$12,$24,$0,$6,$29,$7,$-8,$-1,$-1,$-1,$-1,$-1,$18,$7,$0,0,$-5.09,$-5.09,$25,$0,$1,$51,$544,$0,$0,$2,$551,$602,$43,$355,$9,$460,$503,$0,$-30,$0,$99,$602,$-1,$11,$6,$17,$-2,$0,$4,$-11,$-11,$5,$-13,$0,$0,$0,$0,$0,$0,$-13,$16,$0,$16,$-0,$-0,$0,$-0,$16,$8,$1,$0
43,2007-12-31,2560.2,$836.90,3.06,$882.09,2.9,$-894.97,0.0,$0.00,0.0,$0.03B,$0.07B,0.48,$0.31B,$0.10B,3.14,$0.07B,$0.04B,63.77%,$0.07B,$0.01B,15.94%,$0.07B,$0.01B,15.94%,$0.07B,$0.03B,42.03%,$0.07B,$-0.01B,-14.49%,$0.07B,$-0.00B,-1.45%,$-0.00B,$0.10B,-4.00%,$-0.00B,$0.10B,-4.00%,$-0.00B,$0.58B,-0.34%,$0.01B,$0.41B,5.87%,$19,$9,$11,$0,$5,$21,$-2,$-8,$-10,$-4,$-6,$-6,$-6,$4,$-2,$0,0,$-76.28,$-76.28,$7,$0,$1,$31,$542,$0,$0,$2,$549,$580,$66,$310,$9,$416,$482,$0,$-29,$0,$99,$580,$-1,$19,$5,$24,$-3,$0,$-4,$-0,$-6,$17,$-41,$0,$-200,$0,$0,$0,$-0,$-241,$199,$0,$199,$27,$27,$0,$-1,$224,$0,$1,$0
44,2007-09-30,2463.3,$44.39,55.49,$898.15,2.74,$-527.52,0.0,$81.36,30.27,$0.04B,$0.05B,0.79,$0.12B,$0.00B,33.29,$0.07B,$0.04B,65.15%,$0.07B,$0.02B,24.24%,$0.07B,$0.02B,24.24%,$0.07B,$0.04B,63.64%,$0.07B,0,0.00%,$0.07B,$0.01B,9.09%,$0.01B,$0.00B,-88.89%,$0.01B,$0.00B,-88.89%,$0.01B,$0.21B,3.18%,$0.02B,$0.12B,14.35%,$18,$7,$12,$0,$3,$14,$5,$-4,$0,$-4,$5,$5,$5,$9,$5,$0,0,$61.02,$61.02,$27,$0,$0,$36,$166,$0,$0,$1,$170,$206,$46,$120,$3,$157,$203,$0,$-23,$0,$4,$206,$5,$13,$-2,$11,$-1,$0,$1,$0,$-3,$13,$-35,$0,$0,$0,$0,$0,$0,$-35,$15,$0,$15,$27,$27,$0,$-1,$42,$20,$1,$0
45,2007-06-30,2764.2,$-16.51,-167.43,$1000.91,2.76,$-146.78,0.0,$86.45,31.97,$0.04B,$0.05B,0.82,$0.12B,$-0.00B,-89.42,$0.07B,$0.05B,68.57%,$0.07B,$0.02B,31.43%,$0.07B,$0.02B,31.43%,$0.07B,$0.04B,62.86%,$0.07B,$0.01B,10.00%,$0.07B,$0.01B,7.14%,$0.01B,$-0.00B,-33.33%,$0.01B,$-0.00B,-33.33%,$0.01B,$0.20B,2.83%,$0.02B,$0.12B,20.71%,$18,$6,$12,$0,$3,$13,$5,$-4,$1,$0,$1,$1,$1,$9,$5,$0,0,$10.17,$10.17,$29,$0,$0,$37,$164,$0,$0,$1,$167,$203,$45,$120,$3,$160,$205,$0,$-28,$0,$-1,$203,$0,$8,$1,$10,$0,$0,$-2,$0,$-3,$7,$-29,$0,$0,$0,$0,$0,$0,$-29,$16,$0,$16,$27,$27,$0,$0,$43,$22,$0,$0
46,2007-03-31,2361.3,$-27.63,-85.46,$1010.73,2.34,$255.44,9.24,$10.17,232.17,$0.04B,$0.04B,0.86,$0.10B,$-0.00B,-46.27,$0.07B,$0.04B,66.67%,$0.07B,$0.02B,27.27%,$0.07B,$0.02B,27.27%,$0.07B,$0.03B,50.00%,$0.07B,$0.00B,1.52%,$0.07B,$0.00B,1.52%,$0.00B,$-0.00B,-4.49%,$0.00B,$-0.00B,-4.49%,$0.00B,$0.18B,0.61%,$0.02B,$0.10B,17.65%,$14,$5,$9,$0,$3,$11,$3,$-4,$-1,$-0,$-1,$-1,$-1,$7,$3,$0,0,$-10.17,$-10.17,$29,$0,$0,$37,$144,$0,$0,$1,$147,$184,$43,$103,$3,$143,$186,$0,$-28,$0,$-2,$184,$-1,$4,$1,$5,$1,$0,$-4,$0,$-4,$-0,$-4,$0,$0,$0,$0,$0,$0,$-4,$-0,$0,$-0,$0,$0,$0,$27,$27,$23,$0,$0
47,2006-12-31,2810.1,$-424.20,-6.62,$815.88,3.44,$1509.09,1.86,$20.34,138.15,$0.02B,$0.02B,0.86,$0.13B,$-0.03B,-4.71,$0.07B,$0.05B,68.57%,$0.07B,$0.02B,32.86%,$0.07B,$0.02B,32.86%,$0.07B,$0.04B,54.29%,$0.07B,$0.01B,10.00%,$0.07B,$0.01B,7.14%,$0.01B,$-0.03B,-33.90%,$0.01B,$-0.03B,-33.90%,$0.01B,$0.16B,3.90%,$0.02B,$0.10B,27.46%,$16,$6,$10,$0,$3,$12,$3,$-4,$-0,$-1,$1,$1,$1,$17,$3,$0,0,$-629493.40,$-607830.30,$7,$0,$0,$16,$143,$0,$0,$1,$146,$162,$18,$131,$12,$171,$190,$0,$-26,$0,$-28,$162,$5,$15,$-2,$13,$1,$0,$4,$0,$12,$30,$-25,$0,$-0,$0,$0,$0,$0,$-25,$19,$0,$19,$-14,$-14,$-1,$-3,$2,$7,$2,$-1
