,Date,Stock Price,Book Value per Share,Price to Book Ratio,TTM Sales per Share,Price to Sales Ratio,TTM FCF per Share,Price to FCF Ratio,TTM Net EPS,PE Ratio,Current Assets,Current Liabilities,Current Ratio,Long Term Debt,Shareholder's Equity_x,Debt to Equity Ratio,TTM Revenue_x,TTM Gross Profit,Gross Margin,TTM Revenue_y,TTM Operating Income,Operating Margin,TTM Revenue_x,TTM EBIT,EBIT Margin,TTM Revenue_y,TTM EBITDA,EBITDA Margin,TTM Revenue_x,TTM Pre-Tax Income,Pre-Tax Margin,TTM Revenue_y,TTM Net Income_x,Net Margin,TTM Net Income_y,Shareholder's Equity_y,Return on Equity,TTM Net Income_x,Tangible Equity,Return on Tangible Equity,TTM Net Income_y,Total Assets,Return on Assets,TTM Net Income,LT Investments & Debt,Return on Investment,revenue,cost-goods-sold,gross-profit,research-development-expenses,selling-general-administrative-expenses,operating-expenses,operating-income,total-non-operating-income-expense,pre-tax-income,total-provision-income-taxes,income-after-taxes,income-from-continuous-operations,net-income,ebitda,ebit,basic-shares-outstanding,shares-outstanding,eps-basic-net-earnings-per-share,eps-earnings-per-share-diluted,cash-on-hand,inventory,other-current-assets,total-current-assets,net-property-plant-equipment,long-term-investments,goodwill-intangible-assets-total,other-long-term-assets,total-long-term-assets,total-assets,total-current-liabilities,long-term-debt,other-non-current-liabilities,total-long-term-liabilities,total-liabilities,common-stock-net,retained-earnings-accumulated-deficit,comprehensive-income,total-share-holder-equity,total-liabilities-share-holders-equity,net-income-loss,total-depreciation-amortization-cash-flow,other-non-cash-items,total-non-cash-items,change-in-accounts-receivable,change-in-inventories,change-in-accounts-payable,change-in-assets-liabilities,total-change-in-assets-liabilities,cash-flow-from-operating-activities,net-change-in-property-plant-equipment,net-change-in-intangible-assets,net-acquisitions-divestitures,net-change-in-short-term-investments,net-change-in-long-term-investments,net-change-in-investments-total,investing-activities-other,cash-flow-from-investing-activities,net-long-term-debt,net-current-debt,debt-issuance-retirement-net-total,net-common-equity-issued-repurchased,net-total-equity-issued-repurchased,total-common-preferred-stock-dividends-paid,financial-activities-other,cash-flow-from-financial-activities,net-cash-flow,stock-based-compensation,common-stock-dividends-paid
0,2018-09-30,9.88,$11.02,0.9,$5.08,1.94,$-0.07,0.0,$0.62,15.94,$0.53B,$0.20B,2.65,$0.40B,$1.63B,0.25,$0.75B,$0.13B,17.58%,$0.75B,$0.06B,8.32%,$0.75B,$0.06B,8.32%,$0.75B,$0.18B,24.30%,$0.75B,$0.05B,6.04%,$0.75B,$0.09B,12.48%,$0.09B,$1.63B,5.82%,$0.09B,$1.63B,5.82%,$0.09B,$2.38B,3.94%,$0.06B,$2.03B,3.10%,$213,$161,$52,$0,$21,$181,$31,$-3,$28,$1,$27,$27,$27,$62,$31,$147,147,$0.18,$0.18,$325,$0,$47,$530,$1772,$0,$0,$77,$1849,$2378,$200,$401,$42,$546,$746,$1307,$397,$-71,$1632,$2378,$42,$90,$1,$91,$-16,$0,$0,$23,$17,$151,$-55,$0,$0,$0,$0,$0,$0,$-55,$-32,$0,$-32,$1,$1,$0,$-5,$-36,$59,$8,$0
1,2018-06-30,8.33,$10.82,0.77,$4.76,1.75,$-1.34,0.0,$0.46,18.11,$0.50B,$0.20B,2.5,$0.41B,$1.60B,0.26,$0.70B,$0.10B,14.39%,$0.70B,$0.04B,5.18%,$0.70B,$0.04B,5.18%,$0.70B,$0.15B,21.87%,$0.70B,$0.02B,2.59%,$0.70B,$0.07B,9.78%,$0.07B,$1.60B,4.34%,$0.07B,$1.60B,4.34%,$0.07B,$2.37B,2.88%,$0.04B,$2.02B,1.83%,$205,$162,$43,$0,$18,$180,$25,$-7,$18,$0,$18,$18,$18,$55,$25,$147,147,$0.12,$0.12,$288,$0,$52,$497,$1784,$0,$0,$86,$1870,$2367,$198,$413,$47,$566,$764,$1304,$370,$-71,$1602,$2367,$15,$60,$3,$63,$-14,$0,$0,$16,$9,$88,$-42,$0,$0,$0,$0,$0,$0,$-42,$-18,$0,$-18,$0,$0,$0,$-5,$-23,$22,$5,$0
2,2018-03-31,5.79,$10.73,0.54,$4.39,1.32,$-2.12,0.0,$0.30,19.3,$0.44B,$0.18B,2.42,$0.42B,$1.59B,0.27,$0.64B,$0.08B,11.72%,$0.64B,$0.02B,2.50%,$0.64B,$0.02B,2.50%,$0.64B,$0.13B,20.63%,$0.64B,$-0.00B,-0.16%,$0.64B,$0.04B,6.88%,$0.04B,$1.59B,2.85%,$0.04B,$1.59B,2.85%,$0.04B,$2.34B,1.87%,$0.02B,$2.01B,0.82%,$164,$151,$13,$0,$14,$165,$-1,$-1,$-2,$0,$-3,$-3,$-3,$29,$-1,$147,147,$-0.02,$-0.02,$274,$0,$46,$442,$1802,$0,$0,$95,$1898,$2339,$183,$421,$38,$568,$750,$1301,$352,$-64,$1589,$2339,$-3,$30,$2,$32,$23,$0,$0,$4,$11,$41,$-21,$0,$0,$0,$0,$0,$0,$-21,$-8,$0,$-8,$0,$0,$0,$-5,$-13,$7,$3,$0
3,2017-12-31,7.54,$10.61,0.71,$4.00,1.88,$-2.39,0.0,$0.21,35.9,$0.45B,$0.27B,1.7,$0.39B,$1.57B,0.25,$0.58B,$0.06B,10.50%,$0.58B,$-0.00B,-0.17%,$0.58B,$-0.00B,-0.17%,$0.58B,$0.12B,20.48%,$0.58B,$-0.02B,-3.44%,$0.58B,$0.03B,5.34%,$0.03B,$1.57B,2.04%,$0.03B,$1.57B,2.04%,$0.03B,$2.36B,1.30%,$-0.00B,$1.95B,-0.05%,$163,$140,$23,$0,$17,$157,$7,$-5,$1,$-49,$51,$51,$51,$35,$7,$145,145,$0.33,$0.33,$267,$0,$42,$452,$1806,$0,$0,$105,$1911,$2363,$266,$386,$41,$530,$795,$1284,$353,$-70,$1567,$2363,$30,$120,$-45,$74,$-28,$0,$0,$-62,$-53,$52,$-221,$0,$0,$0,$0,$0,$0,$-221,$-137,$0,$-137,$220,$220,$0,$-6,$77,$-90,$11,$0
4,2017-09-30,7.39,$10.23,0.72,$4.03,1.84,$-2.43,0.0,$-0.59,0.0,$0.53B,$0.26B,2.02,$0.40B,$1.51B,0.26,$0.55B,$0.06B,10.26%,$0.55B,$-0.05B,-9.71%,$0.55B,$-0.05B,-9.71%,$0.55B,$0.07B,13.00%,$0.55B,$-0.08B,-14.29%,$0.55B,$-0.07B,-13.55%,$-0.07B,$1.51B,-5.12%,$-0.07B,$1.51B,-5.12%,$-0.07B,$2.37B,-3.15%,$-0.05B,$1.91B,-2.76%,$163,$142,$21,$0,$16,$158,$5,$-4,$1,$-2,$2,$2,$2,$33,$5,$146,146,$0.02,$0.02,$357,$0,$38,$531,$1734,$0,$0,$101,$1835,$2366,$263,$395,$43,$592,$855,$1282,$302,$-72,$1512,$2366,$-21,$91,$1,$93,$-22,$0,$0,$-52,$-41,$31,$-121,$0,$0,$0,$0,$0,$0,$-121,$-127,$0,$-127,$220,$220,$0,$-5,$88,$0,$8,$0
5,2017-06-30,5.64,$10.14,0.56,$4.33,1.3,$-2.28,0.0,$-0.51,0.0,$0.56B,$0.25B,2.18,$0.41B,$1.50B,0.27,$0.54B,$0.08B,13.79%,$0.54B,$-0.04B,-6.80%,$0.54B,$-0.04B,-6.80%,$0.54B,$0.09B,16.54%,$0.54B,$-0.06B,-11.76%,$0.54B,$-0.07B,-11.95%,$-0.07B,$1.50B,-4.64%,$-0.07B,$1.50B,-4.67%,$-0.07B,$2.36B,-2.74%,$-0.04B,$1.91B,-1.92%,$150,$132,$18,$0,$13,$145,$5,$-6,$-1,$5,$-6,$-6,$-6,$35,$5,$146,146,$-0.04,$-0.04,$390,$0,$40,$555,$1711,$0,$0,$96,$1807,$2362,$254,$408,$47,$610,$864,$1279,$300,$-82,$1498,$2362,$-23,$63,$3,$66,$-10,$0,$0,$-43,$-28,$16,$-84,$0,$0,$0,$0,$0,$0,$-84,$-113,$0,$-113,$220,$220,$0,$-5,$102,$34,$5,$0
6,2017-03-31,7.77,$10.11,0.77,$4.29,1.81,$-2.01,0.0,$-0.57,0.0,$0.66B,$0.20B,3.28,$0.54B,$1.49B,0.36,$0.50B,$0.06B,12.57%,$0.50B,$-0.05B,-10.18%,$0.50B,$-0.05B,-10.18%,$0.50B,$0.07B,14.77%,$0.50B,$-0.08B,-15.57%,$0.50B,$-0.07B,-13.97%,$-0.07B,$1.49B,-5.21%,$-0.07B,$1.49B,-5.30%,$-0.07B,$2.43B,-2.97%,$-0.05B,$2.03B,-2.64%,$105,$105,$-1,$0,$17,$122,$-18,$-3,$-21,$-5,$-16,$-16,$-16,$16,$-18,$143,143,$-0.11,$-0.11,$538,$0,$43,$658,$1688,$0,$0,$87,$1774,$2432,$200,$542,$50,$740,$940,$1277,$306,$-91,$1492,$2432,$-16,$33,$-3,$31,$36,$0,$0,$-27,$15,$29,$-48,$0,$0,$0,$0,$0,$0,$-48,$-18,$0,$-18,$220,$220,$0,$-1,$200,$181,$3,$0
7,2016-12-31,8.82,$10.63,0.83,$4.42,2.0,$-1.98,0.0,$-0.72,0.0,$0.52B,$0.19B,2.81,$0.56B,$1.28B,0.44,$0.49B,$0.05B,9.65%,$0.49B,$-0.06B,-13.14%,$0.49B,$-0.06B,-13.14%,$0.49B,$0.06B,13.14%,$0.49B,$-0.09B,-19.30%,$0.49B,$-0.08B,-16.84%,$-0.08B,$1.28B,-6.39%,$-0.08B,$1.28B,-6.56%,$-0.08B,$2.25B,-3.52%,$-0.06B,$1.84B,-3.37%,$128,$110,$18,$0,$18,$173,$-45,$-12,$-57,$-3,$-54,$-54,$-54,$-13,$-45,$112,112,$-0.47,$-0.47,$357,$0,$37,$523,$1652,$0,$0,$73,$1724,$2247,$186,$558,$53,$779,$965,$1056,$323,$-97,$1282,$2247,$-81,$128,$61,$189,$-22,$0,$0,$-41,$-69,$39,$-173,$0,$0,$0,$26,$26,$0,$-147,$-118,$0,$-118,$97,$97,$0,$-5,$-26,$-138,$6,$0
8,2016-09-30,8.13,$11.09,0.73,$4.77,1.7,$-2.59,0.0,$-4.09,0.0,$0.68B,$0.27B,2.53,$0.61B,$1.34B,0.45,$0.52B,$-0.30B,-57.25%,$0.52B,$-0.38B,-72.53%,$0.52B,$-0.38B,-72.53%,$0.52B,$-0.24B,-46.81%,$0.52B,$-0.54B,-105.03%,$0.52B,$-0.43B,-83.56%,$-0.43B,$1.34B,-33.68%,$-0.43B,$1.29B,-34.90%,$-0.43B,$2.43B,-18.27%,$-0.38B,$1.95B,-19.44%,$161,$121,$40,$0,$19,$140,$21,$-6,$15,$4,$11,$11,$11,$52,$21,$114,114,$0.10,$0.10,$482,$0,$54,$679,$1649,$0,$45,$58,$1753,$2432,$269,$608,$44,$826,$1094,$1045,$377,$-86,$1337,$2432,$-27,$96,$-12,$84,$-27,$0,$0,$-33,$-42,$15,$-68,$0,$0,$0,$26,$26,$0,$-42,$-77,$0,$-77,$95,$95,$0,$-1,$17,$-12,$4,$0
9,2016-06-30,6.76,$11.23,0.6,$5.08,1.33,$-4.34,0.0,$-4.10,0.0,$0.65B,$0.19B,3.38,$0.64B,$1.27B,0.51,$0.54B,$-0.30B,-56.51%,$0.54B,$-0.38B,-70.26%,$0.54B,$-0.38B,-70.26%,$0.54B,$-0.24B,-44.61%,$0.54B,$-0.55B,-101.86%,$0.54B,$-0.43B,-80.48%,$-0.43B,$1.27B,-31.68%,$-0.43B,$1.22B,-32.86%,$-0.43B,$2.31B,-17.43%,$-0.38B,$1.90B,-18.55%,$107,$102,$6,$0,$15,$117,$-9,$-6,$-15,$-4,$-11,$-11,$-11,$19,$-9,$108,108,$-0.10,$-0.10,$492,$0,$41,$645,$1582,$0,$45,$42,$1669,$2314,$191,$639,$53,$858,$1049,$986,$366,$-87,$1265,$2314,$-38,$66,$-13,$52,$19,$0,$0,$-9,$11,$25,$-47,$0,$0,$0,$26,$26,$0,$-20,$-42,$0,$-42,$39,$39,$0,$-1,$-4,$-2,$3,$0
10,2016-03-31,5.6,$11.62,0.48,$5.66,0.99,$-6.25,0.0,$-4.03,0.0,$0.65B,$0.18B,3.58,$0.66B,$1.25B,0.53,$0.60B,$-0.29B,-47.91%,$0.60B,$-0.36B,-60.47%,$0.60B,$-0.36B,-60.47%,$0.60B,$-0.22B,-37.02%,$0.60B,$-0.54B,-89.61%,$0.60B,$-0.43B,-71.19%,$-0.43B,$1.25B,-28.93%,$-0.43B,$1.21B,-30.01%,$-0.43B,$2.31B,-16.10%,$-0.36B,$1.91B,-16.71%,$91,$108,$-17,$0,$14,$122,$-31,$-6,$-37,$-9,$-28,$-28,$-28,$6,$-31,$106,106,$-0.26,$-0.26,$488,$0,$42,$647,$1587,$0,$45,$35,$1667,$2314,$181,$660,$50,$884,$1065,$946,$376,$-73,$1250,$2314,$-28,$37,$-12,$25,$32,$0,$0,$-4,$3,$1,$-12,$0,$0,$0,$26,$26,$0,$14,$-19,$0,$-19,$1,$1,$0,$-1,$-20,$-6,$1,$0
11,2015-12-31,5.26,$12.03,0.44,$6.60,0.8,$-6.67,0.0,$-3.58,0.0,$0.68B,$0.21B,3.24,$0.68B,$1.28B,0.53,$0.70B,$-0.23B,-33.62%,$0.70B,$-0.31B,-44.25%,$0.70B,$-0.31B,-44.25%,$0.70B,$-0.18B,-25.29%,$0.70B,$-0.48B,-68.68%,$0.70B,$-0.38B,-54.17%,$-0.38B,$1.28B,-24.01%,$-0.38B,$1.23B,-24.91%,$-0.38B,$2.40B,-13.85%,$-0.31B,$1.96B,-13.84%,$158,$483,$-325,$0,$15,$513,$-356,$-150,$-506,$-102,$-404,$-404,$-404,$-319,$-356,$105,105,$-3.83,$-3.83,$494,$0,$40,$684,$1603,$26,$45,$42,$1716,$2400,$211,$678,$51,$910,$1121,$946,$404,$-71,$1279,$2400,$-377,$132,$407,$539,$36,$0,$0,$-17,$-52,$111,$-303,$0,$0,$0,$7,$7,$0,$-296,$204,$0,$204,$3,$3,$0,$-3,$205,$18,$7,$0
12,2015-09-30,4.79,$15.77,0.3,$7.08,0.68,$-4.50,0.0,$0.33,14.52,$0.70B,$0.23B,3.08,$0.71B,$1.67B,0.42,$0.75B,$0.12B,16.64%,$0.75B,$0.06B,7.79%,$0.75B,$0.06B,7.79%,$0.75B,$0.18B,24.56%,$0.75B,$0.04B,4.70%,$0.75B,$0.04B,4.70%,$0.04B,$1.67B,2.10%,$0.04B,$1.61B,2.18%,$0.04B,$2.91B,1.25%,$0.06B,$2.38B,2.54%,$182,$150,$32,$0,$14,$164,$18,$-8,$10,$0,$10,$10,$10,$54,$18,$105,105,$0.09,$0.09,$469,$0,$45,$696,$1934,$143,$62,$72,$2212,$2908,$226,$705,$46,$1009,$1235,$945,$808,$-80,$1673,$2908,$27,$95,$8,$103,$-13,$0,$0,$-13,$-90,$39,$-273,$0,$0,$0,$6,$6,$0,$-267,$220,$0,$220,$2,$2,$0,$-2,$221,$-8,$8,$0
13,2015-06-30,12.63,$15.81,0.8,$8.58,1.47,$-1.26,0.0,$0.95,13.29,$0.73B,$0.24B,3.09,$0.72B,$1.68B,0.43,$0.90B,$0.22B,24.12%,$0.90B,$0.15B,16.15%,$0.90B,$0.15B,16.15%,$0.90B,$0.27B,29.42%,$0.90B,$0.13B,14.38%,$0.90B,$0.10B,11.17%,$0.10B,$1.68B,6.07%,$0.10B,$1.61B,6.30%,$0.10B,$2.93B,3.66%,$0.15B,$2.40B,6.52%,$166,$142,$24,$0,$17,$158,$8,$-10,$-2,$1,$-3,$-3,$-3,$38,$8,$105,105,$-0.03,$-0.03,$500,$0,$40,$733,$1920,$146,$62,$73,$2201,$2934,$237,$723,$41,$1022,$1259,$940,$798,$-62,$1675,$2934,$17,$59,$3,$62,$-29,$0,$0,$-2,$-76,$3,$-225,$0,$0,$0,$4,$4,$0,$-222,$240,$0,$240,$1,$1,$0,$-1,$240,$24,$4,$0
14,2015-03-31,14.96,$15.63,0.96,$9.91,1.51,$1.39,10.73,$1.53,9.78,$0.62B,$0.19B,3.33,$0.51B,$1.66B,0.31,$1.04B,$0.30B,29.02%,$1.04B,$0.22B,20.79%,$1.04B,$0.22B,20.79%,$1.04B,$0.34B,32.28%,$1.04B,$0.21B,19.83%,$1.04B,$0.16B,15.42%,$0.16B,$1.66B,9.75%,$0.16B,$1.59B,10.13%,$0.16B,$2.65B,5.97%,$0.22B,$2.17B,9.96%,$190,$155,$35,$0,$13,$167,$22,$-2,$20,$0,$20,$20,$20,$51,$22,$105,105,$0.19,$0.19,$415,$0,$34,$620,$1760,$148,$61,$58,$2028,$2648,$186,$514,$46,$807,$993,$937,$801,$-83,$1655,$2648,$20,$29,$3,$31,$-15,$0,$0,$8,$-61,$-10,$-45,$0,$0,$0,$1,$1,$0,$-44,$-7,$0,$-7,$0,$0,$0,$0,$-6,$-61,$2,$0
15,2014-12-31,21.7,$15.66,1.39,$10.52,2.06,$2.13,10.21,$1.85,11.73,$0.69B,$0.23B,3.08,$0.52B,$1.65B,0.32,$1.11B,$0.34B,31.05%,$1.11B,$0.26B,23.65%,$1.11B,$0.26B,23.65%,$1.11B,$0.38B,34.30%,$1.11B,$0.26B,23.65%,$1.11B,$0.20B,17.60%,$0.20B,$1.65B,11.98%,$0.20B,$1.59B,12.46%,$0.20B,$2.70B,7.28%,$0.26B,$2.18B,12.13%,$207,$174,$33,$0,$23,$197,$10,$-3,$7,$-1,$8,$8,$8,$40,$10,$105,105,$0.07,$0.08,$476,$0,$53,$694,$1735,$150,$62,$59,$2006,$2701,$226,$523,$38,$822,$1047,$934,$781,$-62,$1653,$2701,$196,$120,$17,$137,$44,$0,$0,$-39,$27,$359,$-323,$0,$-20,$0,$8,$8,$0,$-336,$-20,$0,$-20,$-5,$-5,$0,$-5,$-30,$-2,$3,$0
16,2014-09-30,22.06,$15.90,1.39,$10.70,2.06,$1.20,18.37,$2.12,10.41,$0.83B,$0.25B,3.27,$0.53B,$1.68B,0.32,$1.13B,$0.38B,33.87%,$1.13B,$0.31B,27.13%,$1.13B,$0.31B,27.13%,$1.13B,$0.42B,37.50%,$1.13B,$0.31B,27.30%,$1.13B,$0.22B,19.86%,$0.22B,$1.68B,14.04%,$0.22B,$1.62B,14.62%,$0.22B,$2.75B,8.49%,$0.31B,$2.21B,14.34%,$341,$215,$126,$0,$20,$235,$106,$-1,$105,$30,$76,$76,$76,$137,$106,$105,105,$0.72,$0.71,$547,$0,$59,$829,$1640,$153,$63,$60,$1916,$2745,$253,$529,$18,$814,$1068,$937,$773,$-33,$1677,$2745,$188,$89,$20,$109,$-16,$0,$0,$-29,$5,$302,$-193,$0,$-20,$0,$5,$5,$0,$-208,$-17,$0,$-17,$-5,$-5,$0,$-4,$-26,$68,$6,$0
17,2014-06-30,26.31,$15.37,1.71,$9.56,2.75,$-0.46,0.0,$1.83,14.38,$0.82B,$0.26B,3.18,$0.54B,$1.62B,0.33,$1.01B,$0.33B,32.27%,$1.01B,$0.26B,26.12%,$1.01B,$0.26B,26.12%,$1.01B,$0.37B,37.04%,$1.01B,$0.26B,25.32%,$1.01B,$0.19B,19.17%,$0.19B,$1.62B,12.47%,$0.19B,$1.56B,13.00%,$0.19B,$2.70B,7.48%,$0.26B,$2.16B,12.58%,$306,$196,$109,$0,$29,$227,$79,$-3,$75,$18,$58,$58,$57,$109,$79,$105,105,$0.55,$0.55,$501,$0,$42,$818,$1604,$153,$64,$62,$1883,$2701,$257,$538,$11,$822,$1079,$936,$698,$-12,$1622,$2701,$112,$58,$21,$79,$-41,$0,$0,$-0,$-51,$140,$-82,$0,$-20,$0,$5,$5,$0,$-97,$-10,$0,$-10,$-5,$-5,$0,$-1,$-16,$23,$4,$0
18,2014-03-31,22.98,$14.76,1.56,$8.87,2.59,$-1.23,0.0,$1.54,14.92,$0.75B,$0.18B,4.26,$0.54B,$1.56B,0.35,$0.93B,$0.28B,30.33%,$0.93B,$0.23B,24.76%,$0.93B,$0.23B,24.76%,$0.93B,$0.34B,36.33%,$0.93B,$0.22B,23.26%,$0.93B,$0.16B,17.47%,$0.16B,$1.56B,10.88%,$0.16B,$1.50B,11.35%,$0.16B,$2.56B,6.46%,$0.23B,$2.10B,11.31%,$254,$178,$76,$0,$20,$187,$67,$8,$75,$20,$54,$54,$54,$94,$67,$105,105,$0.51,$0.51,$470,$0,$48,$752,$1522,$156,$63,$67,$1808,$2560,$177,$541,$14,$825,$1002,$934,$640,$-16,$1558,$2560,$54,$27,$23,$51,$-6,$0,$0,$-10,$-56,$49,$-27,$0,$-20,$0,$2,$2,$0,$-45,$-6,$0,$-6,$-5,$-5,$0,$-0,$-11,$-8,$2,$0
19,2013-12-31,23.18,$14.43,1.61,$8.34,2.78,$-2.15,0.0,$1.05,22.08,$0.74B,$0.19B,3.91,$0.55B,$1.52B,0.36,$0.88B,$0.26B,29.68%,$0.88B,$0.18B,20.43%,$0.88B,$0.18B,20.43%,$0.88B,$0.29B,32.76%,$0.88B,$0.14B,16.44%,$0.88B,$0.11B,12.67%,$0.11B,$1.52B,7.60%,$0.11B,$1.46B,7.94%,$0.11B,$2.54B,4.35%,$0.18B,$2.07B,8.77%,$227,$156,$71,$0,$17,$173,$54,$-1,$53,$16,$37,$37,$37,$83,$54,$105,105,$0.34,$0.34,$478,$0,$31,$744,$1532,$158,$63,$47,$1801,$2544,$190,$546,$18,$830,$1020,$934,$586,$-21,$1524,$2544,$113,$109,$-51,$58,$-3,$0,$0,$-5,$-97,$74,$-135,$0,$0,$0,$9,$9,$583,$457,$-183,$0,$-183,$-8,$-8,$0,$-296,$-487,$41,$8,$0
20,2013-09-30,25.37,$14.06,1.8,$8.11,3.13,$-0.14,0.0,$-0.94,0.0,$0.74B,$0.20B,3.74,$0.55B,$1.49B,0.37,$0.85B,$0.08B,9.40%,$0.85B,$-0.02B,-2.47%,$0.85B,$-0.02B,-2.47%,$0.85B,$0.09B,10.58%,$0.85B,$-0.07B,-7.76%,$0.85B,$-0.10B,-11.52%,$-0.10B,$1.49B,-6.83%,$-0.10B,$1.42B,-7.14%,$-0.10B,$2.51B,-3.55%,$-0.02B,$2.04B,-0.99%,$220,$151,$69,$0,$23,$157,$63,$-10,$52,$7,$45,$45,$45,$87,$63,$105,105,$0.42,$0.42,$480,$0,$80,$739,$1502,$161,$63,$47,$1773,$2512,$198,$548,$18,$827,$1025,$938,$550,$-26,$1487,$2512,$76,$79,$-51,$29,$2,$0,$0,$-3,$-85,$20,$-87,$0,$0,$0,$6,$6,$583,$502,$-180,$0,$-180,$-3,$-3,$0,$-295,$-478,$43,$7,$0
21,2013-06-30,23.04,$13.48,1.71,$8.09,2.85,$1.51,15.29,$-1.22,0.0,$0.77B,$0.20B,3.93,$0.54B,$1.43B,0.38,$0.85B,$0.07B,8.14%,$0.85B,$-0.06B,-7.55%,$0.85B,$-0.06B,-7.55%,$0.85B,$0.05B,6.13%,$0.85B,$-0.11B,-12.50%,$0.85B,$-0.13B,-15.09%,$-0.13B,$1.43B,-8.79%,$-0.13B,$1.36B,-9.18%,$-0.13B,$2.48B,-4.18%,$-0.06B,$1.97B,-2.78%,$232,$165,$67,$0,$19,$185,$47,$-11,$37,$9,$28,$28,$27,$75,$47,$105,105,$0.26,$0.26,$514,$0,$64,$774,$1426,$163,$62,$50,$1701,$2475,$197,$543,$20,$852,$1049,$933,$505,$-38,$1426,$2475,$30,$55,$-5,$50,$-20,$0,$0,$2,$-109,$-28,$6,$0,$0,$0,$5,$5,$583,$593,$-473,$0,$-473,$-6,$-6,$0,$-13,$-492,$76,$5,$0
22,2013-03-31,22.88,$13.26,1.72,$7.76,2.95,$2.72,8.4,$-1.06,0.0,$0.86B,$0.27B,3.22,$0.69B,$1.41B,0.49,$0.81B,$0.03B,3.69%,$0.81B,$-0.10B,-12.79%,$0.81B,$-0.10B,-12.79%,$0.81B,$0.01B,1.35%,$0.81B,$-0.14B,-17.71%,$0.81B,$-0.11B,-13.53%,$-0.11B,$1.41B,-7.36%,$-0.11B,$1.34B,-7.68%,$-0.11B,$2.67B,-3.27%,$-0.10B,$2.09B,-4.16%,$197,$145,$53,$0,$23,$182,$15,$-13,$2,$0,$1,$1,$2,$42,$15,$105,105,$0.02,$0.02,$626,$0,$67,$864,$1533,$165,$62,$42,$1802,$2666,$269,$687,$15,$993,$1261,$935,$478,$-34,$1405,$2666,$2,$27,$-8,$19,$4,$0,$0,$5,$-60,$-39,$-36,$0,$0,$0,$2,$2,$583,$549,$-323,$0,$-323,$-1,$-1,$0,$-0,$-325,$189,$3,$0
23,2012-12-31,20.64,$13.42,1.54,$8.07,2.56,$3.92,5.26,$-0.46,0.0,$0.80B,$0.45B,1.78,$1.00B,$1.42B,0.71,$0.85B,$0.05B,5.79%,$0.85B,$-0.07B,-8.16%,$0.85B,$-0.07B,-8.16%,$0.85B,$0.05B,5.67%,$0.85B,$-0.13B,-15.01%,$0.85B,$-0.05B,-5.44%,$-0.05B,$1.42B,-3.01%,$-0.05B,$1.36B,-3.14%,$-0.05B,$3.39B,-1.27%,$-0.07B,$2.42B,-2.60%,$202,$311,$-109,$0,$26,$347,$-146,$-11,$-157,$-58,$-99,$-99,$-172,$-114,$-146,$104,104,$-1.64,$-1.64,$437,$0,$53,$804,$1486,$168,$63,$50,$2582,$3387,$453,$1003,$5,$1514,$1967,$933,$476,$-16,$1419,$3387,$-43,$116,$399,$515,$-4,$0,$0,$-73,$-20,$452,$-304,$0,$0,$0,$8,$8,$-120,$-416,$84,$0,$84,$-6,$-6,$0,$-224,$-145,$-109,$8,$0
24,2012-09-30,18.27,$14.98,1.22,$8.05,2.27,$6.99,2.61,$1.34,13.63,$0.96B,$0.37B,2.58,$1.16B,$1.58B,0.74,$0.84B,$0.18B,21.80%,$0.84B,$0.08B,9.12%,$0.84B,$0.08B,9.12%,$0.84B,$0.02B,2.13%,$0.84B,$0.01B,1.66%,$0.84B,$0.14B,16.94%,$0.14B,$1.58B,9.32%,$0.14B,$1.52B,9.72%,$0.14B,$3.71B,3.90%,$0.08B,$2.74B,2.86%,$217,$159,$58,$0,$25,$197,$20,$-8,$12,$1,$11,$11,$15,$49,$20,$104,105,$0.14,$0.14,$584,$0,$132,$963,$2432,$169,$63,$85,$2749,$3712,$374,$1160,$145,$1761,$2134,$929,$648,$-26,$1578,$3712,$128,$84,$239,$324,$-38,$0,$0,$-77,$-143,$308,$-202,$0,$0,$0,$6,$6,$-86,$-282,$241,$0,$241,$-6,$-6,$0,$-223,$12,$37,$6,$0
25,2012-06-30,16.41,$14.96,1.1,$9.52,1.72,$7.72,2.12,$1.63,10.07,$1.01B,$0.35B,2.88,$1.17B,$1.58B,0.74,$1.00B,$0.25B,24.82%,$1.00B,$0.16B,15.72%,$1.00B,$0.16B,15.72%,$1.00B,$0.15B,14.61%,$1.00B,$0.07B,7.21%,$1.00B,$0.17B,17.32%,$0.17B,$1.58B,11.50%,$0.17B,$1.52B,12.01%,$0.17B,$3.69B,4.78%,$0.16B,$2.75B,5.89%,$197,$169,$28,$0,$22,$191,$7,$-8,$-1,$-4,$3,$3,$45,$34,$7,$105,105,$0.42,$0.42,$650,$0,$139,$1007,$2359,$174,$62,$87,$2682,$3689,$350,$1168,$144,$1759,$2109,$927,$633,$-10,$1580,$3689,$112,$55,$69,$124,$64,$0,$0,$-59,$-15,$221,$-116,$0,$0,$0,$2,$2,$-32,$-145,$251,$0,$251,$-7,$-7,$0,$-217,$27,$103,$4,$0
26,2012-03-31,17.8,$14.48,1.23,$10.86,1.64,$8.10,2.2,$1.60,11.13,$0.99B,$0.38B,2.61,$1.17B,$1.53B,0.76,$1.14B,$0.32B,28.07%,$1.14B,$0.23B,19.82%,$1.14B,$0.23B,19.82%,$1.14B,$0.27B,23.51%,$1.14B,$0.13B,11.49%,$1.14B,$0.17B,14.82%,$0.17B,$1.53B,11.65%,$0.17B,$1.47B,12.17%,$0.17B,$3.67B,4.71%,$0.23B,$2.70B,8.59%,$230,$157,$72,$0,$22,$180,$50,$-31,$19,$1,$18,$18,$66,$79,$50,$105,105,$0.62,$0.62,$620,$0,$119,$992,$2362,$173,$63,$75,$2673,$3665,$380,$1167,$163,$1755,$2135,$932,$588,$-20,$1530,$3665,$67,$29,$44,$72,$7,$0,$0,$1,$-5,$134,$-83,$0,$0,$0,$6,$6,$-18,$-95,$253,$0,$253,$-1,$-1,$0,$-216,$36,$74,$2,$0
27,2011-12-31,15.8,$13.74,1.15,$11.45,1.38,$8.09,1.95,$1.22,12.95,$0.94B,$0.40B,2.38,$1.15B,$1.45B,0.79,$1.20B,$0.33B,27.04%,$1.20B,$0.23B,18.97%,$1.20B,$0.23B,18.97%,$1.20B,$0.34B,28.04%,$1.20B,$0.15B,12.31%,$1.20B,$0.13B,10.73%,$0.13B,$1.45B,9.25%,$0.13B,$1.39B,9.68%,$0.13B,$3.58B,3.62%,$0.23B,$2.60B,8.70%,$200,$174,$26,$0,$26,$200,$-0,$-16,$-16,$-34,$18,$18,$17,$-144,$-0,$104,105,$0.16,$0.16,$546,$0,$107,$944,$1460,$176,$62,$35,$2638,$3582,$396,$1147,$9,$1737,$2133,$909,$523,$-10,$1450,$3582,$133,$109,$312,$421,$-30,$0,$0,$14,$13,$567,$-97,$0,$0,$0,$1,$1,$-87,$-182,$-135,$0,$-135,$-7,$-7,$0,$-88,$-230,$155,$7,$0
28,2011-09-30,13.1,$13.73,0.95,$12.48,1.05,$5.67,2.31,$0.58,22.59,$0.75B,$0.32B,2.37,$1.16B,$1.46B,0.8,$1.31B,$0.32B,24.08%,$1.31B,$0.20B,15.21%,$1.31B,$0.20B,15.21%,$1.31B,$0.33B,25.38%,$1.31B,$0.12B,8.94%,$1.31B,$0.06B,4.74%,$0.06B,$1.46B,4.58%,$0.06B,$1.39B,4.80%,$0.06B,$3.55B,1.74%,$0.20B,$2.62B,7.57%,$372,$250,$122,$0,$22,$272,$100,$-30,$70,$23,$47,$47,$45,$177,$100,$105,105,$0.43,$0.43,$375,$0,$138,$749,$2474,$186,$62,$81,$2803,$3552,$317,$1164,$174,$1781,$2097,$914,$506,$8,$1455,$3552,$116,$253,$63,$316,$-24,$0,$0,$-37,$-81,$351,$-168,$0,$0,$0,$1,$1,$4,$-163,$-117,$0,$-117,$-0,$-0,$0,$-87,$-204,$-16,$7,$0
29,2011-06-30,16.56,$12.93,1.28,$12.67,1.31,$4.53,3.66,$0.40,41.4,$0.76B,$0.35B,2.19,$1.24B,$1.37B,0.91,$1.33B,$0.28B,21.07%,$1.33B,$0.16B,11.96%,$1.33B,$0.16B,11.96%,$1.33B,$0.30B,22.27%,$1.33B,$0.09B,6.92%,$1.33B,$0.04B,3.24%,$0.04B,$1.37B,3.24%,$0.04B,$1.31B,3.41%,$0.04B,$3.56B,1.20%,$0.16B,$2.61B,6.00%,$338,$238,$100,$0,$24,$262,$76,$-18,$58,$16,$42,$42,$41,$156,$76,$105,105,$0.39,$0.39,$414,$0,$112,$757,$2475,$189,$63,$76,$2803,$3561,$346,$1240,$172,$1845,$2191,$911,$460,$-28,$1370,$3561,$69,$176,$47,$224,$-18,$0,$0,$7,$-42,$251,$-106,$0,$0,$0,$2,$2,$1,$-103,$-113,$0,$-113,$-1,$-1,$0,$-10,$-124,$23,$5,$0
30,2011-03-31,17.2,$12.31,1.4,$12.33,1.4,$3.16,5.44,$-0.81,0.0,$0.77B,$0.34B,2.29,$1.35B,$1.31B,1.03,$1.29B,$0.09B,6.59%,$1.29B,$-0.03B,-2.64%,$1.29B,$-0.03B,-2.64%,$1.29B,$0.11B,8.76%,$1.29B,$-0.10B,-7.98%,$1.29B,$-0.08B,-6.51%,$-0.08B,$1.31B,-6.38%,$-0.08B,$1.24B,-6.73%,$-0.08B,$3.58B,-2.33%,$-0.03B,$2.65B,-1.28%,$292,$215,$77,$0,$25,$239,$52,$-16,$36,$10,$27,$27,$26,$148,$52,$104,105,$0.24,$0.24,$441,$0,$114,$768,$2489,$187,$63,$70,$2809,$3577,$335,$1346,$173,$1936,$2272,$909,$419,$-48,$1305,$3577,$27,$96,$12,$108,$-0,$0,$0,$11,$-50,$85,$-34,$0,$0,$0,$0,$0,$4,$-30,$-3,$0,$-3,$-1,$-1,$0,$-1,$-5,$49,$3,$0
31,2010-12-31,12.14,$12.18,1.0,$11.50,1.06,$2.19,5.53,$-1.22,0.0,$0.74B,$0.37B,2.01,$1.35B,$1.29B,1.05,$1.20B,$0.03B,2.83%,$1.20B,$-0.09B,-7.83%,$1.20B,$-0.09B,-7.83%,$1.20B,$0.02B,1.75%,$1.20B,$-0.16B,-13.67%,$1.20B,$-0.13B,-10.67%,$-0.13B,$1.29B,-9.52%,$-0.13B,$1.22B,-10.07%,$-0.13B,$3.59B,-3.51%,$-0.09B,$2.63B,-3.49%,$306,$290,$16,$0,$30,$336,$-29,$-17,$-47,$2,$-49,$-49,$-50,$-149,$-29,$104,104,$-0.48,$-0.48,$391,$0,$139,$741,$2527,$187,$62,$75,$2851,$3592,$368,$1348,$176,$1939,$2306,$907,$393,$-39,$1286,$3592,$-124,$115,$330,$445,$-30,$0,$0,$-8,$11,$331,$-116,$0,$0,$0,$2,$2,$-68,$-182,$-9,$0,$-9,$-14,$-14,$0,$-7,$-29,$120,$7,$0
32,2010-09-30,11.14,$12.84,0.87,$10.26,1.09,$0.30,37.5,$-1.27,0.0,$0.67B,$0.37B,1.79,$1.35B,$1.35B,1.0,$1.07B,$-0.04B,-3.54%,$1.07B,$-0.14B,-13.31%,$1.07B,$-0.14B,-13.31%,$1.07B,$0.15B,13.97%,$1.07B,$-0.20B,-18.81%,$1.07B,$-0.13B,-12.48%,$-0.13B,$1.35B,-9.71%,$-0.13B,$1.28B,-10.29%,$-0.13B,$3.65B,-3.63%,$-0.14B,$2.70B,-5.24%,$393,$306,$87,$0,$27,$333,$60,$-15,$45,$18,$27,$27,$26,$141,$60,$104,105,$0.25,$0.25,$325,$0,$126,$669,$2631,$187,$79,$79,$2976,$3645,$374,$1347,$171,$1917,$2292,$906,$443,$-19,$1354,$3645,$-75,$235,$124,$358,$-29,$0,$0,$-56,$-41,$242,$-178,$0,$0,$0,$2,$2,$16,$-160,$-10,$0,$-10,$-11,$-11,$0,$-5,$-27,$55,$7,$0
33,2010-06-30,10.77,$12.54,0.86,$8.66,1.24,$1.16,9.31,$-1.48,0.0,$0.60B,$0.38B,1.58,$1.35B,$1.33B,1.02,$0.90B,$-0.12B,-13.60%,$0.90B,$-0.22B,-24.30%,$0.90B,$-0.22B,-24.30%,$0.90B,$0.05B,5.46%,$0.90B,$-0.24B,-26.87%,$0.90B,$-0.16B,-17.39%,$-0.16B,$1.33B,-11.06%,$-0.16B,$1.25B,-11.71%,$-0.16B,$3.61B,-4.14%,$-0.22B,$2.67B,-7.90%,$299,$394,$-95,$0,$25,$416,$-117,$-21,$-137,$-52,$-85,$-85,$-86,$-27,$-117,$104,104,$-0.82,$-0.82,$270,$0,$121,$595,$2666,$188,$76,$82,$3012,$3607,$378,$1348,$171,$1904,$2281,$906,$416,$-21,$1325,$3607,$-102,$154,$119,$274,$-31,$0,$0,$-22,$-35,$136,$-136,$0,$0,$0,$2,$2,$16,$-118,$-6,$0,$-6,$-9,$-9,$-0,$-5,$-20,$-1,$5,$0
34,2010-03-31,13.03,$13.51,0.96,$10.46,1.25,$3.11,4.19,$0.28,46.54,$0.53B,$0.35B,1.51,$1.35B,$1.41B,0.95,$1.09B,$0.11B,9.97%,$1.09B,$0.00B,0.09%,$1.09B,$0.00B,0.09%,$1.09B,$0.26B,23.42%,$1.09B,$0.06B,5.12%,$1.09B,$0.03B,2.74%,$0.03B,$1.41B,2.08%,$0.03B,$1.34B,2.19%,$0.03B,$3.73B,0.77%,$0.00B,$2.76B,0.04%,$202,$176,$26,$0,$41,$210,$-8,$-16,$-25,$-8,$-17,$-17,$-18,$56,$-8,$103,103,$-0.17,$-0.17,$212,$0,$129,$529,$2852,$187,$78,$86,$3202,$3731,$350,$1347,$183,$1967,$2318,$907,$502,$-19,$1413,$3731,$-17,$65,$10,$75,$-24,$0,$0,$16,$-39,$18,$-68,$0,$0,$0,$1,$1,$-0,$-67,$-4,$0,$-4,$-1,$-1,$-0,$-5,$-10,$-58,$2,$0
35,2009-12-31,11.75,$13.69,0.86,$13.90,0.85,$4.08,2.88,$0.95,12.37,$0.57B,$0.37B,1.54,$1.35B,$1.43B,0.95,$1.46B,$0.24B,16.69%,$1.46B,$0.20B,13.95%,$1.46B,$0.20B,13.95%,$1.46B,$0.48B,32.90%,$1.46B,$0.26B,17.85%,$1.46B,$0.10B,6.91%,$0.10B,$1.43B,6.71%,$0.10B,$1.35B,7.45%,$0.10B,$3.78B,2.40%,$0.20B,$2.78B,6.81%,$180,$236,$-56,$0,$28,$258,$-78,$-6,$-85,$-30,$-54,$-54,$-56,$-20,$-78,$99,106,$-0.60,$-0.52,$271,$0,$131,$566,$2864,$189,$79,$82,$3214,$3780,$368,$1348,$187,$1984,$2352,$908,$520,$-22,$1427,$3780,$176,$277,$-17,$260,$52,$0,$0,$-57,$-18,$418,$-400,$0,$0,$0,$310,$310,$21,$-69,$-280,$0,$-280,$-14,$-14,$-1,$-6,$-301,$47,$12,$0
36,2009-09-30,14.98,$14.14,1.06,$18.09,0.83,$2.33,6.43,$-7.99,0.0,$0.77B,$0.50B,1.54,$1.35B,$1.48B,0.91,$1.82B,$0.17B,9.09%,$1.82B,$-0.59B,-32.21%,$1.82B,$-0.59B,-32.21%,$1.82B,$0.43B,23.62%,$1.82B,$-0.55B,-30.23%,$1.82B,$-0.70B,-38.77%,$-0.70B,$1.48B,-46.08%,$-0.70B,$1.40B,-53.91%,$-0.70B,$3.97B,-15.54%,$-0.59B,$2.82B,-18.49%,$216,$213,$3,$0,$22,$231,$-15,$21,$6,$4,$2,$2,$4,$40,$-15,$101,101,$0.04,$0.04,$411,$0,$131,$766,$2856,$191,$78,$79,$3205,$3971,$497,$1347,$188,$1998,$2496,$905,$576,$-27,$1476,$3971,$231,$219,$-92,$126,$7,$0,$0,$-45,$74,$431,$-283,$0,$0,$0,$309,$309,$21,$47,$-277,$0,$-277,$-11,$-11,$-1,$-2,$-290,$187,$9,$0
37,2009-06-30,10.87,$14.92,0.73,$22.38,0.49,$-0.82,0.0,$-7.38,0.0,$0.65B,$0.48B,1.35,$1.35B,$1.47B,0.92,$2.21B,$0.36B,16.35%,$2.21B,$-0.42B,-18.89%,$2.21B,$-0.42B,-18.89%,$2.21B,$0.62B,28.17%,$2.21B,$-0.42B,-19.07%,$2.21B,$-0.65B,-29.39%,$-0.65B,$1.47B,-38.70%,$-0.65B,$1.39B,-53.84%,$-0.65B,$4.03B,-13.00%,$-0.42B,$2.82B,-12.16%,$495,$359,$136,$0,$39,$393,$102,$58,$160,$57,$103,$103,$100,$180,$102,$97,106,$1.02,$0.94,$262,$0,$123,$652,$2823,$393,$78,$80,$3374,$4025,$481,$1349,$190,$2077,$2558,$895,$572,$-21,$1467,$4025,$226,$164,$-12,$152,$-14,$0,$0,$-75,$45,$423,$-215,$0,$0,$0,$86,$86,$21,$-108,$-274,$0,$-274,$-1,$-1,$-1,$-1,$-276,$38,$7,$0
38,2009-03-31,5.14,$16.82,0.31,$23.25,0.22,$-4.19,0.0,$-7.36,0.0,$0.97B,$0.61B,1.59,$1.91B,$1.65B,1.16,$2.24B,$0.41B,18.46%,$2.24B,$-0.35B,-15.74%,$2.24B,$-0.35B,-15.74%,$2.24B,$0.70B,31.07%,$2.24B,$-0.43B,-19.17%,$2.24B,$-0.66B,-29.38%,$-0.66B,$1.65B,-36.29%,$-0.66B,$1.29B,-60.33%,$-0.66B,$5.06B,-12.16%,$-0.35B,$3.57B,-9.66%,$571,$410,$161,$0,$41,$376,$195,$-15,$180,$65,$115,$115,$53,$281,$195,$95,106,$0.55,$0.50,$252,$0,$200,$966,$3419,$194,$366,$118,$4097,$5063,$608,$1912,$206,$2800,$3408,$892,$471,$-42,$1654,$5063,$113,$86,$-4,$82,$41,$0,$0,$-76,$-32,$162,$-111,$0,$0,$0,$2,$2,$0,$-109,$-23,$0,$-23,$-0,$-0,$-0,$-2,$-25,$28,$4,$0
39,2008-12-31,7.24,$16.46,0.44,$22.51,0.32,$-4.74,0.0,$-7.07,0.0,$0.96B,$0.67B,1.43,$1.93B,$1.51B,1.28,$2.11B,$0.37B,17.60%,$2.11B,$-0.41B,-19.58%,$2.11B,$-0.41B,-19.58%,$2.11B,$0.64B,30.13%,$2.11B,$-0.49B,-23.37%,$2.11B,$-0.64B,-30.23%,$-0.64B,$1.51B,-33.92%,$-0.64B,$1.15B,-65.24%,$-0.64B,$5.07B,-11.51%,$-0.41B,$3.45B,-11.18%,$534,$669,$-135,$0,$40,$1401,$-867,$-28,$-895,$-65,$-830,$-830,$-861,$-72,$-867,$91,91,$-9.48,$-9.38,$224,$0,$246,$960,$3418,$197,$366,$126,$4107,$5067,$673,$1934,$276,$2880,$3553,$807,$418,$-34,$1514,$5067,$-590,$1051,$199,$1250,$-37,$0,$0,$-46,$-222,$438,$-581,$0,$0,$0,$11,$11,$12,$-558,$262,$0,$262,$-2,$-2,$-3,$-0,$256,$134,$21,$0
40,2008-09-30,24.28,$22.57,1.08,$21.47,1.13,$-7.84,0.0,$3.64,6.67,$0.76B,$0.65B,1.17,$1.82B,$2.07B,0.88,$2.05B,$0.57B,27.82%,$2.05B,$0.50B,24.45%,$2.05B,$0.50B,24.45%,$2.05B,$0.87B,42.44%,$2.05B,$0.58B,28.56%,$2.05B,$0.34B,16.53%,$0.34B,$2.07B,17.18%,$0.34B,$1.00B,38.33%,$0.34B,$5.82B,5.98%,$0.50B,$3.89B,13.39%,$608,$409,$199,$0,$49,$455,$153,$-20,$134,$54,$80,$80,$59,$233,$153,$91,95,$0.65,$0.63,$36,$0,$148,$761,$3608,$207,$1077,$167,$5058,$5819,$651,$1815,$260,$3096,$3747,$772,$1295,$5,$2073,$5819,$251,$257,$22,$279,$-48,$0,$0,$-65,$-191,$339,$-498,$0,$0,$0,$5,$5,$-1,$-495,$108,$0,$108,$-2,$-2,$-3,$-1,$103,$-54,$18,$0
41,2008-06-30,41.64,$22.01,1.89,$19.86,2.1,$-10.34,0.0,$3.87,10.76,$0.70B,$0.83B,0.84,$1.70B,$2.02B,0.84,$1.90B,$0.54B,28.24%,$1.90B,$0.49B,25.92%,$1.90B,$0.49B,25.92%,$1.90B,$0.87B,45.68%,$1.90B,$0.59B,31.03%,$1.90B,$0.36B,19.07%,$0.36B,$2.02B,19.24%,$0.36B,$0.94B,42.24%,$0.36B,$5.73B,6.79%,$0.49B,$3.72B,13.83%,$530,$341,$189,$0,$42,$364,$166,$-14,$151,$55,$96,$96,$90,$255,$166,$91,96,$0.98,$0.93,$23,$0,$162,$698,$3536,$203,$1085,$213,$5036,$5734,$831,$1698,$254,$2882,$3713,$770,$1235,$17,$2022,$5734,$172,$177,$-75,$102,$15,$0,$0,$-132,$-83,$190,$-325,$0,$0,$0,$8,$8,$-0,$-318,$62,$0,$62,$-1,$-1,$-2,$1,$60,$-66,$14,$0
42,2008-03-31,31.5,$21.01,1.5,$18.60,1.69,$-12.09,0.0,$3.52,8.95,$0.70B,$0.62B,1.14,$1.84B,$1.93B,0.95,$1.78B,$0.49B,27.49%,$1.78B,$0.44B,24.73%,$1.78B,$0.44B,24.73%,$1.78B,$0.80B,44.97%,$1.78B,$0.53B,29.96%,$1.78B,$0.33B,18.55%,$0.33B,$1.93B,18.45%,$0.33B,$0.84B,39.86%,$0.33B,$5.59B,6.65%,$0.44B,$3.76B,12.99%,$442,$323,$119,$0,$46,$308,$134,$-17,$116,$43,$74,$74,$73,$221,$134,$90,95,$0.80,$0.77,$176,$0,$123,$703,$3395,$208,$1088,$195,$4885,$5588,$618,$1836,$259,$3045,$3662,$762,$1144,$20,$1926,$5588,$74,$87,$-33,$54,$112,$0,$0,$-36,$-3,$126,$-131,$0,$0,$0,$6,$6,$-0,$-126,$90,$0,$90,$-3,$-3,$-1,$0,$87,$87,$8,$0
43,2007-12-31,41.5,$20.21,2.05,$18.16,2.29,$-14.63,0.0,$3.33,12.46,$0.73B,$0.68B,1.07,$1.73B,$1.85B,0.93,$1.73B,$0.51B,29.20%,$1.73B,$0.41B,23.72%,$1.73B,$0.41B,23.72%,$1.73B,$0.76B,43.57%,$1.73B,$0.52B,29.72%,$1.73B,$0.31B,18.06%,$0.31B,$1.85B,18.40%,$0.31B,$0.76B,38.80%,$0.31B,$5.45B,6.80%,$0.41B,$3.57B,12.86%,$465,$403,$62,$0,$39,$418,$47,$136,$183,$60,$123,$144,$116,$159,$47,$90,96,$1.24,$1.17,$90,$0,$179,$727,$3245,$213,$1090,$177,$4725,$5452,$679,$1726,$257,$2927,$3606,$756,$1070,$21,$1847,$5452,$345,$344,$30,$373,$-7,$0,$0,$-89,$-302,$416,$-864,$0,$-147,$285,$-11,$275,$-2,$-740,$235,$0,$235,$-8,$-8,$-4,$-17,$206,$-117,$17,$0
44,2007-09-30,42.46,$18.96,2.24,$17.70,2.4,$-9.08,0.0,$3.82,11.12,$0.61B,$0.59B,1.04,$1.45B,$1.73B,0.83,$1.66B,$0.60B,35.76%,$1.66B,$0.48B,28.55%,$1.66B,$0.48B,28.55%,$1.66B,$0.77B,46.27%,$1.66B,$0.66B,39.48%,$1.66B,$0.36B,21.57%,$0.36B,$1.73B,22.15%,$0.36B,$0.90B,45.26%,$0.36B,$4.55B,8.32%,$0.48B,$3.18B,15.59%,$461,$294,$166,$0,$42,$316,$145,$-6,$139,$45,$94,$84,$83,$232,$145,$90,96,$0.92,$0.88,$50,$0,$155,$613,$2752,$213,$835,$133,$3933,$4546,$590,$1445,$156,$2225,$2815,$749,$949,$33,$1731,$4546,$199,$232,$66,$298,$-36,$0,$0,$-83,$-217,$281,$-680,$0,$-10,$285,$-10,$276,$-1,$-416,$-10,$0,$-10,$-9,$-9,$-3,$-0,$-22,$-156,$11,$0
45,2007-06-30,39.91,$18.05,2.21,$16.74,2.38,$-3.66,0.0,$3.54,11.27,$0.55B,$0.48B,1.14,$1.39B,$1.65B,0.84,$1.58B,$0.56B,35.45%,$1.58B,$0.43B,27.39%,$1.58B,$0.43B,27.39%,$1.58B,$0.71B,44.71%,$1.58B,$0.61B,38.49%,$1.58B,$0.33B,21.12%,$0.33B,$1.65B,21.62%,$0.33B,$0.82B,46.27%,$0.33B,$4.27B,8.11%,$0.43B,$3.04B,14.79%,$411,$269,$142,$0,$33,$297,$114,$-19,$95,$33,$62,$59,$58,$188,$114,$90,96,$0.64,$0.61,$106,$0,$77,$551,$2537,$212,$828,$138,$3716,$4267,$483,$1386,$145,$2135,$2618,$753,$866,$30,$1649,$4267,$115,$145,$61,$206,$4,$0,$0,$-43,$-198,$124,$-427,$0,$0,$275,$-9,$266,$-1,$-161,$-68,$0,$-68,$-3,$-3,$-2,$0,$-73,$-110,$7,$0
46,2007-03-31,37.29,$17.27,2.16,$16.10,2.32,$-0.02,0.0,$3.76,9.92,$0.65B,$0.44B,1.49,$1.42B,$1.58B,0.9,$1.47B,$0.55B,37.32%,$1.47B,$0.42B,28.69%,$1.47B,$0.42B,28.69%,$1.47B,$0.66B,44.60%,$1.47B,$0.62B,42.01%,$1.47B,$0.34B,23.39%,$0.34B,$1.58B,25.98%,$0.34B,$0.75B,50.27%,$0.34B,$4.16B,9.80%,$0.42B,$3.00B,17.10%,$396,$260,$136,$0,$31,$291,$105,$-7,$98,$33,$65,$57,$56,$176,$105,$90,94,$0.62,$0.60,$203,$0,$63,$651,$2342,$220,$824,$123,$3508,$4160,$437,$1421,$147,$2145,$2583,$749,$809,$20,$1577,$4160,$57,$71,$28,$99,$-15,$0,$0,$-20,$-218,$-63,$-182,$0,$-0,$266,$-5,$260,$-0,$78,$-34,$0,$-34,$-4,$-4,$-1,$0,$-38,$-23,$4,$0
47,2006-12-31,31.37,$16.84,1.86,$15.38,2.04,$2.91,10.79,$3.83,8.19,$0.92B,$0.61B,1.51,$1.45B,$1.53B,0.95,$1.37B,$0.52B,37.67%,$1.37B,$0.40B,29.11%,$1.37B,$0.40B,29.11%,$1.37B,$0.60B,43.53%,$1.37B,$0.61B,44.26%,$1.37B,$0.34B,25.09%,$0.34B,$1.53B,31.01%,$0.34B,$0.70B,53.12%,$0.34B,$4.29B,11.80%,$0.40B,$2.98B,19.86%,$396,$245,$151,$0,$41,$285,$111,$214,$325,$161,$164,$163,$162,$174,$111,$85,90,$1.86,$1.77,$492,$0,$62,$924,$2212,$213,$823,$118,$3366,$4290,$613,$1454,$145,$2151,$2764,$746,$753,$27,$1526,$4290,$347,$196,$-125,$71,$-67,$0,$0,$-20,$96,$514,$-437,$0,$-624,$-285,$-28,$-313,$-7,$-1380,$1032,$0,$1032,$-41,$-41,$-4,$-9,$978,$115,$9,$0
