,Date,Stock Price,Book Value per Share,Price to Book Ratio,TTM Sales per Share,Price to Sales Ratio,TTM FCF per Share,Price to FCF Ratio,TTM Net EPS,PE Ratio,Current Assets,Current Liabilities,Current Ratio,Long Term Debt,Shareholder's Equity_x,Debt to Equity Ratio,TTM Revenue_x,TTM Gross Profit,Gross Margin,TTM Revenue_y,TTM Operating Income,Operating Margin,TTM Revenue_x,TTM EBIT,EBIT Margin,TTM Revenue_y,TTM EBITDA,EBITDA Margin,TTM Revenue_x,TTM Pre-Tax Income,Pre-Tax Margin,TTM Revenue_y,TTM Net Income_x,Net Margin,TTM Net Income_y,Shareholder's Equity_y,Return on Equity,TTM Net Income_x,Tangible Equity,Return on Tangible Equity,TTM Net Income_y,Total Assets,Return on Assets,TTM Net Income,LT Investments & Debt,Return on Investment,revenue,cost-goods-sold,gross-profit,research-development-expenses,selling-general-administrative-expenses,operating-expenses,operating-income,total-non-operating-income-expense,pre-tax-income,total-provision-income-taxes,income-after-taxes,income-from-continuous-operations,net-income,ebitda,ebit,basic-shares-outstanding,shares-outstanding,eps-basic-net-earnings-per-share,eps-earnings-per-share-diluted,cash-on-hand,inventory,other-current-assets,total-current-assets,net-property-plant-equipment,long-term-investments,goodwill-intangible-assets-total,other-long-term-assets,total-long-term-assets,total-assets,total-current-liabilities,long-term-debt,other-non-current-liabilities,total-long-term-liabilities,total-liabilities,common-stock-net,retained-earnings-accumulated-deficit,comprehensive-income,total-share-holder-equity,total-liabilities-share-holders-equity,net-income-loss,total-depreciation-amortization-cash-flow,other-non-cash-items,total-non-cash-items,change-in-accounts-receivable,change-in-inventories,change-in-accounts-payable,change-in-assets-liabilities,total-change-in-assets-liabilities,cash-flow-from-operating-activities,net-change-in-property-plant-equipment,net-change-in-intangible-assets,net-acquisitions-divestitures,net-change-in-short-term-investments,net-change-in-long-term-investments,net-change-in-investments-total,investing-activities-other,cash-flow-from-investing-activities,net-long-term-debt,net-current-debt,debt-issuance-retirement-net-total,net-common-equity-issued-repurchased,net-total-equity-issued-repurchased,total-common-preferred-stock-dividends-paid,financial-activities-other,cash-flow-from-financial-activities,net-cash-flow,stock-based-compensation,common-stock-dividends-paid
0,2018-09-30,30.08,$0.00,0.0,$80.04,0.38,$5.88,5.11,$5.71,5.27,$63.64B,$52.15B,1.22,$37.07B,$77.84B,0.48,$142.44B,$31.07B,21.81%,$142.44B,$8.39B,5.89%,$142.44B,$8.39B,5.89%,$142.44B,$14.81B,10.40%,$142.44B,$10.68B,7.50%,$142.44B,$10.25B,7.19%,$10.25B,$77.84B,13.48%,$10.25B,$71.11B,14.78%,$10.25B,$182.41B,5.75%,$8.39B,$114.90B,7.46%,$34575,$27042,$7533,$1658,$3945,$32645,$1930,$617,$2547,$484,$2063,$2063,$1897,$3382,$1930,$1761,1761,$1.08,$1.08,$20258,$14437,$5182,$63639,$27375,$46736,$6732,$5535,$118771,$182410,$52146,$37066,$5246,$52425,$104572,$775,$71179,$0,$77838,$182410,$5772,$3170,$-1305,$1865,$277,$-407,$-524,$-2701,$-3356,$3575,$-1898,$-807,$2114,$-2801,$0,$-2801,$0,$-3392,$1302,$220,$1522,$-581,$-581,$-861,$-655,$-575,$-50,$0,$-861
1,2018-06-30,29.27,$0.00,0.0,$79.29,0.37,$6.26,4.68,$5.50,5.32,$63.63B,$51.63B,1.23,$36.93B,$76.98B,0.48,$141.85B,$30.63B,21.59%,$141.85B,$7.83B,5.52%,$141.85B,$7.83B,5.52%,$141.85B,$14.37B,10.13%,$141.85B,$10.32B,7.27%,$141.85B,$9.92B,6.99%,$9.92B,$76.98B,13.31%,$9.92B,$70.26B,14.63%,$9.92B,$180.80B,5.61%,$7.83B,$113.90B,7.06%,$37022,$29097,$7925,$1752,$3419,$34268,$2754,$542,$3296,$842,$2454,$2454,$2248,$4473,$2754,$1774,1774,$1.27,$1.27,$19937,$14001,$5605,$63632,$67175,$6570,$6719,$5570,$117165,$180797,$51629,$36927,$5269,$52191,$103820,$792,$71400,$0,$76976,$180797,$3296,$1719,$-920,$798,$232,$115,$-508,$-1716,$-1876,$1973,$-1268,$-346,$0,$-630,$0,$-630,$0,$-2244,$132,$537,$669,$-400,$-400,$-442,$-382,$-555,$-822,$0,$-442
2,2018-03-31,34.73,$41.67,0.83,$76.96,0.45,$5.96,5.82,$5.28,6.58,$62.33B,$50.62B,1.23,$34.94B,$74.11B,0.47,$138.25B,$30.25B,21.88%,$138.25B,$7.50B,5.43%,$138.25B,$7.50B,5.43%,$138.25B,$13.92B,10.07%,$138.25B,$10.03B,7.26%,$138.25B,$9.53B,6.90%,$9.53B,$74.11B,13.12%,$9.53B,$67.43B,14.47%,$9.53B,$174.14B,5.47%,$7.50B,$109.04B,6.89%,$35628,$27972,$7657,$1990,$4497,$34458,$1170,$579,$1749,$594,$1154,$1154,$1027,$2860,$1170,$1793,1793,$0.58,$0.58,$20308,$13711,$4538,$62328,$64355,$6116,$6674,$5450,$111815,$174143,$50617,$34936,$5176,$49419,$100036,$775,$68502,$0,$74107,$174143,$10035,$6418,$-1808,$4610,$-376,$-1826,$625,$-3175,$-4753,$8889,$-3605,$-1412,$0,$-525,$0,$-525,$6,$-5536,$720,$917,$1637,$-784,$-784,$-1568,$-855,$-1569,$1355,$0,$-1568
3,2017-12-31,33.84,$0.00,0.0,$75.80,0.45,$5.13,6.59,$5.19,6.52,$61.12B,$48.82B,1.25,$36.54B,$75.21B,0.49,$136.34B,$30.06B,22.05%,$136.34B,$7.52B,5.52%,$136.34B,$7.52B,5.52%,$136.34B,$14.00B,10.27%,$136.34B,$9.92B,7.27%,$136.34B,$9.33B,6.84%,$9.33B,$75.21B,13.00%,$9.33B,$68.53B,14.39%,$9.33B,$175.88B,5.34%,$7.52B,$111.74B,6.93%,$35218,$27261,$7958,$1661,$3764,$32686,$2533,$555,$3087,$-2162,$5249,$5249,$5075,$4094,$2533,$1790,1790,$2.84,$2.84,$19673,$13312,$4950,$61119,$66271,$5781,$6673,$5551,$114758,$175877,$48817,$36537,$5231,$51854,$100671,$766,$66853,$0,$75206,$175877,$8228,$4728,$-1734,$2993,$509,$-932,$-646,$-3937,$-5006,$5542,$-2700,$-1003,$-22,$-120,$0,$-120,$6,$-3839,$-223,$1651,$1428,$-775,$-775,$-1155,$-659,$-1160,$930,$0,$-1155
4,2017-09-30,29.15,$0.00,0.0,$74.01,0.39,$4.00,7.28,$3.17,9.2,$59.98B,$48.94B,1.23,$37.14B,$71.75B,0.52,$133.33B,$29.13B,21.85%,$133.33B,$6.90B,5.18%,$133.33B,$6.90B,5.18%,$133.33B,$13.12B,9.84%,$133.33B,$9.23B,6.92%,$133.33B,$5.81B,4.35%,$5.81B,$71.75B,8.25%,$5.81B,$64.94B,9.17%,$5.81B,$175.74B,3.33%,$6.90B,$108.89B,6.45%,$33986,$26900,$7086,$1548,$4162,$32609,$1377,$807,$2183,$459,$1725,$1725,$1566,$2941,$1377,$1800,1800,$0.87,$0.87,$19870,$12836,$3774,$59975,$67073,$6646,$6815,$5364,$115769,$175744,$48940,$37141,$5344,$55053,$103993,$775,$63076,$0,$71751,$175744,$5199,$3166,$-1060,$2107,$178,$-342,$-571,$-1541,$-2276,$4420,$-2032,$-654,$-22,$-76,$0,$-76,$6,$-2778,$-804,$1046,$242,$-0,$-0,$-779,$-493,$-1030,$917,$0,$-779
5,2017-06-30,26.82,$0.00,0.0,$72.87,0.37,$3.67,7.32,$3.28,8.18,$58.66B,$48.03B,1.22,$36.17B,$69.57B,0.52,$131.32B,$29.30B,22.31%,$131.32B,$7.76B,5.91%,$131.32B,$7.76B,5.91%,$131.32B,$14.08B,10.72%,$131.32B,$9.70B,7.38%,$131.32B,$5.98B,4.55%,$5.98B,$69.57B,8.65%,$5.98B,$62.69B,9.67%,$5.98B,$171.40B,3.48%,$7.76B,$105.75B,7.39%,$33418,$25873,$7545,$1568,$3553,$30995,$2423,$592,$3015,$986,$2030,$2030,$1866,$4025,$2423,$1802,1802,$1.04,$1.04,$18175,$13005,$4199,$58658,$65908,$5813,$6887,$5077,$112741,$171399,$48029,$36174,$5121,$53796,$101825,$775,$61896,$0,$69574,$171399,$3015,$1602,$-438,$1164,$388,$-680,$-435,$-1896,$-2623,$1590,$-1404,$0,$-22,$-190,$0,$-190,$6,$-1609,$1007,$-1103,$-96,$-0,$-0,$-389,$-312,$-797,$-779,$0,$-389
6,2017-03-31,29.39,$39.06,0.75,$72.24,0.41,$3.79,7.75,$3.18,9.24,$60.97B,$50.49B,1.21,$37.41B,$70.40B,0.53,$130.19B,$29.14B,22.38%,$130.19B,$7.82B,6.01%,$130.19B,$7.82B,6.01%,$130.19B,$14.09B,10.82%,$130.19B,$9.37B,7.19%,$130.19B,$5.74B,4.40%,$5.74B,$70.40B,8.52%,$5.74B,$63.16B,9.58%,$5.74B,$176.31B,3.40%,$7.82B,$107.80B,7.67%,$33719,$26248,$7470,$2020,$4259,$32527,$1191,$439,$1630,$672,$958,$958,$821,$2936,$1191,$1802,1802,$0.46,$0.46,$19586,$12686,$4114,$60966,$67937,$5555,$7237,$4929,$115345,$176311,$50488,$37406,$5049,$55425,$105913,$800,$62430,$0,$70398,$176311,$9365,$6271,$-2036,$4236,$458,$-671,$121,$-4887,$-4980,$8231,$-4421,$-1333,$119,$-416,$0,$-416,$0,$-6051,$2603,$728,$3330,$-0,$-0,$-1509,$-748,$1073,$3241,$0,$-1509
7,2016-12-31,28.15,$0.00,0.0,$70.99,0.4,$5.28,5.34,$2.25,12.51,$58.29B,$49.75B,1.17,$35.82B,$69.75B,0.51,$127.93B,$28.80B,22.51%,$127.93B,$6.16B,4.81%,$127.93B,$6.16B,4.81%,$127.93B,$12.12B,9.47%,$127.93B,$7.32B,5.72%,$127.93B,$4.18B,3.27%,$4.18B,$69.75B,6.50%,$4.18B,$62.41B,7.34%,$4.18B,$173.62B,2.57%,$6.16B,$105.56B,6.32%,$32210,$25178,$7032,$1622,$3499,$30299,$1911,$490,$2401,$685,$1716,$1716,$1553,$3222,$1911,$1802,1802,$0.86,$0.86,$16560,$12752,$4714,$58288,$67767,$5194,$7335,$4747,$115333,$173621,$49751,$35815,$4784,$54120,$103872,$792,$60838,$0,$69749,$173621,$7544,$4526,$-1718,$2808,$1002,$-532,$-1254,$-5237,$-6021,$4216,$-3390,$-1059,$33,$-474,$0,$-474,$-4,$-4894,$63,$2469,$2532,$-0,$-0,$-1094,$-617,$820,$392,$0,$-1094
8,2016-09-30,27.7,$0.00,0.0,$69.57,0.4,$7.06,3.92,$2.02,13.71,$55.55B,$48.33B,1.15,$34.22B,$66.68B,0.51,$125.38B,$28.55B,22.77%,$125.38B,$5.58B,4.45%,$125.38B,$5.58B,4.45%,$125.38B,$11.61B,9.26%,$125.38B,$6.56B,5.24%,$125.38B,$3.65B,2.91%,$3.65B,$66.68B,5.86%,$3.65B,$58.84B,6.62%,$3.65B,$166.49B,2.32%,$5.58B,$100.90B,5.91%,$31977,$24724,$7253,$1248,$3769,$29742,$2235,$416,$2652,$773,$1879,$1879,$1736,$3897,$2235,$1802,1802,$0.96,$0.96,$16461,$12171,$3637,$55547,$63959,$5740,$7844,$4583,$110940,$166487,$48327,$34220,$4571,$51479,$99805,$843,$63540,$0,$66681,$166487,$5479,$3215,$-905,$2310,$785,$-532,$-389,$-3893,$-4029,$3843,$-2059,$-776,$-28,$-474,$0,$-474,$-2,$-3338,$1193,$315,$1508,$-0,$-0,$-777,$-526,$205,$-762,$0,$-777
9,2016-06-30,24.1,$0.00,0.0,$68.30,0.35,$7.91,3.04,$1.64,14.69,$53.48B,$48.10B,1.11,$31.16B,$62.56B,0.5,$123.10B,$27.80B,22.58%,$123.10B,$4.70B,3.82%,$123.10B,$4.70B,3.82%,$123.10B,$10.41B,8.46%,$123.10B,$5.64B,4.58%,$123.10B,$2.96B,2.40%,$2.96B,$62.56B,4.87%,$2.96B,$55.06B,5.49%,$2.96B,$159.06B,1.93%,$4.70B,$93.72B,5.06%,$32287,$24902,$7385,$1540,$3363,$29805,$2482,$201,$2683,$917,$1766,$1766,$1625,$4035,$2482,$1802,1802,$0.90,$0.90,$15557,$11445,$3665,$53483,$60642,$5297,$7501,$4185,$105572,$159055,$48099,$31161,$4183,$48395,$96494,$800,$58912,$0,$62560,$159055,$2683,$1554,$-449,$1105,$871,$-184,$-846,$-1957,$-2115,$1594,$-1183,$-358,$-26,$-124,$0,$-124,$-2,$-1693,$-1289,$2348,$1059,$-0,$-0,$-369,$-200,$490,$-787,$0,$-369
10,2016-03-31,25.78,$32.38,0.8,$67.23,0.38,$8.78,2.94,$1.54,16.74,$51.81B,$45.40B,1.14,$31.01B,$58.36B,0.53,$121.19B,$27.13B,22.39%,$121.19B,$4.18B,3.45%,$121.19B,$4.18B,3.45%,$121.19B,$9.66B,7.97%,$121.19B,$5.27B,4.35%,$121.19B,$2.86B,2.36%,$2.86B,$58.36B,4.71%,$2.86B,$51.52B,5.29%,$2.86B,$151.30B,1.88%,$4.18B,$89.38B,4.50%,$31455,$24326,$7128,$1666,$5936,$31928,$-473,$55,$-418,$189,$-607,$-607,$-732,$961,$-473,$1802,1802,$-0.41,$-0.41,$14587,$10900,$3471,$51806,$56587,$4922,$6847,$4060,$99498,$151303,$45404,$31014,$4485,$47535,$92939,$714,$51413,$0,$58364,$151303,$5274,$5484,$-1435,$4049,$-732,$551,$873,$1476,$2168,$11545,$-5059,$-1965,$-0,$-235,$0,$-235,$-3,$-7263,$4646,$-3371,$1275,$-0,$-0,$-1316,$-749,$-791,$2372,$0,$-1316
11,2015-12-31,29.88,$0.00,0.0,$68.71,0.43,$7.23,4.13,$2.46,12.15,$51.25B,$43.01B,1.19,$32.06B,$61.54B,0.52,$123.84B,$25.36B,20.47%,$123.84B,$5.67B,4.58%,$123.84B,$5.67B,4.58%,$123.84B,$9.48B,7.65%,$123.84B,$6.77B,5.47%,$123.84B,$4.23B,3.41%,$4.23B,$61.54B,6.72%,$4.23B,$54.85B,7.51%,$4.23B,$152.42B,2.70%,$5.67B,$93.59B,5.89%,$29661,$22875,$6786,$1372,$4077,$28324,$1337,$310,$1647,$507,$1141,$1141,$1018,$2713,$1337,$1802,1802,$0.57,$0.57,$13394,$11451,$4437,$51245,$56806,$5094,$6683,$4288,$101179,$152424,$43005,$32057,$3762,$47881,$90887,$706,$52499,$0,$61537,$152424,$5692,$4049,$-1538,$2512,$493,$418,$-419,$-714,$-221,$7861,$-3816,$-1454,$0,$-313,$0,$-313,$-16,$-5599,$3379,$-2245,$1135,$-0,$-0,$-975,$-559,$-400,$1326,$0,$-975
12,2015-09-30,27.81,$0.00,0.0,$68.31,0.41,$4.43,6.28,$2.52,11.04,$49.71B,$41.39B,1.2,$33.90B,$60.63B,0.56,$123.13B,$26.00B,21.12%,$123.13B,$5.90B,4.79%,$123.13B,$5.90B,4.79%,$123.13B,$10.12B,8.22%,$123.13B,$6.83B,5.55%,$123.13B,$4.41B,3.58%,$4.41B,$60.63B,7.00%,$4.41B,$54.10B,7.61%,$4.41B,$150.24B,2.80%,$5.90B,$94.53B,6.10%,$29694,$23195,$6499,$1219,$3928,$28343,$1352,$378,$1730,$563,$1167,$1167,$1048,$2705,$1352,$1802,1802,$0.58,$0.58,$13478,$11244,$503,$49708,$55329,$5480,$6530,$4072,$100535,$150243,$41394,$33899,$3629,$48216,$89611,$706,$51806,$0,$60632,$150243,$4045,$2674,$-800,$1874,$301,$640,$-291,$-739,$-90,$5785,$-2464,$-947,$0,$-90,$0,$-90,$-14,$-3514,$3230,$-2481,$749,$-0,$-0,$-650,$-454,$-356,$1410,$0,$-650
13,2015-06-30,29.79,$0.00,0.0,$67.89,0.44,$2.30,12.94,$2.65,11.24,$52.70B,$46.06B,1.14,$31.61B,$62.39B,0.51,$122.38B,$26.64B,21.77%,$122.38B,$6.12B,5.00%,$122.38B,$6.12B,5.00%,$122.38B,$11.05B,9.03%,$122.38B,$6.83B,5.58%,$122.38B,$4.73B,3.86%,$4.73B,$62.39B,7.45%,$4.73B,$55.94B,7.86%,$4.73B,$154.97B,2.96%,$6.12B,$94.00B,6.32%,$30379,$23662,$6717,$1192,$3563,$28417,$1962,$353,$2315,$643,$1672,$1672,$1526,$3282,$1962,$1803,1803,$0.85,$0.85,$13538,$11950,$3055,$52695,$55843,$5394,$6442,$4216,$102273,$154968,$46058,$31610,$3869,$46525,$92583,$706,$51086,$0,$62385,$154968,$2315,$1320,$-507,$813,$-150,$556,$31,$-533,$4,$3410,$-1438,$-505,$0,$0,$-49,$-49,$-6,$-1998,$275,$147,$422,$-0,$-0,$-325,$-192,$-95,$1469,$0,$-325
14,2015-03-31,30.12,$37.28,0.81,$67.29,0.45,$1.15,26.28,$2.61,11.54,$57.30B,$48.24B,1.19,$35.73B,$67.18B,0.53,$121.29B,$27.28B,22.49%,$121.29B,$6.10B,5.03%,$121.29B,$6.10B,5.03%,$121.29B,$11.79B,9.72%,$121.29B,$6.46B,5.33%,$121.29B,$4.64B,3.82%,$4.64B,$67.18B,7.36%,$4.64B,$60.27B,7.57%,$4.64B,$167.68B,2.92%,$6.10B,$102.91B,6.33%,$34107,$28754,$5353,$1079,$3251,$33084,$1023,$56,$1079,$294,$785,$812,$636,$776,$1023,$1802,1802,$0.35,$0.35,$13393,$13635,$3699,$57295,$59376,$5596,$6912,$4619,$110380,$167675,$48240,$35729,$4355,$52252,$100491,$783,$55361,$0,$67184,$167675,$7337,$5690,$-1782,$3908,$-417,$-512,$202,$-517,$-3175,$9286,$-5596,$-2138,$-18,$100,$0,$100,$3,$-7649,$1061,$1180,$2242,$-0,$-0,$-1443,$-685,$114,$2531,$0,$-1443
15,2014-12-31,27.14,$34.23,0.79,$65.24,0.42,$-1.05,0.0,$3.08,8.81,$55.79B,$45.55B,1.23,$33.72B,$61.69B,0.55,$117.58B,$29.98B,25.50%,$117.58B,$6.70B,5.70%,$117.58B,$6.70B,5.70%,$117.58B,$14.76B,12.55%,$117.58B,$7.10B,6.04%,$117.58B,$5.68B,4.83%,$5.68B,$61.69B,9.24%,$5.68B,$61.69B,9.24%,$5.68B,$156.86B,3.65%,$6.70B,$95.41B,7.13%,$28952,$21520,$7431,$1476,$4395,$27392,$1560,$148,$1708,$652,$1056,$1308,$1201,$3359,$1560,$1802,1802,$0.67,$0.67,$11718,$13100,$5012,$55786,$53312,$8514,$0,$6444,$101073,$156859,$45545,$33721,$15907,$49629,$95174,$757,$59277,$-2069,$61685,$156859,$4017,$5937,$385,$6322,$1208,$-571,$-1204,$-985,$-1584,$8080,$-9077,$0,$0,$-0,$9,$9,$431,$-8637,$881,$1752,$2634,$-0,$-0,$-1047,$-469,$1118,$1432,$0,$-1047
16,2014-09-30,31.52,$34.71,0.91,$65.94,0.48,$-0.62,0.0,$3.32,9.49,$56.35B,$47.66B,1.18,$32.62B,$62.56B,0.52,$118.84B,$30.67B,25.81%,$118.84B,$7.42B,6.25%,$118.84B,$7.42B,6.25%,$118.84B,$15.66B,13.18%,$118.84B,$7.55B,6.36%,$118.84B,$6.09B,5.12%,$6.09B,$62.56B,9.98%,$6.09B,$62.56B,9.98%,$6.09B,$158.14B,3.92%,$7.42B,$95.18B,7.93%,$28942,$21801,$7141,$1558,$4005,$27363,$1579,$148,$1727,$483,$1243,$1462,$1362,$3636,$1579,$1802,1802,$0.76,$0.76,$11162,$13293,$4711,$56352,$53315,$8460,$0,$6490,$101785,$158137,$47655,$32621,$15300,$47921,$95576,$826,$63735,$-5842,$62561,$158137,$2956,$4137,$-388,$3749,$1132,$-423,$-236,$-375,$132,$6311,$-6824,$0,$0,$-21,$20,$-1,$-175,$-7000,$-177,$1623,$1446,$-0,$-0,$-761,$-359,$326,$-60,$0,$-761
17,2014-06-30,32.17,$33.54,0.96,$66.07,0.49,$-0.00,0.0,$3.28,9.81,$54.49B,$45.00B,1.21,$31.41B,$60.45B,0.52,$119.09B,$31.00B,26.03%,$119.09B,$7.58B,6.36%,$119.09B,$7.58B,6.36%,$119.09B,$15.70B,13.18%,$119.09B,$7.50B,6.30%,$119.09B,$5.94B,4.99%,$5.94B,$60.45B,9.97%,$5.94B,$60.45B,9.97%,$5.94B,$151.78B,3.90%,$7.58B,$91.86B,8.26%,$29285,$21935,$7350,$1403,$4007,$27344,$1941,$8,$1948,$802,$1147,$1525,$1436,$4021,$1941,$1802,1802,$0.80,$0.80,$10855,$12633,$4446,$54492,$50155,$8407,$0,$6463,$97289,$151781,$45000,$31409,$14924,$46333,$91333,$843,$64062,$-8240,$60448,$151781,$1525,$2080,$-232,$1848,$911,$-34,$-704,$-50,$327,$3476,$-3589,$0,$0,$-17,$1,$-16,$-193,$-3798,$-1087,$1457,$370,$-0,$-0,$-389,$-159,$-177,$-600,$0,$-389
18,2014-03-31,32.49,$33.92,0.96,$65.71,0.49,$0.03,1124.33,$3.17,10.25,$57.71B,$47.11B,1.23,$32.34B,$61.13B,0.53,$118.42B,$30.81B,26.02%,$118.42B,$7.50B,6.34%,$118.42B,$7.50B,6.34%,$118.42B,$15.45B,13.05%,$118.42B,$7.29B,6.16%,$118.42B,$5.74B,4.85%,$5.74B,$61.13B,9.84%,$5.74B,$61.13B,9.84%,$5.74B,$156.22B,3.82%,$7.50B,$93.48B,8.34%,$30400,$22343,$8057,$1809,$4631,$28783,$1617,$96,$1713,$309,$1405,$1772,$1681,$3746,$1617,$1802,1802,$0.93,$0.93,$11689,$13029,$4744,$57713,$50552,$8179,$0,$6601,$98508,$156220,$47113,$32341,$15632,$47973,$95086,$861,$64317,$-7930,$61134,$156220,$6087,$7947,$-53,$7895,$-926,$-29,$710,$-399,$-731,$12292,$-12565,$0,$145,$-300,$-48,$-347,$-4320,$-17087,$5492,$-43,$5449,$-0,$-0,$-1424,$-319,$3706,$-372,$0,$-1424
19,2013-12-31,38.02,$33.11,1.15,$65.32,0.58,$-0.87,0.0,$2.69,14.13,$57.11B,$44.85B,1.27,$34.28B,$59.67B,0.57,$117.73B,$29.75B,25.27%,$117.73B,$6.69B,5.68%,$117.73B,$6.69B,5.68%,$117.73B,$14.71B,12.49%,$117.73B,$6.60B,5.61%,$117.73B,$4.83B,4.10%,$4.83B,$59.67B,8.21%,$4.83B,$59.67B,8.21%,$4.83B,$155.47B,3.16%,$6.69B,$93.95B,7.38%,$30209,$22088,$8120,$1575,$4259,$27923,$2286,$-120,$2166,$801,$1365,$1681,$1607,$4255,$2286,$1802,1802,$0.89,$0.89,$12146,$13182,$4560,$57111,$49250,$8698,$0,$6335,$98358,$155469,$44850,$34277,$16670,$50947,$95798,$861,$62975,$-7985,$59672,$155469,$4289,$5819,$-322,$5496,$429,$-97,$-331,$-298,$-320,$8705,$-8917,$0,$0,$-292,$-190,$-482,$-4046,$-13445,$4503,$1057,$5560,$-0,$-0,$-1063,$-364,$4133,$85,$0,$-1063
20,2013-09-30,34.9,$31.68,1.1,$65.11,0.54,$-2.04,0.0,$2.32,15.04,$53.77B,$42.58B,1.26,$30.51B,$57.10B,0.53,$117.36B,$29.32B,24.98%,$117.36B,$6.02B,5.13%,$117.36B,$6.02B,5.13%,$117.36B,$13.71B,11.68%,$117.36B,$5.54B,4.72%,$117.36B,$4.18B,3.56%,$4.18B,$57.10B,7.10%,$4.18B,$57.10B,7.10%,$4.18B,$146.53B,2.74%,$6.02B,$87.60B,6.74%,$29191,$21723,$7468,$1526,$4210,$27460,$1732,$-59,$1672,$701,$971,$1291,$1216,$3674,$1732,$1802,1802,$0.68,$0.68,$11436,$12291,$4140,$53774,$46425,$8392,$0,$6156,$92759,$146533,$42581,$30507,$16348,$46855,$89435,$869,$62345,$-9858,$57098,$146533,$2634,$3849,$-461,$3388,$1007,$401,$-14,$195,$1428,$6782,$-6188,$0,$0,$-237,$35,$-202,$-3603,$-9993,$1339,$1752,$3091,$-0,$-0,$-710,$-263,$2118,$-746,$0,$-710
21,2013-06-30,33.93,$30.82,1.1,$65.21,0.52,$-3.53,0.0,$2.23,15.22,$53.51B,$41.39B,1.29,$29.45B,$55.55B,0.53,$117.43B,$29.49B,25.11%,$117.43B,$6.00B,5.11%,$117.43B,$6.00B,5.11%,$117.43B,$13.44B,11.44%,$117.43B,$5.22B,4.44%,$117.43B,$4.02B,3.42%,$4.02B,$55.55B,6.83%,$4.02B,$55.55B,6.83%,$4.02B,$143.40B,2.65%,$6.00B,$85.00B,6.77%,$28624,$21457,$7168,$1431,$3869,$26756,$1868,$-131,$1738,$715,$1022,$1343,$1237,$3774,$1868,$1802,1802,$0.69,$0.69,$11506,$12359,$4239,$53510,$45443,$7686,$0,$6112,$89893,$143403,$41392,$29446,$17017,$46463,$87855,$869,$61504,$-10542,$55548,$143403,$1343,$1906,$-150,$1756,$933,$388,$-1028,$-118,$153,$3072,$-3130,$0,$0,$-150,$62,$-88,$-1814,$-5032,$577,$732,$1309,$-0,$-0,$-346,$-144,$819,$-676,$0,$-346
22,2013-03-31,34.67,$34.90,0.99,$66.34,0.52,$-2.24,0.0,$2.46,14.09,$64.41B,$49.57B,1.3,$32.80B,$62.89B,0.52,$119.52B,$30.65B,25.64%,$119.52B,$6.59B,5.52%,$119.52B,$6.59B,5.52%,$119.52B,$13.74B,11.49%,$119.52B,$5.92B,4.95%,$119.52B,$4.44B,3.72%,$4.44B,$62.89B,7.49%,$4.44B,$62.89B,7.49%,$4.44B,$164.99B,2.92%,$6.59B,$95.69B,7.47%,$29703,$22713,$6989,$1721,$4469,$28904,$799,$-461,$1027,$278,$749,$1008,$769,$3002,$799,$1802,1802,$0.43,$0.43,$14594,$14707,$5063,$64409,$51336,$8092,$0,$7414,$100579,$164988,$49570,$32801,$19724,$52525,$102095,$1041,$72547,$-14965,$62893,$164988,$4751,$7145,$1272,$8416,$-1095,$-903,$-1152,$217,$-2670,$9689,$-11589,$0,$0,$-52,$-33,$-85,$-1270,$-12944,$1582,$1860,$3443,$-0,$-0,$-1570,$-426,$1447,$-496,$0,$-1570
23,2012-12-31,33.32,$33.03,1.01,$65.98,0.5,$1.48,22.59,$2.49,13.38,$59.81B,$47.08B,1.27,$29.37B,$59.54B,0.49,$119.08B,$30.15B,25.32%,$119.08B,$5.68B,4.77%,$119.08B,$5.68B,4.77%,$119.08B,$12.43B,10.43%,$119.08B,$6.06B,5.09%,$119.08B,$4.55B,3.82%,$4.55B,$59.54B,7.84%,$4.55B,$59.54B,7.84%,$4.55B,$153.98B,3.07%,$5.68B,$88.90B,6.61%,$29837,$22147,$7690,$1704,$4364,$28214,$1623,$-519,$1104,$346,$759,$1022,$953,$3258,$1623,$1802,1802,$0.53,$0.53,$14250,$14841,$4227,$59807,$47534,$7804,$0,$7163,$94171,$153977,$47083,$29369,$17990,$47359,$94443,$1059,$73365,$-18986,$59535,$153977,$3809,$4942,$645,$5587,$555,$-1765,$-2000,$512,$-2571,$6300,$-8612,$0,$0,$8,$78,$87,$-1091,$-9616,$347,$2948,$3296,$-0,$-0,$-1175,$-94,$2027,$-1090,$0,$-1175
24,2012-09-30,27.73,$0.00,0.0,$63.29,0.44,$3.21,8.63,$2.33,11.9,$55.87B,$43.17B,1.29,$27.14B,$57.49B,0.47,$114.23B,$28.79B,25.20%,$114.23B,$4.56B,3.99%,$114.23B,$4.56B,3.99%,$114.23B,$11.30B,9.89%,$114.23B,$5.71B,5.00%,$114.23B,$4.21B,3.68%,$4.21B,$57.49B,7.36%,$4.21B,$57.49B,7.36%,$4.21B,$145.38B,2.90%,$4.56B,$84.63B,5.45%,$29269,$21626,$7643,$1779,$4159,$27564,$1705,$68,$1350,$569,$780,$1060,$1060,$3404,$1705,$1797,1797,$0.59,$0.59,$12463,$13728,$6517,$55868,$0,$7923,$0,$36724,$44648,$145384,$43166,$27144,$17586,$44729,$87895,$1093,$75202,$0,$57489,$145384,$2878,$3307,$0,$3307,$0,$0,$0,$0,$-1965,$3935,$-6026,$0,$0,$0,$0,$50,$-1023,$-6998,$0,$243,$908,$0,$-0,$-842,$-20,$289,$-3376,$0,$0
25,2012-06-30,30.9,$0.00,0.0,$60.74,0.51,$6.97,4.43,$2.18,14.17,$56.86B,$42.59B,1.34,$26.75B,$57.22B,0.47,$109.57B,$27.47B,25.07%,$109.57B,$3.62B,3.30%,$109.57B,$3.62B,3.30%,$109.57B,$10.42B,9.51%,$109.57B,$5.35B,4.89%,$109.57B,$3.93B,3.59%,$3.93B,$57.22B,6.89%,$3.93B,$57.22B,6.89%,$3.93B,$144.03B,2.73%,$3.62B,$83.97B,4.38%,$30714,$22390,$8324,$1575,$4284,$28249,$2465,$235,$2435,$973,$1462,$1661,$1661,$4073,$2465,$1805,1805,$0.92,$0.92,$14174,$13284,$19327,$56863,$0,$7827,$0,$36221,$44048,$144032,$42593,$26750,$17470,$44220,$86813,$1076,$73420,$0,$57219,$144032,$1721,$1607,$0,$1607,$0,$0,$0,$0,$-1191,$2206,$78,$0,$-320,$0,$0,$0,$-2993,$-3235,$0,$1150,$-1013,$0,$0,$-384,$0,$-248,$-1415,$0,$0
26,2012-03-31,34.03,$0.00,0.0,$55.58,0.61,$6.09,5.59,$1.48,22.99,$60.19B,$45.46B,1.32,$28.39B,$57.51B,0.49,$100.09B,$24.91B,24.89%,$100.09B,$2.09B,2.09%,$100.09B,$2.09B,2.09%,$100.09B,$8.83B,8.82%,$100.09B,$3.27B,3.27%,$100.09B,$2.67B,2.66%,$2.67B,$57.51B,4.73%,$2.67B,$57.51B,4.73%,$2.67B,$149.62B,1.88%,$2.09B,$85.89B,2.58%,$29262,$22769,$6493,$1885,$4723,$29377,$-115,$-246,$1168,$623,$545,$871,$871,$1691,$-115,$1815,1815,$0.48,$0.48,$15838,$13154,$7141,$60186,$0,$7920,$0,$37743,$45662,$149616,$45463,$28385,$18259,$46643,$92106,$1093,$73267,$0,$57509,$149616,$2820,$6741,$0,$6741,$0,$0,$0,$0,$-1068,$9365,$-4543,$0,$-248,$0,$0,$288,$-4045,$-8548,$0,$-1328,$2342,$0,$-0,$-1373,$-200,$-560,$-405,$0,$0
27,2011-12-31,26.94,$0.00,0.0,$54.35,0.5,$6.03,4.47,$1.30,20.72,$54.30B,$42.75B,1.27,$23.86B,$56.23B,0.42,$97.45B,$23.09B,23.69%,$97.45B,$0.07B,0.07%,$97.45B,$0.07B,0.07%,$97.45B,$6.70B,6.87%,$97.45B,$3.33B,3.41%,$97.45B,$2.33B,2.39%,$2.33B,$56.23B,4.18%,$2.33B,$56.23B,4.18%,$2.33B,$140.38B,1.68%,$0.07B,$80.09B,0.08%,$24988,$18660,$6328,$1734,$4094,$24487,$501,$183,$755,$429,$326,$613,$613,$2128,$501,$1803,1803,$0.34,$0.34,$14741,$11390,$6838,$54301,$0,$7902,$0,$36888,$44790,$140382,$42746,$23859,$17543,$41402,$84148,$1110,$73850,$0,$56233,$140382,$1866,$4934,$0,$4934,$0,$0,$0,$0,$269,$6553,$-5734,$0,$0,$0,$0,$301,$-470,$-5903,$0,$65,$-50,$0,$-0,$-1046,$-194,$-1226,$-1758,$0,$0
28,2011-09-30,25.56,$0.00,0.0,$54.75,0.47,$9.43,2.71,$1.51,16.92,$56.21B,$43.60B,1.29,$23.25B,$57.39B,0.41,$98.14B,$24.23B,24.69%,$98.14B,$1.43B,1.46%,$98.14B,$1.43B,1.46%,$98.14B,$8.16B,8.31%,$98.14B,$4.15B,4.23%,$98.14B,$2.71B,2.76%,$2.71B,$57.39B,4.89%,$2.71B,$57.39B,4.89%,$2.71B,$141.87B,1.97%,$1.43B,$80.64B,1.81%,$24604,$18276,$6328,$1660,$3899,$23834,$770,$313,$995,$385,$610,$788,$788,$2528,$770,$1791,1791,$0.44,$0.44,$17152,$10599,$7247,$56209,$87977,$8101,$0,$36647,$132724,$141872,$43603,$23249,$17628,$40877,$84479,$1119,$74763,$0,$57393,$141872,$1255,$3307,$0,$3307,$0,$0,$0,$0,$2482,$6417,$-1775,$0,$0,$0,$0,$393,$-2240,$-3621,$0,$-308,$-423,$0,$-0,$-703,$-188,$-1622,$525,$0,$0
29,2011-06-30,33.65,$0.00,0.0,$55.92,0.6,$9.16,3.67,$1.97,17.08,$52.18B,$41.11B,1.27,$22.38B,$54.55B,0.41,$100.41B,$25.49B,25.39%,$100.41B,$3.09B,3.08%,$100.41B,$3.09B,3.08%,$100.41B,$9.81B,9.77%,$100.41B,$5.10B,5.08%,$100.41B,$3.54B,3.52%,$3.54B,$54.55B,6.54%,$3.54B,$54.55B,6.54%,$3.54B,$134.67B,2.61%,$3.09B,$76.93B,3.95%,$21239,$15476,$5763,$1323,$3506,$20304,$935,$81,$352,$287,$65,$394,$394,$2484,$935,$1791,1791,$0.22,$0.22,$15136,$9633,$6431,$52183,$83315,$7968,$0,$35412,$126694,$134667,$41108,$22382,$16627,$39008,$80116,$1033,$68612,$0,$54551,$134667,$408,$1550,$0,$1550,$0,$0,$0,$0,$780,$2420,$-1736,$0,$0,$0,$0,$107,$-529,$-2158,$0,$606,$-528,$0,$-0,$-324,$-151,$-397,$-212,$0,$0
30,2011-03-31,32.54,$0.00,0.0,$58.79,0.55,$10.54,3.09,$3.45,9.43,$56.28B,$42.82B,1.31,$24.52B,$55.00B,0.45,$105.86B,$27.89B,26.35%,$105.86B,$5.45B,5.15%,$105.86B,$5.45B,5.15%,$105.86B,$12.21B,11.54%,$105.86B,$7.57B,7.15%,$105.86B,$6.23B,5.88%,$6.23B,$55.00B,11.76%,$6.23B,$55.00B,11.76%,$6.23B,$138.85B,4.67%,$5.45B,$79.51B,7.02%,$26616,$21948,$4668,$1641,$5168,$28756,$-2140,$387,$1225,$619,$606,$536,$536,$-444,$-2140,$1787,1787,$0.30,$0.30,$15348,$10798,$7109,$56281,$83649,$7679,$0,$35327,$126655,$138851,$42818,$24519,$16518,$41037,$83856,$1033,$68554,$0,$54995,$138851,$6762,$6764,$0,$6764,$0,$0,$0,$0,$-1481,$12850,$-8208,$0,$0,$0,$0,$614,$-1183,$-8777,$0,$1364,$-851,$0,$-418,$-1106,$-195,$-1205,$1909,$0,$0
31,2010-12-31,34.11,$0.00,0.0,$54.40,0.63,$13.17,2.59,$2.09,16.32,$54.53B,$40.33B,1.35,$24.74B,$54.18B,0.46,$98.31B,$23.55B,23.95%,$98.31B,$2.51B,2.55%,$98.31B,$2.51B,2.55%,$98.31B,$9.15B,9.31%,$98.31B,$7.31B,7.44%,$98.31B,$3.77B,3.83%,$3.77B,$54.18B,7.35%,$3.77B,$54.18B,7.35%,$3.77B,$135.12B,2.90%,$2.51B,$78.91B,3.30%,$25684,$18212,$7472,$1489,$4116,$23817,$1867,$71,$1579,$1044,$535,$987,$987,$3591,$1867,$1801,1801,$0.55,$0.55,$13904,$11301,$7366,$54528,$81604,$8528,$0,$33793,$123925,$135115,$40325,$24735,$15880,$40615,$80940,$1033,$68344,$0,$54176,$135115,$6132,$5067,$0,$5067,$0,$0,$0,$0,$-2402,$9188,$-2231,$0,$0,$0,$0,$-950,$-4203,$-7384,$0,$1528,$-391,$0,$-418,$-782,$-188,$-250,$465,$0,$0
32,2010-09-30,30.61,$0.00,0.0,$53.73,0.57,$14.92,2.05,$2.36,12.97,$53.40B,$39.70B,1.35,$25.32B,$52.68B,0.48,$97.27B,$22.85B,23.49%,$97.27B,$2.38B,2.45%,$97.27B,$2.38B,2.45%,$97.27B,$9.14B,9.39%,$97.27B,$7.63B,7.84%,$97.27B,$4.31B,4.43%,$4.31B,$52.68B,8.68%,$4.31B,$52.68B,8.68%,$4.31B,$132.97B,3.36%,$2.38B,$78.01B,3.18%,$26866,$19277,$7589,$1420,$3737,$24435,$2431,$32,$1945,$693,$1252,$1622,$1622,$4175,$2431,$1802,1802,$0.90,$0.90,$14815,$10292,$6578,$53396,$0,$7747,$0,$34028,$41775,$132966,$39696,$25323,$15264,$40587,$80284,$1007,$65400,$0,$52682,$132966,$4949,$3343,$0,$3343,$0,$0,$0,$0,$252,$7990,$-3804,$0,$0,$0,$0,$-45,$-657,$-4506,$0,$623,$-418,$0,$-407,$-509,$-155,$-866,$1712,$0,$0
33,2010-06-30,24.63,$0.00,0.0,$51.38,0.48,$15.98,1.54,$1.79,13.76,$50.20B,$38.07B,1.32,$24.16B,$49.92B,0.48,$93.21B,$21.41B,22.97%,$93.21B,$1.45B,1.55%,$93.21B,$1.45B,1.55%,$93.21B,$8.19B,8.79%,$93.21B,$6.39B,6.86%,$93.21B,$3.29B,3.53%,$3.29B,$49.92B,6.91%,$3.29B,$49.92B,6.91%,$3.29B,$126.50B,2.63%,$1.45B,$74.08B,1.98%,$26689,$18525,$8164,$1301,$3571,$23397,$3292,$239,$2818,$126,$2692,$3080,$3080,$4891,$3292,$1812,1812,$1.70,$1.70,$13245,$9840,$5521,$50195,$76089,$7257,$0,$32773,$116119,$126503,$38068,$24157,$14353,$38511,$76579,$947,$61623,$0,$49924,$126503,$3085,$1599,$0,$1599,$0,$0,$0,$0,$-322,$3717,$-532,$0,$-131,$0,$0,$-15,$-1260,$-1938,$0,$884,$-832,$0,$-108,$-240,$-85,$-380,$926,$0,$0
34,2010-03-31,30.11,$0.00,0.0,$48.30,0.62,$15.10,1.99,$0.13,231.58,$49.83B,$36.93B,1.35,$24.98B,$48.13B,0.52,$87.64B,$18.36B,20.95%,$87.64B,$-1.09B,-1.24%,$87.64B,$-1.09B,-1.24%,$87.64B,$5.71B,6.52%,$87.64B,$3.63B,4.14%,$87.64B,$0.29B,0.33%,$0.29B,$48.13B,0.63%,$0.29B,$48.13B,0.63%,$0.29B,$125.59B,0.23%,$-1.09B,$73.11B,-1.54%,$19070,$18747,$323,$1519,$3884,$24150,$-5080,$-35,$969,$408,$561,$-1924,$-1924,$-3507,$-5080,$1815,1815,$-1.06,$-1.06,$12095,$10105,$6205,$49828,$0,$6941,$0,$32161,$39102,$125594,$36927,$24981,$15558,$40538,$77465,$930,$57288,$0,$48129,$125594,$3052,$6800,$0,$6800,$0,$0,$0,$0,$6104,$16677,$-7198,$0,$993,$0,$0,$-229,$0,$-6434,$0,$-7016,$1819,$0,$-0,$-666,$-176,$-6040,$4639,$0,$0
35,2009-12-31,28.82,$0.00,0.0,$47.76,0.6,$5.48,5.26,$0.15,192.13,$48.50B,$37.05B,1.31,$26.20B,$47.94B,0.55,$86.73B,$19.27B,22.22%,$86.73B,$-1.19B,-1.38%,$86.73B,$-1.19B,-1.38%,$86.73B,$5.89B,6.79%,$86.73B,$-0.28B,-0.33%,$86.73B,$0.32B,0.37%,$0.32B,$47.94B,0.73%,$0.32B,$47.94B,0.73%,$0.32B,$127.70B,0.26%,$-1.19B,$74.14B,-1.77%,$24648,$17873,$6776,$1246,$3789,$22908,$1740,$-66,$1898,$715,$1183,$1533,$1533,$3576,$1740,$1815,1815,$0.82,$0.82,$11821,$10173,$6295,$48500,$0,$7379,$0,$33938,$41317,$127703,$37048,$26195,$16521,$42715,$79764,$955,$58287,$0,$47940,$127703,$2263,$5228,$0,$5228,$0,$0,$0,$0,$5315,$13380,$-3199,$0,$0,$0,$0,$-187,$-1768,$-5154,$0,$-6595,$3101,$0,$-0,$-483,$-157,$-4134,$4158,$0,$0
36,2009-09-30,25.69,$0.00,0.0,$48.14,0.53,$-0.49,0.0,$-0.56,0.0,$44.67B,$33.87B,1.32,$26.48B,$44.37B,0.6,$87.41B,$19.49B,22.29%,$87.41B,$-1.91B,-2.18%,$87.41B,$-1.91B,-2.18%,$87.41B,$5.18B,5.92%,$87.41B,$-1.31B,-1.50%,$87.41B,$-1.01B,-1.16%,$-1.01B,$44.37B,-2.40%,$-1.01B,$44.37B,-2.40%,$-1.01B,$120.46B,-0.84%,$-1.91B,$70.85B,-2.97%,$22798,$16655,$6143,$1193,$3457,$21305,$1493,$6,$708,$355,$353,$599,$599,$3233,$1493,$1815,1815,$0.33,$0.33,$10120,$9726,$6259,$44668,$0,$6942,$0,$32673,$39615,$120461,$33867,$26480,$15744,$42224,$76091,$921,$54901,$0,$44370,$120461,$691,$3392,$0,$3392,$0,$0,$0,$0,$5993,$10432,$-4284,$0,$0,$0,$0,$-89,$705,$-3669,$0,$-8007,$4532,$0,$-0,$-311,$-140,$-3925,$2733,$0,$0
37,2009-06-30,23.14,$0.00,0.0,$50.71,0.46,$-2.96,0.0,$-0.23,0.0,$45.85B,$39.65B,1.16,$22.95B,$41.83B,0.55,$91.91B,$22.11B,24.06%,$91.91B,$-0.21B,-0.23%,$91.91B,$-0.21B,-0.23%,$91.91B,$6.41B,6.98%,$91.91B,$-0.68B,-0.74%,$91.91B,$-0.42B,-0.46%,$-0.42B,$41.83B,-1.01%,$-0.42B,$41.83B,-1.01%,$-0.42B,$121.20B,-0.35%,$-0.21B,$64.77B,-0.34%,$21123,$16004,$5119,$1046,$3313,$20364,$760,$-203,$56,$108,$-52,$80,$80,$2412,$760,$1813,1813,$0.04,$0.04,$8389,$11071,$6891,$45847,$0,$6721,$0,$32605,$39326,$121198,$39649,$22945,$15532,$39722,$79371,$886,$52450,$0,$41826,$121198,$95,$1653,$0,$1653,$0,$0,$0,$0,$2372,$4183,$-2588,$0,$0,$0,$0,$-88,$559,$-2117,$0,$-1776,$1118,$0,$-0,$-150,$-86,$-893,$1278,$0,$0
38,2009-03-31,19.98,$0.00,0.0,$53.28,0.37,$-2.96,0.0,$0.62,32.22,$46.21B,$42.37B,1.09,$19.33B,$40.07B,0.48,$96.59B,$22.39B,23.18%,$96.59B,$-1.63B,-1.68%,$96.59B,$-1.63B,-1.68%,$96.59B,$4.75B,4.92%,$96.59B,$1.62B,1.68%,$96.59B,$1.11B,1.15%,$1.11B,$40.07B,2.57%,$1.11B,$40.07B,2.57%,$1.11B,$118.19B,0.91%,$-1.63B,$59.40B,-2.60%,$18160,$16928,$1232,$1537,$4882,$23347,$-5187,$-265,$-2946,$-1122,$-1824,$-1895,$-1895,$-3332,$-5187,$1822,1822,$-1.04,$-1.04,$6904,$12440,$6606,$46212,$0,$6391,$0,$31232,$37622,$118189,$42374,$19326,$15186,$35743,$78116,$861,$50993,$0,$40073,$118189,$1370,$6376,$0,$6376,$0,$0,$0,$0,$-5307,$3836,$-11845,$0,$0,$0,$0,$73,$438,$-11334,$0,$2708,$4105,$0,$1,$-1397,$-108,$5309,$-3605,$0,$0
39,2008-12-31,17.93,$0.00,0.0,$60.12,0.3,$3.84,4.67,$1.80,9.96,$48.58B,$43.11B,1.13,$19.14B,$42.56B,0.45,$108.93B,$28.27B,25.96%,$108.93B,$3.50B,3.21%,$108.93B,$3.50B,3.21%,$108.93B,$9.31B,8.54%,$108.93B,$6.31B,5.79%,$108.93B,$3.26B,3.00%,$3.26B,$42.56B,7.50%,$3.26B,$42.56B,7.50%,$3.26B,$120.37B,2.68%,$3.50B,$61.70B,5.63%,$25333,$18340,$6993,$1493,$4475,$24308,$1025,$-157,$868,$932,$-64,$202,$202,$2865,$1025,$1814,1814,$0.11,$0.11,$7394,$13658,$5925,$48579,$64152,$7034,$0,$32417,$103603,$120374,$43109,$19138,$14215,$34701,$77810,$861,$53009,$0,$42563,$120374,$3232,$4521,$0,$4521,$0,$0,$0,$0,$-5464,$3762,$-4419,$0,$0,$0,$0,$85,$-7811,$-12146,$0,$4565,$3139,$0,$3,$-1198,$-99,$6410,$-3115,$0,$0
40,2008-09-30,25.15,$0.00,0.0,$60.92,0.41,$5.38,4.68,$2.66,9.46,$49.10B,$42.68B,1.15,$19.63B,$42.86B,0.46,$110.27B,$28.69B,26.02%,$110.27B,$4.23B,3.84%,$110.27B,$4.23B,3.84%,$110.27B,$9.66B,8.76%,$110.27B,$7.79B,7.06%,$110.27B,$4.81B,4.36%,$4.81B,$42.86B,10.94%,$4.81B,$42.86B,10.94%,$4.81B,$120.36B,3.98%,$4.23B,$62.49B,6.79%,$27294,$18524,$8770,$1230,$4348,$24102,$3192,$6,$1345,$427,$918,$1191,$1191,$4468,$3192,$1805,1805,$0.66,$0.66,$8590,$12014,$6397,$49100,$61825,$6727,$0,$32680,$101232,$120361,$42683,$19629,$13916,$34820,$77502,$775,$48266,$0,$42859,$120361,$2726,$2680,$0,$2680,$0,$0,$0,$0,$-1355,$4380,$-2727,$0,$-13996,$0,$0,$-306,$7657,$-9371,$0,$2060,$2973,$0,$-0,$-804,$0,$4230,$-868,$0,$0
41,2008-06-30,28.24,$0.00,0.0,$60.05,0.47,$3.47,8.13,$3.00,9.41,$53.73B,$49.35B,1.09,$19.31B,$47.62B,0.41,$108.72B,$28.95B,26.63%,$108.72B,$5.30B,4.87%,$108.72B,$5.30B,4.87%,$108.72B,$10.34B,9.51%,$108.72B,$8.60B,7.91%,$108.72B,$5.43B,4.99%,$5.43B,$47.62B,12.46%,$5.43B,$47.62B,12.46%,$5.43B,$132.40B,4.61%,$5.30B,$66.94B,8.70%,$25803,$20405,$5398,$1371,$4683,$26459,$-656,$137,$2351,$862,$1489,$1616,$1616,$749,$-656,$1815,1815,$0.89,$0.89,$10499,$12802,$5678,$53726,$66754,$7954,$0,$36740,$111448,$132404,$49348,$19312,$14711,$35434,$84782,$861,$52377,$0,$47622,$132404,$1796,$1404,$0,$1404,$0,$0,$0,$0,$-95,$3305,$-1714,$0,$0,$0,$0,$21,$-3515,$-5208,$0,$784,$1715,$0,$0,$-399,$-35,$2066,$-10,$0,$0
42,2008-03-31,23.91,$0.00,0.0,$58.89,0.41,$2.96,8.07,$2.85,8.39,$47.08B,$42.11B,1.12,$16.53B,$40.90B,0.4,$106.69B,$29.81B,27.94%,$106.69B,$7.25B,6.79%,$106.69B,$7.25B,6.79%,$106.69B,$11.91B,11.16%,$106.69B,$8.06B,7.56%,$106.69B,$5.16B,4.84%,$5.16B,$40.90B,12.43%,$5.16B,$40.90B,12.43%,$5.16B,$113.54B,4.66%,$7.25B,$57.43B,12.43%,$30498,$23385,$7113,$-1331,$8507,$30562,$-64,$-217,$1744,$1398,$346,$254,$254,$1224,$-64,$1814,1814,$0.14,$0.14,$9458,$10793,$5570,$47084,$56085,$6947,$0,$31426,$94459,$113540,$42107,$16530,$12728,$30535,$72642,$775,$46258,$0,$40898,$113540,$5400,$4666,$0,$4666,$0,$0,$0,$0,$-1146,$10142,$-5772,$0,$-24415,$0,$0,$85,$14925,$-15178,$0,$5418,$2511,$0,$-277,$-1373,$-87,$6192,$948,$0,$0
43,2007-12-31,27.5,$0.00,0.0,$56.45,0.49,$0.36,75.61,$3.53,7.79,$48.60B,$42.34B,1.15,$17.83B,$44.63B,0.4,$102.35B,$28.73B,28.07%,$102.35B,$7.21B,7.04%,$102.35B,$7.21B,7.04%,$102.35B,$11.63B,11.36%,$102.35B,$8.67B,8.47%,$102.35B,$6.40B,6.25%,$6.40B,$44.63B,15.46%,$6.40B,$44.63B,15.46%,$6.40B,$117.21B,5.84%,$7.21B,$62.46B,12.37%,$26674,$19263,$7411,$4329,$1325,$24917,$1757,$-139,$2347,$755,$1592,$1752,$1752,$3219,$1757,$1806,1806,$0.97,$0.97,$8672,$12149,$5532,$48597,$56255,$7304,$0,$33695,$97254,$117212,$42335,$17826,$11152,$30244,$72580,$775,$46034,$0,$44632,$117212,$5171,$3378,$0,$3378,$0,$0,$0,$0,$-3159,$6367,$-4243,$0,$-1701,$0,$0,$83,$-5327,$-11189,$0,$3679,$2398,$0,$-277,$-1014,$-77,$4710,$162,$0,$0
44,2007-09-30,27.52,$0.00,0.0,$54.49,0.51,$-0.34,0.0,$3.23,8.52,$43.99B,$39.08B,1.13,$15.68B,$41.11B,0.38,$98.92B,$27.05B,27.34%,$98.92B,$5.63B,5.69%,$98.92B,$5.63B,5.69%,$98.92B,$9.48B,9.59%,$98.92B,$8.05B,8.14%,$98.92B,$5.86B,5.93%,$5.86B,$41.11B,14.53%,$5.86B,$41.11B,14.53%,$5.86B,$107.59B,5.52%,$5.63B,$56.79B,9.91%,$25742,$16711,$9031,$1118,$3651,$21480,$4262,$-131,$2160,$651,$1509,$1806,$1806,$5143,$4262,$1806,1806,$1.00,$1.00,$7341,$10570,$5767,$43990,$0,$6938,$0,$31587,$38525,$107591,$39077,$15675,$10613,$27401,$66478,$732,$42118,$0,$41112,$107591,$2997,$1916,$0,$1916,$0,$0,$0,$0,$-780,$4380,$-6165,$0,$0,$0,$0,$-77,$-913,$-7155,$0,$2105,$622,$0,$-273,$-647,$0,$1806,$-656,$0,$0
45,2007-06-30,29.94,$0.00,0.0,$52.37,0.57,$1.55,19.36,$2.82,10.62,$43.28B,$36.35B,1.19,$17.00B,$39.45B,0.43,$95.50B,$23.37B,24.47%,$95.50B,$1.74B,1.82%,$95.50B,$1.74B,1.82%,$95.50B,$5.44B,5.69%,$95.50B,$7.32B,7.67%,$95.50B,$5.14B,5.38%,$5.14B,$39.45B,12.89%,$5.14B,$39.45B,12.89%,$5.14B,$105.04B,4.92%,$1.74B,$56.45B,3.08%,$23780,$17529,$6251,$1175,$3785,$22488,$1292,$-28,$1812,$683,$1128,$1348,$1348,$2326,$1292,$1822,1822,$0.74,$0.74,$6818,$10508,$5015,$43282,$0,$6741,$0,$32191,$38932,$105041,$36352,$17003,$11169,$29242,$65595,$714,$39702,$0,$39446,$105041,$1495,$1035,$0,$1035,$0,$0,$0,$0,$-255,$2172,$-1506,$0,$0,$0,$0,$-218,$-2717,$-4441,$0,$464,$984,$0,$-307,$-361,$0,$779,$-1117,$0,$0
46,2007-03-31,28.63,$0.00,0.0,$51.65,0.55,$1.49,19.23,$2.76,10.37,$47.27B,$38.59B,1.23,$17.15B,$40.34B,0.43,$94.27B,$23.49B,24.91%,$94.27B,$2.16B,2.29%,$94.27B,$2.16B,2.29%,$94.27B,$5.50B,5.83%,$94.27B,$7.14B,7.57%,$94.27B,$5.04B,5.34%,$5.04B,$40.34B,12.87%,$5.04B,$40.34B,12.87%,$5.04B,$108.33B,4.96%,$2.16B,$57.50B,3.88%,$26157,$20121,$6036,$1510,$4628,$26258,$-101,$42,$2355,$734,$1621,$1492,$1492,$941,$-101,$1820,1820,$0.82,$0.82,$8510,$10648,$5778,$47272,$47611,$4388,$0,$34935,$86933,$108329,$38588,$17152,$11139,$29397,$67985,$775,$42234,$0,$40343,$108329,$5331,$3343,$0,$3343,$0,$0,$0,$0,$-980,$8141,$-8486,$0,$0,$0,$0,$471,$-2162,$-10176,$0,$2755,$2628,$0,$-240,$-1264,$-67,$3811,$2059,$0,$0
47,2006-12-31,32.34,$0.00,0.0,$50.52,0.64,$2.45,13.21,$2.97,10.89,$44.49B,$41.76B,1.07,$15.85B,$40.48B,0.39,$92.37B,$22.93B,24.83%,$92.37B,$2.33B,2.52%,$92.37B,$2.33B,2.52%,$92.37B,$5.40B,5.84%,$92.37B,$7.83B,8.48%,$92.37B,$5.42B,5.87%,$5.42B,$40.48B,14.15%,$5.42B,$40.48B,14.15%,$5.42B,$103.59B,5.52%,$2.33B,$56.33B,4.25%,$23244,$17512,$5732,$1287,$4273,$23072,$172,$-122,$1724,$653,$1071,$1216,$1216,$1074,$172,$1815,1815,$0.67,$0.67,$6742,$10538,$5972,$44494,$43461,$6370,$0,$33973,$83804,$103590,$41757,$15846,$5507,$21353,$63110,$775,$41491,$0,$40480,$103590,$3745,$2301,$0,$2301,$0,$0,$0,$0,$-1954,$4467,$-3616,$0,$0,$0,$0,$203,$-4613,$-8026,$0,$3702,$891,$0,$-240,$-985,$0,$3368,$16,$0,$0
