,Date,Stock Price,Book Value per Share,Price to Book Ratio,TTM Sales per Share,Price to Sales Ratio,TTM FCF per Share,Price to FCF Ratio,TTM Net EPS,PE Ratio,Current Assets,Current Liabilities,Current Ratio,Long Term Debt,Shareholder's Equity_x,Debt to Equity Ratio,TTM Revenue_x,TTM Gross Profit,Gross Margin,TTM Revenue_y,TTM Operating Income,Operating Margin,TTM Revenue_x,TTM EBIT,EBIT Margin,TTM Revenue_y,TTM EBITDA,EBITDA Margin,TTM Revenue_x,TTM Pre-Tax Income,Pre-Tax Margin,TTM Revenue_y,TTM Net Income_x,Net Margin,TTM Net Income_y,Shareholder's Equity_y,Return on Equity,TTM Net Income_x,Tangible Equity,Return on Tangible Equity,TTM Net Income_y,Total Assets,Return on Assets,TTM Net Income,LT Investments & Debt,Return on Investment,revenue,cost-goods-sold,gross-profit,research-development-expenses,selling-general-administrative-expenses,operating-expenses,operating-income,total-non-operating-income-expense,pre-tax-income,total-provision-income-taxes,income-after-taxes,income-from-continuous-operations,net-income,ebitda,ebit,basic-shares-outstanding,shares-outstanding,eps-basic-net-earnings-per-share,eps-earnings-per-share-diluted,cash-on-hand,inventory,other-current-assets,total-current-assets,net-property-plant-equipment,long-term-investments,goodwill-intangible-assets-total,other-long-term-assets,total-long-term-assets,total-assets,total-current-liabilities,long-term-debt,other-non-current-liabilities,total-long-term-liabilities,total-liabilities,common-stock-net,retained-earnings-accumulated-deficit,comprehensive-income,total-share-holder-equity,total-liabilities-share-holders-equity,net-income-loss,total-depreciation-amortization-cash-flow,other-non-cash-items,total-non-cash-items,change-in-accounts-receivable,change-in-inventories,change-in-accounts-payable,change-in-assets-liabilities,total-change-in-assets-liabilities,cash-flow-from-operating-activities,net-change-in-property-plant-equipment,net-change-in-intangible-assets,net-acquisitions-divestitures,net-change-in-short-term-investments,net-change-in-long-term-investments,net-change-in-investments-total,investing-activities-other,cash-flow-from-investing-activities,net-long-term-debt,net-current-debt,debt-issuance-retirement-net-total,net-common-equity-issued-repurchased,net-total-equity-issued-repurchased,total-common-preferred-stock-dividends-paid,financial-activities-other,cash-flow-from-financial-activities,net-cash-flow,stock-based-compensation,common-stock-dividends-paid
0,2018-09-30,7.0,$6.68,1.05,$11.24,0.62,$-1.76,0.0,$-1.22,0.0,$0.81B,$0.55B,1.48,$0.76B,$0.83B,0.92,$1.39B,$0.62B,44.96%,$1.39B,$-0.08B,-5.62%,$1.39B,$-0.08B,-5.62%,$1.39B,$0.19B,13.76%,$1.39B,$-0.12B,-8.86%,$1.39B,$-0.06B,-4.61%,$-0.06B,$0.83B,-8.24%,$-0.06B,$-0.47B,10.81%,$-0.06B,$2.63B,-2.52%,$-0.08B,$1.58B,-5.08%,$516,$238,$278,$0,$176,$424,$92,$-11,$81,$-3,$84,$84,$86,$149,$92,$124,124,$0.70,$0.70,$134,$170,$126,$808,$143,$0,$1299,$354,$1824,$2632,$548,$757,$23,$1259,$1806,$1,$-3507,$-41,$825,$2632,$-38,$186,$18,$204,$-161,$-19,$0,$44,$-122,$43,$-41,$0,$0,$57,$0,$57,$-98,$-82,$-6,$0,$-6,$1,$1,$0,$-1,$-6,$-45,$9,$0
1,2018-06-30,7.65,$5.95,1.29,$11.26,0.68,$-1.79,0.0,$-0.49,0.0,$0.57B,$0.54B,1.05,$0.76B,$0.73B,1.03,$1.39B,$0.62B,44.45%,$1.39B,$-0.08B,-5.91%,$1.39B,$-0.08B,-5.91%,$1.39B,$0.19B,13.90%,$1.39B,$-0.13B,-9.01%,$1.39B,$-0.06B,-4.25%,$-0.06B,$0.73B,-7.62%,$-0.06B,$-0.68B,9.28%,$-0.06B,$2.52B,-2.30%,$-0.08B,$1.49B,-5.35%,$376,$202,$174,$0,$174,$385,$-9,$-12,$-21,$2,$-23,$-23,$-23,$56,$-9,$123,123,$-0.19,$-0.19,$31,$212,$0,$568,$149,$0,$1411,$370,$1957,$2524,$539,$758,$21,$1251,$1790,$1,$-3593,$-41,$734,$2524,$-125,$129,$13,$142,$-93,$-58,$0,$-28,$-182,$-164,$-24,$0,$0,$87,$0,$87,$-62,$-0,$-4,$50,$46,$1,$1,$0,$-1,$46,$-118,$6,$0
2,2018-03-31,6.95,$6.10,1.14,$11.42,0.61,$-1.62,0.0,$-0.68,0.0,$0.50B,$0.46B,1.09,$0.76B,$0.75B,1.01,$1.41B,$0.62B,44.13%,$1.41B,$-0.11B,-7.47%,$1.41B,$-0.11B,-7.47%,$1.41B,$0.17B,12.38%,$1.41B,$-0.15B,-10.32%,$1.41B,$-0.08B,-5.91%,$-0.08B,$0.75B,-10.78%,$-0.08B,$-0.67B,12.66%,$-0.08B,$2.46B,-3.22%,$-0.11B,$1.51B,-6.86%,$220,$144,$76,$0,$151,$306,$-87,$-10,$-97,$5,$-101,$-101,$-101,$-22,$-87,$123,123,$-0.82,$-0.82,$99,$206,$0,$497,$151,$0,$1424,$359,$1961,$2458,$456,$759,$19,$1249,$1705,$1,$-3570,$-43,$753,$2458,$-101,$64,$8,$72,$37,$-52,$0,$-54,$-67,$-97,$-12,$0,$0,$87,$0,$87,$-26,$49,$-2,$0,$-2,$1,$1,$0,$-1,$-2,$-50,$3,$0
3,2017-12-31,9.3,$6.45,1.44,$11.44,0.81,$-1.66,0.0,$-0.84,0.0,$0.74B,$0.51B,1.45,$0.76B,$0.80B,0.96,$1.41B,$0.62B,43.85%,$1.41B,$-0.11B,-8.10%,$1.41B,$-0.11B,-8.10%,$1.41B,$0.17B,12.01%,$1.41B,$-0.15B,-10.95%,$1.41B,$-0.10B,-7.32%,$-0.10B,$0.80B,-13.33%,$-0.10B,$-0.55B,15.36%,$-0.10B,$2.56B,-3.95%,$-0.11B,$1.56B,-7.43%,$276,$180,$96,$0,$158,$350,$-74,$-12,$-86,$-61,$-24,$-24,$-26,$8,$-74,$123,123,$-0.22,$-0.21,$235,$151,$127,$735,$149,$0,$1342,$334,$1828,$2564,$507,$760,$16,$1262,$1768,$1,$-3522,$-47,$795,$2564,$-103,$283,$-23,$260,$15,$8,$0,$-30,$-21,$135,$-58,$-2,$0,$-6,$0,$-6,$-139,$-205,$-8,$0,$-8,$2,$2,$0,$-1,$-7,$-77,$11,$0
4,2017-09-30,12.05,$6.60,1.83,$11.17,1.08,$-1.97,0.0,$-2.11,0.0,$0.77B,$0.56B,1.38,$0.76B,$0.81B,0.94,$1.37B,$0.59B,42.68%,$1.37B,$-0.29B,-21.19%,$1.37B,$-0.29B,-21.19%,$1.37B,$-0.01B,-0.58%,$1.37B,$-0.33B,-24.03%,$1.37B,$-0.26B,-18.79%,$-0.26B,$0.81B,-32.49%,$-0.26B,$-0.65B,37.27%,$-0.26B,$2.72B,-9.73%,$-0.29B,$1.58B,-18.69%,$516,$245,$271,$0,$174,$428,$88,$-9,$79,$-10,$89,$89,$91,$151,$88,$123,123,$0.74,$0.73,$210,$157,$0,$770,$153,$0,$1460,$333,$1949,$2720,$557,$761,$20,$1349,$1906,$1,$-3495,$-52,$814,$2720,$-77,$201,$36,$237,$-169,$7,$0,$15,$-122,$38,$-39,$0,$0,$5,$0,$5,$-91,$-125,$-6,$0,$-6,$2,$2,$0,$-1,$-5,$-92,$8,$0
5,2017-06-30,12.3,$5.83,2.11,$11.31,1.09,$-2.62,0.0,$-2.11,0.0,$0.61B,$0.51B,1.19,$0.76B,$0.72B,1.06,$1.39B,$0.59B,42.66%,$1.39B,$-0.30B,-21.29%,$1.39B,$-0.30B,-21.29%,$1.39B,$0.00B,0.07%,$1.39B,$-0.34B,-24.10%,$1.39B,$-0.26B,-18.63%,$-0.26B,$0.72B,-30.25%,$-0.26B,$-0.76B,37.85%,$-0.26B,$2.58B,-9.47%,$-0.30B,$1.48B,-18.27%,$393,$216,$177,$0,$167,$425,$-32,$-9,$-41,$6,$-47,$-47,$-47,$37,$-32,$123,123,$-0.38,$-0.38,$79,$198,$0,$607,$157,$0,$1477,$339,$1977,$2584,$512,$762,$21,$1353,$1865,$1,$-3586,$-52,$719,$2584,$-168,$138,$34,$172,$-88,$-35,$0,$-29,$-145,$-140,$-27,$0,$0,$81,$0,$81,$-57,$-3,$-4,$0,$-4,$1,$1,$0,$-1,$-4,$-147,$5,$0
6,2017-03-31,10.15,$6.20,1.64,$11.33,0.9,$-3.11,0.0,$-1.96,0.0,$0.56B,$0.46B,1.21,$0.76B,$0.76B,1.0,$1.39B,$0.59B,42.40%,$1.39B,$-0.29B,-20.52%,$1.39B,$-0.29B,-20.52%,$1.39B,$0.02B,1.08%,$1.39B,$-0.33B,-23.40%,$1.39B,$-0.24B,-17.28%,$-0.24B,$0.76B,-26.17%,$-0.24B,$-0.73B,35.35%,$-0.24B,$2.57B,-8.52%,$-0.29B,$1.53B,-16.94%,$222,$149,$73,$0,$156,$318,$-96,$-10,$-106,$14,$-121,$-121,$-121,$-27,$-96,$123,123,$-0.98,$-0.98,$164,$209,$0,$564,$169,$0,$1494,$338,$2004,$2568,$464,$764,$22,$1340,$1805,$1,$-3539,$-52,$763,$2568,$-121,$69,$16,$86,$49,$-47,$0,$-63,$-61,$-96,$-17,$0,$0,$66,$0,$66,$-28,$21,$-2,$0,$-2,$1,$1,$0,$-1,$-2,$-77,$3,$0
7,2016-12-31,10.85,$7.16,1.52,$11.19,0.97,$-3.31,0.0,$-2.32,0.0,$0.71B,$0.51B,1.4,$0.77B,$0.88B,0.87,$1.37B,$0.57B,41.51%,$1.37B,$-0.31B,-22.65%,$1.37B,$-0.31B,-22.65%,$1.37B,$-0.01B,-0.66%,$1.37B,$-0.35B,-25.49%,$1.37B,$-0.28B,-20.68%,$-0.28B,$0.88B,-29.05%,$-0.28B,$-0.63B,42.14%,$-0.28B,$2.73B,-9.79%,$-0.31B,$1.65B,-17.83%,$242,$177,$65,$0,$161,$493,$-251,$-11,$-262,$-81,$-181,$-181,$-181,$-169,$-251,$122,122,$-1.49,$-1.48,$307,$162,$0,$706,$175,$0,$1513,$334,$2026,$2731,$505,$765,$22,$1346,$1851,$1,$-3418,$-53,$880,$2731,$-285,$302,$82,$384,$40,$9,$0,$15,$44,$144,$-106,$0,$0,$117,$-1,$116,$-124,$-114,$-8,$0,$-8,$-28,$-28,$0,$-2,$-38,$-8,$11,$0
8,2016-09-30,13.41,$8.65,1.55,$11.40,1.18,$-1.68,0.0,$-1.59,0.0,$0.85B,$0.54B,1.59,$0.77B,$1.06B,0.72,$1.43B,$0.61B,42.83%,$1.43B,$-0.14B,-9.59%,$1.43B,$-0.14B,-9.59%,$1.43B,$0.17B,11.55%,$1.43B,$-0.18B,-12.25%,$1.43B,$-0.20B,-14.00%,$-0.20B,$1.06B,-18.92%,$-0.20B,$-0.62B,30.71%,$-0.20B,$3.05B,-6.67%,$-0.14B,$1.83B,-7.51%,$533,$255,$278,$0,$185,$450,$83,$-9,$74,$-16,$90,$90,$90,$160,$83,$122,123,$0.74,$0.73,$217,$170,$0,$850,$179,$0,$1678,$341,$2202,$3052,$536,$766,$27,$1453,$1989,$1,$-3237,$-49,$1063,$3052,$-104,$220,$22,$242,$-182,$2,$0,$66,$-129,$9,$-90,$0,$0,$131,$-1,$130,$-95,$-55,$-6,$0,$-6,$-31,$-31,$0,$-1,$-39,$-84,$9,$0
9,2016-06-30,15.63,$7.87,1.99,$11.18,1.4,$-0.21,0.0,$-1.38,0.0,$0.69B,$0.51B,1.37,$0.77B,$0.96B,0.8,$1.47B,$0.64B,43.27%,$1.47B,$-0.12B,-7.95%,$1.47B,$-0.12B,-7.95%,$1.47B,$0.19B,12.57%,$1.47B,$-0.16B,-10.73%,$1.47B,$-0.16B,-10.80%,$-0.16B,$0.96B,-13.59%,$-0.16B,$-0.74B,28.34%,$-0.16B,$2.92B,-5.11%,$-0.12B,$1.73B,-6.02%,$392,$219,$173,$0,$184,$413,$-21,$-10,$-31,$-3,$-28,$-28,$-28,$51,$-21,$122,122,$-0.23,$-0.23,$98,$219,$0,$694,$175,$0,$1699,$350,$2228,$2922,$507,$767,$28,$1453,$1960,$1,$-3327,$-49,$962,$2922,$-194,$144,$36,$180,$-91,$-47,$0,$-25,$-155,$-169,$-56,$0,$0,$198,$0,$198,$-65,$76,$-4,$0,$-4,$-39,$-39,$0,$-1,$-44,$-136,$7,$0
10,2016-03-31,19.94,$8.18,2.44,$10.68,1.87,$0.45,44.57,$-1.21,0.0,$0.67B,$0.45B,1.47,$0.77B,$1.01B,0.76,$1.46B,$0.63B,43.08%,$1.46B,$-0.11B,-7.33%,$1.46B,$-0.11B,-7.33%,$1.46B,$0.19B,13.22%,$1.46B,$-0.15B,-10.00%,$1.46B,$-0.14B,-9.52%,$-0.14B,$1.01B,-10.81%,$-0.14B,$-0.71B,29.57%,$-0.14B,$2.90B,-4.33%,$-0.11B,$1.78B,-5.18%,$206,$152,$54,$0,$169,$328,$-122,$-9,$-131,$34,$-165,$-165,$-165,$-51,$-122,$123,123,$-1.34,$-1.34,$236,$222,$0,$667,$160,$0,$1717,$346,$2227,$2895,$454,$768,$25,$1434,$1888,$1,$-3299,$-46,$1006,$2895,$-165,$72,$36,$107,$73,$-51,$0,$-63,$-55,$-113,$-25,$0,$0,$130,$0,$130,$-33,$73,$-2,$0,$-2,$-22,$-22,$0,$-1,$-25,$-65,$3,$0
11,2015-12-31,21.78,$9.67,2.25,$10.15,2.15,$0.82,26.72,$-0.99,0.0,$0.88B,$0.51B,1.74,$0.77B,$1.20B,0.64,$1.42B,$0.59B,41.71%,$1.42B,$-0.12B,-8.19%,$1.42B,$-0.12B,-8.19%,$1.42B,$0.19B,13.27%,$1.42B,$-0.15B,-10.87%,$1.42B,$-0.13B,-9.46%,$-0.13B,$1.20B,-9.33%,$-0.13B,$-0.54B,58.58%,$-0.13B,$3.12B,-4.23%,$-0.12B,$1.97B,-5.61%,$298,$191,$107,$0,$176,$375,$-77,$-10,$-87,$10,$-97,$-97,$-97,$5,$-77,$137,137,$-0.77,$-0.74,$432,$171,$0,$883,$150,$0,$1741,$345,$2239,$3122,$507,$769,$20,$1417,$1924,$1,$-3134,$-40,$1198,$3122,$-134,$304,$66,$370,$31,$26,$0,$47,$112,$348,$-83,$0,$-578,$88,$0,$88,$-104,$-677,$-247,$796,$549,$-427,$-427,$0,$-16,$106,$-222,$12,$0
12,2015-09-30,20.32,$11.25,1.81,$9.86,2.06,$1.89,10.75,$-0.83,0.0,$1.23B,$0.53B,2.33,$0.79B,$1.52B,0.52,$1.38B,$0.57B,40.82%,$1.38B,$-0.12B,-8.60%,$1.38B,$-0.12B,-8.60%,$1.38B,$0.19B,13.51%,$1.38B,$-0.15B,-10.98%,$1.38B,$-0.12B,-8.74%,$-0.12B,$1.52B,-7.67%,$-0.12B,$-0.25B,-9680.00%,$-0.12B,$3.51B,-3.86%,$-0.12B,$2.30B,-5.78%,$576,$272,$303,$0,$192,$473,$103,$-11,$91,$-40,$131,$131,$131,$180,$103,$135,140,$0.97,$0.94,$524,$186,$0,$1234,$135,$0,$1769,$364,$2272,$3506,$530,$786,$22,$1461,$1991,$1,$-3037,$-33,$1515,$3506,$-37,$222,$57,$279,$-192,$12,$0,$79,$-79,$163,$-50,$0,$-578,$140,$0,$140,$-79,$-567,$-245,$796,$551,$-211,$-211,$0,$-16,$324,$-80,$10,$0
13,2015-06-30,25.2,$10.48,2.4,$9.58,2.63,$2.82,8.92,$-1.02,0.0,$1.02B,$0.44B,2.3,$0.79B,$1.42B,0.55,$1.36B,$0.55B,40.40%,$1.36B,$-0.11B,-7.80%,$1.36B,$-0.11B,-7.80%,$1.36B,$0.20B,14.94%,$1.36B,$-0.13B,-9.79%,$1.36B,$-0.15B,-10.67%,$-0.15B,$1.42B,-8.73%,$-0.15B,$-0.37B,-83.57%,$-0.15B,$3.31B,-4.74%,$-0.11B,$2.21B,-5.28%,$380,$215,$165,$0,$171,$391,$-11,$-8,$-19,$-11,$-8,$-8,$-8,$59,$-11,$140,140,$-0.06,$-0.06,$319,$230,$0,$1018,$134,$0,$1797,$360,$2295,$3313,$443,$788,$94,$1445,$1888,$1,$-3168,$-28,$1424,$3313,$-168,$145,$17,$162,$-138,$-32,$0,$50,$-129,$-135,$-31,$0,$-578,$287,$0,$287,$-45,$-368,$-243,$796,$553,$-174,$-174,$0,$-14,$365,$-137,$7,$0
14,2015-03-31,23.48,$11.25,2.09,$9.68,2.43,$2.87,8.18,$-0.88,0.0,$0.99B,$0.35B,2.82,$0.18B,$1.61B,0.11,$1.38B,$0.56B,40.70%,$1.38B,$-0.08B,-5.58%,$1.38B,$-0.08B,-5.58%,$1.38B,$0.24B,17.45%,$1.38B,$-0.10B,-7.24%,$1.38B,$-0.13B,-9.05%,$-0.13B,$1.61B,-7.20%,$-0.13B,$0.25B,-36.98%,$-0.13B,$2.74B,-4.23%,$-0.08B,$1.79B,-3.96%,$163,$146,$16,$0,$143,$293,$-131,$-8,$-139,$21,$-160,$-160,$-160,$-56,$-131,$142,142,$-1.12,$-1.12,$562,$213,$0,$993,$134,$0,$1356,$256,$1749,$2743,$352,$176,$96,$780,$1132,$1,$-3160,$-28,$1610,$2743,$-160,$74,$20,$94,$59,$-29,$0,$-34,$-27,$-93,$-14,$0,$0,$287,$0,$287,$-18,$254,$-64,$0,$-64,$8,$8,$0,$-0,$-56,$105,$3,$0
15,2014-12-31,20.71,$12.40,1.67,$9.64,2.15,$2.78,7.45,$-0.81,0.0,$1.20B,$0.45B,2.67,$0.18B,$1.76B,0.1,$1.37B,$0.55B,39.94%,$1.37B,$-0.09B,-6.27%,$1.37B,$-0.09B,-6.27%,$1.37B,$0.24B,17.35%,$1.37B,$-0.11B,-7.73%,$1.37B,$-0.11B,-8.09%,$-0.11B,$1.76B,-6.31%,$-0.11B,$0.38B,-33.26%,$-0.11B,$2.99B,-3.78%,$-0.09B,$1.94B,-4.33%,$265,$184,$81,$0,$156,$345,$-80,$-5,$-85,$-1,$-84,$-84,$-84,$4,$-80,$141,141,$-0.58,$-0.57,$743,$184,$0,$1202,$138,$0,$1382,$265,$1789,$2991,$451,$176,$98,$780,$1231,$1,$-3000,$-27,$1760,$2991,$-111,$325,$16,$340,$66,$-2,$0,$219,$262,$491,$-67,$0,$-9,$-176,$0,$-176,$-116,$-368,$-3,$0,$-3,$23,$23,$0,$-1,$20,$143,$11,$0
16,2014-09-30,19.44,$13.08,1.49,$9.88,1.97,$0.50,39.11,$-0.68,0.0,$1.34B,$0.46B,2.93,$0.24B,$1.85B,0.13,$1.41B,$0.58B,40.90%,$1.41B,$-0.07B,-4.69%,$1.41B,$-0.07B,-4.69%,$1.41B,$0.26B,18.71%,$1.41B,$-0.09B,-6.05%,$1.41B,$-0.09B,-6.54%,$-0.09B,$1.85B,-5.16%,$-0.09B,$0.44B,-28.11%,$-0.09B,$3.18B,-3.15%,$-0.07B,$2.09B,-3.26%,$551,$264,$287,$0,$168,$435,$116,$-6,$110,$3,$107,$107,$107,$196,$116,$141,144,$0.76,$0.75,$588,$190,$0,$1341,$138,$0,$1413,$285,$1836,$3178,$458,$241,$103,$871,$1329,$1,$-2916,$-11,$1848,$3178,$-28,$241,$15,$255,$-207,$-8,$0,$252,$73,$301,$-50,$0,$-9,$-180,$0,$-180,$-90,$-330,$-2,$0,$-2,$15,$15,$0,$-1,$12,$-17,$9,$0
