,Date,Stock Price,Book Value per Share,Price to Book Ratio,TTM Sales per Share,Price to Sales Ratio,TTM FCF per Share,Price to FCF Ratio,TTM Net EPS,PE Ratio,Current Assets,Current Liabilities,Current Ratio,Long Term Debt,Shareholder's Equity_x,Debt to Equity Ratio,TTM Revenue_x,TTM Gross Profit,Gross Margin,TTM Revenue_y,TTM Operating Income,Operating Margin,TTM Revenue_x,TTM EBIT,EBIT Margin,TTM Revenue_y,TTM EBITDA,EBITDA Margin,TTM Revenue_x,TTM Pre-Tax Income,Pre-Tax Margin,TTM Revenue_y,TTM Net Income_x,Net Margin,TTM Net Income_y,Shareholder's Equity_y,Return on Equity,TTM Net Income_x,Tangible Equity,Return on Tangible Equity,TTM Net Income_y,Total Assets,Return on Assets,TTM Net Income,LT Investments & Debt,Return on Investment,revenue,cost-goods-sold,gross-profit,research-development-expenses,selling-general-administrative-expenses,operating-expenses,operating-income,total-non-operating-income-expense,pre-tax-income,total-provision-income-taxes,income-after-taxes,income-from-continuous-operations,net-income,ebitda,ebit,basic-shares-outstanding,shares-outstanding,eps-basic-net-earnings-per-share,eps-earnings-per-share-diluted,cash-on-hand,inventory,other-current-assets,total-current-assets,net-property-plant-equipment,long-term-investments,goodwill-intangible-assets-total,other-long-term-assets,total-long-term-assets,total-assets,total-current-liabilities,long-term-debt,other-non-current-liabilities,total-long-term-liabilities,total-liabilities,common-stock-net,retained-earnings-accumulated-deficit,comprehensive-income,total-share-holder-equity,total-liabilities-share-holders-equity,net-income-loss,total-depreciation-amortization-cash-flow,other-non-cash-items,total-non-cash-items,change-in-accounts-receivable,change-in-inventories,change-in-accounts-payable,change-in-assets-liabilities,total-change-in-assets-liabilities,cash-flow-from-operating-activities,net-change-in-property-plant-equipment,net-change-in-intangible-assets,net-acquisitions-divestitures,net-change-in-short-term-investments,net-change-in-long-term-investments,net-change-in-investments-total,investing-activities-other,cash-flow-from-investing-activities,net-long-term-debt,net-current-debt,debt-issuance-retirement-net-total,net-common-equity-issued-repurchased,net-total-equity-issued-repurchased,total-common-preferred-stock-dividends-paid,financial-activities-other,cash-flow-from-financial-activities,net-cash-flow,stock-based-compensation,common-stock-dividends-paid
0,2018-09-30,44.9,$31.78,1.41,$29.16,1.54,$16.73,2.68,$3.92,11.45,$0.01B,$6.35B,0.0,$0.30B,$1.30B,0.23,$1.22B,$0.40B,33.00%,$1.22B,$0.10B,7.82%,$1.22B,$0.10B,7.82%,$1.22B,$0.10B,7.82%,$1.22B,$0.08B,6.83%,$1.22B,$0.16B,13.50%,$0.16B,$1.30B,11.80%,$0.16B,$1.26B,12.21%,$0.16B,$11.28B,1.47%,$0.10B,$1.60B,5.63%,$311,$214,$97,$0,$26,$291,$20,$-3,$17,$5,$13,$13,$13,$20,$20,$42,42,$0.30,$0.30,$6,$0,$0,$6,$0,$8242,$47,$2680,$11274,$11281,$6349,$298,$3329,$3627,$9977,$0,$1249,$63,$1304,$11281,$0,$0,$0,$0,$0,$0,$0,$0,$0,$217,$0,$0,$0,$-5,$-179,$-184,$0,$-184,$0,$5,$5,$3,$3,$-35,$-8,$-35,$-1,$0,$-35
1,2018-06-30,44.6,$32.93,1.35,$28.69,1.55,$17.24,2.59,$4.26,10.47,$0.01B,$6.27B,0.0,$0.30B,$1.35B,0.22,$1.19B,$0.41B,34.25%,$1.19B,$0.11B,9.30%,$1.19B,$0.11B,9.30%,$1.19B,$0.11B,9.30%,$1.19B,$0.10B,8.29%,$1.19B,$0.18B,14.91%,$0.18B,$1.35B,12.61%,$0.18B,$1.30B,13.05%,$0.18B,$11.16B,1.60%,$0.11B,$1.65B,6.54%,$306,$219,$87,$0,$0,$296,$10,$-3,$7,$1,$6,$6,$6,$10,$10,$42,42,$0.14,$0.14,$8,$0,$0,$8,$0,$8233,$47,$2575,$11148,$11156,$6274,$298,$3234,$3532,$9806,$0,$1248,$112,$1350,$11156,$0,$0,$0,$0,$0,$0,$0,$0,$0,$151,$0,$0,$0,$-110,$-3,$-112,$0,$-112,$0,$4,$4,$2,$2,$-23,$-21,$-38,$1,$0,$-23
2,2018-03-31,42.48,$34.35,1.24,$28.38,1.5,$17.33,2.45,$4.17,10.19,$0.02B,$6.21B,0.0,$0.30B,$1.41B,0.21,$1.18B,$0.40B,33.76%,$1.18B,$0.11B,8.99%,$1.18B,$0.11B,8.99%,$1.18B,$0.11B,8.99%,$1.18B,$0.09B,7.97%,$1.18B,$0.17B,14.76%,$0.17B,$1.41B,12.30%,$0.17B,$1.36B,12.73%,$0.17B,$11.07B,1.58%,$0.11B,$1.70B,6.28%,$295,$194,$102,$0,$0,$268,$27,$-3,$24,$4,$20,$20,$20,$27,$27,$41,42,$0.49,$0.48,$24,$0,$0,$24,$0,$8225,$47,$2492,$11045,$11069,$6211,$298,$3155,$3452,$9664,$0,$1254,$165,$1405,$11069,$0,$0,$0,$0,$0,$0,$0,$0,$0,$72,$0,$0,$0,$33,$-67,$-34,$0,$-34,$0,$4,$4,$1,$1,$-12,$-16,$-22,$16,$0,$-12
3,2017-12-31,43.54,$36.88,1.18,$28.23,1.54,$17.36,2.51,$4.06,10.72,$0.01B,$6.18B,0.0,$0.30B,$1.50B,0.2,$1.17B,$0.39B,33.30%,$1.17B,$0.10B,8.54%,$1.17B,$0.10B,8.54%,$1.17B,$0.10B,8.54%,$1.17B,$0.09B,7.51%,$1.17B,$0.17B,14.43%,$0.17B,$1.50B,12.12%,$0.17B,$1.45B,12.55%,$0.17B,$11.20B,1.54%,$0.10B,$1.80B,6.05%,$303,$188,$115,$0,$0,$265,$38,$-3,$35,$-90,$125,$125,$125,$38,$38,$41,42,$3.04,$3.02,$8,$0,$0,$8,$0,$8352,$47,$2533,$11191,$11198,$6182,$297,$3217,$3515,$9697,$0,$1231,$287,$1502,$11198,$169,$7,$3,$10,$-13,$0,$148,$-8,$53,$257,$0,$0,$0,$-109,$-120,$-229,$0,$-229,$50,$-5,$45,$3,$3,$-46,$-39,$-37,$-9,$0,$-46
4,2017-09-30,38.61,$34.20,1.13,$27.76,1.39,$16.29,2.37,$1.54,25.07,$0.01B,$6.14B,0.0,$0.25B,$1.39B,0.18,$1.15B,$0.37B,32.23%,$1.15B,$0.09B,7.99%,$1.15B,$0.09B,7.99%,$1.15B,$0.09B,7.99%,$1.15B,$0.08B,6.95%,$1.15B,$0.06B,5.56%,$0.06B,$1.39B,4.77%,$0.06B,$1.34B,4.94%,$0.06B,$11.04B,0.59%,$0.09B,$1.64B,5.79%,$290,$185,$105,$0,$24,$253,$36,$-3,$33,$7,$27,$27,$27,$36,$36,$41,42,$0.64,$0.64,$7,$0,$0,$7,$0,$8337,$47,$2396,$11038,$11044,$6144,$247,$3263,$3510,$9654,$0,$1165,$244,$1390,$11044,$0,$0,$0,$0,$0,$0,$0,$0,$0,$237,$0,$0,$0,$-74,$-113,$-187,$0,$-187,$0,$-1,$-1,$2,$2,$-35,$-27,$-60,$-10,$0,$-35
5,2017-06-30,36.81,$33.49,1.1,$27.84,1.32,$14.57,2.53,$1.55,23.75,$0.02B,$6.08B,0.0,$0.25B,$1.36B,0.18,$1.15B,$0.37B,32.38%,$1.15B,$0.09B,8.16%,$1.15B,$0.09B,8.16%,$1.15B,$0.09B,8.16%,$1.15B,$0.08B,7.12%,$1.15B,$0.06B,5.56%,$0.06B,$1.36B,4.72%,$0.06B,$1.32B,4.89%,$0.06B,$10.88B,0.60%,$0.09B,$1.61B,5.87%,$291,$215,$76,$0,$0,$286,$5,$-3,$2,$-0,$2,$2,$2,$5,$5,$41,41,$0.05,$0.05,$16,$0,$0,$16,$0,$8238,$47,$2318,$10860,$10876,$6081,$247,$3185,$3433,$9514,$0,$1150,$232,$1362,$10876,$0,$0,$0,$0,$0,$0,$0,$0,$0,$154,$0,$0,$0,$-42,$-47,$-88,$0,$-88,$0,$0,$0,$3,$3,$-23,$-47,$-67,$-1,$0,$-23
6,2017-03-31,39.7,$32.60,1.22,$27.68,1.43,$13.65,2.91,$1.79,22.18,$0.01B,$6.08B,0.0,$0.25B,$1.32B,0.19,$1.15B,$0.39B,33.62%,$1.15B,$0.11B,9.52%,$1.15B,$0.11B,9.52%,$1.15B,$0.11B,9.52%,$1.15B,$0.10B,8.47%,$1.15B,$0.07B,6.46%,$0.07B,$1.32B,5.40%,$0.07B,$1.27B,5.60%,$0.07B,$10.78B,0.70%,$0.11B,$1.57B,6.74%,$287,$193,$94,$0,$0,$267,$21,$-3,$18,$3,$15,$15,$15,$21,$21,$41,41,$0.37,$0.37,$7,$0,$0,$7,$0,$8124,$47,$2336,$10773,$10780,$6084,$247,$3127,$3374,$9458,$0,$1160,$186,$1322,$10780,$0,$0,$0,$0,$0,$0,$0,$0,$0,$73,$0,$0,$0,$-57,$-28,$-84,$0,$-84,$0,$-3,$-3,$1,$1,$-12,$15,$1,$-10,$0,$-12
7,2016-12-31,41.12,$32.15,1.28,$27.26,1.51,$13.82,2.97,$2.03,20.26,$0.02B,$6.02B,0.0,$0.25B,$1.29B,0.19,$1.13B,$0.40B,35.08%,$1.13B,$0.13B,11.16%,$1.13B,$0.13B,11.16%,$1.13B,$0.13B,11.16%,$1.13B,$0.11B,10.10%,$1.13B,$0.08B,7.44%,$0.08B,$1.29B,6.12%,$0.08B,$1.25B,6.34%,$0.08B,$10.58B,0.80%,$0.13B,$1.54B,7.78%,$283,$186,$96,$0,$0,$253,$30,$-3,$27,$7,$20,$20,$20,$30,$30,$41,41,$0.48,$0.47,$17,$0,$0,$17,$0,$7999,$47,$2246,$10560,$10577,$6024,$247,$3012,$3259,$9283,$0,$1156,$164,$1294,$10577,$84,$7,$-4,$3,$-11,$0,$178,$-16,$149,$211,$0,$0,$0,$51,$-376,$-325,$0,$-325,$0,$11,$11,$-18,$-18,$-44,$166,$115,$1,$0,$-44
8,2016-09-30,34.99,$35.94,0.97,$26.95,1.3,$13.62,2.57,$2.05,17.07,$0.05B,$5.97B,0.01,$0.25B,$1.44B,0.17,$1.12B,$0.40B,35.74%,$1.12B,$0.13B,11.59%,$1.12B,$0.13B,11.59%,$1.12B,$0.13B,11.59%,$1.12B,$0.12B,10.25%,$1.12B,$0.09B,7.58%,$0.09B,$1.44B,6.22%,$0.09B,$1.40B,6.45%,$0.09B,$10.69B,0.82%,$0.13B,$1.69B,8.06%,$291,$184,$107,$0,$24,$253,$38,$-3,$35,$8,$27,$27,$27,$38,$38,$41,41,$0.66,$0.65,$54,$0,$0,$54,$0,$8169,$47,$2195,$10637,$10691,$5966,$247,$3034,$3281,$9247,$0,$1147,$325,$1444,$10691,$0,$0,$0,$0,$0,$0,$0,$0,$0,$165,$0,$0,$0,$-118,$-111,$-230,$0,$-230,$0,$7,$7,$-19,$-19,$-33,$148,$103,$38,$0,$-33
9,2016-06-30,32.02,$35.31,0.91,$26.19,1.22,$13.40,2.39,$1.92,16.68,$0.05B,$5.85B,0.01,$0.25B,$1.42B,0.17,$1.10B,$0.39B,35.73%,$1.10B,$0.13B,11.39%,$1.10B,$0.13B,11.39%,$1.10B,$0.13B,11.39%,$1.10B,$0.11B,10.03%,$1.10B,$0.08B,7.29%,$0.08B,$1.42B,6.01%,$0.08B,$1.37B,6.23%,$0.08B,$10.47B,0.79%,$0.13B,$1.66B,8.08%,$284,$196,$88,$0,$25,$264,$20,$-3,$17,$5,$12,$12,$12,$20,$20,$41,41,$0.29,$0.29,$50,$0,$0,$50,$0,$8071,$47,$2074,$10416,$10466,$5852,$247,$2950,$3197,$9049,$0,$1131,$318,$1417,$10466,$0,$0,$0,$0,$0,$0,$0,$0,$0,$116,$0,$0,$0,$-26,$-102,$-127,$0,$-127,$0,$17,$17,$-20,$-20,$-22,$71,$47,$35,$0,$-22
10,2016-03-31,29.8,$33.11,0.9,$25.66,1.16,$12.92,2.31,$2.01,14.82,$0.05B,$5.76B,0.01,$0.25B,$1.34B,0.19,$1.08B,$0.39B,36.45%,$1.08B,$0.13B,12.12%,$1.08B,$0.13B,12.12%,$1.08B,$0.13B,12.12%,$1.08B,$0.12B,10.73%,$1.08B,$0.08B,7.77%,$0.08B,$1.34B,6.44%,$0.08B,$1.29B,6.69%,$0.08B,$10.23B,0.84%,$0.13B,$1.58B,8.79%,$271,$166,$105,$0,$24,$233,$38,$-3,$35,$10,$25,$25,$25,$38,$38,$41,41,$0.61,$0.61,$50,$0,$0,$50,$0,$7825,$47,$2070,$10181,$10231,$5761,$247,$2887,$3134,$8895,$0,$1130,$233,$1336,$10231,$0,$0,$0,$0,$0,$0,$0,$0,$0,$80,$0,$0,$0,$-52,$5,$-46,$0,$-46,$0,$1,$1,$-13,$-13,$-11,$23,$1,$35,$0,$-11
11,2015-12-31,30.94,$31.18,0.99,$25.50,1.21,$12.57,2.46,$2.21,14.0,$0.02B,$5.68B,0.0,$0.25B,$1.27B,0.2,$1.08B,$0.40B,37.13%,$1.08B,$0.15B,13.43%,$1.08B,$0.15B,13.43%,$1.08B,$0.15B,13.43%,$1.08B,$0.13B,11.94%,$1.08B,$0.09B,8.61%,$0.09B,$1.27B,7.03%,$0.09B,$1.22B,7.30%,$0.09B,$10.06B,0.93%,$0.15B,$1.51B,9.69%,$276,$175,$101,$0,$0,$242,$34,$-6,$28,$7,$21,$21,$21,$34,$34,$42,42,$0.49,$0.49,$16,$0,$0,$16,$0,$7648,$47,$2093,$10041,$10057,$5683,$247,$2862,$3109,$8792,$0,$1116,$163,$1265,$10057,$93,$8,$-13,$-5,$-9,$0,$136,$-7,$130,$208,$0,$0,$0,$-58,$-358,$-416,$0,$-416,$120,$-110,$10,$-20,$-20,$-43,$265,$212,$4,$0,$-43
12,2015-09-30,30.75,$32.09,0.96,$25.37,1.21,$12.93,2.38,$2.42,12.71,$0.05B,$5.74B,0.01,$0.13B,$1.31B,0.1,$1.07B,$0.41B,38.40%,$1.07B,$0.16B,14.63%,$1.07B,$0.16B,14.63%,$1.07B,$0.16B,14.63%,$1.07B,$0.14B,13.33%,$1.07B,$0.10B,9.51%,$0.10B,$1.31B,7.61%,$0.10B,$1.26B,7.89%,$0.10B,$9.90B,1.03%,$0.16B,$1.43B,10.45%,$266,$167,$98,$0,$26,$233,$33,$-3,$30,$8,$22,$22,$22,$33,$33,$42,42,$0.53,$0.52,$50,$0,$0,$50,$0,$7541,$47,$2028,$9854,$9903,$5737,$125,$2735,$2860,$8596,$0,$1106,$214,$1307,$9903,$0,$0,$0,$0,$0,$0,$0,$0,$0,$159,$0,$0,$0,$38,$-282,$-244,$0,$-244,$0,$7,$7,$-14,$-14,$-32,$162,$123,$38,$0,$-32
13,2015-06-30,33.42,$31.73,1.05,$25.36,1.32,$13.08,2.56,$2.50,13.37,$0.05B,$5.64B,0.01,$0.13B,$1.31B,0.1,$1.07B,$0.42B,38.96%,$1.07B,$0.16B,15.19%,$1.07B,$0.16B,15.19%,$1.07B,$0.16B,15.19%,$1.07B,$0.15B,13.89%,$1.07B,$0.11B,9.79%,$0.11B,$1.31B,7.86%,$0.11B,$1.26B,8.15%,$0.11B,$9.97B,1.06%,$0.16B,$1.43B,10.75%,$268,$178,$90,$0,$24,$242,$26,$-3,$23,$7,$16,$16,$16,$26,$26,$42,42,$0.39,$0.38,$46,$0,$0,$46,$0,$7385,$47,$2255,$9924,$9970,$5644,$125,$2894,$3019,$8663,$0,$1094,$211,$1307,$9970,$0,$0,$0,$0,$0,$0,$0,$0,$0,$98,$0,$0,$0,$19,$-174,$-154,$0,$-154,$0,$8,$8,$1,$1,$-21,$103,$90,$34,$0,$-21
14,2015-03-31,31.2,$34.28,0.91,$25.29,1.23,$13.32,2.34,$2.60,12.0,$0.04B,$5.48B,0.01,$0.20B,$1.41B,0.14,$1.07B,$0.42B,39.44%,$1.07B,$0.17B,15.79%,$1.07B,$0.17B,15.79%,$1.07B,$0.17B,15.79%,$1.07B,$0.16B,14.49%,$1.07B,$0.11B,10.19%,$0.11B,$1.41B,8.20%,$0.11B,$1.36B,8.50%,$0.11B,$10.07B,1.12%,$0.17B,$1.61B,11.05%,$270,$159,$112,$0,$24,$218,$52,$-4,$48,$14,$34,$34,$34,$52,$52,$42,42,$0.82,$0.81,$44,$0,$0,$44,$0,$7621,$47,$2150,$10030,$10074,$5477,$200,$2988,$3188,$8665,$0,$1089,$322,$1410,$10074,$0,$0,$0,$0,$0,$0,$0,$0,$0,$67,$0,$0,$0,$-45,$-36,$-81,$0,$-81,$0,$7,$7,$0,$0,$-11,$50,$46,$32,$0,$-11
15,2014-12-31,30.04,$32.65,0.92,$25.09,1.2,$12.98,2.31,$2.46,12.21,$0.01B,$5.39B,0.0,$0.20B,$1.34B,0.15,$1.06B,$0.42B,39.21%,$1.06B,$0.16B,15.08%,$1.06B,$0.16B,15.08%,$1.06B,$0.16B,15.08%,$1.06B,$0.15B,13.85%,$1.06B,$0.10B,9.71%,$0.10B,$1.34B,8.07%,$0.10B,$1.29B,8.38%,$0.10B,$9.77B,1.09%,$0.16B,$1.54B,10.84%,$269,$157,$112,$0,$24,$223,$46,$-4,$42,$12,$30,$30,$30,$46,$46,$42,42,$0.71,$0.72,$12,$0,$0,$12,$0,$7403,$47,$2091,$9757,$9769,$5389,$200,$2843,$3043,$8432,$0,$1065,$285,$1336,$9769,$104,$8,$-11,$-3,$-4,$0,$151,$-13,$144,$222,$0,$0,$0,$31,$-596,$-566,$0,$-566,$0,$-1,$-1,$3,$3,$-39,$375,$337,$-7,$0,$-39
16,2014-09-30,25.63,$31.51,0.81,$24.94,1.03,$12.67,2.02,$2.56,10.01,$0.04B,$5.31B,0.01,$0.20B,$1.29B,0.16,$1.05B,$0.42B,39.77%,$1.05B,$0.17B,15.79%,$1.05B,$0.17B,15.79%,$1.05B,$0.17B,15.79%,$1.05B,$0.15B,14.56%,$1.05B,$0.11B,10.18%,$0.11B,$1.29B,8.79%,$0.11B,$1.24B,9.15%,$0.11B,$9.64B,1.16%,$0.17B,$1.49B,11.71%,$266,$162,$104,$0,$24,$226,$39,$-4,$36,$10,$25,$25,$25,$39,$39,$42,42,$0.61,$0.60,$41,$0,$0,$41,$0,$7306,$47,$2030,$9602,$9643,$5307,$200,$2847,$3047,$8355,$0,$1045,$258,$1288,$9643,$0,$0,$0,$0,$0,$0,$0,$0,$0,$166,$0,$0,$0,$24,$-491,$-466,$0,$-466,$0,$5,$5,$2,$2,$-29,$346,$324,$23,$0,$-29
17,2014-06-30,27.89,$31.40,0.89,$24.70,1.13,$12.37,2.25,$2.53,11.02,$0.05B,$5.20B,0.01,$0.20B,$1.28B,0.16,$1.04B,$0.41B,39.54%,$1.04B,$0.16B,15.53%,$1.04B,$0.16B,15.53%,$1.04B,$0.16B,15.53%,$1.04B,$0.15B,14.18%,$1.04B,$0.11B,10.22%,$0.11B,$1.28B,9.08%,$0.11B,$1.24B,9.46%,$0.11B,$9.45B,1.18%,$0.16B,$1.48B,11.78%,$265,$171,$94,$0,$23,$233,$32,$-4,$29,$8,$20,$20,$20,$32,$32,$41,42,$0.49,$0.48,$45,$0,$0,$45,$0,$7090,$47,$2054,$9401,$9446,$5201,$200,$2762,$2962,$8163,$0,$1030,$270,$1283,$9446,$0,$0,$0,$0,$0,$0,$0,$0,$0,$108,$0,$0,$0,$140,$-381,$-241,$0,$-241,$0,$5,$5,$3,$3,$-20,$171,$160,$27,$0,$-20
18,2014-03-31,25.67,$29.47,0.87,$24.86,1.03,$11.88,2.16,$2.68,9.58,$0.04B,$5.12B,0.01,$0.20B,$1.20B,0.17,$1.04B,$0.42B,40.37%,$1.04B,$0.17B,16.38%,$1.04B,$0.17B,16.38%,$1.04B,$0.17B,16.38%,$1.04B,$0.16B,14.93%,$1.04B,$0.11B,10.79%,$0.11B,$1.20B,9.97%,$0.11B,$1.15B,10.41%,$0.11B,$9.08B,1.29%,$0.17B,$1.40B,12.85%,$261,$155,$106,$0,$23,$218,$43,$-4,$40,$11,$28,$28,$28,$43,$43,$41,42,$0.69,$0.67,$35,$0,$0,$35,$0,$6801,$47,$1977,$9049,$9083,$5118,$200,$2568,$2768,$7886,$0,$1019,$200,$1198,$9083,$0,$0,$0,$0,$0,$0,$0,$0,$0,$53,$0,$0,$0,$131,$-202,$-71,$0,$-71,$0,$1,$1,$-0,$-0,$-10,$44,$35,$17,$0,$-10
19,2013-12-31,27.7,$27.14,1.02,$24.87,1.11,$11.46,2.42,$2.67,10.37,$0.02B,$5.07B,0.0,$0.20B,$1.10B,0.18,$1.03B,$0.41B,40.02%,$1.03B,$0.17B,16.38%,$1.03B,$0.17B,16.38%,$1.03B,$0.17B,16.38%,$1.03B,$0.15B,14.83%,$1.03B,$0.11B,10.76%,$0.11B,$1.10B,9.75%,$0.11B,$1.05B,10.17%,$0.11B,$8.83B,1.30%,$0.17B,$1.30B,12.62%,$259,$146,$114,$0,$21,$207,$52,$-4,$48,$14,$34,$34,$34,$52,$52,$40,42,$0.83,$0.80,$18,$0,$0,$18,$0,$6539,$47,$1976,$8808,$8827,$5067,$200,$2460,$2660,$7727,$0,$1000,$122,$1099,$8827,$111,$8,$-22,$-15,$-4,$0,$142,$-15,$130,$206,$0,$0,$0,$-188,$-410,$-598,$0,$-598,$0,$-5,$-5,$15,$15,$-33,$417,$395,$3,$0,$-33
20,2013-09-30,24.6,$27.15,0.91,$24.82,0.99,$11.42,2.16,$2.63,9.35,$0.05B,$5.01B,0.01,$0.20B,$1.09B,0.18,$1.03B,$0.41B,39.79%,$1.03B,$0.17B,16.25%,$1.03B,$0.17B,16.25%,$1.03B,$0.17B,16.25%,$1.03B,$0.15B,14.69%,$1.03B,$0.11B,10.60%,$0.11B,$1.09B,9.27%,$0.11B,$1.04B,9.66%,$0.11B,$8.52B,1.30%,$0.17B,$1.29B,12.14%,$252,$156,$96,$0,$21,$218,$34,$-4,$30,$7,$24,$24,$24,$34,$34,$40,42,$0.59,$0.57,$46,$0,$0,$46,$0,$6341,$47,$1856,$8477,$8523,$5008,$200,$2226,$2426,$7433,$0,$974,$145,$1089,$8523,$0,$0,$0,$0,$0,$0,$0,$0,$0,$151,$0,$0,$0,$-63,$-275,$-338,$0,$-338,$0,$-0,$-0,$9,$9,$-24,$233,$218,$31,$0,$-24
21,2013-06-30,20.83,$27.72,0.75,$25.02,0.83,$11.45,1.82,$2.84,7.34,$0.04B,$4.91B,0.01,$0.20B,$1.11B,0.18,$1.03B,$0.42B,40.85%,$1.03B,$0.18B,17.81%,$1.03B,$0.18B,17.81%,$1.03B,$0.18B,17.81%,$1.03B,$0.17B,16.26%,$1.03B,$0.12B,11.33%,$0.12B,$1.11B,9.66%,$0.12B,$1.06B,10.05%,$0.12B,$8.36B,1.41%,$0.18B,$1.31B,13.04%,$266,$163,$103,$0,$23,$225,$41,$-4,$37,$11,$26,$26,$26,$41,$41,$40,41,$0.65,$0.63,$38,$0,$0,$38,$0,$6297,$47,$1752,$8318,$8356,$4908,$200,$2142,$2341,$7249,$0,$959,$182,$1106,$8356,$0,$0,$0,$0,$0,$0,$0,$0,$0,$85,$0,$0,$0,$-29,$-208,$-237,$0,$-237,$0,$-0,$-0,$6,$6,$-16,$186,$175,$23,$0,$-16
22,2013-03-31,17.53,$31.81,0.55,$24.76,0.71,$11.68,1.5,$2.53,6.93,$0.05B,$4.84B,0.01,$0.20B,$1.26B,0.16,$1.02B,$0.40B,39.37%,$1.02B,$0.17B,16.16%,$1.02B,$0.17B,16.16%,$1.02B,$0.17B,16.16%,$1.02B,$0.15B,14.59%,$1.02B,$0.10B,10.19%,$0.10B,$1.26B,8.52%,$0.10B,$1.21B,8.86%,$0.10B,$8.46B,1.28%,$0.17B,$1.46B,11.61%,$255,$154,$100,$0,$20,$213,$42,$-4,$38,$11,$27,$27,$27,$42,$42,$40,41,$0.68,$0.66,$50,$0,$0,$50,$0,$6426,$47,$1735,$8407,$8457,$4840,$200,$2156,$2356,$7196,$0,$941,$359,$1262,$8457,$0,$0,$0,$0,$0,$0,$0,$0,$0,$34,$0,$0,$0,$52,$-162,$-110,$0,$-110,$0,$1,$1,$3,$3,$-8,$115,$110,$35,$0,$-8
23,2012-12-31,16.48,$31.65,0.52,$24.45,0.67,$12.07,1.37,$2.51,6.56,$0.02B,$4.78B,0.0,$0.20B,$1.25B,0.16,$1.01B,$0.40B,39.47%,$1.01B,$0.16B,16.22%,$1.01B,$0.16B,16.22%,$1.01B,$0.16B,16.22%,$1.01B,$0.15B,14.74%,$1.01B,$0.10B,10.29%,$0.10B,$1.25B,8.83%,$0.10B,$1.20B,9.20%,$0.10B,$8.17B,1.31%,$0.16B,$1.45B,11.91%,$255,$145,$110,$0,$19,$206,$50,$-4,$46,$14,$32,$32,$32,$50,$50,$40,41,$0.81,$0.77,$15,$0,$0,$15,$0,$6292,$47,$1616,$8153,$8168,$4775,$200,$1947,$2147,$6922,$0,$922,$367,$1246,$8168,$104,$8,$-27,$-19,$-6,$0,$140,$-14,$150,$203,$0,$0,$0,$-69,$-286,$-355,$0,$-355,$0,$-1,$-1,$-10,$-10,$-23,$194,$160,$8,$0,$-23
24,2012-09-30,14.71,$31.30,0.47,$24.26,0.61,$9.96,1.48,$2.54,5.79,$0.04B,$4.70B,0.01,$0.20B,$1.23B,0.16,$1.00B,$0.39B,39.14%,$1.00B,$0.16B,15.94%,$1.00B,$0.16B,15.94%,$1.00B,$0.16B,15.94%,$1.00B,$0.15B,14.44%,$1.00B,$0.11B,10.46%,$0.11B,$1.23B,9.29%,$0.11B,$1.19B,9.70%,$0.11B,$8.12B,1.35%,$0.16B,$1.43B,12.03%,$257,$147,$109,$0,$20,$206,$51,$-4,$47,$15,$32,$32,$32,$51,$51,$39,41,$0.82,$0.78,$42,$0,$0,$42,$0,$6175,$47,$1642,$8080,$8122,$4695,$200,$1995,$2195,$6890,$0,$897,$380,$1232,$8122,$0,$0,$0,$0,$0,$0,$0,$0,$0,$150,$0,$0,$0,$-132,$-95,$-227,$0,$-227,$0,$-2,$-2,$-10,$-10,$-16,$139,$111,$34,$0,$-16
25,2012-06-30,14.0,$29.05,0.48,$24.31,0.58,$8.15,1.72,$2.32,6.03,$0.03B,$4.59B,0.01,$0.20B,$1.14B,0.18,$1.01B,$0.38B,37.80%,$1.01B,$0.15B,14.38%,$1.01B,$0.15B,14.38%,$1.01B,$0.15B,14.38%,$1.01B,$0.13B,13.00%,$1.01B,$0.10B,9.62%,$0.10B,$1.14B,8.93%,$0.10B,$1.10B,9.34%,$0.10B,$7.82B,1.28%,$0.15B,$1.34B,11.28%,$254,$171,$83,$0,$22,$232,$22,$-4,$18,$5,$13,$13,$13,$22,$22,$40,41,$0.33,$0.32,$31,$0,$0,$31,$0,$5950,$47,$1579,$7792,$7824,$4594,$200,$1886,$2086,$6680,$0,$870,$318,$1144,$7824,$0,$0,$0,$0,$0,$0,$0,$0,$0,$95,$0,$0,$0,$4,$-127,$-123,$0,$-123,$0,$-0,$-0,$-10,$-10,$-11,$73,$52,$24,$0,$-11
26,2012-03-31,13.9,$27.37,0.51,$24.31,0.57,$7.12,1.95,$1.70,8.17,$0.04B,$4.50B,0.01,$0.20B,$1.09B,0.18,$1.00B,$0.34B,34.13%,$1.00B,$0.11B,11.01%,$1.00B,$0.11B,11.01%,$1.00B,$0.11B,11.01%,$1.00B,$0.10B,9.61%,$1.00B,$0.07B,7.21%,$0.07B,$1.09B,6.97%,$0.07B,$1.04B,7.31%,$0.07B,$7.70B,0.97%,$0.11B,$1.29B,8.92%,$245,$148,$97,$0,$18,$204,$41,$-4,$38,$11,$27,$27,$27,$41,$41,$40,42,$0.67,$0.64,$35,$0,$0,$35,$0,$5757,$47,$1638,$7662,$7697,$4504,$200,$1905,$2104,$6608,$0,$862,$265,$1089,$7697,$0,$0,$0,$0,$0,$0,$0,$0,$0,$51,$0,$0,$0,$-1,$-47,$-48,$0,$-48,$0,$-4,$-4,$-2,$-2,$-5,$36,$25,$28,$0,$-5
27,2011-12-31,10.66,$26.53,0.4,$24.28,0.44,$6.92,1.54,$1.68,6.34,$0.01B,$4.44B,0.0,$0.20B,$1.06B,0.19,$1.00B,$0.34B,34.07%,$1.00B,$0.11B,10.92%,$1.00B,$0.11B,10.92%,$1.00B,$0.11B,10.92%,$1.00B,$0.10B,9.52%,$1.00B,$0.07B,7.11%,$0.07B,$1.06B,7.20%,$0.07B,$1.01B,7.57%,$0.07B,$7.44B,0.97%,$0.11B,$1.26B,9.19%,$248,$144,$104,$0,$19,$202,$46,$-4,$42,$9,$33,$33,$33,$46,$46,$40,41,$0.83,$0.81,$7,$0,$0,$7,$0,$5678,$47,$1486,$7428,$7435,$4439,$200,$1741,$1941,$6380,$0,$841,$252,$1055,$7435,$71,$9,$-38,$-29,$-1,$0,$86,$-6,$97,$116,$0,$0,$0,$103,$-406,$-303,$0,$-303,$0,$-4,$-4,$0,$0,$-19,$211,$189,$2,$0,$-19
28,2011-09-30,8.7,$26.44,0.33,$24.11,0.36,$7.97,1.09,$1.24,7.01,$0.04B,$4.36B,0.01,$0.20B,$1.06B,0.19,$0.99B,$0.32B,32.09%,$0.99B,$0.09B,8.70%,$0.99B,$0.09B,8.70%,$0.99B,$0.09B,8.70%,$0.99B,$0.07B,7.29%,$0.99B,$0.05B,5.26%,$0.05B,$1.06B,5.52%,$0.05B,$1.01B,5.81%,$0.05B,$7.34B,0.72%,$0.09B,$1.26B,7.53%,$261,$164,$97,$0,$25,$225,$36,$-3,$33,$9,$24,$24,$24,$36,$36,$40,41,$0.59,$0.57,$41,$0,$0,$41,$0,$5580,$47,$1408,$7296,$7337,$4364,$200,$1717,$1917,$6281,$0,$847,$244,$1056,$7337,$0,$0,$0,$0,$0,$0,$0,$0,$0,$76,$0,$0,$0,$85,$-274,$-189,$0,$-189,$0,$4,$4,$2,$2,$-14,$155,$148,$35,$0,$-14
29,2011-06-30,11.69,$23.35,0.5,$23.90,0.49,$9.27,1.26,$1.17,10.0,$0.04B,$4.26B,0.01,$0.20B,$0.93B,0.21,$0.98B,$0.31B,31.53%,$0.98B,$0.08B,8.39%,$0.98B,$0.08B,8.39%,$0.98B,$0.08B,8.39%,$0.98B,$0.07B,6.86%,$0.98B,$0.05B,4.91%,$0.05B,$0.93B,5.21%,$0.05B,$0.89B,5.49%,$0.05B,$7.21B,0.68%,$0.08B,$1.13B,7.31%,$245,$202,$43,$0,$21,$259,$-13,$-3,$-17,$-5,$-12,$-12,$-12,$-13,$-13,$40,40,$-0.30,$-0.30,$38,$0,$0,$38,$0,$5250,$47,$1601,$7170,$7208,$4258,$200,$1818,$2018,$6276,$0,$829,$140,$932,$7208,$0,$0,$0,$0,$0,$0,$0,$0,$0,$51,$0,$0,$0,$174,$-270,$-96,$0,$-96,$0,$11,$11,$2,$2,$-9,$73,$77,$32,$0,$-9
30,2011-03-31,12.41,$22.63,0.55,$23.81,0.52,$10.30,1.2,$2.03,6.11,$0.04B,$4.17B,0.01,$0.20B,$0.90B,0.22,$0.98B,$0.36B,36.53%,$0.98B,$0.13B,13.16%,$0.98B,$0.13B,13.16%,$0.98B,$0.13B,13.16%,$0.98B,$0.12B,11.73%,$0.98B,$0.08B,8.47%,$0.08B,$0.90B,9.15%,$0.08B,$0.85B,9.66%,$0.08B,$7.17B,1.19%,$0.13B,$1.10B,11.66%,$244,$148,$96,$0,$19,$204,$40,$-3,$37,$11,$26,$26,$26,$40,$40,$40,42,$0.65,$0.62,$37,$0,$0,$37,$0,$5297,$47,$1518,$7137,$7174,$4170,$200,$1904,$2104,$6274,$0,$845,$93,$900,$7174,$0,$0,$0,$0,$0,$0,$0,$0,$0,$43,$0,$0,$0,$122,$-168,$-45,$0,$-45,$0,$2,$2,$2,$2,$-5,$35,$34,$31,$0,$-5
31,2010-12-31,13.15,$22.19,0.59,$23.78,0.55,$10.34,1.27,$1.96,6.71,$0.01B,$4.11B,0.0,$0.20B,$0.88B,0.23,$0.98B,$0.35B,36.10%,$0.98B,$0.12B,12.72%,$0.98B,$0.12B,12.72%,$0.98B,$0.12B,12.72%,$0.98B,$0.11B,11.28%,$0.98B,$0.08B,8.21%,$0.08B,$0.88B,9.13%,$0.08B,$0.83B,9.65%,$0.08B,$7.00B,1.17%,$0.12B,$1.08B,11.52%,$238,$157,$81,$0,$11,$215,$23,$-4,$19,$5,$14,$14,$14,$23,$23,$39,41,$0.36,$0.35,$6,$0,$0,$6,$0,$5074,$47,$1597,$6990,$6996,$4107,$200,$1810,$2010,$6116,$0,$824,$97,$880,$6996,$80,$8,$-24,$-15,$-3,$0,$124,$-10,$113,$158,$0,$0,$0,$124,$-428,$-304,$0,$-304,$0,$7,$7,$4,$4,$-14,$148,$144,$-2,$0,$-14
32,2010-09-30,12.8,$24.69,0.52,$23.80,0.54,$10.91,1.17,$2.14,5.98,$0.04B,$4.05B,0.01,$0.20B,$0.97B,0.21,$0.97B,$0.36B,37.10%,$0.97B,$0.14B,13.87%,$0.97B,$0.14B,13.87%,$0.97B,$0.14B,13.87%,$0.97B,$0.12B,12.54%,$0.97B,$0.09B,9.04%,$0.09B,$0.97B,10.52%,$0.09B,$0.93B,11.16%,$0.09B,$6.98B,1.32%,$0.14B,$1.17B,13.03%,$250,$162,$88,$0,$20,$218,$32,$-3,$28,$8,$20,$20,$20,$32,$32,$39,41,$0.51,$0.49,$41,$0,$0,$41,$0,$5236,$47,$1402,$6943,$6984,$4047,$200,$1764,$1964,$6011,$0,$813,$205,$974,$6984,$0,$0,$0,$0,$0,$0,$0,$0,$0,$129,$0,$0,$0,$133,$-339,$-206,$0,$-206,$0,$11,$11,$1,$1,$-10,$108,$110,$33,$0,$-10
33,2010-06-30,10.91,$22.17,0.49,$23.66,0.46,$11.08,0.98,$2.13,5.12,$0.02B,$3.95B,0.0,$0.20B,$0.87B,0.23,$0.97B,$0.36B,36.99%,$0.97B,$0.13B,13.89%,$0.97B,$0.13B,13.89%,$0.97B,$0.13B,13.89%,$0.97B,$0.12B,12.54%,$0.97B,$0.09B,9.02%,$0.09B,$0.87B,11.22%,$0.09B,$0.83B,11.96%,$0.09B,$6.67B,1.34%,$0.13B,$1.07B,13.75%,$248,$155,$93,$0,$26,$214,$34,$-3,$31,$8,$23,$23,$23,$34,$34,$39,41,$0.59,$0.56,$16,$0,$0,$16,$0,$4990,$47,$1355,$6654,$6669,$3949,$200,$1647,$1847,$5796,$0,$797,$122,$874,$6669,$0,$0,$0,$0,$0,$0,$0,$0,$0,$94,$0,$0,$0,$99,$-228,$-128,$0,$-128,$0,$3,$3,$0,$0,$-7,$45,$42,$8,$0,$-7
34,2010-03-31,10.63,$19.84,0.54,$23.46,0.45,$11.08,0.96,$2.03,5.24,$0.02B,$3.89B,0.01,$0.20B,$0.78B,0.26,$0.96B,$0.35B,36.54%,$0.96B,$0.13B,13.72%,$0.96B,$0.13B,13.72%,$0.96B,$0.13B,13.72%,$0.96B,$0.12B,12.25%,$0.96B,$0.08B,8.69%,$0.08B,$0.78B,11.90%,$0.08B,$0.73B,12.78%,$0.08B,$6.60B,1.32%,$0.13B,$0.98B,14.61%,$239,$148,$90,$0,$20,$203,$35,$-3,$32,$9,$23,$23,$23,$35,$35,$39,41,$0.58,$0.55,$18,$0,$0,$18,$0,$4887,$47,$1372,$6579,$6597,$3887,$200,$1732,$1932,$5819,$0,$778,$49,$778,$6597,$0,$0,$0,$0,$0,$0,$0,$0,$0,$44,$0,$0,$0,$128,$-182,$-54,$0,$-54,$0,$4,$4,$0,$0,$-3,$21,$21,$11,$0,$-3
35,2009-12-31,8.68,$18.36,0.47,$23.13,0.38,$11.01,0.79,$1.81,4.79,$0.01B,$3.83B,0.0,$0.20B,$0.72B,0.28,$0.94B,$0.34B,36.25%,$0.94B,$0.12B,12.58%,$0.94B,$0.12B,12.58%,$0.94B,$0.12B,12.58%,$0.94B,$0.10B,11.09%,$0.94B,$0.07B,7.78%,$0.07B,$0.72B,11.89%,$0.07B,$0.67B,12.90%,$0.07B,$6.34B,1.22%,$0.12B,$0.92B,14.51%,$236,$146,$90,$0,$20,$202,$34,$-4,$31,$8,$22,$22,$22,$34,$34,$39,41,$0.57,$0.54,$8,$0,$0,$8,$0,$4688,$47,$1324,$6335,$6343,$3833,$200,$1591,$1791,$5624,$0,$758,$11,$720,$6343,$73,$8,$-26,$-18,$-3,$0,$124,$-12,$133,$179,$0,$0,$0,$-48,$-220,$-268,$0,$-268,$0,$-3,$-3,$0,$0,$-10,$100,$88,$-1,$0,$-10
36,2009-09-30,9.57,$18.59,0.51,$22.76,0.42,$10.61,0.9,$1.85,5.17,$0.02B,$3.79B,0.0,$0.20B,$0.73B,0.27,$0.92B,$0.33B,35.32%,$0.92B,$0.10B,11.05%,$0.92B,$0.10B,11.05%,$0.92B,$0.10B,11.05%,$0.92B,$0.09B,9.43%,$0.92B,$0.07B,8.02%,$0.07B,$0.73B,13.55%,$0.07B,$0.68B,14.85%,$0.07B,$6.29B,1.28%,$0.10B,$0.93B,13.69%,$242,$158,$84,$0,$18,$211,$31,$-3,$27,$8,$19,$19,$19,$31,$31,$39,41,$0.49,$0.48,$17,$0,$0,$17,$0,$4710,$47,$1250,$6275,$6292,$3792,$200,$1572,$1772,$5564,$0,$739,$39,$729,$6292,$0,$0,$0,$0,$0,$0,$0,$0,$0,$134,$0,$0,$0,$-153,$-53,$-206,$0,$-206,$0,$1,$1,$0,$0,$-6,$85,$80,$8,$0,$-6
37,2009-06-30,6.78,$14.34,0.47,$21.38,0.32,$10.73,0.63,$0.58,11.7,$0.02B,$3.71B,0.01,$0.20B,$0.56B,0.36,$0.86B,$0.26B,29.80%,$0.86B,$0.04B,4.31%,$0.86B,$0.04B,4.31%,$0.86B,$0.04B,4.31%,$0.86B,$0.02B,2.56%,$0.86B,$0.02B,2.79%,$0.02B,$0.56B,5.01%,$0.02B,$0.51B,5.57%,$0.02B,$5.83B,0.42%,$0.04B,$0.76B,5.45%,$238,$153,$85,$0,$19,$207,$31,$-3,$27,$8,$19,$19,$19,$31,$31,$39,41,$0.48,$0.46,$24,$0,$0,$24,$0,$4313,$47,$1156,$5804,$5828,$3711,$200,$1356,$1555,$5266,$0,$722,$-110,$562,$5828,$0,$0,$0,$0,$0,$0,$0,$0,$0,$93,$0,$0,$0,$-138,$16,$-122,$0,$-122,$0,$1,$1,$0,$0,$-4,$47,$44,$15,$0,$-4
38,2009-03-31,5.63,$11.35,0.5,$20.76,0.27,$10.44,0.54,$0.23,24.49,$0.01B,$3.64B,0.0,$0.20B,$0.45B,0.45,$0.84B,$0.23B,27.84%,$0.84B,$0.01B,1.67%,$0.84B,$0.01B,1.67%,$0.84B,$0.01B,1.67%,$0.84B,$-0.00B,-0.12%,$0.84B,$0.01B,1.19%,$0.01B,$0.45B,2.05%,$0.01B,$0.40B,2.28%,$0.01B,$5.53B,0.17%,$0.01B,$0.64B,2.04%,$222,$141,$81,$0,$23,$200,$22,$-3,$19,$5,$13,$13,$13,$22,$22,$39,40,$0.34,$0.33,$12,$0,$0,$12,$0,$4006,$47,$1144,$5514,$5526,$3639,$200,$1243,$1443,$5082,$0,$706,$-210,$445,$5526,$0,$0,$0,$0,$0,$0,$0,$0,$0,$40,$0,$0,$0,$-124,$70,$-54,$0,$-54,$0,$2,$2,$0,$0,$-2,$17,$16,$3,$0,$-2
39,2008-12-31,6.1,$11.49,0.53,$20.46,0.3,$10.40,0.59,$0.24,25.41,$0.01B,$3.60B,0.0,$0.20B,$0.45B,0.45,$0.83B,$0.23B,27.82%,$0.83B,$0.02B,1.80%,$0.83B,$0.02B,1.80%,$0.83B,$0.02B,1.80%,$0.83B,$0.00B,0.00%,$0.83B,$0.01B,1.32%,$0.01B,$0.45B,2.05%,$0.01B,$0.40B,2.26%,$0.01B,$5.51B,0.19%,$0.02B,$0.65B,2.04%,$221,$145,$76,$0,$23,$203,$18,$-4,$14,$-9,$23,$23,$23,$18,$18,$40,41,$0.60,$0.61,$9,$0,$0,$9,$0,$4005,$47,$1134,$5499,$5508,$3601,$200,$1258,$1458,$5059,$0,$694,$-194,$449,$5508,$11,$14,$64,$78,$-3,$0,$114,$-6,$84,$163,$0,$0,$0,$-222,$32,$-190,$0,$-190,$0,$36,$36,$-54,$-54,$-15,$57,$23,$-4,$0,$-15
40,2008-09-30,8.45,$11.82,0.71,$19.98,0.42,$10.91,0.77,$0.07,120.66,$0.02B,$3.56B,0.0,$0.20B,$0.46B,0.43,$0.84B,$0.24B,29.22%,$0.84B,$0.03B,3.11%,$0.84B,$0.03B,3.11%,$0.84B,$0.03B,3.11%,$0.84B,$0.01B,1.32%,$0.84B,$0.01B,0.72%,$0.01B,$0.46B,1.00%,$0.01B,$0.41B,1.10%,$0.01B,$5.79B,0.10%,$0.03B,$0.66B,3.26%,$178,$164,$14,$0,$16,$213,$-34,$-3,$-38,$-7,$-31,$-31,$-31,$-34,$-34,$39,39,$-0.79,$-0.79,$15,$0,$0,$15,$0,$4024,$49,$1396,$5772,$5787,$3555,$200,$1571,$1771,$5326,$0,$674,$-159,$462,$5787,$0,$0,$0,$0,$0,$0,$0,$0,$0,$134,$0,$0,$0,$-137,$11,$-126,$0,$-126,$0,$4,$4,$-54,$-54,$-13,$58,$-5,$2,$0,$-13
41,2008-06-30,9.06,$15.13,0.6,$20.43,0.44,$11.20,0.81,$1.27,7.13,$0.01B,$3.47B,0.0,$0.20B,$0.59B,0.34,$0.88B,$0.31B,35.38%,$0.88B,$0.09B,10.13%,$0.88B,$0.09B,10.13%,$0.88B,$0.09B,10.13%,$0.88B,$0.08B,8.53%,$0.88B,$0.06B,6.26%,$0.06B,$0.59B,8.44%,$0.06B,$0.54B,9.17%,$0.06B,$6.05B,0.89%,$0.09B,$0.79B,10.45%,$216,$155,$62,$0,$19,$208,$8,$-3,$4,$-0,$5,$5,$5,$8,$8,$40,41,$0.11,$0.11,$11,$0,$0,$11,$0,$4245,$50,$1473,$6042,$6053,$3473,$200,$1790,$1989,$5462,$0,$709,$-65,$591,$6053,$0,$0,$0,$0,$0,$0,$0,$0,$0,$83,$0,$0,$0,$-47,$-6,$-53,$0,$-53,$0,$5,$5,$-54,$-54,$-9,$25,$-32,$-2,$0,$-9
42,2008-03-31,11.14,$15.82,0.7,$20.11,0.55,$11.69,0.95,$1.68,6.63,$0.01B,$3.41B,0.0,$0.20B,$0.64B,0.31,$0.89B,$0.34B,38.31%,$0.89B,$0.12B,13.22%,$0.89B,$0.12B,13.22%,$0.89B,$0.12B,13.22%,$0.89B,$0.10B,11.75%,$0.89B,$0.07B,8.25%,$0.07B,$0.64B,10.94%,$0.07B,$0.59B,11.89%,$0.07B,$6.08B,1.16%,$0.12B,$0.84B,13.50%,$219,$139,$80,$0,$21,$196,$23,$-3,$20,$6,$14,$14,$14,$23,$23,$41,42,$0.35,$0.34,$9,$0,$0,$9,$0,$4260,$51,$1494,$6071,$6080,$3411,$200,$1827,$2026,$5438,$0,$708,$-38,$643,$6080,$0,$0,$0,$0,$0,$0,$0,$0,$0,$40,$0,$0,$0,$-92,$74,$-17,$0,$-17,$0,$1,$1,$-29,$-29,$-4,$6,$-27,$-4,$0,$-4
43,2007-12-31,11.93,$16.41,0.73,$19.80,0.6,$12.21,0.98,$1.86,6.41,$0.01B,$3.38B,0.0,$0.20B,$0.69B,0.29,$0.89B,$0.35B,39.64%,$0.89B,$0.13B,14.75%,$0.89B,$0.13B,14.75%,$0.89B,$0.13B,14.75%,$0.89B,$0.12B,13.18%,$0.89B,$0.08B,9.23%,$0.08B,$0.69B,12.13%,$0.08B,$0.64B,13.19%,$0.08B,$6.26B,1.29%,$0.13B,$0.89B,14.83%,$222,$134,$88,$0,$20,$193,$29,$-3,$25,$7,$18,$18,$18,$29,$29,$43,45,$0.42,$0.41,$13,$0,$0,$13,$0,$4282,$53,$1650,$6246,$6259,$3383,$199,$1983,$2183,$5566,$0,$699,$-6,$693,$6259,$83,$13,$3,$16,$4,$0,$94,$-10,$107,$202,$0,$0,$0,$-56,$-74,$-130,$0,$-130,$-33,$3,$-29,$-16,$-16,$-18,$-8,$-71,$-0,$0,$-18
44,2007-09-30,12.28,$15.73,0.78,$20.04,0.61,$11.75,1.05,$2.09,5.87,$0.01B,$3.38B,0.0,$0.20B,$0.68B,0.29,$0.90B,$0.38B,41.48%,$0.90B,$0.15B,16.15%,$0.90B,$0.15B,16.15%,$0.90B,$0.15B,16.15%,$0.90B,$0.13B,14.71%,$0.90B,$0.09B,10.29%,$0.09B,$0.68B,13.94%,$0.09B,$0.63B,15.22%,$0.09B,$6.30B,1.45%,$0.15B,$0.88B,16.54%,$222,$141,$81,$0,$18,$192,$29,$-3,$26,$8,$18,$18,$18,$29,$29,$43,44,$0.42,$0.41,$8,$0,$0,$8,$0,$4273,$54,$1696,$6287,$6295,$3378,$199,$2037,$2237,$5614,$0,$685,$-24,$681,$6295,$0,$0,$0,$0,$0,$0,$0,$0,$0,$164,$0,$0,$0,$-73,$-58,$-132,$0,$-132,$-33,$6,$-26,$3,$3,$-14,$-1,$-38,$-5,$0,$-14
45,2007-06-30,13.09,$15.08,0.87,$19.85,0.66,$11.41,1.15,$2.11,6.2,$0.01B,$3.34B,0.0,$0.20B,$0.65B,0.31,$0.90B,$0.38B,42.05%,$0.90B,$0.15B,16.46%,$0.90B,$0.15B,16.46%,$0.90B,$0.15B,16.46%,$0.90B,$0.14B,15.02%,$0.90B,$0.09B,10.46%,$0.09B,$0.65B,14.44%,$0.09B,$0.60B,15.84%,$0.09B,$6.48B,1.47%,$0.15B,$0.85B,16.92%,$222,$132,$90,$0,$18,$185,$36,$-4,$33,$9,$23,$23,$23,$36,$36,$43,45,$0.54,$0.52,$9,$0,$0,$9,$0,$4462,$55,$1688,$6467,$6477,$3344,$199,$2281,$2480,$5824,$0,$671,$-38,$653,$6477,$0,$0,$0,$0,$0,$0,$0,$0,$0,$113,$0,$0,$0,$-13,$-69,$-81,$0,$-81,$-33,$4,$-29,$3,$3,$-9,$-1,$-36,$-4,$0,$-9
46,2007-03-31,12.54,$15.70,0.8,$19.67,0.64,$11.26,1.11,$2.20,5.7,$0.01B,$3.32B,0.0,$0.23B,$0.68B,0.34,$0.89B,$0.38B,42.94%,$0.89B,$0.16B,17.38%,$0.89B,$0.16B,17.38%,$0.89B,$0.16B,17.38%,$0.89B,$0.14B,15.81%,$0.89B,$0.10B,11.10%,$0.10B,$0.68B,15.91%,$0.10B,$0.62B,17.58%,$0.10B,$6.47B,1.58%,$0.16B,$0.91B,18.10%,$222,$130,$93,$0,$19,$185,$37,$-4,$33,$10,$23,$23,$23,$37,$37,$43,45,$0.54,$0.52,$7,$0,$0,$7,$0,$4550,$57,$1606,$6464,$6471,$3315,$232,$2246,$2478,$5793,$0,$653,$8,$677,$6471,$0,$0,$0,$0,$0,$0,$0,$0,$0,$67,$0,$0,$0,$-10,$-59,$-69,$0,$-69,$0,$3,$3,$1,$1,$-5,$-4,$-4,$-7,$0,$-5
47,2006-12-31,12.19,$15.25,0.8,$19.29,0.63,$10.94,1.11,$2.18,5.59,$0.01B,$3.30B,0.0,$0.23B,$0.66B,0.35,$0.89B,$0.38B,42.37%,$0.89B,$0.15B,17.29%,$0.89B,$0.15B,17.29%,$0.89B,$0.15B,17.29%,$0.89B,$0.14B,15.93%,$0.89B,$0.10B,11.19%,$0.10B,$0.66B,16.74%,$0.10B,$0.60B,18.65%,$0.10B,$6.33B,1.61%,$0.15B,$0.89B,19.18%,$238,$127,$111,$0,$19,$194,$44,$-4,$41,$12,$29,$29,$29,$44,$44,$43,46,$0.66,$0.65,$13,$0,$0,$13,$0,$4410,$58,$1599,$6316,$6330,$3301,$232,$2139,$2371,$5673,$0,$634,$8,$657,$6330,$99,$12,$-11,$1,$-4,$0,$90,$-16,$102,$186,$0,$0,$0,$-81,$-150,$-231,$0,$-231,$41,$-16,$25,$2,$2,$-18,$50,$59,$13,$0,$-18
