,Date,Stock Price,Book Value per Share,Price to Book Ratio,TTM Sales per Share,Price to Sales Ratio,TTM FCF per Share,Price to FCF Ratio,TTM Net EPS,PE Ratio,Current Assets,Current Liabilities,Current Ratio,Long Term Debt,Shareholder's Equity_x,Debt to Equity Ratio,TTM Revenue_x,TTM Gross Profit,Gross Margin,TTM Revenue_y,TTM Operating Income,Operating Margin,TTM Revenue_x,TTM EBIT,EBIT Margin,TTM Revenue_y,TTM EBITDA,EBITDA Margin,TTM Revenue_x,TTM Pre-Tax Income,Pre-Tax Margin,TTM Revenue_y,TTM Net Income_x,Net Margin,TTM Net Income_y,Shareholder's Equity_y,Return on Equity,TTM Net Income_x,Tangible Equity,Return on Tangible Equity,TTM Net Income_y,Total Assets,Return on Assets,TTM Net Income,LT Investments & Debt,Return on Investment,revenue,cost-goods-sold,gross-profit,research-development-expenses,selling-general-administrative-expenses,operating-expenses,operating-income,total-non-operating-income-expense,pre-tax-income,total-provision-income-taxes,income-after-taxes,income-from-continuous-operations,net-income,ebitda,ebit,basic-shares-outstanding,shares-outstanding,eps-basic-net-earnings-per-share,eps-earnings-per-share-diluted,cash-on-hand,inventory,other-current-assets,total-current-assets,net-property-plant-equipment,long-term-investments,goodwill-intangible-assets-total,other-long-term-assets,total-long-term-assets,total-assets,total-current-liabilities,long-term-debt,other-non-current-liabilities,total-long-term-liabilities,total-liabilities,common-stock-net,retained-earnings-accumulated-deficit,comprehensive-income,total-share-holder-equity,total-liabilities-share-holders-equity,net-income-loss,total-depreciation-amortization-cash-flow,other-non-cash-items,total-non-cash-items,change-in-accounts-receivable,change-in-inventories,change-in-accounts-payable,change-in-assets-liabilities,total-change-in-assets-liabilities,cash-flow-from-operating-activities,net-change-in-property-plant-equipment,net-change-in-intangible-assets,net-acquisitions-divestitures,net-change-in-short-term-investments,net-change-in-long-term-investments,net-change-in-investments-total,investing-activities-other,cash-flow-from-investing-activities,net-long-term-debt,net-current-debt,debt-issuance-retirement-net-total,net-common-equity-issued-repurchased,net-total-equity-issued-repurchased,total-common-preferred-stock-dividends-paid,financial-activities-other,cash-flow-from-financial-activities,net-cash-flow,stock-based-compensation,common-stock-dividends-paid
0,2018-09-30,32.81,$7.77,4.22,$6.97,4.71,$1.29,25.44,$0.55,59.65,$0.35B,$0.09B,4.04,$0.24B,$0.65B,0.37,$0.59B,$0.49B,82.20%,$0.59B,$0.05B,9.15%,$0.59B,$0.05B,9.15%,$0.59B,$0.11B,18.98%,$0.59B,$0.04B,7.29%,$0.59B,$0.05B,8.14%,$0.05B,$0.65B,7.70%,$0.05B,$0.09B,90.14%,$0.05B,$1.01B,4.91%,$0.05B,$0.89B,6.26%,$154,$14,$140,$0,$86,$130,$24,$-3,$22,$3,$19,$19,$19,$38,$24,$84,85,$0.22,$0.22,$124,$0,$0,$349,$93,$0,$560,$3,$658,$1007,$86,$240,$10,$269,$355,$1,$389,$0,$652,$1007,$22,$44,$2,$45,$-13,$0,$0,$0,$-11,$56,$-19,$0,$0,$0,$0,$0,$0,$-19,$0,$0,$0,$8,$8,$0,$-3,$5,$41,$18,$0
1,2018-06-30,21.62,$7.42,2.91,$6.63,3.26,$1.25,17.33,$0.40,54.05,$0.31B,$0.08B,3.87,$0.24B,$0.62B,0.39,$0.56B,$0.46B,81.32%,$0.56B,$0.04B,7.65%,$0.56B,$0.04B,7.65%,$0.56B,$0.10B,17.97%,$0.56B,$0.03B,5.52%,$0.56B,$0.04B,6.23%,$0.04B,$0.62B,5.77%,$0.04B,$0.05B,112.00%,$0.04B,$0.97B,3.62%,$0.04B,$0.86B,5.47%,$147,$15,$132,$0,$82,$148,$-1,$-3,$-4,$-0,$-3,$-3,$-3,$15,$-1,$83,83,$-0.04,$-0.04,$88,$0,$0,$306,$93,$0,$566,$3,$664,$970,$79,$240,$10,$273,$351,$1,$371,$0,$619,$970,$3,$30,$2,$32,$-4,$0,$0,$1,$-11,$24,$-13,$0,$0,$0,$0,$0,$0,$-13,$0,$0,$0,$-4,$-4,$0,$-3,$-6,$5,$14,$0
2,2018-03-31,16.84,$7.39,2.28,$6.41,2.63,$1.18,14.32,$0.52,32.38,$0.29B,$0.07B,4.14,$0.24B,$0.62B,0.39,$0.55B,$0.44B,81.02%,$0.55B,$0.06B,10.58%,$0.55B,$0.06B,10.58%,$0.55B,$0.11B,20.62%,$0.55B,$0.05B,8.58%,$0.55B,$0.05B,8.21%,$0.05B,$0.62B,7.56%,$0.05B,$0.04B,300.00%,$0.05B,$0.96B,4.67%,$0.06B,$0.86B,8.11%,$141,$14,$127,$0,$88,$130,$12,$-3,$9,$3,$6,$6,$6,$26,$12,$84,86,$0.08,$0.07,$84,$0,$0,$286,$96,$0,$573,$3,$674,$960,$69,$240,$10,$275,$345,$1,$374,$0,$615,$960,$6,$14,$0,$14,$2,$0,$0,$3,$-6,$15,$-6,$0,$0,$0,$0,$0,$0,$-6,$0,$0,$0,$-6,$-6,$0,$-3,$-8,$1,$9,$0
3,2017-12-31,16.95,$7.28,2.33,$6.09,2.78,$1.01,16.76,$0.46,36.85,$0.29B,$0.09B,3.16,$0.24B,$0.61B,0.4,$0.52B,$0.42B,80.04%,$0.52B,$0.05B,9.60%,$0.52B,$0.05B,9.60%,$0.52B,$0.10B,19.58%,$0.52B,$0.04B,7.68%,$0.52B,$0.04B,7.68%,$0.04B,$0.61B,6.88%,$0.04B,$0.03B,96.39%,$0.04B,$0.98B,4.26%,$0.05B,$0.85B,7.23%,$148,$62,$86,$0,$85,$129,$19,$-3,$16,$-10,$26,$26,$26,$33,$19,$84,85,$0.30,$0.30,$83,$0,$1,$293,$99,$0,$579,$3,$683,$975,$93,$240,$9,$276,$369,$1,$366,$0,$606,$975,$40,$52,$1,$53,$-7,$0,$0,$-1,$-7,$86,$-33,$0,$-171,$0,$0,$0,$0,$-204,$-0,$42,$42,$-11,$-11,$0,$-5,$25,$-93,$24,$0
4,2017-09-30,19.86,$6.99,2.84,$5.79,3.43,$1.16,17.1,$0.29,68.48,$0.28B,$0.32B,0.88,$0.00B,$0.59B,0.0,$0.50B,$0.44B,87.17%,$0.50B,$0.05B,10.02%,$0.50B,$0.05B,10.02%,$0.50B,$0.10B,19.84%,$0.50B,$0.04B,8.22%,$0.50B,$0.02B,4.61%,$0.02B,$0.59B,4.04%,$0.02B,$0.00B,33.09%,$0.02B,$0.96B,2.51%,$0.05B,$0.59B,7.48%,$126,$14,$112,$0,$71,$113,$13,$-3,$10,$3,$6,$6,$6,$27,$13,$84,86,$0.08,$0.07,$79,$0,$0,$280,$95,$0,$584,$2,$681,$961,$318,$0,$9,$56,$374,$1,$340,$0,$587,$961,$14,$38,$14,$52,$6,$0,$0,$2,$-11,$55,$-22,$0,$-171,$0,$0,$0,$0,$-193,$-0,$42,$42,$3,$3,$0,$-3,$42,$-97,$17,$0
5,2017-06-30,18.5,$6.82,2.71,$5.77,3.2,$1.28,14.45,$0.38,48.68,$0.27B,$0.33B,0.83,$0.00B,$0.57B,0.0,$0.50B,$0.42B,85.08%,$0.50B,$0.05B,10.08%,$0.50B,$0.05B,10.08%,$0.50B,$0.10B,19.35%,$0.50B,$0.04B,8.47%,$0.50B,$0.03B,6.25%,$0.03B,$0.57B,5.50%,$0.03B,$-0.01B,29.67%,$0.03B,$0.96B,3.45%,$0.05B,$0.57B,7.02%,$133,$14,$119,$0,$79,$119,$14,$-2,$12,$6,$7,$7,$7,$27,$14,$84,86,$0.08,$0.08,$51,$0,$0,$271,$96,$0,$586,$2,$685,$956,$327,$0,$11,$56,$383,$1,$334,$0,$573,$956,$8,$24,$11,$35,$-9,$0,$0,$1,$-22,$21,$-16,$0,$-171,$0,$0,$0,$0,$-187,$-0,$42,$42,$2,$2,$0,$-3,$41,$-125,$9,$0
6,2017-03-31,20.33,$6.69,3.04,$5.66,3.59,$1.72,11.83,$0.40,50.83,$0.36B,$0.07B,5.08,$0.20B,$0.56B,0.35,$0.49B,$0.40B,82.47%,$0.49B,$0.05B,10.72%,$0.49B,$0.05B,10.72%,$0.49B,$0.10B,20.00%,$0.49B,$0.04B,9.07%,$0.49B,$0.03B,7.01%,$0.03B,$0.56B,6.10%,$0.03B,$0.15B,23.78%,$0.03B,$0.87B,3.89%,$0.05B,$0.76B,6.89%,$114,$14,$100,$0,$73,$110,$4,$-2,$2,$0,$1,$1,$1,$15,$4,$84,86,$0.02,$0.02,$168,$0,$1,$356,$93,$0,$413,$3,$511,$867,$70,$198,$10,$236,$306,$1,$328,$0,$561,$867,$1,$11,$6,$17,$7,$0,$0,$-1,$-15,$3,$-8,$0,$0,$0,$0,$0,$0,$-8,$-0,$0,$-0,$0,$0,$0,$-3,$-3,$-8,$5,$0
7,2016-12-31,18.16,$6.66,2.73,$5.75,3.16,$1.76,10.29,$0.44,41.27,$0.37B,$0.09B,4.08,$0.20B,$0.56B,0.36,$0.49B,$0.39B,79.84%,$0.49B,$0.06B,11.81%,$0.49B,$0.06B,11.81%,$0.49B,$0.10B,21.18%,$0.49B,$0.05B,10.18%,$0.49B,$0.04B,7.74%,$0.04B,$0.56B,6.91%,$0.04B,$0.14B,27.89%,$0.04B,$0.88B,4.38%,$0.06B,$0.75B,7.75%,$126,$22,$104,$0,$70,$107,$19,$-2,$17,$7,$9,$9,$9,$30,$19,$84,87,$0.11,$0.09,$176,$0,$1,$368,$92,$0,$418,$3,$515,$883,$90,$198,$10,$236,$326,$1,$326,$0,$557,$883,$38,$47,$5,$52,$-4,$0,$0,$-2,$-1,$89,$-21,$0,$-21,$0,$2,$2,$0,$-39,$-0,$0,$-0,$-18,$-18,$0,$-1,$-19,$30,$13,$0
8,2016-09-30,22.17,$6.67,3.32,$5.76,3.85,$1.67,13.27,$0.41,54.07,$0.37B,$0.07B,4.94,$0.20B,$0.57B,0.35,$0.49B,$0.39B,78.54%,$0.49B,$0.05B,10.93%,$0.49B,$0.05B,10.93%,$0.49B,$0.10B,20.45%,$0.49B,$0.05B,9.31%,$0.49B,$0.04B,7.69%,$0.04B,$0.57B,7.01%,$0.04B,$0.14B,29.51%,$0.04B,$0.89B,4.42%,$0.05B,$0.76B,7.30%,$123,$24,$99,$0,$71,$110,$13,$-2,$11,$-3,$14,$14,$14,$24,$13,$84,85,$0.17,$0.17,$172,$0,$1,$366,$92,$0,$421,$3,$519,$885,$74,$198,$10,$246,$320,$1,$315,$0,$565,$885,$28,$36,$4,$39,$9,$0,$0,$-2,$-12,$56,$-14,$0,$-21,$0,$2,$2,$0,$-32,$-0,$0,$-0,$3,$3,$0,$-1,$2,$26,$11,$0
9,2016-06-30,17.61,$6.48,2.72,$5.66,3.11,$1.54,11.43,$0.33,53.36,$0.36B,$0.07B,4.98,$0.20B,$0.55B,0.36,$0.49B,$0.38B,77.91%,$0.49B,$0.05B,11.04%,$0.49B,$0.05B,11.04%,$0.49B,$0.10B,21.06%,$0.49B,$0.05B,9.41%,$0.49B,$0.03B,6.34%,$0.03B,$0.55B,5.79%,$0.03B,$0.14B,25.41%,$0.03B,$0.86B,3.63%,$0.05B,$0.75B,7.36%,$122,$24,$97,$0,$68,$105,$16,$-2,$14,$4,$10,$10,$10,$28,$16,$84,85,$0.12,$0.12,$188,$0,$0,$357,$88,$0,$406,$5,$502,$859,$72,$198,$3,$241,$312,$1,$302,$0,$547,$859,$14,$24,$6,$29,$17,$0,$0,$-0,$3,$47,$-5,$0,$0,$0,$0,$0,$0,$-5,$-0,$0,$-0,$1,$1,$0,$-1,$0,$42,$9,$0
10,2016-03-31,14.35,$6.32,2.27,$5.54,2.59,$1.20,12.0,$0.29,49.48,$0.33B,$0.07B,5.05,$0.20B,$0.53B,0.37,$0.48B,$0.37B,77.07%,$0.48B,$0.05B,10.33%,$0.48B,$0.05B,10.33%,$0.48B,$0.10B,20.66%,$0.48B,$0.04B,8.68%,$0.48B,$0.03B,5.37%,$0.03B,$0.53B,4.84%,$0.03B,$0.12B,21.99%,$0.03B,$0.84B,3.03%,$0.05B,$0.73B,6.81%,$120,$28,$92,$0,$69,$110,$10,$-2,$8,$3,$5,$5,$5,$22,$10,$84,84,$0.05,$0.05,$143,$0,$3,$330,$92,$0,$411,$4,$511,$841,$65,$198,$3,$244,$309,$1,$293,$0,$532,$841,$5,$12,$6,$18,$3,$0,$0,$-4,$-22,$1,$-2,$0,$0,$0,$0,$0,$0,$-2,$-0,$0,$-0,$0,$0,$0,$-1,$-1,$-2,$4,$0
11,2015-12-31,12.34,$6.25,1.98,$5.36,2.3,$1.17,10.53,$0.28,44.07,$0.33B,$0.09B,3.71,$0.20B,$0.53B,0.38,$0.47B,$0.37B,77.43%,$0.47B,$0.05B,10.13%,$0.47B,$0.05B,10.13%,$0.47B,$0.10B,21.10%,$0.47B,$0.04B,8.44%,$0.47B,$0.03B,5.27%,$0.03B,$0.53B,4.63%,$0.03B,$0.11B,21.51%,$0.03B,$0.85B,2.88%,$0.05B,$0.72B,6.51%,$129,$29,$100,$0,$69,$114,$15,$-2,$13,$4,$9,$9,$9,$27,$15,$88,88,$0.10,$0.10,$146,$0,$3,$329,$97,$0,$416,$4,$522,$851,$89,$198,$3,$237,$326,$1,$288,$0,$525,$851,$25,$53,$0,$53,$-12,$0,$0,$-4,$-5,$72,$-12,$0,$0,$0,$0,$0,$0,$-12,$-1,$0,$-1,$-46,$-46,$0,$-1,$-48,$12,$14,$0
12,2015-09-30,8.77,$6.25,1.4,$5.18,1.69,$1.33,6.59,$0.15,58.47,$0.34B,$0.08B,4.09,$0.20B,$0.54B,0.37,$0.46B,$0.36B,77.68%,$0.46B,$0.03B,7.22%,$0.46B,$0.03B,7.22%,$0.46B,$0.09B,19.04%,$0.46B,$0.03B,5.47%,$0.46B,$0.01B,3.06%,$0.01B,$0.54B,2.58%,$0.01B,$0.12B,12.36%,$0.01B,$0.87B,1.60%,$0.03B,$0.74B,4.46%,$118,$27,$92,$0,$65,$105,$13,$-2,$11,$4,$7,$7,$7,$26,$13,$87,88,$0.08,$0.08,$145,$0,$2,$338,$99,$0,$421,$5,$530,$868,$83,$198,$2,$248,$330,$1,$280,$0,$538,$868,$16,$40,$-0,$40,$-17,$0,$0,$-1,$-15,$40,$-8,$0,$0,$0,$0,$0,$0,$-8,$-1,$0,$-1,$-21,$-21,$0,$1,$-21,$12,$10,$0
13,2015-06-30,17.17,$6.24,2.75,$5.12,3.35,$1.65,10.43,$0.15,114.47,$0.34B,$0.07B,4.53,$0.20B,$0.55B,0.36,$0.45B,$0.35B,77.92%,$0.45B,$0.03B,7.51%,$0.45B,$0.03B,7.51%,$0.45B,$0.09B,19.65%,$0.45B,$0.03B,5.74%,$0.45B,$0.01B,3.09%,$0.01B,$0.55B,2.59%,$0.01B,$0.13B,13.18%,$0.01B,$0.88B,1.60%,$0.03B,$0.75B,4.61%,$117,$28,$89,$0,$63,$105,$12,$-2,$10,$4,$5,$5,$5,$25,$12,$89,89,$0.06,$0.06,$150,$0,$3,$336,$105,$0,$426,$5,$542,$878,$74,$198,$3,$251,$325,$1,$273,$0,$552,$878,$9,$27,$2,$29,$-10,$0,$0,$-3,$-18,$20,$-6,$0,$0,$0,$0,$0,$0,$-6,$-1,$0,$-1,$3,$3,$0,$1,$4,$17,$7,$0
14,2015-03-31,15.45,$6.14,2.52,$5.08,3.04,$1.90,8.14,$0.16,96.56,$0.33B,$0.08B,4.1,$0.20B,$0.54B,0.36,$0.45B,$0.35B,78.40%,$0.45B,$0.04B,7.80%,$0.45B,$0.04B,7.80%,$0.45B,$0.09B,20.04%,$0.45B,$0.03B,6.01%,$0.45B,$0.02B,3.34%,$0.02B,$0.54B,2.82%,$0.02B,$0.11B,16.09%,$0.02B,$0.88B,1.72%,$0.04B,$0.74B,4.80%,$110,$25,$86,$0,$64,$102,$8,$-2,$6,$3,$4,$4,$4,$22,$8,$88,89,$0.04,$0.04,$134,$0,$3,$325,$110,$0,$431,$4,$552,$877,$79,$198,$3,$254,$334,$1,$267,$0,$544,$877,$4,$14,$2,$15,$-9,$0,$0,$-1,$-19,$-0,$-3,$0,$0,$0,$0,$0,$0,$-3,$-0,$0,$-0,$3,$3,$0,$1,$4,$0,$3,$0
15,2014-12-31,21.14,$6.06,3.49,$5.03,4.2,$2.12,9.95,$0.16,132.13,$0.32B,$0.09B,3.48,$0.20B,$0.53B,0.37,$0.44B,$0.35B,78.83%,$0.44B,$0.04B,7.88%,$0.44B,$0.04B,7.88%,$0.44B,$0.09B,20.05%,$0.44B,$0.03B,6.08%,$0.44B,$0.01B,3.15%,$0.01B,$0.53B,2.67%,$0.01B,$0.10B,17.55%,$0.01B,$0.88B,1.63%,$0.04B,$0.73B,4.85%,$112,$24,$88,$0,$75,$112,$-0,$-2,$-2,$0,$-2,$-2,$-2,$14,$-0,$88,88,$-0.03,$-0.03,$133,$0,$3,$318,$116,$0,$436,$4,$563,$881,$91,$198,$3,$257,$348,$1,$264,$0,$533,$881,$14,$56,$1,$56,$15,$0,$0,$-6,$30,$101,$-26,$0,$0,$0,$0,$0,$0,$-26,$-2,$-35,$-37,$4,$4,$0,$-2,$-35,$40,$13,$0
16,2014-09-30,18.85,$6.04,3.12,$5.13,3.67,$2.13,8.83,$0.32,58.91,$0.30B,$0.09B,3.37,$0.20B,$0.53B,0.37,$0.45B,$0.36B,79.52%,$0.45B,$0.06B,12.11%,$0.45B,$0.06B,12.11%,$0.45B,$0.11B,24.01%,$0.45B,$0.05B,10.35%,$0.45B,$0.03B,5.95%,$0.03B,$0.53B,5.23%,$0.03B,$0.09B,40.30%,$0.03B,$0.87B,3.14%,$0.06B,$0.73B,7.61%,$114,$24,$90,$0,$62,$100,$14,$-2,$12,$5,$7,$7,$7,$28,$14,$88,88,$0.08,$0.08,$120,$0,$3,$302,$117,$0,$441,$4,$570,$872,$90,$198,$3,$252,$342,$1,$266,$0,$531,$872,$16,$42,$-7,$34,$-14,$0,$0,$17,$29,$80,$-19,$0,$0,$0,$0,$0,$0,$-19,$-1,$-35,$-36,$0,$0,$0,$3,$-34,$27,$9,$0
17,2014-06-30,20.41,$5.93,3.44,$5.28,3.87,$2.05,9.94,$0.37,55.16,$0.27B,$0.08B,3.57,$0.20B,$0.52B,0.38,$0.47B,$0.37B,79.91%,$0.47B,$0.06B,13.25%,$0.47B,$0.06B,13.25%,$0.47B,$0.12B,24.79%,$0.47B,$0.05B,11.54%,$0.47B,$0.03B,6.84%,$0.03B,$0.52B,6.26%,$0.03B,$0.07B,55.90%,$0.03B,$0.85B,3.68%,$0.06B,$0.72B,8.43%,$113,$25,$88,$0,$62,$100,$13,$-2,$11,$5,$6,$6,$6,$26,$13,$88,88,$0.07,$0.07,$96,$0,$0,$272,$118,$0,$446,$5,$577,$849,$76,$198,$3,$253,$329,$1,$259,$0,$521,$849,$9,$28,$-5,$23,$-5,$0,$0,$15,$16,$48,$-12,$0,$0,$0,$0,$0,$0,$-12,$-1,$-35,$-36,$3,$3,$0,$-1,$-33,$3,$6,$0
18,2014-03-31,19.05,$5.83,3.27,$5.41,3.52,$1.88,10.11,$0.42,45.36,$0.26B,$0.08B,3.43,$0.20B,$0.51B,0.39,$0.48B,$0.39B,80.25%,$0.48B,$0.07B,14.35%,$0.48B,$0.07B,14.35%,$0.48B,$0.13B,26.20%,$0.48B,$0.06B,12.47%,$0.48B,$0.04B,7.48%,$0.04B,$0.51B,7.13%,$0.04B,$0.06B,78.69%,$0.04B,$0.84B,4.05%,$0.07B,$0.71B,9.14%,$105,$21,$84,$0,$63,$97,$8,$-2,$6,$2,$3,$3,$3,$21,$8,$87,88,$0.04,$0.04,$76,$0,$1,$256,$119,$0,$452,$5,$583,$839,$75,$198,$4,$254,$328,$1,$253,$0,$511,$839,$3,$14,$-3,$11,$-0,$0,$0,$8,$7,$21,$-5,$0,$0,$0,$0,$0,$0,$-5,$-0,$-35,$-35,$3,$3,$0,$-1,$-34,$-17,$3,$0
19,2013-12-31,22.7,$5.76,3.94,$5.54,4.1,$1.77,12.86,$0.46,49.35,$0.29B,$0.09B,3.31,$0.23B,$0.50B,0.46,$0.49B,$0.39B,79.51%,$0.49B,$0.08B,15.42%,$0.49B,$0.08B,15.42%,$0.49B,$0.13B,27.18%,$0.49B,$0.07B,13.39%,$0.49B,$0.04B,8.11%,$0.04B,$0.50B,8.04%,$0.04B,$0.05B,124.03%,$0.04B,$0.88B,4.39%,$0.08B,$0.74B,9.87%,$122,$23,$99,$0,$65,$101,$20,$-2,$18,$7,$11,$11,$11,$34,$20,$88,88,$0.13,$0.12,$93,$0,$0,$285,$123,$0,$457,$4,$593,$879,$86,$233,$4,$290,$376,$1,$250,$0,$502,$879,$40,$58,$3,$61,$-15,$0,$0,$16,$0,$101,$-26,$0,$0,$0,$-1,$-1,$0,$-26,$-10,$-94,$-104,$-16,$-16,$0,$3,$-117,$-42,$12,$0
20,2013-09-30,21.49,$5.82,3.69,$5.66,3.79,$1.54,13.95,$0.56,38.38,$0.31B,$0.08B,4.14,$0.27B,$0.51B,0.52,$0.50B,$0.40B,78.97%,$0.50B,$0.09B,18.45%,$0.50B,$0.09B,18.45%,$0.50B,$0.15B,29.96%,$0.50B,$0.08B,16.07%,$0.50B,$0.05B,9.72%,$0.05B,$0.51B,10.05%,$0.05B,$0.05B,301.54%,$0.05B,$0.92B,5.30%,$0.09B,$0.78B,11.98%,$128,$25,$103,$0,$68,$106,$21,$-2,$19,$7,$12,$12,$12,$35,$21,$88,89,$0.13,$0.13,$131,$0,$0,$313,$126,$0,$462,$4,$602,$915,$76,$268,$5,$328,$404,$1,$239,$0,$512,$915,$29,$44,$6,$50,$-23,$0,$0,$13,$-4,$75,$-21,$0,$0,$-21,$-1,$-22,$0,$-43,$-10,$-59,$-69,$7,$7,$0,$4,$-58,$-26,$9,$0
21,2013-06-30,23.3,$5.65,4.13,$5.51,4.23,$1.32,17.71,$0.55,42.36,$0.32B,$0.06B,5.0,$0.30B,$0.50B,0.61,$0.49B,$0.38B,77.91%,$0.49B,$0.09B,19.02%,$0.49B,$0.09B,19.02%,$0.49B,$0.15B,30.88%,$0.49B,$0.08B,16.16%,$0.49B,$0.05B,9.82%,$0.05B,$0.50B,10.21%,$0.05B,$0.03B,-960.00%,$0.05B,$0.93B,5.24%,$0.09B,$0.80B,12.09%,$126,$26,$100,$0,$63,$105,$20,$-3,$17,$7,$10,$10,$10,$36,$20,$88,89,$0.12,$0.12,$131,$0,$0,$315,$128,$0,$468,$4,$610,$925,$63,$303,$5,$367,$430,$1,$227,$0,$495,$925,$17,$30,$6,$36,$-17,$0,$0,$9,$-18,$36,$-15,$0,$0,$0,$-1,$-1,$0,$-15,$-10,$-21,$-31,$6,$6,$0,$-0,$-24,$-4,$6,$0
22,2013-03-31,27.15,$5.48,4.95,$5.45,4.98,$1.30,20.85,$0.58,46.81,$0.31B,$0.10B,3.32,$0.29B,$0.48B,0.6,$0.48B,$0.38B,77.85%,$0.48B,$0.10B,20.50%,$0.48B,$0.10B,20.50%,$0.48B,$0.15B,31.88%,$0.48B,$0.08B,17.39%,$0.48B,$0.05B,10.56%,$0.05B,$0.48B,11.29%,$0.05B,$0.01B,-183.78%,$0.05B,$0.93B,5.65%,$0.10B,$0.77B,13.14%,$117,$27,$90,$0,$60,$101,$15,$-4,$12,$5,$7,$7,$7,$29,$15,$87,89,$0.08,$0.08,$139,$0,$1,$314,$130,$0,$475,$4,$614,$928,$95,$289,$4,$354,$448,$1,$217,$0,$480,$928,$7,$14,$3,$17,$-2,$0,$0,$3,$-8,$16,$-10,$0,$0,$0,$0,$0,$0,$-10,$-9,$0,$-9,$5,$5,$0,$2,$-2,$4,$3,$0
23,2012-12-31,25.92,$5.32,4.87,$5.35,4.84,$1.31,19.83,$0.58,44.69,$0.31B,$0.10B,2.97,$0.30B,$0.46B,0.64,$0.47B,$0.37B,78.01%,$0.47B,$0.10B,21.14%,$0.47B,$0.10B,21.14%,$0.47B,$0.15B,32.56%,$0.47B,$0.08B,17.76%,$0.47B,$0.05B,10.78%,$0.05B,$0.46B,11.73%,$0.05B,$-0.02B,-105.15%,$0.05B,$0.93B,5.75%,$0.10B,$0.76B,13.42%,$133,$28,$105,$0,$53,$96,$37,$-4,$33,$13,$20,$20,$20,$51,$37,$86,88,$0.24,$0.22,$135,$0,$0,$310,$129,$0,$481,$4,$620,$930,$104,$298,$4,$363,$467,$1,$210,$0,$463,$930,$51,$55,$-8,$47,$-40,$0,$0,$13,$-14,$83,$-27,$0,$-12,$5,$-3,$2,$0,$-38,$-18,$0,$-18,$1,$1,$0,$10,$-7,$38,$9,$0
24,2012-09-30,33.39,$5.11,6.53,$4.99,6.7,$1.09,30.5,$0.48,69.56,$0.27B,$0.06B,4.34,$0.31B,$0.44B,0.69,$0.44B,$0.34B,77.50%,$0.44B,$0.08B,18.86%,$0.44B,$0.08B,18.86%,$0.44B,$0.13B,29.77%,$0.44B,$0.07B,16.14%,$0.44B,$0.04B,9.55%,$0.04B,$0.44B,10.08%,$0.04B,$-0.04B,-60.22%,$0.04B,$0.88B,4.82%,$0.08B,$0.75B,11.27%,$113,$27,$86,$0,$54,$93,$21,$-4,$17,$6,$11,$11,$11,$35,$21,$86,89,$0.12,$0.12,$128,$0,$0,$271,$124,$0,$478,$4,$613,$883,$62,$306,$3,$378,$440,$1,$190,$0,$443,$883,$31,$41,$-8,$33,$-16,$0,$0,$6,$-10,$54,$-20,$0,$-2,$5,$-3,$2,$0,$-20,$-14,$0,$-14,$0,$0,$0,$10,$-3,$31,$10,$0
25,2012-06-30,33.31,$4.89,6.82,$4.77,6.98,$1.11,29.97,$0.53,62.85,$0.25B,$0.06B,4.22,$0.32B,$0.42B,0.75,$0.42B,$0.33B,78.28%,$0.42B,$0.09B,20.53%,$0.42B,$0.09B,20.53%,$0.42B,$0.13B,29.83%,$0.42B,$0.08B,18.62%,$0.42B,$0.05B,10.74%,$0.05B,$0.42B,11.32%,$0.05B,$-0.06B,-18000.00%,$0.05B,$0.87B,5.98%,$0.09B,$0.74B,13.43%,$120,$25,$95,$0,$55,$94,$26,$-4,$22,$9,$13,$13,$13,$39,$26,$86,88,$0.15,$0.15,$105,$0,$5,$245,$129,$0,$484,$4,$624,$869,$58,$315,$3,$390,$448,$1,$180,$0,$421,$869,$20,$27,$-1,$26,$-8,$0,$0,$1,$-9,$37,$-17,$0,$-2,$0,$-3,$-3,$0,$-21,$-9,$0,$-9,$-3,$-3,$0,$5,$-7,$8,$7,$0
26,2012-03-31,31.21,$4.77,6.54,$4.44,7.02,$1.05,29.72,$0.43,73.14,$0.24B,$0.05B,4.53,$0.32B,$0.41B,0.79,$0.39B,$0.30B,77.84%,$0.39B,$0.08B,20.62%,$0.39B,$0.08B,20.62%,$0.39B,$0.11B,28.61%,$0.39B,$0.08B,19.85%,$0.39B,$0.04B,11.34%,$0.04B,$0.41B,11.60%,$0.04B,$-0.08B,61.75%,$0.04B,$0.87B,6.96%,$0.08B,$0.74B,14.72%,$107,$24,$83,$0,$54,$91,$16,$-4,$12,$5,$7,$7,$7,$29,$16,$86,89,$0.08,$0.08,$107,$0,$5,$240,$127,$0,$490,$1,$626,$865,$53,$324,$2,$400,$453,$1,$167,$0,$412,$865,$7,$13,$-2,$12,$6,$0,$0,$-3,$-3,$15,$-9,$0,$-2,$0,$0,$0,$0,$-11,$-5,$0,$-5,$6,$6,$0,$4,$5,$10,$4,$0
27,2011-12-31,31.98,$4.57,7.0,$4.18,7.65,$1.12,28.52,$0.46,69.52,$0.24B,$0.07B,3.51,$0.33B,$0.39B,0.85,$0.36B,$0.28B,77.96%,$0.36B,$0.08B,22.04%,$0.36B,$0.08B,22.04%,$0.36B,$0.10B,28.37%,$0.36B,$0.08B,22.31%,$0.36B,$0.05B,12.95%,$0.05B,$0.39B,13.12%,$0.05B,$-0.10B,33.27%,$0.05B,$0.87B,9.27%,$0.08B,$0.72B,18.12%,$100,$22,$77,$0,$49,$79,$20,$-1,$20,$8,$11,$11,$11,$28,$20,$85,87,$0.12,$0.13,$97,$0,$6,$238,$127,$0,$495,$1,$632,$869,$68,$333,$2,$410,$478,$1,$159,$0,$391,$869,$48,$22,$-2,$21,$-32,$0,$0,$6,$-12,$57,$-20,$0,$-351,$-5,$0,$-5,$0,$-376,$298,$0,$298,$13,$13,$0,$11,$321,$2,$8,$0
28,2011-09-30,24.39,$4.31,5.66,$4.06,6.0,$1.11,22.01,$0.47,51.53,$0.24B,$0.03B,7.45,$0.00B,$0.37B,0.0,$0.35B,$0.27B,78.29%,$0.35B,$0.08B,23.14%,$0.35B,$0.08B,23.14%,$0.35B,$0.10B,28.57%,$0.35B,$0.08B,23.43%,$0.35B,$0.05B,13.71%,$0.05B,$0.37B,14.22%,$0.05B,$0.24B,22.64%,$0.05B,$0.41B,12.71%,$0.08B,$0.37B,24.00%,$92,$20,$73,$0,$42,$68,$24,$0,$24,$10,$14,$14,$14,$29,$24,$84,87,$0.17,$0.17,$140,$0,$5,$236,$47,$0,$123,$1,$173,$409,$32,$0,$2,$11,$43,$1,$148,$0,$366,$409,$37,$15,$-1,$14,$-10,$0,$0,$-1,$-2,$49,$-15,$0,$-0,$-5,$0,$-5,$0,$-20,$0,$0,$0,$9,$9,$0,$7,$16,$46,$6,$0
29,2011-06-30,25.62,$1.37,18.73,$3.94,6.51,$0.87,29.61,$0.43,59.14,$0.21B,$0.03B,7.54,$0.00B,$0.35B,0.0,$0.34B,$0.26B,77.81%,$0.34B,$0.08B,22.19%,$0.34B,$0.08B,22.19%,$0.34B,$0.09B,27.51%,$0.34B,$0.08B,22.49%,$0.34B,$0.05B,13.31%,$0.05B,$0.35B,14.18%,$0.05B,$0.22B,24.00%,$0.05B,$0.39B,12.54%,$0.08B,$0.35B,23.64%,$89,$20,$69,$0,$42,$69,$20,$0,$21,$8,$12,$12,$12,$25,$20,$84,87,$0.15,$0.14,$118,$0,$0,$209,$46,$0,$124,$6,$176,$386,$28,$0,$2,$10,$38,$1,$134,$0,$348,$386,$22,$10,$-2,$8,$-6,$0,$0,$-1,$-6,$24,$-10,$0,$-0,$-5,$0,$-5,$0,$-15,$0,$0,$0,$8,$8,$0,$6,$14,$23,$4,$0
30,2011-03-31,27.28,$3.89,7.02,$3.18,8.57,$0.73,37.6,$0.49,55.31,$0.19B,$0.02B,8.39,$0.00B,$0.33B,0.0,$0.32B,$0.25B,77.81%,$0.32B,$0.07B,21.88%,$0.32B,$0.07B,21.88%,$0.32B,$0.09B,27.19%,$0.32B,$0.07B,21.88%,$0.32B,$0.04B,13.13%,$0.04B,$0.33B,14.14%,$0.04B,$0.20B,25.30%,$0.04B,$0.36B,12.39%,$0.07B,$0.33B,23.57%,$82,$18,$64,$0,$42,$66,$16,$0,$16,$7,$10,$10,$10,$21,$16,$84,87,$0.12,$0.11,$116,$0,$0,$192,$44,$0,$126,$2,$172,$363,$23,$0,$5,$12,$35,$0,$122,$0,$328,$363,$10,$5,$-1,$4,$8,$0,$0,$-1,$4,$18,$-5,$0,$0,$0,$0,$0,$0,$-5,$0,$0,$0,$6,$6,$0,$2,$9,$21,$2,$0
31,2010-12-31,21.59,$3.69,5.85,$3.00,7.19,$0.68,31.99,$0.47,45.94,$0.18B,$0.03B,5.54,$0.00B,$0.31B,0.0,$0.30B,$0.24B,77.56%,$0.30B,$0.07B,22.11%,$0.30B,$0.07B,22.11%,$0.30B,$0.08B,27.06%,$0.30B,$0.07B,22.11%,$0.30B,$0.04B,13.20%,$0.04B,$0.31B,14.41%,$0.04B,$0.18B,26.40%,$0.04B,$0.35B,12.64%,$0.07B,$0.31B,24.14%,$87,$19,$68,$0,$41,$67,$21,$-0,$21,$8,$12,$12,$12,$25,$21,$82,85,$0.23,$0.21,$95,$0,$0,$180,$45,$0,$127,$1,$173,$353,$33,$0,$5,$13,$45,$1,$112,$0,$308,$353,$40,$16,$-2,$14,$-10,$0,$0,$0,$8,$62,$-28,$0,$-26,$0,$0,$0,$0,$-54,$0,$0,$0,$9,$9,$0,$13,$22,$30,$8,$0
32,2010-09-30,19.65,$3.46,5.68,$2.78,7.06,$0.54,36.39,$0.44,44.99,$0.15B,$0.03B,4.92,$0.00B,$0.29B,0.0,$0.28B,$0.22B,77.66%,$0.28B,$0.06B,21.99%,$0.28B,$0.06B,21.99%,$0.28B,$0.08B,27.30%,$0.28B,$0.06B,21.99%,$0.28B,$0.04B,13.12%,$0.04B,$0.29B,14.23%,$0.04B,$0.15B,26.62%,$0.04B,$0.33B,12.50%,$0.06B,$0.29B,23.85%,$80,$18,$62,$0,$38,$62,$18,$-0,$18,$7,$11,$11,$11,$22,$18,$82,85,$0.13,$0.13,$66,$0,$0,$153,$39,$0,$140,$0,$180,$333,$31,$0,$11,$16,$47,$0,$99,$0,$285,$333,$28,$11,$6,$18,$-10,$0,$0,$1,$-11,$35,$-22,$0,$-26,$0,$0,$0,$0,$-48,$0,$0,$0,$5,$5,$0,$8,$14,$1,$5,$0
33,2010-06-30,18.07,$3.27,5.53,$2.56,7.07,$0.59,30.65,$0.41,44.44,$0.14B,$0.03B,5.51,$0.00B,$0.27B,0.0,$0.26B,$0.20B,77.78%,$0.26B,$0.06B,22.22%,$0.26B,$0.06B,22.22%,$0.26B,$0.07B,27.97%,$0.26B,$0.06B,22.22%,$0.26B,$0.03B,13.03%,$0.03B,$0.27B,13.99%,$0.03B,$0.14B,25.90%,$0.03B,$0.31B,12.26%,$0.06B,$0.27B,23.72%,$71,$15,$55,$0,$35,$56,$15,$0,$15,$6,$9,$9,$9,$19,$15,$244,255,$0.04,$0.04,$67,$0,$0,$142,$34,$0,$130,$0,$165,$307,$26,$0,$11,$14,$39,$0,$88,$0,$267,$307,$17,$7,$3,$10,$1,$0,$0,$0,$-4,$22,$-16,$0,$-13,$0,$0,$0,$0,$-29,$0,$0,$0,$4,$4,$0,$5,$9,$2,$3,$0
34,2010-03-31,17.0,$3.09,5.5,$2.93,5.79,$0.57,29.97,$0.38,44.73,$0.14B,$0.02B,8.16,$0.00B,$0.25B,0.0,$0.24B,$0.19B,77.05%,$0.24B,$0.05B,22.13%,$0.24B,$0.05B,22.13%,$0.24B,$0.07B,28.28%,$0.24B,$0.05B,22.13%,$0.24B,$0.03B,13.11%,$0.03B,$0.25B,14.07%,$0.03B,$0.14B,26.02%,$0.03B,$0.27B,12.27%,$0.05B,$0.25B,23.40%,$65,$15,$50,$0,$33,$52,$13,$-0,$13,$5,$8,$8,$8,$16,$13,$81,85,$0.09,$0.09,$75,$0,$1,$144,$21,$0,$107,$1,$129,$273,$18,$0,$2,$6,$23,$0,$79,$0,$250,$273,$8,$4,$1,$5,$2,$0,$0,$5,$-1,$12,$-4,$0,$0,$0,$0,$0,$0,$-4,$0,$0,$0,$1,$1,$0,$1,$3,$11,$2,$0
35,2009-12-31,16.23,$2.96,5.49,$2.78,5.84,$0.48,33.62,$0.36,45.08,$0.14B,$0.03B,5.31,$0.00B,$0.24B,0.0,$0.23B,$0.18B,76.86%,$0.23B,$0.05B,22.27%,$0.23B,$0.05B,22.27%,$0.23B,$0.07B,28.82%,$0.23B,$0.05B,22.27%,$0.23B,$0.03B,13.10%,$0.03B,$0.24B,14.10%,$0.03B,$0.13B,27.40%,$0.03B,$0.27B,12.05%,$0.05B,$0.24B,23.37%,$66,$14,$52,$0,$31,$50,$16,$-0,$16,$7,$9,$9,$9,$20,$16,$78,83,$0.11,$0.11,$65,$0,$0,$140,$21,$0,$108,$1,$130,$271,$26,$0,$2,$6,$32,$0,$72,$0,$238,$271,$30,$14,$-4,$10,$-17,$0,$0,$-2,$-7,$33,$-11,$0,$-13,$0,$0,$0,$0,$-23,$-17,$0,$-17,$10,$10,$0,$13,$6,$16,$6,$0
36,2009-09-30,12.74,$2.75,4.64,$2.63,4.85,$0.51,24.86,$0.34,37.85,$0.14B,$0.03B,4.53,$0.01B,$0.22B,0.03,$0.22B,$0.16B,75.35%,$0.22B,$0.05B,21.40%,$0.22B,$0.05B,21.40%,$0.22B,$0.06B,28.37%,$0.22B,$0.05B,21.40%,$0.22B,$0.03B,13.02%,$0.03B,$0.22B,14.16%,$0.03B,$0.11B,29.17%,$0.03B,$0.26B,11.81%,$0.05B,$0.22B,22.33%,$59,$13,$46,$0,$27,$45,$14,$-0,$14,$6,$8,$8,$8,$18,$14,$79,83,$0.11,$0.10,$70,$0,$1,$135,$18,$0,$103,$1,$123,$258,$30,$6,$1,$11,$40,$0,$62,$0,$217,$258,$21,$10,$6,$16,$-10,$0,$0,$-3,$-12,$25,$-8,$0,$-5,$0,$0,$0,$0,$-13,$-5,$0,$-5,$6,$6,$0,$8,$9,$20,$4,$0
37,2009-06-30,13.57,$2.60,5.21,$2.53,5.37,$0.39,34.63,$0.31,43.31,$0.12B,$0.03B,4.87,$0.01B,$0.21B,0.04,$0.21B,$0.15B,74.15%,$0.21B,$0.04B,20.98%,$0.21B,$0.04B,20.98%,$0.21B,$0.06B,27.80%,$0.21B,$0.04B,20.98%,$0.21B,$0.03B,12.68%,$0.03B,$0.21B,14.09%,$0.03B,$0.10B,31.42%,$0.03B,$0.24B,11.59%,$0.04B,$0.21B,22.11%,$54,$13,$40,$0,$25,$42,$11,$-0,$11,$5,$7,$7,$7,$15,$11,$78,82,$0.09,$0.08,$57,$0,$1,$121,$18,$0,$100,$1,$120,$241,$25,$8,$1,$11,$36,$0,$54,$-0,$205,$241,$12,$7,$3,$10,$-10,$0,$0,$-4,$-17,$5,$-5,$0,$0,$0,$0,$0,$0,$-5,$-3,$0,$-3,$4,$4,$0,$6,$8,$8,$3,$0
38,2009-03-31,10.97,$2.46,4.46,$2.42,4.52,$0.39,27.88,$0.30,36.96,$0.11B,$0.02B,4.77,$0.01B,$0.19B,0.05,$0.20B,$0.15B,74.36%,$0.20B,$0.04B,21.03%,$0.20B,$0.04B,21.03%,$0.20B,$0.05B,27.69%,$0.20B,$0.04B,21.03%,$0.20B,$0.02B,12.31%,$0.02B,$0.19B,13.99%,$0.02B,$0.09B,34.41%,$0.02B,$0.23B,11.29%,$0.04B,$0.20B,22.37%,$50,$12,$38,$0,$24,$40,$10,$-0,$10,$4,$6,$6,$6,$13,$10,$77,82,$0.07,$0.07,$53,$0,$2,$105,$18,$0,$101,$1,$121,$226,$22,$9,$1,$13,$35,$0,$47,$-0,$191,$226,$6,$3,$2,$5,$-1,$0,$0,$1,$-6,$4,$-3,$0,$0,$0,$0,$0,$0,$-3,$-2,$0,$-2,$2,$2,$0,$3,$3,$4,$1,$0
39,2008-12-31,10.51,$2.33,4.51,$2.30,4.58,$0.31,33.63,$0.27,39.4,$0.10B,$0.03B,3.43,$0.01B,$0.18B,0.06,$0.18B,$0.14B,73.37%,$0.18B,$0.04B,20.11%,$0.18B,$0.04B,20.11%,$0.18B,$0.05B,27.17%,$0.18B,$0.04B,19.57%,$0.18B,$0.02B,11.41%,$0.02B,$0.18B,13.15%,$0.02B,$0.08B,36.21%,$0.02B,$0.22B,10.40%,$0.04B,$0.19B,21.36%,$52,$14,$38,$0,$22,$41,$11,$-0,$11,$4,$7,$7,$7,$15,$11,$75,80,$0.09,$0.09,$49,$0,$2,$100,$18,$0,$102,$1,$123,$223,$29,$11,$1,$15,$44,$0,$42,$-0,$178,$223,$21,$12,$4,$16,$-5,$0,$0,$-1,$-6,$31,$-7,$0,$-4,$0,$0,$0,$0,$-11,$-6,$0,$-6,$4,$4,$0,$11,$8,$28,$3,$0
40,2008-09-30,7.99,$2.18,3.67,$2.17,3.67,$0.24,33.93,$0.23,34.72,$0.08B,$0.03B,3.24,$0.01B,$0.16B,0.08,$0.17B,$0.13B,73.56%,$0.17B,$0.03B,19.54%,$0.17B,$0.03B,19.54%,$0.17B,$0.05B,25.86%,$0.17B,$0.03B,18.39%,$0.17B,$0.02B,10.34%,$0.02B,$0.16B,12.00%,$0.02B,$0.06B,37.50%,$0.02B,$0.21B,9.31%,$0.03B,$0.18B,20.61%,$49,$13,$36,$0,$22,$38,$11,$-0,$11,$4,$6,$6,$6,$14,$11,$75,80,$0.08,$0.08,$32,$0,$1,$83,$16,$0,$103,$1,$124,$207,$26,$13,$1,$17,$42,$0,$35,$-0,$164,$207,$14,$9,$2,$11,$-7,$0,$0,$-1,$-13,$12,$-6,$0,$-4,$0,$0,$0,$0,$-10,$-5,$0,$-5,$2,$2,$0,$11,$8,$10,$2,$0
41,2008-06-30,7.16,$2.03,3.52,$2.04,3.5,$0.24,30.43,$0.21,34.64,$0.07B,$0.02B,3.17,$0.01B,$0.15B,0.09,$0.16B,$0.12B,73.01%,$0.16B,$0.03B,19.02%,$0.16B,$0.03B,19.02%,$0.16B,$0.04B,25.15%,$0.16B,$0.03B,17.18%,$0.16B,$0.02B,9.82%,$0.02B,$0.15B,11.35%,$0.02B,$0.05B,41.03%,$0.02B,$0.19B,8.67%,$0.03B,$0.17B,19.68%,$44,$11,$33,$0,$20,$35,$9,$-0,$9,$4,$5,$5,$5,$12,$9,$75,80,$0.07,$0.06,$25,$0,$1,$73,$17,$0,$101,$1,$121,$194,$23,$14,$1,$18,$41,$0,$28,$-0,$153,$194,$8,$6,$2,$8,$-5,$0,$0,$0,$-12,$4,$-4,$0,$0,$0,$0,$0,$0,$-4,$-3,$0,$-3,$1,$1,$0,$6,$3,$4,$2,$0
42,2008-03-31,9.52,$1.93,4.93,$1.94,4.91,$0.36,26.76,$0.19,49.23,$0.06B,$0.02B,3.1,$0.02B,$0.14B,0.11,$0.15B,$0.11B,72.08%,$0.15B,$0.03B,18.83%,$0.15B,$0.03B,18.83%,$0.15B,$0.04B,25.32%,$0.15B,$0.03B,16.88%,$0.15B,$0.02B,9.74%,$0.02B,$0.14B,11.34%,$0.02B,$0.04B,50.85%,$0.02B,$0.18B,8.31%,$0.03B,$0.16B,19.27%,$39,$11,$28,$0,$19,$33,$6,$-0,$5,$2,$3,$3,$3,$9,$6,$74,81,$0.04,$0.04,$17,$0,$1,$62,$17,$0,$102,$1,$122,$184,$20,$16,$1,$20,$40,$0,$23,$-0,$144,$184,$3,$3,$1,$4,$-2,$0,$0,$1,$-10,$-4,$-2,$0,$0,$0,$0,$0,$0,$-2,$-2,$0,$-2,$1,$1,$0,$2,$1,$-5,$1,$0
43,2007-12-31,11.07,$1.87,5.92,$1.87,5.92,$0.41,27.21,$0.19,58.26,$0.07B,$0.03B,2.33,$0.02B,$0.14B,0.13,$0.15B,$0.11B,72.11%,$0.15B,$0.03B,19.73%,$0.15B,$0.03B,19.73%,$0.15B,$0.04B,25.85%,$0.15B,$0.03B,17.69%,$0.15B,$0.02B,10.20%,$0.02B,$0.14B,12.10%,$0.02B,$0.04B,62.50%,$0.02B,$0.19B,8.68%,$0.03B,$0.16B,20.17%,$42,$11,$31,$0,$26,$34,$8,$-0,$7,$3,$4,$4,$4,$10,$8,$72,79,$0.06,$0.05,$21,$0,$1,$65,$16,$0,$103,$1,$123,$188,$28,$17,$1,$22,$49,$0,$20,$-0,$139,$188,$15,$11,$6,$17,$-8,$0,$0,$-1,$-5,$27,$-9,$0,$-16,$0,$0,$0,$0,$-25,$-8,$0,$-8,$7,$7,$0,$8,$7,$9,$2,$0
44,2007-09-30,8.2,$1.76,4.66,$1.81,4.53,$0.37,22.27,$0.16,50.23,$0.05B,$0.02B,2.27,$0.02B,$0.13B,0.15,$0.14B,$0.10B,71.94%,$0.14B,$0.03B,17.99%,$0.14B,$0.03B,17.99%,$0.14B,$0.04B,26.62%,$0.14B,$0.02B,15.83%,$0.14B,$0.01B,9.35%,$0.01B,$0.13B,11.21%,$0.01B,$0.03B,69.33%,$0.01B,$0.17B,7.88%,$0.03B,$0.15B,18.18%,$38,$11,$27,$0,$14,$30,$8,$-0,$7,$3,$4,$4,$4,$10,$8,$72,79,$0.06,$0.05,$7,$0,$0,$50,$15,$0,$103,$1,$122,$172,$22,$19,$3,$22,$44,$0,$16,$-0,$128,$172,$11,$8,$4,$12,$-9,$0,$0,$-0,$-9,$14,$-7,$0,$-15,$0,$0,$0,$0,$-22,$-6,$0,$-6,$4,$4,$0,$5,$3,$-6,$1,$0
45,2007-06-30,6.38,$1.66,3.85,$1.63,3.92,$0.35,18.0,$0.12,54.67,$0.06B,$0.04B,1.57,$0.02B,$0.12B,0.17,$0.12B,$0.09B,71.31%,$0.12B,$0.02B,13.93%,$0.12B,$0.02B,13.93%,$0.12B,$0.03B,25.41%,$0.12B,$0.02B,13.11%,$0.12B,$0.01B,8.20%,$0.01B,$0.12B,9.09%,$0.01B,$0.01B,68.97%,$0.01B,$0.18B,6.25%,$0.02B,$0.14B,12.73%,$35,$10,$25,$0,$13,$28,$7,$-0,$7,$3,$4,$4,$4,$10,$7,$71,78,$0.05,$0.05,$21,$0,$0,$57,$14,$0,$104,$1,$121,$178,$36,$20,$3,$24,$60,$0,$12,$-0,$118,$178,$7,$5,$4,$9,$-1,$0,$0,$0,$-2,$14,$-4,$0,$0,$0,$0,$0,$0,$-4,$-5,$0,$-5,$2,$2,$0,$2,$-1,$9,$1,$0
46,2007-03-31,7.3,$1.57,4.64,$1.42,5.14,$0.30,24.27,$0.09,81.11,$0.05B,$0.02B,2.74,$0.02B,$0.11B,0.2,$0.10B,$0.07B,71.15%,$0.10B,$0.01B,11.54%,$0.10B,$0.01B,11.54%,$0.10B,$0.02B,22.12%,$0.10B,$0.01B,10.58%,$0.10B,$0.01B,7.69%,$0.01B,$0.11B,8.00%,$0.01B,$0.02B,26.67%,$0.01B,$0.15B,5.82%,$0.01B,$0.13B,10.15%,$32,$9,$23,$0,$13,$26,$6,$-1,$5,$2,$3,$3,$3,$8,$6,$70,78,$0.04,$0.04,$8,$0,$0,$46,$13,$0,$90,$1,$107,$153,$17,$22,$3,$25,$42,$0,$8,$-0,$111,$153,$3,$3,$3,$5,$-2,$0,$0,$-0,$-7,$1,$-2,$0,$0,$0,$0,$0,$0,$-2,$-3,$0,$-3,$1,$1,$0,$0,$-3,$-4,$1,$0
47,2006-12-31,5.05,$1.53,3.31,$1.25,4.05,$0.29,17.65,$0.07,68.89,$0.05B,$0.02B,2.07,$0.02B,$0.11B,0.22,$0.09B,$0.06B,70.45%,$0.09B,$0.01B,9.09%,$0.09B,$0.01B,9.09%,$0.09B,$0.02B,19.32%,$0.09B,$0.01B,9.09%,$0.09B,$0.01B,6.82%,$0.01B,$0.11B,6.58%,$0.01B,$0.02B,13.87%,$0.01B,$0.16B,4.97%,$0.01B,$0.13B,7.69%,$34,$8,$25,$0,$19,$30,$4,$-1,$3,$1,$2,$2,$2,$9,$4,$65,72,$0.03,$0.02,$13,$0,$3,$49,$12,$0,$91,$1,$108,$157,$24,$24,$1,$27,$50,$0,$5,$-0,$107,$157,$5,$10,$4,$14,$-2,$0,$0,$-0,$-2,$18,$-4,$0,$-81,$38,$0,$38,$5,$-43,$32,$0,$32,$3,$3,$0,$-1,$34,$9,$2,$0
