,Date,Stock Price,Book Value per Share,Price to Book Ratio,TTM Sales per Share,Price to Sales Ratio,TTM FCF per Share,Price to FCF Ratio,TTM Net EPS,PE Ratio,Current Assets,Current Liabilities,Current Ratio,Long Term Debt,Shareholder's Equity_x,Debt to Equity Ratio,TTM Revenue_x,TTM Gross Profit,Gross Margin,TTM Revenue_y,TTM Operating Income,Operating Margin,TTM Revenue_x,TTM EBIT,EBIT Margin,TTM Revenue_y,TTM EBITDA,EBITDA Margin,TTM Revenue_x,TTM Pre-Tax Income,Pre-Tax Margin,TTM Revenue_y,TTM Net Income_x,Net Margin,TTM Net Income_y,Shareholder's Equity_y,Return on Equity,TTM Net Income_x,Tangible Equity,Return on Tangible Equity,TTM Net Income_y,Total Assets,Return on Assets,TTM Net Income,LT Investments & Debt,Return on Investment,revenue,cost-goods-sold,gross-profit,research-development-expenses,selling-general-administrative-expenses,operating-expenses,operating-income,total-non-operating-income-expense,pre-tax-income,total-provision-income-taxes,income-after-taxes,income-from-continuous-operations,net-income,ebitda,ebit,basic-shares-outstanding,shares-outstanding,eps-basic-net-earnings-per-share,eps-earnings-per-share-diluted,cash-on-hand,inventory,other-current-assets,total-current-assets,net-property-plant-equipment,long-term-investments,goodwill-intangible-assets-total,other-long-term-assets,total-long-term-assets,total-assets,total-current-liabilities,long-term-debt,other-non-current-liabilities,total-long-term-liabilities,total-liabilities,common-stock-net,retained-earnings-accumulated-deficit,comprehensive-income,total-share-holder-equity,total-liabilities-share-holders-equity,net-income-loss,total-depreciation-amortization-cash-flow,other-non-cash-items,total-non-cash-items,change-in-accounts-receivable,change-in-inventories,change-in-accounts-payable,change-in-assets-liabilities,total-change-in-assets-liabilities,cash-flow-from-operating-activities,net-change-in-property-plant-equipment,net-change-in-intangible-assets,net-acquisitions-divestitures,net-change-in-short-term-investments,net-change-in-long-term-investments,net-change-in-investments-total,investing-activities-other,cash-flow-from-investing-activities,net-long-term-debt,net-current-debt,debt-issuance-retirement-net-total,net-common-equity-issued-repurchased,net-total-equity-issued-repurchased,total-common-preferred-stock-dividends-paid,financial-activities-other,cash-flow-from-financial-activities,net-cash-flow,stock-based-compensation,common-stock-dividends-paid
0,2015-12-31,0.89,$3.94,0.23,$2.86,0.31,$0.26,3.44,$-0.73,0.0,$0.18B,$0.13B,1.45,$0.21B,$1.72B,0.12,$1.25B,$-0.23B,-18.21%,$1.25B,$-0.32B,-25.16%,$1.25B,$-0.32B,-25.16%,$1.25B,$-0.10B,-7.91%,$1.25B,$-0.36B,-28.43%,$1.25B,$-0.32B,-25.40%,$-0.32B,$1.72B,-15.34%,$-0.32B,$1.66B,-15.85%,$-0.32B,$2.33B,-11.34%,$-0.32B,$1.93B,-13.51%,$0,$0,$0,$0,$0,$0,$0,$0,$0,$0,$0,$0,$0,$8,$0,$0,0,$0.00,$0.00,$57,$81,$0,$181,$1927,$156,$56,$4,$2150,$2331,$125,$209,$154,$486,$611,$1813,$-371,$0,$1720,$2331,$0,$0,$0,$0,$0,$0,$0,$0,$0,$128,$-86,$0,$0,$0,$1,$1,$0,$-85,$-60,$0,$-60,$0,$0,$0,$0,$-60,$-32,$0,$0
1,2015-09-30,0.58,$0.00,0.0,$2.88,0.2,$0.10,5.83,$-0.92,0.0,$0.26B,$0.13B,1.93,$0.30B,$1.91B,0.16,$1.26B,$-0.30B,-23.93%,$1.26B,$-0.41B,-32.59%,$1.26B,$-0.41B,-32.59%,$1.26B,$-0.19B,-15.42%,$1.26B,$-0.45B,-35.85%,$1.26B,$-0.40B,-31.96%,$-0.40B,$1.91B,-17.37%,$-0.40B,$1.85B,-17.93%,$-0.40B,$2.66B,-12.92%,$-0.41B,$2.21B,-16.27%,$321,$275,$46,$4,$7,$313,$8,$1,$9,$4,$5,$5,$5,$-7,$8,$435,437,$0.01,$0.01,$108,$91,$0,$255,$0,$174,$64,$13,$251,$2656,$132,$298,$180,$613,$745,$2043,$-423,$0,$1911,$2656,$0,$0,$0,$0,$0,$0,$0,$0,$0,$56,$-46,$0,$0,$0,$0,$0,$0,$-46,$0,$0,$23,$0,$0,$0,$0,$23,$19,$0,$0
2,2015-06-30,1.29,$5.04,0.26,$3.13,0.41,$0.32,4.04,$-0.89,0.0,$0.26B,$0.14B,1.89,$0.29B,$2.20B,0.13,$1.35B,$-0.29B,-21.76%,$1.35B,$-0.43B,-31.83%,$1.35B,$-0.43B,-31.83%,$1.35B,$-0.21B,-15.84%,$1.35B,$-0.44B,-32.27%,$1.35B,$-0.39B,-28.65%,$-0.39B,$2.20B,-15.34%,$-0.39B,$2.13B,-15.82%,$-0.39B,$2.97B,-11.54%,$-0.43B,$2.49B,-16.20%,$319,$315,$4,$3,$8,$326,$-7,$-36,$-43,$-3,$-40,$-40,$-40,$-86,$-7,$434,434,$-0.09,$-0.09,$89,$106,$0,$259,$2430,$196,$73,$4,$2713,$2972,$137,$293,$185,$635,$772,$4035,$-597,$0,$2200,$2972,$-436,$216,$400,$216,$10,$0,$-14,$0,$-4,$176,$-245,$-1,$0,$0,$-8,$-8,$0,$-253,$15,$0,$15,$0,$0,$0,$0,$15,$-84,$18,$0
3,2015-03-31,1.67,$0.00,0.0,$3.23,0.52,$0.39,4.29,$-0.56,0.0,$0.25B,$0.15B,1.71,$0.24B,$2.46B,0.1,$1.39B,$-0.13B,-9.00%,$1.39B,$-0.28B,-20.45%,$1.39B,$-0.28B,-20.45%,$1.39B,$-0.08B,-5.54%,$1.39B,$-0.29B,-20.52%,$1.39B,$-0.24B,-17.42%,$-0.24B,$2.46B,-8.95%,$-0.24B,$2.39B,-9.22%,$-0.24B,$3.25B,-6.77%,$-0.28B,$2.70B,-10.02%,$320,$597,$-277,$4,$21,$622,$-302,$8,$-297,$-49,$-248,$-261,$-261,$-14,$-302,$435,438,$-0.60,$-0.60,$59,$119,$2,$250,$0,$195,$73,$14,$287,$3253,$146,$235,$205,$647,$793,$2327,$-182,$0,$2460,$3253,$121,$0,$0,$0,$0,$0,$0,$0,$0,$131,$0,$0,$0,$0,$0,$0,$-196,$-196,$0,$36,$-70,$0,$0,$0,$0,$-34,$-114,$0,$0
4,2014-12-31,1.82,$0.00,0.0,$3.38,0.54,$0.05,36.24,$-0.50,0.0,$0.32B,$0.43B,0.74,$0.00B,$2.69B,0.0,$1.45B,$-0.10B,-7.03%,$1.45B,$-0.27B,-18.33%,$1.45B,$-0.27B,-18.33%,$1.45B,$-0.06B,-4.07%,$1.45B,$-0.26B,-17.57%,$1.45B,$-0.22B,-14.96%,$-0.22B,$2.69B,-7.65%,$-0.22B,$2.61B,-7.96%,$-0.22B,$3.57B,-5.79%,$-0.27B,$2.69B,-8.93%,$292,$293,$-1,$3,$10,$306,$-14,$-11,$-25,$-3,$-22,$-22,$-22,$-87,$-14,$434,440,$-0.05,$-0.05,$124,$119,$4,$320,$0,$211,$79,$19,$315,$3565,$431,$0,$220,$449,$879,$2527,$-173,$0,$2686,$3565,$0,$0,$0,$0,$0,$0,$0,$0,$0,$99,$-127,$0,$0,$0,$-11,$-11,$0,$-138,$0,$0,$0,$0,$0,$0,$0,$0,$-53,$0,$0
5,2014-09-30,2.07,$0.00,0.0,$3.55,0.58,$0.04,54.17,$-0.34,0.0,$0.40B,$0.44B,0.9,$0.00B,$2.74B,0.0,$1.53B,$-0.05B,-3.28%,$1.53B,$-0.18B,-11.47%,$1.53B,$-0.18B,-11.47%,$1.53B,$0.03B,2.10%,$1.53B,$-0.18B,-11.66%,$1.53B,$-0.15B,-9.70%,$-0.15B,$2.74B,-5.05%,$-0.15B,$2.66B,-5.32%,$-0.15B,$3.63B,-3.83%,$-0.18B,$2.74B,-5.56%,$327,$354,$-27,$8,$8,$414,$-87,$1,$-86,$-7,$-79,$-79,$-79,$-27,$-87,$434,435,$-0.18,$-0.18,$203,$123,$0,$395,$0,$206,$78,$7,$298,$3630,$439,$0,$216,$449,$888,$2503,$46,$0,$2742,$3630,$99,$0,$0,$0,$0,$0,$0,$0,$0,$101,$0,$0,$0,$0,$0,$-60,$0,$-60,$0,$0,$0,$0,$0,$0,$0,$0,$30,$0,$0
6,2014-06-30,2.85,$6.71,0.43,$3.50,0.82,$-0.29,0.0,$-0.28,0.0,$0.42B,$0.17B,2.4,$0.29B,$2.86B,0.1,$1.52B,$-0.03B,-2.11%,$1.52B,$-0.14B,-9.49%,$1.52B,$-0.14B,-9.49%,$1.52B,$0.06B,4.15%,$1.52B,$-0.15B,-9.56%,$1.52B,$-0.12B,-8.04%,$-0.12B,$2.93B,-4.02%,$-0.12B,$2.84B,-4.27%,$-0.12B,$3.85B,-3.04%,$-0.14B,$3.22B,-4.33%,$412,$401,$11,$8,$30,$439,$-27,$-1,$-28,$-3,$-25,$-25,$-25,$51,$-27,$417,417,$-0.06,$-0.06,$173,$145,$11,$418,$3116,$0,$86,$231,$325,$3852,$174,$293,$236,$788,$927,$2736,$-223,$0,$2925,$3948,$0,$0,$167,$374,$18,$-4,$-24,$0,$0,$207,$-244,$-1,$0,$0,$3,$3,$-2,$-242,$16,$0,$14,$0,$0,$0,$0,$14,$-25,$26,$0
7,2014-03-31,2.93,$0.00,0.0,$3.52,0.83,$-0.43,0.0,$-0.87,0.0,$0.42B,$0.17B,2.52,$0.27B,$3.00B,0.09,$1.53B,$-0.19B,-12.17%,$1.53B,$-0.32B,-21.01%,$1.53B,$-0.32B,-21.01%,$1.53B,$-0.09B,-6.15%,$1.53B,$-0.34B,-21.99%,$1.53B,$-0.38B,-24.61%,$-0.38B,$3.00B,-11.67%,$-0.38B,$2.79B,-12.53%,$-0.38B,$3.93B,-8.85%,$-0.32B,$3.27B,-9.16%,$358,$466,$-108,$11,$37,$514,$-156,$11,$-146,$-34,$-112,$-116,$-116,$4,$-156,$434,435,$-0.27,$-0.27,$191,$124,$18,$418,$0,$223,$208,$9,$448,$3934,$166,$269,$216,$772,$938,$2682,$38,$0,$2996,$3934,$0,$0,$0,$0,$0,$0,$0,$0,$0,$161,$-179,$0,$0,$0,$0,$0,$-1,$-180,$0,$0,$14,$0,$0,$0,$0,$14,$-19,$0,$0
8,2013-12-31,2.43,$0.00,0.0,$3.62,0.67,$-0.57,0.0,$-0.91,0.0,$0.48B,$0.18B,2.68,$0.31B,$3.06B,0.1,$1.57B,$-0.18B,-11.54%,$1.57B,$-0.33B,-21.16%,$1.57B,$-0.33B,-21.16%,$1.57B,$-0.11B,-6.69%,$1.57B,$-0.37B,-23.33%,$1.57B,$-0.39B,-24.98%,$-0.39B,$3.06B,-11.29%,$-0.39B,$2.85B,-12.09%,$-0.39B,$4.06B,-8.62%,$-0.33B,$3.37B,-8.85%,$354,$332,$22,$8,$10,$350,$4,$1,$5,$2,$3,$3,$3,$4,$4,$433,435,$0.01,$0.01,$223,$136,$10,$479,$0,$11,$210,$223,$453,$4055,$179,$313,$219,$819,$998,$2708,$36,$0,$3057,$4055,$0,$0,$0,$0,$0,$0,$0,$0,$0,$91,$-124,$0,$0,$0,$0,$0,$-1,$-125,$0,$0,$60,$0,$0,$0,$0,$60,$13,$0,$0
9,2013-09-30,3.25,$0.00,0.0,$3.93,0.83,$-0.31,0.0,$-0.70,0.0,$0.51B,$0.23B,2.23,$0.29B,$3.16B,0.09,$1.70B,$-0.08B,-4.77%,$1.70B,$-0.24B,-14.24%,$1.70B,$-0.24B,-14.24%,$1.70B,$-0.02B,-0.88%,$1.70B,$-0.26B,-15.13%,$1.70B,$-0.30B,-17.54%,$-0.30B,$3.16B,-7.94%,$-0.30B,$2.94B,-8.49%,$-0.30B,$4.21B,-6.11%,$-0.24B,$3.45B,-6.03%,$402,$377,$25,$11,$10,$398,$4,$-13,$-9,$1,$-10,$-10,$-10,$4,$4,$433,433,$-0.02,$-0.02,$229,$148,$10,$512,$0,$15,$220,$224,$469,$4207,$229,$287,$226,$813,$1043,$2838,$46,$0,$3164,$4207,$0,$0,$0,$0,$0,$0,$0,$0,$0,$24,$-62,$0,$0,$0,$0,$0,$-1,$-63,$0,$0,$61,$0,$0,$0,$0,$61,$20,$0,$0
10,2013-06-30,3.66,$0.00,0.0,$4.19,0.87,$-0.07,0.0,$-0.55,0.0,$0.55B,$0.27B,2.0,$0.26B,$3.67B,0.07,$1.81B,$-0.01B,-0.77%,$1.81B,$-0.18B,-10.03%,$1.81B,$-0.18B,-10.03%,$1.81B,$0.05B,2.48%,$1.81B,$-0.19B,-10.53%,$1.81B,$-0.24B,-13.01%,$-0.24B,$3.67B,-5.89%,$-0.24B,$3.42B,-6.29%,$-0.24B,$4.80B,-4.56%,$-0.18B,$3.93B,-4.28%,$403,$374,$29,$14,$11,$399,$4,$2,$5,$4,$1,$1,$1,$-106,$4,$433,433,$0.00,$0.00,$237,$162,$15,$546,$0,$17,$249,$244,$522,$4797,$273,$256,$255,$854,$1127,$3218,$57,$0,$3670,$4797,$0,$0,$257,$484,$20,$-24,$30,$0,$0,$324,$-422,$-1,$0,$0,$-10,$-10,$150,$-282,$45,$0,$39,$0,$0,$-49,$0,$-10,$36,$35,$-50
11,2013-03-31,6.16,$0.00,0.0,$4.45,1.38,$0.48,12.8,$0.32,19.24,$0.65B,$0.27B,2.38,$0.25B,$4.00B,0.06,$1.92B,$0.37B,18.97%,$1.92B,$0.23B,11.85%,$1.92B,$0.23B,11.85%,$1.92B,$0.23B,11.85%,$1.92B,$0.13B,6.50%,$1.92B,$0.14B,7.28%,$0.14B,$4.00B,3.34%,$0.14B,$3.76B,3.57%,$0.14B,$5.13B,2.60%,$0.23B,$4.25B,5.16%,$369,$631,$-262,$24,$47,$702,$-333,$8,$-337,$21,$-358,$-370,$-370,$-7,$-333,$433,433,$-0.86,$-0.86,$347,$135,$0,$648,$0,$16,$245,$241,$575,$5133,$272,$251,$246,$860,$1132,$3173,$448,$0,$4001,$5133,$0,$0,$0,$0,$0,$0,$0,$0,$0,$16,$-94,$0,$0,$0,$0,$-4,$170,$73,$0,$0,$-0,$0,$0,$-24,$0,$-25,$66,$0,$0
12,2012-12-31,8.53,$0.00,0.0,$4.48,1.9,$0.96,8.9,$0.65,13.12,$0.79B,$0.33B,2.38,$0.24B,$4.17B,0.06,$1.95B,$0.40B,20.76%,$1.95B,$0.27B,13.67%,$1.95B,$0.27B,13.67%,$1.95B,$0.27B,13.67%,$1.95B,$0.18B,9.35%,$1.95B,$0.29B,14.65%,$0.29B,$4.17B,6.67%,$0.29B,$3.92B,7.12%,$0.29B,$5.39B,5.20%,$0.27B,$4.42B,5.94%,$395,$368,$27,$18,$16,$402,$-7,$-18,$-25,$5,$-30,$-29,$-13,$94,$-7,$432,433,$-0.03,$-0.03,$295,$128,$215,$790,$0,$257,$258,$13,$593,$5386,$332,$244,$252,$881,$1213,$3333,$511,$0,$4173,$5386,$0,$0,$0,$0,$0,$0,$0,$0,$0,$309,$-229,$0,$0,$0,$0,$0,$-28,$-257,$0,$0,$60,$0,$0,$-26,$0,$34,$79,$0,$0
13,2012-09-30,8.0,$0.00,0.0,$4.72,1.69,$1.08,7.4,$0.78,10.26,$0.76B,$0.34B,2.21,$0.22B,$4.18B,0.05,$2.05B,$0.50B,24.43%,$2.05B,$0.37B,18.08%,$2.05B,$0.37B,18.08%,$2.05B,$0.37B,18.08%,$2.05B,$0.24B,11.92%,$2.05B,$0.34B,16.51%,$0.34B,$4.18B,7.98%,$0.34B,$3.91B,8.53%,$0.34B,$5.39B,6.21%,$0.37B,$4.40B,8.38%,$532,$407,$125,$18,$13,$438,$94,$6,$100,$25,$75,$75,$84,$64,$94,$432,433,$0.19,$0.19,$275,$144,$202,$761,$0,$244,$266,$77,$588,$5389,$344,$223,$262,$869,$1213,$3434,$438,$0,$4176,$5389,$0,$0,$0,$0,$0,$0,$0,$0,$0,$175,$-108,$0,$0,$0,$0,$0,$-20,$-128,$0,$0,$39,$0,$0,$-26,$0,$12,$60,$0,$0
14,2012-06-30,8.88,$0.00,0.0,$4.70,1.89,$1.06,8.41,$0.77,11.54,$0.73B,$0.32B,2.32,$0.20B,$4.41B,0.04,$2.03B,$0.46B,22.68%,$2.03B,$0.34B,16.48%,$2.03B,$0.34B,16.48%,$2.03B,$0.34B,16.48%,$2.03B,$0.25B,12.30%,$2.03B,$0.34B,16.53%,$0.34B,$4.41B,8.07%,$0.34B,$4.12B,8.64%,$0.34B,$5.61B,6.24%,$0.34B,$4.60B,7.72%,$518,$423,$96,$16,$15,$454,$64,$7,$71,$18,$52,$52,$63,$77,$64,$432,432,$0.15,$0.15,$230,$129,$212,$731,$0,$19,$284,$254,$621,$5606,$316,$195,$268,$885,$1201,$3669,$420,$0,$4406,$5606,$0,$0,$0,$0,$0,$0,$0,$0,$0,$546,$-407,$0,$0,$0,$0,$29,$5,$-373,$0,$0,$25,$0,$3,$-56,$0,$-27,$140,$0,$0
15,2012-03-31,10.33,$0.00,0.0,$4.70,2.2,$0.49,20.96,$0.75,13.77,$0.68B,$0.31B,2.21,$0.17B,$4.34B,0.04,$2.03B,$0.31B,15.12%,$2.03B,$0.21B,10.15%,$2.03B,$0.21B,10.15%,$2.03B,$0.21B,10.15%,$2.03B,$0.24B,11.58%,$2.03B,$0.32B,15.96%,$0.32B,$4.34B,7.76%,$0.32B,$4.06B,8.33%,$0.32B,$5.55B,5.99%,$0.21B,$4.51B,4.74%,$479,$362,$117,$17,$23,$402,$77,$-22,$-21,$31,$-52,$-16,$6,$31,$77,$431,432,$0.01,$0.01,$186,$141,$191,$682,$0,$259,$286,$30,$711,$5554,$309,$166,$272,$903,$1212,$3689,$417,$0,$4342,$5554,$0,$0,$0,$0,$0,$0,$0,$0,$0,$417,$-286,$0,$0,$0,$0,$0,$21,$-265,$0,$0,$1,$0,$3,$-57,$0,$-53,$95,$0,$0
16,2011-12-31,10.95,$0.00,0.0,$4.74,2.31,$-0.11,0.0,$0.53,20.66,$0.47B,$0.25B,1.89,$0.12B,$4.03B,0.03,$2.04B,$0.29B,14.15%,$2.04B,$0.20B,9.73%,$2.04B,$0.20B,9.73%,$2.04B,$0.20B,9.73%,$2.04B,$0.20B,9.58%,$2.04B,$0.23B,11.11%,$0.23B,$4.03B,5.40%,$0.23B,$3.76B,5.81%,$0.23B,$5.23B,4.10%,$0.20B,$4.15B,4.53%,$417,$351,$66,$18,$17,$386,$31,$1,$32,$-82,$114,$114,$132,$198,$31,$440,440,$0.30,$0.30,$149,$122,$63,$473,$0,$261,$269,$28,$703,$5226,$250,$122,$280,$951,$1201,$3494,$291,$0,$4025,$5226,$0,$0,$0,$0,$0,$0,$0,$0,$0,$323,$-190,$0,$0,$0,$0,$0,$0,$-190,$0,$0,$-36,$0,$3,$-34,$0,$-67,$47,$0,$0
17,2011-09-30,11.04,$0.00,0.0,$4.31,2.56,$-0.59,0.0,$0.32,34.49,$0.45B,$0.26B,1.75,$0.21B,$3.89B,0.05,$1.84B,$0.14B,7.46%,$1.84B,$0.04B,2.34%,$1.84B,$0.04B,2.34%,$1.84B,$0.04B,2.34%,$1.84B,$0.08B,4.36%,$1.84B,$0.14B,7.35%,$0.14B,$3.89B,3.14%,$0.14B,$3.62B,3.39%,$0.14B,$5.16B,2.39%,$0.04B,$4.09B,0.96%,$633,$412,$221,$12,$11,$435,$198,$2,$162,$33,$129,$137,$137,$29,$198,$430,430,$0.32,$0.32,$164,$125,$51,$449,$0,$257,$269,$28,$713,$5159,$257,$209,$275,$1017,$1274,$3506,$163,$0,$3885,$5159,$0,$0,$0,$0,$0,$0,$0,$0,$0,$149,$-94,$0,$0,$0,$0,$0,$0,$-94,$0,$0,$63,$0,$0,$-36,$1,$28,$118,$0,$0
18,2011-06-30,12.36,$0.00,0.0,$4.13,3.0,$-0.74,0.0,$0.21,58.85,$0.45B,$0.31B,1.45,$0.18B,$4.45B,0.04,$1.77B,$0.11B,6.05%,$1.77B,$0.00B,0.28%,$1.77B,$0.00B,0.28%,$1.77B,$0.00B,0.28%,$1.77B,$0.02B,0.90%,$1.77B,$0.09B,4.97%,$0.09B,$4.45B,2.01%,$0.09B,$4.13B,2.17%,$0.09B,$5.71B,1.54%,$0.00B,$4.63B,0.11%,$504,$447,$57,$14,$14,$475,$29,$2,$77,$10,$67,$61,$61,$-52,$29,$430,430,$0.14,$0.14,$102,$124,$61,$445,$0,$305,$320,$33,$658,$5710,$307,$181,$319,$953,$1260,$4177,$273,$0,$4450,$5710,$0,$0,$0,$0,$0,$0,$0,$0,$0,$341,$-445,$0,$0,$0,$0,$33,$32,$-380,$0,$54,$0,$0,$6,$-31,$0,$29,$1,$0,$0
19,2011-03-31,13.9,$0.00,0.0,$3.94,3.52,$-1.08,0.0,$0.22,63.18,$0.42B,$0.25B,1.67,$0.22B,$4.39B,0.05,$1.69B,$0.20B,11.52%,$1.69B,$0.10B,5.73%,$1.69B,$0.10B,5.73%,$1.69B,$0.10B,5.73%,$1.69B,$0.09B,5.32%,$1.69B,$0.10B,5.67%,$0.10B,$4.39B,2.28%,$0.10B,$4.06B,2.46%,$0.10B,$5.98B,1.75%,$0.10B,$4.61B,2.21%,$476,$513,$-37,$15,$0,$528,$-52,$-11,$-36,$-29,$-7,$-6,$-6,$23,$-52,$430,430,$-0.01,$-0.01,$97,$141,$18,$420,$0,$310,$323,$73,$1047,$5976,$252,$219,$289,$1338,$1590,$4175,$211,$0,$4386,$5976,$0,$0,$0,$0,$0,$0,$0,$0,$0,$192,$-323,$0,$0,$0,$0,$32,$20,$-271,$0,$92,$0,$0,$4,$-30,$0,$66,$-4,$0,$0
20,2010-12-31,11.72,$0.00,0.0,$3.74,3.14,$-1.40,0.0,$0.05,234.44,$0.43B,$0.28B,1.55,$0.19B,$4.45B,0.04,$1.61B,$0.14B,8.88%,$1.61B,$0.04B,2.73%,$1.61B,$0.04B,2.73%,$1.61B,$0.04B,2.73%,$1.61B,$0.06B,3.85%,$1.61B,$0.02B,1.37%,$0.02B,$4.45B,0.54%,$0.02B,$4.12B,0.58%,$0.02B,$5.76B,0.42%,$0.04B,$4.64B,1.04%,$422,$375,$47,$11,$13,$399,$23,$-31,$-8,$-42,$34,$34,$34,$43,$23,$425,425,$0.08,$0.08,$127,$143,$15,$430,$0,$336,$332,$89,$757,$5755,$278,$188,$292,$1026,$1304,$4275,$136,$0,$4451,$5755,$0,$0,$0,$0,$0,$0,$0,$0,$0,$156,$-225,$0,$32,$0,$0,$0,$18,$-175,$0,$0,$58,$0,$0,$-30,$2,$30,$26,$0,$0
21,2010-09-30,10.55,$0.00,0.0,$3.76,2.81,$-1.71,0.0,$-0.02,0.0,$0.34B,$0.24B,1.42,$0.14B,$4.20B,0.03,$1.57B,$0.12B,7.31%,$1.57B,$0.02B,1.21%,$1.57B,$0.02B,1.21%,$1.57B,$0.02B,1.21%,$1.57B,$0.04B,2.41%,$1.57B,$-0.01B,-0.57%,$-0.01B,$4.20B,-0.23%,$-0.01B,$3.88B,-0.24%,$-0.01B,$5.36B,-0.18%,$0.02B,$4.34B,0.46%,$434,$364,$70,$11,$16,$391,$43,$4,$47,$4,$43,$43,$46,$-9,$43,$418,418,$0.11,$0.11,$111,$130,$10,$344,$0,$311,$316,$104,$731,$5364,$242,$139,$271,$923,$1165,$4059,$83,$0,$4199,$5364,$0,$0,$0,$0,$0,$0,$0,$0,$0,$93,$-102,$0,$31,$0,$0,$0,$5,$-66,$0,$0,$-1,$0,$1,$-29,$0,$-29,$10,$0,$0
22,2010-06-30,9.82,$0.00,0.0,$3.72,2.64,$-1.91,0.0,$-0.06,0.0,$0.37B,$0.23B,1.62,$0.13B,$3.83B,0.03,$1.49B,$0.11B,7.06%,$1.49B,$0.03B,1.75%,$1.49B,$0.03B,1.75%,$1.49B,$0.03B,1.75%,$1.49B,$0.02B,1.61%,$1.49B,$-0.03B,-1.81%,$-0.03B,$3.83B,-0.69%,$-0.03B,$3.54B,-0.75%,$-0.03B,$4.89B,-0.55%,$0.03B,$3.96B,0.65%,$438,$411,$27,$14,$22,$447,$-9,$38,$13,$-1,$14,$15,$14,$40,$-9,$443,443,$0.03,$0.03,$101,$129,$10,$371,$0,$280,$290,$88,$658,$4894,$229,$129,$244,$836,$1065,$3705,$91,$0,$3829,$4894,$0,$0,$0,$0,$0,$0,$0,$0,$0,$209,$-461,$0,$3,$0,$0,$7,$0,$-451,$0,$0,$112,$0,$0,$-28,$2,$86,$-152,$0,$0
23,2010-03-31,8.81,$0.00,0.0,$3.54,2.49,$-1.51,0.0,$0.01,880.89,$0.39B,$0.22B,1.75,$0.11B,$3.93B,0.03,$1.41B,$0.02B,1.21%,$1.41B,$-0.07B,-5.19%,$1.41B,$-0.07B,-5.19%,$1.41B,$0.09B,6.68%,$1.41B,$-0.06B,-4.05%,$1.41B,$-0.00B,-0.07%,$-0.00B,$3.93B,-0.03%,$-0.00B,$3.63B,-0.03%,$-0.00B,$4.95B,-0.02%,$-0.07B,$4.03B,-1.84%,$398,$347,$51,$4,$8,$358,$40,$-5,$38,$30,$8,$4,$2,$-30,$40,$429,429,$0.00,$0.00,$64,$154,$6,$388,$0,$286,$296,$41,$623,$4951,$222,$105,$251,$801,$1023,$3766,$162,$0,$3928,$4951,$0,$0,$0,$0,$0,$0,$0,$0,$0,$103,$-373,$0,$3,$0,$0,$6,$2,$-362,$0,$87,$0,$0,$1,$0,$-29,$60,$-197,$0,$0
24,2009-12-31,9.45,$0.00,0.0,$3.47,2.72,$-0.47,0.0,$0.33,28.64,$0.46B,$0.24B,1.93,$0.08B,$4.00B,0.02,$1.37B,$0.10B,7.52%,$1.37B,$0.02B,1.61%,$1.37B,$0.02B,1.61%,$1.37B,$0.19B,13.80%,$1.37B,$0.09B,6.64%,$1.37B,$0.14B,10.00%,$0.14B,$4.00B,3.73%,$0.14B,$3.69B,4.04%,$0.14B,$5.00B,2.93%,$0.02B,$4.07B,0.59%,$341,$346,$-5,$10,$14,$371,$-30,$-3,$-36,$4,$-40,$-40,$-40,$18,$-30,$428,434,$-0.09,$-0.09,$148,$150,$7,$455,$0,$285,$301,$43,$629,$5000,$236,$77,$242,$769,$1005,$3812,$132,$0,$3995,$5000,$0,$0,$0,$0,$0,$0,$0,$0,$0,$58,$-236,$0,$0,$0,$0,$6,$-36,$-266,$0,$0,$87,$0,$1,$-29,$0,$59,$-143,$0,$0
25,2009-09-30,10.17,$0.00,0.0,$2.41,4.22,$0.01,0.0,$0.29,35.05,$0.41B,$0.22B,1.87,$0.01B,$3.89B,0.0,$1.29B,$0.14B,10.69%,$1.29B,$0.06B,4.96%,$1.29B,$0.06B,4.96%,$1.29B,$0.23B,17.89%,$1.29B,$0.12B,9.60%,$1.29B,$0.26B,19.75%,$0.26B,$3.89B,7.56%,$0.26B,$3.60B,8.19%,$0.26B,$4.79B,5.82%,$0.06B,$3.90B,1.89%,$397,$355,$42,$7,$17,$379,$18,$5,$23,$8,$15,$15,$15,$-2,$18,$375,375,$0.04,$0.04,$145,$152,$6,$414,$0,$274,$294,$32,$600,$4788,$222,$14,$229,$676,$898,$3726,$164,$0,$3890,$4788,$0,$0,$0,$0,$0,$0,$0,$0,$0,$34,$-117,$0,$0,$0,$0,$2,$1,$-114,$0,$-1,$0,$0,$0,$-29,$0,$-30,$-108,$0,$0
26,2009-06-30,9.54,$0.00,0.0,$2.32,4.11,$0.69,13.84,$0.43,22.18,$0.51B,$0.22B,2.27,$0.01B,$3.82B,0.0,$1.28B,$0.18B,13.94%,$1.28B,$0.11B,8.26%,$1.28B,$0.11B,8.26%,$1.28B,$0.27B,21.26%,$1.28B,$0.22B,16.82%,$1.28B,$0.31B,24.14%,$0.31B,$3.82B,9.65%,$0.31B,$3.54B,10.48%,$0.31B,$4.93B,7.16%,$0.11B,$3.84B,3.28%,$352,$335,$17,$8,$11,$354,$-2,$0,$-1,$2,$-3,$-4,$-4,$108,$-2,$371,371,$-0.01,$-0.01,$253,$134,$6,$508,$0,$262,$288,$31,$803,$4925,$224,$14,$220,$877,$1101,$4004,$-108,$0,$3824,$4925,$405,$167,$0,$167,$0,$0,$0,$0,$-53,$254,$-333,$0,$444,$0,$0,$-4,$-13,$94,$0,$0,$-427,$0,$194,$0,$0,$-233,$200,$0,$0
27,2009-03-31,10.11,$0.00,0.0,$2.70,3.75,$-0.12,0.0,$0.33,30.64,$0.68B,$0.45B,1.51,$0.02B,$2.97B,0.01,$1.30B,$0.18B,13.42%,$1.30B,$0.22B,16.87%,$1.30B,$0.22B,16.87%,$1.30B,$0.34B,26.30%,$1.30B,$0.26B,20.09%,$1.30B,$0.27B,20.94%,$0.27B,$2.97B,8.95%,$0.27B,$2.75B,9.77%,$0.27B,$3.99B,6.39%,$0.22B,$2.99B,7.16%,$317,$354,$-37,$12,$10,$376,$-59,$23,$-43,$-42,$-1,$29,$28,$65,$-59,$425,425,$0.07,$0.07,$287,$92,$6,$675,$0,$189,$225,$67,$480,$3994,$448,$16,$172,$572,$1020,$2836,$137,$0,$2974,$3994,$0,$0,$0,$0,$0,$0,$0,$0,$0,$175,$1,$0,$0,$0,$0,$0,$-18,$-17,$0,$0,$-132,$0,$196,$0,$0,$64,$245,$0,$0
28,2008-12-31,10.14,$0.00,0.0,$2.76,3.67,$-1.28,0.0,$0.22,46.08,$0.59B,$0.50B,1.17,$0.02B,$2.80B,0.01,$1.31B,$0.20B,15.31%,$1.31B,$0.22B,16.83%,$1.31B,$0.22B,16.83%,$1.31B,$0.34B,26.20%,$1.31B,$0.19B,14.70%,$1.31B,$0.22B,16.83%,$0.22B,$2.80B,7.20%,$0.22B,$2.57B,7.91%,$0.22B,$3.82B,5.00%,$0.22B,$2.82B,7.03%,$304,$223,$81,$7,$8,$238,$65,$46,$112,$13,$99,$99,$98,$60,$65,$421,423,$0.23,$0.23,$166,$91,$52,$585,$0,$184,$225,$23,$431,$3823,$498,$19,$136,$528,$1027,$2740,$56,$0,$2796,$3823,$0,$0,$0,$0,$0,$0,$0,$0,$0,$172,$-4,$0,$0,$0,$0,$0,$-2,$-6,$0,$0,$-130,$0,$100,$0,$0,$-30,$124,$0,$0
29,2008-09-30,8.95,$0.00,0.0,$3.50,2.55,$-1.97,0.0,$0.24,37.28,$0.37B,$0.67B,0.55,$0.02B,$3.26B,0.01,$1.31B,$0.19B,14.62%,$1.31B,$0.17B,12.63%,$1.31B,$0.17B,12.63%,$1.31B,$0.29B,22.05%,$1.31B,$0.12B,9.04%,$1.31B,$0.10B,7.27%,$0.10B,$3.26B,2.94%,$0.10B,$2.97B,3.24%,$0.10B,$4.57B,2.00%,$0.17B,$3.28B,4.89%,$318,$241,$77,$8,$9,$258,$60,$-4,$56,$22,$34,$34,$133,$40,$60,$0,0,$0.00,$0.00,$153,$97,$7,$370,$0,$206,$285,$221,$712,$4568,$669,$23,$231,$642,$1311,$3342,$0,$0,$3257,$4568,$0,$0,$0,$0,$0,$0,$0,$0,$0,$82,$103,$0,$0,$0,$0,$0,$-12,$91,$0,$0,$-76,$0,$1,$0,$0,$-75,$99,$0,$0
30,2008-06-30,11.32,$0.00,0.0,$3.51,3.22,$-2.70,0.0,$-0.09,0.0,$0.46B,$0.77B,0.6,$0.03B,$3.17B,0.01,$1.31B,$0.19B,14.48%,$1.31B,$0.13B,9.98%,$1.31B,$0.13B,9.98%,$1.31B,$0.25B,19.36%,$1.31B,$-0.04B,-2.97%,$1.31B,$-0.04B,-2.82%,$-0.04B,$3.17B,-1.14%,$-0.04B,$2.89B,-1.26%,$-0.04B,$4.71B,-0.76%,$0.13B,$3.20B,3.73%,$345,$287,$58,$5,$13,$305,$40,$50,$91,$30,$61,$60,$51,$178,$40,$403,403,$0.13,$0.13,$53,$89,$208,$462,$0,$216,$283,$28,$717,$4710,$771,$31,$163,$767,$1538,$3787,$-419,$0,$3172,$4710,$33,$123,$0,$123,$0,$0,$0,$0,$-34,$236,$-534,$0,$18,$0,$0,$162,$25,$-329,$0,$0,$67,$0,$12,$1,$0,$78,$-17,$0,$0
31,2008-03-31,10.94,$0.00,0.0,$3.26,3.35,$-2.18,0.0,$-0.29,0.0,$0.25B,$0.39B,0.64,$0.24B,$3.05B,0.08,$1.33B,$-0.44B,-33.43%,$1.33B,$0.19B,14.34%,$1.33B,$0.19B,14.34%,$1.33B,$0.19B,14.34%,$1.33B,$-0.41B,-31.17%,$1.33B,$-0.12B,-9.06%,$-0.12B,$3.05B,-3.73%,$-0.12B,$2.74B,-4.05%,$-0.12B,$4.57B,-2.42%,$0.19B,$3.28B,5.36%,$337,$378,$-41,$9,$-12,$282,$55,$-8,$3,$35,$-32,$-9,$-9,$66,$55,$300,300,$-0.03,$-0.03,$42,$80,$7,$251,$0,$216,$304,$222,$1075,$4569,$392,$236,$241,$1129,$1521,$3176,$-128,$0,$3048,$4569,$0,$0,$0,$0,$0,$0,$0,$0,$0,$44,$-345,$0,$0,$0,$0,$184,$34,$-127,$0,$49,$0,$0,$9,$0,$0,$58,$-27,$0,$0
32,2007-12-31,9.53,$0.00,0.0,$3.44,2.77,$-1.54,0.0,$-0.32,0.0,$0.30B,$0.44B,0.68,$0.27B,$3.45B,0.08,$1.39B,$-0.17B,-12.36%,$1.39B,$0.18B,13.00%,$1.39B,$0.18B,13.00%,$1.39B,$0.18B,13.00%,$1.39B,$-0.41B,-29.17%,$1.39B,$-0.13B,-9.48%,$-0.13B,$3.45B,-4.01%,$-0.13B,$3.11B,-4.34%,$-0.13B,$5.17B,-2.65%,$0.18B,$3.72B,4.91%,$313,$206,$107,$7,$8,$247,$66,$-24,$43,$21,$22,$22,$46,$4,$66,$401,401,$0.12,$0.12,$62,$103,$6,$295,$0,$205,$336,$310,$1210,$5169,$435,$274,$258,$1289,$1724,$3743,$12,$0,$3445,$5169,$0,$0,$0,$0,$0,$0,$0,$0,$0,$-56,$-232,$0,$0,$0,$0,$183,$32,$-17,$0,$0,$50,$0,$4,$0,$0,$54,$-7,$0,$0
33,2007-09-30,11.01,$0.00,0.0,$3.62,3.04,$-0.89,0.0,$-0.18,0.0,$0.45B,$0.20B,2.19,$0.54B,$3.30B,0.16,$1.45B,$0.13B,8.76%,$1.45B,$0.22B,14.97%,$1.45B,$0.22B,14.97%,$1.45B,$0.22B,14.97%,$1.45B,$-0.31B,-21.24%,$1.45B,$-0.08B,-5.17%,$-0.08B,$3.30B,-2.28%,$-0.08B,$2.98B,-2.47%,$-0.08B,$4.95B,-1.54%,$0.22B,$3.84B,5.85%,$311,$244,$67,$6,$23,$307,$4,$-23,$-19,$8,$-27,$-29,$7,$6,$4,$418,418,$0.02,$0.02,$221,$111,$4,$446,$0,$207,$325,$195,$997,$4954,$203,$542,$258,$1449,$1653,$3617,$-316,$0,$3301,$4954,$54,$0,$0,$0,$0,$0,$0,$0,$-20,$7,$-117,$0,$0,$0,$0,$185,$31,$99,$0,$40,$0,$0,$3,$0,$0,$43,$152,$0,$0
34,2007-06-30,13.19,$0.00,0.0,$3.74,3.53,$-0.66,0.0,$0.12,109.9,$1.34B,$0.76B,1.75,$0.27B,$3.06B,0.09,$1.49B,$0.46B,30.74%,$1.49B,$0.27B,18.26%,$1.49B,$0.27B,18.26%,$1.49B,$0.27B,18.26%,$1.49B,$-0.19B,-12.62%,$1.49B,$0.05B,3.02%,$0.05B,$3.06B,1.39%,$0.05B,$3.03B,1.51%,$0.05B,$5.11B,0.96%,$0.27B,$3.33B,7.57%,$351,$294,$57,$6,$12,$345,$6,$-72,$-66,$1,$-67,$-81,$-81,$114,$6,$405,405,$-0.20,$-0.20,$845,$105,$251,$1336,$0,$200,$34,$10,$244,$5114,$763,$270,$505,$1288,$2051,$32,$-822,$0,$3062,$5114,$0,$0,$0,$0,$0,$0,$0,$0,$0,$165,$-352,$0,$0,$0,$0,$50,$-11,$-313,$0,$31,$114,$0,$19,$-1,$0,$163,$11,$0,$0
35,2007-03-31,12.85,$0.00,0.0,$3.80,3.38,$-0.74,0.0,$0.33,38.93,$0.40B,$0.28B,1.43,$0.48B,$3.36B,0.14,$1.49B,$0.67B,44.70%,$1.49B,$0.17B,11.54%,$1.49B,$0.17B,11.54%,$1.49B,$0.17B,11.54%,$1.49B,$0.15B,9.73%,$1.49B,$0.13B,8.79%,$0.13B,$3.36B,4.10%,$0.13B,$3.05B,4.44%,$0.13B,$4.68B,2.89%,$0.17B,$3.84B,4.79%,$350,$1025,$-674,$4,$-783,$237,$114,$-344,$-371,$-13,$-358,$-92,$-92,$57,$114,$401,401,$-0.23,$-0.23,$135,$99,$3,$399,$0,$608,$311,$6,$925,$4681,$280,$479,$137,$1042,$1322,$3510,$-151,$0,$3359,$4681,$0,$0,$0,$0,$0,$0,$0,$0,$0,$199,$-244,$0,$0,$0,$0,$31,$-9,$-222,$0,$21,$0,$0,$14,$0,$0,$35,$8,$0,$0
36,2006-12-31,14.56,$0.00,0.0,$3.64,4.0,$-1.11,0.0,$0.16,90.97,$0.37B,$0.36B,1.02,$0.38B,$3.43B,0.11,$1.42B,$0.60B,41.92%,$1.42B,$0.10B,7.30%,$1.42B,$0.10B,7.30%,$1.42B,$0.10B,7.30%,$1.42B,$0.04B,3.02%,$1.42B,$0.07B,4.71%,$0.07B,$3.43B,2.04%,$0.07B,$3.11B,2.21%,$0.07B,$4.74B,1.43%,$0.10B,$3.81B,2.84%,$380,$2,$378,$9,$267,$323,$57,$-5,$50,$15,$35,$34,$34,$40,$57,$398,398,$0.09,$0.09,$128,$105,$4,$370,$0,$631,$323,$13,$967,$4744,$362,$382,$140,$952,$1314,$3636,$-206,$0,$3430,$4744,$0,$0,$0,$0,$0,$0,$0,$0,$0,$129,$-146,$0,$0,$0,$0,$4,$-2,$-144,$0,$0,$0,$0,$14,$0,$0,$14,$1,$0,$0
