,Date,Stock Price,Book Value per Share,Price to Book Ratio,TTM Sales per Share,Price to Sales Ratio,TTM FCF per Share,Price to FCF Ratio,TTM Net EPS,PE Ratio,Current Assets,Current Liabilities,Current Ratio,Long Term Debt,Shareholder's Equity_x,Debt to Equity Ratio,TTM Revenue_x,TTM Gross Profit,Gross Margin,TTM Revenue_y,TTM Operating Income,Operating Margin,TTM Revenue_x,TTM EBIT,EBIT Margin,TTM Revenue_y,TTM EBITDA,EBITDA Margin,TTM Revenue_x,TTM Pre-Tax Income,Pre-Tax Margin,TTM Revenue_y,TTM Net Income_x,Net Margin,TTM Net Income_y,Shareholder's Equity_y,Return on Equity,TTM Net Income_x,Tangible Equity,Return on Tangible Equity,TTM Net Income_y,Total Assets,Return on Assets,TTM Net Income,LT Investments & Debt,Return on Investment,revenue,cost-goods-sold,gross-profit,research-development-expenses,selling-general-administrative-expenses,operating-expenses,operating-income,total-non-operating-income-expense,pre-tax-income,total-provision-income-taxes,income-after-taxes,income-from-continuous-operations,net-income,ebitda,ebit,basic-shares-outstanding,shares-outstanding,eps-basic-net-earnings-per-share,eps-earnings-per-share-diluted,cash-on-hand,inventory,other-current-assets,total-current-assets,net-property-plant-equipment,long-term-investments,goodwill-intangible-assets-total,other-long-term-assets,total-long-term-assets,total-assets,total-current-liabilities,long-term-debt,other-non-current-liabilities,total-long-term-liabilities,total-liabilities,common-stock-net,retained-earnings-accumulated-deficit,comprehensive-income,total-share-holder-equity,total-liabilities-share-holders-equity,net-income-loss,total-depreciation-amortization-cash-flow,other-non-cash-items,total-non-cash-items,change-in-accounts-receivable,change-in-inventories,change-in-accounts-payable,change-in-assets-liabilities,total-change-in-assets-liabilities,cash-flow-from-operating-activities,net-change-in-property-plant-equipment,net-change-in-intangible-assets,net-acquisitions-divestitures,net-change-in-short-term-investments,net-change-in-long-term-investments,net-change-in-investments-total,investing-activities-other,cash-flow-from-investing-activities,net-long-term-debt,net-current-debt,debt-issuance-retirement-net-total,net-common-equity-issued-repurchased,net-total-equity-issued-repurchased,total-common-preferred-stock-dividends-paid,financial-activities-other,cash-flow-from-financial-activities,net-cash-flow,stock-based-compensation,common-stock-dividends-paid
0,2018-06-30,17.24,$8.71,1.98,$6.95,2.48,$3.10,5.56,$2.57,6.71,$0.03B,$0.01B,2.5,$0.02B,$0.07B,0.27,$0.06B,$0.06B,100.00%,$0.06B,$0.02B,43.64%,$0.06B,$0.02B,43.64%,$0.06B,$0.02B,43.64%,$0.06B,$0.02B,41.82%,$0.06B,$0.02B,36.36%,$0.02B,$0.07B,32.79%,$0.02B,$0.07B,32.79%,$0.02B,$0.11B,20.00%,$0.02B,$0.09B,29.63%,$14,$0,$14,$0,$7,$7,$6,$-0,$6,$2,$4,$4,$4,$6,$6,$8,8,$0.54,$0.53,$21,$0,$0,$27,$0,$0,$0,$78,$79,$105,$11,$19,$0,$27,$37,$17,$51,$0,$68,$105,$17,$0,$-2,$-2,$-0,$0,$-2,$1,$-1,$15,$-0,$0,$-3,$0,$0,$0,$0,$-4,$-3,$0,$-3,$-0,$-0,$-2,$0,$-5,$5,$2,$-2
1,2018-03-31,19.07,$8.20,2.33,$6.93,2.75,$3.09,6.17,$2.55,7.48,$0.02B,$0.01B,2.33,$0.02B,$0.06B,0.31,$0.05B,$0.05B,100.00%,$0.05B,$0.02B,44.44%,$0.05B,$0.02B,44.44%,$0.05B,$0.02B,44.44%,$0.05B,$0.02B,42.59%,$0.05B,$0.02B,37.04%,$0.02B,$0.06B,35.56%,$0.02B,$0.06B,35.56%,$0.02B,$0.10B,20.62%,$0.02B,$0.08B,31.17%,$14,$0,$14,$0,$8,$8,$6,$-0,$6,$1,$5,$5,$5,$6,$6,$8,8,$0.58,$0.58,$17,$0,$0,$22,$0,$0,$0,$78,$79,$101,$10,$20,$0,$27,$37,$16,$48,$0,$64,$101,$13,$0,$-3,$-2,$-0,$0,$-3,$1,$-2,$8,$-0,$0,$-3,$0,$0,$0,$0,$-4,$-2,$0,$-2,$-0,$-0,$-1,$0,$-4,$1,$1,$-1
2,2017-12-31,16.25,$7.64,2.13,$6.86,2.37,$3.12,5.21,$2.44,6.66,$0.02B,$0.01B,2.34,$0.02B,$0.06B,0.35,$0.05B,$0.05B,100.00%,$0.05B,$0.02B,45.28%,$0.05B,$0.02B,45.28%,$0.05B,$0.02B,45.28%,$0.05B,$0.02B,43.40%,$0.05B,$0.02B,35.85%,$0.02B,$0.06B,36.89%,$0.02B,$0.06B,36.89%,$0.02B,$0.10B,20.21%,$0.02B,$0.08B,32.76%,$14,$0,$14,$0,$7,$7,$6,$-0,$6,$-2,$8,$8,$8,$6,$6,$8,8,$1.05,$1.04,$15,$0,$0,$21,$0,$0,$0,$76,$76,$97,$9,$21,$0,$28,$37,$15,$44,$0,$60,$97,$8,$0,$-3,$-3,$-0,$0,$-4,$1,$-3,$2,$-0,$0,$-1,$0,$0,$0,$0,$-1,$-1,$0,$-1,$-0,$-0,$-1,$0,$-2,$-1,$1,$-1
3,2017-09-30,15.1,$6.63,2.28,$6.81,2.22,$3.13,4.83,$1.89,7.98,$0.02B,$0.01B,1.78,$0.02B,$0.05B,0.42,$0.05B,$0.05B,100.00%,$0.05B,$0.02B,46.15%,$0.05B,$0.02B,46.15%,$0.05B,$0.02B,46.15%,$0.05B,$0.02B,44.23%,$0.05B,$0.02B,28.85%,$0.02B,$0.05B,32.09%,$0.02B,$0.05B,32.09%,$0.02B,$0.10B,16.44%,$0.02B,$0.07B,34.41%,$13,$0,$13,$0,$7,$8,$6,$-0,$5,$2,$3,$3,$3,$6,$6,$8,8,$0.44,$0.42,$16,$0,$0,$22,$0,$0,$0,$75,$75,$97,$12,$22,$0,$33,$46,$15,$37,$0,$52,$97,$0,$0,$0,$0,$0,$0,$0,$0,$0,$0,$0,$0,$0,$0,$0,$0,$0,$0,$0,$0,$0,$-0,$-0,$0,$0,$-0,$-0,$0,$0
4,2017-06-30,14.77,$6.33,2.33,$6.80,2.17,$3.13,4.73,$1.93,7.67,$0.02B,$0.01B,1.82,$0.02B,$0.05B,0.47,$0.05B,$0.05B,100.00%,$0.05B,$0.02B,46.15%,$0.05B,$0.02B,46.15%,$0.05B,$0.02B,46.15%,$0.05B,$0.02B,46.15%,$0.05B,$0.02B,30.77%,$0.02B,$0.05B,37.21%,$0.02B,$0.05B,37.21%,$0.02B,$0.09B,18.13%,$0.02B,$0.07B,35.69%,$13,$0,$13,$0,$7,$7,$6,$-0,$6,$2,$4,$4,$4,$6,$6,$8,8,$0.51,$0.51,$12,$0,$0,$18,$0,$0,$0,$75,$75,$93,$10,$23,$0,$35,$45,$15,$34,$0,$49,$93,$12,$0,$3,$3,$-0,$0,$-1,$1,$-1,$14,$-0,$0,$-0,$0,$0,$0,$0,$-0,$-3,$0,$-3,$-0,$-0,$-2,$-0,$-5,$9,$2,$-2
5,2017-03-31,16.29,$5.82,2.8,$6.79,2.4,$3.03,5.38,$1.92,8.47,$0.01B,$0.01B,1.61,$0.02B,$0.05B,0.53,$0.05B,$0.05B,100.00%,$0.05B,$0.02B,46.15%,$0.05B,$0.02B,46.15%,$0.05B,$0.02B,46.15%,$0.05B,$0.02B,46.15%,$0.05B,$0.02B,30.77%,$0.02B,$0.05B,40.76%,$0.02B,$0.05B,40.76%,$0.02B,$0.09B,18.71%,$0.02B,$0.07B,37.07%,$13,$0,$13,$0,$7,$7,$6,$-0,$6,$2,$4,$4,$4,$6,$6,$8,8,$0.47,$0.47,$8,$0,$0,$14,$0,$0,$0,$75,$75,$89,$9,$24,$0,$36,$44,$14,$30,$0,$45,$89,$8,$0,$2,$2,$-0,$0,$-2,$1,$-2,$8,$-0,$0,$-0,$0,$0,$0,$0,$-0,$-2,$0,$-2,$-0,$-0,$-1,$-0,$-3,$5,$1,$-1
6,2016-12-31,20.42,$5.36,3.81,$6.67,3.06,$2.98,6.86,$1.88,10.86,$0.01B,$0.01B,1.36,$0.03B,$0.04B,0.61,$0.05B,$0.05B,100.00%,$0.05B,$0.02B,45.10%,$0.05B,$0.02B,45.10%,$0.05B,$0.02B,45.10%,$0.05B,$0.02B,45.10%,$0.05B,$0.02B,29.41%,$0.02B,$0.04B,42.25%,$0.02B,$0.04B,42.25%,$0.02B,$0.09B,18.13%,$0.02B,$0.07B,37.10%,$13,$0,$13,$0,$7,$7,$6,$-0,$6,$2,$4,$4,$4,$6,$6,$8,8,$0.52,$0.52,$4,$0,$1,$10,$0,$0,$0,$75,$75,$86,$8,$25,$0,$37,$44,$14,$27,$0,$41,$86,$4,$0,$2,$2,$-0,$0,$-3,$1,$-3,$2,$-0,$0,$-0,$0,$0,$0,$0,$-0,$-1,$0,$-1,$-0,$-0,$-1,$0,$-2,$1,$1,$-1
7,2016-09-30,22.74,$4.87,4.67,$6.67,3.41,$3.03,7.52,$1.86,12.23,$0.01B,$0.01B,0.9,$0.03B,$0.04B,0.7,$0.05B,$0.05B,100.00%,$0.05B,$0.02B,45.10%,$0.05B,$0.02B,45.10%,$0.05B,$0.02B,45.10%,$0.05B,$0.02B,45.10%,$0.05B,$0.02B,29.41%,$0.02B,$0.04B,46.88%,$0.02B,$0.04B,46.88%,$0.02B,$0.09B,18.81%,$0.02B,$0.06B,38.66%,$13,$0,$13,$0,$7,$7,$6,$-0,$6,$2,$4,$4,$4,$6,$6,$8,8,$0.47,$0.46,$4,$0,$0,$10,$0,$0,$0,$75,$75,$85,$11,$26,$0,$36,$48,$13,$24,$0,$37,$85,$0,$0,$0,$0,$0,$0,$0,$0,$0,$0,$0,$0,$0,$0,$0,$0,$0,$0,$0,$0,$0,$-0,$-0,$0,$0,$-0,$-0,$0,$0
8,2016-06-30,21.41,$4.46,4.8,$6.37,3.36,$4.61,4.64,$1.79,11.98,$0.02B,$0.01B,1.81,$0.03B,$0.03B,0.81,$0.05B,$0.05B,100.00%,$0.05B,$0.02B,46.00%,$0.05B,$0.02B,46.00%,$0.05B,$0.02B,46.00%,$0.05B,$0.02B,46.00%,$0.05B,$0.01B,28.00%,$0.01B,$0.03B,49.12%,$0.01B,$0.03B,49.12%,$0.01B,$0.08B,18.24%,$0.02B,$0.06B,40.17%,$13,$0,$13,$0,$7,$7,$6,$-0,$6,$2,$4,$4,$4,$6,$6,$8,8,$0.51,$0.50,$11,$0,$1,$18,$0,$0,$0,$64,$64,$82,$10,$27,$0,$38,$48,$13,$21,$0,$34,$82,$11,$0,$3,$3,$-0,$0,$1,$0,$-0,$13,$-0,$0,$-0,$0,$0,$0,$-0,$-0,$-3,$0,$-3,$0,$0,$-1,$0,$-4,$8,$1,$-1
9,2016-03-31,17.04,$3.95,4.31,$6.06,2.81,$4.07,4.18,$1.65,10.31,$0.01B,$0.01B,1.61,$0.03B,$0.03B,0.95,$0.05B,$0.05B,100.00%,$0.05B,$0.02B,46.94%,$0.05B,$0.02B,46.94%,$0.05B,$0.02B,46.94%,$0.05B,$0.02B,44.90%,$0.05B,$0.01B,26.53%,$0.01B,$0.03B,41.60%,$0.01B,$0.03B,41.60%,$0.01B,$0.08B,16.88%,$0.02B,$0.06B,39.48%,$12,$0,$12,$0,$6,$7,$5,$-0,$5,$2,$3,$3,$3,$5,$5,$8,8,$0.43,$0.43,$8,$0,$0,$14,$0,$0,$0,$64,$64,$78,$9,$28,$0,$39,$48,$12,$18,$0,$30,$78,$7,$0,$2,$2,$-0,$0,$-1,$0,$-2,$8,$-0,$0,$-0,$0,$0,$0,$-0,$-0,$-2,$0,$-2,$0,$0,$-1,$0,$-3,$4,$1,$-1
10,2015-12-31,19.07,$3.51,5.43,$5.67,3.36,$3.56,5.36,$1.52,12.54,$0.01B,$0.01B,1.37,$0.03B,$0.03B,1.11,$0.05B,$0.05B,100.00%,$0.05B,$0.02B,45.83%,$0.05B,$0.02B,45.83%,$0.05B,$0.02B,45.83%,$0.05B,$0.02B,43.75%,$0.05B,$0.01B,27.08%,$0.01B,$0.03B,37.96%,$0.01B,$0.03B,37.96%,$0.01B,$0.07B,16.94%,$0.02B,$0.06B,36.97%,$13,$0,$13,$0,$7,$7,$6,$-0,$6,$2,$4,$4,$4,$6,$6,$8,8,$0.48,$0.47,$4,$0,$1,$10,$0,$0,$0,$64,$64,$74,$8,$30,$0,$40,$48,$12,$15,$0,$27,$74,$4,$0,$2,$2,$-0,$0,$-1,$0,$-3,$3,$-0,$0,$-0,$0,$0,$0,$-0,$-0,$-1,$0,$-1,$0,$0,$-0,$0,$-1,$1,$0,$-0
11,2015-09-30,15.09,$3.05,4.95,$5.07,2.98,$3.40,4.44,$1.28,11.79,$0.01B,$0.01B,0.92,$0.03B,$0.02B,1.33,$0.05B,$0.05B,100.00%,$0.05B,$0.02B,44.44%,$0.05B,$0.02B,44.44%,$0.05B,$0.02B,44.44%,$0.05B,$0.02B,40.00%,$0.05B,$0.01B,24.44%,$0.01B,$0.02B,29.53%,$0.01B,$0.02B,29.53%,$0.01B,$0.07B,14.24%,$0.02B,$0.05B,32.92%,$12,$0,$12,$0,$6,$7,$6,$-0,$6,$2,$3,$3,$3,$6,$6,$9,9,$0.37,$0.37,$3,$0,$1,$9,$0,$0,$0,$63,$64,$73,$10,$31,$0,$40,$50,$12,$11,$0,$23,$73,$11,$0,$2,$2,$-1,$0,$1,$-1,$1,$14,$-0,$0,$-0,$0,$0,$0,$0,$-0,$8,$0,$8,$-25,$-25,$-1,$0,$-19,$-5,$1,$-1
12,2015-06-30,11.94,$4.97,2.4,$4.75,2.51,$2.86,4.18,$1.17,10.18,$0.02B,$0.01B,2.14,$0.02B,$0.05B,0.45,$0.04B,$0.04B,100.00%,$0.04B,$0.02B,41.86%,$0.04B,$0.02B,41.86%,$0.04B,$0.02B,41.86%,$0.04B,$0.02B,37.21%,$0.04B,$0.01B,23.26%,$0.01B,$0.05B,24.54%,$0.01B,$0.05B,24.54%,$0.01B,$0.08B,12.86%,$0.02B,$0.07B,28.92%,$12,$0,$12,$0,$6,$6,$6,$-0,$5,$2,$3,$3,$3,$6,$6,$9,9,$0.38,$0.37,$14,$0,$0,$20,$0,$0,$0,$63,$63,$83,$9,$20,$0,$29,$38,$11,$33,$0,$45,$83,$8,$0,$2,$2,$-1,$0,$1,$-1,$0,$10,$-0,$0,$-0,$0,$0,$0,$-0,$-0,$-3,$0,$-3,$0,$0,$-1,$0,$-4,$6,$0,$-1
13,2015-03-31,12.79,$4.62,2.77,$4.39,2.91,$2.40,5.34,$1.03,12.38,$0.01B,$0.01B,1.99,$0.02B,$0.04B,0.51,$0.04B,$0.04B,100.00%,$0.04B,$0.02B,40.00%,$0.04B,$0.02B,40.00%,$0.04B,$0.02B,40.00%,$0.04B,$0.01B,35.00%,$0.04B,$0.01B,22.50%,$0.01B,$0.04B,23.53%,$0.01B,$0.04B,23.53%,$0.01B,$0.08B,11.92%,$0.02B,$0.06B,26.34%,$11,$0,$11,$0,$5,$6,$4,$-0,$4,$2,$3,$3,$3,$4,$4,$9,9,$0.30,$0.29,$9,$0,$0,$14,$0,$0,$0,$63,$63,$77,$7,$21,$0,$28,$35,$11,$31,$0,$42,$77,$5,$0,$0,$0,$-1,$0,$-0,$0,$-1,$4,$-0,$0,$0,$0,$0,$0,$-0,$-0,$-2,$0,$-2,$0,$0,$-1,$0,$-3,$2,$0,$-1
14,2014-12-31,13.82,$4.35,3.18,$4.15,3.33,$2.35,5.89,$0.94,14.7,$0.01B,$0.01B,1.99,$0.02B,$0.04B,0.56,$0.04B,$0.04B,100.00%,$0.04B,$0.02B,40.54%,$0.04B,$0.02B,40.54%,$0.04B,$0.02B,40.54%,$0.04B,$0.01B,35.14%,$0.04B,$0.01B,21.62%,$0.01B,$0.04B,22.22%,$0.01B,$0.04B,22.22%,$0.01B,$0.08B,10.81%,$0.02B,$0.06B,25.21%,$10,$0,$10,$0,$5,$6,$4,$-0,$3,$1,$2,$2,$2,$4,$4,$9,9,$0.24,$0.23,$8,$0,$0,$13,$0,$0,$0,$63,$63,$76,$6,$22,$0,$30,$36,$11,$28,$0,$39,$76,$2,$0,$1,$1,$-0,$0,$-1,$0,$-1,$2,$-0,$0,$0,$0,$0,$0,$0,$-0,$-1,$0,$-1,$0,$0,$-0,$0,$-1,$0,$0,$-0
15,2014-09-30,12.49,$4.14,3.01,$3.95,3.16,$2.32,5.39,$0.87,14.3,$0.01B,$0.01B,1.64,$0.02B,$0.04B,0.61,$0.04B,$0.04B,100.00%,$0.04B,$0.01B,40.00%,$0.04B,$0.01B,40.00%,$0.04B,$0.01B,40.00%,$0.04B,$0.01B,37.14%,$0.04B,$0.01B,20.00%,$0.01B,$0.04B,20.59%,$0.01B,$0.04B,20.59%,$0.01B,$0.08B,9.66%,$0.01B,$0.06B,23.93%,$10,$0,$10,$0,$5,$5,$4,$-0,$4,$1,$2,$2,$2,$4,$4,$9,9,$0.27,$0.27,$8,$0,$0,$12,$0,$0,$0,$63,$63,$75,$7,$23,$0,$30,$38,$11,$27,$0,$37,$75,$8,$0,$2,$2,$-1,$0,$0,$-0,$-1,$9,$-0,$0,$-19,$0,$0,$0,$0,$-19,$10,$0,$10,$0,$0,$-1,$0,$9,$-1,$0,$-1
16,2014-06-30,9.33,$3.90,2.39,$3.69,2.53,$1.95,4.79,$0.78,11.96,$0.01B,$0.01B,1.37,$0.02B,$0.04B,0.68,$0.03B,$0.03B,100.00%,$0.03B,$0.01B,40.63%,$0.03B,$0.01B,40.63%,$0.03B,$0.01B,40.63%,$0.03B,$0.01B,37.50%,$0.03B,$0.01B,21.88%,$0.01B,$0.04B,21.71%,$0.01B,$0.04B,21.71%,$0.01B,$0.07B,9.66%,$0.01B,$0.06B,22.61%,$9,$0,$9,$0,$4,$5,$4,$-0,$3,$1,$2,$2,$2,$4,$4,$9,9,$0.23,$0.23,$7,$0,$0,$10,$0,$0,$0,$63,$63,$74,$8,$24,$0,$31,$39,$11,$24,$0,$35,$74,$5,$0,$1,$1,$-1,$0,$1,$-0,$-0,$6,$-0,$0,$-19,$0,$0,$0,$0,$-19,$11,$0,$11,$1,$1,$-1,$0,$11,$-2,$0,$-1
17,2014-03-31,7.34,$3.70,1.98,$3.44,2.13,$1.68,4.36,$0.71,10.39,$0.01B,$0.01B,1.17,$0.03B,$0.03B,0.76,$0.03B,$0.03B,100.00%,$0.03B,$0.01B,36.67%,$0.03B,$0.01B,36.67%,$0.03B,$0.01B,40.00%,$0.03B,$0.01B,36.67%,$0.03B,$0.01B,20.00%,$0.01B,$0.03B,19.67%,$0.01B,$0.03B,19.67%,$0.01B,$0.07B,8.89%,$0.01B,$0.06B,20.47%,$8,$0,$8,$0,$5,$5,$3,$-0,$3,$1,$2,$2,$2,$3,$3,$9,9,$0.21,$0.20,$4,$0,$0,$8,$0,$0,$0,$63,$63,$71,$7,$25,$0,$32,$38,$10,$23,$0,$33,$71,$3,$0,$1,$1,$-1,$0,$-0,$0,$-1,$4,$-0,$0,$-19,$0,$0,$0,$0,$-19,$12,$0,$12,$0,$0,$-0,$0,$11,$-4,$0,$-0
18,2013-12-31,7.34,$3.52,2.09,$3.18,2.31,$1.47,5.01,$0.64,11.47,$0.01B,$0.01B,1.0,$0.03B,$0.03B,0.83,$0.03B,$0.03B,100.00%,$0.03B,$0.01B,35.71%,$0.03B,$0.01B,35.71%,$0.03B,$0.01B,39.29%,$0.03B,$0.01B,35.71%,$0.03B,$0.01B,17.86%,$0.01B,$0.03B,17.24%,$0.01B,$0.03B,17.24%,$0.01B,$0.07B,7.97%,$0.01B,$0.06B,20.00%,$8,$0,$8,$0,$4,$5,$3,$-0,$3,$1,$1,$1,$1,$3,$3,$9,9,$0.17,$0.17,$3,$0,$0,$7,$0,$0,$0,$63,$63,$70,$7,$26,$0,$32,$39,$10,$21,$0,$31,$70,$1,$0,$0,$0,$-0,$0,$-1,$0,$-0,$1,$-0,$0,$-19,$0,$0,$0,$0,$-19,$13,$0,$13,$0,$0,$-0,$0,$12,$-5,$0,$-0
19,2013-09-30,5.86,$3.37,1.74,$2.82,2.08,$1.27,4.6,$0.56,10.46,$0.01B,$0.01B,0.94,$0.03B,$0.03B,0.9,$0.03B,$0.03B,100.00%,$0.03B,$0.01B,36.00%,$0.03B,$0.01B,36.00%,$0.03B,$0.01B,40.00%,$0.03B,$0.01B,32.00%,$0.03B,$0.01B,20.00%,$0.01B,$0.03B,18.02%,$0.01B,$0.03B,18.02%,$0.01B,$0.08B,8.62%,$0.01B,$0.06B,19.46%,$7,$0,$7,$0,$4,$4,$3,$-0,$3,$1,$2,$2,$2,$3,$3,$9,9,$0.17,$0.17,$8,$0,$0,$12,$0,$0,$0,$63,$63,$75,$12,$27,$0,$32,$45,$10,$20,$0,$30,$75,$5,$0,$2,$2,$-2,$0,$2,$-1,$-1,$6,$-0,$0,$-21,$0,$0,$0,$0,$-21,$15,$0,$15,$0,$0,$-1,$0,$14,$-0,$0,$-1
20,2013-06-30,4.56,$3.21,1.42,$2.22,2.05,$0.82,5.56,$0.41,11.04,$0.01B,$0.01B,2.17,$0.02B,$0.03B,0.55,$0.02B,$0.02B,100.00%,$0.02B,$0.01B,30.00%,$0.02B,$0.01B,30.00%,$0.02B,$0.01B,40.00%,$0.02B,$0.01B,25.00%,$0.02B,$0.00B,15.00%,$0.00B,$0.03B,11.32%,$0.00B,$0.03B,11.32%,$0.00B,$0.05B,6.32%,$0.01B,$0.04B,15.38%,$7,$0,$7,$0,$4,$4,$2,$-0,$2,$1,$1,$1,$1,$3,$2,$9,9,$0.16,$0.16,$7,$0,$0,$10,$0,$0,$0,$44,$44,$54,$5,$15,$0,$21,$26,$10,$18,$0,$28,$54,$3,$0,$1,$2,$-2,$0,$2,$-1,$-1,$4,$-0,$0,$-21,$0,$0,$0,$0,$-20,$15,$0,$15,$0,$0,$-1,$0,$15,$-2,$0,$-1
21,2013-03-31,4.76,$3.08,1.55,$1.66,2.86,$0.54,8.77,$0.29,16.61,$0.01B,$0.00B,2.28,$0.02B,$0.03B,0.59,$0.02B,$0.02B,100.00%,$0.02B,$0.01B,33.33%,$0.02B,$0.01B,33.33%,$0.02B,$0.01B,40.00%,$0.02B,$0.00B,26.67%,$0.02B,$0.00B,13.33%,$0.00B,$0.03B,7.77%,$0.00B,$0.03B,7.77%,$0.00B,$0.05B,4.76%,$0.01B,$0.04B,14.39%,$6,$0,$6,$0,$3,$4,$2,$-0,$2,$1,$1,$1,$1,$2,$2,$9,9,$0.13,$0.13,$6,$0,$0,$9,$0,$0,$0,$43,$43,$52,$4,$16,$0,$21,$25,$10,$17,$0,$27,$52,$2,$0,$1,$1,$-1,$0,$1,$-1,$-1,$2,$-0,$0,$-20,$0,$0,$0,$0,$-20,$16,$0,$16,$0,$0,$-0,$0,$15,$-3,$0,$-0
22,2012-12-31,2.69,$2.99,0.9,$1.17,2.29,$0.40,6.72,$0.18,14.95,$0.01B,$0.00B,2.26,$0.02B,$0.03B,0.63,$0.01B,$0.01B,100.00%,$0.01B,$0.00B,27.27%,$0.01B,$0.00B,27.27%,$0.01B,$0.00B,36.36%,$0.01B,$0.00B,18.18%,$0.01B,$0.00B,9.09%,$0.00B,$0.03B,3.96%,$0.00B,$0.03B,3.96%,$0.00B,$0.05B,2.70%,$0.00B,$0.04B,9.76%,$5,$0,$5,$0,$3,$3,$2,$-0,$1,$1,$1,$1,$1,$2,$2,$9,9,$0.09,$0.09,$5,$0,$0,$8,$0,$0,$0,$43,$43,$51,$3,$16,$0,$21,$25,$10,$16,$0,$26,$51,$1,$0,$0,$1,$-1,$0,$0,$-0,$-1,$-0,$-0,$0,$-20,$0,$0,$0,$0,$-20,$16,$0,$16,$0,$0,$-0,$0,$16,$-4,$0,$-0
23,2012-09-30,1.73,$2.92,0.59,$0.82,2.1,$0.40,4.28,$0.11,15.25,$0.01B,$0.00B,5.28,$0.00B,$0.03B,0.05,$0.01B,$0.01B,100.00%,$0.01B,$0.00B,12.50%,$0.01B,$0.00B,12.50%,$0.01B,$0.00B,25.00%,$0.01B,$0.00B,12.50%,$0.01B,0,0.00%,$0.00B,$0.03B,0.00%,$0.00B,$0.03B,0.00%,$0.00B,$0.03B,0.00%,$0.00B,$0.03B,3.70%,$2,$0,$2,$0,$1,$1,$0,$-0,$0,$0,$0,$0,$0,$1,$0,$9,9,$0.03,$0.03,$9,$0,$0,$10,$0,$0,$0,$23,$23,$33,$2,$1,$0,$6,$8,$10,$16,$-0,$25,$33,$1,$0,$1,$1,$-0,$0,$0,$0,$0,$2,$-0,$0,$-0,$0,$0,$0,$0,$-0,$-1,$0,$-1,$0,$0,$-1,$0,$-1,$0,$0,$-1
24,2012-06-30,1.76,$2.91,0.61,$0.81,2.18,$0.39,4.51,$0.11,16.53,$0.01B,$0.00B,6.63,$0.00B,$0.03B,0.06,$0.01B,$0.01B,100.00%,$0.01B,$0.00B,12.50%,$0.01B,$0.00B,12.50%,$0.01B,$0.00B,12.50%,$0.01B,$0.00B,12.50%,$0.01B,0,0.00%,$0.00B,$0.03B,0.00%,$0.00B,$0.03B,0.00%,$0.00B,$0.03B,0.00%,$0.00B,$0.03B,3.70%,$2,$0,$2,$0,$1,$1,$1,$-0,$1,$0,$0,$0,$0,$1,$1,$9,9,$0.03,$0.03,$9,$0,$0,$9,$0,$0,$0,$22,$23,$32,$1,$1,$0,$6,$7,$10,$16,$-0,$25,$32,$1,$0,$1,$1,$-0,$0,$-0,$0,$0,$1,$-0,$0,$-0,$0,$0,$0,$0,$-0,$-0,$0,$-0,$0,$0,$-1,$0,$-1,$0,$0,$-1
25,2012-03-31,1.63,$2.90,0.56,$0.84,1.95,$0.40,4.06,$0.11,14.37,$0.01B,$0.00B,7.78,$0.00B,$0.03B,0.07,$0.01B,$0.01B,100.00%,$0.01B,$0.00B,12.50%,$0.01B,$0.00B,12.50%,$0.01B,$0.00B,12.50%,$0.01B,$0.00B,12.50%,$0.01B,0,0.00%,$0.00B,$0.03B,0.00%,$0.00B,$0.03B,0.00%,$0.00B,$0.03B,0.00%,$0.00B,$0.03B,3.70%,$2,$0,$2,$0,$1,$1,$0,$-0,$0,$0,$0,$0,$0,$0,$0,$9,9,$0.03,$0.03,$8,$0,$0,$9,$0,$0,$0,$22,$23,$32,$1,$2,$0,$6,$7,$10,$16,$-0,$25,$32,$0,$0,$0,$0,$-0,$0,$-0,$0,$-0,$0,$-0,$0,$-0,$0,$0,$0,$0,$-0,$-0,$0,$-0,$0,$0,$-0,$0,$-1,$-0,$0,$-0
26,2011-12-31,1.61,$2.88,0.56,$0.86,1.86,$0.40,4.0,$0.13,12.72,$0.01B,$0.00B,9.32,$0.00B,$0.03B,0.07,$0.01B,$0.01B,100.00%,$0.01B,$0.00B,25.00%,$0.01B,$0.00B,25.00%,$0.01B,$0.00B,25.00%,$0.01B,$0.00B,25.00%,$0.01B,0,0.00%,$0.00B,$0.03B,0.00%,$0.00B,$0.03B,0.00%,$0.00B,$0.03B,0.00%,$0.00B,$0.03B,7.41%,$2,$0,$2,$0,$1,$1,$0,$-0,$0,$0,$0,$0,$0,$0,$0,$9,9,$0.02,$0.02,$8,$0,$0,$9,$0,$0,$0,$22,$23,$32,$1,$2,$0,$6,$7,$10,$15,$-0,$25,$32,$0,$0,$0,$0,$-0,$0,$-1,$0,$-1,$-0,$-0,$0,$-0,$0,$0,$0,$0,$-0,$-0,$0,$-0,$0,$0,$-0,$0,$-0,$-1,$0,$-0
27,2011-09-30,1.74,$2.88,0.6,$0.89,1.96,$0.41,4.24,$0.14,12.46,$0.01B,$0.00B,6.13,$0.00B,$0.03B,0.08,$0.01B,$0.01B,100.00%,$0.01B,$0.00B,25.00%,$0.01B,$0.00B,25.00%,$0.01B,$0.00B,37.50%,$0.01B,$0.00B,25.00%,$0.01B,0,0.00%,$0.00B,$0.03B,0.00%,$0.00B,$0.03B,0.00%,$0.00B,$0.03B,0.00%,$0.00B,$0.03B,7.41%,$2,$0,$2,$0,$1,$1,$0,$-0,$0,$0,$0,$0,$0,$0,$0,$9,9,$0.03,$0.03,$8,$0,$0,$9,$0,$0,$0,$22,$23,$32,$2,$2,$0,$6,$7,$10,$15,$-0,$25,$32,$1,$0,$1,$1,$0,$0,$-0,$-0,$-0,$2,$-0,$0,$0,$0,$0,$0,$0,$-0,$-1,$0,$-1,$0,$0,$-1,$0,$-2,$0,$0,$-1
28,2011-06-30,1.79,$2.88,0.62,$0.90,1.98,$0.43,4.17,$0.14,12.76,$0.01B,$0.00B,6.5,$0.00B,$0.03B,0.08,$0.01B,$0.01B,100.00%,$0.01B,$0.00B,25.00%,$0.01B,$0.00B,25.00%,$0.01B,$0.00B,37.50%,$0.01B,$0.00B,25.00%,$0.01B,0,0.00%,$0.00B,$0.03B,0.00%,$0.00B,$0.03B,0.00%,$0.00B,$0.03B,0.00%,$0.00B,$0.03B,7.41%,$2,$0,$2,$0,$1,$1,$1,$-0,$1,$0,$0,$0,$0,$1,$1,$9,9,$0.04,$0.04,$8,$0,$0,$9,$0,$0,$0,$22,$23,$32,$1,$2,$0,$6,$7,$10,$15,$-0,$25,$32,$1,$0,$1,$1,$0,$0,$-0,$0,$-0,$1,$-0,$0,$0,$0,$0,$0,$0,$-0,$-0,$0,$-0,$0,$0,$-1,$0,$-1,$0,$0,$-1
29,2011-03-31,1.81,$2.85,0.64,$0.90,2.0,$0.44,4.17,$0.13,13.6,$0.01B,$0.00B,6.92,$0.00B,$0.03B,0.09,$0.01B,$0.01B,100.00%,$0.01B,$0.00B,12.50%,$0.01B,$0.00B,12.50%,$0.01B,$0.00B,37.50%,$0.01B,$0.00B,12.50%,$0.01B,0,0.00%,$0.00B,$0.03B,0.00%,$0.00B,$0.03B,0.00%,$0.00B,$0.03B,0.00%,$0.00B,$0.03B,3.81%,$2,$0,$2,$0,$1,$1,$1,$-0,$1,$0,$0,$0,$0,$1,$1,$9,9,$0.04,$0.04,$8,$0,$0,$9,$0,$0,$0,$22,$23,$32,$1,$2,$0,$6,$7,$10,$15,$-0,$25,$32,$1,$0,$0,$0,$-0,$0,$-0,$-0,$-1,$1,$-0,$0,$0,$0,$0,$0,$0,$-0,$-0,$0,$-0,$0,$0,$-1,$0,$-1,$-0,$0,$-1
30,2010-12-31,1.71,$2.83,0.61,$0.89,1.92,$0.43,3.99,$0.12,14.28,$0.01B,$0.00B,7.72,$0.00B,$0.02B,0.1,$0.01B,$0.01B,100.00%,$0.01B,0,0.00%,$0.01B,0,0.00%,$0.01B,$0.00B,25.00%,$0.01B,0,0.00%,$0.01B,0,0.00%,$0.00B,$0.02B,0.00%,$0.00B,$0.02B,0.00%,$0.00B,$0.03B,0.00%,$0.00B,$0.03B,0.00%,$2,$0,$2,$0,$1,$1,$0,$-0,$0,$0,$0,$0,$0,$1,$0,$9,9,$0.03,$0.03,$7,$0,$0,$8,$0,$0,$0,$22,$23,$31,$1,$2,$0,$6,$7,$9,$15,$-0,$24,$31,$0,$0,$0,$0,$-0,$0,$-1,$0,$-1,$-0,$-0,$0,$0,$0,$0,$0,$0,$-0,$-0,$0,$-0,$0,$0,$-1,$0,$-1,$-1,$0,$-1
31,2010-09-30,1.29,$2.86,0.45,$0.90,1.43,$0.36,3.57,$0.11,11.35,$0.01B,$0.00B,5.47,$0.00B,$0.03B,0.1,$0.01B,$0.01B,100.00%,$0.01B,0,0.00%,$0.01B,0,0.00%,$0.01B,$0.00B,12.50%,$0.01B,0,0.00%,$0.01B,0,0.00%,$0.00B,$0.03B,0.00%,$0.00B,$0.03B,0.00%,$0.00B,$0.03B,0.00%,$0.00B,$0.03B,0.00%,$2,$0,$2,$0,$1,$1,$0,$0,$0,$0,$0,$0,$0,$0,$0,$9,9,$0.02,$0.02,$8,$0,$0,$9,$0,$0,$0,$22,$23,$32,$2,$3,$0,$6,$7,$9,$15,$-0,$25,$32,$1,$0,$1,$1,$-0,$0,$-0,$1,$0,$2,$-0,$0,$-0,$0,$0,$0,$0,$-0,$1,$0,$1,$-0,$-0,$-1,$0,$0,$2,$0,$-1
32,2010-06-30,1.51,$2.80,0.54,$0.88,1.71,$0.23,6.53,$0.09,17.38,$0.01B,$0.00B,3.17,$0.00B,$0.02B,0.0,$0.01B,$0.01B,100.00%,$0.01B,0,0.00%,$0.01B,0,0.00%,$0.01B,$0.00B,12.50%,$0.01B,0,0.00%,$0.01B,0,0.00%,$0.00B,$0.02B,0.00%,$0.00B,$0.02B,0.00%,$0.00B,$0.03B,0.00%,$0.00B,$0.02B,0.00%,$2,$0,$2,$0,$1,$1,$0,$-0,$0,$0,$0,$0,$0,$1,$0,$9,9,$0.03,$0.03,$6,$0,$0,$7,$0,$0,$0,$22,$23,$30,$2,$0,$0,$3,$5,$10,$15,$-0,$24,$30,$1,$0,$1,$1,$-0,$0,$-1,$1,$-0,$1,$-0,$0,$-0,$0,$0,$0,$0,$-0,$-1,$0,$-1,$0,$0,$-1,$0,$-1,$0,$0,$-1
33,2010-03-31,1.37,$2.77,0.49,$0.83,1.64,$0.05,26.04,$0.05,25.65,$0.01B,$0.00B,3.01,$0.00B,$0.02B,0.0,$0.01B,$0.01B,100.00%,$0.01B,0,0.00%,$0.01B,0,0.00%,$0.01B,0,0.00%,$0.01B,0,0.00%,$0.01B,0,0.00%,$0.00B,$0.02B,0.00%,$0.00B,$0.02B,0.00%,$0.00B,$0.03B,0.00%,$0.00B,$0.02B,0.00%,$2,$0,$2,$0,$1,$2,$0,$-0,$0,$0,$0,$0,$0,$0,$0,$9,9,$0.03,$0.03,$5,$0,$0,$6,$0,$0,$0,$22,$23,$29,$2,$0,$0,$3,$5,$10,$15,$-0,$24,$29,$0,$0,$0,$1,$-0,$0,$-1,$1,$-0,$0,$-0,$0,$-0,$0,$0,$0,$0,$-0,$-0,$0,$-0,$0,$0,$-1,$0,$-1,$-1,$0,$-1
34,2009-12-31,1.57,$2.81,0.56,$0.75,2.08,$-0.07,0.0,$0.01,116.86,$0.01B,$0.00B,3.0,$0.00B,$0.02B,0.0,$0.01B,$0.01B,100.00%,$0.01B,0,0.00%,$0.01B,0,0.00%,$0.01B,0,0.00%,$0.01B,0,0.00%,$0.01B,0,0.00%,$0.00B,$0.02B,0.00%,$0.00B,$0.02B,0.00%,$0.00B,$0.03B,0.00%,$0.00B,$0.02B,0.00%,$2,$0,$2,$0,$1,$2,$0,$-0,$0,$0,$0,$0,$0,$0,$0,$9,9,$0.03,$0.03,$5,$0,$0,$6,$0,$0,$0,$22,$23,$29,$2,$0,$0,$3,$5,$10,$15,$-0,$24,$29,$0,$0,$0,$0,$-0,$0,$-1,$-0,$-1,$-1,$-0,$0,$-0,$0,$0,$0,$0,$-0,$-0,$0,$-0,$0,$0,$0,$0,$-0,$-1,$0,$0
35,2009-09-30,1.69,$2.79,0.61,$0.68,2.48,$-0.09,0.0,$-0.02,0.0,$0.01B,$0.00B,2.15,$0.00B,$0.02B,0.0,$0.01B,$0.01B,100.00%,$0.01B,0,0.00%,$0.01B,0,0.00%,$0.01B,0,0.00%,$0.01B,0,0.00%,$0.01B,0,0.00%,$0.00B,$0.02B,0.00%,$0.00B,$0.02B,0.00%,$0.00B,$0.03B,0.00%,$0.00B,$0.02B,0.00%,$2,$0,$2,$0,$1,$2,$0,$-0,$0,$0,$-0,$-0,$-0,$0,$0,$9,9,$-0.00,$-0.00,$6,$0,$0,$7,$0,$0,$0,$22,$23,$30,$3,$0,$0,$3,$6,$9,$15,$-0,$24,$30,$-0,$0,$1,$1,$0,$0,$0,$-0,$0,$1,$-0,$0,$-3,$0,$0,$0,$0,$-3,$-5,$0,$-5,$0,$0,$-1,$0,$-5,$-7,$1,$-1
36,2009-06-30,1.73,$2.77,0.62,$0.74,2.33,$0.06,27.21,0,0.0,$0.01B,$0.00B,5.42,$0.00B,$0.02B,0.06,$0.01B,$0.01B,100.00%,$0.01B,0,0.00%,$0.01B,0,0.00%,$0.01B,0,0.00%,$0.01B,0,0.00%,$0.01B,0,0.00%,$0.00B,$0.02B,0.00%,$0.00B,$0.02B,0.00%,$0.00B,$0.03B,0.00%,$0.00B,$0.03B,0.00%,$2,$0,$2,$0,$1,$1,$0,$-0,$0,$0,$0,$0,$0,$0,$0,$9,9,$0.00,$0.00,$6,$0,$0,$7,$0,$0,$0,$22,$22,$29,$1,$1,$0,$4,$5,$9,$15,$-0,$24,$29,$-0,$0,$1,$1,$0,$0,$-1,$-0,$-1,$-0,$-0,$0,$-2,$0,$0,$0,$0,$-2,$-4,$0,$-4,$0,$0,$-1,$0,$-5,$-7,$0,$-1
37,2009-03-31,1.33,$2.75,0.48,$0.82,1.61,$0.24,5.49,$0.04,33.18,$0.01B,$0.00B,5.8,$0.00B,$0.02B,0.07,$0.01B,$0.01B,100.00%,$0.01B,$0.00B,16.67%,$0.01B,$0.00B,16.67%,$0.01B,$0.00B,16.67%,$0.01B,$0.00B,16.67%,$0.01B,0,0.00%,$0.00B,$0.02B,0.00%,$0.00B,$0.02B,0.00%,$0.00B,$0.03B,0.00%,$0.00B,$0.03B,3.67%,$1,$0,$1,$0,$1,$1,$-0,$-0,$-0,$-0,$-0,$-0,$-0,$-0,$-0,$9,9,$-0.01,$-0.01,$5,$0,$0,$7,$0,$0,$0,$21,$22,$29,$1,$2,$0,$4,$5,$9,$15,$-0,$24,$29,$-0,$0,$0,$1,$0,$0,$-1,$-0,$-1,$-1,$-0,$0,$-2,$0,$0,$0,$0,$-2,$-4,$0,$-4,$0,$0,$-1,$0,$-5,$-7,$0,$-1
38,2008-12-31,1.03,$2.84,0.36,$0.97,1.06,$0.38,2.71,$0.10,10.26,$0.01B,$0.00B,9.78,$0.00B,$0.02B,0.07,$0.01B,$0.01B,100.00%,$0.01B,$0.00B,28.57%,$0.01B,$0.00B,28.57%,$0.01B,$0.00B,28.57%,$0.01B,$0.00B,28.57%,$0.01B,0,0.00%,$0.00B,$0.02B,0.00%,$0.00B,$0.02B,0.00%,$0.00B,$0.03B,0.00%,$0.00B,$0.03B,7.08%,$1,$0,$1,$0,$1,$1,$-0,$-0,$-0,$-0,$-0,$-0,$-0,$-0,$-0,$8,8,$-0.01,$-0.01,$8,$0,$0,$9,$0,$0,$0,$20,$20,$29,$1,$2,$0,$4,$5,$9,$15,$-0,$24,$29,$-0,$0,$0,$0,$0,$0,$-1,$-0,$-1,$-1,$-0,$0,$-0,$0,$0,$0,$0,$-0,$-4,$0,$-4,$0,$0,$0,$0,$-4,$-5,$0,$0
39,2008-09-30,2.6,$2.86,0.91,$1.18,2.21,$0.47,5.54,$0.19,13.94,$0.01B,$0.00B,4.23,$0.00B,$0.03B,0.18,$0.01B,$0.01B,100.00%,$0.01B,$0.00B,33.33%,$0.01B,$0.00B,33.33%,$0.01B,$0.00B,33.33%,$0.01B,$0.00B,33.33%,$0.01B,$0.00B,11.11%,$0.00B,$0.03B,4.12%,$0.00B,$0.03B,4.12%,$0.00B,$0.03B,2.92%,$0.00B,$0.03B,10.26%,$2,$0,$2,$0,$1,$2,$0,$0,$0,$0,$0,$0,$0,$0,$0,$8,9,$0.02,$0.02,$13,$0,$0,$14,$0,$0,$0,$19,$20,$34,$3,$4,$0,$6,$10,$9,$16,$-0,$25,$34,$2,$1,$1,$1,$0,$0,$-1,$-0,$-1,$2,$-0,$0,$-1,$0,$0,$0,$0,$-1,$-2,$0,$-2,$0,$0,$-1,$0,$-3,$-1,$0,$-1
40,2008-06-30,2.83,$2.83,1.0,$1.35,2.11,$0.87,3.26,$0.28,10.12,$0.01B,$0.00B,4.63,$0.01B,$0.02B,0.2,$0.01B,$0.01B,100.00%,$0.01B,$0.01B,45.45%,$0.01B,$0.01B,45.45%,$0.01B,$0.01B,45.45%,$0.01B,$0.01B,45.45%,$0.01B,$0.00B,18.18%,$0.00B,$0.02B,8.42%,$0.00B,$0.02B,8.42%,$0.00B,$0.03B,5.76%,$0.01B,$0.03B,16.95%,$2,$0,$2,$0,$1,$2,$1,$0,$1,$0,$0,$0,$0,$1,$1,$8,9,$0.04,$0.04,$13,$0,$0,$14,$0,$0,$0,$19,$20,$34,$3,$5,$0,$7,$10,$8,$15,$-0,$24,$34,$1,$0,$0,$1,$0,$0,$-1,$-0,$-1,$1,$-0,$0,$-1,$0,$0,$0,$0,$-1,$-2,$0,$-2,$0,$0,$-1,$0,$-2,$-1,$0,$-1
41,2008-03-31,4.07,$2.79,1.46,$1.53,2.67,$1.15,3.54,$0.35,11.52,$0.01B,$0.00B,4.82,$0.01B,$0.02B,0.23,$0.01B,$0.01B,100.00%,$0.01B,$0.01B,46.15%,$0.01B,$0.01B,46.15%,$0.01B,$0.01B,46.15%,$0.01B,$0.01B,46.15%,$0.01B,$0.00B,23.08%,$0.00B,$0.02B,12.90%,$0.00B,$0.02B,12.90%,$0.00B,$0.03B,8.57%,$0.01B,$0.03B,20.34%,$2,$0,$2,$0,$1,$2,$1,$0,$1,$0,$0,$0,$0,$1,$1,$8,9,$0.05,$0.05,$12,$0,$0,$14,$0,$0,$0,$20,$20,$34,$3,$5,$0,$7,$10,$8,$15,$-0,$24,$34,$1,$0,$0,$1,$0,$0,$-1,$-0,$-1,$1,$-0,$0,$-1,$0,$0,$0,$0,$-1,$-1,$0,$-1,$0,$0,$-1,$0,$-2,$-2,$0,$-1
42,2007-12-31,6.12,$2.82,2.17,$1.68,3.64,$1.32,4.62,$0.42,14.56,$0.01B,$0.00B,4.84,$0.01B,$0.02B,0.25,$0.02B,$0.02B,100.00%,$0.02B,$0.01B,46.67%,$0.02B,$0.01B,46.67%,$0.02B,$0.01B,46.67%,$0.02B,$0.01B,46.67%,$0.02B,$0.00B,26.67%,$0.00B,$0.02B,17.78%,$0.00B,$0.02B,17.78%,$0.00B,$0.04B,11.51%,$0.01B,$0.03B,23.73%,$3,$0,$3,$0,$1,$2,$1,$0,$1,$0,$1,$1,$1,$1,$1,$8,9,$0.08,$0.08,$13,$0,$0,$14,$0,$1,$0,$20,$21,$35,$3,$6,$0,$8,$11,$8,$15,$0,$24,$35,$1,$0,$0,$0,$0,$0,$-1,$0,$-1,$-0,$-0,$0,$-1,$0,$0,$0,$0,$-1,$-1,$0,$-1,$0,$0,$0,$0,$-1,$-1,$0,$0
43,2007-09-30,5.55,$2.73,2.03,$1.80,3.09,$1.42,3.91,$0.47,11.85,$0.02B,$0.00B,3.69,$0.01B,$0.02B,0.28,$0.02B,$0.02B,100.00%,$0.02B,$0.01B,50.00%,$0.02B,$0.01B,50.00%,$0.02B,$0.01B,50.00%,$0.02B,$0.01B,50.00%,$0.02B,$0.00B,25.00%,$0.00B,$0.02B,18.60%,$0.00B,$0.02B,18.60%,$0.00B,$0.04B,11.68%,$0.01B,$0.03B,27.59%,$4,$0,$4,$0,$1,$2,$2,$-0,$2,$1,$1,$1,$1,$2,$2,$8,9,$0.11,$0.11,$14,$0,$0,$15,$0,$0,$0,$20,$20,$36,$4,$7,$0,$8,$12,$9,$14,$0,$23,$36,$4,$1,$1,$2,$0,$0,$-0,$0,$0,$6,$-0,$0,$0,$0,$0,$0,$0,$-0,$-2,$0,$-2,$0,$0,$-0,$-0,$-2,$3,$0,$-0
44,2007-06-30,6.62,$2.61,2.54,$1.85,3.58,$1.41,4.7,$0.48,13.93,$0.01B,$0.00B,3.72,$0.01B,$0.02B,0.32,$0.02B,$0.02B,100.00%,$0.02B,$0.01B,50.00%,$0.02B,$0.01B,62.50%,$0.02B,$0.01B,50.00%,$0.02B,$0.01B,62.50%,$0.02B,$0.00B,25.00%,$0.00B,$0.02B,19.51%,$0.00B,$0.02B,19.51%,$0.00B,$0.04B,11.94%,$0.01B,$0.03B,28.07%,$4,$0,$4,$0,$1,$2,$2,$-0,$2,$1,$1,$1,$1,$2,$2,$8,9,$0.12,$0.11,$12,$0,$0,$14,$0,$0,$0,$20,$20,$35,$4,$7,$0,$9,$12,$8,$13,$0,$22,$35,$3,$0,$1,$1,$0,$0,$-0,$-0,$-0,$4,$-0,$0,$0,$0,$0,$0,$0,$-0,$-2,$0,$-2,$0,$0,$-0,$-0,$-2,$2,$0,$-0
45,2007-03-31,7.9,$2.46,3.21,$1.93,4.09,$1.41,5.59,$0.51,15.52,$0.01B,$0.00B,3.6,$0.01B,$0.02B,0.36,$0.02B,$0.02B,100.00%,$0.02B,$0.01B,47.06%,$0.02B,$0.01B,58.82%,$0.02B,$0.01B,47.06%,$0.02B,$0.01B,58.82%,$0.02B,$0.00B,23.53%,$0.00B,$0.02B,26.67%,$0.00B,$0.02B,26.67%,$0.00B,$0.03B,16.16%,$0.01B,$0.03B,37.65%,$4,$0,$4,$0,$1,$2,$2,$-0,$2,$1,$1,$1,$1,$2,$2,$8,9,$0.12,$0.11,$11,$0,$0,$13,$0,$0,$0,$20,$21,$33,$4,$8,$0,$9,$12,$8,$12,$0,$21,$33,$2,$0,$0,$1,$0,$0,$-1,$0,$-1,$2,$-0,$0,$0,$0,$0,$0,$0,$-0,$-1,$0,$-1,$0,$0,$-0,$-0,$-1,$1,$0,$-0
46,2006-12-31,7.78,$2.37,3.28,$1.96,3.96,$1.39,5.6,$0.52,14.95,$0.01B,$0.00B,3.38,$0.01B,$0.02B,0.4,$0.02B,$0.02B,100.00%,$0.02B,$0.01B,47.06%,$0.02B,$0.01B,58.82%,$0.02B,$0.01B,47.06%,$0.02B,$0.01B,58.82%,$0.02B,$0.00B,23.53%,$0.00B,$0.02B,41.03%,$0.00B,$0.02B,41.03%,$0.00B,$0.03B,24.24%,$0.01B,$0.03B,57.14%,$4,$0,$4,$0,$1,$2,$2,$-0,$2,$1,$1,$1,$1,$2,$2,$8,9,$0.13,$0.13,$11,$0,$0,$13,$0,$0,$0,$20,$21,$33,$4,$8,$0,$9,$13,$8,$12,$0,$20,$33,$1,$0,$0,$0,$-0,$0,$-1,$0,$-1,$1,$-0,$0,$0,$0,$0,$0,$0,$-0,$-1,$0,$-1,$0,$0,$0,$0,$-1,$0,$0,$0
