,Date,Stock Price,Book Value per Share,Price to Book Ratio,TTM Sales per Share,Price to Sales Ratio,TTM FCF per Share,Price to FCF Ratio,TTM Net EPS,PE Ratio,Current Assets,Current Liabilities,Current Ratio,Long Term Debt,Shareholder's Equity_x,Debt to Equity Ratio,TTM Revenue_x,TTM Gross Profit,Gross Margin,TTM Revenue_y,TTM Operating Income,Operating Margin,TTM Revenue_x,TTM EBIT,EBIT Margin,TTM Revenue_y,TTM EBITDA,EBITDA Margin,TTM Revenue_x,TTM Pre-Tax Income,Pre-Tax Margin,TTM Revenue_y,TTM Net Income_x,Net Margin,TTM Net Income_y,Shareholder's Equity_y,Return on Equity,TTM Net Income_x,Tangible Equity,Return on Tangible Equity,TTM Net Income_y,Total Assets,Return on Assets,TTM Net Income,LT Investments & Debt,Return on Investment,revenue,cost-goods-sold,gross-profit,research-development-expenses,selling-general-administrative-expenses,operating-expenses,operating-income,total-non-operating-income-expense,pre-tax-income,total-provision-income-taxes,income-after-taxes,income-from-continuous-operations,net-income,ebitda,ebit,basic-shares-outstanding,shares-outstanding,eps-basic-net-earnings-per-share,eps-earnings-per-share-diluted,cash-on-hand,inventory,other-current-assets,total-current-assets,net-property-plant-equipment,long-term-investments,goodwill-intangible-assets-total,other-long-term-assets,total-long-term-assets,total-assets,total-current-liabilities,long-term-debt,other-non-current-liabilities,total-long-term-liabilities,total-liabilities,common-stock-net,retained-earnings-accumulated-deficit,comprehensive-income,total-share-holder-equity,total-liabilities-share-holders-equity,net-income-loss,total-depreciation-amortization-cash-flow,other-non-cash-items,total-non-cash-items,change-in-accounts-receivable,change-in-inventories,change-in-accounts-payable,change-in-assets-liabilities,total-change-in-assets-liabilities,cash-flow-from-operating-activities,net-change-in-property-plant-equipment,net-change-in-intangible-assets,net-acquisitions-divestitures,net-change-in-short-term-investments,net-change-in-long-term-investments,net-change-in-investments-total,investing-activities-other,cash-flow-from-investing-activities,net-long-term-debt,net-current-debt,debt-issuance-retirement-net-total,net-common-equity-issued-repurchased,net-total-equity-issued-repurchased,total-common-preferred-stock-dividends-paid,financial-activities-other,cash-flow-from-financial-activities,net-cash-flow,stock-based-compensation,common-stock-dividends-paid
0,2018-09-30,25.9,$0.00,0.0,$66.63,0.39,$10.43,2.48,$1.75,14.8,$7.86B,$18.98B,0.41,$21.58B,$14.46B,1.49,$24.56B,$3.08B,12.53%,$24.56B,$0.78B,3.17%,$24.56B,$0.78B,3.17%,$24.56B,$0.78B,3.17%,$24.56B,$1.06B,4.30%,$24.56B,$0.58B,2.35%,$0.58B,$14.46B,4.07%,$0.58B,$10.57B,5.61%,$0.58B,$56.14B,1.01%,$0.78B,$36.04B,2.32%,$6365,$5654,$712,$0,$140,$6293,$72,$-26,$46,$42,$4,$4,$-19,$72,$72,$330,330,$-0.06,$-0.06,$2061,$1325,$635,$7862,$39798,$3177,$3883,$772,$48279,$56141,$18982,$21580,$602,$22703,$41685,$2234,$4651,$111,$14456,$56141,$0,$0,$0,$0,$0,$0,$0,$0,$0,$3288,$-1705,$0,$-86,$0,$-97,$-97,$170,$-1718,$-6348,$6248,$-101,$0,$0,$-1610,$751,$-959,$615,$0,$-1610
1,2018-03-31,26.22,$0.00,0.0,$59.67,0.44,$11.77,2.23,$2.95,8.89,$8.75B,$23.64B,0.37,$20.55B,$14.84B,1.39,$22.74B,$3.46B,15.21%,$22.74B,$1.39B,6.09%,$22.74B,$1.39B,6.09%,$22.74B,$1.39B,6.09%,$22.74B,$1.75B,7.68%,$22.74B,$1.06B,4.67%,$1.06B,$14.84B,7.42%,$1.06B,$10.82B,10.09%,$1.06B,$60.18B,1.96%,$1.39B,$35.39B,4.43%,$6804,$5887,$918,$0,$142,$6487,$317,$51,$368,$96,$272,$272,$192,$317,$317,$380,380,$0.50,$0.50,$2543,$1307,$628,$8751,$42155,$3474,$4019,$1094,$51431,$60182,$23640,$20550,$332,$21701,$45341,$2391,$5210,$17,$14841,$60182,$0,$0,$0,$0,$0,$0,$0,$0,$0,$1473,$-567,$0,$0,$0,$-58,$-58,$3,$-621,$585,$0,$585,$0,$0,$-432,$50,$203,$1047,$0,$-432
2,2017-09-30,23.84,$0.00,0.0,$53.37,0.45,$12.81,1.86,$4.05,5.89,$8.09B,$24.16B,0.34,$18.15B,$14.03B,1.29,$20.34B,$3.94B,19.36%,$20.34B,$2.03B,9.98%,$20.34B,$2.03B,9.98%,$20.34B,$2.03B,9.98%,$20.34B,$2.39B,11.76%,$20.34B,$1.47B,7.24%,$1.47B,$14.03B,10.19%,$1.47B,$10.17B,13.61%,$1.47B,$57.39B,2.91%,$2.03B,$32.18B,6.92%,$5942,$5165,$777,$0,$143,$5735,$208,$222,$430,$84,$346,$346,$311,$208,$208,$370,370,$0.84,$0.84,$2477,$1141,$962,$8088,$40464,$3377,$3861,$961,$49306,$57394,$24161,$18149,$272,$19199,$43360,$2279,$4963,$69,$14034,$57394,$0,$0,$0,$0,$0,$0,$0,$0,$0,$3232,$-2392,$0,$-1946,$0,$285,$285,$149,$-3904,$2749,$0,$2749,$0,$0,$-1954,$802,$1597,$928,$0,$-1954
3,2017-03-31,24.51,$0.00,0.0,$64.44,0.38,$28.02,0.87,$3.16,7.76,$6.58B,$23.13B,0.28,$16.76B,$13.49B,1.24,$18.96B,$7.72B,40.74%,$18.96B,$6.39B,33.67%,$18.96B,$6.39B,33.67%,$18.96B,$8.74B,46.08%,$18.96B,$6.53B,34.41%,$18.96B,$1.18B,6.24%,$1.18B,$13.49B,7.87%,$1.18B,$9.64B,10.43%,$1.18B,$54.43B,2.43%,$6.39B,$30.25B,22.43%,$5447,$4776,$670,$0,$129,$5266,$181,$31,$212,$71,$141,$141,$94,$181,$181,$407,407,$0.23,$0.23,$1632,$1010,$630,$6575,$39032,$3404,$3848,$995,$47857,$54432,$23130,$16762,$296,$17813,$40942,$2203,$5139,$133,$13490,$54432,$0,$0,$0,$0,$0,$0,$0,$0,$0,$1108,$-711,$0,$-866,$0,$107,$107,$22,$-1448,$1179,$0,$1179,$0,$0,$-380,$13,$812,$477,$0,$-380
4,2016-09-30,23.11,$0.00,0.0,$63.47,0.36,$52.93,0.44,$4.59,5.04,$4.57B,$16.85B,0.27,$12.47B,$14.80B,0.84,$18.12B,$8.09B,44.64%,$18.12B,$7.04B,38.85%,$18.12B,$7.04B,38.85%,$18.12B,$9.39B,51.83%,$18.12B,$7.39B,40.78%,$18.12B,$1.71B,9.42%,$1.71B,$14.80B,11.16%,$1.71B,$11.41B,14.65%,$1.71B,$44.96B,3.63%,$7.04B,$27.27B,25.26%,$4544,$3452,$1093,$0,$125,$3866,$679,$58,$737,$174,$563,$563,$464,$679,$679,$369,369,$1.26,$1.26,$1165,$856,$156,$4568,$32169,$3798,$3393,$734,$40390,$44959,$16854,$12466,$210,$13302,$30156,$2280,$5971,$193,$14803,$44959,$0,$0,$0,$0,$0,$0,$0,$0,$0,$4110,$-1845,$0,$25,$0,$-36,$-36,$118,$-1739,$-4429,$4078,$-351,$0,$0,$-1977,$-29,$-2357,$18,$0,$-1977
5,2016-03-31,29.33,$0.00,0.0,$63.80,0.46,$51.96,0.56,$4.99,5.88,$4.74B,$17.07B,0.28,$12.07B,$15.50B,0.78,$18.68B,$12.10B,64.76%,$18.68B,$11.46B,61.36%,$18.68B,$11.46B,61.36%,$18.68B,$13.81B,73.96%,$18.68B,$11.75B,62.93%,$18.68B,$1.89B,10.10%,$1.89B,$15.50B,12.28%,$1.89B,$12.07B,16.44%,$1.89B,$45.55B,3.91%,$11.46B,$27.57B,40.57%,$4407,$3009,$1398,$0,$138,$3446,$962,$51,$1013,$249,$764,$764,$604,$962,$962,$380,380,$1.59,$1.59,$1403,$788,$151,$4736,$32676,$3759,$3428,$635,$40813,$45550,$17073,$12068,$297,$12974,$30047,$2324,$6354,$86,$15502,$45550,$0,$0,$0,$0,$0,$0,$0,$0,$0,$2052,$-756,$0,$0,$0,$0,$0,$42,$-714,$-1768,$917,$-850,$0,$0,$-264,$-1,$-1115,$230,$0,$-264
6,2015-12-31,28.29,$0.00,0.0,$68.53,0.41,$51.18,0.55,$5.79,4.89,$5.40B,$19.93B,0.27,$12.44B,$16.36B,0.76,$19.85B,$12.42B,62.57%,$19.85B,$12.02B,60.53%,$19.85B,$12.02B,60.53%,$19.85B,$14.37B,72.38%,$19.85B,$12.08B,60.87%,$19.85B,$2.10B,10.59%,$2.10B,$16.36B,13.98%,$2.10B,$12.29B,18.95%,$2.10B,$49.70B,4.30%,$12.02B,$28.80B,41.86%,$4563,$0,$4563,$0,$0,$0,$4563,$0,$4563,$0,$4563,$22,$22,$6916,$4563,$168,168,$0.13,$0.13,$1235,$873,$0,$5401,$59934,$4001,$4073,$705,$68884,$49697,$19925,$12436,$572,$13409,$33334,$2446,$6004,$0,$16363,$49697,$3694,$2353,$0,$2353,$0,$0,$0,$0,$163,$6816,$-3875,$0,$-1430,$0,$0,$-143,$136,$-5312,$0,$470,$-805,$0,$754,$-891,$-1804,$-2275,$-766,$0,$0
7,2015-09-30,34.89,$0.00,0.0,$54.57,0.64,$39.45,0.88,$5.99,5.82,$4.95B,$18.67B,0.27,$13.35B,$14.50B,0.92,$20.30B,$12.87B,63.40%,$20.30B,$12.47B,61.40%,$20.30B,$12.47B,61.40%,$20.30B,$14.36B,70.74%,$20.30B,$12.53B,61.74%,$20.30B,$2.20B,10.86%,$2.20B,$14.50B,15.31%,$2.20B,$10.82B,20.87%,$2.20B,$47.54B,4.63%,$12.47B,$27.85B,44.16%,$4606,$3572,$1034,$0,$199,$3771,$835,$-260,$1077,$258,$819,$616,$616,$835,$835,$372,372,$1.66,$1.66,$1597,$912,$146,$4946,$0,$4070,$3681,$211,$8127,$47538,$18668,$13352,$611,$14374,$33042,$2306,$5928,$0,$14496,$47538,$0,$0,$0,$0,$0,$0,$0,$0,$0,$12476,$-2861,$0,$-1546,$0,$0,$57,$-104,$-4454,$0,$0,$-2616,$0,$0,$-2443,$3308,$-1752,$-526,$0,$0
8,2015-06-30,43.53,$0.00,0.0,$55.80,0.78,$24.49,1.78,$5.82,7.48,$5.64B,$20.34B,0.28,$13.71B,$15.09B,0.91,$20.58B,$13.10B,63.66%,$20.58B,$12.75B,61.97%,$20.58B,$12.75B,61.97%,$20.58B,$14.65B,71.18%,$20.58B,$12.32B,59.87%,$20.58B,$2.11B,10.24%,$2.11B,$15.09B,15.00%,$2.11B,$10.70B,20.62%,$2.11B,$50.19B,4.54%,$12.75B,$28.79B,45.55%,$5101,$0,$5101,$0,$0,$0,$5101,$0,$5101,$0,$5101,$644,$644,$5101,$5101,$403,403,$1.60,$1.60,$1683,$994,$0,$5638,$0,$3980,$4387,$665,$9125,$50185,$20343,$13705,$587,$14757,$35100,$2368,$5355,$0,$15085,$50185,$5492,$0,$0,$0,$0,$0,$0,$0,$0,$3949,$-1864,$0,$-1459,$0,$0,$-27,$0,$-3350,$0,$0,$-202,$0,$0,$0,$-765,$-966,$-369,$0,$0
9,2015-03-31,37.88,$0.00,0.0,$57.68,0.66,$19.31,1.96,$5.65,6.7,$5.56B,$17.57B,0.32,$15.20B,$14.19B,1.07,$20.64B,$13.16B,63.77%,$20.64B,$12.82B,62.09%,$20.64B,$12.82B,62.09%,$20.64B,$14.71B,71.27%,$20.64B,$12.38B,60.00%,$20.64B,$2.23B,10.81%,$2.23B,$14.19B,16.58%,$2.23B,$10.57B,22.82%,$2.23B,$47.98B,5.00%,$12.82B,$29.39B,47.07%,$5581,$3857,$1723,$0,$207,$4064,$1516,$-181,$1342,$327,$1015,$820,$820,$1516,$1516,$341,341,$2.40,$2.40,$1536,$1078,$444,$5562,$0,$3637,$3620,$229,$7682,$47984,$17570,$15197,$351,$16223,$33793,$2351,$5762,$0,$14190,$47984,$0,$0,$0,$0,$0,$0,$0,$0,$0,$1858,$-955,$0,$-1062,$0,$0,$21,$2,$-1994,$0,$0,$-126,$0,$0,$-465,$72,$-519,$-660,$0,$0
10,2014-12-31,42.68,$0.00,0.0,$55.60,0.77,$18.29,2.33,$4.85,8.8,$6.16B,$17.07B,0.36,$13.08B,$13.80B,0.95,$20.40B,$12.74B,62.45%,$20.40B,$12.43B,60.94%,$20.40B,$12.43B,60.94%,$20.40B,$14.33B,70.24%,$20.40B,$12.03B,59.00%,$20.40B,$2.01B,9.86%,$2.01B,$13.80B,15.29%,$2.01B,$10.17B,21.30%,$2.01B,$44.80B,4.65%,$12.43B,$26.89B,46.91%,$5014,$0,$5014,$0,$0,$0,$5014,$0,$5014,$0,$5014,$124,$124,$6910,$5014,$381,381,$0.33,$0.33,$2095,$1091,$0,$6164,$0,$3582,$3634,$605,$7965,$44798,$17069,$13083,$548,$13926,$30995,$2348,$0,$0,$13803,$13803,$3101,$1896,$0,$1896,$0,$0,$0,$0,$0,$5425,$-3233,$0,$0,$0,$0,$-43,$107,$-3170,$0,$0,$-2442,$0,$0,$-870,$1538,$-1774,$472,$0,$0
11,2014-09-30,34.4,$0.00,0.0,$58.90,0.58,$23.18,1.48,$5.11,6.73,$4.86B,$14.70B,0.33,$13.83B,$13.08B,1.06,$21.06B,$13.40B,63.63%,$21.06B,$13.09B,62.17%,$21.06B,$13.09B,62.17%,$21.06B,$14.92B,70.83%,$21.06B,$12.70B,60.29%,$21.06B,$2.09B,9.93%,$2.09B,$13.08B,16.41%,$2.09B,$9.43B,23.21%,$2.09B,$42.52B,4.90%,$13.09B,$26.91B,49.95%,$4880,$3619,$1261,$0,$141,$3760,$1120,$-253,$862,$210,$652,$518,$518,$1120,$1120,$358,358,$1.49,$1.49,$1537,$1095,$195,$4855,$0,$3400,$3653,$239,$7485,$42523,$14699,$13832,$621,$14744,$29443,$2283,$0,$0,$13080,$42523,$0,$0,$0,$0,$0,$0,$0,$0,$0,$3908,$0,$0,$0,$0,$0,$0,$-1955,$-1955,$0,$0,$0,$0,$0,$0,$-1999,$-1999,$-43,$0,$0
12,2014-06-30,33.79,$0.00,0.0,$61.40,0.55,$21.94,1.54,$5.13,6.59,$5.65B,$16.61B,0.34,$12.94B,$12.77B,1.01,$21.95B,$13.68B,62.33%,$21.95B,$13.33B,60.70%,$21.95B,$13.33B,60.70%,$21.95B,$15.15B,69.01%,$21.95B,$12.74B,58.03%,$21.95B,$2.11B,9.63%,$2.11B,$12.77B,17.05%,$2.11B,$8.97B,24.43%,$2.11B,$43.10B,4.99%,$13.33B,$25.71B,50.89%,$5165,$0,$5165,$0,$0,$0,$5165,$0,$5165,$0,$5165,$770,$770,$5165,$5165,$355,355,$1.43,$1.43,$1952,$1086,$0,$5654,$0,$3284,$3806,$569,$7832,$43103,$16606,$12938,$454,$13725,$30331,$2281,$0,$0,$12772,$43103,$0,$0,$0,$0,$0,$0,$0,$0,$0,$0,$0,$0,$0,$0,$0,$0,$0,$0,$0,$0,$0,$0,$0,$0,$0,$0,$0,$0,$0
13,2014-03-31,28.62,$0.00,0.0,$61.78,0.46,$21.94,1.3,$5.13,5.58,$5.36B,$15.21B,0.35,$13.52B,$12.95B,1.05,$21.99B,$13.72B,62.40%,$21.99B,$13.37B,60.78%,$21.99B,$13.37B,60.78%,$21.99B,$15.19B,69.07%,$21.99B,$12.78B,58.11%,$21.99B,$1.84B,8.38%,$1.84B,$12.95B,15.38%,$1.84B,$9.21B,22.43%,$1.84B,$42.47B,4.37%,$13.37B,$26.47B,50.79%,$5336,$4040,$1296,$0,$166,$4206,$1130,$-169,$992,$246,$746,$599,$599,$1130,$1130,$374,374,$1.60,$1.60,$1516,$1023,$346,$5360,$0,$3226,$3741,$585,$7694,$42469,$15208,$13523,$493,$14315,$29523,$2298,$4636,$0,$12946,$42469,$0,$0,$0,$0,$0,$0,$0,$0,$0,$1150,$-545,$0,$82,$0,$0,$49,$2,$-411,$0,$0,$-486,$0,$0,$-326,$9,$-803,$-56,$0,$0
14,2013-12-31,27.08,$0.00,0.0,$62.62,0.43,$23.65,1.14,$4.73,5.72,$5.52B,$15.99B,0.35,$13.61B,$12.14B,1.12,$21.78B,$13.58B,62.34%,$21.78B,$13.23B,60.71%,$21.78B,$13.23B,60.71%,$21.78B,$15.05B,69.09%,$21.78B,$12.48B,57.30%,$21.78B,$1.65B,7.58%,$1.65B,$12.14B,14.40%,$1.65B,$8.43B,21.49%,$1.65B,$42.35B,3.96%,$13.23B,$25.75B,50.54%,$5676,$0,$5676,$0,$0,$0,$5676,$0,$5676,$0,$5676,$203,$203,$7500,$5676,$345,345,$0.59,$0.59,$1538,$1045,$425,$5521,$0,$3198,$3716,$511,$7531,$42351,$15985,$13605,$289,$14222,$30207,$2270,$4002,$0,$12144,$42351,$2814,$1824,$0,$1824,$0,$0,$0,$0,$1111,$6499,$-2830,$0,$6,$0,$0,$-358,$105,$-3077,$0,$-1551,$-212,$0,$0,$-564,$-1265,$-3592,$-188,$0,$0
15,2013-09-30,29.92,$0.00,0.0,$59.49,0.5,$17.77,1.68,$4.66,6.42,$5.17B,$13.92B,0.37,$15.09B,$11.72B,1.29,$21.63B,$13.43B,62.08%,$21.63B,$13.08B,60.44%,$21.63B,$13.08B,60.44%,$21.63B,$14.83B,68.53%,$21.63B,$12.33B,57.01%,$21.63B,$1.66B,7.69%,$1.66B,$11.72B,15.07%,$1.66B,$8.00B,23.07%,$1.66B,$41.50B,4.02%,$13.08B,$26.82B,50.02%,$5776,$4230,$1546,$0,$191,$4421,$1355,$-382,$906,$250,$656,$541,$541,$1355,$1355,$358,358,$1.51,$1.51,$1693,$992,$137,$5172,$0,$3124,$3720,$172,$7150,$41495,$13918,$15094,$476,$15854,$29772,$2281,$3789,$0,$11723,$41495,$0,$0,$0,$0,$0,$0,$0,$0,$0,$5163,$-1699,$0,$-6,$0,$0,$-267,$35,$-1937,$0,$3482,$-5284,$0,$0,$-1474,$33,$-3242,$-32,$0,$0
16,2013-06-30,28.72,$0.00,0.0,$58.09,0.49,$13.17,2.18,$4.08,7.04,$6.32B,$15.50B,0.41,$15.12B,$11.11B,1.36,$21.02B,$12.83B,61.04%,$21.02B,$12.53B,59.57%,$21.02B,$12.53B,59.57%,$21.02B,$14.28B,67.90%,$21.02B,$11.96B,56.91%,$21.02B,$1.45B,6.89%,$1.45B,$11.11B,13.67%,$1.45B,$7.23B,21.50%,$1.45B,$42.32B,3.52%,$12.53B,$26.23B,48.09%,$5206,$0,$5206,$0,$0,$0,$5206,$0,$5206,$0,$5206,$500,$500,$5206,$5206,$349,349,$1.43,$1.43,$2539,$1055,$521,$6322,$0,$3143,$3874,$466,$7557,$42317,$15504,$15124,$264,$15705,$31209,$2266,$3220,$0,$11109,$42317,$0,$0,$0,$0,$0,$0,$0,$0,$0,$0,$0,$0,$0,$0,$0,$0,$0,$0,$0,$0,$0,$0,$0,$0,$0,$0,$0,$0,$0
17,2013-03-31,30.33,$0.00,0.0,$57.06,0.53,$13.17,2.3,$3.16,9.6,$5.67B,$14.12B,0.4,$15.01B,$10.88B,1.38,$21.04B,$12.85B,61.06%,$21.04B,$12.54B,59.60%,$21.04B,$12.54B,59.60%,$21.04B,$14.29B,67.92%,$21.04B,$11.98B,56.93%,$21.04B,$1.14B,5.42%,$1.14B,$10.88B,11.14%,$1.14B,$7.07B,17.86%,$1.14B,$40.81B,2.78%,$12.54B,$25.89B,47.90%,$5126,$3974,$1153,$0,$164,$4138,$989,$-286,$695,$171,$524,$407,$407,$989,$989,$339,339,$1.20,$1.20,$1781,$1185,$180,$5666,$0,$2830,$3809,$194,$6953,$40808,$14116,$15012,$521,$15817,$29933,$2239,$3139,$0,$10875,$40808,$0,$0,$0,$0,$0,$0,$0,$0,$0,$1671,$-539,$0,$-2,$0,$0,$4,$3,$-533,$0,$0,$-804,$0,$0,$-301,$51,$-1054,$78,$0,$0
18,2012-12-31,26.67,$0.00,0.0,$56.86,0.47,$13.32,2.0,$2.36,11.3,$5.73B,$14.85B,0.39,$15.15B,$10.47B,1.45,$21.35B,$12.41B,58.09%,$21.35B,$12.15B,56.89%,$21.35B,$12.15B,56.89%,$21.35B,$13.90B,65.09%,$21.35B,$11.54B,54.06%,$21.35B,$0.88B,4.12%,$0.88B,$10.47B,8.88%,$0.88B,$6.55B,14.53%,$0.88B,$41.12B,2.14%,$12.15B,$25.62B,46.22%,$5525,$0,$5525,$0,$0,$0,$5525,$0,$5525,$0,$5525,$216,$216,$7276,$5525,$414,414,$0.52,$0.52,$1710,$1114,$0,$5727,$0,$2801,$3923,$489,$7300,$41119,$14853,$15148,$198,$15798,$30651,$2231,$2746,$0,$10468,$41119,$1409,$1751,$0,$1751,$0,$0,$0,$0,$-378,$4273,$-2305,$0,$-158,$0,$0,$-79,$113,$-2430,$0,$1173,$-1281,$0,$0,$-185,$-1265,$-1558,$310,$0,$0
19,2012-09-30,21.49,$0.00,0.0,$61.81,0.35,$27.87,0.77,$1.72,12.49,$5.69B,$13.39B,0.43,$16.51B,$9.93B,1.66,$21.36B,$12.41B,58.11%,$21.36B,$12.16B,56.91%,$21.36B,$12.16B,56.91%,$21.36B,$14.03B,65.67%,$21.36B,$11.55B,54.07%,$21.36B,$0.63B,2.93%,$0.63B,$9.93B,6.54%,$0.63B,$6.11B,10.83%,$0.63B,$40.64B,1.54%,$12.16B,$26.45B,46.81%,$5167,$4220,$948,$0,$143,$4362,$805,$-310,$538,$157,$381,$326,$326,$805,$805,$351,351,$0.93,$0.93,$1937,$1157,$476,$5688,$0,$2635,$3825,$170,$6764,$40642,$13394,$16513,$512,$17316,$30710,$2224,$2491,$0,$9932,$40642,$0,$0,$0,$0,$0,$0,$0,$0,$0,$3375,$-1594,$0,$-23,$0,$0,$-37,$-1,$-1655,$0,$4736,$-4738,$0,$0,$-1242,$54,$-1190,$555,$0,$0
20,2012-06-30,21.4,$0.00,0.0,$66.50,0.32,$25.20,0.85,$0.92,23.26,$6.52B,$14.08B,0.46,$17.08B,$9.67B,1.77,$21.82B,$11.95B,54.74%,$21.82B,$11.70B,53.60%,$21.82B,$11.70B,53.60%,$21.82B,$13.57B,62.18%,$21.82B,$11.08B,50.78%,$21.82B,$0.34B,1.54%,$0.34B,$9.67B,3.59%,$0.34B,$5.82B,6.01%,$0.34B,$41.43B,0.83%,$11.70B,$26.76B,46.65%,$5219,$0,$5219,$0,$0,$0,$5219,$0,$5219,$0,$5219,$191,$191,$5219,$5219,$376,376,$0.51,$0.51,$2161,$1282,$795,$6520,$0,$2186,$3853,$780,$6902,$41434,$14081,$17082,$290,$17680,$31761,$2228,$2206,$0,$9673,$41434,$0,$0,$0,$0,$0,$0,$0,$0,$0,$0,$0,$0,$0,$0,$0,$0,$0,$0,$0,$0,$0,$0,$0,$0,$0,$0,$0,$0,$0
21,2012-03-31,15.56,$0.00,0.0,$52.61,0.3,$25.20,0.62,$0.41,37.96,$6.03B,$13.88B,0.43,$16.79B,$9.52B,1.76,$16.60B,$6.73B,40.52%,$16.60B,$6.48B,39.02%,$16.60B,$6.48B,39.02%,$16.60B,$8.35B,50.30%,$16.60B,$5.86B,35.31%,$16.60B,$0.15B,0.88%,$0.15B,$9.52B,1.57%,$0.15B,$5.73B,2.64%,$0.15B,$40.95B,0.37%,$6.48B,$26.31B,26.73%,$5443,$4730,$713,$0,$113,$4843,$600,$-336,$261,$77,$184,$146,$146,$600,$600,$365,365,$0.40,$0.40,$1677,$1258,$605,$6027,$0,$2261,$3785,$3687,$9866,$40954,$13882,$16794,$471,$17551,$31434,$2232,$2105,$0,$9520,$40954,$0,$0,$0,$0,$0,$0,$0,$0,$0,$1272,$0,$0,$-23,$0,$0,$0,$-691,$-713,$0,$792,$2150,$0,$0,$0,$-3228,$-286,$291,$0,$0
22,2011-12-31,14.92,$0.00,0.0,$54.06,0.28,$22.77,0.66,$0.13,114.8,$5.65B,$14.97B,0.38,$15.14B,$9.23B,1.64,$15.79B,$6.43B,40.71%,$15.79B,$6.17B,39.11%,$15.79B,$6.17B,39.11%,$15.79B,$8.05B,50.96%,$15.79B,$5.67B,35.90%,$15.79B,$0.03B,0.22%,$0.03B,$9.23B,0.37%,$0.03B,$5.50B,0.62%,$0.03B,$39.90B,0.09%,$6.17B,$24.38B,26.34%,$5534,$0,$5534,$0,$0,$0,$5534,$0,$5534,$0,$5534,$-36,$-36,$7406,$5534,$303,303,$-0.12,$-0.12,$1359,$1166,$736,$5645,$0,$2106,$3729,$753,$6670,$39899,$14973,$15143,$243,$15695,$30668,$2179,$3035,$0,$9231,$39899,$318,$1872,$0,$1872,$0,$0,$0,$0,$4,$3247,$2598,$0,$8,$0,$0,$-48,$-5915,$-3358,$0,$660,$1114,$0,$-93,$-454,$-1217,$11,$-135,$0,$0
23,2011-09-30,11.95,$0.00,0.0,$49.02,0.24,$2.32,5.15,$0.37,32.3,$5.95B,$15.93B,0.37,$13.77B,$9.10B,1.51,$14.64B,$5.28B,36.08%,$14.64B,$5.03B,34.34%,$14.64B,$5.03B,34.34%,$14.64B,$6.64B,45.31%,$14.64B,$4.52B,30.89%,$14.64B,$0.12B,0.85%,$0.12B,$9.10B,1.34%,$0.12B,$5.39B,2.19%,$0.12B,$39.54B,0.33%,$5.03B,$22.87B,22.28%,$5627,$5145,$481,$0,$136,$5282,$345,$-236,$68,$27,$41,$36,$36,$345,$345,$290,290,$0.13,$0.13,$2137,$1138,$596,$5946,$0,$2032,$3708,$387,$6289,$39535,$15925,$13771,$465,$14510,$30435,$2195,$3059,$0,$9100,$39535,$0,$0,$0,$0,$0,$0,$0,$0,$0,$2339,$-1640,$0,$-621,$0,$0,$-2,$11,$-2253,$0,$0,$1948,$0,$0,$-1364,$-4,$580,$639,$0,$0
24,2011-06-30,15.14,$0.00,0.0,$42.99,0.35,$0.74,20.56,$0.78,19.41,$5.99B,$15.54B,0.39,$14.03B,$9.39B,1.49,$13.19B,$5.33B,40.41%,$13.19B,$5.11B,38.73%,$13.19B,$5.11B,38.73%,$13.19B,$6.71B,50.91%,$13.19B,$4.67B,35.44%,$13.19B,$0.26B,1.93%,$0.26B,$9.39B,2.99%,$0.26B,$5.46B,4.95%,$0.26B,$39.55B,0.72%,$5.11B,$23.41B,23.70%,$0,$0,$0,$0,$0,$0,$0,$0,$0,$0,$0,$0,$0,$0,$0,$0,0,$0.00,$0.00,$1848,$1098,$897,$5988,$0,$1926,$3923,$690,$6632,$39553,$15535,$14026,$263,$14632,$30167,$2172,$3018,$0,$9386,$39553,$0,$0,$0,$0,$0,$0,$0,$0,$0,$0,$0,$0,$0,$0,$0,$0,$0,$0,$0,$0,$0,$0,$0,$0,$0,$0,$0,$0,$0
25,2011-03-31,15.83,$0.00,0.0,$54.99,0.29,$0.74,21.49,$1.25,12.66,$5.28B,$14.13B,0.37,$13.70B,$9.39B,1.46,$16.76B,$8.90B,53.11%,$16.76B,$8.68B,51.79%,$16.76B,$8.68B,51.79%,$16.76B,$10.29B,61.37%,$16.76B,$8.25B,49.21%,$16.76B,$0.40B,2.36%,$0.40B,$9.39B,4.94%,$0.40B,$5.63B,8.07%,$0.40B,$37.99B,1.19%,$8.68B,$23.09B,41.88%,$4627,$4214,$413,$0,$118,$4332,$295,$-229,$66,$28,$38,$34,$34,$295,$295,$283,283,$0.12,$0.12,$1583,$910,$619,$5277,$0,$1847,$3761,$453,$6214,$37988,$14134,$13696,$451,$14461,$28595,$2139,$3228,$0,$9392,$37988,$0,$0,$0,$0,$0,$0,$0,$0,$0,$854,$-555,$0,$-242,$0,$0,$0,$-0,$-798,$0,$758,$-431,$0,$0,$0,$-253,$74,$133,$0,$0
26,2010-12-31,14.41,$0.00,0.0,$50.60,0.28,$-0.01,0.0,$1.61,8.95,$4.67B,$12.37B,0.38,$11.69B,$9.23B,1.27,$15.70B,$8.91B,56.73%,$15.70B,$8.71B,55.47%,$15.70B,$8.71B,55.47%,$15.70B,$10.31B,65.70%,$15.70B,$8.39B,53.44%,$15.70B,$0.53B,3.36%,$0.53B,$9.23B,7.06%,$0.53B,$6.16B,11.36%,$0.53B,$33.71B,1.70%,$8.71B,$20.92B,43.60%,$4389,$0,$4389,$0,$0,$0,$4389,$0,$4389,$0,$4389,$54,$54,$5995,$4389,$332,332,$0.12,$0.12,$1412,$768,$874,$4667,$0,$1771,$3077,$1140,$6087,$33712,$12370,$11686,$132,$12109,$24479,$2079,$2108,$0,$9233,$33712,$629,$1607,$0,$1607,$0,$0,$0,$0,$-6,$2728,$-3110,$0,$0,$0,$0,$-746,$-218,$-4074,$0,$2044,$-372,$0,$1552,$-382,$-870,$1973,$658,$0,$0
27,2010-09-30,16.68,$0.00,0.0,$37.37,0.45,$1.14,14.57,$1.49,11.2,$4.24B,$10.56B,0.4,$12.64B,$6.11B,2.07,$11.31B,$4.52B,39.94%,$11.31B,$4.32B,38.18%,$11.31B,$4.32B,38.18%,$11.31B,$4.32B,38.18%,$11.31B,$4.00B,35.37%,$11.31B,$0.47B,4.19%,$0.47B,$6.11B,7.05%,$0.47B,$3.36B,12.02%,$0.47B,$31.05B,1.58%,$4.32B,$18.76B,22.25%,$4169,$3644,$526,$0,$104,$3747,$422,$-166,$218,$53,$166,$167,$167,$422,$422,$311,311,$0.54,$0.54,$1321,$652,$681,$4241,$0,$1513,$2754,$1392,$5795,$31049,$10559,$12641,$375,$14375,$24935,$1783,$3045,$0,$6114,$31049,$0,$0,$0,$0,$0,$0,$0,$0,$0,$2229,$-1971,$0,$0,$0,$0,$-306,$4,$-2274,$0,$0,$1564,$0,$0,$-1019,$-2,$543,$516,$0,$0
28,2010-06-30,15.85,$0.00,0.0,$35.65,0.44,$-2.51,0.0,$2.15,7.37,$4.22B,$9.89B,0.43,$12.86B,$7.27B,1.77,$10.23B,$4.57B,44.67%,$10.23B,$4.38B,42.88%,$10.23B,$4.38B,42.88%,$10.23B,$4.38B,42.88%,$10.23B,$4.17B,40.75%,$10.23B,$0.64B,6.26%,$0.64B,$7.27B,9.24%,$0.64B,$4.44B,15.29%,$0.64B,$30.42B,2.20%,$4.38B,$20.13B,22.34%,$3573,$0,$3573,$0,$0,$0,$3573,$0,$3573,$0,$3573,$140,$140,$3573,$3573,$298,298,$0.47,$0.47,$890,$767,$1,$4223,$0,$1489,$2830,$497,$4905,$30418,$9890,$12856,$128,$13257,$23147,$1775,$2915,$0,$7271,$30418,$0,$0,$0,$0,$0,$0,$0,$0,$0,$0,$0,$0,$0,$0,$0,$0,$0,$0,$0,$0,$0,$0,$0,$0,$0,$0,$0,$0,$0
29,2010-03-31,14.81,$0.00,0.0,$23.65,0.63,$-2.51,0.0,$1.68,8.82,$3.75B,$8.76B,0.43,$12.75B,$7.32B,1.74,$6.65B,$0.99B,14.94%,$6.65B,$0.81B,12.19%,$6.65B,$0.81B,12.19%,$6.65B,$0.81B,12.19%,$6.65B,$0.59B,8.93%,$6.65B,$0.50B,7.52%,$0.50B,$7.32B,7.41%,$0.50B,$4.63B,12.29%,$0.50B,$29.37B,1.79%,$0.81B,$20.07B,4.31%,$3565,$3148,$417,$0,$95,$3243,$322,$-127,$208,$40,$168,$167,$167,$322,$322,$298,298,$0.48,$0.48,$923,$599,$196,$3754,$0,$1459,$2684,$352,$4606,$29370,$8762,$12751,$333,$13292,$22054,$1772,$3076,$0,$7316,$29370,$0,$0,$0,$0,$0,$0,$0,$0,$0,$625,$-531,$0,$0,$0,$0,$-326,$1,$-857,$0,$516,$0,$0,$0,$0,$-165,$351,$120,$0,$0
30,2009-12-31,14.28,$0.00,0.0,$11.68,1.22,$-2.82,0.0,$1.20,11.9,$3.55B,$8.74B,0.41,$12.47B,$6.18B,2.02,$5.46B,$0.91B,16.72%,$5.46B,$0.75B,13.78%,$5.46B,$0.75B,13.78%,$5.46B,$0.75B,13.78%,$5.46B,$0.48B,8.76%,$5.46B,$0.42B,7.66%,$0.42B,$6.18B,6.45%,$0.42B,$3.34B,10.82%,$0.42B,$29.01B,1.56%,$0.75B,$18.65B,4.20%,$0,$0,$0,$0,$0,$0,$0,$0,$0,$0,$0,$0,$0,$0,$0,$0,0,$0.00,$0.00,$799,$599,$676,$3546,$0,$1403,$2837,$531,$4826,$29010,$8735,$12471,$110,$14100,$22835,$1767,$2095,$0,$6175,$29010,$836,$1283,$0,$1283,$0,$0,$0,$0,$-446,$2196,$-3282,$0,$-345,$0,$0,$0,$-20,$-3647,$0,$1707,$599,$0,$0,$-182,$-730,$1393,$-50,$0,$0
31,2009-09-30,16.98,$0.00,0.0,$20.60,0.82,$-14.35,0.0,$1.20,14.15,$3.17B,$7.53B,0.42,$12.73B,$6.94B,1.84,$8.03B,$-1.92B,-23.87%,$8.03B,$-3.67B,-45.69%,$8.03B,$-3.67B,-45.69%,$8.03B,$-3.67B,-45.69%,$8.03B,$-4.33B,-53.94%,$8.03B,$-0.06B,-0.74%,$-0.06B,$6.94B,-0.94%,$-0.06B,$4.33B,-1.58%,$-0.06B,$27.70B,-0.23%,$-3.67B,$19.67B,-21.43%,$3087,$2510,$577,$0,$88,$2598,$489,$-115,$386,$51,$335,$333,$333,$489,$489,$264,264,$1.20,$1.20,$927,$573,$344,$3167,$0,$1394,$2607,$358,$4435,$27702,$7528,$12733,$313,$13236,$20764,$1772,$2812,$0,$6937,$27702,$0,$0,$0,$0,$0,$0,$0,$0,$0,$1671,$-2417,$0,$0,$0,$0,$40,$-409,$-2786,$0,$-9436,$11325,$0,$0,$-810,$41,$1121,$10,$0,$0
32,2009-06-30,17.89,$0.00,0.0,$8.92,2.0,$-11.52,0.0,0,0.0,$3.16B,$8.58B,0.37,$10.35B,$6.57B,1.58,$7.77B,$-2.66B,-34.20%,$7.77B,$-4.40B,-56.62%,$7.77B,$-4.40B,-56.62%,$7.77B,$-4.40B,-56.62%,$7.77B,$-5.09B,-65.47%,$7.77B,$-0.74B,-9.57%,$-0.74B,$6.57B,-12.47%,$-0.74B,$3.98B,-21.82%,$-0.74B,$25.85B,-3.02%,$-4.40B,$16.93B,-28.32%,$0,$0,$0,$0,$0,$0,$0,$0,$0,$0,$0,$0,$0,$0,$0,$0,0,$0.00,$0.00,$920,$647,$53,$3159,$0,$1326,$2596,$483,$4440,$25849,$8581,$10354,$97,$10697,$19279,$1772,$2548,$0,$6571,$25849,$0,$0,$0,$0,$0,$0,$0,$0,$0,$0,$0,$0,$0,$0,$0,$0,$0,$0,$0,$0,$0,$0,$0,$0,$0,$0,$0,$0,$0
33,2009-03-31,16.73,$0.00,0.0,$25.37,0.66,$-11.52,0.0,$-0.29,0.0,$3.23B,$7.94B,0.41,$10.14B,$6.25B,1.62,$12.26B,$1.82B,14.87%,$12.26B,$0.08B,0.64%,$12.26B,$0.08B,0.64%,$12.26B,$0.08B,0.64%,$12.26B,$-0.61B,-4.97%,$12.26B,$-0.82B,-6.72%,$-0.82B,$6.25B,-13.63%,$-0.82B,$3.81B,-23.86%,$-0.82B,$24.75B,-3.45%,$0.08B,$16.39B,0.53%,$2369,$2034,$335,$0,$72,$2106,$263,$-170,$92,$7,$85,$85,$85,$263,$263,$0,0,$0.00,$0.00,$1141,$611,$227,$3227,$0,$1297,$2446,$254,$4071,$24746,$7944,$10136,$239,$10550,$18494,$1772,$2441,$0,$6252,$24746,$0,$0,$0,$0,$0,$0,$0,$0,$0,$585,$-694,$0,$0,$0,$0,$-0,$0,$-694,$0,$365,$0,$0,$0,$0,$44,$409,$292,$0,$0
34,2008-12-31,18.19,$0.00,0.0,$25.37,0.72,$-11.52,0.0,$0.51,35.66,$2.93B,$7.68B,0.38,$10.08B,$5.39B,1.87,$9.89B,$1.49B,15.04%,$9.89B,$-0.18B,-1.86%,$9.89B,$-0.18B,-1.86%,$9.89B,$-0.18B,-1.86%,$9.89B,$-0.70B,-7.09%,$9.89B,$-0.67B,-6.74%,$-0.67B,$5.39B,-14.88%,$-0.67B,$2.78B,-26.66%,$-0.67B,$24.28B,-3.77%,$-0.18B,$15.46B,-1.70%,$2570,$5398,$-2828,$0,$462,$6989,$-4419,$-389,$-4807,$-12,$-4795,$-387,$-477,$-4419,$-4419,$288,288,$-2.51,$-2.51,$844,$756,$188,$2929,$0,$1281,$2607,$332,$4267,$24276,$7679,$10075,$93,$11208,$18887,$1764,$2438,$0,$5389,$24276,$-701,$1158,$0,$1158,$0,$0,$0,$0,$-239,$759,$-4078,$0,$-2958,$0,$0,$0,$19,$-7017,$0,$2662,$4438,$0,$0,$-522,$-542,$6036,$-187,$0,$0
35,2008-09-30,16.59,$0.00,0.0,$22.98,0.72,$-2.88,0.0,$1.31,12.66,$3.63B,$9.30B,0.39,$7.75B,$5.64B,1.37,$9.19B,$6.19B,67.34%,$9.19B,$6.11B,66.47%,$9.19B,$6.11B,66.47%,$9.19B,$6.11B,66.47%,$9.19B,$5.98B,65.07%,$9.19B,$0.04B,0.45%,$0.04B,$5.64B,0.87%,$0.04B,$3.08B,1.24%,$0.04B,$23.76B,0.26%,$6.11B,$13.39B,61.79%,$2835,$3001,$-166,$0,$79,$3081,$-246,$-129,$-375,$-23,$-352,$-352,$-352,$-246,$-246,$0,0,$0.00,$0.00,$1427,$834,$174,$3632,$0,$1639,$2568,$1389,$5693,$23762,$9303,$7749,$159,$8816,$18118,$1768,$2436,$0,$5644,$23762,$0,$0,$0,$0,$0,$0,$0,$0,$0,$0,$0,$0,$0,$0,$0,$0,$0,$0,$0,$0,$0,$0,$0,$0,$0,$0,$0,$0,$0
36,2008-06-30,17.23,$0.00,0.0,$28.69,0.6,$-2.88,0.0,$2.00,8.62,$2.78B,$7.82B,0.36,$7.47B,$6.87B,1.09,$8.04B,$6.67B,83.06%,$8.04B,$6.55B,81.53%,$8.04B,$6.55B,81.53%,$8.04B,$6.55B,81.53%,$8.04B,$6.59B,82.00%,$8.04B,$0.60B,7.41%,$0.60B,$6.87B,12.41%,$0.60B,$4.14B,15.11%,$0.60B,$22.55B,4.40%,$6.55B,$14.35B,72.33%,$4481,$0,$4481,$0,$0,$0,$4481,$0,$4481,$0,$4481,$-79,$-79,$4481,$4481,$272,272,$-0.29,$-0.29,$693,$653,$74,$2779,$0,$1690,$2735,$75,$4541,$22553,$7824,$7474,$68,$7857,$15682,$1758,$2083,$0,$6871,$22553,$0,$0,$0,$0,$0,$0,$0,$0,$0,$0,$0,$0,$0,$0,$0,$0,$0,$0,$0,$0,$0,$0,$0,$0,$0,$0,$0,$0,$0
37,2008-03-31,17.96,$0.00,0.0,$17.47,1.03,$-2.88,0.0,$3.02,5.95,$0.00B,$0.00B,0.0,$0.00B,$0.00B,0.0,$5.11B,$3.75B,73.39%,$5.11B,$3.63B,70.98%,$5.11B,$3.63B,70.98%,$5.11B,$3.63B,70.98%,$5.11B,$3.67B,71.72%,$5.11B,$0.89B,17.44%,$0.89B,$0.00B,19.43%,$0.89B,$0.00B,20.50%,$0.89B,$0.00B,7.84%,$3.63B,$0.00B,45.41%,$0,$0,$0,$0,$0,$0,$0,$0,$0,$0,$0,$242,$242,$0,$0,$302,302,$0.80,$0.80,$0,$0,$0,$0,$0,$0,$0,$0,$0,$0,$0,$0,$0,$0,$0,$0,$0,$0,$0,$0,$0,$0,$0,$0,$0,$0,$0,$0,$0,$0,$0,$0,$0,$0,$0,$0,$0,$0,$0,$0,$0,$0,$0,$0,$0,$0,$0,$0,$0
38,2007-12-31,24.29,$0.00,0.0,$22.26,1.09,$-2.88,0.0,$2.74,8.87,$2.54B,$4.30B,0.59,$5.38B,$6.43B,0.84,$6.56B,$4.04B,61.55%,$6.56B,$3.86B,58.90%,$6.56B,$3.86B,58.90%,$6.56B,$3.86B,58.90%,$6.56B,$3.88B,59.13%,$6.56B,$0.81B,12.28%,$0.81B,$6.43B,13.38%,$0.81B,$6.04B,14.10%,$0.81B,$17.02B,5.49%,$3.86B,$11.81B,37.29%,$1874,$0,$1874,$0,$0,$0,$1874,$0,$1874,$0,$1874,$230,$230,$1874,$1874,$287,287,$0.80,$0.80,$1031,$318,$113,$2540,$0,$1669,$387,$53,$2138,$17016,$4295,$5383,$58,$6296,$10592,$2067,$2480,$0,$6425,$17016,$1002,$1006,$0,$1006,$0,$0,$0,$0,$-246,$1309,$-2137,$0,$-75,$0,$0,$21,$-35,$-2226,$0,$1205,$808,$0,$0,$-462,$-43,$1507,$590,$0,$0
39,2007-09-30,31.04,$0.00,0.0,$15.73,1.97,0,0.0,$1.94,16.0,$1.90B,$3.78B,0.5,$4.20B,$5.88B,0.71,$4.68B,$2.16B,46.17%,$4.68B,$1.99B,42.45%,$4.68B,$1.99B,42.45%,$4.68B,$1.99B,42.45%,$4.68B,$2.00B,42.77%,$4.68B,$0.58B,12.28%,$0.58B,$5.88B,9.54%,$0.58B,$5.58B,10.03%,$0.58B,$14.56B,4.09%,$1.99B,$10.08B,19.59%,$1680,$1361,$319,$0,$123,$1484,$196,$38,$234,$26,$208,$202,$202,$196,$196,$294,294,$0.69,$0.69,$569,$359,$97,$1896,$0,$885,$301,$936,$2140,$14560,$3775,$4195,$83,$4904,$8679,$1591,$723,$0,$5881,$14560,$0,$0,$0,$0,$0,$0,$0,$0,$0,$0,$0,$0,$0,$0,$0,$0,$0,$0,$0,$0,$0,$0,$0,$0,$0,$0,$0,$0,$0
40,2007-06-30,27.32,$0.00,0.0,$10.02,2.73,0,0.0,$1.25,21.86,$1.82B,$3.72B,0.49,$4.03B,$6.06B,0.67,$4.46B,$2.19B,49.16%,$4.46B,$2.10B,47.08%,$4.46B,$2.10B,47.08%,$4.46B,$2.10B,47.08%,$4.46B,$2.04B,45.64%,$4.46B,$0.56B,12.50%,$0.56B,$6.06B,9.33%,$0.56B,$5.79B,9.68%,$0.56B,$13.92B,4.07%,$2.10B,$10.09B,20.75%,$1560,$0,$1560,$0,$0,$0,$1560,$0,$1560,$0,$1560,$218,$218,$1560,$1560,$298,298,$0.73,$0.73,$459,$361,$78,$1818,$0,$837,$271,$927,$2052,$13917,$3722,$4033,$47,$4137,$7859,$1572,$1902,$0,$6058,$13917,$0,$0,$0,$0,$0,$0,$0,$0,$0,$0,$0,$0,$0,$0,$0,$0,$0,$0,$0,$0,$0,$0,$0,$0,$0,$0,$0,$0,$0
41,2007-03-31,19.74,$0.00,0.0,$4.79,4.12,0,0.0,$0.52,37.97,$2.17B,$3.08B,0.7,$3.75B,$5.70B,0.66,$2.90B,$0.63B,21.84%,$2.90B,$0.54B,18.64%,$2.90B,$0.54B,18.64%,$2.90B,$0.54B,18.64%,$2.90B,$0.48B,16.43%,$2.90B,$0.34B,11.71%,$0.34B,$5.70B,5.77%,$0.34B,$5.44B,6.00%,$0.34B,$13.19B,2.52%,$0.54B,$9.45B,5.40%,$1443,$1160,$283,$0,$51,$1211,$232,$-23,$209,$34,$175,$155,$155,$232,$232,$301,301,$0.52,$0.52,$423,$334,$533,$2166,$0,$840,$265,$363,$1486,$13192,$3081,$3752,$28,$4410,$7492,$0,$2799,$0,$5701,$13192,$0,$0,$0,$0,$0,$0,$0,$0,$0,$0,$0,$0,$0,$0,$0,$0,$0,$0,$0,$0,$0,$0,$0,$0,$0,$0,$0,$0,$0
42,2006-12-31,20.41,$0.00,0.0,0,0.0,0,0.0,0,0.0,$1.69B,$3.39B,0.5,$4.50B,$6.48B,0.69,$2.71B,$0.64B,23.52%,$2.71B,$0.56B,20.57%,$2.71B,$0.56B,20.57%,$2.71B,$0.56B,20.57%,$2.71B,$0.48B,17.51%,$2.71B,$0.32B,11.83%,$0.32B,$6.48B,5.46%,$0.32B,$6.14B,5.61%,$0.32B,$14.55B,2.42%,$0.56B,$10.98B,5.59%,$0,$0,$0,$0,$0,$0,$0,$0,$0,$0,$0,$0,$0,$0,$0,$0,0,$0.00,$0.00,$437,$272,$92,$1694,$0,$881,$344,$34,$1272,$14548,$3394,$4495,$40,$4673,$8067,$1544,$2044,$0,$6481,$14548,$1027,$876,$0,$876,$0,$0,$0,$0,$-13,$1483,$-2067,$0,$0,$0,$0,$0,$29,$-2038,$0,$177,$835,$0,$75,$-449,$0,$638,$83,$0,$0
