,Date,Stock Price,Book Value per Share,Price to Book Ratio,TTM Sales per Share,Price to Sales Ratio,TTM FCF per Share,Price to FCF Ratio,TTM Net EPS,PE Ratio,Current Assets,Current Liabilities,Current Ratio,Long Term Debt,Shareholder's Equity_x,Debt to Equity Ratio,TTM Revenue_x,TTM Gross Profit,Gross Margin,TTM Revenue_y,TTM Operating Income,Operating Margin,TTM Revenue_x,TTM EBIT,EBIT Margin,TTM Revenue_y,TTM EBITDA,EBITDA Margin,TTM Revenue_x,TTM Pre-Tax Income,Pre-Tax Margin,TTM Revenue_y,TTM Net Income_x,Net Margin,TTM Net Income_y,Shareholder's Equity_y,Return on Equity,TTM Net Income_x,Tangible Equity,Return on Tangible Equity,TTM Net Income_y,Total Assets,Return on Assets,TTM Net Income,LT Investments & Debt,Return on Investment,revenue,cost-goods-sold,gross-profit,research-development-expenses,selling-general-administrative-expenses,operating-expenses,operating-income,total-non-operating-income-expense,pre-tax-income,total-provision-income-taxes,income-after-taxes,income-from-continuous-operations,net-income,ebitda,ebit,basic-shares-outstanding,shares-outstanding,eps-basic-net-earnings-per-share,eps-earnings-per-share-diluted,cash-on-hand,inventory,other-current-assets,total-current-assets,net-property-plant-equipment,long-term-investments,goodwill-intangible-assets-total,other-long-term-assets,total-long-term-assets,total-assets,total-current-liabilities,long-term-debt,other-non-current-liabilities,total-long-term-liabilities,total-liabilities,common-stock-net,retained-earnings-accumulated-deficit,comprehensive-income,total-share-holder-equity,total-liabilities-share-holders-equity,net-income-loss,total-depreciation-amortization-cash-flow,other-non-cash-items,total-non-cash-items,change-in-accounts-receivable,change-in-inventories,change-in-accounts-payable,change-in-assets-liabilities,total-change-in-assets-liabilities,cash-flow-from-operating-activities,net-change-in-property-plant-equipment,net-change-in-intangible-assets,net-acquisitions-divestitures,net-change-in-short-term-investments,net-change-in-long-term-investments,net-change-in-investments-total,investing-activities-other,cash-flow-from-investing-activities,net-long-term-debt,net-current-debt,debt-issuance-retirement-net-total,net-common-equity-issued-repurchased,net-total-equity-issued-repurchased,total-common-preferred-stock-dividends-paid,financial-activities-other,cash-flow-from-financial-activities,net-cash-flow,stock-based-compensation,common-stock-dividends-paid
0,2018-09-30,6.22,$8.40,0.74,$9.12,0.68,$1.25,4.96,$0.76,8.18,$0.10B,$0.05B,1.94,$0.17B,$0.25B,0.67,$0.27B,$0.07B,27.11%,$0.27B,$0.02B,6.96%,$0.27B,$0.02B,6.96%,$0.27B,$0.02B,6.96%,$0.27B,$0.01B,1.83%,$0.27B,$0.03B,9.52%,$0.03B,$0.25B,10.35%,$0.03B,$0.25B,10.35%,$0.03B,$0.53B,4.99%,$0.02B,$0.42B,4.56%,$80,$60,$19,$0,$3,$74,$6,$-4,$2,$-1,$3,$3,$3,$6,$6,$30,30,$0.09,$0.09,$24,$40,$0,$97,$410,$4,$0,$15,$429,$526,$50,$168,$7,$222,$273,$0,$152,$0,$253,$526,$0,$0,$0,$0,$0,$0,$0,$0,$0,$30,$-25,$0,$8,$1,$0,$1,$0,$-16,$19,$-27,$-8,$0,$0,$-4,$3,$-9,$5,$0,$-4
1,2018-06-30,7.1,$8.33,0.85,$8.98,0.79,$2.01,3.54,$0.89,7.98,$0.09B,$0.05B,1.95,$0.17B,$0.25B,0.68,$0.27B,$0.08B,28.09%,$0.27B,$0.02B,7.49%,$0.27B,$0.02B,7.49%,$0.27B,$0.02B,7.49%,$0.27B,$0.01B,2.62%,$0.27B,$0.03B,10.11%,$0.03B,$0.25B,11.01%,$0.03B,$0.25B,11.01%,$0.03B,$0.52B,5.19%,$0.02B,$0.42B,4.86%,$57,$39,$18,$0,$2,$53,$4,$-5,$-0,$-0,$-0,$-0,$-0,$4,$4,$30,30,$0.00,$0.00,$17,$46,$0,$93,$412,$4,$0,$15,$431,$523,$48,$170,$7,$225,$272,$0,$151,$0,$251,$523,$0,$0,$0,$0,$0,$0,$0,$0,$0,$16,$-20,$0,$8,$1,$0,$1,$0,$-11,$14,$-22,$-8,$0,$0,$-2,$3,$-7,$-2,$0,$-2
2,2018-03-31,6.79,$8.42,0.81,$9.25,0.73,$2.55,2.66,$0.90,7.54,$0.08B,$0.06B,1.44,$0.16B,$0.25B,0.62,$0.27B,$0.08B,28.10%,$0.27B,$0.02B,7.30%,$0.27B,$0.02B,7.30%,$0.27B,$0.02B,7.30%,$0.27B,$0.01B,2.92%,$0.27B,$0.03B,9.85%,$0.03B,$0.25B,11.31%,$0.03B,$0.25B,11.31%,$0.03B,$0.52B,5.18%,$0.02B,$0.41B,4.88%,$67,$47,$20,$0,$4,$62,$5,$-3,$2,$0,$2,$2,$2,$5,$5,$30,30,$0.07,$0.07,$22,$32,$0,$83,$417,$4,$0,$15,$435,$519,$58,$155,$7,$209,$267,$0,$152,$0,$252,$519,$0,$0,$0,$0,$0,$0,$0,$0,$0,$13,$-10,$0,$8,$0,$0,$0,$0,$-2,$5,$-16,$-11,$0,$0,$-1,$4,$-8,$2,$0,$-1
3,2017-12-31,5.98,$8.32,0.72,$9.18,0.65,$2.81,2.13,$1.08,5.54,$0.07B,$0.05B,1.32,$0.17B,$0.25B,0.67,$0.27B,$0.08B,29.89%,$0.27B,$0.03B,9.59%,$0.27B,$0.03B,9.59%,$0.27B,$0.03B,9.59%,$0.27B,$0.01B,5.17%,$0.27B,$0.03B,11.81%,$0.03B,$0.25B,13.81%,$0.03B,$0.25B,13.81%,$0.03B,$0.52B,6.10%,$0.03B,$0.42B,6.29%,$69,$52,$17,$0,$3,$65,$4,$-3,$1,$-20,$21,$21,$21,$4,$4,$30,30,$0.69,$0.69,$20,$23,$0,$72,$420,$12,$0,$15,$447,$518,$54,$166,$7,$215,$269,$0,$150,$1,$249,$518,$33,$40,$-4,$37,$6,$-3,$0,$-5,$-6,$62,$-28,$0,$0,$6,$0,$6,$0,$-22,$0,$-37,$-37,$0,$0,$-5,$5,$-37,$3,$7,$-5
4,2017-09-30,5.58,$7.68,0.73,$9.28,0.6,$2.32,2.41,$0.26,21.45,$0.07B,$0.05B,1.4,$0.17B,$0.23B,0.76,$0.27B,$0.09B,31.14%,$0.27B,$0.03B,10.99%,$0.27B,$0.03B,10.99%,$0.27B,$0.03B,10.99%,$0.27B,$0.00B,0.73%,$0.27B,$0.01B,2.56%,$0.01B,$0.23B,3.13%,$0.01B,$0.23B,3.13%,$0.01B,$0.52B,1.33%,$0.03B,$0.40B,7.23%,$74,$54,$20,$0,$3,$67,$7,$-3,$4,$0,$4,$4,$4,$7,$7,$30,30,$0.13,$0.13,$17,$26,$2,$74,$419,$12,$0,$14,$445,$519,$53,$174,$2,$237,$290,$0,$130,$1,$229,$519,$0,$0,$0,$0,$0,$0,$0,$0,$0,$48,$-21,$0,$0,$5,$0,$5,$0,$-16,$0,$-28,$-28,$0,$0,$-4,$0,$-32,$0,$0,$-4
5,2017-06-30,7.53,$7.57,0.99,$9.02,0.83,$1.88,4.01,$0.27,27.9,$0.09B,$0.05B,1.6,$0.19B,$0.23B,0.84,$0.27B,$0.08B,31.70%,$0.27B,$0.03B,11.70%,$0.27B,$0.03B,11.70%,$0.27B,$0.03B,11.70%,$0.27B,$0.00B,1.13%,$0.27B,$0.01B,2.64%,$0.01B,$0.23B,3.15%,$0.01B,$0.23B,3.15%,$0.01B,$0.53B,1.31%,$0.03B,$0.41B,7.36%,$64,$44,$20,$0,$7,$60,$4,$-4,$1,$0,$0,$0,$0,$4,$4,$30,30,$0.01,$0.01,$19,$33,$4,$85,$418,$12,$0,$14,$443,$528,$53,$188,$3,$249,$303,$0,$127,$1,$225,$528,$0,$0,$0,$0,$0,$0,$0,$0,$0,$24,$-12,$0,$0,$4,$0,$4,$0,$-8,$0,$-13,$-13,$0,$0,$-2,$0,$-16,$1,$0,$-2
6,2017-03-31,7.72,$7.61,1.01,$9.19,0.84,$1.61,4.79,$0.45,17.16,$0.09B,$0.05B,1.79,$0.20B,$0.22B,0.88,$0.27B,$0.09B,32.22%,$0.27B,$0.04B,14.07%,$0.27B,$0.04B,14.07%,$0.27B,$0.04B,14.07%,$0.27B,$0.01B,2.96%,$0.27B,$0.01B,4.81%,$0.01B,$0.22B,5.90%,$0.01B,$0.22B,5.90%,$0.01B,$0.53B,2.42%,$0.04B,$0.42B,8.89%,$64,$40,$24,$0,$3,$52,$11,$-3,$8,$1,$7,$7,$7,$11,$11,$29,29,$0.25,$0.25,$24,$30,$7,$90,$416,$12,$0,$14,$443,$533,$50,$197,$3,$259,$309,$0,$128,$1,$224,$533,$0,$0,$0,$0,$0,$0,$0,$0,$0,$15,$-5,$0,$0,$2,$0,$2,$0,$-3,$0,$-7,$-7,$0,$0,$-1,$0,$-8,$4,$0,$-1
7,2016-12-31,8.73,$7.37,1.18,$9.62,0.91,$1.10,7.94,$0.41,21.29,$0.08B,$0.05B,1.7,$0.21B,$0.22B,0.95,$0.28B,$0.09B,31.56%,$0.28B,$0.04B,14.54%,$0.28B,$0.04B,14.54%,$0.28B,$0.04B,14.54%,$0.28B,$0.01B,2.84%,$0.28B,$0.01B,4.26%,$0.01B,$0.22B,5.52%,$0.01B,$0.22B,5.52%,$0.01B,$0.53B,2.22%,$0.04B,$0.42B,9.50%,$71,$51,$21,$1,$2,$63,$8,$-19,$-11,$-7,$-4,$-4,$-4,$8,$8,$29,29,$-0.12,$-0.12,$22,$20,$9,$83,$423,$12,$0,$14,$449,$531,$49,$205,$2,$266,$314,$0,$122,$1,$217,$531,$13,$38,$18,$56,$-6,$6,$0,$-3,$-8,$61,$-42,$0,$0,$0,$0,$0,$-7,$-49,$24,$-35,$-11,$0,$0,$-5,$-2,$-18,$-6,$3,$-5
8,2016-09-30,7.53,$7.59,0.99,$9.42,0.8,$2.65,2.85,$0.56,13.45,$0.06B,$0.04B,1.47,$0.21B,$0.22B,0.93,$0.28B,$0.09B,31.16%,$0.28B,$0.04B,13.41%,$0.28B,$0.04B,13.41%,$0.28B,$0.04B,13.41%,$0.28B,$0.02B,7.25%,$0.28B,$0.02B,6.16%,$0.02B,$0.22B,7.92%,$0.02B,$0.22B,7.92%,$0.02B,$0.54B,3.13%,$0.04B,$0.43B,8.55%,$66,$47,$19,$0,$3,$58,$8,$-3,$5,$1,$4,$4,$4,$8,$8,$29,29,$0.14,$0.14,$15,$23,$3,$63,$440,$15,$0,$22,$477,$540,$43,$206,$3,$275,$318,$0,$127,$1,$222,$540,$0,$0,$0,$0,$0,$0,$0,$0,$0,$44,$-30,$0,$0,$0,$0,$0,$0,$-30,$15,$-26,$-11,$0,$0,$-4,$-2,$-17,$-3,$0,$-4
9,2016-06-30,4.38,$7.46,0.59,$10.00,0.44,$3.88,1.13,$0.59,7.43,$0.07B,$0.04B,1.67,$0.22B,$0.22B,1.01,$0.29B,$0.09B,31.51%,$0.29B,$0.04B,13.70%,$0.29B,$0.04B,13.70%,$0.29B,$0.04B,13.70%,$0.29B,$0.02B,7.19%,$0.29B,$0.02B,6.16%,$0.02B,$0.22B,8.53%,$0.02B,$0.22B,8.53%,$0.02B,$0.54B,3.28%,$0.04B,$0.44B,9.15%,$69,$45,$23,$0,$3,$58,$11,$-5,$6,$0,$6,$6,$6,$11,$11,$29,29,$0.19,$0.19,$18,$23,$2,$65,$443,$15,$0,$21,$479,$544,$39,$219,$4,$287,$326,$0,$124,$1,$218,$544,$0,$0,$0,$0,$0,$0,$0,$0,$0,$30,$-26,$0,$0,$0,$0,$0,$0,$-26,$15,$-15,$0,$0,$0,$-2,$-2,$-4,$0,$0,$-2
10,2016-03-31,4.3,$7.26,0.59,$10.93,0.39,$4.92,0.87,$0.63,6.83,$0.06B,$0.04B,1.41,$0.23B,$0.21B,1.06,$0.32B,$0.10B,30.19%,$0.32B,$0.04B,13.21%,$0.32B,$0.04B,13.21%,$0.32B,$0.04B,13.21%,$0.32B,$0.02B,7.55%,$0.32B,$0.02B,5.97%,$0.02B,$0.21B,9.17%,$0.02B,$0.21B,9.17%,$0.02B,$0.55B,3.41%,$0.04B,$0.44B,9.52%,$76,$50,$26,$0,$3,$62,$14,$-6,$8,$2,$6,$6,$6,$14,$14,$29,29,$0.21,$0.21,$15,$24,$1,$62,$450,$15,$0,$20,$485,$548,$44,$226,$3,$291,$335,$0,$119,$0,$212,$548,$0,$0,$0,$0,$0,$0,$0,$0,$0,$19,$-24,$0,$0,$0,$0,$0,$-1,$-25,$15,$-8,$7,$0,$0,$-1,$-2,$3,$-2,$0,$-1
11,2015-12-31,4.25,$7.07,0.6,$11.72,0.36,$5.56,0.76,$0.67,6.35,$0.07B,$0.05B,1.31,$0.22B,$0.21B,1.06,$0.34B,$0.10B,30.00%,$0.34B,$0.04B,12.94%,$0.34B,$0.04B,12.94%,$0.34B,$0.04B,12.94%,$0.34B,$0.03B,7.94%,$0.34B,$0.02B,5.88%,$0.02B,$0.21B,9.83%,$0.02B,$0.21B,9.83%,$0.02B,$0.54B,3.55%,$0.04B,$0.43B,9.82%,$65,$46,$18,$0,$3,$61,$4,$-2,$1,$1,$1,$1,$1,$4,$4,$29,29,$0.03,$0.03,$17,$26,$0,$67,$445,$17,$0,$11,$474,$540,$51,$220,$2,$283,$334,$0,$114,$-0,$207,$540,$20,$45,$12,$57,$11,$8,$0,$0,$18,$95,$-31,$0,$0,$0,$0,$0,$1,$-31,$0,$-57,$-57,$0,$0,$-5,$0,$-62,$2,$3,$-5
12,2015-09-30,6.44,$7.14,0.9,$12.99,0.5,$4.42,1.46,$0.98,6.57,$0.08B,$0.06B,1.4,$0.24B,$0.21B,1.16,$0.38B,$0.12B,31.12%,$0.38B,$0.06B,14.63%,$0.38B,$0.06B,14.63%,$0.38B,$0.06B,14.63%,$0.38B,$0.04B,9.57%,$0.38B,$0.03B,7.45%,$0.03B,$0.21B,14.05%,$0.03B,$0.21B,14.05%,$0.03B,$0.56B,4.88%,$0.06B,$0.45B,11.96%,$82,$57,$25,$0,$3,$71,$11,$-5,$6,$1,$5,$5,$5,$11,$11,$29,29,$0.17,$0.17,$21,$24,$1,$77,$451,$19,$0,$16,$486,$563,$55,$240,$2,$301,$356,$0,$115,$-0,$207,$563,$0,$0,$0,$0,$0,$0,$0,$0,$0,$77,$-27,$0,$0,$0,$0,$0,$0,$-27,$0,$-40,$-40,$0,$0,$-4,$0,$-44,$6,$0,$-4
13,2015-06-30,7.69,$6.98,1.1,$12.47,0.62,$2.94,2.62,$0.61,12.6,$0.08B,$0.05B,1.51,$0.25B,$0.20B,1.24,$0.36B,$0.11B,29.44%,$0.36B,$0.05B,13.33%,$0.36B,$0.05B,13.33%,$0.36B,$0.05B,13.33%,$0.36B,$0.02B,6.39%,$0.36B,$0.02B,4.72%,$0.02B,$0.20B,8.80%,$0.02B,$0.20B,8.80%,$0.02B,$0.58B,2.90%,$0.05B,$0.45B,10.09%,$95,$68,$27,$0,$3,$83,$13,$-3,$9,$2,$7,$7,$7,$13,$13,$29,29,$0.23,$0.23,$18,$30,$1,$82,$458,$19,$0,$17,$494,$576,$54,$251,$8,$319,$373,$0,$111,$0,$203,$576,$0,$0,$0,$0,$0,$0,$0,$0,$0,$58,$-23,$0,$0,$0,$0,$0,$-1,$-24,$0,$-29,$-29,$0,$0,$-2,$0,$-31,$3,$0,$-2
14,2015-03-31,10.74,$6.80,1.58,$10.52,1.02,$1.99,5.39,$0.48,22.37,$0.09B,$0.05B,1.63,$0.27B,$0.20B,1.36,$0.30B,$0.09B,30.03%,$0.30B,$0.04B,12.87%,$0.30B,$0.04B,12.87%,$0.30B,$0.04B,12.87%,$0.30B,$0.02B,5.94%,$0.30B,$0.01B,4.29%,$0.01B,$0.20B,6.85%,$0.01B,$0.20B,6.85%,$0.01B,$0.58B,2.56%,$0.04B,$0.47B,9.44%,$98,$66,$32,$1,$3,$82,$16,$-5,$11,$3,$8,$8,$7,$16,$16,$29,29,$0.25,$0.25,$13,$38,$1,$87,$454,$19,$0,$17,$490,$577,$53,$268,$3,$326,$380,$0,$105,$0,$197,$577,$0,$0,$0,$0,$0,$0,$0,$0,$0,$22,$-8,$0,$0,$0,$0,$0,$0,$-8,$0,$-14,$-14,$0,$0,$-1,$0,$-16,$-2,$0,$-1
15,2014-12-31,10.08,$6.56,1.54,$8.38,1.2,$1.63,6.17,$0.35,28.8,$0.08B,$0.05B,1.69,$0.28B,$0.19B,1.5,$0.24B,$0.07B,29.88%,$0.24B,$0.03B,11.62%,$0.24B,$0.03B,11.62%,$0.24B,$0.03B,11.62%,$0.24B,$0.01B,4.98%,$0.24B,$0.01B,4.15%,$0.01B,$0.19B,5.35%,$0.01B,$0.19B,5.35%,$0.01B,$0.58B,2.33%,$0.03B,$0.47B,8.06%,$101,$68,$33,$0,$5,$85,$15,$-6,$10,$0,$9,$9,$9,$15,$15,$29,29,$0.32,$0.32,$15,$35,$2,$84,$458,$19,$0,$19,$495,$580,$50,$284,$2,$340,$390,$0,$99,$0,$190,$580,$10,$31,$-4,$27,$-0,$8,$0,$0,$9,$56,$-26,$0,$-311,$0,$0,$0,$0,$-337,$350,$-60,$290,$0,$0,$-5,$-7,$279,$-3,$3,$-5
16,2014-09-30,10.8,$6.36,1.7,$6.21,1.74,$0.44,24.42,$0.18,60.0,$0.11B,$0.05B,2.18,$0.33B,$0.18B,1.78,$0.18B,$0.05B,29.21%,$0.18B,$0.02B,10.11%,$0.18B,$0.02B,10.11%,$0.18B,$0.02B,10.11%,$0.18B,$0.01B,3.93%,$0.18B,$0.01B,2.81%,$0.01B,$0.18B,2.70%,$0.01B,$0.18B,2.70%,$0.01B,$0.61B,1.43%,$0.02B,$0.51B,6.46%,$66,$53,$14,$1,$3,$63,$4,$-11,$-7,$-1,$-6,$-6,$-6,$4,$4,$29,29,$-0.20,$-0.20,$24,$33,$4,$107,$457,$24,$0,$22,$504,$611,$49,$326,$2,$379,$428,$0,$92,$0,$183,$611,$0,$0,$0,$0,$0,$0,$0,$0,$0,$21,$-14,$0,$-320,$0,$0,$0,$0,$-334,$350,$-20,$330,$0,$0,$-4,$-7,$319,$6,$0,$-4
17,2014-06-30,8.63,$6.57,1.31,$5.21,1.66,$0.01,0.0,$0.55,15.69,$0.04B,$0.01B,3.67,$0.02B,$0.19B,0.09,$0.15B,$0.05B,34.67%,$0.15B,$0.02B,14.00%,$0.15B,$0.02B,14.00%,$0.15B,$0.02B,14.00%,$0.15B,$0.02B,13.33%,$0.15B,$0.02B,10.67%,$0.02B,$0.19B,8.68%,$0.02B,$0.19B,8.68%,$0.02B,$0.26B,6.20%,$0.02B,$0.21B,10.55%,$38,$26,$12,$1,$3,$35,$4,$-0,$4,$0,$3,$3,$3,$4,$4,$29,29,$0.10,$0.10,$23,$9,$0,$43,$181,$23,$0,$17,$222,$264,$12,$16,$1,$64,$75,$0,$99,$1,$189,$264,$0,$0,$0,$0,$0,$0,$0,$0,$0,$16,$-9,$0,$0,$0,$0,$0,$0,$-9,$0,$0,$0,$0,$0,$-2,$-0,$-3,$5,$0,$-2
18,2014-03-31,7.74,$6.47,1.2,$5.29,1.46,$-0.41,0.0,$0.73,10.6,$0.04B,$0.01B,4.36,$0.02B,$0.19B,0.09,$0.15B,$0.06B,37.91%,$0.15B,$0.03B,18.95%,$0.15B,$0.03B,18.95%,$0.15B,$0.03B,18.95%,$0.15B,$0.03B,17.65%,$0.15B,$0.02B,13.73%,$0.02B,$0.19B,11.62%,$0.02B,$0.19B,11.62%,$0.02B,$0.26B,8.33%,$0.03B,$0.20B,14.91%,$36,$23,$13,$1,$2,$31,$5,$-0,$5,$1,$4,$4,$4,$5,$5,$29,29,$0.12,$0.12,$20,$9,$0,$43,$181,$22,$0,$17,$220,$263,$10,$16,$2,$67,$77,$0,$97,$0,$186,$263,$0,$0,$0,$0,$0,$0,$0,$0,$0,$6,$-3,$0,$0,$0,$0,$0,$0,$-3,$0,$0,$0,$0,$0,$-1,$0,$-1,$2,$0,$-1
19,2013-12-31,7.26,$6.33,1.15,$5.35,1.36,$-0.60,0.0,$0.80,9.08,$0.04B,$0.01B,3.88,$0.02B,$0.18B,0.09,$0.16B,$0.06B,38.06%,$0.16B,$0.03B,20.00%,$0.16B,$0.03B,20.00%,$0.16B,$0.03B,20.00%,$0.16B,$0.03B,18.71%,$0.16B,$0.02B,14.19%,$0.02B,$0.18B,12.48%,$0.02B,$0.18B,12.48%,$0.02B,$0.26B,8.97%,$0.03B,$0.20B,16.40%,$38,$25,$13,$0,$4,$32,$5,$-0,$5,$1,$4,$4,$4,$5,$5,$29,29,$0.13,$0.14,$16,$8,$0,$40,$182,$21,$0,$15,$219,$259,$10,$16,$2,$67,$77,$0,$94,$0,$182,$259,$22,$19,$-2,$17,$-2,$-3,$0,$0,$-11,$27,$-31,$0,$0,$0,$0,$0,$-3,$-34,$5,$0,$5,$0,$0,$-3,$0,$1,$-6,$2,$-3
20,2013-09-30,6.54,$6.28,1.04,$5.25,1.25,$0.19,34.83,$0.82,7.98,$0.03B,$0.01B,3.4,$0.01B,$0.18B,0.06,$0.15B,$0.06B,38.82%,$0.15B,$0.03B,21.71%,$0.15B,$0.03B,21.71%,$0.15B,$0.03B,21.71%,$0.15B,$0.03B,19.74%,$0.15B,$0.02B,15.13%,$0.02B,$0.18B,13.43%,$0.02B,$0.18B,13.43%,$0.02B,$0.25B,9.67%,$0.03B,$0.19B,18.06%,$38,$23,$14,$1,$2,$31,$7,$-0,$6,$2,$5,$5,$5,$7,$7,$29,29,$0.17,$0.17,$14,$7,$0,$34,$177,$20,$0,$15,$212,$247,$10,$11,$2,$57,$67,$0,$91,$0,$180,$247,$0,$0,$0,$0,$0,$0,$0,$0,$0,$20,$-26,$0,$0,$0,$0,$0,$0,$-26,$0,$0,$0,$0,$0,$-2,$0,$-2,$-8,$0,$-2
21,2013-06-30,7.18,$6.13,1.17,$5.23,1.37,$1.11,6.49,$0.87,8.25,$0.03B,$0.01B,3.22,$0.01B,$0.18B,0.07,$0.15B,$0.06B,40.40%,$0.15B,$0.04B,23.18%,$0.15B,$0.04B,23.18%,$0.15B,$0.04B,23.18%,$0.15B,$0.03B,21.85%,$0.15B,$0.02B,15.89%,$0.02B,$0.18B,14.37%,$0.02B,$0.18B,14.37%,$0.02B,$0.24B,10.29%,$0.04B,$0.19B,19.91%,$41,$22,$18,$0,$2,$29,$12,$-0,$11,$3,$8,$8,$8,$12,$12,$29,29,$0.29,$0.28,$15,$8,$1,$32,$173,$18,$0,$16,$207,$240,$10,$11,$2,$54,$64,$0,$88,$0,$175,$240,$0,$0,$0,$0,$0,$0,$0,$0,$0,$13,$-18,$0,$0,$-1,$0,$-1,$0,$-19,$0,$0,$0,$0,$0,$-1,$0,$-1,$-7,$0,$-1
22,2013-03-31,6.12,$5.90,1.04,$5.04,1.21,$1.60,3.83,$0.82,7.46,$0.03B,$0.01B,3.42,$0.01B,$0.17B,0.07,$0.15B,$0.06B,40.69%,$0.15B,$0.03B,22.76%,$0.15B,$0.03B,22.76%,$0.15B,$0.03B,22.76%,$0.15B,$0.03B,22.07%,$0.15B,$0.02B,15.17%,$0.02B,$0.17B,13.25%,$0.02B,$0.17B,13.25%,$0.02B,$0.24B,9.48%,$0.03B,$0.18B,19.21%,$38,$23,$14,$1,$2,$30,$7,$-0,$7,$1,$5,$5,$5,$7,$7,$29,29,$0.19,$0.19,$18,$7,$0,$34,$171,$17,$0,$12,$201,$235,$10,$11,$6,$56,$66,$0,$81,$0,$168,$235,$0,$0,$0,$0,$0,$0,$0,$0,$0,$6,$-9,$0,$0,$-1,$0,$-1,$0,$-10,$0,$0,$0,$0,$0,$0,$0,$0,$-3,$0,$0
23,2012-12-31,7.32,$5.68,1.29,$4.92,1.49,$1.93,3.8,$0.84,8.72,$0.04B,$0.01B,3.16,$0.01B,$0.16B,0.07,$0.14B,$0.06B,43.26%,$0.14B,$0.04B,24.82%,$0.14B,$0.04B,24.82%,$0.14B,$0.04B,24.82%,$0.14B,$0.03B,24.11%,$0.14B,$0.02B,16.31%,$0.02B,$0.16B,13.94%,$0.02B,$0.16B,13.94%,$0.02B,$0.23B,9.91%,$0.04B,$0.17B,20.86%,$35,$22,$13,$1,$2,$28,$7,$-0,$6,$1,$5,$5,$5,$7,$7,$28,29,$0.17,$0.17,$22,$5,$0,$35,$167,$16,$0,$11,$194,$229,$11,$11,$6,$56,$67,$0,$75,$0,$162,$229,$24,$16,$2,$18,$-1,$-0,$0,$-3,$-6,$37,$-19,$0,$0,$-1,$-1,$-2,$-0,$-20,$1,$-8,$-6,$-1,$-1,$-23,$-1,$-32,$-16,$3,$-23
24,2012-09-30,7.24,$5.76,1.26,$5.14,1.41,$2.71,2.67,$0.66,10.97,$0.04B,$0.02B,2.0,$0.00B,$0.16B,0.0,$0.15B,$0.07B,45.58%,$0.15B,$0.04B,28.57%,$0.15B,$0.04B,28.57%,$0.15B,$0.04B,28.57%,$0.15B,$0.04B,27.89%,$0.15B,$0.03B,18.37%,$0.03B,$0.16B,16.39%,$0.03B,$0.16B,16.39%,$0.03B,$0.23B,11.60%,$0.04B,$0.16B,25.49%,$37,$21,$16,$1,$2,$28,$9,$-0,$9,$3,$6,$6,$6,$9,$9,$28,29,$0.22,$0.22,$30,$6,$0,$44,$159,$17,$0,$9,$185,$229,$22,$0,$6,$44,$65,$0,$75,$0,$163,$229,$0,$0,$0,$0,$0,$0,$0,$0,$0,$30,$-9,$0,$0,$-1,$0,$-1,$-0,$-11,$0,$-8,$-8,$0,$0,$-19,$0,$-26,$-7,$0,$-19
25,2012-06-30,6.91,$6.03,1.15,$5.41,1.28,$3.23,2.14,$0.88,7.86,$0.05B,$0.02B,2.27,$0.00B,$0.17B,0.0,$0.16B,$0.08B,49.03%,$0.16B,$0.05B,34.19%,$0.16B,$0.05B,34.19%,$0.16B,$0.05B,34.19%,$0.16B,$0.05B,33.55%,$0.16B,$0.03B,21.94%,$0.03B,$0.17B,20.99%,$0.03B,$0.17B,20.99%,$0.03B,$0.24B,14.72%,$0.05B,$0.17B,32.22%,$35,$19,$16,$1,$2,$25,$10,$-0,$10,$3,$6,$6,$6,$10,$10,$28,29,$0.23,$0.23,$36,$5,$0,$51,$158,$17,$0,$9,$184,$235,$22,$0,$6,$42,$64,$0,$83,$0,$171,$235,$0,$0,$0,$0,$0,$0,$0,$0,$0,$14,$-4,$0,$0,$-1,$0,$-1,$-0,$-6,$0,$-5,$-5,$0,$0,$-4,$0,$-9,$-1,$0,$-4
26,2012-03-31,7.21,$5.78,1.25,$5.36,1.34,$3.44,2.1,$0.88,8.19,$0.05B,$0.03B,1.54,$0.00B,$0.16B,0.0,$0.15B,$0.08B,49.35%,$0.15B,$0.05B,35.06%,$0.15B,$0.05B,35.06%,$0.15B,$0.05B,35.06%,$0.15B,$0.05B,33.77%,$0.15B,$0.03B,22.08%,$0.03B,$0.16B,22.08%,$0.03B,$0.16B,22.08%,$0.03B,$0.24B,15.26%,$0.05B,$0.16B,33.86%,$34,$18,$16,$0,$2,$25,$9,$-0,$9,$3,$6,$6,$6,$9,$9,$28,29,$0.22,$0.21,$41,$5,$0,$51,$160,$17,$0,$8,$185,$235,$33,$0,$4,$39,$72,$0,$77,$0,$164,$235,$0,$0,$0,$0,$0,$0,$0,$0,$0,$10,$-2,$0,$0,$-1,$-1,$-2,$0,$-4,$0,$-3,$-3,$0,$0,$0,$-0,$-3,$3,$0,$0
27,2011-12-31,7.97,$5.69,1.4,$5.50,1.45,$3.39,2.35,$0.96,8.3,$0.05B,$0.03B,1.48,$0.00B,$0.16B,0.0,$0.16B,$0.08B,50.00%,$0.16B,$0.06B,37.34%,$0.16B,$0.06B,37.34%,$0.16B,$0.06B,37.34%,$0.16B,$0.06B,36.08%,$0.16B,$0.04B,22.78%,$0.04B,$0.16B,24.53%,$0.04B,$0.16B,24.53%,$0.04B,$0.23B,16.82%,$0.06B,$0.16B,37.82%,$41,$22,$19,$0,$2,$27,$14,$-0,$13,$5,$9,$9,$9,$14,$14,$28,29,$0.29,$0.29,$38,$4,$1,$49,$162,$15,$0,$6,$184,$232,$33,$0,$5,$38,$71,$0,$75,$0,$161,$232,$36,$14,$-3,$11,$0,$0,$0,$1,$12,$61,$-20,$0,$0,$-2,$0,$-2,$1,$-21,$0,$-10,$-10,$0,$0,$-4,$1,$-12,$27,$2,$-4
28,2011-09-30,6.87,$5.39,1.27,$5.08,1.35,$2.31,2.97,$1.11,6.19,$0.05B,$0.03B,1.68,$0.01B,$0.15B,0.07,$0.15B,$0.07B,50.00%,$0.15B,$0.05B,36.30%,$0.15B,$0.05B,36.30%,$0.15B,$0.05B,36.30%,$0.15B,$0.05B,34.93%,$0.15B,$0.03B,21.23%,$0.03B,$0.15B,22.42%,$0.03B,$0.15B,22.42%,$0.03B,$0.22B,15.29%,$0.05B,$0.16B,34.93%,$45,$19,$25,$0,$2,$25,$20,$-0,$20,$7,$13,$13,$13,$20,$20,$28,29,$0.45,$0.44,$34,$6,$4,$52,$149,$14,$0,$6,$169,$222,$31,$10,$4,$38,$70,$0,$66,$-0,$152,$222,$0,$0,$0,$0,$0,$0,$0,$0,$0,$40,$-5,$0,$0,$0,$0,$0,$-1,$-7,$0,$-8,$-8,$0,$0,$-4,$1,$-10,$23,$0,$-4
29,2011-06-30,7.69,$4.93,1.56,$4.68,1.64,$1.40,5.5,$0.90,8.55,$0.03B,$0.02B,1.39,$0.01B,$0.14B,0.09,$0.13B,$0.06B,47.01%,$0.13B,$0.04B,32.09%,$0.13B,$0.04B,32.09%,$0.13B,$0.04B,32.09%,$0.13B,$0.04B,30.60%,$0.13B,$0.02B,17.91%,$0.02B,$0.14B,18.25%,$0.02B,$0.14B,18.25%,$0.02B,$0.20B,12.47%,$0.04B,$0.15B,29.15%,$34,$18,$16,$0,$2,$23,$11,$-0,$10,$4,$6,$6,$6,$11,$11,$28,29,$0.23,$0.23,$18,$6,$1,$31,$151,$14,$0,$7,$172,$202,$22,$13,$4,$42,$64,$0,$54,$0,$139,$202,$0,$0,$0,$0,$0,$0,$0,$0,$0,$28,$-13,$0,$0,$0,$0,$0,$-0,$-13,$0,$-5,$-5,$0,$0,$-4,$1,$-8,$7,$0,$-4
30,2011-03-31,9.2,$4.81,1.91,$4.61,1.99,$1.04,8.82,$0.84,10.95,$0.03B,$0.02B,1.35,$0.02B,$0.14B,0.11,$0.13B,$0.06B,45.45%,$0.13B,$0.04B,30.30%,$0.13B,$0.04B,30.30%,$0.13B,$0.04B,30.30%,$0.13B,$0.04B,29.55%,$0.13B,$0.02B,17.42%,$0.02B,$0.14B,18.22%,$0.02B,$0.14B,18.22%,$0.02B,$0.20B,12.40%,$0.04B,$0.15B,27.63%,$38,$19,$19,$0,$2,$24,$14,$-0,$14,$5,$8,$8,$8,$14,$14,$28,29,$0.30,$0.29,$15,$5,$1,$32,$150,$12,$0,$7,$168,$200,$23,$15,$4,$41,$65,$0,$51,$0,$135,$200,$0,$0,$0,$0,$0,$0,$0,$0,$0,$14,$-8,$0,$0,$0,$0,$0,$1,$-7,$0,$-3,$-3,$0,$0,$0,$0,$-3,$5,$0,$0
31,2010-12-31,8.32,$4.54,1.83,$4.53,1.84,$1.00,8.29,$0.79,10.53,$0.03B,$0.02B,1.35,$0.02B,$0.13B,0.14,$0.13B,$0.06B,44.19%,$0.13B,$0.04B,29.46%,$0.13B,$0.04B,29.46%,$0.13B,$0.04B,29.46%,$0.13B,$0.04B,27.91%,$0.13B,$0.02B,17.05%,$0.02B,$0.13B,18.14%,$0.02B,$0.13B,18.14%,$0.02B,$0.19B,12.34%,$0.04B,$0.14B,26.71%,$29,$16,$13,$0,$2,$21,$8,$-0,$7,$3,$4,$4,$4,$8,$8,$28,29,$0.16,$0.14,$12,$5,$1,$26,$145,$10,$0,$5,$160,$187,$20,$18,$4,$40,$60,$0,$42,$0,$127,$187,$22,$12,$13,$25,$-0,$0,$0,$-0,$-2,$46,$-36,$0,$0,$0,$-3,$-3,$1,$-37,$0,$-10,$-10,$-1,$-1,$-3,$0,$-13,$-5,$2,$-3
32,2010-09-30,9.22,$4.49,2.06,$4.79,1.92,$0.70,13.2,$0.64,14.41,$0.03B,$0.02B,1.36,$0.02B,$0.13B,0.16,$0.13B,$0.06B,44.27%,$0.13B,$0.04B,31.30%,$0.13B,$0.04B,31.30%,$0.13B,$0.04B,31.30%,$0.13B,$0.04B,29.77%,$0.13B,$0.02B,18.32%,$0.02B,$0.13B,20.56%,$0.02B,$0.13B,20.56%,$0.02B,$0.18B,13.89%,$0.04B,$0.15B,29.23%,$33,$18,$15,$0,$1,$23,$10,$-0,$10,$3,$6,$6,$6,$10,$10,$28,29,$0.23,$0.23,$16,$2,$3,$30,$142,$6,$0,$3,$152,$181,$22,$20,$5,$35,$57,$0,$38,$0,$125,$181,$0,$0,$0,$0,$0,$0,$0,$0,$0,$34,$-25,$0,$0,$0,$0,$0,$0,$-24,$0,$-8,$-8,$-1,$-1,$-3,$-0,$-11,$-2,$0,$-3
33,2010-06-30,7.0,$4.23,1.66,$4.88,1.43,$0.31,22.93,$0.58,12.07,$0.03B,$0.02B,1.32,$0.02B,$0.12B,0.19,$0.13B,$0.06B,43.31%,$0.13B,$0.04B,30.71%,$0.13B,$0.04B,30.71%,$0.13B,$0.04B,30.71%,$0.13B,$0.04B,29.13%,$0.13B,$0.02B,17.32%,$0.02B,$0.12B,19.82%,$0.02B,$0.12B,19.82%,$0.02B,$0.17B,13.19%,$0.04B,$0.14B,28.47%,$32,$19,$13,$0,$1,$23,$8,$-0,$8,$3,$5,$5,$5,$8,$8,$28,29,$0.17,$0.17,$18,$1,$3,$29,$135,$7,$0,$3,$145,$174,$22,$23,$5,$34,$56,$0,$32,$0,$118,$174,$0,$0,$0,$0,$0,$0,$0,$0,$0,$23,$-18,$0,$0,$0,$0,$0,$0,$-18,$0,$-5,$-5,$-1,$-1,$0,$-0,$-6,$-1,$0,$0
34,2010-03-31,6.57,$4.14,1.59,$4.92,1.33,$0.01,0.0,$0.57,11.53,$0.03B,$0.02B,1.53,$0.03B,$0.12B,0.22,$0.12B,$0.05B,42.98%,$0.12B,$0.04B,31.40%,$0.12B,$0.04B,31.40%,$0.12B,$0.04B,31.40%,$0.12B,$0.04B,28.93%,$0.12B,$0.02B,16.53%,$0.02B,$0.12B,19.42%,$0.02B,$0.12B,19.42%,$0.02B,$0.17B,12.48%,$0.04B,$0.14B,28.84%,$35,$19,$16,$0,$1,$23,$12,$-1,$11,$5,$7,$7,$7,$12,$12,$28,28,$0.25,$0.24,$20,$1,$2,$31,$130,$6,$0,$3,$140,$171,$20,$25,$6,$36,$56,$0,$30,$0,$115,$171,$0,$0,$0,$0,$0,$0,$0,$0,$0,$15,$-10,$0,$0,$0,$0,$0,$-0,$-10,$0,$-3,$-3,$-1,$-1,$0,$-0,$-3,$1,$0,$0
35,2009-12-31,6.14,$3.91,1.57,$5.02,1.22,$-0.13,0.0,$0.64,9.6,$0.03B,$0.02B,1.47,$0.03B,$0.11B,0.25,$0.12B,$0.05B,43.97%,$0.12B,$0.04B,32.76%,$0.12B,$0.04B,32.76%,$0.12B,$0.04B,32.76%,$0.12B,$0.04B,31.03%,$0.12B,$0.02B,17.24%,$0.02B,$0.11B,21.05%,$0.02B,$0.11B,21.05%,$0.02B,$0.17B,13.01%,$0.04B,$0.14B,30.10%,$31,$17,$14,$0,$1,$21,$11,$-1,$10,$4,$6,$6,$6,$11,$11,$24,24,$0.20,$0.19,$19,$4,$0,$30,$126,$6,$0,$3,$135,$165,$21,$28,$6,$36,$56,$0,$23,$0,$109,$165,$22,$9,$14,$23,$1,$-1,$0,$-1,$-1,$45,$-44,$0,$0,$0,$0,$0,$-2,$-47,$0,$-3,$-3,$25,$25,$0,$-27,$-4,$-6,$1,$0
36,2009-09-30,5.01,$3.68,1.36,$5.17,0.97,$-0.34,0.0,$0.64,7.82,$0.03B,$0.02B,1.57,$0.03B,$0.10B,0.29,$0.11B,$0.05B,46.02%,$0.11B,$0.04B,32.74%,$0.11B,$0.04B,32.74%,$0.11B,$0.04B,32.74%,$0.11B,$0.03B,28.32%,$0.11B,$0.02B,15.04%,$0.02B,$0.10B,19.65%,$0.02B,$0.10B,19.65%,$0.02B,$0.16B,11.60%,$0.04B,$0.13B,30.77%,$29,$17,$12,$0,$1,$21,$8,$-1,$8,$3,$5,$5,$4,$8,$8,$23,23,$0.17,$0.17,$16,$2,$3,$28,$117,$7,$0,$2,$129,$157,$18,$30,$6,$37,$55,$0,$17,$0,$102,$157,$0,$0,$0,$0,$0,$0,$0,$0,$0,$32,$-34,$0,$0,$0,$0,$0,$-0,$-34,$0,$-3,$-3,$25,$25,$0,$-27,$-4,$-6,$0,$0
37,2009-06-30,4.3,$3.83,1.12,$4.77,0.9,$-0.44,0.0,$0.47,9.15,$0.03B,$0.02B,1.69,$0.03B,$0.09B,0.38,$0.10B,$0.05B,45.54%,$0.10B,$0.03B,32.67%,$0.10B,$0.03B,32.67%,$0.10B,$0.03B,32.67%,$0.10B,$0.03B,26.73%,$0.10B,$0.02B,15.84%,$0.02B,$0.09B,20.51%,$0.02B,$0.09B,20.51%,$0.02B,$0.15B,11.66%,$0.03B,$0.12B,29.20%,$26,$16,$10,$0,$1,$19,$7,$-0,$6,$2,$4,$4,$3,$7,$7,$22,22,$0.16,$0.16,$19,$0,$2,$27,$110,$7,$0,$3,$120,$148,$16,$33,$6,$46,$62,$0,$13,$0,$86,$148,$0,$0,$0,$0,$0,$0,$0,$0,$0,$23,$-26,$0,$0,$0,$0,$0,$-2,$-28,$0,$0,$0,$0,$0,$0,$-1,$-1,$-5,$0,$0
38,2009-03-31,2.93,$3.68,0.8,$4.52,0.65,$-0.53,0.0,$0.31,9.46,$0.03B,$0.02B,1.93,$0.04B,$0.08B,0.42,$0.09B,$0.04B,46.67%,$0.09B,$0.03B,33.33%,$0.09B,$0.03B,33.33%,$0.09B,$0.03B,33.33%,$0.09B,$0.03B,27.78%,$0.09B,$0.02B,18.89%,$0.02B,$0.08B,25.28%,$0.02B,$0.08B,25.28%,$0.02B,$0.15B,13.79%,$0.03B,$0.12B,29.06%,$30,$15,$15,$0,$1,$18,$12,$-0,$12,$4,$8,$8,$7,$12,$12,$22,22,$0.31,$0.31,$23,$0,$2,$32,$103,$8,$0,$3,$113,$145,$16,$35,$6,$46,$62,$0,$10,$0,$83,$145,$0,$0,$0,$0,$0,$0,$0,$0,$0,$13,$-13,$0,$0,$0,$0,$0,$-2,$-15,$0,$0,$0,$0,$0,$0,$0,$0,$-1,$0,$0
39,2008-12-31,2.35,$3.32,0.71,$3.81,0.62,$-0.69,0.0,0,0.0,$0.03B,$0.02B,2.09,$0.04B,$0.08B,0.5,$0.07B,$0.03B,42.86%,$0.07B,$0.02B,27.14%,$0.07B,$0.02B,27.14%,$0.07B,$0.02B,27.14%,$0.07B,$0.01B,18.57%,$0.07B,$0.01B,14.29%,$0.01B,$0.08B,17.78%,$0.01B,$0.08B,17.78%,$0.01B,$0.14B,9.13%,$0.02B,$0.11B,20.43%,$28,$13,$15,$0,$4,$18,$10,$-3,$6,$0,$3,$3,$3,$10,$10,$19,19,$0.12,$0.11,$21,$1,$2,$31,$93,$8,$0,$4,$105,$136,$15,$38,$7,$47,$61,$0,$3,$0,$75,$136,$11,$5,$8,$12,$-4,$-1,$0,$-1,$-4,$19,$-22,$0,$-12,$0,$0,$0,$3,$-31,$0,$5,$5,$22,$22,$0,$-0,$26,$14,$3,$0
40,2008-09-30,4.3,$3.11,1.38,$3.07,1.4,$-1.66,0.0,0,0.0,$0.03B,$0.01B,1.76,$0.04B,$0.07B,0.51,$0.05B,$0.02B,33.33%,$0.05B,$0.01B,19.61%,$0.05B,$0.01B,19.61%,$0.05B,$0.01B,19.61%,$0.05B,$0.01B,11.76%,$0.05B,$0.01B,11.76%,$0.01B,$0.07B,12.70%,$0.01B,$0.07B,12.70%,$0.01B,$0.12B,6.17%,$0.01B,$0.10B,12.01%,$17,$11,$6,$0,$1,$13,$4,$-1,$3,$0,$3,$3,$3,$4,$4,$21,21,$0.14,$0.14,$17,$0,$2,$25,$81,$12,$0,$2,$95,$120,$14,$35,$1,$38,$52,$0,$0,$0,$68,$120,$0,$0,$0,$0,$0,$0,$0,$0,$0,$7,$-11,$0,$-12,$0,$0,$0,$0,$-22,$0,$1,$1,$22,$22,$0,$-0,$23,$7,$0,$0
41,2008-06-30,2.74,$2.62,1.05,$3.07,0.89,$-2.36,0.0,0,0.0,$0.01B,$0.01B,1.55,$0.04B,$0.04B,0.87,$0.05B,$0.02B,33.33%,$0.05B,$0.01B,15.56%,$0.05B,$0.01B,15.56%,$0.05B,$0.01B,15.56%,$0.05B,$0.00B,6.67%,$0.05B,$0.00B,6.67%,$0.00B,$0.04B,8.00%,$0.00B,$0.04B,8.00%,$0.00B,$0.09B,3.51%,$0.01B,$0.08B,9.49%,$15,$9,$6,$0,$1,$11,$4,$0,$4,$0,$4,$4,$4,$4,$4,$16,16,$0.23,$0.23,$8,$0,$1,$14,$64,$12,$0,$2,$78,$92,$9,$37,$1,$40,$49,$0,$-3,$0,$43,$92,$0,$0,$0,$0,$0,$0,$0,$0,$0,$3,$-6,$0,$0,$0,$0,$0,$1,$-6,$0,$2,$2,$0,$0,$0,$0,$2,$-1,$0,$0
42,2008-03-31,3.4,$2.38,1.43,$2.17,1.57,$-2.15,0.0,0,0.0,$0.01B,$0.01B,1.37,$0.04B,$0.04B,0.98,$0.04B,$0.01B,27.78%,$0.04B,$0.00B,8.33%,$0.04B,$0.00B,8.33%,$0.04B,$0.00B,8.33%,$0.04B,$-0.00B,-2.78%,$0.04B,$-0.00B,-2.78%,$-0.00B,$0.04B,-2.99%,$-0.00B,$0.04B,-2.99%,$-0.00B,$0.09B,-1.27%,$0.00B,$0.08B,4.38%,$10,$8,$3,$0,$1,$9,$1,$-2,$-0,$0,$-0,$-0,$-0,$1,$1,$16,16,$-0.02,$-0.02,$9,$0,$1,$13,$63,$12,$0,$1,$77,$90,$10,$38,$2,$41,$51,$0,$-6,$0,$39,$90,$0,$0,$0,$0,$0,$0,$0,$0,$0,$1,$-3,$0,$0,$0,$0,$0,$1,$-2,$0,$2,$2,$0,$0,$0,$0,$2,$0,$0,$0
43,2007-12-31,2.74,$2.39,1.14,$1.54,1.78,$-2.01,0.0,0,0.0,$0.01B,$0.01B,1.5,$0.03B,$0.04B,0.85,$0.03B,$0.01B,23.33%,$0.03B,$0.00B,6.67%,$0.03B,$0.00B,6.67%,$0.03B,$0.00B,6.67%,$0.03B,$-0.00B,-6.67%,$0.03B,$-0.00B,-6.67%,$-0.00B,$0.04B,-6.56%,$-0.00B,$0.04B,-6.56%,$-0.00B,$0.09B,-2.77%,$0.00B,$0.07B,3.15%,$9,$8,$2,$0,$1,$9,$1,$-2,$-1,$0,$-1,$-1,$-1,$1,$1,$13,13,$-0.06,$-0.15,$9,$0,$1,$12,$62,$12,$0,$1,$75,$87,$8,$33,$6,$40,$48,$0,$-6,$0,$39,$87,$-2,$2,$1,$3,$-2,$-0,$0,$-0,$-1,$-0,$-15,$0,$0,$0,$-6,$-6,$-2,$-22,$0,$10,$10,$12,$12,$0,$1,$22,$-0,$2,$0
44,2007-09-30,2.39,$2.26,1.06,$0.84,2.83,$-0.88,0.0,0,0.0,$0.01B,$0.01B,1.26,$0.04B,$0.03B,1.24,$0.02B,$0.01B,23.81%,$0.02B,0,0.00%,$0.02B,0,0.00%,$0.02B,0,0.00%,$0.02B,$-0.00B,-9.52%,$0.02B,$-0.00B,-9.52%,$-0.00B,$0.03B,-7.21%,$-0.00B,$0.03B,-7.21%,$-0.00B,$0.07B,-3.03%,$0.00B,$0.07B,0.00%,$11,$6,$4,$0,$3,$10,$1,$-1,$-0,$0,$-0,$-0,$-0,$1,$1,$13,13,$-0.03,$-0.03,$4,$0,$0,$9,$57,$6,$0,$1,$64,$73,$7,$36,$0,$37,$44,$0,$-5,$0,$29,$73,$0,$0,$0,$0,$0,$0,$0,$0,$0,$-1,$-10,$0,$0,$0,$0,$0,$0,$-10,$0,$7,$7,$0,$0,$0,$1,$8,$-3,$0,$0
45,2007-06-30,2.54,$2.25,1.13,0,0.0,0,0.0,0,0.0,$0.00B,$0.00B,0.96,$0.03B,$0.03B,1.15,$0.01B,$0.00B,10.00%,$0.01B,$-0.00B,-10.00%,$0.01B,$-0.00B,-10.00%,$0.01B,$-0.00B,-10.00%,$0.01B,$-0.00B,-20.00%,$0.01B,$-0.00B,-20.00%,$-0.00B,$0.03B,-7.34%,$-0.00B,$0.03B,-7.34%,$-0.00B,$0.06B,-3.21%,$-0.00B,$0.06B,-1.77%,$6,$4,$1,$0,$1,$6,$0,$-0,$-0,$0,$-0,$-0,$-0,$0,$0,$12,0,$-0.02,$0.00,$2,$0,$0,$4,$53,$6,$0,$1,$60,$64,$4,$31,$0,$32,$37,$0,$-5,$0,$27,$64,$0,$0,$0,$0,$0,$0,$0,$0,$0,$-0,$-8,$0,$0,$0,$0,$0,$-0,$-8,$0,$2,$2,$0,$0,$0,$1,$3,$-5,$0,$0
46,2007-03-31,1.96,$2.26,0.87,0,0.0,0,0.0,0,0.0,$0.01B,$0.01B,1.32,$0.03B,$0.03B,1.07,$0.01B,$0.00B,20.00%,$0.01B,$-0.00B,-20.00%,$0.01B,$-0.00B,-20.00%,$0.01B,$-0.00B,-20.00%,$0.01B,$-0.00B,-40.00%,$0.01B,$-0.00B,-40.00%,$-0.00B,$0.03B,-7.34%,$-0.00B,$0.03B,-7.34%,$-0.00B,$0.07B,-3.72%,$-0.00B,$0.06B,-2.06%,$4,$3,$0,$0,$1,$4,$-0,$-1,$-1,$0,$-1,$-1,$-1,$-0,$-0,$12,0,$-0.07,$0.00,$6,$0,$0,$8,$50,$6,$0,$0,$56,$65,$6,$29,$0,$31,$37,$0,$-4,$0,$27,$65,$0,$0,$0,$0,$0,$0,$0,$0,$0,$-1,$-4,$0,$0,$0,$0,$0,$-0,$-4,$0,$2,$2,$0,$0,$0,$1,$3,$-1,$0,$0
47,2006-12-31,2.35,$2.32,1.01,0,0.0,0,0.0,0,0.0,$0.01B,$0.01B,1.57,$0.03B,$0.03B,0.97,$0.00B,$0.00B,100.00%,$0.00B,$-0.00B,-50.00%,$0.00B,$-0.00B,-50.00%,$0.00B,$-0.00B,-50.00%,$0.00B,$-0.00B,-50.00%,$0.00B,$-0.00B,-50.00%,$-0.00B,$0.03B,-3.67%,$-0.00B,$0.03B,-3.67%,$-0.00B,$0.06B,-2.23%,$-0.00B,$0.06B,-2.44%,$-0,$0,$-0,$0,$1,$0,$-1,$-0,$-1,$0,$-1,$-1,$-1,$-1,$-1,$12,0,$-0.09,$0.00,$7,$0,$0,$9,$47,$6,$0,$0,$53,$62,$6,$27,$0,$28,$34,$0,$-4,$0,$28,$62,$-1,$0,$-0,$-0,$0,$0,$0,$-0,$-1,$-2,$-7,$0,$0,$0,$-5,$-5,$0,$-12,$0,$2,$2,$7,$7,$0,$0,$9,$-5,$0,$0
