,Date,Stock Price,Book Value per Share,Price to Book Ratio,TTM Sales per Share,Price to Sales Ratio,TTM FCF per Share,Price to FCF Ratio,TTM Net EPS,PE Ratio,Current Assets,Current Liabilities,Current Ratio,Long Term Debt,Shareholder's Equity_x,Debt to Equity Ratio,TTM Revenue_x,TTM Gross Profit,Gross Margin,TTM Revenue_y,TTM Operating Income,Operating Margin,TTM Revenue_x,TTM EBIT,EBIT Margin,TTM Revenue_y,TTM EBITDA,EBITDA Margin,TTM Revenue_x,TTM Pre-Tax Income,Pre-Tax Margin,TTM Revenue_y,TTM Net Income_x,Net Margin,TTM Net Income_y,Shareholder's Equity_y,Return on Equity,TTM Net Income_x,Tangible Equity,Return on Tangible Equity,TTM Net Income_y,Total Assets,Return on Assets,TTM Net Income,LT Investments & Debt,Return on Investment,revenue,cost-goods-sold,gross-profit,research-development-expenses,selling-general-administrative-expenses,operating-expenses,operating-income,total-non-operating-income-expense,pre-tax-income,total-provision-income-taxes,income-after-taxes,income-from-continuous-operations,net-income,ebitda,ebit,basic-shares-outstanding,shares-outstanding,eps-basic-net-earnings-per-share,eps-earnings-per-share-diluted,cash-on-hand,inventory,other-current-assets,total-current-assets,net-property-plant-equipment,long-term-investments,goodwill-intangible-assets-total,other-long-term-assets,total-long-term-assets,total-assets,total-current-liabilities,long-term-debt,other-non-current-liabilities,total-long-term-liabilities,total-liabilities,common-stock-net,retained-earnings-accumulated-deficit,comprehensive-income,total-share-holder-equity,total-liabilities-share-holders-equity,net-income-loss,total-depreciation-amortization-cash-flow,other-non-cash-items,total-non-cash-items,change-in-accounts-receivable,change-in-inventories,change-in-accounts-payable,change-in-assets-liabilities,total-change-in-assets-liabilities,cash-flow-from-operating-activities,net-change-in-property-plant-equipment,net-change-in-intangible-assets,net-acquisitions-divestitures,net-change-in-short-term-investments,net-change-in-long-term-investments,net-change-in-investments-total,investing-activities-other,cash-flow-from-investing-activities,net-long-term-debt,net-current-debt,debt-issuance-retirement-net-total,net-common-equity-issued-repurchased,net-total-equity-issued-repurchased,total-common-preferred-stock-dividends-paid,financial-activities-other,cash-flow-from-financial-activities,net-cash-flow,stock-based-compensation,common-stock-dividends-paid
0,2018-09-30,21.37,$14.10,1.52,$9.24,2.31,$3.86,5.54,$1.41,15.16,$1.02B,$0.32B,3.17,$0.02B,$0.85B,0.03,$0.56B,$0.22B,38.12%,$0.56B,$0.13B,22.70%,$0.56B,$0.13B,22.70%,$0.56B,$0.14B,24.11%,$0.56B,$0.14B,24.29%,$0.56B,$0.11B,20.21%,$0.11B,$0.85B,13.57%,$0.11B,$0.80B,14.47%,$0.11B,$1.21B,9.40%,$0.13B,$0.87B,14.83%,$139,$87,$51,$9,$16,$109,$30,$4,$33,$5,$28,$28,$28,$32,$30,$60,60,$0.46,$0.46,$293,$37,$398,$1017,$75,$51,$50,$11,$195,$1212,$321,$23,$6,$40,$361,$0,$616,$-35,$851,$1212,$28,$2,$3,$5,$13,$17,$-2,$-26,$3,$37,$-0,$0,$0,$0,$-1,$-1,$-16,$-17,$0,$-0,$-0,$0,$0,$0,$0,$-0,$11,$0,$0
1,2018-06-30,22.14,$13.96,1.59,$8.85,2.5,$3.86,5.74,$1.76,12.58,$1.00B,$0.33B,3.01,$0.02B,$0.84B,0.03,$0.54B,$0.21B,38.08%,$0.54B,$0.12B,22.18%,$0.54B,$0.12B,22.18%,$0.54B,$0.13B,23.84%,$0.54B,$0.13B,23.84%,$0.54B,$0.11B,19.78%,$0.11B,$0.84B,13.12%,$0.11B,$0.79B,14.02%,$0.11B,$1.21B,9.02%,$0.12B,$0.87B,14.31%,$147,$89,$58,$9,$22,$115,$32,$1,$32,$5,$28,$28,$28,$39,$32,$60,61,$0.46,$0.44,$286,$58,$334,$1001,$80,$58,$52,$12,$209,$1210,$333,$23,$2,$35,$368,$0,$578,$-5,$842,$1210,$107,$9,$7,$17,$-28,$-11,$4,$38,$1,$125,$-2,$0,$-1,$0,$-6,$-6,$-41,$-50,$0,$-5,$-5,$0,$0,$-7,$0,$-12,$68,$1,$-7
2,2018-03-31,24.72,$14.24,1.74,$8.71,2.84,$2.93,8.44,$1.67,14.8,$1.02B,$0.35B,2.96,$0.02B,$0.86B,0.03,$0.53B,$0.20B,37.97%,$0.53B,$0.11B,20.11%,$0.53B,$0.11B,20.11%,$0.53B,$0.13B,24.06%,$0.53B,$0.12B,23.31%,$0.53B,$0.10B,18.98%,$0.10B,$0.86B,12.85%,$0.10B,$0.81B,13.76%,$0.10B,$1.25B,8.79%,$0.11B,$0.88B,13.23%,$121,$77,$44,$9,$14,$96,$25,$2,$26,$5,$22,$22,$22,$22,$25,$60,61,$0.36,$0.36,$267,$57,$404,$1022,$86,$65,$54,$12,$225,$1247,$345,$24,$6,$42,$387,$0,$553,$40,$860,$1247,$22,$2,$2,$4,$-5,$-7,$6,$-12,$-20,$5,$-0,$0,$0,$0,$-2,$-2,$-3,$-5,$0,$-0,$-0,$0,$0,$0,$0,$-0,$7,$0,$0
3,2017-12-31,22.27,$13.37,1.67,$8.23,2.7,$2.64,8.42,$1.57,14.18,$0.97B,$0.33B,2.9,$0.02B,$0.81B,0.03,$0.50B,$0.19B,37.05%,$0.50B,$0.10B,19.32%,$0.50B,$0.10B,19.32%,$0.50B,$0.12B,23.71%,$0.50B,$0.12B,23.51%,$0.50B,$0.10B,18.92%,$0.10B,$0.81B,12.78%,$0.10B,$0.75B,13.77%,$0.10B,$1.18B,8.75%,$0.10B,$0.83B,12.65%,$157,$96,$62,$11,$20,$117,$41,$5,$46,$9,$36,$36,$36,$43,$41,$60,61,$0.60,$0.60,$267,$48,$371,$970,$84,$62,$53,$11,$210,$1180,$334,$24,$9,$39,$374,$0,$533,$9,$807,$1180,$58,$5,$-2,$3,$1,$-0,$0,$4,$11,$72,$-1,$0,$-1,$0,$-4,$-4,$-34,$-39,$0,$-1,$-0,$0,$0,$-7,$0,$-8,$33,$0,$-7
4,2017-09-30,21.49,$12.48,1.72,$7.29,2.95,$2.36,9.12,$1.14,18.85,$0.91B,$0.32B,2.82,$0.02B,$0.75B,0.03,$0.44B,$0.15B,34.23%,$0.44B,$0.07B,14.86%,$0.44B,$0.07B,14.86%,$0.44B,$0.09B,19.82%,$0.44B,$0.08B,18.92%,$0.44B,$0.07B,15.54%,$0.07B,$0.75B,9.74%,$0.07B,$0.70B,10.54%,$0.07B,$1.11B,6.66%,$0.07B,$0.78B,9.02%,$116,$73,$42,$9,$18,$93,$22,$3,$25,$4,$21,$21,$21,$25,$22,$60,60,$0.35,$0.35,$273,$50,$302,$910,$82,$53,$52,$11,$199,$1109,$323,$23,$4,$34,$356,$0,$497,$-8,$753,$1109,$21,$3,$1,$4,$-4,$-4,$-6,$25,$11,$36,$-0,$0,$-1,$0,$-4,$-4,$11,$7,$0,$1,$1,$0,$0,$0,$0,$1,$47,$0,$0
5,2017-06-30,16.52,$11.99,1.38,$7.07,2.33,$2.05,8.06,$1.15,14.36,$0.87B,$0.30B,2.86,$0.02B,$0.72B,0.03,$0.43B,$0.14B,32.64%,$0.43B,$0.06B,13.89%,$0.43B,$0.06B,13.89%,$0.43B,$0.08B,18.75%,$0.43B,$0.08B,19.44%,$0.43B,$0.07B,16.20%,$0.07B,$0.72B,10.13%,$0.07B,$0.67B,11.02%,$0.07B,$1.06B,6.91%,$0.06B,$0.75B,8.39%,$138,$84,$54,$8,$22,$119,$19,$8,$27,$5,$22,$22,$22,$38,$19,$60,61,$0.36,$0.35,$237,$46,$302,$865,$81,$51,$49,$11,$193,$1058,$303,$23,$2,$32,$335,$0,$483,$-23,$724,$1058,$69,$21,$-5,$16,$-23,$-11,$24,$-3,$-15,$70,$-4,$0,$-18,$0,$-3,$-3,$-65,$-90,$-7,$5,$-2,$6,$6,$-12,$0,$-7,$-31,$0,$-12
6,2017-03-31,16.84,$11.43,1.47,$7.25,2.32,$1.61,10.48,$1.34,12.56,$0.82B,$0.28B,2.9,$0.02B,$0.69B,0.04,$0.44B,$0.15B,33.03%,$0.44B,$0.07B,16.52%,$0.44B,$0.07B,16.52%,$0.44B,$0.08B,17.65%,$0.44B,$0.09B,21.04%,$0.44B,$0.08B,18.33%,$0.08B,$0.69B,11.89%,$0.08B,$0.63B,13.02%,$0.08B,$1.00B,8.11%,$0.07B,$0.71B,10.35%,$91,$63,$28,$6,$13,$77,$15,$5,$20,$4,$16,$16,$16,$13,$15,$60,61,$0.26,$0.26,$227,$46,$288,$815,$80,$28,$58,$12,$180,$995,$281,$24,$0,$25,$305,$0,$461,$-35,$690,$995,$16,$2,$-2,$-0,$-4,$-6,$5,$-20,$-28,$-13,$0,$0,$3,$0,$0,$0,$-13,$-10,$-5,$1,$-4,$1,$1,$0,$0,$-3,$-28,$-2,$0
7,2016-12-31,18.22,$11.08,1.64,$7.72,2.36,$2.48,7.34,$1.44,12.65,$0.80B,$0.29B,2.74,$0.02B,$0.67B,0.04,$0.47B,$0.16B,33.19%,$0.47B,$0.08B,16.17%,$0.47B,$0.08B,16.17%,$0.47B,$0.08B,17.87%,$0.47B,$0.10B,21.28%,$0.47B,$0.09B,18.51%,$0.09B,$0.67B,12.92%,$0.09B,$0.61B,14.16%,$0.09B,$0.98B,8.73%,$0.08B,$0.69B,10.89%,$99,$71,$28,$8,$18,$89,$10,$1,$12,$2,$10,$10,$10,$12,$10,$60,61,$0.17,$0.17,$253,$40,$260,$799,$79,$38,$56,$11,$185,$984,$292,$24,$0,$25,$316,$0,$446,$-42,$668,$984,$32,$3,$-6,$-3,$1,$-6,$-3,$30,$25,$54,$-0,$0,$0,$0,$0,$0,$-64,$-64,$4,$-1,$3,$6,$6,$-12,$0,$-3,$-19,$2,$-12
8,2016-09-30,21.84,$11.41,1.91,$8.61,2.54,$2.43,8.98,$1.82,12.0,$0.82B,$0.31B,2.69,$0.02B,$0.68B,0.04,$0.52B,$0.19B,36.07%,$0.52B,$0.11B,20.23%,$0.52B,$0.11B,20.23%,$0.52B,$0.11B,21.76%,$0.52B,$0.13B,24.24%,$0.52B,$0.11B,20.99%,$0.11B,$0.68B,16.58%,$0.11B,$0.62B,18.23%,$0.11B,$1.01B,11.07%,$0.11B,$0.71B,15.42%,$104,$73,$31,$8,$16,$87,$16,$8,$25,$3,$22,$22,$22,$18,$16,$60,61,$0.36,$0.36,$256,$41,$252,$820,$81,$38,$60,$12,$193,$1013,$305,$24,$0,$25,$330,$0,$440,$-12,$683,$1013,$22,$2,$-7,$-5,$-7,$-5,$2,$11,$1,$18,$-0,$0,$0,$0,$0,$0,$-34,$-34,$-0,$-2,$-2,$2,$2,$0,$0,$0,$-17,$1,$0
9,2016-06-30,17.11,$11.45,1.49,$8.98,1.91,$2.23,7.69,$1.96,8.73,$0.83B,$0.30B,2.78,$0.02B,$0.68B,0.04,$0.55B,$0.21B,37.98%,$0.55B,$0.12B,22.02%,$0.55B,$0.12B,22.02%,$0.55B,$0.13B,23.49%,$0.55B,$0.14B,25.32%,$0.55B,$0.12B,21.65%,$0.12B,$0.68B,18.45%,$0.12B,$0.62B,20.34%,$0.12B,$1.00B,12.04%,$0.12B,$0.71B,18.09%,$148,$89,$59,$9,$21,$116,$32,$4,$36,$1,$35,$35,$33,$35,$32,$59,61,$0.56,$0.56,$257,$36,$272,$827,$80,$23,$61,$11,$177,$1004,$297,$24,$0,$24,$321,$0,$431,$-8,$683,$1004,$124,$7,$5,$13,$-16,$-5,$8,$-72,$-89,$47,$-8,$0,$0,$0,$0,$0,$5,$-2,$-7,$-13,$-20,$13,$13,$0,$0,$-7,$21,$4,$0
10,2016-03-31,20.74,$11.19,1.85,$8.91,2.33,$2.92,7.11,$1.72,12.06,$0.81B,$0.30B,2.68,$0.02B,$0.66B,0.04,$0.54B,$0.21B,38.40%,$0.54B,$0.13B,23.75%,$0.54B,$0.13B,23.75%,$0.54B,$0.14B,25.23%,$0.54B,$0.13B,24.86%,$0.54B,$0.10B,19.29%,$0.10B,$0.66B,16.91%,$0.10B,$0.60B,18.71%,$0.10B,$0.99B,10.66%,$0.13B,$0.69B,20.03%,$119,$81,$38,$8,$15,$100,$18,$9,$27,$3,$24,$24,$22,$19,$18,$59,61,$0.37,$0.36,$225,$35,$282,$805,$80,$22,$61,$15,$180,$986,$301,$24,$0,$24,$325,$0,$397,$7,$660,$986,$47,$5,$-9,$-4,$-3,$-12,$2,$10,$-2,$41,$-0,$0,$3,$0,$0,$0,$-77,$-74,$-1,$0,$-1,$6,$6,$-12,$0,$-7,$-47,$-0,$-12
11,2015-12-31,21.85,$10.63,2.05,$8.95,2.44,$2.26,9.66,$1.89,11.56,$0.80B,$0.32B,2.49,$0.02B,$0.63B,0.04,$0.54B,$0.22B,41.45%,$0.54B,$0.15B,27.14%,$0.54B,$0.15B,27.14%,$0.54B,$0.16B,28.81%,$0.54B,$0.15B,27.14%,$0.54B,$0.11B,21.19%,$0.11B,$0.63B,19.37%,$0.11B,$0.57B,21.56%,$0.11B,$0.97B,11.75%,$0.15B,$0.65B,23.83%,$153,$92,$61,$12,$19,$113,$40,$-1,$39,$5,$34,$34,$33,$42,$40,$59,61,$0.56,$0.55,$216,$36,$297,$803,$78,$16,$58,$15,$169,$973,$322,$23,$0,$23,$346,$0,$382,$-1,$627,$973,$65,$4,$7,$11,$-3,$-3,$10,$-25,$-23,$54,$-3,$0,$0,$0,$0,$0,$-41,$-44,$-2,$-13,$-15,$0,$0,$0,$0,$-15,$-19,$2,$0
12,2015-09-30,17.22,$10.08,1.71,$8.63,2.0,$1.81,9.49,$1.66,10.37,$0.79B,$0.35B,2.28,$0.02B,$0.59B,0.04,$0.52B,$0.21B,40.78%,$0.52B,$0.13B,24.47%,$0.52B,$0.13B,24.47%,$0.52B,$0.14B,26.60%,$0.52B,$0.13B,24.47%,$0.52B,$0.10B,19.42%,$0.10B,$0.59B,17.55%,$0.10B,$0.53B,19.69%,$0.10B,$0.96B,10.33%,$0.13B,$0.61B,21.15%,$125,$76,$49,$8,$16,$95,$30,$6,$36,$5,$31,$31,$30,$32,$30,$59,61,$0.51,$0.50,$215,$35,$287,$790,$77,$17,$58,$15,$169,$958,$347,$23,$0,$23,$370,$0,$349,$8,$588,$958,$31,$2,$1,$3,$4,$-2,$4,$-34,$-28,$7,$-2,$0,$0,$0,$0,$0,$4,$2,$-2,$-14,$-16,$0,$0,$0,$0,$-16,$-17,$1,$0
13,2015-06-30,23.67,$10.03,2.36,$8.94,2.65,$1.70,13.93,$1.62,14.61,$0.81B,$0.38B,2.15,$0.02B,$0.59B,0.04,$0.53B,$0.22B,40.49%,$0.53B,$0.13B,24.67%,$0.53B,$0.13B,24.67%,$0.53B,$0.14B,27.12%,$0.53B,$0.13B,23.54%,$0.53B,$0.10B,18.27%,$0.10B,$0.59B,17.56%,$0.10B,$0.52B,19.89%,$0.10B,$0.98B,9.93%,$0.13B,$0.61B,22.57%,$142,$84,$59,$8,$22,$103,$40,$-8,$32,$12,$20,$20,$19,$43,$40,$59,60,$0.31,$0.30,$233,$35,$269,$807,$80,$17,$62,$16,$177,$984,$375,$24,$0,$24,$398,$0,$318,$38,$585,$984,$99,$15,$28,$43,$-8,$1,$-26,$-19,$-58,$84,$-4,$0,$-15,$0,$0,$0,$-22,$-40,$11,$12,$24,$1,$1,$-23,$-0,$1,$46,$2,$-23
14,2015-03-31,19.57,$9.52,2.06,$9.30,2.1,$1.66,11.77,$1.67,11.72,$0.79B,$0.39B,2.05,$0.03B,$0.55B,0.05,$0.55B,$0.21B,38.32%,$0.55B,$0.12B,22.63%,$0.55B,$0.12B,22.63%,$0.55B,$0.14B,25.18%,$0.55B,$0.12B,22.63%,$0.55B,$0.10B,18.07%,$0.10B,$0.55B,18.71%,$0.10B,$0.49B,21.45%,$0.10B,$0.97B,10.29%,$0.12B,$0.58B,22.30%,$118,$64,$54,$9,$15,$83,$36,$4,$39,$7,$33,$33,$32,$38,$36,$58,59,$0.54,$0.53,$176,$42,$259,$786,$80,$15,$63,$16,$180,$966,$385,$26,$0,$27,$412,$0,$301,$28,$554,$966,$80,$11,$12,$23,$-44,$-7,$-20,$-20,$-99,$3,$-2,$0,$0,$0,$-15,$-15,$-1,$-18,$14,$14,$28,$0,$0,$-23,$0,$5,$-11,$2,$-23
15,2014-12-31,23.59,$9.48,2.49,$8.93,2.64,$2.16,10.9,$1.31,18.01,$0.78B,$0.38B,2.05,$0.03B,$0.55B,0.06,$0.53B,$0.19B,36.12%,$0.53B,$0.11B,19.96%,$0.53B,$0.11B,19.96%,$0.53B,$0.12B,22.81%,$0.53B,$0.10B,18.63%,$0.53B,$0.08B,14.64%,$0.08B,$0.55B,15.16%,$0.08B,$0.49B,17.62%,$0.08B,$0.96B,8.19%,$0.11B,$0.58B,19.76%,$130,$82,$48,$10,$23,$110,$20,$-1,$19,$-0,$19,$19,$19,$24,$20,$58,59,$0.33,$0.32,$197,$52,$213,$779,$82,$17,$66,$17,$185,$964,$380,$31,$0,$32,$413,$0,$293,$36,$552,$964,$47,$8,$14,$23,$-54,$-16,$4,$27,$-47,$23,$-1,$0,$0,$0,$-15,$-15,$1,$-14,$18,$-1,$17,$0,$0,$0,$0,$17,$27,$1,$0
16,2014-09-30,21.72,$9.01,2.41,$9.36,2.32,$2.28,9.52,$1.30,16.71,$0.81B,$0.44B,1.83,$0.03B,$0.52B,0.06,$0.55B,$0.19B,34.43%,$0.55B,$0.11B,20.22%,$0.55B,$0.11B,20.22%,$0.55B,$0.13B,22.95%,$0.55B,$0.10B,18.40%,$0.55B,$0.08B,13.84%,$0.08B,$0.52B,15.69%,$0.08B,$0.45B,18.46%,$0.08B,$0.99B,8.30%,$0.11B,$0.55B,21.99%,$141,$87,$54,$9,$17,$106,$35,$0,$35,$7,$28,$28,$27,$39,$35,$58,59,$0.47,$0.46,$171,$40,$297,$807,$80,$17,$70,$17,$186,$993,$442,$31,$0,$33,$474,$0,$279,$37,$519,$993,$28,$5,$6,$11,$-22,$-5,$9,$-19,$-39,$-1,$-1,$0,$0,$0,$-15,$-15,$-0,$-16,$18,$-1,$17,$0,$0,$0,$0,$17,$1,$0,$0
17,2014-06-30,23.65,$8.43,2.8,$8.94,2.65,$2.44,9.68,$1.19,19.87,$0.73B,$0.40B,1.83,$0.02B,$0.49B,0.04,$0.52B,$0.18B,33.59%,$0.52B,$0.10B,18.81%,$0.52B,$0.10B,18.81%,$0.52B,$0.11B,21.50%,$0.52B,$0.09B,17.27%,$0.52B,$0.07B,13.24%,$0.07B,$0.49B,14.87%,$0.07B,$0.42B,17.72%,$0.07B,$0.93B,7.97%,$0.10B,$0.51B,20.36%,$159,$105,$54,$8,$19,$126,$33,$-2,$31,$10,$22,$22,$21,$37,$33,$58,58,$0.36,$0.36,$171,$35,$243,$730,$82,$19,$73,$20,$197,$927,$399,$19,$15,$36,$435,$0,$252,$39,$492,$927,$71,$13,$20,$33,$-89,$-1,$24,$38,$-21,$83,$-7,$0,$-6,$0,$0,$0,$-12,$-25,$-9,$1,$-8,$0,$0,$0,$0,$-8,$50,$3,$0
18,2014-03-31,20.8,$0.00,0.0,$8.21,2.53,$1.53,13.59,$1.05,19.81,$0.68B,$0.39B,1.73,$0.02B,$0.47B,0.03,$0.48B,$0.16B,33.68%,$0.48B,$0.08B,17.68%,$0.48B,$0.08B,17.68%,$0.48B,$0.10B,20.63%,$0.48B,$0.08B,16.21%,$0.48B,$0.06B,12.84%,$0.06B,$0.47B,13.72%,$0.06B,$0.39B,16.52%,$0.06B,$0.88B,7.43%,$0.08B,$0.48B,18.15%,$96,$62,$34,$8,$14,$79,$17,$-4,$13,$3,$11,$11,$10,$20,$17,$58,59,$0.17,$0.17,$132,$35,$227,$680,$83,$21,$74,$19,$197,$877,$392,$15,$0,$17,$410,$0,$231,$37,$468,$877,$50,$9,$11,$20,$-92,$-0,$23,$34,$-32,$37,$-7,$0,$-6,$0,$-4,$-4,$-4,$-20,$-4,$-1,$-5,$0,$0,$0,$0,$-5,$12,$2,$0
19,2013-12-31,18.28,$0.00,0.0,$7.65,2.39,$1.60,11.41,$1.08,16.93,$0.67B,$0.37B,1.78,$0.02B,$0.46B,0.04,$0.44B,$0.15B,34.62%,$0.44B,$0.08B,17.54%,$0.44B,$0.08B,17.54%,$0.44B,$0.09B,20.73%,$0.44B,$0.07B,16.86%,$0.44B,$0.06B,14.12%,$0.06B,$0.46B,14.65%,$0.06B,$0.39B,17.26%,$0.06B,$0.87B,8.20%,$0.08B,$0.48B,17.40%,$153,$106,$47,$12,$20,$127,$26,$-4,$22,$4,$19,$19,$18,$30,$26,$58,58,$0.32,$0.31,$143,$28,$212,$666,$84,$21,$74,$19,$200,$866,$374,$17,$13,$33,$407,$0,$221,$40,$459,$866,$39,$7,$6,$12,$-89,$7,$31,$28,$-17,$34,$-5,$0,$-6,$0,$-4,$-4,$7,$-7,$-3,$-2,$-5,$0,$0,$0,$0,$-5,$23,$2,$0
20,2013-09-30,14.44,$0.00,0.0,$6.57,2.2,$1.03,14.0,$1.00,14.44,$0.60B,$0.30B,1.99,$0.02B,$0.44B,0.04,$0.37B,$0.13B,35.66%,$0.37B,$0.07B,17.43%,$0.37B,$0.07B,17.43%,$0.37B,$0.08B,20.11%,$0.37B,$0.07B,18.23%,$0.37B,$0.06B,15.28%,$0.06B,$0.44B,14.22%,$0.06B,$0.36B,16.37%,$0.06B,$0.79B,8.24%,$0.07B,$0.46B,15.44%,$113,$73,$40,$8,$15,$91,$22,$2,$24,$4,$20,$20,$20,$25,$22,$58,58,$0.35,$0.35,$116,$33,$214,$595,$81,$20,$77,$20,$199,$794,$299,$19,$35,$58,$357,$0,$203,$37,$437,$794,$20,$3,$4,$7,$-37,$1,$9,$9,$-18,$10,$-2,$0,$-6,$0,$0,$0,$4,$-4,$-3,$-1,$-4,$0,$0,$0,$0,$-4,$0,$0,$0
21,2013-06-30,11.98,$7.22,1.66,$6.19,1.94,$1.35,8.88,$0.92,13.03,$0.55B,$0.27B,2.04,$0.02B,$0.42B,0.05,$0.35B,$0.12B,35.34%,$0.35B,$0.06B,16.38%,$0.35B,$0.06B,16.38%,$0.35B,$0.07B,18.97%,$0.35B,$0.06B,17.53%,$0.35B,$0.05B,14.94%,$0.05B,$0.42B,13.69%,$0.05B,$0.34B,15.31%,$0.05B,$0.75B,8.12%,$0.06B,$0.44B,14.21%,$113,$75,$39,$9,$11,$95,$19,$-1,$18,$5,$13,$13,$13,$23,$19,$57,57,$0.22,$0.22,$116,$34,$200,$546,$79,$20,$78,$20,$198,$745,$268,$21,$36,$61,$329,$0,$183,$37,$415,$745,$53,$9,$6,$9,$-33,$-7,$22,$-19,$-37,$31,$-9,$0,$-12,$0,$0,$0,$8,$-12,$-8,$3,$-8,$1,$1,$0,$0,$-4,$16,$2,$0
22,2013-03-31,11.77,$0.00,0.0,$5.77,2.04,$1.90,6.21,$0.91,12.94,$0.48B,$0.22B,2.18,$0.02B,$0.38B,0.05,$0.32B,$0.12B,37.15%,$0.32B,$0.07B,21.05%,$0.32B,$0.07B,21.05%,$0.32B,$0.08B,23.53%,$0.32B,$0.06B,18.27%,$0.32B,$0.05B,15.79%,$0.05B,$0.38B,14.14%,$0.05B,$0.35B,15.32%,$0.05B,$0.62B,8.61%,$0.07B,$0.40B,17.77%,$60,$34,$26,$7,$12,$50,$10,$-0,$10,$-1,$11,$11,$11,$13,$10,$56,56,$0.20,$0.20,$132,$29,$21,$481,$0,$17,$28,$24,$70,$621,$220,$19,$0,$19,$239,$0,$170,$0,$382,$621,$40,$5,$0,$5,$0,$0,$0,$0,$-6,$40,$-6,$0,$-16,$0,$0,$3,$0,$-19,$0,$0,$-6,$0,$1,$0,$0,$-5,$14,$0,$0
23,2012-12-31,11.47,$0.00,0.0,$5.88,1.95,$2.27,5.05,$0.92,12.47,$0.48B,$0.22B,2.23,$0.02B,$0.37B,0.06,$0.33B,$0.12B,36.47%,$0.33B,$0.07B,21.28%,$0.33B,$0.07B,21.28%,$0.33B,$0.08B,23.40%,$0.33B,$0.06B,19.15%,$0.33B,$0.05B,15.81%,$0.05B,$0.37B,14.99%,$0.05B,$0.34B,16.31%,$0.05B,$0.61B,9.18%,$0.07B,$0.39B,18.87%,$87,$59,$28,$8,$13,$73,$14,$2,$16,$3,$13,$13,$13,$14,$14,$56,56,$0.23,$0.23,$137,$26,$25,$481,$0,$18,$28,$8,$54,$606,$216,$21,$0,$21,$237,$0,$159,$0,$369,$606,$13,$2,$0,$2,$0,$0,$0,$0,$-34,$-3,$-1,$0,$0,$0,$0,$10,$0,$9,$0,$0,$-2,$0,$0,$0,$0,$-2,$4,$0,$0
24,2012-09-30,9.43,$0.00,0.0,$5.76,1.64,$3.35,2.81,$1.05,8.98,$0.47B,$0.21B,2.19,$0.02B,$0.35B,0.06,$0.32B,$0.12B,38.20%,$0.32B,$0.06B,19.88%,$0.32B,$0.06B,19.88%,$0.32B,$0.07B,22.05%,$0.32B,$0.07B,21.43%,$0.32B,$0.06B,18.32%,$0.06B,$0.35B,17.70%,$0.06B,$0.33B,19.36%,$0.06B,$0.59B,10.88%,$0.06B,$0.38B,17.81%,$88,$58,$30,$8,$13,$74,$14,$3,$17,$2,$15,$15,$15,$16,$14,$56,56,$0.27,$0.27,$143,$29,$25,$465,$0,$17,$28,$8,$54,$589,$213,$23,$0,$23,$235,$0,$146,$0,$353,$589,$15,$2,$0,$2,$0,$0,$0,$0,$11,$29,$-4,$0,$0,$0,$0,$4,$0,$-0,$0,$0,$-2,$0,$0,$0,$0,$-2,$25,$0,$0
25,2012-06-30,8.23,$6.06,1.36,$5.77,1.43,$2.91,2.83,$1.01,8.15,$0.44B,$0.19B,2.32,$0.03B,$0.34B,0.07,$0.32B,$0.13B,39.25%,$0.32B,$0.07B,20.25%,$0.32B,$0.07B,20.25%,$0.32B,$0.07B,21.81%,$0.32B,$0.07B,20.87%,$0.32B,$0.06B,17.76%,$0.06B,$0.34B,17.92%,$0.06B,$0.31B,19.76%,$0.06B,$0.55B,10.98%,$0.07B,$0.36B,18.80%,$88,$52,$36,$7,$-1,$58,$30,$-14,$16,$5,$12,$12,$12,$33,$30,$56,56,$0.21,$0.21,$102,$27,$28,$438,$84,$16,$28,$7,$135,$553,$189,$25,$0,$25,$213,$0,$131,$33,$339,$553,$57,$7,$5,$7,$-29,$2,$9,$8,$-8,$57,$-5,$0,$-5,$0,$4,$-18,$0,$-28,$-6,$-12,$-6,$1,$1,$0,$-8,$-25,$6,$1,$0
26,2012-03-31,10.24,$0.00,0.0,$5.50,1.86,$1.65,6.2,$0.92,11.13,$0.40B,$0.16B,2.45,$0.03B,$0.33B,0.08,$0.31B,$0.11B,36.39%,$0.31B,$0.05B,17.05%,$0.31B,$0.05B,17.05%,$0.31B,$0.06B,18.03%,$0.31B,$0.06B,20.00%,$0.31B,$0.05B,17.05%,$0.05B,$0.33B,17.35%,$0.05B,$0.30B,18.76%,$0.05B,$0.52B,10.49%,$0.05B,$0.35B,15.79%,$66,$40,$26,$6,$9,$54,$12,$2,$14,$3,$12,$12,$12,$14,$12,$56,56,$0.21,$0.21,$131,$29,$136,$403,$0,$16,$30,$0,$47,$518,$164,$27,$0,$27,$191,$0,$142,$0,$327,$518,$45,$5,$0,$5,$0,$0,$0,$0,$5,$57,$-2,$0,$-5,$0,$0,$4,$0,$-4,$0,$-6,$-4,$0,$1,$0,$-8,$-18,$36,$0,$0
27,2011-12-31,8.03,$0.00,0.0,$5.34,1.51,$0.27,30.3,$0.88,9.13,$0.39B,$0.17B,2.35,$0.03B,$0.31B,0.09,$0.30B,$0.11B,36.61%,$0.30B,$0.05B,16.27%,$0.30B,$0.05B,16.27%,$0.30B,$0.05B,17.29%,$0.30B,$0.06B,19.32%,$0.30B,$0.05B,16.61%,$0.05B,$0.31B,17.36%,$0.05B,$0.29B,18.33%,$0.05B,$0.51B,10.33%,$0.05B,$0.34B,15.31%,$80,$49,$31,$7,$16,$72,$8,$13,$22,$1,$20,$20,$20,$8,$8,$56,56,$0.36,$0.36,$133,$27,$130,$391,$0,$18,$30,$0,$49,$509,$166,$29,$0,$29,$195,$0,$131,$0,$314,$509,$33,$3,$0,$3,$0,$0,$0,$0,$16,$55,$1,$0,$-5,$0,$0,$4,$0,$0,$0,$-6,$-2,$0,$0,$-8,$0,$-16,$39,$0,$0
28,2011-09-30,5.64,$0.00,0.0,$5.25,1.07,$-0.86,0.0,$0.79,7.14,$0.39B,$0.17B,2.21,$0.03B,$0.29B,0.1,$0.29B,$0.10B,35.99%,$0.29B,$0.05B,17.30%,$0.29B,$0.05B,17.30%,$0.29B,$0.05B,18.69%,$0.29B,$0.05B,17.99%,$0.29B,$0.04B,15.22%,$0.04B,$0.29B,16.62%,$0.04B,$0.26B,17.12%,$0.04B,$0.50B,9.72%,$0.05B,$0.32B,16.81%,$87,$54,$33,$6,$12,$72,$15,$-0,$15,$2,$13,$13,$13,$15,$15,$55,55,$0.23,$0.23,$81,$29,$33,$386,$0,$19,$31,$0,$51,$497,$174,$30,$0,$30,$205,$0,$110,$0,$292,$497,$0,$0,$0,$0,$0,$0,$0,$0,$0,$0,$0,$0,$0,$0,$0,$0,$0,$0,$0,$0,$0,$0,$0,$0,$0,$0,$0,$0,$0
29,2011-06-30,9.0,$0.00,0.0,$4.78,1.88,$-1.08,0.0,$0.75,12.0,$0.36B,$0.16B,2.25,$0.03B,$0.27B,0.12,$0.26B,$0.09B,34.98%,$0.26B,$0.04B,16.73%,$0.26B,$0.04B,16.73%,$0.26B,$0.05B,18.63%,$0.26B,$0.05B,18.63%,$0.26B,$0.04B,15.59%,$0.04B,$0.27B,16.43%,$0.04B,$0.27B,16.43%,$0.04B,$0.46B,9.56%,$0.04B,$0.30B,15.52%,$72,$51,$21,$6,$-2,$55,$17,$-7,$10,$3,$7,$7,$7,$18,$17,$55,55,$0.13,$0.12,$95,$28,$137,$362,$0,$19,$0,$17,$36,$459,$161,$32,$0,$32,$193,$0,$98,$0,$266,$459,$41,$5,$-3,$5,$-30,$-3,$18,$-29,$-45,$-2,$-16,$0,$-17,$0,$4,$4,$0,$-29,$-14,$10,$-14,$1,$1,$0,$0,$-3,$-29,$1,$0
30,2011-03-31,12.84,$0.00,0.0,$4.50,2.85,$-0.59,0.0,$0.82,15.66,$0.35B,$0.14B,2.5,$0.03B,$0.26B,0.13,$0.25B,$0.09B,36.44%,$0.25B,$0.03B,10.12%,$0.25B,$0.03B,10.12%,$0.25B,$0.03B,11.74%,$0.25B,$0.05B,21.05%,$0.25B,$0.05B,18.22%,$0.05B,$0.26B,19.05%,$0.05B,$0.26B,19.05%,$0.05B,$0.43B,10.97%,$0.03B,$0.29B,9.22%,$56,$33,$23,$4,$10,$47,$8,$1,$10,$0,$9,$9,$9,$10,$8,$55,55,$0.17,$0.17,$102,$40,$33,$353,$0,$17,$0,$0,$18,$432,$141,$33,$0,$33,$174,$0,$91,$0,$257,$432,$35,$3,$0,$3,$0,$0,$0,$0,$-48,$-9,$-14,$0,$0,$0,$0,$4,$0,$-10,$0,$3,$-13,$0,$1,$0,$0,$-9,$-24,$0,$0
31,2010-12-31,14.64,$0.00,0.0,$4.14,3.54,$0.17,87.09,$0.75,19.52,$0.34B,$0.14B,2.4,$0.04B,$0.24B,0.14,$0.22B,$0.08B,35.27%,$0.22B,$0.02B,10.27%,$0.22B,$0.02B,10.27%,$0.22B,$0.03B,11.61%,$0.22B,$0.05B,20.98%,$0.22B,$0.04B,18.30%,$0.04B,$0.24B,18.37%,$0.04B,$0.24B,18.37%,$0.04B,$0.42B,10.48%,$0.02B,$0.28B,8.89%,$74,$48,$27,$6,$10,$64,$10,$6,$17,$2,$15,$15,$15,$11,$10,$54,55,$0.27,$0.27,$101,$30,$37,$343,$0,$17,$0,$0,$17,$422,$143,$35,$0,$35,$178,$0,$64,$0,$244,$422,$25,$2,$0,$2,$0,$0,$0,$0,$-32,$-5,$-1,$0,$0,$0,$0,$4,$-12,$-9,$0,$-1,$-12,$0,$0,$0,$0,$-13,$-25,$0,$0
32,2010-09-30,10.81,$0.00,0.0,$3.69,2.93,$0.69,15.72,$0.64,16.88,$0.33B,$0.14B,2.41,$0.04B,$0.23B,0.15,$0.20B,$0.07B,33.67%,$0.20B,$0.02B,11.22%,$0.20B,$0.02B,11.22%,$0.20B,$0.03B,12.76%,$0.20B,$0.04B,19.90%,$0.20B,$0.03B,17.35%,$0.03B,$0.23B,15.83%,$0.03B,$0.23B,15.83%,$0.03B,$0.40B,9.10%,$0.02B,$0.27B,8.77%,$61,$40,$21,$4,$7,$51,$9,$3,$12,$2,$10,$10,$10,$10,$9,$54,55,$0.19,$0.19,$115,$28,$34,$327,$0,$15,$0,$0,$16,$402,$136,$35,$0,$35,$171,$0,$71,$0,$231,$402,$10,$1,$0,$1,$0,$0,$0,$0,$-15,$-2,$-10,$0,$0,$0,$0,$2,$0,$-8,$0,$-1,$0,$0,$0,$0,$0,$-1,$-9,$0,$0
33,2010-06-30,8.7,$0.00,0.0,$3.34,2.6,$1.13,7.68,$0.58,15.0,$0.30B,$0.14B,2.22,$0.04B,$0.21B,0.17,$0.17B,$0.06B,34.10%,$0.17B,$0.02B,12.14%,$0.17B,$0.02B,12.14%,$0.17B,$0.02B,13.87%,$0.17B,$0.04B,20.23%,$0.17B,$0.03B,17.34%,$0.03B,$0.21B,14.48%,$0.03B,$0.21B,14.48%,$0.03B,$0.39B,8.34%,$0.02B,$0.25B,8.52%,$56,$37,$19,$4,$17,$58,$-2,$15,$13,$7,$6,$11,$11,$-2,$-2,$54,55,$0.19,$0.19,$124,$24,$25,$301,$0,$17,$0,$0,$18,$385,$136,$35,$0,$35,$171,$0,$39,$0,$213,$385,$32,$3,$0,$3,$0,$0,$0,$0,$-6,$30,$-21,$0,$-0,$0,$0,$-1,$-10,$-32,$0,$-4,$-5,$0,$0,$0,$1,$-9,$-9,$0,$0
34,2010-03-31,11.12,$0.00,0.0,$3.29,3.38,$1.65,6.76,$0.04,278.12,$0.29B,$0.12B,2.55,$0.04B,$0.21B,0.18,$0.16B,$0.09B,52.47%,$0.16B,$0.07B,41.98%,$0.16B,$0.07B,41.98%,$0.16B,$0.07B,44.44%,$0.16B,$0.07B,41.36%,$0.16B,$0.00B,1.85%,$0.00B,$0.21B,1.52%,$0.00B,$0.21B,1.52%,$0.00B,$0.36B,0.86%,$0.07B,$0.24B,28.36%,$33,$21,$12,$3,$4,$28,$6,$-0,$5,$0,$5,$5,$5,$7,$6,$51,51,$0.10,$0.10,$124,$21,$34,$293,$0,$14,$0,$0,$15,$356,$115,$36,$0,$36,$151,$0,$48,$0,$205,$356,$21,$2,$0,$2,$0,$0,$0,$0,$5,$28,$-11,$0,$-0,$0,$0,$-1,$-16,$-28,$0,$-4,$-5,$0,$0,$0,$0,$-10,$-9,$0,$0
35,2009-12-31,11.6,$0.00,0.0,$3.14,3.7,$1.49,7.79,$-0.02,0.0,$0.29B,$0.11B,2.73,$0.04B,$0.21B,0.17,$0.15B,$0.08B,53.29%,$0.15B,$0.06B,41.45%,$0.15B,$0.06B,41.45%,$0.15B,$0.07B,43.42%,$0.15B,$0.06B,42.11%,$0.15B,0,0.00%,$0.00B,$0.21B,0.00%,$0.00B,$0.21B,0.00%,$0.00B,$0.35B,0.00%,$0.06B,$0.25B,27.75%,$46,$32,$14,$3,$2,$37,$9,$0,$9,$0,$9,$8,$8,$10,$9,$50,51,$0.16,$0.16,$143,$20,$18,$289,$0,$14,$0,$0,$15,$352,$106,$37,$0,$37,$142,$0,$43,$0,$210,$352,$16,$2,$0,$2,$0,$0,$0,$0,$10,$28,$-8,$0,$0,$0,$0,$-1,$0,$-9,$0,$-4,$-5,$0,$0,$0,$0,$-10,$10,$0,$0
36,2009-09-30,9.16,$0.00,0.0,$3.42,2.68,$1.09,8.4,$-0.31,0.0,$0.28B,$0.10B,2.96,$0.05B,$0.20B,0.24,$0.16B,$0.12B,75.47%,$0.16B,$0.11B,67.30%,$0.16B,$0.11B,67.30%,$0.16B,$0.11B,68.55%,$0.16B,$0.11B,67.92%,$0.16B,$-0.01B,-8.81%,$-0.01B,$0.20B,-10.33%,$-0.01B,$0.20B,-10.33%,$-0.01B,$0.35B,-5.59%,$0.11B,$0.25B,64.75%,$38,$24,$14,$3,$3,$30,$8,$0,$8,$1,$7,$6,$6,$9,$8,$50,50,$0.13,$0.13,$135,$19,$17,$283,$0,$13,$0,$0,$14,$345,$96,$48,$0,$48,$144,$0,$35,$0,$201,$345,$7,$1,$0,$1,$0,$0,$0,$0,$7,$14,$-3,$0,$0,$0,$0,$0,$-0,$-3,$0,$-10,$0,$0,$0,$0,$0,$-10,$2,$0,$0
37,2009-06-30,5.6,$0.00,0.0,$3.51,1.6,$0.86,6.51,$-0.30,0.0,$0.28B,$0.10B,2.81,$0.05B,$0.17B,0.28,$0.16B,$0.14B,90.51%,$0.16B,$0.14B,86.08%,$0.16B,$0.14B,86.08%,$0.16B,$0.14B,86.71%,$0.16B,$0.14B,86.71%,$0.16B,$-0.01B,-8.86%,$-0.01B,$0.17B,-16.42%,$-0.01B,$0.17B,-16.42%,$-0.01B,$0.35B,-8.52%,$0.14B,$0.22B,132.04%,$45,$0,$45,$0,$0,$0,$45,$0,$45,$0,$45,$-16,$-16,$46,$45,$46,46,$-0.35,$-0.35,$134,$19,$19,$284,$0,$14,$0,$0,$14,$345,$101,$48,$0,$71,$172,$0,$28,$0,$174,$345,$-14,$2,$0,$2,$0,$0,$0,$0,$5,$40,$-9,$0,$-0,$0,$0,$-2,$-1,$-12,$0,$1,$34,$0,$0,$0,$0,$36,$65,$0,$0
38,2009-03-31,3.14,$0.00,0.0,$3.27,0.96,$0.18,17.3,$0.19,16.52,$0.26B,$0.10B,2.55,$0.02B,$0.17B,0.14,$0.15B,$0.13B,89.66%,$0.15B,$0.12B,84.83%,$0.15B,$0.12B,84.83%,$0.15B,$0.12B,84.83%,$0.15B,$0.12B,85.52%,$0.15B,$0.01B,5.52%,$0.01B,$0.17B,19.16%,$0.01B,$0.17B,19.16%,$0.01B,$0.31B,10.26%,$0.12B,$0.19B,258.95%,$23,$15,$8,$2,$5,$22,$1,$1,$2,$0,$2,$2,$2,$1,$1,$46,46,$0.04,$0.04,$112,$22,$17,$255,$0,$11,$0,$0,$11,$312,$100,$23,$0,$45,$145,$0,$33,$0,$167,$312,$2,$1,$0,$1,$0,$0,$0,$0,$7,$11,$-3,$0,$0,$0,$0,$0,$-0,$-3,$0,$0,$12,$0,$0,$0,$0,$12,$20,$0,$0
39,2008-12-31,2.7,$0.00,0.0,$4.04,0.67,0,0.0,$0.18,15.02,$0.00B,$0.00B,0.0,$0.00B,$0.00B,0.0,$0.17B,$0.17B,100.00%,$0.17B,$0.17B,100.00%,$0.17B,$0.17B,100.00%,$0.17B,$0.17B,100.00%,$0.17B,$0.17B,100.00%,$0.17B,$0.01B,4.24%,$0.01B,$0.00B,inf%,$0.01B,$0.00B,inf%,$0.01B,$0.00B,inf%,$0.17B,$0.00B,inf%,$53,$0,$53,$0,$0,$0,$53,$0,$53,$0,$53,$-6,$-6,$53,$53,$44,44,$-0.13,$-0.13,$0,$0,$0,$0,$0,$0,$0,$0,$0,$0,$0,$0,$0,$0,$0,$0,$0,$0,$0,$0,$0,$0,$0,$0,$0,$0,$0,$0,$0,$0,$0,$0,$0,$0,$0,$0,$0,$0,$0,$0,$0,$0,$0,$0,$0,$0,$0,$0,$0
40,2008-09-30,3.86,$0.00,0.0,$4.05,0.95,0,0.0,$-0.12,0.0,$0.00B,$0.00B,0.0,$0.00B,$0.00B,0.0,$0.14B,$0.14B,100.00%,$0.14B,$0.14B,100.00%,$0.14B,$0.14B,100.00%,$0.14B,$0.14B,100.00%,$0.14B,$0.14B,100.00%,$0.14B,$0.00B,2.13%,$0.00B,$0.00B,inf%,$0.00B,$0.00B,inf%,$0.00B,$0.00B,inf%,$0.14B,$0.00B,inf%,$37,$0,$37,$0,$0,$0,$37,$0,$37,$0,$37,$6,$6,$37,$37,$44,44,$0.14,$0.14,$0,$0,$0,$0,$0,$0,$0,$0,$0,$0,$0,$0,$0,$0,$0,$0,$0,$0,$0,$0,$0,$0,$0,$0,$0,$0,$0,$0,$0,$0,$0,$0,$0,$0,$0,$0,$0,$0,$0,$0,$0,$0,$0,$0,$0,$0,$0,$0,$0
