,Date,Stock Price,Book Value per Share,Price to Book Ratio,TTM Sales per Share,Price to Sales Ratio,TTM FCF per Share,Price to FCF Ratio,TTM Net EPS,PE Ratio,Current Assets,Current Liabilities,Current Ratio,Long Term Debt,Shareholder's Equity_x,Debt to Equity Ratio,TTM Revenue_x,TTM Gross Profit,Gross Margin,TTM Revenue_y,TTM Operating Income,Operating Margin,TTM Revenue_x,TTM EBIT,EBIT Margin,TTM Revenue_y,TTM EBITDA,EBITDA Margin,TTM Revenue_x,TTM Pre-Tax Income,Pre-Tax Margin,TTM Revenue_y,TTM Net Income_x,Net Margin,TTM Net Income_y,Shareholder's Equity_y,Return on Equity,TTM Net Income_x,Tangible Equity,Return on Tangible Equity,TTM Net Income_y,Total Assets,Return on Assets,TTM Net Income,LT Investments & Debt,Return on Investment,revenue,cost-goods-sold,gross-profit,research-development-expenses,selling-general-administrative-expenses,operating-expenses,operating-income,total-non-operating-income-expense,pre-tax-income,total-provision-income-taxes,income-after-taxes,income-from-continuous-operations,net-income,ebitda,ebit,basic-shares-outstanding,shares-outstanding,eps-basic-net-earnings-per-share,eps-earnings-per-share-diluted,cash-on-hand,inventory,other-current-assets,total-current-assets,net-property-plant-equipment,long-term-investments,goodwill-intangible-assets-total,other-long-term-assets,total-long-term-assets,total-assets,total-current-liabilities,long-term-debt,other-non-current-liabilities,total-long-term-liabilities,total-liabilities,common-stock-net,retained-earnings-accumulated-deficit,comprehensive-income,total-share-holder-equity,total-liabilities-share-holders-equity,net-income-loss,total-depreciation-amortization-cash-flow,other-non-cash-items,total-non-cash-items,change-in-accounts-receivable,change-in-inventories,change-in-accounts-payable,change-in-assets-liabilities,total-change-in-assets-liabilities,cash-flow-from-operating-activities,net-change-in-property-plant-equipment,net-change-in-intangible-assets,net-acquisitions-divestitures,net-change-in-short-term-investments,net-change-in-long-term-investments,net-change-in-investments-total,investing-activities-other,cash-flow-from-investing-activities,net-long-term-debt,net-current-debt,debt-issuance-retirement-net-total,net-common-equity-issued-repurchased,net-total-equity-issued-repurchased,total-common-preferred-stock-dividends-paid,financial-activities-other,cash-flow-from-financial-activities,net-cash-flow,stock-based-compensation,common-stock-dividends-paid
0,2018-09-30,40.98,$8.99,4.56,$11.61,3.53,$5.14,7.97,$-0.42,0.0,$1.72B,$1.40B,1.23,$2.73B,$2.43B,1.12,$3.22B,$1.70B,52.75%,$3.22B,$-0.24B,-7.40%,$3.22B,$-0.24B,-7.40%,$3.22B,$0.24B,7.52%,$3.22B,$-0.42B,-13.02%,$3.22B,$-0.11B,-3.42%,$-0.11B,$2.43B,-4.18%,$-0.11B,$-2.50B,4.29%,$-0.11B,$7.23B,-1.49%,$-0.24B,$5.15B,-4.42%,$814,$392,$421,$53,$252,$714,$99,$-28,$71,$21,$51,$51,$51,$218,$99,$275,275,$0.18,$0.20,$667,$384,$0,$1723,$478,$0,$4932,$98,$5508,$7231,$1403,$2726,$158,$3400,$4802,$3,$-2494,$-26,$2429,$7231,$-111,$480,$390,$870,$-38,$-51,$24,$-6,$-26,$733,$-106,$0,$-77,$0,$-6,$-6,$-7,$-195,$-1293,$1150,$-143,$-293,$-293,$0,$31,$-405,$126,$65,$0
1,2018-06-30,39.75,$9.01,4.41,$11.47,3.47,$2.51,15.82,$-0.31,0.0,$1.60B,$1.24B,1.29,$2.74B,$2.45B,1.12,$3.21B,$1.69B,52.82%,$3.21B,$-0.23B,-7.11%,$3.21B,$-0.23B,-7.11%,$3.21B,$0.25B,7.92%,$3.21B,$-0.42B,-13.03%,$3.21B,$-0.08B,-2.43%,$-0.08B,$2.45B,-2.87%,$-0.08B,$-2.49B,2.86%,$-0.08B,$7.09B,-1.03%,$-0.23B,$5.19B,-4.27%,$824,$388,$436,$54,$227,$691,$133,$-28,$105,$-8,$113,$113,$113,$254,$133,$274,276,$0.41,$0.41,$575,$371,$0,$1595,$462,$0,$4942,$92,$5496,$7091,$1235,$2743,$150,$3407,$4642,$3,$-2545,$-19,$2450,$7091,$-162,$361,$380,$742,$-14,$-39,$0,$4,$-79,$501,$-74,$0,$-4,$0,$-6,$-6,$-4,$-88,$-190,$0,$-190,$-163,$-163,$0,$-24,$-377,$35,$53,$0
2,2018-03-31,37.36,$8.93,4.18,$11.28,3.31,$6.64,5.63,$-0.51,0.0,$1.64B,$1.30B,1.26,$2.76B,$2.45B,1.13,$3.19B,$1.67B,52.30%,$3.19B,$-0.25B,-7.71%,$3.19B,$-0.25B,-7.71%,$3.19B,$0.23B,7.31%,$3.19B,$-0.45B,-14.05%,$3.19B,$-0.13B,-4.11%,$-0.13B,$2.45B,-4.64%,$-0.13B,$-2.60B,4.53%,$-0.13B,$7.23B,-1.67%,$-0.25B,$5.21B,-4.63%,$789,$374,$415,$57,$214,$1394,$-604,$-87,$-691,$-10,$-681,$-681,$-681,$-485,$-604,$277,277,$-2.46,$-2.46,$614,$362,$0,$1635,$469,$0,$5042,$88,$5599,$7234,$1300,$2761,$166,$3489,$4789,$3,$-2657,$-1,$2446,$7234,$-275,$241,$398,$639,$3,$-28,$-10,$-11,$-98,$267,$-49,$0,$-4,$0,$-6,$-6,$-2,$-61,$-22,$0,$-22,$-74,$-74,$0,$-39,$-135,$74,$36,$0
3,2017-12-31,42.75,$11.56,3.7,$10.93,3.91,$6.57,6.51,$3.79,11.28,$1.64B,$1.31B,1.25,$2.78B,$3.19B,0.87,$3.12B,$1.64B,52.71%,$3.12B,$1.36B,43.60%,$3.12B,$1.36B,43.60%,$3.12B,$1.81B,58.20%,$3.12B,$1.21B,38.88%,$3.12B,$1.08B,34.57%,$1.08B,$3.19B,37.00%,$1.08B,$-2.66B,-35.20%,$1.08B,$8.05B,13.11%,$1.36B,$5.97B,25.74%,$791,$367,$425,$55,$217,$657,$134,$-38,$96,$-311,$407,$407,$407,$255,$134,$277,281,$1.47,$1.45,$664,$358,$0,$1638,$467,$0,$5858,$85,$6410,$8048,$1310,$2780,$159,$3544,$4854,$3,$-1976,$-12,$3194,$8048,$407,$121,$-363,$-242,$-6,$-23,$-7,$-16,$5,$169,$-22,$0,$-4,$0,$0,$0,$-0,$-26,$-4,$0,$-4,$10,$10,$0,$-26,$-20,$124,$16,$0
4,2017-09-30,36.69,$10.12,3.63,$10.70,3.43,$6.55,5.6,$2.64,13.9,$1.48B,$1.87B,0.79,$2.20B,$2.79B,0.79,$3.06B,$1.62B,53.04%,$3.06B,$1.37B,44.80%,$3.06B,$1.37B,44.80%,$3.06B,$1.82B,59.48%,$3.06B,$1.23B,40.26%,$3.06B,$0.76B,24.75%,$0.76B,$2.79B,28.36%,$0.76B,$-3.16B,-25.60%,$0.76B,$7.98B,9.42%,$1.37B,$4.98B,27.43%,$803,$385,$418,$61,$230,$694,$109,$-37,$72,$-10,$83,$83,$83,$230,$109,$280,286,$0.30,$0.29,$541,$332,$0,$1479,$473,$0,$5944,$85,$6501,$7980,$1866,$2195,$140,$3329,$5195,$3,$-2383,$-16,$2785,$7980,$756,$449,$-1093,$-644,$-42,$-12,$-11,$-13,$-103,$8,$-108,$0,$307,$87,$0,$87,$-1,$286,$-482,$345,$-137,$-220,$-220,$0,$47,$-309,$-8,$68,$0
5,2017-06-30,45.38,$10.23,4.44,$10.43,4.35,$9.36,4.85,$2.68,16.93,$1.54B,$1.81B,0.85,$2.23B,$2.87B,0.78,$2.98B,$1.61B,53.99%,$2.98B,$1.41B,47.22%,$2.98B,$1.41B,47.22%,$2.98B,$1.85B,62.07%,$2.98B,$1.27B,42.49%,$2.98B,$0.77B,25.69%,$0.77B,$2.87B,30.53%,$0.77B,$-3.14B,-25.59%,$0.77B,$8.12B,9.73%,$1.41B,$5.10B,27.90%,$806,$397,$410,$63,$211,$691,$115,$-41,$75,$15,$60,$60,$60,$233,$115,$281,288,$0.21,$0.21,$588,$357,$0,$1536,$486,$0,$6001,$96,$6582,$8118,$1813,$2231,$157,$3440,$5252,$3,$-2465,$-27,$2866,$8118,$673,$329,$-1089,$-760,$-30,$-20,$-28,$-4,$-71,$-158,$1791,$0,$-1479,$87,$0,$87,$-6,$394,$-222,$0,$-222,$43,$43,$0,$-19,$-199,$40,$53,$0
6,2017-03-31,42.55,$10.00,4.25,$10.17,4.19,$5.48,7.77,$2.77,15.36,$2.05B,$2.38B,0.86,$2.26B,$2.80B,0.81,$2.89B,$1.59B,55.06%,$2.89B,$1.43B,49.50%,$2.89B,$1.43B,49.50%,$2.89B,$1.88B,64.92%,$2.89B,$1.29B,44.69%,$2.89B,$0.79B,27.34%,$0.79B,$2.80B,34.35%,$0.79B,$-3.28B,-25.65%,$0.79B,$8.71B,10.32%,$1.43B,$5.06B,28.32%,$715,$327,$389,$55,$221,$-284,$1000,$-32,$968,$441,$527,$527,$527,$1095,$1000,$280,286,$1.88,$1.84,$1140,$384,$0,$2052,$483,$0,$6079,$93,$6655,$8707,$2375,$2257,$153,$3534,$5910,$3,$-2525,$-40,$2797,$8707,$613,$210,$-1100,$-890,$28,$-29,$1,$-22,$530,$253,$-50,$0,$394,$82,$0,$82,$-2,$424,$-59,$0,$-59,$27,$27,$0,$-54,$-86,$586,$39,$0
7,2016-12-31,40.12,$8.02,5.0,$10.07,3.98,$5.74,6.99,$1.17,34.29,$2.34B,$1.29B,1.81,$2.62B,$2.23B,1.17,$2.87B,$1.59B,55.35%,$2.87B,$0.57B,19.78%,$2.87B,$0.57B,19.78%,$2.87B,$1.03B,35.98%,$2.87B,$0.42B,14.52%,$2.87B,$0.33B,11.60%,$0.33B,$2.23B,15.75%,$0.33B,$-2.25B,-10.53%,$0.33B,$7.34B,4.55%,$0.57B,$4.84B,11.19%,$734,$330,$405,$54,$180,$588,$146,$-30,$116,$30,$87,$87,$87,$261,$146,$279,284,$0.31,$0.30,$646,$258,$929,$2338,$433,$0,$4480,$87,$5000,$7338,$1291,$2616,$229,$3819,$5109,$3,$-3052,$-43,$2229,$7338,$87,$115,$3,$118,$22,$-21,$-18,$-32,$-35,$170,$-25,$0,$0,$0,$0,$0,$-1,$-25,$-25,$0,$-25,$13,$13,$0,$-28,$-40,$98,$19,$0
8,2016-09-30,38.83,$7.72,5.03,$9.87,3.93,$5.75,6.75,$1.16,33.47,$1.33B,$0.90B,1.47,$3.05B,$2.14B,1.42,$2.83B,$1.56B,55.19%,$2.83B,$0.55B,19.35%,$2.83B,$0.55B,19.35%,$2.83B,$1.01B,35.81%,$2.83B,$0.42B,14.69%,$2.83B,$0.33B,11.69%,$0.33B,$2.14B,15.77%,$0.33B,$-3.30B,-9.48%,$0.33B,$7.32B,4.47%,$0.55B,$5.19B,10.50%,$727,$321,$406,$63,$171,$580,$147,$-39,$108,$15,$92,$92,$92,$262,$147,$280,286,$0.33,$0.33,$548,$275,$0,$1327,$460,$0,$5447,$84,$5990,$7317,$902,$3049,$225,$4272,$5174,$3,$-3138,$-32,$2143,$7317,$331,$465,$-54,$411,$-32,$8,$40,$-10,$56,$798,$-95,$0,$0,$31,$0,$31,$-5,$-68,$-693,$50,$-643,$-266,$-266,$0,$239,$-671,$57,$65,$0
9,2016-06-30,34.6,$7.37,4.69,$9.76,3.55,$5.73,6.04,$0.92,37.61,$1.22B,$0.91B,1.34,$3.09B,$2.04B,1.51,$2.81B,$1.54B,54.70%,$2.81B,$0.53B,18.77%,$2.81B,$0.53B,18.77%,$2.81B,$1.00B,35.61%,$2.81B,$0.33B,11.89%,$2.81B,$0.26B,9.40%,$0.26B,$2.04B,12.67%,$0.26B,$-3.50B,-7.32%,$0.26B,$7.31B,3.53%,$0.53B,$5.13B,10.05%,$717,$324,$393,$59,$172,$578,$139,$-38,$101,$16,$85,$85,$85,$260,$139,$278,282,$0.31,$0.30,$442,$281,$0,$1220,$452,$0,$5542,$93,$6087,$7307,$911,$3089,$217,$4353,$5264,$3,$-3230,$-33,$2043,$7307,$239,$351,$-40,$311,$-11,$2,$14,$-22,$20,$570,$-63,$-4,$0,$31,$0,$31,$-0,$-36,$-543,$0,$-543,$-223,$-223,$0,$184,$-581,$-50,$45,$0
10,2016-03-31,34.5,$7.31,4.72,$9.59,3.6,$5.63,6.13,$0.72,47.92,$1.09B,$0.84B,1.3,$3.10B,$2.04B,1.52,$2.79B,$1.52B,54.65%,$2.79B,$0.50B,18.10%,$2.79B,$0.50B,18.10%,$2.79B,$0.98B,35.08%,$2.79B,$0.28B,10.05%,$2.79B,$0.21B,7.47%,$0.21B,$2.04B,9.76%,$0.21B,$-3.60B,-5.69%,$0.21B,$7.29B,2.71%,$0.50B,$5.14B,9.44%,$693,$308,$385,$59,$163,$557,$136,$-44,$92,$23,$69,$69,$69,$250,$136,$282,288,$0.24,$0.24,$316,$285,$0,$1093,$454,$0,$5644,$96,$6194,$7286,$841,$3098,$213,$4401,$5242,$3,$-3315,$-29,$2044,$7286,$154,$230,$-28,$202,$-7,$-2,$2,$-27,$-34,$322,$-42,$-4,$0,$31,$0,$31,$0,$-15,$-349,$0,$-349,$-117,$-117,$0,$-16,$-482,$-175,$31,$0
11,2015-12-31,38.69,$7.64,5.06,$9.46,4.09,$5.60,6.91,$0.65,59.52,$1.39B,$0.92B,1.52,$3.24B,$2.17B,1.5,$2.75B,$1.47B,53.60%,$2.75B,$0.48B,17.39%,$2.75B,$0.48B,17.39%,$2.75B,$0.96B,35.04%,$2.75B,$0.25B,9.06%,$2.75B,$0.19B,6.80%,$0.19B,$2.17B,8.65%,$0.19B,$-3.57B,-5.03%,$0.19B,$7.68B,2.38%,$0.48B,$5.41B,8.79%,$695,$316,$379,$52,$176,$569,$126,$-11,$115,$30,$85,$85,$85,$242,$126,$283,292,$0.30,$0.29,$650,$286,$0,$1388,$455,$0,$5734,$104,$6292,$7680,$915,$3239,$207,$4598,$5513,$3,$-3384,$-26,$2166,$7680,$85,$116,$-24,$92,$4,$-4,$-5,$-13,$-5,$171,$-20,$0,$0,$31,$0,$31,$1,$12,$-19,$0,$-19,$11,$11,$0,$-15,$-23,$159,$16,$0
12,2015-09-30,39.13,$7.36,5.32,$9.38,4.17,$5.55,7.05,$0.46,85.07,$1.27B,$0.94B,1.34,$3.22B,$2.08B,1.55,$2.71B,$1.43B,52.96%,$2.71B,$0.46B,16.85%,$2.71B,$0.46B,16.85%,$2.71B,$0.95B,35.00%,$2.71B,$0.18B,6.58%,$2.71B,$0.13B,4.84%,$0.13B,$2.08B,6.10%,$0.13B,$-3.75B,-3.41%,$0.13B,$7.64B,1.64%,$0.46B,$5.30B,8.20%,$703,$323,$379,$54,$166,$577,$126,$-100,$26,$0,$25,$25,$25,$248,$126,$281,290,$0.10,$0.08,$493,$283,$0,$1266,$457,$0,$5831,$88,$6377,$7643,$943,$3221,$201,$4620,$5563,$3,$-3469,$-15,$2079,$7643,$132,$491,$75,$567,$-30,$44,$26,$22,$99,$797,$-89,$0,$0,$0,$4,$4,$-0,$-86,$-1144,$175,$-969,$57,$57,$0,$-36,$-947,$-245,$59,$0
13,2015-06-30,38.06,$7.95,4.79,$9.33,4.08,$4.68,8.13,$0.47,80.98,$1.63B,$1.19B,1.37,$3.27B,$2.24B,1.46,$2.66B,$1.40B,52.52%,$2.66B,$0.42B,15.84%,$2.66B,$0.42B,15.84%,$2.66B,$0.92B,34.61%,$2.66B,$0.19B,7.17%,$2.66B,$0.13B,5.03%,$0.13B,$2.24B,6.25%,$0.13B,$-3.70B,-3.40%,$0.13B,$8.13B,1.64%,$0.42B,$5.51B,7.29%,$694,$315,$379,$56,$167,$578,$116,$-69,$47,$17,$29,$29,$29,$237,$116,$281,293,$0.10,$0.10,$889,$295,$0,$1629,$450,$0,$5934,$117,$6502,$8131,$1189,$3271,$206,$4704,$5893,$3,$-3494,$-8,$2237,$8131,$107,$369,$12,$381,$4,$33,$-2,$7,$66,$554,$-58,$0,$0,$0,$1,$1,$0,$-57,$-375,$0,$-375,$50,$50,$0,$-19,$-344,$149,$42,$0
14,2015-03-31,33.03,$7.72,4.28,$9.22,3.58,$4.13,8.0,$0.41,80.55,$1.42B,$1.04B,1.36,$3.36B,$2.17B,1.55,$2.60B,$1.33B,51.21%,$2.60B,$0.38B,14.68%,$2.60B,$0.38B,14.68%,$2.60B,$0.90B,34.38%,$2.60B,$0.17B,6.42%,$2.60B,$0.12B,4.46%,$0.12B,$2.17B,5.55%,$0.12B,$-3.87B,-2.82%,$0.12B,$8.03B,1.41%,$0.38B,$5.53B,6.40%,$656,$320,$336,$53,$143,$546,$110,$-49,$61,$13,$48,$48,$48,$236,$110,$280,288,$0.17,$0.17,$675,$298,$0,$1416,$451,$0,$6035,$130,$6616,$8032,$1044,$3358,$200,$4819,$5863,$3,$-3524,$-21,$2169,$8032,$77,$249,$-16,$233,$3,$29,$-18,$5,$1,$311,$-40,$0,$0,$0,$1,$1,$-1,$-39,$-358,$0,$-358,$37,$37,$0,$-12,$-332,$-66,$26,$0
15,2014-12-31,26.74,$7.52,3.55,$9.22,2.9,$3.84,6.96,$0.18,148.56,$1.34B,$0.61B,2.2,$3.82B,$2.10B,1.82,$2.57B,$1.28B,49.73%,$2.57B,$0.32B,12.52%,$2.57B,$0.32B,12.52%,$2.57B,$0.84B,32.62%,$2.57B,$0.09B,3.65%,$2.57B,$0.05B,1.98%,$0.05B,$2.10B,2.50%,$0.05B,$-4.04B,-1.20%,$0.05B,$8.08B,0.61%,$0.32B,$5.92B,5.26%,$653,$314,$339,$52,$147,$549,$104,$-59,$44,$15,$29,$29,$29,$226,$104,$279,283,$0.10,$0.10,$549,$310,$0,$1337,$458,$0,$6142,$141,$6742,$8078,$608,$3815,$187,$5368,$5976,$3,$-3571,$-1,$2102,$8078,$29,$122,$5,$127,$-10,$19,$-25,$-4,$-3,$154,$-21,$0,$0,$0,$0,$0,$-1,$-22,$-329,$0,$-329,$15,$15,$0,$-8,$-321,$-192,$12,$0
16,2014-09-30,24.33,$7.42,3.28,$9.16,2.66,$3.86,6.3,$0.06,405.5,$1.57B,$0.62B,2.53,$4.15B,$2.06B,2.01,$2.53B,$1.25B,49.21%,$2.53B,$0.28B,11.02%,$2.53B,$0.28B,11.02%,$2.53B,$0.80B,31.67%,$2.53B,$0.05B,1.94%,$2.53B,$0.02B,0.67%,$0.02B,$2.06B,0.85%,$0.02B,$-4.18B,-0.38%,$0.02B,$8.42B,0.20%,$0.28B,$6.22B,4.51%,$661,$316,$345,$52,$152,$569,$92,$-53,$39,$11,$28,$28,$28,$223,$92,$275,278,$0.10,$0.10,$742,$331,$0,$1566,$462,$0,$6244,$143,$6849,$8415,$620,$4153,$183,$5732,$6352,$3,$-3601,$3,$2063,$8415,$17,$523,$-77,$447,$8,$-45,$12,$32,$45,$508,$-70,$0,$0,$0,$7,$7,$-3,$-67,$-595,$0,$-595,$72,$72,$0,$-2,$-525,$-86,$50,$0
17,2014-06-30,25.35,$7.33,3.46,$9.10,2.78,$3.79,6.69,$-4.15,0.0,$1.43B,$0.60B,2.4,$4.17B,$2.03B,2.05,$2.49B,$1.19B,47.81%,$2.49B,$-0.85B,-34.06%,$2.49B,$-0.85B,-34.06%,$2.49B,$0.79B,31.81%,$2.49B,$-1.10B,-43.92%,$2.49B,$-1.13B,-45.13%,$-1.13B,$2.03B,-56.93%,$-1.13B,$-4.34B,24.61%,$-1.13B,$8.41B,-13.14%,$-0.85B,$6.20B,-13.74%,$633,$320,$313,$53,$148,$556,$76,$-54,$23,$11,$11,$11,$11,$210,$76,$277,279,$0.04,$0.04,$638,$330,$0,$1432,$467,$0,$6370,$142,$6980,$8412,$598,$4169,$182,$5783,$6381,$3,$-3629,$18,$2031,$8412,$-11,$392,$-67,$325,$28,$-42,$2,$25,$63,$377,$-58,$0,$2,$0,$7,$7,$-3,$-52,$-579,$0,$-579,$76,$76,$0,$-11,$-514,$-190,$39,$0
18,2014-03-31,21.5,$7.17,3.0,$9.16,2.35,$3.92,5.49,$-4.23,0.0,$1.27B,$0.55B,2.3,$4.18B,$1.98B,2.11,$2.49B,$1.19B,47.83%,$2.49B,$-0.86B,-34.75%,$2.49B,$-0.86B,-34.75%,$2.49B,$0.77B,31.09%,$2.49B,$-1.13B,-45.25%,$2.49B,$-1.15B,-46.14%,$-1.15B,$1.98B,-51.72%,$-1.15B,$-4.50B,24.31%,$-1.15B,$8.36B,-12.68%,$-0.86B,$6.16B,-13.36%,$625,$343,$282,$50,$141,$575,$50,$-62,$-12,$5,$-17,$-17,$-17,$180,$50,$275,275,$-0.06,$-0.06,$490,$311,$0,$1265,$472,$0,$6477,$148,$7098,$8362,$551,$4184,$175,$5832,$6382,$3,$-3640,$11,$1980,$8362,$-22,$258,$-60,$198,$22,$-24,$-12,$19,$43,$218,$-38,$0,$2,$0,$3,$3,$-2,$-35,$-563,$0,$-563,$54,$54,$0,$-12,$-521,$-338,$26,$0
19,2013-12-31,22.35,$7.13,3.13,$9.17,2.44,$3.72,6.01,$-4.36,0.0,$1.23B,$0.63B,1.95,$4.23B,$1.95B,2.17,$2.47B,$1.19B,47.94%,$2.47B,$-0.91B,-36.70%,$2.47B,$-0.91B,-36.70%,$2.47B,$0.73B,29.30%,$2.47B,$-1.19B,-47.98%,$2.47B,$-1.18B,-47.74%,$-1.18B,$1.95B,-47.81%,$-1.18B,$-4.67B,24.33%,$-1.18B,$8.48B,-12.39%,$-0.91B,$6.18B,-13.33%,$613,$307,$306,$49,$151,$551,$61,$-63,$-1,$4,$-5,$-5,$-5,$189,$61,$273,273,$-0.02,$-0.02,$449,$302,$0,$1227,$480,$0,$6616,$161,$7257,$8484,$628,$4225,$171,$5906,$6534,$3,$-3623,$17,$1951,$8484,$-5,$128,$-88,$40,$16,$-14,$10,$5,$115,$149,$-16,$0,$2,$0,$0,$0,$-0,$-14,$-521,$0,$-521,$13,$13,$0,$-6,$-515,$-380,$14,$0
20,2013-09-30,20.65,$7.14,2.89,$9.27,2.23,$3.72,5.54,$-4.33,0.0,$1.62B,$1.09B,1.49,$4.24B,$1.94B,2.19,$2.49B,$1.16B,46.63%,$2.49B,$-0.91B,-36.36%,$2.49B,$-0.91B,-36.36%,$2.49B,$0.73B,29.17%,$2.49B,$-1.19B,-47.87%,$2.49B,$-1.17B,-47.07%,$-1.17B,$1.94B,-42.99%,$-1.17B,$-4.78B,23.57%,$-1.17B,$9.00B,-11.70%,$-0.91B,$6.18B,-12.81%,$622,$332,$291,$49,$125,$1658,$-1036,$-69,$-1105,$9,$-1114,$-1114,$-1114,$214,$-1036,$269,269,$-4.14,$-4.14,$829,$289,$3,$1624,$492,$0,$6721,$164,$7377,$9001,$1088,$4242,$168,$5971,$7059,$3,$-3616,$20,$1942,$9001,$-1173,$1633,$-31,$1602,$4,$25,$-6,$14,$65,$494,$-90,$60,$62,$0,$-6,$-6,$-8,$19,$-265,$0,$-265,$63,$63,$0,$-47,$-249,$262,$52,$0
21,2013-06-30,19.3,$11.10,1.74,$9.18,2.1,$3.33,5.8,$-0.51,0.0,$1.75B,$1.26B,1.39,$4.35B,$3.00B,1.45,$2.46B,$1.15B,46.58%,$2.46B,$0.09B,3.50%,$2.46B,$0.09B,3.50%,$2.46B,$0.59B,24.00%,$2.46B,$-0.19B,-7.57%,$2.46B,$-0.14B,-5.57%,$-0.14B,$3.00B,-4.59%,$-0.14B,$-4.93B,2.68%,$-0.14B,$10.33B,-1.32%,$0.09B,$7.34B,1.15%,$626,$316,$310,$48,$143,$565,$61,$-68,$-7,$4,$-11,$-11,$-11,$190,$61,$269,269,$-0.04,$-0.04,$964,$306,$0,$1751,$502,$0,$7926,$154,$8582,$10333,$1259,$4347,$154,$6078,$7337,$3,$-2502,$-0,$2997,$10333,$-59,$383,$4,$387,$9,$12,$-14,$12,$88,$416,$-73,$60,$63,$0,$-6,$-6,$-5,$40,$-49,$0,$-49,$51,$51,$0,$-58,$-55,$398,$42,$0
22,2013-03-31,22.6,$11.11,2.03,$8.62,2.62,$2.92,7.74,$-0.38,0.0,$1.61B,$1.01B,1.59,$4.55B,$2.99B,1.52,$2.30B,$1.08B,46.92%,$2.30B,$0.11B,4.60%,$2.30B,$0.11B,4.60%,$2.30B,$0.56B,24.20%,$2.30B,$-0.12B,-5.39%,$2.30B,$-0.10B,-4.43%,$-0.10B,$2.99B,-3.42%,$-0.10B,$-5.04B,2.45%,$-0.10B,$10.31B,-1.09%,$0.11B,$7.54B,1.56%,$613,$333,$279,$50,$153,$607,$6,$-79,$-74,$-23,$-51,$-51,$-51,$132,$6,$268,268,$-0.19,$-0.19,$752,$320,$1,$1607,$503,$0,$8034,$165,$8702,$10309,$1010,$4551,$152,$6308,$7319,$3,$-2492,$3,$2991,$10309,$-48,$254,$-6,$249,$9,$-4,$-13,$6,$-31,$170,$-47,$60,$66,$0,$-8,$-8,$-5,$66,$-33,$0,$-33,$38,$38,$0,$-55,$-50,$185,$31,$0
23,2012-12-31,20.01,$11.17,1.79,$8.12,2.47,$3.14,6.37,$-0.34,0.0,$1.66B,$1.55B,1.07,$4.24B,$2.98B,1.42,$2.16B,$1.03B,47.55%,$2.16B,$0.11B,5.09%,$2.16B,$0.11B,5.09%,$2.16B,$0.51B,23.70%,$2.16B,$-0.11B,-5.05%,$2.16B,$-0.09B,-4.21%,$-0.09B,$2.98B,-3.05%,$-0.09B,$-5.15B,2.81%,$-0.09B,$10.47B,-1.10%,$0.11B,$7.22B,1.82%,$631,$350,$282,$52,$149,$568,$63,$-71,$-7,$-10,$3,$3,$3,$191,$63,$266,269,$0.01,$0.01,$721,$345,$91,$1660,$504,$0,$8137,$167,$8808,$10469,$1552,$4237,$102,$5932,$7484,$3,$-2440,$8,$2984,$10469,$3,$128,$-54,$74,$7,$-6,$-11,$-7,$78,$155,$-22,$60,$-15,$0,$-8,$-8,$1,$16,$-16,$0,$-16,$13,$13,$0,$-9,$-13,$158,$12,$0
24,2012-09-30,20.22,$11.16,1.81,$7.56,2.68,$3.01,6.71,$-0.27,0.0,$1.56B,$0.66B,2.36,$4.97B,$2.96B,1.68,$2.00B,$0.99B,49.65%,$2.00B,$0.11B,5.69%,$2.00B,$0.11B,5.69%,$2.00B,$0.47B,23.23%,$2.00B,$-0.06B,-3.10%,$2.00B,$-0.07B,-3.65%,$-0.07B,$2.96B,-2.45%,$-0.07B,$-5.28B,3.19%,$-0.07B,$10.48B,-1.02%,$0.11B,$7.93B,2.13%,$588,$314,$274,$47,$179,$632,$-44,$-54,$-98,$-20,$-78,$-78,$-78,$77,$-44,$264,264,$-0.30,$-0.30,$566,$367,$95,$1563,$508,$0,$8244,$162,$8914,$10477,$661,$4971,$98,$6855,$7516,$3,$-2444,$7,$2961,$10477,$-74,$352,$64,$416,$-11,$-12,$4,$83,$28,$370,$-79,$8,$-3772,$0,$-0,$-0,$-8,$-3851,$3476,$0,$3476,$29,$29,$0,$-177,$3328,$-152,$41,$0
25,2012-06-30,18.04,$11.35,1.59,$7.10,2.54,$3.43,5.27,$0.12,150.33,$1.54B,$0.56B,2.76,$1.54B,$3.00B,0.51,$1.88B,$0.96B,51.20%,$1.88B,$0.23B,12.28%,$1.88B,$0.23B,12.28%,$1.88B,$0.54B,28.71%,$1.88B,$0.08B,4.15%,$1.88B,$0.03B,1.75%,$0.03B,$3.00B,1.11%,$0.03B,$-1.21B,-2.49%,$0.03B,$6.03B,0.55%,$0.23B,$4.55B,5.15%,$470,$226,$245,$26,$120,$390,$81,$-26,$55,$31,$24,$24,$24,$157,$81,$265,267,$0.09,$0.09,$906,$228,$0,$1535,$233,$0,$4209,$50,$4492,$6027,$557,$1542,$66,$2465,$3023,$3,$-2366,$-3,$3004,$6027,$4,$231,$35,$267,$-22,$-9,$-8,$13,$14,$285,$-53,$13,$-10,$0,$-0,$-0,$-1,$-52,$0,$0,$0,$22,$22,$0,$-62,$-40,$193,$26,$0
26,2012-03-31,21.55,$11.27,1.91,$7.04,3.06,$3.67,5.87,$0.17,126.76,$1.49B,$0.59B,2.51,$1.53B,$2.98B,0.51,$1.86B,$0.95B,51.18%,$1.86B,$0.22B,12.03%,$1.86B,$0.22B,12.03%,$1.86B,$0.53B,28.68%,$1.86B,$0.07B,3.60%,$1.86B,$0.05B,2.42%,$0.05B,$2.98B,1.53%,$0.05B,$-1.30B,-3.20%,$0.05B,$6.05B,0.75%,$0.22B,$4.51B,5.04%,$471,$245,$226,$29,$120,$461,$10,$-69,$-59,$-18,$-40,$-40,$-40,$87,$10,$264,264,$-0.15,$-0.15,$855,$234,$0,$1491,$232,$0,$4275,$50,$4557,$6048,$594,$1527,$64,$2475,$3069,$3,$-2389,$7,$2979,$6048,$-19,$154,$42,$197,$-8,$-12,$2,$2,$36,$213,$-34,$13,$-10,$0,$-0,$-0,$0,$-31,$0,$0,$0,$20,$20,$0,$-61,$-40,$142,$18,$0
27,2011-12-31,17.51,$11.26,1.55,$6.91,2.53,$3.71,4.72,$0.63,27.79,$1.44B,$0.51B,2.81,$1.51B,$2.96B,0.51,$1.83B,$0.95B,51.80%,$1.83B,$0.37B,20.16%,$1.83B,$0.37B,20.16%,$1.83B,$0.68B,37.05%,$1.83B,$0.26B,13.93%,$1.83B,$0.17B,9.13%,$0.17B,$2.96B,5.73%,$0.17B,$-1.36B,-11.42%,$0.17B,$6.05B,2.80%,$0.37B,$4.47B,8.39%,$473,$223,$249,$28,$124,$406,$67,$-27,$40,$19,$21,$21,$21,$144,$67,$263,265,$0.08,$0.08,$794,$241,$0,$1437,$237,$0,$4324,$48,$4609,$6046,$512,$1508,$107,$2571,$3082,$3,$-2349,$2,$2964,$6046,$21,$77,$17,$95,$-7,$-11,$-0,$3,$-4,$112,$-15,$0,$-10,$0,$-0,$-0,$0,$-25,$0,$0,$0,$2,$2,$0,$-8,$-6,$81,$9,$0
28,2011-09-30,15.21,$11.20,1.36,$6.77,2.25,$3.81,3.99,$0.59,25.78,$1.34B,$0.51B,2.64,$1.49B,$2.94B,0.51,$1.79B,$0.92B,51.62%,$1.79B,$0.37B,20.89%,$1.79B,$0.37B,20.89%,$1.79B,$0.68B,37.93%,$1.79B,$0.23B,12.74%,$1.79B,$0.16B,8.77%,$0.16B,$2.94B,5.48%,$0.16B,$-1.44B,-10.62%,$0.16B,$6.01B,2.68%,$0.37B,$4.43B,8.65%,$467,$224,$243,$29,$116,$394,$73,$-32,$42,$14,$28,$28,$28,$152,$73,$261,264,$0.10,$0.10,$713,$231,$0,$1343,$239,$0,$4381,$46,$4666,$6009,$509,$1489,$107,$2562,$3072,$3,$-2370,$2,$2937,$6009,$157,$305,$7,$312,$-17,$-32,$3,$-1,$-13,$456,$-56,$10,$-216,$0,$-5,$-5,$0,$-267,$-1,$0,$-1,$25,$25,$0,$-16,$8,$197,$35,$0
29,2011-06-30,20.17,$11.10,1.82,$6.66,3.03,$3.88,5.2,$-0.04,0.0,$1.21B,$0.47B,2.59,$1.47B,$2.91B,0.51,$1.75B,$0.78B,44.43%,$1.75B,$0.16B,9.02%,$1.75B,$0.16B,9.02%,$1.75B,$0.53B,30.44%,$1.75B,$0.01B,0.74%,$1.75B,$-0.01B,-0.46%,$-0.01B,$2.91B,-0.29%,$-0.01B,$-1.52B,0.53%,$-0.01B,$5.94B,-0.14%,$0.16B,$4.38B,3.71%,$451,$217,$235,$29,$113,$377,$74,$-29,$44,$8,$36,$36,$36,$151,$74,$262,265,$0.14,$0.14,$614,$233,$0,$1208,$248,$0,$4432,$50,$4729,$5937,$467,$1470,$109,$2560,$3027,$3,$-2397,$9,$2910,$5937,$130,$226,$-6,$221,$12,$-35,$-8,$4,$-13,$337,$-43,$10,$-208,$0,$-5,$-5,$0,$-246,$0,$-1,$-1,$24,$24,$0,$-17,$6,$98,$27,$0
30,2011-03-31,22.2,$10.92,2.03,$6.57,3.38,$3.93,5.66,$-0.08,0.0,$1.16B,$0.41B,2.85,$1.45B,$2.86B,0.51,$1.72B,$0.75B,43.75%,$1.72B,$0.16B,9.47%,$1.72B,$0.16B,9.47%,$1.72B,$0.54B,31.09%,$1.72B,$0.02B,0.87%,$1.72B,$-0.02B,-0.99%,$-0.02B,$2.86B,-0.61%,$-0.02B,$-1.52B,1.13%,$-0.02B,$5.84B,-0.30%,$0.16B,$4.31B,3.86%,$439,$218,$221,$30,$110,$283,$155,$-27,$129,$46,$82,$82,$82,$231,$155,$261,264,$0.32,$0.31,$573,$217,$0,$1159,$247,$0,$4378,$52,$4677,$5836,$407,$1452,$113,$2574,$2981,$3,$-2434,$9,$2855,$5836,$93,$149,$-2,$147,$0,$-25,$3,$8,$-24,$217,$-28,$10,$-136,$0,$-5,$-5,$0,$-159,$0,$-1,$-1,$13,$13,$0,$-14,$-1,$57,$19,$0
31,2010-12-31,18.82,$10.67,1.76,$6.50,2.89,$3.96,4.75,$-0.31,0.0,$1.19B,$0.44B,2.72,$1.43B,$2.75B,0.52,$1.70B,$0.75B,43.88%,$1.70B,$0.07B,4.12%,$1.70B,$0.07B,4.12%,$1.70B,$0.44B,25.88%,$1.70B,$-0.08B,-4.88%,$1.70B,$-0.08B,-4.59%,$-0.08B,$2.75B,-2.82%,$-0.08B,$-1.43B,5.07%,$-0.08B,$5.67B,-1.37%,$0.07B,$4.19B,1.67%,$433,$208,$225,$29,$108,$361,$72,$-59,$13,$2,$11,$11,$11,$145,$72,$260,263,$0.04,$0.04,$609,$204,$0,$1185,$246,$0,$4181,$53,$4480,$5666,$436,$1434,$74,$2475,$2912,$3,$-2516,$-0,$2754,$5666,$11,$73,$44,$118,$6,$-13,$7,$1,$7,$135,$-13,$1,$-19,$0,$-5,$-5,$0,$-36,$0,$-0,$-0,$3,$3,$0,$-9,$-6,$92,$11,$0
32,2010-09-30,16.01,$10.41,1.54,$6.44,2.49,$3.94,4.06,$-0.25,0.0,$1.10B,$0.44B,2.49,$1.45B,$2.70B,0.54,$1.68B,$0.74B,43.90%,$1.68B,$0.07B,4.17%,$1.68B,$0.07B,4.17%,$1.68B,$0.44B,26.27%,$1.68B,$-0.06B,-3.28%,$1.68B,$-0.06B,-3.75%,$-0.06B,$2.70B,-2.28%,$-0.06B,$-1.53B,3.91%,$-0.06B,$5.63B,-1.11%,$0.07B,$4.15B,1.66%,$428,$332,$97,$27,$99,$571,$-143,$-30,$-173,$-36,$-137,$-137,$-137,$6,$-143,$259,259,$-0.53,$-0.52,$517,$192,$0,$1099,$252,$0,$4228,$47,$4527,$5626,$442,$1447,$73,$2485,$2927,$3,$-2527,$0,$2699,$5626,$-63,$371,$149,$521,$-20,$-5,$7,$21,$-1,$457,$-47,$71,$-85,$0,$-5,$-5,$-0,$-67,$0,$-177,$-177,$13,$13,$0,$-3,$-168,$222,$34,$0
33,2010-06-30,13.93,$10.88,1.28,$6.36,2.19,$4.28,3.26,$0.41,33.98,$1.05B,$0.39B,2.66,$1.43B,$2.82B,0.51,$1.65B,$0.85B,51.21%,$1.65B,$0.29B,17.47%,$1.65B,$0.29B,17.47%,$1.65B,$0.58B,35.13%,$1.65B,$0.16B,9.73%,$1.65B,$0.10B,5.99%,$0.10B,$2.82B,3.57%,$0.10B,$-1.56B,-5.90%,$0.10B,$5.73B,1.73%,$0.29B,$4.25B,6.83%,$421,$211,$210,$26,$92,$342,$79,$-33,$46,$18,$27,$27,$27,$153,$79,$259,262,$0.11,$0.10,$492,$188,$0,$1049,$255,$0,$4378,$49,$4682,$5731,$394,$1429,$60,$2517,$2911,$3,$-2390,$-4,$2820,$5731,$74,$222,$45,$268,$-5,$-11,$6,$21,$-4,$338,$-34,$72,$-2,$0,$-0,$-0,$-5,$30,$0,$-177,$-177,$11,$11,$0,$-3,$-169,$198,$25,$0
34,2010-03-31,18.54,$10.77,1.72,$6.31,2.94,$4.48,4.14,$0.47,39.45,$1.00B,$0.45B,2.25,$1.41B,$2.79B,0.51,$1.64B,$0.85B,51.83%,$1.64B,$0.29B,17.67%,$1.64B,$0.29B,17.67%,$1.64B,$0.58B,35.33%,$1.64B,$0.16B,9.72%,$1.64B,$0.10B,6.30%,$0.10B,$2.79B,3.84%,$0.10B,$-1.63B,-5.66%,$0.10B,$5.74B,1.81%,$0.29B,$4.20B,6.75%,$418,$204,$214,$27,$99,$356,$62,$-31,$31,$10,$21,$21,$21,$136,$62,$259,261,$0.08,$0.08,$432,$196,$0,$1001,$257,$0,$4424,$58,$4739,$5740,$446,$1411,$59,$2504,$2950,$3,$-2418,$2,$2790,$5740,$47,$148,$18,$166,$-7,$-16,$3,$19,$8,$221,$-23,$71,$-2,$0,$-0,$-0,$-5,$40,$0,$-129,$-129,$10,$10,$0,$-4,$-123,$138,$17,$0
35,2009-12-31,14.5,$10.68,1.36,$6.28,2.31,$4.56,3.18,$-8.58,0.0,$0.88B,$0.34B,2.6,$1.48B,$2.76B,0.54,$1.62B,$0.84B,52.10%,$1.62B,$-2.04B,-125.80%,$1.62B,$-2.04B,-125.80%,$1.62B,$0.58B,35.99%,$1.62B,$-2.17B,-133.95%,$1.62B,$-2.23B,-137.53%,$-2.23B,$2.76B,-86.18%,$-2.23B,$-1.72B,113.05%,$-2.23B,$5.68B,-38.97%,$-2.04B,$4.24B,-46.85%,$412,$196,$216,$25,$106,$340,$72,$-31,$41,$15,$26,$26,$26,$146,$72,$258,261,$0.10,$0.10,$346,$194,$0,$879,$264,$0,$4477,$63,$4803,$5682,$338,$1482,$59,$2586,$2925,$3,$-2438,$7,$2758,$5682,$26,$74,$24,$98,$1,$-13,$2,$10,$2,$126,$-10,$0,$0,$0,$-0,$-0,$-5,$-15,$0,$-56,$-56,$2,$2,$0,$-4,$-59,$52,$8,$0
36,2009-09-30,16.34,$10.58,1.54,$6.36,2.57,$4.53,3.61,$-8.49,0.0,$0.82B,$0.33B,2.49,$1.51B,$2.73B,0.56,$1.64B,$0.86B,52.41%,$1.64B,$-2.02B,-123.15%,$1.64B,$-2.02B,-123.15%,$1.64B,$0.60B,36.47%,$1.64B,$-2.15B,-131.58%,$1.64B,$-2.22B,-135.37%,$-2.22B,$2.73B,-72.18%,$-2.22B,$-1.81B,104.26%,$-2.22B,$5.68B,-35.00%,$-2.02B,$4.24B,-40.34%,$403,$196,$207,$31,$87,$327,$76,$-32,$43,$19,$25,$25,$25,$146,$76,$257,257,$0.10,$0.10,$294,$180,$0,$819,$278,$0,$4532,$56,$4866,$5684,$329,$1514,$59,$2629,$2958,$3,$-2464,$7,$2726,$5684,$-2217,$2614,$96,$2710,$58,$-14,$-13,$19,$57,$550,$-58,$-4,$-0,$0,$-6,$-6,$3,$-66,$0,$-301,$-301,$11,$11,$0,$2,$-289,$198,$33,$0
37,2009-06-30,14.25,$9.57,1.49,$6.59,2.16,$3.76,3.79,$-9.18,0.0,$0.79B,$0.30B,2.68,$1.98B,$2.46B,0.81,$1.68B,$0.89B,53.13%,$1.68B,$-2.18B,-129.99%,$1.68B,$-2.18B,-129.99%,$1.68B,$0.41B,24.33%,$1.68B,$-2.35B,-140.37%,$1.68B,$-2.42B,-144.01%,$-2.42B,$2.46B,-68.05%,$-2.42B,$-2.12B,105.76%,$-2.42B,$5.72B,-34.78%,$-2.18B,$4.44B,-38.66%,$403,$192,$211,$23,$96,$324,$79,$-35,$44,$13,$31,$31,$31,$150,$79,$257,259,$0.12,$0.12,$245,$183,$0,$794,$278,$0,$4578,$69,$4924,$5718,$296,$1981,$56,$2967,$3263,$3,$-2429,$3,$2455,$5718,$-2241,$2543,$79,$2622,$39,$-15,$-10,$16,$17,$397,$-45,$-5,$-0,$0,$-0,$-0,$-3,$-53,$0,$-198,$-198,$2,$2,$0,$-1,$-196,$148,$24,$0
38,2009-03-31,13.09,$9.36,1.4,$6.68,1.96,$3.09,4.24,$-9.10,0.0,$0.80B,$0.31B,2.59,$2.08B,$2.40B,0.87,$1.70B,$0.93B,54.32%,$1.70B,$-2.15B,-126.31%,$1.70B,$-2.15B,-126.31%,$1.70B,$0.41B,24.13%,$1.70B,$-2.30B,-135.23%,$1.70B,$-2.39B,-140.05%,$-2.39B,$2.40B,-57.76%,$-2.39B,$-2.24B,105.86%,$-2.39B,$5.78B,-31.94%,$-2.15B,$4.48B,-34.93%,$402,$192,$210,$24,$97,$2667,$-2265,$-34,$-2298,$12,$-2310,$-2310,$-2310,$141,$-2265,$256,256,$-9.01,$-9.01,$221,$179,$0,$795,$277,$0,$4637,$74,$4988,$5783,$307,$2081,$54,$3075,$3382,$3,$-2470,$-0,$2402,$5783,$-2272,$2472,$50,$2522,$17,$-9,$-7,$11,$-9,$241,$-27,$1,$-0,$0,$-0,$-0,$-5,$-32,$0,$-89,$-89,$2,$2,$0,$-1,$-88,$122,$16,$0
39,2008-12-31,13.07,$18.33,0.71,$6.77,1.93,$2.68,4.88,$0.09,145.22,$0.75B,$0.32B,2.37,$2.13B,$4.70B,0.45,$1.73B,$0.96B,55.14%,$1.73B,$0.22B,12.70%,$1.73B,$0.22B,12.70%,$1.73B,$0.42B,24.31%,$1.73B,$0.08B,4.73%,$1.73B,$-0.02B,-1.10%,$-0.02B,$4.70B,-0.40%,$-0.02B,$-2.34B,0.86%,$-0.02B,$8.14B,-0.24%,$0.22B,$6.83B,3.30%,$429,$199,$230,$24,$100,$336,$94,$-37,$57,$19,$38,$38,$38,$160,$94,$256,258,$0.15,$0.15,$175,$181,$0,$747,$281,$0,$7034,$77,$7393,$8139,$315,$2134,$58,$3127,$3443,$3,$-170,$3,$4697,$8139,$38,$66,$22,$88,$6,$-9,$-5,$9,$-6,$120,$-13,$-0,$-0,$0,$0,$0,$-3,$-17,$0,$-29,$-29,$1,$1,$0,$-0,$-29,$76,$7,$0
40,2008-09-30,19.33,$18.12,1.07,$6.83,2.83,$2.42,8.0,$-1.76,0.0,$0.69B,$0.34B,2.04,$2.16B,$4.64B,0.47,$1.67B,$0.89B,53.35%,$1.67B,$-0.20B,-11.77%,$1.67B,$-0.20B,-11.77%,$1.67B,$-0.03B,-1.49%,$1.67B,$-0.33B,-19.53%,$1.67B,$-0.42B,-24.85%,$-0.42B,$4.64B,-8.89%,$-0.42B,$-2.44B,19.00%,$-0.42B,$8.14B,-5.26%,$-0.20B,$6.81B,-2.98%,$443,$202,$240,$28,$99,$531,$-88,$-69,$-157,$17,$-174,$-174,$-174,$-43,$-88,$246,246,$-0.50,$-0.50,$99,$175,$0,$694,$284,$0,$7080,$77,$7441,$8135,$341,$2162,$57,$3151,$3492,$3,$-218,$5,$4642,$8135,$-416,$173,$622,$795,$-59,$-29,$-10,$21,$-17,$362,$-79,$3,$-2609,$0,$-0,$-0,$8,$-2677,$1689,$389,$2078,$171,$171,$0,$62,$2311,$-5,$26,$0
41,2008-06-30,21.8,$18.66,1.17,$6.87,3.17,$2.47,8.82,$-0.91,0.0,$0.70B,$0.30B,2.29,$1.74B,$4.78B,0.36,$1.43B,$0.75B,52.37%,$1.43B,$-0.06B,-4.39%,$1.43B,$-0.06B,-4.39%,$1.43B,$0.07B,5.02%,$1.43B,$-0.12B,-8.51%,$1.43B,$-0.21B,-14.64%,$-0.21B,$4.78B,-5.65%,$-0.21B,$-2.00B,13.78%,$-0.21B,$7.81B,-3.42%,$-0.06B,$6.51B,-1.23%,$429,$185,$245,$21,$104,$322,$108,$-13,$95,$34,$61,$61,$61,$153,$108,$256,259,$0.24,$0.24,$120,$179,$0,$695,$282,$0,$6775,$62,$7118,$7814,$304,$1735,$53,$2734,$3038,$3,$-73,$9,$4775,$7814,$-241,$127,$379,$505,$-43,$-38,$-9,$11,$-25,$239,$-60,$3,$-2028,$0,$3,$3,$8,$-2073,$1689,$-55,$1634,$169,$169,$0,$53,$1856,$19,$19,$0
42,2008-03-31,27.8,$18.35,1.52,$6.96,3.99,$2.70,10.3,$-0.92,0.0,$0.66B,$0.28B,2.4,$1.83B,$4.69B,0.39,$1.20B,$0.60B,49.79%,$1.20B,$-0.13B,-10.94%,$1.20B,$-0.13B,-10.94%,$1.20B,$-0.03B,-2.76%,$1.20B,$-0.18B,-14.70%,$1.20B,$-0.25B,-20.55%,$-0.25B,$4.69B,-9.11%,$-0.25B,$-2.11B,25.24%,$-0.25B,$7.79B,-5.56%,$-0.13B,$6.51B,-3.57%,$431,$191,$240,$19,$108,$325,$106,$-19,$87,$31,$56,$56,$56,$151,$106,$255,260,$0.22,$0.22,$98,$158,$0,$658,$276,$0,$6797,$59,$7132,$7790,$275,$1825,$52,$2829,$3103,$3,$-135,$9,$4687,$7790,$-303,$82,$397,$479,$-43,$-18,$-5,$15,$-27,$149,$-39,$0,$-2027,$0,$2,$2,$6,$-2057,$1689,$35,$1724,$162,$162,$0,$21,$1907,$-3,$12,$0
43,2007-12-31,34.32,$18.11,1.89,$6.95,4.94,$2.92,11.73,$-0.94,0.0,$0.75B,$0.25B,3.01,$2.03B,$4.61B,0.44,$0.95B,$0.44B,46.46%,$0.95B,$-0.20B,-21.33%,$0.95B,$-0.20B,-21.33%,$0.95B,$-0.14B,-14.99%,$0.95B,$-0.23B,-24.18%,$0.95B,$-0.28B,-29.57%,$-0.28B,$4.61B,-16.53%,$-0.28B,$-2.21B,69.05%,$-0.28B,$7.90B,-10.40%,$-0.20B,$6.64B,-9.15%,$371,$204,$168,$20,$91,$694,$-323,$-29,$-352,$6,$-359,$-359,$-359,$-286,$-323,$217,217,$-1.65,$-1.65,$189,$150,$0,$753,$259,$0,$6821,$66,$7146,$7899,$250,$2034,$49,$3038,$3289,$1,$-191,$6,$4610,$7899,$-359,$37,$408,$444,$-22,$-11,$-4,$12,$-36,$50,$-17,$0,$-2027,$0,$2,$2,$-35,$-2077,$1689,$244,$1933,$149,$149,$0,$0,$2082,$54,$7,$0
44,2007-09-30,30.5,$7.32,4.17,$6.74,4.52,$3.00,10.15,$0.87,35.26,$0.40B,$0.18B,2.24,$0.01B,$0.81B,0.01,$0.74B,$0.35B,46.82%,$0.74B,$0.15B,20.03%,$0.74B,$0.15B,20.03%,$0.74B,$0.18B,24.22%,$0.74B,$0.15B,20.16%,$0.74B,$0.10B,12.86%,$0.10B,$0.81B,13.62%,$0.10B,$0.22B,52.63%,$0.10B,$1.07B,10.16%,$0.15B,$0.82B,20.99%,$203,$105,$98,$11,$38,$156,$46,$1,$48,$16,$32,$32,$32,$54,$46,$107,110,$0.30,$0.29,$100,$105,$0,$399,$70,$0,$582,$16,$667,$1066,$179,$9,$8,$82,$261,$1,$168,$4,$806,$1066,$95,$31,$-9,$22,$-45,$-8,$14,$17,$38,$154,$-21,$0,$-30,$0,$-2,$-2,$-6,$-60,$0,$-54,$-54,$10,$10,$0,$22,$-22,$70,$6,$0
45,2007-06-30,27.66,$6.50,4.25,$6.48,4.27,$1.83,15.09,$0.56,49.38,$0.35B,$0.17B,2.12,$0.01B,$0.70B,0.01,$0.69B,$0.31B,45.36%,$0.69B,$0.11B,15.94%,$0.69B,$0.11B,15.94%,$0.69B,$0.14B,20.29%,$0.69B,$0.11B,15.80%,$0.69B,$0.06B,8.99%,$0.06B,$0.70B,9.57%,$0.06B,$0.20B,41.06%,$0.06B,$0.93B,7.03%,$0.11B,$0.71B,16.81%,$192,$101,$90,$11,$37,$152,$40,$1,$41,$16,$25,$25,$25,$48,$40,$108,110,$0.23,$0.22,$94,$93,$0,$351,$68,$0,$501,$15,$583,$934,$166,$7,$4,$68,$234,$1,$136,$1,$700,$934,$62,$23,$6,$29,$-22,$2,$10,$7,$26,$118,$-17,$0,$0,$0,$2,$2,$-9,$-24,$0,$-55,$-55,$9,$9,$0,$16,$-29,$64,$5,$0
46,2007-03-31,28.82,$6.12,4.71,$6.00,4.81,$1.14,25.34,$0.46,62.65,$0.31B,$0.14B,2.27,$0.01B,$0.66B,0.01,$0.62B,$0.27B,44.17%,$0.62B,$0.09B,14.40%,$0.62B,$0.09B,14.40%,$0.62B,$0.11B,18.45%,$0.62B,$0.09B,14.08%,$0.62B,$0.05B,7.93%,$0.05B,$0.66B,9.02%,$0.05B,$0.17B,30.43%,$0.05B,$0.87B,6.54%,$0.09B,$0.67B,16.18%,$181,$98,$84,$11,$36,$146,$35,$-1,$34,$13,$22,$22,$22,$42,$35,$107,110,$0.20,$0.20,$55,$92,$0,$309,$64,$0,$491,$7,$562,$872,$136,$7,$4,$77,$213,$1,$112,$1,$658,$872,$38,$16,$18,$33,$-8,$2,$8,$1,$9,$80,$-9,$0,$0,$0,$2,$2,$-4,$-11,$0,$-55,$-55,$8,$8,$0,$2,$-44,$25,$3,$0
47,2006-12-31,23.64,$5.95,3.97,$5.41,4.37,$0.47,50.2,$0.38,62.21,$0.30B,$0.17B,1.81,$0.01B,$0.63B,0.01,$0.54B,$0.23B,42.94%,$0.54B,$0.07B,13.01%,$0.54B,$0.07B,13.01%,$0.54B,$0.09B,16.91%,$0.54B,$0.07B,13.01%,$0.54B,$0.04B,7.06%,$0.04B,$0.63B,8.55%,$0.04B,$0.13B,21.68%,$0.04B,$0.87B,6.18%,$0.07B,$0.63B,15.58%,$163,$89,$74,$11,$36,$137,$27,$-1,$26,$10,$16,$16,$16,$35,$27,$105,109,$0.16,$0.15,$37,$99,$0,$300,$64,$0,$495,$8,$568,$868,$165,$6,$3,$75,$241,$1,$90,$0,$627,$868,$16,$8,$0,$9,$1,$-5,$3,$1,$6,$31,$-6,$0,$0,$0,$0,$0,$-4,$-10,$0,$-16,$-16,$1,$1,$0,$2,$-13,$7,$2,$0
