,Date,Stock Price,Book Value per Share,Price to Book Ratio,TTM Sales per Share,Price to Sales Ratio,TTM FCF per Share,Price to FCF Ratio,TTM Net EPS,PE Ratio,Current Assets,Current Liabilities,Current Ratio,Long Term Debt,Shareholder's Equity_x,Debt to Equity Ratio,TTM Revenue_x,TTM Gross Profit,Gross Margin,TTM Revenue_y,TTM Operating Income,Operating Margin,TTM Revenue_x,TTM EBIT,EBIT Margin,TTM Revenue_y,TTM EBITDA,EBITDA Margin,TTM Revenue_x,TTM Pre-Tax Income,Pre-Tax Margin,TTM Revenue_y,TTM Net Income_x,Net Margin,TTM Net Income_y,Shareholder's Equity_y,Return on Equity,TTM Net Income_x,Tangible Equity,Return on Tangible Equity,TTM Net Income_y,Total Assets,Return on Assets,TTM Net Income,LT Investments & Debt,Return on Investment,revenue,cost-goods-sold,gross-profit,research-development-expenses,selling-general-administrative-expenses,operating-expenses,operating-income,total-non-operating-income-expense,pre-tax-income,total-provision-income-taxes,income-after-taxes,income-from-continuous-operations,net-income,ebitda,ebit,basic-shares-outstanding,shares-outstanding,eps-basic-net-earnings-per-share,eps-earnings-per-share-diluted,cash-on-hand,inventory,other-current-assets,total-current-assets,net-property-plant-equipment,long-term-investments,goodwill-intangible-assets-total,other-long-term-assets,total-long-term-assets,total-assets,total-current-liabilities,long-term-debt,other-non-current-liabilities,total-long-term-liabilities,total-liabilities,common-stock-net,retained-earnings-accumulated-deficit,comprehensive-income,total-share-holder-equity,total-liabilities-share-holders-equity,net-income-loss,total-depreciation-amortization-cash-flow,other-non-cash-items,total-non-cash-items,change-in-accounts-receivable,change-in-inventories,change-in-accounts-payable,change-in-assets-liabilities,total-change-in-assets-liabilities,cash-flow-from-operating-activities,net-change-in-property-plant-equipment,net-change-in-intangible-assets,net-acquisitions-divestitures,net-change-in-short-term-investments,net-change-in-long-term-investments,net-change-in-investments-total,investing-activities-other,cash-flow-from-investing-activities,net-long-term-debt,net-current-debt,debt-issuance-retirement-net-total,net-common-equity-issued-repurchased,net-total-equity-issued-repurchased,total-common-preferred-stock-dividends-paid,financial-activities-other,cash-flow-from-financial-activities,net-cash-flow,stock-based-compensation,common-stock-dividends-paid
0,2018-09-30,21.9,$13.44,1.63,$4.59,4.77,$4.15,5.28,$1.45,15.1,$11.30B,$10.84B,1.04,$1.73B,$2.34B,0.74,$0.77B,$0.66B,85.90%,$0.77B,$0.40B,51.62%,$0.77B,0,0.00%,$0.77B,0,0.00%,$0.77B,$0.40B,51.62%,$0.77B,$0.25B,32.60%,$0.25B,$2.34B,11.08%,$0.25B,$1.34B,19.61%,$0.25B,$14.91B,1.72%,$0.40B,$4.07B,10.19%,$206,$34,$172,$0,$66,$100,$106,$0,$106,$25,$80,$80,$80,$0,$0,$174,175,$0.46,$0.46,$533,$0,$0,$11304,$234,$1944,$1003,$349,$3609,$14913,$10839,$1732,$0,$1732,$12572,$2,$702,$-31,$2341,$14913,$229,$25,$22,$47,$-30,$0,$29,$-20,$-21,$255,$-5,$0,$0,$24,$-102,$-78,$-470,$-554,$65,$-6,$59,$-42,$-42,$-59,$236,$194,$-104,$7,$-59
1,2018-06-30,22.45,$13.26,1.69,$4.42,5.08,$3.23,6.96,$1.09,20.59,$11.33B,$10.93B,1.04,$1.68B,$2.31B,0.73,$0.71B,$0.62B,87.08%,$0.71B,$0.32B,44.24%,$0.71B,0,0.00%,$0.71B,0,0.00%,$0.71B,$0.32B,44.24%,$0.71B,$0.19B,26.26%,$0.19B,$2.31B,8.35%,$0.19B,$1.31B,14.88%,$0.19B,$14.92B,1.29%,$0.32B,$3.99B,8.29%,$194,$28,$166,$0,$66,$94,$100,$0,$100,$24,$76,$76,$76,$0,$0,$173,174,$0.44,$0.44,$496,$0,$0,$11328,$235,$1923,$1003,$357,$3596,$14924,$10932,$1678,$0,$1678,$12610,$2,$643,$-24,$2314,$14924,$149,$17,$19,$36,$5,$0,$14,$-24,$-5,$180,$-3,$0,$0,$24,$-68,$-44,$-571,$-619,$11,$-8,$3,$-14,$-14,$-38,$348,$298,$-140,$4,$-38
2,2018-03-31,22.59,$12.89,1.75,$4.32,5.22,$2.77,8.15,$1.00,22.59,$10.77B,$10.60B,1.02,$1.48B,$2.24B,0.66,$0.67B,$0.59B,88.12%,$0.67B,$0.30B,44.36%,$0.67B,0,0.00%,$0.67B,0,0.00%,$0.67B,$0.30B,44.36%,$0.67B,$0.16B,24.21%,$0.16B,$2.24B,7.93%,$0.16B,$1.26B,13.56%,$0.16B,$14.32B,1.19%,$0.30B,$3.72B,8.34%,$187,$25,$162,$0,$65,$90,$97,$0,$97,$24,$73,$73,$73,$0,$0,$174,174,$0.42,$0.42,$512,$0,$0,$10773,$236,$1907,$976,$354,$3550,$14323,$10602,$1483,$0,$1483,$12085,$2,$586,$-20,$2238,$14323,$73,$8,$10,$18,$8,$0,$13,$-9,$12,$103,$-4,$0,$0,$22,$-43,$-21,$-4,$-30,$-184,$3,$-182,$-6,$-6,$-19,$8,$-199,$-125,$2,$-19
3,2017-12-31,22.92,$12.70,1.81,$4.24,5.4,$2.60,8.8,$0.91,25.18,$10.93B,$10.58B,1.03,$1.67B,$2.20B,0.76,$0.62B,$0.56B,89.66%,$0.62B,$0.27B,43.62%,$0.62B,0,0.00%,$0.62B,0,0.00%,$0.62B,$0.27B,43.62%,$0.62B,$0.14B,21.81%,$0.14B,$2.20B,7.37%,$0.14B,$1.23B,12.03%,$0.14B,$14.45B,1.07%,$0.27B,$3.87B,8.07%,$186,$22,$164,$0,$68,$90,$96,$0,$96,$73,$23,$23,$23,$0,$0,$151,152,$0.12,$0.11,$660,$0,$0,$10927,$237,$1888,$977,$344,$3523,$14450,$10578,$1667,$0,$1667,$12245,$2,$531,$-3,$2204,$14450,$135,$30,$77,$107,$5,$0,$-31,$-39,$-65,$177,$-5,$0,$0,$-21,$-417,$-438,$88,$-355,$202,$0,$202,$-20,$-20,$-60,$476,$598,$419,$7,$-60
4,2017-09-30,24.73,$12.71,1.95,$3.97,6.22,$3.00,8.25,$1.13,21.89,$10.77B,$10.64B,1.01,$1.41B,$2.21B,0.64,$0.57B,$0.52B,91.20%,$0.57B,$0.25B,44.37%,$0.57B,0,0.00%,$0.57B,0,0.00%,$0.57B,$0.25B,44.37%,$0.57B,$0.16B,28.35%,$0.16B,$2.21B,9.98%,$0.16B,$1.23B,15.37%,$0.16B,$14.26B,1.41%,$0.25B,$3.62B,8.26%,$145,$17,$128,$0,$106,$123,$22,$0,$22,$8,$15,$15,$15,$0,$0,$144,145,$0.10,$0.10,$557,$0,$0,$10773,$240,$1811,$980,$331,$3483,$14256,$10637,$1412,$0,$1412,$12049,$2,$526,$4,$2207,$14256,$112,$21,$23,$44,$-18,$0,$-35,$-24,$-78,$78,$-4,$0,$0,$-1,$-325,$-326,$163,$-167,$-53,$2,$-51,$-19,$-19,$-41,$536,$425,$336,$5,$-41
5,2017-06-30,24.31,$10.32,2.36,$3.92,6.2,$3.63,6.69,$1.34,18.14,$8.25B,$7.94B,1.04,$1.46B,$1.48B,0.99,$0.56B,$0.52B,92.81%,$0.56B,$0.30B,53.78%,$0.56B,0,0.00%,$0.56B,0,0.00%,$0.56B,$0.30B,53.78%,$0.56B,$0.19B,34.17%,$0.19B,$1.48B,13.72%,$0.19B,$1.03B,19.67%,$0.19B,$10.87B,1.85%,$0.30B,$2.93B,10.53%,$147,$16,$132,$0,$51,$67,$80,$0,$80,$30,$50,$50,$50,$0,$0,$143,144,$0.35,$0.35,$460,$0,$0,$8247,$207,$1655,$442,$253,$2625,$10872,$7939,$1457,$0,$1457,$9396,$1,$527,$6,$1476,$10872,$97,$13,$-2,$11,$10,$0,$-28,$-7,$-25,$83,$-2,$0,$0,$2,$-265,$-263,$33,$-233,$35,$12,$47,$-10,$-10,$-26,$381,$393,$244,$3,$-26
6,2017-03-31,26.33,$10.05,2.62,$3.82,6.89,$3.76,7.0,$1.30,20.26,$8.22B,$7.76B,1.06,$1.52B,$1.44B,1.05,$0.54B,$0.51B,94.06%,$0.54B,$0.29B,53.62%,$0.54B,0,0.00%,$0.54B,0,0.00%,$0.54B,$0.29B,53.62%,$0.54B,$0.18B,34.14%,$0.18B,$1.44B,13.81%,$0.18B,$1.00B,19.91%,$0.18B,$10.72B,1.85%,$0.29B,$2.96B,10.38%,$141,$10,$131,$0,$59,$69,$72,$0,$72,$25,$47,$47,$47,$0,$0,$142,142,$0.33,$0.33,$419,$0,$0,$8221,$213,$1527,$443,$247,$2497,$10717,$7760,$1516,$0,$1516,$9276,$1,$490,$1,$1442,$10717,$47,$6,$3,$10,$5,$0,$3,$-2,$6,$63,$-6,$0,$0,$-0,$-144,$-144,$23,$-127,$93,$3,$96,$0,$0,$-13,$181,$264,$200,$2,$-13
7,2016-12-31,26.92,$9.45,2.85,$3.72,7.23,$3.89,6.92,$1.27,21.28,$7.56B,$7.12B,1.06,$1.37B,$1.33B,1.03,$0.52B,$0.49B,94.26%,$0.52B,$0.28B,54.11%,$0.52B,0,0.00%,$0.52B,0,0.00%,$0.52B,$0.28B,54.11%,$0.52B,$0.18B,34.03%,$0.18B,$1.33B,13.92%,$0.18B,$0.93B,20.19%,$0.18B,$9.81B,1.85%,$0.28B,$2.69B,10.48%,$135,$8,$127,$0,$49,$57,$78,$0,$78,$29,$49,$49,$49,$0,$0,$140,141,$0.34,$0.35,$218,$0,$0,$7557,$205,$1357,$396,$232,$2252,$9808,$7115,$1366,$0,$1366,$8481,$1,$456,$0,$1327,$9808,$177,$26,$36,$62,$-19,$0,$11,$-13,$-21,$218,$-3,$0,$0,$0,$141,$141,$-739,$-601,$-101,$-7,$-108,$-8,$-8,$-48,$508,$344,$-39,$7,$-48
8,2016-09-30,20.11,$9.23,2.18,$3.66,5.49,$3.78,5.32,$1.19,16.97,$7.36B,$6.99B,1.05,$1.48B,$1.30B,1.14,$0.51B,$0.48B,94.34%,$0.51B,$0.26B,51.56%,$0.51B,0,0.00%,$0.51B,0,0.00%,$0.51B,$0.26B,51.56%,$0.51B,$0.17B,32.42%,$0.17B,$1.30B,13.31%,$0.17B,$0.90B,19.56%,$0.17B,$9.76B,1.75%,$0.26B,$2.78B,9.80%,$133,$8,$126,$0,$57,$64,$69,$0,$69,$25,$44,$44,$44,$0,$0,$140,141,$0.31,$0.31,$298,$0,$0,$7363,$208,$1509,$397,$230,$2401,$9764,$6987,$1481,$0,$1481,$8468,$1,$420,$8,$1296,$9764,$129,$20,$37,$56,$-5,$0,$-6,$-10,$-21,$164,$-3,$0,$0,$-0,$5,$5,$-481,$-479,$14,$-19,$-5,$-7,$-7,$-35,$403,$355,$40,$5,$-35
9,2016-06-30,19.04,$9.01,2.11,$3.55,5.37,$3.55,5.36,$1.14,16.78,$7.16B,$6.88B,1.04,$1.44B,$1.27B,1.14,$0.49B,$0.47B,94.51%,$0.49B,$0.25B,51.02%,$0.49B,0,0.00%,$0.49B,0,0.00%,$0.49B,$0.25B,51.02%,$0.49B,$0.16B,32.11%,$0.16B,$1.27B,13.21%,$0.16B,$0.87B,19.47%,$0.16B,$9.58B,1.72%,$0.25B,$2.71B,9.68%,$130,$7,$123,$0,$53,$61,$70,$0,$70,$26,$44,$44,$44,$0,$0,$140,141,$0.31,$0.31,$186,$0,$0,$7162,$208,$1510,$398,$243,$2420,$9582,$6875,$1442,$0,$1442,$8317,$1,$389,$11,$1265,$9582,$85,$13,$19,$32,$-3,$0,$-3,$-14,$-20,$97,$-0,$0,$0,$1,$12,$13,$-383,$-370,$-25,$-17,$-42,$-8,$-8,$-23,$276,$203,$-70,$3,$-23
10,2016-03-31,19.62,$8.75,2.24,$3.41,5.75,$3.62,5.42,$1.08,18.25,$6.97B,$6.77B,1.03,$1.40B,$1.23B,1.14,$0.47B,$0.44B,94.67%,$0.47B,$0.24B,50.11%,$0.47B,0,0.00%,$0.47B,0,0.00%,$0.47B,$0.24B,50.11%,$0.47B,$0.15B,31.56%,$0.15B,$1.23B,12.92%,$0.15B,$0.83B,19.11%,$0.15B,$9.40B,1.68%,$0.24B,$2.63B,9.74%,$125,$7,$117,$0,$51,$59,$66,$0,$66,$25,$41,$41,$41,$0,$0,$140,141,$0.30,$0.29,$165,$0,$0,$6974,$211,$1507,$399,$238,$2424,$9397,$6773,$1397,$0,$1397,$8170,$1,$358,$6,$1228,$9397,$41,$7,$6,$13,$9,$0,$19,$-6,$21,$76,$-1,$0,$0,$-6,$10,$4,$-222,$-220,$-70,$-6,$-76,$-8,$-8,$-11,$140,$46,$-98,$1,$-11
11,2015-12-31,19.34,$8.56,2.26,$3.25,5.95,$3.60,5.38,$1.01,19.14,$6.86B,$6.62B,1.04,$1.47B,$1.20B,1.22,$0.44B,$0.42B,95.03%,$0.44B,$0.22B,49.21%,$0.44B,0,0.00%,$0.44B,0,0.00%,$0.44B,$0.22B,49.21%,$0.44B,$0.14B,31.15%,$0.14B,$1.20B,12.57%,$0.14B,$0.80B,18.62%,$0.14B,$9.29B,1.65%,$0.22B,$2.67B,10.38%,$124,$6,$117,$0,$58,$64,$59,$0,$59,$22,$37,$37,$37,$0,$0,$137,137,$0.27,$0.27,$257,$0,$0,$6859,$212,$1516,$399,$231,$2430,$9289,$6623,$1467,$0,$1467,$8089,$1,$327,$4,$1200,$9289,$138,$32,$34,$66,$-12,$0,$25,$-12,$1,$205,$-11,$0,$3,$-1,$-43,$-44,$-701,$-752,$702,$-48,$654,$-2,$-2,$-38,$76,$690,$143,$4,$-38
12,2015-09-30,19.26,$8.02,2.4,$3.09,6.24,$4.03,4.78,$0.96,20.07,$6.20B,$6.15B,1.01,$1.28B,$1.09B,1.17,$0.42B,$0.40B,95.44%,$0.42B,$0.21B,49.40%,$0.42B,0,0.00%,$0.42B,0,0.00%,$0.42B,$0.21B,49.40%,$0.42B,$0.13B,31.41%,$0.13B,$1.09B,12.45%,$0.13B,$0.75B,18.49%,$0.13B,$8.52B,1.66%,$0.21B,$2.37B,10.97%,$113,$6,$108,$0,$52,$57,$56,$0,$56,$20,$36,$36,$36,$0,$0,$136,136,$0.26,$0.26,$229,$0,$0,$6198,$206,$1466,$342,$242,$2318,$8516,$6147,$1277,$0,$1277,$7424,$1,$300,$8,$1091,$8516,$101,$25,$19,$43,$-12,$0,$32,$-32,$-13,$131,$-7,$0,$3,$0,$-46,$-46,$-474,$-524,$518,$-42,$476,$-2,$-2,$-27,$62,$509,$116,$3,$-27
13,2015-06-30,17.33,$7.83,2.21,$2.96,5.85,$4.49,3.86,$0.91,19.14,$5.83B,$6.09B,0.96,$0.93B,$1.06B,0.87,$0.40B,$0.38B,95.23%,$0.40B,$0.19B,48.24%,$0.40B,0,0.00%,$0.40B,0,0.00%,$0.40B,$0.19B,48.24%,$0.40B,$0.12B,30.65%,$0.12B,$1.06B,11.97%,$0.12B,$0.72B,18.02%,$0.12B,$8.07B,1.62%,$0.19B,$1.99B,11.17%,$107,$5,$102,$0,$49,$53,$54,$0,$54,$20,$34,$34,$34,$0,$0,$135,136,$0.25,$0.25,$204,$0,$0,$5828,$209,$1417,$343,$216,$2247,$8074,$6085,$928,$0,$928,$7013,$1,$274,$6,$1062,$8074,$65,$17,$12,$29,$-8,$0,$27,$-4,$15,$110,$-8,$0,$3,$0,$2,$2,$-126,$-129,$169,$-26,$143,$-2,$-2,$-17,$-13,$111,$92,$1,$-17
14,2015-03-31,16.0,$7.69,2.08,$2.89,5.53,$4.81,3.33,$0.87,18.39,$5.27B,$6.14B,0.86,$0.34B,$1.04B,0.33,$0.39B,$0.37B,95.32%,$0.39B,$0.18B,47.53%,$0.39B,0,0.00%,$0.39B,0,0.00%,$0.39B,$0.18B,47.53%,$0.39B,$0.12B,30.13%,$0.12B,$1.04B,11.86%,$0.12B,$0.70B,18.09%,$0.12B,$7.51B,1.61%,$0.18B,$1.38B,11.82%,$99,$5,$94,$0,$45,$49,$49,$0,$49,$18,$31,$31,$31,$0,$0,$135,136,$0.23,$0.23,$204,$0,$0,$5270,$209,$1414,$344,$217,$2244,$7514,$6136,$338,$0,$338,$6474,$1,$249,$10,$1040,$7514,$31,$9,$6,$15,$2,$0,$27,$-1,$28,$74,$-5,$0,$3,$-6,$13,$7,$424,$429,$-420,$2,$-418,$-2,$-2,$-8,$11,$-418,$85,$1,$-8
15,2014-12-31,15.12,$7.51,2.01,$2.88,5.24,$4.87,3.11,$0.85,17.79,$5.14B,$5.63B,0.91,$0.76B,$1.02B,0.75,$0.38B,$0.36B,95.26%,$0.38B,$0.18B,46.58%,$0.38B,0,0.00%,$0.38B,0,0.00%,$0.38B,$0.18B,46.58%,$0.38B,$0.11B,29.47%,$0.11B,$1.02B,11.98%,$0.11B,$0.67B,18.55%,$0.11B,$7.40B,1.60%,$0.18B,$1.77B,11.61%,$98,$5,$94,$0,$47,$51,$47,$0,$47,$17,$30,$30,$30,$0,$0,$132,133,$0.23,$0.22,$113,$0,$0,$5139,$207,$1424,$346,$221,$2264,$7403,$5629,$759,$0,$759,$6388,$1,$226,$7,$1015,$7403,$113,$46,$40,$85,$-2,$0,$23,$27,$47,$245,$-0,$0,$0,$4,$-65,$-61,$-186,$-247,$326,$15,$341,$1,$1,$-23,$-370,$-51,$-53,$2,$-23
16,2014-09-30,13.79,$7.21,1.91,$2.86,4.82,$3.88,3.55,$0.73,19.02,$4.99B,$5.46B,0.91,$0.77B,$0.96B,0.81,$0.37B,$0.35B,94.81%,$0.37B,$0.15B,40.98%,$0.37B,0,0.00%,$0.37B,0,0.00%,$0.37B,$0.15B,40.98%,$0.37B,$0.10B,25.96%,$0.10B,$0.96B,10.66%,$0.10B,$0.62B,16.79%,$0.10B,$7.20B,1.38%,$0.15B,$1.73B,10.76%,$94,$5,$89,$0,$47,$52,$42,$0,$42,$15,$27,$27,$27,$0,$0,$132,133,$0.21,$0.21,$182,$0,$0,$4986,$212,$1364,$334,$232,$2210,$7196,$5463,$774,$0,$774,$6238,$1,$203,$5,$959,$7196,$83,$33,$32,$65,$-6,$0,$19,$26,$39,$187,$-4,$0,$0,$-40,$-49,$-89,$-84,$-176,$360,$-0,$360,$0,$0,$-16,$-383,$-39,$-28,$2,$-16
17,2014-06-30,15.34,$6.89,2.23,$2.67,5.74,$3.50,4.38,$0.69,22.39,$4.51B,$5.36B,0.84,$0.41B,$0.90B,0.46,$0.33B,$0.31B,95.15%,$0.33B,$0.14B,41.52%,$0.33B,0,0.00%,$0.33B,0,0.00%,$0.33B,$0.14B,41.52%,$0.33B,$0.09B,26.06%,$0.09B,$0.90B,10.91%,$0.09B,$0.58B,16.47%,$0.09B,$6.67B,1.41%,$0.14B,$1.31B,11.75%,$94,$5,$90,$0,$45,$49,$45,$0,$45,$16,$28,$28,$28,$0,$0,$130,131,$0.22,$0.22,$144,$0,$0,$4510,$196,$1328,$322,$236,$2156,$6666,$5359,$410,$0,$410,$5769,$1,$182,$5,$897,$6666,$56,$21,$23,$44,$3,$0,$17,$25,$45,$144,$-4,$0,$0,$3,$-26,$-23,$88,$62,$-2,$-16,$-18,$0,$0,$-10,$-201,$-228,$-22,$1,$-10
18,2014-03-31,16.04,$6.67,2.41,$2.47,6.51,$3.18,5.05,$0.63,25.67,$4.61B,$5.50B,0.84,$0.42B,$0.87B,0.48,$0.29B,$0.28B,94.90%,$0.29B,$0.12B,40.82%,$0.29B,0,0.00%,$0.29B,0,0.00%,$0.29B,$0.12B,40.82%,$0.29B,$0.08B,25.85%,$0.08B,$0.87B,10.90%,$0.08B,$0.55B,15.59%,$0.08B,$6.78B,1.39%,$0.12B,$1.29B,11.93%,$94,$5,$89,$0,$46,$51,$43,$0,$43,$16,$27,$27,$27,$0,$0,$130,131,$0.21,$0.21,$237,$0,$0,$4608,$196,$1308,$323,$263,$2173,$6781,$5496,$416,$0,$416,$5912,$1,$159,$1,$869,$6781,$27,$0,$10,$11,$4,$0,$15,$20,$39,$77,$-2,$0,$0,$-19,$-12,$-30,$83,$51,$4,$-23,$-19,$0,$0,$-5,$-54,$-78,$49,$1,$-5
19,2013-12-31,17.37,$6.46,2.69,$2.25,7.7,$3.02,5.76,$0.57,30.47,$4.63B,$5.56B,0.83,$0.41B,$0.84B,0.49,$0.26B,$0.24B,94.55%,$0.26B,$0.11B,40.86%,$0.26B,0,0.00%,$0.26B,0,0.00%,$0.26B,$0.11B,40.86%,$0.26B,$0.07B,26.07%,$0.07B,$0.84B,10.95%,$0.07B,$0.52B,14.60%,$0.07B,$6.81B,1.39%,$0.11B,$1.25B,12.36%,$84,$5,$79,$0,$59,$64,$20,$0,$20,$7,$13,$13,$13,$0,$0,$116,117,$0.10,$0.10,$170,$0,$0,$4626,$197,$1290,$324,$285,$2186,$6812,$5559,$411,$0,$411,$5971,$1,$136,$-4,$841,$6812,$67,$6,$27,$33,$-14,$0,$-36,$64,$13,$113,$-13,$0,$0,$17,$126,$143,$-46,$84,$-36,$11,$-24,$0,$0,$-17,$-223,$-264,$-66,$1,$-17
20,2013-09-30,14.1,$4.84,2.91,$2.08,6.78,$3.07,4.58,$0.63,22.55,$2.79B,$3.34B,0.83,$0.27B,$0.55B,0.5,$0.24B,$0.22B,94.04%,$0.24B,$0.11B,47.66%,$0.24B,0,0.00%,$0.24B,0,0.00%,$0.24B,$0.11B,47.66%,$0.24B,$0.07B,30.21%,$0.07B,$0.55B,13.38%,$0.07B,$0.45B,16.36%,$0.07B,$4.16B,1.70%,$0.11B,$0.82B,15.88%,$58,$3,$56,$0,$27,$30,$29,$0,$29,$11,$18,$18,$18,$0,$0,$113,113,$0.17,$0.17,$123,$0,$0,$2785,$120,$849,$95,$266,$1376,$4161,$3343,$273,$0,$273,$3616,$1,$128,$-1,$545,$4161,$54,$4,$8,$13,$-3,$0,$5,$54,$56,$122,$-10,$0,$0,$6,$-149,$-143,$37,$-116,$115,$5,$120,$0,$0,$-12,$-234,$-126,$-120,$1,$-12
21,2013-06-30,12.02,$4.74,2.53,$2.04,5.89,$2.91,4.13,$0.60,19.95,$2.82B,$3.42B,0.82,$0.13B,$0.53B,0.25,$0.23B,$0.21B,92.64%,$0.23B,$0.11B,46.75%,$0.23B,0,0.00%,$0.23B,0,0.00%,$0.23B,$0.11B,46.75%,$0.23B,$0.07B,29.87%,$0.07B,$0.53B,13.22%,$0.07B,$0.44B,16.15%,$0.07B,$4.09B,1.68%,$0.11B,$0.67B,16.16%,$58,$3,$55,$0,$27,$30,$28,$0,$28,$10,$18,$18,$18,$0,$0,$112,113,$0.16,$0.16,$175,$0,$0,$2817,$120,$736,$96,$275,$1274,$4091,$3424,$133,$0,$133,$3558,$1,$114,$2,$534,$4091,$35,$12,$7,$19,$-6,$0,$8,$37,$39,$93,$-9,$0,$0,$15,$-30,$-15,$55,$31,$-25,$7,$-18,$0,$0,$-8,$-158,$-184,$-59,$1,$-8
22,2013-03-31,8.68,$4.70,1.85,$2.02,4.29,$2.57,3.37,$0.59,14.84,$2.94B,$3.56B,0.83,$0.13B,$0.53B,0.25,$0.23B,$0.21B,91.27%,$0.23B,$0.10B,45.41%,$0.23B,0,0.00%,$0.23B,0,0.00%,$0.23B,$0.10B,45.41%,$0.23B,$0.07B,28.82%,$0.07B,$0.53B,12.89%,$0.07B,$0.43B,15.71%,$0.07B,$4.23B,1.61%,$0.10B,$0.66B,15.49%,$57,$4,$53,$0,$26,$30,$28,$0,$28,$10,$18,$18,$18,$0,$0,$112,113,$0.16,$0.16,$305,$0,$0,$2941,$118,$725,$97,$304,$1284,$4226,$3564,$133,$0,$133,$3697,$0,$101,$11,$528,$4226,$18,$2,$7,$9,$2,$0,$3,$21,$26,$52,$-5,$0,$0,$14,$-2,$12,$48,$54,$-25,$11,$-14,$0,$0,$-4,$-18,$-36,$71,$0,$-4
23,2012-12-31,7.58,$4.59,1.65,$1.99,3.82,$2.48,3.05,$0.56,13.6,$2.93B,$3.57B,0.82,$0.16B,$0.52B,0.31,$0.23B,$0.20B,90.22%,$0.23B,$0.10B,43.56%,$0.23B,0,0.00%,$0.23B,0,0.00%,$0.23B,$0.10B,43.56%,$0.23B,$0.06B,27.56%,$0.06B,$0.52B,12.39%,$0.06B,$0.42B,15.11%,$0.06B,$4.24B,1.52%,$0.10B,$0.68B,14.56%,$62,$4,$57,$0,$31,$35,$27,$0,$27,$10,$17,$17,$17,$0,$0,$113,113,$0.15,$0.15,$249,$0,$0,$2931,$114,$726,$98,$327,$1311,$4242,$3567,$159,$0,$159,$3727,$0,$87,$12,$515,$4242,$63,$13,$-3,$9,$-12,$0,$-10,$67,$45,$118,$-14,$0,$0,$-5,$-42,$-47,$422,$362,$-41,$-0,$-41,$-12,$-12,$-16,$-363,$-432,$48,$1,$-16
24,2012-09-30,7.77,$4.52,1.72,$1.92,4.05,$2.26,3.44,$0.53,14.59,$2.60B,$3.22B,0.81,$0.16B,$0.51B,0.31,$0.22B,$0.19B,88.94%,$0.22B,$0.09B,42.86%,$0.22B,0,0.00%,$0.22B,0,0.00%,$0.22B,$0.09B,42.86%,$0.22B,$0.06B,27.19%,$0.06B,$0.51B,12.04%,$0.06B,$0.42B,14.49%,$0.06B,$3.89B,1.50%,$0.09B,$0.67B,13.89%,$54,$5,$49,$0,$24,$29,$25,$0,$25,$9,$16,$16,$16,$0,$0,$113,113,$0.15,$0.14,$157,$0,$0,$2602,$105,$755,$87,$306,$1286,$3888,$3219,$159,$0,$159,$3378,$0,$77,$12,$510,$3888,$46,$9,$-1,$8,$-8,$0,$-2,$58,$48,$102,$-8,$0,$0,$-1,$-81,$-82,$253,$163,$-28,$-1,$-29,$-6,$-6,$-9,$-250,$-293,$-29,$0,$-9
25,2012-06-30,6.94,$4.41,1.57,$1.90,3.65,$1.83,3.79,$0.51,13.61,$2.79B,$3.38B,0.83,$0.19B,$0.50B,0.37,$0.22B,$0.19B,87.96%,$0.22B,$0.09B,41.67%,$0.22B,0,0.00%,$0.22B,0,0.00%,$0.22B,$0.09B,41.67%,$0.22B,$0.06B,26.39%,$0.06B,$0.50B,11.92%,$0.06B,$0.41B,14.25%,$0.06B,$4.06B,1.48%,$0.09B,$0.68B,13.54%,$56,$6,$50,$0,$26,$32,$24,$0,$24,$9,$15,$15,$15,$0,$0,$112,113,$0.14,$0.14,$359,$0,$0,$2785,$101,$713,$88,$339,$1271,$4056,$3376,$185,$0,$185,$3561,$0,$64,$10,$495,$4056,$30,$6,$3,$8,$-5,$0,$-11,$27,$11,$49,$-2,$0,$0,$1,$-40,$-40,$265,$223,$-2,$4,$2,$-6,$-6,$-6,$-89,$-98,$174,$0,$-6
26,2012-03-31,6.02,$4.28,1.41,$1.87,3.22,$1.84,3.26,$0.49,12.34,$2.81B,$3.48B,0.81,$0.19B,$0.48B,0.39,$0.21B,$0.19B,86.85%,$0.21B,$0.09B,40.85%,$0.21B,0,0.00%,$0.21B,0,0.00%,$0.21B,$0.09B,40.85%,$0.21B,$0.06B,25.82%,$0.06B,$0.48B,11.45%,$0.06B,$0.39B,13.52%,$0.06B,$4.15B,1.46%,$0.09B,$0.67B,12.99%,$53,$6,$47,$0,$24,$31,$22,$0,$22,$8,$14,$14,$14,$0,$0,$113,114,$0.13,$0.13,$348,$0,$0,$2814,$101,$760,$88,$350,$1334,$4148,$3480,$187,$0,$187,$3667,$0,$52,$7,$481,$4148,$14,$3,$-0,$3,$1,$0,$-0,$20,$21,$38,$-1,$0,$0,$-0,$-91,$-91,$216,$123,$-0,$10,$10,$-5,$-5,$-3,$-2,$1,$162,$0,$-3
27,2011-12-31,5.84,$4.19,1.39,$1.86,3.14,$1.76,3.32,$0.47,12.55,$2.39B,$2.94B,0.81,$0.19B,$0.47B,0.4,$0.21B,$0.18B,85.92%,$0.21B,$0.08B,39.44%,$0.21B,0,0.00%,$0.21B,0,0.00%,$0.21B,$0.08B,39.44%,$0.21B,$0.05B,24.88%,$0.05B,$0.47B,10.99%,$0.05B,$0.41B,12.83%,$0.05B,$3.60B,1.45%,$0.08B,$0.66B,12.48%,$54,$7,$47,$0,$26,$32,$22,$0,$22,$8,$14,$14,$14,$0,$0,$114,114,$0.13,$0.12,$185,$0,$0,$2391,$88,$671,$68,$363,$1213,$3604,$2943,$187,$0,$187,$3130,$0,$40,$8,$474,$3604,$55,$7,$-5,$2,$4,$0,$-5,$36,$36,$93,$-13,$0,$0,$27,$-193,$-166,$199,$20,$-34,$-12,$-47,$-6,$-57,$-9,$-103,$-216,$-103,$0,$-8
28,2011-09-30,4.76,$4.10,1.16,$2.03,2.34,$1.41,3.37,$0.21,22.69,$2.46B,$2.97B,0.83,$0.19B,$0.46B,0.4,$0.23B,$0.20B,86.27%,$0.23B,$0.04B,16.31%,$0.23B,0,0.00%,$0.23B,0,0.00%,$0.23B,$0.04B,16.31%,$0.23B,$0.03B,10.73%,$0.03B,$0.46B,5.18%,$0.03B,$0.39B,6.05%,$0.03B,$3.62B,0.68%,$0.04B,$0.65B,5.57%,$53,$8,$46,$0,$24,$31,$22,$0,$22,$8,$14,$14,$14,$0,$0,$114,115,$0.12,$0.12,$156,$0,$0,$2455,$90,$611,$69,$376,$1167,$3622,$2972,$187,$0,$187,$3159,$0,$28,$9,$463,$3622,$41,$5,$-7,$-1,$4,$0,$-3,$18,$20,$59,$-13,$0,$0,$24,$-130,$-105,$111,$-7,$-34,$-12,$-46,$-5,$-57,$-7,$-77,$-186,$-135,$0,$-5
29,2011-06-30,5.29,$4.43,1.2,$1.98,2.67,$1.26,4.2,$0.17,31.12,$2.60B,$3.00B,0.87,$0.19B,$0.46B,0.43,$0.23B,$0.19B,85.02%,$0.23B,$0.03B,13.22%,$0.23B,0,0.00%,$0.23B,0,0.00%,$0.23B,$0.03B,13.22%,$0.23B,$0.02B,8.81%,$0.02B,$0.50B,4.07%,$0.02B,$0.44B,4.74%,$0.02B,$3.69B,0.55%,$0.03B,$0.70B,4.27%,$53,$8,$45,$0,$24,$32,$21,$0,$21,$7,$14,$14,$13,$0,$0,$114,115,$0.12,$0.11,$287,$0,$0,$2604,$90,$542,$70,$367,$1090,$3694,$2996,$194,$0,$194,$3190,$0,$16,$6,$504,$3694,$26,$3,$-5,$-2,$14,$0,$-7,$19,$26,$51,$-2,$0,$0,$20,$-65,$-45,$90,$44,$-27,$-9,$-36,$0,$0,$-4,$-62,$-102,$-8,$0,$-3
30,2011-03-31,5.08,$4.29,1.18,$1.91,2.65,$1.09,4.64,$0.13,39.07,$2.64B,$3.02B,0.87,$0.20B,$0.44B,0.44,$0.22B,$0.18B,84.02%,$0.22B,$0.02B,10.05%,$0.22B,0,0.00%,$0.22B,0,0.00%,$0.22B,$0.02B,10.05%,$0.22B,$0.02B,6.85%,$0.02B,$0.49B,3.08%,$0.02B,$0.42B,3.57%,$0.02B,$3.70B,0.43%,$0.02B,$0.68B,3.06%,$53,$8,$45,$0,$25,$33,$19,$0,$19,$7,$13,$13,$12,$0,$0,$114,115,$0.11,$0.11,$261,$0,$0,$2639,$90,$510,$70,$373,$1065,$3704,$3021,$195,$0,$195,$3215,$0,$4,$1,$488,$3704,$13,$1,$-2,$-1,$11,$0,$-4,$9,$16,$28,$-1,$0,$0,$27,$-40,$-13,$36,$22,$-27,$-5,$-32,$0,$0,$-2,$-44,$-78,$-28,$0,$-2
31,2010-12-31,4.91,$4.19,1.17,$1.89,2.6,$0.97,5.07,$0.15,32.7,$2.75B,$3.06B,0.9,$0.22B,$0.43B,0.52,$0.22B,$0.18B,83.80%,$0.22B,$0.02B,10.65%,$0.22B,0,0.00%,$0.22B,0,0.00%,$0.22B,$0.02B,10.65%,$0.22B,$0.02B,6.94%,$0.02B,$0.48B,3.09%,$0.02B,$0.41B,3.57%,$0.02B,$3.76B,0.45%,$0.02B,$0.70B,3.09%,$74,$9,$65,$0,$89,$98,$-24,$0,$-24,$-10,$-14,$-14,$-14,$0,$0,$113,114,$-0.13,$-0.13,$315,$0,$0,$2746,$82,$470,$71,$375,$1016,$3763,$3064,$222,$0,$222,$3286,$0,$-6,$0,$477,$3763,$18,$5,$43,$47,$-17,$0,$-8,$17,$-8,$56,$-16,$0,$0,$15,$-46,$-31,$367,$320,$-121,$12,$-109,$2,$2,$-9,$-146,$-262,$114,$0,$-6
32,2010-09-30,4.51,$4.38,1.03,$1.66,2.71,$0.96,4.71,$0.35,13.08,$2.54B,$2.66B,0.96,$0.23B,$0.45B,0.52,$0.18B,$0.15B,81.32%,$0.18B,$0.06B,31.87%,$0.18B,0,0.00%,$0.18B,0,0.00%,$0.18B,$0.06B,31.87%,$0.18B,$0.04B,19.78%,$0.04B,$0.50B,7.47%,$0.04B,$0.43B,8.57%,$0.04B,$3.39B,1.18%,$0.06B,$0.73B,7.60%,$47,$9,$38,$0,$24,$33,$14,$0,$14,$5,$10,$10,$9,$0,$0,$114,115,$0.08,$0.08,$209,$0,$0,$2544,$75,$381,$68,$312,$848,$3392,$2662,$232,$0,$232,$2894,$0,$10,$6,$498,$3392,$31,$4,$3,$7,$-17,$0,$5,$9,$-2,$36,$-8,$0,$0,$14,$-0,$14,$187,$194,$-111,$11,$-100,$1,$1,$-7,$-90,$-195,$35,$0,$-5
33,2010-06-30,5.06,$4.30,1.18,$1.70,2.98,$1.05,4.84,$0.34,14.87,$2.35B,$2.27B,1.03,$0.28B,$0.44B,0.64,$0.18B,$0.14B,80.11%,$0.18B,$0.06B,31.25%,$0.18B,0,0.00%,$0.18B,0,0.00%,$0.18B,$0.06B,31.25%,$0.18B,$0.03B,19.32%,$0.03B,$0.49B,7.25%,$0.03B,$0.43B,8.30%,$0.03B,$3.04B,1.19%,$0.06B,$0.77B,7.09%,$45,$9,$36,$0,$23,$31,$13,$0,$13,$5,$9,$9,$8,$0,$0,$113,114,$0.07,$0.07,$197,$0,$0,$2350,$75,$347,$59,$198,$689,$3039,$2272,$280,$0,$280,$2552,$0,$3,$4,$487,$3039,$22,$4,$0,$4,$-1,$0,$4,$7,$11,$37,$-7,$0,$0,$6,$11,$17,$66,$77,$-52,$1,$-51,$1,$1,$-4,$-44,$-99,$15,$0,$-3
34,2010-03-31,5.32,$4.23,1.26,$1.77,3.0,$0.96,5.53,$0.32,16.64,$2.36B,$2.30B,1.03,$0.30B,$0.43B,0.7,$0.17B,$0.14B,79.07%,$0.17B,$0.05B,29.07%,$0.17B,0,0.00%,$0.17B,0,0.00%,$0.17B,$0.05B,29.07%,$0.17B,$0.03B,18.02%,$0.03B,$0.48B,7.16%,$0.03B,$0.42B,8.31%,$0.03B,$3.08B,1.13%,$0.05B,$0.78B,6.66%,$50,$8,$42,$0,$22,$30,$20,$0,$20,$7,$13,$13,$12,$0,$0,$113,114,$0.11,$0.11,$204,$0,$0,$2362,$70,$364,$61,$211,$716,$3078,$2298,$302,$0,$302,$2600,$0,$64,$1,$478,$3078,$13,$2,$-3,$-1,$-2,$0,$3,$0,$1,$13,$-0,$0,$0,$4,$-9,$-5,$60,$55,$-30,$-7,$-36,$0,$0,$-2,$-9,$-48,$20,$0,$-2
35,2009-12-31,4.83,$4.57,1.06,$1.79,2.69,$0.93,5.17,$0.26,18.7,$2.11B,$1.91B,1.1,$0.31B,$0.42B,0.75,$0.16B,$0.12B,75.46%,$0.16B,$0.04B,23.93%,$0.16B,0,0.00%,$0.16B,0,0.00%,$0.16B,$0.04B,23.93%,$0.16B,$0.03B,15.34%,$0.03B,$0.47B,6.27%,$0.03B,$0.41B,7.39%,$0.03B,$2.69B,0.95%,$0.04B,$0.78B,5.40%,$40,$9,$32,$0,$20,$29,$11,$0,$11,$4,$8,$8,$7,$0,$0,$95,96,$0.06,$0.06,$185,$0,$0,$2106,$71,$322,$59,$113,$579,$2685,$1908,$312,$0,$312,$2220,$0,$52,$0,$465,$2685,$27,$8,$10,$18,$2,$0,$6,$-17,$-10,$35,$-2,$0,$-3,$-4,$38,$35,$-14,$15,$-19,$-51,$-70,$109,$159,$-8,$-12,$69,$119,$-0,$-5
36,2009-09-30,4.38,$4.07,1.08,$1.78,2.46,$0.89,4.95,$0.09,49.53,$2.07B,$1.86B,1.11,$0.33B,$0.40B,0.83,$0.16B,$0.11B,71.70%,$0.16B,$0.01B,6.92%,$0.16B,0,0.00%,$0.16B,0,0.00%,$0.16B,$0.01B,6.92%,$0.16B,$0.01B,5.66%,$0.01B,$0.45B,2.55%,$0.01B,$0.39B,3.07%,$0.01B,$2.63B,0.35%,$0.01B,$0.78B,1.62%,$41,$10,$31,$0,$21,$30,$11,$0,$11,$3,$7,$7,$7,$0,$0,$90,91,$0.07,$0.07,$125,$0,$0,$2067,$71,$317,$60,$104,$564,$2632,$1855,$330,$0,$330,$2185,$0,$46,$2,$447,$2632,$19,$6,$7,$13,$0,$0,$7,$-7,$-0,$32,$-1,$0,$-3,$7,$48,$55,$-34,$17,$-0,$-50,$-51,$95,$145,$-5,$-67,$21,$70,$0,$-4
37,2009-06-30,3.8,$3.92,0.97,$1.82,2.09,$0.73,5.18,$0.09,44.05,$2.02B,$1.91B,1.06,$0.33B,$0.29B,1.11,$0.16B,$0.11B,69.75%,$0.16B,$0.01B,6.17%,$0.16B,0,0.00%,$0.16B,0,0.00%,$0.16B,$0.01B,6.17%,$0.16B,$0.01B,5.56%,$0.01B,$0.34B,2.87%,$0.01B,$0.28B,3.54%,$0.01B,$2.58B,0.35%,$0.01B,$0.67B,1.56%,$41,$10,$31,$0,$23,$33,$8,$0,$8,$2,$5,$5,$5,$0,$0,$88,89,$0.06,$0.06,$78,$0,$0,$2022,$72,$311,$60,$100,$558,$2580,$1911,$325,$0,$325,$2237,$0,$41,$-2,$343,$2580,$12,$4,$4,$8,$-7,$0,$9,$-5,$-3,$17,$-1,$0,$-3,$-24,$48,$24,$-22,$-2,$-5,$-48,$-53,$0,$50,$-4,$-16,$-22,$-8,$-0,$-2
38,2009-03-31,3.97,$3.88,1.02,$1.83,2.17,$0.65,6.08,$0.09,41.89,$2.01B,$1.92B,1.04,$0.33B,$0.29B,1.12,$0.16B,$0.11B,66.87%,$0.16B,$0.01B,6.13%,$0.16B,0,0.00%,$0.16B,0,0.00%,$0.16B,$0.01B,6.13%,$0.16B,$0.01B,6.13%,$0.01B,$0.34B,3.33%,$0.01B,$0.28B,4.15%,$0.01B,$2.59B,0.38%,$0.01B,$0.66B,1.62%,$41,$11,$29,$0,$20,$32,$9,$0,$9,$3,$6,$6,$6,$0,$0,$87,89,$0.07,$0.06,$66,$0,$0,$2005,$73,$336,$61,$95,$582,$2586,$1922,$325,$0,$325,$2247,$0,$37,$-2,$339,$2586,$6,$2,$-0,$2,$-4,$0,$6,$-2,$-0,$8,$-0,$0,$-3,$-8,$22,$15,$-16,$-5,$-5,$-39,$-44,$0,$50,$-1,$-11,$-7,$-4,$-0,$-1
39,2008-12-31,5.34,$3.24,1.65,$1.95,2.74,$0.63,8.49,$0.11,47.17,$1.99B,$1.97B,1.01,$0.33B,$0.28B,1.17,$0.17B,$0.11B,65.52%,$0.17B,$0.01B,6.90%,$0.17B,0,0.00%,$0.17B,0,0.00%,$0.17B,$0.01B,6.90%,$0.17B,$0.01B,6.32%,$0.01B,$0.28B,3.83%,$0.01B,$0.23B,4.83%,$0.01B,$2.58B,0.42%,$0.01B,$0.61B,2.01%,$36,$13,$23,$0,$40,$53,$-17,$0,$-17,$-7,$-9,$-9,$-9,$0,$0,$87,89,$-0.11,$-0.11,$62,$0,$0,$1991,$74,$357,$58,$84,$589,$2580,$1966,$331,$0,$331,$2297,$0,$33,$-3,$283,$2580,$10,$8,$25,$33,$4,$0,$-9,$-3,$-9,$34,$-8,$0,$2,$-5,$112,$107,$-181,$-80,$-4,$-24,$-28,$0,$0,$-4,$77,$45,$-1,$0,$0
40,2008-09-30,5.12,$3.34,1.53,$2.06,2.49,$0.38,13.53,$0.28,18.08,$2.03B,$2.03B,1.0,$0.33B,$0.29B,1.12,$0.18B,$0.12B,64.09%,$0.18B,$0.04B,20.44%,$0.18B,0,0.00%,$0.18B,0,0.00%,$0.18B,$0.04B,20.44%,$0.18B,$0.03B,13.81%,$0.03B,$0.29B,8.94%,$0.03B,$0.23B,11.19%,$0.03B,$2.65B,0.99%,$0.04B,$0.62B,6.37%,$44,$14,$30,$0,$20,$34,$10,$0,$10,$3,$7,$7,$7,$0,$0,$87,89,$0.07,$0.07,$89,$0,$0,$2034,$71,$383,$59,$89,$616,$2651,$2034,$326,$0,$326,$2360,$0,$43,$-5,$291,$2651,$19,$6,$2,$8,$0,$0,$-2,$-6,$-7,$20,$-3,$0,$2,$-25,$87,$61,$-175,$-115,$-9,$-29,$-38,$0,$0,$-3,$142,$101,$6,$0,$-3
41,2008-06-30,4.11,$3.30,1.24,$2.08,1.98,$0.17,24.22,$0.27,15.02,$2.00B,$2.04B,0.98,$0.29B,$0.29B,0.99,$0.18B,$0.11B,61.11%,$0.18B,$0.03B,18.89%,$0.18B,0,0.00%,$0.18B,0,0.00%,$0.18B,$0.03B,18.89%,$0.18B,$0.02B,12.78%,$0.02B,$0.29B,8.57%,$0.02B,$0.23B,10.66%,$0.02B,$2.61B,0.94%,$0.03B,$0.57B,6.12%,$42,$15,$27,$0,$19,$34,$8,$0,$8,$3,$6,$6,$6,$0,$0,$87,89,$0.07,$0.06,$73,$0,$0,$2002,$71,$385,$60,$82,$610,$2612,$2038,$286,$0,$286,$2324,$0,$70,$-3,$288,$2612,$13,$4,$1,$5,$0,$0,$-4,$-3,$-7,$11,$-2,$0,$2,$-5,$89,$85,$-153,$-69,$-49,$-12,$-60,$0,$0,$-2,$131,$68,$11,$0,$-2
42,2008-03-31,3.8,$3.29,1.16,$2.11,1.81,$0.01,0.0,$0.27,14.02,$1.94B,$1.99B,0.98,$0.30B,$0.29B,1.04,$0.18B,$0.11B,58.89%,$0.18B,$0.03B,18.33%,$0.18B,0,0.00%,$0.18B,0,0.00%,$0.18B,$0.03B,18.33%,$0.18B,$0.02B,12.22%,$0.02B,$0.29B,8.59%,$0.02B,$0.23B,10.64%,$0.02B,$2.57B,0.94%,$0.03B,$0.58B,6.26%,$52,$18,$34,$0,$23,$41,$11,$0,$11,$4,$7,$7,$7,$0,$0,$87,89,$0.08,$0.08,$97,$0,$0,$1942,$71,$405,$60,$83,$630,$2571,$1987,$297,$0,$297,$2285,$0,$66,$1,$286,$2571,$7,$2,$-2,$-0,$-0,$0,$3,$-4,$-0,$7,$-1,$0,$2,$-34,$76,$42,$-67,$-25,$-37,$-22,$-60,$0,$0,$-1,$83,$23,$5,$0,$-1
43,2007-12-31,3.81,$3.09,1.24,$2.01,1.9,$-0.09,0.0,$0.25,15.5,$1.65B,$1.74B,0.95,$0.30B,$0.25B,1.17,$0.17B,$0.09B,55.95%,$0.17B,$0.03B,17.26%,$0.17B,0,0.00%,$0.17B,0,0.00%,$0.17B,$0.03B,17.26%,$0.17B,$0.02B,11.90%,$0.02B,$0.25B,8.21%,$0.02B,$0.21B,10.11%,$0.02B,$2.29B,0.89%,$0.03B,$0.55B,6.00%,$43,$18,$25,$0,$17,$35,$8,$0,$8,$2,$5,$5,$5,$0,$0,$82,83,$0.07,$0.06,$55,$0,$0,$1647,$68,$445,$45,$77,$645,$2292,$1742,$296,$0,$296,$2039,$0,$59,$-2,$253,$2292,$20,$6,$1,$7,$-3,$0,$2,$-8,$-9,$18,$-15,$0,$0,$9,$103,$112,$-196,$-99,$100,$-7,$93,$0,$0,$-3,$-15,$76,$-5,$0,$-3
44,2007-09-30,3.95,$3.01,1.31,$2.02,1.96,$-0.04,0.0,$0.24,16.78,$1.61B,$1.75B,0.92,$0.27B,$0.25B,1.1,$0.16B,$0.09B,55.49%,$0.16B,$0.03B,17.07%,$0.16B,0,0.00%,$0.16B,0,0.00%,$0.16B,$0.03B,17.07%,$0.16B,$0.02B,11.59%,$0.02B,$0.25B,7.97%,$0.02B,$0.20B,9.91%,$0.02B,$2.27B,0.85%,$0.03B,$0.52B,6.18%,$43,$19,$24,$0,$16,$35,$7,$0,$7,$2,$5,$5,$5,$0,$0,$82,83,$0.06,$0.06,$60,$0,$0,$1607,$67,$463,$46,$76,$661,$2268,$1750,$271,$0,$271,$2021,$0,$55,$-4,$247,$2268,$15,$5,$0,$5,$-4,$0,$1,$-7,$-10,$11,$-13,$0,$0,$-2,$83,$81,$-149,$-81,$74,$-4,$70,$0,$0,$-2,$-8,$60,$-11,$0,$-2
45,2007-06-30,4.08,$2.91,1.4,$1.96,2.09,$0.03,121.21,$0.23,18.15,$1.58B,$1.78B,0.88,$0.22B,$0.24B,0.92,$0.16B,$0.09B,55.70%,$0.16B,$0.03B,17.09%,$0.16B,0,0.00%,$0.16B,0,0.00%,$0.16B,$0.03B,17.09%,$0.16B,$0.02B,11.39%,$0.02B,$0.24B,7.73%,$0.02B,$0.19B,9.68%,$0.02B,$2.24B,0.82%,$0.03B,$0.46B,6.27%,$42,$18,$23,$0,$16,$35,$7,$0,$7,$2,$5,$5,$5,$0,$0,$82,83,$0.06,$0.06,$64,$0,$0,$1575,$65,$474,$46,$69,$664,$2240,$1781,$220,$0,$220,$2002,$0,$50,$-7,$238,$2240,$10,$3,$1,$4,$-4,$0,$-0,$-5,$-9,$4,$-10,$0,$0,$-1,$67,$65,$-108,$-53,$24,$-17,$7,$0,$0,$-1,$36,$42,$-6,$0,$-1
46,2007-03-31,3.99,$2.89,1.38,$1.95,2.04,$0.12,33.82,$0.22,18.4,$1.53B,$1.79B,0.86,$0.17B,$0.24B,0.73,$0.15B,$0.09B,56.67%,$0.15B,$0.03B,16.67%,$0.15B,0,0.00%,$0.15B,0,0.00%,$0.15B,$0.03B,16.67%,$0.15B,$0.02B,10.67%,$0.02B,$0.24B,7.08%,$0.02B,$0.19B,8.96%,$0.02B,$2.20B,0.75%,$0.03B,$0.41B,6.08%,$40,$18,$22,$0,$16,$34,$7,$0,$7,$2,$5,$5,$5,$0,$0,$82,83,$0.06,$0.06,$72,$0,$0,$1534,$61,$489,$47,$65,$669,$2204,$1794,$172,$0,$172,$1967,$0,$46,$-4,$237,$2204,$5,$1,$0,$2,$-3,$0,$1,$-4,$-5,$1,$-4,$0,$0,$-2,$57,$55,$-57,$-6,$-24,$10,$-14,$0,$0,$-0,$21,$7,$1,$0,$-0
