,Date,Stock Price,Book Value per Share,Price to Book Ratio,TTM Sales per Share,Price to Sales Ratio,TTM FCF per Share,Price to FCF Ratio,TTM Net EPS,PE Ratio,Current Assets,Current Liabilities,Current Ratio,Long Term Debt,Shareholder's Equity_x,Debt to Equity Ratio,TTM Revenue_x,TTM Gross Profit,Gross Margin,TTM Revenue_y,TTM Operating Income,Operating Margin,TTM Revenue_x,TTM EBIT,EBIT Margin,TTM Revenue_y,TTM EBITDA,EBITDA Margin,TTM Revenue_x,TTM Pre-Tax Income,Pre-Tax Margin,TTM Revenue_y,TTM Net Income_x,Net Margin,TTM Net Income_y,Shareholder's Equity_y,Return on Equity,TTM Net Income_x,Tangible Equity,Return on Tangible Equity,TTM Net Income_y,Total Assets,Return on Assets,TTM Net Income,LT Investments & Debt,Return on Investment,revenue,cost-goods-sold,gross-profit,research-development-expenses,selling-general-administrative-expenses,operating-expenses,operating-income,total-non-operating-income-expense,pre-tax-income,total-provision-income-taxes,income-after-taxes,income-from-continuous-operations,net-income,ebitda,ebit,basic-shares-outstanding,shares-outstanding,eps-basic-net-earnings-per-share,eps-earnings-per-share-diluted,cash-on-hand,inventory,other-current-assets,total-current-assets,net-property-plant-equipment,long-term-investments,goodwill-intangible-assets-total,other-long-term-assets,total-long-term-assets,total-assets,total-current-liabilities,long-term-debt,other-non-current-liabilities,total-long-term-liabilities,total-liabilities,common-stock-net,retained-earnings-accumulated-deficit,comprehensive-income,total-share-holder-equity,total-liabilities-share-holders-equity,net-income-loss,total-depreciation-amortization-cash-flow,other-non-cash-items,total-non-cash-items,change-in-accounts-receivable,change-in-inventories,change-in-accounts-payable,change-in-assets-liabilities,total-change-in-assets-liabilities,cash-flow-from-operating-activities,net-change-in-property-plant-equipment,net-change-in-intangible-assets,net-acquisitions-divestitures,net-change-in-short-term-investments,net-change-in-long-term-investments,net-change-in-investments-total,investing-activities-other,cash-flow-from-investing-activities,net-long-term-debt,net-current-debt,debt-issuance-retirement-net-total,net-common-equity-issued-repurchased,net-total-equity-issued-repurchased,total-common-preferred-stock-dividends-paid,financial-activities-other,cash-flow-from-financial-activities,net-cash-flow,stock-based-compensation,common-stock-dividends-paid
0,2018-09-30,166.4,$24.88,6.69,$56.47,2.95,$17.13,9.71,$3.50,47.54,$26.63B,$17.90B,1.49,$14.06B,$18.42B,0.76,$42.92B,$13.59B,31.66%,$42.92B,$7.65B,17.83%,$42.92B,$7.65B,17.83%,$42.92B,$8.80B,20.50%,$42.92B,$7.39B,17.22%,$42.92B,$2.64B,6.14%,$2.64B,$18.42B,14.92%,$2.64B,$-3.97B,-52.93%,$2.64B,$61.93B,4.35%,$7.65B,$32.48B,24.99%,$10762,$7556,$3206,$0,$1524,$9080,$1682,$176,$1858,$-498,$2356,$2356,$2338,$1968,$1682,$742,752,$3.15,$3.11,$11653,$5061,$1346,$26628,$5966,$754,$22388,$5815,$35299,$61927,$17900,$14059,$9200,$25611,$43511,$958,$31110,$-2125,$18416,$61927,$5044,$862,$-950,$-88,$131,$-459,$466,$356,$82,$4875,$-518,$0,$-51,$0,$1752,$1752,$250,$1433,$-1277,$147,$-1130,$-2066,$-2066,$-1669,$1463,$-3402,$2744,$131,$-1669
1,2018-06-30,143.36,$23.93,5.99,$55.28,2.59,$15.52,9.24,$2.14,66.99,$24.78B,$18.02B,1.38,$12.50B,$17.77B,0.7,$42.28B,$13.45B,31.81%,$42.28B,$7.51B,17.77%,$42.28B,$7.51B,17.77%,$42.28B,$8.66B,20.48%,$42.28B,$7.31B,17.29%,$42.28B,$1.64B,3.88%,$1.64B,$17.77B,8.94%,$1.64B,$-4.63B,-37.39%,$1.64B,$59.86B,2.77%,$7.51B,$30.28B,24.49%,$10919,$7613,$3306,$0,$1528,$9141,$1778,$221,$1999,$719,$1280,$1280,$1267,$2066,$1778,$746,755,$1.70,$1.68,$9850,$4792,$1537,$24779,$5968,$897,$22398,$5463,$35081,$59860,$18018,$12504,$8312,$24069,$42087,$958,$30104,$-2222,$17773,$59860,$2705,$576,$-220,$356,$97,$-189,$224,$174,$-142,$2997,$-336,$0,$0,$0,$1721,$1721,$220,$1605,$-1272,$597,$-675,$-1577,$-1577,$-1116,$-118,$-3486,$1023,$90,$-1116
2,2018-03-31,143.09,$23.80,6.01,$53.84,2.66,$14.60,9.8,$2.26,63.31,$25.59B,$18.76B,1.36,$12.74B,$17.77B,0.72,$41.43B,$13.20B,31.85%,$41.43B,$7.33B,17.70%,$41.43B,$7.33B,17.70%,$41.43B,$8.47B,20.43%,$41.43B,$7.09B,17.10%,$41.43B,$1.77B,4.26%,$1.77B,$17.77B,9.27%,$1.77B,$-5.21B,-47.13%,$1.77B,$60.95B,3.04%,$7.33B,$30.51B,23.60%,$10392,$7193,$3199,$0,$1475,$8668,$1724,$185,$1909,$458,$1451,$1451,$1438,$2012,$1724,$751,761,$1.92,$1.89,$10280,$4766,$1763,$25587,$6083,$737,$22982,$5157,$35361,$60948,$18755,$12738,$8399,$24419,$43174,$958,$29395,$-2174,$17774,$60948,$1438,$288,$-140,$148,$-61,$-163,$57,$-43,$-452,$1136,$-138,$0,$0,$0,$1255,$1255,$-123,$994,$-1243,$1347,$104,$-880,$-880,$-556,$-116,$-1448,$838,$52,$-556
3,2017-12-31,151.12,$22.19,6.81,$52.45,2.88,$14.31,10.56,$2.08,72.65,$26.00B,$18.86B,1.38,$12.57B,$16.67B,0.75,$40.53B,$12.96B,31.97%,$40.53B,$7.15B,17.64%,$40.53B,$7.15B,17.64%,$40.53B,$8.27B,20.39%,$40.53B,$6.90B,17.03%,$40.53B,$1.66B,4.08%,$1.66B,$16.67B,8.39%,$1.66B,$-6.11B,-56.42%,$1.66B,$59.47B,2.92%,$7.15B,$29.24B,22.80%,$10843,$6968,$3875,$0,$1406,$8374,$2469,$-847,$1622,$4018,$-2396,$-2396,$-2408,$2752,$2469,$762,772,$-3.15,$-3.11,$10817,$4613,$1706,$26002,$5926,$667,$22773,$3851,$33468,$59470,$18861,$12573,$8190,$23944,$42805,$958,$27481,$-2235,$16665,$59470,$1655,$1115,$2117,$3232,$-682,$-259,$924,$-568,$-563,$5966,$-945,$0,$-82,$0,$-2329,$-2329,$-218,$-3574,$946,$169,$1115,$-2369,$-2369,$-2119,$-143,$-3516,$-784,$176,$-2119
4,2017-09-30,138.96,$27.86,4.99,$51.29,2.71,$13.52,10.28,$6.60,21.06,$24.64B,$18.23B,1.35,$11.45B,$21.23B,0.54,$39.68B,$12.19B,30.72%,$39.68B,$6.30B,15.87%,$39.68B,$6.30B,15.87%,$39.68B,$7.38B,18.61%,$39.68B,$6.71B,16.92%,$39.68B,$5.10B,12.85%,$5.10B,$21.23B,24.92%,$5.10B,$-1.63B,-242.17%,$5.10B,$56.77B,9.21%,$6.30B,$32.68B,19.68%,$10121,$7054,$3067,$0,$1524,$8578,$1543,$235,$1778,$416,$1362,$1362,$1345,$1828,$1543,$762,771,$1.76,$1.74,$10170,$4751,$1136,$24644,$5757,$643,$22855,$2605,$32124,$56768,$18225,$11453,$5029,$17315,$35540,$958,$31247,$-2840,$21228,$56768,$4064,$832,$-385,$447,$-408,$-400,$404,$13,$-679,$3794,$-567,$0,$-72,$0,$-1356,$-1356,$-196,$-2191,$-30,$200,$170,$-872,$-872,$-1554,$-131,$-2387,$-454,$133,$-1554
5,2017-06-30,130.05,$27.02,4.81,$50.82,2.56,$12.83,10.13,$6.45,20.16,$24.06B,$17.98B,1.34,$11.33B,$20.55B,0.55,$39.36B,$12.02B,30.55%,$39.36B,$6.29B,15.97%,$39.36B,$6.29B,15.97%,$39.36B,$7.35B,18.67%,$39.36B,$6.57B,16.68%,$39.36B,$4.99B,12.68%,$4.99B,$20.55B,24.98%,$4.99B,$-2.05B,-197.43%,$4.99B,$55.67B,9.15%,$6.29B,$31.88B,20.24%,$10078,$7024,$3054,$0,$1456,$8480,$1598,$180,$1778,$378,$1400,$1400,$1392,$1874,$1598,$764,774,$1.82,$1.80,$9821,$4651,$1150,$24064,$5718,$570,$22604,$2355,$31604,$55668,$17981,$11329,$4939,$17137,$35118,$958,$30406,$-2837,$20550,$55668,$2718,$547,$-329,$218,$-276,$-298,$314,$-3,$-541,$2387,$-376,$0,$-15,$0,$-488,$-488,$-113,$-992,$-14,$201,$187,$-616,$-616,$-1049,$-105,$-1583,$34,$94,$-1049
6,2017-03-31,121.22,$26.86,4.51,$50.70,2.39,$12.08,10.04,$6.31,19.21,$23.58B,$17.28B,1.37,$11.18B,$20.48B,0.55,$39.27B,$12.14B,30.91%,$39.27B,$6.53B,16.63%,$39.27B,$6.53B,16.63%,$39.27B,$7.58B,19.29%,$39.27B,$6.54B,16.66%,$39.27B,$4.92B,12.53%,$4.92B,$20.48B,25.12%,$4.92B,$-1.94B,-189.87%,$4.92B,$54.78B,9.21%,$6.53B,$31.66B,21.60%,$9492,$6529,$2963,$0,$1422,$7951,$1541,$183,$1724,$392,$1332,$1332,$1326,$1812,$1541,$763,774,$1.74,$1.71,$9595,$4652,$1178,$23580,$5816,$533,$22419,$2094,$31199,$54779,$17281,$11181,$4879,$17023,$34304,$958,$29526,$-2562,$20475,$54779,$1326,$271,$-207,$64,$23,$-286,$115,$-25,$-464,$940,$-144,$0,$0,$0,$-431,$-431,$-29,$-604,$6,$1,$7,$-89,$-89,$-503,$-33,$-618,$-133,$50,$-503
7,2016-12-31,111.87,$25.69,4.35,$50.65,2.21,$11.21,9.98,$6.13,18.25,$23.06B,$16.33B,1.41,$12.18B,$19.55B,0.62,$39.30B,$12.15B,30.92%,$39.30B,$6.68B,17.00%,$39.30B,$6.68B,17.00%,$39.30B,$7.71B,19.62%,$39.30B,$6.45B,16.40%,$39.30B,$4.81B,12.24%,$4.81B,$19.55B,25.23%,$4.81B,$-2.79B,-167.84%,$4.81B,$54.15B,9.19%,$6.68B,$31.73B,22.78%,$9985,$6879,$3106,$0,$1493,$8372,$1613,$-181,$1432,$387,$1045,$1045,$1034,$1870,$1613,$764,775,$1.36,$1.34,$9363,$4366,$1152,$23058,$5793,$587,$22341,$2020,$31088,$54146,$16331,$12182,$5124,$18268,$34599,$958,$28710,$-2714,$19547,$54146,$4809,$1030,$-351,$679,$-547,$-18,$254,$-106,$-184,$5498,$-1074,$0,$-2277,$0,$-273,$-273,$282,$-3342,$6406,$-2464,$3942,$-1670,$-1670,$-1915,$-11,$346,$2388,$184,$-1915
8,2016-09-30,111.28,$25.42,4.38,$50.41,2.21,$11.16,9.97,$6.32,17.61,$21.83B,$18.21B,1.2,$9.61B,$19.37B,0.5,$39.30B,$12.11B,30.82%,$39.30B,$6.80B,17.31%,$39.30B,$6.80B,17.31%,$39.30B,$7.80B,19.84%,$39.30B,$6.67B,16.97%,$39.30B,$4.97B,12.64%,$4.97B,$19.37B,26.46%,$4.97B,$-3.32B,-185.39%,$4.97B,$53.56B,9.72%,$6.80B,$28.98B,24.83%,$9804,$6903,$2901,$0,$1367,$8270,$1534,$98,$1632,$384,$1248,$1248,$1240,$1794,$1534,$764,774,$1.62,$1.60,$6431,$4587,$2189,$21834,$5725,$639,$22693,$2330,$31722,$53556,$18213,$9608,$5183,$15972,$34185,$958,$28190,$-2482,$19371,$53556,$3775,$773,$-319,$454,$-492,$-233,$-18,$0,$-740,$3456,$-745,$0,$-2264,$0,$-425,$-425,$158,$-3276,$4032,$-425,$3607,$-1480,$-1480,$-1410,$-9,$708,$976,$145,$-1410
9,2016-06-30,110.46,$24.90,4.44,$49.93,2.21,$11.30,9.78,$6.32,17.48,$20.38B,$15.91B,1.28,$9.61B,$18.94B,0.51,$39.11B,$12.17B,31.11%,$39.11B,$7.02B,17.96%,$39.11B,$7.02B,17.96%,$39.11B,$7.98B,20.40%,$39.11B,$6.74B,17.24%,$39.11B,$4.99B,12.77%,$4.99B,$18.94B,27.13%,$4.99B,$-2.30B,-469.05%,$4.99B,$51.18B,10.11%,$7.02B,$28.55B,26.99%,$9991,$6821,$3170,$0,$1329,$8150,$1841,$-86,$1755,$428,$1327,$1327,$1319,$2101,$1841,$763,775,$1.73,$1.70,$5045,$4678,$1927,$20380,$6086,$561,$21245,$2581,$30801,$51181,$15911,$9607,$5462,$16328,$32239,$958,$27702,$-2499,$18942,$51181,$2535,$513,$-122,$391,$-357,$-212,$0,$-138,$-999,$1902,$-474,$0,$-1084,$0,$-36,$-36,$52,$-1542,$4003,$-2224,$1779,$-1390,$-1390,$-957,$-253,$-821,$-410,$96,$-957
10,2016-03-31,105.85,$24.11,4.39,$49.36,2.14,$11.25,9.41,$6.17,17.16,$19.53B,$15.66B,1.25,$9.70B,$18.37B,0.53,$38.89B,$11.96B,30.75%,$38.89B,$6.90B,17.75%,$38.89B,$6.90B,17.75%,$38.89B,$7.82B,20.11%,$38.89B,$6.65B,17.10%,$38.89B,$4.87B,12.52%,$4.87B,$18.37B,26.57%,$4.87B,$-3.04B,1120.37%,$4.87B,$50.37B,10.10%,$6.90B,$28.07B,27.69%,$9522,$6547,$2975,$0,$1280,$7827,$1695,$-67,$1628,$402,$1226,$1226,$1216,$1948,$1695,$768,780,$1.58,$1.56,$4473,$4743,$1919,$19532,$6027,$592,$21414,$2482,$30833,$50365,$15659,$9700,$5499,$16334,$31993,$958,$26874,$-2455,$18372,$50365,$1216,$253,$-105,$148,$-208,$-241,$-113,$-54,$-1133,$319,$-193,$0,$-1056,$0,$44,$44,$9,$-1196,$4029,$-2450,$1579,$-1051,$-1051,$-499,$-252,$-223,$-982,$53,$-499
11,2015-12-31,97.28,$23.91,4.07,$48.75,2.0,$11.41,8.52,$6.05,16.08,$20.05B,$18.37B,1.09,$5.55B,$18.42B,0.3,$38.58B,$11.83B,30.67%,$38.58B,$6.83B,17.70%,$38.58B,$6.83B,17.70%,$38.58B,$7.71B,19.99%,$38.58B,$6.59B,17.07%,$38.58B,$4.77B,12.36%,$4.77B,$18.42B,26.27%,$4.77B,$-2.05B,251.54%,$4.77B,$49.32B,10.16%,$6.83B,$23.97B,28.76%,$9982,$6917,$3065,$0,$1332,$8249,$1733,$-80,$1653,$450,$1203,$1203,$1194,$1955,$1733,$780,789,$1.55,$1.52,$5455,$4420,$2103,$20053,$5789,$517,$20472,$2202,$29263,$49316,$18371,$5554,$5599,$12527,$30898,$958,$26147,$-2535,$18418,$49316,$4768,$883,$-26,$857,$201,$230,$-17,$90,$-163,$5519,$-1058,$0,$-5227,$0,$-127,$-127,$-102,$-6514,$-820,$4265,$3445,$-1698,$-1698,$-1726,$16,$37,$-1504,$175,$-1726
12,2015-09-30,88.42,$23.22,3.81,$49.01,1.8,$10.80,8.19,$5.72,15.46,$23.48B,$16.37B,1.44,$5.60B,$17.90B,0.31,$38.87B,$11.47B,29.51%,$38.87B,$6.34B,16.30%,$38.87B,$6.34B,16.30%,$38.87B,$7.22B,18.58%,$38.87B,$6.24B,16.05%,$38.87B,$4.53B,11.66%,$4.53B,$17.90B,25.18%,$4.53B,$3.14B,145.85%,$4.53B,$46.63B,9.86%,$6.34B,$23.50B,26.72%,$9611,$6654,$2957,$0,$1202,$7856,$1755,$-48,$1707,$431,$1276,$1276,$1264,$1974,$1755,$780,790,$1.62,$1.60,$6563,$4441,$3800,$23479,$5451,$471,$14755,$2140,$23146,$46625,$16367,$5599,$5101,$12362,$28729,$958,$25433,$-2373,$17896,$46625,$3574,$661,$57,$718,$52,$-20,$-13,$-111,$-887,$3556,$-682,$0,$-182,$0,$-1651,$-1651,$-69,$-2584,$-100,$2011,$1911,$-1571,$-1571,$-1261,$8,$-913,$-396,$132,$-1261
13,2015-06-30,94.76,$23.79,3.98,$49.56,1.91,$10.42,9.1,$5.59,16.95,$23.18B,$15.57B,1.49,$5.56B,$18.60B,0.3,$39.36B,$11.49B,29.20%,$39.36B,$6.22B,15.79%,$39.36B,$6.22B,15.79%,$39.36B,$7.11B,18.07%,$39.36B,$6.11B,15.52%,$39.36B,$4.43B,11.26%,$4.43B,$18.60B,24.25%,$4.43B,$3.69B,135.00%,$4.43B,$46.41B,9.67%,$6.22B,$24.16B,25.59%,$9775,$6814,$2961,$0,$1242,$8056,$1719,$-57,$1662,$440,$1222,$1222,$1194,$1945,$1719,$783,793,$1.52,$1.51,$5954,$4447,$3883,$23180,$5381,$491,$14904,$2091,$23232,$46412,$15574,$5562,$5199,$12241,$27815,$958,$24585,$-1969,$18597,$46412,$2310,$442,$-25,$417,$-250,$-25,$-24,$-38,$-1001,$1829,$-405,$0,$-183,$0,$-1807,$-1807,$-150,$-2545,$-43,$1129,$1086,$-361,$-361,$-851,$56,$-70,$-1005,$91,$-851
14,2015-03-31,96.46,$22.61,4.27,$50.12,1.92,$10.66,9.05,$5.46,17.67,$22.27B,$15.43B,1.44,$5.66B,$17.68B,0.32,$39.84B,$11.49B,28.84%,$39.84B,$6.08B,15.26%,$39.84B,$6.08B,15.26%,$39.84B,$6.98B,17.52%,$39.84B,$5.97B,14.99%,$39.84B,$4.34B,10.89%,$4.34B,$17.68B,23.66%,$4.34B,$2.80B,135.22%,$4.34B,$45.36B,9.45%,$6.08B,$23.34B,24.65%,$9213,$6362,$2851,$0,$1230,$7592,$1621,$-57,$1564,$418,$1146,$1146,$1116,$1837,$1621,$784,794,$1.42,$1.41,$6575,$4507,$2376,$22272,$5300,$464,$14875,$2117,$23085,$45357,$15432,$5661,$5224,$12248,$27680,$958,$23811,$-2099,$17677,$45357,$1116,$216,$29,$245,$-170,$-86,$-112,$58,$-838,$421,$-164,$0,$-183,$0,$-395,$-395,$-178,$-920,$-32,$1052,$1020,$-285,$-285,$-415,$47,$367,$-384,$52,$-415
15,2014-12-31,91.95,$22.74,4.04,$50.67,1.81,$10.97,8.39,$5.33,17.25,$22.19B,$14.77B,1.5,$6.05B,$17.78B,0.34,$40.31B,$11.35B,28.16%,$40.31B,$5.83B,14.47%,$40.31B,$5.83B,14.47%,$40.31B,$6.76B,16.76%,$40.31B,$5.82B,14.43%,$40.31B,$4.24B,10.52%,$4.24B,$17.78B,23.00%,$4.24B,$2.79B,134.57%,$4.24B,$45.45B,9.21%,$5.83B,$23.83B,23.29%,$10266,$7566,$2700,$0,$1460,$9026,$1240,$64,$1304,$329,$975,$975,$956,$1466,$1240,$784,795,$1.21,$1.20,$6959,$4405,$2145,$22191,$5383,$465,$14996,$2012,$23260,$45451,$14773,$6046,$5482,$12894,$27667,$958,$23115,$-1459,$17784,$45451,$4239,$924,$-48,$876,$-172,$-200,$307,$120,$236,$5080,$-1076,$0,$156,$0,$-786,$-786,$-170,$-1876,$-512,$309,$-203,$-659,$-659,$-1510,$44,$-2328,$537,$187,$-1510
16,2014-09-30,85.24,$24.35,3.5,$50.79,1.68,$10.20,8.36,$5.32,16.02,$22.36B,$13.95B,1.6,$6.76B,$19.06B,0.36,$40.43B,$11.42B,28.26%,$40.43B,$5.93B,14.66%,$40.43B,$5.93B,14.66%,$40.43B,$6.88B,17.01%,$40.43B,$5.95B,14.73%,$40.43B,$4.23B,10.46%,$4.23B,$19.06B,23.02%,$4.23B,$3.85B,143.01%,$4.23B,$46.18B,9.20%,$5.93B,$25.82B,23.55%,$10108,$7128,$2980,$0,$1344,$8472,$1636,$-56,$1580,$388,$1192,$1192,$1167,$1863,$1636,$785,795,$1.49,$1.47,$6428,$4485,$2336,$22358,$5189,$447,$15211,$2781,$23823,$46181,$13947,$6760,$4361,$13171,$27118,$958,$22576,$281,$19063,$46181,$3283,$698,$112,$810,$-529,$-279,$154,$181,$-624,$3262,$-668,$0,$153,$0,$-1015,$-1015,$-109,$-1639,$-528,$545,$17,$-483,$-483,$-1101,$64,$-1503,$6,$143,$-1101
17,2014-06-30,84.68,$24.05,3.52,$50.17,1.69,$9.60,8.82,$5.09,16.64,$22.45B,$14.32B,1.57,$6.84B,$18.82B,0.36,$39.97B,$11.15B,27.90%,$39.97B,$5.76B,14.40%,$39.97B,$5.76B,14.40%,$39.97B,$6.72B,16.81%,$39.97B,$5.76B,14.40%,$39.97B,$4.05B,10.14%,$4.05B,$18.82B,23.32%,$4.05B,$3.39B,224.17%,$4.05B,$46.60B,8.90%,$5.76B,$25.66B,24.04%,$10253,$7296,$2957,$0,$1375,$8671,$1582,$-59,$1523,$397,$1126,$1126,$1099,$1815,$1582,$785,795,$1.40,$1.38,$6582,$4511,$2207,$22453,$5316,$488,$15427,$2736,$24143,$46596,$14324,$6839,$4654,$13455,$27779,$958,$21773,$837,$18817,$46596,$2116,$471,$38,$509,$-425,$-222,$100,$132,$-663,$2029,$-410,$0,$-1,$0,$-781,$-781,$-13,$-1205,$-561,$944,$383,$-390,$-390,$-736,$49,$-694,$160,$102,$-736
18,2014-03-31,84.09,$23.04,3.65,$49.43,1.7,$9.15,9.19,$4.99,16.85,$21.53B,$14.35B,1.5,$6.80B,$18.04B,0.38,$39.41B,$10.86B,27.55%,$39.41B,$5.56B,14.10%,$39.41B,$5.56B,14.10%,$39.41B,$6.54B,16.59%,$39.41B,$5.56B,14.12%,$39.41B,$3.98B,10.09%,$3.98B,$18.04B,24.63%,$3.98B,$2.57B,596.18%,$3.98B,$45.78B,8.94%,$5.56B,$24.85B,24.78%,$9679,$6967,$2712,$0,$1339,$8306,$1373,$38,$1411,$375,$1036,$1036,$1017,$1611,$1373,$785,796,$1.30,$1.28,$6672,$4407,$1531,$21531,$5284,$465,$15473,$2807,$24246,$45777,$14353,$6804,$4646,$13381,$27734,$958,$21039,$748,$18043,$45777,$1017,$238,$-77,$161,$-154,$-115,$-41,$236,$-466,$688,$-185,$0,$0,$0,$-221,$-221,$61,$-345,$-577,$1090,$513,$-228,$-228,$-363,$30,$-48,$250,$52,$-363
19,2013-12-31,82.43,$22.43,3.68,$48.98,1.68,$8.76,9.41,$4.92,16.75,$21.16B,$14.18B,1.49,$6.80B,$17.58B,0.39,$39.06B,$10.69B,27.37%,$39.06B,$5.50B,14.09%,$39.06B,$5.50B,14.09%,$39.06B,$6.49B,16.62%,$39.06B,$5.41B,13.86%,$39.06B,$3.92B,10.05%,$3.92B,$17.58B,26.14%,$3.92B,$2.02B,-1376.84%,$3.92B,$45.44B,9.03%,$5.50B,$24.38B,26.13%,$10387,$7612,$2775,$0,$1438,$9050,$1337,$102,$1439,$475,$964,$964,$947,$1586,$1337,$786,797,$1.20,$1.19,$6422,$4293,$1671,$21164,$5278,$393,$15560,$2672,$24271,$45435,$14181,$6801,$4884,$13675,$27856,$958,$20383,$818,$17579,$45435,$3924,$989,$-292,$697,$-365,$41,$352,$-421,$-594,$4335,$-932,$0,$-1130,$0,$-98,$-98,$201,$-1959,$456,$930,$1386,$-626,$-626,$-1353,$160,$-433,$1788,$170,$-1353
20,2013-09-30,74.53,$19.21,3.88,$48.05,1.55,$7.82,9.53,$4.05,18.4,$19.30B,$14.66B,1.32,$5.79B,$15.07B,0.38,$38.25B,$9.82B,25.66%,$38.25B,$4.54B,11.87%,$38.25B,$4.54B,11.87%,$38.25B,$5.53B,14.45%,$38.25B,$4.28B,11.19%,$38.25B,$3.23B,8.44%,$3.23B,$15.07B,23.25%,$3.23B,$-0.75B,-259.90%,$3.23B,$44.41B,7.59%,$4.54B,$20.86B,22.91%,$9647,$6942,$2705,$0,$1242,$8184,$1463,$-79,$1384,$377,$1007,$1007,$990,$1708,$1463,$786,797,$1.26,$1.24,$5499,$4455,$693,$19304,$5107,$830,$15820,$1888,$25102,$44406,$14663,$5789,$7006,$14670,$29333,$958,$19796,$-1211,$15073,$44406,$2977,$740,$-127,$613,$-382,$-94,$-32,$-28,$-958,$2667,$-540,$0,$-1063,$0,$-55,$-55,$104,$-1554,$-577,$1717,$1140,$-407,$-407,$-995,$129,$-133,$865,$129,$-995
21,2013-06-30,70.86,$17.66,4.01,$47.73,1.48,$7.15,9.91,$4.01,17.67,$17.85B,$13.48B,1.32,$5.78B,$13.86B,0.42,$37.94B,$9.65B,25.42%,$37.94B,$4.37B,11.53%,$37.94B,$4.37B,11.53%,$37.94B,$5.34B,14.07%,$37.94B,$4.12B,10.86%,$37.94B,$3.19B,8.40%,$3.19B,$13.86B,23.76%,$3.19B,$-1.18B,-245.28%,$3.19B,$42.17B,7.64%,$4.37B,$19.64B,22.42%,$9693,$7027,$2666,$0,$1281,$8308,$1385,$-56,$1329,$307,$1022,$1022,$1021,$1632,$1385,$788,798,$1.30,$1.28,$4549,$4295,$680,$17849,$4997,$756,$15033,$1830,$24317,$42166,$13480,$5779,$6935,$14828,$28308,$958,$19135,$-1767,$13858,$42166,$1987,$495,$-60,$435,$-195,$-36,$-30,$4,$-691,$1597,$-338,$0,$-460,$0,$-84,$-84,$19,$-863,$-588,$821,$233,$-299,$-299,$-665,$81,$-650,$-85,$91,$-665
22,2013-03-31,66.95,$17.20,3.89,$47.52,1.41,$6.61,10.13,$3.87,17.3,$17.68B,$13.11B,1.35,$5.79B,$13.53B,0.43,$37.69B,$9.49B,25.19%,$37.69B,$4.28B,11.35%,$37.69B,$4.28B,11.35%,$37.69B,$5.22B,13.85%,$37.69B,$4.01B,10.65%,$37.69B,$3.07B,8.14%,$3.07B,$13.53B,23.65%,$3.07B,$-1.24B,-201.15%,$3.07B,$41.80B,7.44%,$4.28B,$19.32B,22.27%,$9328,$6783,$2545,$0,$1229,$8012,$1316,$-56,$1260,$291,$969,$969,$966,$1564,$1316,$786,797,$1.23,$1.21,$4539,$4297,$588,$17681,$4948,$738,$14770,$1821,$24119,$41800,$13111,$5787,$7196,$15156,$28267,$958,$18442,$-1656,$13533,$41800,$966,$248,$-83,$165,$-142,$-51,$-295,$18,$-757,$341,$-148,$0,$-122,$0,$-8,$-8,$-33,$-311,$-593,$808,$215,$25,$25,$-322,$24,$-58,$-95,$54,$-322
23,2012-12-31,56.06,$16.69,3.36,$47.63,1.18,$6.42,8.73,$3.70,15.15,$17.60B,$13.05B,1.35,$6.40B,$13.07B,0.49,$37.67B,$9.37B,24.89%,$37.67B,$4.16B,11.03%,$37.67B,$4.16B,11.03%,$37.67B,$5.08B,13.49%,$37.67B,$3.88B,10.29%,$37.67B,$2.93B,7.77%,$2.93B,$13.07B,23.31%,$2.93B,$-1.81B,-159.15%,$2.93B,$41.85B,7.16%,$4.16B,$19.46B,21.99%,$9581,$7681,$1900,$0,$1523,$9204,$377,$-71,$306,$51,$255,$255,$251,$622,$377,$782,792,$0.32,$0.31,$4634,$4235,$631,$17598,$5001,$623,$14874,$1868,$24255,$41853,$13045,$6395,$7205,$15743,$28788,$958,$17799,$-1339,$13065,$41853,$2926,$926,$15,$941,$-119,$25,$-13,$-78,$-458,$3517,$-879,$0,$-417,$0,$-143,$-143,$11,$-1428,$101,$-177,$-76,$25,$25,$-1211,$56,$-1206,$936,$170,$-1211
24,2012-09-30,52.41,$16.87,3.11,$47.50,1.1,$5.67,9.25,$2.98,17.59,$17.75B,$12.71B,1.4,$6.39B,$13.22B,0.48,$37.56B,$8.51B,22.66%,$37.56B,$3.20B,8.52%,$37.56B,$3.20B,8.52%,$37.56B,$4.14B,11.01%,$37.56B,$2.91B,7.75%,$37.56B,$2.37B,6.30%,$2.37B,$13.22B,19.69%,$2.37B,$-0.98B,-105.37%,$2.37B,$41.07B,5.86%,$3.20B,$19.61B,17.32%,$9342,$6808,$2534,$0,$1238,$8046,$1296,$-72,$1224,$278,$946,$946,$950,$1522,$1296,$784,793,$1.21,$1.20,$4760,$4314,$711,$17746,$4830,$600,$14197,$1935,$23328,$41074,$12713,$6391,$6726,$15142,$27855,$958,$17877,$-1294,$13219,$41074,$2675,$681,$-384,$297,$-160,$-53,$-220,$-77,$-843,$2168,$-584,$0,$-44,$0,$-195,$-195,$-42,$-865,$86,$319,$405,$179,$179,$-880,$28,$-268,$1062,$131,$-880
25,2012-06-30,48.67,$15.48,3.14,$47.53,1.02,$4.81,10.13,$2.88,16.9,$16.64B,$12.81B,1.3,$6.34B,$12.08B,0.53,$37.51B,$8.24B,21.97%,$37.51B,$2.87B,7.64%,$37.51B,$2.87B,7.64%,$37.51B,$3.80B,10.13%,$37.51B,$2.58B,6.88%,$37.51B,$2.28B,6.07%,$2.28B,$12.08B,19.55%,$2.28B,$-2.08B,-88.82%,$2.28B,$40.17B,5.70%,$2.87B,$18.43B,15.72%,$9435,$6922,$2513,$0,$1226,$8148,$1287,$-64,$1223,$318,$905,$905,$902,$1512,$1287,$781,791,$1.15,$1.14,$4221,$4342,$562,$16644,$4735,$566,$14162,$1903,$23530,$40174,$12812,$6342,$6891,$15279,$28091,$958,$17222,$-1637,$12083,$40174,$1725,$455,$-248,$207,$-20,$-78,$-191,$-15,$-659,$1169,$-351,$0,$-46,$0,$-87,$-87,$-59,$-543,$42,$360,$402,$116,$116,$-582,$16,$-48,$523,$91,$-582
26,2012-03-31,52.87,$15.20,3.48,$46.99,1.13,$4.28,12.34,$2.76,19.16,$16.55B,$12.67B,1.31,$6.27B,$11.84B,0.53,$37.16B,$8.15B,21.94%,$37.16B,$2.75B,7.41%,$37.16B,$2.75B,7.41%,$37.16B,$3.70B,9.95%,$37.16B,$2.46B,6.61%,$37.16B,$2.19B,5.88%,$2.19B,$11.84B,18.72%,$2.19B,$-2.49B,-88.91%,$2.19B,$40.37B,5.49%,$2.75B,$18.11B,14.98%,$9307,$6880,$2427,$0,$1231,$8111,$1196,$-74,$1122,$297,$825,$825,$823,$1426,$1196,$777,788,$1.06,$1.04,$3988,$4368,$501,$16553,$4814,$533,$14330,$2079,$23817,$40370,$12666,$6269,$7486,$15862,$28528,$958,$16613,$-1182,$11842,$40370,$823,$230,$-64,$166,$-40,$-108,$-203,$-28,$-786,$196,$-151,$0,$-1,$0,$8,$8,$22,$-122,$2,$356,$358,$90,$90,$-291,$12,$169,$290,$51,$-291
27,2011-12-31,46.48,$14.07,3.3,$46.05,1.01,$3.52,13.22,$2.60,17.88,$16.13B,$12.28B,1.31,$6.88B,$10.90B,0.63,$36.53B,$7.97B,21.83%,$36.53B,$2.57B,7.05%,$36.53B,$2.57B,7.05%,$36.53B,$3.53B,9.67%,$36.53B,$2.28B,6.25%,$36.53B,$2.07B,5.66%,$2.07B,$10.90B,17.72%,$2.07B,$-3.43B,-84.43%,$2.07B,$39.81B,5.24%,$2.57B,$17.78B,13.92%,$9473,$8435,$1038,$0,$1616,$10051,$-578,$-79,$-657,$-350,$-307,$-307,$-310,$-325,$-578,$781,792,$-0.39,$-0.39,$3698,$4264,$484,$16134,$4804,$494,$14335,$1909,$23674,$39808,$12275,$6881,$7657,$16631,$28906,$958,$16083,$-1444,$10902,$39808,$2067,$957,$-352,$605,$-316,$-310,$527,$25,$-128,$2833,$-792,$0,$183,$0,$-26,$-26,$24,$-611,$418,$298,$716,$-781,$-781,$-1091,$42,$-1114,$1048,$168,$-1091
28,2011-09-30,37.29,$15.21,2.45,$44.98,0.83,$5.50,6.77,$3.47,10.75,$17.04B,$12.86B,1.33,$6.88B,$11.77B,0.59,$35.57B,$8.72B,24.51%,$35.57B,$3.67B,10.31%,$35.57B,$3.67B,10.31%,$35.57B,$4.64B,13.05%,$35.57B,$3.37B,9.48%,$35.57B,$2.75B,7.72%,$2.75B,$11.77B,23.60%,$2.75B,$-2.25B,-117.04%,$2.75B,$39.45B,7.05%,$3.67B,$18.65B,20.17%,$9298,$7033,$2265,$0,$1303,$8336,$962,$-69,$893,$207,$686,$686,$862,$1188,$962,$778,787,$1.11,$1.10,$3885,$4369,$607,$17044,$4725,$465,$14021,$2134,$22401,$39445,$12859,$6880,$6048,$14819,$27678,$958,$16686,$-1122,$11767,$39445,$2377,$704,$-1348,$-644,$-433,$-440,$365,$-53,$-433,$1356,$-463,$0,$543,$0,$-34,$-34,$67,$113,$950,$397,$1347,$-777,$-777,$-796,$31,$-195,$1235,$129,$-796
29,2011-06-30,50.25,$15.57,3.23,$43.56,1.15,$7.97,6.31,$3.01,16.69,$17.39B,$12.11B,1.44,$6.79B,$12.18B,0.56,$34.41B,$8.42B,24.48%,$34.41B,$3.55B,10.30%,$34.41B,$3.55B,10.30%,$34.41B,$4.54B,13.18%,$34.41B,$3.30B,9.59%,$34.41B,$2.48B,7.21%,$2.48B,$12.18B,21.94%,$2.48B,$-1.66B,-91.04%,$2.48B,$39.65B,6.43%,$3.55B,$18.97B,20.02%,$9086,$6664,$2422,$0,$1248,$7912,$1174,$-74,$1100,$304,$796,$796,$810,$1410,$1174,$785,797,$1.03,$1.02,$3548,$4197,$1371,$17386,$4718,$516,$13839,$2076,$22264,$39650,$12111,$6790,$6493,$15355,$27466,$958,$16085,$-536,$12184,$39650,$1515,$478,$-857,$-379,$-537,$-389,$260,$-23,$-581,$695,$-286,$0,$207,$0,$-53,$-53,$58,$-74,$945,$49,$994,$-304,$-304,$-530,$30,$190,$898,$91,$-530
30,2011-03-31,50.07,$15.01,3.34,$42.36,1.18,$9.58,5.23,$2.59,19.33,$16.03B,$11.77B,1.36,$6.76B,$11.81B,0.57,$33.25B,$7.96B,23.94%,$33.25B,$3.22B,9.69%,$33.25B,$3.22B,9.69%,$33.25B,$4.22B,12.68%,$33.25B,$2.97B,8.92%,$33.25B,$2.24B,6.73%,$2.24B,$11.81B,21.22%,$2.24B,$-2.45B,-71.65%,$2.24B,$38.90B,5.93%,$3.22B,$18.57B,19.16%,$8672,$6424,$2248,$0,$1232,$7656,$1016,$-70,$946,$256,$690,$690,$705,$1258,$1016,$786,798,$0.90,$0.88,$3076,$4290,$582,$16031,$4832,$476,$14261,$2070,$22871,$38902,$11770,$6763,$6427,$15322,$27092,$958,$15538,$-687,$11810,$38902,$705,$242,$-912,$-670,$-172,$-330,$-4,$-14,$-586,$-443,$-123,$0,$210,$0,$-102,$-102,$31,$16,$944,$-8,$936,$101,$101,$-264,$13,$786,$426,$49,$-264
31,2010-12-31,44.32,$13.78,3.22,$41.57,1.07,$11.16,3.97,$2.21,20.05,$15.49B,$11.72B,1.32,$5.76B,$10.79B,0.53,$32.35B,$7.63B,23.58%,$32.35B,$3.01B,9.31%,$32.35B,$3.01B,9.31%,$32.35B,$4.00B,12.36%,$32.35B,$2.72B,8.41%,$32.35B,$2.02B,6.25%,$2.02B,$10.79B,20.48%,$2.02B,$-3.03B,-60.29%,$2.02B,$37.83B,5.46%,$3.01B,$16.54B,18.82%,$8509,$6726,$1783,$0,$1268,$7994,$515,$-84,$431,$105,$326,$326,$369,$786,$515,$774,781,$0.47,$0.47,$2650,$3822,$1296,$15486,$4724,$616,$13812,$1975,$22348,$37834,$11724,$5755,$7455,$15323,$27047,$958,$15097,$-1067,$10787,$37834,$2022,$987,$1041,$2028,$-688,$-300,$592,$-26,$126,$4203,$-637,$0,$-1296,$0,$-341,$-341,$5,$-2269,$-1332,$21,$-1311,$195,$195,$-944,$13,$-2047,$-151,$164,$-944
32,2010-09-30,36.41,$13.42,2.71,$40.09,0.91,$11.05,3.29,$2.65,13.74,$15.16B,$11.55B,1.31,$6.27B,$10.47B,0.6,$30.96B,$6.94B,22.41%,$30.96B,$2.53B,8.18%,$30.96B,$2.53B,8.18%,$30.96B,$3.50B,11.29%,$30.96B,$2.29B,7.39%,$30.96B,$1.75B,5.64%,$1.75B,$10.47B,18.54%,$1.75B,$-3.77B,-49.58%,$1.75B,$38.12B,4.78%,$2.53B,$16.73B,16.16%,$8139,$6170,$1969,$0,$1129,$7299,$840,$-18,$822,$245,$577,$577,$598,$1082,$840,$777,783,$0.77,$0.76,$2640,$4027,$593,$15163,$4738,$601,$14240,$1966,$22956,$38119,$11546,$6265,$7603,$16107,$27653,$958,$18130,$-4282,$10466,$38119,$1653,$716,$1084,$1800,$-569,$-356,$329,$-46,$-198,$3158,$-343,$0,$-1318,$0,$-341,$-341,$22,$-1980,$-1330,$617,$-713,$111,$111,$-704,$5,$-1301,$-161,$123,$-704
33,2010-06-30,32.11,$11.82,2.72,$39.77,0.81,$10.44,3.07,$2.81,11.43,$14.92B,$10.69B,1.4,$6.25B,$9.13B,0.69,$30.52B,$6.87B,22.51%,$30.52B,$2.56B,8.40%,$30.52B,$2.56B,8.40%,$30.52B,$3.52B,11.55%,$30.52B,$2.26B,7.42%,$30.52B,$1.76B,5.75%,$1.76B,$9.13B,19.09%,$1.76B,$-3.24B,-52.02%,$1.76B,$36.09B,4.88%,$2.56B,$15.38B,16.58%,$7926,$5967,$1959,$0,$1110,$7077,$849,$-82,$767,$209,$558,$558,$566,$1090,$849,$770,777,$0.74,$0.73,$2451,$3596,$1460,$14924,$4535,$544,$12372,$1940,$21167,$36091,$10687,$6254,$7895,$16276,$26963,$958,$17867,$-5031,$9128,$36091,$1055,$474,$621,$1095,$-188,$-131,$97,$-3,$-123,$1833,$-183,$0,$-996,$0,$-301,$-301,$-12,$-1492,$-1001,$862,$-139,$55,$55,$-464,$4,$-544,$-350,$86,$-464
34,2010-03-31,36.99,$11.88,3.11,$39.66,0.93,$10.00,3.7,$2.81,13.16,$14.33B,$11.10B,1.29,$6.25B,$9.10B,0.69,$30.16B,$6.80B,22.53%,$30.16B,$2.51B,8.33%,$30.16B,$2.51B,8.33%,$30.16B,$3.47B,11.50%,$30.16B,$2.12B,7.04%,$30.16B,$1.64B,5.44%,$1.64B,$9.10B,18.11%,$1.64B,$-3.37B,-46.61%,$1.64B,$36.03B,4.59%,$2.51B,$15.35B,16.42%,$7776,$5858,$1918,$0,$1111,$6969,$807,$-105,$702,$206,$496,$496,$489,$1040,$807,$766,772,$0.63,$0.63,$2851,$3568,$706,$14333,$4697,$586,$12476,$1961,$21693,$36026,$11101,$6246,$7458,$15821,$26922,$958,$17635,$-4543,$9104,$36026,$489,$233,$140,$373,$90,$-122,$-80,$-28,$-23,$743,$-69,$0,$0,$0,$-296,$-296,$-16,$-381,$-1001,$949,$-52,$32,$32,$-231,$2,$-249,$50,$50,$-231
35,2009-12-31,31.79,$11.74,2.71,$39.82,0.8,$9.45,3.36,$2.85,11.15,$13.94B,$11.15B,1.25,$6.25B,$8.97B,0.7,$29.95B,$6.69B,22.34%,$29.95B,$2.37B,7.91%,$29.95B,$2.37B,7.91%,$29.95B,$3.33B,11.10%,$29.95B,$1.96B,6.56%,$29.95B,$1.55B,5.17%,$1.55B,$8.97B,17.88%,$1.55B,$-3.70B,-39.88%,$1.55B,$35.99B,4.38%,$2.37B,$15.22B,15.88%,$7115,$6025,$1090,$0,$1053,$7078,$37,$-40,$-3,$-53,$50,$50,$93,$283,$37,$753,756,$0.12,$0.11,$2801,$3446,$381,$13936,$4847,$579,$12668,$1957,$22057,$35993,$11147,$6246,$7493,$15875,$27022,$958,$14023,$-948,$8971,$35993,$1548,$957,$730,$1687,$360,$475,$-169,$-43,$450,$3946,$-578,$0,$-467,$0,$-23,$-23,$-65,$-1133,$382,$-1654,$-1272,$37,$37,$-918,$1,$-2152,$736,$118,$-918
36,2009-09-30,29.89,$12.57,2.38,$42.12,0.71,$8.97,3.33,$2.91,10.27,$13.89B,$11.03B,1.26,$6.26B,$9.60B,0.65,$31.55B,$4.67B,14.79%,$31.55B,$0.12B,0.38%,$31.55B,$0.12B,0.38%,$31.55B,$1.04B,3.30%,$31.55B,$-0.34B,-1.07%,$31.55B,$0.18B,0.56%,$0.18B,$9.60B,2.14%,$0.18B,$-3.19B,-4.14%,$0.18B,$35.77B,0.50%,$0.12B,$15.85B,0.83%,$7700,$5797,$1903,$0,$1034,$6831,$869,$-71,$798,$179,$619,$619,$608,$1111,$869,$761,764,$0.80,$0.80,$2604,$3576,$342,$13886,$4828,$471,$12785,$2105,$21887,$35773,$11034,$6256,$6604,$15144,$26178,$958,$17021,$-3251,$9595,$35773,$1455,$711,$338,$1049,$202,$350,$-605,$-49,$-163,$2615,$-331,$0,$-467,$0,$1,$1,$-53,$-850,$384,$-1048,$-664,$20,$20,$-684,$0,$-1328,$539,$95,$-684
37,2009-06-30,25.05,$11.38,2.2,$44.62,0.56,$8.74,2.87,$3.08,8.13,$13.72B,$11.00B,1.25,$6.25B,$8.56B,0.73,$33.12B,$4.56B,13.77%,$33.12B,$-0.26B,-0.78%,$33.12B,$-0.26B,-0.78%,$33.12B,$0.67B,2.01%,$33.12B,$-0.10B,-0.30%,$33.12B,$0.29B,0.87%,$0.29B,$8.56B,3.49%,$0.29B,$-3.82B,-6.83%,$0.29B,$35.14B,0.81%,$-0.26B,$14.81B,-1.81%,$7566,$5682,$1884,$0,$1084,$6766,$800,$-174,$626,$166,$460,$460,$450,$1035,$800,$748,750,$0.60,$0.60,$2606,$3593,$289,$13718,$4795,$463,$12377,$1960,$21419,$35137,$10995,$6251,$7068,$15581,$26576,$958,$16646,$-3512,$8561,$35137,$847,$469,$284,$753,$342,$254,$-641,$8,$-419,$1467,$-209,$0,$-28,$0,$1,$1,$-48,$-284,$995,$-1226,$-231,$9,$9,$-452,$0,$-674,$541,$77,$-452
38,2009-03-31,22.02,$10.08,2.18,$47.37,0.46,$9.02,2.44,$3.44,6.4,$12.78B,$10.94B,1.17,$6.27B,$7.50B,0.84,$35.23B,$5.03B,14.27%,$35.23B,$0.00B,0.01%,$35.23B,$0.00B,0.01%,$35.23B,$0.92B,2.62%,$35.23B,$0.26B,0.75%,$35.23B,$0.56B,1.59%,$0.56B,$7.50B,6.48%,$0.56B,$-4.82B,-15.43%,$0.56B,$34.36B,1.56%,$0.00B,$13.77B,0.01%,$7570,$5756,$1814,$0,$1152,$6908,$662,$-119,$543,$144,$399,$399,$397,$896,$662,$738,739,$0.54,$0.54,$2052,$3797,$331,$12781,$4777,$622,$12324,$1971,$21576,$34357,$10938,$6266,$7155,$15918,$26856,$958,$16424,$-4049,$7501,$34357,$397,$234,$285,$519,$461,$49,$-629,$-31,$-433,$341,$-101,$0,$-20,$0,$1,$1,$-6,$-126,$995,$-925,$70,$4,$4,$-224,$0,$-150,$-13,$42,$-224
39,2008-12-31,25.7,$9.90,2.6,$48.95,0.52,$9.47,2.71,$3.75,6.85,$13.26B,$12.29B,1.08,$5.87B,$7.27B,0.81,$36.56B,$5.44B,14.88%,$36.56B,$0.31B,0.84%,$36.56B,$0.31B,0.84%,$36.56B,$1.21B,3.31%,$36.56B,$0.60B,1.64%,$36.56B,$0.81B,2.20%,$0.81B,$7.27B,8.78%,$0.81B,$-5.18B,-29.85%,$0.81B,$35.49B,2.23%,$0.31B,$13.13B,2.00%,$8712,$9647,$-935,$0,$1276,$10923,$-2211,$-95,$-2306,$-1034,$-1272,$-1272,$-1279,$-2001,$-2211,$737,744,$-1.73,$-1.70,$2065,$3848,$299,$13263,$4934,$670,$12452,$2036,$22227,$35490,$12289,$5865,$7570,$15932,$28221,$958,$16250,$0,$7269,$35490,$806,$903,$2038,$2941,$392,$-161,$-152,$25,$-37,$3791,$-831,$0,$-1272,$0,$12,$12,$68,$-2023,$1059,$-326,$733,$-1313,$-1313,$-811,$21,$-1370,$236,$128,$-811
40,2008-09-30,32.18,$13.13,2.45,$49.21,0.65,$9.67,3.33,$3.69,8.72,$15.00B,$13.61B,1.1,$5.96B,$9.54B,0.63,$37.12B,$8.64B,23.26%,$37.12B,$3.58B,9.63%,$37.12B,$3.58B,9.63%,$37.12B,$4.49B,12.09%,$37.12B,$3.86B,10.40%,$37.12B,$2.77B,7.47%,$2.77B,$9.54B,28.70%,$2.77B,$-2.97B,-157.01%,$2.77B,$37.08B,7.78%,$3.58B,$15.50B,22.64%,$9275,$7476,$1799,$0,$1309,$8785,$490,$548,$1038,$315,$723,$723,$719,$737,$490,$731,738,$0.98,$0.97,$2292,$4082,$378,$14996,$4986,$703,$12512,$1907,$22086,$37082,$13610,$5963,$4732,$13934,$27544,$958,$15745,$0,$9538,$37082,$2085,$693,$319,$1012,$-465,$-393,$210,$-4,$-593,$2532,$-500,$0,$-1187,$0,$10,$10,$7,$-1670,$1062,$481,$1543,$-1317,$-1317,$-610,$21,$-363,$463,$107,$-610
41,2008-06-30,38.73,$13.78,2.81,$48.15,0.8,$9.69,4.0,$3.53,10.97,$15.46B,$12.23B,1.26,$6.58B,$10.26B,0.64,$36.58B,$8.93B,24.40%,$36.58B,$4.03B,11.02%,$36.58B,$4.03B,11.02%,$36.58B,$4.90B,13.40%,$36.58B,$3.66B,10.00%,$36.58B,$2.67B,7.31%,$2.67B,$10.26B,28.61%,$2.67B,$-1.54B,-179.46%,$2.67B,$36.78B,7.72%,$4.03B,$16.84B,26.29%,$9674,$7323,$2351,$0,$1290,$8613,$1061,$-72,$989,$261,$728,$728,$723,$1290,$1061,$744,753,$0.97,$0.96,$2204,$3995,$885,$15459,$5051,$546,$11796,$1960,$21320,$36779,$12227,$6575,$4470,$14291,$26518,$958,$15227,$0,$10261,$36779,$1366,$446,$457,$903,$-620,$-344,$286,$-20,$-583,$1763,$-289,$0,$-1308,$0,$14,$14,$7,$-1576,$1062,$-209,$853,$-315,$-315,$-409,$19,$148,$375,$76,$-409
42,2008-03-31,43.27,$12.99,3.33,$46.28,0.94,$9.48,4.57,$3.35,12.92,$14.74B,$11.33B,1.3,$6.58B,$9.64B,0.68,$35.44B,$8.62B,24.32%,$35.44B,$3.89B,10.98%,$35.44B,$3.89B,10.98%,$35.44B,$4.74B,13.38%,$35.44B,$3.50B,9.88%,$35.44B,$2.56B,7.23%,$2.56B,$9.64B,29.34%,$2.56B,$-1.11B,-162.78%,$2.56B,$34.94B,7.68%,$3.89B,$16.21B,27.40%,$8895,$6672,$2223,$0,$1255,$7927,$968,$-89,$879,$232,$647,$647,$643,$1185,$968,$743,753,$0.87,$0.85,$2234,$4149,$418,$14743,$5012,$522,$10743,$1980,$20201,$34944,$11332,$6576,$4436,$13976,$25308,$958,$14711,$0,$9636,$34944,$643,$217,$284,$501,$-224,$-289,$135,$-35,$-468,$721,$-138,$0,$-55,$0,$6,$6,$-2,$-189,$1262,$-863,$399,$-390,$-390,$-204,$7,$-188,$405,$41,$-204
43,2007-12-31,47.0,$12.35,3.8,$44.49,1.06,$9.32,5.04,$3.16,14.87,$13.69B,$11.94B,1.15,$5.42B,$9.22B,0.59,$34.59B,$8.29B,23.96%,$34.59B,$3.72B,10.77%,$34.59B,$3.72B,10.77%,$34.59B,$4.56B,13.19%,$34.59B,$3.34B,9.65%,$34.59B,$2.44B,7.07%,$2.44B,$9.22B,28.39%,$2.44B,$-1.45B,-173.15%,$2.44B,$33.81B,7.54%,$3.72B,$14.64B,27.36%,$9275,$7013,$2262,$0,$1205,$8218,$1057,$-103,$954,$249,$705,$705,$689,$1274,$1057,$765,774,$0.92,$0.91,$1829,$3861,$367,$13685,$4985,$500,$10673,$2069,$20120,$33805,$11941,$5419,$4464,$12642,$24583,$958,$14273,$0,$9222,$33805,$2444,$837,$400,$1237,$-467,$-183,$397,$17,$97,$3911,$-669,$0,$-1099,$0,$-14,$-14,$0,$-1782,$1415,$1075,$2490,$-3383,$-3383,$-767,$86,$-1574,$605,$112,$-767
44,2007-09-30,45.19,$11.05,4.09,$42.52,1.06,$8.23,5.49,$2.97,15.22,$13.66B,$12.09B,1.13,$5.39B,$8.26B,0.65,$33.59B,$7.95B,23.65%,$33.59B,$3.50B,10.42%,$33.59B,$3.50B,10.42%,$33.59B,$4.32B,12.86%,$33.59B,$3.16B,9.42%,$33.59B,$2.34B,6.97%,$2.34B,$8.26B,26.79%,$2.34B,$-1.87B,-226.91%,$2.34B,$32.90B,7.38%,$3.50B,$13.65B,26.20%,$8735,$6646,$2089,$0,$1144,$7790,$945,$-108,$837,$219,$618,$618,$618,$1152,$945,$748,758,$0.83,$0.81,$1787,$3919,$362,$13656,$4770,$526,$10120,$2061,$19246,$32902,$12092,$5391,$4588,$12555,$24647,$958,$13771,$0,$8255,$32902,$1755,$620,$272,$892,$-603,$-290,$273,$36,$-351,$2471,$-370,$0,$-515,$0,$-20,$-20,$0,$-905,$1430,$1303,$2733,$-3266,$-3266,$-580,$68,$-1045,$563,$54,$-580
45,2007-06-30,42.57,$10.42,4.08,$40.68,1.05,$7.39,5.76,$2.82,15.1,$13.11B,$12.37B,1.06,$4.49B,$7.80B,0.58,$32.81B,$7.70B,23.46%,$32.81B,$3.36B,10.24%,$32.81B,$3.36B,10.24%,$32.81B,$4.16B,12.68%,$32.81B,$3.06B,9.33%,$32.81B,$2.26B,6.90%,$2.26B,$7.80B,23.82%,$2.26B,$-1.87B,-1542.08%,$2.26B,$31.77B,7.15%,$3.36B,$12.29B,24.42%,$8538,$6491,$2047,$0,$1127,$7618,$920,$-90,$830,$219,$611,$611,$611,$1133,$920,$768,779,$0.79,$0.78,$1633,$3807,$354,$13109,$4692,$505,$9670,$2050,$18662,$31771,$12369,$4485,$4587,$11602,$23971,$958,$13341,$0,$7800,$31771,$1137,$413,$356,$769,$-352,$-202,$143,$36,$-371,$1561,$-201,$0,$-56,$0,$0,$0,$0,$-257,$581,$1913,$2494,$-3063,$-3063,$-392,$51,$-910,$409,$41,$-392
46,2007-03-31,34.69,$11.75,2.95,$39.23,0.88,$6.78,5.11,$2.67,12.99,$12.70B,$10.37B,1.22,$4.70B,$9.16B,0.51,$32.17B,$7.52B,23.38%,$32.17B,$3.22B,10.02%,$32.17B,$3.22B,10.02%,$32.17B,$4.03B,12.53%,$32.17B,$2.94B,9.14%,$32.17B,$2.17B,6.76%,$2.17B,$9.16B,21.11%,$2.17B,$-0.46B,327.63%,$2.17B,$31.21B,6.82%,$3.22B,$13.87B,22.38%,$8041,$6150,$1891,$0,$1089,$7239,$802,$-86,$716,$190,$526,$526,$526,$1002,$802,$795,802,$0.66,$0.66,$1378,$3749,$499,$12696,$4710,$405,$9623,$2044,$18517,$31213,$10374,$4704,$4520,$11676,$22050,$958,$12924,$0,$9163,$31213,$526,$200,$109,$309,$-136,$-161,$65,$36,$-263,$578,$-87,$0,$-4,$0,$0,$0,$0,$-91,$590,$331,$921,$-1067,$-1067,$-199,$8,$-337,$154,$24,$-199
47,2006-12-31,33.9,$12.14,2.79,$37.87,0.9,$6.35,5.33,$2.53,13.4,$12.30B,$10.14B,1.21,$3.91B,$9.72B,0.4,$31.37B,$7.27B,23.18%,$31.37B,$3.06B,9.76%,$31.37B,$3.06B,9.76%,$31.37B,$3.86B,12.29%,$31.37B,$2.80B,8.92%,$31.37B,$2.08B,6.64%,$2.08B,$9.72B,19.41%,$2.08B,$0.07B,181.05%,$2.08B,$30.94B,6.49%,$3.06B,$13.63B,20.89%,$8276,$6358,$1918,$0,$1085,$7443,$833,$-52,$781,$196,$585,$585,$585,$1031,$833,$821,826,$0.73,$0.71,$1224,$3588,$537,$12304,$4797,$382,$9650,$2038,$18637,$30941,$10135,$3909,$4735,$11086,$21221,$958,$12563,$0,$9720,$30941,$2083,$794,$496,$1290,$-573,$-128,$516,$-11,$-212,$3211,$-646,$0,$32,$0,$0,$0,$0,$-614,$-126,$-310,$-436,$-1500,$-1500,$-744,$31,$-2649,$-10,$0,$-744
