,Date,Stock Price,Book Value per Share,Price to Book Ratio,TTM Sales per Share,Price to Sales Ratio,TTM FCF per Share,Price to FCF Ratio,TTM Net EPS,PE Ratio,Current Assets,Current Liabilities,Current Ratio,Long Term Debt,Shareholder's Equity_x,Debt to Equity Ratio,TTM Revenue_x,TTM Gross Profit,Gross Margin,TTM Revenue_y,TTM Operating Income,Operating Margin,TTM Revenue_x,TTM EBIT,EBIT Margin,TTM Revenue_y,TTM EBITDA,EBITDA Margin,TTM Revenue_x,TTM Pre-Tax Income,Pre-Tax Margin,TTM Revenue_y,TTM Net Income_x,Net Margin,TTM Net Income_y,Shareholder's Equity_y,Return on Equity,TTM Net Income_x,Tangible Equity,Return on Tangible Equity,TTM Net Income_y,Total Assets,Return on Assets,TTM Net Income,LT Investments & Debt,Return on Investment,revenue,cost-goods-sold,gross-profit,research-development-expenses,selling-general-administrative-expenses,operating-expenses,operating-income,total-non-operating-income-expense,pre-tax-income,total-provision-income-taxes,income-after-taxes,income-from-continuous-operations,net-income,ebitda,ebit,basic-shares-outstanding,shares-outstanding,eps-basic-net-earnings-per-share,eps-earnings-per-share-diluted,cash-on-hand,inventory,other-current-assets,total-current-assets,net-property-plant-equipment,long-term-investments,goodwill-intangible-assets-total,other-long-term-assets,total-long-term-assets,total-assets,total-current-liabilities,long-term-debt,other-non-current-liabilities,total-long-term-liabilities,total-liabilities,common-stock-net,retained-earnings-accumulated-deficit,comprehensive-income,total-share-holder-equity,total-liabilities-share-holders-equity,net-income-loss,total-depreciation-amortization-cash-flow,other-non-cash-items,total-non-cash-items,change-in-accounts-receivable,change-in-inventories,change-in-accounts-payable,change-in-assets-liabilities,total-change-in-assets-liabilities,cash-flow-from-operating-activities,net-change-in-property-plant-equipment,net-change-in-intangible-assets,net-acquisitions-divestitures,net-change-in-short-term-investments,net-change-in-long-term-investments,net-change-in-investments-total,investing-activities-other,cash-flow-from-investing-activities,net-long-term-debt,net-current-debt,debt-issuance-retirement-net-total,net-common-equity-issued-repurchased,net-total-equity-issued-repurchased,total-common-preferred-stock-dividends-paid,financial-activities-other,cash-flow-from-financial-activities,net-cash-flow,stock-based-compensation,common-stock-dividends-paid
0,2018-09-30,16.17,$14.64,1.1,$5.21,3.11,$3.90,4.15,$1.23,13.15,$12.41B,$12.08B,1.03,$1.13B,$1.91B,0.59,$0.70B,$0.56B,80.17%,$0.70B,$0.26B,37.50%,$0.70B,0,0.00%,$0.70B,0,0.00%,$0.70B,$0.26B,37.50%,$0.70B,$0.16B,23.42%,$0.16B,$1.91B,8.49%,$0.16B,$1.40B,11.51%,$0.16B,$15.23B,1.11%,$0.26B,$3.04B,8.58%,$181,$45,$137,$0,$75,$119,$62,$0,$62,$15,$46,$46,$46,$0,$0,$130,131,$0.36,$0.36,$523,$0,$0,$12409,$55,$2056,$503,$148,$2821,$15230,$12079,$1132,$115,$1246,$13325,$0,$636,$-54,$1905,$15230,$145,$-3,$18,$15,$14,$0,$16,$-9,$20,$180,$-6,$0,$0,$-10,$-191,$-201,$-811,$-1018,$-177,$0,$-177,$-100,$-100,$-53,$1199,$868,$31,$3,$-53
1,2018-06-30,17.69,$14.53,1.22,$5.03,3.52,$3.53,5.02,$1.20,14.74,$12.11B,$11.76B,1.03,$1.13B,$1.91B,0.59,$0.68B,$0.56B,82.62%,$0.68B,$0.27B,40.06%,$0.68B,0,0.00%,$0.68B,0,0.00%,$0.68B,$0.27B,39.91%,$0.68B,$0.16B,23.86%,$0.16B,$1.91B,8.40%,$0.16B,$1.40B,11.38%,$0.16B,$14.87B,1.12%,$0.27B,$3.04B,8.93%,$175,$37,$138,$0,$74,$111,$64,$0,$64,$17,$48,$48,$48,$0,$0,$133,133,$0.36,$0.36,$466,$0,$0,$12107,$56,$2021,$505,$127,$2763,$14870,$11760,$1131,$74,$1204,$12964,$0,$608,$-45,$1906,$14870,$99,$-3,$8,$4,$4,$0,$9,$-10,$3,$106,$-4,$0,$0,$-5,$-166,$-171,$-553,$-728,$-177,$0,$-177,$-79,$-79,$-35,$888,$597,$-26,$2,$-35
2,2018-03-31,17.91,$14.36,1.25,$4.85,3.69,$3.45,5.19,$1.14,15.71,$11.88B,$11.53B,1.03,$0.96B,$1.95B,0.5,$0.66B,$0.56B,84.37%,$0.66B,$0.28B,41.73%,$0.66B,0,0.00%,$0.66B,0,0.00%,$0.66B,$0.27B,41.43%,$0.66B,$0.16B,23.52%,$0.16B,$1.95B,8.04%,$0.16B,$1.44B,10.90%,$0.16B,$14.51B,1.09%,$0.28B,$2.91B,9.21%,$170,$30,$140,$0,$71,$101,$69,$0,$69,$18,$51,$51,$51,$0,$0,$136,136,$0.38,$0.38,$612,$0,$0,$11882,$57,$1886,$505,$119,$2625,$14507,$11531,$963,$67,$1030,$12562,$0,$578,$-39,$1945,$14507,$51,$-2,$7,$5,$-1,$0,$4,$-6,$-4,$52,$-2,$0,$0,$-1,$-29,$-30,$-181,$-213,$-295,$-70,$-365,$0,$0,$-18,$664,$281,$120,$1,$-18
3,2017-12-31,17.84,$14.23,1.25,$4.71,3.79,$3.59,4.97,$1.03,17.32,$11.57B,$10.93B,1.06,$1.26B,$1.93B,0.65,$0.64B,$0.55B,85.92%,$0.64B,$0.27B,41.63%,$0.64B,0,0.00%,$0.64B,0,0.00%,$0.64B,$0.26B,41.16%,$0.64B,$0.14B,21.91%,$0.14B,$1.93B,7.32%,$0.14B,$1.42B,9.96%,$0.14B,$14.21B,1.01%,$0.27B,$3.19B,9.08%,$170,$27,$143,$0,$77,$103,$66,$-0,$66,$48,$18,$18,$18,$0,$0,$135,136,$0.13,$0.13,$492,$0,$0,$11571,$57,$1884,$506,$133,$2635,$14207,$10934,$1259,$86,$1344,$12278,$0,$545,$-22,$1928,$14207,$139,$-15,$60,$45,$15,$0,$5,$-0,$20,$204,$-10,$0,$0,$-9,$-187,$-196,$-562,$-767,$475,$0,$475,$0,$0,$-68,$211,$618,$55,$3,$-68
4,2017-09-30,17.19,$14.28,1.2,$4.94,3.48,$3.28,5.24,$1.20,14.33,$11.33B,$11.01B,1.03,$1.12B,$1.93B,0.58,$0.62B,$0.54B,86.84%,$0.62B,$0.27B,43.50%,$0.62B,0,0.00%,$0.62B,0,0.00%,$0.62B,$0.27B,42.54%,$0.62B,$0.16B,26.16%,$0.16B,$1.93B,8.61%,$0.16B,$1.43B,11.76%,$0.16B,$14.15B,1.19%,$0.27B,$3.05B,9.64%,$164,$24,$140,$0,$67,$91,$73,$-0,$72,$28,$45,$45,$45,$0,$0,$135,136,$0.33,$0.33,$405,$0,$0,$11327,$56,$2039,$507,$139,$2823,$14150,$11008,$1119,$88,$1207,$12216,$0,$541,$-10,$1934,$14150,$121,$-9,$17,$8,$7,$0,$3,$-1,$9,$138,$-7,$0,$0,$-29,$-299,$-327,$-408,$-743,$265,$0,$265,$0,$0,$-50,$357,$572,$-32,$2,$-50
5,2017-06-30,17.97,$14.09,1.28,$4.87,3.69,$2.50,7.19,$1.09,16.49,$11.23B,$10.97B,1.02,$0.89B,$1.91B,0.47,$0.59B,$0.52B,87.52%,$0.59B,$0.25B,42.50%,$0.59B,0,0.00%,$0.59B,0,0.00%,$0.59B,$0.24B,39.80%,$0.59B,$0.14B,24.28%,$0.14B,$1.91B,7.69%,$0.14B,$1.40B,10.55%,$0.14B,$13.86B,1.06%,$0.25B,$2.80B,9.25%,$155,$22,$133,$0,$66,$88,$67,$-1,$66,$25,$41,$41,$41,$0,$0,$135,136,$0.30,$0.30,$446,$0,$0,$11227,$53,$1838,$508,$152,$2632,$13859,$10969,$894,$91,$984,$11953,$0,$514,$-10,$1906,$13859,$77,$-6,$15,$9,$21,$0,$1,$-13,$8,$94,$-1,$0,$0,$-9,$-112,$-121,$-288,$-411,$40,$0,$40,$0,$0,$-32,$318,$326,$9,$2,$-32
6,2017-03-31,18.36,$13.89,1.32,$4.92,3.73,$2.09,8.78,$1.08,17.0,$10.98B,$10.72B,1.02,$0.80B,$1.88B,0.43,$0.53B,$0.47B,87.97%,$0.53B,$0.23B,42.67%,$0.53B,0,0.00%,$0.53B,0,0.00%,$0.53B,$0.21B,39.47%,$0.53B,$0.13B,23.68%,$0.13B,$1.88B,7.68%,$0.13B,$1.37B,10.26%,$0.13B,$13.48B,1.03%,$0.23B,$2.68B,9.34%,$150,$18,$133,$0,$72,$90,$60,$-1,$59,$23,$36,$36,$36,$0,$0,$135,136,$0.27,$0.27,$461,$0,$0,$10980,$51,$1726,$508,$136,$2502,$13481,$10717,$804,$82,$886,$11603,$0,$489,$-13,$1878,$13481,$36,$-1,$18,$17,$14,$0,$-0,$4,$18,$71,$-2,$0,$0,$0,$-27,$-27,$-17,$-47,$-50,$0,$-50,$0,$0,$-16,$65,$-1,$24,$1,$-16
7,2016-12-31,20.84,$13.72,1.52,$4.97,4.2,$1.62,12.9,$1.11,18.78,$10.95B,$10.66B,1.03,$0.85B,$1.86B,0.46,$0.47B,$0.42B,87.55%,$0.47B,$0.21B,43.88%,$0.47B,0,0.00%,$0.47B,0,0.00%,$0.47B,$0.19B,40.30%,$0.47B,$0.11B,24.05%,$0.11B,$1.86B,8.08%,$0.11B,$1.35B,10.40%,$0.11B,$13.44B,1.05%,$0.21B,$2.71B,9.70%,$154,$18,$135,$0,$65,$83,$71,$-3,$68,$27,$41,$41,$41,$0,$0,$103,104,$0.29,$0.29,$437,$0,$0,$10954,$55,$1693,$509,$142,$2488,$13441,$10656,$854,$76,$930,$11586,$0,$470,$-15,$1855,$13441,$114,$-2,$20,$18,$5,$0,$2,$-9,$-1,$131,$-14,$0,$100,$11,$-84,$-74,$-476,$-463,$18,$0,$18,$0,$0,$-42,$496,$472,$139,$3,$-42
8,2016-09-30,16.42,$13.73,1.2,$4.67,3.52,$1.71,9.58,$1.10,14.93,$11.01B,$10.72B,1.03,$0.85B,$1.86B,0.46,$0.41B,$0.36B,87.68%,$0.41B,$0.18B,42.75%,$0.41B,0,0.00%,$0.41B,0,0.00%,$0.41B,$0.16B,39.13%,$0.41B,$0.10B,23.19%,$0.10B,$1.86B,8.12%,$0.10B,$1.34B,9.96%,$0.10B,$13.51B,1.02%,$0.18B,$2.71B,9.59%,$134,$16,$118,$0,$63,$79,$54,$-11,$43,$17,$26,$26,$26,$0,$0,$117,117,$0.22,$0.22,$444,$0,$0,$11010,$54,$1697,$511,$170,$2500,$13511,$10715,$854,$87,$941,$11656,$0,$445,$8,$1855,$13511,$73,$-2,$18,$16,$-36,$0,$1,$-22,$-57,$33,$-11,$0,$100,$-2,$-33,$-35,$-488,$-433,$20,$0,$20,$0,$0,$-26,$553,$546,$146,$2,$-26
9,2016-06-30,14.0,$12.21,1.15,$4.66,3.01,$2.42,5.78,$1.20,11.66,$6.83B,$6.65B,1.03,$0.65B,$0.97B,0.67,$0.37B,$0.33B,87.84%,$0.37B,$0.17B,44.86%,$0.37B,0,0.00%,$0.37B,0,0.00%,$0.37B,$0.16B,43.78%,$0.37B,$0.10B,25.68%,$0.10B,$0.97B,9.99%,$0.10B,$0.85B,11.44%,$0.10B,$8.34B,1.19%,$0.17B,$1.63B,10.75%,$94,$12,$82,$0,$40,$52,$42,$-2,$40,$17,$23,$23,$23,$0,$0,$80,80,$0.29,$0.29,$286,$0,$0,$6826,$38,$1187,$120,$114,$1511,$8337,$6647,$653,$66,$719,$7365,$0,$419,$11,$972,$8337,$47,$0,$9,$9,$-6,$0,$1,$-23,$-28,$28,$-7,$0,$0,$0,$-67,$-67,$-326,$-400,$80,$0,$80,$0,$0,$-18,$297,$359,$-12,$0,$-18
10,2016-03-31,14.15,$12.09,1.17,$4.57,3.1,$2.46,5.76,$1.20,11.79,$6.56B,$6.48B,1.01,$0.57B,$0.96B,0.6,$0.36B,$0.32B,88.19%,$0.36B,$0.16B,44.51%,$0.36B,0,0.00%,$0.36B,0,0.00%,$0.36B,$0.16B,43.96%,$0.36B,$0.10B,26.10%,$0.10B,$0.96B,10.16%,$0.10B,$0.84B,11.66%,$0.10B,$8.06B,1.23%,$0.16B,$1.54B,10.66%,$92,$12,$80,$0,$39,$51,$41,$-1,$40,$16,$24,$24,$24,$0,$0,$80,80,$0.30,$0.30,$236,$0,$0,$6563,$35,$1181,$120,$111,$1500,$8064,$6477,$573,$52,$625,$7102,$0,$413,$7,$962,$8064,$24,$-1,$8,$7,$-6,$0,$1,$-21,$-26,$5,$-2,$0,$0,$0,$-65,$-65,$-118,$-185,$0,$0,$0,$0,$0,$-9,$126,$118,$-62,$0,$-9
11,2015-12-31,15.93,$11.79,1.35,$4.49,3.55,$2.62,6.09,$1.17,13.61,$6.50B,$6.35B,1.02,$0.57B,$0.94B,0.61,$0.36B,$0.32B,88.55%,$0.36B,$0.16B,43.85%,$0.36B,0,0.00%,$0.36B,0,0.00%,$0.36B,$0.16B,43.58%,$0.36B,$0.09B,25.70%,$0.09B,$0.94B,10.01%,$0.09B,$0.82B,11.51%,$0.09B,$7.91B,1.22%,$0.16B,$1.51B,10.52%,$94,$11,$83,$0,$42,$54,$40,$-1,$39,$16,$23,$23,$23,$0,$0,$80,80,$0.28,$0.28,$298,$0,$0,$6495,$35,$1102,$120,$93,$1417,$7913,$6348,$573,$53,$626,$6975,$0,$398,$-2,$938,$7913,$92,$-5,$8,$3,$16,$0,$0,$-4,$13,$108,$-11,$0,$0,$-44,$-220,$-263,$-661,$-935,$50,$0,$50,$-1,$-1,$-33,$648,$663,$-164,$1,$-33
12,2015-09-30,13.81,$11.68,1.18,$4.40,3.14,$3.02,4.58,$1.17,11.8,$6.22B,$6.04B,1.03,$0.57B,$0.93B,0.62,$0.35B,$0.31B,88.60%,$0.35B,$0.16B,44.73%,$0.35B,0,0.00%,$0.35B,0,0.00%,$0.35B,$0.15B,43.87%,$0.35B,$0.09B,26.21%,$0.09B,$0.93B,10.16%,$0.09B,$0.81B,11.71%,$0.09B,$7.58B,1.25%,$0.16B,$1.50B,10.71%,$90,$10,$80,$0,$37,$48,$43,$-0,$43,$17,$25,$25,$25,$0,$0,$80,80,$0.32,$0.32,$278,$0,$0,$6220,$35,$1057,$120,$92,$1363,$7583,$6036,$573,$44,$617,$6653,$0,$384,$4,$930,$7583,$69,$-3,$6,$4,$2,$0,$0,$5,$8,$80,$-9,$0,$0,$0,$-222,$-222,$-393,$-624,$50,$0,$50,$-1,$-1,$-25,$336,$360,$-184,$1,$-25
13,2015-06-30,13.5,$11.42,1.18,$4.38,3.08,$3.26,4.14,$1.12,12.05,$6.12B,$5.77B,1.06,$0.62B,$0.91B,0.69,$0.35B,$0.31B,88.83%,$0.35B,$0.15B,42.98%,$0.35B,0,0.00%,$0.35B,0,0.00%,$0.35B,$0.15B,42.12%,$0.35B,$0.09B,25.21%,$0.09B,$0.91B,9.90%,$0.09B,$0.79B,11.44%,$0.09B,$7.33B,1.23%,$0.15B,$1.53B,10.46%,$88,$10,$78,$0,$40,$49,$38,$-0,$38,$15,$23,$23,$23,$0,$0,$80,80,$0.29,$0.29,$321,$0,$0,$6116,$35,$906,$120,$97,$1217,$7333,$5766,$623,$36,$659,$6425,$0,$368,$-0,$909,$7333,$44,$-2,$9,$7,$-7,$0,$0,$-11,$-18,$33,$-8,$0,$0,$0,$-97,$-97,$-238,$-343,$100,$0,$100,$-1,$-1,$-16,$65,$148,$-162,$1,$-16
14,2015-03-31,13.11,$11.30,1.16,$4.37,3.0,$3.50,3.75,$1.11,11.81,$6.11B,$5.81B,1.05,$0.52B,$0.90B,0.58,$0.35B,$0.31B,89.08%,$0.35B,$0.15B,42.82%,$0.35B,0,0.00%,$0.35B,0,0.00%,$0.35B,$0.15B,41.95%,$0.35B,$0.09B,25.00%,$0.09B,$0.90B,9.94%,$0.09B,$0.78B,11.51%,$0.09B,$7.27B,1.23%,$0.15B,$1.42B,10.72%,$86,$9,$76,$0,$41,$50,$36,$-0,$36,$14,$21,$21,$21,$0,$0,$80,80,$0.27,$0.27,$430,$0,$0,$6112,$30,$852,$120,$99,$1156,$7268,$5811,$523,$35,$558,$6369,$0,$353,$4,$899,$7268,$21,$-1,$7,$6,$1,$0,$1,$-13,$-11,$16,$-1,$0,$0,$0,$-12,$-12,$-138,$-150,$0,$0,$0,$0,$0,$-8,$110,$102,$-32,$0,$-8
15,2014-12-31,12.94,$11.10,1.17,$4.36,2.97,$3.73,3.47,$1.12,11.55,$6.00B,$5.70B,1.05,$0.52B,$0.88B,0.59,$0.35B,$0.31B,89.60%,$0.35B,$0.15B,43.35%,$0.35B,0,0.00%,$0.35B,0,0.00%,$0.35B,$0.15B,42.49%,$0.35B,$0.09B,25.43%,$0.09B,$0.88B,10.25%,$0.09B,$0.76B,11.87%,$0.09B,$7.14B,1.28%,$0.15B,$1.41B,11.05%,$87,$10,$77,$0,$37,$47,$40,$-0,$37,$14,$23,$23,$23,$0,$0,$79,80,$0.28,$0.28,$462,$0,$0,$6003,$31,$836,$120,$88,$1137,$7140,$5701,$523,$33,$556,$6258,$0,$339,$2,$883,$7140,$89,$-13,$32,$19,$12,$0,$1,$14,$28,$136,$-6,$0,$0,$0,$-75,$-75,$-472,$-553,$45,$0,$45,$0,$0,$-28,$546,$563,$145,$1,$-28
16,2014-09-30,13.03,$10.88,1.2,$4.35,2.99,$3.68,3.54,$1.08,12.06,$5.87B,$5.52B,1.06,$0.51B,$0.87B,0.59,$0.35B,$0.31B,90.14%,$0.35B,$0.15B,42.03%,$0.35B,0,0.00%,$0.35B,0,0.00%,$0.35B,$0.14B,40.29%,$0.35B,$0.08B,24.06%,$0.08B,$0.87B,9.88%,$0.08B,$0.75B,11.48%,$0.08B,$6.93B,1.23%,$0.15B,$1.37B,10.92%,$88,$9,$79,$0,$44,$53,$36,$0,$36,$14,$21,$21,$21,$0,$0,$79,80,$0.27,$0.27,$443,$0,$0,$5871,$31,$750,$119,$89,$1057,$6928,$5520,$509,$34,$543,$6063,$0,$325,$-2,$865,$6928,$66,$-11,$27,$16,$-4,$0,$1,$16,$14,$96,$-5,$0,$0,$0,$7,$7,$-344,$-342,$31,$0,$31,$0,$0,$-20,$362,$373,$127,$0,$-20
17,2014-06-30,14.15,$10.73,1.32,$4.29,3.3,$3.73,3.79,$1.11,12.75,$5.77B,$5.48B,1.05,$0.50B,$0.85B,0.59,$0.34B,$0.31B,90.29%,$0.34B,$0.15B,43.82%,$0.34B,0,0.00%,$0.34B,0,0.00%,$0.34B,$0.14B,41.76%,$0.34B,$0.09B,25.29%,$0.09B,$0.85B,10.44%,$0.09B,$0.73B,12.19%,$0.09B,$6.87B,1.31%,$0.15B,$1.36B,11.42%,$87,$9,$78,$0,$41,$50,$37,$0,$37,$15,$22,$22,$22,$0,$0,$79,80,$0.28,$0.28,$415,$0,$0,$5767,$31,$786,$119,$91,$1099,$6866,$5482,$503,$28,$531,$6014,$0,$311,$0,$853,$6866,$45,$-10,$16,$6,$-14,$0,$1,$9,$-4,$47,$-3,$0,$0,$0,$-25,$-25,$-256,$-285,$25,$0,$25,$0,$0,$-12,$324,$336,$98,$0,$-12
18,2014-03-31,15.13,$10.47,1.45,$4.20,3.6,$4.00,3.79,$1.12,13.51,$5.59B,$5.35B,1.05,$0.46B,$0.83B,0.56,$0.33B,$0.30B,90.69%,$0.33B,$0.15B,45.05%,$0.33B,0,0.00%,$0.33B,0,0.00%,$0.33B,$0.14B,42.64%,$0.33B,$0.09B,26.13%,$0.09B,$0.83B,10.80%,$0.09B,$0.72B,12.55%,$0.09B,$6.67B,1.37%,$0.15B,$1.30B,11.75%,$84,$8,$76,$0,$39,$48,$37,$-0,$37,$15,$22,$22,$22,$0,$0,$79,80,$0.28,$0.28,$403,$0,$0,$5585,$31,$764,$110,$99,$1083,$6668,$5345,$463,$27,$491,$5835,$0,$295,$-4,$832,$6668,$22,$-5,$9,$5,$1,$0,$1,$7,$9,$36,$-2,$0,$0,$0,$-9,$-9,$-104,$-116,$-15,$0,$-15,$0,$0,$-6,$188,$166,$86,$0,$-6
19,2013-12-31,14.57,$10.19,1.43,$4.12,3.54,$3.80,3.83,$1.06,13.75,$5.39B,$5.16B,1.04,$0.48B,$0.81B,0.59,$0.33B,$0.30B,90.80%,$0.33B,$0.14B,43.87%,$0.33B,0,0.00%,$0.33B,0,0.00%,$0.33B,$0.13B,41.10%,$0.33B,$0.08B,25.15%,$0.08B,$0.81B,10.37%,$0.08B,$0.69B,12.03%,$0.08B,$6.48B,1.34%,$0.14B,$1.29B,11.32%,$86,$8,$78,$0,$44,$52,$35,$-3,$29,$11,$18,$18,$18,$0,$0,$79,79,$0.22,$0.22,$317,$0,$0,$5388,$31,$745,$120,$103,$1087,$6475,$5158,$479,$29,$507,$5666,$0,$279,$-10,$809,$6475,$82,$-11,$38,$27,$14,$0,$0,$11,$25,$134,$-9,$0,$67,$0,$-29,$-29,$-406,$-377,$-36,$0,$-36,$0,$0,$-20,$303,$247,$4,$1,$0
20,2013-09-30,12.02,$10.11,1.19,$4.01,2.99,$3.48,3.46,$1.09,11.03,$5.25B,$5.03B,1.04,$0.48B,$0.80B,0.6,$0.32B,$0.29B,90.85%,$0.32B,$0.15B,45.74%,$0.32B,0,0.00%,$0.32B,0,0.00%,$0.32B,$0.14B,44.48%,$0.32B,$0.09B,27.13%,$0.09B,$0.80B,11.08%,$0.09B,$0.68B,12.76%,$0.09B,$6.34B,1.45%,$0.15B,$1.28B,11.65%,$83,$8,$75,$0,$36,$43,$40,$-1,$39,$15,$24,$24,$24,$0,$0,$79,79,$0.30,$0.30,$345,$0,$0,$5250,$30,$749,$125,$107,$1091,$6341,$5032,$479,$29,$508,$5540,$0,$266,$-3,$801,$6341,$64,$-13,$21,$8,$10,$0,$0,$20,$30,$101,$-7,$0,$67,$0,$-20,$-20,$-235,$-193,$-36,$0,$-36,$2,$2,$-14,$173,$125,$32,$1,$-14
21,2013-06-30,12.36,$9.86,1.25,$3.91,3.17,$3.05,4.05,$1.03,12.0,$4.81B,$4.59B,1.05,$0.46B,$0.78B,0.59,$0.31B,$0.28B,90.88%,$0.31B,$0.14B,43.97%,$0.31B,0,0.00%,$0.31B,0,0.00%,$0.31B,$0.13B,43.00%,$0.31B,$0.08B,26.06%,$0.08B,$0.78B,10.53%,$0.08B,$0.69B,12.03%,$0.08B,$5.86B,1.41%,$0.14B,$1.24B,10.94%,$80,$7,$73,$0,$35,$42,$38,$-0,$37,$15,$23,$23,$23,$0,$0,$79,79,$0.29,$0.29,$296,$0,$0,$4812,$23,$764,$95,$95,$1051,$5863,$4591,$463,$28,$491,$5082,$0,$249,$-5,$781,$5863,$40,$-7,$13,$6,$8,$0,$0,$14,$22,$68,$-3,$0,$26,$0,$-42,$-42,$-91,$-110,$-18,$0,$-18,$2,$2,$-8,$50,$26,$-17,$1,$-8
22,2013-03-31,11.31,$9.80,1.15,$3.88,2.91,$2.95,3.84,$0.94,12.03,$4.79B,$4.57B,1.05,$0.47B,$0.77B,0.61,$0.30B,$0.28B,90.79%,$0.30B,$0.13B,42.76%,$0.30B,0,0.00%,$0.30B,0,0.00%,$0.30B,$0.13B,41.45%,$0.30B,$0.07B,24.01%,$0.07B,$0.77B,9.83%,$0.07B,$0.68B,11.25%,$0.07B,$5.83B,1.34%,$0.13B,$1.24B,10.79%,$77,$7,$70,$0,$39,$47,$30,$-1,$29,$11,$17,$17,$17,$0,$0,$78,78,$0.22,$0.22,$281,$0,$0,$4786,$23,$754,$97,$108,$1047,$5834,$4572,$468,$21,$489,$5061,$0,$230,$7,$772,$5834,$17,$-3,$10,$7,$2,$0,$-0,$-7,$-5,$19,$-2,$0,$18,$0,$-11,$-11,$-69,$-63,$-14,$0,$-14,$0,$0,$-4,$28,$11,$-32,$1,$-4
23,2012-12-31,9.98,$9.62,1.04,$3.93,2.54,$3.16,3.15,$1.00,9.98,$4.62B,$4.40B,1.05,$0.46B,$0.75B,0.62,$0.31B,$0.28B,90.88%,$0.31B,$0.14B,45.93%,$0.31B,0,0.00%,$0.31B,0,0.00%,$0.31B,$0.14B,44.30%,$0.31B,$0.08B,25.41%,$0.08B,$0.75B,10.34%,$0.08B,$0.66B,11.80%,$0.08B,$5.64B,1.47%,$0.14B,$1.21B,11.80%,$77,$7,$70,$0,$33,$40,$37,$-1,$36,$15,$22,$22,$22,$0,$0,$78,78,$0.27,$0.27,$313,$0,$0,$4622,$23,$740,$93,$103,$1018,$5641,$4399,$463,$28,$491,$4890,$0,$217,$9,$751,$5641,$83,$-20,$36,$17,$-6,$0,$-2,$12,$5,$104,$-7,$0,$0,$40,$35,$75,$-544,$-475,$68,$0,$68,$-2,$-124,$-8,$446,$383,$13,$3,$-8
24,2012-09-30,10.83,$9.41,1.15,$4.26,2.54,$4.17,2.59,$0.77,14.07,$4.32B,$4.07B,1.06,$0.50B,$0.73B,0.68,$0.29B,$0.26B,89.82%,$0.29B,$0.11B,39.65%,$0.29B,0,0.00%,$0.29B,0,0.00%,$0.29B,$0.11B,37.19%,$0.29B,$0.06B,20.70%,$0.06B,$0.73B,7.70%,$0.06B,$0.64B,8.78%,$0.06B,$5.33B,1.14%,$0.11B,$1.24B,9.50%,$73,$7,$66,$0,$35,$43,$30,$-0,$30,$12,$18,$18,$18,$0,$0,$78,78,$0.24,$0.24,$230,$0,$0,$4322,$23,$724,$93,$106,$1010,$5332,$4068,$503,$27,$529,$4598,$0,$199,$11,$734,$5332,$62,$-19,$29,$10,$-13,$0,$-1,$8,$-6,$65,$-6,$0,$0,$40,$56,$96,$-322,$-231,$108,$0,$108,$-2,$-124,$-4,$114,$95,$-70,$2,$0
25,2012-06-30,9.35,$9.17,1.02,$4.45,2.1,$5.15,1.82,$0.76,12.31,$4.05B,$3.90B,1.04,$0.41B,$0.72B,0.58,$0.26B,$0.23B,88.24%,$0.26B,$0.10B,38.82%,$0.26B,0,0.00%,$0.26B,0,0.00%,$0.26B,$0.09B,35.69%,$0.26B,$0.05B,19.61%,$0.05B,$0.72B,7.37%,$0.05B,$0.62B,8.24%,$0.05B,$5.05B,1.09%,$0.10B,$1.13B,9.33%,$77,$7,$70,$0,$37,$44,$33,$-1,$31,$12,$19,$19,$16,$0,$0,$78,78,$0.20,$0.20,$180,$0,$0,$4054,$22,$706,$94,$110,$996,$5049,$3900,$413,$21,$434,$4334,$0,$181,$9,$715,$5049,$43,$-14,$19,$5,$11,$0,$-1,$-1,$10,$58,$-3,$0,$0,$40,$74,$114,$-125,$-15,$18,$0,$18,$0,$-122,$-4,$-57,$-164,$-120,$1,$0
26,2012-03-31,9.56,$10.49,0.91,$4.65,2.06,$5.52,1.73,$0.70,13.66,$4.15B,$3.94B,1.05,$0.38B,$0.70B,0.55,$0.22B,$0.19B,86.10%,$0.22B,$0.08B,34.08%,$0.22B,0,0.00%,$0.22B,0,0.00%,$0.22B,$0.07B,31.39%,$0.22B,$0.04B,17.49%,$0.04B,$0.82B,6.58%,$0.04B,$0.72B,7.17%,$0.04B,$5.17B,0.96%,$0.08B,$1.20B,7.94%,$80,$8,$73,$0,$31,$39,$41,$-2,$39,$16,$24,$24,$22,$0,$0,$78,78,$0.28,$0.28,$386,$0,$0,$4147,$20,$739,$94,$103,$1023,$5169,$3939,$384,$28,$412,$4351,$0,$165,$8,$818,$5169,$24,$2,$9,$11,$-8,$0,$-0,$8,$0,$36,$-1,$0,$0,$20,$43,$63,$1,$63,$-11,$0,$-11,$0,$0,$-1,$-20,$-33,$66,$0,$0
27,2011-12-31,8.12,$10.21,0.8,$4.72,1.72,$5.31,1.53,$0.57,14.24,$4.09B,$3.96B,1.03,$0.40B,$0.68B,0.59,$0.19B,$0.15B,82.16%,$0.19B,$0.05B,25.41%,$0.19B,0,0.00%,$0.19B,0,0.00%,$0.19B,$0.04B,22.70%,$0.19B,$0.02B,12.43%,$0.02B,$0.80B,4.80%,$0.02B,$0.70B,5.07%,$0.02B,$5.17B,0.65%,$0.05B,$1.19B,5.62%,$55,$8,$47,$0,$38,$46,$9,$-3,$6,$2,$4,$4,$3,$0,$0,$42,42,$0.01,$0.01,$340,$0,$0,$4094,$21,$784,$95,$101,$1072,$5167,$3958,$397,$16,$413,$4371,$0,$143,$9,$796,$5167,$27,$9,$36,$45,$34,$0,$-2,$-7,$24,$97,$-1,$0,$326,$10,$97,$107,$-241,$190,$-154,$0,$-154,$60,$60,$-3,$-63,$-159,$128,$0,$0
28,2011-09-30,5.21,$10.07,0.52,$4.53,1.15,$6.56,0.8,$0.65,8.02,$2.43B,$2.28B,1.07,$0.34B,$0.32B,1.07,$0.17B,$0.14B,80.23%,$0.17B,$0.05B,28.49%,$0.17B,0,0.00%,$0.17B,0,0.00%,$0.17B,$0.05B,26.74%,$0.17B,$0.03B,14.53%,$0.03B,$0.38B,6.76%,$0.03B,$0.38B,6.81%,$0.03B,$3.02B,0.84%,$0.05B,$0.72B,6.72%,$43,$8,$35,$0,$20,$28,$16,$-1,$15,$5,$10,$10,$9,$0,$0,$38,38,$0.23,$0.23,$176,$0,$0,$2433,$9,$478,$3,$65,$583,$3016,$2280,$340,$12,$352,$2633,$0,$140,$7,$384,$3016,$23,$6,$26,$32,$19,$0,$-1,$-6,$12,$67,$-1,$0,$0,$0,$78,$78,$-168,$-92,$-61,$0,$-61,$1,$1,$-3,$91,$28,$3,$0,$0
29,2011-06-30,6.98,$9.78,0.71,$4.56,1.53,$8.03,0.87,$0.53,13.18,$2.36B,$2.25B,1.05,$0.34B,$0.31B,1.1,$0.17B,$0.14B,79.77%,$0.17B,$0.04B,23.70%,$0.17B,0,0.00%,$0.17B,0,0.00%,$0.17B,$0.04B,22.54%,$0.17B,$0.02B,11.56%,$0.02B,$0.37B,5.51%,$0.02B,$0.37B,5.56%,$0.02B,$2.97B,0.68%,$0.04B,$0.71B,5.57%,$45,$8,$37,$0,$27,$35,$10,$-0,$10,$4,$6,$6,$5,$0,$0,$38,38,$0.14,$0.14,$171,$0,$0,$2360,$10,$495,$3,$68,$607,$2967,$2247,$339,$9,$348,$2595,$0,$131,$4,$373,$2967,$13,$4,$21,$25,$18,$0,$-1,$-13,$3,$41,$-1,$0,$0,$0,$58,$58,$-93,$-36,$-62,$0,$-62,$1,$1,$-2,$56,$-7,$-1,$0,$0
30,2011-03-31,8.26,$9.59,0.86,$4.44,1.86,$8.69,0.95,$-0.06,0.0,$2.29B,$2.19B,1.04,$0.36B,$0.30B,1.18,$0.17B,$0.13B,77.98%,$0.17B,$0.00B,1.79%,$0.17B,0,0.00%,$0.17B,0,0.00%,$0.17B,$0.00B,0.60%,$0.17B,$-0.00B,-1.19%,$-0.00B,$0.36B,-0.56%,$-0.00B,$0.36B,-0.56%,$-0.00B,$2.93B,-0.07%,$0.00B,$0.72B,0.40%,$42,$8,$33,$0,$21,$30,$12,$-1,$11,$5,$7,$7,$6,$0,$0,$38,38,$0.15,$0.15,$135,$0,$0,$2288,$11,$535,$3,$55,$638,$2926,$2193,$355,$14,$369,$2562,$0,$126,$2,$364,$2926,$7,$2,$8,$10,$-10,$0,$-0,$3,$-7,$10,$-0,$0,$0,$0,$15,$15,$-14,$1,$-46,$0,$-46,$0,$0,$-1,$-0,$-47,$-37,$0,$0
31,2010-12-31,8.46,$9.44,0.9,$4.61,1.83,$9.09,0.93,$-0.31,0.0,$2.31B,$2.19B,1.05,$0.40B,$0.29B,1.36,$0.17B,$0.13B,76.44%,$0.17B,$-0.01B,-8.05%,$0.17B,0,0.00%,$0.17B,0,0.00%,$0.17B,$-0.02B,-8.62%,$0.17B,$-0.01B,-6.90%,$-0.01B,$0.36B,-3.35%,$-0.01B,$0.36B,-3.39%,$-0.01B,$2.96B,-0.40%,$-0.01B,$0.76B,-1.86%,$42,$9,$33,$0,$22,$32,$11,$0,$10,$4,$6,$6,$5,$0,$0,$38,38,$0.14,$0.14,$172,$0,$0,$2305,$11,$560,$3,$47,$658,$2963,$2192,$401,$11,$412,$2605,$0,$120,$3,$359,$2963,$-7,$11,$73,$84,$62,$0,$-8,$5,$59,$136,$-3,$0,$0,$0,$253,$253,$-90,$159,$12,$0,$12,$1,$1,$-3,$-258,$-249,$47,$0,$0
32,2010-09-30,6.06,$9.38,0.65,$5.16,1.17,$7.54,0.8,$-0.48,0.0,$2.37B,$2.22B,1.07,$0.40B,$0.29B,1.36,$0.18B,$0.13B,73.74%,$0.18B,$-0.03B,-14.53%,$0.18B,0,0.00%,$0.18B,0,0.00%,$0.18B,$-0.03B,-14.53%,$0.18B,$-0.02B,-10.61%,$-0.02B,$0.36B,-5.28%,$-0.02B,$0.35B,-5.33%,$-0.02B,$2.99B,-0.62%,$-0.03B,$0.75B,-3.45%,$44,$10,$35,$0,$27,$36,$8,$0,$8,$3,$5,$5,$4,$0,$0,$38,38,$0.11,$0.11,$234,$0,$0,$2367,$11,$505,$3,$61,$618,$2985,$2221,$397,$11,$408,$2629,$0,$115,$6,$356,$2985,$-13,$9,$65,$74,$72,$0,$-8,$-0,$64,$125,$-2,$0,$0,$0,$307,$307,$-96,$209,$8,$0,$8,$1,$1,$-3,$-232,$-225,$109,$0,$0
33,2010-06-30,7.24,$9.26,0.78,$5.76,1.26,$5.85,1.24,$-0.48,0.0,$2.33B,$2.15B,1.09,$0.39B,$0.29B,1.36,$0.18B,$0.13B,69.23%,$0.18B,$-0.03B,-15.38%,$0.18B,0,0.00%,$0.18B,0,0.00%,$0.18B,$-0.03B,-15.38%,$0.18B,$-0.02B,-10.99%,$-0.02B,$0.35B,-5.82%,$-0.02B,$0.35B,-5.89%,$-0.02B,$2.90B,-0.64%,$-0.03B,$0.74B,-3.81%,$40,$10,$30,$0,$58,$68,$-28,$0,$-28,$-12,$-16,$-16,$-17,$0,$0,$38,38,$-0.45,$-0.45,$203,$0,$0,$2329,$11,$452,$3,$74,$572,$2901,$2147,$393,$10,$403,$2549,$0,$111,$5,$352,$2901,$-18,$6,$59,$66,$39,$0,$-9,$-10,$20,$67,$-1,$0,$0,$0,$359,$359,$-46,$312,$3,$0,$3,$1,$1,$-2,$-304,$-301,$78,$0,$0
34,2010-03-31,7.52,$9.62,0.78,$6.31,1.19,$4.99,1.51,$-0.30,0.0,$2.43B,$2.30B,1.05,$0.39B,$0.30B,1.31,$0.18B,$0.12B,65.76%,$0.18B,$-0.01B,-5.98%,$0.18B,0,0.00%,$0.18B,0,0.00%,$0.18B,$-0.01B,-5.98%,$0.18B,$-0.01B,-5.43%,$-0.01B,$0.36B,-3.07%,$-0.01B,$0.36B,-3.11%,$-0.01B,$3.08B,-0.31%,$-0.01B,$0.76B,-1.54%,$48,$13,$35,$0,$40,$53,$-5,$0,$-5,$-2,$-3,$-3,$-4,$0,$0,$38,38,$-0.10,$-0.10,$280,$0,$0,$2428,$11,$523,$3,$82,$651,$3079,$2303,$393,$19,$412,$2715,$0,$128,$2,$364,$3079,$-3,$3,$17,$21,$3,$0,$-3,$6,$7,$25,$-1,$0,$0,$0,$271,$271,$9,$279,$4,$0,$4,$0,$0,$-1,$-152,$-149,$154,$0,$-1
35,2009-12-31,9.74,$9.73,1.0,$6.58,1.48,$4.84,2.01,$-0.36,0.0,$2.31B,$2.46B,0.94,$0.39B,$0.31B,1.28,$0.18B,$0.11B,63.07%,$0.18B,$-0.01B,-6.82%,$0.18B,0,0.00%,$0.18B,0,0.00%,$0.18B,$-0.01B,-6.82%,$0.18B,$-0.01B,-5.68%,$-0.01B,$0.37B,-3.25%,$-0.01B,$0.36B,-3.29%,$-0.01B,$3.23B,-0.32%,$-0.01B,$0.76B,-1.72%,$47,$15,$32,$0,$33,$48,$-1,$0,$-1,$-1,$-0,$-0,$-2,$0,$0,$28,28,$-0.03,$-0.03,$126,$0,$0,$2314,$11,$807,$4,$64,$914,$3228,$2457,$389,$13,$403,$2860,$0,$132,$3,$368,$3228,$-6,$5,$54,$59,$16,$0,$4,$-16,$3,$57,$-2,$0,$0,$0,$-390,$-390,$-162,$-554,$0,$0,$0,$82,$82,$-4,$496,$574,$77,$1,$-4
36,2009-09-30,5.97,$11.02,0.54,$6.47,0.92,$3.97,1.5,$-0.71,0.0,$2.34B,$2.51B,0.93,$0.39B,$0.23B,1.72,$0.17B,$0.10B,61.18%,$0.17B,$-0.03B,-16.47%,$0.17B,0,0.00%,$0.17B,0,0.00%,$0.17B,$-0.03B,-16.47%,$0.17B,$-0.02B,-10.59%,$-0.02B,$0.29B,-6.26%,$-0.02B,$0.29B,-6.34%,$-0.02B,$3.21B,-0.60%,$-0.03B,$0.68B,-4.14%,$47,$17,$29,$0,$23,$41,$6,$0,$6,$2,$4,$4,$3,$0,$0,$26,26,$0.11,$0.11,$202,$0,$0,$2337,$11,$768,$4,$72,$876,$3213,$2510,$389,$24,$413,$2923,$0,$133,$5,$290,$3213,$-5,$3,$44,$47,$6,$0,$4,$-11,$-0,$42,$-1,$0,$0,$0,$-349,$-349,$-84,$-434,$0,$0,$0,$0,$0,$-3,$549,$545,$153,$1,$-3
37,2009-06-30,4.45,$10.72,0.42,$6.43,0.69,$3.84,1.16,$-0.63,0.0,$2.34B,$2.46B,0.95,$0.39B,$0.22B,1.78,$0.17B,$0.10B,61.54%,$0.17B,$-0.03B,-14.79%,$0.17B,0,0.00%,$0.17B,0,0.00%,$0.17B,$-0.03B,-14.79%,$0.17B,$-0.02B,-9.47%,$-0.02B,$0.28B,-5.86%,$-0.02B,$0.28B,-5.95%,$-0.02B,$3.26B,-0.56%,$-0.03B,$0.67B,-3.78%,$42,$17,$25,$0,$36,$53,$-11,$0,$-11,$-5,$-6,$-6,$-7,$0,$0,$26,26,$-0.27,$-0.27,$279,$0,$0,$2340,$12,$770,$4,$111,$921,$3261,$2458,$389,$132,$522,$2979,$0,$131,$0,$281,$3261,$-9,$1,$36,$38,$0,$0,$2,$-7,$-5,$24,$-1,$0,$0,$0,$-273,$-273,$-18,$-292,$0,$0,$0,$0,$0,$-2,$501,$499,$230,$1,$-2
38,2009-03-31,2.53,$11.03,0.23,$6.53,0.39,$3.78,0.67,$-0.29,0.0,$2.26B,$2.12B,1.07,$0.39B,$0.23B,1.71,$0.17B,$0.11B,61.63%,$0.17B,$-0.01B,-6.40%,$0.17B,0,0.00%,$0.17B,0,0.00%,$0.17B,$-0.01B,-6.40%,$0.17B,$-0.01B,-4.07%,$-0.01B,$0.29B,-2.69%,$-0.01B,$0.29B,-2.74%,$-0.01B,$2.83B,-0.26%,$-0.01B,$0.68B,-1.70%,$40,$16,$25,$0,$31,$47,$-6,$0,$-6,$-3,$-3,$-3,$-4,$0,$0,$26,26,$-0.16,$-0.16,$195,$0,$0,$2259,$12,$452,$4,$75,$566,$2826,$2115,$389,$31,$420,$2536,$0,$138,$2,$290,$2826,$-3,$1,$18,$19,$3,$0,$1,$-6,$-2,$13,$-0,$0,$0,$0,$-21,$-21,$-5,$-26,$0,$0,$0,$0,$0,$-2,$160,$158,$146,$1,$-2
39,2008-12-31,8.44,$11.05,0.76,$6.85,1.23,$4.90,1.72,$0.14,60.31,$2.15B,$1.96B,1.1,$0.39B,$0.23B,1.71,$0.18B,$0.11B,60.77%,$0.18B,$0.00B,2.76%,$0.18B,0,0.00%,$0.18B,0,0.00%,$0.18B,$0.00B,2.76%,$0.18B,$0.00B,1.66%,$0.00B,$0.29B,1.23%,$0.00B,$0.29B,1.25%,$0.00B,$2.67B,0.12%,$0.00B,$0.68B,0.78%,$41,$16,$25,$0,$42,$58,$-17,$0,$-17,$-7,$-10,$-10,$-10,$0,$0,$26,26,$-0.39,$-0.39,$49,$0,$0,$2153,$12,$429,$4,$48,$519,$2672,$1958,$389,$35,$425,$2382,$0,$142,$-1,$290,$2672,$3,$3,$43,$45,$3,$0,$-2,$-17,$-16,$32,$-3,$0,$3,$0,$-132,$-132,$-120,$-252,$53,$0,$53,$5,$67,$-3,$102,$220,$-0,$2,$-3
40,2008-09-30,9.59,$8.80,1.09,$7.26,1.32,$5.08,1.89,$0.85,11.28,$2.17B,$1.97B,1.1,$0.39B,$0.23B,1.69,$0.19B,$0.12B,60.42%,$0.19B,$0.04B,19.27%,$0.19B,0,0.00%,$0.19B,0,0.00%,$0.19B,$0.04B,18.75%,$0.19B,$0.02B,10.94%,$0.02B,$0.23B,9.25%,$0.02B,$0.23B,9.44%,$0.02B,$2.60B,0.83%,$0.04B,$0.62B,6.03%,$46,$17,$29,$0,$20,$37,$9,$0,$9,$4,$5,$5,$5,$0,$0,$26,26,$0.19,$0.19,$74,$0,$0,$2168,$12,$335,$4,$57,$429,$2598,$1968,$389,$10,$400,$2367,$0,$153,$-4,$231,$2598,$13,$2,$19,$21,$9,$0,$-2,$-1,$6,$39,$-3,$0,$3,$0,$-64,$-64,$-112,$-176,$53,$0,$53,$0,$0,$-2,$110,$161,$25,$1,$-2
41,2008-06-30,9.17,$8.69,1.06,$7.48,1.23,$4.46,2.06,$0.99,9.26,$2.17B,$1.95B,1.12,$0.39B,$0.23B,1.71,$0.20B,$0.12B,59.90%,$0.20B,$0.04B,21.83%,$0.20B,0,0.00%,$0.20B,0,0.00%,$0.20B,$0.04B,21.32%,$0.20B,$0.03B,12.69%,$0.03B,$0.23B,11.24%,$0.03B,$0.22B,11.47%,$0.03B,$2.57B,1.01%,$0.04B,$0.62B,7.39%,$45,$18,$27,$0,$24,$42,$3,$0,$3,$1,$2,$2,$2,$0,$0,$26,26,$0.07,$0.07,$56,$0,$0,$2172,$12,$315,$5,$51,$401,$2574,$1945,$389,$12,$401,$2346,$0,$149,$-2,$228,$2574,$8,$1,$13,$14,$7,$0,$-3,$-3,$2,$23,$-2,$0,$3,$0,$-42,$-42,$-119,$-160,$53,$0,$53,$0,$0,$-1,$92,$144,$7,$1,$-1
42,2008-03-31,11.07,$8.68,1.28,$7.63,1.45,$3.52,3.15,$1.25,8.86,$2.14B,$1.87B,1.14,$0.43B,$0.23B,1.9,$0.20B,$0.12B,60.20%,$0.20B,$0.06B,27.36%,$0.20B,0,0.00%,$0.20B,0,0.00%,$0.20B,$0.05B,26.87%,$0.20B,$0.03B,15.92%,$0.03B,$0.23B,14.81%,$0.03B,$0.22B,15.13%,$0.03B,$2.55B,1.34%,$0.06B,$0.66B,10.62%,$49,$20,$29,$0,$19,$39,$10,$0,$10,$4,$6,$6,$6,$0,$0,$26,26,$0.22,$0.22,$62,$0,$0,$2135,$11,$300,$5,$79,$411,$2546,$1870,$432,$16,$449,$2319,$0,$148,$-1,$227,$2546,$6,$1,$5,$6,$5,$0,$-0,$3,$7,$19,$23,$0,$3,$0,$-78,$-78,$-67,$-119,$96,$0,$96,$0,$0,$-1,$18,$113,$13,$1,$-1
43,2007-12-31,9.93,$8.48,1.17,$7.48,1.33,$2.59,3.83,$1.26,7.88,$2.07B,$1.85B,1.12,$0.34B,$0.22B,1.51,$0.20B,$0.12B,60.41%,$0.20B,$0.06B,28.93%,$0.20B,0,0.00%,$0.20B,0,0.00%,$0.20B,$0.06B,28.43%,$0.20B,$0.03B,16.75%,$0.03B,$0.22B,15.87%,$0.03B,$0.22B,16.24%,$0.03B,$2.42B,1.45%,$0.06B,$0.56B,13.06%,$52,$21,$31,$0,$16,$37,$15,$0,$14,$5,$8,$8,$8,$0,$0,$26,27,$0.31,$0.31,$49,$0,$0,$2067,$11,$276,$4,$49,$356,$2423,$1851,$336,$13,$350,$2201,$0,$142,$-0,$222,$2423,$33,$3,$8,$11,$0,$0,$2,$-11,$-9,$35,$-2,$0,$0,$0,$-100,$-100,$-305,$-407,$221,$0,$221,$1,$1,$-3,$121,$340,$-32,$2,$-3
44,2007-09-30,13.26,$8.12,1.63,$7.29,1.82,$2.27,5.83,$1.29,10.28,$2.01B,$1.83B,1.1,$0.28B,$0.21B,1.31,$0.19B,$0.12B,61.46%,$0.19B,$0.06B,29.69%,$0.19B,0,0.00%,$0.19B,0,0.00%,$0.19B,$0.06B,29.69%,$0.19B,$0.03B,17.71%,$0.03B,$0.21B,17.06%,$0.03B,$0.21B,17.53%,$0.03B,$2.34B,1.56%,$0.06B,$0.49B,15.30%,$51,$20,$31,$0,$16,$37,$15,$0,$15,$6,$9,$9,$9,$0,$0,$26,26,$0.34,$0.33,$30,$0,$0,$2008,$11,$252,$5,$54,$336,$2344,$1834,$279,$19,$298,$2132,$0,$135,$-2,$213,$2344,$25,$2,$6,$8,$-8,$0,$3,$-6,$-11,$22,$-1,$0,$0,$0,$-83,$-83,$-253,$-337,$164,$0,$164,$1,$1,$-2,$102,$265,$-51,$1,$-2
45,2007-06-30,13.5,$7.73,1.75,$7.05,1.91,$2.34,5.76,$1.29,10.46,$1.94B,$1.82B,1.07,$0.16B,$0.20B,0.79,$0.19B,$0.12B,62.37%,$0.19B,$0.06B,30.65%,$0.19B,0,0.00%,$0.19B,0,0.00%,$0.19B,$0.06B,30.65%,$0.19B,$0.03B,18.28%,$0.03B,$0.20B,17.87%,$0.03B,$0.20B,18.40%,$0.03B,$2.22B,1.63%,$0.06B,$0.36B,17.61%,$49,$19,$30,$0,$15,$34,$15,$0,$15,$6,$9,$9,$9,$0,$0,$26,27,$0.34,$0.33,$44,$0,$0,$1942,$12,$206,$5,$37,$274,$2216,$1820,$159,$34,$193,$2014,$0,$127,$-4,$202,$2216,$16,$2,$4,$6,$-22,$0,$2,$-5,$-24,$-2,$-1,$0,$0,$0,$-15,$-15,$-147,$-163,$44,$0,$44,$0,$0,$-1,$86,$129,$-36,$1,$-1
46,2007-03-31,14.81,$7.45,1.99,$6.83,2.17,$3.19,4.64,$1.26,11.76,$1.87B,$1.77B,1.06,$0.14B,$0.20B,0.72,$0.18B,$0.11B,63.33%,$0.18B,$0.06B,31.11%,$0.18B,0,0.00%,$0.18B,0,0.00%,$0.18B,$0.06B,31.11%,$0.18B,$0.03B,18.33%,$0.03B,$0.20B,18.28%,$0.03B,$0.19B,18.88%,$0.03B,$2.12B,1.62%,$0.06B,$0.33B,19.21%,$45,$18,$27,$0,$15,$33,$12,$0,$12,$5,$7,$7,$7,$0,$0,$26,27,$0.28,$0.28,$114,$0,$0,$1869,$12,$186,$5,$36,$255,$2123,$1770,$139,$20,$159,$1928,$0,$119,$-3,$195,$2123,$7,$1,$1,$2,$7,$0,$3,$-1,$9,$19,$-1,$0,$0,$0,$-12,$-12,$-36,$-48,$24,$0,$24,$0,$0,$-1,$39,$62,$33,$0,$-1
47,2006-12-31,17.67,$7.15,2.47,$6.66,2.65,$3.04,5.82,$1.28,13.8,$1.81B,$1.73B,1.05,$0.12B,$0.19B,0.62,$0.18B,$0.12B,65.71%,$0.18B,$0.06B,32.57%,$0.18B,0,0.00%,$0.18B,0,0.00%,$0.18B,$0.06B,32.57%,$0.18B,$0.03B,19.43%,$0.03B,$0.19B,19.97%,$0.03B,$0.18B,20.67%,$0.03B,$2.05B,1.72%,$0.06B,$0.30B,21.57%,$47,$17,$30,$0,$15,$32,$15,$0,$15,$5,$9,$9,$9,$0,$0,$26,26,$0.36,$0.35,$81,$0,$0,$1808,$12,$174,$5,$32,$239,$2047,$1728,$115,$17,$132,$1860,$0,$112,$-3,$187,$2047,$34,$5,$5,$9,$-7,$0,$-0,$-4,$-12,$31,$-6,$0,$0,$7,$11,$18,$-263,$-251,$45,$0,$45,$4,$4,$-3,$188,$235,$15,$1,$-3
