,Date,Stock Price,Book Value per Share,Price to Book Ratio,TTM Sales per Share,Price to Sales Ratio,TTM FCF per Share,Price to FCF Ratio,TTM Net EPS,PE Ratio,Current Assets,Current Liabilities,Current Ratio,Long Term Debt,Shareholder's Equity_x,Debt to Equity Ratio,TTM Revenue_x,TTM Gross Profit,Gross Margin,TTM Revenue_y,TTM Operating Income,Operating Margin,TTM Revenue_x,TTM EBIT,EBIT Margin,TTM Revenue_y,TTM EBITDA,EBITDA Margin,TTM Revenue_x,TTM Pre-Tax Income,Pre-Tax Margin,TTM Revenue_y,TTM Net Income_x,Net Margin,TTM Net Income_y,Shareholder's Equity_y,Return on Equity,TTM Net Income_x,Tangible Equity,Return on Tangible Equity,TTM Net Income_y,Total Assets,Return on Assets,TTM Net Income,LT Investments & Debt,Return on Investment,revenue,cost-goods-sold,gross-profit,research-development-expenses,selling-general-administrative-expenses,operating-expenses,operating-income,total-non-operating-income-expense,pre-tax-income,total-provision-income-taxes,income-after-taxes,income-from-continuous-operations,net-income,ebitda,ebit,basic-shares-outstanding,shares-outstanding,eps-basic-net-earnings-per-share,eps-earnings-per-share-diluted,cash-on-hand,inventory,other-current-assets,total-current-assets,net-property-plant-equipment,long-term-investments,goodwill-intangible-assets-total,other-long-term-assets,total-long-term-assets,total-assets,total-current-liabilities,long-term-debt,other-non-current-liabilities,total-long-term-liabilities,total-liabilities,common-stock-net,retained-earnings-accumulated-deficit,comprehensive-income,total-share-holder-equity,total-liabilities-share-holders-equity,net-income-loss,total-depreciation-amortization-cash-flow,other-non-cash-items,total-non-cash-items,change-in-accounts-receivable,change-in-inventories,change-in-accounts-payable,change-in-assets-liabilities,total-change-in-assets-liabilities,cash-flow-from-operating-activities,net-change-in-property-plant-equipment,net-change-in-intangible-assets,net-acquisitions-divestitures,net-change-in-short-term-investments,net-change-in-long-term-investments,net-change-in-investments-total,investing-activities-other,cash-flow-from-investing-activities,net-long-term-debt,net-current-debt,debt-issuance-retirement-net-total,net-common-equity-issued-repurchased,net-total-equity-issued-repurchased,total-common-preferred-stock-dividends-paid,financial-activities-other,cash-flow-from-financial-activities,net-cash-flow,stock-based-compensation,common-stock-dividends-paid
0,2018-09-30,68.77,$40.21,1.71,$22.80,3.02,$1.82,37.73,$4.37,15.74,$1.12B,$0.38B,2.96,$0.49B,$4.38B,0.11,$2.49B,$0.83B,33.53%,$2.49B,$0.03B,1.29%,$2.49B,$0.03B,1.29%,$2.49B,$0.62B,24.81%,$2.49B,$0.02B,0.60%,$2.49B,$0.48B,19.38%,$0.48B,$4.38B,10.76%,$0.48B,$4.25B,11.12%,$0.48B,$6.22B,7.68%,$0.03B,$4.88B,0.64%,$697,$449,$247,$5,$53,$674,$23,$-4,$19,$17,$2,$2,$2,$174,$23,$109,109,$0.02,$0.02,$326,$158,$0,$1116,$4857,$99,$138,$5,$5099,$6215,$377,$494,$108,$1455,$1832,$11,$4028,$17,$4383,$6215,$483,$585,$-435,$150,$-85,$-22,$-4,$-12,$-88,$545,$-422,$0,$-48,$-2,$0,$-2,$0,$-472,$0,$0,$0,$6,$6,$-308,$-7,$-309,$-237,$32,$-308
1,2018-06-30,63.03,$40.78,1.55,$21.34,2.95,$0.59,107.01,$4.14,15.22,$1.13B,$0.38B,2.97,$0.49B,$4.44B,0.11,$2.32B,$0.75B,32.39%,$2.32B,$-0.02B,-0.90%,$2.32B,$-0.02B,-0.90%,$2.32B,$0.57B,24.42%,$2.32B,$-0.03B,-1.38%,$2.32B,$0.46B,19.68%,$0.46B,$4.44B,10.33%,$0.46B,$4.30B,10.65%,$0.46B,$6.27B,7.22%,$-0.02B,$4.94B,-0.43%,$649,$445,$204,$5,$52,$643,$6,$-4,$2,$11,$-8,$-8,$-8,$151,$6,$109,109,$-0.08,$-0.08,$351,$152,$0,$1133,$4883,$93,$145,$11,$5132,$6266,$382,$494,$100,$1442,$1823,$11,$4103,$9,$4442,$6266,$480,$434,$-475,$-41,$-88,$-15,$7,$-12,$-81,$358,$-295,$0,$-48,$0,$0,$0,$0,$-342,$0,$0,$0,$5,$5,$-230,$-6,$-231,$-215,$23,$-230
2,2018-03-31,65.17,$41.36,1.58,$19.97,3.26,$-0.38,0.0,$4.01,16.25,$1.13B,$0.34B,3.33,$0.49B,$4.50B,0.11,$2.17B,$0.71B,32.64%,$2.17B,$-0.06B,-2.53%,$2.17B,$-0.06B,-2.53%,$2.17B,$0.53B,24.54%,$2.17B,$-0.07B,-3.13%,$2.17B,$0.44B,20.40%,$0.44B,$4.50B,10.12%,$0.44B,$4.36B,10.42%,$0.44B,$6.26B,6.93%,$-0.06B,$5.00B,-1.13%,$577,$386,$192,$4,$48,$579,$-1,$-4,$-6,$-4,$-2,$-2,$-12,$145,$-1,$109,109,$-0.12,$-0.12,$380,$143,$0,$1131,$4899,$73,$146,$12,$5131,$6262,$340,$493,$94,$1418,$1759,$11,$4189,$-5,$4503,$6262,$488,$289,$-485,$-195,$-62,$-6,$-13,$-17,$-96,$197,$-173,$0,$-48,$-5,$0,$-5,$0,$-226,$0,$0,$0,$2,$2,$-153,$-6,$-158,$-187,$16,$-153
3,2017-12-31,62.61,$42.17,1.48,$18.40,3.4,$-0.71,0.0,$3.68,17.01,$1.17B,$0.36B,3.28,$0.49B,$4.59B,0.11,$2.00B,$0.63B,31.25%,$2.00B,$-0.12B,-6.00%,$2.00B,$-0.12B,-6.00%,$2.00B,$0.48B,23.75%,$2.00B,$-0.13B,-6.60%,$2.00B,$0.41B,20.30%,$0.41B,$4.59B,9.36%,$0.41B,$4.44B,9.55%,$0.41B,$6.36B,6.28%,$-0.12B,$5.08B,-2.48%,$564,$373,$191,$3,$47,$561,$4,$-4,$0,$-501,$501,$501,$500,$147,$4,$109,109,$4.57,$4.55,$426,$139,$0,$1166,$4950,$84,$148,$13,$5196,$6362,$356,$493,$88,$1416,$1772,$11,$4278,$2,$4590,$6362,$500,$144,$-498,$-354,$-54,$-2,$-9,$-26,$-74,$72,$-83,$0,$-48,$2,$0,$2,$0,$-129,$0,$0,$0,$1,$1,$-77,$-5,$-81,$-138,$7,$-77
4,2017-09-30,49.87,$38.35,1.3,$16.64,3.0,$-0.67,0.0,$-1.20,0.0,$1.24B,$0.34B,3.59,$0.49B,$4.17B,0.12,$1.81B,$0.56B,30.75%,$1.81B,$-0.17B,-9.58%,$1.81B,$-0.17B,-9.58%,$1.81B,$0.41B,22.88%,$1.81B,$-0.19B,-10.25%,$1.81B,$-0.13B,-7.15%,$-0.13B,$4.17B,-2.99%,$-0.13B,$4.06B,-3.03%,$-0.13B,$6.44B,-1.97%,$-0.17B,$4.66B,-3.60%,$532,$367,$165,$3,$40,$562,$-30,$2,$-28,$-6,$-22,$-22,$-23,$124,$-30,$109,109,$-0.21,$-0.21,$566,$137,$0,$1235,$5001,$84,$102,$17,$5205,$6440,$344,$493,$105,$1931,$2275,$11,$3856,$2,$4165,$6440,$-128,$587,$-14,$572,$-97,$-11,$39,$18,$-83,$362,$-374,$0,$-70,$-0,$0,$-0,$0,$-445,$0,$0,$0,$11,$11,$-306,$-7,$-301,$-384,$26,$-306
5,2017-06-30,51.19,$39.14,1.31,$14.80,3.46,$4.25,12.04,$-1.67,0.0,$1.25B,$0.33B,3.74,$0.49B,$4.25B,0.12,$1.61B,$0.51B,31.59%,$1.61B,$-0.24B,-14.70%,$1.61B,$-0.24B,-14.70%,$1.61B,$0.37B,23.24%,$1.61B,$-0.28B,-17.63%,$1.61B,$-0.18B,-11.15%,$-0.18B,$4.25B,-4.06%,$-0.18B,$4.15B,-4.09%,$-0.18B,$6.51B,-2.70%,$-0.24B,$4.74B,-4.82%,$499,$337,$161,$3,$43,$527,$-28,$-6,$-34,$-10,$-23,$-23,$-22,$117,$-28,$109,109,$-0.21,$-0.21,$613,$138,$0,$1250,$5063,$77,$104,$20,$5264,$6514,$334,$493,$109,$1930,$2264,$11,$3955,$-4,$4250,$6514,$-106,$432,$-21,$411,$-63,$-12,$41,$19,$-65,$240,$-282,$0,$-70,$4,$0,$4,$0,$-349,$0,$0,$0,$11,$11,$-229,$-6,$-224,$-333,$19,$-229
6,2017-03-31,61.94,$40.04,1.55,$13.60,4.55,$8.42,7.35,$-1.66,0.0,$1.36B,$0.30B,4.53,$0.49B,$4.35B,0.11,$1.47B,$0.53B,35.73%,$1.47B,$-0.22B,-15.01%,$1.47B,$-0.22B,-15.01%,$1.47B,$0.38B,25.95%,$1.47B,$-0.27B,-18.14%,$1.47B,$-0.18B,-12.09%,$-0.18B,$4.35B,-3.94%,$-0.18B,$4.35B,-3.94%,$-0.18B,$6.54B,-2.63%,$-0.22B,$4.84B,-4.41%,$405,$297,$108,$3,$34,$471,$-66,$-5,$-70,$-22,$-48,$-48,$-49,$87,$-66,$109,109,$-0.45,$-0.45,$790,$132,$27,$1364,$5061,$88,$0,$25,$5174,$6538,$301,$492,$84,$1889,$2191,$11,$4053,$2,$4347,$6538,$-84,$287,$-33,$254,$30,$-7,$31,$-0,$-20,$150,$-162,$0,$0,$-4,$0,$-4,$0,$-166,$0,$0,$0,$10,$10,$-153,$-6,$-148,$-164,$12,$-153
7,2016-12-31,71.29,$41.23,1.73,$13.91,5.13,$11.50,6.2,$-1.02,0.0,$1.45B,$0.29B,5.04,$0.49B,$4.48B,0.11,$1.51B,$0.64B,42.19%,$1.51B,$-0.11B,-7.51%,$1.51B,$-0.11B,-7.51%,$1.51B,$0.48B,31.76%,$1.51B,$-0.16B,-10.63%,$1.51B,$-0.11B,-7.18%,$-0.11B,$4.48B,-2.33%,$-0.11B,$4.48B,-2.33%,$-0.11B,$6.68B,-1.57%,$-0.11B,$4.97B,-2.21%,$369,$248,$121,$3,$34,$418,$-49,$-4,$-53,$-18,$-35,$-35,$-35,$85,$-49,$108,108,$-0.33,$-0.33,$871,$126,$45,$1445,$5103,$105,$0,$24,$5232,$6678,$287,$492,$86,$1915,$2202,$11,$4178,$13,$4476,$6678,$-35,$134,$-9,$125,$46,$-2,$16,$-9,$-16,$74,$-81,$0,$0,$-1,$0,$-1,$0,$-82,$0,$0,$0,$10,$10,$-76,$-6,$-72,$-80,$6,$-76
8,2016-09-30,61.3,$42.20,1.45,$15.00,4.09,$13.40,4.57,$-0.54,0.0,$1.57B,$0.33B,4.76,$0.49B,$4.56B,0.11,$1.62B,$0.73B,44.64%,$1.62B,$-0.03B,-1.54%,$1.62B,$-0.03B,-1.54%,$1.62B,$0.57B,35.34%,$1.62B,$-0.07B,-4.43%,$1.62B,$-0.06B,-3.51%,$-0.06B,$4.56B,-1.21%,$-0.06B,$4.56B,-1.21%,$-0.06B,$6.83B,-0.82%,$-0.03B,$5.05B,-0.48%,$332,$214,$117,$2,$34,$425,$-93,$-33,$-126,$-53,$-73,$-73,$-73,$84,$-93,$108,108,$-0.68,$-0.68,$950,$124,$45,$1573,$5145,$85,$6,$24,$5259,$6832,$330,$492,$103,$1941,$2271,$11,$4290,$-0,$4561,$6832,$-57,$600,$114,$714,$73,$2,$-11,$-19,$98,$755,$-235,$0,$0,$1,$0,$1,$0,$-234,$-40,$0,$-40,$3,$3,$-300,$-7,$-344,$176,$24,$-300
9,2016-06-30,60.47,$43.51,1.39,$17.03,3.55,$11.54,5.24,$-0.06,0.0,$1.54B,$0.33B,4.71,$0.49B,$4.70B,0.11,$1.85B,$0.84B,45.29%,$1.85B,$0.04B,2.33%,$1.85B,$0.04B,2.33%,$1.85B,$0.64B,34.67%,$1.85B,$0.02B,1.30%,$1.85B,$-0.01B,-0.54%,$-0.01B,$4.70B,-0.21%,$-0.01B,$4.70B,-0.21%,$-0.01B,$6.98B,-0.14%,$0.04B,$5.20B,0.81%,$366,$186,$180,$3,$46,$380,$-13,$-5,$-18,$3,$-21,$-21,$-21,$126,$-13,$108,108,$-0.20,$-0.20,$957,$129,$22,$1538,$5306,$100,$0,$33,$5439,$6977,$327,$493,$93,$1948,$2275,$11,$4439,$-3,$4701,$6977,$16,$423,$100,$524,$98,$-0,$-14,$-25,$76,$615,$-207,$0,$0,$-4,$0,$-4,$0,$-211,$0,$0,$0,$0,$0,$-224,$-3,$-227,$178,$20,$-224
10,2016-03-31,52.29,$44.26,1.18,$19.74,2.65,$9.58,5.46,$0.97,53.9,$1.46B,$0.37B,3.93,$0.49B,$4.78B,0.1,$2.14B,$0.97B,45.17%,$2.14B,$0.19B,8.92%,$2.14B,$0.19B,8.92%,$2.14B,$0.79B,37.09%,$2.14B,$0.17B,8.03%,$2.14B,$0.10B,4.76%,$0.10B,$4.78B,2.09%,$0.10B,$4.78B,2.09%,$0.10B,$7.03B,1.42%,$0.19B,$5.28B,3.55%,$438,$222,$217,$2,$34,$397,$42,$-4,$37,$12,$25,$25,$21,$183,$42,$108,108,$0.19,$0.19,$944,$130,$0,$1460,$5446,$83,$0,$35,$5565,$7025,$371,$493,$96,$1872,$2243,$11,$4536,$-13,$4782,$7025,$37,$284,$17,$301,$115,$-1,$-14,$-0,$154,$493,$-171,$0,$0,$-0,$0,$-0,$0,$-171,$0,$0,$0,$-0,$-0,$-149,$-3,$-153,$169,$14,$-149
11,2015-12-31,46.99,$44.72,1.05,$23.87,1.97,$7.22,6.51,$2.15,21.85,$1.48B,$0.41B,3.61,$0.49B,$4.83B,0.1,$2.59B,$1.17B,45.15%,$2.59B,$0.38B,14.68%,$2.59B,$0.38B,14.68%,$2.59B,$0.99B,38.35%,$2.59B,$0.37B,14.14%,$2.59B,$0.24B,9.08%,$0.24B,$4.83B,4.76%,$0.24B,$4.83B,4.76%,$0.24B,$7.13B,3.25%,$0.38B,$5.32B,6.97%,$488,$277,$211,$3,$32,$449,$39,$-4,$35,$19,$16,$16,$16,$181,$39,$108,108,$0.15,$0.15,$896,$127,$0,$1477,$5531,$85,$0,$38,$5654,$7130,$409,$493,$98,$1891,$2300,$11,$4590,$-12,$4830,$7130,$16,$142,$24,$166,$72,$1,$-11,$-14,$126,$308,$-108,$0,$0,$-2,$0,$-2,$0,$-111,$0,$0,$0,$-0,$-0,$-75,$-4,$-79,$119,$8,$-75
12,2015-09-30,40.99,$45.43,0.9,$29.12,1.41,$5.65,7.25,$3.85,10.65,$1.44B,$0.35B,4.13,$0.49B,$4.90B,0.1,$3.16B,$1.46B,46.14%,$3.16B,$0.67B,21.22%,$3.16B,$0.67B,21.22%,$3.16B,$1.28B,40.51%,$3.16B,$0.66B,20.90%,$3.16B,$0.42B,13.31%,$0.42B,$4.90B,8.49%,$0.42B,$4.90B,8.49%,$0.42B,$7.15B,5.88%,$0.67B,$5.39B,12.52%,$554,$326,$228,$4,$38,$579,$-25,$-5,$-30,$-2,$-28,$-28,$-26,$150,$-25,$108,109,$-0.25,$-0.25,$775,$129,$0,$1439,$5563,$104,$0,$41,$5708,$7147,$348,$492,$110,$1903,$2251,$11,$4648,$-1,$4896,$7147,$420,$609,$193,$801,$259,$-23,$-39,$34,$207,$1429,$-1109,$0,$0,$-46,$0,$-46,$0,$-1154,$457,$0,$457,$-57,$-57,$-298,$-7,$95,$369,$25,$-298
13,2015-06-30,60.4,$46.64,1.3,$33.01,1.83,$4.61,13.1,$5.58,10.83,$1.50B,$0.35B,4.33,$0.53B,$5.02B,0.11,$3.59B,$1.68B,46.67%,$3.59B,$0.96B,26.69%,$3.59B,$0.96B,26.69%,$3.59B,$1.54B,43.02%,$3.59B,$0.95B,26.53%,$3.59B,$0.61B,17.11%,$0.61B,$5.02B,12.38%,$0.61B,$5.02B,12.38%,$0.61B,$7.34B,8.71%,$0.96B,$5.55B,18.27%,$661,$351,$311,$3,$29,$526,$135,$-5,$130,$39,$91,$91,$91,$280,$135,$108,108,$0.84,$0.83,$771,$128,$0,$1502,$5630,$160,$0,$44,$5834,$7336,$347,$532,$105,$1968,$2314,$11,$4746,$37,$5022,$7336,$448,$434,$157,$591,$230,$-22,$-41,$10,$112,$1152,$-954,$0,$0,$0,$0,$0,$0,$-954,$497,$11,$508,$-60,$-60,$-224,$-7,$217,$414,$19,$-224
14,2015-03-31,57.86,$46.47,1.25,$35.62,1.62,$4.60,12.59,$6.50,8.9,$1.57B,$0.39B,4.01,$0.53B,$5.00B,0.11,$3.88B,$1.80B,46.42%,$3.88B,$1.10B,28.22%,$3.88B,$1.10B,28.22%,$3.88B,$1.67B,42.91%,$3.88B,$1.12B,28.79%,$3.88B,$0.72B,18.43%,$0.72B,$5.00B,14.57%,$0.72B,$5.00B,14.57%,$0.72B,$7.34B,10.38%,$1.10B,$5.54B,21.55%,$886,$467,$419,$5,$35,$654,$231,$0,$231,$78,$154,$154,$154,$382,$231,$108,108,$1.42,$1.41,$719,$124,$0,$1568,$5573,$165,$0,$38,$5776,$7344,$391,$533,$93,$1951,$2342,$11,$4729,$40,$5002,$7344,$357,$289,$140,$428,$72,$-18,$3,$22,$31,$817,$-751,$0,$0,$0,$0,$0,$0,$-751,$497,$13,$510,$-61,$-61,$-149,$-6,$294,$359,$13,$-149
15,2014-12-31,56.71,$45.72,1.24,$35.64,1.59,$5.79,9.79,$6.72,8.44,$1.21B,$0.45B,2.7,$0.04B,$4.92B,0.01,$3.89B,$1.80B,46.18%,$3.89B,$1.12B,28.79%,$3.89B,$1.12B,28.79%,$3.89B,$1.66B,42.76%,$3.89B,$1.16B,29.87%,$3.89B,$0.74B,18.93%,$0.74B,$4.92B,15.24%,$0.74B,$4.92B,15.24%,$0.74B,$6.80B,11.02%,$1.12B,$4.96B,22.89%,$1061,$559,$501,$4,$33,$730,$330,$0,$330,$127,$204,$204,$202,$469,$330,$108,109,$1.87,$1.86,$252,$111,$0,$1210,$5400,$166,$0,$26,$5592,$6802,$447,$40,$71,$1433,$1880,$11,$4654,$41,$4921,$6802,$204,$138,$128,$266,$-45,$-5,$5,$6,$-76,$393,$-363,$0,$0,$0,$0,$0,$0,$-363,$0,$0,$0,$-62,$-62,$-75,$-2,$-138,$-108,$7,$-75
16,2014-09-30,81.67,$45.19,1.81,$34.08,2.4,$7.10,11.51,$6.46,12.64,$1.28B,$0.51B,2.52,$0.04B,$4.89B,0.01,$3.72B,$1.71B,46.00%,$3.72B,$1.05B,28.34%,$3.72B,$1.05B,28.34%,$3.72B,$1.58B,42.45%,$3.72B,$1.09B,29.45%,$3.72B,$0.71B,19.03%,$0.71B,$4.89B,14.91%,$0.71B,$4.89B,14.91%,$0.71B,$6.72B,10.75%,$1.05B,$4.93B,21.89%,$981,$537,$444,$4,$34,$719,$262,$-1,$261,$95,$167,$167,$167,$413,$262,$108,109,$1.53,$1.51,$361,$106,$0,$1277,$5189,$237,$0,$19,$5444,$6721,$507,$40,$64,$1323,$1830,$11,$4526,$83,$4891,$6721,$707,$524,$-10,$514,$-70,$-17,$-16,$-23,$-92,$1129,$-921,$0,$0,$0,$49,$49,$0,$-872,$-115,$0,$-115,$23,$23,$-264,$24,$-333,$-76,$27,$-264
17,2014-06-30,96.25,$44.54,2.16,$33.11,2.91,$7.20,13.37,$6.40,15.04,$1.45B,$0.50B,2.89,$0.08B,$4.82B,0.02,$3.60B,$1.66B,46.01%,$3.60B,$1.03B,28.73%,$3.60B,$1.03B,28.73%,$3.60B,$1.53B,42.40%,$3.60B,$1.08B,29.95%,$3.60B,$0.70B,19.45%,$0.70B,$4.82B,15.12%,$0.70B,$4.82B,15.12%,$0.70B,$6.69B,10.83%,$1.03B,$4.90B,21.95%,$952,$515,$437,$4,$34,$680,$272,$23,$295,$103,$192,$192,$192,$401,$272,$108,109,$1.77,$1.75,$550,$106,$0,$1450,$4944,$279,$0,$20,$5243,$6693,$502,$80,$57,$1372,$1874,$11,$4432,$112,$4819,$6693,$540,$373,$-8,$366,$-84,$-17,$-31,$-6,$-108,$798,$-601,$0,$0,$0,$49,$49,$0,$-551,$0,$0,$0,$22,$22,$-190,$23,$-144,$102,$21,$-190
18,2014-03-31,88.65,$43.38,2.04,$32.19,2.75,$6.92,12.81,$7.11,12.47,$1.39B,$0.44B,3.17,$0.08B,$4.69B,0.02,$3.49B,$1.61B,46.11%,$3.49B,$1.00B,28.74%,$3.49B,$1.00B,28.74%,$3.49B,$1.48B,42.53%,$3.49B,$1.17B,33.64%,$3.49B,$0.77B,22.20%,$0.77B,$4.69B,17.20%,$0.77B,$4.69B,17.20%,$0.77B,$6.49B,12.21%,$1.00B,$4.77B,21.75%,$893,$480,$413,$4,$34,$638,$255,$20,$275,$101,$175,$175,$175,$379,$255,$108,109,$1.61,$1.59,$585,$100,$0,$1389,$4801,$285,$0,$13,$5099,$6488,$438,$80,$57,$1362,$1800,$11,$4315,$113,$4688,$6488,$348,$244,$-5,$240,$-2,$-11,$-25,$12,$-47,$540,$-343,$0,$0,$0,$23,$23,$0,$-320,$0,$0,$0,$20,$20,$-122,$19,$-83,$137,$13,$-122
19,2013-12-31,68.8,$42.52,1.62,$31.77,2.17,$5.79,11.89,$6.91,9.96,$1.39B,$0.48B,2.91,$0.08B,$4.57B,0.02,$3.43B,$1.57B,45.80%,$3.43B,$0.98B,28.55%,$3.43B,$0.98B,28.55%,$3.43B,$1.45B,42.22%,$3.43B,$1.13B,32.93%,$3.43B,$0.75B,21.85%,$0.75B,$4.57B,17.16%,$0.75B,$4.57B,17.16%,$0.75B,$6.41B,12.05%,$0.98B,$4.65B,21.74%,$889,$474,$415,$4,$32,$625,$264,$-1,$263,$90,$173,$173,$173,$384,$264,$107,109,$1.61,$1.59,$581,$97,$0,$1391,$4694,$312,$0,$13,$5019,$6411,$479,$80,$60,$1363,$1842,$11,$4208,$130,$4569,$6411,$173,$120,$3,$124,$-9,$-8,$-26,$14,$8,$305,$-133,$0,$0,$0,$0,$0,$0,$-133,$0,$0,$0,$8,$8,$-54,$7,$-39,$134,$7,$-54
20,2013-09-30,56.06,$41.64,1.35,$31.45,1.78,$5.41,10.36,$6.80,8.24,$1.26B,$0.45B,2.78,$0.08B,$4.44B,0.02,$3.39B,$1.54B,45.31%,$3.39B,$0.96B,28.25%,$3.39B,$0.96B,28.25%,$3.39B,$1.41B,41.68%,$3.39B,$1.11B,32.85%,$3.39B,$0.74B,21.75%,$0.74B,$4.44B,17.44%,$0.74B,$4.44B,17.44%,$0.74B,$6.27B,12.08%,$0.96B,$4.52B,21.79%,$865,$473,$391,$4,$30,$621,$243,$2,$245,$86,$160,$160,$160,$362,$243,$106,108,$1.49,$1.46,$448,$89,$0,$1258,$4676,$316,$0,$14,$5007,$6265,$452,$80,$65,$1369,$1821,$11,$4103,$133,$4444,$6265,$737,$456,$-137,$319,$-5,$-12,$-52,$-12,$-59,$997,$-781,$0,$0,$0,$232,$232,$15,$-534,$-40,$0,$-40,$13,$13,$-93,$8,$-112,$352,$23,$-93
21,2013-06-30,50.4,$40.35,1.25,$31.09,1.62,$2.88,17.53,$6.79,7.42,$1.28B,$0.43B,2.96,$0.20B,$4.30B,0.05,$3.35B,$1.53B,45.53%,$3.35B,$0.95B,28.43%,$3.35B,$0.95B,28.43%,$3.35B,$1.41B,41.92%,$3.35B,$1.11B,33.00%,$3.35B,$0.74B,21.93%,$0.74B,$4.30B,18.04%,$0.74B,$4.30B,18.04%,$0.74B,$6.20B,12.32%,$0.95B,$4.49B,22.33%,$840,$451,$389,$4,$31,$600,$240,$150,$390,$139,$251,$251,$266,$358,$240,$106,108,$2.49,$2.46,$480,$87,$0,$1280,$4613,$288,$0,$16,$4917,$6198,$433,$195,$81,$1470,$1903,$11,$3997,$105,$4295,$6198,$577,$337,$-153,$183,$-6,$-10,$-63,$-2,$1,$762,$-597,$0,$0,$0,$232,$232,$15,$-350,$0,$0,$0,$6,$6,$-40,$6,$-28,$384,$17,$-40
22,2013-03-31,48.87,$39.23,1.25,$30.85,1.58,$0.15,318.57,$5.71,8.56,$0.93B,$0.31B,3.06,$0.20B,$4.18B,0.05,$3.33B,$1.49B,44.81%,$3.33B,$0.95B,28.39%,$3.33B,$0.95B,28.39%,$3.33B,$1.38B,41.27%,$3.33B,$0.95B,28.42%,$3.33B,$0.62B,18.58%,$0.62B,$4.18B,15.84%,$0.62B,$4.18B,15.84%,$0.62B,$6.01B,10.68%,$0.95B,$4.37B,23.00%,$838,$462,$377,$4,$33,$605,$233,$-1,$232,$81,$151,$151,$151,$345,$233,$106,108,$1.41,$1.39,$173,$83,$0,$932,$4561,$501,$0,$19,$5080,$6012,$305,$195,$86,$1533,$1838,$11,$3784,$205,$4175,$6012,$311,$219,$17,$236,$13,$-6,$-70,$19,$-53,$494,$-422,$0,$0,$0,$18,$18,$0,$-404,$0,$0,$0,$5,$5,$-23,$5,$-13,$77,$12,$-23
23,2012-12-31,44.99,$37.56,1.2,$30.14,1.49,$-0.77,0.0,$5.50,8.18,$0.98B,$0.43B,2.29,$0.20B,$3.99B,0.05,$3.26B,$1.44B,44.06%,$3.26B,$0.92B,28.19%,$3.26B,$0.92B,28.19%,$3.26B,$1.33B,40.69%,$3.26B,$0.92B,28.19%,$3.26B,$0.60B,18.29%,$0.60B,$3.99B,15.85%,$0.60B,$3.99B,15.85%,$0.60B,$5.93B,10.56%,$0.92B,$4.19B,23.11%,$845,$467,$378,$3,$32,$604,$241,$6,$246,$87,$160,$160,$160,$347,$241,$106,107,$1.50,$1.48,$241,$79,$0,$979,$4491,$442,$0,$22,$4955,$5934,$427,$195,$93,$1517,$1944,$11,$3649,$167,$3990,$5934,$160,$107,$4,$110,$40,$-2,$-54,$24,$72,$342,$-212,$0,$0,$0,$18,$18,$0,$-194,$0,$0,$0,$0,$0,$-7,$4,$-3,$145,$6,$-7
24,2012-09-30,38.19,$36.28,1.05,$29.01,1.32,$-2.08,0.0,$5.34,7.15,$0.90B,$0.38B,2.35,$0.20B,$3.84B,0.05,$3.15B,$1.40B,44.48%,$3.15B,$0.91B,28.87%,$3.15B,$0.91B,28.87%,$3.15B,$1.30B,41.18%,$3.15B,$0.90B,28.62%,$3.15B,$0.58B,18.43%,$0.58B,$3.84B,16.01%,$0.58B,$3.84B,16.01%,$0.58B,$5.72B,10.59%,$0.91B,$4.03B,23.61%,$829,$447,$382,$5,$28,$590,$239,$-1,$238,$89,$150,$150,$158,$355,$239,$107,108,$1.48,$1.46,$96,$79,$0,$895,$4352,$451,$0,$23,$4826,$5721,$381,$195,$98,$1505,$1886,$11,$3505,$167,$3835,$5721,$581,$388,$188,$576,$-160,$-22,$55,$-29,$-157,$1000,$-1058,$0,$0,$0,$0,$0,$8,$-1050,$-115,$0,$-115,$-75,$-75,$-30,$2,$-218,$-268,$18,$-30
25,2012-06-30,34.82,$34.39,1.01,$27.81,1.25,$1.31,26.63,$4.99,6.98,$0.94B,$0.41B,2.28,$0.24B,$3.64B,0.07,$3.02B,$1.32B,43.78%,$3.02B,$0.86B,28.57%,$3.02B,$0.86B,28.57%,$3.02B,$1.22B,40.44%,$3.02B,$0.85B,28.17%,$3.02B,$0.54B,17.99%,$0.54B,$3.64B,15.60%,$0.54B,$3.64B,15.60%,$0.54B,$5.52B,10.25%,$0.86B,$3.87B,23.21%,$820,$464,$356,$4,$26,$587,$233,$-2,$231,$81,$150,$150,$150,$328,$233,$107,108,$1.40,$1.38,$149,$70,$0,$943,$4170,$383,$0,$23,$4576,$5518,$414,$235,$99,$1470,$1884,$11,$3356,$121,$3635,$5518,$424,$272,$144,$416,$-144,$-16,$-14,$-45,$-227,$613,$-742,$0,$0,$0,$0,$0,$0,$-742,$0,$4,$4,$-69,$-69,$-23,$2,$-86,$-215,$13,$-23
26,2012-03-31,43.14,$33.54,1.29,$26.17,1.65,$4.56,9.45,$4.62,9.34,$1.00B,$0.39B,2.59,$0.24B,$3.60B,0.07,$2.85B,$1.25B,43.79%,$2.85B,$0.81B,28.27%,$2.85B,$0.81B,28.27%,$2.85B,$1.15B,40.34%,$2.85B,$0.79B,27.88%,$2.85B,$0.50B,17.70%,$0.50B,$3.60B,14.89%,$0.50B,$3.60B,14.89%,$0.50B,$5.44B,9.78%,$0.81B,$3.84B,22.07%,$770,$448,$322,$4,$28,$563,$207,$-2,$205,$75,$130,$130,$129,$298,$207,$107,109,$1.20,$1.18,$324,$61,$0,$999,$3975,$444,$0,$22,$4442,$5441,$386,$235,$103,$1453,$1839,$11,$3213,$159,$3602,$5441,$274,$177,$96,$274,$-51,$-7,$-12,$-25,$-109,$439,$-467,$0,$0,$0,$0,$0,$0,$-467,$0,$0,$0,$2,$2,$-15,$2,$-12,$-40,$9,$-15
27,2011-12-31,46.61,$32.10,1.45,$24.67,1.89,$6.50,7.17,$4.35,10.72,$1.00B,$0.43B,2.34,$0.24B,$3.45B,0.07,$2.68B,$1.19B,44.33%,$2.68B,$0.76B,28.41%,$2.68B,$0.76B,28.41%,$2.68B,$1.09B,40.68%,$2.68B,$0.75B,27.89%,$2.68B,$0.47B,17.67%,$0.47B,$3.45B,14.51%,$0.47B,$3.45B,14.51%,$0.47B,$5.26B,9.53%,$0.76B,$3.68B,21.42%,$733,$391,$342,$3,$26,$502,$231,$-2,$228,$84,$144,$144,$144,$317,$231,$107,109,$1.34,$1.32,$348,$59,$0,$1003,$3832,$400,$0,$22,$4254,$5258,$429,$235,$97,$1383,$1812,$11,$3091,$132,$3446,$5258,$144,$86,$57,$143,$-35,$-5,$18,$-31,$-51,$237,$-247,$0,$0,$0,$0,$0,$0,$-247,$0,$0,$0,$0,$0,$-8,$1,$-6,$-16,$4,$-8
28,2011-09-30,32.39,$30.54,1.06,$23.45,1.38,$7.76,4.17,$3.99,8.12,$0.96B,$0.42B,2.3,$0.24B,$3.27B,0.07,$2.54B,$1.11B,43.71%,$2.54B,$0.70B,27.59%,$2.54B,$0.70B,27.59%,$2.54B,$1.02B,40.02%,$2.54B,$0.69B,27.00%,$2.54B,$0.43B,17.06%,$0.43B,$3.27B,13.80%,$0.43B,$3.27B,13.80%,$0.43B,$5.00B,9.09%,$0.70B,$3.51B,20.25%,$701,$397,$304,$4,$23,$508,$193,$-5,$188,$67,$122,$122,$121,$280,$193,$107,109,$1.14,$1.11,$364,$54,$0,$956,$3677,$348,$0,$23,$4048,$5004,$417,$235,$104,$1317,$1734,$11,$2954,$99,$3270,$5004,$434,$315,$185,$501,$-3,$-11,$17,$19,$43,$978,$-667,$0,$-4,$0,$4,$4,$0,$-668,$0,$-10,$-10,$15,$15,$-27,$13,$-9,$301,$12,$-27
29,2011-06-30,52.68,$30.10,1.75,$22.20,2.37,$6.22,8.48,$3.65,14.43,$0.88B,$0.26B,3.37,$0.35B,$3.22B,0.11,$2.40B,$1.04B,43.21%,$2.40B,$0.64B,26.73%,$2.40B,$0.64B,26.73%,$2.40B,$0.94B,39.30%,$2.40B,$0.63B,26.23%,$2.40B,$0.40B,16.49%,$0.40B,$3.22B,13.07%,$0.40B,$3.22B,13.07%,$0.40B,$4.91B,8.62%,$0.64B,$3.57B,18.98%,$644,$366,$279,$4,$24,$470,$174,$-2,$173,$63,$110,$110,$110,$254,$174,$107,109,$1.02,$1.01,$288,$49,$0,$883,$3554,$453,$0,$22,$4028,$4911,$262,$350,$92,$1429,$1691,$11,$2840,$169,$3220,$4911,$313,$228,$154,$382,$13,$-6,$-14,$-7,$2,$696,$-472,$0,$-4,$0,$4,$4,$0,$-472,$0,$-5,$-5,$14,$14,$-19,$11,$1,$225,$9,$-19
30,2011-03-31,54.67,$29.26,1.87,$20.78,2.63,$5.26,10.39,$2.30,23.77,$0.80B,$0.22B,3.73,$0.35B,$3.13B,0.11,$2.24B,$0.96B,42.70%,$2.24B,$0.58B,25.84%,$2.24B,$0.58B,25.84%,$2.24B,$0.87B,38.69%,$2.24B,$0.57B,25.26%,$2.24B,$0.25B,11.11%,$0.25B,$3.13B,8.58%,$0.25B,$3.13B,8.58%,$0.25B,$4.73B,5.68%,$0.58B,$3.48B,17.74%,$604,$340,$264,$4,$24,$440,$164,$-5,$159,$60,$99,$99,$99,$240,$164,$107,109,$0.92,$0.91,$241,$46,$0,$804,$3421,$481,$0,$21,$3922,$4726,$216,$350,$102,$1383,$1599,$11,$2738,$184,$3127,$4726,$203,$149,$95,$244,$24,$-2,$-17,$14,$4,$452,$-269,$0,$-4,$0,$0,$0,$0,$-273,$0,$-10,$-10,$11,$11,$-13,$11,$-1,$178,$6,$-13
31,2010-12-31,38.55,$27.89,1.38,$19.28,2.0,$4.39,8.78,$1.82,21.18,$0.71B,$0.21B,3.35,$0.35B,$2.96B,0.12,$2.07B,$0.88B,42.48%,$2.07B,$0.52B,24.93%,$2.07B,$0.52B,24.93%,$2.07B,$0.79B,38.19%,$2.07B,$0.51B,24.35%,$2.07B,$0.20B,9.50%,$0.20B,$2.96B,6.99%,$0.20B,$2.96B,6.99%,$0.20B,$4.47B,4.63%,$0.52B,$3.31B,16.14%,$595,$330,$265,$3,$20,$424,$171,$-4,$167,$62,$104,$104,$104,$244,$171,$106,108,$0.98,$0.96,$174,$44,$0,$710,$3337,$398,$0,$21,$3755,$4466,$212,$350,$100,$1290,$1502,$11,$2646,$132,$2963,$4466,$104,$73,$43,$116,$45,$-0,$-25,$13,$19,$239,$-113,$0,$-4,$0,$0,$0,$0,$-117,$0,$-10,$-10,$3,$3,$-6,$3,$-11,$111,$3,$-6
32,2010-09-30,32.13,$26.53,1.21,$17.46,1.84,$3.78,8.49,$1.45,22.16,$0.65B,$0.23B,2.81,$0.36B,$2.81B,0.13,$1.88B,$0.80B,42.88%,$1.88B,$0.45B,24.05%,$1.88B,$0.45B,24.05%,$1.88B,$0.71B,38.08%,$1.88B,$0.44B,23.41%,$1.88B,$0.16B,8.32%,$0.16B,$2.81B,5.64%,$0.16B,$2.81B,5.64%,$0.16B,$4.27B,3.72%,$0.45B,$3.17B,14.28%,$559,$329,$230,$4,$20,$426,$133,$-3,$131,$47,$83,$83,$83,$206,$133,$106,107,$0.78,$0.77,$63,$43,$0,$653,$3275,$321,$0,$17,$3613,$4265,$233,$360,$92,$1225,$1458,$11,$2548,$84,$2807,$4265,$156,$263,$242,$505,$-224,$-4,$17,$-4,$-199,$462,$-322,$0,$0,$-0,$13,$13,$-0,$-309,$0,$-167,$-167,$-0,$-0,$-22,$3,$-186,$-33,$16,$-22
33,2010-06-30,28.95,$25.57,1.13,$15.21,1.9,$2.73,10.6,$1.16,24.96,$0.55B,$0.21B,2.6,$0.39B,$2.71B,0.14,$1.63B,$0.74B,45.55%,$1.63B,$0.42B,25.44%,$1.63B,$0.42B,25.44%,$1.63B,$0.67B,40.83%,$1.63B,$0.40B,24.46%,$1.63B,$0.12B,7.60%,$0.12B,$2.71B,4.53%,$0.12B,$2.71B,4.53%,$0.12B,$4.07B,2.97%,$0.42B,$3.10B,13.21%,$483,$286,$198,$3,$20,$372,$111,$-3,$109,$44,$65,$65,$-37,$177,$111,$106,107,$-0.35,$-0.34,$78,$44,$0,$549,$3236,$275,$0,$14,$3524,$4074,$211,$390,$73,$1157,$1368,$11,$2471,$62,$2706,$4074,$73,$189,$173,$363,$-101,$-4,$-7,$-11,$-103,$333,$-214,$0,$0,$-0,$13,$13,$-0,$-201,$0,$-137,$-137,$-0,$-0,$-16,$3,$-150,$-18,$13,$-16
34,2010-03-31,30.15,$26.44,1.14,$14.32,2.11,$1.68,17.9,$2.00,15.08,$0.55B,$0.18B,3.01,$0.44B,$2.80B,0.16,$1.53B,$0.73B,47.32%,$1.53B,$0.41B,26.76%,$1.53B,$0.41B,26.76%,$1.53B,$0.65B,42.36%,$1.53B,$0.39B,25.65%,$1.53B,$0.21B,13.97%,$0.21B,$2.80B,7.91%,$0.21B,$2.80B,7.91%,$0.21B,$4.21B,5.13%,$0.41B,$3.24B,13.12%,$437,$248,$188,$3,$21,$335,$102,$-4,$98,$24,$74,$74,$47,$165,$102,$106,107,$0.44,$0.43,$126,$46,$0,$550,$3285,$356,$0,$14,$3655,$4206,$183,$440,$77,$1228,$1411,$11,$2514,$112,$2795,$4206,$110,$124,$59,$183,$-47,$-1,$-6,$-13,$-67,$226,$-139,$0,$0,$-0,$13,$13,$-0,$-126,$0,$-87,$-87,$0,$0,$-11,$2,$-95,$4,$10,$-11
35,2009-12-31,31.54,$26.08,1.21,$15.15,2.08,$0.58,54.02,$2.55,12.37,$0.58B,$0.32B,1.81,$0.38B,$2.76B,0.14,$1.62B,$0.79B,49.16%,$1.62B,$0.49B,30.40%,$1.62B,$0.49B,30.40%,$1.62B,$0.72B,44.83%,$1.62B,$0.48B,29.60%,$1.62B,$0.27B,16.78%,$0.27B,$2.76B,10.31%,$0.27B,$2.76B,10.31%,$0.27B,$4.24B,6.59%,$0.49B,$3.14B,16.13%,$396,$209,$188,$2,$21,$291,$105,$-4,$101,$37,$64,$64,$63,$166,$105,$106,107,$0.60,$0.59,$166,$46,$0,$580,$3274,$367,$0,$15,$3655,$4236,$320,$380,$78,$1159,$1480,$11,$2473,$119,$2756,$4236,$63,$61,$14,$75,$-26,$-2,$-18,$-8,$-16,$122,$-62,$0,$0,$-0,$0,$-0,$0,$-62,$0,$-42,$-42,$-1,$-1,$-5,$2,$-46,$14,$7,$-5
36,2009-09-30,31.22,$25.43,1.23,$17.33,1.8,$0.08,405.45,$3.32,9.4,$0.52B,$0.30B,1.73,$0.42B,$2.68B,0.16,$1.84B,$0.90B,48.78%,$1.84B,$0.61B,32.99%,$1.84B,$0.61B,32.99%,$1.84B,$0.84B,45.31%,$1.84B,$0.60B,32.45%,$1.84B,$0.35B,19.15%,$0.35B,$2.68B,13.91%,$0.35B,$2.68B,13.91%,$0.35B,$4.16B,8.82%,$0.61B,$3.10B,20.40%,$315,$146,$169,$3,$13,$218,$97,$-6,$91,$28,$64,$64,$51,$158,$97,$105,107,$0.49,$0.47,$109,$40,$1,$523,$3194,$356,$0,$16,$3638,$4161,$302,$420,$74,$1176,$1478,$11,$2415,$112,$2683,$4161,$354,$228,$194,$422,$157,$-11,$-25,$-11,$121,$896,$-869,$0,$-0,$-13,$0,$-13,$-3,$-884,$-25,$50,$25,$1,$1,$-21,$1,$7,$19,$8,$-21
37,2009-06-30,24.34,$24.60,0.99,$18.28,1.33,$-0.99,0.0,$4.02,6.06,$0.59B,$0.36B,1.65,$0.43B,$2.59B,0.17,$1.95B,$0.92B,47.46%,$1.95B,$0.65B,33.37%,$1.95B,$0.65B,33.37%,$1.95B,$0.86B,44.37%,$1.95B,$0.64B,32.90%,$1.95B,$0.43B,22.01%,$0.43B,$2.59B,17.59%,$0.43B,$2.59B,17.59%,$0.43B,$4.08B,11.09%,$0.65B,$3.02B,22.46%,$384,$205,$180,$3,$14,$278,$106,$-3,$103,$35,$68,$68,$53,$160,$106,$105,107,$0.50,$0.50,$154,$46,$0,$592,$3209,$268,$0,$11,$3488,$4080,$359,$430,$49,$1127,$1486,$11,$2369,$72,$2594,$4080,$302,$166,$164,$330,$145,$-12,$-15,$-15,$103,$734,$-728,$0,$0,$-13,$0,$-13,$-3,$-744,$0,$67,$67,$1,$1,$-16,$1,$53,$44,$6,$-16
38,2009-03-31,17.93,$23.60,0.76,$19.57,0.92,$-1.61,0.0,$4.70,3.81,$0.71B,$0.43B,1.65,$0.43B,$2.49B,0.17,$2.08B,$0.99B,47.55%,$2.08B,$0.72B,34.60%,$2.08B,$0.72B,34.60%,$2.08B,$0.93B,44.72%,$2.08B,$0.73B,34.93%,$2.08B,$0.50B,23.99%,$0.50B,$2.49B,21.50%,$0.50B,$2.49B,21.50%,$0.50B,$3.98B,13.57%,$0.72B,$2.92B,25.86%,$520,$263,$257,$2,$16,$337,$183,$-0,$183,$83,$100,$104,$104,$240,$183,$105,106,$0.98,$0.98,$139,$42,$0,$705,$3087,$176,$0,$12,$3275,$3980,$429,$430,$54,$1065,$1494,$11,$2321,$16,$2486,$3980,$249,$112,$100,$212,$2,$-9,$15,$5,$30,$490,$-522,$0,$0,$-13,$0,$-13,$0,$-534,$0,$58,$58,$0,$0,$-11,$0,$48,$5,$4,$-11
39,2008-12-31,17.87,$22.66,0.79,$19.14,0.93,$-1.83,0.0,$4.68,3.82,$0.72B,$0.36B,1.99,$0.49B,$2.39B,0.21,$2.04B,$0.95B,46.81%,$2.04B,$0.69B,34.05%,$2.04B,$0.69B,34.05%,$2.04B,$0.90B,44.16%,$2.04B,$0.70B,34.49%,$2.04B,$0.50B,24.44%,$0.50B,$2.39B,22.56%,$0.50B,$2.39B,22.56%,$0.50B,$3.79B,14.32%,$0.69B,$2.88B,25.87%,$624,$331,$293,$2,$15,$401,$222,$-2,$221,$81,$139,$145,$145,$277,$222,$105,106,$1.38,$1.36,$138,$42,$0,$716,$2885,$174,$0,$13,$3072,$3788,$360,$490,$59,$1041,$1402,$11,$2223,$17,$2386,$3788,$145,$55,$20,$74,$2,$-9,$21,$-5,$35,$255,$-249,$0,$0,$0,$0,$0,$0,$-249,$0,$16,$16,$0,$0,$-5,$0,$11,$17,$2,$-5
40,2008-09-30,33.86,$21.53,1.57,$17.59,1.92,$-2.24,0.0,$4.34,7.8,$0.69B,$0.31B,2.24,$0.48B,$2.27B,0.21,$1.87B,$0.88B,47.14%,$1.87B,$0.64B,34.26%,$1.87B,$0.64B,34.26%,$1.87B,$0.84B,44.68%,$1.87B,$0.65B,34.53%,$1.87B,$0.46B,24.64%,$0.46B,$2.27B,22.06%,$0.46B,$2.27B,22.06%,$0.46B,$3.59B,13.99%,$0.64B,$2.74B,25.00%,$417,$224,$193,$1,$14,$279,$138,$-5,$133,$53,$79,$85,$126,$186,$138,$104,107,$1.20,$1.16,$122,$33,$0,$691,$2682,$199,$0,$16,$2897,$3588,$309,$475,$59,$1014,$1323,$11,$2083,$38,$2265,$3588,$462,$195,$35,$230,$-108,$-4,$-16,$-18,$-103,$589,$-675,$0,$-12,$0,$26,$26,$7,$-655,$0,$57,$57,$15,$15,$-19,$25,$77,$10,$7,$-19
41,2008-06-30,56.41,$20.59,2.74,$17.96,3.14,$-4.11,0.0,$4.26,13.24,$0.61B,$0.27B,2.25,$0.46B,$2.17B,0.21,$1.90B,$0.90B,47.50%,$1.90B,$0.67B,35.21%,$1.90B,$0.67B,35.21%,$1.90B,$0.86B,45.30%,$1.90B,$0.69B,36.21%,$1.90B,$0.45B,23.70%,$0.45B,$2.17B,22.81%,$0.45B,$2.17B,22.81%,$0.45B,$3.38B,14.46%,$0.67B,$2.62B,27.42%,$523,$274,$248,$1,$15,$345,$178,$13,$191,$70,$120,$125,$125,$229,$178,$105,107,$1.20,$1.18,$99,$32,$6,$611,$2535,$219,$0,$13,$2767,$3379,$272,$455,$49,$940,$1212,$11,$1961,$63,$2166,$3379,$335,$147,$29,$176,$-62,$-3,$-1,$-23,$-68,$444,$-503,$0,$-12,$0,$26,$26,$14,$-476,$0,$17,$17,$14,$14,$-14,$25,$42,$10,$6,$-14
42,2008-03-31,36.68,$19.34,1.9,$17.06,2.15,$-5.93,0.0,$4.17,8.8,$0.54B,$0.21B,2.58,$0.48B,$2.01B,0.24,$1.80B,$0.85B,47.08%,$1.80B,$0.65B,35.92%,$1.80B,$0.65B,35.92%,$1.80B,$0.83B,45.86%,$1.80B,$0.68B,37.53%,$1.80B,$0.44B,24.49%,$0.44B,$2.01B,23.74%,$0.44B,$2.01B,23.74%,$0.44B,$3.16B,14.97%,$0.65B,$2.49B,28.07%,$474,$254,$220,$0,$14,$318,$156,$2,$158,$59,$99,$102,$102,$208,$156,$104,106,$0.98,$0.96,$91,$33,$0,$544,$2396,$206,$0,$11,$2612,$3156,$211,$480,$47,$931,$1142,$11,$1841,$59,$2014,$3156,$210,$96,$23,$119,$-26,$-4,$-32,$-6,$-65,$263,$-318,$0,$0,$0,$8,$8,$9,$-302,$0,$35,$35,$8,$8,$-9,$6,$40,$2,$4,$-9
43,2007-12-31,31.33,$18.47,1.7,$16.15,1.94,$-6.84,0.0,$4.23,7.41,$0.54B,$0.23B,2.34,$0.49B,$1.91B,0.25,$1.70B,$0.80B,47.12%,$1.70B,$0.66B,38.53%,$1.70B,$0.66B,38.53%,$1.70B,$0.82B,47.94%,$1.70B,$0.68B,40.12%,$1.70B,$0.45B,26.24%,$0.45B,$1.91B,25.54%,$0.45B,$1.91B,25.54%,$0.45B,$3.06B,16.05%,$0.66B,$2.40B,30.38%,$457,$236,$221,$0,$14,$288,$169,$-4,$164,$60,$104,$108,$108,$213,$169,$104,106,$1.04,$1.02,$98,$29,$0,$541,$2284,$223,$0,$11,$2518,$3059,$231,$485,$43,$914,$1145,$11,$1744,$71,$1914,$3059,$108,$44,$14,$58,$-30,$-0,$-43,$-6,$-55,$111,$-148,$0,$0,$0,$0,$0,$9,$-140,$0,$40,$40,$1,$1,$-5,$1,$37,$8,$2,$-5
44,2007-09-30,25.63,$16.96,1.51,$15.52,1.65,$-6.95,0.0,$4.27,6.0,$0.50B,$0.23B,2.2,$0.45B,$1.82B,0.25,$1.63B,$0.77B,47.08%,$1.63B,$0.63B,38.86%,$1.63B,$0.63B,38.86%,$1.63B,$0.78B,47.82%,$1.63B,$0.69B,42.42%,$1.63B,$0.45B,27.56%,$0.45B,$1.82B,27.51%,$0.45B,$1.82B,27.51%,$0.45B,$2.89B,17.39%,$0.63B,$2.26B,32.10%,$449,$234,$215,$0,$12,$283,$167,$9,$176,$63,$113,$116,$116,$212,$167,$103,105,$1.13,$1.10,$89,$29,$0,$499,$2153,$223,$0,$10,$2386,$2885,$227,$445,$35,$843,$1070,$11,$1646,$76,$1816,$2885,$449,$146,$-48,$98,$-54,$-3,$74,$-14,$14,$561,$-843,$0,$0,$0,$128,$128,$16,$-699,$-25,$249,$224,$-14,$-14,$-19,$1,$193,$55,$7,$-19
45,2007-06-30,27.61,$16.28,1.7,$14.62,1.89,$-6.36,0.0,$4.10,6.74,$0.46B,$0.25B,1.83,$0.38B,$1.69B,0.23,$1.54B,$0.72B,46.52%,$1.54B,$0.59B,38.21%,$1.54B,$0.59B,38.21%,$1.54B,$0.72B,46.72%,$1.54B,$0.65B,41.98%,$1.54B,$0.43B,28.01%,$0.43B,$1.69B,28.29%,$0.43B,$1.69B,28.29%,$0.43B,$2.69B,18.00%,$0.59B,$2.07B,32.74%,$421,$229,$192,$0,$12,$267,$155,$23,$178,$65,$113,$115,$115,$193,$155,$103,105,$1.11,$1.09,$71,$28,$1,$464,$2009,$206,$0,$8,$2224,$2687,$254,$380,$46,$749,$1003,$11,$1534,$59,$1685,$2687,$333,$101,$-55,$46,$-37,$-2,$52,$-15,$6,$385,$-636,$0,$0,$0,$113,$113,$11,$-512,$0,$190,$190,$-14,$-14,$-14,$1,$163,$37,$5,$-14
46,2007-03-31,23.62,$15.20,1.55,$13.63,1.73,$-4.87,0.0,$3.76,6.28,$0.46B,$0.25B,1.87,$0.33B,$1.57B,0.21,$1.44B,$0.67B,46.87%,$1.44B,$0.55B,38.04%,$1.44B,$0.55B,38.04%,$1.44B,$0.67B,46.24%,$1.44B,$0.59B,41.31%,$1.44B,$0.40B,27.54%,$0.40B,$1.57B,27.64%,$0.40B,$1.57B,27.64%,$0.40B,$2.49B,17.84%,$0.55B,$1.90B,32.95%,$373,$199,$173,$0,$13,$208,$164,$-1,$164,$59,$104,$107,$107,$197,$164,$103,105,$1.04,$1.02,$89,$26,$0,$464,$1808,$206,$0,$7,$2021,$2485,$248,$330,$43,$668,$915,$11,$1423,$60,$1569,$2485,$218,$63,$-40,$23,$-21,$0,$35,$-20,$5,$246,$-396,$0,$0,$0,$85,$85,$5,$-306,$0,$141,$141,$-17,$-17,$-9,$0,$115,$55,$4,$-9
47,2006-12-31,19.02,$14.13,1.35,$12.82,1.48,$-3.67,0.0,$3.35,5.68,$0.47B,$0.30B,1.6,$0.21B,$1.46B,0.14,$1.36B,$0.64B,46.83%,$1.36B,$0.48B,35.62%,$1.36B,$0.48B,35.62%,$1.36B,$0.59B,43.66%,$1.36B,$0.53B,39.16%,$1.36B,$0.35B,26.11%,$0.35B,$1.46B,26.19%,$0.35B,$1.46B,26.19%,$0.35B,$2.27B,17.11%,$0.48B,$1.66B,31.23%,$386,$199,$187,$0,$11,$240,$147,$27,$173,$64,$109,$111,$111,$177,$147,$103,105,$1.07,$1.06,$73,$26,$4,$472,$1604,$191,$0,$5,$1800,$2272,$296,$205,$41,$518,$814,$11,$1321,$53,$1458,$2272,$111,$30,$-15,$15,$-46,$-0,$31,$-17,$12,$138,$-187,$0,$0,$0,$85,$85,$0,$-102,$0,$25,$25,$-17,$-17,$-5,$0,$3,$39,$2,$-5
