,Date,Stock Price,Book Value per Share,Price to Book Ratio,TTM Sales per Share,Price to Sales Ratio,TTM FCF per Share,Price to FCF Ratio,TTM Net EPS,PE Ratio,Current Assets,Current Liabilities,Current Ratio,Long Term Debt,Shareholder's Equity_x,Debt to Equity Ratio,TTM Revenue_x,TTM Gross Profit,Gross Margin,TTM Revenue_y,TTM Operating Income,Operating Margin,TTM Revenue_x,TTM EBIT,EBIT Margin,TTM Revenue_y,TTM EBITDA,EBITDA Margin,TTM Revenue_x,TTM Pre-Tax Income,Pre-Tax Margin,TTM Revenue_y,TTM Net Income_x,Net Margin,TTM Net Income_y,Shareholder's Equity_y,Return on Equity,TTM Net Income_x,Tangible Equity,Return on Tangible Equity,TTM Net Income_y,Total Assets,Return on Assets,TTM Net Income,LT Investments & Debt,Return on Investment,revenue,cost-goods-sold,gross-profit,research-development-expenses,selling-general-administrative-expenses,operating-expenses,operating-income,total-non-operating-income-expense,pre-tax-income,total-provision-income-taxes,income-after-taxes,income-from-continuous-operations,net-income,ebitda,ebit,basic-shares-outstanding,shares-outstanding,eps-basic-net-earnings-per-share,eps-earnings-per-share-diluted,cash-on-hand,inventory,other-current-assets,total-current-assets,net-property-plant-equipment,long-term-investments,goodwill-intangible-assets-total,other-long-term-assets,total-long-term-assets,total-assets,total-current-liabilities,long-term-debt,other-non-current-liabilities,total-long-term-liabilities,total-liabilities,common-stock-net,retained-earnings-accumulated-deficit,comprehensive-income,total-share-holder-equity,total-liabilities-share-holders-equity,net-income-loss,total-depreciation-amortization-cash-flow,other-non-cash-items,total-non-cash-items,change-in-accounts-receivable,change-in-inventories,change-in-accounts-payable,change-in-assets-liabilities,total-change-in-assets-liabilities,cash-flow-from-operating-activities,net-change-in-property-plant-equipment,net-change-in-intangible-assets,net-acquisitions-divestitures,net-change-in-short-term-investments,net-change-in-long-term-investments,net-change-in-investments-total,investing-activities-other,cash-flow-from-investing-activities,net-long-term-debt,net-current-debt,debt-issuance-retirement-net-total,net-common-equity-issued-repurchased,net-total-equity-issued-repurchased,total-common-preferred-stock-dividends-paid,financial-activities-other,cash-flow-from-financial-activities,net-cash-flow,stock-based-compensation,common-stock-dividends-paid
0,2018-07-31,15.44,$15.83,0.98,$19.11,0.81,$-1.58,0.0,$1.99,7.76,$17.47B,$17.41B,1.0,$9.96B,$23.46B,0.43,$30.57B,$9.11B,29.81%,$30.57B,$0.95B,3.11%,$30.57B,$0.95B,3.11%,$30.57B,$3.56B,11.66%,$30.57B,$-0.61B,-1.99%,$30.57B,$3.19B,10.43%,$3.19B,$23.46B,13.44%,$3.19B,$4.98B,60.88%,$3.19B,$57.51B,5.31%,$0.95B,$33.43B,2.81%,$7764,$5384,$2380,$434,$1203,$7248,$516,$-51,$465,$13,$452,$452,$451,$1157,$516,$1513,1531,$0.30,$0.29,$5193,$2771,$3162,$17467,$6184,$2513,$18486,$0,$40046,$57513,$17407,$9963,$6681,$16644,$34051,$15,$-5021,$-2906,$23462,$57513,$2665,$1931,$-358,$1573,$-91,$-545,$72,$235,$-2600,$1638,$-1568,$0,$-194,$0,$64,$64,$15,$-1683,$-1644,$84,$-1560,$-2585,$-2585,$-415,$219,$-4341,$-4386,$242,$-415
1,2018-04-30,16.93,$15.69,1.08,$18.54,0.91,$-2.52,0.0,$1.80,9.41,$19.79B,$19.08B,1.04,$9.97B,$23.97B,0.42,$30.30B,$8.93B,29.46%,$30.30B,$0.64B,2.10%,$30.30B,$0.64B,2.10%,$30.30B,$3.34B,11.04%,$30.30B,$-0.95B,-3.13%,$30.30B,$2.90B,9.58%,$2.90B,$23.97B,11.55%,$2.90B,$5.52B,64.07%,$2.90B,$59.88B,4.57%,$0.64B,$33.94B,1.75%,$7468,$5196,$2272,$402,$1227,$7071,$397,$-513,$-116,$-966,$850,$850,$778,$1052,$397,$1552,1582,$0.50,$0.49,$6986,$2848,$3356,$19792,$6208,$2517,$18444,$0,$40084,$59876,$19084,$9970,$6856,$16826,$35910,$15,$-5306,$-2982,$23966,$59876,$2214,$1290,$-497,$793,$-314,$-587,$177,$323,$-2618,$389,$-1070,$0,$-16,$0,$77,$77,$-260,$-1269,$1,$-25,$-24,$-1649,$-1649,$-244,$204,$-1713,$-2593,$186,$-244
2,2018-01-31,16.22,$15.31,1.06,$17.92,0.91,$-3.29,0.0,$0.94,17.25,$20.50B,$19.34B,1.06,$10.04B,$23.99B,0.42,$29.64B,$8.66B,29.23%,$29.64B,$0.43B,1.46%,$29.64B,$0.43B,1.46%,$29.64B,$3.28B,11.06%,$29.64B,$-0.72B,-2.43%,$29.64B,$1.51B,5.10%,$1.51B,$23.99B,5.73%,$1.51B,$5.51B,41.42%,$1.51B,$61.62B,2.31%,$0.43B,$34.03B,1.14%,$7674,$5491,$2183,$388,$1202,$7413,$261,$-918,$-657,$-2139,$1482,$1482,$1436,$896,$261,$1591,1619,$0.90,$0.89,$7673,$2431,$3782,$20499,$6338,$2561,$18481,$0,$41120,$61619,$19343,$10040,$8247,$18287,$37630,$16,$-6057,$-2955,$23989,$61619,$1436,$635,$-937,$-302,$-321,$-146,$-107,$591,$-992,$142,$-554,$0,$0,$0,$-3,$-3,$-562,$-1119,$17,$-3,$14,$-725,$-725,$-218,$0,$-929,$-1906,$103,$-218
3,2017-10-31,13.7,$14.74,0.93,$17.24,0.79,$-4.23,0.0,$0.21,65.22,$21.44B,$18.92B,1.13,$10.18B,$23.51B,0.43,$28.87B,$8.69B,30.11%,$28.87B,$0.63B,2.16%,$28.87B,$0.63B,2.16%,$28.87B,$3.68B,12.73%,$28.87B,$0.27B,0.94%,$28.87B,$0.34B,1.19%,$0.34B,$23.51B,1.22%,$0.34B,$4.95B,9.02%,$0.34B,$61.41B,0.50%,$0.63B,$33.69B,1.54%,$7660,$5383,$2277,$364,$1288,$7884,$-224,$-77,$-301,$-679,$378,$378,$524,$458,$-224,$1646,1674,$0.32,$0.32,$9579,$2315,$3099,$21444,$6269,$2535,$18558,$0,$39962,$61406,$18924,$10182,$8795,$18977,$37901,$16,$-7238,$-2895,$23505,$61406,$344,$3051,$920,$3971,$-5,$-542,$992,$-3606,$-3426,$889,$-2458,$0,$-2222,$0,$-7,$-7,$-220,$-4907,$-1524,$18,$-1506,$-2145,$-2145,$5080,$-819,$610,$-3408,$428,$5080
4,2017-07-31,17.14,$17.89,0.96,$13.27,1.29,$-2.07,0.0,$0.07,244.9,$23.14B,$18.28B,1.27,$14.53B,$29.05B,0.5,$22.25B,$6.62B,29.75%,$22.25B,$1.27B,5.72%,$22.25B,$1.27B,5.72%,$22.25B,$4.51B,20.28%,$22.25B,$1.22B,5.48%,$22.25B,$0.12B,0.55%,$0.12B,$29.05B,0.40%,$0.12B,$2.15B,1.95%,$0.12B,$70.93B,0.17%,$1.27B,$43.58B,2.96%,$7501,$5306,$2195,$390,$1285,$7300,$201,$-76,$125,$-160,$285,$285,$165,$938,$201,$1641,1667,$0.10,$0.10,$7757,$2144,$6102,$23143,$6730,$2626,$26902,$0,$47788,$70931,$18279,$14527,$9075,$23602,$41881,$16,$-1676,$-3360,$29050,$70931,$-180,$2369,$1550,$3919,$123,$-341,$652,$-3067,$-3235,$504,$-2002,$0,$-2070,$0,$-17,$-17,$-335,$-4424,$-1576,$30,$-1546,$-1936,$-1936,$2685,$-513,$-1310,$-5230,$349,$2685
5,2017-04-30,18.17,$17.65,1.03,$13.43,1.35,$-0.79,0.0,$1.29,14.09,$20.27B,$17.58B,1.15,$11.90B,$29.05B,0.41,$22.76B,$7.34B,32.26%,$22.76B,$3.72B,16.33%,$22.76B,$3.72B,16.33%,$22.76B,$7.17B,31.52%,$22.76B,$3.66B,16.08%,$22.76B,$2.23B,9.79%,$2.23B,$29.05B,7.13%,$2.23B,$2.01B,29.36%,$2.23B,$67.47B,2.95%,$3.72B,$40.95B,8.41%,$6808,$4799,$2009,$376,$1229,$6613,$195,$-82,$113,$591,$-478,$-478,$-612,$987,$195,$1658,1658,$-0.37,$-0.37,$8101,$2041,$3092,$20273,$6692,$2620,$27038,$0,$47197,$67470,$17578,$11904,$8941,$20845,$38423,$16,$-1867,$-3544,$29047,$67470,$-345,$1632,$1525,$3157,$421,$-210,$129,$-3217,$-3263,$-451,$-1539,$0,$-2070,$0,$-24,$-24,$-177,$-3810,$-1561,$28,$-1533,$-1311,$-1311,$2792,$-573,$-625,$-4886,$252,$2792
6,2017-01-31,16.58,$18.99,0.87,$14.19,1.17,$0.23,73.05,$1.84,9.01,$25.53B,$21.69B,1.18,$12.27B,$31.57B,0.39,$24.46B,$8.37B,34.24%,$24.46B,$3.97B,16.24%,$24.46B,$3.97B,16.24%,$24.46B,$7.60B,31.07%,$24.46B,$3.88B,15.85%,$24.46B,$3.16B,12.92%,$3.16B,$31.57B,9.88%,$3.16B,$6.16B,36.44%,$3.16B,$76.66B,4.04%,$3.97B,$43.84B,8.68%,$6902,$4689,$2213,$356,$1204,$6449,$453,$-118,$335,$84,$251,$251,$267,$1293,$453,$1669,1700,$0.16,$0.16,$9858,$1988,$4275,$25525,$9497,$2620,$25416,$0,$51137,$76662,$21686,$12270,$11132,$23402,$45088,$17,$2760,$-6124,$31574,$76662,$267,$840,$351,$1191,$592,$-132,$-231,$-2855,$-2648,$-1190,$-839,$0,$-312,$0,$-6,$-6,$0,$-1157,$-14,$24,$10,$-683,$-683,$-109,$0,$-782,$-3129,$145,$-109
7,2016-10-31,16.38,$18.92,0.87,$17.28,0.95,$0.95,17.19,$1.83,8.95,$28.92B,$22.53B,1.28,$12.17B,$31.52B,0.39,$30.28B,$9.77B,32.28%,$30.28B,$3.90B,12.89%,$30.28B,$3.90B,12.89%,$30.28B,$7.68B,25.36%,$30.28B,$3.86B,12.75%,$30.28B,$3.16B,10.44%,$3.16B,$31.52B,9.88%,$3.16B,$14.75B,40.78%,$3.16B,$79.63B,4.03%,$3.90B,$43.69B,8.39%,$1042,$839,$203,$-43,$159,$619,$423,$224,$647,$456,$191,$191,$302,$1295,$423,$1715,1739,$0.15,$0.17,$12987,$1720,$2694,$28917,$6375,$2648,$16765,$0,$50712,$79629,$22529,$12168,$8874,$25582,$48111,$17,$2782,$-6599,$31518,$79629,$3161,$3775,$-1488,$2287,$690,$34,$66,$-2895,$-490,$4958,$-2830,$0,$3320,$0,$-71,$-71,$0,$419,$241,$-71,$170,$-2543,$-2543,$-373,$514,$-2232,$3145,$558,$-373
