,Date,Stock Price,Book Value per Share,Price to Book Ratio,TTM Sales per Share,Price to Sales Ratio,TTM FCF per Share,Price to FCF Ratio,TTM Net EPS,PE Ratio,Current Assets,Current Liabilities,Current Ratio,Long Term Debt,Shareholder's Equity_x,Debt to Equity Ratio,TTM Revenue_x,TTM Gross Profit,Gross Margin,TTM Revenue_y,TTM Operating Income,Operating Margin,TTM Revenue_x,TTM EBIT,EBIT Margin,TTM Revenue_y,TTM EBITDA,EBITDA Margin,TTM Revenue_x,TTM Pre-Tax Income,Pre-Tax Margin,TTM Revenue_y,TTM Net Income_x,Net Margin,TTM Net Income_y,Shareholder's Equity_y,Return on Equity,TTM Net Income_x,Tangible Equity,Return on Tangible Equity,TTM Net Income_y,Total Assets,Return on Assets,TTM Net Income,LT Investments & Debt,Return on Investment,revenue,cost-goods-sold,gross-profit,research-development-expenses,selling-general-administrative-expenses,operating-expenses,operating-income,total-non-operating-income-expense,pre-tax-income,total-provision-income-taxes,income-after-taxes,income-from-continuous-operations,net-income,ebitda,ebit,basic-shares-outstanding,shares-outstanding,eps-basic-net-earnings-per-share,eps-earnings-per-share-diluted,cash-on-hand,inventory,other-current-assets,total-current-assets,net-property-plant-equipment,long-term-investments,goodwill-intangible-assets-total,other-long-term-assets,total-long-term-assets,total-assets,total-current-liabilities,long-term-debt,other-non-current-liabilities,total-long-term-liabilities,total-liabilities,common-stock-net,retained-earnings-accumulated-deficit,comprehensive-income,total-share-holder-equity,total-liabilities-share-holders-equity,net-income-loss,total-depreciation-amortization-cash-flow,other-non-cash-items,total-non-cash-items,change-in-accounts-receivable,change-in-inventories,change-in-accounts-payable,change-in-assets-liabilities,total-change-in-assets-liabilities,cash-flow-from-operating-activities,net-change-in-property-plant-equipment,net-change-in-intangible-assets,net-acquisitions-divestitures,net-change-in-short-term-investments,net-change-in-long-term-investments,net-change-in-investments-total,investing-activities-other,cash-flow-from-investing-activities,net-long-term-debt,net-current-debt,debt-issuance-retirement-net-total,net-common-equity-issued-repurchased,net-total-equity-issued-repurchased,total-common-preferred-stock-dividends-paid,financial-activities-other,cash-flow-from-financial-activities,net-cash-flow,stock-based-compensation,common-stock-dividends-paid
0,2018-09-30,2.7,$4.57,0.59,$18.30,0.15,$-3.72,0.0,$0.42,6.43,$0.19B,$0.19B,1.01,$0.00B,$0.07B,0.0,$0.29B,$0.05B,17.19%,$0.29B,$0.01B,2.81%,$0.29B,$0.01B,2.81%,$0.29B,$0.02B,5.26%,$0.29B,$0.02B,5.61%,$0.29B,$0.01B,4.56%,$0.01B,$0.07B,18.91%,$0.01B,$0.07B,19.55%,$0.01B,$0.26B,5.28%,$0.01B,$0.07B,11.64%,$91,$73,$18,$4,$8,$83,$7,$-0,$7,$1,$6,$6,$6,$9,$7,$16,16,$0.39,$0.39,$40,$59,$5,$194,$51,$11,$2,$1,$70,$264,$193,$0,$0,$0,$193,$0,$52,$-1,$71,$264,$8,$4,$-0,$4,$-26,$-19,$10,$0,$-22,$-10,$-10,$0,$0,$0,$-0,$-0,$0,$-10,$6,$17,$23,$0,$0,$0,$0,$23,$-1,$1,$0
1,2018-06-30,3.1,$4.38,0.71,$17.10,0.18,$-3.29,0.0,$0.74,4.19,$0.19B,$0.19B,1.0,$0.00B,$0.07B,0.0,$0.27B,$0.05B,16.98%,$0.27B,$0.01B,1.89%,$0.27B,$0.01B,1.89%,$0.27B,$0.01B,4.53%,$0.27B,$0.02B,5.66%,$0.27B,$0.01B,4.53%,$0.01B,$0.07B,18.11%,$0.01B,$0.07B,18.90%,$0.01B,$0.26B,5.19%,$0.01B,$0.07B,7.55%,$65,$54,$11,$4,$6,$62,$3,$-0,$3,$0,$3,$3,$3,$5,$3,$16,16,$0.17,$0.17,$37,$69,$8,$188,$48,$11,$3,$1,$67,$255,$187,$0,$0,$0,$187,$0,$46,$2,$68,$255,$2,$3,$0,$3,$-4,$-28,$22,$-5,$-13,$-8,$-6,$0,$0,$0,$-0,$-0,$0,$-6,$0,$12,$12,$0,$0,$0,$0,$12,$-3,$0,$0
2,2018-03-31,3.75,$4.46,0.84,$16.28,0.23,$-2.77,0.0,$0.85,4.41,$0.18B,$0.18B,1.01,$0.00B,$0.07B,0.0,$0.25B,$0.05B,18.25%,$0.25B,$0.01B,2.78%,$0.25B,$0.01B,2.78%,$0.25B,$0.01B,5.16%,$0.25B,$0.02B,6.75%,$0.25B,$0.01B,5.16%,$0.01B,$0.07B,20.63%,$0.01B,$0.07B,21.76%,$0.01B,$0.25B,6.07%,$0.01B,$0.07B,11.11%,$50,$42,$8,$3,$6,$52,$-2,$1,$-1,$-0,$-1,$-1,$-1,$-1,$-2,$16,16,$-0.07,$-0.07,$51,$55,$8,$176,$48,$11,$3,$1,$68,$245,$175,$0,$0,$0,$175,$0,$43,$6,$69,$245,$-1,$1,$-1,$1,$4,$-11,$-1,$3,$-5,$-6,$-2,$0,$0,$0,$-0,$-0,$0,$-2,$0,$16,$16,$0,$0,$0,$0,$16,$11,$0,$0
3,2017-12-31,3.7,$4.33,0.85,$15.81,0.23,$-2.43,0.0,$1.09,3.39,$0.16B,$0.15B,1.02,$0.00B,$0.07B,0.0,$0.24B,$0.05B,19.67%,$0.24B,$0.01B,4.92%,$0.24B,$0.01B,4.92%,$0.24B,$0.02B,7.38%,$0.24B,$0.02B,8.61%,$0.24B,$0.02B,6.97%,$0.02B,$0.07B,29.44%,$0.02B,$0.07B,31.34%,$0.02B,$0.22B,8.64%,$0.01B,$0.07B,20.78%,$79,$67,$12,$3,$8,$79,$0,$7,$7,$2,$5,$5,$5,$2,$0,$15,15,$0.30,$0.32,$40,$43,$7,$156,$47,$10,$3,$1,$64,$220,$152,$0,$1,$1,$153,$0,$44,$3,$67,$220,$17,$5,$-8,$-2,$-12,$-25,$15,$-2,$-19,$-4,$-14,$0,$-1,$0,$11,$11,$-1,$-4,$0,$18,$18,$1,$1,$0,$-7,$12,$5,$0,$0
4,2017-09-30,4.6,$3.94,1.17,$14.24,0.32,$-1.52,0.0,$0.89,5.17,$0.15B,$0.14B,1.03,$0.00B,$0.06B,0.0,$0.22B,$0.05B,21.46%,$0.22B,$0.01B,6.39%,$0.22B,$0.01B,6.39%,$0.22B,$0.02B,8.68%,$0.22B,$0.02B,7.31%,$0.22B,$0.01B,6.39%,$0.01B,$0.06B,26.79%,$0.01B,$0.06B,28.87%,$0.01B,$0.20B,7.67%,$0.01B,$0.06B,26.79%,$71,$58,$14,$2,$6,$67,$4,$2,$6,$1,$5,$5,$5,$6,$4,$15,16,$0.33,$0.32,$33,$35,$16,$147,$50,$2,$4,$0,$57,$204,$143,$0,$0,$0,$143,$0,$41,$2,$61,$204,$12,$4,$-2,$2,$-9,$-12,$7,$-8,$-20,$-6,$-7,$0,$0,$0,$10,$10,$0,$3,$0,$11,$11,$1,$1,$0,$0,$12,$12,$0,$0
5,2017-06-30,3.65,$3.55,1.03,$13.22,0.28,$-0.77,0.0,$0.75,4.87,$0.13B,$0.13B,0.94,$0.00B,$0.06B,0.0,$0.20B,$0.05B,23.27%,$0.20B,$0.01B,6.44%,$0.20B,$0.01B,6.44%,$0.20B,$0.02B,8.42%,$0.20B,$0.01B,6.44%,$0.20B,$0.01B,5.94%,$0.01B,$0.06B,24.74%,$0.01B,$0.05B,26.82%,$0.01B,$0.19B,6.94%,$0.01B,$0.06B,26.80%,$52,$40,$12,$2,$5,$47,$5,$0,$5,$1,$4,$4,$4,$6,$5,$15,15,$0.29,$0.28,$35,$32,$13,$126,$46,$11,$4,$0,$62,$188,$134,$0,$0,$0,$134,$0,$36,$1,$55,$188,$7,$2,$-0,$2,$4,$-10,$-0,$-1,$-9,$0,$-5,$0,$0,$0,$0,$0,$0,$-5,$0,$18,$18,$1,$1,$0,$0,$18,$15,$0,$0
6,2017-03-31,3.95,$3.17,1.25,$12.32,0.32,$-0.65,0.0,$0.61,6.48,$0.12B,$0.13B,0.91,$0.00B,$0.05B,0.0,$0.19B,$0.04B,22.99%,$0.19B,$0.01B,4.81%,$0.19B,$0.01B,4.81%,$0.19B,$0.01B,7.49%,$0.19B,$0.01B,5.35%,$0.19B,$0.01B,5.35%,$0.01B,$0.05B,21.98%,$0.01B,$0.04B,23.95%,$0.01B,$0.18B,6.27%,$0.01B,$0.05B,19.78%,$42,$32,$10,$2,$5,$39,$3,$0,$3,$1,$3,$3,$3,$4,$3,$15,15,$0.17,$0.17,$34,$26,$15,$115,$45,$10,$4,$0,$60,$175,$127,$0,$0,$0,$127,$0,$32,$-1,$48,$175,$3,$1,$0,$1,$7,$-4,$-5,$0,$-3,$1,$-3,$0,$0,$0,$0,$0,$0,$-3,$0,$15,$15,$0,$0,$0,$0,$15,$14,$0,$0
7,2016-12-31,2.35,$3.00,0.78,$11.51,0.2,$-0.34,0.0,$0.42,5.6,$0.10B,$0.12B,0.88,$0.00B,$0.05B,0.0,$0.17B,$0.04B,22.41%,$0.17B,$0.01B,3.45%,$0.17B,$0.01B,3.45%,$0.17B,$0.01B,6.32%,$0.17B,$0.01B,4.02%,$0.17B,$0.01B,4.02%,$0.01B,$0.05B,15.82%,$0.01B,$0.04B,17.28%,$0.01B,$0.16B,4.74%,$0.01B,$0.05B,13.56%,$54,$43,$11,$3,$8,$52,$2,$0,$2,$0,$2,$2,$2,$3,$2,$15,15,$0.11,$0.10,$21,$22,$13,$103,$44,$10,$4,$1,$60,$163,$118,$0,$0,$0,$118,$0,$29,$-1,$45,$163,$6,$5,$3,$8,$-14,$-4,$11,$-7,$-8,$5,$-8,$0,$0,$0,$-3,$-3,$0,$-11,$-2,$12,$10,$0,$0,$0,$-0,$10,$3,$0,$0
8,2016-09-30,2.89,$3.01,0.96,$10.42,0.28,$-0.81,0.0,$0.31,9.32,$0.10B,$0.12B,0.86,$0.00B,$0.05B,0.0,$0.16B,$0.04B,22.15%,$0.16B,$0.00B,2.53%,$0.16B,$0.00B,2.53%,$0.16B,$0.01B,5.70%,$0.16B,$0.01B,3.80%,$0.16B,$0.01B,3.16%,$0.01B,$0.05B,11.43%,$0.01B,$0.04B,12.58%,$0.01B,$0.17B,3.56%,$0.00B,$0.05B,9.14%,$54,$40,$14,$3,$8,$51,$3,$0,$3,$1,$3,$3,$3,$4,$3,$15,15,$0.18,$0.18,$24,$21,$9,$103,$46,$10,$4,$1,$62,$166,$120,$0,$0,$0,$120,$0,$28,$1,$46,$166,$4,$4,$2,$5,$-14,$-2,$12,$-2,$-2,$7,$-8,$0,$0,$0,$-3,$-3,$0,$-12,$-2,$14,$13,$0,$0,$0,$1,$13,$8,$0,$0
9,2016-06-30,1.92,$2.83,0.68,$9.31,0.21,$-1.61,0.0,$0.26,7.38,$0.08B,$0.09B,0.86,$0.00B,$0.04B,0.0,$0.14B,$0.03B,19.72%,$0.14B,$0.00B,2.11%,$0.14B,$0.00B,2.11%,$0.14B,$0.01B,5.63%,$0.14B,$0.01B,3.52%,$0.14B,$0.00B,2.82%,$0.00B,$0.04B,9.25%,$0.00B,$0.04B,10.26%,$0.00B,$0.13B,2.97%,$0.00B,$0.04B,6.94%,$37,$29,$8,$2,$5,$35,$1,$1,$2,$0,$2,$2,$2,$3,$1,$15,15,$0.14,$0.14,$17,$21,$0,$79,$49,$1,$4,$1,$56,$134,$91,$0,$0,$0,$92,$0,$26,$1,$43,$134,$1,$2,$0,$3,$3,$-2,$-3,$-1,$-3,$1,$-4,$0,$0,$0,$-1,$-1,$0,$-5,$-1,$5,$4,$0,$0,$0,$2,$6,$1,$0,$0
10,2016-03-31,1.87,$2.83,0.66,$9.38,0.2,$-2.05,0.0,$0.24,7.79,$0.07B,$0.09B,0.87,$0.00B,$0.04B,0.0,$0.14B,$0.03B,20.14%,$0.14B,$0.00B,2.78%,$0.14B,$0.00B,2.78%,$0.14B,$0.01B,5.56%,$0.14B,$0.01B,3.47%,$0.14B,$0.00B,2.78%,$0.00B,$0.04B,9.20%,$0.00B,$0.04B,10.26%,$0.00B,$0.13B,2.93%,$0.00B,$0.04B,9.14%,$29,$23,$6,$2,$5,$30,$-0,$0,$-0,$0,$-0,$-0,$-0,$1,$-0,$15,15,$-0.02,$-0.02,$16,$20,$6,$74,$48,$0,$4,$1,$54,$128,$86,$0,$0,$0,$86,$0,$24,$3,$43,$128,$-0,$1,$0,$1,$6,$-1,$-3,$-1,$3,$4,$-1,$0,$0,$0,$0,$0,$0,$-1,$-0,$-4,$-4,$0,$0,$0,$2,$-2,$1,$0,$0
11,2015-12-31,3.0,$2.84,1.06,$9.59,0.31,$-2.79,0.0,$0.25,12.0,$0.08B,$0.09B,0.89,$0.00B,$0.04B,0.0,$0.15B,$0.03B,19.73%,$0.15B,$0.00B,2.04%,$0.15B,$0.00B,2.04%,$0.15B,$0.01B,5.44%,$0.15B,$0.01B,3.40%,$0.15B,$0.00B,2.72%,$0.00B,$0.04B,9.25%,$0.00B,$0.04B,10.39%,$0.00B,$0.13B,2.85%,$0.00B,$0.04B,6.86%,$38,$31,$7,$2,$5,$37,$0,$0,$1,$1,$0,$0,$0,$1,$0,$15,15,$0.02,$0.01,$18,$19,$0,$81,$47,$0,$4,$1,$54,$134,$91,$0,$0,$0,$91,$0,$24,$3,$43,$134,$3,$5,$-0,$5,$-5,$2,$-3,$-2,$-8,$0,$-11,$0,$0,$0,$0,$0,$0,$-11,$-2,$3,$1,$0,$0,$0,$3,$5,$-9,$1,$0
12,2015-09-30,2.26,$2.90,0.78,$9.44,0.24,$-1.66,0.0,$0.37,6.12,$0.09B,$0.10B,0.87,$0.00B,$0.04B,0.01,$0.14B,$0.03B,20.14%,$0.14B,$0.00B,2.78%,$0.14B,$0.00B,2.78%,$0.14B,$0.01B,6.25%,$0.14B,$0.01B,4.17%,$0.14B,$0.01B,4.17%,$0.01B,$0.04B,13.95%,$0.01B,$0.04B,15.79%,$0.01B,$0.14B,4.18%,$0.00B,$0.04B,9.09%,$38,$30,$7,$2,$5,$36,$2,$0,$2,$0,$2,$2,$2,$3,$2,$15,15,$0.13,$0.13,$20,$22,$4,$85,$50,$0,$5,$0,$57,$142,$98,$0,$0,$1,$98,$0,$24,$4,$44,$142,$3,$4,$-1,$3,$-5,$-1,$-6,$-2,$-13,$-6,$-7,$0,$0,$0,$0,$0,$0,$-7,$-1,$6,$5,$0,$0,$0,$2,$7,$-7,$1,$0
13,2015-06-30,3.85,$2.90,1.33,$9.82,0.39,$-0.40,0.0,$0.30,12.83,$0.08B,$0.10B,0.87,$0.00B,$0.04B,0.02,$0.15B,$0.03B,20.67%,$0.15B,$0.00B,2.67%,$0.15B,$0.00B,2.67%,$0.15B,$0.01B,6.67%,$0.15B,$0.01B,3.33%,$0.15B,$0.01B,3.33%,$0.01B,$0.04B,11.98%,$0.01B,$0.04B,13.61%,$0.01B,$0.14B,3.44%,$0.00B,$0.05B,9.20%,$39,$30,$9,$2,$5,$37,$2,$0,$2,$0,$2,$2,$2,$3,$2,$15,15,$0.12,$0.12,$17,$26,$6,$84,$52,$0,$5,$0,$58,$142,$97,$1,$1,$2,$99,$0,$22,$6,$44,$142,$2,$3,$-0,$2,$-1,$-3,$-2,$-4,$-10,$-6,$-4,$0,$0,$0,$0,$0,$0,$-4,$-1,$-3,$-4,$0,$0,$0,$3,$-1,$-11,$0,$0
14,2015-03-31,4.03,$2.75,1.46,$9.81,0.41,$0.34,12.03,$0.23,17.52,$0.09B,$0.10B,0.86,$0.00B,$0.04B,0.04,$0.15B,$0.03B,20.13%,$0.15B,$0.00B,2.01%,$0.15B,$0.00B,2.01%,$0.15B,$0.01B,6.04%,$0.15B,$0.00B,2.68%,$0.15B,$0.00B,2.68%,$0.00B,$0.04B,9.94%,$0.00B,$0.04B,11.35%,$0.00B,$0.14B,2.70%,$0.00B,$0.04B,7.06%,$32,$27,$6,$2,$5,$33,$-1,$0,$-0,$-0,$-0,$-0,$-0,$1,$-1,$15,15,$-0.01,$-0.01,$26,$22,$5,$87,$51,$0,$5,$0,$57,$144,$100,$1,$1,$2,$102,$0,$21,$5,$42,$144,$-0,$1,$-0,$1,$2,$0,$-5,$-4,$-7,$-7,$-2,$0,$0,$0,$0,$0,$0,$-2,$-0,$5,$4,$0,$0,$0,$-1,$4,$-5,$0,$0
15,2014-12-31,4.97,$2.77,1.8,$9.77,0.51,$1.37,3.62,$0.17,29.24,$0.09B,$0.10B,0.88,$0.00B,$0.04B,0.05,$0.15B,$0.03B,20.55%,$0.15B,$0.00B,2.05%,$0.15B,$0.00B,2.05%,$0.15B,$0.01B,5.48%,$0.15B,$0.00B,2.05%,$0.15B,$0.00B,2.05%,$0.00B,$0.04B,7.84%,$0.00B,$0.04B,9.02%,$0.00B,$0.15B,2.05%,$0.00B,$0.04B,7.32%,$35,$28,$7,$2,$4,$35,$1,$1,$2,$-0,$2,$2,$2,$2,$1,$15,15,$0.15,$0.14,$30,$22,$3,$89,$50,$0,$5,$0,$57,$146,$101,$2,$1,$3,$104,$0,$21,$6,$42,$146,$3,$4,$1,$5,$1,$-3,$6,$4,$8,$15,$-9,$0,$0,$0,$0,$0,$0,$-9,$-2,$-16,$-18,$5,$5,$0,$13,$-0,$7,$1,$0
16,2014-09-30,7.94,$2.62,3.04,$10.24,0.78,$0.19,42.67,$0.13,61.08,$0.09B,$0.11B,0.89,$0.00B,$0.04B,0.06,$0.15B,$0.03B,21.48%,$0.15B,$0.00B,2.01%,$0.15B,$0.00B,2.01%,$0.15B,$0.01B,5.37%,$0.15B,$0.00B,1.34%,$0.15B,$0.00B,1.34%,$0.00B,$0.04B,5.48%,$0.00B,$0.03B,6.35%,$0.00B,$0.15B,1.35%,$0.00B,$0.04B,7.55%,$44,$35,$9,$2,$5,$42,$2,$-1,$1,$0,$1,$1,$1,$4,$2,$15,16,$0.06,$0.06,$27,$21,$4,$94,$49,$0,$5,$0,$56,$150,$105,$2,$2,$5,$110,$0,$19,$6,$39,$150,$1,$3,$2,$5,$-4,$-1,$11,$1,$6,$12,$-6,$0,$0,$0,$0,$0,$0,$-6,$-1,$-18,$-20,$5,$5,$0,$13,$-2,$4,$1,$0
17,2014-06-30,4.78,$2.55,1.87,$10.23,0.47,$-1.03,0.0,$0.12,39.83,$0.10B,$0.11B,0.89,$0.00B,$0.04B,0.08,$0.14B,$0.03B,20.83%,$0.14B,$0.00B,1.39%,$0.14B,$0.00B,1.39%,$0.14B,$0.01B,4.17%,$0.14B,$0.00B,1.39%,$0.14B,$0.00B,1.39%,$0.00B,$0.04B,5.71%,$0.00B,$0.03B,6.67%,$0.00B,$0.15B,1.37%,$0.00B,$0.04B,5.19%,$38,$30,$8,$2,$5,$37,$1,$-0,$1,$0,$1,$1,$1,$2,$1,$15,15,$0.05,$0.05,$33,$21,$6,$97,$49,$0,$5,$0,$55,$152,$109,$3,$1,$4,$113,$0,$18,$5,$38,$152,$-0,$2,$1,$3,$0,$-1,$7,$-1,$2,$5,$-4,$0,$0,$0,$0,$0,$0,$-4,$-1,$-8,$-9,$5,$5,$0,$8,$4,$5,$1,$0
18,2014-03-31,5.31,$2.43,2.18,$10.03,0.53,$-1.64,0.0,$0.08,66.38,$0.08B,$0.10B,0.82,$0.00B,$0.03B,0.1,$0.14B,$0.03B,20.44%,$0.14B,$0.00B,0.73%,$0.14B,$0.00B,0.73%,$0.14B,$0.01B,3.65%,$0.14B,$0.00B,0.73%,$0.14B,$0.00B,0.73%,$0.00B,$0.03B,2.99%,$0.00B,$0.03B,3.51%,$0.00B,$0.14B,0.72%,$0.00B,$0.04B,2.67%,$29,$23,$6,$2,$5,$30,$-1,$-0,$-1,$-0,$-1,$-1,$-1,$-0,$-1,$14,14,$-0.07,$-0.07,$27,$20,$5,$83,$49,$0,$5,$0,$55,$138,$101,$3,$0,$3,$104,$0,$17,$6,$34,$138,$-1,$1,$0,$1,$6,$-0,$4,$-0,$9,$9,$-2,$0,$0,$0,$0,$0,$0,$-2,$-0,$-16,$-17,$0,$0,$0,$7,$-10,$-3,$0,$0
19,2013-12-31,2.56,$2.48,1.03,$9.74,0.26,$-2.03,0.0,$0.11,23.27,$0.10B,$0.11B,0.86,$0.00B,$0.04B,0.11,$0.13B,$0.03B,20.45%,$0.13B,$0.00B,1.52%,$0.13B,$0.00B,1.52%,$0.13B,$0.01B,3.79%,$0.13B,$0.00B,0.76%,$0.13B,$0.00B,0.76%,$0.00B,$0.04B,3.05%,$0.00B,$0.03B,3.60%,$0.00B,$0.15B,0.75%,$0.00B,$0.04B,5.37%,$38,$30,$9,$2,$6,$37,$1,$0,$1,$0,$1,$1,$1,$2,$1,$14,14,$0.09,$0.09,$37,$20,$5,$97,$49,$0,$5,$0,$54,$152,$113,$4,$0,$4,$117,$0,$18,$6,$35,$152,$1,$3,$1,$4,$-9,$-3,$15,$-3,$4,$9,$-20,$0,$0,$0,$0,$0,$0,$-20,$-2,$14,$12,$0,$0,$0,$-0,$11,$1,$0,$0
20,2013-09-30,1.49,$2.40,0.62,$9.20,0.16,$-1.83,0.0,$0.06,24.83,$0.10B,$0.11B,0.91,$0.00B,$0.03B,0.13,$0.13B,$0.02B,19.20%,$0.13B,$0.00B,1.60%,$0.13B,$0.00B,1.60%,$0.13B,$0.00B,3.20%,$0.13B,$0.00B,0.80%,$0.13B,$0.00B,0.80%,$0.00B,$0.03B,3.13%,$0.00B,$0.03B,3.70%,$0.00B,$0.14B,0.80%,$0.00B,$0.04B,5.41%,$39,$32,$7,$2,$5,$38,$1,$0,$1,$0,$1,$1,$1,$2,$1,$14,14,$0.05,$0.05,$37,$17,$6,$96,$41,$0,$5,$0,$47,$143,$106,$4,$0,$4,$110,$0,$18,$6,$33,$143,$0,$2,$0,$2,$-8,$-0,$7,$-3,$-2,$0,$-12,$0,$0,$0,$0,$0,$0,$-12,$-1,$15,$13,$0,$0,$0,$-3,$11,$-0,$0,$0
21,2013-06-30,1.16,$2.34,0.5,$8.71,0.13,$-1.55,0.0,$0.06,19.33,$0.08B,$0.09B,0.92,$0.01B,$0.03B,0.15,$0.12B,$0.03B,21.19%,$0.12B,$0.00B,1.69%,$0.12B,$0.00B,1.69%,$0.12B,$0.00B,3.39%,$0.12B,$0.00B,0.85%,$0.12B,$0.00B,0.85%,$0.00B,$0.03B,3.17%,$0.00B,$0.03B,3.77%,$0.00B,$0.12B,0.86%,$0.00B,$0.04B,5.41%,$31,$25,$6,$1,$4,$31,$0,$-0,$0,$0,$0,$0,$0,$1,$0,$14,14,$0.01,$0.01,$27,$19,$5,$78,$37,$0,$5,$0,$44,$121,$85,$5,$0,$5,$89,$0,$17,$5,$32,$121,$-1,$1,$0,$1,$-0,$-2,$1,$-2,$-1,$0,$-7,$0,$0,$0,$0,$0,$0,$-7,$-1,$1,$-0,$0,$0,$0,$3,$3,$-4,$0,$0
22,2013-03-31,1.16,$2.29,0.51,$8.57,0.14,$-1.53,0.0,$0.09,12.89,$0.08B,$0.08B,0.95,$0.01B,$0.03B,0.17,$0.12B,$0.03B,21.55%,$0.12B,$0.00B,2.59%,$0.12B,$0.00B,2.59%,$0.12B,$0.01B,4.31%,$0.12B,$0.00B,1.72%,$0.12B,$0.00B,1.72%,$0.00B,$0.03B,6.45%,$0.00B,$0.03B,7.69%,$0.00B,$0.12B,1.77%,$0.00B,$0.04B,8.05%,$24,$20,$5,$1,$4,$25,$-0,$-0,$-1,$0,$-1,$-1,$-1,$0,$-0,$14,14,$-0.04,$-0.04,$31,$16,$4,$75,$34,$0,$5,$0,$40,$115,$79,$5,$0,$5,$84,$0,$17,$5,$31,$115,$-1,$1,$0,$1,$3,$1,$2,$-1,$5,$5,$-3,$0,$0,$0,$0,$0,$0,$-3,$-0,$-4,$-5,$0,$0,$0,$1,$-4,$-2,$0,$0
23,2012-12-31,1.03,$2.35,0.44,$8.29,0.12,$-1.75,0.0,$0.13,7.92,$0.08B,$0.08B,0.98,$0.01B,$0.03B,0.18,$0.11B,$0.02B,21.24%,$0.11B,$0.00B,2.65%,$0.11B,$0.00B,2.65%,$0.11B,$0.01B,4.42%,$0.11B,$0.00B,2.65%,$0.11B,$0.00B,2.65%,$0.00B,$0.03B,9.76%,$0.00B,$0.03B,11.65%,$0.00B,$0.12B,2.75%,$0.00B,$0.04B,7.95%,$31,$24,$6,$1,$5,$30,$1,$-0,$1,$0,$1,$1,$1,$1,$1,$14,14,$0.04,$0.04,$34,$17,$3,$81,$33,$0,$5,$0,$40,$120,$83,$6,$0,$6,$88,$0,$17,$5,$32,$120,$2,$2,$2,$4,$-6,$-3,$7,$2,$-2,$4,$-12,$-1,$0,$0,$0,$0,$0,$-13,$8,$16,$24,$0,$0,$0,$-14,$10,$1,$0,$0
24,2012-09-30,1.05,$2.29,0.46,$7.93,0.13,$-1.47,0.0,$-0.03,0.0,$0.07B,$0.07B,1.01,$0.01B,$0.03B,0.2,$0.11B,$0.02B,21.30%,$0.11B,0,0.00%,$0.11B,0,0.00%,$0.11B,$0.00B,2.78%,$0.11B,$0.00B,0.93%,$0.11B,0,0.00%,$0.00B,$0.03B,0.00%,$0.00B,$0.03B,0.00%,$0.00B,$0.11B,0.00%,$0.00B,$0.04B,0.00%,$32,$24,$8,$1,$5,$31,$1,$0,$1,$1,$1,$1,$1,$2,$1,$14,14,$0.05,$0.05,$28,$17,$4,$74,$31,$0,$5,$0,$37,$111,$74,$6,$0,$6,$80,$0,$17,$5,$31,$111,$1,$2,$1,$3,$-4,$-3,$5,$1,$-2,$2,$-10,$-1,$0,$0,$0,$0,$0,$-11,$8,$9,$17,$0,$0,$0,$-9,$9,$0,$0,$0
25,2012-06-30,1.02,$2.21,0.46,$7.65,0.13,$-1.35,0.0,$-0.13,0.0,$0.07B,$0.07B,1.05,$0.01B,$0.03B,0.26,$0.10B,$0.02B,18.27%,$0.10B,$-0.00B,-1.92%,$0.10B,$-0.00B,-1.92%,$0.10B,$0.00B,0.96%,$0.10B,$-0.00B,-0.96%,$0.10B,$-0.00B,-1.92%,$-0.00B,$0.03B,-6.78%,$-0.00B,$0.03B,-8.00%,$-0.00B,$0.11B,-2.08%,$-0.00B,$0.04B,-5.97%,$29,$23,$6,$1,$4,$28,$1,$-0,$1,$0,$0,$0,$1,$2,$1,$14,14,$0.04,$0.04,$23,$16,$4,$71,$29,$0,$5,$0,$35,$106,$68,$8,$0,$8,$76,$0,$16,$4,$30,$106,$0,$1,$1,$2,$-5,$-3,$6,$0,$-0,$2,$-8,$-1,$0,$0,$0,$0,$0,$-10,$8,$5,$13,$0,$0,$0,$-4,$8,$-0,$0,$0
26,2012-03-31,1.0,$2.20,0.46,$7.68,0.13,$-1.48,0.0,$-0.16,0.0,$0.07B,$0.06B,1.07,$0.01B,$0.03B,0.27,$0.11B,$0.02B,17.14%,$0.11B,$-0.00B,-1.90%,$0.11B,$-0.00B,-1.90%,$0.11B,0,0.00%,$0.11B,$-0.00B,-0.95%,$0.11B,$-0.00B,-2.86%,$-0.00B,$0.03B,-10.26%,$-0.00B,$0.03B,-12.00%,$-0.00B,$0.10B,-3.33%,$-0.00B,$0.04B,-6.40%,$21,$17,$4,$1,$3,$21,$-0,$0,$0,$0,$-0,$-0,$0,$0,$-0,$14,14,$0.00,$0.00,$30,$13,$4,$66,$27,$0,$5,$0,$33,$99,$62,$8,$0,$8,$70,$0,$16,$5,$30,$99,$-0,$0,$-0,$0,$2,$1,$-3,$1,$2,$2,$-4,$-1,$0,$0,$0,$0,$0,$-5,$8,$6,$14,$0,$0,$0,$-1,$13,$10,$0,$0
27,2011-12-31,0.98,$2.11,0.46,$8.14,0.12,$-1.31,0.0,$-0.19,0.0,$0.06B,$0.06B,0.98,$0.00B,$0.03B,0.0,$0.11B,$0.02B,16.22%,$0.11B,$-0.00B,-1.80%,$0.11B,$-0.00B,-1.80%,$0.11B,0,0.00%,$0.11B,$-0.00B,-0.90%,$0.11B,$-0.00B,-2.70%,$-0.00B,$0.03B,-10.43%,$-0.00B,$0.03B,-12.12%,$-0.00B,$0.09B,-3.59%,$-0.00B,$0.03B,-6.96%,$26,$21,$5,$1,$4,$27,$-2,$0,$-1,$0,$-2,$-2,$-2,$-1,$-2,$14,14,$-0.13,$-0.13,$18,$14,$4,$58,$25,$0,$4,$0,$30,$89,$60,$0,$0,$0,$60,$0,$16,$5,$29,$89,$-2,$2,$1,$3,$0,$1,$3,$-2,$3,$4,$-8,$0,$0,$0,$0,$0,$0,$-8,$-2,$9,$6,$0,$0,$0,$-6,$0,$-3,$1,$0
28,2011-09-30,1.29,$2.15,0.6,$8.23,0.16,$-1.13,0.0,$0.03,43.0,$0.07B,$0.06B,1.11,$0.00B,$0.03B,0.0,$0.11B,$0.02B,16.96%,$0.11B,$0.00B,0.89%,$0.11B,$0.00B,0.89%,$0.11B,$0.00B,2.68%,$0.11B,$0.00B,1.79%,$0.11B,0,0.00%,$0.00B,$0.03B,0.00%,$0.00B,$0.03B,0.00%,$0.00B,$0.09B,0.00%,$0.00B,$0.03B,3.48%,$28,$24,$4,$1,$4,$29,$-1,$0,$-1,$-0,$-1,$-1,$-1,$-0,$-1,$14,14,$-0.05,$-0.05,$24,$13,$8,$68,$18,$0,$4,$0,$23,$91,$62,$0,$0,$0,$62,$0,$20,$4,$29,$91,$-1,$1,$0,$2,$-2,$2,$4,$-5,$-2,$-1,$-5,$0,$0,$0,$0,$0,$0,$-5,$0,$15,$15,$0,$0,$0,$-9,$6,$-0,$1,$0
29,2011-06-30,1.93,$2.12,0.91,$8.19,0.24,$-0.87,0.0,$0.19,10.16,$0.06B,$0.05B,1.16,$0.00B,$0.03B,0.0,$0.11B,$0.02B,18.75%,$0.11B,$0.00B,3.57%,$0.11B,$0.00B,3.57%,$0.11B,$0.01B,4.46%,$0.11B,$0.01B,4.46%,$0.11B,$0.00B,1.79%,$0.00B,$0.03B,7.14%,$0.00B,$0.03B,8.33%,$0.00B,$0.08B,2.71%,$0.00B,$0.03B,14.29%,$30,$25,$5,$1,$3,$29,$1,$-0,$1,$0,$0,$0,$0,$1,$1,$14,14,$0.03,$0.03,$19,$13,$0,$61,$16,$0,$4,$0,$20,$81,$52,$0,$0,$0,$52,$0,$20,$3,$29,$81,$0,$1,$1,$1,$-1,$1,$-2,$-4,$-7,$-6,$-3,$0,$0,$0,$0,$0,$0,$-3,$0,$12,$12,$0,$0,$0,$-5,$7,$-1,$0,$0
30,2011-03-31,3.05,$2.04,1.5,$8.11,0.38,$-0.19,0.0,$0.30,10.17,$0.05B,$0.05B,1.2,$0.00B,$0.03B,0.0,$0.11B,$0.02B,18.92%,$0.11B,$0.01B,4.50%,$0.11B,$0.01B,4.50%,$0.11B,$0.01B,5.41%,$0.11B,$0.01B,5.41%,$0.11B,$0.00B,3.60%,$0.00B,$0.03B,14.95%,$0.00B,$0.02B,17.58%,$0.00B,$0.07B,5.73%,$0.01B,$0.03B,18.69%,$27,$23,$4,$1,$3,$27,$-0,$0,$-0,$0,$-0,$-0,$-0,$-0,$-0,$14,14,$-0.03,$-0.03,$16,$12,$0,$54,$15,$0,$4,$0,$19,$73,$45,$0,$0,$0,$45,$0,$20,$3,$28,$73,$-0,$0,$1,$1,$1,$2,$1,$-3,$1,$2,$-1,$0,$0,$0,$0,$0,$0,$-1,$0,$1,$1,$0,$0,$0,$-1,$0,$1,$0,$0
31,2010-12-31,3.29,$2.10,1.57,$7.61,0.43,$0.02,151.61,$0.45,7.31,$0.05B,$0.04B,1.24,$0.00B,$0.03B,0.0,$0.10B,$0.02B,20.19%,$0.10B,$0.01B,6.73%,$0.10B,$0.01B,6.73%,$0.10B,$0.01B,7.69%,$0.10B,$0.01B,7.69%,$0.10B,$0.01B,5.77%,$0.01B,$0.03B,23.53%,$0.01B,$0.03B,27.91%,$0.01B,$0.07B,9.13%,$0.01B,$0.03B,27.45%,$27,$21,$6,$1,$4,$26,$1,$0,$2,$0,$1,$1,$1,$2,$1,$14,14,$0.09,$0.09,$15,$14,$2,$52,$14,$0,$4,$0,$19,$70,$42,$0,$0,$0,$42,$0,$18,$3,$29,$70,$6,$2,$1,$2,$-5,$-3,$2,$-0,$-5,$4,$-5,$0,$0,$0,$-0,$-0,$0,$-5,$7,$1,$8,$0,$0,$0,$-1,$8,$6,$0,$0
32,2010-09-30,3.52,$1.91,1.84,$7.26,0.48,$0.10,34.54,$0.40,8.8,$0.05B,$0.05B,1.19,$0.00B,$0.03B,0.0,$0.10B,$0.02B,19.00%,$0.10B,$0.01B,7.00%,$0.10B,$0.01B,7.00%,$0.10B,$0.01B,7.00%,$0.10B,$0.01B,7.00%,$0.10B,$0.01B,6.00%,$0.01B,$0.03B,25.53%,$0.01B,$0.02B,30.77%,$0.01B,$0.07B,9.84%,$0.01B,$0.03B,29.79%,$28,$22,$6,$1,$3,$26,$2,$-0,$2,$0,$1,$1,$1,$2,$2,$14,14,$0.11,$0.11,$13,$15,$0,$54,$13,$0,$4,$0,$17,$71,$45,$0,$0,$0,$45,$0,$19,$2,$26,$71,$5,$1,$0,$1,$-5,$-4,$7,$-4,$-4,$2,$-4,$0,$0,$0,$-0,$-0,$0,$-4,$1,$6,$7,$0,$0,$0,$-2,$5,$2,$0,$0
33,2010-06-30,3.56,$1.79,1.99,$6.79,0.52,$1.11,3.22,$0.47,7.57,$0.05B,$0.04B,1.2,$0.00B,$0.02B,0.0,$0.09B,$0.02B,19.35%,$0.09B,$0.01B,8.60%,$0.09B,$0.01B,8.60%,$0.09B,$0.01B,8.60%,$0.09B,$0.01B,8.60%,$0.09B,$0.01B,7.53%,$0.01B,$0.02B,31.82%,$0.01B,$0.02B,38.36%,$0.01B,$0.07B,12.44%,$0.01B,$0.02B,36.36%,$29,$24,$5,$0,$3,$27,$2,$0,$2,$0,$2,$2,$2,$2,$2,$14,14,$0.12,$0.12,$10,$15,$0,$49,$12,$0,$4,$0,$16,$65,$41,$0,$0,$0,$41,$0,$17,$2,$24,$65,$3,$1,$0,$1,$-5,$-4,$10,$-2,$-1,$3,$-3,$0,$0,$0,$0,$0,$0,$-3,$-3,$5,$1,$0,$0,$0,$-1,$0,$1,$0,$0
34,2010-03-31,5.62,$1.68,3.34,$5.80,0.97,$1.47,3.83,$0.42,13.38,$0.04B,$0.03B,1.25,$0.00B,$0.02B,0.0,$0.08B,$0.02B,20.25%,$0.08B,$0.01B,8.86%,$0.08B,$0.01B,8.86%,$0.08B,$0.01B,10.13%,$0.08B,$0.01B,8.86%,$0.08B,$0.01B,7.59%,$0.01B,$0.02B,29.27%,$0.01B,$0.02B,35.82%,$0.01B,$0.06B,12.00%,$0.01B,$0.02B,34.15%,$20,$16,$4,$0,$2,$18,$2,$0,$2,$0,$2,$2,$2,$2,$2,$14,14,$0.12,$0.12,$13,$11,$0,$43,$10,$0,$4,$0,$14,$57,$34,$0,$0,$0,$34,$0,$16,$2,$23,$57,$2,$0,$0,$1,$2,$-1,$3,$-2,$2,$4,$-1,$0,$0,$0,$0,$0,$0,$-1,$4,$-3,$1,$0,$0,$0,$-1,$0,$4,$0,$0
35,2009-12-31,7.71,$1.56,4.95,$5.15,1.5,$1.42,5.42,$0.33,23.36,$0.04B,$0.03B,1.23,$0.00B,$0.02B,0.0,$0.07B,$0.01B,20.00%,$0.07B,$0.01B,8.57%,$0.07B,$0.01B,8.57%,$0.07B,$0.01B,10.00%,$0.07B,$0.01B,8.57%,$0.07B,$0.00B,5.71%,$0.00B,$0.02B,21.05%,$0.00B,$0.02B,26.23%,$0.00B,$0.05B,8.74%,$0.01B,$0.02B,31.58%,$23,$18,$4,$0,$3,$22,$1,$-0,$1,$0,$1,$1,$1,$1,$1,$14,14,$0.05,$0.05,$8,$11,$0,$37,$10,$0,$4,$0,$14,$51,$30,$0,$0,$0,$30,$0,$14,$2,$21,$51,$4,$1,$1,$2,$-6,$1,$2,$-1,$-3,$3,$-4,$0,$0,$0,$-0,$-0,$0,$-4,$-0,$-0,$-0,$0,$0,$0,$-1,$-1,$-1,$0,$0
36,2009-09-30,3.47,$1.51,2.3,$4.83,0.72,$1.58,2.2,$0.30,11.57,$0.04B,$0.03B,1.21,$0.00B,$0.02B,0.0,$0.07B,$0.01B,20.00%,$0.07B,$0.01B,7.69%,$0.07B,$0.01B,7.69%,$0.07B,$0.01B,10.77%,$0.07B,$0.01B,9.23%,$0.07B,$0.00B,4.62%,$0.00B,$0.02B,16.90%,$0.00B,$0.02B,21.43%,$0.00B,$0.05B,6.86%,$0.01B,$0.02B,28.17%,$21,$16,$5,$0,$2,$18,$3,$0,$3,$1,$2,$2,$2,$3,$3,$14,14,$0.18,$0.18,$12,$10,$0,$38,$10,$0,$4,$0,$14,$52,$32,$0,$0,$0,$32,$0,$13,$2,$20,$52,$4,$1,$0,$1,$-2,$1,$7,$-2,$9,$14,$-3,$0,$0,$0,$0,$0,$0,$-3,$0,$-8,$-8,$0,$0,$0,$0,$-8,$3,$0,$0
37,2009-06-30,1.49,$1.34,1.11,$4.79,0.31,$0.97,1.53,$0.14,10.64,$0.03B,$0.02B,1.23,$0.00B,$0.02B,0.0,$0.06B,$0.01B,18.75%,$0.06B,$0.00B,4.69%,$0.06B,$0.00B,4.69%,$0.06B,$0.01B,7.81%,$0.06B,$0.00B,4.69%,$0.06B,$0.00B,1.56%,$0.00B,$0.02B,5.97%,$0.00B,$0.01B,7.84%,$0.00B,$0.04B,2.30%,$0.00B,$0.02B,17.91%,$15,$12,$3,$0,$2,$14,$1,$-0,$1,$0,$1,$1,$1,$2,$1,$14,14,$0.07,$0.07,$5,$8,$0,$27,$9,$0,$4,$0,$13,$40,$22,$0,$0,$0,$22,$0,$11,$2,$18,$40,$1,$0,$0,$1,$-1,$3,$1,$-2,$5,$7,$-2,$0,$0,$0,$0,$0,$0,$-2,$-12,$3,$-9,$0,$0,$0,$1,$-9,$-3,$0,$0
38,2009-03-31,2.61,$1.23,2.12,$5.15,0.51,$0.58,4.49,$0.12,21.75,$0.03B,$0.02B,1.2,$0.00B,$0.02B,0.0,$0.07B,$0.01B,17.65%,$0.07B,$0.00B,4.41%,$0.07B,$0.00B,4.41%,$0.07B,$0.00B,5.88%,$0.07B,$0.00B,4.41%,$0.07B,$0.00B,1.47%,$0.00B,$0.02B,6.15%,$0.00B,$0.01B,8.16%,$0.00B,$0.04B,2.07%,$0.00B,$0.02B,18.46%,$11,$9,$2,$0,$2,$11,$1,$-0,$1,$0,$0,$0,$0,$1,$1,$14,14,$0.03,$0.03,$9,$8,$0,$28,$8,$0,$4,$0,$12,$40,$23,$0,$0,$0,$23,$0,$10,$2,$17,$40,$0,$0,$0,$0,$2,$3,$-1,$-1,$3,$4,$-1,$0,$0,$0,$0,$0,$0,$-1,$-10,$7,$-3,$0,$0,$0,$-0,$-4,$-1,$0,$0
