,Date,Stock Price,Book Value per Share,Price to Book Ratio,TTM Sales per Share,Price to Sales Ratio,TTM FCF per Share,Price to FCF Ratio,TTM Net EPS,PE Ratio,Current Assets,Current Liabilities,Current Ratio,Long Term Debt,Shareholder's Equity_x,Debt to Equity Ratio,TTM Revenue_x,TTM Gross Profit,Gross Margin,TTM Revenue_y,TTM Operating Income,Operating Margin,TTM Revenue_x,TTM EBIT,EBIT Margin,TTM Revenue_y,TTM EBITDA,EBITDA Margin,TTM Revenue_x,TTM Pre-Tax Income,Pre-Tax Margin,TTM Revenue_y,TTM Net Income_x,Net Margin,TTM Net Income_y,Shareholder's Equity_y,Return on Equity,TTM Net Income_x,Tangible Equity,Return on Tangible Equity,TTM Net Income_y,Total Assets,Return on Assets,TTM Net Income,LT Investments & Debt,Return on Investment,revenue,cost-goods-sold,gross-profit,research-development-expenses,selling-general-administrative-expenses,operating-expenses,operating-income,total-non-operating-income-expense,pre-tax-income,total-provision-income-taxes,income-after-taxes,income-from-continuous-operations,net-income,ebitda,ebit,basic-shares-outstanding,shares-outstanding,eps-basic-net-earnings-per-share,eps-earnings-per-share-diluted,cash-on-hand,inventory,other-current-assets,total-current-assets,net-property-plant-equipment,long-term-investments,goodwill-intangible-assets-total,other-long-term-assets,total-long-term-assets,total-assets,total-current-liabilities,long-term-debt,other-non-current-liabilities,total-long-term-liabilities,total-liabilities,common-stock-net,retained-earnings-accumulated-deficit,comprehensive-income,total-share-holder-equity,total-liabilities-share-holders-equity,net-income-loss,total-depreciation-amortization-cash-flow,other-non-cash-items,total-non-cash-items,change-in-accounts-receivable,change-in-inventories,change-in-accounts-payable,change-in-assets-liabilities,total-change-in-assets-liabilities,cash-flow-from-operating-activities,net-change-in-property-plant-equipment,net-change-in-intangible-assets,net-acquisitions-divestitures,net-change-in-short-term-investments,net-change-in-long-term-investments,net-change-in-investments-total,investing-activities-other,cash-flow-from-investing-activities,net-long-term-debt,net-current-debt,debt-issuance-retirement-net-total,net-common-equity-issued-repurchased,net-total-equity-issued-repurchased,total-common-preferred-stock-dividends-paid,financial-activities-other,cash-flow-from-financial-activities,net-cash-flow,stock-based-compensation,common-stock-dividends-paid
0,2018-03-31,7.58,$0.00,0.0,$26.44,0.29,$-1.90,0.0,$0.04,189.5,$1.50B,$1.61B,0.93,$0.48B,$0.51B,0.94,$2.20B,$0.26B,12.00%,$2.20B,$0.03B,1.41%,$2.20B,$0.03B,1.41%,$2.20B,$0.03B,1.41%,$2.20B,$0.01B,0.50%,$2.20B,$0.00B,0.05%,$0.00B,$0.51B,0.20%,$0.00B,$0.43B,0.24%,$0.00B,$2.61B,0.04%,$0.03B,$0.99B,3.36%,$443,$364,$79,$5,$41,$410,$33,$1,$34,$3,$31,$31,$31,$33,$33,$83,83,$0.37,$0.37,$321,$522,$152,$1495,$915,$0,$83,$102,$1114,$2608,$1607,$480,$0,$489,$2096,$0,$126,$-46,$512,$2608,$0,$0,$0,$0,$0,$0,$0,$0,$0,$0,$0,$0,$0,$0,$0,$0,$0,$0,$0,$0,$0,$0,$0,$0,$0,$0,$0,$0,$0
1,2017-12-31,7.02,$0.00,0.0,$26.31,0.27,$-1.90,0.0,$-0.12,0.0,$1.25B,$1.24B,1.01,$0.55B,$0.46B,1.21,$2.19B,$0.25B,11.19%,$2.19B,$0.03B,1.19%,$2.19B,$0.03B,1.19%,$2.19B,$0.03B,1.19%,$2.19B,0,0.00%,$2.19B,$-0.01B,-0.55%,$-0.01B,$0.46B,-2.54%,$-0.01B,$0.38B,-2.98%,$-0.01B,$2.26B,-0.52%,$0.03B,$1.01B,2.73%,$636,$582,$55,$7,$83,$670,$-33,$-13,$-47,$7,$-54,$-54,$-54,$-33,$-33,$83,83,$-0.49,$-0.49,$323,$294,$110,$1252,$838,$0,$81,$77,$1011,$2263,$1244,$554,$0,$562,$1807,$0,$95,$-72,$456,$2263,$-12,$111,$-6,$105,$-67,$24,$6,$-90,$-142,$-49,$-110,$0,$0,$0,$-26,$-26,$-64,$-200,$0,$17,$17,$0,$0,$0,$0,$17,$-207,$1,$0
2,2017-09-30,8.21,$0.00,0.0,$25.46,0.32,$0.21,39.7,$0.18,45.61,$1.38B,$1.42B,0.98,$0.35B,$0.50B,0.71,$2.12B,$0.23B,10.86%,$2.12B,$0.04B,1.75%,$2.12B,$0.04B,1.79%,$2.12B,$0.04B,1.75%,$2.12B,$0.02B,0.85%,$2.12B,$0.02B,1.09%,$0.02B,$0.50B,4.99%,$0.02B,$0.43B,5.83%,$0.02B,$2.28B,1.01%,$0.04B,$0.86B,3.82%,$543,$480,$63,$5,$48,$532,$11,$-3,$8,$3,$5,$5,$5,$11,$11,$83,83,$0.06,$0.06,$359,$351,$161,$1384,$790,$0,$68,$28,$899,$2283,$1419,$354,$0,$362,$1782,$0,$149,$-80,$501,$2283,$0,$0,$0,$0,$0,$0,$0,$0,$0,$0,$0,$0,$0,$0,$0,$0,$0,$0,$0,$0,$0,$0,$0,$0,$0,$0,$0,$0,$0
3,2017-06-30,7.15,$0.00,0.0,$27.44,0.26,$0.21,34.57,$0.62,11.53,$1.35B,$1.39B,0.97,$0.35B,$0.48B,0.73,$2.28B,$0.31B,13.49%,$2.28B,$0.10B,4.29%,$2.28B,$0.10B,4.34%,$2.28B,$0.10B,4.29%,$2.28B,$0.06B,2.72%,$2.28B,$0.06B,2.63%,$0.06B,$0.48B,13.19%,$0.06B,$0.42B,15.43%,$0.06B,$2.23B,2.58%,$0.10B,$0.84B,9.09%,$578,$511,$67,$4,$43,$558,$20,$-4,$16,$-3,$19,$19,$19,$20,$20,$83,83,$0.22,$0.22,$426,$337,$112,$1346,$775,$0,$67,$29,$885,$2231,$1385,$353,$0,$362,$1747,$0,$144,$-92,$484,$2231,$0,$0,$0,$0,$0,$0,$0,$0,$0,$0,$0,$0,$0,$0,$0,$0,$0,$0,$0,$0,$0,$0,$0,$0,$0,$0,$0,$0,$0
4,2017-03-31,7.29,$0.00,0.0,$28.16,0.26,$0.64,11.4,$1.32,5.52,$1.56B,$1.31B,1.19,$0.66B,$0.45B,1.47,$2.34B,$0.39B,16.73%,$2.34B,$0.16B,6.96%,$2.34B,$0.16B,7.00%,$2.34B,$0.20B,8.45%,$2.34B,$0.11B,4.87%,$2.34B,$0.12B,5.04%,$0.12B,$0.45B,26.62%,$0.12B,$0.39B,31.24%,$0.12B,$2.42B,4.88%,$0.16B,$1.11B,13.78%,$432,$372,$60,$9,$40,$404,$28,$-5,$23,$5,$18,$18,$18,$28,$28,$83,83,$0.21,$0.21,$627,$399,$111,$1557,$762,$0,$63,$29,$868,$2424,$1307,$659,$0,$669,$1976,$0,$125,$-108,$449,$2424,$0,$0,$0,$0,$0,$0,$0,$0,$0,$0,$0,$0,$0,$0,$0,$0,$0,$0,$0,$0,$0,$0,$0,$0,$0,$0,$0,$0,$0
5,2016-12-31,8.16,$4.90,1.66,$29.16,0.28,$2.39,3.42,$1.44,5.67,$1.33B,$1.13B,1.18,$0.66B,$0.41B,1.62,$2.43B,$0.44B,18.18%,$2.43B,$0.19B,7.91%,$2.43B,$0.19B,7.96%,$2.43B,$0.25B,10.18%,$2.43B,$0.12B,5.07%,$2.43B,$0.13B,5.28%,$0.13B,$0.41B,29.87%,$0.13B,$0.34B,35.33%,$0.13B,$2.21B,5.22%,$0.19B,$1.07B,16.41%,$565,$526,$40,$12,$49,$587,$-22,$-8,$-29,$-10,$-19,$-19,$-19,$-22,$-22,$83,83,$-0.25,$-0.25,$507,$318,$178,$1331,$756,$21,$66,$24,$879,$2209,$1128,$663,$0,$673,$1801,$0,$107,$-131,$408,$2209,$128,$94,$22,$116,$-72,$23,$47,$-134,$-98,$145,$-128,$0,$0,$0,$52,$52,$47,$-29,$-32,$150,$117,$0,$0,$0,$0,$117,$190,$1,$0
6,2016-09-30,11.21,$0.00,0.0,$30.81,0.36,$1.24,9.01,$2.07,5.42,$1.53B,$1.15B,1.33,$0.82B,$0.48B,1.71,$2.56B,$0.54B,20.87%,$2.56B,$0.27B,10.46%,$2.56B,$0.27B,10.46%,$2.56B,$0.26B,10.14%,$2.56B,$0.18B,7.14%,$2.56B,$0.17B,6.75%,$0.17B,$0.48B,42.04%,$0.17B,$0.41B,50.22%,$0.17B,$2.45B,6.82%,$0.27B,$1.30B,23.21%,$708,$567,$141,$12,$56,$635,$72,$-20,$52,$10,$42,$42,$42,$72,$72,$83,83,$0.50,$0.50,$402,$452,$221,$1528,$823,$2,$68,$24,$919,$2448,$1146,$818,$0,$824,$1970,$0,$126,$-80,$478,$2448,$0,$0,$0,$0,$0,$0,$0,$0,$0,$0,$0,$0,$0,$0,$0,$0,$0,$0,$0,$0,$0,$0,$0,$0,$0,$0,$0,$0,$0
7,2016-06-30,14.4,$0.00,0.0,$27.43,0.52,$2.54,5.66,$2.20,6.55,$1.67B,$1.32B,1.26,$0.82B,$0.44B,1.87,$2.28B,$0.49B,21.34%,$2.28B,$0.24B,10.34%,$2.28B,$0.24B,10.34%,$2.28B,$0.24B,10.56%,$2.28B,$0.19B,8.15%,$2.28B,$0.18B,8.02%,$0.18B,$0.44B,50.73%,$0.18B,$0.37B,62.24%,$0.18B,$2.59B,7.01%,$0.24B,$1.26B,22.39%,$638,$487,$151,$14,$53,$554,$85,$-16,$68,$-9,$77,$77,$77,$120,$85,$83,83,$0.92,$0.92,$421,$485,$247,$1668,$824,$2,$64,$25,$918,$2586,$1324,$819,$0,$825,$2149,$0,$84,$-78,$438,$2586,$104,$56,$-2,$53,$82,$-78,$-54,$22,$-32,$126,$-90,$0,$21,$0,$0,$0,$-107,$-176,$123,$0,$123,$0,$0,$0,$-3,$120,$55,$0,$0
8,2016-03-31,15.44,$0.00,0.0,$23.83,0.65,$6.15,2.51,$1.11,13.91,$1.57B,$1.51B,1.04,$0.67B,$0.39B,1.71,$1.98B,$0.39B,19.88%,$1.98B,$0.15B,7.67%,$1.98B,$0.15B,7.67%,$1.98B,$0.17B,8.38%,$1.98B,$0.11B,5.30%,$1.98B,$0.09B,4.64%,$0.09B,$0.39B,28.93%,$0.09B,$0.32B,36.84%,$0.09B,$2.57B,3.47%,$0.15B,$1.06B,15.81%,$515,$406,$109,$12,$41,$458,$57,$-25,$32,$5,$28,$28,$28,$77,$57,$83,83,$0.33,$0.33,$486,$464,$151,$1574,$906,$2,$66,$19,$998,$2572,$1510,$666,$0,$672,$2182,$0,$7,$-49,$390,$2572,$28,$20,$13,$33,$61,$-35,$-27,$148,$138,$198,$-53,$0,$0,$0,$0,$0,$-1,$-54,$8,$0,$8,$0,$0,$0,$-3,$5,$127,$0,$0
9,2015-12-31,21.94,$4.09,5.37,$21.80,1.01,$3.92,5.59,$0.48,45.71,$1.57B,$1.53B,1.03,$0.67B,$0.34B,1.97,$1.80B,$0.33B,18.49%,$1.80B,$0.08B,4.33%,$1.80B,$0.08B,4.33%,$1.80B,$0.09B,4.94%,$1.80B,$0.06B,3.05%,$1.80B,$0.04B,2.44%,$0.04B,$0.34B,15.13%,$0.04B,$0.27B,19.91%,$0.04B,$2.55B,1.72%,$0.08B,$1.01B,8.76%,$702,$568,$134,$14,$67,$648,$54,$-23,$31,$5,$26,$26,$26,$-9,$54,$83,83,$0.31,$0.31,$372,$406,$427,$1571,$877,$20,$68,$2,$977,$2548,$1531,$671,$0,$677,$2207,$0,$-20,$-71,$340,$2548,$26,$11,$15,$24,$-34,$105,$-17,$-152,$-90,$-40,$-38,$0,$79,$0,$0,$0,$-1,$-39,$0,$-29,$0,$0,$0,$0,$-0,$0,$-94,$0,$0
10,2015-09-30,12.56,$0.00,0.0,$16.29,0.77,$2.91,4.31,$0.16,78.5,$1.84B,$1.84B,1.0,$0.62B,$0.28B,2.25,$1.32B,$0.26B,20.00%,$1.32B,$0.07B,4.94%,$1.32B,$0.07B,4.94%,$1.32B,$0.14B,10.57%,$1.32B,$0.10B,7.76%,$1.32B,$0.09B,6.77%,$0.09B,$0.28B,33.81%,$0.09B,$0.21B,44.56%,$0.09B,$2.74B,4.20%,$0.07B,$0.89B,8.43%,$427,$334,$93,$13,$40,$387,$40,$15,$55,$2,$52,$52,$52,$53,$40,$83,83,$0.63,$0.63,$489,$499,$179,$1839,$815,$3,$68,$3,$896,$2735,$1838,$618,$0,$622,$2460,$0,$-46,$-110,$275,$2735,$18,$74,$-36,$38,$-165,$-163,$59,$475,$214,$269,$-161,$0,$53,$0,$0,$0,$-34,$-142,$17,$0,$17,$0,$0,$0,$-3,$14,$137,$1,$0
11,2015-06-30,16.76,$0.00,0.0,$32.48,0.52,$1.61,10.39,$-4.67,0.0,$1.84B,$1.84B,1.0,$0.62B,$0.27B,2.32,$1.08B,$0.18B,16.90%,$1.08B,$0.01B,1.20%,$1.08B,$0.01B,1.20%,$1.08B,$0.07B,6.83%,$1.08B,$0.01B,0.83%,$1.08B,$-0.00B,-0.09%,$-0.00B,$0.27B,-0.39%,$-0.00B,$0.20B,-0.50%,$-0.00B,$2.74B,-0.06%,$0.01B,$0.89B,1.93%,$338,$280,$58,$12,$46,$337,$1,$-14,$-13,$1,$-14,$-14,$-14,$45,$1,$83,83,$-0.17,$-0.17,$631,$445,$459,$1840,$0,$0,$71,$11,$88,$2743,$1836,$619,$16,$639,$2475,$0,$-99,$0,$267,$2743,$-35,$61,$10,$71,$-122,$-85,$74,$483,$358,$394,$-59,$0,$70,$0,$0,$0,$-31,$-19,$-54,$0,$-54,$0,$0,$0,$-3,$-57,$319,$0,$0
12,2015-03-31,20.3,$0.00,0.0,$47.94,0.42,$-2.42,0.0,$-5.50,0.0,$1.35B,$1.43B,0.95,$0.49B,$0.28B,1.75,$0.92B,$0.14B,15.38%,$0.92B,$0.01B,0.65%,$0.92B,$0.01B,0.65%,$0.92B,$0.02B,2.49%,$0.92B,$0.01B,0.87%,$0.92B,$0.00B,0.43%,$0.00B,$0.28B,1.51%,$0.00B,$0.21B,1.86%,$0.00B,$2.22B,0.27%,$0.01B,$0.77B,1.02%,$334,$285,$48,$10,$34,$351,$-17,$-1,$-18,$2,$-20,$-20,$-20,$-0,$-17,$80,80,$-0.25,$-0.25,$325,$402,$315,$1351,$0,$0,$71,$27,$104,$2223,$1430,$492,$16,$512,$1942,$0,$-84,$0,$281,$2223,$-20,$17,$20,$37,$-120,$-46,$44,$81,$-37,$-21,$-18,$0,$79,$0,$0,$0,$-4,$58,$1,$0,$1,$0,$0,$0,$-2,$-1,$38,$0,$0
13,2014-12-31,11.0,$3.10,3.54,$63.92,0.17,$-7.64,0.0,$-7.60,0.0,$0.59B,$0.24B,2.49,$0.30B,$0.63B,0.48,$0.77B,$0.12B,15.41%,$0.77B,$0.03B,3.50%,$0.77B,$0.03B,3.50%,$0.77B,$0.03B,4.27%,$0.77B,$0.00B,0.52%,$0.77B,$0.00B,0.39%,$0.00B,$0.23B,1.11%,$0.00B,$0.19B,1.32%,$0.00B,$0.77B,0.24%,$0.03B,$0.53B,4.56%,$216,$152,$64,$4,$19,$175,$41,$50,$78,$6,$71,$71,$71,$41,$41,$74,74,$0.00,$0.00,$159,$204,$157,$585,$223,$8,$43,$1,$275,$766,$235,$302,$0,$306,$537,$0,$-64,$-37,$230,$1515,$-101,$96,$10,$96,$-37,$-46,$-27,$-11,$-97,$-91,$-54,$0,$0,$0,$0,$0,$-10,$-64,$-7,$42,$60,$0,$17,$0,$-6,$112,$-42,$0,$0
14,2014-09-30,23.4,$0.00,0.0,$86.14,0.27,$-7.51,0.0,$-8.00,0.0,$0.71B,$0.96B,0.73,$0.25B,$0.26B,0.96,$0.77B,$0.35B,45.45%,$0.77B,$0.27B,35.19%,$0.77B,$0.27B,35.19%,$0.77B,$0.29B,37.01%,$0.77B,$-0.03B,-3.25%,$0.77B,$-0.07B,-9.35%,$-0.07B,$0.26B,-24.78%,$-0.07B,$0.22B,-29.15%,$-0.07B,$1.48B,-5.01%,$0.27B,$0.51B,39.63%,$195,$182,$13,$4,$21,$207,$-12,$-26,$-38,$0,$-38,$-38,$-38,$-12,$-12,$9,9,$-4.20,$-4.20,$246,$152,$146,$708,$0,$0,$44,$14,$59,$1482,$964,$248,$8,$260,$1224,$0,$-444,$0,$258,$1482,$0,$0,$0,$0,$0,$0,$0,$0,$0,$0,$0,$0,$0,$0,$0,$0,$0,$0,$0,$0,$0,$0,$0,$0,$0,$0,$0,$0,$0
15,2014-06-30,27.7,$0.00,0.0,$86.71,0.32,$-11.31,0.0,$-12.70,0.0,$0.63B,$0.83B,0.77,$0.26B,$0.29B,0.89,$0.76B,$0.35B,45.53%,$0.76B,$0.26B,34.34%,$0.76B,$0.26B,34.34%,$0.76B,$0.28B,36.18%,$0.76B,$-0.02B,-2.76%,$0.76B,$-0.11B,-14.34%,$-0.11B,$0.29B,-35.91%,$-0.11B,$0.25B,-42.00%,$-0.11B,$1.39B,-7.57%,$0.26B,$0.55B,33.37%,$178,$162,$17,$3,$20,$185,$-6,$-7,$-14,$-5,$-9,$-9,$-9,$-6,$-6,$9,9,$-1.00,$-1.00,$228,$137,$164,$634,$0,$0,$43,$12,$57,$1394,$828,$261,$8,$273,$1101,$0,$-402,$0,$292,$1394,$0,$0,$0,$0,$0,$0,$0,$0,$0,$0,$0,$0,$0,$0,$0,$0,$0,$0,$0,$0,$0,$0,$0,$0,$0,$0,$0,$0,$0
16,2014-03-31,28.6,$0.00,0.0,$89.97,0.32,$-11.31,0.0,$-14.90,0.0,$0.64B,$0.61B,1.04,$0.48B,$0.30B,1.6,$0.78B,$0.34B,43.87%,$0.78B,$0.25B,31.87%,$0.78B,$0.25B,31.87%,$0.78B,$0.26B,33.68%,$0.78B,$-0.03B,-4.39%,$0.78B,$-0.13B,-16.39%,$-0.13B,$0.30B,-38.90%,$-0.13B,$0.26B,-45.04%,$-0.13B,$1.41B,-8.58%,$0.25B,$0.78B,27.75%,$183,$158,$25,$3,$19,$180,$4,$-25,$-22,$-0,$-21,$-21,$-21,$10,$4,$9,9,$-2.40,$-2.40,$212,$125,$163,$635,$0,$0,$44,$19,$64,$1405,$613,$480,$8,$492,$1105,$0,$-392,$0,$300,$1405,$-21,$6,$0,$6,$0,$0,$0,$0,$-55,$-47,$-5,$0,$0,$0,$0,$0,$1,$-4,$0,$27,$-12,$0,$17,$0,$-8,$24,$-27,$0,$0
17,2013-12-31,27.7,$0.00,0.0,$91.01,0.3,$-10.48,0.0,$-16.80,0.0,$0.66B,$0.56B,1.18,$0.58B,$0.31B,1.87,$0.77B,$0.32B,41.50%,$0.77B,$0.22B,28.79%,$0.77B,$0.22B,28.79%,$0.77B,$0.25B,32.17%,$0.77B,$-0.05B,-6.23%,$0.77B,$-0.14B,-18.42%,$-0.14B,$0.31B,-40.23%,$-0.14B,$0.27B,-46.44%,$-0.14B,$1.46B,-9.40%,$0.22B,$0.90B,24.75%,$214,$-81,$295,$4,$5,$-72,$285,$20,$49,$-42,$91,$-4,$-4,$293,$285,$9,9,$-0.40,$-0.40,$238,$124,$80,$655,$0,$0,$45,$22,$69,$1464,$557,$582,$8,$595,$1152,$0,$-381,$0,$312,$1464,$-144,$76,$34,$76,$-126,$-89,$150,$-5,$42,$55,$-70,$0,$0,$0,$0,$0,$10,$-60,$-2,$2,$88,$220,$3,$0,$8,$100,$95,$0,$0
18,2013-09-30,44.5,$0.00,0.0,$81.76,0.54,$-40.00,0.0,$-29.10,0.0,$0.68B,$0.58B,1.17,$0.59B,$0.31B,1.9,$0.69B,$-0.02B,-3.33%,$0.69B,$-0.17B,-24.75%,$0.69B,$-0.17B,-24.75%,$0.69B,$-0.15B,-22.14%,$0.69B,$-0.21B,-30.10%,$0.69B,$-0.25B,-35.60%,$-0.25B,$0.31B,-63.85%,$-0.25B,$0.27B,-73.27%,$-0.25B,$1.49B,-16.27%,$-0.17B,$0.90B,-19.21%,$185,$176,$9,$4,$27,$207,$-22,$-12,$-34,$42,$-75,$-75,$-75,$-22,$-22,$8,8,$-8.90,$-8.90,$241,$130,$139,$677,$0,$0,$45,$23,$71,$1493,$581,$590,$8,$603,$1183,$0,$-373,$0,$310,$1493,$-139,$67,$0,$67,$0,$0,$0,$0,$28,$21,$-53,$0,$0,$0,$0,$0,$-1,$-54,$0,$-7,$99,$0,$0,$0,$2,$94,$61,$0,$0
19,2013-06-30,20.9,$0.00,0.0,$78.05,0.27,$-36.21,0.0,$-26.30,0.0,$0.71B,$0.57B,1.26,$0.60B,$0.38B,1.56,$0.66B,$-0.04B,-6.21%,$0.66B,$-0.19B,-28.64%,$0.66B,$-0.19B,-28.64%,$0.66B,$-0.17B,-25.91%,$0.66B,$-0.23B,-34.55%,$0.66B,$-0.22B,-33.64%,$-0.22B,$0.38B,-50.03%,$-0.22B,$0.34B,-56.63%,$-0.22B,$1.56B,-14.26%,$-0.19B,$0.98B,-20.76%,$193,$182,$11,$4,$27,$213,$-20,$-7,$-27,$1,$-27,$-27,$-27,$-20,$-20,$8,8,$-3.20,$-3.20,$250,$112,$157,$709,$0,$0,$45,$28,$94,$1561,$565,$600,$8,$612,$1177,$0,$-297,$0,$384,$1561,$0,$0,$0,$0,$0,$0,$0,$0,$0,$0,$0,$0,$0,$0,$0,$0,$0,$0,$0,$0,$0,$0,$0,$0,$0,$0,$0,$0,$0
20,2013-03-31,9.2,$0.00,0.0,$75.27,0.12,$-36.21,0.0,$-28.10,0.0,$0.66B,$0.60B,1.09,$0.40B,$0.41B,0.99,$0.64B,$-0.04B,-6.45%,$0.64B,$-0.18B,-28.62%,$0.64B,$-0.18B,-28.62%,$0.64B,$-0.16B,-25.79%,$0.64B,$-0.23B,-36.32%,$0.64B,$-0.24B,-37.26%,$-0.24B,$0.41B,-47.90%,$-0.24B,$0.35B,-53.74%,$-0.24B,$1.52B,-14.96%,$-0.18B,$0.81B,-19.68%,$179,$175,$5,$3,$22,$200,$-21,$-16,$-36,$0,$-36,$-36,$-36,$-3,$-21,$8,8,$-4.30,$-4.30,$188,$125,$163,$658,$0,$0,$54,$28,$105,$1524,$602,$403,$109,$516,$1118,$0,$-267,$0,$406,$1524,$-36,$18,$0,$18,$0,$0,$0,$0,$2,$-9,$-32,$0,$0,$0,$0,$0,$-0,$-33,$0,$19,$78,$0,$0,$0,$-2,$94,$53,$0,$0
21,2012-12-31,10.1,$0.00,0.0,$69.21,0.15,$-38.13,0.0,$-29.50,0.0,$0.60B,$0.59B,1.01,$0.43B,$0.44B,0.97,$0.59B,$-0.06B,-9.91%,$0.59B,$-0.20B,-33.50%,$0.59B,$-0.20B,-33.50%,$0.59B,$-0.18B,-31.28%,$0.59B,$-0.25B,-42.56%,$0.59B,$-0.25B,-42.56%,$-0.25B,$0.44B,-45.11%,$-0.25B,$0.39B,-49.97%,$-0.25B,$1.47B,-15.46%,$-0.20B,$0.87B,-20.87%,$134,$182,$-48,$4,$55,$242,$-108,$-9,$-111,$-1,$-109,$-108,$-108,$-108,$-108,$8,8,$-12.70,$-12.70,$133,$135,$176,$597,$0,$0,$54,$30,$105,$1469,$590,$426,$8,$438,$1028,$0,$-230,$0,$441,$1469,$-251,$14,$0,$14,$0,$0,$0,$0,$-125,$-169,$-96,$0,$0,$0,$0,$0,$10,$-86,$0,$-98,$183,$0,$-48,$0,$9,$46,$-209,$0,$0
22,2012-09-30,10.9,$0.00,0.0,$71.75,0.15,$-47.20,0.0,$-32.50,0.0,$0.82B,$0.68B,1.22,$0.44B,$0.54B,0.81,$0.61B,$-0.12B,-20.30%,$0.61B,$-0.25B,-41.58%,$0.61B,$-0.25B,-41.58%,$0.61B,$-0.24B,-39.44%,$0.61B,$-0.30B,-49.17%,$0.61B,$-0.27B,-45.05%,$-0.27B,$0.54B,-44.55%,$-0.27B,$0.49B,-48.82%,$-0.27B,$1.67B,-16.48%,$-0.25B,$0.98B,-26.06%,$154,$163,$-9,$4,$27,$194,$-40,$-14,$-54,$-3,$-51,$-51,$-51,$-40,$-40,$8,8,$-6.10,$-6.10,$292,$120,$226,$823,$0,$0,$54,$28,$88,$1672,$677,$439,$8,$451,$1128,$0,$-121,$0,$544,$1672,$0,$0,$0,$0,$0,$0,$0,$0,$0,$0,$0,$0,$0,$0,$0,$0,$0,$0,$0,$0,$0,$0,$0,$0,$0,$0,$0,$0,$0
23,2012-06-30,12.0,$0.00,0.0,$80.33,0.15,$-47.20,0.0,$-29.70,0.0,$0.82B,$0.62B,1.33,$0.45B,$0.59B,0.77,$0.68B,$-0.14B,-20.38%,$0.68B,$-0.26B,-38.85%,$0.68B,$-0.26B,-38.85%,$0.68B,$-0.25B,-36.93%,$0.68B,$-0.28B,-41.65%,$0.68B,$-0.25B,-36.93%,$-0.25B,$0.59B,-36.87%,$-0.25B,$0.54B,-40.36%,$-0.25B,$1.67B,-14.88%,$-0.26B,$1.04B,-26.29%,$169,$158,$11,$3,$21,$182,$-13,$-17,$-30,$12,$-42,$-42,$-42,$-13,$-13,$8,8,$-5.00,$-5.00,$377,$108,$208,$820,$0,$0,$53,$31,$92,$1672,$619,$453,$8,$465,$1084,$0,$-69,$0,$588,$1672,$0,$0,$0,$0,$0,$0,$0,$0,$0,$0,$0,$0,$0,$0,$0,$0,$0,$0,$0,$0,$0,$0,$0,$0,$0,$0,$0,$0,$0
24,2012-03-31,12.8,$0.00,0.0,$93.37,0.14,$-47.20,0.0,$-26.00,0.0,$0.76B,$0.75B,1.01,$0.23B,$0.64B,0.36,$0.79B,$-0.13B,-16.18%,$0.79B,$-0.26B,-32.48%,$0.79B,$-0.26B,-32.48%,$0.79B,$-0.24B,-30.83%,$0.79B,$-0.26B,-33.12%,$0.79B,$-0.22B,-27.90%,$-0.22B,$0.64B,-29.75%,$-0.22B,$0.58B,-32.30%,$-0.22B,$1.63B,-13.42%,$-0.26B,$0.87B,-25.92%,$128,$140,$-12,$4,$19,$163,$-35,$-19,$-54,$-6,$-48,$-48,$-48,$-22,$-35,$8,8,$-5.70,$-5.70,$338,$105,$216,$756,$0,$0,$54,$32,$94,$1628,$749,$232,$8,$244,$992,$0,$-27,$0,$635,$1628,$-48,$13,$0,$13,$0,$0,$0,$0,$-34,$7,$-65,$0,$0,$0,$0,$0,$8,$-56,$0,$54,$17,$0,$0,$0,$-32,$38,$-11,$0,$0
25,2011-12-31,9.83,$0.00,0.0,$114.25,0.09,$-51.33,0.0,$-17.80,0.0,$0.81B,$0.66B,1.22,$0.29B,$0.68B,0.43,$0.99B,$-0.06B,-6.15%,$0.99B,$-0.18B,-18.25%,$0.99B,$-0.18B,-18.25%,$0.99B,$-0.17B,-17.14%,$0.99B,$-0.17B,-17.14%,$0.99B,$-0.15B,-14.92%,$-0.15B,$0.68B,-18.93%,$-0.15B,$0.63B,-20.44%,$-0.15B,$1.65B,-9.43%,$-0.18B,$0.98B,-18.10%,$155,$268,$-113,$4,$47,$319,$-164,$-23,$-160,$-28,$-132,$-132,$-132,$-164,$-164,$8,8,$-15.70,$-15.70,$359,$109,$245,$807,$0,$0,$53,$33,$96,$1653,$663,$294,$8,$306,$969,$0,$21,$0,$684,$1653,$-148,$47,$0,$47,$0,$0,$0,$0,$29,$41,$-381,$0,$0,$0,$0,$0,$-6,$-387,$0,$230,$198,$0,$0,$0,$-26,$402,$55,$0,$0
26,2011-09-30,24.1,$0.00,0.0,$134.31,0.18,$-17.59,0.0,$0.60,40.17,$0.93B,$0.65B,1.43,$0.31B,$0.81B,0.39,$1.16B,$0.10B,8.82%,$1.16B,$0.01B,0.95%,$1.16B,$0.01B,0.95%,$1.16B,$0.02B,1.90%,$1.16B,$0.07B,6.14%,$1.16B,$0.04B,3.46%,$0.04B,$0.81B,4.95%,$0.04B,$0.73B,5.33%,$0.04B,$1.77B,2.75%,$0.01B,$1.12B,1.12%,$225,$250,$-24,$3,$24,$277,$-51,$13,$-38,$-10,$-28,$-28,$-28,$-51,$-51,$8,8,$-3.30,$-3.30,$322,$186,$212,$928,$0,$0,$74,$69,$151,$1768,$649,$310,$0,$314,$963,$0,$179,$0,$805,$1768,$0,$0,$0,$0,$0,$0,$0,$0,$0,$0,$0,$0,$0,$0,$0,$0,$0,$0,$0,$0,$0,$0,$0,$0,$0,$0,$0,$0,$0
27,2011-06-30,63.8,$0.00,0.0,$162.67,0.39,$-17.59,0.0,$3.30,19.33,$0.79B,$0.50B,1.57,$0.15B,$0.82B,0.19,$1.26B,$0.20B,15.89%,$1.26B,$0.12B,9.61%,$1.26B,$0.12B,9.61%,$1.26B,$0.13B,10.48%,$1.26B,$0.12B,9.29%,$1.26B,$0.06B,5.08%,$0.06B,$0.82B,8.58%,$0.06B,$0.77B,9.22%,$0.06B,$1.48B,5.01%,$0.12B,$0.98B,13.65%,$277,$255,$22,$3,$24,$282,$-5,$-3,$-8,$2,$-11,$-11,$-11,$-5,$-5,$8,8,$-1.30,$-1.30,$257,$137,$183,$786,$0,$0,$52,$71,$130,$1478,$499,$154,$0,$158,$657,$0,$204,$0,$821,$1478,$0,$0,$0,$0,$0,$0,$0,$0,$0,$0,$0,$0,$0,$0,$0,$0,$0,$0,$0,$0,$0,$0,$0,$0,$0,$0,$0,$0,$0
28,2011-03-31,75.8,$0.00,0.0,$168.16,0.45,$-17.59,0.0,$9.90,7.66,$0.83B,$0.45B,1.85,$0.11B,$0.82B,0.14,$1.24B,$0.23B,18.71%,$1.24B,$0.17B,13.39%,$1.24B,$0.17B,13.39%,$1.24B,$0.18B,14.27%,$1.24B,$0.17B,13.95%,$1.24B,$0.12B,9.27%,$0.12B,$0.82B,17.41%,$0.12B,$0.77B,18.88%,$0.12B,$1.38B,10.19%,$0.17B,$0.93B,20.88%,$335,$281,$54,$1,$14,$296,$39,$-3,$36,$13,$23,$23,$23,$50,$39,$8,9,$2.70,$2.50,$230,$151,$182,$827,$0,$0,$52,$73,$132,$1382,$447,$114,$0,$118,$565,$0,$181,$0,$817,$1382,$23,$11,$0,$11,$0,$0,$0,$0,$-52,$-10,$-91,$0,$0,$0,$0,$0,$-3,$-94,$0,$70,$-8,$0,$0,$0,$0,$62,$-42,$0,$0
29,2010-12-31,81.7,$0.00,0.0,$169.41,0.48,$-10.42,0.0,$10.90,7.5,$0.75B,$0.27B,2.77,$0.13B,$0.79B,0.16,$1.12B,$0.22B,19.45%,$1.12B,$0.16B,13.83%,$1.12B,$0.16B,13.83%,$1.12B,$0.16B,14.63%,$1.12B,$0.16B,14.27%,$1.12B,$0.11B,9.99%,$0.11B,$0.79B,19.83%,$0.11B,$0.74B,21.79%,$0.11B,$1.19B,11.17%,$0.16B,$0.91B,21.94%,$320,$270,$50,$2,$19,$292,$28,$33,$81,$23,$58,$56,$56,$28,$28,$7,8,$7.60,$2.70,$262,$120,$176,$754,$0,$0,$52,$60,$118,$1188,$272,$125,$0,$129,$401,$0,$187,$0,$787,$1188,$115,$39,$0,$39,$0,$0,$0,$0,$-156,$41,$-96,$0,$0,$0,$0,$0,$-6,$-102,$0,$-31,$0,$0,$241,$0,$0,$210,$149,$0,$0
30,2010-09-30,131.5,$0.00,0.0,$162.76,0.81,$7.16,18.36,$8.50,15.47,$0.73B,$0.33B,2.21,$0.17B,$0.56B,0.3,$0.99B,$-0.14B,-14.01%,$0.99B,$-0.23B,-22.94%,$0.99B,$-0.23B,-22.94%,$0.99B,$-0.22B,-22.03%,$0.99B,$0.06B,6.19%,$0.99B,$0.06B,5.89%,$0.06B,$0.56B,12.31%,$0.06B,$0.51B,13.78%,$0.06B,$1.06B,6.45%,$-0.23B,$0.73B,-36.48%,$327,$253,$74,$1,$15,$268,$59,$-51,$8,$11,$-4,$-4,$-4,$59,$59,$6,6,$-0.60,$-0.60,$203,$103,$233,$732,$0,$0,$51,$0,$58,$1064,$332,$169,$0,$173,$504,$0,$129,$0,$560,$1064,$0,$0,$0,$0,$0,$0,$0,$0,$0,$0,$0,$0,$0,$0,$0,$0,$0,$0,$0,$0,$0,$0,$0,$0,$0,$0,$0,$0,$0
31,2010-06-30,67.7,$0.00,0.0,$134.33,0.5,$7.16,9.45,$12.80,5.29,$0.56B,$0.27B,2.11,$0.13B,$0.48B,0.27,$0.80B,$-0.18B,-22.67%,$0.80B,$-0.27B,-33.13%,$0.80B,$-0.27B,-33.13%,$0.80B,$-0.26B,-32.00%,$0.80B,$0.08B,9.46%,$0.80B,$0.08B,10.21%,$0.08B,$0.48B,19.04%,$0.08B,$0.43B,21.54%,$0.08B,$0.88B,9.76%,$-0.27B,$0.61B,-46.42%,$258,$204,$54,$3,$12,$219,$40,$8,$48,$8,$40,$40,$40,$40,$40,$6,7,$6.90,$5.30,$145,$87,$207,$562,$0,$0,$51,$0,$57,$879,$266,$130,$0,$134,$401,$0,$116,$0,$478,$879,$0,$0,$0,$0,$0,$0,$0,$0,$0,$0,$0,$0,$0,$0,$0,$0,$0,$0,$0,$0,$0,$0,$0,$0,$0,$0,$0,$0,$0
32,2010-03-31,78.53,$0.00,0.0,$119.07,0.66,$7.16,10.97,$-1.20,0.0,$0.59B,$0.30B,1.97,$0.14B,$0.43B,0.33,$0.67B,$-0.24B,-36.42%,$0.67B,$-0.32B,-48.36%,$0.67B,$-0.32B,-48.36%,$0.67B,$-0.32B,-47.01%,$0.67B,$-0.02B,-2.54%,$0.67B,$-0.01B,-0.75%,$-0.01B,$0.43B,-1.24%,$-0.01B,$0.38B,-1.42%,$-0.01B,$0.88B,-0.61%,$-0.32B,$0.58B,-59.97%,$216,$176,$40,$2,$10,$189,$28,$-4,$23,$3,$20,$20,$20,$37,$28,$6,6,$3.50,$3.50,$149,$106,$209,$588,$0,$0,$50,$0,$57,$879,$298,$143,$0,$147,$445,$0,$78,$0,$434,$879,$20,$9,$0,$9,$0,$0,$0,$0,$-44,$-12,$-9,$0,$0,$0,$0,$0,$-0,$-10,$0,$0,$8,$0,$1,$0,$55,$65,$43,$0,$0
33,2009-12-31,76.3,$0.00,0.0,$100.44,0.76,$10.91,6.99,$-4.90,0.0,$0.49B,$0.21B,2.34,$0.15B,$0.41B,0.37,$0.55B,$-0.28B,-50.00%,$0.55B,$-0.35B,-63.90%,$0.55B,$-0.35B,-63.90%,$0.55B,$-0.35B,-63.90%,$0.55B,$-0.04B,-6.86%,$0.55B,$-0.03B,-4.69%,$-0.03B,$0.41B,-6.55%,$-0.03B,$0.36B,-7.50%,$-0.03B,$0.78B,-3.27%,$-0.35B,$0.56B,-66.45%,$184,$490,$-306,$5,$42,$536,$-353,$-35,$-18,$4,$-21,$2,$2,$-353,$-353,$6,6,$0.30,$0.30,$103,$115,$182,$486,$0,$0,$50,$0,$57,$776,$208,$152,$0,$156,$364,$0,$60,$0,$412,$776,$-21,$31,$0,$31,$0,$0,$0,$0,$-8,$101,$-38,$0,$-13,$0,$0,$0,$4,$-48,$0,$-102,$40,$0,$22,$0,$21,$-19,$34,$0,$0
34,2009-09-30,57.4,$0.00,0.0,$99.23,0.58,$-41.55,0.0,$-16.60,0.0,$0.54B,$0.28B,1.9,$0.14B,$0.40B,0.36,$0.54B,$-0.03B,-5.79%,$0.54B,$-0.07B,-13.08%,$0.54B,$-0.07B,-13.08%,$0.54B,$-0.07B,-13.08%,$0.54B,$-0.08B,-15.70%,$0.54B,$-0.09B,-16.64%,$-0.09B,$0.40B,-23.96%,$-0.09B,$0.35B,-27.73%,$-0.09B,$0.83B,-11.28%,$-0.07B,$0.54B,-13.49%,$145,$115,$30,$1,$10,$126,$19,$4,$23,$3,$20,$20,$20,$19,$19,$5,5,$3.70,$3.70,$135,$118,$179,$536,$0,$0,$51,$0,$57,$828,$282,$143,$0,$147,$429,$0,$60,$0,$399,$828,$0,$0,$0,$0,$0,$0,$0,$0,$0,$0,$0,$0,$0,$0,$0,$0,$0,$0,$0,$0,$0,$0,$0,$0,$0,$0,$0,$0,$0
35,2009-06-30,64.8,$0.00,0.0,$103.43,0.63,$-41.55,0.0,$-21.10,0.0,$0.49B,$0.30B,1.64,$0.11B,$0.37B,0.31,$0.58B,$-0.05B,-9.34%,$0.58B,$-0.09B,-16.09%,$0.58B,$-0.09B,-16.09%,$0.58B,$-0.09B,-16.09%,$0.58B,$-0.11B,-19.55%,$0.58B,$-0.12B,-20.07%,$-0.12B,$0.37B,-31.80%,$-0.12B,$0.32B,-36.74%,$-0.12B,$0.78B,-14.78%,$-0.09B,$0.48B,-17.67%,$125,$133,$-8,$1,$10,$143,$-18,$-27,$-45,$2,$-47,$-47,$-47,$-18,$-18,$5,5,$-8.70,$-8.70,$111,$102,$198,$485,$0,$0,$51,$0,$57,$779,$297,$112,$0,$117,$414,$0,$41,$0,$366,$779,$0,$0,$0,$0,$0,$0,$0,$0,$0,$0,$0,$0,$0,$0,$0,$0,$0,$0,$0,$0,$0,$0,$0,$0,$0,$0,$0,$0,$0
36,2009-03-31,41.9,$0.00,0.0,$114.51,0.37,$-41.55,0.0,$-10.10,0.0,$0.50B,$0.28B,1.77,$0.14B,$0.41B,0.33,$0.65B,$-0.02B,-2.92%,$0.65B,$-0.06B,-8.92%,$0.65B,$-0.06B,-8.92%,$0.65B,$-0.06B,-8.92%,$0.65B,$-0.06B,-8.46%,$0.65B,$-0.06B,-8.92%,$-0.06B,$0.41B,-16.63%,$-0.06B,$0.36B,-18.77%,$-0.06B,$0.79B,-7.46%,$-0.06B,$0.55B,-10.90%,$100,$93,$7,$1,$8,$102,$-2,$4,$2,$-2,$4,$-1,$-1,$-2,$-2,$5,5,$-0.20,$-0.20,$108,$109,$248,$497,$0,$0,$51,$0,$58,$794,$281,$137,$0,$141,$384,$0,$88,$0,$410,$791,$0,$0,$0,$0,$0,$0,$0,$0,$0,$0,$0,$0,$0,$0,$0,$0,$0,$0,$0,$0,$0,$0,$0,$0,$0,$0,$0,$0,$0
37,2008-12-31,50.1,$0.00,0.0,$131.23,0.38,$-41.55,0.0,$-6.70,0.0,$0.48B,$0.24B,1.98,$0.20B,$0.31B,0.64,$0.72B,$0.00B,0.28%,$0.72B,$-0.04B,-4.85%,$0.72B,$-0.04B,-4.85%,$0.72B,$-0.04B,-4.85%,$0.72B,$-0.04B,-5.27%,$0.72B,$-0.04B,-5.83%,$-0.04B,$0.31B,-13.25%,$-0.04B,$0.26B,-14.66%,$-0.04B,$0.76B,-5.56%,$-0.04B,$0.51B,-6.79%,$165,$225,$-60,$0,$8,$234,$-69,$0,$-64,$-3,$-61,$-61,$-61,$-69,$-69,$5,5,$-11.40,$-11.40,$73,$107,$253,$480,$0,$0,$51,$0,$57,$756,$243,$198,$0,$202,$445,$0,$-3,$0,$311,$756,$-41,$11,$0,$11,$0,$0,$0,$0,$-138,$-99,$-125,$0,$-41,$0,$0,$0,$-6,$-171,$0,$192,$27,$0,$74,$0,$-3,$290,$20,$0,$0
38,2008-09-30,105.3,$0.00,0.0,$128.88,0.82,$-42.94,0.0,$6.60,15.95,$0.54B,$0.23B,2.35,$0.20B,$0.37B,0.54,$0.69B,$0.20B,28.51%,$0.69B,$0.17B,24.46%,$0.69B,$0.17B,24.46%,$0.69B,$0.17B,24.46%,$0.69B,$0.16B,23.30%,$0.69B,$0.03B,4.05%,$0.03B,$0.37B,9.24%,$0.03B,$0.33B,9.93%,$0.03B,$0.81B,4.11%,$0.17B,$0.57B,37.37%,$188,$181,$7,$1,$10,$192,$-4,$-2,$-6,$-0,$-6,$-7,$-7,$-4,$-4,$5,6,$-1.30,$-0.80,$133,$111,$246,$541,$0,$0,$45,$0,$78,$810,$230,$199,$2,$207,$438,$0,$59,$0,$372,$810,$0,$0,$0,$0,$0,$0,$0,$0,$0,$0,$0,$0,$0,$0,$0,$0,$0,$0,$0,$0,$0,$0,$0,$0,$0,$0,$0,$0,$0
39,2008-06-30,175.0,$0.00,0.0,$118.92,1.47,$-42.94,0.0,$9.10,19.23,$0.54B,$0.22B,2.48,$0.20B,$0.30B,0.66,$0.60B,$0.29B,48.18%,$0.60B,$0.27B,45.36%,$0.60B,$0.27B,45.36%,$0.60B,$0.27B,45.36%,$0.60B,$0.27B,44.37%,$0.60B,$0.04B,7.12%,$0.04B,$0.30B,20.48%,$0.04B,$0.29B,21.50%,$0.04B,$0.75B,8.99%,$0.27B,$0.50B,88.60%,$197,$170,$27,$1,$9,$180,$17,$-4,$13,$1,$12,$11,$11,$17,$17,$5,6,$2.40,$2.30,$152,$120,$205,$541,$0,$0,$14,$0,$43,$750,$219,$199,$2,$229,$447,$0,$65,$0,$302,$750,$0,$0,$0,$0,$0,$0,$0,$0,$0,$0,$0,$0,$0,$0,$0,$0,$0,$0,$0,$0,$0,$0,$0,$0,$0,$0,$0,$0,$0
40,2008-03-31,120.6,$0.00,0.0,$97.24,1.24,$-42.94,0.0,$7.30,16.52,$0.54B,$0.21B,2.62,$0.20B,$0.28B,0.7,$0.47B,$0.27B,58.33%,$0.47B,$0.26B,55.77%,$0.47B,$0.26B,55.77%,$0.47B,$0.26B,55.77%,$0.47B,$0.26B,55.13%,$0.47B,$0.04B,7.48%,$0.04B,$0.28B,18.35%,$0.04B,$0.27B,19.05%,$0.04B,$0.71B,9.69%,$0.26B,$0.48B,108.64%,$171,$143,$28,$1,$7,$150,$21,$-2,$19,$3,$16,$15,$15,$21,$21,$5,5,$3.20,$3.20,$153,$108,$183,$540,$0,$0,$13,$0,$43,$705,$206,$197,$1,$216,$422,$0,$52,$0,$283,$705,$0,$0,$0,$0,$0,$0,$0,$0,$0,$0,$0,$0,$0,$0,$0,$0,$0,$0,$0,$0,$0,$0,$0,$0,$0,$0,$0,$0,$0
41,2007-12-31,326.5,$0.00,0.0,$67.16,4.86,$-42.94,0.0,$4.00,81.63,$0.32B,$0.19B,1.69,$0.00B,$0.26B,0.0,$0.32B,$0.27B,83.85%,$0.32B,$0.27B,82.30%,$0.32B,$0.27B,82.30%,$0.32B,$0.27B,82.30%,$0.32B,$0.26B,81.99%,$0.32B,$0.02B,6.21%,$0.02B,$0.26B,16.67%,$0.02B,$0.24B,17.20%,$0.02B,$0.46B,10.81%,$0.27B,$0.26B,220.37%,$135,$0,$135,$0,$0,$0,$135,$0,$135,$0,$135,$9,$9,$135,$135,$5,5,$1.90,$1.90,$43,$100,$118,$320,$0,$0,$13,$0,$43,$459,$189,$0,$0,$15,$204,$0,$36,$0,$255,$459,$20,$4,$0,$4,$0,$0,$0,$0,$-169,$-138,$-68,$0,$-7,$0,$0,$0,$1,$-74,$0,$78,$-2,$0,$1,$0,$18,$95,$-119,$0,$0
42,2007-09-30,131.3,$0.00,0.0,$47.23,2.78,$-23.87,0.0,$3.20,41.03,$0.00B,$0.00B,0.0,$0.00B,$0.00B,0.0,$0.22B,$0.17B,76.15%,$0.22B,$0.16B,73.85%,$0.22B,$0.16B,73.85%,$0.22B,$0.16B,73.85%,$0.22B,$0.16B,73.39%,$0.22B,$0.02B,6.88%,$0.02B,$0.00B,13.64%,$0.02B,$0.00B,13.76%,$0.02B,$0.00B,10.58%,$0.16B,$0.00B,145.37%,$101,$0,$101,$0,$0,$0,$101,$0,$101,$0,$101,$8,$8,$101,$101,$5,5,$1.70,$1.70,$0,$0,$0,$0,$0,$0,$0,$0,$0,$0,$0,$0,$0,$0,$0,$0,$0,$0,$0,$0,$0,$0,$0,$0,$0,$0,$0,$0,$0,$0,$0,$0,$0,$0,$0,$0,$0,$0,$0,$0,$0,$0,$0,$0,$0,$0,$0,$0,$0
