,Date,Stock Price,Book Value per Share,Price to Book Ratio,TTM Sales per Share,Price to Sales Ratio,TTM FCF per Share,Price to FCF Ratio,TTM Net EPS,PE Ratio,Current Assets,Current Liabilities,Current Ratio,Long Term Debt,Shareholder's Equity_x,Debt to Equity Ratio,TTM Revenue_x,TTM Gross Profit,Gross Margin,TTM Revenue_y,TTM Operating Income,Operating Margin,TTM Revenue_x,TTM EBIT,EBIT Margin,TTM Revenue_y,TTM EBITDA,EBITDA Margin,TTM Revenue_x,TTM Pre-Tax Income,Pre-Tax Margin,TTM Revenue_y,TTM Net Income_x,Net Margin,TTM Net Income_y,Shareholder's Equity_y,Return on Equity,TTM Net Income_x,Tangible Equity,Return on Tangible Equity,TTM Net Income_y,Total Assets,Return on Assets,TTM Net Income,LT Investments & Debt,Return on Investment,revenue,cost-goods-sold,gross-profit,research-development-expenses,selling-general-administrative-expenses,operating-expenses,operating-income,total-non-operating-income-expense,pre-tax-income,total-provision-income-taxes,income-after-taxes,income-from-continuous-operations,net-income,ebitda,ebit,basic-shares-outstanding,shares-outstanding,eps-basic-net-earnings-per-share,eps-earnings-per-share-diluted,cash-on-hand,inventory,other-current-assets,total-current-assets,net-property-plant-equipment,long-term-investments,goodwill-intangible-assets-total,other-long-term-assets,total-long-term-assets,total-assets,total-current-liabilities,long-term-debt,other-non-current-liabilities,total-long-term-liabilities,total-liabilities,common-stock-net,retained-earnings-accumulated-deficit,comprehensive-income,total-share-holder-equity,total-liabilities-share-holders-equity,net-income-loss,total-depreciation-amortization-cash-flow,other-non-cash-items,total-non-cash-items,change-in-accounts-receivable,change-in-inventories,change-in-accounts-payable,change-in-assets-liabilities,total-change-in-assets-liabilities,cash-flow-from-operating-activities,net-change-in-property-plant-equipment,net-change-in-intangible-assets,net-acquisitions-divestitures,net-change-in-short-term-investments,net-change-in-long-term-investments,net-change-in-investments-total,investing-activities-other,cash-flow-from-investing-activities,net-long-term-debt,net-current-debt,debt-issuance-retirement-net-total,net-common-equity-issued-repurchased,net-total-equity-issued-repurchased,total-common-preferred-stock-dividends-paid,financial-activities-other,cash-flow-from-financial-activities,net-cash-flow,stock-based-compensation,common-stock-dividends-paid
0,2018-07-31,25.16,$0.93,26.93,$15.09,1.67,$-8.53,0.0,$2.76,9.12,$1.28B,$0.56B,2.27,$1.50B,$0.19B,7.79,$3.17B,$1.43B,45.28%,$3.17B,$0.76B,23.84%,$3.17B,$0.76B,23.84%,$3.17B,$0.94B,29.52%,$3.17B,$0.68B,21.31%,$3.17B,$0.59B,18.63%,$0.59B,$0.19B,-449.52%,$0.59B,$-0.67B,-58.06%,$0.59B,$2.61B,23.54%,$0.76B,$1.69B,48.38%,$145,$222,$-76,$0,$106,$327,$-182,$-17,$-199,$-50,$-149,$-149,$-153,$-142,$-182,$208,208,$-0.74,$-0.74,$1110,$0,$0,$1282,$227,$0,$863,$101,$1323,$2605,$564,$1495,$0,$1849,$2413,$2,$164,$-16,$192,$2605,$-153,$40,$16,$56,$67,$0,$0,$-53,$-279,$-376,$-12,$0,$-1,$0,$-2,$-2,$9,$-7,$0,$0,$0,$-100,$-100,$-52,$-17,$-170,$-553,$4,$-52
1,2018-04-30,27.36,$1.88,14.54,$15.06,1.82,$-8.70,0.0,$2.87,9.53,$1.89B,$0.84B,2.24,$1.50B,$0.39B,3.8,$3.16B,$1.42B,44.94%,$3.16B,$0.75B,23.80%,$3.16B,$0.75B,23.80%,$3.16B,$0.94B,29.59%,$3.16B,$0.67B,21.17%,$3.16B,$0.61B,19.37%,$0.61B,$0.39B,-262.94%,$0.61B,$-0.49B,-54.45%,$0.61B,$3.14B,25.63%,$0.75B,$1.89B,51.56%,$2393,$1264,$1129,$0,$287,$1142,$1250,$-19,$1231,$85,$1146,$1146,$1143,$1297,$1250,$209,210,$5.48,$5.46,$1664,$0,$0,$1892,$232,$0,$882,$101,$1249,$3141,$844,$1495,$0,$1904,$2747,$2,$363,$-14,$394,$3141,$613,$183,$209,$392,$-66,$0,$0,$-3,$-155,$850,$-99,$0,$-43,$0,$-22,$-22,$51,$-112,$0,$0,$0,$19,$19,$-200,$-9,$-191,$546,$22,$-200
2,2018-01-31,26.04,$-3.34,-7.8,$14.55,1.79,$-10.11,0.0,$1.20,21.7,$1.28B,$0.67B,1.93,$2.28B,$-0.70B,-3.27,$3.10B,$1.25B,40.39%,$3.10B,$0.74B,23.78%,$3.10B,$0.74B,23.78%,$3.10B,$0.92B,29.76%,$3.10B,$0.65B,21.00%,$3.10B,$0.25B,8.14%,$0.25B,$-0.70B,-72.73%,$0.25B,$-1.59B,-20.29%,$0.25B,$2.56B,11.07%,$0.74B,$1.59B,54.74%,$488,$182,$306,$0,$169,$586,$-97,$-24,$-121,$122,$-243,$-243,$-246,$-49,$-97,$209,209,$-1.18,$-1.18,$270,$0,$0,$1284,$250,$0,$896,$106,$1277,$2561,$667,$2284,$0,$2593,$3259,$2,$-730,$-9,$-698,$2561,$-530,$137,$164,$301,$-651,$0,$0,$-123,$-1116,$-1358,$-78,$0,$-39,$0,$-20,$-20,$15,$-123,$0,$790,$790,$21,$21,$-150,$-29,$631,$-847,$17,$-150
3,2017-10-31,24.05,$-1.97,-12.18,$14.38,1.67,$-10.38,0.0,$1.88,12.79,$0.45B,$0.39B,1.13,$1.49B,$-0.41B,-3.62,$3.06B,$1.23B,40.24%,$3.06B,$0.71B,23.14%,$3.06B,$0.71B,23.14%,$3.06B,$0.89B,29.09%,$3.06B,$0.62B,20.27%,$3.06B,$0.39B,12.85%,$0.39B,$-0.41B,-105.57%,$0.39B,$-1.31B,-30.86%,$0.39B,$1.72B,17.23%,$0.71B,$1.08B,50.72%,$141,$66,$75,$0,$117,$357,$-216,$-20,$-236,$-88,$-148,$-148,$-154,$-171,$-216,$209,209,$-0.74,$-0.74,$282,$0,$0,$445,$262,$0,$899,$101,$1272,$1717,$393,$1494,$0,$1736,$2129,$2,$-434,$-14,$-413,$1717,$-284,$88,$74,$163,$78,$0,$0,$-67,$-513,$-648,$-57,$0,$-28,$0,$-1,$-1,$5,$-79,$0,$0,$0,$20,$20,$-100,$-27,$-107,$-836,$12,$-100
4,2017-07-31,29.38,$-1.03,-28.66,$14.32,2.05,$-10.56,0.0,$1.94,15.14,$0.83B,$0.56B,1.48,$1.49B,$-0.21B,-6.97,$3.05B,$1.23B,40.34%,$3.05B,$0.72B,23.48%,$3.05B,$0.72B,23.48%,$3.05B,$0.90B,29.49%,$3.05B,$0.63B,20.60%,$3.05B,$0.40B,13.15%,$0.40B,$-0.21B,-98.22%,$0.40B,$-1.10B,-30.55%,$0.40B,$2.13B,16.91%,$0.72B,$1.28B,48.44%,$138,$228,$-90,$0,$95,$323,$-185,$-20,$-205,$-77,$-128,$-128,$-131,$-142,$-185,$208,208,$-0.63,$-0.63,$668,$0,$0,$834,$253,$0,$888,$103,$1298,$2132,$563,$1493,$0,$1784,$2347,$2,$-230,$-13,$-214,$2132,$-131,$44,$28,$72,$65,$0,$0,$-49,$-350,$-409,$-13,$0,$-1,$0,$-5,$-5,$6,$-13,$0,$0,$0,$20,$20,$-50,$3,$-27,$-449,$5,$-50
5,2017-04-30,23.7,$-0.29,-80.62,$14.22,1.67,$-10.63,0.0,$2.01,11.79,$1.35B,$0.94B,1.43,$1.49B,$-0.06B,-24.52,$3.04B,$1.39B,45.88%,$3.04B,$0.72B,23.58%,$3.04B,$0.72B,23.58%,$3.04B,$0.90B,29.58%,$3.04B,$0.63B,20.72%,$3.04B,$0.41B,13.44%,$0.41B,$-0.06B,-100.80%,$0.41B,$-0.96B,-31.15%,$0.41B,$2.69B,17.15%,$0.72B,$1.43B,48.33%,$2328,$1369,$959,$0,$276,$1094,$1234,$-22,$1212,$425,$787,$787,$783,$1283,$1234,$213,214,$3.66,$3.65,$1118,$0,$0,$1346,$264,$0,$901,$100,$1348,$2694,$939,$1493,$0,$1816,$2755,$2,$-48,$-15,$-61,$2694,$409,$182,$119,$301,$-78,$0,$0,$-72,$-157,$552,$-89,$0,$-55,$0,$174,$174,$70,$99,$0,$0,$0,$-320,$-320,$-187,$-23,$-530,$117,$19,$-187
6,2017-01-31,20.32,$-3.87,-5.26,$12.51,1.62,$-11.02,0.0,$1.39,14.62,$1.20B,$0.56B,2.17,$2.59B,$-0.80B,-3.24,$3.01B,$1.35B,44.79%,$3.01B,$0.64B,21.40%,$3.01B,$0.64B,21.40%,$3.01B,$0.82B,27.35%,$3.01B,$0.56B,18.57%,$3.01B,$0.33B,10.85%,$0.33B,$-0.80B,-84.95%,$0.33B,$-1.72B,-25.27%,$0.33B,$2.58B,13.48%,$0.64B,$1.79B,42.81%,$452,$165,$287,$0,$188,$577,$-125,$-26,$-151,$-49,$-101,$-101,$-105,$-80,$-125,$208,208,$-0.50,$-0.50,$291,$0,$0,$1203,$282,$0,$918,$103,$1375,$2578,$555,$2593,$0,$2824,$3378,$2,$-786,$-15,$-801,$2578,$-374,$132,$53,$185,$-646,$0,$0,$-117,$-1214,$-1410,$-74,$0,$-53,$0,$175,$175,$16,$65,$0,$1100,$1100,$-320,$-320,$-142,$0,$638,$-710,$17,$-142
7,2016-10-31,21.54,$-2.64,-8.17,$12.38,1.74,$-10.32,0.0,$1.54,13.98,$0.70B,$0.44B,1.62,$1.97B,$-0.56B,-3.53,$3.03B,$1.35B,44.65%,$3.03B,$0.65B,21.40%,$3.03B,$0.65B,21.40%,$3.03B,$0.83B,27.31%,$3.03B,$0.56B,18.56%,$3.03B,$0.35B,11.53%,$0.35B,$-0.56B,-109.83%,$0.35B,$-1.47B,-28.52%,$0.35B,$2.08B,14.02%,$0.65B,$1.41B,41.18%,$131,$58,$74,$0,$114,$339,$-208,$-20,$-228,$-85,$-143,$-143,$-146,$-162,$-208,$216,216,$-0.68,$-0.68,$525,$0,$0,$703,$293,$0,$910,$93,$1379,$2082,$435,$1967,$0,$2205,$2640,$3,$-538,$-17,$-557,$2082,$-270,$87,$20,$107,$49,$0,$0,$-99,$-552,$-720,$-45,$0,$-36,$0,$23,$23,$2,$-56,$0,$475,$475,$-214,$-214,$-96,$-44,$121,$-659,$12,$-96
8,2016-07-31,22.09,$-0.91,-24.22,$12.26,1.8,$-9.18,0.0,$1.67,13.23,$0.61B,$0.61B,1.0,$1.49B,$-0.20B,-7.47,$3.03B,$1.34B,44.43%,$3.03B,$0.62B,20.56%,$3.03B,$0.62B,20.56%,$3.03B,$0.76B,24.96%,$3.03B,$0.55B,18.25%,$3.03B,$0.35B,11.57%,$0.35B,$-0.20B,-188.93%,$0.35B,$-1.09B,-32.09%,$0.35B,$2.16B,13.79%,$0.62B,$1.29B,39.19%,$125,$52,$73,$0,$99,$310,$-185,$-19,$-204,$-83,$-121,$-121,$-124,$-143,$-185,$220,220,$-0.56,$-0.56,$429,$0,$0,$608,$284,$192,$891,$97,$1555,$2164,$609,$1492,$0,$1754,$2363,$3,$-181,$-15,$-200,$2164,$-124,$41,$13,$55,$49,$0,$0,$-77,$-389,$-458,$-6,$0,$-2,$0,$7,$7,$6,$5,$0,$0,$0,$-44,$-44,$-49,$-25,$-117,$-572,$6,$-49
9,2016-04-30,18.62,$0.10,177.64,$12.19,1.53,$-8.48,0.0,$1.87,9.96,$1.22B,$1.04B,1.17,$1.49B,$0.02B,64.55,$3.04B,$1.35B,44.54%,$3.04B,$0.63B,20.84%,$3.04B,$0.63B,20.84%,$3.04B,$0.72B,23.83%,$3.04B,$0.57B,18.73%,$3.04B,$0.37B,12.31%,$0.37B,$0.02B,132.62%,$0.37B,$-0.88B,-60.47%,$0.37B,$2.85B,12.88%,$0.63B,$1.51B,35.04%,$2297,$1385,$912,$0,$283,$1137,$1161,$-20,$1141,$440,$701,$701,$701,$1207,$1161,$249,251,$2.76,$2.75,$1001,$0,$0,$1221,$294,$202,$905,$106,$1627,$2847,$1040,$1491,$0,$1785,$2824,$3,$40,$-11,$23,$2847,$374,$174,$135,$309,$-71,$0,$0,$-89,$-139,$545,$-100,$0,$-89,$0,$452,$452,$66,$330,$997,$0,$997,$-1993,$-1993,$-202,$-764,$-1962,$-1098,$24,$-202
10,2016-01-31,31.1,$-2.39,-13.0,$11.33,2.74,$-8.44,0.0,$1.40,22.21,$1.22B,$0.59B,2.07,$2.62B,$-0.54B,-4.87,$3.04B,$2.20B,72.26%,$3.04B,$0.69B,22.62%,$3.04B,$0.69B,22.62%,$3.04B,$0.73B,24.10%,$3.04B,$0.64B,20.97%,$3.04B,$0.41B,13.54%,$0.41B,$-0.54B,56.09%,$0.41B,$-1.45B,-260.35%,$0.41B,$2.86B,12.40%,$0.69B,$2.08B,34.18%,$475,$182,$293,$0,$202,$594,$-120,$-27,$-147,$-68,$-79,$-79,$-82,$-75,$-120,$232,232,$-0.35,$-0.35,$259,$0,$0,$1219,$290,$212,$917,$111,$1644,$2863,$589,$2616,$0,$2811,$3400,$3,$-510,$-21,$-537,$2863,$-326,$128,$112,$240,$-686,$0,$0,$-119,$-1319,$-1427,$-66,$0,$-85,$0,$443,$443,$23,$314,$997,$1125,$2122,$-1863,$-1863,$-158,$-790,$-688,$-1818,$21,$-158
11,2015-10-31,33.84,$-0.12,-293.03,$11.14,3.04,$-6.89,0.0,$1.62,20.89,$0.73B,$0.57B,1.28,$1.49B,$-0.03B,-54.71,$3.08B,$2.23B,72.40%,$3.08B,$0.73B,23.83%,$3.08B,$0.73B,23.83%,$3.08B,$0.73B,23.83%,$3.08B,$0.69B,22.56%,$3.08B,$0.46B,14.86%,$0.46B,$-0.03B,39.56%,$0.46B,$-0.94B,169.10%,$0.46B,$2.28B,12.35%,$0.73B,$1.46B,38.46%,$128,$63,$66,$0,$136,$362,$-234,$-4,$-238,$-95,$-143,$-143,$-145,$-234,$-234,$266,266,$-0.55,$-0.55,$403,$0,$0,$725,$299,$221,$908,$115,$1554,$2278,$567,$1491,$0,$1739,$2306,$3,$4,$-16,$-27,$2278,$-245,$82,$37,$120,$67,$0,$0,$-2,$-456,$-603,$-39,$0,$-62,$0,$441,$441,$25,$365,$997,$0,$997,$-1501,$-1501,$-110,$-784,$-1398,$-1647,$14,$-110
12,2015-07-31,30.07,$6.04,4.98,$11.14,2.7,$-7.02,0.0,$1.76,17.08,$2.11B,$1.19B,1.77,$0.50B,$1.67B,0.3,$3.08B,$2.23B,72.20%,$3.08B,$0.78B,25.40%,$3.08B,$0.78B,25.40%,$3.08B,$0.78B,25.40%,$3.08B,$0.73B,23.71%,$3.08B,$0.49B,15.89%,$0.49B,$1.67B,33.29%,$0.49B,$0.80B,82.46%,$0.49B,$3.63B,12.55%,$0.78B,$2.17B,39.62%,$138,$56,$82,$0,$98,$312,$-174,$-13,$-187,$-91,$-97,$-97,$-100,$-174,$-174,$276,276,$-0.36,$-0.36,$1767,$0,$0,$2111,$297,$230,$871,$108,$1519,$3629,$1190,$502,$0,$770,$1960,$3,$1679,$-8,$1669,$3629,$0,$0,$0,$0,$0,$0,$0,$0,$0,$-378,$-9,$0,$-12,$0,$38,$38,$15,$32,$0,$0,$0,$-5,$-5,$-55,$-291,$-351,$-708,$0,$-55
13,2015-04-30,27.14,$6.66,4.08,$11.13,2.44,$-7.10,0.0,$1.70,15.96,$2.95B,$1.88B,1.57,$0.51B,$1.83B,0.28,$3.08B,$2.23B,72.30%,$3.08B,$0.80B,25.85%,$3.08B,$0.80B,25.85%,$3.08B,$0.80B,25.85%,$3.08B,$0.74B,24.10%,$3.08B,$0.47B,15.39%,$0.47B,$1.83B,33.77%,$0.47B,$0.96B,88.23%,$0.47B,$4.52B,11.94%,$0.80B,$2.34B,41.69%,$2301,$545,$1757,$0,$269,$1086,$1216,$-6,$1210,$466,$744,$744,$739,$1216,$1216,$275,277,$2.68,$2.67,$2539,$0,$0,$2951,$311,$239,$874,$126,$1564,$4515,$1878,$505,$0,$804,$2682,$3,$1836,$2,$1833,$4515,$474,$160,$86,$245,$-68,$0,$0,$-37,$-92,$627,$-123,$0,$-113,$0,$-16,$-16,$104,$-149,$-400,$0,$-400,$6,$6,$-220,$-32,$-646,$-178,$26,$-220
14,2015-01-31,30.57,$4.17,7.34,$12.11,2.52,$-6.51,0.0,$2.33,13.12,$2.78B,$2.47B,1.12,$0.51B,$1.15B,0.44,$3.34B,$2.48B,74.32%,$3.34B,$1.07B,32.00%,$3.34B,$1.06B,31.58%,$3.34B,$1.07B,32.00%,$3.34B,$1.01B,30.26%,$3.34B,$0.65B,19.31%,$0.65B,$1.15B,48.32%,$0.65B,$0.26B,131.97%,$0.65B,$4.38B,16.07%,$1.07B,$1.65B,58.09%,$509,$187,$322,$0,$190,$584,$-75,$-16,$-91,$-56,$-35,$-35,$-37,$-75,$-75,$275,275,$-0.13,$-0.13,$1740,$0,$0,$2778,$309,$246,$886,$146,$1601,$4379,$2471,$505,$0,$761,$3233,$3,$1158,$-1,$1146,$4379,$0,$0,$0,$0,$0,$0,$0,$0,$0,$-1247,$-99,$0,$-112,$0,$38,$38,$40,$-133,$-400,$591,$191,$6,$6,$-165,$499,$531,$-864,$0,$-165
15,2014-10-31,28.65,$4.50,6.36,$10.99,2.61,$-6.17,0.0,$1.68,17.05,$1.46B,$1.08B,1.36,$0.51B,$1.24B,0.41,$3.03B,$2.20B,72.56%,$3.03B,$0.82B,27.04%,$3.03B,$0.81B,26.58%,$3.03B,$0.82B,27.04%,$3.03B,$0.75B,24.87%,$3.03B,$0.47B,15.40%,$0.47B,$1.24B,38.28%,$0.47B,$0.36B,114.88%,$0.47B,$3.09B,12.30%,$0.82B,$1.74B,47.52%,$135,$69,$65,$0,$97,$319,$-184,$-16,$-201,$-87,$-113,$-113,$-112,$-184,$-184,$275,275,$-0.41,$-0.41,$1064,$0,$0,$1457,$318,$251,$878,$148,$1634,$3091,$1076,$506,$119,$777,$1853,$3,$1250,$7,$1239,$3091,$0,$0,$0,$0,$0,$0,$0,$0,$0,$-628,$-71,$0,$-94,$0,$44,$44,$40,$-81,$-400,$0,$-400,$4,$4,$-110,$-340,$-845,$-1558,$0,$-110
16,2014-07-31,28.31,$5.08,5.57,$10.99,2.58,$-5.74,0.0,$1.70,16.65,$2.29B,$1.68B,1.36,$0.51B,$1.40B,0.36,$3.03B,$2.21B,72.88%,$3.03B,$0.84B,27.61%,$3.03B,$0.82B,27.15%,$3.03B,$0.84B,27.61%,$3.03B,$0.78B,25.60%,$3.03B,$0.47B,15.64%,$0.47B,$1.40B,41.25%,$0.47B,$0.57B,127.94%,$0.47B,$3.89B,12.33%,$0.84B,$1.90B,50.58%,$134,$52,$82,$0,$97,$295,$-161,$-14,$-176,$-67,$-109,$-109,$-116,$-161,$-161,$275,275,$-0.42,$-0.42,$1905,$0,$0,$2292,$315,$260,$827,$151,$1599,$3891,$1684,$506,$136,$810,$2494,$3,$1418,$5,$1397,$3891,$0,$0,$0,$0,$0,$0,$0,$0,$0,$-382,$-26,$0,$-41,$0,$17,$17,$23,$-26,$0,$0,$0,$4,$4,$-55,$-298,$-348,$-756,$0,$-55
17,2014-04-30,24.89,$5.68,4.38,$10.97,2.27,$-5.55,0.0,$1.70,14.64,$3.11B,$2.31B,1.35,$0.51B,$1.56B,0.33,$3.02B,$2.21B,73.02%,$3.02B,$0.82B,27.05%,$3.02B,$0.82B,27.08%,$3.02B,$0.83B,27.55%,$3.02B,$0.77B,25.40%,$3.02B,$0.48B,15.71%,$0.48B,$1.56B,44.14%,$0.48B,$0.77B,146.04%,$0.48B,$4.69B,12.46%,$0.82B,$2.06B,48.64%,$2563,$549,$2014,$0,$268,$1074,$1489,$-10,$1479,$550,$929,$929,$910,$1489,$1475,$274,276,$3.32,$3.31,$2724,$0,$0,$3114,$305,$268,$792,$167,$1580,$4694,$2313,$506,$161,$824,$3137,$3,$1589,$5,$1557,$4694,$475,$116,$121,$237,$-30,$0,$0,$3,$98,$810,$-147,$0,$-68,$0,$45,$45,$181,$11,$0,$0,$0,$22,$22,$-219,$-168,$-365,$438,$20,$-219
18,2014-01-31,26.45,$2.50,10.56,$9.70,2.73,$-6.55,0.0,$0.83,31.86,$1.51B,$2.06B,0.73,$0.51B,$0.69B,0.74,$2.66B,$1.88B,70.61%,$2.66B,$0.53B,19.92%,$2.66B,$0.48B,18.04%,$2.66B,$0.55B,20.48%,$2.66B,$0.42B,15.75%,$2.66B,$0.23B,8.61%,$0.23B,$0.69B,22.84%,$0.23B,$-0.07B,84.81%,$0.23B,$3.52B,6.07%,$0.53B,$1.19B,31.02%,$200,$161,$39,$0,$174,$524,$-324,$-23,$-348,$-135,$-213,$-213,$-215,$-324,$-324,$274,274,$-0.78,$-0.78,$482,$0,$0,$1505,$315,$726,$756,$214,$2011,$3515,$2055,$506,$268,$774,$2829,$3,$734,$-5,$687,$3515,$0,$0,$0,$0,$0,$0,$0,$0,$0,$-1120,$-126,$0,$-38,$0,$1,$1,$95,$-68,$0,$195,$195,$28,$28,$-164,$-161,$-102,$-1310,$0,$-164
19,2013-10-31,24.57,$3.48,7.05,$10.71,2.29,$-7.19,0.0,$1.54,15.95,$1.20B,$1.55B,0.77,$0.51B,$0.96B,0.53,$2.93B,$2.15B,73.37%,$2.93B,$0.76B,25.95%,$2.93B,$0.73B,24.92%,$2.93B,$0.80B,27.14%,$2.93B,$0.67B,22.88%,$2.93B,$0.43B,14.52%,$0.43B,$0.96B,43.04%,$0.43B,$0.22B,160.75%,$0.43B,$3.28B,10.99%,$0.76B,$1.46B,42.38%,$134,$61,$74,$0,$94,$301,$-167,$-13,$-179,$-76,$-103,$-103,$-105,$-167,$-167,$274,274,$-0.39,$-0.39,$838,$0,$0,$1196,$311,$761,$739,$267,$2079,$3275,$1547,$506,$267,$773,$2320,$3,$1004,$1,$955,$3275,$0,$0,$0,$0,$0,$0,$0,$0,$0,$-492,$-87,$0,$-21,$0,$13,$13,$31,$-64,$0,$0,$0,$25,$25,$-109,$-308,$-393,$-957,$0,$-109
20,2013-07-31,26.95,$4.04,6.68,$10.73,2.51,$-7.39,0.0,$1.54,17.5,$1.71B,$1.45B,1.18,$0.91B,$1.11B,0.82,$2.94B,$2.16B,73.57%,$2.94B,$0.76B,25.99%,$2.94B,$0.76B,25.75%,$2.94B,$0.82B,27.96%,$2.94B,$0.69B,23.43%,$2.94B,$0.43B,14.51%,$0.43B,$1.11B,46.09%,$0.43B,$0.39B,206.05%,$0.43B,$3.76B,10.56%,$0.76B,$2.01B,41.69%,$127,$46,$81,$0,$97,$307,$-180,$-5,$-184,$-71,$-113,$-113,$-115,$-165,$-165,$273,273,$-0.42,$-0.42,$1219,$0,$0,$1705,$287,$797,$716,$259,$2058,$3763,$1450,$906,$301,$1207,$2658,$3,$1164,$-0,$1105,$3763,$0,$0,$0,$0,$0,$0,$0,$0,$0,$-319,$-34,$0,$-1,$0,$-8,$-8,$15,$-29,$0,$0,$0,$22,$22,$-55,$-197,$-229,$-584,$0,$-55
21,2013-04-30,23.62,$4.63,5.1,$10.61,2.23,$-7.50,0.0,$1.57,15.05,$2.46B,$2.01B,1.22,$0.91B,$1.26B,0.72,$2.91B,$2.14B,73.53%,$2.91B,$0.77B,26.54%,$2.91B,$0.77B,26.54%,$2.91B,$0.84B,28.78%,$2.91B,$0.70B,24.20%,$2.91B,$0.43B,14.94%,$0.43B,$1.26B,50.49%,$0.43B,$0.54B,298.80%,$0.43B,$4.54B,10.88%,$0.77B,$2.17B,46.98%,$2200,$515,$1685,$0,$252,$999,$1201,$-71,$1130,$441,$689,$689,$664,$1201,$1136,$273,274,$2.44,$2.43,$1865,$0,$0,$2462,$268,$826,$719,$263,$2075,$4538,$2012,$906,$356,$1262,$3274,$3,$1333,$11,$1264,$4538,$434,$92,$84,$177,$-73,$0,$0,$-104,$-113,$497,$-113,$0,$-21,$0,$-136,$-136,$159,$-111,$-139,$0,$-139,$-315,$-315,$-217,$87,$-585,$-197,$15,$-217
22,2013-01-31,19.25,$2.33,8.26,$9.29,2.07,$-7.96,0.0,$1.14,16.89,$1.74B,$2.06B,0.84,$0.91B,$0.64B,1.43,$2.71B,$1.94B,71.66%,$2.71B,$0.55B,20.36%,$2.71B,$0.64B,23.61%,$2.71B,$0.64B,23.61%,$2.71B,$0.56B,20.51%,$2.71B,$0.36B,13.16%,$0.36B,$0.64B,40.69%,$0.36B,$-0.09B,216.08%,$0.36B,$3.93B,8.86%,$0.55B,$1.54B,35.95%,$472,$160,$312,$0,$187,$565,$-93,$-4,$-96,$-79,$-17,$-17,$-18,$-73,$-73,$272,272,$-0.07,$-0.07,$456,$0,$0,$1737,$273,$754,$723,$445,$2196,$3932,$2063,$906,$328,$1234,$3298,$3,$724,$9,$635,$3932,$0,$0,$0,$0,$0,$0,$0,$0,$0,$-1312,$-96,$0,$-21,$0,$-59,$-59,$-4,$-180,$-139,$425,$286,$-329,$-329,$-163,$173,$-33,$-1526,$0,$-163
23,2012-10-31,14.8,$2.55,5.8,$9.82,1.51,$-7.74,0.0,$1.20,12.34,$1.71B,$1.93B,0.88,$0.91B,$0.69B,1.31,$2.90B,$2.08B,71.90%,$2.90B,$0.64B,22.09%,$2.90B,$0.73B,25.27%,$2.90B,$0.73B,25.27%,$2.90B,$0.65B,22.44%,$2.90B,$0.37B,12.81%,$0.37B,$0.69B,40.42%,$0.37B,$-0.02B,173.97%,$0.37B,$3.90B,8.73%,$0.64B,$1.60B,44.10%,$137,$55,$82,$0,$90,$302,$-165,$3,$-162,$-61,$-101,$-101,$-105,$-142,$-142,$271,271,$-0.39,$-0.39,$1300,$0,$0,$1707,$272,$759,$710,$448,$2190,$3897,$1932,$906,$366,$1272,$3204,$3,$796,$9,$693,$3897,$0,$0,$0,$0,$0,$0,$0,$0,$0,$-567,$-61,$0,$-10,$0,$-11,$-11,$19,$-64,$466,$0,$466,$-339,$-339,$-108,$-71,$-52,$-683,$0,$-108
24,2012-07-31,13.33,$3.12,4.27,$9.74,1.37,$-7.50,0.0,$1.12,11.9,$1.42B,$1.98B,0.72,$0.41B,$0.85B,0.48,$2.89B,$2.07B,71.62%,$2.89B,$0.60B,20.73%,$2.89B,$0.69B,23.88%,$2.89B,$0.69B,23.88%,$2.89B,$0.61B,21.05%,$2.89B,$0.33B,11.56%,$0.33B,$0.85B,34.78%,$0.33B,$0.14B,129.46%,$0.33B,$3.59B,7.82%,$0.60B,$1.26B,39.42%,$96,$40,$57,$0,$75,$269,$-172,$3,$-169,$-64,$-106,$-106,$-107,$-150,$-150,$277,277,$-0.39,$-0.39,$983,$0,$0,$1418,$243,$768,$703,$464,$2177,$3594,$1977,$409,$362,$771,$2749,$3,$956,$7,$846,$3594,$0,$0,$0,$0,$0,$0,$0,$0,$0,$-373,$-13,$0,$0,$0,$-0,$-0,$7,$-7,$-31,$0,$-31,$-339,$-339,$-54,$-199,$-623,$-1004,$0,$-54
25,2012-04-30,11.99,$4.54,2.64,$9.72,1.23,$-7.43,0.0,$0.94,12.76,$2.50B,$2.53B,0.99,$0.41B,$1.33B,0.31,$2.89B,$2.07B,71.35%,$2.89B,$0.57B,19.56%,$2.89B,$0.66B,22.74%,$2.89B,$0.66B,22.74%,$2.89B,$0.58B,19.90%,$2.89B,$0.27B,9.19%,$0.27B,$1.33B,25.16%,$0.27B,$0.62B,104.31%,$0.27B,$4.65B,5.98%,$0.57B,$1.74B,32.00%,$2001,$513,$1488,$0,$210,$1020,$981,$1,$982,$390,$592,$592,$586,$1004,$1004,$298,299,$1.94,$1.94,$1992,$0,$0,$2501,$241,$778,$704,$426,$2149,$4650,$2526,$409,$388,$797,$3324,$4,$2524,$12,$1326,$4650,$266,$218,$126,$343,$50,$0,$0,$-101,$-247,$362,$-82,$0,$545,$0,$-187,$-187,$76,$352,$-25,$0,$-25,$-168,$-168,$-209,$-43,$-445,$266,$15,$-209
26,2012-01-31,13.18,$2.75,4.8,$9.06,1.45,$-6.92,0.0,$1.09,12.09,$2.52B,$3.24B,0.78,$0.41B,$0.81B,0.51,$2.76B,$2.05B,74.31%,$2.76B,$0.56B,20.15%,$2.76B,$0.72B,26.05%,$2.76B,$0.63B,22.65%,$2.76B,$0.64B,23.12%,$2.76B,$0.34B,12.26%,$0.34B,$0.81B,31.15%,$0.34B,$0.11B,119.16%,$0.34B,$4.85B,7.36%,$0.56B,$1.22B,28.45%,$663,$207,$456,$0,$212,$667,$-4,$3,$-1,$3,$-4,$-4,$-3,$20,$20,$293,293,$-0.01,$-0.01,$1253,$0,$0,$2520,$261,$742,$702,$628,$2333,$4853,$3243,$409,$394,$803,$4046,$4,$2018,$7,$806,$4853,$0,$0,$0,$0,$0,$0,$0,$0,$0,$-1383,$-72,$0,$517,$0,$-146,$-146,$24,$324,$0,$231,$231,$-181,$-181,$-150,$704,$604,$-459,$0,$-150
27,2011-10-31,12.16,$2.95,4.13,$9.03,1.35,$-7.06,0.0,$1.06,11.47,$1.69B,$1.78B,0.95,$1.01B,$0.86B,1.17,$2.78B,$2.07B,74.47%,$2.78B,$0.56B,20.06%,$2.78B,$0.70B,25.06%,$2.78B,$0.60B,21.68%,$2.78B,$0.61B,22.08%,$2.78B,$0.33B,11.83%,$0.33B,$0.86B,30.08%,$0.33B,$0.16B,206.92%,$0.33B,$3.98B,6.79%,$0.56B,$1.87B,26.21%,$129,$61,$68,$0,$104,$336,$-206,$3,$-204,$-81,$-123,$-123,$-142,$-184,$-184,$300,300,$-0.47,$-0.47,$610,$0,$0,$1685,$258,$756,$701,$576,$2291,$3977,$1782,$1009,$323,$1332,$3114,$4,$2080,$4,$863,$3977,$0,$0,$0,$0,$0,$0,$0,$0,$0,$-583,$-41,$0,$29,$0,$-137,$-137,$21,$-127,$0,$40,$40,$-181,$-181,$-91,$-157,$-389,$-1105,$0,$-91
28,2011-07-31,11.76,$4.04,2.92,$8.99,1.31,$-6.88,0.0,$1.17,10.05,$1.67B,$1.60B,1.04,$1.02B,$1.23B,0.83,$2.77B,$2.06B,74.35%,$2.77B,$0.60B,21.65%,$2.77B,$0.72B,25.87%,$2.77B,$0.62B,22.47%,$2.77B,$0.63B,22.87%,$2.77B,$0.36B,13.06%,$0.36B,$1.23B,32.97%,$0.36B,$0.13B,1281.42%,$0.36B,$4.31B,7.35%,$0.60B,$2.25B,27.94%,$101,$47,$53,$0,$93,$305,$-205,$4,$-201,$-81,$-119,$-119,$-175,$-182,$-182,$305,305,$-0.57,$-0.57,$1057,$0,$0,$1668,$295,$467,$1103,$776,$2640,$4308,$1603,$1019,$452,$1471,$3074,$4,$2437,$13,$1234,$4308,$0,$0,$0,$0,$0,$0,$0,$0,$0,$-395,$-11,$0,$18,$0,$-45,$-45,$23,$-14,$0,$0,$0,$-0,$-0,$-46,$-211,$-257,$-665,$0,$-46
29,2011-04-30,13.47,$4.75,2.84,$9.52,1.42,$-6.67,0.0,$1.33,10.13,$3.05B,$2.34B,1.3,$1.04B,$1.45B,0.72,$2.95B,$2.11B,71.78%,$2.95B,$0.62B,20.95%,$2.95B,$0.71B,24.14%,$2.95B,$0.62B,20.95%,$2.95B,$0.63B,21.32%,$2.95B,$0.41B,13.79%,$0.41B,$1.45B,38.82%,$0.41B,$0.74B,-671.07%,$0.41B,$5.29B,8.19%,$0.62B,$2.49B,29.28%,$1871,$394,$1477,$0,$147,$899,$972,$73,$1045,$402,$643,$643,$659,$972,$1066,$309,310,$2.12,$2.12,$1726,$0,$0,$3048,$255,$649,$709,$628,$2241,$5289,$2338,$1040,$462,$1502,$3840,$4,$2658,$11,$1450,$5289,$406,$144,$205,$349,$-106,$0,$0,$-87,$-243,$513,$-63,$0,$17,$0,$-156,$-156,$92,$-110,$0,$-50,$-50,$-283,$-283,$-187,$-14,$-534,$-126,$15,$-187
30,2011-01-31,9.66,$2.71,3.56,$10.62,0.91,$-6.60,0.0,$1.29,7.48,$3.27B,$3.46B,0.95,$1.07B,$0.83B,1.3,$3.41B,$1.95B,57.15%,$3.41B,$0.75B,22.10%,$3.41B,$0.75B,22.10%,$3.41B,$0.75B,22.10%,$3.41B,$0.69B,20.31%,$3.41B,$0.44B,12.84%,$0.44B,$0.83B,41.97%,$0.44B,$-0.40B,-233.91%,$0.44B,$5.80B,8.86%,$0.75B,$1.90B,35.73%,$680,$207,$473,$0,$191,$684,$-3,$-23,$-26,$-15,$-11,$-11,$-13,$-3,$-3,$305,305,$-0.04,$-0.04,$1502,$0,$0,$3274,$321,$513,$1225,$470,$2529,$5803,$3463,$1074,$438,$1512,$4975,$4,$2045,$7,$828,$5803,$0,$0,$0,$0,$0,$0,$0,$0,$0,$-1505,$-51,$0,$11,$0,$-45,$-45,$49,$-36,$0,$632,$632,$-284,$-284,$-141,$992,$1199,$-338,$0,$-141
31,2010-10-31,8.98,$2.88,3.11,$11.19,0.8,$-9.61,0.0,$1.48,6.07,$1.74B,$1.92B,0.91,$1.07B,$0.88B,1.21,$3.67B,$1.77B,48.16%,$3.67B,$0.85B,23.21%,$3.67B,$0.85B,23.21%,$3.67B,$0.85B,23.21%,$3.67B,$0.82B,22.25%,$3.67B,$0.50B,13.69%,$0.50B,$0.88B,46.89%,$0.50B,$-0.36B,-318.23%,$0.50B,$4.31B,9.39%,$0.85B,$1.95B,39.66%,$120,$62,$58,$0,$75,$284,$-164,$-19,$-184,$-72,$-111,$-111,$-109,$-164,$-164,$307,307,$-0.36,$-0.36,$995,$0,$0,$1736,$328,$537,$1241,$466,$2572,$4308,$1917,$1066,$445,$1511,$3428,$4,$2104,$3,$880,$4308,$0,$0,$0,$0,$0,$0,$0,$0,$0,$-548,$-35,$0,$16,$0,$-34,$-34,$37,$-17,$0,$39,$39,$-282,$-282,$-95,$56,$-282,$-844,$0,$-95
32,2010-07-31,11.82,$3.32,3.56,$11.77,1.0,$-10.08,0.0,$1.46,8.09,$1.84B,$1.94B,0.95,$1.07B,$1.03B,1.04,$3.87B,$1.62B,41.91%,$3.87B,$0.80B,20.66%,$3.87B,$0.80B,20.66%,$3.87B,$0.80B,20.66%,$3.87B,$0.79B,20.32%,$3.87B,$0.48B,12.45%,$0.48B,$1.03B,43.10%,$0.48B,$-0.22B,-444.24%,$0.48B,$4.42B,8.75%,$0.80B,$2.09B,36.30%,$274,$168,$106,$0,$117,$462,$-188,$-20,$-207,$-80,$-128,$-128,$-131,$-188,$-188,$320,320,$-0.41,$-0.41,$1136,$0,$0,$1838,$327,$563,$1249,$447,$2586,$4424,$1939,$1066,$394,$1460,$3399,$4,$2255,$-3,$1025,$4424,$0,$0,$0,$0,$0,$0,$0,$0,$0,$-348,$-9,$0,$-7,$0,$-16,$-16,$26,$-6,$0,$0,$0,$-163,$-163,$-49,$-137,$-349,$-705,$0,$-49
33,2010-04-30,13.67,$4.46,3.07,$11.74,1.16,$-10.35,0.0,$1.47,9.3,$2.65B,$2.32B,1.14,$1.06B,$1.44B,0.74,$3.88B,$1.41B,36.28%,$3.88B,$0.77B,19.97%,$3.88B,$0.77B,19.97%,$3.88B,$0.77B,19.97%,$3.88B,$0.78B,20.21%,$3.88B,$0.48B,12.36%,$0.48B,$1.44B,41.30%,$0.48B,$0.23B,-763.35%,$0.48B,$5.23B,8.65%,$0.77B,$2.50B,34.32%,$2338,$1025,$1313,$0,$204,$1229,$1109,$1,$1110,$418,$692,$692,$691,$1109,$1109,$326,327,$2.11,$2.10,$1838,$0,$0,$2649,$345,$595,$1208,$437,$2585,$5234,$2321,$1060,$412,$1472,$3794,$4,$2659,$2,$1441,$5234,$479,$142,$361,$503,$-88,$0,$0,$-170,$-395,$587,$-91,$0,$56,$0,$-6,$-6,$72,$31,$0,$-25,$-25,$-238,$-238,$-201,$-18,$-481,$149,$29,$-201
34,2010-01-31,15.92,$2.84,5.6,$11.97,1.33,$-9.09,0.0,$1.46,10.9,$4.73B,$4.98B,0.95,$1.11B,$0.94B,1.18,$4.00B,$1.45B,36.14%,$4.00B,$0.84B,21.00%,$4.00B,$0.84B,21.00%,$4.00B,$0.84B,21.00%,$4.00B,$0.85B,21.25%,$4.00B,$0.50B,12.36%,$0.50B,$0.94B,43.01%,$0.50B,$-0.28B,-630.57%,$0.50B,$7.41B,8.89%,$0.84B,$2.04B,37.24%,$935,$646,$289,$0,$195,$840,$94,$3,$97,$44,$54,$54,$51,$94,$94,$333,334,$0.15,$0.15,$1813,$0,$0,$4725,$362,$641,$1215,$467,$2685,$7410,$4980,$1108,$386,$1494,$6474,$4,$2162,$1,$936,$7410,$0,$0,$0,$0,$0,$0,$0,$0,$0,$-2649,$-63,$0,$56,$0,$-32,$-32,$31,$-9,$0,$1675,$1675,$-139,$-139,$-151,$1336,$2721,$73,$0,$-151
35,2009-10-31,13.47,$3.19,4.22,$12.10,1.11,$-8.36,0.0,$1.45,9.29,$2.30B,$2.38B,0.97,$1.11B,$1.07B,1.03,$4.06B,$1.47B,36.12%,$4.06B,$0.85B,20.85%,$4.06B,$0.85B,20.85%,$4.06B,$0.85B,20.85%,$4.06B,$0.86B,21.07%,$4.06B,$0.49B,12.09%,$0.49B,$1.07B,43.57%,$0.49B,$-0.16B,-448.40%,$0.49B,$4.97B,8.86%,$0.85B,$2.18B,34.46%,$326,$411,$-85,$0,$130,$541,$-215,$2,$-213,$-86,$-126,$-126,$-129,$-215,$-215,$335,335,$-0.38,$-0.38,$1478,$0,$0,$2301,$351,$671,$1235,$409,$2666,$4967,$2383,$1108,$406,$1513,$3896,$4,$2308,$0,$1071,$4967,$0,$0,$0,$0,$0,$0,$0,$0,$0,$-786,$-7,$0,$-7,$0,$39,$39,$18,$43,$0,$0,$0,$4,$4,$-101,$608,$511,$-222,$0,$-101
36,2009-07-31,12.15,$3.55,3.42,$12.20,1.0,$-8.19,0.0,$1.42,8.55,$1.83B,$1.82B,1.0,$1.11B,$1.19B,0.93,$4.09B,$1.47B,35.85%,$4.09B,$0.84B,20.48%,$4.09B,$0.84B,20.48%,$4.09B,$0.84B,20.48%,$4.09B,$0.84B,20.60%,$4.09B,$0.48B,11.84%,$0.48B,$1.19B,45.34%,$0.48B,$-0.04B,-472.20%,$0.48B,$4.55B,8.55%,$0.84B,$2.30B,32.78%,$276,$386,$-111,$0,$103,$490,$-214,$3,$-211,$-80,$-131,$-131,$-134,$-214,$-214,$335,335,$-0.40,$-0.40,$1053,$0,$0,$1828,$359,$708,$1232,$419,$2718,$4546,$1823,$1107,$425,$1532,$3355,$4,$2437,$-3,$1191,$4546,$0,$0,$0,$0,$0,$0,$0,$0,$0,$-455,$-9,$0,$-1,$0,$19,$19,$6,$15,$0,$0,$0,$3,$3,$-50,$-169,$-216,$-648,$0,$-50
37,2009-04-30,10.91,$4.21,2.59,$12.20,0.89,$-7.96,0.0,$1.41,7.74,$2.57B,$2.40B,1.07,$1.11B,$1.41B,0.79,$4.08B,$1.49B,36.44%,$4.08B,$0.84B,20.55%,$4.08B,$0.84B,20.55%,$4.08B,$0.84B,20.55%,$4.08B,$0.84B,20.57%,$4.08B,$0.49B,11.88%,$0.49B,$1.41B,49.54%,$0.49B,$0.17B,-284.88%,$0.49B,$5.36B,8.44%,$0.84B,$2.51B,34.29%,$2467,$1113,$1354,$0,$178,$1291,$1176,$2,$1178,$470,$708,$708,$707,$1176,$1176,$333,335,$2.13,$2.13,$1706,$0,$0,$2571,$368,$745,$1236,$439,$2789,$5360,$2398,$1107,$448,$1556,$3954,$4,$2671,$-12,$1406,$5360,$486,$124,$379,$503,$-77,$0,$0,$129,$36,$1024,$-98,$0,$-275,$0,$101,$101,$277,$6,$0,$-29,$-29,$107,$107,$-199,$81,$-40,$990,$27,$-199
38,2009-01-31,14.82,$2.47,5.99,$12.32,1.2,$-10.25,0.0,$0.98,15.12,$4.41B,$4.01B,1.1,$2.00B,$0.84B,2.38,$4.07B,$1.52B,37.22%,$4.07B,$0.80B,19.58%,$4.07B,$0.80B,19.58%,$4.07B,$0.83B,20.49%,$4.07B,$0.80B,19.71%,$4.07B,$0.32B,7.91%,$0.32B,$0.84B,36.82%,$0.32B,$-0.40B,-152.97%,$0.32B,$7.30B,5.54%,$0.80B,$2.84B,34.30%,$993,$685,$309,$0,$209,$893,$100,$2,$102,$35,$67,$67,$47,$100,$100,$337,339,$0.14,$0.14,$1345,$0,$0,$4413,$384,$782,$1243,$481,$2889,$7302,$4005,$2003,$455,$2457,$6462,$4,$2016,$-17,$840,$7302,$0,$0,$0,$0,$0,$0,$0,$0,$0,$-2424,$-74,$0,$-279,$0,$72,$72,$267,$-14,$-25,$1661,$1636,$204,$204,$-148,$1349,$3042,$604,$0,$-148
39,2008-10-31,13.99,$2.46,5.7,$12.13,1.15,$-13.32,0.0,$0.70,19.99,$2.66B,$2.44B,1.09,$1.73B,$0.83B,2.08,$3.97B,$1.45B,36.56%,$3.97B,$0.70B,17.50%,$3.97B,$0.70B,17.50%,$3.97B,$0.76B,19.16%,$3.97B,$0.70B,17.62%,$3.97B,$0.23B,5.74%,$0.23B,$0.83B,29.21%,$0.23B,$-0.14B,-80.00%,$0.23B,$5.43B,3.31%,$0.70B,$2.56B,28.28%,$351,$439,$-87,$0,$138,$577,$-225,$-2,$-227,$-94,$-133,$-133,$-136,$-225,$-225,$330,330,$-0.41,$-0.41,$694,$0,$0,$2660,$378,$812,$969,$607,$2765,$5425,$2441,$1728,$423,$2151,$4592,$4,$2019,$-11,$833,$5425,$0,$0,$0,$0,$0,$0,$0,$0,$0,$-666,$-59,$0,$-5,$0,$55,$55,$-40,$-49,$-25,$694,$669,$199,$199,$-97,$-27,$743,$29,$0,$-97
40,2008-07-31,17.16,$2.55,6.73,$12.16,1.41,$-14.16,0.0,$-0.44,0.0,$1.80B,$2.55B,0.71,$1.03B,$0.84B,1.24,$3.98B,$1.46B,36.68%,$3.98B,$0.69B,17.30%,$3.98B,$0.69B,17.30%,$3.98B,$0.77B,19.38%,$3.98B,$0.71B,17.72%,$3.98B,$-0.14B,-3.47%,$-0.14B,$0.84B,-19.48%,$-0.14B,$-0.31B,33.89%,$-0.14B,$4.90B,-1.89%,$0.69B,$1.87B,27.63%,$272,$360,$-88,$0,$123,$484,$-212,$-1,$-213,$-85,$-128,$-128,$-133,$-212,$-212,$327,327,$-0.41,$-0.41,$577,$0,$0,$1801,$381,$869,$1149,$704,$3102,$4903,$2551,$1034,$482,$1516,$4067,$4,$2205,$1,$837,$4903,$0,$0,$0,$0,$0,$0,$0,$0,$0,$-365,$-15,$0,$0,$0,$32,$32,$-1,$16,$0,$-25,$-25,$24,$24,$-47,$-23,$-71,$-419,$0,$-47
41,2008-04-30,15.33,$3.03,5.06,$12.50,1.23,$-14.08,0.0,$-0.96,0.0,$2.61B,$3.11B,0.84,$1.03B,$0.99B,1.05,$4.09B,$1.50B,36.70%,$4.09B,$0.71B,17.32%,$4.09B,$0.71B,17.32%,$4.09B,$0.83B,20.28%,$4.09B,$0.73B,17.96%,$4.09B,$-0.31B,-7.54%,$-0.31B,$0.99B,-40.04%,$-0.31B,$0.01B,87.01%,$-0.31B,$5.62B,-3.95%,$0.71B,$2.02B,29.23%,$2454,$1073,$1381,$0,$246,$1320,$1134,$6,$1140,$456,$684,$684,$544,$1171,$1134,$325,327,$1.68,$1.67,$672,$0,$0,$2614,$364,$966,$979,$700,$3009,$5623,$3111,$1032,$492,$1524,$4636,$4,$2384,$2,$988,$5623,$-309,$120,$377,$496,$-121,$0,$0,$-94,$71,$259,$-102,$0,$-25,$0,$214,$214,$1060,$1147,$599,$-1542,$-943,$16,$16,$-184,$-448,$-1558,$-152,$40,$-184
42,2008-01-31,13.38,$1.43,9.38,$11.27,1.19,$-16.75,0.0,$-2.88,0.0,$8.13B,$7.67B,1.06,$2.92B,$0.46B,6.29,$3.67B,$1.28B,34.90%,$3.67B,$0.57B,15.63%,$3.67B,$0.57B,15.63%,$3.67B,$0.66B,17.83%,$3.67B,$0.59B,16.12%,$3.67B,$-0.94B,-25.54%,$-0.94B,$0.46B,-107.11%,$-0.94B,$-0.70B,316.36%,$-0.94B,$11.58B,-11.34%,$0.57B,$3.38B,23.86%,$895,$649,$246,$0,$247,$896,$-2,$2,$0,$-7,$7,$7,$-47,$27,$-2,$325,327,$-0.15,$-0.14,$1736,$0,$0,$8131,$391,$1041,$1165,$847,$3444,$11575,$7671,$2917,$523,$3441,$11111,$4,$1887,$-0,$464,$11575,$-852,$83,$-4,$79,$0,$0,$0,$-1694,$-1694,$-3340,$-77,$0,$-26,$0,$107,$107,$7,$11,$599,$1944,$2544,$7,$7,$-137,$1431,$3845,$516,$30,$-137
43,2007-10-31,15.05,$1.68,8.98,$11.39,1.32,$-15.10,0.0,$-2.88,0.0,$3.98B,$3.88B,1.03,$2.14B,$0.54B,3.94,$3.71B,$1.32B,35.62%,$3.71B,$0.61B,16.37%,$3.71B,$0.61B,16.37%,$3.71B,$0.70B,18.82%,$3.71B,$0.61B,16.55%,$3.71B,$-0.95B,-25.64%,$-0.95B,$0.54B,-83.26%,$-0.95B,$-0.63B,3118.03%,$-0.95B,$7.11B,-12.32%,$0.61B,$2.69B,29.66%,$357,$437,$-80,$0,$151,$588,$-232,$10,$-222,$-87,$-135,$-135,$-502,$-215,$-232,$325,325,$-1.55,$-1.55,$624,$0,$0,$3981,$384,$1082,$1169,$491,$3126,$7107,$3876,$2144,$542,$2686,$6562,$4,$1981,$1,$544,$7107,$-805,$54,$310,$364,$0,$0,$0,$0,$0,$-939,$-46,$0,$-21,$0,$77,$77,$13,$23,$0,$558,$558,$8,$8,$-90,$-91,$384,$-532,$16,$-90
44,2007-07-31,13.68,$3.33,4.1,$11.52,1.19,$-15.96,0.0,$-1.82,0.0,$2.89B,$4.71B,0.61,$0.52B,$1.08B,0.48,$3.75B,$1.37B,36.61%,$3.75B,$0.65B,17.26%,$3.75B,$0.65B,17.26%,$3.75B,$0.76B,20.25%,$3.75B,$0.64B,17.00%,$3.75B,$-0.61B,-16.14%,$-0.61B,$1.08B,-42.80%,$-0.61B,$-0.10B,-455.74%,$-0.61B,$6.87B,-8.07%,$0.65B,$1.60B,34.33%,$381,$429,$-47,$0,$144,$573,$-192,$8,$-184,$-74,$-110,$-110,$-303,$-154,$-192,$324,324,$-0.93,$-0.93,$725,$0,$0,$2889,$372,$1241,$1180,$484,$3979,$6868,$4710,$520,$557,$1076,$5787,$4,$2530,$3,$1081,$6868,$-303,$37,$220,$257,$0,$0,$0,$0,$0,$-335,$-14,$0,$-21,$0,$14,$14,$10,$-11,$0,$84,$84,$4,$4,$-44,$-182,$-138,$-484,$7,$-44
45,2007-04-30,15.4,$4.38,3.52,$11.40,1.35,$-16.46,0.0,$-1.30,0.0,$3.45B,$5.22B,0.66,$0.54B,$1.41B,0.38,$3.71B,$1.38B,37.20%,$3.71B,$0.65B,17.55%,$3.71B,$0.65B,17.55%,$3.71B,$0.76B,20.49%,$3.71B,$0.63B,16.90%,$3.71B,$-0.43B,-11.67%,$-0.43B,$1.41B,-27.13%,$-0.43B,$0.24B,-202.10%,$-0.43B,$7.54B,-6.02%,$0.65B,$1.95B,31.91%,$2040,$878,$1163,$0,$163,$1040,$1000,$-2,$998,$411,$586,$586,$-86,$997,$1000,$323,326,$-0.25,$-0.25,$1254,$0,$0,$3454,$379,$1358,$1175,$455,$4090,$7544,$5221,$537,$372,$909,$6130,$4,$2886,$-1,$1414,$7544,$-434,$107,$173,$280,$-66,$0,$0,$-37,$-403,$-557,$-158,$0,$-58,$0,$-1003,$-1003,$60,$-1158,$-500,$1671,$1171,$-163,$-163,$-172,$1155,$1991,$276,$37,$-172
46,2007-01-31,16.66,$4.74,3.51,$9.63,1.73,$-13.06,0.0,$0.73,22.82,$5.51B,$7.07B,0.78,$0.42B,$1.53B,0.27,$3.16B,$1.16B,36.63%,$3.16B,$0.39B,12.29%,$3.16B,$0.39B,12.29%,$3.16B,$0.54B,17.00%,$3.16B,$0.36B,11.47%,$3.16B,$0.24B,7.62%,$0.24B,$1.53B,13.54%,$0.24B,$0.36B,59.73%,$0.24B,$9.36B,3.55%,$0.39B,$1.95B,17.73%,$931,$646,$285,$0,$254,$900,$31,$-9,$22,$0,$22,$22,$-60,$70,$31,$322,326,$-0.19,$-0.18,$1515,$0,$0,$5507,$393,$1070,$1167,$387,$3853,$9360,$7070,$416,$343,$760,$7830,$4,$3016,$7,$1530,$9360,$-348,$111,$623,$734,$0,$0,$0,$-1691,$-1691,$-2739,$-127,$0,$-22,$0,$-1073,$-1073,$3,$-1219,$0,$2926,$2926,$-162,$-162,$-128,$1726,$4362,$404,$29,$-128
47,2006-10-31,14.72,$5.06,2.91,$9.40,1.56,$-9.85,0.0,$0.96,15.33,$2.77B,$3.82B,0.73,$0.41B,$1.63B,0.25,$3.09B,$1.14B,36.70%,$3.09B,$0.32B,10.38%,$3.09B,$0.32B,10.38%,$3.09B,$0.46B,14.87%,$3.09B,$0.30B,9.57%,$3.09B,$0.31B,10.12%,$0.31B,$1.63B,17.44%,$0.31B,$0.03B,101.21%,$0.31B,$6.21B,4.91%,$0.32B,$2.04B,13.76%,$396,$425,$-29,$0,$163,$588,$-192,$-7,$-199,$-78,$-121,$-121,$-156,$-154,$-192,$322,322,$-0.49,$-0.49,$1367,$0,$0,$2769,$468,$833,$1601,$537,$3438,$6207,$3816,$412,$350,$762,$4578,$4,$3120,$22,$1629,$6207,$-288,$72,$-172,$-100,$0,$0,$0,$0,$0,$-1172,$-80,$0,$-13,$0,$-278,$-278,$-38,$-409,$0,$1040,$1040,$-170,$-170,$-84,$524,$1310,$-271,$17,$-84
