,Date,Stock Price,Book Value per Share,Price to Book Ratio,TTM Sales per Share,Price to Sales Ratio,TTM FCF per Share,Price to FCF Ratio,TTM Net EPS,PE Ratio,Current Assets,Current Liabilities,Current Ratio,Long Term Debt,Shareholder's Equity_x,Debt to Equity Ratio,TTM Revenue_x,TTM Gross Profit,Gross Margin,TTM Revenue_y,TTM Operating Income,Operating Margin,TTM Revenue_x,TTM EBIT,EBIT Margin,TTM Revenue_y,TTM EBITDA,EBITDA Margin,TTM Revenue_x,TTM Pre-Tax Income,Pre-Tax Margin,TTM Revenue_y,TTM Net Income_x,Net Margin,TTM Net Income_y,Shareholder's Equity_y,Return on Equity,TTM Net Income_x,Tangible Equity,Return on Tangible Equity,TTM Net Income_y,Total Assets,Return on Assets,TTM Net Income,LT Investments & Debt,Return on Investment,revenue,cost-goods-sold,gross-profit,research-development-expenses,selling-general-administrative-expenses,operating-expenses,operating-income,total-non-operating-income-expense,pre-tax-income,total-provision-income-taxes,income-after-taxes,income-from-continuous-operations,net-income,ebitda,ebit,basic-shares-outstanding,shares-outstanding,eps-basic-net-earnings-per-share,eps-earnings-per-share-diluted,cash-on-hand,inventory,other-current-assets,total-current-assets,net-property-plant-equipment,long-term-investments,goodwill-intangible-assets-total,other-long-term-assets,total-long-term-assets,total-assets,total-current-liabilities,long-term-debt,other-non-current-liabilities,total-long-term-liabilities,total-liabilities,common-stock-net,retained-earnings-accumulated-deficit,comprehensive-income,total-share-holder-equity,total-liabilities-share-holders-equity,net-income-loss,total-depreciation-amortization-cash-flow,other-non-cash-items,total-non-cash-items,change-in-accounts-receivable,change-in-inventories,change-in-accounts-payable,change-in-assets-liabilities,total-change-in-assets-liabilities,cash-flow-from-operating-activities,net-change-in-property-plant-equipment,net-change-in-intangible-assets,net-acquisitions-divestitures,net-change-in-short-term-investments,net-change-in-long-term-investments,net-change-in-investments-total,investing-activities-other,cash-flow-from-investing-activities,net-long-term-debt,net-current-debt,debt-issuance-retirement-net-total,net-common-equity-issued-repurchased,net-total-equity-issued-repurchased,total-common-preferred-stock-dividends-paid,financial-activities-other,cash-flow-from-financial-activities,net-cash-flow,stock-based-compensation,common-stock-dividends-paid
0,2018-07-31,35.97,$10.16,3.54,$17.55,2.05,$3.43,10.48,$1.80,19.98,$1.85B,$1.10B,1.69,$0.63B,$5.40B,0.12,$9.51B,$1.97B,20.71%,$9.51B,$1.20B,12.66%,$9.51B,$1.27B,13.32%,$9.51B,$1.42B,14.95%,$9.51B,$1.19B,12.51%,$9.51B,$0.97B,10.17%,$0.97B,$5.40B,18.63%,$0.97B,$1.42B,67.93%,$0.97B,$7.90B,12.67%,$1.20B,$6.02B,21.02%,$2525,$1987,$537,$0,$205,$2200,$324,$-3,$322,$60,$261,$261,$261,$315,$333,$533,545,$0.49,$0.48,$269,$1001,$6,$1854,$1410,$276,$3971,$193,$6041,$7895,$1097,$625,$104,$1403,$2500,$8,$5615,$-259,$5396,$7895,$751,$121,$-80,$41,$79,$-49,$0,$-13,$-49,$743,$-237,$0,$-858,$0,$-7,$-7,$5,$-1096,$375,$95,$470,$-4,$-4,$-289,$0,$177,$-175,$18,$-289
1,2018-04-30,36.07,$9.98,3.61,$17.30,2.08,$3.27,11.02,$1.75,20.61,$1.85B,$1.15B,1.61,$0.63B,$5.29B,0.12,$9.36B,$1.96B,20.97%,$9.36B,$1.22B,13.05%,$9.36B,$1.28B,13.63%,$9.36B,$1.42B,15.20%,$9.36B,$1.21B,12.92%,$9.36B,$0.94B,10.05%,$0.94B,$5.29B,18.69%,$0.94B,$1.31B,59.52%,$0.94B,$7.83B,12.90%,$1.22B,$5.92B,22.33%,$2359,$1900,$459,$0,$211,$2098,$262,$-4,$258,$47,$210,$210,$210,$361,$275,$531,544,$0.40,$0.39,$262,$1011,$5,$1851,$1354,$266,$3983,$192,$5979,$7830,$1148,$625,$104,$1390,$2538,$8,$5504,$-236,$5292,$7830,$541,$80,$-100,$-20,$87,$-59,$0,$-2,$-78,$443,$-135,$0,$-858,$0,$3,$3,$3,$-986,$375,$185,$560,$-15,$-15,$-189,$0,$356,$-183,$11,$-189
2,2018-01-31,33.98,$9.73,3.49,$17.06,1.99,$3.08,11.02,$1.70,19.99,$1.95B,$1.32B,1.47,$0.63B,$5.16B,0.12,$9.22B,$1.95B,21.19%,$9.22B,$1.23B,13.37%,$9.22B,$1.28B,13.91%,$9.22B,$1.42B,15.40%,$9.22B,$1.23B,13.33%,$9.22B,$0.92B,9.93%,$0.92B,$5.16B,18.74%,$0.92B,$1.18B,52.32%,$0.92B,$7.86B,13.20%,$1.23B,$5.78B,23.57%,$2331,$1834,$497,$0,$204,$2024,$306,$-9,$297,$59,$238,$238,$237,$369,$320,$530,543,$0.45,$0.44,$386,$973,$4,$1948,$1293,$262,$3981,$197,$5911,$7859,$1324,$625,$108,$1380,$2703,$8,$5367,$-242,$5155,$7859,$303,$39,$-97,$-58,$70,$-21,$0,$3,$59,$304,$-53,$0,$-858,$0,$3,$3,$3,$-905,$375,$255,$630,$-2,$-2,$-90,$0,$538,$-58,$7,$-90
3,2017-10-31,30.67,$9.35,3.28,$17.00,1.8,$2.92,10.51,$1.58,19.41,$2.03B,$1.06B,1.92,$0.25B,$4.94B,0.05,$9.17B,$2.00B,21.85%,$9.17B,$1.28B,13.96%,$9.17B,$1.32B,14.41%,$9.17B,$1.45B,15.83%,$9.17B,$1.28B,13.95%,$9.17B,$0.85B,9.24%,$0.85B,$4.94B,17.87%,$0.85B,$1.79B,44.08%,$0.85B,$6.98B,12.91%,$1.28B,$5.19B,25.66%,$2331,$1829,$502,$0,$219,$2025,$307,$-1,$305,$2,$303,$303,$303,$377,$330,$529,543,$0.57,$0.56,$444,$921,$5,$2027,$1203,$242,$3147,$185,$4949,$6976,$1058,$250,$99,$978,$2036,$8,$5163,$-248,$4940,$6976,$847,$131,$32,$163,$-28,$41,$0,$-36,$0,$1010,$-217,$0,$-385,$0,$9,$9,$0,$-593,$0,$0,$0,$-73,$-73,$-346,$30,$-389,$29,$16,$-346
4,2017-07-31,33.45,$9.01,3.71,$17.22,1.94,$2.82,11.87,$1.62,20.65,$2.22B,$0.88B,2.53,$0.25B,$4.75B,0.05,$9.30B,$2.09B,22.47%,$9.30B,$1.32B,14.16%,$9.30B,$1.36B,14.58%,$9.30B,$1.49B,15.98%,$9.30B,$1.31B,14.13%,$9.30B,$0.87B,9.39%,$0.87B,$4.75B,18.91%,$0.87B,$2.05B,45.91%,$0.87B,$6.51B,13.62%,$1.32B,$5.00B,27.06%,$2493,$1981,$512,$0,$194,$2163,$329,$1,$330,$112,$218,$218,$218,$316,$342,$528,539,$0.41,$0.40,$633,$1013,$4,$2217,$1054,$248,$2705,$184,$4291,$6508,$878,$250,$88,$877,$1755,$8,$5034,$-292,$4753,$6508,$629,$96,$12,$108,$17,$-73,$0,$-29,$-205,$531,$-116,$0,$136,$0,$-5,$-5,$9,$24,$0,$0,$0,$-80,$-80,$-256,$0,$-336,$218,$14,$-256
5,2017-04-30,34.16,$8.87,3.85,$17.37,1.97,$2.89,11.8,$1.64,20.83,$2.13B,$0.83B,2.58,$0.25B,$4.69B,0.05,$9.40B,$2.11B,22.49%,$9.40B,$1.31B,13.96%,$9.40B,$1.35B,14.40%,$9.40B,$1.48B,15.79%,$9.40B,$1.31B,13.94%,$9.40B,$0.89B,9.43%,$0.89B,$4.69B,19.57%,$0.89B,$1.98B,49.11%,$0.89B,$6.39B,13.89%,$1.31B,$4.94B,27.47%,$2207,$1755,$452,$0,$177,$1928,$280,$-2,$278,$95,$183,$183,$183,$358,$284,$528,539,$0.35,$0.34,$549,$988,$5,$2126,$1044,$247,$2707,$184,$4260,$6386,$825,$250,$90,$875,$1699,$8,$4975,$-299,$4686,$6386,$446,$63,$11,$74,$41,$-48,$0,$-15,$-240,$281,$-76,$0,$136,$0,$-1,$-1,$5,$64,$0,$0,$0,$-41,$-41,$-167,$0,$-207,$134,$12,$-167
6,2017-01-31,35.18,$8.65,4.07,$17.54,2.01,$3.09,11.39,$1.65,21.32,$2.12B,$0.92B,2.3,$0.25B,$4.58B,0.06,$9.51B,$2.15B,22.63%,$9.51B,$1.32B,13.88%,$9.51B,$1.36B,14.30%,$9.51B,$1.49B,15.70%,$9.51B,$1.32B,13.86%,$9.51B,$0.89B,9.36%,$0.89B,$4.58B,20.08%,$0.89B,$1.87B,50.68%,$0.89B,$6.37B,14.11%,$1.32B,$4.83B,28.19%,$2187,$1700,$487,$0,$181,$1871,$316,$-0,$316,$105,$211,$211,$211,$400,$326,$529,540,$0.40,$0.39,$610,$958,$5,$2120,$1035,$244,$2709,$185,$4247,$6366,$920,$250,$90,$871,$1791,$8,$4866,$-302,$4575,$6366,$235,$31,$6,$37,$37,$-18,$0,$-16,$-77,$195,$-34,$0,$136,$0,$4,$4,$0,$106,$0,$0,$0,$-23,$-23,$-77,$0,$-100,$195,$7,$-77
7,2016-10-31,37.13,$8.42,4.41,$17.55,2.12,$3.24,11.44,$1.64,22.64,$2.03B,$1.05B,1.93,$0.25B,$4.45B,0.06,$9.52B,$2.16B,22.66%,$9.52B,$1.33B,13.91%,$9.52B,$1.36B,14.30%,$9.52B,$1.50B,15.71%,$9.52B,$1.32B,13.83%,$9.52B,$0.89B,9.35%,$0.89B,$4.45B,20.56%,$0.89B,$1.71B,52.37%,$0.89B,$6.37B,14.29%,$1.33B,$4.70B,28.93%,$2280,$1728,$552,$0,$210,$1925,$355,$-1,$355,$119,$235,$235,$235,$412,$369,$529,540,$0.44,$0.44,$415,$986,$6,$2030,$1105,$240,$2738,$182,$4340,$6370,$1053,$250,$93,$865,$1919,$8,$4737,$-296,$4451,$6370,$891,$133,$21,$154,$21,$-12,$0,$-21,$-51,$993,$-249,$0,$-171,$0,$11,$11,$0,$-409,$0,$-185,$-185,$-76,$-76,$-296,$48,$-510,$68,$18,$-296
8,2016-07-31,35.88,$8.30,4.32,$17.14,2.09,$3.48,10.33,$1.54,23.38,$2.01B,$1.13B,1.78,$0.25B,$4.39B,0.06,$9.30B,$2.05B,22.10%,$9.30B,$1.25B,13.46%,$9.30B,$1.29B,13.82%,$9.30B,$1.44B,15.49%,$9.30B,$1.24B,13.35%,$9.30B,$0.83B,8.96%,$0.83B,$4.39B,19.75%,$0.83B,$1.66B,50.80%,$0.83B,$6.39B,13.50%,$1.25B,$4.64B,28.00%,$2628,$2029,$599,$0,$244,$2262,$366,$-1,$365,$121,$244,$244,$244,$314,$377,$529,542,$0.46,$0.45,$380,$1034,$8,$2010,$1053,$257,$2737,$146,$4378,$6388,$1129,$250,$100,$866,$1994,$8,$4607,$-224,$4394,$6388,$646,$98,$-23,$75,$48,$-61,$0,$-20,$-99,$622,$-163,$0,$-172,$0,$7,$7,$0,$-328,$0,$-40,$-40,$-36,$-36,$-220,$39,$-256,$32,$16,$-220
9,2016-04-30,36.89,$8.13,4.54,$16.94,2.18,$3.75,9.83,$1.45,25.53,$1.98B,$0.94B,2.11,$0.25B,$4.31B,0.06,$9.18B,$1.99B,21.65%,$9.18B,$1.21B,13.14%,$9.18B,$1.24B,13.52%,$9.18B,$1.40B,15.21%,$9.18B,$1.20B,13.01%,$9.18B,$0.78B,8.54%,$0.78B,$4.31B,19.11%,$0.78B,$1.79B,49.70%,$0.78B,$6.11B,12.86%,$1.21B,$4.56B,27.73%,$2302,$1827,$475,$0,$207,$2028,$275,$-1,$274,$78,$196,$196,$196,$367,$281,$530,542,$0.37,$0.36,$380,$1027,$5,$1975,$1049,$255,$2522,$146,$4135,$6110,$937,$250,$99,$863,$1801,$8,$4513,$-226,$4310,$6110,$451,$65,$-31,$33,$57,$-34,$0,$5,$-75,$409,$-97,$0,$0,$0,$12,$12,$0,$-85,$0,$-185,$-185,$2,$2,$-143,$36,$-289,$33,$14,$-143
10,2016-01-31,38.33,$7.87,4.87,$16.92,2.27,$3.92,9.77,$1.38,27.78,$1.95B,$1.02B,1.91,$0.25B,$4.16B,0.06,$9.16B,$1.92B,20.98%,$9.16B,$1.16B,12.67%,$9.16B,$1.20B,13.04%,$9.16B,$1.35B,14.72%,$9.16B,$1.15B,12.52%,$9.16B,$0.75B,8.18%,$0.75B,$4.16B,18.79%,$0.75B,$1.64B,45.49%,$0.75B,$6.04B,12.54%,$1.16B,$4.41B,27.41%,$2300,$1774,$526,$0,$211,$1976,$324,$0,$324,$109,$215,$215,$215,$403,$333,$530,544,$0.41,$0.40,$375,$995,$7,$1946,$1014,$254,$2524,$145,$4095,$6041,$1020,$250,$96,$857,$1877,$8,$4375,$-228,$4164,$6041,$235,$32,$-19,$13,$51,$-1,$0,$9,$31,$279,$-32,$0,$0,$0,$11,$11,$0,$-21,$0,$-185,$-185,$4,$4,$-66,$20,$-227,$28,$7,$-66
11,2015-10-31,32.08,$7.57,4.24,$17.13,1.87,$3.89,8.24,$1.27,25.26,$2.06B,$1.21B,1.7,$0.25B,$4.00B,0.06,$9.26B,$1.81B,19.53%,$9.26B,$1.07B,11.52%,$9.26B,$1.09B,11.79%,$9.26B,$1.25B,13.45%,$9.26B,$1.06B,11.41%,$9.26B,$0.69B,7.41%,$0.69B,$4.00B,17.69%,$0.69B,$1.48B,39.76%,$0.69B,$6.14B,11.72%,$1.07B,$4.25B,25.85%,$2293,$1735,$558,$0,$210,$1933,$360,$-5,$354,$119,$235,$235,$235,$356,$371,$529,543,$0.44,$0.43,$347,$993,$9,$2063,$1012,$259,$2527,$146,$4077,$6140,$1214,$250,$101,$924,$2138,$8,$4216,$-226,$4001,$6140,$687,$155,$20,$175,$22,$82,$0,$-10,$130,$992,$-126,$0,$-771,$0,$-5,$-5,$0,$-901,$0,$185,$185,$-14,$-14,$-252,$11,$-71,$13,$16,$-252
12,2015-07-31,28.01,$7.45,3.76,$17.40,1.61,$3.40,8.25,$1.24,22.59,$2.00B,$1.25B,1.61,$0.25B,$3.94B,0.06,$9.41B,$1.74B,18.48%,$9.41B,$1.04B,11.03%,$9.41B,$1.06B,11.28%,$9.41B,$1.19B,12.67%,$9.41B,$1.03B,10.94%,$9.41B,$0.67B,7.12%,$0.67B,$3.94B,17.72%,$0.67B,$1.41B,36.93%,$0.67B,$6.09B,11.79%,$1.04B,$4.19B,25.75%,$2401,$1906,$495,$0,$189,$2108,$292,$-3,$289,$102,$187,$187,$187,$271,$300,$528,541,$0.35,$0.35,$349,$984,$7,$2004,$1002,$246,$2528,$145,$4087,$6091,$1245,$250,$111,$910,$2155,$8,$4107,$-192,$3936,$6091,$500,$99,$23,$122,$79,$89,$0,$25,$68,$690,$-82,$0,$-768,$0,$3,$3,$0,$-847,$0,$350,$350,$8,$8,$-186,$2,$174,$15,$14,$-186
13,2015-04-30,25.61,$7.28,3.52,$17.58,1.46,$2.81,9.11,$1.23,20.9,$2.30B,$0.87B,2.65,$0.25B,$3.84B,0.07,$9.50B,$1.69B,17.82%,$9.50B,$1.02B,10.75%,$9.50B,$1.04B,10.95%,$9.50B,$1.17B,12.33%,$9.50B,$1.01B,10.67%,$9.50B,$0.66B,6.96%,$0.66B,$3.84B,17.90%,$0.66B,$2.06B,32.67%,$0.66B,$5.62B,12.11%,$1.02B,$4.09B,25.93%,$2189,$1779,$409,$0,$185,$1957,$231,$-3,$228,$81,$147,$147,$147,$319,$238,$529,541,$0.28,$0.27,$624,$963,$6,$2302,$990,$264,$1780,$147,$3321,$5623,$870,$250,$108,$909,$1779,$8,$4026,$-200,$3844,$5623,$353,$66,$8,$74,$27,$90,$0,$20,$19,$446,$-44,$0,$0,$0,$5,$5,$0,$-39,$0,$0,$0,$6,$6,$-120,$-1,$-115,$290,$13,$-120
14,2015-01-31,24.03,$7.07,3.4,$17.52,1.37,$2.45,9.82,$1.15,20.89,$2.25B,$0.94B,2.4,$0.25B,$3.73B,0.07,$9.47B,$1.61B,17.02%,$9.47B,$0.96B,10.15%,$9.47B,$0.98B,10.30%,$9.47B,$1.11B,11.67%,$9.47B,$0.95B,10.04%,$9.47B,$0.62B,6.56%,$0.62B,$3.73B,17.21%,$0.62B,$1.95B,30.28%,$0.62B,$5.56B,11.67%,$0.96B,$3.98B,24.90%,$2279,$1820,$460,$0,$190,$2002,$278,$-2,$276,$95,$180,$180,$180,$300,$286,$528,541,$0.34,$0.33,$527,$1017,$8,$2246,$997,$256,$1778,$147,$3313,$5560,$937,$250,$105,$890,$1827,$8,$3912,$-200,$3732,$5560,$172,$33,$-4,$29,$31,$37,$0,$17,$45,$247,$-18,$0,$0,$0,$15,$15,$0,$-3,$0,$0,$0,$2,$2,$-54,$3,$-49,$193,$6,$-54
15,2014-10-31,25.16,$6.85,3.67,$17.23,1.46,$2.54,9.89,$1.12,22.57,$2.13B,$0.96B,2.23,$0.25B,$3.61B,0.07,$9.32B,$1.57B,16.81%,$9.32B,$0.93B,10.00%,$9.32B,$0.95B,10.19%,$9.32B,$1.08B,11.58%,$9.32B,$0.92B,9.90%,$9.32B,$0.60B,6.46%,$0.60B,$3.61B,17.04%,$0.60B,$1.83B,28.90%,$0.60B,$5.46B,11.58%,$0.93B,$3.86B,24.64%,$2395,$1950,$445,$0,$180,$2129,$266,$-2,$264,$92,$172,$172,$172,$302,$268,$527,540,$0.33,$0.32,$334,$1055,$7,$2133,$1002,$264,$1781,$145,$3323,$5456,$955,$250,$112,$889,$1844,$8,$3806,$-208,$3612,$5456,$606,$130,$2,$132,$-20,$-22,$0,$-21,$9,$747,$-149,$0,$-466,$0,$-2,$-2,$0,$-617,$0,$0,$0,$-48,$-48,$-206,$25,$-229,$-100,$14,$-206
16,2014-07-31,21.04,$6.78,3.1,$16.82,1.25,$2.44,8.63,$1.09,19.31,$2.25B,$0.79B,2.86,$0.25B,$3.58B,0.07,$9.10B,$1.53B,16.80%,$9.10B,$0.91B,9.99%,$9.10B,$0.92B,10.14%,$9.10B,$1.05B,11.55%,$9.10B,$0.90B,9.91%,$9.10B,$0.59B,6.46%,$0.59B,$3.58B,17.00%,$0.59B,$2.24B,27.65%,$0.59B,$5.19B,11.61%,$0.91B,$3.83B,24.51%,$2544,$2120,$424,$0,$166,$2280,$263,$-3,$261,$89,$172,$172,$171,$251,$269,$528,540,$0.33,$0.32,$531,$1077,$9,$2245,$978,$263,$1336,$143,$2943,$5188,$785,$250,$86,$824,$1609,$8,$3715,$-152,$3580,$5188,$434,$97,$1,$99,$15,$-106,$0,$-21,$-138,$394,$-103,$0,$-42,$0,$1,$1,$0,$-144,$0,$0,$0,$-20,$-20,$-150,$18,$-152,$97,$13,$-150
17,2014-04-30,22.08,$6.66,3.32,$16.59,1.33,$2.58,8.57,$1.05,21.13,$2.17B,$0.75B,2.89,$0.25B,$3.51B,0.07,$8.97B,$1.49B,16.65%,$8.97B,$0.88B,9.75%,$8.97B,$0.89B,9.88%,$8.97B,$1.01B,11.30%,$8.97B,$0.87B,9.64%,$8.97B,$0.56B,6.29%,$0.56B,$3.51B,16.95%,$0.56B,$2.18B,28.19%,$0.56B,$5.09B,11.38%,$0.88B,$3.76B,24.46%,$2285,$1921,$364,$0,$153,$2070,$215,$-2,$213,$74,$139,$139,$138,$252,$218,$528,541,$0.26,$0.26,$499,$1054,$6,$2173,$976,$268,$1338,$143,$2913,$5086,$752,$250,$85,$821,$1573,$8,$3640,$-142,$3513,$5086,$295,$64,$4,$68,$36,$-83,$0,$10,$-88,$275,$-71,$0,$-42,$0,$-0,$-0,$0,$-112,$0,$0,$0,$-10,$-10,$-98,$10,$-97,$65,$11,$-98
18,2014-01-31,20.95,$6.49,3.23,$16.41,1.28,$2.60,8.06,$1.02,20.64,$2.17B,$0.83B,2.63,$0.25B,$3.42B,0.07,$8.88B,$1.47B,16.53%,$8.88B,$0.85B,9.52%,$8.88B,$0.86B,9.69%,$8.88B,$0.99B,11.12%,$8.88B,$0.84B,9.43%,$8.88B,$0.55B,6.19%,$0.55B,$3.42B,17.17%,$0.55B,$2.08B,29.22%,$0.55B,$5.07B,11.33%,$0.85B,$3.67B,24.47%,$2245,$1866,$379,$0,$166,$2028,$217,$-3,$213,$72,$141,$141,$140,$274,$220,$528,541,$0.27,$0.26,$640,$925,$10,$2167,$968,$258,$1340,$144,$2900,$5067,$825,$250,$85,$818,$1643,$8,$3553,$-151,$3424,$5067,$154,$32,$6,$38,$46,$46,$0,$-3,$122,$314,$-33,$0,$-41,$0,$4,$4,$0,$-70,$0,$0,$0,$3,$3,$-45,$4,$-37,$206,$5,$-45
19,2013-10-31,19.95,$6.29,3.17,$16.19,1.23,$2.31,8.65,$0.97,20.57,$2.05B,$0.78B,2.61,$0.25B,$3.32B,0.08,$8.75B,$1.41B,16.14%,$8.75B,$0.81B,9.21%,$8.75B,$0.83B,9.44%,$8.75B,$0.95B,10.87%,$8.75B,$0.80B,9.13%,$8.75B,$0.53B,6.02%,$0.53B,$3.32B,17.11%,$0.53B,$2.00B,27.64%,$0.53B,$4.92B,11.11%,$0.81B,$3.57B,24.20%,$2243,$1844,$399,$0,$166,$2005,$237,$-2,$235,$81,$154,$154,$153,$274,$242,$528,540,$0.29,$0.29,$434,$968,$7,$2047,$955,$271,$1313,$142,$2868,$4916,$784,$250,$84,$815,$1599,$8,$3453,$-149,$3317,$4916,$530,$125,$5,$130,$-44,$32,$0,$1,$-22,$638,$-97,$0,$-665,$0,$71,$71,$0,$-691,$0,$0,$0,$-41,$-41,$-178,$23,$-196,$-248,$18,$-178
20,2013-07-31,19.37,$5.78,3.35,$15.93,1.22,$2.03,9.54,$0.93,20.94,$1.95B,$0.79B,2.47,$0.25B,$3.05B,0.08,$8.60B,$1.38B,16.04%,$8.60B,$0.77B,8.93%,$8.60B,$0.80B,9.26%,$8.60B,$0.92B,10.70%,$8.60B,$0.76B,8.84%,$8.60B,$0.50B,5.85%,$0.50B,$3.05B,17.01%,$0.50B,$1.74B,26.15%,$0.50B,$4.76B,10.81%,$0.77B,$3.30B,23.94%,$2323,$1938,$386,$0,$147,$2083,$240,$-1,$240,$81,$158,$158,$157,$214,$242,$529,540,$0.30,$0.30,$329,$1004,$10,$1952,$949,$269,$1315,$139,$2810,$4761,$789,$250,$78,$918,$1707,$8,$3363,$-326,$3054,$4761,$372,$93,$6,$99,$-7,$-4,$0,$6,$-42,$429,$-62,$0,$-665,$0,$73,$73,$0,$-655,$0,$0,$0,$-16,$-16,$-129,$19,$-127,$-353,$16,$-129
21,2013-04-30,18.79,$5.70,3.3,$15.68,1.2,$1.71,10.97,$0.92,20.43,$1.83B,$0.71B,2.59,$0.25B,$3.02B,0.08,$8.45B,$1.36B,16.05%,$8.45B,$0.76B,8.99%,$8.45B,$0.80B,9.42%,$8.45B,$0.92B,10.86%,$8.45B,$0.75B,8.90%,$8.45B,$0.50B,5.92%,$0.50B,$3.02B,17.13%,$0.50B,$1.70B,24.70%,$0.50B,$4.67B,10.97%,$0.76B,$3.27B,23.96%,$2160,$1829,$330,$0,$151,$1979,$181,$-4,$177,$63,$114,$114,$114,$225,$182,$529,542,$0.22,$0.21,$263,$999,$8,$1832,$958,$284,$1315,$141,$2835,$4668,$708,$250,$79,$942,$1650,$8,$3301,$-325,$3018,$4668,$258,$61,$-5,$56,$45,$1,$0,$15,$-56,$258,$-41,$0,$-663,$0,$73,$73,$0,$-632,$0,$0,$0,$21,$21,$-84,$18,$-46,$-420,$12,$-84
22,2013-01-31,15.7,$5.54,2.83,$15.44,1.02,$1.60,9.78,$0.93,16.88,$2.40B,$0.74B,3.26,$0.25B,$2.93B,0.09,$8.31B,$1.34B,16.12%,$8.31B,$0.77B,9.23%,$8.31B,$0.81B,9.69%,$8.31B,$0.92B,11.11%,$8.31B,$0.76B,9.16%,$8.31B,$0.50B,6.04%,$0.50B,$2.93B,17.52%,$0.50B,$2.18B,23.79%,$0.50B,$4.62B,11.23%,$0.77B,$3.18B,24.62%,$2153,$1800,$353,$0,$173,$1966,$187,$-2,$185,$58,$127,$127,$126,$238,$194,$530,542,$0.24,$0.23,$888,$954,$8,$2400,$916,$281,$752,$133,$2223,$4623,$737,$250,$88,$951,$1689,$8,$3220,$-324,$2934,$4623,$131,$30,$-11,$19,$41,$-3,$0,$9,$-8,$142,$-19,$0,$0,$0,$85,$85,$0,$66,$0,$0,$0,$23,$23,$-39,$13,$-3,$205,$6,$-39
23,2012-10-31,13.26,$5.37,2.47,$15.29,0.87,$1.60,8.27,$0.93,14.26,$2.32B,$0.79B,2.95,$0.25B,$2.83B,0.09,$8.23B,$1.33B,16.18%,$8.23B,$0.77B,9.30%,$8.23B,$0.80B,9.77%,$8.23B,$0.92B,11.22%,$8.23B,$0.76B,9.21%,$8.23B,$0.50B,6.08%,$0.50B,$2.83B,17.75%,$0.50B,$2.07B,24.28%,$0.50B,$4.56B,11.41%,$0.77B,$3.08B,24.95%,$2116,$1772,$344,$0,$156,$1918,$198,$-1,$197,$66,$131,$131,$130,$243,$208,$528,538,$0.25,$0.24,$760,$951,$6,$2321,$924,$287,$754,$134,$2243,$4564,$786,$250,$87,$953,$1739,$8,$3135,$-324,$2825,$4564,$505,$119,$7,$127,$-46,$-65,$0,$-3,$-114,$518,$-128,$0,$-0,$0,$21,$21,$0,$-107,$0,$0,$0,$-47,$-47,$-156,$10,$-193,$219,$17,$-156
24,2012-07-31,12.47,$5.50,2.27,$15.13,0.82,$1.61,7.74,$0.90,13.86,$2.12B,$0.68B,3.13,$0.25B,$2.90B,0.09,$8.16B,$1.32B,16.12%,$8.16B,$0.75B,9.19%,$8.16B,$0.79B,9.64%,$8.16B,$0.91B,11.10%,$8.16B,$0.74B,9.03%,$8.16B,$0.48B,5.93%,$0.48B,$2.90B,17.44%,$0.48B,$2.14B,24.01%,$0.48B,$4.38B,11.25%,$0.75B,$3.15B,24.79%,$2170,$1818,$352,$0,$160,$1968,$202,$-1,$201,$66,$134,$134,$133,$211,$212,$527,538,$0.25,$0.25,$610,$927,$6,$2117,$916,$297,$756,$132,$2265,$4383,$677,$250,$83,$810,$1486,$8,$3050,$-169,$2896,$4383,$371,$89,$-3,$85,$-13,$-41,$0,$-3,$-172,$284,$-90,$0,$-0,$0,$18,$18,$0,$-73,$0,$0,$0,$-37,$-37,$-112,$7,$-142,$70,$14,$-112
25,2012-04-30,12.92,$5.33,2.42,$14.89,0.87,$1.74,7.43,$0.88,14.76,$2.06B,$0.70B,2.94,$0.25B,$2.81B,0.09,$8.07B,$1.31B,16.20%,$8.07B,$0.73B,8.99%,$8.07B,$0.76B,9.38%,$8.07B,$0.88B,10.88%,$8.07B,$0.71B,8.79%,$8.07B,$0.47B,5.84%,$0.47B,$2.81B,17.33%,$0.47B,$2.05B,24.08%,$0.47B,$4.32B,11.10%,$0.73B,$3.06B,24.43%,$2008,$1701,$307,$0,$145,$1836,$172,$-2,$169,$57,$112,$112,$111,$231,$182,$527,537,$0.21,$0.21,$602,$913,$8,$2060,$909,$302,$758,$139,$2255,$4315,$700,$250,$83,$809,$1509,$8,$2980,$-188,$2806,$4315,$258,$60,$-5,$55,$22,$-27,$0,$-6,$-100,$213,$-56,$0,$-0,$0,$5,$5,$0,$-52,$0,$0,$0,$-32,$-32,$-73,$5,$-101,$62,$11,$-73
26,2012-01-31,12.72,$5.19,2.45,$14.74,0.86,$1.89,6.72,$0.84,15.24,$2.02B,$0.73B,2.79,$0.25B,$2.74B,0.09,$8.01B,$1.30B,16.19%,$8.01B,$0.70B,8.77%,$8.01B,$0.73B,9.15%,$8.01B,$0.86B,10.71%,$8.01B,$0.68B,8.52%,$8.01B,$0.45B,5.65%,$0.45B,$2.74B,16.92%,$0.45B,$1.98B,23.67%,$0.45B,$4.27B,10.59%,$0.70B,$2.99B,24.02%,$2013,$1677,$336,$0,$149,$1818,$195,$-1,$194,$65,$129,$129,$128,$238,$203,$527,538,$0.25,$0.24,$625,$883,$9,$2022,$908,$293,$760,$143,$2249,$4270,$725,$250,$82,$807,$1531,$8,$2913,$-185,$2739,$4270,$129,$31,$3,$34,$39,$3,$0,$8,$-11,$152,$-29,$0,$-0,$0,$1,$1,$0,$-29,$0,$0,$0,$-7,$-7,$-34,$2,$-39,$85,$6,$-34
27,2011-10-31,12.96,$5.04,2.57,$14.50,0.89,$1.94,6.68,$0.87,14.9,$2.00B,$0.78B,2.57,$0.25B,$2.66B,0.09,$7.90B,$1.33B,16.89%,$7.90B,$0.74B,9.41%,$7.90B,$0.77B,9.74%,$7.90B,$0.89B,11.32%,$7.90B,$0.72B,9.11%,$7.90B,$0.47B,6.00%,$0.47B,$2.66B,18.02%,$0.47B,$1.90B,25.43%,$0.47B,$4.24B,11.17%,$0.74B,$2.91B,26.37%,$2039,$1702,$337,$0,$152,$1844,$196,$-2,$194,$65,$129,$129,$128,$226,$207,$528,539,$0.25,$0.24,$539,$886,$8,$1998,$907,$296,$763,$140,$2246,$4244,$778,$250,$83,$806,$1585,$8,$2824,$-175,$2660,$4244,$479,$124,$-10,$114,$-30,$-92,$0,$16,$-103,$490,$-93,$0,$-7,$0,$-71,$-71,$0,$-171,$-102,$0,$-102,$-99,$-99,$-138,$14,$-326,$-5,$17,$-138
28,2011-07-31,12.69,$5.01,2.53,$14.44,0.88,$1.95,6.51,$0.88,14.42,$1.98B,$0.70B,2.82,$0.25B,$2.67B,0.09,$7.86B,$1.35B,17.22%,$7.86B,$0.75B,9.54%,$7.86B,$0.77B,9.82%,$7.86B,$0.90B,11.43%,$7.86B,$0.73B,9.26%,$7.86B,$0.48B,6.09%,$0.48B,$2.67B,18.62%,$0.48B,$1.90B,26.57%,$0.48B,$4.15B,11.40%,$0.75B,$2.92B,27.82%,$2104,$1768,$336,$0,$157,$1917,$187,$-7,$180,$62,$118,$118,$117,$183,$195,$533,544,$0.22,$0.22,$573,$866,$11,$1977,$896,$228,$765,$147,$2172,$4150,$701,$250,$74,$782,$1483,$8,$2806,$-155,$2667,$4150,$361,$93,$-8,$85,$3,$-72,$0,$15,$-126,$319,$-53,$0,$-7,$0,$-13,$-13,$0,$-73,$-102,$0,$-102,$-30,$-30,$-99,$12,$-219,$30,$15,$-99
29,2011-04-30,12.82,$4.94,2.59,$14.14,0.91,$1.85,6.93,$0.86,14.95,$2.29B,$1.01B,2.27,$0.25B,$2.64B,0.1,$7.67B,$1.34B,17.46%,$7.67B,$0.74B,9.68%,$7.67B,$0.76B,9.93%,$7.67B,$0.89B,11.57%,$7.67B,$0.72B,9.38%,$7.67B,$0.47B,6.06%,$0.47B,$2.64B,18.77%,$0.47B,$1.88B,27.24%,$0.47B,$4.45B,11.29%,$0.74B,$2.89B,29.25%,$1911,$1613,$298,$0,$157,$1764,$147,$-5,$141,$41,$100,$100,$98,$211,$152,$534,546,$0.19,$0.18,$965,$810,$18,$2287,$906,$223,$767,$151,$2164,$4451,$1006,$250,$95,$802,$1808,$8,$2759,$-149,$2643,$4451,$261,$62,$-11,$51,$25,$-17,$0,$59,$-36,$276,$-34,$0,$-7,$0,$8,$8,$0,$-32,$248,$0,$248,$9,$9,$-65,$9,$201,$446,$12,$-65
30,2011-01-31,10.72,$4.78,2.24,$13.68,0.78,$1.67,6.43,$0.80,13.4,$1.95B,$1.02B,1.91,$0.00B,$2.55B,0.0,$7.42B,$1.29B,17.45%,$7.42B,$0.71B,9.55%,$7.42B,$0.73B,9.78%,$7.42B,$0.85B,11.45%,$7.42B,$0.68B,9.22%,$7.42B,$0.43B,5.84%,$0.43B,$2.55B,18.17%,$0.43B,$1.78B,26.88%,$0.43B,$4.12B,10.96%,$0.71B,$2.55B,28.66%,$1959,$1633,$326,$0,$160,$1786,$173,$-5,$168,$57,$111,$111,$110,$274,$179,$534,546,$0.21,$0.20,$650,$787,$23,$1949,$916,$211,$770,$156,$2174,$4123,$1020,$0,$95,$551,$1571,$8,$2684,$-162,$2552,$4123,$150,$31,$5,$36,$24,$6,$0,$26,$-21,$165,$-15,$0,$-7,$0,$4,$4,$0,$-19,$0,$0,$0,$10,$10,$-31,$4,$-17,$131,$8,$-31
31,2010-10-31,9.92,$4.52,2.19,$13.34,0.74,$1.57,6.32,$0.73,13.58,$1.86B,$1.10B,1.69,$0.00B,$2.41B,0.0,$7.22B,$1.24B,17.15%,$7.22B,$0.65B,8.98%,$7.22B,$0.66B,9.14%,$7.22B,$0.78B,10.86%,$7.22B,$0.62B,8.64%,$7.22B,$0.40B,5.47%,$0.40B,$2.41B,17.19%,$0.40B,$1.64B,25.77%,$0.40B,$4.05B,10.25%,$0.65B,$2.41B,26.20%,$1922,$1548,$374,$0,$145,$1686,$236,$-6,$230,$80,$150,$150,$149,$230,$243,$533,543,$0.28,$0.28,$518,$794,$24,$1858,$922,$214,$771,$155,$2196,$4054,$1101,$0,$91,$546,$1647,$8,$2569,$-176,$2407,$4054,$400,$126,$26,$151,$-59,$-74,$0,$4,$-66,$486,$-85,$0,$-28,$0,$-145,$-145,$0,$-258,$0,$0,$0,$-47,$-47,$-109,$10,$-146,$83,$14,$-109
32,2010-07-31,9.23,$4.34,2.13,$12.62,0.73,$1.69,5.46,$0.70,13.23,$1.71B,$1.02B,1.68,$0.00B,$2.31B,0.0,$6.83B,$1.19B,17.37%,$6.83B,$0.62B,9.05%,$6.83B,$0.63B,9.18%,$6.83B,$0.75B,10.99%,$6.83B,$0.59B,8.69%,$6.83B,$0.38B,5.53%,$0.38B,$2.31B,16.97%,$0.38B,$1.54B,25.81%,$0.38B,$3.85B,10.05%,$0.62B,$2.31B,24.82%,$2063,$1708,$355,$0,$166,$1870,$193,$-5,$188,$65,$123,$123,$121,$173,$197,$533,541,$0.23,$0.22,$427,$791,$17,$1711,$928,$132,$773,$164,$2134,$3845,$1016,$0,$88,$521,$1537,$8,$2484,$-188,$2308,$3845,$277,$92,$4,$96,$-12,$-71,$0,$7,$-102,$272,$-61,$0,$-28,$0,$-81,$-81,$0,$-170,$0,$0,$0,$-36,$-36,$-81,$7,$-110,$-8,$12,$-81
33,2010-04-30,8.72,$4.24,2.05,$12.32,0.71,$1.79,4.88,$0.68,12.77,$1.64B,$0.65B,2.51,$0.35B,$2.27B,0.15,$6.68B,$1.16B,17.41%,$6.68B,$0.60B,8.94%,$6.68B,$0.61B,9.06%,$6.68B,$0.73B,10.93%,$6.68B,$0.58B,8.67%,$6.68B,$0.37B,5.54%,$0.37B,$2.27B,16.88%,$0.37B,$1.49B,25.84%,$0.37B,$3.78B,9.94%,$0.60B,$2.62B,23.48%,$1730,$1446,$285,$0,$147,$1590,$141,$-6,$134,$48,$86,$86,$85,$172,$143,$533,541,$0.16,$0.16,$405,$767,$19,$1636,$934,$131,$776,$166,$2148,$3784,$651,$350,$87,$867,$1518,$8,$2447,$-193,$2266,$3784,$191,$61,$6,$67,$16,$-47,$0,$12,$-79,$179,$-38,$0,$-28,$0,$-81,$-81,$0,$-147,$0,$0,$0,$-16,$-16,$-53,$7,$-62,$-30,$9,$-53
34,2010-01-31,8.24,$4.14,1.99,$12.13,0.68,$1.93,4.26,$0.69,11.98,$1.62B,$0.66B,2.47,$0.35B,$2.21B,0.16,$6.57B,$1.14B,17.41%,$6.57B,$0.58B,8.87%,$6.57B,$0.59B,8.95%,$6.57B,$0.72B,10.88%,$6.57B,$0.57B,8.70%,$6.57B,$0.37B,5.66%,$0.37B,$2.21B,17.28%,$0.37B,$1.47B,26.68%,$0.37B,$3.73B,10.10%,$0.58B,$2.56B,23.30%,$1700,$1419,$280,$0,$147,$1562,$138,$-5,$132,$54,$79,$79,$78,$209,$142,$534,542,$0.15,$0.15,$449,$729,$19,$1621,$942,$110,$742,$166,$2110,$3731,$655,$350,$83,$863,$1518,$8,$2400,$-198,$2213,$3731,$112,$31,$4,$35,$24,$-10,$0,$5,$-33,$114,$-18,$0,$-0,$0,$-1,$-1,$0,$-19,$0,$0,$0,$-10,$-10,$-25,$4,$-31,$64,$5,$-25
35,2009-10-31,7.72,$3.98,1.94,$12.06,0.64,$2.04,3.79,$0.63,12.2,$1.58B,$0.69B,2.3,$0.35B,$2.12B,0.17,$6.53B,$1.10B,16.81%,$6.53B,$0.54B,8.22%,$6.53B,$0.54B,8.28%,$6.53B,$0.67B,10.23%,$6.53B,$0.53B,8.07%,$6.53B,$0.34B,5.23%,$0.34B,$2.12B,16.20%,$0.34B,$1.36B,25.40%,$0.34B,$3.69B,9.35%,$0.54B,$2.47B,21.82%,$1727,$1409,$318,$0,$146,$1552,$176,$-6,$170,$57,$112,$112,$111,$197,$178,$534,541,$0.21,$0.21,$385,$722,$19,$1575,$953,$87,$761,$165,$2117,$3692,$685,$350,$103,$883,$1568,$8,$2318,$-204,$2124,$3692,$346,$127,$-1,$126,$39,$62,$0,$-24,$87,$559,$-92,$0,$-1,$0,$7,$7,$0,$-85,$0,$-100,$-100,$-36,$-36,$-109,$2,$-243,$230,$12,$-109
36,2009-07-31,7.56,$4.04,1.87,$12.36,0.61,$1.45,5.22,$0.57,13.38,$1.48B,$0.68B,2.18,$0.35B,$2.17B,0.16,$6.72B,$1.07B,15.92%,$6.72B,$0.52B,7.75%,$6.72B,$0.53B,7.86%,$6.72B,$0.65B,9.72%,$6.72B,$0.49B,7.28%,$6.72B,$0.31B,4.55%,$0.31B,$2.17B,14.70%,$0.31B,$1.40B,23.27%,$0.31B,$3.68B,8.41%,$0.52B,$2.52B,21.42%,$1675,$1371,$304,$0,$143,$1512,$163,$-4,$158,$54,$105,$105,$104,$152,$164,$537,542,$0.20,$0.20,$295,$745,$0,$1480,$959,$87,$763,$169,$2196,$3677,$680,$350,$92,$830,$1510,$8,$2258,$-103,$2166,$3677,$241,$94,$-13,$82,$56,$40,$0,$-23,$9,$332,$-68,$0,$-1,$0,$8,$8,$0,$-60,$0,$-40,$-40,$-12,$-12,$-81,$1,$-132,$140,$10,$-81
37,2009-04-30,6.55,$3.92,1.67,$12.52,0.52,$1.12,5.83,$0.52,12.66,$1.49B,$0.70B,2.14,$0.35B,$2.11B,0.17,$6.82B,$1.04B,15.23%,$6.82B,$0.50B,7.25%,$6.82B,$0.50B,7.34%,$6.82B,$0.63B,9.17%,$6.82B,$0.45B,6.59%,$6.82B,$0.28B,4.12%,$0.28B,$2.11B,13.73%,$0.28B,$1.34B,22.00%,$0.28B,$3.63B,7.78%,$0.50B,$2.46B,20.66%,$1574,$1314,$260,$0,$142,$1455,$120,$-1,$119,$41,$78,$78,$77,$157,$121,$537,543,$0.14,$0.14,$312,$748,$0,$1486,$964,$81,$766,$166,$2147,$3634,$696,$350,$87,$833,$1528,$8,$2207,$-113,$2106,$3634,$163,$62,$-8,$54,$75,$36,$0,$30,$46,$264,$-44,$0,$-1,$0,$2,$2,$0,$-42,$0,$0,$0,$-9,$-9,$-55,$-0,$-64,$158,$7,$-55
38,2009-01-31,6.21,$3.81,1.63,$12.47,0.5,$0.81,7.63,$0.51,12.17,$1.47B,$0.75B,1.95,$0.35B,$2.05B,0.17,$6.82B,$1.04B,15.26%,$6.82B,$0.50B,7.27%,$6.82B,$0.50B,7.34%,$6.82B,$0.63B,9.16%,$6.82B,$0.45B,6.54%,$6.82B,$0.28B,4.09%,$0.28B,$2.05B,13.76%,$0.28B,$1.28B,22.15%,$0.28B,$3.63B,7.82%,$0.50B,$2.40B,20.87%,$1595,$1333,$262,$0,$140,$1471,$124,$2,$125,$44,$81,$81,$80,$162,$125,$537,541,$0.15,$0.15,$267,$742,$0,$1467,$973,$90,$768,$160,$2164,$3631,$753,$350,$86,$831,$1583,$8,$2152,$-113,$2048,$3631,$82,$31,$-3,$28,$41,$43,$0,$3,$66,$176,$-24,$0,$-1,$0,$-3,$-3,$0,$-27,$0,$0,$0,$-9,$-9,$-30,$-0,$-39,$110,$4,$-30
39,2008-10-31,5.85,$3.73,1.57,$12.29,0.48,$0.76,7.69,$0.52,11.24,$1.44B,$0.78B,1.84,$0.35B,$2.01B,0.17,$6.76B,$1.06B,15.72%,$6.76B,$0.52B,7.65%,$6.76B,$0.52B,7.74%,$6.76B,$0.65B,9.61%,$6.76B,$0.46B,6.81%,$6.76B,$0.29B,4.23%,$0.29B,$2.01B,14.25%,$0.29B,$1.24B,23.01%,$0.29B,$3.62B,8.13%,$0.52B,$2.36B,21.93%,$1689,$1417,$272,$0,$143,$1559,$130,$-5,$125,$43,$82,$82,$81,$182,$131,$538,541,$0.15,$0.15,$155,$785,$30,$1438,$978,$94,$771,$155,$2178,$3616,$781,$350,$91,$828,$1609,$8,$2113,$-113,$2008,$3616,$289,$126,$22,$148,$-43,$-135,$0,$-21,$-165,$272,$-123,$0,$-27,$0,$-5,$-5,$1,$-154,$-0,$30,$30,$-58,$-58,$-96,$11,$-112,$5,$14,$-96
40,2008-07-31,7.44,$3.75,1.98,$11.89,0.63,$0.88,8.46,$0.58,12.88,$1.38B,$0.64B,2.17,$0.35B,$2.02B,0.17,$6.56B,$0.76B,11.59%,$6.56B,$0.53B,8.02%,$6.56B,$0.53B,8.07%,$6.56B,$0.66B,10.02%,$6.56B,$0.50B,7.56%,$6.56B,$0.32B,4.87%,$0.32B,$2.02B,16.14%,$0.32B,$1.25B,26.24%,$0.32B,$3.56B,9.21%,$0.53B,$2.37B,22.61%,$1862,$1585,$276,$0,$133,$1714,$147,$-27,$120,$49,$71,$71,$68,$125,$151,$541,549,$0.13,$0.13,$110,$794,$0,$1381,$973,$92,$772,$177,$2177,$3558,$637,$350,$92,$898,$1535,$8,$2080,$-65,$2023,$3558,$218,$95,$-3,$92,$-10,$-130,$0,$-0,$-126,$183,$-94,$0,$-27,$0,$-4,$-4,$1,$-124,$-0,$5,$5,$-45,$-45,$-71,$12,$-99,$-40,$0,$-71
41,2008-04-30,8.07,$3.74,2.16,$11.56,0.7,$0.83,9.68,$0.59,13.79,$1.30B,$0.55B,2.35,$0.35B,$2.03B,0.17,$6.40B,$0.85B,13.35%,$6.40B,$0.53B,8.25%,$6.40B,$0.53B,8.31%,$6.40B,$0.66B,10.31%,$6.40B,$0.51B,7.91%,$6.40B,$0.32B,5.06%,$0.32B,$2.03B,16.60%,$0.32B,$1.27B,26.77%,$0.32B,$3.47B,9.66%,$0.53B,$2.38B,22.94%,$1678,$1449,$229,$0,$135,$1584,$94,$-14,$80,$28,$52,$52,$52,$156,$94,$542,548,$0.10,$0.10,$107,$750,$0,$1301,$971,$95,$758,$181,$2170,$3471,$553,$350,$91,$889,$1442,$8,$2085,$-64,$2029,$3471,$166,$64,$-7,$57,$15,$-85,$0,$-0,$-103,$120,$-66,$0,$-4,$0,$-1,$-1,$0,$-71,$-0,$-45,$-45,$-11,$-11,$-45,$11,$-91,$-43,$0,$-45
42,2008-01-31,7.89,$3.63,2.18,$11.35,0.7,$0.77,10.19,$0.57,13.91,$1.28B,$0.58B,2.2,$0.35B,$1.97B,0.18,$6.31B,$0.94B,14.83%,$6.31B,$0.52B,8.18%,$6.31B,$0.52B,8.24%,$6.31B,$0.65B,10.27%,$6.31B,$0.49B,7.83%,$6.31B,$0.31B,4.98%,$0.31B,$1.97B,16.32%,$0.31B,$1.21B,26.20%,$0.31B,$3.43B,9.62%,$0.52B,$2.32B,22.69%,$1594,$1330,$264,$0,$140,$1470,$125,$-3,$121,$44,$78,$78,$78,$186,$125,$543,550,$0.14,$0.14,$192,$670,$0,$1279,$967,$100,$756,$165,$2152,$3431,$583,$350,$89,$880,$1462,$8,$2033,$-73,$1969,$3431,$88,$33,$-3,$30,$21,$9,$0,$-0,$39,$157,$-31,$0,$-1,$0,$-40,$-40,$0,$-72,$-0,$-70,$-70,$-14,$-14,$-20,$14,$-90,$-6,$0,$-20
43,2007-10-31,7.4,$3.47,2.13,$11.10,0.67,$0.58,12.66,$0.54,13.63,$1.23B,$0.67B,1.85,$0.35B,$1.89B,0.19,$6.19B,$1.00B,16.18%,$6.19B,$0.49B,7.83%,$6.19B,$0.49B,7.88%,$6.19B,$0.61B,9.91%,$6.19B,$0.47B,7.61%,$6.19B,$0.30B,4.86%,$0.30B,$1.89B,15.83%,$0.30B,$1.13B,25.28%,$0.30B,$3.39B,9.47%,$0.49B,$2.24B,21.54%,$1621,$1328,$293,$0,$144,$1470,$151,$-12,$139,$51,$88,$88,$88,$190,$153,$543,551,$0.16,$0.16,$150,$647,$0,$1232,$967,$102,$758,$170,$2162,$3394,$665,$350,$53,$844,$1509,$8,$1979,$-102,$1885,$3394,$302,$127,$-12,$115,$-10,$-63,$0,$22,$-85,$332,$-114,$0,$-125,$0,$-22,$-22,$1,$-261,$-6,$67,$61,$-81,$-81,$-81,$7,$-94,$-23,$14,$-81
44,2007-07-31,6.95,$3.52,1.98,$10.90,0.64,$0.54,12.87,$0.52,13.37,$1.16B,$0.53B,2.19,$0.35B,$1.92B,0.18,$6.09B,$1.41B,23.09%,$6.09B,$0.47B,7.79%,$6.09B,$0.48B,7.84%,$6.09B,$0.60B,9.89%,$6.09B,$0.46B,7.49%,$6.09B,$0.29B,4.77%,$0.29B,$1.92B,15.41%,$0.29B,$1.23B,24.48%,$0.29B,$3.12B,9.37%,$0.47B,$2.27B,21.24%,$1664,$1690,$-26,$0,$-180,$1509,$156,$-0,$156,$54,$101,$101,$101,$128,$157,$549,557,$0.19,$0.18,$105,$659,$0,$1158,$937,$102,$692,$164,$1967,$3124,$528,$350,$51,$672,$1201,$8,$1933,$-18,$1924,$3124,$201,$94,$1,$94,$24,$-97,$0,$6,$-139,$156,$-91,$0,$-14,$0,$-24,$-24,$1,$-127,$-6,$7,$1,$-48,$-48,$-61,$11,$-96,$-68,$0,$-61
45,2007-04-30,7.66,$3.48,2.2,$10.69,0.72,$0.54,14.16,$0.53,14.59,$1.14B,$0.52B,2.21,$0.35B,$1.92B,0.18,$5.97B,$1.40B,23.51%,$5.97B,$0.47B,7.92%,$5.97B,$0.48B,7.95%,$5.97B,$0.60B,10.03%,$5.97B,$0.45B,7.60%,$5.97B,$0.29B,4.91%,$0.29B,$1.92B,15.96%,$0.29B,$1.22B,25.72%,$0.29B,$3.11B,9.58%,$0.47B,$2.27B,21.63%,$1520,$1197,$323,$0,$229,$1424,$96,$-5,$90,$33,$57,$57,$57,$144,$97,$550,558,$0.11,$0.10,$108,$637,$0,$1139,$944,$95,$695,$165,$1971,$3109,$516,$350,$55,$676,$1192,$8,$1923,$-20,$1918,$3109,$143,$63,$1,$64,$25,$-73,$0,$4,$-118,$89,$-67,$0,$-14,$0,$-35,$-35,$0,$-116,$-6,$-3,$-9,$-12,$-12,$-40,$9,$-52,$-78,$0,$-40
46,2007-01-31,7.59,$3.41,2.22,$10.45,0.73,$0.57,13.3,$0.52,14.53,$1.11B,$0.53B,2.11,$0.35B,$1.88B,0.19,$5.83B,$1.39B,23.81%,$5.83B,$0.47B,7.97%,$5.83B,$0.47B,8.02%,$5.83B,$0.59B,10.13%,$5.83B,$0.45B,7.66%,$5.83B,$0.29B,5.01%,$0.29B,$1.88B,16.38%,$0.29B,$1.18B,26.92%,$0.29B,$3.08B,9.69%,$0.47B,$2.23B,21.80%,$1505,$1159,$346,$0,$233,$1392,$113,$-4,$109,$41,$68,$68,$68,$152,$113,$551,559,$0.12,$0.12,$139,$584,$0,$1109,$937,$104,$700,$160,$1974,$3084,$526,$350,$54,$676,$1202,$8,$1876,$-15,$1881,$3084,$75,$31,$-0,$31,$20,$-2,$0,$1,$-52,$54,$-33,$0,$-13,$0,$-50,$-50,$0,$-96,$-0,$-3,$-3,$0,$0,$-19,$6,$-16,$-57,$0,$-19
47,2006-10-31,7.2,$3.28,2.19,$10.29,0.7,$0.50,14.44,$0.51,14.06,$1.14B,$0.59B,1.95,$0.35B,$1.80B,0.19,$5.75B,$1.38B,24.07%,$5.75B,$0.45B,7.85%,$5.75B,$0.46B,7.92%,$5.75B,$0.58B,10.04%,$5.75B,$0.43B,7.50%,$5.75B,$0.29B,4.98%,$0.29B,$1.80B,16.57%,$0.29B,$1.10B,27.41%,$0.29B,$3.06B,9.69%,$0.45B,$2.15B,21.72%,$1504,$1145,$359,$0,$241,$1384,$120,$-4,$116,$40,$75,$75,$75,$178,$121,$550,558,$0.14,$0.14,$172,$571,$0,$1142,$911,$77,$699,$159,$1919,$3060,$585,$350,$51,$672,$1257,$8,$1821,$-18,$1803,$3060,$286,$121,$-13,$108,$-38,$-22,$0,$-22,$-67,$327,$-133,$0,$-79,$0,$40,$40,$1,$-171,$-11,$0,$-11,$-37,$-37,$-76,$9,$-115,$41,$0,$-76
