,Date,Stock Price,Book Value per Share,Price to Book Ratio,TTM Sales per Share,Price to Sales Ratio,TTM FCF per Share,Price to FCF Ratio,TTM Net EPS,PE Ratio,Current Assets,Current Liabilities,Current Ratio,Long Term Debt,Shareholder's Equity_x,Debt to Equity Ratio,TTM Revenue_x,TTM Gross Profit,Gross Margin,TTM Revenue_y,TTM Operating Income,Operating Margin,TTM Revenue_x,TTM EBIT,EBIT Margin,TTM Revenue_y,TTM EBITDA,EBITDA Margin,TTM Revenue_x,TTM Pre-Tax Income,Pre-Tax Margin,TTM Revenue_y,TTM Net Income_x,Net Margin,TTM Net Income_y,Shareholder's Equity_y,Return on Equity,TTM Net Income_x,Tangible Equity,Return on Tangible Equity,TTM Net Income_y,Total Assets,Return on Assets,TTM Net Income,LT Investments & Debt,Return on Investment,revenue,cost-goods-sold,gross-profit,research-development-expenses,selling-general-administrative-expenses,operating-expenses,operating-income,total-non-operating-income-expense,pre-tax-income,total-provision-income-taxes,income-after-taxes,income-from-continuous-operations,net-income,ebitda,ebit,basic-shares-outstanding,shares-outstanding,eps-basic-net-earnings-per-share,eps-earnings-per-share-diluted,cash-on-hand,inventory,other-current-assets,total-current-assets,net-property-plant-equipment,long-term-investments,goodwill-intangible-assets-total,other-long-term-assets,total-long-term-assets,total-assets,total-current-liabilities,long-term-debt,other-non-current-liabilities,total-long-term-liabilities,total-liabilities,common-stock-net,retained-earnings-accumulated-deficit,comprehensive-income,total-share-holder-equity,total-liabilities-share-holders-equity,net-income-loss,total-depreciation-amortization-cash-flow,other-non-cash-items,total-non-cash-items,change-in-accounts-receivable,change-in-inventories,change-in-accounts-payable,change-in-assets-liabilities,total-change-in-assets-liabilities,cash-flow-from-operating-activities,net-change-in-property-plant-equipment,net-change-in-intangible-assets,net-acquisitions-divestitures,net-change-in-short-term-investments,net-change-in-long-term-investments,net-change-in-investments-total,investing-activities-other,cash-flow-from-investing-activities,net-long-term-debt,net-current-debt,debt-issuance-retirement-net-total,net-common-equity-issued-repurchased,net-total-equity-issued-repurchased,total-common-preferred-stock-dividends-paid,financial-activities-other,cash-flow-from-financial-activities,net-cash-flow,stock-based-compensation,common-stock-dividends-paid
0,2018-09-30,169.21,$27.58,6.13,$52.22,3.24,$9.77,17.32,$6.37,26.56,$2.29B,$1.96B,1.17,$3.41B,$3.24B,1.05,$6.31B,$2.29B,36.30%,$6.31B,$1.15B,18.25%,$6.31B,$1.15B,18.25%,$6.31B,$1.41B,22.35%,$6.31B,$0.96B,15.13%,$6.31B,$0.77B,12.23%,$0.77B,$3.24B,24.41%,$0.77B,$-3.09B,-24.01%,$0.77B,$9.89B,7.79%,$1.15B,$6.65B,17.55%,$1542,$1010,$532,$0,$279,$1289,$253,$4,$257,$41,$216,$216,$213,$318,$253,$118,121,$1.81,$1.77,$305,$413,$987,$2288,$898,$0,$6333,$253,$7601,$9889,$1956,$3410,$1195,$4689,$6645,$118,$1680,$-202,$3244,$9889,$213,$65,$0,$65,$34,$-3,$0,$-88,$-161,$117,$-31,$0,$0,$0,$0,$0,$0,$-31,$216,$0,$216,$-185,$-185,$-82,$-18,$-69,$17,$38,$-82
1,2018-06-30,144.54,$27.71,5.22,$51.07,2.83,$9.65,14.98,$5.92,24.42,$2.22B,$1.85B,1.2,$3.41B,$3.28B,1.04,$6.18B,$2.25B,36.41%,$6.18B,$1.12B,18.15%,$6.18B,$1.12B,18.15%,$6.18B,$1.38B,22.34%,$6.18B,$0.93B,14.98%,$6.18B,$0.72B,11.61%,$0.72B,$3.28B,23.17%,$0.72B,$-3.08B,-21.70%,$0.72B,$9.85B,7.20%,$1.12B,$6.69B,17.27%,$1669,$1006,$663,$0,$292,$1298,$371,$-117,$254,$40,$214,$214,$219,$438,$371,$119,121,$1.84,$1.80,$288,$411,$885,$2224,$900,$0,$6361,$247,$7627,$9851,$1850,$3408,$1236,$4723,$6573,$118,$1648,$-202,$3278,$9851,$718,$259,$-330,$-71,$-112,$-84,$0,$16,$104,$751,$-136,$0,$0,$0,$0,$0,$-5,$-141,$-271,$0,$-271,$-238,$-238,$-272,$-24,$-805,$-196,$82,$-272
2,2018-03-31,160.67,$26.46,6.07,$49.69,3.23,$8.19,19.61,$5.20,30.9,$2.41B,$2.15B,1.13,$3.39B,$3.14B,1.08,$6.06B,$2.17B,35.85%,$6.06B,$1.03B,16.94%,$6.06B,$1.03B,16.94%,$6.06B,$1.29B,21.30%,$6.06B,$0.91B,14.96%,$6.06B,$0.63B,10.40%,$0.63B,$3.14B,20.92%,$0.63B,$-3.26B,-18.40%,$0.63B,$10.07B,6.28%,$1.03B,$6.53B,16.02%,$1568,$1007,$561,$0,$305,$1312,$256,$-41,$215,$12,$203,$203,$201,$318,$256,$118,121,$1.70,$1.66,$443,$963,$116,$2414,$879,$0,$6396,$232,$7656,$10070,$2146,$3391,$1347,$4787,$6933,$119,$1543,$-249,$3137,$10070,$501,$192,$-352,$-160,$-120,$-122,$0,$31,$-111,$230,$-79,$0,$0,$0,$0,$0,$-2,$-81,$185,$0,$185,$-166,$-166,$-205,$-10,$-196,$-41,$50,$-205
3,2017-12-31,140.6,$25.25,5.57,$48.70,2.89,$13.25,10.61,$4.23,33.24,$2.13B,$1.74B,1.23,$3.39B,$2.99B,1.13,$5.98B,$2.14B,35.83%,$5.98B,$1.05B,17.49%,$5.98B,$1.05B,17.49%,$5.98B,$1.32B,22.07%,$5.98B,$0.92B,15.46%,$5.98B,$0.51B,8.60%,$0.51B,$2.99B,17.39%,$0.51B,$-3.43B,-14.66%,$0.51B,$9.86B,5.00%,$1.05B,$6.39B,16.16%,$1535,$999,$536,$0,$264,$1263,$272,$-43,$229,$90,$139,$139,$139,$337,$272,$119,121,$1.17,$1.15,$422,$942,$102,$2132,$878,$0,$6422,$215,$7724,$9856,$1741,$3391,$1696,$5121,$6862,$119,$1424,$-254,$2994,$9856,$300,$130,$-44,$86,$-19,$-102,$0,$-27,$-13,$373,$-43,$0,$0,$0,$0,$0,$-2,$-45,$-115,$0,$-115,$-132,$-132,$-137,$-10,$-394,$-62,$24,$-137
4,2017-09-30,130.18,$25.09,5.19,$47.55,2.74,$12.48,10.43,$4.48,29.06,$2.13B,$1.92B,1.11,$3.40B,$2.99B,1.14,$5.89B,$2.13B,36.23%,$5.89B,$1.05B,17.83%,$5.89B,$1.05B,17.83%,$5.89B,$1.34B,22.75%,$5.89B,$0.93B,15.79%,$5.89B,$0.55B,9.37%,$0.55B,$2.99B,18.42%,$0.55B,$-3.47B,-15.00%,$0.55B,$10.10B,5.15%,$1.05B,$6.38B,15.72%,$1410,$919,$491,$0,$268,$1187,$223,$5,$228,$63,$165,$165,$159,$288,$223,$119,121,$1.33,$1.31,$388,$896,$113,$2127,$890,$0,$6453,$220,$7972,$10099,$1918,$3395,$1764,$5194,$7112,$119,$1387,$-250,$2987,$10099,$159,$65,$-23,$42,$-54,$-24,$0,$-65,$-106,$95,$-23,$0,$0,$0,$0,$0,$0,$-23,$-35,$0,$-35,$-61,$-61,$-69,$-9,$-174,$-96,$11,$-69
5,2017-06-30,107.33,$24.48,4.39,$47.24,2.27,$12.06,8.9,$4.43,24.23,$2.07B,$1.93B,1.08,$3.40B,$2.93B,1.16,$5.90B,$2.17B,36.71%,$5.90B,$1.07B,18.19%,$5.90B,$1.07B,18.19%,$5.90B,$1.38B,23.46%,$5.90B,$0.91B,15.34%,$5.90B,$0.55B,9.37%,$0.55B,$2.93B,18.35%,$0.55B,$-3.54B,-14.09%,$0.55B,$10.09B,4.96%,$1.07B,$6.32B,15.62%,$1542,$959,$583,$0,$308,$1267,$275,$-41,$234,$68,$166,$166,$131,$347,$275,$123,124,$1.09,$1.08,$484,$841,$101,$2073,$904,$0,$6470,$234,$8017,$10090,$1926,$3396,$1806,$5236,$7162,$120,$1343,$-276,$2928,$10090,$553,$311,$-390,$-79,$111,$28,$0,$-193,$95,$569,$-119,$0,$1014,$0,$0,$0,$-25,$870,$-499,$0,$-499,$-656,$-656,$-262,$-21,$-1438,$-3,$42,$-262
6,2017-03-31,108.97,$23.94,4.55,$41.89,2.6,$14.62,7.45,$4.64,23.49,$2.88B,$1.73B,1.66,$3.86B,$2.91B,1.32,$5.24B,$2.07B,39.42%,$5.24B,$1.00B,18.98%,$5.24B,$1.00B,18.98%,$5.24B,$1.33B,25.43%,$5.24B,$0.84B,15.95%,$5.24B,$0.58B,11.10%,$0.58B,$2.91B,19.11%,$0.58B,$-3.59B,-14.84%,$0.58B,$11.11B,5.01%,$1.00B,$6.77B,14.05%,$1489,$958,$531,$0,$256,$1214,$275,$-42,$233,$69,$164,$164,$85,$347,$275,$123,125,$0.70,$0.69,$302,$894,$106,$2876,$895,$0,$6503,$221,$8231,$11107,$1732,$3859,$2591,$6461,$8193,$122,$1554,$-461,$2914,$11107,$422,$239,$34,$273,$14,$-26,$0,$-75,$-206,$489,$296,$0,$0,$0,$0,$0,$-25,$271,$-313,$0,$-313,$-410,$-410,$-199,$-20,$-942,$-185,$33,$-199
7,2016-12-31,99.88,$25.41,3.93,$42.32,2.36,$11.71,8.53,$5.29,18.88,$2.61B,$1.67B,1.57,$4.09B,$3.16B,1.29,$5.30B,$2.08B,39.16%,$5.30B,$0.99B,18.63%,$5.30B,$0.99B,18.63%,$5.30B,$1.34B,25.20%,$5.30B,$0.82B,15.54%,$5.30B,$0.67B,12.54%,$0.67B,$3.16B,21.05%,$0.67B,$-4.13B,-16.38%,$0.67B,$11.62B,5.62%,$0.99B,$7.25B,13.51%,$1449,$920,$529,$0,$252,$1172,$277,$-42,$235,$72,$163,$163,$177,$358,$277,$124,125,$1.42,$1.40,$361,$1001,$133,$2612,$908,$0,$7285,$263,$9006,$11618,$1665,$4087,$2704,$6795,$8460,$124,$1495,$-523,$3158,$11618,$337,$167,$-130,$37,$125,$-50,$0,$-177,$-79,$295,$-49,$0,$0,$0,$0,$0,$-25,$-74,$-115,$0,$-115,$-73,$-73,$-134,$-19,$-341,$-126,$22,$-134
8,2016-09-30,88.84,$24.61,3.61,$44.76,1.98,$12.45,7.13,$2.66,33.4,$2.43B,$1.86B,1.31,$4.09B,$3.05B,1.34,$5.60B,$2.09B,37.35%,$5.60B,$1.04B,18.55%,$5.60B,$1.04B,18.55%,$5.60B,$1.39B,24.85%,$5.60B,$0.87B,15.55%,$5.60B,$0.34B,6.00%,$0.34B,$3.05B,10.56%,$0.34B,$-4.44B,-8.15%,$0.34B,$11.78B,2.81%,$1.04B,$7.14B,13.99%,$1420,$897,$523,$0,$277,$1174,$246,$-43,$203,$58,$145,$145,$160,$332,$246,$124,126,$1.29,$1.27,$284,$962,$182,$2425,$988,$0,$7495,$260,$9353,$11778,$1856,$4087,$2776,$6868,$8724,$124,$1384,$-497,$3054,$11778,$160,$86,$-77,$9,$-39,$2,$0,$-62,$-126,$43,$-21,$0,$0,$0,$0,$0,$-25,$-46,$-30,$0,$-30,$-85,$-85,$-68,$-18,$-201,$-203,$11,$-68
9,2016-06-30,80.46,$24.53,3.28,$47.97,1.68,$12.60,6.39,$2.57,31.31,$2.62B,$1.98B,1.33,$4.12B,$3.06B,1.35,$5.99B,$2.16B,36.05%,$5.99B,$1.06B,17.61%,$5.99B,$1.06B,17.61%,$5.99B,$1.42B,23.63%,$5.99B,$0.88B,14.75%,$5.99B,$0.32B,5.41%,$0.32B,$3.06B,9.86%,$0.32B,$-3.53B,-7.79%,$0.32B,$12.01B,2.67%,$1.06B,$7.18B,13.65%,$883,$400,$483,$0,$286,$686,$197,$-32,$165,$58,$107,$107,$160,$296,$197,$124,125,$1.29,$1.29,$487,$867,$124,$2624,$924,$0,$6583,$252,$9385,$12009,$1981,$4120,$2802,$6971,$8952,$125,$1330,$-495,$3057,$12009,$324,$361,$-129,$232,$192,$-28,$0,$15,$368,$924,$-152,$0,$181,$0,$-19,$-19,$-11,$-1,$-669,$0,$-669,$44,$44,$-252,$-16,$-893,$6,$39,$-252
10,2016-03-31,74.61,$27.05,2.76,$44.06,1.69,$13.03,5.72,$0.78,95.65,$2.87B,$2.01B,1.42,$4.32B,$3.37B,1.28,$5.45B,$1.97B,36.14%,$5.45B,$0.87B,15.96%,$5.45B,$0.87B,15.96%,$5.45B,$1.21B,22.24%,$5.45B,$0.57B,10.48%,$5.45B,$0.11B,1.98%,$0.11B,$3.37B,3.20%,$0.11B,$-4.15B,-2.42%,$0.11B,$11.90B,0.87%,$0.87B,$7.69B,10.80%,$1550,$1009,$541,$0,$273,$1282,$268,$-47,$221,$62,$159,$159,$168,$350,$268,$124,125,$1.35,$1.34,$302,$992,$360,$2866,$1007,$0,$7516,$149,$9034,$11900,$2012,$4319,$2194,$6521,$8533,$124,$1232,$-70,$3367,$11900,$164,$262,$164,$426,$102,$-22,$0,$-58,$-83,$507,$-82,$0,$0,$0,$-19,$-19,$-11,$-112,$-392,$0,$-392,$36,$36,$-189,$-15,$-560,$-179,$29,$-189
11,2015-12-31,82.74,$26.14,3.17,$43.00,1.92,$12.43,6.65,$0.64,129.29,$2.84B,$2.14B,1.33,$4.44B,$3.25B,1.37,$5.08B,$1.86B,36.59%,$5.08B,$0.81B,16.01%,$5.08B,$0.81B,16.01%,$5.08B,$1.13B,22.31%,$5.08B,$0.53B,10.41%,$5.08B,$0.07B,1.30%,$0.07B,$3.25B,2.21%,$0.07B,$-4.38B,-1.92%,$0.07B,$12.10B,0.62%,$0.81B,$7.70B,11.66%,$1748,$1203,$545,$0,$217,$1420,$328,$-46,$282,$85,$197,$197,$-152,$414,$328,$124,125,$-1.23,$-1.22,$511,$1070,$122,$2835,$1102,$0,$7632,$152,$9262,$12097,$2139,$4443,$2252,$6706,$8845,$124,$1127,$-66,$3252,$12097,$-4,$180,$197,$377,$220,$-91,$0,$-18,$14,$387,$-49,$0,$0,$0,$0,$0,$0,$-49,$-186,$0,$-186,$33,$33,$-127,$-15,$-295,$30,$19,$-127
12,2015-09-30,69.22,$27.89,2.48,$40.50,1.71,$11.09,6.24,$3.19,21.7,$3.05B,$1.87B,1.63,$4.90B,$3.46B,1.42,$4.54B,$1.71B,37.72%,$4.54B,$0.70B,15.33%,$4.54B,$0.70B,15.33%,$4.54B,$0.98B,21.65%,$4.54B,$0.44B,9.60%,$4.54B,$0.36B,7.86%,$0.36B,$3.46B,13.58%,$0.36B,$-4.59B,-15.14%,$0.36B,$12.56B,4.04%,$0.70B,$8.36B,11.79%,$1811,$1220,$591,$0,$329,$1549,$262,$-46,$216,$68,$148,$148,$148,$356,$262,$124,125,$1.20,$1.18,$320,$1107,$132,$3053,$1150,$0,$8050,$146,$9511,$12564,$1871,$4901,$2315,$7230,$9101,$124,$1342,$-48,$3463,$12564,$148,$94,$-57,$37,$82,$-108,$0,$3,$-121,$64,$-24,$0,$0,$0,$0,$0,$0,$-24,$-132,$0,$-132,$19,$19,$-64,$-15,$-192,$-161,$10,$-64
13,2015-06-30,72.3,$27.51,2.63,$36.90,1.96,$11.14,6.49,$3.19,22.67,$3.18B,$2.27B,1.4,$5.05B,$3.40B,1.49,$3.89B,$1.52B,39.00%,$3.89B,$0.63B,16.27%,$3.89B,$0.63B,16.27%,$3.89B,$0.88B,22.55%,$3.89B,$0.40B,10.19%,$3.89B,$0.33B,8.60%,$0.33B,$3.40B,15.10%,$0.33B,$-4.72B,-26.80%,$0.33B,$13.13B,4.84%,$0.63B,$8.46B,13.57%,$337,$46,$291,$0,$280,$326,$11,$-159,$-148,$-45,$-103,$-103,$-56,$91,$11,$106,107,$-0.59,$-0.59,$481,$1015,$165,$3183,$1165,$0,$8123,$154,$9944,$13127,$2274,$5053,$2386,$7451,$9725,$124,$1258,$-16,$3402,$13127,$334,$244,$190,$434,$-17,$20,$0,$17,$86,$854,$-148,$0,$-3136,$0,$0,$0,$0,$-3284,$2729,$0,$2729,$-103,$-103,$-198,$-55,$2373,$-80,$37,$-198
14,2015-03-31,73.61,$17.66,4.17,$46.13,1.6,$10.57,6.97,$4.92,14.96,$2.02B,$1.05B,1.93,$1.58B,$1.84B,0.86,$4.88B,$1.65B,33.91%,$4.88B,$0.85B,17.37%,$4.88B,$0.85B,17.37%,$4.88B,$1.07B,21.86%,$4.88B,$0.75B,15.32%,$4.88B,$0.52B,10.70%,$0.52B,$1.84B,28.71%,$0.52B,$-0.03B,-511.76%,$0.52B,$4.84B,10.77%,$0.85B,$3.42B,24.98%,$1187,$754,$433,$0,$220,$974,$213,$-34,$179,$53,$126,$126,$126,$273,$213,$104,105,$1.21,$1.20,$488,$636,$114,$2022,$706,$0,$1872,$164,$2812,$4835,$1048,$1576,$371,$1947,$2994,$104,$1363,$-139,$1840,$4835,$390,$164,$26,$190,$-87,$-17,$0,$-16,$-185,$395,$-102,$0,$7,$0,$0,$0,$0,$-95,$-32,$0,$-32,$-116,$-116,$-149,$-39,$-336,$-73,$26,$-149
15,2014-12-31,66.7,$17.40,3.83,$46.60,1.43,$10.70,6.24,$5.03,13.26,$1.95B,$1.03B,1.89,$1.58B,$1.81B,0.87,$4.96B,$1.65B,33.24%,$4.96B,$0.86B,17.29%,$4.96B,$0.86B,17.29%,$4.96B,$1.07B,21.48%,$4.96B,$0.77B,15.51%,$4.96B,$0.54B,10.83%,$0.54B,$1.81B,29.72%,$0.54B,$-0.09B,-387.03%,$0.54B,$4.80B,11.01%,$0.86B,$3.39B,25.36%,$1206,$808,$398,$0,$188,$996,$210,$-21,$189,$50,$139,$139,$139,$263,$210,$104,105,$1.34,$1.32,$470,$650,$107,$1946,$725,$0,$1900,$158,$2852,$4798,$1028,$1576,$383,$1959,$2987,$104,$1287,$-78,$1811,$4798,$264,$104,$17,$121,$-16,$-31,$0,$-4,$-163,$222,$-79,$0,$7,$0,$0,$0,$0,$-72,$16,$0,$16,$-122,$-122,$-99,$-14,$-219,$-91,$17,$-99
16,2014-09-30,61.26,$17.18,3.57,$46.51,1.32,$11.15,5.5,$4.97,12.33,$1.93B,$1.08B,1.78,$1.58B,$1.80B,0.88,$4.98B,$1.68B,33.73%,$4.98B,$0.87B,17.49%,$4.98B,$0.87B,17.49%,$4.98B,$1.08B,21.61%,$4.98B,$0.78B,15.74%,$4.98B,$0.53B,10.73%,$0.53B,$1.80B,29.96%,$0.53B,$-0.14B,-288.26%,$0.53B,$4.84B,10.90%,$0.87B,$3.37B,25.93%,$1155,$762,$393,$0,$195,$957,$198,$-22,$176,$51,$125,$125,$125,$249,$198,$105,106,$1.19,$1.18,$449,$648,$97,$1925,$731,$0,$1939,$159,$2912,$4837,$1082,$1576,$383,$1958,$3041,$105,$1231,$-36,$1796,$4837,$125,$51,$7,$58,$-38,$-30,$0,$22,$-103,$80,$-41,$0,$7,$0,$0,$0,$0,$-34,$-6,$0,$-6,$-82,$-82,$-50,$-12,$-150,$-112,$8,$-50
17,2014-06-30,69.43,$17.30,4.01,$46.70,1.49,$12.08,5.75,$4.95,14.03,$1.99B,$1.12B,1.79,$1.56B,$1.83B,0.86,$5.01B,$1.70B,33.96%,$5.01B,$0.88B,17.60%,$5.01B,$0.88B,17.60%,$5.01B,$1.09B,21.67%,$5.01B,$0.80B,15.86%,$5.01B,$0.54B,10.67%,$0.54B,$1.83B,30.73%,$0.54B,$-0.14B,-221.07%,$0.54B,$4.92B,10.95%,$0.88B,$3.39B,26.61%,$1329,$899,$430,$0,$204,$1103,$226,$-23,$203,$66,$137,$137,$132,$281,$226,$106,107,$1.24,$1.22,$561,$619,$96,$1991,$728,$0,$1969,$144,$2928,$4919,$1115,$1564,$415,$1979,$3094,$106,$1226,$-15,$1825,$4919,$534,$204,$35,$239,$116,$50,$0,$-89,$76,$849,$-201,$-3,$42,$0,$0,$0,$0,$-162,$-100,$0,$-100,$-159,$-159,$-180,$-9,$-448,$240,$35,$-180
18,2014-03-31,66.69,$16.86,3.96,$46.54,1.43,$11.93,5.59,$4.24,15.73,$2.05B,$1.18B,1.75,$1.58B,$1.80B,0.88,$5.04B,$1.74B,34.58%,$5.04B,$0.83B,16.42%,$5.04B,$0.83B,16.42%,$5.04B,$1.03B,20.50%,$5.04B,$0.70B,13.86%,$5.04B,$0.46B,9.10%,$0.46B,$1.80B,27.41%,$0.46B,$-0.18B,-145.37%,$0.46B,$4.96B,9.42%,$0.83B,$3.37B,25.47%,$1268,$841,$427,$0,$203,$1044,$223,$-22,$201,$64,$137,$137,$141,$272,$223,$106,107,$1.32,$1.31,$350,$674,$90,$2053,$686,$0,$1974,$158,$2905,$4959,$1176,$1576,$412,$1988,$3164,$107,$1199,$-32,$1795,$4959,$403,$149,$57,$206,$-76,$-5,$0,$-16,$-155,$454,$-140,$-3,$27,$0,$0,$0,$0,$-116,$-77,$0,$-77,$-88,$-88,$-136,$0,$-301,$29,$29,$-136
19,2013-12-31,63.28,$16.06,3.94,$45.56,1.39,$12.43,5.09,$3.78,16.74,$1.97B,$1.15B,1.71,$1.58B,$1.71B,0.92,$4.98B,$1.72B,34.48%,$4.98B,$0.80B,16.13%,$4.98B,$0.80B,16.13%,$4.98B,$1.01B,20.37%,$4.98B,$0.67B,13.42%,$4.98B,$0.41B,8.29%,$0.41B,$1.71B,25.11%,$0.41B,$-0.28B,-113.23%,$0.41B,$4.88B,8.43%,$0.80B,$3.29B,24.92%,$1223,$795,$428,$0,$205,$1000,$223,$-20,$203,$66,$137,$137,$136,$274,$223,$106,107,$1.27,$1.26,$334,$689,$92,$1972,$669,$0,$1988,$155,$2912,$4884,$1151,$1577,$443,$2020,$3171,$107,$1147,$-39,$1713,$4884,$262,$100,$46,$147,$-3,$-20,$0,$-49,$-129,$280,$-85,$0,$27,$0,$0,$0,$0,$-58,$-60,$0,$-60,$-57,$-57,$-90,$0,$-207,$13,$19,$-90
20,2013-09-30,53.4,$15.27,3.5,$45.56,1.17,$12.36,4.32,$2.95,18.1,$1.89B,$1.14B,1.66,$1.58B,$1.63B,0.97,$5.04B,$1.73B,34.32%,$5.04B,$0.81B,16.02%,$5.04B,$0.81B,16.02%,$5.04B,$1.03B,20.33%,$5.04B,$0.67B,13.19%,$5.04B,$0.33B,6.46%,$0.33B,$1.63B,19.48%,$0.33B,$-0.37B,-90.12%,$0.33B,$4.78B,6.53%,$0.81B,$3.21B,24.30%,$1192,$775,$417,$0,$208,$982,$210,$-22,$188,$60,$127,$127,$126,$260,$210,$106,107,$1.17,$1.16,$337,$656,$79,$1890,$652,$0,$2000,$144,$2891,$4781,$1137,$1577,$437,$2014,$3151,$107,$1090,$-34,$1630,$4781,$126,$50,$40,$90,$21,$12,$0,$-10,$-43,$173,$-33,$0,$27,$0,$0,$0,$0,$-6,$-65,$0,$-65,$-44,$-44,$-45,$0,$-154,$16,$8,$-45
21,2013-06-30,44.03,$14.60,3.02,$45.66,0.96,$11.75,3.75,$1.03,42.75,$1.95B,$1.30B,1.5,$1.58B,$1.56B,1.01,$5.11B,$1.73B,33.78%,$5.11B,$0.81B,15.90%,$5.11B,$0.81B,15.90%,$5.11B,$1.04B,20.24%,$5.11B,$0.67B,13.01%,$5.11B,$0.11B,2.23%,$0.11B,$1.56B,6.59%,$0.11B,$-0.44B,-34.06%,$0.11B,$4.86B,2.22%,$0.81B,$3.14B,23.51%,$1360,$888,$472,$0,$300,$1188,$172,$-65,$107,$36,$71,$71,$56,$229,$172,$111,111,$0.50,$0.50,$321,$669,$77,$1948,$653,$0,$2000,$132,$2910,$4858,$1297,$1577,$423,$2000,$3297,$107,$1080,$-59,$1561,$4858,$109,$221,$436,$657,$78,$-54,$0,$92,$67,$833,$-178,$0,$147,$-1,$12,$11,$0,$-20,$-346,$0,$-346,$-317,$-317,$-165,$-12,$-840,$-35,$33,$-165
22,2013-03-31,41.13,$15.35,2.68,$45.94,0.9,$11.25,3.66,$1.65,24.93,$2.13B,$1.44B,1.47,$1.58B,$1.68B,0.94,$5.19B,$1.75B,33.76%,$5.19B,$0.88B,17.04%,$5.19B,$0.88B,17.04%,$5.19B,$1.12B,21.51%,$5.19B,$0.77B,14.92%,$5.19B,$0.19B,3.60%,$0.19B,$1.68B,10.25%,$0.19B,$-0.38B,-69.84%,$0.19B,$5.08B,3.52%,$0.88B,$3.25B,24.35%,$1204,$804,$400,$0,$203,$1006,$198,$-27,$170,$46,$125,$125,$95,$252,$198,$111,111,$0.85,$0.85,$459,$646,$90,$2125,$667,$0,$2051,$164,$2951,$5076,$1442,$1576,$382,$1959,$3400,$109,$1164,$-43,$1676,$5076,$53,$164,$364,$528,$88,$-32,$0,$88,$-68,$513,$-132,$0,$147,$-1,$12,$11,$0,$27,$-124,$0,$-124,$-190,$-190,$-125,$0,$-438,$103,$26,$-125
23,2012-12-31,43.12,$16.25,2.65,$47.24,0.91,$10.55,4.09,$-2.35,0.0,$2.26B,$1.16B,1.94,$1.88B,$1.83B,1.03,$5.35B,$1.84B,34.39%,$5.35B,$0.93B,17.43%,$5.35B,$0.93B,17.43%,$5.35B,$1.18B,21.96%,$5.35B,$0.83B,15.54%,$5.35B,$-0.26B,-4.87%,$-0.26B,$1.83B,-13.87%,$-0.26B,$-0.26B,84.33%,$-0.26B,$5.24B,-4.78%,$0.93B,$3.71B,24.79%,$1287,$845,$442,$0,$213,$1059,$228,$-28,$200,$62,$139,$139,$49,$284,$228,$112,113,$0.43,$0.43,$328,$625,$78,$2259,$667,$0,$2090,$144,$2982,$5241,$1163,$1879,$373,$2252,$3415,$112,$1222,$10,$1826,$5241,$-41,$110,$327,$437,$58,$-10,$0,$36,$-116,$280,$-83,$0,$0,$-1,$12,$11,$0,$-72,$-119,$0,$-119,$-36,$-36,$-84,$0,$-239,$-28,$15,$-84
24,2012-09-30,44.75,$16.41,2.73,$47.45,0.94,$10.18,4.4,$-1.62,0.0,$2.36B,$1.26B,1.88,$1.88B,$1.85B,1.02,$5.38B,$1.85B,34.46%,$5.38B,$0.94B,17.43%,$5.38B,$0.94B,17.43%,$5.38B,$1.19B,22.13%,$5.38B,$0.84B,15.58%,$5.38B,$-0.18B,-3.29%,$-0.18B,$1.85B,-8.90%,$-0.18B,$-0.26B,45.59%,$-0.18B,$5.35B,-3.11%,$0.94B,$3.74B,24.20%,$1262,$848,$413,$0,$198,$1047,$215,$-27,$188,$59,$128,$128,$-86,$270,$215,$112,113,$-0.77,$-0.77,$327,$647,$83,$2358,$669,$0,$2115,$140,$2996,$5354,$1255,$1883,$363,$2246,$3501,$113,$1251,$15,$1853,$5354,$-86,$55,$233,$287,$78,$-44,$0,$-8,$-81,$121,$-44,$0,$0,$-1,$8,$7,$0,$-37,$-71,$0,$-71,$-3,$-3,$-42,$0,$-116,$-29,$6,$-42
25,2012-06-30,36.27,$17.35,2.09,$47.44,0.76,$9.47,3.83,$0.15,241.82,$2.60B,$1.41B,1.84,$1.88B,$1.95B,0.97,$5.45B,$1.88B,34.53%,$5.45B,$0.94B,17.26%,$5.45B,$0.94B,17.26%,$5.45B,$1.20B,22.05%,$5.45B,$0.84B,15.45%,$5.45B,$0.03B,0.57%,$0.03B,$1.95B,1.50%,$0.03B,$-0.17B,-6.32%,$0.03B,$5.59B,0.53%,$0.94B,$3.83B,23.81%,$1436,$940,$497,$0,$253,$1193,$243,$-27,$216,$80,$136,$136,$129,$310,$243,$114,115,$1.23,$1.24,$356,$618,$71,$2600,$659,$0,$2117,$136,$2992,$5593,$1414,$1883,$349,$2232,$3647,$112,$1417,$-23,$1946,$5593,$28,$260,$565,$825,$-15,$-25,$0,$23,$0,$853,$-234,$0,$-14,$-1,$0,$-1,$0,$-249,$-25,$0,$-25,$-445,$-445,$-140,$0,$-610,$-11,$35,$-140
26,2012-03-31,38.75,$16.89,2.29,$44.13,0.88,$8.10,4.78,$0.08,484.36,$2.21B,$1.50B,1.47,$1.88B,$1.90B,0.99,$5.18B,$1.73B,33.46%,$5.18B,$0.95B,18.27%,$5.18B,$0.95B,18.27%,$5.18B,$1.20B,23.24%,$5.18B,$0.85B,16.40%,$5.18B,$0.04B,0.70%,$0.04B,$1.90B,1.63%,$0.04B,$-0.54B,-6.65%,$0.04B,$5.65B,0.60%,$0.95B,$3.79B,23.11%,$1369,$880,$489,$0,$242,$1122,$247,$-19,$228,$73,$154,$154,$-353,$312,$247,$112,113,$-3.15,$-3.15,$299,$743,$73,$2209,$702,$0,$2444,$165,$3440,$5649,$1504,$1883,$361,$2244,$3748,$113,$1344,$12,$1901,$5649,$-101,$194,$531,$725,$-79,$-19,$0,$27,$-141,$483,$-175,$0,$-14,$-1,$0,$-1,$0,$-190,$165,$0,$165,$-426,$-426,$-102,$0,$-363,$-68,$26,$-102
27,2011-12-31,30.75,$20.00,1.54,$43.22,0.71,$8.24,3.73,$4.32,7.12,$2.23B,$1.66B,1.34,$1.88B,$2.25B,0.84,$5.22B,$1.76B,33.69%,$5.22B,$0.93B,17.89%,$5.22B,$0.93B,17.89%,$5.22B,$1.18B,22.58%,$5.22B,$0.83B,15.90%,$5.22B,$0.53B,10.13%,$0.53B,$2.25B,22.44%,$0.53B,$-0.58B,-140.60%,$0.53B,$6.17B,8.63%,$0.93B,$4.14B,22.01%,$1310,$856,$454,$0,$222,$1078,$232,$-26,$206,$71,$135,$135,$133,$298,$232,$112,113,$1.17,$1.16,$387,$701,$74,$2228,$894,$0,$2831,$183,$3944,$6172,$1661,$1883,$354,$2259,$3920,$113,$1754,$-29,$2253,$6172,$253,$129,$13,$143,$-22,$22,$0,$44,$-118,$278,$-123,$0,$-14,$0,$0,$0,$0,$-137,$361,$0,$361,$-417,$-417,$-65,$0,$-120,$20,$17,$-65
28,2011-09-30,28.94,$19.20,1.51,$42.95,0.67,$9.08,3.19,$4.34,6.67,$2.18B,$1.73B,1.27,$1.89B,$2.17B,0.87,$5.35B,$1.80B,33.70%,$5.35B,$0.95B,17.66%,$5.35B,$0.95B,17.66%,$5.35B,$1.17B,21.93%,$5.35B,$0.85B,15.81%,$5.35B,$0.55B,10.22%,$0.55B,$2.17B,22.87%,$0.55B,$-0.67B,-251.49%,$0.55B,$6.13B,9.12%,$0.95B,$4.06B,22.10%,$1336,$894,$442,$0,$223,$1117,$219,$-27,$192,$62,$131,$131,$122,$282,$219,$119,119,$1.01,$1.01,$305,$691,$86,$2182,$906,$0,$2841,$172,$3949,$6131,$1726,$1887,$326,$2236,$3962,$113,$1666,$-19,$2169,$6131,$121,$63,$9,$72,$-84,$32,$0,$-5,$-115,$79,$-82,$0,$0,$0,$0,$0,$0,$-82,$380,$0,$380,$-403,$-403,$-33,$0,$-56,$-62,$9,$-33
29,2011-06-30,37.88,$20.40,1.86,$42.76,0.89,$11.09,3.42,$4.60,8.23,$2.22B,$1.43B,1.55,$1.89B,$2.51B,0.75,$5.42B,$1.89B,34.79%,$5.42B,$1.00B,18.36%,$5.42B,$1.00B,18.36%,$5.42B,$1.21B,22.27%,$5.42B,$0.91B,16.72%,$5.42B,$0.59B,10.87%,$0.59B,$2.51B,24.31%,$0.59B,$-0.37B,-931.23%,$0.59B,$6.17B,10.21%,$1.00B,$4.40B,24.09%,$1162,$814,$347,$0,$100,$914,$248,$-25,$223,$81,$142,$142,$134,$311,$248,$125,126,$1.06,$1.06,$367,$721,$64,$2217,$873,$0,$2884,$194,$3956,$6173,$1431,$1887,$343,$2230,$3661,$123,$1889,$19,$2512,$6173,$587,$212,$83,$295,$-43,$-65,$0,$33,$-49,$833,$-325,$0,$-1083,$-10,$0,$-10,$0,$-1418,$851,$0,$851,$-232,$-232,$-127,$0,$493,$-88,$46,$-127
30,2011-03-31,41.48,$19.97,2.08,$41.06,1.01,$11.72,3.54,$4.70,8.83,$2.63B,$1.31B,2.01,$1.89B,$2.50B,0.76,$5.23B,$1.87B,35.76%,$5.23B,$1.03B,19.67%,$5.23B,$1.03B,19.67%,$5.23B,$1.22B,23.38%,$5.23B,$0.95B,18.10%,$5.23B,$0.61B,11.58%,$0.61B,$2.50B,25.87%,$0.61B,$0.12B,557.24%,$0.61B,$6.03B,11.20%,$1.03B,$4.38B,26.58%,$1413,$897,$516,$0,$281,$1178,$235,$-26,$209,$68,$142,$142,$140,$288,$235,$125,126,$1.10,$1.09,$885,$694,$71,$2633,$759,$0,$2379,$215,$3396,$6029,$1310,$1887,$336,$2223,$3533,$125,$1865,$18,$2496,$6029,$454,$149,$54,$203,$-20,$-45,$0,$19,$-100,$557,$-196,$0,$-548,$-10,$0,$-10,$0,$-755,$855,$0,$855,$-137,$-137,$-96,$0,$623,$430,$37,$-96
31,2010-12-31,37.68,$18.99,1.98,$40.08,0.94,$12.69,2.97,$4.88,7.72,$2.37B,$1.07B,2.22,$1.88B,$2.39B,0.79,$5.15B,$1.87B,36.22%,$5.15B,$1.06B,20.57%,$5.15B,$1.06B,20.57%,$5.15B,$1.24B,24.08%,$5.15B,$0.98B,19.11%,$5.15B,$0.63B,12.27%,$0.63B,$2.39B,28.12%,$0.63B,$0.06B,457.97%,$0.63B,$5.67B,12.49%,$1.06B,$4.27B,29.42%,$1439,$941,$498,$0,$255,$1196,$243,$-21,$222,$71,$151,$151,$151,$292,$243,$126,127,$1.19,$1.18,$741,$652,$65,$2370,$707,$0,$2332,$198,$3297,$5667,$1069,$1876,$333,$2210,$3279,$126,$1796,$-3,$2389,$5667,$315,$96,$36,$132,$62,$-2,$0,$0,$-58,$389,$-108,$0,$-518,$-10,$0,$-10,$0,$-636,$689,$0,$689,$-95,$-95,$-64,$0,$530,$286,$26,$-64
32,2010-09-30,36.65,$18.12,2.02,$38.04,0.96,$12.61,2.91,$4.76,7.7,$1.93B,$1.42B,1.36,$1.18B,$2.29B,0.51,$4.93B,$1.81B,36.65%,$4.93B,$1.04B,21.08%,$4.93B,$1.04B,21.08%,$4.93B,$1.21B,24.55%,$4.93B,$0.97B,19.62%,$4.93B,$0.62B,12.60%,$0.62B,$2.29B,28.83%,$0.62B,$-0.06B,403.25%,$0.62B,$5.21B,13.00%,$1.04B,$3.47B,31.20%,$1405,$881,$524,$0,$255,$1136,$269,$-18,$252,$88,$164,$164,$164,$316,$269,$127,128,$1.28,$1.27,$341,$671,$63,$1933,$672,$0,$2349,$188,$3273,$5207,$1418,$1176,$318,$1494,$2912,$127,$1715,$-11,$2294,$5207,$164,$47,$17,$64,$68,$-20,$0,$-2,$67,$295,$-41,$0,$-518,$-10,$0,$-10,$0,$-569,$244,$0,$244,$-53,$-53,$-32,$0,$159,$-114,$16,$-32
33,2010-06-30,34.27,$17.18,1.99,$36.19,0.95,$11.49,2.98,$4.28,8.01,$2.01B,$1.05B,1.91,$1.18B,$2.19B,0.54,$4.73B,$1.67B,35.40%,$4.73B,$0.95B,20.08%,$4.73B,$0.95B,20.08%,$4.73B,$1.12B,23.59%,$4.73B,$0.88B,18.54%,$4.73B,$0.56B,11.89%,$0.56B,$2.19B,27.27%,$0.56B,$0.32B,299.73%,$0.56B,$4.74B,12.29%,$0.95B,$3.37B,29.32%,$975,$642,$333,$0,$50,$693,$282,$-18,$264,$93,$171,$171,$151,$327,$282,$129,130,$1.18,$1.17,$455,$615,$38,$2005,$610,$0,$1874,$148,$2739,$4744,$1052,$1177,$325,$1502,$2554,$128,$1621,$-20,$2190,$4744,$562,$166,$29,$195,$40,$-14,$0,$72,$47,$803,$-198,$0,$-52,$0,$0,$0,$0,$-250,$-77,$0,$-77,$-189,$-189,$-115,$0,$-381,$174,$35,$-115
34,2010-03-31,38.89,$16.50,2.36,$38.42,1.01,$10.94,3.56,$1.93,20.15,$1.91B,$1.01B,1.89,$1.18B,$2.12B,0.56,$5.05B,$1.74B,34.57%,$5.05B,$0.59B,11.77%,$5.05B,$0.59B,11.77%,$5.05B,$0.77B,15.18%,$5.05B,$0.53B,10.41%,$5.05B,$0.26B,5.05%,$0.26B,$2.12B,12.88%,$0.26B,$0.23B,221.74%,$0.26B,$4.63B,5.66%,$0.59B,$3.29B,18.82%,$1330,$820,$510,$0,$245,$1065,$265,$-18,$246,$80,$166,$166,$166,$305,$265,$129,130,$1.27,$1.26,$406,$647,$58,$1912,$584,$0,$1883,$155,$2716,$4628,$1013,$1177,$321,$1498,$2511,$128,$1537,$-12,$2117,$4628,$410,$121,$28,$149,$120,$-47,$0,$44,$76,$635,$-136,$0,$-40,$0,$0,$0,$0,$-176,$-107,$0,$-107,$-144,$-144,$-86,$0,$-337,$125,$29,$-86
35,2009-12-31,38.76,$15.57,2.49,$37.25,1.04,$9.41,4.12,$1.52,25.5,$1.88B,$1.01B,1.86,$1.18B,$2.01B,0.59,$4.92B,$1.63B,33.05%,$4.92B,$0.53B,10.81%,$4.92B,$0.53B,10.81%,$4.92B,$0.71B,14.35%,$4.92B,$0.48B,9.70%,$4.92B,$0.20B,4.13%,$0.20B,$2.01B,10.17%,$0.20B,$0.12B,91.13%,$0.20B,$4.53B,4.58%,$0.53B,$3.19B,17.24%,$1218,$779,$439,$0,$216,$994,$223,$-18,$205,$66,$140,$140,$140,$262,$223,$130,131,$1.07,$1.06,$310,$672,$66,$1875,$522,$0,$1892,$149,$2655,$4530,$1011,$1177,$329,$1506,$2516,$129,$1437,$-15,$2014,$4530,$244,$81,$22,$103,$98,$-72,$0,$71,$-26,$321,$-42,$0,$-34,$0,$0,$0,$0,$-76,$-61,$0,$-61,$-100,$-100,$-58,$0,$-219,$29,$21,$-58
36,2009-09-30,30.5,$14.75,2.07,$37.94,0.8,$8.20,3.72,$0.17,179.38,$1.80B,$0.98B,1.83,$1.18B,$1.92B,0.61,$5.04B,$1.60B,31.68%,$5.04B,$0.53B,10.43%,$5.04B,$0.53B,10.43%,$5.04B,$0.70B,13.96%,$5.04B,$0.48B,9.43%,$5.04B,$0.02B,0.48%,$0.02B,$1.92B,1.18%,$0.02B,$0.08B,6.93%,$0.02B,$4.39B,0.55%,$0.53B,$3.10B,17.33%,$1203,$812,$391,$0,$212,$1024,$179,$-18,$161,$56,$105,$105,$105,$221,$179,$131,131,$0.79,$0.79,$231,$634,$66,$1798,$532,$0,$1842,$141,$2593,$4391,$983,$1177,$311,$1488,$2470,$130,$1362,$-31,$1921,$4391,$105,$42,$18,$60,$29,$-30,$0,$32,$-30,$135,$-21,$0,$1,$0,$0,$0,$0,$-20,$-81,$0,$-81,$-55,$-55,$-29,$0,$-165,$-50,$11,$-29
37,2009-06-30,22.86,$14.23,1.61,$37.49,0.61,$7.37,3.1,$0.26,87.91,$1.86B,$1.11B,1.68,$1.18B,$1.87B,0.63,$5.01B,$1.59B,31.67%,$5.01B,$0.54B,10.73%,$5.01B,$0.54B,10.73%,$5.01B,$0.72B,14.31%,$5.01B,$0.49B,9.71%,$5.01B,$0.04B,0.76%,$0.04B,$1.87B,1.80%,$0.04B,$0.03B,8.99%,$0.04B,$4.47B,0.86%,$0.54B,$3.05B,17.72%,$1294,$890,$404,$0,$222,$1367,$-73,$-14,$-87,$-3,$-84,$-84,$-156,$-22,$-73,$132,133,$-1.18,$-1.17,$281,$607,$62,$1859,$543,$0,$1843,$135,$2606,$4465,$1110,$1177,$309,$1486,$2596,$131,$1323,$-51,$1869,$4465,$-125,$178,$621,$799,$33,$-68,$0,$-3,$-8,$667,$-122,$0,$-745,$3,$0,$3,$0,$-865,$450,$0,$450,$-127,$-127,$-107,$-100,$117,$-89,$42,$-107
38,2009-03-31,21.99,$16.59,1.33,$33.03,0.67,$6.28,3.5,$2.35,9.36,$2.19B,$1.00B,2.19,$0.83B,$2.18B,0.38,$4.43B,$1.45B,32.63%,$4.43B,$0.81B,18.33%,$4.43B,$0.81B,18.33%,$4.43B,$0.99B,22.26%,$4.43B,$0.77B,17.32%,$4.43B,$0.32B,7.13%,$0.32B,$2.18B,14.26%,$0.32B,$0.67B,51.82%,$0.32B,$4.33B,7.06%,$0.81B,$3.01B,26.67%,$1205,$813,$392,$0,$188,$1002,$203,$-5,$198,$62,$136,$136,$114,$245,$203,$133,133,$0.86,$0.86,$456,$661,$73,$2188,$467,$0,$1515,$163,$2145,$4332,$997,$828,$128,$1156,$2153,$131,$1679,$-85,$2179,$4332,$194,$128,$173,$301,$-30,$-48,$0,$57,$-91,$405,$-97,$0,$-9,$3,$0,$3,$0,$-104,$-2,$0,$-2,$-125,$-125,$-80,$0,$-207,$82,$28,$-80
39,2008-12-31,28.73,$16.14,1.78,$33.74,0.85,$5.80,4.96,$2.27,12.66,$2.16B,$0.99B,2.17,$0.83B,$2.14B,0.39,$4.55B,$1.45B,31.82%,$4.55B,$0.77B,16.86%,$4.55B,$0.77B,16.86%,$4.55B,$0.94B,20.69%,$4.55B,$0.72B,15.79%,$4.55B,$0.31B,6.81%,$0.31B,$2.14B,13.98%,$0.31B,$0.62B,60.90%,$0.31B,$4.27B,6.85%,$0.77B,$2.97B,25.21%,$1333,$925,$408,$0,$192,$1117,$216,$-14,$203,$62,$141,$141,$-39,$259,$216,$133,133,$-0.29,$-0.29,$358,$701,$64,$2158,$482,$0,$1524,$106,$2112,$4270,$994,$828,$87,$1137,$2131,$133,$1629,$-77,$2139,$4270,$80,$86,$187,$272,$-54,$-91,$0,$4,$-163,$189,$-67,$0,$0,$2,$0,$2,$0,$-65,$-1,$0,$-1,$-75,$-75,$-54,$0,$-129,$-17,$18,$-54
40,2008-09-30,34.66,$17.17,2.02,$33.32,1.04,$5.78,5.99,$3.39,10.22,$2.20B,$1.13B,1.95,$0.83B,$2.27B,0.36,$4.54B,$1.45B,31.95%,$4.54B,$0.73B,16.10%,$4.54B,$0.73B,16.10%,$4.54B,$0.90B,19.92%,$4.54B,$0.69B,15.14%,$4.54B,$0.46B,10.20%,$0.46B,$2.27B,20.72%,$0.46B,$0.38B,109.65%,$0.46B,$4.68B,10.07%,$0.73B,$3.10B,23.85%,$1173,$792,$381,$0,$190,$982,$191,$-20,$172,$52,$119,$119,$119,$234,$191,$134,135,$0.89,$0.88,$349,$677,$73,$2201,$483,$0,$1890,$109,$2482,$4684,$1128,$828,$97,$1282,$2410,$132,$1695,$2,$2274,$4684,$119,$43,$13,$55,$-121,$-67,$0,$-18,$-137,$38,$-32,$0,$0,$1,$0,$1,$0,$-31,$69,$0,$69,$-76,$-76,$-27,$0,$-34,$-28,$9,$-27
41,2008-06-30,37.73,$17.02,2.22,$33.54,1.13,$5.99,6.3,$3.24,11.65,$2.05B,$0.99B,2.07,$0.83B,$2.27B,0.36,$4.60B,$1.45B,31.54%,$4.60B,$0.70B,15.31%,$4.60B,$0.70B,15.31%,$4.60B,$0.88B,19.06%,$4.60B,$0.67B,14.53%,$4.60B,$0.44B,9.66%,$0.44B,$2.27B,20.16%,$0.44B,$0.78B,117.77%,$0.44B,$4.63B,9.78%,$0.70B,$3.10B,24.05%,$718,$454,$264,$0,$63,$517,$202,$-8,$194,$65,$129,$131,$122,$248,$202,$134,136,$0.89,$0.90,$294,$476,$57,$2053,$407,$0,$1499,$163,$2575,$4628,$991,$828,$160,$1362,$2354,$134,$1661,$26,$2274,$4628,$444,$172,$11,$183,$-106,$-51,$0,$27,$-72,$556,$-146,$0,$-19,$17,$14,$31,$0,$-135,$-139,$0,$-139,$-198,$-198,$-82,$0,$-419,$2,$38,$-82
42,2008-03-31,36.18,$16.33,2.22,$33.24,1.09,$5.21,6.95,$2.97,12.18,$2.01B,$1.03B,1.95,$0.83B,$2.18B,0.38,$4.58B,$1.41B,30.82%,$4.58B,$0.66B,14.49%,$4.58B,$0.66B,14.49%,$4.58B,$0.84B,18.25%,$4.58B,$0.47B,10.17%,$4.58B,$0.41B,8.95%,$0.41B,$2.18B,19.44%,$0.41B,$0.26B,236.31%,$0.41B,$4.53B,9.15%,$0.66B,$3.02B,24.32%,$1330,$934,$396,$0,$236,$1170,$159,$-9,$150,$39,$111,$108,$108,$201,$159,$135,136,$0.80,$0.78,$326,$649,$65,$2009,$481,$0,$1920,$115,$2516,$4525,$1030,$834,$106,$1313,$2343,$134,$1579,$30,$2182,$4525,$323,$126,$30,$156,$-97,$-90,$0,$19,$-120,$358,$-109,$0,$-13,$17,$7,$24,$0,$-98,$-91,$0,$-91,$-187,$-187,$-61,$0,$-339,$-76,$30,$-61
43,2007-12-31,46.59,$16.31,2.86,$31.05,1.5,$4.96,9.38,$3.71,12.56,$1.96B,$1.02B,1.92,$0.83B,$2.21B,0.38,$4.32B,$1.37B,31.66%,$4.32B,$0.62B,14.27%,$4.32B,$0.62B,14.27%,$4.32B,$0.78B,18.06%,$4.32B,$0.59B,13.60%,$4.32B,$0.52B,11.96%,$0.52B,$2.21B,25.06%,$0.52B,$0.27B,228.00%,$0.52B,$4.55B,11.92%,$0.62B,$3.04B,23.94%,$1318,$908,$410,$0,$230,$1139,$179,$-8,$171,$57,$114,$114,$114,$222,$179,$136,138,$0.84,$0.83,$435,$613,$0,$1960,$467,$0,$1941,$183,$2591,$4551,$1021,$833,$117,$1321,$2342,$135,$1567,$55,$2209,$4551,$215,$84,$23,$107,$-57,$-54,$0,$23,$-129,$193,$-68,$0,$-13,$10,$3,$14,$0,$-67,$8,$0,$8,$-89,$-89,$-41,$0,$-122,$3,$19,$-41
44,2007-09-30,42.85,$15.77,2.72,$28.65,1.5,$4.90,8.74,$3.55,12.07,$1.87B,$1.41B,1.33,$0.41B,$2.14B,0.19,$4.02B,$1.29B,32.15%,$4.02B,$0.59B,14.64%,$4.02B,$0.59B,14.64%,$4.02B,$0.74B,18.37%,$4.02B,$0.56B,13.95%,$4.02B,$0.50B,12.36%,$0.50B,$2.14B,25.36%,$0.50B,$0.20B,152.10%,$0.50B,$4.45B,12.40%,$0.59B,$2.55B,24.50%,$1231,$850,$381,$0,$217,$1067,$164,$-11,$153,$53,$100,$100,$100,$206,$164,$133,138,$0.76,$0.73,$394,$612,$0,$1870,$461,$0,$1940,$180,$2581,$4451,$1410,$408,$117,$898,$2308,$136,$1512,$46,$2143,$4451,$100,$42,$15,$57,$-9,$-55,$0,$8,$-90,$67,$-33,$0,$-2,$5,$3,$8,$0,$-26,$-4,$0,$-4,$-41,$-41,$-21,$0,$-65,$-25,$10,$-21
45,2007-06-30,40.35,$14.69,2.75,$26.41,1.53,$4.79,8.42,$3.42,11.8,$1.90B,$1.64B,1.16,$0.41B,$1.90B,0.22,$3.74B,$1.22B,32.58%,$3.74B,$0.56B,15.01%,$3.74B,$0.56B,15.01%,$3.74B,$0.70B,18.65%,$3.74B,$0.52B,13.88%,$3.74B,$0.48B,12.87%,$0.48B,$1.90B,25.87%,$0.48B,$-0.04B,112.98%,$0.48B,$4.41B,13.03%,$0.56B,$2.31B,23.98%,$703,$476,$226,$0,$64,$541,$162,$-170,$-8,$31,$-39,$-46,$88,$208,$162,$133,141,$0.67,$0.64,$429,$557,$67,$1896,$459,$0,$1943,$108,$2510,$4406,$1638,$409,$67,$864,$2502,$130,$1473,$19,$1904,$4406,$480,$135,$-162,$-26,$-92,$-46,$0,$23,$-11,$443,$-129,$0,$-372,$118,$0,$118,$0,$-383,$403,$0,$403,$-216,$-216,$-58,$0,$129,$187,$29,$-58
46,2007-03-31,37.52,$14.98,2.5,$28.43,1.32,$3.89,9.64,$3.40,11.04,$1.79B,$1.19B,1.51,$0.41B,$2.00B,0.21,$4.03B,$1.33B,33.00%,$4.03B,$0.54B,13.29%,$4.03B,$0.54B,13.29%,$4.03B,$0.65B,16.24%,$4.03B,$0.66B,16.29%,$4.03B,$0.48B,11.87%,$0.48B,$2.00B,26.58%,$0.48B,$0.48B,84.60%,$0.48B,$3.94B,14.16%,$0.54B,$2.41B,22.75%,$1072,$719,$353,$0,$242,$961,$112,$160,$272,$64,$208,$215,$215,$146,$112,$133,142,$1.62,$1.52,$523,$523,$0,$1788,$451,$0,$1521,$176,$2153,$3941,$1186,$411,$0,$759,$1945,$133,$1563,$-2,$1995,$3941,$393,$89,$-154,$-64,$-27,$-26,$0,$48,$-5,$323,$-99,$0,$33,$97,$0,$97,$0,$32,$5,$0,$5,$-19,$-19,$-44,$0,$-59,$301,$19,$-44
47,2006-12-31,33.7,$13.53,2.49,$27.07,1.24,$3.17,10.63,$2.40,14.04,$1.51B,$0.87B,1.75,$0.55B,$1.80B,0.31,$3.84B,$1.27B,33.08%,$3.84B,$0.54B,14.13%,$3.84B,$0.54B,14.13%,$3.84B,$0.65B,16.92%,$3.84B,$0.50B,12.90%,$3.84B,$0.34B,8.76%,$0.34B,$1.80B,19.79%,$0.34B,$0.67B,58.54%,$0.34B,$3.23B,10.66%,$0.54B,$2.35B,23.33%,$1016,$684,$333,$0,$181,$865,$151,$-8,$144,$50,$94,$94,$94,$179,$151,$133,142,$0.71,$0.67,$368,$501,$0,$1514,$404,$0,$1129,$179,$1720,$3234,$865,$550,$0,$571,$1436,$133,$1380,$6,$1798,$3234,$178,$55,$4,$59,$24,$-33,$0,$20,$-55,$182,$-63,$0,$0,$113,$0,$113,$0,$50,$-2,$0,$-2,$-17,$-17,$-29,$0,$-48,$187,$12,$-29
