,Date,Stock Price,Book Value per Share,Price to Book Ratio,TTM Sales per Share,Price to Sales Ratio,TTM FCF per Share,Price to FCF Ratio,TTM Net EPS,PE Ratio,Current Assets,Current Liabilities,Current Ratio,Long Term Debt,Shareholder's Equity_x,Debt to Equity Ratio,TTM Revenue_x,TTM Gross Profit,Gross Margin,TTM Revenue_y,TTM Operating Income,Operating Margin,TTM Revenue_x,TTM EBIT,EBIT Margin,TTM Revenue_y,TTM EBITDA,EBITDA Margin,TTM Revenue_x,TTM Pre-Tax Income,Pre-Tax Margin,TTM Revenue_y,TTM Net Income_x,Net Margin,TTM Net Income_y,Shareholder's Equity_y,Return on Equity,TTM Net Income_x,Tangible Equity,Return on Tangible Equity,TTM Net Income_y,Total Assets,Return on Assets,TTM Net Income,LT Investments & Debt,Return on Investment,revenue,cost-goods-sold,gross-profit,research-development-expenses,selling-general-administrative-expenses,operating-expenses,operating-income,total-non-operating-income-expense,pre-tax-income,total-provision-income-taxes,income-after-taxes,income-from-continuous-operations,net-income,ebitda,ebit,basic-shares-outstanding,shares-outstanding,eps-basic-net-earnings-per-share,eps-earnings-per-share-diluted,cash-on-hand,inventory,other-current-assets,total-current-assets,net-property-plant-equipment,long-term-investments,goodwill-intangible-assets-total,other-long-term-assets,total-long-term-assets,total-assets,total-current-liabilities,long-term-debt,other-non-current-liabilities,total-long-term-liabilities,total-liabilities,common-stock-net,retained-earnings-accumulated-deficit,comprehensive-income,total-share-holder-equity,total-liabilities-share-holders-equity,net-income-loss,total-depreciation-amortization-cash-flow,other-non-cash-items,total-non-cash-items,change-in-accounts-receivable,change-in-inventories,change-in-accounts-payable,change-in-assets-liabilities,total-change-in-assets-liabilities,cash-flow-from-operating-activities,net-change-in-property-plant-equipment,net-change-in-intangible-assets,net-acquisitions-divestitures,net-change-in-short-term-investments,net-change-in-long-term-investments,net-change-in-investments-total,investing-activities-other,cash-flow-from-investing-activities,net-long-term-debt,net-current-debt,debt-issuance-retirement-net-total,net-common-equity-issued-repurchased,net-total-equity-issued-repurchased,total-common-preferred-stock-dividends-paid,financial-activities-other,cash-flow-from-financial-activities,net-cash-flow,stock-based-compensation,common-stock-dividends-paid
0,2018-09-30,43.99,$0.00,0.0,$10.44,4.22,0,0.0,$2.45,17.96,$1737.38B,$1809.84B,0.96,$82.10B,$0.00B,0.0,$42.32B,$42.32B,100.00%,$42.32B,$41.19B,97.34%,$42.32B,0,0.00%,$42.32B,0,0.00%,$42.32B,$15.30B,36.15%,$42.32B,$9.94B,23.50%,$9.94B,$193.23B,5.01%,$9.94B,$193.23B,5.01%,$9.94B,$2603.04B,0.39%,$41.19B,$275.33B,15.38%,$14395,$0,$14395,$0,$507,$507,$13888,$0,$5922,$1406,$4516,$4516,$3899,$0,$0,$4104,4104,$0.95,$0.95,$671709,$0,$0,$1737383,$0,$607984,$0,$257668,$865652,$2603035,$1809839,$82095,$517869,$599964,$2409803,$0,$0,$0,$193232,$2603035,$0,$0,$0,$0,$0,$0,$0,$0,$0,$0,$0,$0,$0,$0,$0,$0,$0,$0,$0,$0,$0,$0,$0,$0,$0,$0,$0,$0,$0
1,2018-03-31,46.21,$0.00,0.0,$10.39,4.45,0,0.0,$2.30,20.09,$1775.52B,$1845.66B,0.96,$71.48B,$0.00B,0.0,$41.45B,$41.45B,100.00%,$41.45B,$40.59B,97.94%,$41.45B,0,0.00%,$41.45B,0,0.00%,$41.45B,$14.34B,34.59%,$41.45B,$9.17B,22.13%,$9.17B,$203.56B,4.67%,$9.17B,$203.56B,4.67%,$9.17B,$2652.12B,0.36%,$40.59B,$275.04B,15.48%,$14308,$0,$14308,$0,$170,$170,$14138,$0,$4755,$1017,$3738,$3738,$3086,$0,$0,$4115,4115,$0.75,$0.75,$715632,$0,$0,$1775524,$0,$613916,$0,$262683,$876599,$2652123,$1845664,$71482,$531415,$602897,$2448561,$0,$0,$0,$203562,$2652123,$0,$0,$0,$0,$0,$0,$0,$0,$0,$0,$0,$0,$0,$0,$0,$0,$0,$0,$0,$0,$0,$0,$0,$0,$0,$0,$0,$0,$0
2,2017-12-31,48.05,$0.00,0.0,$9.30,5.17,$17.08,2.81,$0.45,106.77,$1752.99B,$1843.18B,0.95,$64.55B,$0.00B,0.0,$36.62B,$36.62B,100.00%,$36.62B,$35.47B,96.85%,$36.62B,0,0.00%,$36.62B,0,0.00%,$36.62B,$6.14B,16.76%,$36.62B,$1.51B,4.11%,$1.51B,$197.87B,0.79%,$1.51B,$197.87B,0.81%,$1.51B,$2521.77B,0.06%,$35.47B,$262.42B,13.60%,$0,$0,$0,$0,$0,$0,$0,$0,$0,$0,$0,$0,$0,$0,$0,$0,0,$0.00,$0.00,$699636,$0,$0,$1752993,$0,$608894,$0,$159884,$768778,$2521771,$1843176,$64546,$416178,$480724,$2323900,$0,$0,$0,$197871,$2521771,$0,$0,$0,$0,$0,$0,$0,$0,$0,$0,$0,$0,$0,$0,$0,$0,$0,$0,$0,$0,$0,$0,$0,$0,$0,$0,$0,$0,$0
3,2017-09-30,45.51,$0.00,0.0,$11.76,3.87,$17.08,2.66,$0.30,151.71,$1745.59B,$1852.14B,0.94,$59.74B,$0.00B,0.0,$46.75B,$46.75B,100.00%,$46.75B,$45.03B,96.33%,$46.75B,0,0.00%,$46.75B,0,0.00%,$46.75B,$6.98B,14.93%,$46.75B,$0.89B,1.90%,$0.89B,$198.74B,0.47%,$0.89B,$198.74B,0.48%,$0.89B,$2526.21B,0.04%,$45.03B,$258.48B,17.19%,$13614,$0,$13614,$0,$448,$448,$13166,$0,$4620,$1115,$3505,$3505,$2958,$0,$0,$3944,3944,$0.75,$0.75,$710710,$0,$0,$1745588,$0,$605834,$0,$174792,$780626,$2526214,$1852136,$59740,$415594,$475334,$2327470,$0,$0,$0,$198744,$2526214,$0,$0,$0,$0,$0,$0,$0,$0,$0,$0,$0,$0,$0,$0,$0,$0,$0,$0,$0,$0,$0,$0,$0,$0,$0,$0,$0,$0,$0
4,2017-03-31,36.38,$0.00,0.0,$11.80,3.08,$34.24,1.06,$0.15,242.56,$1610.56B,$1747.49B,0.92,$66.88B,$0.00B,0.0,$48.31B,$48.31B,100.00%,$48.31B,$45.84B,94.88%,$48.31B,0,0.00%,$48.31B,0,0.00%,$48.31B,$5.97B,12.35%,$48.31B,$0.54B,1.12%,$0.54B,$186.03B,0.28%,$0.54B,$186.03B,0.30%,$0.54B,$2416.47B,0.02%,$45.84B,$252.90B,16.71%,$13525,$0,$13525,$0,$236,$236,$13289,$0,$4961,$1201,$3760,$3760,$3130,$0,$0,$3913,3913,$0.80,$0.80,$646602,$0,$0,$1610564,$0,$648070,$0,$157833,$805903,$2416467,$1747488,$66877,$416076,$482953,$2230441,$0,$0,$0,$186026,$2416467,$0,$0,$0,$0,$0,$0,$0,$0,$0,$0,$0,$0,$0,$0,$0,$0,$0,$0,$0,$0,$0,$0,$0,$0,$0,$0,$0,$0,$0
5,2016-12-31,34.92,$45.21,0.77,$12.33,2.83,$34.24,1.02,$0.35,99.78,$1534.73B,$1744.02B,0.88,$86.90B,$182.58B,0.48,$50.32B,$50.32B,100.00%,$50.32B,$46.92B,93.24%,$50.32B,0,0.00%,$50.32B,0,0.00%,$50.32B,$7.11B,14.13%,$50.32B,$1.30B,2.58%,$1.30B,$182.58B,0.67%,$1.30B,$161.23B,0.71%,$1.30B,$2374.99B,0.05%,$46.92B,$269.48B,16.41%,$9482,$0,$9482,$0,$468,$468,$9014,$0,$-3445,$572,$-4017,$-5107,$-4583,$0,$0,$3951,3969,$-1.12,$-1.12,$548864,$0,$0,$1534725,$0,$747698,$21346,$65054,$840261,$2374986,$1744021,$86899,$359865,$448387,$2192408,$10096,$135561,$0,$182578,$2374986,$7112,$5212,$17136,$22348,$52868,$4395,$0,$-17764,$39499,$68959,$-1151,$-906,$13996,$0,$-26999,$-26999,$0,$-15060,$2027,$0,$2027,$37,$-1788,$-9157,$0,$-8918,$30687,$534,$-9157
6,2016-09-30,32.26,$0.00,0.0,$13.20,2.44,$16.53,1.95,$1.05,30.73,$1607.30B,$1772.98B,0.91,$71.65B,$0.00B,0.0,$53.17B,$53.17B,100.00%,$53.17B,$48.59B,91.39%,$53.17B,0,0.00%,$53.17B,0,0.00%,$53.17B,$9.70B,18.24%,$53.17B,$4.56B,8.57%,$4.56B,$195.31B,2.30%,$4.56B,$195.31B,2.45%,$4.56B,$2557.26B,0.18%,$48.59B,$266.96B,16.43%,$10130,$0,$10130,$0,$566,$566,$9564,$0,$843,$803,$40,$40,$-617,$0,$0,$4113,4113,$-0.15,$-0.15,$630869,$0,$0,$1607299,$0,$790092,$0,$159870,$949962,$2557261,$1772979,$71650,$517320,$588970,$2361949,$0,$0,$0,$195312,$2557261,$0,$0,$0,$0,$0,$0,$0,$0,$0,$0,$0,$0,$0,$0,$0,$0,$0,$0,$0,$0,$0,$0,$0,$0,$0,$0,$0,$0,$0
7,2016-06-30,26.12,$0.00,0.0,$14.51,1.8,$16.53,1.58,$2.45,10.66,$1635.64B,$1806.88B,0.91,$109.34B,$198.30B,0.55,$58.81B,$58.81B,100.00%,$58.81B,$54.16B,92.10%,$58.81B,0,0.00%,$58.81B,0,0.00%,$58.81B,$14.95B,25.43%,$58.81B,$10.40B,17.69%,$10.40B,$198.30B,5.22%,$10.40B,$174.24B,5.56%,$10.40B,$2608.15B,0.41%,$54.16B,$307.64B,17.85%,$15177,$0,$15177,$0,$1205,$1205,$13972,$0,$3608,$720,$2888,$2888,$2611,$0,$0,$4352,4352,$0.60,$0.60,$620294,$0,$0,$1635644,$0,$830947,$24053,$111588,$972505,$2608149,$1806878,$109342,$491332,$602974,$2409852,$9906,$151469,$0,$198297,$2608149,$9714,$0,$-1037,$-1037,$0,$0,$0,$66361,$66361,$75038,$-389,$-395,$16,$0,$-16813,$-16813,$4186,$-13395,$583,$0,$583,$1928,$103,$-4285,$-702,$-4301,$55890,$0,$-4285
8,2016-03-31,25.55,$0.00,0.0,$15.51,1.65,$2.91,8.77,$2.95,8.66,$1608.26B,$1736.05B,0.93,$99.09B,$0.00B,0.0,$61.41B,$61.41B,100.00%,$61.41B,$57.10B,92.98%,$61.41B,0,0.00%,$61.41B,0,0.00%,$61.41B,$17.91B,29.17%,$61.41B,$12.15B,19.79%,$12.15B,$200.37B,6.07%,$12.15B,$200.37B,6.26%,$12.15B,$2595.67B,0.48%,$57.10B,$299.46B,18.87%,$15531,$0,$15531,$0,$1161,$1161,$14370,$0,$6106,$1571,$4535,$4535,$3888,$0,$0,$3888,3888,$1.00,$1.00,$590129,$0,$0,$1608259,$0,$786978,$0,$200429,$987407,$2595666,$1736050,$99093,$560156,$659249,$2395299,$0,$0,$0,$200367,$2595666,$0,$0,$0,$0,$0,$0,$0,$0,$0,$0,$0,$0,$0,$0,$0,$0,$0,$0,$0,$0,$0,$0,$0,$0,$0,$0,$0,$0,$0
9,2015-12-31,31.38,$50.17,0.63,$15.59,2.01,$2.91,10.77,$3.25,9.65,$1542.91B,$1705.33B,0.91,$111.65B,$197.52B,0.57,$62.36B,$62.36B,100.00%,$62.36B,$58.64B,94.03%,$62.36B,0,0.00%,$62.36B,0,0.00%,$62.36B,$18.87B,30.26%,$62.36B,$13.52B,21.69%,$13.52B,$197.52B,9.01%,$13.52B,$172.91B,9.39%,$13.52B,$2409.66B,0.72%,$58.64B,$309.17B,25.75%,$12328,$0,$12328,$0,$1644,$1644,$10684,$0,$-858,$230,$-1088,$-1088,$-1325,$0,$0,$3786,3786,$-0.35,$-0.35,$493878,$0,$0,$1542911,$0,$736570,$24605,$99519,$866745,$2409656,$1705326,$111651,$393401,$506812,$2212138,$9842,$151085,$0,$197518,$2409656,$18867,$2181,$18764,$20945,$32971,$24384,$0,$-98289,$-40934,$-1122,$-1249,$-954,$2031,$0,$-38740,$-38740,$0,$-38912,$1023,$0,$1023,$4058,$3595,$-8195,$0,$-3577,$-57438,$757,$-8195
10,2015-09-30,29.73,$0.00,0.0,$16.23,1.83,$-2.43,0.0,$3.75,7.93,$1624.91B,$1720.15B,0.95,$96.11B,$0.00B,0.0,$64.90B,$64.90B,100.00%,$64.90B,$61.57B,94.87%,$64.90B,0,0.00%,$64.90B,0,0.00%,$64.90B,$21.46B,33.06%,$64.90B,$14.79B,22.78%,$14.79B,$201.43B,9.81%,$14.79B,$201.43B,10.28%,$14.79B,$2548.52B,0.76%,$61.57B,$297.54B,26.65%,$15774,$0,$15774,$0,$638,$638,$15136,$0,$6097,$634,$5463,$5463,$5229,$0,$0,$4183,4183,$1.25,$1.25,$577734,$0,$0,$1624913,$0,$741819,$0,$181791,$923610,$2548523,$1720154,$96111,$530829,$626940,$2347094,$0,$0,$0,$201429,$2548523,$0,$0,$0,$0,$0,$0,$0,$0,$0,$0,$0,$0,$0,$0,$0,$0,$0,$0,$0,$0,$0,$0,$0,$0,$0,$0,$0,$0,$0
11,2015-06-30,34.77,$0.00,0.0,$16.54,2.1,$-2.43,0.0,$3.65,9.53,$1665.40B,$1739.37B,0.96,$102.66B,$0.00B,0.0,$65.59B,$65.59B,100.00%,$65.59B,$62.14B,94.74%,$65.59B,0,0.00%,$65.59B,0,0.00%,$65.59B,$19.97B,30.45%,$65.59B,$12.99B,19.80%,$12.99B,$201.38B,8.61%,$12.99B,$201.38B,9.02%,$12.99B,$2571.71B,0.65%,$62.14B,$304.04B,27.05%,$17780,$0,$17780,$0,$869,$869,$16911,$0,$6569,$1540,$5029,$5029,$4359,$0,$0,$3963,3963,$1.10,$1.10,$602014,$0,$0,$1665404,$0,$701624,$0,$204685,$906309,$2571713,$1739366,$102656,$528309,$630965,$2370331,$0,$0,$0,$201382,$2571713,$13628,$0,$4429,$4429,$0,$0,$0,$-3467,$-3467,$14590,$-564,$-400,$6,$0,$-3032,$-3032,$321,$-3669,$902,$0,$902,$2607,$2145,$-2262,$-386,$399,$7491,$0,$-2262
12,2015-03-31,32.37,$0.00,0.0,$16.11,2.01,$-11.12,0.0,$3.70,8.75,$0.00B,$0.00B,0.0,$0.00B,$0.00B,0.0,$63.82B,$63.82B,100.00%,$63.82B,$60.20B,94.32%,$63.82B,0,0.00%,$63.82B,0,0.00%,$63.82B,$18.95B,29.70%,$63.82B,$13.16B,20.63%,$13.16B,$0.00B,8.76%,$13.16B,$0.00B,9.18%,$13.16B,$0.00B,0.65%,$60.20B,$0.00B,26.46%,$16474,$0,$16474,$0,$570,$570,$15904,$0,$7059,$1367,$5692,$5692,$5259,$0,$0,$4045,4045,$1.30,$1.30,$0,$0,$0,$0,$0,$0,$0,$0,$0,$0,$0,$0,$0,$0,$0,$0,$0,$0,$0,$0,$0,$0,$0,$0,$0,$0,$0,$0,$0,$0,$0,$0,$0,$0,$0,$0,$0,$0,$0,$0,$0,$0,$0,$0,$0,$0,$0,$0,$0
13,2014-12-31,34.3,$52.03,0.66,$16.30,2.1,$-11.12,0.0,$3.75,9.15,$1744.31B,$1883.56B,0.93,$122.61B,$199.98B,0.61,$63.78B,$63.78B,100.00%,$63.78B,$59.93B,93.96%,$63.78B,0,0.00%,$63.78B,0,0.00%,$63.78B,$18.68B,29.29%,$63.78B,$13.12B,20.56%,$13.12B,$199.98B,6.61%,$13.12B,$172.40B,6.85%,$13.12B,$2634.14B,0.48%,$59.93B,$322.59B,19.89%,$14873,$0,$14873,$0,$1250,$1250,$13623,$0,$1731,$966,$765,$765,$-62,$0,$0,$3792,3811,$0.10,$0.10,$624900,$0,$0,$1744310,$0,$778656,$27577,$76485,$889829,$2634139,$1883564,$122611,$426462,$550597,$2434161,$9609,$157388,$0,$199978,$2634139,$18680,$2251,$25634,$27885,$17813,$-18498,$0,$-67252,$-67937,$-21372,$-1389,$-903,$-272,$0,$-1362,$-1362,$-1035,$-4961,$337,$0,$337,$5852,$5618,$-7823,$0,$-1868,$-44980,$732,$-7823
14,2014-09-30,36.58,$0.00,0.0,$16.43,2.23,$1.33,27.56,$4.35,8.41,$1839.28B,$1928.34B,0.95,$90.23B,$0.00B,0.0,$64.58B,$64.58B,100.00%,$64.58B,$60.84B,94.21%,$64.58B,0,0.00%,$64.58B,0,0.00%,$64.58B,$20.91B,32.38%,$64.58B,$15.90B,24.61%,$15.90B,$202.17B,8.11%,$15.90B,$202.17B,8.43%,$15.90B,$2728.65B,0.58%,$60.84B,$292.40B,20.18%,$16460,$0,$16460,$0,$760,$760,$15700,$0,$4609,$987,$3622,$3622,$3431,$0,$0,$4036,4036,$0.85,$0.85,$685643,$0,$0,$1839279,$0,$720215,$0,$169151,$889366,$2728645,$1928336,$90234,$507910,$598144,$2526480,$0,$0,$0,$202165,$2728645,$0,$0,$0,$0,$0,$0,$0,$0,$0,$0,$0,$0,$0,$0,$0,$0,$0,$0,$0,$0,$0,$0,$0,$0,$0,$0,$0,$0,$0
15,2014-06-30,36.18,$0.00,0.0,$16.28,2.22,$1.33,27.26,$4.00,9.05,$1884.00B,$1985.08B,0.95,$96.40B,$0.00B,0.0,$63.83B,$63.83B,100.00%,$63.83B,$59.26B,92.83%,$63.83B,0,0.00%,$63.83B,0,0.00%,$63.83B,$20.83B,32.64%,$63.83B,$15.67B,24.54%,$15.67B,$198.72B,8.15%,$15.67B,$198.72B,8.47%,$15.67B,$2753.59B,0.57%,$59.26B,$295.12B,19.50%,$16012,$0,$16012,$0,$1043,$1043,$14969,$0,$5555,$747,$4808,$4808,$4535,$0,$0,$3943,3943,$1.15,$1.15,$709367,$0,$0,$1883995,$0,$693549,$0,$176049,$869598,$2753593,$1985078,$96397,$473396,$569793,$2554871,$0,$0,$0,$198722,$2753593,$12340,$0,$-5025,$-5025,$0,$0,$0,$-27158,$-27158,$-19843,$-468,$-385,$-170,$0,$6401,$6401,$950,$6328,$458,$0,$458,$-11,$223,$-2042,$-350,$-1711,$-11783,$0,$-2042
16,2014-03-31,35.86,$0.00,0.0,$16.66,2.15,$11.36,3.16,$3.85,9.31,$1905.60B,$2003.13B,0.95,$102.40B,$0.00B,0.0,$64.45B,$64.45B,100.00%,$64.45B,$58.98B,91.50%,$64.45B,0,0.00%,$64.45B,0,0.00%,$64.45B,$20.92B,32.45%,$64.45B,$15.06B,23.37%,$15.06B,$192.45B,8.00%,$15.06B,$192.45B,8.67%,$15.06B,$2758.45B,0.56%,$58.98B,$294.84B,19.01%,$16435,$0,$16435,$0,$798,$798,$15637,$0,$6785,$1275,$5510,$5510,$5211,$0,$0,$3860,3860,$1.35,$1.35,$766237,$0,$0,$1905597,$0,$688531,$0,$164319,$852850,$2758447,$2003127,$102395,$460477,$562872,$2565999,$0,$0,$0,$192448,$2758447,$0,$0,$0,$0,$0,$0,$0,$0,$0,$0,$0,$0,$0,$0,$0,$0,$0,$0,$0,$0,$0,$0,$0,$0,$0,$0,$0,$0,$0
17,2013-12-31,38.17,$50.57,0.75,$17.33,2.2,$11.36,3.36,$4.15,9.2,$1831.29B,$1993.21B,0.92,$133.06B,$190.46B,0.7,$66.97B,$66.97B,100.00%,$66.97B,$61.12B,91.27%,$66.97B,0,0.00%,$66.97B,0,0.00%,$66.97B,$22.57B,33.69%,$66.97B,$16.20B,24.20%,$16.20B,$190.46B,8.71%,$16.20B,$160.54B,9.45%,$16.20B,$2671.32B,0.60%,$61.12B,$323.52B,19.60%,$15677,$0,$15677,$0,$1140,$1140,$14537,$0,$3964,$995,$2969,$2969,$2720,$0,$0,$3886,3886,$0.70,$0.70,$687911,$0,$0,$1831287,$0,$724830,$29918,$77827,$840031,$2671318,$1993211,$133056,$353682,$487648,$2480859,$9415,$155470,$0,$190459,$2671318,$8494,$0,$1189,$1189,$0,$0,$0,$16007,$16007,$25690,$-520,$-418,$2640,$0,$-31971,$-31971,$3325,$-26944,$372,$0,$372,$129,$129,$-3902,$-256,$-3657,$2910,$0,$-3902
18,2013-09-30,37.23,$0.00,0.0,$17.86,2.08,$-0.24,0.0,$4.25,8.76,$1856.59B,$1927.43B,0.96,$114.31B,$0.00B,0.0,$68.96B,$68.96B,100.00%,$68.96B,$62.46B,90.57%,$68.96B,0,0.00%,$68.96B,0,0.00%,$68.96B,$23.03B,33.40%,$68.96B,$16.58B,24.04%,$16.58B,$187.69B,9.00%,$16.58B,$187.69B,9.77%,$16.58B,$2723.36B,0.62%,$62.46B,$302.00B,19.90%,$15707,$0,$15707,$0,$1593,$1593,$14114,$0,$4530,$1045,$3485,$3485,$3200,$0,$0,$4000,4000,$0.80,$0.80,$657045,$0,$0,$1856587,$0,$694269,$0,$172506,$866775,$2723362,$1927432,$114308,$493928,$608236,$2535668,$0,$0,$0,$187694,$2723362,$0,$0,$0,$0,$0,$0,$0,$0,$0,$0,$0,$0,$0,$0,$0,$0,$0,$0,$0,$0,$0,$0,$0,$0,$0,$0,$0,$0,$0
19,2013-06-30,35.28,$0.00,0.0,$17.97,1.96,$-0.24,0.0,$4.10,8.61,$1803.40B,$1899.41B,0.95,$138.21B,$182.36B,0.76,$68.73B,$68.73B,100.00%,$68.73B,$62.11B,90.36%,$68.73B,0,0.00%,$68.73B,0,0.00%,$68.73B,$21.98B,31.98%,$68.73B,$15.87B,23.09%,$15.87B,$182.36B,8.71%,$15.87B,$153.82B,9.47%,$15.87B,$2645.32B,0.59%,$62.11B,$320.57B,19.91%,$16634,$0,$16634,$0,$1945,$1945,$14689,$0,$5637,$1401,$4236,$4236,$3931,$0,$0,$3931,3744,$1.00,$1.05,$704604,$0,$0,$1803399,$10572,$719103,$28537,$76500,$841917,$2645316,$1899408,$138210,$421257,$560331,$2462955,$9313,$147835,$0,$182361,$2645316,$14071,$0,$5365,$5365,$0,$0,$0,$-149,$-149,$19287,$-991,$-416,$8042,$0,$10531,$10531,$3193,$20359,$-45,$0,$-45,$136,$136,$-3085,$-330,$-3324,$28063,$0,$-3085
20,2013-03-31,35.95,$0.00,0.0,$19.45,1.85,$-2.51,0.0,$4.70,7.65,$1745.18B,$1832.02B,0.95,$117.26B,$0.00B,0.0,$73.80B,$73.80B,100.00%,$73.80B,$66.68B,90.36%,$73.80B,0,0.00%,$73.80B,0,0.00%,$73.80B,$24.76B,33.55%,$73.80B,$17.80B,24.12%,$17.80B,$183.75B,9.88%,$17.80B,$183.75B,10.76%,$17.80B,$2681.36B,0.66%,$66.68B,$301.01B,21.24%,$18952,$0,$18952,$0,$1171,$1171,$17781,$0,$8434,$1324,$7110,$7110,$6353,$0,$0,$3737,3850,$1.70,$1.65,$608932,$0,$0,$1745175,$0,$749364,$0,$186817,$936181,$2681356,$1832022,$117264,$548322,$665586,$2497608,$0,$0,$0,$183748,$2681356,$0,$0,$0,$0,$0,$0,$0,$0,$0,$0,$0,$0,$0,$0,$0,$0,$0,$0,$0,$0,$0,$0,$0,$0,$0,$0,$0,$0,$0
21,2012-12-31,35.18,$9.91,3.55,$18.82,1.87,$-2.51,0.0,$3.70,9.51,$1764.14B,$1884.24B,0.94,$148.94B,$183.13B,0.81,$71.89B,$71.89B,100.00%,$71.89B,$63.58B,88.44%,$71.89B,0,0.00%,$71.89B,0,0.00%,$71.89B,$20.65B,28.72%,$71.89B,$14.03B,19.51%,$14.03B,$183.13B,7.93%,$14.03B,$153.28B,8.64%,$14.03B,$2692.54B,0.52%,$63.58B,$332.07B,20.14%,$17667,$0,$17667,$0,$1792,$1792,$15875,$0,$4431,$1028,$3403,$3403,$3091,$0,$0,$3864,3864,$0.80,$0.80,$583925,$0,$0,$1764140,$10588,$796385,$29853,$84002,$928398,$2692538,$1884242,$148940,$471213,$621262,$2509409,$9238,$150069,$0,$183129,$2692538,$7912,$0,$-6682,$-6682,$0,$0,$0,$-20559,$-20559,$-19329,$-470,$-501,$-1436,$0,$-23863,$-23863,$0,$-26270,$-264,$0,$-264,$281,$281,$-3051,$-261,$-3295,$-43699,$0,$-3051
22,2012-09-30,30.51,$0.00,0.0,$19.12,1.6,$24.64,1.24,$2.90,10.52,$1761.93B,$1853.22B,0.95,$114.11B,$0.00B,0.0,$71.60B,$71.60B,100.00%,$71.60B,$62.11B,86.75%,$71.60B,0,0.00%,$71.60B,0,0.00%,$71.60B,$19.46B,27.18%,$71.60B,$12.72B,17.77%,$12.72B,$179.76B,7.37%,$12.72B,$179.76B,8.04%,$12.72B,$2721.06B,0.48%,$62.11B,$293.87B,19.74%,$15480,$0,$15480,$0,$1720,$1720,$13760,$0,$3481,$658,$2823,$2823,$2498,$0,$0,$3843,3843,$0.65,$0.65,$595466,$0,$0,$1761925,$0,$774875,$0,$184261,$959136,$2721061,$1853219,$114106,$573972,$688078,$2541297,$0,$0,$0,$179764,$2721061,$0,$0,$0,$0,$0,$0,$0,$0,$0,$0,$0,$0,$0,$0,$0,$0,$0,$0,$0,$0,$0,$0,$0,$0,$0,$0,$0,$0,$0
23,2012-06-30,28.69,$0.00,0.0,$43.13,0.67,$24.64,1.16,$4.10,7.0,$1761.13B,$1845.99B,0.95,$155.24B,$173.77B,0.89,$77.03B,$77.03B,100.00%,$77.03B,$65.37B,84.86%,$77.03B,0,0.00%,$77.03B,0,0.00%,$77.03B,$23.14B,30.03%,$77.03B,$15.45B,20.05%,$15.45B,$173.77B,9.13%,$15.45B,$144.85B,9.98%,$15.45B,$2652.33B,0.59%,$65.37B,$329.01B,20.71%,$21699,$0,$21699,$0,$2433,$2433,$19266,$0,$8415,$2244,$6171,$6171,$5857,$0,$0,$3661,3661,$1.60,$1.60,$571592,$0,$0,$1761126,$10642,$773460,$28916,$70546,$891208,$2652334,$1845992,$155239,$471790,$628614,$2478568,$9081,$141072,$0,$173766,$2652334,$12737,$0,$4328,$4328,$0,$0,$0,$-6892,$-6892,$10173,$-607,$-507,$22222,$0,$10815,$10815,$0,$31923,$-1453,$0,$-1453,$288,$288,$-3447,$-325,$-4937,$33558,$0,$-3447
24,2012-03-31,28.56,$0.00,0.0,$63.32,0.45,$71.87,0.4,$2.50,11.42,$1711.52B,$1800.43B,0.95,$136.56B,$0.00B,0.0,$74.93B,$74.93B,100.00%,$74.93B,$62.82B,83.84%,$74.93B,0,0.00%,$74.93B,0,0.00%,$74.93B,$21.29B,28.41%,$74.93B,$14.65B,19.56%,$14.65B,$171.19B,8.74%,$14.65B,$171.19B,9.13%,$14.65B,$2637.22B,0.55%,$62.82B,$307.75B,20.08%,$17041,$0,$17041,$0,$2366,$2366,$14675,$0,$4322,$1385,$2937,$2937,$2581,$0,$0,$3971,3971,$0.65,$0.65,$573399,$0,$0,$1711517,$0,$721624,$0,$204077,$925701,$2637218,$1800426,$136560,$529043,$665603,$2466029,$0,$0,$0,$171189,$2637218,$0,$0,$0,$0,$0,$0,$0,$0,$0,$0,$0,$0,$0,$0,$0,$0,$0,$0,$0,$0,$0,$0,$0,$0,$0,$0,$0,$0,$0
25,2011-12-31,24.14,$9.30,2.6,$63.71,0.38,$71.87,0.34,$2.95,8.18,$1641.76B,$1762.55B,0.93,$161.62B,$166.09B,0.97,$75.54B,$75.54B,100.00%,$75.54B,$63.42B,83.95%,$75.54B,0,0.00%,$75.54B,0,0.00%,$75.54B,$21.87B,28.95%,$75.54B,$16.22B,21.48%,$16.22B,$166.09B,9.84%,$16.22B,$137.06B,10.29%,$16.22B,$2555.58B,0.61%,$63.42B,$327.71B,20.18%,$17380,$0,$17380,$0,$2971,$2971,$14409,$0,$3243,$582,$2661,$2661,$1787,$0,$0,$3527,3566,$-10.80,$-10.30,$491209,$0,$0,$1641755,$10865,$766822,$29034,$99377,$913824,$2555579,$1762553,$161619,$460130,$623267,$2389486,$8934,$135483,$0,$166093,$2555579,$21872,$0,$21290,$21290,$-28235,$27058,$0,$38577,$36600,$79762,$-1205,$-1571,$151,$0,$-7306,$-7306,$0,$-9931,$-3770,$0,$-3770,$-265,$-265,$-5587,$-464,$-10086,$51373,$0,$-5587
26,2011-09-30,23.81,$0.00,0.0,$63.91,0.37,$66.10,0.36,$2.95,8.07,$1728.19B,$1835.07B,0.94,$132.35B,$0.00B,0.0,$76.14B,$76.14B,100.00%,$76.14B,$63.62B,83.55%,$76.14B,0,0.00%,$76.14B,0,0.00%,$76.14B,$23.04B,30.26%,$76.14B,$17.27B,22.68%,$17.27B,$166.07B,10.65%,$17.27B,$166.07B,11.17%,$17.27B,$2715.70B,0.66%,$63.62B,$298.41B,20.15%,$20914,$0,$20914,$0,$3890,$3890,$17024,$0,$7155,$1634,$5521,$5521,$5222,$0,$0,$720,746,$7.25,$7.00,$552822,$0,$0,$1728186,$0,$789122,$0,$198396,$987518,$2715704,$1835065,$132348,$582226,$714574,$2549639,$0,$0,$0,$166065,$2715704,$0,$0,$0,$0,$0,$0,$0,$0,$0,$0,$0,$0,$0,$0,$0,$0,$0,$0,$0,$0,$0,$0,$0,$0,$0,$0,$0,$0,$0
27,2011-06-30,30.75,$0.00,0.0,$57.50,0.53,$66.10,0.47,$1.10,27.95,$1846.66B,$1928.57B,0.96,$149.80B,$0.00B,0.0,$71.28B,$71.28B,100.00%,$71.28B,$59.49B,83.47%,$71.28B,0,0.00%,$71.28B,0,0.00%,$71.28B,$19.41B,27.23%,$71.28B,$15.20B,21.32%,$15.20B,$167.54B,12.60%,$15.20B,$167.54B,13.44%,$15.20B,$2690.99B,0.79%,$59.49B,$317.34B,24.67%,$19591,$0,$19591,$0,$2882,$2882,$16709,$0,$6568,$1221,$5347,$5347,$5062,$0,$0,$723,750,$7.00,$6.75,$582733,$0,$0,$1846664,$0,$677529,$0,$166794,$844323,$2690987,$1928570,$149803,$445077,$594880,$2523450,$0,$0,$0,$167537,$2690987,$11474,$0,$-11372,$-11372,$0,$0,$0,$37741,$37741,$37843,$-471,$-893,$-23,$0,$-3189,$-3189,$0,$-4576,$-2574,$0,$-2574,$13,$13,$-2478,$-321,$-5360,$38275,$0,$-2478
28,2011-03-31,31.82,$0.00,0.0,$56.90,0.56,$84.09,0.38,$1.10,28.93,$1798.11B,$1863.50B,0.97,$153.75B,$159.86B,0.96,$70.03B,$70.03B,100.00%,$70.03B,$57.39B,81.96%,$70.03B,0,0.00%,$70.03B,0,0.00%,$70.03B,$18.23B,26.03%,$70.03B,$14.27B,20.38%,$14.27B,$159.86B,12.46%,$14.27B,$159.86B,14.26%,$14.27B,$2597.81B,0.76%,$57.39B,$313.61B,23.61%,$17659,$0,$17659,$0,$2384,$2384,$15275,$0,$4906,$491,$4415,$4415,$4153,$0,$0,$3611,3775,$1.15,$1.10,$577810,$0,$0,$1798110,$0,$644288,$0,$155408,$799696,$2597806,$1863499,$153753,$420695,$574448,$2437947,$152546,$0,$0,$159859,$2597806,$0,$0,$0,$0,$0,$0,$0,$0,$0,$0,$0,$0,$0,$0,$0,$0,$0,$0,$0,$0,$0,$0,$0,$0,$0,$0,$0,$0,$0
29,2010-12-31,30.98,$8.76,3.54,$57.47,0.54,$84.09,0.37,0,0.0,$1671.21B,$1768.58B,0.95,$178.79B,$154.92B,1.15,$70.76B,$70.76B,100.00%,$70.76B,$56.73B,80.16%,$70.76B,0,0.00%,$70.76B,0,0.00%,$70.76B,$19.04B,26.90%,$70.76B,$12.75B,18.01%,$12.75B,$154.92B,17.10%,$12.75B,$124.99B,21.20%,$12.75B,$2454.69B,1.05%,$56.73B,$333.70B,34.44%,$17977,$0,$17977,$0,$3370,$3370,$14607,$0,$4408,$892,$3516,$3784,$2829,$0,$0,$3492,3541,$-7.10,$-7.15,$479446,$0,$0,$1671212,$11521,$678710,$29922,$56313,$783477,$2454689,$1768575,$178788,$347462,$527343,$2299774,$8843,$124519,$0,$154915,$2454689,$19037,$1986,$5714,$7700,$-74070,$60337,$0,$42022,$29005,$55742,$1840,$-1179,$-955,$0,$-19356,$-19356,$-15323,$-34973,$2006,$0,$2006,$4074,$4074,$-3854,$-824,$1402,$23310,$812,$-3854
30,2010-09-30,30.48,$0.00,0.0,$52.39,0.58,$67.83,0.45,0,0.0,$0.00B,$0.00B,0.0,$0.00B,$0.00B,0.0,$52.79B,$52.79B,100.00%,$52.79B,$42.12B,79.79%,$52.79B,0,0.00%,$52.79B,0,0.00%,$52.79B,$14.63B,27.71%,$52.79B,$9.92B,18.79%,$9.92B,$0.00B,14.77%,$9.92B,$0.00B,18.74%,$9.92B,$0.00B,0.82%,$42.12B,$0.00B,26.46%,$16049,$0,$16049,$0,$3146,$3146,$12903,$0,$3525,$98,$3427,$3427,$3154,$0,$0,$742,742,$4.25,$4.25,$0,$0,$0,$0,$0,$0,$0,$0,$0,$0,$0,$0,$0,$0,$0,$0,$0,$0,$0,$0,$0,$0,$0,$0,$0,$0,$0,$0,$0,$0,$0,$0,$0,$0,$0,$0,$0,$0,$0,$0,$0,$0,$0,$0,$0,$0,$0,$0,$0
31,2010-06-30,27.25,$8.19,3.33,$30.77,0.89,$67.83,0.4,0,0.0,$1626.81B,$1674.98B,0.97,$181.85B,$143.32B,1.27,$36.74B,$36.74B,100.00%,$36.74B,$29.22B,79.52%,$36.74B,0,0.00%,$36.74B,0,0.00%,$36.74B,$11.10B,30.22%,$36.74B,$6.76B,18.41%,$6.76B,$143.32B,6.72%,$6.76B,$115.46B,8.87%,$6.76B,$2418.45B,0.37%,$29.22B,$325.17B,11.32%,$18341,$0,$18341,$0,$3736,$3736,$14605,$0,$5392,$1043,$4349,$4349,$4132,$0,$0,$719,719,$5.75,$5.75,$507619,$0,$0,$1626811,$13291,$689451,$27859,$54796,$791643,$2418454,$1674981,$181847,$413090,$596201,$2275131,$8755,$112914,$0,$143323,$2418454,$11104,$942,$21358,$22300,$-12327,$20176,$0,$5908,$12741,$46145,$2599,$-521,$-235,$0,$-21295,$-21295,$929,$-18523,$-1079,$0,$-1079,$3859,$3859,$-2260,$-329,$191,$15144,$371,$-2260
32,2010-03-31,30.04,$0.00,0.0,$5.24,5.73,0,0.0,0,0.0,$0.00B,$0.00B,0.0,$0.00B,$0.00B,0.0,$18.40B,$18.40B,100.00%,$18.40B,$14.61B,79.42%,$18.40B,0,0.00%,$18.40B,0,0.00%,$18.40B,$5.71B,31.05%,$18.40B,$2.63B,14.30%,$2.63B,$0.00B,2.73%,$2.63B,$0.00B,3.79%,$2.63B,$0.00B,0.15%,$14.61B,$0.00B,5.38%,$18397,$0,$18397,$0,$3787,$3787,$14610,$0,$5712,$2813,$2899,$2631,$2631,$0,$0,$3508,3508,$0.75,$0.75,$0,$0,$0,$0,$0,$0,$0,$0,$0,$0,$0,$0,$0,$0,$0,$0,$0,$0,$0,$0,$0,$0,$0,$0,$0,$0,$0,$0,$0,$0,$0,$0,$0,$0,$0,$0,$0,$0,$0,$0,$0,$0,$0,$0,$0,$0,$0,$0,$0
33,2009-06-30,24.19,$0.00,0.0,0,0.0,0,0.0,0,0.0,$1643.81B,$1681.99B,0.98,$186.33B,$125.30B,1.49,$0.00B,0,nan%,$0.00B,0,nan%,$0.00B,0,nan%,$0.00B,0,nan%,$0.00B,0,nan%,$0.00B,0,nan%,$0.00B,$125.30B,0.00%,$0.00B,$96.19B,0.00%,$0.00B,$2421.84B,0.00%,$0.00B,$311.63B,0.00%,$0,$0,$0,$0,$0,$0,$0,$0,$0,$0,$0,$0,$0,$0,$0,$0,0,$0.00,$0.00,$504087,$0,$0,$1643805,$14573,$676556,$29105,$49937,$778038,$2421843,$1681991,$186333,$419134,$607316,$2296545,$8658,$99174,$0,$125298,$2421843,$5019,$1057,$5415,$6472,$-37737,$1922,$0,$23046,$-15033,$-3542,$1422,$-463,$-286,$0,$-51061,$-51061,$3961,$-46427,$2609,$0,$2609,$18068,$18068,$-2515,$-433,$17729,$-27176,$355,$-2515
