,Date,Stock Price,Book Value per Share,Price to Book Ratio,TTM Sales per Share,Price to Sales Ratio,TTM FCF per Share,Price to FCF Ratio,TTM Net EPS,PE Ratio,Current Assets,Current Liabilities,Current Ratio,Long Term Debt,Shareholder's Equity_x,Debt to Equity Ratio,TTM Revenue_x,TTM Gross Profit,Gross Margin,TTM Revenue_y,TTM Operating Income,Operating Margin,TTM Revenue_x,TTM EBIT,EBIT Margin,TTM Revenue_y,TTM EBITDA,EBITDA Margin,TTM Revenue_x,TTM Pre-Tax Income,Pre-Tax Margin,TTM Revenue_y,TTM Net Income_x,Net Margin,TTM Net Income_y,Shareholder's Equity_y,Return on Equity,TTM Net Income_x,Tangible Equity,Return on Tangible Equity,TTM Net Income_y,Total Assets,Return on Assets,TTM Net Income,LT Investments & Debt,Return on Investment,revenue,cost-goods-sold,gross-profit,research-development-expenses,selling-general-administrative-expenses,operating-expenses,operating-income,total-non-operating-income-expense,pre-tax-income,total-provision-income-taxes,income-after-taxes,income-from-continuous-operations,net-income,ebitda,ebit,basic-shares-outstanding,shares-outstanding,eps-basic-net-earnings-per-share,eps-earnings-per-share-diluted,cash-on-hand,inventory,other-current-assets,total-current-assets,net-property-plant-equipment,long-term-investments,goodwill-intangible-assets-total,other-long-term-assets,total-long-term-assets,total-assets,total-current-liabilities,long-term-debt,other-non-current-liabilities,total-long-term-liabilities,total-liabilities,common-stock-net,retained-earnings-accumulated-deficit,comprehensive-income,total-share-holder-equity,total-liabilities-share-holders-equity,net-income-loss,total-depreciation-amortization-cash-flow,other-non-cash-items,total-non-cash-items,change-in-accounts-receivable,change-in-inventories,change-in-accounts-payable,change-in-assets-liabilities,total-change-in-assets-liabilities,cash-flow-from-operating-activities,net-change-in-property-plant-equipment,net-change-in-intangible-assets,net-acquisitions-divestitures,net-change-in-short-term-investments,net-change-in-long-term-investments,net-change-in-investments-total,investing-activities-other,cash-flow-from-investing-activities,net-long-term-debt,net-current-debt,debt-issuance-retirement-net-total,net-common-equity-issued-repurchased,net-total-equity-issued-repurchased,total-common-preferred-stock-dividends-paid,financial-activities-other,cash-flow-from-financial-activities,net-cash-flow,stock-based-compensation,common-stock-dividends-paid
0,2018-09-30,33.85,$13.39,2.53,$37.45,0.9,$-11.46,0.0,$-0.12,0.0,$0.38B,$0.27B,1.4,$0.00B,$0.25B,0.0,$0.72B,$0.65B,90.40%,$0.72B,$0.03B,4.59%,$0.72B,$0.03B,4.59%,$0.72B,$0.05B,6.54%,$0.72B,$0.04B,4.87%,$0.72B,$-0.00B,-0.28%,$-0.00B,$0.25B,-0.86%,$-0.00B,$0.13B,-1.83%,$-0.00B,$0.63B,-0.35%,$0.03B,$0.25B,13.94%,$192,$134,$58,$0,$33,$172,$21,$3,$23,$7,$16,$16,$16,$24,$21,$19,19,$0.87,$0.85,$164,$0,$30,$383,$35,$21,$125,$20,$250,$633,$273,$0,$63,$106,$379,$0,$45,$4,$254,$633,$38,$10,$-4,$6,$-60,$0,$-1,$-8,$-67,$-23,$-5,$0,$-3,$3,$-2,$1,$0,$-7,$0,$0,$0,$0,$0,$-8,$-2,$-10,$-43,$7,$-8
1,2018-06-30,34.9,$12.55,2.78,$36.18,0.96,$-12.61,0.0,$-0.54,0.0,$0.30B,$0.21B,1.41,$0.00B,$0.24B,0.0,$0.69B,$0.65B,93.78%,$0.69B,$0.03B,3.76%,$0.69B,$0.03B,3.76%,$0.69B,$0.04B,5.93%,$0.69B,$0.03B,3.76%,$0.69B,$-0.01B,-1.45%,$-0.01B,$0.24B,-4.29%,$-0.01B,$0.11B,-9.41%,$-0.01B,$0.55B,-1.80%,$0.03B,$0.24B,11.02%,$188,$128,$60,$0,$37,$169,$18,$-0,$18,$7,$11,$11,$11,$22,$18,$19,19,$0.61,$0.59,$86,$0,$28,$300,$37,$22,$126,$19,$253,$553,$213,$0,$58,$102,$315,$0,$31,$5,$238,$553,$22,$6,$-5,$2,$-55,$0,$-2,$-10,$-130,$-107,$-3,$0,$-3,$0,$-0,$-0,$0,$-6,$0,$0,$0,$0,$0,$-5,$-2,$-7,$-122,$4,$-5
2,2018-03-31,31.05,$12.18,2.55,$34.85,0.89,$-12.09,0.0,$-2.10,0.0,$0.27B,$0.18B,1.49,$0.01B,$0.23B,0.05,$0.66B,$0.64B,97.27%,$0.66B,$-0.02B,-3.03%,$0.66B,$-0.02B,-3.03%,$0.66B,$-0.01B,-0.91%,$0.66B,$-0.02B,-3.18%,$0.66B,$-0.04B,-5.91%,$-0.04B,$0.23B,-16.63%,$-0.04B,$0.10B,-36.79%,$-0.04B,$0.52B,-7.22%,$-0.02B,$0.24B,-8.42%,$165,$5,$160,$0,$147,$152,$13,$-0,$13,$3,$10,$10,$10,$16,$13,$19,19,$0.54,$0.53,$73,$0,$28,$269,$38,$23,$127,$17,$256,$524,$180,$12,$54,$113,$294,$0,$22,$9,$230,$524,$10,$3,$-4,$-0,$-32,$0,$-1,$-9,$-147,$-138,$-1,$0,$-3,$0,$-2,$-2,$0,$-6,$12,$0,$12,$0,$0,$-2,$-2,$7,$-134,$2,$-2
3,2017-12-31,24.28,$11.33,2.14,$33.83,0.72,$-10.88,0.0,$-2.60,0.0,$0.34B,$0.27B,1.29,$0.00B,$0.21B,0.0,$0.64B,$0.62B,97.34%,$0.64B,$-0.03B,-4.07%,$0.64B,$-0.03B,-4.07%,$0.64B,$-0.01B,-1.88%,$0.64B,$-0.03B,-4.69%,$0.64B,$-0.05B,-7.51%,$-0.05B,$0.21B,-19.86%,$-0.05B,$0.09B,-47.06%,$-0.05B,$0.59B,-8.91%,$-0.03B,$0.21B,-10.48%,$174,$-197,$372,$0,$373,$193,$-19,$-0,$-19,$20,$-39,$-39,$-39,$-15,$-19,$19,19,$-2.10,$-2.09,$208,$0,$12,$344,$40,$21,$121,$9,$243,$587,$266,$0,$64,$109,$374,$0,$-1,$13,$213,$587,$-49,$15,$68,$83,$-2,$0,$1,$11,$33,$67,$-14,$0,$-0,$0,$-1,$-1,$-0,$-15,$0,$0,$0,$0,$0,$-10,$-7,$-17,$43,$5,$-10
4,2017-09-30,20.8,$13.36,1.56,$33.17,0.63,$-12.69,0.0,$-0.48,0.0,$0.28B,$0.20B,1.42,$0.00B,$0.25B,0.0,$0.63B,$0.69B,110.00%,$0.63B,$0.00B,0.16%,$0.63B,$0.00B,0.16%,$0.63B,$0.02B,2.38%,$0.63B,$-0.00B,-0.16%,$0.63B,$-0.01B,-1.43%,$-0.01B,$0.25B,-3.55%,$-0.01B,$0.12B,-8.96%,$-0.01B,$0.55B,-1.67%,$0.00B,$0.25B,0.39%,$164,$109,$56,$0,$37,$150,$14,$0,$14,$6,$8,$8,$8,$18,$14,$19,19,$0.44,$0.43,$106,$0,$15,$281,$42,$20,$133,$11,$273,$553,$198,$0,$60,$104,$302,$0,$41,$11,$251,$553,$-9,$11,$29,$40,$-33,$0,$0,$4,$-66,$-36,$-13,$0,$-0,$1,$-2,$-1,$0,$-14,$0,$0,$0,$0,$0,$-8,$-7,$-15,$-59,$4,$-8
5,2017-06-30,21.25,$12.97,1.64,$32.39,0.66,$-12.82,0.0,$-0.54,0.0,$0.23B,$0.16B,1.43,$0.00B,$0.24B,0.0,$0.61B,$0.69B,111.56%,$0.61B,$-0.00B,-0.16%,$0.61B,$-0.00B,-0.16%,$0.61B,$0.01B,2.12%,$0.61B,$-0.00B,-0.49%,$0.61B,$-0.01B,-1.63%,$-0.01B,$0.24B,-3.89%,$-0.01B,$0.11B,-10.70%,$-0.01B,$0.50B,-1.86%,$-0.00B,$0.24B,-0.38%,$157,$103,$54,$0,$38,$186,$-28,$-0,$-29,$-10,$-18,$-18,$-18,$-25,$-28,$19,19,$-0.97,$-0.97,$58,$0,$14,$226,$41,$20,$133,$12,$272,$497,$157,$0,$53,$97,$254,$0,$35,$9,$244,$497,$-18,$8,$28,$36,$-29,$0,$0,$3,$-104,$-86,$-10,$0,$-0,$0,$-2,$-2,$0,$-12,$0,$0,$0,$0,$0,$-5,$-7,$-12,$-107,$4,$-5
6,2017-03-31,25.59,$13.80,1.85,$32.18,0.8,$-12.23,0.0,$0.78,32.8,$0.23B,$0.14B,1.59,$0.03B,$0.26B,0.1,$0.61B,$0.68B,111.78%,$0.61B,$0.04B,6.38%,$0.61B,$0.04B,6.38%,$0.61B,$0.05B,8.84%,$0.61B,$0.04B,6.22%,$0.61B,$0.02B,2.45%,$0.02B,$0.26B,5.75%,$0.02B,$0.09B,16.26%,$0.02B,$0.52B,2.78%,$0.04B,$0.28B,14.59%,$144,$4,$140,$0,$133,$138,$7,$-3,$4,$3,$1,$1,$1,$10,$7,$19,19,$0.03,$0.03,$68,$0,$17,$225,$40,$20,$172,$14,$292,$518,$142,$25,$50,$117,$259,$0,$56,$6,$259,$518,$1,$4,$4,$8,$-17,$0,$-0,$-4,$-119,$-111,$-4,$0,$0,$0,$-2,$-2,$0,$-6,$25,$0,$25,$0,$0,$-3,$-5,$18,$-97,$2,$-3
7,2016-12-31,23.31,$13.92,1.68,$31.76,0.73,$-12.58,0.0,$0.82,28.43,$0.30B,$0.22B,1.35,$0.00B,$0.26B,0.0,$0.60B,$0.58B,96.84%,$0.60B,$0.04B,5.99%,$0.60B,$0.04B,5.99%,$0.60B,$0.05B,8.65%,$0.60B,$0.04B,6.32%,$0.60B,$0.02B,2.50%,$0.02B,$0.26B,5.77%,$0.02B,$0.09B,15.79%,$0.02B,$0.58B,2.84%,$0.04B,$0.26B,13.85%,$165,$-278,$443,$0,$440,$157,$8,$2,$10,$9,$0,$0,$0,$12,$8,$19,19,$0.03,$0.02,$165,$0,$14,$298,$35,$17,$173,$9,$283,$582,$221,$0,$63,$102,$323,$0,$58,$3,$259,$582,$15,$16,$9,$26,$-14,$0,$1,$-3,$-16,$25,$-5,$0,$-28,$0,$-2,$-2,$7,$-28,$0,$0,$0,$0,$0,$-10,$-10,$-20,$-25,$6,$-10
8,2016-09-30,17.78,$14.31,1.24,$31.09,0.57,$-11.41,0.0,$0.86,20.68,$0.26B,$0.19B,1.36,$0.00B,$0.27B,0.0,$0.59B,$0.54B,92.99%,$0.59B,$0.03B,5.64%,$0.59B,$0.03B,5.64%,$0.59B,$0.05B,8.38%,$0.59B,$0.03B,5.64%,$0.59B,$0.02B,2.74%,$0.02B,$0.27B,6.18%,$0.02B,$0.09B,16.04%,$0.02B,$0.55B,3.04%,$0.03B,$0.27B,12.74%,$148,$100,$48,$0,$36,$136,$12,$0,$12,$5,$7,$7,$7,$16,$12,$19,19,$0.37,$0.37,$100,$0,$15,$259,$36,$17,$175,$11,$295,$554,$190,$0,$58,$98,$288,$0,$60,$9,$266,$554,$15,$12,$4,$15,$-33,$0,$2,$-1,$-79,$-49,$-2,$0,$-28,$0,$-2,$-2,$7,$-25,$0,$0,$0,$0,$0,$-7,$-10,$-18,$-90,$5,$-7
9,2016-06-30,16.07,$14.02,1.15,$30.89,0.52,$-10.51,0.0,$0.89,18.06,$0.23B,$0.16B,1.49,$0.00B,$0.26B,0.0,$0.58B,$0.54B,93.62%,$0.58B,$0.03B,5.86%,$0.58B,$0.03B,5.86%,$0.58B,$0.05B,8.45%,$0.58B,$0.03B,5.52%,$0.58B,$0.02B,2.76%,$0.02B,$0.26B,6.25%,$0.02B,$0.11B,15.02%,$0.02B,$0.50B,3.07%,$0.03B,$0.26B,13.28%,$154,$102,$52,$0,$36,$142,$12,$0,$12,$5,$7,$7,$7,$16,$12,$19,19,$0.36,$0.35,$85,$0,$14,$232,$36,$17,$155,$12,$272,$504,$156,$0,$49,$88,$243,$0,$56,$9,$260,$504,$8,$8,$5,$13,$-30,$0,$-1,$13,$-106,$-85,$-1,$0,$-9,$0,$-2,$-2,$7,$-6,$0,$0,$0,$0,$0,$-5,$-10,$-15,$-105,$4,$-5
10,2016-03-31,22.4,$13.74,1.63,$30.12,0.74,$-9.88,0.0,$0.81,27.66,$0.20B,$0.14B,1.47,$0.00B,$0.26B,0.0,$0.56B,$0.53B,94.50%,$0.56B,$0.03B,5.50%,$0.56B,$0.03B,5.50%,$0.56B,$0.05B,7.98%,$0.56B,$0.03B,5.14%,$0.56B,$0.01B,2.48%,$0.01B,$0.26B,5.53%,$0.01B,$0.10B,13.02%,$0.01B,$0.48B,2.68%,$0.03B,$0.26B,11.99%,$134,$95,$39,$0,$35,$130,$4,$0,$4,$3,$1,$1,$1,$8,$4,$18,19,$0.07,$0.07,$62,$0,$15,$203,$35,$16,$157,$14,$273,$476,$139,$0,$44,$83,$222,$0,$51,$11,$255,$476,$1,$4,$4,$8,$-17,$0,$2,$-2,$-129,$-119,$-1,$0,$-9,$0,$-2,$-2,$7,$-5,$0,$0,$0,$0,$0,$-2,$-3,$-6,$-128,$2,$-2
11,2015-12-31,25.6,$13.86,1.85,$29.42,0.87,$-8.63,0.0,$0.92,27.82,$0.31B,$0.23B,1.35,$0.00B,$0.26B,0.0,$0.55B,$0.53B,96.90%,$0.55B,$0.03B,6.20%,$0.55B,$0.03B,6.20%,$0.55B,$0.05B,8.58%,$0.55B,$0.03B,5.84%,$0.55B,$0.02B,2.92%,$0.02B,$0.26B,6.38%,$0.02B,$0.11B,14.68%,$0.02B,$0.57B,3.05%,$0.03B,$0.26B,13.00%,$149,$-256,$405,$0,$404,$144,$5,$-1,$5,$4,$1,$1,$1,$9,$5,$18,19,$0.06,$0.07,$190,$0,$18,$309,$36,$14,$150,$11,$264,$573,$229,$0,$53,$88,$318,$0,$53,$9,$255,$573,$17,$14,$5,$19,$-9,$0,$1,$-4,$22,$58,$-16,$0,$-10,$0,$-1,$-1,$0,$-28,$-30,$0,$-30,$0,$0,$-10,$-7,$-46,$-21,$5,$-10
12,2015-09-30,18.2,$13.83,1.32,$28.31,0.64,$-7.93,0.0,$0.89,20.45,$0.29B,$0.19B,1.52,$0.00B,$0.25B,0.0,$0.53B,$0.18B,34.48%,$0.53B,$0.03B,6.29%,$0.53B,$0.03B,6.29%,$0.53B,$0.05B,8.76%,$0.53B,$0.03B,5.52%,$0.53B,$0.02B,3.05%,$0.02B,$0.25B,6.45%,$0.02B,$0.12B,14.78%,$0.02B,$0.53B,3.06%,$0.03B,$0.25B,12.46%,$143,$96,$47,$0,$30,$130,$13,$-2,$11,$4,$7,$7,$7,$16,$13,$18,19,$0.41,$0.40,$136,$0,$13,$290,$36,$14,$137,$12,$240,$530,$191,$0,$47,$85,$276,$0,$54,$9,$254,$530,$16,$10,$4,$14,$-41,$0,$-1,$0,$-50,$-20,$-14,$0,$0,$0,$-1,$-1,$0,$-15,$-30,$0,$-30,$0,$0,$-7,$-7,$-44,$-82,$4,$-7
13,2015-06-30,24.25,$13.60,1.78,$27.70,0.88,$-6.37,0.0,$0.65,37.31,$0.27B,$0.16B,1.7,$0.02B,$0.25B,0.08,$0.51B,$0.18B,34.38%,$0.51B,$0.03B,5.86%,$0.51B,$0.03B,5.86%,$0.51B,$0.04B,8.40%,$0.51B,$0.03B,5.27%,$0.51B,$0.01B,2.34%,$0.01B,$0.25B,4.86%,$0.01B,$0.11B,11.46%,$0.01B,$0.51B,2.28%,$0.03B,$0.27B,11.12%,$138,$95,$42,$0,$33,$129,$9,$-0,$9,$4,$5,$5,$5,$12,$9,$18,19,$0.27,$0.27,$127,$0,$1,$271,$35,$15,$140,$11,$241,$512,$159,$21,$44,$103,$263,$0,$49,$10,$249,$512,$8,$7,$3,$10,$-30,$0,$0,$0,$-81,$-63,$-10,$0,$0,$0,$-1,$-1,$0,$-11,$-3,$0,$-3,$0,$0,$-5,$-7,$-15,$-91,$3,$-5
14,2015-03-31,22.73,$13.40,1.7,$27.97,0.81,$-4.97,0.0,$0.59,38.53,$0.24B,$0.14B,1.73,$0.02B,$0.25B,0.09,$0.52B,$0.18B,34.56%,$0.52B,$0.03B,6.60%,$0.52B,$0.03B,6.60%,$0.52B,$0.05B,9.13%,$0.52B,$0.03B,6.02%,$0.52B,$0.01B,2.14%,$0.01B,$0.25B,4.45%,$0.01B,$0.10B,10.71%,$0.01B,$0.48B,2.08%,$0.03B,$0.27B,12.53%,$118,$82,$37,$0,$30,$112,$7,$-0,$7,$3,$3,$3,$3,$10,$7,$18,19,$0.19,$0.18,$114,$0,$1,$243,$34,$15,$141,$9,$239,$482,$140,$22,$36,$96,$237,$0,$46,$11,$245,$482,$3,$4,$2,$5,$-16,$0,$2,$-1,$-97,$-88,$-6,$0,$0,$0,$-1,$-1,$0,$-7,$-2,$0,$-2,$0,$0,$-3,$-2,$-6,$-104,$1,$-3
15,2014-12-31,21.2,$13.41,1.58,$27.95,0.76,$-4.10,0.0,$0.37,57.29,$0.32B,$0.21B,1.55,$0.02B,$0.25B,0.1,$0.51B,$0.18B,34.31%,$0.51B,$0.03B,5.46%,$0.51B,$0.03B,5.46%,$0.51B,$0.04B,8.19%,$0.51B,$0.03B,4.87%,$0.51B,$0.01B,1.36%,$0.01B,$0.25B,2.83%,$0.01B,$0.10B,6.93%,$0.01B,$0.57B,1.32%,$0.03B,$0.27B,10.26%,$126,$72,$55,$0,$32,$123,$4,$-2,$2,$1,$1,$1,$1,$8,$4,$18,18,$0.04,$0.04,$218,$0,$12,$318,$30,$14,$143,$8,$250,$569,$206,$24,$55,$118,$324,$0,$45,$11,$245,$569,$7,$15,$6,$21,$0,$0,$-2,$-0,$29,$57,$-3,$0,$0,$0,$0,$0,$-0,$-3,$-6,$0,$-6,$0,$0,$-10,$-4,$-20,$30,$4,$-10
16,2014-09-30,18.77,$13.63,1.38,$27.82,0.67,$-4.78,0.0,$0.41,45.79,$0.29B,$0.18B,1.66,$0.03B,$0.25B,0.1,$0.51B,$0.16B,30.59%,$0.51B,$0.03B,4.90%,$0.51B,$0.03B,4.90%,$0.51B,$0.04B,7.65%,$0.51B,$0.02B,4.71%,$0.51B,$0.01B,1.57%,$0.01B,$0.25B,3.22%,$0.01B,$0.10B,8.00%,$0.01B,$0.54B,1.52%,$0.03B,$0.27B,9.08%,$130,$88,$42,$0,$32,$121,$10,$-1,$9,$6,$3,$3,$3,$13,$10,$18,18,$0.16,$0.16,$160,$0,$2,$294,$30,$14,$145,$15,$247,$542,$178,$25,$53,$115,$293,$0,$47,$14,$249,$542,$6,$11,$10,$21,$-24,$0,$-2,$1,$-29,$-2,$-3,$0,$0,$0,$0,$0,$-0,$-3,$-5,$0,$-5,$0,$0,$-7,$-4,$-16,$-22,$3,$-7
17,2014-06-30,16.79,$13.69,1.23,$27.55,0.61,$-5.29,0.0,$0.48,34.98,$0.27B,$0.16B,1.7,$0.03B,$0.25B,0.11,$0.50B,$0.15B,29.96%,$0.50B,$0.02B,4.56%,$0.50B,$0.02B,4.56%,$0.50B,$0.04B,7.54%,$0.50B,$0.02B,4.56%,$0.50B,$0.01B,1.79%,$0.01B,$0.25B,3.63%,$0.01B,$0.10B,9.09%,$0.01B,$0.53B,1.72%,$0.02B,$0.28B,8.33%,$141,$97,$44,$0,$31,$128,$13,$0,$13,$9,$4,$4,$4,$16,$13,$18,18,$0.21,$0.21,$123,$0,$2,$270,$32,$15,$148,$15,$256,$526,$159,$27,$52,$118,$277,$0,$47,$17,$250,$526,$3,$8,$7,$15,$-34,$0,$-2,$5,$-63,$-45,$-2,$0,$0,$0,$-0,$-0,$-0,$-2,$-3,$0,$-3,$0,$0,$-5,$-4,$-12,$-58,$2,$-5
18,2014-03-31,18.09,$13.50,1.34,$26.87,0.67,$-5.47,0.0,$0.38,47.61,$0.23B,$0.13B,1.81,$0.03B,$0.25B,0.11,$0.49B,$0.15B,29.80%,$0.49B,$0.02B,3.27%,$0.49B,$0.02B,3.27%,$0.49B,$0.03B,6.53%,$0.49B,$0.02B,3.06%,$0.49B,$0.01B,1.43%,$0.01B,$0.25B,2.84%,$0.01B,$0.10B,7.18%,$0.01B,$0.49B,1.36%,$0.02B,$0.27B,5.79%,$116,$80,$35,$0,$34,$115,$1,$-0,$1,$1,$-1,$-1,$-1,$5,$1,$18,18,$-0.04,$-0.04,$102,$0,$2,$227,$34,$14,$149,$15,$261,$488,$125,$28,$50,$117,$242,$0,$45,$16,$246,$488,$-1,$4,$1,$5,$-13,$0,$0,$-7,$-79,$-75,$-1,$0,$0,$0,$-0,$-0,$0,$-1,$-2,$0,$-2,$0,$0,$-2,$-0,$-4,$-80,$0,$-2
19,2013-12-31,18.01,$13.67,1.32,$26.46,0.68,$-5.17,0.0,$0.35,51.46,$0.29B,$0.18B,1.65,$0.03B,$0.25B,0.12,$0.48B,$0.14B,29.52%,$0.48B,$0.02B,3.12%,$0.48B,$0.02B,3.12%,$0.48B,$0.03B,6.65%,$0.48B,$0.01B,2.91%,$0.48B,$0.01B,1.46%,$0.01B,$0.25B,2.85%,$0.01B,$0.10B,7.24%,$0.01B,$0.55B,1.37%,$0.02B,$0.28B,5.57%,$123,$88,$35,$0,$34,$122,$1,$-0,$1,$-1,$2,$2,$2,$5,$1,$18,18,$0.08,$0.08,$182,$0,$2,$291,$35,$14,$150,$14,$262,$553,$176,$30,$61,$130,$305,$0,$49,$15,$248,$553,$6,$16,$1,$17,$-3,$0,$-1,$7,$20,$44,$-4,$0,$-1,$0,$-0,$-0,$0,$-5,$36,$0,$36,$0,$0,$-7,$-1,$27,$64,$4,$-7
20,2013-09-30,16.92,$13.64,1.24,$25.72,0.66,$-7.10,0.0,$0.25,67.7,$0.27B,$0.16B,1.72,$0.03B,$0.25B,0.13,$0.47B,$0.14B,29.55%,$0.47B,$0.01B,3.00%,$0.47B,$0.01B,3.00%,$0.47B,$0.03B,6.21%,$0.47B,$0.01B,2.78%,$0.47B,$0.01B,1.07%,$0.01B,$0.25B,2.03%,$0.01B,$0.10B,5.21%,$0.01B,$0.53B,1.01%,$0.01B,$0.28B,5.34%,$124,$86,$37,$0,$29,$115,$8,$-1,$8,$3,$4,$4,$4,$12,$8,$18,18,$0.23,$0.23,$133,$0,$2,$268,$36,$13,$148,$14,$258,$526,$156,$31,$53,$123,$279,$0,$49,$14,$247,$526,$5,$12,$3,$15,$-22,$0,$-2,$-0,$-32,$-12,$-2,$0,$0,$0,$-1,$-1,$-0,$-2,$37,$0,$37,$0,$0,$-5,$-1,$31,$15,$3,$-5
21,2013-06-30,14.72,$13.50,1.09,$25.70,0.57,$-9.08,0.0,$0.25,58.89,$0.23B,$0.13B,1.82,$0.03B,$0.24B,0.13,$0.47B,$0.14B,29.89%,$0.47B,$0.02B,3.44%,$0.47B,$0.02B,3.44%,$0.47B,$0.03B,6.45%,$0.47B,$0.02B,3.23%,$0.47B,$0.01B,1.08%,$0.01B,$0.24B,2.02%,$0.01B,$0.10B,4.49%,$0.01B,$0.49B,1.04%,$0.02B,$0.28B,6.25%,$127,$88,$39,$0,$33,$122,$6,$-1,$5,$3,$2,$2,$2,$10,$6,$18,18,$0.11,$0.11,$100,$0,$3,$232,$38,$13,$149,$13,$258,$491,$128,$33,$48,$118,$246,$0,$48,$13,$244,$491,$1,$8,$4,$12,$-24,$0,$-1,$2,$-62,$-49,$-1,$0,$0,$0,$-1,$-1,$-0,$-2,$39,$0,$39,$0,$0,$-3,$-1,$35,$-18,$2,$-3
22,2013-03-31,13.03,$13.56,0.96,$25.43,0.51,$-10.86,0.0,$0.24,54.28,$0.21B,$0.11B,1.95,$0.00B,$0.25B,0.0,$0.46B,$0.14B,29.57%,$0.46B,$0.02B,3.70%,$0.46B,$0.02B,3.70%,$0.46B,$0.03B,6.30%,$0.46B,$0.02B,3.26%,$0.46B,$0.01B,1.09%,$0.01B,$0.25B,2.00%,$0.01B,$0.09B,3.94%,$0.01B,$0.47B,1.08%,$0.02B,$0.25B,6.81%,$107,$76,$31,$0,$31,$107,$0,$-0,$0,$1,$-1,$-1,$-1,$5,$0,$18,18,$-0.07,$-0.07,$86,$0,$2,$205,$40,$13,$151,$14,$264,$470,$105,$0,$82,$120,$225,$0,$48,$15,$245,$470,$-1,$4,$2,$6,$-11,$0,$-1,$0,$-74,$-69,$-1,$0,$0,$0,$-0,$-0,$-0,$-1,$40,$0,$40,$0,$0,$-0,$-0,$40,$-32,$1,$-0
23,2012-12-31,13.3,$13.80,0.96,$25.65,0.52,$-12.56,0.0,$0.35,38.0,$0.23B,$0.15B,1.49,$0.00B,$0.25B,0.0,$0.47B,$0.14B,29.03%,$0.47B,$0.02B,4.30%,$0.47B,$0.02B,4.30%,$0.47B,$0.03B,6.45%,$0.47B,$0.02B,4.09%,$0.47B,$0.01B,1.51%,$0.01B,$0.25B,2.79%,$0.01B,$0.10B,4.91%,$0.01B,$0.50B,1.54%,$0.02B,$0.25B,7.97%,$109,$78,$31,$0,$31,$109,$-0,$1,$0,$1,$-0,$-0,$-0,$2,$-0,$18,18,$-0.02,$-0.03,$118,$0,$1,$226,$42,$12,$153,$13,$269,$495,$152,$0,$57,$94,$247,$0,$52,$15,$248,$495,$6,$11,$-2,$9,$6,$0,$-0,$9,$-3,$12,$-8,$0,$-53,$0,$-1,$-1,$-6,$-67,$0,$0,$0,$-1,$-1,$-12,$-2,$-15,$-68,$4,$-12
24,2012-09-30,10.89,$14.12,0.77,$27.20,0.4,$-11.33,0.0,$0.14,77.78,$0.26B,$0.13B,1.99,$0.00B,$0.25B,0.0,$0.49B,$0.15B,29.80%,$0.49B,$0.02B,3.06%,$0.49B,$0.02B,3.06%,$0.49B,$0.03B,5.51%,$0.49B,$0.01B,2.65%,$0.49B,$0.00B,0.61%,$0.00B,$0.25B,1.19%,$0.00B,$0.16B,1.90%,$0.00B,$0.46B,0.65%,$0.02B,$0.25B,5.96%,$122,$85,$38,$0,$27,$112,$10,$-0,$10,$6,$4,$4,$4,$13,$10,$18,18,$0.23,$0.23,$127,$0,$1,$259,$43,$12,$93,$7,$201,$460,$130,$0,$43,$76,$206,$0,$54,$18,$254,$460,$7,$8,$-2,$6,$-19,$0,$-3,$-0,$-56,$-43,$-6,$0,$0,$0,$-1,$-1,$0,$-7,$0,$0,$0,$-1,$-1,$-7,$-2,$-10,$-58,$4,$-7
25,2012-06-30,14.81,$13.89,1.07,$28.81,0.51,$-10.11,0.0,$-1.91,0.0,$0.23B,$0.11B,2.08,$0.00B,$0.25B,0.0,$0.52B,$0.15B,29.21%,$0.52B,$-0.01B,-1.55%,$0.52B,$-0.01B,-1.55%,$0.52B,$0.00B,0.77%,$0.52B,$-0.01B,-2.13%,$0.52B,$-0.03B,-6.38%,$-0.03B,$0.25B,-13.07%,$-0.03B,$0.16B,-20.75%,$-0.03B,$0.43B,-7.04%,$-0.01B,$0.25B,-3.17%,$122,$86,$36,$0,$29,$115,$7,$-1,$5,$4,$2,$2,$2,$9,$7,$18,18,$0.10,$0.10,$97,$0,$1,$229,$44,$11,$93,$8,$205,$434,$110,$0,$40,$73,$183,$0,$53,$16,$251,$434,$3,$5,$-1,$4,$-16,$0,$-1,$-3,$-83,$-77,$-5,$0,$0,$0,$-1,$-1,$0,$-6,$0,$0,$0,$0,$0,$-5,$-2,$-7,$-89,$3,$-5
26,2012-03-31,18.51,$13.95,1.33,$30.43,0.61,$-9.56,0.0,$-1.60,0.0,$0.22B,$0.10B,2.16,$0.00B,$0.25B,0.0,$0.55B,$0.16B,29.17%,$0.55B,$-0.01B,-0.92%,$0.55B,$-0.01B,-0.92%,$0.55B,$0.01B,1.47%,$0.55B,$-0.01B,-0.92%,$0.55B,$-0.03B,-5.14%,$-0.03B,$0.25B,-10.59%,$-0.03B,$0.16B,-17.10%,$-0.03B,$0.43B,-5.72%,$-0.01B,$0.25B,-1.89%,$112,$82,$30,$0,$26,$109,$3,$1,$4,$4,$1,$1,$1,$6,$3,$18,18,$0.04,$0.04,$83,$0,$1,$217,$45,$11,$93,$8,$208,$425,$101,$0,$40,$74,$174,$0,$53,$17,$251,$425,$1,$3,$-1,$2,$-8,$0,$0,$-2,$-101,$-99,$-2,$0,$0,$0,$-1,$-1,$0,$-3,$0,$0,$0,$0,$0,$-3,$-1,$-4,$-103,$1,$-3
27,2011-12-31,18.0,$14.06,1.28,$31.11,0.58,$-8.73,0.0,$-1.78,0.0,$0.31B,$0.19B,1.68,$0.00B,$0.25B,0.0,$0.55B,$0.16B,28.16%,$0.55B,$-0.01B,-2.17%,$0.55B,$-0.01B,-2.17%,$0.55B,$-0.00B,0.00%,$0.55B,$-0.02B,-2.71%,$0.55B,$-0.03B,-6.14%,$-0.03B,$0.25B,-12.41%,$-0.03B,$0.16B,-20.36%,$-0.03B,$0.52B,-6.75%,$-0.01B,$0.25B,-4.38%,$134,$92,$42,$0,$30,$139,$-5,$-1,$-6,$-2,$-4,$-4,$-4,$-1,$-5,$18,18,$-0.24,$-0.23,$186,$0,$1,$310,$45,$10,$93,$8,$205,$516,$185,$0,$47,$79,$264,$0,$55,$16,$251,$516,$-34,$10,$54,$65,$11,$0,$-1,$5,$14,$45,$-18,$0,$-4,$0,$-2,$-2,$0,$-24,$0,$0,$0,$0,$0,$-10,$-3,$-13,$4,$6,$-10
28,2011-09-30,13.66,$14.37,0.95,$31.00,0.44,$-6.50,0.0,$-1.26,0.0,$0.29B,$0.17B,1.72,$0.00B,$0.26B,0.0,$0.55B,$0.16B,28.57%,$0.55B,$0.00B,0.36%,$0.55B,$0.00B,0.36%,$0.55B,$0.01B,2.35%,$0.55B,$0.00B,0.18%,$0.55B,$-0.03B,-4.52%,$-0.03B,$0.26B,-8.77%,$-0.03B,$0.16B,-14.53%,$-0.03B,$0.50B,-4.89%,$0.00B,$0.26B,0.70%,$149,$107,$43,$0,$29,$162,$-13,$-2,$-14,$18,$-32,$-32,$-32,$-10,$-13,$18,18,$-1.82,$-1.82,$136,$0,$1,$287,$47,$10,$93,$9,$211,$499,$167,$0,$44,$75,$242,$0,$62,$16,$257,$499,$-30,$7,$43,$50,$-21,$0,$1,$0,$-31,$-11,$-16,$0,$-4,$0,$-2,$-2,$0,$-22,$0,$0,$0,$0,$0,$-7,$-3,$-10,$-46,$4,$-7
29,2011-06-30,18.7,$16.75,1.12,$30.01,0.62,$-4.59,0.0,$0.63,29.69,$0.27B,$0.14B,1.88,$0.00B,$0.30B,0.0,$0.54B,$0.15B,28.60%,$0.54B,$0.02B,3.55%,$0.54B,$0.02B,3.55%,$0.54B,$0.03B,5.61%,$0.54B,$0.02B,3.74%,$0.54B,$0.01B,1.50%,$0.01B,$0.30B,2.73%,$0.01B,$0.18B,4.60%,$0.01B,$0.52B,1.55%,$0.02B,$0.30B,6.49%,$150,$106,$44,$0,$33,$139,$10,$1,$11,$4,$7,$7,$7,$13,$10,$18,18,$0.42,$0.41,$104,$0,$2,$270,$42,$10,$122,$11,$248,$518,$144,$0,$41,$76,$220,$0,$97,$24,$299,$518,$3,$4,$4,$8,$-26,$0,$2,$-4,$-73,$-62,$-10,$0,$0,$0,$-2,$-2,$-1,$-12,$0,$0,$0,$0,$0,$-5,$-3,$-8,$-78,$3,$-5
30,2011-03-31,22.85,$16.23,1.41,$28.99,0.79,$-1.71,0.0,$0.37,61.77,$0.24B,$0.12B,2.01,$0.00B,$0.29B,0.0,$0.52B,$0.15B,28.88%,$0.52B,$0.02B,3.29%,$0.52B,$0.02B,3.29%,$0.52B,$0.03B,5.23%,$0.52B,$0.01B,2.71%,$0.52B,$0.00B,0.78%,$0.00B,$0.29B,1.39%,$0.00B,$0.17B,2.34%,$0.00B,$0.48B,0.79%,$0.02B,$0.29B,5.91%,$121,$94,$27,$0,$31,$125,$-4,$-2,$-6,$-1,$-5,$-5,$-5,$-2,$-4,$18,18,$-0.26,$-0.26,$93,$0,$2,$241,$38,$10,$119,$12,$240,$481,$120,$0,$39,$72,$192,$0,$92,$21,$289,$481,$-5,$2,$5,$7,$-10,$0,$3,$-4,$-81,$-79,$-4,$0,$0,$0,$-1,$-1,$-1,$-7,$0,$0,$0,$0,$0,$-3,$-2,$-5,$-89,$2,$-3
31,2010-12-31,23.42,$16.78,1.4,$29.02,0.81,$0.99,23.6,$0.42,55.75,$0.31B,$0.17B,1.81,$0.00B,$0.30B,0.0,$0.51B,$0.15B,29.82%,$0.51B,$0.02B,3.31%,$0.51B,$0.02B,3.31%,$0.51B,$0.03B,5.85%,$0.51B,$0.02B,3.31%,$0.51B,$0.01B,1.36%,$0.01B,$0.30B,2.44%,$0.01B,$0.18B,4.12%,$0.01B,$0.55B,1.40%,$0.02B,$0.30B,5.93%,$133,$89,$44,$0,$35,$124,$9,$1,$10,$5,$5,$5,$5,$12,$9,$17,18,$0.30,$0.29,$182,$0,$2,$312,$34,$11,$116,$10,$233,$545,$172,$0,$47,$78,$250,$0,$99,$18,$295,$545,$7,$12,$13,$25,$-17,$0,$2,$-2,$52,$84,$-18,$0,$-1,$0,$-1,$-1,$3,$-16,$0,$0,$0,$0,$0,$-10,$-5,$-14,$58,$8,$-10
32,2010-09-30,15.83,$16.40,0.97,$28.39,0.56,$-7.80,0.0,$0.65,24.35,$0.29B,$0.17B,1.73,$0.00B,$0.29B,0.0,$0.50B,$0.15B,30.10%,$0.50B,$0.02B,3.84%,$0.50B,$0.02B,3.84%,$0.50B,$0.03B,6.26%,$0.50B,$0.02B,3.64%,$0.50B,$0.01B,2.22%,$0.01B,$0.29B,3.85%,$0.01B,$0.17B,6.52%,$0.01B,$0.53B,2.28%,$0.02B,$0.29B,6.65%,$131,$93,$38,$0,$33,$127,$4,$1,$5,$4,$1,$1,$1,$7,$4,$18,18,$0.07,$0.07,$123,$0,$1,$289,$34,$10,$117,$10,$236,$525,$167,$0,$40,$70,$237,$0,$96,$17,$288,$525,$2,$9,$9,$19,$-49,$0,$5,$-6,$2,$23,$-16,$0,$-1,$0,$-0,$-0,$3,$-14,$0,$0,$0,$0,$0,$-7,$-5,$-12,$-0,$6,$-7
33,2010-06-30,18.43,$15.92,1.16,$27.15,0.68,$-15.58,0.0,$0.83,22.2,$0.24B,$0.13B,1.89,$0.00B,$0.28B,0.0,$0.47B,$0.15B,30.93%,$0.47B,$0.02B,4.66%,$0.47B,$0.02B,4.66%,$0.47B,$0.03B,6.99%,$0.47B,$0.02B,4.24%,$0.47B,$0.01B,2.97%,$0.01B,$0.28B,4.93%,$0.01B,$0.17B,8.40%,$0.01B,$0.47B,3.03%,$0.02B,$0.28B,7.75%,$131,$91,$40,$0,$33,$123,$8,$-2,$5,$3,$3,$3,$3,$10,$8,$17,18,$0.15,$0.15,$93,$0,$1,$244,$32,$10,$114,$9,$229,$473,$129,$0,$37,$65,$194,$0,$97,$9,$279,$473,$1,$7,$5,$12,$-37,$0,$3,$-2,$-21,$-8,$-11,$0,$-1,$-0,$0,$-0,$3,$-9,$0,$0,$0,$0,$0,$-5,$-5,$-10,$-30,$5,$-5
34,2010-03-31,22.52,$16.23,1.39,$25.59,0.88,$-22.82,0.0,$-0.25,0.0,$0.22B,$0.11B,2.04,$0.00B,$0.28B,0.0,$0.44B,$0.14B,30.75%,$0.44B,$0.00B,0.46%,$0.44B,$0.00B,0.46%,$0.44B,$0.01B,3.19%,$0.44B,$-0.00B,0.00%,$0.44B,$-0.01B,-1.14%,$-0.01B,$0.28B,-1.78%,$-0.01B,$0.17B,-3.05%,$-0.01B,$0.46B,-1.11%,$0.00B,$0.28B,0.71%,$118,$88,$31,$0,$30,$122,$-4,$0,$-3,$-2,$-2,$-2,$-2,$1,$-4,$17,17,$-0.09,$-0.09,$84,$0,$2,$223,$29,$11,$118,$9,$233,$456,$110,$0,$34,$63,$173,$0,$97,$15,$284,$456,$-2,$4,$3,$7,$-20,$0,$-0,$-2,$-38,$-32,$-3,$0,$-1,$0,$0,$0,$0,$-3,$0,$0,$0,$0,$0,$-3,$-4,$-7,$-42,$3,$-3
35,2009-12-31,24.97,$17.04,1.47,$24.37,1.02,$-28.12,0.0,$-1.31,0.0,$0.24B,$0.11B,2.12,$0.00B,$0.29B,0.0,$0.42B,$0.11B,27.47%,$0.42B,$-0.03B,-6.27%,$0.42B,$-0.03B,-6.27%,$0.42B,$-0.02B,-4.10%,$0.42B,$-0.03B,-7.23%,$0.42B,$-0.02B,-5.30%,$-0.02B,$0.29B,-7.86%,$-0.02B,$0.17B,-13.56%,$-0.02B,$0.48B,-4.89%,$-0.03B,$0.29B,-9.29%,$115,$75,$40,$0,$30,$105,$11,$0,$11,$1,$9,$9,$9,$13,$11,$17,17,$0.58,$0.59,$125,$0,$2,$241,$26,$10,$118,$9,$233,$475,$114,$0,$38,$70,$184,$0,$101,$16,$291,$475,$-21,$11,$15,$27,$8,$0,$-1,$5,$-79,$-73,$-12,$0,$-15,$0,$-1,$-1,$5,$-23,$0,$0,$0,$1,$1,$-9,$-3,$-11,$-112,$19,$-9
36,2009-09-30,18.5,$16.49,1.12,$25.56,0.72,$-20.93,0.0,$-1.53,0.0,$0.22B,$0.11B,2.02,$0.00B,$0.28B,0.0,$0.44B,$0.11B,24.89%,$0.44B,$-0.03B,-7.24%,$0.44B,$-0.03B,-7.24%,$0.44B,$-0.02B,-4.98%,$0.44B,$-0.03B,-7.69%,$0.44B,$-0.03B,-5.88%,$-0.03B,$0.28B,-9.16%,$-0.03B,$0.16B,-15.57%,$-0.03B,$0.45B,-5.43%,$-0.03B,$0.28B,-11.28%,$108,$73,$35,$0,$29,$102,$7,$1,$7,$3,$4,$4,$4,$9,$7,$17,18,$0.26,$0.25,$81,$0,$2,$219,$26,$10,$118,$10,$227,$446,$108,$0,$26,$56,$165,$0,$94,$17,$281,$446,$-30,$8,$17,$25,$-4,$0,$-0,$-0,$-115,$-120,$-10,$0,$-15,$0,$-1,$-1,$-0,$-27,$0,$0,$0,$1,$1,$-7,$-3,$-9,$-159,$15,$-7
37,2009-06-30,14.42,$15.85,0.91,$28.92,0.5,$-14.83,0.0,$-0.98,0.0,$0.19B,$0.10B,1.92,$0.00B,$0.27B,0.0,$0.50B,$0.13B,25.05%,$0.50B,$-0.02B,-3.61%,$0.50B,$-0.02B,-3.61%,$0.50B,$-0.01B,-1.40%,$0.50B,$-0.02B,-3.61%,$0.50B,$-0.02B,-3.21%,$-0.02B,$0.27B,-5.54%,$-0.02B,$0.15B,-9.22%,$-0.02B,$0.43B,-3.16%,$-0.02B,$0.27B,-6.23%,$98,$69,$29,$0,$28,$109,$-12,$-3,$-15,$1,$-16,$-16,$-16,$-9,$-12,$17,17,$-0.93,$-0.93,$65,$0,$1,$194,$28,$10,$117,$18,$231,$425,$101,$0,$26,$54,$155,$0,$92,$12,$270,$425,$-35,$6,$19,$25,$8,$0,$-1,$-3,$-122,$-132,$-9,$0,$-15,$0,$-1,$-1,$0,$-26,$0,$0,$0,$1,$1,$-5,$-3,$-7,$-170,$11,$-5
38,2009-03-31,13.92,$16.44,0.85,$33.24,0.42,$-11.05,0.0,$0.67,20.77,$0.22B,$0.13B,1.78,$0.00B,$0.28B,0.0,$0.58B,$0.15B,25.56%,$0.58B,$0.01B,2.25%,$0.58B,$0.01B,2.25%,$0.58B,$0.02B,3.97%,$0.58B,$0.02B,3.11%,$0.58B,$0.01B,2.25%,$0.01B,$0.28B,4.38%,$0.01B,$0.16B,7.07%,$0.01B,$0.45B,2.44%,$0.01B,$0.28B,4.38%,$94,$84,$10,$0,$29,$126,$-32,$-0,$-33,$-14,$-19,$-19,$-19,$-30,$-32,$17,17,$-1.15,$-1.15,$96,$0,$1,$222,$28,$13,$118,$18,$231,$453,$125,$0,$24,$50,$174,$0,$110,$7,$278,$453,$-19,$3,$12,$15,$10,$0,$1,$-4,$-109,$-113,$-8,$0,$-4,$0,$-1,$-1,$0,$-13,$0,$0,$0,$1,$1,$-2,$-3,$-4,$-138,$6,$-2
39,2008-12-31,16.76,$18.71,0.9,$36.23,0.46,$-10.00,0.0,$2.20,7.62,$0.36B,$0.22B,1.65,$0.00B,$0.31B,0.0,$0.65B,$0.18B,28.06%,$0.65B,$0.06B,8.68%,$0.65B,$0.06B,8.68%,$0.65B,$0.07B,10.39%,$0.65B,$0.06B,9.77%,$0.65B,$0.04B,6.05%,$0.04B,$0.31B,12.80%,$0.04B,$0.19B,19.92%,$0.04B,$0.59B,7.09%,$0.06B,$0.31B,18.38%,$142,$106,$36,$0,$31,$137,$5,$2,$7,$2,$5,$5,$5,$8,$5,$17,18,$0.32,$0.30,$235,$0,$2,$356,$28,$13,$115,$18,$234,$590,$216,$0,$41,$68,$284,$0,$131,$12,$306,$590,$39,$11,$32,$43,$3,$0,$-0,$-10,$-31,$51,$-13,$0,$-13,$22,$-3,$19,$1,$-7,$0,$0,$0,$-47,$-47,$-9,$-9,$-65,$-26,$25,$-9
40,2008-09-30,23.33,$18.47,1.26,$36.75,0.63,$-6.61,0.0,$2.39,9.76,$0.34B,$0.20B,1.71,$0.00B,$0.30B,0.0,$0.67B,$0.20B,29.32%,$0.67B,$0.07B,10.38%,$0.67B,$0.07B,10.38%,$0.67B,$0.08B,12.03%,$0.67B,$0.08B,11.58%,$0.67B,$0.04B,6.47%,$0.04B,$0.30B,14.06%,$0.04B,$0.19B,21.47%,$0.04B,$0.56B,7.73%,$0.07B,$0.30B,22.57%,$165,$116,$50,$0,$29,$144,$21,$2,$23,$9,$14,$14,$14,$24,$21,$16,17,$0.85,$0.80,$183,$0,$1,$335,$20,$9,$113,$17,$225,$559,$196,$0,$32,$62,$258,$0,$128,$16,$302,$559,$34,$8,$21,$29,$-29,$0,$-0,$-9,$-77,$-14,$-8,$0,$-13,$22,$1,$23,$0,$2,$0,$0,$0,$-46,$-46,$-7,$-8,$-61,$-78,$19,$-7
41,2008-06-30,21.29,$18.31,1.16,$36.09,0.59,$-4.38,0.0,$2.43,8.76,$0.31B,$0.17B,1.84,$0.00B,$0.30B,0.0,$0.67B,$0.20B,30.00%,$0.67B,$0.07B,10.90%,$0.67B,$0.07B,10.90%,$0.67B,$0.08B,12.54%,$0.67B,$0.08B,12.09%,$0.67B,$0.05B,6.72%,$0.05B,$0.30B,14.61%,$0.05B,$0.19B,21.69%,$0.05B,$0.53B,7.99%,$0.07B,$0.30B,23.70%,$178,$126,$52,$0,$34,$159,$19,$2,$21,$8,$13,$13,$13,$21,$19,$17,18,$0.75,$0.72,$146,$0,$2,$311,$20,$10,$108,$16,$222,$533,$169,$0,$30,$63,$232,$0,$116,$29,$302,$533,$20,$5,$16,$21,$-34,$0,$0,$-7,$-117,$-75,$-5,$0,$-9,$22,$0,$23,$0,$8,$0,$0,$0,$-41,$-41,$-4,$-8,$-54,$-115,$13,$-4
42,2008-03-31,24.95,$17.96,1.39,$34.84,0.72,$-2.01,0.0,$2.82,8.85,$0.30B,$0.15B,2.02,$0.00B,$0.31B,0.0,$0.66B,$0.20B,30.05%,$0.66B,$0.07B,11.23%,$0.66B,$0.07B,11.23%,$0.66B,$0.09B,12.90%,$0.66B,$0.08B,12.44%,$0.66B,$0.05B,8.04%,$0.05B,$0.31B,17.07%,$0.05B,$0.21B,24.80%,$0.05B,$0.52B,9.39%,$0.07B,$0.31B,23.83%,$160,$117,$43,$0,$32,$149,$11,$1,$12,$5,$7,$7,$7,$14,$11,$17,18,$0.41,$0.38,$143,$0,$2,$298,$20,$10,$101,$18,$219,$517,$148,$0,$28,$61,$208,$0,$105,$30,$309,$517,$7,$3,$7,$10,$-26,$0,$-0,$-3,$-130,$-113,$-4,$0,$-0,$22,$0,$22,$0,$19,$0,$0,$0,$-18,$-18,$-2,$-7,$-27,$-118,$7,$-2
43,2007-12-31,28.32,$17.94,1.58,$34.04,0.83,$0.60,46.98,$2.97,9.54,$0.40B,$0.26B,1.58,$0.00B,$0.31B,0.0,$0.65B,$0.20B,30.82%,$0.65B,$0.08B,12.17%,$0.65B,$0.08B,12.17%,$0.65B,$0.09B,13.87%,$0.65B,$0.09B,13.56%,$0.65B,$0.06B,8.63%,$0.06B,$0.31B,18.44%,$0.06B,$0.21B,26.83%,$0.06B,$0.62B,10.09%,$0.08B,$0.31B,26.01%,$162,$111,$50,$0,$32,$144,$18,$2,$21,$11,$9,$9,$9,$21,$18,$18,19,$0.53,$0.49,$283,$0,$1,$403,$19,$8,$100,$16,$214,$617,$255,$0,$23,$52,$307,$0,$101,$25,$310,$617,$56,$11,$9,$21,$4,$0,$-0,$-12,$36,$113,$-8,$0,$-1,$51,$-2,$49,$-2,$38,$0,$0,$0,$-48,$-48,$-2,$3,$-48,$113,$31,$-2
44,2007-09-30,27.74,$17.68,1.57,$32.86,0.84,$0.18,156.17,$2.84,9.77,$0.38B,$0.22B,1.76,$0.00B,$0.31B,0.0,$0.63B,$0.19B,30.03%,$0.63B,$0.07B,11.18%,$0.63B,$0.07B,11.18%,$0.63B,$0.08B,12.94%,$0.63B,$0.08B,12.14%,$0.63B,$0.05B,8.63%,$0.05B,$0.31B,18.48%,$0.05B,$0.22B,27.17%,$0.05B,$0.59B,10.20%,$0.07B,$0.31B,23.95%,$170,$113,$56,$0,$31,$144,$25,$1,$27,$10,$16,$16,$16,$28,$25,$18,19,$0.90,$0.84,$218,$0,$0,$381,$18,$5,$93,$19,$206,$587,$217,$0,$16,$59,$276,$0,$94,$21,$311,$587,$47,$8,$15,$23,$-28,$0,$-2,$-8,$-46,$24,$-6,$0,$-1,$4,$0,$4,$-1,$-4,$0,$0,$0,$-35,$-35,$0,$8,$-27,$2,$26,$0
45,2007-06-30,38.99,$17.22,2.26,$31.11,1.25,$1.17,33.47,$2.60,15.0,$0.33B,$0.17B,2.0,$0.00B,$0.31B,0.0,$0.59B,$0.17B,29.47%,$0.59B,$0.06B,10.73%,$0.59B,$0.06B,10.73%,$0.59B,$0.07B,12.44%,$0.59B,$0.07B,11.58%,$0.59B,$0.05B,8.35%,$0.05B,$0.31B,17.83%,$0.05B,$0.22B,25.65%,$0.05B,$0.54B,9.93%,$0.06B,$0.31B,22.93%,$167,$118,$49,$0,$30,$148,$20,$2,$22,$0,$21,$21,$21,$22,$20,$18,19,$1.17,$1.11,$180,$0,$0,$334,$17,$5,$94,$19,$202,$536,$167,$0,$16,$56,$223,$0,$80,$15,$312,$536,$31,$6,$8,$13,$-34,$0,$1,$-6,$-83,$-38,$-3,$0,$-1,$3,$0,$3,$-1,$-3,$0,$0,$0,$-8,$-8,$0,$8,$-0,$-38,$18,$0
46,2007-03-31,36.87,$15.67,2.35,$28.94,1.27,$3.02,12.22,$2.04,18.07,$0.29B,$0.14B,2.01,$0.00B,$0.28B,0.0,$0.55B,$0.16B,29.85%,$0.55B,$0.06B,10.81%,$0.55B,$0.06B,10.81%,$0.55B,$0.07B,12.64%,$0.55B,$0.06B,11.36%,$0.55B,$0.04B,6.96%,$0.04B,$0.28B,15.03%,$0.04B,$0.19B,21.26%,$0.04B,$0.48B,8.27%,$0.06B,$0.28B,22.56%,$150,$105,$45,$0,$28,$133,$16,$2,$18,$8,$10,$10,$10,$19,$16,$18,19,$0.56,$0.53,$151,$0,$0,$286,$19,$5,$94,$17,$195,$481,$143,$0,$16,$57,$199,$0,$59,$14,$282,$481,$10,$3,$7,$10,$-20,$0,$-1,$-7,$-88,$-68,$-2,$0,$-1,$44,$0,$44,$0,$41,$0,$0,$0,$-4,$-4,$0,$5,$1,$-26,$8,$0
47,2006-12-31,32.23,$14.86,2.17,$26.54,1.21,$4.88,6.61,$1.81,17.81,$0.34B,$0.20B,1.68,$0.00B,$0.26B,0.0,$0.50B,$0.15B,29.68%,$0.50B,$0.05B,10.16%,$0.50B,$0.05B,10.16%,$0.50B,$0.06B,12.15%,$0.50B,$0.06B,10.96%,$0.50B,$0.03B,6.77%,$0.03B,$0.26B,14.08%,$0.03B,$0.17B,19.13%,$0.03B,$0.51B,7.82%,$0.05B,$0.26B,20.38%,$139,$101,$38,$0,$30,$130,$9,$1,$9,$2,$7,$7,$7,$12,$9,$18,19,$0.37,$0.36,$221,$0,$1,$335,$19,$3,$94,$14,$178,$513,$199,$0,$24,$51,$250,$0,$49,$13,$264,$513,$34,$10,$8,$18,$-14,$0,$1,$0,$49,$102,$-6,$0,$-36,$-73,$0,$-73,$-8,$-122,$0,$0,$0,$-42,$-42,$0,$2,$-40,$-56,$25,$0
