,Date,Stock Price,Book Value per Share,Price to Book Ratio,TTM Sales per Share,Price to Sales Ratio,TTM FCF per Share,Price to FCF Ratio,TTM Net EPS,PE Ratio,Current Assets,Current Liabilities,Current Ratio,Long Term Debt,Shareholder's Equity_x,Debt to Equity Ratio,TTM Revenue_x,TTM Gross Profit,Gross Margin,TTM Revenue_y,TTM Operating Income,Operating Margin,TTM Revenue_x,TTM EBIT,EBIT Margin,TTM Revenue_y,TTM EBITDA,EBITDA Margin,TTM Revenue_x,TTM Pre-Tax Income,Pre-Tax Margin,TTM Revenue_y,TTM Net Income_x,Net Margin,TTM Net Income_y,Shareholder's Equity_y,Return on Equity,TTM Net Income_x,Tangible Equity,Return on Tangible Equity,TTM Net Income_y,Total Assets,Return on Assets,TTM Net Income,LT Investments & Debt,Return on Investment,revenue,cost-goods-sold,gross-profit,research-development-expenses,selling-general-administrative-expenses,operating-expenses,operating-income,total-non-operating-income-expense,pre-tax-income,total-provision-income-taxes,income-after-taxes,income-from-continuous-operations,net-income,ebitda,ebit,basic-shares-outstanding,shares-outstanding,eps-basic-net-earnings-per-share,eps-earnings-per-share-diluted,cash-on-hand,inventory,other-current-assets,total-current-assets,net-property-plant-equipment,long-term-investments,goodwill-intangible-assets-total,other-long-term-assets,total-long-term-assets,total-assets,total-current-liabilities,long-term-debt,other-non-current-liabilities,total-long-term-liabilities,total-liabilities,common-stock-net,retained-earnings-accumulated-deficit,comprehensive-income,total-share-holder-equity,total-liabilities-share-holders-equity,net-income-loss,total-depreciation-amortization-cash-flow,other-non-cash-items,total-non-cash-items,change-in-accounts-receivable,change-in-inventories,change-in-accounts-payable,change-in-assets-liabilities,total-change-in-assets-liabilities,cash-flow-from-operating-activities,net-change-in-property-plant-equipment,net-change-in-intangible-assets,net-acquisitions-divestitures,net-change-in-short-term-investments,net-change-in-long-term-investments,net-change-in-investments-total,investing-activities-other,cash-flow-from-investing-activities,net-long-term-debt,net-current-debt,debt-issuance-retirement-net-total,net-common-equity-issued-repurchased,net-total-equity-issued-repurchased,total-common-preferred-stock-dividends-paid,financial-activities-other,cash-flow-from-financial-activities,net-cash-flow,stock-based-compensation,common-stock-dividends-paid
0,2018-09-30,113.31,$14.78,7.67,$16.99,6.67,$2.63,43.14,$0.38,298.18,$0.06B,$0.02B,2.41,$0.00B,$0.11B,0.0,$0.13B,$0.06B,44.62%,$0.13B,$0.01B,5.38%,$0.13B,$0.01B,5.38%,$0.13B,$0.01B,9.23%,$0.13B,$0.01B,5.38%,$0.13B,$0.00B,0.77%,$0.00B,$0.11B,0.94%,$0.00B,$0.08B,1.28%,$0.00B,$0.14B,0.72%,$0.01B,$0.11B,6.56%,$31,$16,$15,$1,$17,$35,$-4,$0,$-4,$-2,$-2,$-2,$-2,$-2,$-4,$7,7,$-0.23,$-0.23,$9,$28,$5,$58,$16,$8,$28,$8,$86,$144,$24,$0,$0,$8,$33,$0,$-138,$0,$112,$144,$2,$3,$2,$5,$-1,$4,$-5,$-6,$-1,$6,$-1,$0,$0,$0,$-8,$-8,$0,$-9,$-0,$0,$-0,$2,$2,$-0,$0,$2,$-0,$4,$-0
1,2018-06-30,103.79,$14.66,7.08,$16.70,6.21,$2.44,42.51,$0.78,133.06,$0.06B,$0.02B,3.17,$0.00B,$0.11B,0.0,$0.13B,$0.06B,44.19%,$0.13B,$0.02B,11.63%,$0.13B,$0.02B,11.63%,$0.13B,$0.02B,14.73%,$0.13B,$0.02B,11.63%,$0.13B,$0.01B,4.65%,$0.01B,$0.11B,5.77%,$0.01B,$0.08B,7.95%,$0.01B,$0.14B,4.38%,$0.02B,$0.11B,14.42%,$30,$17,$13,$1,$10,$27,$2,$-0,$2,$0,$2,$2,$2,$3,$2,$7,8,$0.26,$0.24,$14,$29,$4,$62,$17,$0,$28,$8,$76,$138,$20,$0,$0,$9,$28,$0,$-137,$0,$110,$138,$4,$2,$2,$5,$1,$3,$-2,$-4,$-4,$4,$-1,$0,$0,$0,$0,$0,$0,$-1,$0,$0,$0,$0,$0,$-0,$0,$0,$4,$2,$-0
2,2018-03-31,79.07,$14.17,5.58,$17.30,4.57,$2.44,32.43,$0.98,80.68,$0.06B,$0.02B,2.68,$0.00B,$0.11B,0.0,$0.13B,$0.06B,44.70%,$0.13B,$0.02B,13.64%,$0.13B,$0.02B,13.64%,$0.13B,$0.02B,16.67%,$0.13B,$0.02B,13.64%,$0.13B,$0.01B,5.30%,$0.01B,$0.11B,6.95%,$0.01B,$0.08B,9.69%,$0.01B,$0.14B,5.22%,$0.02B,$0.11B,17.87%,$33,$19,$13,$1,$11,$31,$2,$0,$2,$-0,$2,$2,$2,$3,$2,$7,8,$0.30,$0.28,$12,$30,$4,$63,$17,$0,$29,$7,$75,$138,$23,$0,$0,$9,$33,$0,$-139,$0,$105,$138,$2,$1,$1,$2,$0,$2,$-3,$-2,$0,$4,$-0,$0,$0,$0,$0,$0,$0,$-0,$0,$0,$0,$-1,$-1,$-0,$0,$-1,$2,$1,$-0
3,2017-12-31,80.21,$13.75,5.83,$16.94,4.73,$2.13,37.62,$1.31,61.23,$0.06B,$0.03B,2.45,$0.00B,$0.10B,0.0,$0.13B,$0.06B,45.74%,$0.13B,$0.02B,14.73%,$0.13B,$0.02B,14.73%,$0.13B,$0.02B,17.83%,$0.13B,$0.02B,14.73%,$0.13B,$0.01B,7.75%,$0.01B,$0.10B,10.23%,$0.01B,$0.07B,14.49%,$0.01B,$0.14B,7.52%,$0.02B,$0.10B,19.44%,$36,$19,$17,$0,$9,$29,$7,$-0,$7,$8,$-1,$-1,$-1,$8,$7,$7,8,$-0.14,$-0.15,$10,$33,$3,$63,$17,$0,$29,$5,$73,$136,$26,$0,$0,$10,$35,$0,$-143,$0,$100,$136,$9,$5,$12,$16,$-1,$-14,$3,$-3,$-15,$10,$-3,$0,$0,$0,$-14,$-14,$0,$-17,$-0,$5,$5,$1,$1,$-1,$-0,$6,$-1,$3,$-1
4,2017-09-30,88.09,$13.95,6.32,$17.60,5.01,$1.55,56.92,$1.91,46.12,$0.06B,$0.03B,2.3,$0.00B,$0.10B,0.0,$0.13B,$0.06B,43.61%,$0.13B,$0.02B,14.29%,$0.13B,$0.02B,14.29%,$0.13B,$0.02B,17.29%,$0.13B,$0.02B,13.53%,$0.13B,$0.01B,10.53%,$0.01B,$0.10B,14.81%,$0.01B,$0.07B,21.37%,$0.01B,$0.14B,10.63%,$0.02B,$0.10B,20.11%,$30,$17,$14,$1,$9,$27,$4,$0,$4,$1,$3,$3,$3,$5,$4,$7,8,$0.43,$0.40,$7,$30,$6,$57,$16,$0,$29,$13,$79,$136,$25,$0,$0,$10,$35,$0,$-142,$0,$101,$136,$11,$4,$3,$6,$2,$-10,$2,$-1,$-11,$6,$-2,$0,$0,$0,$-14,$-14,$0,$-16,$-0,$6,$6,$1,$1,$-1,$0,$6,$-3,$2,$-1
5,2017-06-30,102.07,$13.42,7.61,$18.13,5.63,$1.05,97.02,$1.96,52.08,$0.05B,$0.02B,2.46,$0.00B,$0.10B,0.0,$0.14B,$0.06B,42.65%,$0.14B,$0.02B,13.97%,$0.14B,$0.02B,13.97%,$0.14B,$0.02B,17.65%,$0.14B,$0.02B,13.24%,$0.14B,$0.01B,10.29%,$0.01B,$0.10B,15.05%,$0.01B,$0.07B,21.88%,$0.01B,$0.13B,10.87%,$0.02B,$0.10B,20.38%,$33,$18,$15,$0,$10,$29,$5,$0,$5,$2,$3,$3,$3,$6,$5,$7,8,$0.47,$0.44,$4,$26,$4,$48,$16,$0,$29,$12,$78,$126,$20,$0,$0,$10,$30,$0,$-144,$0,$97,$126,$7,$2,$1,$4,$3,$-6,$1,$-3,$-6,$5,$-1,$0,$0,$0,$-14,$-14,$0,$-15,$-0,$3,$3,$1,$1,$-1,$0,$3,$-7,$1,$-1
6,2017-03-31,104.98,$13.07,8.03,$17.88,5.87,$0.49,213.81,$1.87,56.14,$0.06B,$0.03B,1.83,$0.00B,$0.09B,0.0,$0.13B,$0.06B,42.11%,$0.13B,$0.02B,13.53%,$0.13B,$0.02B,13.53%,$0.13B,$0.02B,17.29%,$0.13B,$0.02B,12.78%,$0.13B,$0.01B,10.53%,$0.01B,$0.09B,15.26%,$0.01B,$0.06B,22.40%,$0.01B,$0.13B,11.00%,$0.02B,$0.09B,19.57%,$30,$16,$13,$1,$10,$27,$3,$0,$3,$-1,$4,$4,$5,$4,$3,$7,8,$0.66,$0.61,$12,$25,$4,$55,$16,$0,$29,$11,$79,$134,$30,$0,$0,$11,$41,$0,$-148,$0,$93,$134,$4,$1,$-1,$0,$5,$-5,$-0,$-2,$-3,$2,$-0,$0,$0,$0,$0,$0,$0,$-0,$-0,$0,$0,$-0,$-0,$0,$0,$-0,$1,$1,$0
7,2016-12-31,71.6,$12.38,5.78,$17.78,4.03,$0.10,731.36,$1.43,50.07,$0.06B,$0.03B,1.71,$0.00B,$0.09B,0.0,$0.13B,$0.05B,41.54%,$0.13B,$0.02B,13.08%,$0.13B,$0.02B,13.08%,$0.13B,$0.02B,16.92%,$0.13B,$0.02B,12.31%,$0.13B,$0.01B,7.69%,$0.01B,$0.09B,11.27%,$0.01B,$0.06B,16.26%,$0.01B,$0.13B,8.25%,$0.02B,$0.09B,19.10%,$40,$23,$16,$1,$9,$33,$7,$-0,$6,$2,$5,$5,$3,$8,$7,$7,7,$0.50,$0.46,$11,$20,$2,$55,$17,$0,$29,$4,$76,$131,$32,$0,$0,$11,$44,$0,$-152,$0,$87,$131,$12,$5,$6,$11,$-9,$-5,$-1,$-2,$-17,$6,$-3,$0,$0,$0,$0,$0,$0,$-3,$-1,$1,$-0,$2,$2,$0,$0,$1,$4,$2,$0
8,2016-09-30,54.43,$13.83,3.94,$16.61,3.28,$-0.47,0.0,$1.25,43.54,$0.05B,$0.02B,2.76,$0.00B,$0.10B,0.0,$0.12B,$0.05B,41.67%,$0.12B,$0.01B,11.67%,$0.12B,$0.01B,11.67%,$0.12B,$0.02B,15.83%,$0.12B,$0.01B,11.67%,$0.12B,$0.01B,7.50%,$0.01B,$0.10B,10.37%,$0.01B,$0.07B,14.63%,$0.01B,$0.12B,7.76%,$0.01B,$0.10B,16.09%,$33,$20,$14,$1,$9,$29,$4,$-0,$4,$1,$3,$3,$3,$6,$4,$7,7,$0.49,$0.45,$9,$20,$3,$48,$17,$0,$29,$7,$76,$124,$17,$0,$0,$12,$29,$0,$-156,$0,$95,$124,$8,$3,$4,$7,$0,$-6,$-2,$-6,$-13,$2,$-1,$0,$0,$0,$0,$0,$0,$-1,$-0,$1,$1,$1,$1,$0,$0,$2,$2,$2,$0
9,2016-06-30,37.17,$13.32,2.79,$16.06,2.31,$-0.94,0.0,$1.00,37.17,$0.04B,$0.02B,2.74,$0.00B,$0.09B,0.0,$0.12B,$0.05B,41.74%,$0.12B,$0.01B,10.43%,$0.12B,$0.01B,10.43%,$0.12B,$0.02B,13.91%,$0.12B,$0.01B,10.43%,$0.12B,$0.01B,6.09%,$0.01B,$0.09B,8.56%,$0.01B,$0.06B,11.97%,$0.01B,$0.12B,6.28%,$0.01B,$0.09B,14.68%,$30,$17,$13,$1,$9,$26,$4,$-0,$4,$1,$3,$3,$3,$5,$4,$7,7,$0.38,$0.35,$7,$18,$3,$43,$18,$0,$29,$5,$77,$120,$16,$0,$0,$13,$28,$0,$-160,$0,$92,$120,$4,$2,$2,$5,$2,$-4,$-2,$-4,$-9,$0,$-1,$0,$0,$0,$0,$0,$0,$-1,$-0,$-0,$-0,$1,$1,$0,$0,$0,$-0,$1,$0
10,2016-03-31,28.5,$12.25,2.33,$15.30,1.86,$-1.01,0.0,$0.82,34.76,$0.04B,$0.02B,2.3,$0.00B,$0.08B,0.0,$0.11B,$0.05B,41.28%,$0.11B,$0.01B,9.17%,$0.11B,$0.01B,9.17%,$0.11B,$0.01B,12.84%,$0.11B,$0.01B,9.17%,$0.11B,$0.01B,4.59%,$0.01B,$0.08B,6.51%,$0.01B,$0.06B,8.97%,$0.01B,$0.11B,4.66%,$0.01B,$0.08B,13.03%,$27,$16,$11,$1,$9,$25,$2,$0,$2,$1,$1,$1,$1,$3,$2,$6,7,$0.18,$0.17,$6,$19,$2,$40,$18,$0,$21,$4,$70,$110,$17,$0,$0,$11,$29,$0,$-163,$0,$81,$110,$1,$1,$1,$2,$2,$-4,$-2,$-3,$-4,$-1,$-1,$0,$0,$0,$0,$0,$0,$-1,$-0,$1,$1,$0,$0,$0,$0,$1,$-1,$1,$0
11,2015-12-31,38.68,$11.97,3.23,$14.85,2.61,$-1.10,0.0,$0.74,52.27,$0.04B,$0.02B,2.19,$0.00B,$0.08B,0.0,$0.11B,$0.04B,41.90%,$0.11B,$0.01B,8.57%,$0.11B,$0.01B,8.57%,$0.11B,$0.01B,12.38%,$0.11B,$0.01B,8.57%,$0.11B,$0.01B,4.76%,$0.01B,$0.08B,6.76%,$0.01B,$0.06B,9.43%,$0.01B,$0.11B,4.77%,$0.01B,$0.08B,12.16%,$30,$18,$12,$0,$8,$26,$4,$-0,$4,$1,$2,$2,$2,$5,$4,$7,7,$0.29,$0.28,$7,$16,$2,$41,$17,$0,$21,$3,$68,$110,$19,$0,$0,$12,$30,$0,$-164,$0,$79,$110,$6,$4,$4,$8,$-5,$-7,$3,$-2,$-11,$2,$-4,$0,$0,$0,$0,$0,$0,$-4,$-0,$0,$-0,$1,$1,$0,$2,$3,$1,$2,$0
12,2015-09-30,30.48,$11.39,2.68,$14.43,2.11,$-0.37,0.0,$0.58,52.55,$0.04B,$0.02B,2.13,$0.00B,$0.08B,0.0,$0.10B,$0.04B,42.42%,$0.10B,$0.01B,7.07%,$0.10B,$0.01B,7.07%,$0.10B,$0.01B,11.11%,$0.10B,$0.01B,7.07%,$0.10B,$0.00B,4.04%,$0.00B,$0.08B,5.59%,$0.00B,$0.05B,7.92%,$0.00B,$0.11B,3.94%,$0.01B,$0.08B,9.79%,$28,$16,$12,$0,$9,$26,$2,$0,$2,$1,$1,$1,$1,$3,$2,$6,7,$0.22,$0.20,$6,$18,$2,$41,$16,$0,$21,$2,$65,$106,$19,$0,$0,$12,$31,$0,$-166,$0,$75,$106,$3,$3,$3,$6,$-2,$-8,$2,$-4,$-10,$-1,$-2,$0,$0,$0,$0,$0,$0,$-2,$-0,$2,$2,$1,$1,$0,$0,$3,$0,$2,$0
13,2015-06-30,29.69,$11.08,2.68,$13.83,2.15,$0.32,92.67,$0.46,64.54,$0.04B,$0.02B,2.11,$0.00B,$0.07B,0.0,$0.09B,$0.04B,40.86%,$0.09B,$0.01B,5.38%,$0.09B,$0.01B,5.38%,$0.09B,$0.01B,9.68%,$0.09B,$0.01B,5.38%,$0.09B,$0.00B,4.30%,$0.00B,$0.07B,5.76%,$0.00B,$0.05B,8.25%,$0.00B,$0.10B,4.03%,$0.01B,$0.07B,7.19%,$24,$14,$10,$0,$8,$22,$2,$-0,$2,$1,$1,$1,$1,$3,$2,$6,7,$0.19,$0.17,$7,$17,$2,$39,$15,$0,$21,$2,$64,$103,$18,$0,$0,$12,$31,$0,$-168,$0,$72,$103,$2,$2,$2,$4,$1,$-7,$2,$-2,$-6,$-0,$-1,$0,$0,$0,$0,$0,$0,$-1,$-0,$1,$1,$1,$1,$0,$0,$2,$1,$1,$0
14,2015-03-31,25.78,$10.80,2.39,$14.04,1.84,$0.75,34.46,$0.46,56.04,$0.04B,$0.02B,2.08,$0.00B,$0.07B,0.0,$0.09B,$0.04B,40.22%,$0.09B,$0.00B,4.35%,$0.09B,$0.00B,4.35%,$0.09B,$0.01B,8.70%,$0.09B,$0.00B,4.35%,$0.09B,$0.00B,4.35%,$0.00B,$0.07B,5.86%,$0.00B,$0.05B,8.51%,$0.00B,$0.10B,4.09%,$0.00B,$0.07B,5.86%,$23,$13,$10,$0,$9,$22,$1,$-0,$1,$0,$1,$1,$1,$2,$1,$6,7,$0.10,$0.09,$6,$16,$3,$37,$14,$0,$21,$1,$63,$100,$18,$0,$0,$12,$30,$0,$-169,$0,$70,$100,$1,$1,$1,$2,$0,$-4,$0,$-1,$-4,$-1,$-1,$0,$0,$0,$0,$0,$0,$-1,$-0,$2,$2,$0,$0,$0,$0,$2,$-0,$0,$0
15,2014-12-31,18.13,$10.85,1.67,$14.19,1.28,$1.69,10.71,$0.40,45.33,$0.03B,$0.02B,2.19,$0.00B,$0.07B,0.0,$0.09B,$0.04B,38.89%,$0.09B,$0.00B,3.33%,$0.09B,$0.00B,3.33%,$0.09B,$0.01B,7.78%,$0.09B,$0.00B,3.33%,$0.09B,$0.00B,3.33%,$0.00B,$0.07B,4.49%,$0.00B,$0.05B,6.59%,$0.00B,$0.10B,3.12%,$0.00B,$0.07B,4.48%,$24,$14,$10,$0,$8,$23,$2,$0,$2,$1,$1,$1,$1,$3,$2,$6,6,$0.14,$0.13,$6,$13,$2,$33,$13,$0,$21,$1,$64,$97,$15,$0,$0,$13,$28,$0,$-170,$0,$69,$97,$2,$4,$3,$7,$-1,$-6,$1,$2,$-3,$6,$-2,$0,$0,$0,$0,$0,$0,$-2,$-0,$-5,$-5,$1,$1,$0,$0,$-3,$-0,$2,$0
16,2014-09-30,13.19,$10.61,1.24,$14.47,0.91,$1.48,8.9,$0.48,27.48,$0.04B,$0.02B,2.04,$0.00B,$0.07B,0.0,$0.09B,$0.04B,38.89%,$0.09B,$0.00B,4.44%,$0.09B,$0.00B,4.44%,$0.09B,$0.01B,8.89%,$0.09B,$0.00B,4.44%,$0.09B,$0.00B,3.33%,$0.00B,$0.07B,4.58%,$0.00B,$0.05B,6.78%,$0.00B,$0.10B,3.14%,$0.00B,$0.07B,6.06%,$22,$13,$8,$0,$8,$21,$0,$0,$0,$0,$0,$0,$1,$1,$0,$6,7,$0.09,$0.08,$6,$12,$2,$35,$13,$0,$21,$1,$62,$97,$17,$0,$0,$13,$30,$0,$-170,$0,$67,$97,$1,$3,$2,$4,$-1,$-4,$1,$3,$-1,$4,$-2,$0,$0,$0,$0,$0,$0,$-2,$-0,$-3,$-3,$1,$1,$0,$0,$-2,$-0,$1,$0
17,2014-06-30,10.75,$10.60,1.01,$14.15,0.76,$1.63,6.61,$0.44,24.43,$0.04B,$0.02B,2.08,$0.00B,$0.07B,0.0,$0.09B,$0.03B,39.53%,$0.09B,$0.00B,4.65%,$0.09B,$0.00B,4.65%,$0.09B,$0.01B,9.30%,$0.09B,$0.00B,4.65%,$0.09B,$0.00B,2.33%,$0.00B,$0.07B,3.11%,$0.00B,$0.05B,4.68%,$0.00B,$0.10B,2.13%,$0.00B,$0.07B,6.18%,$23,$14,$9,$0,$8,$22,$1,$0,$1,$0,$1,$1,$1,$2,$1,$6,6,$0.18,$0.17,$6,$13,$2,$35,$12,$0,$22,$0,$62,$97,$17,$0,$0,$14,$31,$0,$-170,$1,$67,$97,$1,$2,$1,$2,$-1,$-3,$2,$3,$0,$3,$-2,$0,$0,$0,$0,$0,$0,$-2,$-0,$-2,$-2,$1,$1,$0,$0,$-1,$0,$1,$0
18,2014-03-31,10.54,$10.63,0.99,$13.70,0.77,$1.93,5.47,$-0.11,0.0,$0.03B,$0.02B,2.14,$0.00B,$0.06B,0.01,$0.08B,$0.03B,37.04%,$0.08B,$-0.00B,-1.23%,$0.08B,$-0.00B,-1.23%,$0.08B,$0.00B,3.70%,$0.08B,$-0.00B,-1.23%,$0.08B,$-0.00B,-1.23%,$-0.00B,$0.06B,-1.59%,$-0.00B,$0.04B,-2.41%,$-0.00B,$0.09B,-1.09%,$-0.00B,$0.07B,-1.57%,$21,$13,$8,$0,$8,$21,$-0,$-0,$-0,$0,$-0,$-0,$0,$1,$-0,$6,6,$0.03,$0.03,$6,$12,$2,$33,$11,$0,$22,$0,$61,$94,$15,$0,$0,$14,$30,$4,$-171,$1,$64,$94,$-0,$1,$0,$1,$1,$-1,$2,$3,$5,$5,$-1,$0,$0,$0,$0,$0,$0,$-1,$-0,$-4,$-4,$0,$0,$0,$0,$-4,$0,$0,$0
19,2013-12-31,8.72,$10.98,0.79,$13.65,0.64,$1.31,6.68,$-0.21,0.0,$0.03B,$0.02B,1.92,$0.00B,$0.06B,0.01,$0.08B,$0.03B,37.97%,$0.08B,$-0.00B,-2.53%,$0.08B,$-0.00B,-2.53%,$0.08B,$0.00B,2.53%,$0.08B,$-0.00B,-2.53%,$0.08B,$-0.00B,-1.27%,$-0.00B,$0.06B,-1.59%,$-0.00B,$0.04B,-2.42%,$-0.00B,$0.09B,-1.10%,$-0.00B,$0.07B,-3.16%,$24,$13,$10,$0,$7,$21,$3,$0,$3,$1,$2,$2,$1,$4,$3,$6,6,$0.20,$0.20,$6,$12,$3,$34,$10,$0,$22,$0,$60,$94,$18,$0,$0,$12,$29,$3,$-171,$1,$64,$94,$-1,$2,$-0,$2,$-0,$-2,$-2,$1,$-3,$-1,$3,$0,$-3,$0,$0,$0,$0,$0,$-1,$2,$1,$0,$0,$0,$0,$2,$0,$0,$0
20,2013-09-30,5.8,$10.62,0.55,$12.93,0.45,$0.67,8.62,$-0.34,0.0,$0.03B,$0.02B,1.58,$0.00B,$0.06B,0.01,$0.07B,$0.03B,36.99%,$0.07B,$-0.00B,-5.48%,$0.07B,$-0.00B,-5.48%,$0.07B,$-0.00B,-1.37%,$0.07B,$-0.00B,-5.48%,$0.07B,$-0.00B,-2.74%,$-0.00B,$0.06B,-3.38%,$-0.00B,$0.04B,-4.71%,$-0.00B,$0.09B,-2.38%,$-0.00B,$0.06B,-6.75%,$18,$10,$7,$0,$7,$18,$0,$-0,$-0,$0,$-0,$-0,$0,$1,$0,$6,6,$0.04,$0.04,$6,$14,$1,$29,$8,$0,$22,$0,$61,$90,$19,$0,$0,$10,$28,$2,$-173,$0,$62,$90,$-3,$2,$-1,$0,$4,$-2,$-2,$-0,$1,$-1,$4,$0,$-3,$0,$0,$0,$0,$1,$-1,$2,$1,$0,$0,$0,$0,$1,$1,$0,$0
21,2013-06-30,6.89,$10.61,0.65,$13.09,0.53,$0.27,25.62,$-0.39,0.0,$0.03B,$0.02B,1.71,$0.00B,$0.06B,0.01,$0.07B,$0.03B,37.50%,$0.07B,$-0.00B,-5.56%,$0.07B,$-0.00B,-5.56%,$0.07B,$-0.00B,-2.78%,$0.07B,$-0.00B,-5.56%,$0.07B,$-0.00B,-2.78%,$-0.00B,$0.06B,-3.59%,$-0.00B,$0.04B,-4.52%,$-0.00B,$0.09B,-2.59%,$-0.00B,$0.06B,-7.17%,$18,$13,$5,$0,$8,$22,$-4,$-0,$-4,$-1,$-2,$-2,$-2,$-3,$-4,$6,6,$-0.38,$-0.38,$5,$14,$1,$29,$7,$0,$22,$0,$59,$89,$17,$0,$0,$10,$27,$3,$-174,$0,$62,$89,$-3,$1,$-1,$-0,$3,$-1,$-1,$0,$2,$-1,$4,$0,$-3,$0,$0,$0,$0,$1,$-0,$-1,$-1,$0,$0,$0,$0,$-1,$-0,$0,$0
22,2013-03-31,9.3,$11.02,0.84,$13.22,0.7,$-0.01,0.0,$0.04,232.5,$0.03B,$0.02B,1.61,$0.00B,$0.06B,0.01,$0.07B,$0.03B,41.67%,$0.07B,0,0.00%,$0.07B,0,0.00%,$0.07B,$0.00B,2.78%,$0.07B,0,0.00%,$0.07B,0,0.00%,$0.00B,$0.06B,0.00%,$0.00B,$0.04B,0.00%,$0.00B,$0.09B,0.00%,$0.00B,$0.06B,0.00%,$19,$11,$8,$0,$8,$20,$-1,$0,$-1,$-0,$-0,$-0,$-0,$-0,$-1,$6,6,$-0.07,$-0.07,$5,$15,$1,$32,$7,$0,$22,$0,$57,$90,$20,$0,$0,$6,$26,$4,$-171,$0,$64,$90,$-0,$0,$-0,$0,$2,$-1,$1,$0,$1,$1,$-0,$0,$-3,$0,$0,$0,$0,$-3,$-0,$3,$2,$0,$0,$0,$0,$3,$-0,$0,$0
23,2012-12-31,8.1,$9.10,0.89,$13.32,0.61,$-0.14,0.0,$0.22,36.82,$0.03B,$0.01B,2.29,$0.00B,$0.05B,0.0,$0.07B,$0.03B,43.06%,$0.07B,$0.00B,2.78%,$0.07B,$0.00B,2.78%,$0.07B,$0.00B,4.17%,$0.07B,$0.00B,2.78%,$0.07B,$0.00B,1.39%,$0.00B,$0.05B,2.05%,$0.00B,$0.05B,2.09%,$0.00B,$0.07B,1.56%,$0.00B,$0.05B,4.10%,$18,$11,$7,$0,$6,$18,$1,$-0,$1,$0,$0,$0,$0,$1,$1,$5,5,$0.08,$0.07,$6,$12,$3,$33,$6,$0,$1,$0,$34,$67,$14,$0,$0,$4,$18,$0,$-170,$0,$49,$67,$1,$2,$1,$3,$-3,$-1,$1,$-2,$-4,$-0,$-2,$0,$0,$0,$0,$0,$0,$-2,$0,$3,$3,$0,$0,$-2,$0,$1,$-1,$0,$-2
24,2012-09-30,9.02,$9.02,1.0,$12.87,0.7,$0.91,9.91,$0.24,37.58,$0.03B,$0.01B,2.66,$0.00B,$0.05B,0.0,$0.07B,$0.03B,44.29%,$0.07B,$0.00B,1.43%,$0.07B,$0.00B,1.43%,$0.07B,$0.00B,4.29%,$0.07B,$0.00B,2.86%,$0.07B,$0.00B,1.43%,$0.00B,$0.05B,2.06%,$0.00B,$0.05B,2.11%,$0.00B,$0.06B,1.59%,$0.00B,$0.05B,2.06%,$17,$10,$7,$0,$7,$17,$-0,$0,$-0,$0,$-0,$-0,$-0,$0,$-0,$5,5,$-0.01,$-0.01,$6,$12,$1,$29,$5,$0,$1,$0,$34,$63,$11,$0,$0,$4,$15,$0,$-170,$0,$48,$63,$1,$1,$1,$2,$-1,$-1,$1,$-1,$-2,$1,$-1,$0,$0,$0,$0,$0,$0,$-1,$0,$0,$0,$0,$0,$-1,$0,$-1,$-1,$0,$-1
25,2012-06-30,11.08,$9.12,1.22,$12.96,0.85,$1.81,6.11,$0.30,36.93,$0.03B,$0.01B,2.83,$0.00B,$0.05B,0.0,$0.07B,$0.03B,43.66%,$0.07B,$0.00B,1.41%,$0.07B,$0.00B,1.41%,$0.07B,$0.00B,5.63%,$0.07B,$0.00B,2.82%,$0.07B,$0.00B,1.41%,$0.00B,$0.05B,2.06%,$0.00B,$0.05B,2.11%,$0.00B,$0.06B,1.59%,$0.00B,$0.05B,2.06%,$18,$10,$8,$0,$7,$18,$0,$0,$0,$0,$0,$0,$0,$1,$0,$5,6,$0.05,$0.05,$8,$12,$1,$30,$5,$0,$1,$0,$33,$63,$11,$0,$0,$4,$14,$0,$-170,$0,$49,$63,$1,$1,$1,$1,$-0,$0,$-0,$-0,$-0,$2,$-1,$0,$0,$0,$0,$0,$0,$-1,$0,$0,$0,$0,$0,$-1,$0,$-0,$1,$0,$-1
26,2012-03-31,11.15,$9.21,1.21,$12.95,0.86,$2.12,5.25,$0.34,32.81,$0.03B,$0.01B,2.78,$0.00B,$0.05B,0.0,$0.07B,$0.03B,42.86%,$0.07B,$0.00B,2.86%,$0.07B,$0.00B,2.86%,$0.07B,$0.00B,5.71%,$0.07B,$0.00B,4.29%,$0.07B,$0.00B,1.43%,$0.00B,$0.05B,2.07%,$0.00B,$0.05B,2.12%,$0.00B,$0.06B,1.59%,$0.00B,$0.05B,4.15%,$19,$10,$9,$0,$8,$18,$1,$-0,$1,$0,$1,$1,$1,$1,$1,$5,5,$0.11,$0.11,$6,$13,$1,$31,$5,$0,$1,$0,$33,$64,$11,$0,$0,$4,$15,$0,$-170,$0,$49,$64,$1,$0,$0,$1,$-2,$-1,$1,$-0,$-2,$-0,$-0,$0,$0,$0,$0,$0,$0,$-0,$0,$0,$0,$0,$0,$0,$0,$0,$-0,$0,$0
27,2011-12-31,7.09,$9.23,0.77,$13.13,0.54,$2.17,3.26,$0.40,17.73,$0.03B,$0.01B,3.11,$0.00B,$0.05B,0.0,$0.07B,$0.03B,40.85%,$0.07B,$0.00B,4.23%,$0.07B,$0.00B,4.23%,$0.07B,$0.01B,7.04%,$0.07B,$0.00B,5.63%,$0.07B,$0.00B,1.41%,$0.00B,$0.05B,2.09%,$0.00B,$0.05B,2.14%,$0.00B,$0.06B,1.59%,$0.00B,$0.05B,6.28%,$16,$9,$7,$0,$6,$15,$0,$0,$1,$0,$0,$0,$0,$1,$0,$5,5,$0.08,$0.09,$6,$12,$1,$29,$5,$0,$1,$0,$33,$62,$9,$0,$0,$4,$13,$0,$-170,$0,$48,$62,$2,$2,$1,$4,$1,$-1,$-0,$-0,$-1,$5,$-1,$0,$0,$0,$0,$0,$0,$-1,$0,$-3,$-3,$0,$0,$0,$0,$-3,$1,$0,$0
28,2011-09-30,8.34,$9.15,0.91,$13.08,0.64,$1.71,4.87,$0.36,23.16,$0.03B,$0.01B,2.76,$0.00B,$0.05B,0.0,$0.07B,$0.03B,40.00%,$0.07B,$0.00B,5.71%,$0.07B,$0.00B,5.71%,$0.07B,$0.01B,7.14%,$0.07B,$0.00B,5.71%,$0.07B,$0.00B,1.43%,$0.00B,$0.05B,2.12%,$0.00B,$0.05B,2.16%,$0.00B,$0.06B,1.59%,$0.00B,$0.05B,8.47%,$18,$11,$7,$0,$6,$17,$0,$0,$0,$0,$0,$0,$0,$1,$0,$5,5,$0.06,$0.05,$8,$12,$1,$30,$5,$0,$1,$0,$33,$63,$11,$0,$0,$4,$15,$0,$-170,$0,$48,$63,$2,$2,$1,$3,$0,$0,$0,$-0,$1,$6,$-1,$0,$0,$0,$0,$0,$0,$-1,$0,$-3,$-3,$0,$0,$0,$0,$-3,$2,$0,$0
29,2011-06-30,9.47,$9.11,1.04,$13.19,0.72,$0.73,12.97,$0.31,30.54,$0.03B,$0.01B,2.93,$0.00B,$0.05B,0.0,$0.07B,$0.03B,40.00%,$0.07B,$0.00B,5.71%,$0.07B,$0.00B,5.71%,$0.07B,$0.01B,7.14%,$0.07B,$0.00B,5.71%,$0.07B,$0.00B,1.43%,$0.00B,$0.05B,2.15%,$0.00B,$0.05B,2.20%,$0.00B,$0.06B,1.58%,$0.00B,$0.05B,8.60%,$17,$10,$7,$1,$6,$17,$1,$-0,$1,$0,$0,$0,$0,$1,$1,$5,5,$0.09,$0.09,$6,$11,$2,$28,$5,$0,$1,$0,$33,$62,$10,$0,$0,$4,$14,$0,$-170,$1,$48,$62,$1,$1,$1,$2,$-0,$0,$-1,$0,$0,$4,$-0,$0,$0,$0,$0,$0,$0,$-0,$0,$-3,$-3,$0,$0,$0,$0,$-3,$0,$0,$0
30,2011-03-31,6.35,$8.96,0.71,$12.83,0.5,$0.01,0.0,$0.22,28.88,$0.03B,$0.01B,2.36,$0.00B,$0.05B,0.0,$0.07B,$0.03B,39.71%,$0.07B,$0.00B,4.41%,$0.07B,$0.00B,4.41%,$0.07B,$0.00B,5.88%,$0.07B,$0.00B,4.41%,$0.07B,$0.00B,1.47%,$0.00B,$0.05B,2.19%,$0.00B,$0.05B,2.23%,$0.00B,$0.06B,1.57%,$0.00B,$0.05B,6.56%,$20,$11,$8,$0,$6,$18,$2,$-0,$2,$1,$1,$1,$1,$2,$2,$5,5,$0.18,$0.17,$6,$11,$1,$30,$5,$0,$1,$0,$34,$64,$13,$0,$0,$5,$17,$0,$-171,$0,$47,$64,$1,$1,$1,$1,$-2,$0,$-1,$0,$-2,$-0,$-0,$0,$0,$0,$0,$0,$0,$-0,$0,$0,$0,$0,$0,$0,$0,$0,$0,$0,$0
31,2010-12-31,4.82,$8.76,0.55,$12.51,0.39,$0.19,25.99,$-0.05,0.0,$0.03B,$0.01B,2.16,$0.00B,$0.05B,0.0,$0.07B,$0.03B,37.88%,$0.07B,$0.00B,1.52%,$0.07B,$0.00B,1.52%,$0.07B,$0.00B,3.03%,$0.07B,0,0.00%,$0.07B,0,0.00%,$0.00B,$0.05B,0.00%,$0.00B,$0.05B,0.00%,$0.00B,$0.06B,0.00%,$0.00B,$0.05B,2.21%,$15,$9,$6,$0,$5,$14,$1,$-0,$1,$0,$0,$0,$0,$1,$1,$5,5,$0.04,$0.04,$5,$12,$1,$27,$5,$0,$1,$0,$36,$63,$13,$0,$0,$5,$17,$0,$-172,$0,$46,$63,$0,$2,$0,$3,$0,$-1,$-0,$-0,$-1,$2,$-1,$0,$0,$0,$0,$0,$0,$-1,$-0,$-1,$-2,$0,$0,$0,$0,$-1,$0,$0,$0
32,2010-09-30,4.37,$8.67,0.5,$12.99,0.34,$1.53,2.85,0,0.0,$0.03B,$0.01B,1.97,$0.00B,$0.05B,0.0,$0.07B,$0.03B,38.24%,$0.07B,$0.00B,1.47%,$0.07B,$0.00B,1.47%,$0.07B,$0.00B,2.94%,$0.07B,0,0.00%,$0.07B,0,0.00%,$0.00B,$0.05B,0.00%,$0.00B,$0.04B,0.00%,$0.00B,$0.06B,0.00%,$0.00B,$0.05B,2.22%,$18,$11,$7,$0,$6,$17,$0,$0,$0,$0,$0,$0,$0,$1,$0,$5,5,$0.05,$0.05,$6,$11,$1,$28,$6,$0,$1,$0,$36,$64,$14,$0,$0,$5,$19,$0,$-172,$0,$45,$64,$-0,$2,$-0,$2,$-2,$0,$-1,$-0,$-1,$-0,$-0,$0,$0,$0,$0,$0,$0,$-0,$-0,$1,$0,$0,$0,$0,$0,$0,$0,$0,$0
33,2010-06-30,6.02,$8.55,0.7,$13.36,0.45,$2.85,2.11,$0.10,60.24,$0.03B,$0.01B,1.95,$0.00B,$0.05B,0.0,$0.07B,$0.03B,37.14%,$0.07B,$0.00B,2.86%,$0.07B,$0.00B,2.86%,$0.07B,$0.00B,4.29%,$0.07B,$0.00B,1.43%,$0.07B,$0.00B,1.43%,$0.00B,$0.05B,2.22%,$0.00B,$0.04B,2.27%,$0.00B,$0.06B,1.56%,$0.00B,$0.05B,4.44%,$15,$9,$6,$0,$6,$15,$-0,$-0,$-0,$-0,$-0,$-0,$-0,$0,$-0,$5,5,$-0.03,$-0.03,$6,$13,$1,$27,$6,$0,$1,$0,$36,$63,$14,$0,$0,$5,$19,$0,$-172,$-0,$45,$63,$-0,$1,$-0,$1,$2,$-1,$-1,$-0,$-1,$-1,$-0,$0,$0,$0,$0,$0,$0,$-0,$1,$-0,$1,$0,$0,$0,$0,$1,$0,$0,$0
34,2010-03-31,7.97,$8.58,0.93,$14.05,0.57,$3.96,2.01,$0.20,39.83,$0.03B,$0.02B,1.91,$0.00B,$0.05B,0.0,$0.07B,$0.03B,36.49%,$0.07B,$0.00B,4.05%,$0.07B,$0.00B,4.05%,$0.07B,$0.01B,6.76%,$0.07B,$0.00B,2.70%,$0.07B,$0.00B,2.70%,$0.00B,$0.05B,4.47%,$0.00B,$0.04B,4.57%,$0.00B,$0.06B,3.08%,$0.00B,$0.05B,6.70%,$18,$11,$6,$0,$6,$18,$-0,$-0,$-1,$-0,$-0,$-0,$-0,$0,$-0,$5,5,$-0.06,$-0.06,$5,$13,$1,$28,$6,$0,$1,$0,$36,$64,$15,$0,$0,$5,$20,$0,$-172,$-0,$45,$64,$-0,$1,$-0,$0,$1,$-1,$1,$-0,$1,$1,$-0,$0,$0,$0,$0,$0,$0,$-0,$-0,$-0,$-1,$0,$0,$0,$0,$-1,$-0,$0,$0
35,2009-12-31,5.13,$8.64,0.59,$14.53,0.35,$4.02,1.28,$0.30,17.08,$0.03B,$0.01B,2.02,$0.00B,$0.05B,0.0,$0.08B,$0.03B,36.84%,$0.08B,$0.00B,5.26%,$0.08B,$0.00B,5.26%,$0.08B,$0.01B,9.21%,$0.08B,$0.00B,5.26%,$0.08B,$0.00B,2.63%,$0.00B,$0.05B,4.52%,$0.00B,$0.04B,4.62%,$0.00B,$0.06B,3.01%,$0.00B,$0.05B,9.04%,$17,$11,$7,$0,$5,$17,$1,$-0,$1,$0,$0,$0,$0,$1,$1,$5,5,$0.13,$0.13,$5,$12,$1,$28,$6,$0,$1,$0,$36,$64,$14,$0,$0,$5,$19,$0,$-172,$-0,$45,$64,$2,$3,$2,$4,$0,$3,$0,$-2,$2,$9,$-0,$0,$0,$0,$0,$0,$0,$-0,$-1,$-7,$-8,$0,$0,$0,$0,$-8,$1,$0,$0
36,2009-09-30,4.27,$8.56,0.5,$14.19,0.3,$2.64,1.62,$-0.20,0.0,$0.03B,$0.02B,1.81,$0.00B,$0.05B,0.0,$0.07B,$0.03B,33.78%,$0.07B,0,0.00%,$0.07B,0,0.00%,$0.07B,$0.00B,5.41%,$0.07B,0,0.00%,$0.07B,0,0.00%,$0.00B,$0.05B,0.00%,$0.00B,$0.04B,0.00%,$0.00B,$0.07B,0.00%,$0.00B,$0.05B,0.00%,$20,$12,$7,$0,$6,$18,$1,$0,$1,$0,$1,$1,$1,$2,$1,$5,5,$0.10,$0.10,$6,$13,$1,$30,$7,$0,$1,$0,$36,$66,$16,$0,$0,$5,$21,$0,$-172,$0,$45,$66,$2,$2,$1,$3,$0,$2,$-0,$-0,$2,$7,$-0,$0,$0,$0,$0,$0,$0,$-0,$-5,$-1,$-6,$0,$0,$0,$0,$-6,$1,$0,$0
37,2009-06-30,3.59,$8.38,0.43,$14.56,0.25,$2.10,1.72,$-0.20,0.0,$0.03B,$0.02B,1.67,$0.00B,$0.04B,0.0,$0.08B,$0.03B,34.21%,$0.08B,0,0.00%,$0.08B,0,0.00%,$0.08B,$0.00B,5.26%,$0.08B,0,0.00%,$0.08B,0,0.00%,$0.00B,$0.04B,0.00%,$0.00B,$0.04B,0.00%,$0.00B,$0.07B,0.00%,$0.00B,$0.04B,0.00%,$19,$12,$7,$0,$6,$18,$1,$-0,$1,$0,$1,$1,$1,$2,$1,$5,5,$0.10,$0.10,$5,$13,$1,$29,$7,$0,$1,$0,$37,$66,$17,$0,$0,$5,$22,$0,$-173,$-0,$44,$66,$1,$1,$1,$2,$1,$2,$0,$-0,$2,$5,$-0,$0,$0,$0,$0,$0,$0,$-0,$-0,$-4,$-4,$0,$0,$0,$0,$-4,$1,$0,$0
38,2009-03-31,2.36,$8.24,0.29,$15.17,0.16,$1.21,1.95,$-0.20,0.0,$0.03B,$0.02B,1.48,$0.00B,$0.04B,0.0,$0.08B,$0.03B,35.00%,$0.08B,0,0.00%,$0.08B,0,0.00%,$0.08B,$0.00B,5.00%,$0.08B,0,0.00%,$0.08B,0,0.00%,$0.00B,$0.04B,0.00%,$0.00B,$0.04B,0.00%,$0.00B,$0.07B,0.00%,$0.00B,$0.04B,0.00%,$20,$13,$7,$0,$6,$19,$1,$-0,$1,$0,$0,$0,$0,$2,$1,$5,5,$0.10,$0.10,$4,$14,$1,$31,$8,$0,$1,$0,$38,$70,$21,$0,$0,$5,$27,$0,$-174,$-0,$43,$70,$0,$1,$0,$1,$-2,$2,$1,$-0,$-1,$1,$-0,$0,$0,$0,$0,$0,$0,$-0,$-0,$-1,$-1,$0,$0,$0,$0,$-1,$-0,$0,$0
39,2008-12-31,2.43,$8.18,0.3,$15.56,0.16,$0.81,2.99,$0.20,12.15,$0.03B,$0.02B,1.41,$0.00B,$0.04B,0.01,$0.08B,$0.03B,35.37%,$0.08B,$-0.00B,-1.22%,$0.08B,$-0.00B,-1.22%,$0.08B,$0.00B,3.66%,$0.08B,$-0.00B,-1.22%,$0.08B,0,0.00%,$0.00B,$0.04B,0.00%,$0.00B,$0.04B,0.00%,$0.00B,$0.07B,0.00%,$-0.00B,$0.04B,-2.27%,$15,$11,$4,$0,$6,$18,$-3,$-0,$-3,$-1,$-2,$-2,$-2,$-2,$-3,$5,5,$-0.37,$-0.37,$5,$15,$1,$31,$9,$0,$1,$0,$39,$70,$22,$0,$0,$6,$28,$0,$-174,$0,$43,$70,$-1,$3,$-0,$3,$2,$1,$-2,$-2,$-1,$2,$-1,$0,$0,$0,$0,$0,$0,$-1,$-1,$-2,$-2,$0,$0,$0,$0,$-2,$-1,$0,$0
40,2008-09-30,6.32,$8.61,0.73,$16.18,0.39,$-0.14,0.0,$6.10,1.04,$0.03B,$0.02B,1.47,$0.00B,$0.05B,0.0,$0.09B,$0.03B,36.78%,$0.09B,$0.00B,3.45%,$0.09B,$0.00B,3.45%,$0.09B,$0.01B,6.90%,$0.09B,$0.00B,2.30%,$0.09B,$0.03B,36.78%,$0.03B,$0.05B,73.14%,$0.03B,$0.04B,74.85%,$0.03B,$0.07B,43.24%,$0.00B,$0.05B,6.78%,$22,$13,$8,$1,$7,$21,$1,$-0,$1,$0,$1,$1,$1,$2,$1,$5,5,$0.10,$0.10,$5,$15,$1,$33,$9,$0,$1,$0,$39,$72,$22,$0,$0,$5,$28,$0,$-172,$0,$45,$72,$1,$2,$1,$3,$-0,$1,$0,$-2,$-0,$4,$-1,$0,$0,$0,$0,$0,$0,$-1,$-1,$-4,$-4,$0,$0,$0,$0,$-4,$-0,$0,$0
41,2008-06-30,11.66,$8.52,1.37,$15.53,0.75,$-0.78,0.0,$6.20,1.88,$0.03B,$0.02B,1.38,$0.00B,$0.04B,0.0,$0.08B,$0.03B,38.10%,$0.08B,$0.00B,3.57%,$0.08B,$0.00B,3.57%,$0.08B,$0.01B,7.14%,$0.08B,$0.00B,2.38%,$0.08B,$0.03B,38.10%,$0.03B,$0.04B,90.14%,$0.03B,$0.04B,92.75%,$0.03B,$0.07B,48.48%,$0.00B,$0.04B,8.22%,$23,$14,$9,$0,$7,$21,$1,$-0,$1,$1,$1,$1,$1,$2,$1,$5,5,$0.10,$0.10,$6,$15,$1,$33,$10,$0,$1,$0,$41,$73,$24,$0,$0,$6,$29,$0,$-173,$1,$44,$73,$0,$2,$1,$2,$1,$1,$-2,$-1,$-1,$1,$-1,$0,$0,$0,$0,$0,$0,$-1,$-0,$0,$-0,$0,$0,$0,$0,$-0,$1,$0,$0
42,2008-03-31,15.45,$8.38,1.84,$14.94,1.03,$-0.64,0.0,$6.30,2.45,$0.03B,$0.03B,1.38,$0.00B,$0.04B,0.02,$0.08B,$0.03B,38.27%,$0.08B,$0.00B,3.70%,$0.08B,$0.00B,3.70%,$0.08B,$0.01B,7.41%,$0.08B,$0.00B,2.47%,$0.08B,$0.03B,39.51%,$0.03B,$0.04B,117.43%,$0.03B,$0.04B,121.90%,$0.03B,$0.08B,55.65%,$0.00B,$0.04B,10.53%,$22,$14,$8,$1,$7,$22,$-0,$-0,$-0,$-0,$-0,$-0,$-0,$1,$-0,$5,5,$0.00,$0.00,$6,$16,$1,$34,$11,$0,$1,$0,$41,$75,$25,$1,$0,$7,$32,$0,$-173,$1,$43,$75,$-0,$1,$-0,$1,$0,$-0,$-1,$-1,$-1,$-1,$-1,$0,$0,$0,$0,$0,$0,$-1,$-0,$1,$1,$0,$0,$0,$0,$1,$0,$0,$0
43,2007-12-31,17.78,$8.34,2.13,$14.87,1.2,$-0.20,0.0,$5.80,3.07,$0.04B,$0.03B,1.39,$0.00B,$0.04B,0.03,$0.08B,$0.03B,40.24%,$0.08B,$0.01B,7.32%,$0.08B,$0.01B,7.32%,$0.08B,$0.01B,9.76%,$0.08B,$0.00B,4.88%,$0.08B,$0.03B,41.46%,$0.03B,$0.04B,181.33%,$0.03B,$0.04B,191.55%,$0.03B,$0.08B,70.47%,$0.01B,$0.04B,29.63%,$20,$13,$7,$1,$6,$20,$1,$-0,$0,$-30,$30,$30,$30,$1,$1,$5,6,$5.90,$5.50,$6,$16,$1,$35,$11,$0,$1,$0,$40,$76,$25,$1,$0,$8,$33,$0,$-173,$0,$43,$76,$35,$2,$-30,$-28,$0,$-7,$1,$-2,$-9,$-2,$-2,$0,$0,$0,$0,$0,$0,$-2,$-1,$5,$3,$1,$1,$0,$0,$4,$0,$0,$0
44,2007-09-30,20.99,$2.37,8.85,$15.12,1.39,$0.83,25.42,$0.50,41.97,$0.03B,$0.02B,1.48,$0.00B,$0.01B,0.11,$0.08B,$0.03B,41.46%,$0.08B,$0.01B,7.32%,$0.08B,$0.01B,7.32%,$0.08B,$0.01B,10.98%,$0.08B,$0.01B,6.10%,$0.08B,$0.01B,6.10%,$0.01B,$0.01B,51.28%,$0.01B,$0.01B,57.14%,$0.01B,$0.04B,12.90%,$0.01B,$0.01B,52.17%,$19,$12,$8,$1,$6,$18,$1,$-0,$1,$0,$1,$1,$1,$2,$1,$5,6,$0.20,$0.20,$5,$13,$1,$30,$9,$0,$1,$0,$10,$40,$20,$1,$0,$8,$28,$0,$-204,$0,$12,$40,$4,$1,$0,$2,$0,$-2,$-0,$-1,$-4,$2,$-2,$0,$0,$0,$0,$0,$0,$-2,$-1,$-0,$-1,$1,$1,$0,$0,$-0,$0,$0,$0
45,2007-06-30,22.64,$2.09,10.84,$15.17,1.49,$0.95,23.74,$0.50,45.28,$0.03B,$0.02B,1.54,$0.00B,$0.01B,0.14,$0.08B,$0.03B,41.46%,$0.08B,$0.01B,7.32%,$0.08B,$0.01B,7.32%,$0.08B,$0.01B,10.98%,$0.08B,$0.01B,6.10%,$0.08B,$0.01B,6.10%,$0.01B,$0.01B,62.50%,$0.01B,$0.01B,71.43%,$0.01B,$0.04B,13.07%,$0.01B,$0.01B,61.54%,$20,$12,$8,$1,$6,$19,$1,$-0,$1,$0,$1,$1,$1,$2,$1,$5,6,$0.20,$0.20,$5,$12,$1,$29,$9,$0,$1,$0,$9,$39,$19,$2,$0,$9,$28,$0,$-205,$0,$11,$39,$3,$1,$0,$1,$1,$-1,$-1,$-1,$-2,$2,$-1,$0,$0,$0,$0,$0,$0,$-1,$-1,$-1,$-2,$0,$0,$0,$0,$-1,$0,$0,$0
46,2007-03-31,16.13,$1.82,8.86,$15.16,1.06,$0.75,21.61,$0.40,40.32,$0.03B,$0.02B,1.51,$0.00B,$0.01B,0.19,$0.08B,$0.03B,41.98%,$0.08B,$0.01B,7.41%,$0.08B,$0.01B,7.41%,$0.08B,$0.01B,9.88%,$0.08B,$0.00B,4.94%,$0.08B,$0.00B,4.94%,$0.00B,$0.01B,64.00%,$0.00B,$0.01B,80.00%,$0.00B,$0.04B,10.60%,$0.01B,$0.01B,72.73%,$23,$12,$10,$1,$7,$20,$3,$-0,$2,$0,$2,$2,$2,$3,$3,$5,5,$0.50,$0.40,$7,$11,$1,$29,$8,$0,$1,$0,$9,$38,$19,$2,$0,$10,$29,$0,$-206,$0,$9,$38,$2,$0,$0,$0,$0,$1,$-1,$-1,$-1,$2,$-0,$0,$0,$0,$0,$0,$0,$-0,$-0,$0,$-0,$0,$0,$0,$0,$0,$1,$0,$0
47,2006-12-31,16.32,$1.33,12.28,$14.46,1.13,$0.71,23.12,$0.20,81.61,$0.03B,$0.02B,1.4,$0.00B,$0.01B,0.29,$0.08B,$0.03B,40.79%,$0.08B,$0.00B,3.95%,$0.08B,$0.00B,3.95%,$0.08B,$0.01B,7.89%,$0.08B,$0.00B,2.63%,$0.08B,$0.00B,2.63%,$0.00B,$0.01B,42.11%,$0.00B,$0.01B,61.54%,$0.00B,$0.04B,5.37%,$0.00B,$0.01B,42.86%,$20,$12,$8,$1,$6,$19,$1,$-0,$1,$0,$1,$1,$1,$2,$1,$5,5,$0.10,$0.00,$5,$13,$1,$31,$7,$0,$1,$0,$8,$38,$22,$2,$0,$10,$32,$0,$-208,$0,$7,$38,$2,$2,$1,$3,$-2,$-1,$-0,$-2,$-3,$1,$0,$0,$0,$0,$0,$0,$-0,$0,$-1,$-1,$-2,$1,$1,$0,$0,$-1,$0,$1,$0
