,Date,Stock Price,Book Value per Share,Price to Book Ratio,TTM Sales per Share,Price to Sales Ratio,TTM FCF per Share,Price to FCF Ratio,TTM Net EPS,PE Ratio,Current Assets,Current Liabilities,Current Ratio,Long Term Debt,Shareholder's Equity_x,Debt to Equity Ratio,TTM Revenue_x,TTM Gross Profit,Gross Margin,TTM Revenue_y,TTM Operating Income,Operating Margin,TTM Revenue_x,TTM EBIT,EBIT Margin,TTM Revenue_y,TTM EBITDA,EBITDA Margin,TTM Revenue_x,TTM Pre-Tax Income,Pre-Tax Margin,TTM Revenue_y,TTM Net Income_x,Net Margin,TTM Net Income_y,Shareholder's Equity_y,Return on Equity,TTM Net Income_x,Tangible Equity,Return on Tangible Equity,TTM Net Income_y,Total Assets,Return on Assets,TTM Net Income,LT Investments & Debt,Return on Investment,revenue,cost-goods-sold,gross-profit,research-development-expenses,selling-general-administrative-expenses,operating-expenses,operating-income,total-non-operating-income-expense,pre-tax-income,total-provision-income-taxes,income-after-taxes,income-from-continuous-operations,net-income,ebitda,ebit,basic-shares-outstanding,shares-outstanding,eps-basic-net-earnings-per-share,eps-earnings-per-share-diluted,cash-on-hand,inventory,other-current-assets,total-current-assets,net-property-plant-equipment,long-term-investments,goodwill-intangible-assets-total,other-long-term-assets,total-long-term-assets,total-assets,total-current-liabilities,long-term-debt,other-non-current-liabilities,total-long-term-liabilities,total-liabilities,common-stock-net,retained-earnings-accumulated-deficit,comprehensive-income,total-share-holder-equity,total-liabilities-share-holders-equity,net-income-loss,total-depreciation-amortization-cash-flow,other-non-cash-items,total-non-cash-items,change-in-accounts-receivable,change-in-inventories,change-in-accounts-payable,change-in-assets-liabilities,total-change-in-assets-liabilities,cash-flow-from-operating-activities,net-change-in-property-plant-equipment,net-change-in-intangible-assets,net-acquisitions-divestitures,net-change-in-short-term-investments,net-change-in-long-term-investments,net-change-in-investments-total,investing-activities-other,cash-flow-from-investing-activities,net-long-term-debt,net-current-debt,debt-issuance-retirement-net-total,net-common-equity-issued-repurchased,net-total-equity-issued-repurchased,total-common-preferred-stock-dividends-paid,financial-activities-other,cash-flow-from-financial-activities,net-cash-flow,stock-based-compensation,common-stock-dividends-paid
0,2018-09-30,21.1,$9.99,2.11,$7.44,2.83,$5.87,3.59,$1.17,18.03,$1.41B,$0.27B,5.32,$4.08B,$7.40B,0.55,$5.51B,$1.57B,28.42%,$5.51B,$0.48B,8.64%,$5.51B,$0.48B,8.64%,$5.51B,$1.48B,26.86%,$5.51B,$1.02B,18.49%,$5.51B,$0.88B,15.91%,$0.88B,$7.40B,12.21%,$0.88B,$7.40B,12.21%,$0.88B,$12.16B,7.30%,$0.48B,$11.47B,4.21%,$1299,$955,$344,$0,$0,$1391,$-92,$512,$420,$42,$378,$378,$322,$322,$-92,$740,741,$0.43,$0.43,$1269,$0,$0,$1410,$9775,$0,$0,$970,$10745,$12155,$265,$4079,$246,$4495,$4760,$7,$-728,$-65,$7395,$12155,$845,$784,$-657,$127,$-55,$0,$0,$24,$-31,$941,$810,$0,$-1025,$0,$-3,$-3,$8,$-210,$135,$0,$135,$0,$0,$-481,$-15,$-361,$366,$11,$-481
1,2018-06-30,21.07,$9.69,2.18,$7.39,2.85,$5.04,4.18,$0.88,23.94,$0.81B,$0.24B,3.34,$4.23B,$7.17B,0.59,$5.46B,$1.55B,28.32%,$5.46B,$0.70B,12.72%,$5.46B,$0.70B,12.72%,$5.46B,$1.46B,26.77%,$5.46B,$0.75B,13.64%,$5.46B,$0.66B,12.05%,$0.66B,$7.17B,9.27%,$0.66B,$7.17B,9.27%,$0.66B,$12.08B,5.53%,$0.70B,$11.39B,6.20%,$1518,$1036,$482,$0,$0,$1255,$263,$-35,$228,$17,$211,$211,$209,$453,$263,$740,740,$0.28,$0.28,$646,$0,$0,$807,$10377,$0,$0,$891,$11268,$12075,$242,$4228,$266,$4667,$4909,$7,$-901,$-68,$7166,$12075,$467,$370,$-114,$256,$-81,$0,$0,$13,$-68,$655,$161,$0,$-1019,$0,$1,$1,$-2,$-859,$285,$0,$285,$0,$0,$-333,$-7,$-55,$-263,$7,$-333
2,2018-03-31,18.46,$9.64,1.92,$7.29,2.53,$4.88,3.78,$0.88,20.98,$0.47B,$0.23B,2.01,$4.27B,$7.13B,0.6,$5.39B,$1.51B,28.06%,$5.39B,$0.68B,12.55%,$5.39B,$0.68B,12.55%,$5.39B,$1.43B,26.61%,$5.39B,$0.76B,14.04%,$5.39B,$0.66B,12.24%,$0.66B,$7.13B,9.29%,$0.66B,$7.13B,9.29%,$0.66B,$12.06B,5.56%,$0.68B,$11.39B,6.07%,$1346,$969,$377,$0,$0,$1175,$171,$89,$260,$4,$256,$256,$253,$351,$171,$739,740,$0.34,$0.34,$323,$0,$0,$469,$10650,$0,$0,$945,$11595,$12064,$233,$4266,$281,$4703,$4936,$7,$-962,$-55,$7128,$12064,$256,$180,$-123,$57,$-63,$0,$0,$-2,$-65,$248,$95,$0,$-1019,$0,$-29,$-29,$-2,$-955,$310,$0,$310,$0,$0,$-185,$-6,$119,$-589,$3,$-185
3,2017-12-31,19.45,$9.47,2.05,$7.29,2.67,$4.83,4.03,$0.75,25.94,$0.99B,$0.28B,3.51,$3.95B,$7.00B,0.57,$5.39B,$1.51B,28.05%,$5.39B,$0.68B,12.55%,$5.39B,$0.68B,12.55%,$5.39B,$1.43B,26.62%,$5.39B,$0.65B,12.08%,$5.39B,$0.56B,10.47%,$0.56B,$7.00B,7.97%,$0.56B,$7.00B,7.97%,$0.56B,$11.69B,4.79%,$0.68B,$10.96B,6.12%,$1344,$982,$362,$0,$0,$1210,$134,$-24,$110,$17,$93,$93,$92,$353,$134,$739,739,$0.13,$0.13,$913,$0,$0,$992,$9692,$0,$0,$1009,$10701,$11693,$283,$3954,$287,$4408,$4691,$7,$-1071,$-60,$7002,$11693,$571,$758,$-48,$710,$-27,$0,$0,$-24,$-51,$1230,$204,$0,$-468,$0,$-17,$-17,$14,$-267,$280,$0,$280,$0,$0,$-628,$-54,$-402,$565,$11,$-628
4,2017-09-30,17.9,$9.62,1.86,$7.27,2.46,$4.57,3.92,$0.80,22.37,$0.91B,$0.25B,3.62,$3.96B,$7.11B,0.56,$5.38B,$1.51B,27.99%,$5.38B,$0.69B,12.86%,$5.38B,$0.69B,12.86%,$5.38B,$1.42B,26.34%,$5.38B,$0.67B,12.40%,$5.38B,$0.60B,11.12%,$0.60B,$7.11B,8.44%,$0.60B,$7.11B,8.44%,$0.60B,$11.77B,5.11%,$0.69B,$11.07B,6.30%,$1254,$928,$326,$0,$0,$1127,$127,$20,$147,$42,$105,$105,$104,$305,$127,$739,739,$0.14,$0.14,$789,$0,$0,$905,$10014,$0,$0,$852,$10866,$11771,$250,$3961,$295,$4413,$4663,$7,$-974,$-57,$7108,$11771,$478,$539,$-62,$477,$-57,$0,$0,$-31,$-88,$867,$264,$0,$-467,$0,$3,$3,$0,$-200,$290,$0,$290,$0,$0,$-480,$-54,$-244,$428,$8,$-480
5,2017-06-30,17.49,$9.68,1.81,$7.32,2.39,$4.60,3.8,$0.80,21.87,$0.77B,$0.22B,3.47,$3.99B,$7.14B,0.56,$5.42B,$1.52B,28.08%,$5.42B,$0.71B,13.08%,$5.42B,$0.71B,13.08%,$5.42B,$1.44B,26.54%,$5.42B,$0.65B,11.94%,$5.42B,$0.60B,11.09%,$0.60B,$7.14B,8.47%,$0.60B,$7.14B,8.47%,$0.60B,$11.85B,5.16%,$0.71B,$11.13B,6.48%,$1441,$995,$446,$0,$0,$1197,$244,$-5,$239,$27,$212,$212,$210,$424,$244,$739,739,$0.28,$0.28,$646,$0,$0,$766,$10251,$0,$0,$837,$11088,$11854,$221,$3992,$344,$4492,$4713,$7,$-931,$-77,$7141,$11854,$373,$361,$-21,$340,$-59,$0,$0,$-39,$-98,$615,$83,$0,$-467,$0,$4,$4,$0,$-380,$398,$0,$398,$0,$0,$-332,$-11,$55,$294,$5,$-332
6,2017-03-31,17.68,$9.57,1.85,$7.33,2.41,$4.85,3.64,$0.99,17.86,$0.55B,$0.22B,2.51,$3.99B,$7.07B,0.56,$5.44B,$1.52B,27.95%,$5.44B,$0.70B,12.94%,$5.44B,$0.70B,12.94%,$5.44B,$1.43B,26.35%,$5.44B,$0.79B,14.54%,$5.44B,$0.74B,13.57%,$0.74B,$7.07B,10.38%,$0.74B,$7.07B,10.38%,$0.74B,$11.78B,6.37%,$0.70B,$11.05B,6.47%,$1348,$971,$377,$0,$0,$1177,$171,$-16,$155,$-6,$161,$161,$158,$352,$171,$738,738,$0.21,$0.21,$413,$0,$0,$546,$10382,$0,$0,$848,$11230,$11776,$218,$3988,$343,$4492,$4710,$7,$-992,$-78,$7066,$11776,$161,$181,$-25,$156,$-74,$0,$0,$-31,$-105,$212,$96,$0,$-467,$0,$-13,$-13,$0,$-384,$398,$0,$398,$0,$0,$-185,$-5,$208,$40,$3,$-185
7,2016-12-31,17.66,$9.53,1.85,$7.29,2.42,$4.76,3.71,$1.02,17.31,$0.43B,$0.28B,1.54,$3.65B,$7.03B,0.52,$5.43B,$1.50B,27.61%,$5.43B,$0.68B,12.60%,$5.43B,$0.68B,12.60%,$5.43B,$1.42B,26.06%,$5.43B,$0.81B,14.94%,$5.43B,$0.76B,14.03%,$0.76B,$7.03B,10.72%,$0.76B,$7.03B,10.72%,$0.76B,$11.41B,6.59%,$0.68B,$10.68B,6.29%,$1337,$980,$357,$0,$0,$1187,$150,$-24,$126,$-2,$128,$128,$126,$336,$150,$743,744,$0.18,$0.17,$374,$0,$0,$429,$10145,$0,$0,$834,$10979,$11408,$278,$3649,$283,$4097,$4375,$7,$-1007,$-83,$7033,$11408,$771,$731,$-211,$520,$-6,$0,$0,$17,$11,$1302,$-54,$0,$-63,$0,$18,$18,$0,$-99,$-219,$0,$-219,$-218,$-218,$-596,$-4,$-1037,$167,$12,$-596
8,2016-09-30,14.4,$9.66,1.49,$7.25,1.98,$4.11,3.5,$1.07,13.46,$0.45B,$0.24B,1.85,$3.75B,$7.13B,0.53,$5.42B,$1.49B,27.55%,$5.42B,$0.68B,12.49%,$5.42B,$0.68B,12.49%,$5.42B,$1.40B,25.91%,$5.42B,$0.85B,15.61%,$5.42B,$0.80B,14.74%,$0.80B,$7.13B,11.21%,$0.80B,$7.13B,11.21%,$0.80B,$11.54B,6.88%,$0.68B,$10.88B,6.18%,$1295,$953,$342,$0,$0,$1151,$144,$-17,$127,$19,$108,$108,$107,$327,$144,$741,741,$0.14,$0.14,$342,$0,$0,$448,$10379,$0,$0,$715,$11094,$11542,$242,$3752,$280,$4170,$4412,$7,$-948,$-79,$7130,$11542,$643,$545,$-209,$336,$-63,$0,$0,$-1,$-64,$915,$242,$0,$-246,$0,$19,$19,$0,$15,$-129,$0,$-129,$-206,$-206,$-448,$-6,$-789,$147,$8,$-448
9,2016-06-30,14.8,$9.74,1.52,$7.23,2.05,$3.25,4.56,$1.04,14.23,$0.38B,$0.23B,1.68,$3.72B,$7.21B,0.52,$5.41B,$1.48B,27.33%,$5.41B,$0.67B,12.32%,$5.41B,$0.67B,12.32%,$5.41B,$1.39B,25.76%,$5.41B,$0.82B,15.07%,$5.41B,$0.78B,14.37%,$0.78B,$7.21B,10.96%,$0.78B,$7.21B,10.96%,$0.78B,$11.59B,6.62%,$0.67B,$10.93B,6.03%,$1459,$1015,$444,$0,$0,$1220,$239,$144,$383,$32,$351,$351,$347,$418,$239,$744,744,$0.47,$0.47,$269,$0,$0,$383,$10452,$0,$0,$757,$11209,$11592,$228,$3715,$288,$4150,$4378,$7,$-907,$-71,$7214,$11592,$535,$362,$-209,$153,$-67,$0,$0,$-10,$-77,$611,$278,$0,$-196,$0,$8,$8,$0,$90,$-161,$0,$-161,$-162,$-162,$-300,$-4,$-627,$78,$6,$-300
10,2016-03-31,15.05,$9.46,1.59,$7.10,2.12,$2.55,5.9,$0.85,17.7,$0.38B,$0.22B,1.79,$3.96B,$7.06B,0.56,$5.39B,$1.46B,27.05%,$5.39B,$0.65B,12.05%,$5.39B,$0.65B,12.05%,$5.39B,$1.38B,25.65%,$5.39B,$0.66B,12.23%,$5.39B,$0.64B,11.92%,$0.64B,$7.06B,9.04%,$0.64B,$7.06B,9.04%,$0.64B,$11.69B,5.42%,$0.65B,$11.02B,5.82%,$1339,$983,$356,$0,$0,$1188,$151,$24,$175,$-9,$184,$184,$182,$334,$151,$750,750,$0.24,$0.24,$249,$0,$0,$384,$10551,$0,$0,$755,$11306,$11690,$215,$3961,$297,$4414,$4629,$7,$-1107,$-94,$7061,$11690,$184,$183,$-57,$126,$-83,$0,$0,$-8,$-91,$219,$26,$0,$-79,$0,$6,$6,$0,$-47,$80,$0,$80,$-81,$-81,$-150,$-1,$-152,$24,$3,$-150
11,2015-12-31,13.66,$9.47,1.44,$7.03,1.94,$2.26,6.05,$0.74,18.45,$0.29B,$0.24B,1.2,$3.87B,$7.10B,0.54,$5.35B,$1.43B,26.75%,$5.35B,$0.63B,11.79%,$5.35B,$0.63B,11.79%,$5.35B,$1.36B,25.42%,$5.35B,$0.57B,10.73%,$5.35B,$0.56B,10.43%,$0.56B,$7.10B,7.78%,$0.56B,$7.10B,7.78%,$0.56B,$11.66B,4.68%,$0.63B,$10.97B,5.63%,$1326,$975,$351,$0,$0,$1183,$143,$18,$161,$-4,$165,$165,$163,$325,$143,$752,753,$0.22,$0.22,$236,$0,$0,$292,$10583,$0,$0,$781,$11364,$11656,$243,$3867,$299,$4309,$4552,$8,$-1139,$-107,$7104,$11656,$565,$729,$-114,$615,$17,$0,$0,$-37,$-20,$1160,$-383,$0,$-438,$0,$102,$102,$11,$-708,$482,$0,$482,$-675,$-675,$-646,$-18,$-857,$-421,$11,$-646
12,2015-09-30,13.9,$9.46,1.47,$6.91,2.01,$2.76,5.03,$0.85,16.35,$0.41B,$0.25B,1.65,$4.28B,$6.99B,0.61,$5.31B,$1.40B,26.36%,$5.31B,$0.62B,11.69%,$5.31B,$0.62B,11.69%,$5.31B,$1.34B,25.29%,$5.31B,$0.66B,12.46%,$5.31B,$0.65B,12.22%,$0.65B,$6.99B,8.97%,$0.65B,$6.99B,8.97%,$0.65B,$11.98B,5.39%,$0.62B,$11.27B,5.50%,$1283,$956,$327,$0,$0,$1150,$133,$-37,$96,$9,$87,$87,$85,$316,$133,$746,747,$0.11,$0.11,$279,$0,$0,$409,$10683,$0,$0,$856,$11571,$11980,$248,$4278,$318,$4744,$4992,$7,$-1152,$-119,$6988,$11980,$400,$547,$-61,$486,$-57,$0,$0,$-27,$-84,$802,$-285,$0,$-402,$0,$17,$17,$-27,$-697,$324,$0,$324,$-330,$-330,$-498,$-13,$-517,$-426,$9,$-498
13,2015-06-30,17.21,$9.68,1.78,$6.90,2.49,$3.05,5.64,$0.93,18.51,$0.40B,$0.23B,1.74,$4.05B,$7.26B,0.56,$5.32B,$1.41B,26.46%,$5.32B,$0.69B,12.97%,$5.32B,$0.69B,12.97%,$5.32B,$1.41B,26.53%,$5.32B,$0.72B,13.47%,$5.32B,$0.71B,13.30%,$0.71B,$7.26B,9.66%,$0.71B,$7.26B,9.66%,$0.71B,$12.04B,5.86%,$0.69B,$11.32B,6.09%,$1439,$1016,$423,$0,$0,$1217,$222,$5,$227,$13,$214,$214,$212,$407,$222,$754,786,$0.28,$0.28,$265,$0,$0,$400,$10776,$0,$0,$834,$11641,$12041,$230,$4053,$310,$4549,$4779,$7,$-1089,$-84,$7262,$12041,$313,$364,$-57,$307,$-60,$0,$0,$-11,$-71,$549,$-157,$0,$-402,$0,$-2,$-2,$-3,$-564,$79,$0,$79,$-131,$-131,$-348,$-6,$-406,$-429,$8,$-348
14,2015-03-31,17.35,$9.68,1.79,$6.96,2.49,$3.35,5.18,$0.86,20.17,$0.63B,$0.22B,2.83,$3.97B,$7.32B,0.54,$5.31B,$1.41B,26.59%,$5.31B,$0.69B,13.04%,$5.31B,$0.69B,13.04%,$5.31B,$1.41B,26.55%,$5.31B,$0.66B,12.50%,$5.31B,$0.65B,12.25%,$0.65B,$7.32B,8.85%,$0.65B,$7.32B,8.85%,$0.65B,$12.01B,5.37%,$0.69B,$11.29B,6.11%,$1302,$972,$330,$0,$0,$1169,$133,$-43,$90,$-9,$99,$99,$98,$312,$133,$756,756,$0.13,$0.13,$485,$0,$0,$634,$10495,$0,$0,$848,$11376,$12010,$224,$3968,$304,$4463,$4687,$8,$-1151,$-87,$7323,$12010,$99,$179,$-9,$170,$-75,$0,$0,$-30,$-105,$164,$-137,$0,$0,$0,$0,$0,$-28,$-165,$0,$0,$0,$0,$0,$-197,$-1,$-198,$-206,$5,$-197
15,2014-12-31,20.23,$9.75,2.08,$6.91,2.93,$3.78,5.35,$0.97,20.86,$0.75B,$0.30B,2.53,$3.96B,$7.37B,0.54,$5.32B,$1.42B,26.69%,$5.32B,$0.69B,13.04%,$5.32B,$0.69B,13.04%,$5.32B,$1.41B,26.52%,$5.32B,$0.76B,14.19%,$5.32B,$0.73B,13.76%,$0.73B,$7.37B,9.94%,$0.73B,$7.37B,9.94%,$0.73B,$12.17B,6.01%,$0.69B,$11.33B,6.10%,$1287,$967,$320,$0,$0,$1154,$133,$116,$249,$-3,$252,$252,$254,$308,$133,$755,787,$0.33,$0.32,$684,$0,$0,$754,$10575,$0,$0,$843,$11418,$12172,$298,$3957,$324,$4506,$4804,$8,$-1098,$-50,$7368,$12172,$741,$717,$-235,$482,$-17,$0,$0,$-66,$-83,$1140,$69,$0,$-151,$0,$-23,$-23,$19,$-86,$-751,$0,$-751,$4,$4,$-469,$-3,$-1219,$-173,$22,$-469
16,2014-09-30,17.96,$9.73,1.85,$7.05,2.55,$3.85,4.66,$0.80,22.45,$0.57B,$0.24B,2.35,$4.01B,$7.35B,0.55,$5.37B,$1.45B,26.97%,$5.37B,$0.70B,13.03%,$5.37B,$0.70B,13.03%,$5.37B,$1.43B,26.56%,$5.37B,$0.57B,10.55%,$5.37B,$0.60B,11.20%,$0.60B,$7.35B,8.19%,$0.60B,$7.35B,8.19%,$0.60B,$12.14B,4.87%,$0.70B,$11.36B,6.05%,$1294,$959,$335,$0,$0,$1092,$202,$-51,$151,$6,$145,$145,$144,$385,$202,$756,756,$0.19,$0.19,$418,$0,$0,$574,$10629,$0,$0,$895,$11561,$12135,$244,$4012,$325,$4541,$4785,$8,$-1155,$-32,$7350,$12135,$489,$542,$-87,$455,$-102,$0,$0,$-78,$-180,$764,$-22,$0,$-137,$0,$-13,$-13,$4,$-168,$-740,$0,$-740,$0,$0,$-318,$-7,$-1065,$-474,$15,$-318
17,2014-06-30,18.36,$9.77,1.88,$6.96,2.64,$3.92,4.68,$0.64,28.69,$0.60B,$0.20B,2.98,$4.03B,$7.38B,0.55,$5.28B,$1.39B,26.37%,$5.28B,$0.58B,10.90%,$5.28B,$0.58B,10.90%,$5.28B,$1.30B,24.65%,$5.28B,$0.43B,8.10%,$5.28B,$0.48B,9.01%,$0.48B,$7.38B,6.51%,$0.48B,$7.38B,6.51%,$0.48B,$12.22B,3.82%,$0.58B,$11.41B,4.93%,$1431,$1003,$428,$0,$0,$1206,$225,$-51,$174,$15,$159,$159,$155,$406,$225,$755,756,$0.21,$0.21,$473,$0,$0,$602,$10749,$0,$0,$825,$11613,$12215,$202,$4030,$388,$4629,$4831,$8,$-1148,$3,$7384,$12215,$344,$359,$-98,$261,$-76,$0,$0,$-4,$-80,$525,$75,$0,$-73,$0,$10,$10,$0,$12,$-748,$0,$-748,$0,$0,$-204,$-8,$-960,$-421,$10,$-204
18,2014-03-31,16.77,$9.73,1.72,$6.94,2.42,$3.97,4.23,$0.59,28.42,$0.54B,$0.19B,2.9,$4.09B,$7.35B,0.56,$5.25B,$1.38B,26.24%,$5.25B,$0.56B,10.59%,$5.25B,$0.56B,10.59%,$5.25B,$1.28B,24.41%,$5.25B,$0.39B,7.33%,$5.25B,$0.44B,8.38%,$0.44B,$7.35B,6.05%,$0.44B,$7.35B,6.05%,$0.44B,$12.21B,3.50%,$0.56B,$11.44B,4.71%,$1309,$972,$337,$0,$0,$1175,$134,$47,$181,$-4,$185,$185,$179,$312,$134,$755,785,$0.24,$0.24,$425,$0,$0,$536,$10817,$0,$0,$817,$11673,$12209,$185,$4093,$386,$4675,$4860,$8,$-1189,$-2,$7349,$12209,$185,$178,$-110,$68,$-58,$0,$0,$-24,$-82,$171,$196,$0,$-73,$0,$11,$11,$0,$134,$-676,$0,$-676,$1,$1,$-98,$-2,$-775,$-469,$4,$-98
19,2013-12-31,15.99,$9.62,1.66,$6.93,2.31,$3.94,4.06,$0.43,37.2,$0.95B,$0.21B,4.42,$4.76B,$7.26B,0.66,$5.17B,$1.33B,25.75%,$5.17B,$0.51B,9.91%,$5.17B,$0.51B,9.91%,$5.17B,$1.24B,24.08%,$5.17B,$0.23B,4.47%,$5.17B,$0.32B,6.14%,$0.32B,$7.26B,4.40%,$0.32B,$7.26B,4.40%,$0.32B,$12.81B,2.47%,$0.51B,$12.02B,4.23%,$1332,$985,$347,$0,$0,$1194,$138,$-78,$60,$2,$58,$58,$123,$322,$138,$744,748,$0.16,$0.15,$893,$0,$0,$945,$10995,$0,$0,$832,$11869,$12814,$214,$4759,$389,$5338,$5552,$8,$-1263,$-9,$7262,$12814,$325,$732,$-79,$653,$21,$0,$0,$20,$41,$1019,$184,$0,$-185,$0,$-74,$-74,$0,$-75,$-476,$0,$-476,$303,$303,$-313,$-7,$-493,$444,$18,$-313
20,2013-09-30,14.44,$9.62,1.5,$7.46,1.94,$2.77,5.21,$0.29,49.8,$0.48B,$0.19B,2.46,$4.56B,$7.26B,0.63,$5.51B,$1.39B,25.17%,$5.51B,$0.48B,8.75%,$5.51B,$0.48B,8.75%,$5.51B,$1.31B,23.79%,$5.51B,$0.20B,3.60%,$5.51B,$0.21B,3.80%,$0.21B,$7.26B,2.94%,$0.21B,$7.26B,2.94%,$0.21B,$12.56B,1.62%,$0.48B,$11.82B,3.96%,$1211,$930,$281,$0,$0,$1132,$79,$-66,$13,$11,$2,$2,$19,$262,$79,$749,750,$0.03,$0.03,$390,$0,$0,$475,$11110,$0,$0,$935,$12088,$12563,$193,$4560,$373,$5108,$5301,$8,$-1288,$0,$7262,$12563,$199,$548,$-34,$514,$-12,$0,$0,$-4,$-16,$697,$92,$0,$-139,$0,$-71,$-71,$-34,$-152,$-680,$0,$-680,$303,$303,$-222,$-7,$-606,$-63,$12,$-222
21,2013-06-30,13.7,$9.64,1.42,$7.45,1.84,$2.12,6.45,$0.21,65.22,$0.56B,$0.18B,3.19,$4.72B,$7.21B,0.66,$5.45B,$1.35B,24.79%,$5.45B,$0.46B,8.51%,$5.45B,$0.46B,8.51%,$5.45B,$1.27B,23.34%,$5.45B,$0.16B,2.86%,$5.45B,$0.16B,2.86%,$0.16B,$7.21B,2.22%,$0.16B,$7.21B,2.22%,$0.16B,$12.67B,1.20%,$0.46B,$11.94B,3.77%,$1399,$986,$413,$0,$0,$1194,$205,$-74,$131,$15,$116,$116,$119,$386,$205,$745,746,$0.16,$0.16,$428,$0,$0,$558,$11201,$0,$0,$860,$12107,$12665,$175,$4724,$384,$5276,$5451,$7,$-1216,$-12,$7214,$12665,$181,$365,$-39,$326,$-55,$0,$0,$8,$-47,$460,$164,$0,$-139,$0,$-50,$-50,$0,$-25,$-500,$0,$-500,$192,$192,$-140,$-6,$-454,$-24,$8,$-140
22,2013-03-31,14.11,$9.57,1.47,$7.38,1.91,$1.38,10.23,$0.16,88.16,$1.21B,$0.17B,7.31,$5.53B,$7.11B,0.78,$5.38B,$1.29B,23.97%,$5.38B,$0.44B,8.10%,$5.38B,$0.44B,8.10%,$5.38B,$1.23B,22.82%,$5.38B,$0.12B,2.17%,$5.38B,$0.12B,2.21%,$0.12B,$7.11B,1.71%,$0.12B,$7.11B,1.71%,$0.12B,$13.34B,0.91%,$0.44B,$12.64B,3.52%,$1224,$935,$289,$0,$0,$1134,$90,$-63,$27,$-7,$34,$34,$56,$274,$90,$728,739,$0.08,$0.08,$1110,$0,$0,$1206,$11284,$0,$0,$794,$12131,$13337,$165,$5534,$353,$6062,$6227,$7,$-1253,$14,$7110,$13337,$60,$184,$-32,$152,$-21,$0,$0,$-15,$-36,$176,$151,$0,$0,$0,$-1,$-1,$-3,$147,$298,$0,$298,$103,$103,$-65,$-2,$334,$658,$4,$-65
23,2012-12-31,12.56,$9.47,1.33,$7.07,1.78,$0.96,13.04,$0.08,157.05,$0.53B,$0.19B,2.75,$5.41B,$6.86B,0.79,$5.11B,$1.19B,23.25%,$5.11B,$0.36B,7.09%,$5.11B,$0.36B,7.09%,$5.11B,$1.13B,22.10%,$5.11B,$0.02B,0.43%,$5.11B,$0.06B,1.19%,$0.06B,$6.86B,0.88%,$0.06B,$6.86B,0.88%,$0.06B,$12.99B,0.47%,$0.36B,$12.27B,2.90%,$1673,$1270,$403,$0,$0,$1565,$108,$-81,$27,$22,$5,$5,$15,$388,$108,$724,725,$0.02,$0.02,$453,$0,$0,$533,$11588,$0,$0,$820,$12461,$12994,$194,$5411,$372,$5941,$6135,$7,$-1234,$12,$6859,$12994,$63,$767,$-19,$748,$-42,$0,$0,$12,$-30,$781,$-462,$0,$-447,$0,$-47,$-47,$70,$-886,$-368,$0,$-368,$274,$274,$-187,$-24,$-305,$-409,$16,$-187
24,2012-09-30,12.79,$9.59,1.33,$6.79,1.88,$0.76,16.77,$0.08,159.93,$0.39B,$0.11B,3.69,$5.50B,$6.93B,0.79,$4.84B,$1.12B,23.03%,$4.84B,$0.36B,7.43%,$4.84B,$0.36B,7.43%,$4.84B,$1.07B,22.08%,$4.84B,$0.00B,0.08%,$4.84B,$0.06B,1.28%,$0.06B,$6.93B,0.90%,$0.06B,$6.93B,0.90%,$0.06B,$13.04B,0.47%,$0.36B,$12.43B,2.87%,$1158,$911,$247,$0,$0,$1097,$61,$-90,$-29,$11,$-40,$-40,$-34,$225,$61,$721,721,$-0.05,$-0.05,$289,$0,$0,$387,$11731,$0,$0,$867,$12655,$13042,$105,$5495,$341,$6003,$6108,$7,$-1126,$9,$6934,$13042,$48,$487,$-25,$462,$-61,$0,$0,$-25,$-86,$424,$-132,$0,$-652,$0,$-31,$-31,$-7,$-822,$-281,$0,$-281,$255,$255,$-129,$-20,$-175,$-572,$14,$-129
25,2012-06-30,12.55,$9.68,1.3,$6.80,1.85,$0.65,19.18,$0.08,156.86,$0.57B,$0.10B,6.0,$5.23B,$6.98B,0.75,$4.82B,$1.08B,22.45%,$4.82B,$0.35B,7.33%,$4.82B,$0.35B,7.33%,$4.82B,$1.06B,22.01%,$4.82B,$0.00B,0.02%,$4.82B,$0.06B,1.31%,$0.06B,$6.98B,0.92%,$0.06B,$6.98B,0.92%,$0.06B,$12.74B,0.48%,$0.35B,$12.20B,2.83%,$1326,$975,$351,$0,$0,$1149,$177,$-85,$92,$12,$80,$80,$82,$341,$177,$718,731,$0.11,$0.11,$493,$0,$0,$570,$11347,$0,$0,$765,$12166,$12736,$95,$5226,$278,$5664,$5759,$7,$-1042,$-7,$6977,$12736,$83,$323,$-44,$279,$-42,$0,$0,$-18,$-60,$302,$-235,$0,$-18,$0,$-20,$-20,$4,$-269,$-536,$0,$-536,$222,$222,$-78,$-2,$-394,$-361,$8,$-78
26,2012-03-31,12.96,$9.56,1.36,$6.85,1.89,$0.59,22.07,$0.06,216.08,$1.40B,$0.15B,9.2,$6.14B,$6.86B,0.9,$4.77B,$1.05B,22.04%,$4.77B,$0.33B,6.87%,$4.77B,$0.33B,6.87%,$4.77B,$1.02B,21.43%,$4.77B,$-0.02B,-0.34%,$4.77B,$0.04B,0.90%,$0.04B,$6.86B,0.64%,$0.04B,$6.86B,0.64%,$0.04B,$13.59B,0.33%,$0.33B,$13.00B,2.61%,$952,$765,$187,$0,$0,$936,$16,$-84,$-68,$-13,$-55,$-55,$-2,$175,$16,$708,708,$-0.00,$-0.00,$1345,$0,$0,$1399,$11341,$0,$0,$790,$12188,$13587,$152,$6137,$267,$6575,$6727,$7,$-1123,$18,$6860,$13587,$0,$159,$-55,$104,$-18,$0,$0,$-13,$-31,$73,$-54,$0,$0,$0,$-19,$-19,$-19,$-92,$371,$0,$371,$173,$173,$-35,$-4,$505,$486,$5,$-35
27,2011-12-31,11.62,$9.52,1.22,$6.83,1.7,$0.48,24.39,$-0.03,0.0,$0.90B,$0.18B,5.14,$5.75B,$6.71B,0.86,$4.71B,$1.03B,21.79%,$4.71B,$0.31B,6.55%,$4.71B,$0.31B,6.55%,$4.71B,$0.99B,21.09%,$4.71B,$-0.03B,-0.59%,$4.71B,$-0.02B,-0.32%,$-0.02B,$6.71B,-0.23%,$-0.02B,$6.71B,-0.23%,$-0.02B,$13.09B,-0.12%,$0.31B,$12.47B,2.51%,$1406,$1076,$330,$0,$0,$1300,$106,$-97,$9,$8,$1,$1,$16,$328,$106,$693,693,$0.03,$0.03,$862,$0,$0,$899,$11383,$0,$0,$753,$12191,$13090,$175,$5753,$291,$6202,$6377,$7,$-1079,$-1,$6713,$13090,$-16,$685,$-2,$683,$0,$0,$0,$-5,$-5,$662,$-496,$0,$-1047,$0,$-48,$-48,$15,$-1576,$399,$0,$399,$323,$323,$-70,$-24,$628,$-287,$19,$-70
28,2011-09-30,8.58,$9.68,0.89,$7.04,1.22,$0.57,15.0,$-0.06,0.0,$0.59B,$0.17B,3.43,$5.49B,$6.80B,0.81,$4.80B,$1.01B,20.98%,$4.80B,$0.29B,6.13%,$4.80B,$0.29B,6.13%,$4.80B,$0.94B,19.61%,$4.80B,$-0.05B,-1.06%,$4.80B,$-0.04B,-0.77%,$-0.04B,$6.80B,-0.57%,$-0.04B,$6.80B,-0.57%,$-0.04B,$12.81B,-0.29%,$0.29B,$12.29B,2.42%,$1131,$918,$213,$0,$0,$1077,$54,$-86,$-32,$3,$-35,$-35,$-33,$216,$54,$702,702,$-0.05,$-0.05,$560,$0,$0,$594,$11444,$0,$0,$723,$12211,$12805,$173,$5488,$225,$5828,$6001,$7,$-1032,$31,$6804,$12805,$-32,$463,$-12,$451,$3,$0,$0,$-38,$-35,$384,$-176,$0,$-1200,$0,$22,$22,$12,$-1342,$133,$0,$133,$289,$289,$-42,$-11,$369,$-589,$0,$-42
29,2011-06-30,13.24,$9.59,1.38,$6.96,1.9,$0.57,23.35,$-0.10,0.0,$0.74B,$0.18B,4.14,$5.89B,$6.65B,0.89,$4.67B,$0.97B,20.79%,$4.67B,$0.26B,5.63%,$4.67B,$0.26B,5.63%,$4.67B,$0.89B,19.10%,$4.67B,$-0.09B,-1.82%,$4.67B,$-0.06B,-1.35%,$-0.06B,$6.65B,-0.99%,$-0.06B,$6.65B,-0.99%,$-0.06B,$13.10B,-0.50%,$0.26B,$12.54B,2.20%,$1284,$962,$322,$0,$0,$1132,$152,$-77,$75,$8,$67,$67,$62,$304,$152,$686,687,$0.09,$0.09,$669,$0,$0,$736,$11635,$0,$0,$687,$12367,$13103,$178,$5888,$209,$6271,$6449,$7,$-999,$40,$6654,$13103,$4,$301,$-15,$286,$-27,$0,$0,$-7,$-34,$256,$-239,$0,$-1035,$0,$-18,$-18,$2,$-1290,$295,$0,$295,$288,$288,$-21,$-7,$555,$-479,$0,$-21
30,2011-03-31,13.73,$9.35,1.47,$6.79,2.02,$0.71,19.37,$-0.17,0.0,$0.25B,$0.17B,1.5,$5.54B,$6.38B,0.87,$4.50B,$0.92B,20.49%,$4.50B,$0.22B,4.91%,$4.50B,$0.22B,4.91%,$4.50B,$0.85B,18.80%,$4.50B,$-0.13B,-2.98%,$4.50B,$-0.11B,-2.49%,$-0.11B,$6.38B,-1.80%,$-0.11B,$6.38B,-1.80%,$-0.11B,$12.49B,-0.92%,$0.22B,$11.92B,1.89%,$893,$731,$162,$0,$0,$896,$-3,$-77,$-80,$-20,$-60,$-60,$-60,$146,$-3,$677,677,$-0.09,$-0.09,$195,$0,$0,$249,$11485,$0,$0,$718,$12244,$12493,$166,$5538,$213,$5944,$6110,$7,$-1039,$29,$6383,$12493,$-60,$149,$-22,$127,$-11,$0,$0,$-19,$-30,$37,$-94,$0,$-989,$0,$-5,$-5,$-50,$-1138,$50,$0,$50,$99,$99,$-7,$0,$142,$-959,$0,$-7
31,2010-12-31,13.92,$9.37,1.48,$6.74,2.06,$0.80,17.41,$-0.21,0.0,$1.20B,$0.16B,7.45,$5.48B,$6.33B,0.87,$4.43B,$0.92B,20.75%,$4.43B,$0.22B,5.01%,$4.43B,$0.22B,5.01%,$4.43B,$0.85B,19.12%,$4.43B,$-0.16B,-3.57%,$4.43B,$-0.14B,-3.12%,$-0.14B,$6.33B,-2.24%,$-0.14B,$6.33B,-2.24%,$-0.14B,$12.41B,-1.14%,$0.22B,$11.81B,1.92%,$1491,$1181,$310,$0,$0,$1400,$91,$-105,$-14,$-10,$-4,$-4,$-6,$275,$91,$666,666,$-0.01,$-0.01,$1154,$0,$0,$1199,$10514,$0,$0,$654,$11212,$12411,$161,$5477,$250,$5918,$6079,$7,$-965,$25,$6332,$12411,$-132,$625,$26,$651,$-9,$0,$0,$10,$1,$520,$-297,$0,$-380,$0,$-54,$-54,$25,$-706,$-642,$0,$-642,$406,$305,$-26,$20,$-343,$-529,$40,$-20
32,2010-09-30,11.27,$9.29,1.21,$6.62,1.7,$1.11,10.14,$-0.32,0.0,$0.98B,$0.19B,5.25,$5.42B,$6.13B,0.89,$4.26B,$0.89B,20.90%,$4.26B,$0.16B,3.85%,$4.26B,$0.16B,3.85%,$4.26B,$0.89B,20.90%,$4.26B,$-0.22B,-5.14%,$4.26B,$-0.21B,-4.81%,$-0.21B,$6.13B,-3.34%,$-0.21B,$6.13B,-3.34%,$-0.21B,$12.10B,-1.68%,$0.16B,$11.55B,1.41%,$1003,$826,$177,$0,$0,$980,$23,$-89,$-66,$-5,$-61,$-61,$-59,$167,$23,$655,655,$-0.09,$-0.09,$922,$0,$0,$981,$10452,$0,$0,$623,$11114,$12095,$187,$5424,$201,$5779,$5966,$7,$-946,$9,$6129,$12095,$-126,$441,$-4,$437,$-25,$0,$0,$42,$17,$328,$-137,$0,$-292,$0,$0,$0,$-69,$-498,$-76,$0,$-76,$158,$57,$-20,$-595,$-634,$-804,$0,$-14
33,2010-06-30,10.49,$9.27,1.13,$6.58,1.59,$1.37,7.66,$-0.32,0.0,$1.27B,$0.15B,8.29,$5.40B,$6.05B,0.89,$4.16B,$0.86B,20.70%,$4.16B,$0.13B,3.19%,$4.16B,$0.13B,3.19%,$4.16B,$0.87B,20.77%,$4.16B,$-0.25B,-5.88%,$4.16B,$-0.20B,-4.88%,$-0.20B,$6.05B,-3.32%,$-0.20B,$6.05B,-3.32%,$-0.20B,$11.96B,-1.67%,$0.13B,$11.45B,1.14%,$1112,$839,$273,$0,$0,$1002,$110,$-84,$26,$6,$20,$20,$13,$258,$110,$653,654,$0.02,$0.02,$1214,$0,$0,$1268,$10054,$0,$0,$592,$10689,$11957,$153,$5395,$190,$5754,$5907,$7,$-887,$2,$6050,$11957,$-64,$297,$-2,$295,$-25,$0,$0,$13,$-12,$219,$-110,$0,$0,$0,$0,$0,$-48,$-158,$-475,$0,$-475,$55,$-46,$-13,$2,$-532,$-471,$0,$-7
34,2010-03-31,11.39,$9.44,1.21,$6.70,1.7,$1.50,7.61,$-0.46,0.0,$1.32B,$0.16B,8.05,$5.38B,$6.06B,0.89,$4.10B,$0.85B,20.64%,$4.10B,$0.13B,3.10%,$4.10B,$0.13B,3.10%,$4.10B,$0.86B,20.94%,$4.10B,$-0.27B,-6.63%,$4.10B,$-0.29B,-6.97%,$-0.29B,$6.16B,-4.68%,$-0.29B,$6.16B,-4.68%,$-0.29B,$12.06B,-2.33%,$0.13B,$11.54B,1.07%,$823,$664,$159,$0,$0,$825,$-2,$-102,$-104,$-22,$-82,$-82,$-86,$147,$-2,$648,648,$-0.13,$-0.13,$1279,$0,$0,$1320,$10144,$0,$0,$550,$10740,$12060,$164,$5383,$194,$5737,$5901,$7,$-894,$9,$6159,$12060,$-84,$149,$-12,$137,$-12,$0,$0,$8,$-4,$49,$-45,$0,$0,$0,$0,$0,$6,$-39,$-472,$0,$-472,$55,$55,$-3,$13,$-407,$-397,$0,$-1
35,2009-12-31,9.06,$9.61,0.94,$7.06,1.28,$1.71,5.29,$-0.45,0.0,$1.72B,$0.17B,9.91,$5.84B,$6.11B,0.96,$4.14B,$0.88B,21.21%,$4.14B,$0.15B,3.60%,$4.14B,$0.15B,3.60%,$4.14B,$0.90B,21.65%,$4.14B,$-0.24B,-5.69%,$4.14B,$-0.26B,-6.30%,$-0.26B,$6.21B,-4.38%,$-0.26B,$6.21B,-4.38%,$-0.26B,$12.56B,-2.13%,$0.15B,$12.05B,1.26%,$1326,$1044,$282,$0,$0,$1293,$33,$-108,$-75,$-10,$-65,$-65,$-73,$319,$33,$627,627,$-0.12,$-0.12,$1695,$0,$0,$1724,$10231,$0,$0,$551,$10831,$12555,$174,$5837,$194,$6170,$6344,$6,$-801,$12,$6211,$12555,$-258,$748,$-55,$693,$34,$0,$0,$83,$117,$552,$-147,$0,$0,$0,$-7,$-7,$38,$-116,$1,$0,$1,$767,$767,$-52,$-18,$698,$1134,$0,$-43
36,2009-09-30,8.92,$9.83,0.91,$7.98,1.12,$1.81,4.94,$-0.14,0.0,$1.12B,$0.13B,8.62,$5.54B,$5.98B,0.93,$4.42B,$1.01B,22.82%,$4.42B,$0.33B,7.54%,$4.42B,$0.33B,7.54%,$4.42B,$1.01B,22.95%,$4.42B,$-0.06B,-1.43%,$4.42B,$-0.08B,-1.83%,$-0.08B,$6.07B,-1.39%,$-0.08B,$6.07B,-1.39%,$-0.08B,$12.07B,-0.67%,$0.33B,$11.61B,2.86%,$903,$755,$148,$0,$0,$911,$-8,$-84,$-92,$-25,$-67,$-67,$-57,$141,$-8,$606,606,$-0.09,$-0.09,$1068,$0,$0,$1120,$10336,$0,$0,$565,$10947,$12067,$130,$5539,$201,$5864,$5994,$6,$-575,$6,$6073,$12067,$-187,$462,$41,$503,$11,$0,$0,$43,$54,$370,$-37,$0,$0,$0,$0,$0,$2,$-35,$-372,$0,$-372,$588,$588,$-33,$-7,$176,$511,$0,$-26
37,2009-06-30,6.36,$9.94,0.64,$8.69,0.73,$1.82,3.5,$0.05,127.11,$1.47B,$0.09B,17.13,$6.09B,$5.91B,1.03,$4.65B,$1.12B,24.11%,$4.65B,$0.46B,9.86%,$4.65B,$0.46B,9.86%,$4.65B,$1.13B,24.28%,$4.65B,$0.06B,1.33%,$4.65B,$0.02B,0.45%,$0.02B,$6.01B,0.37%,$0.02B,$6.01B,0.37%,$0.02B,$12.47B,0.17%,$0.46B,$12.10B,3.95%,$1051,$793,$258,$0,$0,$947,$104,$-105,$-1,$10,$-11,$-11,$-70,$252,$104,$575,575,$-0.12,$-0.12,$1392,$0,$0,$1473,$10431,$0,$0,$517,$10999,$12472,$86,$6093,$171,$6379,$6465,$6,$-518,$2,$6007,$12472,$-129,$313,$86,$399,$-19,$0,$0,$4,$-15,$255,$-86,$0,$0,$0,$39,$39,$-4,$-51,$196,$0,$196,$480,$480,$-30,$-12,$634,$838,$0,$-26
38,2009-03-31,2.97,$10.57,0.28,$9.37,0.32,$1.76,1.68,$0.52,5.71,$0.75B,$0.11B,7.04,$5.89B,$5.47B,1.08,$4.99B,$1.28B,25.61%,$4.99B,$0.63B,12.56%,$4.99B,$0.63B,12.56%,$4.99B,$1.29B,25.91%,$4.99B,$0.25B,5.07%,$4.99B,$0.27B,5.45%,$0.27B,$5.56B,4.90%,$0.27B,$5.56B,4.90%,$0.27B,$11.87B,2.27%,$0.63B,$11.46B,5.48%,$864,$673,$191,$0,$0,$844,$20,$-88,$-68,$-14,$-54,$-54,$-61,$185,$20,$526,530,$-0.12,$-0.12,$691,$0,$0,$753,$10581,$0,$0,$491,$11119,$11872,$107,$5893,$163,$6203,$6310,$5,$-448,$2,$5562,$11872,$-60,$165,$-9,$156,$3,$0,$0,$21,$24,$120,$-1,$0,$0,$0,$39,$39,$3,$41,$14,$0,$14,$0,$0,$-29,$-1,$-16,$145,$0,$-27
39,2008-12-31,5.73,$10.64,0.54,$9.76,0.59,$1.69,3.39,$0.75,7.65,$0.62B,$0.12B,5.19,$5.88B,$5.49B,1.07,$5.18B,$1.35B,26.12%,$5.18B,$0.74B,14.29%,$5.18B,$0.74B,14.29%,$5.18B,$1.37B,26.39%,$5.18B,$0.38B,7.26%,$5.18B,$0.39B,7.43%,$0.39B,$5.59B,6.98%,$0.39B,$5.59B,6.98%,$0.39B,$11.95B,3.23%,$0.74B,$11.47B,6.52%,$1600,$1189,$411,$0,$0,$1383,$217,$-119,$98,$-14,$112,$112,$107,$436,$217,$523,527,$0.20,$0.18,$552,$0,$0,$617,$10739,$0,$0,$548,$11333,$11950,$119,$5876,$183,$6241,$6360,$5,$-385,$5,$5590,$11950,$414,$627,$-36,$591,$41,$0,$0,$-26,$15,$1020,$-631,$0,$0,$0,$-77,$-77,$-8,$-716,$367,$0,$367,$-100,$-100,$-531,$-20,$-284,$20,$0,$-522
40,2008-09-30,9.99,$10.59,0.94,$9.85,1.01,$2.41,4.14,$1.10,9.09,$0.65B,$0.13B,4.91,$5.91B,$5.40B,1.09,$5.22B,$1.41B,26.98%,$5.22B,$0.87B,16.70%,$5.22B,$0.87B,16.70%,$5.22B,$1.48B,28.40%,$5.22B,$0.53B,10.21%,$5.22B,$0.55B,10.44%,$0.55B,$5.50B,9.95%,$0.55B,$5.50B,9.95%,$0.55B,$11.99B,4.58%,$0.87B,$11.40B,7.76%,$1139,$877,$262,$0,$0,$1021,$118,$-85,$33,$4,$29,$29,$45,$257,$118,$519,520,$0.09,$0.09,$549,$0,$0,$648,$10731,$0,$0,$559,$11341,$11989,$132,$5906,$206,$6361,$6493,$5,$-288,$44,$5496,$11989,$303,$408,$-10,$398,$7,$0,$0,$7,$14,$715,$-424,$0,$0,$0,$-18,$-18,$-8,$-450,$287,$0,$287,$-100,$-100,$-424,$-22,$-259,$6,$0,$-417
41,2008-06-30,10.12,$10.71,0.94,$9.82,1.03,$2.94,3.45,$1.18,8.58,$0.70B,$0.08B,8.33,$5.91B,$5.46B,1.08,$5.28B,$1.44B,27.25%,$5.28B,$0.92B,17.39%,$5.28B,$0.92B,17.39%,$5.28B,$1.51B,28.66%,$5.28B,$0.59B,11.16%,$5.28B,$0.60B,11.27%,$0.60B,$5.56B,10.89%,$0.60B,$5.56B,10.89%,$0.60B,$12.05B,5.01%,$0.92B,$11.47B,8.19%,$1388,$974,$414,$0,$0,$1116,$272,$-82,$190,$13,$177,$177,$181,$415,$272,$521,552,$0.35,$0.34,$566,$0,$0,$700,$10718,$0,$0,$573,$11345,$12045,$84,$5912,$215,$6406,$6490,$5,$-236,$49,$5555,$12045,$256,$269,$-2,$267,$-29,$0,$0,$-53,$-82,$441,$-308,$0,$0,$0,$-5,$-5,$13,$-300,$290,$0,$290,$-72,$-72,$-318,$-24,$-124,$17,$0,$-314
42,2008-03-31,11.63,$10.40,1.12,$9.81,1.19,$3.38,3.44,$1.10,10.58,$0.48B,$0.23B,2.06,$5.62B,$5.32B,1.06,$5.27B,$1.44B,27.29%,$5.27B,$0.93B,17.58%,$5.27B,$0.93B,17.58%,$5.27B,$1.50B,28.43%,$5.27B,$0.56B,10.53%,$5.27B,$0.56B,10.64%,$0.56B,$5.41B,10.36%,$0.56B,$5.41B,10.36%,$0.56B,$11.76B,4.75%,$0.93B,$11.03B,8.33%,$1053,$787,$266,$0,$0,$920,$133,$-78,$55,$-7,$62,$62,$52,$259,$133,$523,523,$0.10,$0.10,$385,$0,$0,$477,$10695,$0,$0,$542,$11286,$11763,$232,$5618,$222,$6117,$6349,$5,$-424,$62,$5414,$11763,$54,$126,$11,$137,$13,$0,$0,$31,$38,$229,$-150,$0,$0,$0,$0,$0,$14,$-136,$-4,$0,$-4,$-35,$-35,$-211,$-14,$-264,$-171,$0,$-209
43,2007-12-31,12.3,$10.41,1.18,$9.76,1.26,$3.88,3.17,$1.34,9.18,$0.66B,$0.32B,2.09,$5.63B,$5.34B,1.05,$5.25B,$1.44B,27.47%,$5.25B,$0.93B,17.62%,$5.25B,$0.93B,17.62%,$5.25B,$1.49B,28.39%,$5.25B,$0.54B,10.19%,$5.25B,$0.69B,13.22%,$0.69B,$5.44B,12.88%,$0.69B,$5.44B,12.88%,$0.69B,$11.81B,5.79%,$0.93B,$11.07B,8.17%,$1642,$1175,$467,$0,$0,$1293,$349,$-94,$255,$2,$253,$253,$267,$552,$349,$522,524,$0.52,$0.52,$553,$0,$0,$659,$10588,$0,$0,$514,$11153,$11812,$315,$5625,$215,$6056,$6371,$5,$-379,$45,$5441,$11812,$734,$565,$-182,$383,$-57,$0,$0,$-59,$-116,$1001,$-236,$0,$-37,$0,$-12,$-12,$93,$-192,$-275,$0,$-275,$0,$0,$-453,$43,$-685,$124,$0,$-444
44,2007-09-30,15.83,$10.44,1.52,$9.72,1.63,$4.45,3.56,$1.17,13.53,$0.75B,$0.14B,5.53,$5.81B,$5.36B,1.09,$5.32B,$1.44B,27.16%,$5.32B,$0.88B,16.57%,$5.32B,$0.88B,16.57%,$5.32B,$1.41B,26.42%,$5.32B,$0.43B,8.14%,$5.32B,$0.62B,11.68%,$0.62B,$5.45B,11.64%,$0.62B,$5.45B,11.64%,$0.62B,$11.84B,5.19%,$0.88B,$11.27B,7.78%,$1197,$905,$292,$0,$0,$1033,$164,$-75,$89,$-4,$93,$93,$95,$287,$164,$522,554,$0.18,$0.18,$689,$0,$0,$746,$10532,$0,$0,$512,$11098,$11844,$135,$5813,$225,$6255,$6390,$5,$-357,$38,$5454,$11844,$433,$362,$-122,$240,$-8,$0,$0,$-2,$-7,$666,$-65,$0,$-37,$0,$-12,$-12,$70,$-44,$-79,$0,$-79,$0,$0,$-347,$-1,$-427,$195,$0,$-340
45,2007-06-30,16.16,$10.24,1.58,$9.68,1.67,$5.10,3.17,$1.06,15.25,$0.73B,$0.20B,3.71,$5.82B,$5.25B,1.11,$5.23B,$1.41B,26.96%,$5.23B,$0.84B,16.02%,$5.23B,$0.84B,16.02%,$5.23B,$1.36B,25.98%,$5.23B,$0.37B,7.07%,$5.23B,$0.56B,10.78%,$0.56B,$5.35B,10.68%,$0.56B,$5.35B,10.68%,$0.56B,$11.81B,4.73%,$0.84B,$11.17B,7.43%,$1381,$967,$414,$0,$0,$1100,$281,$-125,$156,$11,$145,$145,$147,$401,$281,$522,553,$0.28,$0.27,$605,$0,$0,$727,$10510,$0,$0,$517,$11084,$11811,$196,$5817,$235,$6266,$6462,$5,$-452,$29,$5349,$11811,$336,$239,$-125,$114,$-73,$0,$0,$-59,$-130,$320,$61,$0,$-15,$0,$0,$0,$51,$97,$-74,$0,$-74,$0,$0,$-240,$30,$-284,$133,$0,$-236
46,2007-03-31,18.23,$10.17,1.79,$9.43,1.93,$5.81,3.14,$1.41,12.93,$1.44B,$0.22B,6.61,$6.47B,$5.21B,1.24,$5.03B,$1.35B,26.80%,$5.03B,$0.78B,15.59%,$5.03B,$0.78B,15.59%,$5.03B,$1.29B,25.69%,$5.03B,$0.32B,6.40%,$5.03B,$0.74B,14.65%,$0.74B,$5.31B,14.06%,$0.74B,$5.31B,14.06%,$0.74B,$12.44B,6.21%,$0.78B,$11.78B,6.99%,$1029,$760,$269,$0,$0,$898,$131,$-96,$35,$-6,$41,$41,$185,$250,$131,$522,524,$0.35,$0.35,$1346,$0,$0,$1435,$10501,$0,$0,$443,$11006,$12441,$217,$6467,$230,$6915,$7132,$5,$-493,$25,$5309,$12441,$187,$119,$-130,$-11,$-38,$0,$0,$-11,$-55,$121,$218,$0,$-15,$0,$0,$0,$20,$223,$589,$0,$589,$0,$0,$-133,$7,$463,$807,$0,$-131
47,2006-12-31,16.88,$10.02,1.68,$9.64,1.75,$5.81,2.91,$1.50,11.26,$0.61B,$0.24B,2.51,$5.88B,$5.13B,1.15,$4.83B,$1.30B,26.85%,$4.83B,$0.76B,15.81%,$4.83B,$0.76B,15.81%,$4.83B,$1.24B,25.74%,$4.83B,$0.30B,6.22%,$4.83B,$0.72B,14.88%,$0.72B,$5.22B,15.49%,$0.72B,$5.22B,15.49%,$0.72B,$11.81B,6.60%,$0.76B,$11.10B,7.44%,$1710,$1241,$469,$0,$0,$1405,$305,$-152,$153,$-9,$162,$162,$194,$467,$305,$521,552,$0.37,$0.36,$558,$0,$0,$609,$10584,$0,$0,$555,$11199,$11808,$243,$5878,$252,$6343,$6586,$5,$-585,$25,$5222,$11808,$738,$479,$-374,$105,$-11,$0,$0,$67,$38,$881,$238,$0,$-1021,$0,$-78,$-78,$6,$-855,$670,$0,$670,$0,$-150,$-309,$-57,$154,$180,$0,$-291
