,Date,Stock Price,Book Value per Share,Price to Book Ratio,TTM Sales per Share,Price to Sales Ratio,TTM FCF per Share,Price to FCF Ratio,TTM Net EPS,PE Ratio,Current Assets,Current Liabilities,Current Ratio,Long Term Debt,Shareholder's Equity_x,Debt to Equity Ratio,TTM Revenue_x,TTM Gross Profit,Gross Margin,TTM Revenue_y,TTM Operating Income,Operating Margin,TTM Revenue_x,TTM EBIT,EBIT Margin,TTM Revenue_y,TTM EBITDA,EBITDA Margin,TTM Revenue_x,TTM Pre-Tax Income,Pre-Tax Margin,TTM Revenue_y,TTM Net Income_x,Net Margin,TTM Net Income_y,Shareholder's Equity_y,Return on Equity,TTM Net Income_x,Tangible Equity,Return on Tangible Equity,TTM Net Income_y,Total Assets,Return on Assets,TTM Net Income,LT Investments & Debt,Return on Investment,revenue,cost-goods-sold,gross-profit,research-development-expenses,selling-general-administrative-expenses,operating-expenses,operating-income,total-non-operating-income-expense,pre-tax-income,total-provision-income-taxes,income-after-taxes,income-from-continuous-operations,net-income,ebitda,ebit,basic-shares-outstanding,shares-outstanding,eps-basic-net-earnings-per-share,eps-earnings-per-share-diluted,cash-on-hand,inventory,other-current-assets,total-current-assets,net-property-plant-equipment,long-term-investments,goodwill-intangible-assets-total,other-long-term-assets,total-long-term-assets,total-assets,total-current-liabilities,long-term-debt,other-non-current-liabilities,total-long-term-liabilities,total-liabilities,common-stock-net,retained-earnings-accumulated-deficit,comprehensive-income,total-share-holder-equity,total-liabilities-share-holders-equity,net-income-loss,total-depreciation-amortization-cash-flow,other-non-cash-items,total-non-cash-items,change-in-accounts-receivable,change-in-inventories,change-in-accounts-payable,change-in-assets-liabilities,total-change-in-assets-liabilities,cash-flow-from-operating-activities,net-change-in-property-plant-equipment,net-change-in-intangible-assets,net-acquisitions-divestitures,net-change-in-short-term-investments,net-change-in-long-term-investments,net-change-in-investments-total,investing-activities-other,cash-flow-from-investing-activities,net-long-term-debt,net-current-debt,debt-issuance-retirement-net-total,net-common-equity-issued-repurchased,net-total-equity-issued-repurchased,total-common-preferred-stock-dividends-paid,financial-activities-other,cash-flow-from-financial-activities,net-cash-flow,stock-based-compensation,common-stock-dividends-paid
0,2018-09-30,102.0,$5.96,17.12,$36.58,2.79,$11.66,8.74,$4.83,21.12,$2.79B,$2.76B,1.01,$3.25B,$1.25B,2.61,$7.74B,$3.46B,44.63%,$7.74B,$1.50B,19.34%,$7.74B,$1.50B,19.34%,$7.74B,$1.82B,23.50%,$7.74B,$1.33B,17.12%,$7.74B,$1.02B,13.20%,$1.02B,$1.25B,96.53%,$1.02B,$-1.44B,-81.60%,$1.02B,$7.84B,14.53%,$1.50B,$4.50B,40.32%,$2080,$1216,$863,$0,$454,$1673,$406,$-49,$357,$91,$265,$265,$264,$510,$406,$210,211,$1.26,$1.26,$824,$881,$0,$2794,$2093,$0,$2685,$261,$5042,$7836,$2759,$3254,$429,$3828,$6587,$360,$6843,$-336,$1249,$7836,$839,$255,$56,$310,$-212,$-112,$-2,$-57,$-257,$893,$-195,$0,$-744,$0,$-34,$-34,$0,$-972,$289,$893,$1182,$-166,$-166,$-415,$-72,$529,$444,$36,$-415
1,2018-06-30,93.06,$5.08,18.3,$36.23,2.57,$10.59,8.78,$4.86,19.15,$2.37B,$2.51B,0.94,$3.25B,$1.06B,3.06,$7.70B,$3.54B,45.94%,$7.70B,$1.55B,20.18%,$7.70B,$1.55B,20.18%,$7.70B,$2.04B,26.53%,$7.70B,$1.37B,17.80%,$7.70B,$1.03B,13.39%,$1.03B,$1.06B,107.82%,$1.03B,$-1.63B,-104.86%,$1.03B,$7.41B,15.89%,$1.55B,$4.31B,46.88%,$1752,$958,$793,$0,$450,$1436,$316,$-56,$260,$37,$223,$223,$227,$392,$316,$210,210,$1.08,$1.08,$467,$916,$0,$2365,$2084,$0,$2691,$263,$5041,$7406,$2514,$3250,$437,$3828,$6342,$360,$6727,$-368,$1064,$7406,$574,$151,$72,$223,$101,$-147,$-162,$-40,$-194,$603,$-120,$0,$-915,$0,$-29,$-29,$0,$-1064,$593,$491,$1084,$-191,$-191,$-268,$-72,$553,$87,$24,$-268
2,2018-03-31,98.26,$4.73,20.78,$35.65,2.76,$9.47,10.37,$4.73,20.77,$2.27B,$3.71B,0.61,$2.06B,$0.99B,2.08,$7.61B,$3.51B,46.12%,$7.61B,$1.56B,20.47%,$7.61B,$1.56B,20.47%,$7.61B,$2.04B,26.79%,$7.61B,$1.39B,18.28%,$7.61B,$1.01B,13.25%,$1.01B,$0.99B,111.04%,$1.01B,$-1.69B,-153.19%,$1.01B,$7.33B,16.85%,$1.56B,$3.05B,51.23%,$1972,$998,$974,$0,$485,$1491,$481,$-31,$449,$99,$351,$351,$350,$555,$481,$211,212,$1.71,$1.65,$476,$782,$0,$2270,$2119,$0,$2678,$262,$5062,$7333,$3706,$2060,$435,$2638,$6343,$360,$6634,$-354,$990,$7333,$351,$74,$15,$89,$-10,$-11,$-147,$-3,$-88,$352,$-60,$0,$-915,$0,$-6,$-6,$0,$-982,$-608,$1687,$1079,$-176,$-176,$-134,$-43,$726,$96,$10,$-134
3,2017-12-31,111.95,$4.42,25.34,$35.11,3.19,$9.03,12.39,$3.66,30.59,$2.00B,$2.08B,0.96,$2.06B,$0.93B,2.21,$7.52B,$3.44B,45.82%,$7.52B,$1.27B,16.94%,$7.52B,$1.27B,16.94%,$7.52B,$1.75B,23.22%,$7.52B,$1.11B,14.77%,$7.52B,$0.78B,10.42%,$0.78B,$0.93B,89.85%,$0.78B,$-0.26B,-241.85%,$0.78B,$5.55B,14.28%,$1.27B,$2.99B,41.39%,$1940,$1113,$826,$0,$533,$1644,$295,$-35,$260,$79,$182,$182,$181,$363,$295,$212,214,$1.80,$0.63,$380,$753,$0,$2002,$2107,$0,$1190,$252,$3552,$5554,$2077,$2061,$439,$2546,$4622,$360,$6371,$-314,$932,$5554,$757,$471,$157,$627,$-7,$-71,$-53,$68,$-134,$1250,$-250,$0,$0,$0,$-79,$-79,$0,$-329,$1,$-81,$-80,$-237,$-237,$-526,$0,$-844,$83,$51,$-526
4,2017-09-30,107.02,$3.98,26.87,$35.19,3.04,$7.83,13.67,$3.36,31.85,$2.21B,$2.34B,0.95,$2.05B,$0.84B,2.45,$7.55B,$3.36B,44.53%,$7.55B,$1.21B,16.00%,$7.55B,$1.21B,16.00%,$7.55B,$1.68B,22.21%,$7.55B,$1.05B,13.90%,$7.55B,$0.72B,9.53%,$0.72B,$0.84B,85.04%,$0.72B,$-0.36B,-190.09%,$0.72B,$5.66B,13.13%,$1.21B,$2.89B,38.67%,$2033,$1090,$943,$0,$477,$1572,$461,$-61,$401,$127,$274,$274,$273,$732,$461,$212,213,$1.29,$1.28,$275,$938,$0,$2214,$2050,$0,$1198,$175,$3441,$5655,$2338,$2054,$402,$2479,$4817,$360,$6325,$-337,$839,$5655,$575,$403,$49,$452,$-161,$-193,$-15,$-51,$-401,$626,$-147,$0,$0,$0,$-40,$-40,$0,$-187,$-0,$173,$173,$-247,$-247,$-392,$0,$-466,$-22,$38,$-392
5,2017-06-30,104.62,$4.10,25.54,$34.97,2.99,$6.91,15.13,$3.14,33.32,$1.91B,$1.74B,1.1,$2.35B,$0.87B,2.7,$7.52B,$3.27B,43.48%,$7.52B,$1.12B,14.90%,$7.52B,$1.12B,14.90%,$7.52B,$1.40B,18.67%,$7.52B,$0.98B,12.99%,$7.52B,$0.67B,8.95%,$0.67B,$0.87B,77.25%,$0.67B,$-0.33B,-175.03%,$0.67B,$5.38B,12.19%,$1.12B,$3.22B,34.74%,$1663,$897,$766,$0,$443,$1342,$320,$-39,$281,$78,$203,$203,$204,$388,$320,$213,215,$0.10,$0.95,$214,$936,$0,$1912,$2034,$0,$1196,$183,$3469,$5380,$1742,$2350,$397,$2768,$4510,$360,$6187,$-356,$870,$5380,$301,$132,$206,$338,$164,$-191,$-174,$-28,$-303,$336,$-84,$0,$0,$0,$-22,$-22,$0,$-106,$-0,$-14,$-14,$-45,$-45,$-256,$0,$-315,$-83,$25,$-256
6,2017-03-31,105.87,$3.97,26.64,$34.86,3.04,$6.98,15.17,$2.87,36.89,$1.87B,$1.71B,1.1,$2.35B,$0.85B,2.78,$7.49B,$3.25B,43.37%,$7.49B,$1.06B,14.19%,$7.49B,$1.06B,14.19%,$7.49B,$1.38B,18.36%,$7.49B,$0.93B,12.39%,$7.49B,$0.62B,8.21%,$0.62B,$0.85B,72.57%,$0.62B,$-0.35B,-138.44%,$0.62B,$5.34B,11.04%,$1.06B,$3.20B,35.37%,$1880,$970,$909,$0,$459,$1682,$197,$-29,$168,$70,$98,$98,$125,$262,$197,$213,215,$0.60,$0.58,$235,$795,$0,$1874,$2050,$0,$1197,$164,$3469,$5342,$1711,$2351,$400,$2786,$4497,$360,$6112,$-357,$845,$5342,$98,$65,$206,$271,$-14,$-50,$-125,$-23,$-135,$234,$-33,$0,$0,$0,$-8,$-8,$0,$-41,$-0,$-147,$-147,$18,$18,$-128,$0,$-257,$-62,$12,$-128
7,2016-12-31,99.66,$3.90,25.56,$34.51,2.89,$7.10,14.04,$3.35,29.75,$1.82B,$1.91B,0.95,$2.35B,$0.83B,2.84,$7.44B,$3.16B,42.43%,$7.44B,$1.21B,16.21%,$7.44B,$1.21B,16.21%,$7.44B,$1.51B,20.32%,$7.44B,$1.10B,14.78%,$7.44B,$0.72B,9.68%,$0.72B,$0.83B,84.11%,$0.72B,$-0.48B,-178.55%,$0.72B,$5.52B,12.95%,$1.21B,$3.18B,42.78%,$1970,$1228,$742,$0,$507,$1741,$229,$-31,$199,$82,$117,$117,$117,$294,$229,$214,215,$0.64,$0.34,$297,$746,$0,$1817,$2177,$0,$1305,$168,$3708,$5524,$1909,$2347,$400,$2787,$4697,$360,$6116,$-376,$828,$5524,$720,$306,$43,$349,$21,$14,$-63,$-27,$-56,$1013,$-266,$0,$-285,$0,$-44,$-44,$0,$-595,$293,$276,$569,$-498,$-498,$-499,$-36,$-464,$-50,$55,$-499
8,2016-09-30,91.54,$4.41,20.75,$34.01,2.69,$7.71,11.88,$3.78,24.22,$2.13B,$2.02B,1.06,$2.36B,$0.94B,2.51,$7.38B,$3.27B,44.30%,$7.38B,$1.32B,17.89%,$7.38B,$1.32B,17.89%,$7.38B,$1.62B,21.99%,$7.38B,$1.20B,16.24%,$7.38B,$0.82B,11.06%,$0.82B,$0.94B,89.60%,$0.82B,$-0.38B,-283.33%,$0.82B,$5.85B,14.79%,$1.32B,$3.31B,49.31%,$2003,$1153,$851,$0,$474,$1629,$374,$-46,$328,$100,$227,$227,$227,$459,$374,$214,215,$1.06,$1.06,$333,$844,$0,$2131,$2160,$0,$1326,$170,$3715,$5845,$2017,$2362,$479,$2886,$4903,$360,$6129,$-397,$942,$5845,$603,$242,$37,$279,$-157,$-83,$-127,$-65,$-431,$451,$-165,$0,$-285,$0,$-35,$-35,$0,$-486,$543,$251,$793,$-364,$-364,$-372,$-36,$22,$-13,$41,$-372
9,2016-06-30,108.08,$3.64,29.69,$33.61,3.22,$8.01,13.49,$3.42,31.6,$1.81B,$2.67B,0.68,$1.57B,$0.78B,2.03,$7.34B,$3.31B,45.11%,$7.34B,$1.25B,17.02%,$7.34B,$1.25B,17.02%,$7.34B,$1.56B,21.29%,$7.34B,$1.12B,15.22%,$7.34B,$0.74B,10.14%,$0.74B,$0.78B,81.80%,$0.74B,$-0.57B,-327.39%,$0.74B,$5.57B,13.62%,$1.25B,$2.35B,49.13%,$1638,$890,$747,$0,$463,$1375,$263,$-29,$233,$87,$146,$146,$146,$360,$263,$213,215,$0.68,$0.68,$250,$871,$0,$1808,$2199,$0,$1340,$157,$3760,$5567,$2671,$1571,$496,$2121,$4793,$360,$6030,$-397,$775,$5567,$376,$157,$25,$182,$119,$-111,$-141,$-18,$-189,$369,$-102,$0,$-285,$0,$-17,$-17,$0,$-405,$0,$630,$630,$-413,$-413,$-243,$-36,$-62,$-96,$26,$-243
10,2016-03-31,87.14,$4.11,21.22,$33.16,2.63,$8.29,10.51,$2.27,38.39,$1.77B,$2.34B,0.76,$1.57B,$0.88B,1.79,$7.28B,$3.30B,45.31%,$7.28B,$0.99B,13.64%,$7.28B,$0.99B,13.64%,$7.28B,$1.52B,20.88%,$7.28B,$0.87B,11.93%,$7.28B,$0.50B,6.84%,$0.50B,$0.88B,49.02%,$0.50B,$-0.19B,-775.10%,$0.50B,$5.31B,9.17%,$0.99B,$2.45B,37.57%,$1829,$1011,$817,$0,$472,$1489,$340,$0,$340,$110,$230,$230,$230,$399,$340,$216,217,$1.06,$1.06,$286,$770,$0,$1773,$2230,$0,$1066,$185,$3533,$5306,$2337,$1571,$466,$2090,$4426,$360,$6005,$-380,$879,$5306,$230,$60,$-19,$41,$55,$-19,$-103,$-17,$-2,$269,$-40,$0,$0,$0,$-10,$-10,$0,$-49,$0,$154,$154,$-279,$-279,$-122,$-36,$-284,$-61,$12,$-122
11,2015-12-31,83.92,$4.83,17.37,$33.45,2.51,$8.12,10.34,$2.31,36.33,$1.85B,$2.22B,0.83,$1.56B,$1.05B,1.49,$7.39B,$3.38B,45.78%,$7.39B,$1.04B,14.04%,$7.39B,$1.04B,14.04%,$7.39B,$1.56B,21.17%,$7.39B,$0.90B,12.22%,$7.39B,$0.51B,6.94%,$0.51B,$1.05B,45.59%,$0.51B,$-0.02B,-2137.50%,$0.51B,$5.34B,9.25%,$1.04B,$2.61B,37.72%,$1909,$1055,$854,$0,$499,$1566,$343,$-47,$297,$83,$213,$213,$213,$405,$343,$219,221,$1.04,$0.84,$347,$751,$0,$1849,$2240,$0,$1064,$155,$3496,$5344,$2218,$1557,$469,$2079,$4297,$360,$5898,$-371,$1047,$5344,$513,$526,$56,$582,$-24,$52,$10,$88,$162,$1256,$-356,$0,$-186,$95,$-31,$65,$0,$-477,$244,$11,$254,$-527,$-527,$-476,$-48,$-797,$-28,$52,$-476
12,2015-09-30,85.79,$4.32,19.84,$33.74,2.54,$6.15,13.95,$2.24,38.3,$2.21B,$2.24B,0.99,$1.83B,$0.94B,1.95,$7.49B,$3.42B,45.61%,$7.49B,$1.05B,13.98%,$7.49B,$1.05B,13.98%,$7.49B,$1.59B,21.18%,$7.49B,$0.93B,12.39%,$7.49B,$0.50B,6.72%,$0.50B,$0.94B,40.45%,$0.50B,$-0.14B,571.59%,$0.50B,$5.63B,8.96%,$1.05B,$2.77B,36.57%,$1961,$1069,$892,$0,$500,$1658,$303,$-56,$247,$92,$155,$155,$155,$398,$303,$219,220,$0.71,$0.70,$344,$814,$0,$2209,$2188,$0,$1078,$155,$3421,$5631,$2235,$1830,$505,$2458,$4693,$360,$5807,$-384,$937,$5631,$300,$464,$4,$467,$-186,$-2,$-56,$72,$-172,$595,$-237,$0,$-186,$95,$-4,$92,$0,$-331,$248,$337,$585,$-504,$-504,$-353,$-15,$-287,$-31,$40,$-353
13,2015-06-30,82.41,$5.47,15.05,$33.59,2.45,$5.22,15.79,$2.54,32.44,$2.01B,$2.02B,1.0,$1.55B,$1.20B,1.29,$7.49B,$3.38B,45.17%,$7.49B,$1.10B,14.73%,$7.49B,$1.10B,14.73%,$7.49B,$1.60B,21.36%,$7.49B,$1.03B,13.70%,$7.49B,$0.57B,7.64%,$0.57B,$1.20B,40.53%,$0.57B,$0.09B,230.88%,$0.57B,$5.45B,10.06%,$1.10B,$2.75B,37.22%,$1579,$843,$735,$0,$456,$1571,$8,$-24,$-16,$84,$-100,$-100,$-100,$318,$8,$220,220,$-0.46,$-0.46,$402,$874,$0,$2007,$2180,$0,$1114,$148,$3442,$5449,$2018,$1547,$515,$2230,$4248,$360,$5777,$-316,$1201,$5449,$145,$369,$-21,$348,$133,$-60,$-129,$48,$-7,$486,$-151,$0,$-186,$0,$-2,$-2,$0,$-339,$1,$254,$255,$-263,$-263,$-229,$21,$-216,$-72,$27,$-229
14,2015-03-31,93.09,$6.01,15.5,$33.42,2.79,$3.80,24.52,$3.76,24.76,$2.11B,$2.18B,0.97,$1.56B,$1.32B,1.19,$7.49B,$3.37B,44.94%,$7.49B,$1.37B,18.34%,$7.49B,$1.37B,18.34%,$7.49B,$1.61B,21.50%,$7.49B,$1.30B,17.35%,$7.49B,$0.84B,11.22%,$0.84B,$1.32B,55.51%,$0.84B,$-0.03B,192.55%,$0.84B,$5.76B,14.95%,$1.37B,$2.88B,43.90%,$1938,$1037,$901,$0,$514,$1554,$384,$-9,$375,$130,$245,$245,$245,$443,$384,$221,223,$1.11,$1.11,$405,$746,$0,$2108,$2149,$0,$1342,$159,$3649,$5757,$2175,$1560,$541,$2266,$4442,$360,$5991,$-404,$1316,$5757,$245,$58,$-15,$43,$-6,$79,$-125,$23,$-29,$259,$-63,$0,$-187,$0,$0,$0,$0,$-249,$1,$289,$290,$-269,$-269,$-114,$17,$-77,$-69,$14,$-114
15,2014-12-31,95.39,$6.87,13.88,$32.96,2.89,$3.46,27.55,$3.77,25.3,$2.25B,$1.94B,1.16,$1.54B,$1.52B,1.02,$7.42B,$3.34B,44.93%,$7.42B,$1.39B,18.77%,$7.42B,$1.39B,18.77%,$7.42B,$1.62B,21.83%,$7.42B,$1.31B,17.60%,$7.42B,$0.85B,11.41%,$0.85B,$1.52B,52.89%,$0.85B,$0.43B,126.51%,$0.85B,$5.62B,15.29%,$1.39B,$3.06B,42.55%,$2010,$1123,$887,$0,$509,$1657,$353,$-31,$322,$119,$203,$203,$203,$427,$353,$223,225,$1.02,$0.91,$472,$801,$0,$2247,$2152,$0,$1088,$136,$3376,$5623,$1936,$1542,$526,$2168,$4103,$360,$5861,$-359,$1520,$5623,$847,$227,$-45,$183,$-67,$-88,$-59,$30,$-185,$844,$-369,$0,$-396,$-97,$0,$-97,$0,$-863,$2,$118,$119,$-454,$-454,$-440,$56,$-719,$-744,$54,$-440
16,2014-09-30,87.1,$7.28,11.97,$32.63,2.67,$5.12,17.03,$3.68,23.67,$2.53B,$2.19B,1.16,$1.56B,$1.61B,0.97,$7.37B,$3.31B,44.86%,$7.37B,$1.35B,18.28%,$7.37B,$1.35B,18.28%,$7.37B,$1.55B,21.04%,$7.37B,$1.27B,17.24%,$7.37B,$0.83B,11.26%,$0.83B,$1.61B,51.06%,$0.83B,$0.50B,107.44%,$0.83B,$5.92B,15.17%,$1.35B,$3.17B,40.07%,$1962,$1101,$860,$0,$485,$1603,$359,$-13,$345,$122,$224,$224,$224,$412,$359,$222,224,$1.01,$1.00,$575,$901,$0,$2533,$2079,$0,$1110,$195,$3384,$5917,$2192,$1560,$411,$2116,$4309,$360,$5774,$-177,$1608,$5917,$644,$153,$-43,$110,$-217,$-165,$-23,$38,$-367,$387,$-232,$0,$-362,$-98,$0,$-98,$0,$-692,$0,$381,$382,$-442,$-442,$-325,$49,$-336,$-641,$42,$-325
17,2014-06-30,88.36,$7.25,12.19,$32.04,2.76,$6.23,14.19,$3.71,23.82,$2.26B,$1.26B,1.79,$1.80B,$1.61B,1.12,$7.26B,$3.30B,45.47%,$7.26B,$1.36B,18.72%,$7.26B,$1.36B,18.72%,$7.26B,$1.56B,21.49%,$7.26B,$1.27B,17.55%,$7.26B,$0.84B,11.56%,$0.84B,$1.61B,53.74%,$0.84B,$0.84B,106.17%,$0.84B,$5.19B,15.94%,$1.36B,$3.40B,40.49%,$1578,$861,$717,$0,$439,$1301,$277,$-21,$257,$89,$168,$168,$168,$328,$277,$223,225,$0.75,$0.75,$660,$855,$0,$2262,$1943,$0,$767,$213,$2923,$5185,$1262,$1795,$414,$2315,$3576,$360,$5665,$-146,$1609,$5185,$421,$100,$-30,$70,$56,$-146,$-141,$-88,$-319,$172,$-149,$0,$10,$-97,$0,$-97,$0,$-236,$-1,$19,$18,$-346,$-346,$-210,$46,$-492,$-556,$28,$-210
18,2014-03-31,94.27,$7.47,12.61,$31.68,2.98,$7.03,13.4,$3.66,25.76,$2.55B,$1.44B,1.76,$1.79B,$1.67B,1.08,$7.19B,$3.30B,45.93%,$7.19B,$1.35B,18.79%,$7.19B,$1.35B,18.79%,$7.19B,$1.55B,21.57%,$7.19B,$1.27B,17.59%,$7.19B,$0.83B,11.56%,$0.83B,$1.67B,57.73%,$0.83B,$0.91B,124.96%,$0.83B,$5.43B,16.17%,$1.35B,$3.46B,41.77%,$1872,$1000,$871,$0,$465,$1468,$404,$-21,$382,$130,$252,$252,$252,$453,$404,$224,227,$1.13,$1.11,$1006,$679,$0,$2545,$1909,$0,$762,$213,$2884,$5429,$1444,$1794,$425,$2315,$3760,$360,$5601,$-152,$1669,$5429,$252,$49,$-41,$9,$-141,$32,$-48,$100,$-57,$204,$-79,$0,$10,$0,$0,$0,$0,$-69,$-0,$8,$8,$-192,$-192,$-105,$42,$-247,$-112,$13,$-105
19,2013-12-31,87.4,$7.22,12.11,$31.46,2.78,$7.36,11.87,$3.61,24.21,$2.49B,$1.41B,1.77,$1.80B,$1.62B,1.11,$7.15B,$3.28B,45.91%,$7.15B,$1.34B,18.74%,$7.15B,$1.34B,18.74%,$7.15B,$1.54B,21.54%,$7.15B,$1.25B,17.51%,$7.15B,$0.82B,11.49%,$0.82B,$1.62B,63.13%,$0.82B,$0.84B,158.65%,$0.82B,$5.36B,16.44%,$1.34B,$3.41B,44.17%,$1956,$1099,$857,$0,$545,$1650,$307,$-20,$286,$100,$186,$186,$186,$357,$307,$224,227,$0.78,$0.82,$1119,$660,$0,$2487,$1805,$0,$772,$293,$2870,$5357,$1408,$1795,$434,$2333,$3741,$360,$5454,$-167,$1616,$5357,$820,$201,$-44,$157,$-17,$-26,$102,$154,$214,$1191,$-336,$0,$0,$0,$-16,$-16,$0,$-352,$-0,$54,$54,$-158,$-158,$-394,$51,$-447,$390,$54,$-394
20,2013-09-30,82.73,$6.04,13.7,$30.52,2.71,$7.17,11.53,$3.45,23.98,$2.38B,$1.26B,1.88,$1.80B,$1.35B,1.33,$6.94B,$3.18B,45.80%,$6.94B,$1.29B,18.51%,$6.94B,$1.29B,18.51%,$6.94B,$1.48B,21.35%,$6.94B,$1.20B,17.22%,$6.94B,$0.79B,11.31%,$0.79B,$1.35B,67.76%,$0.79B,$0.57B,213.32%,$0.79B,$5.08B,16.21%,$1.29B,$3.15B,45.51%,$1854,$998,$856,$0,$482,$1483,$371,$-22,$349,$116,$233,$233,$233,$422,$371,$224,227,$1.07,$1.03,$701,$763,$0,$2376,$1720,$0,$781,$182,$2702,$5078,$1261,$1796,$637,$2467,$3727,$360,$5374,$-319,$1351,$5078,$634,$151,$-64,$86,$-198,$-133,$76,$158,$-97,$624,$-213,$0,$0,$0,$-16,$-16,$0,$-229,$0,$-7,$-7,$-172,$-172,$-288,$46,$-421,$-27,$40,$-288
21,2013-06-30,79.44,$5.03,15.8,$29.98,2.65,$7.08,11.22,$3.19,24.9,$2.00B,$1.08B,1.84,$1.79B,$1.12B,1.6,$6.83B,$3.07B,44.86%,$6.83B,$1.22B,17.79%,$6.83B,$1.22B,17.79%,$6.83B,$1.42B,20.71%,$6.83B,$1.12B,16.43%,$6.83B,$0.73B,10.67%,$0.73B,$1.12B,68.13%,$0.73B,$0.34B,268.76%,$0.73B,$4.70B,15.32%,$1.22B,$2.92B,45.63%,$1509,$790,$719,$0,$446,$1240,$269,$-21,$248,$88,$160,$160,$160,$319,$269,$224,227,$0.73,$0.70,$568,$779,$0,$1999,$1709,$0,$781,$176,$2698,$4697,$1084,$1794,$664,$2491,$3575,$360,$5246,$-381,$1122,$4697,$401,$99,$-39,$60,$95,$-150,$-65,$9,$-112,$349,$-143,$0,$0,$0,$-16,$-16,$0,$-159,$-0,$-14,$-14,$-191,$-191,$-183,$38,$-350,$-160,$26,$-183
22,2013-03-31,77.52,$4.98,15.58,$29.52,2.63,$6.90,11.23,$3.08,25.17,$2.18B,$1.49B,1.46,$1.54B,$1.11B,1.38,$6.74B,$2.97B,44.01%,$6.74B,$1.17B,17.35%,$6.74B,$1.17B,17.35%,$6.74B,$1.37B,20.37%,$6.74B,$1.07B,15.92%,$6.74B,$0.71B,10.46%,$0.71B,$1.11B,66.45%,$0.71B,$0.32B,275.93%,$0.71B,$4.85B,14.84%,$1.17B,$2.65B,45.27%,$1827,$978,$849,$0,$451,$1436,$392,$-24,$368,$126,$242,$242,$242,$441,$392,$224,228,$1.08,$1.06,$730,$627,$0,$2180,$1705,$0,$796,$148,$2666,$4846,$1492,$1540,$666,$2241,$3733,$360,$5178,$-376,$1113,$4846,$242,$49,$-30,$19,$-55,$-2,$-6,$96,$32,$293,$-93,$0,$0,$0,$0,$0,$0,$-93,$2,$-19,$-17,$-119,$-119,$-92,$30,$-198,$2,$12,$-92
23,2012-12-31,63.63,$4.68,13.58,$29.06,2.19,$6.83,9.32,$2.89,22.02,$2.11B,$1.47B,1.44,$1.53B,$1.05B,1.46,$6.64B,$2.86B,43.05%,$6.64B,$1.11B,16.74%,$6.64B,$1.11B,16.74%,$6.64B,$1.32B,19.88%,$6.64B,$1.02B,15.29%,$6.64B,$0.66B,9.96%,$0.66B,$1.05B,65.92%,$0.66B,$0.25B,343.90%,$0.66B,$4.76B,14.12%,$1.11B,$2.58B,43.14%,$1751,$996,$755,$0,$486,$1498,$253,$-23,$230,$80,$150,$150,$150,$300,$253,$225,228,$0.68,$0.66,$728,$633,$0,$2113,$1674,$0,$803,$152,$2641,$4755,$1471,$1531,$669,$2235,$3706,$360,$5028,$-385,$1048,$4755,$661,$210,$24,$234,$-50,$27,$70,$154,$200,$1095,$-278,$0,$-173,$0,$-23,$-23,$0,$-473,$-95,$78,$-18,$-249,$-249,$-357,$37,$-587,$35,$50,$-357
24,2012-09-30,62.09,$4.47,13.9,$28.21,2.2,$4.29,14.46,$2.85,21.79,$2.14B,$1.55B,1.38,$1.52B,$1.00B,1.52,$6.46B,$2.74B,42.35%,$6.46B,$1.09B,16.84%,$6.46B,$1.09B,16.84%,$6.46B,$1.31B,20.25%,$6.46B,$0.99B,15.39%,$6.46B,$0.65B,10.12%,$0.65B,$1.00B,67.95%,$0.65B,$0.18B,337.11%,$0.65B,$4.74B,14.21%,$1.09B,$2.51B,42.00%,$1747,$1004,$743,$0,$421,$1445,$302,$-25,$277,$100,$177,$177,$177,$355,$302,$225,229,$0.78,$0.77,$466,$726,$0,$2136,$1618,$0,$815,$155,$2602,$4738,$1553,$1516,$636,$2188,$3741,$360,$4961,$-335,$997,$4738,$511,$163,$32,$195,$-238,$-84,$38,$185,$-100,$606,$-214,$0,$-173,$0,$-16,$-16,$0,$-402,$-97,$170,$73,$-270,$-270,$-250,$15,$-431,$-227,$37,$-250
25,2012-06-30,62.76,$4.80,13.07,$27.64,2.27,$2.54,24.68,$2.94,21.35,$2.09B,$1.45B,1.45,$1.50B,$1.09B,1.38,$6.34B,$2.67B,42.18%,$6.34B,$1.11B,17.47%,$6.34B,$1.11B,17.47%,$6.34B,$1.33B,20.97%,$6.34B,$1.02B,16.02%,$6.34B,$0.67B,10.64%,$0.67B,$1.09B,70.80%,$0.67B,$0.28B,293.68%,$0.67B,$4.67B,15.14%,$1.11B,$2.59B,42.98%,$1414,$796,$619,$0,$391,$1192,$222,$-24,$198,$62,$136,$136,$136,$277,$222,$226,229,$0.60,$0.59,$590,$792,$0,$2094,$1583,$0,$808,$155,$2574,$4668,$1447,$1499,$609,$2135,$3582,$360,$4867,$-396,$1086,$4668,$334,$110,$5,$115,$57,$-170,$-9,$-14,$-135,$314,$-148,$0,$-173,$0,$-16,$-16,$0,$-337,$-2,$95,$93,$-33,$-33,$-167,$25,$-81,$-104,$25,$-167
26,2012-03-31,53.14,$3.97,13.4,$27.21,1.95,$2.28,23.3,$2.91,18.26,$2.01B,$1.32B,1.52,$1.75B,$0.89B,1.98,$6.25B,$2.62B,41.90%,$6.25B,$1.11B,17.81%,$6.25B,$1.11B,17.81%,$6.25B,$1.33B,21.32%,$6.25B,$1.02B,16.36%,$6.25B,$0.67B,10.69%,$0.67B,$0.89B,70.91%,$0.67B,$0.07B,257.67%,$0.67B,$4.60B,15.31%,$1.11B,$2.63B,43.21%,$1732,$989,$743,$0,$406,$1398,$335,$-24,$311,$112,$199,$199,$199,$389,$335,$225,229,$0.88,$0.87,$567,$649,$0,$2012,$1586,$0,$821,$148,$2587,$4599,$1324,$1749,$615,$2390,$3714,$360,$4815,$-396,$886,$4599,$199,$55,$3,$58,$-92,$-21,$-17,$149,$19,$276,$-92,$0,$-173,$0,$-9,$-9,$0,$-274,$-1,$109,$107,$-164,$-164,$-84,$12,$-129,$-126,$12,$-84
27,2011-12-31,53.19,$3.91,13.6,$26.43,2.01,$1.81,29.32,$2.74,19.41,$2.05B,$1.17B,1.74,$1.75B,$0.88B,1.99,$6.08B,$2.53B,41.63%,$6.08B,$1.06B,17.35%,$6.08B,$1.06B,17.35%,$6.08B,$1.27B,20.90%,$6.08B,$0.96B,15.84%,$6.08B,$0.63B,10.35%,$0.63B,$0.88B,66.37%,$0.63B,$0.25B,204.39%,$0.63B,$4.41B,14.73%,$1.06B,$2.63B,41.70%,$1567,$936,$631,$0,$397,$1338,$229,$-21,$208,$66,$142,$142,$142,$287,$229,$227,230,$0.64,$0.62,$694,$649,$0,$2047,$1560,$0,$629,$139,$2361,$4407,$1174,$1749,$604,$2352,$3526,$360,$4708,$-442,$881,$4407,$629,$216,$55,$271,$-9,$-115,$8,$-195,$-312,$588,$-347,$20,$-6,$0,$-7,$-7,$0,$-340,$-7,$11,$4,$-200,$-200,$-304,$62,$-439,$-191,$43,$-304
28,2011-09-30,50.7,$4.24,11.97,$26.05,1.95,$3.82,13.28,$2.71,18.71,$1.81B,$1.18B,1.54,$1.50B,$0.96B,1.57,$6.00B,$2.52B,42.01%,$6.00B,$1.05B,17.58%,$6.00B,$1.05B,17.58%,$6.00B,$1.26B,21.06%,$6.00B,$0.96B,15.93%,$6.00B,$0.62B,10.39%,$0.62B,$0.96B,64.76%,$0.62B,$0.32B,196.38%,$0.62B,$4.13B,14.70%,$1.05B,$2.45B,42.29%,$1624,$944,$680,$0,$357,$1303,$321,$-23,$298,$101,$197,$197,$197,$376,$321,$227,230,$0.87,$0.86,$292,$654,$0,$1814,$1513,$0,$631,$161,$2316,$4131,$1181,$1499,$496,$1994,$3176,$360,$4633,$-292,$955,$4131,$487,$158,$2,$160,$-231,$-126,$52,$-85,$-390,$257,$-265,$20,$-6,$0,$0,$0,$0,$-251,$-254,$13,$-241,$-186,$-186,$-228,$57,$-598,$-592,$20,$-228
29,2011-06-30,48.36,$4.60,10.51,$25.70,1.88,$5.01,9.66,$2.63,18.39,$1.99B,$1.22B,1.63,$1.54B,$1.05B,1.47,$5.92B,$2.49B,42.14%,$5.92B,$1.03B,17.45%,$5.92B,$1.03B,17.45%,$5.92B,$1.24B,20.93%,$5.92B,$0.93B,15.78%,$5.92B,$0.61B,10.24%,$0.61B,$1.05B,64.54%,$0.61B,$0.40B,208.61%,$0.61B,$4.31B,14.51%,$1.03B,$2.59B,42.91%,$1325,$761,$564,$0,$346,$1097,$228,$-23,$205,$75,$130,$130,$130,$280,$228,$227,230,$0.57,$0.56,$790,$659,$0,$1992,$1494,$0,$650,$163,$2321,$4313,$1222,$1541,$504,$2045,$3267,$360,$4512,$-206,$1046,$4313,$290,$103,$6,$108,$93,$-118,$21,$-108,$-112,$287,$-180,$0,$-6,$0,$0,$0,$0,$-186,$-3,$11,$8,$-58,$-58,$-153,$7,$-196,$-94,$15,$-153
30,2011-03-31,45.95,$4.03,11.39,$25.30,1.82,$5.37,8.55,$2.27,20.24,$1.96B,$1.29B,1.51,$1.54B,$0.91B,1.7,$5.83B,$2.48B,42.51%,$5.83B,$0.93B,15.94%,$5.83B,$0.93B,15.94%,$5.83B,$1.13B,19.38%,$5.83B,$0.83B,14.26%,$5.83B,$0.52B,8.98%,$0.52B,$0.91B,60.76%,$0.52B,$0.26B,243.82%,$0.52B,$4.24B,13.06%,$0.93B,$2.45B,40.06%,$1564,$908,$656,$0,$378,$1288,$277,$-24,$252,$92,$160,$160,$160,$328,$277,$227,230,$0.70,$0.70,$752,$536,$0,$1955,$1444,$0,$650,$166,$2281,$4235,$1291,$1541,$494,$2035,$3326,$360,$4458,$-206,$909,$4235,$160,$51,$10,$61,$-43,$10,$3,$-32,$-62,$159,$-81,$0,$-6,$0,$0,$0,$0,$-87,$-1,$1,$-1,$-131,$-131,$-77,$4,$-205,$-132,$10,$-77
31,2010-12-31,39.59,$4.13,9.59,$24.64,1.61,$5.67,6.98,$2.21,17.91,$2.01B,$1.30B,1.54,$1.54B,$0.94B,1.64,$5.67B,$2.42B,42.59%,$5.67B,$0.91B,15.96%,$5.67B,$0.91B,15.96%,$5.67B,$1.10B,19.43%,$5.67B,$0.81B,14.27%,$5.67B,$0.51B,8.99%,$0.51B,$0.94B,61.39%,$0.51B,$0.29B,297.81%,$0.51B,$4.27B,13.18%,$0.91B,$2.48B,39.71%,$1483,$863,$619,$0,$391,$1255,$228,$-28,$200,$65,$136,$136,$136,$279,$228,$228,230,$0.59,$0.59,$885,$534,$0,$2005,$1438,$0,$647,$161,$2268,$4273,$1299,$1542,$494,$2036,$3335,$360,$4375,$-215,$938,$4273,$510,$197,$64,$261,$20,$-14,$90,$34,$131,$901,$-199,$0,$0,$0,$0,$0,$0,$-199,$277,$1,$278,$-77,$-77,$-283,$12,$-71,$631,$49,$-283
32,2010-09-30,39.69,$3.80,10.45,$24.35,1.63,$6.68,5.94,$2.17,18.29,$1.67B,$1.27B,1.31,$1.25B,$0.86B,1.45,$5.60B,$2.37B,42.31%,$5.60B,$0.89B,15.89%,$5.60B,$0.89B,15.89%,$5.60B,$1.08B,19.29%,$5.60B,$0.80B,14.30%,$5.60B,$0.50B,8.95%,$0.50B,$0.86B,63.72%,$0.50B,$0.22B,437.55%,$0.50B,$3.89B,13.47%,$0.89B,$2.11B,39.95%,$1547,$892,$655,$0,$358,$1247,$300,$-22,$277,$97,$180,$180,$180,$352,$300,$228,230,$0.79,$0.78,$245,$595,$0,$1665,$1378,$0,$646,$176,$2222,$3887,$1270,$1251,$502,$1754,$3024,$360,$4310,$-240,$863,$3887,$374,$146,$95,$241,$-195,$-60,$62,$-33,$-227,$388,$-122,$0,$0,$0,$0,$0,$0,$-122,$-6,$-8,$-14,$-59,$-59,$-213,$11,$-275,$-9,$25,$-213
33,2010-06-30,39.7,$3.23,12.31,$24.10,1.65,$7.85,5.06,$2.10,18.91,$1.42B,$0.88B,1.62,$1.50B,$0.73B,2.05,$5.53B,$2.30B,41.59%,$5.53B,$0.87B,15.71%,$5.53B,$0.87B,15.71%,$5.53B,$1.05B,19.00%,$5.53B,$0.78B,14.10%,$5.53B,$0.48B,8.73%,$0.48B,$0.73B,66.16%,$0.48B,$0.09B,1038.71%,$0.48B,$3.62B,13.08%,$0.87B,$2.23B,38.93%,$1233,$687,$547,$0,$337,$1109,$124,$-23,$102,$55,$47,$47,$47,$170,$124,$228,230,$0.21,$0.20,$249,$604,$0,$1415,$1379,$0,$640,$175,$2205,$3620,$876,$1501,$508,$2011,$2887,$360,$4201,$-242,$733,$3620,$194,$93,$95,$188,$89,$-55,$17,$-169,$-117,$265,$-74,$0,$0,$0,$0,$0,$0,$-74,$-4,$5,$1,$-66,$-66,$-142,$11,$-195,$-5,$17,$-142
34,2010-03-31,35.22,$3.47,10.14,$23.87,1.48,$8.67,4.06,$2.21,15.94,$1.41B,$0.90B,1.57,$1.50B,$0.79B,1.9,$5.47B,$2.21B,40.35%,$5.47B,$0.86B,15.76%,$5.47B,$0.86B,15.76%,$5.47B,$1.05B,19.10%,$5.47B,$0.77B,14.11%,$5.47B,$0.51B,9.27%,$0.51B,$0.79B,76.70%,$0.51B,$0.09B,-1469.57%,$0.51B,$3.70B,13.85%,$0.86B,$2.29B,39.83%,$1408,$814,$594,$0,$341,$1155,$253,$-24,$230,$82,$147,$147,$147,$301,$253,$228,230,$0.65,$0.64,$304,$482,$0,$1413,$1395,$0,$703,$181,$2286,$3699,$902,$1502,$501,$2007,$2910,$360,$4225,$-217,$789,$3699,$147,$47,$8,$56,$-1,$76,$6,$-103,$-22,$181,$-35,$0,$0,$0,$0,$0,$0,$-35,$-2,$19,$17,$-44,$-44,$-71,$3,$-96,$50,$9,$-71
35,2009-12-31,29.21,$3.33,8.76,$23.15,1.26,$9.08,3.22,$1.90,15.37,$1.39B,$0.91B,1.52,$1.50B,$0.76B,1.98,$5.30B,$2.05B,38.75%,$5.30B,$0.76B,14.38%,$5.30B,$0.76B,14.38%,$5.30B,$0.94B,17.82%,$5.30B,$0.67B,12.67%,$5.30B,$0.44B,8.23%,$0.44B,$0.76B,77.79%,$0.44B,$0.06B,-337.98%,$0.44B,$3.68B,12.07%,$0.76B,$2.26B,36.91%,$1407,$837,$571,$0,$334,$1195,$212,$-22,$191,$64,$127,$127,$127,$256,$212,$228,229,$0.56,$0.55,$254,$520,$0,$1385,$1405,$0,$697,$183,$2290,$3675,$911,$1503,$501,$2004,$2915,$360,$4148,$-203,$760,$3675,$436,$182,$-4,$179,$47,$74,$37,$293,$451,$1066,$-135,$0,$-15,$0,$0,$0,$0,$-150,$-8,$-458,$-466,$19,$19,$-263,$12,$-699,$217,$35,$-263
36,2009-09-30,31.45,$2.80,11.23,$23.03,1.37,$6.41,4.9,$1.71,18.39,$1.46B,$1.11B,1.32,$1.50B,$0.64B,2.36,$5.27B,$1.98B,37.59%,$5.27B,$0.70B,13.34%,$5.27B,$0.70B,13.34%,$5.27B,$0.90B,17.08%,$5.27B,$0.61B,11.54%,$5.27B,$0.39B,7.42%,$0.39B,$0.64B,85.37%,$0.39B,$-0.06B,-174.75%,$0.39B,$3.77B,10.86%,$0.70B,$2.14B,35.82%,$1484,$895,$589,$0,$301,$1204,$280,$-22,$257,$95,$162,$162,$162,$324,$280,$228,230,$0.71,$0.71,$119,$559,$0,$1463,$1413,$0,$693,$180,$2310,$3773,$1108,$1503,$481,$2027,$3136,$360,$4088,$-248,$638,$3773,$309,$139,$93,$231,$-111,$18,$35,$153,$95,$636,$-102,$0,$-15,$0,$0,$0,$0,$-117,$-6,$-255,$-262,$13,$13,$-197,$10,$-436,$82,$28,$-197
37,2009-06-30,28.92,$2.01,14.37,$23.08,1.25,$4.59,6.3,$1.54,18.78,$1.18B,$1.00B,1.18,$1.50B,$0.46B,3.29,$5.27B,$1.89B,35.87%,$5.27B,$0.64B,12.19%,$5.27B,$0.64B,12.19%,$5.27B,$0.86B,16.34%,$5.27B,$0.55B,10.35%,$5.27B,$0.35B,6.71%,$0.35B,$0.46B,78.32%,$0.35B,$-0.23B,-147.50%,$0.35B,$3.49B,9.40%,$0.64B,$1.96B,32.83%,$1171,$718,$453,$0,$299,$1055,$117,$-23,$94,$23,$71,$71,$71,$164,$117,$228,228,$0.31,$0.31,$29,$643,$0,$1179,$1441,$0,$689,$164,$2314,$3493,$1002,$1504,$504,$2034,$3036,$360,$3991,$-301,$457,$3493,$147,$94,$93,$187,$184,$-67,$29,$-34,$112,$446,$-71,$0,$-15,$0,$0,$0,$0,$-86,$-5,$-237,$-242,$-3,$-3,$-131,$8,$-369,$-8,$21,$-131
38,2009-03-31,27.68,$1.70,16.25,$22.79,1.21,$4.04,6.85,$1.41,19.63,$1.21B,$1.10B,1.09,$1.51B,$0.39B,3.89,$5.21B,$1.82B,34.98%,$5.21B,$0.62B,11.90%,$5.21B,$0.62B,11.90%,$5.21B,$0.85B,16.30%,$5.21B,$0.52B,10.04%,$5.21B,$0.32B,6.22%,$0.32B,$0.39B,66.16%,$0.32B,$-0.29B,-149.31%,$0.32B,$3.51B,8.28%,$0.62B,$1.89B,31.02%,$1236,$796,$440,$0,$274,$1083,$153,$-24,$129,$53,$76,$76,$76,$200,$153,$227,228,$0.33,$0.33,$71,$573,$0,$1207,$1447,$0,$679,$155,$2300,$3507,$1103,$1505,$504,$2017,$3120,$360,$3986,$-342,$387,$3507,$76,$47,$24,$71,$126,$6,$-11,$9,$131,$277,$-37,$0,$-15,$0,$0,$0,$0,$-53,$-2,$-125,$-127,$-6,$-6,$-66,$8,$-191,$34,$7,$-66
39,2008-12-31,27.43,$1.54,17.8,$22.44,1.22,$4.00,6.85,$1.36,20.17,$1.35B,$1.27B,1.06,$1.51B,$0.35B,4.3,$5.13B,$1.76B,34.26%,$5.13B,$0.59B,11.48%,$5.13B,$0.59B,11.48%,$5.13B,$0.84B,16.37%,$5.13B,$0.49B,9.59%,$5.13B,$0.31B,6.06%,$0.31B,$0.35B,57.51%,$0.31B,$-0.32B,-169.02%,$0.31B,$3.64B,7.67%,$0.59B,$1.86B,28.65%,$1377,$880,$498,$0,$284,$1224,$153,$-25,$128,$46,$82,$82,$82,$212,$153,$227,229,$0.37,$0.36,$37,$593,$0,$1345,$1459,$0,$665,$152,$2290,$3635,$1270,$1506,$505,$2015,$3285,$360,$3976,$-360,$350,$3635,$311,$249,$91,$341,$32,$8,$26,$-199,$-133,$520,$-200,$0,$2,$0,$0,$0,$0,$-198,$243,$-371,$-129,$-23,$-23,$-263,$1,$-413,$-92,$24,$-263
40,2008-09-30,30.96,$2.70,11.45,$22.22,1.39,$5.09,6.08,$1.24,24.97,$1.65B,$1.56B,1.06,$1.51B,$0.61B,2.46,$5.10B,$1.68B,32.90%,$5.10B,$0.56B,11.05%,$5.10B,$0.56B,11.05%,$5.10B,$0.84B,16.44%,$5.10B,$0.46B,9.08%,$5.10B,$0.28B,5.55%,$0.28B,$0.61B,47.05%,$0.28B,$-0.12B,-199.30%,$0.28B,$4.43B,6.73%,$0.56B,$2.13B,27.33%,$1490,$988,$501,$0,$272,$1270,$220,$-25,$195,$70,$125,$125,$125,$286,$220,$227,229,$0.54,$0.54,$136,$674,$0,$1651,$1480,$0,$734,$567,$2781,$4431,$1563,$1511,$532,$2254,$3817,$360,$3959,$-43,$614,$4431,$229,$191,$118,$308,$-128,$-63,$95,$-193,$-289,$249,$-134,$0,$2,$0,$0,$0,$0,$-132,$245,$-138,$107,$-21,$-21,$-197,$1,$-110,$6,$17,$-197
41,2008-06-30,25.46,$2.68,9.51,$21.78,1.17,$5.40,4.71,$0.97,26.25,$1.28B,$1.21B,1.06,$1.51B,$0.61B,2.49,$5.01B,$1.65B,32.90%,$5.01B,$0.47B,9.43%,$5.01B,$0.47B,9.43%,$5.01B,$0.77B,15.28%,$5.01B,$0.36B,7.27%,$5.01B,$0.22B,4.41%,$0.22B,$0.61B,37.92%,$0.22B,$-0.14B,-133.94%,$0.22B,$4.08B,5.25%,$0.47B,$2.12B,23.82%,$1105,$723,$383,$0,$267,$1011,$94,$-24,$71,$29,$41,$41,$41,$151,$94,$227,229,$0.18,$0.18,$45,$698,$0,$1279,$1493,$0,$747,$560,$2800,$4079,$1205,$1514,$528,$2266,$3471,$360,$3901,$19,$608,$4079,$105,$125,$93,$218,$184,$-96,$58,$-149,$-3,$320,$-70,$0,$2,$0,$0,$0,$0,$-68,$246,$-431,$-185,$-20,$-20,$-131,$1,$-336,$-84,$12,$-131
42,2008-03-31,29.02,$2.48,11.7,$21.48,1.35,$5.22,5.56,$0.80,36.28,$1.26B,$1.20B,1.05,$1.53B,$0.59B,2.59,$4.95B,$1.59B,32.16%,$4.95B,$0.41B,8.30%,$4.95B,$0.41B,8.30%,$4.95B,$0.73B,14.76%,$4.95B,$0.30B,6.00%,$4.95B,$0.18B,3.71%,$0.18B,$0.59B,32.08%,$0.18B,$-0.16B,-106.36%,$0.18B,$4.07B,4.32%,$0.41B,$2.12B,21.50%,$1160,$784,$376,$0,$250,$1038,$122,$-24,$98,$35,$63,$63,$63,$191,$122,$228,229,$0.28,$0.28,$153,$619,$0,$1263,$1511,$0,$751,$543,$2804,$4067,$1201,$1529,$523,$2275,$3476,$360,$3925,$-17,$591,$4067,$63,$68,$33,$101,$189,$-11,$9,$-93,$94,$258,$-26,$0,$2,$0,$0,$0,$0,$-25,$248,$-377,$-129,$-15,$-15,$-66,$0,$-210,$24,$6,$-66
43,2007-12-31,30.11,$2.61,11.53,$21.34,1.41,$5.33,5.65,$0.92,32.73,$1.43B,$1.62B,0.88,$1.28B,$0.59B,2.16,$4.95B,$1.63B,32.98%,$4.95B,$0.46B,9.28%,$4.95B,$0.46B,9.28%,$4.95B,$0.77B,15.57%,$4.95B,$0.34B,6.89%,$4.95B,$0.21B,4.33%,$0.21B,$0.59B,36.83%,$0.21B,$-0.15B,-154.79%,$0.21B,$4.25B,5.04%,$0.46B,$1.87B,24.82%,$1342,$925,$417,$0,$233,$1215,$127,$-28,$99,$45,$54,$54,$54,$210,$127,$229,231,$0.26,$0.25,$129,$600,$0,$1427,$1540,$0,$741,$540,$2821,$4247,$1619,$1280,$544,$2035,$3654,$360,$3927,$-28,$593,$4247,$214,$311,$137,$448,$40,$45,$62,$-31,$117,$779,$-204,$0,$-100,$0,$0,$0,$0,$-304,$-189,$195,$6,$-206,$-206,$-252,$9,$-442,$32,$19,$-252
44,2007-09-30,35.2,$2.38,14.82,$21.13,1.67,$5.04,6.99,$1.33,26.47,$1.66B,$1.84B,0.9,$1.27B,$0.54B,2.36,$4.94B,$1.70B,34.33%,$4.94B,$0.61B,12.31%,$4.94B,$0.61B,12.31%,$4.94B,$0.89B,17.97%,$4.94B,$0.49B,9.86%,$4.94B,$0.31B,6.35%,$0.31B,$0.54B,52.03%,$0.31B,$-0.21B,-345.05%,$0.31B,$4.46B,7.44%,$0.61B,$1.81B,32.62%,$1399,$929,$471,$0,$230,$1271,$129,$-33,$96,$33,$63,$63,$63,$213,$129,$228,230,$0.27,$0.27,$42,$775,$0,$1659,$1550,$0,$751,$495,$2797,$4456,$1841,$1272,$616,$2076,$3916,$360,$3939,$-89,$539,$4456,$160,$228,$257,$485,$-110,$-129,$91,$-181,$-329,$315,$-128,$0,$-97,$0,$0,$0,$0,$-225,$-189,$424,$235,$-205,$-205,$-187,$10,$-146,$-56,$13,$-187
45,2007-06-30,38.15,$2.51,15.23,$21.02,1.82,$4.63,8.24,$1.83,20.85,$1.43B,$1.62B,0.88,$1.27B,$0.57B,2.23,$4.96B,$1.77B,35.70%,$4.96B,$0.80B,16.16%,$4.96B,$0.80B,16.16%,$4.96B,$1.05B,21.14%,$4.96B,$0.68B,13.74%,$4.96B,$0.44B,8.79%,$0.44B,$0.57B,64.47%,$0.44B,$-0.17B,3559.18%,$0.44B,$4.27B,10.27%,$0.80B,$1.84B,41.45%,$1052,$722,$329,$0,$217,$1019,$33,$-29,$4,$0,$4,$4,$4,$117,$33,$229,232,$0.01,$0.01,$39,$814,$0,$1426,$1588,$0,$743,$510,$2842,$4267,$1616,$1273,$590,$2080,$3696,$360,$3942,$-103,$571,$4267,$97,$144,$136,$280,$150,$-167,$87,$-154,$-84,$294,$-83,$0,$-77,$0,$0,$0,$0,$-160,$-189,$264,$75,$-155,$-155,$-121,$8,$-192,$-58,$8,$-121
46,2007-03-31,40.98,$2.72,15.08,$20.86,1.96,$4.05,10.11,$2.23,18.38,$1.28B,$1.37B,0.94,$1.25B,$0.62B,2.01,$4.96B,$1.85B,37.29%,$4.96B,$0.95B,19.16%,$4.96B,$0.95B,19.16%,$4.96B,$1.16B,23.46%,$4.96B,$0.83B,16.78%,$4.96B,$0.53B,10.69%,$0.53B,$0.62B,71.02%,$0.53B,$-0.02B,479.64%,$0.53B,$4.01B,12.45%,$0.95B,$1.87B,50.74%,$1153,$739,$414,$0,$216,$983,$170,$-28,$142,$48,$93,$93,$93,$230,$170,$231,234,$0.40,$0.40,$60,$665,$0,$1280,$1611,$0,$642,$471,$2724,$4005,$1365,$1248,$540,$2019,$3384,$360,$3998,$-129,$621,$4005,$93,$60,$40,$100,$117,$-17,$43,$-32,$110,$304,$-42,$0,$0,$0,$0,$0,$0,$-42,$-189,$67,$-121,$-123,$-123,$-61,$6,$-298,$-37,$4,$-61
47,2006-12-31,37.15,$2.97,12.52,$20.62,1.8,$3.46,10.74,$2.33,15.94,$1.42B,$1.45B,0.98,$1.25B,$0.68B,1.83,$4.95B,$1.87B,37.76%,$4.95B,$0.99B,20.06%,$4.95B,$0.99B,20.06%,$4.95B,$1.19B,24.13%,$4.95B,$0.88B,17.74%,$4.95B,$0.56B,11.30%,$0.56B,$0.68B,67.84%,$0.56B,$0.04B,291.91%,$0.56B,$4.16B,12.96%,$0.99B,$1.93B,54.32%,$1337,$855,$482,$0,$200,$1060,$276,$-32,$245,$91,$154,$154,$154,$328,$276,$236,239,$0.66,$0.65,$97,$649,$0,$1418,$1651,$0,$642,$446,$2740,$4158,$1454,$1248,$486,$2021,$3474,$360,$3965,$-138,$683,$4158,$559,$200,$4,$204,$-15,$-12,$-13,$0,$-40,$723,$-199,$0,$-17,$0,$0,$0,$0,$-216,$496,$-164,$333,$-585,$-585,$-235,$9,$-478,$30,$26,$-235
