,Date,Stock Price,Book Value per Share,Price to Book Ratio,TTM Sales per Share,Price to Sales Ratio,TTM FCF per Share,Price to FCF Ratio,TTM Net EPS,PE Ratio,Current Assets,Current Liabilities,Current Ratio,Long Term Debt,Shareholder's Equity_x,Debt to Equity Ratio,TTM Revenue_x,TTM Gross Profit,Gross Margin,TTM Revenue_y,TTM Operating Income,Operating Margin,TTM Revenue_x,TTM EBIT,EBIT Margin,TTM Revenue_y,TTM EBITDA,EBITDA Margin,TTM Revenue_x,TTM Pre-Tax Income,Pre-Tax Margin,TTM Revenue_y,TTM Net Income_x,Net Margin,TTM Net Income_y,Shareholder's Equity_y,Return on Equity,TTM Net Income_x,Tangible Equity,Return on Tangible Equity,TTM Net Income_y,Total Assets,Return on Assets,TTM Net Income,LT Investments & Debt,Return on Investment,revenue,cost-goods-sold,gross-profit,research-development-expenses,selling-general-administrative-expenses,operating-expenses,operating-income,total-non-operating-income-expense,pre-tax-income,total-provision-income-taxes,income-after-taxes,income-from-continuous-operations,net-income,ebitda,ebit,basic-shares-outstanding,shares-outstanding,eps-basic-net-earnings-per-share,eps-earnings-per-share-diluted,cash-on-hand,inventory,other-current-assets,total-current-assets,net-property-plant-equipment,long-term-investments,goodwill-intangible-assets-total,other-long-term-assets,total-long-term-assets,total-assets,total-current-liabilities,long-term-debt,other-non-current-liabilities,total-long-term-liabilities,total-liabilities,common-stock-net,retained-earnings-accumulated-deficit,comprehensive-income,total-share-holder-equity,total-liabilities-share-holders-equity,net-income-loss,total-depreciation-amortization-cash-flow,other-non-cash-items,total-non-cash-items,change-in-accounts-receivable,change-in-inventories,change-in-accounts-payable,change-in-assets-liabilities,total-change-in-assets-liabilities,cash-flow-from-operating-activities,net-change-in-property-plant-equipment,net-change-in-intangible-assets,net-acquisitions-divestitures,net-change-in-short-term-investments,net-change-in-long-term-investments,net-change-in-investments-total,investing-activities-other,cash-flow-from-investing-activities,net-long-term-debt,net-current-debt,debt-issuance-retirement-net-total,net-common-equity-issued-repurchased,net-total-equity-issued-repurchased,total-common-preferred-stock-dividends-paid,financial-activities-other,cash-flow-from-financial-activities,net-cash-flow,stock-based-compensation,common-stock-dividends-paid
0,2018-09-30,29.15,$21.87,1.33,$7.64,3.82,$3.82,7.64,$0.52,56.06,$2.94B,$2.20B,1.34,$0.68B,$0.41B,1.63,$0.14B,$0.12B,86.62%,$0.14B,$0.04B,26.06%,$0.14B,0,0.00%,$0.14B,0,0.00%,$0.14B,$0.04B,26.06%,$0.14B,$0.01B,7.04%,$0.01B,$0.41B,2.47%,$0.01B,$0.39B,2.67%,$0.01B,$3.35B,0.30%,$0.04B,$1.09B,3.48%,$38,$6,$32,$0,$21,$28,$10,$-0,$10,$2,$8,$8,$8,$0,$0,$18,19,$0.43,$0.41,$355,$0,$0,$2943,$63,$193,$30,$95,$411,$3354,$2203,$677,$60,$737,$2940,$0,$208,$-2,$414,$3354,$8,$0,$2,$2,$1,$0,$0,$-3,$-2,$8,$-1,$0,$0,$1,$4,$4,$-67,$-63,$40,$0,$40,$-3,$-3,$0,$7,$43,$-12,$1,$0
1,2018-06-30,28.15,$21.49,1.31,$7.36,3.82,$3.86,7.29,$0.41,68.66,$2.89B,$2.20B,1.31,$0.64B,$0.41B,1.56,$0.14B,$0.12B,88.24%,$0.14B,$0.04B,25.74%,$0.14B,0,0.00%,$0.14B,0,0.00%,$0.14B,$0.04B,25.74%,$0.14B,$0.01B,5.88%,$0.01B,$0.41B,1.99%,$0.01B,$0.38B,2.15%,$0.01B,$3.30B,0.24%,$0.04B,$1.05B,3.30%,$36,$5,$31,$0,$21,$27,$9,$0,$9,$2,$7,$7,$7,$0,$0,$18,19,$0.39,$0.41,$367,$0,$0,$2887,$63,$197,$30,$95,$417,$3304,$2196,$637,$62,$699,$2895,$0,$201,$-2,$409,$3304,$8,$1,$29,$29,$-5,$0,$0,$-1,$-6,$31,$-3,$0,$-0,$-10,$43,$33,$-165,$-134,$-62,$0,$-62,$0,$0,$0,$148,$86,$-16,$4,$0
2,2018-03-31,26.05,$21.10,1.23,$7.18,3.63,$3.03,8.6,$0.28,93.04,$2.84B,$2.18B,1.3,$0.63B,$0.40B,1.56,$0.13B,$0.12B,89.39%,$0.13B,$0.03B,25.00%,$0.13B,0,0.00%,$0.13B,0,0.00%,$0.13B,$0.03B,25.00%,$0.13B,$0.01B,4.55%,$0.01B,$0.40B,1.50%,$0.01B,$0.37B,1.63%,$0.01B,$3.27B,0.18%,$0.03B,$1.03B,3.07%,$34,$4,$30,$0,$20,$25,$9,$-0,$9,$3,$6,$6,$6,$0,$0,$18,19,$0.34,$0.32,$403,$0,$0,$2843,$63,$198,$31,$103,$428,$3271,$2180,$627,$62,$689,$2869,$0,$193,$-1,$402,$3271,$1,$1,$26,$27,$-0,$0,$0,$-3,$-3,$25,$-2,$0,$0,$-39,$38,$-1,$-90,$-93,$-72,$0,$-72,$0,$0,$0,$132,$60,$-8,$4,$0
3,2017-12-31,25.75,$20.84,1.24,$7.04,3.66,$2.18,11.79,$-0.03,0.0,$2.81B,$2.11B,1.33,$0.69B,$0.40B,1.74,$0.13B,$0.12B,90.70%,$0.13B,$0.03B,24.03%,$0.13B,0,0.00%,$0.13B,0,0.00%,$0.13B,$0.02B,18.60%,$0.13B,0,0.00%,$0.00B,$0.40B,0.00%,$0.00B,$0.36B,0.00%,$0.00B,$3.25B,0.00%,$0.03B,$1.08B,2.89%,$34,$4,$30,$0,$20,$25,$9,$-0,$9,$20,$-11,$-11,$-11,$0,$0,$18,18,$-0.59,$-0.59,$399,$0,$0,$2812,$62,$207,$31,$102,$438,$3251,$2108,$687,$60,$747,$2855,$0,$187,$-0,$395,$3251,$-5,$1,$23,$24,$-1,$0,$0,$-5,$-6,$13,$-1,$0,$0,$-17,$31,$15,$-64,$-50,$-12,$0,$-12,$0,$0,$0,$60,$48,$12,$3,$0
4,2017-09-30,25.65,$21.38,1.2,$6.66,3.85,$1.57,16.32,$0.73,35.14,$2.78B,$2.10B,1.32,$0.68B,$0.41B,1.68,$0.12B,$0.11B,91.74%,$0.12B,$0.03B,21.49%,$0.12B,0,0.00%,$0.12B,0,0.00%,$0.12B,$0.02B,15.70%,$0.12B,$0.01B,11.57%,$0.01B,$0.41B,3.59%,$0.01B,$0.37B,3.88%,$0.01B,$3.25B,0.45%,$0.03B,$1.09B,2.52%,$32,$3,$29,$0,$20,$24,$8,$0,$8,$3,$6,$6,$6,$0,$0,$18,19,$0.31,$0.30,$389,$0,$0,$2779,$63,$221,$32,$100,$471,$3250,$2100,$682,$62,$744,$2844,$0,$198,$0,$405,$3250,$6,$0,$3,$4,$-2,$0,$0,$0,$-2,$7,$0,$0,$0,$-27,$18,$-9,$-41,$-50,$-17,$0,$-17,$0,$0,$0,$52,$35,$-8,$1,$0
5,2017-06-30,24.4,$20.96,1.16,$6.48,3.77,$0.98,24.82,$0.65,37.54,$2.71B,$2.05B,1.33,$0.70B,$0.40B,1.76,$0.12B,$0.11B,92.24%,$0.12B,$0.03B,21.55%,$0.12B,0,0.00%,$0.12B,0,0.00%,$0.12B,$0.02B,14.66%,$0.12B,$0.01B,10.34%,$0.01B,$0.40B,3.16%,$0.01B,$0.37B,3.39%,$0.01B,$3.21B,0.40%,$0.03B,$1.10B,2.53%,$32,$3,$29,$0,$21,$24,$7,$-0,$7,$2,$5,$5,$5,$0,$0,$17,18,$0.26,$0.25,$369,$0,$0,$2714,$64,$239,$33,$100,$493,$3207,$2048,$698,$62,$760,$2809,$0,$192,$0,$398,$3207,$12,$-0,$7,$7,$0,$0,$0,$-4,$-4,$15,$-2,$0,$-11,$111,$48,$159,$-253,$-107,$158,$0,$158,$2,$2,$0,$-34,$126,$34,$5,$0
6,2017-03-31,23.5,$20.62,1.14,$6.25,3.76,$1.87,12.55,$0.59,39.83,$2.66B,$2.09B,1.28,$0.63B,$0.39B,1.61,$0.11B,$0.10B,92.79%,$0.11B,$0.02B,20.72%,$0.11B,0,0.00%,$0.11B,0,0.00%,$0.11B,$0.02B,13.51%,$0.11B,$0.01B,9.01%,$0.01B,$0.39B,2.70%,$0.01B,$0.36B,2.88%,$0.01B,$3.17B,0.35%,$0.02B,$1.02B,2.48%,$31,$2,$29,$0,$21,$24,$7,$-7,$-0,$-0,$0,$0,$0,$0,$0,$18,18,$0.01,$0.01,$389,$0,$0,$2663,$64,$247,$34,$99,$503,$3165,$2085,$628,$62,$690,$2775,$0,$187,$-0,$391,$3165,$7,$-0,$4,$4,$1,$0,$0,$-3,$-2,$9,$-2,$0,$-11,$84,$40,$124,$-184,$-73,$88,$0,$88,$2,$2,$0,$2,$91,$28,$4,$0
7,2016-12-31,25.9,$20.43,1.27,$6.02,4.3,$2.72,9.52,$0.76,34.08,$2.32B,$1.79B,1.3,$0.56B,$0.37B,1.53,$0.11B,$0.10B,93.33%,$0.11B,$0.02B,19.05%,$0.11B,0,0.00%,$0.11B,0,0.00%,$0.11B,$0.02B,18.10%,$0.11B,$0.01B,12.38%,$0.01B,$0.37B,3.58%,$0.01B,$0.35B,3.79%,$0.01B,$2.77B,0.47%,$0.02B,$0.93B,2.25%,$26,$2,$24,$0,$19,$22,$4,$-0,$4,$1,$3,$3,$3,$0,$0,$17,17,$0.17,$0.17,$375,$0,$0,$2323,$54,$213,$19,$112,$452,$2774,$1786,$562,$58,$620,$2406,$0,$187,$0,$368,$2774,$7,$-0,$5,$5,$1,$0,$0,$-9,$-8,$3,$-2,$0,$-16,$62,$13,$75,$-120,$-63,$69,$0,$69,$0,$0,$0,$-17,$52,$-7,$3,$0
8,2016-09-30,18.5,$20.25,0.91,$5.91,3.13,$3.29,5.63,$0.73,25.34,$2.31B,$1.79B,1.29,$0.54B,$0.36B,1.48,$0.10B,$0.10B,93.27%,$0.10B,$0.02B,18.27%,$0.10B,0,0.00%,$0.10B,0,0.00%,$0.10B,$0.02B,17.31%,$0.10B,$0.01B,11.54%,$0.01B,$0.36B,3.32%,$0.01B,$0.35B,3.52%,$0.01B,$2.75B,0.44%,$0.02B,$0.90B,2.19%,$27,$2,$25,$0,$18,$20,$7,$-0,$6,$2,$4,$4,$4,$0,$0,$17,17,$0.22,$0.22,$435,$0,$0,$2312,$54,$225,$19,$92,$442,$2754,$1794,$538,$58,$596,$2390,$0,$184,$2,$364,$2754,$4,$-1,$2,$2,$-3,$0,$0,$-6,$-9,$-3,$-0,$0,$0,$18,$4,$22,$-47,$-25,$45,$0,$45,$0,$0,$0,$-9,$36,$8,$1,$0
9,2016-06-30,18.5,$20.00,0.93,$5.74,3.22,$4.08,4.53,$0.65,28.46,$2.27B,$1.80B,1.26,$0.49B,$0.36B,1.37,$0.10B,$0.10B,94.12%,$0.10B,$0.02B,15.69%,$0.10B,0,0.00%,$0.10B,0,0.00%,$0.10B,$0.02B,15.69%,$0.10B,$0.01B,10.78%,$0.01B,$0.36B,3.04%,$0.01B,$0.34B,3.23%,$0.01B,$2.72B,0.40%,$0.02B,$0.85B,1.88%,$27,$2,$25,$0,$19,$22,$5,$-1,$5,$1,$3,$3,$3,$0,$0,$17,18,$0.19,$0.19,$444,$0,$0,$2269,$54,$230,$20,$91,$449,$2718,$1803,$493,$62,$555,$2358,$0,$180,$2,$360,$2718,$11,$3,$7,$10,$0,$0,$0,$7,$7,$29,$-1,$0,$0,$77,$58,$135,$-146,$-11,$16,$0,$16,$-28,$-28,$0,$-69,$-81,$-64,$4,$0
10,2016-03-31,18.33,$19.72,0.93,$5.57,3.29,$2.34,7.84,$0.60,30.55,$2.29B,$1.83B,1.25,$0.51B,$0.36B,1.42,$0.10B,$0.10B,94.06%,$0.10B,$0.02B,14.85%,$0.10B,0,0.00%,$0.10B,0,0.00%,$0.10B,$0.01B,13.86%,$0.10B,$0.01B,9.90%,$0.01B,$0.36B,2.74%,$0.01B,$0.34B,2.92%,$0.01B,$2.76B,0.36%,$0.02B,$0.87B,1.76%,$25,$2,$24,$0,$18,$21,$4,$-0,$4,$1,$3,$3,$3,$0,$0,$17,17,$0.18,$0.18,$484,$0,$0,$2287,$56,$250,$20,$91,$473,$2760,$1832,$509,$60,$569,$2401,$0,$177,$2,$359,$2760,$8,$2,$5,$7,$3,$0,$0,$5,$8,$23,$-1,$0,$0,$32,$38,$70,$-126,$-57,$32,$0,$32,$-24,$-24,$0,$-40,$-33,$-67,$3,$0
11,2015-12-31,20.25,$19.44,1.04,$5.41,3.74,$0.86,23.55,$0.48,42.19,$2.25B,$1.83B,1.23,$0.48B,$0.36B,1.33,$0.10B,$0.10B,94.06%,$0.10B,$0.01B,13.86%,$0.10B,0,0.00%,$0.10B,0,0.00%,$0.10B,$0.01B,10.89%,$0.10B,$0.01B,7.92%,$0.01B,$0.36B,2.16%,$0.01B,$0.34B,2.30%,$0.01B,$2.73B,0.30%,$0.01B,$0.84B,1.77%,$25,$1,$23,$0,$19,$21,$3,$-0,$3,$1,$2,$2,$2,$0,$0,$17,18,$0.14,$0.14,$507,$0,$0,$2245,$56,$258,$21,$90,$483,$2729,$1830,$481,$56,$537,$2367,$0,$173,$1,$361,$2729,$5,$1,$3,$5,$1,$0,$0,$2,$2,$12,$-1,$0,$0,$17,$28,$45,$-60,$-16,$4,$0,$4,$-17,$-17,$0,$-42,$-55,$-59,$2,$0
12,2015-09-30,18.55,$19.30,0.96,$5.30,3.5,$0.37,50.79,$0.44,42.16,$2.22B,$1.82B,1.22,$0.48B,$0.37B,1.3,$0.10B,$0.10B,95.00%,$0.10B,$0.02B,16.00%,$0.10B,0,0.00%,$0.10B,0,0.00%,$0.10B,$0.01B,11.00%,$0.10B,$0.01B,8.00%,$0.01B,$0.37B,2.13%,$0.01B,$0.35B,2.27%,$0.01B,$2.73B,0.30%,$0.02B,$0.85B,2.16%,$25,$1,$24,$0,$19,$21,$4,$0,$4,$2,$3,$3,$3,$0,$0,$18,18,$0.14,$0.14,$490,$0,$0,$2222,$57,$278,$22,$90,$504,$2726,$1820,$478,$60,$538,$2358,$0,$171,$2,$368,$2726,$3,$0,$2,$3,$2,$0,$0,$5,$6,$12,$-0,$0,$0,$27,$9,$37,$-55,$-19,$1,$0,$1,$-7,$-7,$0,$-52,$-59,$-66,$1,$0
13,2015-06-30,16.76,$19.04,0.88,$5.09,3.29,$-0.56,0.0,$0.42,39.9,$2.26B,$1.87B,1.21,$0.48B,$0.37B,1.29,$0.10B,$0.09B,93.88%,$0.10B,$0.02B,17.35%,$0.10B,0,0.00%,$0.10B,0,0.00%,$0.10B,$0.01B,10.20%,$0.10B,$0.01B,7.14%,$0.01B,$0.37B,1.85%,$0.01B,$0.35B,1.97%,$0.01B,$2.78B,0.27%,$0.02B,$0.85B,2.61%,$26,$1,$24,$0,$20,$22,$4,$-1,$3,$1,$3,$3,$2,$0,$0,$19,19,$0.14,$0.14,$583,$0,$0,$2260,$58,$286,$23,$97,$523,$2783,$1872,$477,$63,$540,$2412,$0,$168,$1,$371,$2783,$8,$2,$3,$5,$-3,$0,$0,$-7,$-10,$2,$-5,$0,$303,$-303,$-89,$-391,$-96,$-190,$410,$0,$410,$-18,$-18,$0,$-134,$258,$70,$4,$0
14,2015-03-31,15.97,$18.78,0.85,$4.70,3.4,$0.75,21.28,$0.36,44.36,$2.13B,$1.91B,1.11,$0.25B,$0.38B,0.66,$0.09B,$0.09B,94.44%,$0.09B,$0.02B,18.89%,$0.09B,0,0.00%,$0.09B,0,0.00%,$0.09B,$0.01B,10.00%,$0.09B,$0.01B,7.78%,$0.01B,$0.38B,1.84%,$0.01B,$0.36B,1.95%,$0.01B,$2.61B,0.29%,$0.02B,$0.63B,3.11%,$25,$1,$24,$0,$20,$22,$3,$-2,$1,$0,$1,$1,$1,$0,$0,$19,19,$0.06,$0.06,$499,$0,$0,$2127,$59,$250,$25,$91,$482,$2609,$1914,$252,$61,$313,$2227,$0,$166,$2,$382,$2609,$5,$1,$2,$3,$0,$0,$0,$-8,$-8,$1,$-5,$0,$303,$-141,$-50,$-191,$-46,$61,$185,$0,$185,$-5,$-5,$0,$-92,$88,$149,$3,$0
15,2014-12-31,16.66,$18.63,0.89,$4.30,3.88,$2.07,8.06,$0.44,37.86,$2.19B,$1.94B,1.13,$0.25B,$0.38B,0.66,$0.08B,$0.08B,93.83%,$0.08B,$0.02B,22.22%,$0.08B,0,0.00%,$0.08B,0,0.00%,$0.08B,$0.01B,14.81%,$0.08B,$0.01B,11.11%,$0.01B,$0.38B,2.41%,$0.01B,$0.36B,2.51%,$0.01B,$2.64B,0.42%,$0.02B,$0.63B,3.76%,$24,$1,$23,$0,$18,$19,$5,$-2,$3,$1,$2,$2,$2,$0,$0,$19,19,$0.10,$0.10,$557,$0,$0,$2192,$59,$214,$25,$92,$448,$2640,$1938,$252,$69,$321,$2259,$0,$165,$1,$381,$2640,$4,$1,$1,$2,$1,$0,$0,$-0,$1,$7,$-4,$0,$303,$-161,$-16,$-177,$-57,$65,$185,$0,$185,$-3,$-3,$0,$-67,$114,$186,$2,$0
16,2014-09-30,14.61,$18.44,0.79,$3.97,3.68,$2.35,6.22,$0.49,29.82,$1.80B,$1.66B,1.09,$0.11B,$0.38B,0.3,$0.08B,$0.07B,92.00%,$0.08B,$0.02B,22.67%,$0.08B,0,0.00%,$0.08B,0,0.00%,$0.08B,$0.01B,16.00%,$0.08B,$0.01B,13.33%,$0.01B,$0.38B,2.72%,$0.01B,$0.36B,2.79%,$0.01B,$2.21B,0.53%,$0.02B,$0.49B,4.13%,$23,$1,$21,$0,$16,$18,$5,$-1,$3,$1,$2,$2,$2,$0,$0,$19,19,$0.12,$0.12,$208,$0,$0,$1803,$50,$189,$18,$95,$411,$2214,$1659,$114,$63,$177,$1836,$0,$163,$0,$378,$2214,$2,$1,$0,$1,$-0,$0,$0,$-6,$-6,$-3,$-3,$0,$-8,$-12,$8,$-4,$-23,$-38,$47,$0,$47,$-2,$-2,$0,$-18,$27,$-14,$1,$0
17,2014-06-30,15.77,$18.28,0.86,$3.67,4.29,$2.94,5.37,$0.54,29.2,$1.69B,$1.58B,1.07,$0.05B,$0.38B,0.14,$0.07B,$0.06B,92.75%,$0.07B,$0.02B,26.09%,$0.07B,0,0.00%,$0.07B,0,0.00%,$0.07B,$0.02B,21.74%,$0.07B,$0.01B,15.94%,$0.01B,$0.38B,3.01%,$0.01B,$0.36B,3.06%,$0.01B,$2.07B,0.63%,$0.02B,$0.43B,4.72%,$18,$1,$17,$0,$13,$14,$4,$-2,$2,$0,$2,$2,$2,$0,$0,$19,19,$0.08,$0.08,$210,$0,$0,$1692,$47,$172,$15,$89,$382,$2074,$1583,$52,$62,$114,$1697,$0,$160,$0,$377,$2074,$10,$1,$0,$2,$13,$0,$0,$-1,$12,$24,$-2,$0,$-5,$-27,$-21,$-48,$41,$-15,$-21,$0,$-21,$-30,$-30,$0,$-38,$-89,$-80,$3,$0
18,2014-03-31,15.78,$18.33,0.86,$3.57,4.42,$2.87,5.51,$0.61,25.87,$1.39B,$1.21B,1.15,$0.00B,$0.36B,0.01,$0.07B,$0.06B,92.65%,$0.07B,$0.02B,26.47%,$0.07B,0,0.00%,$0.07B,0,0.00%,$0.07B,$0.02B,25.00%,$0.07B,$0.01B,17.65%,$0.01B,$0.36B,3.31%,$0.01B,$0.36B,3.33%,$0.01B,$1.63B,0.74%,$0.02B,$0.36B,4.91%,$16,$1,$15,$0,$11,$12,$4,$-1,$4,$1,$3,$3,$3,$0,$0,$18,18,$0.14,$0.14,$243,$0,$0,$1392,$24,$91,$3,$76,$241,$1632,$1212,$4,$58,$62,$1274,$0,$159,$-0,$358,$1632,$9,$1,$2,$4,$13,$0,$0,$-4,$9,$21,$-1,$0,$1,$-23,$-30,$-53,$45,$-8,$-3,$0,$-3,$-20,$-20,$0,$-32,$-55,$-42,$3,$0
19,2013-12-31,15.99,$18.10,0.88,$3.54,4.52,$2.59,6.18,$0.60,26.65,$1.39B,$1.21B,1.15,$0.00B,$0.36B,0.01,$0.07B,$0.06B,92.75%,$0.07B,$0.02B,24.64%,$0.07B,0,0.00%,$0.07B,0,0.00%,$0.07B,$0.02B,23.19%,$0.07B,$0.01B,17.39%,$0.01B,$0.36B,3.27%,$0.01B,$0.36B,3.29%,$0.01B,$1.63B,0.74%,$0.02B,$0.36B,4.60%,$18,$1,$16,$0,$12,$14,$4,$-1,$3,$1,$3,$3,$3,$0,$0,$19,19,$0.15,$0.15,$236,$0,$0,$1394,$25,$85,$3,$77,$235,$1629,$1211,$4,$56,$60,$1271,$0,$156,$-0,$358,$1629,$6,$1,$2,$3,$6,$0,$0,$-6,$0,$9,$-1,$0,$1,$-15,$-24,$-39,$40,$1,$-3,$0,$-3,$-17,$-17,$0,$-32,$-52,$-42,$2,$0
20,2013-09-30,16.5,$17.88,0.92,$3.51,4.7,$2.53,6.51,$0.56,29.46,$1.42B,$1.24B,1.14,$0.00B,$0.37B,0.01,$0.07B,$0.06B,92.75%,$0.07B,$0.02B,23.19%,$0.07B,0,0.00%,$0.07B,0,0.00%,$0.07B,$0.02B,23.19%,$0.07B,$0.01B,15.94%,$0.01B,$0.37B,2.97%,$0.01B,$0.37B,2.98%,$0.01B,$1.67B,0.68%,$0.02B,$0.37B,4.27%,$17,$2,$16,$0,$10,$11,$6,$0,$6,$3,$3,$3,$3,$0,$0,$19,19,$0.17,$0.17,$239,$0,$0,$1418,$25,$100,$3,$81,$256,$1674,$1243,$4,$58,$62,$1305,$0,$153,$-0,$368,$1674,$3,$0,$1,$1,$5,$0,$0,$-3,$1,$6,$-1,$0,$1,$-9,$-39,$-48,$15,$-32,$-3,$0,$-3,$-4,$-4,$0,$-0,$-6,$-33,$1,$0
21,2013-06-30,16.96,$17.65,0.96,$3.53,4.81,$1.82,9.34,$0.45,37.69,$1.41B,$1.16B,1.22,$0.00B,$0.37B,0.01,$0.07B,$0.06B,91.43%,$0.07B,$0.01B,15.71%,$0.07B,0,0.00%,$0.07B,0,0.00%,$0.07B,$0.01B,15.71%,$0.07B,$0.01B,12.86%,$0.01B,$0.37B,2.42%,$0.01B,$0.37B,2.42%,$0.01B,$1.58B,0.57%,$0.01B,$0.37B,2.90%,$17,$1,$16,$0,$11,$13,$4,$-0,$4,$1,$3,$3,$3,$0,$0,$20,20,$0.15,$0.15,$262,$0,$0,$1411,$22,$27,$0,$76,$173,$1583,$1155,$2,$59,$61,$1216,$0,$150,$-0,$368,$1583,$9,$2,$7,$9,$0,$0,$0,$6,$6,$24,$-2,$0,$0,$-29,$11,$-18,$50,$29,$-25,$0,$-25,$-24,$-24,$0,$-103,$-152,$-99,$2,$0
