,Date,Stock Price,Book Value per Share,Price to Book Ratio,TTM Sales per Share,Price to Sales Ratio,TTM FCF per Share,Price to FCF Ratio,TTM Net EPS,PE Ratio,Current Assets,Current Liabilities,Current Ratio,Long Term Debt,Shareholder's Equity_x,Debt to Equity Ratio,TTM Revenue_x,TTM Gross Profit,Gross Margin,TTM Revenue_y,TTM Operating Income,Operating Margin,TTM Revenue_x,TTM EBIT,EBIT Margin,TTM Revenue_y,TTM EBITDA,EBITDA Margin,TTM Revenue_x,TTM Pre-Tax Income,Pre-Tax Margin,TTM Revenue_y,TTM Net Income_x,Net Margin,TTM Net Income_y,Shareholder's Equity_y,Return on Equity,TTM Net Income_x,Tangible Equity,Return on Tangible Equity,TTM Net Income_y,Total Assets,Return on Assets,TTM Net Income,LT Investments & Debt,Return on Investment,revenue,cost-goods-sold,gross-profit,research-development-expenses,selling-general-administrative-expenses,operating-expenses,operating-income,total-non-operating-income-expense,pre-tax-income,total-provision-income-taxes,income-after-taxes,income-from-continuous-operations,net-income,ebitda,ebit,basic-shares-outstanding,shares-outstanding,eps-basic-net-earnings-per-share,eps-earnings-per-share-diluted,cash-on-hand,inventory,other-current-assets,total-current-assets,net-property-plant-equipment,long-term-investments,goodwill-intangible-assets-total,other-long-term-assets,total-long-term-assets,total-assets,total-current-liabilities,long-term-debt,other-non-current-liabilities,total-long-term-liabilities,total-liabilities,common-stock-net,retained-earnings-accumulated-deficit,comprehensive-income,total-share-holder-equity,total-liabilities-share-holders-equity,net-income-loss,total-depreciation-amortization-cash-flow,other-non-cash-items,total-non-cash-items,change-in-accounts-receivable,change-in-inventories,change-in-accounts-payable,change-in-assets-liabilities,total-change-in-assets-liabilities,cash-flow-from-operating-activities,net-change-in-property-plant-equipment,net-change-in-intangible-assets,net-acquisitions-divestitures,net-change-in-short-term-investments,net-change-in-long-term-investments,net-change-in-investments-total,investing-activities-other,cash-flow-from-investing-activities,net-long-term-debt,net-current-debt,debt-issuance-retirement-net-total,net-common-equity-issued-repurchased,net-total-equity-issued-repurchased,total-common-preferred-stock-dividends-paid,financial-activities-other,cash-flow-from-financial-activities,net-cash-flow,stock-based-compensation,common-stock-dividends-paid
0,2018-09-30,13.16,$10.38,1.27,$2.30,5.72,$-1.77,0.0,$1.25,10.53,$0.06B,$0.02B,2.86,$0.72B,$1.00B,0.71,$0.20B,$0.20B,100.00%,$0.20B,$0.10B,50.99%,$0.20B,$0.14B,69.80%,$0.20B,$0.15B,73.76%,$0.20B,$0.10B,50.99%,$0.20B,$0.11B,54.95%,$0.11B,$1.00B,12.20%,$0.11B,$1.00B,12.20%,$0.11B,$1.82B,6.44%,$0.10B,$1.72B,6.19%,$53,$0,$53,$0,$12,$23,$29,$0,$29,$0,$29,$36,$35,$40,$39,$95,96,$0.37,$0.37,$46,$0,$0,$61,$0,$1761,$0,$1,$1762,$1823,$21,$717,$81,$797,$819,$0,$28,$-85,$1004,$1823,$94,$5,$-27,$-22,$0,$0,$-0,$-182,$-187,$-115,$-0,$0,$0,$0,$0,$0,$0,$-0,$-72,$81,$9,$143,$143,$-81,$-4,$66,$-49,$8,$-81
1,2018-06-30,12.36,$10.22,1.21,$2.31,5.36,$0.37,33.81,$1.28,9.66,$0.09B,$0.03B,3.57,$0.75B,$0.96B,0.77,$0.20B,$0.20B,100.00%,$0.20B,$0.10B,50.26%,$0.20B,$0.14B,69.23%,$0.20B,$0.14B,73.33%,$0.20B,$0.10B,50.26%,$0.20B,$0.11B,55.90%,$0.11B,$0.96B,12.56%,$0.11B,$0.96B,12.56%,$0.11B,$1.79B,6.56%,$0.10B,$1.71B,6.03%,$50,$0,$50,$0,$14,$27,$23,$0,$23,$0,$23,$52,$52,$36,$33,$87,87,$0.59,$0.59,$75,$0,$0,$90,$0,$1702,$0,$1,$1703,$1793,$25,$745,$58,$804,$829,$0,$28,$-91,$964,$1793,$58,$4,$-17,$-13,$0,$0,$0,$-138,$-139,$-94,$-0,$0,$0,$0,$0,$0,$0,$-0,$-43,$58,$15,$112,$112,$-52,$-1,$74,$-20,$5,$-52
2,2018-03-31,11.54,$9.72,1.19,$2.33,4.96,$2.26,5.1,$1.09,10.59,$0.13B,$0.02B,7.08,$0.77B,$0.83B,0.93,$0.19B,$0.19B,100.00%,$0.19B,$0.10B,51.81%,$0.19B,$0.14B,70.98%,$0.19B,$0.14B,74.09%,$0.19B,$0.10B,51.81%,$0.19B,$0.09B,46.63%,$0.09B,$0.83B,10.83%,$0.09B,$0.83B,10.83%,$0.09B,$1.62B,5.58%,$0.10B,$1.60B,6.29%,$49,$0,$49,$0,$12,$23,$26,$0,$26,$0,$26,$6,$6,$36,$35,$85,85,$0.07,$0.07,$122,$0,$0,$133,$0,$1484,$0,$3,$1487,$1620,$19,$772,$0,$772,$791,$0,$32,$-120,$829,$1620,$6,$1,$15,$16,$0,$0,$-0,$49,$41,$63,$-0,$0,$0,$0,$0,$0,$0,$-0,$-16,$0,$-16,$5,$5,$-26,$0,$-36,$27,$2,$-26
3,2017-12-31,12.2,$9.96,1.22,$2.32,5.26,$1.66,7.33,$0.95,12.84,$0.11B,$0.03B,3.99,$0.79B,$0.84B,0.94,$0.19B,$0.19B,100.00%,$0.19B,$0.10B,51.05%,$0.19B,$0.13B,70.53%,$0.19B,$0.14B,74.74%,$0.19B,$0.10B,51.05%,$0.19B,$0.08B,41.05%,$0.08B,$0.84B,9.45%,$0.08B,$0.84B,9.45%,$0.08B,$1.66B,4.87%,$0.10B,$1.63B,6.13%,$50,$0,$50,$0,$13,$26,$25,$0,$25,$0,$25,$18,$18,$37,$34,$83,83,$0.22,$0.22,$95,$0,$0,$107,$0,$1542,$0,$5,$1547,$1655,$27,$787,$0,$787,$814,$0,$33,$-100,$841,$1655,$79,$8,$-9,$-1,$0,$0,$-0,$-101,$-96,$-18,$-0,$0,$0,$0,$0,$0,$5,$4,$140,$-5,$135,$64,$64,$-101,$-6,$92,$78,$7,$-101
4,2017-09-30,11.72,$10.00,1.17,$2.36,4.98,$0.01,0.0,$0.91,12.88,$0.16B,$0.02B,8.34,$0.73B,$0.84B,0.87,$0.19B,$0.19B,100.00%,$0.19B,$0.10B,51.87%,$0.19B,$0.13B,71.66%,$0.19B,$0.14B,74.87%,$0.19B,$0.11B,56.15%,$0.19B,$0.07B,39.57%,$0.07B,$0.84B,9.11%,$0.07B,$0.84B,9.11%,$0.07B,$1.58B,4.76%,$0.10B,$1.56B,6.32%,$46,$0,$46,$0,$11,$22,$24,$0,$24,$0,$24,$33,$33,$34,$33,$82,83,$0.40,$0.40,$148,$0,$0,$159,$0,$1417,$0,$7,$1424,$1583,$19,$728,$0,$728,$747,$0,$-5,$-63,$836,$1583,$61,$5,$-9,$-4,$0,$0,$0,$23,$20,$77,$-0,$0,$0,$0,$0,$0,$0,$-0,$82,$-5,$77,$54,$54,$-75,$-5,$51,$127,$6,$-75
5,2017-06-30,11.75,$9.87,1.19,$2.41,4.88,$-1.71,0.0,$0.92,12.77,$0.19B,$0.02B,8.46,$0.75B,$0.82B,0.92,$0.19B,$0.19B,100.00%,$0.19B,$0.10B,52.15%,$0.19B,$0.13B,71.51%,$0.19B,$0.14B,75.27%,$0.19B,$0.11B,56.45%,$0.19B,$0.07B,38.17%,$0.07B,$0.82B,8.97%,$0.07B,$0.82B,8.97%,$0.07B,$1.59B,4.69%,$0.10B,$1.57B,6.49%,$48,$0,$48,$0,$13,$23,$25,$0,$25,$0,$25,$33,$33,$36,$35,$82,82,$0.40,$0.40,$178,$0,$0,$188,$0,$1395,$0,$5,$1401,$1589,$22,$749,$0,$749,$771,$0,$-4,$-72,$817,$1589,$28,$4,$6,$10,$0,$0,$0,$29,$30,$68,$-0,$0,$0,$0,$0,$0,$0,$-0,$104,$-5,$99,$45,$45,$-50,$-5,$89,$156,$4,$-50
6,2017-03-31,13.11,$9.76,1.34,$2.42,5.42,$-3.66,0.0,$0.65,20.16,$0.17B,$0.02B,10.45,$0.76B,$0.81B,0.94,$0.18B,$0.18B,100.00%,$0.18B,$0.10B,52.20%,$0.18B,$0.13B,70.88%,$0.18B,$0.14B,74.73%,$0.18B,$0.10B,56.59%,$0.18B,$0.05B,25.82%,$0.05B,$0.81B,6.13%,$0.05B,$0.81B,6.13%,$0.05B,$1.59B,3.21%,$0.10B,$1.57B,6.56%,$46,$0,$46,$0,$11,$24,$23,$0,$23,$0,$23,$-6,$-6,$35,$32,$81,81,$-0.07,$-0.07,$161,$0,$0,$173,$0,$1406,$0,$7,$1414,$1586,$17,$762,$0,$762,$778,$0,$-3,$-80,$808,$1586,$-6,$3,$21,$23,$0,$0,$0,$-1,$-6,$12,$-0,$0,$0,$0,$0,$0,$0,$-0,$117,$-5,$112,$46,$46,$-25,$-5,$128,$140,$2,$-25
7,2016-12-31,11.97,$9.90,1.21,$2.40,4.99,$-4.96,0.0,$0.92,13.01,$0.03B,$0.02B,1.54,$0.66B,$0.79B,0.83,$0.18B,$0.18B,100.00%,$0.18B,$0.09B,52.57%,$0.18B,$0.12B,70.86%,$0.18B,$0.13B,73.71%,$0.18B,$0.10B,57.14%,$0.18B,$0.07B,38.29%,$0.07B,$0.79B,9.00%,$0.07B,$0.79B,9.00%,$0.07B,$1.46B,4.78%,$0.09B,$1.44B,6.64%,$47,$0,$47,$0,$12,$22,$25,$0,$33,$0,$33,$14,$14,$35,$34,$74,74,$0.17,$0.17,$21,$0,$0,$33,$0,$1424,$0,$7,$1431,$1464,$21,$655,$0,$655,$676,$0,$23,$-75,$788,$1464,$69,$4,$1,$5,$0,$0,$0,$-216,$-212,$-138,$-0,$0,$0,$0,$0,$0,$1,$1,$112,$-45,$67,$86,$86,$-91,$-7,$56,$-82,$7,$-91
8,2016-09-30,11.24,$9.86,1.14,$2.32,4.85,$-4.72,0.0,$0.94,11.96,$0.09B,$0.02B,5.34,$0.65B,$0.75B,0.86,$0.17B,$0.17B,100.00%,$0.17B,$0.09B,52.10%,$0.17B,$0.12B,70.66%,$0.17B,$0.12B,73.65%,$0.17B,$0.09B,52.10%,$0.17B,$0.07B,40.12%,$0.07B,$0.75B,9.22%,$0.07B,$0.75B,9.22%,$0.07B,$1.42B,4.90%,$0.09B,$1.40B,6.43%,$45,$0,$45,$0,$11,$21,$24,$0,$24,$0,$24,$31,$30,$34,$32,$74,74,$0.41,$0.41,$78,$0,$0,$89,$0,$1321,$0,$10,$1331,$1419,$17,$649,$0,$649,$666,$0,$-12,$-37,$754,$1419,$55,$3,$-9,$-6,$0,$0,$0,$-106,$-107,$-59,$-0,$0,$0,$0,$0,$0,$0,$-0,$112,$-50,$62,$43,$43,$-67,$-6,$32,$-26,$6,$-67
9,2016-06-30,10.07,$9.66,1.04,$2.37,4.25,$-5.03,0.0,$0.58,17.36,$0.07B,$0.02B,4.36,$0.66B,$0.72B,0.92,$0.17B,$0.17B,100.00%,$0.17B,$0.09B,51.48%,$0.17B,$0.12B,69.23%,$0.17B,$0.12B,71.60%,$0.17B,$0.09B,51.48%,$0.17B,$0.04B,24.26%,$0.04B,$0.72B,5.70%,$0.04B,$0.72B,5.70%,$0.04B,$1.40B,3.05%,$0.09B,$1.38B,6.54%,$44,$0,$44,$0,$11,$20,$23,$0,$23,$0,$23,$9,$9,$32,$31,$73,73,$0.13,$0.13,$63,$0,$0,$73,$0,$1303,$0,$20,$1322,$1395,$17,$661,$0,$661,$677,$0,$-12,$-44,$718,$1395,$24,$2,$6,$8,$0,$0,$0,$-113,$-114,$-82,$-0,$0,$0,$0,$0,$0,$6,$5,$124,$-50,$74,$17,$17,$-44,$-6,$41,$-35,$4,$-44
10,2016-03-31,9.49,$9.81,0.97,$2.30,4.12,$-6.42,0.0,$0.48,19.77,$0.03B,$0.01B,2.33,$0.60B,$0.72B,0.84,$0.16B,$0.16B,100.00%,$0.16B,$0.08B,49.69%,$0.16B,$0.11B,67.48%,$0.16B,$0.12B,70.55%,$0.16B,$0.08B,49.69%,$0.16B,$0.03B,20.86%,$0.03B,$0.72B,4.69%,$0.03B,$0.72B,4.69%,$0.03B,$1.33B,2.53%,$0.08B,$1.32B,6.09%,$39,$0,$39,$0,$11,$19,$20,$0,$20,$0,$20,$14,$14,$28,$27,$71,71,$0.20,$0.20,$17,$0,$0,$28,$0,$1291,$0,$12,$1304,$1332,$12,$601,$0,$601,$613,$0,$-13,$-31,$718,$1332,$14,$1,$-0,$1,$0,$0,$-0,$-92,$-97,$-82,$-0,$0,$0,$0,$0,$0,$6,$5,$0,$11,$11,$6,$6,$-22,$-0,$-5,$-82,$3,$-22
11,2015-12-31,9.37,$9.94,0.94,$2.26,4.14,$-7.04,0.0,$0.61,15.36,$0.11B,$0.02B,6.59,$0.59B,$0.72B,0.82,$0.16B,$0.16B,100.00%,$0.16B,$0.07B,47.44%,$0.16B,$0.10B,66.67%,$0.16B,$0.11B,69.87%,$0.16B,$0.07B,47.44%,$0.16B,$0.04B,26.28%,$0.04B,$0.72B,5.56%,$0.04B,$0.72B,5.56%,$0.04B,$1.32B,3.01%,$0.07B,$1.31B,5.50%,$39,$0,$39,$0,$10,$19,$20,$0,$20,$0,$20,$14,$14,$29,$28,$69,70,$0.19,$0.18,$104,$0,$0,$114,$0,$1201,$0,$10,$1210,$1324,$17,$590,$0,$590,$607,$0,$-10,$-25,$717,$1324,$43,$5,$11,$17,$0,$0,$-1,$-178,$-174,$-114,$-0,$0,$0,$0,$0,$0,$3,$3,$-76,$50,$-26,$91,$91,$-85,$-1,$-21,$-132,$9,$-85
12,2015-09-30,7.56,$10.02,0.75,$2.28,3.31,$-5.82,0.0,$0.73,10.36,$0.16B,$0.02B,8.22,$0.59B,$0.72B,0.82,$0.15B,$0.15B,100.00%,$0.15B,$0.07B,45.45%,$0.15B,$0.10B,64.94%,$0.15B,$0.11B,68.83%,$0.15B,$0.07B,45.45%,$0.15B,$0.05B,30.52%,$0.05B,$0.72B,6.51%,$0.05B,$0.72B,6.51%,$0.05B,$1.33B,3.47%,$0.07B,$1.31B,5.22%,$47,$0,$47,$0,$15,$24,$24,$0,$24,$0,$24,$4,$4,$32,$31,$71,71,$0.05,$0.05,$153,$0,$0,$161,$0,$1152,$0,$20,$1172,$1333,$20,$590,$0,$590,$610,$0,$-7,$-28,$723,$1333,$29,$4,$12,$16,$0,$0,$0,$-129,$-123,$-79,$-0,$0,$0,$0,$0,$0,$7,$7,$-36,$0,$-36,$92,$92,$-64,$-0,$-8,$-80,$7,$-64
13,2015-06-30,8.42,$10.26,0.82,$2.20,3.82,$-5.26,0.0,$0.91,9.25,$0.14B,$0.01B,10.56,$0.64B,$0.74B,0.86,$0.14B,$0.14B,100.00%,$0.14B,$0.07B,45.83%,$0.14B,$0.10B,66.67%,$0.14B,$0.10B,70.83%,$0.14B,$0.07B,45.14%,$0.14B,$0.06B,40.28%,$0.06B,$0.74B,8.22%,$0.06B,$0.74B,8.22%,$0.06B,$1.40B,4.39%,$0.07B,$1.38B,5.04%,$38,$0,$38,$0,$12,$21,$17,$-0,$17,$0,$17,$3,$2,$26,$24,$71,72,$0.03,$0.03,$128,$0,$0,$137,$0,$1239,$0,$21,$1260,$1397,$13,$640,$0,$640,$653,$0,$-8,$-8,$744,$1397,$25,$3,$-0,$2,$0,$0,$-1,$-207,$-208,$-180,$-0,$0,$0,$0,$0,$0,$1,$1,$-36,$50,$14,$97,$97,$-42,$-0,$68,$-111,$5,$-42
14,2015-03-31,9.59,$10.47,0.92,$2.21,4.33,$-3.49,0.0,$1.08,8.88,$0.20B,$0.01B,21.76,$0.61B,$0.76B,0.81,$0.14B,$0.14B,100.00%,$0.14B,$0.07B,48.57%,$0.14B,$0.10B,69.29%,$0.14B,$0.10B,72.86%,$0.14B,$0.07B,47.86%,$0.14B,$0.07B,49.29%,$0.07B,$0.76B,10.08%,$0.07B,$0.76B,10.08%,$0.07B,$1.39B,5.48%,$0.07B,$1.38B,5.45%,$32,$0,$32,$0,$10,$20,$13,$-0,$13,$0,$13,$22,$21,$22,$21,$64,64,$0.33,$0.33,$194,$0,$0,$203,$0,$1161,$0,$23,$1184,$1387,$9,$614,$0,$614,$624,$0,$-3,$6,$763,$1387,$22,$1,$-10,$-9,$0,$0,$-1,$-122,$-127,$-114,$-0,$0,$0,$0,$0,$0,$-9,$-9,$-12,$0,$-12,$100,$100,$-20,$0,$68,$-55,$3,$-20
15,2014-12-31,10.35,$10.18,1.02,$2.28,4.55,$-1.14,0.0,$1.10,9.41,$0.25B,$0.01B,17.68,$0.63B,$0.66B,0.95,$0.14B,$0.14B,100.00%,$0.14B,$0.07B,50.69%,$0.14B,$0.10B,70.14%,$0.14B,$0.11B,74.31%,$0.14B,$0.07B,50.00%,$0.14B,$0.07B,48.61%,$0.07B,$0.66B,10.66%,$0.07B,$0.66B,10.66%,$0.07B,$1.30B,5.83%,$0.07B,$1.29B,6.13%,$37,$0,$37,$0,$11,$20,$16,$-1,$16,$0,$16,$21,$20,$26,$24,$62,63,$0.31,$0.32,$240,$0,$0,$249,$0,$1021,$0,$29,$1050,$1299,$14,$626,$0,$626,$640,$0,$5,$-3,$659,$1299,$71,$6,$-16,$-10,$0,$0,$0,$-86,$-88,$-27,$-0,$0,$0,$0,$0,$0,$-6,$-7,$71,$0,$71,$6,$6,$-77,$-8,$-8,$-41,$10,$-77
16,2014-09-30,9.87,$10.22,0.96,$2.25,4.39,$0.99,9.92,$1.17,8.43,$0.17B,$0.01B,14.63,$0.53B,$0.66B,0.81,$0.14B,$0.14B,100.00%,$0.14B,$0.08B,54.29%,$0.14B,$0.10B,73.57%,$0.14B,$0.11B,77.86%,$0.14B,$0.08B,53.57%,$0.14B,$0.08B,53.57%,$0.08B,$0.66B,11.46%,$0.08B,$0.66B,11.46%,$0.08B,$1.20B,6.34%,$0.08B,$1.19B,6.49%,$37,$0,$37,$0,$9,$17,$20,$-1,$19,$0,$19,$15,$15,$28,$27,$62,64,$0.24,$0.23,$161,$0,$0,$170,$0,$999,$0,$31,$1029,$1199,$12,$532,$0,$532,$543,$0,$2,$-17,$656,$1199,$51,$4,$-9,$-4,$0,$0,$1,$-77,$-80,$-34,$-0,$0,$0,$0,$0,$0,$4,$4,$3,$0,$3,$7,$7,$-57,$-32,$-80,$-110,$7,$-57
17,2014-06-30,10.81,$10.42,1.04,$2.34,4.62,$1.60,6.74,$1.53,7.07,$0.13B,$0.01B,12.34,$0.48B,$0.66B,0.73,$0.14B,$0.14B,100.00%,$0.14B,$0.08B,54.17%,$0.14B,$0.11B,72.92%,$0.14B,$0.11B,77.08%,$0.14B,$0.08B,54.17%,$0.14B,$0.10B,67.36%,$0.10B,$0.66B,14.89%,$0.10B,$0.66B,14.89%,$0.10B,$1.15B,8.15%,$0.08B,$1.14B,6.63%,$34,$0,$34,$0,$8,$15,$19,$0,$19,$0,$19,$13,$13,$26,$25,$61,63,$0.21,$0.20,$119,$0,$0,$128,$0,$991,$0,$30,$1021,$1149,$10,$480,$0,$480,$491,$0,$3,$-13,$659,$1149,$35,$3,$-7,$-4,$0,$0,$1,$-74,$-78,$-47,$-0,$0,$0,$0,$0,$0,$3,$3,$-78,$0,$-78,$8,$8,$-38,$-0,$-108,$-152,$4,$-38
18,2014-03-31,9.21,$10.58,0.87,$2.36,3.9,$0.82,11.17,$1.67,5.51,$0.24B,$0.01B,26.5,$0.50B,$0.65B,0.76,$0.15B,$0.15B,100.00%,$0.15B,$0.08B,53.10%,$0.15B,$0.11B,72.41%,$0.15B,$0.11B,76.55%,$0.15B,$0.08B,53.10%,$0.15B,$0.11B,72.41%,$0.11B,$0.65B,16.36%,$0.11B,$0.65B,16.36%,$0.11B,$1.16B,8.71%,$0.08B,$1.15B,6.46%,$36,$0,$36,$0,$8,$17,$18,$0,$18,$0,$18,$22,$22,$27,$25,$61,63,$0.36,$0.35,$229,$0,$0,$237,$0,$891,$0,$31,$922,$1159,$9,$497,$0,$497,$506,$0,$4,$-8,$653,$1159,$22,$2,$-9,$-7,$0,$0,$-0,$26,$20,$36,$-0,$0,$0,$0,$0,$0,$1,$1,$-61,$0,$-61,$-2,$-2,$-19,$0,$-81,$-44,$2,$-19
19,2013-12-31,10.52,$10.51,1.0,$2.37,4.45,$-0.63,0.0,$1.62,6.49,$0.28B,$0.01B,19.88,$0.56B,$0.65B,0.86,$0.14B,$0.14B,100.00%,$0.14B,$0.07B,52.86%,$0.14B,$0.10B,73.57%,$0.14B,$0.11B,77.14%,$0.14B,$0.07B,52.86%,$0.14B,$0.10B,70.71%,$0.10B,$0.65B,15.65%,$0.10B,$0.65B,15.65%,$0.10B,$1.22B,8.13%,$0.07B,$1.21B,6.14%,$33,$0,$33,$0,$5,$14,$19,$0,$19,$0,$19,$25,$25,$28,$26,$59,60,$0.42,$0.40,$275,$0,$0,$284,$0,$910,$0,$28,$938,$1222,$14,$557,$0,$557,$572,$0,$5,$-12,$650,$1222,$99,$4,$-40,$-35,$0,$0,$0,$37,$40,$104,$-0,$0,$0,$0,$0,$0,$-6,$-7,$-40,$0,$-40,$92,$92,$-64,$-0,$-12,$85,$6,$-64
20,2013-09-30,9.43,$10.42,0.9,$2.37,3.97,$-6.29,0.0,$1.70,5.55,$0.22B,$0.01B,15.58,$0.57B,$0.64B,0.89,$0.13B,$0.13B,100.00%,$0.13B,$0.07B,50.75%,$0.13B,$0.10B,72.39%,$0.13B,$0.09B,70.15%,$0.13B,$0.07B,50.75%,$0.13B,$0.10B,73.88%,$0.10B,$0.64B,16.52%,$0.10B,$0.64B,16.52%,$0.10B,$1.23B,8.29%,$0.07B,$1.21B,5.75%,$41,$0,$41,$0,$11,$19,$22,$0,$22,$0,$22,$37,$37,$30,$29,$61,61,$0.61,$0.59,$209,$0,$0,$219,$0,$983,$0,$25,$1009,$1228,$14,$570,$0,$570,$584,$0,$3,$-25,$643,$1228,$75,$3,$-32,$-29,$0,$0,$-0,$-43,$-41,$5,$-0,$0,$0,$0,$-0,$-0,$-4,$-4,$-27,$0,$-27,$93,$93,$-45,$0,$21,$22,$4,$-45
21,2013-06-30,8.3,$10.09,0.82,$2.19,3.79,$-8.18,0.0,$1.20,6.91,$0.15B,$0.01B,12.79,$0.58B,$0.62B,0.93,$0.12B,$0.12B,100.00%,$0.12B,$0.06B,48.72%,$0.12B,$0.08B,71.79%,$0.12B,$0.08B,68.38%,$0.12B,$0.06B,48.72%,$0.12B,$0.07B,56.41%,$0.07B,$0.62B,11.88%,$0.07B,$0.62B,11.88%,$0.07B,$1.21B,5.92%,$0.06B,$1.20B,5.17%,$35,$0,$35,$0,$8,$17,$18,$0,$18,$0,$18,$21,$21,$26,$25,$60,61,$0.34,$0.34,$136,$0,$0,$146,$0,$1041,$0,$24,$1065,$1211,$11,$578,$0,$578,$589,$0,$-1,$-40,$622,$1211,$38,$2,$-9,$-7,$0,$0,$1,$-124,$-125,$-94,$-0,$0,$0,$0,$-0,$-0,$-2,$-2,$-19,$0,$-19,$94,$94,$-29,$0,$46,$-49,$3,$-29
22,2013-03-31,7.0,$10.00,0.7,$2.11,3.32,$-7.53,0.0,$1.11,6.31,$0.22B,$0.01B,25.71,$0.59B,$0.62B,0.95,$0.11B,$0.11B,100.00%,$0.11B,$0.05B,48.11%,$0.11B,$0.08B,71.70%,$0.11B,$0.07B,66.98%,$0.11B,$0.05B,48.11%,$0.11B,$0.05B,42.45%,$0.05B,$0.62B,8.67%,$0.05B,$0.62B,8.67%,$0.05B,$1.21B,4.45%,$0.05B,$1.20B,5.09%,$31,$0,$31,$0,$7,$16,$15,$0,$15,$0,$15,$17,$16,$24,$23,$54,54,$0.30,$0.30,$208,$0,$0,$217,$0,$968,$0,$26,$994,$1211,$8,$587,$0,$587,$596,$0,$-2,$-43,$616,$1211,$17,$1,$-5,$-4,$0,$0,$-0,$-58,$-61,$-48,$-0,$0,$0,$0,$-0,$-0,$-1,$-1,$0,$-9,$-9,$95,$95,$-13,$0,$73,$24,$1,$-13
23,2012-12-31,6.12,$9.75,0.63,$2.01,3.04,$-7.02,0.0,$1.05,5.83,$0.19B,$0.01B,16.64,$0.60B,$0.52B,1.16,$0.10B,$0.10B,100.00%,$0.10B,$0.05B,48.45%,$0.10B,$0.07B,70.10%,$0.10B,$0.06B,64.95%,$0.10B,$0.05B,48.45%,$0.10B,$0.05B,47.42%,$0.05B,$0.52B,9.46%,$0.05B,$0.52B,9.46%,$0.05B,$1.12B,5.11%,$0.05B,$1.11B,5.28%,$27,$0,$27,$0,$7,$14,$13,$0,$13,$0,$13,$25,$25,$14,$20,$49,49,$0.48,$0.48,$183,$0,$0,$193,$0,$906,$0,$25,$931,$1124,$12,$596,$0,$596,$608,$0,$-4,$-45,$516,$1124,$47,$-4,$-0,$-4,$0,$0,$0,$-234,$-237,$-194,$-0,$0,$0,$0,$0,$0,$0,$-0,$300,$-10,$289,$80,$80,$-46,$-11,$313,$119,$4,$-46
24,2012-09-30,5.78,$9.42,0.61,$1.94,2.97,$-6.30,0.0,$0.83,6.96,$0.12B,$0.01B,12.1,$0.43B,$0.47B,0.92,$0.09B,$0.09B,100.00%,$0.09B,$0.05B,49.45%,$0.09B,$0.06B,69.23%,$0.09B,$0.07B,74.73%,$0.09B,$0.05B,49.45%,$0.09B,$0.04B,41.76%,$0.04B,$0.47B,8.17%,$0.04B,$0.47B,8.17%,$0.04B,$0.91B,4.72%,$0.05B,$0.90B,5.65%,$24,$0,$24,$0,$6,$13,$11,$0,$11,$0,$11,$5,$4,$16,$16,$49,49,$0.09,$0.09,$107,$0,$0,$115,$0,$774,$0,$20,$795,$910,$9,$431,$0,$431,$440,$0,$-7,$-60,$469,$910,$22,$2,$7,$9,$0,$0,$0,$-118,$-119,$-89,$-0,$0,$0,$0,$0,$0,$0,$-0,$159,$-35,$124,$47,$47,$-34,$-6,$131,$43,$3,$-34
25,2012-06-30,5.71,$9.54,0.6,$1.88,3.03,$-6.16,0.0,$0.88,6.48,$0.06B,$0.01B,6.79,$0.32B,$0.48B,0.67,$0.09B,$0.09B,100.00%,$0.09B,$0.04B,50.00%,$0.09B,$0.06B,68.60%,$0.09B,$0.06B,74.42%,$0.09B,$0.04B,50.00%,$0.09B,$0.04B,46.51%,$0.04B,$0.48B,8.83%,$0.04B,$0.48B,8.83%,$0.04B,$0.80B,5.33%,$0.04B,$0.79B,5.80%,$24,$0,$24,$0,$6,$12,$12,$0,$12,$0,$12,$0,$-0,$17,$17,$49,49,$-0.00,$-0.00,$56,$0,$0,$63,$0,$723,$0,$16,$739,$802,$9,$318,$0,$318,$327,$0,$-6,$-53,$475,$802,$17,$2,$2,$4,$0,$0,$0,$-62,$-64,$-43,$-0,$0,$0,$0,$0,$0,$0,$-0,$43,$-31,$12,$47,$47,$-22,$-2,$34,$-8,$2,$-22
26,2012-03-31,5.34,$9.76,0.55,$1.88,2.85,$-4.81,0.0,$0.87,6.14,$0.05B,$0.01B,8.31,$0.27B,$0.49B,0.56,$0.08B,$0.08B,100.00%,$0.08B,$0.04B,49.40%,$0.08B,$0.06B,67.47%,$0.08B,$0.06B,73.49%,$0.08B,$0.04B,49.40%,$0.08B,$0.06B,77.11%,$0.06B,$0.49B,14.53%,$0.06B,$0.49B,14.53%,$0.06B,$0.76B,8.86%,$0.04B,$0.76B,5.74%,$22,$0,$22,$0,$6,$11,$11,$0,$11,$0,$11,$17,$17,$16,$15,$47,47,$0.36,$0.36,$48,$0,$0,$54,$0,$694,$0,$15,$709,$763,$7,$271,$0,$271,$278,$0,$-7,$-41,$485,$763,$17,$1,$-11,$-10,$0,$0,$-0,$-21,$-25,$-18,$-0,$0,$0,$0,$0,$0,$0,$-0,$0,$-35,$-35,$47,$47,$-11,$0,$2,$-16,$1,$-11
27,2011-12-31,4.36,$9.83,0.44,$1.85,2.36,$-3.86,0.0,$0.60,7.27,$0.07B,$0.01B,6.5,$0.31B,$0.43B,0.71,$0.08B,$0.08B,100.00%,$0.08B,$0.04B,50.00%,$0.08B,$0.05B,66.25%,$0.08B,$0.06B,71.25%,$0.08B,$0.04B,50.00%,$0.08B,$0.05B,57.50%,$0.05B,$0.43B,10.95%,$0.05B,$0.43B,10.95%,$0.05B,$0.75B,6.81%,$0.04B,$0.74B,6.00%,$21,$0,$21,$0,$6,$10,$11,$0,$11,$0,$11,$18,$17,$19,$15,$43,43,$0.41,$0.40,$64,$0,$0,$70,$0,$653,$0,$24,$677,$747,$11,$306,$0,$306,$316,$0,$-7,$-46,$431,$747,$47,$4,$-12,$-7,$0,$0,$-1,$-181,$-179,$-140,$-0,$0,$0,$0,$-0,$-0,$0,$-0,$75,$65,$140,$0,$0,$-37,$-6,$97,$-43,$3,$-37
28,2011-09-30,3.75,$9.61,0.39,$1.82,2.07,$-3.17,0.0,$0.65,5.78,$0.10B,$0.01B,13.02,$0.26B,$0.42B,0.61,$0.08B,$0.08B,100.00%,$0.08B,$0.04B,50.00%,$0.08B,$0.05B,64.47%,$0.08B,$0.05B,71.05%,$0.08B,$0.04B,50.00%,$0.08B,$0.04B,53.95%,$0.04B,$0.42B,9.87%,$0.04B,$0.42B,9.87%,$0.04B,$0.69B,6.44%,$0.04B,$0.68B,6.05%,$19,$0,$19,$0,$6,$10,$9,$0,$9,$0,$9,$6,$6,$12,$12,$43,43,$0.14,$0.14,$96,$0,$0,$101,$0,$576,$0,$11,$588,$689,$8,$259,$0,$259,$267,$0,$-6,$-58,$422,$689,$29,$0,$-5,$-5,$0,$0,$-1,$-96,$-97,$-73,$-0,$0,$0,$0,$0,$0,$0,$-0,$75,$19,$94,$0,$0,$-28,$-4,$62,$-11,$3,$-28
29,2011-06-30,4.42,$9.67,0.46,$1.83,2.41,$-2.79,0.0,$0.28,15.77,$0.20B,$0.01B,23.03,$0.26B,$0.42B,0.61,$0.07B,$0.07B,100.00%,$0.07B,$0.04B,50.68%,$0.07B,$0.05B,64.38%,$0.07B,$0.05B,69.86%,$0.07B,$0.04B,50.68%,$0.07B,$0.03B,36.99%,$0.03B,$0.42B,6.84%,$0.03B,$0.42B,6.84%,$0.03B,$0.69B,4.58%,$0.04B,$0.68B,6.35%,$21,$0,$21,$0,$7,$10,$10,$0,$10,$0,$10,$24,$24,$14,$14,$43,43,$0.56,$0.56,$198,$0,$0,$202,$0,$475,$0,$14,$489,$691,$9,$259,$0,$259,$267,$0,$-5,$-56,$424,$691,$23,$0,$-7,$-6,$0,$0,$-1,$4,$4,$20,$-0,$0,$0,$0,$0,$0,$0,$-0,$0,$94,$94,$-0,$-0,$-19,$-4,$71,$91,$2,$-19
30,2011-03-31,4.43,$9.20,0.48,$1.76,2.52,$-4.98,0.0,$0.23,19.26,$0.12B,$0.01B,15.94,$0.16B,$0.40B,0.41,$0.07B,$0.07B,100.00%,$0.07B,$0.03B,50.75%,$0.07B,$0.04B,62.69%,$0.07B,$0.05B,70.15%,$0.07B,$0.03B,50.75%,$0.07B,$-0.00B,-2.99%,$-0.00B,$0.40B,-0.53%,$-0.00B,$0.40B,-0.53%,$-0.00B,$0.57B,-0.37%,$0.03B,$0.57B,6.36%,$19,$0,$19,$0,$6,$9,$10,$0,$10,$0,$10,$-1,$-1,$12,$12,$43,43,$-0.03,$-0.03,$114,$0,$0,$119,$0,$445,$0,$11,$456,$574,$7,$164,$0,$164,$171,$0,$-6,$-70,$403,$574,$-1,$0,$9,$9,$0,$0,$-0,$18,$17,$25,$-0,$0,$0,$0,$-2,$-2,$0,$-2,$0,$-6,$-6,$0,$0,$-9,$-0,$-16,$7,$1,$-9
31,2010-12-31,4.02,$9.50,0.42,$1.66,2.42,$-5.90,0.0,$0.42,9.56,$0.11B,$0.01B,12.8,$0.17B,$0.41B,0.41,$0.06B,$0.06B,100.00%,$0.06B,$0.03B,49.18%,$0.06B,$0.04B,62.30%,$0.06B,$0.04B,70.49%,$0.06B,$0.03B,49.18%,$0.06B,$0.01B,8.20%,$0.01B,$0.41B,1.36%,$0.01B,$0.41B,1.36%,$0.01B,$0.59B,0.96%,$0.03B,$0.58B,5.80%,$17,$0,$17,$0,$5,$8,$9,$0,$9,$0,$9,$-39,$12,$16,$11,$36,37,$0.33,$0.33,$107,$0,$0,$112,$0,$472,$0,$8,$480,$591,$9,$170,$0,$170,$179,$0,$-6,$-59,$413,$591,$5,$5,$20,$25,$0,$0,$0,$-120,$-123,$-93,$-0,$0,$0,$0,$0,$0,$0,$0,$0,$39,$39,$65,$65,$-27,$-2,$75,$-18,$3,$-27
32,2010-09-30,3.78,$9.36,0.4,$1.68,2.25,$3.11,1.22,$0.38,9.94,$0.10B,$0.01B,16.49,$0.16B,$0.34B,0.47,$0.06B,$0.06B,100.00%,$0.06B,$0.03B,49.18%,$0.06B,$0.04B,62.30%,$0.06B,$0.04B,62.30%,$0.06B,$0.03B,49.18%,$0.06B,$0.00B,1.64%,$0.00B,$0.34B,0.28%,$0.00B,$0.34B,0.28%,$0.00B,$0.50B,0.20%,$0.03B,$0.50B,6.05%,$16,$0,$16,$0,$5,$7,$8,$0,$8,$0,$8,$24,$-8,$9,$10,$35,35,$-0.23,$-0.23,$83,$0,$0,$95,$0,$408,$0,$7,$410,$504,$6,$160,$0,$160,$166,$0,$-5,$-66,$339,$504,$-7,$-0,$22,$21,$0,$0,$-0,$-54,$-60,$-46,$-0,$0,$0,$0,$-0,$-0,$0,$-0,$0,$29,$29,$-3,$-3,$-20,$-2,$4,$-42,$1,$-20
33,2010-06-30,3.31,$9.80,0.34,$1.74,1.91,$9.10,0.36,$0.90,3.68,$0.06B,$0.01B,8.34,$0.14B,$0.35B,0.39,$0.06B,$0.06B,100.00%,$0.06B,$0.03B,50.79%,$0.06B,$0.04B,63.49%,$0.06B,$0.04B,63.49%,$0.06B,$0.03B,50.79%,$0.06B,$0.02B,34.92%,$0.02B,$0.35B,6.05%,$0.02B,$0.35B,6.05%,$0.02B,$0.50B,4.37%,$0.03B,$0.49B,6.45%,$15,$0,$15,$0,$5,$8,$7,$0,$7,$0,$7,$14,$-5,$10,$9,$35,35,$-0.14,$-0.14,$53,$0,$0,$64,$0,$432,$0,$7,$434,$497,$8,$137,$0,$137,$145,$0,$-6,$-50,$353,$497,$1,$1,$8,$9,$0,$0,$0,$-67,$-71,$-61,$-0,$0,$0,$0,$-0,$-0,$0,$-0,$0,$7,$7,$-3,$-3,$-13,$-1,$-11,$-72,$0,$-13
34,2010-03-31,3.65,$10.11,0.36,$1.89,1.94,$14.19,0.26,$0.33,11.07,$0.12B,$0.00B,29.79,$0.13B,$0.37B,0.36,$0.07B,$0.07B,100.00%,$0.07B,$0.04B,55.22%,$0.07B,$0.05B,67.16%,$0.07B,$0.04B,64.18%,$0.07B,$0.04B,55.22%,$0.07B,$0.01B,20.90%,$0.01B,$0.37B,3.82%,$0.01B,$0.37B,3.82%,$0.01B,$0.50B,2.78%,$0.04B,$0.50B,7.44%,$13,$0,$13,$0,$5,$7,$6,$0,$6,$0,$6,$6,$6,$8,$8,$35,36,$0.16,$0.16,$106,$0,$0,$118,$0,$380,$0,$7,$383,$501,$4,$131,$0,$131,$135,$0,$-6,$-38,$366,$501,$6,$0,$-2,$-1,$0,$0,$-0,$-9,$-17,$-12,$-0,$0,$0,$0,$0,$0,$0,$0,$0,$0,$0,$0,$0,$-7,$-0,$-7,$-19,$0,$-7
35,2009-12-31,3.43,$10.29,0.33,$2.16,1.59,$16.00,0.21,$0.52,6.6,$0.13B,$0.01B,10.85,$0.13B,$0.37B,0.36,$0.07B,$0.07B,100.00%,$0.07B,$0.04B,58.11%,$0.07B,$0.05B,70.27%,$0.07B,$0.05B,64.86%,$0.07B,$0.04B,58.11%,$0.07B,$0.01B,16.22%,$0.01B,$0.37B,3.23%,$0.01B,$0.37B,3.23%,$0.01B,$0.51B,2.32%,$0.04B,$0.50B,8.44%,$17,$0,$17,$0,$5,$7,$9,$0,$9,$0,$9,$8,$8,$11,$11,$34,35,$0.23,$0.23,$125,$0,$0,$129,$0,$375,$0,$6,$380,$509,$12,$131,$0,$131,$142,$0,$-4,$-38,$367,$509,$14,$-4,$18,$15,$0,$0,$-0,$195,$197,$226,$-0,$0,$0,$0,$-0,$-0,$0,$-0,$0,$-86,$-86,$0,$0,$-32,$-0,$-118,$108,$2,$-32
36,2009-09-30,3.05,$10.37,0.29,$2.36,1.29,$8.67,0.35,$0.60,5.08,$0.09B,$0.01B,15.11,$0.13B,$0.37B,0.35,$0.08B,$0.08B,100.00%,$0.08B,$0.05B,56.96%,$0.08B,$0.06B,70.89%,$0.08B,$0.06B,70.89%,$0.08B,$0.05B,56.96%,$0.08B,$-0.01B,-8.86%,$-0.01B,$0.37B,-1.87%,$-0.01B,$0.37B,-1.87%,$-0.01B,$0.51B,-1.29%,$0.05B,$0.50B,8.78%,$18,$0,$18,$0,$5,$7,$10,$0,$10,$0,$10,$14,$13,$11,$12,$35,36,$0.39,$0.38,$77,$0,$0,$88,$0,$415,$0,$6,$417,$505,$6,$131,$0,$131,$136,$0,$-4,$-36,$369,$505,$5,$-4,$21,$18,$0,$0,$-0,$148,$144,$167,$-0,$0,$0,$0,$-0,$-0,$0,$-0,$0,$-86,$-86,$0,$0,$-20,$-0,$-107,$60,$2,$-20
37,2009-06-30,2.45,$10.27,0.24,$2.45,1.0,$1.44,1.7,$0.62,3.95,$0.05B,$0.01B,7.03,$0.13B,$0.36B,0.36,$0.08B,$0.08B,100.00%,$0.08B,$0.05B,56.25%,$0.08B,$0.06B,72.50%,$0.08B,$0.06B,72.50%,$0.08B,$0.05B,56.25%,$0.08B,$-0.01B,-10.00%,$-0.01B,$0.36B,-2.08%,$-0.01B,$0.36B,-2.08%,$-0.01B,$0.50B,-1.37%,$0.05B,$0.50B,8.61%,$19,$0,$19,$0,$5,$8,$12,$0,$12,$0,$12,$-13,$-13,$13,$14,$35,35,$-0.38,$-0.38,$37,$0,$0,$47,$0,$452,$0,$7,$455,$502,$7,$131,$0,$131,$138,$0,$-4,$-39,$364,$502,$-9,$-2,$27,$25,$0,$0,$-0,$103,$100,$117,$-0,$0,$0,$0,$0,$0,$0,$-0,$0,$-86,$-86,$0,$0,$-11,$0,$-96,$20,$1,$-11
38,2009-03-31,1.36,$10.94,0.12,$2.47,0.55,$-3.49,0.0,$1.25,1.09,$0.02B,$0.00B,3.99,$0.16B,$0.39B,0.41,$0.08B,$0.08B,100.00%,$0.08B,$0.04B,53.75%,$0.08B,$0.06B,71.25%,$0.08B,$0.06B,70.00%,$0.08B,$0.04B,53.75%,$0.08B,$0.01B,16.25%,$0.01B,$0.39B,3.31%,$0.01B,$0.39B,3.31%,$0.01B,$0.55B,2.12%,$0.04B,$0.55B,8.22%,$20,$0,$20,$0,$5,$9,$12,$0,$12,$0,$12,$4,$4,$13,$15,$33,33,$0.14,$0.14,$8,$0,$0,$16,$0,$533,$0,$7,$534,$550,$4,$160,$0,$160,$164,$0,$-5,$-14,$386,$550,$4,$-2,$4,$3,$0,$0,$-0,$47,$41,$49,$-0,$0,$0,$0,$0,$0,$0,$0,$0,$-57,$-57,$0,$0,$-1,$0,$-58,$-9,$0,$-1
39,2008-12-31,2.0,$11.56,0.17,$2.32,0.86,$-4.75,0.0,$1.18,1.69,$0.03B,$0.10B,0.26,$0.13B,$0.38B,0.33,$0.08B,$0.08B,100.00%,$0.08B,$0.04B,52.63%,$0.08B,$0.05B,69.74%,$0.08B,$0.05B,69.74%,$0.08B,$0.04B,52.63%,$0.08B,$0.02B,26.32%,$0.02B,$0.38B,5.04%,$0.02B,$0.38B,5.04%,$0.02B,$0.61B,3.26%,$0.04B,$0.51B,7.93%,$22,$0,$22,$0,$5,$11,$11,$0,$11,$0,$11,$-11,$-11,$19,$15,$33,33,$-0.33,$-0.33,$17,$0,$0,$26,$0,$581,$0,$8,$583,$609,$99,$127,$0,$127,$226,$0,$-6,$-7,$382,$609,$21,$0,$11,$11,$0,$0,$0,$-62,$-60,$-28,$-1,$0,$0,$0,$-0,$-0,$0,$-1,$0,$83,$83,$1,$1,$-42,$-4,$38,$9,$2,$-42
40,2008-09-30,2.21,$12.25,0.18,$2.20,1.0,$-10.98,0.0,$1.15,1.92,$0.03B,$0.14B,0.21,$0.14B,$0.40B,0.34,$0.07B,$0.07B,100.00%,$0.07B,$0.04B,55.71%,$0.07B,$0.05B,70.00%,$0.07B,$0.05B,64.29%,$0.07B,$0.04B,55.71%,$0.07B,$0.05B,74.29%,$0.05B,$0.40B,12.94%,$0.05B,$0.40B,12.94%,$0.05B,$0.68B,8.71%,$0.04B,$0.54B,7.94%,$19,$0,$19,$0,$5,$9,$10,$0,$10,$0,$10,$13,$12,$13,$14,$33,33,$0.38,$0.38,$20,$0,$0,$28,$0,$637,$0,$18,$647,$675,$135,$137,$0,$137,$272,$0,$-7,$14,$403,$675,$32,$-4,$-8,$-12,$0,$0,$1,$-103,$-103,$-82,$-1,$0,$0,$0,$-0,$-0,$0,$-1,$0,$131,$131,$1,$1,$-32,$-4,$96,$13,$1,$-32
41,2008-06-30,1.91,$12.21,0.16,$2.08,0.92,$-11.78,0.0,$1.06,1.8,$0.02B,$0.13B,0.17,$0.10B,$0.40B,0.24,$0.07B,$0.07B,100.00%,$0.07B,$0.04B,59.09%,$0.07B,$0.05B,69.70%,$0.07B,$0.04B,63.64%,$0.07B,$0.04B,59.09%,$0.07B,$0.05B,71.21%,$0.05B,$0.40B,11.79%,$0.05B,$0.40B,11.79%,$0.05B,$0.62B,8.70%,$0.04B,$0.50B,8.51%,$19,$0,$19,$0,$6,$9,$10,$0,$10,$0,$10,$8,$8,$11,$13,$33,33,$0.25,$0.25,$14,$0,$0,$22,$0,$602,$0,$7,$601,$623,$126,$95,$0,$95,$221,$0,$-6,$11,$401,$623,$19,$-2,$-3,$-6,$0,$0,$1,$-65,$-65,$-51,$-1,$0,$0,$0,$-0,$-0,$0,$-1,$0,$80,$80,$1,$1,$-21,$-2,$57,$6,$1,$-21
42,2008-03-31,2.17,$12.28,0.18,$2.02,1.07,$-14.94,0.0,$1.14,1.9,$0.02B,$0.08B,0.27,$0.07B,$0.40B,0.17,$0.06B,$0.06B,100.00%,$0.06B,$0.04B,60.00%,$0.06B,$0.04B,70.00%,$0.06B,$0.04B,65.00%,$0.06B,$0.04B,60.00%,$0.06B,$0.05B,78.33%,$0.05B,$0.40B,11.88%,$0.05B,$0.40B,11.88%,$0.05B,$0.55B,9.57%,$0.04B,$0.47B,8.28%,$16,$0,$16,$0,$4,$7,$9,$0,$9,$0,$9,$11,$11,$10,$11,$33,33,$0.34,$0.34,$14,$0,$0,$21,$0,$531,$0,$5,$528,$549,$76,$70,$0,$70,$147,$0,$-4,$13,$402,$549,$11,$-1,$-3,$-4,$0,$0,$-0,$4,$0,$7,$-0,$0,$0,$0,$0,$0,$0,$-0,$0,$9,$9,$0,$0,$-10,$-0,$-1,$6,$0,$-10
43,2007-12-31,2.37,$12.31,0.19,$1.96,1.21,$-17.52,0.0,$1.09,2.17,$0.01B,$0.09B,0.17,$0.06B,$0.40B,0.14,$0.05B,$0.05B,100.00%,$0.05B,$0.03B,59.26%,$0.05B,$0.04B,68.52%,$0.05B,$0.03B,62.96%,$0.05B,$0.03B,59.26%,$0.05B,$0.04B,77.78%,$0.04B,$0.40B,11.58%,$0.04B,$0.40B,11.58%,$0.04B,$0.54B,9.32%,$0.03B,$0.46B,8.33%,$16,$0,$16,$0,$4,$6,$10,$0,$10,$0,$10,$21,$21,$11,$11,$28,28,$0.67,$0.67,$8,$0,$0,$14,$0,$530,$0,$4,$528,$542,$86,$55,$0,$55,$141,$0,$-4,$11,$401,$542,$42,$-3,$-12,$-15,$0,$0,$-0,$-230,$-229,$-201,$-0,$0,$0,$0,$0,$0,$0,$0,$0,$93,$93,$131,$131,$-30,$-2,$193,$-9,$2,$-30
44,2007-09-30,2.41,$11.97,0.2,$2.05,1.18,$-17.23,0.0,$1.01,2.38,$0.03B,$0.04B,0.87,$0.02B,$0.39B,0.05,$0.05B,$0.05B,100.00%,$0.05B,$0.03B,53.19%,$0.05B,$0.03B,65.96%,$0.05B,$0.03B,57.45%,$0.05B,$0.03B,53.19%,$0.05B,$0.03B,53.19%,$0.03B,$0.39B,7.66%,$0.03B,$0.39B,7.66%,$0.03B,$0.45B,6.41%,$0.03B,$0.41B,7.49%,$15,$0,$15,$0,$4,$5,$10,$0,$10,$0,$10,$7,$7,$10,$11,$32,33,$0.22,$0.22,$26,$0,$0,$32,$0,$416,$0,$4,$414,$446,$37,$20,$0,$20,$56,$0,$-4,$0,$390,$446,$22,$-2,$-1,$-3,$0,$0,$-0,$-127,$-128,$-109,$-0,$0,$0,$0,$-1,$-1,$0,$-2,$0,$11,$11,$131,$131,$-20,$-2,$120,$10,$1,$-20
45,2007-06-30,2.34,$12.05,0.19,$2.13,1.1,$-17.64,0.0,$0.90,2.6,$0.01B,$0.03B,0.48,$0.01B,$0.39B,0.03,$0.04B,$0.04B,100.00%,$0.04B,$0.02B,45.00%,$0.04B,$0.03B,62.50%,$0.04B,$0.02B,52.50%,$0.04B,$0.02B,45.00%,$0.04B,$0.02B,50.00%,$0.02B,$0.39B,7.50%,$0.02B,$0.39B,7.50%,$0.02B,$0.43B,5.88%,$0.02B,$0.40B,6.68%,$13,$0,$13,$0,$4,$6,$7,$0,$7,$0,$7,$8,$8,$8,$9,$25,25,$0.33,$0.33,$7,$0,$0,$12,$0,$417,$0,$4,$415,$428,$26,$12,$0,$12,$38,$0,$-4,$3,$390,$428,$15,$-1,$-3,$-5,$0,$0,$-0,$-129,$-130,$-120,$-0,$0,$0,$0,$0,$0,$0,$0,$0,$-7,$-7,$131,$131,$-12,$-1,$111,$-9,$1,$-12
46,2007-03-31,2.28,$11.68,0.19,$2.13,1.07,$-13.67,0.0,$0.83,2.74,$0.05B,$0.12B,0.39,$0.00B,$0.27B,0.0,$0.03B,$0.03B,100.00%,$0.03B,$0.01B,38.24%,$0.03B,$0.02B,58.82%,$0.03B,$0.02B,47.06%,$0.03B,$0.01B,38.24%,$0.03B,$0.02B,44.12%,$0.02B,$0.27B,7.24%,$0.02B,$0.27B,7.24%,$0.02B,$0.39B,5.22%,$0.01B,$0.27B,6.27%,$10,$0,$10,$0,$4,$4,$5,$0,$5,$0,$5,$6,$6,$5,$6,$23,23,$0.28,$0.27,$41,$0,$0,$45,$0,$342,$0,$3,$341,$386,$117,$0,$0,$0,$117,$0,$-4,$2,$270,$386,$6,$-1,$-2,$-2,$0,$0,$1,$-57,$-59,$-54,$-0,$0,$0,$0,$0,$0,$0,$0,$0,$72,$72,$14,$14,$-6,$0,$79,$25,$0,$-6
47,2006-12-31,2.27,$11.65,0.19,$2.37,0.96,$-10.89,0.0,$0.85,2.67,$0.02B,$0.05B,0.42,$0.00B,$0.26B,0.0,$0.03B,$0.03B,100.00%,$0.03B,$0.01B,33.33%,$0.03B,$0.02B,60.00%,$0.03B,$0.01B,46.67%,$0.03B,$0.01B,33.33%,$0.03B,$0.01B,40.00%,$0.01B,$0.26B,7.08%,$0.01B,$0.26B,7.08%,$0.01B,$0.30B,4.93%,$0.01B,$0.26B,5.90%,$9,$0,$9,$0,$4,$5,$3,$0,$3,$0,$3,$4,$4,$4,$5,$13,14,$0.22,$0.22,$16,$0,$0,$19,$0,$283,$0,$2,$282,$301,$46,$0,$0,$0,$46,$0,$-3,$1,$255,$301,$11,$-2,$-1,$-3,$0,$0,$0,$-101,$-99,$-91,$-1,$0,$0,$0,$-1,$-1,$0,$-1,$0,$-35,$-35,$143,$143,$-14,$0,$94,$1,$1,$-14
