,Date,Stock Price,Book Value per Share,Price to Book Ratio,TTM Sales per Share,Price to Sales Ratio,TTM FCF per Share,Price to FCF Ratio,TTM Net EPS,PE Ratio,Current Assets,Current Liabilities,Current Ratio,Long Term Debt,Shareholder's Equity_x,Debt to Equity Ratio,TTM Revenue_x,TTM Gross Profit,Gross Margin,TTM Revenue_y,TTM Operating Income,Operating Margin,TTM Revenue_x,TTM EBIT,EBIT Margin,TTM Revenue_y,TTM EBITDA,EBITDA Margin,TTM Revenue_x,TTM Pre-Tax Income,Pre-Tax Margin,TTM Revenue_y,TTM Net Income_x,Net Margin,TTM Net Income_y,Shareholder's Equity_y,Return on Equity,TTM Net Income_x,Tangible Equity,Return on Tangible Equity,TTM Net Income_y,Total Assets,Return on Assets,TTM Net Income,LT Investments & Debt,Return on Investment,revenue,cost-goods-sold,gross-profit,research-development-expenses,selling-general-administrative-expenses,operating-expenses,operating-income,total-non-operating-income-expense,pre-tax-income,total-provision-income-taxes,income-after-taxes,income-from-continuous-operations,net-income,ebitda,ebit,basic-shares-outstanding,shares-outstanding,eps-basic-net-earnings-per-share,eps-earnings-per-share-diluted,cash-on-hand,inventory,other-current-assets,total-current-assets,net-property-plant-equipment,long-term-investments,goodwill-intangible-assets-total,other-long-term-assets,total-long-term-assets,total-assets,total-current-liabilities,long-term-debt,other-non-current-liabilities,total-long-term-liabilities,total-liabilities,common-stock-net,retained-earnings-accumulated-deficit,comprehensive-income,total-share-holder-equity,total-liabilities-share-holders-equity,net-income-loss,total-depreciation-amortization-cash-flow,other-non-cash-items,total-non-cash-items,change-in-accounts-receivable,change-in-inventories,change-in-accounts-payable,change-in-assets-liabilities,total-change-in-assets-liabilities,cash-flow-from-operating-activities,net-change-in-property-plant-equipment,net-change-in-intangible-assets,net-acquisitions-divestitures,net-change-in-short-term-investments,net-change-in-long-term-investments,net-change-in-investments-total,investing-activities-other,cash-flow-from-investing-activities,net-long-term-debt,net-current-debt,debt-issuance-retirement-net-total,net-common-equity-issued-repurchased,net-total-equity-issued-repurchased,total-common-preferred-stock-dividends-paid,financial-activities-other,cash-flow-from-financial-activities,net-cash-flow,stock-based-compensation,common-stock-dividends-paid
0,2018-09-30,20.17,$20.76,0.97,$17.01,1.19,$-1.39,0.0,$1.12,18.01,$11.13B,$9.91B,1.12,$0.07B,$1.96B,0.03,$1.63B,$1.50B,92.15%,$1.63B,$0.19B,11.47%,$1.63B,0,0.00%,$1.63B,0,0.00%,$1.63B,$0.19B,11.47%,$1.63B,$0.11B,6.50%,$0.11B,$1.96B,5.49%,$0.11B,$1.63B,6.49%,$0.11B,$13.77B,0.78%,$0.19B,$2.03B,9.36%,$418,$38,$380,$0,$335,$373,$45,$0,$45,$8,$37,$37,$36,$0,$0,$95,95,$0.38,$0.38,$1231,$0,$0,$11128,$236,$1244,$332,$825,$2637,$13765,$9907,$67,$430,$497,$11800,$1,$449,$-15,$1964,$13765,$96,$4,$-1,$3,$162,$0,$0,$51,$214,$319,$-42,$0,$-63,$0,$-85,$-85,$-114,$-304,$0,$22,$22,$-39,$-39,$-20,$-25,$-62,$-48,$0,$-20
1,2018-06-30,22.0,$20.26,1.09,$17.03,1.29,$-9.24,0.0,$1.05,20.95,$11.27B,$9.90B,1.14,$0.07B,$1.92B,0.04,$1.64B,$1.53B,93.04%,$1.64B,$0.19B,11.59%,$1.64B,0,0.00%,$1.64B,0,0.00%,$1.64B,$0.19B,11.59%,$1.64B,$0.10B,6.10%,$0.10B,$1.92B,5.22%,$0.10B,$1.63B,6.14%,$0.10B,$13.69B,0.74%,$0.19B,$1.98B,9.58%,$419,$35,$384,$0,$339,$374,$45,$0,$45,$11,$34,$34,$33,$0,$0,$95,95,$0.35,$0.35,$1217,$0,$0,$11269,$173,$1186,$285,$777,$2420,$13689,$9904,$67,$392,$459,$11773,$1,$420,$-12,$1916,$13689,$59,$3,$-0,$3,$-261,$0,$0,$-67,$-328,$-261,$-4,$0,$0,$0,$-94,$-94,$-49,$-147,$0,$423,$423,$-39,$-39,$-13,$-96,$275,$-134,$0,$-13
2,2018-03-31,23.31,$20.05,1.16,$17.51,1.33,$-11.10,0.0,$1.33,17.53,$10.87B,$9.48B,1.15,$0.07B,$1.93B,0.04,$1.70B,$1.60B,94.18%,$1.70B,$0.23B,13.76%,$1.70B,0,0.00%,$1.70B,0,0.00%,$1.70B,$0.23B,13.76%,$1.70B,$0.13B,7.58%,$0.13B,$1.93B,6.75%,$0.13B,$1.64B,7.96%,$0.13B,$13.35B,0.96%,$0.23B,$1.99B,11.83%,$369,$30,$339,$0,$306,$336,$32,$0,$32,$7,$25,$25,$24,$0,$0,$96,96,$0.25,$0.25,$1472,$0,$0,$10866,$174,$1184,$286,$836,$2480,$13346,$9482,$67,$367,$434,$11421,$1,$404,$-10,$1925,$13346,$25,$2,$-2,$-0,$278,$0,$0,$-132,$147,$174,$0,$0,$0,$0,$-63,$-63,$49,$-14,$0,$-148,$-148,$-2,$-2,$-7,$-21,$-177,$-17,$0,$-7
3,2017-12-31,25.1,$19.95,1.26,$17.53,1.43,$-9.31,0.0,$1.35,18.59,$10.98B,$9.63B,1.14,$0.07B,$1.92B,0.04,$1.71B,$1.63B,95.04%,$1.71B,$0.24B,14.19%,$1.71B,0,0.00%,$1.71B,0,0.00%,$1.71B,$0.24B,14.19%,$1.71B,$0.13B,7.65%,$0.13B,$1.92B,6.89%,$0.13B,$1.63B,8.13%,$0.13B,$13.37B,1.00%,$0.24B,$1.98B,12.34%,$424,$25,$399,$0,$334,$359,$65,$0,$65,$51,$14,$14,$13,$0,$0,$97,97,$0.14,$0.15,$1405,$0,$0,$10976,$178,$1121,$288,$802,$2389,$13366,$9626,$67,$470,$537,$11451,$1,$385,$-0,$1915,$13366,$133,$-14,$55,$41,$81,$0,$0,$-594,$-513,$-326,$1,$0,$0,$0,$-143,$-143,$-217,$-358,$0,$-320,$-320,$-27,$-27,$-23,$851,$481,$-203,$0,$-23
4,2017-09-30,25.69,$19.91,1.29,$17.50,1.47,$-7.52,0.0,$1.57,16.37,$11.06B,$9.61B,1.15,$0.07B,$1.91B,0.04,$1.72B,$1.64B,95.69%,$1.72B,$0.23B,13.47%,$1.72B,0,0.00%,$1.72B,0,0.00%,$1.72B,$0.23B,13.47%,$1.72B,$0.15B,8.92%,$0.15B,$1.91B,8.09%,$0.15B,$1.62B,9.57%,$0.15B,$13.53B,1.18%,$0.23B,$1.98B,11.79%,$427,$24,$403,$0,$355,$379,$48,$0,$48,$18,$30,$30,$30,$0,$0,$96,96,$0.31,$0.31,$1166,$0,$0,$11056,$176,$1134,$290,$877,$2477,$13533,$9614,$67,$424,$491,$11623,$1,$377,$3,$1909,$13533,$119,$-11,$15,$4,$-147,$0,$0,$-466,$-614,$-482,$7,$0,$0,$0,$-169,$-169,$-206,$-368,$0,$42,$42,$-27,$-27,$-17,$543,$541,$-309,$0,$-17
5,2017-06-30,25.84,$19.65,1.31,$17.83,1.45,$-4.75,0.0,$1.79,14.44,$10.82B,$9.54B,1.13,$0.07B,$1.89B,0.04,$1.76B,$1.69B,96.25%,$1.76B,$0.27B,15.30%,$1.76B,0,0.00%,$1.76B,0,0.00%,$1.76B,$0.27B,15.30%,$1.76B,$0.18B,9.95%,$0.18B,$1.89B,9.33%,$0.18B,$1.60B,11.07%,$0.18B,$13.29B,1.38%,$0.27B,$1.96B,13.84%,$481,$20,$461,$0,$372,$392,$89,$0,$89,$26,$63,$63,$62,$0,$0,$98,98,$0.64,$0.63,$1003,$0,$0,$10821,$184,$1123,$292,$869,$2468,$13289,$9540,$67,$393,$460,$11396,$1,$357,$2,$1893,$13289,$89,$-14,$10,$-4,$-207,$0,$0,$-344,$-551,$-461,$4,$0,$0,$0,$-164,$-164,$-196,$-356,$0,$80,$80,$-16,$-16,$-12,$480,$533,$-284,$0,$-12
6,2017-03-31,27.02,$19.20,1.41,$17.61,1.53,$-3.58,0.0,$1.48,18.26,$9.92B,$8.55B,1.16,$0.07B,$1.89B,0.04,$1.74B,$1.68B,96.55%,$1.74B,$0.23B,13.24%,$1.74B,0,0.00%,$1.74B,0,0.00%,$1.74B,$0.23B,13.24%,$1.74B,$0.14B,8.29%,$0.14B,$1.89B,7.77%,$0.14B,$1.60B,9.26%,$0.14B,$12.34B,1.14%,$0.23B,$1.96B,11.98%,$380,$16,$364,$0,$322,$338,$41,$0,$41,$15,$26,$26,$26,$0,$0,$98,99,$0.27,$0.27,$1057,$0,$0,$9924,$184,$1093,$294,$843,$2415,$12338,$8553,$67,$392,$459,$10449,$1,$313,$1,$1889,$12338,$26,$-1,$3,$2,$451,$0,$0,$-132,$319,$349,$6,$0,$0,$0,$-108,$-108,$58,$-44,$0,$-657,$-657,$-7,$-7,$-6,$244,$-426,$-120,$0,$-6
7,2016-12-31,29.25,$19.02,1.54,$17.67,1.66,$-6.96,0.0,$1.49,19.63,$10.38B,$8.95B,1.16,$0.07B,$1.88B,0.04,$1.74B,$1.68B,96.62%,$1.74B,$0.23B,13.31%,$1.74B,0,0.00%,$1.74B,0,0.00%,$1.74B,$0.23B,13.31%,$1.74B,$0.15B,8.38%,$0.15B,$1.88B,8.02%,$0.15B,$1.58B,9.61%,$0.15B,$12.74B,1.17%,$0.23B,$1.94B,12.29%,$427,$14,$413,$0,$360,$374,$53,$0,$53,$18,$36,$36,$35,$0,$0,$98,99,$0.35,$0.35,$1046,$0,$0,$10384,$190,$950,$297,$917,$2354,$12738,$8953,$67,$497,$564,$10864,$1,$296,$0,$1875,$12738,$148,$-50,$31,$-19,$-297,$0,$0,$-32,$-329,$-183,$31,$0,$0,$0,$30,$30,$-555,$-494,$0,$549,$549,$4,$4,$-6,$151,$698,$21,$0,$-6
8,2016-09-30,21.99,$18.77,1.17,$17.27,1.27,$-4.26,0.0,$1.34,16.41,$10.04B,$8.77B,1.14,$0.07B,$1.85B,0.04,$1.71B,$1.65B,96.37%,$1.71B,$0.21B,12.40%,$1.71B,0,0.00%,$1.71B,0,0.00%,$1.71B,$0.21B,12.40%,$1.71B,$0.13B,7.72%,$0.13B,$1.85B,7.39%,$0.13B,$1.55B,8.90%,$0.13B,$12.42B,1.08%,$0.21B,$1.92B,11.44%,$470,$16,$454,$0,$368,$384,$86,$0,$86,$33,$52,$52,$52,$0,$0,$98,99,$0.53,$0.53,$1109,$0,$0,$10037,$191,$930,$299,$967,$2386,$12423,$8774,$67,$482,$549,$10574,$1,$266,$8,$1849,$12423,$112,$-38,$41,$4,$-173,$0,$0,$-195,$-368,$-241,$27,$0,$0,$0,$75,$75,$-466,$-363,$0,$392,$392,$4,$4,$0,$106,$503,$-101,$0,$0
9,2016-06-30,20.55,$18.24,1.13,$16.79,1.22,$-1.40,0.0,$1.28,16.06,$10.62B,$8.64B,1.23,$0.07B,$1.80B,0.04,$1.67B,$1.61B,96.34%,$1.67B,$0.20B,11.94%,$1.67B,0,0.00%,$1.67B,0,0.00%,$1.67B,$0.20B,11.94%,$1.67B,$0.13B,7.62%,$0.13B,$1.80B,7.25%,$0.13B,$1.50B,8.78%,$0.13B,$13.08B,1.04%,$0.20B,$1.86B,10.94%,$460,$14,$446,$0,$396,$410,$50,$0,$50,$18,$32,$32,$31,$0,$0,$98,99,$0.32,$0.32,$1069,$0,$0,$10620,$190,$872,$301,$1095,$2458,$13078,$8638,$67,$465,$532,$11281,$1,$214,$9,$1796,$13078,$60,$-27,$35,$8,$-172,$0,$0,$-279,$-451,$-375,$32,$0,$0,$0,$148,$148,$-281,$-102,$0,$146,$146,$4,$4,$0,$271,$421,$-56,$0,$0
10,2016-03-31,18.49,$17.85,1.04,$16.28,1.14,$2.11,8.78,$1.26,14.67,$9.37B,$8.22B,1.14,$0.07B,$1.76B,0.04,$1.62B,$1.56B,96.18%,$1.62B,$0.20B,12.20%,$1.62B,0,0.00%,$1.62B,0,0.00%,$1.62B,$0.20B,12.20%,$1.62B,$0.13B,7.76%,$0.13B,$1.76B,7.31%,$0.13B,$1.46B,8.91%,$0.13B,$11.73B,1.04%,$0.20B,$1.83B,11.06%,$386,$14,$371,$0,$329,$343,$43,$0,$43,$14,$28,$28,$28,$0,$0,$98,99,$0.28,$0.28,$993,$0,$0,$9371,$198,$977,$304,$881,$2361,$11732,$8215,$67,$406,$473,$9972,$1,$183,$7,$1760,$11732,$28,$-12,$4,$-8,$173,$0,$0,$-191,$-19,$10,$12,$0,$0,$0,$47,$47,$-233,$-174,$0,$-121,$-121,$4,$4,$0,$139,$22,$-142,$0,$0
11,2015-12-31,18.82,$17.58,1.07,$16.95,1.11,$0.97,19.49,$2.11,8.92,$9.43B,$8.27B,1.14,$0.07B,$1.74B,0.04,$1.70B,$1.64B,96.35%,$1.70B,$0.28B,16.73%,$1.70B,0,0.00%,$1.70B,0,0.00%,$1.70B,$0.28B,16.73%,$1.70B,$0.21B,12.37%,$0.21B,$1.74B,12.15%,$0.21B,$1.43B,14.84%,$0.21B,$11.87B,1.70%,$0.28B,$1.81B,15.82%,$393,$17,$376,$0,$343,$360,$33,$0,$33,$12,$21,$21,$21,$0,$0,$99,100,$0.21,$0.21,$989,$0,$0,$9426,$201,$1006,$307,$928,$2441,$11867,$8269,$67,$455,$522,$10129,$1,$155,$3,$1738,$11867,$213,$-83,$-56,$-139,$-227,$0,$0,$181,$-46,$36,$80,$0,$41,$0,$471,$471,$-150,$442,$0,$128,$128,$-30,$-144,$-4,$-602,$-622,$-144,$0,$0
12,2015-09-30,19.4,$17.36,1.12,$16.48,1.18,$-0.91,0.0,$2.25,8.62,$9.77B,$8.13B,1.2,$0.07B,$1.72B,0.04,$1.62B,$1.57B,96.72%,$1.62B,$0.31B,18.85%,$1.62B,0,0.00%,$1.62B,0,0.00%,$1.62B,$0.31B,18.85%,$1.62B,$0.22B,13.66%,$0.22B,$1.72B,13.32%,$0.22B,$1.41B,16.43%,$0.22B,$12.39B,1.89%,$0.31B,$1.78B,17.67%,$427,$15,$412,$0,$339,$354,$73,$0,$73,$25,$47,$47,$47,$0,$0,$99,100,$0.47,$0.47,$928,$0,$0,$9771,$204,$1031,$311,$1072,$2619,$12389,$8132,$67,$428,$495,$10673,$1,$135,$5,$1717,$12389,$191,$-68,$-66,$-133,$-69,$0,$0,$9,$-60,$-2,$71,$0,$41,$0,$452,$452,$17,$582,$0,$96,$96,$-30,$-144,$-3,$-790,$-842,$-262,$0,$0
13,2015-06-30,23.59,$16.83,1.4,$15.56,1.52,$-1.91,0.0,$2.04,11.56,$9.83B,$8.28B,1.19,$0.07B,$1.68B,0.04,$1.50B,$1.45B,96.99%,$1.50B,$0.27B,18.11%,$1.50B,0,0.00%,$1.50B,0,0.00%,$1.50B,$0.27B,18.11%,$1.50B,$0.20B,13.17%,$0.20B,$1.68B,12.43%,$0.20B,$1.36B,15.63%,$0.20B,$12.48B,1.81%,$0.27B,$1.74B,16.40%,$417,$15,$402,$0,$353,$368,$49,$0,$49,$18,$30,$30,$30,$0,$0,$99,100,$0.30,$0.30,$950,$0,$0,$9829,$206,$1076,$314,$1052,$2649,$12477,$8277,$67,$410,$477,$10803,$1,$90,$-1,$1675,$12477,$144,$-36,$-86,$-122,$-133,$0,$0,$60,$-72,$-53,$56,$0,$41,$0,$394,$394,$-24,$468,$0,$287,$287,$-17,$-131,$-3,$-775,$-622,$-207,$0,$0
14,2015-03-31,19.04,$17.77,1.07,$14.80,1.29,$-4.96,0.0,$2.04,9.33,$9.88B,$8.38B,1.18,$0.07B,$1.67B,0.04,$1.39B,$1.35B,97.40%,$1.39B,$0.27B,19.25%,$1.39B,0,0.00%,$1.39B,0,0.00%,$1.39B,$0.27B,19.25%,$1.39B,$0.19B,13.99%,$0.19B,$1.78B,12.80%,$0.19B,$1.46B,16.42%,$0.19B,$12.56B,1.92%,$0.27B,$1.85B,16.87%,$461,$14,$446,$0,$317,$331,$129,$0,$129,$15,$114,$114,$112,$0,$0,$100,101,$1.12,$1.11,$1096,$0,$0,$9880,$216,$1043,$320,$1105,$2683,$12563,$8377,$67,$386,$453,$10781,$1,$67,$6,$1782,$12563,$114,$-14,$-86,$-100,$70,$0,$0,$-198,$-128,$-119,$26,$0,$41,$0,$458,$458,$-2,$523,$0,$50,$50,$0,$0,$-1,$-557,$-509,$-105,$0,$0
15,2014-12-31,19.54,$16.20,1.21,$13.12,1.49,$-2.27,0.0,$1.17,16.7,$6.88B,$7.19B,0.96,$0.07B,$1.35B,0.05,$1.19B,$1.16B,97.73%,$1.19B,$0.18B,14.98%,$1.19B,0,0.00%,$1.19B,0,0.00%,$1.19B,$0.18B,14.98%,$1.19B,$0.11B,8.92%,$0.11B,$1.46B,7.52%,$0.11B,$1.15B,9.94%,$0.11B,$9.24B,1.15%,$0.18B,$1.53B,12.06%,$313,$8,$305,$0,$251,$259,$54,$0,$54,$21,$33,$33,$32,$0,$0,$90,91,$0.36,$0.35,$879,$0,$0,$6878,$207,$1044,$312,$802,$2365,$9242,$7189,$67,$346,$413,$7781,$1,$-46,$1,$1461,$9242,$113,$-83,$-12,$-95,$-214,$0,$0,$86,$-128,$-91,$26,$0,$0,$0,$131,$131,$103,$260,$0,$421,$421,$0,$0,$-6,$-517,$-101,$67,$0,$0
16,2014-09-30,19.63,$15.79,1.24,$12.77,1.54,$2.71,7.25,$1.16,16.93,$6.72B,$7.14B,0.94,$0.07B,$1.31B,0.05,$1.16B,$1.13B,97.49%,$1.16B,$0.17B,14.97%,$1.16B,0,0.00%,$1.16B,0,0.00%,$1.16B,$0.17B,14.97%,$1.16B,$0.10B,9.00%,$0.10B,$1.42B,7.58%,$0.10B,$1.07B,10.18%,$0.10B,$9.18B,1.14%,$0.17B,$1.49B,12.02%,$305,$7,$298,$0,$259,$266,$39,$0,$39,$14,$25,$25,$23,$0,$0,$90,91,$0.26,$0.26,$714,$0,$0,$6715,$206,$1266,$356,$638,$2466,$9180,$7138,$67,$308,$375,$7757,$1,$-79,$-4,$1424,$9180,$79,$-63,$19,$-44,$-181,$0,$0,$80,$-102,$-50,$23,$0,$0,$0,$-45,$-45,$106,$84,$0,$503,$503,$0,$0,$-4,$-632,$-133,$-98,$0,$0
17,2014-06-30,20.82,$15.49,1.34,$12.66,1.64,$7.98,2.61,$1.26,16.52,$6.90B,$7.40B,0.93,$0.07B,$1.28B,0.05,$1.15B,$1.12B,97.38%,$1.15B,$0.19B,16.93%,$1.15B,0,0.00%,$1.15B,0,0.00%,$1.15B,$0.19B,16.93%,$1.15B,$0.12B,10.38%,$0.12B,$1.40B,9.03%,$0.12B,$1.04B,12.21%,$0.12B,$9.40B,1.31%,$0.19B,$1.46B,14.01%,$308,$6,$302,$0,$257,$263,$45,$0,$45,$16,$29,$29,$27,$0,$0,$90,91,$0.30,$0.30,$750,$0,$0,$6899,$202,$1267,$353,$676,$2497,$9396,$7398,$67,$306,$373,$7999,$1,$-104,$-3,$1397,$9396,$54,$-49,$14,$-35,$-331,$0,$0,$18,$-313,$-292,$18,$0,$0,$0,$-46,$-46,$69,$41,$0,$844,$844,$0,$0,$-3,$-648,$194,$-57,$0,$0
18,2014-03-31,23.3,$15.03,1.55,$12.76,1.83,$11.09,2.1,$1.20,19.41,$6.58B,$7.21B,0.91,$0.07B,$1.24B,0.05,$1.15B,$1.12B,97.31%,$1.15B,$0.19B,16.05%,$1.15B,0,0.00%,$1.15B,0,0.00%,$1.15B,$0.19B,16.05%,$1.15B,$0.11B,9.80%,$0.11B,$1.36B,8.96%,$0.11B,$1.01B,12.21%,$0.11B,$9.03B,1.31%,$0.19B,$1.42B,13.93%,$262,$6,$256,$0,$216,$222,$40,$0,$40,$14,$25,$25,$24,$0,$0,$90,91,$0.26,$0.26,$971,$0,$0,$6581,$202,$1276,$350,$624,$2453,$9033,$7210,$67,$239,$306,$7678,$1,$-132,$-16,$1355,$9033,$25,$-21,$8,$-12,$195,$0,$0,$-55,$140,$154,$6,$0,$0,$0,$-45,$-45,$-0,$-39,$0,$148,$148,$0,$0,$-1,$-91,$56,$171,$0,$0
19,2013-12-31,22.65,$14.55,1.56,$13.30,1.7,$11.22,2.02,$1.33,17.03,$6.53B,$7.12B,0.92,$0.07B,$1.20B,0.06,$1.18B,$1.15B,97.29%,$1.18B,$0.20B,16.79%,$1.18B,0,0.00%,$1.18B,0,0.00%,$1.18B,$0.20B,16.79%,$1.18B,$0.12B,10.26%,$0.12B,$1.31B,9.94%,$0.12B,$0.97B,13.64%,$0.12B,$8.90B,1.48%,$0.20B,$1.38B,15.42%,$281,$10,$271,$0,$222,$232,$49,$0,$49,$18,$31,$31,$30,$0,$0,$84,90,$0.34,$0.34,$805,$0,$0,$6526,$201,$1203,$343,$632,$2379,$8904,$7121,$67,$274,$341,$7592,$1,$-158,$-35,$1312,$8904,$127,$-54,$35,$-18,$313,$0,$0,$-31,$282,$397,$-12,$0,$363,$0,$13,$13,$-140,$224,$0,$-387,$-387,$0,$0,$-3,$-211,$-601,$20,$0,$0
20,2013-09-30,18.12,$14.37,1.26,$12.55,1.44,$8.64,2.1,$1.12,16.18,$6.65B,$7.38B,0.9,$0.07B,$1.09B,0.06,$1.04B,$1.01B,97.49%,$1.04B,$0.17B,16.20%,$1.04B,0,0.00%,$1.04B,0,0.00%,$1.04B,$0.16B,15.81%,$1.04B,$0.10B,9.64%,$0.10B,$1.21B,8.50%,$0.10B,$0.88B,11.79%,$0.10B,$9.09B,1.29%,$0.17B,$1.27B,13.52%,$295,$8,$287,$0,$227,$235,$60,$0,$60,$20,$40,$40,$38,$0,$0,$83,90,$0.45,$0.43,$1060,$0,$0,$6647,$188,$1279,$328,$651,$2446,$9094,$7382,$67,$296,$363,$7887,$1,$-195,$-17,$1206,$9094,$96,$-25,$10,$-15,$354,$0,$0,$23,$378,$462,$-13,$0,$363,$0,$-43,$-43,$-49,$258,$0,$-424,$-424,$0,$0,$-2,$-4,$-430,$290,$0,$0
21,2013-06-30,16.06,$13.96,1.15,$10.05,1.6,$3.43,4.68,$0.69,23.27,$5.54B,$5.64B,0.98,$0.07B,$1.06B,0.06,$0.79B,$0.77B,97.45%,$0.79B,$0.10B,12.99%,$0.79B,0,0.00%,$0.79B,0,0.00%,$0.79B,$0.10B,12.48%,$0.79B,$0.06B,7.39%,$0.06B,$1.17B,5.61%,$0.06B,$0.85B,7.43%,$0.06B,$7.40B,1.02%,$0.10B,$1.24B,9.40%,$315,$8,$308,$0,$272,$279,$36,$0,$36,$13,$23,$23,$21,$0,$0,$83,90,$0.25,$0.24,$662,$0,$0,$5543,$111,$1074,$324,$351,$1860,$7403,$5640,$67,$277,$344,$6231,$1,$-228,$-19,$1172,$7403,$56,$-18,$13,$-5,$-46,$0,$0,$9,$-37,$15,$-7,$0,$0,$0,$-149,$-149,$-51,$-206,$0,$274,$274,$0,$0,$-1,$-182,$91,$-100,$0,$0
22,2013-03-31,13.21,$14.12,0.94,$7.29,1.81,$3.32,3.98,$0.26,50.81,$5.38B,$5.48B,0.98,$0.07B,$1.07B,0.06,$0.51B,$0.50B,97.06%,$0.51B,$0.05B,9.78%,$0.51B,0,0.00%,$0.51B,0,0.00%,$0.51B,$0.05B,9.00%,$0.51B,$0.03B,5.09%,$0.03B,$1.18B,2.88%,$0.03B,$0.85B,3.61%,$0.03B,$7.22B,0.64%,$0.05B,$1.25B,5.35%,$288,$7,$281,$0,$228,$235,$53,$0,$53,$19,$33,$33,$32,$0,$0,$83,84,$0.39,$0.39,$673,$0,$0,$5378,$112,$1147,$327,$253,$1839,$7217,$5476,$67,$245,$312,$6038,$1,$-251,$9,$1179,$7217,$33,$-10,$6,$-4,$157,$0,$0,$-27,$130,$160,$-1,$0,$0,$0,$-149,$-149,$-42,$-192,$0,$-152,$-152,$0,$0,$0,$67,$-85,$-117,$0,$0
23,2012-12-31,13.26,$13.73,0.97,$4.57,2.9,$1.46,9.06,$-0.12,0.0,$5.54B,$5.57B,0.99,$0.07B,$1.03B,0.07,$0.26B,$0.25B,96.20%,$0.26B,$-0.00B,-0.76%,$0.26B,0,0.00%,$0.26B,0,0.00%,$0.26B,$-0.01B,-2.28%,$0.26B,$-0.01B,-2.28%,$-0.01B,$1.15B,-0.78%,$-0.01B,$0.81B,-0.91%,$-0.01B,$7.29B,-0.24%,$-0.00B,$1.21B,-0.25%,$139,$4,$135,$0,$116,$120,$19,$0,$15,$6,$9,$9,$9,$0,$0,$59,59,$0.15,$0.15,$817,$0,$0,$5537,$111,$991,$334,$314,$1750,$7287,$5570,$67,$315,$382,$6140,$1,$-283,$8,$1147,$7287,$-5,$-3,$-3,$-5,$116,$0,$0,$9,$125,$115,$-16,$0,$166,$0,$-147,$-147,$11,$13,$0,$-187,$-187,$-1,$-1,$0,$208,$20,$148,$0,$0
24,2012-09-30,12.45,$11.37,1.09,$2.93,4.25,$-0.29,0.0,$-0.16,0.0,$0.63B,$0.14B,4.57,$0.00B,$0.64B,0.0,$0.16B,$0.15B,90.85%,$0.16B,$-0.15B,-88.41%,$0.16B,0,0.00%,$0.16B,0,0.00%,$0.16B,$-0.01B,-7.93%,$0.16B,$-0.01B,-6.10%,$-0.01B,$0.64B,-1.55%,$-0.01B,$0.61B,-1.63%,$-0.01B,$0.92B,-1.08%,$-0.15B,$0.64B,-22.43%,$43,$2,$41,$0,$47,$49,$-6,$0,$-6,$-2,$-4,$-4,$-4,$0,$0,$56,56,$-0.07,$-0.07,$574,$0,$0,$625,$0,$216,$32,$28,$291,$916,$137,$0,$138,$138,$275,$1,$-292,$15,$641,$916,$-14,$1,$-7,$-6,$0,$0,$0,$6,$6,$-13,$-0,$0,$0,$0,$10,$10,$0,$10,$0,$0,$0,$-1,$-1,$0,$0,$-1,$-4,$0,$0
25,2012-06-30,10.1,$11.33,0.89,$2.89,3.5,$-0.13,0.0,$-0.09,0.0,$0.63B,$0.14B,4.53,$0.00B,$0.64B,0.0,$0.16B,$0.15B,90.74%,$0.16B,$-0.10B,-61.73%,$0.16B,0,0.00%,$0.16B,0,0.00%,$0.16B,$-0.01B,-4.94%,$0.16B,$-0.01B,-3.70%,$-0.01B,$0.64B,-1.23%,$-0.01B,$0.61B,-1.23%,$-0.01B,$0.92B,-0.87%,$-0.10B,$0.64B,-20.57%,$41,$2,$39,$0,$55,$57,$-16,$0,$-16,$-5,$-11,$-11,$-11,$0,$0,$56,56,$-0.19,$-0.19,$576,$0,$0,$628,$2,$216,$32,$27,$294,$922,$139,$0,$145,$145,$283,$1,$-288,$9,$639,$922,$-10,$1,$-5,$-4,$0,$0,$0,$13,$13,$-2,$-0,$0,$0,$0,$1,$1,$0,$1,$0,$0,$0,$-1,$-1,$0,$0,$-1,$-2,$0,$0
26,2012-03-31,8.22,$11.56,0.71,$2.80,2.93,$-0.10,0.0,$-0.13,0.0,$0.63B,$0.14B,4.66,$0.00B,$0.65B,0.0,$0.16B,$0.14B,89.87%,$0.16B,$-0.05B,-31.65%,$0.16B,0,0.00%,$0.16B,0,0.00%,$0.16B,$-0.01B,-7.59%,$0.16B,$-0.01B,-5.06%,$-0.01B,$0.65B,-2.45%,$-0.01B,$0.62B,-2.32%,$-0.01B,$0.92B,-1.73%,$-0.05B,$0.65B,-15.31%,$40,$2,$38,$0,$38,$40,$1,$0,$1,$0,$0,$0,$0,$0,$0,$56,57,$0.01,$0.01,$580,$0,$0,$632,$2,$220,$33,$28,$292,$924,$136,$0,$137,$137,$273,$1,$-277,$11,$651,$924,$0,$0,$0,$1,$0,$0,$0,$2,$2,$3,$-0,$0,$0,$0,$-0,$-0,$0,$-0,$0,$0,$0,$-1,$-1,$0,$0,$-1,$1,$0,$0
27,2011-12-31,8.27,$11.60,0.71,$2.71,3.06,$-0.08,0.0,$-0.12,0.0,$0.63B,$0.13B,4.78,$0.00B,$0.66B,0.0,$0.15B,$0.14B,89.54%,$0.15B,$-0.02B,-11.76%,$0.15B,0,0.00%,$0.15B,0,0.00%,$0.15B,$-0.01B,-7.19%,$0.15B,$-0.01B,-4.58%,$-0.01B,$0.66B,-4.27%,$-0.01B,$0.62B,-3.53%,$-0.01B,$0.93B,-3.03%,$-0.02B,$0.66B,-10.99%,$40,$9,$31,$0,$155,$164,$-124,$0,$8,$3,$5,$5,$5,$0,$0,$56,56,$0.09,$0.09,$579,$0,$0,$629,$2,$224,$33,$37,$297,$925,$131,$0,$139,$139,$270,$1,$-277,$14,$655,$925,$-7,$2,$-5,$2,$0,$0,$0,$6,$6,$-3,$-0,$0,$0,$0,$-60,$-10,$-50,$-61,$0,$0,$-7,$0,$0,$0,$0,$-7,$-71,$0,$0
28,2011-09-30,7.06,$0.00,0.0,$2.67,2.65,$0.18,39.29,$-0.19,0.0,$0.00B,$0.15B,0.0,$0.00B,$0.93B,0.0,$0.15B,$0.22B,153.42%,$0.15B,$0.11B,72.60%,$0.15B,0,0.00%,$0.15B,0,0.00%,$0.15B,$-0.02B,-12.33%,$0.15B,$-0.01B,-7.53%,$-0.01B,$0.00B,-6.74%,$-0.01B,$0.10B,-5.58%,$-0.01B,$0.00B,-4.68%,$0.11B,$0.00B,58.40%,$41,$2,$39,$0,$0,$2,$39,$0,$-1,$-1,$0,$0,$0,$0,$0,$56,56,$0.00,$0.00,$0,$0,$0,$0,$0,$213,$33,$44,$290,$0,$150,$0,$3,$3,$0,$1,$0,$0,$0,$934,$-12,$1,$-7,$-6,$0,$0,$0,$14,$14,$-4,$-0,$0,$0,$0,$-11,$-11,$-50,$-61,$0,$0,$0,$0,$0,$0,$0,$0,$-65,$0,$0
29,2011-06-30,8.66,$0.00,0.0,$2.55,3.4,$0.30,29.24,$-0.32,0.0,$0.00B,$0.17B,0.0,$0.00B,$0.92B,0.0,$0.14B,$0.19B,135.25%,$0.14B,$0.07B,48.92%,$0.14B,0,0.00%,$0.14B,0,0.00%,$0.14B,$-0.02B,-11.51%,$0.14B,$-0.01B,-7.19%,$-0.01B,$0.00B,-3.06%,$-0.01B,$0.04B,-3.07%,$-0.01B,$0.00B,-2.14%,$0.07B,$0.00B,17.92%,$37,$2,$34,$0,$0,$2,$34,$0,$-20,$-7,$-13,$-13,$-13,$0,$0,$56,56,$-0.23,$-0.23,$0,$0,$0,$0,$0,$159,$34,$44,$237,$0,$165,$0,$3,$3,$0,$1,$0,$0,$0,$947,$-12,$1,$-6,$-5,$0,$0,$0,$17,$17,$0,$-0,$0,$0,$0,$-10,$-10,$0,$-10,$0,$0,$0,$0,$0,$0,$0,$0,$-10,$0,$0
30,2011-03-31,9.83,$0.00,0.0,$2.48,3.96,$0.31,31.79,$-0.18,0.0,$0.00B,$0.15B,0.0,$0.00B,$0.92B,0.0,$0.14B,$0.15B,113.33%,$0.14B,$0.03B,22.22%,$0.14B,0,0.00%,$0.14B,0,0.00%,$0.14B,0,0.00%,$0.14B,0,0.00%,$0.00B,$0.00B,0.00%,$0.00B,$0.03B,0.00%,$0.00B,$0.00B,0.00%,$0.03B,$0.00B,4.93%,$35,$2,$33,$0,$0,$2,$33,$0,$2,$1,$1,$1,$1,$0,$0,$56,56,$0.02,$0.02,$0,$0,$0,$0,$0,$145,$34,$36,$214,$0,$145,$0,$4,$4,$0,$1,$0,$0,$0,$942,$1,$0,$1,$1,$0,$0,$0,$1,$1,$4,$-0,$0,$0,$0,$4,$4,$0,$4,$0,$0,$0,$0,$0,$0,$0,$0,$7,$0,$0
31,2010-12-31,9.71,$11.56,0.84,$2.42,4.01,$0.23,41.73,$-0.24,0.0,$0.72B,$0.15B,4.89,$0.07B,$0.65B,0.11,$0.13B,$0.12B,93.18%,$0.13B,$-0.00B,-1.52%,$0.13B,0,0.00%,$0.13B,0,0.00%,$0.13B,$-0.00B,-0.76%,$0.13B,$-0.00B,-0.76%,$-0.00B,$0.65B,-0.14%,$-0.00B,$0.62B,-0.15%,$-0.00B,$0.94B,-0.10%,$-0.00B,$0.73B,-0.24%,$33,$-85,$118,$0,$119,$33,$0,$0,$1,$-0,$1,$1,$1,$0,$0,$49,49,$0.02,$0.02,$649,$0,$0,$719,$3,$149,$35,$35,$231,$940,$147,$73,$67,$140,$287,$1,$-271,$5,$653,$940,$-1,$2,$2,$2,$0,$0,$0,$7,$7,$10,$-0,$0,$0,$0,$-16,$-16,$0,$-17,$0,$0,$0,$0,$-125,$-9,$0,$-134,$-141,$0,$0
32,2010-09-30,9.38,$0.00,0.0,$2.29,4.09,$0.32,29.03,$-0.25,0.0,$0.71B,$0.14B,5.21,$0.14B,$0.65B,0.21,$0.13B,$0.14B,102.27%,$0.13B,$0.14B,102.27%,$0.13B,0,0.00%,$0.13B,0,0.00%,$0.13B,$0.00B,2.27%,$0.13B,$0.00B,0.76%,$0.00B,$0.65B,0.13%,$0.00B,$0.62B,0.14%,$0.00B,$0.93B,0.10%,$0.14B,$0.79B,15.51%,$34,$31,$3,$0,$2,$33,$1,$0,$1,$0,$1,$1,$1,$0,$0,$56,56,$-0.13,$-0.13,$643,$0,$0,$708,$0,$151,$35,$35,$221,$931,$136,$138,$3,$142,$277,$1,$-272,$0,$654,$931,$-2,$1,$0,$1,$0,$0,$0,$0,$1,$3,$-0,$0,$0,$0,$0,$-15,$0,$-15,$0,$0,$0,$0,$-125,$-9,$0,$-134,$-147,$0,$0
33,2010-06-30,9.8,$0.00,0.0,$2.27,4.31,$0.52,18.85,$-0.14,0.0,$0.83B,$0.12B,6.85,$0.14B,$0.66B,0.21,$0.13B,$0.14B,104.58%,$0.13B,$0.14B,104.58%,$0.13B,0,0.00%,$0.13B,0,0.00%,$0.13B,$0.01B,3.82%,$0.13B,$0.00B,1.53%,$0.00B,$0.78B,0.26%,$0.00B,$0.74B,0.27%,$0.00B,$1.05B,0.19%,$0.14B,$0.92B,15.17%,$33,$34,$-1,$0,$2,$37,$-4,$0,$-4,$-1,$-3,$-3,$-3,$0,$0,$56,56,$-0.09,$-0.09,$780,$0,$0,$828,$0,$148,$35,$38,$221,$1051,$121,$138,$13,$151,$272,$1,$-265,$0,$779,$1051,$-2,$1,$0,$1,$0,$0,$0,$0,$1,$1,$-0,$0,$0,$0,$0,$-6,$0,$-6,$0,$0,$0,$0,$0,$-5,$0,$-5,$-10,$0,$0
34,2010-03-31,11.51,$0.00,0.0,$2.24,5.13,$0.54,21.21,$-0.24,0.0,$0.82B,$0.11B,7.32,$0.14B,$0.66B,0.21,$0.13B,$0.13B,99.22%,$0.13B,$0.13B,99.22%,$0.13B,0,0.00%,$0.13B,0,0.00%,$0.13B,$-0.00B,-3.10%,$0.13B,$-0.00B,-2.33%,$-0.00B,$0.78B,-0.38%,$-0.00B,$0.75B,-0.40%,$-0.00B,$1.04B,-0.29%,$0.13B,$0.92B,14.16%,$32,$29,$3,$0,$2,$31,$1,$0,$1,$0,$0,$0,$0,$0,$0,$56,56,$-0.04,$-0.04,$778,$0,$0,$824,$0,$139,$36,$36,$211,$1038,$113,$138,$4,$143,$255,$1,$-259,$0,$782,$1038,$0,$1,$0,$1,$0,$0,$0,$0,$-3,$-1,$-0,$0,$0,$0,$0,$-8,$0,$-8,$0,$0,$0,$0,$0,$-3,$0,$-3,$-12,$0,$0
35,2009-12-31,11.4,$13.88,0.82,$2.25,5.08,$0.74,15.39,$-0.22,0.0,$0.84B,$0.15B,5.7,$0.07B,$0.67B,0.1,$0.13B,$0.13B,100.00%,$0.13B,$0.13B,100.00%,$0.13B,0,0.00%,$0.13B,0,0.00%,$0.13B,$-0.00B,-2.33%,$0.13B,$-0.00B,-1.55%,$-0.00B,$0.78B,-0.25%,$-0.00B,$0.75B,-0.27%,$-0.00B,$1.04B,-0.19%,$0.13B,$0.85B,14.23%,$33,$-97,$130,$0,$-5,$-104,$137,$0,$5,$2,$3,$3,$3,$0,$0,$60,60,$0.01,$0.01,$790,$0,$0,$836,$3,$130,$36,$36,$217,$1041,$147,$68,$42,$110,$257,$1,$-257,$4,$784,$1041,$-2,$2,$1,$2,$0,$0,$0,$-4,$18,$19,$-2,$0,$0,$0,$15,$15,$19,$32,$-0,$0,$-0,$0,$0,$-10,$0,$-10,$41,$0,$0
36,2009-09-30,12.01,$0.00,0.0,$2.35,5.1,$0.32,37.37,$-0.16,0.0,$0.57B,$0.11B,5.13,$0.14B,$0.67B,0.21,$0.13B,$0.12B,93.18%,$0.13B,$0.15B,110.61%,$0.13B,0,0.00%,$0.13B,0,0.00%,$0.13B,$0.00B,1.52%,$0.13B,$-0.00B,-0.76%,$-0.00B,$0.78B,-0.13%,$-0.00B,$0.75B,-0.13%,$-0.00B,$1.04B,-0.10%,$0.15B,$0.92B,16.07%,$33,$28,$5,$0,$2,$30,$3,$0,$3,$1,$2,$2,$2,$0,$0,$56,56,$-0.02,$-0.02,$528,$0,$0,$571,$0,$392,$37,$41,$469,$1041,$111,$138,$8,$146,$257,$1,$-258,$0,$784,$1041,$-5,$2,$0,$2,$0,$0,$0,$0,$18,$15,$-1,$0,$0,$0,$0,$-246,$19,$-229,$0,$0,$0,$0,$0,$-8,$0,$-8,$-222,$0,$0
37,2009-06-30,11.62,$0.00,0.0,$2.30,5.05,$0.02,535.65,$-0.25,0.0,$0.32B,$0.12B,2.73,$0.14B,$0.66B,0.21,$0.13B,$0.10B,80.62%,$0.13B,$0.13B,98.45%,$0.13B,0,0.00%,$0.13B,0,0.00%,$0.13B,$-0.02B,-13.18%,$0.13B,$-0.01B,-5.43%,$-0.01B,$0.78B,-0.89%,$-0.01B,$0.75B,-0.93%,$-0.01B,$1.05B,-0.65%,$0.13B,$0.92B,13.97%,$31,$42,$-10,$0,$2,$44,$-13,$0,$-13,$-4,$-8,$-8,$-8,$0,$0,$56,56,$-0.19,$-0.19,$278,$0,$0,$321,$0,$629,$37,$57,$723,$1045,$117,$138,$7,$145,$262,$1,$-257,$0,$783,$1045,$-7,$1,$0,$1,$0,$0,$0,$0,$12,$3,$-1,$0,$0,$0,$0,$-486,$19,$-469,$0,$0,$0,$0,$0,$-5,$0,$-5,$-471,$0,$0
38,2009-03-31,11.16,$0.00,0.0,$2.11,5.28,$-0.03,0.0,$-0.40,0.0,$0.82B,$0.11B,7.62,$0.14B,$0.67B,0.21,$0.12B,$0.10B,89.66%,$0.12B,$0.12B,99.14%,$0.12B,0,0.00%,$0.12B,0,0.00%,$0.12B,$-0.03B,-25.00%,$0.12B,$-0.02B,-12.93%,$-0.02B,$0.79B,-1.90%,$-0.02B,$0.75B,-1.99%,$-0.02B,$1.05B,-1.40%,$0.12B,$0.93B,12.60%,$32,$28,$4,$0,$2,$30,$2,$0,$2,$1,$1,$1,$1,$0,$0,$56,56,$-0.02,$-0.02,$786,$0,$0,$823,$0,$130,$38,$54,$221,$1045,$108,$138,$7,$146,$254,$1,$-246,$0,$791,$1045,$1,$1,$0,$1,$0,$0,$0,$0,$8,$11,$-0,$0,$0,$0,$0,$10,$19,$28,$0,$0,$0,$0,$0,$-3,$0,$-3,$36,$0,$0
39,2008-12-31,9.54,$14.02,0.68,$1.90,5.03,$-0.28,0.0,$-0.55,0.0,$0.83B,$0.15B,5.63,$0.07B,$0.67B,0.1,$0.10B,$0.10B,99.03%,$0.10B,$0.10B,99.03%,$0.10B,0,0.00%,$0.10B,0,0.00%,$0.10B,$-0.04B,-40.78%,$0.10B,$-0.03B,-24.27%,$-0.03B,$0.79B,-3.13%,$-0.03B,$0.75B,-3.29%,$-0.03B,$1.05B,-2.32%,$0.10B,$0.86B,11.10%,$36,$-88,$124,$0,$-29,$-118,$154,$0,$10,$3,$6,$4,$4,$0,$0,$54,54,$0.07,$0.07,$768,$0,$0,$831,$1,$139,$38,$40,$233,$1049,$148,$68,$41,$110,$257,$1,$-245,$-1,$791,$1049,$-23,$2,$53,$2,$0,$0,$0,$-3,$-40,$-7,$-0,$0,$-0,$0,$7,$7,$-19,$-12,$-4,$0,$-4,$0,$0,$-10,$0,$-14,$-34,$0,$0
40,2008-09-30,10.11,$0.00,0.0,$1.99,5.08,$-0.97,0.0,$-0.44,0.0,$0.90B,$0.22B,4.13,$0.14B,$0.67B,0.21,$0.11B,$0.09B,86.24%,$0.11B,$0.11B,96.33%,$0.11B,0,0.00%,$0.11B,0,0.00%,$0.11B,$-0.02B,-21.10%,$0.11B,$-0.02B,-17.43%,$-0.02B,$0.79B,-2.36%,$-0.02B,$0.75B,-2.48%,$-0.02B,$1.15B,-1.75%,$0.11B,$0.93B,11.10%,$30,$43,$-14,$0,$2,$46,$-16,$0,$-16,$-10,$-6,$-4,$-4,$0,$0,$56,56,$-0.11,$-0.11,$769,$0,$0,$897,$0,$144,$38,$70,$252,$1150,$217,$138,$7,$145,$363,$1,$-247,$0,$788,$1150,$-27,$2,$0,$2,$0,$0,$0,$0,$-28,$-3,$-0,$0,$-0,$0,$0,$2,$-19,$-17,$0,$0,$-4,$0,$0,$-8,$0,$-12,$-32,$0,$0
41,2008-06-30,10.1,$0.00,0.0,$2.13,4.74,$-0.74,0.0,$4.79,2.11,$0.80B,$0.09B,9.21,$0.14B,$0.68B,0.2,$0.12B,$0.13B,110.26%,$0.12B,$0.13B,111.97%,$0.12B,0,0.00%,$0.12B,0,0.00%,$0.12B,$0.00B,2.56%,$0.12B,$0.28B,238.46%,$0.28B,$0.80B,34.33%,$0.28B,$0.76B,36.07%,$0.28B,$1.05B,25.66%,$0.13B,$0.94B,14.27%,$18,$27,$-10,$0,$15,$43,$-25,$0,$-25,$-9,$-16,$-16,$-16,$0,$0,$48,48,$-0.34,$-0.34,$773,$0,$0,$804,$0,$150,$39,$58,$247,$1051,$87,$138,$29,$167,$254,$1,$-240,$0,$796,$1051,$-23,$1,$0,$1,$0,$0,$0,$0,$-7,$-1,$0,$0,$-0,$0,$0,$0,$0,$0,$0,$-4,$0,$0,$0,$-5,$0,$-9,$-10,$0,$0
42,2008-03-31,10.18,$0.00,0.0,$3.45,2.95,$-0.00,0.0,$4.95,2.06,$0.81B,$0.08B,9.74,$0.14B,$0.70B,0.2,$0.19B,$0.17B,87.11%,$0.19B,$0.15B,76.80%,$0.19B,0,0.00%,$0.19B,0,0.00%,$0.19B,$0.02B,10.82%,$0.19B,$0.29B,148.45%,$0.29B,$0.82B,38.61%,$0.29B,$0.78B,40.82%,$0.29B,$1.07B,22.65%,$0.15B,$0.96B,13.65%,$19,$17,$2,$0,$12,$30,$-11,$0,$-11,$-4,$-7,$-9,$-9,$0,$0,$56,56,$-0.17,$-0.17,$784,$0,$0,$814,$0,$166,$39,$46,$252,$1065,$84,$138,$27,$165,$249,$1,$-221,$0,$816,$1065,$-7,$1,$0,$1,$0,$0,$0,$0,$-13,$-3,$0,$0,$-0,$0,$0,$11,$0,$11,$0,$-4,$0,$0,$0,$-3,$0,$-7,$1,$0,$0
43,2007-12-31,10.69,$14.60,0.73,$4.71,2.27,$0.35,30.63,$4.95,2.16,$0.81B,$0.10B,8.5,$0.14B,$0.71B,0.2,$0.26B,$0.20B,75.29%,$0.26B,$0.15B,59.46%,$0.26B,0,0.00%,$0.26B,0,0.00%,$0.26B,$0.03B,10.04%,$0.26B,$0.29B,112.36%,$0.29B,$0.82B,42.98%,$0.29B,$0.79B,45.86%,$0.29B,$1.09B,20.03%,$0.15B,$0.97B,12.18%,$42,$-74,$116,$0,$2,$-115,$157,$0,$29,$6,$23,$10,$10,$0,$0,$57,57,$0.18,$0.18,$783,$0,$0,$812,$1,$192,$39,$43,$296,$1085,$96,$142,$23,$166,$261,$1,$-212,$-1,$824,$1085,$293,$2,$-366,$-365,$0,$0,$0,$1,$9,$-47,$0,$0,$811,$0,$-69,$-69,$0,$742,$-11,$-11,$0,$82,$82,$-10,$-2,$59,$754,$2,$0
44,2007-09-30,11.5,$0.00,0.0,$5.50,2.09,$2.02,5.68,$4.54,2.53,$0.93B,$0.31B,2.99,$0.00B,$0.70B,0.0,$0.28B,$0.09B,33.10%,$0.28B,$-0.02B,-5.28%,$0.28B,0,0.00%,$0.28B,0,0.00%,$0.28B,$-0.02B,-5.28%,$0.28B,$0.27B,96.13%,$0.27B,$0.82B,47.42%,$0.27B,$0.78B,50.42%,$0.27B,$1.15B,17.42%,$-0.02B,$0.82B,-1.08%,$38,$17,$21,$0,$11,$28,$10,$0,$10,$3,$6,$6,$294,$0,$0,$56,57,$5.17,$5.12,$896,$0,$0,$926,$0,$137,$40,$46,$223,$1149,$310,$0,$24,$24,$334,$1,$-222,$0,$815,$1149,$280,$2,$-364,$-362,$0,$0,$0,$0,$91,$10,$0,$0,$-70,$0,$0,$-21,$886,$795,$0,$-31,$20,$0,$98,$-8,$-18,$61,$866,$0,$0
45,2007-06-30,11.57,$0.00,0.0,$6.25,1.85,$2.46,4.7,$-0.82,0.0,$0.14B,$0.15B,0.98,$1.10B,$0.41B,2.68,$0.31B,$0.09B,28.20%,$0.31B,$-0.04B,-12.46%,$0.31B,0,0.00%,$0.31B,0,0.00%,$0.31B,$-0.04B,-12.46%,$0.31B,$-0.03B,-9.18%,$-0.03B,$0.53B,-5.84%,$-0.03B,$0.49B,-6.18%,$-0.03B,$1.79B,-1.68%,$-0.04B,$1.63B,-2.94%,$95,$65,$30,$0,$16,$103,$-7,$0,$-7,$0,$-8,$-7,$-7,$0,$0,$56,56,$-0.18,$-0.18,$82,$0,$0,$142,$0,$1520,$45,$79,$1644,$1786,$145,$1100,$0,$1111,$1256,$1,$-514,$0,$529,$1786,$-14,$46,$0,$46,$0,$0,$0,$0,$8,$40,$0,$0,$-70,$0,$0,$-14,$-0,$-85,$0,$-2,$0,$0,$98,$-5,$-1,$90,$46,$0,$0
46,2007-03-31,11.88,$0.00,0.0,$5.99,1.98,$2.12,5.59,$-0.63,0.0,$0.13B,$0.11B,1.19,$1.11B,$0.42B,2.63,$0.27B,$0.07B,26.02%,$0.27B,$-0.04B,-16.36%,$0.27B,0,0.00%,$0.27B,0,0.00%,$0.27B,$-0.04B,-16.36%,$0.27B,$-0.02B,-6.69%,$-0.02B,$0.54B,-3.95%,$-0.02B,$0.49B,-4.10%,$-0.02B,$1.79B,-1.11%,$-0.04B,$1.65B,-3.49%,$84,$56,$28,$0,$12,$89,$-6,$0,$-6,$1,$-7,$-6,$-6,$0,$0,$52,52,$-0.17,$-0.17,$70,$0,$0,$130,$0,$1501,$46,$112,$1659,$1790,$110,$1107,$22,$1141,$1250,$1,$-504,$0,$540,$1790,$-6,$23,$0,$23,$0,$0,$0,$0,$-2,$15,$0,$0,$-71,$0,$0,$-11,$-0,$-81,$0,$0,$4,$0,$100,$-3,$-2,$99,$33,$0,$0
47,2006-12-31,11.41,$0.00,0.0,$5.87,1.94,$1.93,5.92,$-0.56,0.0,$0.07B,$0.03B,2.29,$1.05B,$0.30B,3.49,$0.25B,$0.06B,22.36%,$0.25B,$-0.05B,-20.73%,$0.25B,0,0.00%,$0.25B,0,0.00%,$0.25B,$-0.05B,-20.73%,$0.25B,$-0.01B,-5.28%,$-0.01B,$0.42B,-3.01%,$-0.01B,$0.41B,-3.07%,$-0.01B,$1.54B,-0.82%,$-0.05B,$1.47B,-4.12%,$67,$53,$15,$0,$5,$79,$-12,$0,$-12,$-6,$-6,$-8,$-8,$0,$0,$44,44,$-0.23,$-0.23,$36,$0,$0,$71,$0,$1391,$6,$75,$1472,$1543,$31,$1047,$18,$1093,$1123,$0,$-495,$0,$419,$1543,$-17,$92,$2,$92,$0,$0,$0,$0,$-5,$37,$0,$0,$-2,$0,$0,$135,$2,$135,$-159,$-418,$264,$-0,$-0,$-10,$-7,$-171,$1,$1,$0
