,Date,Stock Price,Book Value per Share,Price to Book Ratio,TTM Sales per Share,Price to Sales Ratio,TTM FCF per Share,Price to FCF Ratio,TTM Net EPS,PE Ratio,Current Assets,Current Liabilities,Current Ratio,Long Term Debt,Shareholder's Equity_x,Debt to Equity Ratio,TTM Revenue_x,TTM Gross Profit,Gross Margin,TTM Revenue_y,TTM Operating Income,Operating Margin,TTM Revenue_x,TTM EBIT,EBIT Margin,TTM Revenue_y,TTM EBITDA,EBITDA Margin,TTM Revenue_x,TTM Pre-Tax Income,Pre-Tax Margin,TTM Revenue_y,TTM Net Income_x,Net Margin,TTM Net Income_y,Shareholder's Equity_y,Return on Equity,TTM Net Income_x,Tangible Equity,Return on Tangible Equity,TTM Net Income_y,Total Assets,Return on Assets,TTM Net Income,LT Investments & Debt,Return on Investment,revenue,cost-goods-sold,gross-profit,research-development-expenses,selling-general-administrative-expenses,operating-expenses,operating-income,total-non-operating-income-expense,pre-tax-income,total-provision-income-taxes,income-after-taxes,income-from-continuous-operations,net-income,ebitda,ebit,basic-shares-outstanding,shares-outstanding,eps-basic-net-earnings-per-share,eps-earnings-per-share-diluted,cash-on-hand,inventory,other-current-assets,total-current-assets,net-property-plant-equipment,long-term-investments,goodwill-intangible-assets-total,other-long-term-assets,total-long-term-assets,total-assets,total-current-liabilities,long-term-debt,other-non-current-liabilities,total-long-term-liabilities,total-liabilities,common-stock-net,retained-earnings-accumulated-deficit,comprehensive-income,total-share-holder-equity,total-liabilities-share-holders-equity,net-income-loss,total-depreciation-amortization-cash-flow,other-non-cash-items,total-non-cash-items,change-in-accounts-receivable,change-in-inventories,change-in-accounts-payable,change-in-assets-liabilities,total-change-in-assets-liabilities,cash-flow-from-operating-activities,net-change-in-property-plant-equipment,net-change-in-intangible-assets,net-acquisitions-divestitures,net-change-in-short-term-investments,net-change-in-long-term-investments,net-change-in-investments-total,investing-activities-other,cash-flow-from-investing-activities,net-long-term-debt,net-current-debt,debt-issuance-retirement-net-total,net-common-equity-issued-repurchased,net-total-equity-issued-repurchased,total-common-preferred-stock-dividends-paid,financial-activities-other,cash-flow-from-financial-activities,net-cash-flow,stock-based-compensation,common-stock-dividends-paid
0,2018-09-30,32.3,$0.00,0.0,$4.99,6.47,$0.88,36.57,$0.68,47.5,$0.89B,$0.67B,1.34,$1.26B,$1.08B,1.17,$1.49B,$0.50B,33.47%,$1.49B,$0.31B,20.46%,$1.49B,$0.31B,20.46%,$1.49B,$0.34B,22.74%,$1.49B,$0.29B,19.45%,$1.49B,$0.21B,14.02%,$0.21B,$1.08B,20.28%,$0.21B,$0.43B,50.09%,$0.21B,$3.41B,6.58%,$0.31B,$2.34B,14.10%,$403,$241,$162,$0,$47,$290,$113,$25,$138,$37,$101,$98,$97,$113,$113,$282,304,$0.34,$0.32,$675,$6,$82,$890,$722,$983,$644,$52,$2516,$3406,$666,$1261,$62,$1662,$2328,$0,$537,$-9,$1078,$3406,$0,$0,$0,$0,$0,$0,$0,$0,$0,$0,$0,$0,$0,$0,$0,$0,$0,$0,$0,$0,$0,$0,$0,$0,$0,$0,$0,$0,$0
1,2018-06-30,41.99,$0.00,0.0,$4.90,8.57,$0.88,47.54,$0.61,69.4,$0.91B,$0.62B,1.45,$1.21B,$1.01B,1.19,$1.45B,$0.47B,32.39%,$1.45B,$0.28B,19.45%,$1.45B,$0.28B,19.45%,$1.45B,$0.32B,21.80%,$1.45B,$0.25B,17.09%,$1.45B,$0.18B,12.66%,$0.18B,$1.01B,18.33%,$0.18B,$0.43B,45.98%,$0.18B,$3.24B,6.28%,$0.28B,$2.22B,14.41%,$381,$238,$143,$0,$41,$280,$101,$-24,$78,$25,$53,$51,$51,$101,$101,$281,304,$0.18,$0.17,$695,$5,$73,$905,$707,$890,$588,$55,$2339,$3244,$623,$1207,$61,$1608,$2231,$0,$456,$13,$1013,$3244,$0,$0,$0,$0,$0,$0,$0,$0,$0,$0,$0,$0,$0,$0,$0,$0,$0,$0,$0,$0,$0,$0,$0,$0,$0,$0,$0,$0,$0
2,2018-03-31,32.93,$0.00,0.0,$4.66,7.06,$0.88,37.28,$0.64,51.85,$0.88B,$0.61B,1.44,$1.30B,$1.04B,1.26,$1.36B,$0.42B,30.95%,$1.36B,$0.25B,18.05%,$1.36B,$0.25B,18.05%,$1.36B,$0.28B,20.56%,$1.36B,$0.25B,18.05%,$1.36B,$0.19B,13.93%,$0.19B,$1.04B,19.52%,$0.19B,$0.42B,51.22%,$0.19B,$3.37B,7.11%,$0.25B,$2.34B,13.98%,$333,$240,$93,$0,$36,$285,$49,$-21,$28,$7,$21,$20,$20,$83,$49,$281,293,$0.07,$0.07,$662,$4,$68,$882,$742,$963,$622,$56,$2489,$3370,$612,$1304,$64,$1722,$2333,$0,$428,$40,$1037,$3370,$20,$34,$31,$65,$-2,$-1,$-6,$1,$-18,$67,$-59,$0,$0,$0,$-604,$-604,$22,$-641,$0,$585,$585,$0,$0,$-0,$14,$599,$14,$3,$-0
3,2017-12-31,36.11,$3.55,10.18,$4.33,8.33,$0.85,42.33,$0.64,56.42,$0.89B,$0.57B,1.57,$0.76B,$1.00B,0.76,$1.26B,$0.38B,30.60%,$1.26B,$0.22B,17.53%,$1.26B,$0.22B,17.53%,$1.26B,$0.25B,19.52%,$1.26B,$0.25B,19.68%,$1.26B,$0.19B,15.22%,$0.19B,$1.00B,20.94%,$0.19B,$0.39B,42.47%,$0.19B,$2.68B,8.77%,$0.22B,$1.75B,16.05%,$374,$273,$101,$0,$53,$332,$42,$3,$46,$5,$41,$41,$41,$42,$42,$279,293,$0.15,$0.13,$628,$4,$69,$885,$695,$363,$601,$56,$1793,$2679,$565,$756,$58,$1118,$1683,$0,$423,$26,$995,$2679,$190,$121,$37,$158,$1,$0,$1,$-25,$29,$377,$-126,$-1,$-576,$-12,$-204,$-216,$-113,$-1032,$754,$-24,$730,$1,$1,$-48,$13,$697,$37,$10,$-48
4,2017-09-30,29.53,$0.00,0.0,$3.78,7.82,$0.78,37.71,$0.58,50.69,$0.77B,$0.54B,1.41,$0.54B,$0.95B,0.57,$1.08B,$0.27B,25.09%,$1.08B,$0.20B,18.45%,$1.08B,$0.20B,18.45%,$1.08B,$0.23B,20.76%,$1.08B,$0.23B,20.85%,$1.08B,$0.16B,15.13%,$0.16B,$0.95B,19.11%,$0.16B,$0.36B,31.08%,$0.16B,$2.37B,8.78%,$0.20B,$1.49B,17.73%,$357,$226,$131,$0,$31,$268,$89,$6,$95,$24,$71,$71,$71,$89,$89,$280,289,$0.25,$0.25,$591,$4,$52,$766,$673,$223,$592,$56,$1606,$2372,$544,$539,$55,$879,$1423,$0,$379,$15,$949,$2372,$0,$0,$0,$0,$0,$0,$0,$0,$0,$0,$0,$0,$0,$0,$0,$0,$0,$0,$0,$0,$0,$0,$0,$0,$0,$0,$0,$0,$0
5,2017-06-30,20.05,$0.00,0.0,$3.47,5.77,$0.78,25.61,$0.49,40.71,$0.68B,$0.45B,1.49,$0.54B,$0.89B,0.61,$0.99B,$0.22B,22.16%,$0.99B,$0.16B,16.52%,$0.99B,$0.16B,16.52%,$0.99B,$0.19B,19.03%,$0.99B,$0.19B,18.93%,$0.99B,$0.14B,13.80%,$0.14B,$0.89B,16.75%,$0.14B,$0.31B,22.44%,$0.14B,$2.21B,8.37%,$0.16B,$1.43B,17.21%,$293,$199,$95,$0,$27,$228,$65,$11,$76,$19,$57,$57,$57,$65,$65,$279,288,$0.21,$0.20,$509,$5,$54,$675,$658,$189,$582,$51,$1538,$2213,$454,$540,$52,$867,$1321,$0,$347,$5,$892,$2213,$0,$0,$0,$0,$0,$0,$0,$0,$0,$0,$0,$0,$0,$0,$0,$0,$0,$0,$0,$0,$0,$0,$0,$0,$0,$0,$0,$0,$0
6,2017-03-31,15.42,$0.00,0.0,$3.33,4.62,$0.78,19.69,$0.46,33.52,$0.60B,$0.40B,1.51,$0.00B,$0.81B,0.0,$0.95B,$0.25B,26.55%,$0.95B,$0.14B,14.65%,$0.95B,$0.14B,14.65%,$0.95B,$0.16B,17.28%,$0.95B,$0.17B,18.02%,$0.95B,$0.13B,13.38%,$0.13B,$0.81B,16.27%,$0.13B,$0.74B,18.30%,$0.13B,$1.45B,8.80%,$0.14B,$0.81B,17.80%,$231,$174,$57,$0,$29,$207,$24,$5,$30,$8,$22,$22,$22,$49,$24,$278,287,$0.08,$0.08,$345,$3,$158,$599,$529,$165,$74,$32,$847,$1446,$398,$0,$48,$236,$634,$0,$285,$0,$812,$1446,$22,$25,$1,$26,$1,$-0,$-6,$-26,$-22,$26,$-27,$-0,$-111,$6,$-11,$-6,$-11,$-155,$0,$0,$0,$0,$0,$-0,$4,$4,$-125,$2,$-0
7,2016-12-31,12.88,$2.80,4.6,$3.34,3.86,$0.87,14.84,$0.43,30.31,$0.60B,$0.43B,1.41,$0.00B,$0.78B,0.0,$0.94B,$0.23B,24.65%,$0.94B,$0.13B,13.39%,$0.94B,$0.13B,13.39%,$0.94B,$0.15B,16.15%,$0.94B,$0.16B,16.47%,$0.94B,$0.12B,12.33%,$0.12B,$0.78B,15.27%,$0.12B,$0.71B,17.54%,$0.12B,$1.44B,8.13%,$0.13B,$0.78B,16.58%,$203,$214,$-11,$0,$24,$181,$22,$3,$25,$11,$14,$14,$14,$22,$22,$275,283,$0.05,$0.05,$466,$3,$44,$601,$534,$153,$74,$29,$838,$1439,$427,$0,$47,$232,$659,$0,$261,$-1,$780,$1439,$115,$100,$31,$131,$-7,$1,$9,$8,$49,$295,$-72,$-2,$19,$78,$-42,$36,$46,$26,$0,$-7,$-7,$2,$2,$-40,$10,$-36,$288,$8,$-40
8,2016-09-30,11.21,$0.00,0.0,$3.60,3.11,$0.32,35.29,$0.50,22.41,$0.60B,$0.43B,1.4,$0.00B,$0.79B,0.0,$0.99B,$0.37B,37.47%,$0.99B,$0.15B,14.95%,$0.99B,$0.15B,14.95%,$0.99B,$0.17B,17.47%,$0.99B,$0.18B,17.78%,$0.99B,$0.14B,13.84%,$0.14B,$0.79B,19.51%,$0.14B,$0.69B,22.26%,$0.14B,$1.45B,10.14%,$0.15B,$0.79B,21.08%,$266,$187,$79,$0,$23,$213,$53,$5,$57,$14,$43,$43,$44,$53,$53,$277,285,$0.16,$0.16,$457,$3,$43,$600,$569,$137,$99,$31,$853,$1453,$428,$0,$46,$237,$665,$0,$253,$-0,$788,$1453,$0,$0,$0,$0,$0,$0,$0,$0,$0,$0,$0,$0,$0,$0,$0,$0,$0,$0,$0,$0,$0,$0,$0,$0,$0,$0,$0,$0,$0
9,2016-06-30,9.05,$0.00,0.0,$3.58,2.53,$0.47,19.45,$0.44,20.69,$0.57B,$0.46B,1.25,$0.00B,$0.74B,0.0,$0.96B,$0.38B,39.42%,$0.96B,$0.13B,13.24%,$0.96B,$0.13B,13.24%,$0.96B,$0.15B,15.95%,$0.96B,$0.15B,15.85%,$0.96B,$0.12B,12.20%,$0.12B,$0.74B,18.18%,$0.12B,$0.64B,20.21%,$0.12B,$1.43B,9.34%,$0.13B,$0.74B,19.74%,$249,$123,$127,$0,$23,$210,$40,$19,$59,$12,$47,$47,$47,$40,$40,$276,284,$0.17,$0.17,$432,$3,$42,$570,$583,$126,$99,$37,$863,$1433,$456,$0,$45,$234,$690,$0,$210,$-1,$743,$1433,$0,$0,$0,$0,$0,$0,$0,$0,$0,$0,$0,$0,$0,$0,$0,$0,$0,$0,$0,$0,$0,$0,$0,$0,$0,$0,$0,$0,$0
10,2016-03-31,9.5,$0.00,0.0,$3.53,2.69,$0.40,23.9,$0.27,35.83,$0.49B,$0.42B,1.15,$0.00B,$0.73B,0.0,$0.92B,$0.31B,34.02%,$0.92B,$0.10B,10.58%,$0.92B,$0.10B,10.58%,$0.92B,$0.15B,16.25%,$0.92B,$0.09B,10.03%,$0.92B,$0.07B,7.52%,$0.07B,$0.73B,11.72%,$0.07B,$0.61B,12.74%,$0.07B,$1.38B,6.04%,$0.10B,$0.73B,16.48%,$223,$186,$37,$0,$22,$212,$11,$3,$14,$4,$10,$10,$11,$37,$11,$269,276,$0.04,$0.04,$345,$4,$39,$486,$602,$126,$119,$31,$898,$1384,$421,$0,$45,$235,$657,$0,$167,$7,$728,$1384,$10,$26,$5,$32,$-3,$0,$-1,$8,$8,$50,$-28,$-1,$1,$15,$-12,$2,$-5,$-30,$0,$44,$44,$1,$1,$-43,$6,$8,$27,$2,$-43
11,2015-09-30,5.92,$0.00,0.0,$3.54,1.67,$0.65,9.15,$0.26,23.23,$0.42B,$0.37B,1.15,$0.00B,$0.55B,0.0,$0.90B,$0.25B,27.80%,$0.90B,$0.08B,9.08%,$0.90B,$0.08B,9.08%,$0.90B,$0.11B,11.96%,$0.90B,$0.09B,9.63%,$0.90B,$0.07B,7.31%,$0.07B,$0.55B,12.30%,$0.07B,$0.52B,12.87%,$0.07B,$1.14B,6.32%,$0.08B,$0.55B,15.28%,$252,$124,$128,$0,$23,$207,$44,$2,$46,$11,$35,$35,$35,$43,$44,$250,256,$0.14,$0.14,$291,$4,$25,$418,$597,$47,$28,$32,$717,$1135,$365,$0,$42,$220,$585,$0,$191,$-8,$550,$1135,$35,$26,$13,$39,$1,$0,$-1,$0,$6,$81,$-20,$-0,$-0,$-32,$-11,$-43,$-91,$-155,$0,$75,$75,$-17,$-17,$-0,$-0,$58,$-15,$2,$-0
12,2015-06-30,5.94,$0.00,0.0,$3.45,1.72,$0.41,14.43,$0.21,27.98,$0.31B,$0.29B,1.09,$0.00B,$0.55B,0.0,$0.88B,$0.21B,24.17%,$0.88B,$0.07B,8.21%,$0.88B,$0.07B,8.21%,$0.88B,$0.10B,11.29%,$0.88B,$0.08B,8.55%,$0.88B,$0.06B,6.27%,$0.06B,$0.55B,10.40%,$0.06B,$0.54B,10.88%,$0.06B,$1.06B,5.43%,$0.07B,$0.55B,13.61%,$235,$149,$86,$0,$28,$203,$32,$2,$33,$9,$24,$24,$24,$33,$32,$251,257,$0.10,$0.09,$188,$4,$104,$314,$0,$47,$10,$51,$122,$1058,$288,$0,$41,$217,$506,$0,$160,$0,$553,$1058,$24,$27,$0,$27,$0,$0,$0,$0,$-1,$76,$-38,$0,$0,$0,$0,$-2,$-16,$-57,$0,$0,$16,$0,$1,$0,$0,$17,$37,$0,$0
13,2015-03-31,4.8,$0.00,0.0,$3.34,1.44,$0.44,10.93,$0.20,23.98,$0.24B,$0.26B,0.93,$0.00B,$0.52B,0.0,$0.84B,$0.20B,23.61%,$0.84B,$0.08B,9.37%,$0.84B,$0.08B,9.37%,$0.84B,$0.11B,12.57%,$0.84B,$0.07B,8.19%,$0.84B,$0.05B,6.05%,$0.05B,$0.52B,9.98%,$0.05B,$0.50B,10.55%,$0.05B,$0.99B,5.19%,$0.08B,$0.52B,15.45%,$207,$146,$61,$0,$26,$197,$10,$0,$-1,$-0,$-1,$-1,$-1,$36,$10,$251,251,$-0.01,$-0.01,$113,$5,$101,$236,$0,$43,$29,$33,$118,$989,$255,$0,$39,$210,$465,$0,$136,$0,$524,$989,$-1,$26,$0,$26,$0,$0,$0,$0,$-1,$30,$-47,$0,$-2,$0,$0,$-1,$-3,$-53,$0,$0,$0,$0,$0,$-0,$0,$0,$-24,$0,$0
14,2014-12-31,6.4,$0.00,0.0,$3.18,2.01,$0.38,17.04,$0.20,32.39,$0.26B,$0.28B,0.93,$0.00B,$0.52B,0.0,$0.80B,$0.18B,22.19%,$0.80B,$0.07B,8.10%,$0.80B,$0.07B,8.10%,$0.80B,$0.09B,10.85%,$0.80B,$0.07B,8.35%,$0.80B,$0.05B,6.23%,$0.05B,$0.52B,10.12%,$0.05B,$0.49B,10.71%,$0.05B,$1.00B,5.26%,$0.07B,$0.52B,13.15%,$209,$233,$-24,$0,$45,$212,$-4,$14,$9,$1,$7,$8,$8,$-4,$-4,$250,254,$0.03,$0.03,$135,$5,$103,$257,$0,$37,$27,$32,$109,$997,$277,$0,$35,$200,$478,$0,$137,$0,$519,$997,$49,$92,$0,$92,$0,$0,$0,$0,$63,$234,$-150,$0,$-3,$0,$0,$-20,$1,$-171,$0,$0,$0,$0,$3,$-1,$1,$3,$66,$0,$0
15,2014-09-30,6.27,$0.00,0.0,$3.10,2.03,$0.04,150.08,$0.21,30.6,$0.27B,$0.30B,0.9,$0.00B,$0.52B,0.0,$0.78B,$0.26B,33.03%,$0.78B,$0.08B,9.77%,$0.78B,$0.08B,9.77%,$0.78B,$0.10B,12.60%,$0.78B,$0.07B,9.38%,$0.78B,$0.05B,6.68%,$0.05B,$0.52B,10.81%,$0.05B,$0.49B,11.46%,$0.05B,$1.01B,5.68%,$0.08B,$0.52B,15.79%,$226,$137,$89,$0,$32,$192,$34,$0,$34,$10,$24,$24,$24,$34,$34,$250,254,$0.10,$0.10,$148,$5,$97,$270,$0,$39,$27,$31,$109,$1007,$301,$0,$32,$186,$487,$0,$130,$0,$520,$1007,$0,$0,$0,$0,$0,$0,$0,$0,$0,$0,$0,$0,$0,$0,$0,$0,$0,$0,$0,$0,$0,$0,$0,$0,$0,$0,$0,$0,$0
16,2014-06-30,6.11,$0.00,0.0,$2.96,2.07,$0.04,146.18,$0.19,31.74,$0.23B,$0.28B,0.8,$0.00B,$0.48B,0.0,$0.74B,$0.24B,32.48%,$0.74B,$0.07B,9.47%,$0.74B,$0.07B,9.47%,$0.74B,$0.09B,12.45%,$0.74B,$0.07B,9.07%,$0.74B,$0.05B,6.50%,$0.05B,$0.48B,10.36%,$0.05B,$0.45B,11.01%,$0.05B,$0.94B,5.56%,$0.07B,$0.48B,15.10%,$201,$128,$73,$0,$13,$162,$39,$-12,$27,$8,$19,$20,$20,$40,$39,$248,252,$0.08,$0.08,$111,$5,$95,$225,$0,$31,$27,$31,$100,$936,$280,$0,$29,$174,$455,$0,$105,$0,$482,$936,$19,$22,$0,$22,$0,$0,$0,$0,$13,$69,$-25,$0,$13,$0,$0,$0,$-24,$-35,$0,$0,$0,$0,$0,$-0,$-0,$-0,$33,$0,$0
17,2014-03-31,5.98,$0.00,0.0,$2.88,2.08,$-0.13,0.0,$0.18,34.18,$0.18B,$0.25B,0.74,$0.00B,$0.46B,0.0,$0.72B,$0.24B,33.75%,$0.72B,$0.06B,8.65%,$0.72B,$0.06B,8.65%,$0.72B,$0.08B,11.58%,$0.72B,$0.06B,8.51%,$0.72B,$0.04B,6.14%,$0.04B,$0.46B,9.80%,$0.04B,$0.43B,10.43%,$0.04B,$0.87B,5.40%,$0.06B,$0.46B,13.81%,$166,$127,$40,$0,$23,$170,$-4,$1,$-3,$-0,$-2,$-2,$-2,$17,$-4,$248,248,$-0.01,$-0.01,$77,$5,$86,$183,$0,$19,$27,$30,$87,$865,$247,$0,$27,$163,$410,$0,$85,$0,$456,$865,$-2,$21,$0,$21,$0,$0,$0,$0,$-5,$21,$-54,$0,$0,$0,$0,$-5,$0,$-58,$0,$48,$0,$0,$2,$-0,$-0,$50,$13,$0,$0
18,2013-12-31,7.42,$0.00,0.0,$2.77,2.68,$-0.18,0.0,$0.18,40.63,$0.17B,$0.23B,0.74,$0.00B,$0.47B,0.0,$0.69B,$0.24B,34.73%,$0.69B,$0.07B,9.41%,$0.69B,$0.07B,9.41%,$0.69B,$0.08B,11.87%,$0.69B,$0.06B,9.12%,$0.69B,$0.05B,6.66%,$0.05B,$0.47B,10.56%,$0.05B,$0.44B,11.25%,$0.05B,$0.86B,5.99%,$0.07B,$0.47B,14.92%,$185,$130,$55,$0,$27,$178,$7,$0,$15,$5,$10,$10,$10,$7,$7,$246,251,$0.04,$0.04,$66,$6,$88,$172,$0,$15,$28,$30,$84,$857,$232,$0,$26,$158,$389,$0,$89,$0,$467,$857,$47,$77,$0,$77,$0,$0,$0,$0,$23,$177,$-177,$0,$0,$0,$0,$-9,$-4,$-190,$0,$0,$0,$0,$7,$-1,$-1,$5,$-9,$0,$0
19,2013-09-30,4.62,$0.00,0.0,$2.60,1.78,$-0.36,0.0,$0.16,29.35,$0.16B,$0.20B,0.8,$0.00B,$0.45B,0.0,$0.65B,$0.20B,30.56%,$0.65B,$0.09B,13.73%,$0.65B,$0.09B,13.73%,$0.65B,$0.11B,16.36%,$0.65B,$0.05B,8.33%,$0.65B,$0.04B,6.02%,$0.04B,$0.45B,9.31%,$0.04B,$0.42B,9.94%,$0.04B,$0.79B,5.36%,$0.09B,$0.45B,21.24%,$187,$115,$72,$0,$25,$159,$28,$0,$28,$8,$21,$20,$20,$28,$28,$245,250,$0.08,$0.08,$61,$5,$82,$160,$0,$5,$27,$30,$70,$793,$202,$0,$21,$143,$345,$0,$79,$0,$449,$793,$0,$0,$0,$0,$0,$0,$0,$0,$0,$0,$0,$0,$0,$0,$0,$0,$0,$0,$0,$0,$0,$0,$0,$0,$0,$0,$0,$0,$0
20,2013-06-30,3.89,$0.00,0.0,$2.43,1.61,$-0.36,0.0,$0.14,28.33,$0.15B,$0.19B,0.78,$0.00B,$0.42B,0.0,$0.60B,$0.18B,30.18%,$0.60B,$0.08B,13.27%,$0.60B,$0.08B,13.27%,$0.60B,$0.10B,16.09%,$0.60B,$0.05B,7.63%,$0.60B,$0.03B,5.64%,$0.03B,$0.42B,8.40%,$0.03B,$0.40B,8.98%,$0.03B,$0.74B,4.93%,$0.08B,$0.42B,19.77%,$179,$104,$75,$0,$26,$148,$31,$0,$21,$6,$16,$16,$16,$31,$31,$245,249,$0.07,$0.06,$51,$6,$77,$148,$0,$5,$26,$28,$68,$744,$189,$0,$19,$130,$320,$0,$58,$0,$424,$744,$0,$0,$0,$0,$0,$0,$0,$0,$0,$0,$0,$0,$0,$0,$0,$0,$0,$0,$0,$0,$0,$0,$0,$0,$0,$0,$0,$0,$0
21,2013-03-31,4.01,$0.00,0.0,$2.25,1.78,$-0.36,0.0,$0.12,33.39,$0.12B,$0.16B,0.79,$0.00B,$0.40B,0.0,$0.56B,$0.15B,26.75%,$0.56B,$0.07B,12.57%,$0.56B,$0.07B,12.57%,$0.56B,$0.09B,15.62%,$0.56B,$0.04B,7.00%,$0.56B,$0.03B,5.21%,$0.03B,$0.40B,7.42%,$0.03B,$0.38B,7.95%,$0.03B,$0.68B,4.44%,$0.07B,$0.40B,17.90%,$140,$102,$38,$0,$22,$140,$-1,$0,$-1,$-1,$0,$0,$0,$16,$-1,$245,249,$0.00,$0.00,$30,$5,$75,$123,$0,$5,$26,$27,$66,$678,$156,$0,$17,$120,$275,$0,$42,$0,$403,$678,$0,$17,$0,$17,$0,$0,$0,$0,$-15,$11,$-56,$0,$-0,$0,$0,$0,$-0,$-56,$0,$7,$-7,$0,$0,$-0,$0,$0,$-44,$0,$0
22,2012-12-31,4.15,$0.00,0.0,$2.14,1.94,$-0.28,0.0,$0.12,36.09,$0.16B,$0.19B,0.86,$0.00B,$0.40B,0.0,$0.53B,$0.13B,25.29%,$0.53B,$0.08B,15.59%,$0.53B,$0.08B,15.59%,$0.53B,$0.09B,17.87%,$0.53B,$0.04B,7.22%,$0.53B,$0.03B,5.32%,$0.03B,$0.40B,7.37%,$0.03B,$0.37B,7.87%,$0.03B,$0.70B,4.51%,$0.08B,$0.40B,21.59%,$142,$129,$13,$0,$-4,$111,$31,$-30,$6,$2,$4,$3,$3,$31,$31,$244,248,$0.01,$0.01,$74,$6,$72,$160,$0,$5,$27,$21,$61,$695,$185,$0,$15,$110,$295,$0,$42,$0,$400,$695,$29,$56,$0,$56,$0,$0,$0,$0,$10,$115,$-160,$0,$-5,$0,$0,$-1,$-5,$-171,$0,$0,$0,$0,$3,$-1,$1,$3,$-53,$0,$0
23,2012-09-30,4.06,$0.00,0.0,$2.00,2.04,$-0.30,0.0,$0.12,33.17,$0.16B,$0.15B,1.07,$0.00B,$0.39B,0.0,$0.49B,$0.14B,28.75%,$0.49B,$0.06B,12.11%,$0.49B,$0.06B,12.11%,$0.49B,$0.07B,14.58%,$0.49B,$0.04B,8.01%,$0.49B,$0.03B,6.16%,$0.03B,$0.39B,8.12%,$0.03B,$0.37B,8.63%,$0.03B,$0.64B,5.11%,$0.06B,$0.39B,15.98%,$142,$86,$56,$0,$23,$123,$19,$1,$20,$4,$16,$15,$15,$19,$19,$243,248,$0.06,$0.06,$84,$5,$61,$158,$0,$4,$26,$20,$57,$639,$147,$0,$14,$100,$247,$0,$38,$0,$392,$639,$0,$0,$0,$0,$0,$0,$0,$0,$0,$0,$0,$0,$0,$0,$0,$0,$0,$0,$0,$0,$0,$0,$0,$0,$0,$0,$0,$0,$0
24,2012-06-30,2.86,$0.00,0.0,$1.83,1.57,$-0.30,0.0,$0.10,29.31,$0.16B,$0.14B,1.12,$0.00B,$0.37B,0.0,$0.44B,$0.11B,25.06%,$0.44B,$0.06B,12.87%,$0.44B,$0.06B,12.87%,$0.44B,$0.07B,15.58%,$0.44B,$0.03B,6.55%,$0.44B,$0.02B,5.42%,$0.02B,$0.37B,6.70%,$0.02B,$0.34B,7.07%,$0.02B,$0.60B,4.33%,$0.06B,$0.37B,15.91%,$133,$91,$42,$0,$21,$113,$21,$1,$14,$2,$11,$11,$11,$21,$21,$243,246,$0.05,$0.05,$88,$5,$57,$157,$0,$4,$26,$19,$55,$598,$140,$0,$12,$89,$229,$0,$23,$0,$369,$598,$0,$0,$0,$0,$0,$0,$0,$0,$0,$0,$0,$0,$0,$0,$0,$0,$0,$0,$0,$0,$0,$0,$0,$0,$0,$0,$0,$0,$0
25,2012-03-31,2.85,$0.00,0.0,$1.62,1.75,$-0.30,0.0,$0.08,36.72,$0.16B,$0.11B,1.43,$0.00B,$0.36B,0.0,$0.40B,$0.09B,23.54%,$0.40B,$0.05B,12.41%,$0.40B,$0.05B,12.41%,$0.40B,$0.06B,15.44%,$0.40B,$0.02B,5.82%,$0.40B,$0.02B,4.81%,$0.02B,$0.36B,5.44%,$0.02B,$0.34B,5.70%,$0.02B,$0.55B,3.62%,$0.05B,$0.36B,14.02%,$109,$87,$22,$0,$11,$99,$11,$-6,$-2,$-0,$-1,$-1,$-1,$23,$11,$243,243,$-0.01,$-0.01,$100,$4,$51,$162,$0,$0,$18,$17,$41,$552,$114,$0,$10,$81,$195,$0,$12,$0,$358,$552,$-1,$12,$0,$12,$0,$0,$0,$0,$1,$16,$-40,$0,$-1,$0,$0,$0,$-2,$-43,$0,$0,$0,$0,$0,$0,$-0,$0,$-26,$0,$0
26,2011-12-31,3.46,$0.00,0.0,$1.48,2.34,$-0.20,0.0,$0.07,47.68,$0.19B,$0.13B,1.48,$0.00B,$0.36B,0.0,$0.35B,$0.08B,23.08%,$0.35B,$0.04B,11.40%,$0.35B,$0.04B,11.40%,$0.35B,$0.04B,11.40%,$0.35B,$0.02B,6.55%,$0.35B,$0.02B,5.13%,$0.02B,$0.36B,5.28%,$0.02B,$0.34B,5.53%,$0.02B,$0.56B,3.60%,$0.04B,$0.36B,11.68%,$103,$83,$20,$0,$12,$96,$8,$-7,$7,$2,$5,$5,$5,$8,$8,$241,241,$0.02,$0.02,$124,$5,$51,$187,$0,$0,$18,$16,$41,$560,$126,$0,$10,$76,$202,$0,$14,$0,$358,$560,$19,$38,$0,$38,$0,$0,$0,$0,$6,$74,$-122,$0,$-9,$0,$0,$16,$-1,$-117,$0,$0,$0,$0,$1,$0,$-0,$1,$-44,$0,$0
27,2011-09-30,3.33,$0.00,0.0,$1.33,2.51,$0.04,75.4,$0.08,44.43,$0.19B,$0.09B,2.07,$0.00B,$0.35B,0.0,$0.32B,$0.08B,24.29%,$0.32B,$0.04B,12.62%,$0.32B,$0.04B,12.62%,$0.32B,$0.04B,12.62%,$0.32B,$0.02B,7.26%,$0.32B,$0.02B,5.68%,$0.02B,$0.35B,5.43%,$0.02B,$0.33B,5.68%,$0.02B,$0.51B,3.79%,$0.04B,$0.35B,11.99%,$98,$71,$27,$0,$10,$81,$17,$-7,$10,$1,$9,$9,$9,$17,$17,$243,243,$0.04,$0.04,$137,$4,$42,$188,$0,$0,$15,$16,$36,$508,$91,$0,$9,$69,$160,$0,$9,$0,$348,$508,$0,$0,$0,$0,$0,$0,$0,$0,$0,$0,$0,$0,$0,$0,$0,$0,$0,$0,$0,$0,$0,$0,$0,$0,$0,$0,$0,$0,$0
28,2011-06-30,4.33,$0.00,0.0,$1.23,3.53,$0.04,98.03,$0.09,48.15,$0.20B,$0.08B,2.38,$0.00B,$0.33B,0.0,$0.30B,$0.08B,26.78%,$0.30B,$0.04B,14.92%,$0.30B,$0.04B,14.92%,$0.30B,$0.04B,14.92%,$0.30B,$0.03B,10.17%,$0.30B,$0.02B,7.46%,$0.02B,$0.33B,6.82%,$0.02B,$0.32B,7.11%,$0.02B,$0.48B,4.83%,$0.04B,$0.33B,13.56%,$85,$61,$24,$0,$10,$71,$13,$-6,$8,$1,$6,$6,$6,$13,$13,$249,249,$0.03,$0.03,$151,$3,$37,$196,$0,$0,$15,$14,$34,$479,$82,$0,$8,$62,$144,$0,$-1,$0,$334,$479,$0,$0,$0,$0,$0,$0,$0,$0,$0,$0,$0,$0,$0,$0,$0,$0,$0,$0,$0,$0,$0,$0,$0,$0,$0,$0,$0,$0,$0
29,2011-03-31,4.25,$0.00,0.0,$1.15,3.69,$0.04,96.05,$0.09,47.17,$0.19B,$0.08B,2.6,$0.01B,$0.32B,0.02,$0.28B,$0.08B,28.73%,$0.28B,$0.05B,17.82%,$0.28B,$0.05B,17.82%,$0.28B,$0.05B,17.82%,$0.28B,$0.04B,13.82%,$0.28B,$0.03B,10.18%,$0.03B,$0.32B,8.94%,$0.03B,$0.31B,9.28%,$0.03B,$0.45B,6.42%,$0.05B,$0.33B,15.46%,$65,$55,$10,$0,$8,$63,$2,$-4,$-2,$-0,$-2,$-2,$-2,$2,$2,$213,213,$-0.01,$-0.01,$154,$3,$33,$194,$0,$0,$15,$13,$32,$453,$75,$8,$0,$56,$130,$0,$-7,$0,$323,$453,$0,$0,$0,$0,$0,$0,$0,$0,$0,$0,$0,$0,$0,$0,$0,$0,$0,$0,$0,$0,$0,$0,$0,$0,$0,$0,$0,$0,$0
30,2010-12-31,5.3,$0.00,0.0,$1.12,4.73,$0.04,119.95,$0.11,48.2,$0.21B,$0.09B,2.46,$0.00B,$0.32B,0.0,$0.26B,$0.08B,30.38%,$0.26B,$0.05B,19.62%,$0.26B,$0.05B,19.62%,$0.26B,$0.05B,19.62%,$0.26B,$0.04B,16.15%,$0.26B,$0.03B,12.31%,$0.03B,$0.32B,11.94%,$0.03B,$0.31B,12.36%,$0.03B,$0.46B,8.39%,$0.05B,$0.32B,18.73%,$69,$52,$16,$0,$8,$61,$8,$-1,$7,$1,$6,$5,$5,$8,$8,$241,247,$0.02,$0.02,$176,$3,$32,$214,$0,$0,$15,$12,$31,$461,$87,$0,$7,$52,$139,$0,$-5,$0,$322,$461,$34,$26,$0,$26,$0,$0,$0,$0,$-3,$71,$-60,$0,$-1,$0,$0,$-15,$-1,$-78,$0,$0,$-21,$0,$154,$0,$-5,$128,$120,$0,$0
