,Date,Stock Price,Book Value per Share,Price to Book Ratio,TTM Sales per Share,Price to Sales Ratio,TTM FCF per Share,Price to FCF Ratio,TTM Net EPS,PE Ratio,Current Assets,Current Liabilities,Current Ratio,Long Term Debt,Shareholder's Equity_x,Debt to Equity Ratio,TTM Revenue_x,TTM Gross Profit,Gross Margin,TTM Revenue_y,TTM Operating Income,Operating Margin,TTM Revenue_x,TTM EBIT,EBIT Margin,TTM Revenue_y,TTM EBITDA,EBITDA Margin,TTM Revenue_x,TTM Pre-Tax Income,Pre-Tax Margin,TTM Revenue_y,TTM Net Income_x,Net Margin,TTM Net Income_y,Shareholder's Equity_y,Return on Equity,TTM Net Income_x,Tangible Equity,Return on Tangible Equity,TTM Net Income_y,Total Assets,Return on Assets,TTM Net Income,LT Investments & Debt,Return on Investment,revenue,cost-goods-sold,gross-profit,research-development-expenses,selling-general-administrative-expenses,operating-expenses,operating-income,total-non-operating-income-expense,pre-tax-income,total-provision-income-taxes,income-after-taxes,income-from-continuous-operations,net-income,ebitda,ebit,basic-shares-outstanding,shares-outstanding,eps-basic-net-earnings-per-share,eps-earnings-per-share-diluted,cash-on-hand,inventory,other-current-assets,total-current-assets,net-property-plant-equipment,long-term-investments,goodwill-intangible-assets-total,other-long-term-assets,total-long-term-assets,total-assets,total-current-liabilities,long-term-debt,other-non-current-liabilities,total-long-term-liabilities,total-liabilities,common-stock-net,retained-earnings-accumulated-deficit,comprehensive-income,total-share-holder-equity,total-liabilities-share-holders-equity,net-income-loss,total-depreciation-amortization-cash-flow,other-non-cash-items,total-non-cash-items,change-in-accounts-receivable,change-in-inventories,change-in-accounts-payable,change-in-assets-liabilities,total-change-in-assets-liabilities,cash-flow-from-operating-activities,net-change-in-property-plant-equipment,net-change-in-intangible-assets,net-acquisitions-divestitures,net-change-in-short-term-investments,net-change-in-long-term-investments,net-change-in-investments-total,investing-activities-other,cash-flow-from-investing-activities,net-long-term-debt,net-current-debt,debt-issuance-retirement-net-total,net-common-equity-issued-repurchased,net-total-equity-issued-repurchased,total-common-preferred-stock-dividends-paid,financial-activities-other,cash-flow-from-financial-activities,net-cash-flow,stock-based-compensation,common-stock-dividends-paid
0,2018-09-30,58.05,$37.14,1.56,$17.36,3.34,$14.33,4.05,$2.06,28.18,$10.10B,$9.73B,1.04,$0.28B,$1.28B,0.22,$0.55B,$0.50B,91.45%,$0.55B,$0.14B,26.18%,$0.55B,0,0.00%,$0.55B,0,0.00%,$0.55B,$0.14B,25.64%,$0.55B,$0.10B,18.00%,$0.10B,$1.28B,8.65%,$0.10B,$0.84B,12.73%,$0.10B,$11.34B,0.93%,$0.14B,$1.56B,10.15%,$155,$14,$140,$0,$95,$112,$43,$0,$43,$9,$34,$34,$34,$0,$0,$34,35,$0.98,$0.97,$2717,$0,$0,$10099,$194,$267,$442,$334,$1236,$11335,$9727,$278,$0,$328,$10055,$34,$554,$-50,$1280,$11335,$85,$42,$15,$57,$24,$0,$1,$2,$27,$167,$-11,$0,$212,$-3,$-43,$-47,$-13,$142,$-26,$-194,$-220,$0,$0,$-13,$164,$-68,$241,$4,$-13
1,2018-06-30,54.72,$36.46,1.5,$17.04,3.21,$13.99,3.91,$2.78,19.68,$7.87B,$9.79B,0.8,$0.26B,$1.26B,0.21,$0.52B,$0.48B,92.10%,$0.52B,$0.13B,25.24%,$0.52B,0,0.00%,$0.52B,0,0.00%,$0.52B,$0.13B,24.66%,$0.52B,$0.09B,16.76%,$0.09B,$1.26B,8.13%,$0.09B,$0.81B,11.68%,$0.09B,$11.30B,0.85%,$0.13B,$1.51B,9.70%,$141,$12,$129,$0,$91,$106,$35,$0,$35,$7,$28,$28,$28,$0,$0,$33,33,$0.85,$0.85,$395,$0,$0,$7867,$196,$2468,$444,$327,$3435,$11302,$9787,$259,$0,$259,$10046,$34,$525,$-45,$1256,$11302,$51,$27,$10,$37,$20,$0,$-0,$2,$22,$94,$-9,$0,$212,$-3,$39,$36,$-84,$155,$-45,$-95,$-139,$0,$0,$-8,$91,$-56,$192,$3,$-8
2,2018-03-31,52.8,$33.85,1.56,$16.73,3.16,$13.93,3.79,$2.74,19.27,$6.98B,$8.73B,0.8,$0.28B,$1.05B,0.26,$0.49B,$0.45B,92.39%,$0.49B,$0.13B,25.93%,$0.49B,0,0.00%,$0.49B,0,0.00%,$0.49B,$0.12B,25.31%,$0.49B,$0.08B,16.67%,$0.08B,$1.05B,8.46%,$0.08B,$0.74B,11.53%,$0.08B,$10.06B,0.86%,$0.13B,$1.33B,10.13%,$126,$10,$116,$0,$83,$95,$31,$-3,$28,$5,$23,$23,$23,$0,$0,$30,31,$0.76,$0.76,$273,$0,$0,$6984,$171,$2300,$311,$288,$3071,$10056,$8728,$276,$0,$276,$9004,$31,$501,$-39,$1052,$10056,$23,$13,$4,$17,$23,$0,$1,$0,$25,$59,$-2,$0,$6,$-1,$215,$214,$-32,$186,$-15,$-193,$-208,$-0,$-0,$-4,$37,$-175,$70,$2,$-4
3,2017-12-31,53.27,$33.10,1.61,$16.62,3.2,$13.20,4.04,$2.66,20.03,$8.80B,$8.53B,1.03,$0.29B,$0.99B,0.29,$0.47B,$0.43B,92.70%,$0.47B,$0.12B,25.54%,$0.47B,0,0.00%,$0.47B,0,0.00%,$0.47B,$0.12B,25.54%,$0.47B,$0.08B,16.31%,$0.08B,$0.99B,8.54%,$0.08B,$0.72B,11.32%,$0.08B,$9.81B,0.84%,$0.12B,$1.28B,10.11%,$128,$9,$118,$0,$81,$92,$35,$0,$35,$22,$14,$14,$14,$0,$0,$28,28,$0.44,$0.44,$2423,$0,$0,$8803,$172,$276,$272,$288,$1008,$9811,$8534,$285,$0,$285,$8819,$30,$481,$-24,$991,$9811,$75,$57,$21,$78,$16,$0,$0,$1,$17,$156,$-3,$6,$71,$-1,$-77,$-78,$31,$27,$-23,$-16,$-40,$0,$0,$-15,$-92,$-146,$37,$4,$-15
4,2017-09-30,48.88,$32.78,1.49,$16.45,2.97,$13.42,3.64,$2.95,16.57,$6.63B,$8.47B,0.78,$0.30B,$0.98B,0.31,$0.45B,$0.41B,93.03%,$0.45B,$0.11B,25.17%,$0.45B,0,0.00%,$0.45B,0,0.00%,$0.45B,$0.11B,25.17%,$0.45B,$0.08B,18.20%,$0.08B,$0.98B,9.79%,$0.08B,$0.71B,12.68%,$0.08B,$9.76B,0.94%,$0.11B,$1.28B,10.04%,$124,$9,$115,$0,$83,$94,$30,$0,$30,$9,$22,$22,$22,$0,$0,$30,30,$0.73,$0.72,$272,$0,$0,$6626,$175,$2373,$274,$309,$3130,$9756,$8472,$301,$0,$301,$8774,$30,$469,$-21,$982,$9756,$62,$43,$5,$48,$24,$0,$1,$1,$26,$130,$-5,$5,$71,$-1,$36,$35,$51,$157,$-9,$-169,$-178,$0,$0,$-9,$-7,$-193,$93,$4,$-9
5,2017-06-30,46.49,$30.19,1.54,$16.72,2.78,$12.82,3.63,$3.04,15.29,$5.53B,$7.12B,0.78,$0.28B,$0.81B,0.35,$0.43B,$0.40B,93.04%,$0.43B,$0.11B,25.52%,$0.43B,0,0.00%,$0.43B,0,0.00%,$0.43B,$0.11B,25.52%,$0.43B,$0.08B,18.33%,$0.08B,$0.81B,10.42%,$0.08B,$0.64B,13.16%,$0.08B,$8.21B,0.96%,$0.11B,$1.09B,10.53%,$108,$7,$100,$0,$69,$78,$30,$0,$30,$8,$22,$22,$22,$0,$0,$27,27,$0.82,$0.81,$212,$0,$0,$5532,$162,$2070,$164,$276,$2673,$8205,$7118,$281,$0,$281,$7399,$27,$450,$-24,$806,$8205,$40,$29,$0,$29,$14,$0,$-0,$1,$15,$72,$-4,$0,$34,$-1,$86,$85,$116,$230,$-8,$-167,$-175,$0,$0,$-6,$-99,$-279,$23,$3,$-6
6,2017-03-31,49.18,$29.29,1.68,$17.23,2.85,$12.09,4.07,$3.07,16.02,$5.57B,$7.30B,0.76,$0.28B,$0.78B,0.36,$0.44B,$0.41B,93.10%,$0.44B,$0.11B,25.52%,$0.44B,0,0.00%,$0.44B,0,0.00%,$0.44B,$0.11B,25.52%,$0.44B,$0.08B,17.93%,$0.08B,$0.78B,10.71%,$0.08B,$0.62B,13.60%,$0.08B,$8.36B,0.95%,$0.11B,$1.06B,10.89%,$106,$8,$99,$0,$74,$83,$24,$0,$24,$6,$18,$18,$18,$0,$0,$26,27,$0.68,$0.68,$215,$0,$0,$5570,$164,$2176,$166,$286,$2792,$8362,$7298,$282,$0,$282,$7581,$27,$431,$-29,$781,$8362,$18,$14,$2,$16,$12,$0,$1,$0,$13,$34,$-4,$0,$34,$-1,$-30,$-31,$82,$80,$-6,$-151,$-158,$0,$0,$-3,$61,$-100,$14,$2,$-3
7,2016-12-31,47.15,$28.37,1.66,$17.80,2.65,$11.93,3.95,$3.21,14.69,$5.52B,$7.22B,0.77,$0.29B,$0.74B,0.39,$0.44B,$0.41B,92.94%,$0.44B,$0.12B,26.65%,$0.44B,0,0.00%,$0.44B,0,0.00%,$0.44B,$0.12B,26.65%,$0.44B,$0.08B,18.22%,$0.08B,$0.74B,11.42%,$0.08B,$0.59B,14.83%,$0.08B,$8.25B,0.97%,$0.12B,$1.03B,11.85%,$107,$8,$100,$0,$71,$80,$28,$0,$28,$8,$19,$19,$19,$0,$0,$25,25,$0.75,$0.75,$161,$0,$0,$5519,$164,$2131,$150,$282,$2728,$8247,$7218,$289,$0,$289,$7506,$26,$416,$-31,$741,$8247,$80,$63,$-0,$63,$13,$0,$-1,$0,$12,$149,$-9,$0,$8,$-2,$-217,$-219,$227,$7,$18,$-23,$-5,$50,$-31,$-13,$-207,$-255,$-100,$3,$-13
8,2016-09-30,35.28,$28.54,1.24,$18.01,1.96,$10.89,3.24,$3.14,11.23,$5.67B,$7.20B,0.79,$0.29B,$0.70B,0.42,$0.43B,$0.40B,92.51%,$0.43B,$0.11B,25.29%,$0.43B,0,0.00%,$0.43B,0,0.00%,$0.43B,$0.11B,25.29%,$0.43B,$0.08B,17.56%,$0.08B,$0.70B,11.01%,$0.08B,$0.55B,14.21%,$0.08B,$8.20B,0.93%,$0.11B,$1.00B,11.24%,$110,$8,$102,$0,$72,$82,$28,$0,$28,$8,$20,$20,$20,$0,$0,$25,25,$0.82,$0.81,$204,$0,$0,$5667,$162,$1943,$152,$279,$2536,$8202,$7203,$294,$0,$294,$7498,$25,$402,$-3,$704,$8202,$61,$47,$-5,$42,$-5,$0,$0,$-0,$-4,$97,$-8,$0,$8,$-2,$28,$26,$142,$169,$24,$-116,$-91,$-0,$-82,$-8,$-141,$-322,$-57,$3,$-8
9,2016-06-30,34.42,$28.03,1.23,$18.00,1.91,$9.69,3.55,$3.02,11.4,$5.75B,$7.22B,0.8,$0.30B,$0.68B,0.43,$0.41B,$0.38B,92.42%,$0.41B,$0.10B,24.45%,$0.41B,0,0.00%,$0.41B,0,0.00%,$0.41B,$0.10B,24.45%,$0.41B,$0.07B,16.87%,$0.07B,$0.69B,10.57%,$0.07B,$0.54B,13.51%,$0.07B,$8.20B,0.89%,$0.10B,$0.99B,10.70%,$112,$8,$104,$0,$72,$81,$31,$0,$31,$10,$21,$21,$21,$0,$0,$25,25,$0.85,$0.84,$232,$0,$0,$5745,$165,$1860,$153,$282,$2459,$8204,$7220,$297,$0,$297,$7516,$25,$384,$1,$688,$8204,$41,$31,$-6,$25,$-6,$0,$-0,$1,$-6,$52,$-7,$0,$8,$-2,$123,$121,$101,$224,$26,$-26,$-0,$-1,$-82,$-5,$-216,$-304,$-29,$2,$-5
10,2016-03-31,29.94,$27.31,1.1,$18.11,1.65,$8.15,3.68,$2.90,10.32,$5.67B,$7.32B,0.77,$0.27B,$0.67B,0.4,$0.39B,$0.36B,92.11%,$0.39B,$0.09B,22.39%,$0.39B,0,0.00%,$0.39B,0,0.00%,$0.39B,$0.09B,22.39%,$0.39B,$0.06B,16.03%,$0.06B,$0.67B,10.07%,$0.06B,$0.48B,12.68%,$0.06B,$8.25B,0.86%,$0.09B,$0.94B,9.70%,$110,$8,$102,$0,$70,$80,$30,$0,$30,$10,$20,$20,$20,$0,$0,$24,24,$0.84,$0.82,$136,$0,$0,$5665,$161,$1984,$189,$254,$2588,$8254,$7318,$266,$0,$266,$7584,$25,$366,$2,$670,$8254,$20,$16,$-2,$14,$-1,$0,$1,$1,$0,$24,$-1,$0,$8,$-0,$-14,$-14,$81,$74,$-6,$-4,$-9,$-1,$-82,$-3,$-130,$-224,$-126,$1,$-3
11,2015-12-31,30.39,$29.56,1.03,$18.11,1.68,$6.14,4.95,$2.84,10.7,$5.29B,$6.77B,0.78,$0.26B,$0.58B,0.45,$0.38B,$0.35B,91.51%,$0.38B,$0.08B,21.49%,$0.38B,0,0.00%,$0.38B,0,0.00%,$0.38B,$0.08B,21.49%,$0.38B,$0.06B,15.65%,$0.06B,$0.66B,9.83%,$0.06B,$0.54B,11.92%,$0.06B,$7.70B,0.85%,$0.08B,$0.93B,8.94%,$95,$7,$87,$0,$67,$76,$19,$0,$19,$4,$15,$15,$14,$0,$0,$21,21,$0.67,$0.66,$261,$0,$0,$5289,$146,$1879,$120,$261,$2406,$7695,$6768,$263,$0,$263,$7032,$22,$349,$-6,$663,$7695,$60,$52,$-2,$51,$-4,$0,$-1,$-3,$-8,$102,$-7,$0,$42,$-10,$93,$83,$-187,$-69,$-145,$-62,$-206,$1,$1,$-10,$368,$152,$185,$3,$-10
12,2015-09-30,35.07,$28.64,1.22,$17.95,1.95,$5.55,6.32,$2.81,12.48,$4.79B,$5.91B,0.81,$0.30B,$0.51B,0.59,$0.36B,$0.33B,90.93%,$0.36B,$0.08B,21.70%,$0.36B,0,0.00%,$0.36B,0,0.00%,$0.36B,$0.08B,21.70%,$0.36B,$0.06B,15.66%,$0.06B,$0.59B,10.21%,$0.06B,$0.49B,12.23%,$0.06B,$6.81B,0.87%,$0.08B,$0.89B,8.80%,$92,$8,$85,$0,$64,$73,$20,$0,$20,$5,$15,$15,$14,$0,$0,$21,21,$0.70,$0.69,$93,$0,$0,$4791,$144,$1563,$106,$202,$2014,$6806,$5913,$302,$0,$302,$6215,$21,$337,$2,$591,$6806,$45,$38,$-6,$32,$-31,$0,$-0,$-0,$-31,$54,$-4,$0,$-7,$-7,$242,$235,$-220,$4,$-179,$-20,$-199,$-1,$-1,$-7,$166,$-40,$17,$3,$-7
13,2015-06-30,35.88,$28.10,1.28,$17.84,2.01,$4.42,8.11,$2.75,13.05,$4.63B,$5.84B,0.79,$0.30B,$0.50B,0.6,$0.35B,$0.32B,90.08%,$0.35B,$0.07B,20.96%,$0.35B,0,0.00%,$0.35B,0,0.00%,$0.35B,$0.07B,20.96%,$0.35B,$0.06B,15.58%,$0.06B,$0.58B,10.35%,$0.06B,$0.48B,12.27%,$0.06B,$6.72B,0.87%,$0.07B,$0.88B,8.42%,$96,$8,$88,$0,$68,$77,$19,$0,$19,$4,$15,$15,$15,$0,$0,$21,21,$0.73,$0.72,$122,$0,$0,$4632,$143,$1619,$99,$223,$2085,$6717,$5841,$297,$0,$297,$6138,$21,$325,$3,$579,$6717,$31,$26,$-4,$21,$-33,$0,$-1,$1,$-33,$9,$-4,$0,$7,$-9,$94,$85,$-180,$-91,$-105,$123,$17,$-1,$-1,$-5,$116,$128,$46,$2,$-5
14,2015-03-31,31.36,$27.56,1.14,$17.54,1.79,$4.36,7.19,$2.59,12.11,$4.42B,$5.58B,0.79,$0.36B,$0.49B,0.74,$0.34B,$0.30B,89.35%,$0.34B,$0.07B,20.71%,$0.34B,0,0.00%,$0.34B,0,0.00%,$0.34B,$0.07B,20.71%,$0.34B,$0.05B,15.09%,$0.05B,$0.57B,10.11%,$0.05B,$0.47B,11.88%,$0.05B,$6.51B,0.84%,$0.07B,$0.93B,8.14%,$94,$9,$85,$0,$61,$70,$23,$0,$23,$8,$16,$16,$16,$0,$0,$20,20,$0.77,$0.76,$114,$0,$0,$4422,$145,$1656,$95,$188,$2084,$6506,$5578,$361,$0,$361,$5939,$21,$312,$5,$567,$6506,$16,$13,$-4,$9,$-31,$0,$1,$-1,$-31,$-18,$-3,$0,$7,$-2,$100,$98,$28,$130,$-40,$-96,$-136,$-1,$-1,$-2,$65,$-74,$38,$1,$-2
15,2014-12-31,25.96,$26.81,0.97,$17.03,1.52,$5.86,4.43,$2.19,11.85,$3.98B,$5.16B,0.77,$0.40B,$0.42B,0.95,$0.32B,$0.28B,88.75%,$0.32B,$0.06B,17.50%,$0.32B,0,0.00%,$0.32B,0,0.00%,$0.32B,$0.06B,17.50%,$0.32B,$0.04B,13.13%,$0.04B,$0.50B,8.81%,$0.04B,$0.43B,10.28%,$0.04B,$6.05B,0.71%,$0.06B,$0.89B,6.78%,$82,$8,$73,$0,$56,$65,$17,$0,$17,$4,$12,$12,$12,$0,$0,$18,19,$0.66,$0.64,$76,$0,$0,$3984,$131,$1707,$70,$161,$2068,$6052,$5160,$396,$0,$396,$5555,$19,$299,$2,$496,$6052,$42,$44,$11,$55,$-24,$2,$-1,$-1,$-25,$80,$-6,$0,$0,$-12,$206,$194,$-381,$-194,$198,$-78,$120,$1,$1,$-8,$-51,$62,$-51,$3,$-8
16,2014-09-30,22.78,$26.16,0.87,$17.01,1.34,$9.07,2.51,$1.97,11.57,$3.92B,$5.12B,0.77,$0.34B,$0.40B,0.83,$0.31B,$0.28B,88.22%,$0.31B,$0.05B,14.97%,$0.31B,0,0.00%,$0.31B,0,0.00%,$0.31B,$0.05B,14.97%,$0.31B,$0.04B,12.10%,$0.04B,$0.48B,8.21%,$0.04B,$0.41B,9.63%,$0.04B,$5.94B,0.65%,$0.05B,$0.82B,5.87%,$81,$9,$72,$0,$57,$66,$15,$0,$15,$3,$12,$12,$12,$0,$0,$18,19,$0.64,$0.63,$70,$0,$0,$3924,$132,$1646,$69,$164,$2011,$5935,$5117,$335,$0,$335,$5451,$18,$289,$0,$483,$5935,$30,$32,$7,$39,$-47,$2,$-1,$-0,$-47,$29,$-6,$0,$0,$-8,$252,$244,$-303,$-65,$-16,$-60,$-76,$0,$0,$-6,$60,$-22,$-57,$3,$-6
17,2014-06-30,23.5,$25.58,0.92,$16.70,1.41,$12.90,1.82,$1.72,13.66,$3.85B,$5.11B,0.75,$0.33B,$0.39B,0.84,$0.30B,$0.27B,87.75%,$0.30B,$0.04B,13.25%,$0.30B,0,0.00%,$0.30B,0,0.00%,$0.30B,$0.04B,13.25%,$0.30B,$0.03B,10.93%,$0.03B,$0.47B,7.48%,$0.03B,$0.40B,8.76%,$0.03B,$5.91B,0.59%,$0.04B,$0.80B,5.16%,$81,$8,$72,$0,$57,$66,$15,$0,$15,$4,$11,$11,$11,$0,$0,$18,19,$0.57,$0.56,$106,$0,$0,$3851,$133,$1691,$68,$170,$2063,$5914,$5112,$330,$0,$330,$5441,$18,$279,$0,$472,$5914,$18,$21,$7,$28,$-40,$2,$-1,$-1,$-40,$8,$-4,$0,$0,$-6,$220,$214,$-202,$8,$-20,$12,$-9,$-0,$-0,$-4,$-25,$-38,$-23,$2,$-4
18,2014-03-31,25.54,$24.78,1.03,$16.52,1.55,$15.01,1.7,$1.70,15.02,$3.69B,$4.96B,0.75,$0.34B,$0.38B,0.89,$0.29B,$0.26B,87.33%,$0.29B,$0.04B,13.01%,$0.29B,0,0.00%,$0.29B,0,0.00%,$0.29B,$0.04B,13.01%,$0.29B,$0.03B,10.62%,$0.03B,$0.46B,7.35%,$0.03B,$0.39B,8.58%,$0.03B,$5.75B,0.58%,$0.04B,$0.79B,5.01%,$76,$9,$67,$0,$58,$68,$9,$0,$9,$2,$7,$7,$7,$0,$0,$18,19,$0.36,$0.36,$92,$0,$0,$3692,$135,$1677,$68,$175,$2056,$5747,$4955,$335,$0,$335,$5290,$18,$270,$-5,$457,$5747,$7,$11,$7,$18,$-6,$0,$-1,$-0,$-7,$11,$-3,$0,$0,$-1,$217,$216,$-88,$125,$-101,$-67,$-168,$-0,$-0,$-2,$-3,$-173,$-37,$1,$-2
19,2013-12-31,27.13,$23.89,1.14,$16.74,1.62,$15.10,1.8,$2.04,13.3,$3.64B,$5.13B,0.71,$0.35B,$0.36B,0.98,$0.29B,$0.25B,87.24%,$0.29B,$0.05B,16.21%,$0.29B,0,0.00%,$0.29B,0,0.00%,$0.29B,$0.05B,16.21%,$0.29B,$0.04B,12.41%,$0.04B,$0.44B,8.75%,$0.04B,$0.37B,10.15%,$0.04B,$5.92B,0.70%,$0.05B,$0.79B,6.29%,$76,$9,$66,$0,$58,$68,$8,$0,$8,$0,$8,$8,$8,$0,$0,$17,17,$0.42,$0.42,$130,$0,$0,$3638,$136,$1893,$69,$188,$2286,$5924,$5134,$350,$0,$350,$5484,$18,$265,$-17,$439,$5924,$37,$47,$-3,$44,$50,$-1,$-1,$8,$56,$136,$-10,$0,$50,$-11,$-85,$-95,$-268,$-324,$-62,$114,$53,$2,$2,$-8,$99,$146,$-43,$2,$-8
20,2013-09-30,26.16,$23.40,1.12,$16.87,1.55,$9.67,2.7,$2.12,12.34,$3.10B,$4.19B,0.74,$0.32B,$0.32B,1.02,$0.29B,$0.25B,87.20%,$0.29B,$0.05B,15.92%,$0.29B,0,0.00%,$0.29B,0,0.00%,$0.29B,$0.05B,15.92%,$0.29B,$0.04B,12.80%,$0.04B,$0.40B,9.19%,$0.04B,$0.34B,10.55%,$0.04B,$4.91B,0.75%,$0.05B,$0.72B,6.14%,$69,$9,$60,$0,$52,$60,$8,$0,$8,$1,$7,$7,$7,$0,$0,$17,17,$0.39,$0.38,$170,$0,$0,$3097,$129,$1445,$54,$187,$1815,$4913,$4194,$323,$0,$323,$4516,$17,$259,$-14,$397,$4913,$29,$35,$-6,$29,$35,$-1,$-1,$9,$42,$96,$-8,$0,$0,$-8,$-0,$-9,$-86,$-103,$-66,$-1,$-67,$1,$1,$-6,$77,$4,$-3,$2,$-6
21,2013-06-30,25.72,$23.33,1.1,$17.43,1.48,$4.75,5.41,$2.49,10.33,$3.01B,$4.23B,0.71,$0.34B,$0.31B,1.07,$0.30B,$0.26B,87.50%,$0.30B,$0.06B,19.59%,$0.30B,0,0.00%,$0.30B,0,0.00%,$0.30B,$0.06B,19.59%,$0.30B,$0.04B,14.53%,$0.04B,$0.40B,10.69%,$0.04B,$0.34B,12.17%,$0.04B,$4.96B,0.88%,$0.06B,$0.73B,7.61%,$71,$9,$62,$0,$49,$58,$13,$0,$13,$4,$10,$10,$9,$0,$0,$17,17,$0.55,$0.54,$117,$0,$0,$3006,$130,$1578,$53,$193,$1954,$4960,$4228,$336,$0,$336,$4565,$17,$254,$-10,$395,$4960,$22,$24,$-7,$16,$7,$-1,$0,$8,$14,$46,$-7,$0,$0,$-4,$-127,$-132,$-15,$-153,$-53,$115,$62,$1,$1,$-4,$-7,$51,$-56,$2,$-4
22,2013-03-31,23.55,$24.54,0.96,$17.80,1.32,$3.09,7.62,$2.72,8.66,$2.93B,$4.15B,0.71,$0.34B,$0.33B,1.01,$0.30B,$0.26B,87.33%,$0.30B,$0.07B,22.00%,$0.30B,0,0.00%,$0.30B,0,0.00%,$0.30B,$0.07B,22.00%,$0.30B,$0.05B,15.67%,$0.05B,$0.41B,11.83%,$0.05B,$0.36B,13.37%,$0.05B,$4.90B,0.99%,$0.07B,$0.75B,8.60%,$74,$9,$65,$0,$47,$56,$18,$0,$18,$5,$13,$13,$12,$0,$0,$17,17,$0.72,$0.70,$79,$0,$0,$2930,$128,$1580,$51,$212,$1971,$4901,$4150,$337,$0,$337,$4487,$17,$247,$14,$414,$4901,$13,$12,$-5,$7,$5,$-0,$-0,$-0,$4,$12,$-3,$0,$0,$-4,$-49,$-53,$29,$-27,$-52,$-22,$-74,$1,$1,$-2,$-3,$-79,$-93,$1,$-2
23,2012-12-31,24.27,$24.04,1.01,$17.80,1.36,$0.66,36.57,$2.73,8.89,$3.06B,$4.20B,0.73,$0.39B,$0.32B,1.21,$0.30B,$0.26B,86.91%,$0.30B,$0.07B,22.48%,$0.30B,0,0.00%,$0.30B,0,0.00%,$0.30B,$0.07B,22.48%,$0.30B,$0.05B,15.77%,$0.05B,$0.41B,12.20%,$0.05B,$0.36B,13.72%,$0.05B,$4.99B,1.03%,$0.07B,$0.79B,8.75%,$75,$10,$65,$0,$58,$68,$7,$0,$7,$-2,$9,$9,$9,$0,$0,$17,17,$0.53,$0.54,$168,$0,$0,$3055,$128,$1562,$49,$197,$1936,$4991,$4197,$389,$0,$389,$4586,$17,$236,$17,$405,$4991,$50,$37,$-6,$31,$-44,$-0,$-1,$3,$-42,$49,$-19,$0,$62,$-1,$-206,$-207,$-185,$-350,$5,$-45,$-41,$7,$7,$-12,$385,$339,$38,$2,$-12
24,2012-09-30,25.12,$23.92,1.05,$17.37,1.45,$2.04,12.34,$2.54,9.89,$2.91B,$3.82B,0.76,$0.38B,$0.31B,1.21,$0.29B,$0.25B,86.21%,$0.29B,$0.07B,23.45%,$0.29B,0,0.00%,$0.29B,0,0.00%,$0.29B,$0.07B,23.45%,$0.29B,$0.04B,14.83%,$0.04B,$0.40B,11.55%,$0.04B,$0.35B,12.94%,$0.04B,$4.59B,0.98%,$0.07B,$0.77B,9.08%,$76,$10,$67,$0,$47,$56,$20,$0,$20,$6,$14,$14,$13,$0,$0,$16,17,$0.77,$0.75,$191,$0,$0,$2907,$120,$1332,$42,$192,$1686,$4593,$3821,$378,$0,$378,$4198,$17,$231,$20,$395,$4593,$40,$26,$-8,$18,$-48,$0,$-1,$3,$-46,$16,$-14,$0,$42,$0,$-40,$-40,$-155,$-167,$5,$-25,$-20,$-0,$-0,$-8,$240,$212,$61,$2,$-8
25,2012-06-30,22.02,$22.77,0.97,$16.48,1.34,$6.05,3.64,$1.99,11.07,$2.75B,$3.68B,0.75,$0.38B,$0.29B,1.29,$0.28B,$0.23B,84.36%,$0.28B,$0.06B,21.09%,$0.28B,0,0.00%,$0.28B,0,0.00%,$0.28B,$0.06B,21.09%,$0.28B,$0.03B,12.00%,$0.03B,$0.38B,9.12%,$0.03B,$0.34B,10.22%,$0.03B,$4.43B,0.77%,$0.06B,$0.75B,7.86%,$75,$10,$65,$0,$44,$54,$21,$0,$21,$7,$14,$14,$13,$0,$0,$16,17,$0.79,$0.77,$83,$0,$0,$2754,$115,$1331,$40,$188,$1673,$4428,$3675,$378,$0,$378,$4053,$17,$220,$12,$375,$4428,$27,$13,$1,$15,$-20,$-0,$-1,$3,$-19,$18,$-8,$0,$0,$0,$-15,$-15,$-146,$-168,$5,$-21,$-16,$-1,$-1,$-5,$125,$103,$-47,$1,$-5
26,2012-03-31,15.83,$22.20,0.71,$15.79,1.0,$7.51,2.11,$1.76,8.99,$2.76B,$3.57B,0.77,$0.38B,$0.28B,1.33,$0.26B,$0.22B,82.89%,$0.26B,$0.05B,19.77%,$0.26B,0,0.00%,$0.26B,0,0.00%,$0.26B,$0.05B,19.77%,$0.26B,$0.03B,11.03%,$0.03B,$0.37B,8.18%,$0.03B,$0.33B,9.18%,$0.03B,$4.31B,0.69%,$0.05B,$0.74B,7.12%,$72,$10,$62,$0,$42,$53,$19,$0,$19,$6,$13,$13,$12,$0,$0,$16,17,$0.72,$0.71,$150,$0,$0,$2758,$112,$1222,$39,$182,$1555,$4313,$3569,$377,$0,$377,$3947,$17,$208,$14,$366,$4313,$13,$5,$2,$7,$-49,$0,$-1,$1,$-49,$-28,$-3,$0,$0,$0,$77,$77,$-52,$21,$5,$-41,$-36,$-0,$-0,$-3,$66,$27,$20,$1,$-3
27,2011-12-31,13.92,$21.41,0.65,$15.17,0.92,$9.38,1.48,$1.23,11.31,$2.64B,$3.58B,0.74,$0.37B,$0.27B,1.38,$0.25B,$0.20B,80.95%,$0.25B,$0.04B,15.08%,$0.25B,0,0.00%,$0.25B,0,0.00%,$0.25B,$0.04B,15.08%,$0.25B,$0.02B,7.94%,$0.02B,$0.35B,5.78%,$0.02B,$0.31B,6.51%,$0.02B,$4.31B,0.49%,$0.04B,$0.73B,5.28%,$67,$11,$56,$0,$48,$59,$8,$0,$8,$2,$6,$6,$5,$0,$0,$16,17,$0.31,$0.31,$130,$0,$0,$2642,$110,$1326,$39,$188,$1664,$4305,$3579,$373,$0,$373,$3952,$17,$198,$12,$353,$4305,$28,$26,$25,$51,$-28,$-0,$-1,$3,$-26,$58,$-7,$0,$0,$0,$1,$1,$-194,$-200,$10,$34,$45,$1,$-1,$-11,$176,$209,$67,$1,$-11
28,2011-09-30,12.77,$21.46,0.6,$15.22,0.84,$11.27,1.13,$1.23,10.38,$2.46B,$3.38B,0.73,$0.38B,$0.27B,1.39,$0.25B,$0.20B,80.16%,$0.25B,$0.04B,15.08%,$0.25B,0,0.00%,$0.25B,0,0.00%,$0.25B,$0.04B,15.08%,$0.25B,$0.02B,7.94%,$0.02B,$0.35B,5.87%,$0.02B,$0.32B,6.63%,$0.02B,$4.11B,0.50%,$0.04B,$0.73B,5.34%,$61,$11,$49,$0,$39,$51,$10,$0,$10,$3,$7,$7,$3,$0,$0,$16,17,$0.21,$0.20,$82,$0,$0,$2463,$110,$1323,$39,$178,$1649,$4113,$3383,$376,$0,$376,$3759,$17,$195,$17,$353,$4113,$22,$16,$17,$34,$12,$-0,$-1,$2,$13,$74,$-5,$0,$0,$0,$-44,$-44,$-87,$-136,$13,$-63,$-49,$1,$-1,$-8,$140,$81,$19,$1,$-8
29,2011-06-30,13.02,$21.02,0.62,$15.37,0.85,$11.01,1.18,$1.37,9.5,$2.49B,$3.29B,0.76,$0.38B,$0.27B,1.43,$0.25B,$0.20B,79.53%,$0.25B,$0.04B,15.35%,$0.25B,0,0.00%,$0.25B,0,0.00%,$0.25B,$0.04B,15.35%,$0.25B,$0.02B,9.06%,$0.02B,$0.35B,6.84%,$0.02B,$0.31B,7.72%,$0.02B,$4.01B,0.57%,$0.04B,$0.73B,5.44%,$63,$12,$51,$0,$36,$48,$15,$0,$15,$5,$10,$10,$9,$0,$0,$16,17,$0.54,$0.54,$149,$0,$0,$2492,$119,$1193,$39,$168,$1519,$4011,$3285,$380,$0,$380,$3665,$17,$193,$12,$346,$4011,$14,$10,$11,$21,$-7,$-0,$-0,$2,$-5,$37,$-2,$0,$0,$0,$79,$79,$-19,$57,$17,$-68,$-51,$0,$0,$-5,$47,$-9,$86,$1,$-5
30,2011-03-31,15.1,$20.25,0.75,$15.26,0.99,$10.90,1.39,$1.06,14.25,$2.43B,$3.31B,0.74,$0.37B,$0.25B,1.44,$0.25B,$0.20B,78.57%,$0.25B,$0.03B,12.30%,$0.25B,0,0.00%,$0.25B,0,0.00%,$0.25B,$0.03B,12.30%,$0.25B,$0.02B,7.14%,$0.02B,$0.33B,5.42%,$0.02B,$0.29B,6.14%,$0.02B,$4.00B,0.45%,$0.03B,$0.70B,4.28%,$61,$12,$48,$0,$43,$55,$5,$0,$5,$1,$4,$4,$3,$0,$0,$16,17,$0.18,$0.18,$87,$0,$0,$2432,$120,$1244,$39,$168,$1572,$4003,$3306,$365,$0,$365,$3671,$17,$186,$7,$332,$4003,$4,$5,$8,$13,$-16,$-0,$-1,$1,$-16,$1,$-1,$0,$0,$0,$16,$16,$-0,$15,$3,$-41,$-38,$0,$0,$-3,$48,$8,$24,$0,$-3
31,2010-12-31,15.41,$20.20,0.76,$15.27,1.01,$11.49,1.34,$1.12,13.76,$2.41B,$3.31B,0.73,$0.36B,$0.25B,1.43,$0.25B,$0.20B,77.69%,$0.25B,$0.03B,13.15%,$0.25B,0,0.00%,$0.25B,0,0.00%,$0.25B,$0.03B,13.15%,$0.25B,$0.02B,7.57%,$0.02B,$0.33B,5.79%,$0.02B,$0.29B,6.58%,$0.02B,$4.00B,0.47%,$0.03B,$0.69B,4.49%,$67,$13,$54,$0,$46,$59,$8,$0,$8,$1,$6,$6,$5,$0,$0,$16,16,$0.31,$0.32,$63,$0,$0,$2409,$121,$1264,$39,$166,$1591,$3999,$3305,$363,$0,$363,$3668,$17,$185,$9,$332,$3999,$24,$17,$36,$53,$8,$0,$-1,$2,$10,$92,$-10,$0,$0,$0,$-84,$-84,$-77,$-171,$-89,$74,$-15,$1,$1,$-11,$-16,$-41,$-120,$1,$-11
32,2010-09-30,13.5,$20.52,0.66,$15.15,0.89,$8.52,1.59,$0.25,54.01,$2.52B,$3.31B,0.76,$0.41B,$0.26B,1.6,$0.25B,$0.19B,75.90%,$0.25B,$0.02B,7.63%,$0.25B,0,0.00%,$0.25B,0,0.00%,$0.25B,$0.02B,7.63%,$0.25B,$0.01B,2.01%,$0.01B,$0.34B,1.54%,$0.01B,$0.30B,1.76%,$0.01B,$4.06B,0.12%,$0.02B,$0.75B,2.52%,$63,$14,$49,$0,$36,$52,$11,$0,$11,$4,$7,$7,$6,$0,$0,$16,16,$0.34,$0.34,$142,$0,$0,$2523,$122,$1211,$37,$169,$1540,$4063,$3313,$413,$0,$413,$3727,$17,$181,$18,$336,$4063,$17,$13,$21,$34,$22,$1,$-1,$1,$22,$73,$-9,$0,$0,$0,$-14,$-14,$-103,$-126,$-38,$34,$-4,$1,$1,$-8,$23,$12,$-41,$1,$-8
33,2010-06-30,15.06,$20.00,0.75,$15.23,0.99,$7.19,2.09,$0.04,376.39,$2.47B,$3.26B,0.76,$0.43B,$0.25B,1.71,$0.25B,$0.19B,74.40%,$0.25B,$0.01B,4.80%,$0.25B,0,0.00%,$0.25B,0,0.00%,$0.25B,$0.01B,4.80%,$0.25B,$0.00B,0.40%,$0.00B,$0.33B,0.31%,$0.00B,$0.29B,0.36%,$0.00B,$4.01B,0.03%,$0.01B,$0.75B,1.58%,$61,$14,$47,$0,$39,$54,$7,$0,$7,$2,$5,$5,$4,$0,$0,$16,16,$0.23,$0.23,$76,$0,$0,$2465,$122,$1214,$40,$168,$1544,$4008,$3255,$426,$0,$426,$3681,$17,$177,$13,$328,$4008,$10,$7,$17,$24,$9,$1,$1,$-0,$10,$40,$-7,$0,$0,$0,$-25,$-25,$-88,$-120,$-25,$38,$13,$0,$0,$-5,$-34,$-26,$-107,$1,$-5
34,2010-03-31,13.83,$19.31,0.72,$15.51,0.89,$6.99,1.98,$0.02,691.74,$2.45B,$3.26B,0.75,$0.43B,$0.24B,1.79,$0.25B,$0.19B,73.23%,$0.25B,$0.01B,4.72%,$0.25B,0,0.00%,$0.25B,0,0.00%,$0.25B,$0.01B,4.72%,$0.25B,$0.00B,0.00%,$0.00B,$0.32B,0.00%,$0.00B,$0.28B,0.00%,$0.00B,$4.00B,0.00%,$0.01B,$0.74B,1.56%,$60,$15,$45,$0,$38,$53,$7,$0,$7,$2,$5,$5,$4,$0,$0,$16,16,$0.25,$0.24,$79,$0,$0,$2446,$121,$1233,$40,$158,$1552,$3998,$3256,$426,$0,$426,$3682,$17,$175,$5,$316,$3998,$5,$3,$8,$11,$-1,$-1,$-1,$1,$-1,$14,$-4,$0,$0,$0,$-61,$-61,$-41,$-106,$-25,$28,$3,$0,$0,$-3,$-13,$-12,$-104,$0,$-3
35,2009-12-31,12.35,$19.27,0.64,$15.68,0.79,$7.08,1.74,$0.07,176.38,$2.52B,$3.25B,0.78,$0.45B,$0.24B,1.9,$0.26B,$0.19B,71.98%,$0.26B,$0.01B,5.45%,$0.26B,0,0.00%,$0.26B,0,0.00%,$0.26B,$0.01B,5.45%,$0.26B,$0.00B,0.39%,$0.00B,$0.32B,0.31%,$0.00B,$0.28B,0.37%,$0.00B,$4.01B,0.03%,$0.01B,$0.77B,1.79%,$65,$16,$48,$0,$41,$71,$-6,$0,$-6,$2,$-8,$-8,$-9,$0,$0,$16,16,$-0.56,$-0.56,$183,$0,$0,$2522,$119,$1175,$40,$158,$1491,$4013,$3247,$451,$0,$451,$3698,$17,$172,$7,$315,$4013,$6,$24,$28,$52,$-3,$1,$-3,$-18,$-23,$40,$-7,$0,$7,$0,$-246,$-246,$26,$-220,$14,$-54,$-40,$1,$1,$-10,$361,$311,$131,$1,$-10
36,2009-09-30,12.6,$20.12,0.63,$15.13,0.83,$6.99,1.8,$0.45,28.0,$2.47B,$3.09B,0.8,$0.46B,$0.26B,1.78,$0.25B,$0.17B,69.35%,$0.25B,$0.02B,6.05%,$0.25B,0,0.00%,$0.25B,0,0.00%,$0.25B,$0.02B,6.05%,$0.25B,$0.01B,2.82%,$0.01B,$0.33B,2.20%,$0.01B,$0.28B,2.62%,$0.01B,$3.88B,0.19%,$0.02B,$0.79B,1.94%,$64,$17,$46,$0,$42,$59,$4,$0,$4,$1,$3,$3,$2,$0,$0,$16,16,$0.13,$0.13,$83,$0,$0,$2465,$117,$1105,$52,$140,$1415,$3880,$3094,$457,$0,$457,$3551,$17,$183,$10,$328,$3880,$14,$9,$22,$31,$-1,$1,$-2,$-0,$-3,$45,$-3,$0,$7,$0,$-172,$-172,$-8,$-176,$20,$-105,$-85,$1,$1,$-8,$255,$162,$31,$1,$-8
37,2009-06-30,12.12,$19.49,0.62,$14.83,0.82,$5.69,2.13,$0.50,24.25,$2.40B,$2.99B,0.8,$0.46B,$0.24B,1.9,$0.24B,$0.16B,67.49%,$0.24B,$0.02B,6.17%,$0.24B,0,0.00%,$0.24B,0,0.00%,$0.24B,$0.02B,6.17%,$0.24B,$0.01B,3.29%,$0.01B,$0.32B,2.74%,$0.01B,$0.27B,3.30%,$0.01B,$3.77B,0.22%,$0.02B,$0.78B,2.01%,$65,$18,$47,$0,$40,$59,$7,$0,$7,$2,$5,$5,$3,$0,$0,$16,16,$0.21,$0.21,$42,$0,$0,$2404,$118,$1059,$52,$134,$1363,$3767,$2991,$458,$0,$458,$3449,$17,$183,$1,$318,$3767,$11,$7,$12,$19,$6,$-0,$-1,$0,$5,$31,$-2,$0,$0,$0,$-151,$-151,$-14,$-167,$20,$-78,$-58,$0,$0,$-5,$187,$125,$-11,$0,$-5
38,2009-03-31,11.42,$19.36,0.59,$14.41,0.79,$4.68,2.44,$0.58,19.68,$2.43B,$2.94B,0.83,$0.48B,$0.24B,2.0,$0.24B,$0.15B,65.25%,$0.24B,$0.01B,5.93%,$0.24B,0,0.00%,$0.24B,0,0.00%,$0.24B,$0.01B,5.93%,$0.24B,$0.01B,4.24%,$0.01B,$0.32B,3.71%,$0.01B,$0.27B,4.54%,$0.01B,$3.73B,0.28%,$0.01B,$0.79B,1.95%,$63,$19,$44,$0,$35,$54,$9,$0,$9,$3,$6,$6,$5,$0,$0,$16,16,$0.29,$0.29,$89,$0,$0,$2426,$120,$1005,$50,$130,$1304,$3730,$2937,$478,$0,$478,$3415,$17,$181,$1,$315,$3730,$6,$3,$4,$7,$2,$0,$-1,$-1,$0,$12,$-1,$0,$0,$0,$-95,$-95,$26,$-70,$40,$-92,$-53,$0,$0,$-2,$148,$94,$36,$0,$-2
39,2008-12-31,17.21,$18.96,0.91,$14.20,1.21,$4.39,3.92,$0.67,25.69,$2.44B,$2.88B,0.85,$0.44B,$0.23B,1.88,$0.23B,$0.15B,62.66%,$0.23B,$0.01B,6.01%,$0.23B,0,0.00%,$0.23B,0,0.00%,$0.23B,$0.01B,6.01%,$0.23B,$0.01B,4.72%,$0.01B,$0.31B,4.41%,$0.01B,$0.26B,5.48%,$0.01B,$3.63B,0.32%,$0.01B,$0.75B,2.07%,$56,$21,$35,$0,$39,$60,$-5,$0,$-5,$-2,$-3,$-3,$-3,$0,$0,$16,16,$-0.17,$-0.17,$53,$0,$0,$2442,$121,$902,$48,$117,$1188,$3630,$2884,$438,$0,$438,$3322,$17,$178,$-1,$309,$3630,$11,$9,$31,$39,$-6,$0,$-3,$-0,$-9,$41,$-10,$0,$0,$0,$-231,$-231,$-162,$-402,$174,$-144,$30,$-5,$77,$-6,$264,$365,$4,$1,$-6
40,2008-09-30,20.85,$13.86,1.5,$14.52,1.44,$3.71,5.62,$1.26,16.55,$2.41B,$2.78B,0.87,$0.44B,$0.23B,1.95,$0.24B,$0.15B,61.51%,$0.24B,$0.03B,12.13%,$0.24B,0,0.00%,$0.24B,0,0.00%,$0.24B,$0.03B,11.72%,$0.24B,$0.02B,8.79%,$0.02B,$0.23B,9.13%,$0.02B,$0.18B,11.59%,$0.02B,$3.45B,0.63%,$0.03B,$0.67B,4.74%,$59,$21,$38,$0,$34,$55,$4,$0,$4,$1,$3,$3,$3,$0,$0,$16,16,$0.18,$0.18,$69,$0,$0,$2408,$120,$758,$49,$111,$1038,$3446,$2781,$440,$0,$440,$3221,$17,$182,$-4,$225,$3446,$14,$7,$19,$26,$4,$-0,$-4,$0,$1,$27,$-7,$0,$0,$0,$-91,$-91,$-91,$-189,$177,$-178,$-1,$-4,$-4,$-5,$192,$182,$20,$1,$-5
41,2008-06-30,15.06,$13.99,1.08,$14.71,1.02,$2.67,5.64,$1.50,10.04,$2.32B,$2.71B,0.86,$0.44B,$0.23B,1.9,$0.24B,$0.14B,59.26%,$0.24B,$0.04B,14.40%,$0.24B,0,0.00%,$0.24B,0,0.00%,$0.24B,$0.03B,13.99%,$0.24B,$0.03B,10.29%,$0.03B,$0.23B,10.91%,$0.03B,$0.18B,13.85%,$0.03B,$3.38B,0.76%,$0.04B,$0.67B,6.16%,$58,$21,$37,$0,$31,$52,$6,$0,$6,$2,$5,$5,$5,$0,$0,$16,16,$0.29,$0.29,$43,$0,$0,$2315,$118,$794,$49,$104,$1064,$3379,$2707,$444,$0,$444,$3151,$17,$181,$-0,$228,$3379,$11,$4,$7,$11,$3,$0,$-2,$0,$1,$15,$-2,$0,$0,$0,$-116,$-116,$-17,$-136,$180,$-91,$89,$-4,$-4,$-3,$33,$115,$-6,$1,$-3
42,2008-03-31,17.44,$14.46,1.21,$14.90,1.17,$1.60,10.87,$1.58,11.04,$2.30B,$2.68B,0.86,$0.38B,$0.24B,1.58,$0.25B,$0.14B,57.66%,$0.25B,$0.04B,14.52%,$0.25B,0,0.00%,$0.25B,0,0.00%,$0.25B,$0.04B,14.11%,$0.25B,$0.03B,10.48%,$0.03B,$0.24B,11.54%,$0.03B,$0.19B,14.73%,$0.03B,$3.30B,0.80%,$0.04B,$0.62B,6.92%,$60,$24,$36,$0,$27,$51,$9,$0,$9,$2,$6,$6,$6,$0,$0,$16,16,$0.38,$0.38,$52,$0,$0,$2301,$120,$733,$49,$98,$999,$3300,$2684,$380,$0,$380,$3065,$17,$178,$10,$236,$3300,$6,$2,$2,$4,$4,$0,$-2,$0,$2,$7,$-1,$0,$0,$0,$-40,$-40,$8,$-34,$117,$-128,$-11,$-2,$-2,$-2,$45,$30,$3,$0,$-2
43,2007-12-31,15.23,$14.04,1.08,$14.84,1.03,$1.19,12.79,$1.54,9.89,$2.31B,$2.77B,0.83,$0.26B,$0.23B,1.14,$0.25B,$0.14B,57.26%,$0.25B,$0.04B,14.11%,$0.25B,0,0.00%,$0.25B,0,0.00%,$0.25B,$0.03B,13.71%,$0.25B,$0.03B,10.48%,$0.03B,$0.23B,11.86%,$0.03B,$0.18B,15.25%,$0.03B,$3.26B,0.82%,$0.04B,$0.49B,7.42%,$62,$26,$36,$0,$26,$52,$10,$0,$9,$2,$7,$7,$7,$0,$0,$16,17,$0.41,$0.41,$49,$0,$0,$2309,$120,$688,$49,$99,$956,$3264,$2770,$264,$0,$264,$3034,$17,$174,$7,$231,$3264,$26,$9,$10,$18,$10,$-0,$-1,$-1,$8,$41,$-20,$0,$2,$0,$-64,$-64,$-132,$-214,$39,$80,$119,$-7,$-7,$-6,$64,$170,$-2,$1,$-6
44,2007-09-30,16.77,$13.48,1.24,$14.69,1.14,$0.36,46.36,$1.58,10.61,$2.29B,$2.71B,0.85,$0.27B,$0.22B,1.21,$0.25B,$0.14B,57.32%,$0.25B,$0.04B,14.63%,$0.25B,0,0.00%,$0.25B,0,0.00%,$0.25B,$0.04B,14.63%,$0.25B,$0.03B,10.98%,$0.03B,$0.22B,12.62%,$0.03B,$0.17B,16.34%,$0.03B,$3.20B,0.86%,$0.04B,$0.49B,7.88%,$63,$27,$35,$0,$25,$53,$10,$0,$10,$3,$7,$7,$7,$0,$0,$16,17,$0.42,$0.42,$34,$0,$0,$2293,$119,$646,$49,$96,$910,$3202,$2711,$269,$0,$269,$2980,$17,$169,$2,$222,$3202,$19,$7,$8,$14,$5,$-0,$-1,$0,$4,$21,$-17,$0,$0,$0,$-28,$-28,$-119,$-164,$44,$-17,$27,$-5,$-5,$-4,$109,$126,$-18,$1,$-4
45,2007-06-30,19.74,$12.88,1.53,$14.32,1.38,$0.44,44.72,$1.57,12.57,$2.33B,$2.67B,0.87,$0.27B,$0.21B,1.27,$0.24B,$0.14B,58.33%,$0.24B,$0.04B,15.00%,$0.24B,0,0.00%,$0.24B,0,0.00%,$0.24B,$0.04B,15.00%,$0.24B,$0.03B,11.25%,$0.03B,$0.21B,12.92%,$0.03B,$0.16B,16.88%,$0.03B,$3.15B,0.87%,$0.04B,$0.48B,8.08%,$63,$27,$36,$0,$29,$56,$7,$0,$7,$2,$5,$5,$6,$0,$0,$16,17,$0.38,$0.37,$37,$0,$0,$2325,$116,$588,$49,$76,$829,$3154,$2674,$269,$0,$269,$2943,$17,$163,$-2,$212,$3154,$12,$4,$7,$11,$-2,$-0,$-0,$0,$-2,$7,$-11,$0,$0,$0,$22,$22,$-123,$-112,$44,$0,$44,$-5,$-5,$-3,$55,$92,$-13,$1,$-3
46,2007-03-31,21.65,$12.85,1.68,$13.74,1.58,$0.59,36.74,$1.57,13.79,$2.30B,$2.68B,0.86,$0.21B,$0.21B,1.0,$0.23B,$0.14B,59.57%,$0.23B,$0.04B,16.52%,$0.23B,0,0.00%,$0.23B,0,0.00%,$0.23B,$0.04B,16.52%,$0.23B,$0.03B,11.74%,$0.03B,$0.21B,13.25%,$0.03B,$0.16B,17.45%,$0.03B,$3.14B,0.89%,$0.04B,$0.42B,8.84%,$60,$25,$35,$0,$26,$52,$8,$0,$8,$3,$6,$6,$6,$0,$0,$17,17,$0.35,$0.34,$63,$0,$0,$2299,$113,$587,$49,$68,$838,$3136,$2682,$211,$0,$243,$2925,$17,$159,$2,$212,$3136,$6,$2,$2,$5,$8,$0,$-2,$0,$7,$6,$-6,$0,$0,$0,$30,$30,$-96,$-73,$-14,$30,$17,$-4,$-4,$-1,$69,$80,$13,$1,$-1
47,2006-12-31,23.28,$12.65,1.84,$13.15,1.77,$0.82,28.39,$1.50,15.52,$2.22B,$2.62B,0.85,$0.23B,$0.21B,1.07,$0.22B,$0.13B,60.91%,$0.22B,$0.04B,16.36%,$0.22B,0,0.00%,$0.22B,0,0.00%,$0.22B,$0.04B,16.36%,$0.22B,$0.03B,11.36%,$0.03B,$0.21B,12.61%,$0.03B,$0.16B,16.61%,$0.03B,$3.06B,0.84%,$0.04B,$0.43B,8.38%,$60,$25,$35,$0,$24,$48,$11,$0,$11,$4,$7,$7,$8,$0,$0,$17,17,$0.45,$0.45,$51,$0,$0,$2219,$109,$615,$49,$66,$839,$3058,$2624,$225,$0,$225,$2849,$17,$154,$1,$210,$3058,$25,$9,$11,$20,$-15,$-1,$4,$0,$-12,$30,$-23,$0,$-6,$0,$-78,$-78,$-115,$-222,$5,$54,$59,$-3,$-3,$-6,$109,$160,$-32,$1,$-6
