,Date,Stock Price,Book Value per Share,Price to Book Ratio,TTM Sales per Share,Price to Sales Ratio,TTM FCF per Share,Price to FCF Ratio,TTM Net EPS,PE Ratio,Current Assets,Current Liabilities,Current Ratio,Long Term Debt,Shareholder's Equity_x,Debt to Equity Ratio,TTM Revenue_x,TTM Gross Profit,Gross Margin,TTM Revenue_y,TTM Operating Income,Operating Margin,TTM Revenue_x,TTM EBIT,EBIT Margin,TTM Revenue_y,TTM EBITDA,EBITDA Margin,TTM Revenue_x,TTM Pre-Tax Income,Pre-Tax Margin,TTM Revenue_y,TTM Net Income_x,Net Margin,TTM Net Income_y,Shareholder's Equity_y,Return on Equity,TTM Net Income_x,Tangible Equity,Return on Tangible Equity,TTM Net Income_y,Total Assets,Return on Assets,TTM Net Income,LT Investments & Debt,Return on Investment,revenue,cost-goods-sold,gross-profit,research-development-expenses,selling-general-administrative-expenses,operating-expenses,operating-income,total-non-operating-income-expense,pre-tax-income,total-provision-income-taxes,income-after-taxes,income-from-continuous-operations,net-income,ebitda,ebit,basic-shares-outstanding,shares-outstanding,eps-basic-net-earnings-per-share,eps-earnings-per-share-diluted,cash-on-hand,inventory,other-current-assets,total-current-assets,net-property-plant-equipment,long-term-investments,goodwill-intangible-assets-total,other-long-term-assets,total-long-term-assets,total-assets,total-current-liabilities,long-term-debt,other-non-current-liabilities,total-long-term-liabilities,total-liabilities,common-stock-net,retained-earnings-accumulated-deficit,comprehensive-income,total-share-holder-equity,total-liabilities-share-holders-equity,net-income-loss,total-depreciation-amortization-cash-flow,other-non-cash-items,total-non-cash-items,change-in-accounts-receivable,change-in-inventories,change-in-accounts-payable,change-in-assets-liabilities,total-change-in-assets-liabilities,cash-flow-from-operating-activities,net-change-in-property-plant-equipment,net-change-in-intangible-assets,net-acquisitions-divestitures,net-change-in-short-term-investments,net-change-in-long-term-investments,net-change-in-investments-total,investing-activities-other,cash-flow-from-investing-activities,net-long-term-debt,net-current-debt,debt-issuance-retirement-net-total,net-common-equity-issued-repurchased,net-total-equity-issued-repurchased,total-common-preferred-stock-dividends-paid,financial-activities-other,cash-flow-from-financial-activities,net-cash-flow,stock-based-compensation,common-stock-dividends-paid
0,2018-09-30,133.57,$32.39,4.12,$77.38,1.73,$12.16,10.99,$5.30,25.2,$1.76B,$0.94B,1.88,$1.79B,$1.77B,1.01,$4.26B,$1.27B,29.75%,$4.26B,$0.53B,12.50%,$4.26B,$0.53B,12.50%,$4.26B,$0.67B,15.74%,$4.26B,$0.47B,10.93%,$4.26B,$0.29B,6.84%,$0.29B,$1.77B,17.12%,$0.29B,$-0.84B,-44.14%,$0.29B,$5.00B,6.24%,$0.53B,$3.56B,15.90%,$1180,$831,$349,$0,$185,$1016,$164,$-21,$143,$28,$115,$115,$113,$200,$164,$55,55,$2.07,$2.06,$240,$673,$59,$1760,$500,$61,$2614,$63,$3237,$4998,$938,$1793,$495,$2288,$3226,$1,$2034,$0,$1772,$4998,$277,$113,$31,$144,$-134,$18,$48,$-14,$-82,$339,$-71,$0,$-1118,$0,$1,$1,$2,$-1186,$835,$37,$872,$-20,$-20,$-130,$-17,$705,$-146,$13,$-130
1,2018-06-30,105.74,$31.05,3.4,$73.21,1.44,$10.46,10.11,$4.71,22.45,$1.74B,$0.87B,1.99,$1.90B,$1.70B,1.12,$4.03B,$1.23B,30.42%,$4.03B,$0.52B,12.86%,$4.03B,$0.52B,12.86%,$4.03B,$0.65B,16.02%,$4.03B,$0.45B,11.08%,$4.03B,$0.26B,6.43%,$0.26B,$1.70B,15.47%,$0.26B,$-0.92B,-63.64%,$0.26B,$4.97B,5.95%,$0.52B,$3.60B,16.62%,$1167,$819,$348,$0,$191,$1010,$157,$-23,$134,$32,$102,$102,$100,$193,$157,$55,55,$1.83,$1.82,$205,$687,$64,$1736,$496,$57,$2625,$56,$3235,$4971,$871,$1898,$500,$2398,$3269,$1,$1967,$0,$1702,$4971,$162,$76,$13,$89,$-128,$4,$46,$-21,$-99,$152,$-48,$0,$-1116,$0,$7,$7,$2,$-1155,$941,$-2,$939,$-10,$-10,$-87,$-16,$826,$-180,$10,$-87
2,2018-03-31,120.93,$30.63,3.95,$69.17,1.75,$10.34,11.7,$4.32,27.99,$1.72B,$0.90B,1.92,$1.90B,$1.68B,1.13,$3.81B,$1.17B,30.80%,$3.81B,$0.50B,13.00%,$3.81B,$0.50B,13.00%,$3.81B,$0.61B,16.07%,$3.81B,$0.43B,11.27%,$3.81B,$0.24B,6.25%,$0.24B,$1.68B,14.43%,$0.24B,$-0.97B,-156.84%,$0.24B,$4.98B,5.91%,$0.50B,$3.58B,17.73%,$991,$708,$283,$0,$183,$892,$100,$-24,$76,$16,$60,$60,$58,$140,$100,$55,55,$1.06,$1.05,$232,$714,$71,$1721,$495,$57,$2650,$54,$3255,$4975,$899,$1903,$495,$2398,$3297,$1,$1909,$0,$1679,$4975,$60,$40,$3,$43,$-47,$-19,$-1,$-36,$-103,$-0,$-22,$0,$-1119,$0,$1,$1,$1,$-1140,$948,$85,$1032,$0,$0,$-43,$-14,$975,$-159,$5,$-43
3,2017-12-31,133.63,$30.02,4.45,$66.51,2.01,$11.63,11.49,$4.40,30.37,$1.60B,$0.71B,2.27,$0.99B,$1.65B,0.6,$3.67B,$1.15B,31.43%,$3.67B,$0.50B,13.71%,$3.67B,$0.50B,13.71%,$3.67B,$0.60B,16.46%,$3.67B,$0.44B,12.10%,$3.67B,$0.24B,6.62%,$0.24B,$1.65B,14.94%,$0.24B,$0.10B,185.14%,$0.24B,$3.72B,6.65%,$0.50B,$2.64B,19.80%,$918,$632,$286,$0,$175,$806,$111,$1,$112,$90,$22,$22,$20,$137,$111,$55,55,$0.38,$0.36,$390,$635,$40,$1604,$458,$58,$1549,$51,$2117,$3721,$706,$987,$380,$1367,$2073,$1,$1892,$0,$1648,$3721,$250,$100,$8,$107,$4,$-90,$0,$108,$22,$379,$-61,$0,$-184,$0,$-4,$-4,$3,$-246,$-12,$65,$52,$-93,$-93,$-161,$-13,$-214,$-63,$22,$-161
4,2017-09-30,113.85,$30.49,3.73,$65.19,1.75,$12.23,9.31,$5.19,21.94,$1.69B,$0.74B,2.28,$0.99B,$1.67B,0.59,$3.61B,$1.13B,31.23%,$3.61B,$0.50B,13.87%,$3.61B,$0.50B,13.87%,$3.61B,$0.60B,16.59%,$3.61B,$0.43B,11.93%,$3.61B,$0.29B,7.96%,$0.29B,$1.67B,17.76%,$0.29B,$0.17B,189.13%,$0.29B,$3.74B,7.96%,$0.50B,$2.65B,19.76%,$951,$643,$308,$0,$158,$800,$150,$-27,$124,$41,$83,$83,$81,$175,$150,$55,55,$1.47,$1.47,$400,$624,$46,$1685,$449,$57,$1501,$52,$2058,$3743,$741,$987,$348,$1335,$2076,$1,$1914,$0,$1668,$3743,$228,$75,$25,$100,$-73,$-79,$51,$3,$-99,$229,$-53,$0,$-110,$0,$-1,$-1,$3,$-162,$-12,$91,$78,$-93,$-93,$-119,$-7,$-140,$-51,$12,$-119
5,2017-06-30,110.36,$29.31,3.77,$64.22,1.72,$13.06,8.45,$5.28,20.9,$1.61B,$1.03B,1.57,$0.69B,$1.60B,0.43,$3.56B,$1.11B,31.09%,$3.56B,$0.49B,13.65%,$3.56B,$0.49B,13.65%,$3.56B,$0.58B,16.34%,$3.56B,$0.43B,12.08%,$3.56B,$0.29B,8.20%,$0.29B,$1.60B,18.16%,$0.29B,$0.10B,181.93%,$0.29B,$3.67B,8.24%,$0.49B,$2.30B,19.26%,$948,$653,$296,$0,$161,$814,$134,$-18,$117,$36,$81,$81,$79,$160,$134,$55,55,$1.44,$1.43,$382,$585,$42,$1610,$442,$57,$1506,$53,$2057,$3667,$1025,$692,$346,$1038,$2064,$1,$1872,$0,$1603,$3667,$145,$50,$9,$59,$-62,$-43,$56,$-24,$-72,$131,$-33,$0,$-109,$0,$-0,$-0,$3,$-139,$0,$101,$101,$-93,$-93,$-80,$-3,$-75,$-70,$8,$-80
6,2017-03-31,116.38,$28.89,4.03,$63.36,1.84,$13.02,8.94,$5.30,21.96,$1.52B,$0.58B,2.64,$0.99B,$1.59B,0.62,$3.52B,$1.11B,31.37%,$3.52B,$0.48B,13.74%,$3.52B,$0.48B,13.74%,$3.52B,$0.58B,16.38%,$3.52B,$0.43B,12.21%,$3.52B,$0.29B,8.35%,$0.29B,$1.59B,18.36%,$0.29B,$0.16B,169.94%,$0.29B,$3.50B,8.44%,$0.48B,$2.58B,18.67%,$852,$590,$263,$0,$155,$745,$108,$-17,$91,$27,$64,$64,$63,$132,$108,$55,56,$1.13,$1.13,$391,$548,$34,$1518,$438,$59,$1428,$52,$1977,$3495,$576,$991,$339,$1330,$1906,$1,$1867,$0,$1589,$3495,$64,$24,$2,$26,$-13,$-12,$9,$-10,$-27,$63,$-14,$0,$-19,$0,$-1,$-1,$1,$-33,$0,$2,$2,$-53,$-53,$-40,$-3,$-94,$-57,$4,$-40
7,2016-12-31,112.47,$28.87,3.9,$62.81,1.79,$12.96,8.68,$5.25,21.42,$1.55B,$0.59B,2.63,$0.99B,$1.60B,0.62,$3.51B,$1.10B,31.44%,$3.51B,$0.48B,13.64%,$3.51B,$0.48B,13.64%,$3.51B,$0.57B,16.26%,$3.51B,$0.43B,12.30%,$3.51B,$0.29B,8.33%,$0.29B,$1.60B,18.27%,$0.29B,$0.18B,175.90%,$0.29B,$3.53B,8.44%,$0.48B,$2.59B,18.47%,$854,$596,$259,$0,$151,$746,$108,$-10,$98,$32,$66,$66,$64,$132,$108,$56,56,$1.16,$1.15,$449,$532,$40,$1551,$440,$56,$1423,$55,$1974,$3525,$590,$991,$342,$1332,$1922,$1,$1879,$-303,$1603,$3525,$298,$92,$23,$115,$-42,$18,$0,$22,$-2,$411,$-56,$0,$-173,$0,$-7,$-7,$6,$-230,$397,$-50,$347,$-247,$-247,$-147,$-13,$-59,$94,$22,$-147
8,2016-09-30,103.19,$29.51,3.5,$61.78,1.67,$11.13,9.27,$5.15,20.04,$1.52B,$0.58B,2.64,$0.99B,$1.64B,0.61,$3.48B,$1.11B,31.89%,$3.48B,$0.48B,13.85%,$3.48B,$0.48B,13.85%,$3.48B,$0.57B,16.43%,$3.48B,$0.42B,12.18%,$3.48B,$0.29B,8.30%,$0.29B,$1.64B,17.68%,$0.29B,$0.20B,124.17%,$0.29B,$3.49B,8.55%,$0.48B,$2.63B,19.08%,$907,$619,$289,$0,$153,$771,$136,$-12,$124,$36,$88,$88,$86,$159,$136,$55,56,$1.56,$1.56,$378,$546,$32,$1522,$436,$52,$1433,$48,$1969,$3491,$578,$990,$289,$1279,$1857,$1,$1854,$0,$1635,$3491,$232,$69,$24,$93,$-74,$9,$0,$10,$-56,$269,$-46,$0,$-173,$0,$-4,$-4,$3,$-219,$397,$-48,$349,$-247,$-247,$-108,$-9,$-14,$21,$13,$-108
