,Date,Stock Price,Book Value per Share,Price to Book Ratio,TTM Sales per Share,Price to Sales Ratio,TTM FCF per Share,Price to FCF Ratio,TTM Net EPS,PE Ratio,Current Assets,Current Liabilities,Current Ratio,Long Term Debt,Shareholder's Equity_x,Debt to Equity Ratio,TTM Revenue_x,TTM Gross Profit,Gross Margin,TTM Revenue_y,TTM Operating Income,Operating Margin,TTM Revenue_x,TTM EBIT,EBIT Margin,TTM Revenue_y,TTM EBITDA,EBITDA Margin,TTM Revenue_x,TTM Pre-Tax Income,Pre-Tax Margin,TTM Revenue_y,TTM Net Income_x,Net Margin,TTM Net Income_y,Shareholder's Equity_y,Return on Equity,TTM Net Income_x,Tangible Equity,Return on Tangible Equity,TTM Net Income_y,Total Assets,Return on Assets,TTM Net Income,LT Investments & Debt,Return on Investment,revenue,cost-goods-sold,gross-profit,research-development-expenses,selling-general-administrative-expenses,operating-expenses,operating-income,total-non-operating-income-expense,pre-tax-income,total-provision-income-taxes,income-after-taxes,income-from-continuous-operations,net-income,ebitda,ebit,basic-shares-outstanding,shares-outstanding,eps-basic-net-earnings-per-share,eps-earnings-per-share-diluted,cash-on-hand,inventory,other-current-assets,total-current-assets,net-property-plant-equipment,long-term-investments,goodwill-intangible-assets-total,other-long-term-assets,total-long-term-assets,total-assets,total-current-liabilities,long-term-debt,other-non-current-liabilities,total-long-term-liabilities,total-liabilities,common-stock-net,retained-earnings-accumulated-deficit,comprehensive-income,total-share-holder-equity,total-liabilities-share-holders-equity,net-income-loss,total-depreciation-amortization-cash-flow,other-non-cash-items,total-non-cash-items,change-in-accounts-receivable,change-in-inventories,change-in-accounts-payable,change-in-assets-liabilities,total-change-in-assets-liabilities,cash-flow-from-operating-activities,net-change-in-property-plant-equipment,net-change-in-intangible-assets,net-acquisitions-divestitures,net-change-in-short-term-investments,net-change-in-long-term-investments,net-change-in-investments-total,investing-activities-other,cash-flow-from-investing-activities,net-long-term-debt,net-current-debt,debt-issuance-retirement-net-total,net-common-equity-issued-repurchased,net-total-equity-issued-repurchased,total-common-preferred-stock-dividends-paid,financial-activities-other,cash-flow-from-financial-activities,net-cash-flow,stock-based-compensation,common-stock-dividends-paid
0,2018-09-30,27.23,$16.69,1.63,$38.42,0.71,$9.60,2.84,$3.77,7.22,$6.22B,$3.30B,1.88,$2.28B,$3.96B,0.57,$9.35B,$2.13B,22.82%,$9.35B,$1.12B,12.02%,$9.35B,$1.12B,12.02%,$9.35B,$1.46B,15.59%,$9.35B,$1.05B,11.28%,$9.35B,$0.92B,9.88%,$0.92B,$3.96B,24.33%,$0.92B,$3.46B,26.82%,$0.92B,$10.90B,8.61%,$1.12B,$6.24B,18.47%,$2444,$1920,$524,$37,$213,$2177,$267,$-11,$256,$27,$229,$229,$-11,$352,$267,$238,241,$-0.05,$-0.05,$446,$1231,$3096,$6217,$3004,$303,$507,$565,$4679,$10896,$3302,$2277,$1073,$3630,$6932,$3,$671,$-1354,$3964,$10896,$965,$250,$-11,$239,$-129,$-170,$62,$-18,$-270,$934,$-180,$0,$-366,$0,$0,$0,$-265,$-811,$-83,$265,$182,$-114,$-114,$-151,$-34,$-117,$216,$22,$-151
1,2018-06-30,29.2,$17.06,1.71,$37.16,0.79,$8.86,3.29,$4.42,6.61,$6.37B,$3.30B,1.93,$2.31B,$4.07B,0.57,$9.07B,$2.08B,22.94%,$9.07B,$1.08B,11.87%,$9.07B,$1.08B,11.87%,$9.07B,$1.41B,15.50%,$9.07B,$0.95B,10.46%,$9.07B,$1.08B,11.92%,$1.08B,$4.07B,31.33%,$1.08B,$3.56B,34.04%,$1.08B,$11.05B,10.30%,$1.08B,$6.38B,18.32%,$2404,$1849,$555,$38,$207,$2105,$299,$-6,$293,$4,$289,$289,$414,$382,$299,$239,243,$1.73,$1.71,$409,$1178,$3350,$6373,$3014,$296,$511,$561,$4681,$11054,$3295,$2311,$1085,$3689,$6984,$3,$724,$-1330,$4070,$11054,$973,$165,$-233,$-68,$-94,$-107,$50,$-22,$-265,$640,$-109,$0,$-370,$0,$0,$0,$-162,$-641,$-31,$314,$283,$-76,$-76,$-109,$-34,$64,$282,$15,$-109
2,2018-03-31,29.11,$15.72,1.85,$35.68,0.82,$7.88,3.7,$3.40,8.56,$6.39B,$3.28B,1.95,$2.30B,$3.77B,0.61,$8.72B,$1.96B,22.50%,$8.72B,$0.99B,11.29%,$8.72B,$0.99B,11.29%,$8.72B,$1.31B,15.02%,$8.72B,$0.82B,9.38%,$8.72B,$0.83B,9.56%,$0.83B,$3.77B,28.74%,$0.83B,$3.57B,30.87%,$0.83B,$10.70B,8.21%,$0.99B,$6.07B,17.07%,$2295,$1755,$540,$38,$192,$1999,$296,$-7,$289,$53,$236,$236,$274,$378,$296,$241,246,$1.14,$1.11,$453,$1203,$3253,$6385,$3117,$284,$196,$509,$4318,$10703,$3283,$2298,$1084,$3651,$6934,$3,$393,$-1198,$3769,$10703,$350,$82,$-56,$26,$-104,$-105,$36,$2,$-213,$163,$-55,$0,$-14,$0,$0,$0,$-67,$-136,$-13,$-1,$-14,$-13,$-13,$-57,$-2,$-86,$195,$8,$-57
3,2017-12-31,32.96,$14.03,2.35,$34.32,0.96,$7.61,4.33,$2.60,12.68,$5.98B,$3.27B,1.83,$2.26B,$3.37B,0.67,$8.36B,$1.81B,21.68%,$8.36B,$0.85B,10.18%,$8.36B,$0.85B,10.18%,$8.36B,$1.17B,14.00%,$8.36B,$0.65B,7.74%,$8.36B,$0.64B,7.61%,$0.64B,$3.37B,26.81%,$0.64B,$3.18B,29.32%,$0.64B,$10.24B,6.46%,$0.85B,$5.63B,14.91%,$2203,$1689,$514,$35,$215,$1942,$261,$-45,$216,$-14,$230,$230,$246,$345,$261,$238,244,$1.03,$1.01,$481,$1073,$3082,$5979,$3098,$266,$196,$497,$4265,$10244,$3265,$2258,$1086,$3608,$6873,$3,$161,$-1268,$3371,$10244,$741,$319,$245,$564,$-183,$-104,$154,$-16,$-86,$1219,$-282,$0,$11,$0,$0,$0,$-153,$-424,$-1311,$-16,$-1327,$1035,$1035,$-154,$-73,$-519,$323,$36,$-154
4,2017-09-30,27.04,$10.86,2.49,$28.57,0.95,$6.98,3.87,$2.13,12.69,$5.77B,$3.09B,1.87,$2.85B,$2.59B,1.1,$6.94B,$1.59B,22.96%,$6.94B,$0.85B,12.23%,$6.94B,$0.85B,12.23%,$6.94B,$1.16B,16.77%,$6.94B,$0.64B,9.28%,$6.94B,$0.52B,7.48%,$0.52B,$2.59B,27.37%,$0.52B,$2.40B,30.50%,$0.52B,$9.98B,5.41%,$0.85B,$5.44B,14.90%,$2169,$1697,$472,$35,$198,$1948,$221,$-70,$151,$35,$116,$116,$147,$301,$221,$239,244,$0.62,$0.60,$451,$1084,$2938,$5767,$3035,$255,$195,$463,$4216,$9983,$3090,$2845,$1031,$4302,$7392,$3,$-48,$-1358,$2591,$9983,$454,$235,$186,$421,$-148,$-118,$95,$-7,$-132,$743,$-159,$0,$7,$0,$0,$0,$-42,$-194,$-685,$-29,$-714,$544,$544,$-116,$-63,$-349,$241,$25,$-116
5,2017-06-30,25.36,$7.88,3.22,$27.31,0.93,$7.23,3.51,$1.76,14.41,$3.98B,$1.88B,2.11,$4.07B,$1.88B,2.17,$6.61B,$1.48B,22.38%,$6.61B,$0.73B,11.04%,$6.61B,$0.73B,11.04%,$6.61B,$0.99B,15.03%,$6.61B,$0.54B,8.16%,$6.61B,$0.43B,6.46%,$0.43B,$1.88B,25.25%,$0.43B,$1.66B,28.65%,$0.43B,$9.69B,4.49%,$0.73B,$5.95B,12.36%,$2054,$1618,$436,$34,$193,$1847,$207,$-45,$162,$24,$138,$138,$167,$286,$207,$238,244,$0.70,$0.69,$520,$1520,$253,$3980,$4228,$325,$216,$508,$5708,$9688,$1883,$4072,$1401,$5927,$7810,$3,$-164,$-1508,$1878,$9688,$275,$155,$106,$261,$-120,$-137,$79,$56,$-142,$394,$-101,$0,$5,$0,$0,$0,$13,$-83,$-125,$-40,$-165,$20,$20,$-70,$-9,$-224,$124,$17,$-70
6,2017-03-31,23.96,$6.92,3.46,$29.50,0.81,$7.09,3.38,$1.43,16.76,$3.84B,$1.86B,2.07,$4.16B,$1.65B,2.52,$7.10B,$1.50B,21.14%,$7.10B,$0.70B,9.85%,$7.10B,$0.70B,9.85%,$7.10B,$0.99B,14.00%,$7.10B,$0.50B,7.08%,$7.10B,$0.35B,4.88%,$0.35B,$1.65B,20.99%,$0.35B,$1.45B,23.92%,$0.35B,$9.49B,3.63%,$0.70B,$5.81B,11.65%,$1932,$1542,$390,$34,$192,$1770,$162,$-44,$118,$19,$99,$99,$76,$238,$162,$237,243,$0.32,$0.31,$469,$1486,$309,$3835,$4186,$336,$204,$515,$5653,$9488,$1855,$4161,$1386,$5984,$7839,$3,$-300,$-1576,$1649,$9488,$92,$76,$35,$111,$-55,$-109,$83,$-13,$-110,$93,$-51,$0,$0,$0,$0,$0,$28,$-23,$-4,$-4,$-8,$9,$9,$-33,$1,$-31,$73,$9,$-33
7,2016-12-31,18.53,$6.21,2.99,$31.44,0.59,$6.87,2.7,$1.36,13.62,$3.56B,$1.78B,2.0,$4.12B,$1.47B,2.81,$7.52B,$1.53B,20.30%,$7.52B,$0.68B,8.98%,$7.52B,$0.68B,8.98%,$7.52B,$0.99B,13.21%,$7.52B,$0.47B,6.30%,$7.52B,$0.33B,4.34%,$0.33B,$1.47B,19.67%,$0.33B,$1.30B,22.49%,$0.33B,$9.19B,3.39%,$0.68B,$5.59B,10.97%,$788,$492,$296,$27,$126,$529,$259,$-46,$213,$45,$168,$168,$129,$339,$259,$236,240,$0.54,$0.53,$396,$918,$1009,$3555,$3034,$248,$164,$1935,$5634,$9189,$1778,$4123,$1450,$5944,$7722,$3,$-325,$-1671,$1467,$9189,$357,$318,$75,$393,$-25,$177,$46,$17,$338,$1088,$-318,$0,$199,$0,$-1,$-1,$-82,$-202,$-544,$-16,$-560,$-2,$-2,$-150,$-11,$-723,$178,$32,$-150
8,2016-09-30,15.7,$7.49,2.09,$28.85,0.54,$4.12,3.81,$0.85,18.47,$3.78B,$1.79B,2.12,$4.47B,$1.77B,2.52,$6.90B,$1.49B,21.62%,$6.90B,$0.74B,10.74%,$6.90B,$0.74B,10.74%,$6.90B,$0.98B,14.20%,$6.90B,$0.54B,7.87%,$6.90B,$0.20B,2.91%,$0.20B,$1.77B,11.84%,$0.20B,$1.55B,13.58%,$0.20B,$9.71B,2.06%,$0.74B,$6.24B,11.73%,$1831,$1475,$356,$34,$185,$1730,$101,$-55,$46,$6,$40,$40,$55,$130,$101,$236,240,$0.23,$0.23,$450,$1444,$348,$3783,$4298,$337,$220,$665,$5924,$9707,$1789,$4469,$1207,$6147,$7936,$3,$-423,$-1266,$1771,$9707,$220,$238,$248,$486,$-3,$133,$-11,$-26,$142,$848,$-214,$0,$0,$0,$-2,$-2,$-54,$-270,$-268,$-3,$-271,$0,$0,$-116,$-10,$-397,$203,$23,$-116
9,2016-06-30,12.87,$7.23,1.78,$31.92,0.4,$1.21,10.66,$0.84,15.32,$3.79B,$1.69B,2.25,$4.65B,$1.71B,2.73,$7.71B,$1.61B,20.87%,$7.71B,$0.81B,10.49%,$7.71B,$0.81B,10.49%,$7.71B,$1.12B,14.55%,$7.71B,$0.61B,7.90%,$7.71B,$0.20B,2.61%,$0.20B,$1.71B,11.80%,$0.20B,$1.49B,13.49%,$0.20B,$9.73B,2.03%,$0.81B,$6.36B,12.67%,$2544,$2086,$458,$39,$234,$2367,$177,$-52,$125,$31,$94,$94,$86,$286,$177,$236,240,$0.37,$0.36,$383,$1522,$285,$3791,$4377,$335,$220,$597,$5936,$9727,$1689,$4654,$1210,$6330,$8019,$3,$-447,$-1296,$1708,$9727,$156,$209,$78,$287,$-90,$177,$-56,$8,$0,$443,$-189,$0,$0,$0,$-14,$-14,$29,$-174,$-51,$-11,$-62,$-2,$-2,$-81,$-8,$-153,$116,$17,$-81
10,2016-03-31,12.62,$7.13,1.77,$32.37,0.39,$-0.32,0.0,$0.60,21.03,$3.83B,$1.78B,2.15,$4.73B,$1.69B,2.8,$7.91B,$1.70B,21.51%,$7.91B,$0.78B,9.84%,$7.91B,$0.78B,9.84%,$7.91B,$1.08B,13.67%,$7.91B,$0.56B,7.07%,$7.91B,$0.14B,1.82%,$0.14B,$1.69B,8.29%,$0.14B,$1.46B,9.44%,$0.14B,$9.84B,1.42%,$0.78B,$6.41B,12.00%,$2355,$1939,$416,$37,$223,$2217,$138,$-48,$90,$27,$63,$63,$56,$238,$138,$236,238,$0.24,$0.24,$218,$1689,$281,$3830,$4437,$344,$229,$576,$6010,$9840,$1782,$4725,$1223,$6373,$8155,$3,$-504,$-1261,$1685,$9840,$62,$100,$24,$124,$-105,$22,$-31,$16,$-98,$88,$-99,$0,$0,$0,$-12,$-12,$10,$-101,$-36,$39,$3,$0,$0,$-39,$-2,$-38,$-49,$8,$-39
11,2015-12-31,10.68,$6.87,1.55,$32.94,0.32,$-0.74,0.0,$0.38,28.1,$3.83B,$1.92B,2.0,$4.63B,$1.63B,2.84,$8.14B,$1.73B,21.30%,$8.14B,$0.72B,8.81%,$8.14B,$0.72B,8.81%,$8.14B,$1.02B,12.47%,$8.14B,$0.49B,6.00%,$8.14B,$0.09B,1.14%,$0.09B,$1.63B,5.29%,$0.09B,$1.43B,5.99%,$0.09B,$9.82B,0.90%,$0.72B,$6.26B,10.97%,$172,$-90,$262,$19,$64,$-153,$325,$-43,$282,$-25,$307,$307,$4,$326,$325,$243,245,$0.01,$0.02,$269,$1692,$312,$3834,$4446,$347,$202,$573,$5986,$9820,$1917,$4626,$1226,$6274,$8191,$3,$-528,$-1288,$1629,$9820,$126,$298,$335,$633,$87,$84,$-129,$-191,$-184,$575,$-461,$0,$5,$0,$-12,$-12,$-132,$-600,$-311,$37,$-274,$-106,$-106,$-135,$-47,$-562,$-568,$29,$-135
12,2015-09-30,8.99,$7.33,1.23,$44.24,0.2,$-0.56,0.0,$0.20,44.97,$4.25B,$2.07B,2.06,$4.72B,$1.79B,2.63,$10.92B,$1.92B,17.59%,$10.92B,$0.46B,4.19%,$10.92B,$0.46B,4.19%,$10.92B,$0.86B,7.91%,$10.92B,$0.18B,1.69%,$10.92B,$0.05B,0.47%,$0.05B,$1.79B,2.77%,$0.05B,$1.59B,3.13%,$0.05B,$10.24B,0.48%,$0.46B,$6.51B,6.85%,$2638,$2165,$473,$41,$232,$2469,$169,$-57,$112,$49,$63,$63,$55,$272,$169,$244,247,$0.23,$0.22,$437,$1850,$200,$4251,$4380,$346,$203,$632,$5985,$10236,$2065,$4716,$1316,$6380,$8445,$3,$-503,$-1245,$1791,$10236,$117,$297,$106,$403,$-53,$46,$-111,$-89,$-133,$387,$-454,$0,$5,$0,$-38,$-38,$104,$-383,$-268,$0,$-268,$-6,$-6,$-98,$-46,$-418,$-427,$21,$-98
13,2015-06-30,20.31,$7.54,2.69,$45.23,0.45,$-0.32,0.0,$0.74,27.45,$4.60B,$2.12B,2.17,$4.93B,$1.84B,2.68,$11.16B,$1.96B,17.58%,$11.16B,$0.49B,4.39%,$11.16B,$0.49B,4.39%,$11.16B,$0.89B,7.97%,$11.16B,$0.23B,2.02%,$11.16B,$0.18B,1.65%,$0.18B,$1.84B,9.24%,$0.18B,$1.63B,10.33%,$0.18B,$10.58B,1.77%,$0.49B,$6.77B,7.44%,$2740,$2191,$549,$41,$249,$2594,$146,$-71,$75,$34,$41,$41,$29,$245,$146,$244,248,$0.12,$0.12,$608,$1938,$190,$4595,$4328,$350,$211,$650,$5983,$10578,$2122,$4927,$1348,$6614,$8736,$3,$-528,$-1159,$1842,$10578,$54,$194,$69,$263,$-142,$7,$12,$-44,$-136,$181,$-296,$0,$4,$0,$-32,$-32,$91,$-233,$-62,$-33,$-95,$-6,$-6,$-66,$-35,$-202,$-261,$17,$-66
14,2015-03-31,20.29,$7.26,2.79,$46.32,0.44,$-0.79,0.0,$1.10,18.45,$4.89B,$2.47B,1.98,$4.84B,$1.77B,2.73,$11.41B,$1.92B,16.82%,$11.41B,$0.56B,4.91%,$11.41B,$0.56B,4.91%,$11.41B,$0.98B,8.56%,$11.41B,$0.32B,2.79%,$11.41B,$0.27B,2.40%,$0.27B,$1.77B,13.00%,$0.27B,$1.56B,14.43%,$0.27B,$10.75B,2.70%,$0.56B,$6.61B,8.72%,$2589,$2139,$450,$42,$246,$2512,$77,$-58,$19,$2,$17,$17,$5,$172,$77,$244,247,$0.02,$0.02,$1003,$1869,$231,$4887,$4250,$350,$213,$641,$5864,$10751,$2474,$4835,$1342,$6504,$8978,$3,$-526,$-1216,$1773,$10751,$15,$95,$5,$100,$-49,$54,$-2,$-81,$-81,$34,$-149,$0,$0,$0,$-13,$-13,$81,$-81,$267,$-28,$239,$0,$0,$-31,$-19,$189,$134,$9,$-31
15,2014-12-31,20.74,$8.02,2.59,$47.12,0.44,$-1.04,0.0,$1.30,15.95,$5.04B,$2.33B,2.16,$4.86B,$1.95B,2.49,$11.58B,$1.92B,16.57%,$11.58B,$0.63B,5.47%,$11.58B,$0.63B,5.47%,$11.58B,$1.08B,9.31%,$11.58B,$0.40B,3.49%,$11.58B,$0.32B,2.79%,$0.32B,$1.95B,14.63%,$0.32B,$1.73B,16.15%,$0.32B,$10.92B,3.31%,$0.63B,$6.81B,10.17%,$2951,$2502,$449,$45,$274,$2886,$65,$-87,$-22,$12,$-34,$-34,$-38,$175,$65,$242,246,$-0.15,$-0.15,$870,$2025,$313,$5039,$4423,$350,$217,$459,$5884,$10923,$2332,$4860,$1447,$6640,$8972,$3,$-493,$-1053,$1951,$10923,$345,$445,$64,$509,$2,$-20,$86,$-173,$-94,$760,$-601,$0,$-945,$0,$-108,$-108,$48,$-1606,$1374,$0,$1374,$40,$40,$-125,$-92,$1197,$340,$28,$-125
16,2014-09-30,23.53,$9.87,2.38,$46.28,0.51,$-0.71,0.0,$1.63,14.43,$4.49B,$2.12B,2.12,$3.76B,$2.40B,1.57,$11.33B,$1.92B,16.91%,$11.33B,$0.69B,6.08%,$11.33B,$0.69B,6.08%,$11.33B,$1.15B,10.11%,$11.33B,$0.49B,4.32%,$11.33B,$0.40B,3.55%,$0.40B,$2.40B,17.85%,$0.40B,$2.20B,19.66%,$0.40B,$9.41B,4.31%,$0.69B,$6.15B,11.56%,$2884,$2369,$515,$40,$227,$2682,$202,$-48,$154,$-40,$194,$194,$188,$298,$202,$243,247,$0.77,$0.76,$592,$1788,$295,$4494,$3703,$292,$197,$506,$4915,$9409,$2122,$3758,$838,$4891,$7013,$3,$-425,$-643,$2396,$9409,$380,$335,$23,$358,$-161,$-112,$131,$-194,$-395,$343,$-351,$0,$15,$0,$-37,$-37,$36,$-337,$137,$35,$172,$32,$32,$-95,$-47,$62,$62,$22,$-95
17,2014-06-30,25.33,$9.52,2.66,$46.31,0.55,$-0.29,0.0,$1.13,22.41,$4.45B,$2.14B,2.08,$3.81B,$2.31B,1.65,$11.29B,$1.91B,16.90%,$11.29B,$0.69B,6.07%,$11.29B,$0.69B,6.07%,$11.29B,$1.16B,10.24%,$11.29B,$0.49B,4.32%,$11.29B,$0.28B,2.46%,$0.28B,$2.31B,12.96%,$0.28B,$2.10B,14.34%,$0.28B,$9.44B,3.02%,$0.69B,$6.12B,11.79%,$2988,$2483,$505,$37,$244,$2772,$216,$-49,$167,$43,$124,$124,$119,$332,$216,$242,246,$0.49,$0.48,$412,$1847,$219,$4448,$3776,$290,$205,$483,$4994,$9442,$2144,$3814,$906,$4990,$7134,$2,$-582,$-556,$2308,$9442,$186,$239,$-7,$232,$-300,$-109,$94,$-45,$-435,$-17,$-214,$0,$14,$0,$-29,$-29,$27,$-202,$153,$5,$158,$28,$28,$-64,$-19,$103,$-117,$16,$-64
18,2014-03-31,21.91,$9.02,2.43,$45.83,0.48,$-0.11,0.0,$0.84,26.09,$4.23B,$2.22B,1.91,$3.63B,$2.18B,1.67,$11.13B,$1.85B,16.65%,$11.13B,$0.61B,5.48%,$11.13B,$0.61B,5.48%,$11.13B,$1.07B,9.65%,$11.13B,$0.42B,3.76%,$11.13B,$0.21B,1.85%,$0.21B,$2.18B,10.16%,$0.21B,$1.97B,11.28%,$0.21B,$9.23B,2.28%,$0.61B,$5.80B,10.89%,$2755,$2305,$450,$36,$229,$2605,$150,$-45,$105,$36,$69,$69,$54,$273,$150,$241,245,$0.22,$0.22,$286,$1911,$202,$4228,$3794,$285,$212,$467,$4999,$9227,$2215,$3626,$917,$4835,$7050,$2,$-669,$-574,$2177,$9227,$62,$123,$-7,$116,$-149,$-172,$107,$-19,$-245,$-67,$-107,$0,$0,$0,$-11,$-11,$14,$-104,$-32,$5,$-27,$4,$4,$-30,$-18,$-71,$-243,$8,$-30
19,2013-12-31,21.96,$8.86,2.48,$45.87,0.48,$-0.08,0.0,$0.52,42.23,$4.16B,$2.16B,1.93,$3.64B,$2.13B,1.71,$11.08B,$1.75B,15.82%,$11.08B,$0.51B,4.60%,$11.08B,$0.51B,4.60%,$11.08B,$0.96B,8.65%,$11.08B,$0.28B,2.52%,$11.08B,$0.13B,1.16%,$0.13B,$2.13B,6.60%,$0.13B,$1.91B,7.33%,$0.13B,$9.19B,1.44%,$0.51B,$5.77B,9.30%,$2705,$2259,$446,$35,$245,$2584,$121,$-58,$63,$20,$43,$43,$41,$243,$121,$240,242,$0.16,$0.18,$529,$1741,$200,$4159,$3824,$285,$218,$459,$5029,$9188,$2159,$3639,$948,$4900,$7059,$2,$-687,$-577,$2129,$9188,$149,$448,$144,$592,$-11,$77,$-12,$-48,$-33,$708,$-471,$0,$-64,$0,$-104,$-104,$73,$-566,$99,$19,$118,$13,$13,$-120,$-17,$-6,$133,$29,$-120
20,2013-09-30,18.3,$8.18,2.24,$45.59,0.4,$0.45,40.62,$0.18,101.66,$4.13B,$2.10B,1.97,$3.58B,$1.96B,1.82,$10.99B,$1.73B,15.71%,$10.99B,$0.46B,4.22%,$10.99B,$0.46B,4.22%,$10.99B,$0.90B,8.17%,$10.99B,$0.16B,1.46%,$10.99B,$0.05B,0.43%,$0.05B,$1.96B,2.50%,$0.05B,$1.78B,2.77%,$0.05B,$9.02B,0.53%,$0.46B,$5.54B,8.64%,$2842,$2335,$507,$35,$238,$2644,$198,$-45,$153,$81,$72,$72,$64,$308,$198,$240,243,$0.27,$0.26,$406,$1695,$205,$4126,$3745,$274,$186,$451,$4895,$9021,$2097,$3579,$1115,$4961,$7058,$2,$-698,$-714,$1963,$9021,$107,$326,$123,$449,$-146,$118,$-18,$-77,$-168,$388,$-295,$0,$-67,$0,$-76,$-76,$50,$-388,$83,$25,$108,$4,$4,$-90,$-10,$12,$10,$21,$-90
21,2013-06-30,14.61,$7.69,1.9,$45.26,0.32,$1.35,10.86,$0.40,36.53,$3.93B,$2.09B,1.88,$3.46B,$1.84B,1.88,$10.89B,$1.76B,16.13%,$10.89B,$0.50B,4.60%,$10.89B,$0.50B,4.60%,$10.89B,$0.93B,8.57%,$10.89B,$0.19B,1.73%,$10.89B,$0.10B,0.91%,$0.10B,$1.84B,5.09%,$0.10B,$1.65B,5.62%,$0.10B,$8.65B,1.12%,$0.50B,$5.30B,9.23%,$2830,$2379,$451,$34,$233,$2689,$141,$-43,$98,$44,$54,$54,$47,$250,$141,$240,242,$0.20,$0.19,$181,$1698,$248,$3932,$3613,$246,$189,$454,$4722,$8654,$2091,$3458,$1091,$4720,$6811,$2,$-732,$-786,$1843,$8654,$37,$216,$4,$220,$-186,$79,$-60,$-106,$-259,$-2,$-181,$0,$-5,$0,$-32,$-32,$36,$-182,$34,$4,$38,$3,$3,$-60,$-8,$-27,$-215,$14,$-60
22,2013-03-31,16.29,$7.62,2.14,$45.69,0.36,$2.87,5.67,$0.73,22.31,$4.00B,$2.12B,1.89,$3.49B,$1.83B,1.91,$10.98B,$1.83B,16.70%,$10.98B,$0.61B,5.56%,$10.98B,$0.61B,5.56%,$10.98B,$1.04B,9.48%,$10.98B,$0.29B,2.60%,$10.98B,$0.18B,1.60%,$0.18B,$1.83B,8.86%,$0.18B,$1.65B,9.76%,$0.18B,$8.72B,2.00%,$0.61B,$5.32B,11.08%,$2702,$2353,$349,$36,$226,$2652,$50,$-85,$-35,$-20,$-15,$-15,$-24,$157,$50,$239,239,$-0.10,$-0.10,$256,$1797,$204,$4003,$3643,$236,$179,$441,$4716,$8719,$2123,$3493,$1115,$4771,$6894,$2,$-747,$-777,$1825,$8719,$-17,$107,$-8,$99,$-85,$-9,$10,$-28,$-156,$-74,$-89,$0,$-7,$0,$-5,$-5,$16,$-85,$50,$9,$59,$3,$3,$-30,$-11,$21,$-140,$8,$-30
23,2012-12-31,13.84,$7.96,1.74,$46.52,0.3,$4.01,3.45,$1.51,9.17,$4.12B,$2.18B,1.89,$3.42B,$1.90B,1.8,$11.19B,$2.03B,18.18%,$11.19B,$0.85B,7.55%,$11.19B,$0.85B,7.55%,$11.19B,$1.28B,11.42%,$11.19B,$0.55B,4.89%,$11.19B,$0.36B,3.24%,$0.36B,$1.90B,17.84%,$0.36B,$1.71B,19.64%,$0.36B,$8.88B,4.09%,$0.85B,$5.31B,15.13%,$2619,$2199,$420,$40,$278,$2544,$75,$-131,$-56,$-17,$-39,$-39,$-40,$183,$75,$238,241,$-0.17,$-0.17,$396,$1819,$222,$4119,$3745,$238,$185,$366,$4765,$8884,$2181,$3418,$1161,$4807,$6988,$2,$-687,$-744,$1896,$8884,$373,$432,$125,$557,$0,$-248,$146,$-77,$-156,$774,$-412,$0,$-12,$0,$-127,$-127,$80,$-471,$-326,$-32,$-358,$3,$3,$-96,$-22,$-473,$-167,$27,$-96
24,2012-09-30,12.92,$9.31,1.39,$46.52,0.28,$2.65,4.88,$2.12,6.09,$4.24B,$1.91B,2.23,$3.55B,$2.22B,1.6,$11.20B,$2.00B,17.88%,$11.20B,$0.91B,8.13%,$11.20B,$0.91B,8.13%,$11.20B,$1.35B,12.02%,$11.20B,$0.69B,6.16%,$11.20B,$0.51B,4.54%,$0.51B,$2.22B,25.34%,$0.51B,$2.04B,28.02%,$0.51B,$8.95B,5.76%,$0.91B,$5.77B,16.15%,$2741,$2204,$537,$35,$220,$2506,$235,$-54,$181,$61,$120,$120,$116,$343,$235,$238,241,$0.49,$0.48,$444,$1807,$234,$4242,$3626,$223,$181,$482,$4704,$8946,$1905,$3553,$910,$4825,$6730,$2,$-623,$-483,$2216,$8946,$411,$324,$120,$444,$-102,$-252,$122,$-82,$-299,$556,$-248,$0,$-18,$0,$-84,$-84,$51,$-299,$-272,$-20,$-292,$2,$2,$-72,$-16,$-378,$-119,$21,$-72
25,2012-06-30,11.12,$8.43,1.32,$47.66,0.23,$0.56,19.87,$1.50,7.42,$4.11B,$1.85B,2.22,$3.61B,$2.01B,1.8,$11.44B,$1.96B,17.11%,$11.44B,$0.75B,6.58%,$11.44B,$0.75B,6.58%,$11.44B,$1.19B,10.43%,$11.44B,$0.52B,4.56%,$11.44B,$0.36B,3.13%,$0.36B,$2.01B,18.51%,$0.36B,$1.82B,20.63%,$0.36B,$8.73B,4.05%,$0.75B,$5.61B,13.33%,$2914,$2387,$527,$38,$232,$2664,$250,$-55,$195,$65,$130,$130,$124,$357,$250,$238,241,$0.52,$0.52,$461,$1645,$209,$4109,$3536,$223,$184,$486,$4620,$8729,$1848,$3605,$929,$4875,$6723,$2,$-715,$-589,$2006,$8729,$291,$216,$70,$286,$-183,$-139,$100,$-11,$-229,$348,$-163,$0,$-2,$0,$-60,$-60,$40,$-185,$-151,$-55,$-206,$1,$1,$-48,$-11,$-264,$-102,$15,$-48
26,2012-03-31,11.94,$8.50,1.41,$47.59,0.25,$-0.71,0.0,$1.45,8.24,$4.21B,$1.99B,2.12,$3.63B,$2.02B,1.8,$11.46B,$1.93B,16.85%,$11.46B,$0.72B,6.30%,$11.46B,$0.72B,6.30%,$11.46B,$1.17B,10.19%,$11.46B,$0.49B,4.23%,$11.46B,$0.35B,3.04%,$0.35B,$2.02B,17.47%,$0.35B,$1.83B,19.50%,$0.35B,$8.95B,3.86%,$0.72B,$5.65B,12.52%,$2913,$2363,$550,$39,$221,$2628,$285,$-58,$227,$60,$167,$167,$163,$394,$285,$237,240,$0.69,$0.68,$478,$1638,$196,$4209,$3648,$223,$195,$476,$4744,$8953,$1986,$3632,$987,$4947,$6933,$2,$-815,$-468,$2020,$8953,$163,$109,$49,$158,$-239,$-65,$186,$38,$-131,$190,$-81,$0,$-2,$0,$-34,$-34,$8,$-109,$-126,$-17,$-143,$1,$1,$-24,$-10,$-176,$-91,$10,$-24
27,2011-12-31,8.46,$7.53,1.12,$46.48,0.18,$-1.93,0.0,$1.03,8.22,$3.95B,$1.83B,2.16,$3.73B,$1.78B,2.1,$11.22B,$1.84B,16.40%,$11.22B,$0.61B,5.40%,$11.22B,$0.61B,5.40%,$11.22B,$1.05B,9.31%,$11.22B,$0.36B,3.21%,$11.22B,$0.25B,2.20%,$0.25B,$1.78B,12.42%,$0.25B,$1.57B,13.86%,$0.25B,$8.66B,2.73%,$0.61B,$5.51B,10.41%,$2632,$2243,$389,$43,$230,$2492,$140,$-53,$87,$-2,$89,$89,$105,$252,$140,$238,242,$0.44,$0.43,$562,$1539,$245,$3946,$3622,$202,$205,$482,$4711,$8657,$1826,$3734,$1012,$5055,$6881,$2,$-947,$-559,$1776,$8657,$254,$439,$7,$446,$-121,$-161,$24,$-189,$-335,$365,$-330,$0,$14,$0,$-26,$-26,$62,$-280,$-344,$17,$-327,$-47,$-47,$-105,$-11,$-490,$-412,$24,$-105
28,2011-09-30,8.1,$8.20,0.99,$45.81,0.18,$-3.32,0.0,$0.71,11.41,$4.27B,$1.96B,2.18,$3.85B,$1.93B,1.99,$11.00B,$1.83B,16.64%,$11.00B,$0.54B,4.87%,$11.00B,$0.54B,4.87%,$11.00B,$0.97B,8.84%,$11.00B,$0.30B,2.68%,$11.00B,$0.17B,1.56%,$0.17B,$1.93B,8.57%,$0.17B,$1.73B,9.55%,$0.17B,$9.01B,1.90%,$0.54B,$5.79B,9.22%,$2976,$2486,$490,$42,$217,$2899,$77,$-64,$13,$55,$-42,$-42,$-34,$190,$77,$238,238,$-0.14,$-0.14,$459,$1687,$292,$4274,$3659,$206,$209,$469,$4734,$9008,$1958,$3851,$941,$5116,$7074,$2,$-1029,$-337,$1934,$9008,$159,$327,$63,$390,$-314,$-273,$81,$-141,$-524,$25,$-217,$0,$-16,$0,$-17,$-17,$50,$-200,$-198,$-4,$-202,$-55,$-55,$-77,$-1,$-335,$-513,$19,$-77
29,2011-06-30,15.66,$9.33,1.68,$43.25,0.36,$-4.51,0.0,$1.08,14.5,$4.58B,$2.20B,2.08,$3.89B,$2.24B,1.74,$10.43B,$1.76B,16.84%,$10.43B,$0.63B,6.04%,$10.43B,$0.63B,6.04%,$10.43B,$1.05B,10.10%,$10.43B,$0.38B,3.64%,$10.43B,$0.26B,2.50%,$0.26B,$2.24B,13.08%,$0.26B,$2.02B,14.57%,$0.26B,$9.48B,2.89%,$0.63B,$6.13B,10.81%,$2934,$2433,$501,$42,$256,$2714,$220,$-62,$158,$34,$124,$124,$114,$331,$220,$239,244,$0.48,$0.47,$690,$1746,$271,$4580,$3825,$192,$220,$465,$4896,$9476,$2199,$3890,$844,$5041,$7240,$2,$-970,$-142,$2236,$9476,$191,$214,$4,$218,$-325,$-270,$200,$-132,$-408,$1,$-124,$0,$-20,$0,$-10,$-10,$43,$-111,$-114,$-8,$-122,$3,$3,$-48,$-11,$-178,$-283,$16,$-48
30,2011-03-31,14.36,$8.40,1.71,$40.94,0.35,$-6.16,0.0,$1.08,13.3,$4.32B,$2.04B,2.11,$3.86B,$2.01B,1.92,$9.84B,$1.64B,16.68%,$9.84B,$0.55B,5.63%,$9.84B,$0.55B,5.63%,$9.84B,$0.96B,9.80%,$9.84B,$0.32B,3.20%,$9.84B,$0.26B,2.65%,$0.26B,$2.01B,14.08%,$0.26B,$1.82B,15.78%,$0.26B,$9.04B,3.01%,$0.55B,$5.87B,9.82%,$2679,$2219,$460,$39,$218,$2510,$169,$-67,$102,$22,$80,$80,$62,$272,$169,$238,243,$0.26,$0.26,$639,$1608,$251,$4315,$3640,$236,$193,$466,$4725,$9040,$2044,$3861,$828,$4988,$7032,$2,$-1060,$-202,$2008,$9040,$67,$103,$-4,$99,$-287,$-171,$213,$-118,$-290,$-124,$-60,$0,$0,$0,$-6,$-6,$9,$-57,$-120,$-5,$-125,$2,$2,$-24,$-9,$-156,$-334,$8,$-24
31,2010-12-31,12.82,$7.81,1.64,$38.83,0.33,$-7.30,0.0,$0.09,142.44,$4.01B,$2.05B,1.95,$3.63B,$1.85B,1.96,$9.25B,$1.46B,15.79%,$9.25B,$0.41B,4.43%,$9.25B,$0.41B,4.43%,$9.25B,$0.82B,8.81%,$9.25B,$0.02B,0.22%,$9.25B,$0.03B,0.29%,$0.03B,$1.85B,1.53%,$0.03B,$1.65B,1.73%,$0.03B,$8.71B,0.32%,$0.41B,$5.48B,7.39%,$2412,$2032,$380,$40,$233,$2342,$70,$-48,$22,$-17,$39,$39,$30,$180,$70,$236,236,$0.13,$0.14,$973,$1396,$164,$4008,$3605,$234,$199,$495,$4706,$8714,$2053,$3631,$866,$4811,$6864,$2,$-1090,$-297,$1850,$8714,$32,$405,$294,$699,$-437,$-207,$83,$-172,$-755,$-58,$-236,$0,$2,$0,$-27,$-27,$79,$-182,$-586,$329,$-257,$3,$3,$-96,$-193,$-543,$-779,$27,$-96
32,2010-09-30,9.43,$7.98,1.18,$37.27,0.25,$-2.22,0.0,$0.23,41.02,$4.25B,$1.86B,2.29,$3.96B,$1.89B,2.1,$8.90B,$1.44B,16.12%,$8.90B,$0.42B,4.74%,$8.90B,$0.42B,4.74%,$8.90B,$0.82B,9.22%,$8.90B,$0.01B,0.07%,$8.90B,$0.06B,0.71%,$0.06B,$1.89B,3.57%,$0.06B,$1.68B,4.05%,$0.06B,$8.87B,0.74%,$0.42B,$5.85B,7.55%,$2401,$1986,$415,$39,$202,$2230,$171,$-73,$98,$41,$57,$57,$55,$270,$171,$236,241,$0.23,$0.23,$1011,$1375,$146,$4245,$3594,$234,$206,$472,$4621,$8866,$1857,$3957,$828,$5121,$6978,$2,$-1096,$-249,$1888,$8866,$0,$295,$277,$572,$-572,$-184,$61,$-178,$-888,$-350,$-132,$0,$0,$0,$-4,$-4,$51,$-85,$-384,$326,$-58,$-4,$-4,$-72,$-180,$-314,$-742,$19,$-72
33,2010-06-30,7.01,$7.06,0.99,$36.18,0.19,$3.06,2.29,$-0.29,0.0,$3.77B,$1.59B,2.38,$3.70B,$1.67B,2.22,$8.58B,$1.36B,15.88%,$8.58B,$0.34B,4.00%,$8.58B,$0.34B,4.00%,$8.58B,$0.76B,8.80%,$8.58B,$-0.10B,-1.14%,$8.58B,$-0.06B,-0.70%,$-0.06B,$1.67B,-3.49%,$-0.06B,$1.47B,-3.99%,$-0.06B,$8.07B,-0.71%,$0.34B,$5.37B,6.16%,$2343,$1958,$385,$36,$208,$2199,$144,$-51,$93,$39,$54,$54,$114,$242,$144,$236,241,$0.48,$0.47,$773,$1324,$129,$3773,$3241,$267,$201,$474,$4292,$8065,$1585,$3703,$795,$4810,$6395,$2,$-1127,$-395,$1670,$8065,$-56,$196,$200,$396,$-516,$-205,$127,$-124,$-748,$-442,$-78,$0,$0,$0,$-4,$-4,$33,$-49,$-520,$258,$-262,$2,$2,$-48,$-172,$-480,$-979,$12,$-48
34,2010-03-31,9.64,$6.93,1.39,$33.25,0.29,$8.57,1.12,$0.75,12.85,$3.95B,$1.78B,2.22,$3.86B,$1.64B,2.36,$8.08B,$1.21B,14.98%,$8.08B,$0.20B,2.46%,$8.08B,$0.20B,2.46%,$8.08B,$0.61B,7.59%,$8.08B,$0.53B,6.54%,$8.08B,$0.23B,2.87%,$0.23B,$1.64B,13.33%,$0.23B,$1.42B,15.29%,$0.23B,$8.39B,2.66%,$0.20B,$5.50B,3.52%,$2094,$1813,$281,$36,$218,$2069,$25,$-218,$-193,$-34,$-159,$-159,$-172,$123,$25,$235,235,$-0.73,$-0.73,$1118,$1248,$132,$3953,$3373,$252,$214,$434,$4434,$8387,$1780,$3864,$816,$4969,$6749,$2,$-1217,$-331,$1638,$8387,$-172,$98,$150,$248,$-368,$-96,$153,$-117,$-484,$-408,$-37,$0,$0,$0,$-3,$-3,$-3,$-43,$-257,$267,$10,$2,$2,$-24,$-172,$-184,$-635,$7,$-24
35,2009-12-31,8.96,$7.97,1.12,$31.52,0.28,$10.04,0.89,$0.24,37.34,$4.14B,$1.81B,2.29,$3.79B,$1.87B,2.03,$7.67B,$1.08B,14.06%,$7.67B,$0.10B,1.32%,$7.67B,$0.10B,1.32%,$7.67B,$0.54B,7.08%,$7.67B,$0.57B,7.42%,$7.67B,$0.11B,1.49%,$0.11B,$1.87B,6.95%,$0.11B,$1.65B,8.08%,$0.11B,$8.63B,1.35%,$0.10B,$5.65B,1.84%,$2064,$1710,$354,$37,$244,$1982,$82,$-74,$8,$-73,$81,$81,$66,$186,$82,$234,238,$0.28,$0.50,$1750,$1184,$109,$4140,$3516,$250,$219,$355,$4486,$8626,$1811,$3786,$875,$4950,$6761,$2,$-1015,$-287,$1865,$8626,$112,$442,$291,$733,$-88,$351,$35,$-5,$259,$1104,$-189,$0,$-26,$0,$-15,$-15,$25,$-205,$272,$28,$300,$-2,$-2,$-96,$-18,$184,$1088,$20,$-96
36,2009-09-30,7.16,$7.28,0.98,$30.92,0.23,$7.69,0.93,$2.51,2.85,$4.08B,$1.61B,2.53,$4.03B,$1.70B,2.37,$7.49B,$0.91B,12.08%,$7.49B,$-0.05B,-0.60%,$7.49B,$-0.05B,-0.60%,$7.49B,$0.40B,5.35%,$7.49B,$1.22B,16.26%,$7.49B,$0.65B,8.62%,$0.65B,$1.70B,40.84%,$0.65B,$1.48B,47.97%,$0.65B,$8.71B,7.79%,$-0.05B,$5.74B,-0.83%,$2075,$1733,$342,$36,$214,$1983,$92,$-98,$-6,$68,$-74,$-74,$-68,$204,$92,$234,234,$-0.29,$-0.29,$1626,$1113,$107,$4080,$3562,$263,$227,$366,$4630,$8710,$1613,$4033,$1017,$5394,$7007,$2,$-1054,$-404,$1703,$8710,$44,$338,$363,$701,$-225,$424,$25,$-49,$162,$907,$-140,$0,$-26,$0,$0,$0,$2,$-164,$346,$-41,$305,$0,$0,$-71,$-20,$214,$962,$14,$-71
37,2009-06-30,3.91,$7.50,0.52,$33.75,0.12,$3.22,1.21,$2.71,1.44,$4.55B,$2.13B,2.13,$4.00B,$1.75B,2.28,$8.15B,$0.91B,11.21%,$8.15B,$-0.04B,-0.50%,$8.15B,$-0.04B,-0.50%,$8.15B,$0.39B,4.80%,$8.15B,$1.22B,14.96%,$8.15B,$0.69B,8.52%,$0.69B,$1.75B,43.68%,$0.69B,$1.52B,51.50%,$0.69B,$9.15B,8.44%,$-0.04B,$5.75B,-0.77%,$1846,$1613,$233,$36,$198,$1846,$0,$719,$719,$311,$408,$408,$406,$100,$0,$234,271,$1.74,$1.51,$2301,$1162,$96,$4549,$3588,$262,$232,$352,$4604,$9153,$2133,$3995,$1019,$5266,$7399,$2,$-962,$-441,$1754,$9153,$112,$226,$275,$501,$-26,$352,$-81,$18,$396,$1009,$-100,$0,$-23,$0,$0,$0,$3,$-120,$808,$-10,$798,$0,$0,$-47,$-4,$747,$1638,$9,$-47
38,2009-03-31,2.4,$5.29,0.45,$39.33,0.06,$-1.00,0.0,$1.30,1.84,$2.79B,$1.31B,2.13,$3.62B,$1.24B,2.92,$9.20B,$1.06B,11.55%,$9.20B,$0.06B,0.70%,$9.20B,$0.06B,0.70%,$9.20B,$0.49B,5.37%,$9.20B,$0.53B,5.81%,$9.20B,$0.31B,3.39%,$0.31B,$1.24B,19.10%,$0.31B,$1.00B,22.52%,$0.31B,$7.27B,3.84%,$0.06B,$4.86B,1.22%,$1680,$1531,$149,$36,$194,$1753,$-73,$-79,$-152,$138,$-290,$-290,$-290,$53,$-73,$234,234,$-1.24,$-1.24,$473,$1333,$94,$2785,$3471,$265,$236,$350,$4485,$7270,$1305,$3618,$980,$4727,$6032,$2,$-1344,$-571,$1238,$7270,$-294,$126,$145,$271,$57,$114,$-113,$-2,$-15,$-38,$-61,$0,$-1,$0,$0,$0,$0,$-62,$-26,$-35,$-61,$0,$0,$-23,$0,$-84,$-187,$5,$-23
39,2008-12-31,2.55,$6.99,0.36,$43.01,0.06,$-1.09,0.0,$2.57,0.99,$3.24B,$1.61B,2.02,$3.68B,$1.63B,2.26,$10.06B,$1.28B,12.73%,$10.06B,$0.23B,2.27%,$10.06B,$0.23B,2.27%,$10.06B,$0.63B,6.23%,$10.06B,$0.70B,6.98%,$10.06B,$0.61B,6.06%,$0.61B,$1.63B,33.67%,$0.61B,$1.39B,39.21%,$0.61B,$8.06B,7.19%,$0.23B,$5.32B,4.22%,$1889,$1708,$181,$36,$179,$1953,$-64,$721,$657,$148,$509,$509,$598,$44,$-64,$232,234,$2.58,$2.56,$662,$1500,$99,$3240,$3649,$267,$245,$364,$4818,$8058,$1605,$3683,$1021,$4821,$6426,$2,$-1031,$-489,$1632,$8058,$610,$398,$99,$497,$263,$-119,$-186,$-234,$-340,$767,$-418,$0,$-28,$0,$-40,$-40,$-3,$-489,$252,$85,$337,$0,$0,$-97,$-10,$230,$503,$20,$-93
40,2008-09-30,9.17,$7.41,1.24,$45.70,0.2,$-5.66,0.0,$0.05,183.36,$3.18B,$2.34B,1.36,$3.51B,$1.73B,2.03,$10.67B,$1.46B,13.68%,$10.67B,$0.45B,4.25%,$10.67B,$0.45B,4.25%,$10.67B,$0.84B,7.91%,$10.67B,$0.13B,1.17%,$10.67B,$0.01B,0.12%,$0.01B,$1.73B,0.70%,$0.01B,$1.48B,0.81%,$0.01B,$8.41B,0.15%,$0.45B,$5.24B,8.40%,$2731,$2381,$350,$39,$231,$2635,$96,$-101,$-5,$17,$-22,$-22,$-20,$194,$96,$234,234,$-0.09,$-0.09,$113,$1541,$94,$3179,$3784,$266,$253,$561,$5232,$8411,$2336,$3511,$612,$4343,$6679,$2,$-1607,$211,$1731,$8411,$18,$290,$41,$331,$-53,$-98,$-3,$-180,$-314,$46,$-325,$-9,$-26,$0,$-37,$-37,$-3,$-400,$22,$367,$389,$-4,$-4,$-74,$-2,$309,$-47,$16,$-70
41,2008-06-30,8.22,$8.28,0.99,$44.98,0.18,$-6.38,0.0,$-0.54,0.0,$3.33B,$2.37B,1.41,$3.57B,$1.93B,1.85,$10.36B,$1.51B,14.58%,$10.36B,$0.50B,4.81%,$10.36B,$0.50B,4.81%,$10.36B,$0.89B,8.57%,$10.36B,$-0.02B,-0.21%,$10.36B,$-0.12B,-1.13%,$-0.12B,$1.93B,-6.39%,$-0.12B,$1.67B,-7.47%,$-0.12B,$8.75B,-1.38%,$0.50B,$5.51B,9.26%,$2896,$2514,$382,$40,$234,$2791,$105,$-71,$34,$21,$13,$13,$24,$203,$105,$234,234,$0.10,$0.10,$144,$1565,$111,$3325,$3927,$270,$261,$572,$5422,$8747,$2367,$3573,$660,$4446,$6813,$2,$-1563,$374,$1934,$8747,$38,$192,$18,$210,$-91,$-45,$42,$-132,$-239,$20,$-224,$0,$-26,$0,$-41,$-41,$0,$-291,$-12,$324,$312,$0,$0,$-51,$-6,$255,$-13,$11,$-47
42,2008-03-31,16.91,$8.30,2.04,$43.17,0.39,$-6.35,0.0,$-1.00,0.0,$3.33B,$2.27B,1.47,$3.59B,$1.94B,1.85,$9.94B,$1.52B,15.26%,$9.94B,$0.52B,5.24%,$9.94B,$0.52B,5.24%,$9.94B,$0.92B,9.26%,$9.94B,$-0.01B,-0.13%,$9.94B,$-0.21B,-2.13%,$-0.21B,$1.94B,-11.91%,$-0.21B,$1.67B,-14.01%,$-0.21B,$8.68B,-2.52%,$0.52B,$5.53B,9.78%,$2540,$2173,$367,$39,$227,$2449,$91,$-75,$16,$4,$12,$12,$7,$185,$91,$227,234,$0.03,$0.03,$166,$1648,$129,$3334,$3938,$233,$265,$521,$5346,$8680,$2265,$3587,$692,$4476,$6741,$2,$-1563,$384,$1939,$8680,$11,$94,$11,$105,$28,$-124,$42,$-67,$-126,$-10,$-109,$0,$-22,$0,$0,$0,$1,$-130,$16,$161,$177,$0,$0,$-27,$-1,$149,$12,$6,$-23
43,2007-12-31,18.38,$8.26,2.22,$41.96,0.44,$-6.42,0.0,$-0.83,0.0,$3.10B,$1.98B,1.57,$3.51B,$1.54B,2.28,$9.65B,$1.54B,15.97%,$9.65B,$0.58B,5.99%,$9.65B,$0.58B,5.99%,$9.65B,$0.99B,10.28%,$9.65B,$0.03B,0.32%,$9.65B,$-0.17B,-1.78%,$-0.17B,$1.83B,-9.88%,$-0.17B,$1.56B,-11.69%,$-0.17B,$8.17B,-2.05%,$0.58B,$5.33B,10.97%,$2504,$2143,$361,$40,$232,$2342,$162,$-83,$80,$-3,$83,$69,$2,$262,$162,$221,233,$0.01,$0.04,$154,$1452,$117,$3095,$3763,$228,$266,$456,$5071,$8166,$1975,$3505,$679,$4365,$6340,$2,$-1540,$257,$1826,$8166,$-181,$413,$101,$514,$56,$-74,$-148,$-132,$-385,$-52,$-665,$0,$863,$0,$-3,$-3,$5,$200,$-156,$-6,$-162,$0,$0,$-102,$-5,$-269,$-109,$26,$-88
44,2007-09-30,18.87,$7.36,2.56,$37.09,0.51,$-1.88,0.0,$-0.50,0.0,$3.17B,$2.12B,1.49,$3.56B,$1.34B,2.66,$8.52B,$1.47B,17.20%,$8.52B,$0.45B,5.25%,$8.52B,$0.45B,5.25%,$8.52B,$0.87B,10.24%,$8.52B,$-0.11B,-1.34%,$8.52B,$-0.09B,-1.10%,$-0.09B,$1.63B,-5.47%,$-0.09B,$1.36B,-6.50%,$-0.09B,$8.32B,-1.11%,$0.45B,$5.19B,8.54%,$2424,$2023,$401,$35,$214,$2283,$141,$-294,$-152,$-13,$-139,$-136,$-150,$238,$141,$221,221,$-0.68,$-0.68,$151,$1459,$123,$3171,$4006,$221,$270,$424,$5150,$8321,$2122,$3560,$930,$4571,$6694,$2,$-1521,$44,$1627,$8321,$-174,$313,$137,$450,$-14,$-50,$-50,$-22,$-232,$43,$-467,$0,$377,$0,$-1,$-1,$0,$-91,$5,$3,$8,$0,$0,$-77,$-5,$-74,$-113,$19,$-66
45,2007-06-30,17.25,$7.83,2.2,$36.04,0.48,$1.26,13.73,$-0.18,0.0,$3.38B,$2.19B,1.54,$3.53B,$1.44B,2.44,$8.41B,$1.41B,16.79%,$8.41B,$0.44B,5.28%,$8.41B,$0.44B,5.28%,$8.41B,$0.89B,10.60%,$8.41B,$0.07B,0.88%,$8.41B,$-0.13B,-1.50%,$-0.13B,$1.73B,-7.03%,$-0.13B,$1.46B,-8.32%,$-0.13B,$8.52B,-1.44%,$0.44B,$5.26B,8.16%,$2471,$2084,$388,$36,$218,$2344,$127,$-84,$43,$-8,$51,$63,$-71,$235,$127,$221,234,$-0.32,$-0.30,$168,$1348,$304,$3375,$3825,$216,$268,$586,$5140,$8515,$2188,$3525,$948,$4598,$6785,$2,$-1349,$-19,$1730,$8515,$-24,$217,$172,$389,$-185,$30,$13,$33,$-280,$85,$-283,$0,$43,$0,$-10,$-10,$-1,$-250,$-44,$166,$122,$0,$0,$-51,$-6,$64,$-96,$12,$-44
46,2007-03-31,13.48,$8.08,1.67,$35.70,0.38,$2.58,5.22,$1.31,10.29,$3.41B,$2.13B,1.6,$3.52B,$1.50B,2.35,$8.33B,$1.42B,17.04%,$8.33B,$0.61B,7.33%,$8.33B,$0.61B,7.33%,$8.33B,$1.07B,12.80%,$8.33B,$0.22B,2.63%,$8.33B,$0.21B,2.50%,$0.21B,$1.78B,11.28%,$0.21B,$1.51B,13.33%,$0.21B,$8.61B,2.32%,$0.61B,$5.30B,10.74%,$2252,$1861,$391,$33,$207,$2104,$148,$-88,$60,$12,$48,$47,$47,$257,$148,$221,233,$0.21,$0.20,$144,$1582,$171,$3406,$4107,$213,$278,$402,$5208,$8613,$2125,$3516,$964,$4704,$6829,$2,$-1255,$-41,$1784,$8613,$47,$109,$11,$121,$-103,$-60,$46,$-13,$-198,$-31,$-105,$0,$16,$0,$-9,$-9,$-0,$-99,$-52,$88,$35,$0,$0,$-26,$-3,$7,$-120,$5,$-22
47,2006-12-31,13.32,$7.87,1.69,$37.45,0.36,$3.06,4.35,$1.41,9.45,$3.33B,$2.07B,1.61,$3.46B,$1.45B,2.39,$8.73B,$1.42B,16.29%,$8.73B,$0.66B,7.56%,$8.73B,$0.66B,7.56%,$8.73B,$1.12B,12.87%,$8.73B,$0.26B,2.99%,$8.73B,$0.23B,2.63%,$0.23B,$1.74B,12.75%,$0.23B,$1.46B,15.19%,$0.23B,$8.45B,2.55%,$0.66B,$5.20B,11.23%,$1372,$1088,$285,$26,$220,$1342,$31,$-96,$-65,$-65,$0,$-2,$80,$143,$31,$221,233,$0.37,$0.34,$263,$1520,$176,$3332,$4059,$201,$278,$380,$5113,$8445,$2073,$3461,$953,$4635,$6708,$2,$-1278,$-61,$1737,$8445,$230,$465,$107,$572,$228,$-59,$22,$-123,$90,$892,$-550,$0,$718,$0,$0,$0,$6,$174,$-912,$-2,$-914,$0,$0,$-14,$-33,$-961,$120,$18,$0
