,Date,Stock Price,Book Value per Share,Price to Book Ratio,TTM Sales per Share,Price to Sales Ratio,TTM FCF per Share,Price to FCF Ratio,TTM Net EPS,PE Ratio,Current Assets,Current Liabilities,Current Ratio,Long Term Debt,Shareholder's Equity_x,Debt to Equity Ratio,TTM Revenue_x,TTM Gross Profit,Gross Margin,TTM Revenue_y,TTM Operating Income,Operating Margin,TTM Revenue_x,TTM EBIT,EBIT Margin,TTM Revenue_y,TTM EBITDA,EBITDA Margin,TTM Revenue_x,TTM Pre-Tax Income,Pre-Tax Margin,TTM Revenue_y,TTM Net Income_x,Net Margin,TTM Net Income_y,Shareholder's Equity_y,Return on Equity,TTM Net Income_x,Tangible Equity,Return on Tangible Equity,TTM Net Income_y,Total Assets,Return on Assets,TTM Net Income,LT Investments & Debt,Return on Investment,revenue,cost-goods-sold,gross-profit,research-development-expenses,selling-general-administrative-expenses,operating-expenses,operating-income,total-non-operating-income-expense,pre-tax-income,total-provision-income-taxes,income-after-taxes,income-from-continuous-operations,net-income,ebitda,ebit,basic-shares-outstanding,shares-outstanding,eps-basic-net-earnings-per-share,eps-earnings-per-share-diluted,cash-on-hand,inventory,other-current-assets,total-current-assets,net-property-plant-equipment,long-term-investments,goodwill-intangible-assets-total,other-long-term-assets,total-long-term-assets,total-assets,total-current-liabilities,long-term-debt,other-non-current-liabilities,total-long-term-liabilities,total-liabilities,common-stock-net,retained-earnings-accumulated-deficit,comprehensive-income,total-share-holder-equity,total-liabilities-share-holders-equity,net-income-loss,total-depreciation-amortization-cash-flow,other-non-cash-items,total-non-cash-items,change-in-accounts-receivable,change-in-inventories,change-in-accounts-payable,change-in-assets-liabilities,total-change-in-assets-liabilities,cash-flow-from-operating-activities,net-change-in-property-plant-equipment,net-change-in-intangible-assets,net-acquisitions-divestitures,net-change-in-short-term-investments,net-change-in-long-term-investments,net-change-in-investments-total,investing-activities-other,cash-flow-from-investing-activities,net-long-term-debt,net-current-debt,debt-issuance-retirement-net-total,net-common-equity-issued-repurchased,net-total-equity-issued-repurchased,total-common-preferred-stock-dividends-paid,financial-activities-other,cash-flow-from-financial-activities,net-cash-flow,stock-based-compensation,common-stock-dividends-paid
0,2018-07-31,44.3,$32.17,1.38,$43.50,1.02,$10.17,4.36,$2.93,15.12,$0.27B,$0.08B,3.27,$0.00B,$0.22B,0.0,$0.29B,$0.09B,29.69%,$0.29B,$0.03B,10.58%,$0.29B,$0.03B,10.58%,$0.29B,$0.04B,11.95%,$0.29B,$0.03B,10.24%,$0.29B,$0.02B,6.83%,$0.02B,$0.22B,9.51%,$0.02B,$0.21B,9.66%,$0.02B,$0.31B,6.71%,$0.03B,$0.22B,14.74%,$79,$54,$25,$0,$15,$69,$9,$-0,$9,$3,$7,$7,$6,$10,$9,$7,7,$0.96,$0.95,$77,$136,$4,$273,$13,$8,$3,$0,$35,$308,$84,$0,$2,$9,$92,$1,$160,$-9,$216,$308,$13,$3,$3,$6,$4,$-17,$12,$-2,$-2,$18,$-3,$-2,$0,$0,$0,$0,$0,$-4,$0,$0,$0,$1,$1,$-2,$-1,$-2,$11,$2,$-2
1,2018-04-30,44.09,$31.63,1.39,$40.97,1.08,$11.36,3.88,$2.56,17.22,$0.27B,$0.08B,3.3,$0.00B,$0.21B,0.0,$0.28B,$0.08B,29.09%,$0.28B,$0.03B,9.82%,$0.28B,$0.03B,9.82%,$0.28B,$0.03B,11.27%,$0.28B,$0.03B,9.45%,$0.28B,$0.02B,6.55%,$0.02B,$0.21B,8.76%,$0.02B,$0.21B,8.91%,$0.02B,$0.30B,6.21%,$0.03B,$0.21B,13.14%,$70,$51,$19,$0,$13,$64,$6,$-1,$5,$2,$4,$4,$4,$7,$6,$7,7,$0.55,$0.55,$76,$135,$4,$267,$13,$8,$4,$0,$35,$302,$81,$0,$2,$8,$89,$1,$155,$-6,$212,$302,$7,$2,$2,$4,$9,$-13,$10,$-1,$3,$13,$-2,$-1,$0,$0,$0,$0,$0,$-3,$0,$0,$0,$1,$1,$-1,$-1,$-1,$10,$1,$-1
2,2018-01-31,44.93,$31.39,1.43,$39.32,1.14,$12.79,3.51,$2.55,17.62,$0.27B,$0.08B,3.22,$0.00B,$0.21B,0.0,$0.26B,$0.08B,29.66%,$0.26B,$0.03B,9.89%,$0.26B,$0.03B,9.89%,$0.26B,$0.03B,11.41%,$0.26B,$0.03B,9.89%,$0.26B,$0.02B,6.84%,$0.02B,$0.21B,8.98%,$0.02B,$0.21B,9.14%,$0.02B,$0.30B,6.44%,$0.03B,$0.21B,12.97%,$68,$48,$20,$0,$13,$61,$7,$0,$7,$5,$3,$3,$3,$8,$7,$7,7,$0.44,$0.43,$80,$132,$4,$266,$13,$8,$4,$0,$35,$301,$82,$0,$2,$8,$91,$1,$152,$-4,$210,$301,$3,$1,$1,$2,$10,$-7,$8,$-0,$10,$14,$-1,$-1,$0,$0,$0,$0,$0,$-1,$0,$0,$0,$0,$0,$-1,$-1,$-1,$14,$1,$-1
3,2017-10-31,44.43,$30.58,1.45,$36.48,1.22,$13.04,3.41,$2.25,19.75,$0.25B,$0.07B,3.48,$0.00B,$0.20B,0.0,$0.24B,$0.07B,29.10%,$0.24B,$0.02B,8.20%,$0.24B,$0.02B,8.20%,$0.24B,$0.02B,9.84%,$0.24B,$0.02B,8.20%,$0.24B,$0.02B,6.56%,$0.02B,$0.20B,8.22%,$0.02B,$0.20B,8.37%,$0.02B,$0.28B,5.99%,$0.02B,$0.20B,10.27%,$76,$53,$23,$0,$14,$67,$9,$-0,$9,$2,$7,$7,$7,$10,$9,$7,7,$1.01,$1.00,$66,$120,$2,$246,$12,$7,$4,$0,$35,$282,$71,$0,$0,$8,$79,$1,$149,$-8,$203,$282,$15,$4,$1,$5,$1,$2,$9,$-1,$10,$30,$-2,$-2,$0,$0,$0,$0,$0,$-4,$0,$0,$0,$1,$1,$-3,$-0,$-2,$25,$2,$-3
4,2017-07-31,32.63,$29.74,1.1,$35.10,0.93,$7.55,4.32,$1.70,19.19,$0.24B,$0.07B,3.45,$0.00B,$0.20B,0.0,$0.23B,$0.07B,29.06%,$0.23B,$0.02B,6.84%,$0.23B,$0.02B,6.84%,$0.23B,$0.02B,8.55%,$0.23B,$0.02B,6.84%,$0.23B,$0.01B,5.13%,$0.01B,$0.20B,6.31%,$0.01B,$0.19B,6.43%,$0.01B,$0.27B,4.62%,$0.02B,$0.20B,8.41%,$61,$43,$18,$0,$12,$56,$5,$0,$5,$1,$4,$4,$4,$6,$5,$7,7,$0.58,$0.58,$61,$128,$3,$239,$12,$7,$4,$0,$35,$274,$69,$0,$1,$8,$78,$1,$143,$-7,$197,$274,$8,$3,$-0,$2,$11,$-5,$9,$2,$13,$24,$-2,$-2,$0,$0,$0,$0,$0,$-3,$0,$0,$0,$0,$0,$-2,$-0,$-2,$20,$1,$-2
5,2017-04-30,28.63,$29.01,0.99,$33.91,0.84,$2.79,10.27,$1.52,18.84,$0.23B,$0.06B,3.78,$0.00B,$0.19B,0.0,$0.23B,$0.07B,29.33%,$0.23B,$0.02B,6.67%,$0.23B,$0.02B,6.67%,$0.23B,$0.02B,8.44%,$0.23B,$0.02B,6.67%,$0.23B,$0.01B,4.89%,$0.01B,$0.19B,5.89%,$0.01B,$0.19B,6.00%,$0.01B,$0.26B,4.33%,$0.02B,$0.19B,8.03%,$58,$41,$17,$0,$12,$53,$5,$-0,$5,$1,$4,$4,$4,$6,$5,$7,7,$0.55,$0.54,$61,$119,$3,$227,$12,$7,$3,$0,$34,$261,$60,$0,$1,$9,$69,$1,$140,$-9,$192,$261,$5,$2,$1,$3,$13,$0,$5,$0,$15,$22,$-1,$-1,$0,$0,$0,$0,$0,$-2,$0,$0,$0,$0,$0,$-1,$-0,$-1,$19,$1,$-1
6,2017-01-31,30.11,$28.25,1.07,$33.02,0.91,$-1.57,0.0,$1.54,19.55,$0.22B,$0.06B,3.88,$0.00B,$0.19B,0.0,$0.22B,$0.07B,30.14%,$0.22B,$0.02B,6.85%,$0.22B,$0.02B,6.85%,$0.22B,$0.02B,8.68%,$0.22B,$0.02B,6.85%,$0.22B,$0.01B,5.02%,$0.01B,$0.19B,5.98%,$0.01B,$0.18B,6.10%,$0.01B,$0.25B,4.35%,$0.02B,$0.19B,8.15%,$49,$36,$13,$0,$11,$47,$1,$0,$1,$1,$1,$1,$1,$2,$1,$7,7,$0.13,$0.13,$55,$118,$4,$218,$12,$7,$3,$0,$34,$252,$56,$0,$1,$9,$65,$1,$137,$-11,$187,$252,$1,$1,$0,$1,$16,$-0,$3,$-0,$14,$16,$-1,$-0,$0,$0,$0,$0,$0,$-1,$0,$0,$0,$0,$0,$-1,$-0,$-1,$14,$0,$-1
7,2016-10-31,25.71,$28.22,0.91,$34.24,0.75,$-4.06,0.0,$1.99,12.92,$0.22B,$0.06B,3.77,$0.00B,$0.19B,0.0,$0.23B,$0.07B,31.28%,$0.23B,$0.02B,8.81%,$0.23B,$0.02B,8.81%,$0.23B,$0.02B,10.57%,$0.23B,$0.02B,8.81%,$0.23B,$0.01B,6.17%,$0.01B,$0.19B,7.73%,$0.01B,$0.18B,7.89%,$0.01B,$0.25B,5.57%,$0.02B,$0.19B,11.05%,$66,$46,$20,$0,$15,$61,$5,$-1,$5,$2,$3,$3,$3,$6,$5,$7,7,$0.45,$0.45,$41,$117,$3,$218,$12,$7,$3,$0,$34,$252,$58,$0,$1,$9,$66,$1,$137,$-11,$185,$252,$13,$4,$3,$7,$-8,$-14,$-6,$1,$-27,$-7,$-2,$-2,$0,$0,$0,$0,$0,$-4,$0,$0,$0,$0,$0,$-2,$-0,$-2,$-14,$2,$-2
8,2016-07-31,26.05,$27.83,0.94,$34.20,0.76,$1.11,23.51,$2.26,11.53,$0.22B,$0.06B,3.59,$0.00B,$0.18B,0.0,$0.23B,$0.07B,30.84%,$0.23B,$0.02B,9.69%,$0.23B,$0.02B,9.69%,$0.23B,$0.03B,11.45%,$0.23B,$0.02B,9.69%,$0.23B,$0.02B,7.05%,$0.02B,$0.18B,8.96%,$0.02B,$0.18B,9.16%,$0.02B,$0.25B,6.39%,$0.02B,$0.18B,12.32%,$52,$36,$16,$0,$12,$48,$4,$-0,$4,$1,$3,$3,$3,$5,$4,$7,7,$0.41,$0.40,$42,$126,$4,$219,$13,$7,$4,$0,$33,$252,$61,$0,$1,$8,$69,$1,$134,$-11,$183,$252,$10,$3,$1,$4,$4,$-22,$-1,$-1,$-22,$-8,$-1,$-2,$0,$0,$0,$0,$0,$-3,$0,$0,$0,$0,$0,$-2,$0,$-2,$-13,$1,$-2
9,2016-04-30,31.58,$27.50,1.15,$34.28,0.92,$5.45,5.79,$2.41,13.1,$0.22B,$0.07B,3.36,$0.00B,$0.18B,0.0,$0.23B,$0.07B,31.14%,$0.23B,$0.02B,10.09%,$0.23B,$0.02B,10.09%,$0.23B,$0.03B,11.84%,$0.23B,$0.02B,10.09%,$0.23B,$0.02B,7.46%,$0.02B,$0.18B,9.67%,$0.02B,$0.18B,9.88%,$0.02B,$0.26B,6.87%,$0.02B,$0.18B,13.09%,$52,$35,$17,$0,$12,$47,$5,$0,$5,$1,$4,$4,$4,$6,$5,$7,7,$0.56,$0.56,$45,$123,$2,$221,$13,$8,$4,$0,$33,$255,$66,$0,$1,$8,$74,$1,$132,$-10,$181,$255,$8,$2,$1,$3,$2,$-16,$2,$-2,$-17,$-7,$-1,$-1,$0,$0,$0,$0,$0,$-2,$0,$0,$0,$0,$0,$-1,$0,$-1,$-10,$1,$-1
10,2016-01-31,26.26,$26.68,0.98,$34.07,0.77,$8.68,3.03,$2.45,10.72,$0.21B,$0.06B,3.42,$0.00B,$0.18B,0.0,$0.23B,$0.07B,31.42%,$0.23B,$0.02B,10.62%,$0.23B,$0.02B,10.62%,$0.23B,$0.03B,11.95%,$0.23B,$0.02B,10.62%,$0.23B,$0.02B,7.52%,$0.02B,$0.18B,9.83%,$0.02B,$0.17B,10.03%,$0.02B,$0.25B,7.02%,$0.02B,$0.18B,13.87%,$57,$39,$18,$0,$12,$51,$6,$-0,$6,$2,$4,$4,$4,$7,$6,$7,7,$0.59,$0.58,$52,$109,$4,$213,$13,$7,$4,$0,$33,$246,$62,$0,$1,$8,$71,$1,$129,$-13,$175,$246,$4,$1,$1,$2,$2,$-6,$1,$-1,$-7,$-1,$-1,$-0,$0,$0,$0,$0,$0,$-1,$0,$0,$0,$0,$0,$-1,$0,$-1,$-3,$0,$-1
11,2015-10-31,26.05,$26.64,0.98,$33.29,0.78,$10.13,2.57,$2.44,10.68,$0.22B,$0.07B,3.32,$0.00B,$0.18B,0.0,$0.22B,$0.07B,31.82%,$0.22B,$0.02B,10.91%,$0.22B,$0.02B,10.91%,$0.22B,$0.03B,12.27%,$0.22B,$0.02B,10.91%,$0.22B,$0.02B,7.73%,$0.02B,$0.18B,9.97%,$0.02B,$0.17B,10.19%,$0.02B,$0.25B,7.11%,$0.02B,$0.18B,14.08%,$66,$46,$19,$0,$13,$59,$7,$-0,$7,$2,$5,$5,$5,$8,$7,$7,7,$0.73,$0.72,$55,$106,$3,$216,$13,$7,$4,$0,$32,$249,$65,$0,$1,$9,$74,$1,$126,$-9,$175,$249,$16,$3,$3,$6,$4,$3,$-1,$2,$6,$29,$-3,$-1,$-18,$0,$0,$0,$0,$-22,$0,$-2,$-2,$0,$0,$-2,$-0,$-4,$1,$1,$-2
12,2015-07-31,30.26,$26.20,1.15,$32.86,0.92,$8.50,3.56,$2.46,12.3,$0.21B,$0.06B,3.42,$0.00B,$0.17B,0.0,$0.22B,$0.07B,32.87%,$0.22B,$0.02B,11.11%,$0.22B,$0.02B,11.11%,$0.22B,$0.03B,12.50%,$0.22B,$0.02B,11.11%,$0.22B,$0.02B,7.87%,$0.02B,$0.17B,10.12%,$0.02B,$0.17B,10.37%,$0.02B,$0.24B,7.20%,$0.02B,$0.17B,14.29%,$53,$36,$17,$0,$11,$47,$5,$-0,$5,$2,$4,$4,$4,$6,$5,$7,7,$0.56,$0.55,$50,$112,$4,$213,$12,$7,$4,$0,$27,$240,$62,$0,$1,$6,$68,$1,$121,$-8,$172,$240,$11,$2,$3,$6,$9,$-2,$-2,$2,$4,$21,$-1,$-1,$-18,$-0,$0,$-0,$0,$-20,$0,$-2,$-2,$0,$0,$-2,$0,$-3,$-4,$1,$-2
13,2015-04-30,31.21,$26.01,1.2,$33.35,0.94,$7.21,4.33,$2.57,12.14,$0.21B,$0.06B,3.58,$0.00B,$0.17B,0.0,$0.22B,$0.07B,33.03%,$0.22B,$0.03B,11.47%,$0.22B,$0.03B,11.47%,$0.22B,$0.03B,12.84%,$0.22B,$0.03B,11.47%,$0.22B,$0.02B,7.80%,$0.02B,$0.17B,10.29%,$0.02B,$0.17B,10.54%,$0.02B,$0.23B,7.30%,$0.03B,$0.17B,15.13%,$50,$34,$17,$0,$11,$44,$6,$0,$6,$2,$4,$4,$4,$6,$6,$7,7,$0.60,$0.60,$65,$92,$5,$209,$11,$7,$4,$0,$26,$234,$58,$0,$1,$6,$64,$1,$118,$-5,$170,$234,$8,$1,$3,$5,$8,$0,$-4,$1,$2,$14,$-1,$-1,$0,$-0,$0,$-0,$0,$-2,$0,$0,$0,$0,$0,$-1,$0,$-1,$11,$1,$-1
14,2015-01-31,33.75,$25.28,1.34,$33.96,0.99,$5.96,5.66,$2.51,13.45,$0.21B,$0.06B,3.33,$0.00B,$0.17B,0.0,$0.22B,$0.07B,32.43%,$0.22B,$0.02B,10.81%,$0.22B,$0.02B,10.81%,$0.22B,$0.03B,12.61%,$0.22B,$0.02B,10.81%,$0.22B,$0.02B,7.66%,$0.02B,$0.17B,10.49%,$0.02B,$0.16B,10.79%,$0.02B,$0.23B,7.42%,$0.02B,$0.17B,14.81%,$51,$34,$17,$0,$10,$45,$6,$-0,$6,$2,$4,$4,$4,$7,$6,$7,7,$0.57,$0.57,$60,$91,$9,$208,$11,$7,$4,$0,$25,$233,$63,$0,$1,$6,$68,$1,$115,$-7,$165,$233,$4,$1,$0,$1,$6,$-0,$0,$0,$4,$8,$-0,$-0,$0,$-0,$0,$-0,$0,$-1,$0,$0,$0,$0,$0,$-0,$0,$-0,$6,$0,$-0
15,2014-10-31,36.99,$25.30,1.46,$34.03,1.09,$5.72,6.47,$2.30,16.08,$0.21B,$0.07B,3.16,$0.00B,$0.17B,0.0,$0.22B,$0.07B,31.08%,$0.22B,$0.02B,9.46%,$0.22B,$0.02B,9.46%,$0.22B,$0.03B,11.26%,$0.22B,$0.02B,9.46%,$0.22B,$0.02B,6.76%,$0.02B,$0.17B,9.43%,$0.02B,$0.16B,9.72%,$0.02B,$0.24B,6.69%,$0.02B,$0.17B,13.21%,$62,$42,$20,$0,$13,$55,$7,$-0,$7,$2,$5,$5,$5,$8,$7,$6,7,$0.74,$0.74,$54,$96,$4,$211,$12,$7,$4,$0,$26,$237,$67,$0,$1,$5,$72,$1,$112,$-4,$165,$237,$15,$3,$2,$6,$-12,$-5,$9,$-2,$-5,$16,$-2,$-1,$0,$-0,$0,$-0,$0,$-3,$0,$-0,$-0,$0,$0,$-2,$0,$-2,$11,$1,$-2
16,2014-07-31,30.77,$24.79,1.24,$32.81,0.94,$5.46,5.64,$1.85,16.63,$0.20B,$0.06B,3.25,$0.00B,$0.16B,0.0,$0.21B,$0.06B,29.91%,$0.21B,$0.02B,7.94%,$0.21B,$0.02B,7.94%,$0.21B,$0.02B,9.81%,$0.21B,$0.02B,7.94%,$0.21B,$0.01B,5.61%,$0.01B,$0.16B,7.72%,$0.01B,$0.16B,7.95%,$0.01B,$0.23B,5.51%,$0.02B,$0.16B,10.93%,$55,$37,$18,$0,$12,$49,$6,$-0,$6,$2,$4,$4,$4,$7,$6,$7,7,$0.67,$0.66,$51,$99,$3,$202,$12,$6,$5,$0,$26,$228,$62,$0,$1,$4,$66,$1,$107,$-2,$161,$228,$10,$2,$1,$3,$-2,$-5,$7,$-2,$-1,$12,$-1,$-1,$0,$-0,$0,$-0,$0,$-2,$0,$-0,$-0,$0,$0,$-1,$0,$-1,$9,$1,$-1
17,2014-04-30,25.48,$24.15,1.06,$31.29,0.81,$5.69,4.48,$1.32,19.31,$0.19B,$0.06B,3.39,$0.00B,$0.16B,0.0,$0.20B,$0.06B,28.43%,$0.20B,$0.01B,6.37%,$0.20B,$0.01B,6.37%,$0.20B,$0.02B,7.84%,$0.20B,$0.01B,5.88%,$0.20B,$0.01B,4.41%,$0.01B,$0.16B,5.91%,$0.01B,$0.15B,6.09%,$0.01B,$0.22B,4.22%,$0.01B,$0.16B,8.54%,$54,$37,$17,$0,$11,$48,$5,$-0,$5,$2,$4,$4,$4,$6,$5,$6,7,$0.54,$0.54,$47,$96,$9,$192,$12,$6,$5,$0,$26,$218,$57,$0,$1,$4,$61,$1,$103,$-2,$157,$218,$6,$2,$-0,$1,$-1,$-0,$2,$-1,$-1,$6,$-1,$-0,$0,$-0,$0,$-0,$0,$-1,$0,$-0,$-0,$0,$0,$-1,$0,$-1,$4,$0,$-1
18,2014-01-31,24.71,$23.59,1.05,$30.71,0.8,$6.13,4.03,$1.26,19.61,$0.19B,$0.06B,3.29,$0.00B,$0.15B,0.0,$0.20B,$0.06B,28.00%,$0.20B,$0.01B,6.50%,$0.20B,$0.01B,6.50%,$0.20B,$0.02B,7.50%,$0.20B,$0.01B,6.00%,$0.20B,$0.01B,4.00%,$0.01B,$0.15B,5.33%,$0.01B,$0.15B,5.45%,$0.01B,$0.21B,3.83%,$0.01B,$0.15B,8.67%,$51,$37,$14,$0,$11,$48,$3,$-0,$3,$1,$2,$2,$2,$4,$3,$6,7,$0.36,$0.36,$48,$94,$10,$188,$12,$5,$5,$0,$26,$214,$57,$0,$1,$4,$61,$1,$100,$-3,$153,$214,$2,$1,$0,$1,$1,$1,$4,$-1,$3,$7,$-0,$-0,$0,$-0,$0,$-0,$0,$-1,$0,$-0,$-0,$0,$0,$-0,$0,$-1,$5,$0,$-0
19,2013-10-31,23.3,$23.43,0.99,$29.68,0.79,$5.67,4.11,$1.24,18.79,$0.19B,$0.06B,3.32,$0.00B,$0.15B,0.0,$0.19B,$0.06B,28.50%,$0.19B,$0.01B,7.25%,$0.19B,$0.01B,7.25%,$0.19B,$0.02B,8.29%,$0.19B,$0.01B,6.74%,$0.19B,$0.01B,4.15%,$0.01B,$0.15B,5.40%,$0.01B,$0.15B,5.47%,$0.01B,$0.21B,3.91%,$0.01B,$0.15B,9.44%,$54,$39,$15,$0,$12,$51,$3,$-0,$3,$1,$2,$2,$2,$4,$3,$6,6,$0.29,$0.30,$43,$95,$2,$185,$12,$5,$5,$0,$26,$211,$56,$0,$1,$4,$60,$1,$98,$-2,$151,$211,$8,$3,$0,$4,$5,$-1,$2,$-1,$2,$14,$-1,$-1,$-0,$-0,$0,$-0,$0,$-3,$0,$-4,$-4,$0,$0,$-1,$0,$-5,$7,$1,$-1
20,2013-07-31,27.07,$22.96,1.18,$30.04,0.9,$2.17,12.46,$1.58,17.13,$0.18B,$0.06B,3.21,$0.00B,$0.15B,0.0,$0.20B,$0.06B,29.23%,$0.20B,$0.02B,8.21%,$0.20B,$0.02B,8.21%,$0.20B,$0.02B,9.23%,$0.20B,$0.02B,7.69%,$0.20B,$0.01B,5.13%,$0.01B,$0.15B,6.83%,$0.01B,$0.14B,6.88%,$0.01B,$0.21B,4.99%,$0.02B,$0.15B,10.92%,$45,$33,$12,$0,$10,$43,$2,$-1,$1,$0,$1,$1,$1,$2,$2,$6,7,$0.13,$0.13,$45,$96,$9,$183,$12,$6,$4,$0,$27,$210,$57,$0,$1,$4,$61,$1,$97,$-3,$148,$210,$6,$3,$1,$3,$10,$-4,$3,$-2,$4,$13,$-1,$-1,$-0,$-0,$0,$-0,$0,$-2,$0,$-2,$-2,$0,$0,$-0,$0,$-2,$9,$1,$-0
21,2013-04-30,25.43,$22.98,1.11,$30.83,0.82,$-1.32,0.0,$2.06,12.35,$0.18B,$0.05B,3.64,$0.00B,$0.15B,0.0,$0.20B,$0.06B,30.50%,$0.20B,$0.02B,10.00%,$0.20B,$0.02B,10.00%,$0.20B,$0.02B,11.50%,$0.20B,$0.02B,10.00%,$0.20B,$0.01B,6.50%,$0.01B,$0.15B,9.03%,$0.01B,$0.15B,9.04%,$0.01B,$0.20B,6.59%,$0.02B,$0.15B,13.89%,$50,$34,$15,$0,$11,$45,$5,$-0,$5,$1,$3,$3,$3,$5,$5,$6,6,$0.49,$0.48,$43,$90,$9,$178,$12,$6,$0,$0,$22,$200,$49,$0,$0,$2,$51,$1,$96,$-2,$148,$200,$5,$2,$-0,$1,$3,$0,$3,$-0,$2,$9,$-1,$-1,$0,$-0,$0,$-0,$0,$-1,$0,$0,$0,$0,$0,$0,$0,$0,$8,$1,$0
22,2013-01-31,28.14,$22.58,1.25,$30.29,0.93,$-3.34,0.0,$2.03,13.86,$0.18B,$0.05B,3.56,$0.00B,$0.15B,0.0,$0.20B,$0.06B,30.10%,$0.20B,$0.02B,9.69%,$0.20B,$0.02B,9.69%,$0.20B,$0.02B,11.73%,$0.20B,$0.02B,9.69%,$0.20B,$0.01B,6.63%,$0.01B,$0.15B,9.22%,$0.01B,$0.15B,9.24%,$0.01B,$0.20B,6.61%,$0.02B,$0.15B,13.48%,$44,$31,$13,$0,$9,$40,$4,$-0,$4,$1,$2,$2,$2,$5,$4,$6,6,$0.35,$0.34,$39,$92,$9,$175,$12,$6,$0,$0,$22,$197,$49,$0,$0,$2,$51,$1,$93,$-2,$146,$197,$2,$1,$-1,$-0,$4,$0,$0,$0,$2,$4,$-1,$-0,$0,$-0,$0,$-0,$0,$-1,$0,$0,$0,$0,$0,$0,$0,$0,$3,$0,$0
23,2012-10-31,21.78,$22.30,0.98,$31.39,0.69,$-4.23,0.0,$2.40,9.08,$0.17B,$0.05B,3.51,$0.00B,$0.14B,0.0,$0.20B,$0.06B,30.54%,$0.20B,$0.02B,10.84%,$0.20B,$0.02B,10.84%,$0.20B,$0.03B,12.81%,$0.20B,$0.02B,10.84%,$0.20B,$0.02B,7.88%,$0.02B,$0.14B,11.64%,$0.02B,$0.14B,11.66%,$0.02B,$0.20B,8.22%,$0.02B,$0.14B,16.00%,$56,$39,$17,$0,$12,$51,$5,$-0,$5,$1,$4,$4,$4,$6,$5,$6,6,$0.63,$0.63,$36,$91,$8,$173,$12,$5,$1,$0,$22,$195,$49,$0,$0,$2,$52,$1,$91,$-1,$144,$195,$16,$4,$6,$10,$-9,$-10,$-10,$-4,$-32,$-7,$-3,$-1,$0,$-0,$0,$-0,$0,$-4,$0,$2,$2,$0,$0,$0,$0,$2,$-9,$1,$0
24,2012-07-31,19.34,$21.48,0.9,$30.23,0.64,$-3.18,0.0,$2.18,8.87,$0.18B,$0.06B,3.18,$0.00B,$0.14B,0.0,$0.20B,$0.06B,31.12%,$0.20B,$0.02B,11.22%,$0.20B,$0.02B,11.22%,$0.20B,$0.03B,13.27%,$0.20B,$0.02B,10.20%,$0.20B,$0.02B,7.65%,$0.02B,$0.14B,11.28%,$0.02B,$0.14B,11.28%,$0.02B,$0.20B,7.78%,$0.02B,$0.14B,16.54%,$50,$34,$16,$0,$10,$44,$6,$-0,$6,$2,$4,$4,$4,$7,$6,$6,6,$0.61,$0.61,$35,$96,$12,$175,$12,$6,$0,$0,$22,$197,$55,$0,$0,$3,$59,$1,$87,$-2,$138,$197,$12,$3,$7,$10,$-5,$-18,$-0,$-6,$-30,$-8,$-2,$-1,$0,$-0,$0,$-0,$0,$-3,$0,$2,$2,$0,$0,$0,$0,$2,$-10,$1,$0
25,2012-04-30,24.96,$21.09,1.18,$30.31,0.82,$-1.54,0.0,$2.27,11.0,$0.18B,$0.06B,3.01,$0.00B,$0.14B,0.0,$0.20B,$0.06B,30.96%,$0.20B,$0.02B,11.68%,$0.20B,$0.02B,11.68%,$0.20B,$0.03B,13.71%,$0.20B,$0.02B,10.15%,$0.20B,$0.02B,8.12%,$0.02B,$0.14B,12.33%,$0.02B,$0.14B,12.33%,$0.02B,$0.20B,8.37%,$0.02B,$0.14B,17.73%,$46,$33,$13,$0,$9,$42,$4,$-0,$4,$1,$3,$3,$3,$5,$4,$6,6,$0.46,$0.45,$40,$93,$11,$176,$11,$6,$0,$0,$22,$198,$58,$0,$0,$3,$62,$1,$83,$-0,$136,$198,$8,$2,$3,$5,$-3,$-12,$3,$-3,$-17,$-4,$-1,$-0,$0,$-0,$0,$-0,$0,$-1,$0,$1,$1,$0,$0,$0,$0,$1,$-5,$0,$0
26,2012-01-31,22.34,$20.50,1.09,$29.62,0.75,$-0.83,0.0,$2.18,10.25,$0.17B,$0.05B,3.1,$0.00B,$0.13B,0.0,$0.19B,$0.06B,31.61%,$0.19B,$0.02B,11.40%,$0.19B,$0.02B,11.40%,$0.19B,$0.03B,13.47%,$0.19B,$0.02B,9.84%,$0.19B,$0.02B,7.77%,$0.02B,$0.13B,11.90%,$0.02B,$0.13B,11.90%,$0.02B,$0.19B,8.03%,$0.02B,$0.13B,17.46%,$51,$35,$16,$0,$10,$44,$7,$0,$7,$2,$5,$5,$5,$8,$7,$6,6,$0.71,$0.71,$43,$80,$10,$167,$11,$6,$0,$0,$22,$189,$54,$0,$0,$3,$57,$1,$80,$-1,$132,$189,$5,$1,$2,$3,$-5,$-1,$-2,$-2,$-10,$-2,$-0,$-0,$0,$-0,$0,$-0,$0,$-1,$0,$1,$1,$0,$0,$0,$0,$1,$-2,$0,$0
27,2011-10-31,24.76,$19.60,1.26,$27.86,0.89,$-0.15,0.0,$1.71,14.48,$0.16B,$0.06B,2.87,$0.00B,$0.13B,0.0,$0.18B,$0.06B,31.32%,$0.18B,$0.02B,9.89%,$0.18B,$0.02B,9.89%,$0.18B,$0.02B,12.09%,$0.18B,$0.01B,7.69%,$0.18B,$0.01B,6.59%,$0.01B,$0.13B,9.80%,$0.01B,$0.13B,9.80%,$0.01B,$0.19B,6.65%,$0.02B,$0.13B,14.69%,$49,$33,$16,$0,$11,$44,$5,$-1,$3,$1,$3,$3,$3,$6,$5,$6,6,$0.41,$0.41,$45,$81,$7,$164,$12,$6,$0,$0,$22,$187,$57,$0,$0,$3,$60,$1,$75,$-2,$126,$187,$11,$4,$1,$6,$-3,$-26,$8,$-3,$-18,$-1,$-2,$-1,$0,$-0,$0,$-0,$0,$-3,$0,$1,$1,$0,$0,$0,$0,$1,$-3,$0,$0
28,2011-07-31,27.89,$19.36,1.44,$25.74,1.08,$3.59,7.78,$1.12,24.9,$0.17B,$0.06B,2.69,$0.00B,$0.13B,0.0,$0.17B,$0.05B,29.17%,$0.17B,$0.01B,7.14%,$0.17B,$0.01B,7.14%,$0.17B,$0.02B,9.52%,$0.17B,$0.01B,5.95%,$0.17B,$0.01B,4.76%,$0.01B,$0.13B,6.68%,$0.01B,$0.13B,6.68%,$0.01B,$0.19B,4.60%,$0.01B,$0.13B,10.02%,$51,$35,$16,$0,$9,$44,$7,$-0,$6,$2,$5,$5,$5,$8,$7,$6,6,$0.71,$0.70,$49,$75,$6,$168,$11,$6,$0,$0,$23,$191,$62,$0,$0,$4,$66,$1,$72,$-1,$125,$191,$8,$3,$-2,$1,$-9,$-17,$12,$0,$-9,$1,$-1,$-1,$0,$-0,$0,$-0,$0,$-2,$0,$1,$1,$0,$0,$0,$0,$1,$1,$0,$0
29,2011-04-30,30.81,$18.71,1.65,$22.05,1.4,$6.42,4.8,$0.24,128.37,$0.16B,$0.06B,2.81,$0.00B,$0.12B,0.0,$0.14B,$0.04B,26.57%,$0.14B,$0.00B,2.10%,$0.14B,$0.00B,2.10%,$0.14B,$0.01B,4.90%,$0.14B,$0.00B,1.40%,$0.14B,$0.00B,1.40%,$0.00B,$0.12B,1.71%,$0.00B,$0.12B,1.71%,$0.00B,$0.18B,1.23%,$0.00B,$0.12B,2.56%,$42,$29,$13,$0,$9,$38,$3,$0,$3,$1,$2,$2,$2,$4,$3,$6,6,$0.36,$0.36,$49,$70,$7,$157,$11,$6,$0,$0,$23,$180,$56,$0,$0,$4,$59,$1,$68,$-0,$121,$180,$4,$2,$-3,$-1,$-2,$-11,$7,$2,$-3,$-0,$-0,$-1,$0,$0,$0,$0,$0,$-1,$0,$1,$1,$0,$0,$0,$0,$1,$0,$0,$0
30,2011-01-31,24.03,$18.29,1.31,$19.38,1.24,$7.88,3.05,$-0.36,0.0,$0.14B,$0.04B,3.28,$0.00B,$0.12B,0.0,$0.13B,$0.03B,24.00%,$0.13B,$-0.00B,-2.40%,$0.13B,$-0.00B,-2.40%,$0.13B,$0.00B,0.80%,$0.13B,$-0.00B,-3.20%,$0.13B,$-0.00B,-1.60%,$-0.00B,$0.12B,-1.73%,$-0.00B,$0.12B,-1.73%,$-0.00B,$0.16B,-1.30%,$-0.00B,$0.12B,-2.59%,$40,$28,$12,$0,$9,$37,$3,$-0,$2,$1,$2,$2,$2,$4,$3,$6,6,$0.24,$0.24,$50,$60,$5,$140,$12,$6,$0,$0,$24,$164,$43,$0,$0,$3,$46,$1,$65,$-0,$118,$164,$2,$1,$0,$1,$2,$-3,$-2,$-0,$-1,$2,$-0,$-0,$0,$-0,$0,$-0,$0,$-1,$0,$0,$0,$0,$0,$0,$0,$0,$2,$0,$0
31,2010-10-31,17.44,$17.81,0.98,$16.44,1.06,$8.25,2.11,$-0.89,0.0,$0.14B,$0.04B,3.23,$0.00B,$0.12B,0.0,$0.11B,$0.02B,20.75%,$0.11B,$-0.01B,-8.49%,$0.11B,$-0.01B,-8.49%,$0.11B,$-0.01B,-4.72%,$0.11B,$-0.01B,-8.49%,$0.11B,$-0.01B,-5.66%,$-0.01B,$0.12B,-5.18%,$-0.01B,$0.12B,-5.18%,$-0.01B,$0.16B,-4.07%,$-0.01B,$0.12B,-7.78%,$35,$26,$8,$0,$9,$35,$-1,$-0,$-1,$0,$-1,$-1,$-1,$0,$-1,$6,6,$-0.18,$-0.18,$48,$56,$4,$136,$12,$6,$0,$0,$24,$160,$42,$0,$0,$3,$46,$1,$64,$-2,$115,$160,$-6,$4,$1,$5,$-4,$4,$21,$2,$23,$22,$-1,$-1,$0,$0,$0,$0,$0,$-2,$0,$0,$0,$0,$0,$0,$0,$0,$19,$0,$0
32,2010-07-31,16.0,$17.71,0.9,$14.66,1.09,$4.51,3.55,$-0.89,0.0,$0.12B,$0.03B,4.11,$0.00B,$0.11B,0.0,$0.09B,$0.02B,22.34%,$0.09B,$-0.01B,-9.57%,$0.09B,$-0.01B,-9.57%,$0.09B,$-0.01B,-5.32%,$0.09B,$-0.01B,-10.64%,$0.09B,$-0.01B,-6.38%,$-0.01B,$0.11B,-5.13%,$-0.01B,$0.11B,-5.13%,$-0.01B,$0.15B,-4.17%,$-0.01B,$0.11B,-7.69%,$26,$22,$5,$0,$7,$29,$-2,$-0,$-2,$-1,$-1,$-1,$-1,$-1,$-2,$6,6,$-0.18,$-0.18,$45,$51,$10,$123,$12,$6,$0,$0,$24,$148,$30,$0,$0,$4,$34,$1,$65,$-4,$114,$148,$-5,$3,$5,$8,$4,$6,$12,$-5,$16,$19,$-0,$-1,$0,$0,$0,$0,$0,$-1,$0,$0,$0,$0,$0,$0,$0,$0,$16,$0,$0
33,2010-04-30,18.45,$18.06,1.02,$13.51,1.37,$0.86,21.38,$-0.90,0.0,$0.12B,$0.02B,5.31,$0.00B,$0.12B,0.0,$0.09B,$0.02B,24.14%,$0.09B,$-0.01B,-10.34%,$0.09B,$-0.01B,-10.34%,$0.09B,$-0.01B,-5.75%,$0.09B,$-0.01B,-11.49%,$0.09B,$-0.01B,-6.90%,$-0.01B,$0.12B,-5.05%,$-0.01B,$0.12B,-5.05%,$-0.01B,$0.14B,-4.20%,$-0.01B,$0.12B,-7.58%,$24,$19,$5,$0,$7,$27,$-3,$-0,$-3,$-1,$-2,$-2,$-2,$-2,$-3,$6,6,$-0.24,$-0.24,$36,$51,$9,$117,$12,$7,$0,$0,$25,$142,$22,$0,$0,$4,$26,$1,$66,$-3,$116,$142,$-3,$2,$2,$4,$-0,$7,$5,$-2,$9,$9,$-0,$-0,$0,$-0,$0,$-0,$0,$-1,$0,$0,$0,$0,$0,$0,$0,$0,$7,$0,$0
34,2010-01-31,15.89,$18.32,0.87,$12.96,1.23,$-1.07,0.0,$-0.70,0.0,$0.11B,$0.02B,6.35,$0.00B,$0.12B,0.0,$0.08B,$0.02B,25.30%,$0.08B,$-0.01B,-9.64%,$0.08B,$-0.01B,-9.64%,$0.08B,$-0.00B,-4.82%,$0.08B,$-0.01B,-8.43%,$0.08B,$-0.00B,-4.82%,$-0.00B,$0.12B,-3.33%,$-0.00B,$0.12B,-3.33%,$-0.00B,$0.14B,-2.77%,$-0.01B,$0.12B,-6.65%,$21,$17,$4,$0,$7,$23,$-3,$-0,$-3,$-1,$-2,$-2,$-2,$-2,$-3,$6,6,$-0.29,$-0.29,$32,$53,$7,$114,$13,$7,$0,$0,$26,$140,$18,$0,$0,$4,$21,$1,$68,$-2,$118,$140,$-2,$1,$1,$2,$1,$5,$-0,$-1,$5,$5,$-0,$-0,$0,$-0,$0,$-0,$0,$-0,$0,$0,$0,$0,$0,$0,$0,$0,$4,$0,$0
35,2009-10-31,15.07,$18.69,0.81,$14.15,1.06,$-2.13,0.0,$-0.36,0.0,$0.12B,$0.02B,5.68,$0.00B,$0.12B,0.0,$0.09B,$0.03B,28.89%,$0.09B,$-0.00B,-4.44%,$0.09B,$-0.00B,-4.44%,$0.09B,$-0.00B,-1.11%,$0.09B,$-0.00B,-3.33%,$0.09B,$-0.00B,-2.22%,$-0.00B,$0.12B,-1.65%,$-0.00B,$0.12B,-1.65%,$-0.00B,$0.15B,-1.35%,$-0.00B,$0.12B,-3.29%,$23,$16,$7,$0,$8,$24,$-1,$-1,$-2,$-1,$-1,$-1,$-1,$-0,$-1,$6,6,$-0.19,$-0.18,$29,$60,$5,$118,$13,$7,$0,$0,$26,$145,$21,$0,$0,$4,$24,$1,$70,$-2,$120,$145,$-2,$3,$-4,$-1,$14,$11,$-21,$6,$2,$-1,$-1,$-2,$0,$6,$0,$6,$0,$2,$0,$0,$0,$0,$0,$0,$0,$0,$2,$0,$0
36,2009-07-31,18.5,$18.83,0.98,$17.91,1.03,$-2.36,0.0,$0.35,52.87,$0.12B,$0.02B,5.72,$0.00B,$0.12B,0.0,$0.11B,$0.04B,31.58%,$0.11B,$0.00B,2.63%,$0.11B,$0.00B,2.63%,$0.11B,$0.01B,4.39%,$0.11B,$0.00B,3.51%,$0.11B,$0.00B,1.75%,$0.00B,$0.12B,1.64%,$0.00B,$0.12B,1.64%,$0.00B,$0.15B,1.28%,$0.00B,$0.12B,2.45%,$19,$14,$5,$0,$7,$21,$-2,$0,$-2,$-1,$-1,$-1,$-1,$-1,$-2,$6,6,$-0.19,$-0.19,$27,$65,$4,$118,$13,$0,$0,$7,$27,$145,$21,$0,$0,$3,$24,$1,$71,$-2,$121,$145,$-1,$2,$0,$3,$19,$6,$-21,$1,$-5,$-4,$-1,$-1,$0,$6,$0,$6,$0,$3,$0,$0,$0,$0,$0,$0,$0,$0,$0,$0,$0
37,2009-04-30,14.53,$18.99,0.77,$23.86,0.61,$-1.97,0.0,$1.44,10.09,$0.12B,$0.02B,5.21,$0.00B,$0.12B,0.0,$0.15B,$0.05B,34.21%,$0.15B,$0.01B,9.21%,$0.15B,$0.01B,9.21%,$0.15B,$0.02B,10.53%,$0.15B,$0.02B,9.87%,$0.15B,$0.01B,5.92%,$0.01B,$0.12B,7.39%,$0.01B,$0.12B,7.39%,$0.01B,$0.15B,5.41%,$0.01B,$0.12B,11.50%,$20,$15,$5,$0,$8,$23,$-2,$2,$-0,$-0,$-0,$-0,$-0,$-1,$-2,$6,6,$-0.04,$-0.04,$28,$65,$4,$121,$14,$0,$0,$7,$27,$148,$23,$0,$0,$3,$26,$1,$72,$-2,$122,$148,$0,$2,$3,$4,$16,$4,$-18,$1,$-7,$-2,$-1,$-1,$0,$6,$0,$6,$0,$4,$0,$0,$0,$0,$0,$0,$0,$0,$1,$0,$0
38,2009-01-31,13.44,$19.16,0.7,$29.71,0.45,$-2.47,0.0,$2.33,5.77,$0.13B,$0.03B,4.33,$0.00B,$0.12B,0.0,$0.19B,$0.07B,35.26%,$0.19B,$0.03B,13.16%,$0.19B,$0.03B,13.16%,$0.19B,$0.03B,13.68%,$0.19B,$0.02B,12.63%,$0.19B,$0.01B,7.37%,$0.01B,$0.12B,11.72%,$0.01B,$0.12B,11.72%,$0.01B,$0.16B,8.03%,$0.03B,$0.12B,20.92%,$28,$20,$9,$0,$8,$28,$1,$0,$1,$0,$0,$0,$0,$1,$1,$6,6,$0.06,$0.05,$30,$63,$11,$129,$14,$0,$0,$7,$27,$156,$30,$0,$0,$3,$33,$1,$72,$-2,$123,$156,$0,$1,$3,$3,$13,$3,$-13,$0,$-5,$-2,$-1,$-1,$0,$7,$0,$7,$0,$5,$0,$0,$0,$0,$0,$0,$0,$0,$4,$0,$0
39,2008-10-31,21.33,$19.23,1.11,$34.78,0.61,$-2.85,0.0,$3.49,6.11,$0.15B,$0.05B,2.96,$0.00B,$0.12B,0.0,$0.22B,$0.08B,37.22%,$0.22B,$0.04B,16.14%,$0.22B,$0.04B,16.14%,$0.22B,$0.04B,17.04%,$0.22B,$0.04B,15.70%,$0.22B,$0.02B,9.87%,$0.02B,$0.12B,19.09%,$0.02B,$0.12B,19.09%,$0.02B,$0.18B,12.36%,$0.04B,$0.12B,31.24%,$47,$31,$17,$0,$11,$42,$6,$-1,$5,$1,$3,$3,$3,$6,$6,$6,6,$0.53,$0.53,$33,$66,$14,$151,$14,$7,$0,$0,$26,$177,$51,$0,$0,$3,$54,$1,$72,$-1,$123,$177,$23,$3,$6,$9,$-6,$-12,$-8,$-9,$-31,$0,$-5,$-1,$0,$3,$0,$3,$0,$-3,$0,$0,$0,$0,$0,$0,$0,$0,$-3,$1,$0
40,2008-07-31,27.66,$18.52,1.49,$35.20,0.79,$-0.48,0.0,$3.84,7.2,$0.15B,$0.06B,2.44,$0.00B,$0.12B,0.0,$0.23B,$0.09B,37.61%,$0.23B,$0.04B,16.81%,$0.23B,$0.04B,16.81%,$0.23B,$0.04B,17.70%,$0.23B,$0.04B,16.81%,$0.23B,$0.03B,11.06%,$0.03B,$0.12B,22.94%,$0.03B,$0.12B,22.94%,$0.03B,$0.19B,14.31%,$0.04B,$0.12B,34.86%,$57,$36,$21,$0,$12,$48,$9,$-0,$9,$3,$6,$6,$6,$10,$9,$6,6,$0.91,$0.90,$33,$74,$8,$154,$13,$5,$0,$7,$31,$185,$63,$0,$0,$3,$66,$1,$68,$-2,$119,$185,$19,$2,$-5,$-3,$-3,$-10,$-2,$1,$-15,$1,$-3,$-0,$0,$3,$0,$3,$0,$-1,$0,$0,$0,$0,$0,$0,$0,$0,$1,$0,$0
41,2008-04-30,43.41,$17.53,2.48,$33.84,1.28,$1.69,25.66,$3.74,11.61,$0.15B,$0.06B,2.35,$0.00B,$0.11B,0.0,$0.22B,$0.08B,37.61%,$0.22B,$0.04B,16.97%,$0.22B,$0.04B,16.97%,$0.22B,$0.04B,17.89%,$0.22B,$0.04B,17.43%,$0.22B,$0.02B,11.01%,$0.02B,$0.11B,23.47%,$0.02B,$0.11B,23.47%,$0.02B,$0.18B,14.37%,$0.04B,$0.11B,36.19%,$58,$38,$20,$0,$12,$50,$9,$-0,$9,$3,$5,$5,$5,$9,$9,$6,6,$0.85,$0.85,$29,$69,$6,$149,$13,$5,$0,$7,$30,$179,$63,$0,$0,$3,$66,$1,$63,$-2,$113,$179,$13,$1,$-1,$1,$-6,$-4,$-1,$-4,$-19,$-5,$-2,$-0,$0,$2,$0,$2,$0,$-0,$0,$0,$0,$0,$0,$0,$0,$0,$-4,$0,$0
42,2008-01-31,34.67,$16.52,2.1,$31.40,1.1,$4.04,8.59,$3.62,9.58,$0.15B,$0.06B,2.35,$0.00B,$0.11B,0.0,$0.20B,$0.08B,38.61%,$0.20B,$0.04B,17.33%,$0.20B,$0.04B,17.33%,$0.20B,$0.04B,18.32%,$0.20B,$0.04B,17.82%,$0.20B,$0.02B,11.88%,$0.02B,$0.11B,25.13%,$0.02B,$0.11B,25.13%,$0.02B,$0.17B,15.38%,$0.04B,$0.11B,36.65%,$61,$36,$25,$0,$12,$48,$12,$-0,$12,$5,$8,$8,$8,$13,$12,$6,6,$1.22,$1.21,$35,$64,$3,$146,$12,$7,$0,$0,$25,$171,$62,$0,$0,$3,$65,$1,$57,$-3,$106,$171,$8,$1,$-0,$0,$-10,$-2,$1,$1,$-12,$-4,$-1,$-0,$0,$-4,$0,$-4,$0,$-5,$0,$0,$0,$0,$0,$0,$0,$0,$-9,$0,$0
43,2007-10-31,54.13,$15.27,3.54,$29.23,1.85,$5.21,10.39,$3.25,16.65,$0.14B,$0.06B,2.2,$0.00B,$0.10B,0.0,$0.19B,$0.07B,37.23%,$0.19B,$0.03B,16.49%,$0.19B,$0.03B,16.49%,$0.19B,$0.03B,17.02%,$0.19B,$0.03B,17.02%,$0.19B,$0.02B,11.17%,$0.02B,$0.10B,23.46%,$0.02B,$0.10B,23.46%,$0.02B,$0.16B,14.48%,$0.03B,$0.10B,34.25%,$50,$31,$19,$0,$11,$42,$8,$0,$8,$2,$6,$6,$6,$8,$8,$6,6,$0.88,$0.87,$40,$61,$2,$139,$11,$7,$0,$0,$25,$164,$63,$0,$0,$3,$66,$1,$49,$-3,$98,$164,$21,$2,$-6,$-4,$-2,$-14,$8,$-1,$-2,$14,$-3,$-1,$0,$-8,$0,$-8,$0,$-13,$-4,$0,$-4,$0,$0,$0,$0,$-4,$-0,$0,$0
44,2007-07-31,44.16,$14.40,3.07,$28.20,1.57,$5.53,7.98,$3.11,14.2,$0.13B,$0.06B,2.13,$0.00B,$0.09B,0.0,$0.18B,$0.07B,37.02%,$0.18B,$0.03B,16.57%,$0.18B,$0.03B,16.57%,$0.18B,$0.03B,17.13%,$0.18B,$0.03B,17.13%,$0.18B,$0.02B,11.05%,$0.02B,$0.09B,23.88%,$0.02B,$0.09B,23.88%,$0.02B,$0.15B,14.76%,$0.03B,$0.09B,34.99%,$49,$30,$18,$0,$10,$40,$8,$1,$9,$4,$5,$5,$5,$9,$8,$6,6,$0.81,$0.80,$39,$54,$6,$131,$9,$7,$0,$0,$23,$154,$61,$0,$0,$1,$62,$1,$44,$-3,$92,$154,$15,$1,$0,$2,$-4,$-9,$9,$-6,$-4,$13,$-1,$-1,$0,$-16,$0,$-16,$0,$-19,$-4,$0,$-4,$0,$0,$0,$0,$-4,$-9,$0,$0
45,2007-04-30,41.81,$13.49,3.1,$26.38,1.58,$4.87,8.59,$2.90,14.42,$0.11B,$0.05B,2.28,$0.00B,$0.09B,0.0,$0.17B,$0.06B,36.69%,$0.17B,$0.03B,15.98%,$0.17B,$0.03B,15.98%,$0.17B,$0.03B,16.57%,$0.17B,$0.03B,15.98%,$0.17B,$0.02B,11.24%,$0.02B,$0.09B,24.28%,$0.02B,$0.09B,24.28%,$0.02B,$0.14B,15.02%,$0.03B,$0.09B,33.23%,$42,$26,$16,$0,$9,$36,$7,$1,$7,$3,$5,$5,$5,$7,$7,$6,6,$0.73,$0.73,$34,$45,$4,$111,$9,$8,$0,$0,$25,$135,$49,$0,$0,$1,$49,$1,$39,$-4,$86,$135,$10,$1,$-1,$0,$-1,$-1,$1,$-1,$-1,$9,$-1,$-1,$0,$-8,$0,$-8,$0,$-10,$-4,$0,$-4,$0,$0,$0,$0,$-4,$-3,$0,$0
46,2007-01-31,31.39,$12.80,2.45,$25.56,1.23,$4.58,6.85,$2.79,11.25,$0.10B,$0.04B,2.53,$0.00B,$0.08B,0.05,$0.16B,$0.06B,35.98%,$0.16B,$0.03B,15.85%,$0.16B,$0.03B,15.85%,$0.16B,$0.03B,16.46%,$0.16B,$0.03B,15.85%,$0.16B,$0.02B,10.98%,$0.02B,$0.08B,24.41%,$0.02B,$0.08B,24.41%,$0.02B,$0.13B,14.88%,$0.03B,$0.09B,33.44%,$47,$30,$17,$0,$9,$39,$8,$0,$8,$3,$5,$5,$5,$8,$8,$6,6,$0.85,$0.84,$32,$40,$3,$103,$9,$8,$0,$0,$24,$127,$41,$4,$0,$4,$45,$1,$34,$-3,$82,$127,$5,$0,$0,$1,$-3,$4,$-3,$0,$-3,$3,$-0,$-1,$0,$-0,$0,$-0,$0,$-1,$-0,$0,$-0,$0,$0,$0,$0,$0,$2,$0,$0
47,2006-10-31,24.7,$11.88,2.08,$23.29,1.06,$4.69,5.27,$2.43,10.17,$0.10B,$0.04B,2.33,$0.00B,$0.08B,0.05,$0.15B,$0.05B,35.57%,$0.15B,$0.02B,15.44%,$0.15B,$0.02B,15.44%,$0.15B,$0.02B,16.11%,$0.15B,$0.02B,15.44%,$0.15B,$0.02B,10.74%,$0.02B,$0.08B,23.10%,$0.02B,$0.08B,23.10%,$0.02B,$0.13B,14.04%,$0.02B,$0.08B,31.40%,$43,$27,$16,$0,$10,$37,$7,$0,$7,$2,$5,$5,$5,$7,$7,$6,6,$0.74,$0.73,$30,$43,$3,$103,$9,$7,$0,$0,$22,$126,$44,$4,$0,$6,$50,$1,$28,$-4,$75,$126,$15,$2,$-1,$1,$-1,$-13,$9,$-1,$-2,$14,$-1,$-2,$0,$-0,$0,$-0,$0,$-4,$-0,$0,$-0,$1,$1,$0,$1,$1,$12,$0,$0
