,Date,Stock Price,Book Value per Share,Price to Book Ratio,TTM Sales per Share,Price to Sales Ratio,TTM FCF per Share,Price to FCF Ratio,TTM Net EPS,PE Ratio,Current Assets,Current Liabilities,Current Ratio,Long Term Debt,Shareholder's Equity_x,Debt to Equity Ratio,TTM Revenue_x,TTM Gross Profit,Gross Margin,TTM Revenue_y,TTM Operating Income,Operating Margin,TTM Revenue_x,TTM EBIT,EBIT Margin,TTM Revenue_y,TTM EBITDA,EBITDA Margin,TTM Revenue_x,TTM Pre-Tax Income,Pre-Tax Margin,TTM Revenue_y,TTM Net Income_x,Net Margin,TTM Net Income_y,Shareholder's Equity_y,Return on Equity,TTM Net Income_x,Tangible Equity,Return on Tangible Equity,TTM Net Income_y,Total Assets,Return on Assets,TTM Net Income,LT Investments & Debt,Return on Investment,revenue,cost-goods-sold,gross-profit,research-development-expenses,selling-general-administrative-expenses,operating-expenses,operating-income,total-non-operating-income-expense,pre-tax-income,total-provision-income-taxes,income-after-taxes,income-from-continuous-operations,net-income,ebitda,ebit,basic-shares-outstanding,shares-outstanding,eps-basic-net-earnings-per-share,eps-earnings-per-share-diluted,cash-on-hand,inventory,other-current-assets,total-current-assets,net-property-plant-equipment,long-term-investments,goodwill-intangible-assets-total,other-long-term-assets,total-long-term-assets,total-assets,total-current-liabilities,long-term-debt,other-non-current-liabilities,total-long-term-liabilities,total-liabilities,common-stock-net,retained-earnings-accumulated-deficit,comprehensive-income,total-share-holder-equity,total-liabilities-share-holders-equity,net-income-loss,total-depreciation-amortization-cash-flow,other-non-cash-items,total-non-cash-items,change-in-accounts-receivable,change-in-inventories,change-in-accounts-payable,change-in-assets-liabilities,total-change-in-assets-liabilities,cash-flow-from-operating-activities,net-change-in-property-plant-equipment,net-change-in-intangible-assets,net-acquisitions-divestitures,net-change-in-short-term-investments,net-change-in-long-term-investments,net-change-in-investments-total,investing-activities-other,cash-flow-from-investing-activities,net-long-term-debt,net-current-debt,debt-issuance-retirement-net-total,net-common-equity-issued-repurchased,net-total-equity-issued-repurchased,total-common-preferred-stock-dividends-paid,financial-activities-other,cash-flow-from-financial-activities,net-cash-flow,stock-based-compensation,common-stock-dividends-paid
0,2018-09-30,22.1,$14.10,1.57,$35.46,0.62,$3.93,5.63,$1.09,20.28,$0.23B,$0.10B,2.28,$0.05B,$0.29B,0.16,$0.82B,$0.45B,54.37%,$0.82B,$0.04B,5.10%,$0.82B,$0.04B,5.10%,$0.82B,$0.07B,8.74%,$0.82B,$0.04B,4.98%,$0.82B,$0.02B,2.79%,$0.02B,$0.29B,7.84%,$0.02B,$0.29B,7.84%,$0.02B,$0.47B,4.97%,$0.04B,$0.34B,12.26%,$211,$95,$115,$0,$103,$198,$12,$-1,$11,$3,$8,$8,$8,$20,$12,$21,23,$0.40,$0.39,$104,$108,$6,$231,$220,$0,$0,$9,$243,$474,$101,$48,$32,$80,$181,$31,$297,$-2,$292,$474,$21,$23,$4,$27,$1,$-5,$0,$9,$15,$62,$-16,$0,$0,$0,$0,$0,$0,$-16,$-3,$0,$-3,$-14,$-14,$-11,$-1,$-30,$17,$4,$-11
1,2018-06-30,21.43,$13.92,1.54,$35.17,0.61,$3.32,6.45,$0.99,21.64,$0.21B,$0.09B,2.29,$0.05B,$0.29B,0.17,$0.82B,$0.45B,54.20%,$0.82B,$0.04B,4.87%,$0.82B,$0.04B,4.87%,$0.82B,$0.07B,8.53%,$0.82B,$0.04B,4.87%,$0.82B,$0.02B,2.56%,$0.02B,$0.29B,7.15%,$0.02B,$0.29B,7.15%,$0.02B,$0.46B,4.55%,$0.04B,$0.34B,11.64%,$199,$91,$108,$0,$99,$190,$9,$-1,$8,$2,$6,$6,$6,$17,$9,$21,23,$0.29,$0.27,$83,$107,$6,$211,$226,$0,$0,$9,$248,$459,$92,$49,$26,$75,$167,$31,$292,$-2,$292,$459,$13,$15,$2,$17,$1,$-4,$0,$1,$-1,$29,$-14,$0,$0,$0,$0,$0,$0,$-14,$-2,$0,$-2,$-9,$-9,$-8,$-1,$-20,$-5,$3,$-8
2,2018-03-31,19.81,$13.97,1.42,$35.00,0.57,$3.09,6.42,$0.99,20.01,$0.21B,$0.09B,2.44,$0.05B,$0.30B,0.17,$0.82B,$0.44B,54.21%,$0.82B,$0.04B,5.01%,$0.82B,$0.04B,5.01%,$0.82B,$0.07B,8.67%,$0.82B,$0.04B,5.13%,$0.82B,$0.02B,2.56%,$0.02B,$0.30B,7.16%,$0.02B,$0.30B,7.16%,$0.02B,$0.46B,4.56%,$0.04B,$0.34B,11.93%,$199,$91,$109,$0,$101,$192,$8,$1,$8,$2,$6,$6,$6,$15,$8,$21,23,$0.30,$0.27,$80,$109,$6,$206,$227,$0,$0,$9,$249,$456,$85,$50,$27,$77,$161,$31,$290,$-2,$295,$456,$6,$8,$1,$8,$0,$-6,$0,$3,$-6,$8,$-7,$0,$0,$0,$0,$0,$0,$-7,$-1,$0,$-1,$-4,$-4,$-4,$-0,$-9,$-7,$2,$-4
3,2017-12-31,22.07,$13.86,1.59,$35.05,0.63,$3.06,7.21,$0.98,22.52,$0.21B,$0.09B,2.35,$0.05B,$0.29B,0.17,$0.82B,$0.45B,54.27%,$0.82B,$0.04B,5.12%,$0.82B,$0.04B,5.12%,$0.82B,$0.07B,8.90%,$0.82B,$0.04B,5.37%,$0.82B,$0.02B,2.56%,$0.02B,$0.29B,7.22%,$0.02B,$0.29B,7.22%,$0.02B,$0.46B,4.56%,$0.04B,$0.35B,12.26%,$215,$99,$116,$0,$104,$202,$13,$1,$14,$11,$3,$3,$3,$20,$13,$21,23,$0.14,$0.12,$88,$103,$6,$211,$229,$0,$0,$9,$251,$461,$90,$51,$27,$78,$167,$31,$287,$-2,$294,$461,$21,$31,$10,$40,$2,$-2,$0,$2,$-9,$52,$-24,$0,$0,$0,$0,$0,$3,$-22,$-3,$0,$-3,$0,$0,$-11,$0,$-15,$16,$4,$-11
4,2017-09-30,25.32,$13.85,1.83,$35.11,0.72,$3.13,8.09,$1.36,18.62,$0.21B,$0.10B,2.17,$0.05B,$0.29B,0.18,$0.83B,$0.45B,54.48%,$0.83B,$0.05B,5.57%,$0.83B,$0.05B,5.57%,$0.83B,$0.08B,9.32%,$0.83B,$0.05B,5.69%,$0.83B,$0.03B,3.51%,$0.03B,$0.29B,10.07%,$0.03B,$0.29B,10.07%,$0.03B,$0.47B,6.32%,$0.05B,$0.35B,13.54%,$208,$96,$112,$0,$102,$198,$10,$-0,$10,$4,$6,$6,$6,$18,$10,$21,23,$0.28,$0.28,$95,$100,$7,$213,$227,$0,$0,$9,$257,$470,$98,$52,$27,$78,$176,$31,$288,$-2,$294,$470,$18,$23,$0,$23,$2,$2,$0,$7,$8,$49,$-15,$0,$0,$0,$0,$0,$1,$-14,$-3,$0,$-3,$0,$0,$-8,$-0,$-11,$23,$3,$-8
5,2017-06-30,24.15,$13.68,1.77,$35.26,0.68,$2.64,9.14,$1.42,17.01,$0.20B,$0.09B,2.27,$0.05B,$0.29B,0.18,$0.83B,$0.45B,54.46%,$0.83B,$0.05B,5.78%,$0.83B,$0.05B,5.78%,$0.83B,$0.08B,9.52%,$0.83B,$0.05B,5.90%,$0.83B,$0.03B,3.61%,$0.03B,$0.29B,10.42%,$0.03B,$0.29B,10.42%,$0.03B,$0.45B,6.55%,$0.05B,$0.34B,14.11%,$197,$90,$107,$0,$97,$187,$10,$-1,$10,$4,$6,$6,$6,$18,$10,$21,23,$0.29,$0.26,$74,$104,$5,$196,$229,$0,$0,$9,$258,$454,$86,$51,$27,$78,$164,$31,$285,$-2,$290,$454,$12,$15,$0,$16,$1,$-2,$0,$6,$-8,$20,$-10,$0,$0,$0,$0,$0,$1,$-9,$-2,$0,$-2,$0,$0,$-5,$-2,$-8,$2,$2,$-5
6,2017-03-31,23.31,$13.56,1.72,$34.96,0.67,$1.90,12.28,$1.37,17.01,$0.20B,$0.09B,2.14,$0.05B,$0.29B,0.18,$0.83B,$0.45B,54.23%,$0.83B,$0.05B,5.56%,$0.83B,$0.05B,5.56%,$0.83B,$0.08B,9.18%,$0.83B,$0.05B,5.80%,$0.83B,$0.03B,3.50%,$0.03B,$0.29B,10.09%,$0.03B,$0.29B,10.09%,$0.03B,$0.46B,6.32%,$0.05B,$0.34B,13.53%,$200,$91,$110,$0,$100,$191,$9,$0,$10,$4,$6,$6,$6,$17,$9,$21,23,$0.28,$0.24,$70,$108,$5,$197,$232,$0,$0,$9,$259,$456,$92,$52,$25,$77,$169,$31,$281,$-2,$286,$456,$6,$8,$1,$8,$1,$-6,$0,$3,$-8,$6,$-5,$0,$0,$0,$0,$0,$1,$-4,$-1,$0,$-1,$0,$0,$-3,$-0,$-4,$-2,$1,$-3
7,2016-12-31,22.57,$13.36,1.69,$34.31,0.66,$1.31,17.19,$1.30,17.36,$0.19B,$0.10B,2.02,$0.05B,$0.28B,0.19,$0.82B,$0.44B,53.83%,$0.82B,$0.05B,5.47%,$0.82B,$0.05B,5.47%,$0.82B,$0.07B,8.99%,$0.82B,$0.05B,5.59%,$0.82B,$0.03B,3.40%,$0.03B,$0.28B,9.58%,$0.03B,$0.28B,9.58%,$0.03B,$0.46B,6.07%,$0.05B,$0.33B,13.05%,$221,$100,$121,$0,$104,$204,$17,$1,$17,$6,$11,$11,$11,$24,$17,$22,24,$0.51,$0.47,$72,$102,$8,$194,$234,$0,$0,$8,$260,$455,$96,$52,$25,$77,$173,$31,$278,$-2,$282,$455,$28,$29,$2,$31,$2,$7,$0,$-6,$1,$60,$-30,$0,$0,$0,$13,$13,$4,$-13,$-3,$0,$-3,$-21,$-21,$-30,$1,$-54,$-7,$4,$-30
8,2016-09-30,18.13,$13.91,1.3,$33.75,0.54,$1.06,17.18,$1.20,15.11,$0.20B,$0.10B,2.1,$0.05B,$0.29B,0.18,$0.82B,$0.44B,53.55%,$0.82B,$0.04B,5.26%,$0.82B,$0.04B,5.26%,$0.82B,$0.07B,8.80%,$0.82B,$0.04B,5.38%,$0.82B,$0.03B,3.18%,$0.03B,$0.29B,8.75%,$0.03B,$0.29B,8.75%,$0.03B,$0.47B,5.59%,$0.04B,$0.35B,12.31%,$212,$98,$114,$0,$102,$200,$12,$0,$12,$5,$7,$7,$7,$20,$12,$21,23,$0.35,$0.31,$84,$99,$6,$203,$237,$0,$0,$8,$266,$468,$96,$53,$26,$79,$175,$31,$290,$-2,$294,$468,$17,$21,$1,$22,$1,$10,$0,$4,$8,$47,$-25,$0,$0,$0,$12,$12,$2,$-11,$-2,$0,$-2,$-21,$-21,$-7,$-1,$-31,$5,$3,$-7
9,2016-06-30,16.22,$13.64,1.19,$33.17,0.49,$1.06,15.33,$1.20,13.51,$0.19B,$0.09B,2.13,$0.05B,$0.29B,0.18,$0.82B,$0.44B,53.43%,$0.82B,$0.04B,5.39%,$0.82B,$0.04B,5.39%,$0.82B,$0.07B,8.82%,$0.82B,$0.04B,5.39%,$0.82B,$0.03B,3.31%,$0.03B,$0.29B,9.08%,$0.03B,$0.29B,9.08%,$0.03B,$0.46B,5.79%,$0.04B,$0.34B,12.62%,$195,$91,$104,$0,$97,$187,$8,$1,$9,$3,$5,$5,$5,$15,$8,$22,24,$0.25,$0.22,$58,$110,$6,$194,$238,$0,$0,$6,$263,$457,$91,$52,$26,$78,$169,$31,$285,$-2,$288,$457,$10,$14,$1,$15,$1,$-1,$0,$-4,$-14,$11,$-19,$0,$0,$0,$12,$12,$2,$-5,$-2,$0,$-2,$-21,$-21,$-4,$-1,$-28,$-22,$2,$-4
10,2016-03-31,18.93,$13.77,1.37,$32.56,0.58,$1.53,12.37,$1.17,16.18,$0.21B,$0.08B,2.51,$0.05B,$0.31B,0.17,$0.81B,$0.43B,53.40%,$0.81B,$0.04B,5.44%,$0.81B,$0.04B,5.44%,$0.81B,$0.07B,8.78%,$0.81B,$0.04B,5.32%,$0.81B,$0.03B,3.34%,$0.03B,$0.31B,9.00%,$0.03B,$0.31B,9.00%,$0.03B,$0.47B,5.74%,$0.04B,$0.36B,12.53%,$195,$90,$104,$0,$96,$186,$8,$-1,$8,$3,$5,$5,$5,$15,$8,$22,25,$0.21,$0.19,$74,$110,$5,$205,$237,$0,$0,$6,$260,$466,$82,$53,$26,$79,$161,$31,$282,$-2,$305,$466,$5,$7,$1,$8,$1,$-1,$0,$-1,$-17,$-5,$-9,$0,$0,$0,$0,$0,$0,$-9,$-1,$0,$-1,$-0,$-0,$-2,$0,$-3,$-17,$1,$-2
11,2015-12-31,19.08,$13.62,1.4,$32.26,0.59,$2.36,8.07,$1.23,15.51,$0.22B,$0.09B,2.33,$0.05B,$0.30B,0.17,$0.81B,$0.43B,53.54%,$0.81B,$0.05B,5.71%,$0.81B,$0.05B,5.71%,$0.81B,$0.07B,9.07%,$0.81B,$0.05B,5.59%,$0.81B,$0.03B,3.48%,$0.03B,$0.30B,9.40%,$0.03B,$0.30B,9.40%,$0.03B,$0.47B,5.94%,$0.05B,$0.35B,13.21%,$216,$100,$116,$0,$101,$201,$15,$-0,$15,$6,$9,$9,$9,$22,$15,$22,25,$0.42,$0.35,$91,$109,$6,$219,$229,$0,$0,$5,$253,$471,$94,$50,$25,$76,$170,$31,$280,$-2,$302,$471,$28,$26,$1,$27,$1,$-2,$0,$-3,$-2,$52,$-27,$-10,$0,$0,$7,$7,$2,$-28,$-3,$0,$-3,$-14,$-14,$-8,$6,$-19,$5,$4,$-8
12,2015-09-30,20.81,$13.25,1.57,$32.05,0.65,$2.33,8.92,$0.37,56.24,$0.21B,$0.10B,2.09,$0.05B,$0.29B,0.17,$0.80B,$0.43B,53.49%,$0.80B,$0.03B,3.24%,$0.80B,$0.03B,3.24%,$0.80B,$0.05B,6.48%,$0.80B,$0.03B,3.12%,$0.80B,$0.01B,1.12%,$0.01B,$0.29B,3.05%,$0.01B,$0.29B,3.05%,$0.01B,$0.47B,1.92%,$0.03B,$0.35B,7.54%,$210,$98,$112,$0,$99,$197,$13,$-1,$12,$5,$8,$8,$8,$20,$13,$23,25,$0.34,$0.34,$88,$105,$7,$214,$232,$0,$0,$6,$259,$472,$102,$51,$26,$77,$179,$31,$273,$-2,$294,$472,$19,$19,$4,$23,$1,$2,$0,$6,$4,$46,$-23,$0,$0,$0,$3,$3,$0,$-20,$-2,$0,$-2,$-14,$-14,$-6,$4,$-18,$8,$3,$-6
13,2015-06-30,19.08,$13.20,1.45,$31.52,0.61,$2.47,7.72,$0.37,51.56,$0.22B,$0.10B,2.23,$0.05B,$0.30B,0.17,$0.79B,$0.42B,53.48%,$0.79B,$0.03B,3.29%,$0.79B,$0.03B,3.29%,$0.79B,$0.05B,6.32%,$0.79B,$0.03B,3.16%,$0.79B,$0.01B,1.14%,$0.01B,$0.30B,3.06%,$0.01B,$0.30B,3.06%,$0.01B,$0.47B,1.95%,$0.03B,$0.35B,7.65%,$188,$88,$100,$0,$93,$180,$8,$0,$8,$3,$5,$5,$5,$14,$8,$23,25,$0.21,$0.19,$81,$112,$7,$216,$231,$0,$0,$7,$257,$473,$97,$51,$26,$77,$174,$31,$267,$-2,$299,$473,$11,$13,$3,$15,$1,$-5,$0,$3,$-8,$18,$-15,$0,$0,$0,$2,$2,$0,$-12,$-1,$0,$-1,$-2,$-2,$-4,$2,$-5,$1,$2,$-4
14,2015-03-31,21.87,$13.13,1.67,$31.00,0.71,$2.78,7.87,$0.37,59.11,$0.21B,$0.10B,2.21,$0.05B,$0.30B,0.16,$0.78B,$0.42B,53.60%,$0.78B,$0.03B,3.34%,$0.78B,$0.03B,3.34%,$0.78B,$0.05B,6.43%,$0.78B,$0.03B,3.21%,$0.78B,$0.01B,1.16%,$0.01B,$0.30B,3.04%,$0.01B,$0.30B,3.04%,$0.01B,$0.47B,1.99%,$0.03B,$0.35B,7.73%,$191,$89,$103,$0,$92,$181,$10,$-0,$10,$4,$6,$6,$6,$17,$10,$23,25,$0.27,$0.24,$88,$107,$4,$213,$229,$0,$0,$9,$256,$470,$97,$49,$27,$75,$172,$31,$264,$-2,$297,$470,$6,$6,$1,$7,$1,$-0,$0,$5,$0,$14,$-7,$0,$0,$0,$1,$1,$0,$-6,$-1,$0,$-1,$0,$0,$-2,$3,$1,$9,$1,$-2
15,2014-12-31,19.28,$12.90,1.5,$30.55,0.63,$2.66,7.24,$0.37,52.11,$0.21B,$0.10B,2.19,$0.05B,$0.29B,0.16,$0.77B,$0.41B,53.58%,$0.77B,$0.03B,3.38%,$0.77B,$0.03B,3.38%,$0.77B,$0.05B,6.37%,$0.77B,$0.03B,3.25%,$0.77B,$0.01B,1.17%,$0.01B,$0.29B,3.02%,$0.01B,$0.29B,3.02%,$0.01B,$0.46B,2.04%,$0.03B,$0.34B,7.88%,$213,$99,$114,$0,$97,$218,$-5,$-0,$-5,$5,$-10,$-10,$-10,$1,$-5,$23,25,$-0.44,$-0.45,$81,$107,$8,$209,$225,$0,$0,$8,$252,$461,$96,$47,$26,$73,$169,$31,$260,$-2,$292,$461,$9,$23,$30,$52,$1,$-16,$0,$3,$-5,$55,$-31,$-10,$0,$0,$0,$0,$-0,$-41,$-1,$0,$-1,$-1,$-1,$-30,$-0,$-32,$-18,$3,$-30
16,2014-09-30,19.02,$12.78,1.49,$29.81,0.64,$3.09,6.15,$1.24,15.34,$0.20B,$0.09B,2.18,$0.04B,$0.29B,0.12,$0.75B,$0.40B,53.72%,$0.75B,$0.05B,6.25%,$0.75B,$0.05B,6.25%,$0.75B,$0.07B,9.18%,$0.75B,$0.05B,6.12%,$0.75B,$0.03B,3.86%,$0.03B,$0.29B,9.68%,$0.03B,$0.29B,9.68%,$0.03B,$0.44B,6.74%,$0.05B,$0.33B,14.53%,$199,$92,$106,$0,$94,$186,$13,$-0,$12,$5,$8,$8,$8,$18,$13,$23,25,$0.34,$0.31,$87,$95,$4,$200,$213,$0,$0,$16,$243,$442,$92,$35,$26,$61,$152,$31,$272,$-15,$290,$442,$19,$17,$3,$20,$1,$-3,$0,$9,$10,$49,$-22,$0,$0,$0,$0,$0,$-1,$-23,$-1,$0,$-1,$0,$0,$-28,$-2,$-31,$-5,$3,$-28
17,2014-06-30,20.96,$13.49,1.55,$29.51,0.71,$2.98,7.05,$1.32,15.88,$0.21B,$0.08B,2.63,$0.03B,$0.31B,0.1,$0.75B,$0.40B,53.89%,$0.75B,$0.05B,6.70%,$0.75B,$0.05B,6.70%,$0.75B,$0.07B,9.65%,$0.75B,$0.05B,6.57%,$0.75B,$0.03B,4.02%,$0.03B,$0.31B,10.09%,$0.03B,$0.31B,10.09%,$0.03B,$0.44B,7.10%,$0.05B,$0.34B,15.80%,$175,$81,$94,$0,$86,$167,$8,$-0,$8,$3,$5,$5,$5,$14,$8,$23,25,$0.21,$0.21,$96,$95,$2,$208,$204,$0,$0,$15,$233,$440,$79,$29,$26,$55,$134,$31,$289,$-15,$306,$440,$11,$11,$2,$13,$1,$-3,$0,$9,$-1,$23,$-12,$0,$0,$0,$0,$0,$-1,$-12,$-0,$0,$-0,$0,$0,$-4,$-2,$-6,$5,$2,$-4
18,2014-03-31,24.7,$13.48,1.83,$29.27,0.84,$2.63,9.39,$1.32,18.71,$0.21B,$0.08B,2.7,$0.02B,$0.30B,0.05,$0.74B,$0.40B,53.77%,$0.74B,$0.05B,6.74%,$0.74B,$0.05B,6.74%,$0.74B,$0.07B,9.57%,$0.74B,$0.05B,6.60%,$0.74B,$0.03B,4.04%,$0.03B,$0.30B,10.39%,$0.03B,$0.30B,10.39%,$0.03B,$0.42B,7.27%,$0.05B,$0.32B,16.39%,$182,$84,$98,$0,$88,$171,$10,$-0,$10,$4,$6,$6,$6,$16,$10,$23,25,$0.27,$0.27,$93,$96,$3,$206,$188,$0,$0,$14,$216,$422,$76,$16,$26,$42,$118,$31,$286,$-15,$304,$422,$6,$5,$1,$6,$1,$-4,$0,$7,$-4,$8,$-5,$0,$0,$0,$0,$0,$-1,$-5,$-0,$0,$-0,$0,$0,$-2,$0,$-2,$1,$1,$-2
19,2013-12-31,25.95,$12.96,2.0,$29.31,0.89,$2.53,10.26,$1.41,18.41,$0.20B,$0.08B,2.57,$0.02B,$0.30B,0.05,$0.75B,$0.40B,53.75%,$0.75B,$0.05B,7.24%,$0.75B,$0.05B,7.24%,$0.75B,$0.07B,9.92%,$0.75B,$0.05B,6.97%,$0.75B,$0.03B,4.29%,$0.03B,$0.30B,11.44%,$0.03B,$0.30B,11.44%,$0.03B,$0.42B,7.86%,$0.05B,$0.31B,18.23%,$196,$90,$106,$0,$90,$181,$16,$0,$16,$6,$10,$10,$10,$21,$16,$22,25,$0.44,$0.44,$90,$91,$4,$201,$189,$0,$0,$14,$217,$418,$78,$16,$25,$41,$120,$31,$281,$-15,$298,$418,$32,$21,$1,$23,$1,$5,$0,$-5,$1,$56,$-20,$0,$0,$0,$0,$0,$0,$-20,$-1,$0,$-1,$1,$1,$-5,$-1,$-6,$30,$3,$-5
20,2013-09-30,20.28,$12.48,1.63,$28.78,0.7,$2.20,9.24,$1.29,15.72,$0.19B,$0.09B,2.21,$0.02B,$0.28B,0.06,$0.73B,$0.39B,53.42%,$0.73B,$0.05B,6.56%,$0.73B,$0.05B,6.56%,$0.73B,$0.07B,9.29%,$0.73B,$0.05B,6.28%,$0.73B,$0.03B,3.96%,$0.03B,$0.28B,10.74%,$0.03B,$0.28B,10.74%,$0.03B,$0.41B,7.20%,$0.05B,$0.30B,16.71%,$193,$89,$104,$0,$88,$177,$16,$-0,$15,$6,$9,$9,$9,$21,$16,$23,25,$0.42,$0.42,$79,$92,$4,$190,$191,$0,$0,$4,$220,$411,$86,$16,$27,$43,$130,$31,$273,$-22,$281,$411,$23,$16,$3,$19,$1,$5,$0,$-1,$-1,$41,$-17,$0,$0,$0,$0,$0,$0,$-17,$-1,$0,$-1,$1,$1,$-4,$-2,$-6,$19,$3,$-4
21,2013-06-30,18.97,$12.09,1.57,$28.00,0.68,$2.35,8.07,$1.02,18.6,$0.18B,$0.08B,2.21,$0.02B,$0.27B,0.06,$0.71B,$0.38B,53.09%,$0.71B,$0.04B,5.34%,$0.71B,$0.04B,5.34%,$0.71B,$0.06B,8.15%,$0.71B,$0.04B,5.20%,$0.71B,$0.02B,3.23%,$0.02B,$0.27B,8.59%,$0.02B,$0.27B,8.59%,$0.02B,$0.40B,5.72%,$0.04B,$0.29B,13.37%,$171,$80,$91,$0,$83,$163,$8,$-0,$8,$3,$5,$5,$5,$13,$8,$22,25,$0.22,$0.19,$59,$98,$5,$178,$192,$0,$0,$4,$221,$399,$81,$17,$30,$46,$127,$31,$266,$-23,$272,$399,$13,$10,$3,$13,$1,$-1,$0,$-3,$-13,$13,$-10,$0,$0,$0,$0,$0,$0,$-10,$-0,$0,$-0,$1,$1,$-2,$-2,$-4,$-1,$2,$-2
22,2013-03-31,16.92,$12.03,1.41,$27.25,0.62,$2.55,6.64,$0.92,18.39,$0.18B,$0.08B,2.18,$0.02B,$0.27B,0.06,$0.69B,$0.37B,52.96%,$0.69B,$0.03B,4.76%,$0.69B,$0.03B,4.76%,$0.69B,$0.05B,7.65%,$0.69B,$0.03B,4.76%,$0.69B,$0.02B,2.89%,$0.02B,$0.27B,7.49%,$0.02B,$0.27B,7.49%,$0.02B,$0.40B,5.00%,$0.03B,$0.29B,11.69%,$186,$86,$100,$0,$87,$172,$14,$-0,$13,$5,$8,$8,$8,$19,$14,$22,26,$0.37,$0.36,$61,$98,$5,$180,$191,$0,$0,$4,$220,$400,$83,$17,$32,$49,$132,$31,$262,$-23,$268,$400,$8,$5,$1,$6,$1,$-1,$0,$-2,$-9,$5,$-4,$0,$0,$0,$0,$0,$-0,$-4,$-0,$0,$-0,$0,$0,$-1,$0,$-1,$0,$1,$-1
23,2012-12-31,13.39,$11.66,1.15,$26.47,0.51,$2.79,4.81,$0.67,19.99,$0.18B,$0.09B,2.0,$0.02B,$0.26B,0.07,$0.67B,$0.35B,52.46%,$0.67B,$0.02B,3.43%,$0.67B,$0.02B,3.43%,$0.67B,$0.04B,6.41%,$0.67B,$0.02B,3.58%,$0.67B,$0.01B,2.09%,$0.01B,$0.26B,5.25%,$0.01B,$0.26B,5.25%,$0.01B,$0.40B,3.53%,$0.02B,$0.28B,8.20%,$182,$86,$96,$0,$86,$172,$10,$-0,$10,$3,$7,$7,$7,$15,$10,$22,25,$0.31,$0.25,$61,$97,$3,$180,$193,$0,$0,$4,$222,$402,$90,$18,$34,$53,$143,$31,$254,$-23,$259,$402,$15,$19,$1,$20,$1,$-3,$0,$8,$17,$52,$-25,$0,$0,$0,$0,$0,$0,$-25,$-1,$0,$-1,$2,$2,$-25,$-0,$-23,$4,$3,$-25
24,2012-09-30,10.71,$12.36,0.87,$25.89,0.41,$1.77,6.04,$1.13,9.48,$0.19B,$0.09B,2.2,$0.01B,$0.27B,0.05,$0.66B,$0.34B,52.36%,$0.66B,$0.02B,2.89%,$0.66B,$0.02B,2.89%,$0.66B,$0.04B,5.94%,$0.66B,$0.02B,3.04%,$0.66B,$0.02B,3.65%,$0.02B,$0.27B,8.97%,$0.02B,$0.27B,8.97%,$0.02B,$0.41B,6.11%,$0.02B,$0.29B,6.79%,$173,$82,$91,$0,$85,$167,$6,$-0,$6,$2,$3,$3,$3,$11,$6,$22,25,$0.15,$0.15,$82,$85,$6,$191,$187,$0,$0,$4,$215,$406,$87,$12,$34,$47,$134,$30,$270,$-23,$272,$406,$8,$14,$3,$17,$2,$9,$0,$5,$23,$48,$-20,$0,$0,$0,$0,$0,$0,$-20,$-1,$0,$-1,$-0,$-0,$-2,$-1,$-3,$25,$2,$-2
25,2012-06-30,8.59,$12.19,0.7,$25.16,0.34,$1.27,6.75,$0.99,8.68,$0.18B,$0.08B,2.39,$0.01B,$0.27B,0.04,$0.64B,$0.33B,52.11%,$0.64B,$0.01B,2.03%,$0.64B,$0.01B,2.03%,$0.64B,$0.03B,5.16%,$0.64B,$0.01B,2.19%,$0.64B,$0.02B,3.29%,$0.02B,$0.27B,7.98%,$0.02B,$0.27B,7.98%,$0.02B,$0.39B,5.47%,$0.01B,$0.28B,4.74%,$152,$72,$80,$0,$76,$148,$3,$0,$4,$1,$2,$2,$2,$8,$3,$22,25,$0.11,$0.09,$63,$93,$5,$182,$184,$0,$0,$4,$211,$392,$76,$12,$35,$47,$123,$30,$268,$-24,$269,$392,$5,$9,$2,$11,$2,$0,$0,$1,$4,$21,$-13,$0,$0,$0,$0,$0,$0,$-13,$-0,$0,$-0,$0,$0,$-1,$-1,$-2,$6,$1,$-1
26,2012-03-31,8.51,$12.14,0.7,$25.70,0.33,$1.48,5.76,$0.84,10.13,$0.18B,$0.07B,2.53,$0.01B,$0.27B,0.05,$0.63B,$0.33B,51.75%,$0.63B,$0.01B,1.43%,$0.63B,$0.01B,1.43%,$0.63B,$0.03B,4.60%,$0.63B,$0.01B,1.43%,$0.63B,$0.02B,2.86%,$0.02B,$0.27B,6.95%,$0.02B,$0.27B,6.95%,$0.02B,$0.39B,4.77%,$0.01B,$0.28B,3.34%,$164,$78,$85,$0,$81,$159,$4,$-0,$4,$2,$2,$2,$2,$9,$4,$22,25,$0.11,$0.10,$64,$92,$5,$181,$179,$0,$0,$4,$207,$387,$71,$12,$38,$50,$121,$30,$267,$-24,$266,$387,$2,$5,$1,$5,$1,$2,$0,$6,$3,$11,$-4,$0,$0,$0,$0,$0,$-0,$-4,$-0,$0,$-0,$0,$0,$0,$0,$-0,$7,$1,$0
27,2011-12-31,8.42,$11.97,0.7,$26.30,0.32,$1.53,5.49,$0.70,12.03,$0.18B,$0.07B,2.46,$0.01B,$0.26B,0.05,$0.62B,$0.32B,51.61%,$0.62B,$0.01B,0.81%,$0.62B,$0.01B,0.81%,$0.62B,$0.02B,3.87%,$0.62B,$0.00B,0.65%,$0.62B,$0.02B,2.42%,$0.02B,$0.26B,5.86%,$0.02B,$0.26B,5.86%,$0.02B,$0.39B,4.02%,$0.01B,$0.28B,1.88%,$168,$80,$88,$0,$82,$162,$6,$-0,$6,$-11,$17,$17,$17,$11,$6,$22,25,$0.77,$0.68,$56,$94,$5,$178,$179,$0,$0,$5,$207,$385,$72,$12,$38,$50,$122,$30,$264,$-25,$263,$385,$15,$18,$-5,$13,$2,$-2,$0,$-11,$-9,$19,$-18,$0,$0,$0,$0,$0,$-7,$-24,$-1,$0,$-1,$0,$0,$-3,$-0,$-3,$-8,$2,$-3
28,2011-09-30,7.58,$11.59,0.65,$26.04,0.29,$1.98,3.82,$0.19,39.88,$0.18B,$0.08B,2.37,$0.01B,$0.25B,0.03,$0.61B,$0.32B,51.30%,$0.61B,$0.00B,0.49%,$0.61B,$0.00B,0.49%,$0.61B,$0.02B,3.42%,$0.61B,$0.00B,0.65%,$0.61B,$0.00B,0.65%,$0.00B,$0.25B,1.58%,$0.00B,$0.25B,1.58%,$0.00B,$0.37B,1.08%,$0.00B,$0.26B,1.14%,$155,$75,$80,$0,$80,$155,$0,$-0,$0,$-0,$0,$0,$0,$5,$0,$22,25,$0.01,$0.01,$73,$82,$4,$179,$176,$0,$0,$5,$194,$373,$76,$8,$35,$43,$118,$30,$250,$-18,$254,$373,$-1,$14,$2,$15,$3,$10,$0,$5,$16,$30,$-14,$0,$0,$0,$0,$0,$-7,$-21,$-0,$0,$-0,$0,$0,$0,$-0,$-1,$8,$2,$0
29,2011-06-30,8.73,$11.55,0.76,$26.12,0.33,$2.16,4.04,$0.23,37.96,$0.18B,$0.07B,2.62,$0.01B,$0.25B,0.03,$0.62B,$0.32B,51.30%,$0.62B,$0.00B,0.65%,$0.62B,$0.00B,0.65%,$0.62B,$0.02B,3.57%,$0.62B,$0.01B,0.81%,$0.62B,$0.01B,0.81%,$0.01B,$0.25B,1.98%,$0.01B,$0.25B,1.98%,$0.01B,$0.37B,1.35%,$0.00B,$0.26B,1.53%,$143,$70,$73,$0,$74,$144,$-1,$-0,$-1,$-0,$-1,$-1,$-1,$4,$-1,$22,22,$-0.04,$-0.04,$69,$85,$3,$178,$170,$0,$0,$5,$188,$366,$68,$8,$36,$44,$112,$30,$250,$-19,$253,$366,$-2,$9,$1,$10,$2,$7,$0,$3,$6,$15,$-4,$0,$0,$0,$0,$0,$-7,$-11,$-0,$0,$-0,$0,$0,$0,$-0,$-0,$4,$1,$0
30,2011-03-31,10.06,$11.60,0.87,$26.26,0.38,$2.35,4.28,$0.24,41.91,$0.18B,$0.07B,2.56,$0.01B,$0.25B,0.03,$0.62B,$0.32B,51.29%,$0.62B,$0.01B,0.81%,$0.62B,$0.01B,0.81%,$0.62B,$0.02B,3.56%,$0.62B,$0.01B,0.81%,$0.62B,$0.01B,0.81%,$0.01B,$0.25B,1.98%,$0.01B,$0.25B,1.98%,$0.01B,$0.37B,1.35%,$0.01B,$0.26B,1.92%,$154,$75,$79,$0,$79,$155,$-0,$-0,$-1,$0,$-1,$-1,$-1,$4,$-0,$22,22,$-0.03,$-0.03,$79,$88,$3,$179,$173,$0,$0,$5,$190,$370,$70,$8,$37,$46,$116,$30,$251,$-19,$254,$370,$-1,$5,$1,$5,$1,$4,$0,$3,$5,$10,$-2,$0,$0,$0,$0,$0,$0,$-2,$-0,$0,$-0,$0,$0,$0,$-0,$0,$8,$1,$0
31,2010-12-31,9.85,$11.59,0.85,$25.29,0.39,$2.27,4.34,$0.38,25.91,$0.18B,$0.07B,2.51,$0.01B,$0.25B,0.03,$0.62B,$0.32B,51.45%,$0.62B,$0.01B,1.29%,$0.62B,$0.01B,1.29%,$0.62B,$0.03B,4.03%,$0.62B,$0.01B,1.29%,$0.62B,$0.01B,1.29%,$0.01B,$0.25B,3.19%,$0.01B,$0.25B,3.19%,$0.01B,$0.37B,2.17%,$0.01B,$0.26B,3.09%,$162,$79,$83,$0,$79,$158,$4,$2,$6,$0,$6,$6,$6,$8,$4,$22,26,$0.25,$0.22,$58,$92,$5,$177,$176,$0,$0,$6,$193,$370,$71,$9,$38,$46,$117,$30,$251,$-19,$253,$370,$8,$17,$-3,$14,$1,$1,$0,$-1,$2,$24,$-11,$0,$0,$0,$0,$0,$0,$-11,$-0,$0,$-0,$3,$3,$-2,$-0,$1,$14,$2,$-2
32,2010-09-30,8.2,$11.55,0.71,$26.53,0.31,$3.72,2.21,$0.55,14.91,$0.18B,$0.08B,2.33,$0.01B,$0.25B,0.04,$0.62B,$0.32B,51.94%,$0.62B,$0.01B,1.94%,$0.62B,$0.01B,1.94%,$0.62B,$0.03B,4.68%,$0.62B,$0.01B,1.61%,$0.62B,$0.01B,1.77%,$0.01B,$0.25B,4.42%,$0.01B,$0.25B,4.42%,$0.01B,$0.37B,3.00%,$0.01B,$0.26B,4.68%,$157,$77,$81,$0,$79,$156,$1,$-0,$1,$0,$1,$1,$1,$6,$1,$22,25,$0.05,$0.05,$67,$88,$6,$184,$173,$0,$0,$6,$190,$374,$79,$9,$34,$43,$122,$30,$248,$-16,$252,$374,$3,$13,$-1,$12,$2,$5,$0,$1,$12,$27,$-7,$0,$0,$0,$0,$0,$0,$-7,$-0,$0,$-0,$3,$3,$0,$-1,$2,$23,$1,$0
33,2010-06-30,9.24,$11.47,0.81,$26.28,0.35,$4.61,2.0,$0.52,17.76,$0.18B,$0.07B,2.45,$0.01B,$0.25B,0.03,$0.62B,$0.32B,52.03%,$0.62B,$0.01B,1.95%,$0.62B,$0.01B,1.95%,$0.62B,$0.03B,4.72%,$0.62B,$0.01B,1.63%,$0.62B,$0.01B,1.79%,$0.01B,$0.25B,4.50%,$0.01B,$0.25B,4.50%,$0.01B,$0.37B,3.03%,$0.01B,$0.26B,4.78%,$145,$71,$74,$0,$75,$145,$-0,$-0,$-1,$-0,$-1,$-1,$-1,$4,$-0,$22,22,$-0.03,$-0.03,$62,$89,$6,$180,$171,$0,$0,$6,$188,$368,$73,$7,$37,$44,$117,$30,$247,$-16,$250,$368,$2,$9,$-1,$8,$2,$4,$0,$4,$9,$18,$-3,$0,$0,$0,$0,$0,$0,$-3,$-0,$0,$-0,$3,$3,$0,$-1,$3,$18,$1,$0
34,2010-03-31,12.27,$11.52,1.07,$24.71,0.5,$4.67,2.63,$0.25,49.06,$0.18B,$0.07B,2.49,$0.01B,$0.25B,0.03,$0.60B,$0.31B,52.17%,$0.60B,$0.01B,1.00%,$0.60B,$0.01B,1.00%,$0.60B,$0.02B,4.00%,$0.60B,$0.00B,0.67%,$0.60B,$0.01B,0.83%,$0.01B,$0.25B,2.09%,$0.01B,$0.25B,2.09%,$0.01B,$0.36B,1.40%,$0.01B,$0.26B,2.43%,$156,$75,$81,$0,$79,$153,$3,$-0,$2,$0,$2,$2,$2,$7,$3,$21,26,$0.11,$0.09,$52,$94,$4,$175,$173,$0,$0,$6,$190,$364,$70,$7,$39,$45,$115,$30,$247,$-16,$249,$364,$2,$4,$-0,$4,$1,$-0,$0,$6,$1,$8,$-1,$0,$0,$0,$0,$0,$0,$-1,$-0,$0,$-0,$2,$2,$0,$-0,$1,$8,$1,$0
35,2009-12-31,10.32,$11.41,0.9,$24.34,0.42,$4.63,2.23,$-0.20,0.0,$0.17B,$0.07B,2.36,$0.01B,$0.25B,0.03,$0.59B,$0.31B,52.04%,$0.59B,$-0.00B,-0.68%,$0.59B,$-0.00B,-0.68%,$0.59B,$0.02B,2.55%,$0.59B,$-0.01B,-0.85%,$0.59B,$-0.00B,-0.68%,$-0.00B,$0.25B,-1.69%,$-0.00B,$0.25B,-1.69%,$-0.00B,$0.36B,-1.13%,$-0.00B,$0.25B,-1.64%,$162,$76,$86,$0,$78,$155,$8,$-0,$8,$-2,$9,$9,$9,$12,$8,$21,21,$0.43,$0.43,$44,$93,$6,$168,$176,$0,$0,$6,$193,$361,$71,$7,$38,$45,$116,$30,$245,$-17,$245,$361,$-4,$19,$1,$20,$9,$10,$0,$5,$22,$38,$3,$0,$0,$0,$0,$0,$0,$3,$-0,$0,$-0,$0,$0,$-0,$-0,$-1,$41,$2,$-0
36,2009-09-30,8.86,$10.88,0.81,$23.12,0.38,$3.91,2.27,$-1.09,0.0,$0.16B,$0.08B,2.15,$0.01B,$0.23B,0.03,$0.59B,$0.30B,51.70%,$0.59B,$-0.01B,-2.38%,$0.59B,$-0.01B,-2.38%,$0.59B,$0.01B,1.19%,$0.59B,$-0.02B,-2.55%,$0.59B,$-0.02B,-3.74%,$-0.02B,$0.23B,-9.28%,$-0.02B,$0.23B,-9.28%,$-0.02B,$0.36B,-6.23%,$-0.01B,$0.24B,-5.74%,$152,$73,$79,$0,$78,$151,$1,$-0,$1,$0,$1,$1,$1,$6,$1,$21,26,$0.02,$0.02,$61,$88,$5,$163,$180,$0,$0,$6,$195,$358,$76,$7,$42,$49,$125,$30,$236,$-19,$233,$358,$-13,$15,$3,$17,$10,$16,$0,$11,$34,$38,$5,$0,$0,$0,$0,$0,$0,$5,$-0,$0,$-0,$0,$0,$0,$-0,$-1,$42,$1,$0
37,2009-06-30,6.86,$10.83,0.63,$24.10,0.28,$3.43,2.0,$-1.18,0.0,$0.15B,$0.06B,2.28,$0.01B,$0.23B,0.03,$0.61B,$0.32B,51.47%,$0.61B,$-0.02B,-2.78%,$0.61B,$-0.02B,-2.78%,$0.61B,$0.00B,0.65%,$0.61B,$-0.02B,-2.94%,$0.61B,$-0.03B,-4.08%,$-0.03B,$0.23B,-10.13%,$-0.03B,$0.23B,-10.13%,$-0.03B,$0.34B,-6.89%,$-0.02B,$0.24B,-6.70%,$130,$63,$67,$0,$73,$136,$-6,$-1,$-7,$0,$-7,$-7,$-7,$-1,$-6,$21,25,$-0.31,$-0.31,$22,$93,$4,$145,$184,$0,$0,$6,$199,$344,$64,$7,$41,$48,$112,$30,$236,$-19,$232,$344,$-14,$10,$2,$12,$9,$10,$0,$6,$16,$14,$5,$0,$0,$0,$0,$0,$0,$5,$-6,$6,$-0,$0,$0,$0,$-0,$-1,$19,$1,$0
38,2009-03-31,7.9,$11.17,0.71,$25.62,0.31,$2.86,2.76,$-0.99,0.0,$0.14B,$0.06B,2.36,$0.01B,$0.24B,0.03,$0.65B,$0.33B,51.38%,$0.65B,$-0.01B,-2.15%,$0.65B,$-0.01B,-2.15%,$0.65B,$0.01B,1.08%,$0.65B,$-0.02B,-2.31%,$0.65B,$-0.02B,-3.08%,$-0.02B,$0.24B,-7.77%,$-0.02B,$0.24B,-7.77%,$-0.02B,$0.35B,-5.31%,$-0.01B,$0.25B,-5.30%,$144,$70,$74,$0,$81,$151,$-7,$-0,$-7,$0,$-7,$-7,$-7,$-2,$-7,$21,25,$-0.34,$-0.34,$28,$99,$5,$143,$188,$0,$0,$6,$204,$347,$61,$7,$41,$48,$109,$30,$242,$-19,$238,$347,$-7,$5,$1,$6,$6,$4,$0,$3,$1,$-0,$6,$0,$0,$0,$0,$0,$0,$6,$-0,$0,$-0,$0,$0,$0,$0,$-0,$6,$1,$0
39,2008-12-31,7.0,$11.49,0.61,$27.17,0.26,$2.59,2.71,$-0.60,0.0,$0.15B,$0.07B,2.09,$0.01B,$0.25B,0.03,$0.69B,$0.36B,51.52%,$0.69B,$-0.01B,-0.72%,$0.69B,$-0.01B,-0.72%,$0.69B,$0.02B,2.32%,$0.69B,$-0.01B,-0.87%,$0.69B,$-0.01B,-1.74%,$-0.01B,$0.25B,-4.49%,$-0.01B,$0.25B,-4.49%,$-0.01B,$0.36B,-3.05%,$-0.01B,$0.25B,-1.80%,$162,$78,$84,$0,$86,$163,$-2,$-1,$-2,$7,$-9,$-9,$-9,$4,$-2,$21,25,$-0.44,$-0.43,$4,$104,$6,$150,$197,$0,$0,$6,$214,$363,$72,$7,$40,$47,$118,$30,$250,$-19,$245,$363,$-12,$22,$12,$33,$39,$-1,$0,$-9,$19,$41,$-9,$0,$0,$0,$0,$0,$0,$-9,$-21,$0,$-21,$-1,$-1,$-4,$-1,$-28,$4,$2,$-4
40,2008-09-30,8.58,$12.74,0.67,$28.49,0.3,$2.42,3.54,$-0.06,0.0,$0.17B,$0.09B,1.91,$0.01B,$0.27B,0.03,$0.74B,$0.38B,51.16%,$0.74B,$-0.00B,-0.14%,$0.74B,$-0.00B,-0.14%,$0.74B,$0.02B,2.72%,$0.74B,$-0.00B,-0.27%,$0.74B,$-0.00B,-0.14%,$-0.00B,$0.27B,-0.36%,$-0.00B,$0.27B,-0.36%,$-0.00B,$0.40B,-0.24%,$-0.00B,$0.28B,-0.35%,$176,$85,$90,$0,$93,$178,$-2,$-0,$-2,$-1,$-2,$-2,$-2,$3,$-2,$21,25,$-0.07,$-0.07,$19,$100,$11,$170,$202,$0,$0,$24,$228,$397,$89,$7,$30,$37,$126,$30,$259,$-2,$272,$397,$-3,$16,$2,$18,$31,$3,$0,$2,$23,$39,$-8,$0,$0,$0,$0,$0,$0,$-8,$-6,$0,$-6,$-2,$-2,$-4,$0,$-12,$19,$1,$-4
41,2008-06-30,7.49,$12.86,0.58,$29.04,0.26,$2.56,2.93,$0.04,187.13,$0.17B,$0.09B,1.88,$0.01B,$0.27B,0.03,$0.76B,$0.39B,50.79%,$0.76B,$0.00B,0.13%,$0.76B,$0.00B,0.13%,$0.76B,$0.02B,3.03%,$0.76B,$0.00B,0.13%,$0.76B,$0.00B,0.26%,$0.00B,$0.27B,0.72%,$0.00B,$0.27B,0.72%,$0.00B,$0.40B,0.48%,$0.00B,$0.28B,0.34%,$168,$82,$86,$0,$90,$172,$-3,$-0,$-4,$-2,$-2,$-2,$-2,$2,$-3,$21,25,$-0.11,$-0.11,$2,$105,$7,$167,$204,$0,$0,$25,$232,$399,$89,$7,$29,$36,$125,$30,$262,$-2,$274,$399,$-1,$11,$1,$12,$23,$-2,$0,$-2,$-1,$10,$-5,$0,$0,$0,$0,$0,$0,$-5,$-4,$5,$1,$-2,$-2,$-3,$0,$-3,$2,$0,$-3
42,2008-03-31,7.88,$13.06,0.6,$29.36,0.27,$2.60,3.03,$0.09,87.56,$0.18B,$0.09B,2.03,$0.02B,$0.28B,0.07,$0.78B,$0.39B,50.19%,$0.78B,$0.00B,0.26%,$0.78B,$0.00B,0.26%,$0.78B,$0.02B,3.08%,$0.78B,$0.00B,0.39%,$0.78B,$0.00B,0.39%,$0.00B,$0.28B,1.06%,$0.00B,$0.28B,1.06%,$0.00B,$0.42B,0.70%,$0.00B,$0.30B,0.66%,$185,$89,$96,$0,$95,$183,$2,$-0,$2,$1,$1,$1,$1,$7,$2,$21,26,$0.05,$0.04,$2,$110,$8,$178,$206,$0,$0,$25,$236,$415,$88,$20,$29,$49,$137,$30,$266,$-2,$277,$415,$1,$5,$1,$6,$12,$-7,$0,$0,$-7,$0,$-2,$0,$0,$0,$0,$0,$0,$-1,$-2,$8,$6,$-2,$-2,$-1,$0,$3,$2,$0,$-1
43,2007-12-31,6.61,$13.00,0.51,$29.14,0.23,$2.32,2.85,$0.08,82.67,$0.18B,$0.09B,1.93,$0.02B,$0.28B,0.07,$0.79B,$0.39B,49.68%,$0.79B,$0.00B,0.13%,$0.79B,$0.00B,0.13%,$0.79B,$0.02B,3.06%,$0.79B,$0.00B,0.25%,$0.79B,$0.00B,0.38%,$0.00B,$0.28B,1.05%,$0.00B,$0.28B,1.05%,$0.00B,$0.42B,0.68%,$0.00B,$0.30B,0.32%,$206,$102,$104,$0,$102,$204,$2,$0,$2,$1,$2,$2,$2,$8,$2,$22,27,$0.07,$0.07,$0,$102,$9,$179,$210,$0,$0,$11,$243,$422,$93,$20,$30,$50,$143,$30,$266,$-2,$279,$422,$2,$22,$-3,$19,$11,$22,$0,$-2,$18,$39,$-10,$0,$0,$0,$0,$0,$0,$-10,$-10,$-13,$-23,$-12,$-12,$-6,$0,$-41,$-12,$2,$-6
44,2007-09-30,6.4,$12.80,0.5,$29.41,0.22,$1.54,4.15,$0.15,42.69,$0.20B,$0.11B,1.91,$0.02B,$0.29B,0.08,$0.80B,$0.39B,49.56%,$0.80B,$0.01B,0.63%,$0.80B,$0.01B,0.63%,$0.80B,$0.03B,3.40%,$0.80B,$0.01B,0.63%,$0.80B,$0.00B,0.50%,$0.00B,$0.29B,1.38%,$0.00B,$0.29B,1.38%,$0.00B,$0.44B,0.88%,$0.01B,$0.31B,1.57%,$201,$101,$100,$0,$100,$200,$0,$0,$1,$-0,$1,$1,$1,$6,$0,$23,27,$0.03,$0.02,$18,$94,$10,$204,$215,$0,$0,$13,$238,$442,$107,$22,$28,$50,$157,$30,$266,$-2,$285,$442,$0,$17,$2,$19,$3,$31,$0,$-4,$26,$45,$-9,$0,$0,$0,$0,$0,$0,$-9,$-8,$-13,$-21,$-5,$-5,$-5,$0,$-30,$6,$0,$-5
45,2007-06-30,8.47,$12.77,0.66,$30.19,0.28,$0.65,12.96,$0.30,28.23,$0.20B,$0.11B,1.93,$0.03B,$0.29B,0.08,$0.82B,$0.40B,49.33%,$0.82B,$0.01B,1.35%,$0.82B,$0.01B,1.35%,$0.82B,$0.03B,4.04%,$0.82B,$0.01B,1.22%,$0.82B,$0.01B,0.86%,$0.01B,$0.29B,2.40%,$0.01B,$0.29B,2.40%,$0.01B,$0.45B,1.53%,$0.01B,$0.32B,3.44%,$187,$96,$91,$0,$94,$189,$-2,$0,$-2,$-1,$-1,$-1,$-1,$3,$-2,$23,27,$-0.06,$-0.06,$9,$103,$8,$204,$217,$0,$0,$13,$244,$447,$105,$25,$27,$52,$157,$30,$267,$-2,$290,$447,$-1,$11,$1,$13,$-1,$22,$0,$-6,$-1,$11,$-5,$0,$0,$0,$0,$0,$0,$-5,$-6,$-0,$-7,$-0,$-0,$-3,$0,$-10,$-3,$0,$-3
46,2007-03-31,10.1,$12.90,0.78,$31.05,0.33,$0.54,18.57,$0.52,19.43,$0.21B,$0.10B,2.09,$0.04B,$0.29B,0.13,$0.84B,$0.42B,49.46%,$0.84B,$0.02B,2.26%,$0.84B,$0.02B,2.26%,$0.84B,$0.04B,4.88%,$0.84B,$0.02B,2.14%,$0.84B,$0.01B,1.43%,$0.01B,$0.29B,4.13%,$0.01B,$0.29B,4.13%,$0.01B,$0.46B,2.61%,$0.02B,$0.33B,5.95%,$191,$96,$95,$0,$95,$190,$1,$0,$1,$1,$1,$1,$1,$7,$1,$23,27,$0.04,$0.03,$8,$120,$5,$210,$219,$0,$0,$13,$247,$457,$101,$37,$27,$63,$164,$29,$269,$-2,$293,$457,$1,$6,$0,$6,$-0,$5,$0,$1,$-14,$-7,$-2,$0,$0,$0,$0,$0,$0,$-2,$-2,$8,$6,$0,$0,$-2,$0,$5,$-4,$0,$-2
47,2006-12-31,10.63,$12.87,0.83,$31.79,0.33,$0.62,17.12,$0.71,14.97,$0.22B,$0.12B,1.79,$0.03B,$0.29B,0.09,$0.86B,$0.43B,49.59%,$0.86B,$0.03B,2.91%,$0.86B,$0.03B,2.91%,$0.86B,$0.05B,5.36%,$0.86B,$0.03B,2.91%,$0.86B,$0.02B,1.86%,$0.02B,$0.29B,5.55%,$0.02B,$0.29B,5.55%,$0.02B,$0.47B,3.48%,$0.03B,$0.32B,7.92%,$216,$108,$108,$0,$104,$211,$6,$-0,$5,$2,$3,$3,$3,$11,$6,$23,27,$0.13,$0.11,$12,$125,$12,$219,$221,$0,$0,$14,$250,$470,$122,$28,$28,$55,$178,$29,$270,$-2,$292,$470,$16,$22,$-3,$19,$11,$-17,$0,$2,$-7,$28,$-20,$0,$0,$0,$0,$0,$0,$-20,$-12,$8,$-4,$2,$2,$-6,$0,$-7,$1,$0,$-6
