,Date,Stock Price,Book Value per Share,Price to Book Ratio,TTM Sales per Share,Price to Sales Ratio,TTM FCF per Share,Price to FCF Ratio,TTM Net EPS,PE Ratio,Current Assets,Current Liabilities,Current Ratio,Long Term Debt,Shareholder's Equity_x,Debt to Equity Ratio,TTM Revenue_x,TTM Gross Profit,Gross Margin,TTM Revenue_y,TTM Operating Income,Operating Margin,TTM Revenue_x,TTM EBIT,EBIT Margin,TTM Revenue_y,TTM EBITDA,EBITDA Margin,TTM Revenue_x,TTM Pre-Tax Income,Pre-Tax Margin,TTM Revenue_y,TTM Net Income_x,Net Margin,TTM Net Income_y,Shareholder's Equity_y,Return on Equity,TTM Net Income_x,Tangible Equity,Return on Tangible Equity,TTM Net Income_y,Total Assets,Return on Assets,TTM Net Income,LT Investments & Debt,Return on Investment,revenue,cost-goods-sold,gross-profit,research-development-expenses,selling-general-administrative-expenses,operating-expenses,operating-income,total-non-operating-income-expense,pre-tax-income,total-provision-income-taxes,income-after-taxes,income-from-continuous-operations,net-income,ebitda,ebit,basic-shares-outstanding,shares-outstanding,eps-basic-net-earnings-per-share,eps-earnings-per-share-diluted,cash-on-hand,inventory,other-current-assets,total-current-assets,net-property-plant-equipment,long-term-investments,goodwill-intangible-assets-total,other-long-term-assets,total-long-term-assets,total-assets,total-current-liabilities,long-term-debt,other-non-current-liabilities,total-long-term-liabilities,total-liabilities,common-stock-net,retained-earnings-accumulated-deficit,comprehensive-income,total-share-holder-equity,total-liabilities-share-holders-equity,net-income-loss,total-depreciation-amortization-cash-flow,other-non-cash-items,total-non-cash-items,change-in-accounts-receivable,change-in-inventories,change-in-accounts-payable,change-in-assets-liabilities,total-change-in-assets-liabilities,cash-flow-from-operating-activities,net-change-in-property-plant-equipment,net-change-in-intangible-assets,net-acquisitions-divestitures,net-change-in-short-term-investments,net-change-in-long-term-investments,net-change-in-investments-total,investing-activities-other,cash-flow-from-investing-activities,net-long-term-debt,net-current-debt,debt-issuance-retirement-net-total,net-common-equity-issued-repurchased,net-total-equity-issued-repurchased,total-common-preferred-stock-dividends-paid,financial-activities-other,cash-flow-from-financial-activities,net-cash-flow,stock-based-compensation,common-stock-dividends-paid
0,2018-06-30,21.9,$16.09,1.36,$10.45,2.09,$4.39,4.99,$0.72,30.4,$1.15B,$1.22B,0.94,$0.12B,$0.09B,1.33,$0.06B,$0.05B,84.13%,$0.06B,$0.01B,19.05%,$0.06B,0,0.00%,$0.06B,0,0.00%,$0.06B,$0.01B,19.05%,$0.06B,$0.01B,7.94%,$0.01B,$0.09B,5.39%,$0.01B,$0.09B,5.56%,$0.01B,$1.45B,0.35%,$0.01B,$0.22B,5.11%,$17,$3,$14,$0,$10,$14,$3,$0,$3,$0,$3,$3,$3,$0,$0,$6,6,$0.48,$0.48,$62,$0,$0,$1150,$35,$237,$3,$25,$299,$1449,$1220,$124,$11,$135,$1356,$6,$50,$-8,$93,$1449,$5,$2,$1,$2,$0,$0,$0,$-1,$-1,$6,$-1,$0,$0,$0,$-3,$-3,$-33,$-37,$-47,$9,$-39,$-0,$-0,$-1,$58,$18,$-12,$0,$-1
1,2018-03-31,19.76,$15.15,1.3,$10.10,1.96,$4.13,4.78,$0.56,35.42,$1.17B,$1.22B,0.96,$0.13B,$0.09B,1.47,$0.06B,$0.05B,85.25%,$0.06B,$0.01B,19.67%,$0.06B,0,0.00%,$0.06B,0,0.00%,$0.06B,$0.01B,19.67%,$0.06B,$0.00B,6.56%,$0.00B,$0.09B,4.29%,$0.00B,$0.09B,4.42%,$0.00B,$1.45B,0.28%,$0.01B,$0.23B,4.89%,$16,$3,$13,$0,$11,$13,$3,$0,$3,$0,$2,$2,$2,$0,$0,$6,6,$0.35,$0.35,$86,$0,$0,$1165,$35,$225,$3,$25,$288,$1453,$1216,$134,$12,$146,$1362,$6,$52,$-7,$91,$1453,$2,$1,$0,$1,$0,$0,$0,$-1,$-1,$2,$-0,$0,$0,$0,$10,$10,$-17,$-8,$-37,$7,$-30,$-0,$-0,$-0,$55,$24,$19,$0,$-0
2,2017-12-31,19.79,$15.76,1.26,$9.87,2.01,$4.09,4.84,$0.55,35.75,$1.13B,$1.15B,0.98,$0.17B,$0.09B,1.87,$0.06B,$0.05B,86.67%,$0.06B,$0.01B,20.00%,$0.06B,0,0.00%,$0.06B,0,0.00%,$0.06B,$0.01B,20.00%,$0.06B,$0.00B,6.67%,$0.00B,$0.09B,4.27%,$0.00B,$0.09B,4.40%,$0.00B,$1.43B,0.29%,$0.01B,$0.26B,4.84%,$15,$2,$13,$0,$11,$13,$3,$0,$3,$5,$-2,$-2,$-2,$0,$0,$6,6,$-0.39,$-0.39,$66,$0,$0,$1130,$35,$238,$3,$25,$300,$1429,$1154,$171,$13,$184,$1338,$6,$51,$-6,$91,$1429,$3,$3,$2,$6,$-1,$0,$0,$5,$4,$12,$-1,$0,$0,$0,$-15,$-15,$-97,$-113,$28,$-4,$25,$-1,$-1,$-1,$115,$137,$37,$0,$-1
3,2017-09-30,19.68,$15.90,1.24,$9.65,2.04,$4.25,4.63,$1.27,15.48,$1.10B,$1.14B,0.96,$0.14B,$0.10B,1.45,$0.06B,$0.05B,88.14%,$0.06B,$0.01B,20.34%,$0.06B,0,0.00%,$0.06B,0,0.00%,$0.06B,$0.01B,20.34%,$0.06B,$0.01B,13.56%,$0.01B,$0.10B,8.53%,$0.01B,$0.09B,8.82%,$0.01B,$1.39B,0.60%,$0.01B,$0.24B,4.98%,$15,$2,$13,$0,$10,$13,$3,$0,$3,$1,$2,$2,$2,$0,$0,$6,6,$0.29,$0.29,$60,$0,$0,$1099,$35,$222,$3,$27,$287,$1387,$1141,$139,$11,$149,$1290,$6,$52,$-3,$96,$1387,$6,$3,$2,$4,$-0,$0,$-0,$-1,$-1,$9,$-1,$0,$0,$0,$2,$2,$-70,$-68,$-3,$1,$-2,$-1,$-1,$-1,$97,$93,$33,$0,$-1
4,2017-06-30,19.85,$16.30,1.22,$9.41,2.11,$4.35,4.56,$1.29,15.41,$1.09B,$1.11B,0.98,$0.17B,$0.10B,1.73,$0.06B,$0.05B,87.93%,$0.06B,$0.01B,20.69%,$0.06B,0,0.00%,$0.06B,0,0.00%,$0.06B,$0.01B,20.69%,$0.06B,$0.01B,13.79%,$0.01B,$0.10B,8.60%,$0.01B,$0.09B,8.89%,$0.01B,$1.38B,0.61%,$0.01B,$0.26B,5.06%,$15,$2,$13,$0,$10,$12,$3,$0,$3,$1,$2,$2,$2,$0,$0,$6,6,$0.32,$0.32,$61,$0,$0,$1091,$35,$227,$3,$28,$293,$1384,$1112,$165,$11,$176,$1288,$6,$51,$-3,$95,$1384,$4,$2,$1,$2,$-1,$0,$-0,$-0,$-1,$5,$-1,$0,$0,$0,$-2,$-2,$-58,$-61,$22,$-2,$20,$-0,$-0,$-1,$72,$91,$35,$0,$-1
5,2017-03-31,19.16,$15.33,1.25,$9.16,2.09,$4.34,4.41,$1.20,15.94,$1.03B,$1.08B,0.96,$0.14B,$0.09B,1.52,$0.06B,$0.05B,89.29%,$0.06B,$0.01B,19.64%,$0.06B,0,0.00%,$0.06B,0,0.00%,$0.06B,$0.01B,19.64%,$0.06B,$0.01B,12.50%,$0.01B,$0.09B,7.59%,$0.01B,$0.09B,7.84%,$0.01B,$1.32B,0.54%,$0.01B,$0.23B,4.87%,$15,$2,$13,$0,$10,$11,$3,$0,$3,$1,$2,$2,$2,$0,$0,$6,6,$0.35,$0.35,$23,$0,$0,$1028,$35,$226,$3,$28,$292,$1320,$1075,$141,$10,$152,$1227,$6,$53,$-3,$93,$1320,$2,$1,$0,$1,$-0,$0,$-0,$-1,$-1,$2,$-0,$0,$0,$0,$-2,$-2,$-34,$-36,$-1,$0,$-1,$-0,$-0,$-0,$32,$31,$-3,$0,$-0
6,2016-12-31,16.02,$15.58,1.03,$9.00,1.78,$4.61,3.48,$1.19,13.48,$1.00B,$1.04B,0.96,$0.14B,$0.09B,1.57,$0.06B,$0.05B,89.09%,$0.06B,$0.01B,20.00%,$0.06B,0,0.00%,$0.06B,0,0.00%,$0.06B,$0.01B,20.00%,$0.06B,$0.01B,12.73%,$0.01B,$0.09B,7.65%,$0.01B,$0.09B,7.91%,$0.01B,$1.29B,0.55%,$0.01B,$0.23B,5.12%,$14,$1,$13,$0,$10,$11,$3,$0,$3,$1,$2,$2,$2,$0,$0,$6,6,$0.33,$0.33,$27,$0,$0,$996,$36,$224,$3,$28,$291,$1287,$1042,$143,$11,$154,$1196,$6,$52,$-4,$91,$1287,$7,$4,$1,$5,$1,$0,$0,$0,$1,$14,$-1,$0,$0,$0,$15,$15,$-108,$-94,$43,$-25,$18,$-1,$-1,$-1,$63,$79,$-1,$0,$-1
7,2016-09-30,13.76,$15.24,0.9,$8.93,1.54,$4.64,2.97,$1.19,11.52,$0.98B,$1.05B,0.94,$0.13B,$0.09B,1.39,$0.06B,$0.05B,89.09%,$0.06B,$0.01B,20.00%,$0.06B,0,0.00%,$0.06B,0,0.00%,$0.06B,$0.01B,20.00%,$0.06B,$0.01B,12.73%,$0.01B,$0.09B,7.73%,$0.01B,$0.09B,8.00%,$0.01B,$1.28B,0.56%,$0.01B,$0.22B,5.42%,$14,$1,$12,$0,$9,$11,$3,$0,$3,$1,$2,$2,$2,$0,$0,$6,6,$0.31,$0.31,$39,$0,$0,$982,$36,$231,$2,$27,$296,$1278,$1047,$128,$10,$138,$1185,$6,$50,$-1,$93,$1278,$5,$3,$1,$4,$0,$0,$0,$-0,$0,$9,$-1,$0,$0,$0,$13,$13,$-81,$-69,$29,$-28,$1,$-0,$-0,$-1,$71,$70,$11,$0,$-1
8,2016-06-30,12.4,$15.63,0.79,$8.99,1.38,$5.06,2.45,$1.31,9.49,$0.96B,$1.04B,0.92,$0.12B,$0.09B,1.35,$0.06B,$0.05B,90.91%,$0.06B,$0.01B,21.82%,$0.06B,0,0.00%,$0.06B,0,0.00%,$0.06B,$0.01B,21.82%,$0.06B,$0.01B,14.55%,$0.01B,$0.09B,8.99%,$0.01B,$0.09B,9.30%,$0.01B,$1.27B,0.65%,$0.01B,$0.22B,5.94%,$13,$1,$12,$0,$10,$11,$2,$0,$2,$1,$1,$1,$1,$0,$0,$6,6,$0.23,$0.23,$37,$0,$0,$955,$36,$244,$3,$28,$311,$1266,$1041,$123,$9,$133,$1174,$6,$48,$-0,$92,$1266,$3,$2,$1,$2,$0,$0,$-0,$-1,$-1,$5,$-1,$0,$0,$0,$1,$1,$-57,$-56,$24,$-21,$3,$-0,$-0,$-1,$58,$60,$9,$0,$-1
9,2016-03-31,12.71,$14.70,0.86,$9.05,1.4,$5.38,2.36,$1.39,9.16,$0.91B,$1.03B,0.88,$0.10B,$0.09B,1.11,$0.06B,$0.05B,89.29%,$0.06B,$0.01B,23.21%,$0.06B,0,0.00%,$0.06B,0,0.00%,$0.06B,$0.01B,23.21%,$0.06B,$0.01B,16.07%,$0.01B,$0.09B,10.34%,$0.01B,$0.09B,10.71%,$0.01B,$1.23B,0.74%,$0.01B,$0.19B,6.73%,$14,$1,$12,$0,$9,$11,$3,$0,$3,$1,$2,$2,$2,$0,$0,$6,6,$0.32,$0.32,$43,$0,$0,$914,$36,$254,$3,$27,$320,$1234,$1034,$99,$10,$110,$1144,$6,$50,$-1,$90,$1234,$2,$1,$-0,$1,$-0,$0,$-0,$1,$1,$4,$-0,$0,$0,$0,$-9,$-9,$-9,$-19,$0,$-15,$-15,$-0,$-0,$-0,$45,$30,$14,$0,$-0
10,2015-12-31,13.52,$14.83,0.91,$8.97,1.51,$5.06,2.67,$1.41,9.6,$0.89B,$1.00B,0.89,$0.10B,$0.09B,1.14,$0.06B,$0.05B,90.91%,$0.06B,$0.01B,23.64%,$0.06B,0,0.00%,$0.06B,0,0.00%,$0.06B,$0.01B,23.64%,$0.06B,$0.01B,16.36%,$0.01B,$0.09B,10.56%,$0.01B,$0.08B,10.94%,$0.01B,$1.20B,0.75%,$0.01B,$0.19B,6.88%,$14,$1,$13,$0,$10,$11,$3,$0,$3,$1,$2,$2,$2,$0,$0,$6,6,$0.33,$0.33,$28,$0,$0,$890,$36,$243,$3,$29,$311,$1201,$1004,$99,$10,$109,$1114,$6,$49,$-2,$87,$1201,$9,$3,$0,$4,$-1,$0,$0,$2,$1,$13,$-1,$0,$0,$0,$-42,$-42,$-7,$-50,$7,$39,$46,$-0,$-0,$-1,$-22,$22,$-14,$0,$-1
11,2015-09-30,11.95,$14.22,0.84,$8.89,1.35,$5.02,2.38,$1.40,8.51,$0.91B,$1.00B,0.91,$0.13B,$0.09B,1.49,$0.05B,$0.05B,90.74%,$0.05B,$0.01B,24.07%,$0.05B,0,0.00%,$0.05B,0,0.00%,$0.05B,$0.01B,24.07%,$0.05B,$0.01B,16.67%,$0.01B,$0.09B,10.75%,$0.01B,$0.08B,11.15%,$0.01B,$1.23B,0.75%,$0.01B,$0.22B,7.01%,$14,$1,$13,$0,$9,$10,$4,$0,$4,$1,$3,$3,$3,$0,$0,$6,6,$0.42,$0.42,$32,$0,$0,$907,$37,$253,$3,$27,$320,$1228,$1000,$129,$11,$140,$1141,$6,$47,$-1,$87,$1228,$7,$2,$0,$3,$-1,$0,$0,$3,$2,$12,$-1,$0,$0,$0,$-50,$-50,$-20,$-71,$37,$10,$47,$0,$0,$-1,$3,$49,$-11,$0,$-1
12,2015-06-30,12.21,$14.23,0.86,$8.78,1.39,$4.67,2.61,$1.24,9.82,$0.89B,$1.02B,0.88,$0.10B,$0.08B,1.15,$0.05B,$0.05B,88.89%,$0.05B,$0.01B,20.37%,$0.05B,0,0.00%,$0.05B,0,0.00%,$0.05B,$0.01B,20.37%,$0.05B,$0.01B,14.81%,$0.01B,$0.08B,9.73%,$0.01B,$0.08B,10.09%,$0.01B,$1.20B,0.68%,$0.01B,$0.18B,6.38%,$14,$1,$12,$0,$10,$11,$3,$0,$3,$1,$2,$2,$2,$0,$0,$6,6,$0.31,$0.31,$33,$0,$0,$892,$37,$247,$3,$26,$313,$1204,$1015,$96,$9,$106,$1121,$5,$45,$-2,$84,$1204,$4,$2,$0,$2,$-1,$0,$-0,$2,$1,$7,$-1,$0,$0,$0,$-45,$-45,$-1,$-47,$4,$8,$12,$0,$0,$-1,$19,$31,$-9,$0,$-1
13,2015-03-31,10.94,$13.55,0.81,$8.72,1.25,$4.77,2.29,$1.27,8.59,$0.89B,$1.02B,0.88,$0.09B,$0.08B,1.08,$0.05B,$0.05B,90.57%,$0.05B,$0.01B,20.75%,$0.05B,0,0.00%,$0.05B,0,0.00%,$0.05B,$0.01B,20.75%,$0.05B,$0.01B,15.09%,$0.01B,$0.08B,9.85%,$0.01B,$0.08B,10.22%,$0.01B,$1.20B,0.68%,$0.01B,$0.17B,6.64%,$13,$1,$12,$0,$9,$10,$3,$0,$3,$1,$2,$2,$2,$0,$0,$6,6,$0.35,$0.35,$36,$0,$0,$893,$37,$240,$3,$25,$304,$1198,$1016,$89,$9,$99,$1115,$5,$46,$-1,$83,$1198,$2,$1,$0,$1,$-3,$0,$0,$1,$-1,$2,$-0,$0,$0,$0,$-35,$-35,$2,$-33,$-3,$4,$1,$0,$0,$-0,$24,$25,$-7,$0,$-0
14,2014-12-31,11.6,$13.68,0.85,$8.70,1.33,$5.27,2.2,$1.24,9.32,$0.90B,$0.99B,0.91,$0.09B,$0.08B,1.15,$0.05B,$0.05B,90.57%,$0.05B,$0.01B,20.75%,$0.05B,0,0.00%,$0.05B,0,0.00%,$0.05B,$0.01B,20.75%,$0.05B,$0.01B,15.09%,$0.01B,$0.08B,10.03%,$0.01B,$0.08B,10.42%,$0.01B,$1.17B,0.69%,$0.01B,$0.17B,6.86%,$13,$1,$12,$0,$9,$10,$3,$0,$3,$1,$2,$2,$2,$0,$0,$6,6,$0.32,$0.32,$43,$0,$0,$900,$37,$204,$3,$26,$270,$1170,$988,$92,$9,$101,$1089,$5,$44,$-1,$81,$1170,$8,$3,$1,$4,$0,$0,$-0,$0,$-0,$14,$-1,$0,$0,$0,$8,$8,$-24,$-17,$19,$-13,$6,$0,$0,$-1,$13,$18,$14,$0,$-1
15,2014-09-30,11.15,$13.15,0.85,$8.72,1.28,$6.13,1.82,$1.20,9.3,$0.88B,$0.99B,0.89,$0.08B,$0.08B,1.05,$0.05B,$0.05B,88.89%,$0.05B,$0.01B,20.37%,$0.05B,0,0.00%,$0.05B,0,0.00%,$0.05B,$0.01B,20.37%,$0.05B,$0.01B,14.81%,$0.01B,$0.08B,10.26%,$0.01B,$0.08B,10.67%,$0.01B,$1.16B,0.69%,$0.01B,$0.17B,7.14%,$14,$1,$12,$0,$10,$11,$2,$0,$2,$1,$2,$2,$2,$0,$0,$6,6,$0.26,$0.26,$25,$0,$0,$878,$38,$210,$3,$27,$278,$1157,$985,$84,$7,$91,$1076,$5,$42,$0,$81,$1157,$6,$2,$1,$3,$-1,$0,$-0,$2,$2,$10,$-1,$0,$0,$0,$1,$1,$-20,$-20,$11,$-12,$-1,$0,$0,$-1,$8,$7,$-4,$0,$-1
16,2014-06-30,10.11,$13.51,0.75,$8.76,1.15,$6.96,1.45,$1.20,8.45,$0.88B,$1.01B,0.87,$0.07B,$0.08B,0.92,$0.05B,$0.05B,88.89%,$0.05B,$0.01B,20.37%,$0.05B,0,0.00%,$0.05B,0,0.00%,$0.05B,$0.01B,20.37%,$0.05B,$0.01B,14.81%,$0.01B,$0.08B,10.56%,$0.01B,$0.08B,11.00%,$0.01B,$1.17B,0.69%,$0.01B,$0.15B,7.38%,$13,$1,$12,$0,$9,$10,$3,$0,$3,$1,$2,$2,$2,$0,$0,$6,6,$0.35,$0.35,$34,$0,$0,$884,$38,$220,$3,$26,$286,$1171,$1012,$73,$6,$79,$1091,$5,$41,$1,$80,$1171,$4,$1,$0,$2,$0,$0,$-0,$2,$2,$8,$-1,$0,$0,$0,$-8,$-8,$-17,$-25,$0,$-8,$-8,$0,$0,$-1,$32,$23,$6,$0,$-1
17,2014-03-31,10.24,$12.52,0.82,$8.99,1.14,$7.72,1.33,$1.10,9.29,$0.88B,$1.01B,0.87,$0.07B,$0.08B,0.96,$0.06B,$0.05B,87.50%,$0.06B,$0.01B,19.64%,$0.06B,0,0.00%,$0.06B,0,0.00%,$0.06B,$0.01B,19.64%,$0.06B,$0.01B,12.50%,$0.01B,$0.08B,9.52%,$0.01B,$0.07B,9.93%,$0.01B,$1.17B,0.61%,$0.01B,$0.15B,7.43%,$13,$1,$12,$0,$9,$10,$3,$0,$3,$1,$2,$2,$2,$0,$0,$6,6,$0.33,$0.33,$41,$0,$0,$878,$38,$217,$3,$28,$287,$1165,$1009,$73,$6,$79,$1088,$5,$42,$-0,$77,$1165,$2,$1,$0,$1,$1,$0,$-0,$2,$2,$5,$-0,$0,$0,$0,$-7,$-7,$-6,$-13,$0,$-10,$-10,$0,$0,$-0,$31,$21,$13,$0,$-0
18,2013-12-31,9.37,$12.63,0.74,$9.23,1.01,$7.97,1.17,$0.71,13.19,$0.86B,$0.99B,0.87,$0.07B,$0.07B,0.99,$0.06B,$0.05B,86.21%,$0.06B,$0.01B,13.79%,$0.06B,0,0.00%,$0.06B,0,0.00%,$0.06B,$0.01B,13.79%,$0.06B,$0.01B,8.62%,$0.01B,$0.07B,6.49%,$0.01B,$0.07B,6.76%,$0.01B,$1.14B,0.43%,$0.01B,$0.15B,5.32%,$14,$1,$12,$0,$10,$11,$3,$0,$3,$1,$2,$2,$2,$0,$0,$6,6,$0.28,$0.28,$28,$0,$0,$859,$38,$210,$3,$30,$281,$1140,$988,$73,$4,$78,$1066,$5,$40,$-1,$74,$1140,$5,$3,$5,$8,$2,$0,$-0,$5,$8,$20,$-3,$0,$0,$0,$-14,$-14,$7,$-10,$4,$10,$14,$-1,$-19,$-1,$-35,$-41,$-30,$0,$-1
19,2013-09-30,10.45,$11.73,0.89,$9.41,1.11,$7.35,1.42,$0.73,14.24,$0.84B,$0.98B,0.86,$0.07B,$0.07B,1.02,$0.06B,$0.05B,86.44%,$0.06B,$0.01B,13.56%,$0.06B,0,0.00%,$0.06B,0,0.00%,$0.06B,$0.01B,13.56%,$0.06B,$0.01B,8.47%,$0.01B,$0.07B,6.13%,$0.01B,$0.07B,6.35%,$0.01B,$1.13B,0.43%,$0.01B,$0.15B,5.19%,$14,$1,$12,$0,$10,$11,$2,$0,$2,$1,$2,$2,$2,$0,$0,$6,6,$0.26,$0.26,$26,$0,$0,$840,$38,$218,$3,$33,$292,$1131,$977,$73,$9,$83,$1059,$5,$39,$-2,$72,$1131,$3,$2,$5,$7,$1,$0,$-0,$5,$6,$16,$-2,$0,$0,$0,$-20,$-20,$25,$3,$4,$4,$8,$-1,$-19,$-1,$-40,$-52,$-33,$0,$-1
20,2013-06-30,9.56,$11.99,0.8,$9.59,1.0,$7.00,1.37,$0.17,57.16,$0.86B,$1.01B,0.86,$0.08B,$0.07B,1.11,$0.06B,$0.05B,86.67%,$0.06B,$0.00B,6.67%,$0.06B,0,0.00%,$0.06B,0,0.00%,$0.06B,$0.00B,6.67%,$0.06B,$0.00B,1.67%,$0.00B,$0.07B,1.16%,$0.00B,$0.07B,1.20%,$0.00B,$1.17B,0.09%,$0.00B,$0.15B,2.50%,$15,$2,$13,$0,$10,$12,$3,$0,$3,$1,$2,$2,$1,$0,$0,$6,6,$0.25,$0.25,$36,$0,$0,$864,$37,$225,$3,$36,$301,$1166,$1009,$79,$8,$86,$1095,$5,$37,$-2,$71,$1166,$2,$2,$4,$5,$2,$0,$0,$3,$6,$12,$-1,$0,$0,$0,$-27,$-27,$8,$-20,$9,$0,$9,$-1,$-19,$-1,$-5,$-16,$-23,$0,$-0
21,2013-03-31,8.47,$14.85,0.57,$9.60,0.88,$6.75,1.26,$-0.07,0.0,$0.87B,$1.02B,0.85,$0.07B,$0.07B,0.96,$0.06B,$0.05B,86.67%,$0.06B,$0.00B,3.33%,$0.06B,0,0.00%,$0.06B,0,0.00%,$0.06B,$0.00B,3.33%,$0.06B,0,0.00%,$0.00B,$0.09B,0.00%,$0.00B,$0.09B,0.00%,$0.00B,$1.19B,0.00%,$0.00B,$0.16B,1.21%,$15,$2,$13,$0,$13,$15,$-0,$0,$-0,$-0,$-0,$-0,$-0,$0,$0,$6,6,$-0.07,$-0.07,$44,$0,$0,$869,$37,$236,$3,$42,$318,$1186,$1019,$70,$7,$77,$1095,$5,$38,$1,$91,$1186,$-0,$1,$3,$4,$2,$0,$0,$0,$3,$6,$-0,$0,$0,$0,$-33,$-33,$7,$-26,$-0,$-4,$-4,$0,$0,$-0,$9,$5,$-15,$0,$-0
22,2012-12-31,5.49,$15.66,0.35,$9.61,0.57,$6.55,0.84,$0.16,34.49,$0.90B,$1.01B,0.88,$0.07B,$0.07B,0.94,$0.06B,$0.05B,86.67%,$0.06B,$0.00B,6.67%,$0.06B,0,0.00%,$0.06B,0,0.00%,$0.06B,$0.00B,6.67%,$0.06B,$0.00B,1.67%,$0.00B,$0.09B,1.06%,$0.00B,$0.09B,1.09%,$0.00B,$1.18B,0.08%,$0.00B,$0.16B,2.35%,$15,$2,$13,$0,$10,$12,$3,$0,$3,$1,$2,$2,$2,$0,$0,$6,6,$0.31,$0.31,$59,$0,$0,$896,$37,$204,$3,$42,$285,$1182,$1013,$70,$7,$76,$1089,$5,$39,$2,$92,$1182,$3,$3,$11,$14,$-2,$0,$-0,$1,$-2,$15,$-1,$0,$0,$0,$13,$13,$-18,$-6,$-8,$-3,$-12,$0,$-12,$-2,$33,$7,$16,$0,$-1
23,2012-09-30,6.43,$14.77,0.44,$9.74,0.66,$7.15,0.9,$-0.39,0.0,$0.85B,$0.98B,0.87,$0.08B,$0.07B,1.07,$0.06B,$0.05B,86.67%,$0.06B,$-0.00B,-1.67%,$0.06B,0,0.00%,$0.06B,0,0.00%,$0.06B,$-0.00B,-1.67%,$0.06B,$-0.00B,-5.00%,$-0.00B,$0.09B,-3.08%,$-0.00B,$0.09B,-3.17%,$-0.00B,$1.16B,-0.25%,$-0.00B,$0.17B,-0.57%,$15,$2,$13,$0,$15,$17,$-2,$0,$-2,$-1,$-2,$-2,$-2,$0,$0,$6,6,$-0.30,$-0.30,$20,$0,$0,$852,$37,$217,$3,$48,$305,$1157,$981,$78,$8,$86,$1067,$5,$37,$2,$90,$1157,$1,$3,$10,$13,$-0,$0,$-0,$1,$-1,$13,$-1,$0,$0,$0,$-3,$-3,$-15,$-19,$-0,$-0,$-1,$0,$-12,$-2,$-2,$-16,$-23,$0,$-1
24,2012-06-30,6.68,$15.65,0.43,$9.89,0.68,$7.14,0.93,$0.09,72.98,$0.87B,$1.01B,0.87,$0.08B,$0.07B,1.05,$0.06B,$0.05B,85.25%,$0.06B,$0.00B,4.92%,$0.06B,0,0.00%,$0.06B,0,0.00%,$0.06B,$0.00B,4.92%,$0.06B,0,0.00%,$0.00B,$0.09B,0.00%,$0.00B,$0.09B,0.00%,$0.00B,$1.19B,0.00%,$0.00B,$0.17B,1.68%,$15,$2,$13,$0,$12,$14,$1,$0,$1,$0,$1,$1,$0,$0,$0,$6,6,$0.01,$0.01,$40,$0,$0,$874,$37,$228,$3,$44,$313,$1187,$1010,$78,$7,$85,$1095,$5,$40,$1,$92,$1187,$2,$2,$5,$6,$1,$0,$0,$1,$2,$10,$-1,$0,$0,$0,$-15,$-15,$-10,$-26,$-0,$-1,$-1,$0,$-12,$-1,$26,$12,$-3,$0,$-0
25,2012-03-31,5.23,$16.96,0.31,$10.07,0.52,$6.85,0.76,$0.23,22.92,$0.89B,$1.02B,0.88,$0.08B,$0.07B,1.05,$0.06B,$0.05B,83.87%,$0.06B,$0.00B,6.45%,$0.06B,0,0.00%,$0.06B,0,0.00%,$0.06B,$0.00B,6.45%,$0.06B,$0.00B,1.61%,$0.00B,$0.10B,0.96%,$0.00B,$0.10B,0.99%,$0.00B,$1.21B,0.08%,$0.00B,$0.18B,2.15%,$15,$2,$13,$0,$11,$13,$2,$0,$2,$0,$1,$1,$1,$0,$0,$6,6,$0.16,$0.16,$64,$0,$0,$894,$38,$229,$3,$42,$312,$1206,$1017,$78,$7,$85,$1102,$5,$42,$1,$104,$1206,$1,$1,$2,$3,$-1,$0,$0,$1,$1,$5,$-1,$0,$0,$0,$-16,$-16,$-1,$-17,$-0,$-2,$-2,$0,$0,$-1,$35,$32,$20,$0,$-0
26,2011-12-31,4.18,$17.42,0.24,$10.24,0.41,$6.69,0.62,$0.14,29.55,$0.88B,$0.98B,0.89,$0.08B,$0.07B,1.06,$0.06B,$0.05B,82.54%,$0.06B,$0.00B,4.76%,$0.06B,0,0.00%,$0.06B,0,0.00%,$0.06B,$0.00B,4.76%,$0.06B,0,0.00%,$0.00B,$0.10B,0.00%,$0.00B,$0.10B,0.00%,$0.00B,$1.17B,0.00%,$0.00B,$0.18B,1.57%,$15,$2,$13,$0,$15,$18,$-2,$0,$-2,$-1,$-1,$-1,$-2,$0,$0,$6,6,$-0.25,$-0.25,$43,$0,$0,$878,$38,$214,$3,$39,$293,$1171,$984,$78,$7,$85,$1069,$5,$40,$1,$103,$1171,$3,$4,$13,$17,$0,$0,$-0,$0,$1,$21,$-3,$0,$0,$0,$-30,$-30,$40,$6,$-39,$-6,$-44,$0,$0,$-2,$12,$-35,$-8,$0,$-1
27,2011-09-30,4.97,$17.36,0.29,$10.53,0.47,$7.26,0.68,$-0.72,0.0,$0.88B,$0.98B,0.9,$0.08B,$0.08B,1.01,$0.07B,$0.05B,81.54%,$0.07B,$-0.01B,-9.23%,$0.07B,0,0.00%,$0.07B,0,0.00%,$0.07B,$-0.01B,-7.69%,$0.07B,$-0.01B,-7.69%,$-0.01B,$0.11B,-4.84%,$-0.01B,$0.10B,-4.99%,$-0.01B,$1.17B,-0.42%,$-0.01B,$0.18B,-2.99%,$16,$3,$13,$0,$11,$14,$2,$0,$2,$1,$2,$2,$1,$0,$0,$6,6,$0.17,$0.17,$41,$0,$0,$884,$38,$205,$3,$39,$286,$1170,$980,$78,$5,$83,$1063,$5,$42,$3,$106,$1170,$4,$2,$7,$9,$-1,$0,$-1,$2,$1,$14,$-2,$0,$0,$0,$-21,$-21,$38,$14,$-38,$-4,$-42,$0,$0,$-2,$6,$-38,$-10,$0,$-1
28,2011-06-30,5.22,$17.04,0.31,$10.82,0.48,$7.13,0.73,$-0.73,0.0,$0.90B,$0.99B,0.9,$0.09B,$0.08B,1.24,$0.07B,$0.05B,80.60%,$0.07B,$-0.01B,-8.96%,$0.07B,0,0.00%,$0.07B,0,0.00%,$0.07B,$-0.01B,-7.46%,$0.07B,$-0.01B,-7.46%,$-0.01B,$0.10B,-4.80%,$-0.01B,$0.10B,-4.94%,$-0.01B,$1.20B,-0.42%,$-0.01B,$0.20B,-2.84%,$16,$3,$13,$0,$11,$14,$2,$0,$2,$1,$1,$1,$1,$0,$0,$6,6,$0.15,$0.15,$35,$0,$0,$896,$37,$220,$3,$39,$299,$1195,$992,$93,$5,$98,$1090,$5,$41,$2,$104,$1195,$2,$2,$4,$6,$-1,$0,$0,$1,$1,$10,$-1,$0,$0,$0,$-37,$-37,$24,$-15,$-23,$-1,$-25,$0,$0,$-1,$15,$-11,$-16,$0,$-0
29,2011-03-31,5.91,$16.65,0.35,$11.10,0.53,$7.70,0.77,$-0.83,0.0,$0.91B,$1.00B,0.91,$0.10B,$0.07B,1.39,$0.07B,$0.06B,79.71%,$0.07B,$-0.01B,-10.14%,$0.07B,0,0.00%,$0.07B,0,0.00%,$0.07B,$-0.01B,-8.70%,$0.07B,$-0.01B,-8.70%,$-0.01B,$0.10B,-5.69%,$-0.01B,$0.10B,-5.85%,$-0.01B,$1.21B,-0.49%,$-0.01B,$0.20B,-3.20%,$16,$3,$13,$0,$11,$14,$1,$0,$1,$0,$1,$1,$0,$0,$0,$6,6,$0.08,$0.08,$38,$0,$0,$906,$37,$218,$3,$41,$299,$1205,$997,$101,$5,$106,$1103,$5,$42,$1,$102,$1205,$1,$1,$2,$3,$-0,$0,$0,$1,$1,$4,$-0,$0,$0,$0,$-38,$-38,$19,$-20,$-15,$-1,$-16,$0,$0,$-1,$19,$3,$-13,$0,$-0
30,2010-12-31,5.6,$17.24,0.32,$11.30,0.5,$7.96,0.7,$-0.91,0.0,$0.94B,$0.98B,0.96,$0.12B,$0.07B,1.6,$0.07B,$0.05B,77.14%,$0.07B,$-0.01B,-10.00%,$0.07B,0,0.00%,$0.07B,0,0.00%,$0.07B,$-0.01B,-8.57%,$0.07B,$-0.01B,-8.57%,$-0.01B,$0.10B,-5.61%,$-0.01B,$0.10B,-5.78%,$-0.01B,$1.20B,-0.49%,$-0.01B,$0.22B,-3.10%,$17,$3,$14,$0,$24,$28,$-11,$0,$-10,$-4,$-6,$-6,$-7,$0,$0,$6,6,$-1.11,$-1.11,$51,$0,$0,$941,$37,$179,$3,$40,$260,$1200,$978,$116,$4,$120,$1099,$5,$42,$1,$101,$1200,$-4,$4,$24,$28,$1,$0,$-1,$-1,$-2,$21,$-1,$0,$0,$0,$-27,$-27,$64,$36,$-12,$-7,$-19,$0,$0,$-3,$-10,$-31,$26,$0,$-1
31,2010-09-30,6.52,$17.95,0.36,$11.54,0.56,$5.85,1.11,$0.25,26.46,$0.98B,$0.98B,0.99,$0.12B,$0.08B,1.44,$0.07B,$0.05B,75.00%,$0.07B,$0.01B,8.33%,$0.07B,0,0.00%,$0.07B,0,0.00%,$0.07B,$0.01B,6.94%,$0.07B,$0.00B,1.39%,$0.00B,$0.11B,0.92%,$0.00B,$0.11B,0.95%,$0.00B,$1.22B,0.08%,$0.01B,$0.23B,2.61%,$18,$4,$14,$0,$12,$16,$2,$0,$2,$1,$1,$1,$1,$0,$0,$6,6,$0.15,$0.15,$52,$0,$0,$978,$37,$165,$3,$32,$237,$1215,$983,$117,$5,$122,$1105,$5,$49,$2,$110,$1215,$3,$2,$10,$12,$-4,$0,$-1,$1,$-4,$11,$-0,$0,$0,$0,$-9,$-9,$52,$42,$-12,$-5,$-17,$0,$0,$-2,$-6,$-25,$28,$0,$-1
32,2010-06-30,7.76,$17.77,0.44,$11.70,0.66,$6.23,1.25,$0.32,23.88,$0.99B,$1.01B,0.99,$0.12B,$0.08B,1.46,$0.07B,$0.05B,72.60%,$0.07B,$0.01B,9.59%,$0.07B,0,0.00%,$0.07B,0,0.00%,$0.07B,$0.01B,8.22%,$0.07B,$0.00B,1.37%,$0.00B,$0.11B,0.92%,$0.00B,$0.11B,0.95%,$0.00B,$1.24B,0.08%,$0.01B,$0.23B,3.03%,$18,$4,$14,$0,$12,$16,$1,$0,$1,$0,$1,$1,$0,$0,$0,$6,6,$0.05,$0.05,$56,$0,$0,$994,$38,$168,$3,$36,$245,$1240,$1009,$117,$5,$122,$1131,$4,$48,$2,$109,$1240,$1,$2,$7,$9,$1,$0,$-0,$2,$2,$12,$-0,$0,$0,$0,$-13,$-13,$33,$20,$-12,$-1,$-13,$0,$0,$-2,$15,$-0,$31,$0,$-1
33,2010-03-31,7.24,$17.56,0.41,$11.91,0.61,$6.12,1.18,$0.40,18.07,$1.02B,$1.02B,1.0,$0.12B,$0.08B,1.56,$0.07B,$0.05B,70.27%,$0.07B,$0.01B,10.81%,$0.07B,0,0.00%,$0.07B,0,0.00%,$0.07B,$0.01B,9.46%,$0.07B,$0.00B,2.70%,$0.00B,$0.11B,1.86%,$0.00B,$0.10B,1.92%,$0.00B,$1.26B,0.16%,$0.01B,$0.23B,3.46%,$17,$5,$12,$0,$11,$16,$1,$0,$1,$0,$0,$0,$0,$0,$0,$6,6,$0.00,$0.00,$59,$0,$0,$1024,$38,$159,$3,$35,$236,$1260,$1024,$124,$5,$129,$1153,$4,$50,$1,$108,$1260,$0,$1,$3,$3,$1,$0,$-0,$1,$2,$6,$-0,$0,$0,$0,$-6,$-6,$12,$6,$-5,$-5,$-10,$0,$0,$-1,$33,$23,$34,$0,$-0
34,2009-12-31,5.85,$18.30,0.32,$12.23,0.48,$6.14,0.95,$0.50,11.82,$1.01B,$1.00B,1.01,$0.13B,$0.08B,1.62,$0.08B,$0.05B,68.42%,$0.08B,$0.01B,11.84%,$0.08B,0,0.00%,$0.08B,0,0.00%,$0.08B,$0.01B,10.53%,$0.08B,$0.00B,3.95%,$0.00B,$0.11B,2.80%,$0.00B,$0.10B,2.89%,$0.00B,$1.24B,0.24%,$0.01B,$0.24B,3.85%,$19,$5,$14,$0,$12,$17,$2,$0,$1,$-0,$1,$1,$0,$0,$0,$6,6,$0.04,$0.04,$25,$0,$0,$1008,$39,$153,$4,$33,$228,$1236,$995,$129,$4,$133,$1129,$4,$51,$1,$108,$1236,$5,$3,$8,$11,$1,$0,$-1,$-6,$-7,$10,$-2,$0,$0,$0,$-2,$-2,$10,$6,$-50,$8,$-42,$0,$0,$-4,$1,$-45,$-29,$0,$-3
35,2009-09-30,5.92,$17.72,0.33,$12.27,0.48,$6.57,0.9,$-5.27,0.0,$1.01B,$1.00B,1.01,$0.12B,$0.08B,1.51,$0.08B,$0.05B,64.47%,$0.08B,$0.01B,6.58%,$0.08B,0,0.00%,$0.08B,0,0.00%,$0.08B,$-0.04B,-47.37%,$0.08B,$-0.03B,-42.11%,$-0.03B,$0.11B,-29.98%,$-0.03B,$0.11B,-30.92%,$-0.03B,$1.24B,-2.54%,$0.01B,$0.23B,2.04%,$19,$5,$13,$0,$10,$16,$3,$0,$3,$1,$2,$2,$1,$0,$0,$6,6,$0.23,$0.23,$22,$0,$0,$1008,$37,$168,$4,$23,$232,$1240,$1003,$121,$8,$129,$1132,$4,$51,$2,$108,$1240,$4,$2,$5,$7,$1,$0,$-1,$2,$1,$13,$0,$0,$0,$0,$-9,$-9,$9,$-0,$-58,$3,$-54,$0,$0,$-3,$13,$-45,$-32,$0,$-2
36,2009-06-30,5.94,$18.11,0.33,$12.45,0.48,$5.98,0.99,$-5.18,0.0,$1.04B,$1.02B,1.01,$0.12B,$0.08B,1.54,$0.08B,$0.05B,62.34%,$0.08B,$0.01B,6.49%,$0.08B,0,0.00%,$0.08B,0,0.00%,$0.08B,$-0.04B,-46.75%,$0.08B,$-0.03B,-40.26%,$-0.03B,$0.11B,-28.77%,$-0.03B,$0.10B,-32.89%,$-0.03B,$1.26B,-2.44%,$0.01B,$0.23B,1.86%,$19,$6,$13,$0,$11,$17,$2,$0,$2,$1,$1,$1,$1,$0,$0,$6,6,$0.12,$0.12,$32,$0,$0,$1035,$38,$161,$4,$20,$222,$1257,$1022,$121,$8,$129,$1151,$4,$50,$1,$107,$1257,$2,$2,$3,$5,$0,$0,$0,$2,$3,$11,$0,$0,$0,$0,$-3,$-3,$-3,$-6,$-57,$4,$-53,$0,$0,$-2,$29,$-27,$-22,$0,$-2
37,2009-03-31,6.78,$17.37,0.39,$12.63,0.54,$5.24,1.29,$-5.09,0.0,$1.05B,$1.02B,1.03,$0.13B,$0.08B,1.7,$0.08B,$0.05B,61.04%,$0.08B,$0.01B,6.49%,$0.08B,0,0.00%,$0.08B,0,0.00%,$0.08B,$-0.04B,-46.75%,$0.08B,$-0.03B,-40.26%,$-0.03B,$0.11B,-28.51%,$-0.03B,$0.10B,-36.36%,$-0.03B,$1.27B,-2.44%,$0.01B,$0.24B,1.75%,$19,$7,$12,$0,$11,$17,$2,$0,$2,$0,$1,$1,$1,$0,$0,$6,6,$0.09,$0.09,$52,$0,$0,$1050,$39,$155,$3,$20,$218,$1268,$1021,$133,$7,$140,$1161,$4,$51,$1,$106,$1268,$1,$1,$3,$3,$0,$0,$0,$1,$1,$6,$-0,$0,$0,$0,$3,$3,$3,$5,$-45,$-4,$-50,$0,$0,$-1,$37,$-13,$-2,$0,$-1
38,2008-12-31,9.76,$18.08,0.54,$12.91,0.76,$4.98,1.96,$-5.01,0.0,$1.06B,$0.99B,1.07,$0.18B,$0.08B,2.27,$0.08B,$0.05B,59.49%,$0.08B,$0.01B,6.33%,$0.08B,0,0.00%,$0.08B,0,0.00%,$0.08B,$-0.04B,-45.57%,$0.08B,$-0.03B,-39.24%,$-0.03B,$0.11B,-28.12%,$-0.03B,$0.10B,-40.52%,$-0.03B,$1.28B,-2.46%,$0.01B,$0.29B,1.73%,$19,$8,$11,$0,$13,$21,$-2,$0,$-43,$-8,$-35,$-35,$-35,$0,$0,$6,6,$-5.72,$-5.71,$54,$0,$0,$1058,$39,$149,$3,$30,$222,$1280,$988,$179,$6,$185,$1173,$4,$52,$1,$106,$1280,$-31,$43,$9,$52,$1,$0,$-1,$-10,$-10,$12,$-1,$0,$0,$0,$1,$1,$-109,$-108,$51,$3,$55,$-1,$29,$-3,$34,$115,$18,$0,$-3
39,2008-09-30,13.39,$18.28,0.73,$13.32,1.01,$4.08,3.29,$0.87,15.37,$1.03B,$0.96B,1.07,$0.21B,$0.11B,1.87,$0.08B,$0.05B,58.54%,$0.08B,$0.01B,9.76%,$0.08B,0,0.00%,$0.08B,0,0.00%,$0.08B,$0.01B,9.76%,$0.08B,$0.01B,6.10%,$0.01B,$0.11B,4.48%,$0.01B,$0.07B,7.41%,$0.01B,$1.29B,0.40%,$0.01B,$0.32B,2.89%,$20,$8,$12,$0,$9,$17,$3,$0,$3,$1,$2,$2,$2,$0,$0,$6,6,$0.33,$0.33,$34,$0,$0,$1027,$40,$163,$44,$12,$258,$1285,$960,$209,$5,$214,$1173,$4,$88,$1,$112,$1285,$4,$2,$4,$6,$1,$0,$-1,$-1,$-0,$11,$-1,$0,$0,$0,$-6,$-6,$-92,$-99,$81,$1,$82,$-1,$-1,$-3,$7,$86,$-2,$0,$-3
40,2008-06-30,14.0,$18.03,0.78,$13.49,1.04,$3.19,4.38,$0.89,15.7,$1.00B,$0.95B,1.06,$0.18B,$0.11B,1.66,$0.08B,$0.05B,56.63%,$0.08B,$0.01B,9.64%,$0.08B,0,0.00%,$0.08B,0,0.00%,$0.08B,$0.01B,9.64%,$0.08B,$0.01B,6.02%,$0.01B,$0.11B,4.50%,$0.01B,$0.07B,7.46%,$0.01B,$1.25B,0.41%,$0.01B,$0.30B,3.17%,$19,$8,$12,$0,$10,$18,$2,$0,$2,$1,$1,$1,$1,$0,$0,$6,6,$0.23,$0.22,$35,$0,$0,$1002,$40,$153,$44,$9,$246,$1248,$948,$184,$5,$189,$1137,$4,$86,$1,$111,$1248,$2,$1,$3,$4,$1,$0,$-0,$-1,$0,$7,$-1,$0,$0,$0,$3,$3,$-61,$-59,$57,$21,$77,$-0,$-0,$-2,$-25,$51,$-1,$0,$-2
41,2008-03-31,15.13,$18.18,0.83,$13.60,1.11,$2.62,5.77,$1.06,14.27,$0.96B,$0.97B,0.99,$0.14B,$0.11B,1.26,$0.09B,$0.05B,55.29%,$0.09B,$0.01B,10.59%,$0.09B,0,0.00%,$0.09B,0,0.00%,$0.09B,$0.01B,10.59%,$0.09B,$0.01B,7.06%,$0.01B,$0.11B,5.44%,$0.01B,$0.07B,9.09%,$0.01B,$1.23B,0.50%,$0.01B,$0.25B,3.91%,$21,$9,$12,$0,$10,$19,$2,$0,$2,$1,$1,$1,$1,$0,$0,$6,6,$0.18,$0.18,$33,$0,$0,$960,$40,$182,$44,$8,$274,$1233,$974,$141,$6,$147,$1121,$4,$86,$2,$112,$1233,$1,$1,$2,$3,$1,$0,$0,$-1,$0,$4,$-0,$0,$0,$0,$-23,$-23,$-20,$-43,$14,$27,$41,$0,$0,$-1,$-4,$35,$-3,$0,$-1
42,2007-12-31,13.63,$18.02,0.76,$13.53,1.01,$2.28,5.97,$1.26,10.85,$0.95B,$0.95B,1.0,$0.13B,$0.11B,1.15,$0.09B,$0.05B,55.29%,$0.09B,$0.01B,11.76%,$0.09B,0,0.00%,$0.09B,0,0.00%,$0.09B,$0.01B,11.76%,$0.09B,$0.01B,8.24%,$0.01B,$0.11B,6.42%,$0.01B,$0.07B,10.85%,$0.01B,$1.20B,0.60%,$0.01B,$0.24B,4.63%,$22,$10,$12,$0,$11,$20,$1,$0,$1,$0,$1,$1,$1,$0,$0,$6,6,$0.16,$0.16,$36,$0,$0,$947,$41,$157,$44,$7,$249,$1196,$952,$127,$5,$133,$1085,$4,$86,$1,$111,$1196,$8,$3,$2,$5,$0,$0,$0,$-1,$-0,$13,$-8,$0,$0,$0,$35,$35,$-100,$-73,$31,$-5,$25,$-0,$-0,$-4,$21,$43,$-17,$0,$-4
43,2007-09-30,16.77,$17.83,0.94,$13.33,1.26,$3.52,4.76,$1.53,10.98,$0.91B,$0.96B,0.95,$0.11B,$0.11B,1.01,$0.08B,$0.05B,56.63%,$0.08B,$0.01B,15.66%,$0.08B,0,0.00%,$0.08B,0,0.00%,$0.08B,$0.01B,14.46%,$0.08B,$0.01B,9.64%,$0.01B,$0.11B,7.44%,$0.01B,$0.07B,12.75%,$0.01B,$1.19B,0.69%,$0.01B,$0.22B,6.30%,$21,$10,$11,$0,$8,$18,$3,$0,$3,$1,$2,$2,$2,$0,$0,$6,6,$0.35,$0.35,$28,$0,$0,$911,$40,$181,$45,$9,$275,$1186,$957,$112,$7,$118,$1075,$4,$86,$0,$110,$1186,$7,$2,$1,$3,$-1,$0,$1,$1,$1,$11,$-7,$0,$0,$0,$10,$10,$-73,$-70,$15,$-5,$10,$0,$0,$-3,$26,$33,$-25,$0,$-3
44,2007-06-30,17.47,$17.42,1.0,$13.25,1.32,$4.58,3.81,$1.64,10.63,$0.89B,$0.95B,0.94,$0.10B,$0.11B,0.92,$0.08B,$0.05B,57.83%,$0.08B,$0.01B,16.87%,$0.08B,0,0.00%,$0.08B,0,0.00%,$0.08B,$0.01B,15.66%,$0.08B,$0.01B,10.84%,$0.01B,$0.11B,8.51%,$0.01B,$0.06B,14.88%,$0.01B,$1.16B,0.78%,$0.01B,$0.21B,6.94%,$21,$9,$12,$0,$8,$18,$3,$0,$3,$1,$2,$2,$2,$0,$0,$6,6,$0.39,$0.38,$54,$0,$0,$891,$38,$177,$45,$9,$269,$1160,$947,$99,$6,$105,$1053,$4,$84,$-1,$108,$1160,$5,$1,$0,$2,$0,$0,$0,$0,$1,$7,$-5,$0,$0,$0,$12,$12,$-25,$-18,$2,$-6,$-4,$0,$0,$-2,$17,$12,$1,$0,$-2
45,2007-03-31,19.33,$17.28,1.12,$13.13,1.47,$5.19,3.73,$1.74,11.13,$0.86B,$0.94B,0.92,$0.09B,$0.11B,0.84,$0.08B,$0.05B,58.54%,$0.08B,$0.02B,18.29%,$0.08B,0,0.00%,$0.08B,0,0.00%,$0.08B,$0.01B,17.07%,$0.08B,$0.01B,12.20%,$0.01B,$0.11B,9.64%,$0.01B,$0.06B,17.17%,$0.01B,$1.14B,0.87%,$0.02B,$0.20B,7.43%,$21,$9,$12,$0,$8,$17,$3,$0,$3,$1,$2,$2,$2,$0,$0,$6,6,$0.37,$0.37,$50,$0,$0,$859,$36,$191,$45,$8,$281,$1141,$939,$89,$5,$95,$1034,$4,$83,$-0,$107,$1141,$2,$1,$0,$1,$1,$0,$0,$-0,$1,$4,$-2,$0,$0,$0,$-1,$-1,$1,$-2,$-8,$-0,$-8,$0,$0,$-1,$4,$-5,$-3,$0,$-1
46,2006-12-31,16.72,$17.00,0.98,$12.86,1.3,$5.51,3.03,$1.80,9.3,$0.87B,$0.94B,0.93,$0.10B,$0.11B,0.92,$0.08B,$0.05B,58.75%,$0.08B,$0.02B,20.00%,$0.08B,0,0.00%,$0.08B,0,0.00%,$0.08B,$0.02B,18.75%,$0.08B,$0.01B,13.75%,$0.01B,$0.11B,10.84%,$0.01B,$0.06B,19.73%,$0.01B,$1.14B,0.95%,$0.02B,$0.20B,7.72%,$20,$9,$12,$0,$8,$17,$4,$0,$3,$1,$2,$2,$2,$0,$0,$6,6,$0.39,$0.39,$53,$0,$0,$865,$35,$190,$45,$8,$278,$1143,$935,$97,$5,$102,$1038,$4,$81,$-0,$105,$1143,$11,$3,$2,$5,$-1,$0,$1,$0,$0,$17,$-4,$0,$0,$0,$-9,$-9,$-1,$-15,$-5,$-7,$-12,$0,$0,$-4,$18,$3,$5,$0,$-4
