,Date,Stock Price,Book Value per Share,Price to Book Ratio,TTM Sales per Share,Price to Sales Ratio,TTM FCF per Share,Price to FCF Ratio,TTM Net EPS,PE Ratio,Current Assets,Current Liabilities,Current Ratio,Long Term Debt,Shareholder's Equity_x,Debt to Equity Ratio,TTM Revenue_x,TTM Gross Profit,Gross Margin,TTM Revenue_y,TTM Operating Income,Operating Margin,TTM Revenue_x,TTM EBIT,EBIT Margin,TTM Revenue_y,TTM EBITDA,EBITDA Margin,TTM Revenue_x,TTM Pre-Tax Income,Pre-Tax Margin,TTM Revenue_y,TTM Net Income_x,Net Margin,TTM Net Income_y,Shareholder's Equity_y,Return on Equity,TTM Net Income_x,Tangible Equity,Return on Tangible Equity,TTM Net Income_y,Total Assets,Return on Assets,TTM Net Income,LT Investments & Debt,Return on Investment,revenue,cost-goods-sold,gross-profit,research-development-expenses,selling-general-administrative-expenses,operating-expenses,operating-income,total-non-operating-income-expense,pre-tax-income,total-provision-income-taxes,income-after-taxes,income-from-continuous-operations,net-income,ebitda,ebit,basic-shares-outstanding,shares-outstanding,eps-basic-net-earnings-per-share,eps-earnings-per-share-diluted,cash-on-hand,inventory,other-current-assets,total-current-assets,net-property-plant-equipment,long-term-investments,goodwill-intangible-assets-total,other-long-term-assets,total-long-term-assets,total-assets,total-current-liabilities,long-term-debt,other-non-current-liabilities,total-long-term-liabilities,total-liabilities,common-stock-net,retained-earnings-accumulated-deficit,comprehensive-income,total-share-holder-equity,total-liabilities-share-holders-equity,net-income-loss,total-depreciation-amortization-cash-flow,other-non-cash-items,total-non-cash-items,change-in-accounts-receivable,change-in-inventories,change-in-accounts-payable,change-in-assets-liabilities,total-change-in-assets-liabilities,cash-flow-from-operating-activities,net-change-in-property-plant-equipment,net-change-in-intangible-assets,net-acquisitions-divestitures,net-change-in-short-term-investments,net-change-in-long-term-investments,net-change-in-investments-total,investing-activities-other,cash-flow-from-investing-activities,net-long-term-debt,net-current-debt,debt-issuance-retirement-net-total,net-common-equity-issued-repurchased,net-total-equity-issued-repurchased,total-common-preferred-stock-dividends-paid,financial-activities-other,cash-flow-from-financial-activities,net-cash-flow,stock-based-compensation,common-stock-dividends-paid
0,2018-09-30,47.55,$34.90,1.36,$14.95,3.18,$11.60,4.1,$3.25,14.63,$19.89B,$24.71B,0.81,$0.22B,$2.98B,0.07,$1.28B,$1.12B,87.71%,$1.28B,$0.37B,29.21%,$1.28B,0,0.00%,$1.28B,0,0.00%,$1.28B,$0.37B,29.21%,$1.28B,$0.28B,21.77%,$0.28B,$2.98B,9.51%,$0.28B,$2.09B,13.39%,$0.28B,$28.10B,1.00%,$0.37B,$3.20B,11.68%,$339,$49,$290,$0,$182,$237,$102,$0,$102,$18,$84,$84,$84,$0,$0,$85,86,$0.96,$0.96,$448,$0,$0,$19893,$344,$5987,$893,$921,$8205,$28098,$24710,$216,$193,$409,$25119,$293,$1171,$-220,$2979,$28098,$228,$62,$55,$116,$11,$0,$-3,$-22,$-14,$330,$-33,$0,$219,$-16,$-215,$-230,$-702,$-745,$-90,$573,$483,$1,$1,$-65,$-51,$368,$-47,$15,$-65
1,2018-06-30,46.65,$34.33,1.36,$14.52,3.21,$13.88,3.36,$2.97,15.71,$19.73B,$24.56B,0.8,$0.27B,$2.93B,0.09,$1.24B,$1.10B,88.85%,$1.24B,$0.35B,28.27%,$1.24B,0,0.00%,$1.24B,0,0.00%,$1.24B,$0.35B,28.27%,$1.24B,$0.25B,20.44%,$0.25B,$2.93B,8.74%,$0.25B,$2.10B,12.27%,$0.25B,$27.93B,0.93%,$0.35B,$3.20B,10.96%,$321,$41,$280,$0,$188,$234,$87,$0,$87,$16,$71,$71,$70,$0,$0,$85,85,$0.82,$0.82,$459,$0,$0,$19733,$337,$6114,$825,$864,$8193,$27925,$24564,$266,$166,$432,$24996,$293,$1111,$-203,$2930,$27925,$144,$41,$44,$84,$4,$0,$-22,$10,$-8,$220,$-18,$0,$78,$-12,$-312,$-324,$-501,$-765,$-40,$610,$571,$1,$1,$-42,$-17,$513,$-32,$10,$-42
2,2018-03-31,51.46,$33.96,1.52,$14.23,3.62,$13.52,3.81,$2.75,18.71,$19.30B,$23.95B,0.81,$0.30B,$2.90B,0.1,$1.21B,$1.09B,89.76%,$1.21B,$0.33B,27.42%,$1.21B,0,0.00%,$1.21B,0,0.00%,$1.21B,$0.33B,27.42%,$1.21B,$0.23B,19.32%,$0.23B,$2.90B,8.17%,$0.23B,$2.07B,11.54%,$0.23B,$27.30B,0.87%,$0.33B,$3.20B,10.37%,$308,$36,$272,$0,$177,$219,$89,$0,$89,$16,$72,$72,$72,$0,$0,$85,85,$0.83,$0.83,$315,$0,$0,$19300,$334,$5930,$831,$850,$7998,$27297,$23950,$300,$151,$452,$24401,$293,$1060,$-181,$2896,$27297,$72,$21,$22,$43,$18,$0,$-33,$3,$-11,$104,$-8,$0,$77,$31,$-103,$-72,$-191,$-194,$-5,$-252,$-257,$1,$1,$-21,$233,$-44,$-133,$5,$-21
3,2017-12-31,49.05,$33.86,1.45,$13.77,3.56,$13.44,3.65,$2.49,19.7,$19.39B,$23.97B,0.81,$0.31B,$2.89B,0.11,$1.17B,$1.06B,90.68%,$1.17B,$0.31B,26.43%,$1.17B,0,0.00%,$1.17B,0,0.00%,$1.17B,$0.31B,26.43%,$1.17B,$0.21B,18.05%,$0.21B,$2.89B,7.45%,$0.21B,$2.05B,10.54%,$0.21B,$27.34B,0.79%,$0.31B,$3.19B,9.59%,$309,$31,$278,$0,$177,$214,$95,$0,$95,$39,$55,$55,$52,$0,$0,$85,85,$0.64,$0.63,$479,$0,$0,$19388,$334,$5888,$836,$836,$7948,$27336,$23966,$306,$180,$485,$24451,$293,$1009,$-134,$2885,$27336,$216,$86,$136,$222,$-0,$0,$2,$-25,$-23,$411,$-18,$0,$477,$351,$-680,$-329,$-1025,$-895,$-204,$-118,$-322,$12,$12,$-83,$892,$498,$14,$18,$-83
4,2017-09-30,47.78,$33.78,1.41,$13.36,3.58,$13.08,3.65,$2.49,19.19,$19.11B,$23.28B,0.82,$0.33B,$2.86B,0.12,$1.11B,$1.02B,91.37%,$1.11B,$0.28B,24.91%,$1.11B,0,0.00%,$1.11B,0,0.00%,$1.11B,$0.28B,24.91%,$1.11B,$0.21B,18.88%,$0.21B,$2.86B,7.53%,$0.21B,$2.03B,10.54%,$0.21B,$26.82B,0.82%,$0.28B,$3.19B,8.62%,$300,$30,$270,$0,$185,$221,$79,$0,$79,$20,$59,$59,$59,$0,$0,$85,85,$0.68,$0.68,$446,$0,$0,$19110,$365,$5625,$836,$798,$7707,$26817,$23280,$331,$342,$673,$23953,$291,$949,$-98,$2863,$26817,$160,$64,$256,$320,$12,$0,$-5,$1,$7,$505,$-16,$0,$477,$332,$-394,$-62,$-789,$-390,$-199,$-85,$-283,$12,$12,$-62,$180,$-154,$-39,$12,$-62
5,2017-06-30,48.06,$33.21,1.45,$12.99,3.7,$10.65,4.51,$2.40,20.03,$18.85B,$23.26B,0.81,$0.41B,$2.81B,0.15,$1.06B,$0.97B,92.05%,$1.06B,$0.26B,24.22%,$1.06B,0,0.00%,$1.06B,0,0.00%,$1.06B,$0.26B,24.22%,$1.06B,$0.20B,18.64%,$0.20B,$2.81B,7.31%,$0.20B,$1.97B,10.21%,$0.20B,$26.63B,0.79%,$0.26B,$3.22B,8.11%,$294,$26,$267,$0,$193,$225,$69,$0,$69,$17,$52,$52,$51,$0,$0,$85,85,$0.60,$0.60,$492,$0,$0,$18849,$365,$5669,$842,$815,$7781,$26631,$23262,$408,$147,$555,$23817,$291,$910,$-104,$2814,$26631,$101,$42,$51,$93,$8,$0,$-24,$1,$-15,$183,$-13,$0,$476,$317,$-434,$-117,$-462,$-116,$-122,$-11,$-133,$11,$11,$-42,$88,$-75,$-7,$8,$-42
6,2017-03-31,44.45,$32.70,1.36,$12.71,3.5,$10.90,4.08,$2.39,18.6,$18.48B,$22.05B,0.84,$0.53B,$2.76B,0.19,$1.01B,$0.94B,92.57%,$1.01B,$0.25B,24.55%,$1.01B,0,0.00%,$1.01B,0,0.00%,$1.01B,$0.25B,24.55%,$1.01B,$0.19B,19.01%,$0.19B,$2.76B,7.36%,$0.19B,$1.96B,10.25%,$0.19B,$25.49B,0.80%,$0.25B,$3.29B,8.05%,$266,$21,$245,$0,$175,$200,$66,$0,$66,$17,$49,$49,$49,$0,$0,$84,85,$0.57,$0.57,$385,$0,$0,$18481,$374,$5001,$804,$729,$7004,$25485,$22054,$525,$142,$667,$22721,$291,$879,$-119,$2764,$25485,$49,$20,$27,$47,$14,$0,$-33,$18,$-2,$96,$-7,$0,$-323,$9,$25,$35,$-310,$-605,$-4,$386,$381,$9,$9,$-21,$100,$469,$-39,$4,$-21
7,2016-12-31,41.85,$32.29,1.3,$12.64,3.31,$11.02,3.8,$1.87,22.38,$17.09B,$20.66B,0.83,$0.44B,$2.72B,0.16,$0.98B,$0.91B,92.68%,$0.98B,$0.19B,19.02%,$0.98B,0,0.00%,$0.98B,0,0.00%,$0.98B,$0.19B,19.02%,$0.98B,$0.15B,14.95%,$0.15B,$2.72B,5.83%,$0.15B,$2.01B,8.14%,$0.15B,$23.98B,0.63%,$0.19B,$3.16B,6.27%,$252,$18,$234,$0,$166,$189,$63,$0,$63,$11,$52,$52,$51,$0,$0,$78,78,$0.64,$0.64,$451,$0,$0,$17090,$362,$5017,$709,$693,$6886,$23975,$20659,$436,$160,$596,$21256,$291,$851,$-121,$2720,$23975,$149,$83,$110,$193,$-19,$0,$10,$4,$-4,$344,$-12,$0,$0,$487,$-629,$-141,$-1168,$-1321,$-14,$-198,$-213,$261,$261,$-77,$1074,$1046,$69,$14,$-77
8,2016-09-30,31.31,$32.09,0.98,$12.40,2.52,$9.65,3.25,$1.42,22.05,$16.41B,$19.97B,0.82,$0.46B,$2.49B,0.19,$0.97B,$0.90B,92.75%,$0.97B,$0.14B,14.09%,$0.97B,0,0.00%,$0.97B,0,0.00%,$0.97B,$0.14B,14.09%,$0.97B,$0.11B,11.50%,$0.11B,$2.49B,4.54%,$0.11B,$1.78B,6.43%,$0.11B,$23.11B,0.48%,$0.14B,$2.95B,4.66%,$245,$19,$227,$0,$163,$187,$58,$0,$58,$12,$47,$47,$46,$0,$0,$78,78,$0.59,$0.59,$459,$0,$0,$16413,$364,$4843,$714,$702,$6696,$23109,$19971,$464,$185,$648,$20620,$258,$818,$-56,$2489,$23109,$97,$62,$84,$146,$-22,$0,$9,$32,$19,$269,$-10,$0,$0,$437,$-344,$93,$-448,$-365,$-10,$-348,$-358,$0,$0,$-57,$537,$122,$26,$11,$-57
9,2016-06-30,25.02,$31.77,0.79,$12.21,2.05,$9.09,2.75,$1.35,18.53,$16.40B,$19.92B,0.82,$0.47B,$2.46B,0.19,$0.95B,$0.89B,92.96%,$0.95B,$0.13B,14.08%,$0.95B,0,0.00%,$0.95B,0,0.00%,$0.95B,$0.13B,14.08%,$0.95B,$0.11B,11.03%,$0.11B,$2.46B,4.31%,$0.11B,$1.75B,6.14%,$0.11B,$23.06B,0.47%,$0.13B,$2.93B,4.59%,$247,$19,$229,$0,$163,$187,$61,$0,$61,$14,$47,$47,$46,$0,$0,$78,78,$0.59,$0.59,$467,$0,$0,$16397,$366,$4806,$719,$707,$6667,$23064,$19921,$468,$212,$680,$20600,$258,$790,$-50,$2463,$23064,$51,$41,$69,$110,$-21,$0,$-3,$39,$15,$178,$-3,$0,$0,$412,$-263,$149,$-392,$-246,$-23,$-329,$-351,$-0,$-0,$-38,$468,$78,$10,$7,$-38
10,2016-03-31,21.81,$31.24,0.7,$11.92,1.83,$8.49,2.57,$1.20,18.17,$16.31B,$19.77B,0.83,$0.47B,$2.42B,0.2,$0.93B,$0.87B,93.34%,$0.93B,$0.12B,12.89%,$0.93B,0,0.00%,$0.93B,0,0.00%,$0.93B,$0.12B,12.89%,$0.93B,$0.09B,9.99%,$0.09B,$2.42B,3.83%,$0.09B,$1.70B,5.48%,$0.09B,$22.81B,0.42%,$0.12B,$2.89B,4.11%,$239,$18,$221,$0,$211,$234,$5,$0,$5,$1,$4,$4,$4,$0,$0,$78,78,$0.05,$0.05,$443,$0,$0,$16310,$371,$4668,$724,$664,$6499,$22809,$19765,$471,$152,$623,$20388,$258,$763,$-61,$2421,$22809,$4,$20,$55,$74,$-3,$0,$-8,$26,$15,$93,$-2,$0,$0,$414,$-182,$232,$-281,$-51,$-19,$-323,$-342,$0,$0,$-19,$307,$-54,$-13,$4,$-19
11,2015-12-31,23.68,$31.14,0.76,$11.68,2.03,$8.03,2.95,$1.64,14.44,$16.50B,$19.78B,0.83,$0.49B,$2.41B,0.2,$0.92B,$0.86B,94.01%,$0.92B,$0.17B,18.52%,$0.92B,0,0.00%,$0.92B,0,0.00%,$0.92B,$0.17B,18.52%,$0.92B,$0.13B,13.94%,$0.13B,$2.41B,5.27%,$0.13B,$1.68B,7.56%,$0.13B,$22.83B,0.59%,$0.17B,$2.90B,5.80%,$234,$16,$218,$0,$201,$222,$12,$0,$12,$-3,$15,$15,$15,$0,$0,$78,78,$0.19,$0.19,$869,$0,$0,$16496,$377,$4464,$729,$692,$6338,$22834,$19779,$490,$151,$641,$20420,$291,$778,$-81,$2413,$22834,$131,$80,$126,$205,$-0,$0,$-5,$-105,$-110,$236,$-10,$0,$0,$237,$-683,$-445,$-1822,$-2276,$116,$272,$388,$-95,$-95,$-77,$1773,$1988,$-53,$13,$-77
12,2015-09-30,25.23,$31.65,0.8,$11.47,2.2,$9.34,2.7,$1.93,13.07,$15.25B,$18.50B,0.82,$0.50B,$2.45B,0.2,$0.91B,$0.86B,94.63%,$0.91B,$0.21B,23.25%,$0.91B,0,0.00%,$0.91B,0,0.00%,$0.91B,$0.21B,23.25%,$0.91B,$0.15B,16.67%,$0.15B,$2.45B,6.22%,$0.15B,$1.72B,8.93%,$0.15B,$21.61B,0.72%,$0.21B,$2.95B,7.26%,$232,$14,$217,$0,$155,$176,$56,$0,$56,$15,$41,$41,$40,$0,$0,$78,78,$0.52,$0.52,$518,$0,$0,$15245,$381,$4549,$734,$632,$6363,$21608,$18496,$497,$161,$658,$19155,$258,$782,$-46,$2454,$21608,$116,$60,$66,$126,$0,$0,$-7,$-18,$-24,$223,$-6,$0,$0,$609,$-740,$-132,$-852,$-989,$118,$-102,$15,$-90,$-90,$-58,$867,$734,$-33,$9,$-58
13,2015-06-30,29.5,$31.12,0.95,$11.32,2.6,$10.01,2.95,$1.97,14.97,$15.25B,$18.39B,0.83,$0.51B,$2.43B,0.21,$0.91B,$0.87B,95.17%,$0.91B,$0.22B,24.04%,$0.91B,0,0.00%,$0.91B,0,0.00%,$0.91B,$0.22B,24.04%,$0.91B,$0.16B,17.34%,$0.16B,$2.43B,6.43%,$0.16B,$1.69B,9.25%,$0.16B,$21.54B,0.76%,$0.22B,$2.94B,7.54%,$226,$13,$213,$0,$159,$179,$47,$0,$47,$12,$35,$35,$34,$0,$0,$78,78,$0.44,$0.44,$928,$0,$0,$15249,$384,$4445,$740,$642,$6290,$21538,$18387,$507,$215,$722,$19108,$260,$760,$-60,$2430,$21538,$75,$39,$45,$85,$-3,$0,$-6,$-17,$-26,$131,$-2,$0,$0,$204,$-591,$-386,$-440,$-828,$128,$-72,$55,$-75,$-75,$-39,$729,$671,$-27,$6,$-39
14,2015-03-31,27.39,$31.14,0.88,$11.24,2.44,$10.55,2.6,$2.01,13.63,$14.76B,$17.62B,0.84,$0.52B,$2.43B,0.21,$0.92B,$0.88B,95.63%,$0.92B,$0.23B,25.14%,$0.92B,0,0.00%,$0.92B,0,0.00%,$0.92B,$0.23B,25.14%,$0.92B,$0.16B,17.81%,$0.16B,$2.43B,6.59%,$0.16B,$1.68B,9.49%,$0.16B,$20.73B,0.81%,$0.23B,$2.94B,7.97%,$226,$11,$215,$0,$153,$171,$55,$0,$55,$15,$40,$40,$39,$0,$0,$79,80,$0.49,$0.49,$850,$0,$0,$14764,$400,$4108,$747,$637,$5961,$20725,$17622,$516,$161,$677,$18299,$259,$744,$-46,$2425,$20725,$40,$19,$25,$44,$0,$0,$-9,$-11,$-19,$65,$-9,$0,$0,$287,$-281,$6,$-19,$-21,$136,$-396,$-260,$-75,$-75,$-20,$288,$-67,$-23,$3,$-20
15,2014-12-31,27.93,$30.74,0.91,$11.21,2.49,$11.09,2.52,$2.10,13.3,$15.05B,$17.73B,0.85,$0.37B,$2.47B,0.15,$0.92B,$0.88B,95.77%,$0.92B,$0.24B,26.28%,$0.92B,0,0.00%,$0.92B,0,0.00%,$0.92B,$0.24B,26.28%,$0.92B,$0.17B,18.68%,$0.17B,$2.47B,6.92%,$0.17B,$1.72B,10.00%,$0.17B,$20.75B,0.87%,$0.24B,$2.85B,8.46%,$228,$10,$218,$0,$157,$174,$54,$0,$54,$14,$40,$40,$39,$0,$0,$82,82,$0.48,$0.48,$1159,$0,$0,$15054,$398,$3826,$754,$640,$5693,$20747,$17729,$374,$172,$546,$18275,$268,$723,$-50,$2472,$20747,$176,$86,$92,$178,$18,$0,$-15,$-1,$2,$352,$-8,$0,$0,$-534,$215,$-319,$-1583,$-1910,$-14,$494,$479,$-45,$-45,$-80,$1212,$1566,$8,$14,$-80
16,2014-09-30,28.94,$30.76,0.94,$11.26,2.57,$12.23,2.37,$2.04,14.19,$14.17B,$16.91B,0.84,$0.38B,$2.51B,0.15,$0.93B,$0.89B,95.80%,$0.93B,$0.23B,24.89%,$0.93B,0,0.00%,$0.93B,0,0.00%,$0.93B,$0.23B,24.89%,$0.93B,$0.17B,18.00%,$0.17B,$2.51B,6.75%,$0.17B,$1.75B,9.82%,$0.17B,$19.99B,0.86%,$0.23B,$2.89B,8.10%,$231,$9,$221,$0,$152,$168,$63,$0,$63,$16,$47,$47,$46,$0,$0,$82,82,$0.56,$0.56,$804,$0,$0,$14168,$408,$3913,$760,$676,$5818,$19986,$16914,$376,$186,$562,$17477,$272,$704,$-27,$2509,$19986,$136,$66,$60,$126,$7,$0,$-9,$22,$20,$288,$-6,$0,$0,$-203,$137,$-66,$-1044,$-1115,$-9,$514,$504,$-9,$-9,$-60,$376,$811,$-16,$11,$-60
17,2014-06-30,31.66,$30.45,1.04,$11.41,2.77,$13.46,2.35,$1.88,16.84,$13.78B,$16.31B,0.85,$0.38B,$2.49B,0.15,$0.94B,$0.90B,95.86%,$0.94B,$0.21B,22.61%,$0.94B,0,0.00%,$0.94B,0,0.00%,$0.94B,$0.21B,22.61%,$0.94B,$0.15B,16.35%,$0.15B,$2.49B,6.33%,$0.15B,$1.73B,9.31%,$0.15B,$19.35B,0.81%,$0.21B,$2.87B,7.57%,$230,$9,$221,$0,$157,$173,$58,$0,$58,$18,$40,$40,$39,$0,$0,$82,82,$0.48,$0.48,$865,$0,$0,$13777,$415,$3677,$767,$652,$5572,$19349,$16313,$375,$169,$544,$16857,$273,$677,$-23,$2493,$19349,$89,$45,$45,$90,$0,$0,$-10,$10,$1,$184,$-4,$0,$0,$-172,$364,$192,$-537,$-348,$-11,$406,$395,$1,$1,$-40,$-115,$240,$76,$7,$-40
18,2014-03-31,32.63,$29.93,1.09,$11.53,2.83,$14.33,2.28,$1.95,16.73,$13.26B,$15.99B,0.83,$0.38B,$2.46B,0.15,$0.96B,$0.92B,95.71%,$0.96B,$0.22B,22.80%,$0.96B,0,0.00%,$0.96B,0,0.00%,$0.96B,$0.22B,22.80%,$0.96B,$0.16B,16.84%,$0.16B,$2.46B,6.72%,$0.16B,$1.68B,10.01%,$0.16B,$19.00B,0.85%,$0.22B,$2.84B,7.84%,$232,$10,$222,$0,$148,$165,$67,$0,$67,$18,$49,$49,$48,$0,$0,$82,83,$0.58,$0.58,$695,$0,$0,$13257,$426,$3798,$778,$670,$5747,$19004,$15993,$380,$168,$548,$16542,$274,$657,$-32,$2463,$19004,$49,$23,$25,$48,$9,$0,$-8,$3,$4,$103,$0,$0,$0,$-12,$236,$225,$-205,$20,$-6,$55,$49,$1,$1,$-20,$-86,$-56,$67,$4,$-20
19,2013-12-31,32.43,$29.49,1.1,$11.61,2.79,$14.49,2.24,$1.94,16.71,$12.99B,$16.02B,0.81,$0.39B,$2.43B,0.16,$0.97B,$0.93B,95.67%,$0.97B,$0.22B,22.29%,$0.97B,0,0.00%,$0.97B,0,0.00%,$0.97B,$0.22B,22.29%,$0.97B,$0.16B,16.62%,$0.16B,$2.43B,6.71%,$0.16B,$1.64B,10.03%,$0.16B,$19.01B,0.85%,$0.22B,$2.81B,7.75%,$235,$10,$225,$0,$174,$191,$43,$0,$43,$9,$35,$35,$34,$0,$0,$83,83,$0.42,$0.42,$617,$0,$0,$12990,$432,$4033,$785,$679,$6019,$19009,$16023,$386,$176,$561,$16584,$274,$628,$-35,$2425,$19009,$163,$96,$166,$262,$29,$0,$30,$-21,$38,$474,$-30,$0,$0,$1231,$-460,$771,$-745,$-4,$-11,$19,$8,$-112,$-112,$-81,$-384,$-569,$-100,$13,$-81
20,2013-09-30,27.55,$28.49,0.97,$11.78,2.34,$13.91,1.98,$2.06,13.37,$12.67B,$15.84B,0.8,$0.38B,$2.36B,0.16,$0.99B,$0.95B,95.66%,$0.99B,$0.24B,24.65%,$0.99B,0,0.00%,$0.99B,0,0.00%,$0.99B,$0.23B,23.43%,$0.99B,$0.17B,17.47%,$0.17B,$2.36B,7.19%,$0.17B,$1.56B,10.79%,$0.17B,$18.80B,0.91%,$0.24B,$2.73B,8.73%,$245,$10,$235,$0,$182,$200,$45,$0,$45,$12,$33,$33,$33,$0,$0,$82,82,$0.40,$0.40,$888,$0,$0,$12669,$450,$4124,$793,$612,$6133,$18802,$15843,$377,$225,$602,$16445,$273,$614,$-85,$2356,$18802,$129,$74,$130,$204,$35,$0,$8,$27,$70,$411,$-26,$0,$0,$1038,$-538,$500,$-167,$307,$-20,$144,$124,$-114,$-114,$-61,$-689,$-741,$-23,$10,$-61
21,2013-06-30,26.2,$28.57,0.92,$11.76,2.23,$12.55,2.09,$2.21,11.85,$12.61B,$15.99B,0.79,$0.39B,$2.35B,0.16,$1.00B,$0.95B,95.49%,$1.00B,$0.26B,26.25%,$1.00B,0,0.00%,$1.00B,0,0.00%,$1.00B,$0.25B,25.05%,$1.00B,$0.19B,18.74%,$0.19B,$2.35B,7.70%,$0.19B,$1.55B,11.58%,$0.19B,$18.93B,0.98%,$0.26B,$2.73B,9.36%,$244,$10,$233,$0,$163,$181,$63,$0,$63,$16,$47,$47,$46,$0,$0,$83,83,$0.55,$0.55,$843,$0,$0,$12607,$475,$4304,$800,$598,$6327,$18934,$15989,$385,$215,$600,$16589,$273,$601,$-79,$2345,$18934,$95,$51,$74,$125,$29,$0,$-5,$29,$53,$273,$-18,$0,$0,$1057,$-699,$358,$-94,$245,$-11,$189,$178,$-115,$-115,$-41,$-588,$-566,$-48,$7,$-41
22,2013-03-31,26.71,$29.18,0.92,$11.81,2.26,$11.58,2.31,$2.12,12.6,$12.36B,$15.98B,0.77,$0.39B,$2.48B,0.16,$1.01B,$0.96B,95.34%,$1.01B,$0.25B,25.00%,$1.01B,0,0.00%,$1.01B,0,0.00%,$1.01B,$0.24B,23.81%,$1.01B,$0.18B,17.86%,$0.18B,$2.48B,7.37%,$0.18B,$1.67B,11.11%,$0.18B,$19.06B,0.95%,$0.25B,$2.87B,8.98%,$245,$11,$234,$0,$162,$180,$65,$0,$65,$16,$49,$49,$48,$0,$0,$85,85,$0.56,$0.56,$777,$0,$0,$12356,$476,$4662,$808,$631,$6708,$19064,$15982,$394,$211,$605,$16587,$283,$574,$-31,$2477,$19064,$49,$26,$48,$74,$16,$0,$-8,$2,$10,$132,$-12,$0,$0,$1025,$-972,$53,$110,$151,$-3,$83,$81,$0,$0,$-21,$-491,$-431,$-147,$4,$-21
23,2012-12-31,27.19,$28.91,0.94,$11.88,2.29,$11.06,2.46,$1.76,15.45,$13.66B,$16.39B,0.83,$0.40B,$2.45B,0.16,$1.02B,$0.97B,94.98%,$1.02B,$0.21B,20.57%,$1.02B,0,0.00%,$1.02B,0,0.00%,$1.02B,$0.20B,19.39%,$1.02B,$0.15B,14.76%,$0.15B,$2.45B,6.21%,$0.15B,$1.64B,9.47%,$0.15B,$19.46B,0.79%,$0.21B,$2.85B,7.54%,$256,$11,$245,$0,$166,$185,$71,$0,$59,$12,$47,$47,$46,$0,$0,$85,86,$0.54,$0.53,$1949,$0,$0,$13664,$478,$3716,$818,$659,$5800,$19464,$16388,$397,$226,$623,$17011,$283,$546,$-23,$2453,$19464,$152,$110,$224,$334,$22,$0,$-58,$-6,$-42,$443,$-37,$0,$0,$-316,$716,$400,$-381,$-18,$41,$-405,$-365,$2,$2,$-83,$31,$-415,$11,$11,$-83
24,2012-09-30,26.35,$28.71,0.92,$12.78,2.06,$9.48,2.78,$1.44,18.3,$12.32B,$15.53B,0.79,$0.31B,$2.43B,0.13,$1.02B,$0.96B,94.30%,$1.02B,$0.17B,16.42%,$1.02B,0,0.00%,$1.02B,0,0.00%,$1.02B,$0.16B,15.73%,$1.02B,$0.12B,12.00%,$0.12B,$2.43B,5.10%,$0.12B,$1.61B,7.87%,$0.12B,$18.52B,0.64%,$0.17B,$2.74B,6.10%,$253,$12,$241,$0,$170,$190,$63,$0,$63,$16,$47,$47,$47,$0,$0,$85,86,$0.55,$0.55,$735,$0,$0,$12317,$484,$4053,$826,$720,$6207,$18524,$15528,$308,$253,$562,$16090,$282,$520,$-12,$2434,$18524,$105,$88,$176,$264,$22,$0,$-39,$-30,$-47,$320,$-35,$0,$0,$864,$412,$1277,$-242,$1000,$-46,$-296,$-341,$1,$1,$-62,$-941,$-1343,$-23,$8,$-62
25,2012-06-30,25.68,$28.30,0.91,$12.92,1.99,$8.79,2.92,$1.25,20.54,$12.28B,$15.77B,0.78,$0.36B,$2.40B,0.15,$1.03B,$0.96B,93.48%,$1.03B,$0.14B,13.92%,$1.03B,0,0.00%,$1.03B,0,0.00%,$1.03B,$0.14B,13.24%,$1.03B,$0.11B,10.22%,$0.11B,$2.40B,4.39%,$0.11B,$1.57B,6.79%,$0.11B,$18.78B,0.54%,$0.14B,$2.76B,5.20%,$254,$13,$241,$0,$180,$201,$53,$0,$53,$14,$39,$39,$39,$0,$0,$85,86,$0.46,$0.46,$1043,$0,$0,$12276,$478,$4320,$834,$720,$6503,$18779,$15770,$360,$249,$609,$16379,$282,$494,$-17,$2399,$18779,$58,$60,$108,$167,$27,$0,$0,$-58,$-30,$195,$-17,$0,$0,$534,$149,$683,$122,$788,$6,$-212,$-205,$1,$1,$-41,$-783,$-1029,$-45,$5,$-41
26,2012-03-31,29.71,$28.02,1.06,$12.89,2.3,$11.27,2.64,$1.01,29.41,$12.67B,$16.29B,0.78,$0.36B,$2.38B,0.15,$0.94B,$0.87B,92.51%,$0.94B,$0.11B,11.23%,$0.94B,0,0.00%,$0.94B,0,0.00%,$0.94B,$0.10B,10.48%,$0.94B,$0.08B,8.34%,$0.08B,$2.38B,3.27%,$0.08B,$1.53B,5.07%,$0.08B,$19.29B,0.40%,$0.11B,$2.74B,3.82%,$253,$15,$238,$0,$207,$231,$22,$0,$22,$4,$18,$18,$18,$0,$0,$85,85,$0.22,$0.21,$1366,$0,$0,$12672,$483,$4394,$850,$744,$6619,$19291,$16292,$360,$263,$624,$16916,$282,$475,$-20,$2375,$19291,$18,$31,$36,$66,$30,$0,$-21,$-15,$-6,$79,$-2,$0,$0,$176,$86,$261,$70,$329,$6,$-194,$-188,$1,$1,$-21,$-281,$-488,$-80,$2,$-21
27,2011-12-31,26.56,$27.95,0.95,$13.04,2.04,$9.64,2.75,$1.21,21.95,$13.03B,$16.77B,0.78,$0.35B,$2.37B,0.15,$0.80B,$0.73B,91.11%,$0.80B,$0.10B,12.77%,$0.80B,0,0.00%,$0.80B,0,0.00%,$0.80B,$0.10B,11.89%,$0.80B,$0.08B,9.39%,$0.08B,$2.37B,3.64%,$0.08B,$1.51B,5.34%,$0.08B,$19.77B,0.45%,$0.10B,$2.72B,4.37%,$257,$18,$239,$0,$203,$228,$29,$0,$22,$3,$19,$19,$18,$0,$0,$66,66,$0.17,$0.16,$1622,$0,$0,$13032,$505,$4497,$862,$732,$6742,$19774,$16766,$354,$287,$641,$17407,$282,$477,$-27,$2367,$19774,$77,$71,$241,$312,$-2,$0,$-100,$-14,$-115,$273,$-64,$0,$-189,$177,$-391,$-214,$166,$-301,$134,$113,$247,$215,$215,$-71,$-65,$326,$298,$7,$-71
28,2011-09-30,22.09,$28.65,0.77,$12.39,1.78,$11.20,1.97,$1.45,15.24,$12.59B,$16.21B,0.78,$0.36B,$2.43B,0.15,$0.66B,$0.59B,89.58%,$0.66B,$0.11B,16.62%,$0.66B,0,0.00%,$0.66B,0,0.00%,$0.66B,$0.09B,14.20%,$0.66B,$0.07B,11.18%,$0.07B,$2.43B,4.40%,$0.07B,$1.59B,6.05%,$0.07B,$19.42B,0.53%,$0.11B,$2.78B,5.89%,$263,$21,$242,$0,$196,$224,$39,$0,$39,$8,$30,$30,$30,$0,$0,$85,85,$0.36,$0.36,$1269,$0,$0,$12592,$524,$4605,$836,$734,$6824,$19416,$16206,$356,$274,$630,$16989,$282,$479,$34,$2427,$19416,$58,$39,$71,$110,$6,$0,$-19,$122,$109,$277,$-53,$0,$-189,$466,$-332,$134,$279,$171,$136,$-28,$108,$215,$215,$-50,$-486,$-213,$234,$5,$-50
29,2011-06-30,25.33,$28.18,0.9,$12.56,2.02,$11.42,2.22,$1.49,17.0,$12.90B,$16.52B,0.78,$0.37B,$2.39B,0.16,$0.52B,$0.45B,87.12%,$0.52B,$0.09B,17.12%,$0.52B,0,0.00%,$0.52B,0,0.00%,$0.52B,$0.07B,14.04%,$0.52B,$0.06B,11.35%,$0.06B,$2.39B,4.57%,$0.06B,$1.53B,5.77%,$0.06B,$19.76B,0.53%,$0.09B,$2.76B,6.39%,$162,$16,$146,$0,$129,$147,$15,$0,$15,$3,$12,$12,$12,$0,$0,$55,55,$0.22,$0.22,$1358,$0,$0,$12901,$522,$4574,$852,$756,$6856,$19758,$16519,$370,$278,$648,$17371,$282,$469,$6,$2386,$19758,$27,$15,$48,$63,$4,$0,$0,$194,$198,$288,$-37,$0,$-75,$386,$-444,$-59,$175,$5,$140,$-7,$133,$214,$214,$-30,$-370,$-52,$242,$3,$-30
30,2011-03-31,26.65,$24.52,1.09,$12.98,2.05,$9.56,2.79,$1.45,18.38,$6.05B,$7.11B,0.85,$0.01B,$1.06B,0.01,$0.48B,$0.41B,84.89%,$0.48B,$0.08B,16.77%,$0.48B,0,0.00%,$0.48B,0,0.00%,$0.48B,$0.07B,13.46%,$0.48B,$0.05B,10.97%,$0.05B,$1.06B,5.82%,$0.05B,$0.98B,6.35%,$0.05B,$8.31B,0.64%,$0.08B,$1.07B,8.75%,$117,$16,$101,$0,$81,$98,$19,$0,$19,$4,$15,$15,$15,$0,$0,$37,38,$0.41,$0.41,$923,$0,$0,$6048,$239,$1594,$74,$349,$2263,$8311,$7113,$10,$129,$140,$7253,$144,$477,$2,$1058,$8311,$15,$6,$8,$14,$7,$0,$-3,$-29,$-25,$4,$-32,$0,$0,$-120,$-102,$-222,$118,$-135,$-0,$51,$51,$191,$191,$-9,$-78,$155,$24,$1,$-9
31,2010-12-31,28.08,$23.22,1.21,$13.21,2.13,$12.50,2.25,$1.41,19.92,$6.04B,$7.14B,0.85,$0.01B,$0.86B,0.01,$0.49B,$0.41B,83.06%,$0.49B,$0.08B,15.92%,$0.49B,0,0.00%,$0.49B,0,0.00%,$0.49B,$0.06B,12.65%,$0.49B,$0.05B,10.61%,$0.05B,$0.86B,6.06%,$0.05B,$0.78B,6.65%,$0.05B,$8.14B,0.62%,$0.08B,$0.87B,8.87%,$120,$16,$104,$0,$66,$83,$37,$0,$21,$4,$17,$17,$17,$0,$0,$37,37,$0.47,$0.46,$779,$0,$0,$6035,$210,$1489,$75,$323,$2103,$8138,$7144,$11,$127,$137,$7282,$123,$471,$-1,$857,$8138,$52,$23,$58,$81,$22,$0,$-12,$53,$62,$195,$-20,$0,$0,$158,$113,$272,$82,$334,$-0,$-140,$-140,$2,$2,$-36,$-420,$-594,$-65,$4,$-36
32,2010-09-30,24.05,$23.47,1.02,$14.39,1.67,$8.03,2.99,$1.84,13.07,$5.99B,$7.23B,0.83,$0.01B,$0.87B,0.01,$0.52B,$0.43B,82.75%,$0.52B,$0.10B,18.99%,$0.52B,0,0.00%,$0.52B,0,0.00%,$0.52B,$0.09B,16.47%,$0.52B,$0.07B,12.98%,$0.07B,$0.87B,7.85%,$0.07B,$0.79B,8.63%,$0.07B,$8.24B,0.79%,$0.10B,$0.88B,11.14%,$121,$19,$102,$0,$84,$103,$18,$0,$18,$3,$15,$15,$15,$0,$0,$37,37,$0.40,$0.40,$751,$0,$0,$5990,$211,$1620,$76,$342,$2249,$8239,$7225,$11,$133,$148,$7374,$123,$463,$18,$866,$8239,$35,$17,$48,$65,$-7,$0,$0,$31,$24,$123,$-18,$0,$0,$222,$8,$230,$136,$348,$-0,$12,$11,$1,$1,$-27,$-487,$-501,$-29,$3,$-27
33,2010-06-30,26.45,$23.36,1.13,$14.57,1.82,$6.35,4.16,$1.91,13.85,$6.19B,$7.46B,0.83,$0.03B,$0.86B,0.04,$0.51B,$0.41B,81.78%,$0.51B,$0.10B,19.60%,$0.51B,0,0.00%,$0.51B,0,0.00%,$0.51B,$0.09B,17.03%,$0.51B,$0.07B,13.27%,$0.07B,$0.86B,8.36%,$0.07B,$0.79B,9.23%,$0.07B,$8.50B,0.82%,$0.10B,$0.89B,12.00%,$125,$22,$103,$0,$96,$119,$7,$0,$7,$0,$7,$7,$6,$0,$0,$37,37,$0.17,$0.17,$890,$0,$0,$6189,$208,$1687,$76,$340,$2311,$8500,$7463,$31,$135,$175,$7639,$123,$457,$21,$861,$8500,$20,$11,$33,$44,$4,$0,$0,$44,$48,$112,$-11,$0,$0,$77,$-52,$25,$72,$87,$0,$18,$18,$0,$0,$-18,$-235,$-235,$-37,$2,$-18
34,2010-03-31,32.94,$23.05,1.43,$14.78,2.23,$4.04,8.16,$2.16,15.25,$6.20B,$7.54B,0.82,$0.03B,$0.85B,0.04,$0.50B,$0.40B,81.01%,$0.50B,$0.11B,21.82%,$0.50B,0,0.00%,$0.50B,0,0.00%,$0.50B,$0.10B,19.19%,$0.50B,$0.08B,15.15%,$0.08B,$0.85B,10.08%,$0.08B,$0.77B,11.19%,$0.08B,$8.57B,0.96%,$0.11B,$0.88B,14.22%,$124,$26,$98,$0,$81,$107,$16,$0,$16,$2,$14,$14,$14,$0,$0,$37,37,$0.37,$0.37,$870,$0,$0,$6198,$204,$1759,$78,$327,$2367,$8565,$7540,$31,$135,$174,$7715,$123,$459,$9,$851,$8565,$14,$6,$12,$17,$14,$0,$-1,$41,$54,$86,$-4,$0,$0,$108,$-142,$-34,$75,$37,$0,$51,$51,$1,$1,$-9,$-190,$-147,$-24,$1,$-9
35,2009-12-31,34.32,$22.74,1.51,$14.90,2.3,$1.77,19.34,$2.23,15.39,$6.45B,$7.68B,0.84,$0.03B,$0.84B,0.04,$0.48B,$0.39B,80.08%,$0.48B,$0.11B,22.82%,$0.48B,0,0.00%,$0.48B,0,0.00%,$0.48B,$0.10B,20.12%,$0.48B,$0.08B,15.56%,$0.08B,$0.84B,10.91%,$0.08B,$0.76B,12.17%,$0.08B,$8.70B,1.01%,$0.11B,$0.87B,15.81%,$146,$22,$124,$0,$67,$89,$57,$0,$44,$13,$32,$32,$32,$0,$0,$33,33,$0.93,$0.92,$1002,$0,$0,$6447,$203,$1611,$79,$357,$2250,$8697,$7681,$31,$140,$179,$7859,$123,$454,$3,$838,$8697,$75,$18,$29,$47,$-14,$0,$17,$-107,$-104,$18,$-10,$0,$378,$-241,$100,$-141,$26,$254,$-0,$-107,$-107,$170,$170,$-32,$-298,$-267,$5,$3,$-32
36,2009-09-30,29.26,$20.54,1.42,$14.06,2.08,$3.80,7.7,$1.60,18.29,$4.77B,$6.02B,0.79,$0.00B,$0.66B,0.0,$0.45B,$0.34B,76.22%,$0.45B,$0.06B,13.78%,$0.45B,0,0.00%,$0.45B,0,0.00%,$0.45B,$0.06B,13.78%,$0.45B,$0.05B,11.33%,$0.05B,$0.66B,8.10%,$0.05B,$0.59B,9.07%,$0.05B,$6.81B,0.73%,$0.06B,$0.66B,9.83%,$110,$22,$88,$0,$69,$91,$19,$0,$19,$4,$15,$15,$15,$0,$0,$32,32,$0.48,$0.47,$520,$0,$0,$4772,$199,$1500,$68,$267,$2033,$6805,$6023,$1,$120,$127,$6150,$106,$431,$12,$655,$6805,$43,$13,$39,$53,$-12,$0,$0,$-44,$-55,$41,$-3,$0,$0,$176,$208,$384,$-44,$337,$-0,$97,$97,$2,$2,$-23,$-510,$-434,$-57,$2,$-23
37,2009-06-30,25.14,$19.82,1.27,$14.20,1.77,$4.74,5.31,$1.63,15.42,$4.93B,$6.28B,0.79,$0.00B,$0.63B,0.0,$0.45B,$0.34B,74.89%,$0.45B,$0.06B,14.10%,$0.45B,0,0.00%,$0.45B,0,0.00%,$0.45B,$0.06B,14.10%,$0.45B,$0.05B,11.45%,$0.05B,$0.63B,8.43%,$0.05B,$0.56B,9.48%,$0.05B,$7.05B,0.74%,$0.06B,$0.63B,10.36%,$115,$23,$91,$0,$75,$99,$16,$0,$16,$2,$14,$14,$14,$0,$0,$32,32,$0.43,$0.43,$645,$0,$0,$4932,$202,$1594,$68,$248,$2115,$7047,$6283,$1,$133,$134,$6417,$106,$424,$-3,$631,$7047,$28,$9,$24,$33,$-25,$0,$0,$-21,$-46,$15,$-2,$0,$0,$61,$98,$159,$-50,$107,$-0,$121,$121,$1,$1,$-15,$-275,$-169,$-47,$2,$-15
38,2009-03-31,24.03,$19.66,1.22,$14.19,1.69,$5.58,4.31,$1.86,12.92,$4.87B,$6.36B,0.77,$0.00B,$0.63B,0.0,$0.45B,$0.33B,73.51%,$0.45B,$0.08B,17.00%,$0.45B,0,0.00%,$0.45B,0,0.00%,$0.45B,$0.08B,17.00%,$0.45B,$0.06B,13.02%,$0.06B,$0.63B,9.80%,$0.06B,$0.56B,11.06%,$0.06B,$7.10B,0.87%,$0.08B,$0.63B,12.77%,$111,$28,$83,$0,$64,$92,$18,$0,$18,$4,$14,$14,$14,$0,$0,$32,32,$0.44,$0.44,$644,$0,$0,$4874,$206,$1714,$68,$235,$2224,$7097,$6355,$1,$117,$117,$6472,$106,$418,$-1,$625,$7097,$14,$5,$9,$14,$-2,$0,$-1,$-23,$-27,$1,$-3,$0,$0,$96,$-22,$74,$7,$77,$-0,$45,$45,$1,$1,$-8,$-127,$-89,$-10,$1,$-8
39,2008-12-31,34.61,$19.18,1.8,$14.54,2.38,$6.38,5.42,$2.05,16.88,$4.99B,$6.44B,0.78,$0.00B,$0.61B,0.0,$0.46B,$0.34B,72.79%,$0.46B,$0.09B,18.79%,$0.46B,0,0.00%,$0.46B,0,0.00%,$0.46B,$0.09B,18.79%,$0.46B,$0.07B,14.04%,$0.07B,$0.61B,11.02%,$0.07B,$0.54B,12.48%,$0.07B,$7.17B,0.98%,$0.09B,$0.61B,14.72%,$114,$33,$81,$0,$72,$105,$9,$0,$9,$0,$8,$8,$8,$0,$0,$31,32,$0.25,$0.25,$751,$0,$0,$4994,$206,$1680,$69,$213,$2173,$7167,$6437,$1,$120,$121,$6558,$106,$412,$-9,$609,$7167,$65,$19,$28,$47,$-3,$-3,$-3,$-9,$-18,$94,$-21,$0,$0,$-423,$12,$-411,$-678,$-1111,$-0,$130,$130,$8,$8,$-30,$926,$1034,$17,$3,$-30
40,2008-09-30,38.6,$18.95,2.04,$14.64,2.64,$3.67,10.5,$2.32,16.64,$4.54B,$6.04B,0.75,$0.00B,$0.60B,0.0,$0.47B,$0.34B,72.49%,$0.47B,$0.10B,21.11%,$0.47B,0,0.00%,$0.47B,0,0.00%,$0.47B,$0.10B,21.11%,$0.47B,$0.07B,15.57%,$0.07B,$0.60B,12.67%,$0.07B,$0.53B,14.41%,$0.07B,$6.75B,1.15%,$0.10B,$0.60B,17.15%,$114,$29,$85,$0,$63,$93,$21,$0,$21,$5,$16,$16,$16,$0,$0,$31,32,$0.51,$0.50,$480,$0,$0,$4542,$206,$1657,$69,$263,$2202,$6745,$6038,$1,$106,$106,$6144,$106,$411,$-14,$601,$6745,$57,$15,$11,$26,$7,$4,$-3,$-12,$2,$85,$-18,$0,$0,$-181,$-53,$-234,$-486,$-738,$-0,$247,$247,$7,$7,$-23,$409,$640,$-12,$2,$-23
41,2008-06-30,29.59,$18.27,1.62,$14.72,2.01,$1.31,22.62,$2.37,12.49,$3.99B,$5.58B,0.71,$0.00B,$0.57B,0.0,$0.47B,$0.34B,71.10%,$0.47B,$0.10B,21.73%,$0.47B,0,0.00%,$0.47B,0,0.00%,$0.47B,$0.10B,21.73%,$0.47B,$0.08B,15.82%,$0.08B,$0.57B,13.26%,$0.08B,$0.50B,15.14%,$0.08B,$6.27B,1.22%,$0.10B,$0.57B,18.19%,$114,$30,$84,$0,$55,$85,$29,$0,$29,$8,$21,$21,$21,$0,$0,$31,32,$0.67,$0.66,$193,$0,$0,$3988,$206,$1805,$69,$190,$2282,$6270,$5584,$1,$112,$113,$5697,$105,$403,$-23,$573,$6270,$41,$10,$7,$17,$-7,$4,$-3,$-7,$-6,$52,$-13,$0,$0,$116,$-146,$-30,$-196,$-239,$-0,$187,$187,$1,$1,$-15,$11,$185,$-2,$1,$-15
42,2008-03-31,31.48,$18.41,1.71,$14.68,2.14,$-0.59,0.0,$2.33,13.51,$4.20B,$5.74B,0.73,$0.00B,$0.58B,0.0,$0.48B,$0.34B,70.38%,$0.48B,$0.10B,21.64%,$0.48B,0,0.00%,$0.48B,0,0.00%,$0.48B,$0.10B,21.64%,$0.48B,$0.07B,15.55%,$0.07B,$0.58B,13.22%,$0.07B,$0.51B,15.13%,$0.07B,$6.43B,1.22%,$0.10B,$0.58B,18.38%,$121,$34,$87,$0,$59,$93,$28,$0,$28,$8,$20,$20,$20,$0,$0,$31,32,$0.64,$0.63,$558,$0,$0,$4198,$204,$1763,$70,$191,$2228,$6425,$5736,$1,$111,$112,$5848,$104,$389,$-5,$577,$6425,$20,$5,$4,$9,$1,$4,$-2,$-6,$2,$31,$-7,$0,$0,$-241,$-74,$-314,$-47,$-368,$-0,$217,$217,$1,$1,$-8,$134,$344,$7,$1,$-8
43,2007-12-31,28.43,$17.71,1.61,$14.24,2.0,$-1.60,0.0,$2.28,12.47,$4.11B,$5.39B,0.76,$0.00B,$0.55B,0.0,$0.47B,$0.33B,69.81%,$0.47B,$0.10B,21.84%,$0.47B,0,0.00%,$0.47B,0,0.00%,$0.47B,$0.10B,21.84%,$0.47B,$0.07B,15.63%,$0.07B,$0.55B,13.13%,$0.07B,$0.48B,15.06%,$0.07B,$6.06B,1.23%,$0.10B,$0.56B,18.34%,$120,$36,$84,$0,$62,$98,$21,$0,$21,$5,$17,$17,$16,$0,$0,$32,33,$0.53,$0.51,$506,$0,$0,$4110,$201,$1473,$71,$198,$1946,$6056,$5385,$1,$116,$117,$5502,$104,$377,$-15,$554,$6056,$74,$14,$15,$29,$-3,$0,$1,$-33,$-47,$56,$-70,$0,$0,$96,$241,$337,$-375,$-107,$1,$153,$154,$-58,$-58,$-31,$-21,$44,$-7,$1,$-31
44,2007-09-30,29.64,$17.55,1.69,$14.06,2.11,$-0.84,0.0,$2.40,12.35,$3.78B,$5.21B,0.73,$0.00B,$0.56B,0.0,$0.46B,$0.33B,70.04%,$0.46B,$0.11B,23.92%,$0.46B,0,0.00%,$0.46B,0,0.00%,$0.46B,$0.11B,23.92%,$0.46B,$0.08B,17.03%,$0.08B,$0.56B,14.18%,$0.08B,$0.49B,16.28%,$0.08B,$5.91B,1.34%,$0.11B,$0.56B,19.92%,$119,$36,$82,$0,$57,$94,$25,$0,$25,$7,$18,$18,$18,$0,$0,$32,32,$0.55,$0.55,$256,$0,$0,$3775,$193,$1680,$71,$170,$2131,$5906,$5207,$0,$141,$142,$5348,$106,$368,$-21,$558,$5906,$57,$9,$2,$11,$-1,$0,$0,$-21,$-21,$48,$-56,$0,$0,$123,$228,$351,$-268,$27,$-0,$-15,$-15,$-39,$-39,$-23,$-31,$-109,$-35,$2,$-23
45,2007-06-30,27.61,$17.13,1.61,$13.85,1.99,$-0.71,0.0,$2.93,9.42,$3.81B,$5.18B,0.74,$0.00B,$0.55B,0.0,$0.46B,$0.33B,70.87%,$0.46B,$0.14B,30.22%,$0.46B,0,0.00%,$0.46B,0,0.00%,$0.46B,$0.14B,30.22%,$0.46B,$0.10B,21.09%,$0.10B,$0.55B,17.54%,$0.10B,$0.48B,20.16%,$0.10B,$5.88B,1.63%,$0.14B,$0.55B,25.12%,$116,$33,$82,$0,$53,$87,$29,$0,$29,$8,$20,$20,$20,$0,$0,$32,33,$0.63,$0.62,$382,$0,$0,$3812,$182,$1615,$72,$172,$2063,$5875,$5177,$0,$148,$148,$5325,$107,$358,$-31,$550,$5875,$40,$5,$2,$7,$-10,$0,$-1,$-11,$-25,$22,$-44,$0,$0,$25,$277,$302,$-169,$89,$-0,$-23,$-23,$-26,$-26,$-16,$-53,$-118,$-7,$1,$-16
46,2007-03-31,32.14,$17.27,1.86,$13.69,2.35,$0.94,34.26,$2.97,10.82,$3.62B,$5.14B,0.7,$0.00B,$0.56B,0.0,$0.46B,$0.33B,71.93%,$0.46B,$0.14B,31.36%,$0.46B,0,0.00%,$0.46B,0,0.00%,$0.46B,$0.14B,31.36%,$0.46B,$0.10B,21.71%,$0.10B,$0.56B,18.38%,$0.10B,$0.49B,21.20%,$0.10B,$5.85B,1.64%,$0.14B,$0.56B,26.53%,$112,$34,$78,$0,$50,$85,$27,$0,$27,$8,$19,$19,$19,$0,$0,$33,33,$0.59,$0.58,$310,$0,$0,$3618,$152,$1821,$72,$164,$2227,$5845,$5142,$0,$142,$142,$5284,$108,$346,$-23,$562,$5845,$19,$2,$0,$2,$-6,$0,$-2,$-5,$-15,$6,$-14,$0,$0,$88,$86,$173,$-50,$109,$-0,$-4,$-4,$-10,$-10,$-8,$-107,$-129,$-15,$0,$-8
47,2006-12-31,38.4,$17.09,2.25,$13.54,2.84,$1.69,22.78,$3.06,12.55,$3.67B,$5.25B,0.7,$0.00B,$0.56B,0.0,$0.45B,$0.33B,73.39%,$0.45B,$0.15B,33.04%,$0.45B,0,0.00%,$0.45B,0,0.00%,$0.45B,$0.15B,33.04%,$0.45B,$0.10B,22.62%,$0.10B,$0.56B,19.61%,$0.10B,$0.49B,22.72%,$0.10B,$5.97B,1.67%,$0.15B,$0.56B,27.93%,$117,$34,$83,$0,$52,$86,$30,$0,$30,$9,$22,$22,$22,$0,$0,$33,33,$0.66,$0.65,$413,$0,$0,$3666,$143,$1904,$73,$162,$2299,$5965,$5253,$0,$153,$153,$5406,$109,$335,$-24,$558,$5965,$102,$2,$4,$6,$9,$0,$2,$-1,$-21,$84,$-73,$0,$0,$188,$72,$259,$-294,$-107,$-50,$-30,$-80,$6,$6,$-29,$45,$-58,$-81,$4,$-29
