,Date,Stock Price,Book Value per Share,Price to Book Ratio,TTM Sales per Share,Price to Sales Ratio,TTM FCF per Share,Price to FCF Ratio,TTM Net EPS,PE Ratio,Current Assets,Current Liabilities,Current Ratio,Long Term Debt,Shareholder's Equity_x,Debt to Equity Ratio,TTM Revenue_x,TTM Gross Profit,Gross Margin,TTM Revenue_y,TTM Operating Income,Operating Margin,TTM Revenue_x,TTM EBIT,EBIT Margin,TTM Revenue_y,TTM EBITDA,EBITDA Margin,TTM Revenue_x,TTM Pre-Tax Income,Pre-Tax Margin,TTM Revenue_y,TTM Net Income_x,Net Margin,TTM Net Income_y,Shareholder's Equity_y,Return on Equity,TTM Net Income_x,Tangible Equity,Return on Tangible Equity,TTM Net Income_y,Total Assets,Return on Assets,TTM Net Income,LT Investments & Debt,Return on Investment,revenue,cost-goods-sold,gross-profit,research-development-expenses,selling-general-administrative-expenses,operating-expenses,operating-income,total-non-operating-income-expense,pre-tax-income,total-provision-income-taxes,income-after-taxes,income-from-continuous-operations,net-income,ebitda,ebit,basic-shares-outstanding,shares-outstanding,eps-basic-net-earnings-per-share,eps-earnings-per-share-diluted,cash-on-hand,inventory,other-current-assets,total-current-assets,net-property-plant-equipment,long-term-investments,goodwill-intangible-assets-total,other-long-term-assets,total-long-term-assets,total-assets,total-current-liabilities,long-term-debt,other-non-current-liabilities,total-long-term-liabilities,total-liabilities,common-stock-net,retained-earnings-accumulated-deficit,comprehensive-income,total-share-holder-equity,total-liabilities-share-holders-equity,net-income-loss,total-depreciation-amortization-cash-flow,other-non-cash-items,total-non-cash-items,change-in-accounts-receivable,change-in-inventories,change-in-accounts-payable,change-in-assets-liabilities,total-change-in-assets-liabilities,cash-flow-from-operating-activities,net-change-in-property-plant-equipment,net-change-in-intangible-assets,net-acquisitions-divestitures,net-change-in-short-term-investments,net-change-in-long-term-investments,net-change-in-investments-total,investing-activities-other,cash-flow-from-investing-activities,net-long-term-debt,net-current-debt,debt-issuance-retirement-net-total,net-common-equity-issued-repurchased,net-total-equity-issued-repurchased,total-common-preferred-stock-dividends-paid,financial-activities-other,cash-flow-from-financial-activities,net-cash-flow,stock-based-compensation,common-stock-dividends-paid
0,2018-09-30,7.7,$5.98,1.29,$21.36,0.36,$-1.57,0.0,$0.55,14.0,$0.15B,$0.03B,5.57,$0.07B,$0.10B,0.74,$0.35B,$0.08B,23.93%,$0.35B,$0.01B,3.70%,$0.35B,$0.01B,3.70%,$0.35B,$0.02B,4.84%,$0.35B,$0.01B,3.13%,$0.35B,$0.01B,2.56%,$0.01B,$0.10B,9.50%,$0.01B,$0.07B,14.88%,$0.01B,$0.20B,4.55%,$0.01B,$0.17B,7.59%,$90,$69,$21,$0,$10,$87,$3,$-1,$2,$-0,$2,$2,$2,$3,$3,$16,17,$0.15,$0.15,$0,$86,$0,$154,$12,$0,$34,$1,$47,$201,$28,$73,$1,$74,$102,$0,$104,$0,$99,$201,$7,$2,$0,$2,$-8,$1,$1,$-1,$-8,$2,$-1,$0,$0,$0,$0,$0,$0,$-1,$-0,$0,$-0,$-0,$-0,$-0,$0,$-0,$0,$1,$-0
1,2018-06-30,8.5,$5.81,1.46,$20.91,0.41,$-2.34,0.0,$0.29,29.31,$0.15B,$0.02B,7.08,$0.08B,$0.10B,0.84,$0.34B,$0.08B,23.98%,$0.34B,$0.01B,3.51%,$0.34B,$0.01B,3.51%,$0.34B,$0.02B,4.68%,$0.34B,$0.01B,3.22%,$0.34B,$0.01B,1.46%,$0.01B,$0.10B,5.42%,$0.01B,$0.06B,8.66%,$0.01B,$0.20B,2.56%,$0.01B,$0.18B,7.12%,$94,$72,$22,$0,$10,$89,$4,$-1,$4,$1,$3,$3,$3,$5,$4,$16,16,$0.16,$0.16,$0,$88,$0,$153,$11,$0,$34,$0,$46,$199,$22,$80,$1,$81,$103,$0,$102,$0,$96,$199,$5,$2,$0,$2,$-5,$0,$-0,$-2,$-12,$-6,$-1,$0,$0,$0,$0,$0,$0,$-1,$7,$0,$7,$-0,$-0,$-0,$0,$6,$0,$0,$-0
2,2018-03-31,7.33,$5.63,1.3,$19.87,0.37,$-2.54,0.0,$0.13,56.35,$0.15B,$0.02B,6.62,$0.08B,$0.09B,0.86,$0.32B,$0.08B,23.46%,$0.32B,$0.01B,2.47%,$0.32B,$0.01B,2.47%,$0.32B,$0.01B,3.70%,$0.32B,$0.01B,1.85%,$0.32B,$0.00B,0.62%,$0.00B,$0.09B,2.20%,$0.00B,$0.06B,3.57%,$0.00B,$0.20B,1.05%,$0.01B,$0.17B,4.86%,$85,$65,$20,$0,$9,$82,$3,$-1,$3,$1,$2,$2,$2,$4,$3,$16,16,$0.12,$0.12,$0,$93,$0,$151,$11,$0,$34,$0,$46,$197,$23,$80,$1,$82,$105,$0,$99,$0,$93,$197,$2,$1,$0,$1,$3,$-6,$0,$-1,$-9,$-6,$-0,$0,$0,$0,$0,$0,$0,$-0,$7,$0,$7,$-0,$-0,$-0,$0,$7,$0,$0,$-0
3,2017-12-31,7.2,$5.50,1.31,$19.53,0.37,$-2.85,0.0,$-0.02,0.0,$0.15B,$0.03B,5.23,$0.07B,$0.09B,0.81,$0.32B,$0.07B,22.96%,$0.32B,$0.01B,1.57%,$0.32B,$0.01B,1.57%,$0.32B,$0.01B,2.83%,$0.32B,$0.00B,0.63%,$0.32B,0,0.00%,$0.00B,$0.09B,0.00%,$0.00B,$0.06B,0.00%,$0.00B,$0.19B,0.00%,$0.01B,$0.16B,3.09%,$82,$61,$21,$0,$10,$79,$3,$-1,$2,$0,$2,$2,$2,$5,$3,$16,16,$0.13,$0.13,$0,$88,$0,$148,$11,$0,$34,$0,$46,$194,$28,$74,$1,$75,$103,$0,$97,$0,$91,$194,$-0,$4,$2,$6,$-13,$-8,$0,$-1,$-17,$-11,$-2,$0,$0,$0,$0,$0,$0,$-2,$13,$0,$13,$-0,$-0,$-0,$0,$13,$0,$0,$-0
4,2017-09-30,5.25,$5.37,0.98,$18.72,0.28,$-1.07,0.0,$-0.25,0.0,$0.14B,$0.03B,5.6,$0.07B,$0.09B,0.82,$0.31B,$0.07B,21.97%,$0.31B,0,0.00%,$0.31B,0,0.00%,$0.31B,$0.00B,0.98%,$0.31B,$-0.00B,-0.66%,$0.31B,$-0.00B,-1.31%,$-0.00B,$0.09B,-4.46%,$-0.00B,$0.05B,-7.37%,$-0.00B,$0.19B,-2.19%,$0.00B,$0.16B,0.00%,$81,$63,$19,$0,$9,$79,$2,$-1,$2,$3,$-2,$-2,$-2,$2,$2,$16,16,$-0.11,$-0.11,$0,$82,$0,$143,$11,$0,$35,$0,$46,$190,$26,$73,$1,$75,$101,$0,$95,$0,$89,$190,$-2,$2,$4,$6,$-13,$-2,$-2,$-2,$-15,$-11,$-1,$0,$0,$0,$0,$0,$0,$-1,$12,$0,$12,$-0,$-0,$-0,$0,$12,$0,$1,$-0
5,2017-06-30,5.2,$5.47,0.95,$17.73,0.29,$0.60,8.65,$-0.23,0.0,$0.13B,$0.02B,7.21,$0.07B,$0.09B,0.78,$0.29B,$0.06B,20.76%,$0.29B,$-0.00B,-1.38%,$0.29B,$-0.00B,-1.38%,$0.29B,0,0.00%,$0.29B,$-0.01B,-2.08%,$0.29B,$-0.00B,-1.04%,$-0.00B,$0.09B,-3.31%,$-0.00B,$0.06B,-5.04%,$-0.00B,$0.18B,-1.76%,$-0.00B,$0.16B,-2.69%,$76,$59,$16,$0,$9,$76,$-0,$-0,$-1,$-1,$-0,$-0,$-0,$1,$-0,$16,16,$0.00,$0.00,$0,$79,$0,$132,$12,$0,$35,$1,$47,$179,$18,$70,$1,$70,$89,$0,$97,$0,$90,$179,$-1,$2,$1,$3,$-4,$1,$-2,$-3,$-11,$-8,$-1,$0,$0,$0,$0,$0,$0,$-1,$10,$0,$10,$-0,$-0,$-0,$0,$9,$0,$0,$-0
6,2017-03-31,6.75,$5.45,1.24,$16.90,0.4,$1.96,3.45,$-0.39,0.0,$0.14B,$0.02B,6.3,$0.07B,$0.09B,0.8,$0.28B,$0.06B,20.36%,$0.28B,$-0.01B,-2.55%,$0.28B,$-0.01B,-2.55%,$0.28B,$-0.00B,-1.09%,$0.28B,$-0.01B,-2.91%,$0.28B,$-0.01B,-2.18%,$-0.01B,$0.09B,-6.56%,$-0.01B,$0.05B,-9.23%,$-0.01B,$0.18B,-3.73%,$-0.01B,$0.16B,-5.02%,$79,$62,$17,$0,$9,$79,$-0,$-0,$-1,$-0,$-0,$-0,$-0,$1,$-0,$16,16,$-0.03,$-0.03,$0,$80,$0,$135,$12,$0,$35,$1,$49,$184,$21,$72,$0,$72,$94,$0,$97,$0,$90,$184,$-0,$1,$0,$1,$-7,$-1,$0,$-3,$-11,$-10,$-1,$0,$0,$0,$0,$0,$0,$-1,$11,$0,$11,$-0,$-0,$-0,$0,$11,$0,$0,$-0
7,2016-12-31,6.5,$5.48,1.19,$15.98,0.41,$3.10,2.1,$-0.37,0.0,$0.13B,$0.03B,5.11,$0.06B,$0.09B,0.67,$0.26B,$0.05B,19.92%,$0.26B,$-0.01B,-2.68%,$0.26B,$-0.01B,-2.68%,$0.26B,$-0.00B,-1.15%,$0.26B,$-0.01B,-2.68%,$0.26B,$-0.01B,-2.30%,$-0.01B,$0.09B,-6.42%,$-0.01B,$0.05B,-8.45%,$-0.01B,$0.18B,-3.93%,$-0.01B,$0.15B,-5.30%,$69,$54,$15,$0,$8,$71,$-2,$-0,$-2,$-0,$-2,$-2,$-2,$-1,$-2,$16,16,$-0.11,$-0.11,$0,$80,$0,$127,$11,$0,$36,$1,$49,$176,$25,$60,$1,$61,$86,$0,$98,$0,$90,$176,$-6,$4,$3,$7,$4,$10,$1,$-0,$17,$17,$-1,$0,$-32,$0,$0,$0,$0,$-34,$21,$0,$21,$-2,$-2,$-2,$0,$16,$0,$0,$-2
8,2016-09-30,6.19,$5.61,1.1,$15.86,0.39,$3.81,1.63,$-0.27,0.0,$0.11B,$0.02B,5.29,$0.03B,$0.09B,0.31,$0.26B,$0.05B,19.85%,$0.26B,$-0.00B,-1.53%,$0.26B,$-0.00B,-1.53%,$0.26B,0,0.00%,$0.26B,$-0.00B,-1.53%,$0.26B,$-0.00B,-1.53%,$-0.00B,$0.09B,-4.17%,$-0.00B,$0.08B,-5.18%,$-0.00B,$0.14B,-2.69%,$-0.00B,$0.12B,-3.10%,$65,$53,$12,$0,$7,$67,$-2,$-0,$-2,$-0,$-1,$-1,$-1,$-1,$-2,$16,16,$-0.09,$-0.09,$0,$64,$0,$109,$11,$0,$17,$0,$33,$142,$21,$29,$1,$29,$50,$0,$99,$0,$92,$142,$-4,$3,$2,$5,$3,$12,$2,$-3,$15,$16,$-1,$0,$0,$0,$0,$0,$0,$-1,$-11,$0,$-11,$-2,$-2,$-2,$0,$-15,$0,$0,$-2
9,2016-06-30,5.22,$5.72,0.91,$16.44,0.32,$4.40,1.19,$-0.14,0.0,$0.11B,$0.02B,6.74,$0.03B,$0.09B,0.32,$0.28B,$0.06B,20.36%,$0.28B,0,0.00%,$0.28B,0,0.00%,$0.28B,$0.00B,1.45%,$0.28B,0,0.00%,$0.28B,$-0.00B,-0.73%,$-0.00B,$0.09B,-2.03%,$-0.00B,$0.08B,-2.54%,$-0.00B,$0.14B,-1.29%,$0.00B,$0.12B,0.00%,$62,$50,$12,$0,$7,$66,$-3,$-0,$-3,$-1,$-3,$-3,$-3,$-2,$-3,$16,16,$-0.16,$-0.16,$0,$65,$0,$112,$11,$0,$18,$0,$29,$142,$17,$30,$1,$31,$47,$0,$101,$0,$94,$142,$-3,$2,$2,$4,$5,$11,$2,$-4,$12,$13,$-1,$0,$0,$0,$0,$0,$0,$-1,$-9,$0,$-9,$-1,$-1,$-2,$0,$-13,$0,$0,$-2
10,2016-03-31,6.88,$5.93,1.16,$17.19,0.4,$4.86,1.42,$-0.02,0.0,$0.12B,$0.02B,6.51,$0.03B,$0.10B,0.34,$0.29B,$0.06B,20.96%,$0.29B,$0.00B,1.03%,$0.29B,$0.00B,1.03%,$0.29B,$0.01B,2.41%,$0.29B,$0.00B,1.03%,$0.29B,0,0.00%,$0.00B,$0.10B,0.00%,$0.00B,$0.08B,0.00%,$0.00B,$0.15B,0.00%,$0.00B,$0.13B,2.15%,$65,$51,$13,$0,$7,$65,$-0,$-0,$-0,$-0,$-0,$-0,$-0,$1,$-0,$16,16,$-0.01,$-0.01,$0,$70,$0,$119,$11,$0,$20,$0,$32,$151,$18,$34,$1,$34,$52,$0,$105,$0,$98,$151,$-0,$1,$-0,$1,$3,$5,$1,$-2,$7,$8,$-0,$0,$0,$0,$0,$0,$0,$-0,$-6,$0,$-6,$-1,$-1,$-1,$0,$-7,$0,$0,$-1
11,2015-12-31,5.14,$5.98,0.86,$17.96,0.29,$4.98,1.03,$0.12,42.84,$0.12B,$0.02B,6.29,$0.04B,$0.10B,0.39,$0.31B,$0.07B,21.43%,$0.31B,$0.01B,2.27%,$0.31B,$0.01B,2.27%,$0.31B,$0.01B,3.57%,$0.31B,$0.01B,1.95%,$0.31B,$0.00B,0.65%,$0.00B,$0.10B,1.91%,$0.00B,$0.08B,2.44%,$0.00B,$0.16B,1.19%,$0.01B,$0.14B,4.79%,$70,$55,$15,$0,$7,$70,$1,$-0,$1,$1,$-0,$-0,$-0,$2,$1,$17,17,$-0.01,$-0.01,$0,$76,$0,$124,$11,$0,$21,$0,$36,$159,$20,$39,$0,$39,$59,$0,$106,$0,$100,$159,$2,$4,$3,$7,$15,$13,$-2,$0,$23,$32,$-3,$0,$0,$0,$0,$0,$0,$-3,$-15,$0,$-15,$-7,$-7,$-7,$0,$-29,$0,$0,$-7
12,2015-09-30,6.11,$6.08,1.0,$18.90,0.32,$3.82,1.6,$0.34,17.97,$0.13B,$0.03B,5.38,$0.04B,$0.10B,0.38,$0.33B,$0.07B,21.95%,$0.33B,$0.01B,3.66%,$0.33B,$0.01B,3.66%,$0.33B,$0.02B,4.88%,$0.33B,$0.01B,3.35%,$0.33B,$0.01B,1.83%,$0.01B,$0.10B,5.58%,$0.01B,$0.08B,7.19%,$0.01B,$0.17B,3.42%,$0.01B,$0.14B,7.86%,$78,$62,$16,$0,$7,$76,$2,$-0,$2,$1,$1,$1,$1,$3,$2,$17,17,$0.04,$0.04,$0,$77,$0,$133,$11,$0,$22,$0,$33,$167,$25,$39,$0,$39,$64,$0,$107,$0,$103,$167,$2,$3,$3,$6,$10,$12,$1,$-1,$21,$29,$-3,$0,$0,$0,$0,$0,$0,$-3,$-15,$0,$-15,$-5,$-5,$-6,$0,$-26,$0,$0,$-6
13,2015-06-30,9.41,$6.17,1.53,$19.81,0.48,$2.80,3.36,$0.50,18.82,$0.14B,$0.02B,6.35,$0.04B,$0.11B,0.38,$0.35B,$0.08B,22.19%,$0.35B,$0.02B,4.61%,$0.35B,$0.02B,4.61%,$0.35B,$0.02B,5.76%,$0.35B,$0.02B,4.32%,$0.35B,$0.01B,2.59%,$0.01B,$0.11B,8.22%,$0.01B,$0.08B,10.65%,$0.01B,$0.17B,4.96%,$0.02B,$0.15B,10.14%,$78,$61,$17,$0,$7,$78,$-0,$-0,$-0,$0,$-1,$-1,$-1,$1,$-0,$17,17,$-0.04,$-0.04,$0,$76,$0,$135,$10,$0,$22,$0,$33,$168,$21,$40,$0,$40,$62,$0,$109,$0,$106,$168,$2,$2,$3,$5,$9,$12,$3,$-2,$16,$22,$-2,$0,$0,$0,$0,$0,$0,$-2,$-14,$0,$-14,$-3,$-3,$-4,$0,$-21,$0,$0,$-4
14,2015-03-31,9.11,$6.34,1.44,$21.09,0.43,$1.73,5.27,$0.77,11.83,$0.14B,$0.02B,7.63,$0.05B,$0.11B,0.43,$0.37B,$0.08B,22.04%,$0.37B,$0.02B,6.18%,$0.37B,$0.02B,6.18%,$0.37B,$0.03B,7.26%,$0.37B,$0.02B,5.91%,$0.37B,$0.01B,3.76%,$0.01B,$0.11B,12.64%,$0.01B,$0.08B,16.57%,$0.01B,$0.18B,7.47%,$0.02B,$0.16B,14.18%,$82,$64,$18,$0,$7,$78,$4,$-0,$3,$1,$2,$2,$2,$5,$4,$17,17,$0.13,$0.13,$0,$82,$0,$141,$9,$0,$26,$0,$35,$176,$19,$48,$0,$48,$66,$0,$111,$0,$110,$176,$2,$1,$-0,$1,$6,$7,$-0,$-2,$7,$10,$-0,$0,$0,$0,$0,$0,$0,$-0,$-6,$0,$-6,$-2,$-2,$-2,$0,$-10,$0,$0,$-2
15,2014-12-31,11.07,$6.36,1.74,$21.99,0.5,$0.73,15.06,$0.85,13.02,$0.16B,$0.02B,6.38,$0.05B,$0.11B,0.48,$0.39B,$0.09B,22.05%,$0.39B,$0.03B,6.41%,$0.39B,$0.03B,6.41%,$0.39B,$0.03B,7.44%,$0.39B,$0.03B,6.41%,$0.39B,$0.02B,4.10%,$0.02B,$0.11B,14.38%,$0.02B,$0.09B,18.88%,$0.02B,$0.19B,8.28%,$0.03B,$0.17B,15.13%,$90,$69,$21,$0,$7,$83,$6,$-0,$6,$2,$4,$4,$4,$7,$6,$18,18,$0.21,$0.21,$0,$89,$0,$155,$9,$0,$26,$0,$35,$190,$24,$54,$0,$54,$79,$0,$111,$0,$111,$190,$15,$4,$0,$4,$-1,$6,$-6,$-1,$-8,$11,$-2,$0,$0,$0,$0,$0,$0,$-2,$6,$0,$6,$-7,$-7,$-8,$0,$-9,$0,$0,$-8
16,2014-09-30,10.99,$6.32,1.74,$22.20,0.5,$1.19,9.25,$0.82,13.41,$0.16B,$0.03B,5.26,$0.05B,$0.11B,0.46,$0.39B,$0.09B,21.83%,$0.39B,$0.02B,6.09%,$0.39B,$0.02B,6.09%,$0.39B,$0.03B,7.11%,$0.39B,$0.02B,6.09%,$0.39B,$0.02B,3.81%,$0.02B,$0.11B,13.48%,$0.02B,$0.09B,17.80%,$0.02B,$0.19B,7.70%,$0.02B,$0.16B,14.66%,$97,$76,$21,$0,$8,$91,$6,$-0,$6,$2,$4,$4,$4,$7,$6,$18,18,$0.20,$0.20,$0,$86,$0,$156,$9,$0,$26,$0,$35,$192,$30,$51,$0,$51,$81,$0,$110,$0,$111,$192,$11,$3,$-0,$3,$-5,$9,$-0,$-1,$-4,$11,$-2,$0,$0,$0,$0,$0,$0,$-2,$3,$0,$3,$-5,$-5,$-6,$0,$-9,$0,$0,$-6
17,2014-06-30,11.28,$6.28,1.8,$22.05,0.51,$1.74,6.47,$0.44,25.63,$0.16B,$0.03B,5.78,$0.05B,$0.11B,0.48,$0.39B,$0.09B,21.94%,$0.39B,$0.02B,4.08%,$0.39B,$0.02B,4.08%,$0.39B,$0.02B,5.10%,$0.39B,$0.02B,4.08%,$0.39B,$0.01B,2.04%,$0.01B,$0.11B,7.22%,$0.01B,$0.08B,9.61%,$0.01B,$0.19B,4.15%,$0.02B,$0.16B,9.89%,$103,$81,$22,$0,$8,$97,$7,$-0,$7,$3,$4,$4,$4,$8,$7,$18,18,$0.23,$0.23,$0,$87,$0,$156,$8,$0,$27,$0,$35,$192,$27,$53,$0,$54,$81,$0,$108,$0,$111,$192,$8,$2,$0,$2,$-4,$8,$-2,$-3,$-7,$4,$-1,$0,$0,$0,$0,$0,$0,$-1,$5,$0,$5,$-4,$-4,$-4,$0,$-3,$0,$0,$-4
18,2014-03-31,11.81,$6.24,1.89,$21.76,0.54,$2.42,4.88,$0.44,26.85,$0.16B,$0.03B,5.75,$0.06B,$0.11B,0.52,$0.39B,$0.09B,22.16%,$0.39B,$0.02B,4.12%,$0.39B,$0.02B,4.12%,$0.39B,$0.02B,5.15%,$0.39B,$0.02B,4.12%,$0.39B,$0.01B,2.06%,$0.01B,$0.11B,7.17%,$0.01B,$0.09B,9.79%,$0.01B,$0.20B,4.13%,$0.02B,$0.17B,9.94%,$100,$79,$22,$0,$8,$94,$6,$-0,$6,$2,$4,$4,$4,$7,$6,$18,18,$0.21,$0.21,$0,$92,$0,$163,$8,$0,$27,$0,$36,$199,$28,$58,$0,$59,$87,$0,$106,$0,$112,$199,$4,$1,$0,$1,$-7,$4,$-0,$-2,$-12,$-7,$-1,$0,$0,$0,$0,$0,$0,$-1,$10,$0,$10,$-1,$-1,$-2,$0,$8,$0,$0,$-2
19,2013-12-31,11.94,$6.17,1.94,$21.45,0.56,$3.51,3.4,$0.45,26.53,$0.16B,$0.04B,4.33,$0.05B,$0.11B,0.43,$0.38B,$0.09B,22.25%,$0.38B,$0.02B,4.19%,$0.38B,$0.02B,4.19%,$0.38B,$0.02B,5.24%,$0.38B,$0.02B,4.19%,$0.38B,$0.01B,2.09%,$0.01B,$0.11B,7.17%,$0.01B,$0.08B,10.09%,$0.01B,$0.20B,4.19%,$0.02B,$0.16B,10.09%,$94,$74,$21,$0,$8,$89,$5,$-0,$5,$2,$3,$3,$3,$6,$5,$18,18,$0.17,$0.17,$0,$96,$0,$160,$8,$0,$28,$0,$36,$196,$37,$48,$0,$48,$85,$0,$105,$0,$111,$196,$8,$4,$7,$10,$6,$-12,$1,$5,$2,$21,$-3,$0,$0,$0,$0,$0,$0,$-3,$-11,$0,$-11,$0,$0,$-7,$0,$-18,$-0,$0,$-7
20,2013-09-30,11.9,$6.09,1.95,$22.03,0.54,$2.31,5.15,$0.52,22.89,$0.15B,$0.03B,4.91,$0.05B,$0.11B,0.41,$0.39B,$0.09B,21.94%,$0.39B,$0.02B,4.59%,$0.39B,$0.02B,4.59%,$0.39B,$0.02B,5.61%,$0.39B,$0.02B,4.59%,$0.39B,$0.01B,2.30%,$0.01B,$0.11B,8.11%,$0.01B,$0.08B,11.76%,$0.01B,$0.19B,4.71%,$0.02B,$0.15B,11.20%,$95,$74,$21,$0,$8,$97,$-2,$-0,$-2,$1,$-3,$-3,$-3,$-1,$-2,$18,18,$-0.18,$-0.18,$0,$80,$0,$151,$6,$0,$28,$0,$34,$185,$31,$45,$0,$45,$76,$0,$103,$0,$109,$185,$5,$3,$7,$9,$-1,$4,$2,$4,$5,$20,$-1,$0,$0,$0,$0,$0,$0,$-1,$-14,$0,$-14,$-0,$-0,$-6,$1,$-19,$-0,$0,$-6
21,2013-06-30,12.15,$6.37,1.91,$22.09,0.55,$0.56,21.52,$0.94,12.92,$0.15B,$0.03B,4.73,$0.05B,$0.11B,0.41,$0.39B,$0.09B,22.14%,$0.39B,$0.03B,6.87%,$0.39B,$0.03B,6.87%,$0.39B,$0.03B,7.89%,$0.39B,$0.03B,6.87%,$0.39B,$0.02B,4.07%,$0.02B,$0.11B,14.51%,$0.02B,$0.08B,21.77%,$0.02B,$0.20B,8.18%,$0.03B,$0.16B,16.36%,$99,$78,$22,$0,$8,$92,$7,$-0,$7,$3,$4,$4,$4,$8,$7,$18,18,$0.23,$0.23,$0,$84,$0,$153,$6,$0,$36,$0,$42,$195,$32,$47,$0,$48,$81,$0,$109,$0,$114,$195,$8,$2,$0,$2,$1,$1,$-0,$6,$5,$15,$-1,$0,$0,$0,$0,$0,$0,$-1,$-12,$0,$-12,$-0,$-0,$-4,$0,$-15,$-0,$0,$-4
22,2013-03-31,11.28,$6.24,1.81,$22.05,0.51,$-0.79,0.0,$0.96,11.75,$0.15B,$0.03B,5.58,$0.05B,$0.11B,0.43,$0.39B,$0.09B,22.19%,$0.39B,$0.03B,7.14%,$0.39B,$0.03B,7.14%,$0.39B,$0.03B,8.16%,$0.39B,$0.03B,6.89%,$0.39B,$0.02B,4.08%,$0.02B,$0.11B,14.88%,$0.02B,$0.08B,22.78%,$0.02B,$0.19B,8.22%,$0.03B,$0.16B,16.89%,$94,$73,$21,$0,$8,$88,$6,$-0,$6,$2,$4,$4,$4,$7,$6,$18,18,$0.22,$0.22,$0,$82,$0,$145,$6,$0,$37,$0,$43,$187,$26,$48,$0,$50,$76,$0,$106,$0,$112,$187,$4,$1,$-0,$1,$7,$3,$-2,$4,$7,$12,$-0,$0,$0,$0,$0,$0,$0,$-0,$-11,$0,$-11,$-0,$-0,$-2,$0,$-12,$-0,$0,$-2
23,2012-12-31,10.61,$6.09,1.74,$22.07,0.48,$-1.74,0.0,$0.97,10.94,$0.15B,$0.03B,5.56,$0.06B,$0.11B,0.54,$0.39B,$0.09B,22.19%,$0.39B,$0.03B,7.40%,$0.39B,$0.03B,7.40%,$0.39B,$0.03B,8.42%,$0.39B,$0.03B,7.14%,$0.39B,$0.02B,4.08%,$0.02B,$0.11B,15.31%,$0.02B,$0.07B,23.88%,$0.02B,$0.20B,8.14%,$0.03B,$0.17B,17.63%,$104,$82,$22,$0,$8,$97,$7,$-0,$7,$3,$4,$4,$4,$8,$7,$18,18,$0.24,$0.24,$0,$85,$0,$154,$6,$0,$37,$0,$43,$197,$28,$59,$0,$60,$88,$0,$104,$0,$109,$197,$17,$4,$-0,$4,$-6,$-16,$2,$-2,$-24,$-3,$-1,$0,$0,$0,$0,$0,$0,$-1,$11,$0,$11,$0,$0,$-6,$0,$4,$0,$0,$-6
24,2012-09-30,9.22,$5.95,1.55,$21.12,0.44,$-0.75,0.0,$0.89,10.36,$0.16B,$0.03B,5.29,$0.07B,$0.11B,0.61,$0.38B,$0.09B,22.67%,$0.38B,$0.03B,7.20%,$0.38B,$0.03B,7.20%,$0.38B,$0.03B,8.27%,$0.38B,$0.03B,6.93%,$0.38B,$0.02B,4.00%,$0.02B,$0.11B,14.78%,$0.02B,$0.07B,23.53%,$0.02B,$0.20B,7.81%,$0.03B,$0.17B,17.01%,$96,$75,$22,$0,$7,$89,$7,$-0,$7,$3,$4,$4,$4,$8,$7,$18,18,$0.24,$0.24,$0,$89,$0,$160,$6,$0,$37,$0,$44,$203,$30,$65,$0,$67,$97,$0,$101,$0,$106,$203,$13,$3,$-0,$3,$-7,$-20,$3,$1,$-27,$-12,$-1,$0,$0,$0,$0,$0,$0,$-1,$17,$0,$17,$0,$0,$-5,$0,$12,$0,$0,$-5
25,2012-06-30,9.3,$5.79,1.61,$21.66,0.43,$-0.14,0.0,$0.93,10.0,$0.15B,$0.03B,5.59,$0.06B,$0.10B,0.59,$0.39B,$0.09B,22.34%,$0.39B,$0.03B,7.27%,$0.39B,$0.03B,7.27%,$0.39B,$0.03B,8.31%,$0.39B,$0.03B,7.01%,$0.39B,$0.02B,4.16%,$0.02B,$0.10B,16.12%,$0.02B,$0.07B,26.23%,$0.02B,$0.19B,8.42%,$0.03B,$0.16B,18.01%,$98,$76,$22,$0,$8,$91,$8,$-0,$7,$3,$4,$4,$4,$9,$8,$18,18,$0.25,$0.25,$0,$82,$0,$148,$6,$0,$38,$0,$44,$192,$26,$60,$0,$62,$89,$0,$99,$0,$103,$192,$8,$2,$0,$2,$-3,$-13,$2,$0,$-20,$-9,$-0,$0,$0,$0,$0,$0,$0,$-0,$12,$0,$12,$0,$0,$-3,$0,$9,$0,$0,$-3
26,2012-03-31,11.72,$5.62,2.09,$21.96,0.53,$-0.04,0.0,$1.06,11.06,$0.15B,$0.04B,4.0,$0.06B,$0.10B,0.55,$0.39B,$0.09B,22.56%,$0.39B,$0.03B,8.21%,$0.39B,$0.03B,8.21%,$0.39B,$0.03B,8.72%,$0.39B,$0.03B,7.95%,$0.39B,$0.02B,4.87%,$0.02B,$0.10B,19.64%,$0.02B,$0.06B,32.62%,$0.02B,$0.19B,9.95%,$0.03B,$0.16B,20.75%,$94,$73,$21,$0,$7,$88,$7,$-0,$7,$3,$4,$4,$4,$8,$7,$18,18,$0.23,$0.23,$0,$82,$0,$150,$6,$0,$38,$0,$44,$194,$37,$55,$0,$57,$94,$0,$96,$0,$100,$194,$4,$1,$-0,$1,$-5,$-12,$5,$3,$-10,$-5,$-0,$0,$0,$0,$0,$0,$0,$-0,$7,$0,$7,$0,$0,$-2,$0,$5,$0,$0,$-2
27,2011-12-31,11.59,$5.46,2.12,$22.27,0.52,$0.09,129.61,$1.10,10.53,$0.13B,$0.03B,4.26,$0.05B,$0.10B,0.49,$0.40B,$0.09B,22.47%,$0.40B,$0.03B,8.33%,$0.40B,$0.03B,8.33%,$0.40B,$0.04B,8.84%,$0.40B,$0.03B,8.08%,$0.40B,$0.02B,5.05%,$0.02B,$0.10B,21.22%,$0.02B,$0.06B,36.20%,$0.02B,$0.18B,10.55%,$0.03B,$0.15B,21.60%,$87,$68,$20,$0,$8,$82,$5,$-0,$5,$2,$3,$3,$3,$6,$5,$18,18,$0.17,$0.18,$0,$70,$0,$134,$6,$0,$39,$0,$45,$179,$31,$48,$0,$50,$82,$0,$94,$0,$97,$179,$20,$2,$1,$3,$8,$-3,$-10,$-1,$-9,$14,$-1,$0,$-0,$0,$0,$0,$0,$-1,$-7,$0,$-7,$0,$0,$-6,$-0,$-13,$0,$0,$-6
28,2011-09-30,9.55,$5.45,1.75,$22.64,0.42,$0.45,21.23,$1.09,8.77,$0.15B,$0.03B,4.37,$0.06B,$0.10B,0.63,$0.40B,$0.09B,22.08%,$0.40B,$0.03B,8.19%,$0.40B,$0.03B,8.19%,$0.40B,$0.04B,8.68%,$0.40B,$0.03B,7.94%,$0.40B,$0.02B,4.96%,$0.02B,$0.10B,21.86%,$0.02B,$0.06B,38.65%,$0.02B,$0.20B,10.47%,$0.03B,$0.16B,21.75%,$106,$83,$23,$0,$8,$97,$8,$-0,$8,$3,$5,$5,$5,$9,$8,$18,18,$0.28,$0.28,$0,$74,$0,$149,$6,$0,$39,$0,$46,$195,$34,$61,$0,$64,$98,$0,$92,$0,$97,$195,$17,$1,$1,$2,$-2,$-7,$-6,$-1,$-20,$-1,$-1,$0,$-0,$0,$0,$0,$0,$-1,$6,$0,$6,$0,$0,$-5,$0,$2,$0,$0,$-5
29,2011-06-30,12.84,$5.25,2.45,$21.81,0.59,$1.45,8.83,$0.94,13.66,$0.15B,$0.04B,4.21,$0.07B,$0.09B,0.7,$0.39B,$0.08B,21.65%,$0.39B,$0.03B,7.47%,$0.39B,$0.03B,7.47%,$0.39B,$0.03B,7.99%,$0.39B,$0.03B,7.22%,$0.39B,$0.02B,4.38%,$0.02B,$0.09B,19.26%,$0.02B,$0.05B,35.42%,$0.02B,$0.20B,9.04%,$0.03B,$0.16B,19.73%,$103,$80,$24,$0,$5,$92,$12,$-0,$11,$4,$7,$7,$7,$11,$12,$18,18,$0.39,$0.38,$0,$80,$0,$150,$6,$0,$40,$0,$46,$196,$36,$66,$0,$67,$103,$0,$89,$0,$93,$196,$12,$0,$1,$1,$2,$-13,$-5,$-1,$-20,$-7,$-0,$0,$-0,$0,$0,$0,$0,$-1,$11,$0,$11,$0,$0,$-3,$0,$8,$0,$0,$-3
30,2011-03-31,12.01,$5.05,2.38,$19.58,0.61,$2.52,4.76,$0.66,18.2,$0.14B,$0.04B,3.72,$0.06B,$0.09B,0.66,$0.35B,$0.07B,20.98%,$0.35B,$0.02B,5.75%,$0.35B,$0.02B,5.75%,$0.35B,$0.02B,6.90%,$0.35B,$0.02B,5.75%,$0.35B,$0.01B,3.45%,$0.01B,$0.09B,14.04%,$0.01B,$0.05B,26.23%,$0.01B,$0.19B,6.58%,$0.02B,$0.15B,14.04%,$100,$77,$22,$0,$7,$92,$8,$-0,$8,$3,$5,$5,$5,$9,$8,$18,18,$0.27,$0.27,$0,$74,$0,$142,$6,$0,$40,$0,$46,$188,$38,$59,$0,$60,$98,$0,$84,$0,$90,$188,$5,$1,$-0,$1,$3,$-6,$-2,$-1,$-8,$-3,$-0,$0,$-0,$0,$0,$0,$0,$-1,$5,$0,$5,$0,$0,$-2,$0,$3,$0,$0,$-2
31,2010-12-31,10.97,$4.83,2.27,$17.42,0.63,$3.25,3.38,$0.49,22.39,$0.14B,$0.04B,3.16,$0.06B,$0.09B,0.64,$0.31B,$0.06B,20.71%,$0.31B,$0.02B,4.85%,$0.31B,$0.02B,4.85%,$0.31B,$0.02B,6.15%,$0.31B,$0.02B,4.85%,$0.31B,$0.01B,2.91%,$0.01B,$0.09B,10.78%,$0.01B,$0.05B,16.98%,$0.01B,$0.19B,5.52%,$0.02B,$0.14B,11.72%,$94,$74,$20,$0,$8,$88,$5,$-0,$5,$2,$3,$3,$3,$6,$5,$18,18,$0.16,$0.16,$0,$68,$0,$139,$6,$0,$41,$0,$47,$185,$44,$55,$0,$56,$100,$0,$80,$0,$86,$185,$9,$4,$-1,$3,$-10,$1,$5,$5,$7,$19,$0,$0,$-51,$0,$0,$0,$0,$-51,$37,$0,$37,$0,$0,$-6,$0,$31,$0,$0,$-6
32,2010-09-30,8.13,$4.72,1.72,$15.74,0.52,$3.16,2.57,$0.44,18.48,$0.13B,$0.04B,3.23,$0.06B,$0.08B,0.66,$0.28B,$0.06B,20.43%,$0.28B,$0.01B,4.66%,$0.28B,$0.01B,4.66%,$0.28B,$0.02B,6.09%,$0.28B,$0.01B,4.66%,$0.28B,$0.01B,2.87%,$0.01B,$0.08B,9.73%,$0.01B,$0.04B,13.06%,$0.01B,$0.18B,5.43%,$0.01B,$0.14B,11.09%,$91,$73,$18,$0,$7,$86,$4,$-0,$4,$2,$2,$2,$2,$5,$4,$18,18,$0.13,$0.13,$0,$65,$0,$134,$7,$0,$41,$0,$49,$183,$42,$56,$0,$58,$99,$0,$79,$0,$84,$183,$6,$3,$-0,$2,$-7,$3,$6,$3,$9,$17,$-0,$0,$-50,$0,$0,$0,$0,$-50,$38,$0,$38,$0,$0,$-5,$0,$34,$0,$0,$-5
33,2010-06-30,8.72,$4.64,1.88,$14.22,0.61,$3.24,2.69,$0.44,19.83,$0.13B,$0.03B,4.0,$0.06B,$0.08B,0.72,$0.25B,$0.05B,20.63%,$0.25B,$0.01B,5.16%,$0.25B,$0.01B,5.16%,$0.25B,$0.02B,6.35%,$0.25B,$0.01B,5.16%,$0.25B,$0.01B,3.17%,$0.01B,$0.08B,9.85%,$0.01B,$0.05B,11.43%,$0.01B,$0.17B,6.03%,$0.01B,$0.14B,12.18%,$63,$51,$13,$0,$5,$60,$3,$-0,$3,$1,$2,$2,$2,$4,$3,$18,18,$0.10,$0.10,$0,$66,$0,$127,$7,$0,$38,$0,$46,$173,$32,$59,$0,$59,$91,$0,$78,$0,$82,$173,$3,$1,$-0,$1,$0,$3,$4,$3,$7,$12,$-0,$0,$-50,$0,$0,$0,$0,$-50,$42,$0,$42,$0,$0,$-3,$0,$39,$0,$0,$-3
34,2010-03-31,9.24,$4.60,2.01,$14.15,0.65,$3.47,2.67,$0.44,21.01,$0.10B,$0.02B,4.97,$0.01B,$0.08B,0.11,$0.25B,$0.05B,20.72%,$0.25B,$0.01B,5.18%,$0.25B,$0.01B,5.18%,$0.25B,$0.02B,6.37%,$0.25B,$0.01B,5.18%,$0.25B,$0.01B,3.19%,$0.01B,$0.08B,9.94%,$0.01B,$0.08B,10.29%,$0.01B,$0.11B,6.64%,$0.01B,$0.09B,14.25%,$61,$49,$13,$0,$5,$58,$3,$-0,$3,$1,$2,$2,$2,$4,$3,$18,18,$0.10,$0.10,$0,$56,$0,$103,$3,$0,$2,$0,$9,$111,$21,$9,$0,$9,$30,$0,$78,$0,$82,$111,$2,$1,$-0,$1,$3,$5,$-2,$2,$8,$10,$-0,$0,$0,$0,$0,$0,$0,$-0,$-8,$0,$-8,$0,$0,$-2,$0,$-10,$0,$0,$-2
35,2009-12-31,9.44,$4.56,2.07,$14.43,0.65,$3.40,2.78,$0.46,20.52,$0.11B,$0.02B,4.79,$0.02B,$0.08B,0.22,$0.26B,$0.05B,20.70%,$0.26B,$0.01B,5.47%,$0.26B,$0.01B,5.47%,$0.26B,$0.02B,6.25%,$0.26B,$0.01B,5.08%,$0.26B,$0.01B,3.13%,$0.01B,$0.08B,10.06%,$0.01B,$0.08B,10.42%,$0.01B,$0.12B,6.52%,$0.01B,$0.10B,14.97%,$64,$51,$13,$0,$5,$60,$3,$-0,$3,$1,$2,$2,$2,$4,$3,$18,18,$0.11,$0.10,$0,$61,$0,$114,$3,$0,$2,$0,$8,$122,$24,$17,$0,$17,$41,$0,$78,$0,$81,$122,$8,$3,$-0,$3,$4,$12,$2,$-7,$8,$19,$-0,$0,$0,$0,$0,$0,$0,$-0,$-12,$0,$-12,$0,$0,$-6,$0,$-18,$0,$0,$-6
36,2009-09-30,8.69,$4.53,1.92,$15.05,0.58,$3.81,2.28,$0.50,17.39,$0.12B,$0.03B,4.13,$0.02B,$0.08B,0.21,$0.27B,$0.06B,20.97%,$0.27B,$0.02B,5.99%,$0.27B,$0.02B,5.99%,$0.27B,$0.02B,6.74%,$0.27B,$0.01B,5.24%,$0.27B,$0.01B,3.37%,$0.01B,$0.08B,11.46%,$0.01B,$0.08B,11.88%,$0.01B,$0.13B,7.14%,$0.02B,$0.10B,16.75%,$64,$50,$13,$0,$5,$60,$4,$-0,$4,$1,$2,$2,$2,$4,$4,$18,18,$0.13,$0.13,$0,$72,$0,$117,$3,$0,$2,$0,$8,$125,$28,$17,$0,$17,$45,$0,$77,$0,$80,$125,$6,$2,$-0,$2,$9,$1,$4,$-3,$10,$18,$-0,$0,$0,$0,$0,$0,$0,$-0,$-13,$0,$-13,$0,$0,$-5,$0,$-18,$0,$0,$-5
37,2009-06-30,9.3,$4.46,2.09,$17.04,0.55,$3.61,2.58,$0.74,12.56,$0.12B,$0.05B,2.55,$0.00B,$0.08B,0.0,$0.30B,$0.07B,21.85%,$0.30B,$0.02B,7.62%,$0.30B,$0.02B,7.62%,$0.30B,$0.03B,8.61%,$0.30B,$0.02B,6.95%,$0.30B,$0.01B,4.64%,$0.01B,$0.08B,18.12%,$0.01B,$0.08B,18.86%,$0.01B,$0.12B,10.61%,$0.02B,$0.08B,23.00%,$62,$49,$13,$0,$5,$59,$3,$-0,$3,$1,$2,$2,$2,$4,$3,$18,18,$0.10,$0.10,$0,$72,$0,$115,$3,$0,$3,$0,$8,$124,$45,$0,$0,$0,$45,$0,$76,$0,$79,$124,$4,$2,$-0,$1,$10,$1,$4,$-3,$10,$16,$-0,$0,$0,$0,$0,$0,$0,$-0,$-12,$0,$-12,$0,$0,$-3,$0,$-15,$0,$0,$-3
38,2009-03-31,6.01,$4.41,1.36,$19.00,0.32,$2.83,2.12,$1.08,5.56,$0.11B,$0.02B,5.62,$0.02B,$0.08B,0.29,$0.34B,$0.08B,22.85%,$0.34B,$0.03B,9.79%,$0.34B,$0.03B,9.79%,$0.34B,$0.04B,10.68%,$0.34B,$0.03B,9.20%,$0.34B,$0.02B,5.93%,$0.02B,$0.08B,26.67%,$0.02B,$0.08B,27.78%,$0.02B,$0.12B,14.52%,$0.03B,$0.10B,29.86%,$66,$52,$14,$0,$6,$62,$4,$-0,$3,$1,$2,$2,$2,$4,$4,$18,18,$0.12,$0.12,$0,$68,$0,$112,$3,$0,$3,$0,$8,$120,$20,$23,$0,$23,$42,$0,$76,$0,$78,$120,$2,$1,$-0,$1,$9,$6,$-3,$-4,$6,$9,$-0,$0,$0,$0,$0,$0,$0,$-0,$-7,$0,$-7,$0,$0,$-2,$0,$-9,$0,$0,$-2
39,2008-12-31,7.13,$4.34,1.64,$20.21,0.35,$2.76,2.58,$1.33,5.36,$0.13B,$0.03B,4.47,$0.03B,$0.08B,0.39,$0.36B,$0.09B,23.89%,$0.36B,$0.04B,11.11%,$0.36B,$0.04B,11.11%,$0.36B,$0.04B,12.22%,$0.36B,$0.04B,10.83%,$0.36B,$0.03B,6.94%,$0.03B,$0.08B,34.60%,$0.03B,$0.07B,36.10%,$0.03B,$0.14B,17.64%,$0.04B,$0.11B,35.71%,$75,$59,$16,$0,$6,$70,$5,$-0,$4,$2,$3,$3,$3,$6,$5,$18,18,$0.15,$0.15,$0,$73,$0,$127,$3,$0,$2,$0,$8,$135,$28,$30,$0,$30,$58,$0,$76,$0,$77,$135,$24,$3,$-1,$2,$7,$-4,$-2,$1,$1,$26,$-1,$0,$0,$0,$0,$0,$0,$-1,$-5,$0,$-5,$-15,$-15,$-6,$0,$-26,$0,$0,$-6
40,2008-09-30,13.02,$4.24,3.07,$20.36,0.64,$2.26,5.77,$1.50,8.68,$0.14B,$0.03B,4.18,$0.04B,$0.08B,0.54,$0.37B,$0.09B,24.60%,$0.37B,$0.05B,12.03%,$0.37B,$0.05B,12.03%,$0.37B,$0.05B,13.10%,$0.37B,$0.05B,12.03%,$0.37B,$0.03B,7.49%,$0.03B,$0.08B,39.58%,$0.03B,$0.07B,41.33%,$0.03B,$0.15B,19.61%,$0.05B,$0.12B,40.18%,$99,$76,$23,$0,$6,$88,$11,$-0,$11,$4,$7,$7,$7,$12,$11,$18,18,$0.37,$0.37,$0,$71,$0,$140,$3,$0,$3,$0,$8,$149,$34,$40,$0,$40,$74,$0,$74,$0,$75,$149,$21,$2,$-0,$2,$-9,$-2,$4,$0,$-8,$14,$-0,$0,$0,$0,$0,$0,$0,$-0,$6,$0,$6,$-15,$-15,$-5,$0,$-14,$0,$0,$-5
41,2008-06-30,15.03,$3.97,3.79,$19.61,0.77,$2.02,7.42,$1.54,9.76,$0.14B,$0.03B,5.29,$0.05B,$0.07B,0.72,$0.37B,$0.09B,25.13%,$0.37B,$0.05B,12.83%,$0.37B,$0.05B,12.83%,$0.37B,$0.05B,13.64%,$0.37B,$0.05B,12.57%,$0.37B,$0.03B,7.75%,$0.03B,$0.07B,40.42%,$0.03B,$0.07B,42.18%,$0.03B,$0.15B,20.71%,$0.05B,$0.12B,43.64%,$97,$73,$24,$0,$6,$84,$13,$-0,$13,$5,$8,$8,$8,$14,$13,$18,18,$0.44,$0.44,$1,$72,$0,$139,$3,$0,$3,$0,$8,$147,$26,$50,$0,$50,$77,$0,$69,$0,$70,$147,$14,$1,$-0,$1,$-5,$-3,$3,$-4,$-14,$2,$-0,$0,$0,$0,$0,$0,$0,$-0,$16,$0,$16,$-14,$-14,$-3,$0,$-1,$1,$0,$-3
42,2008-03-31,12.04,$3.74,3.22,$18.38,0.66,$2.15,5.6,$1.50,8.03,$0.13B,$0.03B,4.32,$0.04B,$0.07B,0.59,$0.37B,$0.09B,25.68%,$0.37B,$0.05B,13.39%,$0.37B,$0.05B,13.39%,$0.37B,$0.05B,14.21%,$0.37B,$0.05B,13.11%,$0.37B,$0.03B,7.92%,$0.03B,$0.07B,36.59%,$0.03B,$0.06B,38.03%,$0.03B,$0.14B,21.28%,$0.05B,$0.11B,46.12%,$89,$67,$23,$0,$6,$78,$11,$-1,$11,$4,$7,$7,$7,$12,$11,$18,18,$0.37,$0.37,$0,$70,$0,$128,$3,$0,$3,$0,$8,$136,$30,$39,$0,$39,$69,$0,$63,$0,$67,$136,$7,$1,$-0,$0,$2,$-0,$1,$-2,$1,$8,$-0,$0,$0,$0,$0,$0,$0,$-0,$5,$0,$5,$-11,$-11,$-2,$0,$-8,$0,$0,$-2
43,2007-12-31,10.57,$3.83,2.76,$17.34,0.61,$2.10,5.04,$1.48,7.14,$0.13B,$0.03B,3.93,$0.04B,$0.07B,0.49,$0.36B,$0.09B,26.18%,$0.36B,$0.05B,13.93%,$0.36B,$0.05B,13.93%,$0.36B,$0.05B,14.48%,$0.36B,$0.05B,13.65%,$0.36B,$0.03B,8.08%,$0.03B,$0.07B,34.12%,$0.03B,$0.07B,35.37%,$0.03B,$0.14B,21.76%,$0.05B,$0.11B,48.43%,$89,$67,$22,$0,$6,$79,$10,$-1,$10,$4,$6,$6,$6,$11,$10,$20,20,$0.33,$0.32,$0,$69,$0,$131,$3,$0,$3,$0,$8,$139,$33,$35,$0,$35,$68,$0,$58,$0,$71,$139,$30,$2,$-1,$2,$-6,$-13,$1,$2,$-12,$20,$-1,$0,$0,$0,$0,$0,$0,$-1,$22,$0,$22,$-40,$-40,$-3,$1,$-19,$0,$0,$-3
44,2007-09-30,13.47,$4.05,3.33,$17.34,0.78,$1.12,12.04,$1.55,8.69,$0.13B,$0.03B,4.28,$0.03B,$0.08B,0.36,$0.35B,$0.10B,27.20%,$0.35B,$0.05B,15.30%,$0.35B,$0.05B,15.30%,$0.35B,$0.06B,15.58%,$0.35B,$0.05B,14.73%,$0.35B,$0.03B,8.78%,$0.03B,$0.08B,35.33%,$0.03B,$0.08B,36.58%,$0.03B,$0.14B,24.27%,$0.05B,$0.11B,53.87%,$99,$74,$25,$0,$6,$85,$14,$-0,$13,$5,$8,$8,$8,$14,$14,$20,20,$0.41,$0.41,$0,$60,$0,$131,$3,$0,$3,$0,$7,$138,$31,$29,$0,$29,$59,$0,$53,$0,$79,$138,$24,$2,$-1,$1,$-16,$-4,$5,$1,$-13,$12,$-0,$0,$0,$0,$0,$0,$0,$-0,$17,$0,$17,$-28,$-28,$-2,$1,$-11,$0,$0,$-2
45,2007-06-30,21.04,$4.74,4.44,$16.79,1.25,$0.31,68.42,$1.59,13.24,$0.13B,$0.03B,4.77,$0.01B,$0.10B,0.06,$0.34B,$0.10B,28.20%,$0.34B,$0.06B,16.28%,$0.34B,$0.06B,16.28%,$0.34B,$0.06B,16.57%,$0.34B,$0.05B,15.70%,$0.34B,$0.03B,9.30%,$0.03B,$0.10B,37.10%,$0.03B,$0.10B,38.44%,$0.03B,$0.13B,25.86%,$0.06B,$0.11B,58.95%,$89,$65,$24,$0,$5,$75,$14,$-0,$14,$5,$8,$8,$8,$15,$14,$21,21,$0.40,$0.40,$0,$64,$0,$125,$3,$0,$3,$0,$7,$132,$26,$6,$0,$6,$32,$0,$46,$0,$100,$132,$16,$1,$-1,$0,$-5,$-8,$3,$1,$-11,$5,$-0,$0,$0,$0,$0,$0,$0,$-0,$-6,$0,$-6,$0,$0,$0,$1,$-5,$0,$0,$0
46,2007-03-31,20.76,$4.29,4.83,$17.45,1.19,$-0.23,0.0,$1.67,12.43,$0.12B,$0.03B,3.86,$0.00B,$0.09B,0.04,$0.34B,$0.10B,28.91%,$0.34B,$0.06B,16.81%,$0.34B,$0.06B,16.81%,$0.34B,$0.06B,16.81%,$0.34B,$0.05B,15.63%,$0.34B,$0.03B,9.44%,$0.03B,$0.09B,41.42%,$0.03B,$0.09B,43.10%,$0.03B,$0.12B,26.78%,$0.06B,$0.09B,67.46%,$82,$59,$23,$0,$6,$70,$12,$-0,$12,$5,$7,$7,$7,$12,$12,$21,21,$0.35,$0.35,$0,$64,$0,$117,$3,$0,$3,$0,$7,$124,$30,$4,$0,$4,$34,$0,$38,$0,$90,$124,$7,$0,$-0,$0,$1,$-7,$3,$2,$0,$8,$-0,$0,$0,$0,$0,$0,$0,$-0,$-8,$0,$-8,$0,$0,$0,$1,$-8,$0,$0,$0
