,Date,Stock Price,Book Value per Share,Price to Book Ratio,TTM Sales per Share,Price to Sales Ratio,TTM FCF per Share,Price to FCF Ratio,TTM Net EPS,PE Ratio,Current Assets,Current Liabilities,Current Ratio,Long Term Debt,Shareholder's Equity_x,Debt to Equity Ratio,TTM Revenue_x,TTM Gross Profit,Gross Margin,TTM Revenue_y,TTM Operating Income,Operating Margin,TTM Revenue_x,TTM EBIT,EBIT Margin,TTM Revenue_y,TTM EBITDA,EBITDA Margin,TTM Revenue_x,TTM Pre-Tax Income,Pre-Tax Margin,TTM Revenue_y,TTM Net Income_x,Net Margin,TTM Net Income_y,Shareholder's Equity_y,Return on Equity,TTM Net Income_x,Tangible Equity,Return on Tangible Equity,TTM Net Income_y,Total Assets,Return on Assets,TTM Net Income,LT Investments & Debt,Return on Investment,revenue,cost-goods-sold,gross-profit,research-development-expenses,selling-general-administrative-expenses,operating-expenses,operating-income,total-non-operating-income-expense,pre-tax-income,total-provision-income-taxes,income-after-taxes,income-from-continuous-operations,net-income,ebitda,ebit,basic-shares-outstanding,shares-outstanding,eps-basic-net-earnings-per-share,eps-earnings-per-share-diluted,cash-on-hand,inventory,other-current-assets,total-current-assets,net-property-plant-equipment,long-term-investments,goodwill-intangible-assets-total,other-long-term-assets,total-long-term-assets,total-assets,total-current-liabilities,long-term-debt,other-non-current-liabilities,total-long-term-liabilities,total-liabilities,common-stock-net,retained-earnings-accumulated-deficit,comprehensive-income,total-share-holder-equity,total-liabilities-share-holders-equity,net-income-loss,total-depreciation-amortization-cash-flow,other-non-cash-items,total-non-cash-items,change-in-accounts-receivable,change-in-inventories,change-in-accounts-payable,change-in-assets-liabilities,total-change-in-assets-liabilities,cash-flow-from-operating-activities,net-change-in-property-plant-equipment,net-change-in-intangible-assets,net-acquisitions-divestitures,net-change-in-short-term-investments,net-change-in-long-term-investments,net-change-in-investments-total,investing-activities-other,cash-flow-from-investing-activities,net-long-term-debt,net-current-debt,debt-issuance-retirement-net-total,net-common-equity-issued-repurchased,net-total-equity-issued-repurchased,total-common-preferred-stock-dividends-paid,financial-activities-other,cash-flow-from-financial-activities,net-cash-flow,stock-based-compensation,common-stock-dividends-paid
0,2018-09-30,41.45,$20.39,2.03,$50.60,0.82,$2.87,14.47,$-0.35,0.0,$0.14B,$0.06B,2.38,$0.08B,$0.22B,0.35,$0.54B,$0.09B,16.85%,$0.54B,$-0.01B,-1.30%,$0.54B,$-0.01B,-1.30%,$0.54B,$0.05B,10.00%,$0.54B,$-0.01B,-1.85%,$0.54B,$-0.00B,-0.74%,$-0.00B,$0.22B,-1.83%,$-0.00B,$0.09B,-4.98%,$-0.00B,$0.39B,-0.99%,$-0.01B,$0.29B,-2.26%,$145,$120,$26,$0,$15,$134,$11,$-1,$10,$3,$7,$7,$7,$16,$11,$11,11,$0.69,$0.69,$4,$68,$0,$140,$119,$0,$127,$4,$250,$390,$59,$76,$5,$113,$172,$1,$161,$1,$218,$390,$17,$11,$1,$12,$-3,$-8,$2,$1,$-4,$25,$-4,$0,$0,$0,$0,$0,$0,$-4,$-15,$0,$-15,$1,$1,$-7,$-0,$-22,$-1,$1,$-7
1,2018-06-30,35.15,$19.89,1.77,$48.81,0.72,$0.12,286.94,$-0.55,0.0,$0.14B,$0.06B,2.53,$0.09B,$0.21B,0.43,$0.52B,$0.09B,17.12%,$0.52B,$-0.01B,-1.73%,$0.52B,$-0.01B,-1.73%,$0.52B,$0.05B,10.19%,$0.52B,$-0.01B,-2.31%,$0.52B,$-0.01B,-1.15%,$-0.01B,$0.21B,-2.72%,$-0.01B,$0.08B,-8.45%,$-0.01B,$0.40B,-1.45%,$-0.01B,$0.30B,-2.83%,$150,$121,$28,$0,$15,$136,$13,$-1,$13,$3,$9,$9,$9,$19,$13,$11,11,$0.86,$0.85,$5,$66,$0,$143,$122,$0,$128,$4,$254,$397,$57,$91,$4,$128,$184,$1,$156,$1,$212,$397,$9,$6,$1,$6,$-4,$-7,$4,$-1,$-8,$7,$-2,$0,$0,$0,$0,$0,$0,$-2,$0,$0,$0,$1,$1,$-5,$-0,$-4,$0,$0,$-5
2,2018-03-31,34.95,$19.02,1.84,$47.39,0.74,$-2.04,0.0,$-0.85,0.0,$0.14B,$0.06B,2.23,$0.09B,$0.20B,0.45,$0.50B,$0.09B,17.26%,$0.50B,$-0.01B,-2.38%,$0.50B,$-0.01B,-2.38%,$0.50B,$0.05B,9.92%,$0.50B,$-0.02B,-3.17%,$0.50B,$-0.01B,-1.79%,$-0.01B,$0.20B,-4.02%,$-0.01B,$0.07B,-14.29%,$-0.01B,$0.39B,-2.13%,$-0.01B,$0.29B,-3.68%,$127,$109,$18,$0,$15,$163,$-36,$-1,$-37,$0,$-37,$-37,$-37,$9,$-36,$11,11,$-3.53,$-3.51,$5,$60,$0,$135,$124,$0,$130,$3,$256,$391,$61,$91,$4,$128,$189,$1,$147,$1,$202,$391,$-9,$62,$-14,$48,$-6,$-8,$4,$-1,$-12,$27,$-19,$0,$0,$0,$0,$0,$0,$-19,$-2,$0,$-2,$1,$1,$-9,$0,$-10,$-2,$1,$-9
3,2017-12-31,34.53,$22.88,1.51,$46.65,0.74,$-0.57,0.0,$3.05,11.32,$0.13B,$0.05B,2.74,$0.10B,$0.24B,0.43,$0.50B,$0.09B,18.35%,$0.50B,$0.03B,6.25%,$0.50B,$0.03B,6.25%,$0.50B,$0.05B,10.89%,$0.50B,$0.03B,5.65%,$0.50B,$0.03B,6.45%,$0.03B,$0.24B,14.04%,$0.03B,$0.07B,57.66%,$0.03B,$0.43B,7.46%,$0.03B,$0.35B,9.36%,$118,$99,$19,$0,$14,$113,$5,$-1,$4,$-13,$17,$17,$17,$10,$5,$11,11,$1.62,$1.61,$8,$63,$0,$133,$125,$0,$170,$2,$298,$431,$49,$104,$4,$139,$187,$1,$189,$0,$243,$431,$28,$17,$-16,$1,$-0,$-11,$-1,$-2,$-15,$15,$-17,$0,$0,$0,$0,$0,$0,$-17,$11,$0,$11,$1,$1,$-9,$0,$3,$1,$1,$-9
4,2017-09-30,40.02,$21.27,1.88,$46.17,0.87,$1.10,36.48,$1.78,22.49,$0.13B,$0.05B,2.52,$0.10B,$0.23B,0.46,$0.49B,$0.09B,18.98%,$0.49B,$0.03B,6.53%,$0.49B,$0.03B,6.53%,$0.49B,$0.06B,11.22%,$0.49B,$0.03B,5.92%,$0.49B,$0.02B,3.88%,$0.02B,$0.23B,8.58%,$0.02B,$0.05B,40.00%,$0.02B,$0.43B,4.47%,$0.03B,$0.33B,9.85%,$125,$101,$24,$0,$15,$116,$9,$-1,$8,$3,$5,$5,$5,$15,$9,$11,11,$0.49,$0.49,$4,$66,$0,$132,$126,$0,$172,$2,$300,$432,$52,$103,$3,$154,$206,$1,$172,$0,$226,$432,$11,$11,$1,$12,$-2,$-15,$-3,$0,$-19,$4,$-13,$0,$0,$0,$0,$0,$0,$-13,$9,$0,$9,$1,$1,$-4,$0,$5,$-3,$1,$-4
5,2017-06-30,44.95,$21.20,2.12,$45.85,0.98,$3.59,12.51,$1.97,22.82,$0.13B,$0.05B,2.99,$0.11B,$0.23B,0.5,$0.49B,$0.10B,19.75%,$0.49B,$0.04B,7.20%,$0.49B,$0.04B,7.20%,$0.49B,$0.06B,11.73%,$0.49B,$0.03B,6.79%,$0.49B,$0.02B,4.32%,$0.02B,$0.23B,9.62%,$0.02B,$0.05B,49.12%,$0.02B,$0.43B,4.97%,$0.04B,$0.34B,10.84%,$134,$108,$26,$0,$16,$123,$10,$-1,$9,$4,$6,$6,$6,$16,$10,$11,11,$0.55,$0.55,$3,$66,$0,$134,$123,$0,$173,$3,$299,$433,$45,$112,$4,$164,$209,$1,$172,$0,$225,$433,$6,$6,$0,$6,$-5,$-14,$-1,$-0,$-24,$-12,$-7,$0,$0,$0,$0,$0,$0,$-7,$18,$0,$18,$1,$1,$-4,$0,$14,$-4,$0,$-4
6,2017-03-31,47.52,$20.58,2.31,$45.70,1.04,$6.11,7.78,$2.14,22.21,$0.12B,$0.06B,2.17,$0.10B,$0.22B,0.43,$0.48B,$0.10B,20.29%,$0.48B,$0.04B,7.87%,$0.48B,$0.04B,7.87%,$0.48B,$0.06B,12.22%,$0.48B,$0.04B,7.45%,$0.48B,$0.02B,4.76%,$0.02B,$0.22B,10.72%,$0.02B,$0.04B,61.33%,$0.02B,$0.42B,5.45%,$0.04B,$0.31B,11.83%,$119,$97,$22,$0,$14,$111,$7,$-1,$7,$3,$4,$4,$4,$13,$7,$11,11,$0.40,$0.39,$7,$51,$0,$121,$122,$0,$174,$2,$298,$419,$56,$95,$2,$145,$201,$1,$166,$0,$218,$419,$23,$21,$2,$23,$2,$-4,$1,$-0,$-1,$45,$-21,$0,$-2,$0,$0,$0,$0,$-23,$-27,$0,$-27,$1,$1,$-9,$-1,$-35,$-13,$2,$-9
7,2016-12-31,51.86,$20.62,2.51,$46.75,1.11,$5.07,10.23,$2.20,23.57,$0.12B,$0.04B,2.79,$0.11B,$0.22B,0.48,$0.49B,$0.10B,20.45%,$0.49B,$0.04B,8.10%,$0.49B,$0.04B,8.10%,$0.49B,$0.06B,12.15%,$0.49B,$0.04B,7.49%,$0.49B,$0.02B,4.86%,$0.02B,$0.22B,11.41%,$0.02B,$0.04B,75.59%,$0.02B,$0.42B,5.63%,$0.04B,$0.32B,12.33%,$112,$91,$21,$0,$15,$106,$6,$-1,$5,$2,$4,$4,$4,$11,$6,$11,11,$0.34,$0.34,$8,$50,$0,$117,$120,$0,$176,$2,$298,$415,$42,$105,$2,$156,$197,$1,$166,$0,$217,$415,$18,$16,$2,$17,$7,$-3,$-7,$-1,$-5,$31,$-16,$0,$-2,$0,$0,$0,$0,$-18,$-17,$0,$-17,$1,$1,$-9,$0,$-25,$-12,$2,$-9
8,2016-09-30,41.65,$20.20,2.06,$44.54,0.94,$4.27,9.75,$1.94,21.47,$0.13B,$0.05B,2.38,$0.11B,$0.21B,0.5,$0.47B,$0.10B,20.21%,$0.47B,$0.04B,7.66%,$0.47B,$0.04B,7.66%,$0.47B,$0.05B,11.49%,$0.47B,$0.03B,7.23%,$0.47B,$0.02B,4.47%,$0.02B,$0.21B,10.19%,$0.02B,$0.04B,75.68%,$0.02B,$0.42B,4.91%,$0.04B,$0.32B,11.07%,$121,$94,$27,$0,$15,$109,$12,$-1,$12,$4,$7,$7,$7,$17,$12,$11,11,$0.68,$0.68,$17,$54,$0,$126,$118,$0,$178,$1,$297,$423,$53,$107,$2,$157,$210,$1,$163,$-0,$213,$423,$15,$10,$1,$11,$6,$-7,$-1,$2,$2,$28,$-10,$0,$-2,$0,$0,$0,$0,$-12,$-16,$0,$-16,$1,$1,$-4,$0,$-19,$-3,$1,$-4
9,2016-06-30,41.32,$19.91,2.08,$42.02,0.98,$3.61,11.43,$1.80,22.95,$0.13B,$0.05B,2.69,$0.12B,$0.21B,0.58,$0.44B,$0.09B,19.82%,$0.44B,$0.03B,7.66%,$0.44B,$0.03B,7.66%,$0.44B,$0.05B,11.26%,$0.44B,$0.03B,6.98%,$0.44B,$0.02B,4.50%,$0.02B,$0.21B,9.89%,$0.02B,$0.03B,32.26%,$0.02B,$0.43B,5.19%,$0.03B,$0.33B,11.54%,$131,$103,$28,$0,$15,$118,$13,$-1,$12,$5,$8,$8,$8,$18,$13,$11,11,$0.72,$0.72,$21,$47,$0,$133,$118,$0,$179,$2,$299,$432,$50,$122,$3,$173,$222,$1,$160,$-0,$210,$432,$8,$5,$0,$6,$2,$0,$0,$1,$1,$14,$-6,$0,$-2,$0,$0,$0,$0,$-8,$-1,$0,$-1,$1,$1,$-4,$0,$-5,$1,$1,$-4
10,2016-03-31,34.35,$19.12,1.8,$39.12,0.88,$3.10,11.08,$1.72,19.97,$0.14B,$0.06B,2.3,$0.12B,$0.20B,0.62,$0.41B,$0.08B,19.57%,$0.41B,$0.03B,7.73%,$0.41B,$0.03B,7.73%,$0.41B,$0.05B,11.11%,$0.41B,$0.03B,7.25%,$0.41B,$0.02B,4.59%,$0.02B,$0.20B,9.51%,$0.02B,$0.02B,19.24%,$0.02B,$0.44B,5.60%,$0.03B,$0.33B,12.21%,$130,$105,$25,$0,$16,$121,$9,$-1,$8,$3,$5,$5,$5,$14,$9,$11,11,$0.46,$0.46,$20,$48,$0,$137,$116,$0,$181,$2,$299,$436,$60,$124,$4,$176,$236,$1,$152,$-0,$201,$436,$18,$16,$3,$18,$-3,$-0,$4,$-0,$-0,$36,$-24,$0,$-159,$0,$32,$32,$0,$-151,$130,$0,$130,$-4,$-4,$-8,$-1,$116,$1,$2,$-8
11,2015-12-31,33.66,$19.06,1.77,$35.65,0.94,$2.51,13.39,$1.63,20.65,$0.13B,$0.06B,2.27,$0.13B,$0.20B,0.63,$0.38B,$0.07B,19.10%,$0.38B,$0.03B,7.69%,$0.38B,$0.03B,7.69%,$0.38B,$0.04B,11.14%,$0.38B,$0.03B,7.43%,$0.38B,$0.02B,4.77%,$0.02B,$0.20B,9.09%,$0.02B,$0.03B,13.19%,$0.02B,$0.42B,6.16%,$0.03B,$0.33B,12.65%,$88,$74,$15,$0,$13,$86,$2,$-0,$2,$1,$1,$1,$1,$5,$2,$10,11,$0.08,$0.08,$21,$49,$0,$130,$112,$3,$174,$0,$289,$419,$57,$125,$1,$162,$220,$1,$152,$-0,$200,$419,$13,$10,$1,$12,$4,$-2,$-2,$-1,$-1,$24,$-17,$0,$-151,$0,$29,$29,$0,$-139,$131,$0,$131,$-4,$-4,$-8,$-1,$117,$2,$1,$-8
12,2015-09-30,36.23,$18.94,1.91,$35.15,1.03,$2.53,14.3,$1.85,19.58,$0.11B,$0.04B,2.96,$0.00B,$0.20B,0.0,$0.37B,$0.07B,19.03%,$0.37B,$0.03B,8.58%,$0.37B,$0.03B,8.58%,$0.37B,$0.05B,12.06%,$0.37B,$0.03B,8.31%,$0.37B,$0.02B,5.36%,$0.02B,$0.20B,10.18%,$0.02B,$0.17B,11.56%,$0.02B,$0.25B,8.07%,$0.03B,$0.20B,16.28%,$95,$75,$20,$0,$10,$85,$10,$-0,$9,$4,$6,$6,$6,$13,$10,$11,11,$0.54,$0.54,$31,$41,$0,$112,$98,$17,$26,$0,$142,$253,$38,$0,$1,$17,$55,$1,$151,$-0,$198,$253,$12,$7,$1,$8,$3,$-4,$-0,$1,$0,$21,$-10,$0,$-4,$0,$4,$4,$-0,$-10,$0,$0,$0,$-4,$-4,$-4,$-0,$-9,$2,$1,$-4
13,2015-06-30,37.62,$18.95,1.98,$34.60,1.09,$1.83,20.61,$1.89,19.9,$0.11B,$0.03B,3.73,$0.00B,$0.20B,0.0,$0.37B,$0.07B,18.80%,$0.37B,$0.03B,8.72%,$0.37B,$0.03B,8.72%,$0.37B,$0.05B,12.26%,$0.37B,$0.03B,8.72%,$0.37B,$0.02B,5.45%,$0.02B,$0.20B,10.28%,$0.02B,$0.18B,11.51%,$0.02B,$0.25B,8.15%,$0.03B,$0.20B,16.45%,$101,$81,$21,$0,$10,$91,$11,$0,$11,$4,$7,$7,$7,$14,$11,$11,11,$0.64,$0.64,$32,$39,$0,$113,$95,$16,$23,$0,$135,$248,$30,$0,$1,$17,$48,$1,$149,$0,$200,$248,$7,$4,$0,$4,$1,$-2,$-1,$0,$-3,$8,$-5,$0,$0,$0,$2,$2,$-0,$-4,$0,$0,$0,$-1,$-1,$-4,$-0,$-5,$-1,$0,$-4
14,2015-03-31,35.38,$18.36,1.93,$34.29,1.03,$1.39,25.45,$1.82,19.44,$0.11B,$0.04B,3.15,$0.00B,$0.19B,0.0,$0.36B,$0.07B,18.13%,$0.36B,$0.03B,8.52%,$0.36B,$0.03B,8.52%,$0.36B,$0.04B,12.09%,$0.36B,$0.03B,8.52%,$0.36B,$0.02B,5.22%,$0.02B,$0.19B,9.93%,$0.02B,$0.17B,11.05%,$0.02B,$0.25B,7.82%,$0.03B,$0.19B,16.21%,$93,$78,$16,$0,$10,$87,$6,$0,$6,$2,$4,$4,$4,$10,$6,$11,11,$0.37,$0.36,$33,$37,$0,$114,$94,$17,$23,$0,$134,$248,$36,$0,$2,$18,$54,$1,$143,$-0,$194,$248,$19,$13,$1,$14,$-1,$-10,$1,$0,$-13,$21,$-14,$0,$-10,$0,$-2,$-2,$0,$-26,$0,$0,$0,$-1,$-1,$-8,$-0,$-9,$-15,$2,$-8
15,2014-12-31,39.96,$18.35,2.18,$33.56,1.19,$2.91,13.71,$1.85,21.6,$0.11B,$0.03B,3.63,$0.00B,$0.19B,0.0,$0.36B,$0.06B,17.98%,$0.36B,$0.03B,8.71%,$0.36B,$0.03B,8.71%,$0.36B,$0.04B,12.08%,$0.36B,$0.03B,8.71%,$0.36B,$0.02B,5.34%,$0.02B,$0.19B,10.09%,$0.02B,$0.17B,11.11%,$0.02B,$0.24B,7.91%,$0.03B,$0.19B,16.47%,$84,$70,$14,$0,$9,$79,$5,$0,$5,$2,$3,$3,$3,$8,$5,$11,11,$0.30,$0.30,$35,$37,$0,$110,$92,$16,$23,$0,$132,$242,$30,$0,$1,$18,$48,$1,$143,$-0,$194,$242,$15,$9,$1,$11,$5,$-10,$-1,$0,$-9,$17,$-10,$0,$-10,$0,$-3,$-3,$0,$-23,$0,$0,$0,$-1,$-1,$-8,$-0,$-9,$-14,$1,$-8
16,2014-09-30,33.16,$18.00,1.84,$33.37,0.99,$3.63,9.13,$1.88,17.64,$0.12B,$0.04B,3.29,$0.00B,$0.19B,0.0,$0.35B,$0.06B,18.08%,$0.35B,$0.03B,8.76%,$0.35B,$0.03B,8.76%,$0.35B,$0.04B,12.15%,$0.35B,$0.03B,8.76%,$0.35B,$0.02B,5.37%,$0.02B,$0.19B,10.27%,$0.02B,$0.18B,11.21%,$0.02B,$0.24B,8.00%,$0.03B,$0.19B,16.76%,$89,$71,$18,$0,$8,$79,$10,$-0,$10,$4,$6,$6,$6,$13,$10,$11,11,$0.58,$0.58,$42,$37,$0,$117,$91,$19,$16,$0,$126,$243,$35,$0,$1,$18,$53,$1,$140,$-0,$190,$243,$12,$6,$1,$7,$2,$-11,$0,$2,$-9,$10,$-6,$0,$0,$0,$-5,$-5,$0,$-11,$0,$0,$0,$-1,$-1,$-4,$-0,$-5,$-7,$1,$-4
17,2014-06-30,33.9,$17.75,1.91,$33.16,1.02,$4.10,8.27,$1.79,18.94,$0.11B,$0.03B,3.3,$0.00B,$0.19B,0.0,$0.35B,$0.06B,17.90%,$0.35B,$0.03B,8.24%,$0.35B,$0.03B,8.24%,$0.35B,$0.04B,11.93%,$0.35B,$0.03B,8.24%,$0.35B,$0.02B,5.11%,$0.02B,$0.19B,9.90%,$0.02B,$0.17B,10.81%,$0.02B,$0.24B,7.69%,$0.03B,$0.19B,15.96%,$98,$80,$18,$0,$9,$88,$10,$0,$10,$4,$6,$6,$6,$13,$10,$11,11,$0.57,$0.57,$35,$34,$0,$112,$90,$21,$16,$0,$127,$239,$34,$0,$1,$18,$52,$1,$137,$-0,$187,$239,$6,$3,$0,$3,$-2,$-8,$4,$1,$-8,$1,$-3,$0,$0,$0,$-4,$-4,$0,$-8,$0,$0,$0,$-1,$-1,$-4,$-0,$-6,$-12,$0,$-4
18,2014-03-31,33.53,$17.27,1.94,$32.89,1.02,$4.02,8.34,$1.70,19.72,$0.12B,$0.04B,3.2,$0.00B,$0.18B,0.0,$0.35B,$0.06B,17.77%,$0.35B,$0.03B,7.74%,$0.35B,$0.03B,7.74%,$0.35B,$0.04B,11.75%,$0.35B,$0.03B,7.74%,$0.35B,$0.02B,4.87%,$0.02B,$0.18B,9.51%,$0.02B,$0.17B,10.37%,$0.02B,$0.24B,7.38%,$0.03B,$0.18B,15.10%,$85,$71,$14,$0,$8,$79,$6,$-0,$6,$2,$4,$4,$4,$9,$6,$11,11,$0.41,$0.41,$47,$26,$0,$115,$90,$16,$16,$0,$123,$237,$36,$0,$2,$19,$55,$1,$131,$-0,$182,$237,$18,$13,$4,$16,$-2,$2,$0,$-1,$0,$35,$-12,$0,$-2,$0,$-9,$-9,$0,$-23,$0,$0,$0,$1,$1,$-7,$-0,$-7,$5,$1,$-7
19,2013-12-31,33.6,$17.15,1.96,$33.16,1.01,$2.76,12.18,$1.69,19.88,$0.11B,$0.03B,3.51,$0.00B,$0.18B,0.0,$0.35B,$0.06B,17.61%,$0.35B,$0.03B,7.67%,$0.35B,$0.03B,7.67%,$0.35B,$0.04B,11.65%,$0.35B,$0.03B,7.67%,$0.35B,$0.02B,4.83%,$0.02B,$0.18B,9.67%,$0.02B,$0.17B,10.54%,$0.02B,$0.23B,7.51%,$0.03B,$0.18B,15.36%,$82,$68,$14,$0,$8,$76,$5,$0,$5,$2,$3,$3,$3,$8,$5,$11,11,$0.33,$0.33,$42,$31,$0,$110,$91,$13,$16,$0,$121,$231,$31,$0,$2,$19,$50,$1,$131,$-0,$181,$231,$14,$10,$2,$12,$2,$-2,$-0,$-1,$-1,$25,$-10,$0,$-2,$0,$-6,$-6,$0,$-19,$0,$0,$0,$1,$1,$-7,$-0,$-7,$-1,$1,$-7
20,2013-09-30,34.1,$16.80,2.03,$33.57,1.02,$2.34,14.54,$1.49,22.88,$0.11B,$0.04B,3.2,$0.00B,$0.18B,0.0,$0.36B,$0.06B,15.73%,$0.36B,$0.02B,6.46%,$0.36B,$0.02B,6.46%,$0.36B,$0.04B,10.11%,$0.36B,$0.02B,6.46%,$0.36B,$0.02B,4.21%,$0.02B,$0.18B,8.68%,$0.02B,$0.16B,9.46%,$0.02B,$0.23B,6.70%,$0.02B,$0.18B,13.31%,$87,$70,$17,$0,$8,$78,$8,$-0,$8,$3,$5,$5,$5,$12,$8,$11,11,$0.49,$0.49,$44,$32,$0,$114,$90,$11,$14,$0,$115,$229,$36,$0,$1,$16,$52,$1,$127,$-0,$177,$229,$10,$7,$1,$7,$-1,$-3,$0,$1,$-3,$15,$-6,$0,$0,$0,$-5,$-5,$0,$-11,$0,$0,$0,$1,$1,$-4,$-0,$-3,$0,$1,$-4
21,2013-06-30,35.25,$16.62,2.12,$33.68,1.05,$2.67,13.2,$1.69,20.86,$0.11B,$0.03B,3.33,$0.00B,$0.18B,0.0,$0.36B,$0.06B,16.29%,$0.36B,$0.03B,7.58%,$0.36B,$0.03B,7.58%,$0.36B,$0.04B,10.67%,$0.36B,$0.03B,7.58%,$0.36B,$0.02B,4.78%,$0.02B,$0.18B,9.99%,$0.02B,$0.16B,10.91%,$0.02B,$0.22B,7.67%,$0.03B,$0.18B,15.86%,$95,$78,$17,$0,$9,$86,$8,$-0,$8,$3,$5,$5,$5,$12,$8,$11,11,$0.49,$0.48,$33,$35,$0,$108,$91,$10,$14,$0,$115,$224,$33,$0,$1,$16,$49,$1,$126,$-0,$175,$224,$5,$3,$1,$4,$-2,$-7,$2,$1,$-8,$1,$-4,$0,$0,$0,$-5,$-5,$0,$-9,$0,$0,$0,$0,$0,$-4,$-1,$-4,$-12,$0,$-4
22,2013-03-31,35.75,$16.21,2.2,$33.30,1.07,$3.86,9.25,$1.63,21.93,$0.11B,$0.04B,3.16,$0.00B,$0.17B,0.0,$0.35B,$0.06B,15.95%,$0.35B,$0.03B,7.41%,$0.35B,$0.03B,7.41%,$0.35B,$0.04B,9.97%,$0.35B,$0.03B,7.41%,$0.35B,$0.02B,4.56%,$0.02B,$0.17B,9.60%,$0.02B,$0.16B,10.51%,$0.02B,$0.22B,7.31%,$0.03B,$0.17B,15.59%,$88,$73,$14,$0,$8,$82,$6,$-0,$6,$2,$4,$4,$4,$9,$6,$10,11,$0.40,$0.38,$44,$28,$0,$111,$91,$6,$14,$0,$111,$222,$35,$0,$2,$17,$52,$1,$121,$-0,$170,$222,$17,$10,$6,$16,$2,$-1,$-1,$-1,$2,$35,$-26,$0,$-0,$0,$-4,$-4,$0,$-30,$0,$0,$0,$1,$1,$-7,$1,$-5,$0,$2,$-7
23,2012-12-31,34.28,$16.08,2.13,$32.98,1.04,$4.34,7.9,$1.58,21.7,$0.11B,$0.03B,3.43,$0.00B,$0.17B,0.0,$0.35B,$0.06B,16.18%,$0.35B,$0.03B,7.51%,$0.35B,$0.03B,7.51%,$0.35B,$0.03B,9.83%,$0.35B,$0.03B,7.51%,$0.35B,$0.02B,4.62%,$0.02B,$0.17B,9.79%,$0.02B,$0.15B,10.76%,$0.02B,$0.22B,7.47%,$0.03B,$0.17B,15.90%,$86,$77,$8,$0,$8,$85,$1,$0,$1,$-1,$1,$1,$1,$3,$1,$10,11,$0.13,$0.13,$43,$29,$0,$112,$87,$7,$14,$0,$108,$220,$33,$0,$1,$19,$51,$1,$120,$-0,$169,$220,$13,$7,$9,$16,$3,$-1,$2,$-1,$1,$30,$-20,$0,$-0,$0,$-8,$-8,$0,$-28,$0,$0,$0,$1,$1,$-7,$0,$-6,$-4,$1,$-7
24,2012-09-30,36.87,$15.80,2.33,$32.95,1.12,$4.04,9.12,$1.98,18.62,$0.12B,$0.04B,2.73,$0.00B,$0.17B,0.0,$0.34B,$0.06B,18.60%,$0.34B,$0.03B,9.88%,$0.34B,$0.03B,9.88%,$0.34B,$0.04B,12.21%,$0.34B,$0.03B,9.88%,$0.34B,$0.02B,6.10%,$0.02B,$0.17B,13.15%,$0.02B,$0.15B,14.48%,$0.02B,$0.22B,10.13%,$0.03B,$0.17B,21.28%,$87,$68,$19,$0,$7,$75,$12,$0,$12,$5,$7,$7,$7,$14,$12,$10,11,$0.69,$0.69,$48,$32,$0,$116,$82,$8,$14,$0,$105,$221,$43,$0,$1,$12,$54,$1,$119,$-0,$167,$221,$12,$5,$1,$6,$2,$-4,$5,$1,$6,$23,$-12,$0,$-0,$0,$-8,$-8,$0,$-20,$0,$0,$0,$1,$1,$-3,$0,$-2,$1,$1,$-3
25,2012-06-30,33.6,$15.47,2.17,$33.14,1.01,$3.52,9.54,$1.96,17.14,$0.11B,$0.04B,2.93,$0.00B,$0.16B,0.0,$0.35B,$0.06B,18.55%,$0.35B,$0.03B,9.57%,$0.35B,$0.03B,9.57%,$0.35B,$0.04B,11.88%,$0.35B,$0.03B,9.57%,$0.35B,$0.02B,6.09%,$0.02B,$0.16B,13.55%,$0.02B,$0.15B,14.97%,$0.02B,$0.21B,10.51%,$0.03B,$0.16B,21.29%,$90,$75,$15,$0,$8,$83,$7,$0,$7,$3,$4,$4,$4,$9,$7,$10,10,$0.42,$0.42,$47,$26,$0,$113,$77,$7,$15,$0,$99,$212,$39,$0,$2,$12,$51,$1,$115,$-0,$161,$212,$4,$2,$1,$3,$-1,$1,$8,$0,$7,$14,$-4,$0,$0,$0,$-1,$-1,$0,$-5,$0,$0,$0,$0,$0,$-3,$0,$-3,$6,$0,$-3
26,2012-03-31,32.73,$15.01,2.18,$33.11,0.99,$2.94,11.14,$2.19,14.95,$0.11B,$0.04B,3.06,$0.00B,$0.16B,0.0,$0.34B,$0.07B,19.48%,$0.34B,$0.04B,10.47%,$0.34B,$0.04B,10.47%,$0.34B,$0.04B,12.79%,$0.34B,$0.04B,10.47%,$0.34B,$0.02B,6.98%,$0.02B,$0.16B,15.95%,$0.02B,$0.14B,17.68%,$0.02B,$0.20B,12.42%,$0.04B,$0.16B,23.92%,$83,$70,$14,$0,$8,$78,$6,$0,$6,$2,$3,$3,$4,$8,$6,$10,10,$0.33,$0.33,$41,$28,$0,$111,$73,$5,$15,$0,$93,$204,$36,$0,$1,$11,$47,$1,$111,$-0,$157,$204,$23,$8,$4,$13,$-2,$1,$-2,$1,$-2,$34,$-20,$0,$-2,$0,$1,$1,$0,$-20,$0,$0,$0,$2,$2,$-6,$1,$-4,$10,$1,$-6
27,2011-12-31,32.15,$14.87,2.16,$33.03,0.97,$3.17,10.13,$2.03,15.84,$0.10B,$0.03B,3.44,$0.00B,$0.15B,0.0,$0.34B,$0.07B,18.95%,$0.34B,$0.03B,9.33%,$0.34B,$0.03B,9.33%,$0.34B,$0.04B,11.66%,$0.34B,$0.03B,9.33%,$0.34B,$0.02B,6.41%,$0.02B,$0.15B,15.15%,$0.02B,$0.14B,16.86%,$0.02B,$0.19B,11.67%,$0.03B,$0.15B,22.03%,$84,$68,$16,$0,$7,$76,$9,$0,$9,$3,$5,$5,$6,$11,$9,$10,10,$0.54,$0.53,$30,$32,$0,$100,$70,$6,$15,$0,$91,$192,$29,$0,$1,$9,$38,$1,$111,$-0,$154,$192,$19,$6,$1,$7,$0,$-3,$-6,$0,$-6,$20,$-14,$0,$-2,$0,$1,$1,$0,$-14,$0,$0,$0,$0,$0,$-6,$0,$-6,$0,$1,$-6
28,2011-09-30,27.77,$14.30,1.94,$31.76,0.87,$4.12,6.74,$1.91,14.54,$0.11B,$0.03B,3.08,$0.00B,$0.15B,0.0,$0.33B,$0.06B,19.09%,$0.33B,$0.03B,9.09%,$0.33B,$0.03B,9.09%,$0.33B,$0.04B,11.52%,$0.33B,$0.03B,9.09%,$0.33B,$0.02B,6.06%,$0.02B,$0.15B,14.18%,$0.02B,$0.13B,15.53%,$0.02B,$0.19B,10.90%,$0.03B,$0.15B,21.28%,$88,$69,$19,$0,$8,$77,$11,$0,$11,$4,$7,$7,$7,$13,$11,$10,10,$0.67,$0.67,$33,$34,$0,$106,$64,$6,$15,$0,$85,$191,$34,$0,$1,$9,$43,$1,$105,$-0,$148,$191,$14,$4,$1,$5,$-1,$-5,$-2,$1,$-6,$12,$-6,$0,$-2,$0,$3,$3,$0,$-5,$0,$0,$0,$0,$0,$-3,$0,$-3,$5,$1,$-3
29,2011-06-30,31.28,$13.92,2.25,$30.10,1.04,$4.71,6.65,$1.90,16.47,$0.11B,$0.03B,3.11,$0.00B,$0.14B,0.0,$0.31B,$0.06B,19.87%,$0.31B,$0.03B,9.62%,$0.31B,$0.03B,9.62%,$0.31B,$0.04B,12.18%,$0.31B,$0.03B,9.62%,$0.31B,$0.02B,6.41%,$0.02B,$0.14B,14.60%,$0.02B,$0.13B,15.72%,$0.02B,$0.19B,11.20%,$0.03B,$0.14B,21.90%,$89,$71,$18,$0,$8,$79,$10,$0,$10,$4,$6,$6,$7,$12,$10,$10,10,$0.65,$0.65,$34,$33,$0,$105,$63,$3,$15,$0,$81,$186,$34,$0,$1,$9,$43,$1,$102,$-0,$143,$186,$7,$2,$0,$2,$-1,$-3,$3,$0,$-2,$7,$-4,$0,$-2,$0,$5,$5,$0,$0,$0,$0,$0,$0,$0,$-3,$0,$-3,$4,$0,$-3
30,2011-03-31,35.48,$13.24,2.68,$28.79,1.23,$4.49,7.91,$1.96,18.1,$0.10B,$0.04B,2.64,$0.00B,$0.14B,0.0,$0.30B,$0.06B,20.81%,$0.30B,$0.03B,10.74%,$0.30B,$0.03B,10.74%,$0.30B,$0.04B,13.42%,$0.30B,$0.03B,10.74%,$0.30B,$0.02B,6.71%,$0.02B,$0.14B,14.98%,$0.02B,$0.12B,15.87%,$0.02B,$0.19B,11.59%,$0.03B,$0.14B,23.97%,$82,$70,$12,$0,$10,$80,$2,$0,$2,$1,$2,$2,$2,$4,$2,$10,10,$0.18,$0.18,$34,$29,$0,$104,$62,$3,$15,$0,$81,$185,$39,$0,$1,$9,$49,$1,$95,$-0,$136,$185,$20,$7,$1,$9,$-6,$-3,$5,$1,$-0,$29,$-12,$0,$-26,$0,$16,$16,$0,$-21,$0,$0,$0,$0,$0,$-7,$0,$-7,$0,$2,$-7
31,2010-12-31,38.07,$13.34,2.85,$26.51,1.44,$5.89,6.46,$2.32,16.41,$0.12B,$0.03B,4.39,$0.00B,$0.14B,0.0,$0.27B,$0.07B,23.72%,$0.27B,$0.04B,14.23%,$0.27B,$0.04B,14.23%,$0.27B,$0.05B,17.15%,$0.27B,$0.04B,14.23%,$0.27B,$0.02B,8.76%,$0.02B,$0.14B,18.50%,$0.02B,$0.13B,19.20%,$0.02B,$0.17B,14.44%,$0.04B,$0.14B,30.06%,$71,$57,$14,$0,$7,$64,$7,$0,$7,$3,$4,$4,$4,$9,$7,$10,10,$0.41,$0.41,$63,$24,$0,$117,$50,$0,$5,$0,$55,$172,$27,$0,$1,$8,$35,$1,$96,$0,$137,$172,$18,$5,$1,$7,$-2,$-3,$1,$1,$-1,$24,$-8,$0,$0,$0,$20,$20,$0,$12,$0,$0,$0,$0,$0,$-7,$0,$-7,$29,$1,$-7
32,2010-09-30,30.37,$12.89,2.36,$25.58,1.19,$6.54,4.64,$2.45,12.39,$0.11B,$0.03B,3.69,$0.00B,$0.13B,0.0,$0.26B,$0.07B,25.38%,$0.26B,$0.04B,15.53%,$0.26B,$0.04B,15.53%,$0.26B,$0.05B,18.56%,$0.26B,$0.04B,15.91%,$0.26B,$0.03B,9.85%,$0.03B,$0.13B,20.76%,$0.03B,$0.13B,21.62%,$0.03B,$0.17B,16.30%,$0.04B,$0.13B,32.73%,$70,$53,$18,$0,$7,$59,$11,$0,$11,$4,$7,$7,$7,$13,$11,$10,10,$0.67,$0.66,$60,$25,$0,$114,$49,$3,$5,$0,$57,$171,$31,$0,$0,$8,$39,$1,$92,$0,$132,$171,$14,$3,$1,$4,$-2,$-3,$1,$1,$-1,$17,$-5,$0,$0,$0,$7,$7,$0,$2,$0,$0,$0,$0,$0,$-3,$0,$-3,$16,$1,$-3
33,2010-06-30,20.42,$12.59,1.62,$25.09,0.81,$7.61,2.68,$2.44,8.37,$0.10B,$0.03B,4.13,$0.00B,$0.13B,0.0,$0.26B,$0.07B,25.48%,$0.26B,$0.04B,15.83%,$0.26B,$0.04B,15.83%,$0.26B,$0.05B,18.53%,$0.26B,$0.04B,16.22%,$0.26B,$0.03B,10.04%,$0.03B,$0.13B,21.58%,$0.03B,$0.12B,22.56%,$0.03B,$0.16B,16.99%,$0.04B,$0.13B,34.02%,$75,$56,$18,$0,$7,$63,$12,$0,$12,$5,$7,$7,$7,$14,$12,$10,10,$0.72,$0.71,$47,$26,$0,$102,$48,$5,$5,$1,$59,$162,$25,$0,$0,$8,$33,$1,$89,$0,$129,$162,$7,$2,$0,$2,$-2,$-5,$2,$0,$-5,$5,$-3,$0,$0,$0,$2,$2,$0,$-1,$0,$0,$0,$0,$0,$-3,$0,$-3,$1,$0,$-3
34,2010-03-31,20.52,$11.85,1.73,$25.02,0.82,$8.32,2.47,$2.32,8.85,$0.10B,$0.03B,3.19,$0.00B,$0.12B,0.0,$0.26B,$0.06B,24.81%,$0.26B,$0.04B,15.12%,$0.26B,$0.04B,15.12%,$0.26B,$0.05B,17.44%,$0.26B,$0.04B,15.50%,$0.26B,$0.03B,9.69%,$0.03B,$0.12B,21.60%,$0.03B,$0.12B,22.68%,$0.03B,$0.16B,17.15%,$0.04B,$0.12B,33.69%,$58,$43,$15,$0,$6,$49,$9,$0,$9,$4,$6,$6,$6,$11,$9,$10,10,$0.54,$0.54,$45,$21,$0,$97,$48,$9,$5,$1,$63,$160,$31,$0,$1,$8,$39,$1,$82,$0,$121,$160,$24,$6,$8,$14,$4,$1,$-0,$-1,$1,$39,$-8,$0,$0,$0,$-35,$-35,$0,$-43,$0,$0,$0,$0,$0,$-7,$0,$-7,$-11,$1,$-7
35,2009-12-31,18.29,$11.57,1.58,$26.00,0.7,$6.35,2.88,$2.28,8.02,$0.08B,$0.02B,3.79,$0.00B,$0.12B,0.0,$0.27B,$0.06B,23.51%,$0.27B,$0.04B,13.81%,$0.27B,$0.04B,13.81%,$0.27B,$0.04B,16.04%,$0.27B,$0.04B,14.18%,$0.27B,$0.02B,8.96%,$0.02B,$0.12B,21.52%,$0.02B,$0.11B,22.80%,$0.02B,$0.15B,17.17%,$0.04B,$0.12B,33.18%,$61,$45,$16,$0,$6,$51,$9,$0,$10,$4,$6,$6,$6,$11,$9,$10,10,$0.55,$0.54,$34,$18,$0,$80,$46,$12,$6,$0,$65,$145,$21,$0,$0,$5,$26,$1,$79,$0,$119,$145,$18,$5,$1,$5,$5,$4,$-1,$-1,$6,$30,$-6,$0,$0,$0,$-33,$-33,$0,$-40,$0,$0,$0,$0,$0,$-7,$0,$-7,$-17,$0,$-7
36,2009-09-30,19.57,$11.00,1.78,$27.47,0.71,$3.64,5.38,$2.42,8.09,$0.08B,$0.03B,2.92,$0.00B,$0.11B,0.0,$0.28B,$0.07B,22.97%,$0.28B,$0.04B,13.78%,$0.28B,$0.04B,13.78%,$0.28B,$0.05B,15.90%,$0.28B,$0.04B,13.78%,$0.28B,$0.03B,8.83%,$0.03B,$0.11B,23.36%,$0.03B,$0.11B,24.81%,$0.03B,$0.15B,18.38%,$0.04B,$0.11B,36.45%,$65,$48,$17,$0,$7,$54,$11,$0,$11,$4,$7,$7,$7,$12,$11,$10,10,$0.65,$0.65,$37,$16,$0,$80,$46,$13,$6,$0,$65,$145,$27,$0,$0,$5,$32,$1,$74,$-0,$113,$145,$13,$3,$0,$3,$4,$6,$-0,$-1,$11,$27,$-4,$0,$0,$0,$-30,$-30,$0,$-34,$0,$0,$0,$0,$0,$-3,$0,$-3,$-10,$0,$-3
37,2009-06-30,18.63,$10.72,1.74,$28.81,0.65,$1.56,11.96,$2.44,7.63,$0.07B,$0.02B,3.71,$0.00B,$0.11B,0.0,$0.30B,$0.07B,21.96%,$0.30B,$0.04B,13.18%,$0.30B,$0.04B,13.18%,$0.30B,$0.05B,15.54%,$0.30B,$0.04B,13.18%,$0.30B,$0.03B,8.45%,$0.03B,$0.11B,24.45%,$0.03B,$0.10B,26.04%,$0.03B,$0.13B,18.76%,$0.04B,$0.11B,38.14%,$74,$58,$16,$0,$6,$64,$10,$0,$10,$4,$6,$6,$6,$11,$10,$10,10,$0.59,$0.59,$26,$16,$0,$70,$46,$10,$6,$0,$63,$133,$19,$0,$0,$4,$23,$1,$71,$-0,$110,$133,$6,$2,$0,$2,$2,$6,$-1,$-0,$4,$12,$-3,$0,$0,$0,$-20,$-20,$0,$-23,$0,$0,$0,$0,$0,$-3,$0,$-3,$-14,$0,$-3
38,2009-03-31,12.73,$10.12,1.26,$27.74,0.46,$0.82,15.45,$2.33,5.46,$0.08B,$0.03B,3.02,$0.00B,$0.10B,0.0,$0.29B,$0.06B,21.75%,$0.29B,$0.04B,12.63%,$0.29B,$0.04B,12.63%,$0.29B,$0.04B,15.44%,$0.29B,$0.04B,12.98%,$0.29B,$0.02B,8.42%,$0.02B,$0.10B,24.68%,$0.02B,$0.10B,26.45%,$0.02B,$0.14B,18.60%,$0.04B,$0.10B,37.02%,$68,$54,$14,$0,$6,$60,$7,$0,$7,$3,$5,$5,$5,$9,$7,$10,10,$0.49,$0.49,$30,$20,$2,$84,$46,$0,$6,$0,$52,$136,$28,$0,$1,$5,$33,$1,$65,$-0,$104,$136,$24,$6,$3,$9,$-5,$-8,$2,$0,$-8,$24,$-14,$0,$0,$0,$3,$3,$0,$-11,$0,$0,$0,$0,$0,$-5,$0,$-5,$8,$0,$-5
39,2008-12-31,12.39,$9.88,1.25,$25.19,0.49,$0.46,27.16,$2.00,6.2,$0.08B,$0.03B,2.87,$0.00B,$0.10B,0.0,$0.26B,$0.05B,20.93%,$0.26B,$0.03B,11.63%,$0.26B,$0.03B,11.63%,$0.26B,$0.04B,14.73%,$0.26B,$0.03B,12.40%,$0.26B,$0.02B,8.14%,$0.02B,$0.10B,22.70%,$0.02B,$0.10B,24.42%,$0.02B,$0.13B,17.18%,$0.03B,$0.10B,32.43%,$76,$57,$18,$0,$7,$64,$11,$0,$11,$4,$7,$7,$7,$13,$11,$10,10,$0.68,$0.68,$14,$31,$0,$79,$44,$1,$7,$0,$51,$130,$28,$0,$0,$1,$29,$1,$62,$-0,$101,$130,$19,$4,$0,$4,$-8,$-17,$5,$-1,$-18,$6,$-10,$0,$0,$0,$2,$2,$0,$-8,$0,$0,$0,$0,$0,$-5,$0,$-5,$-8,$0,$-5
40,2008-09-30,14.25,$9.19,1.55,$22.56,0.63,$1.20,11.91,$1.47,9.69,$0.09B,$0.04B,2.24,$0.00B,$0.09B,0.0,$0.23B,$0.05B,19.57%,$0.23B,$0.02B,9.13%,$0.23B,$0.02B,9.13%,$0.23B,$0.03B,12.61%,$0.23B,$0.02B,10.00%,$0.23B,$0.02B,6.96%,$0.02B,$0.09B,18.03%,$0.02B,$0.09B,19.51%,$0.02B,$0.13B,13.82%,$0.02B,$0.09B,23.66%,$78,$61,$17,$0,$6,$67,$11,$0,$11,$4,$7,$7,$7,$13,$11,$10,10,$0.67,$0.67,$23,$29,$0,$86,$41,$1,$7,$0,$48,$134,$38,$0,$0,$1,$39,$1,$55,$-0,$94,$134,$12,$3,$0,$3,$-9,$-15,$14,$1,$-6,$8,$-7,$0,$0,$0,$1,$1,$0,$-6,$0,$0,$0,$0,$0,$-2,$0,$-2,$0,$0,$-2
41,2008-06-30,11.94,$8.79,1.36,$19.60,0.61,$1.51,7.93,$1.09,10.96,$0.07B,$0.03B,2.91,$0.00B,$0.09B,0.0,$0.20B,$0.04B,20.00%,$0.20B,$0.01B,7.00%,$0.20B,$0.01B,7.00%,$0.20B,$0.02B,11.00%,$0.20B,$0.02B,8.50%,$0.20B,$0.01B,6.00%,$0.01B,$0.09B,13.91%,$0.01B,$0.08B,15.14%,$0.01B,$0.12B,10.96%,$0.01B,$0.09B,16.23%,$63,$49,$13,$0,$6,$55,$7,$0,$8,$3,$5,$5,$5,$9,$7,$10,10,$0.48,$0.48,$22,$20,$0,$72,$36,$1,$7,$0,$44,$116,$25,$0,$0,$1,$26,$1,$51,$-0,$90,$116,$5,$1,$0,$1,$-3,$-6,$6,$-1,$-4,$2,$-1,$0,$0,$0,$1,$1,$0,$-1,$0,$0,$0,$0,$0,$-2,$0,$-2,$-1,$0,$-2
42,2008-03-31,12.16,$8.30,1.46,$18.27,0.67,$1.64,7.4,$0.90,13.51,$0.07B,$0.02B,2.87,$0.00B,$0.09B,0.0,$0.19B,$0.04B,20.97%,$0.19B,$0.01B,5.91%,$0.19B,$0.01B,5.91%,$0.19B,$0.02B,10.22%,$0.19B,$0.01B,7.53%,$0.19B,$0.01B,5.38%,$0.01B,$0.09B,11.80%,$0.01B,$0.08B,12.90%,$0.01B,$0.11B,9.41%,$0.01B,$0.09B,12.98%,$41,$36,$6,$0,$5,$40,$1,$0,$2,$0,$1,$1,$2,$3,$1,$10,10,$0.16,$0.16,$24,$14,$0,$65,$36,$1,$7,$0,$44,$109,$23,$0,$0,$1,$24,$1,$46,$-0,$85,$109,$9,$5,$1,$6,$-3,$-1,$0,$0,$-3,$12,$-6,$0,$-6,$0,$14,$14,$0,$2,$0,$0,$0,$0,$0,$-5,$0,$-5,$10,$1,$-5
43,2007-12-31,11.78,$8.38,1.41,$17.26,0.68,$1.41,8.34,$0.91,12.95,$0.06B,$0.02B,3.36,$0.00B,$0.09B,0.0,$0.18B,$0.04B,22.16%,$0.18B,$0.01B,6.82%,$0.18B,$0.01B,6.82%,$0.18B,$0.02B,10.80%,$0.18B,$0.01B,7.95%,$0.18B,$0.01B,5.68%,$0.01B,$0.09B,11.98%,$0.01B,$0.08B,12.90%,$0.01B,$0.10B,9.59%,$0.01B,$0.09B,14.37%,$48,$39,$9,$0,$7,$46,$2,$0,$2,$1,$2,$2,$2,$4,$2,$10,10,$0.15,$0.15,$20,$17,$0,$60,$36,$1,$7,$1,$45,$104,$18,$0,$0,$1,$18,$1,$47,$0,$86,$104,$7,$4,$1,$4,$-0,$-4,$-1,$-0,$-5,$7,$-4,$0,$-6,$0,$6,$6,$0,$-4,$0,$0,$0,$0,$0,$-5,$0,$-5,$-2,$0,$-5
44,2007-09-30,11.31,$8.26,1.37,$16.16,0.7,$1.49,7.6,$0.79,14.32,$0.06B,$0.02B,2.66,$0.00B,$0.08B,0.0,$0.17B,$0.04B,22.42%,$0.17B,$0.01B,6.06%,$0.17B,$0.01B,6.06%,$0.17B,$0.02B,9.70%,$0.17B,$0.01B,7.88%,$0.17B,$0.01B,4.85%,$0.01B,$0.08B,9.76%,$0.01B,$0.08B,10.36%,$0.01B,$0.11B,7.77%,$0.01B,$0.08B,12.20%,$48,$36,$12,$0,$7,$44,$4,$0,$5,$2,$3,$3,$3,$6,$4,$10,10,$0.29,$0.29,$24,$19,$0,$64,$36,$2,$7,$1,$45,$109,$24,$0,$0,$1,$25,$1,$46,$0,$84,$109,$6,$2,$0,$3,$1,$-6,$3,$1,$-1,$7,$-3,$0,$-5,$0,$5,$5,$0,$-3,$0,$0,$0,$0,$0,$-2,$0,$-2,$2,$0,$-2
45,2007-06-30,11.94,$8.19,1.46,$15.61,0.77,$0.96,12.46,$0.81,14.74,$0.06B,$0.02B,2.99,$0.00B,$0.08B,0.0,$0.16B,$0.04B,22.64%,$0.16B,$0.01B,6.92%,$0.16B,$0.01B,6.92%,$0.16B,$0.02B,10.06%,$0.16B,$0.01B,8.18%,$0.16B,$0.01B,5.03%,$0.01B,$0.08B,9.88%,$0.01B,$0.08B,10.32%,$0.01B,$0.10B,8.02%,$0.01B,$0.08B,13.58%,$49,$37,$12,$0,$7,$44,$4,$0,$5,$2,$3,$3,$3,$6,$4,$10,10,$0.29,$0.29,$21,$13,$0,$58,$36,$2,$7,$1,$46,$103,$19,$0,$0,$1,$20,$1,$45,$-0,$84,$103,$3,$1,$0,$1,$-1,$0,$1,$2,$-1,$4,$-1,$0,$-5,$0,$4,$4,$0,$-2,$0,$0,$0,$0,$0,$-2,$0,$-2,$-1,$0,$-2
46,2007-03-31,11.41,$7.86,1.45,$14.92,0.76,$0.64,17.81,$0.80,14.26,$0.06B,$0.02B,2.94,$0.00B,$0.08B,0.0,$0.15B,$0.04B,23.18%,$0.15B,$0.01B,7.28%,$0.15B,$0.01B,7.28%,$0.15B,$0.02B,9.93%,$0.15B,$0.01B,7.95%,$0.15B,$0.01B,5.30%,$0.01B,$0.08B,10.03%,$0.01B,$0.08B,10.29%,$0.01B,$0.10B,8.12%,$0.01B,$0.08B,13.79%,$31,$25,$6,$0,$4,$30,$2,$1,$2,$1,$1,$1,$2,$3,$2,$10,10,$0.17,$0.17,$25,$13,$0,$61,$35,$3,$2,$1,$40,$101,$21,$0,$0,$1,$21,$1,$42,$-0,$80,$101,$8,$4,$1,$5,$-3,$-2,$3,$-2,$-4,$9,$-5,$0,$0,$0,$3,$3,$2,$1,$0,$0,$0,$0,$0,$-4,$0,$-4,$5,$0,$-4
47,2006-12-31,10.89,$7.89,1.38,$15.44,0.71,$0.50,21.69,$0.75,14.52,$0.06B,$0.02B,3.16,$0.00B,$0.08B,0.0,$0.16B,$0.04B,23.08%,$0.16B,$0.01B,7.05%,$0.16B,$0.01B,7.05%,$0.16B,$0.02B,9.62%,$0.16B,$0.01B,7.69%,$0.16B,$0.01B,4.49%,$0.01B,$0.08B,8.89%,$0.01B,$0.08B,9.12%,$0.01B,$0.10B,7.24%,$0.01B,$0.08B,13.97%,$37,$30,$7,$0,$7,$37,$0,$0,$1,$0,$0,$0,$0,$1,$0,$10,10,$0.03,$0.03,$22,$13,$0,$57,$35,$4,$2,$1,$41,$99,$18,$0,$0,$0,$19,$1,$43,$-0,$80,$99,$6,$3,$0,$3,$-2,$-2,$3,$-1,$-2,$8,$-4,$0,$0,$0,$2,$2,$0,$-2,$0,$0,$0,$0,$0,$-4,$0,$-4,$2,$0,$-4
