,Date,Stock Price,Book Value per Share,Price to Book Ratio,TTM Sales per Share,Price to Sales Ratio,TTM FCF per Share,Price to FCF Ratio,TTM Net EPS,PE Ratio,Current Assets,Current Liabilities,Current Ratio,Long Term Debt,Shareholder's Equity_x,Debt to Equity Ratio,TTM Revenue_x,TTM Gross Profit,Gross Margin,TTM Revenue_y,TTM Operating Income,Operating Margin,TTM Revenue_x,TTM EBIT,EBIT Margin,TTM Revenue_y,TTM EBITDA,EBITDA Margin,TTM Revenue_x,TTM Pre-Tax Income,Pre-Tax Margin,TTM Revenue_y,TTM Net Income_x,Net Margin,TTM Net Income_y,Shareholder's Equity_y,Return on Equity,TTM Net Income_x,Tangible Equity,Return on Tangible Equity,TTM Net Income_y,Total Assets,Return on Assets,TTM Net Income,LT Investments & Debt,Return on Investment,revenue,cost-goods-sold,gross-profit,research-development-expenses,selling-general-administrative-expenses,operating-expenses,operating-income,total-non-operating-income-expense,pre-tax-income,total-provision-income-taxes,income-after-taxes,income-from-continuous-operations,net-income,ebitda,ebit,basic-shares-outstanding,shares-outstanding,eps-basic-net-earnings-per-share,eps-earnings-per-share-diluted,cash-on-hand,inventory,other-current-assets,total-current-assets,net-property-plant-equipment,long-term-investments,goodwill-intangible-assets-total,other-long-term-assets,total-long-term-assets,total-assets,total-current-liabilities,long-term-debt,other-non-current-liabilities,total-long-term-liabilities,total-liabilities,common-stock-net,retained-earnings-accumulated-deficit,comprehensive-income,total-share-holder-equity,total-liabilities-share-holders-equity,net-income-loss,total-depreciation-amortization-cash-flow,other-non-cash-items,total-non-cash-items,change-in-accounts-receivable,change-in-inventories,change-in-accounts-payable,change-in-assets-liabilities,total-change-in-assets-liabilities,cash-flow-from-operating-activities,net-change-in-property-plant-equipment,net-change-in-intangible-assets,net-acquisitions-divestitures,net-change-in-short-term-investments,net-change-in-long-term-investments,net-change-in-investments-total,investing-activities-other,cash-flow-from-investing-activities,net-long-term-debt,net-current-debt,debt-issuance-retirement-net-total,net-common-equity-issued-repurchased,net-total-equity-issued-repurchased,total-common-preferred-stock-dividends-paid,financial-activities-other,cash-flow-from-financial-activities,net-cash-flow,stock-based-compensation,common-stock-dividends-paid
0,2018-09-30,67.05,$15.88,4.22,$23.72,2.83,$3.74,17.91,$3.31,20.26,$0.70B,$0.27B,2.58,$0.98B,$1.37B,0.72,$2.14B,$0.57B,26.76%,$2.14B,$0.37B,17.23%,$2.14B,$0.37B,17.23%,$2.14B,$0.49B,22.89%,$2.14B,$0.33B,15.60%,$2.14B,$0.30B,13.97%,$0.30B,$1.37B,20.53%,$0.30B,$1.22B,22.84%,$0.30B,$2.85B,10.54%,$0.37B,$2.35B,15.74%,$541,$398,$143,$14,$33,$444,$97,$-11,$86,$8,$78,$80,$80,$128,$97,$87,88,$0.92,$0.91,$47,$309,$44,$699,$1894,$46,$145,$63,$2148,$2847,$271,$981,$185,$1208,$1479,$1,$1673,$-82,$1367,$2847,$211,$92,$37,$129,$-28,$-32,$0,$-2,$-61,$278,$-150,$0,$-1,$0,$0,$0,$0,$-151,$181,$0,$181,$-282,$-282,$-36,$0,$-137,$-13,$14,$-36
1,2018-06-30,66.24,$16.00,4.14,$22.96,2.89,$3.24,20.43,$3.16,20.96,$0.71B,$0.29B,2.41,$0.93B,$1.40B,0.66,$2.09B,$0.57B,27.06%,$2.09B,$0.36B,17.26%,$2.09B,$0.36B,17.26%,$2.09B,$0.48B,22.85%,$2.09B,$0.33B,15.77%,$2.09B,$0.29B,13.81%,$0.29B,$1.40B,19.64%,$0.29B,$1.26B,21.54%,$0.29B,$2.84B,10.29%,$0.36B,$2.33B,15.55%,$548,$403,$145,$13,$35,$451,$97,$-9,$88,$20,$68,$69,$69,$127,$97,$89,90,$0.77,$0.76,$39,$305,$38,$708,$1880,$45,$145,$59,$2128,$2836,$294,$930,$171,$1143,$1436,$1,$1606,$-81,$1400,$2836,$130,$60,$22,$83,$-43,$-29,$0,$-9,$-56,$157,$-102,$0,$0,$0,$0,$0,$0,$-102,$131,$0,$131,$-182,$-182,$-22,$0,$-73,$-21,$12,$-22
2,2018-03-31,64.33,$17.44,3.69,$22.21,2.9,$2.77,23.22,$3.07,20.95,$0.72B,$0.27B,2.64,$0.84B,$1.56B,0.54,$2.04B,$0.56B,27.57%,$2.04B,$0.35B,17.40%,$2.04B,$0.35B,17.40%,$2.04B,$0.47B,22.90%,$2.04B,$0.33B,15.97%,$2.04B,$0.28B,13.86%,$0.28B,$1.56B,19.40%,$0.28B,$1.41B,21.01%,$0.28B,$2.89B,10.23%,$0.35B,$2.40B,15.56%,$540,$398,$143,$14,$46,$458,$82,$-8,$74,$14,$60,$62,$62,$113,$82,$90,91,$0.68,$0.68,$50,$301,$35,$716,$1902,$51,$150,$66,$2169,$2885,$271,$836,$173,$1051,$1322,$1,$1549,$-8,$1563,$2885,$62,$30,$19,$49,$-41,$-15,$0,$1,$-48,$63,$-60,$0,$0,$0,$0,$0,$0,$-60,$28,$0,$28,$-32,$-32,$-11,$0,$-16,$-10,$10,$-11
3,2017-12-31,61.48,$16.69,3.68,$21.44,2.87,$2.40,25.62,$3.09,19.9,$0.66B,$0.26B,2.51,$0.81B,$1.50B,0.54,$1.97B,$0.55B,27.96%,$1.97B,$0.35B,17.78%,$1.97B,$0.35B,17.78%,$1.97B,$0.46B,23.10%,$1.97B,$0.32B,16.36%,$1.97B,$0.29B,14.44%,$0.29B,$1.50B,20.67%,$0.29B,$1.35B,22.15%,$0.29B,$2.78B,10.63%,$0.35B,$2.30B,15.95%,$512,$370,$142,$13,$36,$419,$93,$-7,$86,$-2,$88,$88,$88,$122,$93,$91,92,$0.97,$0.96,$60,$314,$0,$657,$1866,$48,$149,$62,$2124,$2781,$262,$806,$173,$1024,$1286,$1,$1496,$-45,$1495,$2781,$284,$105,$18,$123,$20,$2,$0,$1,$21,$429,$-278,$0,$0,$0,$-76,$-76,$0,$-354,$83,$33,$116,$-138,$-138,$-43,$6,$-58,$25,$18,$-43
4,2017-09-30,56.96,$15.89,3.59,$21.00,2.71,$1.54,36.96,$2.77,20.56,$0.71B,$0.26B,2.74,$0.83B,$1.43B,0.58,$1.95B,$0.55B,28.06%,$1.95B,$0.35B,17.73%,$1.95B,$0.35B,17.73%,$1.95B,$0.45B,22.92%,$1.95B,$0.32B,16.39%,$1.95B,$0.26B,13.21%,$0.26B,$1.43B,19.53%,$0.26B,$1.35B,20.67%,$0.26B,$2.74B,9.94%,$0.35B,$2.26B,16.36%,$492,$356,$136,$12,$35,$402,$89,$-7,$82,$14,$69,$70,$70,$116,$89,$90,91,$0.77,$0.76,$119,$313,$0,$708,$1826,$67,$74,$63,$2030,$2737,$258,$830,$223,$1053,$1311,$1,$1419,$-57,$1427,$2737,$196,$77,$28,$105,$20,$-7,$0,$5,$8,$309,$-221,$0,$-12,$0,$0,$0,$0,$-233,$141,$0,$141,$-115,$-115,$-31,$6,$1,$84,$16,$-31
5,2017-06-30,52.24,$14.81,3.53,$20.95,2.49,$1.17,44.59,$2.73,19.13,$0.65B,$0.27B,2.39,$0.82B,$1.33B,0.61,$1.96B,$0.55B,27.93%,$1.96B,$0.35B,17.65%,$1.96B,$0.35B,17.65%,$1.96B,$0.44B,22.66%,$1.96B,$0.32B,16.42%,$1.96B,$0.26B,13.04%,$0.26B,$1.33B,20.01%,$0.26B,$1.26B,21.22%,$0.26B,$2.63B,10.21%,$0.35B,$2.15B,17.02%,$491,$351,$140,$12,$38,$402,$90,$-7,$83,$22,$61,$62,$62,$115,$90,$91,92,$0.68,$0.67,$46,$313,$0,$648,$1786,$64,$74,$56,$1979,$2627,$271,$817,$209,$1026,$1297,$1,$1361,$-93,$1330,$2627,$126,$50,$14,$64,$2,$-12,$0,$-3,$-7,$182,$-169,$0,$-10,$0,$0,$0,$0,$-179,$132,$0,$132,$-115,$-115,$-20,$6,$3,$10,$13,$-20
6,2017-03-31,53.87,$13.92,3.87,$21.13,2.55,$0.80,66.92,$2.76,19.52,$0.69B,$0.28B,2.5,$0.84B,$1.26B,0.66,$1.99B,$0.56B,27.98%,$1.99B,$0.36B,17.87%,$1.99B,$0.36B,17.87%,$1.99B,$0.45B,22.75%,$1.99B,$0.33B,16.71%,$1.99B,$0.26B,13.03%,$0.26B,$1.26B,20.75%,$0.26B,$1.19B,22.05%,$0.26B,$2.58B,10.64%,$0.36B,$2.10B,18.00%,$479,$345,$134,$13,$43,$400,$79,$-6,$72,$9,$64,$65,$65,$103,$79,$91,93,$0.71,$0.70,$82,$304,$0,$687,$1701,$63,$73,$53,$1889,$2576,$275,$837,$201,$1038,$1313,$1,$1309,$-158,$1263,$2576,$65,$25,$5,$30,$-20,$-11,$0,$-9,$-40,$54,$-86,$0,$-10,$0,$0,$0,$0,$-96,$156,$0,$156,$-64,$-64,$-10,$6,$88,$47,$11,$-10
7,2016-12-31,50.69,$13.62,3.72,$21.23,2.39,$0.35,144.98,$2.65,19.13,$0.61B,$0.27B,2.23,$0.68B,$1.25B,0.55,$2.01B,$0.57B,28.17%,$2.01B,$0.36B,17.95%,$2.01B,$0.36B,17.95%,$2.01B,$0.46B,22.68%,$2.01B,$0.34B,16.85%,$2.01B,$0.25B,12.46%,$0.25B,$1.25B,20.21%,$0.25B,$1.17B,21.51%,$0.25B,$2.40B,10.54%,$0.36B,$1.93B,18.71%,$484,$348,$136,$12,$37,$397,$87,$-5,$82,$23,$59,$60,$60,$112,$87,$93,94,$0.64,$0.64,$35,$291,$0,$607,$1626,$53,$72,$43,$1794,$2401,$272,$684,$159,$884,$1156,$1,$1255,$-174,$1245,$2401,$250,$95,$76,$171,$-17,$11,$0,$-5,$-20,$401,$-328,$0,$0,$0,$-39,$-39,$0,$-367,$79,$26,$106,$-111,$-111,$-40,$-2,$-47,$-17,$16,$-40
8,2016-09-30,43.55,$13.70,3.18,$20.88,2.09,$-0.47,0.0,$2.57,16.94,$0.64B,$0.28B,2.32,$0.67B,$1.26B,0.53,$1.99B,$0.56B,28.03%,$1.99B,$0.35B,17.82%,$1.99B,$0.35B,17.82%,$1.99B,$0.44B,22.35%,$1.99B,$0.33B,16.71%,$1.99B,$0.24B,12.28%,$0.24B,$1.26B,19.99%,$0.24B,$1.19B,21.23%,$0.24B,$2.39B,10.53%,$0.35B,$1.93B,18.82%,$501,$365,$136,$12,$35,$411,$89,$-6,$84,$16,$68,$68,$68,$113,$89,$93,94,$0.74,$0.72,$46,$315,$0,$641,$1590,$48,$74,$38,$1750,$2391,$277,$670,$184,$855,$1131,$1,$1205,$-133,$1259,$2391,$190,$70,$62,$133,$-17,$-5,$0,$-5,$-36,$287,$-232,$0,$-34,$0,$0,$0,$0,$-265,$90,$0,$90,$-86,$-86,$-30,$-2,$-27,$-6,$14,$-30
9,2016-06-30,40.83,$13.24,3.08,$20.17,2.02,$-1.93,0.0,$2.40,17.01,$0.69B,$0.27B,2.52,$0.71B,$1.23B,0.58,$1.94B,$0.55B,28.17%,$1.94B,$0.34B,17.73%,$1.94B,$0.34B,17.73%,$1.94B,$0.43B,22.17%,$1.94B,$0.32B,16.59%,$1.94B,$0.23B,11.89%,$0.23B,$1.23B,19.10%,$0.23B,$1.15B,20.23%,$0.23B,$2.37B,10.09%,$0.34B,$1.93B,18.58%,$523,$372,$150,$12,$39,$423,$100,$-6,$94,$29,$65,$66,$66,$124,$100,$93,95,$0.71,$0.70,$39,$332,$0,$685,$1523,$48,$75,$39,$1685,$2370,$272,$707,$166,$873,$1145,$1,$1147,$-135,$1225,$2370,$122,$47,$36,$83,$-53,$-23,$0,$-3,$-70,$135,$-156,$0,$-34,$0,$0,$0,$0,$-190,$123,$0,$123,$-60,$-60,$-20,$-2,$42,$-13,$13,$-20
10,2016-03-31,42.75,$13.11,3.26,$19.49,2.19,$-2.89,0.0,$2.33,18.35,$0.69B,$0.26B,2.62,$0.69B,$1.22B,0.57,$1.89B,$0.53B,28.28%,$1.89B,$0.33B,17.69%,$1.89B,$0.33B,17.69%,$1.89B,$0.42B,21.98%,$1.89B,$0.32B,16.68%,$1.89B,$0.23B,11.97%,$0.23B,$1.22B,18.68%,$0.23B,$1.14B,19.71%,$0.23B,$2.32B,10.10%,$0.33B,$1.91B,18.53%,$498,$355,$143,$12,$47,$414,$84,$-6,$78,$23,$56,$56,$56,$106,$84,$93,95,$0.60,$0.59,$24,$333,$0,$692,$1492,$21,$77,$41,$1630,$2322,$264,$688,$152,$840,$1104,$1,$1091,$-104,$1218,$2322,$56,$23,$23,$46,$-69,$-21,$0,$-3,$-91,$10,$-85,$0,$-9,$0,$0,$0,$0,$-94,$104,$0,$104,$-40,$-40,$-9,$0,$55,$-28,$11,$-9
11,2015-12-31,45.32,$12.62,3.59,$19.06,2.38,$-3.22,0.0,$2.44,18.57,$0.63B,$0.29B,2.17,$0.58B,$1.18B,0.49,$1.86B,$0.53B,28.63%,$1.86B,$0.33B,17.88%,$1.86B,$0.33B,17.88%,$1.86B,$0.41B,22.02%,$1.86B,$0.32B,17.08%,$1.86B,$0.24B,12.78%,$0.24B,$1.18B,19.88%,$0.24B,$1.12B,20.92%,$0.24B,$2.19B,10.92%,$0.33B,$1.76B,19.17%,$465,$337,$128,$11,$36,$384,$81,$-5,$76,$22,$54,$54,$54,$101,$81,$96,97,$0.57,$0.56,$52,$307,$0,$634,$1426,$30,$59,$39,$1554,$2187,$293,$577,$100,$715,$1008,$1,$1044,$-124,$1180,$2187,$237,$78,$60,$137,$-18,$-25,$0,$-20,$-74,$301,$-305,$0,$0,$0,$0,$0,$0,$-305,$164,$0,$164,$-133,$-133,$-38,$-4,$-11,$-19,$18,$-38
12,2015-09-30,43.68,$12.65,3.45,$19.06,2.29,$-2.59,0.0,$2.42,18.05,$0.73B,$0.28B,2.62,$0.60B,$1.20B,0.5,$1.87B,$0.53B,28.57%,$1.87B,$0.33B,17.60%,$1.87B,$0.33B,17.60%,$1.87B,$0.41B,21.67%,$1.87B,$0.32B,16.96%,$1.87B,$0.24B,12.68%,$0.24B,$1.20B,19.92%,$0.24B,$1.14B,20.97%,$0.24B,$2.24B,11.07%,$0.33B,$1.79B,19.47%,$449,$325,$124,$11,$36,$371,$78,$-5,$73,$21,$53,$54,$54,$98,$78,$96,97,$0.56,$0.55,$43,$326,$0,$728,$1393,$33,$59,$28,$1513,$2241,$278,$596,$172,$768,$1045,$1,$1000,$-107,$1195,$2241,$183,$57,$44,$101,$-39,$-46,$0,$-9,$-120,$164,$-249,$0,$0,$0,$0,$0,$0,$-249,$184,$0,$184,$-87,$-87,$-29,$-4,$65,$-28,$15,$-29
13,2015-06-30,48.33,$12.94,3.74,$19.07,2.53,$-1.74,0.0,$2.44,19.81,$0.75B,$0.28B,2.68,$0.51B,$1.25B,0.41,$1.87B,$0.53B,28.42%,$1.87B,$0.33B,17.63%,$1.87B,$0.33B,17.63%,$1.87B,$0.41B,21.63%,$1.87B,$0.32B,17.09%,$1.87B,$0.24B,12.77%,$0.24B,$1.25B,20.38%,$0.24B,$1.19B,21.48%,$0.24B,$2.20B,11.54%,$0.33B,$1.76B,20.24%,$476,$337,$139,$10,$38,$385,$91,$-3,$88,$27,$61,$62,$62,$110,$91,$97,98,$0.64,$0.63,$35,$327,$0,$752,$1328,$34,$60,$27,$1448,$2200,$281,$508,$164,$672,$953,$1,$956,$-109,$1247,$2200,$130,$38,$28,$66,$-66,$-49,$0,$-16,$-145,$50,$-166,$0,$0,$0,$0,$0,$0,$-166,$92,$0,$92,$11,$11,$-19,$0,$84,$-36,$14,$-19
14,2015-03-31,49.87,$12.10,4.12,$18.96,2.63,$-0.65,0.0,$2.32,21.49,$0.71B,$0.28B,2.55,$0.48B,$1.17B,0.41,$1.87B,$0.52B,27.97%,$1.87B,$0.31B,16.83%,$1.87B,$0.31B,16.83%,$1.87B,$0.39B,20.79%,$1.87B,$0.31B,16.35%,$1.87B,$0.23B,12.22%,$0.23B,$1.17B,19.83%,$0.23B,$1.11B,20.93%,$0.23B,$2.09B,11.36%,$0.31B,$1.65B,19.88%,$472,$330,$142,$13,$47,$389,$83,$-2,$81,$13,$68,$68,$68,$101,$83,$96,98,$0.71,$0.70,$23,$314,$0,$711,$1261,$32,$59,$24,$1376,$2087,$280,$480,$162,$642,$922,$1,$904,$-135,$1166,$2087,$68,$19,$15,$33,$-70,$-38,$0,$-2,$-116,$-15,$-95,$0,$0,$0,$0,$0,$0,$-95,$64,$0,$64,$10,$10,$-10,$0,$65,$-48,$12,$-10
15,2014-12-31,40.15,$12.04,3.33,$18.73,2.14,$0.26,157.06,$2.12,18.94,$0.68B,$0.31B,2.2,$0.42B,$1.15B,0.36,$1.86B,$0.51B,27.42%,$1.86B,$0.31B,16.49%,$1.86B,$0.31B,16.49%,$1.86B,$0.38B,20.42%,$1.86B,$0.30B,16.00%,$1.86B,$0.21B,11.31%,$0.21B,$1.15B,18.27%,$0.21B,$1.09B,19.28%,$0.21B,$2.04B,10.70%,$0.31B,$1.57B,19.77%,$472,$343,$129,$13,$38,$395,$77,$-2,$75,$22,$53,$53,$53,$96,$77,$97,99,$0.55,$0.54,$71,$290,$0,$682,$1238,$34,$60,$23,$1355,$2036,$311,$415,$122,$576,$887,$1,$846,$-70,$1150,$2036,$209,$73,$50,$123,$-15,$-39,$0,$41,$-14,$318,$-260,$0,$0,$0,$-10,$-10,$0,$-270,$602,$-481,$121,$-157,$-157,$0,$-1,$-37,$5,$17,$0
16,2014-09-30,38.41,$11.82,3.25,$18.13,2.12,$0.43,88.72,$2.04,18.83,$0.67B,$0.26B,2.57,$0.43B,$1.13B,0.38,$1.81B,$0.49B,27.22%,$1.81B,$0.30B,16.34%,$1.81B,$0.30B,16.34%,$1.81B,$0.37B,20.27%,$1.81B,$0.29B,15.85%,$1.81B,$0.20B,11.26%,$0.20B,$1.13B,17.71%,$0.20B,$1.07B,18.69%,$0.20B,$1.96B,10.67%,$0.30B,$1.56B,19.48%,$452,$330,$122,$10,$33,$373,$79,$-3,$76,$21,$55,$56,$56,$98,$79,$96,98,$0.58,$0.57,$38,$301,$0,$669,$1178,$24,$60,$29,$1291,$1960,$260,$430,$143,$573,$833,$1,$793,$-35,$1127,$1960,$157,$54,$58,$112,$-30,$-45,$0,$-12,$-77,$192,$-194,$0,$0,$0,$0,$0,$0,$-194,$138,$0,$138,$-158,$-158,$0,$-1,$-21,$-28,$14,$0
17,2014-06-30,39.58,$11.98,3.3,$17.56,2.25,$1.08,36.74,$1.95,20.29,$0.69B,$0.27B,2.59,$0.40B,$1.16B,0.34,$1.77B,$0.48B,27.27%,$1.77B,$0.29B,16.15%,$1.77B,$0.29B,16.15%,$1.77B,$0.35B,19.93%,$1.77B,$0.28B,15.70%,$1.77B,$0.20B,11.12%,$0.20B,$1.16B,17.13%,$0.20B,$1.10B,18.09%,$0.20B,$1.95B,10.58%,$0.29B,$1.55B,19.38%,$470,$341,$129,$11,$37,$395,$75,$-2,$73,$23,$50,$51,$51,$93,$75,$97,99,$0.52,$0.51,$44,$288,$0,$694,$1140,$23,$61,$29,$1254,$1947,$268,$395,$129,$524,$791,$1,$737,$9,$1156,$1947,$101,$35,$27,$62,$-50,$-24,$0,$4,$-53,$110,$-119,$0,$0,$0,$0,$0,$0,$-119,$103,$0,$103,$-115,$-115,$0,$0,$-12,$-22,$12,$0
18,2014-03-31,42.13,$11.90,3.54,$16.98,2.48,$1.33,31.77,$1.92,21.94,$0.70B,$0.26B,2.66,$0.35B,$1.17B,0.3,$1.72B,$0.47B,27.32%,$1.72B,$0.28B,16.42%,$1.72B,$0.28B,16.42%,$1.72B,$0.35B,20.13%,$1.72B,$0.27B,15.89%,$1.72B,$0.20B,11.31%,$0.20B,$1.17B,17.39%,$0.20B,$1.10B,18.37%,$0.20B,$1.91B,10.84%,$0.28B,$1.52B,19.86%,$462,$333,$129,$14,$41,$387,$75,$-2,$73,$23,$50,$50,$50,$92,$75,$99,101,$0.51,$0.50,$50,$284,$0,$702,$1091,$22,$61,$19,$1203,$1905,$264,$352,$124,$476,$740,$1,$686,$10,$1165,$1905,$50,$17,$25,$42,$-48,$-18,$0,$-4,$-59,$33,$-55,$0,$0,$0,$0,$0,$0,$-55,$-0,$60,$60,$-54,$-54,$0,$0,$6,$-16,$9,$0
19,2013-12-31,43.24,$11.73,3.69,$16.46,2.63,$1.39,31.0,$1.85,23.37,$0.66B,$0.27B,2.44,$0.29B,$1.16B,0.25,$1.68B,$0.45B,27.04%,$1.68B,$0.27B,16.14%,$1.68B,$0.27B,16.14%,$1.68B,$0.33B,19.83%,$1.68B,$0.26B,15.60%,$1.68B,$0.19B,11.26%,$0.19B,$1.16B,17.46%,$0.19B,$1.10B,18.46%,$0.19B,$1.84B,10.91%,$0.27B,$1.45B,19.88%,$427,$314,$113,$10,$36,$360,$67,$-2,$65,$19,$47,$47,$47,$84,$67,$100,102,$0.47,$0.45,$66,$265,$0,$656,$1067,$23,$61,$28,$1180,$1836,$269,$292,$74,$407,$676,$1,$636,$11,$1160,$1836,$188,$61,$29,$90,$6,$-28,$0,$-2,$-5,$273,$-195,$0,$0,$0,$0,$0,$0,$-195,$123,$-85,$38,$-83,$-83,$0,$-2,$-47,$33,$19,$0
20,2013-09-30,37.54,$11.24,3.34,$16.08,2.33,$0.32,115.95,$1.75,21.45,$0.65B,$0.24B,2.68,$0.26B,$1.12B,0.23,$1.64B,$0.44B,26.66%,$1.64B,$0.26B,15.74%,$1.64B,$0.26B,15.74%,$1.64B,$0.32B,19.40%,$1.64B,$0.25B,15.25%,$1.64B,$0.18B,10.92%,$0.18B,$1.12B,17.19%,$0.18B,$1.06B,18.21%,$0.18B,$1.76B,10.69%,$0.26B,$1.38B,19.71%,$412,$300,$112,$10,$33,$343,$69,$-2,$67,$19,$48,$49,$49,$84,$69,$100,102,$0.49,$0.48,$60,$260,$0,$653,$995,$22,$61,$16,$1108,$1761,$243,$262,$136,$398,$642,$1,$589,$-18,$1120,$1761,$141,$45,$27,$72,$-0,$-25,$0,$-4,$-17,$196,$-133,$0,$0,$0,$0,$0,$0,$-133,$8,$0,$8,$-44,$-44,$0,$0,$-37,$27,$15,$0
21,2013-06-30,32.95,$10.46,3.15,$15.86,2.08,$-0.87,0.0,$1.66,19.85,$0.63B,$0.21B,2.93,$0.31B,$1.04B,0.3,$1.62B,$0.42B,26.19%,$1.62B,$0.25B,15.38%,$1.62B,$0.25B,15.38%,$1.62B,$0.31B,19.09%,$1.62B,$0.24B,14.89%,$1.62B,$0.17B,10.50%,$0.17B,$1.04B,17.03%,$0.17B,$0.98B,18.07%,$0.17B,$1.70B,10.46%,$0.25B,$1.35B,19.60%,$423,$306,$117,$10,$35,$351,$72,$-3,$69,$21,$48,$49,$49,$87,$72,$100,102,$0.49,$0.48,$57,$252,$0,$626,$961,$23,$57,$13,$1069,$1695,$214,$309,$131,$440,$654,$1,$540,$-43,$1041,$1695,$92,$30,$25,$55,$-15,$-20,$0,$-8,$-39,$108,$-92,$0,$0,$0,$0,$0,$0,$-92,$-87,$144,$57,$-46,$-46,$0,$-2,$9,$24,$12,$0
22,2013-03-31,28.07,$10.08,2.78,$15.63,1.8,$-1.72,0.0,$1.65,17.01,$0.60B,$0.25B,2.42,$0.26B,$1.01B,0.26,$1.60B,$0.41B,25.89%,$1.60B,$0.25B,15.74%,$1.60B,$0.25B,15.74%,$1.60B,$0.31B,19.56%,$1.60B,$0.24B,15.17%,$1.60B,$0.17B,10.60%,$0.17B,$1.01B,17.57%,$0.17B,$0.95B,18.69%,$0.17B,$1.64B,10.69%,$0.25B,$1.27B,20.46%,$417,$305,$112,$11,$38,$354,$63,$-2,$61,$18,$43,$44,$44,$78,$63,$100,102,$0.43,$0.43,$18,$246,$0,$599,$931,$23,$57,$14,$1039,$1638,$247,$259,$122,$380,$628,$1,$492,$-53,$1010,$1638,$44,$15,$6,$21,$-40,$-16,$0,$4,$-31,$33,$-48,$0,$0,$0,$0,$0,$0,$-48,$-1,$19,$17,$-15,$-15,$0,$0,$2,$-14,$9,$0
23,2012-12-31,26.09,$9.95,2.62,$15.48,1.69,$-2.17,0.0,$1.61,16.2,$0.58B,$0.24B,2.45,$0.24B,$0.99B,0.24,$1.58B,$0.41B,25.79%,$1.58B,$0.25B,15.78%,$1.58B,$0.25B,15.78%,$1.58B,$0.31B,19.58%,$1.58B,$0.24B,15.15%,$1.58B,$0.17B,10.46%,$0.17B,$0.99B,17.83%,$0.17B,$0.94B,19.01%,$0.17B,$1.60B,10.72%,$0.25B,$1.23B,20.77%,$387,$292,$96,$10,$31,$333,$54,$-2,$53,$16,$37,$37,$37,$69,$54,$100,102,$0.36,$0.36,$33,$233,$0,$576,$914,$23,$58,$17,$1027,$1603,$235,$240,$52,$374,$609,$1,$448,$-32,$994,$1603,$164,$60,$34,$95,$-28,$-15,$0,$-4,$-27,$232,$-264,$0,$0,$0,$5,$5,$0,$-258,$5,$0,$5,$4,$4,$0,$-1,$8,$-17,$16,$0
24,2012-09-30,23.24,$9.52,2.44,$15.21,1.53,$-1.74,0.0,$1.64,14.17,$0.58B,$0.23B,2.55,$0.28B,$0.95B,0.29,$1.55B,$0.40B,25.68%,$1.55B,$0.24B,15.78%,$1.55B,$0.24B,15.78%,$1.55B,$0.30B,19.66%,$1.55B,$0.23B,15.07%,$1.55B,$0.17B,10.87%,$0.17B,$0.95B,19.15%,$0.17B,$0.89B,20.49%,$0.17B,$1.57B,11.34%,$0.24B,$1.23B,21.20%,$392,$292,$99,$9,$30,$332,$60,$-2,$58,$18,$40,$40,$40,$75,$60,$100,102,$0.40,$0.39,$43,$236,$0,$584,$858,$22,$58,$17,$983,$1567,$230,$279,$109,$389,$618,$1,$411,$-36,$949,$1567,$127,$46,$23,$69,$-45,$-21,$0,$-7,$-45,$151,$-209,$0,$0,$0,$0,$0,$5,$-204,$44,$0,$44,$3,$3,$0,$0,$47,$-6,$13,$0
25,2012-06-30,24.95,$8.97,2.78,$14.86,1.68,$-1.05,0.0,$1.57,15.89,$0.59B,$0.24B,2.45,$0.28B,$0.90B,0.31,$1.51B,$0.39B,25.56%,$1.51B,$0.23B,15.27%,$1.51B,$0.23B,15.27%,$1.51B,$0.29B,19.19%,$1.51B,$0.22B,14.54%,$1.51B,$0.16B,10.62%,$0.16B,$0.90B,19.10%,$0.16B,$0.84B,20.51%,$0.16B,$1.52B,11.27%,$0.23B,$1.18B,20.90%,$399,$294,$106,$9,$33,$325,$74,$-4,$70,$22,$48,$48,$48,$90,$74,$100,102,$0.48,$0.47,$33,$242,$0,$592,$809,$23,$57,$15,$926,$1517,$241,$281,$101,$381,$623,$1,$372,$-48,$895,$1517,$88,$30,$15,$45,$-54,$-29,$0,$-4,$-59,$74,$-144,$0,$0,$0,$0,$0,$5,$-139,$-73,$121,$48,$3,$3,$0,$-1,$50,$-17,$11,$0
26,2012-03-31,23.23,$8.69,2.67,$14.45,1.61,$-0.26,0.0,$1.47,15.8,$0.59B,$0.22B,2.65,$0.30B,$0.86B,0.34,$1.46B,$0.37B,25.05%,$1.46B,$0.21B,14.03%,$1.46B,$0.21B,14.03%,$1.46B,$0.26B,18.00%,$1.46B,$0.20B,13.42%,$1.46B,$0.15B,10.20%,$0.15B,$0.86B,18.44%,$0.15B,$0.81B,19.84%,$0.15B,$1.47B,10.87%,$0.21B,$1.16B,19.32%,$400,$294,$106,$9,$37,$340,$61,$-3,$58,$18,$39,$40,$40,$75,$61,$100,102,$0.40,$0.39,$49,$232,$0,$585,$760,$22,$58,$16,$882,$1467,$221,$295,$87,$382,$603,$1,$324,$-25,$864,$1467,$40,$15,$14,$29,$-48,$-14,$0,$-2,$-46,$22,$-83,$0,$0,$0,$0,$0,$0,$-83,$-1,$59,$58,$1,$1,$0,$0,$59,$-1,$8,$0
27,2011-12-31,23.43,$8.12,2.89,$13.82,1.69,$0.14,163.93,$1.34,17.48,$0.52B,$0.25B,2.12,$0.24B,$0.80B,0.3,$1.39B,$0.34B,24.62%,$1.39B,$0.19B,13.71%,$1.39B,$0.19B,13.71%,$1.39B,$0.26B,18.31%,$1.39B,$0.18B,12.63%,$1.39B,$0.14B,9.69%,$0.14B,$0.80B,17.49%,$0.14B,$0.75B,18.89%,$0.14B,$1.38B,10.20%,$0.19B,$1.04B,18.76%,$355,$270,$86,$8,$28,$306,$49,$-2,$47,$8,$39,$40,$40,$64,$49,$99,101,$0.39,$0.40,$50,$216,$0,$524,$722,$22,$57,$18,$852,$1376,$248,$238,$20,$326,$574,$1,$284,$-40,$802,$1376,$136,$62,$22,$84,$-28,$-49,$0,$-6,$-49,$171,$-158,$0,$0,$0,$0,$0,$-5,$-163,$-28,$-57,$-85,$11,$11,$0,$0,$-74,$-68,$14,$0
28,2011-09-30,21.44,$8.02,2.67,$13.41,1.6,$0.80,26.92,$1.18,18.17,$0.53B,$0.22B,2.4,$0.24B,$0.79B,0.3,$1.35B,$0.33B,24.09%,$1.35B,$0.17B,12.82%,$1.35B,$0.17B,12.82%,$1.35B,$0.24B,17.49%,$1.35B,$0.16B,11.56%,$1.35B,$0.12B,8.75%,$0.12B,$0.79B,16.03%,$0.12B,$0.73B,17.37%,$0.12B,$1.32B,9.12%,$0.17B,$1.03B,17.32%,$352,$265,$87,$8,$30,$306,$46,$-2,$44,$12,$32,$32,$32,$60,$46,$99,101,$0.33,$0.32,$48,$213,$0,$530,$664,$22,$58,$18,$791,$1321,$221,$237,$74,$311,$532,$1,$244,$-9,$789,$1321,$96,$48,$28,$76,$-32,$-42,$0,$-6,$-61,$111,$-100,$0,$0,$0,$0,$0,$-5,$-105,$-222,$135,$-87,$9,$9,$0,$0,$-78,$-69,$11,$0
29,2011-06-30,21.18,$7.90,2.68,$12.87,1.65,$1.06,20.0,$1.02,20.77,$0.52B,$0.23B,2.3,$0.24B,$0.78B,0.31,$1.29B,$0.31B,23.92%,$1.29B,$0.16B,12.54%,$1.29B,$0.16B,12.54%,$1.29B,$0.23B,17.96%,$1.29B,$0.13B,10.37%,$1.29B,$0.10B,7.89%,$0.10B,$0.78B,14.62%,$0.10B,$0.72B,15.91%,$0.10B,$1.32B,7.99%,$0.16B,$1.02B,16.51%,$354,$267,$87,$8,$30,$304,$49,$-3,$47,$9,$37,$37,$37,$64,$49,$99,101,$0.38,$0.37,$56,$208,$0,$522,$637,$22,$57,$18,$797,$1319,$227,$242,$74,$316,$543,$1,$212,$14,$777,$1319,$64,$34,$6,$39,$-25,$-32,$0,$-5,$-26,$77,$-68,$0,$0,$0,$0,$0,$0,$-68,$-219,$135,$-84,$7,$7,$0,$0,$-77,$-61,$9,$0
30,2011-03-31,19.05,$7.34,2.59,$12.42,1.53,$1.08,17.63,$0.88,21.65,$0.50B,$0.21B,2.42,$0.27B,$0.72B,0.37,$1.24B,$0.30B,24.14%,$1.24B,$0.15B,12.39%,$1.24B,$0.15B,12.39%,$1.24B,$0.22B,17.94%,$1.24B,$0.12B,9.65%,$1.24B,$0.09B,7.08%,$0.09B,$0.72B,13.56%,$0.09B,$0.66B,14.85%,$0.09B,$1.28B,7.01%,$0.15B,$0.99B,16.02%,$332,$249,$83,$9,$33,$284,$47,$-9,$38,$12,$26,$26,$26,$67,$47,$98,100,$0.27,$0.26,$51,$199,$0,$504,$619,$21,$57,$22,$773,$1277,$209,$268,$81,$349,$558,$1,$175,$9,$719,$1277,$26,$20,$8,$27,$-30,$-24,$0,$-7,$-37,$17,$-36,$0,$0,$0,$0,$0,$0,$-36,$-56,$0,$-56,$3,$3,$0,$0,$-53,$-67,$6,$0
31,2010-12-31,17.5,$6.78,2.58,$11.77,1.49,$1.17,14.93,$0.78,22.44,$0.50B,$0.21B,2.42,$0.31B,$0.66B,0.46,$1.17B,$0.28B,24.11%,$1.17B,$0.13B,11.16%,$1.17B,$0.13B,11.16%,$1.17B,$0.19B,16.44%,$1.17B,$0.10B,8.43%,$1.17B,$0.08B,6.64%,$0.08B,$0.66B,12.71%,$0.08B,$0.60B,13.99%,$0.08B,$1.26B,6.30%,$0.13B,$0.96B,13.81%,$311,$243,$68,$8,$29,$280,$31,$-4,$27,$4,$23,$23,$23,$45,$31,$98,100,$0.23,$0.22,$117,$170,$0,$498,$598,$20,$56,$22,$760,$1258,$206,$305,$26,$393,$599,$1,$148,$-15,$659,$1258,$77,$64,$26,$89,$-23,$-17,$0,$-5,$-40,$127,$-49,$0,$0,$0,$0,$0,$0,$-49,$-61,$-3,$-63,$3,$3,$0,$-5,$-65,$7,$12,$0
32,2010-09-30,17.21,$6.54,2.63,$11.38,1.51,$1.15,14.94,$0.61,28.22,$0.50B,$0.20B,2.54,$0.32B,$0.64B,0.51,$1.13B,$0.27B,23.98%,$1.13B,$0.12B,10.18%,$1.13B,$0.12B,10.18%,$1.13B,$0.18B,15.58%,$1.13B,$0.08B,7.08%,$1.13B,$0.06B,5.40%,$0.06B,$0.64B,10.29%,$0.06B,$0.58B,11.37%,$0.06B,$1.25B,4.94%,$0.12B,$0.96B,12.22%,$295,$224,$71,$7,$29,$260,$35,$-12,$22,$7,$16,$16,$16,$56,$35,$98,100,$0.16,$0.16,$79,$198,$0,$500,$580,$19,$57,$22,$751,$1251,$197,$321,$98,$419,$616,$1,$126,$-13,$635,$1251,$55,$49,$18,$67,$-29,$-43,$0,$-9,$-53,$69,$-31,$0,$0,$0,$0,$0,$0,$-31,$-64,$0,$-64,$1,$1,$0,$-4,$-66,$-32,$11,$0
33,2010-06-30,15.01,$5.99,2.5,$11.05,1.36,$1.37,10.99,$0.56,26.8,$0.49B,$0.19B,2.52,$0.36B,$0.58B,0.61,$1.09B,$0.25B,23.08%,$1.09B,$0.10B,9.16%,$1.09B,$0.10B,9.16%,$1.09B,$0.15B,14.01%,$1.09B,$0.07B,6.50%,$1.09B,$0.06B,5.04%,$0.06B,$0.58B,9.47%,$0.06B,$0.53B,10.49%,$0.06B,$1.23B,4.48%,$0.10B,$0.94B,10.57%,$305,$227,$78,$8,$30,$265,$41,$-7,$33,$11,$23,$23,$23,$55,$41,$98,100,$0.24,$0.23,$84,$175,$0,$489,$569,$19,$56,$24,$746,$1234,$194,$357,$101,$458,$652,$1,$110,$-47,$583,$1234,$39,$28,$11,$39,$-52,$-29,$0,$-2,$-47,$32,$-20,$0,$0,$0,$0,$0,$0,$-20,$-0,$-28,$-29,$1,$1,$0,$0,$-28,$-26,$8,$0
34,2010-03-31,13.97,$5.95,2.35,$10.83,1.29,$1.47,9.47,$0.50,27.94,$0.44B,$0.17B,2.66,$0.36B,$0.58B,0.62,$1.06B,$0.24B,22.27%,$1.06B,$0.09B,8.36%,$1.06B,$0.09B,8.36%,$1.06B,$0.14B,13.35%,$1.06B,$0.06B,5.64%,$1.06B,$0.05B,4.61%,$0.05B,$0.58B,8.49%,$0.05B,$0.52B,9.42%,$0.05B,$1.21B,4.01%,$0.09B,$0.94B,9.36%,$263,$197,$66,$7,$31,$239,$24,$-7,$17,$2,$16,$16,$16,$37,$24,$97,99,$0.16,$0.16,$66,$167,$0,$437,$587,$18,$56,$22,$769,$1206,$165,$359,$106,$465,$629,$1,$87,$-26,$577,$1206,$16,$14,$5,$18,$-16,$-14,$0,$-3,$-31,$3,$-13,$0,$0,$0,$0,$0,$0,$-13,$-29,$0,$-29,$-1,$-1,$0,$0,$-30,$-44,$6,$0
35,2009-12-31,12.56,$5.84,2.15,$11.33,1.11,$1.32,9.55,$0.58,21.65,$0.46B,$0.20B,2.29,$0.36B,$0.58B,0.62,$1.11B,$0.25B,22.38%,$1.11B,$0.11B,9.48%,$1.11B,$0.11B,9.48%,$1.11B,$0.16B,14.08%,$1.11B,$0.08B,7.04%,$1.11B,$0.06B,5.05%,$0.06B,$0.58B,9.93%,$0.06B,$0.52B,11.03%,$0.06B,$1.25B,4.58%,$0.11B,$0.93B,11.10%,$267,$210,$56,$8,$27,$252,$15,$-6,$8,$3,$6,$6,$6,$28,$15,$97,98,$0.06,$0.05,$110,$157,$0,$461,$602,$18,$57,$23,$786,$1247,$202,$359,$37,$469,$671,$1,$71,$-7,$576,$1247,$56,$52,$27,$78,$32,$38,$0,$-4,$39,$173,$-98,$0,$0,$0,$-6,$-6,$0,$-104,$8,$-11,$-3,$1,$1,$0,$-10,$-13,$59,$8,$0
36,2009-09-30,11.07,$5.96,1.86,$11.58,0.96,$-0.25,0.0,$0.81,13.67,$0.45B,$0.16B,2.82,$0.39B,$0.59B,0.66,$1.13B,$0.25B,22.46%,$1.13B,$0.12B,10.52%,$1.13B,$0.12B,10.52%,$1.13B,$0.17B,14.85%,$1.13B,$0.10B,8.40%,$1.13B,$0.08B,6.90%,$0.08B,$0.59B,14.25%,$0.08B,$0.53B,15.89%,$0.08B,$1.23B,6.43%,$0.12B,$0.98B,12.68%,$257,$205,$52,$8,$26,$238,$20,$-7,$13,$3,$10,$10,$10,$33,$20,$97,98,$0.11,$0.11,$95,$158,$0,$449,$597,$17,$57,$24,$776,$1225,$160,$389,$89,$478,$637,$1,$65,$13,$588,$1225,$51,$39,$20,$59,$38,$39,$0,$-9,$31,$140,$-82,$0,$0,$0,$-6,$-6,$0,$-88,$175,$-178,$-3,$-1,$-1,$0,$-10,$-14,$44,$7,$0
37,2009-06-30,9.22,$5.75,1.6,$12.35,0.75,$-1.68,0.0,$1.04,8.87,$0.46B,$0.17B,2.64,$0.39B,$0.57B,0.69,$1.21B,$0.27B,22.66%,$1.21B,$0.14B,11.29%,$1.21B,$0.14B,11.29%,$1.21B,$0.18B,15.19%,$1.21B,$0.11B,9.38%,$1.21B,$0.10B,8.38%,$0.10B,$0.57B,19.14%,$0.10B,$0.51B,21.41%,$0.10B,$1.22B,8.39%,$0.14B,$0.96B,14.78%,$277,$214,$63,$6,$25,$248,$30,$-8,$22,$6,$17,$17,$17,$44,$30,$97,98,$0.17,$0.17,$73,$171,$0,$456,$585,$11,$57,$27,$759,$1215,$173,$391,$84,$475,$648,$1,$55,$4,$567,$1215,$40,$25,$16,$42,$15,$23,$0,$-1,$4,$86,$-64,$0,$0,$0,$0,$0,$0,$-64,$9,$0,$9,$-1,$-1,$0,$-10,$-2,$22,$6,$0
38,2009-03-31,6.36,$5.33,1.19,$13.19,0.48,$-2.84,0.0,$1.14,5.58,$0.47B,$0.20B,2.33,$0.39B,$0.53B,0.75,$1.29B,$0.29B,22.20%,$1.29B,$0.14B,10.48%,$1.29B,$0.14B,10.48%,$1.29B,$0.18B,13.98%,$1.29B,$0.11B,8.85%,$1.29B,$0.11B,8.62%,$0.11B,$0.53B,21.70%,$0.11B,$0.47B,24.37%,$0.11B,$1.20B,9.22%,$0.14B,$0.92B,14.93%,$307,$230,$77,$8,$29,$267,$40,$-5,$35,$11,$23,$23,$23,$51,$40,$97,97,$0.24,$0.24,$27,$185,$0,$469,$563,$11,$56,$20,$730,$1200,$202,$392,$81,$473,$674,$1,$38,$-20,$525,$1200,$23,$11,$12,$23,$-36,$5,$0,$5,$-33,$14,$-39,$0,$0,$0,$0,$0,$0,$-39,$4,$0,$4,$-1,$-1,$0,$0,$3,$-24,$5,$0
39,2008-12-31,7.15,$5.18,1.38,$13.56,0.53,$-3.18,0.0,$1.14,6.27,$0.48B,$0.22B,2.14,$0.39B,$0.51B,0.77,$1.33B,$0.29B,21.79%,$1.33B,$0.13B,9.88%,$1.33B,$0.13B,9.88%,$1.33B,$0.18B,13.35%,$1.33B,$0.11B,8.30%,$1.33B,$0.11B,8.37%,$0.11B,$0.51B,22.31%,$0.11B,$0.45B,25.18%,$0.11B,$1.21B,9.29%,$0.13B,$0.90B,14.80%,$290,$228,$62,$7,$24,$261,$29,$-4,$25,$-3,$28,$28,$28,$40,$29,$96,98,$0.29,$0.29,$51,$195,$0,$481,$552,$11,$56,$22,$730,$1210,$224,$393,$36,$477,$701,$1,$15,$-9,$509,$1210,$111,$46,$-12,$34,$-3,$-20,$0,$3,$-48,$98,$-176,$0,$0,$0,$22,$22,$0,$-154,$79,$0,$79,$1,$1,$0,$0,$80,$23,$9,$0
40,2008-09-30,13.25,$5.30,2.5,$13.88,0.95,$-2.53,0.0,$0.97,13.66,$0.50B,$0.20B,2.45,$0.39B,$0.51B,0.77,$1.35B,$0.30B,22.23%,$1.35B,$0.12B,9.08%,$1.35B,$0.12B,9.08%,$1.35B,$0.17B,12.33%,$1.35B,$0.10B,7.46%,$1.35B,$0.10B,7.02%,$0.10B,$0.51B,19.91%,$0.10B,$0.45B,22.61%,$0.10B,$1.19B,8.20%,$0.12B,$0.90B,14.55%,$331,$260,$71,$8,$27,$295,$37,$-5,$31,$11,$20,$33,$33,$48,$37,$97,98,$0.34,$0.34,$49,$201,$0,$499,$523,$10,$56,$25,$690,$1189,$204,$393,$82,$475,$679,$1,$-15,$22,$510,$1189,$83,$34,$-2,$32,$-19,$-23,$0,$11,$-67,$49,$-131,$0,$0,$0,$22,$22,$0,$-109,$79,$0,$79,$1,$1,$0,$0,$81,$21,$9,$0
41,2008-06-30,18.67,$5.22,3.57,$13.40,1.39,$-1.83,0.0,$0.81,23.06,$0.52B,$0.23B,2.24,$0.39B,$0.50B,0.78,$1.30B,$0.30B,22.78%,$1.30B,$0.12B,8.90%,$1.30B,$0.12B,8.90%,$1.30B,$0.16B,12.35%,$1.30B,$0.09B,7.21%,$1.30B,$0.08B,6.06%,$0.08B,$0.50B,17.72%,$0.08B,$0.45B,20.36%,$0.08B,$1.22B,7.08%,$0.12B,$0.90B,14.56%,$360,$283,$76,$8,$30,$330,$29,$-6,$23,$-2,$25,$27,$27,$41,$29,$96,98,$0.28,$0.27,$19,$208,$0,$520,$518,$20,$57,$20,$698,$1218,$233,$394,$89,$483,$716,$1,$-48,$48,$502,$1218,$50,$23,$-2,$22,$-43,$-21,$0,$9,$-77,$-6,$-86,$0,$0,$0,$0,$0,$0,$-86,$-0,$80,$79,$2,$2,$0,$0,$81,$-9,$7,$0
42,2008-03-31,18.49,$4.88,3.79,$12.73,1.45,$-1.09,0.0,$0.63,29.35,$0.49B,$0.24B,2.05,$0.37B,$0.47B,0.79,$1.23B,$0.29B,23.58%,$1.23B,$0.12B,9.81%,$1.23B,$0.12B,9.81%,$1.23B,$0.16B,13.29%,$1.23B,$0.10B,8.02%,$1.23B,$0.06B,4.94%,$0.06B,$0.47B,14.95%,$0.06B,$0.41B,17.44%,$0.06B,$1.16B,5.65%,$0.12B,$0.84B,15.91%,$345,$264,$80,$9,$32,$308,$36,$-5,$31,$10,$22,$23,$23,$48,$36,$96,98,$0.24,$0.24,$26,$202,$0,$494,$487,$19,$57,$20,$670,$1164,$241,$371,$84,$455,$695,$1,$-74,$45,$469,$1164,$23,$11,$8,$20,$-35,$-15,$0,$7,$-57,$-15,$-44,$0,$0,$0,$0,$0,$0,$-44,$56,$0,$56,$-0,$-0,$0,$0,$55,$-2,$5,$0
43,2007-12-31,23.49,$4.38,5.36,$12.15,1.93,$-0.76,0.0,$0.63,37.29,$0.44B,$0.24B,1.78,$0.32B,$0.43B,0.74,$1.17B,$0.28B,24.15%,$1.17B,$0.12B,9.81%,$1.17B,$0.12B,9.81%,$1.17B,$0.16B,13.31%,$1.17B,$0.09B,7.85%,$1.17B,$0.06B,5.29%,$0.06B,$0.43B,16.58%,$0.06B,$0.37B,19.92%,$0.06B,$1.06B,5.90%,$0.12B,$0.74B,15.57%,$318,$243,$74,$9,$29,$297,$21,$-5,$16,$4,$12,$13,$12,$30,$21,$95,97,$0.13,$0.13,$28,$179,$0,$435,$443,$18,$57,$19,$626,$1061,$244,$316,$33,$389,$633,$1,$-97,$33,$428,$1061,$61,$42,$5,$46,$-10,$-19,$0,$7,$-6,$101,$-115,$0,$0,$0,$-2,$-2,$85,$-32,$-97,$0,$-97,$21,$21,$0,$0,$-76,$2,$10,$0
44,2007-09-30,21.97,$4.04,5.44,$11.18,1.97,$-0.82,0.0,$0.71,30.95,$0.44B,$0.23B,1.88,$0.32B,$0.38B,0.84,$1.08B,$0.26B,24.44%,$1.08B,$0.11B,10.32%,$1.08B,$0.11B,10.32%,$1.08B,$0.15B,14.22%,$1.08B,$0.09B,8.18%,$1.08B,$0.07B,6.32%,$0.07B,$0.38B,19.85%,$0.07B,$0.33B,24.35%,$0.07B,$1.02B,6.55%,$0.11B,$0.71B,15.20%,$281,$214,$67,$8,$26,$251,$30,$-6,$24,$7,$17,$18,$17,$42,$30,$95,97,$0.18,$0.18,$31,$179,$0,$435,$400,$17,$59,$16,$586,$1020,$231,$323,$82,$405,$636,$1,$-109,$8,$384,$1020,$50,$32,$12,$44,$-7,$-22,$0,$1,$-37,$58,$-72,$0,$84,$0,$-2,$-2,$0,$11,$-0,$-88,$-88,$17,$17,$0,$0,$-71,$6,$8,$0
45,2007-06-30,20.39,$3.71,5.5,$10.92,1.87,$-1.00,0.0,$0.69,29.55,$0.47B,$0.25B,1.9,$0.40B,$0.35B,1.15,$1.05B,$0.25B,24.16%,$1.05B,$0.11B,10.03%,$1.05B,$0.11B,10.03%,$1.05B,$0.14B,13.75%,$1.05B,$0.08B,7.83%,$1.05B,$0.07B,6.40%,$0.07B,$0.35B,20.89%,$0.07B,$0.29B,26.46%,$0.07B,$1.07B,6.52%,$0.11B,$0.75B,14.29%,$290,$219,$70,$9,$27,$256,$34,$-6,$28,$12,$16,$18,$9,$44,$34,$94,96,$0.09,$0.09,$36,$167,$0,$467,$379,$16,$59,$17,$607,$1073,$246,$402,$73,$477,$723,$1,$-127,$2,$351,$1073,$32,$21,$9,$30,$-20,$-14,$0,$-10,$-35,$27,$-46,$0,$25,$0,$-2,$-2,$0,$-23,$-0,$-8,$-8,$8,$8,$0,$0,$-1,$10,$7,$0
46,2007-03-31,19.21,$3.54,5.43,$10.78,1.78,$-1.13,0.0,$0.78,24.62,$0.46B,$0.21B,2.15,$0.42B,$0.33B,1.26,$1.03B,$0.25B,24.35%,$1.03B,$0.11B,10.18%,$1.03B,$0.11B,10.18%,$1.03B,$0.14B,13.77%,$1.03B,$0.08B,7.95%,$1.03B,$0.08B,7.37%,$0.08B,$0.33B,25.19%,$0.08B,$0.26B,33.01%,$0.08B,$1.05B,7.62%,$0.11B,$0.75B,14.56%,$283,$211,$72,$10,$31,$253,$30,$-6,$24,$10,$14,$15,$24,$40,$30,$94,96,$0.25,$0.24,$34,$190,$0,$455,$377,$14,$76,$21,$591,$1046,$211,$419,$82,$501,$713,$1,$-135,$-1,$333,$1046,$24,$10,$-2,$9,$-17,$-14,$0,$4,$-42,$-10,$-16,$0,$25,$0,$-2,$-2,$0,$7,$45,$-36,$9,$3,$3,$0,$0,$13,$8,$5,$0
47,2006-12-31,16.85,$3.16,5.33,$11.01,1.53,$-1.20,0.0,$0.69,24.41,$0.43B,$0.22B,1.94,$0.41B,$0.30B,1.36,$1.05B,$0.25B,23.74%,$1.05B,$0.10B,9.91%,$1.05B,$0.10B,9.91%,$1.05B,$0.14B,13.63%,$1.05B,$0.08B,7.53%,$1.05B,$0.07B,6.39%,$0.07B,$0.30B,24.10%,$0.07B,$0.24B,32.41%,$0.07B,$1.02B,6.90%,$0.10B,$0.71B,14.77%,$222,$168,$54,$8,$23,$206,$17,$-4,$12,$11,$1,$18,$18,$27,$17,$93,96,$0.19,$0.19,$26,$151,$44,$426,$346,$11,$59,$70,$589,$1015,$219,$410,$13,$494,$713,$1,$-157,$-2,$302,$1015,$66,$39,$7,$46,$-12,$-14,$0,$4,$-14,$98,$-118,$0,$0,$0,$22,$22,$1,$-95,$-8,$0,$-8,$11,$11,$0,$0,$3,$5,$8,$0
