,Date,Stock Price,Book Value per Share,Price to Book Ratio,TTM Sales per Share,Price to Sales Ratio,TTM FCF per Share,Price to FCF Ratio,TTM Net EPS,PE Ratio,Current Assets,Current Liabilities,Current Ratio,Long Term Debt,Shareholder's Equity_x,Debt to Equity Ratio,TTM Revenue_x,TTM Gross Profit,Gross Margin,TTM Revenue_y,TTM Operating Income,Operating Margin,TTM Revenue_x,TTM EBIT,EBIT Margin,TTM Revenue_y,TTM EBITDA,EBITDA Margin,TTM Revenue_x,TTM Pre-Tax Income,Pre-Tax Margin,TTM Revenue_y,TTM Net Income_x,Net Margin,TTM Net Income_y,Shareholder's Equity_y,Return on Equity,TTM Net Income_x,Tangible Equity,Return on Tangible Equity,TTM Net Income_y,Total Assets,Return on Assets,TTM Net Income,LT Investments & Debt,Return on Investment,revenue,cost-goods-sold,gross-profit,research-development-expenses,selling-general-administrative-expenses,operating-expenses,operating-income,total-non-operating-income-expense,pre-tax-income,total-provision-income-taxes,income-after-taxes,income-from-continuous-operations,net-income,ebitda,ebit,basic-shares-outstanding,shares-outstanding,eps-basic-net-earnings-per-share,eps-earnings-per-share-diluted,cash-on-hand,inventory,other-current-assets,total-current-assets,net-property-plant-equipment,long-term-investments,goodwill-intangible-assets-total,other-long-term-assets,total-long-term-assets,total-assets,total-current-liabilities,long-term-debt,other-non-current-liabilities,total-long-term-liabilities,total-liabilities,common-stock-net,retained-earnings-accumulated-deficit,comprehensive-income,total-share-holder-equity,total-liabilities-share-holders-equity,net-income-loss,total-depreciation-amortization-cash-flow,other-non-cash-items,total-non-cash-items,change-in-accounts-receivable,change-in-inventories,change-in-accounts-payable,change-in-assets-liabilities,total-change-in-assets-liabilities,cash-flow-from-operating-activities,net-change-in-property-plant-equipment,net-change-in-intangible-assets,net-acquisitions-divestitures,net-change-in-short-term-investments,net-change-in-long-term-investments,net-change-in-investments-total,investing-activities-other,cash-flow-from-investing-activities,net-long-term-debt,net-current-debt,debt-issuance-retirement-net-total,net-common-equity-issued-repurchased,net-total-equity-issued-repurchased,total-common-preferred-stock-dividends-paid,financial-activities-other,cash-flow-from-financial-activities,net-cash-flow,stock-based-compensation,common-stock-dividends-paid
0,2018-09-30,19.58,$5.47,3.58,$6.76,2.9,$1.87,10.49,$-1.29,0.0,$1.34B,$0.69B,1.94,$1.89B,$0.92B,2.06,$1.13B,$0.66B,58.61%,$1.13B,$-0.15B,-13.06%,$1.13B,$-0.15B,-13.06%,$1.13B,$0.15B,13.50%,$1.13B,$-0.27B,-23.98%,$1.13B,$-0.21B,-18.65%,$-0.21B,$0.92B,-23.15%,$-0.21B,$-1.72B,11.42%,$-0.21B,$4.02B,-5.18%,$-0.15B,$2.81B,-5.27%,$325,$99,$226,$21,$162,$271,$54,$-30,$24,$-2,$26,$26,$26,$129,$54,$167,172,$0.16,$0.15,$813,$53,$0,$1339,$17,$0,$2636,$27,$2680,$4019,$692,$1891,$363,$2411,$3103,$0,$-1415,$-1,$917,$4019,$-164,$224,$158,$382,$14,$8,$30,$-178,$-132,$86,$9,$0,$0,$0,$0,$0,$-12,$-3,$-28,$0,$-28,$14,$14,$0,$-13,$-26,$56,$87,$0
1,2018-06-30,16.56,$5.16,3.21,$6.53,2.53,$2.16,7.68,$-1.83,0.0,$1.24B,$0.73B,1.7,$1.89B,$0.86B,2.19,$1.07B,$0.58B,54.05%,$1.07B,$-0.23B,-21.16%,$1.07B,$-0.23B,-21.16%,$1.07B,$0.07B,6.80%,$1.07B,$-0.35B,-32.71%,$1.07B,$-0.30B,-27.96%,$-0.30B,$0.86B,-32.33%,$-0.30B,$-1.84B,15.82%,$-0.30B,$3.99B,-7.33%,$-0.23B,$2.75B,-8.08%,$303,$100,$203,$24,$177,$301,$2,$-31,$-29,$4,$-33,$-33,$-33,$76,$2,$166,166,$-0.20,$-0.20,$717,$50,$0,$1235,$18,$0,$2704,$29,$2755,$3990,$726,$1885,$361,$2404,$3130,$0,$-1441,$-1,$860,$3990,$-190,$149,$122,$271,$2,$12,$-4,$-76,$-80,$1,$-1,$0,$0,$0,$0,$0,$-12,$-13,$-28,$0,$-28,$8,$8,$0,$-9,$-29,$-41,$59,$0
2,2018-03-31,14.2,$5.22,2.72,$6.48,2.19,$2.59,5.49,$-2.92,0.0,$1.19B,$0.76B,1.56,$1.87B,$0.86B,2.17,$1.06B,$0.54B,50.57%,$1.06B,$-0.42B,-39.15%,$1.06B,$-0.42B,-39.15%,$1.06B,$-0.11B,-10.57%,$1.06B,$-0.53B,-50.28%,$1.06B,$-0.48B,-45.00%,$-0.48B,$0.86B,-49.16%,$-0.48B,$-1.91B,24.70%,$-0.48B,$4.00B,-11.53%,$-0.42B,$2.73B,-14.55%,$224,$116,$108,$18,$180,$351,$-127,$-30,$-158,$-0,$-157,$-157,$-157,$-53,$-127,$165,165,$-0.96,$-0.96,$681,$47,$0,$1185,$19,$0,$2771,$27,$2818,$4003,$759,$1867,$358,$2383,$3142,$0,$-1408,$-1,$861,$4003,$-157,$74,$80,$154,$1,$14,$7,$-84,$-58,$-61,$-1,$0,$0,$0,$0,$0,$-12,$-13,$-2,$0,$-2,$1,$1,$0,$-4,$-5,$-77,$28,$0
3,2017-12-31,14.6,$6.03,2.42,$6.48,2.25,$3.10,4.7,$-2.52,0.0,$1.27B,$0.80B,1.6,$1.89B,$0.99B,1.91,$1.06B,$0.51B,48.25%,$1.06B,$-0.39B,-37.18%,$1.06B,$-0.39B,-37.18%,$1.06B,$-0.09B,-8.23%,$1.06B,$-0.51B,-48.53%,$1.06B,$-0.41B,-38.88%,$-0.41B,$0.99B,-38.90%,$-0.41B,$-1.89B,21.19%,$-0.41B,$4.20B,-9.72%,$-0.39B,$2.88B,-13.36%,$274,$151,$123,$31,$190,$350,$-76,$-31,$-107,$-61,$-46,$-46,$-46,$0,$-76,$163,163,$-0.28,$-0.28,$758,$62,$0,$1268,$20,$0,$2876,$36,$2936,$4204,$795,$1891,$359,$2418,$3213,$0,$-1252,$-1,$991,$4204,$-411,$305,$244,$549,$-62,$108,$-17,$217,$142,$280,$-4,$0,$-98,$0,$0,$0,$1,$-102,$75,$0,$75,$10,$10,$0,$-27,$58,$242,$125,$0
4,2017-09-30,12.68,$6.10,2.08,$6.73,1.88,$3.61,3.51,$-3.05,0.0,$1.16B,$0.71B,1.64,$1.89B,$1.00B,1.89,$1.09B,$0.55B,50.14%,$1.09B,$-0.45B,-40.90%,$1.09B,$-0.45B,-40.90%,$1.09B,$-0.15B,-13.27%,$1.09B,$-0.57B,-51.78%,$1.09B,$-0.50B,-45.38%,$-0.50B,$1.00B,-44.10%,$-0.50B,$-1.95B,25.34%,$-0.50B,$4.17B,-11.67%,$-0.45B,$2.89B,-14.96%,$272,$126,$146,$18,$154,$297,$-26,$-31,$-57,$7,$-64,$-64,$-64,$50,$-26,$163,163,$-0.39,$-0.39,$631,$87,$0,$1162,$22,$0,$2944,$36,$3008,$4169,$708,$1889,$337,$2462,$3170,$0,$-1206,$-2,$1000,$4169,$-364,$229,$231,$460,$-102,$83,$-18,$124,$45,$141,$-4,$0,$-100,$0,$0,$0,$0,$-104,$73,$0,$73,$6,$6,$0,$-6,$74,$115,$91,$0
5,2017-06-30,11.87,$6.30,1.88,$6.37,1.86,$4.12,2.88,$-2.70,0.0,$1.10B,$0.68B,1.61,$1.88B,$1.03B,1.83,$1.03B,$0.53B,51.07%,$1.03B,$-0.44B,-42.91%,$1.03B,$-0.44B,-42.91%,$1.03B,$-0.16B,-15.53%,$1.03B,$-0.54B,-52.72%,$1.03B,$-0.44B,-42.52%,$-0.44B,$1.03B,-36.04%,$-0.44B,$-1.99B,26.33%,$-0.44B,$4.17B,-10.82%,$-0.44B,$2.91B,-15.28%,$290,$130,$159,$163,$160,$475,$-186,$-26,$-211,$-2,$-210,$-210,$-210,$-109,$-186,$163,163,$-1.29,$-1.29,$562,$102,$0,$1101,$23,$0,$3015,$30,$3069,$4170,$682,$1884,$357,$2459,$3141,$0,$-1142,$-2,$1029,$4170,$-300,$154,$171,$324,$-97,$68,$30,$135,$49,$73,$-3,$0,$-99,$0,$0,$0,$0,$-101,$73,$0,$73,$4,$4,$0,$-5,$72,$45,$58,$0
6,2017-03-31,14.78,$7.41,1.99,$6.16,2.4,$4.23,3.5,$-1.32,0.0,$1.20B,$0.72B,1.67,$1.88B,$1.21B,1.56,$1.00B,$0.54B,54.46%,$1.00B,$-0.23B,-22.57%,$1.00B,$-0.23B,-22.57%,$1.00B,$0.04B,3.71%,$1.00B,$-0.32B,-32.10%,$1.00B,$-0.21B,-21.36%,$-0.21B,$1.21B,-16.48%,$-0.21B,$-1.94B,15.43%,$-0.21B,$4.38B,-5.59%,$-0.23B,$3.09B,-8.08%,$221,$139,$82,$13,$174,$326,$-105,$-33,$-138,$-48,$-91,$-91,$-91,$-28,$-105,$162,162,$-0.56,$-0.56,$610,$138,$0,$1197,$24,$0,$3149,$3,$3178,$4375,$718,$1881,$320,$2451,$3169,$0,$-931,$-3,$1206,$4375,$-91,$77,$-8,$69,$-94,$37,$36,$113,$46,$25,$-1,$0,$0,$0,$0,$0,$0,$-1,$75,$0,$75,$1,$1,$0,$-4,$71,$94,$29,$0
7,2016-12-31,16.18,$7.82,2.07,$6.08,2.66,$4.37,3.7,$-1.04,0.0,$1.05B,$0.61B,1.73,$1.80B,$1.26B,1.42,$0.98B,$0.59B,59.94%,$0.98B,$-0.15B,-14.98%,$0.98B,$-0.15B,-14.98%,$0.98B,$0.09B,9.48%,$0.98B,$-0.23B,-23.34%,$0.98B,$-0.17B,-17.02%,$-0.17B,$1.26B,-12.71%,$-0.17B,$-1.96B,14.77%,$-0.17B,$4.29B,-4.75%,$-0.15B,$3.06B,-5.61%,$310,$150,$161,$24,$201,$440,$-130,$-30,$-160,$-29,$-131,$-131,$-131,$-58,$-130,$161,161,$-0.81,$-0.81,$516,$175,$0,$1046,$23,$0,$3219,$2,$3246,$4292,$606,$1800,$318,$2422,$3028,$0,$-848,$-3,$1264,$4292,$-167,$240,$160,$401,$-67,$68,$32,$90,$136,$369,$-16,$0,$-1356,$0,$0,$0,$-4,$-1376,$652,$0,$652,$10,$10,$0,$-6,$657,$-351,$113,$0
8,2016-09-30,18.13,$8.45,2.15,$5.71,3.17,$3.37,5.38,$-0.08,0.0,$1.12B,$0.56B,2.01,$1.14B,$1.36B,0.84,$0.92B,$0.60B,65.94%,$0.92B,$0.02B,2.29%,$0.92B,$0.02B,2.29%,$0.92B,$0.24B,26.09%,$0.92B,$-0.08B,-8.73%,$0.92B,$-0.01B,-1.31%,$-0.01B,$1.36B,-0.90%,$-0.01B,$-0.77B,1.54%,$-0.01B,$3.35B,-0.37%,$0.02B,$2.51B,0.85%,$209,$85,$124,$13,$132,$230,$-21,$-12,$-34,$-28,$-6,$-6,$-6,$35,$-21,$161,161,$-0.04,$-0.04,$555,$162,$0,$1118,$21,$0,$2132,$72,$2232,$3350,$556,$1143,$185,$1431,$1988,$0,$-717,$-3,$1362,$3350,$-36,$168,$78,$246,$-142,$24,$50,$60,$21,$230,$-15,$0,$-520,$0,$0,$0,$-3,$-538,$-3,$0,$-3,$7,$7,$0,$-5,$-2,$-310,$84,$0
9,2016-06-30,16.47,$8.33,1.98,$5.78,2.85,$2.36,6.98,$-0.02,0.0,$0.94B,$0.42B,2.24,$1.14B,$1.34B,0.85,$0.93B,$0.65B,69.06%,$0.93B,$0.09B,9.42%,$0.93B,$0.09B,9.42%,$0.93B,$0.30B,32.01%,$0.93B,$-0.02B,-2.25%,$0.93B,$-0.00B,-0.32%,$-0.00B,$1.34B,-0.23%,$-0.00B,$-0.85B,0.40%,$-0.00B,$3.23B,-0.10%,$0.09B,$2.48B,3.61%,$257,$81,$176,$11,$134,$226,$31,$-19,$12,$-3,$15,$15,$15,$88,$31,$160,164,$0.09,$0.09,$428,$172,$0,$938,$22,$0,$2190,$72,$2289,$3227,$419,$1140,$191,$1470,$1889,$0,$-712,$-3,$1338,$3227,$-30,$111,$69,$181,$-84,$14,$42,$23,$-49,$101,$-13,$0,$-520,$0,$0,$0,$-1,$-534,$-2,$0,$-2,$5,$5,$0,$-5,$-2,$-435,$55,$0
10,2016-03-31,16.57,$8.06,2.06,$5.29,3.13,$1.62,10.21,$0.09,184.11,$0.88B,$0.44B,1.98,$1.14B,$1.29B,0.88,$0.85B,$0.58B,68.24%,$0.85B,$0.02B,2.82%,$0.85B,$0.02B,2.82%,$0.85B,$0.22B,25.41%,$0.85B,$-0.16B,-19.06%,$0.85B,$0.01B,1.65%,$0.01B,$1.29B,1.09%,$0.01B,$-0.95B,-1.95%,$0.01B,$3.21B,0.46%,$0.02B,$2.43B,0.99%,$205,$77,$127,$13,$142,$232,$-27,$-20,$-47,$-1,$-45,$-45,$-45,$28,$-27,$160,160,$-0.28,$-0.28,$389,$180,$0,$877,$19,$0,$2239,$67,$2329,$3205,$443,$1136,$192,$1471,$1914,$0,$-727,$-3,$1292,$3205,$-45,$55,$35,$90,$-70,$7,$53,$43,$10,$54,$-8,$0,$0,$0,$0,$0,$-516,$-523,$-1,$0,$-1,$1,$1,$0,$-4,$-4,$-474,$28,$0
11,2015-12-31,21.67,$8.22,2.64,$4.91,4.42,$0.76,28.69,$0.21,103.19,$1.11B,$0.36B,3.09,$1.13B,$1.31B,0.86,$0.76B,$0.54B,70.84%,$0.76B,$0.06B,7.39%,$0.76B,$0.06B,7.39%,$0.76B,$0.21B,28.10%,$0.76B,$-0.13B,-17.55%,$0.76B,$0.04B,5.15%,$0.04B,$1.31B,3.46%,$0.04B,$-0.56B,-8.13%,$0.04B,$3.06B,1.48%,$0.06B,$2.45B,2.64%,$245,$68,$177,$14,$125,$206,$38,$-50,$-11,$-35,$24,$24,$24,$88,$38,$149,156,$0.20,$0.19,$861,$18,$0,$1106,$14,$0,$1870,$66,$1952,$3059,$358,$1133,$133,$1388,$1745,$0,$-681,$-3,$1313,$3059,$40,$157,$-4,$154,$-125,$12,$-8,$102,$1,$194,$-7,$0,$-1022,$65,$-29,$36,$-1,$-995,$942,$0,$942,$503,$503,$0,$-3,$1442,$641,$84,$0
12,2015-09-30,19.82,$7.90,2.51,$4.58,4.33,$-0.16,0.0,$-0.21,0.0,$0.95B,$0.32B,2.97,$1.14B,$1.26B,0.9,$0.62B,$0.43B,69.85%,$0.62B,$0.03B,4.38%,$0.62B,$0.03B,4.38%,$0.62B,$0.15B,24.80%,$0.62B,$-0.16B,-25.28%,$0.62B,$-0.02B,-2.76%,$-0.02B,$1.26B,-1.82%,$-0.02B,$-0.66B,4.45%,$-0.02B,$3.00B,-0.79%,$0.03B,$2.40B,1.57%,$227,$61,$165,$13,$106,$181,$46,$-20,$25,$22,$3,$3,$3,$95,$46,$159,167,$0.02,$0.02,$685,$18,$0,$954,$10,$42,$1917,$76,$2045,$2999,$322,$1137,$130,$1419,$1741,$0,$-705,$-32,$1258,$2999,$16,$107,$-27,$80,$-135,$13,$38,$37,$-36,$59,$-5,$0,$-1022,$65,$-72,$-7,$-0,$-1034,$943,$0,$943,$500,$500,$0,$-2,$1441,$465,$56,$0
13,2015-06-30,34.74,$7.92,4.39,$4.10,8.48,$-0.30,0.0,$-0.21,0.0,$0.90B,$0.29B,3.09,$1.13B,$1.25B,0.9,$0.47B,$0.33B,70.32%,$0.47B,$-0.03B,-6.67%,$0.47B,$-0.03B,-6.67%,$0.47B,$0.06B,11.83%,$0.47B,$-0.18B,-39.14%,$0.47B,$-0.02B,-3.87%,$-0.02B,$1.25B,-2.43%,$-0.02B,$-0.71B,6.39%,$-0.02B,$2.94B,-1.07%,$-0.03B,$2.39B,-2.36%,$173,$62,$111,$9,$135,$206,$-33,$-96,$-129,$-161,$32,$32,$32,$5,$-33,$151,160,$0.21,$0.20,$668,$20,$0,$898,$10,$0,$1959,$76,$2044,$2943,$291,$1133,$134,$1398,$1689,$0,$-708,$-3,$1254,$2943,$12,$59,$75,$134,$-97,$11,$2,$-107,$-175,$-29,$-2,$0,$-1022,$65,$0,$65,$0,$-960,$944,$0,$944,$496,$496,$0,$-2,$1438,$448,$31,$0
14,2015-03-31,25.97,$5.16,5.03,$3.92,6.63,$0.10,265.0,$-0.79,0.0,$0.74B,$0.20B,3.75,$0.57B,$0.69B,0.82,$0.36B,$0.26B,71.79%,$0.36B,$-0.01B,-1.40%,$0.36B,$-0.01B,-1.40%,$0.36B,$0.05B,14.25%,$0.36B,$-0.08B,-22.35%,$0.36B,$-0.08B,-21.79%,$-0.08B,$0.69B,-17.39%,$-0.08B,$0.00B,67.53%,$-0.08B,$1.53B,-7.62%,$-0.01B,$1.26B,-0.68%,$113,$29,$84,$6,$73,$108,$5,$-22,$-18,$2,$-20,$-20,$-20,$25,$5,$126,126,$-0.16,$-0.16,$545,$14,$0,$736,$9,$0,$687,$77,$791,$1527,$196,$567,$49,$643,$839,$0,$-740,$-2,$688,$1527,$-20,$21,$16,$36,$-53,$3,$-0,$-31,$-87,$-71,$-2,$0,$0,$0,$0,$0,$0,$-1,$388,$0,$388,$12,$12,$0,$-1,$398,$325,$7,$0
15,2014-12-31,12.89,$4.36,2.96,$3.79,3.4,$0.65,19.68,$-3.70,0.0,$0.33B,$0.22B,1.49,$0.30B,$0.54B,0.55,$0.30B,$0.22B,73.06%,$0.30B,$-0.01B,-2.69%,$0.30B,$-0.01B,-2.69%,$0.30B,$0.04B,11.78%,$0.30B,$-0.27B,-90.57%,$0.30B,$-0.26B,-88.89%,$-0.26B,$0.54B,-120.41%,$-0.26B,$-0.17B,129.10%,$-0.26B,$1.11B,-36.85%,$-0.01B,$0.84B,-2.02%,$104,$33,$71,$7,$55,$95,$9,$-43,$-34,$-3,$-32,$-32,$-32,$28,$9,$84,84,$0.27,$0.28,$220,$17,$0,$325,$7,$0,$705,$78,$790,$1114,$219,$297,$50,$355,$574,$0,$-721,$-4,$540,$1114,$-264,$43,$234,$277,$-46,$7,$9,$45,$14,$28,$-4,$0,$-224,$0,$0,$0,$0,$-228,$287,$0,$287,$43,$43,$0,$8,$338,$138,$13,$0
16,2014-09-30,12.28,$4.59,2.68,$3.02,4.06,$-0.50,0.0,$-4.99,0.0,$0.36B,$0.28B,1.31,$0.30B,$0.49B,0.61,$0.22B,$0.17B,76.68%,$0.22B,$-0.02B,-10.31%,$0.22B,$-0.02B,-10.31%,$0.22B,$0.01B,2.69%,$0.22B,$-0.34B,-151.57%,$0.22B,$-0.34B,-150.22%,$-0.34B,$0.49B,-465.28%,$-0.34B,$-0.26B,160.86%,$-0.34B,$1.13B,-66.83%,$-0.02B,$0.78B,-11.36%,$75,$14,$61,$4,$69,$87,$-12,$11,$-1,$-3,$2,$2,$2,$-3,$-12,$78,86,$0.03,$0.02,$250,$24,$0,$361,$5,$0,$744,$16,$764,$1125,$276,$297,$54,$363,$639,$0,$-689,$-3,$485,$1125,$-232,$25,$225,$249,$-52,$0,$11,$41,$0,$17,$-2,$0,$-179,$0,$0,$0,$0,$-181,$287,$0,$287,$36,$36,$0,$9,$332,$168,$10,$0
17,2014-06-30,15.82,$1.09,14.57,$2.52,6.28,$-1.36,0.0,$-5.09,0.0,$0.20B,$0.20B,0.97,$0.00B,$0.08B,0.0,$0.17B,$0.13B,76.16%,$0.17B,$-0.01B,-8.14%,$0.17B,$-0.01B,-8.14%,$0.17B,$0.01B,5.23%,$0.17B,$-0.34B,-198.84%,$0.17B,$-0.34B,-198.84%,$-0.34B,$0.08B,1077.17%,$-0.34B,$-0.04B,240.00%,$-0.34B,$0.33B,-131.79%,$-0.01B,$0.08B,-44.09%,$66,$25,$41,$4,$45,$73,$-7,$-20,$-27,$1,$-28,$-28,$-28,$1,$-7,$73,73,$-0.38,$-0.38,$130,$9,$0,$198,$4,$0,$120,$6,$131,$328,$204,$0,$31,$43,$248,$0,$-691,$-3,$81,$328,$-234,$16,$237,$253,$-36,$-1,$6,$28,$-3,$16,$-1,$0,$0,$0,$0,$0,$0,$-1,$0,$0,$0,$33,$33,$0,$0,$33,$48,$6,$0
18,2014-03-31,15.12,$-3.21,-4.71,$1.80,8.42,$-2.11,0.0,$-5.00,0.0,$0.16B,$0.07B,2.34,$0.11B,$-0.23B,-0.49,$0.12B,$0.10B,84.62%,$0.12B,$-0.02B,-19.66%,$0.12B,$-0.02B,-19.66%,$0.12B,$-0.01B,-4.27%,$0.12B,$-0.33B,-285.47%,$0.12B,$-0.33B,-283.76%,$-0.33B,$-0.23B,962.32%,$-0.33B,$-0.36B,253.44%,$-0.33B,$0.30B,-152.82%,$-0.02B,$-0.12B,-62.16%,$52,$8,$44,$3,$40,$50,$2,$-209,$-207,$-1,$-206,$-206,$-206,$9,$2,$67,67,$-3.07,$-3.07,$104,$9,$0,$163,$4,$0,$126,$6,$136,$299,$70,$113,$335,$459,$528,$0,$-663,$-2,$-229,$299,$-206,$8,$206,$214,$-24,$-1,$0,$13,$-8,$-1,$-0,$0,$0,$0,$0,$0,$0,$-0,$0,$0,$0,$24,$24,$0,$0,$24,$23,$2,$0
19,2013-12-31,7.62,$-0.74,-10.26,$1.16,6.55,$-2.46,0.0,$-2.29,0.0,$0.11B,$0.04B,2.56,$0.11B,$-0.05B,-2.26,$0.07B,$0.06B,81.08%,$0.07B,$-0.04B,-59.46%,$0.07B,$-0.04B,-59.46%,$0.07B,$-0.03B,-40.54%,$0.07B,$-0.15B,-202.70%,$0.07B,$-0.15B,-200.00%,$-0.15B,$-0.05B,-338.29%,$-0.15B,$-0.18B,394.67%,$-0.15B,$0.25B,-80.00%,$-0.04B,$0.06B,-46.07%,$30,$5,$25,$3,$28,$36,$-6,$-97,$-103,$-0,$-103,$-103,$-103,$-1,$-6,$64,64,$-1.61,$-1.61,$81,$9,$0,$111,$4,$0,$131,$7,$142,$253,$43,$111,$135,$258,$302,$0,$-457,$-2,$-49,$253,$-149,$14,$88,$102,$-12,$-3,$4,$4,$-7,$-54,$-1,$0,$-35,$0,$0,$0,$0,$-36,$79,$0,$79,$7,$7,$0,$-19,$67,$-24,$5,$0
20,2013-09-30,3.35,$1.06,3.16,$0.84,3.97,$-3.60,0.0,$-1.13,0.0,$0.09B,$0.05B,1.89,$0.03B,$0.07B,0.43,$0.05B,$0.04B,76.00%,$0.05B,$-0.06B,-120.00%,$0.05B,$-0.06B,-120.00%,$0.05B,$-0.05B,-92.00%,$0.05B,$-0.07B,-144.00%,$0.05B,$-0.07B,-138.00%,$-0.07B,$0.07B,-83.64%,$-0.07B,$0.01B,-411.94%,$-0.07B,$0.16B,-40.53%,$-0.06B,$0.10B,-51.84%,$24,$3,$21,$2,$21,$27,$-3,$-2,$-5,$0,$-5,$-5,$-5,$0,$-3,$65,65,$-0.08,$-0.08,$59,$7,$0,$86,$4,$0,$65,$3,$72,$158,$45,$30,$0,$43,$88,$0,$-354,$-3,$70,$158,$-46,$9,$5,$14,$-13,$-2,$-1,$5,$-11,$-43,$-1,$0,$0,$0,$0,$0,$0,$-1,$-8,$0,$-8,$6,$6,$0,$0,$-2,$-45,$3,$0
21,2013-06-30,2.46,$1.11,2.22,$0.65,3.77,$-4.60,0.0,$-1.52,0.0,$0.09B,$0.04B,1.99,$0.03B,$0.07B,0.45,$0.03B,$0.02B,60.61%,$0.03B,$-0.08B,-230.30%,$0.03B,$-0.08B,-230.30%,$0.03B,$-0.06B,-190.91%,$0.03B,$-0.09B,-266.67%,$0.03B,$-0.08B,-245.45%,$-0.08B,$0.07B,-83.51%,$-0.08B,$0.01B,-265.57%,$-0.08B,$0.16B,-44.08%,$-0.08B,$0.10B,-57.25%,$11,$2,$9,$3,$22,$27,$-16,$-3,$-19,$-0,$-18,$-18,$-18,$-13,$-16,$63,63,$-0.29,$-0.29,$70,$6,$0,$87,$4,$0,$65,$4,$72,$159,$44,$32,$0,$45,$88,$0,$-349,$-4,$70,$159,$-41,$6,$4,$10,$-4,$-1,$-0,$2,$-3,$-34,$-0,$0,$0,$0,$0,$0,$0,$-0,$-4,$0,$-4,$3,$3,$0,$0,$-1,$-35,$2,$0
22,2013-03-31,2.71,$1.36,2.0,$0.59,4.6,$-5.18,0.0,$-1.91,0.0,$0.10B,$0.04B,2.55,$0.03B,$0.08B,0.41,$0.03B,$0.01B,46.15%,$0.03B,$-0.08B,-300.00%,$0.03B,$-0.08B,-300.00%,$0.03B,$-0.07B,-257.69%,$0.03B,$-0.09B,-353.85%,$0.03B,$-0.09B,-330.77%,$-0.09B,$0.08B,-91.49%,$-0.09B,$0.02B,-243.97%,$-0.09B,$0.17B,-47.45%,$-0.08B,$0.12B,-58.43%,$9,$4,$5,$2,$21,$27,$-19,$-5,$-23,$-1,$-22,$-22,$-22,$-16,$-19,$62,62,$-0.36,$-0.36,$82,$4,$0,$97,$4,$0,$65,$4,$73,$170,$38,$34,$0,$48,$86,$0,$-330,$-4,$84,$170,$-22,$3,$3,$6,$-4,$1,$-1,$-0,$-6,$-23,$-0,$0,$0,$0,$0,$0,$0,$-0,$0,$0,$0,$0,$0,$0,$0,$0,$-23,$1,$0
23,2012-12-31,2.33,$1.72,1.36,$0.55,4.21,$-5.67,0.0,$-2.53,0.0,$0.12B,$0.04B,3.17,$0.04B,$0.11B,0.35,$0.02B,$0.01B,35.00%,$0.02B,$-0.08B,-395.00%,$0.02B,$-0.08B,-395.00%,$0.02B,$-0.07B,-350.00%,$0.02B,$-0.09B,-465.00%,$0.02B,$-0.09B,-440.00%,$-0.09B,$0.11B,-94.12%,$-0.09B,$0.04B,-209.52%,$-0.09B,$0.19B,-48.55%,$-0.08B,$0.14B,-57.66%,$6,$3,$3,$5,$20,$28,$-22,$-3,$-25,$-0,$-24,$-24,$-24,$-17,$-22,$39,39,$-0.13,$-0.13,$105,$5,$0,$117,$4,$0,$69,$4,$77,$194,$37,$37,$0,$51,$88,$0,$-308,$-3,$106,$194,$-88,$8,$7,$15,$-1,$-4,$-2,$4,$-4,$-77,$-1,$0,$0,$0,$0,$0,$-0,$-1,$36,$0,$36,$129,$129,$0,$0,$164,$86,$5,$0
24,2012-09-30,3.5,$2.10,1.66,$0.79,4.43,$-8.45,0.0,$-6.05,0.0,$0.14B,$0.03B,4.39,$0.04B,$0.13B,0.31,$0.02B,$0.01B,27.78%,$0.02B,$-0.15B,-811.11%,$0.02B,$-0.15B,-811.11%,$0.02B,$-0.07B,-383.33%,$0.02B,$-0.16B,-883.33%,$0.02B,$-0.14B,-783.33%,$-0.14B,$0.13B,-179.62%,$-0.14B,$0.06B,-400.00%,$-0.14B,$0.21B,-89.24%,$-0.15B,$0.17B,-125.05%,$7,$4,$3,$4,$18,$25,$-19,$-3,$-21,$-5,$-17,$-17,$-17,$-17,$-19,$36,36,$-0.47,$-0.47,$122,$4,$0,$136,$4,$0,$69,$4,$76,$212,$31,$39,$0,$53,$84,$0,$-284,$-4,$128,$212,$-63,$4,$8,$11,$-4,$-2,$-1,$-3,$-7,$-59,$-1,$0,$0,$0,$0,$0,$-0,$-1,$36,$0,$36,$128,$128,$0,$0,$164,$103,$4,$0
25,2012-06-30,7.13,$1.72,4.16,$0.63,11.31,$-8.84,0.0,$-6.88,0.0,$0.07B,$0.03B,2.72,$0.05B,$0.06B,0.82,$0.01B,$0.00B,9.09%,$0.01B,$-0.14B,-1300.00%,$0.01B,$-0.14B,-1300.00%,$0.01B,$-0.07B,-609.09%,$0.01B,$-0.16B,-1409.09%,$0.01B,$-0.14B,-1281.82%,$-0.14B,$0.06B,-180.77%,$-0.14B,$0.03B,-333.73%,$-0.14B,$0.15B,-92.61%,$-0.14B,$0.11B,-129.12%,$4,$3,$1,$4,$15,$22,$-18,$-5,$-23,$-0,$-23,$-23,$-23,$-17,$-18,$34,34,$-0.68,$-0.68,$64,$3,$0,$72,$4,$0,$33,$40,$76,$149,$27,$47,$0,$64,$91,$0,$-267,$-5,$58,$149,$-47,$2,$6,$8,$2,$-2,$-0,$1,$2,$-37,$-1,$0,$0,$0,$0,$0,$0,$-1,$36,$0,$36,$48,$48,$0,$0,$83,$45,$2,$0
