,Date,Stock Price,Book Value per Share,Price to Book Ratio,TTM Sales per Share,Price to Sales Ratio,TTM FCF per Share,Price to FCF Ratio,TTM Net EPS,PE Ratio,Current Assets,Current Liabilities,Current Ratio,Long Term Debt,Shareholder's Equity_x,Debt to Equity Ratio,TTM Revenue_x,TTM Gross Profit,Gross Margin,TTM Revenue_y,TTM Operating Income,Operating Margin,TTM Revenue_x,TTM EBIT,EBIT Margin,TTM Revenue_y,TTM EBITDA,EBITDA Margin,TTM Revenue_x,TTM Pre-Tax Income,Pre-Tax Margin,TTM Revenue_y,TTM Net Income_x,Net Margin,TTM Net Income_y,Shareholder's Equity_y,Return on Equity,TTM Net Income_x,Tangible Equity,Return on Tangible Equity,TTM Net Income_y,Total Assets,Return on Assets,TTM Net Income,LT Investments & Debt,Return on Investment,revenue,cost-goods-sold,gross-profit,research-development-expenses,selling-general-administrative-expenses,operating-expenses,operating-income,total-non-operating-income-expense,pre-tax-income,total-provision-income-taxes,income-after-taxes,income-from-continuous-operations,net-income,ebitda,ebit,basic-shares-outstanding,shares-outstanding,eps-basic-net-earnings-per-share,eps-earnings-per-share-diluted,cash-on-hand,inventory,other-current-assets,total-current-assets,net-property-plant-equipment,long-term-investments,goodwill-intangible-assets-total,other-long-term-assets,total-long-term-assets,total-assets,total-current-liabilities,long-term-debt,other-non-current-liabilities,total-long-term-liabilities,total-liabilities,common-stock-net,retained-earnings-accumulated-deficit,comprehensive-income,total-share-holder-equity,total-liabilities-share-holders-equity,net-income-loss,total-depreciation-amortization-cash-flow,other-non-cash-items,total-non-cash-items,change-in-accounts-receivable,change-in-inventories,change-in-accounts-payable,change-in-assets-liabilities,total-change-in-assets-liabilities,cash-flow-from-operating-activities,net-change-in-property-plant-equipment,net-change-in-intangible-assets,net-acquisitions-divestitures,net-change-in-short-term-investments,net-change-in-long-term-investments,net-change-in-investments-total,investing-activities-other,cash-flow-from-investing-activities,net-long-term-debt,net-current-debt,debt-issuance-retirement-net-total,net-common-equity-issued-repurchased,net-total-equity-issued-repurchased,total-common-preferred-stock-dividends-paid,financial-activities-other,cash-flow-from-financial-activities,net-cash-flow,stock-based-compensation,common-stock-dividends-paid
0,2018-09-30,216.72,$39.87,5.44,$45.97,4.71,$15.93,13.61,$4.89,44.32,$2.47B,$0.89B,2.77,$1.98B,$3.33B,0.6,$4.11B,$3.25B,79.12%,$4.11B,$0.53B,12.77%,$4.11B,$0.53B,12.77%,$4.11B,$0.68B,16.57%,$4.11B,$0.58B,14.09%,$4.11B,$0.47B,11.39%,$0.47B,$3.33B,14.86%,$0.47B,$0.13B,-636.73%,$0.47B,$6.37B,7.64%,$0.53B,$5.31B,10.23%,$1105,$237,$867,$78,$578,$932,$173,$-19,$153,$-18,$172,$172,$146,$212,$173,$83,92,$1.75,$1.49,$1880,$0,$246,$2473,$308,$218,$3196,$92,$3899,$6372,$894,$1984,$62,$2150,$3044,$0,$1067,$-113,$3329,$6372,$540,$117,$30,$147,$-79,$0,$58,$3,$-16,$672,$-60,$0,$-18,$-202,$-4,$-205,$10,$-274,$-11,$0,$-11,$-132,$-132,$0,$-217,$-360,$38,$172,$0
1,2018-06-30,152.49,$38.69,3.94,$43.46,3.51,$12.05,12.66,$5.19,29.38,$2.35B,$0.85B,2.78,$1.98B,$3.24B,0.61,$3.83B,$3.05B,79.49%,$3.83B,$0.33B,8.69%,$3.83B,$0.33B,8.69%,$3.83B,$0.47B,12.31%,$3.83B,$0.37B,9.71%,$3.83B,$0.50B,13.10%,$0.50B,$3.24B,16.49%,$0.50B,$0.02B,-295.73%,$0.50B,$6.24B,8.48%,$0.33B,$5.22B,6.74%,$1059,$218,$841,$75,$558,$891,$168,$144,$312,$31,$281,$281,$218,$207,$168,$84,91,$2.61,$2.32,$1765,$0,$238,$2347,$307,$217,$3215,$88,$3889,$6235,$846,$1982,$59,$2153,$2998,$0,$921,$-113,$3237,$6235,$369,$78,$-19,$59,$-60,$0,$1,$7,$-48,$380,$-40,$0,$-18,$-114,$-4,$-118,$10,$-166,$-7,$0,$-7,$-53,$-53,$0,$-142,$-203,$11,$117,$0
2,2018-03-31,156.38,$36.96,4.23,$40.98,3.82,$9.69,16.14,$3.57,43.8,$2.22B,$0.83B,2.68,$1.98B,$3.08B,0.64,$3.54B,$2.83B,80.03%,$3.54B,$0.24B,6.81%,$3.54B,$0.24B,6.81%,$3.54B,$0.37B,10.39%,$3.54B,$0.12B,3.42%,$3.54B,$0.35B,9.88%,$0.35B,$3.08B,12.60%,$0.35B,$-0.17B,-177.22%,$0.35B,$6.03B,6.30%,$0.24B,$5.06B,5.27%,$995,$202,$793,$77,$587,$905,$90,$-31,$59,$-29,$88,$88,$71,$129,$90,$83,89,$0.86,$0.71,$1663,$0,$235,$2223,$302,$82,$3254,$86,$3808,$6031,$829,$1981,$55,$2119,$2949,$0,$703,$-75,$3082,$6031,$88,$39,$50,$90,$-30,$0,$-8,$19,$-25,$152,$-15,$0,$-21,$0,$-18,$-18,$9,$-45,$-3,$0,$-3,$-7,$-7,$0,$-73,$-83,$27,$59,$0
3,2017-12-31,122.28,$35.67,3.43,$39.03,3.13,$8.84,13.84,$3.15,38.82,$2.13B,$0.80B,2.66,$1.98B,$2.95B,0.67,$3.31B,$2.66B,80.31%,$3.31B,$0.19B,5.68%,$3.31B,$0.19B,5.68%,$3.31B,$0.31B,9.22%,$3.31B,$0.07B,2.03%,$3.31B,$0.31B,9.22%,$0.31B,$2.95B,12.14%,$0.31B,$-0.28B,-145.24%,$0.31B,$5.87B,5.86%,$0.19B,$4.93B,4.47%,$951,$200,$751,$70,$548,$856,$94,$-39,$55,$32,$23,$23,$33,$133,$94,$80,85,$0.41,$0.40,$1636,$0,$185,$2125,$315,$65,$3223,$73,$3743,$5868,$800,$1979,$64,$2121,$2921,$0,$595,$-104,$2947,$5868,$358,$116,$26,$143,$-115,$0,$0,$45,$-84,$417,$-76,$0,$-149,$84,$177,$261,$3,$40,$404,$0,$404,$-177,$-177,$0,$-393,$-166,$302,$265,$0
4,2017-09-30,117.58,$35.53,3.31,$38.02,3.09,$8.16,14.41,$3.96,29.69,$1.73B,$0.84B,2.07,$1.65B,$2.91B,0.57,$3.17B,$2.50B,79.07%,$3.17B,$0.21B,6.54%,$3.17B,$0.21B,6.54%,$3.17B,$0.32B,10.10%,$3.17B,$0.14B,4.39%,$3.17B,$0.37B,11.81%,$0.37B,$2.91B,16.42%,$0.37B,$-0.25B,-179.59%,$0.37B,$5.54B,7.64%,$0.21B,$4.56B,5.35%,$828,$166,$662,$71,$588,$847,$-19,$-35,$-54,$-279,$226,$226,$180,$3,$-19,$81,87,$2.22,$1.79,$1255,$0,$200,$1727,$320,$121,$3162,$81,$3814,$5541,$836,$1649,$70,$1797,$2632,$0,$562,$-100,$2909,$5541,$335,$78,$-104,$-27,$-79,$0,$36,$27,$-10,$298,$-57,$0,$-69,$89,$116,$206,$1,$81,$43,$0,$43,$-215,$-215,$0,$-321,$-493,$-104,$207,$0
5,2017-06-30,103.24,$27.36,3.77,$37.88,2.73,$7.01,14.74,$2.66,38.81,$2.01B,$0.68B,2.94,$1.57B,$2.17B,0.72,$3.10B,$2.43B,78.21%,$3.10B,$0.31B,10.05%,$3.10B,$0.31B,10.05%,$3.10B,$0.44B,14.02%,$3.10B,$0.26B,8.48%,$3.10B,$0.24B,7.64%,$0.24B,$2.17B,11.60%,$0.24B,$-0.09B,-101.39%,$0.24B,$4.79B,5.06%,$0.31B,$3.75B,8.58%,$767,$139,$628,$55,$470,$692,$76,$-14,$61,$-19,$81,$81,$66,$103,$76,$79,84,$0.84,$0.70,$1537,$0,$256,$2013,$306,$122,$2263,$81,$2773,$4786,$684,$1573,$68,$1928,$2612,$0,$383,$-137,$2174,$4786,$109,$56,$92,$148,$-23,$0,$-14,$-3,$-99,$158,$-42,$0,$-49,$74,$115,$189,$1,$99,$-32,$0,$-32,$19,$19,$0,$-87,$-100,$162,$73,$0
6,2017-03-31,73.72,$25.68,2.87,$38.09,1.94,$6.23,11.84,$-0.49,0.0,$1.89B,$0.68B,2.78,$1.57B,$2.02B,0.78,$3.08B,$2.37B,77.05%,$3.08B,$-0.02B,-0.52%,$3.08B,$-0.02B,-0.52%,$3.08B,$0.41B,13.27%,$3.08B,$-0.09B,-2.76%,$3.08B,$-0.02B,-0.78%,$-0.02B,$2.02B,-1.22%,$-0.02B,$-0.22B,7.50%,$-0.02B,$4.62B,-0.52%,$-0.02B,$3.59B,-0.45%,$761,$146,$615,$55,$494,$724,$37,$-33,$5,$-24,$28,$28,$26,$66,$37,$78,83,$0.34,$0.29,$1431,$0,$237,$1886,$292,$120,$2241,$81,$2733,$4619,$679,$1572,$81,$1921,$2601,$0,$316,$-147,$2019,$4619,$28,$29,$54,$83,$-14,$0,$15,$-6,$-44,$68,$-11,$0,$45,$55,$-0,$55,$0,$90,$-27,$0,$-27,$-48,$-48,$0,$-44,$-119,$42,$34,$0
7,2016-12-31,64.79,$25.65,2.53,$38.53,1.68,$5.81,11.14,$-0.69,0.0,$1.84B,$0.71B,2.58,$1.58B,$2.01B,0.79,$3.14B,$2.38B,75.95%,$3.14B,$-0.03B,-1.02%,$3.14B,$-0.03B,-1.02%,$3.14B,$0.39B,12.55%,$3.14B,$-0.08B,-2.58%,$3.14B,$-0.04B,-1.34%,$-0.04B,$2.01B,-2.10%,$-0.04B,$-0.27B,10.79%,$-0.04B,$4.65B,-0.88%,$-0.03B,$3.59B,-0.88%,$811,$212,$599,$50,$401,$698,$113,$14,$127,$12,$114,$114,$102,$148,$113,$80,80,$1.29,$1.35,$1419,$0,$204,$1843,$306,$123,$2280,$92,$2803,$4646,$713,$1582,$78,$1922,$2635,$0,$290,$-166,$2011,$4646,$-16,$426,$-47,$379,$1,$0,$0,$23,$-19,$344,$-78,$0,$-18,$-62,$160,$98,$11,$13,$-176,$0,$-176,$-246,$-246,$0,$-80,$-503,$-152,$105,$0
