,Date,Stock Price,Book Value per Share,Price to Book Ratio,TTM Sales per Share,Price to Sales Ratio,TTM FCF per Share,Price to FCF Ratio,TTM Net EPS,PE Ratio,Current Assets,Current Liabilities,Current Ratio,Long Term Debt,Shareholder's Equity_x,Debt to Equity Ratio,TTM Revenue_x,TTM Gross Profit,Gross Margin,TTM Revenue_y,TTM Operating Income,Operating Margin,TTM Revenue_x,TTM EBIT,EBIT Margin,TTM Revenue_y,TTM EBITDA,EBITDA Margin,TTM Revenue_x,TTM Pre-Tax Income,Pre-Tax Margin,TTM Revenue_y,TTM Net Income_x,Net Margin,TTM Net Income_y,Shareholder's Equity_y,Return on Equity,TTM Net Income_x,Tangible Equity,Return on Tangible Equity,TTM Net Income_y,Total Assets,Return on Assets,TTM Net Income,LT Investments & Debt,Return on Investment,revenue,cost-goods-sold,gross-profit,research-development-expenses,selling-general-administrative-expenses,operating-expenses,operating-income,total-non-operating-income-expense,pre-tax-income,total-provision-income-taxes,income-after-taxes,income-from-continuous-operations,net-income,ebitda,ebit,basic-shares-outstanding,shares-outstanding,eps-basic-net-earnings-per-share,eps-earnings-per-share-diluted,cash-on-hand,inventory,other-current-assets,total-current-assets,net-property-plant-equipment,long-term-investments,goodwill-intangible-assets-total,other-long-term-assets,total-long-term-assets,total-assets,total-current-liabilities,long-term-debt,other-non-current-liabilities,total-long-term-liabilities,total-liabilities,common-stock-net,retained-earnings-accumulated-deficit,comprehensive-income,total-share-holder-equity,total-liabilities-share-holders-equity,net-income-loss,total-depreciation-amortization-cash-flow,other-non-cash-items,total-non-cash-items,change-in-accounts-receivable,change-in-inventories,change-in-accounts-payable,change-in-assets-liabilities,total-change-in-assets-liabilities,cash-flow-from-operating-activities,net-change-in-property-plant-equipment,net-change-in-intangible-assets,net-acquisitions-divestitures,net-change-in-short-term-investments,net-change-in-long-term-investments,net-change-in-investments-total,investing-activities-other,cash-flow-from-investing-activities,net-long-term-debt,net-current-debt,debt-issuance-retirement-net-total,net-common-equity-issued-repurchased,net-total-equity-issued-repurchased,total-common-preferred-stock-dividends-paid,financial-activities-other,cash-flow-from-financial-activities,net-cash-flow,stock-based-compensation,common-stock-dividends-paid
0,2018-09-30,151.21,$21.92,6.9,$86.91,1.74,$34.28,4.41,$6.22,24.31,$48.26B,$36.82B,1.31,$35.99B,$19.92B,1.81,$80.37B,$36.58B,45.51%,$80.37B,$10.88B,13.53%,$80.37B,$10.88B,13.53%,$80.37B,$15.39B,19.15%,$80.37B,$11.38B,14.15%,$80.37B,$5.72B,7.12%,$5.72B,$19.92B,30.69%,$5.72B,$-19.74B,-26.72%,$5.72B,$121.99B,4.63%,$10.88B,$55.91B,19.03%,$18756,$9952,$8804,$1252,$4363,$15567,$3189,$-191,$2996,$304,$2692,$2692,$2694,$4327,$3189,$911,915,$2.95,$2.94,$14663,$1893,$0,$48257,$10949,$2272,$39660,$0,$73732,$121990,$36822,$35989,$9979,$65249,$102071,$54987,$158612,$-27820,$19918,$121990,$6777,$3368,$353,$3721,$0,$0,$0,$631,$631,$11128,$-2421,$0,$-123,$0,$-3201,$-3201,$377,$-5368,$468,$376,$844,$-2541,$-2541,$-4250,$82,$-5864,$-503,$371,$-4250
1,2018-06-30,138.2,$20.43,6.76,$86.94,1.59,$34.47,4.01,$6.20,22.29,$46.80B,$35.44B,1.32,$37.85B,$18.65B,2.03,$80.77B,$36.76B,45.51%,$80.77B,$10.77B,13.34%,$80.77B,$10.77B,13.34%,$80.77B,$15.33B,18.98%,$80.77B,$11.45B,14.17%,$80.77B,$5.76B,7.13%,$5.76B,$18.65B,30.93%,$5.76B,$-21.18B,-26.47%,$5.76B,$121.62B,4.66%,$10.77B,$56.50B,18.43%,$20003,$10804,$9199,$1364,$4857,$17025,$2978,$-203,$2776,$373,$2403,$2402,$2404,$4094,$2978,$915,919,$2.63,$2.61,$11926,$1742,$0,$46795,$11024,$2518,$39826,$0,$74828,$121622,$35442,$37851,$10000,$67532,$102974,$54827,$157349,$-28290,$18648,$121622,$4083,$2230,$248,$2478,$0,$0,$0,$336,$336,$6896,$-1621,$0,$-122,$0,$-1077,$-1077,$422,$-2399,$-1148,$397,$-751,$-1910,$-1910,$-2819,$52,$-5428,$-1274,$242,$-2819
2,2018-03-31,150.13,$19.92,7.54,$85.71,1.75,$35.26,4.26,$6.07,24.73,$49.12B,$35.73B,1.38,$40.41B,$18.29B,2.21,$80.06B,$36.53B,45.63%,$80.06B,$10.29B,12.86%,$80.06B,$10.29B,12.86%,$80.06B,$14.85B,18.55%,$80.06B,$11.11B,13.88%,$80.06B,$5.68B,7.10%,$5.68B,$18.29B,30.58%,$5.68B,$-21.96B,-25.85%,$5.68B,$125.29B,4.61%,$10.29B,$58.70B,17.63%,$19072,$10826,$8246,$1405,$5445,$17676,$1396,$-261,$1136,$-540,$1676,$1675,$1679,$2510,$1396,$921,925,$1.82,$1.81,$13155,$1753,$0,$49122,$11278,$2942,$40253,$0,$76162,$125285,$35733,$40410,$10250,$71262,$106995,$54712,$156371,$-28583,$18290,$125285,$1679,$1114,$150,$1264,$0,$0,$0,$1658,$1658,$4602,$-767,$0,$-71,$0,$-837,$-837,$-89,$-1764,$-1125,$412,$-713,$-830,$-830,$-1382,$16,$-2909,$28,$116,$-1382
3,2017-12-31,148.61,$19.22,7.73,$84.25,1.76,$34.57,4.3,$6.11,24.32,$49.74B,$37.36B,1.33,$39.84B,$17.72B,2.25,$79.14B,$36.23B,45.78%,$79.14B,$10.33B,13.06%,$79.14B,$10.33B,13.06%,$79.14B,$14.87B,18.79%,$79.14B,$11.40B,14.41%,$79.14B,$5.75B,7.27%,$5.75B,$17.73B,30.90%,$5.75B,$-22.81B,-26.07%,$5.75B,$125.36B,4.74%,$10.33B,$57.56B,18.15%,$22542,$12211,$10331,$1576,$5441,$19228,$3314,$1150,$4468,$5521,$-1053,$-1053,$-1054,$4463,$3314,$933,937,$-1.11,$-1.11,$12842,$1583,$0,$49735,$11116,$2783,$40530,$0,$75620,$125356,$37363,$39837,$9965,$70268,$107631,$54566,$153126,$-26592,$17725,$125356,$5753,$4541,$-383,$4158,$1297,$18,$47,$5451,$6813,$16724,$-2769,$0,$-701,$0,$-1598,$-1598,$-2028,$-7096,$2827,$620,$3447,$-4358,$-4358,$-5506,$0,$-6418,$4146,$534,$-5506
4,2017-09-30,139.14,$21.34,6.52,$82.92,1.68,$34.22,4.07,$11.97,11.62,$44.74B,$31.70B,1.41,$41.33B,$19.76B,2.09,$78.37B,$36.79B,46.94%,$78.37B,$11.51B,14.68%,$78.37B,$11.51B,14.68%,$78.37B,$16.02B,20.45%,$78.37B,$11.92B,15.21%,$78.37B,$11.31B,14.43%,$11.31B,$19.76B,60.20%,$11.31B,$-21.01B,-51.43%,$11.31B,$121.64B,9.48%,$11.51B,$61.08B,20.62%,$19153,$10171,$8982,$1291,$4606,$16068,$3085,$-19,$3065,$339,$2726,$2726,$2726,$4261,$3085,$929,933,$2.93,$2.92,$11515,$1711,$0,$44742,$11057,$4806,$40763,$0,$76895,$121636,$31697,$41327,$7723,$70183,$101879,$54395,$155565,$-27521,$19757,$121636,$6807,$3392,$480,$3872,$0,$0,$0,$312,$312,$10991,$-1936,$0,$-407,$0,$-1397,$-1397,$469,$-3271,$3103,$-794,$2309,$-3827,$-3827,$-4119,$137,$-5499,$3096,$388,$-4119
5,2017-06-30,145.99,$19.90,7.34,$82.48,1.77,$35.75,4.08,$12.03,12.14,$45.01B,$35.97B,1.25,$37.61B,$18.55B,2.03,$78.44B,$36.82B,46.94%,$78.44B,$11.30B,14.41%,$78.44B,$11.30B,14.41%,$78.44B,$15.77B,20.11%,$78.44B,$12.11B,15.44%,$78.44B,$11.44B,14.58%,$11.44B,$18.54B,63.05%,$11.44B,$-22.15B,-50.23%,$11.44B,$120.50B,9.71%,$11.30B,$56.16B,21.05%,$19289,$10321,$8968,$1436,$5033,$16790,$2499,$-55,$2443,$111,$2332,$2332,$2331,$3616,$2499,$935,940,$2.49,$2.48,$12295,$1604,$0,$45013,$10903,$4759,$40696,$0,$75481,$120495,$35966,$37612,$7437,$65986,$101951,$54235,$154234,$-28189,$18544,$120495,$4082,$2216,$339,$2555,$0,$0,$0,$785,$785,$7421,$-1289,$0,$-140,$0,$-752,$-752,$816,$-1365,$3729,$-973,$2756,$-2872,$-2872,$-2724,$97,$-2743,$3860,$265,$-2724
6,2017-03-31,163.67,$19.64,8.33,$83.02,1.97,$36.85,4.44,$12.16,13.46,$42.89B,$36.48B,1.18,$34.44B,$18.45B,1.87,$79.39B,$37.55B,47.30%,$79.39B,$11.69B,14.73%,$79.39B,$11.69B,14.73%,$79.39B,$16.15B,20.34%,$79.39B,$12.72B,16.02%,$79.39B,$11.61B,14.62%,$11.61B,$18.45B,66.44%,$11.61B,$-22.30B,-49.09%,$11.61B,$117.50B,9.91%,$11.69B,$52.89B,21.84%,$18155,$10210,$7945,$1484,$5027,$16721,$1434,$-9,$1424,$-329,$1753,$1753,$1750,$2533,$1434,$942,948,$1.86,$1.85,$10695,$1609,$0,$42889,$10865,$4549,$40743,$0,$74607,$117495,$36481,$34441,$7601,$62566,$99047,$54104,$153292,$-28710,$18448,$117495,$1750,$1099,$142,$1241,$0,$0,$0,$964,$964,$3955,$-682,$0,$-110,$0,$-476,$-476,$1570,$303,$1356,$-880,$476,$-1343,$-1343,$-1321,$54,$-2134,$2223,$129,$-1321
7,2016-12-31,154.78,$19.44,7.96,$83.24,1.86,$38.28,4.04,$12.40,12.48,$43.89B,$36.28B,1.21,$34.66B,$18.39B,1.88,$79.92B,$38.30B,47.92%,$79.92B,$11.48B,14.36%,$79.92B,$11.48B,14.36%,$79.92B,$15.86B,19.84%,$79.92B,$12.33B,15.43%,$79.92B,$11.87B,14.86%,$11.87B,$18.39B,71.40%,$11.87B,$-22.50B,-49.51%,$11.87B,$117.47B,10.10%,$11.48B,$53.05B,21.19%,$21771,$10877,$10894,$1431,$4976,$17284,$4487,$500,$4984,$479,$4505,$4506,$4501,$5614,$4487,$955,959,$4.73,$4.70,$8527,$1553,$0,$43888,$10830,$4585,$40887,$0,$73581,$117470,$36275,$34655,$7477,$62802,$99078,$53935,$152759,$-29398,$18392,$117470,$11872,$4381,$-526,$3855,$712,$-14,$197,$462,$1357,$17084,$-3143,$0,$-6133,$0,$-808,$-808,$-891,$-10976,$2737,$26,$2763,$-3424,$-3424,$-5256,$0,$-5917,$140,$544,$-5256
8,2016-09-30,146.79,$18.05,8.13,$82.97,1.77,$38.03,3.86,$12.27,11.96,$41.43B,$34.45B,1.2,$35.56B,$17.16B,2.07,$80.21B,$38.81B,48.38%,$80.21B,$11.87B,14.80%,$80.21B,$11.87B,14.80%,$80.21B,$16.12B,20.10%,$80.21B,$12.45B,15.52%,$80.21B,$11.83B,14.75%,$11.83B,$17.16B,75.68%,$11.83B,$-24.12B,-50.09%,$11.83B,$115.61B,10.22%,$11.87B,$52.72B,22.46%,$19226,$10213,$9013,$1397,$4732,$16342,$2884,$378,$3263,$409,$2854,$2854,$2853,$4011,$2884,$954,957,$2.99,$2.98,$9968,$1729,$0,$41433,$11104,$5075,$41282,$0,$74173,$115606,$34447,$35563,$8138,$64000,$98447,$53759,$149585,$-28164,$17159,$115606,$7371,$3254,$503,$3757,$0,$0,$0,$1978,$1978,$13105,$-2360,$0,$-5410,$0,$-961,$-961,$1441,$-7289,$2752,$-864,$1888,$-2581,$-2581,$-3927,$0,$-4619,$1352,$403,$-3927
9,2016-06-30,139.06,$16.62,8.37,$82.58,1.68,$36.38,3.82,$12.30,11.31,$43.52B,$33.59B,1.3,$39.64B,$15.89B,2.5,$80.26B,$39.23B,48.88%,$80.26B,$12.41B,15.46%,$80.26B,$12.41B,15.46%,$80.26B,$16.46B,20.51%,$80.26B,$12.80B,15.95%,$80.26B,$11.93B,14.87%,$11.93B,$15.89B,81.11%,$11.93B,$-25.68B,-53.03%,$11.93B,$118.06B,10.46%,$12.41B,$55.53B,24.30%,$20238,$10536,$9702,$1465,$5349,$17350,$2888,$161,$3049,$544,$2505,$2505,$2504,$3991,$2888,$957,961,$2.62,$2.61,$10617,$1685,$0,$43524,$11092,$5259,$41570,$0,$74532,$118056,$33585,$39638,$8385,$68583,$102167,$53565,$148071,$-28604,$15889,$118056,$4518,$2127,$428,$2555,$0,$0,$0,$1915,$1915,$8988,$-1654,$0,$-5370,$0,$-653,$-653,$1340,$-6338,$4838,$-909,$3929,$-1772,$-1772,$-2590,$0,$-434,$2330,$261,$-2590
10,2016-03-31,137.45,$15.70,8.75,$82.61,1.66,$34.78,3.95,$13.19,10.42,$47.62B,$34.66B,1.37,$40.25B,$15.07B,2.67,$80.84B,$39.92B,49.38%,$80.84B,$13.43B,16.62%,$80.84B,$13.43B,16.62%,$80.84B,$17.34B,21.45%,$80.84B,$13.98B,17.29%,$80.84B,$12.88B,15.93%,$12.88B,$15.07B,90.70%,$12.88B,$-23.62B,-61.36%,$12.88B,$118.86B,11.43%,$13.43B,$55.33B,27.42%,$18684,$9998,$8686,$1458,$6012,$17468,$1216,$-183,$1034,$-983,$2017,$2016,$2014,$2240,$1216,$962,964,$2.09,$2.09,$14869,$1690,$0,$47623,$10910,$5223,$38695,$0,$71235,$118856,$34664,$40254,$8264,$69119,$103784,$53439,$146888,$-28998,$15072,$118856,$2014,$1024,$305,$1329,$0,$0,$0,$2187,$2187,$5530,$-827,$0,$-2543,$0,$-16,$-16,$1500,$-1886,$5874,$-910,$4964,$-907,$-907,$-1250,$0,$2806,$6668,$133,$-1250
11,2015-12-31,123.63,$14.94,8.28,$82.98,1.49,$32.72,3.78,$13.45,9.19,$42.50B,$34.27B,1.24,$33.43B,$14.42B,2.32,$81.74B,$40.68B,49.77%,$81.74B,$15.01B,18.36%,$81.74B,$15.01B,18.36%,$81.74B,$18.86B,23.08%,$81.74B,$15.95B,19.51%,$81.74B,$13.19B,16.14%,$13.19B,$14.42B,97.70%,$13.19B,$-21.08B,-65.22%,$13.19B,$110.50B,11.89%,$15.01B,$47.85B,32.07%,$22058,$10652,$11406,$1362,$5158,$17172,$4886,$212,$5099,$639,$4460,$4461,$4463,$5876,$4886,$979,983,$4.58,$4.56,$8194,$1551,$0,$42504,$10727,$5187,$35508,$0,$67991,$110495,$34269,$33428,$8099,$61802,$96071,$53262,$146124,$-29607,$14424,$110495,$13190,$3855,$2407,$6262,$812,$133,$81,$-3222,$-2196,$17255,$-3209,$0,$-3750,$0,$-803,$-803,$-398,$-8159,$-82,$101,$19,$-4535,$-4535,$-4897,$0,$-9413,$-790,$468,$-4897
12,2015-09-30,129.02,$13.86,9.31,$84.40,1.53,$31.83,4.05,$14.37,8.98,$42.11B,$33.73B,1.25,$32.12B,$13.45B,2.39,$83.80B,$42.14B,50.29%,$83.80B,$15.63B,18.65%,$83.80B,$15.63B,18.65%,$83.80B,$19.54B,23.32%,$83.80B,$17.94B,21.41%,$83.80B,$14.21B,16.96%,$14.21B,$13.45B,110.18%,$14.21B,$-19.60B,-69.78%,$14.21B,$108.65B,12.61%,$15.63B,$45.57B,33.55%,$19280,$9844,$9436,$1287,$4731,$15862,$3418,$204,$3621,$659,$2962,$2962,$2950,$4354,$3418,$975,979,$3.03,$3.01,$9568,$1613,$0,$42112,$10661,$5586,$33050,$0,$66537,$108649,$33732,$32122,$8739,$61466,$95198,$53220,$142898,$-28155,$13450,$108649,$8727,$2865,$1001,$3866,$0,$0,$0,$-864,$-864,$11729,$-2356,$0,$-1309,$0,$-383,$-383,$1334,$-2714,$-1688,$1080,$-608,$-3575,$-3575,$-3636,$0,$-7818,$1004,$369,$-3636
13,2015-06-30,143.57,$14.13,10.16,$87.16,1.65,$30.61,4.69,$11.38,12.62,$45.19B,$35.54B,1.27,$33.34B,$13.84B,2.41,$86.91B,$43.58B,50.14%,$86.91B,$16.45B,18.93%,$86.91B,$16.45B,18.93%,$86.91B,$20.56B,23.66%,$86.91B,$18.68B,21.49%,$86.91B,$11.28B,12.98%,$11.28B,$13.84B,85.87%,$11.28B,$-19.64B,-55.10%,$11.28B,$112.73B,9.79%,$16.45B,$47.18B,35.00%,$20813,$10423,$10390,$1300,$5179,$16902,$3911,$314,$4224,$698,$3526,$3526,$3449,$4872,$3911,$982,987,$3.51,$3.50,$8760,$1912,$0,$45186,$10702,$5377,$33473,$0,$67542,$112729,$35535,$33339,$8827,$63356,$98892,$53059,$141218,$-27432,$13837,$112729,$5777,$1929,$446,$2375,$0,$0,$0,$-659,$-659,$7494,$-1540,$0,$-627,$0,$-542,$-542,$1338,$-1371,$-1698,$177,$-1521,$-2082,$-2082,$-2366,$0,$-5970,$-83,$257,$-2366
14,2015-03-31,140.59,$12.48,11.27,$89.99,1.56,$29.88,4.7,$12.00,11.72,$46.32B,$35.64B,1.3,$34.30B,$12.29B,2.79,$90.15B,$45.23B,50.17%,$90.15B,$17.63B,19.55%,$90.15B,$17.63B,19.55%,$90.15B,$21.95B,24.35%,$90.15B,$19.80B,21.97%,$90.15B,$11.97B,13.27%,$11.97B,$12.29B,85.15%,$11.97B,$-20.57B,-59.92%,$11.97B,$112.04B,10.13%,$17.63B,$46.58B,36.66%,$19590,$10138,$9452,$1298,$5362,$16798,$2792,$208,$3001,$585,$2416,$2415,$2328,$3760,$2792,$988,992,$2.36,$2.35,$8804,$1970,$0,$46316,$10509,$5466,$32862,$0,$65721,$112037,$35640,$34295,$8791,$64108,$99747,$52928,$139030,$-27842,$12289,$112037,$2328,$968,$479,$1447,$0,$0,$0,$-165,$-165,$3610,$-810,$0,$-129,$1615,$-116,$1499,$0,$560,$-534,$-776,$-1310,$-1004,$-1004,$-1088,$0,$-3402,$319,$127,$-1088
15,2014-12-31,139.56,$12.13,11.51,$91.59,1.52,$29.51,4.73,$11.94,11.69,$47.38B,$39.58B,1.2,$34.99B,$12.02B,2.91,$92.79B,$46.41B,50.01%,$92.79B,$17.79B,19.17%,$92.79B,$17.79B,19.17%,$92.79B,$22.28B,24.01%,$92.79B,$19.99B,21.54%,$92.79B,$12.02B,12.96%,$12.02B,$12.01B,79.27%,$12.02B,$-21.65B,-62.07%,$12.02B,$117.27B,9.95%,$17.79B,$47.01B,36.09%,$24113,$11251,$12862,$1320,$6034,$18605,$5508,$1588,$7094,$1579,$5515,$5515,$5483,$6554,$5508,$1004,1010,$5.51,$5.47,$8476,$2103,$0,$47377,$10771,$5520,$33660,$0,$69895,$117271,$39581,$34991,$8733,$65676,$105257,$52666,$137793,$-27875,$12014,$117271,$12022,$4492,$2121,$6613,$1270,$-39,$-456,$-2541,$-1766,$16868,$-3336,$0,$1701,$0,$-288,$-288,$-1078,$-3001,$3536,$-1753,$1783,$-12970,$-12970,$-4265,$0,$-15452,$-2240,$512,$-4265
16,2014-09-30,164.01,$14.55,11.28,$91.92,1.78,$29.02,5.65,$12.16,13.49,$47.16B,$42.31B,1.12,$32.82B,$14.40B,2.28,$95.38B,$47.99B,50.32%,$95.38B,$19.60B,20.55%,$95.38B,$19.60B,20.55%,$95.38B,$24.26B,25.43%,$95.38B,$20.41B,21.40%,$95.38B,$12.72B,13.34%,$12.72B,$14.40B,71.10%,$12.72B,$-20.02B,-74.89%,$12.72B,$118.91B,10.34%,$19.60B,$47.22B,38.07%,$22397,$11523,$10874,$1354,$5281,$18158,$4239,$122,$4361,$906,$3455,$3455,$18,$5378,$4239,$992,998,$0.02,$0.02,$9565,$2356,$0,$47163,$11068,$5126,$34418,$0,$71745,$118911,$42306,$32821,$10613,$62210,$104515,$52446,$133403,$-20978,$14395,$118911,$6539,$3446,$3500,$6946,$0,$0,$0,$-2675,$-2675,$10809,$-2468,$0,$-161,$948,$-84,$864,$0,$-1765,$2534,$3888,$6422,$-12998,$-12998,$-3176,$0,$-9753,$-1155,$416,$-3176
17,2014-06-30,155.69,$17.56,8.87,$90.71,1.72,$28.53,5.46,$15.82,9.84,$48.18B,$42.43B,1.14,$34.01B,$17.51B,1.94,$96.32B,$48.55B,50.40%,$96.32B,$20.17B,20.94%,$96.32B,$20.17B,20.94%,$96.32B,$24.87B,25.82%,$96.32B,$21.03B,21.83%,$96.32B,$16.75B,17.39%,$16.75B,$17.51B,86.78%,$16.75B,$-17.64B,-106.64%,$16.75B,$124.31B,13.64%,$20.17B,$51.52B,38.94%,$24047,$12004,$12043,$1361,$5593,$18958,$5089,$257,$5348,$1096,$4252,$4251,$4137,$6255,$5089,$1000,1005,$4.14,$4.12,$9720,$2338,$0,$48182,$13748,$5369,$35153,$0,$76132,$124314,$42433,$34008,$10224,$64368,$106801,$52163,$134483,$-20369,$17513,$124314,$6521,$2307,$-159,$2148,$0,$0,$0,$-1763,$-1763,$6905,$-1574,$0,$-195,$619,$184,$803,$0,$-965,$2589,$3991,$6580,$-11427,$-11427,$-2086,$0,$-6933,$-1000,$266,$-2086
18,2014-03-31,164.37,$16.54,9.94,$89.25,1.84,$28.46,5.78,$14.61,11.25,$47.96B,$41.06B,1.17,$34.67B,$16.74B,2.07,$97.20B,$48.63B,50.04%,$97.20B,$18.99B,19.53%,$97.20B,$18.99B,19.53%,$97.20B,$23.65B,24.34%,$97.20B,$19.82B,20.39%,$97.20B,$15.84B,16.29%,$15.84B,$16.74B,81.67%,$15.84B,$-18.17B,-106.36%,$15.84B,$122.65B,13.14%,$18.99B,$51.41B,38.00%,$22236,$11608,$10628,$1402,$6272,$19282,$2954,$229,$3183,$653,$2530,$2530,$2384,$4095,$2954,$1035,1042,$2.30,$2.29,$9704,$2456,$0,$47959,$13683,$5030,$34912,$0,$74687,$122646,$41058,$34668,$10106,$64847,$105906,$51943,$131431,$-21156,$16740,$122646,$2384,$1141,$-37,$1104,$0,$0,$0,$-162,$-162,$3326,$-775,$0,$127,$665,$19,$684,$0,$35,$3368,$845,$4213,$-7896,$-7896,$-990,$0,$-4673,$-1307,$124,$-990
19,2013-12-31,159.3,$21.75,7.33,$88.73,1.8,$29.07,5.48,$15.02,10.61,$51.35B,$40.15B,1.28,$32.86B,$22.93B,1.43,$98.37B,$48.68B,49.49%,$98.37B,$19.49B,19.81%,$98.37B,$19.49B,19.81%,$98.37B,$24.17B,24.57%,$98.37B,$20.24B,20.58%,$98.37B,$16.48B,16.76%,$16.48B,$22.93B,82.38%,$16.48B,$-12.13B,-120.32%,$16.48B,$126.22B,13.84%,$19.49B,$55.79B,40.53%,$26697,$12253,$14444,$1195,$5934,$19382,$7315,$207,$7522,$1039,$6483,$6484,$6184,$8529,$7315,$1094,1103,$5.71,$5.65,$11066,$2310,$0,$51350,$13821,$4639,$35055,$0,$74872,$126223,$40154,$32856,$9934,$63140,$103294,$51594,$130042,$-21602,$22929,$126223,$16483,$4678,$-1232,$3446,$-1407,$-57,$-529,$-453,$-2446,$17485,$-3251,$0,$-2759,$0,$-252,$-252,$-1063,$-7326,$6340,$621,$6961,$-12785,$-12785,$-4058,$0,$-9883,$304,$614,$-4058
20,2013-09-30,156.45,$18.43,8.49,$88.48,1.77,$29.93,5.23,$14.42,10.85,$47.53B,$39.22B,1.21,$28.48B,$20.01B,1.42,$99.34B,$49.47B,49.80%,$99.34B,$20.48B,20.61%,$99.34B,$20.48B,20.61%,$99.34B,$25.09B,25.26%,$99.34B,$21.19B,21.33%,$99.34B,$16.13B,16.24%,$16.13B,$20.01B,84.81%,$16.13B,$-14.88B,-113.77%,$16.13B,$117.85B,13.74%,$20.48B,$48.49B,45.60%,$23338,$11908,$11430,$1356,$5260,$18524,$4814,$157,$4972,$832,$4140,$4139,$4041,$5989,$4814,$1091,1099,$3.70,$3.68,$10232,$2492,$0,$47533,$13877,$4718,$34885,$0,$70313,$117845,$39222,$28478,$8057,$58616,$97837,$51203,$124885,$-24971,$20008,$117845,$10299,$3464,$316,$3780,$0,$0,$0,$-3121,$-3121,$10957,$-2303,$0,$-2315,$284,$-89,$195,$0,$-4423,$2326,$1074,$3400,$-7236,$-7236,$-3033,$0,$-6870,$-340,$455,$-3033
21,2013-06-30,160.65,$16.33,9.84,$88.77,1.81,$31.10,5.17,$14.07,11.42,$47.91B,$41.04B,1.17,$26.29B,$17.88B,1.47,$100.75B,$49.77B,49.40%,$100.75B,$19.95B,19.81%,$100.75B,$19.95B,19.81%,$100.75B,$24.59B,24.40%,$100.75B,$21.29B,21.13%,$100.75B,$15.92B,15.80%,$15.92B,$17.88B,81.88%,$15.92B,$-14.38B,-122.40%,$15.92B,$115.15B,13.62%,$19.95B,$44.18B,45.06%,$24924,$12792,$12132,$1548,$6680,$21020,$3904,$240,$4144,$918,$3226,$3226,$3226,$5040,$3904,$1101,1109,$2.93,$2.91,$10357,$2389,$0,$47911,$13356,$4721,$32264,$0,$67241,$115153,$41037,$26292,$7812,$56232,$97269,$50886,$121883,$-25774,$17883,$115153,$6258,$2289,$295,$2584,$0,$0,$0,$-1644,$-1644,$7197,$-1393,$0,$-167,$0,$-651,$-651,$336,$-1876,$1818,$-376,$1442,$-5488,$-5488,$-1996,$0,$-6043,$-854,$305,$-1996
22,2013-03-31,178.47,$17.33,10.3,$88.50,2.02,$31.69,5.63,$14.50,12.31,$48.95B,$42.12B,1.16,$24.67B,$19.21B,1.28,$101.61B,$49.92B,49.13%,$101.61B,$20.91B,20.58%,$101.61B,$20.91B,20.58%,$101.61B,$25.58B,25.17%,$101.61B,$22.31B,21.96%,$101.61B,$16.57B,16.31%,$16.57B,$19.21B,82.41%,$16.57B,$-13.41B,-136.77%,$16.57B,$117.26B,14.22%,$20.91B,$43.89B,46.91%,$23408,$12730,$10678,$1644,$5577,$19951,$3457,$149,$3606,$574,$3032,$3032,$3032,$4610,$3457,$1114,1124,$2.72,$2.70,$11992,$2421,$0,$48949,$13597,$5011,$32626,$0,$68310,$117258,$42122,$24672,$7771,$55921,$98044,$50522,$119713,$-25466,$19214,$117258,$3032,$1153,$82,$1235,$0,$0,$0,$-244,$-244,$4023,$-591,$0,$-48,$0,$-1106,$-1106,$732,$-1012,$1828,$-1359,$469,$-2237,$-2237,$-948,$0,$-2716,$173,$144,$-948
23,2012-12-31,159.6,$16.99,9.39,$88.68,1.8,$31.57,5.05,$14.41,11.08,$49.43B,$43.63B,1.13,$24.09B,$18.99B,1.27,$102.87B,$50.36B,48.95%,$102.87B,$21.08B,20.49%,$102.87B,$21.08B,20.49%,$102.87B,$25.76B,25.04%,$102.87B,$22.54B,21.91%,$102.87B,$16.60B,16.14%,$16.60B,$18.98B,81.00%,$16.60B,$-14.05B,-146.38%,$16.60B,$119.21B,14.31%,$21.08B,$43.07B,46.60%,$27671,$12442,$15229,$1094,$5832,$19368,$8303,$166,$8469,$2241,$6228,$6228,$5833,$9455,$8303,$1143,1155,$5.14,$5.09,$11129,$2287,$0,$49433,$13996,$5021,$33034,$0,$69781,$119213,$43625,$24088,$7607,$56604,$100229,$50110,$117641,$-25759,$18984,$119213,$16604,$4676,$756,$5432,$-2230,$280,$-224,$-275,$-2449,$19586,$-3672,$0,$-3123,$0,$-1602,$-1602,$-608,$-9004,$2693,$-441,$2252,$-10455,$-10455,$-3773,$0,$-11976,$-1511,$688,$-3773
24,2012-09-30,172.08,$19.17,8.97,$89.03,1.93,$31.27,5.5,$13.90,12.38,$48.14B,$39.50B,1.22,$24.33B,$21.67B,1.12,$104.69B,$49.86B,47.62%,$104.69B,$19.87B,18.98%,$104.69B,$19.87B,18.98%,$104.69B,$24.58B,23.48%,$104.69B,$21.35B,20.39%,$104.69B,$16.26B,15.53%,$16.26B,$21.67B,78.13%,$16.26B,$-10.17B,-159.83%,$16.26B,$115.78B,14.10%,$19.87B,$46.00B,43.92%,$24747,$13015,$11732,$1534,$5908,$20457,$4290,$785,$5074,$1251,$3823,$3823,$3824,$5481,$4290,$1137,1149,$3.36,$3.33,$12254,$2586,$0,$48141,$14027,$5006,$31835,$0,$67638,$115778,$39499,$24333,$9335,$54613,$94112,$49603,$112773,$-20720,$21666,$115778,$10771,$3524,$-187,$3337,$0,$0,$0,$-868,$-868,$13240,$-2849,$0,$-1679,$0,$-1101,$-1101,$718,$-4912,$4598,$-2177,$2421,$-7790,$-7790,$-2816,$0,$-8185,$-13,$510,$-2816
25,2012-06-30,161.54,$17.99,8.98,$89.20,1.81,$30.67,5.27,$13.76,11.74,$47.39B,$38.90B,1.22,$24.77B,$20.56B,1.2,$106.10B,$50.30B,47.40%,$106.10B,$20.55B,19.36%,$106.10B,$20.55B,19.36%,$106.10B,$25.26B,23.81%,$106.10B,$21.30B,20.07%,$106.10B,$16.28B,15.34%,$16.28B,$20.56B,77.54%,$16.28B,$-10.83B,-180.37%,$16.28B,$113.83B,14.28%,$20.55B,$45.33B,45.30%,$25783,$13502,$12281,$1587,$5837,$20926,$4857,$304,$5161,$1280,$3881,$3881,$3881,$6033,$4857,$1149,1162,$3.38,$3.34,$11187,$2758,$0,$47392,$13865,$4730,$31392,$0,$66439,$113832,$38903,$24766,$9166,$54365,$93269,$49157,$109928,$-21498,$20563,$113832,$6948,$2333,$210,$2543,$0,$0,$0,$-764,$-764,$8726,$-1960,$0,$-1912,$0,$-728,$-728,$686,$-3913,$3490,$-2236,$1254,$-5084,$-5084,$-1848,$0,$-5678,$-1058,$328,$-1848
26,2012-03-31,171.62,$18.02,9.52,$88.85,1.93,$30.04,5.71,$13.42,12.79,$48.85B,$38.21B,1.28,$25.76B,$20.78B,1.24,$106.98B,$50.40B,47.11%,$106.98B,$20.47B,19.14%,$106.98B,$20.47B,19.14%,$106.98B,$25.22B,23.57%,$106.98B,$21.02B,19.65%,$106.98B,$16.06B,15.01%,$16.06B,$20.78B,74.16%,$16.06B,$-10.33B,-208.10%,$16.06B,$115.35B,14.10%,$20.47B,$46.54B,45.19%,$24673,$13554,$11119,$1601,$5886,$21041,$3632,$203,$3836,$769,$3067,$3067,$3066,$4789,$3632,$1159,1174,$2.65,$2.61,$12335,$2754,$0,$48847,$13946,$4822,$31109,$0,$66500,$115347,$38209,$25760,$9112,$56355,$94563,$48800,$107036,$-21115,$20783,$115347,$3066,$1157,$25,$1182,$0,$0,$0,$43,$43,$4291,$-842,$0,$-1319,$0,$-706,$-706,$636,$-2230,$3058,$-2107,$951,$-2396,$-2396,$-870,$0,$-2316,$-87,$168,$-870
27,2011-12-31,150.66,$17.40,8.66,$87.68,1.72,$29.42,5.12,$13.12,11.48,$50.93B,$42.12B,1.21,$22.86B,$20.24B,1.13,$106.92B,$50.14B,46.89%,$106.92B,$20.29B,18.97%,$106.92B,$20.29B,18.97%,$106.92B,$25.10B,23.48%,$106.92B,$21.00B,19.64%,$106.92B,$15.86B,14.83%,$15.86B,$20.24B,71.58%,$15.86B,$-9.37B,-239.34%,$15.86B,$116.43B,14.00%,$20.29B,$43.09B,45.28%,$29486,$14763,$14723,$1556,$6076,$22395,$7091,$182,$7274,$1785,$5489,$5489,$5489,$8279,$7091,$1197,1214,$4.64,$4.56,$11922,$2595,$0,$50928,$13883,$4895,$29605,$0,$65505,$116433,$42123,$22857,$8996,$54074,$96197,$48129,$104857,$-21885,$20236,$116433,$15855,$4815,$1567,$6382,$-1279,$-163,$451,$-1399,$-2390,$19846,$-3500,$0,$-1797,$0,$1192,$1192,$-291,$-4396,$1049,$1321,$2370,$-12593,$-12593,$-3473,$0,$-13696,$1262,$697,$-3473
28,2011-09-30,142.7,$18.99,7.52,$85.93,1.66,$28.49,5.01,$12.68,11.25,$45.37B,$36.03B,1.26,$24.09B,$22.38B,1.08,$106.45B,$49.64B,46.63%,$106.45B,$19.89B,18.69%,$106.45B,$19.89B,18.69%,$106.45B,$24.76B,23.26%,$106.45B,$20.69B,19.43%,$106.45B,$15.62B,14.68%,$15.62B,$22.38B,68.27%,$15.62B,$-5.57B,-276.76%,$15.62B,$110.16B,13.89%,$19.89B,$46.47B,43.93%,$26157,$13984,$12173,$1546,$5662,$21192,$4965,$63,$5027,$1188,$3839,$3839,$3839,$6157,$4965,$1189,1205,$3.23,$3.19,$11303,$2663,$0,$45373,$13887,$5422,$27946,$0,$64786,$110158,$36028,$24089,$8654,$51752,$87781,$47558,$100266,$-18099,$22378,$110158,$10365,$3627,$246,$3873,$0,$0,$0,$-1488,$-1488,$12750,$-2580,$0,$-219,$0,$1373,$1373,$534,$-891,$1027,$116,$1143,$-9436,$-9436,$-2593,$0,$-10886,$643,$498,$-2593
29,2011-06-30,139.36,$19.43,7.17,$83.29,1.67,$28.15,4.95,$12.31,11.32,$46.94B,$39.84B,1.18,$21.92B,$23.21B,0.94,$104.56B,$48.47B,46.35%,$104.56B,$19.32B,18.47%,$104.56B,$19.32B,18.47%,$104.56B,$24.19B,23.13%,$104.56B,$20.34B,19.45%,$104.56B,$15.37B,14.70%,$15.37B,$23.21B,67.19%,$15.37B,$-5.60B,-301.40%,$15.37B,$113.47B,13.75%,$19.32B,$45.13B,43.18%,$26666,$14282,$12384,$1569,$6030,$21881,$4785,$101,$4885,$1221,$3664,$3664,$3664,$5992,$4785,$1205,1221,$3.04,$3.00,$11764,$2573,$0,$46937,$14239,$5329,$28814,$0,$66536,$113474,$39843,$21915,$8851,$50421,$90263,$46975,$97334,$-17109,$23210,$113474,$6526,$2435,$-51,$2384,$0,$0,$0,$-839,$-839,$8071,$-1725,$0,$-155,$0,$1316,$1316,$477,$-86,$69,$883,$952,$-6470,$-6470,$-1700,$0,$-7217,$1054,$332,$-1700
30,2011-03-31,131.89,$18.80,7.01,$79.75,1.65,$28.05,4.7,$11.92,11.06,$47.52B,$40.39B,1.18,$21.75B,$22.78B,0.96,$101.62B,$46.90B,46.15%,$101.62B,$18.81B,18.51%,$101.62B,$18.81B,18.51%,$101.62B,$23.65B,23.28%,$101.62B,$20.03B,19.71%,$101.62B,$15.10B,14.85%,$15.10B,$22.78B,67.48%,$15.10B,$-5.96B,-361.71%,$15.10B,$112.96B,13.82%,$18.81B,$44.53B,42.74%,$24607,$13749,$10858,$1587,$5826,$21162,$3445,$371,$3817,$954,$2863,$2863,$2863,$4673,$3445,$1222,1240,$2.34,$2.31,$13245,$2549,$0,$47524,$14208,$5380,$28732,$0,$65438,$112960,$40387,$21749,$8330,$49798,$90185,$46278,$94590,$-18119,$22776,$112960,$2863,$1228,$-150,$1078,$0,$0,$0,$-147,$-147,$3792,$-915,$0,$-51,$0,$923,$923,$541,$498,$-485,$2135,$1650,$-3168,$-3168,$-795,$0,$-2314,$2102,$170,$-795
31,2010-12-31,118.24,$18.87,6.27,$77.20,1.53,$28.52,4.15,$11.58,10.21,$48.12B,$40.56B,1.19,$21.85B,$23.17B,0.94,$99.87B,$46.01B,46.07%,$99.87B,$18.15B,18.17%,$99.87B,$18.15B,18.17%,$99.87B,$22.98B,23.01%,$99.87B,$19.72B,19.75%,$99.87B,$14.83B,14.85%,$14.83B,$23.17B,66.77%,$14.83B,$-5.45B,-490.59%,$14.83B,$113.45B,13.82%,$18.15B,$45.02B,41.50%,$29018,$14792,$14226,$1578,$5950,$22320,$6698,$258,$6956,$1698,$5258,$5258,$5257,$7933,$6698,$1269,1287,$4.18,$4.12,$11651,$2450,$0,$48116,$14096,$5778,$28624,$0,$65334,$113452,$40562,$21846,$8226,$49716,$90279,$45418,$92532,$-18743,$23172,$113452,$14833,$4831,$1122,$5953,$-489,$92,$174,$-1014,$-1237,$19549,$-3415,$0,$-5867,$0,$1179,$1179,$-405,$-8507,$1533,$817,$2350,$-11601,$-11601,$-3177,$0,$-12429,$-1522,$629,$-3177
32,2010-09-30,107.59,$18.00,5.98,$74.96,1.44,$29.15,3.69,$10.99,9.79,$44.47B,$35.44B,1.26,$21.90B,$22.36B,0.98,$98.08B,$44.93B,45.81%,$98.08B,$17.58B,17.92%,$98.08B,$17.58B,17.92%,$98.08B,$22.44B,22.88%,$98.08B,$19.15B,19.52%,$98.08B,$14.39B,14.67%,$14.39B,$22.36B,65.08%,$14.39B,$-3.39B,-873.25%,$14.39B,$107.17B,13.55%,$17.58B,$44.26B,40.27%,$24271,$13270,$11001,$1464,$5149,$19883,$4388,$289,$4677,$1088,$3589,$3589,$3589,$5591,$4388,$1255,1273,$2.86,$2.82,$11086,$2629,$0,$44469,$14009,$6166,$25750,$0,$62705,$107174,$35443,$21899,$8842,$49373,$84815,$44328,$88095,$-17479,$22359,$107174,$9576,$3596,$-197,$3399,$0,$0,$0,$-221,$-221,$12754,$-2448,$0,$-2993,$0,$843,$843,$173,$-4425,$-457,$1405,$948,$-9149,$-9149,$-2369,$0,$-10569,$-2324,$474,$-2369
33,2010-06-30,98.55,$16.79,5.87,$73.50,1.34,$30.17,3.27,$10.57,9.32,$44.90B,$34.99B,1.28,$21.02B,$21.18B,0.99,$97.38B,$44.56B,45.76%,$97.38B,$17.36B,17.83%,$97.38B,$17.36B,17.83%,$97.38B,$22.28B,22.88%,$97.38B,$18.84B,19.35%,$97.38B,$14.01B,14.39%,$14.01B,$21.18B,66.28%,$14.01B,$-1.89B,-873.83%,$14.01B,$103.42B,13.30%,$17.36B,$42.19B,40.99%,$23724,$12914,$10810,$1475,$5061,$19450,$4274,$302,$4575,$1190,$3385,$3385,$3386,$5457,$4274,$1279,1297,$2.65,$2.61,$12241,$2595,$0,$44895,$13534,$6038,$23070,$0,$58524,$103420,$34993,$21017,$8295,$47251,$82244,$43522,$85323,$-18510,$21176,$103420,$5987,$2393,$-270,$2123,$0,$0,$0,$93,$93,$8203,$-1586,$0,$-1009,$0,$-332,$-332,$282,$-2645,$-1243,$1973,$730,$-6294,$-6294,$-1551,$0,$-7114,$-1858,$320,$-1551
34,2010-03-31,101.82,$17.27,5.9,$72.60,1.4,$30.92,3.29,$10.28,9.9,$45.70B,$34.58B,1.32,$21.31B,$22.15B,0.96,$96.90B,$44.33B,45.75%,$96.90B,$17.12B,17.66%,$96.90B,$17.12B,17.66%,$96.90B,$22.09B,22.80%,$96.90B,$18.53B,19.12%,$96.90B,$13.73B,14.17%,$13.73B,$22.15B,69.64%,$13.73B,$-1.36B,-529.90%,$13.73B,$105.21B,13.03%,$17.12B,$43.45B,41.86%,$22857,$12881,$9976,$1509,$5677,$20067,$2790,$724,$3515,$914,$2601,$2601,$2601,$4000,$2790,$1301,1322,$2.00,$1.97,$13977,$2524,$0,$45697,$13841,$5794,$23507,$0,$59510,$105208,$34575,$21305,$8506,$48483,$83059,$42665,$82783,$-18178,$22149,$105208,$2601,$1210,$-409,$801,$0,$0,$0,$1033,$1033,$4437,$-758,$0,$-824,$0,$426,$426,$457,$-699,$-1192,$1673,$481,$-3132,$-3132,$-718,$0,$-3368,$289,$169,$-718
35,2009-12-31,103.46,$17.43,5.93,$71.39,1.45,$30.94,3.34,$10.01,10.34,$48.94B,$36.00B,1.36,$21.93B,$22.76B,0.96,$95.76B,$43.79B,45.73%,$95.76B,$17.01B,17.77%,$95.76B,$17.01B,17.77%,$95.76B,$22.01B,22.98%,$95.76B,$18.14B,18.94%,$95.76B,$13.43B,14.02%,$13.43B,$22.76B,76.26%,$13.43B,$0.05B,-333.42%,$13.43B,$109.02B,12.84%,$17.01B,$44.69B,43.93%,$27231,$14084,$13147,$1460,$5560,$21104,$6127,$256,$6381,$1568,$4813,$4813,$4813,$7392,$6127,$1327,1341,$3.63,$3.59,$13974,$2494,$0,$48935,$14165,$5379,$22703,$0,$60087,$109022,$36002,$21932,$8819,$50266,$86267,$41810,$80900,$-18830,$22755,$109022,$13425,$4994,$1936,$6930,$2131,$263,$170,$-2146,$418,$20773,$-3117,$0,$-794,$0,$-2635,$-2635,$-184,$-6729,$-6812,$-651,$-7463,$-4377,$-4377,$-2860,$0,$-14700,$-558,$558,$-2860
36,2009-09-30,94.12,$14.08,6.69,$70.55,1.33,$28.58,3.29,$9.70,9.7,$43.45B,$32.96B,1.32,$20.58B,$18.49B,1.11,$95.53B,$43.58B,45.61%,$95.53B,$16.46B,17.23%,$95.53B,$16.46B,17.23%,$95.53B,$21.51B,22.52%,$95.53B,$17.57B,18.39%,$95.53B,$13.04B,13.65%,$13.04B,$18.49B,85.16%,$13.04B,$-3.22B,-220.26%,$13.04B,$103.68B,12.45%,$16.46B,$39.08B,44.95%,$23566,$12938,$10628,$1446,$5013,$19397,$4169,$205,$4373,$1159,$3214,$3214,$3214,$5427,$4169,$1320,1338,$2.44,$2.40,$11512,$2546,$0,$43446,$14189,$5051,$21708,$0,$60229,$103675,$32960,$20583,$9863,$52221,$85182,$40482,$76812,$-20487,$18493,$103675,$8612,$3729,$66,$3795,$0,$0,$0,$1917,$1917,$14325,$-2121,$0,$281,$490,$-2885,$-2395,$0,$-4234,$-8346,$-151,$-8497,$-2863,$-2863,$-2133,$0,$-13494,$-3210,$416,$-2133
37,2009-06-30,81.78,$11.80,6.93,$71.22,1.15,$26.14,3.13,$9.35,8.75,$44.44B,$36.43B,1.22,$20.87B,$15.47B,1.35,$97.27B,$43.91B,45.14%,$97.27B,$16.03B,16.48%,$97.27B,$16.03B,16.48%,$97.27B,$21.20B,21.79%,$97.27B,$17.09B,17.57%,$97.27B,$12.65B,13.00%,$12.65B,$15.47B,72.00%,$12.65B,$-5.84B,-340.64%,$12.65B,$103.66B,11.74%,$16.03B,$36.34B,41.86%,$23250,$12669,$10581,$1434,$5115,$19218,$4032,$229,$4262,$1159,$3103,$3103,$3103,$5274,$4032,$1326,1337,$2.34,$2.32,$12526,$2691,$0,$44435,$13948,$4813,$21317,$0,$59219,$103655,$36430,$20868,$9141,$51751,$88182,$39774,$74328,$-21043,$15473,$103655,$5398,$2471,$-71,$2400,$0,$0,$0,$1330,$1330,$9127,$-1304,$0,$256,$0,$-1335,$-1335,$487,$-1897,$-3071,$-934,$-4005,$-2914,$-2914,$-1407,$0,$-8326,$-1063,$269,$-1407
38,2009-03-31,75.49,$10.36,7.28,$72.96,1.03,$24.89,3.03,$9.01,8.38,$44.00B,$37.43B,1.18,$21.11B,$13.69B,1.54,$100.84B,$44.93B,44.55%,$100.84B,$15.65B,15.52%,$100.84B,$15.65B,15.52%,$100.84B,$20.98B,20.80%,$100.84B,$16.64B,16.50%,$100.84B,$12.31B,12.21%,$12.31B,$13.69B,59.28%,$12.31B,$-7.10B,-1351.26%,$12.31B,$101.94B,10.98%,$15.65B,$34.80B,37.57%,$21711,$12281,$9430,$1480,$5264,$19025,$2686,$436,$3122,$827,$2295,$2295,$2295,$3915,$2686,$1344,1350,$1.71,$1.70,$12295,$2759,$0,$43995,$13727,$4928,$20791,$0,$57950,$101944,$37425,$21106,$8214,$50826,$88252,$39430,$71968,$-21649,$13693,$101944,$2295,$1229,$-161,$1068,$0,$0,$0,$1024,$1024,$4386,$-599,$0,$335,$387,$-171,$216,$0,$-48,$-2565,$181,$-2384,$-1523,$-1523,$-675,$0,$-4583,$-447,$137,$-675
39,2008-12-31,65.23,$10.14,6.43,$74.23,0.88,$24.34,2.68,$8.96,7.28,$49.00B,$42.44B,1.16,$22.69B,$13.59B,1.67,$103.63B,$45.66B,44.06%,$103.63B,$15.94B,15.38%,$103.63B,$15.94B,15.38%,$103.63B,$21.39B,20.64%,$103.63B,$16.72B,16.13%,$103.63B,$12.33B,11.90%,$12.33B,$13.58B,50.29%,$12.33B,$-7.52B,472.70%,$12.33B,$109.52B,10.54%,$15.94B,$36.27B,35.32%,$27006,$14070,$12936,$1529,$5833,$21432,$5574,$234,$5808,$1382,$4426,$4426,$4426,$6895,$5574,$1369,1388,$3.26,$3.24,$12907,$2701,$0,$49004,$14305,$5058,$21104,$0,$60521,$109524,$42435,$22689,$8192,$53504,$95939,$39129,$70353,$-21845,$13584,$109524,$12334,$5450,$2221,$7671,$274,$-102,$-860,$-505,$-1193,$18812,$-3821,$0,$-6242,$0,$794,$794,$-16,$-9285,$3581,$-6025,$-2444,$-6804,$-6804,$-2585,$0,$-11834,$-2250,$659,$-2585
40,2008-09-30,90.12,$20.48,4.4,$74.58,1.21,$21.77,4.14,$8.48,10.63,$44.19B,$44.75B,0.99,$18.23B,$27.52B,0.66,$105.49B,$45.69B,43.32%,$105.49B,$15.73B,14.91%,$105.49B,$15.73B,14.91%,$105.49B,$21.20B,20.09%,$105.49B,$16.40B,15.54%,$105.49B,$11.86B,11.24%,$11.86B,$27.52B,42.00%,$11.86B,$5.61B,157.99%,$11.86B,$115.91B,9.90%,$15.73B,$45.75B,32.15%,$25302,$14343,$10959,$1579,$5644,$21566,$3736,$159,$3895,$1071,$2824,$2824,$2824,$5115,$3736,$1360,1384,$2.08,$2.04,$9756,$3000,$0,$44187,$14659,$5526,$21909,$0,$71722,$115910,$44752,$18232,$8944,$43639,$88391,$38874,$66600,$-4384,$27519,$115910,$7907,$4129,$148,$4277,$0,$0,$0,$7,$7,$12191,$-2951,$0,$-5946,$203,$288,$491,$0,$-8405,$654,$-1523,$-869,$-6180,$-6180,$-1916,$0,$-8964,$-5236,$501,$-1916
41,2008-06-30,90.98,$20.86,4.36,$73.46,1.24,$20.84,4.37,$8.11,11.22,$46.31B,$44.68B,1.04,$21.52B,$28.26B,0.76,$104.31B,$44.69B,42.85%,$104.31B,$15.10B,14.48%,$104.31B,$15.10B,14.48%,$104.31B,$20.53B,19.68%,$104.31B,$15.78B,15.13%,$104.31B,$11.40B,10.93%,$11.40B,$28.26B,43.01%,$11.40B,$5.36B,157.42%,$11.40B,$120.93B,9.66%,$15.10B,$49.79B,31.91%,$26820,$15220,$11600,$1660,$6289,$23169,$3651,$164,$3814,$1049,$2765,$2765,$2765,$5054,$3651,$1376,1402,$2.01,$1.97,$9847,$2916,$0,$46310,$15386,$5829,$22901,$0,$74616,$120928,$44683,$21522,$9044,$47980,$92663,$37882,$64456,$-3006,$28264,$120928,$5084,$2750,$265,$3015,$0,$0,$0,$353,$353,$8453,$-1999,$0,$-5862,$219,$732,$951,$0,$-6909,$889,$-2273,$-1384,$-4460,$-4460,$-1239,$0,$-7083,$-5365,$340,$-1239
42,2008-03-31,88.02,$20.92,4.21,$70.60,1.25,$19.42,4.53,$7.68,11.46,$48.43B,$47.05B,1.03,$19.95B,$28.73B,0.69,$101.26B,$43.03B,42.49%,$101.26B,$14.23B,14.05%,$101.26B,$14.23B,14.05%,$101.26B,$19.53B,19.29%,$101.26B,$15.11B,14.92%,$101.26B,$10.89B,10.76%,$10.89B,$28.73B,46.11%,$10.89B,$6.98B,173.83%,$10.89B,$121.82B,9.61%,$14.23B,$48.68B,33.38%,$24502,$14336,$10166,$1569,$5620,$21525,$2977,$221,$3198,$879,$2319,$2319,$2319,$4324,$2977,$1394,1411,$1.67,$1.64,$12027,$2977,$0,$48425,$15470,$6262,$21746,$0,$73398,$121823,$47048,$19951,$8600,$46047,$93095,$36252,$62378,$-3282,$28728,$121823,$2319,$1347,$286,$1633,$0,$0,$0,$251,$251,$4202,$-1018,$0,$-4933,$157,$14,$171,$0,$-5778,$-1152,$372,$-780,$-2427,$-1462,$-554,$0,$-2796,$-4205,$171,$-554
43,2007-12-31,82.32,$20.55,4.01,$67.71,1.22,$18.55,4.44,$7.24,11.37,$53.18B,$44.31B,1.2,$23.04B,$28.47B,0.81,$98.79B,$41.73B,42.24%,$98.79B,$13.52B,13.68%,$98.79B,$13.52B,13.68%,$98.79B,$18.72B,18.95%,$98.79B,$14.49B,14.67%,$98.79B,$10.42B,10.55%,$10.42B,$28.47B,44.53%,$10.42B,$12.08B,136.04%,$10.42B,$120.43B,9.62%,$13.52B,$51.51B,32.99%,$28866,$15897,$12969,$1586,$6016,$23499,$5367,$120,$5489,$1537,$3952,$3952,$3954,$6704,$5367,$1434,1457,$2.75,$2.71,$16146,$2664,$0,$53177,$15081,$5248,$16392,$0,$67254,$120431,$44310,$23039,$7970,$47651,$91962,$35188,$60640,$-3414,$28470,$120431,$10418,$5201,$1364,$6565,$-1408,$182,$-142,$478,$-890,$16094,$-4093,$0,$-699,$0,$-8,$-8,$125,$-4675,$10438,$1674,$12112,$-14705,$-14705,$-2147,$0,$-4740,$6969,$713,$-2147
44,2007-09-30,89.39,$14.91,5.99,$64.80,1.38,$17.44,5.12,$6.75,13.24,$46.59B,$45.01B,1.04,$18.78B,$20.55B,0.91,$96.18B,$40.46B,42.07%,$96.18B,$12.65B,13.15%,$96.18B,$12.65B,13.15%,$96.18B,$17.81B,18.52%,$96.18B,$13.81B,14.36%,$96.18B,$10.00B,10.40%,$10.00B,$20.55B,42.74%,$10.00B,$4.54B,125.03%,$10.00B,$108.61B,9.62%,$12.65B,$39.32B,32.71%,$24119,$14163,$9956,$1524,$5324,$21011,$3108,$172,$3280,$918,$2362,$2362,$2361,$4448,$3108,$1371,1406,$1.72,$1.68,$13823,$2855,$0,$46588,$14836,$9007,$16005,$0,$62021,$108609,$45010,$18775,$7678,$43052,$88062,$34705,$57298,$-7513,$20547,$108609,$6467,$3864,$236,$4100,$0,$0,$0,$376,$376,$10943,$-2870,$0,$-408,$298,$-2792,$-2494,$0,$-5773,$12027,$371,$12398,$-14924,$-14924,$-1593,$0,$-4119,$1273,$539,$-1593
45,2007-06-30,79.58,$12.32,6.46,$62.38,1.28,$16.21,4.91,$6.52,12.21,$42.29B,$48.08B,0.88,$14.18B,$16.76B,0.85,$94.68B,$40.00B,42.25%,$94.68B,$12.37B,13.06%,$94.68B,$12.37B,13.06%,$94.68B,$17.42B,18.40%,$94.68B,$13.71B,14.48%,$94.68B,$9.87B,10.42%,$9.87B,$16.76B,36.77%,$9.87B,$1.47B,79.28%,$9.87B,$102.55B,9.59%,$12.37B,$30.94B,30.34%,$23772,$13834,$9938,$1534,$5631,$20999,$2773,$369,$3141,$881,$2260,$2260,$2259,$4057,$2773,$1437,1461,$1.57,$1.55,$10189,$2848,$0,$42293,$14479,$8865,$15291,$0,$60256,$102548,$48084,$14179,$7406,$37709,$85792,$33374,$55503,$-7997,$16756,$102548,$4105,$2524,$104,$2628,$0,$0,$0,$-274,$-274,$6459,$-1803,$0,$69,$0,$-835,$-835,$0,$-2569,$12104,$171,$12275,$-16238,$-16238,$-1044,$0,$-5007,$-1011,$361,$-1044
46,2007-03-31,71.0,$18.73,3.79,$60.14,1.18,$15.56,4.56,$6.27,11.32,$42.45B,$36.76B,1.16,$14.29B,$27.81B,0.51,$92.79B,$39.07B,42.11%,$92.79B,$12.17B,13.11%,$92.79B,$12.17B,13.11%,$92.79B,$17.18B,18.52%,$92.79B,$13.46B,14.50%,$92.79B,$9.63B,10.38%,$9.63B,$27.81B,31.03%,$9.63B,$12.55B,55.11%,$9.63B,$101.62B,9.34%,$12.17B,$42.09B,27.12%,$22029,$13163,$8866,$1509,$5089,$19761,$2268,$312,$2579,$735,$1844,$1844,$1844,$3508,$2268,$1500,1523,$1.23,$1.21,$10782,$2912,$0,$42446,$14414,$8383,$15260,$0,$59174,$101619,$36763,$14285,$9613,$37049,$73811,$32264,$53878,$-8607,$27809,$101619,$1844,$1240,$90,$1330,$0,$0,$0,$-157,$-157,$3016,$-917,$0,$-205,$0,$-1296,$-1296,$0,$-2418,$796,$436,$1232,$-2498,$-2498,$-452,$0,$-1717,$-1070,$178,$-452
47,2006-12-31,72.96,$18.92,3.86,$58.69,1.24,$15.65,4.66,$6.14,11.88,$44.66B,$40.09B,1.11,$13.78B,$28.51B,0.48,$91.42B,$38.30B,41.89%,$91.42B,$11.93B,13.05%,$91.42B,$11.93B,13.05%,$91.42B,$16.91B,18.50%,$91.42B,$13.32B,14.57%,$91.42B,$9.49B,10.38%,$9.49B,$28.51B,29.42%,$9.49B,$13.45B,48.54%,$9.49B,$103.23B,9.19%,$11.93B,$42.29B,25.73%,$26258,$14555,$11703,$1586,$5620,$21761,$4497,$321,$4814,$1350,$3464,$3464,$3540,$5797,$4497,$1531,1554,$2.33,$2.28,$10656,$2810,$0,$44660,$14440,$8381,$15056,$0,$58574,$103234,$40091,$13780,$4801,$34636,$74728,$31271,$52432,$-8901,$28506,$103234,$9492,$4983,$2319,$7302,$-512,$112,$355,$-1731,$-1776,$15019,$-3932,$0,$-3799,$0,$-3801,$-3801,$-18,$-11549,$-1956,$1834,$-122,$-8084,$-6399,$-1683,$0,$-8204,$-4546,$846,$-1683
