,Date,Stock Price,Book Value per Share,Price to Book Ratio,TTM Sales per Share,Price to Sales Ratio,TTM FCF per Share,Price to FCF Ratio,TTM Net EPS,PE Ratio,Current Assets,Current Liabilities,Current Ratio,Long Term Debt,Shareholder's Equity_x,Debt to Equity Ratio,TTM Revenue_x,TTM Gross Profit,Gross Margin,TTM Revenue_y,TTM Operating Income,Operating Margin,TTM Revenue_x,TTM EBIT,EBIT Margin,TTM Revenue_y,TTM EBITDA,EBITDA Margin,TTM Revenue_x,TTM Pre-Tax Income,Pre-Tax Margin,TTM Revenue_y,TTM Net Income_x,Net Margin,TTM Net Income_y,Shareholder's Equity_y,Return on Equity,TTM Net Income_x,Tangible Equity,Return on Tangible Equity,TTM Net Income_y,Total Assets,Return on Assets,TTM Net Income,LT Investments & Debt,Return on Investment,revenue,cost-goods-sold,gross-profit,research-development-expenses,selling-general-administrative-expenses,operating-expenses,operating-income,total-non-operating-income-expense,pre-tax-income,total-provision-income-taxes,income-after-taxes,income-from-continuous-operations,net-income,ebitda,ebit,basic-shares-outstanding,shares-outstanding,eps-basic-net-earnings-per-share,eps-earnings-per-share-diluted,cash-on-hand,inventory,other-current-assets,total-current-assets,net-property-plant-equipment,long-term-investments,goodwill-intangible-assets-total,other-long-term-assets,total-long-term-assets,total-assets,total-current-liabilities,long-term-debt,other-non-current-liabilities,total-long-term-liabilities,total-liabilities,common-stock-net,retained-earnings-accumulated-deficit,comprehensive-income,total-share-holder-equity,total-liabilities-share-holders-equity,net-income-loss,total-depreciation-amortization-cash-flow,other-non-cash-items,total-non-cash-items,change-in-accounts-receivable,change-in-inventories,change-in-accounts-payable,change-in-assets-liabilities,total-change-in-assets-liabilities,cash-flow-from-operating-activities,net-change-in-property-plant-equipment,net-change-in-intangible-assets,net-acquisitions-divestitures,net-change-in-short-term-investments,net-change-in-long-term-investments,net-change-in-investments-total,investing-activities-other,cash-flow-from-investing-activities,net-long-term-debt,net-current-debt,debt-issuance-retirement-net-total,net-common-equity-issued-repurchased,net-total-equity-issued-repurchased,total-common-preferred-stock-dividends-paid,financial-activities-other,cash-flow-from-financial-activities,net-cash-flow,stock-based-compensation,common-stock-dividends-paid
0,2018-09-30,8.33,$4.13,2.02,$2.10,3.96,$-4.13,0.0,$-0.23,0.0,$0.01B,$0.00B,3.23,$0.01B,$0.02B,0.38,$0.01B,$0.00B,36.36%,$0.01B,0,0.00%,$0.01B,0,0.00%,$0.01B,0,0.00%,$0.01B,0,0.00%,$0.01B,$-0.00B,-9.09%,$-0.00B,$0.02B,-4.30%,$-0.00B,$0.02B,-4.40%,$-0.00B,$0.03B,-2.99%,$0.00B,$0.03B,0.00%,$2,$1,$1,$0,$2,$2,$-0,$-0,$-0,$-0,$-0,$-0,$-0,$0,$-0,$5,5,$-0.05,$-0.05,$2,$2,$0,$6,$26,$0,$0,$0,$27,$33,$2,$9,$0,$9,$11,$1,$-0,$0,$23,$33,$-1,$1,$0,$1,$0,$-0,$-0,$-0,$0,$-0,$-2,$0,$-0,$0,$0,$0,$0,$-2,$0,$1,$1,$0,$0,$0,$-0,$1,$-1,$0,$0
1,2018-06-30,6.82,$4.16,1.64,$2.11,3.23,$-6.22,0.0,$-0.30,0.0,$0.01B,$0.00B,4.25,$0.01B,$0.02B,0.38,$0.01B,$0.00B,36.36%,$0.01B,0,0.00%,$0.01B,0,0.00%,$0.01B,0,0.00%,$0.01B,$-0.00B,-9.09%,$0.01B,$-0.00B,-9.09%,$-0.00B,$0.02B,-4.40%,$-0.00B,$0.02B,-4.44%,$-0.00B,$0.03B,-3.05%,$0.00B,$0.03B,0.00%,$3,$2,$1,$0,$2,$3,$-0,$-0,$-0,$1,$-1,$-1,$-1,$0,$-0,$5,5,$-0.15,$-0.15,$3,$2,$0,$6,$27,$0,$0,$0,$27,$33,$1,$9,$0,$9,$10,$1,$-0,$0,$23,$33,$-1,$1,$1,$1,$0,$0,$-0,$-0,$0,$0,$-2,$0,$-0,$0,$0,$0,$0,$-2,$0,$0,$0,$0,$0,$0,$-0,$0,$-1,$0,$0
2,2018-03-31,7.0,$4.29,1.63,$1.92,3.64,$-7.50,0.0,$-0.20,0.0,$0.01B,$0.00B,4.54,$0.01B,$0.02B,0.37,$0.01B,$0.00B,40.00%,$0.01B,0,0.00%,$0.01B,0,0.00%,$0.01B,0,0.00%,$0.01B,$-0.00B,-10.00%,$0.01B,0,0.00%,$0.00B,$0.02B,0.00%,$0.00B,$0.02B,0.00%,$0.00B,$0.03B,0.00%,$0.00B,$0.03B,0.00%,$3,$2,$1,$0,$2,$3,$-0,$-0,$-0,$-0,$-0,$-0,$-0,$0,$-0,$5,5,$-0.04,$-0.04,$3,$2,$0,$6,$26,$0,$0,$0,$27,$34,$1,$9,$0,$9,$10,$1,$1,$0,$23,$34,$-0,$0,$0,$0,$0,$0,$-0,$-0,$0,$0,$-1,$0,$-0,$0,$0,$0,$0,$-1,$0,$0,$0,$0,$0,$0,$-0,$0,$-1,$0,$0
3,2017-12-31,8.79,$4.31,2.04,$2.11,4.16,$-8.06,0.0,$-0.04,0.0,$0.01B,$0.00B,3.64,$0.01B,$0.02B,0.37,$0.01B,$0.01B,45.45%,$0.01B,$0.00B,9.09%,$0.01B,$0.00B,9.09%,$0.01B,$0.00B,9.09%,$0.01B,0,0.00%,$0.01B,$0.00B,9.09%,$0.00B,$0.02B,4.71%,$0.00B,$0.02B,4.76%,$0.00B,$0.03B,3.42%,$0.00B,$0.03B,3.77%,$3,$2,$1,$0,$2,$4,$-0,$-0,$-0,$-0,$-0,$-0,$-0,$-0,$-0,$5,5,$-0.03,$-0.03,$4,$2,$0,$8,$26,$0,$0,$0,$27,$34,$2,$9,$0,$9,$11,$1,$1,$-0,$24,$34,$-0,$1,$-0,$1,$-0,$0,$0,$0,$1,$1,$-18,$0,$-0,$5,$0,$5,$0,$-12,$0,$6,$6,$4,$4,$0,$-0,$10,$-1,$0,$0
4,2017-09-30,6.5,$4.15,1.57,$1.99,3.27,$-5.59,0.0,$0.01,0.0,$0.01B,$0.00B,1.75,$0.01B,$0.02B,0.27,$0.01B,$0.01B,50.00%,$0.01B,$0.00B,10.00%,$0.01B,$0.00B,10.00%,$0.01B,$0.00B,10.00%,$0.01B,0,0.00%,$0.01B,$0.00B,10.00%,$0.00B,$0.02B,4.94%,$0.00B,$0.02B,5.00%,$0.00B,$0.03B,3.70%,$0.00B,$0.03B,4.12%,$2,$1,$1,$0,$1,$2,$-0,$-0,$-1,$-0,$-0,$-0,$-0,$-0,$-0,$5,5,$-0.07,$-0.07,$2,$3,$0,$6,$24,$0,$0,$0,$24,$30,$4,$6,$0,$6,$9,$1,$1,$-0,$21,$30,$0,$1,$0,$1,$0,$-1,$0,$0,$0,$1,$-13,$0,$-0,$5,$0,$5,$0,$-8,$0,$3,$3,$1,$1,$0,$-0,$4,$-3,$0,$0
5,2017-06-30,7.33,$4.17,1.76,$2.05,3.58,$-3.53,0.0,$0.09,81.44,$0.01B,$0.00B,1.89,$0.00B,$0.02B,0.18,$0.01B,$0.01B,50.00%,$0.01B,$0.00B,10.00%,$0.01B,$0.00B,10.00%,$0.01B,$0.00B,10.00%,$0.01B,$0.00B,10.00%,$0.01B,$0.00B,10.00%,$0.00B,$0.02B,5.26%,$0.00B,$0.02B,5.33%,$0.00B,$0.03B,4.04%,$0.00B,$0.02B,4.49%,$2,$1,$1,$0,$1,$2,$-0,$-0,$-0,$-0,$-0,$-0,$-0,$-0,$-0,$5,5,$-0.05,$-0.05,$4,$3,$0,$8,$20,$0,$0,$0,$20,$28,$4,$4,$0,$4,$8,$1,$2,$-0,$20,$28,$0,$0,$0,$1,$0,$-0,$0,$0,$0,$1,$-9,$0,$-0,$5,$0,$5,$0,$-4,$0,$1,$1,$0,$0,$0,$-0,$1,$-1,$0,$0
6,2017-03-31,5.53,$4.20,1.32,$2.25,2.45,$-2.11,0.0,$0.14,39.5,$0.01B,$0.00B,6.19,$0.00B,$0.02B,0.15,$0.01B,$0.01B,50.00%,$0.01B,$0.00B,10.00%,$0.01B,$0.00B,10.00%,$0.01B,$0.00B,10.00%,$0.01B,$0.00B,10.00%,$0.01B,$0.00B,10.00%,$0.00B,$0.02B,5.56%,$0.00B,$0.02B,5.63%,$0.00B,$0.03B,4.35%,$0.00B,$0.02B,4.76%,$4,$1,$2,$0,$1,$3,$1,$-0,$1,$0,$1,$1,$1,$1,$1,$5,5,$0.12,$0.12,$7,$2,$0,$11,$14,$0,$0,$0,$14,$25,$2,$3,$0,$3,$5,$1,$2,$-0,$20,$25,$1,$0,$0,$1,$-0,$0,$0,$0,$0,$1,$-5,$0,$-0,$2,$0,$2,$0,$-2,$0,$0,$0,$0,$0,$0,$-0,$0,$-1,$0,$0
7,2016-12-31,5.95,$4.07,1.46,$2.29,2.59,$-1.48,0.0,$0.13,45.77,$0.01B,$0.00B,6.97,$0.00B,$0.02B,0.15,$0.01B,$0.01B,55.56%,$0.01B,$0.00B,11.11%,$0.01B,$0.00B,11.11%,$0.01B,$0.00B,11.11%,$0.01B,$0.00B,11.11%,$0.01B,0,0.00%,$0.00B,$0.02B,0.00%,$0.00B,$0.02B,0.00%,$0.00B,$0.03B,0.00%,$0.00B,$0.02B,5.00%,$2,$1,$1,$0,$1,$2,$0,$-0,$0,$0,$0,$0,$0,$0,$0,$4,4,$-0.01,$0.00,$11,$2,$0,$14,$10,$0,$0,$0,$10,$25,$2,$3,$0,$3,$5,$1,$1,$-0,$20,$25,$1,$1,$0,$1,$-0,$-1,$-0,$-0,$-2,$-0,$-4,$0,$-0,$-0,$0,$-0,$0,$-5,$0,$-0,$-0,$9,$9,$0,$-0,$8,$4,$0,$0
8,2016-09-30,7.73,$3.74,2.07,$2.63,2.93,$-0.53,0.0,$0.21,36.81,$0.01B,$0.00B,12.09,$0.00B,$0.02B,0.18,$0.01B,$0.01B,60.00%,$0.01B,$0.00B,10.00%,$0.01B,$0.00B,10.00%,$0.01B,$0.00B,20.00%,$0.01B,$0.00B,10.00%,$0.01B,0,0.00%,$0.00B,$0.02B,0.00%,$0.00B,$0.02B,0.00%,$0.00B,$0.02B,0.00%,$0.00B,$0.02B,5.63%,$2,$1,$1,$0,$1,$2,$0,$-0,$0,$-0,$0,$0,$0,$0,$0,$4,4,$0.01,$0.01,$10,$2,$0,$13,$7,$0,$0,$0,$8,$21,$1,$3,$0,$3,$4,$0,$1,$-0,$16,$21,$0,$1,$0,$1,$0,$-1,$0,$-0,$-1,$0,$-2,$0,$-0,$-0,$0,$-0,$0,$-3,$0,$-0,$-0,$5,$5,$0,$-0,$5,$3,$0,$0
9,2016-06-30,6.9,$3.72,1.86,$2.95,2.34,$-0.03,0.0,$0.31,22.26,$0.01B,$0.00B,11.92,$0.00B,$0.02B,0.18,$0.01B,$0.01B,70.00%,$0.01B,$0.00B,20.00%,$0.01B,$0.00B,20.00%,$0.01B,$0.00B,30.00%,$0.01B,$0.00B,20.00%,$0.01B,0,0.00%,$0.00B,$0.02B,0.00%,$0.00B,$0.02B,0.00%,$0.00B,$0.02B,0.00%,$0.00B,$0.02B,12.31%,$2,$1,$1,$0,$1,$2,$0,$-0,$-0,$-0,$-0,$-0,$-0,$0,$0,$4,4,$0.00,$0.00,$10,$1,$0,$13,$7,$0,$0,$0,$8,$21,$1,$3,$0,$3,$4,$0,$1,$-0,$16,$21,$0,$0,$0,$1,$-0,$-0,$-0,$-0,$-1,$0,$-1,$0,$-0,$-2,$0,$-2,$0,$-3,$0,$-0,$-0,$5,$5,$0,$-0,$5,$2,$0,$0
10,2016-03-31,6.85,$3.91,1.75,$3.01,2.28,$0.13,53.94,$0.34,20.15,$0.01B,$0.00B,14.88,$0.00B,$0.02B,0.18,$0.01B,$0.01B,70.00%,$0.01B,$0.00B,20.00%,$0.01B,$0.00B,20.00%,$0.01B,$0.00B,30.00%,$0.01B,$0.00B,20.00%,$0.01B,0,0.00%,$0.00B,$0.02B,0.00%,$0.00B,$0.02B,0.00%,$0.00B,$0.02B,0.00%,$0.00B,$0.02B,14.04%,$3,$1,$2,$0,$1,$2,$1,$-0,$1,$0,$0,$0,$0,$1,$1,$4,4,$0.12,$0.11,$11,$1,$0,$13,$6,$0,$0,$0,$7,$20,$1,$3,$0,$3,$4,$0,$1,$-0,$16,$20,$0,$0,$0,$0,$-1,$0,$-0,$-0,$-1,$-0,$-0,$0,$-0,$-1,$0,$-1,$0,$-2,$0,$-0,$-0,$5,$5,$0,$-0,$5,$3,$0,$0
11,2015-12-31,7.54,$3.47,2.17,$3.23,2.33,$0.36,20.87,$0.38,19.84,$0.01B,$0.00B,9.94,$0.00B,$0.01B,0.29,$0.01B,$0.01B,70.00%,$0.01B,$0.00B,20.00%,$0.01B,$0.00B,20.00%,$0.01B,$0.00B,30.00%,$0.01B,$0.00B,20.00%,$0.01B,0,0.00%,$0.00B,$0.01B,0.00%,$0.00B,$0.01B,0.00%,$0.00B,$0.02B,0.00%,$0.00B,$0.01B,16.67%,$3,$1,$2,$0,$1,$2,$0,$-0,$0,$0,$0,$0,$0,$1,$0,$3,3,$0.09,$0.09,$6,$1,$0,$8,$6,$0,$0,$0,$7,$15,$1,$3,$0,$3,$4,$0,$1,$-0,$11,$15,$1,$1,$1,$1,$0,$0,$0,$-0,$0,$3,$-3,$0,$0,$-2,$0,$-2,$0,$-5,$0,$2,$2,$0,$0,$0,$-0,$2,$1,$0,$0
12,2015-09-30,5.95,$3.37,1.77,$3.11,1.91,$-0.12,0.0,$0.33,18.03,$0.01B,$0.00B,12.04,$0.00B,$0.01B,0.3,$0.01B,$0.01B,66.67%,$0.01B,$0.00B,22.22%,$0.01B,$0.00B,22.22%,$0.01B,$0.00B,22.22%,$0.01B,$0.00B,22.22%,$0.01B,0,0.00%,$0.00B,$0.01B,0.00%,$0.00B,$0.01B,0.00%,$0.00B,$0.01B,0.00%,$0.00B,$0.01B,18.18%,$2,$1,$2,$0,$1,$2,$1,$-0,$1,$0,$0,$0,$0,$1,$1,$3,3,$0.12,$0.11,$6,$1,$0,$8,$5,$0,$0,$0,$6,$14,$1,$3,$0,$3,$4,$0,$0,$-0,$10,$14,$1,$0,$1,$1,$0,$0,$-0,$-0,$0,$2,$-2,$0,$0,$-1,$0,$-1,$0,$-3,$0,$2,$2,$0,$0,$0,$-0,$2,$2,$0,$0
13,2015-06-30,7.85,$3.26,2.41,$2.91,2.7,$-0.39,0.0,$0.22,35.68,$0.01B,$0.00B,9.65,$0.00B,$0.01B,0.07,$0.01B,$0.01B,55.56%,$0.01B,$0.00B,11.11%,$0.01B,$0.00B,11.11%,$0.01B,$0.00B,11.11%,$0.01B,$0.00B,11.11%,$0.01B,0,0.00%,$0.00B,$0.01B,0.00%,$0.00B,$0.01B,0.00%,$0.00B,$0.01B,0.00%,$0.00B,$0.01B,9.76%,$2,$1,$1,$0,$1,$2,$0,$-0,$0,$0,$0,$0,$0,$0,$0,$3,3,$0.03,$0.03,$4,$1,$0,$6,$5,$0,$0,$0,$6,$11,$1,$1,$0,$1,$1,$0,$-0,$-0,$10,$11,$1,$0,$0,$1,$0,$0,$-0,$-0,$0,$2,$-1,$0,$0,$1,$0,$1,$0,$-0,$0,$-0,$-0,$0,$0,$0,$0,$-0,$1,$0,$0
14,2015-03-31,6.29,$3.22,1.95,$2.79,2.25,$-0.42,0.0,$0.09,69.86,$0.01B,$0.00B,8.09,$0.00B,$0.01B,0.08,$0.01B,$0.01B,55.56%,$0.01B,$0.00B,11.11%,$0.01B,$0.00B,11.11%,$0.01B,$0.00B,11.11%,$0.01B,$0.00B,11.11%,$0.01B,0,0.00%,$0.00B,$0.01B,0.00%,$0.00B,$0.01B,0.00%,$0.00B,$0.01B,0.00%,$0.00B,$0.01B,10.00%,$3,$1,$2,$0,$1,$2,$1,$-0,$1,$0,$0,$0,$0,$1,$1,$3,3,$0.16,$0.15,$4,$1,$0,$6,$5,$0,$0,$0,$5,$11,$1,$1,$0,$1,$1,$0,$-0,$-0,$10,$11,$0,$0,$0,$0,$0,$0,$-0,$-0,$0,$1,$-1,$0,$0,$1,$0,$1,$0,$0,$0,$-0,$-0,$0,$0,$0,$0,$-0,$2,$0,$0
15,2014-12-31,4.86,$3.06,1.59,$2.49,1.95,$-0.47,0.0,$-0.06,0.0,$0.01B,$0.00B,5.42,$0.00B,$0.01B,0.08,$0.01B,$0.00B,50.00%,$0.01B,0,0.00%,$0.01B,0,0.00%,$0.01B,0,0.00%,$0.01B,0,0.00%,$0.01B,0,0.00%,$0.00B,$0.01B,0.00%,$0.00B,$0.01B,0.00%,$0.00B,$0.01B,0.00%,$0.00B,$0.01B,0.00%,$2,$1,$1,$0,$1,$2,$0,$-0,$0,$0,$0,$0,$0,$0,$0,$3,3,$0.04,$0.04,$3,$1,$0,$5,$4,$0,$0,$0,$6,$11,$1,$1,$0,$1,$2,$0,$-1,$-0,$9,$11,$-0,$0,$-0,$0,$-0,$0,$0,$0,$0,$0,$-2,$0,$0,$0,$0,$0,$0,$-2,$0,$-0,$-0,$0,$0,$0,$0,$-0,$-1,$0,$0
16,2014-09-30,4.97,$3.01,1.65,$2.27,2.19,$0.10,48.35,$-0.15,0.0,$0.01B,$0.00B,7.39,$0.00B,$0.01B,0.08,$0.01B,$0.00B,50.00%,$0.01B,0,0.00%,$0.01B,0,0.00%,$0.01B,0,0.00%,$0.01B,0,0.00%,$0.01B,0,0.00%,$0.00B,$0.01B,0.00%,$0.00B,$0.01B,0.00%,$0.00B,$0.01B,0.00%,$0.00B,$0.01B,0.00%,$2,$1,$1,$0,$1,$2,$0,$-0,$0,$0,$0,$0,$0,$0,$0,$3,3,$0.00,$0.00,$4,$1,$0,$6,$3,$0,$0,$0,$5,$11,$1,$1,$0,$1,$2,$0,$-1,$-0,$9,$11,$-0,$0,$-0,$0,$0,$0,$0,$-0,$0,$0,$-1,$0,$0,$2,$-3,$-0,$0,$-1,$0,$-0,$-0,$0,$0,$0,$0,$-0,$-1,$0,$0
17,2014-06-30,4.4,$3.01,1.46,$2.10,2.09,$0.54,8.09,$-0.13,0.0,$0.01B,$0.00B,7.64,$0.00B,$0.01B,0.09,$0.01B,$0.00B,57.14%,$0.01B,0,0.00%,$0.01B,0,0.00%,$0.01B,0,0.00%,$0.01B,0,0.00%,$0.01B,0,0.00%,$0.00B,$0.01B,0.00%,$0.00B,$0.01B,0.00%,$0.00B,$0.01B,0.00%,$0.00B,$0.01B,0.00%,$2,$1,$1,$0,$1,$2,$-0,$-0,$-0,$-0,$-0,$-0,$-0,$-0,$-0,$3,3,$-0.10,$-0.10,$5,$1,$0,$6,$3,$0,$0,$0,$4,$11,$1,$1,$0,$1,$2,$0,$-1,$-0,$9,$11,$-0,$0,$-0,$0,$0,$0,$0,$-0,$1,$0,$-0,$0,$0,$-0,$0,$-0,$0,$-1,$0,$-0,$-0,$0,$0,$0,$0,$-0,$-1,$0,$0
18,2014-03-31,4.8,$3.10,1.55,$2.04,2.36,$0.82,5.89,$-0.03,0.0,$0.01B,$0.00B,8.09,$0.00B,$0.01B,0.09,$0.01B,$0.00B,66.67%,$0.01B,0,0.00%,$0.01B,0,0.00%,$0.01B,0,0.00%,$0.01B,0,0.00%,$0.01B,0,0.00%,$0.00B,$0.01B,0.00%,$0.00B,$0.01B,0.00%,$0.00B,$0.01B,0.00%,$0.00B,$0.01B,0.00%,$2,$1,$1,$0,$1,$2,$0,$-0,$0,$0,$-0,$-0,$-0,$0,$0,$3,3,$0.00,$0.00,$5,$1,$0,$7,$3,$0,$0,$0,$4,$11,$1,$1,$0,$1,$2,$0,$-0,$-0,$9,$11,$-0,$0,$0,$0,$-0,$0,$0,$0,$0,$0,$-0,$0,$0,$-0,$0,$-0,$0,$-0,$0,$-0,$-0,$0,$0,$0,$0,$-0,$-0,$0,$0
19,2013-12-31,4.27,$3.11,1.37,$1.95,2.19,$0.87,4.9,$0.04,106.73,$0.01B,$0.00B,11.43,$0.00B,$0.01B,0.1,$0.01B,$0.00B,66.67%,$0.01B,0,0.00%,$0.01B,0,0.00%,$0.01B,0,0.00%,$0.01B,0,0.00%,$0.01B,0,0.00%,$0.00B,$0.01B,0.00%,$0.00B,$0.01B,0.00%,$0.00B,$0.01B,0.00%,$0.00B,$0.01B,0.00%,$2,$1,$1,$0,$1,$2,$-0,$-0,$-0,$-0,$-0,$-0,$-0,$-0,$-0,$3,3,$-0.05,$-0.05,$5,$1,$0,$7,$3,$0,$0,$0,$4,$11,$1,$1,$0,$1,$2,$0,$-0,$-0,$9,$11,$0,$0,$0,$1,$-0,$0,$-0,$0,$0,$1,$-1,$0,$0,$-1,$0,$-1,$0,$-1,$0,$-0,$-0,$0,$0,$0,$0,$-0,$-0,$0,$0
20,2013-09-30,4.73,$3.15,1.5,$1.90,2.49,$0.73,6.47,$0.08,59.13,$0.01B,$0.00B,13.67,$0.00B,$0.01B,0.1,$0.01B,$0.00B,80.00%,$0.01B,0,0.00%,$0.01B,0,0.00%,$0.01B,0,0.00%,$0.01B,0,0.00%,$0.01B,0,0.00%,$0.00B,$0.01B,0.00%,$0.00B,$0.01B,0.00%,$0.00B,$0.01B,0.00%,$0.00B,$0.01B,0.00%,$1,$1,$1,$0,$1,$1,$-0,$0,$0,$0,$0,$0,$0,$-0,$-0,$3,3,$0.02,$0.02,$6,$1,$0,$8,$2,$0,$0,$0,$3,$11,$1,$1,$0,$1,$2,$0,$-0,$-0,$10,$11,$0,$0,$0,$1,$0,$0,$-0,$0,$0,$1,$-0,$0,$0,$-0,$0,$-0,$0,$-1,$0,$-0,$-0,$0,$0,$0,$0,$-0,$0,$0,$0
21,2013-06-30,3.76,$2.96,1.27,$1.86,2.02,$0.42,9.0,$0.04,94.0,$0.01B,$0.00B,8.96,$0.00B,$0.01B,0.11,$0.01B,$0.00B,80.00%,$0.01B,0,0.00%,$0.01B,0,0.00%,$0.01B,0,0.00%,$0.01B,0,0.00%,$0.01B,0,0.00%,$0.00B,$0.01B,0.00%,$0.00B,$0.01B,0.00%,$0.00B,$0.01B,0.00%,$0.00B,$0.01B,0.00%,$1,$1,$1,$0,$1,$1,$0,$-0,$0,$0,$0,$0,$0,$0,$0,$3,3,$0.00,$0.00,$6,$2,$0,$8,$2,$0,$0,$0,$3,$11,$1,$1,$0,$1,$2,$0,$-0,$-0,$9,$11,$0,$0,$0,$0,$0,$0,$-0,$0,$0,$1,$-0,$0,$0,$-1,$0,$-1,$0,$-1,$0,$0,$0,$0,$0,$0,$-0,$-0,$-0,$0,$0
22,2013-03-31,3.68,$3.12,1.18,$1.79,2.06,$0.17,21.98,$0.04,92.0,$0.01B,$0.00B,13.11,$0.00B,$0.01B,0.11,$0.01B,$0.00B,80.00%,$0.01B,0,0.00%,$0.01B,0,0.00%,$0.01B,0,0.00%,$0.01B,0,0.00%,$0.01B,0,0.00%,$0.00B,$0.01B,0.00%,$0.00B,$0.01B,0.00%,$0.00B,$0.01B,0.00%,$0.00B,$0.01B,0.00%,$2,$1,$1,$0,$1,$2,$0,$0,$0,$0,$0,$0,$0,$0,$0,$3,3,$0.07,$0.07,$5,$1,$0,$8,$2,$0,$0,$0,$3,$11,$1,$1,$0,$1,$2,$0,$-0,$-0,$9,$11,$0,$0,$0,$0,$-0,$0,$-0,$-0,$-0,$0,$-0,$0,$0,$-1,$0,$-1,$0,$-1,$0,$-0,$-0,$0,$0,$0,$0,$-0,$-0,$0,$0
23,2012-12-31,4.0,$3.05,1.31,$1.74,2.29,$0.05,77.67,$0.02,200.01,$0.01B,$0.00B,11.06,$0.00B,$0.01B,0.12,$0.01B,$0.00B,80.00%,$0.01B,0,0.00%,$0.01B,0,0.00%,$0.01B,0,0.00%,$0.01B,0,0.00%,$0.01B,0,0.00%,$0.00B,$0.01B,0.00%,$0.00B,$0.01B,0.00%,$0.00B,$0.01B,0.00%,$0.00B,$0.01B,0.00%,$1,$1,$1,$0,$1,$1,$0,$-0,$-0,$0,$-0,$-0,$-0,$0,$0,$3,3,$-0.01,$0.00,$5,$2,$0,$7,$2,$0,$0,$0,$4,$11,$1,$1,$0,$1,$2,$0,$-1,$-0,$9,$11,$0,$0,$0,$1,$-0,$0,$0,$-0,$-0,$0,$-0,$0,$0,$2,$0,$2,$0,$2,$0,$-0,$-0,$0,$0,$0,$0,$-0,$2,$0,$0
24,2012-09-30,5.11,$3.05,1.68,$1.72,2.97,$-0.06,0.0,$0.03,170.33,$0.01B,$0.00B,13.22,$0.00B,$0.01B,0.12,$0.01B,$0.00B,80.00%,$0.01B,0,0.00%,$0.01B,0,0.00%,$0.01B,0,0.00%,$0.01B,0,0.00%,$0.01B,0,0.00%,$0.00B,$0.01B,0.00%,$0.00B,$0.01B,0.00%,$0.00B,$0.01B,0.00%,$0.00B,$0.01B,0.00%,$1,$0,$1,$0,$1,$1,$-0,$-0,$-0,$-0,$-0,$-0,$-0,$0,$-0,$3,3,$-0.02,$-0.02,$5,$2,$0,$7,$2,$0,$0,$0,$4,$11,$1,$1,$0,$1,$2,$0,$-1,$-0,$9,$11,$0,$0,$0,$0,$-0,$-0,$0,$-0,$-0,$0,$-0,$0,$0,$1,$0,$1,$0,$1,$0,$-0,$-0,$0,$0,$0,$0,$-0,$1,$0,$0
25,2012-06-30,5.85,$3.07,1.91,$1.70,3.44,$-0.21,0.0,$0.01,585.0,$0.01B,$0.00B,14.0,$0.00B,$0.01B,0.13,$0.01B,$0.00B,80.00%,$0.01B,0,0.00%,$0.01B,0,0.00%,$0.01B,0,0.00%,$0.01B,0,0.00%,$0.01B,0,0.00%,$0.00B,$0.01B,0.00%,$0.00B,$0.01B,0.00%,$0.00B,$0.01B,0.00%,$0.00B,$0.01B,0.00%,$1,$1,$1,$0,$1,$1,$0,$-0,$0,$0,$0,$0,$0,$0,$0,$3,3,$0.01,$0.00,$5,$2,$0,$7,$3,$0,$0,$0,$4,$11,$1,$1,$0,$1,$2,$0,$-0,$-0,$9,$11,$0,$0,$0,$0,$-0,$0,$-0,$-0,$-0,$0,$-0,$0,$0,$0,$0,$0,$0,$-0,$0,$0,$0,$0,$0,$0,$-0,$-0,$0,$0,$0
26,2012-03-31,5.42,$3.06,1.77,$1.74,3.11,$-0.28,0.0,$-0.08,0.0,$0.01B,$0.00B,11.56,$0.00B,$0.01B,0.13,$0.01B,$0.00B,80.00%,$0.01B,0,0.00%,$0.01B,0,0.00%,$0.01B,0,0.00%,$0.01B,0,0.00%,$0.01B,0,0.00%,$0.00B,$0.01B,0.00%,$0.00B,$0.01B,0.00%,$0.00B,$0.01B,0.00%,$0.00B,$0.01B,0.00%,$2,$1,$1,$0,$1,$1,$0,$-0,$0,$0,$0,$0,$0,$0,$0,$3,3,$0.05,$0.05,$5,$2,$0,$7,$3,$0,$0,$0,$4,$11,$1,$1,$0,$1,$2,$0,$-0,$-0,$9,$11,$0,$0,$0,$0,$-0,$0,$0,$-0,$-0,$0,$-0,$0,$0,$1,$0,$1,$0,$1,$0,$-0,$-0,$0,$0,$0,$0,$0,$1,$0,$0
27,2011-12-31,4.65,$3.00,1.55,$1.71,2.71,$-0.27,0.0,$-0.12,0.0,$0.01B,$0.00B,11.26,$0.00B,$0.01B,0.14,$0.01B,$0.00B,80.00%,$0.01B,0,0.00%,$0.01B,0,0.00%,$0.01B,0,0.00%,$0.01B,0,0.00%,$0.01B,0,0.00%,$0.00B,$0.01B,0.00%,$0.00B,$0.01B,0.00%,$0.00B,$0.01B,0.00%,$0.00B,$0.01B,0.00%,$1,$1,$1,$0,$1,$2,$-0,$-0,$0,$-0,$-0,$-0,$-0,$-0,$-0,$3,3,$0.00,$0.00,$5,$2,$0,$7,$3,$0,$0,$0,$4,$11,$1,$1,$0,$1,$2,$0,$-1,$-0,$9,$11,$-0,$0,$-0,$0,$0,$-0,$0,$0,$0,$-0,$-0,$0,$0,$-1,$0,$-1,$0,$-1,$0,$0,$0,$0,$0,$0,$0,$1,$-1,$0,$0
28,2011-09-30,5.3,$0.00,0.0,$1.66,3.2,$-0.49,0.0,$-0.08,0.0,$0.01B,$0.00B,11.82,$0.00B,$0.01B,0.15,$0.01B,$0.00B,80.00%,$0.01B,$-0.00B,-40.00%,$0.01B,$-0.00B,-40.00%,$0.01B,$-0.00B,-40.00%,$0.01B,0,0.00%,$0.01B,0,0.00%,$0.00B,$0.01B,0.00%,$0.00B,$0.01B,0.00%,$0.00B,$0.01B,0.00%,$-0.00B,$0.01B,-19.51%,$1,$0,$1,$0,$1,$1,$-0,$-0,$-0,$-0,$-0,$-0,$-0,$-0,$-0,$3,3,$-0.04,$-0.04,$5,$2,$0,$7,$0,$0,$0,$0,$1,$11,$1,$1,$0,$1,$2,$0,$-1,$0,$9,$11,$-0,$0,$-0,$0,$0,$-0,$0,$0,$0,$-0,$-0,$0,$0,$-1,$0,$-1,$0,$-1,$0,$0,$0,$0,$0,$0,$0,$1,$-1,$0,$0
29,2011-06-30,7.9,$0.00,0.0,$1.61,4.89,$-0.48,0.0,$-0.11,0.0,$0.01B,$0.00B,8.42,$0.00B,$0.01B,0.15,$0.01B,$0.00B,60.00%,$0.01B,$-0.00B,-40.00%,$0.01B,$-0.00B,-40.00%,$0.01B,$-0.00B,-40.00%,$0.01B,0,0.00%,$0.01B,0,0.00%,$0.00B,$0.01B,0.00%,$0.00B,$0.01B,0.00%,$0.00B,$0.01B,0.00%,$-0.00B,$0.01B,-19.51%,$1,$1,$1,$0,$1,$2,$-0,$-0,$-0,$-0,$-0,$-0,$-0,$-0,$-0,$3,3,$-0.09,$-0.09,$5,$2,$0,$7,$0,$0,$0,$0,$1,$11,$1,$1,$0,$1,$2,$0,$-0,$0,$9,$11,$-0,$0,$-0,$0,$-0,$-0,$-0,$0,$0,$0,$-0,$0,$0,$-1,$0,$-1,$0,$-1,$0,$1,$1,$0,$0,$0,$0,$1,$-1,$0,$0
30,2011-03-31,3.43,$0.00,0.0,$1.56,2.2,$-0.56,0.0,$-0.02,0.0,$0.01B,$0.00B,10.3,$0.00B,$0.01B,0.15,$0.01B,$0.00B,60.00%,$0.01B,$-0.00B,-40.00%,$0.01B,$-0.00B,-40.00%,$0.01B,$-0.00B,-40.00%,$0.01B,0,0.00%,$0.01B,0,0.00%,$0.00B,$0.01B,0.00%,$0.00B,$0.01B,0.00%,$0.00B,$0.01B,0.00%,$-0.00B,$0.01B,-19.51%,$2,$1,$1,$0,$1,$2,$-0,$-0,$-0,$-0,$-0,$-0,$-0,$0,$-0,$3,3,$-0.01,$-0.01,$5,$2,$0,$8,$0,$0,$0,$0,$1,$11,$1,$1,$0,$1,$2,$0,$-0,$0,$9,$11,$-0,$0,$0,$0,$-0,$0,$0,$0,$0,$0,$-0,$0,$0,$-1,$0,$-1,$0,$-1,$0,$1,$1,$0,$0,$0,$0,$1,$-1,$0,$0
31,2010-12-31,3.2,$0.00,0.0,$1.48,2.17,$-0.67,0.0,$-0.05,0.0,$0.01B,$0.00B,13.39,$0.00B,$0.01B,0.1,$0.00B,$0.00B,75.00%,$0.00B,$-0.00B,-50.00%,$0.00B,$-0.00B,-50.00%,$0.00B,$-0.00B,-50.00%,$0.00B,0,0.00%,$0.00B,0,0.00%,$0.00B,$0.01B,0.00%,$0.00B,$0.01B,0.00%,$0.00B,$0.01B,0.00%,$-0.00B,$0.01B,-20.00%,$1,$1,$1,$0,$2,$3,$-2,$-0,$-0,$-0,$-0,$0,$0,$-2,$-2,$3,3,$0.04,$0.04,$5,$2,$0,$7,$0,$0,$0,$0,$1,$11,$1,$1,$0,$1,$1,$0,$-0,$0,$9,$11,$-0,$0,$-0,$0,$-0,$-1,$-0,$0,$-1,$-1,$-0,$0,$0,$0,$0,$0,$0,$0,$0,$0,$1,$0,$0,$0,$-0,$1,$0,$0,$0
32,2010-09-30,3.2,$0.00,0.0,$1.45,2.21,$-0.56,0.0,$-0.10,0.0,$0.01B,$0.00B,16.83,$0.00B,$0.01B,0.1,$0.00B,$0.00B,75.00%,$0.00B,0,0.00%,$0.00B,0,0.00%,$0.00B,0,0.00%,$0.00B,0,0.00%,$0.00B,0,0.00%,$0.00B,$0.01B,0.00%,$0.00B,$0.01B,0.00%,$0.00B,$0.01B,0.00%,$0.00B,$0.01B,0.00%,$1,$1,$0,$0,$0,$1,$-0,$-0,$-0,$-0,$-0,$-0,$-0,$-0,$-0,$3,3,$-0.07,$-0.07,$5,$1,$0,$7,$6,$0,$0,$0,$7,$11,$0,$1,$0,$1,$1,$0,$-0,$0,$9,$11,$-0,$0,$0,$0,$0,$0,$0,$0,$-0,$-0,$-0,$0,$0,$0,$0,$1,$0,$1,$0,$1,$0,$0,$0,$0,$-0,$1,$2,$0,$0
33,2010-06-30,3.37,$0.00,0.0,$1.49,2.26,$-0.46,0.0,$-0.04,0.0,$0.01B,$0.00B,19.66,$0.00B,$0.01B,0.0,$0.00B,$0.00B,100.00%,$0.00B,0,0.00%,$0.00B,0,0.00%,$0.00B,0,0.00%,$0.00B,0,0.00%,$0.00B,0,0.00%,$0.00B,$0.01B,0.00%,$0.00B,$0.01B,0.00%,$0.00B,$0.01B,0.00%,$0.00B,$0.01B,0.00%,$1,$0,$1,$0,$0,$1,$-0,$0,$-0,$-0,$0,$-0,$-0,$0,$-0,$3,3,$0.00,$0.00,$4,$1,$0,$6,$6,$0,$0,$0,$6,$10,$0,$0,$0,$0,$0,$0,$0,$0,$10,$10,$-0,$0,$0,$0,$0,$0,$0,$0,$0,$-0,$-0,$0,$0,$0,$0,$1,$0,$1,$0,$0,$0,$0,$0,$0,$0,$0,$1,$0,$0
34,2010-03-31,3.51,$0.00,0.0,$1.47,2.39,$-0.45,0.0,$-0.09,0.0,$0.01B,$0.00B,17.03,$0.00B,$0.01B,0.0,$0.00B,$0.00B,75.00%,$0.00B,0,0.00%,$0.00B,0,0.00%,$0.00B,0,0.00%,$0.00B,0,0.00%,$0.00B,0,0.00%,$0.00B,$0.01B,0.00%,$0.00B,$0.01B,0.00%,$0.00B,$0.01B,0.00%,$0.00B,$0.01B,0.00%,$1,$1,$1,$0,$0,$1,$-0,$0,$-0,$-0,$-0,$-0,$-0,$0,$-0,$3,3,$-0.02,$-0.02,$4,$1,$0,$6,$6,$0,$0,$1,$6,$10,$0,$0,$0,$0,$0,$0,$0,$0,$10,$10,$-0,$0,$0,$0,$0,$0,$0,$0,$-0,$-0,$-0,$0,$0,$0,$0,$0,$0,$0,$0,$0,$0,$0,$0,$0,$0,$0,$0,$0,$0
35,2009-12-31,3.71,$0.00,0.0,$1.53,2.43,$-0.38,0.0,$-0.08,0.0,$0.01B,$0.00B,17.5,$0.00B,$0.01B,0.0,$0.00B,$0.00B,75.00%,$0.00B,0,0.00%,$0.00B,0,0.00%,$0.00B,0,0.00%,$0.00B,0,0.00%,$0.00B,0,0.00%,$0.00B,$0.01B,0.00%,$0.00B,$0.01B,0.00%,$0.00B,$0.01B,0.00%,$0.00B,$0.01B,0.00%,$1,$0,$1,$0,$0,$1,$-0,$0,$-0,$-0,$-0,$-0,$-0,$0,$-0,$3,3,$-0.01,$-0.01,$5,$1,$0,$6,$6,$0,$0,$0,$6,$10,$0,$0,$0,$0,$0,$0,$0,$0,$10,$10,$-0,$0,$0,$0,$0,$0,$0,$0,$-0,$-0,$-0,$0,$0,$0,$0,$0,$0,$-0,$0,$0,$0,$0,$0,$0,$0,$0,$-0,$0,$0
36,2009-09-30,3.58,$0.00,0.0,$1.61,2.23,$-0.31,0.0,$-0.08,0.0,$0.01B,$0.00B,23.56,$0.00B,$0.01B,0.0,$0.00B,$0.00B,75.00%,$0.00B,0,0.00%,$0.00B,0,0.00%,$0.00B,0,0.00%,$0.00B,0,0.00%,$0.00B,0,0.00%,$0.00B,$0.01B,0.00%,$0.00B,$0.01B,0.00%,$0.00B,$0.01B,0.00%,$0.00B,$0.01B,0.00%,$1,$0,$1,$0,$0,$1,$-0,$0,$-0,$-0,$-0,$-0,$-0,$0,$-0,$3,3,$-0.01,$-0.01,$5,$1,$0,$6,$5,$0,$0,$0,$6,$10,$0,$0,$0,$0,$0,$0,$0,$0,$10,$10,$-0,$0,$0,$0,$0,$0,$0,$0,$0,$0,$-0,$0,$0,$0,$0,$0,$0,$-0,$0,$0,$0,$0,$0,$0,$0,$0,$-0,$0,$0
37,2009-06-30,2.48,$0.00,0.0,$1.59,1.56,$-0.35,0.0,$-0.16,0.0,$0.01B,$0.00B,16.87,$0.00B,$0.01B,0.0,$0.00B,$0.00B,50.00%,$0.00B,$-0.00B,-25.00%,$0.00B,$-0.00B,-25.00%,$0.00B,0,0.00%,$0.00B,$-0.00B,-25.00%,$0.00B,0,0.00%,$0.00B,$0.01B,0.00%,$0.00B,$0.01B,0.00%,$0.00B,$0.01B,0.00%,$-0.00B,$0.01B,-10.00%,$1,$1,$0,$0,$0,$1,$-0,$0,$-0,$-0,$-0,$-0,$-0,$-0,$-0,$3,3,$-0.05,$-0.05,$5,$1,$1,$7,$5,$0,$0,$0,$6,$10,$0,$0,$0,$0,$0,$0,$0,$0,$10,$10,$-0,$0,$0,$0,$0,$0,$0,$0,$-0,$-0,$-0,$0,$0,$0,$0,$0,$0,$0,$0,$0,$0,$0,$0,$0,$0,$0,$-0,$0,$0
38,2009-03-31,1.9,$0.00,0.0,$1.54,1.24,$-0.15,0.0,$-0.19,0.0,$0.01B,$0.00B,14.06,$0.00B,$0.01B,0.0,$0.00B,$0.00B,50.00%,$0.00B,$-0.00B,-25.00%,$0.00B,$-0.00B,-25.00%,$0.00B,0,0.00%,$0.00B,$-0.00B,-25.00%,$0.00B,0,0.00%,$0.00B,$0.01B,0.00%,$0.00B,$0.01B,0.00%,$0.00B,$0.01B,0.00%,$-0.00B,$0.01B,-10.00%,$1,$1,$1,$0,$0,$2,$-0,$0,$-0,$-0,$-0,$-0,$-0,$0,$-0,$3,3,$-0.01,$-0.01,$5,$1,$1,$7,$5,$0,$0,$0,$6,$10,$0,$0,$0,$0,$0,$0,$0,$0,$10,$10,$-0,$0,$0,$0,$0,$0,$0,$0,$-0,$0,$-0,$0,$0,$0,$0,$-0,$0,$-0,$0,$0,$0,$0,$0,$0,$0,$0,$0,$0,$0
39,2008-12-31,1.66,$0.00,0.0,$1.59,1.05,$0.00,0.0,$-0.15,0.0,$0.01B,$0.00B,14.0,$0.00B,$0.01B,0.0,$0.01B,$0.00B,40.00%,$0.01B,$-0.00B,-20.00%,$0.01B,$-0.00B,-20.00%,$0.01B,0,0.00%,$0.01B,$-0.00B,-20.00%,$0.01B,0,0.00%,$0.00B,$0.01B,0.00%,$0.00B,$0.01B,0.00%,$0.00B,$0.01B,0.00%,$-0.00B,$0.01B,-10.00%,$1,$1,$1,$1,$0,$2,$-0,$0,$-0,$-0,$-0,$-0,$-0,$-0,$-0,$3,3,$-0.01,$-0.01,$5,$1,$1,$7,$5,$0,$0,$0,$6,$10,$0,$0,$0,$0,$0,$0,$0,$0,$10,$10,$-0,$0,$0,$0,$0,$0,$0,$0,$0,$0,$-0,$0,$0,$0,$0,$0,$0,$-0,$0,$0,$0,$0,$0,$0,$0,$0,$0,$0,$0
40,2008-09-30,3.18,$0.00,0.0,$1.66,1.91,$-0.27,0.0,$-0.12,0.0,$0.01B,$0.00B,14.55,$0.00B,$0.01B,0.0,$0.01B,$0.00B,33.33%,$0.01B,$-0.00B,-16.67%,$0.01B,$-0.00B,-16.67%,$0.01B,0,0.00%,$0.01B,$-0.00B,-16.67%,$0.01B,0,0.00%,$0.00B,$0.01B,0.00%,$0.00B,$0.01B,0.00%,$0.00B,$0.01B,0.00%,$-0.00B,$0.01B,-10.00%,$1,$1,$0,$0,$0,$1,$-1,$0,$-1,$-0,$-0,$-0,$-0,$-0,$-1,$3,3,$-0.09,$-0.09,$5,$1,$1,$7,$5,$0,$0,$0,$6,$10,$0,$0,$0,$0,$0,$0,$0,$0,$10,$10,$-0,$0,$0,$0,$0,$0,$0,$0,$0,$0,$-0,$0,$0,$0,$0,$0,$0,$-0,$0,$0,$0,$0,$0,$0,$0,$0,$-0,$0,$0
41,2008-06-30,3.47,$0.00,0.0,$1.98,1.75,$-0.54,0.0,$0.09,38.56,$0.01B,$0.00B,20.26,$0.00B,$0.01B,0.0,$0.01B,$0.00B,42.86%,$0.01B,$0.00B,14.29%,$0.01B,$0.00B,14.29%,$0.01B,$0.00B,14.29%,$0.01B,$0.00B,14.29%,$0.01B,0,0.00%,$0.00B,$0.01B,0.00%,$0.00B,$0.01B,0.00%,$0.00B,$0.01B,0.00%,$0.00B,$0.01B,10.00%,$1,$0,$0,$0,$0,$1,$-0,$0,$-0,$-0,$-0,$-0,$-0,$-0,$-0,$3,3,$-0.08,$-0.08,$6,$1,$0,$7,$5,$0,$0,$0,$5,$10,$0,$0,$0,$0,$0,$0,$1,$0,$10,$10,$-0,$0,$0,$0,$0,$0,$0,$0,$0,$0,$-0,$0,$0,$0,$0,$-0,$0,$-0,$0,$0,$0,$0,$0,$0,$0,$0,$0,$0,$0
42,2008-03-31,3.44,$0.00,0.0,$2.03,1.7,$-1.01,0.0,$0.15,22.93,$0.01B,$0.00B,18.62,$0.00B,$0.01B,0.0,$0.01B,$0.00B,42.86%,$0.01B,$0.00B,14.29%,$0.01B,$0.00B,14.29%,$0.01B,$0.00B,14.29%,$0.01B,$0.00B,14.29%,$0.01B,0,0.00%,$0.00B,$0.01B,0.00%,$0.00B,$0.01B,0.00%,$0.00B,$0.01B,0.00%,$0.00B,$0.01B,10.00%,$2,$1,$1,$0,$0,$2,$0,$0,$0,$0,$0,$0,$0,$0,$0,$3,3,$0.03,$0.03,$6,$0,$0,$7,$5,$0,$0,$0,$5,$11,$0,$0,$0,$0,$0,$0,$1,$0,$10,$11,$0,$0,$0,$0,$0,$0,$0,$0,$0,$1,$-0,$0,$0,$0,$0,$0,$0,$-0,$0,$0,$0,$0,$0,$0,$0,$0,$1,$0,$0
43,2007-12-31,3.55,$0.00,0.0,$2.02,1.76,$-1.40,0.0,$0.22,16.14,$0.01B,$0.00B,20.17,$0.00B,$0.01B,0.0,$0.01B,$0.00B,42.86%,$0.01B,$0.00B,14.29%,$0.01B,$0.00B,14.29%,$0.01B,$0.00B,28.57%,$0.01B,$0.00B,28.57%,$0.01B,0,0.00%,$0.00B,$0.01B,0.00%,$0.00B,$0.01B,0.00%,$0.00B,$0.01B,0.00%,$0.00B,$0.01B,10.00%,$2,$0,$1,$0,$1,$1,$0,$0,$0,$0,$0,$0,$0,$0,$0,$3,3,$0.02,$0.02,$5,$1,$0,$7,$5,$0,$0,$0,$5,$10,$0,$0,$0,$0,$0,$0,$1,$0,$10,$10,$1,$1,$0,$1,$0,$0,$0,$0,$-2,$0,$-2,$0,$0,$0,$0,$1,$0,$-0,$0,$0,$0,$0,$-0,$0,$0,$-0,$-0,$0,$0
44,2007-09-30,4.3,$0.00,0.0,$1.92,2.24,$-1.01,0.0,$0.25,17.2,$0.01B,$0.00B,22.19,$0.00B,$0.01B,0.0,$0.01B,$0.00B,50.00%,$0.01B,$0.00B,33.33%,$0.01B,$0.00B,33.33%,$0.01B,$0.00B,50.00%,$0.01B,$0.00B,50.00%,$0.01B,0,0.00%,$0.00B,$0.01B,0.00%,$0.00B,$0.01B,0.00%,$0.00B,$0.01B,0.00%,$0.00B,$0.01B,26.67%,$2,$1,$1,$1,$0,$1,$1,$0,$1,$0,$0,$0,$0,$1,$1,$3,3,$0.12,$0.12,$5,$1,$0,$7,$5,$0,$0,$0,$6,$10,$0,$0,$0,$0,$0,$0,$0,$0,$10,$10,$1,$1,$0,$1,$0,$0,$0,$0,$-1,$0,$-1,$0,$0,$0,$0,$1,$0,$-0,$0,$0,$0,$0,$-0,$0,$0,$-0,$0,$0,$0
45,2007-06-30,5.99,$0.00,0.0,$1.67,3.59,$-0.62,0.0,$0.19,31.53,$0.01B,$0.00B,5.85,$0.00B,$0.01B,0.0,$0.01B,$0.00B,60.00%,$0.01B,$0.00B,40.00%,$0.01B,$0.00B,40.00%,$0.01B,$0.00B,60.00%,$0.01B,$0.00B,60.00%,$0.01B,0,0.00%,$0.00B,$0.01B,0.00%,$0.00B,$0.01B,0.00%,$0.00B,$0.01B,0.00%,$0.00B,$0.01B,40.00%,$1,$1,$0,$0,$0,$1,$-0,$0,$-0,$-0,$-0,$-0,$-0,$-0,$-0,$3,3,$-0.02,$-0.02,$6,$1,$0,$7,$5,$0,$0,$0,$6,$11,$1,$0,$0,$0,$1,$0,$0,$0,$10,$11,$0,$0,$0,$0,$0,$0,$0,$0,$-0,$0,$-1,$0,$0,$0,$0,$1,$0,$-0,$0,$0,$0,$0,$0,$0,$0,$0,$0,$0,$0
46,2007-03-31,5.43,$0.00,0.0,$1.61,3.37,$-0.04,0.0,$0.22,24.68,$0.01B,$0.00B,6.9,$0.00B,$0.01B,0.0,$0.01B,$0.00B,60.00%,$0.01B,$0.00B,40.00%,$0.01B,$0.00B,40.00%,$0.01B,$0.00B,60.00%,$0.01B,$0.00B,60.00%,$0.01B,0,0.00%,$0.00B,$0.01B,0.00%,$0.00B,$0.01B,0.00%,$0.00B,$0.01B,0.00%,$0.00B,$0.01B,40.00%,$2,$1,$1,$0,$0,$1,$0,$0,$1,$0,$0,$0,$0,$1,$0,$3,3,$0.10,$0.10,$6,$1,$0,$8,$5,$0,$0,$0,$6,$11,$1,$0,$0,$0,$2,$0,$0,$0,$10,$11,$0,$0,$0,$0,$0,$0,$0,$0,$-0,$0,$-1,$0,$0,$0,$0,$1,$0,$0,$0,$0,$0,$0,$0,$0,$0,$0,$0,$0,$0
47,2006-12-31,5.95,$0.00,0.0,$1.57,3.79,$0.44,13.64,$0.22,27.05,$0.00B,$0.00B,0.0,$0.00B,$0.00B,0.0,$0.01B,$0.00B,60.00%,$0.01B,$0.00B,40.00%,$0.01B,$0.00B,40.00%,$0.01B,$0.00B,60.00%,$0.01B,$0.00B,60.00%,$0.01B,0,0.00%,$0.00B,$0.00B,0.00%,$0.00B,$0.00B,0.00%,$0.00B,$0.00B,0.00%,$0.00B,$0.00B,40.00%,$1,$0,$1,$0,$0,$0,$1,$0,$1,$0,$1,$0,$0,$1,$1,$3,3,$0.05,$0.05,$0,$0,$0,$0,$0,$0,$0,$0,$0,$0,$0,$0,$0,$0,$0,$0,$0,$0,$0,$0,$0,$0,$0,$0,$0,$0,$0,$0,$0,$0,$0,$0,$0,$0,$0,$0,$0,$0,$0,$0,$0,$0,$0,$0,$0,$0,$0,$0,$0
