,Date,Stock Price,Book Value per Share,Price to Book Ratio,TTM Sales per Share,Price to Sales Ratio,TTM FCF per Share,Price to FCF Ratio,TTM Net EPS,PE Ratio,Current Assets,Current Liabilities,Current Ratio,Long Term Debt,Shareholder's Equity_x,Debt to Equity Ratio,TTM Revenue_x,TTM Gross Profit,Gross Margin,TTM Revenue_y,TTM Operating Income,Operating Margin,TTM Revenue_x,TTM EBIT,EBIT Margin,TTM Revenue_y,TTM EBITDA,EBITDA Margin,TTM Revenue_x,TTM Pre-Tax Income,Pre-Tax Margin,TTM Revenue_y,TTM Net Income_x,Net Margin,TTM Net Income_y,Shareholder's Equity_y,Return on Equity,TTM Net Income_x,Tangible Equity,Return on Tangible Equity,TTM Net Income_y,Total Assets,Return on Assets,TTM Net Income,LT Investments & Debt,Return on Investment,revenue,cost-goods-sold,gross-profit,research-development-expenses,selling-general-administrative-expenses,operating-expenses,operating-income,total-non-operating-income-expense,pre-tax-income,total-provision-income-taxes,income-after-taxes,income-from-continuous-operations,net-income,ebitda,ebit,basic-shares-outstanding,shares-outstanding,eps-basic-net-earnings-per-share,eps-earnings-per-share-diluted,cash-on-hand,inventory,other-current-assets,total-current-assets,net-property-plant-equipment,long-term-investments,goodwill-intangible-assets-total,other-long-term-assets,total-long-term-assets,total-assets,total-current-liabilities,long-term-debt,other-non-current-liabilities,total-long-term-liabilities,total-liabilities,common-stock-net,retained-earnings-accumulated-deficit,comprehensive-income,total-share-holder-equity,total-liabilities-share-holders-equity,net-income-loss,total-depreciation-amortization-cash-flow,other-non-cash-items,total-non-cash-items,change-in-accounts-receivable,change-in-inventories,change-in-accounts-payable,change-in-assets-liabilities,total-change-in-assets-liabilities,cash-flow-from-operating-activities,net-change-in-property-plant-equipment,net-change-in-intangible-assets,net-acquisitions-divestitures,net-change-in-short-term-investments,net-change-in-long-term-investments,net-change-in-investments-total,investing-activities-other,cash-flow-from-investing-activities,net-long-term-debt,net-current-debt,debt-issuance-retirement-net-total,net-common-equity-issued-repurchased,net-total-equity-issued-repurchased,total-common-preferred-stock-dividends-paid,financial-activities-other,cash-flow-from-financial-activities,net-cash-flow,stock-based-compensation,common-stock-dividends-paid
0,2018-09-30,74.89,$29.52,2.54,$8.23,9.1,$8.47,8.84,$4.44,16.87,$61.30B,$61.07B,1.0,$6.49B,$16.85B,0.39,$4.81B,$4.69B,97.55%,$4.81B,$2.50B,51.98%,$4.81B,$2.50B,51.98%,$4.81B,$3.06B,63.62%,$4.81B,$2.44B,50.83%,$4.81B,$2.60B,54.03%,$2.60B,$16.85B,15.35%,$2.60B,$-6.53B,-43.80%,$2.60B,$87.24B,3.15%,$2.50B,$23.34B,11.49%,$1200,$32,$1168,$0,$288,$598,$602,$-48,$554,$89,$465,$465,$458,$750,$602,$572,576,$0.80,$0.79,$1332,$0,$58764,$61295,$1206,$0,$23379,$1362,$25947,$87242,$61065,$6488,$560,$9323,$70388,$6,$7818,$-274,$16854,$87242,$1401,$429,$80,$509,$-119,$0,$0,$-56,$-175,$1735,$-161,$0,$-1151,$0,$-305,$-305,$0,$-1617,$-35,$1613,$1578,$-1059,$-1059,$-417,$-121,$-19,$94,$93,$-417
1,2018-06-30,73.55,$29.34,2.51,$8.08,9.1,$7.72,9.53,$4.27,17.22,$57.56B,$58.89B,0.98,$4.27B,$16.84B,0.25,$4.75B,$4.64B,97.56%,$4.75B,$2.49B,52.44%,$4.75B,$2.49B,52.44%,$4.75B,$3.03B,63.80%,$4.75B,$2.45B,51.60%,$4.75B,$2.51B,52.82%,$2.51B,$16.84B,15.02%,$2.51B,$-5.87B,-43.19%,$2.51B,$82.85B,3.12%,$2.49B,$21.11B,11.80%,$1246,$29,$1217,$0,$280,$591,$655,$-44,$611,$149,$462,$462,$455,$798,$655,$578,581,$0.79,$0.78,$1349,$0,$54991,$57560,$1220,$0,$22707,$1360,$25287,$82847,$58894,$4271,$558,$7113,$66007,$6,$7498,$-265,$16840,$82847,$936,$281,$50,$331,$-148,$0,$0,$117,$-31,$1236,$-108,$0,$-405,$0,$-305,$-305,$0,$-818,$812,$0,$812,$-759,$-759,$-279,$-75,$-301,$112,$61,$-279
2,2018-03-31,72.29,$29.27,2.47,$7.92,9.12,$7.37,9.81,$4.19,17.25,$56.63B,$57.95B,0.98,$4.27B,$17.01B,0.25,$4.69B,$4.57B,97.46%,$4.69B,$2.45B,52.20%,$4.69B,$2.45B,52.20%,$4.69B,$2.99B,63.69%,$4.69B,$2.41B,51.39%,$4.69B,$2.48B,52.79%,$2.48B,$17.01B,15.01%,$2.48B,$-5.83B,-42.02%,$2.48B,$82.06B,3.10%,$2.45B,$21.28B,11.76%,$1225,$30,$1195,$0,$273,$575,$650,$-33,$617,$143,$474,$474,$464,$788,$650,$582,586,$0.80,$0.79,$1327,$0,$53979,$56634,$1235,$0,$22840,$1353,$25428,$82062,$57946,$4269,$549,$7110,$65056,$6,$7182,$-190,$17006,$82062,$474,$138,$24,$162,$-259,$0,$0,$196,$-63,$573,$-51,$0,$-400,$0,$-304,$-304,$0,$-755,$789,$0,$789,$-300,$-300,$-140,$-79,$270,$90,$29,$-140
3,2017-12-31,70.11,$29.13,2.41,$7.78,9.01,$7.39,9.49,$4.24,16.53,$53.56B,$54.18B,0.99,$4.27B,$16.99B,0.25,$4.63B,$4.51B,97.39%,$4.63B,$2.38B,51.39%,$4.63B,$2.38B,51.39%,$4.63B,$2.91B,62.95%,$4.63B,$2.52B,54.37%,$4.63B,$2.51B,54.31%,$2.51B,$16.99B,15.54%,$2.51B,$-5.50B,-40.89%,$2.51B,$78.26B,3.17%,$2.38B,$21.25B,11.66%,$1137,$27,$1110,$0,$258,$545,$592,$70,$662,$-565,$1227,$1227,$1221,$723,$592,$589,594,$2.08,$2.05,$1304,$0,$51222,$53562,$1246,$0,$22485,$971,$24702,$78264,$54175,$4267,$539,$7104,$61279,$6,$6858,$-223,$16985,$78264,$2542,$535,$-762,$-227,$-135,$0,$0,$-95,$-230,$2085,$-357,$0,$776,$0,$-327,$-327,$0,$92,$-1259,$984,$-275,$-949,$-949,$-476,$-271,$-1971,$218,$135,$-476
4,2017-09-30,68.07,$27.34,2.49,$7.77,8.77,$7.46,9.12,$2.75,24.75,$55.24B,$54.60B,1.01,$4.87B,$16.02B,0.3,$4.63B,$4.50B,97.19%,$4.63B,$2.35B,50.65%,$4.63B,$2.35B,50.65%,$4.63B,$2.89B,62.40%,$4.63B,$2.39B,51.51%,$4.63B,$1.65B,35.53%,$1.65B,$16.02B,10.36%,$1.65B,$-6.05B,-25.26%,$1.65B,$79.12B,2.05%,$2.35B,$20.88B,11.73%,$1146,$30,$1116,$0,$272,$550,$596,$-33,$563,$186,$377,$377,$371,$724,$596,$588,592,$0.63,$0.63,$1197,$0,$52401,$55239,$1192,$0,$22072,$615,$23879,$79118,$54600,$4865,$645,$8499,$63099,$6,$5718,$-322,$16019,$79118,$1315,$404,$33,$437,$-153,$0,$0,$-189,$-342,$1410,$-240,$0,$447,$0,$0,$0,$0,$207,$-445,$135,$-310,$-709,$-709,$-358,$-157,$-1534,$92,$102,$-358
5,2017-06-30,65.12,$27.05,2.41,$7.63,8.54,$7.57,8.6,$2.70,24.1,$56.45B,$56.82B,0.99,$3.87B,$15.93B,0.24,$4.56B,$4.43B,97.11%,$4.56B,$2.22B,48.73%,$4.56B,$2.22B,48.73%,$4.56B,$2.82B,61.81%,$4.56B,$2.27B,49.65%,$4.56B,$1.62B,35.47%,$1.62B,$15.93B,10.27%,$1.62B,$-6.17B,-24.13%,$1.62B,$80.32B,2.03%,$2.22B,$19.81B,11.21%,$1180,$32,$1148,$0,$274,$571,$609,$-42,$567,$140,$427,$427,$419,$751,$609,$591,595,$0.71,$0.71,$1184,$0,$53585,$56448,$1161,$0,$22104,$611,$23876,$80324,$56819,$3874,$783,$7572,$64391,$6,$5468,$-367,$15933,$80324,$938,$276,$-64,$212,$-170,$0,$0,$119,$-51,$1099,$-150,$0,$448,$0,$0,$0,$0,$298,$-469,$0,$-469,$-469,$-469,$-239,$-144,$-1321,$81,$68,$-239
6,2017-03-31,58.96,$26.62,2.21,$7.53,7.83,$7.56,7.8,$2.60,22.69,$55.07B,$56.01B,0.98,$3.87B,$15.79B,0.25,$4.51B,$4.37B,96.96%,$4.51B,$2.17B,47.99%,$4.51B,$2.17B,47.99%,$4.51B,$2.77B,61.32%,$4.51B,$2.21B,49.08%,$4.51B,$1.56B,34.49%,$1.56B,$15.79B,9.97%,$1.56B,$-6.87B,-22.34%,$1.56B,$79.46B,1.99%,$2.17B,$19.66B,10.88%,$1166,$32,$1134,$0,$288,$584,$582,$143,$725,$214,$511,$511,$503,$716,$582,$594,599,$0.85,$0.84,$1124,$0,$52354,$55073,$1132,$0,$22658,$600,$24390,$79463,$56006,$3872,$776,$7670,$63676,$6,$5171,$-427,$15787,$79463,$511,$134,$-115,$19,$-240,$0,$0,$321,$81,$611,$-66,$0,$22,$0,$0,$0,$0,$-44,$-117,$0,$-117,$-229,$-229,$-120,$-85,$-551,$17,$34,$-120
7,2016-12-31,55.38,$26.48,2.09,$7.51,7.37,$7.55,7.33,$2.37,23.33,$57.13B,$58.62B,0.98,$3.87B,$15.75B,0.25,$4.50B,$4.36B,96.95%,$4.50B,$2.17B,48.17%,$4.50B,$2.17B,48.17%,$4.50B,$2.78B,61.72%,$4.50B,$2.03B,45.10%,$4.50B,$1.42B,31.61%,$1.42B,$15.75B,9.22%,$1.42B,$-6.96B,-19.86%,$1.42B,$82.00B,1.82%,$2.17B,$19.63B,10.87%,$1138,$36,$1102,$0,$270,$580,$558,$-28,$530,$171,$359,$359,$352,$698,$558,$595,599,$0.59,$0.58,$1109,$0,$55150,$57133,$1129,$432,$22711,$598,$24870,$82003,$58617,$3871,$767,$7632,$66249,$6,$4789,$-344,$15754,$82003,$1449,$610,$232,$842,$-65,$0,$0,$-77,$-142,$2149,$-365,$0,$-425,$0,$-70,$-70,$0,$-860,$-949,$0,$-949,$-50,$-50,$-409,$-54,$-1462,$-197,$124,$-409
8,2016-09-30,52.72,$26.12,2.02,$7.18,7.35,$6.42,8.21,$2.44,21.59,$51.84B,$52.35B,0.99,$4.72B,$15.54B,0.3,$4.24B,$4.10B,96.74%,$4.24B,$2.03B,47.85%,$4.24B,$2.03B,47.85%,$4.24B,$2.60B,61.26%,$4.24B,$1.89B,44.62%,$4.24B,$1.44B,33.99%,$1.44B,$15.54B,9.47%,$1.44B,$-6.82B,-19.40%,$1.44B,$76.30B,1.87%,$2.03B,$20.26B,10.18%,$1078,$32,$1046,$0,$267,$604,$474,$-31,$443,$93,$350,$350,$344,$655,$474,$596,600,$0.58,$0.57,$1111,$0,$49832,$51844,$1080,$416,$22368,$588,$24452,$76296,$52354,$4720,$803,$8398,$60752,$1,$4911,$-316,$15544,$76296,$1090,$470,$112,$582,$-88,$0,$0,$-76,$-164,$1508,$-254,$0,$0,$0,$0,$0,$-52,$-306,$-1006,$0,$-1006,$0,$0,$-307,$-53,$-1366,$-169,$90,$-307
9,2016-06-30,49.95,$25.76,1.94,$6.85,7.29,$5.59,8.93,$2.42,20.62,$50.63B,$51.44B,0.98,$4.72B,$15.33B,0.31,$3.97B,$3.83B,96.40%,$3.97B,$1.99B,50.15%,$3.97B,$1.99B,50.15%,$3.97B,$2.47B,62.25%,$3.97B,$1.87B,47.06%,$3.97B,$1.40B,35.28%,$1.40B,$15.33B,9.73%,$1.40B,$-7.21B,-21.04%,$1.40B,$75.22B,1.88%,$1.99B,$20.05B,10.77%,$1129,$37,$1092,$0,$266,$578,$551,$-35,$516,$153,$363,$363,$357,$697,$551,$595,599,$0.60,$0.60,$1136,$0,$48501,$50630,$1048,$427,$22539,$580,$24594,$75224,$51438,$4719,$801,$8456,$59894,$1,$4669,$-258,$15330,$75224,$740,$289,$113,$402,$-157,$0,$0,$118,$-39,$1103,$-157,$0,$0,$0,$0,$0,$-145,$-302,$-781,$0,$-781,$0,$0,$-205,$-45,$-1031,$-237,$60,$-205
10,2016-03-31,45.74,$25.34,1.8,$6.39,7.16,$5.14,8.89,$2.33,19.6,$54.55B,$55.64B,0.98,$4.72B,$15.08B,0.31,$3.64B,$3.50B,96.21%,$3.64B,$1.87B,51.40%,$3.64B,$1.87B,51.40%,$3.64B,$2.29B,62.85%,$3.64B,$1.75B,48.11%,$3.64B,$1.33B,36.46%,$1.33B,$15.08B,9.71%,$1.33B,$-7.65B,-22.87%,$1.33B,$79.16B,1.86%,$1.87B,$19.80B,10.91%,$1154,$32,$1122,$0,$258,$570,$584,$-44,$540,$163,$377,$377,$369,$727,$584,$595,598,$0.62,$0.62,$1150,$0,$52329,$54554,$1018,$352,$22734,$502,$24606,$79160,$55636,$4718,$799,$8444,$64080,$1,$4415,$-208,$15080,$79160,$377,$143,$62,$205,$-229,$0,$0,$244,$15,$597,$-56,$0,$0,$0,$0,$0,$-3,$-59,$-543,$0,$-543,$0,$0,$-102,$-52,$-697,$-159,$29,$-102
11,2015-12-31,49.67,$24.98,1.99,$5.98,8.31,$4.96,10.01,$2.28,21.8,$53.31B,$54.74B,0.97,$4.72B,$14.84B,0.32,$3.34B,$3.20B,95.84%,$3.34B,$1.75B,52.43%,$3.34B,$1.75B,52.43%,$3.34B,$2.10B,62.94%,$3.34B,$1.65B,49.52%,$3.34B,$1.27B,38.17%,$1.27B,$14.84B,9.80%,$1.27B,$-8.00B,-26.16%,$1.27B,$77.99B,1.86%,$1.75B,$19.56B,11.03%,$875,$37,$838,$0,$200,$457,$418,$-27,$391,$18,$373,$373,$370,$516,$418,$556,559,$0.66,$0.66,$1313,$0,$51169,$53313,$1037,$299,$22837,$501,$24674,$77987,$54743,$4717,$815,$8404,$63147,$6,$4148,$-188,$14840,$77987,$1295,$351,$-14,$337,$-45,$0,$0,$-276,$-321,$1311,$-277,$0,$-3751,$1089,$-60,$1029,$-5,$-3004,$658,$2472,$3130,$-660,$-660,$-331,$-163,$1976,$269,$111,$-331
12,2015-09-30,45.4,$22.49,2.02,$5.81,7.82,$5.23,8.68,$2.13,21.34,$48.05B,$48.46B,0.99,$2.25B,$12.37B,0.18,$3.26B,$3.13B,95.92%,$3.26B,$1.73B,53.08%,$3.26B,$1.73B,53.08%,$3.26B,$2.06B,63.16%,$3.26B,$1.67B,51.30%,$3.26B,$1.19B,36.53%,$1.19B,$12.37B,9.63%,$1.19B,$-3.79B,-30.95%,$1.19B,$65.86B,1.81%,$1.73B,$14.62B,11.84%,$816,$37,$779,$0,$174,$376,$440,$-17,$423,$113,$310,$310,$306,$534,$440,$550,555,$0.55,$0.55,$1066,$0,$46308,$48052,$904,$253,$16160,$487,$17804,$65856,$48458,$2247,$871,$5028,$53486,$1,$3863,$-191,$12370,$65856,$922,$253,$0,$253,$-62,$0,$0,$-223,$-285,$890,$-192,$0,$0,$0,$1024,$1024,$14,$846,$-681,$0,$-681,$-605,$-605,$-242,$-164,$-1692,$35,$79,$-242
13,2015-06-30,43.07,$22.42,1.92,$5.64,7.63,$5.31,8.11,$1.94,22.25,$45.13B,$45.58B,0.99,$2.25B,$12.44B,0.18,$3.19B,$3.05B,95.52%,$3.19B,$1.62B,50.81%,$3.19B,$1.62B,50.81%,$3.19B,$1.93B,60.34%,$3.19B,$1.56B,49.00%,$3.19B,$1.09B,34.21%,$1.09B,$12.44B,8.77%,$1.09B,$-3.79B,-28.74%,$1.09B,$63.10B,1.65%,$1.62B,$14.69B,11.04%,$797,$32,$765,$0,$173,$367,$430,$-32,$398,$109,$289,$289,$283,$512,$430,$555,560,$0.51,$0.51,$1061,$0,$43351,$45133,$911,$341,$16232,$487,$17971,$63104,$45580,$2247,$892,$5081,$50661,$1,$3641,$-68,$12443,$63104,$612,$159,$-8,$151,$-91,$0,$0,$98,$7,$770,$-136,$0,$0,$1084,$-60,$1024,$11,$899,$-918,$0,$-918,$-399,$-399,$-158,$-160,$-1635,$26,$47,$-158
14,2015-03-31,44.79,$22.01,2.03,$5.51,8.12,$5.45,8.22,$1.82,24.64,$48.49B,$48.80B,0.99,$2.25B,$12.33B,0.18,$3.15B,$2.99B,94.91%,$3.15B,$1.52B,48.30%,$3.15B,$1.52B,48.30%,$3.15B,$1.81B,57.49%,$3.15B,$1.49B,47.25%,$3.15B,$1.04B,32.91%,$1.04B,$12.33B,8.18%,$1.04B,$-3.90B,-28.22%,$1.04B,$66.43B,1.53%,$1.52B,$14.57B,10.19%,$850,$33,$817,$0,$180,$388,$462,$-21,$441,$118,$323,$323,$315,$539,$462,$560,560,$0.56,$0.56,$2123,$0,$45600,$48486,$879,$309,$16228,$526,$17942,$66428,$48798,$2247,$976,$5305,$54103,$1,$3441,$-153,$12325,$66428,$323,$77,$-15,$62,$-122,$0,$0,$202,$80,$465,$-60,$0,$0,$0,$-60,$-60,$34,$-86,$35,$0,$35,$-196,$-196,$-73,$-34,$-268,$100,$24,$-73
15,2014-12-31,41.98,$21.93,1.91,$5.37,7.82,$5.57,7.53,$1.71,24.52,$50.23B,$50.44B,1.0,$2.24B,$12.39B,0.18,$3.09B,$2.91B,94.15%,$3.09B,$1.45B,46.83%,$3.09B,$1.45B,46.83%,$3.09B,$1.73B,55.82%,$3.09B,$1.41B,45.50%,$3.09B,$0.98B,31.73%,$0.98B,$12.39B,7.66%,$0.98B,$-3.92B,-23.48%,$0.98B,$68.25B,1.45%,$1.45B,$14.63B,9.41%,$800,$31,$769,$0,$183,$400,$400,$12,$412,$118,$294,$294,$288,$476,$400,$570,573,$0.51,$0.51,$2181,$0,$47458,$50232,$874,$379,$16315,$454,$18022,$68254,$50436,$2235,$998,$5426,$55862,$1,$3210,$-46,$12392,$68254,$1016,$278,$61,$339,$-43,$0,$0,$151,$108,$1463,$-250,$0,$1697,$0,$-1250,$-1250,$-161,$36,$-175,$-377,$-552,$-645,$-645,$-299,$-177,$-1673,$-309,$97,$-299
16,2014-09-30,37.23,$22.38,1.66,$5.33,6.98,$4.81,7.74,$0.84,44.43,$49.38B,$49.34B,1.0,$2.25B,$12.64B,0.18,$2.83B,$2.65B,93.60%,$2.83B,$1.21B,42.82%,$2.83B,$1.21B,42.82%,$2.83B,$1.46B,51.70%,$2.83B,$0.90B,31.75%,$2.83B,$0.52B,18.28%,$0.52B,$12.64B,4.04%,$0.52B,$-3.58B,-10.93%,$0.52B,$67.29B,0.78%,$1.21B,$14.89B,7.66%,$745,$47,$698,$0,$181,$415,$330,$-17,$313,$90,$223,$223,$206,$399,$330,$570,570,$0.36,$0.36,$2193,$0,$46527,$49378,$839,$496,$16225,$348,$17908,$67286,$49337,$2247,$778,$5306,$54643,$1,$3000,$244,$12643,$67286,$722,$202,$-19,$183,$-121,$0,$0,$138,$17,$922,$-161,$0,$2005,$0,$-1250,$-1250,$-105,$489,$-768,$0,$-768,$-438,$-438,$-225,$-187,$-1618,$-323,$73,$-225
17,2014-06-30,35.94,$22.89,1.57,$4.94,7.28,$4.71,7.63,$0.86,41.69,$50.19B,$49.67B,1.01,$2.25B,$13.28B,0.17,$2.42B,$2.28B,94.18%,$2.42B,$1.08B,44.73%,$2.42B,$1.08B,44.73%,$2.42B,$1.30B,53.70%,$2.42B,$0.78B,32.14%,$2.42B,$0.45B,18.67%,$0.45B,$13.28B,4.24%,$0.45B,$-3.26B,-12.88%,$0.45B,$68.48B,0.73%,$1.08B,$15.53B,8.21%,$750,$49,$701,$0,$191,$423,$327,$-7,$320,$93,$227,$227,$226,$394,$327,$575,580,$0.39,$0.39,$2401,$0,$46872,$50191,$845,$557,$16540,$349,$18291,$68482,$49670,$2248,$827,$5533,$55203,$1,$2878,$582,$13279,$68482,$509,$133,$-19,$114,$-107,$0,$0,$320,$213,$836,$-98,$0,$1834,$0,$26,$26,$-111,$1651,$0,$-1090,$-1090,$5,$5,$-151,$-49,$-1285,$1096,$49,$-151
18,2014-03-31,37.51,$22.51,1.67,$4.66,8.04,$4.35,8.62,$0.89,42.15,$45.25B,$45.40B,1.0,$3.58B,$12.95B,0.28,$2.04B,$1.94B,95.11%,$2.04B,$0.98B,48.02%,$2.04B,$0.98B,48.02%,$2.04B,$1.16B,56.98%,$2.04B,$0.68B,33.04%,$2.04B,$0.38B,18.60%,$0.38B,$12.95B,4.57%,$0.38B,$-5.95B,-15.78%,$0.38B,$65.92B,0.69%,$0.98B,$16.53B,9.37%,$797,$54,$743,$0,$180,$406,$391,$-29,$362,$101,$261,$261,$261,$457,$391,$575,580,$0.46,$0.45,$1310,$0,$42826,$45254,$898,$384,$18892,$493,$20667,$65921,$45403,$3584,$889,$7572,$52975,$1,$2704,$464,$12946,$65921,$274,$66,$-18,$48,$0,$0,$-49,$264,$215,$537,$-45,$0,$-142,$0,$4,$4,$-60,$-243,$0,$-161,$-161,$2,$2,$-76,$-31,$-266,$3,$20,$-76
19,2013-12-31,42.51,$21.53,1.97,$4.25,9.99,$3.85,11.05,$0.81,52.74,$44.27B,$44.32B,1.0,$3.92B,$12.38B,0.32,$1.60B,$1.54B,96.62%,$1.60B,$0.79B,49.44%,$1.60B,$0.79B,49.44%,$1.60B,$0.94B,58.76%,$1.60B,$0.50B,31.54%,$1.60B,$0.25B,15.89%,$0.25B,$12.38B,4.22%,$0.25B,$-6.13B,-37.76%,$0.25B,$64.42B,0.53%,$0.79B,$16.30B,10.55%,$536,$31,$505,$0,$132,$373,$163,$-260,$-97,$23,$-120,$-120,$-176,$212,$163,$390,395,$-0.53,$-0.53,$1312,$0,$42216,$44269,$889,$324,$18512,$428,$20153,$64422,$44321,$3923,$3475,$7720,$52041,$1,$2482,$125,$12381,$64422,$270,$149,$320,$469,$-35,$0,$0,$10,$-25,$714,$-179,$0,$-2241,$0,$-26,$-26,$-75,$-2521,$1080,$289,$1369,$13,$13,$-75,$-188,$1119,$-651,$64,$-75
20,2013-09-30,34.19,$11.17,3.06,$3.78,9.04,$4.31,7.92,$1.52,22.43,$45.39B,$44.15B,1.03,$0.34B,$4.07B,0.08,$1.39B,$1.36B,97.83%,$1.39B,$0.82B,59.13%,$1.39B,$0.82B,59.13%,$1.39B,$0.95B,68.59%,$1.39B,$0.79B,56.68%,$1.39B,$0.56B,40.43%,$0.56B,$4.07B,14.57%,$0.56B,$1.31B,51.14%,$0.56B,$48.89B,1.35%,$0.82B,$4.41B,17.90%,$338,$7,$331,$0,$70,$136,$202,$-9,$193,$48,$145,$145,$141,$237,$202,$365,370,$0.39,$0.38,$1735,$0,$43441,$45390,$202,$330,$2766,$198,$3495,$48885,$44146,$342,$119,$668,$44814,$1,$2939,$-117,$4071,$48885,$440,$100,$6,$106,$-48,$0,$0,$8,$16,$562,$-104,$0,$-49,$0,$-37,$-37,$-69,$-259,$0,$-342,$-342,$10,$10,$0,$-44,$-376,$-75,$42,$0
21,2013-06-30,33.5,$10.65,3.15,$3.75,8.93,$4.50,7.44,$1.50,22.36,$37.19B,$35.65B,1.04,$0.75B,$3.88B,0.19,$1.37B,$1.34B,97.74%,$1.37B,$0.81B,59.20%,$1.37B,$0.81B,59.20%,$1.37B,$0.94B,68.69%,$1.37B,$0.78B,56.72%,$1.37B,$0.55B,40.15%,$0.55B,$3.88B,14.76%,$0.55B,$1.14B,56.01%,$0.55B,$40.61B,1.43%,$0.81B,$4.63B,17.73%,$372,$8,$364,$0,$76,$147,$225,$-8,$217,$59,$158,$158,$154,$258,$225,$365,365,$0.42,$0.42,$1632,$0,$35328,$37185,$165,$330,$2737,$197,$3429,$40614,$35645,$754,$116,$1090,$36735,$1,$2797,$-158,$3879,$40614,$295,$65,$8,$73,$-57,$0,$0,$90,$14,$382,$-50,$0,$-49,$0,$-37,$-37,$-46,$-182,$0,$-330,$-330,$10,$10,$0,$-34,$-354,$-155,$30,$0
22,2013-03-31,30.73,$10.30,2.98,$3.69,8.33,$4.50,6.83,$1.47,20.9,$35.38B,$33.91B,1.04,$0.86B,$3.75B,0.23,$1.35B,$1.32B,97.70%,$1.35B,$0.80B,59.38%,$1.35B,$0.80B,59.38%,$1.35B,$0.93B,69.09%,$1.35B,$0.77B,56.86%,$1.35B,$0.54B,39.96%,$0.54B,$3.75B,14.93%,$0.54B,$0.99B,62.24%,$0.54B,$38.86B,1.41%,$0.80B,$4.61B,17.92%,$352,$8,$344,$0,$75,$152,$200,$-9,$191,$54,$137,$137,$135,$232,$200,$365,365,$0.37,$0.37,$1527,$0,$33630,$35375,$155,$376,$2754,$198,$3483,$38859,$33910,$862,$110,$1201,$35111,$1,$2644,$-110,$3748,$38859,$137,$32,$4,$36,$-60,$0,$0,$44,$-23,$150,$-24,$0,$-44,$0,$0,$0,$-48,$-116,$0,$-222,$-222,$4,$4,$0,$-34,$-252,$-221,$15,$0
23,2012-12-31,23.33,$10.07,2.32,$3.72,6.27,$4.62,5.05,$1.50,15.51,$33.75B,$32.25B,1.05,$0.97B,$3.68B,0.26,$1.36B,$1.33B,97.65%,$1.36B,$0.83B,60.65%,$1.36B,$0.83B,60.65%,$1.36B,$0.96B,70.34%,$1.36B,$0.79B,58.08%,$1.36B,$0.55B,40.53%,$0.55B,$3.68B,15.66%,$0.55B,$0.94B,70.81%,$0.55B,$37.22B,1.47%,$0.83B,$4.65B,18.87%,$323,$7,$316,$0,$65,$131,$192,$-9,$184,$51,$133,$133,$130,$223,$192,$365,365,$0.36,$0.35,$1699,$0,$31883,$33750,$144,$391,$2737,$193,$3465,$37215,$32246,$969,$107,$1292,$33538,$1,$2509,$-52,$3677,$37215,$562,$131,$24,$155,$10,$0,$0,$6,$16,$733,$-68,$0,$-18,$0,$0,$0,$-32,$-118,$0,$245,$245,$-46,$-46,$0,$-27,$172,$789,$52,$0
24,2012-09-30,25.14,$9.90,2.54,$3.72,6.76,$4.49,5.6,$1.50,16.78,$34.04B,$32.81B,1.04,$0.80B,$3.61B,0.22,$1.37B,$1.33B,97.44%,$1.37B,$0.83B,60.69%,$1.37B,$0.83B,60.69%,$1.37B,$0.96B,69.99%,$1.37B,$0.79B,57.91%,$1.37B,$0.55B,40.19%,$0.55B,$3.61B,16.17%,$0.55B,$0.85B,85.02%,$0.55B,$37.54B,1.47%,$0.83B,$4.41B,19.67%,$323,$8,$315,$0,$70,$129,$194,$-9,$185,$51,$134,$134,$131,$228,$194,$364,367,$0.36,$0.36,$1322,$0,$32531,$34035,$141,$415,$2753,$197,$3506,$37540,$32810,$800,$108,$1124,$33934,$1,$2379,$-27,$3606,$37540,$429,$100,$14,$114,$-11,$0,$0,$10,$30,$573,$-50,$0,$-18,$0,$0,$0,$-28,$-96,$0,$-38,$-38,$4,$4,$0,$-27,$-61,$418,$40,$0
25,2012-06-30,25.62,$9.37,2.74,$3.76,6.81,$4.41,5.81,$1.50,17.08,$36.06B,$34.96B,1.03,$0.81B,$3.41B,0.24,$1.38B,$1.35B,97.40%,$1.38B,$0.84B,60.62%,$1.38B,$0.84B,60.62%,$1.38B,$0.97B,69.87%,$1.38B,$0.80B,57.95%,$1.38B,$0.55B,39.81%,$0.55B,$3.41B,16.97%,$0.55B,$0.68B,112.05%,$0.55B,$39.51B,1.46%,$0.84B,$4.22B,21.19%,$351,$9,$343,$0,$74,$136,$215,$-9,$207,$61,$145,$145,$143,$249,$215,$364,367,$0.39,$0.39,$1163,$0,$34687,$36058,$138,$381,$2730,$198,$3446,$39505,$34956,$813,$109,$1142,$36097,$1,$2248,$-81,$3407,$39505,$295,$66,$12,$78,$-38,$0,$0,$10,$-7,$366,$-33,$0,$0,$0,$0,$0,$-28,$-61,$0,$-25,$-25,$2,$2,$0,$-23,$-46,$259,$28,$0
26,2012-03-31,25.9,$9.37,2.76,$3.68,7.04,$4.29,6.03,$1.44,18.01,$32.51B,$31.55B,1.03,$0.83B,$3.41B,0.24,$1.36B,$1.32B,97.35%,$1.36B,$0.82B,60.01%,$1.36B,$0.82B,60.01%,$1.36B,$0.94B,69.44%,$1.36B,$0.78B,57.36%,$1.36B,$0.53B,38.95%,$0.53B,$3.41B,16.70%,$0.53B,$0.65B,137.67%,$0.53B,$36.12B,1.49%,$0.82B,$4.23B,21.89%,$365,$9,$356,$0,$79,$140,$225,$-10,$215,$65,$150,$150,$148,$258,$225,$363,366,$0.41,$0.40,$1022,$0,$31269,$32507,$133,$523,$2761,$200,$3617,$36124,$31551,$825,$108,$1166,$32716,$1,$2105,$71,$3408,$36124,$150,$33,$6,$39,$-42,$0,$0,$8,$-3,$186,$-15,$0,$0,$0,$0,$0,$-1,$-16,$0,$-13,$-13,$5,$5,$0,$-18,$-26,$145,$14,$0
27,2011-12-31,22.72,$8.73,2.6,$3.58,6.34,$4.21,5.39,$1.38,16.44,$32.61B,$31.80B,1.03,$0.84B,$3.16B,0.27,$1.33B,$1.29B,97.36%,$1.33B,$0.79B,59.76%,$1.33B,$0.79B,59.76%,$1.33B,$0.92B,69.56%,$1.33B,$0.76B,57.27%,$1.33B,$0.51B,38.43%,$0.51B,$3.16B,16.68%,$0.51B,$0.41B,201.18%,$0.51B,$36.15B,1.52%,$0.79B,$4.00B,22.84%,$327,$10,$317,$0,$71,$132,$195,$-11,$184,$53,$131,$131,$127,$221,$195,$365,370,$0.35,$0.34,$876,$0,$31556,$32605,$131,$451,$2757,$203,$3542,$36148,$31800,$838,$112,$1185,$32986,$1,$1957,$-21,$3162,$36148,$522,$130,$54,$184,$-22,$0,$0,$-14,$7,$713,$-87,$0,$-10,$0,$-516,$-516,$-2,$-615,$0,$309,$309,$-166,$-166,$0,$-38,$105,$201,$53,$0
28,2011-09-30,22.29,$8.28,2.69,$3.47,6.43,$3.83,5.83,$1.30,17.09,$35.22B,$34.93B,1.01,$0.37B,$3.01B,0.12,$1.29B,$1.25B,97.43%,$1.29B,$0.76B,58.91%,$1.29B,$0.76B,58.91%,$1.29B,$0.90B,69.73%,$1.29B,$0.73B,56.50%,$1.29B,$0.48B,37.51%,$0.48B,$3.01B,16.22%,$0.48B,$0.24B,311.47%,$0.48B,$38.67B,1.54%,$0.76B,$3.38B,23.23%,$341,$9,$332,$0,$72,$137,$204,$-8,$196,$59,$137,$137,$133,$239,$204,$366,369,$0.36,$0.36,$561,$0,$34460,$35223,$99,$400,$2774,$170,$3444,$38667,$34929,$370,$116,$727,$35656,$1,$1830,$-75,$3011,$38667,$391,$104,$31,$135,$-45,$0,$0,$-13,$15,$541,$-43,$0,$-3,$0,$-516,$-516,$11,$-550,$0,$23,$23,$-119,$-119,$0,$-19,$-115,$-124,$40,$0
29,2011-06-30,23.5,$8.41,2.8,$3.32,7.09,$3.39,6.93,$1.20,19.55,$27.93B,$27.37B,1.02,$0.19B,$3.09B,0.06,$1.23B,$1.20B,97.40%,$1.23B,$0.71B,57.27%,$1.23B,$0.71B,57.27%,$1.23B,$0.84B,68.40%,$1.23B,$0.68B,55.00%,$1.23B,$0.45B,36.15%,$0.45B,$3.09B,15.35%,$0.45B,$0.25B,611.68%,$0.45B,$31.04B,1.55%,$0.71B,$3.28B,22.09%,$325,$8,$317,$0,$71,$134,$191,$-7,$184,$59,$124,$124,$121,$225,$191,$367,371,$0.33,$0.33,$827,$0,$26890,$27932,$99,$0,$2839,$171,$3109,$31041,$27373,$190,$126,$581,$27954,$1,$1698,$58,$3087,$31041,$255,$69,$13,$82,$-52,$0,$0,$-9,$-16,$321,$-30,$0,$-3,$0,$-2,$-2,$3,$-32,$0,$-121,$-121,$-21,$-21,$0,$-13,$-155,$135,$27,$0
30,2011-03-31,23.28,$8.08,2.88,$3.23,7.21,$3.24,7.19,$1.15,20.31,$25.51B,$24.99B,1.02,$0.26B,$2.97B,0.09,$1.20B,$1.17B,97.34%,$1.20B,$0.69B,57.57%,$1.20B,$0.69B,57.57%,$1.20B,$0.83B,68.64%,$1.20B,$0.65B,53.99%,$1.20B,$0.43B,35.44%,$0.43B,$2.97B,15.24%,$0.43B,$0.12B,286.87%,$0.43B,$28.62B,1.54%,$0.69B,$3.23B,22.09%,$334,$8,$326,$0,$71,$131,$203,$-7,$196,$66,$130,$130,$129,$238,$203,$367,371,$0.35,$0.35,$770,$0,$24526,$25507,$95,$0,$2848,$173,$3116,$28622,$24986,$260,$134,$665,$25651,$1,$1576,$60,$2972,$28622,$130,$35,$9,$44,$-51,$0,$0,$-1,$-19,$155,$-12,$0,$-3,$0,$1,$1,$-3,$-18,$0,$-56,$-56,$2,$2,$0,$-14,$-67,$72,$14,$0
31,2010-12-31,22.45,$7.69,2.92,$3.08,7.28,$3.10,7.25,$1.07,20.98,$23.58B,$23.13B,1.02,$0.33B,$2.82B,0.12,$1.15B,$1.12B,97.13%,$1.15B,$0.65B,56.78%,$1.15B,$0.65B,56.78%,$1.15B,$0.78B,67.91%,$1.15B,$0.61B,53.04%,$1.15B,$0.40B,34.61%,$0.40B,$2.82B,14.80%,$0.40B,$0.01B,182.15%,$0.40B,$26.64B,1.50%,$0.65B,$3.14B,21.72%,$285,$8,$277,$0,$23,$126,$159,$-9,$150,$48,$102,$102,$99,$194,$159,$368,372,$0.27,$0.27,$697,$0,$22712,$23576,$95,$0,$2807,$165,$3066,$26642,$23127,$326,$104,$698,$23825,$1,$1447,$38,$2817,$26642,$408,$127,$32,$159,$-3,$0,$0,$-5,$-33,$534,$-48,$0,$-553,$0,$1,$1,$-34,$-633,$0,$271,$271,$-78,$-78,$0,$-24,$170,$69,$49,$0
32,2010-09-30,19.73,$7.44,2.65,$3.01,6.55,$2.98,6.62,$1.03,19.2,$25.15B,$24.78B,1.02,$0.39B,$2.72B,0.14,$1.12B,$1.09B,96.88%,$1.12B,$0.62B,55.08%,$1.12B,$0.62B,55.08%,$1.12B,$0.74B,66.04%,$1.12B,$0.59B,52.50%,$1.12B,$0.38B,34.14%,$0.38B,$2.72B,14.77%,$0.38B,$-0.09B,135.70%,$0.38B,$28.22B,1.51%,$0.62B,$3.11B,21.45%,$287,$8,$279,$0,$89,$136,$152,$-4,$147,$47,$100,$100,$96,$185,$152,$368,372,$0.26,$0.26,$621,$0,$24331,$25152,$95,$0,$2813,$158,$3066,$28218,$24780,$392,$89,$717,$25497,$1,$1348,$54,$2721,$28218,$306,$92,$26,$118,$-22,$0,$0,$-6,$-45,$379,$-37,$0,$-553,$0,$0,$0,$-29,$-619,$0,$327,$327,$-80,$-80,$0,$-21,$226,$-13,$38,$0
33,2010-06-30,21.3,$7.22,2.95,$2.93,7.27,$2.81,7.59,$1.01,21.17,$25.06B,$24.16B,1.04,$0.37B,$2.67B,0.14,$1.09B,$1.05B,96.61%,$1.09B,$0.61B,55.55%,$1.09B,$0.61B,55.55%,$1.09B,$0.73B,66.45%,$1.09B,$0.58B,53.07%,$1.09B,$0.37B,34.28%,$0.37B,$2.67B,14.97%,$0.37B,$0.55B,109.84%,$0.37B,$27.45B,1.61%,$0.61B,$3.04B,22.07%,$296,$8,$288,$0,$80,$118,$178,$-22,$156,$53,$103,$103,$102,$208,$178,$370,374,$0.27,$0.27,$1020,$0,$23879,$25062,$94,$33,$2123,$138,$2388,$27450,$24159,$367,$88,$617,$24776,$1,$1252,$25,$2674,$27450,$206,$59,$23,$82,$-27,$0,$0,$-2,$-29,$259,$-24,$0,$0,$0,$0,$0,$-650,$-674,$-1,$172,$171,$10,$10,$0,$-10,$170,$-245,$26,$0
34,2010-03-31,21.14,$6.89,3.07,$2.82,7.51,$2.62,8.07,$0.93,22.78,$21.42B,$20.83B,1.03,$0.18B,$2.55B,0.07,$1.05B,$1.01B,96.46%,$1.05B,$0.56B,53.88%,$1.05B,$0.56B,53.88%,$1.05B,$0.68B,65.17%,$1.05B,$0.54B,51.77%,$1.05B,$0.34B,32.92%,$0.34B,$2.55B,14.41%,$0.34B,$0.40B,165.19%,$0.34B,$23.81B,1.60%,$0.56B,$2.73B,21.59%,$282,$9,$273,$0,$80,$118,$164,$-7,$157,$53,$104,$104,$101,$194,$164,$368,373,$0.27,$0.27,$695,$0,$20557,$21418,$91,$25,$2141,$139,$2396,$23814,$20829,$183,$90,$440,$21269,$1,$1150,$18,$2545,$23814,$104,$30,$3,$33,$-31,$0,$0,$-2,$-35,$102,$-11,$0,$0,$0,$0,$0,$-1,$-11,$-2,$-23,$-24,$7,$7,$0,$-13,$-30,$60,$12,$0
35,2009-12-31,21.16,$6.62,3.2,$2.69,7.87,$2.54,8.33,$0.85,24.84,$19.46B,$18.97B,1.03,$0.21B,$2.43B,0.09,$1.00B,$0.96B,96.38%,$1.00B,$0.51B,51.56%,$1.00B,$0.51B,51.56%,$1.00B,$0.63B,63.22%,$1.00B,$0.49B,49.55%,$1.00B,$0.32B,31.66%,$0.32B,$2.43B,13.80%,$0.32B,$0.27B,387.69%,$0.32B,$21.89B,1.62%,$0.51B,$2.64B,20.30%,$257,$10,$247,$0,$36,$133,$124,$6,$129,$46,$83,$83,$84,$154,$124,$365,370,$0.23,$0.23,$636,$0,$18690,$19460,$92,$23,$2168,$142,$2425,$21885,$18968,$209,$94,$483,$19451,$1,$1049,$25,$2434,$21885,$314,$117,$34,$150,$-27,$0,$0,$6,$22,$487,$-45,$0,$-38,$0,$4,$4,$-64,$-142,$0,$-72,$-72,$13,$13,$0,$-16,$-75,$269,$53,$0
36,2009-09-30,18.32,$6.38,2.87,$2.57,7.13,$2.25,8.13,$0.76,24.1,$17.10B,$16.69B,1.02,$0.23B,$2.34B,0.1,$0.95B,$0.91B,96.61%,$0.95B,$0.49B,51.43%,$0.95B,$0.49B,51.43%,$0.95B,$0.60B,63.39%,$0.95B,$0.45B,47.09%,$0.95B,$0.28B,29.63%,$0.28B,$2.34B,12.86%,$0.28B,$0.14B,-1230.77%,$0.28B,$19.56B,1.58%,$0.49B,$2.57B,19.81%,$256,$10,$246,$0,$79,$116,$140,$-3,$137,$51,$87,$87,$87,$169,$140,$366,371,$0.24,$0.24,$470,$0,$16428,$17095,$87,$46,$2195,$140,$2467,$19562,$16687,$234,$94,$537,$17224,$1,$965,$29,$2337,$19562,$231,$87,$24,$111,$-51,$0,$0,$5,$-39,$303,$-29,$0,$-38,$0,$-13,$-13,$-62,$-141,$0,$-49,$-49,$9,$9,$0,$-13,$-53,$108,$36,$0
37,2009-06-30,21.53,$6.10,3.53,$2.44,8.84,$2.26,9.54,$0.73,29.41,$18.39B,$18.08B,1.02,$0.26B,$2.23B,0.12,$0.89B,$0.86B,96.52%,$0.89B,$0.47B,52.25%,$0.89B,$0.47B,52.25%,$0.89B,$0.56B,63.37%,$0.89B,$0.43B,47.87%,$0.89B,$0.27B,30.11%,$0.27B,$2.23B,12.88%,$0.27B,$0.02B,-237.69%,$0.27B,$20.86B,1.93%,$0.47B,$2.49B,19.49%,$250,$9,$242,$0,$79,$115,$135,$-17,$118,$46,$72,$72,$72,$164,$135,$364,370,$0.20,$0.19,$391,$0,$17844,$18385,$87,$48,$2209,$135,$2479,$20864,$18076,$260,$103,$557,$18633,$1,$877,$29,$2231,$20864,$144,$57,$11,$69,$-39,$0,$0,$6,$-30,$183,$-18,$0,$-38,$0,$-20,$-20,$-55,$-132,$-2,$-27,$-29,$8,$8,$0,$-13,$-34,$17,$22,$0
38,2009-03-31,14.03,$5.85,2.4,$2.31,6.07,$2.31,6.09,$0.78,18.08,$13.14B,$12.91B,1.02,$0.28B,$2.13B,0.13,$0.84B,$0.81B,96.42%,$0.84B,$0.46B,55.32%,$0.84B,$0.46B,55.32%,$0.84B,$0.54B,64.99%,$0.84B,$0.44B,52.57%,$0.84B,$0.28B,33.57%,$0.28B,$2.13B,14.43%,$0.28B,$-0.10B,-303.78%,$0.28B,$15.63B,2.98%,$0.46B,$2.41B,20.78%,$232,$7,$224,$0,$78,$118,$114,$-5,$109,$37,$72,$72,$72,$142,$114,$363,368,$0.20,$0.20,$311,$0,$12691,$13138,$87,$29,$2230,$141,$2487,$15625,$12911,$280,$115,$588,$13499,$1,$805,$18,$2126,$15625,$72,$28,$-5,$23,$-30,$0,$0,$11,$-27,$68,$-8,$0,$-40,$0,$3,$3,$-61,$-106,$-2,$-9,$-11,$1,$1,$0,$-5,$-15,$-54,$10,$0
39,2008-12-31,15.54,$5.56,2.79,$2.26,6.86,$2.35,6.62,$0.84,18.54,$12.55B,$12.31B,1.02,$0.33B,$2.01B,0.17,$0.81B,$0.78B,96.43%,$0.81B,$0.49B,60.71%,$0.81B,$0.49B,60.71%,$0.81B,$0.56B,68.60%,$0.81B,$0.47B,58.25%,$0.81B,$0.30B,37.07%,$0.30B,$2.01B,16.59%,$0.30B,$-0.15B,-444.28%,$0.30B,$14.96B,4.78%,$0.49B,$2.35B,23.83%,$207,$7,$201,$0,$77,$110,$97,$-16,$81,$32,$49,$49,$49,$124,$97,$356,361,$0.13,$0.13,$318,$0,$12118,$12553,$89,$36,$2164,$119,$2407,$14960,$12312,$333,$109,$636,$12947,$1,$733,$20,$2012,$14960,$301,$64,$-9,$55,$-14,$0,$0,$-2,$19,$375,$-49,$0,$-47,$0,$132,$132,$-106,$-70,$0,$158,$158,$-295,$-295,$0,$-4,$-141,$164,$36,$0
40,2008-09-30,15.2,$5.41,2.81,$2.14,7.11,$2.13,7.13,$0.88,17.2,$1.75B,$1.56B,1.12,$0.35B,$1.96B,0.18,$0.76B,$0.74B,96.34%,$0.76B,$0.49B,64.53%,$0.76B,$0.49B,64.53%,$0.76B,$0.54B,70.55%,$0.76B,$0.49B,63.87%,$0.76B,$0.32B,41.49%,$0.32B,$1.96B,18.86%,$0.32B,$-0.22B,-663.87%,$0.32B,$4.16B,9.75%,$0.49B,$2.30B,25.98%,$201,$9,$192,$0,$59,$82,$119,$-1,$118,$43,$75,$75,$75,$134,$119,$357,362,$0.21,$0.21,$279,$0,$1344,$1748,$76,$53,$2173,$110,$2413,$4161,$1558,$345,$105,$648,$2206,$1,$684,$27,$1955,$4161,$252,$37,$-23,$14,$-31,$0,$0,$1,$33,$299,$-30,$0,$-37,$0,$134,$134,$-112,$-45,$-0,$167,$167,$-296,$-296,$0,$-3,$-132,$122,$25,$0
41,2008-06-30,21.48,$4.81,4.47,$2.01,10.7,$1.81,11.86,$0.86,24.92,$1.28B,$0.91B,1.4,$0.16B,$1.70B,0.1,$0.72B,$0.69B,96.36%,$0.72B,$0.48B,66.43%,$0.72B,$0.48B,66.43%,$0.72B,$0.52B,72.03%,$0.72B,$0.47B,65.59%,$0.72B,$0.31B,43.22%,$0.31B,$1.70B,20.08%,$0.31B,$0.10B,-1093.81%,$0.31B,$3.00B,10.72%,$0.48B,$1.86B,27.66%,$197,$7,$190,$0,$47,$64,$133,$-1,$132,$47,$85,$85,$85,$144,$133,$353,357,$0.24,$0.24,$398,$0,$782,$1279,$64,$45,$1595,$13,$1717,$2996,$912,$163,$108,$386,$1298,$1,$609,$29,$1698,$2996,$177,$22,$-24,$-2,$-26,$0,$0,$-2,$16,$192,$-15,$0,$-30,$0,$123,$123,$-8,$70,$0,$-19,$-19,$4,$4,$0,$-4,$-19,$243,$18,$0
42,2008-03-31,24.59,$4.52,5.44,$1.84,13.37,$1.51,16.25,$0.77,31.77,$1.33B,$1.06B,1.27,$0.18B,$1.59B,0.11,$0.66B,$0.63B,96.03%,$0.66B,$0.42B,63.97%,$0.66B,$0.42B,63.97%,$0.66B,$0.46B,69.47%,$0.66B,$0.41B,62.90%,$0.66B,$0.28B,42.44%,$0.28B,$1.59B,19.30%,$0.28B,$-0.01B,-358.71%,$0.28B,$3.05B,10.04%,$0.42B,$1.77B,25.71%,$207,$7,$200,$0,$45,$63,$144,$-2,$142,$50,$92,$92,$92,$155,$144,$352,357,$0.26,$0.26,$295,$0,$946,$1334,$63,$48,$1599,$9,$1719,$3053,$1055,$175,$109,$404,$1458,$1,$524,$29,$1594,$3053,$92,$11,$-23,$-12,$-23,$0,$0,$1,$-1,$79,$-6,$0,$-30,$0,$71,$71,$-3,$32,$0,$-9,$-9,$2,$2,$0,$-8,$-15,$96,$8,$0
43,2007-12-31,36.28,$4.24,8.56,$1.62,22.38,$1.36,26.65,$0.68,53.66,$1.14B,$0.91B,1.25,$0.18B,$1.48B,0.13,$0.58B,$0.55B,95.83%,$0.58B,$0.36B,61.74%,$0.58B,$0.36B,61.74%,$0.58B,$0.39B,67.13%,$0.58B,$0.36B,62.26%,$0.58B,$0.24B,42.09%,$0.24B,$1.48B,17.90%,$0.24B,$-0.07B,-306.33%,$0.24B,$2.80B,9.38%,$0.36B,$1.66B,22.89%,$159,$5,$154,$0,$50,$63,$97,$-0,$96,$31,$65,$65,$65,$106,$97,$345,355,$0.19,$0.18,$280,$0,$792,$1142,$64,$39,$1547,$5,$1654,$2796,$911,$184,$107,$409,$1319,$1,$432,$31,$1477,$2796,$241,$33,$-50,$-17,$-5,$0,$-3,$-1,$64,$288,$-43,$-61,$-480,$0,$-60,$-60,$7,$-637,$0,$222,$222,$10,$10,$0,$33,$265,$-85,$24,$0
44,2007-09-30,28.62,$3.99,7.17,$1.49,19.19,$1.11,25.76,$0.66,43.5,$1.05B,$0.87B,1.2,$0.19B,$1.39B,0.14,$0.51B,$0.49B,95.89%,$0.51B,$0.32B,63.01%,$0.51B,$0.32B,63.01%,$0.51B,$0.35B,68.10%,$0.51B,$0.33B,64.38%,$0.51B,$0.23B,44.23%,$0.23B,$1.39B,20.61%,$0.23B,$-0.14B,706.25%,$0.23B,$2.68B,11.27%,$0.32B,$1.58B,25.78%,$152,$7,$145,$0,$35,$51,$101,$-2,$99,$33,$67,$67,$67,$110,$101,$347,357,$0.19,$0.19,$210,$0,$750,$1047,$61,$39,$1526,$12,$1637,$2684,$873,$194,$105,$425,$1298,$1,$367,$29,$1386,$2684,$176,$24,$-42,$-19,$-14,$0,$0,$-2,$28,$186,$-34,$-59,$-456,$0,$-19,$-19,$8,$-559,$0,$231,$231,$7,$7,$0,$24,$262,$-111,$13,$0
45,2007-06-30,27.86,$3.77,7.38,$1.38,20.13,$0.95,29.31,$0.62,45.08,$1.04B,$0.87B,1.2,$0.20B,$1.31B,0.16,$0.45B,$0.44B,96.26%,$0.45B,$0.29B,63.00%,$0.45B,$0.29B,63.00%,$0.45B,$0.31B,67.62%,$0.45B,$0.30B,65.64%,$0.45B,$0.20B,44.71%,$0.20B,$1.31B,24.03%,$0.20B,$-0.09B,143.46%,$0.20B,$2.55B,14.10%,$0.29B,$1.51B,30.14%,$137,$7,$130,$0,$35,$60,$77,$-1,$75,$22,$54,$54,$54,$84,$77,$346,356,$0.16,$0.15,$248,$0,$699,$1043,$57,$39,$1400,$10,$1505,$2548,$872,$203,$108,$370,$1242,$1,$300,$27,$1306,$2548,$109,$15,$-41,$-27,$-16,$0,$0,$-4,$12,$95,$-25,$-8,$-392,$0,$-30,$-30,$12,$-443,$0,$241,$241,$5,$5,$0,$19,$265,$-83,$8,$0
46,2007-03-31,23.03,$3.59,6.41,$1.25,18.44,$0.87,26.36,$0.57,40.26,$0.94B,$0.76B,1.24,$0.21B,$1.24B,0.17,$0.39B,$0.38B,96.42%,$0.39B,$0.26B,65.47%,$0.39B,$0.26B,65.47%,$0.39B,$0.27B,70.08%,$0.39B,$0.27B,69.31%,$0.39B,$0.18B,46.04%,$0.18B,$1.24B,30.13%,$0.18B,$-0.01B,80.45%,$0.18B,$2.30B,20.23%,$0.26B,$1.45B,39.34%,$127,$5,$122,$0,$34,$47,$80,$8,$88,$32,$56,$56,$56,$86,$80,$338,349,$0.16,$0.16,$195,$0,$653,$942,$51,$39,$1251,$12,$1352,$2295,$759,$213,$16,$296,$1055,$1,$247,$27,$1240,$2295,$56,$7,$-42,$-35,$-6,$0,$0,$-2,$10,$31,$-13,$-8,$-392,$0,$18,$18,$9,$-387,$0,$250,$250,$3,$3,$0,$13,$266,$-89,$4,$0
47,2006-12-31,20.33,$1.56,13.0,$1.06,19.25,$0.88,23.2,$0.48,42.54,$0.34B,$0.04B,9.0,$0.00B,$0.45B,0.0,$0.31B,$0.30B,96.50%,$0.31B,$0.20B,64.97%,$0.31B,$0.20B,64.97%,$0.31B,$0.22B,69.75%,$0.31B,$0.21B,67.52%,$0.31B,$0.14B,45.86%,$0.14B,$0.45B,40.94%,$0.14B,$0.37B,53.04%,$0.14B,$0.49B,37.02%,$0.20B,$0.45B,58.00%,$95,$3,$93,$0,$22,$31,$64,$3,$67,$18,$49,$49,$49,$68,$64,$282,298,$0.17,$0.16,$298,$0,$4,$341,$26,$39,$81,$6,$152,$493,$38,$0,$1,$1,$39,$1,$191,$27,$454,$493,$143,$14,$-38,$-24,$-18,$0,$16,$-5,$31,$151,$-20,$0,$-4,$0,$-0,$-0,$-4,$-28,$0,$0,$0,$22,$22,$0,$36,$58,$184,$9,$0
