,Date,Stock Price,Book Value per Share,Price to Book Ratio,TTM Sales per Share,Price to Sales Ratio,TTM FCF per Share,Price to FCF Ratio,TTM Net EPS,PE Ratio,Current Assets,Current Liabilities,Current Ratio,Long Term Debt,Shareholder's Equity_x,Debt to Equity Ratio,TTM Revenue_x,TTM Gross Profit,Gross Margin,TTM Revenue_y,TTM Operating Income,Operating Margin,TTM Revenue_x,TTM EBIT,EBIT Margin,TTM Revenue_y,TTM EBITDA,EBITDA Margin,TTM Revenue_x,TTM Pre-Tax Income,Pre-Tax Margin,TTM Revenue_y,TTM Net Income_x,Net Margin,TTM Net Income_y,Shareholder's Equity_y,Return on Equity,TTM Net Income_x,Tangible Equity,Return on Tangible Equity,TTM Net Income_y,Total Assets,Return on Assets,TTM Net Income,LT Investments & Debt,Return on Investment,revenue,cost-goods-sold,gross-profit,research-development-expenses,selling-general-administrative-expenses,operating-expenses,operating-income,total-non-operating-income-expense,pre-tax-income,total-provision-income-taxes,income-after-taxes,income-from-continuous-operations,net-income,ebitda,ebit,basic-shares-outstanding,shares-outstanding,eps-basic-net-earnings-per-share,eps-earnings-per-share-diluted,cash-on-hand,inventory,other-current-assets,total-current-assets,net-property-plant-equipment,long-term-investments,goodwill-intangible-assets-total,other-long-term-assets,total-long-term-assets,total-assets,total-current-liabilities,long-term-debt,other-non-current-liabilities,total-long-term-liabilities,total-liabilities,common-stock-net,retained-earnings-accumulated-deficit,comprehensive-income,total-share-holder-equity,total-liabilities-share-holders-equity,net-income-loss,total-depreciation-amortization-cash-flow,other-non-cash-items,total-non-cash-items,change-in-accounts-receivable,change-in-inventories,change-in-accounts-payable,change-in-assets-liabilities,total-change-in-assets-liabilities,cash-flow-from-operating-activities,net-change-in-property-plant-equipment,net-change-in-intangible-assets,net-acquisitions-divestitures,net-change-in-short-term-investments,net-change-in-long-term-investments,net-change-in-investments-total,investing-activities-other,cash-flow-from-investing-activities,net-long-term-debt,net-current-debt,debt-issuance-retirement-net-total,net-common-equity-issued-repurchased,net-total-equity-issued-repurchased,total-common-preferred-stock-dividends-paid,financial-activities-other,cash-flow-from-financial-activities,net-cash-flow,stock-based-compensation,common-stock-dividends-paid
0,2018-09-30,153.75,$24.51,6.27,$43.20,3.56,$11.16,13.78,$5.57,27.6,$1.31B,$0.60B,2.17,$0.35B,$1.33B,0.26,$2.37B,$1.27B,53.67%,$2.37B,$0.36B,15.26%,$2.37B,$0.36B,15.26%,$2.37B,$0.43B,18.09%,$2.37B,$0.35B,14.84%,$2.37B,$0.31B,12.90%,$0.31B,$1.33B,24.63%,$0.31B,$0.52B,74.23%,$0.31B,$2.33B,13.81%,$0.36B,$1.68B,22.75%,$655,$280,$375,$0,$81,$557,$98,$-2,$96,$12,$85,$85,$85,$115,$98,$54,55,$1.55,$1.54,$491,$0,$339,$1306,$155,$0,$815,$35,$1020,$2326,$602,$349,$32,$389,$991,$5,$873,$-65,$1334,$2326,$234,$51,$22,$73,$5,$0,$-3,$-104,$-100,$208,$-28,$0,$-2,$13,$0,$13,$0,$-17,$0,$0,$0,$-42,$-42,$0,$-1,$-43,$143,$25,$0
1,2018-06-30,132.53,$22.80,5.81,$39.31,3.37,$12.52,10.58,$5.38,24.63,$1.15B,$0.55B,2.1,$0.35B,$1.24B,0.28,$2.16B,$1.08B,50.02%,$2.16B,$0.35B,16.18%,$2.16B,$0.35B,16.18%,$2.16B,$0.42B,19.24%,$2.16B,$0.34B,15.67%,$2.16B,$0.30B,13.68%,$0.30B,$1.24B,24.77%,$0.30B,$0.42B,83.16%,$0.30B,$2.17B,13.73%,$0.35B,$1.59B,22.67%,$642,$280,$362,$0,$81,$560,$82,$-2,$80,$8,$72,$72,$72,$99,$82,$54,55,$1.33,$1.31,$373,$0,$275,$1149,$155,$0,$820,$34,$1026,$2174,$548,$349,$31,$387,$936,$5,$791,$-66,$1239,$2174,$150,$34,$13,$47,$-27,$0,$-3,$-84,$-117,$80,$-17,$0,$-2,$-6,$0,$-6,$0,$-25,$0,$0,$0,$-44,$-44,$0,$-1,$-45,$6,$16,$0
2,2018-03-31,118.14,$22.40,5.27,$35.52,3.33,$14.19,8.32,$5.26,22.46,$1.16B,$0.63B,1.85,$0.35B,$1.21B,0.29,$1.95B,$0.90B,46.15%,$1.95B,$0.35B,17.73%,$1.95B,$0.35B,17.73%,$1.95B,$0.41B,20.97%,$1.95B,$0.33B,17.11%,$1.95B,$0.29B,14.80%,$0.29B,$1.21B,25.30%,$0.29B,$0.36B,84.96%,$0.29B,$2.22B,13.84%,$0.35B,$1.55B,23.20%,$620,$272,$348,$0,$81,$528,$92,$-3,$89,$11,$78,$78,$78,$109,$92,$54,55,$1.45,$1.42,$354,$0,$293,$1164,$161,$0,$844,$33,$1056,$2219,$628,$349,$30,$386,$1014,$5,$736,$-27,$1205,$2219,$78,$17,$6,$23,$-13,$0,$-7,$-45,$-60,$40,$-8,$0,$-2,$-4,$0,$-4,$0,$-14,$0,$0,$0,$-37,$-37,$0,$-1,$-38,$-11,$9,$0
3,2017-12-31,112.15,$22.02,5.09,$32.04,3.5,$16.34,6.87,$5.13,21.86,$1.10B,$0.57B,1.95,$0.35B,$1.19B,0.29,$1.76B,$0.73B,41.58%,$1.76B,$0.34B,19.28%,$1.76B,$0.34B,19.28%,$1.76B,$0.40B,22.70%,$1.76B,$0.33B,18.60%,$1.76B,$0.28B,15.98%,$0.28B,$1.19B,26.18%,$0.28B,$0.35B,88.57%,$0.28B,$2.15B,14.12%,$0.34B,$1.54B,23.84%,$455,$267,$188,$0,$82,$365,$90,$-3,$87,$16,$71,$71,$71,$106,$90,$54,55,$1.32,$1.30,$360,$0,$269,$1101,$163,$0,$841,$34,$1046,$2147,$566,$349,$33,$390,$956,$5,$744,$-39,$1191,$2147,$281,$61,$40,$101,$58,$0,$7,$-62,$0,$383,$-45,$0,$-124,$-9,$0,$-9,$0,$-178,$0,$0,$0,$-119,$-119,$0,$-0,$-119,$90,$31,$0
4,2017-09-30,113.88,$20.82,5.47,$31.46,3.62,$14.01,8.13,$5.16,22.07,$1.00B,$0.53B,1.9,$0.35B,$1.13B,0.31,$1.74B,$0.73B,41.83%,$1.74B,$0.33B,19.22%,$1.74B,$0.33B,19.22%,$1.74B,$0.39B,22.61%,$1.74B,$0.32B,18.53%,$1.74B,$0.28B,16.34%,$0.28B,$1.13B,28.06%,$0.28B,$0.29B,95.38%,$0.28B,$2.05B,14.87%,$0.33B,$1.48B,24.55%,$440,$260,$181,$0,$79,$355,$85,$-3,$82,$8,$74,$74,$74,$101,$85,$54,55,$1.37,$1.35,$292,$0,$255,$1002,$152,$0,$838,$32,$1051,$2053,$527,$349,$39,$399,$926,$5,$698,$-46,$1128,$2053,$210,$45,$28,$73,$90,$0,$1,$-98,$-6,$277,$-24,$0,$-125,$-14,$0,$-14,$0,$-163,$0,$0,$0,$-100,$-100,$0,$-0,$-100,$17,$27,$0
5,2017-06-30,97.79,$19.05,5.13,$30.84,3.17,$11.14,8.78,$4.94,19.8,$1.03B,$0.49B,2.11,$0.35B,$1.03B,0.34,$1.72B,$0.72B,42.08%,$1.72B,$0.33B,18.98%,$1.72B,$0.33B,18.98%,$1.72B,$0.38B,22.35%,$1.72B,$0.31B,18.28%,$1.72B,$0.27B,15.95%,$0.27B,$1.03B,28.02%,$0.27B,$0.36B,91.03%,$0.27B,$1.90B,14.64%,$0.33B,$1.38B,24.34%,$431,$250,$181,$0,$81,$353,$78,$-3,$75,$11,$65,$65,$65,$92,$78,$54,55,$1.20,$1.19,$315,$0,$249,$1025,$150,$0,$674,$28,$879,$1904,$487,$349,$35,$388,$875,$5,$623,$-61,$1030,$1904,$136,$29,$18,$47,$60,$0,$-1,$-77,$-14,$168,$-15,$0,$0,$-18,$0,$-18,$0,$-33,$0,$0,$0,$-102,$-102,$0,$-0,$-102,$36,$19,$0
6,2017-03-31,79.72,$17.56,4.54,$30.19,2.64,$9.34,8.53,$4.89,16.3,$0.98B,$0.52B,1.91,$0.35B,$0.95B,0.37,$1.70B,$0.72B,42.11%,$1.70B,$0.32B,18.96%,$1.70B,$0.32B,18.96%,$1.70B,$0.38B,22.38%,$1.70B,$0.31B,18.26%,$1.70B,$0.27B,15.90%,$0.27B,$0.95B,28.48%,$0.27B,$0.27B,97.30%,$0.27B,$1.86B,14.73%,$0.32B,$1.29B,24.59%,$432,$250,$181,$0,$81,$346,$86,$-3,$83,$12,$71,$71,$71,$100,$86,$54,55,$1.31,$1.29,$319,$0,$226,$982,$149,$0,$670,$24,$873,$1855,$516,$349,$42,$395,$911,$5,$570,$-80,$945,$1855,$71,$14,$5,$19,$76,$0,$5,$-22,$69,$159,$-8,$0,$0,$-13,$0,$-13,$0,$-22,$0,$0,$0,$-94,$-94,$0,$-0,$-94,$45,$9,$0
7,2016-12-31,75.2,$17.33,4.34,$29.51,2.55,$7.53,9.98,$4.72,15.93,$0.96B,$0.49B,1.94,$0.35B,$0.95B,0.37,$1.67B,$0.71B,42.35%,$1.67B,$0.31B,18.72%,$1.67B,$0.31B,18.72%,$1.67B,$0.37B,22.26%,$1.67B,$0.30B,18.00%,$1.67B,$0.26B,15.72%,$0.26B,$0.95B,28.39%,$0.26B,$0.27B,102.34%,$0.26B,$1.83B,14.41%,$0.31B,$1.29B,24.29%,$435,$252,$184,$0,$84,$350,$85,$-3,$82,$7,$74,$74,$74,$100,$85,$55,56,$1.36,$1.32,$261,$0,$193,$958,$149,$0,$673,$27,$868,$1826,$494,$349,$33,$386,$881,$5,$589,$-86,$945,$1826,$262,$60,$41,$100,$3,$0,$1,$-106,$-103,$259,$-43,$0,$-51,$19,$0,$19,$0,$-75,$0,$0,$0,$-100,$-100,$0,$6,$-94,$89,$40,$0
8,2016-09-30,77.37,$17.77,4.35,$28.49,2.72,$7.50,10.32,$4.50,17.19,$1.01B,$0.46B,2.2,$0.40B,$0.99B,0.41,$1.64B,$0.70B,42.57%,$1.64B,$0.30B,18.47%,$1.64B,$0.30B,18.47%,$1.64B,$0.36B,22.14%,$1.64B,$0.29B,17.80%,$1.64B,$0.25B,15.41%,$0.25B,$0.99B,28.73%,$0.25B,$0.30B,117.07%,$0.25B,$1.90B,14.07%,$0.30B,$1.39B,24.38%,$420,$243,$177,$0,$81,$343,$77,$-3,$74,$10,$64,$64,$64,$92,$77,$56,57,$1.15,$1.13,$304,$0,$197,$1009,$151,$0,$690,$26,$892,$1900,$458,$401,$44,$451,$909,$5,$625,$-65,$992,$1900,$188,$44,$30,$74,$18,$0,$-3,$-152,$-133,$129,$-29,$0,$-52,$2,$0,$2,$0,$-79,$53,$0,$53,$7,$7,$0,$5,$66,$115,$31,$0
9,2016-06-30,70.01,$16.41,4.27,$27.61,2.54,$7.84,8.93,$4.39,15.95,$0.91B,$0.46B,1.99,$0.35B,$0.91B,0.38,$1.61B,$0.69B,42.67%,$1.61B,$0.30B,18.39%,$1.61B,$0.30B,18.39%,$1.61B,$0.36B,22.11%,$1.61B,$0.29B,17.89%,$1.61B,$0.25B,15.53%,$0.25B,$0.91B,29.59%,$0.25B,$0.26B,123.76%,$0.25B,$1.75B,14.13%,$0.30B,$1.26B,26.76%,$411,$238,$173,$0,$80,$337,$74,$-3,$71,$10,$61,$61,$61,$88,$74,$55,57,$1.10,$1.08,$251,$0,$190,$909,$151,$0,$648,$24,$841,$1750,$457,$348,$31,$383,$840,$5,$561,$-64,$910,$1750,$124,$30,$23,$53,$43,$0,$-1,$-141,$-100,$77,$-20,$0,$-2,$4,$0,$4,$0,$-17,$0,$0,$0,$2,$2,$0,$2,$5,$65,$21,$0
10,2016-03-31,75.1,$15.32,4.9,$26.64,2.82,$7.88,9.53,$4.20,17.88,$0.94B,$0.57B,1.66,$0.35B,$0.84B,0.41,$1.59B,$0.68B,42.70%,$1.59B,$0.29B,18.26%,$1.59B,$0.29B,18.26%,$1.59B,$0.35B,22.04%,$1.59B,$0.29B,17.95%,$1.59B,$0.25B,15.62%,$0.25B,$0.84B,28.41%,$0.25B,$0.19B,104.64%,$0.25B,$1.80B,14.25%,$0.29B,$1.19B,27.70%,$401,$229,$172,$0,$81,$325,$76,$-3,$73,$10,$63,$63,$63,$91,$76,$55,56,$1.14,$1.12,$248,$0,$239,$938,$150,$0,$655,$26,$858,$1796,$566,$348,$34,$387,$952,$5,$500,$-59,$844,$1796,$63,$15,$4,$20,$47,$0,$-1,$-78,$-23,$59,$-8,$0,$0,$0,$0,$0,$0,$-8,$0,$0,$0,$1,$1,$0,$4,$5,$57,$10,$0
11,2015-12-31,77.7,$13.88,5.6,$25.79,3.01,$7.78,9.99,$3.98,19.52,$0.86B,$0.57B,1.51,$0.35B,$0.76B,0.46,$1.58B,$0.67B,42.29%,$1.58B,$0.28B,17.84%,$1.58B,$0.28B,17.84%,$1.58B,$0.34B,21.59%,$1.58B,$0.28B,17.71%,$1.58B,$0.24B,15.30%,$0.24B,$0.76B,26.43%,$0.24B,$0.11B,84.34%,$0.24B,$1.72B,14.24%,$0.28B,$1.11B,28.14%,$403,$229,$174,$0,$83,$328,$75,$-2,$73,$10,$64,$64,$64,$91,$75,$59,60,$1.13,$1.10,$190,$0,$174,$863,$150,$0,$655,$23,$854,$1717,$572,$348,$29,$382,$954,$5,$437,$-62,$763,$1717,$240,$58,$36,$94,$-19,$0,$3,$-38,$-54,$279,$-50,$0,$-166,$12,$0,$12,$0,$-204,$350,$0,$350,$-437,$-437,$0,$6,$-81,$-15,$33,$0
12,2015-09-30,70.97,$15.08,4.71,$25.40,2.79,$6.19,11.46,$3.74,18.98,$1.02B,$0.91B,1.12,$0.00B,$0.86B,0.0,$1.56B,$0.65B,41.74%,$1.56B,$0.26B,16.52%,$1.56B,$0.26B,16.52%,$1.56B,$0.32B,20.17%,$1.56B,$0.26B,16.52%,$1.56B,$0.23B,14.79%,$0.23B,$0.86B,24.10%,$0.23B,$0.25B,62.81%,$0.23B,$1.81B,14.04%,$0.26B,$0.86B,26.92%,$395,$227,$168,$0,$82,$323,$71,$-1,$71,$9,$62,$62,$62,$86,$71,$59,60,$1.05,$1.02,$317,$0,$196,$1017,$149,$0,$614,$26,$796,$1813,$910,$0,$29,$40,$950,$5,$544,$-58,$863,$1813,$176,$43,$23,$66,$-8,$0,$1,$-81,$-78,$163,$-36,$0,$-103,$16,$0,$16,$0,$-123,$350,$0,$350,$-269,$-269,$0,$2,$84,$116,$24,$0
13,2015-06-30,67.3,$0.00,0.0,$24.98,2.69,$5.22,12.89,$3.51,19.17,$0.83B,$0.57B,1.46,$0.00B,$1.02B,0.0,$1.56B,$0.64B,41.29%,$1.56B,$0.25B,15.82%,$1.56B,$0.25B,15.82%,$1.56B,$0.30B,19.42%,$1.56B,$0.25B,15.88%,$1.56B,$0.22B,14.08%,$0.22B,$1.02B,22.00%,$0.22B,$0.40B,51.23%,$0.22B,$1.64B,13.81%,$0.25B,$1.02B,24.71%,$389,$225,$164,$0,$81,$321,$68,$-0,$68,$10,$59,$59,$59,$82,$68,$60,62,$0.97,$0.95,$192,$0,$68,$832,$0,$17,$620,$12,$657,$1636,$572,$0,$29,$42,$614,$5,$711,$0,$1022,$1636,$114,$28,$17,$45,$21,$0,$3,$-97,$-71,$89,$-24,$0,$-103,$13,$0,$13,$0,$-115,$60,$0,$60,$-47,$-47,$0,$2,$15,$-11,$15,$0
14,2015-03-31,70.53,$0.00,0.0,$24.62,2.86,$3.71,19.03,$3.20,22.04,$0.81B,$0.56B,1.45,$0.00B,$1.00B,0.0,$1.54B,$0.63B,40.66%,$1.54B,$0.23B,14.66%,$1.54B,$0.23B,14.66%,$1.54B,$0.28B,18.22%,$1.54B,$0.23B,14.72%,$1.54B,$0.20B,13.04%,$0.20B,$1.00B,20.31%,$0.20B,$0.38B,45.40%,$0.20B,$1.61B,12.90%,$0.23B,$1.00B,22.84%,$388,$228,$160,$0,$80,$322,$67,$-0,$67,$11,$56,$56,$56,$81,$67,$60,62,$0.93,$0.90,$192,$0,$66,$812,$0,$0,$616,$26,$652,$1605,$559,$0,$29,$47,$606,$5,$711,$0,$999,$1605,$56,$14,$6,$20,$16,$0,$0,$-34,$-15,$61,$-11,$0,$-103,$1,$0,$1,$0,$-113,$20,$0,$20,$8,$8,$0,$2,$30,$-24,$6,$0
15,2014-12-31,50.99,$15.81,3.23,$23.88,2.14,$3.41,14.97,$2.87,17.77,$0.82B,$0.54B,1.52,$0.00B,$0.95B,0.0,$1.50B,$0.60B,39.89%,$1.50B,$0.20B,13.43%,$1.50B,$0.20B,13.43%,$1.50B,$0.25B,16.89%,$1.50B,$0.20B,13.50%,$1.50B,$0.18B,12.03%,$0.18B,$0.95B,18.47%,$0.18B,$0.44B,36.90%,$0.18B,$1.53B,11.84%,$0.20B,$0.95B,20.61%,$390,$230,$160,$0,$94,$338,$52,$0,$52,$7,$45,$54,$54,$66,$52,$60,62,$0.89,$0.87,$216,$0,$146,$820,$148,$0,$513,$27,$709,$1529,$538,$0,$27,$40,$579,$5,$655,$-38,$950,$1529,$172,$52,$14,$52,$-7,$0,$-11,$-55,$-70,$170,$-33,$0,$-121,$42,$0,$41,$0,$-112,$0,$0,$0,$-118,$-118,$0,$1,$-116,$-64,$23,$0
16,2014-09-30,57.23,$0.00,0.0,$23.07,2.48,$4.24,13.49,$2.53,22.62,$0.86B,$0.54B,1.6,$0.00B,$1.01B,0.0,$1.46B,$0.57B,39.07%,$1.46B,$0.18B,12.34%,$1.46B,$0.18B,12.34%,$1.46B,$0.23B,15.70%,$1.46B,$0.19B,13.02%,$1.46B,$0.16B,10.97%,$0.16B,$1.01B,16.49%,$0.16B,$0.49B,31.27%,$0.16B,$1.57B,10.62%,$0.18B,$1.01B,18.55%,$388,$230,$158,$0,$84,$328,$59,$0,$60,$9,$50,$50,$50,$73,$59,$62,63,$0.81,$0.79,$249,$0,$59,$860,$0,$0,$523,$25,$558,$1573,$536,$0,$14,$25,$562,$5,$707,$0,$1011,$1573,$127,$38,$15,$53,$-7,$0,$-8,$-69,$-85,$95,$-23,$0,$-118,$43,$0,$43,$0,$-97,$0,$0,$0,$-26,$-26,$0,$2,$-24,$-29,$16,$0
17,2014-06-30,47.11,$0.00,0.0,$22.40,2.1,$4.71,10.0,$2.19,21.51,$0.80B,$0.50B,1.59,$0.00B,$1.00B,0.0,$1.41B,$0.54B,38.13%,$1.41B,$0.15B,10.91%,$1.41B,$0.15B,10.91%,$1.41B,$0.20B,14.25%,$1.41B,$0.16B,11.55%,$1.41B,$0.14B,9.78%,$0.14B,$1.00B,14.82%,$0.14B,$0.46B,27.29%,$0.14B,$1.53B,9.49%,$0.15B,$1.00B,16.54%,$376,$227,$149,$0,$88,$328,$48,$-0,$48,$7,$41,$41,$41,$61,$48,$62,63,$0.66,$0.64,$175,$0,$100,$798,$0,$0,$535,$23,$567,$1526,$503,$0,$14,$25,$527,$5,$689,$0,$998,$1526,$77,$24,$0,$24,$0,$0,$0,$0,$-132,$-16,$-13,$0,$-118,$0,$0,$45,$0,$-86,$0,$0,$0,$0,$2,$0,$-0,$1,$-101,$0,$0
18,2014-03-31,47.55,$0.00,0.0,$21.86,2.17,$6.19,7.68,$1.91,24.9,$0.91B,$0.50B,1.81,$0.00B,$0.96B,0.0,$1.37B,$0.51B,37.18%,$1.37B,$0.14B,10.01%,$1.37B,$0.14B,10.01%,$1.37B,$0.18B,13.29%,$1.37B,$0.14B,10.30%,$1.37B,$0.12B,8.69%,$0.12B,$0.96B,13.49%,$0.12B,$0.57B,24.09%,$0.12B,$1.49B,8.53%,$0.14B,$0.96B,15.53%,$350,$216,$133,$0,$79,$307,$43,$0,$43,$7,$36,$36,$36,$54,$43,$62,63,$0.59,$0.57,$364,$0,$75,$906,$0,$0,$387,$27,$422,$1485,$500,$0,$13,$24,$524,$5,$660,$0,$961,$1485,$36,$11,$0,$11,$0,$0,$0,$0,$-8,$39,$-6,$0,$0,$0,$0,$12,$0,$5,$0,$0,$0,$0,$10,$0,$1,$11,$54,$0,$0
19,2013-12-31,40.42,$14.79,2.73,$23.17,1.74,$6.66,6.07,$1.65,24.49,$0.85B,$0.50B,1.7,$0.00B,$0.91B,0.0,$1.44B,$0.59B,41.24%,$1.44B,$0.22B,15.58%,$1.44B,$0.22B,15.58%,$1.44B,$0.27B,18.71%,$1.44B,$0.12B,8.41%,$1.44B,$0.10B,7.09%,$0.10B,$0.91B,12.23%,$0.10B,$0.52B,22.87%,$0.10B,$1.44B,7.66%,$0.22B,$0.91B,26.86%,$345,$215,$130,$0,$88,$316,$30,$115,$39,$5,$33,$33,$33,$41,$30,$61,63,$0.54,$0.53,$321,$0,$62,$853,$425,$0,$389,$32,$853,$1442,$501,$0,$18,$31,$532,$5,$624,$2,$911,$1442,$103,$46,$4,$46,$-38,$0,$-2,$113,$0,$221,$-29,$0,$-94,$-62,$0,$-62,$1,$-184,$0,$0,$0,$27,$29,$0,$0,$29,$68,$14,$0
20,2013-09-30,40.93,$0.00,0.0,$22.61,1.81,$4.96,8.25,$1.46,28.03,$0.78B,$0.48B,1.63,$0.00B,$0.86B,0.0,$1.39B,$0.57B,40.99%,$1.39B,$0.21B,15.29%,$1.39B,$0.21B,15.29%,$1.39B,$0.26B,18.45%,$1.39B,$0.11B,7.68%,$1.39B,$0.09B,6.46%,$0.09B,$0.86B,11.32%,$0.09B,$0.46B,21.60%,$0.09B,$1.36B,7.08%,$0.21B,$0.86B,26.79%,$340,$214,$126,$0,$81,$307,$33,$-106,$33,$5,$28,$28,$28,$45,$33,$61,62,$0.46,$0.45,$219,$0,$65,$775,$0,$0,$391,$27,$424,$1362,$476,$0,$21,$32,$508,$5,$590,$0,$855,$1362,$69,$34,$0,$34,$0,$0,$0,$0,$15,$124,$-23,$0,$-93,$0,$0,$16,$-2,$-102,$0,$0,$0,$0,$19,$0,$0,$19,$42,$0,$0
21,2013-06-30,35.43,$0.00,0.0,$21.90,1.62,$4.67,7.59,$1.30,27.25,$0.71B,$0.46B,1.56,$0.00B,$0.80B,0.0,$1.34B,$0.55B,40.85%,$1.34B,$0.20B,15.01%,$1.34B,$0.20B,15.01%,$1.34B,$0.24B,18.15%,$1.34B,$0.10B,7.09%,$1.34B,$0.08B,5.97%,$0.08B,$0.80B,10.51%,$0.08B,$0.42B,20.33%,$0.08B,$1.29B,6.58%,$0.20B,$0.80B,26.41%,$334,$214,$120,$0,$78,$303,$31,$-5,$26,$4,$22,$22,$22,$42,$31,$61,62,$0.37,$0.36,$184,$0,$49,$710,$0,$0,$386,$30,$421,$1293,$456,$0,$23,$35,$491,$5,$562,$0,$802,$1293,$42,$23,$0,$23,$0,$0,$0,$0,$12,$80,$-17,$0,$-78,$0,$0,$-7,$-2,$-104,$0,$0,$0,$0,$11,$0,$0,$11,$-16,$0,$0
22,2013-03-31,32.29,$0.00,0.0,$21.07,1.53,$4.58,7.05,$1.15,28.08,$0.66B,$0.43B,1.53,$0.00B,$0.77B,0.0,$1.28B,$0.52B,40.87%,$1.28B,$0.19B,14.59%,$1.28B,$0.19B,14.59%,$1.28B,$0.23B,17.86%,$1.28B,$0.08B,6.24%,$1.28B,$0.07B,5.54%,$0.07B,$0.77B,9.71%,$0.07B,$0.38B,18.96%,$0.07B,$1.23B,6.08%,$0.19B,$0.77B,25.56%,$419,$202,$217,$0,$76,$289,$130,$-5,$23,$4,$19,$19,$19,$141,$130,$60,61,$0.32,$0.31,$200,$0,$60,$656,$0,$0,$386,$21,$413,$1231,$427,$0,$24,$36,$463,$5,$540,$0,$768,$1231,$19,$11,$0,$11,$0,$0,$0,$0,$38,$69,$-9,$0,$-51,$0,$0,$17,$-4,$-47,$0,$0,$0,$0,$5,$0,$0,$5,$23,$0,$0
23,2012-12-31,27.76,$0.00,0.0,$19.89,1.4,$4.49,6.18,$0.99,28.04,$0.66B,$0.41B,1.61,$0.00B,$0.76B,0.0,$1.21B,$0.49B,40.46%,$1.21B,$0.16B,13.18%,$1.21B,$0.16B,13.18%,$1.21B,$0.20B,16.67%,$1.21B,$0.07B,5.64%,$1.21B,$0.06B,5.06%,$0.06B,$0.76B,8.53%,$0.06B,$0.41B,16.67%,$0.06B,$1.20B,5.34%,$0.16B,$0.76B,22.24%,$300,$192,$108,$0,$79,$281,$19,$5,$25,$3,$21,$21,$21,$29,$19,$60,61,$0.35,$0.34,$190,$0,$62,$664,$0,$0,$350,$15,$370,$1202,$413,$0,$21,$34,$448,$5,$521,$0,$755,$1202,$55,$43,$1,$43,$-79,$0,$1,$100,$14,$113,$-31,$0,$-70,$-20,$0,$-20,$0,$-121,$0,$0,$0,$-3,$-1,$0,$0,$-1,$-5,$12,$0
24,2012-09-30,24.37,$0.00,0.0,$18.94,1.29,$2.88,8.45,$0.72,33.85,$0.59B,$0.38B,1.54,$0.00B,$0.72B,0.0,$1.15B,$0.46B,40.38%,$1.15B,$0.15B,12.79%,$1.15B,$0.15B,12.79%,$1.15B,$0.19B,16.45%,$1.15B,$0.05B,4.26%,$1.15B,$0.04B,3.83%,$0.04B,$0.72B,6.32%,$0.04B,$0.37B,12.06%,$0.04B,$1.14B,4.00%,$0.15B,$0.72B,21.10%,$286,$183,$102,$0,$71,$265,$21,$-0,$21,$3,$18,$18,$18,$31,$21,$60,60,$0.30,$0.29,$180,$0,$68,$593,$0,$0,$348,$19,$377,$1135,$384,$0,$13,$32,$416,$5,$500,$0,$719,$1135,$35,$32,$0,$32,$0,$0,$0,$0,$35,$101,$-22,$0,$-66,$0,$0,$-5,$0,$-93,$0,$0,$0,$0,$-10,$0,$1,$-9,$0,$0,$0
25,2012-06-30,22.53,$0.00,0.0,$18.16,1.24,$0.88,25.55,$0.39,57.77,$0.57B,$0.37B,1.53,$0.00B,$0.68B,0.0,$1.10B,$0.44B,40.22%,$1.10B,$0.13B,11.50%,$1.10B,$0.13B,11.50%,$1.10B,$0.17B,15.31%,$1.10B,$0.02B,2.17%,$1.10B,$0.02B,2.08%,$0.02B,$0.68B,3.33%,$0.02B,$0.34B,6.15%,$0.02B,$1.11B,2.13%,$0.13B,$0.68B,18.37%,$277,$180,$97,$0,$69,$260,$17,$-6,$11,$3,$8,$13,$13,$28,$17,$60,61,$0.21,$0.21,$168,$0,$173,$569,$0,$0,$344,$20,$374,$1105,$371,$0,$30,$50,$421,$5,$482,$0,$684,$1105,$17,$22,$0,$22,$0,$0,$0,$0,$33,$72,$-16,$0,$-49,$0,$0,$-18,$0,$-82,$0,$0,$0,$0,$-12,$0,$1,$-12,$-24,$0,$0
26,2012-03-31,21.22,$0.00,0.0,$17.40,1.22,$-0.45,0.0,$0.39,54.41,$0.57B,$0.37B,1.54,$0.00B,$0.70B,0.0,$1.06B,$0.43B,40.47%,$1.06B,$0.13B,11.89%,$1.06B,$0.13B,11.89%,$1.06B,$0.17B,15.66%,$1.06B,$0.03B,2.74%,$1.06B,$0.02B,2.17%,$0.02B,$0.70B,3.29%,$0.02B,$0.35B,5.61%,$0.02B,$1.13B,2.18%,$0.13B,$0.70B,18.05%,$343,$162,$181,$0,$68,$241,$102,$-0,$11,$3,$9,$9,$9,$113,$102,$60,61,$0.15,$0.15,$206,$0,$59,$573,$0,$0,$354,$17,$382,$1126,$371,$0,$31,$53,$424,$5,$489,$0,$702,$1126,$9,$11,$0,$11,$0,$0,$0,$0,$42,$61,$-7,$0,$-46,$0,$0,$-22,$0,$-74,$0,$0,$0,$0,$1,$0,$19,$20,$10,$0,$0
27,2011-12-31,17.11,$0.00,0.0,$16.76,1.02,$-1.53,0.0,$0.38,45.03,$0.56B,$0.31B,1.83,$0.00B,$0.68B,0.0,$1.02B,$0.41B,39.98%,$1.02B,$0.12B,11.34%,$1.02B,$0.12B,11.34%,$1.02B,$0.15B,15.05%,$1.02B,$0.03B,2.83%,$1.02B,$0.02B,2.15%,$0.02B,$0.68B,3.16%,$0.02B,$0.40B,5.01%,$0.02B,$1.04B,2.14%,$0.12B,$0.68B,16.67%,$243,$158,$84,$0,$67,$236,$7,$-1,$6,$2,$4,$4,$4,$17,$7,$60,61,$0.07,$0.07,$174,$0,$58,$560,$0,$0,$282,$15,$307,$1035,$307,$0,$27,$47,$354,$5,$481,$0,$682,$1035,$23,$39,$0,$39,$0,$0,$0,$0,$-45,$20,$-35,$0,$-62,$0,$0,$-56,$0,$-152,$0,$0,$0,$0,$-4,$0,$0,$-4,$-136,$0,$0
28,2011-09-30,16.08,$0.00,0.0,$16.58,0.97,$-0.35,0.0,$0.67,24.0,$0.57B,$0.29B,1.95,$0.00B,$0.70B,0.0,$1.01B,$0.42B,41.21%,$1.01B,$0.22B,21.84%,$1.01B,$0.22B,21.84%,$1.01B,$0.26B,25.49%,$1.01B,$0.05B,4.55%,$1.01B,$0.04B,3.95%,$0.04B,$0.70B,5.77%,$0.04B,$0.41B,8.68%,$0.04B,$1.05B,3.98%,$0.22B,$0.70B,31.89%,$241,$158,$82,$0,$72,$240,$1,$-5,$-4,$-1,$-3,$-3,$-3,$11,$1,$60,61,$-0.04,$-0.04,$166,$0,$72,$568,$0,$0,$290,$5,$306,$1046,$291,$0,$42,$58,$348,$5,$486,$0,$697,$1046,$19,$28,$0,$28,$0,$0,$0,$0,$-63,$-18,$-25,$0,$-54,$0,$0,$-40,$0,$-119,$0,$0,$0,$0,$3,$0,$0,$3,$-129,$0,$0
29,2011-06-30,23.56,$0.00,0.0,$16.35,1.44,$0.86,27.44,$1.04,22.65,$0.60B,$0.27B,2.2,$0.00B,$0.71B,0.0,$1.00B,$0.42B,42.27%,$1.00B,$0.24B,23.90%,$1.00B,$0.24B,23.90%,$1.00B,$0.27B,27.41%,$1.00B,$0.07B,6.83%,$1.00B,$0.06B,6.33%,$0.06B,$0.71B,9.26%,$0.06B,$0.49B,13.28%,$0.06B,$1.01B,6.44%,$0.24B,$0.71B,34.97%,$233,$151,$82,$0,$57,$218,$16,$0,$16,$3,$13,$13,$13,$25,$16,$60,61,$0.22,$0.21,$216,$0,$66,$596,$0,$0,$227,$5,$243,$1014,$271,$0,$17,$31,$302,$5,$489,$0,$712,$1014,$21,$18,$0,$18,$0,$0,$0,$0,$-53,$-12,$-13,$0,$-27,$0,$0,$-40,$0,$-80,$0,$0,$0,$0,$2,$0,$0,$3,$-80,$0,$0
30,2011-03-31,21.59,$0.00,0.0,$16.21,1.33,$1.84,11.75,$1.21,17.84,$0.60B,$0.29B,2.05,$0.00B,$0.69B,0.0,$0.99B,$0.43B,43.77%,$0.99B,$0.25B,25.13%,$0.99B,$0.25B,25.13%,$0.99B,$0.28B,28.57%,$0.99B,$0.08B,7.90%,$0.99B,$0.07B,7.40%,$0.07B,$0.69B,11.20%,$0.07B,$0.47B,15.93%,$0.07B,$1.01B,7.72%,$0.25B,$0.69B,38.04%,$306,$144,$161,$0,$60,$213,$92,$-5,$11,$3,$8,$8,$8,$101,$92,$60,61,$0.14,$0.14,$232,$0,$53,$595,$0,$0,$228,$5,$243,$1014,$291,$0,$15,$30,$321,$5,$476,$0,$693,$1014,$8,$9,$0,$9,$0,$0,$0,$0,$-18,$-5,$-6,$0,$-21,$0,$0,$-40,$0,$-67,$0,$0,$0,$0,$1,$0,$0,$1,$-64,$0,$0
31,2010-12-31,21.9,$0.00,0.0,$16.34,1.34,$2.14,10.22,$1.44,15.21,$0.58B,$0.25B,2.32,$0.00B,$0.67B,0.0,$0.99B,$0.45B,45.31%,$0.99B,$0.18B,18.47%,$0.99B,$0.18B,18.47%,$0.99B,$0.22B,21.90%,$0.99B,$0.09B,9.49%,$0.99B,$0.09B,8.78%,$0.09B,$0.67B,13.92%,$0.09B,$0.49B,19.61%,$0.09B,$0.95B,9.49%,$0.18B,$0.67B,29.28%,$232,$140,$92,$0,$-29,$120,$112,$0,$23,$0,$22,$22,$22,$121,$112,$60,61,$0.37,$0.36,$256,$0,$58,$580,$0,$0,$184,$5,$199,$950,$250,$0,$15,$29,$280,$5,$468,$0,$670,$950,$87,$34,$0,$34,$0,$0,$0,$0,$-43,$87,$-31,$0,$-4,$0,$0,$49,$0,$15,$0,$0,$0,$0,$15,$0,$-0,$15,$111,$0,$0
32,2010-09-30,21.62,$0.00,0.0,$16.30,1.33,$4.90,4.42,$1.59,13.6,$0.57B,$0.26B,2.17,$0.00B,$0.65B,0.0,$0.99B,$0.45B,45.94%,$0.99B,$0.10B,10.24%,$0.99B,$0.10B,10.24%,$0.99B,$0.14B,13.69%,$0.99B,$0.10B,10.14%,$0.99B,$0.10B,9.74%,$0.10B,$0.65B,15.99%,$0.10B,$0.46B,22.88%,$0.10B,$0.94B,10.59%,$0.10B,$0.65B,16.82%,$225,$139,$86,$0,$60,$207,$18,$0,$18,$-2,$20,$20,$20,$26,$18,$60,61,$0.33,$0.33,$231,$0,$54,$569,$0,$0,$185,$4,$195,$938,$263,$0,$17,$28,$291,$5,$445,$0,$647,$938,$65,$25,$0,$25,$0,$0,$0,$0,$-40,$56,$-24,$0,$-3,$0,$0,$49,$0,$22,$0,$0,$0,$0,$12,$0,$2,$14,$86,$0,$0
33,2010-06-30,28.89,$0.00,0.0,$16.27,1.78,$7.25,3.98,$1.66,17.4,$0.53B,$0.25B,2.13,$0.00B,$0.60B,0.0,$0.98B,$0.46B,46.89%,$0.98B,$0.11B,11.52%,$0.98B,$0.11B,11.52%,$0.98B,$0.15B,15.09%,$0.98B,$0.11B,11.42%,$0.98B,$0.10B,10.19%,$0.10B,$0.60B,17.42%,$0.10B,$0.42B,25.45%,$0.10B,$0.88B,11.08%,$0.11B,$0.60B,19.47%,$224,$131,$93,$0,$59,$198,$26,$0,$26,$3,$23,$23,$23,$34,$26,$60,61,$0.38,$0.38,$221,$0,$51,$529,$0,$0,$178,$4,$191,$882,$249,$0,$23,$36,$284,$5,$426,$0,$598,$882,$45,$17,$0,$17,$0,$0,$0,$0,$-13,$52,$-17,$0,$-1,$0,$0,$49,$0,$31,$0,$0,$0,$0,$9,$0,$2,$11,$76,$0,$0
34,2010-03-31,26.41,$0.00,0.0,$16.28,1.62,$8.55,3.09,$1.59,16.61,$0.54B,$0.28B,1.95,$0.00B,$0.59B,0.0,$0.98B,$0.46B,47.29%,$0.98B,$0.12B,11.87%,$0.98B,$0.12B,11.87%,$0.98B,$0.15B,15.46%,$0.98B,$0.11B,10.85%,$0.98B,$0.10B,9.83%,$0.10B,$0.59B,17.41%,$0.10B,$0.41B,26.00%,$0.10B,$0.90B,10.60%,$0.12B,$0.59B,20.50%,$310,$131,$178,$0,$143,$283,$27,$-0,$27,$4,$22,$22,$22,$36,$27,$59,60,$0.38,$0.37,$200,$0,$48,$536,$0,$0,$178,$4,$189,$897,$275,$0,$24,$37,$312,$5,$403,$0,$585,$897,$22,$9,$0,$9,$0,$0,$0,$0,$-16,$17,$-10,$0,$0,$0,$0,$19,$0,$9,$0,$0,$0,$0,$4,$0,$1,$6,$25,$0,$0
35,2009-12-31,21.73,$0.00,0.0,$14.82,1.47,$8.71,2.5,$1.57,13.84,$0.54B,$0.30B,1.79,$0.00B,$0.57B,0.0,$0.89B,$0.38B,42.84%,$0.89B,$0.12B,13.08%,$0.89B,$0.12B,13.08%,$0.89B,$0.15B,16.80%,$0.89B,$0.11B,11.84%,$0.89B,$0.10B,10.71%,$0.10B,$0.57B,18.14%,$0.10B,$0.39B,27.78%,$0.10B,$0.91B,10.62%,$0.12B,$0.57B,20.97%,$227,$131,$96,$0,$57,$198,$30,$-0,$29,$-2,$31,$31,$31,$39,$30,$59,60,$0.53,$0.51,$194,$0,$44,$535,$0,$0,$184,$4,$194,$908,$300,$0,$24,$37,$336,$5,$381,$0,$572,$908,$94,$33,$0,$33,$0,$0,$0,$0,$124,$255,$-34,$0,$-26,$0,$0,$-7,$1,$-66,$0,$-110,$0,$0,$4,$0,$0,$-105,$86,$0,$0
36,2009-09-30,24.49,$0.00,0.0,$15.97,1.53,$5.25,4.67,$1.41,17.37,$0.54B,$0.32B,1.68,$0.03B,$0.54B,0.05,$0.96B,$0.55B,57.91%,$0.96B,$0.29B,29.95%,$0.96B,$0.29B,29.95%,$0.96B,$0.32B,33.19%,$0.96B,$0.10B,10.68%,$0.96B,$0.09B,8.90%,$0.09B,$0.54B,17.18%,$0.09B,$0.36B,27.09%,$0.09B,$0.92B,9.61%,$0.29B,$0.57B,52.89%,$220,$127,$93,$0,$54,$190,$30,$-1,$30,$6,$24,$24,$24,$39,$30,$59,60,$0.41,$0.40,$173,$0,$45,$535,$0,$0,$185,$9,$204,$922,$320,$26,$22,$62,$381,$5,$350,$0,$541,$922,$63,$23,$0,$23,$0,$0,$0,$0,$114,$198,$-26,$0,$-26,$0,$0,$-60,$1,$-111,$0,$-81,$0,$0,$1,$0,$-0,$-80,$10,$0,$0
37,2009-06-30,21.58,$0.00,0.0,$15.94,1.35,$2.90,7.45,$1.36,15.87,$0.52B,$0.33B,1.61,$0.03B,$0.51B,0.06,$0.96B,$0.56B,58.06%,$0.96B,$0.28B,29.45%,$0.96B,$0.28B,29.45%,$0.96B,$0.31B,32.57%,$0.96B,$0.10B,10.30%,$0.96B,$0.08B,8.53%,$0.08B,$0.51B,17.35%,$0.08B,$0.33B,26.95%,$0.08B,$0.90B,9.58%,$0.28B,$0.54B,54.29%,$220,$125,$95,$0,$58,$191,$29,$-10,$20,$1,$19,$19,$19,$37,$29,$59,60,$0.32,$0.31,$147,$0,$41,$522,$0,$0,$183,$8,$200,$897,$325,$31,$21,$65,$390,$5,$326,$0,$508,$897,$39,$15,$0,$15,$0,$0,$0,$0,$75,$128,$-16,$0,$-24,$0,$0,$-51,$0,$-91,$0,$-43,$0,$0,$1,$0,$-0,$-43,$-5,$0,$0
38,2009-03-31,16.15,$0.00,0.0,$15.87,1.02,$0.91,17.78,$1.36,11.88,$0.49B,$0.28B,1.74,$0.06B,$0.47B,0.13,$0.96B,$0.46B,47.97%,$0.96B,$0.18B,18.77%,$0.96B,$0.18B,18.77%,$0.96B,$0.21B,21.79%,$0.96B,$0.10B,10.74%,$0.96B,$0.08B,8.55%,$0.08B,$0.47B,17.93%,$0.08B,$0.30B,27.42%,$0.08B,$0.85B,9.73%,$0.18B,$0.54B,35.26%,$220,$124,$96,$0,$61,$193,$27,$-1,$26,$5,$21,$21,$21,$34,$27,$59,60,$0.36,$0.35,$97,$0,$39,$492,$0,$0,$177,$7,$192,$851,$283,$61,$20,$93,$376,$5,$307,$0,$474,$851,$21,$7,$0,$7,$0,$0,$0,$0,$-3,$25,$-8,$0,$-17,$0,$0,$17,$0,$-9,$0,$-3,$0,$0,$0,$0,$-0,$-2,$12,$0,$0
39,2008-12-31,19.69,$0.00,0.0,$15.55,1.27,$0.15,129.97,$1.29,15.26,$0.50B,$0.31B,1.59,$0.07B,$0.46B,0.14,$0.94B,$0.45B,48.09%,$0.94B,$0.18B,18.62%,$0.94B,$0.18B,18.62%,$0.94B,$0.20B,21.60%,$0.94B,$0.10B,10.43%,$0.94B,$0.08B,8.30%,$0.08B,$0.46B,17.57%,$0.08B,$0.28B,26.49%,$0.08B,$0.87B,9.40%,$0.18B,$0.52B,35.43%,$295,$27,$269,$0,$61,$95,$200,$-0,$26,$5,$21,$21,$21,$207,$200,$59,60,$0.36,$0.35,$101,$0,$36,$500,$0,$0,$180,$7,$195,$867,$314,$65,$19,$97,$411,$5,$286,$0,$456,$867,$78,$28,$0,$28,$0,$0,$0,$0,$-34,$81,$-68,$0,$-49,$0,$0,$-1,$0,$-117,$0,$10,$0,$0,$8,$0,$4,$22,$-19,$0,$0
40,2008-09-30,38.25,$0.00,0.0,$13.63,2.81,$-0.61,0.0,$1.21,31.74,$0.50B,$0.29B,1.7,$0.04B,$0.45B,0.08,$0.83B,$0.03B,3.27%,$0.83B,$-0.24B,-29.30%,$0.83B,$-0.24B,-29.30%,$0.83B,$-0.22B,-26.15%,$0.83B,$0.09B,11.14%,$0.83B,$0.07B,8.84%,$0.07B,$0.45B,17.10%,$0.07B,$0.32B,25.06%,$0.07B,$0.81B,9.29%,$-0.24B,$0.49B,-51.14%,$226,$128,$98,$0,$62,$198,$27,$-0,$27,$5,$22,$21,$21,$35,$27,$58,62,$0.37,$0.35,$135,$0,$29,$495,$0,$0,$134,$7,$148,$809,$291,$37,$18,$66,$357,$5,$265,$0,$452,$809,$57,$21,$0,$21,$0,$0,$0,$0,$3,$86,$-54,$0,$-12,$0,$0,$-1,$0,$-66,$0,$-14,$0,$0,$8,$0,$4,$-2,$16,$0,$0
41,2008-06-30,75.52,$0.00,0.0,$12.78,5.91,$-1.64,0.0,$1.10,68.65,$0.52B,$0.32B,1.63,$0.05B,$0.45B,0.11,$0.77B,$0.00B,0.52%,$0.77B,$-0.25B,-32.59%,$0.77B,$-0.25B,-32.59%,$0.77B,$-0.23B,-29.60%,$0.77B,$0.08B,10.95%,$0.77B,$0.07B,8.74%,$0.07B,$0.45B,16.58%,$0.07B,$0.30B,24.75%,$0.07B,$0.84B,9.03%,$-0.25B,$0.50B,-56.69%,$218,$221,$-3,$0,$64,$292,$-74,$-0,$24,$5,$19,$19,$19,$-67,$-74,$58,60,$0.33,$0.31,$114,$0,$31,$523,$0,$0,$143,$6,$155,$844,$321,$48,$18,$75,$397,$2,$244,$0,$447,$844,$36,$13,$0,$13,$0,$0,$0,$0,$-20,$28,$-35,$0,$-12,$0,$0,$-1,$0,$-48,$0,$4,$0,$0,$7,$0,$4,$15,$-5,$0,$0
42,2008-03-31,64.89,$0.00,0.0,$11.64,5.57,$-1.71,0.0,$1.02,63.93,$0.49B,$0.30B,1.63,$0.05B,$0.42B,0.12,$0.70B,$0.07B,10.06%,$0.70B,$-0.16B,-22.99%,$0.70B,$-0.16B,-22.99%,$0.70B,$-0.14B,-19.97%,$0.70B,$0.08B,11.06%,$0.70B,$0.06B,8.76%,$0.06B,$0.42B,16.20%,$0.06B,$0.28B,23.53%,$0.06B,$0.80B,9.22%,$-0.16B,$0.47B,-39.88%,$201,$113,$88,$0,$61,$180,$22,$-0,$21,$4,$17,$17,$17,$28,$22,$58,60,$0.29,$0.28,$111,$0,$31,$492,$0,$0,$141,$5,$152,$798,$303,$48,$18,$74,$377,$2,$225,$0,$421,$798,$17,$6,$0,$6,$0,$0,$0,$0,$-34,$-12,$-17,$0,$-11,$0,$0,$12,$0,$-16,$0,$27,$0,$0,$3,$0,$1,$31,$4,$0,$0
43,2007-12-31,61.86,$0.00,0.0,$10.59,5.84,$-1.49,0.0,$0.95,65.46,$0.42B,$0.23B,1.84,$0.05B,$0.39B,0.13,$0.63B,$0.04B,6.34%,$0.63B,$-0.17B,-26.47%,$0.63B,$-0.17B,-26.47%,$0.63B,$-0.15B,-23.45%,$0.63B,$0.07B,11.41%,$0.63B,$0.06B,8.87%,$0.06B,$0.39B,15.94%,$0.06B,$0.26B,22.44%,$0.06B,$0.69B,9.64%,$-0.17B,$0.44B,-45.88%,$181,$337,$-156,$0,$55,$398,$-217,$51,$20,$5,$16,$16,$16,$-212,$-217,$58,60,$0.28,$0.27,$119,$0,$24,$423,$0,$0,$126,$5,$137,$693,$230,$51,$17,$75,$305,$2,$208,$0,$388,$693,$56,$19,$0,$19,$0,$0,$0,$0,$-37,$43,$-75,$0,$-41,$0,$0,$-2,$0,$-118,$0,$87,$0,$0,$5,$0,$1,$94,$14,$0,$0
44,2007-09-30,51.03,$0.00,0.0,$9.77,5.22,$-0.62,0.0,$0.88,58.32,$0.39B,$0.26B,1.49,$0.00B,$0.36B,0.0,$0.58B,$0.25B,43.52%,$0.58B,$0.06B,11.05%,$0.58B,$0.06B,11.05%,$0.58B,$0.08B,14.16%,$0.58B,$0.07B,11.57%,$0.58B,$0.05B,8.81%,$0.05B,$0.36B,15.45%,$0.05B,$0.24B,21.27%,$0.05B,$0.63B,9.69%,$0.06B,$0.36B,19.39%,$167,$92,$75,$0,$52,$148,$19,$0,$19,$4,$15,$15,$15,$24,$19,$58,60,$0.25,$0.25,$98,$0,$22,$392,$0,$0,$124,$0,$130,$632,$264,$0,$1,$8,$272,$2,$192,$0,$360,$632,$40,$14,$0,$14,$0,$0,$0,$0,$-38,$20,$-50,$0,$-41,$0,$0,$11,$-2,$-82,$0,$65,$0,$0,$4,$0,$1,$71,$6,$0,$0
45,2007-06-30,43.74,$0.00,0.0,$9.05,4.83,$0.11,389.84,$0.81,54.34,$0.35B,$0.18B,1.96,$0.00B,$0.34B,0.0,$0.53B,$0.23B,42.96%,$0.53B,$0.06B,10.88%,$0.53B,$0.06B,10.88%,$0.53B,$0.08B,14.07%,$0.53B,$0.06B,11.63%,$0.53B,$0.05B,8.63%,$0.05B,$0.34B,14.79%,$0.05B,$0.26B,19.78%,$0.05B,$0.52B,9.66%,$0.06B,$0.34B,18.65%,$147,$84,$63,$0,$43,$131,$16,$1,$17,$4,$13,$13,$13,$21,$16,$57,59,$0.23,$0.23,$107,$0,$20,$347,$0,$0,$79,$0,$84,$522,$177,$0,$1,$7,$184,$2,$178,$0,$337,$522,$26,$9,$0,$9,$0,$0,$0,$0,$-18,$19,$-30,$0,$0,$0,$0,$11,$0,$-19,$0,$11,$0,$0,$3,$0,$1,$15,$15,$0,$0
46,2007-03-31,42.6,$0.00,0.0,$8.44,5.04,$0.64,66.67,$0.74,57.57,$0.32B,$0.15B,2.1,$0.00B,$0.32B,0.0,$0.49B,$0.21B,43.20%,$0.49B,$0.05B,10.75%,$0.49B,$0.05B,10.75%,$0.49B,$0.07B,14.00%,$0.49B,$0.06B,11.56%,$0.49B,$0.04B,8.52%,$0.04B,$0.32B,14.29%,$0.04B,$0.24B,19.22%,$0.04B,$0.48B,9.46%,$0.05B,$0.32B,18.03%,$136,$79,$58,$0,$39,$121,$15,$-50,$16,$3,$12,$12,$12,$19,$15,$57,59,$0.22,$0.21,$89,$0,$21,$320,$0,$0,$79,$0,$79,$476,$152,$0,$1,$4,$156,$2,$164,$0,$320,$476,$12,$4,$0,$4,$0,$0,$0,$0,$-21,$-3,$-13,$0,$0,$0,$0,$0,$0,$-13,$0,$0,$0,$0,$2,$0,$-0,$2,$-13,$0,$0
47,2006-12-31,37.7,$0.00,0.0,$6.14,6.14,$0.90,41.95,$0.53,71.13,$0.33B,$0.17B,1.95,$0.00B,$0.30B,0.0,$0.46B,$0.20B,43.74%,$0.46B,$0.05B,10.55%,$0.46B,$0.05B,10.55%,$0.46B,$0.06B,14.07%,$0.46B,$0.05B,11.43%,$0.46B,$0.04B,8.35%,$0.04B,$0.30B,13.69%,$0.04B,$0.22B,18.54%,$0.04B,$0.48B,9.13%,$0.05B,$0.30B,17.30%,$129,$73,$56,$0,$38,$115,$14,$-193,$15,$3,$11,$11,$11,$18,$14,$57,59,$0.20,$0.20,$103,$0,$20,$329,$0,$0,$79,$0,$79,$476,$169,$0,$1,$5,$174,$2,$152,$0,$303,$476,$38,$15,$0,$15,$0,$0,$0,$0,$-5,$50,$-32,$0,$-7,$0,$0,$-17,$-0,$-55,$0,$0,$0,$0,$7,$0,$1,$8,$4,$0,$0
