,Date,Stock Price,Book Value per Share,Price to Book Ratio,TTM Sales per Share,Price to Sales Ratio,TTM FCF per Share,Price to FCF Ratio,TTM Net EPS,PE Ratio,Current Assets,Current Liabilities,Current Ratio,Long Term Debt,Shareholder's Equity_x,Debt to Equity Ratio,TTM Revenue_x,TTM Gross Profit,Gross Margin,TTM Revenue_y,TTM Operating Income,Operating Margin,TTM Revenue_x,TTM EBIT,EBIT Margin,TTM Revenue_y,TTM EBITDA,EBITDA Margin,TTM Revenue_x,TTM Pre-Tax Income,Pre-Tax Margin,TTM Revenue_y,TTM Net Income_x,Net Margin,TTM Net Income_y,Shareholder's Equity_y,Return on Equity,TTM Net Income_x,Tangible Equity,Return on Tangible Equity,TTM Net Income_y,Total Assets,Return on Assets,TTM Net Income,LT Investments & Debt,Return on Investment,revenue,cost-goods-sold,gross-profit,research-development-expenses,selling-general-administrative-expenses,operating-expenses,operating-income,total-non-operating-income-expense,pre-tax-income,total-provision-income-taxes,income-after-taxes,income-from-continuous-operations,net-income,ebitda,ebit,basic-shares-outstanding,shares-outstanding,eps-basic-net-earnings-per-share,eps-earnings-per-share-diluted,cash-on-hand,inventory,other-current-assets,total-current-assets,net-property-plant-equipment,long-term-investments,goodwill-intangible-assets-total,other-long-term-assets,total-long-term-assets,total-assets,total-current-liabilities,long-term-debt,other-non-current-liabilities,total-long-term-liabilities,total-liabilities,common-stock-net,retained-earnings-accumulated-deficit,comprehensive-income,total-share-holder-equity,total-liabilities-share-holders-equity,net-income-loss,total-depreciation-amortization-cash-flow,other-non-cash-items,total-non-cash-items,change-in-accounts-receivable,change-in-inventories,change-in-accounts-payable,change-in-assets-liabilities,total-change-in-assets-liabilities,cash-flow-from-operating-activities,net-change-in-property-plant-equipment,net-change-in-intangible-assets,net-acquisitions-divestitures,net-change-in-short-term-investments,net-change-in-long-term-investments,net-change-in-investments-total,investing-activities-other,cash-flow-from-investing-activities,net-long-term-debt,net-current-debt,debt-issuance-retirement-net-total,net-common-equity-issued-repurchased,net-total-equity-issued-repurchased,total-common-preferred-stock-dividends-paid,financial-activities-other,cash-flow-from-financial-activities,net-cash-flow,stock-based-compensation,common-stock-dividends-paid
0,2018-09-30,80.0,$29.47,2.71,$12.25,6.53,$13.78,5.81,$3.22,24.84,$1.19B,$0.29B,4.06,$0.31B,$1.02B,0.31,$0.44B,$0.44B,100.00%,$0.44B,$0.21B,46.91%,$0.44B,$0.21B,46.91%,$0.44B,$0.28B,63.84%,$0.44B,$0.18B,40.73%,$0.44B,$0.12B,26.32%,$0.12B,$1.02B,11.62%,$0.12B,$0.55B,18.15%,$0.12B,$1.79B,6.68%,$0.21B,$1.33B,15.96%,$75,$0,$75,$17,$45,$62,$13,$-14,$-1,$-21,$20,$20,$21,$24,$13,$35,36,$0.62,$0.60,$1058,$0,$0,$1191,$10,$0,$463,$64,$597,$1788,$294,$314,$30,$479,$773,$1,$1436,$-3,$1015,$1788,$59,$47,$6,$53,$37,$0,$6,$-64,$65,$177,$-2,$-26,$-143,$175,$-7,$168,$0,$-3,$0,$0,$0,$-37,$-37,$-36,$-8,$-82,$92,$5,$-36
1,2018-06-30,80.57,$29.77,2.71,$12.90,6.25,$11.62,6.93,$3.62,22.26,$1.20B,$0.13B,9.36,$0.29B,$1.04B,0.28,$0.46B,$0.46B,100.00%,$0.46B,$0.23B,50.76%,$0.46B,$0.23B,50.76%,$0.46B,$0.30B,66.23%,$0.46B,$0.22B,47.49%,$0.46B,$0.13B,28.32%,$0.13B,$1.04B,13.77%,$0.13B,$0.72B,20.77%,$0.13B,$1.62B,7.39%,$0.23B,$1.33B,18.93%,$70,$0,$70,$16,$38,$54,$16,$-5,$11,$1,$10,$10,$11,$34,$16,$35,36,$0.31,$0.30,$1101,$0,$0,$1201,$11,$0,$317,$50,$419,$1620,$128,$292,$10,$455,$583,$1,$1427,$-4,$1036,$1620,$39,$36,$-7,$29,$-16,$0,$-3,$-34,$-62,$6,$-2,$-17,$0,$147,$-6,$141,$0,$122,$0,$0,$0,$-5,$-5,$-24,$-8,$-38,$91,$3,$-24
2,2018-03-31,72.98,$29.81,2.45,$14.73,4.96,$11.29,6.46,$4.78,15.27,$1.21B,$0.13B,9.58,$0.29B,$1.04B,0.28,$0.53B,$0.53B,100.00%,$0.53B,$0.30B,56.76%,$0.53B,$0.30B,56.76%,$0.53B,$0.37B,70.10%,$0.53B,$0.29B,54.48%,$0.53B,$0.17B,32.57%,$0.17B,$1.04B,19.28%,$0.17B,$0.71B,29.90%,$0.17B,$1.63B,9.43%,$0.30B,$1.32B,25.47%,$87,$0,$87,$16,$41,$57,$30,$-6,$24,$-5,$29,$29,$30,$48,$30,$35,36,$0.86,$0.84,$1117,$0,$0,$1208,$10,$0,$322,$48,$418,$1626,$126,$289,$10,$464,$590,$1,$1428,$-4,$1036,$1626,$29,$18,$-58,$-40,$24,$0,$1,$-1,$10,$-1,$-0,$-8,$0,$24,$-4,$20,$0,$12,$0,$0,$0,$-6,$-6,$-12,$-8,$-26,$-16,$1,$-12
3,2017-12-31,75.17,$25.22,2.98,$14.88,5.05,$10.60,7.09,$4.87,15.44,$1.40B,$0.38B,3.71,$0.29B,$0.87B,0.33,$0.53B,$0.53B,100.00%,$0.53B,$0.30B,56.66%,$0.53B,$0.30B,56.66%,$0.53B,$0.37B,69.79%,$0.53B,$0.29B,54.97%,$0.53B,$0.18B,32.83%,$0.18B,$0.87B,21.40%,$0.18B,$0.55B,34.52%,$0.18B,$1.85B,9.34%,$0.30B,$1.16B,27.51%,$205,$0,$205,$15,$45,$60,$146,$-2,$144,$92,$52,$52,$53,$173,$146,$35,36,$1.53,$1.48,$1158,$0,$0,$1396,$11,$0,$325,$38,$459,$1854,$376,$285,$10,$605,$981,$1,$1249,$-2,$873,$1854,$171,$70,$-312,$-242,$12,$0,$-4,$377,$387,$316,$-2,$-35,$0,$-179,$-5,$-183,$0,$-220,$0,$0,$0,$-7,$-7,$-43,$-16,$-67,$29,$18,$-43
4,2017-09-30,72.47,$23.97,3.02,$16.92,4.28,$14.00,5.18,$7.24,10.01,$1.42B,$0.44B,3.23,$0.28B,$0.83B,0.34,$0.60B,$0.60B,100.00%,$0.60B,$0.37B,60.63%,$0.60B,$0.37B,60.63%,$0.60B,$0.43B,70.60%,$0.60B,$0.36B,58.97%,$0.60B,$0.26B,42.86%,$0.26B,$0.83B,32.74%,$0.26B,$0.52B,53.64%,$0.26B,$1.94B,14.01%,$0.37B,$1.11B,34.28%,$97,$0,$97,$17,$39,$56,$41,$-2,$39,$4,$35,$35,$36,$49,$41,$35,35,$1.02,$1.00,$967,$0,$0,$1420,$11,$0,$310,$37,$516,$1936,$440,$282,$9,$664,$1104,$1,$1209,$-1,$832,$1936,$119,$43,$106,$149,$-172,$0,$-3,$-13,$-169,$98,$-1,$-26,$0,$-135,$-3,$-138,$0,$-166,$0,$0,$0,$0,$0,$-31,$-22,$-53,$-121,$14,$-31
5,2017-06-30,75.66,$23.21,3.26,$20.13,3.76,$16.90,4.48,$9.23,8.2,$1.34B,$0.38B,3.52,$0.28B,$0.81B,0.35,$0.71B,$0.71B,100.00%,$0.71B,$0.48B,67.46%,$0.71B,$0.48B,67.46%,$0.71B,$0.55B,77.00%,$0.71B,$0.47B,65.78%,$0.71B,$0.33B,45.72%,$0.33B,$0.81B,44.43%,$0.33B,$0.50B,75.03%,$0.33B,$1.84B,18.97%,$0.48B,$1.08B,47.75%,$136,$0,$136,$19,$36,$55,$81,$-2,$79,$27,$52,$52,$52,$98,$81,$35,36,$1.51,$1.46,$885,$0,$0,$1336,$11,$0,$302,$34,$503,$1839,$380,$278,$17,$654,$1033,$1,$1186,$-1,$806,$1839,$84,$35,$4,$39,$-171,$0,$-3,$21,$-129,$-6,$-1,$-17,$0,$-156,$-1,$-157,$0,$-174,$0,$0,$0,$0,$0,$-21,$-22,$-43,$-223,$10,$-21
6,2017-03-31,84.18,$21.92,3.84,$18.52,4.54,$23.07,3.65,$8.91,9.45,$1.34B,$0.42B,3.24,$0.28B,$0.76B,0.36,$0.65B,$0.65B,100.00%,$0.65B,$0.42B,64.78%,$0.65B,$0.42B,64.78%,$0.65B,$0.49B,75.04%,$0.65B,$0.41B,63.09%,$0.65B,$0.31B,48.09%,$0.31B,$0.76B,47.36%,$0.31B,$0.45B,84.75%,$0.31B,$1.87B,19.31%,$0.42B,$1.04B,45.31%,$95,$0,$95,$20,$41,$61,$34,$-3,$31,$-2,$33,$33,$34,$52,$34,$34,36,$0.98,$0.93,$886,$0,$0,$1342,$12,$0,$306,$34,$523,$1865,$415,$275,$16,$691,$1105,$1,$1144,$-1,$760,$1865,$33,$18,$-95,$-77,$-174,$0,$3,$172,$19,$-26,$-0,$-8,$0,$-198,$-1,$-199,$0,$-207,$0,$0,$0,$0,$0,$-10,$-22,$-32,$-265,$5,$-10
7,2016-12-31,88.8,$21.99,4.04,$18.96,4.68,$24.30,3.65,$8.77,10.13,$1.22B,$0.43B,2.87,$0.27B,$0.75B,0.36,$0.67B,$0.67B,100.00%,$0.67B,$0.44B,65.62%,$0.67B,$0.44B,65.62%,$0.67B,$0.51B,75.83%,$0.67B,$0.42B,63.36%,$0.67B,$0.31B,46.25%,$0.31B,$0.75B,51.40%,$0.31B,$0.44B,98.17%,$0.31B,$1.73B,20.82%,$0.44B,$1.03B,50.42%,$274,$0,$274,$18,$46,$65,$209,$-3,$206,$70,$136,$136,$136,$226,$209,$35,35,$3.94,$3.86,$953,$0,$0,$1221,$13,$0,$311,$34,$507,$1728,$425,$272,$15,$548,$973,$1,$1121,$-1,$754,$1728,$305,$68,$-290,$-222,$-170,$0,$-6,$512,$350,$434,$-6,$-38,$-48,$-126,$-2,$-128,$0,$-219,$-230,$0,$-230,$-64,$-64,$-31,$4,$-321,$-106,$22,$-31
8,2016-09-30,76.7,$17.95,4.27,$14.25,5.38,$15.44,4.97,$5.84,13.13,$0.98B,$0.24B,4.09,$0.27B,$0.62B,0.44,$0.50B,$0.50B,100.00%,$0.50B,$0.28B,55.75%,$0.50B,$0.28B,55.75%,$0.50B,$0.35B,69.64%,$0.50B,$0.26B,52.18%,$0.50B,$0.21B,40.67%,$0.21B,$0.62B,37.88%,$0.21B,$0.34B,77.73%,$0.21B,$1.44B,14.48%,$0.28B,$0.88B,34.89%,$208,$0,$208,$16,$36,$52,$157,$-4,$153,$49,$104,$104,$104,$173,$157,$34,35,$3.05,$2.99,$782,$0,$0,$975,$11,$0,$279,$15,$468,$1443,$238,$269,$11,$589,$828,$1,$995,$0,$615,$1443,$170,$51,$-225,$-174,$-93,$0,$-7,$301,$205,$201,$-3,$-29,$0,$-171,$-2,$-173,$0,$-205,$-230,$0,$-230,$-64,$-64,$-21,$-3,$-319,$-323,$15,$-21
9,2016-06-30,53.73,$15.23,3.53,$11.07,4.86,$10.51,5.11,$3.53,15.22,$0.97B,$0.37B,2.6,$0.27B,$0.52B,0.51,$0.40B,$0.40B,100.00%,$0.40B,$0.17B,42.68%,$0.40B,$0.17B,42.68%,$0.40B,$0.24B,60.86%,$0.40B,$0.15B,37.12%,$0.40B,$0.13B,31.82%,$0.13B,$0.52B,24.68%,$0.13B,$0.25B,54.08%,$0.13B,$1.47B,8.89%,$0.17B,$0.79B,21.91%,$76,$0,$76,$15,$38,$53,$23,$-1,$22,$-17,$39,$39,$40,$39,$23,$34,35,$1.16,$1.14,$814,$0,$0,$966,$12,$0,$275,$15,$503,$1470,$371,$266,$11,$575,$947,$1,$901,$0,$523,$1470,$66,$35,$-96,$-61,$-50,$0,$-1,$257,$206,$211,$-2,$-21,$0,$211,$-2,$209,$0,$186,$-230,$0,$-230,$-59,$-59,$-14,$-3,$-306,$91,$11,$-14
10,2016-03-31,53.51,$14.57,3.67,$12.15,4.4,$5.24,10.21,$3.28,16.31,$0.80B,$0.17B,4.66,$0.26B,$0.51B,0.52,$0.44B,$0.44B,100.00%,$0.44B,$0.21B,46.70%,$0.44B,$0.21B,46.70%,$0.44B,$0.28B,63.33%,$0.44B,$0.18B,40.09%,$0.44B,$0.12B,27.11%,$0.12B,$0.51B,23.66%,$0.12B,$0.23B,51.91%,$0.12B,$1.28B,8.41%,$0.21B,$0.77B,26.95%,$108,$0,$108,$20,$39,$59,$48,$-7,$41,$14,$27,$27,$28,$67,$48,$35,35,$0.80,$0.79,$659,$0,$0,$798,$13,$0,$279,$13,$477,$1275,$171,$263,$4,$598,$769,$1,$868,$0,$505,$1275,$27,$19,$-39,$-21,$-61,$0,$-1,$79,$13,$20,$-2,$-13,$0,$289,$0,$289,$0,$275,$-230,$0,$-230,$-40,$-40,$-7,$-3,$-281,$14,$7,$-7
11,2015-12-31,46.94,$14.74,3.19,$12.06,3.89,$4.76,9.87,$3.27,14.36,$1.01B,$0.40B,2.53,$0.26B,$0.52B,0.5,$0.44B,$0.44B,100.00%,$0.44B,$0.21B,47.17%,$0.44B,$0.21B,47.17%,$0.44B,$0.28B,63.04%,$0.44B,$0.18B,41.04%,$0.44B,$0.12B,27.21%,$0.12B,$0.52B,24.11%,$0.12B,$0.24B,52.63%,$0.12B,$1.47B,8.22%,$0.21B,$0.78B,27.64%,$112,$0,$112,$20,$39,$59,$53,$-6,$47,$15,$32,$32,$33,$72,$53,$36,36,$0.93,$0.92,$934,$0,$0,$1011,$12,$0,$278,$13,$464,$1474,$400,$260,$4,$553,$953,$1,$847,$-0,$522,$1474,$116,$69,$-183,$-114,$-2,$0,$3,$122,$122,$124,$-4,$-50,$0,$-148,$-13,$-161,$0,$-214,$316,$0,$316,$-53,$-53,$-29,$-62,$171,$82,$15,$-29
12,2015-09-30,48.26,$13.83,3.49,$11.14,4.33,$7.34,6.58,$2.71,17.81,$1.09B,$0.41B,2.67,$0.26B,$0.49B,0.52,$0.42B,$0.42B,100.00%,$0.42B,$0.18B,43.37%,$0.42B,$0.18B,43.37%,$0.42B,$0.25B,59.04%,$0.42B,$0.16B,37.35%,$0.42B,$0.10B,24.34%,$0.10B,$0.49B,20.77%,$0.10B,$0.21B,46.01%,$0.10B,$1.45B,7.26%,$0.18B,$0.75B,24.65%,$100,$0,$100,$17,$38,$55,$45,$-8,$37,$13,$24,$24,$25,$63,$45,$36,36,$0.68,$0.68,$867,$0,$0,$1086,$11,$0,$278,$7,$362,$1449,$407,$257,$4,$551,$957,$1,$821,$-0,$492,$1449,$84,$50,$-125,$-75,$-64,$0,$0,$90,$18,$28,$-2,$-44,$0,$-115,$-7,$-121,$0,$-167,$316,$0,$316,$-46,$-46,$-22,$-60,$188,$49,$10,$-22
13,2015-06-30,54.05,$13.72,3.94,$10.30,5.25,$11.17,4.84,$2.37,22.81,$1.12B,$0.40B,2.81,$0.25B,$0.49B,0.52,$0.39B,$0.39B,100.00%,$0.39B,$0.15B,38.17%,$0.39B,$0.15B,38.17%,$0.39B,$0.21B,53.94%,$0.39B,$0.13B,33.08%,$0.39B,$0.09B,22.90%,$0.09B,$0.49B,18.15%,$0.09B,$0.23B,38.83%,$0.09B,$1.46B,6.66%,$0.15B,$0.75B,20.55%,$119,$0,$119,$18,$42,$60,$59,$-8,$51,$19,$32,$32,$33,$76,$59,$36,36,$0.91,$0.89,$908,$0,$0,$1117,$11,$0,$260,$1,$344,$1461,$398,$254,$4,$570,$968,$1,$804,$0,$493,$1461,$60,$33,$-94,$-62,$-57,$0,$-1,$90,$28,$27,$-1,$-36,$0,$-125,$0,$-125,$0,$-163,$316,$0,$316,$-28,$-28,$-15,$-60,$214,$78,$6,$-15
14,2015-03-31,48.02,$13.37,3.59,$11.81,4.07,$11.17,4.3,$3.41,14.08,$1.12B,$0.39B,2.9,$0.25B,$0.48B,0.52,$0.47B,$0.47B,100.00%,$0.47B,$0.22B,46.79%,$0.47B,$0.22B,46.79%,$0.47B,$0.28B,58.97%,$0.47B,$0.20B,43.59%,$0.47B,$0.14B,29.06%,$0.14B,$0.48B,26.03%,$0.14B,$0.22B,53.18%,$0.14B,$1.46B,10.13%,$0.22B,$0.74B,29.33%,$110,$0,$110,$18,$41,$59,$51,$-5,$46,$18,$28,$28,$29,$67,$51,$37,37,$0.79,$0.78,$911,$0,$0,$1117,$11,$0,$263,$1,$341,$1458,$386,$251,$4,$588,$973,$1,$779,$0,$484,$1458,$28,$15,$-48,$-32,$-51,$0,$-4,$69,$5,$2,$-1,$-28,$0,$51,$0,$51,$0,$22,$316,$0,$316,$-8,$-8,$-7,$-66,$235,$259,$3,$-7
15,2014-12-31,49.87,$12.88,3.87,$10.28,4.85,$11.04,4.51,$2.58,19.33,$0.79B,$0.21B,3.84,$0.22B,$0.48B,0.46,$0.42B,$0.42B,100.00%,$0.42B,$0.17B,40.38%,$0.42B,$0.17B,40.38%,$0.42B,$0.22B,53.13%,$0.42B,$0.15B,37.02%,$0.42B,$0.11B,25.24%,$0.11B,$0.48B,19.67%,$0.11B,$0.21B,37.37%,$0.11B,$1.19B,8.41%,$0.17B,$0.69B,22.46%,$86,$0,$86,$17,$43,$61,$25,$-5,$21,$7,$13,$13,$14,$39,$25,$39,40,$0.41,$0.40,$704,$0,$0,$788,$13,$0,$266,$1,$405,$1193,$205,$216,$3,$512,$717,$1,$757,$0,$476,$1193,$101,$53,$-208,$-155,$26,$0,$-10,$279,$295,$242,$-7,$-58,$0,$-75,$0,$-75,$0,$-140,$0,$0,$0,$-152,$-152,$-24,$5,$-171,$-69,$18,$-24
16,2014-09-30,37.35,$13.78,2.71,$10.53,3.55,$10.31,3.62,$2.57,14.53,$0.96B,$0.22B,4.41,$0.22B,$0.53B,0.41,$0.43B,$0.43B,100.00%,$0.43B,$0.18B,42.09%,$0.43B,$0.18B,42.09%,$0.43B,$0.23B,53.95%,$0.43B,$0.16B,36.51%,$0.43B,$0.11B,24.65%,$0.11B,$0.53B,19.33%,$0.11B,$0.26B,34.17%,$0.11B,$1.30B,8.63%,$0.18B,$0.75B,23.79%,$78,$0,$78,$19,$43,$62,$15,$-3,$12,$-0,$13,$13,$14,$30,$15,$40,40,$0.34,$0.34,$733,$0,$0,$960,$9,$0,$268,$2,$337,$1297,$218,$216,$2,$549,$767,$1,$751,$-0,$530,$1297,$88,$38,$-145,$-107,$-56,$0,$-14,$263,$204,$186,$-3,$-50,$0,$-163,$0,$-163,$0,$-216,$0,$0,$0,$-88,$-88,$-16,$5,$-99,$-129,$13,$-16
17,2014-06-30,44.64,$14.90,3.0,$11.26,3.96,$10.97,4.07,$2.87,15.56,$1.12B,$0.25B,4.55,$0.21B,$0.60B,0.36,$0.46B,$0.46B,100.00%,$0.46B,$0.22B,46.44%,$0.46B,$0.22B,46.44%,$0.46B,$0.26B,56.37%,$0.46B,$0.19B,41.25%,$0.46B,$0.12B,25.70%,$0.12B,$0.60B,21.54%,$0.12B,$0.33B,35.71%,$0.12B,$1.42B,10.03%,$0.22B,$0.81B,28.19%,$194,$0,$194,$23,$43,$66,$128,$-4,$125,$47,$78,$78,$79,$140,$128,$40,41,$1.95,$1.93,$673,$0,$0,$1117,$9,$0,$272,$2,$306,$1423,$245,$213,$1,$578,$823,$1,$745,$0,$600,$1423,$76,$23,$-80,$-56,$-269,$0,$-12,$254,$10,$30,$-1,$-42,$0,$-89,$0,$-89,$0,$-133,$0,$0,$0,$-8,$-8,$-8,$4,$-12,$-115,$10,$-8
18,2014-03-31,30.83,$13.08,2.36,$8.14,3.79,$15.54,1.98,$1.16,26.58,$0.82B,$0.11B,7.7,$0.21B,$0.53B,0.4,$0.34B,$0.34B,100.00%,$0.34B,$0.10B,29.67%,$0.34B,$0.10B,29.67%,$0.34B,$0.14B,42.73%,$0.34B,$0.08B,24.33%,$0.34B,$0.05B,14.54%,$0.05B,$0.53B,9.21%,$0.05B,$0.32B,14.74%,$0.05B,$1.08B,4.38%,$0.10B,$0.74B,13.51%,$58,$0,$58,$16,$42,$58,$-0,$-4,$-4,$-1,$-3,$-3,$-2,$12,$-0,$40,40,$-0.05,$-0.05,$685,$0,$0,$815,$9,$0,$206,$2,$265,$1080,$106,$211,$1,$445,$551,$1,$675,$-0,$529,$1080,$-3,$12,$-32,$-20,$24,$0,$-15,$16,$20,$-3,$-1,$-8,$0,$-93,$0,$-93,$0,$-102,$0,$0,$0,$0,$0,$-4,$2,$-1,$-106,$2,$-4
19,2013-12-31,27.37,$13.25,2.07,$7.86,3.48,$17.48,1.57,$0.91,30.07,$0.86B,$0.13B,6.78,$0.21B,$0.53B,0.39,$0.33B,$0.33B,100.00%,$0.33B,$0.09B,26.07%,$0.33B,$0.09B,26.07%,$0.33B,$0.13B,38.96%,$0.33B,$0.06B,18.71%,$0.33B,$0.04B,11.96%,$0.04B,$0.53B,7.41%,$0.04B,$0.33B,11.80%,$0.04B,$1.11B,3.54%,$0.09B,$0.74B,11.61%,$100,$0,$100,$19,$42,$62,$38,$-14,$24,$10,$14,$14,$15,$50,$38,$41,41,$0.36,$0.36,$698,$0,$0,$858,$10,$0,$206,$3,$256,$1113,$126,$209,$0,$453,$579,$1,$681,$-0,$534,$1113,$36,$43,$-131,$-88,$77,$0,$15,$200,$270,$218,$-5,$-59,$0,$25,$0,$25,$0,$-38,$0,$0,$0,$-28,$-28,$-12,$8,$-32,$148,$16,$-12
20,2013-09-30,34.56,$13.29,2.6,$7.48,4.62,$16.34,2.12,$0.94,36.76,$0.88B,$0.13B,6.95,$0.21B,$0.55B,0.38,$0.31B,$0.31B,100.00%,$0.31B,$0.07B,21.02%,$0.31B,$0.07B,21.02%,$0.31B,$0.11B,33.44%,$0.31B,$0.05B,16.88%,$0.31B,$0.04B,12.74%,$0.04B,$0.55B,7.66%,$0.04B,$0.35B,11.98%,$0.04B,$1.13B,3.67%,$0.07B,$0.75B,9.09%,$111,$0,$111,$16,$46,$61,$49,$-3,$46,$20,$26,$26,$27,$59,$49,$41,41,$0.65,$0.64,$757,$0,$0,$879,$9,$0,$194,$19,$250,$1130,$127,$207,$0,$456,$582,$1,$670,$0,$547,$1130,$22,$31,$-102,$-71,$102,$0,$-1,$187,$267,$219,$-3,$-35,$0,$25,$-0,$25,$0,$-13,$0,$0,$0,$1,$1,$-8,$7,$-0,$206,$12,$-8
21,2013-06-30,41.21,$12.58,3.28,$15.06,2.74,$18.17,2.27,$5.86,7.03,$0.90B,$0.17B,5.44,$0.21B,$0.52B,0.4,$0.64B,$0.64B,100.00%,$0.64B,$0.38B,59.65%,$0.64B,$0.38B,59.65%,$0.64B,$0.42B,65.62%,$0.64B,$0.37B,57.77%,$0.64B,$0.25B,39.09%,$0.25B,$0.52B,47.20%,$0.25B,$0.33B,70.94%,$0.25B,$1.15B,22.94%,$0.38B,$0.72B,52.14%,$68,$0,$68,$13,$42,$55,$13,$3,$16,$7,$9,$9,$9,$23,$13,$41,41,$0.22,$0.22,$770,$0,$0,$904,$7,$0,$192,$19,$250,$1154,$166,$205,$0,$470,$636,$1,$648,$1,$518,$1154,$-4,$21,$-44,$-23,$109,$0,$2,$166,$247,$220,$-1,$-28,$0,$-84,$-0,$-84,$0,$-113,$0,$0,$0,$1,$1,$-4,$6,$2,$109,$8,$-4
22,2013-03-31,44.09,$12.29,3.59,$15.05,2.93,$11.94,3.69,$5.86,7.52,$0.76B,$0.16B,4.63,$0.20B,$0.51B,0.4,$0.64B,$0.64B,100.00%,$0.64B,$0.39B,60.06%,$0.64B,$0.39B,60.06%,$0.64B,$0.42B,65.68%,$0.64B,$0.37B,57.25%,$0.64B,$0.25B,39.00%,$0.25B,$0.51B,50.00%,$0.25B,$0.32B,75.08%,$0.25B,$1.02B,24.70%,$0.39B,$0.71B,55.08%,$47,$0,$47,$16,$45,$62,$-15,$-9,$-25,$-12,$-13,$-13,$-12,$-5,$-15,$41,41,$-0.30,$-0.30,$636,$0,$0,$762,$7,$0,$191,$20,$253,$1015,$164,$202,$0,$345,$509,$1,$643,$1,$506,$1015,$-13,$10,$-24,$-14,$118,$0,$-4,$11,$103,$76,$-0,$-17,$0,$-39,$-0,$-40,$0,$-58,$0,$0,$0,$0,$0,$0,$0,$0,$19,$6,$0
23,2012-12-31,37.84,$12.64,2.99,$15.41,2.46,$9.53,3.97,$6.40,5.91,$0.81B,$0.17B,4.71,$0.20B,$0.52B,0.39,$0.66B,$0.66B,100.00%,$0.66B,$0.42B,63.20%,$0.66B,$0.42B,63.20%,$0.66B,$0.45B,68.48%,$0.66B,$0.41B,61.69%,$0.66B,$0.27B,41.18%,$0.27B,$0.52B,56.09%,$0.27B,$0.34B,82.11%,$0.27B,$1.06B,27.54%,$0.42B,$0.72B,61.26%,$88,$0,$88,$17,$40,$69,$19,$-2,$16,$1,$16,$16,$16,$28,$19,$43,43,$0.24,$0.24,$577,$0,$0,$814,$8,$0,$178,$26,$242,$1057,$173,$200,$3,$365,$538,$1,$659,$1,$519,$1057,$272,$35,$-166,$-130,$-142,$0,$2,$153,$36,$178,$-4,$-44,$0,$110,$0,$110,$0,$63,$-0,$0,$-0,$-151,$-151,$-83,$1,$-233,$8,$6,$-83
24,2012-09-30,33.01,$13.85,2.38,$15.06,2.19,$4.69,7.04,$6.51,5.07,$0.88B,$0.28B,3.15,$0.20B,$0.57B,0.35,$0.65B,$0.65B,100.00%,$0.65B,$0.44B,66.72%,$0.65B,$0.44B,66.72%,$0.65B,$0.47B,72.09%,$0.65B,$0.43B,65.34%,$0.65B,$0.28B,42.94%,$0.28B,$0.57B,58.95%,$0.28B,$0.42B,84.66%,$0.28B,$1.12B,28.68%,$0.44B,$0.77B,64.90%,$434,$0,$434,$16,$54,$71,$363,$-3,$361,$125,$236,$236,$236,$372,$363,$42,42,$5.61,$5.56,$781,$0,$0,$882,$7,$0,$145,$27,$234,$1116,$280,$198,$3,$269,$549,$1,$710,$1,$567,$1116,$256,$26,$-142,$-116,$-8,$0,$8,$28,$160,$300,$-2,$-34,$0,$78,$0,$78,$0,$42,$-0,$0,$-0,$-152,$-152,$-13,$2,$-164,$179,$5,$-13
25,2012-06-30,26.04,$9.41,2.77,$6.46,4.03,$-3.12,0.0,$1.52,17.13,$0.62B,$0.17B,3.76,$0.20B,$0.41B,0.48,$0.29B,$0.29B,100.00%,$0.29B,$0.10B,35.37%,$0.29B,$0.10B,35.37%,$0.29B,$0.14B,46.94%,$0.29B,$0.09B,31.97%,$0.29B,$0.07B,23.81%,$0.07B,$0.41B,15.71%,$0.07B,$0.25B,23.06%,$0.07B,$0.86B,7.35%,$0.10B,$0.60B,16.28%,$72,$0,$72,$17,$37,$54,$18,$-2,$15,$5,$10,$10,$10,$26,$18,$44,44,$0.22,$0.22,$524,$0,$0,$623,$7,$0,$154,$27,$238,$860,$165,$196,$3,$287,$452,$1,$478,$0,$408,$860,$21,$17,$-97,$-80,$-11,$0,$1,$25,$17,$-41,$-1,$-28,$0,$-18,$0,$-18,$0,$-47,$-0,$0,$-0,$-77,$-77,$-9,$2,$-85,$-173,$3,$-9
26,2012-03-31,30.67,$10.06,3.05,$6.36,4.83,$-2.88,0.0,$1.67,18.37,$0.71B,$0.14B,4.99,$0.19B,$0.45B,0.43,$0.29B,$0.29B,100.00%,$0.29B,$0.12B,39.73%,$0.29B,$0.12B,39.73%,$0.29B,$0.15B,51.37%,$0.29B,$0.11B,35.96%,$0.29B,$0.08B,26.37%,$0.08B,$0.45B,17.15%,$0.08B,$0.31B,24.68%,$0.08B,$0.93B,7.72%,$0.12B,$0.65B,18.12%,$69,$0,$69,$17,$32,$50,$19,$-3,$17,$6,$11,$11,$11,$28,$19,$45,46,$0.24,$0.24,$616,$0,$0,$706,$7,$0,$140,$28,$227,$932,$142,$194,$2,$338,$479,$1,$473,$0,$453,$932,$11,$9,$-51,$-43,$-3,$0,$-1,$20,$6,$-26,$-1,$-9,$0,$-10,$0,$-10,$0,$-20,$-0,$0,$-0,$-25,$-25,$-5,$1,$-28,$-74,$2,$-5
27,2011-12-31,38.34,$10.36,3.7,$6.56,5.84,$-2.44,0.0,$1.94,19.76,$0.77B,$0.17B,4.44,$0.19B,$0.47B,0.41,$0.30B,$0.30B,100.00%,$0.30B,$0.13B,44.52%,$0.30B,$0.13B,44.52%,$0.30B,$0.17B,54.82%,$0.30B,$0.12B,41.20%,$0.30B,$0.09B,29.57%,$0.09B,$0.47B,20.70%,$0.09B,$0.33B,30.17%,$0.09B,$1.00B,9.13%,$0.13B,$0.66B,23.41%,$77,$0,$77,$14,$28,$41,$35,$-3,$33,$10,$23,$23,$23,$44,$35,$45,46,$0.49,$0.49,$678,$0,$0,$769,$8,$0,$138,$28,$228,$997,$173,$193,$6,$352,$525,$1,$467,$-0,$472,$997,$89,$30,$-227,$-197,$6,$0,$-1,$78,$73,$-34,$-4,$-27,$0,$-10,$0,$-10,$0,$-41,$230,$0,$230,$36,$36,$-18,$-46,$202,$127,$8,$-18
28,2011-09-30,40.8,$9.86,4.14,$7.01,5.82,$1.32,30.96,$2.21,18.46,$0.78B,$0.17B,4.67,$0.19B,$0.45B,0.43,$0.32B,$0.32B,100.00%,$0.32B,$0.15B,47.96%,$0.32B,$0.15B,47.96%,$0.32B,$0.18B,56.43%,$0.32B,$0.15B,45.45%,$0.32B,$0.10B,31.35%,$0.10B,$0.45B,24.98%,$0.10B,$0.31B,37.42%,$0.10B,$1.02B,10.59%,$0.15B,$0.64B,30.92%,$76,$0,$76,$17,$27,$44,$32,$-3,$29,$3,$26,$26,$26,$40,$32,$45,46,$0.58,$0.57,$691,$0,$0,$782,$7,$0,$136,$28,$240,$1022,$168,$191,$9,$406,$573,$1,$449,$-0,$449,$1022,$67,$22,$-160,$-138,$5,$0,$-2,$46,$39,$-33,$-3,$-19,$0,$45,$0,$45,$0,$23,$230,$0,$230,$36,$36,$-14,$-48,$204,$194,$6,$-14
29,2011-06-30,35.7,$9.29,3.84,$7.41,4.82,$5.68,6.29,$2.43,14.69,$0.79B,$0.17B,4.82,$0.19B,$0.42B,0.45,$0.34B,$0.34B,100.00%,$0.34B,$0.18B,52.24%,$0.34B,$0.18B,52.24%,$0.34B,$0.20B,59.70%,$0.34B,$0.17B,51.04%,$0.34B,$0.11B,32.84%,$0.11B,$0.42B,30.20%,$0.11B,$0.29B,47.11%,$0.11B,$1.04B,12.00%,$0.18B,$0.61B,42.53%,$70,$0,$70,$16,$24,$40,$30,$-3,$26,$9,$17,$17,$17,$38,$30,$45,46,$0.38,$0.37,$701,$0,$0,$793,$8,$0,$134,$48,$247,$1040,$165,$189,$14,$454,$618,$1,$427,$0,$422,$1040,$40,$14,$-116,$-102,$4,$0,$-2,$35,$30,$-31,$-2,$-13,$0,$5,$0,$5,$0,$-10,$230,$0,$230,$35,$35,$-9,$-50,$205,$164,$3,$-9
30,2011-03-31,41.62,$8.31,5.01,$7.93,5.25,$8.20,5.08,$2.84,14.65,$0.61B,$0.16B,3.82,$0.00B,$0.38B,0.0,$0.36B,$0.36B,100.00%,$0.36B,$0.20B,55.62%,$0.36B,$0.20B,55.62%,$0.36B,$0.22B,61.80%,$0.36B,$0.20B,55.90%,$0.36B,$0.13B,35.96%,$0.13B,$0.38B,39.35%,$0.13B,$0.25B,65.14%,$0.13B,$0.84B,14.33%,$0.20B,$0.38B,60.83%,$78,$0,$78,$17,$24,$41,$37,$-1,$36,$13,$23,$23,$23,$43,$37,$45,46,$0.52,$0.51,$527,$0,$0,$611,$8,$0,$132,$43,$228,$839,$160,$0,$13,$302,$463,$1,$415,$0,$377,$839,$23,$6,$-48,$-42,$11,$0,$-1,$16,$13,$-5,$-1,$-7,$0,$-1,$0,$-1,$0,$-9,$-0,$0,$-0,$3,$3,$-5,$1,$-1,$-15,$2,$-5
31,2010-12-31,36.24,$7.84,4.62,$8.83,4.1,$9.96,3.64,$3.42,10.6,$0.62B,$0.18B,3.47,$0.00B,$0.35B,0.0,$0.39B,$0.39B,100.00%,$0.39B,$0.24B,59.90%,$0.39B,$0.24B,59.90%,$0.39B,$0.26B,65.23%,$0.39B,$0.24B,60.41%,$0.39B,$0.15B,39.09%,$0.15B,$0.35B,53.52%,$0.15B,$0.22B,95.36%,$0.15B,$0.88B,16.83%,$0.24B,$0.35B,81.87%,$95,$0,$95,$21,$20,$42,$54,$1,$54,$20,$34,$34,$34,$59,$54,$44,45,$0.75,$0.76,$542,$0,$0,$620,$8,$0,$130,$45,$255,$875,$179,$0,$11,$343,$522,$1,$396,$0,$353,$875,$154,$22,$-284,$-262,$179,$0,$0,$84,$242,$134,$-3,$-28,$0,$-128,$0,$-128,$0,$-158,$-1,$0,$-1,$22,$22,$0,$8,$29,$5,$6,$0
32,2010-09-30,25.77,$6.91,3.73,$8.43,3.06,$14.17,1.82,$3.54,7.28,$0.64B,$0.22B,2.86,$0.00B,$0.31B,0.0,$0.38B,$0.38B,100.00%,$0.38B,$0.22B,59.47%,$0.38B,$0.22B,59.47%,$0.38B,$0.24B,65.07%,$0.38B,$0.22B,59.20%,$0.38B,$0.16B,42.40%,$0.16B,$0.31B,65.70%,$0.16B,$0.18B,134.46%,$0.16B,$0.91B,17.22%,$0.22B,$0.31B,91.96%,$92,$0,$92,$17,$20,$37,$54,$1,$55,$20,$36,$36,$36,$60,$54,$44,45,$0.81,$0.79,$564,$0,$0,$642,$8,$0,$127,$45,$272,$914,$224,$0,$11,$384,$608,$1,$366,$0,$305,$914,$119,$16,$-231,$-215,$183,$0,$2,$70,$259,$163,$-2,$-20,$0,$-51,$0,$-51,$0,$-73,$-1,$0,$-1,$11,$11,$0,$2,$12,$103,$4,$0
33,2010-06-30,21.49,$6.03,3.56,$8.10,2.65,$18.10,1.19,$3.44,6.25,$0.72B,$0.25B,2.86,$0.00B,$0.27B,0.0,$0.36B,$0.36B,100.00%,$0.36B,$0.22B,60.34%,$0.36B,$0.22B,60.34%,$0.36B,$0.24B,65.64%,$0.36B,$0.21B,59.78%,$0.36B,$0.15B,43.02%,$0.15B,$0.27B,78.17%,$0.15B,$0.14B,200.65%,$0.15B,$0.95B,16.69%,$0.22B,$0.27B,109.37%,$91,$0,$91,$16,$22,$38,$53,$1,$54,$19,$35,$35,$35,$58,$53,$44,45,$0.80,$0.78,$486,$0,$0,$723,$9,$0,$126,$45,$222,$945,$252,$0,$9,$427,$679,$1,$331,$0,$266,$945,$84,$11,$-138,$-128,$54,$0,$2,$51,$125,$82,$-1,$-14,$0,$-69,$0,$-69,$0,$-84,$-0,$0,$-0,$8,$8,$0,$1,$9,$7,$3,$0
34,2010-03-31,24.25,$5.17,4.69,$7.76,3.13,$18.59,1.3,$3.25,7.46,$0.70B,$0.26B,2.68,$0.00B,$0.23B,0.0,$0.34B,$0.34B,100.00%,$0.34B,$0.20B,59.36%,$0.34B,$0.20B,59.36%,$0.34B,$0.22B,64.91%,$0.34B,$0.20B,58.77%,$0.34B,$0.15B,42.40%,$0.15B,$0.23B,93.40%,$0.15B,$0.11B,371.79%,$0.15B,$0.93B,16.82%,$0.20B,$0.23B,130.34%,$116,$0,$116,$16,$25,$42,$75,$1,$75,$26,$49,$49,$49,$80,$75,$44,44,$1.12,$1.10,$482,$0,$0,$695,$10,$0,$122,$42,$231,$926,$259,$0,$5,$440,$699,$1,$296,$0,$227,$926,$49,$5,$-67,$-62,$64,$0,$2,$6,$86,$73,$-0,$-7,$0,$-69,$0,$-69,$0,$-76,$-0,$0,$-0,$7,$7,$0,$1,$7,$4,$1,$0
35,2009-12-31,23.12,$3.92,5.9,$6.76,3.42,$18.11,1.28,$1.96,11.79,$0.70B,$0.25B,2.78,$0.00B,$0.17B,0.0,$0.30B,$0.30B,100.00%,$0.30B,$0.11B,38.38%,$0.30B,$0.11B,38.38%,$0.30B,$0.14B,45.79%,$0.30B,$0.11B,38.05%,$0.30B,$0.09B,29.29%,$0.09B,$0.17B,73.11%,$0.09B,$0.05B,1288.89%,$0.09B,$0.91B,10.92%,$0.11B,$0.17B,95.40%,$76,$0,$76,$13,$21,$36,$41,$-3,$38,$-1,$39,$39,$39,$46,$41,$43,44,$0.92,$0.89,$410,$0,$0,$702,$10,$0,$119,$45,$206,$908,$253,$0,$11,$486,$739,$1,$247,$0,$170,$908,$87,$23,$-243,$-221,$-179,$0,$-2,$619,$454,$321,$-4,$-32,$0,$-158,$-1,$-158,$0,$-195,$-2,$0,$-2,$-17,$-17,$0,$4,$-15,$111,$10,$0
36,2009-09-30,20.16,$2.91,6.93,$6.31,3.19,$12.71,1.59,$1.17,17.23,$0.72B,$0.24B,2.94,$0.00B,$0.13B,0.0,$0.28B,$0.28B,100.00%,$0.28B,$0.08B,27.86%,$0.28B,$0.08B,27.86%,$0.28B,$0.10B,36.43%,$0.28B,$0.08B,28.57%,$0.28B,$0.05B,18.57%,$0.05B,$0.13B,52.79%,$0.05B,$0.01B,-340.98%,$0.05B,$0.91B,7.75%,$0.08B,$0.13B,78.59%,$75,$0,$75,$11,$18,$29,$47,$1,$47,$16,$31,$31,$31,$51,$47,$43,44,$0.70,$0.69,$430,$0,$0,$718,$10,$27,$113,$3,$192,$911,$244,$1,$13,$542,$786,$1,$208,$0,$125,$911,$48,$18,$-178,$-160,$-171,$0,$-3,$608,$445,$333,$-2,$-23,$0,$-122,$0,$-122,$0,$-148,$-2,$0,$-2,$-20,$-20,$0,$3,$-19,$166,$8,$0
37,2009-06-30,21.27,$2.28,9.34,$5.80,3.67,$7.40,2.88,$0.68,31.28,$0.54B,$0.24B,2.31,$0.00B,$0.10B,0.01,$0.26B,$0.26B,100.00%,$0.26B,$0.04B,16.92%,$0.26B,$0.04B,16.92%,$0.26B,$0.07B,27.31%,$0.26B,$0.05B,18.08%,$0.26B,$0.03B,11.54%,$0.03B,$0.10B,33.43%,$0.03B,$-0.01B,-146.34%,$0.03B,$0.70B,5.41%,$0.04B,$0.10B,48.62%,$75,$0,$75,$13,$22,$35,$40,$1,$41,$14,$26,$26,$26,$45,$40,$43,44,$0.60,$0.59,$217,$0,$0,$544,$11,$0,$109,$9,$160,$703,$236,$1,$11,$369,$605,$1,$177,$0,$99,$703,$18,$13,$-119,$-106,$-211,$0,$-1,$389,$192,$103,$-2,$-15,$0,$-55,$0,$-55,$0,$-72,$-1,$0,$-1,$-11,$-11,$0,$1,$-12,$20,$5,$0
38,2009-03-31,22.47,$1.88,11.92,$5.37,4.18,$7.58,2.96,$0.22,102.15,$0.50B,$0.24B,2.06,$0.00B,$0.08B,0.01,$0.24B,$0.24B,100.00%,$0.24B,$0.01B,4.92%,$0.24B,$0.01B,4.92%,$0.24B,$0.04B,16.80%,$0.24B,$0.02B,6.15%,$0.24B,$0.01B,4.10%,$0.01B,$0.08B,10.64%,$0.01B,$-0.02B,-78.43%,$0.01B,$0.66B,1.99%,$0.01B,$0.08B,12.60%,$71,$0,$71,$27,$20,$84,$-14,$1,$-13,$-4,$-9,$-9,$-9,$-6,$-14,$44,44,$-0.20,$-0.20,$186,$0,$0,$496,$12,$0,$106,$9,$167,$664,$241,$1,$10,$340,$581,$1,$151,$0,$82,$664,$-9,$8,$-73,$-65,$-191,$0,$1,$301,$125,$51,$-1,$-6,$0,$-39,$0,$-39,$0,$-47,$-0,$0,$-0,$1,$1,$0,$1,$1,$5,$3,$0
39,2008-12-31,23.94,$2.02,11.83,$4.94,4.85,$8.26,2.9,$0.57,41.99,$0.24B,$0.13B,1.91,$0.00B,$0.09B,0.02,$0.23B,$0.23B,100.00%,$0.23B,$0.04B,16.16%,$0.23B,$0.04B,16.16%,$0.23B,$0.07B,28.38%,$0.23B,$0.04B,17.03%,$0.23B,$0.03B,11.35%,$0.03B,$0.09B,24.70%,$0.03B,$-0.04B,1300.00%,$0.03B,$0.41B,5.59%,$0.04B,$0.09B,34.66%,$59,$0,$59,$30,$24,$54,$5,$1,$5,$2,$4,$4,$4,$12,$5,$45,46,$0.09,$0.09,$142,$0,$0,$241,$21,$0,$126,$11,$165,$406,$127,$1,$9,$192,$318,$1,$160,$0,$88,$406,$26,$29,$-120,$-91,$97,$0,$-30,$90,$151,$86,$-6,$-35,$0,$44,$-1,$43,$0,$3,$-2,$0,$-2,$-80,$-80,$0,$2,$-80,$8,$5,$0
40,2008-09-30,20.93,$2.06,10.15,$4.78,4.38,$9.34,2.24,$0.44,47.57,$0.28B,$0.13B,2.1,$0.00B,$0.09B,0.02,$0.23B,$0.23B,100.00%,$0.23B,$0.03B,12.89%,$0.23B,$0.03B,12.89%,$0.23B,$0.06B,25.33%,$0.23B,$0.03B,14.67%,$0.23B,$0.02B,8.89%,$0.02B,$0.09B,17.02%,$0.02B,$-0.01B,109.59%,$0.02B,$0.45B,4.02%,$0.03B,$0.09B,24.32%,$55,$0,$55,$24,$21,$42,$13,$1,$14,$5,$9,$9,$9,$20,$13,$45,46,$0.20,$0.20,$188,$0,$0,$281,$22,$0,$99,$37,$166,$446,$134,$1,$8,$223,$357,$1,$156,$-0,$90,$446,$22,$21,$-87,$-66,$100,$0,$-32,$95,$149,$106,$-4,$-24,$0,$23,$-1,$22,$0,$-6,$-2,$0,$-2,$-66,$-66,$0,$1,$-66,$33,$4,$0
41,2008-06-30,21.17,$2.56,8.25,$4.73,4.47,$9.61,2.2,$0.42,50.4,$0.33B,$0.13B,2.57,$0.00B,$0.12B,0.02,$0.23B,$0.23B,100.00%,$0.23B,$0.03B,11.89%,$0.23B,$0.03B,11.89%,$0.23B,$0.05B,23.35%,$0.23B,$0.03B,14.10%,$0.23B,$0.02B,8.81%,$0.02B,$0.12B,14.95%,$0.02B,$0.02B,51.61%,$0.02B,$0.50B,3.85%,$0.03B,$0.12B,19.93%,$59,$0,$59,$22,$29,$51,$8,$1,$9,$3,$6,$6,$6,$15,$8,$45,46,$0.13,$0.13,$238,$0,$0,$330,$23,$0,$96,$36,$169,$499,$129,$2,$7,$255,$383,$1,$146,$0,$116,$499,$13,$14,$-55,$-41,$95,$0,$-23,$90,$146,$118,$-3,$-17,$0,$-21,$-1,$-21,$0,$-41,$-1,$0,$-1,$-36,$-36,$0,$0,$-36,$40,$3,$0
42,2008-03-31,17.24,$2.77,6.23,$4.64,3.72,$9.48,1.82,$0.20,86.21,$0.35B,$0.15B,2.37,$0.00B,$0.13B,0.02,$0.22B,$0.22B,100.00%,$0.22B,$0.01B,4.48%,$0.22B,$0.01B,4.48%,$0.22B,$0.03B,15.25%,$0.22B,$0.02B,7.17%,$0.22B,$0.01B,4.48%,$0.01B,$0.13B,7.17%,$0.01B,$0.04B,20.41%,$0.01B,$0.51B,1.92%,$0.01B,$0.13B,7.09%,$56,$0,$56,$23,$23,$45,$11,$0,$11,$4,$7,$7,$7,$18,$11,$46,47,$0.16,$0.15,$240,$0,$0,$345,$23,$0,$92,$35,$165,$510,$146,$2,$6,$237,$383,$1,$141,$0,$127,$510,$7,$7,$-28,$-21,$93,$0,$-3,$28,$101,$86,$-1,$-8,$0,$-24,$0,$-24,$0,$-33,$-0,$0,$-0,$-15,$-15,$0,$0,$-15,$38,$1,$0
43,2007-12-31,20.31,$2.95,6.89,$4.76,4.27,$9.57,2.12,$0.39,52.07,$0.37B,$0.16B,2.36,$0.00B,$0.14B,0.02,$0.24B,$0.24B,100.00%,$0.24B,$0.02B,9.79%,$0.24B,$0.02B,9.79%,$0.24B,$0.05B,19.15%,$0.24B,$0.03B,13.62%,$0.24B,$0.02B,8.94%,$0.02B,$0.14B,14.48%,$0.02B,$0.03B,35.44%,$0.02B,$0.54B,4.03%,$0.02B,$0.14B,15.73%,$55,$0,$55,$21,$28,$58,$-3,$2,$-1,$1,$-2,$-2,$-2,$4,$-3,$48,49,$-0.03,$-0.03,$177,$0,$0,$371,$25,$0,$110,$14,$163,$535,$157,$2,$14,$241,$398,$1,$133,$0,$137,$535,$20,$22,$-118,$-96,$1,$0,$26,$189,$229,$153,$-14,$-48,$0,$13,$-5,$8,$0,$-54,$-1,$0,$-1,$-177,$-177,$0,$5,$-173,$-74,$10,$0
44,2007-09-30,18.09,$3.26,5.55,$4.80,3.76,$12.18,1.49,$0.80,22.61,$0.37B,$0.15B,2.5,$0.00B,$0.16B,0.01,$0.25B,$0.25B,100.00%,$0.25B,$0.05B,21.63%,$0.25B,$0.05B,21.63%,$0.25B,$0.07B,29.39%,$0.25B,$0.06B,25.71%,$0.25B,$0.04B,17.55%,$0.04B,$0.16B,23.96%,$0.04B,$0.07B,41.45%,$0.04B,$0.54B,8.13%,$0.05B,$0.16B,29.32%,$57,$0,$57,$21,$25,$46,$11,$2,$13,$4,$9,$9,$9,$16,$11,$47,49,$0.18,$0.18,$190,$0,$0,$367,$24,$0,$82,$37,$170,$536,$147,$2,$13,$235,$382,$1,$135,$0,$155,$536,$22,$16,$-92,$-77,$7,$0,$16,$156,$188,$134,$-12,$-36,$0,$15,$-5,$10,$0,$-39,$-1,$0,$-1,$-159,$-159,$0,$5,$-155,$-60,$7,$0
45,2007-06-30,28.0,$2.96,9.47,$4.88,5.74,$15.34,1.82,$1.02,27.45,$0.37B,$0.14B,2.64,$0.00B,$0.14B,0.01,$0.26B,$0.26B,100.00%,$0.26B,$0.07B,28.24%,$0.26B,$0.07B,28.24%,$0.26B,$0.09B,35.29%,$0.26B,$0.08B,32.94%,$0.26B,$0.06B,21.96%,$0.06B,$0.14B,26.26%,$0.06B,$0.06B,39.65%,$0.06B,$0.51B,10.34%,$0.07B,$0.14B,33.57%,$55,$0,$55,$21,$26,$64,$-9,$2,$-7,$-2,$-4,$-4,$-4,$-4,$-9,$47,47,$-0.09,$-0.09,$192,$0,$0,$366,$23,$0,$78,$26,$141,$507,$139,$1,$13,$230,$368,$1,$127,$-0,$139,$507,$13,$10,$-70,$-60,$26,$0,$17,$115,$168,$121,$-11,$-19,$0,$14,$-5,$9,$0,$-21,$-0,$0,$-0,$-162,$-162,$0,$3,$-158,$-58,$5,$0
46,2007-03-31,27.56,$3.16,8.73,$8.90,3.1,$18.23,1.51,$4.09,6.74,$0.38B,$0.11B,3.49,$0.00B,$0.15B,0.01,$0.50B,$0.50B,100.00%,$0.50B,$0.34B,68.81%,$0.50B,$0.34B,68.81%,$0.50B,$0.36B,72.03%,$0.50B,$0.36B,71.63%,$0.50B,$0.23B,46.28%,$0.23B,$0.15B,90.37%,$0.23B,$0.08B,123.99%,$0.23B,$0.51B,40.37%,$0.34B,$0.15B,133.72%,$68,$0,$68,$22,$22,$44,$24,$3,$27,$9,$18,$18,$18,$29,$24,$50,52,$0.35,$0.34,$213,$0,$0,$382,$22,$0,$73,$20,$126,$508,$109,$1,$12,$250,$359,$1,$131,$-0,$149,$508,$18,$5,$-35,$-30,$21,$0,$-1,$107,$118,$106,$-7,$-5,$0,$4,$-5,$-1,$0,$-14,$-0,$0,$-0,$-142,$-142,$0,$2,$-139,$-48,$2,$0
47,2006-12-31,29.2,$5.37,5.44,$8.50,3.44,$17.79,1.64,$3.98,7.34,$0.45B,$0.12B,3.74,$0.00B,$0.28B,0.0,$0.48B,$0.48B,100.00%,$0.48B,$0.34B,70.06%,$0.48B,$0.34B,70.06%,$0.48B,$0.35B,72.97%,$0.48B,$0.35B,72.56%,$0.48B,$0.23B,46.78%,$0.23B,$0.28B,84.03%,$0.23B,$0.21B,111.66%,$0.23B,$0.56B,39.11%,$0.34B,$0.28B,125.28%,$65,$0,$65,$17,$22,$38,$27,$4,$30,$10,$20,$20,$20,$31,$27,$53,56,$0.44,$0.43,$264,$0,$0,$454,$17,$0,$70,$17,$110,$564,$121,$1,$5,$167,$289,$1,$115,$-0,$275,$564,$225,$15,$-148,$-134,$-112,$0,$4,$323,$223,$315,$-11,$-22,$0,$-20,$0,$-20,$0,$-52,$-0,$0,$-0,$-144,$-144,$0,$21,$-124,$139,$7,$0
