,Date,Stock Price,Book Value per Share,Price to Book Ratio,TTM Sales per Share,Price to Sales Ratio,TTM FCF per Share,Price to FCF Ratio,TTM Net EPS,PE Ratio,Current Assets,Current Liabilities,Current Ratio,Long Term Debt,Shareholder's Equity_x,Debt to Equity Ratio,TTM Revenue_x,TTM Gross Profit,Gross Margin,TTM Revenue_y,TTM Operating Income,Operating Margin,TTM Revenue_x,TTM EBIT,EBIT Margin,TTM Revenue_y,TTM EBITDA,EBITDA Margin,TTM Revenue_x,TTM Pre-Tax Income,Pre-Tax Margin,TTM Revenue_y,TTM Net Income_x,Net Margin,TTM Net Income_y,Shareholder's Equity_y,Return on Equity,TTM Net Income_x,Tangible Equity,Return on Tangible Equity,TTM Net Income_y,Total Assets,Return on Assets,TTM Net Income,LT Investments & Debt,Return on Investment,revenue,cost-goods-sold,gross-profit,research-development-expenses,selling-general-administrative-expenses,operating-expenses,operating-income,total-non-operating-income-expense,pre-tax-income,total-provision-income-taxes,income-after-taxes,income-from-continuous-operations,net-income,ebitda,ebit,basic-shares-outstanding,shares-outstanding,eps-basic-net-earnings-per-share,eps-earnings-per-share-diluted,cash-on-hand,inventory,other-current-assets,total-current-assets,net-property-plant-equipment,long-term-investments,goodwill-intangible-assets-total,other-long-term-assets,total-long-term-assets,total-assets,total-current-liabilities,long-term-debt,other-non-current-liabilities,total-long-term-liabilities,total-liabilities,common-stock-net,retained-earnings-accumulated-deficit,comprehensive-income,total-share-holder-equity,total-liabilities-share-holders-equity,net-income-loss,total-depreciation-amortization-cash-flow,other-non-cash-items,total-non-cash-items,change-in-accounts-receivable,change-in-inventories,change-in-accounts-payable,change-in-assets-liabilities,total-change-in-assets-liabilities,cash-flow-from-operating-activities,net-change-in-property-plant-equipment,net-change-in-intangible-assets,net-acquisitions-divestitures,net-change-in-short-term-investments,net-change-in-long-term-investments,net-change-in-investments-total,investing-activities-other,cash-flow-from-investing-activities,net-long-term-debt,net-current-debt,debt-issuance-retirement-net-total,net-common-equity-issued-repurchased,net-total-equity-issued-repurchased,total-common-preferred-stock-dividends-paid,financial-activities-other,cash-flow-from-financial-activities,net-cash-flow,stock-based-compensation,common-stock-dividends-paid
0,2018-09-30,1.54,$1.27,1.21,$0.85,1.81,$-1.50,0.0,$-0.37,0.0,$0.02B,$0.01B,2.35,$0.00B,$0.04B,0.0,$0.02B,$0.01B,52.38%,$0.02B,$-0.01B,-47.62%,$0.02B,$-0.01B,-47.62%,$0.02B,$-0.01B,-33.33%,$0.02B,$-0.01B,-61.90%,$0.02B,$-0.01B,-61.90%,$-0.01B,$0.04B,-33.55%,$-0.01B,$0.01B,-200.00%,$-0.01B,$0.05B,-25.00%,$-0.01B,$0.04B,-25.81%,$6,$3,$3,$1,$4,$8,$-2,$-1,$-3,$0,$-3,$-3,$-3,$-2,$-2,$28,28,$-0.11,$-0.11,$8,$0,$2,$18,$1,$0,$31,$0,$32,$50,$8,$0,$6,$6,$14,$0,$-137,$0,$36,$50,$-8,$3,$2,$4,$-3,$0,$1,$0,$-3,$-7,$-0,$0,$0,$0,$0,$0,$0,$-0,$0,$0,$0,$0,$0,$0,$-0,$-0,$-7,$2,$0
1,2018-06-30,0.89,$1.37,0.65,$0.84,1.06,$-1.83,0.0,$-0.52,0.0,$0.02B,$0.01B,2.61,$0.00B,$0.04B,0.0,$0.02B,$0.01B,52.63%,$0.02B,$-0.01B,-57.89%,$0.02B,$-0.01B,-57.89%,$0.02B,$-0.01B,-36.84%,$0.02B,$-0.01B,-68.42%,$0.02B,$-0.01B,-68.42%,$-0.01B,$0.04B,-33.55%,$-0.01B,$0.01B,-226.09%,$-0.01B,$0.05B,-25.00%,$-0.01B,$0.04B,-28.39%,$6,$2,$3,$1,$4,$7,$-2,$0,$-2,$0,$-2,$-2,$-2,$-1,$-2,$28,28,$-0.07,$-0.07,$10,$0,$1,$19,$1,$0,$31,$0,$32,$51,$7,$0,$5,$5,$13,$0,$-134,$0,$39,$51,$-5,$2,$1,$2,$-2,$0,$1,$0,$-2,$-5,$-0,$0,$0,$0,$0,$0,$0,$-0,$0,$0,$0,$0,$0,$0,$-0,$-0,$-5,$1,$0
2,2018-03-31,0.88,$1.43,0.62,$1.04,0.85,$-2.54,0.0,$-1.10,0.0,$0.02B,$0.01B,2.58,$0.00B,$0.04B,0.0,$0.02B,$0.01B,52.94%,$0.02B,$-0.01B,-76.47%,$0.02B,$-0.01B,-76.47%,$0.02B,$-0.01B,-52.94%,$0.02B,$-0.02B,-105.88%,$0.02B,$-0.02B,-100.00%,$-0.02B,$0.04B,-44.74%,$-0.02B,$0.01B,-377.78%,$-0.02B,$0.05B,-32.23%,$-0.01B,$0.04B,-34.21%,$5,$3,$2,$1,$4,$8,$-3,$0,$-3,$0,$-3,$-3,$-3,$-2,$-3,$28,28,$-0.11,$-0.11,$13,$0,$1,$20,$1,$0,$32,$0,$33,$53,$8,$0,$6,$6,$13,$0,$-132,$0,$40,$53,$-3,$1,$1,$1,$-0,$0,$0,$0,$-1,$-2,$-0,$0,$0,$0,$0,$0,$0,$-0,$0,$0,$0,$0,$0,$0,$0,$0,$-3,$1,$0
3,2017-12-31,1.02,$1.43,0.71,$1.66,0.61,$-3.39,0.0,$-0.44,0.0,$0.02B,$0.01B,2.45,$0.00B,$0.04B,0.0,$0.02B,$0.01B,60.00%,$0.02B,$-0.01B,-40.00%,$0.02B,$-0.01B,-40.00%,$0.02B,$-0.00B,-13.33%,$0.02B,$-0.01B,-86.67%,$0.02B,$-0.01B,-80.00%,$-0.01B,$0.04B,-35.04%,$-0.01B,$0.01B,-5534023222112865280.00%,$-0.01B,$0.05B,-23.41%,$-0.01B,$0.04B,-17.02%,$4,$2,$3,$0,$5,$8,$-3,$-2,$-5,$-0,$-5,$-5,$-5,$-2,$-3,$16,16,$-0.54,$-0.53,$15,$0,$1,$20,$1,$0,$33,$0,$34,$54,$8,$0,$6,$6,$14,$0,$-132,$0,$40,$54,$-12,$4,$0,$4,$-1,$0,$-3,$1,$-7,$-15,$-0,$0,$0,$0,$0,$0,$0,$-0,$0,$0,$0,$30,$30,$0,$-0,$30,$15,$1,$0
4,2017-09-30,1.55,$1.59,0.98,$3.10,0.5,$-6.61,0.0,$2.99,0.52,$0.02B,$0.01B,1.9,$0.00B,$0.04B,0.0,$0.01B,$0.01B,50.00%,$0.01B,$0.00B,28.57%,$0.01B,$0.00B,28.57%,$0.01B,$0.01B,57.14%,$0.01B,$-0.00B,-14.29%,$0.01B,$-0.00B,-7.14%,$-0.00B,$0.04B,-3.85%,$-0.00B,$0.00B,10.81%,$-0.00B,$0.05B,-2.07%,$0.00B,$0.04B,13.91%,$4,$2,$2,$0,$4,$7,$-3,$-0,$-3,$-0,$-3,$-3,$-3,$-2,$-3,$22,22,$-0.15,$-0.15,$12,$0,$1,$16,$1,$0,$34,$0,$35,$50,$8,$0,$6,$6,$14,$0,$-127,$0,$36,$50,$-7,$3,$-2,$1,$-1,$0,$-2,$0,$-7,$-13,$-0,$0,$0,$0,$0,$0,$0,$-0,$0,$0,$0,$24,$24,$0,$-0,$24,$11,$1,$0
5,2017-06-30,0.89,$1.81,0.49,$4.74,0.19,$-9.67,0.0,$-0.96,0.0,$0.02B,$0.01B,1.69,$0.00B,$0.04B,0.0,$0.01B,$0.01B,46.15%,$0.01B,$0.00B,7.69%,$0.01B,$0.00B,7.69%,$0.01B,$0.01B,38.46%,$0.01B,$-0.01B,-46.15%,$0.01B,$-0.01B,-38.46%,$-0.01B,$0.04B,-29.85%,$-0.01B,$0.00B,25.64%,$-0.01B,$0.05B,-10.58%,$0.00B,$0.04B,4.82%,$4,$2,$2,$0,$4,$7,$-4,$-3,$-7,$-0,$-6,$-6,$-6,$-3,$-4,$10,10,$-0.65,$-0.65,$14,$0,$1,$18,$1,$0,$35,$0,$35,$54,$11,$0,$7,$7,$17,$0,$-123,$0,$36,$54,$-4,$2,$-3,$-1,$-1,$0,$-1,$0,$-4,$-9,$0,$0,$0,$0,$0,$0,$0,$0,$0,$0,$0,$22,$22,$0,$-0,$22,$14,$0,$0
6,2017-03-31,2.63,$3.65,0.72,$6.33,0.42,$-11.68,0.0,$-1.61,0.0,$0.01B,$0.01B,0.82,$0.00B,$0.03B,0.18,$0.01B,$0.01B,46.15%,$0.01B,$0.00B,15.38%,$0.01B,$0.00B,15.38%,$0.01B,$0.01B,46.15%,$0.01B,$-0.00B,-23.08%,$0.01B,$-0.00B,-7.69%,$-0.00B,$0.03B,-10.81%,$-0.00B,$-0.01B,3.45%,$-0.00B,$0.05B,-2.12%,$0.00B,$0.03B,13.79%,$3,$2,$2,$0,$3,$-0,$4,$-2,$2,$0,$2,$2,$2,$5,$4,$4,4,$0.56,$0.55,$7,$0,$1,$11,$1,$0,$36,$0,$36,$47,$13,$4,$5,$9,$22,$0,$-117,$0,$25,$47,$2,$1,$-6,$-5,$-0,$0,$0,$0,$-2,$-4,$0,$0,$0,$0,$0,$0,$0,$0,$0,$0,$0,$11,$11,$0,$-0,$11,$7,$0,$0
7,2016-12-31,4.4,$3.00,1.47,$7.24,0.61,$-12.97,0.0,$-4.86,0.0,$0.00B,$0.02B,0.26,$0.01B,$0.01B,1.21,$0.01B,$0.01B,46.15%,$0.01B,$-0.01B,-46.15%,$0.01B,$-0.01B,-46.15%,$0.01B,$-0.00B,-15.38%,$0.01B,$-0.01B,-69.23%,$0.01B,$-0.01B,-61.54%,$-0.01B,$0.01B,-160.00%,$-0.01B,$-0.03B,23.02%,$-0.01B,$0.04B,-16.08%,$-0.01B,$0.01B,-55.81%,$3,$2,$1,$0,$4,$-4,$7,$-1,$6,$-0,$6,$6,$6,$8,$7,$2,2,$3.52,$3.52,$1,$0,$1,$4,$1,$0,$36,$0,$38,$42,$16,$8,$11,$19,$35,$0,$-120,$0,$7,$42,$-8,$4,$-5,$-1,$5,$0,$0,$2,$1,$-8,$0,$0,$0,$0,$0,$0,$0,$0,$-1,$0,$-1,$2,$2,$0,$-0,$-0,$-8,$0,$0
8,2016-09-30,1.6,$-0.81,-1.96,$7.18,0.22,$-21.83,0.0,$-8.10,0.0,$0.01B,$0.02B,0.34,$0.01B,$-0.00B,-3.56,$0.01B,$0.01B,46.15%,$0.01B,$-0.03B,-253.85%,$0.01B,$-0.03B,-253.85%,$0.01B,$-0.01B,-100.00%,$0.01B,$-0.04B,-276.92%,$0.01B,$-0.01B,-76.92%,$-0.01B,$-0.00B,-153.85%,$-0.01B,$-0.04B,28.78%,$-0.01B,$0.05B,-17.78%,$-0.03B,$0.00B,-269.39%,$3,$2,$1,$1,$4,$10,$-6,$-1,$-7,$0,$-7,$-7,$-7,$-5,$-6,$2,2,$-4.13,$-4.13,$2,$0,$2,$7,$1,$0,$37,$1,$39,$46,$20,$5,$22,$28,$47,$0,$-126,$0,$-1,$46,$-15,$3,$4,$8,$5,$0,$-1,$1,$0,$-7,$0,$0,$0,$0,$0,$0,$0,$0,$0,$0,$0,$0,$0,$0,$0,$0,$-7,$0,$0
