,Date,Stock Price,Book Value per Share,Price to Book Ratio,TTM Sales per Share,Price to Sales Ratio,TTM FCF per Share,Price to FCF Ratio,TTM Net EPS,PE Ratio,Current Assets,Current Liabilities,Current Ratio,Long Term Debt,Shareholder's Equity_x,Debt to Equity Ratio,TTM Revenue_x,TTM Gross Profit,Gross Margin,TTM Revenue_y,TTM Operating Income,Operating Margin,TTM Revenue_x,TTM EBIT,EBIT Margin,TTM Revenue_y,TTM EBITDA,EBITDA Margin,TTM Revenue_x,TTM Pre-Tax Income,Pre-Tax Margin,TTM Revenue_y,TTM Net Income_x,Net Margin,TTM Net Income_y,Shareholder's Equity_y,Return on Equity,TTM Net Income_x,Tangible Equity,Return on Tangible Equity,TTM Net Income_y,Total Assets,Return on Assets,TTM Net Income,LT Investments & Debt,Return on Investment,revenue,cost-goods-sold,gross-profit,research-development-expenses,selling-general-administrative-expenses,operating-expenses,operating-income,total-non-operating-income-expense,pre-tax-income,total-provision-income-taxes,income-after-taxes,income-from-continuous-operations,net-income,ebitda,ebit,basic-shares-outstanding,shares-outstanding,eps-basic-net-earnings-per-share,eps-earnings-per-share-diluted,cash-on-hand,inventory,other-current-assets,total-current-assets,net-property-plant-equipment,long-term-investments,goodwill-intangible-assets-total,other-long-term-assets,total-long-term-assets,total-assets,total-current-liabilities,long-term-debt,other-non-current-liabilities,total-long-term-liabilities,total-liabilities,common-stock-net,retained-earnings-accumulated-deficit,comprehensive-income,total-share-holder-equity,total-liabilities-share-holders-equity,net-income-loss,total-depreciation-amortization-cash-flow,other-non-cash-items,total-non-cash-items,change-in-accounts-receivable,change-in-inventories,change-in-accounts-payable,change-in-assets-liabilities,total-change-in-assets-liabilities,cash-flow-from-operating-activities,net-change-in-property-plant-equipment,net-change-in-intangible-assets,net-acquisitions-divestitures,net-change-in-short-term-investments,net-change-in-long-term-investments,net-change-in-investments-total,investing-activities-other,cash-flow-from-investing-activities,net-long-term-debt,net-current-debt,debt-issuance-retirement-net-total,net-common-equity-issued-repurchased,net-total-equity-issued-repurchased,total-common-preferred-stock-dividends-paid,financial-activities-other,cash-flow-from-financial-activities,net-cash-flow,stock-based-compensation,common-stock-dividends-paid
0,2018-09-30,249.66,$-0.02,-15901.91,$24.42,10.22,$6.67,37.41,$3.72,67.11,$0.70B,$0.76B,0.93,$0.67B,$-0.00B,-487.83,$2.17B,$1.21B,55.90%,$2.17B,$0.47B,21.84%,$2.17B,$0.47B,21.84%,$2.17B,$0.56B,25.67%,$2.17B,$0.44B,20.28%,$2.17B,$0.33B,15.16%,$0.33B,$-0.00B,-907.59%,$0.33B,$-0.26B,-116.87%,$0.33B,$1.55B,21.06%,$0.47B,$0.66B,79.87%,$545,$240,$306,$29,$159,$428,$117,$-8,$109,$16,$93,$93,$93,$138,$117,$87,88,$1.07,$1.05,$147,$180,$113,$704,$410,$0,$258,$172,$840,$1545,$760,$665,$81,$786,$1546,$11,$1082,$-42,$-1,$1545,$291,$63,$37,$99,$-33,$-27,$-1,$-65,$-126,$264,$-83,$-0,$-23,$284,$0,$284,$0,$178,$0,$-241,$-241,$-238,$-238,$0,$-1,$-480,$-41,$19,$0
1,2018-06-30,217.94,$-0.47,-462.23,$23.76,9.17,$6.83,31.89,$3.46,62.99,$0.74B,$0.77B,0.96,$0.60B,$-0.04B,-14.77,$2.12B,$1.18B,55.79%,$2.12B,$0.46B,21.59%,$2.12B,$0.46B,21.59%,$2.12B,$0.54B,25.51%,$2.12B,$0.42B,19.98%,$2.12B,$0.31B,14.50%,$0.31B,$-0.04B,-639.58%,$0.31B,$-0.28B,-105.95%,$0.31B,$1.52B,19.27%,$0.46B,$0.56B,80.67%,$581,$248,$332,$30,$157,$435,$146,$-8,$137,$29,$109,$109,$109,$166,$146,$87,89,$1.25,$1.23,$175,$176,$124,$740,$394,$0,$235,$152,$781,$1521,$774,$603,$83,$787,$1562,$10,$989,$-43,$-41,$1521,$198,$42,$23,$64,$-33,$-17,$0,$-59,$-109,$154,$-51,$0,$0,$284,$0,$284,$0,$233,$0,$-218,$-218,$-177,$-177,$0,$-1,$-396,$-13,$12,$0
2,2018-03-31,191.39,$-0.56,-339.95,$22.87,8.37,$6.82,28.05,$3.18,60.19,$0.70B,$0.73B,0.96,$0.61B,$-0.05B,-12.43,$2.05B,$1.14B,55.84%,$2.05B,$0.43B,21.22%,$2.05B,$0.43B,21.22%,$2.05B,$0.52B,25.28%,$2.05B,$0.40B,19.61%,$2.05B,$0.28B,13.84%,$0.28B,$-0.05B,-477.64%,$0.28B,$-0.29B,-93.40%,$0.28B,$1.47B,17.45%,$0.43B,$0.56B,78.23%,$538,$235,$303,$29,$161,$425,$113,$-9,$104,$15,$89,$89,$89,$134,$113,$87,89,$1.02,$1.01,$159,$179,$104,$702,$384,$0,$243,$141,$768,$1469,$729,$609,$85,$790,$1518,$10,$880,$-34,$-49,$1469,$89,$21,$10,$31,$-22,$-8,$-2,$-54,$-85,$35,$-24,$0,$0,$284,$0,$284,$0,$260,$0,$-248,$-248,$-77,$-77,$0,$0,$-325,$-28,$6,$0
3,2017-12-31,156.38,$-0.62,-253.0,$21.96,7.12,$6.78,23.06,$2.94,53.19,$0.97B,$1.01B,0.97,$0.64B,$-0.05B,-11.92,$1.97B,$1.10B,55.71%,$1.97B,$0.41B,20.98%,$1.97B,$0.41B,20.98%,$1.97B,$0.50B,25.19%,$1.97B,$0.38B,19.40%,$1.97B,$0.26B,13.36%,$0.26B,$-0.05B,-401.53%,$0.26B,$-0.30B,-86.23%,$0.26B,$1.71B,15.96%,$0.41B,$0.59B,75.78%,$506,$234,$272,$29,$146,$408,$98,$-8,$90,$51,$38,$38,$38,$119,$98,$88,90,$0.44,$0.43,$472,$164,$101,$972,$379,$0,$244,$119,$741,$1713,$1005,$642,$96,$763,$1767,$10,$804,$-36,$-54,$1713,$263,$83,$18,$102,$-25,$-19,$1,$51,$8,$373,$-74,$-2,$-15,$-47,$0,$-47,$0,$-139,$0,$44,$44,$-252,$-252,$0,$0,$-208,$33,$24,$0
4,2017-09-30,155.49,$-0.55,-280.52,$21.18,7.34,$6.46,24.06,$3.09,50.32,$0.94B,$1.00B,0.95,$0.60B,$-0.05B,-12.49,$1.91B,$1.07B,55.93%,$1.91B,$0.40B,20.93%,$1.91B,$0.40B,20.93%,$1.91B,$0.48B,25.29%,$1.91B,$0.37B,19.36%,$1.91B,$0.28B,14.53%,$0.28B,$-0.05B,-350.63%,$0.28B,$-0.29B,-88.29%,$0.28B,$1.67B,17.29%,$0.40B,$0.56B,76.84%,$492,$218,$274,$28,$146,$392,$100,$-8,$92,$22,$71,$71,$71,$121,$100,$88,89,$0.81,$0.79,$454,$177,$84,$943,$368,$0,$245,$114,$727,$1669,$997,$604,$50,$721,$1718,$10,$765,$-35,$-48,$1669,$225,$62,$19,$81,$-19,$-23,$-4,$-8,$-54,$252,$-54,$-0,$-15,$-45,$0,$-45,$0,$-114,$0,$75,$75,$-205,$-205,$0,$0,$-130,$14,$18,$0
5,2017-06-30,161.42,$-0.98,-163.93,$20.59,7.84,$6.31,25.58,$2.92,55.28,$0.92B,$1.00B,0.92,$0.60B,$-0.09B,-6.98,$1.86B,$1.04B,55.80%,$1.86B,$0.39B,20.78%,$1.86B,$0.39B,20.78%,$1.86B,$0.47B,25.19%,$1.86B,$0.36B,19.28%,$1.86B,$0.26B,14.07%,$0.26B,$-0.09B,-492.02%,$0.26B,$-0.33B,-92.25%,$0.26B,$1.64B,16.79%,$0.39B,$0.52B,70.17%,$509,$216,$293,$27,$143,$386,$123,$-8,$115,$29,$85,$85,$85,$143,$123,$88,90,$0.97,$0.95,$423,$170,$86,$919,$365,$0,$243,$111,$718,$1637,$1001,$601,$49,$722,$1723,$10,$695,$-38,$-86,$1637,$154,$41,$15,$56,$-32,$-19,$1,$-20,$-69,$141,$-39,$0,$-15,$-20,$0,$-20,$0,$-73,$0,$93,$93,$-155,$-155,$0,$0,$-62,$11,$12,$0
6,2017-03-31,154.61,$-0.84,-183.95,$20.06,7.71,$6.27,24.67,$2.71,57.05,$0.88B,$0.94B,0.94,$0.60B,$-0.07B,-8.05,$1.82B,$1.01B,55.33%,$1.82B,$0.37B,20.22%,$1.82B,$0.37B,20.22%,$1.82B,$0.45B,24.73%,$1.82B,$0.34B,18.74%,$1.82B,$0.24B,13.41%,$0.24B,$-0.07B,-722.96%,$0.24B,$-0.30B,-93.31%,$0.24B,$1.57B,16.02%,$0.37B,$0.52B,64.56%,$462,$204,$258,$26,$140,$370,$92,$-8,$85,$16,$69,$69,$69,$113,$92,$88,90,$0.78,$0.77,$400,$172,$81,$879,$361,$0,$226,$106,$694,$1572,$936,$595,$42,$710,$1646,$10,$609,$-38,$-74,$1572,$69,$20,$8,$29,$-19,$-5,$-4,$-38,$-67,$31,$-24,$0,$0,$-3,$0,$-3,$-2,$-29,$0,$60,$60,$-59,$-59,$0,$0,$1,$6,$6,$0
7,2016-12-31,117.27,$-1.23,-95.33,$19.53,6.01,$6.24,18.8,$2.45,47.87,$0.85B,$0.94B,0.91,$0.59B,$-0.11B,-5.48,$1.78B,$0.98B,55.01%,$1.78B,$0.35B,19.71%,$1.78B,$0.35B,19.71%,$1.78B,$0.43B,24.16%,$1.78B,$0.32B,18.13%,$1.78B,$0.22B,12.44%,$0.22B,$-0.11B,-654.81%,$0.22B,$-0.33B,-83.79%,$0.22B,$1.53B,14.74%,$0.35B,$0.49B,61.27%,$443,$202,$241,$25,$131,$359,$84,$-7,$77,$25,$52,$52,$52,$105,$84,$90,91,$0.58,$0.57,$392,$158,$91,$846,$357,$0,$224,$103,$685,$1531,$935,$593,$39,$704,$1639,$10,$540,$-43,$-108,$1531,$222,$79,$30,$110,$-23,$8,$2,$20,$7,$339,$-65,$0,$-2,$-24,$0,$-24,$0,$-91,$0,$38,$38,$-270,$-270,$0,$10,$-222,$26,$20,$0
8,2016-09-30,112.73,$0.61,183.9,$18.92,5.96,$4.71,23.96,$2.35,47.97,$0.83B,$0.76B,1.09,$0.63B,$0.06B,11.46,$1.73B,$0.95B,55.05%,$1.73B,$0.33B,19.22%,$1.73B,$0.33B,19.22%,$1.73B,$0.41B,23.60%,$1.73B,$0.31B,17.60%,$1.73B,$0.21B,12.29%,$0.21B,$0.06B,-767.57%,$0.21B,$-0.17B,-81.84%,$0.21B,$1.50B,14.34%,$0.33B,$0.69B,57.59%,$448,$202,$247,$26,$133,$360,$88,$-7,$82,$25,$56,$56,$56,$108,$88,$90,91,$0.63,$0.62,$391,$168,$63,$828,$350,$0,$229,$94,$672,$1500,$760,$630,$35,$685,$1445,$10,$488,$-35,$55,$1500,$170,$58,$16,$74,$-17,$-3,$-2,$16,$-5,$238,$-50,$0,$0,$-27,$0,$-27,$0,$-77,$0,$-85,$-85,$-66,$-66,$0,$7,$-145,$21,$15,$0
9,2016-06-30,92.86,$-0.09,-978.5,$18.38,5.05,$3.45,26.94,$2.21,42.02,$0.82B,$0.82B,1.0,$0.60B,$-0.01B,-70.37,$1.69B,$0.93B,55.06%,$1.69B,$0.32B,18.75%,$1.69B,$0.32B,18.75%,$1.69B,$0.39B,23.18%,$1.69B,$0.29B,17.03%,$1.69B,$0.20B,11.89%,$0.20B,$-0.01B,-392.20%,$0.20B,$-0.24B,-70.22%,$0.20B,$1.49B,13.58%,$0.32B,$0.59B,57.93%,$467,$206,$261,$25,$131,$362,$104,$-7,$97,$30,$67,$67,$67,$124,$104,$90,91,$0.75,$0.74,$370,$176,$63,$821,$347,$0,$230,$91,$668,$1489,$823,$598,$30,$675,$1498,$10,$432,$-35,$-8,$1489,$113,$38,$11,$49,$-24,$0,$0,$-1,$-24,$138,$-38,$0,$0,$-16,$0,$-16,$0,$-54,$0,$-15,$-15,$-63,$-63,$0,$2,$-76,$12,$10,$0
10,2016-03-31,78.32,$-0.82,-95.05,$17.62,4.44,$2.54,30.79,$2.07,37.84,$0.81B,$0.88B,0.92,$0.60B,$-0.07B,-8.13,$1.64B,$0.90B,55.16%,$1.64B,$0.30B,18.39%,$1.64B,$0.30B,18.39%,$1.64B,$0.37B,22.79%,$1.64B,$0.27B,16.68%,$1.64B,$0.19B,11.67%,$0.19B,$-0.07B,-406.38%,$0.19B,$-0.31B,-67.31%,$0.19B,$1.48B,12.93%,$0.30B,$0.53B,53.97%,$418,$190,$228,$25,$129,$344,$74,$-7,$66,$20,$46,$46,$46,$92,$74,$90,91,$0.51,$0.51,$351,$184,$63,$809,$343,$0,$235,$91,$670,$1479,$879,$600,$30,$674,$1552,$10,$364,$-38,$-74,$1479,$46,$19,$7,$26,$-22,$2,$-2,$-23,$-45,$27,$-22,$0,$0,$-2,$0,$-2,$0,$-24,$0,$49,$49,$-51,$-51,$0,$-0,$-3,$4,$5,$0
11,2015-12-31,72.92,$-0.93,-78.13,$17.03,4.28,$2.09,34.84,$2.05,35.57,$0.82B,$0.86B,0.96,$0.60B,$-0.08B,-7.11,$1.60B,$0.89B,55.65%,$1.60B,$0.30B,18.74%,$1.60B,$0.30B,18.74%,$1.60B,$0.37B,23.11%,$1.60B,$0.27B,17.11%,$1.60B,$0.19B,11.99%,$0.19B,$-0.08B,-960.00%,$0.19B,$-0.32B,-74.64%,$0.19B,$1.48B,13.11%,$0.30B,$0.51B,53.07%,$400,$182,$218,$25,$125,$333,$67,$-7,$60,$15,$44,$44,$44,$85,$67,$93,94,$0.49,$0.48,$343,$189,$62,$822,$333,$0,$235,$85,$653,$1475,$857,$597,$29,$702,$1559,$10,$318,$-42,$-84,$1475,$192,$70,$24,$94,$-50,$-35,$-2,$23,$-64,$222,$-83,$0,$-10,$-215,$0,$-215,$0,$-308,$250,$24,$274,$-385,$-385,$0,$10,$-101,$-194,$20,$0
12,2015-09-30,74.29,$-0.43,-174.59,$16.23,4.58,$2.39,31.07,$1.84,40.38,$0.83B,$0.83B,1.01,$0.60B,$-0.04B,-15.45,$1.55B,$0.86B,55.05%,$1.55B,$0.27B,17.26%,$1.55B,$0.27B,17.26%,$1.55B,$0.34B,21.57%,$1.55B,$0.24B,15.71%,$1.55B,$0.17B,11.20%,$0.17B,$-0.04B,570.49%,$0.17B,$-0.28B,-82.66%,$0.17B,$1.48B,12.06%,$0.27B,$0.56B,48.38%,$406,$182,$224,$25,$119,$334,$72,$-7,$65,$21,$44,$44,$44,$91,$72,$92,93,$0.48,$0.48,$350,$192,$64,$833,$320,$0,$239,$84,$644,$1477,$825,$600,$30,$691,$1516,$10,$274,$-37,$-39,$1477,$148,$52,$10,$62,$-51,$-27,$-3,$14,$-67,$142,$-68,$0,$-8,$-207,$0,$-207,$0,$-282,$250,$-7,$244,$-290,$-290,$0,$10,$-36,$-181,$15,$0
13,2015-06-30,64.14,$0.09,694.91,$15.66,4.1,$3.23,19.85,$1.88,34.21,$0.83B,$0.78B,1.07,$0.62B,$0.01B,72.83,$1.53B,$0.84B,55.13%,$1.53B,$0.27B,17.50%,$1.53B,$0.27B,17.50%,$1.53B,$0.33B,21.69%,$1.53B,$0.25B,16.13%,$1.53B,$0.18B,11.89%,$0.18B,$0.01B,186.67%,$0.18B,$-0.23B,-127.72%,$0.18B,$1.48B,13.04%,$0.27B,$0.63B,47.52%,$413,$181,$233,$24,$120,$325,$88,$-7,$82,$25,$57,$57,$57,$105,$88,$93,94,$0.61,$0.60,$344,$185,$68,$833,$326,$0,$237,$81,$644,$1477,$775,$623,$31,$693,$1469,$10,$231,$-22,$9,$1477,$104,$33,$1,$34,$-57,$-16,$-3,$4,$-72,$66,$-47,$0,$-0,$-180,$0,$-180,$0,$-228,$250,$-51,$199,$-204,$-204,$0,$9,$3,$-159,$10,$0
14,2015-03-31,77.24,$0.36,212.14,$15.04,5.13,$3.90,19.8,$1.83,42.32,$0.81B,$0.80B,1.01,$0.52B,$0.03B,15.33,$1.51B,$0.83B,55.04%,$1.51B,$0.26B,17.44%,$1.51B,$0.26B,17.44%,$1.51B,$0.33B,21.55%,$1.51B,$0.25B,16.31%,$1.51B,$0.18B,12.07%,$0.18B,$0.03B,87.29%,$0.18B,$-0.20B,-582.40%,$0.18B,$1.43B,13.51%,$0.26B,$0.56B,47.22%,$382,$167,$216,$25,$118,$310,$73,$-6,$67,$20,$47,$47,$47,$89,$73,$94,96,$0.49,$0.49,$321,$173,$82,$809,$310,$0,$237,$75,$622,$1431,$803,$522,$31,$593,$1397,$10,$1722,$-24,$34,$1431,$47,$16,$-2,$14,$-51,$-10,$-4,$-10,$-76,$-15,$-23,$0,$-0,$-137,$0,$-137,$0,$-161,$150,$1,$151,$-121,$-121,$0,$8,$37,$-140,$5,$0
15,2014-12-31,74.14,$2.48,29.87,$14.48,5.12,$4.51,16.45,$1.78,41.65,$0.76B,$0.82B,0.93,$0.35B,$0.12B,2.98,$1.49B,$0.82B,54.91%,$1.49B,$0.26B,17.50%,$1.49B,$0.26B,17.50%,$1.49B,$0.32B,21.47%,$1.49B,$0.25B,16.62%,$1.49B,$0.18B,12.25%,$0.18B,$0.12B,55.49%,$0.18B,$-0.13B,206.23%,$0.18B,$1.38B,13.95%,$0.26B,$0.47B,44.56%,$352,$170,$182,$25,$122,$317,$35,$-5,$30,$4,$26,$26,$26,$50,$35,$100,102,$0.29,$0.28,$323,$160,$86,$759,$304,$0,$250,$72,$625,$1384,$821,$350,$32,$446,$1267,$10,$1675,$-8,$118,$1384,$182,$59,$5,$64,$-4,$-38,$7,$26,$-10,$236,$-55,$-0,$-25,$0,$0,$0,$0,$-80,$200,$271,$471,$-589,$-589,$0,$15,$-103,$43,$18,$0
16,2014-09-30,58.92,$2.38,24.78,$14.29,4.12,$4.29,13.74,$1.92,30.68,$0.70B,$0.63B,1.12,$0.37B,$0.23B,1.62,$1.49B,$0.82B,55.31%,$1.49B,$0.29B,19.22%,$1.49B,$0.29B,19.22%,$1.49B,$0.34B,23.12%,$1.49B,$0.28B,18.62%,$1.49B,$0.20B,13.37%,$0.20B,$0.23B,46.50%,$0.20B,$-0.01B,104.19%,$0.20B,$1.29B,15.71%,$0.29B,$0.60B,45.13%,$384,$170,$213,$25,$116,$311,$72,$-4,$68,$16,$52,$52,$52,$88,$72,$99,101,$0.52,$0.52,$293,$156,$60,$703,$292,$0,$236,$61,$588,$1291,$630,$372,$32,$431,$1061,$10,$1649,$2,$229,$1291,$156,$44,$-1,$42,$-8,$-13,$7,$8,$10,$209,$-43,$-0,$-8,$0,$5,$5,$0,$-45,$200,$97,$297,$-451,$-451,$0,$8,$-146,$14,$13,$0
17,2014-06-30,66.79,$4.49,14.86,$13.66,4.89,$3.76,17.77,$1.84,36.4,$0.70B,$0.60B,1.17,$0.15B,$0.45B,0.33,$1.44B,$0.80B,55.20%,$1.44B,$0.28B,19.35%,$1.44B,$0.28B,19.35%,$1.44B,$0.34B,23.23%,$1.44B,$0.27B,18.93%,$1.44B,$0.19B,13.38%,$0.19B,$0.45B,38.26%,$0.19B,$0.22B,72.62%,$0.19B,$1.28B,15.53%,$0.28B,$0.60B,45.18%,$390,$172,$219,$25,$110,$307,$83,$-2,$81,$23,$57,$57,$57,$98,$83,$102,104,$0.56,$0.55,$305,$145,$49,$702,$287,$0,$237,$58,$581,$1283,$600,$150,$31,$230,$830,$10,$1597,$15,$453,$1283,$104,$28,$-3,$25,$-10,$-6,$0,$5,$-13,$115,$-25,$-0,$-1,$5,$0,$5,$0,$-21,$0,$106,$106,$-182,$-182,$0,$7,$-70,$26,$9,$0
18,2014-03-31,60.7,$4.99,12.16,$13.14,4.62,$3.41,17.81,$1.78,34.1,$0.68B,$0.52B,1.32,$0.15B,$0.51B,0.29,$1.41B,$0.78B,55.16%,$1.41B,$0.28B,19.57%,$1.41B,$0.28B,19.57%,$1.41B,$0.33B,23.49%,$1.41B,$0.27B,19.22%,$1.41B,$0.19B,13.52%,$0.19B,$0.51B,35.93%,$0.19B,$0.28B,65.12%,$0.19B,$1.26B,15.66%,$0.28B,$0.66B,45.51%,$360,$158,$202,$23,$109,$290,$70,$-2,$68,$21,$47,$47,$47,$83,$70,$103,105,$0.45,$0.45,$286,$141,$44,$683,$282,$0,$238,$59,$579,$1262,$517,$150,$32,$233,$750,$10,$1540,$14,$512,$1262,$47,$13,$-3,$10,$-22,$2,$2,$5,$-23,$34,$-11,$-0,$-1,$0,$0,$0,$0,$-13,$0,$38,$38,$-59,$-59,$0,$7,$-15,$7,$4,$0
19,2013-12-31,53.19,$5.03,10.58,$12.69,4.19,$3.20,16.6,$1.74,30.57,$0.65B,$0.48B,1.36,$0.15B,$0.52B,0.29,$1.38B,$0.76B,54.97%,$1.38B,$0.27B,19.32%,$1.38B,$0.27B,19.32%,$1.38B,$0.32B,23.38%,$1.38B,$0.26B,19.10%,$1.38B,$0.19B,13.65%,$0.19B,$0.52B,33.66%,$0.19B,$0.28B,58.29%,$0.19B,$1.23B,15.92%,$0.27B,$0.67B,44.57%,$354,$165,$189,$22,$105,$293,$61,$-1,$60,$17,$43,$43,$43,$75,$61,$106,108,$0.42,$0.41,$279,$133,$49,$653,$281,$0,$239,$57,$578,$1231,$478,$150,$31,$234,$712,$10,$1493,$14,$518,$1231,$188,$55,$7,$61,$-16,$-1,$-4,$19,$-3,$246,$-78,$-1,$-7,$0,$0,$0,$0,$-86,$150,$64,$214,$-330,$-330,$0,$13,$-102,$55,$17,$0
20,2013-09-30,49.83,$5.15,9.68,$12.26,4.07,$3.11,16.01,$1.72,28.97,$0.63B,$0.59B,1.05,$0.00B,$0.54B,0.0,$1.34B,$0.74B,54.88%,$1.34B,$0.27B,19.96%,$1.34B,$0.27B,19.96%,$1.34B,$0.32B,24.13%,$1.34B,$0.27B,19.81%,$1.34B,$0.19B,14.00%,$0.19B,$0.54B,31.97%,$0.19B,$0.29B,53.37%,$0.19B,$1.20B,16.36%,$0.27B,$0.54B,45.50%,$338,$153,$186,$22,$99,$273,$65,$-1,$64,$19,$46,$46,$46,$79,$65,$105,106,$0.44,$0.43,$265,$146,$36,$625,$274,$0,$242,$53,$570,$1195,$593,$1,$29,$67,$660,$10,$1450,$16,$535,$1195,$145,$41,$6,$47,$-13,$-10,$4,$9,$-11,$181,$-61,$-1,$-7,$0,$0,$0,$0,$-69,$0,$184,$184,$-261,$-261,$0,$7,$-69,$41,$12,$0
21,2013-06-30,44.85,$5.22,8.59,$11.89,3.77,$2.98,15.06,$1.67,26.85,$0.62B,$0.55B,1.12,$0.00B,$0.55B,0.0,$1.32B,$0.72B,54.70%,$1.32B,$0.27B,20.15%,$1.32B,$0.27B,20.15%,$1.32B,$0.32B,24.32%,$1.32B,$0.27B,20.08%,$1.32B,$0.19B,14.02%,$0.19B,$0.55B,30.39%,$0.19B,$0.32B,49.47%,$0.19B,$1.16B,16.47%,$0.27B,$0.55B,43.62%,$353,$155,$198,$22,$97,$274,$79,$-1,$78,$24,$54,$54,$54,$93,$79,$107,109,$0.51,$0.50,$251,$141,$37,$615,$266,$0,$230,$53,$549,$1164,$552,$1,$26,$63,$614,$10,$1404,$10,$550,$1164,$99,$27,$2,$29,$-24,$-5,$6,$7,$-26,$102,$-46,$-1,$4,$0,$0,$0,$0,$-43,$0,$155,$155,$-190,$-190,$0,$6,$-29,$27,$8,$0
22,2013-03-31,46.2,$5.82,7.94,$11.64,3.97,$2.94,15.69,$1.63,28.34,$0.59B,$0.44B,1.35,$0.00B,$0.63B,0.0,$1.30B,$0.71B,54.41%,$1.30B,$0.26B,20.18%,$1.30B,$0.26B,20.18%,$1.30B,$0.32B,24.33%,$1.30B,$0.26B,20.11%,$1.30B,$0.18B,13.97%,$0.18B,$0.63B,29.41%,$0.18B,$0.40B,47.58%,$0.18B,$1.13B,16.56%,$0.26B,$0.63B,42.40%,$332,$148,$184,$22,$101,$271,$61,$-0,$61,$16,$45,$45,$45,$75,$61,$109,111,$0.41,$0.41,$228,$148,$33,$594,$254,$51,$233,$0,$538,$1133,$440,$1,$25,$62,$501,$10,$1350,$12,$631,$1133,$45,$14,$1,$14,$-24,$-11,$6,$7,$-38,$21,$-20,$-1,$4,$0,$0,$0,$0,$-17,$0,$48,$48,$-51,$-51,$0,$5,$2,$4,$4,$0
23,2012-12-31,46.4,$5.84,7.95,$11.50,4.03,$2.99,15.53,$1.59,29.27,$0.57B,$0.41B,1.4,$0.00B,$0.64B,0.0,$1.29B,$0.70B,54.10%,$1.29B,$0.26B,20.25%,$1.29B,$0.26B,20.25%,$1.29B,$0.32B,24.34%,$1.29B,$0.26B,20.17%,$1.29B,$0.18B,13.76%,$0.18B,$0.64B,29.53%,$0.18B,$0.40B,48.93%,$0.18B,$1.10B,16.46%,$0.26B,$0.64B,43.34%,$320,$150,$169,$21,$85,$256,$63,$-0,$63,$20,$43,$43,$43,$77,$63,$110,112,$0.40,$0.39,$224,$141,$39,$570,$245,$0,$238,$51,$534,$1104,$406,$1,$24,$61,$467,$10,$1306,$16,$636,$1104,$178,$52,$-3,$50,$3,$-17,$-3,$11,$-6,$222,$-58,$-1,$0,$0,$0,$0,$0,$-58,$0,$-32,$-32,$-108,$-108,$0,$15,$-125,$40,$16,$0
24,2012-09-30,49.68,$5.64,8.8,$11.30,4.4,$2.97,16.75,$1.53,32.47,$0.57B,$0.42B,1.37,$0.00B,$0.62B,0.0,$1.28B,$0.69B,53.86%,$1.28B,$0.25B,19.83%,$1.28B,$0.25B,19.83%,$1.28B,$0.31B,23.89%,$1.28B,$0.25B,19.75%,$1.28B,$0.17B,13.51%,$0.17B,$0.62B,29.89%,$0.17B,$0.38B,51.07%,$0.17B,$1.09B,16.27%,$0.25B,$0.62B,43.76%,$315,$145,$171,$20,$87,$253,$63,$-0,$63,$20,$43,$43,$43,$76,$63,$110,112,$0.39,$0.38,$221,$147,$35,$571,$232,$0,$238,$53,$523,$1093,$416,$2,$23,$60,$476,$10,$1262,$15,$618,$1093,$135,$38,$1,$39,$0,$-18,$-5,$6,$-21,$153,$-43,$-1,$3,$0,$0,$0,$0,$-41,$0,$-12,$-12,$-74,$-74,$0,$10,$-75,$38,$12,$0
25,2012-06-30,48.07,$5.38,8.94,$11.08,4.34,$3.05,15.76,$1.48,32.48,$0.56B,$0.42B,1.33,$0.00B,$0.59B,0.0,$1.27B,$0.68B,53.51%,$1.27B,$0.25B,19.49%,$1.27B,$0.25B,19.49%,$1.27B,$0.30B,23.52%,$1.27B,$0.25B,19.42%,$1.27B,$0.17B,13.34%,$0.17B,$0.59B,29.61%,$0.17B,$0.35B,49.71%,$0.17B,$1.07B,16.38%,$0.25B,$0.59B,43.11%,$336,$151,$185,$20,$89,$260,$76,$-0,$75,$24,$51,$51,$51,$89,$76,$110,112,$0.47,$0.46,$202,$144,$38,$555,$221,$0,$236,$56,$512,$1067,$419,$2,$21,$58,$477,$10,$1219,$9,$590,$1067,$92,$26,$1,$27,$-8,$-13,$-7,$1,$-40,$79,$-24,$-1,$3,$0,$0,$0,$0,$-22,$0,$1,$1,$-45,$-45,$0,$6,$-38,$18,$8,$0
26,2012-03-31,43.73,$5.15,8.49,$10.80,4.05,$3.10,14.12,$1.44,30.36,$0.55B,$0.44B,1.25,$0.00B,$0.57B,0.0,$1.25B,$0.67B,53.40%,$1.25B,$0.24B,19.38%,$1.25B,$0.24B,19.38%,$1.25B,$0.29B,23.38%,$1.25B,$0.24B,19.38%,$1.25B,$0.17B,13.37%,$0.17B,$0.57B,29.02%,$0.17B,$0.32B,47.44%,$0.17B,$1.06B,16.65%,$0.24B,$0.57B,41.87%,$323,$148,$175,$21,$94,$262,$60,$-1,$60,$19,$41,$41,$41,$73,$60,$110,113,$0.37,$0.36,$185,$141,$33,$545,$217,$0,$244,$56,$516,$1061,$437,$2,$20,$57,$494,$10,$1168,$19,$567,$1061,$41,$13,$0,$13,$-18,$-9,$4,$-1,$-39,$15,$-9,$-1,$3,$0,$0,$0,$0,$-7,$0,$11,$11,$-22,$-22,$0,$5,$-7,$2,$4,$0
27,2011-12-31,38.48,$4.90,7.86,$10.42,3.69,$3.18,12.11,$1.39,27.68,$0.52B,$0.44B,1.2,$0.00B,$0.54B,0.01,$1.22B,$0.65B,53.08%,$1.22B,$0.24B,19.36%,$1.22B,$0.24B,19.36%,$1.22B,$0.28B,23.30%,$1.22B,$0.24B,19.28%,$1.22B,$0.16B,13.37%,$0.16B,$0.54B,27.96%,$0.16B,$0.30B,44.20%,$0.16B,$1.03B,16.89%,$0.24B,$0.54B,40.29%,$307,$148,$159,$20,$83,$252,$55,$-1,$55,$17,$38,$38,$38,$68,$55,$114,116,$0.34,$0.34,$184,$133,$40,$524,$217,$0,$242,$48,$507,$1031,$437,$3,$18,$54,$491,$10,$1127,$15,$540,$1031,$162,$48,$4,$53,$-25,$-8,$13,$6,$4,$218,$-49,$-1,$-44,$0,$0,$0,$0,$-94,$0,$113,$113,$-227,$-227,$0,$16,$-98,$27,$15,$0
28,2011-09-30,34.49,$5.21,6.62,$10.16,3.39,$2.91,11.86,$1.37,25.26,$0.51B,$0.34B,1.52,$0.00B,$0.59B,0.01,$1.20B,$0.63B,52.93%,$1.20B,$0.23B,19.40%,$1.20B,$0.23B,19.40%,$1.20B,$0.28B,23.33%,$1.20B,$0.23B,19.23%,$1.20B,$0.16B,13.46%,$0.16B,$0.59B,27.22%,$0.16B,$0.39B,41.66%,$0.16B,$0.97B,17.28%,$0.23B,$0.59B,39.01%,$301,$142,$159,$19,$83,$245,$56,$-0,$56,$17,$38,$38,$39,$68,$56,$113,116,$0.34,$0.33,$181,$137,$30,$511,$214,$0,$201,$44,$458,$969,$336,$3,$15,$47,$383,$10,$1089,$19,$586,$969,$124,$35,$-1,$35,$-16,$-10,$8,$6,$5,$164,$-40,$0,$0,$0,$0,$0,$0,$-39,$0,$24,$24,$-140,$-140,$0,$14,$-102,$25,$11,$0
29,2011-06-30,38.78,$5.36,7.24,$9.84,3.94,$2.70,14.39,$1.33,29.27,$0.49B,$0.30B,1.66,$0.00B,$0.61B,0.01,$1.17B,$0.62B,52.88%,$1.17B,$0.23B,19.40%,$1.17B,$0.23B,19.40%,$1.17B,$0.27B,23.35%,$1.17B,$0.22B,19.14%,$1.17B,$0.16B,13.48%,$0.16B,$0.61B,26.99%,$0.16B,$0.40B,41.81%,$0.16B,$0.95B,17.35%,$0.23B,$0.61B,38.63%,$318,$144,$174,$19,$84,$247,$71,$-0,$71,$22,$49,$49,$49,$83,$71,$115,117,$0.43,$0.42,$159,$134,$24,$494,$210,$0,$207,$40,$457,$951,$298,$3,$13,$44,$342,$10,$1051,$26,$609,$951,$85,$23,$0,$23,$-24,$-6,$7,$8,$-20,$88,$-26,$0,$3,$0,$0,$0,$0,$-23,$0,$3,$3,$-79,$-79,$0,$11,$-65,$2,$8,$0
30,2011-03-31,38.61,$5.21,7.41,$9.49,4.07,$2.65,14.58,$1.22,31.65,$0.47B,$0.27B,1.71,$0.00B,$0.60B,0.01,$1.13B,$0.59B,52.39%,$1.13B,$0.21B,18.62%,$1.13B,$0.21B,18.62%,$1.13B,$0.26B,22.61%,$1.13B,$0.21B,18.26%,$1.13B,$0.15B,12.85%,$0.15B,$0.60B,25.87%,$0.15B,$0.39B,40.76%,$0.15B,$0.91B,16.56%,$0.21B,$0.60B,37.23%,$293,$138,$155,$18,$84,$239,$54,$-0,$53,$17,$37,$37,$37,$65,$54,$115,118,$0.32,$0.31,$153,$127,$21,$465,$203,$0,$207,$34,$444,$909,$273,$3,$12,$40,$313,$10,$1002,$20,$597,$909,$37,$11,$0,$12,$-14,$1,$1,$6,$-23,$25,$-9,$0,$3,$0,$0,$0,$0,$-6,$0,$-3,$-3,$-28,$-28,$0,$7,$-23,$-3,$4,$0
31,2010-12-31,34.61,$5.01,6.91,$9.25,3.74,$2.60,13.29,$1.19,29.21,$0.46B,$0.29B,1.62,$0.00B,$0.57B,0.01,$1.10B,$0.58B,52.36%,$1.10B,$0.20B,18.48%,$1.10B,$0.20B,18.48%,$1.10B,$0.25B,22.64%,$1.10B,$0.20B,18.21%,$1.10B,$0.14B,12.77%,$0.14B,$0.57B,26.33%,$0.14B,$0.37B,42.66%,$0.14B,$0.90B,16.51%,$0.20B,$0.58B,37.83%,$284,$139,$145,$17,$76,$233,$51,$-0,$50,$14,$36,$36,$36,$63,$51,$115,119,$0.32,$0.31,$157,$128,$30,$461,$202,$0,$205,$30,$437,$897,$285,$3,$11,$38,$323,$10,$966,$13,$574,$897,$141,$46,$-5,$41,$-7,$-19,$3,$-11,$-3,$179,$-39,$-0,$0,$0,$-4,$-4,$0,$-43,$0,$9,$9,$-114,$-114,$0,$18,$-87,$50,$13,$0
32,2010-09-30,30.86,$4.76,6.48,$9.10,3.39,$2.47,12.49,$1.13,27.31,$0.43B,$0.27B,1.59,$0.00B,$0.55B,0.01,$1.09B,$0.57B,51.93%,$1.09B,$0.20B,18.07%,$1.09B,$0.20B,18.07%,$1.09B,$0.24B,22.39%,$1.09B,$0.20B,17.89%,$1.09B,$0.14B,12.48%,$0.14B,$0.55B,26.12%,$0.14B,$0.34B,43.35%,$0.14B,$0.86B,16.34%,$0.20B,$0.55B,37.56%,$270,$127,$142,$17,$75,$220,$50,$-1,$49,$15,$35,$35,$35,$61,$50,$115,119,$0.30,$0.30,$134,$132,$19,$430,$201,$0,$206,$26,$432,$862,$271,$4,$12,$45,$316,$10,$929,$11,$547,$862,$105,$34,$1,$35,$-7,$-22,$6,$-3,$-10,$130,$-29,$-0,$0,$0,$0,$0,$0,$-29,$0,$7,$7,$-95,$-95,$0,$13,$-75,$27,$10,$0
33,2010-06-30,30.45,$4.55,6.69,$8.96,3.4,$2.28,13.33,$1.10,27.68,$0.41B,$0.27B,1.51,$0.00B,$0.52B,0.01,$1.08B,$0.55B,51.34%,$1.08B,$0.19B,17.70%,$1.08B,$0.19B,17.70%,$1.08B,$0.24B,22.24%,$1.08B,$0.19B,17.61%,$1.08B,$0.13B,12.33%,$0.13B,$0.52B,26.13%,$0.13B,$0.32B,44.37%,$0.13B,$0.83B,16.21%,$0.19B,$0.53B,35.83%,$281,$132,$149,$17,$77,$227,$55,$-1,$54,$17,$37,$37,$37,$66,$55,$115,119,$0.32,$0.31,$118,$122,$20,$411,$197,$0,$201,$25,$423,$834,$271,$4,$12,$38,$309,$10,$894,$3,$524,$834,$70,$23,$-1,$22,$-17,$-13,$4,$1,$-17,$75,$-17,$-0,$0,$0,$0,$0,$0,$-18,$0,$15,$15,$-67,$-67,$0,$9,$-43,$11,$7,$0
34,2010-03-31,28.78,$4.32,6.66,$8.79,3.27,$2.22,12.98,$1.07,27.02,$0.40B,$0.29B,1.38,$0.00B,$0.50B,0.01,$1.06B,$0.54B,51.03%,$1.06B,$0.19B,17.39%,$1.06B,$0.19B,17.39%,$1.06B,$0.24B,22.09%,$1.06B,$0.19B,17.39%,$1.06B,$0.13B,12.22%,$0.13B,$0.50B,26.22%,$0.13B,$0.29B,45.65%,$0.13B,$0.82B,16.01%,$0.19B,$0.50B,34.28%,$269,$126,$142,$17,$77,$220,$48,$-0,$48,$15,$33,$33,$33,$60,$48,$116,120,$0.29,$0.28,$106,$122,$16,$398,$197,$0,$208,$21,$426,$824,$289,$4,$12,$38,$327,$10,$857,$7,$497,$824,$33,$11,$2,$14,$-17,$-12,$5,$2,$-27,$19,$-8,$-0,$0,$0,$0,$0,$0,$-9,$0,$38,$38,$-51,$-51,$0,$3,$-10,$-0,$3,$0
35,2009-12-31,26.73,$4.42,6.05,$8.50,3.14,$2.16,12.35,$1.01,26.59,$0.38B,$0.26B,1.47,$0.00B,$0.52B,0.01,$1.03B,$0.53B,50.92%,$1.03B,$0.18B,16.97%,$1.03B,$0.18B,16.97%,$1.03B,$0.23B,21.92%,$1.03B,$0.18B,16.97%,$1.03B,$0.12B,11.93%,$0.12B,$0.52B,25.47%,$0.12B,$0.30B,44.93%,$0.12B,$0.81B,15.40%,$0.18B,$0.52B,33.19%,$270,$137,$133,$16,$73,$226,$44,$-0,$44,$13,$31,$31,$31,$57,$44,$118,121,$0.27,$0.26,$107,$110,$19,$376,$200,$0,$213,$20,$432,$809,$256,$4,$11,$38,$294,$10,$824,$10,$515,$809,$122,$50,$13,$63,$-1,$6,$-9,$-7,$-10,$175,$-49,$-1,$-5,$0,$0,$0,$0,$-54,$0,$-34,$-34,$-67,$-67,$0,$5,$-95,$28,$12,$0
36,2009-09-30,25.0,$4.27,5.86,$8.23,3.04,$1.55,16.11,$0.95,26.46,$0.39B,$0.20B,1.94,$0.08B,$0.50B,0.17,$1.00B,$0.51B,51.10%,$1.00B,$0.17B,16.63%,$1.00B,$0.17B,16.63%,$1.00B,$0.22B,21.61%,$1.00B,$0.17B,16.53%,$1.00B,$0.12B,11.55%,$0.12B,$0.50B,25.01%,$0.12B,$0.29B,45.31%,$0.12B,$0.82B,14.73%,$0.17B,$0.58B,32.86%,$259,$129,$130,$17,$70,$215,$44,$-0,$44,$12,$32,$32,$32,$57,$44,$117,121,$0.27,$0.26,$107,$124,$16,$386,$197,$0,$215,$18,$429,$815,$199,$84,$12,$117,$315,$10,$793,$8,$500,$815,$91,$37,$12,$49,$-1,$-8,$-7,$-4,$-25,$116,$-34,$0,$1,$0,$0,$0,$-7,$-40,$0,$-10,$-10,$-45,$-45,$0,$4,$-51,$28,$9,$0
37,2009-06-30,23.1,$4.02,5.75,$8.12,2.84,$1.25,18.55,$0.90,25.81,$0.38B,$0.21B,1.8,$0.09B,$0.47B,0.18,$1.00B,$0.51B,51.31%,$1.00B,$0.16B,16.27%,$1.00B,$0.16B,16.27%,$1.00B,$0.21B,21.18%,$1.00B,$0.16B,16.06%,$1.00B,$0.11B,11.04%,$0.11B,$0.47B,24.55%,$0.11B,$0.26B,46.56%,$0.11B,$0.80B,14.13%,$0.16B,$0.56B,34.27%,$266,$127,$138,$17,$73,$217,$49,$-0,$49,$15,$34,$34,$34,$61,$49,$118,121,$0.29,$0.28,$104,$123,$16,$384,$190,$0,$208,$17,$414,$799,$213,$85,$12,$115,$328,$10,$762,$5,$471,$799,$60,$25,$9,$34,$-7,$-7,$-2,$-3,$-23,$71,$-20,$0,$1,$0,$0,$0,$0,$-19,$0,$3,$3,$-33,$-33,$0,$1,$-28,$25,$6,$0
38,2009-03-31,17.29,$3.78,4.57,$8.18,2.11,$1.03,16.74,$0.94,18.49,$0.37B,$0.29B,1.26,$0.01B,$0.45B,0.01,$1.01B,$0.52B,51.83%,$1.01B,$0.17B,17.01%,$1.01B,$0.17B,17.01%,$1.01B,$0.22B,21.86%,$1.01B,$0.17B,16.72%,$1.01B,$0.12B,11.37%,$0.12B,$0.45B,26.30%,$0.12B,$0.25B,53.00%,$0.12B,$0.77B,14.94%,$0.17B,$0.45B,38.87%,$236,$112,$124,$16,$70,$198,$38,$-0,$38,$12,$26,$26,$26,$51,$38,$118,121,$0.22,$0.22,$86,$124,$22,$368,$187,$0,$201,$15,$403,$771,$292,$5,$11,$33,$325,$10,$728,$-3,$446,$771,$26,$13,$5,$17,$-6,$-8,$-4,$-0,$-31,$13,$-8,$0,$1,$0,$0,$0,$-0,$-7,$0,$15,$15,$-12,$-12,$0,$0,$3,$7,$3,$0
39,2008-12-31,18.04,$3.70,4.88,$8.19,2.2,$0.84,21.49,$0.94,19.29,$0.36B,$0.30B,1.21,$0.01B,$0.44B,0.01,$1.02B,$0.53B,51.76%,$1.02B,$0.17B,16.89%,$1.02B,$0.17B,16.89%,$1.02B,$0.22B,21.48%,$1.02B,$0.17B,16.50%,$1.02B,$0.12B,11.43%,$0.12B,$0.44B,26.94%,$0.12B,$0.23B,57.64%,$0.12B,$0.77B,15.36%,$0.17B,$0.44B,39.36%,$243,$123,$121,$17,$67,$207,$36,$-1,$35,$12,$24,$24,$24,$48,$36,$120,124,$0.20,$0.20,$79,$116,$28,$356,$190,$0,$207,$13,$410,$765,$295,$5,$11,$32,$327,$10,$702,$6,$438,$765,$116,$48,$13,$61,$-10,$-18,$-4,$-5,$-34,$143,$-90,$-5,$3,$0,$0,$0,$0,$-92,$0,$79,$79,$-116,$-116,$0,$6,$-31,$19,$11,$0
40,2008-09-30,27.4,$3.68,7.45,$8.14,3.37,$0.95,28.72,$0.94,29.15,$0.35B,$0.31B,1.15,$0.01B,$0.44B,0.01,$1.03B,$0.53B,51.75%,$1.03B,$0.17B,16.96%,$1.03B,$0.17B,16.96%,$1.03B,$0.22B,21.44%,$1.03B,$0.17B,16.67%,$1.03B,$0.12B,11.60%,$0.12B,$0.44B,27.40%,$0.12B,$0.21B,60.79%,$0.12B,$0.78B,15.96%,$0.17B,$0.44B,39.57%,$251,$123,$128,$18,$71,$212,$39,$-1,$38,$13,$26,$26,$26,$51,$39,$119,124,$0.22,$0.21,$85,$113,$20,$353,$179,$0,$231,$15,$425,$779,$308,$5,$12,$34,$341,$10,$678,$23,$437,$779,$93,$36,$3,$39,$-5,$-14,$-4,$-1,$-22,$110,$-65,$-9,$0,$0,$0,$0,$-1,$-74,$0,$92,$92,$-108,$-108,$0,$6,$-10,$24,$8,$0
41,2008-06-30,24.37,$3.60,6.77,$7.90,3.08,$1.01,24.22,$0.93,26.13,$0.34B,$0.30B,1.13,$0.01B,$0.43B,0.01,$1.00B,$0.52B,51.89%,$1.00B,$0.17B,17.03%,$1.00B,$0.17B,17.03%,$1.00B,$0.22B,21.41%,$1.00B,$0.17B,16.83%,$1.00B,$0.12B,11.85%,$0.12B,$0.43B,27.67%,$0.12B,$0.19B,62.55%,$0.12B,$0.77B,16.54%,$0.17B,$0.43B,39.24%,$281,$129,$151,$18,$74,$222,$59,$-1,$58,$19,$39,$39,$39,$71,$59,$120,125,$0.33,$0.32,$75,$106,$13,$339,$167,$0,$242,$17,$426,$765,$299,$5,$14,$37,$336,$10,$653,$31,$428,$765,$67,$23,$4,$27,$-9,$-7,$-7,$-0,$-26,$68,$-43,$-9,$0,$0,$0,$0,$-0,$-52,$0,$86,$86,$-93,$-93,$0,$3,$-4,$15,$6,$0
42,2008-03-31,24.63,$3.59,6.86,$7.49,3.29,$1.08,22.7,$0.79,31.38,$0.32B,$0.27B,1.22,$0.01B,$0.43B,0.01,$0.96B,$0.48B,50.42%,$0.96B,$0.14B,15.00%,$0.96B,$0.14B,15.00%,$0.96B,$0.19B,19.48%,$0.96B,$0.14B,14.90%,$0.96B,$0.10B,10.63%,$0.10B,$0.43B,24.33%,$0.10B,$0.19B,55.97%,$0.10B,$0.74B,14.79%,$0.14B,$0.44B,33.88%,$249,$119,$130,$17,$74,$210,$39,$-0,$38,$11,$28,$28,$28,$50,$39,$122,127,$0.23,$0.22,$60,$100,$12,$322,$151,$0,$245,$19,$414,$737,$265,$6,$14,$38,$303,$9,$613,$31,$434,$737,$28,$11,$-0,$11,$-14,$-0,$-8,$-1,$-42,$-3,$-17,$-8,$0,$0,$0,$0,$-0,$-25,$0,$68,$68,$-45,$-45,$0,$2,$25,$-0,$3,$0
43,2007-12-31,29.32,$3.59,8.16,$7.16,4.1,$1.15,25.57,$0.73,40.02,$0.31B,$0.22B,1.37,$0.01B,$0.44B,0.01,$0.92B,$0.46B,50.22%,$0.92B,$0.14B,14.75%,$0.92B,$0.14B,14.75%,$0.92B,$0.18B,19.20%,$0.92B,$0.14B,14.75%,$0.92B,$0.10B,10.30%,$0.10B,$0.44B,22.96%,$0.10B,$0.20B,52.41%,$0.10B,$0.70B,14.24%,$0.14B,$0.44B,32.40%,$245,$123,$122,$17,$69,$208,$37,$-0,$37,$11,$26,$26,$26,$48,$37,$123,129,$0.21,$0.20,$60,$99,$15,$306,$142,$0,$236,$18,$397,$702,$223,$6,$14,$40,$264,$9,$586,$23,$438,$702,$94,$41,$1,$42,$-26,$-5,$6,$-8,$-1,$135,$-65,$-90,$0,$35,$0,$35,$-1,$-121,$0,$70,$70,$-97,$-97,$0,$9,$-18,$-1,$9,$0
44,2007-09-30,27.4,$3.44,7.97,$6.72,4.08,$1.10,24.91,$0.72,38.05,$0.29B,$0.21B,1.4,$0.01B,$0.42B,0.01,$0.87B,$0.44B,50.29%,$0.87B,$0.13B,14.73%,$0.87B,$0.13B,14.73%,$0.87B,$0.17B,19.22%,$0.87B,$0.13B,14.84%,$0.87B,$0.09B,10.82%,$0.09B,$0.42B,23.11%,$0.09B,$0.18B,48.52%,$0.09B,$0.67B,14.89%,$0.13B,$0.43B,31.01%,$229,$111,$118,$17,$65,$193,$36,$-1,$36,$10,$26,$26,$26,$46,$36,$122,128,$0.21,$0.20,$59,$96,$11,$294,$127,$0,$236,$18,$380,$674,$209,$6,$17,$45,$254,$5,$560,$18,$420,$674,$68,$30,$1,$31,$-14,$-3,$-5,$-1,$-5,$95,$-42,$-88,$0,$35,$0,$35,$-1,$-95,$0,$69,$69,$-82,$-82,$0,$8,$-5,$-3,$7,$0
45,2007-06-30,23.66,$3.15,7.5,$6.35,3.72,$0.98,24.18,$0.71,33.44,$0.28B,$0.21B,1.32,$0.01B,$0.39B,0.02,$0.83B,$0.42B,50.42%,$0.83B,$0.13B,15.24%,$0.83B,$0.13B,15.24%,$0.83B,$0.16B,19.71%,$0.83B,$0.13B,15.48%,$0.83B,$0.09B,11.25%,$0.09B,$0.39B,23.32%,$0.09B,$0.15B,43.97%,$0.09B,$0.65B,15.65%,$0.13B,$0.39B,31.13%,$237,$123,$114,$17,$64,$205,$32,$-1,$32,$10,$22,$22,$22,$43,$32,$123,129,$0.18,$0.17,$50,$92,$12,$282,$118,$0,$231,$15,$364,$646,$214,$6,$18,$48,$262,$5,$535,$13,$385,$646,$43,$19,$6,$25,$-18,$2,$2,$-1,$-5,$63,$-26,$-86,$0,$35,$0,$35,$-1,$-77,$0,$78,$78,$-80,$-80,$0,$4,$2,$-12,$4,$0
46,2007-03-31,21.91,$3.32,6.59,$5.96,3.68,$0.84,26.0,$0.74,29.81,$0.30B,$0.19B,1.58,$0.01B,$0.41B,0.02,$0.78B,$0.40B,51.47%,$0.78B,$0.13B,16.77%,$0.78B,$0.13B,16.77%,$0.78B,$0.17B,21.13%,$0.78B,$0.13B,17.16%,$0.78B,$0.10B,12.42%,$0.10B,$0.41B,24.76%,$0.10B,$0.19B,42.36%,$0.10B,$0.65B,17.38%,$0.13B,$0.42B,32.91%,$211,$103,$109,$16,$62,$180,$31,$0,$31,$10,$21,$21,$21,$40,$31,$125,130,$0.17,$0.16,$54,$106,$11,$297,$109,$0,$227,$14,$350,$646,$188,$6,$18,$46,$234,$5,$513,$12,$412,$646,$21,$9,$-2,$7,$-16,$-3,$1,$0,$-30,$-2,$-10,$-80,$0,$35,$0,$35,$-0,$-56,$0,$73,$73,$-27,$-27,$0,$3,$50,$-8,$2,$0
47,2006-12-31,19.83,$3.22,6.15,$5.60,3.54,$0.86,22.99,$0.71,27.92,$0.30B,$0.13B,2.42,$0.01B,$0.41B,0.02,$0.74B,$0.38B,51.36%,$0.74B,$0.13B,17.21%,$0.74B,$0.13B,17.21%,$0.74B,$0.16B,21.54%,$0.74B,$0.13B,17.75%,$0.74B,$0.09B,12.74%,$0.09B,$0.41B,24.77%,$0.09B,$0.25B,38.56%,$0.09B,$0.56B,18.24%,$0.13B,$0.42B,33.05%,$192,$96,$96,$14,$53,$163,$29,$1,$30,$6,$25,$25,$25,$38,$29,$126,132,$0.20,$0.19,$97,$96,$11,$302,$100,$0,$158,$0,$257,$560,$125,$6,$5,$25,$150,$9,$491,$11,$410,$560,$94,$30,$-3,$26,$-7,$-26,$4,$-0,$-10,$110,$-44,$-25,$0,$31,$0,$31,$-2,$-41,$0,$-1,$-1,$-85,$-85,$0,$9,$-76,$-5,$11,$0
