,Date,Stock Price,Book Value per Share,Price to Book Ratio,TTM Sales per Share,Price to Sales Ratio,TTM FCF per Share,Price to FCF Ratio,TTM Net EPS,PE Ratio,Current Assets,Current Liabilities,Current Ratio,Long Term Debt,Shareholder's Equity_x,Debt to Equity Ratio,TTM Revenue_x,TTM Gross Profit,Gross Margin,TTM Revenue_y,TTM Operating Income,Operating Margin,TTM Revenue_x,TTM EBIT,EBIT Margin,TTM Revenue_y,TTM EBITDA,EBITDA Margin,TTM Revenue_x,TTM Pre-Tax Income,Pre-Tax Margin,TTM Revenue_y,TTM Net Income_x,Net Margin,TTM Net Income_y,Shareholder's Equity_y,Return on Equity,TTM Net Income_x,Tangible Equity,Return on Tangible Equity,TTM Net Income_y,Total Assets,Return on Assets,TTM Net Income,LT Investments & Debt,Return on Investment,revenue,cost-goods-sold,gross-profit,research-development-expenses,selling-general-administrative-expenses,operating-expenses,operating-income,total-non-operating-income-expense,pre-tax-income,total-provision-income-taxes,income-after-taxes,income-from-continuous-operations,net-income,ebitda,ebit,basic-shares-outstanding,shares-outstanding,eps-basic-net-earnings-per-share,eps-earnings-per-share-diluted,cash-on-hand,inventory,other-current-assets,total-current-assets,net-property-plant-equipment,long-term-investments,goodwill-intangible-assets-total,other-long-term-assets,total-long-term-assets,total-assets,total-current-liabilities,long-term-debt,other-non-current-liabilities,total-long-term-liabilities,total-liabilities,common-stock-net,retained-earnings-accumulated-deficit,comprehensive-income,total-share-holder-equity,total-liabilities-share-holders-equity,net-income-loss,total-depreciation-amortization-cash-flow,other-non-cash-items,total-non-cash-items,change-in-accounts-receivable,change-in-inventories,change-in-accounts-payable,change-in-assets-liabilities,total-change-in-assets-liabilities,cash-flow-from-operating-activities,net-change-in-property-plant-equipment,net-change-in-intangible-assets,net-acquisitions-divestitures,net-change-in-short-term-investments,net-change-in-long-term-investments,net-change-in-investments-total,investing-activities-other,cash-flow-from-investing-activities,net-long-term-debt,net-current-debt,debt-issuance-retirement-net-total,net-common-equity-issued-repurchased,net-total-equity-issued-repurchased,total-common-preferred-stock-dividends-paid,financial-activities-other,cash-flow-from-financial-activities,net-cash-flow,stock-based-compensation,common-stock-dividends-paid
0,2018-09-30,70.72,$66.09,1.07,$122.46,0.58,$-9.09,0.0,$4.87,14.52,$12.22B,$2.09B,5.84,$7.91B,$12.34B,0.64,$20.82B,$4.85B,23.29%,$20.82B,$1.13B,5.41%,$20.82B,$1.13B,5.41%,$20.82B,$2.13B,10.21%,$20.82B,$0.32B,1.53%,$20.82B,$0.85B,4.10%,$0.85B,$12.34B,7.12%,$0.85B,$11.49B,7.95%,$0.85B,$30.98B,2.76%,$1.13B,$20.24B,5.44%,$2685,$2406,$279,$0,$340,$2919,$-234,$-147,$-381,$-71,$-310,$-310,$124,$-107,$-234,$183,183,$0.68,$0.68,$11186,$0,$0,$12224,$6179,$0,$849,$11723,$18751,$30975,$2094,$7907,$7851,$16545,$18639,$5612,$0,$0,$12336,$30975,$864,$389,$-412,$-23,$0,$0,$0,$-554,$-554,$326,$-116,$0,$-13,$0,$0,$0,$-338,$-467,$-62,$0,$-62,$-67,$-67,$0,$51,$-78,$-176,$0,$0
1,2018-06-30,69.47,$68.32,1.02,$128.90,0.54,$-9.29,0.0,$7.72,9.0,$10.95B,$1.99B,5.49,$7.88B,$12.45B,0.63,$21.64B,$6.02B,27.83%,$21.64B,$2.34B,10.83%,$21.64B,$2.34B,10.83%,$21.64B,$3.35B,15.47%,$21.64B,$1.52B,7.01%,$21.64B,$1.32B,6.08%,$1.32B,$12.45B,11.25%,$1.32B,$11.59B,13.03%,$1.32B,$30.19B,4.20%,$2.34B,$20.33B,11.03%,$3578,$2510,$1068,$0,$352,$3024,$554,$-133,$421,$-12,$433,$433,$303,$564,$554,$178,178,$1.70,$1.70,$9931,$0,$0,$10947,$6253,$0,$857,$12133,$19243,$30190,$1993,$7880,$6973,$15749,$17742,$5416,$0,$0,$12448,$30190,$1011,$262,$-687,$-425,$0,$0,$0,$-1091,$-1091,$-486,$-124,$0,$-10,$0,$0,$0,$-261,$-395,$-39,$0,$-39,$-42,$-42,$-64,$201,$56,$-805,$0,$-64
2,2018-03-31,54.4,$67.72,0.8,$136.70,0.4,$-5.51,0.0,$15.53,3.5,$13.41B,$4.10B,3.27,$11.21B,$11.76B,0.95,$22.52B,$7.35B,32.63%,$22.52B,$3.71B,16.46%,$22.52B,$3.71B,16.46%,$22.52B,$4.73B,20.99%,$22.52B,$2.77B,12.28%,$22.52B,$2.53B,11.25%,$2.53B,$11.76B,22.60%,$2.53B,$9.36B,27.34%,$2.53B,$30.50B,7.94%,$3.71B,$22.96B,17.15%,$5445,$3856,$1589,$0,$656,$4767,$678,$-199,$479,$56,$423,$423,$134,$930,$678,$174,175,$0.77,$0.77,$10257,$0,$0,$13407,$9733,$0,$2391,$4967,$17091,$30498,$4103,$11208,$2470,$14640,$18743,$4945,$0,$0,$11755,$30498,$423,$252,$-541,$-289,$0,$0,$0,$-772,$-772,$-595,$-203,$0,$-1,$0,$0,$0,$2,$-202,$0,$0,$0,$6,$6,$-31,$250,$225,$-575,$0,$-31
3,2017-12-31,49.11,$65.50,0.75,$136.91,0.36,$-4.89,0.0,$14.64,3.35,$13.19B,$2.03B,6.48,$7.92B,$11.37B,0.7,$21.74B,$6.74B,30.99%,$21.74B,$3.13B,14.41%,$21.74B,$3.13B,14.41%,$21.74B,$4.15B,19.08%,$21.74B,$2.15B,9.90%,$21.74B,$2.38B,10.95%,$2.38B,$11.37B,22.87%,$2.38B,$10.49B,27.99%,$2.38B,$31.80B,7.25%,$3.13B,$19.29B,15.05%,$9108,$7195,$1913,$0,$1314,$8980,$128,$-329,$-201,$-485,$284,$284,$292,$738,$128,$161,161,$1.88,$1.88,$12068,$0,$0,$13186,$6364,$0,$878,$11373,$18615,$31801,$2034,$7918,$9557,$18399,$20433,$5106,$0,$0,$11368,$31801,$2593,$1016,$-4920,$-3904,$-67,$-198,$181,$46,$-172,$-1436,$1073,$0,$-257,$0,$-82,$-82,$-320,$414,$-3015,$0,$-3015,$495,$495,$0,$3263,$743,$-151,$0,$0
4,2017-09-30,49.5,$66.23,0.75,$109.33,0.45,$3.73,13.28,$11.50,4.3,$15.64B,$5.66B,2.76,$11.20B,$11.20B,1.0,$16.61B,$5.34B,32.12%,$16.61B,$2.65B,15.96%,$16.61B,$2.65B,15.96%,$16.61B,$3.34B,20.09%,$16.61B,$1.75B,10.51%,$16.61B,$1.89B,11.37%,$1.89B,$11.20B,19.71%,$1.89B,$8.93B,25.77%,$1.89B,$32.82B,5.68%,$2.65B,$22.40B,12.76%,$3504,$2054,$1450,$0,$323,$2521,$983,$-165,$818,$18,$800,$800,$586,$1115,$983,$166,166,$3.53,$3.53,$12785,$0,$0,$15644,$9631,$0,$2271,$5271,$17173,$32817,$5659,$11198,$3084,$15960,$21619,$4784,$0,$0,$11198,$32817,$2394,$406,$-4059,$-3653,$0,$0,$0,$340,$340,$-914,$1072,$0,$-105,$0,$0,$0,$-633,$334,$-70,$0,$-70,$551,$551,$0,$377,$858,$512,$0,$0
5,2017-06-30,45.35,$63.89,0.71,$123.47,0.37,$8.01,5.67,$7.85,5.78,$15.86B,$5.46B,2.91,$11.29B,$10.53B,1.07,$18.00B,$5.41B,30.03%,$18.00B,$2.24B,12.46%,$18.00B,$2.24B,12.46%,$18.00B,$3.06B,17.01%,$18.00B,$1.18B,6.55%,$18.00B,$1.29B,7.14%,$1.29B,$10.53B,14.32%,$1.29B,$8.30B,19.10%,$1.29B,$32.56B,3.86%,$2.24B,$21.82B,10.88%,$4465,$2068,$2397,$0,$307,$2547,$1918,$-248,$1670,$3,$1667,$1667,$1522,$1944,$1918,$160,160,$9.51,$9.51,$12710,$0,$0,$15858,$9610,$0,$2231,$4858,$16699,$32557,$5457,$11285,$3627,$16570,$22027,$4231,$0,$0,$10530,$32557,$1565,$274,$-3009,$-2735,$0,$0,$0,$186,$186,$-937,$994,$0,$-49,$0,$0,$0,$-430,$515,$-55,$0,$-55,$572,$572,$-24,$580,$1073,$712,$0,$-24
6,2017-03-31,43.67,$54.95,0.79,$127.78,0.34,$11.96,3.65,$-2.16,0.0,$16.32B,$5.66B,2.89,$11.21B,$8.57B,1.31,$17.89B,$3.91B,21.86%,$17.89B,$0.30B,1.67%,$17.89B,$0.30B,1.67%,$17.89B,$1.35B,7.52%,$17.89B,$-0.73B,-4.05%,$17.89B,$-0.30B,-1.70%,$-0.30B,$8.57B,-3.58%,$-0.30B,$6.32B,-4.88%,$-0.30B,$34.19B,-0.91%,$0.30B,$19.78B,1.45%,$4667,$3688,$979,$0,$621,$4563,$104,$-238,$-134,$26,$-160,$-160,$-18,$352,$104,$149,149,$-0.12,$-0.12,$13112,$0,$0,$16323,$10136,$0,$2248,$5482,$17866,$34189,$5658,$11212,$7135,$19964,$25622,$2430,$0,$0,$8567,$34189,$-160,$248,$-968,$-720,$0,$0,$0,$421,$421,$-411,$-177,$0,$-43,$0,$0,$0,$-253,$-473,$20,$0,$20,$612,$612,$-10,$621,$1243,$388,$0,$-10
7,2016-12-31,49.67,$55.39,0.9,$120.15,0.41,$18.98,2.62,$-8.25,0.0,$15.61B,$3.66B,4.27,$11.12B,$8.02B,1.39,$16.35B,$2.94B,17.96%,$16.35B,$-0.57B,-3.46%,$16.35B,$-0.57B,-3.46%,$16.35B,$0.47B,2.86%,$16.35B,$-2.18B,-13.36%,$16.35B,$-1.11B,-6.77%,$-1.11B,$8.02B,-13.04%,$-1.11B,$5.77B,-17.92%,$-1.11B,$33.37B,-3.37%,$-0.57B,$19.14B,-2.71%,$3972,$3463,$509,$0,$606,$4326,$-354,$-255,$-609,$-45,$-564,$-564,$-202,$-74,$-354,$137,137,$-1.24,$-1.24,$12518,$0,$0,$15609,$10122,$0,$2252,$5388,$17762,$33371,$3660,$11119,$8962,$21694,$25354,$2154,$0,$0,$8017,$33371,$-2219,$1033,$1264,$2297,$72,$-38,$18,$1811,$1491,$1655,$-783,$0,$-1050,$0,$-100,$-100,$79,$-1854,$-2352,$0,$-2352,$-174,$-174,$0,$2613,$87,$-245,$0,$0
8,2016-09-30,40.66,$62.09,0.65,$111.51,0.36,$8.48,4.79,$-15.39,0.0,$14.41B,$4.19B,3.44,$12.97B,$8.80B,1.47,$14.94B,$1.92B,12.88%,$14.94B,$-1.36B,-9.09%,$14.94B,$-1.36B,-9.09%,$14.94B,$-0.38B,-2.57%,$14.94B,$-3.84B,-25.71%,$14.94B,$-2.01B,-13.47%,$-2.01B,$8.80B,-22.39%,$-2.01B,$6.55B,-30.55%,$-2.01B,$33.09B,-5.99%,$-1.36B,$21.77B,-6.24%,$4899,$3378,$1521,$0,$603,$4323,$576,$-323,$253,$15,$238,$238,$-16,$840,$576,$139,139,$-0.12,$-0.12,$12681,$0,$0,$14406,$11446,$0,$2248,$4985,$18679,$33085,$4192,$12971,$5444,$20095,$24287,$2488,$0,$0,$8798,$33085,$-1656,$753,$1053,$1806,$0,$0,$0,$1172,$1172,$1322,$-595,$0,$-1045,$0,$-31,$-31,$4,$-1667,$-54,$0,$-54,$-80,$-80,$0,$413,$279,$-76,$0,$0
9,2016-06-30,42.3,$62.26,0.68,$101.56,0.42,$-1.13,0.0,$-18.61,0.0,$14.29B,$4.34B,3.29,$12.97B,$8.60B,1.51,$13.25B,$0.39B,2.95%,$13.25B,$-2.53B,-19.10%,$13.25B,$-2.53B,-19.10%,$13.25B,$-1.60B,-12.07%,$13.25B,$-5.01B,-37.81%,$13.25B,$-2.43B,-18.32%,$-2.43B,$8.60B,-24.63%,$-2.43B,$6.27B,-33.64%,$-2.43B,$32.55B,-7.05%,$-2.53B,$21.57B,-11.29%,$4350,$3448,$902,$0,$615,$4377,$-27,$-208,$-235,$50,$-285,$-285,$-68,$228,$-27,$135,135,$-0.50,$-0.50,$12489,$0,$0,$14285,$11442,$0,$2326,$4497,$18265,$32550,$4341,$12969,$4965,$19611,$23952,$2526,$0,$0,$8598,$32550,$-1894,$489,$1217,$1706,$0,$0,$0,$1106,$1106,$992,$-410,$0,$-1042,$0,$0,$0,$-30,$-1482,$0,$0,$0,$-53,$-53,$0,$391,$338,$-158,$0,$0
10,2016-03-31,48.09,$64.37,0.75,$109.53,0.44,$-10.09,0.0,$-16.43,0.0,$14.49B,$4.63B,3.13,$12.53B,$8.51B,1.47,$13.89B,$1.15B,8.27%,$13.89B,$-1.53B,-11.05%,$13.89B,$-1.53B,-11.05%,$13.89B,$-0.65B,-4.64%,$13.89B,$-4.12B,-29.69%,$13.89B,$-2.15B,-15.47%,$-2.15B,$8.51B,-19.41%,$-2.15B,$6.10B,-26.18%,$-2.15B,$32.28B,-6.03%,$-1.53B,$21.04B,-6.55%,$3127,$3123,$4,$0,$518,$3887,$-760,$-833,$-1593,$16,$-1609,$-1609,$-820,$-526,$-760,$132,132,$-6.21,$-6.21,$12653,$0,$0,$14492,$10572,$0,$2406,$4812,$17790,$32282,$4625,$12530,$4992,$19149,$23774,$2516,$0,$0,$8508,$32282,$-1609,$234,$1062,$1296,$0,$0,$0,$942,$942,$610,$-204,$0,$-952,$0,$0,$0,$-22,$-1178,$0,$0,$0,$0,$0,$-19,$383,$364,$-202,$0,$-19
11,2015-12-31,45.68,$76.31,0.6,$122.22,0.37,$-16.95,0.0,$-8.95,0.0,$20.40B,$3.24B,6.3,$12.59B,$10.03B,1.26,$15.27B,$2.53B,16.57%,$15.27B,$-0.02B,-0.13%,$15.27B,$-0.02B,-0.13%,$15.27B,$0.84B,5.51%,$15.27B,$-2.06B,-13.48%,$15.27B,$-1.17B,-7.66%,$-1.17B,$10.03B,-9.65%,$-1.17B,$7.42B,-12.90%,$-1.17B,$36.41B,-3.18%,$-0.02B,$22.63B,-0.08%,$2565,$3068,$-503,$0,$485,$3712,$-1147,$-1119,$-2266,$-116,$-2150,$-2150,$-1108,$-926,$-1147,$126,126,$-8.85,$-8.84,$18711,$0,$0,$20396,$9535,$0,$2612,$3864,$16011,$36407,$3239,$12594,$9340,$23135,$26374,$3987,$0,$0,$10033,$36407,$-2126,$862,$2582,$3444,$43,$-74,$-32,$-625,$-619,$748,$-1269,$0,$-855,$0,$-345,$-345,$84,$-2385,$-972,$0,$-972,$-142,$-142,$0,$1940,$826,$-830,$0,$0
12,2015-09-30,48.93,$95.28,0.51,$130.15,0.38,$-27.95,0.0,$3.45,14.18,$19.02B,$3.59B,5.29,$12.18B,$12.29B,0.99,$16.07B,$2.60B,16.19%,$16.07B,$0.16B,1.01%,$16.07B,$0.16B,1.01%,$16.07B,$1.01B,6.29%,$16.07B,$-1.16B,-7.24%,$16.07B,$-0.53B,-3.30%,$-0.53B,$12.29B,-4.18%,$-0.53B,$9.08B,-5.57%,$-0.53B,$36.45B,-1.45%,$0.16B,$24.47B,0.66%,$3212,$3224,$-12,$0,$418,$3810,$-598,$-320,$-918,$22,$-940,$-940,$-432,$-376,$-598,$127,127,$-3.40,$-3.40,$17143,$0,$0,$19019,$9831,$0,$3207,$4395,$17433,$36452,$3593,$12182,$7053,$20573,$24166,$5140,$0,$0,$12286,$36452,$23,$641,$1150,$1791,$0,$0,$0,$-1276,$-1276,$510,$-1067,$0,$-855,$0,$-39,$-39,$102,$-1859,$0,$0,$0,$-56,$-56,$0,$534,$478,$-871,$0,$0
13,2015-06-30,62.05,$106.14,0.58,$141.71,0.44,$-36.94,0.0,$3.89,15.95,$20.42B,$4.13B,4.95,$12.12B,$13.44B,0.9,$17.28B,$2.82B,16.31%,$17.28B,$0.37B,2.12%,$17.28B,$0.37B,2.12%,$17.28B,$1.20B,6.94%,$17.28B,$-0.89B,-5.16%,$17.28B,$-0.45B,-2.59%,$-0.45B,$13.44B,-3.41%,$-0.45B,$10.22B,-4.50%,$-0.45B,$37.28B,-1.22%,$0.37B,$25.56B,1.47%,$4984,$3324,$1660,$0,$528,$4013,$971,$-317,$654,$113,$541,$541,$212,$1183,$971,$124,124,$1.68,$1.68,$18390,$0,$0,$20417,$9666,$0,$3225,$3970,$16861,$37278,$4125,$12120,$6264,$19711,$23836,$5687,$0,$0,$13442,$37278,$963,$419,$-754,$-335,$0,$0,$0,$-461,$-461,$153,$-729,$0,$-786,$0,$-39,$-39,$61,$-1493,$0,$0,$0,$-27,$-27,$0,$594,$567,$-758,$0,$0
14,2015-03-31,63.12,$103.45,0.61,$155.57,0.41,$-44.37,0.0,$6.27,10.07,$21.52B,$4.14B,5.2,$12.09B,$12.74B,0.95,$18.68B,$3.21B,17.19%,$18.68B,$0.83B,4.44%,$18.68B,$0.83B,4.44%,$18.68B,$1.65B,8.82%,$18.68B,$-0.34B,-1.83%,$18.68B,$-0.18B,-0.96%,$-0.18B,$12.74B,-1.34%,$-0.18B,$9.55B,-1.76%,$-0.18B,$37.24B,-0.49%,$0.83B,$24.82B,3.31%,$4511,$3125,$1386,$0,$477,$3757,$754,$-283,$471,$49,$422,$422,$158,$961,$754,$123,124,$1.28,$1.27,$19742,$0,$0,$21518,$9201,$0,$3181,$3341,$15723,$37241,$4140,$12088,$6940,$20366,$24506,$5322,$0,$0,$12735,$37241,$422,$207,$-370,$-163,$0,$0,$0,$-421,$-421,$-186,$-283,$0,$-290,$0,$0,$0,$0,$-573,$0,$0,$0,$20,$20,$0,$682,$702,$-44,$0,$0
15,2014-12-31,64.06,$100.65,0.64,$161.84,0.4,$-49.85,0.0,$4.76,13.46,$20.52B,$3.64B,5.65,$11.59B,$12.39B,0.94,$19.16B,$2.67B,13.95%,$19.16B,$0.43B,2.27%,$19.16B,$0.43B,2.27%,$19.16B,$1.24B,6.49%,$19.16B,$-0.63B,-3.30%,$19.16B,$-0.37B,-1.91%,$-0.37B,$12.39B,-2.72%,$-0.37B,$9.30B,-3.56%,$-0.37B,$35.79B,-1.00%,$0.43B,$23.98B,1.75%,$3366,$3798,$-432,$0,$378,$4331,$-965,$-406,$-1371,$-269,$-1102,$-1102,$-469,$-757,$-965,$119,119,$-4.00,$-4.00,$18827,$0,$0,$20518,$8812,$0,$3088,$3372,$15272,$35790,$3635,$11588,$6922,$19765,$23400,$5443,$0,$0,$12390,$35790,$-529,$809,$248,$1057,$103,$82,$-21,$-1181,$-966,$-390,$-1411,$0,$-558,$0,$-78,$-78,$90,$-1957,$-2665,$0,$-2665,$63,$63,$0,$4610,$2008,$-349,$0,$0
16,2014-09-30,73.32,$114.19,0.64,$177.45,0.41,$-38.72,0.0,$2.82,26.0,$20.75B,$3.38B,6.13,$11.52B,$13.87B,0.83,$20.66B,$3.77B,18.25%,$20.66B,$1.59B,7.68%,$20.66B,$1.59B,7.68%,$20.66B,$2.38B,11.52%,$20.66B,$0.75B,3.64%,$20.66B,$0.32B,1.55%,$0.32B,$13.87B,2.34%,$0.32B,$10.65B,3.06%,$0.32B,$36.20B,0.91%,$1.59B,$25.39B,6.48%,$4422,$4218,$204,$0,$431,$4815,$-393,$-253,$-646,$-19,$-627,$-627,$-348,$-187,$-393,$120,120,$-2.90,$-2.90,$18844,$0,$0,$20748,$8807,$0,$3219,$3424,$15450,$36198,$3384,$11519,$5961,$18942,$22326,$6159,$0,$0,$13872,$36198,$573,$601,$-244,$357,$0,$0,$0,$-1615,$-1615,$-619,$-986,$0,$-558,$0,$-78,$-78,$37,$-1585,$-2631,$0,$-2631,$92,$92,$0,$4552,$2013,$-182,$0,$0
17,2014-06-30,68.11,$122.69,0.56,$191.67,0.36,$-28.74,0.0,$9.82,6.94,$23.76B,$4.65B,5.11,$11.34B,$14.73B,0.77,$22.01B,$5.51B,25.05%,$22.01B,$3.42B,15.54%,$22.01B,$3.42B,15.54%,$22.01B,$4.20B,19.07%,$22.01B,$2.69B,12.23%,$22.01B,$1.13B,5.14%,$1.13B,$14.73B,8.45%,$1.13B,$11.48B,11.11%,$1.13B,$38.56B,3.30%,$3.42B,$26.07B,14.65%,$6379,$4327,$2052,$0,$456,$4946,$1433,$-228,$1205,$82,$1123,$1123,$479,$1631,$1433,$118,118,$4.06,$4.06,$21845,$0,$0,$23763,$8535,$0,$3249,$3012,$14796,$38559,$4649,$11343,$6309,$19183,$23832,$6631,$0,$0,$14727,$38559,$1200,$395,$-2284,$-1889,$0,$0,$0,$-178,$-178,$-838,$-587,$0,$-402,$0,$-78,$-78,$19,$-1048,$-2364,$0,$-2364,$92,$92,$0,$4225,$1953,$71,$0,$0
18,2014-03-31,69.14,$110.27,0.63,$179.68,0.38,$-16.80,0.0,$6.24,11.08,$20.84B,$3.92B,5.31,$11.07B,$12.89B,0.86,$20.30B,$4.25B,20.91%,$20.30B,$2.33B,11.47%,$20.30B,$2.33B,11.47%,$20.30B,$3.09B,15.20%,$20.30B,$1.68B,8.25%,$20.30B,$0.71B,3.48%,$0.71B,$12.89B,5.62%,$0.71B,$9.71B,7.54%,$0.71B,$35.19B,2.21%,$2.33B,$23.96B,10.70%,$4990,$4142,$848,$0,$360,$4631,$359,$-179,$180,$103,$77,$77,$-28,$556,$359,$117,117,$-0.24,$-0.24,$18917,$0,$0,$20844,$8170,$0,$3181,$2991,$14342,$35186,$3924,$11067,$5841,$18371,$22295,$5996,$0,$0,$12891,$35186,$77,$197,$-655,$-458,$0,$0,$0,$-433,$-433,$-802,$-282,$0,$0,$0,$0,$0,$-14,$-296,$1366,$0,$1366,$-24,$-24,$0,$-162,$1180,$80,$0,$0
19,2013-12-31,72.67,$114.83,0.63,$186.29,0.39,$-9.44,0.0,$8.98,8.09,$17.67B,$3.55B,4.98,$9.30B,$13.31B,0.7,$20.68B,$4.87B,23.56%,$20.68B,$2.95B,14.27%,$20.68B,$2.95B,14.27%,$20.68B,$3.69B,17.86%,$20.68B,$2.33B,11.25%,$20.68B,$1.01B,4.86%,$1.01B,$13.31B,8.32%,$1.01B,$10.12B,11.35%,$1.01B,$31.75B,3.38%,$2.95B,$22.60B,14.36%,$4872,$4204,$668,$0,$358,$4684,$188,$-175,$13,$-392,$405,$405,$218,$381,$188,$110,111,$1.97,$1.99,$15919,$0,$0,$17669,$8077,$0,$3187,$2812,$14076,$31745,$3549,$9295,$4198,$14887,$18436,$6092,$0,$0,$13309,$31745,$2444,$742,$-3622,$-2880,$26,$39,$31,$437,$1080,$717,$-1161,$0,$-285,$0,$-86,$-86,$76,$-1456,$-442,$0,$-442,$1257,$1257,$0,$93,$908,$155,$0,$0
20,2013-09-30,54.7,$112.53,0.49,$185.37,0.3,$1.14,48.12,$7.14,7.66,$18.85B,$3.64B,5.18,$8.16B,$12.65B,0.65,$20.19B,$5.01B,24.80%,$20.19B,$3.05B,15.08%,$20.19B,$3.05B,15.08%,$20.19B,$3.82B,18.91%,$20.19B,$2.35B,11.66%,$20.19B,$0.79B,3.92%,$0.79B,$12.65B,7.07%,$0.79B,$9.44B,9.95%,$0.79B,$31.78B,2.80%,$3.05B,$20.80B,15.36%,$5771,$3825,$1946,$0,$371,$4330,$1441,$-148,$1293,$57,$1236,$1236,$463,$1630,$1441,$112,113,$4.13,$4.10,$16979,$0,$0,$18850,$6763,$0,$3207,$2961,$12931,$31781,$3640,$8155,$5813,$15494,$19134,$5720,$0,$0,$12647,$31781,$2039,$549,$-2462,$-1913,$0,$0,$0,$273,$273,$406,$-790,$0,$0,$38,$-65,$-27,$31,$-786,$-581,$0,$-581,$1593,$1593,$0,$-374,$638,$246,$0,$0
21,2013-06-30,47.03,$102.98,0.46,$178.02,0.26,$11.83,3.98,$3.80,12.39,$16.60B,$3.59B,4.62,$8.25B,$11.45B,0.72,$18.93B,$3.86B,20.41%,$18.93B,$2.01B,10.62%,$18.93B,$2.01B,10.62%,$18.93B,$2.75B,14.54%,$18.93B,$1.27B,6.71%,$18.93B,$0.41B,2.15%,$0.41B,$11.45B,3.87%,$0.41B,$8.20B,5.60%,$0.41B,$29.24B,1.54%,$2.01B,$19.69B,10.48%,$4670,$3887,$783,$0,$317,$4330,$340,$-150,$190,$97,$93,$93,$53,$520,$340,$110,111,$0.48,$0.48,$14579,$0,$0,$16596,$6628,$0,$3248,$2772,$12648,$29244,$3589,$8245,$4499,$14209,$17798,$5256,$0,$0,$11446,$29244,$803,$360,$-1290,$-930,$0,$0,$0,$635,$635,$497,$-512,$0,$0,$13,$-46,$-33,$-15,$-560,$-493,$0,$-493,$1546,$1546,$0,$-676,$377,$295,$0,$0
22,2013-03-31,34.81,$101.17,0.34,$175.44,0.2,$21.10,1.65,$5.58,6.24,$13.63B,$3.27B,4.17,$8.18B,$10.93B,0.75,$18.48B,$4.05B,21.94%,$18.48B,$2.20B,11.90%,$18.48B,$2.20B,11.90%,$18.48B,$2.91B,15.72%,$18.48B,$1.44B,7.79%,$18.48B,$0.60B,3.26%,$0.60B,$10.93B,5.98%,$0.60B,$7.66B,8.83%,$0.60B,$26.26B,2.40%,$2.20B,$19.11B,11.74%,$5369,$3893,$1476,$0,$371,$4386,$983,$-153,$830,$120,$710,$710,$271,$1163,$983,$106,109,$2.56,$2.50,$11551,$0,$0,$13629,$6571,$0,$3269,$2792,$12632,$26261,$3269,$8184,$2481,$12063,$15332,$5068,$0,$0,$10929,$26261,$710,$180,$-1500,$-1320,$0,$0,$0,$680,$680,$71,$-279,$0,$0,$0,$-33,$-33,$-43,$-355,$0,$0,$0,$754,$754,$0,$-1077,$-323,$-620,$0,$0
23,2012-12-31,28.15,$93.62,0.3,$153.30,0.18,$21.88,1.29,$3.56,7.91,$11.98B,$2.89B,4.15,$9.87B,$9.82B,1.01,$15.80B,$3.19B,20.19%,$15.80B,$1.41B,8.95%,$15.80B,$1.41B,8.95%,$15.80B,$2.05B,12.97%,$15.80B,$0.68B,4.31%,$15.80B,$0.38B,2.40%,$0.38B,$9.82B,4.01%,$0.38B,$6.53B,5.81%,$0.38B,$25.93B,1.59%,$1.41B,$19.69B,7.89%,$4383,$3580,$803,$0,$345,$4102,$281,$-240,$41,$-60,$101,$101,$5,$505,$281,$102,102,$0.05,$0.12,$9562,$0,$0,$11983,$7661,$0,$3288,$3000,$13949,$25932,$2887,$9873,$2021,$13229,$16116,$4669,$0,$0,$9816,$25932,$762,$635,$851,$1486,$-193,$32,$-151,$-452,$-647,$1607,$-936,$0,$-1361,$202,$-250,$-48,$23,$-2322,$34,$0,$34,$472,$472,$0,$974,$1480,$780,$0,$0
24,2012-09-30,25.54,$93.44,0.27,$146.41,0.17,$32.38,0.79,$6.30,4.05,$12.19B,$3.07B,3.97,$8.42B,$9.80B,0.86,$14.77B,$3.78B,25.60%,$14.77B,$2.02B,13.65%,$14.77B,$2.02B,13.65%,$14.77B,$2.60B,17.62%,$14.77B,$1.29B,8.74%,$14.77B,$0.63B,4.26%,$0.63B,$9.80B,7.02%,$0.63B,$6.60B,9.91%,$0.63B,$24.33B,2.66%,$2.02B,$18.22B,12.17%,$4503,$3702,$801,$0,$285,$4098,$405,$-196,$209,$110,$99,$99,$77,$563,$405,$103,103,$0.75,$0.75,$9938,$0,$0,$12186,$6325,$0,$3198,$2623,$12146,$24332,$3069,$8422,$1728,$11465,$14534,$4775,$0,$0,$9798,$24332,$661,$411,$-2827,$-2416,$0,$0,$0,$3156,$3156,$1368,$-617,$0,$-1348,$0,$-40,$-40,$29,$-1976,$855,$0,$855,$482,$482,$0,$117,$1454,$862,$0,$0
25,2012-06-30,24.88,$95.54,0.26,$130.61,0.19,$42.23,0.59,$5.12,4.86,$11.96B,$2.93B,4.08,$8.21B,$9.70B,0.85,$12.71B,$3.45B,27.13%,$12.71B,$1.68B,13.23%,$12.71B,$1.68B,13.23%,$12.71B,$2.22B,17.49%,$12.71B,$1.04B,8.21%,$12.71B,$0.51B,4.04%,$0.51B,$9.70B,6.14%,$0.51B,$6.47B,8.53%,$0.51B,$24.01B,2.22%,$1.68B,$17.91B,10.86%,$4226,$3252,$974,$0,$336,$3696,$530,$-170,$360,$-101,$461,$461,$249,$675,$530,$102,107,$2.44,$2.37,$9967,$0,$0,$11960,$6220,$0,$3231,$2603,$12054,$24014,$2933,$8205,$1855,$11379,$14312,$4535,$0,$0,$9702,$24014,$562,$253,$-2926,$-2673,$0,$0,$0,$3471,$3471,$1407,$-429,$0,$-1291,$0,$-40,$-40,$17,$-1743,$653,$0,$653,$490,$490,$0,$124,$1267,$931,$0,$0
26,2012-03-31,26.69,$83.94,0.32,$124.85,0.21,$45.57,0.59,$5.97,4.47,$13.38B,$2.91B,4.59,$7.31B,$8.53B,0.86,$11.63B,$3.61B,31.03%,$11.63B,$1.88B,16.15%,$11.63B,$1.88B,16.15%,$11.63B,$2.38B,20.50%,$11.63B,$1.29B,11.11%,$11.63B,$0.55B,4.71%,$0.55B,$8.53B,6.96%,$0.55B,$6.51B,9.43%,$0.55B,$21.07B,2.37%,$1.88B,$15.84B,12.80%,$2684,$2072,$612,$0,$309,$2487,$197,$-126,$71,$-30,$101,$101,$48,$305,$197,$99,99,$0.48,$0.48,$11592,$0,$0,$13382,$3611,$0,$2017,$2055,$7683,$21065,$2914,$7313,$2313,$9626,$12540,$4386,$0,$0,$8525,$21065,$101,$108,$-2981,$-2873,$0,$0,$0,$2857,$2857,$85,$-197,$0,$-3,$0,$-40,$-40,$0,$-240,$660,$0,$660,$500,$500,$0,$166,$1326,$1189,$0,$0
27,2011-12-31,22.01,$91.54,0.24,$130.97,0.17,$40.63,0.54,$8.08,2.73,$17.65B,$2.29B,7.72,$6.47B,$7.83B,0.83,$12.02B,$4.15B,34.51%,$12.02B,$2.41B,20.02%,$12.02B,$2.41B,20.02%,$12.02B,$2.91B,24.24%,$12.02B,$1.83B,15.26%,$12.02B,$0.74B,6.12%,$0.74B,$7.83B,9.85%,$0.74B,$5.81B,13.66%,$0.74B,$25.14B,3.07%,$2.41B,$14.31B,16.94%,$3356,$1962,$1394,$0,$329,$2472,$884,$-233,$651,$-21,$672,$672,$255,$1059,$884,$88,93,$2.90,$2.87,$16195,$0,$0,$17649,$3505,$0,$2026,$1956,$7487,$25136,$2287,$6473,$7987,$15016,$17303,$3767,$0,$0,$7833,$25136,$1800,$508,$1983,$2491,$-2491,$-190,$122,$418,$-2183,$2082,$-494,$0,$-142,$154,$-150,$4,$25,$-607,$-745,$0,$-745,$-48,$-48,$0,$-1322,$-2115,$-660,$0,$0
28,2011-09-30,22.21,$84.17,0.26,$122.94,0.18,$19.18,1.16,$6.18,3.59,$14.75B,$2.86B,5.15,$6.49B,$7.40B,0.88,$11.10B,$3.42B,30.84%,$11.10B,$1.87B,16.82%,$11.10B,$1.87B,16.82%,$11.10B,$2.33B,20.95%,$11.10B,$1.42B,12.82%,$11.10B,$0.56B,5.04%,$0.56B,$7.40B,7.49%,$0.56B,$5.31B,10.43%,$0.56B,$22.48B,2.44%,$1.87B,$13.89B,13.13%,$2443,$1975,$468,$0,$285,$2372,$71,$-110,$-39,$13,$-52,$-52,$-38,$184,$71,$88,88,$-0.44,$-0.44,$13216,$0,$0,$14751,$3535,$0,$2097,$2095,$7727,$22478,$2863,$6489,$5724,$12213,$15076,$3643,$0,$0,$7402,$22478,$1128,$333,$1393,$1726,$0,$0,$0,$-1004,$-1004,$1860,$-359,$0,$-126,$0,$-150,$-150,$5,$-630,$-653,$0,$-653,$-39,$-39,$0,$-1322,$-2014,$-792,$0,$0
29,2011-06-30,26.31,$88.23,0.3,$125.67,0.21,$-3.06,0.0,$9.85,2.67,$16.02B,$3.02B,5.31,$6.88B,$7.73B,0.89,$11.49B,$4.09B,35.62%,$11.49B,$2.67B,23.25%,$11.49B,$2.67B,23.25%,$11.49B,$3.13B,27.26%,$11.49B,$2.24B,19.46%,$11.49B,$0.89B,7.75%,$0.89B,$7.73B,11.76%,$0.89B,$5.63B,16.29%,$0.89B,$23.73B,4.01%,$2.67B,$14.61B,18.83%,$3142,$2009,$1133,$0,$304,$2417,$725,$-117,$608,$24,$584,$584,$283,$835,$725,$88,93,$3.21,$3.11,$14184,$0,$0,$16019,$3578,$0,$2102,$2026,$7706,$23725,$3017,$6877,$6098,$12975,$15992,$3814,$0,$0,$7733,$23725,$1180,$220,$1864,$2084,$0,$0,$0,$-1849,$-1849,$1380,$-218,$0,$-35,$0,$0,$0,$7,$-246,$-253,$0,$-253,$-31,$-31,$0,$-1233,$-1517,$-356,$0,$0
30,2011-03-31,24.14,$78.62,0.31,$113.66,0.21,$-23.19,0.0,$4.65,5.19,$16.47B,$2.64B,6.24,$7.11B,$6.89B,1.03,$10.24B,$3.13B,30.54%,$10.24B,$1.85B,18.08%,$10.24B,$1.85B,18.08%,$10.24B,$2.31B,22.60%,$10.24B,$1.42B,13.91%,$10.24B,$0.49B,4.83%,$0.49B,$6.89B,6.71%,$0.49B,$4.77B,9.39%,$0.49B,$24.30B,2.37%,$1.85B,$14.00B,13.45%,$3078,$1925,$1153,$0,$319,$2352,$726,$-112,$614,$18,$596,$596,$235,$836,$726,$88,93,$2.68,$2.60,$14987,$0,$0,$16467,$3527,$0,$2117,$2192,$7836,$24303,$2640,$7110,$7662,$14772,$17412,$3485,$0,$0,$6891,$24303,$596,$110,$785,$895,$0,$0,$0,$-1923,$-1923,$-447,$-115,$0,$-31,$0,$0,$0,$7,$-139,$-9,$0,$-9,$-21,$-21,$0,$301,$271,$-294,$0,$0
31,2010-12-31,21.17,$90.97,0.23,$103.57,0.2,$-23.84,0.0,$1.29,16.47,$13.94B,$3.12B,4.47,$6.51B,$7.89B,0.83,$9.07B,$2.31B,25.50%,$9.07B,$1.17B,12.90%,$9.07B,$1.17B,12.90%,$9.07B,$1.63B,18.00%,$9.07B,$0.75B,8.30%,$9.07B,$0.20B,2.15%,$0.20B,$7.89B,2.61%,$0.20B,$5.77B,3.62%,$0.20B,$21.34B,1.00%,$1.17B,$14.40B,8.62%,$2441,$1771,$670,$0,$246,$2095,$346,$-105,$241,$-10,$251,$251,$80,$471,$346,$86,87,$0.98,$1.10,$12607,$0,$0,$13942,$3455,$0,$2128,$1813,$7396,$21338,$3121,$6509,$3814,$10323,$13444,$3195,$0,$0,$7894,$21338,$743,$463,$-2291,$-1828,$-185,$-75,$140,$1124,$1137,$41,$-422,$0,$116,$4,$0,$4,$-9,$-311,$1110,$0,$1110,$-79,$-79,$0,$-48,$983,$707,$0,$0
32,2010-09-30,21.88,$88.46,0.25,$97.49,0.22,$-17.81,0.0,$0.29,75.45,$12.51B,$2.69B,4.66,$5.97B,$7.75B,0.77,$8.43B,$1.96B,23.23%,$8.43B,$0.88B,10.42%,$8.43B,$0.88B,10.42%,$8.43B,$1.33B,15.82%,$8.43B,$0.47B,5.59%,$8.43B,$0.11B,1.28%,$0.11B,$7.75B,1.48%,$0.11B,$5.68B,2.08%,$0.11B,$19.32B,0.57%,$0.88B,$13.72B,6.74%,$2825,$1690,$1135,$0,$234,$1951,$874,$-102,$772,$7,$765,$765,$292,$989,$874,$87,92,$3.36,$3.23,$11086,$0,$0,$12505,$3015,$0,$2074,$1729,$6818,$19323,$2686,$5966,$2918,$8884,$11570,$3161,$0,$0,$7753,$19323,$493,$338,$-2165,$-1827,$0,$0,$0,$1245,$1245,$-160,$-309,$0,$-39,$0,$0,$0,$-4,$-352,$614,$0,$614,$-57,$-57,$0,$-40,$517,$5,$0,$0
33,2010-06-30,21.87,$79.81,0.27,$93.81,0.23,$-11.27,0.0,$-1.60,0.0,$11.59B,$3.02B,3.84,$5.96B,$6.92B,0.86,$7.95B,$1.66B,20.86%,$7.95B,$0.57B,7.12%,$7.95B,$0.57B,7.12%,$7.95B,$1.01B,12.73%,$7.95B,$0.17B,2.10%,$7.95B,$-0.08B,-0.96%,$-0.08B,$6.92B,-1.07%,$-0.08B,$4.83B,-1.50%,$-0.08B,$18.30B,-0.41%,$0.57B,$12.88B,4.51%,$1891,$1723,$168,$0,$245,$1987,$-96,$-107,$-203,$19,$-222,$-222,$-113,$17,$-96,$87,87,$-1.30,$-1.30,$10223,$0,$0,$11587,$2928,$0,$2084,$1696,$6708,$18295,$3017,$5962,$2401,$8363,$11380,$2778,$0,$0,$6915,$18295,$-272,$223,$-2395,$-2172,$0,$0,$0,$2030,$2030,$-437,$-229,$0,$0,$0,$0,$0,$-41,$-270,$623,$0,$623,$-36,$-36,$0,$388,$975,$235,$0,$0
34,2010-03-31,27.92,$84.82,0.33,$99.46,0.28,$-7.83,0.0,$2.02,13.82,$12.02B,$2.61B,4.6,$5.92B,$7.35B,0.81,$8.47B,$2.49B,29.41%,$8.47B,$1.38B,16.24%,$8.47B,$1.38B,16.24%,$8.47B,$1.82B,21.51%,$8.47B,$1.00B,11.79%,$8.47B,$0.16B,1.94%,$0.16B,$7.35B,2.35%,$0.16B,$5.27B,3.34%,$0.16B,$18.80B,0.88%,$1.38B,$13.27B,11.40%,$1915,$1575,$340,$0,$274,$1869,$46,$-103,$-57,$-7,$-50,$-50,$-64,$156,$46,$83,83,$-0.77,$-0.77,$10703,$0,$0,$12017,$3016,$0,$2075,$1688,$6779,$18796,$2612,$5921,$2914,$8835,$11447,$2900,$0,$0,$7349,$18796,$-50,$110,$-1371,$-1261,$0,$0,$0,$886,$886,$-390,$-166,$0,$0,$0,$0,$0,$-7,$-173,$630,$0,$630,$-15,$-15,$0,$208,$823,$239,$0,$0
35,2009-12-31,23.36,$92.03,0.25,$101.99,0.23,$-6.15,0.0,$2.80,8.33,$12.19B,$2.62B,4.65,$5.19B,$7.12B,0.73,$8.54B,$2.70B,31.62%,$8.54B,$1.59B,18.62%,$8.54B,$1.59B,18.62%,$8.54B,$2.03B,23.79%,$8.54B,$1.18B,13.81%,$8.54B,$0.23B,2.68%,$0.23B,$7.12B,3.40%,$0.23B,$5.03B,4.89%,$0.23B,$18.89B,1.27%,$1.59B,$12.31B,13.87%,$1801,$1485,$316,$0,$163,$1746,$55,$-96,$-41,$-24,$-17,$-17,$-7,$172,$55,$78,82,$-0.11,$-0.02,$10997,$0,$0,$12192,$2958,$0,$2090,$1646,$6694,$18886,$2621,$5186,$3824,$9146,$11767,$2846,$0,$0,$7119,$18886,$1225,$441,$-1885,$-1444,$37,$165,$100,$620,$740,$365,$-230,$0,$0,$27,$0,$27,$-50,$-253,$-192,$0,$-192,$-77,$-77,$0,$-523,$-792,$-661,$0,$0
36,2009-09-30,23.22,$92.24,0.25,$98.35,0.24,$-7.32,0.0,$-3.40,0.0,$11.83B,$2.48B,4.76,$4.63B,$7.14B,0.65,$8.09B,$0.53B,6.56%,$8.09B,$0.34B,4.24%,$8.09B,$0.34B,4.24%,$8.09B,$0.81B,9.99%,$8.09B,$-0.71B,-8.81%,$8.09B,$-0.23B,-2.88%,$-0.23B,$7.14B,-3.57%,$-0.23B,$5.09B,-5.17%,$-0.23B,$18.25B,-1.29%,$0.34B,$11.77B,3.08%,$2343,$1509,$834,$0,$273,$1782,$561,$-93,$468,$-4,$472,$472,$108,$667,$561,$78,87,$1.39,$1.34,$10560,$0,$0,$11834,$2712,$0,$2050,$1658,$6420,$18254,$2484,$4634,$3866,$8635,$11119,$2680,$0,$0,$7135,$18254,$1242,$324,$-1840,$-1516,$0,$0,$0,$579,$579,$314,$-188,$0,$0,$-37,$0,$-37,$-5,$-230,$-45,$0,$-45,$-57,$-57,$0,$-531,$-633,$-529,$0,$0
37,2009-06-30,22.63,$82.00,0.28,$96.19,0.24,$-18.53,0.0,$-4.44,0.0,$12.03B,$3.42B,3.52,$4.57B,$6.34B,0.72,$7.54B,$-0.39B,-5.18%,$7.54B,$-0.60B,-7.93%,$7.54B,$-0.60B,-7.93%,$7.54B,$-0.14B,-1.87%,$7.54B,$-1.68B,-22.30%,$7.54B,$-0.32B,-4.22%,$-0.32B,$6.34B,-5.82%,$-0.32B,$4.27B,-9.27%,$-0.32B,$18.48B,-1.69%,$-0.60B,$10.92B,-5.91%,$2407,$1407,$1000,$0,$287,$1694,$713,$-85,$628,$-9,$637,$637,$127,$826,$713,$78,88,$1.64,$1.54,$10760,$0,$0,$12033,$2720,$0,$2078,$1648,$6446,$18479,$3422,$4574,$4007,$8714,$12136,$2555,$0,$0,$6343,$18479,$771,$218,$-791,$-573,$0,$0,$0,$-397,$-397,$-254,$-116,$0,$0,$-37,$0,$-37,$10,$-143,$-21,$0,$-21,$-38,$-38,$0,$-162,$-221,$-595,$0,$0
38,2009-03-31,14.89,$81.70,0.18,$94.57,0.16,$-17.49,0.0,$-7.30,0.0,$5.99B,$3.07B,1.95,$4.57B,$6.32B,0.72,$7.00B,$-1.61B,-22.96%,$7.00B,$-1.82B,-25.97%,$7.00B,$-1.82B,-25.97%,$7.00B,$-1.38B,-19.76%,$7.00B,$-2.92B,-41.71%,$7.00B,$-0.54B,-7.73%,$-0.54B,$6.32B,-11.92%,$-0.54B,$4.36B,-17.96%,$-0.54B,$16.44B,-3.06%,$-1.82B,$10.89B,-21.24%,$1992,$1441,$551,$0,$289,$1730,$262,$-137,$125,$-7,$132,$132,$1,$367,$262,$78,78,$0.01,$0.01,$4909,$0,$0,$5993,$1821,$0,$1958,$6666,$10445,$16438,$3072,$4566,$2349,$7046,$10118,$2324,$0,$0,$6320,$16438,$132,$105,$-1464,$-1359,$0,$0,$0,$894,$894,$-331,$-60,$0,$0,$-37,$0,$-37,$1,$-96,$-10,$0,$-10,$-19,$-19,$0,$-107,$-136,$-568,$0,$0
39,2008-12-31,15.0,$81.99,0.18,$84.50,0.18,$-15.60,0.0,$-0.66,0.0,$7.67B,$3.48B,2.2,$4.57B,$6.34B,0.72,$6.14B,$-1.48B,-24.08%,$6.14B,$-2.10B,-34.23%,$6.14B,$-2.10B,-34.23%,$6.14B,$-1.73B,-28.22%,$6.14B,$-3.07B,-49.95%,$6.14B,$-0.06B,-0.93%,$-0.06B,$6.34B,-1.56%,$-0.06B,$4.31B,-2.19%,$-0.06B,$18.82B,-0.34%,$-2.10B,$10.91B,-29.86%,$1347,$3201,$-1854,$0,$439,$2540,$-1193,$-741,$-1934,$-33,$-1901,$-1901,$-469,$-1052,$-1193,$73,73,$-6.41,$-6.41,$6559,$0,$0,$7670,$2878,$0,$2029,$6238,$11145,$18815,$3484,$4571,$4288,$8989,$12473,$2410,$0,$0,$6342,$18815,$-2657,$369,$5836,$6205,$223,$208,$-66,$-2809,$-2560,$893,$-858,$0,$-68,$560,$0,$560,$1123,$757,$-321,$0,$-321,$-69,$-69,$0,$-779,$-1169,$493,$0,$0
40,2008-09-30,24.18,$39.07,0.62,$71.21,0.34,$-60.33,0.0,$5.62,4.3,$7.30B,$2.83B,2.58,$4.92B,$2.85B,1.73,$5.13B,$0.72B,13.95%,$5.13B,$-0.90B,-17.54%,$5.13B,$-0.90B,-17.54%,$5.13B,$-0.66B,-12.94%,$5.13B,$-1.26B,-24.63%,$5.13B,$0.41B,8.01%,$0.41B,$2.85B,15.57%,$0.41B,$0.78B,19.56%,$0.41B,$21.37B,2.69%,$-0.90B,$7.77B,-16.68%,$1796,$1884,$-88,$0,$292,$2176,$-380,$-121,$-501,$33,$-534,$-534,$23,$-282,$-380,$72,72,$0.31,$0.31,$5557,$0,$0,$7297,$2015,$0,$2072,$9988,$14075,$21373,$2827,$4922,$3626,$15696,$18524,$2861,$0,$0,$2849,$21373,$-1241,$228,$2512,$2740,$0,$0,$0,$-1927,$-1927,$-47,$-660,$0,$-68,$211,$0,$211,$1119,$602,$-66,$0,$-66,$-54,$-54,$0,$-19,$-139,$473,$0,$0
41,2008-06-30,39.35,$36.19,1.09,$52.41,0.75,$-84.30,0.0,$5.51,7.14,$6.62B,$0.68B,9.74,$2.04B,$2.64B,0.77,$3.75B,$0.76B,20.29%,$3.75B,$-0.61B,-16.27%,$3.75B,$-0.61B,-16.27%,$3.75B,$-0.46B,-12.37%,$3.75B,$-0.85B,-22.75%,$3.75B,$0.42B,11.28%,$0.42B,$2.64B,16.69%,$0.42B,$2.60B,16.86%,$0.42B,$14.08B,3.19%,$-0.61B,$4.68B,-13.35%,$1865,$2081,$-216,$0,$291,$2372,$-507,$-103,$-610,$56,$-666,$-666,$-96,$-416,$-507,$72,72,$-1.32,$-1.32,$5651,$0,$0,$6616,$520,$0,$41,$6888,$7465,$14081,$679,$2035,$2294,$10762,$11442,$2651,$0,$0,$2639,$14081,$-707,$130,$1496,$1626,$0,$0,$0,$-1068,$-1068,$-131,$-98,$0,$795,$206,$0,$206,$52,$955,$-18,$0,$-18,$-36,$-36,$0,$-34,$-88,$818,$0,$0
42,2008-03-31,46.03,$37.82,1.22,$38.89,1.18,$-109.45,0.0,$6.45,7.14,$6.10B,$0.44B,13.85,$2.02B,$2.76B,0.73,$2.67B,$1.29B,48.31%,$2.67B,$0.21B,7.68%,$2.67B,$0.21B,7.68%,$2.67B,$0.27B,10.12%,$2.67B,$0.03B,1.09%,$2.67B,$0.49B,18.52%,$0.49B,$2.76B,20.13%,$0.49B,$2.72B,20.31%,$0.49B,$13.14B,4.46%,$0.21B,$4.78B,4.57%,$1130,$450,$680,$0,$0,$1151,$-21,$0,$-21,$20,$-41,$-41,$485,$18,$-21,$72,72,$6.65,$6.65,$4902,$0,$0,$6100,$507,$0,$41,$6449,$7036,$13137,$440,$2024,$665,$9939,$10379,$2769,$0,$0,$2758,$13137,$-41,$39,$87,$126,$0,$0,$0,$-297,$-297,$-209,$-19,$0,$795,$62,$0,$62,$29,$867,$-8,$0,$-8,$-1,$-1,$0,$-97,$-106,$626,$0,$0
43,2007-12-31,72.17,$31.72,2.28,$38.19,1.89,$-123.79,0.0,$1.28,56.56,$4.10B,$1.02B,4.04,$2.04B,$2.31B,0.88,$2.49B,$1.08B,43.46%,$2.49B,$0.69B,27.77%,$2.49B,$0.69B,27.77%,$2.49B,$0.73B,29.21%,$2.49B,$0.49B,19.62%,$2.49B,$0.10B,4.17%,$0.10B,$2.31B,4.42%,$0.10B,$2.31B,4.46%,$0.10B,$12.43B,1.16%,$0.69B,$4.35B,16.11%,$340,$0,$340,$0,$0,$331,$8,$-140,$-132,$-5,$-127,$247,$-1,$16,$8,$67,67,$-0.07,$-0.07,$3255,$0,$0,$4103,$0,$0,$0,$8331,$8331,$12434,$1015,$2041,$206,$9106,$10121,$2325,$0,$0,$2313,$12434,$480,$36,$-3604,$-3568,$23,$24,$196,$-47,$196,$-2916,$-60,$0,$-48,$182,$0,$182,$17,$91,$1122,$0,$1122,$-21,$-21,$-19,$2020,$3102,$229,$0,$-19
44,2007-09-30,64.9,$33.33,1.95,$62.00,1.05,$-80.28,0.0,$10.13,6.41,$6.27B,$0.22B,28.63,$2.04B,$2.43B,0.84,$4.00B,$1.68B,41.92%,$4.00B,$1.53B,38.30%,$4.00B,$1.53B,38.30%,$4.00B,$1.57B,39.32%,$4.00B,$1.44B,36.00%,$4.00B,$0.38B,9.57%,$0.38B,$2.43B,15.44%,$0.38B,$2.41B,15.58%,$0.38B,$13.46B,4.70%,$1.53B,$4.47B,36.95%,$415,$457,$-43,$0,$0,$505,$-90,$0,$-90,$10,$-100,$7,$35,$-82,$-90,$69,69,$0.50,$0.50,$4520,$0,$0,$6269,$445,$0,$20,$6083,$7195,$13464,$219,$2040,$1572,$10815,$11034,$2442,$0,$0,$2430,$13464,$234,$29,$-2087,$-2058,$-40,$-9,$-1,$-615,$-470,$-2300,$-31,$0,$-47,$214,$0,$214,$12,$148,$523,$600,$1123,$-10,$-10,$-19,$2046,$3141,$959,$0,$-19
45,2007-06-30,56.46,$36.16,1.56,$64.12,0.88,$-45.73,0.0,$11.50,4.91,$3.59B,$0.25B,14.5,$2.02B,$2.31B,0.87,$4.11B,$1.95B,47.43%,$4.11B,$1.85B,44.95%,$4.11B,$1.85B,44.95%,$4.11B,$1.89B,45.99%,$4.11B,$1.73B,42.17%,$4.11B,$0.45B,10.98%,$0.45B,$2.31B,19.63%,$0.45B,$2.29B,19.84%,$0.45B,$5.22B,7.77%,$1.85B,$4.33B,49.19%,$783,$472,$312,$0,$0,$475,$308,$-36,$272,$2,$270,$44,$-25,$318,$308,$64,64,$-0.39,$-0.39,$3444,$0,$0,$3594,$458,$0,$23,$517,$1626,$5221,$248,$2018,$22,$2659,$2907,$2326,$0,$0,$2314,$5221,$227,$20,$-2112,$-2092,$-4,$-23,$8,$81,$66,$-1791,$-20,$0,$-7,$252,$0,$252,$0,$225,$517,$573,$1089,$-16,$-16,$-19,$1813,$2868,$1275,$0,$-19
46,2007-03-31,65.96,$36.69,1.8,$56.16,1.17,$-15.92,0.0,$12.95,5.09,$3.07B,$0.25B,12.25,$1.68B,$2.35B,0.71,$3.61B,$1.60B,44.39%,$3.61B,$1.50B,41.56%,$3.61B,$1.50B,41.56%,$3.61B,$1.54B,42.62%,$3.61B,$1.47B,40.62%,$3.61B,$0.55B,15.35%,$0.55B,$2.35B,26.07%,$0.55B,$2.32B,26.38%,$0.55B,$4.62B,10.02%,$1.50B,$4.02B,43.45%,$954,$480,$474,$0,$0,$487,$466,$-28,$439,$2,$437,$183,$95,$476,$466,$64,64,$1.48,$1.48,$2895,$0,$0,$3065,$899,$0,$26,$585,$1558,$4623,$250,$1675,$32,$2025,$2275,$2359,$0,$0,$2347,$4623,$183,$10,$-71,$-62,$-53,$-3,$28,$-1210,$-1232,$-1108,$-11,$0,$-6,$-24,$0,$-24,$-4,$-44,$505,$-0,$505,$-6,$-6,$-18,$1082,$1562,$394,$0,$-18
47,2006-12-31,47.46,$44.27,1.07,$46.73,1.02,$1.14,41.59,$12.22,3.88,$4.14B,$0.32B,12.88,$0.94B,$2.83B,0.33,$3.01B,$1.11B,37.00%,$3.01B,$1.01B,33.51%,$3.01B,$1.01B,33.51%,$3.01B,$1.05B,35.04%,$3.01B,$1.01B,33.54%,$3.01B,$0.51B,16.91%,$0.51B,$2.83B,26.40%,$0.51B,$2.81B,26.75%,$0.51B,$9.28B,9.42%,$1.01B,$3.77B,31.61%,$1851,$917,$935,$0,$0,$1002,$849,$0,$820,$-7,$827,$234,$278,$862,$849,$64,64,$4.35,$4.40,$3078,$0,$0,$4143,$535,$0,$23,$3958,$5137,$9280,$322,$940,$816,$6126,$6448,$2844,$0,$0,$2832,$9280,$311,$46,$1013,$1059,$0,$0,$0,$-1449,$-1449,$-18,$-30,$0,$-99,$326,$0,$326,$850,$1047,$25,$0,$25,$-25,$-25,$0,$340,$340,$1517,$0,$0
