,Date,Stock Price,Book Value per Share,Price to Book Ratio,TTM Sales per Share,Price to Sales Ratio,TTM FCF per Share,Price to FCF Ratio,TTM Net EPS,PE Ratio,Current Assets,Current Liabilities,Current Ratio,Long Term Debt,Shareholder's Equity_x,Debt to Equity Ratio,TTM Revenue_x,TTM Gross Profit,Gross Margin,TTM Revenue_y,TTM Operating Income,Operating Margin,TTM Revenue_x,TTM EBIT,EBIT Margin,TTM Revenue_y,TTM EBITDA,EBITDA Margin,TTM Revenue_x,TTM Pre-Tax Income,Pre-Tax Margin,TTM Revenue_y,TTM Net Income_x,Net Margin,TTM Net Income_y,Shareholder's Equity_y,Return on Equity,TTM Net Income_x,Tangible Equity,Return on Tangible Equity,TTM Net Income_y,Total Assets,Return on Assets,TTM Net Income,LT Investments & Debt,Return on Investment,revenue,cost-goods-sold,gross-profit,research-development-expenses,selling-general-administrative-expenses,operating-expenses,operating-income,total-non-operating-income-expense,pre-tax-income,total-provision-income-taxes,income-after-taxes,income-from-continuous-operations,net-income,ebitda,ebit,basic-shares-outstanding,shares-outstanding,eps-basic-net-earnings-per-share,eps-earnings-per-share-diluted,cash-on-hand,inventory,other-current-assets,total-current-assets,net-property-plant-equipment,long-term-investments,goodwill-intangible-assets-total,other-long-term-assets,total-long-term-assets,total-assets,total-current-liabilities,long-term-debt,other-non-current-liabilities,total-long-term-liabilities,total-liabilities,common-stock-net,retained-earnings-accumulated-deficit,comprehensive-income,total-share-holder-equity,total-liabilities-share-holders-equity,net-income-loss,total-depreciation-amortization-cash-flow,other-non-cash-items,total-non-cash-items,change-in-accounts-receivable,change-in-inventories,change-in-accounts-payable,change-in-assets-liabilities,total-change-in-assets-liabilities,cash-flow-from-operating-activities,net-change-in-property-plant-equipment,net-change-in-intangible-assets,net-acquisitions-divestitures,net-change-in-short-term-investments,net-change-in-long-term-investments,net-change-in-investments-total,investing-activities-other,cash-flow-from-investing-activities,net-long-term-debt,net-current-debt,debt-issuance-retirement-net-total,net-common-equity-issued-repurchased,net-total-equity-issued-repurchased,total-common-preferred-stock-dividends-paid,financial-activities-other,cash-flow-from-financial-activities,net-cash-flow,stock-based-compensation,common-stock-dividends-paid
0,2018-09-30,150.66,$26.81,5.62,$31.63,4.76,$11.79,12.78,$5.23,28.81,$1.16B,$0.36B,3.21,$0.85B,$2.06B,0.41,$2.46B,$1.11B,45.01%,$2.46B,$0.57B,23.01%,$2.46B,$0.57B,23.01%,$2.46B,$0.65B,26.31%,$2.46B,$0.52B,21.34%,$2.46B,$0.41B,16.54%,$0.41B,$2.06B,20.42%,$0.41B,$-0.04B,-334.85%,$0.41B,$3.56B,11.66%,$0.57B,$2.91B,19.86%,$623,$343,$280,$0,$130,$478,$145,$-12,$133,$27,$106,$106,$106,$164,$145,$77,78,$1.39,$1.37,$492,$287,$51,$1155,$277,$0,$2104,$18,$2400,$3555,$360,$848,$155,$1134,$1494,$1,$2277,$-114,$2061,$3555,$312,$60,$23,$83,$-34,$-28,$-4,$-4,$-70,$326,$-40,$-4,$-20,$0,$0,$0,$-1,$-65,$-11,$0,$-11,$-24,$-24,$-95,$-5,$-135,$116,$20,$-95
1,2018-06-30,136.06,$25.89,5.26,$31.03,4.39,$11.64,11.69,$4.94,27.54,$1.11B,$0.35B,3.21,$0.86B,$1.99B,0.43,$2.41B,$1.08B,45.01%,$2.41B,$0.55B,22.73%,$2.41B,$0.55B,22.73%,$2.41B,$0.63B,26.18%,$2.41B,$0.51B,20.99%,$2.41B,$0.38B,15.96%,$0.38B,$1.99B,19.94%,$0.38B,$-0.10B,-211.86%,$0.38B,$3.48B,11.22%,$0.55B,$2.85B,19.61%,$634,$347,$287,$0,$138,$487,$148,$-11,$137,$30,$107,$107,$107,$168,$148,$77,78,$1.40,$1.38,$459,$284,$41,$1114,$268,$0,$2084,$18,$2370,$3483,$347,$859,$161,$1147,$1494,$1,$2203,$-126,$1989,$3483,$206,$41,$13,$55,$-40,$-28,$5,$15,$-68,$192,$-21,$-4,$0,$0,$0,$0,$-1,$-26,$0,$0,$0,$-6,$-6,$-62,$-4,$-72,$83,$13,$-62
2,2018-03-31,141.63,$26.23,5.4,$30.28,4.68,$11.41,12.41,$4.64,30.52,$1.07B,$0.32B,3.38,$0.86B,$2.02B,0.43,$2.35B,$1.05B,44.90%,$2.35B,$0.52B,22.35%,$2.35B,$0.52B,22.35%,$2.35B,$0.61B,25.97%,$2.35B,$0.48B,20.51%,$2.35B,$0.36B,15.39%,$0.36B,$2.02B,19.41%,$0.36B,$-0.11B,-145.13%,$0.36B,$3.49B,10.75%,$0.52B,$2.88B,19.19%,$612,$336,$277,$0,$138,$476,$137,$-7,$130,$31,$99,$99,$99,$158,$137,$76,78,$1.29,$1.27,$413,$284,$44,$1069,$267,$0,$2131,$18,$2416,$3485,$316,$860,$161,$1152,$1469,$1,$2163,$-66,$2017,$3485,$99,$21,$7,$29,$-31,$-21,$8,$15,$-56,$72,$-10,$0,$0,$0,$0,$0,$-0,$-10,$0,$0,$0,$7,$7,$-29,$-4,$-26,$37,$8,$-29
3,2017-12-31,130.8,$24.60,5.32,$29.60,4.42,$11.59,11.29,$4.36,30.0,$1.00B,$0.36B,2.78,$0.86B,$1.89B,0.46,$2.29B,$1.03B,44.91%,$2.29B,$0.50B,21.99%,$2.29B,$0.50B,21.99%,$2.29B,$0.59B,25.71%,$2.29B,$0.46B,19.90%,$2.29B,$0.34B,14.78%,$0.34B,$1.89B,19.14%,$0.34B,$-0.23B,-102.89%,$0.34B,$3.40B,10.32%,$0.50B,$2.75B,18.91%,$586,$325,$261,$0,$131,$451,$135,$-12,$124,$30,$94,$94,$94,$156,$135,$76,77,$1.23,$1.21,$376,$260,$74,$1004,$258,$0,$2119,$18,$2396,$3400,$361,$859,$156,$1152,$1513,$1,$2058,$-90,$1887,$3400,$337,$86,$-12,$74,$-16,$1,$13,$4,$22,$433,$-38,$0,$-16,$0,$0,$0,$-1,$-55,$-168,$0,$-168,$-6,$-6,$-111,$8,$-277,$140,$24,$-111
4,2017-09-30,120.04,$23.62,5.08,$28.94,4.15,$11.20,10.72,$3.90,30.78,$0.96B,$0.34B,2.84,$0.88B,$1.81B,0.48,$2.23B,$1.00B,44.73%,$2.23B,$0.45B,20.35%,$2.23B,$0.45B,20.35%,$2.23B,$0.54B,24.20%,$2.23B,$0.40B,18.11%,$2.23B,$0.30B,13.49%,$0.30B,$1.81B,17.91%,$0.30B,$-0.28B,-74.97%,$0.30B,$3.32B,9.36%,$0.45B,$2.69B,17.38%,$574,$317,$258,$0,$131,$448,$127,$-13,$114,$30,$84,$84,$84,$148,$127,$76,78,$1.09,$1.08,$303,$267,$78,$955,$251,$0,$2095,$17,$2362,$3318,$337,$875,$123,$1171,$1507,$1,$1993,$-97,$1810,$3318,$244,$65,$25,$90,$-28,$-5,$4,$-17,$-37,$297,$-23,$0,$0,$0,$0,$0,$-0,$-23,$-149,$0,$-149,$-4,$-4,$-83,$-1,$-237,$67,$18,$-83
5,2017-06-30,111.31,$22.53,4.94,$28.42,3.92,$10.99,10.13,$3.73,29.84,$0.86B,$0.31B,2.74,$0.89B,$1.73B,0.51,$2.19B,$0.97B,44.40%,$2.19B,$0.44B,19.98%,$2.19B,$0.44B,19.98%,$2.19B,$0.52B,23.96%,$2.19B,$0.39B,17.79%,$2.19B,$0.29B,13.12%,$0.29B,$1.73B,17.75%,$0.29B,$-0.37B,-60.64%,$0.29B,$3.22B,8.97%,$0.44B,$2.62B,16.78%,$573,$316,$257,$0,$132,$448,$125,$-12,$113,$30,$84,$84,$84,$147,$125,$76,77,$1.10,$1.08,$218,$265,$71,$861,$254,$0,$2092,$16,$2363,$3224,$314,$888,$123,$1183,$1497,$1,$1937,$-129,$1727,$3224,$160,$43,$18,$61,$-31,$-5,$6,$-9,$-48,$173,$-20,$0,$0,$0,$0,$0,$0,$-19,$-133,$0,$-133,$3,$3,$-55,$-1,$-186,$-18,$12,$-55
6,2017-03-31,91.78,$21.44,4.28,$28.18,3.26,$10.86,8.45,$3.64,25.21,$0.82B,$0.28B,2.96,$0.95B,$1.64B,0.58,$2.16B,$0.96B,44.27%,$2.16B,$0.43B,19.69%,$2.16B,$0.43B,19.69%,$2.16B,$0.51B,23.71%,$2.16B,$0.38B,17.56%,$2.16B,$0.28B,12.89%,$0.28B,$1.64B,17.89%,$0.28B,$-0.43B,-58.68%,$0.28B,$3.16B,8.79%,$0.43B,$2.59B,16.46%,$554,$303,$251,$0,$130,$438,$116,$-11,$104,$29,$76,$76,$76,$137,$116,$76,77,$0.99,$0.99,$216,$258,$55,$824,$250,$0,$2074,$16,$2340,$3164,$278,$950,$122,$1244,$1522,$1,$1911,$-178,$1641,$3164,$76,$21,$9,$30,$-20,$-3,$5,$8,$-21,$85,$-10,$0,$0,$0,$0,$0,$1,$-10,$-67,$0,$-67,$-1,$-1,$-26,$-5,$-99,$-20,$6,$-26
7,2016-12-31,88.07,$20.20,4.36,$27.53,3.2,$10.69,8.24,$3.54,24.88,$0.82B,$0.31B,2.66,$1.01B,$1.54B,0.66,$2.11B,$0.93B,44.01%,$2.11B,$0.41B,19.55%,$2.11B,$0.41B,19.55%,$2.11B,$0.50B,23.66%,$2.11B,$0.37B,17.46%,$2.11B,$0.27B,12.83%,$0.27B,$1.54B,17.80%,$0.27B,$-0.52B,-57.91%,$0.27B,$3.16B,8.56%,$0.41B,$2.56B,15.96%,$530,$298,$232,$0,$123,$445,$86,$-13,$73,$15,$57,$57,$57,$108,$86,$76,77,$0.75,$0.74,$236,$253,$61,$823,$248,$0,$2068,$16,$2332,$3155,$309,$1014,$121,$1302,$1611,$1,$1835,$-202,$1544,$3155,$271,$88,$36,$124,$0,$33,$0,$-23,$5,$400,$-38,$0,$-471,$0,$0,$0,$-0,$-509,$181,$0,$181,$-27,$-27,$-103,$-5,$47,$-92,$20,$-103
8,2016-09-30,91.14,$20.38,4.47,$27.03,3.37,$10.05,9.07,$3.67,24.83,$0.86B,$0.31B,2.81,$1.10B,$1.56B,0.71,$2.08B,$0.92B,44.22%,$2.08B,$0.43B,20.69%,$2.08B,$0.43B,20.69%,$2.08B,$0.52B,24.77%,$2.08B,$0.39B,18.48%,$2.08B,$0.28B,13.54%,$0.28B,$1.56B,18.84%,$0.28B,$-0.57B,-70.99%,$0.28B,$3.26B,9.16%,$0.43B,$2.65B,17.11%,$530,$299,$231,$0,$119,$421,$110,$-10,$99,$29,$70,$70,$70,$132,$110,$76,77,$0.92,$0.91,$239,$276,$55,$857,$261,$0,$2125,$19,$2405,$3262,$305,$1100,$120,$1402,$1708,$1,$1803,$-148,$1555,$3262,$214,$65,$27,$93,$-2,$22,$-17,$-23,$-22,$284,$-29,$0,$-477,$0,$0,$0,$-0,$-506,$258,$0,$258,$-34,$-34,$-77,$-5,$142,$-89,$15,$-77
9,2016-06-30,79.65,$19.64,4.05,$26.62,2.99,$9.68,8.23,$3.78,21.07,$0.97B,$0.30B,3.26,$1.05B,$1.50B,0.7,$2.06B,$0.91B,44.39%,$2.06B,$0.44B,21.54%,$2.06B,$0.44B,21.54%,$2.06B,$0.53B,25.62%,$2.06B,$0.40B,19.35%,$2.06B,$0.29B,14.20%,$0.29B,$1.50B,19.92%,$0.29B,$-0.37B,-90.47%,$0.29B,$3.11B,9.79%,$0.44B,$2.55B,18.26%,$550,$306,$244,$0,$130,$436,$114,$-10,$104,$28,$76,$76,$76,$136,$114,$76,77,$1.00,$0.99,$361,$258,$54,$969,$251,$0,$1871,$19,$2140,$3109,$298,$1054,$108,$1315,$1612,$1,$1759,$-154,$1497,$3109,$144,$43,$19,$62,$-23,$11,$-3,$-19,$-47,$159,$-17,$0,$-222,$0,$0,$0,$0,$-239,$214,$0,$214,$-39,$-39,$-51,$-5,$119,$33,$12,$-51
10,2016-03-31,80.08,$19.61,4.08,$26.03,3.08,$9.42,8.5,$3.68,21.76,$0.98B,$0.29B,3.34,$1.09B,$1.49B,0.73,$2.02B,$0.90B,44.56%,$2.02B,$0.44B,21.71%,$2.02B,$0.44B,21.71%,$2.02B,$0.52B,25.72%,$2.02B,$0.39B,19.39%,$2.02B,$0.29B,14.14%,$0.29B,$1.49B,19.66%,$0.29B,$-0.40B,-97.44%,$0.29B,$3.14B,9.76%,$0.44B,$2.59B,18.52%,$503,$279,$223,$0,$120,$399,$103,$-11,$93,$25,$68,$68,$68,$124,$103,$76,77,$0.90,$0.89,$358,$278,$43,$977,$253,$0,$1896,$18,$2166,$3142,$292,$1094,$108,$1357,$1649,$1,$1735,$-129,$1493,$3142,$68,$20,$11,$31,$-19,$-0,$6,$-9,$-29,$70,$-9,$0,$-222,$0,$0,$0,$0,$-230,$254,$0,$254,$-39,$-39,$-25,$-5,$186,$30,$6,$-25
11,2015-12-31,73.69,$18.86,3.91,$25.84,2.85,$9.11,8.09,$3.63,20.3,$0.86B,$0.31B,2.79,$0.84B,$1.44B,0.58,$2.02B,$0.90B,44.73%,$2.02B,$0.44B,21.67%,$2.02B,$0.44B,21.67%,$2.02B,$0.52B,25.58%,$2.02B,$0.39B,19.40%,$2.02B,$0.28B,14.05%,$0.28B,$1.44B,19.66%,$0.28B,$-0.24B,-130.42%,$0.28B,$2.81B,9.92%,$0.44B,$2.28B,19.12%,$500,$276,$223,$0,$113,$396,$104,$-15,$89,$21,$68,$68,$68,$124,$104,$77,78,$0.89,$0.87,$328,$239,$36,$863,$241,$0,$1684,$17,$1943,$2805,$310,$840,$102,$1053,$1362,$1,$1667,$-146,$1443,$2805,$283,$80,$4,$84,$9,$5,$-3,$-0,$-6,$360,$-43,$0,$-167,$0,$0,$0,$-0,$-210,$-8,$0,$-8,$-192,$-192,$-96,$0,$-296,$-181,$20,$-96
12,2015-09-30,68.29,$18.60,3.67,$25.92,2.63,$9.02,7.57,$3.52,19.4,$0.91B,$0.32B,2.8,$0.85B,$1.43B,0.6,$2.05B,$0.91B,44.50%,$2.05B,$0.43B,20.93%,$2.05B,$0.43B,20.93%,$2.05B,$0.51B,24.79%,$2.05B,$0.39B,18.97%,$2.05B,$0.28B,13.59%,$0.28B,$1.43B,19.10%,$0.28B,$-0.27B,-151.09%,$0.28B,$2.87B,9.63%,$0.43B,$2.28B,18.75%,$504,$281,$223,$0,$115,$382,$122,$-10,$112,$33,$80,$80,$80,$143,$122,$77,78,$1.03,$1.02,$306,$253,$75,$906,$240,$0,$1701,$23,$1964,$2870,$324,$853,$111,$1118,$1442,$1,$1625,$-141,$1429,$2870,$215,$59,$-1,$58,$-1,$-6,$-4,$-2,$-12,$262,$-33,$0,$-165,$0,$0,$0,$1,$-197,$-1,$0,$-1,$-163,$-163,$-72,$-1,$-236,$-203,$15,$-72
13,2015-06-30,74.95,$18.72,4.0,$26.05,2.88,$8.96,8.36,$3.38,22.18,$0.93B,$0.31B,3.03,$0.88B,$1.46B,0.6,$2.07B,$0.92B,44.46%,$2.07B,$0.42B,20.11%,$2.07B,$0.42B,20.11%,$2.07B,$0.50B,23.87%,$2.07B,$0.38B,18.18%,$2.07B,$0.27B,12.97%,$0.27B,$1.46B,17.99%,$0.27B,$-0.26B,-216.94%,$0.27B,$2.90B,9.26%,$0.42B,$2.33B,18.22%,$515,$283,$232,$0,$122,$405,$110,$-11,$98,$29,$70,$70,$70,$129,$110,$77,78,$0.89,$0.89,$311,$261,$75,$934,$235,$0,$1711,$24,$1970,$2903,$308,$875,$113,$1141,$1449,$1,$1570,$-121,$1455,$2903,$136,$38,$12,$50,$-15,$-10,$4,$0,$-37,$148,$-24,$0,$-173,$0,$0,$0,$-0,$-197,$21,$0,$21,$-100,$-100,$-47,$-0,$-126,$-198,$12,$-47
14,2015-03-31,72.02,$18.54,3.89,$26.21,2.75,$9.13,7.89,$3.37,21.37,$1.08B,$0.36B,3.0,$0.82B,$1.45B,0.57,$2.11B,$0.93B,44.21%,$2.11B,$0.42B,19.90%,$2.11B,$0.42B,19.90%,$2.11B,$0.50B,23.65%,$2.11B,$0.38B,18.09%,$2.11B,$0.27B,12.87%,$0.27B,$1.45B,17.63%,$0.27B,$-0.10B,-389.93%,$0.27B,$2.87B,9.26%,$0.42B,$2.27B,18.30%,$502,$276,$226,$0,$124,$400,$102,$-9,$93,$27,$66,$66,$66,$121,$102,$78,79,$0.84,$0.84,$494,$244,$76,$1081,$216,$0,$1551,$20,$1788,$2869,$360,$820,$107,$1058,$1418,$1,$1550,$-147,$1451,$2869,$66,$19,$6,$25,$-18,$-11,$7,$-5,$-42,$49,$-10,$0,$0,$0,$0,$0,$-0,$-10,$55,$0,$55,$-53,$-53,$-22,$0,$-20,$-15,$7,$-22
15,2014-12-31,73.65,$18.87,3.9,$26.51,2.78,$9.41,7.83,$3.44,21.41,$1.08B,$0.41B,2.61,$0.76B,$1.49B,0.51,$2.15B,$0.95B,44.18%,$2.15B,$0.43B,20.07%,$2.15B,$0.43B,20.07%,$2.15B,$0.51B,23.79%,$2.15B,$0.39B,18.25%,$2.15B,$0.28B,13.04%,$0.28B,$1.49B,17.72%,$0.28B,$-0.11B,-538.46%,$0.28B,$2.90B,9.50%,$0.43B,$2.25B,18.57%,$524,$295,$229,$0,$121,$429,$94,$-9,$85,$24,$62,$62,$62,$114,$94,$80,81,$0.78,$0.78,$509,$238,$73,$1076,$220,$0,$1592,$16,$1828,$2903,$412,$760,$114,$1005,$1417,$1,$1484,$-92,$1486,$2903,$279,$79,$15,$94,$-11,$-8,$-2,$-8,$-5,$368,$-47,$0,$-25,$0,$0,$0,$-0,$-72,$165,$-62,$103,$-203,$-203,$-86,$1,$-184,$70,$21,$-86
16,2014-09-30,68.19,$19.95,3.42,$26.34,2.59,$9.92,6.88,$3.49,19.54,$1.08B,$0.40B,2.7,$0.72B,$1.59B,0.45,$2.15B,$0.95B,44.15%,$2.15B,$0.44B,20.56%,$2.15B,$0.44B,20.56%,$2.15B,$0.52B,24.29%,$2.15B,$0.40B,18.65%,$2.15B,$0.29B,13.33%,$0.29B,$1.59B,17.86%,$0.29B,$-0.03B,-602.11%,$0.29B,$2.94B,9.72%,$0.44B,$2.31B,18.80%,$533,$299,$235,$0,$124,$422,$111,$-10,$101,$30,$71,$71,$71,$131,$111,$80,81,$0.89,$0.88,$487,$251,$68,$1077,$220,$0,$1621,$22,$1862,$2939,$399,$720,$88,$953,$1351,$1,$1466,$-39,$1588,$2939,$218,$60,$11,$71,$-21,$-18,$2,$-4,$-22,$267,$-34,$0,$-25,$0,$0,$0,$-0,$-59,$58,$0,$58,$-132,$-132,$-64,$0,$-137,$47,$16,$-64
17,2014-06-30,75.81,$20.23,3.75,$25.68,2.95,$10.40,7.29,$3.39,22.36,$1.08B,$0.42B,2.56,$0.71B,$1.63B,0.43,$2.10B,$0.92B,43.94%,$2.10B,$0.43B,20.30%,$2.10B,$0.43B,20.30%,$2.10B,$0.51B,24.16%,$2.10B,$0.39B,18.35%,$2.10B,$0.28B,13.27%,$0.28B,$1.63B,17.62%,$0.28B,$-0.04B,-362.34%,$0.28B,$2.99B,9.55%,$0.43B,$2.33B,18.23%,$547,$306,$241,$0,$129,$435,$112,$-11,$102,$30,$72,$72,$72,$132,$112,$80,81,$0.89,$0.88,$485,$254,$70,$1082,$223,$0,$1664,$22,$1909,$2991,$423,$705,$90,$943,$1366,$1,$1395,$14,$1625,$2991,$146,$40,$11,$51,$-16,$-16,$13,$-7,$-31,$166,$-23,$0,$-26,$0,$0,$0,$-0,$-49,$44,$0,$44,$-74,$-74,$-41,$1,$-71,$46,$12,$-41
18,2014-03-31,68.18,$20.04,3.4,$25.21,2.7,$10.64,6.41,$3.27,20.85,$1.06B,$0.31B,3.39,$0.78B,$1.62B,0.48,$2.07B,$0.91B,43.68%,$2.07B,$0.42B,20.01%,$2.07B,$0.42B,20.01%,$2.07B,$0.50B,23.92%,$2.07B,$0.37B,17.94%,$2.07B,$0.27B,13.02%,$0.27B,$1.62B,17.45%,$0.27B,$-0.03B,-241.07%,$0.27B,$2.95B,9.38%,$0.42B,$2.40B,17.79%,$544,$300,$244,$0,$131,$430,$114,$-10,$104,$30,$75,$75,$75,$134,$114,$81,82,$0.92,$0.91,$458,$244,$73,$1063,$216,$0,$1651,$22,$1888,$2952,$314,$779,$91,$1017,$1331,$1,$1368,$-1,$1621,$2952,$75,$20,$4,$24,$-34,$-13,$15,$-8,$-25,$74,$-11,$0,$0,$0,$0,$0,$0,$-11,$6,$0,$6,$-31,$-31,$-19,$0,$-43,$19,$6,$-19
19,2013-12-31,68.86,$19.37,3.55,$24.49,2.81,$10.64,6.47,$3.10,22.21,$0.99B,$0.31B,3.25,$0.77B,$1.57B,0.49,$2.02B,$0.87B,43.18%,$2.02B,$0.40B,19.57%,$2.02B,$0.40B,19.57%,$2.02B,$0.48B,23.57%,$2.02B,$0.35B,17.44%,$2.02B,$0.26B,12.65%,$0.26B,$1.57B,16.93%,$0.26B,$-0.09B,-170.10%,$0.26B,$2.89B,8.99%,$0.40B,$2.35B,17.17%,$521,$294,$227,$0,$123,$417,$104,$-11,$93,$25,$68,$68,$68,$124,$104,$82,82,$0.83,$0.81,$440,$231,$67,$991,$213,$0,$1661,$22,$1897,$2888,$305,$772,$93,$1010,$1315,$1,$1294,$-3,$1573,$2888,$255,$81,$15,$96,$6,$9,$15,$7,$50,$402,$-31,$0,$-37,$0,$0,$0,$-0,$-68,$-16,$0,$-16,$-132,$-132,$-73,$2,$-219,$121,$17,$-73
20,2013-09-30,60.62,$18.58,3.26,$24.05,2.52,$9.62,6.3,$0.83,73.04,$0.95B,$0.31B,3.08,$0.78B,$1.52B,0.52,$1.99B,$0.85B,42.63%,$1.99B,$0.17B,8.32%,$1.99B,$0.17B,8.32%,$1.99B,$0.25B,12.44%,$1.99B,$0.12B,6.22%,$1.99B,$0.07B,3.46%,$0.07B,$1.52B,4.65%,$0.07B,$-0.15B,-38.76%,$0.07B,$2.85B,2.45%,$0.17B,$2.30B,7.28%,$491,$279,$212,$0,$114,$393,$97,$-11,$87,$23,$64,$64,$64,$118,$97,$81,82,$0.78,$0.78,$400,$237,$58,$951,$214,$0,$1666,$19,$1899,$2849,$309,$780,$120,$1026,$1335,$1,$1245,$-31,$1515,$2849,$188,$61,$13,$74,$3,$3,$13,$8,$38,$300,$-23,$0,$-37,$0,$0,$0,$-0,$-60,$63,$-67,$-4,$-107,$-107,$-54,$2,$-163,$81,$13,$-54
21,2013-06-30,49.8,$18.02,2.76,$23.84,2.09,$8.80,5.66,$0.65,76.61,$0.94B,$0.30B,3.18,$0.81B,$1.48B,0.55,$1.98B,$0.83B,42.01%,$1.98B,$0.15B,7.56%,$1.98B,$0.15B,7.56%,$1.98B,$0.23B,11.65%,$1.98B,$0.11B,5.40%,$1.98B,$0.06B,2.77%,$0.06B,$1.48B,3.65%,$0.06B,$-0.18B,-26.76%,$0.06B,$2.83B,1.93%,$0.15B,$2.29B,6.51%,$518,$296,$223,$0,$123,$419,$100,$-11,$88,$26,$63,$63,$63,$120,$100,$82,83,$0.76,$0.76,$374,$232,$62,$936,$213,$0,$1659,$19,$1892,$2828,$295,$811,$120,$1053,$1348,$1,$1200,$-62,$1479,$2828,$124,$41,$8,$49,$-13,$5,$11,$5,$8,$182,$-16,$0,$-37,$0,$0,$0,$-0,$-53,$28,$3,$31,$-61,$-61,$-35,$-0,$-66,$56,$9,$-35
22,2013-03-31,49.21,$17.93,2.75,$23.45,2.1,$8.23,5.98,$0.54,91.13,$0.92B,$0.28B,3.25,$0.82B,$1.48B,0.55,$1.96B,$0.81B,41.50%,$1.96B,$0.14B,7.10%,$1.96B,$0.14B,7.10%,$1.96B,$0.22B,11.18%,$1.96B,$0.10B,4.95%,$1.96B,$0.05B,2.35%,$0.05B,$1.48B,3.00%,$0.05B,$-0.18B,-20.77%,$0.05B,$2.82B,1.61%,$0.14B,$2.30B,6.00%,$494,$282,$212,$0,$117,$400,$95,$-9,$85,$24,$61,$61,$61,$115,$95,$82,83,$0.74,$0.74,$341,$240,$71,$922,$215,$0,$1666,$20,$1901,$2823,$284,$816,$121,$1057,$1341,$1,$1175,$-68,$1482,$2823,$61,$20,$5,$25,$-15,$-3,$6,$-4,$-14,$72,$-8,$0,$-35,$0,$0,$0,$-0,$-42,$5,$34,$40,$-22,$-22,$-17,$1,$2,$22,$6,$-17
23,2012-12-31,42.69,$17.71,2.41,$23.33,1.83,$8.05,5.3,$0.42,101.64,$0.88B,$0.29B,3.03,$0.78B,$1.47B,0.53,$1.95B,$0.80B,41.15%,$1.95B,$0.13B,6.60%,$1.95B,$0.13B,6.60%,$1.95B,$0.21B,10.64%,$1.95B,$0.09B,4.40%,$1.95B,$0.04B,1.89%,$0.04B,$1.47B,2.37%,$0.04B,$-0.20B,-16.12%,$0.04B,$2.79B,1.29%,$0.13B,$2.24B,5.53%,$491,$288,$203,$0,$112,$616,$-126,$-10,$-136,$-17,$-119,$-119,$-119,$-105,$-126,$83,84,$-1.43,$-1.42,$319,$235,$72,$882,$219,$0,$1663,$21,$1904,$2785,$291,$779,$128,$1029,$1320,$1,$1114,$-43,$1465,$2785,$38,$80,$178,$258,$13,$24,$-1,$-14,$31,$326,$-36,$0,$-69,$0,$0,$0,$-1,$-105,$-29,$0,$-29,$-44,$-44,$-64,$1,$-136,$89,$13,$-64
24,2012-09-30,38.13,$19.45,1.96,$23.22,1.64,$6.91,5.52,$2.44,15.63,$0.84B,$0.29B,2.87,$0.78B,$1.61B,0.49,$1.94B,$0.80B,40.90%,$1.94B,$0.33B,17.03%,$1.94B,$0.33B,17.03%,$1.94B,$0.41B,21.04%,$1.94B,$0.29B,14.87%,$1.94B,$0.20B,10.44%,$0.20B,$1.61B,12.88%,$0.20B,$-0.26B,-79.61%,$0.20B,$2.96B,7.04%,$0.33B,$2.39B,14.06%,$480,$285,$195,$0,$107,$399,$81,$-10,$70,$20,$50,$50,$50,$101,$81,$82,83,$0.60,$0.60,$261,$250,$56,$844,$224,$0,$1869,$20,$2114,$2957,$294,$783,$114,$1055,$1349,$1,$1249,$-36,$1609,$2957,$157,$59,$18,$77,$-8,$9,$-3,$-8,$7,$240,$-28,$0,$-69,$0,$0,$0,$-0,$-97,$70,$-95,$-26,$-40,$-40,$-48,$-0,$-114,$30,$11,$-48
25,2012-06-30,35.39,$18.93,1.87,$23.17,1.53,$6.28,5.63,$2.42,14.62,$0.80B,$0.26B,3.06,$0.75B,$1.58B,0.48,$1.94B,$0.78B,40.29%,$1.94B,$0.32B,16.54%,$1.94B,$0.32B,16.54%,$1.94B,$0.40B,20.61%,$1.94B,$0.28B,14.53%,$1.94B,$0.20B,10.36%,$0.20B,$1.58B,12.97%,$0.20B,$-0.24B,-73.83%,$0.20B,$2.86B,7.01%,$0.32B,$2.33B,13.86%,$494,$291,$203,$0,$112,$405,$89,$-11,$78,$24,$54,$54,$54,$108,$89,$83,84,$0.65,$0.65,$221,$254,$57,$798,$216,$0,$1822,$21,$2059,$2857,$261,$754,$110,$1017,$1278,$1,$1216,$-62,$1579,$2857,$107,$39,$13,$52,$-7,$1,$-1,$-10,$-19,$139,$-19,$0,$-34,$0,$0,$0,$-0,$-53,$32,$-82,$-51,$-8,$-8,$-31,$-1,$-91,$-9,$8,$-31
26,2012-03-31,38.07,$19.07,2.0,$22.71,1.68,$5.74,6.63,$2.37,16.06,$0.83B,$0.25B,3.33,$0.77B,$1.60B,0.48,$1.90B,$0.76B,40.19%,$1.90B,$0.31B,16.41%,$1.90B,$0.31B,16.41%,$1.90B,$0.39B,20.46%,$1.90B,$0.28B,14.57%,$1.90B,$0.20B,10.36%,$0.20B,$1.60B,12.85%,$0.20B,$-0.22B,-66.11%,$0.20B,$2.88B,6.83%,$0.31B,$2.37B,13.52%,$489,$287,$203,$0,$113,$405,$85,$-11,$74,$22,$52,$52,$52,$104,$85,$83,84,$0.63,$0.62,$246,$254,$59,$829,$214,$0,$1816,$20,$2050,$2879,$249,$770,$112,$1029,$1279,$1,$1195,$-38,$1601,$2879,$52,$20,$5,$24,$-15,$-0,$4,$-9,$-18,$59,$-9,$0,$0,$0,$0,$0,$-0,$-9,$10,$-48,$-39,$14,$14,$-14,$-1,$-40,$15,$5,$-14
27,2011-12-31,33.38,$18.18,1.84,$22.01,1.52,$5.35,6.23,$2.33,14.33,$0.79B,$0.26B,3.06,$0.81B,$1.51B,0.53,$1.84B,$0.74B,40.24%,$1.84B,$0.31B,16.59%,$1.84B,$0.31B,16.59%,$1.84B,$0.38B,20.61%,$1.84B,$0.27B,14.85%,$1.84B,$0.19B,10.49%,$0.19B,$1.51B,12.86%,$0.19B,$-0.30B,-73.59%,$0.19B,$2.84B,6.94%,$0.31B,$2.32B,13.94%,$481,$287,$194,$0,$108,$405,$76,$-9,$67,$20,$47,$47,$47,$96,$76,$82,84,$0.57,$0.57,$230,$254,$52,$789,$214,$0,$1814,$20,$2047,$2836,$258,$806,$116,$1065,$1323,$1,$1142,$-55,$1513,$2836,$194,$74,$-35,$39,$-16,$-1,$-9,$3,$-15,$217,$-23,$0,$-444,$0,$0,$0,$-3,$-470,$820,$-541,$279,$33,$33,$-55,$-4,$253,$-5,$12,$-55
28,2011-09-30,27.89,$18.10,1.54,$21.19,1.32,$4.90,5.7,$2.26,12.34,$0.81B,$0.39B,2.05,$0.73B,$1.51B,0.49,$1.76B,$0.71B,40.16%,$1.76B,$0.30B,16.73%,$1.76B,$0.30B,16.73%,$1.76B,$0.36B,20.53%,$1.76B,$0.27B,15.14%,$1.76B,$0.19B,10.66%,$0.19B,$1.51B,12.82%,$0.19B,$-0.33B,-87.24%,$0.19B,$2.89B,7.05%,$0.30B,$2.24B,14.36%,$477,$295,$182,$0,$107,$406,$71,$-8,$63,$15,$48,$48,$48,$92,$71,$82,84,$0.58,$0.58,$220,$272,$55,$805,$220,$0,$1836,$33,$2088,$2894,$393,$733,$96,$995,$1388,$1,$1109,$-26,$1505,$2894,$146,$54,$6,$60,$-19,$-13,$-1,$-11,$-31,$176,$-15,$0,$-446,$0,$0,$0,$-2,$-464,$381,$-96,$285,$31,$31,$-40,$-3,$273,$-15,$10,$-40
29,2011-06-30,40.89,$18.21,2.25,$20.05,2.04,$4.58,8.93,$2.15,19.02,$0.81B,$0.35B,2.33,$0.79B,$1.51B,0.53,$1.66B,$0.68B,40.96%,$1.66B,$0.29B,17.23%,$1.66B,$0.29B,17.23%,$1.66B,$0.35B,20.96%,$1.66B,$0.26B,15.72%,$1.66B,$0.18B,10.78%,$0.18B,$1.51B,12.57%,$0.18B,$-0.35B,-104.22%,$0.18B,$2.92B,7.08%,$0.29B,$2.31B,14.68%,$454,$269,$185,$0,$105,$374,$80,$-6,$73,$23,$50,$50,$50,$97,$80,$82,84,$0.61,$0.60,$203,$282,$58,$814,$232,$0,$1857,$20,$2109,$2923,$350,$793,$99,$1062,$1412,$1,$1075,$22,$1512,$2923,$98,$33,$7,$41,$-26,$-20,$6,$-12,$-58,$81,$-6,$0,$-446,$0,$0,$0,$-2,$-454,$374,$-36,$338,$24,$24,$-26,$-4,$332,$-32,$10,$-26
30,2011-03-31,38.77,$17.77,2.18,$19.26,2.01,$4.64,8.35,$2.04,19.01,$0.70B,$0.33B,2.14,$0.42B,$1.47B,0.28,$1.59B,$0.65B,41.01%,$1.59B,$0.27B,16.97%,$1.59B,$0.27B,16.97%,$1.59B,$0.33B,20.76%,$1.59B,$0.25B,15.58%,$1.59B,$0.17B,10.66%,$0.17B,$1.47B,12.39%,$0.17B,$-0.07B,-131.01%,$0.17B,$2.47B,7.19%,$0.27B,$1.89B,14.90%,$427,$248,$179,$0,$101,$349,$78,$-7,$70,$22,$48,$48,$48,$94,$78,$81,83,$0.58,$0.57,$196,$216,$51,$704,$200,$0,$1546,$16,$1761,$2465,$329,$415,$94,$664,$992,$1,$1053,$14,$1473,$2465,$48,$16,$6,$22,$-22,$-13,$6,$-7,$-41,$29,$-11,$0,$-50,$0,$0,$0,$-2,$-64,$0,$-18,$-18,$16,$16,$-12,$2,$-12,$-40,$5,$-12
31,2010-12-31,34.62,$16.76,2.07,$18.49,1.87,$4.67,7.41,$1.91,18.12,$0.69B,$0.35B,1.96,$0.41B,$1.38B,0.3,$1.51B,$0.62B,40.89%,$1.51B,$0.25B,16.45%,$1.51B,$0.25B,16.45%,$1.51B,$0.31B,20.28%,$1.51B,$0.23B,15.32%,$1.51B,$0.16B,10.44%,$0.16B,$1.38B,11.98%,$0.16B,$-0.11B,-107.67%,$0.16B,$2.38B,6.99%,$0.25B,$1.78B,14.22%,$405,$243,$162,$0,$91,$339,$66,$-5,$61,$19,$42,$42,$42,$79,$66,$80,82,$0.51,$0.49,$235,$197,$48,$693,$189,$0,$1488,$12,$1689,$2382,$354,$408,$95,$652,$1006,$1,$1005,$-13,$1376,$2382,$157,$59,$-24,$34,$-22,$-27,$21,$3,$-7,$184,$-31,$0,$-91,$0,$0,$0,$0,$-122,$395,$-270,$125,$18,$18,$-46,$-1,$96,$162,$17,$-46
32,2010-09-30,31.29,$16.35,1.91,$17.80,1.76,$5.17,6.06,$1.81,17.29,$0.66B,$0.28B,2.35,$0.48B,$1.34B,0.36,$1.45B,$0.60B,41.05%,$1.45B,$0.24B,16.18%,$1.45B,$0.24B,16.18%,$1.45B,$0.30B,20.32%,$1.45B,$0.22B,15.15%,$1.45B,$0.15B,10.26%,$0.15B,$1.34B,11.53%,$0.15B,$-0.16B,-89.22%,$0.15B,$2.35B,6.81%,$0.24B,$1.82B,13.66%,$374,$220,$154,$0,$88,$311,$62,$-5,$57,$19,$39,$39,$39,$78,$62,$81,82,$0.47,$0.47,$206,$192,$53,$661,$187,$0,$1491,$8,$1686,$2346,$281,$481,$91,$730,$1011,$1,$976,$-9,$1336,$2346,$116,$45,$11,$56,$-20,$-28,$15,$-4,$-14,$157,$-26,$0,$-68,$0,$0,$0,$0,$-94,$97,$-12,$85,$9,$9,$-34,$3,$62,$133,$13,$-34
33,2010-06-30,25.06,$15.61,1.61,$17.24,1.45,$5.33,4.7,$1.71,14.65,$0.58B,$0.24B,2.43,$0.46B,$1.27B,0.36,$1.40B,$0.57B,40.76%,$1.40B,$0.22B,15.70%,$1.40B,$0.22B,15.70%,$1.40B,$0.28B,19.84%,$1.40B,$0.21B,14.78%,$1.40B,$0.14B,9.99%,$0.14B,$1.27B,11.05%,$0.14B,$-0.18B,-74.57%,$0.14B,$2.21B,6.56%,$0.22B,$1.73B,13.05%,$379,$224,$155,$0,$91,$316,$63,$-3,$59,$19,$40,$40,$40,$78,$63,$80,82,$0.50,$0.49,$159,$170,$48,$577,$179,$0,$1447,$8,$1634,$2212,$238,$460,$90,$702,$939,$1,$949,$-39,$1272,$2212,$77,$30,$9,$39,$-21,$-15,$11,$-5,$-20,$96,$-18,$0,$-51,$0,$0,$0,$0,$-69,$97,$-17,$80,$6,$6,$-22,$2,$65,$86,$9,$-22
34,2010-03-31,28.9,$15.88,1.82,$16.79,1.72,$5.18,5.58,$1.56,18.53,$0.49B,$0.18B,2.64,$0.38B,$1.29B,0.3,$1.36B,$0.55B,40.28%,$1.36B,$0.20B,15.02%,$1.36B,$0.20B,15.02%,$1.36B,$0.26B,19.22%,$1.36B,$0.19B,13.99%,$1.36B,$0.13B,9.43%,$0.13B,$1.29B,10.25%,$0.13B,$-0.14B,-60.66%,$0.13B,$2.10B,6.06%,$0.20B,$1.67B,12.16%,$356,$208,$148,$0,$88,$298,$58,$-3,$55,$18,$37,$37,$37,$72,$58,$80,82,$0.45,$0.45,$71,$166,$41,$485,$174,$0,$1435,$7,$1616,$2101,$184,$383,$94,$626,$809,$1,$934,$5,$1291,$2101,$37,$14,$6,$20,$-26,$-9,$10,$-8,$-30,$27,$-8,$0,$0,$0,$0,$0,$0,$-8,$0,$-11,$-11,$1,$1,$-10,$1,$-19,$-2,$5,$-10
35,2009-12-31,27.1,$15.66,1.73,$16.50,1.64,$5.12,5.29,$1.39,19.49,$0.45B,$0.19B,2.38,$0.39B,$1.27B,0.31,$1.33B,$0.52B,39.28%,$1.33B,$0.19B,13.92%,$1.33B,$0.19B,13.92%,$1.33B,$0.24B,18.21%,$1.33B,$0.17B,12.72%,$1.33B,$0.11B,8.58%,$0.11B,$1.27B,9.39%,$0.11B,$-0.19B,-45.97%,$0.11B,$2.10B,5.39%,$0.19B,$1.66B,10.99%,$343,$204,$139,$0,$83,$291,$52,$-4,$49,$16,$33,$33,$33,$67,$52,$80,81,$0.41,$0.41,$74,$159,$36,$452,$178,$0,$1462,$6,$1646,$2098,$190,$392,$100,$640,$830,$1,$897,$25,$1268,$2098,$113,$57,$14,$71,$26,$23,$-16,$9,$28,$213,$-21,$0,$0,$0,$0,$0,$2,$-20,$0,$-155,$-155,$8,$8,$-39,$1,$-185,$12,$16,$-39
36,2009-09-30,24.21,$15.31,1.58,$16.56,1.46,$5.12,4.73,$1.29,18.77,$0.46B,$0.21B,2.22,$0.44B,$1.24B,0.36,$1.34B,$0.52B,38.70%,$1.34B,$0.17B,12.75%,$1.34B,$0.17B,12.75%,$1.34B,$0.23B,16.85%,$1.34B,$0.15B,11.48%,$1.34B,$0.10B,7.68%,$0.10B,$1.24B,8.70%,$0.10B,$-0.24B,-36.65%,$0.10B,$2.12B,4.84%,$0.17B,$1.68B,10.11%,$323,$194,$129,$0,$80,$277,$47,$-3,$44,$14,$30,$30,$30,$61,$47,$80,81,$0.37,$0.37,$74,$162,$32,$459,$181,$0,$1475,$9,$1664,$2123,$207,$441,$92,$680,$886,$1,$874,$25,$1236,$2123,$80,$42,$16,$58,$20,$21,$-13,$0,$19,$158,$-15,$0,$0,$0,$0,$0,$0,$-14,$0,$-109,$-109,$4,$4,$-29,$0,$-134,$13,$13,$-29
37,2009-06-30,21.17,$14.88,1.42,$16.97,1.25,$5.15,4.11,$1.41,15.02,$0.47B,$0.19B,2.42,$0.50B,$1.20B,0.42,$1.38B,$0.54B,38.90%,$1.38B,$0.16B,11.21%,$1.38B,$0.16B,11.21%,$1.38B,$0.24B,17.14%,$1.38B,$0.14B,10.12%,$1.38B,$0.09B,6.72%,$0.09B,$1.20B,7.82%,$0.09B,$-0.27B,-40.97%,$0.09B,$2.13B,4.37%,$0.16B,$1.70B,9.10%,$336,$205,$131,$0,$81,$290,$47,$-5,$42,$14,$28,$28,$28,$61,$47,$80,81,$0.35,$0.34,$68,$167,$32,$468,$181,$0,$1469,$10,$1661,$2128,$193,$501,$88,$734,$927,$1,$853,$14,$1201,$2128,$51,$28,$15,$43,$7,$14,$-13,$-7,$-21,$73,$-8,$0,$0,$0,$0,$0,$0,$-8,$0,$-46,$-46,$3,$3,$-19,$0,$-62,$7,$9,$-19
38,2009-03-31,18.75,$14.31,1.31,$17.59,1.07,$5.34,3.51,$1.63,11.5,$0.48B,$0.19B,2.58,$0.54B,$1.15B,0.47,$1.44B,$0.57B,39.40%,$1.44B,$0.18B,12.47%,$1.44B,$0.18B,12.47%,$1.44B,$0.26B,18.01%,$1.44B,$0.17B,11.57%,$1.44B,$0.11B,7.62%,$0.11B,$1.15B,9.11%,$0.11B,$-0.29B,-63.04%,$0.11B,$2.11B,5.18%,$0.18B,$1.70B,10.62%,$327,$203,$123,$0,$82,$287,$39,$-5,$34,$12,$23,$23,$23,$53,$39,$80,80,$0.28,$0.28,$63,$177,$32,$477,$180,$0,$1445,$9,$1634,$2111,$185,$542,$93,$773,$958,$1,$845,$-21,$1153,$2111,$23,$14,$11,$25,$-5,$0,$-1,$-6,$-30,$18,$-3,$0,$0,$0,$0,$0,$0,$-3,$0,$-5,$-5,$1,$1,$-10,$0,$-13,$2,$6,$-10
39,2008-12-31,20.6,$14.26,1.44,$18.04,1.14,$5.45,3.78,$1.85,11.13,$0.48B,$0.22B,2.19,$0.55B,$1.15B,0.48,$1.49B,$0.60B,40.16%,$1.49B,$0.21B,13.83%,$1.49B,$0.21B,13.83%,$1.49B,$0.29B,19.14%,$1.49B,$0.19B,12.96%,$1.49B,$0.13B,8.53%,$0.13B,$1.15B,10.36%,$0.13B,$-0.33B,-99.80%,$0.13B,$2.15B,6.00%,$0.21B,$1.69B,12.19%,$355,$220,$136,$0,$85,$318,$38,$-4,$34,$11,$22,$22,$22,$51,$38,$81,82,$0.27,$0.27,$61,$181,$33,$481,$186,$0,$1470,$15,$1671,$2152,$220,$548,$97,$787,$1007,$1,$822,$-0,$1145,$2152,$127,$79,$1,$80,$20,$-4,$-6,$6,$16,$223,$-28,$0,$-393,$0,$0,$0,$140,$-281,$-150,$251,$101,$-40,$-40,$-39,$1,$23,$-41,$15,$-39
40,2008-09-30,26.33,$15.20,1.73,$17.94,1.47,$5.21,5.05,$2.02,13.03,$0.66B,$0.21B,3.12,$0.47B,$1.26B,0.37,$1.48B,$0.60B,40.74%,$1.48B,$0.23B,15.34%,$1.48B,$0.23B,15.34%,$1.48B,$0.30B,20.47%,$1.48B,$0.22B,14.53%,$1.48B,$0.14B,9.59%,$0.14B,$1.26B,11.54%,$0.14B,$-0.02B,-300.53%,$0.14B,$2.12B,6.84%,$0.23B,$1.72B,13.60%,$365,$217,$148,$0,$82,$334,$31,$-1,$30,$10,$20,$20,$20,$72,$31,$82,83,$0.24,$0.24,$234,$191,$23,$658,$172,$0,$1278,$13,$1463,$2120,$211,$466,$49,$653,$864,$1,$831,$57,$1256,$2120,$105,$65,$0,$66,$5,$-5,$-0,$-3,$-2,$168,$-19,$0,$-156,$0,$0,$0,$140,$-35,$-150,$168,$18,$9,$9,$-29,$2,$-0,$131,$12,$-29
41,2008-06-30,31.15,$15.44,2.02,$17.60,1.77,$4.87,6.4,$2.00,15.58,$0.58B,$0.23B,2.52,$0.40B,$1.27B,0.31,$1.45B,$0.59B,40.90%,$1.45B,$0.26B,17.86%,$1.45B,$0.26B,17.86%,$1.45B,$0.30B,20.97%,$1.45B,$0.24B,16.76%,$1.45B,$0.16B,11.03%,$0.16B,$1.27B,13.38%,$0.16B,$-0.06B,-345.95%,$0.16B,$2.11B,8.04%,$0.26B,$1.67B,16.65%,$397,$236,$162,$0,$89,$325,$72,$-3,$69,$24,$45,$45,$45,$84,$72,$81,83,$0.55,$0.54,$119,$198,$27,$583,$178,$0,$1332,$12,$1522,$2105,$232,$397,$50,$599,$831,$1,$821,$93,$1274,$2105,$85,$24,$7,$32,$-15,$-5,$7,$-4,$-21,$95,$-13,$0,$-156,$0,$0,$0,$140,$-29,$-150,$105,$-45,$8,$8,$-20,$2,$-55,$16,$8,$-20
42,2008-03-31,25.86,$15.06,1.72,$17.00,1.52,$4.69,5.51,$1.95,13.26,$0.57B,$0.21B,2.68,$0.44B,$1.23B,0.36,$1.40B,$0.58B,41.45%,$1.40B,$0.26B,18.32%,$1.40B,$0.26B,18.32%,$1.40B,$0.30B,21.33%,$1.40B,$0.24B,16.96%,$1.40B,$0.16B,11.24%,$0.16B,$1.23B,13.72%,$0.16B,$-0.10B,-332.28%,$0.16B,$2.09B,8.26%,$0.26B,$1.67B,17.69%,$372,$219,$152,$0,$87,$306,$65,$-5,$60,$20,$40,$40,$40,$78,$65,$81,82,$0.49,$0.48,$100,$201,$26,$569,$180,$0,$1332,$6,$1517,$2086,$212,$444,$52,$645,$857,$1,$795,$88,$1228,$2086,$40,$12,$6,$18,$-19,$-10,$9,$-3,$-27,$31,$-6,$0,$-156,$0,$0,$0,$140,$-22,$-150,$144,$-6,$1,$1,$-10,$-0,$-15,$-3,$3,$-10
43,2007-12-31,30.32,$14.25,2.13,$16.56,1.83,$4.52,6.7,$1.90,15.99,$0.64B,$0.20B,3.2,$0.45B,$1.16B,0.39,$1.36B,$0.57B,41.75%,$1.36B,$0.25B,18.63%,$1.36B,$0.25B,18.63%,$1.36B,$0.29B,21.43%,$1.36B,$0.23B,17.16%,$1.36B,$0.15B,11.34%,$0.15B,$1.16B,14.07%,$0.15B,$-0.01B,-371.08%,$0.15B,$1.99B,8.48%,$0.25B,$1.61B,18.87%,$346,$205,$141,$0,$82,$287,$59,$-3,$56,$19,$37,$37,$37,$69,$59,$81,82,$0.43,$0.44,$243,$177,$24,$637,$173,$0,$1169,$11,$1352,$1990,$199,$449,$55,$628,$827,$1,$754,$66,$1163,$1990,$154,$38,$9,$47,$-9,$-0,$1,$2,$-2,$199,$-24,$0,$-86,$0,$0,$0,$-139,$-249,$0,$90,$90,$14,$14,$-37,$4,$71,$25,$13,$-37
44,2007-09-30,30.44,$13.72,2.22,$16.08,1.89,$4.16,7.33,$1.87,16.31,$0.47B,$0.34B,1.37,$0.15B,$1.12B,0.13,$1.31B,$0.55B,42.01%,$1.31B,$0.25B,19.25%,$1.31B,$0.25B,19.25%,$1.31B,$0.29B,22.07%,$1.31B,$0.23B,17.50%,$1.31B,$0.15B,11.64%,$0.15B,$1.12B,14.60%,$0.15B,$-0.02B,-230.94%,$0.15B,$1.78B,8.82%,$0.25B,$1.27B,19.91%,$335,$197,$138,$0,$75,$272,$63,$-5,$58,$19,$39,$39,$38,$73,$63,$81,82,$0.48,$0.47,$75,$179,$19,$466,$171,$0,$1135,$5,$1311,$1777,$340,$149,$54,$319,$659,$1,$725,$52,$1118,$1777,$117,$29,$9,$37,$-11,$-7,$5,$3,$-16,$138,$-18,$0,$-56,$0,$0,$0,$0,$-74,$0,$-61,$-61,$12,$12,$-28,$4,$-72,$-3,$10,$-28
45,2007-06-30,32.14,$13.12,2.45,$15.59,2.06,$3.88,8.29,$1.96,16.37,$0.45B,$0.35B,1.28,$0.17B,$1.07B,0.16,$1.27B,$0.53B,42.00%,$1.27B,$0.24B,19.23%,$1.27B,$0.24B,19.23%,$1.27B,$0.28B,21.91%,$1.27B,$0.22B,17.65%,$1.27B,$0.16B,12.69%,$0.16B,$1.07B,15.98%,$0.16B,$-0.06B,-536.67%,$0.16B,$1.75B,9.80%,$0.24B,$1.24B,19.79%,$344,$197,$148,$0,$79,$276,$69,$-6,$63,$21,$42,$42,$42,$78,$69,$81,82,$0.52,$0.51,$52,$174,$21,$446,$170,$0,$1128,$5,$1303,$1749,$348,$170,$51,$334,$682,$1,$696,$36,$1067,$1749,$78,$19,$6,$25,$-20,$-4,$10,$-2,$-24,$80,$-13,$0,$-57,$0,$0,$0,$0,$-70,$0,$-35,$-35,$10,$10,$-18,$5,$-39,$-26,$7,$-18
46,2007-03-31,28.19,$12.72,2.22,$15.05,1.87,$3.81,7.4,$1.89,14.94,$0.47B,$0.34B,1.38,$0.22B,$1.03B,0.21,$1.22B,$0.51B,41.57%,$1.22B,$0.23B,18.90%,$1.22B,$0.23B,18.90%,$1.22B,$0.26B,21.60%,$1.22B,$0.21B,17.43%,$1.22B,$0.15B,12.60%,$0.15B,$1.03B,15.90%,$0.15B,$-0.08B,2933.33%,$0.15B,$1.74B,9.92%,$0.23B,$1.25B,19.25%,$333,$194,$140,$0,$78,$272,$62,$-6,$56,$19,$37,$37,$37,$71,$62,$80,82,$0.46,$0.45,$78,$170,$23,$466,$167,$0,$1108,$3,$1278,$1744,$338,$218,$50,$378,$715,$1,$674,$0,$1029,$1744,$37,$9,$-1,$8,$-22,$-4,$8,$-6,$-29,$16,$-5,$0,$-25,$0,$0,$0,$0,$-30,$0,$13,$13,$4,$4,$-8,$3,$11,$-0,$2,$-8
47,2006-12-31,26.18,$12.16,2.15,$14.27,1.84,$3.93,6.66,$1.81,14.44,$0.42B,$0.19B,2.23,$0.35B,$0.98B,0.36,$1.16B,$0.48B,41.39%,$1.16B,$0.22B,18.79%,$1.16B,$0.22B,18.79%,$1.16B,$0.25B,21.39%,$1.16B,$0.20B,17.49%,$1.16B,$0.15B,12.73%,$0.15B,$0.98B,15.83%,$0.15B,$-0.11B,262.50%,$0.15B,$1.67B,10.19%,$0.22B,$1.33B,18.95%,$302,$177,$126,$0,$67,$243,$59,$-6,$53,$17,$36,$36,$36,$68,$59,$80,81,$0.44,$0.44,$78,$161,$13,$418,$166,$0,$1084,$3,$1253,$1671,$187,$354,$50,$504,$692,$1,$639,$26,$979,$1671,$147,$30,$-8,$22,$-14,$-7,$-1,$-2,$-9,$160,$-17,$0,$-329,$0,$0,$0,$-1,$-348,$0,$194,$194,$17,$17,$-30,$4,$184,$1,$11,$-30
