,Date,Stock Price,Book Value per Share,Price to Book Ratio,TTM Sales per Share,Price to Sales Ratio,TTM FCF per Share,Price to FCF Ratio,TTM Net EPS,PE Ratio,Current Assets,Current Liabilities,Current Ratio,Long Term Debt,Shareholder's Equity_x,Debt to Equity Ratio,TTM Revenue_x,TTM Gross Profit,Gross Margin,TTM Revenue_y,TTM Operating Income,Operating Margin,TTM Revenue_x,TTM EBIT,EBIT Margin,TTM Revenue_y,TTM EBITDA,EBITDA Margin,TTM Revenue_x,TTM Pre-Tax Income,Pre-Tax Margin,TTM Revenue_y,TTM Net Income_x,Net Margin,TTM Net Income_y,Shareholder's Equity_y,Return on Equity,TTM Net Income_x,Tangible Equity,Return on Tangible Equity,TTM Net Income_y,Total Assets,Return on Assets,TTM Net Income,LT Investments & Debt,Return on Investment,revenue,cost-goods-sold,gross-profit,research-development-expenses,selling-general-administrative-expenses,operating-expenses,operating-income,total-non-operating-income-expense,pre-tax-income,total-provision-income-taxes,income-after-taxes,income-from-continuous-operations,net-income,ebitda,ebit,basic-shares-outstanding,shares-outstanding,eps-basic-net-earnings-per-share,eps-earnings-per-share-diluted,cash-on-hand,inventory,other-current-assets,total-current-assets,net-property-plant-equipment,long-term-investments,goodwill-intangible-assets-total,other-long-term-assets,total-long-term-assets,total-assets,total-current-liabilities,long-term-debt,other-non-current-liabilities,total-long-term-liabilities,total-liabilities,common-stock-net,retained-earnings-accumulated-deficit,comprehensive-income,total-share-holder-equity,total-liabilities-share-holders-equity,net-income-loss,total-depreciation-amortization-cash-flow,other-non-cash-items,total-non-cash-items,change-in-accounts-receivable,change-in-inventories,change-in-accounts-payable,change-in-assets-liabilities,total-change-in-assets-liabilities,cash-flow-from-operating-activities,net-change-in-property-plant-equipment,net-change-in-intangible-assets,net-acquisitions-divestitures,net-change-in-short-term-investments,net-change-in-long-term-investments,net-change-in-investments-total,investing-activities-other,cash-flow-from-investing-activities,net-long-term-debt,net-current-debt,debt-issuance-retirement-net-total,net-common-equity-issued-repurchased,net-total-equity-issued-repurchased,total-common-preferred-stock-dividends-paid,financial-activities-other,cash-flow-from-financial-activities,net-cash-flow,stock-based-compensation,common-stock-dividends-paid
0,2014-12-31,6.75,$37.03,0.18,$124.38,0.05,$40.84,0.17,$-1.57,0.0,$1.75B,$1.02B,1.72,$3.45B,$0.71B,4.86,$2.33B,$2.33B,100.00%,$2.33B,$0.66B,28.44%,$2.33B,$0.66B,28.44%,$2.33B,$0.66B,28.44%,$2.33B,$0.44B,18.86%,$2.33B,$-0.03B,-1.12%,$-0.03B,$0.71B,-3.39%,$-0.03B,$-0.81B,2.78%,$-0.03B,$5.54B,-0.43%,$0.66B,$4.16B,15.10%,$634,$0,$634,$0,$362,$529,$105,$-38,$67,$21,$46,$46,$2,$68,$105,$22,22,$0.09,$0.09,$1081,$25,$13,$1754,$1690,$342,$1519,$0,$3790,$5544,$1023,$3450,$145,$3810,$4833,$0,$-122,$0,$711,$5544,$268,$482,$236,$718,$141,$7,$-10,$-14,$124,$972,$-219,$-50,$153,$-381,$-5,$-386,$-10,$-512,$71,$0,$71,$0,$0,$0,$-567,$-496,$-35,$0,$0
1,2014-09-30,8.76,$0.00,0.0,$136.87,0.06,$44.24,0.2,$-2.15,0.0,$2.15B,$1.38B,1.56,$3.68B,$0.00B,0.0,$2.69B,$2.69B,100.00%,$2.69B,$0.75B,28.04%,$2.69B,$0.75B,28.04%,$2.69B,$0.91B,33.69%,$2.69B,$0.48B,17.92%,$2.69B,$-0.03B,-1.08%,$-0.03B,$0.67B,-3.55%,$-0.03B,$-0.96B,2.95%,$-0.03B,$6.10B,-0.47%,$0.75B,$4.35B,16.80%,$639,$0,$639,$0,$370,$644,$-5,$-38,$-43,$15,$-58,$-58,$-60,$139,$-5,$25,25,$-2.40,$-2.40,$1403,$23,$39,$2145,$1757,$305,$1635,$0,$3951,$6096,$1378,$3679,$133,$4046,$5424,$0,$0,$0,$672,$6096,$0,$0,$0,$0,$0,$0,$0,$0,$0,$0,$0,$0,$0,$0,$0,$0,$0,$0,$0,$0,$0,$0,$0,$0,$0,$0,$0,$0,$0
2,2014-06-30,10.42,$0.00,0.0,$139.80,0.07,$84.40,0.12,$-2.31,0.0,$1.86B,$1.22B,1.53,$3.59B,$0.00B,0.0,$2.76B,$2.76B,100.00%,$2.76B,$0.76B,27.54%,$2.76B,$0.76B,27.54%,$2.76B,$0.91B,33.04%,$2.76B,$0.48B,17.19%,$2.76B,$-0.03B,-1.16%,$-0.03B,$0.93B,-3.71%,$-0.03B,$-0.87B,3.18%,$-0.03B,$6.17B,-0.52%,$0.76B,$4.52B,16.73%,$672,$0,$672,$0,$385,$554,$118,$-42,$76,$24,$52,$52,$2,$302,$118,$20,20,$0.10,$0.10,$1022,$26,$39,$1862,$1903,$318,$1796,$0,$4306,$6168,$1217,$3589,$175,$4025,$5242,$0,$0,$0,$926,$6168,$0,$0,$0,$0,$0,$0,$0,$0,$0,$0,$0,$0,$0,$0,$0,$0,$0,$0,$0,$0,$0,$0,$0,$0,$0,$0,$0,$0,$0
3,2014-03-31,9.75,$0.00,0.0,$134.90,0.07,$84.40,0.12,$-2.69,0.0,$1.85B,$1.25B,1.48,$3.76B,$0.00B,0.0,$2.76B,$2.76B,100.00%,$2.76B,$0.60B,21.86%,$2.76B,$0.60B,21.86%,$2.76B,$0.76B,27.36%,$2.76B,$0.34B,12.43%,$2.76B,$-0.04B,-1.41%,$-0.04B,$0.76B,-4.46%,$-0.04B,$-1.10B,3.81%,$-0.04B,$6.19B,-0.63%,$0.60B,$4.52B,13.20%,$760,$0,$760,$0,$470,$677,$83,$-51,$32,$24,$8,$8,$-16,$153,$83,$19,19,$-0.86,$-0.86,$959,$29,$58,$1847,$1875,$319,$1860,$0,$4346,$6193,$1249,$3756,$151,$4185,$5434,$0,$0,$0,$759,$6193,$0,$0,$0,$0,$0,$0,$0,$0,$0,$0,$0,$0,$0,$0,$0,$0,$0,$0,$0,$0,$0,$0,$0,$0,$0,$0,$0,$0,$0
4,2013-12-31,8.56,$47.28,0.18,$139.51,0.06,$84.40,0.1,$-0.17,0.0,$1.75B,$1.18B,1.48,$3.67B,$0.91B,4.04,$2.76B,$2.76B,100.00%,$2.76B,$0.59B,21.23%,$2.76B,$0.59B,21.23%,$2.76B,$0.74B,26.75%,$2.76B,$0.40B,14.48%,$2.76B,$0.01B,0.29%,$0.01B,$0.91B,0.85%,$0.01B,$-1.00B,-0.82%,$0.01B,$6.17B,0.13%,$0.59B,$4.58B,12.81%,$683,$0,$683,$0,$414,$565,$118,$-33,$85,$28,$57,$57,$5,$312,$118,$19,19,$0.27,$0.27,$788,$34,$62,$1748,$1885,$315,$1905,$0,$4420,$6168,$1182,$3667,$114,$4078,$5260,$0,$-108,$0,$908,$6168,$248,$580,$354,$934,$188,$3,$7,$-1,$197,$1193,$-210,$-54,$0,$-52,$3,$-49,$16,$-297,$-110,$0,$-110,$0,$0,$0,$-756,$-866,$30,$8,$0
5,2013-09-30,11.24,$0.00,0.0,$142.24,0.08,$82.50,0.14,$0.64,17.56,$1.81B,$1.21B,1.49,$3.73B,$0.85B,4.38,$2.70B,$2.70B,100.00%,$2.70B,$0.69B,25.53%,$2.70B,$0.69B,25.53%,$2.70B,$0.69B,25.53%,$2.70B,$0.52B,19.31%,$2.70B,$0.03B,0.92%,$0.03B,$0.85B,2.64%,$0.03B,$-1.06B,-2.56%,$0.03B,$6.22B,0.40%,$0.69B,$4.59B,15.27%,$705,$0,$705,$0,$420,$571,$134,$-42,$92,$24,$68,$68,$4,$146,$134,$20,20,$0.20,$0.20,$818,$34,$65,$1805,$1863,$308,$1911,$0,$4415,$6220,$1212,$3734,$115,$4155,$5367,$0,$-109,$0,$853,$6220,$194,$428,$283,$711,$135,$-1,$-19,$-7,$108,$908,$-155,$-40,$0,$-29,$2,$-27,$11,$-211,$40,$0,$40,$0,$0,$0,$-639,$-599,$98,$7,$0
6,2013-06-30,3.73,$0.00,0.0,$139.17,0.03,$42.34,0.09,$0.29,12.86,$1.83B,$1.24B,1.48,$3.62B,$0.00B,0.0,$2.66B,$2.66B,100.00%,$2.66B,$0.61B,22.76%,$2.66B,$0.61B,22.76%,$2.66B,$0.61B,22.76%,$2.66B,$0.45B,16.75%,$2.66B,$0.02B,0.68%,$0.02B,$0.98B,1.96%,$0.02B,$-0.94B,-1.82%,$0.02B,$6.24B,0.29%,$0.61B,$4.59B,13.78%,$675,$0,$675,$0,$403,$548,$127,$-41,$86,$24,$62,$62,$3,$144,$127,$20,20,$0.15,$0.15,$841,$39,$67,$1831,$1831,$306,$1917,$0,$4407,$6238,$1239,$3618,$114,$4024,$5263,$0,$0,$0,$975,$6238,$0,$0,$0,$0,$0,$0,$0,$0,$0,$0,$0,$0,$0,$0,$0,$0,$0,$0,$0,$0,$0,$0,$0,$0,$0,$0,$0,$0,$0
7,2013-03-31,2.93,$0.00,0.0,$148.32,0.02,$42.34,0.07,$-1.02,0.0,$1.79B,$1.31B,1.36,$3.49B,$0.00B,0.0,$2.67B,$2.67B,100.00%,$2.67B,$0.55B,20.46%,$2.67B,$0.55B,20.46%,$2.67B,$0.55B,20.46%,$2.67B,$0.36B,13.46%,$2.67B,$-0.01B,-0.19%,$-0.01B,$1.03B,-0.55%,$-0.01B,$-0.90B,0.50%,$-0.01B,$6.24B,-0.08%,$0.55B,$4.51B,12.67%,$622,$0,$622,$0,$383,$528,$94,$-37,$57,$36,$21,$21,$-1,$135,$94,$19,19,$0.02,$0.02,$777,$41,$69,$1786,$1830,$306,$1929,$0,$4450,$6236,$1312,$3489,$111,$3899,$5211,$0,$0,$0,$1025,$6236,$0,$0,$0,$0,$0,$0,$0,$0,$0,$0,$0,$0,$0,$0,$0,$0,$0,$0,$0,$0,$0,$0,$0,$0,$0,$0,$0,$0,$0
8,2012-12-31,3.38,$48.64,0.07,$138.30,0.02,$42.34,0.08,$-1.34,0.0,$1.60B,$1.31B,1.22,$3.45B,$0.93B,3.69,$2.75B,$2.75B,100.00%,$2.75B,$0.52B,18.78%,$2.75B,$0.52B,18.78%,$2.75B,$0.52B,18.78%,$2.75B,$0.34B,12.39%,$2.75B,$-0.01B,-0.36%,$-0.01B,$0.93B,-1.06%,$-0.01B,$-1.01B,1.00%,$-0.01B,$6.11B,-0.16%,$0.52B,$4.38B,11.72%,$668,$0,$668,$0,$398,$538,$130,$-122,$8,$19,$-11,$-11,$-48,$265,$130,$19,19,$-2.51,$-2.51,$648,$33,$44,$1597,$1852,$293,$1943,$0,$4512,$6109,$1314,$3449,$102,$3861,$5175,$0,$-107,$0,$934,$6109,$192,$634,$378,$1012,$134,$20,$-53,$-57,$44,$1071,$-258,$-72,$0,$-22,$27,$5,$14,$-311,$-151,$0,$-151,$0,$0,$0,$-792,$-943,$-183,$19,$0
9,2012-09-30,3.35,$0.00,0.0,$127.37,0.03,$25.26,0.13,$-3.23,0.0,$1.55B,$1.29B,1.21,$3.36B,$0.00B,0.0,$2.54B,$2.54B,100.00%,$2.54B,$0.28B,11.13%,$2.54B,$0.28B,11.13%,$2.54B,$0.28B,11.13%,$2.54B,$0.12B,4.64%,$2.54B,$-0.06B,-2.48%,$-0.06B,$0.74B,-6.37%,$-0.06B,$-1.10B,6.28%,$-0.06B,$5.85B,-1.00%,$0.28B,$4.10B,6.30%,$653,$0,$653,$0,$382,$519,$134,$-40,$94,$28,$66,$66,$4,$62,$134,$21,21,$0.19,$0.19,$626,$38,$44,$1552,$1741,$275,$1838,$0,$4300,$5852,$1288,$3359,$181,$3823,$5111,$0,$0,$0,$741,$5852,$0,$0,$0,$0,$0,$0,$0,$0,$0,$0,$0,$0,$0,$0,$0,$0,$0,$0,$0,$0,$0,$0,$0,$0,$0,$0,$0,$0,$0
10,2012-06-30,2.84,$0.00,0.0,$137.51,0.02,$25.26,0.11,$-3.17,0.0,$1.48B,$1.17B,1.27,$3.36B,$0.00B,0.0,$2.69B,$2.69B,100.00%,$2.69B,$0.35B,12.89%,$2.69B,$0.35B,12.89%,$2.69B,$0.35B,12.89%,$2.69B,$0.17B,6.32%,$2.69B,$-0.06B,-2.27%,$-0.06B,$0.92B,-5.55%,$-0.06B,$-0.99B,6.13%,$-0.06B,$5.93B,-0.91%,$0.35B,$4.28B,7.39%,$680,$0,$680,$0,$409,$555,$125,$-55,$70,$32,$38,$38,$-8,$85,$125,$18,18,$-0.44,$-0.44,$497,$53,$44,$1476,$1776,$284,$1909,$0,$4453,$5929,$1165,$3359,$179,$3846,$5011,$0,$0,$0,$918,$5929,$0,$0,$0,$0,$0,$0,$0,$0,$0,$0,$0,$0,$0,$0,$0,$0,$0,$0,$0,$0,$0,$0,$0,$0,$0,$0,$0,$0,$0
11,2012-03-31,6.95,$0.00,0.0,$141.51,0.05,$25.26,0.28,$-2.45,0.0,$1.98B,$1.33B,1.49,$3.70B,$0.00B,0.0,$2.88B,$2.88B,100.00%,$2.88B,$0.41B,14.11%,$2.88B,$0.41B,14.11%,$2.88B,$0.41B,14.11%,$2.88B,$0.24B,8.17%,$2.88B,$-0.05B,-1.74%,$-0.05B,$1.19B,-4.06%,$-0.05B,$-0.92B,4.91%,$-0.05B,$6.85B,-0.72%,$0.41B,$4.89B,8.49%,$0,$0,$0,$0,$0,$0,$0,$0,$0,$0,$0,$0,$0,$105,$0,$0,0,$0.00,$0.00,$938,$61,$45,$1983,$1905,$307,$2106,$0,$4867,$6850,$1330,$3702,$274,$4331,$5661,$0,$0,$0,$1189,$6850,$0,$0,$0,$0,$0,$0,$0,$0,$0,$0,$0,$0,$0,$0,$0,$0,$0,$0,$0,$0,$0,$0,$0,$0,$0,$0,$0,$0,$0
12,2011-12-31,11.13,$57.80,0.19,$155.65,0.07,$25.26,0.44,$-3.49,0.0,$1.76B,$1.25B,1.4,$3.58B,$1.11B,3.23,$2.98B,$2.98B,100.00%,$2.98B,$0.39B,13.00%,$2.98B,$0.39B,13.00%,$2.98B,$0.39B,13.00%,$2.98B,$0.18B,6.01%,$2.98B,$-0.07B,-2.32%,$-0.07B,$1.11B,-4.97%,$-0.07B,$-1.01B,6.58%,$-0.07B,$6.61B,-0.98%,$0.39B,$4.69B,8.17%,$663,$0,$663,$0,$385,$529,$134,$-45,$89,$29,$60,$60,$1,$31,$134,$50,50,$0.02,$0.02,$784,$53,$44,$1759,$1870,$308,$2116,$0,$4852,$6611,$1253,$3581,$244,$4248,$5501,$0,$-94,$0,$1110,$6611,$8,$781,$444,$1225,$-198,$-9,$-43,$17,$-233,$830,$-345,$-93,$0,$-131,$2,$-129,$24,$-543,$824,$-1,$823,$5,$5,$0,$-842,$-14,$273,$46,$0
13,2011-09-30,11.76,$0.00,0.0,$174.81,0.07,$25.39,0.46,$-4.90,0.0,$2.16B,$1.70B,1.27,$3.74B,$0.00B,0.0,$3.34B,$3.34B,100.12%,$3.34B,$0.25B,7.43%,$3.34B,$0.25B,7.43%,$3.34B,$0.25B,7.43%,$3.34B,$0.10B,2.91%,$3.34B,$-0.09B,-2.70%,$-0.09B,$1.18B,-5.44%,$-0.09B,$-1.07B,10.00%,$-0.09B,$7.29B,-1.26%,$0.25B,$4.92B,5.14%,$690,$0,$690,$0,$398,$528,$162,$-62,$100,$36,$64,$64,$-3,$126,$162,$18,18,$-0.17,$-0.17,$1197,$54,$31,$2155,$1991,$309,$2247,$0,$5139,$7294,$1699,$3736,$300,$4415,$6114,$0,$0,$0,$1180,$7294,$0,$0,$0,$0,$0,$0,$0,$0,$0,$0,$0,$0,$0,$0,$0,$0,$0,$0,$0,$0,$0,$0,$0,$0,$0,$0,$0,$0,$0
14,2011-06-30,21.8,$0.00,0.0,$175.56,0.12,$25.39,0.86,$-4.01,0.0,$1.39B,$1.63B,0.86,$3.19B,$0.00B,0.0,$3.39B,$3.40B,100.12%,$3.39B,$0.36B,10.52%,$3.39B,$0.36B,10.52%,$3.39B,$0.36B,10.52%,$3.39B,$0.17B,5.01%,$3.39B,$0.01B,0.27%,$0.01B,$1.44B,0.44%,$0.01B,$-1.09B,-0.98%,$0.01B,$7.08B,0.12%,$0.36B,$4.63B,7.17%,$546,$0,$546,$0,$311,$419,$127,$-21,$106,$30,$76,$76,$7,$144,$127,$19,19,$0.36,$0.36,$358,$81,$45,$1389,$2192,$340,$2531,$0,$5687,$7076,$1625,$3189,$374,$4007,$5632,$0,$0,$0,$1444,$7076,$0,$0,$0,$0,$0,$0,$0,$0,$0,$0,$0,$0,$0,$0,$0,$0,$0,$0,$0,$0,$0,$0,$0,$0,$0,$0,$0,$0,$0
15,2011-03-31,30.25,$0.00,0.0,$167.54,0.18,$25.39,1.19,$-3.80,0.0,$1.39B,$1.60B,0.87,$2.89B,$0.00B,0.0,$3.21B,$3.22B,100.12%,$3.21B,$0.36B,11.08%,$3.21B,$0.36B,11.08%,$3.21B,$0.36B,11.08%,$3.21B,$0.20B,6.32%,$3.21B,$0.01B,0.44%,$0.01B,$1.82B,0.83%,$0.01B,$-1.04B,-2.17%,$0.01B,$7.26B,0.26%,$0.36B,$4.71B,9.32%,$407,$0,$407,$0,$234,$339,$68,$4,$72,$22,$50,$50,$12,$86,$68,$19,18,$0.60,$0.61,$428,$71,$10,$1390,$2126,$344,$2855,$0,$5865,$7255,$1595,$2893,$457,$3842,$5437,$0,$0,$0,$1818,$7255,$0,$0,$0,$0,$0,$0,$0,$0,$0,$0,$0,$0,$0,$0,$0,$0,$0,$0,$0,$0,$0,$0,$0,$0,$0,$0,$0,$0,$0
16,2010-12-31,33.81,$0.00,0.0,$124.16,0.27,$25.39,1.33,$-3.30,0.0,$1.34B,$1.21B,1.11,$2.88B,$2.17B,1.33,$2.38B,$2.38B,100.00%,$2.38B,$0.27B,11.18%,$2.38B,$0.27B,11.18%,$2.38B,$0.27B,11.18%,$2.38B,$0.17B,7.18%,$2.38B,$0.03B,1.05%,$0.03B,$2.17B,2.01%,$0.03B,$-0.41B,-6.47%,$0.03B,$6.85B,0.68%,$0.27B,$5.05B,10.06%,$604,$0,$604,$0,$341,$465,$139,$-50,$89,$35,$54,$54,$-6,$-108,$139,$19,18,$-0.32,$-0.33,$404,$49,$63,$1341,$2384,$341,$2582,$314,$5812,$6852,$1214,$2881,$105,$3466,$4680,$0,$-28,$0,$2172,$6852,$62,$647,$0,$647,$0,$0,$0,$0,$-126,$731,$-248,$0,$-1208,$0,$0,$-256,$-62,$-1774,$0,$-130,$1757,$0,$33,$0,$-883,$777,$-266,$0,$0
17,2010-09-30,23.1,$0.00,0.0,$83.40,0.28,$2.81,8.21,$-0.06,0.0,$1.52B,$1.51B,1.01,$2.73B,$0.12B,22.75,$1.60B,$1.76B,109.69%,$1.60B,$0.37B,23.31%,$1.60B,$0.37B,23.31%,$1.60B,$0.40B,24.94%,$1.60B,$0.25B,15.81%,$1.60B,$0.08B,5.25%,$0.08B,$2.79B,11.29%,$0.08B,$-1.14B,-35.22%,$0.08B,$7.78B,3.94%,$0.37B,$5.52B,24.84%,$654,$0,$654,$0,$369,$352,$302,$-71,$231,$76,$155,$155,$9,$235,$302,$18,19,$0.49,$0.47,$643,$47,$106,$1520,$0,$328,$3927,$283,$4803,$7781,$1509,$2729,$96,$3481,$4990,$0,$0,$0,$2792,$7781,$0,$0,$0,$0,$0,$0,$0,$0,$0,$0,$0,$0,$0,$0,$0,$0,$0,$0,$0,$0,$0,$0,$0,$0,$0,$0,$0,$0,$0
18,2010-06-30,21.13,$0.00,0.0,$44.14,0.48,$2.81,7.51,$-0.14,0.0,$0.00B,$0.00B,0.0,$0.00B,$0.00B,0.0,$0.84B,$0.94B,111.53%,$0.84B,$0.15B,17.72%,$0.84B,$0.15B,17.72%,$0.84B,$0.18B,20.81%,$0.84B,$0.12B,14.51%,$0.84B,0,0.00%,$0.00B,$0.00B,0.00%,$0.00B,$0.00B,0.00%,$0.00B,$0.00B,0.00%,$0.15B,$0.00B,67.96%,$663,$0,$663,$0,$378,$510,$153,$-106,$47,$38,$9,$9,$-41,$143,$153,$19,19,$-2.15,$-2.16,$0,$0,$0,$0,$0,$0,$0,$0,$0,$0,$0,$0,$0,$0,$0,$0,$0,$0,$0,$0,$0,$0,$0,$0,$0,$0,$0,$0,$0,$0,$0,$0,$0,$0,$0,$0,$0,$0,$0,$0,$0,$0,$0,$0,$0,$0,$0,$0,$0
19,2010-03-31,32.64,$0.00,0.0,$14.13,2.31,$2.81,11.6,$0.48,68.0,$0.00B,$0.00B,0.0,$0.00B,$0.00B,0.0,$0.25B,$0.30B,117.32%,$0.25B,$0.02B,7.87%,$0.25B,$0.02B,7.87%,$0.25B,$0.05B,18.11%,$0.25B,$0.02B,8.66%,$0.25B,$0.01B,4.33%,$0.01B,$0.00B,9.73%,$0.01B,$0.00B,28.21%,$0.01B,$0.00B,2.49%,$0.02B,$0.00B,6.74%,$768,$0,$768,$0,$449,$608,$160,$-45,$115,$39,$76,$76,$9,$-4,$160,$21,22,$0.40,$0.39,$0,$0,$0,$0,$0,$0,$0,$0,$0,$0,$0,$0,$0,$0,$0,$0,$0,$0,$0,$0,$0,$0,$0,$0,$0,$0,$0,$0,$0,$0,$0,$0,$0,$0,$0,$0,$0,$0,$0,$0,$0,$0,$0,$0,$0,$0,$0,$0,$0
20,2009-12-31,18.96,$0.00,0.0,$17.32,1.09,$2.81,6.74,$1.36,13.94,$0.75B,$0.27B,2.81,$0.30B,$0.18B,1.65,$0.32B,$0.32B,99.69%,$0.32B,$0.03B,10.28%,$0.32B,$0.03B,10.28%,$0.32B,$0.06B,18.38%,$0.32B,$0.04B,13.08%,$0.32B,$0.03B,8.10%,$0.03B,$0.18B,19.19%,$0.03B,$0.18B,335.48%,$0.03B,$0.75B,4.65%,$0.03B,$0.49B,8.94%,$678,$0,$678,$0,$383,$532,$146,$-64,$82,$40,$42,$42,$-9,$25,$146,$19,19,$-0.47,$-0.48,$384,$0,$360,$751,$1,$0,$2,$0,$3,$754,$267,$303,$0,$303,$570,$0,$28,$0,$184,$754,$26,$26,$0,$26,$0,$0,$0,$0,$3,$63,$-12,$0,$0,$0,$0,$146,$-25,$108,$0,$109,$87,$0,$-9,$0,$-24,$163,$335,$0,$0
21,2009-09-30,8.35,$0.00,0.0,$15.30,0.55,$1.10,7.57,$0.76,10.99,$0.24B,$0.11B,2.09,$0.23B,$0.06B,3.89,$0.32B,$0.12B,36.16%,$0.32B,$0.06B,19.50%,$0.32B,$0.06B,19.50%,$0.32B,$0.06B,19.50%,$0.32B,$0.03B,9.12%,$0.32B,$0.02B,4.72%,$0.02B,$0.17B,13.54%,$0.02B,$0.02B,-27.27%,$0.02B,$0.53B,3.01%,$0.06B,$0.39B,18.92%,$650,$0,$650,$0,$360,$506,$144,$-45,$99,$35,$64,$64,$2,$11,$144,$22,22,$0.09,$0.09,$177,$0,$7,$237,$0,$0,$150,$93,$243,$526,$113,$225,$10,$248,$361,$0,$0,$0,$165,$526,$0,$0,$0,$0,$0,$0,$0,$0,$0,$0,$0,$0,$0,$0,$0,$0,$0,$0,$0,$0,$0,$0,$0,$0,$0,$0,$0,$0,$0
22,2009-06-30,6.79,$0.00,0.0,$14.72,0.46,$1.10,6.15,$0.60,11.32,$0.21B,$0.10B,2.12,$0.21B,$0.00B,0.0,$0.32B,$0.12B,36.45%,$0.32B,$0.06B,19.00%,$0.32B,$0.06B,19.00%,$0.32B,$0.06B,19.00%,$0.32B,$0.03B,8.41%,$0.32B,$0.01B,3.43%,$0.01B,$0.10B,11.43%,$0.01B,$-0.04B,-17.74%,$0.01B,$0.49B,2.15%,$0.06B,$0.31B,18.87%,$659,$0,$659,$0,$381,$524,$135,$-32,$103,$37,$66,$66,$6,$14,$135,$17,17,$0.36,$0.36,$151,$0,$8,$213,$0,$0,$143,$86,$229,$485,$101,$207,$9,$281,$382,$0,$0,$0,$103,$485,$0,$0,$0,$0,$0,$0,$0,$0,$0,$0,$0,$0,$0,$0,$0,$0,$0,$0,$0,$0,$0,$0,$0,$0,$0,$0,$0,$0,$0
23,2009-03-31,4.84,$0.00,0.0,$14.12,0.34,$1.10,4.38,$0.16,30.25,$0.13B,$0.11B,1.26,$0.20B,$0.00B,0.0,$0.32B,$0.12B,36.22%,$0.32B,$0.06B,17.34%,$0.32B,$0.06B,17.34%,$0.32B,$0.06B,17.34%,$0.32B,$0.02B,4.64%,$0.32B,$0.00B,0.93%,$0.00B,$0.09B,2.96%,$0.00B,$-0.13B,-5.77%,$0.00B,$0.47B,0.55%,$0.06B,$0.29B,16.26%,$716,$0,$716,$0,$419,$451,$265,$-27,$238,$76,$162,$162,$26,$9,$265,$19,19,$1.48,$1.47,$64,$0,$18,$134,$0,$74,$215,$6,$295,$470,$107,$200,$8,$273,$380,$0,$0,$0,$90,$470,$0,$0,$0,$0,$0,$0,$0,$0,$0,$0,$0,$0,$0,$0,$0,$0,$0,$0,$0,$0,$0,$0,$0,$0,$0,$0,$0,$0,$0
24,2008-12-31,2.34,$0.00,0.0,$14.08,0.17,$1.10,2.12,$-0.21,0.0,$0.15B,$0.12B,1.28,$0.24B,$0.09B,2.76,$0.33B,$0.12B,36.36%,$0.33B,$0.06B,16.97%,$0.33B,$0.06B,16.97%,$0.33B,$0.06B,16.97%,$0.33B,0,0.00%,$0.33B,$-0.01B,-1.52%,$-0.01B,$0.09B,-4.48%,$-0.01B,$-0.07B,-42.55%,$-0.01B,$0.51B,-0.86%,$0.06B,$0.32B,15.12%,$638,$0,$638,$0,$377,$576,$62,$-56,$6,$19,$-13,$-13,$-16,$28,$62,$19,19,$-0.83,$-0.83,$79,$0,$14,$151,$0,$74,$156,$86,$315,$511,$118,$236,$9,$308,$426,$0,$8,$0,$85,$511,$-6,$31,$0,$31,$0,$0,$0,$0,$-6,$49,$-16,$0,$-0,$0,$0,$-113,$6,$-123,$0,$-9,$-21,$0,$-26,$0,$0,$-54,$-136,$0,$0
25,2008-09-30,5.75,$0.00,0.0,$14.51,0.4,$1.84,3.13,$0.98,5.87,$0.27B,$0.13B,2.03,$0.27B,$0.00B,0.0,$0.32B,$0.25B,76.95%,$0.32B,$0.22B,69.16%,$0.32B,$0.22B,69.16%,$0.32B,$0.22B,69.16%,$0.32B,$0.02B,5.92%,$0.32B,$0.02B,7.17%,$0.02B,$0.11B,18.44%,$0.02B,$-0.01B,64.79%,$0.02B,$0.58B,3.87%,$0.22B,$0.37B,57.29%,$661,$0,$661,$0,$376,$576,$85,$-72,$13,$19,$-6,$-6,$-21,$10,$85,$17,17,$-1.22,$-1.22,$193,$0,$2,$265,$0,$0,$120,$146,$266,$579,$130,$265,$10,$341,$472,$0,$0,$0,$107,$579,$0,$0,$0,$0,$0,$0,$0,$0,$0,$0,$0,$0,$0,$0,$0,$0,$0,$0,$0,$0,$0,$0,$0,$0,$0,$0,$0,$0,$0
26,2008-06-30,7.27,$0.00,0.0,$13.80,0.53,$1.84,3.96,$1.21,6.01,$0.29B,$0.14B,2.03,$0.27B,$0.00B,0.0,$0.31B,$0.25B,79.35%,$0.31B,$0.22B,71.94%,$0.31B,$0.22B,71.94%,$0.31B,$0.22B,71.94%,$0.31B,$0.02B,7.74%,$0.31B,$0.03B,9.03%,$0.03B,$0.12B,23.19%,$0.03B,$0.00B,533.33%,$0.03B,$0.62B,4.97%,$0.22B,$0.40B,59.15%,$738,$0,$738,$0,$430,$633,$105,$-21,$84,$35,$49,$49,$1,$9,$105,$25,25,$0.04,$0.04,$211,$0,$2,$288,$0,$0,$125,$157,$282,$620,$142,$271,$11,$353,$496,$0,$0,$0,$124,$620,$0,$0,$0,$0,$0,$0,$0,$0,$0,$0,$0,$0,$0,$0,$0,$0,$0,$0,$0,$0,$0,$0,$0,$0,$0,$0,$0,$0,$0
27,2008-03-31,8.18,$0.00,0.0,$13.31,0.61,$1.84,4.45,$1.57,5.21,$0.30B,$0.15B,2.04,$0.26B,$0.00B,0.0,$0.30B,$0.09B,28.86%,$0.30B,$0.02B,6.38%,$0.30B,$0.02B,6.38%,$0.30B,$0.02B,6.38%,$0.30B,$0.04B,13.76%,$0.30B,$0.04B,11.74%,$0.04B,$0.13B,31.53%,$0.04B,$0.13B,-119.66%,$0.04B,$0.62B,7.06%,$0.02B,$0.39B,5.67%,$506,$0,$506,$0,$287,$475,$31,$-16,$15,$75,$-60,$-60,$-27,$9,$31,$19,19,$-1.31,$-1.29,$225,$0,$3,$303,$0,$0,$0,$267,$273,$623,$149,$263,$10,$345,$493,$0,$0,$0,$130,$623,$0,$0,$0,$0,$0,$0,$0,$0,$0,$0,$0,$0,$0,$0,$0,$0,$0,$0,$0,$0,$0,$0,$0,$0,$0,$0,$0,$0,$0
28,2007-12-31,11.9,$0.00,0.0,$12.78,0.93,$1.84,6.48,$1.75,6.8,$0.27B,$0.11B,2.53,$0.25B,$0.14B,1.83,$0.29B,$0.08B,28.18%,$0.29B,$0.02B,6.19%,$0.29B,$0.02B,6.19%,$0.29B,$0.02B,6.19%,$0.29B,$0.05B,15.46%,$0.29B,$0.04B,13.40%,$0.04B,$0.14B,40.94%,$0.04B,$0.03B,-86.67%,$0.04B,$0.56B,9.13%,$0.02B,$0.39B,6.36%,$786,$0,$786,$0,$468,$660,$126,$-68,$58,$37,$21,$21,$-14,$194,$126,$18,18,$-0.76,$-0.77,$198,$0,$3,$266,$0,$0,$113,$140,$253,$555,$105,$252,$4,$311,$417,$0,$26,$0,$138,$555,$39,$30,$0,$30,$0,$0,$0,$0,$10,$54,$-11,$0,$-152,$0,$0,$-41,$-7,$-211,$0,$-75,$202,$0,$103,$0,$0,$230,$73,$0,$0
29,2007-09-30,11.82,$0.00,0.0,$11.18,1.06,$0.81,14.54,$0.64,18.47,$0.19B,$0.11B,1.68,$0.24B,$0.00B,0.0,$0.25B,$-0.06B,-23.27%,$0.25B,$-0.15B,-60.41%,$0.25B,$-0.15B,-60.41%,$0.25B,$-0.15B,-60.41%,$0.25B,$0.05B,21.22%,$0.25B,$0.01B,5.31%,$0.01B,$0.09B,18.06%,$0.01B,$-0.13B,-19.85%,$0.01B,$0.46B,3.35%,$-0.15B,$0.33B,-70.56%,$848,$0,$848,$0,$490,$704,$144,$-66,$78,$34,$44,$44,$-10,$11,$144,$20,20,$-0.49,$-0.50,$117,$0,$2,$185,$0,$0,$225,$0,$231,$455,$110,$239,$4,$254,$364,$0,$0,$0,$91,$455,$0,$0,$0,$0,$0,$0,$0,$0,$0,$0,$0,$0,$0,$0,$0,$0,$0,$0,$0,$0,$0,$0,$0,$0,$0,$0,$0,$0,$0
30,2007-06-30,12.33,$0.00,0.0,$9.07,1.36,$0.81,15.17,$0.62,19.89,$0.09B,$0.11B,0.78,$0.14B,$0.00B,0.0,$0.19B,$-0.06B,-30.41%,$0.19B,$-0.14B,-69.59%,$0.19B,$-0.14B,-69.59%,$0.19B,$-0.14B,-69.59%,$0.19B,$0.07B,37.63%,$0.19B,$0.01B,6.70%,$0.01B,$0.09B,26.40%,$0.01B,$-0.14B,-40.63%,$0.01B,$0.35B,4.74%,$-0.14B,$0.23B,-106.09%,$837,$0,$837,$0,$479,$751,$86,$-58,$28,$25,$3,$3,$-18,$-195,$86,$19,19,$-0.99,$-1.00,$23,$0,$1,$88,$0,$0,$222,$0,$223,$349,$113,$142,$3,$151,$265,$0,$0,$0,$85,$349,$0,$0,$0,$0,$0,$0,$0,$0,$0,$0,$0,$0,$0,$0,$0,$0,$0,$0,$0,$0,$0,$0,$0,$0,$0,$0,$0,$0,$0
31,2007-03-31,12.52,$0.00,0.0,$6.95,1.8,$0.81,15.4,$0.45,27.82,$0.09B,$0.15B,0.6,$0.12B,$0.07B,1.77,$0.15B,$0.10B,65.75%,$0.15B,$0.08B,56.16%,$0.15B,$0.08B,56.16%,$0.15B,$0.08B,56.16%,$0.15B,$0.08B,54.11%,$0.15B,$0.01B,6.85%,$0.01B,$0.07B,35.71%,$0.01B,$0.07B,400.00%,$0.01B,$0.35B,5.35%,$0.08B,$0.19B,116.31%,$866,$-4,$870,$0,$611,$974,$-108,$-59,$-67,$12,$-79,$-48,$-48,$8,$-108,$19,19,$-2.55,$-2.63,$18,$0,$3,$91,$0,$0,$0,$222,$222,$350,$153,$118,$3,$131,$283,$0,$-7,$0,$67,$350,$0,$0,$0,$0,$0,$0,$0,$0,$0,$0,$0,$0,$0,$0,$0,$0,$0,$0,$0,$0,$0,$0,$0,$0,$0,$0,$0,$0,$0
32,2006-12-31,12.46,$0.00,0.0,$5.15,2.42,$0.81,15.33,$0.34,36.65,$0.14B,$0.29B,0.47,$0.05B,$0.05B,1.15,$0.09B,$0.09B,100.00%,$0.09B,$0.09B,100.00%,$0.09B,$0.09B,100.00%,$0.09B,$0.09B,100.00%,$0.09B,$0.09B,100.00%,$0.09B,$0.01B,7.45%,$0.01B,$0.05B,62.22%,$0.01B,$-0.06B,-49.12%,$0.01B,$0.40B,7.04%,$0.09B,$0.10B,387.63%,$842,$0,$842,$0,$455,$607,$235,$-66,$131,$50,$81,$85,$85,$28,$235,$19,19,$0.12,$0.12,$76,$0,$1,$135,$0,$0,$102,$123,$226,$398,$286,$52,$4,$68,$353,$0,$-12,$0,$45,$398,$6,$7,$0,$7,$0,$0,$0,$0,$1,$19,$-4,$0,$-5,$0,$0,$-4,$-0,$-13,$0,$16,$-9,$0,$0,$0,$0,$8,$13,$0,$0
