,Date,Stock Price,Book Value per Share,Price to Book Ratio,TTM Sales per Share,Price to Sales Ratio,TTM FCF per Share,Price to FCF Ratio,TTM Net EPS,PE Ratio,Current Assets,Current Liabilities,Current Ratio,Long Term Debt,Shareholder's Equity_x,Debt to Equity Ratio,TTM Revenue_x,TTM Gross Profit,Gross Margin,TTM Revenue_y,TTM Operating Income,Operating Margin,TTM Revenue_x,TTM EBIT,EBIT Margin,TTM Revenue_y,TTM EBITDA,EBITDA Margin,TTM Revenue_x,TTM Pre-Tax Income,Pre-Tax Margin,TTM Revenue_y,TTM Net Income_x,Net Margin,TTM Net Income_y,Shareholder's Equity_y,Return on Equity,TTM Net Income_x,Tangible Equity,Return on Tangible Equity,TTM Net Income_y,Total Assets,Return on Assets,TTM Net Income,LT Investments & Debt,Return on Investment,revenue,cost-goods-sold,gross-profit,research-development-expenses,selling-general-administrative-expenses,operating-expenses,operating-income,total-non-operating-income-expense,pre-tax-income,total-provision-income-taxes,income-after-taxes,income-from-continuous-operations,net-income,ebitda,ebit,basic-shares-outstanding,shares-outstanding,eps-basic-net-earnings-per-share,eps-earnings-per-share-diluted,cash-on-hand,inventory,other-current-assets,total-current-assets,net-property-plant-equipment,long-term-investments,goodwill-intangible-assets-total,other-long-term-assets,total-long-term-assets,total-assets,total-current-liabilities,long-term-debt,other-non-current-liabilities,total-long-term-liabilities,total-liabilities,common-stock-net,retained-earnings-accumulated-deficit,comprehensive-income,total-share-holder-equity,total-liabilities-share-holders-equity,net-income-loss,total-depreciation-amortization-cash-flow,other-non-cash-items,total-non-cash-items,change-in-accounts-receivable,change-in-inventories,change-in-accounts-payable,change-in-assets-liabilities,total-change-in-assets-liabilities,cash-flow-from-operating-activities,net-change-in-property-plant-equipment,net-change-in-intangible-assets,net-acquisitions-divestitures,net-change-in-short-term-investments,net-change-in-long-term-investments,net-change-in-investments-total,investing-activities-other,cash-flow-from-investing-activities,net-long-term-debt,net-current-debt,debt-issuance-retirement-net-total,net-common-equity-issued-repurchased,net-total-equity-issued-repurchased,total-common-preferred-stock-dividends-paid,financial-activities-other,cash-flow-from-financial-activities,net-cash-flow,stock-based-compensation,common-stock-dividends-paid
0,2018-09-30,35.9,$30.09,1.19,$22.59,1.59,$3.80,9.44,$2.73,13.15,$0.43B,$0.59B,0.72,$0.00B,$0.45B,0.0,$0.35B,$0.21B,60.12%,$0.35B,$0.04B,11.56%,$0.35B,$0.04B,11.56%,$0.35B,$0.04B,12.72%,$0.35B,$0.04B,11.56%,$0.35B,$0.04B,12.14%,$0.04B,$0.45B,9.61%,$0.04B,$0.40B,10.85%,$0.04B,$1.04B,4.05%,$0.04B,$0.45B,9.15%,$90,$36,$54,$0,$41,$77,$13,$0,$13,$3,$10,$10,$10,$14,$13,$15,15,$0.67,$0.66,$26,$0,$0,$426,$0,$475,$51,$84,$610,$1036,$588,$0,$0,$2,$591,$19,$378,$-12,$445,$1036,$24,$3,$5,$7,$0,$0,$0,$-17,$-16,$21,$0,$0,$0,$-9,$-1,$-10,$-4,$-14,$0,$0,$0,$-4,$-4,$-4,$-1,$-9,$-2,$0,$-4
1,2018-06-30,33.25,$29.50,1.13,$22.12,1.5,$3.76,8.84,$2.41,13.8,$0.42B,$0.59B,0.71,$0.00B,$0.44B,0.0,$0.34B,$0.20B,60.00%,$0.34B,$0.04B,10.29%,$0.34B,$0.04B,10.29%,$0.34B,$0.04B,11.47%,$0.34B,$0.04B,10.29%,$0.34B,$0.04B,10.88%,$0.04B,$0.44B,8.57%,$0.04B,$0.39B,9.70%,$0.04B,$1.03B,3.57%,$0.04B,$0.44B,8.11%,$85,$34,$51,$0,$42,$75,$9,$0,$9,$3,$7,$7,$7,$10,$9,$15,15,$0.46,$0.45,$21,$0,$0,$421,$0,$472,$51,$86,$609,$1030,$591,$0,$0,$2,$593,$19,$368,$-11,$436,$1030,$14,$2,$2,$4,$0,$0,$0,$-1,$1,$6,$0,$0,$0,$2,$-6,$-4,$-1,$-5,$0,$0,$0,$-3,$-3,$-4,$-1,$-7,$-6,$0,$-4
2,2018-03-31,35.51,$29.35,1.21,$21.45,1.66,$3.62,9.81,$2.82,12.59,$0.43B,$0.60B,0.71,$0.00B,$0.43B,0.0,$0.34B,$0.20B,58.75%,$0.34B,$0.03B,8.90%,$0.34B,$0.03B,8.90%,$0.34B,$0.03B,10.09%,$0.34B,$0.03B,8.90%,$0.34B,$0.04B,13.06%,$0.04B,$0.43B,10.28%,$0.04B,$0.38B,11.66%,$0.04B,$1.04B,4.22%,$0.03B,$0.43B,7.01%,$88,$36,$52,$0,$43,$79,$9,$0,$9,$2,$7,$7,$7,$10,$9,$15,15,$0.47,$0.46,$20,$0,$0,$426,$0,$477,$51,$86,$614,$1040,$604,$0,$0,$2,$606,$19,$363,$-9,$434,$1040,$7,$1,$0,$1,$0,$0,$0,$-7,$-6,$3,$0,$0,$0,$1,$-6,$-5,$-0,$-5,$0,$0,$0,$-3,$-3,$-1,$-0,$-5,$-6,$0,$-1
3,2017-12-31,27.34,$29.16,0.94,$19.82,1.38,$3.39,8.07,$2.65,10.32,$0.43B,$0.60B,0.71,$0.00B,$0.43B,0.0,$0.32B,$0.19B,57.94%,$0.32B,$0.03B,9.03%,$0.32B,$0.03B,9.03%,$0.32B,$0.03B,9.97%,$0.32B,$0.03B,9.03%,$0.32B,$0.04B,13.08%,$0.04B,$0.43B,9.82%,$0.04B,$0.38B,11.14%,$0.04B,$1.04B,4.01%,$0.03B,$0.43B,6.78%,$83,$32,$51,$0,$42,$74,$9,$0,$9,$-9,$18,$18,$18,$10,$9,$16,16,$1.14,$1.14,$26,$0,$0,$429,$0,$477,$51,$84,$612,$1041,$604,$0,$0,$2,$606,$19,$356,$-5,$434,$1041,$42,$2,$-14,$-12,$0,$0,$0,$-2,$-8,$29,$0,$0,$-12,$30,$12,$42,$-2,$28,$0,$0,$0,$-46,$-46,$-2,$-3,$-52,$4,$0,$-2
4,2017-09-30,25.06,$28.36,0.88,$19.20,1.31,$-0.18,0.0,$1.98,12.66,$0.44B,$0.61B,0.72,$0.00B,$0.42B,0.0,$0.32B,$0.18B,56.15%,$0.32B,$0.03B,9.15%,$0.32B,$0.03B,9.15%,$0.32B,$0.03B,9.78%,$0.32B,$0.03B,9.15%,$0.32B,$0.03B,10.41%,$0.03B,$0.42B,7.70%,$0.03B,$0.37B,8.67%,$0.03B,$1.04B,3.08%,$0.03B,$0.42B,6.76%,$84,$34,$50,$0,$42,$76,$8,$0,$8,$3,$5,$5,$5,$9,$8,$15,15,$0.35,$0.34,$27,$0,$0,$442,$0,$471,$51,$75,$597,$1039,$614,$0,$0,$2,$616,$19,$340,$-2,$423,$1039,$25,$2,$-1,$1,$0,$0,$0,$-2,$-10,$20,$0,$0,$-12,$20,$29,$49,$-1,$36,$0,$0,$0,$-44,$-44,$-2,$-2,$-48,$9,$0,$-2
5,2017-06-30,20.24,$28.07,0.72,$18.24,1.11,$-2.47,0.0,$1.89,10.71,$0.45B,$0.63B,0.72,$0.00B,$0.42B,0.0,$0.31B,$0.17B,53.85%,$0.31B,$0.03B,8.97%,$0.31B,$0.03B,8.97%,$0.31B,$0.03B,9.62%,$0.31B,$0.03B,8.97%,$0.31B,$0.03B,10.26%,$0.03B,$0.42B,7.38%,$0.03B,$0.37B,8.26%,$0.03B,$1.05B,2.85%,$0.03B,$0.42B,6.32%,$82,$37,$45,$0,$41,$78,$4,$0,$4,$-10,$14,$14,$14,$5,$4,$16,17,$0.88,$0.86,$22,$0,$0,$452,$0,$473,$51,$72,$596,$1048,$625,$0,$0,$2,$627,$19,$335,$-3,$421,$1048,$19,$1,$1,$2,$0,$0,$0,$-2,$-12,$5,$0,$0,$-12,$26,$25,$51,$0,$39,$0,$0,$0,$-42,$-42,$-1,$-1,$-44,$-0,$0,$-1
6,2017-03-31,18.41,$26.40,0.7,$17.76,1.04,$-3.43,0.0,$1.29,14.27,$0.49B,$0.63B,0.77,$0.00B,$0.43B,0.0,$0.31B,$0.16B,51.95%,$0.31B,$0.03B,10.06%,$0.31B,$0.03B,10.06%,$0.31B,$0.03B,10.71%,$0.31B,$0.03B,10.06%,$0.31B,$0.02B,7.14%,$0.02B,$0.43B,4.97%,$0.02B,$0.38B,5.53%,$0.02B,$1.07B,1.85%,$0.03B,$0.43B,6.70%,$72,$32,$40,$0,$32,$64,$8,$0,$8,$3,$5,$5,$5,$8,$8,$17,17,$0.30,$0.29,$51,$0,$0,$486,$0,$464,$51,$64,$579,$1065,$631,$0,$0,$2,$633,$19,$321,$-4,$432,$1065,$5,$0,$1,$1,$0,$0,$0,$-8,$-7,$-0,$0,$0,$-12,$17,$41,$58,$-0,$45,$0,$0,$0,$-14,$-14,$-1,$-0,$-16,$29,$0,$-1
7,2016-12-31,19.35,$25.68,0.75,$17.88,1.08,$-4.66,0.0,$7.08,2.73,$0.51B,$0.70B,0.73,$0.00B,$0.44B,0.0,$0.31B,$0.17B,52.88%,$0.31B,$0.03B,10.58%,$0.31B,$0.03B,10.58%,$0.31B,$0.04B,11.22%,$0.31B,$0.03B,10.26%,$0.31B,$0.12B,39.42%,$0.12B,$0.44B,27.47%,$0.12B,$0.40B,30.50%,$0.12B,$1.13B,9.71%,$0.03B,$0.44B,6.90%,$79,$36,$43,$0,$34,$70,$9,$-0,$9,$1,$8,$8,$9,$9,$9,$17,17,$0.52,$0.50,$22,$0,$0,$505,$0,$515,$42,$73,$629,$1134,$695,$0,$0,$0,$695,$19,$316,$-7,$439,$1134,$133,$2,$-109,$-107,$0,$0,$0,$-56,$-65,$-31,$0,$0,$136,$-8,$-25,$-32,$-5,$99,$-43,$0,$-43,$-4,$-4,$-2,$-17,$-65,$3,$0,$-2
8,2016-09-30,16.95,$25.88,0.66,$20.47,0.83,$-11.84,0.0,$6.87,2.47,$0.62B,$0.77B,0.8,$0.04B,$0.44B,0.09,$0.36B,$0.17B,48.32%,$0.36B,$0.03B,8.66%,$0.36B,$0.03B,8.66%,$0.36B,$0.03B,9.22%,$0.36B,$0.03B,8.10%,$0.36B,$0.12B,33.24%,$0.12B,$0.44B,28.25%,$0.12B,$0.40B,31.73%,$0.12B,$1.25B,9.28%,$0.03B,$0.48B,6.70%,$79,$38,$40,$0,$33,$71,$7,$-0,$7,$3,$4,$4,$4,$8,$7,$17,17,$0.25,$0.25,$79,$0,$0,$616,$0,$521,$42,$73,$635,$1251,$771,$38,$0,$39,$809,$19,$308,$3,$442,$1251,$125,$2,$-109,$-108,$0,$0,$0,$-21,$-27,$-17,$0,$0,$137,$8,$-33,$-25,$-3,$108,$-5,$0,$-5,$-4,$-4,$-2,$-20,$-30,$62,$0,$-2
9,2016-06-30,17.69,$26.71,0.66,$23.94,0.74,$-20.51,0.0,$7.47,2.37,$0.57B,$0.80B,0.72,$0.04B,$0.46B,0.09,$0.42B,$0.20B,47.49%,$0.42B,$0.05B,10.98%,$0.42B,$0.05B,10.98%,$0.42B,$0.05B,11.46%,$0.42B,$0.04B,10.50%,$0.42B,$0.13B,31.03%,$0.13B,$0.46B,33.23%,$0.13B,$0.41B,37.98%,$0.13B,$1.30B,10.26%,$0.05B,$0.50B,10.61%,$78,$40,$37,$0,$30,$70,$7,$-0,$7,$2,$4,$4,$4,$8,$7,$17,17,$0.26,$0.26,$27,$0,$0,$574,$0,$607,$47,$69,$724,$1298,$795,$42,$0,$45,$839,$19,$304,$4,$459,$1298,$120,$1,$-110,$-109,$0,$0,$0,$-27,$-28,$-12,$0,$0,$131,$12,$-115,$-103,$-3,$25,$-1,$0,$-1,$-2,$-2,$-1,$-1,$-4,$9,$0,$-1
10,2016-03-31,15.67,$26.19,0.6,$27.08,0.58,$-17.91,0.0,$7.50,2.09,$0.67B,$0.88B,0.76,$0.04B,$0.45B,0.09,$0.47B,$0.22B,45.57%,$0.47B,$0.05B,10.13%,$0.47B,$0.05B,10.13%,$0.47B,$0.05B,10.76%,$0.47B,$0.05B,9.49%,$0.47B,$0.13B,27.64%,$0.13B,$0.45B,37.11%,$0.13B,$0.40B,43.38%,$0.13B,$1.38B,10.53%,$0.05B,$0.49B,12.11%,$76,$31,$45,$0,$35,$66,$10,$-0,$9,$4,$6,$6,$106,$10,$10,$17,17,$6.15,$6.08,$146,$0,$0,$672,$0,$572,$47,$90,$709,$1382,$882,$42,$0,$48,$931,$19,$300,$-0,$451,$1382,$116,$1,$-111,$-110,$0,$0,$0,$-20,$-21,$-22,$0,$0,$135,$7,$12,$19,$-1,$153,$-1,$0,$-1,$-1,$-1,$-1,$-0,$-3,$128,$0,$-1
11,2015-12-31,13.59,$19.27,0.71,$30.33,0.45,$-16.29,0.0,$1.72,7.9,$0.57B,$0.82B,0.69,$0.04B,$0.33B,0.13,$0.53B,$0.22B,42.18%,$0.53B,$0.05B,8.66%,$0.53B,$0.05B,8.66%,$0.53B,$0.05B,9.60%,$0.53B,$0.04B,8.29%,$0.53B,$0.03B,5.65%,$0.03B,$0.33B,9.48%,$0.03B,$0.29B,11.33%,$0.03B,$1.20B,2.50%,$0.05B,$0.38B,12.78%,$125,$74,$51,$0,$44,$118,$7,$-0,$6,$2,$4,$4,$5,$7,$7,$17,17,$0.29,$0.27,$18,$0,$0,$570,$0,$488,$47,$80,$628,$1198,$822,$43,$0,$43,$865,$19,$194,$-3,$333,$1198,$31,$6,$-18,$-12,$0,$0,$0,$-194,$-190,$-165,$8,$0,$5,$-10,$156,$145,$10,$168,$-3,$0,$-3,$-2,$-2,$-1,$-4,$-10,$-6,$0,$-1
12,2015-09-30,12.71,$18.65,0.68,$30.20,0.42,$-5.78,0.0,$1.67,7.61,$0.57B,$0.83B,0.69,$0.04B,$0.32B,0.14,$0.53B,$0.21B,40.38%,$0.53B,$0.04B,7.55%,$0.53B,$0.04B,7.55%,$0.53B,$0.05B,8.87%,$0.53B,$0.04B,7.36%,$0.53B,$0.03B,5.47%,$0.03B,$0.32B,9.33%,$0.03B,$0.27B,11.23%,$0.03B,$1.19B,2.42%,$0.04B,$0.37B,11.30%,$140,$74,$66,$0,$43,$117,$22,$-0,$22,$8,$14,$14,$15,$23,$22,$17,17,$0.85,$0.85,$19,$0,$0,$570,$0,$489,$53,$79,$622,$1191,$826,$43,$0,$43,$869,$19,$182,$-1,$322,$1191,$25,$5,$-26,$-20,$0,$0,$0,$-199,$-182,$-176,$8,$0,$4,$6,$151,$157,$10,$179,$-2,$0,$-2,$-2,$-2,$-1,$-3,$-9,$-6,$0,$-1
13,2015-06-30,12.89,$17.65,0.73,$29.58,0.44,$4.17,3.09,$1.09,11.83,$0.36B,$0.85B,0.42,$0.05B,$0.31B,0.15,$0.52B,$0.20B,39.04%,$0.52B,$0.03B,5.19%,$0.52B,$0.03B,5.19%,$0.52B,$0.04B,6.73%,$0.52B,$0.03B,4.81%,$0.52B,$0.02B,3.65%,$0.02B,$0.31B,6.26%,$0.02B,$0.25B,7.54%,$0.02B,$1.20B,1.59%,$0.03B,$0.35B,7.79%,$133,$79,$54,$0,$45,$124,$9,$-0,$8,$3,$5,$5,$5,$11,$9,$17,18,$0.29,$0.29,$24,$0,$0,$357,$0,$674,$56,$85,$847,$1203,$852,$45,$0,$45,$897,$19,$167,$-3,$306,$1203,$10,$4,$-4,$0,$0,$0,$0,$23,$27,$34,$0,$0,$1,$-7,$-23,$-30,$-1,$-30,$0,$0,$0,$-1,$-1,$-1,$-3,$-4,$-0,$0,$-1
14,2015-03-31,13.28,$17.61,0.75,$29.68,0.45,$2.67,4.97,$1.02,13.02,$0.37B,$0.86B,0.43,$0.04B,$0.31B,0.14,$0.52B,$0.20B,38.62%,$0.52B,$0.03B,4.78%,$0.52B,$0.03B,4.78%,$0.52B,$0.03B,6.31%,$0.52B,$0.02B,4.40%,$0.52B,$0.02B,3.44%,$0.02B,$0.31B,6.00%,$0.02B,$0.26B,7.20%,$0.02B,$1.21B,1.50%,$0.03B,$0.35B,7.29%,$133,$80,$53,$0,$45,$125,$8,$-0,$8,$3,$5,$5,$5,$10,$8,$17,18,$0.30,$0.30,$21,$0,$0,$371,$0,$657,$50,$96,$835,$1206,$858,$42,$0,$42,$900,$19,$163,$1,$305,$1206,$5,$2,$1,$3,$0,$0,$0,$-3,$-3,$7,$0,$0,$0,$-34,$26,$-8,$0,$-8,$0,$0,$0,$-1,$-1,$-1,$-2,$-3,$-5,$0,$-1
15,2014-12-31,13.6,$17.82,0.76,$30.03,0.45,$2.52,5.4,$0.93,14.63,$0.37B,$0.84B,0.43,$0.04B,$0.31B,0.14,$0.53B,$0.21B,38.61%,$0.53B,$0.02B,4.33%,$0.53B,$0.02B,4.33%,$0.53B,$0.03B,6.03%,$0.53B,$0.02B,3.95%,$0.53B,$0.02B,3.20%,$0.02B,$0.31B,5.75%,$0.02B,$0.26B,6.93%,$0.02B,$1.20B,1.39%,$0.02B,$0.35B,6.79%,$124,$83,$41,$0,$43,$122,$1,$-0,$1,$-1,$2,$2,$4,$3,$1,$17,18,$0.23,$0.22,$25,$0,$0,$366,$0,$651,$50,$98,$830,$1196,$844,$42,$0,$42,$887,$19,$166,$0,$310,$1196,$17,$8,$-3,$5,$0,$0,$0,$8,$11,$27,$0,$0,$0,$5,$-24,$-19,$3,$-16,$-2,$0,$-2,$-4,$-4,$-1,$-3,$-11,$1,$0,$-1
16,2014-09-30,12.96,$16.93,0.77,$31.06,0.42,$-8.12,0.0,$0.80,16.2,$0.36B,$0.83B,0.43,$0.04B,$0.29B,0.14,$0.55B,$0.22B,39.20%,$0.55B,$0.03B,4.72%,$0.55B,$0.03B,4.72%,$0.55B,$0.04B,6.53%,$0.55B,$0.02B,4.36%,$0.55B,$0.02B,2.72%,$0.02B,$0.29B,5.21%,$0.02B,$0.24B,6.32%,$0.02B,$1.17B,1.21%,$0.03B,$0.34B,7.85%,$130,$75,$55,$0,$46,$121,$9,$-1,$8,$3,$5,$5,$5,$11,$9,$17,18,$0.27,$0.27,$18,$0,$0,$360,$0,$634,$50,$94,$808,$1168,$832,$42,$0,$42,$874,$19,$154,$-3,$294,$1168,$13,$7,$-4,$3,$0,$0,$0,$-22,$-17,$6,$0,$0,$0,$6,$-11,$-4,$3,$-2,$-2,$0,$-2,$-4,$-4,$-1,$-3,$-10,$-6,$0,$-1
17,2014-06-30,13.74,$16.74,0.82,$31.67,0.43,$-18.21,0.0,$0.74,18.57,$0.42B,$0.90B,0.46,$0.04B,$0.29B,0.15,$0.56B,$0.21B,38.01%,$0.56B,$0.02B,4.09%,$0.56B,$0.02B,4.09%,$0.56B,$0.03B,6.04%,$0.56B,$0.02B,3.91%,$0.56B,$0.01B,2.49%,$0.01B,$0.29B,4.88%,$0.01B,$0.24B,5.92%,$0.01B,$1.24B,1.10%,$0.02B,$0.34B,6.95%,$136,$83,$53,$0,$46,$129,$7,$-0,$6,$2,$4,$4,$4,$9,$7,$17,18,$0.22,$0.22,$27,$0,$0,$418,$0,$641,$50,$100,$821,$1239,$903,$44,$0,$44,$947,$19,$150,$-2,$292,$1239,$8,$4,$-8,$-3,$0,$0,$0,$-2,$3,$7,$0,$0,$0,$3,$-5,$-2,$2,$0,$0,$0,$0,$-3,$-3,$-1,$-2,$-5,$2,$1,$-1
18,2014-03-31,13.05,$16.32,0.8,$32.50,0.4,$-28.74,0.0,$0.73,17.88,$0.47B,$0.96B,0.49,$0.04B,$0.29B,0.15,$0.58B,$0.22B,38.69%,$0.58B,$0.02B,3.97%,$0.58B,$0.02B,3.97%,$0.58B,$0.04B,7.60%,$0.58B,$0.02B,3.80%,$0.58B,$0.01B,2.42%,$0.01B,$0.29B,4.90%,$0.01B,$0.24B,5.94%,$0.01B,$1.29B,1.09%,$0.02B,$0.33B,6.96%,$141,$85,$56,$0,$49,$135,$6,$-0,$6,$2,$4,$4,$4,$9,$6,$18,18,$0.21,$0.21,$23,$0,$0,$465,$0,$618,$50,$124,$823,$1288,$957,$44,$0,$44,$1001,$19,$146,$-5,$287,$1288,$4,$2,$-4,$-2,$0,$0,$0,$1,$1,$4,$0,$0,$0,$-12,$7,$-5,$3,$-2,$0,$0,$0,$-1,$-1,$-1,$-1,$-3,$-1,$0,$-1
19,2013-12-31,13.09,$15.76,0.83,$32.20,0.41,$-28.34,0.0,$0.78,16.78,$0.46B,$0.95B,0.49,$0.04B,$0.28B,0.16,$0.58B,$0.22B,38.19%,$0.58B,$0.03B,4.34%,$0.58B,$0.03B,4.34%,$0.58B,$0.05B,7.99%,$0.58B,$0.02B,4.17%,$0.58B,$0.02B,2.60%,$0.02B,$0.28B,5.17%,$0.02B,$0.23B,6.25%,$0.02B,$1.27B,1.17%,$0.03B,$0.32B,7.46%,$144,$92,$52,$0,$48,$139,$4,$-0,$4,$2,$2,$2,$2,$7,$4,$18,18,$0.10,$0.09,$24,$0,$0,$464,$0,$609,$50,$116,$805,$1269,$947,$44,$0,$44,$991,$19,$143,$-10,$278,$1269,$15,$20,$-12,$8,$0,$0,$0,$-184,$-185,$-162,$0,$0,$0,$11,$150,$161,$20,$182,$-2,$0,$-2,$-4,$-4,$-1,$-13,$-19,$0,$0,$-1
20,2013-09-30,13.86,$16.36,0.85,$30.41,0.46,$-25.64,0.0,$1.14,12.15,$0.45B,$0.94B,0.48,$0.04B,$0.29B,0.15,$0.55B,$0.22B,39.82%,$0.55B,$0.03B,4.95%,$0.55B,$0.03B,4.95%,$0.55B,$0.05B,8.81%,$0.55B,$0.03B,4.77%,$0.55B,$0.02B,3.85%,$0.02B,$0.29B,7.09%,$0.02B,$0.24B,8.53%,$0.02B,$1.28B,1.64%,$0.03B,$0.33B,7.89%,$142,$88,$53,$0,$47,$135,$6,$-0,$6,$2,$4,$4,$4,$9,$6,$18,18,$0.21,$0.21,$17,$0,$0,$453,$0,$619,$50,$125,$824,$1277,$943,$44,$0,$44,$987,$19,$142,$-6,$290,$1277,$13,$17,$-16,$1,$0,$0,$0,$-190,$-188,$-173,$0,$0,$0,$-0,$159,$159,$17,$176,$-2,$0,$-2,$-3,$-3,$-1,$-4,$-10,$-7,$1,$-1
21,2013-06-30,11.47,$16.31,0.7,$28.60,0.4,$-23.10,0.0,$1.15,9.97,$0.48B,$0.96B,0.5,$0.05B,$0.29B,0.16,$0.52B,$0.21B,41.17%,$0.52B,$0.03B,5.44%,$0.52B,$0.03B,5.44%,$0.52B,$0.05B,9.51%,$0.52B,$0.03B,5.24%,$0.52B,$0.02B,4.08%,$0.02B,$0.29B,7.05%,$0.02B,$0.24B,8.48%,$0.02B,$1.29B,1.65%,$0.03B,$0.33B,8.14%,$152,$89,$63,$0,$56,$145,$7,$-0,$6,$2,$4,$4,$4,$19,$7,$18,18,$0.21,$0.21,$19,$0,$0,$476,$0,$623,$50,$114,$817,$1293,$959,$46,$0,$46,$1005,$18,$138,$-3,$288,$1293,$9,$15,$-11,$3,$0,$0,$0,$-192,$-192,$-180,$0,$0,$0,$23,$135,$159,$23,$182,$0,$0,$0,$-3,$-3,$-1,$-3,$-7,$-5,$1,$-1
22,2013-03-31,9.85,$17.03,0.58,$25.70,0.38,$-20.74,0.0,$1.14,8.64,$0.28B,$0.93B,0.3,$0.05B,$0.30B,0.15,$0.46B,$0.19B,40.95%,$0.46B,$0.03B,5.82%,$0.46B,$0.03B,5.82%,$0.46B,$0.04B,8.41%,$0.46B,$0.03B,5.82%,$0.46B,$0.02B,4.53%,$0.02B,$0.30B,7.06%,$0.02B,$0.25B,8.49%,$0.02B,$1.28B,1.63%,$0.03B,$0.35B,7.84%,$138,$85,$52,$0,$44,$130,$8,$-0,$8,$3,$5,$5,$5,$11,$8,$18,18,$0.26,$0.26,$19,$0,$0,$283,$0,$829,$50,$86,$999,$1283,$932,$46,$0,$46,$978,$18,$135,$14,$304,$1283,$5,$3,$-1,$1,$0,$0,$0,$3,$3,$11,$0,$0,$0,$21,$-39,$-18,$5,$-13,$0,$0,$0,$-1,$-1,$0,$-3,$-3,$-5,$0,$0
23,2012-12-31,9.21,$16.89,0.55,$23.68,0.39,$-29.00,0.0,$1.10,8.37,$0.24B,$0.91B,0.26,$0.05B,$0.30B,0.15,$0.43B,$0.18B,42.76%,$0.43B,$0.03B,6.07%,$0.43B,$0.03B,6.07%,$0.43B,$0.04B,8.88%,$0.43B,$0.03B,5.84%,$0.43B,$0.02B,4.67%,$0.02B,$0.30B,6.86%,$0.02B,$0.25B,8.29%,$0.02B,$1.26B,1.53%,$0.03B,$0.35B,7.68%,$113,$64,$49,$0,$42,$107,$6,$-1,$6,$-4,$10,$10,$8,$9,$6,$18,18,$0.45,$0.45,$24,$0,$0,$240,$0,$811,$50,$127,$1022,$1262,$913,$46,$0,$46,$959,$18,$130,$15,$303,$1262,$23,$11,$-7,$3,$0,$0,$0,$-143,$-141,$-115,$0,$0,$-0,$-16,$152,$136,$-13,$123,$-2,$0,$-2,$-1,$-1,$-2,$3,$-2,$6,$1,$-2
24,2012-09-30,9.7,$16.47,0.59,$23.38,0.42,$-21.04,0.0,$0.84,11.55,$0.25B,$0.90B,0.28,$0.05B,$0.30B,0.16,$0.42B,$0.18B,43.68%,$0.42B,$0.03B,6.44%,$0.42B,$0.03B,6.44%,$0.42B,$0.04B,10.26%,$0.42B,$0.03B,5.97%,$0.42B,$0.02B,3.58%,$0.02B,$0.30B,5.27%,$0.02B,$0.25B,6.40%,$0.02B,$1.24B,1.12%,$0.03B,$0.34B,8.13%,$112,$63,$48,$0,$41,$104,$7,$-1,$7,$2,$4,$4,$4,$10,$7,$18,18,$0.22,$0.22,$15,$0,$0,$252,$0,$820,$50,$83,$987,$1240,$898,$46,$0,$46,$944,$18,$122,$17,$296,$1240,$13,$8,$0,$8,$0,$0,$0,$-158,$-156,$-130,$0,$0,$-0,$4,$125,$129,$-0,$129,$-2,$0,$-2,$-1,$-1,$-1,$2,$-2,$-4,$1,$-1
25,2012-06-30,9.49,$15.99,0.59,$23.02,0.41,$-13.21,0.0,$0.82,11.57,$0.39B,$1.04B,0.38,$0.05B,$0.29B,0.17,$0.41B,$0.18B,44.28%,$0.41B,$0.03B,6.33%,$0.41B,$0.03B,6.33%,$0.41B,$0.04B,10.22%,$0.41B,$0.02B,5.84%,$0.41B,$0.02B,3.65%,$0.02B,$0.29B,5.36%,$0.02B,$0.24B,6.53%,$0.02B,$1.37B,1.10%,$0.03B,$0.34B,7.93%,$101,$60,$41,$0,$35,$95,$6,$-1,$6,$2,$4,$4,$4,$9,$6,$18,18,$0.20,$0.20,$13,$0,$0,$392,$0,$808,$50,$86,$980,$1372,$1037,$48,$0,$48,$1085,$18,$119,$12,$287,$1372,$8,$5,$-0,$5,$0,$0,$0,$-159,$-156,$-140,$0,$0,$-0,$-1,$135,$134,$2,$136,$0,$0,$0,$-1,$-1,$-1,$1,$-1,$-5,$1,$-1
26,2012-03-31,9.56,$15.56,0.61,$23.44,0.41,$-4.83,0.0,$0.79,12.06,$0.39B,$1.04B,0.37,$0.05B,$0.28B,0.17,$0.42B,$0.18B,44.23%,$0.42B,$0.03B,6.01%,$0.42B,$0.03B,6.01%,$0.42B,$0.04B,9.86%,$0.42B,$0.02B,5.53%,$0.42B,$0.01B,3.37%,$0.01B,$0.28B,5.07%,$0.01B,$0.23B,6.22%,$0.01B,$1.36B,1.03%,$0.03B,$0.33B,7.73%,$102,$57,$45,$0,$38,$95,$7,$-1,$6,$2,$4,$4,$4,$10,$7,$18,18,$0.22,$0.22,$9,$0,$0,$385,$0,$803,$50,$89,$980,$1364,$1036,$48,$0,$48,$1084,$18,$116,$8,$280,$1364,$4,$3,$-0,$2,$0,$0,$0,$-148,$-147,$-139,$0,$0,$0,$3,$128,$132,$-1,$131,$0,$0,$0,$-0,$-0,$-0,$0,$-1,$-9,$0,$-0
27,2011-12-31,7.08,$15.30,0.46,$23.95,0.3,$2.96,2.39,$0.76,9.27,$0.24B,$1.04B,0.24,$0.05B,$0.28B,0.17,$0.42B,$0.18B,42.82%,$0.42B,$0.02B,4.78%,$0.42B,$0.02B,4.78%,$0.42B,$0.04B,8.61%,$0.42B,$0.02B,4.55%,$0.42B,$0.01B,3.11%,$0.01B,$0.28B,4.78%,$0.01B,$0.23B,5.90%,$0.01B,$1.36B,0.96%,$0.02B,$0.32B,6.28%,$104,$56,$49,$0,$42,$98,$7,$-1,$6,$3,$3,$3,$3,$14,$7,$18,18,$0.18,$0.18,$18,$0,$0,$243,$0,$933,$50,$96,$1116,$1359,$1035,$48,$0,$48,$1083,$18,$112,$8,$276,$1359,$15,$16,$-9,$6,$0,$0,$0,$-1,$7,$28,$0,$0,$0,$27,$-22,$5,$-29,$-24,$3,$0,$3,$-1,$-1,$-1,$2,$3,$7,$1,$-1
28,2011-09-30,6.31,$15.31,0.41,$24.24,0.26,$1.64,3.84,$0.54,11.76,$0.26B,$1.04B,0.25,$0.05B,$0.28B,0.17,$0.42B,$0.17B,39.62%,$0.42B,$0.01B,3.10%,$0.42B,$0.01B,3.10%,$0.42B,$0.03B,5.97%,$0.42B,$0.01B,3.10%,$0.42B,$0.01B,2.39%,$0.01B,$0.28B,3.73%,$0.01B,$0.23B,4.62%,$0.01B,$1.37B,0.74%,$0.01B,$0.33B,4.14%,$104,$57,$47,$0,$41,$97,$6,$-1,$6,$2,$4,$4,$4,$9,$6,$18,18,$0.20,$0.20,$14,$0,$0,$260,$0,$921,$52,$93,$1107,$1368,$1042,$48,$0,$48,$1090,$17,$125,$9,$277,$1368,$11,$8,$-2,$6,$0,$0,$0,$-13,$-10,$11,$0,$0,$0,$25,$-10,$15,$-28,$-13,$3,$0,$3,$-1,$-1,$-1,$4,$5,$3,$0,$-1
29,2011-06-30,9.06,$15.54,0.58,$24.85,0.36,$1.03,8.78,$0.60,15.11,$0.25B,$1.04B,0.24,$0.05B,$0.27B,0.17,$0.42B,$0.17B,39.24%,$0.42B,$0.02B,3.55%,$0.42B,$0.02B,3.55%,$0.42B,$0.03B,6.38%,$0.42B,$0.01B,3.31%,$0.42B,$0.01B,2.36%,$0.01B,$0.27B,3.76%,$0.01B,$0.22B,4.66%,$0.01B,$1.36B,0.74%,$0.02B,$0.32B,4.81%,$106,$62,$43,$0,$38,$100,$5,$-0,$5,$1,$3,$3,$3,$8,$5,$17,17,$0.17,$0.17,$11,$0,$0,$245,$0,$923,$52,$95,$1112,$1357,$1041,$46,$0,$46,$1087,$16,$121,$5,$271,$1357,$7,$6,$-1,$4,$0,$0,$0,$-6,$-3,$11,$0,$0,$0,$27,$-22,$5,$-18,$-13,$0,$0,$0,$-0,$-0,$-0,$2,$2,$-0,$0,$-0
30,2011-03-31,7.01,$15.09,0.46,$25.13,0.28,$0.24,29.45,$0.53,13.3,$0.24B,$1.03B,0.23,$0.05B,$0.26B,0.17,$0.42B,$0.17B,39.01%,$0.42B,$0.01B,3.31%,$0.42B,$0.01B,3.31%,$0.42B,$0.03B,6.15%,$0.42B,$0.01B,2.84%,$0.42B,$0.01B,2.13%,$0.01B,$0.26B,3.43%,$0.01B,$0.21B,4.26%,$0.01B,$1.34B,0.66%,$0.01B,$0.31B,4.53%,$104,$64,$40,$0,$38,$102,$2,$-0,$2,$-2,$4,$4,$3,$5,$2,$17,17,$0.19,$0.19,$11,$0,$0,$242,$0,$899,$52,$105,$1099,$1341,$1033,$46,$0,$46,$1078,$16,$119,$1,$263,$1341,$4,$3,$-1,$2,$0,$0,$0,$-3,$-4,$3,$0,$0,$0,$20,$0,$20,$-22,$-2,$0,$0,$0,$0,$0,$-0,$-0,$-1,$0,$0,$-0
31,2010-12-31,7.03,$17.09,0.41,$25.90,0.27,$0.00,0.0,$1.28,5.48,$0.25B,$1.06B,0.23,$0.05B,$0.26B,0.18,$0.44B,$0.19B,42.53%,$0.44B,$0.04B,8.97%,$0.44B,$0.04B,8.97%,$0.44B,$0.05B,11.49%,$0.44B,$0.04B,8.28%,$0.44B,$0.02B,5.06%,$0.02B,$0.26B,8.47%,$0.02B,$0.21B,10.56%,$0.02B,$1.36B,1.60%,$0.04B,$0.31B,12.73%,$105,$68,$36,$0,$36,$105,$0,$-0,$-0,$-0,$-0,$-0,$-0,$3,$0,$17,17,$-0.03,$-0.02,$11,$0,$0,$246,$0,$920,$52,$101,$1116,$1362,$1055,$46,$0,$46,$1102,$15,$115,$1,$260,$1362,$23,$11,$-15,$-4,$0,$0,$0,$-13,$-17,$4,$0,$0,$2,$5,$-16,$-11,$14,$5,$-2,$0,$-2,$-2,$-2,$-1,$-1,$-5,$4,$1,$-1
32,2010-09-30,6.09,$16.18,0.38,$23.79,0.26,$-2.08,0.0,$0.48,12.65,$0.26B,$1.06B,0.24,$0.05B,$0.27B,0.17,$0.39B,$0.16B,40.36%,$0.39B,$0.01B,3.30%,$0.39B,$0.01B,3.30%,$0.39B,$0.02B,6.09%,$0.39B,$0.01B,2.28%,$0.39B,$0.01B,2.03%,$0.01B,$0.27B,3.26%,$0.01B,$0.22B,4.11%,$0.01B,$1.38B,0.59%,$0.01B,$0.32B,4.44%,$108,$61,$47,$0,$39,$100,$8,$-0,$7,$2,$5,$5,$4,$11,$8,$17,17,$0.26,$0.26,$10,$0,$0,$260,$0,$927,$52,$104,$1122,$1381,$1063,$46,$0,$47,$1110,$15,$116,$10,$271,$1381,$24,$8,$-17,$-9,$0,$0,$0,$-13,$-16,$-0,$0,$0,$-2,$12,$-13,$-1,$9,$6,$-2,$0,$-2,$-2,$-2,$-1,$0,$-4,$2,$1,$-1
33,2010-06-30,5.15,$15.35,0.34,$22.80,0.23,$-3.96,0.0,$0.34,15.3,$0.29B,$1.08B,0.26,$0.05B,$0.26B,0.18,$0.38B,$0.15B,39.31%,$0.38B,$0.01B,2.11%,$0.38B,$0.01B,2.11%,$0.38B,$0.02B,4.75%,$0.38B,$0.00B,1.06%,$0.38B,$0.01B,1.58%,$0.01B,$0.26B,2.57%,$0.01B,$0.21B,3.30%,$0.01B,$1.39B,0.45%,$0.01B,$0.30B,2.85%,$106,$65,$42,$0,$38,$103,$4,$-0,$3,$1,$2,$2,$2,$7,$4,$17,17,$0.10,$0.10,$13,$0,$0,$287,$0,$901,$52,$110,$1103,$1389,$1084,$47,$0,$48,$1132,$15,$112,$2,$257,$1389,$19,$5,$-15,$-10,$0,$0,$0,$-9,$-12,$-3,$0,$0,$2,$19,$-14,$5,$1,$8,$0,$0,$0,$-2,$-2,$-0,$2,$-0,$5,$0,$-0
34,2010-03-31,8.18,$14.93,0.55,$22.36,0.37,$-5.67,0.0,$0.35,23.67,$0.29B,$1.06B,0.27,$0.05B,$0.25B,0.19,$0.37B,$0.15B,39.41%,$0.37B,$0.01B,1.88%,$0.37B,$0.01B,1.88%,$0.37B,$0.02B,4.56%,$0.37B,$0.00B,1.07%,$0.37B,$0.01B,1.61%,$0.01B,$0.25B,2.75%,$0.01B,$0.20B,3.61%,$0.01B,$1.36B,0.45%,$0.01B,$0.30B,2.63%,$116,$57,$60,$0,$33,$90,$27,$-0,$26,$10,$16,$16,$16,$29,$27,$17,17,$0.96,$0.95,$12,$0,$0,$285,$0,$868,$52,$108,$1071,$1356,$1056,$47,$0,$49,$1105,$15,$111,$-3,$251,$1356,$16,$2,$-15,$-13,$0,$0,$0,$-3,$-5,$-1,$0,$0,$2,$22,$5,$27,$-25,$5,$0,$0,$0,$-1,$-1,$-0,$3,$1,$5,$0,$-0
35,2009-12-31,4.98,$11.99,0.42,$21.30,0.23,$-5.41,0.0,$-0.42,0.0,$0.26B,$1.05B,0.25,$0.05B,$0.20B,0.23,$0.36B,$0.13B,36.52%,$0.36B,$-0.02B,-4.21%,$0.36B,$-0.02B,-4.21%,$0.36B,$-0.00B,-1.40%,$0.36B,$-0.02B,-5.06%,$0.36B,$-0.01B,-1.97%,$-0.01B,$0.20B,-3.52%,$-0.01B,$0.16B,-4.77%,$-0.01B,$1.30B,-0.54%,$-0.02B,$0.25B,-6.08%,$64,$53,$10,$0,$37,$90,$-26,$-1,$-27,$-12,$-15,$-15,$-14,$-23,$-26,$15,15,$-0.86,$-0.86,$7,$0,$0,$260,$0,$850,$49,$101,$1045,$1304,$1052,$47,$0,$49,$1101,$15,$94,$-7,$204,$1304,$-7,$11,$4,$15,$0,$0,$0,$-42,$-42,$-28,$0,$0,$-1,$19,$5,$24,$6,$29,$-1,$0,$-1,$0,$0,$-1,$1,$-1,$-0,$1,$-1
36,2009-09-30,5.05,$13.06,0.39,$21.78,0.23,$-4.50,0.0,$-0.27,0.0,$0.26B,$1.06B,0.25,$0.05B,$0.22B,0.21,$0.37B,$0.14B,37.57%,$0.37B,$-0.01B,-1.89%,$0.37B,$-0.01B,-1.89%,$0.37B,$0.00B,0.81%,$0.37B,$-0.01B,-2.70%,$0.37B,$-0.00B,-1.08%,$-0.00B,$0.22B,-2.12%,$-0.00B,$0.17B,-2.95%,$-0.00B,$1.33B,-0.31%,$-0.01B,$0.27B,-2.96%,$93,$55,$37,$0,$34,$90,$3,$-1,$2,$0,$2,$2,$2,$5,$3,$17,17,$0.11,$0.11,$8,$0,$0,$263,$0,$884,$53,$85,$1069,$1333,$1062,$47,$0,$49,$1111,$15,$109,$-4,$222,$1333,$7,$7,$-5,$3,$0,$0,$0,$-42,$-42,$-32,$0,$0,$-1,$37,$-19,$18,$17,$34,$-1,$0,$-1,$0,$0,$-1,$1,$-1,$1,$0,$-1
37,2009-06-30,5.44,$11.58,0.47,$21.16,0.26,$-3.38,0.0,$-0.91,0.0,$0.27B,$1.06B,0.25,$0.05B,$0.20B,0.25,$0.36B,$0.12B,34.54%,$0.36B,$-0.02B,-6.69%,$0.36B,$-0.02B,-6.69%,$0.36B,$-0.01B,-3.62%,$0.36B,$-0.03B,-7.52%,$0.36B,$-0.02B,-4.18%,$-0.02B,$0.20B,-8.38%,$-0.02B,$0.14B,-11.86%,$-0.02B,$1.31B,-1.16%,$-0.02B,$0.25B,-10.55%,$100,$60,$40,$0,$36,$97,$3,$-1,$3,$1,$2,$2,$2,$6,$3,$17,17,$0.11,$0.11,$7,$0,$0,$266,$0,$830,$53,$105,$1043,$1309,$1062,$48,$0,$51,$1112,$15,$107,$-28,$196,$1309,$5,$5,$-6,$-1,$0,$0,$0,$-41,$-36,$-32,$0,$0,$-0,$37,$-10,$27,$5,$31,$0,$0,$0,$0,$0,$-0,$0,$-0,$-1,$0,$-0
38,2009-03-31,4.29,$10.26,0.42,$20.54,0.21,$-2.46,0.0,$-1.42,0.0,$0.24B,$1.05B,0.23,$0.05B,$0.17B,0.28,$0.35B,$0.11B,32.18%,$0.35B,$-0.04B,-10.63%,$0.35B,$-0.04B,-10.63%,$0.35B,$-0.03B,-7.47%,$0.35B,$-0.04B,-11.78%,$0.35B,$-0.02B,-6.90%,$-0.02B,$0.17B,-13.06%,$-0.02B,$0.12B,-18.29%,$-0.02B,$1.28B,-1.84%,$-0.04B,$0.22B,-15.91%,$99,$56,$43,$0,$38,$94,$5,$-1,$4,$1,$3,$3,$3,$7,$5,$17,17,$0.18,$0.18,$8,$0,$0,$236,$0,$802,$53,$124,$1039,$1275,$1050,$48,$0,$51,$1101,$15,$104,$-47,$174,$1275,$3,$2,$-3,$-1,$0,$0,$0,$-1,$0,$3,$0,$0,$-0,$32,$-16,$16,$-19,$-3,$0,$0,$0,$0,$0,$-0,$1,$0,$0,$0,$-0
39,2008-12-31,3.07,$9.62,0.32,$20.89,0.15,$-3.26,0.0,$-1.42,0.0,$0.22B,$1.06B,0.21,$0.05B,$0.16B,0.3,$0.35B,$0.11B,32.01%,$0.35B,$-0.04B,-10.48%,$0.35B,$-0.04B,-10.48%,$0.35B,$-0.03B,-7.08%,$0.35B,$-0.04B,-11.61%,$0.35B,$-0.02B,-6.80%,$-0.02B,$0.16B,-12.34%,$-0.02B,$0.11B,-16.84%,$-0.02B,$1.27B,-1.83%,$-0.04B,$0.21B,-15.16%,$78,$59,$19,$0,$37,$96,$-18,$-1,$-19,$-8,$-11,$-11,$-11,$-15,$-18,$17,17,$-0.68,$-0.68,$8,$0,$0,$221,$0,$802,$52,$136,$1053,$1274,$1059,$48,$0,$52,$1111,$15,$101,$-54,$163,$1274,$-24,$12,$14,$26,$0,$0,$0,$-16,$-17,$-15,$0,$0,$56,$-35,$-65,$-100,$-3,$-47,$-3,$0,$-3,$1,$1,$-1,$-1,$-3,$-65,$1,$-1
40,2008-09-30,9.82,$10.81,0.91,$22.14,0.44,$-2.65,0.0,$-0.88,0.0,$0.24B,$1.08B,0.22,$0.05B,$0.18B,0.26,$0.37B,$0.13B,35.83%,$0.37B,$-0.02B,-4.28%,$0.37B,$-0.02B,-4.28%,$0.37B,$-0.00B,-1.34%,$0.37B,$-0.02B,-5.35%,$0.37B,$-0.02B,-4.01%,$-0.02B,$0.18B,-7.16%,$-0.02B,$0.13B,-9.52%,$-0.02B,$1.32B,-1.14%,$-0.02B,$0.23B,-6.17%,$82,$59,$22,$0,$37,$96,$-14,$-1,$-15,$-6,$-9,$-9,$-9,$-11,$-14,$17,17,$-0.52,$-0.52,$9,$0,$0,$241,$0,$846,$52,$121,$1078,$1319,$1083,$48,$0,$53,$1136,$15,$113,$-45,$183,$1319,$-12,$9,$3,$12,$0,$0,$0,$-12,$-11,$-13,$0,$0,$56,$-7,$-101,$-108,$3,$-48,$-3,$0,$-3,$2,$2,$-1,$-0,$-2,$-64,$1,$-1
41,2008-06-30,8.29,$12.65,0.66,$23.33,0.36,$-2.80,0.0,$-0.86,0.0,$0.23B,$1.07B,0.22,$0.05B,$0.22B,0.24,$0.39B,$0.14B,35.11%,$0.39B,$-0.01B,-3.56%,$0.39B,$-0.01B,-3.56%,$0.39B,$-0.00B,-0.76%,$0.39B,$-0.02B,-4.58%,$0.39B,$-0.01B,-3.56%,$-0.01B,$0.22B,-6.33%,$-0.01B,$0.16B,-8.28%,$-0.01B,$1.35B,-1.06%,$-0.01B,$0.27B,-5.16%,$89,$62,$28,$0,$38,$99,$-10,$-1,$-11,$-4,$-7,$-7,$-7,$-7,$-10,$17,17,$-0.39,$-0.39,$7,$0,$0,$231,$0,$901,$52,$108,$1117,$1348,$1073,$51,$0,$61,$1133,$15,$121,$-23,$215,$1348,$-4,$6,$-4,$2,$0,$0,$0,$-17,$-13,$-16,$0,$0,$56,$1,$-107,$-106,$-0,$-50,$0,$0,$0,$2,$2,$-0,$-0,$1,$-66,$1,$-0
42,2008-03-31,10.11,$12.85,0.79,$23.95,0.42,$-1.96,0.0,$-0.23,0.0,$0.24B,$1.02B,0.23,$0.05B,$0.22B,0.23,$0.40B,$0.15B,37.38%,$0.40B,$0.00B,0.74%,$0.40B,$0.00B,0.74%,$0.40B,$0.01B,3.47%,$0.40B,$-0.00B,-0.25%,$0.40B,$-0.00B,-0.74%,$-0.00B,$0.22B,-1.33%,$-0.00B,$0.17B,-1.72%,$-0.00B,$1.30B,-0.23%,$0.00B,$0.27B,1.08%,$104,$61,$44,$0,$38,$99,$5,$-1,$4,$1,$3,$3,$3,$8,$5,$17,17,$0.18,$0.18,$9,$0,$0,$237,$0,$855,$51,$107,$1060,$1297,$1019,$51,$0,$61,$1080,$15,$128,$-27,$217,$1297,$3,$3,$-13,$-11,$0,$0,$0,$-5,$-3,$-11,$0,$0,$0,$-33,$-22,$-54,$1,$-54,$0,$0,$0,$1,$1,$-0,$-1,$0,$-64,$0,$-0
43,2007-12-31,10.71,$13.30,0.81,$23.91,0.45,$-1.14,0.0,$-0.14,0.0,$0.30B,$1.01B,0.3,$0.05B,$0.22B,0.23,$0.40B,$0.15B,37.47%,$0.40B,$0.01B,1.74%,$0.40B,$0.01B,1.74%,$0.40B,$0.02B,4.22%,$0.40B,$0.00B,0.74%,$0.40B,$-0.00B,-0.25%,$-0.00B,$0.22B,-0.43%,$-0.00B,$0.17B,-0.55%,$-0.00B,$1.31B,-0.08%,$0.01B,$0.27B,2.47%,$99,$59,$40,$0,$37,$96,$3,$-1,$2,$1,$1,$1,$-2,$5,$3,$17,17,$-0.15,$-0.15,$73,$0,$0,$300,$0,$817,$52,$93,$1007,$1307,$1011,$51,$0,$73,$1084,$15,$126,$-16,$223,$1307,$-2,$11,$-4,$7,$0,$0,$0,$-9,$-10,$-5,$0,$0,$-9,$69,$5,$74,$-3,$61,$-3,$0,$-3,$0,$0,$-1,$2,$-1,$55,$1,$-1
44,2007-09-30,17.26,$13.68,1.26,$22.29,0.77,$0.18,97.72,$0.22,79.09,$0.22B,$1.03B,0.21,$0.05B,$0.23B,0.22,$0.38B,$0.14B,37.07%,$0.38B,$0.01B,2.93%,$0.38B,$0.01B,2.93%,$0.38B,$0.02B,4.80%,$0.38B,$0.01B,1.87%,$0.38B,$0.01B,1.33%,$0.01B,$0.23B,2.14%,$0.01B,$0.18B,2.71%,$0.01B,$1.31B,0.38%,$0.01B,$0.28B,3.85%,$101,$74,$26,$0,$38,$113,$-12,$-1,$-13,$-5,$-8,$-8,$-8,$-9,$-12,$17,17,$-0.50,$-0.50,$8,$0,$0,$216,$0,$878,$52,$108,$1092,$1308,$1028,$51,$0,$51,$1079,$15,$129,$-12,$229,$1308,$0,$8,$-2,$6,$0,$0,$0,$-15,$-21,$-15,$0,$0,$-9,$59,$-41,$17,$0,$8,$-3,$0,$-3,$-0,$-0,$-1,$1,$-2,$-9,$1,$-1
45,2007-06-30,17.28,$14.09,1.23,$21.83,0.79,$1.74,9.93,$0.96,17.93,$0.22B,$1.02B,0.22,$0.05B,$0.24B,0.23,$0.37B,$0.15B,41.96%,$0.37B,$0.03B,8.17%,$0.37B,$0.03B,8.17%,$0.37B,$0.04B,10.08%,$0.37B,$0.03B,7.08%,$0.37B,$0.02B,4.63%,$0.02B,$0.24B,7.32%,$0.02B,$0.18B,9.21%,$0.02B,$1.31B,1.33%,$0.03B,$0.29B,10.52%,$100,$59,$41,$0,$34,$93,$7,$-1,$6,$2,$4,$4,$4,$10,$7,$17,17,$0.24,$0.24,$17,$0,$0,$221,$0,$882,$52,$96,$1085,$1307,$1018,$53,$0,$53,$1071,$15,$138,$-14,$236,$1307,$9,$5,$-1,$4,$0,$0,$0,$-14,$-15,$-2,$0,$0,$-8,$71,$-60,$11,$-1,$1,$0,$0,$0,$-0,$-0,$-0,$1,$1,$-0,$1,$-0
46,2007-03-31,18.3,$14.29,1.28,$21.41,0.85,$1.94,9.42,$0.87,20.97,$0.22B,$1.03B,0.22,$0.05B,$0.24B,0.22,$0.36B,$0.15B,42.46%,$0.36B,$0.03B,7.82%,$0.36B,$0.03B,7.82%,$0.36B,$0.04B,9.78%,$0.36B,$0.02B,6.70%,$0.36B,$0.02B,4.19%,$0.02B,$0.24B,6.67%,$0.02B,$0.19B,8.39%,$0.02B,$1.32B,1.22%,$0.03B,$0.29B,10.09%,$103,$59,$44,$0,$36,$95,$9,$-1,$8,$2,$5,$5,$5,$11,$9,$17,17,$0.27,$0.27,$11,$0,$0,$222,$0,$903,$47,$94,$1099,$1321,$1029,$53,$0,$53,$1082,$15,$134,$-7,$239,$1321,$5,$2,$3,$6,$0,$0,$0,$-5,$-7,$3,$0,$0,$-4,$70,$-69,$1,$-8,$-10,$0,$0,$0,$0,$0,$-0,$1,$1,$-6,$0,$-0
47,2006-12-31,18.44,$13.85,1.33,$20.59,0.9,$1.61,11.48,$0.85,21.81,$0.19B,$0.97B,0.19,$0.05B,$0.23B,0.23,$0.34B,$0.15B,42.40%,$0.34B,$0.03B,7.60%,$0.34B,$0.03B,7.60%,$0.34B,$0.03B,9.94%,$0.34B,$0.02B,6.43%,$0.34B,$0.01B,4.09%,$0.01B,$0.23B,6.44%,$0.01B,$0.19B,8.18%,$0.01B,$1.27B,1.17%,$0.03B,$0.28B,9.66%,$71,$43,$28,$0,$21,$64,$7,$-1,$6,$2,$4,$4,$4,$6,$7,$16,17,$0.22,$0.21,$18,$0,$0,$185,$0,$899,$46,$91,$1084,$1269,$967,$53,$0,$70,$1037,$15,$130,$-9,$231,$1269,$14,$8,$2,$11,$0,$0,$0,$-2,$-8,$17,$0,$0,$-16,$-21,$16,$-5,$-10,$-31,$3,$0,$3,$5,$5,$-1,$12,$19,$5,$2,$-1
