,Date,Stock Price,Book Value per Share,Price to Book Ratio,TTM Sales per Share,Price to Sales Ratio,TTM FCF per Share,Price to FCF Ratio,TTM Net EPS,PE Ratio,Current Assets,Current Liabilities,Current Ratio,Long Term Debt,Shareholder's Equity_x,Debt to Equity Ratio,TTM Revenue_x,TTM Gross Profit,Gross Margin,TTM Revenue_y,TTM Operating Income,Operating Margin,TTM Revenue_x,TTM EBIT,EBIT Margin,TTM Revenue_y,TTM EBITDA,EBITDA Margin,TTM Revenue_x,TTM Pre-Tax Income,Pre-Tax Margin,TTM Revenue_y,TTM Net Income_x,Net Margin,TTM Net Income_y,Shareholder's Equity_y,Return on Equity,TTM Net Income_x,Tangible Equity,Return on Tangible Equity,TTM Net Income_y,Total Assets,Return on Assets,TTM Net Income,LT Investments & Debt,Return on Investment,revenue,cost-goods-sold,gross-profit,research-development-expenses,selling-general-administrative-expenses,operating-expenses,operating-income,total-non-operating-income-expense,pre-tax-income,total-provision-income-taxes,income-after-taxes,income-from-continuous-operations,net-income,ebitda,ebit,basic-shares-outstanding,shares-outstanding,eps-basic-net-earnings-per-share,eps-earnings-per-share-diluted,cash-on-hand,inventory,other-current-assets,total-current-assets,net-property-plant-equipment,long-term-investments,goodwill-intangible-assets-total,other-long-term-assets,total-long-term-assets,total-assets,total-current-liabilities,long-term-debt,other-non-current-liabilities,total-long-term-liabilities,total-liabilities,common-stock-net,retained-earnings-accumulated-deficit,comprehensive-income,total-share-holder-equity,total-liabilities-share-holders-equity,net-income-loss,total-depreciation-amortization-cash-flow,other-non-cash-items,total-non-cash-items,change-in-accounts-receivable,change-in-inventories,change-in-accounts-payable,change-in-assets-liabilities,total-change-in-assets-liabilities,cash-flow-from-operating-activities,net-change-in-property-plant-equipment,net-change-in-intangible-assets,net-acquisitions-divestitures,net-change-in-short-term-investments,net-change-in-long-term-investments,net-change-in-investments-total,investing-activities-other,cash-flow-from-investing-activities,net-long-term-debt,net-current-debt,debt-issuance-retirement-net-total,net-common-equity-issued-repurchased,net-total-equity-issued-repurchased,total-common-preferred-stock-dividends-paid,financial-activities-other,cash-flow-from-financial-activities,net-cash-flow,stock-based-compensation,common-stock-dividends-paid
0,2018-06-30,62.67,$0.00,0.0,0,0.0,0,0.0,0,0.0,$0.94B,$1.20B,0.78,$1.95B,$-1.16B,-1.68,$0.00B,0,nan%,$0.00B,0,nan%,$0.00B,0,nan%,$0.00B,0,nan%,$0.00B,0,nan%,$0.00B,0,nan%,$0.00B,$-1.16B,0.00%,$0.00B,$-2.15B,0.00%,$0.00B,$3.15B,0.00%,$0.00B,$0.78B,0.00%,$0,$0,$0,$0,$0,$0,$0,$0,$0,$0,$0,$0,$0,$0,$0,$0,0,$0.00,$0.00,$233,$3,$22,$939,$0,$136,$989,$599,$1792,$3148,$1202,$1946,$140,$3108,$4310,$150,$1094,$0,$-1162,$3148,$234,$54,$0,$54,$0,$0,$0,$0,$-117,$286,$-16,$0,$-1,$0,$0,$-29,$-56,$-102,$0,$65,$65,$0,$-3,$-130,$-1,$-69,$102,$0,$0
1,2017-12-31,62.76,$0.00,0.0,0,0.0,0,0.0,0,0.0,$0.84B,$1.30B,0.64,$1.89B,$-0.85B,-2.22,$0.00B,0,nan%,$0.00B,0,nan%,$0.00B,0,nan%,$0.00B,0,nan%,$0.00B,0,nan%,$0.00B,0,nan%,$0.00B,$-0.85B,0.00%,$0.00B,$-2.32B,0.00%,$0.00B,$3.18B,0.00%,$0.00B,$1.04B,0.00%,$0,$0,$0,$0,$0,$0,$0,$0,$0,$0,$0,$0,$0,$0,$0,$0,0,$0.00,$0.00,$168,$3,$16,$839,$837,$141,$1467,$247,$2748,$3175,$1304,$1893,$672,$2722,$4026,$154,$1405,$0,$-851,$3175,$593,$139,$0,$139,$0,$0,$0,$0,$-27,$634,$-44,$0,$-38,$0,$0,$-10,$-171,$-263,$0,$153,$0,$0,$-3,$-593,$-3,$-446,$-59,$0,$0
2,2017-06-30,54.51,$0.00,0.0,0,0.0,0,0.0,0,0.0,$0.83B,$1.14B,0.73,$2.11B,$-1.10B,-1.92,$0.00B,0,nan%,$0.00B,0,nan%,$0.00B,0,nan%,$0.00B,0,nan%,$0.00B,0,nan%,$0.00B,0,nan%,$0.00B,$-1.10B,0.00%,$0.00B,$-2.47B,0.00%,$0.00B,$3.12B,0.00%,$0.00B,$1.01B,0.00%,$0,$0,$0,$0,$0,$0,$0,$0,$0,$0,$0,$0,$0,$0,$0,$0,0,$0.00,$0.00,$166,$3,$15,$828,$0,$157,$1373,$291,$1873,$3123,$1139,$2106,$699,$3081,$4220,$148,$1088,$0,$-1097,$3123,$219,$64,$0,$64,$0,$0,$0,$0,$-194,$251,$-22,$0,$-47,$0,$0,$-20,$-90,$-179,$0,$395,$395,$0,$-3,$-531,$-3,$-142,$-50,$0,$0
3,2016-12-31,43.28,$0.00,0.0,0,0.0,0,0.0,0,0.0,$0.78B,$1.13B,0.69,$1.61B,$-0.76B,-2.12,$0.00B,0,nan%,$0.00B,0,nan%,$0.00B,0,nan%,$0.00B,0,nan%,$0.00B,0,nan%,$0.00B,0,nan%,$0.00B,$-0.76B,0.00%,$0.00B,$-2.05B,0.00%,$0.00B,$2.93B,0.00%,$0.00B,$0.85B,0.00%,$0,$0,$0,$0,$0,$0,$0,$0,$0,$0,$0,$0,$0,$0,$0,$0,0,$0.00,$0.00,$206,$3,$20,$778,$807,$111,$1292,$279,$2537,$2927,$1134,$1606,$695,$2552,$3686,$141,$1392,$0,$-759,$2927,$417,$127,$0,$127,$0,$0,$0,$0,$78,$752,$-37,$0,$-14,$0,$0,$12,$-177,$-216,$0,$109,$144,$0,$-10,$-1693,$-6,$-1456,$-981,$0,$0
4,2015-12-31,38.29,$0.00,0.0,0,0.0,0,0.0,0,0.0,$1.61B,$1.37B,1.17,$1.24B,$0.32B,3.88,$0.00B,0,nan%,$0.00B,0,nan%,$0.00B,0,nan%,$0.00B,0,nan%,$0.00B,0,nan%,$0.00B,0,nan%,$0.00B,$0.32B,0.00%,$0.00B,$-0.91B,0.00%,$0.00B,$3.77B,0.00%,$0.00B,$1.56B,0.00%,$0,$0,$0,$0,$0,$0,$0,$0,$0,$0,$0,$0,$0,$0,$0,$0,0,$0.00,$0.00,$1137,$3,$0,$1606,$953,$136,$1226,$324,$2688,$3769,$1369,$1239,$707,$2081,$3450,$169,$2653,$0,$319,$3769,$1224,$96,$0,$96,$0,$0,$0,$0,$11,$628,$1235,$0,$-462,$0,$0,$-22,$-162,$589,$0,$-355,$458,$0,$-47,$-188,$22,$-110,$1043,$0,$0
5,2015-06-30,39.7,$0.00,0.0,0,0.0,0,0.0,0,0.0,$1.14B,$1.41B,0.81,$1.39B,$-0.50B,-2.81,$0.00B,0,nan%,$0.00B,0,nan%,$0.00B,0,nan%,$0.00B,0,nan%,$0.00B,0,nan%,$0.00B,0,nan%,$0.00B,$-0.50B,0.00%,$0.00B,$-1.61B,0.00%,$0.00B,$3.24B,0.00%,$0.00B,$0.90B,0.00%,$0,$0,$0,$0,$0,$0,$0,$0,$0,$0,$0,$0,$0,$0,$0,$0,0,$0.00,$0.00,$205,$3,$306,$1142,$0,$128,$1117,$318,$1634,$3235,$1406,$1390,$791,$2324,$3730,$179,$1841,$0,$-495,$3235,$368,$49,$0,$49,$0,$0,$0,$0,$0,$227,$-27,$0,$0,$0,$0,$0,$-167,$-194,$0,$-208,$-208,$0,$0,$-125,$375,$42,$44,$0,$0
6,2014-12-31,38.78,$0.00,0.0,0,0.0,0,0.0,0,0.0,$0.62B,$0.94B,0.66,$1.57B,$-0.72B,-2.19,$0.00B,0,nan%,$0.00B,0,nan%,$0.00B,0,nan%,$0.00B,0,nan%,$0.00B,0,nan%,$0.00B,0,nan%,$0.00B,$-0.72B,0.00%,$0.00B,$-1.36B,0.00%,$0.00B,$2.82B,0.00%,$0.00B,$0.85B,0.00%,$0,$0,$0,$0,$0,$0,$0,$0,$0,$0,$0,$0,$0,$0,$0,$0,0,$0.00,$0.00,$164,$3,$5,$624,$1371,$116,$643,$607,$2824,$2818,$943,$1569,$876,$2592,$3535,$178,$1636,$0,$-717,$2818,$392,$96,$0,$96,$0,$0,$0,$0,$774,$543,$123,$0,$0,$0,$0,$0,$0,$123,$0,$0,$0,$0,$-110,$-943,$317,$-736,$-79,$0,$0
7,2014-06-30,43.25,$0.00,0.0,$2.44,17.76,$2.15,20.08,$0.48,90.99,$0.90B,$0.77B,1.16,$1.33B,$-0.09B,-14.94,$0.48B,$0.28B,57.23%,$0.48B,$0.14B,28.51%,$0.48B,$0.14B,28.51%,$0.48B,$0.16B,33.68%,$0.48B,$0.12B,25.21%,$0.48B,$0.10B,19.63%,$0.10B,$-0.09B,66.67%,$0.10B,$-0.68B,-25.69%,$0.10B,$3.05B,3.02%,$0.14B,$1.24B,9.83%,$0,$0,$0,$0,$0,$0,$0,$0,$0,$0,$0,$0,$0,$0,$0,$0,0,$0.00,$0.00,$313,$3,$48,$899,$0,$115,$593,$254,$1059,$3047,$773,$1330,$788,$2363,$3136,$194,$2294,$0,$-89,$3047,$0,$0,$0,$0,$0,$0,$0,$0,$0,$0,$0,$0,$0,$0,$0,$0,$0,$0,$0,$0,$0,$0,$0,$0,$0,$0,$0,$0,$0
8,2013-12-31,34.32,$0.00,0.0,$4.60,7.45,$3.75,9.14,$1.28,26.89,$0.59B,$0.81B,0.72,$1.27B,$-0.07B,-17.15,$0.96B,$0.56B,58.73%,$0.96B,$0.30B,31.45%,$0.96B,$0.30B,31.45%,$0.96B,$0.35B,36.47%,$0.96B,$0.27B,28.42%,$0.96B,$0.27B,28.11%,$0.27B,$-0.07B,70.05%,$0.27B,$-0.59B,-292.39%,$0.27B,$2.95B,8.41%,$0.30B,$1.20B,20.54%,$0,$0,$0,$0,$0,$0,$0,$0,$0,$0,$0,$0,$0,$0,$0,$0,0,$0.00,$0.00,$135,$4,$12,$586,$0,$85,$518,$487,$1198,$2953,$814,$1269,$769,$2213,$3027,$189,$2334,$0,$-74,$2953,$374,$85,$0,$85,$0,$0,$0,$0,$60,$624,$301,$0,$-7,$0,$0,$0,$-119,$175,$0,$-1,$0,$0,$-322,$-534,$0,$-857,$-61,$0,$0
9,2013-06-30,26.75,$0.00,0.0,$6.91,3.87,$4.59,5.83,$1.87,14.28,$0.93B,$0.75B,1.23,$1.21B,$0.42B,2.9,$1.43B,$0.84B,58.63%,$1.43B,$0.47B,32.89%,$1.43B,$0.47B,32.89%,$1.43B,$0.54B,37.87%,$1.43B,$0.45B,31.56%,$1.43B,$0.39B,27.35%,$0.39B,$0.42B,67.30%,$0.39B,$-0.08B,313.25%,$0.39B,$3.33B,12.16%,$0.47B,$1.62B,31.46%,$0,$0,$0,$0,$0,$0,$0,$0,$0,$0,$0,$0,$0,$0,$0,$0,0,$0.00,$0.00,$401,$4,$0,$927,$0,$87,$491,$587,$1326,$3332,$754,$1206,$850,$2162,$2916,$172,$2819,$0,$416,$3332,$0,$0,$0,$0,$0,$0,$0,$0,$0,$0,$0,$0,$0,$0,$0,$0,$0,$0,$0,$0,$0,$0,$0,$0,$0,$0,$0,$0,$0
10,2012-12-31,26.7,$0.00,0.0,$8.93,2.99,$4.64,5.76,$2.63,10.16,$0.66B,$0.78B,0.85,$1.24B,$0.32B,3.92,$1.84B,$1.06B,57.93%,$1.84B,$0.59B,31.99%,$1.84B,$0.59B,31.99%,$1.84B,$0.68B,37.11%,$1.84B,$0.56B,30.30%,$1.84B,$0.54B,29.65%,$0.54B,$0.32B,82.58%,$0.54B,$-0.13B,242.05%,$0.54B,$3.26B,17.32%,$0.59B,$1.56B,40.72%,$484,$207,$277,$0,$114,$346,$138,$-16,$122,$27,$95,$95,$95,$163,$138,$199,199,$0.48,$0.48,$197,$4,$37,$660,$0,$84,$447,$812,$1547,$3263,$780,$1242,$831,$2166,$2946,$179,$2781,$0,$317,$3263,$545,$94,$0,$94,$0,$0,$0,$0,$-24,$472,$-44,$0,$0,$0,$0,$-5,$-79,$-128,$0,$0,$533,$0,$-181,$-679,$-2,$-329,$13,$0,$0
11,2012-09-30,27.0,$0.00,0.0,$8.68,3.11,$5.22,5.17,$2.77,9.76,$0.69B,$0.83B,0.83,$0.61B,$0.88B,0.7,$1.80B,$1.03B,57.27%,$1.80B,$0.59B,32.91%,$1.80B,$0.59B,32.91%,$1.80B,$0.69B,38.01%,$1.80B,$0.57B,31.47%,$1.80B,$0.58B,31.91%,$0.58B,$0.88B,80.06%,$0.58B,$0.43B,194.26%,$0.58B,$3.25B,18.74%,$0.59B,$1.49B,43.67%,$473,$188,$285,$0,$99,$310,$163,$-13,$150,$-25,$175,$174,$174,$186,$163,$214,218,$0.82,$0.80,$174,$4,$5,$692,$0,$83,$448,$480,$1213,$3250,$834,$610,$830,$1539,$2373,$179,$3308,$0,$877,$3250,$450,$69,$0,$69,$0,$0,$0,$0,$-174,$372,$-23,$0,$0,$0,$0,$-3,$-50,$-76,$0,$-99,$0,$0,$-36,$-174,$0,$-309,$-12,$0,$0
12,2012-06-30,24.59,$0.00,0.0,$8.82,2.79,$5.58,4.41,$2.84,8.67,$0.55B,$0.77B,0.71,$0.59B,$0.71B,0.83,$1.80B,$1.02B,56.63%,$1.80B,$0.64B,35.58%,$1.80B,$0.64B,35.58%,$1.80B,$0.73B,40.81%,$1.80B,$0.61B,34.02%,$1.80B,$0.58B,32.24%,$0.58B,$0.71B,93.27%,$0.58B,$0.27B,271.19%,$0.58B,$2.98B,19.40%,$0.64B,$1.30B,49.80%,$469,$195,$274,$0,$83,$301,$168,$10,$178,$57,$121,$121,$121,$191,$168,$200,203,$0.61,$0.60,$70,$4,$9,$548,$0,$90,$434,$431,$1100,$2984,$770,$588,$817,$1506,$2276,$170,$3176,$0,$708,$2984,$275,$46,$0,$46,$0,$0,$0,$0,$-110,$181,$-12,$0,$0,$0,$0,$0,$-32,$-44,$0,$-99,$0,$0,$7,$-113,$-45,$-250,$-112,$0,$0
13,2012-03-31,23.69,$0.00,0.0,$8.75,2.71,$5.22,4.54,$2.66,8.9,$0.61B,$0.77B,0.8,$0.69B,$0.73B,0.94,$1.78B,$1.01B,56.65%,$1.78B,$0.59B,32.96%,$1.78B,$0.59B,32.96%,$1.78B,$0.68B,38.35%,$1.78B,$0.54B,30.54%,$1.78B,$0.55B,30.60%,$0.55B,$0.73B,102.16%,$0.55B,$0.33B,385.16%,$0.55B,$3.07B,18.42%,$0.59B,$1.42B,46.96%,$409,$182,$227,$0,$86,$291,$118,$-12,$106,$-48,$154,$154,$154,$141,$118,$199,202,$0.77,$0.76,$150,$4,$11,$609,$0,$91,$407,$434,$1085,$3070,$765,$691,$780,$1572,$2337,$173,$3172,$0,$733,$3070,$154,$23,$0,$23,$0,$0,$0,$0,$-112,$20,$-9,$0,$0,$0,$0,$-1,$-10,$-20,$0,$0,$0,$0,$-34,$0,$0,$-34,$-32,$0,$0
14,2011-12-31,18.06,$0.00,0.0,$8.68,2.08,$5.10,3.54,$2.24,8.06,$0.58B,$0.86B,0.67,$0.67B,$0.56B,1.21,$1.77B,$1.00B,56.39%,$1.77B,$0.57B,32.13%,$1.77B,$0.57B,32.13%,$1.77B,$0.67B,37.73%,$1.77B,$0.53B,30.09%,$1.77B,$0.46B,26.02%,$0.46B,$0.56B,105.26%,$0.46B,$0.16B,825.11%,$0.46B,$2.97B,15.78%,$0.57B,$1.23B,47.35%,$451,$205,$246,$0,$79,$307,$144,$-11,$133,$7,$126,$126,$126,$167,$144,$199,207,$0.64,$0.61,$182,$4,$23,$578,$0,$87,$400,$435,$1028,$2968,$860,$670,$786,$1553,$2413,$162,$3035,$0,$555,$2968,$460,$99,$0,$99,$0,$0,$0,$0,$-60,$479,$87,$0,$0,$0,$0,$-91,$-34,$-38,$0,$-119,$0,$0,$-67,$-148,$0,$-334,$104,$0,$0
15,2011-09-30,16.14,$0.00,0.0,$6.51,2.48,$2.37,6.8,$1.63,9.9,$0.58B,$0.86B,0.68,$0.70B,$0.49B,1.44,$1.75B,$0.98B,55.88%,$1.75B,$0.52B,29.91%,$1.75B,$0.52B,29.91%,$1.75B,$0.63B,35.73%,$1.75B,$0.48B,27.28%,$1.75B,$0.38B,21.86%,$0.38B,$0.49B,103.23%,$0.38B,$0.10B,153200.00%,$0.38B,$2.92B,13.36%,$0.52B,$1.19B,45.17%,$467,$197,$270,$0,$36,$258,$209,$-15,$194,$16,$178,$178,$178,$234,$209,$199,202,$0.89,$0.87,$99,$4,$31,$583,$0,$74,$388,$398,$971,$2917,$855,$701,$786,$1575,$2430,$162,$2967,$0,$487,$2917,$334,$76,$0,$76,$0,$0,$0,$0,$-159,$290,$107,$0,$0,$0,$0,$-82,$-28,$-3,$0,$-112,$0,$0,$-50,$-102,$0,$-264,$21,$0,$0
16,2011-06-30,20.55,$0.00,0.0,$6.33,3.25,$2.38,8.65,$1.27,16.24,$0.49B,$0.85B,0.58,$0.80B,$0.36B,2.24,$1.71B,$0.94B,55.33%,$1.71B,$0.46B,26.79%,$1.71B,$0.46B,26.79%,$1.71B,$0.56B,32.88%,$1.71B,$0.41B,24.03%,$1.71B,$0.31B,18.05%,$0.31B,$0.36B,94.26%,$0.31B,$-0.01B,-855.56%,$0.31B,$2.88B,10.77%,$0.46B,$1.16B,40.02%,$454,$188,$266,$0,$125,$338,$116,$-5,$111,$24,$87,$87,$87,$141,$116,$199,203,$0.44,$0.42,$55,$4,$4,$490,$0,$80,$373,$418,$987,$2878,$845,$804,$776,$1674,$2519,$166,$-96,$0,$359,$2878,$156,$51,$0,$51,$0,$0,$0,$0,$-107,$113,$-18,$0,$0,$0,$0,$0,$12,$-6,$0,$-3,$0,$0,$-51,$-102,$0,$-156,$-50,$0,$0
17,2011-03-31,20.61,$0.00,0.0,$6.10,3.38,$2.63,7.83,$1.27,16.28,$0.48B,$0.84B,0.58,$0.88B,$0.35B,2.52,$1.66B,$0.91B,54.51%,$1.66B,$0.48B,29.06%,$1.66B,$0.48B,29.06%,$1.66B,$0.59B,35.44%,$1.66B,$0.43B,25.57%,$1.66B,$0.31B,18.53%,$0.31B,$0.35B,110.39%,$0.31B,$-0.02B,-420.48%,$0.31B,$2.90B,10.77%,$0.48B,$1.22B,43.04%,$396,$181,$215,$0,$90,$297,$99,$-5,$94,$25,$69,$69,$69,$125,$99,$198,202,$0.35,$0.34,$59,$4,$5,$484,$0,$46,$364,$415,$958,$2898,$835,$875,$750,$1716,$2551,$165,$2803,$0,$347,$2898,$69,$26,$0,$26,$0,$0,$0,$0,$-135,$-3,$-9,$0,$0,$0,$0,$0,$-19,$-28,$0,$70,$0,$0,$-53,$0,$0,$17,$-19,$0,$0
18,2010-12-31,19.3,$0.00,0.0,$5.97,3.23,$2.83,6.82,$1.18,16.38,$0.47B,$0.92B,0.51,$0.78B,$0.29B,2.67,$1.63B,$0.88B,53.75%,$1.63B,$0.47B,28.62%,$1.63B,$0.47B,28.62%,$1.63B,$0.57B,35.26%,$1.63B,$0.40B,24.39%,$1.63B,$0.29B,17.75%,$0.29B,$0.29B,120.79%,$0.29B,$-0.07B,-268.21%,$0.29B,$2.78B,10.14%,$0.47B,$1.07B,42.06%,$435,$207,$228,$0,$102,$335,$100,$-21,$79,$30,$49,$49,$49,$126,$100,$0,0,$0.00,$0.00,$78,$4,$13,$466,$0,$43,$358,$140,$620,$2776,$921,$776,$704,$1564,$2485,$155,$2788,$0,$291,$2776,$293,$108,$0,$108,$0,$0,$0,$0,$96,$462,$45,$0,$0,$0,$0,$24,$-33,$36,$0,$-292,$0,$0,$-34,$-121,$0,$-447,$38,$0,$0
19,2010-09-30,17.55,$0.00,0.0,$5.97,2.94,$2.83,6.2,$1.18,14.89,$0.49B,$1.04B,0.47,$0.81B,$0.31B,2.6,$1.61B,$0.75B,46.37%,$1.61B,$0.31B,19.40%,$1.61B,$0.31B,19.40%,$1.61B,$0.43B,26.35%,$1.61B,$0.24B,14.88%,$1.61B,$0.42B,25.73%,$0.42B,$0.31B,201.95%,$0.42B,$-0.05B,-294.33%,$0.42B,$2.89B,14.41%,$0.31B,$1.12B,27.60%,$421,$186,$235,$0,$66,$279,$142,$-16,$126,$23,$103,$103,$103,$169,$142,$198,198,$0.52,$0.51,$51,$4,$16,$486,$0,$44,$356,$152,$695,$2889,$1037,$806,$662,$1542,$2579,$153,$2773,$0,$310,$2889,$244,$82,$0,$82,$0,$0,$0,$0,$-12,$326,$63,$0,$0,$0,$0,$23,$-18,$68,$0,$-289,$0,$0,$13,$-84,$-23,$-383,$1,$0,$0
20,2010-06-30,15.22,$0.00,0.0,$5.82,2.62,$2.07,7.35,$1.00,15.16,$0.61B,$1.06B,0.57,$0.92B,$0.17B,5.45,$1.59B,$0.73B,45.51%,$1.59B,$0.27B,17.01%,$1.59B,$0.27B,17.01%,$1.59B,$0.38B,24.11%,$1.59B,$0.18B,11.36%,$1.59B,$0.38B,23.85%,$0.38B,$0.17B,321.35%,$0.38B,$-0.16B,-165.22%,$0.38B,$2.88B,13.17%,$0.27B,$1.08B,23.66%,$410,$182,$228,$0,$59,$268,$142,$-16,$126,$39,$87,$87,$87,$169,$142,$198,204,$0.44,$0.42,$48,$4,$132,$605,$0,$43,$331,$161,$621,$2880,$1056,$916,$640,$1656,$2712,$144,$2682,$0,$168,$2880,$141,$55,$0,$55,$0,$0,$0,$0,$-56,$181,$-33,$0,$0,$0,$0,$10,$-5,$-28,$0,$-48,$0,$0,$12,$-84,$-23,$-143,$8,$0,$0
21,2010-03-31,15.18,$0.00,0.0,$5.69,2.67,$1.73,8.8,$0.31,49.69,$0.46B,$0.98B,0.47,$0.98B,$0.19B,5.2,$1.56B,$0.70B,44.67%,$1.56B,$0.22B,14.31%,$1.56B,$0.22B,14.31%,$1.56B,$0.34B,21.50%,$1.56B,$-0.03B,-1.73%,$1.56B,$0.24B,15.21%,$0.24B,$0.19B,455.77%,$0.24B,$-0.16B,-76.89%,$0.24B,$2.86B,8.08%,$0.22B,$1.17B,18.53%,$362,$178,$184,$0,$74,$280,$82,$-16,$66,$14,$52,$50,$50,$110,$82,$198,198,$0.25,$0.25,$41,$4,$40,$458,$0,$44,$343,$154,$631,$2856,$982,$977,$596,$1686,$2668,$142,$2695,$0,$188,$2856,$54,$28,$0,$28,$0,$0,$0,$0,$-19,$28,$-1,$0,$0,$0,$0,$0,$0,$-1,$0,$0,$-12,$0,$-15,$0,$0,$-27,$1,$0,$0
22,2009-12-31,13.68,$0.00,0.0,$5.60,2.44,$1.50,9.14,$0.20,67.17,$0.42B,$1.05B,0.4,$1.02B,$0.16B,6.51,$1.54B,$0.68B,44.08%,$1.54B,$0.18B,11.90%,$1.54B,$0.18B,11.90%,$1.54B,$0.29B,18.99%,$1.54B,$-0.06B,-4.16%,$1.54B,$0.21B,13.91%,$0.21B,$0.16B,1316.92%,$0.21B,$-0.20B,-58.03%,$0.21B,$2.89B,7.13%,$0.18B,$1.17B,14.40%,$420,$319,$101,$0,$124,$473,$-53,$-25,$-78,$-255,$177,$177,$175,$-23,$-53,$0,0,$0.00,$0.00,$40,$4,$40,$419,$0,$45,$356,$142,$638,$2893,$1053,$1016,$550,$1684,$2737,$142,$2667,$0,$156,$2893,$214,$109,$0,$109,$0,$0,$0,$0,$59,$432,$-100,$0,$0,$0,$0,$-15,$1,$-114,$0,$-660,$411,$0,$5,$-118,$0,$-362,$-42,$0,$0
23,2009-09-30,12.3,$0.00,0.0,$5.60,2.2,$1.50,8.22,$0.20,60.39,$0.48B,$1.08B,0.44,$1.20B,$-0.04B,-30.74,$1.54B,$0.81B,52.70%,$1.54B,$0.33B,21.50%,$1.54B,$0.33B,21.50%,$1.54B,$0.42B,27.04%,$1.54B,$0.00B,0.20%,$1.54B,$0.05B,3.13%,$0.05B,$-0.04B,-197.94%,$0.05B,$-0.40B,-11.12%,$0.05B,$2.91B,1.57%,$0.33B,$1.16B,25.20%,$401,$189,$212,$0,$84,$301,$100,$-33,$67,$-1,$68,$68,$68,$128,$100,$197,203,$0.35,$0.34,$64,$4,$10,$477,$0,$46,$363,$174,$583,$2911,$1083,$1199,$545,$1867,$2950,$138,$-398,$0,$-39,$2911,$39,$79,$0,$79,$0,$0,$0,$0,$39,$337,$-92,$0,$0,$0,$0,$-15,$5,$-102,$0,$-154,$0,$0,$2,$-83,$0,$-235,$-18,$0,$0
24,2009-06-30,9.72,$0.00,0.0,$6.12,1.59,$2.69,3.61,$0.38,25.7,$0.60B,$1.10B,0.54,$1.42B,$-0.10B,-14.59,$1.62B,$0.87B,53.70%,$1.62B,$0.34B,20.68%,$1.62B,$0.34B,20.68%,$1.62B,$0.44B,27.10%,$1.62B,$0.03B,1.54%,$1.62B,$0.08B,4.94%,$0.08B,$-0.10B,1454.55%,$0.08B,$-0.48B,-18.11%,$0.08B,$3.08B,2.50%,$0.34B,$1.32B,23.38%,$375,$176,$199,$0,$79,$281,$94,$-176,$-82,$-24,$-58,$-58,$-56,$120,$94,$196,200,$-0.29,$-0.28,$109,$4,$50,$600,$0,$44,$379,$200,$623,$3077,$1102,$1415,$533,$2072,$3174,$137,$2460,$0,$-97,$3077,$-29,$51,$0,$51,$0,$0,$0,$0,$-34,$91,$-15,$0,$11,$0,$0,$0,$-24,$-28,$0,$0,$54,$0,$-1,$-83,$0,$-30,$27,$0,$0
25,2009-03-31,7.12,$0.00,0.0,$6.71,1.06,$3.67,1.94,$1.15,6.19,$0.78B,$1.05B,0.74,$1.39B,$0.05B,30.84,$1.75B,$0.96B,54.66%,$1.75B,$0.39B,22.36%,$1.75B,$0.39B,22.36%,$1.75B,$0.50B,28.47%,$1.75B,$0.25B,14.18%,$1.75B,$0.24B,13.55%,$0.24B,$0.05B,824.35%,$0.24B,$-0.40B,-50.83%,$0.24B,$3.13B,7.12%,$0.39B,$1.43B,25.30%,$342,$176,$166,$0,$99,$300,$42,$-13,$29,$8,$21,$21,$27,$67,$42,$195,196,$0.15,$0.15,$121,$4,$262,$780,$0,$42,$442,$208,$692,$3132,$1048,$1388,$514,$2039,$3087,$116,$-246,$0,$45,$3132,$27,$25,$0,$25,$0,$0,$0,$0,$-35,$-9,$-9,$0,$0,$0,$0,$0,$-1,$-10,$0,$66,$0,$0,$-1,$0,$0,$65,$39,$0,$0
26,2008-12-31,7.6,$0.00,0.0,$7.20,1.06,$3.88,1.96,$1.35,5.62,$0.54B,$1.14B,0.48,$1.33B,$-0.01B,-222.33,$1.85B,$1.03B,55.66%,$1.85B,$0.46B,24.81%,$1.85B,$0.46B,24.81%,$1.85B,$0.57B,30.85%,$1.85B,$0.30B,16.29%,$1.85B,$0.28B,15.05%,$0.28B,$-0.01B,511.93%,$0.28B,$-0.45B,-59.20%,$0.28B,$3.12B,8.00%,$0.46B,$1.33B,27.35%,$417,$185,$232,$0,$131,$323,$94,$-105,$-11,$-12,$1,$1,$9,$100,$94,$0,0,$0.00,$0.00,$82,$4,$46,$544,$0,$43,$445,$402,$890,$3118,$1141,$1334,$525,$1983,$3124,$118,$-84,$0,$-6,$3118,$262,$112,$0,$112,$0,$0,$0,$0,$123,$641,$-28,$0,$0,$0,$0,$55,$-52,$-25,$0,$-316,$0,$0,$-157,$-118,$0,$-591,$-23,$0,$0
27,2008-09-30,11.24,$0.00,0.0,$9.55,1.18,$5.60,2.01,$1.92,5.85,$0.74B,$1.28B,0.58,$1.57B,$0.08B,19.66,$1.91B,$1.03B,53.95%,$1.91B,$0.45B,23.42%,$1.91B,$0.45B,23.42%,$1.91B,$0.58B,30.37%,$1.91B,$0.40B,20.91%,$1.91B,$0.39B,20.13%,$0.39B,$0.08B,487.34%,$0.39B,$-0.44B,-81.22%,$0.39B,$3.47B,10.66%,$0.45B,$1.65B,24.78%,$486,$213,$273,$0,$121,$381,$105,$-16,$89,$0,$89,$100,$100,$152,$105,$195,195,$0.51,$0.51,$238,$4,$42,$742,$0,$46,$523,$397,$966,$3474,$1279,$1573,$402,$2115,$3394,$146,$-255,$0,$80,$3474,$254,$106,$0,$106,$0,$0,$0,$0,$83,$497,$-29,$0,$-7,$0,$0,$0,$57,$21,$0,$-128,$0,$0,$-154,$-86,$0,$-368,$133,$0,$0
28,2008-06-30,12.0,$0.00,0.0,$9.23,1.3,$4.20,2.86,$2.02,5.93,$0.70B,$1.23B,0.57,$1.77B,$-0.00B,-442.75,$1.87B,$1.01B,53.98%,$1.87B,$0.47B,25.04%,$1.87B,$0.47B,25.04%,$1.87B,$0.59B,31.23%,$1.87B,$0.42B,22.64%,$1.87B,$0.41B,21.89%,$0.41B,$-0.00B,650.79%,$0.41B,$-0.57B,-82.74%,$0.41B,$3.60B,11.31%,$0.47B,$1.77B,25.44%,$504,$219,$285,$0,$106,$354,$150,$-9,$141,$42,$99,$99,$101,$179,$150,$198,204,$0.51,$0.50,$165,$5,$45,$704,$0,$50,$570,$432,$1052,$3599,$1228,$1771,$444,$2375,$3603,$161,$-413,$0,$-4,$3599,$163,$59,$0,$59,$0,$0,$0,$0,$-8,$288,$-11,$0,$23,$0,$0,$0,$-22,$-10,$0,$11,$0,$0,$-139,$-86,$0,$-214,$60,$0,$0
29,2008-03-31,13.59,$0.00,0.0,$8.70,1.56,$3.11,4.37,$2.08,6.53,$0.81B,$1.20B,0.68,$1.83B,$0.15B,12.35,$1.82B,$0.98B,53.80%,$1.82B,$0.45B,24.75%,$1.82B,$0.45B,24.75%,$1.82B,$0.57B,31.19%,$1.82B,$0.42B,23.10%,$1.82B,$0.44B,23.98%,$0.44B,$0.15B,863.37%,$0.44B,$-0.42B,-87.37%,$0.44B,$3.76B,12.17%,$0.45B,$1.98B,24.49%,$447,$206,$242,$0,$101,$336,$111,$-28,$83,$24,$59,$69,$69,$141,$111,$200,200,$0.35,$0.35,$176,$6,$131,$813,$0,$67,$566,$370,$1003,$3760,$1203,$1832,$404,$2409,$3612,$162,$-71,$0,$148,$3760,$61,$30,$0,$30,$0,$0,$0,$0,$-53,$42,$-18,$0,$8,$0,$0,$0,$-10,$-20,$0,$75,$0,$0,$-24,$0,$0,$51,$73,$0,$0
30,2007-12-31,15.38,$0.00,0.0,$7.99,1.92,$3.01,5.1,$2.10,7.34,$0.71B,$1.22B,0.58,$1.74B,$0.09B,18.89,$1.75B,$0.93B,52.97%,$1.75B,$0.43B,24.29%,$1.75B,$0.43B,24.29%,$1.75B,$0.54B,30.91%,$1.75B,$0.44B,25.37%,$1.75B,$0.46B,26.23%,$0.46B,$0.09B,135.30%,$0.46B,$-0.46B,-228.07%,$0.46B,$3.62B,12.87%,$0.43B,$1.83B,23.01%,$476,$244,$232,$0,$124,$395,$82,$-5,$87,$-17,$104,$115,$115,$109,$82,$203,203,$0.57,$0.57,$104,$6,$126,$706,$0,$66,$554,$364,$984,$3616,$1221,$1739,$394,$2303,$3524,$162,$-48,$0,$92,$3616,$462,$116,$0,$116,$0,$0,$0,$0,$22,$464,$-114,$0,$82,$0,$0,$0,$-6,$-38,$0,$1107,$0,$0,$-248,$-1547,$0,$-688,$-254,$0,$0
31,2007-09-30,17.55,$0.00,0.0,$5.65,3.11,$1.29,13.62,$1.53,11.49,$0.68B,$1.26B,0.54,$1.78B,$0.02B,109.92,$1.71B,$0.91B,53.55%,$1.71B,$0.42B,24.87%,$1.71B,$0.42B,24.87%,$1.71B,$0.54B,31.85%,$1.71B,$0.43B,25.40%,$1.71B,$0.39B,23.11%,$0.39B,$0.02B,62.66%,$0.39B,$-0.53B,373.46%,$0.39B,$3.52B,11.14%,$0.42B,$1.80B,23.03%,$446,$194,$252,$0,$97,$319,$126,$-20,$113,$2,$111,$125,$125,$156,$126,$204,204,$0.61,$0.61,$156,$6,$53,$679,$0,$65,$546,$325,$936,$3523,$1261,$1778,$340,$2245,$3506,$162,$-137,$0,$16,$3523,$352,$89,$0,$89,$0,$0,$0,$0,$-16,$297,$-93,$0,$69,$0,$0,$0,$51,$26,$0,$0,$1166,$0,$-174,$-1528,$0,$-536,$-206,$0,$0
32,2007-06-30,21.78,$0.00,0.0,$5.24,4.16,$1.21,17.99,$2.33,9.34,$0.62B,$1.21B,0.51,$1.80B,$-0.05B,-33.56,$1.64B,$0.82B,50.06%,$1.64B,$0.35B,21.31%,$1.64B,$0.35B,21.31%,$1.64B,$0.47B,28.39%,$1.64B,$0.43B,26.19%,$1.64B,$0.57B,34.98%,$0.57B,$-0.05B,61.61%,$0.57B,$-0.59B,134.90%,$0.57B,$3.43B,15.96%,$0.35B,$1.75B,18.42%,$449,$197,$252,$0,$91,$318,$131,$6,$137,$20,$117,$117,$127,$161,$131,$232,232,$0.55,$0.55,$81,$6,$58,$617,$0,$66,$534,$343,$943,$3430,$1211,$1798,$343,$2273,$3484,$157,$-204,$0,$-54,$3430,$220,$60,$0,$60,$0,$0,$0,$0,$-69,$131,$-69,$0,$67,$0,$0,$0,$10,$8,$0,$0,$1199,$0,$-139,$-1481,$0,$-421,$-274,$0,$0
33,2007-03-31,25.9,$0.00,0.0,$4.94,5.24,$1.31,19.84,$2.81,9.21,$0.88B,$1.19B,0.73,$0.71B,$1.30B,0.55,$1.66B,$0.82B,49.28%,$1.66B,$0.37B,22.00%,$1.66B,$0.37B,22.00%,$1.66B,$0.48B,28.91%,$1.66B,$0.44B,26.44%,$1.66B,$0.75B,44.83%,$0.75B,$1.30B,60.56%,$0.75B,$0.77B,99.00%,$0.75B,$3.70B,20.20%,$0.37B,$2.02B,18.85%,$379,$188,$191,$0,$78,$293,$86,$21,$107,$20,$88,$88,$92,$115,$86,$248,248,$0.36,$0.36,$348,$6,$37,$875,$0,$63,$530,$375,$967,$3699,$1192,$713,$324,$1204,$2396,$135,$1215,$0,$1303,$3699,$92,$29,$0,$29,$0,$0,$0,$0,$-49,$41,$-35,$0,$25,$0,$0,$0,$-16,$-25,$0,$0,$107,$0,$-125,$0,$0,$-18,$-2,$0,$0
34,2006-12-31,26.18,$0.00,0.0,$4.80,5.46,$1.27,20.61,$2.75,9.5,$0.84B,$1.19B,0.71,$0.56B,$1.25B,0.45,$1.70B,$0.81B,47.54%,$1.70B,$0.36B,21.19%,$1.70B,$0.36B,21.19%,$1.70B,$0.48B,28.05%,$1.70B,$0.46B,26.76%,$1.70B,$0.75B,43.84%,$0.75B,$1.25B,53.92%,$0.75B,$0.77B,79.87%,$0.75B,$3.49B,19.11%,$0.36B,$1.81B,17.75%,$431,$213,$218,$0,$104,$350,$81,$-5,$76,$9,$66,$282,$50,$111,$81,$0,0,$0.00,$0.00,$330,$6,$66,$839,$0,$59,$485,$269,$813,$3489,$1185,$558,$335,$1054,$2239,$122,$1108,$0,$1250,$3489,$746,$118,$0,$118,$0,$0,$0,$0,$-39,$424,$-160,$0,$-11,$0,$0,$0,$1314,$1143,$0,$-317,$0,$0,$-494,$-1034,$-2,$-1847,$-267,$0,$0
