,Date,Stock Price,Book Value per Share,Price to Book Ratio,TTM Sales per Share,Price to Sales Ratio,TTM FCF per Share,Price to FCF Ratio,TTM Net EPS,PE Ratio,Current Assets,Current Liabilities,Current Ratio,Long Term Debt,Shareholder's Equity_x,Debt to Equity Ratio,TTM Revenue_x,TTM Gross Profit,Gross Margin,TTM Revenue_y,TTM Operating Income,Operating Margin,TTM Revenue_x,TTM EBIT,EBIT Margin,TTM Revenue_y,TTM EBITDA,EBITDA Margin,TTM Revenue_x,TTM Pre-Tax Income,Pre-Tax Margin,TTM Revenue_y,TTM Net Income_x,Net Margin,TTM Net Income_y,Shareholder's Equity_y,Return on Equity,TTM Net Income_x,Tangible Equity,Return on Tangible Equity,TTM Net Income_y,Total Assets,Return on Assets,TTM Net Income,LT Investments & Debt,Return on Investment,revenue,cost-goods-sold,gross-profit,research-development-expenses,selling-general-administrative-expenses,operating-expenses,operating-income,total-non-operating-income-expense,pre-tax-income,total-provision-income-taxes,income-after-taxes,income-from-continuous-operations,net-income,ebitda,ebit,basic-shares-outstanding,shares-outstanding,eps-basic-net-earnings-per-share,eps-earnings-per-share-diluted,cash-on-hand,inventory,other-current-assets,total-current-assets,net-property-plant-equipment,long-term-investments,goodwill-intangible-assets-total,other-long-term-assets,total-long-term-assets,total-assets,total-current-liabilities,long-term-debt,other-non-current-liabilities,total-long-term-liabilities,total-liabilities,common-stock-net,retained-earnings-accumulated-deficit,comprehensive-income,total-share-holder-equity,total-liabilities-share-holders-equity,net-income-loss,total-depreciation-amortization-cash-flow,other-non-cash-items,total-non-cash-items,change-in-accounts-receivable,change-in-inventories,change-in-accounts-payable,change-in-assets-liabilities,total-change-in-assets-liabilities,cash-flow-from-operating-activities,net-change-in-property-plant-equipment,net-change-in-intangible-assets,net-acquisitions-divestitures,net-change-in-short-term-investments,net-change-in-long-term-investments,net-change-in-investments-total,investing-activities-other,cash-flow-from-investing-activities,net-long-term-debt,net-current-debt,debt-issuance-retirement-net-total,net-common-equity-issued-repurchased,net-total-equity-issued-repurchased,total-common-preferred-stock-dividends-paid,financial-activities-other,cash-flow-from-financial-activities,net-cash-flow,stock-based-compensation,common-stock-dividends-paid
0,2018-09-30,35.88,$12.57,2.85,$23.53,1.52,$5.02,7.15,$1.89,18.98,$0.20B,$0.07B,2.72,$0.00B,$0.24B,0.0,$0.45B,$0.07B,15.67%,$0.45B,$0.04B,9.49%,$0.45B,$0.04B,9.49%,$0.45B,$0.06B,12.14%,$0.45B,$0.04B,9.49%,$0.45B,$0.04B,7.95%,$0.04B,$0.24B,15.95%,$0.04B,$0.22B,17.39%,$0.04B,$0.33B,12.20%,$0.04B,$0.24B,19.05%,$121,$102,$20,$0,$8,$109,$12,$0,$12,$3,$9,$9,$9,$15,$12,$19,19,$0.49,$0.48,$44,$94,$6,$195,$106,$0,$18,$10,$134,$330,$72,$0,$16,$16,$88,$19,$151,$-1,$242,$330,$36,$13,$-1,$12,$-11,$-12,$0,$1,$6,$54,$-18,$0,$-3,$0,$0,$0,$-0,$-22,$0,$0,$0,$1,$1,$-21,$0,$-20,$12,$2,$-21
1,2018-06-30,33.4,$12.09,2.76,$22.28,1.5,$3.19,10.46,$1.60,20.88,$0.16B,$0.04B,3.62,$0.00B,$0.23B,0.0,$0.43B,$0.06B,14.69%,$0.43B,$0.04B,8.62%,$0.43B,$0.04B,8.62%,$0.43B,$0.05B,11.42%,$0.43B,$0.04B,8.62%,$0.43B,$0.03B,7.23%,$0.03B,$0.23B,14.03%,$0.03B,$0.21B,15.27%,$0.03B,$0.29B,10.94%,$0.04B,$0.23B,16.74%,$127,$103,$24,$0,$8,$110,$17,$0,$17,$4,$13,$13,$13,$20,$17,$19,19,$0.67,$0.67,$45,$55,$5,$161,$103,$0,$18,$10,$131,$292,$44,$0,$17,$17,$61,$19,$142,$-1,$231,$292,$27,$10,$-1,$8,$-16,$27,$0,$0,$15,$50,$-12,$0,$-3,$0,$0,$0,$-0,$-16,$0,$0,$0,$-0,$-0,$-21,$0,$-21,$13,$1,$-21
2,2018-03-31,27.6,$11.44,2.41,$20.75,1.33,$1.52,18.12,$1.29,21.4,$0.14B,$0.04B,3.71,$0.00B,$0.22B,0.0,$0.40B,$0.06B,14.04%,$0.40B,$0.03B,7.52%,$0.40B,$0.03B,7.52%,$0.40B,$0.04B,10.53%,$0.40B,$0.03B,7.52%,$0.40B,$0.03B,6.27%,$0.03B,$0.22B,11.47%,$0.03B,$0.20B,12.44%,$0.03B,$0.27B,8.83%,$0.03B,$0.22B,13.76%,$107,$92,$15,$0,$7,$99,$8,$-0,$8,$2,$6,$6,$6,$11,$8,$19,19,$0.31,$0.31,$23,$63,$4,$141,$103,$0,$19,$10,$131,$273,$38,$0,$17,$17,$55,$19,$130,$-1,$218,$273,$14,$6,$-1,$5,$-10,$19,$0,$1,$5,$24,$-9,$0,$-3,$0,$0,$0,$-0,$-13,$0,$0,$0,$-0,$-0,$-20,$0,$-20,$-9,$1,$-20
3,2017-12-31,28.26,$11.14,2.54,$20.43,1.38,$1.10,25.81,$1.37,20.63,$0.15B,$0.06B,2.73,$0.00B,$0.21B,0.0,$0.39B,$0.06B,15.01%,$0.39B,$0.03B,8.40%,$0.39B,$0.03B,8.40%,$0.39B,$0.05B,11.45%,$0.39B,$0.03B,8.40%,$0.39B,$0.03B,6.62%,$0.03B,$0.21B,12.00%,$0.03B,$0.19B,12.97%,$0.03B,$0.29B,9.20%,$0.03B,$0.21B,15.22%,$98,$86,$12,$0,$6,$92,$6,$0,$6,$-2,$8,$8,$8,$9,$6,$19,19,$0.43,$0.42,$37,$71,$5,$153,$103,$0,$19,$10,$132,$285,$56,$0,$17,$17,$73,$19,$124,$-1,$212,$285,$8,$3,$-2,$1,$1,$11,$0,$1,$6,$15,$-6,$0,$-3,$0,$0,$0,$-0,$-10,$0,$0,$0,$0,$0,$0,$0,$0,$5,$0,$0
4,2017-09-30,25.13,$11.73,2.14,$20.23,1.24,$0.56,44.55,$1.18,21.3,$0.16B,$0.04B,3.79,$0.00B,$0.22B,0.0,$0.39B,$0.06B,15.42%,$0.39B,$0.03B,8.74%,$0.39B,$0.03B,8.74%,$0.39B,$0.05B,11.83%,$0.39B,$0.03B,8.74%,$0.39B,$0.02B,5.66%,$0.02B,$0.22B,10.23%,$0.02B,$0.21B,11.03%,$0.02B,$0.28B,7.79%,$0.03B,$0.22B,15.81%,$97,$85,$12,$0,$6,$91,$6,$0,$6,$2,$4,$4,$4,$9,$6,$19,19,$0.21,$0.19,$32,$82,$6,$160,$99,$0,$15,$9,$123,$283,$42,$0,$17,$17,$60,$19,$136,$-1,$223,$283,$23,$12,$4,$16,$7,$-11,$0,$-2,$-17,$21,$-21,$0,$0,$0,$0,$0,$-0,$-21,$0,$0,$0,$-1,$-1,$-26,$0,$-27,$-27,$2,$-26
5,2017-06-30,31.7,$11.52,2.75,$20.60,1.54,$2.83,11.18,$1.49,21.27,$0.17B,$0.06B,3.04,$0.00B,$0.22B,0.0,$0.40B,$0.07B,17.97%,$0.40B,$0.04B,10.89%,$0.40B,$0.04B,10.89%,$0.40B,$0.06B,13.92%,$0.40B,$0.04B,10.89%,$0.40B,$0.03B,7.09%,$0.03B,$0.22B,12.99%,$0.03B,$0.20B,14.02%,$0.03B,$0.29B,9.83%,$0.04B,$0.22B,19.95%,$97,$80,$17,$0,$6,$87,$10,$-0,$10,$4,$7,$7,$7,$13,$10,$19,19,$0.36,$0.36,$38,$84,$5,$169,$99,$0,$15,$9,$123,$292,$56,$0,$18,$18,$73,$19,$133,$-2,$219,$292,$19,$9,$4,$12,$5,$-12,$0,$-2,$-9,$22,$-17,$0,$0,$0,$0,$0,$-0,$-17,$0,$0,$0,$-1,$-1,$-25,$0,$-26,$-21,$1,$-25
6,2017-03-31,34.71,$11.18,3.11,$21.60,1.61,$4.49,7.73,$1.84,18.87,$0.15B,$0.04B,3.56,$0.00B,$0.21B,0.0,$0.41B,$0.08B,19.81%,$0.41B,$0.05B,13.04%,$0.41B,$0.05B,13.04%,$0.41B,$0.07B,15.94%,$0.41B,$0.05B,12.80%,$0.41B,$0.04B,8.45%,$0.04B,$0.21B,16.36%,$0.04B,$0.20B,17.68%,$0.04B,$0.27B,12.43%,$0.05B,$0.21B,25.23%,$101,$83,$18,$0,$7,$90,$11,$0,$11,$4,$7,$7,$7,$14,$11,$19,19,$0.39,$0.39,$40,$59,$3,$152,$95,$0,$15,$9,$119,$271,$43,$0,$16,$16,$59,$19,$126,$-2,$213,$271,$12,$6,$2,$7,$-2,$12,$0,$-0,$-2,$18,$-11,$0,$0,$0,$0,$0,$-0,$-11,$0,$0,$0,$-1,$-1,$-25,$0,$-25,$-19,$1,$-25
7,2016-12-31,34.2,$10.80,3.17,$21.99,1.56,$5.16,6.63,$1.83,18.69,$0.17B,$0.06B,2.69,$0.00B,$0.21B,0.0,$0.42B,$0.08B,19.76%,$0.42B,$0.05B,12.86%,$0.42B,$0.05B,12.86%,$0.42B,$0.07B,15.71%,$0.42B,$0.05B,12.62%,$0.42B,$0.04B,8.33%,$0.04B,$0.21B,16.63%,$0.04B,$0.19B,18.02%,$0.04B,$0.28B,12.65%,$0.05B,$0.21B,25.65%,$94,$81,$13,$0,$6,$87,$7,$0,$7,$2,$4,$4,$4,$10,$7,$19,19,$0.23,$0.23,$57,$62,$3,$166,$92,$0,$16,$8,$117,$283,$62,$0,$16,$16,$78,$19,$119,$-2,$205,$283,$4,$3,$1,$4,$3,$10,$0,$-0,$-5,$4,$-5,$0,$0,$0,$0,$0,$-0,$-6,$0,$0,$0,$-0,$-0,$0,$0,$-0,$-2,$0,$0
8,2016-09-30,33.63,$11.83,2.84,$22.00,1.53,$5.86,5.74,$1.96,17.16,$0.18B,$0.05B,3.36,$0.00B,$0.23B,0.0,$0.42B,$0.09B,20.57%,$0.42B,$0.06B,13.64%,$0.42B,$0.06B,13.64%,$0.42B,$0.07B,16.51%,$0.42B,$0.06B,13.40%,$0.42B,$0.04B,9.09%,$0.04B,$0.23B,18.40%,$0.04B,$0.21B,19.97%,$0.04B,$0.29B,13.96%,$0.06B,$0.23B,27.60%,$103,$81,$23,$0,$5,$88,$15,$-0,$15,$5,$10,$10,$10,$18,$15,$19,19,$0.53,$0.50,$59,$71,$3,$180,$88,$0,$16,$8,$112,$293,$54,$0,$15,$15,$68,$19,$139,$-2,$225,$293,$37,$12,$3,$15,$-1,$-5,$0,$1,$4,$56,$-13,$0,$0,$0,$0,$0,$-0,$-13,$0,$0,$0,$3,$3,$-21,$-0,$-18,$26,$2,$-21
9,2016-06-30,26.51,$11.27,2.35,$22.87,1.16,$5.29,5.01,$1.96,13.53,$0.17B,$0.05B,3.19,$0.00B,$0.21B,0.0,$0.43B,$0.09B,19.63%,$0.43B,$0.06B,12.93%,$0.43B,$0.06B,12.93%,$0.43B,$0.07B,15.94%,$0.43B,$0.06B,12.70%,$0.43B,$0.04B,8.78%,$0.04B,$0.21B,18.98%,$0.04B,$0.20B,20.68%,$0.04B,$0.28B,14.39%,$0.06B,$0.21B,27.97%,$116,$88,$28,$0,$7,$95,$21,$-0,$20,$7,$14,$14,$14,$24,$21,$19,19,$0.72,$0.71,$54,$64,$2,$169,$86,$0,$16,$8,$110,$279,$53,$0,$13,$13,$66,$19,$130,$-2,$213,$279,$27,$9,$1,$9,$-3,$2,$0,$2,$9,$46,$-9,$0,$0,$0,$0,$0,$-0,$-9,$0,$0,$0,$3,$3,$-20,$1,$-16,$21,$2,$-20
10,2016-03-31,28.32,$10.60,2.67,$23.04,1.23,$3.88,7.29,$1.54,18.39,$0.14B,$0.04B,3.63,$0.00B,$0.20B,0.0,$0.43B,$0.07B,16.82%,$0.43B,$0.04B,10.14%,$0.43B,$0.04B,10.14%,$0.43B,$0.06B,13.13%,$0.43B,$0.04B,9.91%,$0.43B,$0.03B,6.68%,$0.03B,$0.20B,14.89%,$0.03B,$0.18B,16.32%,$0.03B,$0.25B,11.31%,$0.04B,$0.20B,22.59%,$107,$89,$19,$0,$8,$97,$11,$-0,$11,$4,$7,$7,$7,$14,$11,$19,19,$0.38,$0.38,$36,$57,$3,$144,$84,$0,$17,$8,$108,$252,$40,$0,$13,$13,$53,$19,$117,$-2,$199,$252,$14,$6,$1,$7,$-2,$9,$0,$2,$3,$24,$-4,$0,$0,$0,$0,$0,$-0,$-4,$0,$0,$0,$3,$3,$-20,$1,$-16,$3,$1,$-20
11,2015-12-31,19.36,$10.18,1.9,$22.80,0.85,$2.51,7.7,$1.30,14.89,$0.16B,$0.06B,2.54,$0.00B,$0.19B,0.0,$0.43B,$0.06B,14.69%,$0.43B,$0.04B,8.16%,$0.43B,$0.04B,8.16%,$0.43B,$0.05B,11.19%,$0.43B,$0.04B,8.39%,$0.43B,$0.03B,5.83%,$0.03B,$0.19B,13.05%,$0.03B,$0.17B,14.35%,$0.03B,$0.27B,9.73%,$0.04B,$0.19B,18.04%,$92,$76,$16,$0,$6,$82,$10,$0,$10,$4,$7,$7,$7,$13,$10,$19,19,$0.36,$0.36,$46,$69,$3,$158,$83,$0,$17,$8,$108,$265,$62,$0,$14,$14,$76,$19,$110,$-2,$189,$265,$7,$3,$1,$4,$6,$-3,$0,$1,$2,$12,$-1,$0,$0,$0,$0,$0,$-0,$-1,$0,$0,$0,$1,$1,$-1,$0,$1,$12,$0,$-1
12,2015-09-30,14.17,$10.84,1.31,$23.78,0.6,$1.21,11.74,$1.16,12.21,$0.15B,$0.05B,3.3,$0.00B,$0.20B,0.0,$0.45B,$0.06B,13.17%,$0.45B,$0.03B,6.92%,$0.45B,$0.03B,6.92%,$0.45B,$0.04B,9.82%,$0.45B,$0.03B,7.14%,$0.45B,$0.02B,4.91%,$0.02B,$0.20B,11.58%,$0.02B,$0.18B,12.75%,$0.02B,$0.26B,8.70%,$0.03B,$0.20B,15.90%,$118,$96,$22,$0,$8,$104,$14,$0,$14,$5,$10,$10,$10,$18,$14,$18,19,$0.52,$0.50,$33,$66,$5,$151,$84,$0,$17,$8,$109,$260,$46,$0,$14,$14,$60,$18,$123,$-2,$200,$260,$22,$12,$0,$12,$4,$16,$0,$-1,$2,$36,$-3,$0,$-1,$0,$0,$0,$1,$-3,$0,$0,$0,$-0,$-0,$-2,$-0,$-3,$30,$2,$-2
13,2015-06-30,16.48,$10.35,1.59,$23.77,0.69,$0.58,28.6,$0.89,18.51,$0.13B,$0.04B,3.12,$0.00B,$0.19B,0.0,$0.45B,$0.05B,11.41%,$0.45B,$0.02B,5.15%,$0.45B,$0.02B,5.15%,$0.45B,$0.03B,7.61%,$0.45B,$0.03B,5.59%,$0.45B,$0.02B,3.80%,$0.02B,$0.19B,9.20%,$0.02B,$0.17B,10.16%,$0.02B,$0.25B,6.75%,$0.02B,$0.19B,12.12%,$117,$101,$16,$0,$6,$108,$9,$-1,$8,$3,$5,$5,$5,$12,$9,$18,19,$0.29,$0.29,$11,$71,$4,$134,$87,$0,$17,$10,$114,$249,$43,$0,$15,$15,$58,$18,$114,$-2,$191,$249,$12,$9,$0,$9,$3,$11,$0,$1,$-5,$16,$-7,$0,$-1,$0,$0,$0,$1,$-6,$0,$0,$0,$-0,$-0,$-2,$-0,$-2,$8,$2,$-2
14,2015-03-31,19.03,$10.08,1.89,$23.62,0.81,$0.94,20.31,$0.91,20.91,$0.14B,$0.04B,3.24,$0.01B,$0.19B,0.05,$0.44B,$0.05B,11.06%,$0.44B,$0.02B,4.97%,$0.44B,$0.02B,4.97%,$0.44B,$0.03B,7.45%,$0.44B,$0.03B,5.87%,$0.44B,$0.02B,4.06%,$0.02B,$0.19B,9.99%,$0.02B,$0.17B,10.76%,$0.02B,$0.25B,7.12%,$0.02B,$0.20B,11.88%,$102,$93,$9,$0,$6,$99,$2,$1,$4,$1,$3,$3,$3,$5,$2,$18,19,$0.14,$0.14,$6,$83,$5,$139,$87,$0,$18,$10,$115,$254,$43,$10,$15,$25,$68,$18,$109,$-2,$186,$254,$7,$6,$0,$6,$7,$-2,$0,$1,$-15,$-2,$-4,$0,$-1,$0,$0,$0,$1,$-4,$10,$0,$10,$-0,$-0,$-1,$0,$9,$3,$1,$-1
15,2014-12-31,20.71,$9.95,2.08,$23.12,0.9,$1.54,13.44,$0.96,21.58,$0.13B,$0.04B,3.33,$0.01B,$0.18B,0.06,$0.43B,$0.05B,12.04%,$0.43B,$0.03B,6.02%,$0.43B,$0.03B,6.02%,$0.43B,$0.04B,8.33%,$0.43B,$0.03B,6.25%,$0.43B,$0.02B,4.40%,$0.02B,$0.18B,10.83%,$0.02B,$0.17B,11.38%,$0.02B,$0.25B,7.73%,$0.03B,$0.19B,14.61%,$111,$99,$12,$0,$6,$104,$6,$-0,$6,$2,$4,$4,$4,$9,$6,$18,19,$0.23,$0.22,$0,$87,$5,$133,$91,$0,$17,$7,$115,$248,$40,$10,$15,$25,$65,$18,$107,$-2,$183,$248,$4,$3,$1,$4,$10,$-6,$0,$0,$-18,$-10,$-3,$0,$0,$0,$0,$0,$0,$-3,$10,$0,$10,$0,$0,$-1,$0,$9,$-3,$0,$-1
16,2014-09-30,18.04,$9.73,1.85,$21.93,0.82,$2.46,7.33,$0.89,20.27,$0.14B,$0.06B,2.26,$0.00B,$0.18B,0.0,$0.41B,$0.05B,12.01%,$0.41B,$0.02B,5.88%,$0.41B,$0.02B,5.88%,$0.41B,$0.03B,8.33%,$0.41B,$0.03B,6.13%,$0.41B,$0.02B,4.41%,$0.02B,$0.18B,10.56%,$0.02B,$0.16B,10.83%,$0.02B,$0.26B,7.55%,$0.02B,$0.18B,14.08%,$117,$103,$14,$0,$6,$112,$6,$1,$7,$2,$5,$5,$5,$8,$6,$18,19,$0.25,$0.24,$3,$82,$6,$143,$90,$0,$17,$7,$114,$257,$63,$0,$15,$15,$78,$18,$103,$-2,$179,$257,$17,$10,$0,$11,$-2,$-17,$0,$-1,$2,$29,$-9,$0,$-34,$0,$0,$0,$3,$-40,$0,$0,$0,$0,$0,$-2,$1,$-1,$-12,$3,$-2
17,2014-06-30,17.22,$9.48,1.82,$21.01,0.82,$3.11,5.53,$0.78,22.07,$0.16B,$0.06B,2.53,$0.00B,$0.17B,0.0,$0.39B,$0.04B,11.31%,$0.39B,$0.02B,5.40%,$0.39B,$0.02B,5.40%,$0.39B,$0.03B,8.23%,$0.39B,$0.02B,5.40%,$0.39B,$0.02B,3.86%,$0.02B,$0.17B,9.04%,$0.02B,$0.17B,9.06%,$0.02B,$0.25B,6.59%,$0.02B,$0.17B,12.65%,$113,$99,$14,$0,$6,$105,$8,$1,$9,$3,$6,$6,$6,$11,$8,$18,19,$0.32,$0.31,$31,$79,$6,$163,$81,$0,$0,$8,$89,$252,$64,$0,$14,$14,$79,$18,$99,$-2,$173,$252,$12,$8,$1,$9,$-6,$-20,$0,$-1,$1,$22,$-6,$0,$0,$0,$0,$0,$1,$-5,$0,$0,$0,$-0,$-0,$-2,$0,$-2,$16,$2,$-2
18,2014-03-31,17.21,$9.16,1.88,$20.19,0.85,$3.74,4.6,$0.65,26.48,$0.14B,$0.05B,3.07,$0.00B,$0.17B,0.0,$0.37B,$0.04B,10.99%,$0.37B,$0.02B,5.09%,$0.37B,$0.02B,5.09%,$0.37B,$0.03B,7.77%,$0.37B,$0.02B,4.56%,$0.37B,$0.01B,3.22%,$0.01B,$0.17B,7.40%,$0.01B,$0.17B,7.42%,$0.01B,$0.23B,5.49%,$0.02B,$0.17B,11.71%,$91,$80,$12,$0,$6,$86,$6,$-0,$5,$2,$4,$4,$4,$8,$6,$18,19,$0.19,$0.19,$19,$71,$5,$137,$81,$0,$0,$8,$90,$226,$45,$0,$14,$14,$59,$18,$94,$-2,$167,$226,$6,$5,$2,$7,$-0,$-13,$0,$-0,$-5,$8,$-3,$0,$0,$0,$0,$0,$-0,$-3,$0,$0,$0,$-0,$-0,$-1,$0,$-1,$4,$1,$-1
19,2013-12-31,19.85,$8.98,2.21,$19.82,1.0,$4.70,4.22,$0.66,30.08,$0.13B,$0.04B,3.07,$0.00B,$0.16B,0.0,$0.37B,$0.04B,10.96%,$0.37B,$0.02B,5.21%,$0.37B,$0.02B,5.21%,$0.37B,$0.03B,7.95%,$0.37B,$0.02B,4.93%,$0.37B,$0.01B,3.29%,$0.01B,$0.16B,7.55%,$0.01B,$0.16B,7.57%,$0.01B,$0.22B,5.62%,$0.02B,$0.16B,11.95%,$87,$78,$9,$0,$5,$83,$4,$-0,$4,$2,$3,$3,$3,$7,$4,$18,19,$0.15,$0.15,$19,$70,$5,$128,$83,$0,$0,$8,$92,$219,$42,$0,$14,$14,$56,$18,$91,$-2,$163,$219,$3,$2,$1,$3,$7,$-11,$0,$-0,$0,$6,$-2,$0,$0,$0,$0,$0,$-0,$-2,$0,$0,$0,$-0,$-0,$-1,$0,$-1,$4,$0,$-1
20,2013-09-30,14.04,$8.86,1.59,$19.87,0.71,$5.62,2.5,$0.64,21.94,$0.12B,$0.04B,3.24,$0.00B,$0.16B,0.0,$0.36B,$0.04B,10.99%,$0.36B,$0.02B,5.22%,$0.36B,$0.02B,5.22%,$0.36B,$0.03B,7.69%,$0.36B,$0.02B,4.95%,$0.36B,$0.01B,3.02%,$0.01B,$0.16B,7.10%,$0.01B,$0.16B,7.12%,$0.01B,$0.21B,5.29%,$0.02B,$0.16B,12.26%,$98,$90,$9,$0,$5,$95,$3,$-0,$3,$1,$2,$2,$2,$6,$3,$18,18,$0.12,$0.13,$15,$59,$6,$121,$83,$0,$2,$7,$91,$213,$37,$0,$14,$14,$52,$18,$89,$-2,$161,$213,$12,$10,$6,$16,$1,$7,$0,$-0,$9,$37,$-5,$0,$-2,$0,$0,$0,$1,$-6,$-11,$0,$-11,$3,$3,$-7,$0,$-15,$15,$2,$-7
21,2013-06-30,15.25,$8.71,1.75,$19.96,0.76,$4.19,3.64,$0.56,27.24,$0.12B,$0.05B,2.74,$0.00B,$0.16B,0.0,$0.36B,$0.04B,10.16%,$0.36B,$0.02B,4.67%,$0.36B,$0.02B,4.67%,$0.36B,$0.03B,7.14%,$0.36B,$0.02B,4.40%,$0.36B,$0.01B,2.75%,$0.01B,$0.16B,6.57%,$0.01B,$0.16B,6.57%,$0.01B,$0.22B,4.84%,$0.02B,$0.16B,10.97%,$97,$86,$11,$0,$5,$91,$6,$-0,$5,$2,$3,$3,$3,$8,$6,$18,18,$0.18,$0.18,$12,$69,$5,$123,$85,$0,$0,$8,$93,$216,$45,$0,$13,$13,$58,$18,$87,$-2,$158,$216,$9,$7,$4,$12,$5,$-3,$0,$-0,$11,$32,$-4,$0,$-2,$0,$0,$0,$1,$-6,$-11,$0,$-11,$3,$3,$-6,$-0,$-14,$12,$1,$-6
22,2013-03-31,14.18,$8.52,1.66,$19.92,0.71,$2.54,5.58,$0.43,32.99,$0.11B,$0.04B,2.86,$0.00B,$0.15B,0.0,$0.36B,$0.03B,8.86%,$0.36B,$0.01B,3.60%,$0.36B,$0.01B,3.60%,$0.36B,$0.02B,6.09%,$0.36B,$0.01B,3.32%,$0.36B,$0.01B,2.22%,$0.01B,$0.15B,5.33%,$0.01B,$0.15B,5.33%,$0.01B,$0.21B,3.87%,$0.01B,$0.15B,8.25%,$83,$72,$11,$0,$5,$77,$6,$0,$6,$2,$4,$4,$4,$8,$6,$18,18,$0.21,$0.20,$8,$66,$5,$113,$87,$0,$0,$6,$93,$206,$39,$0,$13,$13,$52,$18,$84,$-2,$154,$206,$6,$5,$4,$8,$9,$-0,$0,$-0,$12,$26,$-4,$0,$0,$0,$0,$0,$0,$-3,$-11,$0,$-11,$2,$2,$-6,$-0,$-15,$8,$1,$-6
23,2012-12-31,10.83,$8.30,1.3,$20.21,0.54,$1.74,6.22,$0.24,45.11,$0.10B,$0.04B,2.79,$0.00B,$0.15B,0.0,$0.37B,$0.03B,7.12%,$0.37B,$0.01B,1.92%,$0.37B,$0.01B,1.92%,$0.37B,$0.02B,4.66%,$0.37B,$0.01B,1.64%,$0.37B,$0.00B,1.10%,$0.00B,$0.15B,2.69%,$0.00B,$0.15B,2.69%,$0.00B,$0.20B,1.94%,$0.01B,$0.15B,4.43%,$86,$77,$9,$0,$5,$82,$4,$-0,$4,$1,$2,$2,$2,$6,$4,$18,18,$0.14,$0.13,$5,$56,$5,$102,$88,$0,$0,$6,$94,$196,$36,$0,$12,$12,$48,$18,$81,$-2,$147,$196,$2,$2,$2,$4,$7,$10,$0,$0,$17,$23,$-3,$0,$0,$0,$0,$0,$1,$-2,$-11,$0,$-11,$0,$0,$-5,$-0,$-17,$5,$0,$-5
24,2012-09-30,9.95,$8.44,1.18,$20.28,0.49,$0.49,20.46,$0.10,99.45,$0.12B,$0.04B,3.2,$0.01B,$0.15B,0.08,$0.36B,$0.02B,6.04%,$0.36B,$0.00B,0.55%,$0.36B,$0.00B,0.55%,$0.36B,$0.01B,3.57%,$0.36B,$0.00B,0.55%,$0.36B,$0.00B,0.55%,$0.00B,$0.15B,1.34%,$0.00B,$0.15B,1.34%,$0.00B,$0.21B,0.95%,$0.00B,$0.16B,1.23%,$98,$92,$6,$0,$5,$97,$1,$-0,$1,$0,$1,$1,$1,$4,$1,$18,18,$0.05,$0.05,$0,$66,$7,$115,$88,$0,$0,$6,$93,$209,$36,$11,$12,$23,$59,$18,$84,$-2,$150,$209,$2,$10,$2,$12,$-0,$11,$0,$-1,$-1,$13,$-8,$0,$0,$0,$0,$0,$-0,$-8,$-2,$0,$-2,$-0,$-0,$-2,$-0,$-5,$0,$2,$-2
25,2012-06-30,9.43,$8.43,1.12,$20.49,0.46,$-0.26,0.0,$0.10,94.28,$0.12B,$0.04B,3.24,$0.02B,$0.15B,0.13,$0.37B,$0.02B,6.58%,$0.37B,$0.00B,0.82%,$0.37B,$0.00B,0.82%,$0.37B,$0.01B,3.84%,$0.37B,$0.00B,0.82%,$0.37B,$0.00B,0.55%,$0.00B,$0.15B,1.35%,$0.00B,$0.15B,1.35%,$0.00B,$0.22B,0.95%,$0.00B,$0.17B,1.84%,$94,$87,$6,$0,$5,$92,$2,$-0,$1,$1,$1,$1,$1,$4,$2,$18,18,$0.05,$0.05,$0,$77,$5,$123,$87,$0,$0,$6,$93,$216,$38,$19,$10,$29,$67,$18,$84,$-2,$149,$216,$1,$7,$1,$9,$1,$-1,$0,$-0,$-8,$2,$-4,$0,$0,$0,$0,$0,$-0,$-5,$5,$0,$5,$0,$0,$-2,$-0,$3,$0,$1,$-2
26,2012-03-31,10.24,$8.40,1.22,$20.80,0.49,$-0.47,0.0,$0.25,40.97,$0.11B,$0.04B,2.84,$0.01B,$0.15B,0.05,$0.37B,$0.03B,8.38%,$0.37B,$0.01B,1.89%,$0.37B,$0.01B,1.89%,$0.37B,$0.02B,4.86%,$0.37B,$0.01B,1.89%,$0.37B,$0.01B,1.35%,$0.01B,$0.15B,3.38%,$0.01B,$0.15B,3.38%,$0.01B,$0.21B,2.36%,$0.01B,$0.16B,4.35%,$87,$82,$5,$0,$5,$87,$0,$0,$0,$0,$0,$0,$0,$3,$0,$18,18,$0.01,$0.01,$0,$69,$5,$111,$89,$0,$0,$6,$95,$205,$39,$8,$10,$18,$57,$18,$83,$-2,$148,$205,$0,$5,$1,$5,$5,$7,$0,$0,$6,$12,$-4,$0,$0,$0,$0,$0,$-0,$-4,$-6,$0,$-6,$0,$0,$-1,$-0,$-7,$0,$1,$-1
27,2011-12-31,9.24,$8.41,1.1,$20.86,0.44,$-1.17,0.0,$0.39,23.7,$0.11B,$0.04B,3.31,$0.02B,$0.15B,0.11,$0.37B,$0.04B,10.27%,$0.37B,$0.01B,3.24%,$0.37B,$0.01B,3.24%,$0.37B,$0.02B,5.95%,$0.37B,$0.01B,2.97%,$0.37B,$0.01B,2.16%,$0.01B,$0.15B,5.46%,$0.01B,$0.15B,5.46%,$0.01B,$0.21B,3.76%,$0.01B,$0.17B,7.47%,$85,$80,$5,$0,$5,$85,$-1,$0,$-0,$-0,$-0,$-0,$-0,$2,$-1,$18,18,$-0.01,$-0.01,$0,$73,$5,$114,$88,$0,$0,$5,$94,$208,$35,$16,$9,$25,$60,$18,$83,$-2,$148,$208,$-0,$2,$-0,$2,$6,$3,$0,$0,$-3,$-1,$-1,$0,$0,$0,$0,$0,$-0,$-1,$3,$0,$3,$0,$0,$-1,$0,$2,$0,$0,$-1
28,2011-09-30,8.45,$8.43,1.0,$19.03,0.44,$-1.39,0.0,$-0.04,0.0,$0.12B,$0.05B,2.62,$0.01B,$0.15B,0.09,$0.34B,$0.03B,9.79%,$0.34B,$0.00B,0.59%,$0.34B,$0.00B,0.59%,$0.34B,$0.01B,3.26%,$0.34B,$-0.00B,-0.30%,$0.34B,0,0.00%,$0.00B,$0.15B,0.00%,$0.00B,$0.15B,0.00%,$0.00B,$0.22B,0.00%,$0.00B,$0.16B,1.27%,$99,$91,$8,$0,$6,$97,$2,$-0,$2,$1,$1,$1,$1,$5,$2,$18,18,$0.06,$0.07,$0,$76,$4,$122,$89,$0,$0,$5,$94,$217,$47,$13,$8,$21,$68,$18,$84,$-2,$148,$217,$-0,$10,$5,$15,$-17,$-12,$0,$-1,$-17,$-3,$-5,$0,$-37,$0,$0,$0,$1,$-41,$1,$0,$1,$-0,$-0,$-2,$-0,$-2,$-46,$3,$-2
29,2011-06-30,10.49,$8.34,1.26,$16.59,0.63,$-0.29,0.0,$-0.18,0.0,$0.12B,$0.05B,2.39,$0.01B,$0.15B,0.09,$0.29B,$0.03B,9.18%,$0.29B,$-0.00B,-0.34%,$0.29B,$-0.00B,-0.34%,$0.29B,$0.01B,2.04%,$0.29B,$-0.01B,-2.04%,$0.29B,$-0.00B,-1.02%,$-0.00B,$0.15B,-2.08%,$-0.00B,$0.15B,-2.08%,$-0.00B,$0.22B,-1.50%,$-0.00B,$0.16B,-0.65%,$99,$86,$13,$0,$5,$93,$6,$-0,$5,$2,$4,$4,$4,$8,$6,$18,18,$0.21,$0.20,$2,$70,$6,$122,$90,$0,$0,$6,$96,$218,$51,$13,$7,$20,$71,$18,$84,$-2,$147,$218,$-1,$7,$5,$12,$-19,$-6,$0,$-2,$-11,$-0,$-6,$0,$-37,$0,$0,$0,$1,$-43,$0,$0,$0,$0,$0,$-1,$0,$-1,$-44,$2,$-1
30,2011-03-31,11.8,$8.12,1.45,$14.57,0.81,$0.70,16.86,$-0.29,0.0,$0.11B,$0.05B,2.39,$0.01B,$0.14B,0.09,$0.26B,$0.02B,8.56%,$0.26B,$-0.00B,-1.56%,$0.26B,$-0.00B,-1.56%,$0.26B,$0.00B,1.17%,$0.26B,$-0.01B,-3.11%,$0.26B,$-0.01B,-1.95%,$-0.01B,$0.14B,-3.45%,$-0.01B,$0.14B,-3.45%,$-0.01B,$0.21B,-2.61%,$-0.00B,$0.16B,-2.64%,$87,$75,$12,$0,$5,$82,$5,$-0,$4,$2,$3,$3,$3,$7,$5,$18,18,$0.15,$0.15,$4,$62,$5,$108,$93,$0,$0,$6,$99,$207,$45,$13,$6,$19,$64,$18,$81,$-2,$143,$207,$-5,$5,$2,$7,$-12,$3,$0,$-1,$-1,$0,$-5,$0,$-37,$0,$0,$0,$1,$-42,$0,$0,$0,$0,$0,$-1,$-0,$-1,$-42,$1,$-1
31,2010-12-31,10.4,$7.98,1.3,$12.65,0.82,$2.02,5.14,$-0.35,0.0,$0.09B,$0.03B,2.91,$0.01B,$0.14B,0.09,$0.22B,$0.02B,7.21%,$0.22B,$-0.01B,-3.15%,$0.22B,$-0.01B,-3.15%,$0.22B,$0.00B,0.00%,$0.22B,$-0.01B,-4.50%,$0.22B,$-0.01B,-2.70%,$-0.01B,$0.14B,-4.10%,$-0.01B,$0.14B,-4.10%,$-0.01B,$0.19B,-3.26%,$-0.01B,$0.15B,-4.68%,$52,$52,$-0,$0,$4,$64,$-11,$-0,$-12,$-4,$-8,$-8,$-8,$-9,$-11,$18,18,$-0.44,$-0.44,$3,$61,$0,$91,$92,$0,$0,$8,$99,$190,$31,$13,$6,$19,$50,$18,$79,$-2,$140,$190,$-8,$2,$-1,$2,$3,$3,$0,$-1,$1,$-5,$-1,$0,$-38,$0,$0,$0,$0,$-38,$0,$0,$0,$0,$0,$0,$0,$0,$-43,$1,$0
32,2010-09-30,7.46,$8.41,0.89,$12.03,0.62,$1.76,4.24,$0.02,372.86,$0.12B,$0.03B,4.43,$0.00B,$0.15B,0.0,$0.21B,$0.02B,8.53%,$0.21B,$0.00B,0.95%,$0.21B,$0.00B,0.95%,$0.21B,$0.01B,4.27%,$0.21B,0,0.00%,$0.21B,$0.00B,0.47%,$0.00B,$0.15B,0.68%,$0.00B,$0.15B,0.68%,$0.00B,$0.18B,0.56%,$0.00B,$0.15B,1.35%,$56,$54,$2,$0,$4,$58,$-1,$-1,$-3,$-1,$-2,$-2,$-2,$0,$-1,$17,18,$-0.08,$-0.08,$46,$44,$4,$119,$59,$0,$0,$5,$64,$183,$27,$0,$8,$8,$35,$18,$87,$-2,$148,$183,$0,$7,$3,$11,$-4,$-8,$0,$15,$2,$13,$-1,$0,$2,$0,$0,$0,$-0,$0,$0,$0,$0,$0,$0,$-2,$-0,$-2,$11,$2,$-2
33,2010-06-30,9.61,$8.49,1.13,$12.34,0.78,$2.25,4.28,$0.21,45.78,$0.12B,$0.03B,3.95,$0.00B,$0.15B,0.0,$0.22B,$0.03B,11.57%,$0.22B,$0.01B,3.70%,$0.22B,$0.01B,3.70%,$0.22B,$0.02B,7.41%,$0.22B,$0.01B,3.70%,$0.22B,$0.01B,2.31%,$0.01B,$0.15B,3.39%,$0.01B,$0.15B,3.39%,$0.01B,$0.19B,2.81%,$0.01B,$0.15B,5.42%,$62,$54,$8,$0,$4,$59,$3,$-0,$3,$2,$2,$2,$2,$5,$3,$17,18,$0.09,$0.09,$44,$42,$0,$117,$60,$0,$0,$6,$68,$185,$30,$0,$6,$6,$36,$18,$89,$-3,$149,$185,$2,$6,$3,$9,$-7,$-5,$0,$14,$2,$13,$-1,$0,$0,$0,$0,$0,$-0,$-2,$0,$0,$0,$0,$0,$-2,$-0,$-2,$9,$2,$-2
34,2010-03-31,8.82,$8.40,1.05,$12.12,0.73,$1.89,4.68,$0.02,441.12,$0.11B,$0.03B,4.33,$0.00B,$0.15B,0.0,$0.21B,$0.02B,8.53%,$0.21B,$0.00B,0.95%,$0.21B,$0.00B,0.95%,$0.21B,$0.01B,4.74%,$0.21B,$0.00B,0.95%,$0.21B,$0.00B,0.47%,$0.00B,$0.15B,0.68%,$0.00B,$0.15B,0.68%,$0.00B,$0.18B,0.57%,$0.00B,$0.15B,1.36%,$52,$46,$6,$0,$4,$50,$2,$-0,$2,$0,$2,$2,$2,$4,$2,$17,18,$0.09,$0.09,$52,$32,$0,$110,$62,$0,$0,$5,$69,$179,$25,$0,$6,$6,$31,$18,$88,$-3,$148,$179,$0,$4,$3,$7,$-2,$4,$0,$14,$12,$19,$-1,$0,$0,$0,$0,$0,$-0,$-1,$0,$0,$0,$0,$0,$-1,$0,$-1,$17,$1,$-1
35,2009-12-31,10.7,$8.32,1.29,$12.06,0.89,$-0.20,0.0,$-1.01,0.0,$0.10B,$0.02B,6.5,$0.00B,$0.15B,0.0,$0.21B,$-0.01B,-4.31%,$0.21B,$-0.03B,-11.96%,$0.21B,$-0.03B,-11.96%,$0.21B,$-0.02B,-8.13%,$0.21B,$-0.03B,-12.44%,$0.21B,$-0.02B,-8.13%,$-0.02B,$0.15B,-11.58%,$-0.02B,$0.15B,-11.58%,$-0.02B,$0.17B,-9.84%,$-0.03B,$0.15B,-17.04%,$41,$39,$2,$0,$4,$43,$-2,$0,$-2,$-1,$-1,$-1,$-1,$-0,$-2,$17,17,$-0.07,$-0.07,$24,$38,$0,$97,$63,$0,$0,$5,$70,$167,$15,$0,$6,$6,$21,$18,$87,$-3,$146,$167,$-1,$2,$2,$4,$4,$-2,$0,$0,$-13,$-10,$-0,$0,$0,$0,$0,$0,$-0,$-0,$0,$0,$0,$0,$0,$-1,$-0,$-1,$-11,$0,$-1
36,2009-09-30,9.81,$8.39,1.17,$13.26,0.74,$-0.58,0.0,$-1.26,0.0,$0.11B,$0.03B,3.8,$0.00B,$0.15B,0.0,$0.23B,$-0.02B,-6.52%,$0.23B,$-0.03B,-13.91%,$0.23B,$-0.03B,-13.91%,$0.23B,$-0.02B,-10.43%,$0.23B,$-0.03B,-14.35%,$0.23B,$-0.02B,-9.57%,$-0.02B,$0.15B,-14.55%,$-0.02B,$0.15B,-14.55%,$-0.02B,$0.18B,-12.29%,$-0.03B,$0.15B,-21.16%,$61,$52,$9,$0,$4,$56,$5,$-0,$5,$2,$3,$3,$2,$7,$5,$17,17,$0.10,$0.10,$35,$39,$0,$112,$64,$0,$0,$4,$70,$182,$29,$0,$5,$6,$35,$18,$88,$-3,$147,$182,$-22,$8,$30,$38,$28,$7,$0,$-14,$6,$22,$-2,$0,$0,$0,$0,$0,$0,$-2,$0,$0,$0,$0,$0,$-11,$-0,$-11,$9,$2,$-11
37,2009-06-30,6.75,$8.33,0.81,$15.74,0.43,$-0.17,0.0,$-0.46,0.0,$0.10B,$0.02B,4.75,$0.00B,$0.15B,0.0,$0.28B,$0.01B,1.82%,$0.28B,$-0.01B,-4.36%,$0.28B,$-0.01B,-4.36%,$0.28B,$-0.00B,-1.45%,$0.28B,$-0.01B,-5.09%,$0.28B,$-0.01B,-3.27%,$-0.01B,$0.15B,-5.73%,$-0.01B,$0.15B,-5.73%,$-0.01B,$0.17B,-4.72%,$-0.01B,$0.15B,-7.64%,$57,$56,$1,$0,$4,$60,$-3,$-0,$-3,$-1,$-2,$-2,$-2,$-1,$-3,$17,17,$-0.10,$-0.10,$22,$35,$0,$100,$65,$0,$0,$4,$73,$172,$21,$0,$5,$5,$26,$18,$87,$-2,$146,$172,$-24,$6,$27,$33,$25,$10,$0,$-15,$-3,$7,$-2,$0,$0,$0,$0,$0,$0,$-1,$0,$0,$0,$0,$0,$-10,$-0,$-10,$-5,$1,$-10
38,2009-03-31,5.68,$8.43,0.67,$18.44,0.31,$0.60,9.55,$0.61,9.31,$0.10B,$0.02B,5.91,$0.00B,$0.15B,0.0,$0.32B,$0.04B,10.87%,$0.32B,$0.02B,5.28%,$0.32B,$0.02B,5.28%,$0.32B,$0.03B,7.76%,$0.32B,$0.02B,4.66%,$0.32B,$0.01B,3.11%,$0.01B,$0.15B,6.20%,$0.01B,$0.15B,6.20%,$0.01B,$0.17B,4.95%,$0.02B,$0.15B,10.54%,$50,$71,$-21,$0,$4,$76,$-25,$-0,$-26,$-9,$-16,$-16,$-16,$-23,$-25,$17,17,$-0.94,$-0.94,$0,$55,$0,$95,$67,$0,$0,$4,$75,$170,$16,$0,$5,$6,$22,$18,$89,$-2,$148,$170,$-22,$4,$24,$28,$26,$-7,$0,$-14,$-23,$-17,$-1,$0,$0,$0,$0,$0,$1,$-1,$0,$0,$0,$0,$0,$-10,$-0,$-9,$-26,$1,$-10
39,2008-12-31,9.17,$9.38,0.98,$19.91,0.46,$2.64,3.47,$1.94,4.73,$0.12B,$0.02B,5.17,$0.00B,$0.16B,0.0,$0.35B,$0.07B,20.63%,$0.35B,$0.05B,15.19%,$0.35B,$0.05B,15.19%,$0.35B,$0.06B,17.48%,$0.35B,$0.05B,14.90%,$0.35B,$0.03B,9.46%,$0.03B,$0.16B,20.53%,$0.03B,$0.16B,20.53%,$0.03B,$0.19B,15.96%,$0.05B,$0.16B,32.97%,$62,$66,$-4,$0,$5,$71,$-9,$-0,$-9,$-3,$-6,$-6,$-6,$-7,$-9,$17,17,$-0.33,$-0.33,$1,$82,$0,$116,$68,$0,$0,$4,$76,$192,$22,$0,$6,$6,$28,$18,$106,$-2,$164,$192,$-6,$2,$8,$10,$24,$-18,$0,$-4,$-20,$-16,$-1,$0,$0,$0,$0,$0,$1,$-0,$0,$0,$0,$0,$0,$-9,$0,$-9,$-25,$0,$-9
40,2008-09-30,11.01,$9.70,1.13,$19.97,0.55,$4.28,2.57,$2.49,4.42,$0.15B,$0.05B,2.85,$0.00B,$0.17B,0.0,$0.35B,$0.09B,24.65%,$0.35B,$0.07B,19.55%,$0.35B,$0.07B,19.55%,$0.35B,$0.08B,21.53%,$0.35B,$0.07B,19.26%,$0.35B,$0.04B,12.18%,$0.04B,$0.17B,27.56%,$0.04B,$0.17B,27.56%,$0.04B,$0.23B,21.26%,$0.07B,$0.17B,44.23%,$106,$77,$29,$0,$5,$82,$25,$-0,$24,$9,$16,$16,$15,$27,$25,$18,18,$0.86,$0.85,$26,$71,$0,$150,$69,$0,$0,$5,$78,$228,$53,$0,$5,$6,$58,$18,$112,$-2,$170,$228,$44,$8,$2,$10,$-15,$-24,$0,$4,$-17,$37,$-9,$0,$0,$0,$0,$0,$1,$-8,$0,$0,$0,$-9,$-9,$-2,$0,$-11,$18,$2,$-2
41,2008-06-30,14.31,$9.32,1.54,$18.03,0.79,$2.76,5.18,$1.87,7.65,$0.14B,$0.05B,2.76,$0.00B,$0.16B,0.0,$0.32B,$0.07B,22.12%,$0.32B,$0.05B,16.20%,$0.32B,$0.05B,16.20%,$0.32B,$0.06B,18.38%,$0.32B,$0.05B,16.20%,$0.32B,$0.03B,10.28%,$0.03B,$0.16B,22.07%,$0.03B,$0.16B,22.07%,$0.03B,$0.22B,17.48%,$0.05B,$0.16B,34.78%,$104,$73,$31,$0,$4,$78,$26,$-0,$26,$9,$17,$17,$17,$28,$26,$17,17,$0.98,$0.97,$17,$73,$0,$138,$70,$0,$0,$6,$80,$218,$50,$0,$5,$5,$56,$17,$106,$-2,$163,$218,$28,$6,$1,$7,$-11,$-26,$0,$3,$-9,$27,$-8,$0,$0,$0,$0,$0,$1,$-8,$0,$0,$0,$-9,$-9,$-2,$-0,$-10,$9,$1,$-2
42,2008-03-31,9.07,$8.36,1.09,$16.37,0.55,$1.56,5.81,$1.35,6.72,$0.11B,$0.04B,2.87,$0.00B,$0.15B,0.0,$0.30B,$0.06B,19.26%,$0.30B,$0.04B,13.18%,$0.30B,$0.04B,13.18%,$0.30B,$0.05B,15.54%,$0.30B,$0.04B,13.18%,$0.30B,$0.02B,8.11%,$0.02B,$0.15B,16.67%,$0.02B,$0.15B,16.67%,$0.02B,$0.19B,13.35%,$0.04B,$0.15B,27.08%,$77,$61,$16,$0,$5,$67,$11,$0,$11,$4,$7,$7,$7,$13,$11,$18,18,$0.40,$0.39,$18,$55,$0,$109,$70,$0,$0,$6,$80,$189,$38,$0,$5,$5,$43,$17,$90,$-2,$146,$189,$11,$4,$1,$5,$1,$-8,$0,$3,$8,$24,$-6,$0,$0,$0,$0,$0,$1,$-5,$0,$0,$0,$-9,$-9,$-1,$0,$-10,$9,$1,$-1
43,2007-12-31,9.13,$8.03,1.14,$16.08,0.57,$-0.20,0.0,$1.23,7.42,$0.09B,$0.02B,3.93,$0.00B,$0.15B,0.0,$0.29B,$0.05B,18.03%,$0.29B,$0.04B,12.24%,$0.29B,$0.04B,12.24%,$0.29B,$0.04B,14.29%,$0.29B,$0.04B,12.24%,$0.29B,$0.02B,7.48%,$0.02B,$0.15B,15.63%,$0.02B,$0.15B,15.63%,$0.02B,$0.17B,12.64%,$0.04B,$0.15B,25.40%,$66,$55,$11,$0,$4,$59,$7,$0,$7,$2,$4,$4,$4,$8,$7,$18,18,$0.23,$0.23,$18,$45,$0,$92,$71,$0,$0,$7,$82,$174,$23,$0,$5,$5,$29,$18,$83,$-2,$145,$174,$4,$2,$0,$2,$9,$2,$0,$2,$11,$17,$-5,$0,$0,$0,$0,$0,$-0,$-5,$0,$0,$0,$-3,$-3,$-1,$0,$-3,$9,$0,$-1
44,2007-09-30,11.92,$7.86,1.52,$16.27,0.73,$-0.80,0.0,$1.32,9.03,$0.10B,$0.03B,3.88,$0.00B,$0.14B,0.0,$0.30B,$0.06B,18.79%,$0.30B,$0.04B,12.75%,$0.30B,$0.04B,12.75%,$0.30B,$0.05B,15.10%,$0.30B,$0.04B,12.75%,$0.30B,$0.02B,8.05%,$0.02B,$0.14B,17.58%,$0.02B,$0.14B,17.58%,$0.02B,$0.17B,13.85%,$0.04B,$0.14B,27.64%,$74,$62,$13,$0,$5,$66,$8,$-0,$8,$3,$5,$5,$5,$10,$8,$18,18,$0.28,$0.28,$9,$47,$0,$95,$67,$0,$0,$7,$78,$174,$25,$0,$5,$5,$30,$18,$80,$-2,$144,$174,$24,$6,$3,$10,$3,$-1,$0,$-2,$-17,$17,$-16,$0,$0,$0,$0,$0,$-1,$-17,$0,$0,$0,$0,$0,$-2,$0,$-2,$-2,$1,$-2
45,2007-06-30,13.95,$7.71,1.81,$16.67,0.84,$0.58,24.09,$1.59,8.77,$0.10B,$0.04B,2.73,$0.00B,$0.14B,0.0,$0.31B,$0.06B,19.93%,$0.31B,$0.04B,14.38%,$0.31B,$0.04B,14.38%,$0.31B,$0.05B,16.34%,$0.31B,$0.04B,14.38%,$0.31B,$0.03B,9.48%,$0.03B,$0.14B,22.14%,$0.03B,$0.14B,22.14%,$0.03B,$0.18B,16.91%,$0.04B,$0.14B,33.33%,$79,$62,$17,$0,$4,$66,$13,$-0,$13,$5,$8,$8,$8,$15,$13,$18,18,$0.46,$0.45,$6,$60,$0,$103,$65,$0,$0,$10,$78,$182,$38,$0,$3,$3,$41,$18,$75,$0,$141,$182,$19,$4,$1,$6,$2,$-13,$0,$0,$-14,$10,$-13,$0,$0,$0,$0,$0,$-1,$-14,$0,$0,$0,$0,$0,$-1,$0,$-1,$-4,$1,$-1
46,2007-03-31,12.99,$7.27,1.79,$17.38,0.75,$2.04,6.38,$1.57,8.27,$0.09B,$0.03B,3.51,$0.00B,$0.13B,0.03,$0.32B,$0.06B,19.44%,$0.32B,$0.05B,14.42%,$0.32B,$0.05B,14.42%,$0.32B,$0.05B,15.99%,$0.32B,$0.05B,14.11%,$0.32B,$0.03B,9.09%,$0.03B,$0.13B,23.48%,$0.03B,$0.13B,23.48%,$0.03B,$0.17B,17.55%,$0.05B,$0.14B,36.95%,$75,$62,$12,$0,$5,$67,$8,$-0,$8,$3,$5,$5,$5,$9,$8,$18,18,$0.27,$0.27,$0,$51,$0,$91,$62,$0,$0,$10,$75,$166,$26,$4,$3,$7,$33,$18,$67,$0,$133,$166,$11,$3,$1,$3,$1,$-5,$0,$-1,$-20,$-6,$-7,$0,$0,$0,$0,$0,$-1,$-8,$4,$0,$4,$0,$0,$-1,$0,$4,$-11,$1,$-1
47,2006-12-31,13.74,$7.02,1.96,$17.62,0.78,$3.68,3.74,$1.70,8.08,$0.10B,$0.04B,2.5,$0.00B,$0.13B,0.0,$0.32B,$0.07B,20.68%,$0.32B,$0.05B,15.74%,$0.32B,$0.05B,15.74%,$0.32B,$0.06B,17.28%,$0.32B,$0.05B,15.12%,$0.32B,$0.03B,9.57%,$0.03B,$0.13B,26.67%,$0.03B,$0.13B,26.67%,$0.03B,$0.17B,19.11%,$0.05B,$0.13B,43.59%,$70,$56,$14,$0,$4,$60,$9,$0,$9,$4,$6,$6,$6,$11,$9,$18,18,$0.32,$0.32,$12,$57,$0,$100,$58,$0,$0,$9,$71,$171,$40,$0,$3,$3,$43,$18,$63,$0,$128,$171,$6,$1,$0,$2,$8,$-10,$0,$1,$-3,$4,$-3,$0,$0,$0,$0,$0,$-0,$-3,$0,$0,$0,$0,$0,$-1,$0,$-0,$1,$0,$-1
