,Date,Stock Price,Book Value per Share,Price to Book Ratio,TTM Sales per Share,Price to Sales Ratio,TTM FCF per Share,Price to FCF Ratio,TTM Net EPS,PE Ratio,Current Assets,Current Liabilities,Current Ratio,Long Term Debt,Shareholder's Equity_x,Debt to Equity Ratio,TTM Revenue_x,TTM Gross Profit,Gross Margin,TTM Revenue_y,TTM Operating Income,Operating Margin,TTM Revenue_x,TTM EBIT,EBIT Margin,TTM Revenue_y,TTM EBITDA,EBITDA Margin,TTM Revenue_x,TTM Pre-Tax Income,Pre-Tax Margin,TTM Revenue_y,TTM Net Income_x,Net Margin,TTM Net Income_y,Shareholder's Equity_y,Return on Equity,TTM Net Income_x,Tangible Equity,Return on Tangible Equity,TTM Net Income_y,Total Assets,Return on Assets,TTM Net Income,LT Investments & Debt,Return on Investment,revenue,cost-goods-sold,gross-profit,research-development-expenses,selling-general-administrative-expenses,operating-expenses,operating-income,total-non-operating-income-expense,pre-tax-income,total-provision-income-taxes,income-after-taxes,income-from-continuous-operations,net-income,ebitda,ebit,basic-shares-outstanding,shares-outstanding,eps-basic-net-earnings-per-share,eps-earnings-per-share-diluted,cash-on-hand,inventory,other-current-assets,total-current-assets,net-property-plant-equipment,long-term-investments,goodwill-intangible-assets-total,other-long-term-assets,total-long-term-assets,total-assets,total-current-liabilities,long-term-debt,other-non-current-liabilities,total-long-term-liabilities,total-liabilities,common-stock-net,retained-earnings-accumulated-deficit,comprehensive-income,total-share-holder-equity,total-liabilities-share-holders-equity,net-income-loss,total-depreciation-amortization-cash-flow,other-non-cash-items,total-non-cash-items,change-in-accounts-receivable,change-in-inventories,change-in-accounts-payable,change-in-assets-liabilities,total-change-in-assets-liabilities,cash-flow-from-operating-activities,net-change-in-property-plant-equipment,net-change-in-intangible-assets,net-acquisitions-divestitures,net-change-in-short-term-investments,net-change-in-long-term-investments,net-change-in-investments-total,investing-activities-other,cash-flow-from-investing-activities,net-long-term-debt,net-current-debt,debt-issuance-retirement-net-total,net-common-equity-issued-repurchased,net-total-equity-issued-repurchased,total-common-preferred-stock-dividends-paid,financial-activities-other,cash-flow-from-financial-activities,net-cash-flow,stock-based-compensation,common-stock-dividends-paid
0,2018-09-30,10.09,$7.63,1.32,$18.41,0.55,$1.44,7.02,$0.40,25.23,$0.68B,$0.43B,1.58,$0.23B,$0.69B,0.34,$1.66B,$0.27B,15.93%,$1.66B,$0.07B,4.03%,$1.66B,$0.07B,4.03%,$1.66B,$0.18B,11.06%,$1.66B,$0.08B,4.69%,$1.66B,$0.05B,3.06%,$0.05B,$0.69B,7.64%,$0.05B,$0.61B,8.66%,$0.05B,$1.46B,3.65%,$0.07B,$0.92B,7.41%,$416,$351,$66,$1,$49,$401,$16,$10,$25,$10,$16,$16,$16,$46,$16,$90,90,$0.17,$0.17,$252,$32,$29,$676,$415,$170,$77,$115,$779,$1455,$429,$234,$57,$338,$768,$230,$143,$-1,$687,$1455,$19,$61,$-2,$59,$18,$-17,$33,$8,$38,$116,$-24,$0,$0,$0,$3,$3,$-0,$-21,$-28,$0,$-28,$0,$0,$-5,$-1,$-35,$60,$0,$-5
1,2018-06-30,10.03,$7.34,1.37,$17.99,0.56,$0.63,15.93,$0.48,20.9,$0.63B,$0.39B,1.61,$0.24B,$0.69B,0.34,$1.63B,$0.26B,15.81%,$1.63B,$0.06B,3.81%,$1.63B,$0.06B,3.81%,$1.63B,$0.18B,10.82%,$1.63B,$0.07B,4.00%,$1.63B,$0.04B,2.58%,$0.04B,$0.69B,6.44%,$0.04B,$0.61B,7.34%,$0.04B,$1.42B,3.11%,$0.06B,$0.92B,7.09%,$411,$349,$62,$1,$50,$400,$11,$-6,$4,$1,$3,$3,$2,$41,$11,$90,90,$0.03,$0.03,$213,$23,$27,$627,$420,$168,$80,$122,$791,$1418,$391,$236,$59,$342,$733,$235,$130,$-1,$686,$1418,$3,$30,$6,$36,$34,$-7,$1,$6,$19,$58,$-21,$0,$0,$0,$0,$0,$0,$-20,$-14,$0,$-14,$0,$0,$-6,$-2,$-22,$16,$0,$-6
2,2018-03-31,10.15,$7.13,1.42,$17.52,0.58,$0.28,36.3,$0.52,19.52,$0.61B,$0.38B,1.59,$0.24B,$0.67B,0.36,$1.58B,$0.25B,16.04%,$1.58B,$0.06B,3.85%,$1.58B,$0.06B,3.85%,$1.58B,$0.17B,10.86%,$1.58B,$0.07B,4.48%,$1.58B,$0.05B,2.90%,$0.05B,$0.67B,7.26%,$0.05B,$0.59B,8.31%,$0.05B,$1.38B,3.53%,$0.06B,$0.90B,7.25%,$440,$363,$77,$1,$49,$413,$27,$5,$32,$10,$22,$22,$22,$57,$27,$90,90,$0.24,$0.24,$193,$15,$34,$605,$418,$163,$79,$114,$776,$1381,$379,$238,$56,$336,$715,$230,$76,$46,$666,$1381,$48,$111,$-8,$104,$-43,$10,$3,$-12,$-32,$119,$-112,$0,$7,$0,$10,$10,$-21,$-117,$-52,$62,$10,$0,$0,$-11,$-6,$-7,$-5,$0,$-11
3,2017-12-31,9.11,$6.77,1.35,$16.98,0.54,$0.18,50.89,$0.39,23.36,$0.61B,$0.37B,1.64,$0.24B,$0.63B,0.37,$1.54B,$0.24B,15.84%,$1.54B,$0.05B,3.38%,$1.54B,$0.05B,3.38%,$1.54B,$0.16B,10.45%,$1.54B,$0.06B,3.70%,$1.54B,$0.04B,2.27%,$0.04B,$0.63B,5.61%,$0.04B,$0.55B,6.46%,$0.04B,$1.34B,2.74%,$0.05B,$0.87B,6.37%,$397,$337,$60,$1,$46,$384,$13,$4,$17,$6,$11,$11,$11,$40,$13,$90,90,$0.12,$0.12,$205,$39,$37,$606,$402,$142,$79,$107,$732,$1337,$370,$237,$57,$335,$705,$227,$53,$41,$632,$1337,$25,$81,$-2,$80,$-5,$-14,$8,$-18,$-31,$74,$-80,$0,$6,$0,$4,$4,$-4,$-74,$-38,$62,$25,$0,$0,$-11,$-4,$9,$10,$0,$-11
4,2017-09-30,9.24,$6.93,1.33,$16.55,0.56,$0.12,77.58,$0.35,26.4,$0.56B,$0.37B,1.52,$0.18B,$0.63B,0.29,$1.51B,$0.24B,15.87%,$1.51B,$0.05B,3.32%,$1.51B,$0.05B,3.32%,$1.51B,$0.15B,10.23%,$1.51B,$0.05B,3.45%,$1.51B,$0.03B,2.06%,$0.03B,$0.63B,5.02%,$0.03B,$0.54B,5.82%,$0.03B,$1.26B,2.49%,$0.05B,$0.80B,6.32%,$378,$320,$58,$1,$47,$367,$11,$1,$12,$5,$7,$7,$7,$38,$11,$92,90,$0.08,$0.08,$179,$37,$29,$560,$380,$132,$82,$108,$704,$1264,$367,$179,$59,$272,$640,$230,$49,$33,$625,$1264,$14,$54,$0,$54,$10,$-12,$2,$-15,$-14,$55,$-36,$0,$0,$0,$-0,$-0,$-4,$-40,$-25,$0,$-25,$0,$0,$-5,$-3,$-33,$-19,$0,$-5
5,2017-06-30,9.01,$6.55,1.38,$16.41,0.55,$-0.09,0.0,$0.33,27.3,$0.54B,$0.34B,1.6,$0.18B,$0.61B,0.29,$1.50B,$0.24B,16.00%,$1.50B,$0.05B,3.33%,$1.50B,$0.05B,3.33%,$1.50B,$0.15B,10.27%,$1.50B,$0.05B,3.40%,$1.50B,$0.03B,2.00%,$0.03B,$0.61B,4.82%,$0.03B,$0.53B,5.60%,$0.03B,$1.23B,2.44%,$0.05B,$0.79B,6.40%,$369,$310,$59,$1,$48,$359,$10,$0,$10,$4,$6,$7,$6,$37,$10,$90,90,$0.07,$0.07,$185,$28,$26,$542,$364,$125,$82,$105,$686,$1228,$340,$176,$59,$277,$616,$230,$41,$27,$612,$1228,$7,$27,$2,$29,$30,$-3,$-15,$-10,$-6,$29,$-23,$0,$0,$0,$0,$0,$-0,$-23,$-12,$0,$-12,$0,$0,$-5,$-1,$-19,$-13,$0,$-5
6,2017-03-31,9.01,$6.95,1.3,$15.98,0.56,$-0.44,0.0,$0.31,29.06,$0.59B,$0.37B,1.59,$0.18B,$0.63B,0.28,$1.47B,$0.24B,16.02%,$1.47B,$0.05B,3.27%,$1.47B,$0.05B,3.27%,$1.47B,$0.15B,10.16%,$1.47B,$0.05B,3.41%,$1.47B,$0.03B,1.98%,$0.03B,$0.63B,4.66%,$0.03B,$0.54B,5.44%,$0.03B,$1.28B,2.42%,$0.05B,$0.80B,6.30%,$396,$329,$67,$1,$48,$378,$18,$0,$18,$7,$11,$12,$11,$46,$18,$91,92,$0.13,$0.13,$204,$26,$25,$593,$370,$122,$86,$106,$685,$1278,$372,$176,$61,$279,$651,$237,$42,$23,$627,$1278,$31,$101,$2,$103,$-35,$-7,$8,$-29,$-65,$69,$-70,$0,$0,$0,$1,$1,$1,$-69,$-31,$79,$48,$-14,$-14,$-10,$-1,$23,$22,$0,$-10
7,2016-12-31,7.45,$6.67,1.12,$15.46,0.48,$-0.09,0.0,$0.33,22.58,$0.56B,$0.33B,1.68,$0.17B,$0.61B,0.27,$1.42B,$0.23B,15.90%,$1.42B,$0.05B,3.31%,$1.42B,$0.05B,3.31%,$1.42B,$0.14B,10.06%,$1.42B,$0.05B,3.45%,$1.42B,$0.03B,2.11%,$0.03B,$0.61B,5.00%,$0.03B,$0.52B,5.85%,$0.03B,$1.20B,2.67%,$0.05B,$0.77B,6.58%,$363,$308,$55,$1,$43,$352,$11,$1,$12,$5,$8,$8,$7,$33,$11,$91,92,$0.08,$0.08,$196,$33,$37,$558,$341,$114,$87,$102,$646,$1204,$333,$166,$61,$266,$599,$235,$30,$15,$605,$1204,$19,$74,$3,$77,$-1,$-15,$1,$-34,$-55,$41,$-53,$0,$0,$0,$2,$2,$1,$-50,$-33,$78,$46,$-9,$-9,$-10,$-0,$26,$16,$0,$-10
8,2016-09-30,9.4,$7.05,1.33,$14.55,0.65,$0.09,109.43,$0.33,28.48,$0.55B,$0.35B,1.54,$0.12B,$0.65B,0.18,$1.34B,$0.22B,16.50%,$1.34B,$0.05B,3.58%,$1.34B,$0.05B,3.58%,$1.34B,$0.14B,10.68%,$1.34B,$0.05B,3.73%,$1.34B,$0.03B,2.32%,$0.03B,$0.65B,5.32%,$0.03B,$0.55B,6.25%,$0.03B,$1.21B,2.95%,$0.05B,$0.76B,7.22%,$372,$312,$59,$1,$47,$361,$11,$-0,$11,$5,$6,$6,$6,$38,$11,$92,92,$0.06,$0.06,$193,$27,$27,$545,$359,$116,$93,$91,$662,$1207,$354,$117,$50,$205,$559,$250,$30,$12,$648,$1207,$12,$52,$3,$55,$5,$-7,$5,$-24,$-27,$40,$-41,$0,$0,$0,$0,$0,$2,$-38,$-23,$29,$7,$0,$0,$-5,$-0,$2,$1,$0,$-5
9,2016-06-30,10.19,$6.50,1.57,$13.53,0.75,$0.21,49.66,$0.35,29.11,$0.50B,$0.31B,1.59,$0.11B,$0.61B,0.17,$1.25B,$0.21B,17.03%,$1.25B,$0.05B,3.94%,$1.25B,$0.05B,3.94%,$1.25B,$0.14B,11.00%,$1.25B,$0.05B,4.02%,$1.25B,$0.03B,2.65%,$0.03B,$0.61B,5.99%,$0.03B,$0.52B,7.04%,$0.03B,$1.11B,3.38%,$0.05B,$0.71B,7.97%,$336,$283,$54,$1,$45,$329,$8,$1,$9,$4,$5,$5,$5,$32,$8,$92,92,$0.05,$0.05,$172,$19,$27,$498,$329,$104,$90,$87,$612,$1109,$313,$106,$46,$189,$502,$237,$23,$10,$607,$1109,$5,$24,$3,$27,$16,$-0,$-19,$-21,$-33,$-1,$-25,$0,$0,$0,$2,$2,$2,$-20,$-10,$28,$17,$0,$0,$-5,$-0,$12,$-10,$0,$-5
10,2016-03-31,10.45,$5.90,1.77,$12.68,0.82,$0.52,20.15,$0.36,29.03,$0.44B,$0.30B,1.48,$0.07B,$0.54B,0.12,$1.17B,$0.20B,17.48%,$1.17B,$0.05B,4.28%,$1.17B,$0.05B,4.28%,$1.17B,$0.13B,11.48%,$1.17B,$0.05B,4.37%,$1.17B,$0.03B,2.91%,$0.03B,$0.54B,6.43%,$0.03B,$0.46B,7.59%,$0.03B,$0.98B,3.69%,$0.05B,$0.61B,8.70%,$350,$292,$58,$1,$40,$333,$17,$-0,$17,$4,$13,$13,$12,$40,$17,$92,92,$0.13,$0.13,$162,$17,$15,$443,$285,$94,$81,$73,$535,$978,$299,$65,$40,$136,$436,$212,$21,$10,$542,$978,$35,$82,$3,$85,$-13,$-6,$15,$-20,$-20,$100,$-69,$0,$0,$0,$4,$4,$-5,$-70,$-35,$0,$-35,$0,$0,$-8,$0,$-43,$-13,$0,$-8
11,2015-12-31,9.9,$5.69,1.74,$12.08,0.82,$0.73,13.54,$0.31,31.94,$0.42B,$0.28B,1.51,$0.04B,$0.53B,0.08,$1.11B,$0.19B,16.91%,$1.11B,$0.04B,3.51%,$1.11B,$0.04B,3.51%,$1.11B,$0.13B,11.24%,$1.11B,$0.05B,4.05%,$1.11B,$0.03B,2.70%,$0.03B,$0.53B,5.58%,$0.03B,$0.45B,6.62%,$0.03B,$0.91B,3.25%,$0.04B,$0.57B,6.77%,$281,$231,$50,$1,$37,$269,$12,$0,$13,$5,$7,$8,$8,$33,$12,$92,92,$0.08,$0.08,$151,$23,$20,$416,$273,$79,$81,$62,$498,$914,$275,$42,$33,$106,$382,$211,$8,$15,$532,$914,$22,$60,$2,$62,$16,$-12,$-1,$-25,$-20,$65,$-61,$0,$0,$0,$5,$5,$1,$-55,$-25,$0,$-25,$0,$0,$-8,$0,$-33,$-24,$0,$-8
12,2015-09-30,8.82,$5.71,1.55,$11.83,0.75,$1.02,8.65,$0.31,28.45,$0.42B,$0.28B,1.5,$0.04B,$0.52B,0.08,$1.09B,$0.18B,16.07%,$1.09B,$0.03B,2.48%,$1.09B,$0.03B,2.48%,$1.09B,$0.11B,10.19%,$1.09B,$0.04B,4.04%,$1.09B,$0.03B,2.66%,$0.03B,$0.52B,5.37%,$0.03B,$0.44B,6.40%,$0.03B,$0.91B,3.12%,$0.03B,$0.57B,4.67%,$278,$228,$50,$1,$37,$266,$12,$-0,$11,$4,$7,$8,$8,$32,$12,$92,92,$0.08,$0.08,$165,$17,$21,$420,$268,$81,$81,$56,$488,$909,$279,$41,$32,$105,$384,$209,$5,$15,$524,$909,$14,$39,$1,$40,$18,$-7,$-3,$-17,$-5,$50,$-40,$0,$0,$0,$1,$1,$1,$-37,$-17,$0,$-17,$0,$0,$-4,$0,$-21,$-8,$0,$-4
13,2015-06-30,8.72,$5.64,1.55,$11.63,0.75,$1.09,7.98,$0.32,27.25,$0.41B,$0.26B,1.56,$0.03B,$0.52B,0.07,$1.07B,$0.16B,14.67%,$1.07B,$0.01B,0.56%,$1.07B,$0.01B,0.56%,$1.07B,$0.12B,10.75%,$1.07B,$0.05B,4.58%,$1.07B,$0.03B,2.71%,$0.03B,$0.52B,5.24%,$0.03B,$0.44B,6.26%,$0.03B,$0.88B,3.06%,$0.01B,$0.55B,1.01%,$258,$212,$46,$1,$36,$249,$9,$1,$10,$5,$6,$6,$6,$29,$9,$92,92,$0.06,$0.06,$164,$14,$19,$411,$244,$85,$82,$55,$469,$880,$264,$34,$31,$98,$362,$209,$-3,$16,$518,$880,$6,$19,$1,$20,$25,$-4,$-13,$-13,$-6,$20,$-18,$0,$0,$0,$-1,$-1,$2,$-17,$-8,$0,$-8,$0,$0,$-4,$0,$-13,$-9,$0,$-4
14,2015-03-31,8.23,$0.00,0.0,$10.62,0.78,$1.19,6.93,$0.31,26.55,$0.48B,$0.31B,1.54,$0.04B,$0.58B,0.07,$0.98B,$0.05B,5.53%,$0.98B,$-0.10B,-10.35%,$0.98B,$-0.10B,-10.35%,$0.98B,$-0.01B,-1.23%,$0.98B,$0.05B,4.82%,$0.98B,$0.03B,2.87%,$0.03B,$0.58B,4.91%,$0.03B,$0.48B,5.89%,$0.03B,$0.99B,2.86%,$-0.10B,$0.61B,-16.54%,$295,$253,$42,$1,$36,$290,$6,$-0,$11,$2,$9,$8,$8,$31,$6,$92,92,$0.09,$0.09,$193,$11,$69,$476,$631,$84,$92,$68,$880,$994,$308,$40,$34,$111,$419,$233,$-5,$0,$575,$994,$31,$88,$0,$88,$0,$0,$0,$0,$-5,$118,$-68,$0,$-2,$0,$0,$-2,$-3,$-74,$0,$-10,$-38,$0,$0,$-9,$0,$-57,$-12,$0,$0
15,2014-12-31,10.0,$0.00,0.0,$10.74,0.93,$0.65,15.34,$0.38,26.32,$0.44B,$0.29B,1.55,$0.04B,$0.54B,0.07,$0.99B,$0.08B,8.00%,$0.99B,$-0.08B,-7.80%,$0.99B,$-0.08B,-7.80%,$0.99B,$0.01B,1.11%,$0.99B,$0.05B,5.17%,$0.99B,$0.04B,3.55%,$0.04B,$0.54B,6.11%,$0.04B,$0.45B,7.36%,$0.04B,$0.93B,3.56%,$-0.08B,$0.58B,-12.54%,$258,$221,$37,$1,$36,$258,$0,$0,$12,$5,$7,$7,$7,$19,$0,$92,92,$0.08,$0.08,$185,$20,$81,$442,$0,$77,$90,$67,$239,$931,$285,$38,$30,$104,$389,$224,$-14,$0,$542,$931,$21,$64,$0,$64,$0,$0,$0,$0,$-13,$88,$-58,$0,$0,$0,$0,$-2,$4,$-56,$0,$0,$0,$0,$0,$-9,$-37,$-45,$-12,$0,$0
16,2014-09-30,9.95,$0.00,0.0,$10.86,0.92,$0.19,51.61,$0.37,26.89,$0.48B,$0.30B,1.59,$0.04B,$0.58B,0.07,$1.00B,$0.09B,9.02%,$1.00B,$-0.07B,-6.61%,$1.00B,$-0.07B,-6.61%,$1.00B,$0.02B,2.20%,$1.00B,$0.05B,5.11%,$1.00B,$0.04B,3.51%,$0.04B,$0.58B,6.07%,$0.04B,$0.48B,7.32%,$0.04B,$0.99B,3.54%,$-0.07B,$0.62B,-10.63%,$259,$228,$32,$1,$40,$269,$-9,$0,$16,$7,$9,$8,$8,$36,$-9,$92,92,$0.09,$0.09,$183,$20,$89,$478,$0,$75,$97,$65,$243,$991,$301,$42,$31,$111,$412,$245,$-19,$0,$579,$991,$14,$45,$0,$45,$0,$0,$0,$0,$-8,$51,$-34,$0,$0,$0,$0,$-1,$-14,$-49,$0,$-9,$0,$0,$0,$-5,$-20,$-34,$-32,$0,$0
17,2014-06-30,12.21,$0.00,0.0,$11.21,1.09,$0.13,96.52,$0.42,29.07,$0.48B,$0.31B,1.56,$0.04B,$0.59B,0.07,$1.02B,$0.11B,11.05%,$1.02B,$-0.04B,-3.91%,$1.02B,$-0.04B,-3.91%,$1.02B,$0.03B,2.54%,$1.02B,$0.06B,5.38%,$1.02B,$0.04B,3.91%,$0.04B,$0.59B,6.92%,$0.04B,$0.49B,8.40%,$0.04B,$1.00B,4.04%,$-0.04B,$0.63B,-6.41%,$164,$221,$-57,$1,$40,$262,$-98,$1,$8,$3,$5,$5,$5,$-98,$-98,$92,92,$0.05,$0.05,$200,$19,$91,$480,$0,$77,$100,$70,$253,$997,$307,$43,$29,$105,$412,$250,$-28,$0,$585,$997,$5,$0,$0,$0,$0,$0,$0,$0,$19,$28,$-16,$0,$0,$0,$0,$-1,$-15,$-33,$0,$0,$0,$0,$0,$-5,$-10,$-15,$-20,$0,$0
18,2014-03-31,11.78,$0.00,0.0,$12.75,0.92,$-0.02,0.0,$0.49,24.04,$0.50B,$0.32B,1.59,$0.05B,$0.58B,0.08,$1.13B,$0.22B,19.63%,$1.13B,$0.07B,6.31%,$1.13B,$0.07B,6.31%,$1.13B,$0.16B,14.03%,$1.13B,$0.06B,5.42%,$1.13B,$0.05B,4.00%,$0.05B,$0.58B,8.51%,$0.05B,$0.48B,10.58%,$0.05B,$1.01B,4.78%,$0.07B,$0.63B,12.23%,$306,$239,$67,$1,$36,$276,$30,$1,$15,$-1,$16,$15,$15,$54,$30,$92,92,$0.16,$0.16,$218,$16,$82,$502,$0,$89,$100,$49,$245,$1009,$315,$45,$27,$109,$424,$248,$-28,$0,$584,$1009,$45,$86,$0,$86,$0,$0,$0,$0,$-35,$85,$-84,$0,$0,$0,$0,$-8,$-7,$-99,$0,$-10,$0,$0,$168,$-9,$-39,$111,$99,$0,$0
19,2013-12-31,13.37,$0.00,0.0,$13.29,1.01,$0.59,22.73,$0.62,21.56,$0.46B,$0.28B,1.61,$0.05B,$0.56B,0.08,$1.13B,$0.33B,28.75%,$1.13B,$0.19B,16.93%,$1.13B,$0.19B,16.93%,$1.13B,$0.27B,23.81%,$1.13B,$0.07B,6.00%,$1.13B,$0.05B,4.67%,$0.05B,$0.56B,10.98%,$0.05B,$0.46B,14.11%,$0.05B,$0.96B,5.85%,$0.19B,$0.61B,35.56%,$269,$221,$48,$1,$36,$258,$11,$1,$12,$6,$6,$7,$7,$30,$11,$92,92,$0.07,$0.07,$210,$24,$65,$458,$0,$96,$99,$50,$246,$956,$284,$47,$27,$112,$396,$242,$-42,$0,$560,$956,$28,$62,$0,$62,$0,$0,$0,$0,$-35,$54,$-66,$0,$0,$0,$0,$-14,$-0,$-81,$0,$-38,$0,$0,$164,$-9,$0,$118,$94,$0,$0
20,2013-09-30,14.39,$0.00,0.0,$14.03,1.03,$1.00,14.45,$0.71,20.27,$0.51B,$0.31B,1.68,$0.05B,$0.58B,0.09,$1.16B,$0.34B,29.26%,$1.16B,$0.20B,17.38%,$1.16B,$0.20B,17.38%,$1.16B,$0.28B,23.92%,$1.16B,$0.08B,6.63%,$1.16B,$0.06B,5.08%,$0.06B,$0.58B,13.27%,$0.06B,$0.48B,17.84%,$0.06B,$1.00B,6.64%,$0.20B,$0.63B,39.65%,$284,$229,$55,$1,$36,$267,$17,$2,$20,$7,$12,$13,$13,$40,$17,$90,90,$0.14,$0.14,$262,$21,$60,$514,$0,$80,$107,$52,$240,$995,$306,$52,$27,$108,$413,$259,$-47,$0,$582,$995,$23,$43,$0,$43,$0,$0,$0,$0,$-26,$38,$-27,$0,$0,$0,$0,$-16,$-0,$-43,$0,$-30,$0,$0,$176,$-4,$0,$141,$138,$0,$0
21,2013-06-30,19.21,$0.00,0.0,$15.01,1.28,$1.13,17.07,$0.75,25.62,$0.34B,$0.30B,1.16,$0.07B,$0.39B,0.17,$1.22B,$0.35B,29.05%,$1.22B,$0.21B,17.20%,$1.22B,$0.21B,17.20%,$1.22B,$0.29B,23.54%,$1.22B,$0.08B,6.58%,$1.22B,$0.06B,4.94%,$0.06B,$0.39B,14.65%,$0.06B,$0.28B,20.92%,$0.06B,$0.80B,6.80%,$0.21B,$0.45B,43.32%,$267,$216,$51,$1,$36,$253,$13,$1,$14,$5,$9,$10,$10,$34,$13,$80,80,$0.12,$0.12,$104,$15,$63,$342,$0,$64,$107,$52,$225,$804,$296,$65,$29,$120,$416,$170,$-59,$0,$388,$804,$10,$21,$0,$21,$0,$0,$0,$0,$-16,$15,$-17,$0,$0,$0,$0,$-0,$-7,$-24,$0,$-10,$0,$0,$0,$-4,$0,$-14,$-20,$0,$0
22,2013-03-31,16.82,$0.00,0.0,$15.56,1.08,$1.13,14.89,$0.77,21.84,$0.40B,$0.34B,1.16,$0.07B,$0.40B,0.17,$1.26B,$0.36B,28.75%,$1.26B,$0.21B,16.92%,$1.26B,$0.21B,16.92%,$1.26B,$0.29B,23.19%,$1.26B,$0.08B,6.59%,$1.26B,$0.06B,4.85%,$0.06B,$0.40B,14.64%,$0.06B,$0.29B,21.37%,$0.06B,$0.87B,6.69%,$0.21B,$0.47B,42.90%,$314,$142,$172,$1,$20,$163,$151,$1,$22,$4,$18,$23,$23,$166,$151,$81,81,$0.29,$0.29,$130,$14,$54,$398,$0,$89,$114,$25,$230,$872,$344,$67,$29,$128,$472,$179,$-68,$0,$400,$872,$56,$80,$0,$80,$0,$0,$0,$0,$-29,$104,$-54,$0,$-2,$0,$0,$-7,$-0,$-63,$0,$4,$-11,$0,$0,$-8,$-39,$-53,$-14,$0,$0
23,2012-12-31,11.43,$0.00,0.0,$15.73,0.73,$1.40,8.16,$0.67,17.06,$0.38B,$0.33B,1.15,$0.08B,$0.41B,0.19,$1.27B,$0.30B,23.60%,$1.27B,$0.13B,10.58%,$1.27B,$0.13B,10.58%,$1.27B,$0.22B,17.13%,$1.27B,$0.09B,6.71%,$1.27B,$0.05B,4.18%,$0.05B,$0.41B,12.74%,$0.05B,$0.28B,18.96%,$0.05B,$0.88B,5.78%,$0.13B,$0.49B,26.84%,$297,$235,$62,$1,$41,$276,$21,$-0,$21,$8,$12,$13,$13,$38,$21,$81,81,$0.16,$0.16,$124,$21,$59,$382,$0,$67,$127,$46,$242,$881,$332,$76,$30,$140,$472,$195,$-100,$0,$409,$881,$36,$64,$0,$64,$0,$0,$0,$0,$-35,$68,$-46,$0,$-3,$0,$0,$-5,$-1,$-55,$0,$-39,$0,$0,$0,$-8,$0,$-47,$-34,$0,$0
24,2012-09-30,13.48,$0.00,0.0,$14.62,0.92,$1.50,9.0,$0.67,20.11,$0.43B,$0.38B,1.13,$0.09B,$0.44B,0.19,$1.18B,$0.20B,17.08%,$1.18B,$0.03B,2.89%,$1.18B,$0.03B,2.89%,$1.18B,$0.12B,10.54%,$1.18B,$0.08B,7.05%,$1.18B,$0.05B,4.50%,$0.05B,$0.44B,12.75%,$0.05B,$0.30B,19.34%,$0.05B,$0.97B,5.72%,$0.03B,$0.53B,6.77%,$337,$269,$68,$1,$43,$313,$24,$-1,$23,$9,$14,$14,$14,$48,$24,$81,81,$0.18,$0.18,$150,$20,$58,$429,$0,$72,$142,$46,$261,$972,$381,$85,$33,$150,$531,$216,$-120,$0,$441,$972,$26,$47,$0,$47,$0,$0,$0,$0,$-24,$51,$-31,$0,$-3,$0,$0,$-5,$-0,$-39,$0,$-31,$0,$0,$0,$-5,$0,$-35,$-24,$0,$0
25,2012-06-30,10.36,$0.00,0.0,$13.07,0.79,$1.44,7.21,$0.63,16.44,$0.40B,$0.36B,1.14,$0.09B,$0.42B,0.22,$1.05B,$0.09B,8.61%,$1.05B,$-0.08B,-7.18%,$1.05B,$-0.08B,-7.18%,$1.05B,$0.02B,1.44%,$1.05B,$0.08B,7.56%,$1.05B,$0.05B,4.78%,$0.05B,$0.42B,12.34%,$0.05B,$0.28B,19.12%,$0.05B,$0.92B,5.51%,$-0.08B,$0.51B,-15.24%,$311,$251,$60,$1,$42,$294,$17,$-0,$17,$6,$11,$11,$11,$40,$17,$80,80,$0.14,$0.14,$144,$11,$68,$403,$0,$71,$141,$45,$257,$921,$355,$91,$31,$150,$504,$211,$-131,$0,$417,$921,$11,$23,$0,$23,$0,$0,$0,$0,$-18,$18,$-19,$0,$0,$0,$0,$-5,$-3,$-27,$0,$-12,$0,$0,$0,$-4,$0,$-17,$-26,$0,$0
26,2012-03-31,8.77,$0.00,0.0,$12.84,0.68,$1.35,6.51,$0.57,15.39,$0.41B,$0.36B,1.14,$0.08B,$0.40B,0.21,$1.02B,$0.09B,8.40%,$1.02B,$-0.08B,-7.91%,$1.02B,$-0.08B,-7.91%,$1.02B,$0.01B,0.68%,$1.02B,$0.07B,7.13%,$1.02B,$0.05B,4.39%,$0.05B,$0.40B,11.44%,$0.05B,$0.26B,18.09%,$0.05B,$0.89B,5.04%,$-0.08B,$0.48B,-17.27%,$322,$214,$109,$2,$35,$250,$72,$-2,$24,$10,$14,$15,$15,$91,$72,$80,80,$0.19,$0.19,$164,$9,$45,$409,$0,$64,$136,$43,$244,$892,$357,$82,$29,$138,$495,$204,$-133,$0,$397,$892,$43,$87,$0,$87,$0,$0,$0,$0,$5,$141,$-71,$0,$0,$0,$0,$-2,$0,$-72,$0,$-17,$0,$0,$0,$-7,$-42,$-66,$3,$0,$0
27,2011-12-31,8.72,$0.00,0.0,$12.63,0.69,$1.79,4.88,$0.56,15.58,$0.41B,$0.37B,1.12,$0.09B,$0.41B,0.22,$1.01B,$0.03B,2.87%,$1.01B,$-0.14B,-14.13%,$1.01B,$-0.14B,-14.13%,$1.01B,$-0.05B,-5.34%,$1.01B,$0.07B,6.82%,$1.01B,$0.05B,4.45%,$0.05B,$0.41B,11.73%,$0.05B,$0.26B,18.97%,$0.05B,$0.92B,5.08%,$-0.14B,$0.50B,-31.78%,$207,$243,$-36,$1,$42,$286,$-79,$-1,$19,$7,$12,$13,$13,$-55,$-79,$81,81,$0.16,$0.16,$142,$13,$57,$413,$0,$56,$148,$59,$263,$922,$367,$90,$32,$148,$515,$219,$-159,$0,$408,$922,$30,$68,$0,$68,$0,$0,$0,$0,$-17,$85,$-55,$0,$0,$0,$0,$-2,$0,$-57,$0,$-19,$0,$0,$0,$-8,$-33,$-59,$-31,$0,$0
28,2011-09-30,11.25,$0.00,0.0,$13.48,0.83,$2.22,5.06,$0.57,19.73,$0.39B,$0.35B,1.1,$0.09B,$0.40B,0.22,$1.08B,$0.12B,11.38%,$1.08B,$-0.05B,-4.53%,$1.08B,$-0.05B,-4.53%,$1.08B,$0.04B,3.24%,$1.08B,$0.06B,5.92%,$1.08B,$0.05B,4.26%,$0.05B,$0.40B,12.45%,$0.05B,$0.25B,20.47%,$0.05B,$0.90B,5.35%,$-0.05B,$0.49B,-11.58%,$205,$248,$-43,$1,$40,$290,$-85,$-1,$19,$8,$10,$11,$11,$-61,$-85,$79,79,$0.14,$0.14,$142,$9,$52,$390,$0,$55,$150,$59,$264,$897,$354,$88,$31,$144,$498,$219,$-168,$0,$399,$897,$17,$44,$0,$44,$0,$0,$0,$0,$-11,$56,$-41,$0,$0,$0,$0,$-1,$0,$-42,$0,$-40,$0,$0,$0,$-4,$0,$-44,$-30,$0,$0
29,2011-06-30,9.36,$0.00,0.0,$13.60,0.69,$2.47,3.78,$0.52,17.99,$0.40B,$0.39B,1.02,$0.05B,$0.37B,0.12,$1.10B,$0.21B,19.33%,$1.10B,$0.05B,4.28%,$1.10B,$0.05B,4.28%,$1.10B,$0.12B,11.30%,$1.10B,$0.05B,4.92%,$1.10B,$0.04B,3.83%,$0.04B,$0.37B,11.91%,$0.04B,$0.23B,19.74%,$0.04B,$0.86B,5.04%,$0.05B,$0.42B,11.93%,$290,$234,$56,$1,$44,$278,$11,$-1,$11,$5,$5,$6,$6,$32,$11,$79,79,$0.08,$0.08,$142,$10,$70,$396,$0,$52,$145,$57,$254,$857,$390,$45,$28,$97,$488,$209,$-171,$0,$370,$857,$6,$21,$0,$21,$0,$0,$0,$0,$-15,$16,$-24,$0,$0,$0,$0,$-1,$0,$-26,$0,$0,$0,$0,$0,$-4,$-10,$-14,$-23,$0,$0
30,2011-03-31,7.25,$0.00,0.0,$11.87,0.61,$2.74,2.65,$0.47,15.42,$0.42B,$0.41B,1.01,$0.04B,$0.36B,0.12,$0.99B,$0.19B,19.27%,$0.99B,$0.04B,3.96%,$0.99B,$0.04B,3.96%,$0.99B,$0.11B,11.05%,$0.99B,$0.05B,4.67%,$0.99B,$0.04B,3.96%,$0.04B,$0.36B,11.56%,$0.04B,$0.22B,17.85%,$0.04B,$0.86B,5.12%,$0.04B,$0.40B,10.35%,$310,$257,$52,$1,$41,$300,$10,$-1,$20,$6,$14,$15,$15,$30,$10,$81,81,$0.18,$0.18,$161,$7,$51,$417,$0,$49,$143,$55,$247,$864,$413,$44,$26,$93,$505,$203,$-169,$0,$358,$864,$36,$71,$0,$71,$0,$0,$0,$0,$32,$152,$-44,$0,$-111,$0,$0,$-1,$-7,$-163,$0,$72,$0,$0,$0,$-6,$0,$67,$55,$0,$0
31,2010-12-31,6.76,$0.00,0.0,$10.73,0.63,$2.31,2.93,$0.44,15.37,$0.40B,$0.38B,1.03,$0.04B,$0.35B,0.11,$0.89B,$0.19B,21.08%,$0.89B,$0.05B,5.30%,$0.89B,$0.05B,5.30%,$0.89B,$0.11B,12.51%,$0.89B,$0.04B,4.17%,$0.89B,$0.04B,4.06%,$0.04B,$0.35B,11.21%,$0.04B,$0.21B,16.11%,$0.04B,$0.82B,5.27%,$0.05B,$0.39B,13.08%,$276,$218,$58,$1,$41,$261,$15,$-1,$14,$2,$12,$14,$14,$34,$15,$81,81,$0.17,$0.17,$132,$11,$55,$395,$0,$51,$141,$43,$249,$822,$384,$38,$22,$87,$471,$206,$-186,$0,$351,$822,$23,$51,$0,$51,$0,$0,$0,$0,$22,$103,$-37,$0,$0,$0,$0,$-1,$-116,$-155,$0,$83,$0,$0,$0,$-6,$0,$77,$25,$0,$0
32,2010-09-30,6.47,$0.00,0.0,$9.63,0.67,$2.02,3.2,$0.33,19.6,$0.38B,$0.39B,0.99,$0.04B,$0.33B,0.11,$0.78B,$0.17B,21.07%,$0.78B,$0.04B,5.24%,$0.78B,$0.04B,5.24%,$0.78B,$0.10B,12.64%,$0.78B,$0.03B,3.96%,$0.78B,$0.03B,3.32%,$0.03B,$0.33B,8.58%,$0.03B,$0.20B,11.53%,$0.03B,$0.79B,4.27%,$0.04B,$0.37B,11.98%,$221,$175,$46,$1,$34,$210,$11,$-2,$9,$2,$7,$7,$7,$28,$11,$81,81,$0.09,$0.09,$113,$6,$49,$379,$0,$47,$132,$43,$233,$789,$385,$38,$21,$72,$457,$202,$-193,$0,$332,$789,$9,$31,$0,$31,$0,$0,$0,$0,$15,$61,$-26,$0,$0,$0,$0,$-1,$-113,$-141,$0,$108,$0,$0,$0,$-3,$-18,$87,$8,$0,$0
33,2010-06-30,7.07,$0.00,0.0,$9.17,0.77,$1.98,3.58,$0.31,22.8,$0.28B,$0.20B,1.4,$0.04B,$0.31B,0.12,$0.75B,$0.16B,20.78%,$0.75B,$0.04B,5.23%,$0.75B,$0.04B,5.23%,$0.75B,$0.10B,12.87%,$0.75B,$0.03B,4.02%,$0.75B,$0.03B,3.35%,$0.03B,$0.31B,8.56%,$0.03B,$0.25B,10.81%,$0.03B,$0.57B,4.50%,$0.04B,$0.35B,11.72%,$179,$145,$34,$1,$30,$176,$3,$0,$3,$1,$2,$3,$3,$17,$3,$93,93,$0.03,$0.03,$103,$7,$59,$278,$0,$43,$61,$36,$146,$574,$199,$37,$19,$67,$266,$190,$-189,$0,$308,$574,$2,$14,$0,$14,$0,$0,$0,$0,$8,$26,$-10,$0,$0,$0,$0,$-1,$0,$-11,$0,$-8,$0,$0,$0,$-3,$0,$-10,$4,$0,$0
34,2010-03-31,5.3,$0.00,0.0,$8.42,0.63,$1.95,2.72,$0.30,17.67,$0.27B,$0.19B,1.41,$0.04B,$0.29B,0.13,$0.66B,$0.08B,12.54%,$0.66B,$-0.03B,-4.53%,$0.66B,$-0.03B,-4.53%,$0.66B,$0.03B,4.08%,$0.66B,$0.03B,4.53%,$0.66B,$0.02B,3.63%,$0.02B,$0.29B,8.56%,$0.02B,$0.24B,10.91%,$0.02B,$0.55B,4.42%,$-0.03B,$0.33B,-9.28%,$211,$162,$49,$1,$30,$193,$18,$-3,$11,$1,$10,$12,$12,$32,$18,$79,79,$0.15,$0.15,$94,$9,$42,$267,$0,$40,$58,$36,$142,$547,$190,$39,$25,$65,$254,$180,$-179,$0,$293,$547,$20,$57,$0,$57,$0,$0,$0,$0,$6,$103,$-33,$0,$0,$0,$0,$-8,$0,$-41,$0,$-75,$0,$0,$2,$-4,$0,$-77,$-15,$0,$0
35,2009-12-31,4.37,$0.00,0.0,$6.88,0.64,$1.75,2.5,$0.28,15.62,$0.23B,$0.18B,1.31,$0.04B,$0.28B,0.15,$0.54B,$-0.02B,-4.42%,$0.54B,$-0.14B,-25.05%,$0.54B,$-0.14B,-25.05%,$0.54B,$-0.08B,-15.10%,$0.54B,$0.03B,4.97%,$0.54B,$0.02B,4.24%,$0.02B,$0.28B,8.51%,$0.02B,$0.22B,10.98%,$0.02B,$0.53B,4.28%,$-0.14B,$0.32B,-43.14%,$172,$136,$36,$1,$26,$163,$9,$-1,$8,$6,$3,$4,$4,$22,$9,$75,75,$0.06,$0.06,$91,$13,$37,$233,$0,$35,$60,$38,$152,$526,$178,$42,$28,$70,$248,$181,$-191,$0,$279,$526,$9,$42,$0,$42,$0,$0,$0,$0,$5,$67,$-28,$0,$0,$0,$0,$-2,$0,$-30,$0,$-24,$0,$0,$0,$-4,$-27,$-55,$-18,$0,$0
36,2009-09-30,5.56,$0.00,0.0,$6.93,0.8,$1.59,3.51,$0.22,25.28,$0.26B,$0.21B,1.23,$0.05B,$0.29B,0.16,$0.56B,$-0.02B,-4.08%,$0.56B,$-0.14B,-24.11%,$0.56B,$-0.14B,-24.11%,$0.56B,$-0.08B,-13.48%,$0.56B,$0.02B,4.26%,$0.56B,$0.02B,3.37%,$0.02B,$0.29B,7.10%,$0.02B,$0.22B,9.22%,$0.02B,$0.57B,3.45%,$-0.14B,$0.33B,-42.90%,$184,$147,$36,$1,$26,$175,$9,$-1,$8,$3,$5,$6,$6,$25,$9,$81,81,$0.07,$0.07,$121,$8,$35,$262,$0,$36,$63,$42,$165,$574,$212,$45,$30,$74,$287,$188,$-202,$0,$288,$574,$6,$30,$0,$30,$0,$0,$0,$0,$12,$54,$-22,$0,$0,$0,$0,$-2,$0,$-24,$0,$-2,$0,$0,$0,$-2,$-19,$-23,$7,$0,$0
37,2009-06-30,3.7,$0.00,0.0,$6.59,0.56,$1.45,2.55,$0.17,21.77,$0.24B,$0.19B,1.24,$0.05B,$0.26B,0.18,$0.54B,$-0.03B,-5.37%,$0.54B,$-0.14B,-25.74%,$0.54B,$-0.14B,-25.74%,$0.54B,$-0.08B,-15.37%,$0.54B,$0.02B,3.70%,$0.54B,$0.02B,2.78%,$0.02B,$0.26B,5.88%,$0.02B,$0.20B,7.67%,$0.02B,$0.53B,2.82%,$-0.14B,$0.31B,-45.42%,$95,$133,$-38,$1,$27,$161,$-66,$-1,$3,$3,$1,$2,$2,$-52,$-66,$81,81,$0.02,$0.02,$103,$6,$41,$237,$0,$32,$59,$61,$152,$526,$191,$46,$26,$72,$263,$175,$-193,$0,$262,$526,$1,$14,$0,$14,$0,$0,$0,$0,$5,$22,$-11,$0,$0,$0,$0,$0,$-0,$-11,$0,$-2,$0,$0,$0,$-2,$-10,$-14,$-3,$0,$0
38,2009-03-31,2.52,$0.00,0.0,$7.29,0.35,$1.46,1.73,$0.17,14.8,$0.24B,$0.20B,1.23,$0.05B,$0.25B,0.19,$0.60B,$0.04B,6.34%,$0.60B,$-0.07B,-11.52%,$0.60B,$-0.07B,-11.52%,$0.60B,$-0.02B,-2.50%,$0.60B,$0.02B,3.34%,$0.60B,$0.02B,2.50%,$0.02B,$0.25B,6.04%,$0.02B,$0.19B,7.91%,$0.02B,$0.52B,2.87%,$-0.07B,$0.30B,-23.06%,$92,$150,$-58,$2,$28,$180,$-88,$-3,$8,$-2,$10,$11,$11,$-77,$-88,$81,81,$0.13,$0.13,$102,$5,$34,$244,$0,$29,$58,$38,$148,$523,$198,$49,$24,$73,$271,$168,$-185,$0,$252,$523,$14,$54,$0,$54,$0,$0,$0,$0,$4,$86,$-30,$0,$0,$0,$0,$-2,$-1,$-33,$0,$103,$-121,$0,$-4,$-4,$-40,$-66,$-13,$0,$0
39,2008-12-31,2.81,$0.00,0.0,$8.39,0.33,$1.09,2.59,$0.17,16.52,$0.27B,$0.23B,1.18,$0.06B,$0.27B,0.22,$0.69B,$0.09B,12.28%,$0.69B,$-0.03B,-3.76%,$0.69B,$-0.03B,-3.76%,$0.69B,$0.03B,4.91%,$0.69B,$0.03B,4.62%,$0.69B,$0.02B,2.17%,$0.02B,$0.27B,6.05%,$0.02B,$0.20B,7.93%,$0.02B,$0.58B,2.82%,$-0.03B,$0.33B,-8.70%,$193,$156,$37,$1,$27,$184,$9,$-4,$5,$7,$-2,$-0,$-0,$28,$9,$82,82,$0.00,$0.00,$99,$18,$45,$267,$0,$33,$64,$62,$160,$579,$226,$59,$25,$85,$310,$185,$-216,$0,$269,$579,$4,$44,$0,$44,$0,$0,$0,$0,$-4,$59,$-29,$0,$0,$0,$0,$-2,$-1,$-32,$0,$-46,$0,$0,$-3,$-5,$0,$-54,$-28,$0,$0
40,2008-09-30,5.53,$0.00,0.0,$8.02,0.69,$0.60,9.22,$0.24,23.05,$0.23B,$0.20B,1.17,$0.05B,$0.24B,0.22,$0.66B,$0.08B,11.92%,$0.66B,$-0.03B,-3.77%,$0.66B,$-0.03B,-3.77%,$0.66B,$0.04B,5.58%,$0.66B,$0.04B,5.43%,$0.66B,$0.02B,3.02%,$0.02B,$0.24B,8.50%,$0.02B,$0.18B,11.13%,$0.02B,$0.50B,3.95%,$-0.03B,$0.29B,-8.87%,$160,$130,$30,$1,$23,$154,$6,$-1,$4,$3,$1,$2,$2,$18,$6,$83,83,$0.02,$0.02,$88,$15,$33,$229,$0,$31,$55,$58,$145,$503,$196,$51,$19,$70,$266,$159,$-183,$0,$237,$503,$3,$25,$0,$25,$0,$0,$0,$0,$5,$38,$-16,$0,$0,$0,$0,$-2,$-1,$-19,$0,$-37,$0,$0,$0,$-2,$0,$-39,$-20,$0,$0
41,2008-06-30,8.72,$0.00,0.0,$7.80,1.12,$0.45,19.4,$0.53,16.45,$0.23B,$0.19B,1.22,$0.05B,$0.24B,0.19,$0.65B,$0.08B,12.25%,$0.65B,$-0.02B,-3.26%,$0.65B,$-0.02B,-3.26%,$0.65B,$0.03B,4.81%,$0.65B,$0.04B,6.20%,$0.65B,$0.04B,6.67%,$0.04B,$0.24B,18.88%,$0.04B,$0.18B,24.82%,$0.04B,$0.49B,8.67%,$-0.02B,$0.28B,-7.72%,$154,$125,$29,$1,$24,$150,$4,$-1,$3,$2,$1,$2,$2,$16,$4,$86,83,$0.02,$0.02,$94,$11,$42,$230,$0,$32,$55,$58,$146,$489,$188,$46,$17,$65,$254,$159,$-185,$0,$235,$489,$2,$12,$0,$12,$0,$0,$0,$0,$4,$19,$-7,$0,$0,$0,$0,$0,$-1,$-8,$0,$-23,$0,$0,$0,$-2,$0,$-25,$-14,$0,$0
42,2008-03-31,7.6,$0.00,0.0,$7.29,1.04,$0.12,63.1,$0.57,13.34,$0.29B,$0.24B,1.19,$0.05B,$0.25B,0.19,$0.60B,$0.07B,11.96%,$0.60B,$-0.02B,-3.16%,$0.60B,$-0.02B,-3.16%,$0.60B,$0.03B,4.82%,$0.60B,$0.04B,7.14%,$0.60B,$0.05B,7.64%,$0.05B,$0.25B,21.72%,$0.05B,$0.19B,28.93%,$0.05B,$0.56B,9.61%,$-0.02B,$0.30B,-7.46%,$185,$196,$-11,$1,$33,$230,$-45,$-2,$20,$4,$17,$11,$11,$-28,$-45,$83,83,$0.13,$0.13,$115,$12,$36,$285,$0,$34,$59,$62,$155,$558,$240,$47,$18,$68,$308,$169,$-196,$0,$250,$558,$52,$48,$0,$48,$0,$0,$0,$0,$-42,$45,$-19,$0,$-28,$0,$0,$-4,$-4,$-55,$0,$-7,$0,$0,$0,$-5,$0,$-12,$-21,$0,$0
43,2007-12-31,9.47,$0.00,0.0,$6.82,1.39,$0.43,21.89,$0.56,16.92,$0.24B,$0.20B,1.18,$0.04B,$0.22B,0.19,$0.56B,$0.11B,19.93%,$0.56B,$0.04B,6.58%,$0.56B,$0.04B,6.58%,$0.56B,$0.10B,16.90%,$0.56B,$0.03B,6.05%,$0.56B,$0.05B,8.01%,$0.05B,$0.22B,23.44%,$0.05B,$0.17B,30.41%,$0.05B,$0.47B,10.21%,$0.04B,$0.26B,15.93%,$164,$133,$31,$1,$21,$154,$10,$-1,$9,$4,$6,$5,$5,$31,$10,$83,83,$0.07,$0.07,$83,$9,$39,$237,$0,$32,$53,$53,$138,$474,$201,$40,$13,$54,$255,$151,$-185,$0,$219,$474,$37,$31,$0,$31,$0,$0,$0,$0,$-49,$4,$-14,$0,$0,$0,$0,$-3,$-28,$-45,$0,$7,$0,$0,$0,$-4,$0,$3,$-39,$0,$0
44,2007-09-30,7.55,$0.00,0.0,$6.24,1.21,$0.73,10.38,$0.63,11.98,$0.23B,$0.20B,1.14,$0.04B,$0.21B,0.2,$0.51B,$0.11B,20.51%,$0.51B,$0.04B,6.84%,$0.51B,$0.04B,6.84%,$0.51B,$0.07B,14.06%,$0.51B,$0.04B,7.42%,$0.51B,$0.05B,10.16%,$0.05B,$0.21B,28.93%,$0.05B,$0.16B,35.19%,$0.05B,$0.46B,12.45%,$0.04B,$0.25B,16.00%,$142,$112,$30,$1,$19,$132,$10,$-2,$8,$-17,$25,$25,$25,$12,$10,$83,83,$0.31,$0.31,$102,$16,$31,$228,$0,$30,$51,$56,$137,$463,$200,$42,$14,$57,$256,$146,$-184,$0,$207,$463,$25,$10,$0,$10,$0,$0,$0,$0,$-6,$13,$-4,$0,$0,$0,$0,$-3,$-0,$-7,$0,$-14,$0,$0,$0,$0,$0,$-14,$-8,$0,$0
45,2007-06-30,7.93,$0.00,0.0,$5.97,1.33,$0.77,10.26,$0.54,14.69,$0.21B,$0.19B,1.08,$0.04B,$0.17B,0.24,$0.49B,$0.10B,19.84%,$0.49B,$0.03B,6.54%,$0.49B,$0.03B,6.54%,$0.49B,$0.07B,13.50%,$0.49B,$0.04B,8.18%,$0.49B,$0.05B,9.20%,$0.05B,$0.17B,26.47%,$0.05B,$0.12B,30.10%,$0.05B,$0.42B,11.39%,$0.03B,$0.21B,15.40%,$111,$89,$22,$0,$16,$105,$6,$1,$6,$1,$5,$5,$5,$14,$6,$82,82,$0.06,$0.06,$102,$17,$24,$208,$0,$27,$47,$45,$120,$420,$193,$41,$13,$56,$249,$136,$-195,$0,$171,$420,$5,$8,$0,$8,$0,$0,$0,$0,$-24,$-11,$-5,$0,$-23,$0,$0,$2,$-2,$-29,$0,$34,$0,$0,$0,$-2,$0,$32,$-8,$0,$0
46,2007-03-31,9.38,$0.00,0.0,$5.96,1.58,$1.01,9.29,$0.56,16.75,$0.22B,$0.18B,1.25,$0.04B,$0.17B,0.22,$0.49B,$0.10B,19.51%,$0.49B,$0.03B,6.37%,$0.49B,$0.03B,6.37%,$0.49B,$0.07B,13.76%,$0.49B,$0.04B,8.83%,$0.49B,$0.05B,9.45%,$0.05B,$0.17B,27.46%,$0.05B,$0.15B,29.16%,$0.05B,$0.41B,12.04%,$0.03B,$0.21B,15.16%,$145,$115,$29,$0,$18,$134,$11,$1,$11,$0,$11,$10,$10,$38,$11,$82,82,$0.12,$0.12,$115,$9,$17,$224,$0,$31,$24,$42,$98,$406,$180,$37,$11,$55,$235,$143,$-206,$0,$171,$406,$46,$36,$0,$36,$0,$0,$0,$0,$1,$63,$-11,$0,$-1,$0,$0,$-13,$-1,$-26,$0,$-40,$0,$0,$2,$0,$0,$-39,$-1,$0,$0
47,2006-12-31,8.07,$0.00,0.0,$5.86,1.38,$0.96,8.42,$0.64,12.62,$0.22B,$0.16B,1.4,$0.04B,$0.17B,0.21,$0.48B,$0.10B,20.04%,$0.48B,$0.04B,7.52%,$0.48B,$0.04B,7.52%,$0.48B,$0.07B,15.03%,$0.48B,$0.05B,10.65%,$0.48B,$0.05B,11.06%,$0.05B,$0.17B,31.59%,$0.05B,$0.17B,32.57%,$0.05B,$0.38B,13.64%,$0.04B,$0.21B,17.41%,$114,$90,$24,$0,$15,$106,$8,$5,$13,$1,$13,$12,$12,$8,$8,$82,82,$0.14,$0.14,$117,$9,$22,$217,$0,$54,$6,$26,$86,$382,$155,$36,$8,$56,$212,$141,$-214,$0,$170,$382,$12,$9,$0,$9,$0,$0,$0,$0,$0,$17,$-4,$0,$-1,$0,$0,$5,$-0,$0,$0,$-8,$0,$0,$0,$0,$0,$-8,$9,$0,$0
