,Date,Stock Price,Book Value per Share,Price to Book Ratio,TTM Sales per Share,Price to Sales Ratio,TTM FCF per Share,Price to FCF Ratio,TTM Net EPS,PE Ratio,Current Assets,Current Liabilities,Current Ratio,Long Term Debt,Shareholder's Equity_x,Debt to Equity Ratio,TTM Revenue_x,TTM Gross Profit,Gross Margin,TTM Revenue_y,TTM Operating Income,Operating Margin,TTM Revenue_x,TTM EBIT,EBIT Margin,TTM Revenue_y,TTM EBITDA,EBITDA Margin,TTM Revenue_x,TTM Pre-Tax Income,Pre-Tax Margin,TTM Revenue_y,TTM Net Income_x,Net Margin,TTM Net Income_y,Shareholder's Equity_y,Return on Equity,TTM Net Income_x,Tangible Equity,Return on Tangible Equity,TTM Net Income_y,Total Assets,Return on Assets,TTM Net Income,LT Investments & Debt,Return on Investment,revenue,cost-goods-sold,gross-profit,research-development-expenses,selling-general-administrative-expenses,operating-expenses,operating-income,total-non-operating-income-expense,pre-tax-income,total-provision-income-taxes,income-after-taxes,income-from-continuous-operations,net-income,ebitda,ebit,basic-shares-outstanding,shares-outstanding,eps-basic-net-earnings-per-share,eps-earnings-per-share-diluted,cash-on-hand,inventory,other-current-assets,total-current-assets,net-property-plant-equipment,long-term-investments,goodwill-intangible-assets-total,other-long-term-assets,total-long-term-assets,total-assets,total-current-liabilities,long-term-debt,other-non-current-liabilities,total-long-term-liabilities,total-liabilities,common-stock-net,retained-earnings-accumulated-deficit,comprehensive-income,total-share-holder-equity,total-liabilities-share-holders-equity,net-income-loss,total-depreciation-amortization-cash-flow,other-non-cash-items,total-non-cash-items,change-in-accounts-receivable,change-in-inventories,change-in-accounts-payable,change-in-assets-liabilities,total-change-in-assets-liabilities,cash-flow-from-operating-activities,net-change-in-property-plant-equipment,net-change-in-intangible-assets,net-acquisitions-divestitures,net-change-in-short-term-investments,net-change-in-long-term-investments,net-change-in-investments-total,investing-activities-other,cash-flow-from-investing-activities,net-long-term-debt,net-current-debt,debt-issuance-retirement-net-total,net-common-equity-issued-repurchased,net-total-equity-issued-repurchased,total-common-preferred-stock-dividends-paid,financial-activities-other,cash-flow-from-financial-activities,net-cash-flow,stock-based-compensation,common-stock-dividends-paid
0,2018-09-30,56.2,$10.49,5.36,$13.03,4.31,$-0.83,0.0,$0.42,133.81,$0.09B,$0.02B,3.93,$0.00B,$0.09B,0.0,$0.11B,$0.03B,32.38%,$0.11B,$0.01B,5.71%,$0.11B,$0.01B,5.71%,$0.11B,$0.01B,8.57%,$0.11B,$0.01B,4.76%,$0.11B,$0.01B,4.76%,$0.01B,$0.09B,12.50%,$0.01B,$0.08B,18.87%,$0.01B,$0.12B,6.80%,$0.01B,$0.09B,12.50%,$30,$21,$10,$1,$6,$28,$2,$-0,$2,$-0,$2,$2,$2,$3,$2,$8,9,$0.24,$0.22,$46,$19,$8,$87,$11,$2,$13,$4,$30,$117,$22,$0,$4,$4,$26,$9,$-1,$-1,$91,$117,$5,$2,$2,$4,$-5,$-5,$3,$-4,$-11,$-3,$-3,$0,$0,$0,$-1,$-1,$0,$-4,$-11,$0,$-11,$64,$64,$0,$0,$52,$45,$1,$0
1,2018-06-30,40.3,$3.56,11.31,$13.08,3.08,$0.17,237.34,$0.57,70.7,$0.04B,$0.02B,1.56,$0.01B,$0.03B,0.45,$0.10B,$0.03B,32.00%,$0.10B,$0.01B,6.00%,$0.10B,$0.01B,6.00%,$0.10B,$0.01B,8.00%,$0.10B,$0.00B,4.00%,$0.10B,$0.00B,4.00%,$0.00B,$0.03B,17.98%,$0.00B,$0.01B,44.44%,$0.00B,$0.06B,7.17%,$0.01B,$0.04B,18.75%,$30,$20,$10,$1,$6,$27,$3,$-0,$2,$0,$2,$2,$2,$3,$3,$7,8,$0.29,$0.25,$1,$16,$8,$35,$9,$2,$13,$4,$28,$63,$22,$11,$4,$16,$38,$7,$-3,$-1,$25,$63,$3,$1,$1,$3,$-1,$-2,$1,$-3,$-5,$0,$-2,$0,$0,$0,$-1,$-1,$0,$-2,$2,$0,$2,$0,$0,$0,$-0,$2,$0,$1,$0
2,2018-03-31,20.0,$3.30,6.07,$12.49,1.6,$0.32,61.86,$0.40,50.0,$0.03B,$0.02B,1.53,$0.01B,$0.02B,0.48,$0.09B,$0.03B,31.18%,$0.09B,$0.00B,4.30%,$0.09B,$0.00B,4.30%,$0.09B,$0.01B,6.45%,$0.09B,$0.00B,2.15%,$0.09B,$0.00B,3.23%,$0.00B,$0.02B,14.46%,$0.00B,$0.01B,40.00%,$0.00B,$0.06B,5.83%,$0.00B,$0.03B,13.33%,$25,$17,$8,$1,$6,$24,$1,$-0,$1,$0,$1,$1,$1,$2,$1,$7,8,$0.11,$0.10,$1,$15,$6,$33,$8,$2,$14,$4,$27,$60,$22,$11,$4,$15,$37,$7,$-5,$-1,$23,$60,$1,$1,$1,$1,$-2,$-1,$2,$-2,$-3,$-1,$-0,$0,$0,$0,$-0,$-0,$0,$-1,$2,$0,$2,$0,$0,$0,$-0,$2,$0,$0,$0
3,2017-12-31,19.8,$3.11,6.37,$12.37,1.6,$0.42,47.18,$0.24,82.5,$0.03B,$0.02B,1.47,$0.01B,$0.02B,0.44,$0.09B,$0.03B,30.34%,$0.09B,$0.00B,3.37%,$0.09B,$0.00B,3.37%,$0.09B,$0.00B,4.49%,$0.09B,$0.00B,1.12%,$0.09B,$0.00B,2.25%,$0.00B,$0.02B,10.13%,$0.00B,$0.01B,30.77%,$0.00B,$0.05B,4.19%,$0.00B,$0.03B,10.53%,$20,$13,$6,$1,$5,$19,$0,$-0,$-0,$-0,$0,$0,$0,$1,$0,$7,7,$0.02,$0.03,$1,$14,$5,$28,$7,$2,$14,$4,$26,$54,$19,$9,$4,$14,$33,$7,$-6,$-1,$21,$54,$1,$2,$2,$4,$-2,$-3,$4,$-1,$-1,$4,$-2,$0,$-1,$0,$-2,$-2,$0,$-5,$-0,$0,$-0,$0,$0,$0,$-0,$-0,$-0,$1,$0
4,2017-09-30,12.1,$2.98,4.06,$12.43,0.97,$-0.18,0.0,$-0.10,0.0,$0.02B,$0.02B,1.45,$0.01B,$0.02B,0.34,$0.09B,$0.03B,29.89%,$0.09B,$0.00B,3.45%,$0.09B,$0.00B,3.45%,$0.09B,$0.00B,3.45%,$0.09B,0,0.00%,$0.09B,0,0.00%,$0.00B,$0.02B,0.00%,$0.00B,$0.01B,0.00%,$0.00B,$0.05B,0.00%,$0.00B,$0.03B,10.81%,$25,$17,$8,$1,$5,$23,$2,$-1,$1,$0,$1,$1,$1,$2,$2,$7,7,$0.18,$0.17,$1,$15,$1,$24,$6,$1,$13,$1,$22,$46,$16,$7,$1,$9,$25,$7,$-7,$-1,$20,$46,$1,$2,$1,$3,$0,$-2,$2,$-2,$-0,$3,$-1,$0,$0,$0,$-1,$-1,$0,$-2,$-2,$0,$-2,$0,$0,$0,$0,$-2,$-0,$1,$0
5,2017-06-30,8.18,$2.80,2.92,$11.26,0.73,$-0.79,0.0,$-0.44,0.0,$0.02B,$0.02B,1.51,$0.01B,$0.02B,0.46,$0.08B,$0.02B,28.21%,$0.08B,0,0.00%,$0.08B,0,0.00%,$0.08B,$0.00B,1.28%,$0.08B,$-0.00B,-2.56%,$0.08B,$-0.00B,-2.56%,$-0.00B,$0.02B,-10.39%,$-0.00B,$0.01B,-28.57%,$-0.00B,$0.05B,-4.60%,$0.00B,$0.03B,0.00%,$23,$16,$7,$1,$5,$22,$1,$-0,$0,$0,$0,$0,$1,$1,$1,$7,7,$0.10,$0.09,$1,$14,$1,$24,$6,$0,$13,$2,$22,$46,$16,$9,$1,$11,$27,$7,$-8,$-1,$19,$46,$-0,$1,$1,$2,$-1,$-1,$2,$-1,$-1,$1,$-1,$0,$0,$0,$-0,$-0,$0,$-1,$-0,$0,$-0,$0,$0,$0,$-0,$-0,$-0,$0,$0
6,2017-03-31,9.1,$2.71,3.36,$10.74,0.85,$-1.28,0.0,$-0.75,0.0,$0.02B,$0.02B,1.59,$0.01B,$0.02B,0.53,$0.07B,$0.02B,26.39%,$0.07B,$-0.00B,-2.78%,$0.07B,$-0.00B,-2.78%,$0.07B,0,0.00%,$0.07B,$-0.00B,-4.17%,$0.07B,$-0.00B,-5.56%,$-0.00B,$0.02B,-20.25%,$-0.00B,$0.01B,-47.06%,$-0.00B,$0.05B,-9.36%,$-0.00B,$0.03B,-7.14%,$21,$15,$6,$1,$5,$21,$-0,$-0,$-0,$0,$-0,$-0,$-0,$0,$-0,$7,7,$-0.04,$-0.04,$1,$13,$1,$23,$6,$0,$13,$1,$22,$45,$15,$10,$1,$12,$26,$7,$-9,$-1,$19,$45,$-1,$1,$0,$1,$-1,$-1,$2,$-1,$-1,$-1,$-0,$0,$0,$0,$-0,$-0,$0,$-0,$1,$0,$1,$0,$0,$0,$-0,$1,$-0,$0,$0
7,2016-12-31,6.9,$2.79,2.48,$10.53,0.66,$-1.40,0.0,$-0.69,0.0,$0.02B,$0.01B,1.63,$0.01B,$0.02B,0.49,$0.07B,$0.02B,26.09%,$0.07B,$-0.00B,-1.45%,$0.07B,$-0.00B,-1.45%,$0.07B,$0.00B,1.45%,$0.07B,$-0.00B,-4.35%,$0.07B,$-0.00B,-5.80%,$-0.00B,$0.02B,-20.25%,$-0.00B,$0.01B,-41.03%,$-0.00B,$0.04B,-9.47%,$-0.00B,$0.03B,-3.54%,$18,$13,$5,$1,$4,$18,$-0,$-0,$-1,$0,$-1,$-1,$-2,$0,$-0,$6,6,$-0.29,$-0.29,$1,$12,$1,$22,$7,$0,$13,$2,$22,$44,$14,$9,$1,$11,$25,$7,$-9,$-1,$19,$44,$-5,$2,$2,$4,$1,$2,$-1,$-1,$1,$-0,$-2,$0,$-1,$0,$0,$0,$0,$-2,$-0,$0,$-0,$4,$4,$0,$-0,$4,$0,$1,$0
8,2016-09-30,5.79,$2.96,1.96,$10.60,0.55,$-1.60,0.0,$-0.29,0.0,$0.02B,$0.01B,1.98,$0.01B,$0.02B,0.34,$0.07B,$0.02B,26.47%,$0.07B,$0.00B,1.47%,$0.07B,$0.00B,1.47%,$0.07B,$0.00B,4.41%,$0.07B,0,0.00%,$0.07B,$-0.00B,-1.47%,$-0.00B,$0.02B,-5.06%,$-0.00B,$0.01B,-9.52%,$-0.00B,$0.04B,-2.40%,$0.00B,$0.03B,3.57%,$16,$12,$4,$1,$3,$16,$-1,$-0,$-1,$0,$-1,$-1,$-1,$-0,$-1,$7,7,$-0.19,$-0.19,$1,$13,$1,$22,$7,$0,$10,$1,$18,$39,$11,$7,$1,$8,$19,$7,$-7,$-1,$20,$39,$-3,$2,$1,$2,$2,$1,$-2,$-1,$0,$-1,$-2,$0,$0,$0,$0,$0,$-0,$-2,$-1,$0,$-1,$4,$4,$0,$-0,$3,$0,$1,$0
9,2016-06-30,5.34,$3.13,1.7,$11.07,0.48,$-1.39,0.0,0,0.0,$0.03B,$0.01B,2.01,$0.01B,$0.02B,0.36,$0.07B,$0.02B,27.54%,$0.07B,$0.00B,4.35%,$0.07B,$0.00B,4.35%,$0.07B,$0.00B,5.80%,$0.07B,$0.00B,2.90%,$0.07B,$0.00B,1.45%,$0.00B,$0.02B,5.19%,$0.00B,$0.01B,10.00%,$0.00B,$0.04B,2.40%,$0.00B,$0.03B,11.11%,$17,$13,$4,$1,$3,$17,$-1,$-0,$-1,$0,$-1,$-1,$-1,$-0,$-1,$6,6,$-0.23,$-0.23,$1,$15,$1,$25,$7,$0,$10,$1,$18,$43,$12,$8,$1,$9,$22,$7,$-6,$-1,$21,$43,$-2,$1,$0,$1,$0,$-0,$-0,$-1,$-2,$-2,$-1,$0,$0,$0,$0,$0,$-0,$-1,$-0,$0,$-0,$4,$4,$0,$-0,$3,$0,$0,$0
10,2016-03-31,6.37,$3.19,2.0,$11.21,0.57,$-0.95,0.0,$0.31,20.55,$0.03B,$0.01B,1.95,$0.01B,$0.02B,0.5,$0.07B,$0.02B,28.99%,$0.07B,$0.01B,7.25%,$0.07B,$0.01B,7.25%,$0.07B,$0.01B,7.25%,$0.07B,$0.00B,5.80%,$0.07B,$0.00B,4.35%,$0.00B,$0.02B,16.44%,$0.00B,$0.01B,33.33%,$0.00B,$0.04B,7.50%,$0.01B,$0.03B,19.80%,$18,$13,$5,$1,$3,$18,$1,$-0,$0,$0,$0,$0,$0,$1,$1,$6,6,$0.00,$0.00,$1,$15,$1,$26,$7,$0,$10,$1,$18,$43,$13,$10,$1,$11,$24,$6,$-4,$-1,$19,$43,$-0,$0,$0,$1,$-1,$-0,$0,$-1,$-2,$-1,$-1,$0,$0,$0,$0,$0,$-0,$-1,$2,$0,$2,$0,$0,$0,$-0,$2,$0,$0,$0
11,2015-12-31,7.58,$3.16,2.4,$10.97,0.69,$-0.71,0.0,$0.36,21.06,$0.03B,$0.01B,1.83,$0.01B,$0.02B,0.42,$0.07B,$0.02B,27.94%,$0.07B,$0.00B,5.88%,$0.07B,$0.00B,5.88%,$0.07B,$0.01B,7.35%,$0.07B,$0.00B,5.88%,$0.07B,$0.00B,4.41%,$0.00B,$0.02B,17.14%,$0.00B,$0.01B,36.36%,$0.00B,$0.04B,7.95%,$0.00B,$0.03B,17.02%,$17,$12,$5,$0,$3,$16,$2,$-0,$2,$-0,$2,$2,$1,$2,$2,$6,6,$0.13,$0.13,$1,$14,$1,$25,$7,$0,$10,$0,$17,$42,$14,$8,$1,$9,$23,$6,$-4,$-1,$19,$42,$2,$2,$1,$3,$-1,$-4,$2,$-0,$-4,$1,$-4,$0,$-0,$0,$0,$0,$0,$-4,$3,$0,$3,$0,$0,$0,$0,$4,$0,$1,$0
12,2015-09-30,8.11,$3.04,2.67,$10.70,0.76,$0.10,80.3,$0.29,27.97,$0.02B,$0.01B,1.62,$0.01B,$0.02B,0.28,$0.07B,$0.02B,27.27%,$0.07B,$0.00B,6.06%,$0.07B,$0.00B,6.06%,$0.07B,$0.01B,7.58%,$0.07B,$0.00B,6.06%,$0.07B,$0.00B,3.03%,$0.00B,$0.02B,11.94%,$0.00B,$0.01B,25.81%,$0.00B,$0.04B,5.59%,$0.00B,$0.02B,18.18%,$17,$13,$5,$1,$3,$17,$1,$-0,$1,$-0,$1,$1,$1,$1,$1,$6,6,$0.11,$0.10,$1,$13,$1,$23,$6,$0,$9,$0,$16,$39,$14,$5,$1,$6,$20,$6,$-5,$-1,$18,$39,$1,$1,$1,$2,$0,$-3,$2,$-0,$-1,$2,$-3,$0,$0,$0,$0,$0,$-0,$-3,$0,$0,$0,$0,$0,$0,$0,$1,$0,$0,$0
13,2015-06-30,7.32,$2.93,2.5,$10.70,0.68,$0.53,13.9,$0.28,26.14,$0.02B,$0.01B,1.67,$0.01B,$0.02B,0.3,$0.07B,$0.02B,25.76%,$0.07B,$0.00B,6.06%,$0.07B,$0.00B,6.06%,$0.07B,$0.01B,7.58%,$0.07B,$0.00B,6.06%,$0.07B,$0.00B,3.03%,$0.00B,$0.02B,12.31%,$0.00B,$0.01B,28.57%,$0.00B,$0.04B,5.80%,$0.00B,$0.02B,18.82%,$17,$13,$5,$1,$3,$16,$1,$-0,$1,$0,$1,$1,$1,$1,$1,$6,6,$0.09,$0.08,$1,$11,$1,$21,$5,$0,$9,$0,$15,$36,$12,$5,$1,$6,$19,$6,$-5,$-1,$17,$36,$1,$1,$0,$1,$-0,$-1,$1,$0,$-1,$1,$-2,$0,$0,$0,$0,$0,$-0,$-2,$0,$0,$0,$0,$0,$0,$0,$1,$-0,$0,$0
14,2015-03-31,8.01,$2.82,2.84,$10.84,0.74,$0.70,11.4,$0.33,24.28,$0.02B,$0.01B,1.74,$0.01B,$0.02B,0.31,$0.07B,$0.02B,25.37%,$0.07B,$0.00B,5.97%,$0.07B,$0.00B,5.97%,$0.07B,$0.01B,8.96%,$0.07B,$0.00B,5.97%,$0.07B,$0.00B,2.99%,$0.00B,$0.02B,12.70%,$0.00B,$0.01B,30.77%,$0.00B,$0.03B,5.88%,$0.00B,$0.02B,19.28%,$17,$12,$4,$1,$3,$16,$0,$0,$0,$0,$0,$0,$0,$1,$0,$6,6,$0.05,$0.05,$1,$10,$1,$20,$5,$0,$9,$0,$15,$34,$11,$5,$1,$6,$18,$6,$-6,$-1,$16,$34,$0,$0,$0,$1,$0,$0,$-0,$0,$-0,$1,$-1,$0,$0,$0,$0,$0,$0,$-1,$0,$0,$0,$0,$0,$0,$0,$1,$0,$0,$0
15,2014-12-31,6.87,$2.76,2.49,$11.13,0.62,$0.84,8.17,$0.37,18.57,$0.02B,$0.01B,1.66,$0.01B,$0.02B,0.29,$0.07B,$0.02B,26.87%,$0.07B,$0.01B,7.46%,$0.07B,$0.01B,7.46%,$0.07B,$0.01B,8.96%,$0.07B,$0.01B,7.46%,$0.07B,$0.00B,4.48%,$0.00B,$0.02B,19.67%,$0.00B,$0.01B,50.00%,$0.00B,$0.03B,8.89%,$0.01B,$0.02B,25.00%,$15,$11,$4,$1,$2,$14,$2,$-0,$2,$0,$1,$1,$0,$2,$2,$6,6,$0.06,$0.06,$1,$10,$1,$20,$4,$0,$9,$0,$14,$34,$12,$5,$1,$6,$18,$6,$-6,$-0,$16,$34,$2,$2,$1,$3,$-2,$-1,$1,$1,$-2,$3,$-1,$0,$1,$0,$0,$0,$0,$-1,$-2,$0,$-2,$0,$0,$0,$-0,$-2,$0,$0,$0
16,2014-09-30,5.99,$2.68,2.23,$11.24,0.53,$0.80,7.47,$0.06,99.83,$0.02B,$0.01B,1.59,$0.01B,$0.02B,0.29,$0.07B,$0.02B,26.87%,$0.07B,$0.00B,4.48%,$0.07B,$0.00B,4.48%,$0.07B,$0.01B,7.46%,$0.07B,$0.00B,4.48%,$0.07B,$0.00B,2.99%,$0.00B,$0.02B,13.79%,$0.00B,$0.01B,38.10%,$0.00B,$0.03B,5.97%,$0.00B,$0.02B,15.19%,$17,$13,$4,$1,$3,$16,$1,$-0,$1,$0,$1,$1,$1,$1,$1,$6,6,$0.10,$0.09,$1,$10,$1,$20,$4,$0,$9,$1,$14,$34,$12,$5,$1,$6,$18,$6,$-7,$-0,$16,$34,$2,$2,$1,$2,$-2,$-1,$0,$0,$-1,$3,$-1,$0,$1,$0,$0,$0,$0,$-0,$-2,$-0,$-2,$0,$0,$0,$-0,$-2,$0,$0,$0
17,2014-06-30,8.57,$2.58,3.32,$10.63,0.81,$0.79,10.9,$-0.17,0.0,$0.02B,$0.01B,1.51,$0.01B,$0.02B,0.31,$0.06B,$0.02B,27.42%,$0.06B,$0.00B,3.23%,$0.06B,$0.00B,3.23%,$0.06B,$0.00B,6.45%,$0.06B,$0.00B,3.23%,$0.06B,0,0.00%,$0.00B,$0.02B,0.00%,$0.00B,$0.01B,0.00%,$0.00B,$0.03B,0.00%,$0.00B,$0.02B,10.81%,$18,$13,$5,$1,$3,$16,$1,$-0,$1,$0,$1,$1,$1,$2,$1,$6,6,$0.14,$0.13,$1,$10,$1,$20,$4,$0,$9,$1,$15,$34,$13,$5,$1,$6,$19,$6,$-7,$-0,$15,$34,$1,$1,$0,$2,$-2,$-1,$1,$0,$-2,$1,$-1,$0,$1,$0,$0,$0,$0,$-0,$-1,$0,$-1,$0,$0,$0,$-0,$-1,$-0,$0,$0
18,2014-03-31,4.5,$2.44,1.84,$9.77,0.46,$0.74,6.05,$-0.90,0.0,$0.02B,$0.01B,1.48,$0.01B,$0.01B,0.37,$0.06B,$0.01B,25.45%,$0.06B,$-0.00B,-1.82%,$0.06B,$-0.00B,-1.82%,$0.06B,$0.00B,1.82%,$0.06B,$-0.00B,-1.82%,$0.06B,$-0.00B,-7.27%,$-0.00B,$0.01B,-28.07%,$-0.00B,$0.01B,-80.00%,$-0.00B,$0.03B,-11.85%,$-0.00B,$0.02B,-5.26%,$17,$13,$5,$1,$3,$16,$1,$-0,$1,$0,$1,$1,$1,$1,$1,$6,6,$0.09,$0.09,$1,$10,$1,$19,$4,$1,$9,$1,$15,$33,$12,$5,$1,$7,$19,$6,$-8,$-0,$14,$33,$1,$1,$0,$1,$-1,$-0,$1,$0,$-0,$1,$-0,$0,$1,$0,$0,$0,$0,$0,$-1,$0,$-1,$0,$0,$0,$-0,$-1,$0,$0,$0
19,2013-12-31,3.85,$2.32,1.66,$9.30,0.41,$0.68,5.69,$-1.07,0.0,$0.02B,$0.01B,1.53,$0.01B,$0.01B,0.47,$0.05B,$0.01B,25.00%,$0.05B,$-0.00B,-3.85%,$0.05B,$-0.00B,-3.85%,$0.05B,$0.00B,1.92%,$0.05B,$-0.00B,-3.85%,$0.05B,$-0.01B,-9.62%,$-0.01B,$0.01B,-32.79%,$-0.01B,$0.00B,-83.33%,$-0.01B,$0.03B,-14.18%,$-0.00B,$0.02B,-9.76%,$15,$11,$4,$1,$2,$15,$0,$-0,$0,$0,$0,$0,$-1,$1,$0,$6,6,$-0.26,$-0.26,$1,$9,$1,$17,$5,$1,$9,$1,$15,$33,$11,$6,$1,$8,$19,$6,$-9,$-0,$13,$33,$-6,$2,$2,$5,$1,$1,$1,$0,$4,$2,$-1,$0,$0,$0,$0,$0,$0,$-1,$-2,$0,$-2,$0,$0,$0,$-0,$-1,$-0,$1,$0
20,2013-09-30,3.91,$2.55,1.54,$9.15,0.43,$0.48,8.15,$-0.76,0.0,$0.02B,$0.02B,1.01,$0.00B,$0.02B,0.0,$0.05B,$0.01B,25.00%,$0.05B,$-0.00B,-1.92%,$0.05B,$-0.00B,-1.92%,$0.05B,$0.00B,3.85%,$0.05B,$-0.00B,-1.92%,$0.05B,$-0.00B,-7.69%,$-0.00B,$0.02B,-23.88%,$-0.00B,$0.01B,-55.17%,$-0.00B,$0.03B,-10.88%,$-0.00B,$0.02B,-4.55%,$12,$10,$3,$1,$2,$12,$-0,$-0,$-0,$0,$-0,$-0,$-1,$0,$-0,$6,6,$-0.14,$-0.14,$1,$9,$2,$18,$5,$1,$9,$1,$16,$34,$18,$0,$1,$1,$20,$6,$-7,$-0,$15,$34,$-5,$2,$2,$3,$1,$1,$1,$0,$4,$2,$-0,$0,$0,$0,$0,$0,$0,$-0,$-1,$-1,$-2,$0,$0,$0,$-0,$-2,$-0,$0,$0
21,2013-06-30,3.51,$2.66,1.32,$9.35,0.38,$0.10,34.31,$-0.58,0.0,$0.02B,$0.01B,1.66,$0.01B,$0.02B,0.48,$0.05B,$0.01B,24.07%,$0.05B,$-0.00B,-1.85%,$0.05B,$-0.00B,-1.85%,$0.05B,$0.00B,3.70%,$0.05B,$-0.00B,-1.85%,$0.05B,$-0.00B,-5.56%,$-0.00B,$0.02B,-17.14%,$-0.00B,$0.01B,-36.36%,$-0.00B,$0.04B,-7.79%,$-0.00B,$0.02B,-4.04%,$11,$10,$2,$1,$2,$13,$-2,$-0,$-2,$0,$-2,$-2,$-3,$-1,$-2,$6,6,$-0.60,$-0.60,$1,$10,$1,$19,$5,$1,$9,$1,$16,$35,$12,$7,$1,$9,$20,$6,$-6,$-0,$15,$35,$-4,$1,$1,$3,$1,$0,$0,$0,$2,$1,$-0,$0,$0,$0,$0,$0,$0,$-0,$-0,$-0,$-1,$0,$0,$0,$0,$-0,$-0,$0,$0
22,2013-03-31,4.57,$3.23,1.41,$9.97,0.46,$-0.01,0.0,$0.01,0.0,$0.02B,$0.01B,1.71,$0.01B,$0.02B,0.38,$0.06B,$0.02B,25.86%,$0.06B,$0.00B,3.45%,$0.06B,$0.00B,3.45%,$0.06B,$0.00B,6.90%,$0.06B,$0.00B,1.72%,$0.06B,0,0.00%,$0.00B,$0.02B,0.00%,$0.00B,$0.01B,0.00%,$0.00B,$0.04B,0.00%,$0.00B,$0.03B,7.77%,$14,$10,$4,$1,$2,$14,$0,$-0,$-0,$-0,$-0,$-0,$-0,$1,$0,$6,6,$-0.08,$-0.08,$1,$12,$2,$21,$6,$1,$10,$1,$18,$39,$13,$7,$1,$8,$21,$6,$-3,$-0,$18,$39,$-0,$1,$0,$1,$0,$-1,$0,$-1,$0,$0,$-0,$0,$0,$0,$0,$0,$0,$-0,$-1,$0,$-0,$0,$0,$0,$0,$-0,$-0,$0,$0
23,2012-12-31,4.05,$3.29,1.23,$10.27,0.39,$0.03,135.45,$0.13,31.15,$0.02B,$0.01B,1.76,$0.01B,$0.02B,0.39,$0.06B,$0.02B,24.59%,$0.06B,$0.00B,4.92%,$0.06B,$0.00B,4.92%,$0.06B,$0.00B,6.56%,$0.06B,$0.00B,1.64%,$0.06B,0,0.00%,$0.00B,$0.02B,0.00%,$0.00B,$0.01B,0.00%,$0.00B,$0.04B,0.00%,$0.00B,$0.03B,11.65%,$15,$11,$4,$1,$2,$14,$1,$-0,$1,$0,$1,$1,$0,$2,$1,$6,6,$0.06,$0.05,$1,$10,$1,$21,$6,$1,$10,$1,$19,$39,$12,$7,$1,$9,$20,$6,$-2,$-0,$19,$39,$1,$2,$-0,$2,$2,$1,$-2,$-1,$-1,$2,$-2,$0,$0,$0,$1,$1,$0,$-1,$-1,$0,$-1,$0,$0,$0,$-0,$-1,$0,$0,$0
24,2012-09-30,5.1,$3.22,1.59,$9.66,0.53,$-0.48,0.0,$0.01,510.0,$0.02B,$0.01B,1.63,$0.01B,$0.02B,0.41,$0.06B,$0.01B,24.56%,$0.06B,$0.00B,5.26%,$0.06B,$0.00B,5.26%,$0.06B,$0.00B,7.02%,$0.06B,$0.00B,1.75%,$0.06B,0,0.00%,$0.00B,$0.02B,0.00%,$0.00B,$0.01B,0.00%,$0.00B,$0.04B,0.00%,$0.00B,$0.03B,11.65%,$14,$11,$3,$1,$2,$14,$-0,$1,$0,$0,$0,$0,$0,$0,$-0,$6,6,$0.04,$0.04,$1,$12,$1,$22,$7,$1,$10,$1,$19,$41,$14,$8,$1,$9,$23,$6,$-3,$-0,$18,$41,$0,$2,$-0,$1,$0,$-0,$-1,$-0,$-1,$1,$-1,$0,$1,$0,$0,$0,$0,$-1,$-0,$0,$-0,$0,$0,$0,$0,$0,$0,$0,$0
25,2012-06-30,6.6,$3.15,2.09,$9.78,0.68,$-0.59,0.0,$-0.12,0.0,$0.02B,$0.01B,1.62,$0.01B,$0.02B,0.44,$0.06B,$0.01B,24.56%,$0.06B,$0.00B,5.26%,$0.06B,$0.00B,5.26%,$0.06B,$0.00B,7.02%,$0.06B,0,0.00%,$0.06B,0,0.00%,$0.00B,$0.02B,0.00%,$0.00B,$0.01B,0.00%,$0.00B,$0.04B,0.00%,$0.00B,$0.03B,11.88%,$15,$11,$4,$1,$2,$14,$1,$-0,$0,$0,$0,$0,$-0,$1,$1,$6,6,$-0.01,$-0.01,$1,$12,$1,$22,$7,$1,$10,$1,$19,$41,$13,$8,$1,$9,$23,$6,$-3,$-0,$18,$41,$0,$1,$0,$1,$1,$-0,$-2,$-1,$-1,$1,$-1,$0,$0,$0,$0,$0,$0,$-1,$0,$0,$0,$0,$0,$0,$0,$0,$0,$0,$0
26,2012-03-31,6.77,$3.15,2.15,$9.64,0.7,$-0.49,0.0,$-0.16,0.0,$0.02B,$0.01B,1.56,$0.01B,$0.02B,0.4,$0.06B,$0.01B,23.21%,$0.06B,$0.00B,3.57%,$0.06B,$0.00B,3.57%,$0.06B,$0.00B,5.36%,$0.06B,0,0.00%,$0.06B,0,0.00%,$0.00B,$0.02B,0.00%,$0.00B,$0.01B,0.00%,$0.00B,$0.04B,0.00%,$0.00B,$0.03B,8.00%,$17,$12,$4,$1,$3,$16,$1,$-0,$0,$0,$0,$0,$0,$1,$1,$6,6,$0.04,$0.04,$1,$12,$1,$21,$7,$1,$10,$1,$19,$40,$14,$7,$1,$9,$22,$6,$-3,$-0,$18,$40,$0,$1,$0,$1,$1,$-0,$-1,$-1,$0,$1,$-0,$0,$0,$0,$0,$0,$0,$-0,$-1,$0,$-1,$0,$0,$0,$-0,$-1,$0,$0,$0
27,2011-12-31,6.26,$3.09,2.03,$9.34,0.67,$-0.41,0.0,$-0.25,0.0,$0.02B,$0.01B,1.61,$0.01B,$0.02B,0.47,$0.05B,$0.01B,22.64%,$0.05B,$0.00B,1.89%,$0.05B,$0.00B,1.89%,$0.05B,$0.00B,3.77%,$0.05B,0,0.00%,$0.05B,0,0.00%,$0.00B,$0.02B,0.00%,$0.00B,$0.01B,0.00%,$0.00B,$0.04B,0.00%,$0.00B,$0.03B,4.04%,$11,$7,$3,$1,$1,$9,$1,$-0,$1,$-0,$1,$1,$-0,$2,$1,$6,6,$-0.06,$-0.06,$1,$12,$1,$22,$7,$1,$10,$1,$19,$41,$13,$8,$1,$10,$23,$6,$-3,$-0,$17,$41,$-1,$2,$-0,$2,$-0,$-3,$3,$-1,$-1,$-0,$-3,$0,$0,$0,$0,$0,$0,$-3,$3,$-0,$3,$0,$0,$0,$-0,$2,$-0,$0,$0
28,2011-09-30,3.07,$3.14,0.98,$10.07,0.3,$0.01,247.58,$-0.22,0.0,$0.02B,$0.01B,1.65,$0.01B,$0.02B,0.38,$0.06B,$0.01B,21.43%,$0.06B,0,0.00%,$0.06B,0,0.00%,$0.06B,$0.00B,1.79%,$0.06B,$-0.00B,-1.79%,$0.06B,0,0.00%,$0.00B,$0.02B,0.00%,$0.00B,$0.01B,0.00%,$0.00B,$0.04B,0.00%,$0.00B,$0.02B,0.00%,$14,$11,$3,$1,$2,$14,$-0,$-0,$-1,$-0,$-0,$-0,$-0,$0,$-0,$6,6,$-0.09,$-0.09,$1,$10,$1,$20,$6,$1,$10,$1,$19,$38,$12,$7,$1,$9,$21,$6,$-3,$-0,$18,$38,$-1,$2,$-0,$1,$0,$-1,$1,$-1,$0,$1,$-2,$0,$0,$0,$0,$0,$0,$-2,$1,$-0,$1,$0,$0,$0,$-0,$1,$-0,$0,$0
29,2011-06-30,3.89,$3.25,1.2,$10.22,0.38,$0.21,18.76,$-0.09,0.0,$0.02B,$0.01B,1.88,$0.01B,$0.02B,0.37,$0.06B,$0.01B,22.81%,$0.06B,0,0.00%,$0.06B,0,0.00%,$0.06B,$0.00B,3.51%,$0.06B,0,0.00%,$0.06B,0,0.00%,$0.00B,$0.02B,0.00%,$0.00B,$0.01B,0.00%,$0.00B,$0.04B,0.00%,$0.00B,$0.03B,0.00%,$14,$11,$3,$1,$2,$14,$-0,$-0,$-0,$-0,$-0,$-0,$-0,$0,$-0,$6,6,$-0.05,$-0.05,$1,$9,$1,$18,$6,$1,$10,$1,$18,$37,$10,$7,$1,$9,$19,$6,$-2,$-0,$18,$37,$-1,$1,$-0,$1,$1,$-0,$1,$-1,$1,$1,$-1,$0,$0,$0,$0,$0,$0,$-1,$0,$-0,$-0,$0,$0,$0,$-0,$-0,$0,$0,$0
30,2011-03-31,4.0,$3.29,1.22,$10.38,0.39,$0.28,14.4,$0.01,0.0,$0.02B,$0.01B,1.82,$0.01B,$0.02B,0.32,$0.06B,$0.01B,24.14%,$0.06B,$0.00B,1.72%,$0.06B,$0.00B,1.72%,$0.06B,$0.00B,5.17%,$0.06B,0,0.00%,$0.06B,0,0.00%,$0.00B,$0.02B,0.00%,$0.00B,$0.01B,0.00%,$0.00B,$0.04B,0.00%,$0.00B,$0.02B,4.04%,$14,$11,$3,$1,$2,$14,$-0,$0,$-0,$-0,$-0,$-0,$-0,$0,$-0,$6,6,$-0.05,$-0.05,$1,$9,$1,$18,$6,$1,$10,$1,$18,$36,$10,$6,$1,$8,$18,$6,$-2,$-0,$18,$36,$-0,$1,$-0,$0,$1,$-0,$1,$-0,$1,$1,$-0,$0,$0,$0,$0,$0,$0,$-0,$-1,$-0,$-1,$0,$0,$0,$0,$-1,$0,$0,$0
31,2010-12-31,3.91,$3.34,1.17,$10.56,0.37,$0.19,20.09,$0.06,65.17,$0.02B,$0.01B,1.94,$0.01B,$0.02B,0.35,$0.06B,$0.02B,25.42%,$0.06B,$0.00B,1.69%,$0.06B,$0.00B,1.69%,$0.06B,$0.00B,6.78%,$0.06B,0,0.00%,$0.06B,0,0.00%,$0.00B,$0.02B,0.00%,$0.00B,$0.01B,0.00%,$0.00B,$0.04B,0.00%,$0.00B,$0.03B,4.00%,$14,$11,$3,$1,$2,$14,$0,$-0,$-0,$0,$-0,$-0,$-0,$1,$0,$5,6,$-0.02,$-0.02,$1,$8,$0,$18,$6,$1,$10,$1,$19,$36,$9,$6,$1,$9,$18,$6,$-2,$-0,$19,$36,$0,$3,$1,$3,$-1,$-0,$-0,$0,$-2,$2,$-2,$0,$1,$0,$0,$0,$-0,$-1,$-1,$0,$-1,$0,$0,$0,$-0,$-1,$-0,$0,$0
32,2010-09-30,4.16,$3.36,1.24,$10.57,0.39,$0.37,11.34,$-0.20,0.0,$0.02B,$0.01B,1.96,$0.01B,$0.02B,0.39,$0.06B,$0.02B,27.12%,$0.06B,$0.00B,1.69%,$0.06B,$0.00B,1.69%,$0.06B,$0.00B,6.78%,$0.06B,0,0.00%,$0.06B,$-0.00B,-3.39%,$-0.00B,$0.02B,-11.27%,$-0.00B,$0.01B,-24.24%,$-0.00B,$0.04B,-5.37%,$0.00B,$0.03B,4.00%,$15,$11,$4,$1,$2,$14,$0,$-0,$0,$0,$0,$0,$0,$1,$0,$5,6,$0.04,$0.04,$1,$9,$1,$19,$6,$1,$10,$1,$19,$38,$10,$7,$1,$9,$19,$6,$-1,$-0,$18,$38,$1,$2,$0,$2,$-1,$-1,$0,$-0,$-2,$1,$-1,$0,$1,$0,$0,$0,$0,$-0,$-1,$-0,$-1,$0,$0,$0,$0,$-0,$0,$0,$0
33,2010-06-30,5.35,$3.28,1.63,$10.32,0.52,$0.45,11.92,$-0.38,0.0,$0.02B,$0.01B,1.82,$0.01B,$0.02B,0.35,$0.06B,$0.02B,26.32%,$0.06B,$0.00B,1.75%,$0.06B,$0.00B,1.75%,$0.06B,$0.00B,7.02%,$0.06B,$-0.00B,-1.75%,$0.06B,$-0.00B,-5.26%,$-0.00B,$0.02B,-16.67%,$-0.00B,$0.01B,-37.50%,$-0.00B,$0.04B,-7.89%,$0.00B,$0.02B,3.96%,$15,$11,$4,$1,$2,$14,$1,$-0,$0,$0,$0,$0,$0,$1,$1,$5,6,$0.05,$0.05,$1,$8,$0,$17,$7,$1,$10,$1,$19,$36,$10,$6,$1,$9,$18,$6,$-2,$-0,$18,$36,$0,$1,$0,$2,$-1,$-0,$-0,$0,$-0,$1,$-1,$0,$1,$0,$0,$0,$0,$0,$-1,$0,$-1,$0,$0,$0,$-0,$-1,$0,$0,$0
34,2010-03-31,3.9,$3.22,1.21,$10.05,0.39,$0.21,19.01,$-0.57,0.0,$0.02B,$0.01B,1.75,$0.01B,$0.02B,0.4,$0.06B,$0.01B,25.45%,$0.06B,0,0.00%,$0.06B,0,0.00%,$0.06B,$0.00B,5.45%,$0.06B,$-0.00B,-1.82%,$0.06B,$-0.00B,-7.27%,$-0.00B,$0.02B,-21.92%,$-0.00B,$0.01B,-45.71%,$-0.00B,$0.04B,-10.39%,$0.00B,$0.03B,0.00%,$15,$11,$4,$1,$2,$14,$0,$-0,$0,$0,$0,$0,$0,$1,$0,$5,5,$0.00,$0.00,$1,$8,$1,$19,$7,$1,$10,$1,$19,$38,$11,$7,$1,$10,$20,$6,$-2,$-0,$18,$38,$0,$1,$0,$1,$-1,$-0,$0,$0,$0,$1,$-0,$0,$0,$0,$0,$0,$0,$-0,$-1,$0,$-0,$0,$0,$0,$0,$-0,$0,$0,$0
35,2009-12-31,3.22,$3.20,1.01,$9.61,0.34,$0.12,26.24,$-0.76,0.0,$0.02B,$0.01B,1.89,$0.01B,$0.02B,0.44,$0.05B,$0.01B,23.08%,$0.05B,$-0.00B,-1.92%,$0.05B,$-0.00B,-1.92%,$0.05B,$0.00B,3.85%,$0.05B,$-0.00B,-3.85%,$0.05B,$-0.01B,-9.62%,$-0.01B,$0.02B,-27.03%,$-0.01B,$0.01B,-52.63%,$-0.01B,$0.04B,-13.07%,$-0.00B,$0.03B,-3.92%,$14,$11,$4,$1,$2,$14,$0,$-0,$0,$-0,$0,$0,$-2,$1,$0,$5,5,$-0.29,$-0.29,$1,$8,$1,$18,$7,$1,$10,$1,$19,$37,$10,$8,$1,$10,$20,$6,$-2,$-0,$17,$37,$-4,$2,$2,$4,$2,$1,$1,$0,$2,$2,$-1,$0,$-1,$0,$0,$0,$0,$-2,$1,$0,$1,$0,$0,$0,$-0,$1,$0,$1,$0
36,2009-09-30,3.27,$3.47,0.94,$8.38,0.39,$0.36,9.05,$-0.44,0.0,$0.02B,$0.01B,1.96,$0.01B,$0.02B,0.45,$0.05B,$0.01B,23.91%,$0.05B,0,0.00%,$0.05B,0,0.00%,$0.05B,$0.00B,4.35%,$0.05B,$-0.00B,-2.17%,$0.05B,$-0.00B,-6.52%,$-0.00B,$0.02B,-15.58%,$-0.00B,$0.01B,-27.91%,$-0.00B,$0.04B,-7.74%,$0.00B,$0.03B,0.00%,$13,$10,$3,$1,$2,$13,$-0,$-1,$-1,$0,$-1,$-1,$-1,$1,$-0,$5,5,$-0.14,$-0.14,$2,$9,$1,$20,$7,$1,$11,$1,$20,$41,$10,$8,$1,$11,$22,$6,$-0,$-0,$19,$41,$-2,$2,$0,$2,$2,$-0,$1,$-0,$1,$1,$-1,$0,$-1,$0,$0,$0,$0,$-2,$1,$0,$1,$0,$0,$0,$-0,$2,$1,$0,$0
37,2009-06-30,2.7,$3.56,0.76,$8.95,0.3,$0.32,8.35,$-0.24,0.0,$0.02B,$0.01B,1.99,$0.01B,$0.02B,0.32,$0.05B,$0.01B,24.49%,$0.05B,0,0.00%,$0.05B,0,0.00%,$0.05B,$0.00B,4.08%,$0.05B,0,0.00%,$0.05B,$-0.00B,-4.08%,$-0.00B,$0.02B,-10.26%,$-0.00B,$0.01B,-17.02%,$-0.00B,$0.04B,-5.19%,$0.00B,$0.03B,0.00%,$13,$10,$3,$1,$2,$13,$-0,$-0,$-0,$0,$-0,$-0,$-1,$0,$-0,$5,5,$-0.11,$-0.11,$1,$9,$1,$20,$7,$1,$8,$1,$18,$38,$10,$6,$1,$9,$19,$6,$0,$-0,$19,$38,$-2,$1,$0,$1,$1,$-0,$0,$0,$-0,$-0,$-1,$0,$0,$0,$0,$0,$0,$-0,$-0,$0,$0,$0,$0,$0,$-0,$0,$-0,$0,$0
38,2009-03-31,3.12,$3.64,0.86,$9.70,0.32,$0.63,4.95,$-0.03,0.0,$0.02B,$0.01B,2.1,$0.01B,$0.02B,0.3,$0.05B,$0.01B,24.07%,$0.05B,$0.00B,1.85%,$0.05B,$0.00B,1.85%,$0.05B,$0.00B,5.56%,$0.05B,0,0.00%,$0.05B,$-0.00B,-1.85%,$-0.00B,$0.02B,-5.06%,$-0.00B,$0.01B,-8.51%,$-0.00B,$0.04B,-2.56%,$0.00B,$0.03B,3.74%,$12,$10,$2,$1,$2,$13,$-1,$-0,$-1,$-0,$-1,$-1,$-1,$-0,$-1,$5,5,$-0.19,$-0.19,$1,$9,$1,$19,$8,$1,$8,$2,$19,$37,$9,$6,$2,$9,$18,$6,$1,$-0,$19,$37,$-1,$1,$0,$1,$2,$0,$0,$-0,$1,$0,$-0,$0,$0,$0,$0,$0,$0,$-0,$-0,$-0,$-0,$0,$0,$0,$-0,$-0,$-0,$0,$0
39,2008-12-31,3.6,$3.80,0.95,$10.45,0.34,$0.30,11.95,$0.19,18.95,$0.02B,$0.01B,2.13,$0.01B,$0.02B,0.31,$0.06B,$0.02B,25.42%,$0.06B,$0.00B,3.39%,$0.06B,$0.00B,3.39%,$0.06B,$0.00B,6.78%,$0.06B,$0.00B,1.69%,$0.06B,0,0.00%,$0.00B,$0.02B,0.00%,$0.00B,$0.01B,0.00%,$0.00B,$0.04B,0.00%,$0.00B,$0.03B,7.27%,$8,$5,$3,$1,$1,$7,$1,$-0,$1,$0,$0,$0,$0,$1,$1,$5,6,$0.03,$0.03,$1,$8,$1,$20,$7,$1,$8,$2,$19,$39,$9,$6,$2,$10,$19,$6,$2,$-0,$20,$39,$1,$2,$0,$3,$-1,$1,$-1,$0,$-2,$2,$-0,$0,$0,$0,$0,$0,$0,$-0,$-2,$-1,$-2,$0,$0,$0,$-0,$-2,$-0,$1,$0
40,2008-09-30,3.94,$3.76,1.05,$10.82,0.36,$0.07,58.63,$0.28,14.07,$0.02B,$0.01B,2.21,$0.01B,$0.02B,0.38,$0.06B,$0.02B,24.59%,$0.06B,$0.00B,3.28%,$0.06B,$0.00B,3.28%,$0.06B,$0.00B,6.56%,$0.06B,0,0.00%,$0.06B,$0.00B,1.64%,$0.00B,$0.02B,5.13%,$0.00B,$0.01B,9.09%,$0.00B,$0.04B,2.48%,$0.00B,$0.03B,7.34%,$16,$12,$4,$1,$3,$16,$0,$-0,$0,$0,$0,$0,$0,$1,$0,$5,5,$0.06,$0.06,$1,$9,$1,$21,$8,$2,$8,$2,$19,$40,$9,$8,$2,$11,$20,$6,$2,$-0,$20,$40,$1,$2,$0,$2,$-2,$1,$-1,$-0,$-3,$0,$-0,$0,$0,$0,$0,$0,$0,$-0,$-1,$-1,$-1,$0,$0,$0,$-0,$-1,$-1,$0,$0
41,2008-06-30,8.4,$3.69,2.28,$11.19,0.75,$-0.18,0.0,$0.34,24.71,$0.02B,$0.01B,2.06,$0.01B,$0.02B,0.37,$0.06B,$0.02B,25.40%,$0.06B,$0.00B,4.76%,$0.06B,$0.00B,4.76%,$0.06B,$0.01B,7.94%,$0.06B,$0.00B,1.59%,$0.06B,$0.00B,3.17%,$0.00B,$0.02B,10.67%,$0.00B,$0.01B,19.51%,$0.00B,$0.04B,4.94%,$0.00B,$0.03B,11.21%,$18,$13,$4,$1,$3,$17,$1,$-0,$0,$0,$0,$0,$0,$1,$1,$5,6,$0.08,$0.07,$2,$9,$1,$21,$8,$2,$8,$2,$19,$40,$10,$7,$2,$11,$21,$6,$1,$-0,$20,$40,$1,$1,$0,$1,$-1,$1,$-1,$-0,$-1,$1,$0,$0,$0,$0,$0,$0,$0,$0,$-1,$-0,$-1,$0,$0,$0,$-0,$-1,$0,$0,$0
42,2008-03-31,8.08,$3.57,2.26,$11.15,0.72,$-0.65,0.0,$0.37,21.84,$0.02B,$0.01B,2.19,$0.01B,$0.02B,0.48,$0.06B,$0.02B,25.81%,$0.06B,$0.00B,4.84%,$0.06B,$0.00B,4.84%,$0.06B,$0.01B,8.06%,$0.06B,$0.00B,3.23%,$0.06B,$0.00B,4.84%,$0.00B,$0.02B,16.90%,$0.00B,$0.01B,31.58%,$0.00B,$0.04B,7.36%,$0.00B,$0.03B,11.32%,$17,$13,$4,$1,$3,$16,$0,$-0,$0,$0,$0,$0,$0,$1,$0,$5,6,$0.03,$0.03,$2,$10,$1,$22,$8,$2,$8,$2,$20,$41,$10,$9,$2,$13,$22,$6,$1,$-0,$19,$41,$0,$1,$0,$1,$-1,$0,$-0,$-0,$-2,$-1,$-0,$0,$0,$0,$0,$0,$0,$-0,$2,$-0,$2,$0,$0,$0,$-0,$2,$0,$0,$0
43,2007-12-31,12.48,$3.51,3.56,$10.90,1.14,$-0.67,0.0,$0.35,35.66,$0.02B,$0.01B,1.89,$0.01B,$0.02B,0.39,$0.06B,$0.02B,25.00%,$0.06B,$0.00B,5.00%,$0.06B,$0.00B,5.00%,$0.06B,$0.01B,8.33%,$0.06B,$0.00B,3.33%,$0.06B,$0.00B,5.00%,$0.00B,$0.02B,17.65%,$0.00B,$0.01B,32.43%,$0.00B,$0.04B,7.64%,$0.00B,$0.03B,12.12%,$10,$7,$3,$1,$1,$9,$1,$-0,$0,$-0,$1,$1,$1,$1,$1,$5,6,$0.12,$0.11,$1,$10,$1,$20,$8,$2,$8,$2,$20,$40,$11,$7,$2,$11,$21,$6,$1,$-0,$19,$40,$2,$2,$0,$3,$1,$-0,$-2,$-1,$-1,$4,$-3,$0,$-5,$0,$0,$0,$0,$-7,$3,$-0,$3,$1,$1,$0,$-0,$4,$0,$0,$0
44,2007-09-30,9.3,$3.27,2.84,$11.81,0.79,$-0.63,0.0,$0.31,30.0,$0.02B,$0.01B,1.98,$0.01B,$0.02B,0.55,$0.06B,$0.02B,23.44%,$0.06B,$0.00B,4.69%,$0.06B,$0.00B,4.69%,$0.06B,$0.01B,7.81%,$0.06B,$0.00B,4.69%,$0.06B,$0.00B,3.13%,$0.00B,$0.02B,12.31%,$0.00B,$0.01B,21.62%,$0.00B,$0.04B,5.30%,$0.00B,$0.03B,12.90%,$18,$13,$5,$1,$3,$17,$1,$-0,$1,$0,$1,$1,$1,$2,$1,$5,6,$0.13,$0.12,$1,$10,$1,$22,$8,$2,$8,$1,$19,$41,$11,$9,$2,$13,$24,$6,$0,$-0,$17,$41,$1,$2,$0,$2,$1,$-0,$-2,$-1,$-2,$1,$-2,$0,$-5,$0,$0,$0,$0,$-6,$5,$1,$6,$0,$0,$0,$-0,$6,$0,$0,$0
45,2007-06-30,6.85,$3.14,2.18,$10.80,0.63,$-0.04,0.0,$0.27,25.37,$0.02B,$0.01B,1.93,$0.01B,$0.02B,0.61,$0.06B,$0.01B,22.41%,$0.06B,$0.00B,5.17%,$0.06B,$0.00B,5.17%,$0.06B,$0.00B,6.90%,$0.06B,$0.00B,5.17%,$0.06B,$0.00B,1.72%,$0.00B,$0.02B,6.35%,$0.00B,$0.01B,10.81%,$0.00B,$0.04B,2.88%,$0.00B,$0.03B,14.12%,$17,$13,$4,$1,$3,$16,$1,$-0,$1,$0,$1,$1,$1,$1,$1,$5,5,$0.10,$0.10,$1,$10,$0,$21,$9,$2,$8,$2,$20,$41,$11,$10,$2,$14,$25,$6,$-0,$-0,$16,$41,$1,$1,$0,$1,$0,$-0,$-2,$-0,$-2,$0,$-2,$0,$-5,$0,$0,$0,$0,$-6,$6,$0,$6,$0,$0,$0,$0,$6,$0,$0,$0
46,2007-03-31,5.9,$3.03,1.95,$10.11,0.58,$0.73,8.12,$0.25,23.6,$0.02B,$0.01B,1.98,$0.01B,$0.02B,0.35,$0.05B,$0.01B,24.07%,$0.05B,$0.00B,5.56%,$0.05B,$0.00B,5.56%,$0.05B,$0.00B,7.41%,$0.05B,$0.00B,5.56%,$0.05B,0,0.00%,$0.00B,$0.02B,0.00%,$0.00B,$0.01B,0.00%,$0.00B,$0.04B,0.00%,$0.00B,$0.02B,15.58%,$15,$11,$3,$1,$2,$14,$0,$-0,$0,$0,$0,$0,$0,$1,$0,$5,5,$0.01,$0.01,$1,$10,$0,$19,$7,$2,$6,$1,$16,$35,$10,$5,$2,$9,$19,$6,$-1,$-0,$16,$35,$0,$0,$0,$1,$1,$-1,$-2,$-0,$-2,$-1,$-1,$0,$0,$0,$0,$0,$0,$-1,$1,$1,$2,$0,$0,$0,$0,$2,$0,$0,$0
47,2006-12-31,4.97,$3.01,1.65,$9.69,0.51,$1.11,4.47,$0.21,23.67,$0.02B,$0.01B,1.82,$0.00B,$0.02B,0.28,$0.05B,$0.01B,25.49%,$0.05B,$0.00B,5.88%,$0.05B,$0.00B,5.88%,$0.05B,$0.00B,5.88%,$0.05B,$0.00B,5.88%,$0.05B,0,0.00%,$0.00B,$0.02B,0.00%,$0.00B,$0.01B,0.00%,$0.00B,$0.03B,0.00%,$0.00B,$0.02B,15.79%,$14,$11,$3,$1,$2,$14,$1,$-0,$1,$0,$0,$0,$0,$1,$1,$5,5,$0.10,$0.09,$1,$9,$0,$19,$7,$2,$6,$1,$15,$34,$10,$4,$2,$8,$19,$6,$-1,$-0,$16,$34,$1,$2,$0,$2,$-1,$-2,$2,$-0,$-2,$2,$-1,$0,$-0,$0,$0,$0,$0,$-1,$-2,$1,$-1,$0,$0,$0,$-0,$-1,$-0,$0,$0
