,Date,Stock Price,Book Value per Share,Price to Book Ratio,TTM Sales per Share,Price to Sales Ratio,TTM FCF per Share,Price to FCF Ratio,TTM Net EPS,PE Ratio,Current Assets,Current Liabilities,Current Ratio,Long Term Debt,Shareholder's Equity_x,Debt to Equity Ratio,TTM Revenue_x,TTM Gross Profit,Gross Margin,TTM Revenue_y,TTM Operating Income,Operating Margin,TTM Revenue_x,TTM EBIT,EBIT Margin,TTM Revenue_y,TTM EBITDA,EBITDA Margin,TTM Revenue_x,TTM Pre-Tax Income,Pre-Tax Margin,TTM Revenue_y,TTM Net Income_x,Net Margin,TTM Net Income_y,Shareholder's Equity_y,Return on Equity,TTM Net Income_x,Tangible Equity,Return on Tangible Equity,TTM Net Income_y,Total Assets,Return on Assets,TTM Net Income,LT Investments & Debt,Return on Investment,revenue,cost-goods-sold,gross-profit,research-development-expenses,selling-general-administrative-expenses,operating-expenses,operating-income,total-non-operating-income-expense,pre-tax-income,total-provision-income-taxes,income-after-taxes,income-from-continuous-operations,net-income,ebitda,ebit,basic-shares-outstanding,shares-outstanding,eps-basic-net-earnings-per-share,eps-earnings-per-share-diluted,cash-on-hand,inventory,other-current-assets,total-current-assets,net-property-plant-equipment,long-term-investments,goodwill-intangible-assets-total,other-long-term-assets,total-long-term-assets,total-assets,total-current-liabilities,long-term-debt,other-non-current-liabilities,total-long-term-liabilities,total-liabilities,common-stock-net,retained-earnings-accumulated-deficit,comprehensive-income,total-share-holder-equity,total-liabilities-share-holders-equity,net-income-loss,total-depreciation-amortization-cash-flow,other-non-cash-items,total-non-cash-items,change-in-accounts-receivable,change-in-inventories,change-in-accounts-payable,change-in-assets-liabilities,total-change-in-assets-liabilities,cash-flow-from-operating-activities,net-change-in-property-plant-equipment,net-change-in-intangible-assets,net-acquisitions-divestitures,net-change-in-short-term-investments,net-change-in-long-term-investments,net-change-in-investments-total,investing-activities-other,cash-flow-from-investing-activities,net-long-term-debt,net-current-debt,debt-issuance-retirement-net-total,net-common-equity-issued-repurchased,net-total-equity-issued-repurchased,total-common-preferred-stock-dividends-paid,financial-activities-other,cash-flow-from-financial-activities,net-cash-flow,stock-based-compensation,common-stock-dividends-paid
0,2018-09-30,47.3,$16.41,2.88,$18.08,2.62,$-0.45,0.0,$1.42,33.31,$0.82B,$0.23B,3.63,$0.52B,$1.04B,0.5,$1.21B,$0.48B,39.47%,$1.21B,$0.14B,11.81%,$1.21B,$0.14B,11.81%,$1.21B,$0.23B,18.74%,$1.21B,$0.13B,10.49%,$1.21B,$0.09B,7.68%,$0.09B,$1.04B,9.19%,$0.09B,$0.61B,15.45%,$0.09B,$1.88B,5.26%,$0.14B,$1.56B,9.69%,$314,$191,$124,$0,$54,$277,$37,$-5,$32,$6,$26,$26,$26,$59,$37,$63,66,$0.41,$0.40,$271,$265,$0,$817,$542,$75,$436,$9,$1063,$1881,$225,$517,$65,$612,$837,$360,$862,$-14,$1044,$1881,$26,$22,$1,$24,$-10,$-14,$5,$10,$-31,$19,$-36,$0,$-45,$0,$-4,$-4,$0,$-86,$95,$0,$95,$5,$5,$0,$-7,$93,$24,$3,$0
1,2018-06-30,43.45,$16.18,2.68,$17.34,2.51,$-0.58,0.0,$1.34,32.43,$0.76B,$0.24B,3.22,$0.42B,$1.02B,0.41,$1.16B,$0.46B,39.69%,$1.16B,$0.14B,11.73%,$1.16B,$0.14B,11.73%,$1.16B,$0.22B,18.72%,$1.16B,$0.12B,10.53%,$1.16B,$0.09B,7.59%,$0.09B,$1.02B,8.92%,$0.09B,$0.63B,15.06%,$0.09B,$1.76B,5.20%,$0.14B,$1.44B,9.55%,$321,$194,$127,$0,$56,$283,$38,$-4,$34,$7,$27,$27,$27,$61,$38,$62,65,$0.44,$0.43,$247,$248,$0,$762,$525,$69,$396,$8,$1000,$1762,$236,$419,$55,$501,$737,$352,$836,$-4,$1024,$1762,$88,$81,$14,$94,$-21,$-39,$17,$14,$-21,$161,$-153,$0,$-81,$0,$-52,$-52,$1,$-285,$445,$-292,$153,$-39,$-39,$0,$-17,$97,$-25,$15,$0
2,2018-03-31,40.9,$16.25,2.52,$16.65,2.46,$-1.00,0.0,$1.42,28.8,$0.75B,$0.20B,3.68,$0.45B,$1.02B,0.45,$1.11B,$0.44B,39.75%,$1.11B,$0.13B,12.05%,$1.11B,$0.13B,12.05%,$1.11B,$0.21B,18.97%,$1.11B,$0.12B,10.97%,$1.11B,$0.09B,8.45%,$0.09B,$1.02B,9.83%,$0.09B,$0.61B,16.90%,$0.09B,$1.74B,5.80%,$0.13B,$1.47B,9.79%,$295,$176,$118,$0,$53,$260,$35,$-4,$31,$1,$30,$30,$30,$55,$35,$62,72,$0.48,$0.45,$263,$250,$0,$746,$508,$68,$404,$9,$991,$1737,$203,$454,$39,$519,$722,$347,$809,$17,$1015,$1737,$61,$58,$8,$66,$6,$-33,$12,$-1,$-13,$114,$-116,$0,$-81,$0,$-52,$-52,$0,$-248,$168,$0,$168,$-41,$-41,$0,$-14,$113,$-9,$12,$0
3,2017-12-31,46.95,$15.46,3.04,$16.35,2.87,$-1.29,0.0,$1.32,35.57,$0.72B,$0.18B,4.02,$0.47B,$0.96B,0.48,$1.06B,$0.42B,39.74%,$1.06B,$0.13B,12.05%,$1.06B,$0.13B,12.05%,$1.06B,$0.20B,18.83%,$1.06B,$0.12B,11.30%,$1.06B,$0.09B,8.10%,$0.09B,$0.96B,9.39%,$0.09B,$0.56B,16.23%,$0.09B,$1.69B,5.64%,$0.13B,$1.43B,9.96%,$281,$172,$109,$0,$49,$249,$33,$-3,$30,$20,$10,$10,$10,$52,$33,$62,65,$0.15,$0.15,$254,$235,$0,$723,$481,$67,$405,$8,$964,$1688,$180,$466,$41,$544,$724,$341,$779,$2,$964,$1688,$31,$38,$17,$55,$-0,$-23,$5,$1,$-26,$60,$-78,$0,$-81,$0,$-51,$-51,$0,$-210,$183,$0,$183,$-43,$-43,$0,$-14,$126,$-17,$8,$0
4,2017-09-30,41.15,$15.18,2.71,$15.62,2.64,$-1.00,0.0,$1.54,26.72,$0.69B,$0.18B,3.89,$0.41B,$0.94B,0.43,$1.01B,$0.41B,40.18%,$1.01B,$0.12B,12.04%,$1.01B,$0.12B,12.04%,$1.01B,$0.19B,18.76%,$1.01B,$0.12B,12.04%,$1.01B,$0.10B,9.87%,$0.10B,$0.94B,11.37%,$0.10B,$0.54B,19.71%,$0.10B,$1.58B,7.02%,$0.12B,$1.35B,10.18%,$262,$156,$106,$0,$51,$232,$30,$-3,$27,$6,$21,$21,$21,$49,$30,$63,65,$0.34,$0.32,$241,$224,$0,$694,$461,$12,$406,$8,$890,$1584,$178,$408,$30,$462,$640,$334,$769,$-3,$944,$1584,$21,$19,$0,$19,$3,$-14,$3,$-3,$-28,$12,$-37,$0,$-79,$0,$0,$0,$0,$-117,$128,$0,$128,$-46,$-46,$0,$-14,$68,$-31,$4,$0
5,2017-06-30,34.3,$14.26,2.4,$15.09,2.27,$-0.78,0.0,$1.48,23.18,$0.70B,$0.19B,3.8,$0.32B,$0.90B,0.36,$0.97B,$0.39B,39.98%,$0.97B,$0.12B,11.92%,$0.97B,$0.12B,11.92%,$0.97B,$0.18B,18.50%,$0.97B,$0.12B,12.23%,$0.97B,$0.10B,9.76%,$0.10B,$0.90B,11.26%,$0.10B,$0.52B,19.62%,$0.10B,$1.48B,7.11%,$0.12B,$1.22B,10.37%,$274,$165,$109,$0,$47,$238,$36,$-2,$34,$1,$33,$33,$33,$55,$36,$63,65,$0.52,$0.50,$272,$204,$0,$702,$368,$12,$384,$8,$775,$1477,$185,$322,$54,$392,$577,$270,$748,$-14,$901,$1477,$95,$64,$9,$72,$-26,$-25,$7,$-5,$-49,$119,$-139,$0,$-40,$0,$0,$0,$1,$-177,$129,$-25,$104,$15,$15,$0,$-8,$112,$53,$12,$0
6,2017-03-31,36.05,$13.52,2.67,$14.69,2.45,$0.56,64.44,$1.21,29.79,$0.64B,$0.17B,3.85,$0.28B,$0.85B,0.33,$0.94B,$0.37B,39.68%,$0.94B,$0.11B,11.60%,$0.94B,$0.11B,11.60%,$0.94B,$0.17B,17.98%,$0.94B,$0.11B,12.02%,$0.94B,$0.08B,8.09%,$0.08B,$0.85B,9.34%,$0.08B,$0.51B,16.48%,$0.08B,$1.35B,5.98%,$0.11B,$1.14B,10.26%,$245,$147,$98,$0,$43,$216,$29,$0,$29,$7,$22,$22,$22,$44,$29,$63,65,$0.36,$0.35,$248,$192,$0,$639,$336,$12,$347,$8,$709,$1348,$166,$282,$34,$329,$495,$262,$715,$-26,$853,$1348,$63,$45,$5,$49,$-8,$-20,$8,$-3,$-34,$78,$-99,$0,$-1,$0,$0,$0,$2,$-98,$44,$0,$44,$15,$15,$0,$-5,$54,$29,$9,$0
7,2016-12-31,29.65,$13.10,2.26,$14.17,2.09,$1.65,17.99,$1.10,26.95,$0.61B,$0.16B,3.8,$0.27B,$0.82B,0.33,$0.90B,$0.35B,39.22%,$0.90B,$0.10B,11.00%,$0.90B,$0.10B,11.00%,$0.90B,$0.16B,17.67%,$0.90B,$0.10B,11.22%,$0.90B,$0.07B,7.67%,$0.07B,$0.82B,8.68%,$0.07B,$0.47B,16.03%,$0.07B,$1.29B,5.57%,$0.10B,$1.09B,9.58%,$232,$138,$94,$0,$43,$205,$27,$5,$32,$8,$24,$24,$24,$42,$27,$62,64,$0.38,$0.37,$246,$183,$0,$610,$305,$12,$350,$10,$683,$1293,$161,$267,$34,$313,$474,$258,$693,$-29,$819,$1293,$40,$30,$5,$35,$12,$-13,$1,$-3,$-16,$59,$-58,$0,$-1,$0,$0,$0,$0,$-58,$29,$0,$29,$8,$8,$0,$-3,$34,$28,$6,$0
8,2016-09-30,24.33,$12.87,1.89,$13.63,1.79,$2.32,10.47,$1.04,23.39,$0.59B,$0.15B,3.79,$0.23B,$0.80B,0.29,$0.86B,$0.33B,38.42%,$0.86B,$0.09B,10.94%,$0.86B,$0.09B,10.94%,$0.86B,$0.15B,17.81%,$0.86B,$0.09B,10.59%,$0.86B,$0.06B,7.45%,$0.06B,$0.80B,8.22%,$0.06B,$0.45B,15.10%,$0.06B,$1.23B,5.44%,$0.09B,$1.03B,9.57%,$222,$134,$88,$0,$42,$198,$24,$0,$24,$8,$16,$16,$16,$39,$24,$62,64,$0.26,$0.26,$220,$183,$0,$585,$261,$12,$355,$10,$644,$1228,$154,$228,$34,$274,$428,$249,$669,$-15,$801,$1228,$16,$15,$5,$20,$8,$-8,$8,$-6,$-17,$20,$-30,$0,$0,$0,$0,$0,$0,$-30,$14,$0,$14,$2,$2,$0,$-3,$12,$2,$3,$0
9,2016-06-30,18.76,$12.64,1.48,$13.16,1.43,$2.69,6.97,$1.05,17.87,$0.58B,$0.17B,3.4,$0.22B,$0.78B,0.28,$0.83B,$0.31B,37.89%,$0.83B,$0.09B,11.14%,$0.83B,$0.09B,11.14%,$0.83B,$0.15B,18.04%,$0.83B,$0.09B,10.77%,$0.83B,$0.07B,7.87%,$0.07B,$0.78B,8.53%,$0.07B,$0.42B,15.57%,$0.07B,$1.21B,5.76%,$0.09B,$1.00B,9.75%,$241,$149,$93,$0,$44,$213,$29,$-1,$28,$14,$14,$14,$14,$44,$29,$61,63,$0.24,$0.23,$218,$175,$0,$583,$243,$11,$358,$9,$629,$1212,$171,$215,$32,$258,$430,$244,$653,$-14,$782,$1212,$65,$57,$11,$67,$-21,$-9,$6,$1,$-10,$123,$-58,$0,$-77,$0,$0,$0,$0,$-135,$125,$-66,$60,$3,$3,$0,$-1,$61,$45,$10,$0
10,2016-03-31,21.71,$12.63,1.72,$12.47,1.74,$2.89,7.51,$1.09,19.92,$0.54B,$0.15B,3.65,$0.24B,$0.78B,0.31,$0.78B,$0.30B,37.72%,$0.78B,$0.09B,11.00%,$0.78B,$0.09B,11.00%,$0.78B,$0.14B,18.16%,$0.78B,$0.08B,10.74%,$0.78B,$0.07B,8.70%,$0.07B,$0.78B,9.08%,$0.07B,$0.38B,16.42%,$0.07B,$1.22B,6.24%,$0.09B,$1.02B,9.39%,$205,$127,$78,$0,$43,$186,$19,$-2,$17,$2,$15,$15,$15,$34,$19,$61,63,$0.24,$0.24,$187,$182,$0,$540,$253,$13,$396,$9,$682,$1222,$148,$243,$32,$296,$444,$242,$638,$-0,$778,$1222,$51,$42,$7,$49,$-5,$-9,$-0,$-9,$-19,$81,$-33,$0,$-119,$0,$0,$0,$0,$-151,$87,$0,$87,$1,$1,$0,$-2,$86,$14,$9,$0
11,2015-12-31,18.56,$12.28,1.51,$12.14,1.53,$2.85,6.51,$1.09,17.03,$0.50B,$0.13B,3.79,$0.13B,$0.75B,0.17,$0.76B,$0.28B,37.24%,$0.76B,$0.09B,11.18%,$0.76B,$0.09B,11.18%,$0.76B,$0.14B,18.16%,$0.76B,$0.08B,10.79%,$0.76B,$0.07B,8.95%,$0.07B,$0.75B,9.29%,$0.07B,$0.44B,16.35%,$0.07B,$1.04B,6.52%,$0.09B,$0.88B,9.66%,$191,$120,$71,$0,$37,$170,$22,$0,$22,$3,$19,$19,$19,$36,$22,$61,63,$0.31,$0.30,$177,$168,$0,$496,$201,$12,$310,$9,$548,$1043,$131,$126,$28,$161,$291,$235,$624,$-5,$752,$1043,$36,$27,$2,$29,$11,$-8,$-5,$-2,$-3,$62,$-19,$0,$0,$0,$0,$0,$0,$-19,$-30,$0,$-30,$-4,$-4,$0,$-2,$-36,$3,$7,$0
12,2015-09-30,16.08,$12.03,1.34,$11.92,1.35,$2.45,6.56,$1.13,14.23,$0.50B,$0.13B,3.98,$0.14B,$0.74B,0.19,$0.75B,$0.28B,36.86%,$0.75B,$0.08B,10.72%,$0.75B,$0.08B,10.72%,$0.75B,$0.13B,17.69%,$0.75B,$0.09B,11.39%,$0.75B,$0.07B,9.52%,$0.07B,$0.74B,9.88%,$0.07B,$0.42B,17.79%,$0.07B,$1.03B,6.80%,$0.08B,$0.88B,9.05%,$189,$118,$71,$0,$36,$167,$22,$0,$22,$5,$17,$17,$17,$35,$22,$61,63,$0.28,$0.27,$164,$167,$0,$497,$201,$12,$314,$9,$537,$1034,$125,$142,$26,$174,$299,$231,$605,$1,$735,$1034,$17,$13,$3,$16,$6,$-5,$-5,$-0,$-11,$22,$-9,$0,$0,$0,$0,$0,$0,$-9,$-14,$0,$-14,$-5,$-5,$0,$-2,$-20,$-10,$4,$0
13,2015-06-30,18.98,$11.91,1.59,$11.86,1.6,$1.92,9.89,$1.06,17.91,$0.51B,$0.14B,3.69,$0.16B,$0.73B,0.21,$0.74B,$0.27B,36.61%,$0.74B,$0.08B,10.36%,$0.74B,$0.08B,10.36%,$0.74B,$0.13B,17.50%,$0.74B,$0.08B,10.77%,$0.74B,$0.07B,8.88%,$0.07B,$0.73B,9.36%,$0.07B,$0.41B,17.29%,$0.07B,$1.06B,6.28%,$0.08B,$0.89B,8.66%,$197,$122,$75,$0,$39,$173,$23,$-1,$23,$5,$17,$17,$17,$37,$23,$61,63,$0.28,$0.27,$174,$164,$0,$513,$204,$12,$318,$9,$545,$1058,$139,$156,$27,$190,$329,$227,$587,$9,$729,$1058,$66,$53,$10,$64,$-11,$-4,$0,$7,$-0,$129,$-52,$0,$0,$0,$0,$0,$0,$-52,$-66,$0,$-66,$-8,$-8,$0,$-3,$-76,$-1,$11,$0
14,2015-03-31,18.46,$11.63,1.59,$11.67,1.58,$1.73,10.68,$0.99,18.65,$0.49B,$0.13B,3.75,$0.17B,$0.71B,0.24,$0.73B,$0.26B,35.29%,$0.73B,$0.07B,9.40%,$0.73B,$0.07B,9.40%,$0.73B,$0.12B,16.49%,$0.73B,$0.07B,9.67%,$0.73B,$0.06B,8.45%,$0.06B,$0.71B,8.96%,$0.06B,$0.39B,17.01%,$0.06B,$1.04B,5.88%,$0.07B,$0.88B,7.74%,$183,$117,$66,$0,$35,$165,$18,$-2,$15,$1,$15,$15,$15,$30,$18,$61,63,$0.24,$0.23,$155,$164,$0,$489,$202,$12,$321,$9,$549,$1038,$130,$168,$22,$197,$327,$227,$570,$8,$711,$1038,$49,$39,$9,$48,$-6,$-6,$-4,$3,$-12,$86,$-40,$0,$0,$0,$0,$0,$0,$-40,$-54,$0,$-54,$-9,$-9,$0,$-3,$-65,$-20,$9,$0
15,2014-12-31,13.65,$11.48,1.19,$11.47,1.19,$1.75,7.8,$0.88,15.51,$0.49B,$0.13B,3.89,$0.19B,$0.70B,0.28,$0.73B,$0.25B,34.21%,$0.73B,$0.06B,8.28%,$0.73B,$0.06B,8.28%,$0.73B,$0.11B,15.59%,$0.73B,$0.07B,8.97%,$0.73B,$0.06B,7.72%,$0.06B,$0.70B,8.23%,$0.06B,$0.37B,16.08%,$0.06B,$1.05B,5.25%,$0.06B,$0.89B,6.67%,$177,$114,$63,$0,$34,$160,$17,$8,$25,$3,$22,$22,$22,$30,$17,$61,62,$0.36,$0.35,$155,$166,$0,$490,$206,$12,$327,$9,$556,$1046,$126,$193,$21,$220,$346,$222,$556,$15,$700,$1046,$34,$27,$6,$33,$-5,$-5,$-6,$-4,$-18,$49,$-32,$0,$0,$0,$0,$0,$0,$-32,$-29,$0,$-29,$-9,$-9,$0,$-1,$-39,$-20,$6,$0
16,2014-09-30,11.77,$11.12,1.06,$11.32,1.04,$2.11,5.57,$0.65,18.11,$0.50B,$0.14B,3.72,$0.22B,$0.68B,0.32,$0.72B,$0.24B,33.06%,$0.72B,$0.05B,7.36%,$0.72B,$0.05B,7.36%,$0.72B,$0.11B,14.86%,$0.72B,$0.05B,6.94%,$0.72B,$0.04B,5.83%,$0.04B,$0.68B,6.25%,$0.04B,$0.35B,12.42%,$0.04B,$1.06B,3.87%,$0.05B,$0.90B,5.83%,$186,$118,$68,$0,$36,$166,$19,$-3,$17,$4,$12,$12,$12,$33,$19,$62,63,$0.20,$0.20,$145,$163,$0,$503,$207,$12,$329,$9,$559,$1062,$135,$217,$21,$245,$380,$219,$534,$16,$682,$1062,$12,$14,$7,$21,$-31,$-1,$3,$-4,$-32,$1,$-22,$0,$0,$0,$0,$0,$0,$-22,$-5,$0,$-5,$-4,$-4,$0,$-1,$-10,$-29,$4,$0
17,2014-06-30,14.46,$10.98,1.32,$10.71,1.35,$2.72,5.32,$0.60,24.1,$0.51B,$0.14B,3.74,$0.22B,$0.68B,0.33,$0.68B,$0.23B,33.04%,$0.68B,$0.05B,6.87%,$0.68B,$0.05B,6.87%,$0.68B,$0.10B,14.47%,$0.68B,$0.05B,6.73%,$0.68B,$0.04B,5.85%,$0.04B,$0.68B,6.01%,$0.04B,$0.34B,11.63%,$0.04B,$1.07B,3.74%,$0.05B,$0.90B,5.25%,$188,$126,$62,$0,$36,$173,$15,$-1,$14,$2,$13,$13,$13,$28,$15,$62,64,$0.20,$0.20,$175,$166,$0,$506,$209,$12,$333,$9,$566,$1072,$135,$222,$32,$262,$397,$214,$521,$19,$675,$1072,$38,$53,$8,$61,$-28,$13,$20,$-2,$-4,$95,$-29,$0,$-178,$0,$0,$0,$0,$-207,$128,$0,$128,$-16,$-16,$0,$-13,$99,$-11,$12,$0
18,2014-03-31,15.43,$10.74,1.44,$10.10,1.53,$2.97,5.2,$0.56,27.55,$0.52B,$0.14B,3.82,$0.24B,$0.67B,0.37,$0.65B,$0.22B,34.06%,$0.65B,$0.05B,8.20%,$0.65B,$0.05B,8.20%,$0.65B,$0.10B,15.94%,$0.65B,$0.05B,8.20%,$0.65B,$0.04B,5.73%,$0.04B,$0.67B,5.64%,$0.04B,$0.33B,10.14%,$0.04B,$1.09B,3.64%,$0.05B,$0.91B,6.18%,$174,$119,$55,$0,$34,$165,$9,$0,$9,$0,$9,$9,$9,$22,$9,$62,64,$0.14,$0.13,$186,$175,$0,$516,$212,$11,$340,$9,$574,$1090,$135,$243,$36,$290,$425,$210,$509,$18,$665,$1090,$26,$39,$8,$48,$-18,$4,$22,$-5,$-5,$69,$-21,$0,$-178,$0,$0,$0,$0,$-198,$149,$0,$149,$-7,$-7,$0,$-12,$129,$0,$10,$0
19,2013-12-31,17.58,$10.66,1.65,$9.64,1.82,$3.01,5.83,$0.68,25.85,$0.53B,$0.13B,4.22,$0.26B,$0.67B,0.39,$0.62B,$0.22B,35.06%,$0.62B,$0.06B,10.06%,$0.62B,$0.06B,10.06%,$0.62B,$0.11B,17.86%,$0.62B,$0.06B,10.23%,$0.62B,$0.04B,7.14%,$0.04B,$0.67B,6.81%,$0.04B,$0.33B,11.34%,$0.04B,$1.12B,4.60%,$0.06B,$0.93B,7.57%,$172,$118,$53,$0,$32,$162,$10,$-0,$10,$2,$7,$7,$8,$24,$10,$63,64,$0.12,$0.12,$213,$177,$0,$534,$226,$12,$333,$9,$583,$1116,$126,$263,$46,$322,$449,$207,$500,$20,$667,$1116,$17,$26,$6,$32,$-5,$1,$19,$-6,$6,$56,$-14,$0,$-175,$0,$0,$0,$0,$-189,$169,$0,$169,$3,$3,$0,$-12,$160,$27,$7,$0
20,2013-09-30,18.8,$10.46,1.8,$8.90,2.11,$3.11,6.04,$0.75,25.07,$0.49B,$0.11B,4.63,$0.19B,$0.65B,0.29,$0.57B,$0.21B,36.91%,$0.57B,$0.07B,11.78%,$0.57B,$0.07B,11.78%,$0.57B,$0.11B,19.68%,$0.57B,$0.07B,12.83%,$0.57B,$0.05B,8.44%,$0.05B,$0.65B,7.57%,$0.05B,$0.38B,11.74%,$0.05B,$1.00B,5.39%,$0.07B,$0.85B,8.68%,$150,$94,$56,$0,$35,$137,$13,$-1,$13,$3,$10,$10,$10,$25,$13,$62,64,$0.16,$0.15,$195,$168,$0,$493,$196,$11,$279,$14,$507,$1000,$107,$191,$30,$239,$345,$203,$493,$18,$654,$1000,$10,$12,$4,$16,$5,$1,$2,$-6,$-2,$24,$-7,$0,$-96,$0,$0,$0,$0,$-102,$97,$0,$97,$2,$2,$0,$-12,$87,$10,$4,$0
21,2013-06-30,16.26,$10.22,1.59,$8.62,1.89,$3.10,5.24,$0.80,20.33,$0.46B,$0.09B,4.88,$0.11B,$0.64B,0.18,$0.55B,$0.20B,36.84%,$0.55B,$0.07B,12.89%,$0.55B,$0.07B,12.89%,$0.55B,$0.11B,20.51%,$0.55B,$0.08B,13.97%,$0.55B,$0.05B,9.26%,$0.05B,$0.64B,8.21%,$0.05B,$0.43B,11.71%,$0.05B,$0.86B,6.24%,$0.07B,$0.75B,9.92%,$150,$93,$56,$0,$30,$128,$21,$-0,$21,$5,$16,$16,$10,$32,$21,$62,64,$0.16,$0.16,$185,$142,$0,$461,$171,$11,$210,$8,$403,$864,$94,$114,$15,$133,$228,$194,$483,$16,$636,$864,$52,$41,$18,$59,$5,$2,$-9,$-6,$-3,$108,$-25,$0,$-126,$0,$2,$2,$5,$-145,$102,$0,$102,$-16,$-16,$0,$-0,$86,$50,$12,$0
22,2013-03-31,17.04,$10.11,1.68,$8.12,2.1,$2.51,6.78,$0.86,19.81,$0.44B,$0.08B,5.44,$0.12B,$0.63B,0.19,$0.52B,$0.20B,39.23%,$0.52B,$0.08B,14.81%,$0.52B,$0.08B,14.81%,$0.52B,$0.12B,22.50%,$0.52B,$0.09B,16.35%,$0.52B,$0.06B,10.58%,$0.06B,$0.63B,9.02%,$0.06B,$0.42B,12.34%,$0.06B,$0.85B,7.07%,$0.08B,$0.75B,11.34%,$144,$93,$51,$0,$27,$126,$18,$1,$19,$3,$16,$16,$16,$29,$18,$62,64,$0.26,$0.25,$156,$153,$0,$441,$173,$11,$211,$9,$408,$849,$81,$121,$14,$140,$221,$191,$479,$12,$628,$849,$42,$30,$13,$43,$9,$-7,$-8,$-12,$-17,$68,$-17,$0,$-126,$0,$0,$0,$4,$-140,$109,$0,$109,$-16,$-16,$0,$-0,$93,$21,$9,$0
23,2012-12-31,18.23,$9.90,1.84,$7.91,2.3,$2.10,8.66,$0.83,21.96,$0.44B,$0.08B,5.3,$0.12B,$0.62B,0.2,$0.51B,$0.20B,39.10%,$0.51B,$0.08B,14.93%,$0.51B,$0.08B,14.93%,$0.51B,$0.11B,22.40%,$0.51B,$0.09B,16.70%,$0.51B,$0.05B,10.41%,$0.05B,$0.62B,8.86%,$0.05B,$0.42B,11.64%,$0.05B,$0.85B,7.18%,$0.08B,$0.74B,11.86%,$125,$78,$47,$0,$26,$110,$15,$4,$20,$7,$13,$13,$12,$26,$15,$63,64,$0.19,$0.19,$163,$152,$0,$437,$184,$11,$199,$9,$410,$847,$82,$124,$18,$147,$229,$186,$464,$14,$617,$847,$26,$19,$12,$32,$20,$-9,$-5,$-4,$4,$61,$-13,$0,$-126,$0,$0,$0,$4,$-136,$112,$0,$112,$-9,$-9,$0,$-1,$102,$28,$7,$0
24,2012-09-30,19.02,$9.64,1.97,$7.93,2.4,$1.67,11.41,$0.85,22.38,$0.42B,$0.07B,5.91,$0.02B,$0.60B,0.03,$0.51B,$0.20B,38.16%,$0.51B,$0.08B,14.68%,$0.51B,$0.08B,14.68%,$0.51B,$0.11B,21.72%,$0.51B,$0.08B,15.85%,$0.51B,$0.05B,10.57%,$0.05B,$0.60B,9.23%,$0.05B,$0.48B,11.74%,$0.05B,$0.71B,7.76%,$0.08B,$0.62B,12.49%,$132,$83,$49,$0,$27,$116,$17,$1,$17,$4,$13,$13,$13,$26,$17,$63,64,$0.20,$0.20,$153,$135,$0,$418,$152,$11,$124,$7,$293,$711,$71,$18,$13,$36,$107,$183,$451,$12,$604,$711,$13,$9,$3,$12,$6,$3,$-6,$-5,$-2,$23,$-6,$0,$0,$0,$0,$0,$0,$-6,$5,$0,$5,$-5,$-5,$0,$0,$0,$18,$3,$0
25,2012-06-30,16.67,$9.41,1.77,$8.03,2.08,$1.42,11.72,$0.94,17.73,$0.41B,$0.08B,4.9,$0.01B,$0.59B,0.02,$0.52B,$0.20B,38.88%,$0.52B,$0.08B,15.67%,$0.52B,$0.08B,15.67%,$0.52B,$0.12B,22.44%,$0.52B,$0.09B,17.21%,$0.52B,$0.06B,11.61%,$0.06B,$0.59B,10.51%,$0.06B,$0.47B,13.49%,$0.06B,$0.71B,8.77%,$0.08B,$0.60B,13.80%,$119,$62,$57,$0,$24,$91,$27,$2,$29,$5,$24,$24,$14,$36,$27,$63,64,$0.23,$0.22,$135,$138,$0,$410,$154,$11,$125,$7,$296,$706,$84,$13,$13,$31,$115,$176,$435,$10,$591,$706,$61,$35,$15,$49,$-10,$-15,$3,$-3,$-22,$88,$-43,$0,$-46,$0,$3,$3,$1,$-85,$-7,$0,$-7,$-2,$-2,$0,$-5,$-15,$-15,$12,$0
26,2012-03-31,23.65,$9.25,2.56,$8.26,2.86,$1.23,19.19,$1.06,22.31,$0.39B,$0.07B,5.28,$0.01B,$0.58B,0.02,$0.53B,$0.20B,37.55%,$0.53B,$0.08B,15.09%,$0.53B,$0.08B,15.09%,$0.53B,$0.11B,21.51%,$0.53B,$0.09B,16.23%,$0.53B,$0.07B,12.83%,$0.07B,$0.58B,12.28%,$0.07B,$0.46B,15.61%,$0.07B,$0.69B,10.15%,$0.08B,$0.60B,14.02%,$133,$87,$46,$0,$23,$116,$17,$2,$19,$5,$14,$14,$14,$26,$17,$63,65,$0.22,$0.22,$120,$140,$0,$392,$152,$11,$126,$7,$295,$688,$74,$14,$11,$31,$106,$173,$424,$14,$582,$688,$47,$26,$9,$35,$-6,$-11,$-1,$-5,$-24,$58,$-33,$0,$-46,$0,$0,$0,$2,$-77,$-6,$0,$-6,$2,$2,$0,$-6,$-10,$-30,$9,$0
27,2011-12-31,18.36,$8.98,2.04,$8.23,2.23,$1.33,13.84,$1.20,15.3,$0.38B,$0.08B,4.63,$0.02B,$0.56B,0.03,$0.53B,$0.21B,39.09%,$0.53B,$0.09B,16.89%,$0.53B,$0.09B,16.89%,$0.53B,$0.12B,22.96%,$0.53B,$0.09B,17.84%,$0.53B,$0.08B,14.61%,$0.08B,$0.56B,14.50%,$0.08B,$0.44B,18.28%,$0.08B,$0.68B,11.88%,$0.09B,$0.58B,16.32%,$127,$83,$43,$0,$24,$113,$14,$1,$16,$2,$14,$14,$13,$23,$14,$63,64,$0.21,$0.21,$124,$143,$0,$379,$150,$16,$128,$6,$300,$678,$82,$17,$11,$33,$115,$169,$410,$14,$563,$678,$32,$17,$6,$23,$8,$-15,$1,$-8,$-12,$43,$-23,$0,$-46,$0,$0,$0,$0,$-69,$1,$0,$1,$0,$0,$0,$0,$1,$-26,$7,$0
28,2011-09-30,17.5,$8.73,2.0,$8.15,2.15,$1.31,13.41,$1.29,13.57,$0.37B,$0.08B,4.68,$0.02B,$0.55B,0.04,$0.52B,$0.21B,40.88%,$0.52B,$0.10B,19.19%,$0.52B,$0.10B,19.19%,$0.52B,$0.13B,24.95%,$0.52B,$0.10B,19.58%,$0.52B,$0.08B,15.93%,$0.08B,$0.55B,16.41%,$0.08B,$0.42B,20.48%,$0.08B,$0.67B,13.38%,$0.10B,$0.57B,19.35%,$138,$83,$55,$0,$27,$115,$23,$2,$25,$6,$19,$19,$19,$31,$23,$63,64,$0.30,$0.29,$111,$140,$0,$366,$147,$16,$128,$6,$300,$666,$78,$22,$12,$40,$119,$166,$397,$14,$547,$666,$19,$8,$4,$12,$3,$-12,$-1,$-10,$-16,$14,$-13,$0,$-46,$0,$0,$0,$0,$-59,$6,$0,$6,$0,$0,$0,$0,$6,$-39,$5,$0
29,2011-06-30,25.6,$8.35,3.07,$7.89,3.24,$1.37,18.66,$1.30,19.77,$0.40B,$0.09B,4.35,$0.02B,$0.52B,0.03,$0.50B,$0.21B,41.15%,$0.50B,$0.10B,19.88%,$0.50B,$0.10B,19.88%,$0.50B,$0.13B,25.45%,$0.50B,$0.10B,20.28%,$0.50B,$0.08B,16.30%,$0.08B,$0.52B,17.15%,$0.08B,$0.43B,21.08%,$0.08B,$0.65B,13.94%,$0.10B,$0.54B,20.65%,$132,$77,$55,$0,$24,$106,$26,$0,$26,$4,$22,$22,$22,$34,$26,$62,64,$0.35,$0.35,$149,$126,$0,$396,$138,$15,$93,$5,$252,$647,$91,$15,$11,$33,$124,$159,$378,$13,$523,$647,$83,$28,$3,$31,$-7,$-40,$3,$7,$-41,$73,$-41,$0,$-14,$0,$0,$0,$2,$-52,$15,$0,$15,$6,$6,$0,$-2,$19,$41,$10,$0
30,2011-03-31,24.88,$7.87,3.16,$7.66,3.25,$1.81,13.73,$1.21,20.56,$0.36B,$0.09B,3.98,$0.00B,$0.49B,0.01,$0.48B,$0.19B,39.88%,$0.48B,$0.10B,19.63%,$0.48B,$0.10B,19.63%,$0.48B,$0.12B,25.21%,$0.48B,$0.10B,20.04%,$0.48B,$0.08B,15.70%,$0.08B,$0.49B,16.89%,$0.08B,$0.40B,20.88%,$0.08B,$0.60B,13.72%,$0.10B,$0.49B,20.96%,$130,$77,$53,$0,$23,$104,$26,$1,$27,$4,$23,$23,$23,$33,$26,$62,64,$0.37,$0.36,$128,$111,$0,$358,$132,$15,$92,$5,$244,$602,$90,$4,$11,$21,$111,$154,$356,$8,$491,$602,$61,$21,$3,$24,$-8,$-26,$6,$3,$-25,$60,$-29,$0,$-14,$0,$0,$0,$2,$-41,$0,$0,$0,$5,$5,$0,$-4,$1,$20,$8,$0
31,2010-12-31,23.18,$7.42,3.13,$7.20,3.22,$2.04,11.37,$1.02,22.84,$0.33B,$0.08B,4.22,$0.00B,$0.46B,0.01,$0.45B,$0.18B,39.60%,$0.45B,$0.08B,18.58%,$0.45B,$0.08B,18.58%,$0.45B,$0.11B,24.34%,$0.45B,$0.08B,18.58%,$0.45B,$0.06B,13.94%,$0.06B,$0.46B,14.84%,$0.06B,$0.37B,18.50%,$0.06B,$0.57B,12.02%,$0.08B,$0.47B,19.63%,$121,$71,$50,$0,$22,$96,$25,$-0,$24,$5,$19,$19,$19,$32,$25,$62,64,$0.31,$0.30,$119,$101,$0,$329,$123,$15,$90,$5,$238,$567,$78,$4,$18,$27,$105,$150,$333,$6,$462,$567,$38,$14,$1,$15,$-4,$-17,$-1,$0,$-19,$33,$-15,$0,$-14,$0,$0,$0,$2,$-26,$0,$0,$0,$3,$3,$0,$2,$5,$11,$6,$0
32,2010-09-30,18.67,$7.04,2.65,$6.45,2.9,$2.16,8.63,$0.82,22.9,$0.32B,$0.08B,4.21,$0.00B,$0.44B,0.01,$0.40B,$0.16B,39.25%,$0.40B,$0.07B,16.50%,$0.40B,$0.07B,16.50%,$0.40B,$0.09B,22.25%,$0.40B,$0.07B,16.75%,$0.40B,$0.05B,12.50%,$0.05B,$0.44B,12.69%,$0.05B,$0.36B,15.48%,$0.05B,$0.54B,10.44%,$0.07B,$0.44B,16.61%,$120,$71,$49,$0,$23,$97,$23,$2,$25,$6,$18,$18,$18,$29,$23,$62,63,$0.30,$0.29,$113,$94,$0,$315,$117,$15,$81,$5,$222,$537,$75,$4,$17,$27,$101,$145,$314,$5,$436,$537,$18,$7,$0,$7,$-1,$-10,$1,$-7,$-14,$11,$-5,$0,$-1,$0,$0,$0,$0,$-6,$0,$0,$0,$1,$1,$0,$0,$1,$5,$4,$0
33,2010-06-30,14.82,$6.65,2.23,$5.65,2.62,$2.29,6.47,$0.63,23.7,$0.29B,$0.07B,3.94,$0.00B,$0.41B,0.01,$0.35B,$0.14B,39.02%,$0.35B,$0.05B,14.74%,$0.35B,$0.05B,14.74%,$0.35B,$0.07B,21.10%,$0.35B,$0.05B,14.45%,$0.35B,$0.04B,10.98%,$0.04B,$0.41B,10.32%,$0.04B,$0.33B,12.34%,$0.04B,$0.51B,8.67%,$0.05B,$0.41B,13.72%,$113,$72,$41,$0,$20,$92,$21,$-0,$21,$5,$16,$16,$16,$28,$21,$60,62,$0.27,$0.26,$108,$81,$0,$288,$118,$15,$81,$3,$221,$509,$73,$3,$15,$25,$98,$139,$296,$4,$411,$509,$39,$21,$9,$30,$-23,$3,$6,$11,$3,$72,$-14,$0,$-50,$0,$0,$0,$-1,$-65,$-1,$0,$-1,$3,$3,$0,$1,$3,$12,$9,$0
34,2010-03-31,16.92,$6.33,2.67,$4.90,3.45,$1.89,8.94,$0.48,35.62,$0.26B,$0.07B,3.79,$0.00B,$0.39B,0.01,$0.30B,$0.12B,40.47%,$0.30B,$0.04B,13.04%,$0.30B,$0.04B,13.04%,$0.30B,$0.06B,19.40%,$0.30B,$0.04B,12.37%,$0.30B,$0.03B,9.36%,$0.03B,$0.39B,8.09%,$0.03B,$0.31B,9.44%,$0.03B,$0.48B,6.94%,$0.04B,$0.39B,11.14%,$98,$59,$39,$2,$19,$83,$15,$-0,$14,$4,$10,$10,$10,$21,$15,$61,62,$0.17,$0.17,$97,$80,$0,$260,$120,$16,$84,$3,$223,$483,$69,$3,$15,$25,$94,$135,$280,$4,$389,$483,$23,$14,$7,$22,$-7,$5,$4,$3,$9,$54,$-9,$0,$-50,$8,$0,$8,$-1,$-52,$-1,$0,$-1,$1,$1,$0,$0,$1,$1,$6,$0
35,2009-12-31,15.9,$5.75,2.77,$4.42,3.6,$1.57,10.14,$0.39,40.77,$0.24B,$0.03B,7.51,$0.00B,$0.34B,0.01,$0.27B,$0.11B,40.00%,$0.27B,$0.03B,12.08%,$0.27B,$0.03B,12.08%,$0.27B,$0.05B,18.11%,$0.27B,$0.03B,12.08%,$0.27B,$0.02B,8.68%,$0.02B,$0.34B,7.03%,$0.02B,$0.30B,7.96%,$0.02B,$0.39B,6.15%,$0.03B,$0.34B,9.65%,$69,$41,$28,$1,$17,$62,$7,$0,$7,$1,$6,$6,$6,$11,$7,$59,60,$0.10,$0.10,$116,$73,$0,$242,$85,$16,$38,$5,$144,$386,$32,$3,$9,$14,$46,$95,$269,$4,$340,$386,$12,$8,$5,$13,$3,$5,$1,$-3,$6,$31,$-7,$0,$-3,$0,$0,$0,$-1,$-11,$-1,$0,$-1,$1,$1,$0,$0,$0,$21,$4,$0
36,2009-09-30,12.72,$5.63,2.26,$4.51,2.82,$1.21,10.5,$0.43,29.58,$0.23B,$0.03B,8.31,$0.00B,$0.33B,0.01,$0.27B,$0.11B,41.11%,$0.27B,$0.04B,14.44%,$0.27B,$0.04B,14.44%,$0.27B,$0.06B,20.37%,$0.27B,$0.04B,13.33%,$0.27B,$0.03B,9.26%,$0.03B,$0.33B,7.82%,$0.03B,$0.30B,8.90%,$0.03B,$0.38B,6.78%,$0.04B,$0.34B,11.99%,$66,$38,$27,$1,$15,$57,$8,$-0,$8,$2,$6,$6,$6,$13,$8,$59,60,$0.11,$0.11,$105,$75,$0,$232,$85,$16,$38,$5,$144,$376,$28,$3,$8,$15,$43,$93,$263,$5,$333,$376,$6,$4,$6,$10,$4,$2,$0,$-5,$-0,$16,$-3,$0,$-3,$0,$0,$0,$-1,$-6,$-1,$0,$-1,$0,$0,$0,$0,$-0,$10,$2,$0
37,2009-06-30,11.12,$5.47,2.03,$4.85,2.29,$0.93,11.99,$0.61,18.22,$0.23B,$0.03B,7.16,$0.00B,$0.32B,0.01,$0.29B,$0.12B,42.47%,$0.29B,$0.05B,16.78%,$0.29B,$0.05B,16.78%,$0.29B,$0.06B,21.58%,$0.29B,$0.05B,15.75%,$0.29B,$0.04B,12.33%,$0.04B,$0.32B,11.47%,$0.04B,$0.28B,13.09%,$0.04B,$0.37B,9.82%,$0.05B,$0.33B,15.34%,$66,$39,$27,$2,$14,$57,$9,$-0,$8,$2,$6,$6,$6,$13,$9,$59,60,$0.11,$0.11,$96,$77,$0,$230,$86,$10,$38,$4,$138,$368,$32,$4,$8,$13,$46,$90,$257,$4,$323,$368,$37,$15,$5,$20,$9,$-7,$-7,$-5,$-8,$49,$-16,$0,$-2,$3,$0,$3,$-1,$-15,$-1,$0,$-1,$-11,$-11,$0,$1,$-10,$26,$5,$0
38,2009-03-31,8.59,$5.30,1.62,$5.26,1.63,$0.84,10.23,$0.75,11.45,$0.23B,$0.03B,6.69,$0.01B,$0.31B,0.02,$0.32B,$0.14B,43.08%,$0.32B,$0.06B,18.24%,$0.32B,$0.06B,18.24%,$0.32B,$0.07B,22.64%,$0.32B,$0.06B,17.92%,$0.32B,$0.05B,14.15%,$0.05B,$0.31B,14.73%,$0.05B,$0.28B,16.89%,$0.05B,$0.37B,12.34%,$0.06B,$0.32B,18.63%,$64,$40,$24,$1,$14,$57,$8,$1,$9,$2,$7,$7,$5,$11,$8,$59,59,$0.08,$0.08,$84,$80,$0,$226,$87,$9,$38,$4,$139,$365,$34,$6,$8,$18,$52,$88,$251,$2,$313,$365,$31,$11,$4,$15,$13,$-13,$-6,$1,$-11,$35,$-12,$0,$-5,$3,$0,$3,$-1,$-15,$2,$0,$2,$-11,$-11,$0,$1,$-8,$14,$4,$0
39,2008-12-31,9.55,$5.24,1.82,$5.50,1.74,$0.78,12.2,$0.89,10.79,$0.23B,$0.04B,6.29,$0.01B,$0.31B,0.03,$0.34B,$0.15B,44.18%,$0.34B,$0.07B,19.70%,$0.34B,$0.07B,19.70%,$0.34B,$0.08B,24.18%,$0.34B,$0.06B,19.10%,$0.34B,$0.05B,15.82%,$0.05B,$0.31B,17.95%,$0.05B,$0.27B,20.72%,$0.05B,$0.37B,14.86%,$0.07B,$0.32B,21.96%,$74,$41,$33,$2,$14,$60,$14,$-3,$11,$3,$8,$8,$8,$18,$14,$59,60,$0.14,$0.14,$68,$80,$0,$226,$88,$9,$39,$5,$141,$367,$36,$9,$8,$22,$58,$87,$246,$4,$309,$367,$26,$8,$1,$9,$9,$-11,$-5,$-7,$-22,$12,$-9,$0,$-5,$3,$0,$3,$-1,$-12,$5,$0,$5,$-11,$-11,$0,$1,$-5,$-1,$3,$0
40,2008-09-30,19.33,$5.17,3.74,$5.45,3.55,$1.03,18.82,$1.19,16.31,$0.23B,$0.04B,5.87,$0.00B,$0.31B,0.01,$0.33B,$0.15B,44.44%,$0.33B,$0.07B,20.12%,$0.33B,$0.07B,20.12%,$0.33B,$0.08B,24.62%,$0.33B,$0.10B,28.53%,$0.33B,$0.07B,21.62%,$0.07B,$0.31B,25.44%,$0.07B,$0.27B,29.57%,$0.07B,$0.37B,20.82%,$0.07B,$0.31B,23.37%,$88,$48,$40,$2,$17,$70,$18,$0,$18,$0,$18,$18,$17,$21,$18,$60,61,$0.29,$0.29,$67,$73,$0,$225,$87,$9,$39,$5,$141,$366,$38,$4,$9,$17,$55,$86,$238,$2,$310,$366,$18,$4,$-1,$3,$5,$-4,$0,$-8,$-19,$1,$-5,$0,$-5,$2,$0,$2,$0,$-7,$0,$0,$0,$1,$1,$0,$1,$3,$-3,$2,$0
41,2008-06-30,17.46,$4.86,3.6,$5.18,3.37,$1.20,14.58,$1.06,16.47,$0.23B,$0.05B,4.86,$0.00B,$0.29B,0.01,$0.32B,$0.14B,43.99%,$0.32B,$0.06B,19.62%,$0.32B,$0.06B,19.62%,$0.32B,$0.08B,24.68%,$0.32B,$0.09B,28.80%,$0.32B,$0.07B,20.57%,$0.07B,$0.29B,24.74%,$0.07B,$0.25B,29.12%,$0.07B,$0.36B,19.83%,$0.06B,$0.29B,23.05%,$92,$52,$40,$2,$17,$73,$18,$0,$19,$3,$15,$15,$15,$22,$18,$59,61,$0.25,$0.24,$73,$70,$0,$226,$86,$4,$40,$5,$135,$361,$47,$4,$15,$24,$71,$82,$220,$4,$290,$361,$64,$16,$-25,$-10,$-6,$-7,$0,$2,$-8,$46,$-18,$0,$-4,$-3,$30,$27,$-0,$5,$-12,$0,$-12,$-2,$-2,$0,$4,$-10,$37,$4,$0
42,2008-03-31,18.99,$4.57,4.15,$4.76,3.99,$1.15,16.58,$1.00,18.99,$0.20B,$0.04B,5.05,$0.00B,$0.27B,0.02,$0.29B,$0.13B,44.48%,$0.29B,$0.06B,20.00%,$0.29B,$0.06B,20.00%,$0.29B,$0.08B,25.86%,$0.29B,$0.09B,30.00%,$0.29B,$0.06B,21.03%,$0.06B,$0.27B,24.90%,$0.06B,$0.23B,29.61%,$0.06B,$0.33B,19.71%,$0.06B,$0.28B,22.83%,$81,$46,$35,$2,$16,$65,$16,$1,$16,$3,$13,$13,$13,$20,$16,$59,61,$0.22,$0.22,$62,$67,$0,$199,$86,$4,$40,$5,$134,$333,$39,$4,$16,$22,$61,$78,$205,$4,$272,$333,$49,$12,$-31,$-19,$1,$-4,$-1,$2,$2,$32,$-12,$0,$-5,$0,$30,$30,$0,$13,$-12,$-0,$-12,$-3,$-3,$0,$3,$-12,$30,$3,$0
43,2007-12-31,15.28,$4.36,3.5,$4.51,3.39,$1.03,14.87,$0.95,16.08,$0.19B,$0.04B,4.44,$0.00B,$0.26B,0.01,$0.27B,$0.12B,45.26%,$0.27B,$0.05B,19.71%,$0.27B,$0.05B,19.71%,$0.27B,$0.07B,25.55%,$0.27B,$0.08B,30.66%,$0.27B,$0.06B,21.17%,$0.06B,$0.26B,25.41%,$0.06B,$0.22B,30.61%,$0.06B,$0.32B,19.78%,$0.05B,$0.26B,22.59%,$72,$39,$33,$3,$14,$58,$15,$27,$42,$15,$27,$27,$27,$19,$15,$59,61,$0.45,$0.44,$68,$64,$0,$188,$87,$4,$39,$5,$135,$323,$42,$4,$13,$21,$63,$74,$192,$2,$260,$323,$36,$8,$-29,$-21,$7,$-3,$-3,$-1,$11,$27,$-9,$0,$-1,$0,$30,$30,$0,$21,$-12,$-0,$-12,$1,$1,$0,$2,$-9,$35,$2,$0
44,2007-09-30,17.27,$3.87,4.46,$4.38,3.95,$0.90,19.18,$0.66,26.16,$0.16B,$0.03B,4.59,$0.01B,$0.23B,0.06,$0.27B,$0.12B,45.66%,$0.27B,$0.05B,19.25%,$0.27B,$0.05B,19.25%,$0.27B,$0.07B,25.28%,$0.27B,$0.06B,20.75%,$0.27B,$0.04B,15.09%,$0.04B,$0.23B,18.96%,$0.04B,$0.19B,23.19%,$0.04B,$0.29B,14.48%,$0.05B,$0.24B,22.59%,$71,$40,$31,$2,$14,$58,$13,$1,$14,$4,$10,$10,$10,$17,$13,$59,61,$0.17,$0.16,$36,$63,$0,$156,$86,$7,$39,$5,$138,$294,$34,$14,$13,$31,$65,$71,$166,$2,$229,$294,$10,$4,$-2,$2,$4,$-2,$-0,$-6,$-1,$11,$-4,$0,$-1,$0,$0,$0,$0,$-6,$-1,$0,$-1,$0,$0,$0,$1,$-0,$3,$1,$0
45,2007-06-30,13.59,$3.71,3.66,$4.22,3.22,$0.82,16.56,$0.63,21.74,$0.16B,$0.04B,3.5,$0.02B,$0.22B,0.07,$0.26B,$0.12B,45.88%,$0.26B,$0.05B,18.82%,$0.26B,$0.05B,18.82%,$0.26B,$0.06B,25.10%,$0.26B,$0.05B,20.00%,$0.26B,$0.04B,14.51%,$0.04B,$0.22B,18.62%,$0.04B,$0.18B,23.05%,$0.04B,$0.29B,13.92%,$0.05B,$0.23B,22.33%,$66,$36,$30,$2,$12,$51,$14,$1,$15,$3,$12,$12,$11,$19,$14,$59,61,$0.19,$0.19,$33,$58,$0,$155,$83,$7,$38,$5,$133,$288,$44,$15,$4,$24,$68,$69,$158,$1,$219,$288,$38,$16,$-4,$12,$-3,$-5,$2,$-3,$-6,$44,$-19,$0,$-9,$0,$0,$0,$0,$-28,$-3,$-13,$-16,$3,$3,$0,$3,$-11,$6,$3,$0
46,2007-03-31,16.93,$3.47,4.88,$4.07,4.15,$0.85,20.03,$0.30,57.37,$0.14B,$0.04B,3.41,$0.01B,$0.21B,0.06,$0.25B,$0.11B,46.12%,$0.25B,$0.05B,18.78%,$0.25B,$0.05B,18.78%,$0.25B,$0.08B,31.84%,$0.25B,$0.03B,12.24%,$0.25B,$0.02B,6.94%,$0.02B,$0.21B,9.10%,$0.02B,$0.17B,11.47%,$0.02B,$0.27B,6.63%,$0.05B,$0.22B,22.44%,$65,$35,$30,$2,$14,$53,$12,$0,$13,$2,$10,$10,$10,$15,$12,$59,61,$0.17,$0.17,$26,$55,$0,$139,$82,$3,$39,$5,$129,$268,$41,$12,$5,$22,$63,$65,$147,$1,$205,$268,$27,$11,$-4,$7,$-3,$-5,$2,$-3,$-8,$26,$-13,$-0,$-2,$0,$0,$0,$0,$-15,$-2,$-15,$-17,$2,$2,$0,$2,$-12,$-1,$2,$0
47,2006-12-31,13.97,$3.26,4.29,$4.00,3.49,$0.88,15.79,$0.26,54.78,$0.13B,$0.04B,3.68,$0.02B,$0.19B,0.1,$0.24B,$0.11B,45.61%,$0.24B,$0.05B,18.83%,$0.24B,$0.05B,18.83%,$0.24B,$0.08B,32.64%,$0.24B,$0.03B,11.72%,$0.24B,$0.01B,5.86%,$0.01B,$0.19B,7.76%,$0.01B,$0.15B,10.16%,$0.01B,$0.26B,5.47%,$0.05B,$0.21B,22.11%,$63,$34,$30,$2,$14,$51,$12,$1,$13,$4,$9,$9,$9,$16,$12,$59,60,$0.16,$0.15,$26,$54,$0,$131,$79,$3,$38,$5,$124,$255,$36,$19,$4,$28,$64,$62,$137,$1,$191,$255,$17,$8,$-0,$8,$3,$-5,$0,$-3,$-6,$19,$-8,$0,$0,$0,$0,$0,$0,$-8,$-2,$-10,$-12,$1,$1,$0,$1,$-10,$-1,$2,$0
