,Date,Stock Price,Book Value per Share,Price to Book Ratio,TTM Sales per Share,Price to Sales Ratio,TTM FCF per Share,Price to FCF Ratio,TTM Net EPS,PE Ratio,Current Assets,Current Liabilities,Current Ratio,Long Term Debt,Shareholder's Equity_x,Debt to Equity Ratio,TTM Revenue_x,TTM Gross Profit,Gross Margin,TTM Revenue_y,TTM Operating Income,Operating Margin,TTM Revenue_x,TTM EBIT,EBIT Margin,TTM Revenue_y,TTM EBITDA,EBITDA Margin,TTM Revenue_x,TTM Pre-Tax Income,Pre-Tax Margin,TTM Revenue_y,TTM Net Income_x,Net Margin,TTM Net Income_y,Shareholder's Equity_y,Return on Equity,TTM Net Income_x,Tangible Equity,Return on Tangible Equity,TTM Net Income_y,Total Assets,Return on Assets,TTM Net Income,LT Investments & Debt,Return on Investment,revenue,cost-goods-sold,gross-profit,research-development-expenses,selling-general-administrative-expenses,operating-expenses,operating-income,total-non-operating-income-expense,pre-tax-income,total-provision-income-taxes,income-after-taxes,income-from-continuous-operations,net-income,ebitda,ebit,basic-shares-outstanding,shares-outstanding,eps-basic-net-earnings-per-share,eps-earnings-per-share-diluted,cash-on-hand,inventory,other-current-assets,total-current-assets,net-property-plant-equipment,long-term-investments,goodwill-intangible-assets-total,other-long-term-assets,total-long-term-assets,total-assets,total-current-liabilities,long-term-debt,other-non-current-liabilities,total-long-term-liabilities,total-liabilities,common-stock-net,retained-earnings-accumulated-deficit,comprehensive-income,total-share-holder-equity,total-liabilities-share-holders-equity,net-income-loss,total-depreciation-amortization-cash-flow,other-non-cash-items,total-non-cash-items,change-in-accounts-receivable,change-in-inventories,change-in-accounts-payable,change-in-assets-liabilities,total-change-in-assets-liabilities,cash-flow-from-operating-activities,net-change-in-property-plant-equipment,net-change-in-intangible-assets,net-acquisitions-divestitures,net-change-in-short-term-investments,net-change-in-long-term-investments,net-change-in-investments-total,investing-activities-other,cash-flow-from-investing-activities,net-long-term-debt,net-current-debt,debt-issuance-retirement-net-total,net-common-equity-issued-repurchased,net-total-equity-issued-repurchased,total-common-preferred-stock-dividends-paid,financial-activities-other,cash-flow-from-financial-activities,net-cash-flow,stock-based-compensation,common-stock-dividends-paid
0,2018-09-30,367.06,$24.45,15.01,$21.87,16.78,$11.62,31.59,$4.61,79.62,$4.26B,$1.74B,2.46,$0.86B,$3.59B,0.24,$3.24B,$2.25B,69.44%,$3.24B,$0.92B,28.25%,$3.24B,$0.92B,28.25%,$3.24B,$1.12B,34.44%,$3.24B,$0.91B,28.03%,$3.24B,$0.68B,21.09%,$0.68B,$3.59B,21.43%,$0.68B,$2.57B,31.03%,$0.68B,$6.76B,11.69%,$0.92B,$4.45B,22.56%,$853,$256,$597,$159,$197,$612,$241,$-9,$232,$44,$188,$188,$199,$296,$241,$147,149,$1.35,$1.33,$3389,$374,$0,$4262,$1060,$0,$1026,$325,$2497,$6759,$1735,$860,$352,$1430,$3165,$2,$2872,$-2,$3594,$6759,$585,$155,$114,$269,$-24,$-40,$13,$-6,$-12,$842,$-231,$0,$-100,$-12,$-1122,$-1134,$0,$-1465,$735,$0,$735,$-58,$-58,$0,$71,$748,$121,$146,$0
1,2018-06-30,279.29,$22.80,12.25,$20.97,13.32,$9.86,28.31,$4.39,63.62,$3.34B,$1.22B,2.74,$0.72B,$3.35B,0.22,$3.10B,$2.14B,68.85%,$3.10B,$0.86B,27.58%,$3.10B,$0.86B,27.58%,$3.10B,$1.05B,33.86%,$3.10B,$0.85B,27.45%,$3.10B,$0.65B,20.88%,$0.65B,$3.35B,21.55%,$0.65B,$2.32B,31.82%,$0.65B,$5.85B,11.95%,$0.86B,$4.07B,21.64%,$830,$255,$575,$151,$197,$603,$227,$5,$232,$32,$200,$200,$209,$280,$227,$147,148,$1.42,$1.41,$2512,$362,$0,$3337,$1036,$0,$1036,$334,$2514,$5851,$1217,$723,$343,$1283,$2500,$2,$2673,$-1,$3351,$5851,$397,$100,$76,$176,$12,$-28,$1,$-19,$-17,$550,$-167,$0,$-100,$-9,$-249,$-258,$0,$-525,$0,$0,$0,$22,$22,$0,$75,$97,$119,$98,$0
2,2018-03-31,236.42,$20.90,11.31,$19.87,11.9,$8.60,27.5,$3.85,61.41,$3.19B,$1.18B,2.71,$0.71B,$3.07B,0.23,$2.94B,$2.00B,67.98%,$2.94B,$0.77B,26.29%,$2.94B,$0.77B,26.29%,$2.94B,$0.96B,32.70%,$2.94B,$0.76B,25.92%,$2.94B,$0.57B,19.31%,$0.57B,$3.07B,19.91%,$0.57B,$2.13B,29.92%,$0.57B,$5.54B,10.95%,$0.77B,$3.78B,19.75%,$782,$244,$538,$137,$183,$564,$218,$3,$221,$24,$197,$197,$208,$265,$218,$147,148,$1.42,$1.41,$2373,$350,$0,$3194,$983,$0,$943,$322,$2348,$5542,$1180,$710,$364,$1289,$2469,$2,$2464,$-1,$3073,$5542,$197,$47,$37,$84,$11,$-17,$2,$2,$-20,$255,$-90,$0,$0,$-3,$105,$102,$0,$12,$0,$0,$0,$21,$21,$0,$46,$67,$335,$48,$0
3,2017-12-31,218.49,$18.70,11.68,$18.65,11.71,$8.06,27.11,$4.96,44.05,$2.98B,$0.75B,4.0,$1.18B,$2.75B,0.43,$2.75B,$1.83B,66.35%,$2.75B,$0.61B,22.02%,$2.75B,$0.61B,22.02%,$2.75B,$0.79B,28.78%,$2.75B,$1.04B,37.90%,$2.75B,$0.73B,26.38%,$0.73B,$2.75B,26.72%,$0.73B,$1.80B,41.35%,$0.73B,$5.26B,14.70%,$0.61B,$3.93B,15.68%,$778,$236,$542,$137,$175,$548,$230,$-6,$224,$166,$58,$58,$68,$276,$230,$146,148,$0.47,$0.46,$2145,$333,$0,$2980,$931,$0,$946,$312,$2277,$5257,$746,$1182,$360,$1762,$2508,$2,$2256,$-1,$2749,$5257,$678,$186,$-185,$1,$-26,$-33,$10,$163,$195,$875,$-310,$-2,$278,$-29,$-99,$-128,$-52,$-214,$5,$0,$5,$-180,$-180,$0,$-1,$-176,$490,$164,$0
4,2017-09-30,199.2,$19.55,10.19,$17.58,11.33,$7.75,25.71,$5.34,37.3,$2.81B,$0.67B,4.22,$1.18B,$2.86B,0.41,$2.59B,$1.70B,65.68%,$2.59B,$0.52B,20.02%,$2.59B,$0.52B,20.02%,$2.59B,$0.71B,27.19%,$2.59B,$0.95B,36.75%,$2.59B,$0.78B,30.16%,$0.78B,$2.86B,30.10%,$0.78B,$1.90B,48.34%,$0.78B,$5.05B,16.65%,$0.52B,$4.04B,13.98%,$714,$232,$482,$134,$167,$533,$181,$-6,$175,$23,$152,$152,$163,$230,$181,$146,148,$1.12,$1.11,$2041,$327,$0,$2805,$862,$0,$956,$306,$2241,$5046,$665,$1180,$222,$1526,$2191,$2,$2188,$0,$2855,$5046,$621,$140,$-254,$-114,$1,$-27,$12,$34,$76,$581,$-234,$-2,$278,$-25,$136,$111,$-52,$101,$2,$0,$2,$-113,$-113,$0,$44,$-67,$619,$123,$0
5,2017-06-30,173.52,$18.60,9.33,$16.86,10.29,$7.70,22.55,$5.10,34.02,$2.64B,$0.68B,3.88,$1.17B,$2.72B,0.43,$2.49B,$1.65B,66.25%,$2.49B,$0.50B,20.07%,$2.49B,$0.50B,20.07%,$2.49B,$0.68B,27.31%,$2.49B,$0.93B,37.49%,$2.49B,$0.75B,30.09%,$0.75B,$2.72B,30.36%,$0.75B,$1.75B,51.06%,$0.75B,$4.86B,16.65%,$0.50B,$3.88B,14.08%,$662,$228,$434,$130,$161,$519,$143,$-2,$141,$21,$120,$120,$128,$189,$143,$146,147,$0.87,$0.87,$1893,$309,$0,$2643,$837,$0,$967,$308,$2215,$4858,$682,$1169,$212,$1461,$2143,$2,$2025,$0,$2715,$4858,$468,$91,$-275,$-184,$14,$-9,$0,$21,$67,$346,$-152,$0,$278,$-25,$149,$124,$-52,$198,$5,$0,$5,$-70,$-70,$0,$3,$-62,$484,$89,$0
6,2017-03-31,170.64,$17.47,9.77,$16.41,10.4,$7.86,21.7,$5.05,33.79,$2.52B,$0.72B,3.49,$1.06B,$2.55B,0.41,$2.42B,$1.64B,67.53%,$2.42B,$0.52B,21.37%,$2.42B,$0.52B,21.37%,$2.42B,$0.69B,28.59%,$2.42B,$0.95B,39.11%,$2.42B,$0.74B,30.53%,$0.74B,$2.55B,31.89%,$0.74B,$1.57B,56.85%,$0.74B,$4.60B,17.32%,$0.52B,$3.61B,15.39%,$598,$230,$368,$145,$171,$546,$52,$451,$503,$155,$348,$348,$367,$97,$52,$146,147,$2.50,$2.48,$1778,$299,$0,$2517,$734,$0,$978,$286,$2081,$4598,$721,$1055,$212,$1326,$2047,$2,$1897,$-1,$2551,$4598,$348,$45,$-294,$-249,$16,$1,$-3,$5,$71,$168,$-83,$0,$278,$-7,$27,$20,$-52,$163,$0,$0,$0,$-79,$-79,$0,$-7,$-86,$246,$50,$0
7,2016-12-31,128.04,$15.55,8.24,$16.20,7.9,$7.59,16.86,$3.13,40.91,$2.32B,$0.71B,3.29,$1.06B,$2.27B,0.47,$2.40B,$1.67B,69.47%,$2.40B,$0.59B,24.48%,$2.40B,$0.59B,24.48%,$2.40B,$0.76B,31.61%,$2.40B,$0.56B,23.39%,$2.40B,$0.46B,19.31%,$0.46B,$2.27B,21.04%,$0.46B,$1.25B,39.75%,$0.46B,$4.28B,11.37%,$0.59B,$3.33B,18.13%,$619,$200,$419,$129,$147,$476,$143,$-9,$134,$27,$107,$107,$124,$189,$143,$147,148,$0.77,$0.78,$1559,$300,$0,$2318,$713,$0,$1019,$108,$1963,$4281,$705,$1056,$206,$1306,$2011,$2,$1485,$-1,$2270,$4281,$428,$171,$223,$394,$3,$-30,$-2,$-3,$-56,$779,$-260,$-11,$-18,$-14,$-212,$-226,$0,$-515,$5,$0,$5,$-195,$-195,$0,$-106,$-296,$-34,$129,$0
8,2016-09-30,181.66,$15.79,11.5,$15.99,11.36,$8.40,21.62,$2.99,60.76,$2.28B,$0.63B,3.62,$1.04B,$2.32B,0.45,$2.37B,$1.66B,69.89%,$2.37B,$0.59B,24.80%,$2.37B,$0.59B,24.80%,$2.37B,$0.76B,31.89%,$2.37B,$0.56B,23.70%,$2.37B,$0.44B,18.73%,$0.44B,$2.32B,21.19%,$0.44B,$1.29B,41.99%,$0.44B,$4.23B,11.32%,$0.59B,$3.36B,18.83%,$607,$181,$426,$126,$139,$446,$161,$-7,$154,$37,$117,$117,$129,$204,$161,$147,148,$0.88,$0.87,$1536,$312,$0,$2278,$634,$0,$1032,$102,$1950,$4228,$629,$1041,$204,$1279,$1908,$2,$1362,$1,$2320,$4228,$321,$125,$160,$285,$5,$-42,$-7,$12,$-89,$517,$-178,$-11,$-18,$-9,$-125,$-134,$0,$-341,$5,$0,$5,$-60,$-60,$0,$-96,$-151,$26,$102,$0
9,2016-06-30,140.38,$14.60,9.62,$15.57,9.02,$8.20,17.13,$2.91,48.24,$2.14B,$0.58B,3.69,$1.03B,$2.14B,0.48,$2.31B,$1.62B,69.97%,$2.31B,$0.57B,24.55%,$2.31B,$0.57B,24.55%,$2.31B,$0.74B,31.76%,$2.31B,$0.54B,23.21%,$2.31B,$0.43B,18.71%,$0.43B,$2.14B,21.66%,$0.43B,$1.10B,45.15%,$0.43B,$3.99B,11.39%,$0.57B,$3.17B,18.82%,$600,$176,$424,$125,$148,$438,$162,$-5,$157,$41,$116,$116,$120,$203,$162,$147,148,$0.83,$0.82,$1425,$311,$0,$2143,$511,$0,$1044,$100,$1842,$3985,$582,$1031,$199,$1264,$1845,$2,$1233,$2,$2140,$3985,$204,$82,$95,$177,$13,$-41,$8,$8,$-43,$341,$-121,$0,$-18,$-6,$145,$139,$0,$0,$2,$0,$2,$-68,$-68,$0,$-94,$-160,$183,$67,$0
10,2016-03-31,162.11,$14.07,11.52,$15.13,10.71,$7.79,20.82,$2.78,58.31,$2.07B,$0.48B,4.31,$1.02B,$2.07B,0.49,$2.25B,$1.57B,69.73%,$2.25B,$0.56B,24.77%,$2.25B,$0.56B,24.77%,$2.25B,$0.73B,32.18%,$2.25B,$0.52B,23.12%,$2.25B,$0.42B,18.42%,$0.42B,$2.07B,21.70%,$0.42B,$1.03B,47.13%,$0.42B,$3.79B,11.13%,$0.56B,$3.09B,19.08%,$572,$175,$397,$124,$150,$451,$121,$-5,$116,$28,$88,$88,$90,$162,$121,$147,148,$0.61,$0.60,$1343,$288,$0,$2074,$385,$0,$1046,$93,$1720,$3794,$481,$1023,$186,$1242,$1723,$2,$1112,$2,$2071,$3794,$88,$41,$28,$69,$-13,$-17,$3,$-1,$-58,$99,$-53,$0,$-18,$-3,$30,$27,$0,$-44,$0,$0,$0,$23,$23,$0,$-94,$-71,$-14,$35,$0
11,2015-12-31,191.95,$12.61,15.22,$14.89,12.89,$7.68,25.0,$3.10,61.92,$2.10B,$0.61B,3.44,$1.02B,$1.85B,0.55,$2.22B,$1.55B,69.77%,$2.22B,$0.61B,27.61%,$2.22B,$0.61B,27.61%,$2.22B,$0.78B,35.09%,$2.22B,$0.58B,26.26%,$2.22B,$0.46B,20.81%,$0.46B,$1.85B,25.66%,$0.46B,$0.82B,59.73%,$0.46B,$3.69B,12.64%,$0.61B,$2.86B,21.85%,$592,$182,$410,$114,$139,$448,$144,$-9,$135,$31,$103,$103,$105,$187,$144,$145,149,$0.72,$0.70,$1386,$271,$0,$2097,$343,$0,$1026,$87,$1591,$3688,$610,$1016,$181,$1229,$1839,$2,$1023,$0,$1849,$3688,$458,$166,$198,$364,$-96,$-81,$46,$-8,$-40,$786,$-143,$0,$-37,$-6,$79,$73,$0,$-107,$0,$0,$0,$-202,$-202,$0,$-343,$-545,$133,$133,$0
12,2015-09-30,176.0,$13.23,13.31,$14.36,12.26,$6.02,29.25,$3.43,51.31,$2.21B,$0.58B,3.79,$1.01B,$1.94B,0.52,$2.14B,$1.52B,71.21%,$2.14B,$0.67B,31.40%,$2.14B,$0.67B,31.40%,$2.14B,$0.84B,39.02%,$2.14B,$0.64B,29.91%,$2.14B,$0.51B,23.83%,$0.51B,$1.94B,29.93%,$0.51B,$0.89B,75.70%,$0.51B,$3.73B,14.29%,$0.67B,$2.95B,24.87%,$550,$163,$388,$99,$137,$409,$141,$-12,$129,$13,$116,$116,$118,$183,$141,$145,150,$0.81,$0.79,$1439,$234,$0,$2210,$309,$0,$1043,$85,$1523,$3734,$584,$1008,$173,$1213,$1797,$2,$918,$1,$1937,$3734,$355,$123,$37,$161,$-121,$-44,$50,$-11,$-102,$419,$-107,$-0,$-35,$-4,$-189,$-193,$0,$-336,$-216,$0,$-216,$-7,$-7,$0,$57,$-166,$-85,$97,$0
13,2015-06-30,218.36,$12.40,17.61,$13.94,15.66,$5.90,37.04,$3.27,66.78,$2.24B,$0.73B,3.09,$1.00B,$1.79B,0.56,$2.07B,$1.47B,70.98%,$2.07B,$0.65B,31.39%,$2.07B,$0.65B,31.39%,$2.07B,$0.81B,39.01%,$2.07B,$0.62B,30.08%,$2.07B,$0.49B,23.42%,$0.49B,$1.79B,31.52%,$0.49B,$0.78B,94.59%,$0.49B,$3.70B,14.04%,$0.65B,$2.80B,25.70%,$539,$163,$376,$96,$124,$387,$152,$-11,$141,$39,$102,$102,$102,$193,$152,$144,149,$0.71,$0.69,$1510,$224,$0,$2238,$303,$0,$1013,$83,$1465,$3703,$725,$1001,$183,$1184,$1909,$2,$800,$1,$1794,$3703,$239,$81,$19,$100,$-75,$-33,$31,$-3,$-105,$238,$-78,$-0,$0,$1,$-219,$-218,$0,$-297,$-9,$0,$-9,$8,$8,$0,$16,$15,$-45,$65,$0
14,2015-03-31,185.64,$11.27,16.48,$13.32,13.94,$5.98,31.05,$2.89,64.24,$2.06B,$0.71B,2.9,$0.99B,$1.62B,0.61,$1.98B,$1.40B,70.45%,$1.98B,$0.60B,30.20%,$1.98B,$0.60B,30.20%,$1.98B,$0.75B,37.98%,$1.98B,$0.54B,27.37%,$1.98B,$0.43B,21.72%,$0.43B,$1.62B,31.62%,$0.43B,$0.60B,129.91%,$0.43B,$3.50B,13.08%,$0.60B,$2.62B,25.13%,$539,$164,$375,$92,$116,$362,$176,$2,$178,$41,$137,$137,$137,$216,$176,$144,149,$0.95,$0.92,$1366,$205,$0,$2060,$281,$0,$1026,$69,$1439,$3499,$710,$994,$172,$1166,$1876,$2,$698,$2,$1623,$3499,$137,$40,$-14,$27,$-59,$-14,$29,$-2,$-98,$67,$-37,$0,$0,$13,$-131,$-118,$0,$-154,$-0,$0,$-0,$-5,$-5,$0,$-7,$-13,$-103,$32,$0
15,2014-12-31,184.58,$10.18,18.12,$12.49,14.78,$5.89,31.31,$2.37,77.88,$1.89B,$0.72B,2.62,$0.99B,$1.46B,0.68,$1.86B,$1.30B,69.71%,$1.86B,$0.51B,27.60%,$1.86B,$0.51B,27.60%,$1.86B,$0.67B,35.71%,$1.86B,$0.45B,24.06%,$1.86B,$0.35B,18.96%,$0.35B,$1.46B,26.19%,$0.35B,$0.42B,112.06%,$0.35B,$3.34B,11.11%,$0.51B,$2.45B,23.87%,$512,$127,$385,$143,$122,$309,$203,$-11,$192,$39,$153,$153,$153,$243,$203,$136,149,$1.12,$1.03,$1338,$191,$0,$1890,$265,$0,$1039,$96,$1450,$3340,$722,$987,$168,$1155,$1877,$2,$561,$-1,$1463,$3340,$353,$151,$147,$298,$-50,$-37,$-2,$-28,$-166,$501,$-106,$-36,$-3,$-12,$-249,$-261,$0,$-407,$1102,$-1245,$-142,$-141,$-141,$0,$116,$-167,$-75,$153,$0
16,2014-09-30,163.92,$8.97,18.27,$11.82,13.87,$5.44,30.15,$1.90,86.27,$1.91B,$0.86B,2.23,$0.98B,$1.27B,0.77,$1.74B,$1.17B,67.47%,$1.74B,$0.39B,22.16%,$1.74B,$0.39B,22.16%,$1.74B,$0.53B,30.63%,$1.74B,$0.38B,21.65%,$1.74B,$0.28B,16.18%,$0.28B,$1.27B,20.58%,$0.28B,$0.25B,85.41%,$0.28B,$3.28B,9.07%,$0.39B,$2.25B,17.77%,$481,$147,$334,$85,$120,$361,$119,$-7,$112,$19,$93,$93,$93,$156,$119,$141,148,$0.66,$0.63,$1271,$199,$0,$1907,$248,$0,$1024,$60,$1371,$3278,$856,$980,$168,$1147,$2004,$2,$408,$0,$1274,$3278,$200,$111,$70,$181,$-38,$-45,$15,$-22,$-27,$361,$-71,$-7,$-3,$-7,$14,$7,$0,$-74,$-112,$0,$-112,$-118,$-118,$0,$63,$-167,$118,$114,$0
17,2014-06-30,178.54,$7.75,23.04,$11.10,16.08,$4.95,36.06,$1.49,119.83,$1.62B,$0.65B,2.5,$1.12B,$1.08B,1.03,$1.61B,$1.05B,64.97%,$1.61B,$0.31B,19.28%,$1.61B,$0.31B,19.28%,$1.61B,$0.46B,28.33%,$1.61B,$0.30B,18.66%,$1.61B,$0.22B,13.58%,$0.22B,$1.08B,15.75%,$0.22B,$0.05B,59.39%,$0.22B,$3.04B,7.35%,$0.31B,$2.20B,14.43%,$448,$147,$301,$83,$115,$347,$100,$-40,$60,$14,$47,$47,$47,$137,$100,$131,149,$0.36,$0.31,$1103,$178,$0,$1621,$230,$0,$1026,$88,$1414,$3035,$649,$1117,$189,$1305,$1955,$2,$314,$1,$1080,$3035,$107,$74,$55,$129,$-17,$-23,$14,$-16,$-23,$215,$-42,$-1,$0,$-12,$25,$13,$0,$-30,$1132,$-1245,$-112,$-148,$-148,$0,$38,$-222,$-36,$69,$0
18,2014-03-31,148.66,$12.26,12.13,$10.58,14.05,$4.82,30.83,$1.44,103.24,$1.63B,$1.15B,1.42,$0.14B,$1.57B,0.09,$1.51B,$0.97B,64.20%,$1.51B,$0.27B,17.94%,$1.51B,$0.27B,17.94%,$1.51B,$0.41B,27.27%,$1.51B,$0.29B,19.19%,$1.51B,$0.21B,13.77%,$0.21B,$1.57B,14.17%,$0.21B,$0.53B,43.58%,$0.21B,$3.05B,7.10%,$0.27B,$1.71B,12.56%,$421,$142,$278,$77,$110,$329,$92,$-8,$84,$24,$60,$60,$60,$129,$92,$128,151,$0.47,$0.40,$1092,$164,$0,$1632,$210,$0,$1040,$70,$1422,$3054,$1150,$139,$191,$330,$1480,$2,$268,$1,$1574,$3054,$60,$37,$17,$55,$-52,$-10,$10,$-8,$-77,$37,$-19,$-1,$0,$-5,$-120,$-125,$0,$-144,$0,$0,$0,$-98,$-98,$0,$12,$-86,$-193,$33,$0
19,2013-12-31,110.59,$12.00,9.21,$10.46,10.57,$5.24,21.11,$0.86,128.59,$1.62B,$0.32B,5.02,$0.97B,$1.53B,0.63,$1.42B,$0.91B,64.11%,$1.42B,$0.13B,9.43%,$1.42B,$0.13B,9.43%,$1.42B,$0.27B,18.79%,$1.42B,$0.16B,11.12%,$1.42B,$0.13B,8.80%,$0.13B,$1.53B,8.92%,$0.13B,$0.48B,28.15%,$0.13B,$3.02B,4.38%,$0.13B,$2.51B,5.92%,$387,$128,$259,$77,$112,$314,$74,$47,$120,$40,$81,$81,$81,$110,$74,$125,140,$0.64,$0.60,$1166,$154,$0,$1618,$203,$0,$1054,$56,$1401,$3019,$322,$972,$192,$1164,$1486,$2,$208,$1,$1533,$3019,$125,$134,$-39,$95,$-16,$6,$2,$-11,$153,$386,$-79,$-11,$-524,$96,$449,$544,$0,$-70,$-11,$0,$-11,$44,$44,$0,$-72,$-39,$278,$106,$0
20,2013-09-30,80.83,$10.87,7.43,$10.01,8.08,$4.71,17.16,$0.83,97.39,$1.54B,$0.42B,3.67,$0.83B,$1.37B,0.6,$1.34B,$0.86B,63.74%,$1.34B,$0.12B,8.86%,$1.34B,$0.12B,8.86%,$1.34B,$0.24B,18.17%,$1.34B,$0.14B,10.57%,$1.34B,$0.12B,8.64%,$0.12B,$1.37B,8.60%,$0.12B,$0.41B,21.93%,$0.12B,$2.82B,4.24%,$0.12B,$2.21B,5.49%,$357,$147,$210,$71,$96,$311,$45,$-8,$37,$6,$31,$31,$31,$81,$45,$125,141,$0.25,$0.22,$1028,$160,$0,$1538,$194,$0,$965,$78,$1280,$2818,$419,$831,$194,$1024,$1443,$2,$127,$1,$1374,$2818,$45,$98,$2,$100,$-13,$-0,$-11,$-3,$112,$260,$-52,$-3,$-437,$6,$567,$573,$0,$81,$-11,$0,$-11,$30,$30,$0,$-102,$-82,$258,$76,$0
21,2013-06-30,74.84,$11.10,6.74,$9.63,7.77,$4.45,16.81,$0.83,90.17,$1.65B,$0.42B,3.93,$0.82B,$1.39B,0.59,$1.27B,$0.84B,66.19%,$1.27B,$0.12B,9.67%,$1.27B,$0.12B,9.67%,$1.27B,$0.24B,18.63%,$1.27B,$0.15B,11.71%,$1.27B,$0.12B,9.04%,$0.12B,$1.39B,8.78%,$0.12B,$0.49B,18.98%,$0.12B,$2.82B,4.35%,$0.12B,$2.21B,5.80%,$346,$123,$223,$68,$89,$286,$60,$-11,$49,$13,$36,$36,$36,$92,$60,$124,139,$0.29,$0.26,$1129,$168,$0,$1646,$187,$0,$901,$79,$1177,$2823,$419,$822,$194,$1016,$1435,$2,$96,$1,$1389,$2823,$13,$62,$-4,$58,$12,$-8,$-2,$-2,$103,$176,$-33,$-3,$-345,$6,$558,$563,$0,$182,$-9,$0,$-9,$-9,$-9,$0,$11,$-7,$350,$49,$0
22,2013-03-31,53.98,$10.55,5.12,$9.25,5.83,$4.38,12.32,$0.75,71.97,$1.55B,$0.41B,3.78,$0.81B,$1.31B,0.62,$1.21B,$0.81B,67.27%,$1.21B,$0.11B,8.78%,$1.21B,$0.11B,8.78%,$1.21B,$0.21B,17.56%,$1.21B,$0.14B,11.18%,$1.21B,$0.10B,8.45%,$0.10B,$1.31B,8.10%,$0.10B,$0.40B,15.08%,$0.10B,$2.74B,4.04%,$0.11B,$2.13B,5.15%,$331,$112,$219,$61,$85,$376,$-45,$-2,$-48,$-25,$-23,$-23,$-23,$-16,$-45,$124,124,$-0.18,$-0.18,$1067,$168,$0,$1551,$187,$0,$912,$73,$1193,$2744,$410,$814,$209,$1022,$1432,$2,$60,$2,$1312,$2744,$-23,$30,$-22,$8,$6,$-8,$8,$1,$99,$88,$-21,$-1,$-345,$10,$292,$302,$0,$-65,$-0,$0,$-0,$-12,$-12,$0,$-1,$-13,$9,$24,$0
23,2012-12-31,55.59,$10.64,5.23,$8.62,6.45,$4.24,13.12,$1.13,49.19,$1.79B,$0.31B,5.87,$0.81B,$1.32B,0.61,$1.15B,$0.77B,67.36%,$1.15B,$0.20B,17.49%,$1.15B,$0.20B,17.49%,$1.15B,$0.30B,26.28%,$1.15B,$0.22B,19.41%,$1.15B,$0.15B,13.14%,$0.15B,$1.32B,12.37%,$0.15B,$0.82B,19.86%,$0.15B,$2.57B,6.26%,$0.20B,$2.12B,9.98%,$309,$106,$204,$57,$80,$250,$59,$45,$104,$32,$72,$72,$72,$87,$59,$123,134,$0.59,$0.53,$1350,$159,$0,$1787,$166,$0,$500,$73,$779,$2566,$305,$805,$138,$943,$1248,$2,$83,$2,$1319,$2566,$151,$100,$58,$158,$-34,$-24,$15,$1,$-18,$292,$-69,$-12,$-83,$41,$-27,$14,$0,$-150,$0,$0,$0,$-28,$-28,$0,$17,$-11,$131,$94,$0
24,2012-09-30,48.19,$9.91,4.86,$8.10,5.95,$4.59,10.51,$0.69,69.84,$1.65B,$0.30B,5.43,$0.80B,$1.22B,0.65,$1.09B,$0.74B,67.98%,$1.09B,$0.17B,15.50%,$1.09B,$0.17B,15.50%,$1.09B,$0.27B,24.77%,$1.09B,$0.14B,12.75%,$1.09B,$0.09B,8.35%,$0.09B,$1.22B,7.85%,$0.09B,$0.72B,12.69%,$0.09B,$2.44B,3.92%,$0.17B,$2.02B,8.65%,$286,$90,$196,$54,$70,$237,$49,$-5,$44,$14,$30,$30,$30,$74,$49,$123,133,$0.24,$0.22,$1233,$148,$0,$1646,$155,$0,$505,$77,$792,$2438,$303,$797,$116,$913,$1216,$2,$11,$2,$1222,$2438,$79,$73,$68,$141,$-37,$-13,$18,$-5,$-10,$213,$-52,$-11,$-83,$0,$-22,$-22,$0,$-169,$0,$0,$0,$-14,$-14,$0,$9,$-5,$40,$70,$0
25,2012-06-30,40.39,$9.60,4.21,$7.68,5.26,$4.83,8.36,$0.62,65.15,$1.66B,$0.30B,5.56,$0.79B,$1.18B,0.67,$1.04B,$0.70B,67.56%,$1.04B,$0.16B,15.11%,$1.04B,$0.16B,15.11%,$1.04B,$0.26B,24.93%,$1.04B,$0.12B,11.84%,$1.04B,$0.08B,7.80%,$0.08B,$1.18B,7.28%,$0.08B,$0.77B,11.76%,$0.08B,$2.35B,3.60%,$0.16B,$1.97B,8.27%,$281,$88,$193,$71,$69,$238,$43,$-8,$35,$11,$23,$23,$23,$67,$43,$123,133,$0.19,$0.18,$1302,$134,$0,$1664,$148,$0,$411,$77,$684,$2349,$299,$789,$80,$869,$1168,$2,$-19,$2,$1181,$2349,$50,$48,$35,$83,$-13,$-5,$13,$4,$26,$162,$-34,$0,$0,$-15,$-102,$-117,$0,$-152,$0,$0,$0,$-4,$-4,$0,$8,$3,$13,$47,$0
26,2012-03-31,52.61,$9.40,5.6,$7.60,6.92,$4.80,10.96,$0.66,79.71,$1.64B,$0.29B,5.59,$0.78B,$1.16B,0.67,$1.05B,$0.70B,67.18%,$1.05B,$0.18B,17.22%,$1.05B,$0.18B,17.22%,$1.05B,$0.28B,27.08%,$1.05B,$0.14B,13.11%,$1.05B,$0.09B,8.52%,$0.09B,$1.16B,8.02%,$0.09B,$0.74B,13.09%,$0.09B,$2.30B,4.00%,$0.18B,$1.94B,9.54%,$273,$92,$181,$49,$68,$223,$50,$-9,$40,$14,$26,$26,$26,$74,$50,$123,134,$0.21,$0.20,$1266,$129,$0,$1637,$143,$0,$425,$69,$664,$2301,$293,$781,$67,$848,$1141,$2,$-43,$2,$1160,$2301,$26,$24,$13,$37,$-29,$0,$10,$4,$-1,$65,$-13,$0,$0,$-8,$-121,$-129,$0,$-142,$0,$0,$0,$24,$24,$0,$9,$34,$-43,$23,$0
27,2011-12-31,30.48,$8.81,3.46,$7.40,4.12,$4.91,6.21,$0.62,49.16,$1.55B,$0.23B,6.81,$0.81B,$1.08B,0.75,$1.06B,$0.71B,67.20%,$1.06B,$0.20B,18.86%,$1.06B,$0.20B,18.86%,$1.06B,$0.30B,28.53%,$1.06B,$0.13B,12.61%,$1.06B,$0.09B,8.25%,$0.09B,$1.08B,8.01%,$0.09B,$0.65B,13.33%,$0.09B,$2.20B,3.99%,$0.20B,$1.88B,10.87%,$250,$79,$171,$46,$61,$223,$27,$-7,$20,$9,$12,$12,$12,$55,$27,$123,139,$0.09,$0.09,$1190,$129,$0,$1545,$143,$0,$428,$60,$651,$2196,$227,$807,$86,$894,$1121,$2,$-69,$2,$1075,$2196,$87,$101,$125,$227,$-7,$22,$-21,$2,$35,$358,$-78,$-2,$-58,$-14,$-249,$-263,$0,$-401,$903,$-350,$554,$-503,$-503,$0,$46,$97,$54,$92,$0
28,2011-09-30,40.92,$8.53,4.8,$7.43,5.51,$4.44,9.21,$0.78,52.46,$1.50B,$0.30B,5.06,$0.77B,$1.04B,0.74,$1.07B,$0.70B,66.04%,$1.07B,$0.24B,22.61%,$1.07B,$0.24B,22.61%,$1.07B,$0.33B,31.14%,$1.07B,$0.16B,15.38%,$1.07B,$0.11B,10.60%,$0.11B,$1.04B,10.12%,$0.11B,$0.60B,16.19%,$0.11B,$2.15B,5.40%,$0.24B,$1.80B,14.52%,$235,$78,$157,$50,$66,$199,$37,$-9,$28,$8,$20,$20,$20,$63,$37,$122,136,$0.17,$0.15,$1132,$139,$0,$1504,$135,$0,$432,$56,$643,$2147,$297,$765,$49,$814,$1112,$2,$-80,$2,$1036,$2147,$75,$73,$82,$155,$-3,$9,$-15,$-14,$20,$250,$-51,$-1,$-58,$-11,$-237,$-248,$0,$-358,$903,$-350,$554,$-505,$-505,$0,$40,$89,$-19,$70,$0
29,2011-06-30,75.15,$9.40,8.0,$7.33,10.25,$4.04,18.62,$0.87,86.38,$1.62B,$0.28B,5.71,$0.76B,$1.17B,0.65,$1.07B,$0.70B,65.92%,$1.07B,$0.26B,24.44%,$1.07B,$0.26B,24.44%,$1.07B,$0.34B,32.12%,$1.07B,$0.19B,17.88%,$1.07B,$0.13B,11.99%,$0.13B,$1.17B,11.28%,$0.13B,$0.73B,17.39%,$0.13B,$2.26B,6.45%,$0.26B,$1.93B,17.55%,$287,$94,$193,$51,$69,$221,$66,$-17,$49,$18,$31,$31,$31,$91,$66,$123,142,$0.25,$0.22,$1234,$143,$0,$1623,$130,$0,$435,$52,$634,$2257,$284,$757,$47,$804,$1089,$2,$-101,$2,$1168,$2257,$55,$47,$60,$108,$-21,$5,$-10,$-10,$-3,$160,$-29,$-1,$-58,$0,$-337,$-337,$0,$-425,$563,$0,$563,$-319,$-319,$0,$33,$277,$12,$46,$0
30,2011-03-31,70.07,$8.64,8.11,$6.81,10.3,$3.90,17.95,$0.86,81.48,$1.51B,$0.35B,4.38,$0.65B,$1.06B,0.61,$0.99B,$0.66B,66.16%,$0.99B,$0.24B,24.37%,$0.99B,$0.24B,24.37%,$0.99B,$0.32B,31.72%,$0.99B,$0.19B,19.03%,$0.99B,$0.13B,12.79%,$0.13B,$1.06B,11.53%,$0.13B,$0.63B,17.48%,$0.13B,$2.12B,6.93%,$0.24B,$1.72B,19.13%,$283,$94,$188,$50,$66,$213,$69,$-33,$36,$12,$24,$24,$24,$92,$69,$127,153,$0.19,$0.16,$1135,$151,$0,$1511,$125,$0,$439,$46,$612,$2123,$345,$652,$62,$714,$1059,$2,$-131,$1,$1064,$2123,$24,$22,$50,$72,$-11,$-4,$-1,$-10,$-8,$89,$-12,$-0,$-58,$0,$-82,$-82,$0,$-153,$786,$-253,$533,$-317,$-317,$0,$10,$225,$161,$22,$0
31,2010-12-31,63.34,$9.46,6.7,$6.37,9.95,$3.76,16.86,$0.86,73.65,$1.26B,$0.54B,2.35,$0.00B,$1.20B,0.0,$0.90B,$0.60B,66.63%,$0.90B,$0.21B,23.39%,$0.90B,$0.21B,23.39%,$0.90B,$0.28B,30.49%,$0.90B,$0.19B,20.62%,$0.90B,$0.12B,13.75%,$0.12B,$1.20B,11.58%,$0.12B,$0.83B,16.72%,$0.12B,$1.84B,7.39%,$0.21B,$1.20B,19.70%,$261,$95,$166,$46,$62,$193,$69,$-18,$51,$12,$38,$38,$38,$86,$69,$124,143,$0.31,$0.26,$894,$142,$0,$1258,$130,$0,$370,$42,$581,$1839,$535,$0,$107,$107,$641,$2,$-155,$2,$1198,$1839,$125,$63,$87,$150,$-8,$-49,$23,$-1,$-2,$273,$-50,$-7,$-98,$-28,$-103,$-130,$0,$-285,$0,$0,$0,$74,$74,$0,$42,$116,$104,$72,$0
32,2010-09-30,49.2,$8.86,5.55,$5.86,8.39,$3.08,16.0,$0.70,70.29,$1.14B,$0.50B,2.28,$0.00B,$1.11B,0.0,$0.82B,$0.56B,68.25%,$0.82B,$0.17B,20.44%,$0.82B,$0.17B,20.44%,$0.82B,$0.23B,27.74%,$0.82B,$0.16B,19.10%,$0.82B,$0.10B,11.92%,$0.10B,$1.11B,9.92%,$0.10B,$0.76B,14.28%,$0.10B,$1.73B,6.22%,$0.17B,$1.11B,17.01%,$237,$80,$157,$45,$55,$180,$57,$-3,$55,$19,$35,$35,$35,$74,$57,$125,145,$0.28,$0.24,$807,$130,$0,$1140,$126,$0,$350,$71,$585,$1725,$500,$0,$117,$117,$617,$1,$-194,$3,$1108,$1725,$86,$46,$59,$105,$-13,$-36,$17,$-0,$-0,$191,$-37,$-7,$-98,$0,$-73,$-73,$0,$-215,$0,$0,$0,$75,$75,$0,$15,$90,$66,$52,$0
33,2010-06-30,43.53,$8.34,5.22,$5.36,8.12,$2.48,17.56,$0.58,75.05,$1.09B,$0.48B,2.26,$0.00B,$1.04B,0.0,$0.74B,$0.51B,68.78%,$0.74B,$0.14B,18.84%,$0.74B,$0.14B,18.84%,$0.74B,$0.20B,26.51%,$0.74B,$0.13B,17.36%,$0.74B,$0.08B,10.77%,$0.08B,$1.04B,8.32%,$0.08B,$0.70B,11.77%,$0.08B,$1.64B,5.23%,$0.14B,$1.04B,14.56%,$212,$66,$146,$44,$53,$165,$47,$-1,$47,$17,$30,$30,$30,$63,$47,$123,141,$0.24,$0.21,$785,$119,$0,$1088,$122,$0,$342,$44,$554,$1642,$482,$0,$123,$123,$605,$1,$-229,$3,$1037,$1642,$51,$30,$34,$64,$6,$-28,$16,$4,$21,$136,$-24,$-2,$-75,$0,$-20,$-20,$0,$-121,$0,$0,$0,$70,$70,$0,$8,$78,$93,$34,$0
34,2010-03-31,38.9,$7.73,5.03,$5.02,7.75,$2.14,18.18,$0.55,70.73,$1.04B,$0.45B,2.33,$0.00B,$0.94B,0.0,$0.69B,$0.48B,68.69%,$0.69B,$0.13B,18.61%,$0.69B,$0.13B,18.61%,$0.69B,$0.18B,26.41%,$0.69B,$0.12B,16.88%,$0.69B,$0.08B,10.82%,$0.08B,$0.94B,8.00%,$0.08B,$0.69B,11.16%,$0.08B,$1.51B,5.04%,$0.13B,$0.94B,13.77%,$192,$60,$132,$44,$50,$154,$38,$-5,$33,$12,$21,$21,$21,$52,$38,$121,136,$0.18,$0.16,$748,$101,$0,$1041,$118,$0,$256,$44,$465,$1505,$446,$0,$118,$118,$563,$1,$-259,$3,$942,$1505,$21,$14,$19,$33,$-1,$-8,$7,$2,$5,$59,$-11,$0,$-10,$0,$-3,$-3,$0,$-25,$0,$0,$0,$30,$30,$0,$5,$34,$69,$17,$0
35,2009-12-31,30.68,$7.23,4.24,$4.85,6.32,$2.08,14.78,$0.53,57.89,$0.98B,$0.44B,2.23,$0.00B,$0.86B,0.0,$0.67B,$0.45B,68.07%,$0.67B,$0.13B,18.89%,$0.67B,$0.13B,18.89%,$0.67B,$0.18B,26.69%,$0.67B,$0.11B,16.94%,$0.67B,$0.07B,10.94%,$0.07B,$0.86B,7.98%,$0.07B,$0.61B,11.30%,$0.07B,$1.43B,5.02%,$0.13B,$0.86B,13.77%,$181,$55,$126,$40,$49,$155,$26,$-3,$22,$11,$12,$12,$12,$39,$26,$123,137,$0.10,$0.09,$694,$93,$0,$982,$117,$0,$257,$27,$448,$1430,$441,$0,$124,$124,$566,$1,$-280,$3,$864,$1430,$72,$51,$64,$116,$-19,$-21,$12,$-8,$-16,$172,$-53,$-3,$-1,$0,$-199,$-199,$0,$-257,$0,$-10,$-10,$-128,$-128,$0,$39,$-99,$-182,$61,$0
36,2009-09-30,42.5,$8.01,5.31,$4.74,8.96,$1.42,30.02,$0.66,64.39,$1.03B,$0.41B,2.5,$0.00B,$1.00B,0.0,$0.65B,$0.43B,66.77%,$0.65B,$0.14B,21.02%,$0.65B,$0.14B,21.02%,$0.65B,$0.19B,28.90%,$0.65B,$0.13B,19.47%,$0.65B,$0.09B,13.45%,$0.09B,$1.00B,9.68%,$0.09B,$0.73B,13.85%,$0.09B,$1.54B,6.08%,$0.14B,$1.00B,15.13%,$158,$51,$107,$34,$42,$129,$29,$-2,$27,$10,$17,$17,$17,$43,$29,$125,140,$0.14,$0.12,$760,$81,$0,$1031,$117,$55,$272,$24,$510,$1542,$413,$0,$127,$127,$540,$1,$-292,$3,$1002,$1542,$61,$38,$31,$69,$-25,$-6,$12,$-6,$-18,$111,$-46,$0,$-1,$0,$-225,$-225,$0,$-272,$-10,$0,$-10,$43,$43,$0,$39,$72,$-88,$44,$0
37,2009-06-30,38.94,$7.57,5.14,$4.87,8.0,$0.89,43.65,$0.48,81.13,$0.98B,$0.41B,2.42,$0.00B,$0.94B,0.0,$0.64B,$0.42B,65.41%,$0.64B,$0.11B,17.06%,$0.64B,$0.11B,17.06%,$0.64B,$0.16B,24.73%,$0.64B,$0.10B,15.34%,$0.64B,$0.06B,9.39%,$0.06B,$0.94B,6.96%,$0.06B,$0.67B,10.18%,$0.06B,$1.48B,4.33%,$0.11B,$0.94B,12.65%,$162,$50,$111,$33,$42,$126,$36,$-1,$35,$10,$25,$25,$25,$49,$36,$124,139,$0.20,$0.18,$735,$71,$0,$982,$104,$56,$274,$25,$495,$1477,$405,$0,$132,$132,$537,$1,$-309,$3,$940,$1477,$43,$25,$23,$48,$-18,$3,$11,$-2,$-1,$90,$-27,$0,$0,$0,$-87,$-87,$0,$-113,$-10,$0,$-10,$31,$31,$0,$26,$47,$25,$30,$0
38,2009-03-31,37.24,$6.95,5.36,$4.76,7.83,$0.29,127.8,$0.42,89.73,$0.90B,$0.38B,2.34,$0.00B,$0.86B,0.0,$0.62B,$0.39B,63.21%,$0.62B,$0.10B,15.72%,$0.62B,$0.10B,15.72%,$0.62B,$0.14B,23.34%,$0.62B,$0.08B,13.45%,$0.62B,$0.05B,7.78%,$0.05B,$0.86B,6.40%,$0.05B,$0.58B,10.10%,$0.05B,$1.37B,3.80%,$0.10B,$0.86B,12.94%,$166,$56,$110,$33,$43,$131,$35,$-5,$29,$11,$19,$19,$19,$47,$35,$122,133,$0.15,$0.14,$673,$69,$0,$897,$97,$56,$275,$24,$475,$1373,$383,$0,$134,$134,$517,$1,$-334,$2,$855,$1373,$19,$12,$23,$35,$-5,$4,$7,$-0,$-3,$51,$-13,$0,$0,$0,$-27,$-27,$0,$-40,$-10,$0,$-10,$18,$18,$0,$0,$8,$24,$15,$0
39,2008-12-31,26.05,$6.60,3.95,$4.47,5.83,$-0.26,0.0,$0.38,68.55,$0.87B,$0.39B,2.25,$0.00B,$0.80B,0.0,$0.57B,$0.35B,61.61%,$0.57B,$0.08B,14.14%,$0.57B,$0.08B,14.14%,$0.57B,$0.13B,22.16%,$0.57B,$0.07B,12.57%,$0.57B,$0.04B,6.98%,$0.04B,$0.80B,6.17%,$0.04B,$0.54B,10.75%,$0.04B,$1.33B,3.47%,$0.08B,$0.80B,12.49%,$161,$57,$104,$28,$39,$125,$36,$-1,$35,$9,$26,$26,$26,$48,$36,$117,134,$0.21,$0.21,$640,$73,$0,$870,$89,$56,$261,$5,$458,$1327,$386,$0,$142,$142,$529,$1,$-353,$2,$799,$1327,$39,$47,$90,$137,$-58,$-20,$5,$7,$-88,$88,$-60,$-36,$-25,$0,$-157,$-157,$0,$-277,$-0,$0,$-0,$319,$319,$0,$19,$338,$152,$48,$0
40,2008-09-30,40.53,$6.89,5.88,$4.30,9.42,$-0.18,0.0,$0.13,324.24,$0.88B,$0.49B,1.78,$0.00B,$0.00B,0.0,$0.53B,$0.32B,61.14%,$0.53B,$0.01B,2.29%,$0.53B,$0.01B,2.29%,$0.53B,$0.06B,12.19%,$0.53B,$-0.01B,-1.33%,$0.53B,$0.00B,0.19%,$0.00B,$0.85B,0.18%,$0.00B,$0.57B,0.37%,$0.00B,$1.36B,0.09%,$0.01B,$0.85B,1.84%,$150,$57,$93,$28,$39,$149,$2,$-2,$-1,$9,$-10,$-10,$-10,$14,$2,$120,120,$-0.08,$-0.08,$650,$73,$0,$875,$82,$52,$279,$12,$486,$1361,$491,$0,$17,$17,$508,$0,$0,$0,$853,$1361,$13,$35,$85,$120,$-43,$-18,$4,$-45,$-95,$38,$-45,$-36,$-25,$0,$-140,$-140,$0,$-246,$-0,$0,$-0,$387,$387,$0,$0,$387,$180,$36,$0
41,2008-06-30,43.56,$4.30,10.13,$3.87,11.26,$0.13,330.21,$0.31,142.8,$0.51B,$0.49B,1.04,$0.00B,$0.00B,0.0,$0.47B,$0.29B,60.89%,$0.47B,$0.03B,5.50%,$0.47B,$0.03B,5.50%,$0.47B,$0.07B,14.59%,$0.47B,$0.01B,2.96%,$0.47B,$0.03B,5.50%,$0.03B,$0.49B,6.21%,$0.03B,$0.21B,18.87%,$0.03B,$0.99B,2.79%,$0.03B,$0.49B,4.20%,$140,$57,$83,$23,$36,$116,$24,$-4,$20,$8,$13,$13,$13,$35,$24,$114,133,$0.11,$0.09,$303,$68,$0,$507,$72,$53,$282,$12,$486,$993,$486,$0,$15,$15,$501,$0,$0,$0,$492,$993,$23,$22,$40,$62,$-17,$-13,$7,$-46,$-75,$10,$-30,$-36,$0,$0,$-16,$-16,$0,$-82,$-0,$0,$-0,$30,$30,$0,$0,$30,$-42,$23,$0
42,2008-03-31,37.95,$4.00,9.49,$3.54,10.71,$0.53,71.77,$0.27,140.56,$0.47B,$0.47B,0.99,$0.00B,$0.00B,0.0,$0.42B,$0.26B,61.96%,$0.42B,$0.01B,3.35%,$0.42B,$0.01B,3.35%,$0.42B,$0.05B,11.96%,$0.42B,$0.01B,2.15%,$0.42B,$0.02B,5.26%,$0.02B,$0.45B,5.98%,$0.02B,$0.17B,24.72%,$0.02B,$0.94B,2.51%,$0.01B,$0.45B,2.10%,$122,$48,$73,$21,$34,$103,$19,$-1,$18,$7,$11,$11,$11,$30,$19,$112,128,$0.10,$0.08,$275,$55,$0,$465,$55,$53,$284,$12,$471,$936,$470,$0,$15,$15,$485,$0,$0,$0,$451,$936,$11,$11,$17,$28,$-6,$-1,$2,$-48,$-66,$-27,$-7,$-36,$0,$0,$-1,$-1,$0,$-44,$-0,$0,$-0,$16,$16,$0,$0,$16,$-56,$11,$0
43,2007-12-31,29.63,$3.72,7.97,$3.26,9.08,$0.90,32.93,$-2.63,0.0,$0.56B,$0.17B,3.4,$0.40B,$0.41B,0.97,$0.37B,$0.23B,63.32%,$0.37B,$-0.30B,-81.79%,$0.37B,$-0.30B,-81.79%,$0.37B,$-0.27B,-73.91%,$0.37B,$-0.30B,-82.34%,$0.37B,$-0.29B,-77.99%,$-0.29B,$0.41B,-89.27%,$-0.29B,$0.13B,-630.77%,$-0.29B,$0.99B,-34.63%,$-0.30B,$0.81B,-41.72%,$113,$41,$72,$20,$30,$145,$-33,$-11,$-44,$-31,$-13,$-13,$-13,$-15,$-33,$108,108,$-0.08,$-0.06,$386,$54,$0,$563,$46,$0,$287,$12,$425,$988,$166,$400,$8,$410,$576,$1,$-383,$1,$412,$988,$-287,$29,$301,$330,$-37,$-27,$12,$48,$13,$56,$-24,$-0,$72,$0,$-115,$-115,$0,$-68,$390,$-139,$251,$-221,$-221,$0,$119,$148,$137,$34,$0
44,2007-09-30,25.94,$2.94,8.83,$2.84,9.12,$0.85,30.54,$-2.42,0.0,$0.49B,$0.08B,6.16,$0.40B,$0.00B,0.0,$0.32B,$0.20B,63.81%,$0.32B,$-0.25B,-79.68%,$0.32B,$-0.25B,-79.68%,$0.32B,$-0.24B,-75.87%,$0.32B,$-0.24B,-76.51%,$0.32B,$-0.26B,-81.59%,$-0.26B,$0.32B,-91.70%,$-0.26B,$0.05B,-340.40%,$-0.26B,$0.81B,-39.12%,$-0.25B,$0.72B,-43.26%,$98,$38,$60,$20,$24,$82,$16,$4,$20,$5,$15,$15,$15,$19,$16,$109,119,$0.13,$0.12,$353,$45,$0,$487,$39,$0,$272,$12,$323,$810,$79,$400,$10,$410,$489,$0,$0,$0,$321,$810,$-274,$12,$328,$339,$-34,$-17,$18,$0,$-20,$44,$-15,$-0,$72,$0,$-193,$-193,$0,$-136,$390,$-139,$251,$-133,$-133,$0,$0,$118,$26,$24,$0
45,2007-06-30,20.3,$2.66,7.63,$2.55,7.95,$0.77,26.39,$-2.38,0.0,$0.45B,$0.08B,5.9,$0.40B,$0.00B,0.0,$0.27B,$0.18B,65.93%,$0.27B,$-0.25B,-93.33%,$0.27B,$-0.25B,-93.33%,$0.27B,$-0.24B,-89.26%,$0.27B,$-0.24B,-90.37%,$0.27B,$-0.26B,-94.81%,$-0.26B,$0.29B,-101.29%,$-0.26B,$0.02B,-225.55%,$-0.26B,$0.77B,-49.37%,$-0.25B,$0.69B,-55.66%,$85,$31,$54,$18,$23,$72,$12,$2,$15,$5,$9,$9,$9,$16,$12,$108,116,$0.09,$0.08,$343,$43,$0,$452,$37,$0,$272,$13,$321,$774,$77,$400,$10,$410,$487,$0,$0,$0,$287,$774,$-289,$8,$319,$327,$-13,$-15,$20,$1,$1,$39,$-10,$0,$73,$0,$-167,$-167,$0,$-104,$390,$-139,$251,$-144,$-144,$0,$0,$107,$43,$15,$0
46,2007-03-31,14.65,$2.48,5.91,$2.26,6.47,$0.60,24.3,$-2.39,0.0,$0.43B,$0.07B,6.36,$0.40B,$0.00B,0.0,$0.23B,$0.15B,66.96%,$0.23B,$-0.26B,-113.22%,$0.23B,$-0.26B,-113.22%,$0.23B,$-0.25B,-109.69%,$0.23B,$-0.25B,-111.01%,$0.23B,$-0.26B,-113.66%,$-0.26B,$0.27B,-113.28%,$-0.26B,$-0.01B,-167.26%,$-0.26B,$0.74B,-67.41%,$-0.26B,$0.67B,-78.41%,$72,$26,$47,$16,$24,$369,$-296,$3,$-294,$4,$-298,$-298,$-298,$-292,$-296,$107,107,$-2.79,$-2.79,$327,$36,$0,$425,$33,$0,$273,$13,$318,$743,$67,$400,$10,$410,$477,$0,$0,$0,$266,$743,$-298,$4,$311,$315,$-8,$-8,$10,$1,$-2,$15,$-3,$0,$77,$0,$-108,$-108,$0,$-34,$391,$-139,$252,$-239,$-239,$0,$92,$105,$85,$8,$0
47,2006-12-31,19.66,$2.64,7.45,$1.94,10.14,$0.47,41.46,$0.40,49.14,$0.19B,$0.03B,5.74,$0.00B,$0.25B,0.0,$0.18B,$0.13B,67.93%,$0.18B,$0.04B,20.65%,$0.18B,$0.04B,20.65%,$0.18B,$0.04B,23.37%,$0.18B,$0.04B,22.83%,$0.18B,$0.04B,21.74%,$0.04B,$0.25B,22.10%,$0.04B,$0.25B,23.05%,$0.04B,$0.30B,17.76%,$0.04B,$0.25B,20.99%,$60,$20,$40,$9,$15,$44,$17,$1,$18,$1,$17,$17,$17,$18,$17,$89,98,$0.20,$0.18,$131,$20,$0,$194,$26,$68,$2,$11,$107,$301,$34,$0,$10,$19,$53,$0,$-105,$11,$247,$301,$40,$6,$12,$18,$-22,$-10,$2,$-1,$-19,$39,$-15,$-0,$0,$0,$-146,$-146,$0,$-161,$-0,$0,$-0,$108,$108,$0,$1,$109,$-12,$14,$0
