,Date,Stock Price,Book Value per Share,Price to Book Ratio,TTM Sales per Share,Price to Sales Ratio,TTM FCF per Share,Price to FCF Ratio,TTM Net EPS,PE Ratio,Current Assets,Current Liabilities,Current Ratio,Long Term Debt,Shareholder's Equity_x,Debt to Equity Ratio,TTM Revenue_x,TTM Gross Profit,Gross Margin,TTM Revenue_y,TTM Operating Income,Operating Margin,TTM Revenue_x,TTM EBIT,EBIT Margin,TTM Revenue_y,TTM EBITDA,EBITDA Margin,TTM Revenue_x,TTM Pre-Tax Income,Pre-Tax Margin,TTM Revenue_y,TTM Net Income_x,Net Margin,TTM Net Income_y,Shareholder's Equity_y,Return on Equity,TTM Net Income_x,Tangible Equity,Return on Tangible Equity,TTM Net Income_y,Total Assets,Return on Assets,TTM Net Income,LT Investments & Debt,Return on Investment,revenue,cost-goods-sold,gross-profit,research-development-expenses,selling-general-administrative-expenses,operating-expenses,operating-income,total-non-operating-income-expense,pre-tax-income,total-provision-income-taxes,income-after-taxes,income-from-continuous-operations,net-income,ebitda,ebit,basic-shares-outstanding,shares-outstanding,eps-basic-net-earnings-per-share,eps-earnings-per-share-diluted,cash-on-hand,inventory,other-current-assets,total-current-assets,net-property-plant-equipment,long-term-investments,goodwill-intangible-assets-total,other-long-term-assets,total-long-term-assets,total-assets,total-current-liabilities,long-term-debt,other-non-current-liabilities,total-long-term-liabilities,total-liabilities,common-stock-net,retained-earnings-accumulated-deficit,comprehensive-income,total-share-holder-equity,total-liabilities-share-holders-equity,net-income-loss,total-depreciation-amortization-cash-flow,other-non-cash-items,total-non-cash-items,change-in-accounts-receivable,change-in-inventories,change-in-accounts-payable,change-in-assets-liabilities,total-change-in-assets-liabilities,cash-flow-from-operating-activities,net-change-in-property-plant-equipment,net-change-in-intangible-assets,net-acquisitions-divestitures,net-change-in-short-term-investments,net-change-in-long-term-investments,net-change-in-investments-total,investing-activities-other,cash-flow-from-investing-activities,net-long-term-debt,net-current-debt,debt-issuance-retirement-net-total,net-common-equity-issued-repurchased,net-total-equity-issued-repurchased,total-common-preferred-stock-dividends-paid,financial-activities-other,cash-flow-from-financial-activities,net-cash-flow,stock-based-compensation,common-stock-dividends-paid
0,2018-09-30,25.8,$9.80,2.63,$6.09,4.24,$2.64,9.78,$0.41,62.93,$0.45B,$0.25B,1.77,$0.00B,$0.61B,0.0,$0.39B,$0.21B,54.48%,$0.39B,$0.07B,16.88%,$0.39B,$0.07B,16.88%,$0.39B,$0.13B,34.27%,$0.39B,$0.06B,16.37%,$0.39B,$0.03B,6.91%,$0.03B,$0.61B,4.41%,$0.03B,$0.54B,4.98%,$0.03B,$0.87B,3.10%,$0.07B,$0.61B,10.79%,$82,$40,$42,$4,$27,$73,$9,$-0,$9,$1,$8,$8,$5,$23,$9,$63,63,$0.08,$0.08,$134,$53,$16,$445,$276,$0,$70,$55,$428,$874,$252,$0,$0,$8,$260,$431,$-71,$-4,$613,$874,$30,$42,$19,$61,$0,$0,$0,$-23,$-23,$68,$-7,$-3,$-23,$0,$0,$0,$0,$-33,$0,$-6,$-6,$-49,$-49,$0,$-5,$-60,$-25,$18,$0
1,2018-06-30,22.15,$9.67,2.29,$6.31,3.51,$2.40,9.24,$0.32,69.22,$0.44B,$0.26B,1.7,$0.00B,$0.60B,0.0,$0.41B,$0.21B,51.72%,$0.41B,$0.06B,15.20%,$0.41B,$0.06B,15.20%,$0.41B,$0.13B,31.86%,$0.41B,$0.06B,14.46%,$0.41B,$0.02B,5.15%,$0.02B,$0.60B,3.47%,$0.02B,$0.54B,3.91%,$0.02B,$0.87B,2.43%,$0.06B,$0.60B,10.23%,$98,$38,$60,$4,$33,$84,$15,$-1,$14,$4,$10,$10,$8,$29,$15,$63,63,$0.12,$0.12,$133,$41,$15,$438,$276,$0,$69,$62,$432,$870,$257,$0,$0,$8,$265,$431,$-76,$-3,$604,$870,$22,$28,$15,$43,$0,$0,$0,$-18,$-18,$47,$-9,$-2,$-8,$0,$0,$0,$0,$-19,$0,$-1,$-1,$-50,$-50,$0,$-3,$-54,$-26,$12,$0
2,2018-03-31,19.2,$9.81,1.96,$6.09,3.16,$2.21,8.67,$0.17,112.94,$0.44B,$0.25B,1.81,$0.00B,$0.63B,0.0,$0.40B,$0.20B,50.25%,$0.40B,$0.05B,12.31%,$0.40B,$0.05B,12.31%,$0.40B,$0.12B,29.15%,$0.40B,$0.05B,11.81%,$0.40B,$0.01B,2.76%,$0.01B,$0.63B,1.83%,$0.01B,$0.56B,2.07%,$0.01B,$0.88B,1.28%,$0.05B,$0.63B,8.17%,$85,$34,$51,$4,$28,$68,$17,$-0,$17,$4,$12,$12,$9,$30,$17,$65,65,$0.13,$0.13,$146,$29,$8,$442,$279,$0,$70,$63,$436,$878,$245,$0,$0,$5,$250,$441,$-60,$-0,$628,$878,$12,$14,$6,$19,$10,$2,$-10,$-18,$-16,$15,$-7,$-1,$0,$0,$-5,$-5,$0,$-12,$0,$-1,$-1,$-15,$-15,$0,$-1,$-17,$-13,$5,$0
3,2017-12-31,23.15,$9.31,2.49,$5.79,4.0,$2.01,11.54,$0.04,578.75,$0.46B,$0.26B,1.76,$0.00B,$0.60B,0.0,$0.38B,$0.19B,48.43%,$0.38B,$0.03B,8.38%,$0.38B,$0.03B,8.38%,$0.38B,$0.10B,25.65%,$0.38B,$0.03B,7.59%,$0.38B,$0.00B,0.52%,$0.00B,$0.60B,0.33%,$0.00B,$0.53B,0.38%,$0.00B,$0.87B,0.24%,$0.03B,$0.60B,5.35%,$126,$65,$60,$6,$25,$101,$25,$-0,$24,$16,$9,$9,$5,$52,$25,$65,66,$0.08,$0.08,$159,$31,$5,$462,$277,$0,$70,$27,$404,$867,$263,$0,$0,$1,$264,$446,$-88,$-1,$602,$867,$13,$67,$50,$117,$-38,$11,$4,$-21,$-44,$85,$-24,$0,$-49,$0,$0,$0,$0,$-74,$0,$-2,$-2,$-35,$-35,$0,$-21,$-58,$-46,$24,$0
4,2017-09-30,22.65,$9.11,2.49,$5.44,4.16,$1.99,11.39,$0.09,251.67,$0.45B,$0.26B,1.77,$0.00B,$0.59B,0.0,$0.36B,$0.18B,49.59%,$0.36B,$0.03B,7.16%,$0.36B,$0.03B,7.16%,$0.36B,$0.08B,21.21%,$0.36B,$0.02B,6.61%,$0.36B,$0.01B,1.65%,$0.01B,$0.59B,0.99%,$0.01B,$0.52B,1.12%,$0.01B,$0.85B,0.71%,$0.03B,$0.59B,4.31%,$99,$59,$40,$5,$26,$94,$5,$-0,$4,$1,$3,$3,$-1,$19,$5,$65,65,$-0.01,$-0.01,$158,$37,$19,$450,$270,$0,$70,$23,$396,$847,$255,$0,$0,$2,$257,$445,$-92,$-2,$590,$847,$4,$40,$39,$79,$0,$0,$0,$-20,$-20,$63,$-16,$-4,$-37,$0,$0,$0,$0,$-57,$0,$-2,$-2,$-36,$-36,$0,$-16,$-53,$-47,$19,$0
5,2017-06-30,22.0,$8.96,2.46,$5.20,4.23,$1.78,12.33,$0.14,157.14,$0.46B,$0.26B,1.79,$0.00B,$0.58B,0.0,$0.35B,$0.19B,52.71%,$0.35B,$0.03B,8.26%,$0.35B,$0.03B,8.26%,$0.35B,$0.08B,22.22%,$0.35B,$0.03B,7.98%,$0.35B,$0.01B,2.85%,$0.01B,$0.58B,1.63%,$0.01B,$0.51B,1.84%,$0.01B,$0.84B,1.18%,$0.03B,$0.58B,4.74%,$88,$38,$49,$6,$29,$86,$2,$-0,$2,$-0,$2,$2,$-2,$15,$2,$66,66,$-0.03,$-0.03,$158,$41,$38,$462,$257,$0,$70,$19,$378,$840,$258,$0,$0,$2,$260,$445,$-92,$-3,$580,$840,$1,$25,$23,$48,$0,$0,$0,$-12,$-12,$37,$-10,$-3,$-19,$0,$0,$0,$0,$-31,$0,$-1,$-1,$-37,$-37,$0,$-14,$-52,$-47,$13,$0
6,2017-03-31,34.0,$9.34,3.64,$5.21,6.53,$1.77,19.2,$0.28,121.43,$0.47B,$0.22B,2.18,$0.00B,$0.62B,0.0,$0.36B,$0.19B,52.39%,$0.36B,$0.04B,11.27%,$0.36B,$0.04B,11.27%,$0.36B,$0.09B,24.51%,$0.36B,$0.04B,10.99%,$0.36B,$0.02B,5.07%,$0.02B,$0.62B,2.89%,$0.02B,$0.55B,3.25%,$0.02B,$0.84B,2.10%,$0.04B,$0.62B,6.42%,$69,$33,$36,$4,$31,$69,$-0,$-0,$-1,$0,$-1,$-1,$0,$12,$-0,$66,67,$0.00,$0.00,$190,$45,$13,$474,$248,$0,$70,$20,$368,$841,$217,$0,$0,$3,$220,$456,$-56,$-4,$622,$841,$-1,$12,$9,$21,$0,$-3,$-6,$-11,$-21,$-1,$-4,$-2,$-1,$0,$-8,$-8,$0,$-14,$0,$-1,$-1,$12,$12,$0,$-11,$0,$-14,$6,$0
7,2016-12-31,31.4,$9.40,3.34,$5.49,5.72,$1.85,17.0,$0.42,74.76,$0.49B,$0.23B,2.12,$0.00B,$0.62B,0.0,$0.38B,$0.20B,53.44%,$0.38B,$0.06B,15.61%,$0.38B,$0.06B,15.61%,$0.38B,$0.10B,27.51%,$0.38B,$0.06B,15.61%,$0.38B,$0.03B,7.67%,$0.03B,$0.62B,4.60%,$0.03B,$0.55B,5.16%,$0.03B,$0.86B,3.35%,$0.06B,$0.62B,9.35%,$107,$52,$55,$5,$32,$88,$19,$-0,$19,$7,$12,$12,$9,$31,$19,$68,68,$0.14,$0.13,$205,$42,$17,$489,$245,$0,$69,$33,$369,$857,$231,$0,$0,$5,$236,$439,$-47,$-5,$622,$857,$39,$46,$45,$92,$-1,$-4,$-3,$-45,$-53,$78,$-15,$0,$-50,$0,$0,$0,$0,$-65,$0,$-2,$-2,$-105,$-105,$0,$-18,$-126,$-113,$32,$0
8,2016-09-30,28.97,$9.34,3.1,$5.60,5.17,$1.51,19.23,$0.61,47.49,$0.50B,$0.23B,2.17,$0.00B,$0.62B,0.0,$0.39B,$0.22B,56.15%,$0.39B,$0.08B,19.23%,$0.39B,$0.08B,19.23%,$0.39B,$0.12B,30.77%,$0.39B,$0.08B,19.23%,$0.39B,$0.04B,11.03%,$0.04B,$0.62B,6.68%,$0.04B,$0.56B,7.47%,$0.04B,$0.86B,4.86%,$0.08B,$0.62B,11.65%,$87,$42,$45,$4,$31,$79,$8,$-0,$8,$3,$5,$4,$3,$20,$8,$67,68,$0.04,$0.04,$218,$51,$15,$504,$234,$0,$69,$26,$355,$859,$232,$0,$0,$3,$235,$436,$-44,$-5,$624,$859,$27,$34,$28,$62,$0,$0,$0,$-44,$-44,$45,$-10,$0,$-28,$0,$0,$0,$0,$-38,$0,$-2,$-2,$-93,$-93,$0,$-12,$-106,$-99,$23,$0
9,2016-06-30,29.48,$9.33,3.16,$5.52,5.34,$1.04,28.45,$0.69,42.72,$0.51B,$0.24B,2.13,$0.00B,$0.63B,0.0,$0.39B,$0.22B,55.67%,$0.39B,$0.08B,20.88%,$0.39B,$0.08B,20.88%,$0.39B,$0.12B,31.96%,$0.39B,$0.08B,20.62%,$0.39B,$0.05B,12.37%,$0.05B,$0.63B,7.85%,$0.05B,$0.56B,8.83%,$0.05B,$0.87B,5.66%,$0.08B,$0.63B,13.25%,$92,$41,$50,$3,$33,$79,$13,$-0,$13,$2,$10,$9,$6,$24,$13,$68,68,$0.09,$0.09,$228,$45,$17,$512,$234,$0,$68,$26,$355,$867,$240,$0,$0,$0,$240,$436,$-35,$-4,$626,$867,$23,$22,$17,$39,$0,$0,$0,$-26,$-26,$36,$-8,$0,$-22,$0,$0,$0,$0,$-31,$0,$-1,$-1,$-82,$-82,$0,$-11,$-95,$-89,$15,$0
10,2016-03-31,31.09,$9.54,3.26,$5.68,5.47,$0.40,76.94,$0.92,33.79,$0.54B,$0.23B,2.37,$0.00B,$0.65B,0.0,$0.40B,$0.24B,58.31%,$0.40B,$0.11B,26.05%,$0.40B,$0.11B,26.05%,$0.40B,$0.15B,36.72%,$0.40B,$0.10B,25.56%,$0.40B,$0.07B,16.38%,$0.07B,$0.65B,11.29%,$0.07B,$0.58B,12.77%,$0.07B,$0.88B,8.12%,$0.11B,$0.65B,17.96%,$92,$40,$52,$4,$29,$73,$19,$0,$19,$5,$14,$14,$11,$29,$19,$71,71,$0.16,$0.16,$260,$45,$15,$539,$220,$0,$68,$26,$340,$879,$228,$0,$0,$0,$228,$440,$-6,$-4,$651,$879,$14,$10,$6,$17,$0,$0,$0,$-26,$-26,$5,$-5,$0,$-5,$0,$0,$0,$0,$-9,$0,$-1,$-1,$-44,$-44,$0,$-9,$-53,$-58,$6,$0
11,2015-12-31,35.54,$9.67,3.67,$5.26,6.76,$0.16,216.58,$0.78,45.56,$0.59B,$0.25B,2.34,$0.00B,$0.67B,0.0,$0.37B,$0.22B,58.71%,$0.37B,$0.09B,23.86%,$0.37B,$0.09B,23.86%,$0.37B,$0.13B,35.12%,$0.37B,$0.09B,23.32%,$0.37B,$0.06B,14.75%,$0.06B,$0.67B,10.16%,$0.06B,$0.61B,11.61%,$0.06B,$0.93B,7.22%,$0.09B,$0.67B,16.44%,$119,$47,$72,$3,$33,$84,$35,$-0,$35,$8,$27,$26,$23,$47,$35,$70,71,$0.32,$0.32,$317,$39,$15,$592,$218,$0,$68,$26,$338,$931,$253,$0,$0,$3,$257,$448,$20,$-7,$674,$931,$65,$43,$28,$71,$0,$0,$0,$-51,$-51,$84,$-43,$0,$-36,$0,$0,$0,$0,$-79,$0,$25,$25,$41,$41,$0,$138,$205,$211,$22,$0
12,2015-09-30,33.79,$7.15,4.72,$5.04,6.7,$0.26,130.61,$0.76,44.46,$0.38B,$0.22B,1.72,$0.00B,$0.50B,0.0,$0.36B,$0.21B,59.27%,$0.36B,$0.09B,23.88%,$0.36B,$0.09B,23.88%,$0.36B,$0.12B,34.83%,$0.36B,$0.08B,23.31%,$0.36B,$0.05B,14.89%,$0.05B,$0.50B,11.31%,$0.05B,$0.43B,13.21%,$0.05B,$0.71B,7.74%,$0.09B,$0.50B,18.13%,$85,$43,$42,$3,$25,$71,$14,$-0,$13,$2,$11,$11,$8,$24,$14,$70,71,$0.12,$0.12,$117,$36,$15,$377,$213,$0,$68,$35,$337,$714,$219,$0,$0,$0,$219,$374,$-3,$-6,$495,$714,$38,$31,$26,$57,$0,$0,$0,$-53,$-53,$42,$-38,$0,$-27,$0,$0,$0,$0,$-65,$0,$18,$18,$27,$27,$0,$-11,$34,$11,$15,$0
13,2015-06-30,40.27,$7.40,5.45,$4.72,8.54,$0.89,45.45,$0.71,56.72,$0.40B,$0.21B,1.93,$0.00B,$0.52B,0.0,$0.33B,$0.20B,61.45%,$0.33B,$0.08B,23.49%,$0.33B,$0.08B,23.49%,$0.33B,$0.12B,34.64%,$0.33B,$0.08B,23.19%,$0.33B,$0.05B,15.06%,$0.05B,$0.52B,11.31%,$0.05B,$0.45B,13.33%,$0.05B,$0.73B,7.73%,$0.08B,$0.52B,17.65%,$107,$38,$69,$2,$29,$71,$37,$-0,$36,$9,$27,$26,$24,$48,$37,$70,72,$0.34,$0.34,$146,$34,$15,$402,$207,$0,$68,$28,$325,$727,$208,$0,$0,$0,$208,$378,$18,$-4,$519,$727,$28,$21,$17,$37,$0,$0,$0,$-47,$-47,$18,$-35,$0,$-15,$0,$0,$0,$0,$-50,$0,$18,$18,$23,$23,$0,$31,$71,$40,$11,$0
14,2015-03-31,33.71,$6.86,4.91,$4.36,7.73,$1.38,24.36,$0.56,60.2,$0.36B,$0.20B,1.81,$0.00B,$0.48B,0.0,$0.30B,$0.18B,60.20%,$0.30B,$0.06B,20.07%,$0.30B,$0.06B,20.07%,$0.30B,$0.10B,31.25%,$0.30B,$0.06B,19.74%,$0.30B,$0.04B,12.83%,$0.04B,$0.48B,9.57%,$0.04B,$0.41B,11.44%,$0.04B,$0.68B,6.51%,$0.06B,$0.48B,14.97%,$62,$26,$36,$5,$28,$60,$3,$-0,$3,$1,$2,$1,$0,$12,$3,$69,71,$0.01,$0.01,$140,$26,$15,$359,$202,$0,$66,$24,$317,$676,$198,$0,$0,$0,$198,$361,$-6,$-5,$478,$676,$1,$10,$8,$17,$0,$0,$0,$-13,$-13,$6,$-23,$0,$-5,$0,$0,$0,$0,$-28,$0,$11,$11,$11,$11,$0,$33,$56,$34,$6,$0
15,2014-12-31,30.9,$5.55,5.57,$4.18,7.4,$1.70,18.13,$0.57,54.21,$0.33B,$0.20B,1.67,$0.00B,$0.38B,0.0,$0.29B,$0.17B,59.66%,$0.29B,$0.06B,20.34%,$0.29B,$0.06B,20.34%,$0.29B,$0.09B,31.38%,$0.29B,$0.06B,20.00%,$0.29B,$0.04B,13.79%,$0.04B,$0.38B,10.85%,$0.04B,$0.32B,13.22%,$0.04B,$0.62B,7.28%,$0.06B,$0.38B,16.00%,$102,$39,$64,$5,$25,$72,$31,$0,$31,$8,$23,$23,$21,$40,$31,$68,70,$0.31,$0.29,$107,$17,$15,$325,$183,$0,$67,$23,$296,$622,$195,$0,$0,$44,$239,$345,$-6,$-3,$383,$622,$42,$34,$24,$58,$0,$0,$0,$-13,$-13,$87,$-40,$0,$-22,$1,$0,$1,$0,$-62,$0,$5,$5,$52,$52,$0,$-5,$52,$77,$15,$0
16,2014-09-30,27.46,$5.67,4.85,$4.23,6.49,$1.64,16.72,$0.67,40.99,$0.29B,$0.17B,1.69,$0.00B,$0.39B,0.0,$0.29B,$0.18B,60.07%,$0.29B,$0.07B,23.21%,$0.29B,$0.07B,23.21%,$0.29B,$0.10B,33.79%,$0.29B,$0.07B,22.87%,$0.29B,$0.05B,16.04%,$0.05B,$0.39B,13.31%,$0.05B,$0.32B,16.39%,$0.05B,$0.56B,9.14%,$0.07B,$0.39B,19.26%,$61,$25,$35,$5,$24,$54,$7,$-0,$7,$1,$6,$5,$5,$15,$7,$68,70,$0.07,$0.07,$94,$21,$8,$292,$162,$0,$67,$20,$269,$561,$173,$0,$0,$0,$173,$334,$-27,$-1,$388,$561,$20,$24,$18,$42,$0,$0,$0,$10,$10,$72,$-25,$0,$-20,$0,$0,$0,$0,$-45,$0,$0,$0,$42,$42,$0,$-4,$37,$64,$12,$0
17,2014-06-30,28.48,$5.57,5.11,$4.10,6.94,$1.35,21.05,$0.62,45.94,$0.28B,$0.16B,1.79,$0.00B,$0.38B,0.0,$0.28B,$0.17B,59.15%,$0.28B,$0.06B,22.54%,$0.28B,$0.06B,22.54%,$0.28B,$0.10B,33.80%,$0.28B,$0.06B,22.18%,$0.28B,$0.04B,15.49%,$0.04B,$0.38B,13.46%,$0.04B,$0.32B,16.87%,$0.04B,$0.54B,9.05%,$0.06B,$0.38B,19.57%,$79,$31,$48,$3,$23,$60,$20,$-0,$19,$5,$14,$14,$13,$28,$20,$68,69,$0.19,$0.19,$75,$17,$7,$281,$151,$0,$66,$19,$257,$538,$157,$0,$0,$0,$157,$333,$-29,$-0,$381,$538,$14,$16,$13,$29,$0,$0,$0,$-8,$-8,$35,$-17,$0,$-12,$0,$0,$0,$0,$-28,$0,$0,$0,$43,$43,$0,$-4,$39,$46,$8,$0
18,2014-03-31,27.33,$4.75,5.75,$4.15,6.59,$1.13,24.25,$0.60,45.55,$0.22B,$0.16B,1.41,$0.00B,$0.32B,0.0,$0.29B,$0.16B,57.14%,$0.29B,$0.06B,21.25%,$0.29B,$0.06B,21.25%,$0.29B,$0.10B,33.80%,$0.29B,$0.06B,21.25%,$0.29B,$0.04B,14.98%,$0.04B,$0.32B,14.29%,$0.04B,$0.26B,18.34%,$0.04B,$0.48B,9.25%,$0.06B,$0.32B,20.27%,$48,$22,$26,$4,$21,$47,$1,$-0,$1,$0,$0,$0,$1,$8,$1,$68,69,$0.01,$0.01,$30,$14,$7,$219,$142,$0,$66,$27,$260,$478,$155,$0,$0,$0,$155,$329,$-42,$-2,$323,$478,$1,$8,$5,$12,$0,$0,$0,$1,$1,$14,$-8,$0,$-6,$0,$0,$0,$0,$-14,$0,$0,$0,$1,$1,$0,$-1,$-0,$0,$3,$0
19,2013-12-31,29.48,$4.71,6.26,$4.18,7.06,$0.98,30.15,$0.63,46.79,$0.23B,$0.16B,1.43,$0.00B,$0.32B,0.0,$0.29B,$0.16B,56.75%,$0.29B,$0.07B,22.49%,$0.29B,$0.07B,22.49%,$0.29B,$0.10B,35.29%,$0.29B,$0.06B,22.15%,$0.29B,$0.05B,15.57%,$0.05B,$0.32B,15.78%,$0.05B,$0.25B,20.59%,$0.05B,$0.48B,9.92%,$0.07B,$0.32B,22.79%,$105,$38,$67,$4,$23,$65,$40,$-0,$40,$10,$30,$28,$28,$48,$40,$67,69,$0.42,$0.41,$30,$10,$7,$230,$133,$0,$67,$27,$251,$481,$162,$0,$0,$0,$162,$327,$-43,$-1,$320,$481,$44,$37,$28,$66,$0,$0,$0,$-55,$-55,$55,$-13,$0,$-29,$0,$0,$0,$0,$-42,$0,$-11,$-11,$9,$9,$0,$-2,$-4,$8,$13,$0
20,2013-09-30,30.24,$4.21,7.18,$3.78,8.01,$1.36,22.18,$0.42,72.0,$0.20B,$0.16B,1.2,$0.00B,$0.28B,0.0,$0.26B,$0.14B,53.85%,$0.26B,$0.04B,16.15%,$0.26B,$0.04B,16.15%,$0.26B,$0.08B,30.38%,$0.26B,$0.04B,15.77%,$0.26B,$0.03B,11.54%,$0.03B,$0.28B,11.17%,$0.03B,$0.22B,14.87%,$0.03B,$0.45B,6.84%,$0.04B,$0.28B,15.64%,$52,$24,$27,$4,$20,$48,$3,$-0,$3,$1,$2,$2,$2,$12,$3,$67,69,$0.02,$0.02,$26,$14,$6,$195,$127,$0,$67,$28,$252,$447,$163,$0,$0,$0,$163,$324,$-71,$-2,$284,$447,$16,$29,$14,$43,$0,$0,$0,$-27,$-27,$33,$-6,$0,$-21,$0,$0,$0,$0,$-27,$0,$-6,$-6,$7,$7,$0,$-2,$-2,$5,$9,$0
21,2013-06-30,24.86,$4.13,6.02,$4.21,5.9,$1.73,14.4,$0.62,40.1,$0.21B,$0.18B,1.17,$0.00B,$0.28B,0.0,$0.29B,$0.16B,54.67%,$0.29B,$0.06B,21.11%,$0.29B,$0.06B,21.11%,$0.29B,$0.10B,33.56%,$0.29B,$0.06B,20.76%,$0.29B,$0.04B,14.88%,$0.04B,$0.28B,16.72%,$0.04B,$0.21B,22.60%,$0.04B,$0.45B,9.91%,$0.06B,$0.28B,23.71%,$82,$38,$44,$4,$22,$64,$17,$-0,$17,$5,$12,$12,$12,$29,$17,$67,69,$0.18,$0.17,$21,$13,$6,$207,$122,$0,$67,$26,$247,$454,$177,$0,$0,$0,$177,$320,$-72,$-3,$277,$454,$15,$20,$10,$30,$0,$0,$0,$-37,$-37,$8,$-5,$0,$-13,$0,$0,$0,$0,$-18,$0,$7,$7,$4,$4,$0,$-2,$9,$-1,$6,$0
22,2013-03-31,26.73,$3.90,6.86,$4.05,6.59,$1.95,13.73,$0.61,43.82,$0.18B,$0.17B,1.07,$0.00B,$0.26B,0.0,$0.28B,$0.15B,55.23%,$0.28B,$0.06B,21.30%,$0.28B,$0.06B,21.30%,$0.28B,$0.09B,33.57%,$0.28B,$0.06B,20.94%,$0.28B,$0.04B,15.16%,$0.04B,$0.26B,17.30%,$0.04B,$0.19B,23.86%,$0.04B,$0.43B,9.85%,$0.06B,$0.26B,24.30%,$50,$23,$26,$4,$20,$45,$5,$-0,$4,$1,$3,$3,$3,$13,$5,$67,69,$0.04,$0.04,$15,$14,$4,$183,$121,$0,$67,$25,$249,$432,$172,$0,$0,$0,$172,$317,$-84,$-3,$260,$432,$3,$9,$2,$11,$0,$0,$0,$-15,$-15,$-1,$-3,$0,$-9,$0,$0,$0,$0,$-13,$0,$7,$7,$2,$2,$0,$-2,$8,$-6,$3,$0
23,2012-12-31,22.48,$3.81,5.91,$4.15,5.42,$2.16,10.42,$0.61,36.85,$0.18B,$0.17B,1.07,$0.00B,$0.25B,0.0,$0.28B,$0.15B,54.42%,$0.28B,$0.06B,20.49%,$0.28B,$0.06B,20.49%,$0.28B,$0.09B,32.51%,$0.28B,$0.06B,20.49%,$0.28B,$0.04B,14.84%,$0.04B,$0.25B,18.40%,$0.04B,$0.19B,25.93%,$0.04B,$0.42B,9.95%,$0.06B,$0.25B,25.41%,$76,$33,$43,$4,$23,$60,$17,$1,$17,$4,$14,$13,$13,$25,$17,$66,68,$0.19,$0.19,$21,$16,$4,$181,$114,$0,$67,$24,$241,$422,$169,$0,$0,$0,$169,$314,$-87,$-2,$253,$422,$41,$33,$32,$64,$0,$0,$0,$-32,$-32,$74,$-6,$0,$-29,$0,$0,$0,$0,$-36,$0,$-44,$-44,$9,$9,$0,$0,$-35,$3,$14,$0
24,2012-09-30,19.91,$3.62,5.51,$4.01,4.96,$0.68,29.28,$0.51,39.04,$0.19B,$0.19B,0.99,$0.00B,$0.24B,0.0,$0.27B,$0.14B,52.19%,$0.27B,$0.05B,19.34%,$0.27B,$0.05B,19.34%,$0.27B,$0.09B,31.39%,$0.27B,$0.05B,18.61%,$0.27B,$0.04B,12.77%,$0.04B,$0.24B,16.47%,$0.04B,$0.17B,23.81%,$0.04B,$0.43B,8.37%,$0.05B,$0.24B,24.94%,$81,$36,$45,$3,$19,$58,$22,$-0,$22,$7,$15,$15,$15,$30,$22,$66,68,$0.23,$0.22,$29,$21,$3,$186,$109,$0,$67,$25,$241,$427,$188,$0,$0,$0,$188,$310,$-97,$-1,$239,$427,$28,$25,$23,$48,$0,$0,$0,$-22,$-22,$54,$-3,$0,$-21,$0,$0,$0,$0,$-23,$0,$-25,$-25,$6,$6,$0,$0,$-19,$11,$11,$0
25,2012-06-30,24.03,$3.33,7.22,$3.83,6.28,$-0.23,0.0,$0.41,58.61,$0.19B,$0.21B,0.93,$0.00B,$0.22B,0.0,$0.26B,$0.13B,51.54%,$0.26B,$0.05B,17.31%,$0.26B,$0.05B,17.31%,$0.26B,$0.08B,29.23%,$0.26B,$0.04B,16.54%,$0.26B,$0.03B,10.77%,$0.03B,$0.22B,14.14%,$0.03B,$0.15B,20.29%,$0.03B,$0.43B,6.91%,$0.05B,$0.22B,22.73%,$70,$31,$39,$2,$20,$55,$15,$-0,$15,$4,$11,$11,$11,$25,$15,$66,68,$0.17,$0.16,$24,$20,$6,$191,$107,$0,$66,$15,$235,$425,$206,$0,$0,$0,$206,$309,$-112,$-1,$219,$425,$14,$17,$13,$29,$0,$0,$0,$-23,$-23,$20,$-2,$0,$-18,$0,$0,$0,$0,$-19,$0,$-0,$-0,$5,$5,$0,$0,$5,$5,$8,$0
26,2012-03-31,24.44,$3.08,7.93,$3.63,6.73,$-0.68,0.0,$0.28,87.29,$0.18B,$0.21B,0.86,$0.00B,$0.20B,0.0,$0.25B,$0.12B,48.99%,$0.25B,$0.03B,13.77%,$0.25B,$0.03B,13.77%,$0.25B,$0.06B,25.10%,$0.25B,$0.03B,12.96%,$0.25B,$0.02B,7.69%,$0.02B,$0.20B,10.22%,$0.02B,$0.14B,14.39%,$0.02B,$0.41B,4.85%,$0.03B,$0.20B,18.28%,$56,$29,$27,$3,$19,$51,$4,$-1,$4,$1,$3,$3,$3,$12,$4,$65,68,$0.04,$0.04,$22,$21,$3,$181,$104,$0,$65,$14,$233,$414,$212,$0,$0,$0,$212,$307,$-123,$-2,$202,$414,$3,$7,$4,$12,$0,$0,$0,$-4,$-4,$10,$-0,$0,$-10,$0,$0,$0,$0,$-10,$0,$-0,$-0,$3,$3,$0,$0,$3,$3,$4,$0
27,2011-12-31,18.33,$2.92,6.28,$3.52,5.21,$-0.99,0.0,$0.22,83.32,$0.18B,$0.22B,0.81,$0.00B,$0.19B,0.0,$0.24B,$0.12B,48.73%,$0.24B,$0.03B,12.71%,$0.24B,$0.03B,12.71%,$0.24B,$0.06B,23.31%,$0.24B,$0.03B,11.44%,$0.24B,$0.02B,6.36%,$0.02B,$0.19B,8.52%,$0.02B,$0.13B,11.74%,$0.02B,$0.41B,4.03%,$0.03B,$0.19B,17.05%,$67,$35,$32,$2,$18,$55,$12,$-0,$10,$3,$7,$6,$6,$19,$12,$65,67,$0.10,$0.09,$18,$20,$2,$177,$101,$0,$64,$14,$230,$407,$217,$0,$0,$0,$217,$303,$-129,$-3,$190,$407,$16,$25,$27,$25,$0,$0,$0,$-62,$-41,$6,$-39,$0,$0,$0,$0,$-2,$-22,$-64,$0,$37,$0,$8,$8,$0,$0,$45,$-12,$13,$0
28,2011-09-30,14.48,$0.00,0.0,$3.55,4.07,$-0.04,0.0,$0.93,15.57,$0.17B,$0.19B,0.86,$0.00B,$0.18B,0.0,$0.24B,$0.12B,50.00%,$0.24B,$0.02B,7.56%,$0.24B,$0.02B,7.56%,$0.24B,$0.04B,17.23%,$0.24B,$0.02B,7.56%,$0.24B,$0.06B,26.47%,$0.06B,$0.18B,37.50%,$0.06B,$0.14B,50.20%,$0.06B,$0.37B,17.60%,$0.02B,$0.18B,10.71%,$67,$31,$36,$2,$19,$53,$14,$-0,$14,$5,$9,$8,$8,$20,$14,$65,68,$0.13,$0.12,$19,$22,$4,$167,$0,$0,$45,$15,$112,$374,$193,$0,$0,$0,$193,$301,$-132,$0,$181,$374,$9,$18,$23,$41,$0,$0,$0,$-57,$-57,$-6,$-4,$0,$-28,$0,$0,$0,$0,$-32,$0,$22,$22,$6,$6,$0,$-0,$27,$-12,$10,$0
29,2011-06-30,32.43,$0.00,0.0,$3.32,9.75,$0.87,37.21,$0.91,35.64,$0.17B,$0.12B,1.41,$0.00B,$0.17B,0.0,$0.22B,$0.11B,49.10%,$0.22B,$0.01B,5.41%,$0.22B,$0.01B,5.41%,$0.22B,$0.03B,15.32%,$0.22B,$0.01B,5.41%,$0.22B,$0.06B,27.93%,$0.06B,$0.17B,41.96%,$0.06B,$0.13B,58.35%,$0.06B,$0.37B,18.45%,$0.01B,$0.17B,8.12%,$57,$31,$26,$2,$19,$53,$4,$-1,$4,$2,$2,$2,$2,$11,$4,$64,69,$0.03,$0.03,$23,$18,$4,$169,$0,$0,$42,$14,$112,$372,$120,$0,$0,$82,$201,$300,$-140,$0,$171,$372,$1,$12,$13,$25,$0,$0,$0,$-36,$-36,$-10,$-2,$0,$-16,$0,$0,$0,$0,$-18,$0,$17,$17,$5,$5,$0,$-0,$22,$-7,$9,$0
30,2011-03-31,31.98,$0.00,0.0,$3.32,9.63,$1.58,20.3,$1.08,29.61,$0.15B,$0.18B,0.83,$0.00B,$0.16B,0.0,$0.22B,$0.11B,49.77%,$0.22B,$0.02B,10.41%,$0.22B,$0.02B,10.41%,$0.22B,$0.04B,19.46%,$0.22B,$0.02B,9.95%,$0.22B,$0.07B,33.03%,$0.07B,$0.16B,57.14%,$0.07B,$0.12B,84.39%,$0.07B,$0.34B,23.47%,$0.02B,$0.16B,18.00%,$45,$25,$21,$2,$17,$46,$-0,$-0,$-1,$-0,$-1,$-1,$-1,$5,$-0,$64,64,$-0.02,$-0.02,$17,$17,$4,$145,$0,$0,$41,$13,$112,$337,$175,$0,$0,$0,$175,$294,$-142,$0,$162,$337,$-1,$5,$3,$8,$0,$0,$0,$-17,$-17,$-10,$-1,$0,$-3,$0,$0,$0,$0,$-4,$0,$0,$0,$1,$1,$0,$0,$1,$-13,$4,$0
31,2010-12-31,28.07,$0.00,0.0,$3.72,7.55,$1.89,14.88,$1.50,18.71,$0.16B,$0.12B,1.38,$0.00B,$0.16B,0.0,$0.25B,$0.14B,55.02%,$0.25B,$0.05B,20.08%,$0.25B,$0.05B,20.08%,$0.25B,$0.07B,28.51%,$0.25B,$0.05B,20.08%,$0.25B,$0.10B,40.56%,$0.10B,$0.16B,95.06%,$0.10B,$0.12B,154.79%,$0.10B,$0.35B,34.15%,$0.05B,$0.16B,47.06%,$69,$33,$36,$2,$33,$69,$0,$0,$1,$-55,$55,$54,$54,$5,$0,$64,68,$0.85,$0.80,$30,$15,$3,$162,$0,$0,$41,$12,$111,$349,$117,$0,$0,$74,$191,$293,$-141,$0,$158,$349,$101,$21,$-24,$21,$0,$0,$0,$-39,$-83,$58,$-27,$0,$0,$0,$0,$-4,$6,$-24,$0,$-33,$0,$8,$8,$0,$0,$-24,$10,$29,$0
32,2010-09-30,16.86,$0.00,0.0,$3.53,4.78,$1.22,13.81,$0.76,22.18,$0.17B,$0.11B,1.48,$0.00B,$0.10B,0.0,$0.23B,$0.13B,55.56%,$0.23B,$0.06B,24.36%,$0.23B,$0.06B,24.36%,$0.23B,$0.08B,32.91%,$0.23B,$0.05B,22.65%,$0.23B,$0.05B,21.79%,$0.05B,$0.10B,65.38%,$0.05B,$0.06B,137.84%,$0.05B,$0.29B,18.85%,$0.06B,$0.10B,73.08%,$51,$25,$26,$2,$16,$43,$8,$-0,$8,$1,$7,$7,$7,$13,$8,$64,67,$0.11,$0.10,$45,$18,$3,$167,$0,$0,$41,$13,$54,$286,$113,$0,$0,$72,$185,$288,$-195,$0,$100,$286,$47,$16,$0,$16,$0,$0,$0,$0,$-11,$54,$-4,$0,$0,$0,$0,$-9,$7,$-6,$0,$-28,$0,$0,$6,$0,$0,$-22,$25,$0,$0
33,2010-06-30,14.6,$0.00,0.0,$3.48,4.19,$0.38,38.31,$0.68,21.47,$0.16B,$0.12B,1.32,$0.00B,$0.09B,0.0,$0.23B,$0.12B,54.19%,$0.23B,$0.05B,23.79%,$0.23B,$0.05B,23.79%,$0.23B,$0.07B,32.60%,$0.23B,$0.05B,20.26%,$0.23B,$0.05B,19.82%,$0.05B,$0.09B,71.43%,$0.05B,$0.05B,204.55%,$0.05B,$0.27B,16.29%,$0.05B,$0.09B,60.50%,$56,$29,$27,$1,$11,$41,$15,$-1,$14,$0,$13,$13,$13,$20,$15,$64,67,$0.21,$0.20,$37,$12,$5,$158,$0,$0,$41,$14,$56,$272,$119,$0,$0,$62,$181,$287,$-202,$0,$91,$272,$40,$11,$0,$11,$0,$0,$0,$0,$-12,$40,$-5,$0,$0,$0,$0,$-1,$3,$-3,$0,$-25,$0,$0,$5,$0,$0,$-20,$17,$0,$0
34,2010-03-31,17.99,$0.00,0.0,$3.51,5.13,$-0.11,0.0,$0.53,33.94,$0.16B,$0.14B,1.16,$0.00B,$0.08B,0.0,$0.21B,$0.12B,55.19%,$0.21B,$0.05B,21.70%,$0.21B,$0.05B,21.70%,$0.21B,$0.07B,31.13%,$0.21B,$0.04B,16.51%,$0.21B,$0.04B,16.51%,$0.04B,$0.08B,97.90%,$0.04B,$0.04B,-666.67%,$0.04B,$0.28B,12.69%,$0.05B,$0.08B,50.55%,$73,$24,$48,$1,$20,$45,$27,$-0,$27,$0,$27,$27,$27,$33,$27,$63,66,$0.42,$0.40,$24,$12,$3,$162,$0,$0,$41,$14,$55,$276,$140,$0,$0,$60,$200,$285,$-215,$0,$76,$276,$27,$5,$0,$5,$0,$0,$0,$0,$-29,$11,$-1,$0,$0,$0,$0,$0,$-0,$-2,$0,$-10,$0,$0,$4,$0,$0,$-6,$3,$0,$0
35,2009-12-31,13.31,$0.00,0.0,$3.18,4.19,$-0.31,0.0,$0.07,190.14,$0.13B,$0.15B,0.92,$0.00B,$0.05B,0.0,$0.17B,$0.08B,47.98%,$0.17B,$0.02B,12.72%,$0.17B,$0.02B,12.72%,$0.17B,$0.04B,23.12%,$0.17B,$0.01B,3.47%,$0.17B,$0.01B,2.89%,$0.01B,$0.05B,-62.50%,$0.01B,$0.00B,-10.20%,$0.01B,$0.25B,1.90%,$0.02B,$0.05B,46.56%,$54,$25,$29,$1,$21,$47,$7,$-2,$4,$-1,$4,$4,$4,$11,$7,$62,65,$0.07,$0.06,$20,$10,$3,$133,$0,$0,$41,$15,$56,$248,$145,$0,$0,$58,$203,$280,$-242,$0,$45,$248,$5,$19,$-0,$19,$0,$0,$0,$0,$-22,$14,$-26,$0,$0,$0,$0,$-0,$-1,$-28,$0,$-129,$0,$0,$137,$0,$-1,$7,$-7,$0,$0
36,2009-09-30,9.41,$0.00,0.0,$2.99,3.15,$-0.33,0.0,$-0.20,0.0,$0.20B,$0.11B,1.87,$0.10B,$0.04B,2.6,$0.15B,$0.06B,40.82%,$0.15B,$0.01B,6.80%,$0.15B,$0.01B,6.80%,$0.15B,$0.03B,20.41%,$0.15B,$-0.01B,-5.44%,$0.15B,$-0.01B,-5.44%,$-0.01B,$0.04B,18.39%,$-0.01B,$-0.00B,9.47%,$-0.01B,$0.31B,-3.09%,$0.01B,$0.15B,19.32%,$44,$25,$19,$1,$13,$39,$5,$-3,$1,$0,$1,$1,$1,$10,$5,$58,61,$0.02,$0.02,$99,$14,$2,$196,$0,$0,$41,$17,$58,$309,$105,$104,$0,$164,$269,$276,$-246,$0,$40,$309,$1,$15,$0,$15,$0,$0,$0,$0,$-5,$13,$-19,$0,$0,$0,$0,$0,$-1,$-20,$0,$0,$-55,$0,$134,$0,$-0,$79,$72,$0,$0
37,2009-06-30,8.12,$0.00,0.0,$3.04,2.67,$-0.40,0.0,$-0.27,0.0,$0.16B,$0.10B,1.53,$0.12B,$-0.02B,-6.38,$0.14B,$0.06B,41.18%,$0.14B,$0.01B,5.88%,$0.14B,$0.01B,5.88%,$0.14B,$0.03B,19.85%,$0.14B,$-0.01B,-8.09%,$0.14B,$-0.01B,-8.09%,$-0.01B,$-0.02B,14.43%,$-0.01B,$-0.06B,9.38%,$-0.01B,$0.27B,-4.56%,$0.01B,$0.10B,24.43%,$41,$20,$21,$1,$12,$34,$7,$-4,$3,$0,$3,$3,$3,$12,$7,$46,48,$0.06,$0.05,$49,$17,$3,$159,$0,$0,$41,$17,$58,$270,$104,$116,$0,$185,$289,$219,$-247,$0,$-18,$270,$-0,$9,$0,$9,$0,$0,$0,$0,$-8,$2,$-1,$0,$0,$0,$0,$-13,$-1,$-14,$0,$0,$-43,$0,$78,$0,$-0,$34,$22,$0,$0
38,2009-03-31,4.31,$0.00,0.0,$2.69,1.6,$-0.59,0.0,$-0.61,0.0,$0.12B,$0.10B,1.2,$0.00B,$-0.10B,0.0,$0.12B,$0.04B,35.34%,$0.12B,$-0.01B,-6.03%,$0.12B,$-0.01B,-6.03%,$0.12B,$0.01B,10.34%,$0.12B,$-0.03B,-22.41%,$0.12B,$-0.03B,-22.41%,$-0.03B,$-0.10B,27.66%,$-0.03B,$-0.14B,19.26%,$-0.03B,$0.23B,-11.43%,$-0.01B,$-0.10B,-26.92%,$34,$20,$14,$1,$11,$31,$3,$-5,$-2,$0,$-3,$-3,$-3,$7,$3,$44,44,$-0.06,$-0.06,$19,$16,$61,$120,$0,$0,$41,$17,$58,$227,$100,$0,$160,$225,$326,$142,$-250,$0,$-99,$227,$-3,$4,$0,$4,$0,$0,$0,$0,$-3,$-2,$-0,$0,$-7,$0,$0,$0,$-0,$-8,$0,$0,$0,$0,$1,$0,$0,$1,$-8,$0,$0
39,2008-12-31,4.46,$0.00,0.0,$2.50,1.78,$-0.50,0.0,$-0.80,0.0,$0.13B,$0.09B,1.36,$0.16B,$-0.10B,-1.65,$0.11B,$0.04B,34.91%,$0.11B,$-0.02B,-14.15%,$0.11B,$-0.02B,-14.15%,$0.11B,$0.00B,3.77%,$0.11B,$-0.03B,-32.08%,$0.11B,$-0.03B,-31.13%,$-0.03B,$-0.10B,35.48%,$-0.03B,$-0.14B,24.58%,$-0.03B,$0.23B,-14.88%,$-0.02B,$0.06B,-22.39%,$28,$22,$6,$1,$10,$33,$-5,$-5,$-10,$-1,$-9,$-9,$-9,$1,$-5,$43,43,$-0.21,$-0.21,$27,$20,$2,$128,$0,$0,$41,$20,$61,$229,$94,$160,$0,$231,$325,$142,$-247,$0,$-97,$229,$-34,$18,$0,$18,$0,$0,$0,$0,$12,$-7,$-3,$0,$-1,$0,$0,$-18,$0,$-22,$0,$20,$0,$0,$19,$0,$-0,$39,$10,$0,$0
40,2008-09-30,5.92,$0.00,0.0,$2.65,2.23,$-0.49,0.0,$-0.84,0.0,$0.14B,$0.10B,1.4,$0.16B,$-0.09B,-1.77,$0.11B,$0.04B,36.36%,$0.11B,$-0.02B,-14.55%,$0.11B,$-0.02B,-14.55%,$0.11B,$0.00B,1.82%,$0.11B,$-0.04B,-32.73%,$0.11B,$-0.03B,-30.91%,$-0.03B,$-0.09B,37.78%,$-0.03B,$-0.13B,25.86%,$-0.03B,$0.24B,-15.70%,$-0.02B,$0.07B,-22.86%,$33,$18,$15,$2,$11,$31,$3,$-5,$-2,$0,$-2,$-2,$-2,$7,$3,$43,43,$-0.05,$-0.05,$38,$19,$3,$142,$0,$0,$41,$18,$60,$238,$101,$160,$0,$228,$329,$142,$-238,$0,$-91,$238,$-25,$13,$-0,$13,$0,$0,$0,$0,$-0,$-5,$-2,$0,$0,$0,$0,$-10,$-1,$-13,$0,$20,$0,$0,$19,$0,$0,$39,$21,$0,$0
41,2008-06-30,6.84,$0.00,0.0,$2.62,2.61,$-0.48,0.0,$-0.98,0.0,$0.13B,$0.08B,1.71,$0.16B,$-0.09B,-1.8,$0.11B,$0.04B,32.71%,$0.11B,$-0.02B,-19.63%,$0.11B,$-0.02B,-19.63%,$0.11B,$-0.00B,-0.93%,$0.11B,$-0.04B,-38.32%,$0.11B,$-0.04B,-37.38%,$-0.04B,$-0.09B,46.24%,$-0.04B,$-0.13B,31.25%,$-0.04B,$0.22B,-19.02%,$-0.02B,$0.07B,-28.57%,$21,$15,$6,$2,$11,$29,$-8,$-4,$-12,$0,$-12,$-12,$-12,$-3,$-8,$42,42,$-0.29,$-0.29,$25,$21,$3,$129,$0,$0,$41,$16,$58,$216,$75,$160,$0,$230,$305,$141,$-236,$0,$-89,$216,$-22,$8,$0,$8,$0,$0,$0,$0,$11,$-5,$-1,$0,$0,$0,$0,$-4,$-1,$-6,$0,$0,$0,$0,$19,$0,$0,$19,$8,$0,$0
42,2008-03-31,6.97,$0.00,0.0,$2.80,2.49,$-0.50,0.0,$-0.80,0.0,$0.12B,$0.07B,1.7,$0.16B,$-0.10B,-1.68,$0.11B,$0.04B,36.28%,$0.11B,$-0.01B,-11.50%,$0.11B,$-0.01B,-11.50%,$0.11B,$0.01B,4.42%,$0.11B,$-0.03B,-29.20%,$0.11B,$-0.03B,-29.20%,$-0.03B,$-0.10B,41.12%,$-0.03B,$-0.14B,27.10%,$-0.03B,$0.20B,-15.62%,$-0.01B,$0.07B,-16.30%,$24,$13,$10,$2,$12,$28,$-5,$-5,$-10,$0,$-10,$-10,$-10,$-1,$-5,$40,40,$-0.25,$-0.25,$18,$22,$4,$122,$0,$0,$41,$14,$55,$204,$72,$160,$0,$227,$299,$123,$-224,$0,$-95,$204,$-10,$4,$0,$4,$0,$0,$0,$0,$9,$3,$-2,$0,$0,$0,$0,$0,$-0,$-2,$0,$0,$0,$0,$0,$0,$0,$0,$1,$0,$0
43,2007-12-31,6.82,$0.00,0.0,$2.90,2.36,$-0.52,0.0,$-0.67,0.0,$0.13B,$0.07B,1.69,$0.16B,$-0.09B,-1.87,$0.12B,$0.04B,36.21%,$0.12B,$-0.01B,-7.76%,$0.12B,$-0.01B,-7.76%,$0.12B,$0.01B,6.90%,$0.12B,$-0.03B,-24.14%,$0.12B,$-0.03B,-24.14%,$-0.03B,$-0.09B,39.30%,$-0.03B,$-0.13B,24.89%,$-0.03B,$0.21B,-13.04%,$-0.01B,$0.08B,-18.46%,$32,$24,$9,$2,$13,$38,$-6,$-6,$-12,$-0,$-12,$-13,$-10,$-1,$-6,$40,40,$-0.25,$-0.25,$17,$22,$2,$126,$0,$0,$41,$17,$59,$208,$74,$160,$0,$219,$293,$122,$-213,$0,$-85,$208,$-27,$18,$-3,$14,$0,$0,$0,$0,$8,$-6,$-2,$0,$1,$0,$0,$2,$-1,$-1,$0,$0,$0,$0,$0,$0,$-2,$-1,$-8,$0,$0
44,2007-09-30,4.2,$0.00,0.0,$3.01,1.39,$-0.42,0.0,$-0.65,0.0,$0.13B,$0.07B,1.87,$0.16B,$-0.08B,-2.08,$0.12B,$0.05B,38.02%,$0.12B,$-0.00B,-3.31%,$0.12B,$-0.00B,-3.31%,$0.12B,$0.01B,9.09%,$0.12B,$0.01B,9.09%,$0.12B,$-0.03B,-22.31%,$-0.03B,$-0.08B,42.86%,$-0.03B,$-0.12B,25.90%,$-0.03B,$0.21B,-12.30%,$-0.00B,$0.08B,-7.02%,$30,$20,$10,$2,$10,$32,$-2,$-5,$-7,$0,$-8,$-8,$-8,$4,$-2,$40,40,$-0.19,$-0.19,$18,$27,$3,$133,$0,$0,$42,$14,$56,$213,$71,$160,$0,$218,$290,$0,$-203,$0,$-77,$213,$-17,$13,$-1,$12,$0,$0,$0,$0,$6,$-5,$-1,$0,$0,$0,$0,$-0,$-1,$-2,$0,$0,$0,$0,$0,$0,$-2,$-2,$-9,$0,$0
45,2007-06-30,4.22,$0.00,0.0,$2.79,1.51,$-0.40,0.0,$-0.76,0.0,$0.14B,$0.06B,2.19,$0.16B,$-0.06B,-2.51,$0.11B,$0.04B,37.50%,$0.11B,$-0.01B,-6.25%,$0.11B,$-0.01B,-6.25%,$0.11B,$0.01B,6.25%,$0.11B,$0.01B,8.04%,$0.11B,$-0.03B,-27.68%,$-0.03B,$-0.06B,59.62%,$-0.03B,$-0.11B,33.24%,$-0.03B,$0.22B,-13.66%,$-0.01B,$0.10B,-10.29%,$27,$15,$12,$1,$11,$28,$-0,$-4,$-4,$0,$-5,$-5,$-5,$3,$-0,$40,40,$-0.11,$-0.11,$18,$27,$3,$138,$0,$0,$42,$16,$58,$220,$63,$160,$0,$221,$284,$122,$-190,$0,$-64,$220,$-9,$6,$-1,$5,$0,$0,$0,$0,$2,$-6,$-1,$0,$0,$0,$0,$-0,$-1,$-1,$0,$0,$0,$0,$0,$0,$-1,$-1,$-9,$0,$0
46,2007-03-31,5.04,$0.00,0.0,$3.09,1.63,$-0.37,0.0,$-0.57,0.0,$0.14B,$0.06B,2.4,$0.00B,$-0.06B,0.0,$0.13B,$0.05B,38.10%,$0.13B,$0.00B,0.79%,$0.13B,$0.00B,0.79%,$0.13B,$0.02B,12.70%,$0.13B,$0.02B,13.49%,$0.13B,$-0.02B,-17.46%,$-0.02B,$-0.06B,53.33%,$-0.02B,$-0.10B,26.59%,$-0.02B,$0.22B,-9.44%,$0.00B,$-0.06B,1.27%,$27,$16,$11,$1,$10,$28,$-1,$-4,$-5,$0,$-5,$-5,$-5,$2,$-1,$40,40,$-0.12,$-0.12,$27,$27,$3,$141,$0,$0,$42,$12,$53,$218,$59,$0,$160,$218,$277,$122,$-185,$0,$-59,$218,$-5,$3,$0,$3,$0,$0,$0,$0,$2,$1,$-0,$0,$0,$0,$0,$0,$-0,$-0,$0,$0,$0,$0,$0,$0,$0,$0,$0,$0,$0
47,2006-12-31,3.76,$0.00,0.0,$2.92,1.29,$-0.44,0.0,$-0.59,0.0,$0.15B,$0.06B,2.39,$0.16B,$-0.05B,-3.07,$0.12B,$0.04B,36.13%,$0.12B,$-0.00B,-3.36%,$0.12B,$-0.00B,-3.36%,$0.12B,$0.01B,10.08%,$0.12B,$0.01B,10.08%,$0.12B,$-0.02B,-19.33%,$-0.02B,$-0.05B,70.23%,$-0.02B,$-0.09B,30.87%,$-0.02B,$0.23B,-9.66%,$-0.00B,$0.11B,-3.14%,$37,$24,$13,$1,$13,$38,$-1,$-6,$27,$-7,$34,$-9,$-9,$2,$-1,$40,40,$-0.23,$-0.23,$27,$27,$3,$149,$0,$0,$42,$12,$53,$227,$62,$160,$0,$217,$279,$122,$-178,$0,$-52,$227,$-17,$17,$2,$19,$0,$0,$0,$0,$-0,$-2,$-2,$0,$0,$0,$0,$6,$-1,$3,$0,$0,$0,$0,$0,$0,$0,$0,$1,$0,$0
