,Date,Stock Price,Book Value per Share,Price to Book Ratio,TTM Sales per Share,Price to Sales Ratio,TTM FCF per Share,Price to FCF Ratio,TTM Net EPS,PE Ratio,Current Assets,Current Liabilities,Current Ratio,Long Term Debt,Shareholder's Equity_x,Debt to Equity Ratio,TTM Revenue_x,TTM Gross Profit,Gross Margin,TTM Revenue_y,TTM Operating Income,Operating Margin,TTM Revenue_x,TTM EBIT,EBIT Margin,TTM Revenue_y,TTM EBITDA,EBITDA Margin,TTM Revenue_x,TTM Pre-Tax Income,Pre-Tax Margin,TTM Revenue_y,TTM Net Income_x,Net Margin,TTM Net Income_y,Shareholder's Equity_y,Return on Equity,TTM Net Income_x,Tangible Equity,Return on Tangible Equity,TTM Net Income_y,Total Assets,Return on Assets,TTM Net Income,LT Investments & Debt,Return on Investment,revenue,cost-goods-sold,gross-profit,research-development-expenses,selling-general-administrative-expenses,operating-expenses,operating-income,total-non-operating-income-expense,pre-tax-income,total-provision-income-taxes,income-after-taxes,income-from-continuous-operations,net-income,ebitda,ebit,basic-shares-outstanding,shares-outstanding,eps-basic-net-earnings-per-share,eps-earnings-per-share-diluted,cash-on-hand,inventory,other-current-assets,total-current-assets,net-property-plant-equipment,long-term-investments,goodwill-intangible-assets-total,other-long-term-assets,total-long-term-assets,total-assets,total-current-liabilities,long-term-debt,other-non-current-liabilities,total-long-term-liabilities,total-liabilities,common-stock-net,retained-earnings-accumulated-deficit,comprehensive-income,total-share-holder-equity,total-liabilities-share-holders-equity,net-income-loss,total-depreciation-amortization-cash-flow,other-non-cash-items,total-non-cash-items,change-in-accounts-receivable,change-in-inventories,change-in-accounts-payable,change-in-assets-liabilities,total-change-in-assets-liabilities,cash-flow-from-operating-activities,net-change-in-property-plant-equipment,net-change-in-intangible-assets,net-acquisitions-divestitures,net-change-in-short-term-investments,net-change-in-long-term-investments,net-change-in-investments-total,investing-activities-other,cash-flow-from-investing-activities,net-long-term-debt,net-current-debt,debt-issuance-retirement-net-total,net-common-equity-issued-repurchased,net-total-equity-issued-repurchased,total-common-preferred-stock-dividends-paid,financial-activities-other,cash-flow-from-financial-activities,net-cash-flow,stock-based-compensation,common-stock-dividends-paid
0,2018-06-30,31.63,$28.64,1.1,$156.02,0.2,$-0.79,0.0,$4.86,6.51,$0.49B,$0.25B,1.96,$0.88B,$0.58B,1.51,$4.12B,$0.99B,23.89%,$4.12B,$0.13B,3.18%,$4.12B,$0.13B,3.18%,$4.12B,$0.24B,5.89%,$4.12B,$0.09B,2.06%,$4.12B,$0.10B,2.35%,$0.10B,$0.58B,17.61%,$0.10B,$0.58B,17.61%,$0.10B,$1.81B,5.47%,$0.13B,$1.46B,9.20%,$1035,$791,$244,$0,$215,$1005,$30,$-11,$18,$-6,$24,$24,$24,$58,$30,$20,26,$1.21,$0.93,$12,$364,$40,$489,$1297,$0,$0,$24,$1321,$1811,$249,$875,$41,$981,$1230,$1,$567,$0,$580,$1811,$79,$85,$-5,$80,$-7,$-14,$0,$-36,$-51,$108,$-119,$0,$0,$0,$0,$0,$0,$-119,$-11,$20,$9,$0,$0,$-10,$0,$-1,$-12,$0,$-10
1,2018-03-31,33.5,$27.59,1.21,$154.03,0.22,$0.36,94.06,$4.22,7.94,$0.45B,$0.25B,1.81,$0.88B,$0.56B,1.57,$4.07B,$0.98B,24.02%,$4.07B,$0.13B,3.22%,$4.07B,$0.13B,3.22%,$4.07B,$0.24B,5.94%,$4.07B,$0.09B,2.11%,$4.07B,$0.09B,2.09%,$0.09B,$0.56B,16.05%,$0.09B,$0.56B,16.05%,$0.09B,$1.78B,4.87%,$0.13B,$1.44B,9.40%,$985,$749,$235,$0,$212,$961,$24,$-11,$12,$3,$9,$9,$9,$52,$24,$20,26,$0.46,$0.35,$7,$359,$14,$454,$1296,$0,$0,$24,$1321,$1775,$251,$876,$42,$965,$1216,$1,$546,$0,$559,$1775,$54,$56,$-23,$33,$-7,$-9,$0,$-10,$-20,$68,$-89,$0,$0,$0,$0,$0,$0,$-89,$-9,$19,$10,$0,$0,$-7,$0,$4,$-17,$0,$-7
2,2017-12-31,34.08,$27.29,1.25,$152.47,0.22,$1.43,23.76,$4.21,8.09,$0.46B,$0.25B,1.81,$0.88B,$0.55B,1.59,$4.03B,$0.97B,24.08%,$4.03B,$0.13B,3.27%,$4.03B,$0.13B,3.27%,$4.03B,$0.24B,6.03%,$4.03B,$0.09B,2.18%,$4.03B,$0.09B,2.11%,$0.09B,$0.55B,16.62%,$0.09B,$0.55B,16.62%,$0.09B,$1.77B,4.92%,$0.13B,$1.43B,9.62%,$1014,$769,$245,$0,$209,$978,$36,$-10,$25,$-20,$45,$45,$45,$64,$36,$20,26,$2.23,$1.71,$14,$362,$9,$456,$1292,$0,$0,$26,$1318,$1774,$252,$878,$44,$969,$1221,$1,$540,$0,$553,$1774,$45,$28,$-22,$6,$-5,$-12,$0,$-6,$-13,$37,$-57,$0,$0,$0,$0,$0,$0,$-57,$-2,$14,$12,$0,$0,$-3,$0,$9,$-10,$0,$-3
3,2017-09-30,25.15,$25.22,1.0,$151.10,0.17,$1.76,14.27,$2.66,9.45,$0.45B,$0.25B,1.82,$0.87B,$0.51B,1.69,$4.00B,$0.96B,24.06%,$4.00B,$0.13B,3.20%,$4.00B,$0.13B,3.20%,$4.00B,$0.24B,5.95%,$4.00B,$0.09B,2.12%,$4.00B,$0.05B,1.35%,$0.05B,$0.51B,10.94%,$0.05B,$0.51B,10.94%,$0.05B,$1.73B,3.15%,$0.13B,$1.38B,9.43%,$1089,$828,$261,$0,$220,$1048,$41,$-11,$30,$10,$19,$19,$19,$69,$41,$20,26,$0.96,$0.72,$24,$349,$6,$446,$1265,$0,$0,$22,$1287,$1733,$246,$866,$41,$977,$1222,$1,$498,$0,$511,$1733,$54,$111,$-1,$109,$-5,$-5,$0,$-2,$-7,$156,$-125,$0,$0,$0,$0,$0,$0,$-125,$0,$0,$0,$0,$0,$-13,$0,$-13,$18,$0,$-13
4,2017-06-30,32.43,$24.43,1.33,$146.17,0.22,$1.43,22.75,$2.40,13.51,$0.43B,$0.27B,1.63,$0.83B,$0.50B,1.68,$3.88B,$0.94B,24.23%,$3.88B,$0.12B,3.07%,$3.88B,$0.12B,3.07%,$3.88B,$0.23B,5.88%,$3.88B,$0.08B,1.96%,$3.88B,$0.05B,1.26%,$0.05B,$0.50B,10.14%,$0.05B,$0.50B,10.14%,$0.05B,$1.71B,2.87%,$0.12B,$1.33B,8.83%,$984,$747,$237,$0,$208,$955,$30,$-11,$19,$7,$12,$12,$12,$57,$30,$20,26,$0.57,$0.44,$8,$348,$12,$431,$1253,$0,$0,$22,$1275,$1706,$265,$834,$41,$946,$1211,$1,$482,$0,$495,$1706,$35,$83,$1,$83,$-2,$-4,$0,$-6,$-11,$107,$-88,$0,$0,$0,$0,$0,$0,$-88,$-10,$3,$-7,$0,$0,$-10,$0,$-16,$2,$0,$-10
5,2017-03-31,41.86,$24.02,1.74,$144.97,0.29,$0.58,72.0,$2.46,17.02,$0.43B,$0.24B,1.79,$0.87B,$0.49B,1.78,$3.85B,$0.94B,24.30%,$3.85B,$0.12B,3.14%,$3.85B,$0.12B,3.14%,$3.85B,$0.23B,5.98%,$3.85B,$0.08B,2.03%,$3.85B,$0.05B,1.30%,$0.05B,$0.49B,10.54%,$0.05B,$0.49B,10.54%,$0.05B,$1.70B,2.94%,$0.12B,$1.35B,8.95%,$946,$718,$228,$0,$203,$921,$25,$-11,$14,$5,$9,$9,$9,$53,$25,$20,26,$0.45,$0.35,$6,$348,$13,$430,$1251,$0,$0,$21,$1273,$1703,$240,$866,$39,$976,$1217,$1,$473,$0,$487,$1703,$23,$55,$-2,$53,$-2,$-4,$0,$-7,$-11,$65,$-58,$0,$0,$0,$0,$0,$0,$-58,$-8,$7,$-1,$0,$0,$-6,$0,$-7,$0,$0,$-6
6,2016-12-31,46.51,$23.73,1.96,$144.02,0.32,$-0.19,0.0,$2.72,17.1,$0.46B,$0.25B,1.87,$0.89B,$0.48B,1.85,$3.83B,$0.94B,24.46%,$3.83B,$0.13B,3.37%,$3.83B,$0.13B,3.37%,$3.83B,$0.24B,6.19%,$3.83B,$0.09B,2.25%,$3.83B,$0.06B,1.44%,$0.06B,$0.48B,11.83%,$0.06B,$0.48B,11.83%,$0.06B,$1.73B,3.24%,$0.13B,$1.37B,9.55%,$983,$746,$237,$0,$206,$951,$32,$-11,$22,$8,$14,$14,$14,$59,$32,$20,27,$0.68,$0.52,$15,$353,$8,$456,$1248,$0,$0,$21,$1268,$1725,$245,$890,$38,$999,$1244,$1,$467,$0,$481,$1725,$14,$27,$-1,$26,$-19,$-9,$0,$-1,$-22,$17,$-28,$0,$0,$0,$0,$0,$0,$-28,$-2,$25,$23,$0,$0,$-3,$0,$20,$9,$0,$-3
7,2016-09-30,38.07,$23.21,1.64,$142.77,0.27,$-1.07,0.0,$2.68,14.2,$0.42B,$0.24B,1.73,$0.87B,$0.47B,1.84,$3.79B,$0.93B,24.38%,$3.79B,$0.13B,3.40%,$3.79B,$0.13B,3.40%,$3.79B,$0.24B,6.22%,$3.79B,$0.08B,2.21%,$3.79B,$0.05B,1.42%,$0.05B,$0.47B,11.88%,$0.05B,$0.47B,11.88%,$0.05B,$1.69B,3.20%,$0.13B,$1.34B,9.59%,$962,$725,$237,$0,$205,$930,$32,$-11,$21,$7,$14,$14,$14,$59,$32,$20,27,$0.69,$0.53,$6,$344,$7,$418,$1248,$0,$0,$20,$1268,$1686,$242,$866,$37,$975,$1216,$1,$457,$0,$470,$1686,$54,$107,$8,$115,$5,$-5,$0,$4,$-10,$159,$-137,$0,$0,$0,$0,$0,$0,$-137,$-11,$-0,$-11,$0,$0,$-13,$0,$-24,$-2,$0,$-13
8,2016-06-30,35.76,$22.67,1.58,$142.11,0.25,$0.10,345.47,$2.78,12.86,$0.43B,$0.24B,1.83,$0.89B,$0.46B,1.93,$3.79B,$0.92B,24.20%,$3.79B,$0.13B,3.54%,$3.79B,$0.13B,3.54%,$3.79B,$0.24B,6.34%,$3.79B,$0.09B,2.32%,$3.79B,$0.06B,1.48%,$0.06B,$0.46B,12.61%,$0.06B,$0.46B,12.61%,$0.06B,$1.69B,3.34%,$0.13B,$1.35B,10.02%,$957,$724,$233,$0,$199,$925,$32,$-11,$21,$9,$13,$13,$13,$59,$32,$20,27,$0.63,$0.48,$5,$342,$10,$430,$1241,$0,$0,$19,$1260,$1690,$235,$888,$36,$995,$1230,$1,$446,$0,$459,$1690,$40,$79,$9,$88,$-6,$-3,$0,$2,$-25,$104,$-107,$0,$0,$0,$0,$0,$0,$-107,$-11,$22,$11,$0,$0,$-10,$0,$1,$-2,$0,$-10
9,2016-03-31,35.78,$22.20,1.61,$141.46,0.25,$1.32,27.19,$2.83,12.64,$0.43B,$0.23B,1.86,$0.90B,$0.45B,1.99,$3.77B,$0.91B,23.98%,$3.77B,$0.13B,3.52%,$3.77B,$0.13B,3.52%,$3.77B,$0.24B,6.31%,$3.77B,$0.09B,2.33%,$3.77B,$0.06B,1.51%,$0.06B,$0.45B,13.15%,$0.06B,$0.45B,13.15%,$0.06B,$1.68B,3.41%,$0.13B,$1.35B,9.99%,$924,$696,$229,$0,$196,$891,$33,$-11,$22,$8,$14,$14,$14,$60,$33,$20,27,$0.71,$0.54,$9,$341,$9,$430,$1232,$0,$0,$19,$1251,$1681,$231,$897,$35,$1000,$1231,$1,$436,$0,$450,$1681,$27,$52,$4,$56,$-4,$-2,$0,$2,$-26,$58,$-71,$0,$0,$0,$0,$0,$0,$-71,$-9,$30,$21,$0,$0,$-6,$0,$15,$2,$0,$-6
10,2015-12-31,41.89,$21.65,1.93,$140.75,0.3,$2.37,17.66,$2.83,14.8,$0.44B,$0.23B,1.9,$0.91B,$0.44B,2.08,$3.77B,$0.90B,23.77%,$3.77B,$0.13B,3.56%,$3.77B,$0.13B,3.56%,$3.77B,$0.24B,6.29%,$3.77B,$0.09B,2.36%,$3.77B,$0.06B,1.51%,$0.06B,$0.44B,13.50%,$0.06B,$0.44B,13.50%,$0.06B,$1.69B,3.42%,$0.13B,$1.35B,10.12%,$951,$725,$226,$0,$194,$919,$32,$-11,$20,$7,$13,$13,$13,$58,$32,$20,27,$0.64,$0.49,$9,$341,$11,$442,$1227,$0,$0,$20,$1246,$1688,$232,$914,$35,$1017,$1249,$1,$425,$0,$439,$1688,$13,$26,$4,$30,$-14,$-3,$0,$0,$-37,$7,$-41,$0,$0,$0,$0,$0,$0,$-41,$-2,$40,$38,$0,$0,$-3,$0,$35,$1,$0,$-3
11,2015-09-30,45.29,$21.17,2.14,$140.74,0.32,$2.46,18.42,$2.93,15.46,$0.42B,$0.25B,1.68,$0.88B,$0.43B,2.04,$3.78B,$0.89B,23.64%,$3.78B,$0.14B,3.71%,$3.78B,$0.14B,3.71%,$3.78B,$0.24B,6.41%,$3.78B,$0.10B,2.51%,$3.78B,$0.06B,1.56%,$0.06B,$0.43B,14.36%,$0.06B,$0.43B,14.36%,$0.06B,$1.66B,3.55%,$0.14B,$1.30B,10.58%,$953,$725,$228,$0,$193,$916,$37,$-12,$25,$8,$16,$16,$16,$63,$37,$20,27,$0.80,$0.60,$8,$339,$11,$424,$1211,$0,$0,$20,$1231,$1655,$252,$875,$35,$974,$1226,$1,$416,$0,$429,$1655,$59,$103,$-0,$103,$-4,$-9,$0,$-5,$-9,$153,$-100,$0,$0,$0,$0,$0,$0,$-100,$-12,$-29,$-42,$0,$0,$-13,$0,$-55,$-1,$0,$-13
12,2015-06-30,45.08,$20.53,2.2,$135.60,0.33,$1.92,23.53,$2.92,15.44,$0.43B,$0.24B,1.81,$0.90B,$0.42B,2.17,$3.79B,$0.89B,23.35%,$3.79B,$0.14B,3.67%,$3.79B,$0.14B,3.67%,$3.79B,$0.24B,6.33%,$3.79B,$0.10B,2.51%,$3.79B,$0.06B,1.61%,$0.06B,$0.42B,15.27%,$0.06B,$0.42B,15.27%,$0.06B,$1.67B,3.67%,$0.14B,$1.32B,10.49%,$946,$724,$222,$0,$191,$915,$31,$-10,$21,$7,$14,$14,$14,$57,$31,$20,27,$0.68,$0.52,$9,$335,$18,$430,$1208,$0,$0,$28,$1236,$1666,$237,$904,$35,$1012,$1250,$1,$403,$0,$416,$1666,$43,$77,$3,$80,$-6,$-5,$0,$-3,$-22,$101,$-72,$0,$0,$0,$0,$0,$0,$-72,$-10,$-9,$-19,$0,$0,$-10,$0,$-29,$0,$0,$-10
13,2015-03-31,46.55,$20.01,2.33,$130.79,0.36,$0.87,53.21,$2.85,16.33,$0.43B,$0.23B,1.83,$0.92B,$0.41B,2.26,$3.82B,$0.88B,22.97%,$3.82B,$0.14B,3.69%,$3.82B,$0.14B,3.69%,$3.82B,$0.24B,6.31%,$3.82B,$0.10B,2.51%,$3.82B,$0.06B,1.60%,$0.06B,$0.41B,15.10%,$0.06B,$0.41B,15.10%,$0.06B,$1.66B,3.67%,$0.14B,$1.32B,10.63%,$915,$697,$219,$0,$186,$882,$34,$-11,$23,$8,$14,$14,$14,$59,$34,$20,27,$0.71,$0.53,$9,$337,$15,$425,$1208,$0,$0,$24,$1233,$1658,$232,$915,$32,$1021,$1253,$1,$392,$0,$405,$1658,$29,$51,$4,$55,$-3,$-8,$0,$-0,$-26,$59,$-44,$0,$0,$0,$0,$0,$0,$-44,$-8,$-0,$-9,$0,$0,$-6,$0,$-15,$0,$0,$-6
14,2014-12-31,34.75,$19.47,1.78,$126.28,0.28,$0.28,124.81,$2.60,13.36,$0.43B,$0.22B,1.97,$0.96B,$0.39B,2.43,$3.86B,$0.87B,22.44%,$3.86B,$0.14B,3.50%,$3.86B,$0.14B,3.50%,$3.86B,$0.23B,6.07%,$3.86B,$0.09B,2.33%,$3.86B,$0.06B,1.48%,$0.06B,$0.39B,13.95%,$0.06B,$0.39B,13.95%,$0.06B,$1.68B,3.43%,$0.14B,$1.35B,10.17%,$964,$740,$224,$0,$187,$927,$38,$-11,$26,$11,$15,$15,$15,$63,$38,$20,27,$0.74,$0.56,$6,$338,$16,$433,$1218,$0,$0,$24,$1243,$1676,$220,$956,$30,$1061,$1281,$1,$381,$0,$394,$1676,$15,$25,$5,$30,$-11,$-9,$0,$-1,$-50,$-5,$-27,$0,$0,$0,$0,$0,$0,$-27,$-2,$35,$33,$0,$0,$-3,$0,$30,$-2,$0,$-3
15,2014-09-30,22.04,$18.89,1.17,$119.98,0.18,$0.81,27.11,$2.28,9.67,$0.41B,$0.25B,1.65,$0.93B,$0.38B,2.42,$3.84B,$0.85B,22.03%,$3.84B,$0.12B,3.21%,$3.84B,$0.12B,3.21%,$3.84B,$0.22B,5.76%,$3.84B,$0.08B,2.06%,$3.84B,$0.05B,1.36%,$0.05B,$0.38B,12.55%,$0.05B,$0.38B,12.55%,$0.05B,$1.66B,3.14%,$0.12B,$1.31B,9.32%,$965,$744,$220,$0,$184,$929,$36,$-11,$25,$8,$18,$18,$18,$61,$36,$23,32,$0.78,$0.56,$9,$330,$15,$414,$1219,$0,$0,$24,$1243,$1657,$251,$925,$29,$1024,$1274,$1,$369,$0,$383,$1657,$51,$98,$-17,$80,$-1,$0,$0,$11,$23,$154,$-108,$0,$0,$0,$0,$0,$0,$-108,$-5,$30,$25,$-65,$-65,$-14,$0,$-55,$-8,$0,$-14
16,2014-06-30,24.36,$19.05,1.28,$116.93,0.21,$0.84,29.15,$2.17,11.23,$0.42B,$0.23B,1.87,$0.90B,$0.43B,2.07,$3.82B,$0.84B,21.86%,$3.82B,$0.12B,3.09%,$3.82B,$0.12B,3.09%,$3.82B,$0.22B,5.63%,$3.82B,$0.07B,1.94%,$3.82B,$0.05B,1.31%,$0.05B,$0.43B,11.87%,$0.05B,$0.43B,11.87%,$0.05B,$1.65B,3.01%,$0.12B,$1.33B,8.95%,$978,$763,$215,$0,$183,$945,$33,$-11,$22,$9,$14,$14,$14,$58,$33,$23,32,$0.61,$0.43,$4,$337,$15,$422,$1206,$0,$0,$26,$1233,$1654,$226,$896,$28,$995,$1221,$1,$355,$0,$434,$1654,$34,$73,$-16,$56,$-5,$-7,$0,$11,$-16,$74,$-73,$0,$0,$0,$0,$0,$0,$-73,$-3,$0,$-3,$0,$0,$-11,$0,$-14,$-13,$0,$-11
17,2014-03-31,21.87,$18.60,1.18,$124.95,0.18,$1.34,16.37,$0.94,23.26,$0.43B,$0.23B,1.89,$0.90B,$0.42B,2.12,$3.78B,$0.83B,22.01%,$3.78B,$0.12B,3.13%,$3.78B,$0.12B,3.13%,$3.78B,$0.21B,5.67%,$3.78B,$0.03B,0.72%,$3.78B,$0.02B,0.58%,$0.02B,$0.42B,5.33%,$0.02B,$0.42B,5.33%,$0.02B,$1.66B,1.32%,$0.12B,$1.32B,8.98%,$948,$742,$206,$0,$178,$920,$28,$-11,$17,$6,$10,$10,$10,$52,$28,$23,32,$0.46,$0.33,$7,$333,$25,$431,$1206,$0,$0,$24,$1230,$1660,$228,$897,$29,$1009,$1237,$1,$345,$0,$423,$1660,$20,$48,$-3,$46,$-5,$-4,$0,$2,$-15,$51,$-52,$0,$0,$0,$0,$0,$0,$-52,$-1,$0,$-1,$0,$0,$-7,$0,$-9,$-9,$0,$-7
18,2013-12-31,24.73,$18.30,1.35,$121.28,0.2,$1.52,16.25,$0.81,30.53,$0.42B,$0.22B,1.94,$0.91B,$0.42B,2.18,$3.75B,$0.82B,21.98%,$3.75B,$0.12B,3.15%,$3.75B,$0.12B,3.15%,$3.75B,$0.21B,5.68%,$3.75B,$0.02B,0.61%,$3.75B,$0.02B,0.53%,$0.02B,$0.42B,4.76%,$0.02B,$0.42B,4.76%,$0.02B,$1.65B,1.21%,$0.12B,$1.32B,9.07%,$945,$742,$204,$0,$177,$919,$26,$-11,$15,$6,$10,$10,$10,$50,$26,$23,32,$0.42,$0.30,$5,$335,$23,$423,$1208,$0,$0,$23,$1231,$1654,$218,$906,$28,$1019,$1237,$1,$338,$0,$417,$1654,$10,$24,$-2,$22,$-1,$-5,$0,$5,$-22,$10,$-31,$0,$0,$0,$0,$0,$0,$-31,$-2,$14,$13,$0,$0,$-4,$0,$9,$-12,$0,$-4
19,2013-09-30,26.05,$18.04,1.44,$118.11,0.22,$1.25,20.87,$0.87,29.95,$0.44B,$0.25B,1.73,$0.89B,$0.41B,2.18,$3.74B,$0.83B,22.14%,$3.74B,$0.13B,3.34%,$3.74B,$0.13B,3.34%,$3.74B,$0.22B,5.88%,$3.74B,$0.03B,0.70%,$3.74B,$0.02B,0.59%,$0.02B,$0.41B,5.15%,$0.02B,$0.41B,5.15%,$0.02B,$1.67B,1.32%,$0.13B,$1.30B,9.70%,$949,$739,$210,$0,$179,$917,$31,$-11,$20,$5,$16,$16,$16,$55,$31,$24,35,$0.66,$0.64,$17,$330,$28,$435,$1212,$0,$0,$23,$1235,$1669,$251,$894,$28,$1007,$1259,$1,$332,$0,$411,$1669,$21,$95,$47,$141,$2,$-0,$0,$-6,$-17,$145,$-94,$0,$0,$0,$0,$0,$0,$-94,$78,$-40,$38,$-37,$-37,$-30,$-10,$-39,$12,$0,$-30
20,2013-06-30,22.75,$17.52,1.3,$118.82,0.19,$-1.51,0.0,$0.74,30.74,$0.44B,$0.24B,1.87,$0.91B,$0.40B,2.29,$3.79B,$0.84B,22.13%,$3.79B,$0.13B,3.40%,$3.79B,$0.13B,3.40%,$3.79B,$0.22B,5.91%,$3.79B,$0.03B,0.71%,$3.79B,$0.02B,0.50%,$0.02B,$0.40B,4.33%,$0.02B,$0.40B,4.33%,$0.02B,$1.66B,1.15%,$0.13B,$1.31B,10.13%,$934,$723,$211,$0,$178,$901,$33,$-58,$-25,$-11,$-14,$-14,$-14,$57,$33,$24,24,$-0.60,$-0.60,$5,$335,$40,$439,$1198,$0,$0,$22,$1220,$1660,$235,$914,$26,$1026,$1261,$1,$320,$0,$399,$1660,$5,$71,$40,$111,$2,$-5,$0,$-11,$-34,$82,$-69,$0,$0,$0,$0,$0,$0,$-69,$97,$-37,$60,$-37,$-37,$-27,$-9,$-13,$-0,$0,$-27
21,2013-03-31,19.2,$18.72,1.03,$106.03,0.18,$-3.70,0.0,$1.90,10.11,$0.44B,$0.30B,1.48,$0.81B,$0.45B,1.79,$3.78B,$0.83B,22.09%,$3.78B,$0.13B,3.47%,$3.78B,$0.13B,3.47%,$3.78B,$0.23B,5.96%,$3.78B,$0.07B,1.93%,$3.78B,$0.05B,1.22%,$0.05B,$0.45B,10.19%,$0.05B,$0.45B,10.19%,$0.05B,$1.65B,2.80%,$0.13B,$1.27B,10.39%,$921,$722,$199,$0,$175,$893,$28,$-15,$13,$5,$8,$8,$8,$51,$28,$24,36,$0.33,$0.23,$12,$330,$31,$438,$1199,$0,$0,$16,$1215,$1653,$295,$810,$10,$904,$1199,$1,$339,$0,$454,$1653,$20,$47,$-4,$43,$-3,$-1,$0,$-1,$-18,$45,$-39,$0,$0,$0,$0,$0,$0,$-39,$3,$22,$25,$0,$0,$-23,$0,$2,$7,$0,$-23
22,2012-12-31,15.43,$18.38,0.84,$104.87,0.15,$-4.68,0.0,$1.85,8.34,$0.45B,$0.30B,1.5,$0.83B,$0.45B,1.85,$3.74B,$0.83B,22.14%,$3.74B,$0.13B,3.40%,$3.74B,$0.13B,3.40%,$3.74B,$0.22B,5.89%,$3.74B,$0.07B,1.87%,$3.74B,$0.05B,1.20%,$0.05B,$0.45B,10.06%,$0.05B,$0.45B,10.06%,$0.05B,$1.66B,2.76%,$0.13B,$1.27B,10.12%,$935,$727,$208,$0,$175,$901,$33,$-15,$18,$7,$12,$12,$12,$57,$33,$24,36,$0.48,$0.33,$9,$343,$31,$445,$1201,$0,$0,$15,$1216,$1661,$296,$827,$10,$919,$1215,$1,$331,$0,$446,$1661,$12,$24,$-1,$23,$0,$-14,$0,$-0,$-39,$-5,$-28,$0,$0,$0,$0,$0,$0,$-28,$-3,$45,$42,$0,$0,$-4,$0,$38,$5,$0,$-4
23,2012-09-30,13.81,$18.85,0.73,$104.16,0.13,$-5.31,0.0,$1.80,7.67,$0.43B,$0.31B,1.39,$0.79B,$0.46B,1.72,$3.72B,$0.82B,22.08%,$3.72B,$0.12B,3.33%,$3.72B,$0.12B,3.33%,$3.72B,$0.22B,5.78%,$3.72B,$0.07B,1.83%,$3.72B,$0.04B,1.18%,$0.04B,$0.46B,9.89%,$0.04B,$0.46B,9.89%,$0.04B,$1.64B,2.72%,$0.12B,$1.24B,9.84%,$1001,$780,$221,$0,$184,$966,$35,$-14,$21,$7,$13,$13,$13,$59,$35,$24,36,$0.55,$0.37,$5,$330,$30,$426,$1197,$0,$0,$19,$1216,$1642,$306,$785,$9,$879,$1185,$1,$342,$0,$457,$1642,$43,$91,$14,$105,$-5,$-26,$0,$-15,$-15,$134,$-179,$0,$0,$0,$76,$76,$0,$-104,$-60,$40,$-20,$-3,$-3,$-15,$0,$-38,$-8,$0,$-15
24,2012-06-30,13.4,$18.47,0.73,$101.52,0.13,$-3.95,0.0,$1.70,7.88,$0.40B,$0.27B,1.46,$0.81B,$0.45B,1.81,$3.63B,$0.80B,22.13%,$3.63B,$0.12B,3.30%,$3.63B,$0.12B,3.30%,$3.63B,$0.21B,5.73%,$3.63B,$0.06B,1.73%,$3.63B,$0.04B,1.16%,$0.04B,$0.45B,9.57%,$0.04B,$0.45B,9.57%,$0.04B,$1.61B,2.60%,$0.12B,$1.26B,9.50%,$918,$712,$206,$0,$172,$883,$35,$-14,$21,$8,$13,$13,$13,$58,$35,$24,36,$0.54,$0.37,$6,$316,$21,$400,$1193,$0,$0,$19,$1212,$1613,$274,$813,$8,$891,$1165,$1,$333,$0,$448,$1613,$30,$67,$0,$67,$0,$-13,$0,$-5,$-13,$85,$-144,$0,$0,$0,$76,$76,$0,$-68,$-29,$20,$-9,$-3,$-3,$-12,$0,$-23,$-6,$0,$-12
25,2012-03-31,14.6,$18.09,0.81,$101.04,0.14,$-1.99,0.0,$1.68,8.69,$0.38B,$0.28B,1.36,$0.80B,$0.44B,1.83,$3.63B,$0.80B,22.04%,$3.63B,$0.12B,3.31%,$3.63B,$0.12B,3.31%,$3.63B,$0.21B,5.68%,$3.63B,$0.06B,1.71%,$3.63B,$0.04B,1.16%,$0.04B,$0.44B,9.70%,$0.04B,$0.44B,9.70%,$0.04B,$1.60B,2.61%,$0.12B,$1.24B,9.60%,$882,$689,$192,$0,$169,$858,$24,$-14,$10,$3,$7,$7,$7,$46,$24,$24,36,$0.27,$0.18,$4,$302,$21,$383,$1175,$23,$0,$20,$1218,$1601,$281,$803,$9,$882,$1163,$1,$323,$0,$439,$1601,$17,$44,$0,$44,$1,$1,$0,$-5,$12,$74,$-103,$0,$0,$0,$52,$52,$0,$-50,$-22,$0,$-22,$-3,$-3,$-8,$0,$-32,$-9,$0,$-8
26,2011-12-31,12.34,$17.97,0.69,$100.49,0.12,$-1.03,0.0,$1.72,7.17,$0.40B,$0.25B,1.6,$0.86B,$0.44B,1.97,$3.61B,$0.80B,22.19%,$3.61B,$0.12B,3.40%,$3.61B,$0.12B,3.40%,$3.61B,$0.21B,5.76%,$3.61B,$0.06B,1.77%,$3.61B,$0.04B,1.19%,$0.04B,$0.44B,10.04%,$0.04B,$0.44B,10.04%,$0.04B,$1.62B,2.68%,$0.12B,$1.30B,9.91%,$918,$717,$202,$0,$172,$888,$30,$-14,$16,$6,$11,$11,$11,$52,$30,$24,36,$0.43,$0.30,$10,$299,$17,$396,$1158,$43,$0,$20,$1222,$1618,$247,$860,$8,$934,$1181,$1,$321,$0,$436,$1618,$11,$22,$-2,$20,$-13,$4,$0,$-0,$-23,$7,$-64,$0,$0,$0,$33,$33,$0,$-31,$-17,$44,$27,$-2,$-2,$-4,$0,$21,$-3,$0,$-4
27,2011-09-30,11.54,$17.68,0.65,$99.13,0.12,$0.40,28.78,$1.60,7.21,$0.39B,$0.29B,1.34,$0.82B,$0.43B,1.9,$3.57B,$0.79B,22.22%,$3.57B,$0.12B,3.36%,$3.57B,$0.12B,3.36%,$3.57B,$0.20B,5.69%,$3.57B,$0.06B,1.68%,$3.57B,$0.04B,1.12%,$0.04B,$0.43B,9.44%,$0.04B,$0.43B,9.44%,$0.04B,$1.62B,2.54%,$0.12B,$1.25B,10.04%,$915,$711,$204,$0,$172,$884,$31,$-14,$16,$6,$11,$11,$11,$52,$31,$24,36,$0.45,$0.32,$12,$303,$17,$389,$1133,$76,$0,$20,$1229,$1618,$290,$821,$7,$896,$1186,$1,$314,$0,$432,$1618,$39,$85,$-8,$77,$-4,$-17,$0,$-0,$-19,$97,$-94,$0,$0,$0,$-70,$-70,$0,$-164,$38,$0,$38,$-1,$-1,$-15,$0,$21,$-45,$0,$-15
28,2011-06-30,13.28,$17.39,0.76,$97.43,0.14,$1.28,10.35,$1.49,8.91,$0.39B,$0.31B,1.27,$0.78B,$0.43B,1.84,$3.51B,$0.78B,22.34%,$3.51B,$0.12B,3.33%,$3.51B,$0.12B,3.33%,$3.51B,$0.20B,5.70%,$3.51B,$0.06B,1.62%,$3.51B,$0.04B,1.05%,$0.04B,$0.43B,8.85%,$0.04B,$0.43B,8.85%,$0.04B,$1.59B,2.38%,$0.12B,$1.21B,10.04%,$911,$710,$201,$0,$170,$876,$35,$-14,$20,$8,$13,$13,$13,$56,$35,$24,36,$0.52,$0.35,$7,$305,$17,$389,$1085,$96,$0,$21,$1202,$1591,$308,$783,$8,$858,$1166,$1,$307,$0,$425,$1591,$28,$64,$-8,$56,$-4,$-19,$0,$0,$-10,$74,$-63,$0,$0,$0,$-90,$-90,$0,$-153,$40,$0,$40,$-1,$-1,$-12,$0,$27,$-51,$0,$-12
29,2011-03-31,15.76,$17.22,0.91,$95.86,0.16,$1.37,11.47,$1.45,10.87,$0.39B,$0.31B,1.26,$0.79B,$0.42B,1.87,$3.46B,$0.78B,22.58%,$3.46B,$0.12B,3.33%,$3.46B,$0.12B,3.33%,$3.46B,$0.20B,5.70%,$3.46B,$0.06B,1.59%,$3.46B,$0.04B,1.01%,$0.04B,$0.42B,8.45%,$0.04B,$0.42B,8.45%,$0.04B,$1.60B,2.28%,$0.12B,$1.21B,10.01%,$870,$676,$195,$0,$169,$844,$27,$-15,$12,$4,$8,$8,$8,$48,$27,$24,36,$0.32,$0.21,$23,$296,$18,$392,$1087,$96,$0,$21,$1204,$1596,$311,$788,$8,$864,$1175,$1,$303,$0,$421,$1596,$15,$42,$-4,$39,$-2,$-9,$0,$-4,$-6,$48,$-43,$0,$0,$0,$-90,$-90,$0,$-132,$58,$0,$58,$-1,$-1,$-8,$0,$50,$-34,$0,$-8
30,2010-12-31,15.14,$17.06,0.89,$94.85,0.16,$1.95,7.78,$1.36,11.13,$0.39B,$0.31B,1.24,$0.69B,$0.42B,1.66,$3.42B,$0.77B,22.53%,$3.42B,$0.11B,3.27%,$3.42B,$0.11B,3.27%,$3.42B,$0.20B,5.70%,$3.42B,$0.05B,1.52%,$3.42B,$0.03B,0.96%,$0.03B,$0.42B,8.07%,$0.03B,$0.42B,8.07%,$0.03B,$1.50B,2.18%,$0.11B,$1.11B,9.82%,$873,$679,$193,$0,$167,$846,$27,$-15,$12,$4,$8,$8,$8,$47,$27,$24,36,$0.31,$0.21,$21,$290,$15,$386,$1094,$0,$0,$20,$1114,$1500,$312,$694,$7,$771,$1083,$1,$299,$0,$417,$1500,$8,$21,$-2,$19,$-7,$-3,$0,$0,$-6,$21,$-26,$0,$0,$0,$6,$6,$0,$-20,$-33,$0,$-33,$-1,$-1,$-4,$0,$-37,$-36,$0,$-4
31,2010-09-30,12.97,$16.72,0.78,$93.90,0.14,$1.73,7.5,$1.30,9.98,$0.42B,$0.32B,1.33,$0.73B,$0.41B,1.77,$3.39B,$0.76B,22.51%,$3.39B,$0.11B,3.24%,$3.39B,$0.11B,3.24%,$3.39B,$0.19B,5.72%,$3.39B,$0.05B,1.45%,$3.39B,$0.03B,0.91%,$0.03B,$0.41B,7.66%,$0.03B,$0.41B,7.66%,$0.03B,$1.53B,2.05%,$0.11B,$1.13B,9.49%,$856,$661,$195,$0,$168,$828,$28,$-15,$13,$5,$8,$8,$8,$49,$28,$24,36,$0.31,$0.21,$64,$286,$20,$423,$1089,$0,$0,$20,$1109,$1532,$319,$725,$7,$804,$1123,$1,$290,$0,$409,$1532,$31,$85,$5,$90,$-3,$-15,$0,$4,$5,$125,$-91,$0,$0,$0,$12,$12,$0,$-79,$-32,$0,$-32,$-1,$-1,$-15,$0,$-48,$-2,$0,$-15
32,2010-06-30,11.62,$16.72,0.69,$93.13,0.12,$-0.25,0.0,$1.18,9.85,$0.40B,$0.29B,1.41,$0.73B,$0.41B,1.79,$3.36B,$0.75B,22.38%,$3.36B,$0.11B,3.12%,$3.36B,$0.11B,3.12%,$3.36B,$0.19B,5.59%,$3.36B,$0.04B,1.28%,$3.36B,$0.03B,0.80%,$0.03B,$0.41B,6.72%,$0.03B,$0.41B,6.72%,$0.03B,$1.51B,1.79%,$0.11B,$1.14B,8.90%,$856,$659,$197,$0,$165,$823,$33,$-15,$18,$7,$11,$11,$11,$53,$33,$24,36,$0.47,$0.32,$53,$284,$14,$403,$1081,$0,$0,$21,$1102,$1505,$286,$734,$7,$809,$1096,$1,$290,$0,$409,$1505,$23,$64,$2,$66,$-3,$-12,$0,$10,$-10,$78,$-64,$0,$0,$0,$12,$12,$0,$-52,$-24,$0,$-24,$-1,$-1,$-12,$0,$-36,$-9,$0,$-12
33,2010-03-31,11.48,$16.40,0.7,$92.25,0.12,$-2.55,0.0,$0.89,12.9,$0.43B,$0.27B,1.6,$0.77B,$0.40B,1.93,$3.34B,$0.75B,22.43%,$3.34B,$0.11B,3.18%,$3.34B,$0.11B,3.18%,$3.34B,$0.19B,5.67%,$3.34B,$0.03B,0.99%,$3.34B,$0.02B,0.63%,$0.02B,$0.40B,5.26%,$0.02B,$0.40B,5.26%,$0.02B,$1.51B,1.39%,$0.11B,$1.18B,8.85%,$837,$651,$186,$0,$162,$813,$24,$-16,$9,$3,$6,$6,$6,$46,$24,$25,36,$0.23,$0.15,$76,$282,$16,$426,$1066,$0,$0,$21,$1087,$1513,$266,$774,$7,$846,$1112,$1,$283,$0,$401,$1513,$12,$43,$-1,$42,$-1,$-10,$0,$8,$5,$59,$-33,$0,$0,$0,$-3,$-3,$0,$-36,$-16,$0,$-16,$-1,$-1,$-8,$0,$-24,$-1,$0,$-8
34,2009-12-31,11.43,$16.33,0.7,$90.88,0.13,$-4.73,0.0,$0.98,11.67,$0.41B,$0.24B,1.68,$0.78B,$0.40B,1.95,$3.29B,$0.74B,22.60%,$3.29B,$0.11B,3.26%,$3.29B,$0.11B,3.26%,$3.29B,$0.19B,5.72%,$3.29B,$0.04B,1.10%,$3.29B,$0.02B,0.70%,$0.02B,$0.40B,5.78%,$0.02B,$0.40B,5.78%,$0.02B,$1.50B,1.55%,$0.11B,$1.18B,9.07%,$841,$656,$185,$0,$161,$816,$25,$-15,$9,$3,$6,$6,$6,$46,$25,$25,36,$0.25,$0.17,$50,$283,$12,$405,$1070,$0,$0,$21,$1091,$1497,$242,$782,$6,$854,$1097,$1,$281,$0,$400,$1497,$6,$22,$-1,$21,$-10,$-11,$0,$13,$-23,$4,$-16,$0,$0,$0,$-3,$-3,$0,$-19,$-8,$0,$-8,$0,$0,$-4,$0,$-11,$-27,$0,$-4
35,2009-09-30,11.84,$16.24,0.73,$89.84,0.13,$-5.29,0.0,$1.18,10.03,$0.42B,$0.23B,1.84,$0.82B,$0.40B,2.05,$3.25B,$0.74B,22.89%,$3.25B,$0.11B,3.45%,$3.25B,$0.11B,3.45%,$3.25B,$0.19B,5.88%,$3.25B,$0.05B,1.38%,$3.25B,$0.03B,0.86%,$0.03B,$0.40B,7.08%,$0.03B,$0.40B,7.08%,$0.03B,$1.52B,1.91%,$0.11B,$1.22B,9.68%,$830,$645,$185,$0,$163,$807,$23,$-16,$7,$2,$4,$4,$4,$43,$23,$25,36,$0.18,$0.12,$75,$272,$25,$421,$1073,$0,$0,$23,$1096,$1518,$229,$818,$6,$891,$1119,$1,$279,$0,$398,$1518,$28,$80,$24,$104,$-3,$-13,$0,$-17,$-29,$103,$-140,$0,$0,$0,$-18,$-18,$0,$-157,$172,$-28,$144,$0,$0,$-15,$-19,$110,$55,$0,$-15
36,2009-06-30,11.28,$16.19,0.7,$89.94,0.13,$-8.60,0.0,$1.39,8.11,$0.41B,$0.22B,1.83,$0.82B,$0.40B,2.07,$3.26B,$0.71B,21.72%,$3.26B,$0.12B,3.55%,$3.26B,$0.12B,3.55%,$3.26B,$0.19B,5.91%,$3.26B,$0.05B,1.62%,$3.26B,$0.03B,1.04%,$0.03B,$0.40B,8.66%,$0.03B,$0.40B,8.66%,$0.03B,$1.51B,2.38%,$0.12B,$1.22B,10.36%,$827,$635,$192,$0,$158,$793,$34,$-26,$8,$3,$5,$5,$5,$54,$34,$25,36,$0.19,$0.13,$56,$281,$20,$407,$1079,$0,$0,$21,$1100,$1507,$223,$821,$6,$887,$1110,$1,$277,$0,$397,$1507,$24,$59,$19,$78,$-3,$-22,$0,$-12,$-44,$58,$-126,$0,$0,$0,$0,$0,$0,$-126,$178,$-28,$150,$0,$0,$-12,$-19,$120,$52,$0,$-12
37,2009-03-31,10.92,$16.15,0.68,$89.93,0.12,$-9.78,0.0,$1.85,5.9,$0.34B,$0.27B,1.25,$0.70B,$0.40B,1.78,$3.27B,$0.71B,21.64%,$3.27B,$0.12B,3.55%,$3.27B,$0.12B,3.55%,$3.27B,$0.19B,5.81%,$3.27B,$0.07B,2.08%,$3.27B,$0.05B,1.38%,$0.05B,$0.40B,11.61%,$0.05B,$0.40B,11.61%,$0.05B,$1.43B,3.25%,$0.12B,$1.10B,10.86%,$789,$608,$181,$0,$157,$764,$25,$-13,$12,$4,$8,$8,$8,$45,$25,$25,36,$0.32,$0.21,$5,$274,$17,$341,$1080,$0,$0,$10,$1091,$1432,$274,$704,$5,$763,$1036,$1,$277,$0,$396,$1432,$19,$38,$4,$42,$2,$-15,$0,$6,$-12,$50,$-103,$0,$0,$0,$0,$0,$0,$-103,$48,$13,$61,$0,$0,$-8,$0,$53,$0,$0,$-8
38,2008-12-31,12.75,$15.99,0.8,$89.52,0.14,$-10.38,0.0,$2.06,6.19,$0.33B,$0.26B,1.28,$0.70B,$0.39B,1.79,$3.27B,$0.71B,21.77%,$3.27B,$0.12B,3.77%,$3.27B,$0.12B,3.77%,$3.27B,$0.19B,5.94%,$3.27B,$0.08B,2.36%,$3.27B,$0.05B,1.53%,$0.05B,$0.39B,13.15%,$0.05B,$0.39B,13.15%,$0.05B,$1.41B,3.73%,$0.12B,$1.09B,11.91%,$805,$619,$186,$0,$156,$775,$30,$-12,$18,$7,$11,$11,$11,$49,$30,$25,36,$0.45,$0.31,$4,$267,$13,$333,$1066,$0,$0,$10,$1076,$1410,$261,$701,$5,$757,$1017,$1,$273,$0,$392,$1410,$11,$19,$-0,$19,$-2,$-9,$0,$11,$-3,$27,$-60,$0,$0,$0,$0,$0,$0,$-60,$40,$-4,$36,$0,$0,$-4,$0,$32,$-1,$0,$-4
39,2008-09-30,16.41,$15.70,1.05,$88.48,0.19,$-11.04,0.0,$2.13,7.7,$0.34B,$0.25B,1.32,$0.68B,$0.39B,1.77,$3.24B,$0.71B,21.80%,$3.24B,$0.13B,3.86%,$3.24B,$0.13B,3.86%,$3.24B,$0.19B,5.96%,$3.24B,$0.08B,2.47%,$3.24B,$0.05B,1.61%,$0.05B,$0.39B,14.00%,$0.05B,$0.39B,14.00%,$0.05B,$1.38B,4.03%,$0.13B,$1.07B,12.80%,$843,$693,$150,$0,$123,$816,$27,$-11,$15,$5,$10,$10,$10,$45,$27,$25,37,$0.43,$0.28,$4,$259,$25,$335,$1030,$0,$0,$10,$1040,$1375,$253,$681,$5,$737,$990,$1,$265,$0,$385,$1375,$52,$69,$10,$79,$-3,$-25,$0,$-14,$-42,$90,$-248,$0,$0,$0,$0,$0,$0,$-248,$167,$7,$174,$0,$0,$-15,$0,$158,$-0,$0,$-15
40,2008-06-30,16.66,$15.43,1.08,$85.75,0.19,$-6.02,0.0,$2.27,7.34,$0.33B,$0.26B,1.27,$0.64B,$0.38B,1.68,$3.14B,$0.70B,22.25%,$3.14B,$0.13B,4.20%,$3.14B,$0.13B,4.20%,$3.14B,$0.20B,6.30%,$3.14B,$0.09B,2.83%,$3.14B,$0.06B,1.78%,$0.06B,$0.38B,15.46%,$0.06B,$0.38B,15.46%,$0.06B,$1.32B,4.54%,$0.13B,$1.01B,14.19%,$835,$644,$191,$0,$158,$802,$34,$-11,$23,$7,$16,$16,$16,$51,$34,$25,37,$0.65,$0.44,$13,$252,$10,$332,$978,$0,$0,$10,$988,$1320,$261,$636,$6,$681,$941,$1,$259,$0,$378,$1320,$42,$51,$-1,$50,$-11,$-19,$0,$0,$-21,$71,$-183,$0,$0,$0,$0,$0,$0,$-183,$144,$-21,$123,$0,$0,$-12,$0,$112,$-0,$0,$-12
41,2008-03-31,17.44,$14.94,1.17,$83.03,0.21,$-2.50,0.0,$2.43,7.18,$0.32B,$0.25B,1.29,$0.59B,$0.37B,1.62,$3.05B,$0.68B,22.43%,$3.05B,$0.14B,4.60%,$3.05B,$0.14B,4.60%,$3.05B,$0.21B,6.73%,$3.05B,$0.10B,3.19%,$3.05B,$0.06B,1.97%,$0.06B,$0.37B,17.03%,$0.06B,$0.37B,17.03%,$0.06B,$1.25B,5.05%,$0.14B,$0.96B,15.81%,$783,$598,$184,$0,$153,$751,$32,$-11,$21,$8,$13,$13,$13,$49,$32,$25,37,$0.53,$0.36,$13,$247,$10,$320,$924,$0,$0,$10,$934,$1253,$249,$593,$6,$639,$887,$1,$247,$0,$366,$1253,$26,$33,$0,$34,$-5,$-14,$0,$0,$-21,$39,$-114,$0,$0,$0,$0,$0,$0,$-114,$82,$1,$83,$0,$0,$-8,$0,$75,$-0,$0,$-8
42,2007-12-31,17.89,$14.56,1.23,$80.15,0.22,$-0.15,0.0,$2.45,7.3,$0.32B,$0.31B,1.05,$0.51B,$0.36B,1.43,$2.94B,$0.67B,22.63%,$2.94B,$0.14B,4.62%,$2.94B,$0.14B,4.62%,$2.94B,$0.20B,6.73%,$2.94B,$0.09B,3.16%,$2.94B,$0.06B,2.07%,$0.06B,$0.36B,17.88%,$0.06B,$0.36B,17.88%,$0.06B,$1.22B,5.33%,$0.14B,$0.87B,15.97%,$777,$596,$181,$0,$150,$746,$32,$-11,$21,$8,$13,$13,$13,$48,$32,$25,37,$0.52,$0.35,$13,$250,$12,$322,$885,$0,$0,$9,$894,$1216,$305,$509,$6,$553,$859,$1,$238,$0,$357,$1216,$13,$16,$-1,$16,$-2,$-16,$0,$-1,$-26,$3,$-61,$0,$0,$0,$0,$0,$0,$-61,$1,$60,$62,$0,$0,$-4,$0,$58,$0,$0,$-4
43,2007-09-30,20.07,$14.20,1.41,$77.58,0.26,$1.37,14.62,$2.39,8.4,$0.29B,$0.22B,1.35,$0.53B,$0.35B,1.53,$2.85B,$0.65B,22.79%,$2.85B,$0.13B,4.66%,$2.85B,$0.13B,4.66%,$2.85B,$0.19B,6.80%,$2.85B,$0.09B,3.16%,$2.85B,$0.06B,2.07%,$0.06B,$0.35B,17.88%,$0.06B,$0.35B,17.88%,$0.06B,$1.14B,5.30%,$0.13B,$0.88B,15.85%,$746,$603,$143,$0,$109,$712,$34,$-10,$24,$10,$14,$14,$14,$50,$34,$25,37,$0.57,$0.39,$4,$233,$11,$293,$840,$0,$0,$10,$850,$1143,$217,$533,$7,$577,$795,$1,$229,$0,$348,$1143,$59,$61,$9,$70,$-1,$-18,$0,$5,$10,$139,$-114,$0,$0,$0,$0,$0,$0,$-114,$-30,$17,$-13,$0,$0,$-15,$0,$-28,$-3,$0,$-15
44,2007-06-30,24.01,$13.78,1.74,$76.90,0.31,$0.85,28.38,$2.29,10.48,$0.30B,$0.26B,1.18,$0.50B,$0.34B,1.48,$2.83B,$0.69B,24.21%,$2.83B,$0.13B,4.56%,$2.83B,$0.13B,4.56%,$2.83B,$0.19B,6.72%,$2.83B,$0.08B,2.97%,$2.83B,$0.06B,2.01%,$0.06B,$0.34B,17.85%,$0.06B,$0.34B,17.85%,$0.06B,$1.14B,5.20%,$0.13B,$0.84B,15.63%,$739,$563,$175,$0,$142,$696,$42,$-11,$31,$12,$20,$20,$20,$58,$42,$25,37,$0.81,$0.54,$17,$232,$10,$304,$820,$0,$0,$12,$833,$1136,$258,$498,$5,$541,$798,$1,$218,$0,$338,$1136,$44,$45,$8,$53,$-3,$-16,$0,$6,$2,$99,$-82,$0,$0,$0,$0,$0,$0,$-82,$-27,$21,$-6,$0,$0,$-12,$0,$-17,$-0,$0,$-12
45,2007-03-31,28.35,$13.13,2.16,$74.67,0.38,$0.30,95.83,$2.05,13.83,$0.29B,$0.24B,1.22,$0.50B,$0.32B,1.56,$2.75B,$0.67B,24.52%,$2.75B,$0.12B,4.37%,$2.75B,$0.12B,4.37%,$2.75B,$0.18B,6.55%,$2.75B,$0.08B,2.73%,$2.75B,$0.05B,1.86%,$0.05B,$0.32B,16.50%,$0.05B,$0.32B,16.50%,$0.05B,$1.09B,4.73%,$0.12B,$0.82B,14.52%,$681,$515,$167,$0,$139,$653,$28,$-11,$17,$3,$14,$14,$14,$42,$28,$25,37,$0.55,$0.37,$12,$229,$10,$294,$784,$0,$0,$10,$794,$1087,$241,$501,$6,$525,$766,$1,$202,$0,$322,$1087,$25,$29,$-3,$26,$1,$-14,$0,$6,$2,$53,$-42,$0,$0,$0,$0,$0,$0,$-42,$-6,$-2,$-8,$0,$0,$-8,$0,$-16,$-5,$0,$-8
46,2006-12-31,20.58,$12.74,1.62,$72.63,0.28,$-0.33,0.0,$1.88,10.95,$0.30B,$0.24B,1.24,$0.50B,$0.31B,1.61,$2.68B,$0.66B,24.79%,$2.68B,$0.12B,4.49%,$2.68B,$0.12B,4.49%,$2.68B,$0.18B,6.77%,$2.68B,$0.07B,2.77%,$2.68B,$0.05B,1.72%,$0.05B,$0.31B,15.32%,$0.05B,$0.31B,15.32%,$0.05B,$1.08B,4.29%,$0.12B,$0.82B,14.48%,$686,$521,$165,$0,$136,$656,$29,$-11,$18,$7,$11,$11,$11,$44,$29,$25,37,$0.46,$0.30,$11,$231,$10,$299,$775,$0,$0,$10,$785,$1084,$241,$504,$6,$530,$772,$1,$193,$0,$312,$1084,$11,$15,$-2,$13,$-3,$-16,$0,$6,$-7,$17,$-19,$0,$0,$0,$0,$0,$0,$-19,$-3,$3,$-0,$0,$0,$-4,$0,$-4,$-6,$0,$-4
