,Date,Stock Price,Book Value per Share,Price to Book Ratio,TTM Sales per Share,Price to Sales Ratio,TTM FCF per Share,Price to FCF Ratio,TTM Net EPS,PE Ratio,Current Assets,Current Liabilities,Current Ratio,Long Term Debt,Shareholder's Equity_x,Debt to Equity Ratio,TTM Revenue_x,TTM Gross Profit,Gross Margin,TTM Revenue_y,TTM Operating Income,Operating Margin,TTM Revenue_x,TTM EBIT,EBIT Margin,TTM Revenue_y,TTM EBITDA,EBITDA Margin,TTM Revenue_x,TTM Pre-Tax Income,Pre-Tax Margin,TTM Revenue_y,TTM Net Income_x,Net Margin,TTM Net Income_y,Shareholder's Equity_y,Return on Equity,TTM Net Income_x,Tangible Equity,Return on Tangible Equity,TTM Net Income_y,Total Assets,Return on Assets,TTM Net Income,LT Investments & Debt,Return on Investment,revenue,cost-goods-sold,gross-profit,research-development-expenses,selling-general-administrative-expenses,operating-expenses,operating-income,total-non-operating-income-expense,pre-tax-income,total-provision-income-taxes,income-after-taxes,income-from-continuous-operations,net-income,ebitda,ebit,basic-shares-outstanding,shares-outstanding,eps-basic-net-earnings-per-share,eps-earnings-per-share-diluted,cash-on-hand,inventory,other-current-assets,total-current-assets,net-property-plant-equipment,long-term-investments,goodwill-intangible-assets-total,other-long-term-assets,total-long-term-assets,total-assets,total-current-liabilities,long-term-debt,other-non-current-liabilities,total-long-term-liabilities,total-liabilities,common-stock-net,retained-earnings-accumulated-deficit,comprehensive-income,total-share-holder-equity,total-liabilities-share-holders-equity,net-income-loss,total-depreciation-amortization-cash-flow,other-non-cash-items,total-non-cash-items,change-in-accounts-receivable,change-in-inventories,change-in-accounts-payable,change-in-assets-liabilities,total-change-in-assets-liabilities,cash-flow-from-operating-activities,net-change-in-property-plant-equipment,net-change-in-intangible-assets,net-acquisitions-divestitures,net-change-in-short-term-investments,net-change-in-long-term-investments,net-change-in-investments-total,investing-activities-other,cash-flow-from-investing-activities,net-long-term-debt,net-current-debt,debt-issuance-retirement-net-total,net-common-equity-issued-repurchased,net-total-equity-issued-repurchased,total-common-preferred-stock-dividends-paid,financial-activities-other,cash-flow-from-financial-activities,net-cash-flow,stock-based-compensation,common-stock-dividends-paid
0,2017-03-31,2.44,$0.00,0.0,$0.06,38.65,$-0.23,0.0,0.0,0.0,$0.01B,$0.00B,13.57,$0.00B,$0.02B,0.2,$0.00B,$0.00B,100.00%,$0.00B,$-0.00B,-100.00%,$0.00B,$-0.00B,-100.00%,$0.00B,$-0.00B,-100.00%,$0.00B,$-0.00B,-200.00%,$0.00B,$-0.00B,-200.00%,$-0.00B,$0.02B,-7.84%,$-0.00B,$0.01B,-18.60%,$-0.00B,$0.03B,-6.45%,$-0.00B,$0.03B,-3.54%,$1,$0,$1,$1,$1,$3,$-1,$-0,$-2,$-0,$-2,$-2,$-2,$-1,$-1,$21,21,$-0.08,$-0.08,$11,$0,$1,$13,$0,$0,$14,$0,$14,$27,$1,$4,$0,$4,$5,$148,$-173,$47,$22,$27,$0,$0,$-5,$-5,$0,$0,$0,$0,$0,$-5,$-0,$0,$0,$0,$0,$0,$0,$-0,$0,$0,$0,$0,$0,$0,$-0,$-0,$-5,$0,$0
1,2016-12-31,2.34,$0.00,0.0,0,0.0,0,0.0,0.0,0.0,$0.01B,$0.00B,14.56,$0.00B,$0.02B,0.17,$0.00B,0,nan%,$0.00B,0,nan%,$0.00B,0,nan%,$0.00B,0,nan%,$0.00B,0,nan%,$0.00B,0,nan%,$0.00B,$0.02B,0.00%,$0.00B,$0.01B,0.00%,$0.00B,$0.03B,0.00%,$0.00B,$0.03B,0.00%,$0,$0,$0,$0,$0,$0,$0,$0,$0,$0,$0,$0,$0,$0,$0,$0,0,$0.00,$0.00,$12,$0,$0,$14,$0,$0,$15,$0,$15,$29,$1,$4,$0,$4,$5,$146,$-170,$0,$23,$29,$0,$0,$0,$0,$0,$0,$0,$0,$0,$-3,$-0,$0,$0,$0,$0,$0,$0,$-0,$0,$0,$0,$0,$0,$0,$-0,$-0,$-3,$0,$0
2,2016-06-30,3.23,$0.00,0.0,0,0.0,0,0.0,0.0,0.0,$0.02B,$0.00B,14.75,$0.00B,$0.03B,0.14,$0.00B,0,nan%,$0.00B,0,nan%,$0.00B,0,nan%,$0.00B,0,nan%,$0.00B,0,nan%,$0.00B,0,nan%,$0.00B,$0.03B,0.00%,$0.00B,$0.01B,0.00%,$0.00B,$0.03B,0.00%,$0.00B,$0.03B,0.00%,$0,$0,$0,$0,$0,$0,$0,$0,$0,$0,$0,$0,$0,$0,$0,$0,0,$0.00,$0.00,$15,$0,$0,$16,$0,$0,$15,$0,$15,$31,$1,$4,$0,$4,$5,$142,$-162,$0,$26,$31,$-45,$1,$0,$1,$0,$0,$0,$0,$-2,$-8,$0,$0,$0,$0,$0,$0,$0,$0,$0,$0,$9,$0,$10,$0,$-0,$19,$10,$0,$0
3,2015-12-31,3.8,$0.00,0.0,0,0.0,0,0.0,0.0,0.0,$0.02B,$0.00B,15.8,$0.00B,$0.03B,0.0,$0.00B,0,nan%,$0.00B,0,nan%,$0.00B,0,nan%,$0.00B,0,nan%,$0.00B,0,nan%,$0.00B,0,nan%,$0.00B,$0.03B,0.00%,$0.00B,$0.02B,0.00%,$0.00B,$0.04B,0.00%,$0.00B,$0.03B,0.00%,$0,$0,$0,$0,$0,$0,$0,$0,$0,$0,$0,$0,$0,$0,$0,$0,0,$0.00,$0.00,$20,$0,$0,$20,$0,$0,$17,$0,$17,$37,$1,$0,$4,$5,$6,$150,$-167,$0,$31,$37,$0,$0,$0,$0,$0,$0,$0,$0,$0,$-5,$0,$0,$0,$0,$0,$0,$0,$0,$0,$0,$9,$0,$11,$0,$-0,$20,$14,$0,$0
4,2015-06-30,4.83,$0.00,0.0,0,0.0,0,0.0,0.0,0.0,$0.01B,$0.00B,1.83,$0.00B,$0.02B,0.0,$0.00B,0,nan%,$0.00B,0,nan%,$0.00B,0,nan%,$0.00B,0,nan%,$0.00B,0,nan%,$0.00B,0,nan%,$0.00B,$0.02B,0.00%,$0.00B,$0.00B,0.00%,$0.00B,$0.03B,0.00%,$0.00B,$0.02B,0.00%,$0,$0,$0,$0,$0,$0,$0,$0,$0,$0,$0,$0,$0,$0,$0,$0,0,$0.00,$0.00,$6,$0,$1,$7,$0,$0,$19,$0,$19,$26,$4,$0,$0,$2,$5,$151,$-134,$0,$21,$26,$-27,$1,$0,$1,$0,$0,$0,$0,$4,$-7,$-0,$0,$-18,$0,$0,$8,$0,$-10,$0,$0,$3,$0,$6,$0,$-0,$9,$-6,$0,$0
5,2014-12-31,2.23,$0.00,0.0,0,0.0,0,0.0,0.0,0.0,$0.01B,$0.01B,1.47,$0.00B,$0.02B,0.0,$0.00B,0,nan%,$0.00B,0,nan%,$0.00B,0,nan%,$0.00B,0,nan%,$0.00B,0,nan%,$0.00B,0,nan%,$0.00B,$0.02B,0.00%,$0.00B,$-0.00B,0.00%,$0.00B,$0.03B,0.00%,$0.00B,$0.02B,0.00%,$0,$0,$0,$0,$0,$0,$0,$0,$0,$0,$0,$0,$0,$0,$0,$0,0,$0.00,$0.00,$5,$0,$2,$12,$0,$0,$21,$0,$21,$34,$9,$0,$2,$5,$14,$131,$-115,$0,$20,$34,$0,$0,$0,$0,$0,$0,$0,$0,$0,$-6,$-0,$0,$-13,$0,$0,$7,$1,$-6,$0,$0,$3,$0,$0,$0,$1,$4,$-7,$0,$0
6,2014-06-30,3.87,$0.00,0.0,0,0.0,0,0.0,0.0,0.0,$0.02B,$0.00B,8.94,$0.00B,$0.03B,0.0,$0.00B,0,nan%,$0.00B,0,nan%,$0.00B,0,nan%,$0.00B,0,nan%,$0.00B,0,nan%,$0.00B,0,nan%,$0.00B,$0.02B,0.00%,$0.00B,$0.02B,0.00%,$0.00B,$0.02B,0.00%,$0.00B,$0.02B,0.00%,$0,$0,$0,$0,$0,$0,$0,$0,$0,$0,$0,$0,$0,$0,$0,$0,0,$0.00,$0.00,$19,$0,$1,$21,$0,$0,$0,$0,$0,$21,$2,$0,$0,$0,$2,$137,$-107,$0,$19,$23,$0,$0,$0,$0,$0,$0,$0,$0,$0,$-13,$7,$0,$0,$0,$0,$0,$-8,$-1,$0,$0,$0,$0,$6,$0,$-0,$6,$-7,$0,$0
7,2013-12-31,3.67,$0.00,0.0,0,0.0,0,0.0,0.0,0.0,$0.03B,$0.00B,11.26,$0.00B,$0.03B,0.0,$0.00B,0,nan%,$0.00B,0,nan%,$0.00B,0,nan%,$0.00B,0,nan%,$0.00B,0,nan%,$0.00B,0,nan%,$0.00B,$0.03B,0.00%,$0.00B,$0.03B,0.00%,$0.00B,$0.03B,0.00%,$0.00B,$0.03B,0.00%,$0,$0,$0,$0,$0,$0,$0,$0,$0,$0,$0,$0,$0,$0,$0,$0,0,$0.00,$0.00,$27,$0,$1,$29,$0,$0,$0,$0,$1,$30,$3,$0,$0,$0,$3,$138,$-112,$0,$28,$30,$0,$0,$0,$0,$0,$0,$0,$0,$0,$0,$0,$0,$0,$0,$0,$0,$0,$0,$0,$0,$0,$0,$0,$0,$0,$0,$0,$0,$0
