,Date,Stock Price,Book Value per Share,Price to Book Ratio,TTM Sales per Share,Price to Sales Ratio,TTM FCF per Share,Price to FCF Ratio,TTM Net EPS,PE Ratio,Current Assets,Current Liabilities,Current Ratio,Long Term Debt,Shareholder's Equity_x,Debt to Equity Ratio,TTM Revenue_x,TTM Gross Profit,Gross Margin,TTM Revenue_y,TTM Operating Income,Operating Margin,TTM Revenue_x,TTM EBIT,EBIT Margin,TTM Revenue_y,TTM EBITDA,EBITDA Margin,TTM Revenue_x,TTM Pre-Tax Income,Pre-Tax Margin,TTM Revenue_y,TTM Net Income_x,Net Margin,TTM Net Income_y,Shareholder's Equity_y,Return on Equity,TTM Net Income_x,Tangible Equity,Return on Tangible Equity,TTM Net Income_y,Total Assets,Return on Assets,TTM Net Income,LT Investments & Debt,Return on Investment,revenue,cost-goods-sold,gross-profit,research-development-expenses,selling-general-administrative-expenses,operating-expenses,operating-income,total-non-operating-income-expense,pre-tax-income,total-provision-income-taxes,income-after-taxes,income-from-continuous-operations,net-income,ebitda,ebit,basic-shares-outstanding,shares-outstanding,eps-basic-net-earnings-per-share,eps-earnings-per-share-diluted,cash-on-hand,inventory,other-current-assets,total-current-assets,net-property-plant-equipment,long-term-investments,goodwill-intangible-assets-total,other-long-term-assets,total-long-term-assets,total-assets,total-current-liabilities,long-term-debt,other-non-current-liabilities,total-long-term-liabilities,total-liabilities,common-stock-net,retained-earnings-accumulated-deficit,comprehensive-income,total-share-holder-equity,total-liabilities-share-holders-equity,net-income-loss,total-depreciation-amortization-cash-flow,other-non-cash-items,total-non-cash-items,change-in-accounts-receivable,change-in-inventories,change-in-accounts-payable,change-in-assets-liabilities,total-change-in-assets-liabilities,cash-flow-from-operating-activities,net-change-in-property-plant-equipment,net-change-in-intangible-assets,net-acquisitions-divestitures,net-change-in-short-term-investments,net-change-in-long-term-investments,net-change-in-investments-total,investing-activities-other,cash-flow-from-investing-activities,net-long-term-debt,net-current-debt,debt-issuance-retirement-net-total,net-common-equity-issued-repurchased,net-total-equity-issued-repurchased,total-common-preferred-stock-dividends-paid,financial-activities-other,cash-flow-from-financial-activities,net-cash-flow,stock-based-compensation,common-stock-dividends-paid
0,2018-09-30,2.78,$0.20,14.15,$1.73,1.6,$-0.55,0.0,$-0.18,0.0,$0.01B,$0.01B,1.13,$0.01B,$0.00B,2.85,$0.04B,$0.02B,59.46%,$0.04B,$-0.01B,-16.22%,$0.04B,$-0.01B,-16.22%,$0.04B,$-0.00B,-8.11%,$0.04B,$-0.01B,-21.62%,$0.04B,$-0.01B,-18.92%,$-0.01B,$0.00B,-254.55%,$-0.01B,$-0.00B,311.11%,$-0.01B,$0.03B,-28.28%,$-0.01B,$0.02B,-36.92%,$11,$4,$7,$0,$7,$11,$-1,$-2,$-3,$0,$-3,$-3,$-3,$-0,$-1,$22,22,$-0.12,$-0.12,$6,$3,$0,$12,$6,$5,$5,$0,$17,$28,$10,$13,$1,$13,$24,$0,$-92,$0,$4,$28,$-4,$2,$1,$2,$-0,$-0,$0,$-0,$2,$1,$-1,$-0,$0,$0,$0,$0,$0,$-1,$-1,$0,$-1,$3,$3,$0,$-0,$3,$2,$2,$0
1,2018-06-30,2.2,$0.18,12.44,$1.56,1.41,$-0.98,0.0,$-0.46,0.0,$0.01B,$0.01B,1.07,$0.01B,$0.00B,3.65,$0.03B,$0.02B,56.25%,$0.03B,$-0.01B,-25.00%,$0.03B,$-0.01B,-25.00%,$0.03B,$-0.01B,-15.63%,$0.03B,$-0.01B,-34.38%,$0.03B,$-0.01B,-31.25%,$-0.01B,$0.00B,-363.64%,$-0.01B,$-0.00B,444.44%,$-0.01B,$0.03B,-41.24%,$-0.01B,$0.02B,-47.76%,$10,$4,$6,$0,$7,$11,$-1,$3,$3,$0,$3,$3,$3,$-0,$-1,$21,23,$0.12,$0.11,$4,$2,$0,$9,$6,$7,$5,$0,$18,$26,$8,$14,$1,$14,$23,$0,$-90,$0,$4,$26,$-1,$1,$-1,$-0,$0,$0,$0,$-0,$1,$0,$-1,$-0,$0,$0,$0,$0,$0,$-1,$-0,$0,$-0,$1,$1,$0,$-0,$0,$-0,$1,$0
2,2018-03-31,1.76,$0.00,440.0,$1.41,1.25,$-1.26,0.0,$-0.52,0.0,$0.01B,$0.01B,1.25,$0.01B,$0.00B,173.64,$0.03B,$0.02B,55.17%,$0.03B,$-0.01B,-34.48%,$0.03B,$-0.01B,-34.48%,$0.03B,$-0.01B,-24.14%,$0.03B,$-0.01B,-44.83%,$0.03B,$-0.01B,-41.38%,$-0.01B,$0.00B,-320.00%,$-0.01B,$-0.01B,800.00%,$-0.01B,$0.02B,-48.48%,$-0.01B,$0.01B,-56.34%,$9,$4,$5,$0,$6,$11,$-2,$-2,$-4,$0,$-4,$-4,$-4,$-1,$-2,$21,21,$-0.17,$-0.17,$3,$2,$0,$7,$6,$2,$5,$0,$14,$21,$6,$14,$1,$15,$21,$0,$-92,$0,$0,$21,$-4,$1,$2,$2,$0,$0,$0,$-0,$0,$-1,$-0,$-0,$0,$0,$0,$0,$0,$-0,$-0,$0,$-0,$0,$0,$0,$-0,$-0,$-1,$1,$0
3,2017-12-31,1.7,$0.13,13.41,$1.30,1.3,$-1.42,0.0,$-0.61,0.0,$0.01B,$0.01B,1.53,$0.02B,$0.00B,5.63,$0.03B,$0.01B,53.85%,$0.03B,$-0.01B,-46.15%,$0.03B,$-0.01B,-46.15%,$0.03B,$-0.01B,-34.62%,$0.03B,$-0.01B,-53.85%,$0.03B,$-0.01B,-50.00%,$-0.01B,$0.00B,-260.00%,$-0.01B,$-0.00B,5200.00%,$-0.01B,$0.02B,-50.00%,$-0.01B,$0.02B,-68.57%,$7,$3,$4,$0,$6,$9,$-2,$-1,$-4,$-1,$-3,$-3,$-3,$-2,$-2,$20,20,$-0.13,$-0.12,$4,$2,$0,$9,$6,$4,$5,$0,$15,$24,$6,$15,$1,$16,$21,$0,$-89,$0,$3,$24,$-12,$3,$-0,$2,$1,$-1,$0,$0,$1,$-9,$-1,$-0,$0,$0,$0,$0,$0,$-1,$15,$0,$15,$4,$4,$0,$-14,$5,$-5,$3,$0
4,2017-09-30,1.61,$0.19,8.67,$1.39,1.16,$-2.37,0.0,$-0.92,0.0,$0.01B,$0.01B,1.67,$0.02B,$0.00B,3.94,$0.03B,$0.01B,52.00%,$0.03B,$-0.01B,-56.00%,$0.03B,$-0.01B,-56.00%,$0.03B,$-0.01B,-40.00%,$0.03B,$-0.02B,-64.00%,$0.03B,$-0.02B,-64.00%,$-0.02B,$0.00B,-278.26%,$-0.02B,$-0.00B,-3200.00%,$-0.02B,$0.03B,-59.81%,$-0.01B,$0.02B,-81.16%,$6,$3,$3,$0,$6,$9,$-3,$-3,$-6,$-0,$-6,$-6,$-6,$-2,$-3,$20,20,$-0.28,$-0.28,$4,$2,$0,$10,$6,$4,$5,$0,$16,$26,$6,$15,$1,$16,$22,$0,$-86,$0,$4,$26,$-9,$2,$-1,$1,$0,$-1,$0,$-0,$-1,$-9,$-0,$-0,$0,$0,$0,$0,$0,$-1,$15,$0,$15,$3,$3,$0,$-14,$4,$-5,$2,$0
5,2017-06-30,3.2,$0.38,8.4,$1.43,2.23,$-3.08,0.0,$-0.93,0.0,$0.01B,$0.01B,1.88,$0.01B,$0.01B,1.69,$0.02B,$0.01B,54.17%,$0.02B,$-0.02B,-66.67%,$0.02B,$-0.02B,-66.67%,$0.02B,$-0.01B,-50.00%,$0.02B,$-0.01B,-58.33%,$0.02B,$-0.01B,-58.33%,$-0.01B,$0.01B,-254.55%,$-0.01B,$0.00B,-5600.00%,$-0.01B,$0.03B,-54.37%,$-0.02B,$0.02B,-100.00%,$7,$3,$4,$0,$6,$10,$-3,$4,$1,$-0,$1,$1,$1,$-2,$-3,$20,23,$0.07,$0.06,$4,$2,$1,$10,$7,$6,$5,$0,$17,$28,$6,$13,$1,$14,$20,$0,$-80,$0,$8,$28,$-4,$1,$-4,$-2,$0,$-0,$0,$0,$-1,$-6,$-0,$-0,$0,$0,$0,$0,$0,$-1,$-1,$0,$-1,$3,$3,$0,$-0,$2,$-5,$2,$0
6,2017-03-31,4.17,$0.27,15.66,$1.51,2.77,$-3.60,0.0,$-1.34,0.0,$0.01B,$0.01B,1.15,$0.01B,$0.01B,1.35,$0.02B,$0.01B,54.55%,$0.02B,$-0.02B,-77.27%,$0.02B,$-0.02B,-77.27%,$0.02B,$-0.01B,-59.09%,$0.02B,$-0.02B,-90.91%,$0.02B,$-0.02B,-90.91%,$-0.02B,$0.01B,-400.00%,$-0.02B,$0.00B,8000.00%,$-0.02B,$0.03B,-82.47%,$-0.02B,$0.01B,-117.24%,$6,$3,$3,$0,$7,$10,$-4,$-1,$-5,$-0,$-5,$-5,$-5,$-3,$-4,$19,19,$-0.26,$-0.26,$8,$2,$0,$14,$7,$0,$5,$0,$12,$26,$12,$7,$1,$9,$21,$0,$-82,$0,$5,$26,$-5,$1,$1,$2,$-0,$-0,$0,$-0,$-1,$-4,$-0,$-0,$0,$0,$0,$0,$0,$-0,$-0,$0,$-0,$3,$3,$0,$-0,$3,$-1,$1,$0
7,2016-12-31,2.5,$0.35,7.24,$1.60,1.56,$-3.83,0.0,$-1.51,0.0,$0.02B,$0.01B,1.49,$0.01B,$0.01B,1.44,$0.02B,$0.01B,55.00%,$0.02B,$-0.02B,-85.00%,$0.02B,$-0.02B,-85.00%,$0.02B,$-0.01B,-65.00%,$0.02B,$-0.02B,-95.00%,$0.02B,$-0.02B,-95.00%,$-0.02B,$0.01B,-316.67%,$-0.02B,$0.00B,-3800.00%,$-0.02B,$0.03B,-79.17%,$-0.02B,$0.02B,-107.94%,$6,$3,$3,$1,$6,$9,$-4,$-3,$-6,$0,$-6,$-6,$-6,$-3,$-4,$13,13,$-0.43,$-0.43,$9,$2,$0,$15,$7,$0,$5,$0,$12,$27,$10,$9,$1,$11,$21,$0,$-77,$0,$6,$27,$-19,$2,$6,$9,$-2,$-0,$0,$-0,$-1,$-11,$-7,$-0,$-0,$0,$-0,$-0,$0,$-7,$4,$0,$4,$20,$20,$0,$-0,$25,$6,$4,$0
8,2016-09-30,3.81,$0.21,17.8,$1.52,2.51,$-3.68,0.0,$-1.60,0.0,$0.01B,$0.01B,1.55,$0.01B,$0.00B,3.94,$0.02B,$0.01B,55.56%,$0.02B,$-0.02B,-100.00%,$0.02B,$-0.02B,-100.00%,$0.02B,$-0.01B,-77.78%,$0.02B,$-0.02B,-100.00%,$0.02B,$-0.02B,-100.00%,$-0.02B,$0.00B,-423.53%,$-0.02B,$-0.00B,1200.00%,$-0.02B,$0.02B,-86.75%,$-0.02B,$0.01B,-133.33%,$5,$2,$3,$0,$7,$9,$-5,$1,$-4,$0,$-4,$-4,$-4,$-4,$-5,$13,13,$-0.29,$-0.29,$3,$2,$0,$9,$7,$0,$5,$0,$13,$22,$6,$11,$1,$13,$19,$0,$-71,$0,$3,$22,$-13,$2,$4,$5,$-2,$-0,$0,$-0,$-1,$-9,$-7,$-0,$-0,$0,$-0,$-0,$0,$-7,$5,$0,$5,$11,$11,$0,$-0,$16,$-0,$3,$0
9,2016-06-30,3.76,$0.43,8.84,$1.43,2.62,$-3.42,0.0,$-1.72,0.0,$0.01B,$0.01B,1.77,$0.01B,$0.01B,1.68,$0.02B,$0.01B,50.00%,$0.02B,$-0.02B,-106.25%,$0.02B,$-0.02B,-106.25%,$0.02B,$-0.01B,-81.25%,$0.02B,$-0.02B,-112.50%,$0.02B,$-0.02B,-112.50%,$-0.02B,$0.01B,-450.00%,$-0.02B,$0.00B,1200.00%,$-0.02B,$0.02B,-94.74%,$-0.02B,$0.02B,-136.00%,$5,$2,$3,$0,$7,$9,$-4,$-1,$-5,$0,$-5,$-5,$-5,$-3,$-4,$13,13,$-0.35,$-0.35,$6,$1,$0,$9,$7,$0,$6,$0,$13,$22,$5,$9,$1,$11,$16,$0,$-67,$0,$6,$22,$-9,$1,$2,$3,$-1,$-0,$0,$0,$1,$-5,$-6,$-0,$-0,$0,$0,$0,$0,$-6,$3,$0,$3,$11,$11,$0,$-0,$14,$3,$2,$0
10,2016-03-31,3.97,$0.67,5.92,$1.27,3.12,$-3.20,0.0,$-1.76,0.0,$0.02B,$0.01B,2.63,$0.01B,$0.01B,1.04,$0.01B,$0.01B,46.15%,$0.01B,$-0.02B,-123.08%,$0.01B,$-0.02B,-123.08%,$0.01B,$-0.01B,-100.00%,$0.01B,$-0.02B,-130.77%,$0.01B,$-0.02B,-130.77%,$-0.02B,$0.01B,-453.33%,$-0.02B,$0.00B,1360.00%,$-0.02B,$0.03B,-95.77%,$-0.02B,$0.02B,-133.33%,$4,$2,$2,$0,$6,$8,$-4,$-1,$-4,$0,$-4,$-4,$-4,$-3,$-4,$10,10,$-0.43,$-0.43,$12,$1,$0,$15,$5,$0,$6,$0,$10,$25,$6,$9,$1,$11,$17,$0,$-62,$0,$9,$25,$-4,$0,$1,$2,$-0,$0,$0,$-0,$1,$-2,$-2,$-0,$0,$0,$0,$0,$0,$-2,$3,$0,$3,$11,$11,$0,$-0,$14,$9,$1,$0
11,2015-12-31,6.93,$-0.14,-48.8,$1.02,6.8,$-3.00,0.0,$-1.66,0.0,$0.01B,$0.01B,1.09,$0.01B,$-0.00B,-6.02,$0.01B,$0.01B,45.45%,$0.01B,$-0.02B,-136.36%,$0.01B,$-0.02B,-136.36%,$0.01B,$-0.01B,-118.18%,$0.01B,$-0.02B,-145.45%,$0.01B,$-0.02B,-145.45%,$-0.02B,$-0.00B,-533.33%,$-0.02B,$-0.01B,1066.67%,$-0.02B,$0.01B,-116.36%,$-0.02B,$0.01B,-166.67%,$4,$2,$2,$0,$6,$8,$-5,$-0,$-5,$0,$-5,$-5,$-5,$-4,$-5,$10,10,$-0.53,$-0.53,$3,$1,$0,$6,$3,$0,$6,$0,$8,$14,$5,$8,$1,$10,$16,$0,$-58,$0,$-1,$14,$-16,$1,$4,$4,$-0,$-0,$0,$-0,$0,$-11,$-1,$-0,$-4,$0,$0,$0,$0,$-5,$9,$0,$9,$2,$2,$0,$-0,$11,$-6,$3,$0
12,2015-09-30,6.42,$0.23,27.7,$0.71,8.99,$-2.52,0.0,$-1.43,0.0,$0.01B,$0.00B,2.5,$0.01B,$0.00B,3.66,$0.01B,$0.00B,37.50%,$0.01B,$-0.01B,-162.50%,$0.01B,$-0.01B,-162.50%,$0.01B,$-0.01B,-150.00%,$0.01B,$-0.01B,-175.00%,$0.01B,$-0.01B,-175.00%,$-0.01B,$0.00B,-266.67%,$-0.01B,$-0.00B,-700.00%,$-0.01B,$0.02B,-109.80%,$-0.01B,$0.01B,-140.54%,$3,$1,$1,$0,$5,$6,$-4,$-0,$-4,$0,$-4,$-4,$-4,$-3,$-4,$10,10,$-0.41,$-0.41,$7,$1,$0,$9,$1,$0,$5,$0,$6,$15,$4,$8,$1,$9,$13,$0,$-53,$0,$2,$15,$-11,$1,$2,$3,$-0,$-1,$0,$-0,$-0,$-8,$-1,$-0,$-3,$0,$0,$0,$0,$-4,$9,$0,$9,$1,$1,$0,$-0,$10,$-2,$2,$0
13,2015-06-30,8.13,$0.55,14.82,$0.48,16.84,$-2.19,0.0,$-1.29,0.0,$0.01B,$0.00B,4.5,$0.01B,$0.01B,1.54,$0.01B,$0.00B,40.00%,$0.01B,$-0.01B,-220.00%,$0.01B,$-0.01B,-220.00%,$0.01B,$-0.01B,-220.00%,$0.01B,$-0.01B,-240.00%,$0.01B,$-0.01B,-240.00%,$-0.01B,$0.01B,-165.52%,$-0.01B,$0.00B,-252.63%,$-0.01B,$0.02B,-100.00%,$-0.01B,$0.01B,-118.92%,$2,$1,$1,$0,$4,$5,$-3,$-0,$-4,$0,$-4,$-4,$-4,$-3,$-3,$10,10,$-0.39,$-0.39,$10,$1,$0,$12,$1,$0,$4,$0,$5,$17,$3,$8,$1,$9,$12,$0,$-49,$0,$5,$17,$-7,$0,$1,$2,$-0,$-0,$0,$-0,$-0,$-5,$-0,$0,$-3,$0,$0,$0,$0,$-3,$9,$0,$9,$1,$1,$0,$-0,$11,$2,$1,$0
14,2015-03-31,7.99,$0.66,12.04,$0.35,22.89,$-1.95,0.0,$-1.18,0.0,$0.01B,$0.00B,2.06,$0.00B,$0.01B,0.0,$0.00B,$0.00B,25.00%,$0.00B,$-0.01B,-275.00%,$0.00B,$-0.01B,-275.00%,$0.00B,$-0.01B,-275.00%,$0.00B,$-0.01B,-275.00%,$0.00B,$-0.01B,-275.00%,$-0.01B,$0.01B,-122.22%,$-0.01B,$0.00B,-151.72%,$-0.01B,$0.01B,-97.78%,$-0.01B,$0.01B,-122.22%,$2,$1,$1,$0,$3,$5,$-3,$0,$-3,$0,$-3,$-3,$-3,$-3,$-3,$9,9,$-0.33,$-0.33,$3,$1,$0,$5,$0,$0,$4,$0,$5,$9,$2,$0,$1,$1,$3,$0,$-45,$0,$6,$9,$-3,$0,$1,$1,$0,$-0,$0,$-0,$0,$-2,$-0,$0,$-3,$0,$0,$0,$0,$-3,$-0,$0,$-0,$0,$0,$0,$-0,$-0,$-5,$1,$0
15,2014-12-31,7.5,$0.88,8.52,$0.18,41.25,$-1.89,0.0,$-1.11,0.0,$0.01B,$0.00B,5.81,$0.00B,$0.01B,0.0,$0.00B,0,0.00%,$0.00B,$-0.01B,-500.00%,$0.00B,$-0.01B,-500.00%,$0.00B,$-0.01B,-500.00%,$0.00B,$-0.01B,-500.00%,$0.00B,$-0.01B,-500.00%,$-0.01B,$0.01B,-90.91%,$-0.01B,$0.01B,-97.56%,$-0.01B,$0.01B,-80.00%,$-0.01B,$0.01B,-90.91%,$1,$0,$0,$0,$3,$3,$-3,$0,$-3,$0,$-3,$-3,$-3,$-3,$-3,$9,9,$-0.30,$-0.30,$8,$0,$0,$9,$0,$0,$1,$0,$1,$10,$2,$0,$1,$1,$2,$0,$-42,$0,$8,$10,$-10,$0,$3,$3,$-0,$-0,$0,$-0,$0,$-7,$-0,$0,$-1,$-0,$0,$-0,$0,$-1,$-0,$0,$-0,$1,$1,$0,$0,$1,$-7,$3,$0
16,2014-09-30,7.42,$1.11,6.67,$0.12,60.87,$-1.61,0.0,$-1.02,0.0,$0.01B,$0.00B,7.14,$0.00B,$0.01B,0.0,$0.00B,0,0.00%,$0.00B,$-0.01B,-900.00%,$0.00B,$-0.01B,-900.00%,$0.00B,$-0.01B,-900.00%,$0.00B,$-0.01B,-900.00%,$0.00B,$-0.01B,-900.00%,$-0.01B,$0.01B,-70.59%,$-0.01B,$0.01B,-73.47%,$-0.01B,$0.01B,-64.29%,$-0.01B,$0.01B,-70.59%,$0,$0,$0,$0,$3,$3,$-2,$0,$-2,$0,$-2,$-2,$-2,$-2,$-2,$9,9,$-0.27,$-0.27,$11,$0,$0,$11,$0,$0,$1,$0,$1,$12,$2,$0,$1,$1,$2,$0,$-39,$0,$10,$12,$-7,$0,$2,$2,$-0,$-0,$0,$-0,$0,$-5,$-0,$0,$-1,$-0,$0,$-0,$0,$-1,$-0,$0,$-0,$1,$1,$0,$0,$1,$-5,$2,$0
17,2014-06-30,6.94,$1.32,5.26,$0.07,93.78,$-1.41,0.0,$-0.98,0.0,$0.01B,$0.00B,9.56,$0.00B,$0.01B,0.0,$0.00B,0,0.00%,$0.00B,$-0.01B,-900.00%,$0.00B,$-0.01B,-900.00%,$0.00B,$-0.01B,-900.00%,$0.00B,$-0.01B,-900.00%,$0.00B,$-0.01B,-900.00%,$-0.01B,$0.01B,-63.16%,$-0.01B,$0.01B,-64.29%,$-0.01B,$0.01B,-59.02%,$-0.01B,$0.01B,-63.16%,$1,$0,$0,$0,$3,$3,$-3,$0,$-3,$0,$-3,$-3,$-3,$-3,$-3,$9,9,$-0.28,$-0.28,$12,$0,$0,$13,$0,$0,$1,$0,$1,$14,$1,$0,$0,$0,$2,$0,$-37,$0,$12,$14,$-5,$0,$1,$1,$-0,$0,$0,$-0,$0,$-3,$-0,$0,$-1,$-0,$0,$-0,$0,$-1,$-0,$0,$-0,$0,$0,$0,$0,$0,$-3,$1,$0
18,2014-03-31,6.71,$1.52,4.42,$0.00,0.0,$-1.29,0.0,$-0.95,0.0,$0.01B,$0.00B,22.0,$0.00B,$0.01B,0.0,$0.00B,0,nan%,$0.00B,$-0.01B,inf%,$0.00B,$-0.01B,inf%,$0.00B,$-0.01B,inf%,$0.00B,$-0.01B,inf%,$0.00B,$-0.01B,inf%,$-0.01B,$0.01B,-51.61%,$-0.01B,$0.01B,-51.61%,$-0.01B,$0.01B,-49.23%,$-0.01B,$0.01B,-51.61%,$0,$0,$0,$0,$2,$2,$-2,$0,$-2,$0,$-2,$-2,$-2,$-2,$-2,$9,9,$-0.26,$-0.26,$14,$0,$0,$14,$0,$0,$0,$0,$0,$14,$1,$0,$0,$0,$1,$0,$-34,$0,$14,$14,$-2,$0,$1,$1,$-0,$0,$0,$-0,$-0,$-2,$-0,$0,$-0,$0,$0,$0,$0,$-0,$0,$0,$0,$0,$0,$0,$0,$0,$-1,$1,$0
19,2013-12-31,3.36,$1.68,1.99,$0.00,0.0,$-1.24,0.0,$-0.88,0.0,$0.02B,$0.00B,24.19,$0.00B,$0.02B,0.0,$0.00B,0,nan%,$0.00B,$-0.01B,inf%,$0.00B,$-0.01B,inf%,$0.00B,$-0.01B,inf%,$0.00B,$-0.01B,inf%,$0.00B,$-0.01B,inf%,$-0.01B,$0.02B,-42.42%,$-0.01B,$0.02B,-42.42%,$-0.01B,$0.02B,-40.00%,$-0.01B,$0.02B,-42.42%,$0,$0,$0,$0,$2,$2,$-2,$0,$-2,$0,$-2,$-2,$-2,$-2,$-2,$9,9,$-0.21,$-0.21,$16,$0,$0,$16,$0,$0,$0,$0,$0,$16,$1,$0,$0,$0,$1,$0,$-32,$0,$15,$16,$-8,$0,$3,$3,$0,$0,$0,$-0,$0,$-4,$-0,$0,$0,$-0,$0,$-0,$0,$-0,$0,$0,$0,$10,$10,$0,$0,$10,$6,$3,$0
20,2013-09-30,4.5,$1.82,2.47,$0.00,0.0,$-1.15,0.0,$-0.67,0.0,$0.02B,$0.00B,16.42,$0.00B,$0.02B,0.0,$0.00B,0,nan%,$0.00B,$-0.01B,inf%,$0.00B,$-0.01B,inf%,$0.00B,$-0.01B,inf%,$0.00B,$-0.01B,inf%,$0.00B,$-0.01B,inf%,$-0.01B,$0.02B,-39.34%,$-0.01B,$0.02B,-39.34%,$-0.01B,$0.02B,-36.92%,$-0.01B,$0.02B,-39.34%,$0,$0,$0,$0,$2,$2,$-2,$0,$-2,$0,$-2,$-2,$-2,$-2,$-2,$9,9,$-0.23,$-0.23,$17,$0,$0,$17,$0,$0,$0,$0,$0,$17,$1,$0,$0,$0,$1,$0,$-30,$0,$16,$17,$-6,$0,$2,$2,$0,$0,$0,$-0,$0,$-3,$-0,$0,$0,$-0,$0,$-0,$0,$-0,$0,$0,$0,$10,$10,$0,$0,$10,$7,$2,$0
21,2013-06-30,8.48,$1.93,4.4,$0.00,0.0,$-1.00,0.0,$-0.44,0.0,$0.02B,$0.00B,16.57,$0.00B,$0.02B,0.0,$0.00B,0,nan%,$0.00B,$-0.01B,inf%,$0.00B,$-0.01B,inf%,$0.00B,$-0.01B,inf%,$0.00B,$-0.01B,inf%,$0.00B,$-0.01B,inf%,$-0.01B,$0.02B,-44.44%,$-0.01B,$0.02B,-44.44%,$-0.01B,$0.02B,-41.67%,$-0.01B,$0.02B,-44.44%,$0,$0,$0,$1,$2,$2,$-2,$0,$-2,$0,$-2,$-2,$-2,$-2,$-2,$9,9,$-0.25,$-0.25,$18,$0,$0,$18,$0,$0,$0,$0,$0,$18,$1,$0,$0,$0,$1,$0,$-28,$0,$17,$18,$-4,$0,$1,$1,$0,$0,$0,$-0,$0,$-2,$-0,$0,$0,$-0,$0,$-0,$0,$-0,$0,$0,$0,$10,$10,$0,$0,$10,$8,$1,$0
22,2013-03-31,5.9,$2.07,2.85,$0.00,0.0,$-0.93,0.0,$-0.19,0.0,$0.02B,$0.00B,22.67,$0.00B,$0.02B,0.0,$0.00B,0,nan%,$0.00B,$-0.00B,inf%,$0.00B,$-0.00B,inf%,$0.00B,$-0.00B,inf%,$0.00B,$-0.00B,inf%,$0.00B,$-0.01B,inf%,$-0.01B,$0.02B,-71.43%,$-0.01B,$0.02B,-71.43%,$-0.01B,$0.02B,-66.67%,$-0.00B,$0.02B,-57.14%,$0,$0,$0,$0,$1,$1,$-1,$0,$-1,$0,$-1,$-1,$-1,$-1,$-1,$8,8,$-0.19,$-0.19,$19,$0,$0,$19,$0,$0,$0,$0,$0,$19,$1,$0,$0,$0,$1,$0,$-26,$0,$18,$19,$-1,$0,$0,$0,$0,$0,$0,$-0,$-0,$-1,$0,$0,$0,$-0,$0,$-0,$0,$-0,$0,$0,$0,$10,$10,$0,$0,$10,$9,$0,$0
23,2012-12-31,9.75,$1.48,6.61,$0.09,103.64,$-1.13,0.0,0,0.0,$0.01B,$0.00B,15.07,$0.00B,$0.01B,0.0,$0.00B,0,nan%,$0.00B,$-0.00B,inf%,$0.00B,$-0.00B,inf%,$0.00B,$-0.00B,inf%,$0.00B,$-0.00B,inf%,$0.00B,$-0.01B,inf%,$-0.01B,$0.01B,-200.00%,$-0.01B,$0.01B,-200.00%,$-0.01B,$0.01B,-181.82%,$-0.00B,$0.01B,-120.00%,$0,$0,$0,$1,$1,$1,$-1,$-0,$-1,$0,$-1,$-1,$-1,$-1,$-1,$4,4,$0.65,$0.65,$10,$0,$0,$11,$0,$0,$0,$0,$0,$11,$1,$0,$0,$0,$1,$0,$-24,$0,$10,$11,$-5,$0,$3,$0,$0,$0,$0,$-0,$0,$-2,$-0,$0,$0,$0,$0,$0,$0,$-0,$1,$0,$1,$12,$12,$-0,$-0,$12,$10,$2,$0
24,2012-09-30,9.5,$0.00,0.0,$0.09,100.99,$-0.70,0.0,0,0.0,$0.00B,$0.00B,0.0,$0.00B,$0.00B,0.0,$0.00B,0,nan%,$0.00B,$-0.00B,inf%,$0.00B,$-0.00B,inf%,$0.00B,$-0.00B,inf%,$0.00B,$-0.00B,inf%,$0.00B,$-0.00B,inf%,$-0.00B,$0.00B,800.00%,$-0.00B,$0.00B,800.00%,$-0.00B,$0.00B,inf%,$-0.00B,$0.00B,400.00%,$0,$0,$0,$0,$1,$1,$-1,$0,$-1,$0,$-1,$-1,$-1,$-1,$-1,$6,6,$-0.20,$-0.20,$0,$0,$0,$0,$0,$0,$0,$0,$0,$0,$0,$0,$0,$0,$0,$0,$0,$0,$0,$0,$-4,$0,$3,$3,$0,$0,$0,$-0,$-0,$-1,$-0,$0,$0,$0,$0,$0,$0,$-0,$1,$0,$1,$12,$12,$-0,$0,$12,$11,$2,$0
25,2012-06-30,3.0,$0.00,0.0,$0.09,31.89,$-5.84,0.0,$-2.00,0.0,$0.00B,$0.00B,0.0,$0.00B,$0.00B,0.0,$0.00B,0,nan%,$0.00B,$-0.00B,inf%,$0.00B,$-0.00B,inf%,$0.00B,$-0.00B,inf%,$0.00B,$-0.00B,inf%,$0.00B,$-0.00B,inf%,$-0.00B,$0.00B,533.33%,$-0.00B,$0.00B,533.33%,$-0.00B,$0.00B,-1600.00%,$-0.00B,$0.00B,400.00%,$0,$0,$0,$0,$1,$1,$-1,$-0,$-1,$0,$-1,$-1,$-2,$-1,$-1,$4,4,$-0.39,$-0.39,$0,$0,$0,$0,$0,$0,$0,$0,$0,$0,$0,$0,$0,$0,$0,$0,$0,$0,$0,$0,$-3,$0,$2,$2,$0,$0,$0,$-0,$-0,$-1,$-0,$0,$0,$0,$0,$0,$0,$-0,$1,$0,$1,$0,$0,$-0,$8,$8,$8,$1,$0
26,2012-03-31,4.5,$0.00,0.0,$0.09,47.78,$-9.37,0.0,$-3.20,0.0,$0.00B,$0.00B,0.0,$0.00B,$0.00B,0.0,$0.00B,0,nan%,$0.00B,$-0.00B,inf%,$0.00B,$-0.00B,inf%,$0.00B,$-0.00B,inf%,$0.00B,$-0.00B,inf%,$0.00B,$-0.00B,inf%,$-0.00B,$0.00B,400.00%,$-0.00B,$0.00B,400.00%,$-0.00B,$0.00B,-600.00%,$-0.00B,$0.00B,400.00%,$0,$0,$0,$0,$0,$0,$-0,$-1,$-1,$0,$-1,$-1,$-1,$-0,$-0,$1,1,$-1.30,$-1.30,$0,$0,$0,$0,$0,$0,$0,$0,$0,$0,$0,$0,$0,$0,$0,$0,$0,$0,$0,$0,$-1,$0,$1,$1,$0,$0,$0,$-0,$-0,$-0,$-0,$0,$0,$0,$0,$0,$0,$-0,$0,$0,$0,$0,$0,$0,$0,$0,$0,$0,$0
27,2011-12-31,4.8,$0.00,0.0,0,0.0,$-10.65,0.0,$-5.60,0.0,$0.00B,$0.00B,0.09,$0.00B,$-0.00B,0.0,$0.00B,0,nan%,$0.00B,$-0.00B,inf%,$0.00B,$-0.00B,inf%,$0.00B,$-0.00B,inf%,$0.00B,$-0.00B,inf%,$0.00B,$-0.00B,inf%,$-0.00B,$-0.00B,400.00%,$-0.00B,$-0.00B,400.00%,$-0.00B,$0.00B,-400.00%,$-0.00B,$-0.00B,800.00%,$0,$0,$0,$0,$0,$0,$0,$0,$0,$0,$0,$0,$0,$0,$0,$0,0,$0.00,$0.00,$0,$0,$0,$0,$0,$0,$0,$0,$0,$0,$2,$0,$0,$0,$2,$0,$-19,$0,$-2,$0,$0,$0,$0,$0,$0,$0,$0,$0,$0,$0,$0,$0,$0,$0,$0,$0,$0,$0,$0,$0,$0,$0,$0,$0,$0,$0,$0,$0,$0
28,2010-09-30,36.0,$0.00,0.0,0,0.0,$-10.65,0.0,$-5.60,0.0,$0.00B,$0.00B,1.58,$0.00B,$-0.00B,-1.24,$0.00B,0,nan%,$0.00B,$-0.00B,inf%,$0.00B,$-0.00B,inf%,$0.00B,$-0.00B,inf%,$0.00B,$-0.00B,inf%,$0.00B,$-0.00B,inf%,$-0.00B,$-0.00B,inf%,$-0.00B,$-0.00B,inf%,$-0.00B,$0.00B,-320.00%,$-0.00B,$0.00B,-600.00%,$0,$0,$0,$1,$0,$1,$-1,$-0,$-1,$0,$-1,$-1,$-1,$-1,$-1,$0,0,$-2.00,$-2.00,$0,$0,$0,$1,$0,$0,$0,$0,$0,$1,$0,$1,$0,$1,$1,$0,$-17,$0,$-1,$1,$-2,$0,$0,$0,$0,$0,$0,$0,$-1,$-2,$0,$0,$0,$0,$0,$0,$0,$0,$0,$1,$0,$0,$0,$0,$0,$1,$-1,$0,$0
29,2010-06-30,46.0,$0.00,0.0,0,0.0,$-5.31,0.0,$-3.60,0.0,$0.00B,$0.00B,2.76,$0.00B,$0.00B,-4.39,$0.00B,0,nan%,$0.00B,$-0.00B,inf%,$0.00B,$-0.00B,inf%,$0.00B,$-0.00B,inf%,$0.00B,$-0.00B,inf%,$0.00B,$-0.00B,inf%,$-0.00B,$0.00B,-800.00%,$-0.00B,$0.00B,-800.00%,$-0.00B,$0.00B,-266.67%,$-0.00B,$0.00B,-400.00%,$0,$0,$0,$0,$0,$0,$-0,$0,$-0,$0,$-0,$-1,$-1,$-1,$-0,$0,0,$-1.20,$-1.20,$1,$0,$0,$1,$0,$0,$0,$0,$0,$1,$0,$1,$0,$1,$1,$0,$-16,$0,$-0,$1,$-1,$0,$0,$0,$0,$0,$0,$0,$-1,$-2,$0,$0,$0,$0,$0,$0,$0,$0,$0,$1,$0,$0,$0,$0,$0,$1,$-1,$0,$0
30,2010-03-31,40.0,$0.00,0.0,0,0.0,$-1.61,0.0,$-2.40,0.0,$0.00B,$0.00B,0.96,$0.00B,$0.00B,0.0,$0.00B,0,nan%,$0.00B,$-0.00B,inf%,$0.00B,$-0.00B,inf%,$0.00B,$-0.00B,inf%,$0.00B,$-0.00B,inf%,$0.00B,$-0.00B,inf%,$-0.00B,$0.00B,-400.00%,$-0.00B,$0.00B,-400.00%,$-0.00B,$0.00B,-200.00%,$-0.00B,$0.00B,-400.00%,$0,$0,$0,$0,$1,$1,$-1,$0,$-1,$0,$-1,$-1,$-1,$-1,$-1,$0,0,$-2.40,$-2.40,$1,$0,$0,$1,$0,$0,$0,$0,$0,$1,$1,$0,$0,$0,$1,$0,$-16,$0,$-0,$1,$-1,$0,$0,$0,$0,$0,$0,$0,$-0,$-1,$0,$0,$0,$0,$0,$0,$0,$0,$0,$0,$0,$0,$0,$0,$0,$0,$-1,$0,$0
31,2009-12-31,60.0,$0.00,0.0,0,0.0,0,0.0,0,0.0,$0.00B,$0.00B,1.53,$0.00B,$0.00B,0.0,$0.00B,0,nan%,$0.00B,$-0.01B,inf%,$0.00B,$-0.01B,inf%,$0.00B,$-0.01B,inf%,$0.00B,$-0.01B,inf%,$0.00B,$-0.01B,inf%,$-0.01B,$0.00B,-285.71%,$-0.01B,$0.00B,-285.71%,$-0.01B,$0.00B,-181.82%,$-0.01B,$0.00B,-285.71%,$0,$0,$0,$0,$0,$1,$-1,$0,$-1,$0,$-1,$-1,$-1,$-1,$-1,$0,0,$0.00,$0.00,$2,$0,$0,$2,$0,$0,$0,$0,$0,$2,$1,$0,$0,$0,$1,$0,$-15,$0,$1,$2,$-5,$0,$0,$0,$0,$0,$0,$0,$0,$-4,$0,$0,$0,$0,$0,$0,$0,$0,$0,$0,$0,$0,$0,$0,$0,$0,$-4,$0,$0
32,2009-09-30,74.0,$0.00,0.0,0,0.0,0,0.0,0,0.0,$0.00B,$0.00B,2.36,$0.00B,$0.00B,0.0,$0.00B,0,nan%,$0.00B,$-0.01B,inf%,$0.00B,$-0.01B,inf%,$0.00B,$-0.01B,inf%,$0.00B,$-0.01B,inf%,$0.00B,$-0.01B,inf%,$-0.01B,$0.00B,-181.82%,$-0.01B,$0.00B,-181.82%,$-0.01B,$0.00B,-142.86%,$-0.01B,$0.00B,-181.82%,$0,$0,$0,$1,$0,$1,$-1,$0,$-1,$0,$-1,$-1,$-1,$-1,$-1,$0,0,$0.00,$0.00,$2,$0,$0,$2,$0,$0,$0,$0,$0,$2,$1,$0,$0,$0,$1,$0,$-14,$0,$1,$2,$-4,$0,$0,$0,$0,$0,$0,$0,$0,$-3,$0,$0,$0,$0,$0,$0,$0,$0,$0,$0,$0,$0,$0,$0,$0,$0,$-3,$0,$0
33,2009-06-30,56.0,$0.00,0.0,0,0.0,0,0.0,0,0.0,$0.00B,$0.00B,2.91,$0.00B,$0.00B,0.0,$0.00B,0,nan%,$0.00B,$-0.01B,inf%,$0.00B,$-0.01B,inf%,$0.00B,$-0.01B,inf%,$0.00B,$-0.01B,inf%,$0.00B,$-0.01B,inf%,$-0.01B,$0.00B,-133.33%,$-0.01B,$0.00B,-133.33%,$-0.01B,$0.00B,-111.11%,$-0.01B,$0.00B,-133.33%,$0,$0,$0,$1,$0,$1,$-1,$0,$-1,$0,$-1,$-1,$-1,$-1,$-1,$0,0,$0.00,$0.00,$3,$0,$0,$3,$0,$0,$0,$0,$0,$3,$1,$0,$0,$0,$1,$0,$-13,$0,$2,$3,$-3,$0,$0,$0,$0,$0,$0,$0,$0,$-2,$0,$0,$0,$0,$0,$0,$0,$0,$0,$0,$0,$0,$0,$0,$0,$0,$-2,$0,$0
34,2009-03-31,44.0,$0.00,0.0,0,0.0,0,0.0,0,0.0,$0.00B,$0.00B,3.51,$0.00B,$0.00B,0.0,$0.00B,0,nan%,$0.00B,$-0.01B,inf%,$0.00B,$-0.01B,inf%,$0.00B,$-0.01B,inf%,$0.00B,$-0.01B,inf%,$0.00B,$-0.01B,inf%,$-0.01B,$0.00B,-105.26%,$-0.01B,$0.00B,-105.26%,$-0.01B,$0.00B,-90.91%,$-0.01B,$0.00B,-105.26%,$0,$0,$0,$1,$0,$2,$-2,$0,$-2,$0,$-2,$-2,$-2,$-2,$-2,$0,0,$0.00,$0.00,$4,$0,$0,$4,$0,$0,$0,$0,$0,$4,$1,$0,$0,$0,$1,$0,$-12,$0,$3,$4,$-2,$0,$0,$0,$0,$0,$0,$0,$1,$-1,$0,$0,$0,$0,$0,$0,$0,$0,$0,$0,$0,$0,$0,$0,$0,$0,$-1,$0,$0
35,2008-12-31,40.0,$0.00,0.0,0,0.0,0,0.0,0,0.0,$0.01B,$0.00B,7.01,$0.00B,$0.01B,0.0,$0.00B,0,nan%,$0.00B,$-0.00B,inf%,$0.00B,$-0.00B,inf%,$0.00B,$-0.00B,inf%,$0.00B,$-0.00B,inf%,$0.00B,$-0.00B,inf%,$-0.00B,$0.01B,-63.16%,$-0.00B,$0.01B,-63.16%,$-0.00B,$0.01B,-54.55%,$-0.00B,$0.01B,-84.21%,$0,$0,$0,$1,$0,$1,$-1,$0,$-1,$0,$-1,$-1,$-1,$-1,$-1,$0,0,$0.00,$0.00,$5,$0,$0,$5,$0,$0,$0,$0,$0,$5,$1,$0,$0,$0,$1,$0,$-10,$0,$5,$5,$-3,$0,$0,$0,$0,$0,$0,$0,$-0,$-3,$-0,$0,$0,$0,$0,$0,$0,$-0,$0,$0,$0,$0,$0,$0,$4,$4,$1,$0,$0
36,2008-09-30,56.0,$0.00,0.0,0,0.0,0,0.0,0,0.0,$0.01B,$0.00B,9.97,$0.00B,$0.01B,0.0,$0.00B,0,nan%,$0.00B,$-0.00B,inf%,$0.00B,$-0.00B,inf%,$0.00B,$-0.00B,inf%,$0.00B,$-0.00B,inf%,$0.00B,$-0.00B,inf%,$-0.00B,$0.01B,-47.06%,$-0.00B,$0.01B,-47.06%,$-0.00B,$0.01B,-38.10%,$-0.00B,$0.01B,-70.59%,$0,$0,$0,$1,$0,$1,$-1,$0,$-1,$0,$-1,$-1,$-1,$-1,$-1,$0,0,$0.00,$0.00,$6,$0,$0,$6,$0,$0,$0,$0,$0,$6,$1,$0,$0,$0,$1,$0,$-9,$0,$5,$6,$-2,$0,$0,$0,$0,$0,$0,$0,$-0,$-2,$-0,$0,$0,$0,$0,$0,$0,$-0,$0,$0,$0,$0,$0,$0,$4,$4,$2,$0,$0
37,2008-06-30,74.0,$0.00,0.0,0,0.0,0,0.0,0,0.0,$0.01B,$0.00B,7.79,$0.00B,$0.01B,0.0,$0.00B,0,nan%,$0.00B,$-0.00B,inf%,$0.00B,$-0.00B,inf%,$0.00B,$-0.00B,inf%,$0.00B,$-0.00B,inf%,$0.00B,$-0.00B,inf%,$-0.00B,$0.01B,-94.12%,$-0.00B,$0.01B,-94.12%,$-0.00B,$0.01B,-80.00%,$-0.00B,$0.01B,-70.59%,$0,$0,$0,$1,$1,$1,$-1,$0,$-1,$0,$-1,$-1,$-1,$-1,$-1,$0,0,$0.00,$0.00,$7,$0,$0,$7,$0,$0,$0,$0,$0,$7,$1,$0,$0,$0,$1,$0,$-9,$0,$6,$7,$-2,$0,$0,$0,$0,$0,$0,$0,$-0,$-1,$-0,$0,$0,$0,$0,$0,$0,$-0,$0,$0,$0,$0,$0,$0,$4,$4,$3,$0,$0
