,Date,Stock Price,Book Value per Share,Price to Book Ratio,TTM Sales per Share,Price to Sales Ratio,TTM FCF per Share,Price to FCF Ratio,TTM Net EPS,PE Ratio,Current Assets,Current Liabilities,Current Ratio,Long Term Debt,Shareholder's Equity_x,Debt to Equity Ratio,TTM Revenue_x,TTM Gross Profit,Gross Margin,TTM Revenue_y,TTM Operating Income,Operating Margin,TTM Revenue_x,TTM EBIT,EBIT Margin,TTM Revenue_y,TTM EBITDA,EBITDA Margin,TTM Revenue_x,TTM Pre-Tax Income,Pre-Tax Margin,TTM Revenue_y,TTM Net Income_x,Net Margin,TTM Net Income_y,Shareholder's Equity_y,Return on Equity,TTM Net Income_x,Tangible Equity,Return on Tangible Equity,TTM Net Income_y,Total Assets,Return on Assets,TTM Net Income,LT Investments & Debt,Return on Investment,revenue,cost-goods-sold,gross-profit,research-development-expenses,selling-general-administrative-expenses,operating-expenses,operating-income,total-non-operating-income-expense,pre-tax-income,total-provision-income-taxes,income-after-taxes,income-from-continuous-operations,net-income,ebitda,ebit,basic-shares-outstanding,shares-outstanding,eps-basic-net-earnings-per-share,eps-earnings-per-share-diluted,cash-on-hand,inventory,other-current-assets,total-current-assets,net-property-plant-equipment,long-term-investments,goodwill-intangible-assets-total,other-long-term-assets,total-long-term-assets,total-assets,total-current-liabilities,long-term-debt,other-non-current-liabilities,total-long-term-liabilities,total-liabilities,common-stock-net,retained-earnings-accumulated-deficit,comprehensive-income,total-share-holder-equity,total-liabilities-share-holders-equity,net-income-loss,total-depreciation-amortization-cash-flow,other-non-cash-items,total-non-cash-items,change-in-accounts-receivable,change-in-inventories,change-in-accounts-payable,change-in-assets-liabilities,total-change-in-assets-liabilities,cash-flow-from-operating-activities,net-change-in-property-plant-equipment,net-change-in-intangible-assets,net-acquisitions-divestitures,net-change-in-short-term-investments,net-change-in-long-term-investments,net-change-in-investments-total,investing-activities-other,cash-flow-from-investing-activities,net-long-term-debt,net-current-debt,debt-issuance-retirement-net-total,net-common-equity-issued-repurchased,net-total-equity-issued-repurchased,total-common-preferred-stock-dividends-paid,financial-activities-other,cash-flow-from-financial-activities,net-cash-flow,stock-based-compensation,common-stock-dividends-paid
0,2018-09-30,69.08,$8.47,8.15,$8.48,8.14,$0.13,547.82,$-0.52,0.0,$1.70B,$0.42B,4.03,$0.02B,$1.80B,0.01,$1.80B,$1.71B,94.99%,$1.80B,$-0.09B,-4.78%,$1.80B,$-0.09B,-4.78%,$1.80B,$-0.03B,-1.78%,$1.80B,$-0.10B,-5.73%,$1.80B,$-0.11B,-6.12%,$-0.11B,$1.80B,-6.48%,$-0.11B,$1.43B,-8.37%,$-0.11B,$2.52B,-4.62%,$-0.09B,$1.82B,-5.01%,$450,$25,$425,$293,$97,$419,$31,$-0,$31,$2,$29,$29,$29,$45,$31,$213,216,$0.14,$0.14,$1375,$6,$0,$1700,$301,$121,$376,$16,$820,$2520,$422,$17,$277,$295,$717,$0,$-1947,$-10,$1803,$2520,$40,$41,$152,$192,$19,$3,$28,$-21,$20,$252,$-48,$0,$0,$7,$-9,$-2,$0,$-50,$0,$0,$0,$20,$20,$0,$-10,$11,$213,$111,$0
1,2018-06-30,67.0,$8.16,8.21,$8.20,8.17,$-1.24,0.0,$-0.49,0.0,$1.60B,$0.37B,4.34,$0.02B,$1.73B,0.01,$1.73B,$1.64B,94.91%,$1.73B,$-0.10B,-5.90%,$1.73B,$-0.10B,-5.90%,$1.73B,$-0.05B,-2.89%,$1.73B,$-0.09B,-5.26%,$1.73B,$-0.10B,-5.95%,$-0.10B,$1.73B,-6.10%,$-0.10B,$1.35B,-7.94%,$-0.10B,$2.40B,-4.39%,$-0.10B,$1.75B,-5.98%,$522,$25,$497,$298,$108,$438,$83,$-29,$54,$2,$52,$52,$52,$97,$83,$212,215,$0.25,$0.24,$1198,$6,$0,$1598,$268,$131,$382,$12,$799,$2397,$368,$17,$279,$296,$664,$0,$-1976,$-10,$1733,$2397,$11,$27,$99,$126,$-50,$2,$8,$-24,$-84,$53,$-23,$0,$0,$-0,$-9,$-9,$0,$-32,$0,$0,$0,$18,$18,$0,$-10,$8,$29,$73,$0
2,2018-03-31,83.33,$7.68,10.85,$7.36,11.32,$-1.91,0.0,$-0.79,0.0,$1.47B,$0.38B,3.86,$0.02B,$1.63B,0.01,$1.53B,$1.45B,94.59%,$1.53B,$-0.18B,-11.60%,$1.53B,$-0.18B,-11.60%,$1.53B,$-0.13B,-8.28%,$1.53B,$-0.15B,-10.04%,$1.53B,$-0.17B,-10.89%,$-0.17B,$1.63B,-11.05%,$-0.17B,$1.24B,-14.97%,$-0.17B,$2.31B,-7.75%,$-0.18B,$1.65B,-11.63%,$382,$18,$364,$303,$121,$449,$-67,$27,$-40,$1,$-41,$-41,$-41,$-54,$-67,$212,212,$-0.19,$-0.19,$1171,$5,$0,$1470,$265,$166,$387,$11,$836,$2306,$381,$17,$280,$297,$678,$0,$-2028,$-10,$1628,$2306,$-41,$13,$20,$34,$46,$2,$6,$-19,$28,$21,$-13,$0,$0,$-7,$-9,$-16,$0,$-29,$0,$0,$0,$3,$3,$0,$0,$3,$-5,$36,$0
3,2017-12-31,94.71,$7.72,12.27,$7.52,12.59,$-2.94,0.0,$-1.56,0.0,$1.51B,$0.38B,4.01,$0.02B,$1.63B,0.01,$1.54B,$1.46B,94.79%,$1.54B,$-0.24B,-15.89%,$1.54B,$-0.24B,-15.89%,$1.54B,$-0.19B,-12.43%,$1.54B,$-0.31B,-20.31%,$1.54B,$-0.31B,-20.38%,$-0.31B,$1.63B,-23.26%,$-0.31B,$1.24B,-33.13%,$-0.31B,$2.30B,-15.80%,$-0.24B,$1.65B,-17.79%,$444,$22,$422,$447,$98,$577,$-133,$-16,$-148,$1,$-150,$-150,$-150,$-120,$-133,$205,205,$-0.68,$-0.68,$1170,$6,$0,$1505,$260,$134,$392,$3,$798,$2303,$375,$17,$280,$297,$672,$0,$-1990,$-7,$1631,$2303,$-313,$52,$232,$284,$-118,$5,$-8,$-31,$-64,$-93,$-111,$0,$0,$-115,$-124,$-239,$0,$-350,$0,$0,$0,$716,$716,$0,$-26,$690,$247,$133,$0
4,2017-09-30,116.74,$8.33,14.01,$7.03,16.59,$-1.00,0.0,$-0.80,0.0,$1.54B,$0.32B,4.82,$0.02B,$1.76B,0.01,$1.42B,$1.34B,94.57%,$1.42B,$-0.07B,-4.87%,$1.42B,$-0.07B,-4.87%,$1.42B,$-0.01B,-0.78%,$1.42B,$-0.16B,-10.93%,$1.42B,$-0.15B,-10.86%,$-0.15B,$1.76B,-14.77%,$-0.15B,$1.36B,-24.19%,$-0.15B,$2.37B,-8.49%,$-0.07B,$1.78B,-5.62%,$382,$22,$359,$270,$91,$367,$15,$28,$43,$7,$36,$36,$36,$27,$15,$207,213,$0.17,$0.17,$1281,$3,$0,$1541,$247,$169,$398,$8,$833,$2374,$320,$24,$273,$297,$617,$0,$-1840,$13,$1758,$2374,$-164,$39,$167,$206,$-50,$5,$-6,$-32,$-46,$-4,$-86,$0,$0,$3,$-124,$-121,$0,$-207,$0,$0,$0,$708,$708,$0,$-21,$686,$476,$99,$0
5,2017-06-30,125.91,$4.99,25.21,$6.63,19.0,$-0.03,0.0,$-0.78,0.0,$0.85B,$0.29B,2.88,$0.02B,$1.03B,0.02,$1.31B,$1.23B,94.33%,$1.31B,$-0.06B,-4.75%,$1.31B,$-0.06B,-4.75%,$1.31B,$0.00B,0.08%,$1.31B,$-0.16B,-12.26%,$1.31B,$-0.15B,-11.72%,$-0.15B,$1.03B,-22.00%,$-0.15B,$0.62B,-53.87%,$-0.15B,$1.64B,-9.52%,$-0.06B,$1.05B,-5.99%,$326,$20,$306,$202,$90,$319,$7,$-17,$-9,$3,$-12,$-12,$-12,$20,$7,$205,205,$-0.06,$-0.06,$609,$3,$0,$845,$219,$144,$403,$16,$795,$1639,$293,$23,$296,$319,$613,$0,$-1876,$11,$1027,$1639,$-200,$27,$159,$187,$-21,$4,$-7,$-33,$-44,$-57,$-51,$0,$0,$-1,$-124,$-125,$0,$-176,$0,$0,$0,$49,$49,$0,$-17,$32,$-201,$64,$0
6,2017-03-31,133.67,$4.72,28.31,$6.31,21.18,$0.64,208.6,$-0.54,0.0,$0.82B,$0.31B,2.69,$0.04B,$0.97B,0.04,$1.23B,$1.16B,94.61%,$1.23B,$-0.02B,-1.96%,$1.23B,$-0.02B,-1.96%,$1.23B,$0.04B,3.10%,$1.23B,$-0.12B,-9.47%,$1.23B,$-0.11B,-8.73%,$-0.11B,$0.97B,-20.86%,$-0.11B,$0.56B,-111.46%,$-0.11B,$1.61B,-6.89%,$-0.02B,$1.01B,-2.39%,$384,$15,$369,$408,$87,$517,$-133,$-65,$-198,$-11,$-187,$-187,$-187,$-118,$-133,$195,195,$-0.96,$-0.96,$512,$4,$0,$819,$193,$158,$409,$13,$788,$1607,$305,$42,$295,$337,$641,$0,$-1864,$5,$966,$1607,$-187,$15,$98,$113,$-96,$1,$11,$-25,$-100,$-174,$-21,$0,$0,$6,$-124,$-118,$0,$-139,$0,$0,$0,$34,$34,$0,$-12,$22,$-291,$31,$0
7,2016-12-31,100.27,$2.22,45.14,$5.71,17.55,$2.11,47.41,$0.54,185.69,$0.99B,$0.27B,3.64,$0.65B,$0.42B,1.55,$1.10B,$1.05B,94.84%,$1.10B,$0.15B,13.13%,$1.10B,$0.15B,13.13%,$1.10B,$0.20B,18.39%,$1.10B,$0.11B,9.60%,$1.10B,$0.10B,9.42%,$0.10B,$0.42B,31.66%,$0.10B,$0.01B,756.36%,$0.10B,$1.64B,7.29%,$0.15B,$1.07B,14.98%,$326,$20,$307,$162,$96,$284,$42,$-33,$9,$1,$9,$9,$9,$60,$42,$188,194,$0.04,$0.05,$809,$4,$0,$994,$168,$32,$414,$16,$644,$1639,$274,$651,$294,$946,$1219,$0,$-1675,$-3,$419,$1639,$104,$58,$117,$176,$-24,$4,$44,$-26,$25,$305,$-120,$0,$-143,$31,$0,$31,$0,$-232,$0,$0,$0,$50,$50,$0,$9,$59,$131,$96,$0
8,2016-09-30,94.29,$1.97,47.98,$5.33,17.68,$1.50,62.73,$0.78,120.88,$0.89B,$0.24B,3.69,$0.64B,$0.37B,1.74,$1.02B,$0.97B,95.30%,$1.02B,$0.17B,16.44%,$1.02B,$0.17B,16.44%,$1.02B,$0.22B,21.43%,$1.02B,$0.15B,14.97%,$1.02B,$0.15B,14.68%,$0.15B,$0.37B,56.29%,$0.15B,$-0.05B,271.49%,$0.15B,$1.54B,11.83%,$0.17B,$1.01B,18.71%,$269,$20,$249,$143,$76,$247,$22,$16,$38,$1,$37,$37,$37,$39,$22,$188,194,$0.20,$0.19,$717,$4,$0,$887,$152,$56,$420,$15,$658,$1544,$241,$643,$290,$934,$1174,$0,$-1684,$0,$370,$1544,$95,$41,$59,$100,$-7,$4,$26,$-23,$15,$210,$-104,$0,$-143,$51,$0,$51,$0,$-196,$0,$0,$0,$32,$32,$0,$12,$45,$59,$69,$0
9,2016-06-30,79.98,$1.58,50.58,$4.98,16.06,$0.94,84.78,$0.37,216.16,$0.79B,$0.20B,3.98,$0.64B,$0.30B,2.14,$0.94B,$0.91B,96.17%,$0.94B,$0.15B,15.52%,$0.94B,$0.15B,15.52%,$0.94B,$0.19B,20.30%,$0.94B,$0.08B,7.97%,$0.94B,$0.07B,7.76%,$0.07B,$0.30B,37.20%,$0.07B,$-0.13B,81.11%,$0.07B,$1.42B,6.55%,$0.15B,$0.93B,17.74%,$246,$12,$234,$120,$67,$202,$45,$-9,$35,$1,$34,$34,$34,$57,$45,$188,193,$0.18,$0.18,$629,$6,$0,$792,$139,$31,$425,$15,$626,$1418,$199,$635,$286,$922,$1121,$0,$-1721,$1,$297,$1418,$58,$24,$48,$72,$-3,$2,$9,$-14,$-16,$115,$-88,$0,$-145,$46,$0,$46,$0,$-187,$0,$0,$0,$24,$24,$0,$14,$38,$-34,$42,$0
10,2016-03-31,72.47,$1.22,59.63,$4.58,15.83,$0.82,88.57,$0.24,301.96,$0.94B,$0.20B,4.67,$0.63B,$0.23B,2.76,$0.86B,$0.83B,96.50%,$0.86B,$0.09B,10.96%,$0.86B,$0.09B,10.96%,$0.86B,$0.14B,16.08%,$0.86B,$0.05B,5.71%,$0.86B,$0.05B,5.59%,$0.05B,$0.23B,35.36%,$0.05B,$0.23B,35.36%,$0.05B,$1.10B,4.83%,$0.09B,$0.86B,12.41%,$263,$6,$257,$157,$65,$227,$36,$-12,$24,$0,$24,$24,$24,$47,$36,$187,193,$0.13,$0.12,$811,$1,$0,$936,$93,$32,$0,$26,$168,$1104,$200,$628,$48,$676,$876,$0,$-1755,$0,$228,$1104,$24,$11,$24,$35,$13,$1,$2,$-7,$39,$98,$-6,$0,$0,$34,$0,$34,$0,$29,$0,$0,$0,$10,$10,$0,$-0,$10,$136,$21,$0
11,2015-12-31,108.45,$0.92,118.27,$4.14,26.22,$0.29,369.63,$0.01,0.0,$0.84B,$0.17B,5.01,$0.62B,$0.17B,3.62,$0.75B,$0.73B,96.42%,$0.75B,$0.05B,6.76%,$0.75B,$0.05B,6.76%,$0.75B,$0.10B,12.73%,$0.75B,$0.01B,0.93%,$0.75B,$0.01B,0.80%,$0.01B,$0.17B,8.76%,$0.01B,$0.17B,8.76%,$0.01B,$1.01B,0.64%,$0.05B,$0.79B,7.43%,$244,$10,$234,$117,$52,$179,$65,$-9,$56,$1,$55,$55,$55,$76,$65,$180,187,$0.32,$0.31,$708,$2,$0,$842,$86,$35,$0,$26,$165,$1007,$168,$620,$48,$668,$836,$0,$-1779,$-1,$171,$1007,$7,$45,$73,$118,$-57,$0,$6,$-9,$-35,$89,$-26,$0,$0,$-39,$-40,$-79,$0,$-105,$0,$0,$0,$86,$86,$0,$-2,$85,$69,$70,$0
12,2015-09-30,110.38,$0.48,231.31,$3.57,30.9,$-0.05,0.0,$-0.50,0.0,$0.76B,$0.16B,4.86,$0.62B,$0.09B,7.03,$0.63B,$0.62B,97.00%,$0.63B,$-0.04B,-6.31%,$0.63B,$-0.04B,-6.31%,$0.63B,$0.01B,1.10%,$0.63B,$-0.09B,-13.56%,$0.63B,$-0.09B,-13.56%,$-0.09B,$0.09B,-1638.10%,$-0.09B,$0.09B,-1638.10%,$-0.09B,$0.93B,-9.77%,$-0.04B,$0.71B,-6.50%,$188,$8,$180,$132,$48,$188,$-0,$-39,$-40,$0,$-40,$-40,$-40,$11,$-0,$181,181,$-0.22,$-0.22,$636,$2,$0,$758,$83,$54,$0,$19,$174,$932,$156,$624,$51,$687,$843,$0,$-1834,$-0,$89,$932,$-49,$34,$53,$87,$-29,$-1,$3,$-12,$-22,$17,$-19,$0,$0,$-42,$-40,$-81,$0,$-100,$0,$0,$0,$77,$77,$0,$1,$77,$-6,$53,$0
13,2015-06-30,104.21,$0.31,340.33,$3.59,29.06,$-0.25,0.0,$0.05,2084.2,$0.73B,$0.19B,3.81,$0.62B,$0.06B,11.18,$0.64B,$0.63B,98.29%,$0.64B,$0.03B,4.66%,$0.64B,$0.03B,4.66%,$0.64B,$0.08B,11.80%,$0.64B,$0.01B,2.02%,$0.64B,$0.01B,2.02%,$0.01B,$0.06B,-32.91%,$0.01B,$0.06B,-32.91%,$0.01B,$0.93B,1.54%,$0.03B,$0.67B,5.13%,$163,$6,$157,$112,$52,$170,$-7,$17,$9,$0,$9,$9,$9,$4,$-7,$179,186,$0.05,$0.05,$628,$2,$0,$733,$82,$81,$0,$16,$197,$930,$192,$617,$52,$683,$875,$0,$-1795,$2,$55,$930,$-9,$23,$6,$29,$-17,$-1,$5,$-6,$-11,$9,$-6,$0,$0,$-40,$-40,$-80,$0,$-85,$0,$0,$0,$63,$63,$0,$1,$64,$-13,$35,$0
14,2015-03-31,91.66,$-0.24,-383.84,$3.31,27.73,$-0.61,0.0,$-0.22,0.0,$0.69B,$0.23B,3.07,$0.61B,$-0.04B,-14.74,$0.58B,$0.58B,98.97%,$0.58B,$0.01B,1.89%,$0.58B,$0.01B,1.89%,$0.58B,$0.06B,9.64%,$0.58B,$-0.03B,-5.68%,$0.58B,$-0.03B,-5.68%,$-0.03B,$-0.04B,34.38%,$-0.03B,$-0.04B,34.38%,$-0.03B,$0.86B,-4.23%,$0.01B,$0.57B,2.03%,$159,$3,$156,$118,$45,$166,$-7,$-11,$-18,$0,$-18,$-18,$-18,$5,$-7,$172,172,$-0.11,$-0.11,$586,$2,$0,$692,$81,$54,$0,$19,$170,$863,$226,$610,$53,$678,$904,$0,$-1804,$2,$-41,$863,$-18,$12,$14,$26,$-12,$0,$2,$-3,$-12,$-5,$-4,$0,$0,$-15,$-40,$-55,$0,$-59,$0,$0,$0,$29,$29,$0,$4,$33,$-30,$18,$0
15,2014-12-31,73.11,$-0.48,-153.05,$2.92,25.02,$-0.77,0.0,$-0.32,0.0,$0.68B,$0.22B,3.07,$0.59B,$-0.08B,-7.23,$0.51B,$0.51B,99.41%,$0.51B,$-0.00B,-0.98%,$0.51B,$-0.00B,-0.98%,$0.51B,$0.04B,7.42%,$0.51B,$-0.05B,-9.57%,$0.51B,$-0.05B,-9.57%,$-0.05B,$-0.08B,38.81%,$-0.05B,$-0.08B,38.81%,$-0.05B,$0.80B,-6.70%,$-0.00B,$0.51B,-0.95%,$124,$2,$122,$99,$48,$150,$-26,$-12,$-37,$-0,$-37,$-37,$-37,$-13,$-26,$168,168,$-0.21,$-0.19,$601,$0,$0,$680,$82,$14,$0,$2,$117,$796,$221,$590,$55,$657,$878,$0,$-1786,$2,$-82,$796,$-48,$41,$62,$104,$-23,$-4,$5,$-43,$-29,$26,$-28,$0,$0,$-111,$0,$-111,$0,$-138,$0,$0,$0,$93,$93,$0,$0,$93,$-19,$62,$0
16,2014-09-30,49.05,$-0.53,-92.44,$2.84,17.28,$-0.73,0.0,$-0.36,0.0,$0.66B,$0.13B,5.32,$0.68B,$-0.09B,-7.61,$0.49B,$0.48B,99.79%,$0.49B,$0.01B,1.03%,$0.49B,$0.01B,1.03%,$0.49B,$0.04B,9.07%,$0.49B,$-0.06B,-11.34%,$0.49B,$-0.06B,-11.34%,$-0.06B,$-0.09B,35.71%,$-0.06B,$-0.09B,35.71%,$-0.06B,$0.79B,-7.97%,$0.01B,$0.59B,0.97%,$198,$0,$198,$89,$39,$128,$70,$-11,$59,$0,$59,$59,$59,$80,$70,$169,189,$0.35,$0.33,$533,$0,$0,$663,$75,$14,$0,$16,$123,$785,$125,$681,$52,$750,$875,$0,$-1749,$2,$-90,$785,$-12,$29,$46,$76,$-74,$-3,$8,$-19,$-83,$-18,$-22,$0,$0,$-113,$0,$-113,$0,$-135,$0,$0,$0,$64,$64,$0,$-0,$64,$-89,$46,$0
17,2014-06-30,56.44,$-1.02,-55.57,$2.34,24.13,$-0.40,0.0,$-0.83,0.0,$0.58B,$0.11B,5.13,$0.67B,$-0.17B,-3.94,$0.37B,$0.37B,99.73%,$0.37B,$-0.08B,-20.97%,$0.37B,$-0.08B,-20.97%,$0.37B,$-0.05B,-12.10%,$0.37B,$-0.14B,-36.56%,$0.37B,$-0.14B,-36.56%,$-0.14B,$-0.17B,109.46%,$-0.14B,$-0.17B,108.80%,$-0.14B,$0.68B,-23.32%,$-0.08B,$0.50B,-18.47%,$100,$0,$99,$85,$41,$126,$-26,$-11,$-37,$0,$-37,$-37,$-37,$-16,$-26,$168,168,$-0.22,$-0.22,$510,$0,$0,$577,$56,$14,$0,$17,$102,$679,$113,$673,$44,$738,$850,$0,$-1808,$2,$-171,$679,$-71,$19,$31,$50,$-12,$-1,$8,$-17,$-26,$-46,$-11,$0,$0,$-65,$0,$-65,$0,$-76,$0,$0,$0,$58,$58,$0,$-0,$57,$-65,$31,$0
18,2014-03-31,53.52,$-0.97,-55.19,$2.46,21.75,$0.17,322.41,$-0.63,0.0,$0.58B,$0.11B,5.43,$0.67B,$-0.16B,-4.1,$0.37B,$0.37B,100.00%,$0.37B,$-0.04B,-9.36%,$0.37B,$-0.04B,-9.36%,$0.37B,$-0.00B,-1.07%,$0.37B,$-0.10B,-27.27%,$0.37B,$-0.10B,-27.27%,$-0.10B,$-0.16B,115.25%,$-0.10B,$-0.16B,113.33%,$-0.10B,$0.67B,-20.52%,$-0.04B,$0.50B,-10.12%,$90,$0,$90,$76,$37,$113,$-23,$-11,$-34,$0,$-34,$-34,$-34,$-13,$-23,$165,165,$-0.21,$-0.21,$520,$0,$0,$581,$39,$14,$0,$17,$86,$667,$107,$665,$34,$722,$829,$0,$-1771,$2,$-162,$667,$-34,$10,$16,$25,$-11,$-1,$-1,$-8,$-23,$-32,$-3,$0,$0,$-45,$0,$-45,$0,$-48,$0,$0,$0,$45,$45,$0,$-0,$45,$-35,$15,$0
19,2013-12-31,50.63,$-1.18,-42.73,$2.45,20.69,$0.55,91.84,$-0.54,0.0,$0.56B,$0.11B,5.14,$0.66B,$-0.19B,-3.43,$0.36B,$0.36B,100.00%,$0.36B,$-0.02B,-4.51%,$0.36B,$-0.02B,-4.51%,$0.36B,$0.01B,3.66%,$0.36B,$-0.08B,-23.66%,$0.36B,$-0.08B,-23.66%,$-0.08B,$-0.19B,94.38%,$-0.08B,$-0.19B,91.55%,$-0.08B,$0.63B,-20.35%,$-0.02B,$0.47B,-6.07%,$97,$0,$97,$75,$38,$113,$-16,$-27,$-43,$0,$-43,$-43,$-43,$-7,$-16,$148,148,$-0.28,$-0.28,$510,$0,$0,$556,$27,$15,$0,$17,$74,$630,$108,$662,$27,$715,$823,$0,$-1737,$2,$-193,$630,$-83,$29,$68,$97,$36,$-7,$5,$-66,$-4,$9,$-4,$0,$0,$-33,$0,$-33,$0,$-37,$229,$0,$229,$73,$73,$0,$-26,$276,$247,$38,$0
20,2013-09-30,38.15,$0.18,213.13,$2.67,14.29,$-0.23,0.0,$-0.14,0.0,$0.33B,$0.11B,3.05,$0.19B,$0.03B,6.5,$0.37B,$0.37B,100.00%,$0.37B,$0.03B,8.06%,$0.37B,$0.03B,8.06%,$0.37B,$0.06B,15.59%,$0.37B,$-0.02B,-5.91%,$0.37B,$-0.02B,-5.91%,$-0.02B,$0.03B,26.04%,$-0.02B,$0.03B,25.21%,$-0.02B,$0.36B,-6.51%,$0.03B,$0.22B,16.17%,$85,$0,$85,$72,$26,$98,$-13,$-9,$-22,$0,$-22,$-22,$-22,$-9,$-13,$155,155,$-0.14,$-0.14,$291,$0,$0,$334,$6,$0,$3,$0,$24,$357,$109,$187,$3,$219,$329,$0,$-1694,$2,$29,$357,$-40,$20,$40,$60,$38,$-7,$4,$-48,$1,$21,$-2,$0,$0,$-15,$0,$-15,$0,$-17,$0,$0,$0,$56,$56,$0,$-11,$45,$48,$29,$0
21,2013-06-30,22.0,$-0.18,-121.08,$2.58,8.52,$-0.93,0.0,$-0.17,0.0,$0.31B,$0.10B,3.04,$0.22B,$-0.03B,-8.06,$0.35B,$0.35B,100.00%,$0.35B,$0.03B,9.51%,$0.35B,$0.03B,9.51%,$0.35B,$0.06B,18.44%,$0.35B,$-0.02B,-6.34%,$0.35B,$-0.02B,-6.34%,$-0.02B,$-0.03B,14.99%,$-0.02B,$-0.03B,14.62%,$-0.02B,$0.33B,-6.82%,$0.03B,$0.20B,20.92%,$102,$0,$102,$61,$23,$84,$17,$-20,$-3,$0,$-3,$-3,$-3,$25,$17,$142,142,$-0.02,$-0.02,$277,$0,$0,$313,$6,$0,$3,$0,$21,$334,$103,$224,$3,$259,$362,$0,$-1672,$2,$-28,$334,$-18,$16,$29,$45,$43,$-3,$-0,$-30,$6,$33,$-1,$0,$0,$-15,$0,$-15,$0,$-16,$0,$0,$0,$28,$28,$0,$-10,$18,$34,$19,$0
22,2013-03-31,23.41,$-1.21,-19.4,$2.50,9.38,$-1.49,0.0,$-0.12,0.0,$0.31B,$0.12B,2.55,$0.34B,$-0.16B,-2.06,$0.33B,$0.33B,100.00%,$0.33B,$0.03B,9.34%,$0.33B,$0.03B,9.34%,$0.33B,$0.06B,18.67%,$0.33B,$-0.02B,-4.52%,$0.33B,$-0.02B,-4.52%,$-0.02B,$-0.16B,7.73%,$-0.02B,$-0.17B,7.55%,$-0.02B,$0.33B,-4.73%,$0.03B,$0.17B,23.13%,$71,$0,$71,$53,$22,$75,$-4,$-12,$-16,$0,$-16,$-16,$-16,$4,$-4,$134,134,$-0.12,$-0.12,$270,$0,$0,$309,$6,$0,$6,$0,$21,$330,$121,$338,$0,$373,$494,$0,$-1670,$2,$-164,$330,$-16,$8,$9,$17,$43,$-1,$2,$-18,$23,$25,$-1,$0,$0,$0,$0,$0,$0,$-1,$0,$0,$0,$18,$18,$0,$0,$18,$42,$9,$0
23,2012-12-31,16.61,$-1.31,-12.67,$2.25,7.38,$-2.10,0.0,$-0.36,0.0,$0.31B,$0.14B,2.28,$0.33B,$-0.18B,-1.89,$0.30B,$0.30B,100.00%,$0.30B,$0.00B,0.34%,$0.30B,$0.00B,0.34%,$0.30B,$0.03B,10.44%,$0.30B,$-0.04B,-14.81%,$0.30B,$-0.04B,-14.81%,$-0.04B,$-0.18B,20.44%,$-0.04B,$-0.18B,19.93%,$-0.04B,$0.33B,-14.27%,$0.00B,$0.16B,0.94%,$114,$0,$114,$60,$24,$84,$30,$-11,$19,$0,$19,$19,$19,$38,$30,$130,130,$0.16,$0.16,$228,$0,$0,$310,$6,$0,$0,$6,$21,$330,$136,$331,$0,$369,$505,$0,$-1654,$2,$-175,$330,$-44,$30,$38,$68,$-65,$-5,$-1,$-52,$-118,$-95,$-3,$0,$0,$1,$0,$1,$0,$-2,$0,$0,$0,$48,$48,$0,$0,$48,$-49,$38,$0
24,2012-09-30,18.05,$-1.68,-10.76,$1.60,11.25,$-2.67,0.0,$-0.94,0.0,$0.28B,$0.14B,2.03,$0.33B,$-0.22B,-1.48,$0.21B,$0.21B,100.00%,$0.21B,$-0.07B,-34.43%,$0.21B,$-0.07B,-34.43%,$0.21B,$-0.04B,-20.75%,$0.21B,$-0.12B,-55.66%,$0.21B,$-0.12B,-55.66%,$-0.12B,$-0.22B,51.70%,$-0.12B,$-0.23B,50.05%,$-0.12B,$0.30B,-38.31%,$-0.07B,$0.11B,-81.34%,$60,$0,$60,$50,$21,$71,$-10,$-12,$-22,$0,$-22,$-22,$-22,$-3,$-10,$131,131,$-0.17,$-0.17,$253,$0,$0,$279,$6,$0,$7,$0,$18,$297,$138,$325,$0,$379,$516,$0,$-1673,$2,$-220,$297,$-63,$22,$29,$52,$-10,$-2,$-2,$-44,$-61,$-73,$-2,$0,$0,$0,$0,$0,$0,$-1,$0,$0,$0,$40,$40,$0,$0,$40,$-34,$29,$0
25,2012-06-30,22.7,$-1.67,-13.6,$1.28,17.8,$-3.08,0.0,$-1.19,0.0,$0.29B,$0.14B,2.11,$0.32B,$-0.22B,-1.47,$0.17B,$0.17B,100.00%,$0.17B,$-0.11B,-62.13%,$0.17B,$-0.11B,-62.13%,$0.17B,$-0.08B,-44.97%,$0.17B,$-0.15B,-88.17%,$0.17B,$-0.15B,-88.17%,$-0.15B,$-0.22B,68.19%,$-0.15B,$-0.22B,66.44%,$-0.15B,$0.31B,-45.64%,$-0.11B,$0.10B,-109.66%,$87,$0,$87,$52,$20,$71,$15,$-11,$4,$0,$4,$4,$4,$23,$15,$129,138,$0.03,$0.03,$271,$0,$0,$294,$7,$0,$7,$0,$18,$312,$140,$319,$0,$389,$529,$0,$-1651,$2,$-217,$312,$-41,$15,$20,$34,$-7,$-1,$-4,$-18,$-39,$-46,$-2,$0,$0,$0,$0,$0,$0,$-1,$0,$0,$0,$31,$31,$0,$0,$31,$-16,$20,$0
26,2012-03-31,19.3,$-1.94,-9.93,$0.78,24.68,$-3.35,0.0,$-1.63,0.0,$0.28B,$0.14B,1.94,$0.31B,$-0.25B,-1.26,$0.10B,$0.10B,100.00%,$0.10B,$-0.16B,-162.63%,$0.10B,$-0.16B,-162.63%,$0.10B,$-0.13B,-134.34%,$0.10B,$-0.21B,-207.07%,$0.10B,$-0.21B,-207.07%,$-0.21B,$-0.25B,103.40%,$-0.21B,$-0.26B,101.36%,$-0.21B,$0.29B,-58.11%,$-0.16B,$0.06B,-143.11%,$36,$0,$36,$49,$21,$70,$-34,$-11,$-45,$0,$-45,$-45,$-45,$-27,$-34,$127,127,$-0.36,$-0.36,$256,$0,$0,$276,$6,$0,$8,$0,$17,$294,$142,$313,$0,$400,$542,$0,$-1655,$2,$-249,$294,$-45,$7,$10,$17,$-7,$0,$-2,$-13,$-26,$-54,$-0,$0,$0,$0,$0,$0,$0,$-0,$0,$0,$0,$13,$13,$0,$0,$13,$-41,$10,$0
27,2011-12-31,15.01,$-1.80,-8.36,$0.76,19.84,$-3.28,0.0,$-1.49,0.0,$0.31B,$0.14B,2.29,$0.32B,$-0.23B,-1.39,$0.10B,$0.10B,100.00%,$0.10B,$-0.14B,-150.53%,$0.10B,$-0.14B,-150.53%,$0.10B,$-0.12B,-121.05%,$0.10B,$-0.19B,-196.84%,$0.10B,$-0.19B,-196.84%,$-0.19B,$-0.23B,115.43%,$-0.19B,$-0.24B,112.31%,$-0.19B,$0.33B,-47.43%,$-0.14B,$0.09B,-98.45%,$29,$0,$29,$52,$21,$73,$-44,$-11,$-55,$0,$-55,$-55,$-55,$-37,$-44,$125,125,$-0.45,$-0.45,$297,$0,$0,$311,$6,$0,$8,$0,$18,$329,$136,$316,$0,$420,$556,$0,$-1610,$2,$-227,$329,$-187,$27,$29,$56,$-1,$-4,$4,$-47,$-31,$-162,$-4,$0,$0,$1,$0,$1,$0,$-3,$0,$0,$0,$19,$19,$0,$0,$19,$-145,$29,$0
28,2011-09-30,13.97,$-1.43,-9.75,$1.23,11.34,$-1.19,0.0,$-0.81,0.0,$0.35B,$0.12B,2.86,$0.31B,$-0.18B,-1.71,$0.15B,$0.15B,100.00%,$0.15B,$-0.06B,-37.50%,$0.15B,$-0.06B,-37.50%,$0.15B,$-0.03B,-19.08%,$0.15B,$-0.10B,-65.13%,$0.15B,$-0.10B,-65.13%,$-0.10B,$-0.18B,77.65%,$-0.10B,$-0.18B,74.72%,$-0.10B,$0.37B,-22.78%,$-0.06B,$0.13B,-32.71%,$17,$0,$17,$45,$14,$59,$-42,$-11,$-53,$0,$-53,$-53,$-53,$-35,$-42,$126,126,$-0.42,$-0.42,$336,$0,$0,$346,$6,$0,$0,$19,$25,$371,$121,$310,$0,$431,$552,$0,$-1554,$2,$-181,$371,$-131,$20,$22,$42,$3,$0,$0,$-43,$-32,$-122,$-3,$0,$0,$1,$0,$1,$0,$-1,$0,$0,$0,$18,$18,$0,$0,$18,$-106,$22,$0
29,2011-06-30,18.94,$-1.08,-17.52,$1.24,15.31,$0.36,52.08,$-0.65,0.0,$0.39B,$0.11B,3.54,$0.31B,$-0.14B,-2.24,$0.15B,$0.15B,100.00%,$0.15B,$-0.04B,-24.34%,$0.15B,$-0.04B,-24.34%,$0.15B,$-0.01B,-7.24%,$0.15B,$-0.08B,-51.32%,$0.15B,$-0.08B,-51.32%,$-0.08B,$-0.14B,68.12%,$-0.08B,$-0.14B,63.80%,$-0.08B,$0.42B,-17.03%,$-0.04B,$0.17B,-20.36%,$17,$0,$17,$46,$12,$58,$-41,$-11,$-52,$0,$-52,$-52,$-52,$-34,$-41,$125,125,$-0.41,$-0.41,$383,$0,$0,$392,$6,$0,$0,$19,$25,$417,$111,$305,$0,$442,$553,$0,$-1501,$2,$-136,$417,$-78,$13,$14,$27,$3,$0,$-2,$-24,$-24,$-75,$-2,$0,$0,$1,$0,$1,$0,$-1,$0,$0,$0,$17,$17,$0,$0,$17,$-59,$14,$0
30,2011-03-31,15.85,$-0.84,-18.87,$1.49,10.63,$1.75,9.07,$-0.22,0.0,$0.43B,$0.11B,3.87,$0.30B,$-0.10B,-2.88,$0.19B,$0.19B,100.00%,$0.19B,$0.02B,9.73%,$0.19B,$0.02B,9.73%,$0.19B,$0.04B,23.24%,$0.19B,$-0.02B,-12.43%,$0.19B,$-0.02B,-12.43%,$-0.02B,$-0.10B,21.55%,$-0.02B,$-0.11B,19.57%,$-0.02B,$0.46B,-4.82%,$0.02B,$0.20B,9.77%,$32,$0,$32,$36,$11,$48,$-16,$-11,$-27,$0,$-27,$-27,$-27,$-9,$-16,$123,123,$-0.21,$-0.21,$403,$0,$0,$426,$5,$0,$10,$19,$34,$460,$110,$299,$0,$453,$564,$0,$-1450,$2,$-104,$460,$-27,$6,$7,$13,$-11,$0,$-3,$-17,$-31,$-44,$-1,$0,$0,$1,$0,$1,$0,$0,$0,$0,$0,$4,$4,$0,$0,$4,$-40,$7,$0
31,2010-12-31,16.56,$-0.72,-23.03,$1.38,12.03,$2.97,5.58,$-0.30,0.0,$0.46B,$0.11B,4.01,$0.29B,$-0.09B,-3.31,$0.17B,$0.17B,100.00%,$0.17B,$0.01B,8.24%,$0.17B,$0.01B,8.24%,$0.17B,$0.04B,22.94%,$0.17B,$-0.03B,-18.24%,$0.17B,$-0.03B,-18.82%,$-0.03B,$-0.09B,29.29%,$-0.03B,$-0.10B,26.50%,$-0.03B,$0.49B,-6.56%,$0.01B,$0.21B,7.94%,$86,$0,$86,$33,$11,$44,$42,$-10,$33,$0,$33,$33,$33,$49,$42,$122,122,$0.27,$0.28,$443,$0,$0,$455,$5,$0,$10,$19,$34,$490,$114,$293,$0,$465,$578,$0,$-1423,$2,$-89,$490,$-32,$24,$18,$43,$158,$0,$-10,$-51,$87,$98,$-4,$0,$0,$19,$0,$19,$0,$15,$-159,$0,$-159,$14,$14,$0,$0,$-145,$-32,$15,$0
32,2010-09-30,15.99,$-1.05,-15.19,$0.74,21.67,$2.31,6.92,$-1.28,0.0,$0.42B,$0.12B,3.6,$0.29B,$-0.13B,-2.24,$0.09B,$0.09B,100.00%,$0.09B,$-0.07B,-75.82%,$0.09B,$-0.07B,-75.82%,$0.09B,$-0.04B,-48.35%,$0.09B,$-0.15B,-167.03%,$0.09B,$-0.15B,-168.13%,$-0.15B,$-0.13B,136.00%,$-0.15B,$-0.14B,122.40%,$-0.15B,$0.47B,-28.15%,$-0.07B,$0.16B,-32.82%,$17,$0,$17,$31,$8,$39,$-22,$-10,$-32,$-1,$-32,$-32,$-32,$-17,$-22,$122,122,$-0.26,$-0.26,$415,$0,$0,$423,$2,$0,$11,$28,$42,$465,$118,$288,$0,$476,$594,$0,$-1456,$2,$-129,$465,$-64,$18,$14,$32,$159,$0,$-13,$-41,$103,$71,$-1,$0,$0,$18,$0,$18,$0,$17,$-159,$0,$-159,$10,$10,$0,$0,$-149,$-61,$11,$0
33,2010-06-30,11.07,$-0.86,-12.89,$0.61,18.17,$0.66,16.81,$-1.46,0.0,$0.45B,$0.11B,4.07,$0.28B,$-0.11B,-2.7,$0.08B,$0.08B,100.00%,$0.08B,$-0.08B,-105.33%,$0.08B,$-0.08B,-105.33%,$0.08B,$-0.05B,-72.00%,$0.08B,$-0.16B,-217.33%,$0.08B,$-0.16B,-218.67%,$-0.16B,$-0.11B,126.15%,$-0.16B,$-0.12B,114.29%,$-0.16B,$0.49B,-30.06%,$-0.08B,$0.18B,-28.52%,$50,$0,$50,$29,$7,$36,$14,$-10,$3,$0,$3,$3,$3,$20,$14,$122,128,$0.03,$0.02,$441,$0,$0,$451,$2,$0,$12,$28,$42,$494,$111,$283,$0,$488,$598,$0,$-1424,$2,$-105,$494,$-33,$12,$10,$23,$157,$0,$-12,$-25,$110,$100,$-1,$0,$0,$17,$0,$17,$0,$16,$-159,$0,$-159,$7,$7,$0,$0,$-152,$-36,$7,$0
34,2010-03-31,13.93,$-0.94,-14.74,$0.23,60.9,$-0.86,0.0,$-1.89,0.0,$0.45B,$0.12B,3.82,$0.28B,$-0.11B,-2.43,$0.03B,$0.03B,100.00%,$0.03B,$-0.13B,-484.62%,$0.03B,$-0.13B,-484.62%,$0.03B,$-0.10B,-400.00%,$0.03B,$-0.21B,-792.31%,$0.03B,$-0.21B,-796.15%,$-0.21B,$-0.11B,117.28%,$-0.21B,$-0.13B,110.11%,$-0.21B,$0.50B,-44.83%,$-0.13B,$0.16B,-48.46%,$17,$0,$17,$31,$6,$37,$-20,$-16,$-35,$0,$-36,$-36,$-36,$-13,$-20,$120,120,$-0.30,$-0.30,$441,$0,$0,$451,$2,$0,$13,$37,$52,$503,$118,$278,$0,$499,$617,$0,$-1427,$1,$-114,$503,$-36,$6,$7,$13,$158,$0,$-8,$-18,$125,$103,$-0,$0,$0,$7,$0,$7,$0,$7,$-159,$0,$-159,$4,$4,$0,$0,$-154,$-45,$3,$0
35,2009-12-31,9.11,$-0.86,-10.58,$0.09,99.84,$-2.15,0.0,$-2.00,0.0,$0.66B,$0.13B,4.94,$0.44B,$-0.10B,-4.33,$0.01B,$0.01B,100.00%,$0.01B,$-0.14B,-1400.00%,$0.01B,$-0.14B,-1400.00%,$0.01B,$-0.12B,-1230.00%,$0.01B,$-0.21B,-2110.00%,$0.01B,$-0.21B,-2110.00%,$-0.21B,$-0.10B,99.41%,$-0.21B,$-0.12B,95.26%,$-0.21B,$0.71B,-55.02%,$-0.14B,$0.34B,-54.96%,$7,$0,$7,$34,$14,$48,$-41,$-47,$-88,$0,$-88,$-88,$-88,$-34,$-41,$103,103,$-0.80,$-0.80,$489,$0,$0,$656,$2,$4,$14,$37,$56,$712,$133,$443,$1,$682,$815,$0,$-1391,$1,$-102,$712,$-212,$17,$53,$70,$-163,$0,$5,$309,$154,$12,$-0,$0,$0,$17,$0,$17,$0,$16,$164,$0,$164,$134,$134,$0,$-56,$242,$271,$10,$0
36,2009-09-30,6.75,$-1.68,-4.01,$0.03,192.92,$-3.85,0.0,$-1.76,0.0,$0.40B,$0.04B,9.09,$0.63B,$-0.20B,-3.14,$0.00B,$0.00B,100.00%,$0.00B,$-0.14B,-3550.00%,$0.00B,$-0.14B,-3550.00%,$0.00B,$-0.13B,-3200.00%,$0.00B,$-0.17B,-4275.00%,$0.00B,$-0.17B,-4275.00%,$-0.17B,$-0.20B,70.66%,$-0.17B,$-0.21B,68.74%,$-0.17B,$0.47B,-64.90%,$-0.14B,$0.43B,-66.59%,$1,$0,$1,$27,$5,$33,$-32,$-12,$-43,$0,$-43,$-43,$-43,$-27,$-32,$98,98,$-0.44,$-0.44,$398,$0,$0,$403,$2,$7,$15,$47,$70,$473,$44,$626,$2,$628,$672,$0,$-1303,$1,$-199,$473,$-123,$9,$17,$26,$0,$0,$-2,$3,$-9,$-106,$-0,$0,$0,$13,$0,$13,$0,$13,$204,$0,$204,$134,$134,$0,$-56,$282,$189,$8,$0
37,2009-06-30,3.29,$-2.97,-1.11,$0.04,89.17,$-3.94,0.0,$-1.80,0.0,$0.15B,$0.05B,3.22,$0.40B,$-0.29B,-1.38,$0.00B,$0.00B,100.00%,$0.00B,$-0.15B,-3750.00%,$0.00B,$-0.15B,-3750.00%,$0.00B,$-0.14B,-3450.00%,$0.00B,$-0.17B,-4325.00%,$0.00B,$-0.17B,-4325.00%,$-0.17B,$-0.29B,73.15%,$-0.17B,$-0.30B,71.86%,$-0.17B,$0.16B,-81.80%,$-0.15B,$0.11B,-93.31%,$1,$0,$1,$29,$4,$34,$-33,$-7,$-40,$0,$-40,$-40,$-40,$-30,$-33,$98,98,$-0.41,$-0.41,$140,$0,$0,$147,$2,$7,$3,$0,$12,$159,$46,$401,$4,$405,$450,$0,$-1259,$-0,$-291,$159,$-80,$5,$8,$13,$0,$0,$0,$3,$-5,$-72,$-0,$0,$0,$7,$0,$7,$0,$7,$0,$0,$0,$1,$1,$0,$0,$1,$-64,$6,$0
38,2009-03-31,2.34,$-2.64,-0.89,$0.04,64.91,$-4.02,0.0,$-1.93,0.0,$0.17B,$0.04B,3.93,$0.40B,$-0.26B,-1.55,$0.00B,$0.00B,100.00%,$0.00B,$-0.16B,-3950.00%,$0.00B,$-0.16B,-3950.00%,$0.00B,$-0.15B,-3625.00%,$0.00B,$-0.18B,-4475.00%,$0.00B,$-0.18B,-4475.00%,$-0.18B,$-0.26B,80.27%,$-0.18B,$-0.26B,78.59%,$-0.18B,$0.19B,-80.27%,$-0.16B,$0.14B,-91.99%,$1,$0,$1,$30,$5,$35,$-34,$-6,$-40,$0,$-40,$-40,$-40,$-32,$-34,$97,97,$-0.41,$-0.41,$158,$0,$0,$165,$2,$18,$4,$0,$24,$190,$42,$399,$6,$404,$446,$0,$-1219,$-2,$-257,$190,$-40,$3,$4,$6,$0,$0,$-1,$0,$-9,$-43,$-0,$0,$0,$3,$0,$3,$0,$3,$0,$0,$0,$0,$0,$0,$0,$0,$-40,$3,$0
39,2008-12-31,3.79,$-2.27,-1.67,$0.04,84.97,$-4.03,0.0,$-1.99,0.0,$0.21B,$0.05B,4.08,$0.40B,$-0.22B,-1.8,$0.00B,$0.00B,100.00%,$0.00B,$-0.16B,-4000.00%,$0.00B,$-0.16B,-4000.00%,$0.00B,$-0.15B,-3650.00%,$0.00B,$-0.18B,-4475.00%,$0.00B,$-0.18B,-4475.00%,$-0.18B,$-0.22B,86.06%,$-0.18B,$-0.23B,83.94%,$-0.18B,$0.23B,-76.25%,$-0.16B,$0.18B,-86.84%,$1,$0,$1,$38,$5,$44,$-43,$-6,$-48,$0,$-48,$-48,$-48,$-39,$-43,$90,90,$-0.50,$-0.50,$198,$0,$0,$205,$3,$20,$4,$0,$27,$232,$50,$396,$7,$403,$453,$0,$-1179,$-3,$-221,$232,$-179,$13,$15,$29,$1,$0,$8,$-0,$10,$-141,$-1,$0,$0,$107,$0,$107,$0,$106,$0,$0,$0,$105,$105,$0,$0,$105,$70,$15,$0
40,2008-09-30,7.65,$-1.83,-4.19,$0.15,51.0,$-3.56,0.0,$-1.75,0.0,$0.26B,$0.04B,6.3,$0.39B,$-0.18B,-2.22,$0.01B,$0.01B,100.00%,$0.01B,$-0.14B,-1107.69%,$0.01B,$-0.14B,-1107.69%,$0.01B,$-0.13B,-1007.69%,$0.01B,$-0.15B,-1176.92%,$0.01B,$-0.15B,-1176.92%,$-0.15B,$-0.18B,79.38%,$-0.15B,$-0.18B,77.08%,$-0.15B,$0.27B,-62.26%,$-0.14B,$0.22B,-73.00%,$1,$0,$1,$37,$4,$41,$-40,$-5,$-45,$0,$-45,$-45,$-45,$-37,$-40,$92,92,$-0.48,$-0.48,$250,$0,$0,$257,$3,$0,$5,$0,$8,$265,$41,$394,$8,$401,$442,$0,$-1131,$-3,$-177,$265,$-131,$10,$10,$20,$1,$0,$6,$-0,$2,$-109,$-0,$0,$0,$103,$0,$103,$0,$103,$0,$0,$0,$104,$104,$0,$0,$104,$99,$11,$0
41,2008-06-30,7.61,$-2.79,-2.73,$0.22,34.91,$-3.16,0.0,$-1.56,0.0,$0.19B,$0.04B,4.66,$0.39B,$-0.24B,-1.65,$0.02B,$0.02B,100.00%,$0.02B,$-0.13B,-657.89%,$0.02B,$-0.13B,-657.89%,$0.02B,$-0.11B,-589.47%,$0.02B,$-0.13B,-694.74%,$0.02B,$-0.13B,-694.74%,$-0.13B,$-0.24B,71.84%,$-0.13B,$-0.24B,69.38%,$-0.13B,$0.21B,-52.75%,$-0.13B,$0.15B,-61.80%,$1,$0,$1,$38,$4,$41,$-41,$-5,$-46,$0,$-46,$-46,$-46,$-37,$-41,$85,85,$-0.54,$-0.54,$186,$0,$0,$194,$3,$2,$6,$0,$11,$205,$42,$391,$9,$400,$442,$0,$-1086,$-2,$-237,$205,$-86,$7,$6,$13,$1,$0,$6,$-1,$3,$-70,$-0,$0,$0,$94,$0,$94,$0,$94,$0,$0,$0,$2,$2,$0,$0,$2,$26,$7,$0
42,2008-03-31,10.51,$-2.33,-4.51,$0.34,31.24,$-2.83,0.0,$-1.24,0.0,$0.23B,$0.03B,6.64,$0.39B,$-0.20B,-1.97,$0.03B,$0.03B,100.00%,$0.03B,$-0.10B,-344.83%,$0.03B,$-0.10B,-344.83%,$0.03B,$-0.09B,-303.45%,$0.03B,$-0.10B,-358.62%,$0.03B,$-0.10B,-358.62%,$-0.10B,$-0.20B,67.31%,$-0.10B,$-0.20B,64.50%,$-0.10B,$0.24B,-37.65%,$-0.10B,$0.19B,-43.91%,$1,$0,$1,$33,$4,$37,$-36,$-4,$-40,$0,$-40,$-40,$-40,$-33,$-36,$85,85,$-0.47,$-0.47,$219,$0,$0,$228,$4,$0,$6,$0,$9,$237,$34,$389,$11,$400,$434,$0,$-1041,$-2,$-197,$237,$-40,$3,$3,$7,$1,$0,$5,$-2,$-4,$-37,$-0,$0,$0,$91,$0,$91,$0,$91,$0,$0,$0,$1,$1,$0,$0,$1,$54,$3,$0
43,2007-12-31,10.05,$-1.89,-5.33,$0.41,24.55,$-2.69,0.0,$-1.03,0.0,$0.26B,$0.04B,7.23,$0.39B,$-0.16B,-2.42,$0.04B,$0.04B,100.00%,$0.04B,$-0.08B,-240.00%,$0.04B,$-0.08B,-240.00%,$0.04B,$-0.07B,-205.71%,$0.04B,$-0.09B,-245.71%,$0.04B,$-0.09B,-245.71%,$-0.09B,$-0.16B,65.52%,$-0.09B,$-0.17B,61.98%,$-0.09B,$0.28B,-28.83%,$-0.08B,$0.23B,-34.01%,$10,$0,$10,$33,$4,$37,$-27,$6,$-22,$0,$-22,$-22,$-22,$-24,$-27,$84,84,$-0.26,$-0.26,$256,$0,$0,$264,$4,$1,$6,$0,$11,$276,$37,$387,$12,$399,$435,$0,$-1000,$-1,$-160,$276,$-87,$13,$1,$14,$1,$0,$2,$-25,$-20,$-93,$-1,$0,$0,$172,$0,$172,$0,$170,$10,$0,$10,$2,$2,$0,$0,$12,$90,$10,$0
44,2007-09-30,7.15,$-1.68,-4.26,$0.38,18.93,$-2.20,0.0,$-1.01,0.0,$0.27B,$0.03B,8.16,$0.38B,$-0.14B,-2.67,$0.03B,$0.03B,100.00%,$0.03B,$-0.08B,-240.63%,$0.03B,$-0.08B,-240.63%,$0.03B,$-0.06B,-200.00%,$0.03B,$-0.09B,-265.63%,$0.03B,$-0.09B,-265.63%,$-0.09B,$-0.14B,75.56%,$-0.09B,$-0.15B,70.39%,$-0.09B,$0.28B,-26.75%,$-0.08B,$0.24B,-29.42%,$7,$0,$7,$25,$4,$28,$-21,$-3,$-24,$0,$-24,$-24,$-24,$-18,$-21,$84,84,$-0.29,$-0.29,$265,$0,$0,$271,$4,$1,$7,$0,$12,$283,$33,$378,$13,$391,$424,$0,$-979,$-0,$-141,$283,$-65,$10,$7,$17,$1,$0,$1,$-15,$-17,$-65,$-0,$0,$0,$141,$0,$141,$0,$141,$0,$0,$0,$1,$1,$0,$0,$1,$77,$7,$0
45,2007-06-30,6.0,$-1.42,-4.22,$0.38,15.59,$-1.76,0.0,$-0.91,0.0,$0.29B,$0.04B,7.55,$0.38B,$-0.12B,-3.14,$0.03B,$0.03B,100.00%,$0.03B,$-0.07B,-225.00%,$0.03B,$-0.07B,-225.00%,$0.03B,$-0.06B,-187.50%,$0.03B,$-0.08B,-240.63%,$0.03B,$-0.08B,-240.63%,$-0.08B,$-0.12B,82.13%,$-0.08B,$-0.13B,75.12%,$-0.08B,$0.31B,-21.20%,$-0.07B,$0.26B,-25.85%,$11,$0,$11,$23,$4,$27,$-16,$-2,$-18,$0,$-18,$-18,$-18,$-13,$-16,$84,84,$-0.22,$-0.22,$281,$0,$0,$288,$5,$8,$8,$0,$20,$309,$38,$375,$15,$390,$428,$0,$-954,$-0,$-120,$309,$-41,$6,$5,$11,$1,$0,$-1,$-10,$-12,$-41,$-0,$0,$0,$56,$0,$56,$0,$55,$0,$0,$0,$1,$1,$0,$0,$1,$15,$5,$0
46,2007-03-31,6.59,$-1.24,-5.3,$0.34,19.32,$-1.33,0.0,$-0.93,0.0,$0.30B,$0.04B,7.58,$0.37B,$-0.10B,-3.57,$0.03B,$0.03B,100.00%,$0.03B,$-0.08B,-267.86%,$0.03B,$-0.08B,-267.86%,$0.03B,$-0.07B,-232.14%,$0.03B,$-0.08B,-285.71%,$0.03B,$-0.08B,-285.71%,$-0.08B,$-0.10B,103.23%,$-0.08B,$-0.11B,91.95%,$-0.08B,$0.33B,-21.07%,$-0.08B,$0.27B,-28.30%,$7,$0,$7,$24,$4,$28,$-20,$-2,$-22,$0,$-22,$-22,$-22,$-17,$-20,$84,84,$-0.26,$-0.26,$294,$0,$0,$300,$5,$11,$8,$0,$25,$325,$40,$373,$17,$390,$429,$0,$-936,$-0,$-104,$325,$-22,$3,$2,$6,$1,$0,$-1,$-4,$-9,$-25,$-0,$0,$0,$27,$0,$27,$0,$27,$0,$0,$0,$0,$0,$0,$0,$0,$1,$2,$0
47,2006-12-31,5.84,$-1.01,-5.78,$0.33,17.7,$-0.85,0.0,$-0.88,0.0,$0.33B,$0.05B,6.64,$0.37B,$-0.09B,-4.37,$0.03B,$0.03B,100.00%,$0.03B,$-0.08B,-285.19%,$0.03B,$-0.08B,-285.19%,$0.03B,$-0.07B,-255.56%,$0.03B,$-0.08B,-277.78%,$0.03B,$-0.08B,-277.78%,$-0.08B,$-0.09B,122.95%,$-0.08B,$-0.09B,106.01%,$-0.08B,$0.35B,-18.83%,$-0.08B,$0.29B,-30.50%,$7,$0,$7,$24,$3,$27,$-20,$-1,$-21,$0,$-21,$-21,$-21,$-16,$-20,$84,84,$-0.25,$-0.25,$319,$0,$0,$328,$6,$11,$9,$0,$26,$354,$49,$371,$18,$389,$439,$0,$-914,$-0,$-85,$354,$-74,$7,$3,$11,$-1,$0,$2,$20,$13,$-50,$-2,$0,$0,$28,$0,$28,$0,$26,$30,$0,$30,$1,$1,$0,$0,$32,$7,$0,$0
