,Date,Stock Price,Book Value per Share,Price to Book Ratio,TTM Sales per Share,Price to Sales Ratio,TTM FCF per Share,Price to FCF Ratio,TTM Net EPS,PE Ratio,Current Assets,Current Liabilities,Current Ratio,Long Term Debt,Shareholder's Equity_x,Debt to Equity Ratio,TTM Revenue_x,TTM Gross Profit,Gross Margin,TTM Revenue_y,TTM Operating Income,Operating Margin,TTM Revenue_x,TTM EBIT,EBIT Margin,TTM Revenue_y,TTM EBITDA,EBITDA Margin,TTM Revenue_x,TTM Pre-Tax Income,Pre-Tax Margin,TTM Revenue_y,TTM Net Income_x,Net Margin,TTM Net Income_y,Shareholder's Equity_y,Return on Equity,TTM Net Income_x,Tangible Equity,Return on Tangible Equity,TTM Net Income_y,Total Assets,Return on Assets,TTM Net Income,LT Investments & Debt,Return on Investment,revenue,cost-goods-sold,gross-profit,research-development-expenses,selling-general-administrative-expenses,operating-expenses,operating-income,total-non-operating-income-expense,pre-tax-income,total-provision-income-taxes,income-after-taxes,income-from-continuous-operations,net-income,ebitda,ebit,basic-shares-outstanding,shares-outstanding,eps-basic-net-earnings-per-share,eps-earnings-per-share-diluted,cash-on-hand,inventory,other-current-assets,total-current-assets,net-property-plant-equipment,long-term-investments,goodwill-intangible-assets-total,other-long-term-assets,total-long-term-assets,total-assets,total-current-liabilities,long-term-debt,other-non-current-liabilities,total-long-term-liabilities,total-liabilities,common-stock-net,retained-earnings-accumulated-deficit,comprehensive-income,total-share-holder-equity,total-liabilities-share-holders-equity,net-income-loss,total-depreciation-amortization-cash-flow,other-non-cash-items,total-non-cash-items,change-in-accounts-receivable,change-in-inventories,change-in-accounts-payable,change-in-assets-liabilities,total-change-in-assets-liabilities,cash-flow-from-operating-activities,net-change-in-property-plant-equipment,net-change-in-intangible-assets,net-acquisitions-divestitures,net-change-in-short-term-investments,net-change-in-long-term-investments,net-change-in-investments-total,investing-activities-other,cash-flow-from-investing-activities,net-long-term-debt,net-current-debt,debt-issuance-retirement-net-total,net-common-equity-issued-repurchased,net-total-equity-issued-repurchased,total-common-preferred-stock-dividends-paid,financial-activities-other,cash-flow-from-financial-activities,net-cash-flow,stock-based-compensation,common-stock-dividends-paid
0,2018-09-30,7.3,$4.57,1.6,$5.35,1.37,$-1.23,0.0,$-1.02,0.0,$0.86B,$0.22B,3.92,$0.26B,$0.70B,0.37,$0.81B,$0.28B,35.07%,$0.81B,$-0.14B,-17.72%,$0.81B,$-0.14B,-17.72%,$0.81B,$-0.06B,-7.93%,$0.81B,$-0.16B,-19.33%,$0.81B,$-0.16B,-19.21%,$-0.16B,$0.70B,-23.16%,$-0.16B,$0.46B,-38.37%,$-0.16B,$1.25B,-13.97%,$-0.14B,$0.97B,-19.46%,$200,$130,$70,$51,$44,$226,$-25,$-7,$-32,$0,$-33,$-33,$-33,$-6,$-25,$153,153,$-0.21,$-0.21,$447,$212,$0,$856,$132,$1,$247,$11,$391,$1247,$219,$263,$31,$325,$543,$0,$-824,$-20,$704,$1247,$-81,$57,$38,$95,$-28,$-1,$26,$-8,$-42,$-28,$-27,$0,$0,$0,$149,$149,$0,$122,$241,$0,$241,$18,$18,$0,$-50,$209,$301,$34,$0
1,2018-06-30,9.93,$4.17,2.38,$5.33,1.86,$-1.35,0.0,$-1.06,0.0,$0.54B,$0.24B,2.22,$0.00B,$0.64B,0.0,$0.80B,$0.28B,35.13%,$0.80B,$-0.15B,-19.00%,$0.80B,$-0.15B,-19.00%,$0.80B,$-0.07B,-9.13%,$0.80B,$-0.16B,-20.13%,$0.80B,$-0.16B,-19.88%,$-0.16B,$0.64B,-23.51%,$-0.16B,$0.39B,-39.90%,$-0.16B,$0.94B,-14.51%,$-0.15B,$0.64B,-22.48%,$208,$124,$84,$56,$48,$230,$-22,$-0,$-22,$-0,$-22,$-22,$-22,$-3,$-22,$152,152,$-0.14,$-0.14,$122,$219,$0,$536,$137,$7,$251,$11,$405,$941,$241,$0,$31,$62,$304,$0,$-791,$-22,$637,$941,$-48,$38,$23,$61,$-22,$-9,$24,$1,$-20,$-7,$-22,$0,$0,$0,$118,$118,$0,$97,$-150,$0,$-150,$11,$11,$0,$-1,$-140,$-52,$23,$0
2,2018-03-31,10.86,$4.44,2.45,$5.17,2.1,$-1.43,0.0,$-1.21,0.0,$0.69B,$0.40B,1.73,$0.00B,$0.67B,0.0,$0.77B,$0.26B,34.07%,$0.77B,$-0.17B,-22.24%,$0.77B,$-0.17B,-22.24%,$0.77B,$-0.09B,-11.83%,$0.77B,$-0.18B,-23.67%,$0.77B,$-0.18B,-23.41%,$-0.18B,$0.67B,-25.66%,$-0.18B,$0.40B,-43.56%,$-0.18B,$1.13B,-15.53%,$-0.17B,$0.67B,-24.38%,$203,$121,$82,$59,$48,$227,$-25,$-2,$-27,$-1,$-26,$-26,$-26,$-5,$-25,$150,150,$-0.17,$-0.17,$264,$216,$0,$686,$135,$23,$277,$11,$447,$1133,$397,$0,$32,$64,$461,$0,$-769,$1,$671,$1133,$-26,$20,$11,$31,$-31,$-2,$19,$1,$-19,$-14,$-8,$0,$0,$0,$47,$47,$0,$39,$0,$0,$0,$11,$11,$0,$-0,$11,$36,$11,$0
3,2017-12-31,6.33,$4.45,1.42,$5.02,1.26,$-1.37,0.0,$-1.32,0.0,$0.65B,$0.38B,1.73,$0.00B,$0.67B,0.0,$0.74B,$0.24B,32.88%,$0.74B,$-0.18B,-24.80%,$0.74B,$-0.18B,-24.80%,$0.74B,$-0.11B,-14.15%,$0.74B,$-0.20B,-26.42%,$0.74B,$-0.19B,-26.15%,$-0.19B,$0.67B,-26.91%,$-0.19B,$0.38B,-45.04%,$-0.19B,$1.12B,-16.57%,$-0.18B,$0.67B,-24.37%,$196,$149,$47,$55,$46,$266,$-71,$-4,$-75,$-1,$-74,$-74,$-74,$-50,$-71,$148,148,$-0.50,$-0.50,$264,$215,$0,$648,$136,$36,$288,$10,$470,$1118,$375,$0,$34,$78,$452,$0,$-758,$6,$665,$1118,$-195,$78,$77,$155,$26,$3,$-5,$8,$18,$-22,$-58,$0,$0,$0,$3,$3,$4,$-51,$0,$0,$0,$18,$18,$0,$4,$22,$-46,$46,$0
4,2017-09-30,8.87,$4.90,1.81,$4.96,1.79,$-0.86,0.0,$-1.07,0.0,$0.69B,$0.38B,1.8,$0.00B,$0.73B,0.0,$0.73B,$0.27B,36.59%,$0.73B,$-0.16B,-21.87%,$0.73B,$-0.16B,-21.87%,$0.73B,$-0.07B,-9.77%,$0.73B,$-0.16B,-22.15%,$0.73B,$-0.16B,-21.46%,$-0.16B,$0.73B,-20.93%,$-0.16B,$0.44B,-34.25%,$-0.16B,$1.19B,-13.10%,$-0.16B,$0.73B,-19.56%,$193,$125,$68,$57,$45,$227,$-34,$-3,$-37,$0,$-37,$-37,$-37,$-15,$-34,$149,149,$-0.25,$-0.25,$257,$243,$0,$687,$143,$55,$297,$9,$504,$1191,$382,$0,$32,$78,$459,$0,$-684,$9,$732,$1191,$-121,$58,$36,$94,$15,$-10,$26,$-7,$6,$-21,$-50,$0,$0,$0,$0,$0,$0,$-50,$0,$0,$0,$18,$18,$0,$-1,$17,$-50,$35,$0
5,2017-06-30,10.67,$4.98,2.14,$4.96,2.15,$-0.31,0.0,$-0.90,0.0,$0.67B,$0.37B,1.8,$0.00B,$0.74B,0.0,$0.72B,$0.28B,39.36%,$0.72B,$-0.14B,-18.92%,$0.72B,$-0.14B,-18.92%,$0.72B,$-0.05B,-6.68%,$0.72B,$-0.14B,-19.19%,$0.72B,$-0.13B,-18.08%,$-0.13B,$0.74B,-17.01%,$-0.13B,$0.45B,-27.76%,$-0.13B,$1.19B,-10.82%,$-0.14B,$0.74B,-15.73%,$177,$112,$65,$57,$48,$217,$-41,$-3,$-43,$-1,$-43,$-43,$-43,$-21,$-41,$148,148,$-0.29,$-0.29,$259,$246,$0,$672,$142,$76,$293,$9,$521,$1193,$374,$0,$33,$81,$455,$0,$-647,$-4,$738,$1193,$-83,$38,$24,$62,$28,$-13,$17,$2,$21,$-0,$-39,$0,$0,$0,$-25,$-25,$0,$-64,$0,$0,$0,$11,$11,$0,$-1,$10,$-51,$23,$0
6,2017-03-31,10.23,$5.11,2.0,$5.53,1.85,$0.06,169.09,$-0.53,0.0,$0.67B,$0.21B,3.25,$0.14B,$0.75B,0.18,$0.80B,$0.34B,42.70%,$0.80B,$-0.08B,-9.86%,$0.80B,$-0.08B,-9.86%,$0.80B,$0.01B,0.87%,$0.80B,$-0.08B,-10.24%,$0.80B,$-0.08B,-9.49%,$-0.08B,$0.75B,-9.68%,$-0.08B,$0.47B,-15.85%,$-0.08B,$1.18B,-6.22%,$-0.08B,$0.89B,-8.61%,$176,$111,$64,$55,$47,$213,$-38,$-3,$-41,$-0,$-40,$-40,$-40,$-19,$-38,$146,146,$-0.28,$-0.28,$273,$234,$0,$671,$129,$88,$283,$9,$509,$1180,$206,$136,$40,$225,$432,$0,$-604,$-22,$749,$1180,$-40,$19,$11,$30,$26,$-0,$-3,$7,$14,$3,$-15,$0,$0,$0,$-38,$-38,$0,$-52,$0,$0,$0,$10,$10,$0,$-1,$9,$-39,$11,$0
7,2016-12-31,8.49,$5.26,1.62,$6.00,1.42,$0.13,62.94,$-0.17,0.0,$0.73B,$0.22B,3.37,$0.13B,$0.76B,0.18,$0.87B,$0.39B,45.29%,$0.87B,$-0.03B,-2.99%,$0.87B,$-0.03B,-2.99%,$0.87B,$0.06B,6.67%,$0.87B,$-0.03B,-3.33%,$0.87B,$-0.02B,-2.76%,$-0.02B,$0.76B,-3.00%,$-0.02B,$0.48B,-5.02%,$-0.02B,$1.20B,-1.94%,$-0.03B,$0.90B,-2.80%,$181,$112,$69,$68,$47,$227,$-46,$6,$-40,$-4,$-36,$-36,$-36,$-16,$-46,$143,143,$-0.26,$-0.25,$313,$233,$0,$730,$125,$48,$285,$10,$468,$1199,$217,$134,$41,$220,$436,$0,$-564,$-28,$762,$1199,$-24,$84,$32,$116,$34,$-64,$-28,$16,$-54,$38,$-43,$0,$0,$0,$35,$35,$-4,$-12,$0,$0,$0,$18,$18,$0,$-27,$-9,$14,$41,$0
8,2016-09-30,9.03,$5.59,1.61,$6.55,1.38,$0.81,11.2,$0.16,56.44,$0.69B,$0.21B,3.35,$0.13B,$0.81B,0.16,$0.95B,$0.44B,46.47%,$0.95B,$0.03B,3.58%,$0.95B,$0.03B,3.58%,$0.95B,$0.10B,10.96%,$0.95B,$0.02B,2.42%,$0.95B,$0.03B,2.63%,$0.03B,$0.81B,3.11%,$0.03B,$0.49B,5.36%,$0.03B,$1.24B,2.01%,$0.03B,$0.94B,3.65%,$185,$101,$85,$51,$45,$196,$-11,$-3,$-14,$-2,$-11,$-11,$-11,$8,$-11,$144,144,$-0.08,$-0.08,$277,$232,$0,$692,$120,$92,$322,$11,$545,$1236,$207,$131,$41,$222,$428,$0,$-527,$-6,$808,$1236,$12,$54,$29,$84,$33,$-61,$-14,$-2,$-52,$43,$-33,$0,$0,$0,$-12,$-12,$-5,$-50,$0,$0,$0,$16,$16,$0,$-26,$-10,$-18,$29,$0
9,2016-06-30,11.28,$5.74,1.96,$6.86,1.65,$1.29,8.76,$0.30,37.6,$0.71B,$0.23B,3.12,$0.13B,$0.82B,0.16,$1.00B,$0.46B,46.08%,$1.00B,$0.06B,5.92%,$1.00B,$0.06B,5.92%,$1.00B,$0.12B,12.25%,$1.00B,$0.05B,4.52%,$1.00B,$0.05B,4.52%,$0.05B,$0.82B,5.70%,$0.05B,$0.49B,10.11%,$0.05B,$1.27B,3.67%,$0.06B,$0.95B,6.45%,$259,$135,$124,$60,$48,$243,$16,$-3,$13,$1,$11,$11,$11,$34,$16,$142,146,$0.08,$0.08,$283,$202,$0,$708,$120,$102,$332,$10,$564,$1272,$227,$128,$41,$223,$450,$0,$-516,$-2,$822,$1272,$23,$36,$19,$55,$-7,$-31,$-7,$10,$-40,$38,$-23,$0,$0,$0,$-5,$-5,$-0,$-29,$0,$0,$0,$9,$9,$0,$-28,$-19,$-11,$19,$0
10,2016-03-31,16.06,$5.70,2.82,$6.56,2.45,$1.60,10.01,$0.35,45.89,$0.68B,$0.22B,3.13,$0.13B,$0.81B,0.16,$0.94B,$0.43B,45.76%,$0.94B,$0.06B,6.36%,$0.94B,$0.06B,6.36%,$0.94B,$0.11B,12.08%,$0.94B,$0.05B,5.40%,$0.94B,$0.05B,5.51%,$0.05B,$0.81B,7.23%,$0.05B,$0.46B,11.36%,$0.05B,$1.24B,4.63%,$0.06B,$0.93B,7.12%,$245,$128,$116,$54,$47,$230,$15,$-3,$12,$0,$12,$12,$12,$32,$15,$141,147,$0.09,$0.08,$275,$190,$0,$679,$115,$95,$345,$9,$565,$1243,$217,$126,$41,$220,$437,$0,$-527,$5,$806,$1243,$12,$18,$8,$26,$2,$-16,$-9,$10,$-27,$10,$-11,$0,$0,$0,$26,$26,$-0,$15,$0,$0,$0,$8,$8,$0,$-2,$5,$31,$8,$0
11,2015-12-31,18.12,$5.54,3.27,$6.25,2.9,$1.70,10.66,$0.36,50.33,$0.67B,$0.24B,2.81,$0.12B,$0.78B,0.16,$0.89B,$0.40B,45.60%,$0.89B,$0.06B,6.77%,$0.89B,$0.06B,6.77%,$0.89B,$0.11B,12.08%,$0.89B,$0.05B,5.87%,$0.89B,$0.05B,5.87%,$0.05B,$0.78B,8.07%,$0.05B,$0.43B,11.08%,$0.05B,$1.22B,5.11%,$0.06B,$0.90B,7.83%,$260,$144,$116,$53,$49,$246,$14,$-2,$12,$-0,$12,$12,$13,$30,$14,$133,143,$0.09,$0.08,$275,$175,$0,$665,$111,$91,$348,$9,$559,$1224,$237,$123,$37,$210,$447,$0,$-539,$1,$777,$1224,$51,$48,$32,$80,$-16,$-17,$19,$8,$2,$133,$-42,$0,$-144,$0,$94,$94,$1,$-91,$0,$0,$0,$25,$25,$0,$-4,$21,$63,$33,$0
12,2015-09-30,19.55,$5.39,3.63,$5.88,3.32,$1.16,16.8,$0.34,57.5,$0.63B,$0.20B,3.23,$0.12B,$0.75B,0.16,$0.81B,$0.37B,45.81%,$0.81B,$0.06B,7.27%,$0.81B,$0.06B,7.27%,$0.81B,$0.10B,12.32%,$0.81B,$0.05B,6.16%,$0.81B,$0.05B,5.79%,$0.05B,$0.75B,8.23%,$0.05B,$0.40B,9.74%,$0.05B,$1.16B,5.13%,$0.06B,$0.88B,8.54%,$232,$130,$103,$45,$43,$218,$14,$-6,$8,$-0,$9,$9,$9,$26,$14,$135,145,$0.06,$0.06,$287,$170,$0,$631,$99,$66,$352,$12,$529,$1160,$195,$123,$33,$211,$407,$0,$-552,$0,$753,$1160,$39,$31,$23,$55,$29,$-9,$-2,$-5,$14,$107,$-27,$0,$-144,$67,$52,$119,$1,$-51,$0,$0,$0,$23,$23,$0,$-5,$18,$75,$24,$0
13,2015-06-30,20.98,$4.12,5.1,$5.63,3.73,$0.63,33.25,$0.32,65.56,$0.69B,$0.15B,4.54,$0.12B,$0.54B,0.22,$0.75B,$0.34B,45.62%,$0.75B,$0.05B,6.90%,$0.75B,$0.05B,6.90%,$0.75B,$0.09B,12.07%,$0.75B,$0.05B,6.23%,$0.75B,$0.04B,5.70%,$0.04B,$0.54B,8.63%,$0.04B,$0.54B,8.63%,$0.04B,$0.86B,5.27%,$0.05B,$0.66B,8.44%,$207,$111,$97,$43,$37,$191,$17,$2,$19,$1,$18,$18,$18,$26,$17,$130,141,$0.14,$0.13,$397,$157,$0,$693,$87,$72,$0,$11,$170,$864,$153,$121,$37,$171,$324,$0,$-561,$-4,$540,$864,$30,$19,$11,$30,$45,$-13,$-24,$3,$15,$75,$-16,$0,$0,$0,$41,$41,$0,$25,$0,$0,$0,$16,$16,$0,$-5,$12,$112,$15,$0
14,2015-03-31,19.67,$3.93,5.0,$5.46,3.6,$0.09,210.37,$0.23,85.52,$0.65B,$0.15B,4.28,$0.12B,$0.51B,0.23,$0.71B,$0.32B,44.52%,$0.71B,$0.04B,6.04%,$0.71B,$0.04B,6.04%,$0.71B,$0.08B,11.66%,$0.71B,$0.03B,4.63%,$0.71B,$0.03B,4.21%,$0.03B,$0.51B,6.35%,$0.03B,$0.51B,6.35%,$0.03B,$0.82B,3.84%,$0.04B,$0.63B,7.30%,$187,$99,$88,$39,$34,$172,$15,$-2,$13,$1,$12,$12,$12,$25,$15,$128,137,$0.10,$0.09,$334,$157,$0,$645,$83,$84,$0,$11,$178,$823,$151,$119,$33,$164,$315,$0,$-578,$-5,$508,$823,$12,$10,$7,$17,$23,$-12,$-10,$4,$-9,$20,$-7,$0,$0,$0,$13,$13,$0,$6,$0,$0,$0,$10,$10,$0,$-4,$6,$32,$7,$0
15,2014-12-31,14.72,$3.82,3.85,$5.28,2.79,$-0.17,0.0,$0.10,147.2,$0.65B,$0.17B,3.74,$0.12B,$0.48B,0.24,$0.67B,$0.29B,42.96%,$0.67B,$0.03B,4.04%,$0.67B,$0.03B,4.04%,$0.67B,$0.07B,9.88%,$0.67B,$0.02B,2.40%,$0.67B,$0.01B,2.10%,$0.01B,$0.48B,3.10%,$0.01B,$0.48B,3.10%,$0.01B,$0.82B,1.87%,$0.03B,$0.60B,4.77%,$186,$102,$84,$37,$34,$173,$13,$-3,$10,$2,$8,$8,$8,$23,$13,$124,129,$0.07,$0.07,$326,$147,$0,$652,$82,$74,$0,$11,$166,$818,$174,$117,$32,$162,$336,$0,$-591,$-5,$482,$818,$14,$38,$28,$66,$-54,$-25,$19,$0,$-44,$36,$-23,$0,$0,$0,$-71,$-71,$-2,$-96,$0,$0,$0,$25,$25,$0,$-2,$23,$-38,$28,$0
16,2014-09-30,10.67,$3.69,2.89,$5.01,2.13,$-0.15,0.0,$-0.04,0.0,$0.61B,$0.14B,4.28,$0.12B,$0.46B,0.25,$0.62B,$0.26B,41.71%,$0.62B,$0.01B,1.13%,$0.62B,$0.01B,1.13%,$0.62B,$0.05B,7.25%,$0.62B,$-0.00B,-0.64%,$0.62B,$-0.00B,-0.64%,$-0.00B,$0.46B,-0.92%,$-0.00B,$0.46B,-0.92%,$-0.00B,$0.76B,-0.56%,$0.01B,$0.58B,1.28%,$174,$98,$75,$35,$33,$166,$7,$-2,$5,$0,$5,$5,$5,$17,$7,$124,129,$0.04,$0.04,$318,$131,$0,$606,$75,$70,$0,$10,$155,$761,$142,$115,$34,$157,$299,$0,$-599,$-4,$462,$761,$5,$28,$21,$49,$-35,$-9,$11,$-9,$-37,$17,$-14,$0,$0,$0,$-34,$-34,$-0,$-48,$0,$0,$0,$20,$20,$0,$-2,$18,$-13,$21,$0
17,2014-06-30,9.2,$3.55,2.59,$4.81,1.91,$-0.21,0.0,$-0.05,0.0,$0.59B,$0.13B,4.58,$0.11B,$0.44B,0.26,$0.59B,$0.25B,42.78%,$0.59B,$0.01B,1.02%,$0.59B,$0.01B,1.02%,$0.59B,$0.04B,7.30%,$0.59B,$-0.01B,-0.85%,$0.59B,$-0.01B,-1.02%,$-0.01B,$0.44B,-1.41%,$-0.01B,$0.44B,-1.41%,$-0.01B,$0.72B,-0.86%,$0.01B,$0.55B,1.12%,$165,$95,$70,$32,$30,$157,$8,$-3,$5,$1,$5,$5,$5,$18,$8,$123,127,$0.04,$0.04,$314,$131,$0,$586,$77,$46,$0,$10,$133,$719,$128,$113,$32,$151,$279,$0,$-604,$-3,$439,$719,$0,$19,$13,$32,$-20,$-8,$-6,$-5,$-38,$-5,$-10,$0,$0,$0,$-32,$-32,$-0,$-43,$0,$0,$0,$8,$8,$0,$-2,$7,$-41,$13,$0
18,2014-03-31,9.08,$3.48,2.61,$4.68,1.94,$-0.20,0.0,$-0.18,0.0,$0.57B,$0.13B,4.52,$0.11B,$0.43B,0.26,$0.56B,$0.23B,41.64%,$0.56B,$-0.01B,-1.96%,$0.56B,$-0.01B,-1.96%,$0.56B,$0.02B,4.09%,$0.56B,$-0.02B,-3.38%,$0.56B,$-0.02B,-3.74%,$-0.02B,$0.43B,-5.05%,$-0.02B,$0.43B,-5.05%,$-0.02B,$0.70B,-3.08%,$-0.01B,$0.54B,-2.10%,$143,$84,$58,$29,$30,$144,$-1,$-3,$-4,$0,$-4,$-4,$-4,$8,$-1,$121,121,$-0.04,$-0.04,$312,$126,$0,$566,$79,$42,$0,$10,$131,$697,$125,$111,$30,$146,$271,$0,$-609,$-3,$426,$697,$-4,$9,$7,$16,$-7,$-3,$-2,$-5,$-27,$-15,$-6,$0,$0,$0,$-23,$-23,$-0,$-29,$0,$0,$0,$7,$7,$0,$-2,$5,$-39,$7,$0
19,2013-12-31,9.78,$3.49,2.81,$4.60,2.13,$-0.25,0.0,$-0.27,0.0,$0.54B,$0.14B,3.83,$0.11B,$0.42B,0.26,$0.54B,$0.22B,40.26%,$0.54B,$-0.03B,-4.60%,$0.54B,$-0.03B,-4.60%,$0.54B,$0.01B,1.29%,$0.54B,$-0.03B,-5.51%,$0.54B,$-0.03B,-5.88%,$-0.03B,$0.42B,-8.06%,$-0.03B,$0.42B,-8.06%,$-0.03B,$0.70B,-5.04%,$-0.03B,$0.53B,-5.24%,$139,$83,$56,$31,$32,$146,$-7,$-3,$-10,$0,$-10,$-10,$-10,$2,$-7,$117,117,$-0.08,$-0.08,$297,$124,$0,$539,$80,$73,$0,$9,$162,$701,$141,$109,$28,$142,$283,$0,$-604,$-3,$418,$701,$-32,$31,$32,$62,$6,$-3,$-20,$4,$5,$35,$-21,$0,$0,$0,$-160,$-160,$-0,$-181,$144,$0,$144,$23,$23,$0,$-2,$166,$20,$32,$0
20,2013-09-30,11.32,$3.50,3.23,$4.57,2.48,$-1.05,0.0,$-0.33,0.0,$0.52B,$0.11B,4.6,$0.11B,$0.42B,0.26,$0.53B,$0.21B,38.65%,$0.53B,$-0.03B,-6.38%,$0.53B,$-0.03B,-6.38%,$0.53B,$-0.00B,-0.75%,$0.53B,$-0.04B,-6.57%,$0.53B,$-0.04B,-7.13%,$-0.04B,$0.42B,-9.96%,$-0.04B,$0.42B,-9.96%,$-0.04B,$0.67B,-6.42%,$-0.03B,$0.53B,-7.82%,$142,$74,$68,$33,$29,$136,$6,$-3,$4,$0,$3,$3,$3,$15,$6,$119,125,$0.03,$0.03,$289,$124,$0,$521,$79,$62,$0,$9,$150,$671,$113,$107,$28,$139,$252,$0,$-594,$-3,$419,$671,$-22,$22,$24,$46,$20,$-4,$-31,$-8,$-14,$9,$-14,$0,$0,$0,$-127,$-127,$0,$-140,$144,$0,$144,$22,$22,$0,$-2,$164,$33,$24,$0
21,2013-06-30,10.67,$3.38,3.15,$4.44,2.41,$-1.73,0.0,$-0.53,0.0,$0.54B,$0.12B,4.51,$0.11B,$0.40B,0.27,$0.50B,$0.18B,35.79%,$0.50B,$-0.06B,-11.53%,$0.50B,$-0.06B,-11.53%,$0.50B,$-0.03B,-6.16%,$0.50B,$-0.06B,-11.53%,$0.50B,$-0.06B,-11.93%,$-0.06B,$0.40B,-16.33%,$-0.06B,$0.40B,-16.33%,$-0.06B,$0.66B,-10.93%,$-0.06B,$0.51B,-14.72%,$138,$87,$52,$32,$29,$147,$-9,$-1,$-9,$1,$-10,$-10,$-10,$-2,$-9,$117,117,$-0.09,$-0.09,$302,$121,$0,$536,$78,$32,$0,$9,$120,$656,$119,$106,$30,$138,$257,$0,$-598,$-3,$399,$656,$-25,$14,$16,$30,$10,$1,$-24,$2,$-8,$-3,$-9,$0,$0,$0,$-65,$-65,$-0,$-75,$144,$0,$144,$12,$12,$0,$-1,$155,$77,$16,$0
22,2013-03-31,7.0,$3.05,2.3,$4.10,1.71,$-2.06,0.0,$-0.71,0.0,$0.42B,$0.13B,3.22,$0.00B,$0.35B,0.0,$0.46B,$0.16B,34.93%,$0.46B,$-0.08B,-17.03%,$0.46B,$-0.08B,-17.03%,$0.46B,$-0.05B,-11.35%,$0.46B,$-0.08B,-17.03%,$0.46B,$-0.08B,-17.47%,$-0.08B,$0.35B,-22.28%,$-0.08B,$0.35B,-22.28%,$-0.08B,$0.51B,-15.76%,$-0.08B,$0.35B,-21.73%,$125,$82,$43,$30,$28,$140,$-15,$-0,$-15,$0,$-15,$-15,$-15,$-8,$-15,$114,114,$-0.13,$-0.13,$161,$131,$0,$418,$77,$9,$0,$6,$93,$511,$130,$0,$26,$29,$158,$0,$-588,$-3,$352,$511,$-15,$7,$8,$14,$-5,$-5,$-8,$4,$-20,$-21,$-5,$0,$0,$0,$17,$17,$0,$12,$0,$0,$0,$6,$6,$0,$-1,$4,$-6,$8,$0
23,2012-12-31,5.81,$3.17,1.83,$3.97,1.46,$-2.01,0.0,$-0.77,0.0,$0.43B,$0.14B,2.98,$0.00B,$0.36B,0.0,$0.44B,$0.16B,35.84%,$0.44B,$-0.08B,-18.95%,$0.44B,$-0.08B,-18.95%,$0.44B,$-0.06B,-13.24%,$0.44B,$-0.08B,-18.95%,$0.44B,$-0.09B,-19.63%,$-0.09B,$0.36B,-23.43%,$-0.09B,$0.36B,-23.43%,$-0.09B,$0.53B,-16.89%,$-0.08B,$0.36B,-22.62%,$128,$85,$43,$27,$32,$144,$-16,$0,$-15,$1,$-16,$-16,$-16,$-9,$-16,$111,111,$-0.14,$-0.14,$181,$128,$0,$429,$80,$12,$0,$6,$99,$528,$144,$0,$25,$28,$172,$0,$-572,$-2,$356,$528,$-85,$26,$41,$67,$-27,$-41,$15,$10,$-31,$-49,$-25,$0,$0,$0,$75,$75,$-1,$49,$0,$0,$0,$12,$12,$0,$-1,$11,$10,$42,$0
24,2012-09-30,5.48,$3.23,1.69,$3.88,1.41,$-1.72,0.0,$-0.81,0.0,$0.40B,$0.11B,3.53,$0.00B,$0.36B,0.0,$0.42B,$0.16B,37.68%,$0.42B,$-0.09B,-20.38%,$0.42B,$-0.09B,-20.38%,$0.42B,$-0.06B,-14.69%,$0.42B,$-0.09B,-20.62%,$0.42B,$-0.09B,-21.09%,$-0.09B,$0.36B,-23.73%,$-0.09B,$0.36B,-23.73%,$-0.09B,$0.50B,-17.44%,$-0.09B,$0.36B,-22.93%,$112,$71,$42,$28,$32,$130,$-18,$-0,$-19,$0,$-19,$-19,$-19,$-12,$-18,$112,112,$-0.17,$-0.17,$169,$118,$0,$396,$79,$19,$0,$5,$105,$501,$112,$0,$24,$26,$139,$0,$-556,$-2,$363,$501,$-69,$19,$31,$50,$-13,$-29,$-1,$-2,$-39,$-58,$-22,$0,$0,$0,$52,$52,$-1,$29,$0,$0,$0,$10,$10,$0,$0,$10,$-18,$32,$0
25,2012-06-30,6.84,$3.30,2.08,$3.85,1.78,$-1.19,0.0,$-0.85,0.0,$0.38B,$0.10B,3.76,$0.00B,$0.37B,0.0,$0.41B,$0.16B,38.16%,$0.41B,$-0.09B,-21.74%,$0.41B,$-0.09B,-21.74%,$0.41B,$-0.07B,-15.94%,$0.41B,$-0.09B,-21.50%,$0.41B,$-0.09B,-22.22%,$-0.09B,$0.37B,-24.02%,$-0.09B,$0.37B,-24.02%,$-0.09B,$0.49B,-17.86%,$-0.09B,$0.37B,-23.50%,$93,$61,$32,$32,$30,$123,$-29,$0,$-29,$1,$-30,$-30,$-30,$-23,$-29,$110,110,$-0.27,$-0.27,$190,$115,$0,$376,$82,$26,$0,$5,$115,$491,$100,$0,$23,$26,$125,$0,$-537,$-3,$365,$491,$-50,$12,$20,$32,$24,$-25,$-9,$0,$-11,$-29,$-20,$0,$0,$0,$33,$33,$-0,$13,$0,$0,$0,$6,$6,$0,$0,$6,$-9,$20,$0
26,2012-03-31,8.12,$3.51,2.32,$3.92,2.07,$-0.92,0.0,$-0.81,0.0,$0.39B,$0.11B,3.57,$0.00B,$0.38B,0.0,$0.42B,$0.16B,39.09%,$0.42B,$-0.09B,-20.38%,$0.42B,$-0.09B,-20.38%,$0.42B,$-0.06B,-14.87%,$0.42B,$-0.08B,-20.14%,$0.42B,$-0.09B,-20.62%,$-0.09B,$0.38B,-21.95%,$-0.09B,$0.38B,-21.95%,$-0.09B,$0.52B,-16.43%,$-0.09B,$0.38B,-21.70%,$105,$64,$40,$31,$29,$125,$-20,$-0,$-20,$1,$-21,$-21,$-21,$-14,$-20,$109,109,$-0.19,$-0.19,$204,$102,$0,$386,$82,$42,$0,$6,$131,$517,$108,$0,$22,$25,$133,$0,$-508,$-2,$384,$517,$-21,$6,$9,$16,$16,$-12,$-7,$4,$-1,$-6,$-14,$0,$0,$0,$15,$15,$-0,$2,$0,$0,$0,$6,$6,$0,$0,$6,$2,$9,$0
27,2011-12-31,6.28,$3.63,1.73,$3.85,1.63,$-0.85,0.0,$-0.78,0.0,$0.38B,$0.12B,3.21,$0.00B,$0.39B,0.0,$0.41B,$0.17B,40.99%,$0.41B,$-0.08B,-20.00%,$0.41B,$-0.08B,-20.00%,$0.41B,$-0.06B,-14.57%,$0.41B,$-0.08B,-19.75%,$0.41B,$-0.08B,-20.00%,$-0.08B,$0.39B,-20.31%,$-0.08B,$0.39B,-20.31%,$-0.08B,$0.53B,-15.41%,$-0.08B,$0.39B,-20.31%,$112,$67,$45,$31,$32,$131,$-19,$0,$-19,$1,$-19,$-19,$-19,$-13,$-19,$105,105,$-0.18,$-0.18,$196,$89,$0,$383,$77,$63,$0,$7,$148,$532,$119,$0,$21,$24,$144,$0,$-487,$-2,$388,$532,$-82,$22,$50,$72,$-1,$-6,$9,$14,$8,$-2,$-39,$0,$0,$0,$14,$14,$-0,$-25,$0,$0,$0,$9,$9,$0,$-0,$9,$-19,$50,$0
28,2011-09-30,7.72,$3.70,2.09,$3.97,1.95,$-0.36,0.0,$-0.63,0.0,$0.41B,$0.10B,3.92,$0.00B,$0.40B,0.0,$0.41B,$0.18B,43.41%,$0.41B,$-0.07B,-15.85%,$0.41B,$-0.07B,-15.85%,$0.41B,$-0.04B,-10.73%,$0.41B,$-0.06B,-15.37%,$0.41B,$-0.07B,-15.85%,$-0.07B,$0.40B,-16.07%,$-0.07B,$0.40B,-16.07%,$-0.07B,$0.52B,-12.25%,$-0.07B,$0.40B,-16.07%,$104,$63,$41,$32,$31,$126,$-22,$0,$-21,$0,$-22,$-22,$-22,$-16,$-22,$106,106,$-0.21,$-0.21,$245,$70,$0,$408,$64,$37,$0,$6,$111,$520,$104,$0,$18,$21,$125,$0,$-468,$-2,$395,$520,$-62,$17,$38,$54,$11,$12,$-3,$3,$11,$3,$-23,$0,$0,$0,$11,$11,$-0,$-12,$0,$0,$0,$9,$9,$0,$-0,$8,$-1,$37,$0
29,2011-06-30,6.91,$3.79,1.82,$4.23,1.64,$-0.10,0.0,$-0.38,0.0,$0.44B,$0.11B,4.15,$0.00B,$0.40B,0.0,$0.44B,$0.20B,46.10%,$0.44B,$-0.04B,-8.94%,$0.44B,$-0.04B,-8.94%,$0.44B,$-0.02B,-4.36%,$0.44B,$-0.04B,-8.49%,$0.44B,$-0.04B,-8.94%,$-0.04B,$0.40B,-9.62%,$-0.04B,$0.40B,-9.62%,$-0.04B,$0.53B,-7.32%,$-0.04B,$0.40B,-9.62%,$96,$59,$37,$33,$29,$120,$-24,$0,$-24,$0,$-24,$-24,$-24,$-19,$-24,$105,105,$-0.23,$-0.23,$269,$69,$0,$435,$58,$12,$0,$10,$90,$525,$105,$0,$16,$20,$125,$0,$-446,$-1,$400,$525,$-41,$11,$24,$35,$6,$13,$-8,$-2,$5,$-1,$-17,$0,$0,$0,$1,$1,$0,$-16,$0,$0,$0,$5,$5,$0,$-0,$4,$-13,$25,$0
30,2011-03-31,8.39,$3.96,2.12,$4.44,1.89,$0.11,75.18,$-0.25,0.0,$0.44B,$0.10B,4.62,$0.00B,$0.41B,0.0,$0.45B,$0.21B,46.78%,$0.45B,$-0.03B,-5.54%,$0.45B,$-0.03B,-5.54%,$0.45B,$-0.01B,-1.11%,$0.45B,$-0.02B,-5.10%,$0.45B,$-0.03B,-5.54%,$-0.03B,$0.41B,-6.28%,$-0.03B,$0.41B,-6.28%,$-0.03B,$0.53B,-4.74%,$-0.03B,$0.41B,-6.28%,$93,$50,$43,$31,$27,$109,$-16,$-0,$-16,$0,$-16,$-16,$-16,$-11,$-16,$103,103,$-0.16,$-0.16,$277,$78,$0,$437,$56,$12,$0,$8,$90,$526,$95,$0,$16,$20,$114,$0,$-422,$-1,$412,$526,$-16,$5,$12,$17,$19,$4,$-9,$1,$-2,$-1,$-10,$0,$0,$0,$5,$5,$-1,$-6,$0,$0,$0,$5,$5,$0,$-0,$5,$-2,$12,$0
31,2010-12-31,10.33,$4.01,2.58,$4.53,2.28,$0.20,52.76,$-0.30,0.0,$0.46B,$0.12B,3.84,$0.00B,$0.41B,0.0,$0.45B,$0.21B,45.15%,$0.45B,$-0.03B,-6.39%,$0.45B,$-0.03B,-6.39%,$0.45B,$-0.01B,-2.20%,$0.45B,$-0.03B,-5.95%,$0.45B,$-0.03B,-6.39%,$-0.03B,$0.41B,-7.50%,$-0.03B,$0.41B,-7.50%,$-0.03B,$0.55B,-5.61%,$-0.03B,$0.41B,-7.50%,$117,$60,$57,$31,$29,$120,$-3,$0,$-2,$0,$-3,$-3,$-3,$2,$-3,$99,99,$-0.01,$-0.01,$284,$82,$0,$462,$52,$14,$0,$9,$90,$552,$120,$0,$16,$21,$141,$0,$-405,$-1,$411,$552,$-28,$19,$50,$69,$-7,$-13,$1,$-1,$-11,$31,$-20,$0,$0,$0,$-25,$-25,$-0,$-46,$0,$0,$0,$19,$19,$0,$-0,$19,$4,$50,$0
32,2010-09-30,11.67,$3.95,2.96,$4.29,2.72,$-0.41,0.0,$-0.46,0.0,$0.45B,$0.11B,3.99,$0.00B,$0.40B,0.0,$0.43B,$0.18B,42.62%,$0.43B,$-0.05B,-10.77%,$0.43B,$-0.05B,-10.77%,$0.43B,$-0.03B,-6.32%,$0.43B,$-0.04B,-10.30%,$0.43B,$-0.05B,-10.54%,$-0.05B,$0.40B,-11.96%,$-0.05B,$0.40B,-11.96%,$-0.05B,$0.53B,-8.96%,$-0.05B,$0.40B,-12.23%,$130,$66,$64,$30,$30,$126,$4,$0,$5,$0,$4,$4,$4,$9,$4,$100,105,$0.04,$0.04,$275,$89,$0,$449,$47,$16,$0,$4,$78,$527,$113,$0,$11,$16,$128,$0,$-403,$-1,$398,$527,$-25,$14,$39,$54,$5,$-20,$15,$2,$-5,$24,$-15,$0,$0,$0,$-32,$-32,$-0,$-48,$0,$0,$0,$12,$12,$0,$-0,$12,$-12,$40,$0
33,2010-06-30,6.43,$3.75,1.72,$3.93,1.64,$-0.92,0.0,$-0.67,0.0,$0.43B,$0.11B,3.9,$0.00B,$0.37B,0.0,$0.38B,$0.15B,38.42%,$0.38B,$-0.07B,-18.16%,$0.38B,$-0.07B,-18.16%,$0.38B,$-0.05B,-13.42%,$0.38B,$-0.07B,-17.63%,$0.38B,$-0.07B,-17.37%,$-0.07B,$0.37B,-17.81%,$-0.07B,$0.37B,-17.83%,$-0.07B,$0.50B,-13.46%,$-0.07B,$0.37B,-18.62%,$111,$64,$47,$29,$28,$121,$-10,$0,$-10,$-0,$-10,$-10,$-10,$-5,$-10,$99,99,$-0.10,$-0.10,$270,$84,$0,$427,$45,$12,$0,$5,$77,$503,$109,$0,$14,$22,$131,$0,$-407,$-1,$372,$503,$-30,$9,$25,$34,$15,$-15,$5,$7,$9,$14,$-10,$0,$0,$0,$-16,$-16,$0,$-26,$0,$0,$0,$7,$7,$0,$-0,$7,$-6,$26,$0
34,2010-03-31,8.52,$3.75,2.27,$3.52,2.42,$-1.28,0.0,$-0.85,0.0,$0.41B,$0.10B,4.17,$0.00B,$0.37B,0.0,$0.34B,$0.12B,35.21%,$0.34B,$-0.09B,-25.44%,$0.34B,$-0.09B,-25.44%,$0.34B,$-0.07B,-20.41%,$0.34B,$-0.08B,-24.85%,$0.34B,$-0.08B,-24.56%,$-0.08B,$0.37B,-22.33%,$-0.08B,$0.37B,-22.36%,$-0.08B,$0.49B,-17.11%,$-0.09B,$0.37B,-23.13%,$96,$59,$37,$28,$29,$116,$-20,$0,$-20,$-0,$-20,$-20,$-20,$-16,$-20,$97,97,$-0.21,$-0.21,$267,$72,$0,$413,$44,$8,$0,$5,$74,$487,$99,$0,$13,$22,$121,$0,$-397,$-1,$366,$487,$-20,$5,$13,$17,$11,$-3,$3,$2,$5,$2,$-5,$0,$0,$0,$-7,$-7,$0,$-12,$0,$0,$0,$4,$4,$0,$-0,$4,$-5,$13,$0
35,2009-12-31,8.87,$3.80,2.33,$3.25,2.73,$-1.35,0.0,$-0.90,0.0,$0.41B,$0.10B,4.03,$0.00B,$0.37B,0.0,$0.31B,$0.10B,33.01%,$0.31B,$-0.09B,-28.80%,$0.31B,$-0.09B,-28.80%,$0.31B,$-0.07B,-23.30%,$0.31B,$-0.09B,-28.48%,$0.31B,$-0.09B,-28.16%,$-0.09B,$0.37B,-23.00%,$-0.09B,$0.37B,-23.05%,$-0.09B,$0.49B,-17.98%,$-0.09B,$0.37B,-23.53%,$90,$56,$34,$27,$27,$110,$-20,$0,$-19,$-1,$-19,$-19,$-19,$-15,$-20,$95,95,$-0.20,$-0.20,$255,$69,$0,$408,$44,$18,$0,$5,$84,$492,$101,$0,$14,$22,$123,$0,$-377,$-2,$369,$492,$-87,$17,$38,$55,$2,$-9,$-3,$-12,$-1,$-33,$-15,$0,$0,$0,$-18,$-18,$-0,$-33,$0,$0,$0,$9,$9,$0,$-0,$9,$-57,$37,$0
36,2009-09-30,7.95,$3.88,2.05,$3.32,2.39,$-0.88,0.0,$-0.78,0.0,$0.41B,$0.09B,4.79,$0.00B,$0.38B,0.0,$0.32B,$0.11B,33.33%,$0.32B,$-0.08B,-23.90%,$0.32B,$-0.08B,-23.90%,$0.32B,$-0.06B,-18.87%,$0.32B,$-0.08B,-23.90%,$0.32B,$-0.08B,-23.58%,$-0.08B,$0.38B,-19.37%,$-0.08B,$0.37B,-19.42%,$-0.08B,$0.48B,-15.38%,$-0.08B,$0.38B,-19.63%,$83,$56,$28,$24,$23,$103,$-19,$1,$-18,$-2,$-17,$-17,$-17,$-15,$-19,$96,96,$-0.17,$-0.17,$271,$73,$0,$411,$44,$7,$1,$14,$68,$479,$86,$0,$12,$18,$104,$0,$-359,$-2,$375,$479,$-68,$12,$28,$40,$14,$-13,$-2,$-11,$-2,$-30,$-12,$0,$0,$0,$-42,$-42,$-1,$-54,$0,$0,$0,$9,$9,$0,$-0,$8,$-76,$26,$0
37,2009-06-30,9.13,$3.95,2.31,$3.69,2.47,$-0.34,0.0,$-0.46,0.0,$0.35B,$0.09B,4.04,$0.00B,$0.38B,0.0,$0.36B,$0.13B,37.08%,$0.36B,$-0.04B,-12.36%,$0.36B,$-0.04B,-12.36%,$0.36B,$-0.03B,-7.87%,$0.36B,$-0.04B,-12.08%,$0.36B,$-0.04B,-12.08%,$-0.04B,$0.38B,-10.90%,$-0.04B,$0.38B,-10.93%,$-0.04B,$0.48B,-8.74%,$-0.04B,$0.38B,-11.15%,$69,$49,$20,$25,$23,$96,$-27,$0,$-27,$0,$-27,$-27,$-27,$-23,$-27,$95,95,$-0.28,$-0.28,$213,$73,$0,$351,$48,$72,$1,$9,$132,$482,$87,$0,$12,$19,$106,$0,$-342,$-2,$377,$482,$-51,$8,$17,$25,$16,$-13,$-0,$-1,$5,$-22,$-9,$0,$0,$0,$-46,$-46,$-1,$-56,$0,$0,$0,$5,$5,$0,$0,$5,$-73,$16,$0
38,2009-03-31,7.4,$4.13,1.79,$4.63,1.6,$0.06,117.27,$0.26,28.46,$0.35B,$0.07B,4.81,$0.00B,$0.39B,0.0,$0.45B,$0.19B,42.86%,$0.45B,$0.03B,5.80%,$0.45B,$0.03B,5.80%,$0.45B,$0.04B,8.93%,$0.45B,$0.03B,6.47%,$0.45B,$0.03B,6.03%,$0.03B,$0.39B,6.84%,$0.03B,$0.39B,6.86%,$0.03B,$0.48B,5.42%,$0.03B,$0.39B,6.58%,$67,$47,$20,$22,$21,$90,$-23,$-1,$-24,$0,$-24,$-24,$-24,$-19,$-23,$94,94,$-0.26,$-0.26,$233,$64,$0,$352,$49,$71,$1,$9,$131,$483,$73,$0,$11,$18,$91,$0,$-315,$-4,$392,$483,$-24,$4,$8,$12,$25,$-5,$-5,$-2,$10,$-3,$-6,$0,$0,$0,$-9,$-9,$0,$-15,$0,$0,$0,$4,$4,$0,$0,$4,$-13,$7,$0
39,2008-12-31,8.96,$4.31,2.08,$5.35,1.68,$0.23,38.41,$0.80,11.2,$0.37B,$0.08B,4.47,$0.00B,$0.41B,0.0,$0.52B,$0.23B,45.09%,$0.52B,$0.07B,14.26%,$0.52B,$0.07B,14.26%,$0.52B,$0.09B,16.57%,$0.52B,$0.08B,15.80%,$0.52B,$0.08B,15.22%,$0.08B,$0.41B,20.83%,$0.08B,$0.40B,20.91%,$0.08B,$0.51B,15.54%,$0.07B,$0.41B,19.51%,$99,$61,$38,$23,$22,$106,$-7,$-0,$-7,$-1,$-7,$-7,$-7,$-3,$-7,$92,97,$-0.08,$-0.07,$236,$59,$0,$373,$47,$75,$1,$3,$134,$507,$84,$0,$10,$18,$102,$0,$-291,$-4,$405,$507,$79,$13,$25,$38,$-32,$-1,$17,$-84,$-97,$20,$-23,$0,$0,$0,$66,$66,$2,$44,$0,$0,$0,$11,$11,$0,$0,$12,$76,$24,$0
40,2008-09-30,9.56,$4.30,2.22,$5.83,1.64,$0.32,29.84,$0.83,11.52,$0.37B,$0.08B,4.91,$0.00B,$0.40B,0.0,$0.50B,$0.22B,44.96%,$0.50B,$0.07B,14.72%,$0.50B,$0.07B,14.72%,$0.50B,$0.08B,16.94%,$0.50B,$0.09B,17.14%,$0.50B,$0.08B,16.53%,$0.08B,$0.40B,23.31%,$0.08B,$0.40B,23.43%,$0.08B,$0.50B,15.95%,$0.07B,$0.40B,20.75%,$121,$66,$54,$21,$20,$107,$13,$2,$15,$0,$15,$15,$15,$17,$13,$93,97,$0.16,$0.15,$249,$59,$0,$370,$43,$74,$1,$4,$125,$495,$75,$0,$9,$16,$91,$0,$-284,$-8,$404,$495,$85,$9,$16,$25,$-8,$-1,$8,$-75,$-85,$25,$-15,$0,$0,$103,$-50,$53,$1,$39,$0,$0,$0,$11,$11,$0,$3,$14,$78,$18,$0
41,2008-06-30,8.82,$4.07,2.17,$5.33,1.66,$0.13,69.94,$0.61,14.46,$0.36B,$0.11B,3.12,$0.00B,$0.38B,0.0,$0.44B,$0.19B,43.48%,$0.44B,$0.05B,11.90%,$0.44B,$0.05B,11.90%,$0.44B,$0.06B,13.96%,$0.44B,$0.07B,14.87%,$0.44B,$0.06B,13.96%,$0.06B,$0.38B,20.49%,$0.06B,$0.38B,20.59%,$0.06B,$0.51B,12.40%,$0.05B,$0.38B,17.46%,$161,$81,$80,$18,$19,$119,$43,$3,$45,$2,$43,$43,$43,$45,$43,$92,97,$0.47,$0.44,$211,$58,$0,$356,$41,$105,$1,$3,$153,$509,$114,$0,$9,$16,$130,$0,$-299,$-5,$379,$509,$70,$5,$10,$15,$-17,$0,$5,$-52,$-70,$15,$-7,$0,$0,$0,$28,$28,$1,$22,$0,$0,$0,$7,$7,$0,$1,$8,$45,$11,$0
42,2008-03-31,12.0,$3.55,3.38,$6.14,1.96,$-0.06,0.0,$-0.93,0.0,$0.38B,$0.18B,2.14,$0.00B,$0.33B,0.0,$0.33B,$0.13B,37.72%,$0.33B,$-0.00B,-0.30%,$0.33B,$-0.00B,-0.30%,$0.33B,$0.01B,2.69%,$0.33B,$-0.01B,-1.80%,$0.33B,$-0.01B,-2.40%,$-0.01B,$0.33B,-3.19%,$-0.01B,$0.33B,-3.21%,$-0.01B,$0.52B,-1.73%,$-0.00B,$0.33B,-0.40%,$138,$77,$62,$18,$19,$114,$25,$4,$29,$1,$28,$28,$28,$27,$25,$91,97,$0.30,$0.29,$215,$59,$0,$377,$38,$100,$1,$4,$146,$523,$177,$0,$11,$18,$194,$0,$-342,$-4,$329,$523,$28,$3,$4,$7,$-4,$-1,$6,$-17,$-25,$10,$-2,$0,$0,$0,$17,$17,$0,$15,$0,$0,$0,$6,$6,$0,$0,$6,$31,$5,$0
