,Date,Stock Price,Book Value per Share,Price to Book Ratio,TTM Sales per Share,Price to Sales Ratio,TTM FCF per Share,Price to FCF Ratio,TTM Net EPS,PE Ratio,Current Assets,Current Liabilities,Current Ratio,Long Term Debt,Shareholder's Equity_x,Debt to Equity Ratio,TTM Revenue_x,TTM Gross Profit,Gross Margin,TTM Revenue_y,TTM Operating Income,Operating Margin,TTM Revenue_x,TTM EBIT,EBIT Margin,TTM Revenue_y,TTM EBITDA,EBITDA Margin,TTM Revenue_x,TTM Pre-Tax Income,Pre-Tax Margin,TTM Revenue_y,TTM Net Income_x,Net Margin,TTM Net Income_y,Shareholder's Equity_y,Return on Equity,TTM Net Income_x,Tangible Equity,Return on Tangible Equity,TTM Net Income_y,Total Assets,Return on Assets,TTM Net Income,LT Investments & Debt,Return on Investment,revenue,cost-goods-sold,gross-profit,research-development-expenses,selling-general-administrative-expenses,operating-expenses,operating-income,total-non-operating-income-expense,pre-tax-income,total-provision-income-taxes,income-after-taxes,income-from-continuous-operations,net-income,ebitda,ebit,basic-shares-outstanding,shares-outstanding,eps-basic-net-earnings-per-share,eps-earnings-per-share-diluted,cash-on-hand,inventory,other-current-assets,total-current-assets,net-property-plant-equipment,long-term-investments,goodwill-intangible-assets-total,other-long-term-assets,total-long-term-assets,total-assets,total-current-liabilities,long-term-debt,other-non-current-liabilities,total-long-term-liabilities,total-liabilities,common-stock-net,retained-earnings-accumulated-deficit,comprehensive-income,total-share-holder-equity,total-liabilities-share-holders-equity,net-income-loss,total-depreciation-amortization-cash-flow,other-non-cash-items,total-non-cash-items,change-in-accounts-receivable,change-in-inventories,change-in-accounts-payable,change-in-assets-liabilities,total-change-in-assets-liabilities,cash-flow-from-operating-activities,net-change-in-property-plant-equipment,net-change-in-intangible-assets,net-acquisitions-divestitures,net-change-in-short-term-investments,net-change-in-long-term-investments,net-change-in-investments-total,investing-activities-other,cash-flow-from-investing-activities,net-long-term-debt,net-current-debt,debt-issuance-retirement-net-total,net-common-equity-issued-repurchased,net-total-equity-issued-repurchased,total-common-preferred-stock-dividends-paid,financial-activities-other,cash-flow-from-financial-activities,net-cash-flow,stock-based-compensation,common-stock-dividends-paid
0,2018-08-31,55.0,$20.02,2.75,$9.50,5.79,$5.09,10.8,$1.39,39.57,$1.11B,$2.56B,0.44,$4.89B,$7.89B,0.62,$3.89B,$2.46B,63.25%,$3.89B,$0.63B,16.13%,$3.89B,$0.63B,16.13%,$3.89B,$1.15B,29.62%,$3.89B,$0.43B,11.04%,$3.89B,$0.57B,14.59%,$0.57B,$7.89B,7.13%,$0.57B,$-6.55B,-11.23%,$0.57B,$16.21B,3.78%,$0.63B,$12.79B,5.13%,$1001,$375,$626,$0,$288,$834,$167,$-56,$112,$8,$104,$104,$105,$302,$167,$393,405,$0.26,$0.26,$154,$0,$110,$1114,$592,$0,$14438,$51,$15092,$16206,$2563,$4894,$162,$5751,$8315,$5,$2684,$-221,$7892,$16206,$458,$396,$-40,$356,$28,$0,$-13,$103,$118,$932,$-169,$0,$-1881,$0,$0,$0,$-14,$-2064,$1878,$0,$1878,$-510,$-510,$0,$-167,$1201,$21,$172,$0
1,2018-05-31,49.28,$19.82,2.49,$9.21,5.35,$4.48,11.0,$1.48,33.3,$2.21B,$1.56B,1.41,$4.35B,$7.77B,0.56,$3.79B,$2.40B,63.19%,$3.79B,$0.61B,16.17%,$3.79B,$0.61B,16.17%,$3.79B,$1.12B,29.60%,$3.79B,$0.43B,11.32%,$3.79B,$0.61B,16.04%,$0.61B,$7.77B,7.69%,$0.61B,$-3.92B,-13.20%,$0.61B,$14.47B,4.21%,$0.61B,$12.12B,5.19%,$1008,$368,$640,$0,$299,$828,$181,$-54,$126,$12,$114,$114,$115,$312,$181,$392,404,$0.29,$0.28,$159,$0,$1236,$2207,$509,$0,$11687,$52,$12259,$14466,$1562,$4354,$149,$5135,$6697,$5,$2580,$-144,$7769,$14466,$355,$262,$-65,$196,$-48,$0,$-11,$93,$35,$586,$-115,$0,$-9,$0,$0,$0,$-10,$-133,$268,$0,$268,$-561,$-561,$0,$-101,$-394,$25,$120,$0
2,2018-02-28,47.05,$20.42,2.3,$8.90,5.29,$4.09,11.51,$1.44,32.67,$1.17B,$1.48B,0.79,$4.19B,$8.16B,0.51,$3.69B,$2.32B,62.99%,$3.69B,$0.57B,15.43%,$3.69B,$0.57B,15.43%,$3.69B,$1.07B,29.01%,$3.69B,$0.40B,10.93%,$3.69B,$0.59B,16.05%,$0.59B,$8.16B,7.52%,$0.59B,$-4.78B,-12.20%,$0.59B,$14.70B,4.13%,$0.57B,$12.35B,4.93%,$932,$343,$589,$0,$290,$792,$140,$-46,$94,$-147,$241,$241,$241,$270,$140,$398,412,$0.61,$0.59,$156,$0,$95,$1166,$540,$0,$12939,$41,$13531,$14697,$1480,$4186,$137,$5054,$6534,$5,$2465,$-30,$8162,$14697,$241,$131,$-126,$4,$-111,$0,$-1,$70,$-42,$203,$-55,$-3,$0,$0,$0,$0,$3,$-55,$88,$0,$88,$-116,$-116,$0,$-91,$-119,$22,$62,$0
3,2017-11-30,44.62,$20.05,2.23,$8.63,5.17,$4.15,10.74,$1.01,44.18,$1.02B,$1.91B,0.53,$3.62B,$8.00B,0.45,$3.60B,$2.25B,62.53%,$3.60B,$0.53B,14.58%,$3.60B,$0.53B,14.58%,$3.60B,$1.02B,28.25%,$3.60B,$0.37B,10.36%,$3.60B,$0.42B,11.58%,$0.42B,$8.00B,5.37%,$0.42B,$-4.96B,-8.63%,$0.42B,$14.55B,2.94%,$0.53B,$11.62B,4.70%,$945,$342,$603,$0,$285,$806,$139,$-43,$97,$-9,$105,$105,$106,$267,$139,$400,416,$0.26,$0.25,$134,$0,$93,$1015,$531,$0,$12967,$34,$13539,$14554,$1906,$3617,$106,$4644,$6550,$5,$2218,$-85,$8004,$14554,$417,$493,$168,$661,$-28,$0,$-20,$-69,$-116,$962,$-260,$0,$-401,$0,$0,$0,$15,$-646,$813,$0,$813,$-986,$-986,$0,$-156,$-329,$-5,$262,$0
4,2017-08-31,46.84,$19.31,2.43,$10.08,4.65,$4.02,11.65,$0.96,48.79,$0.97B,$1.84B,0.53,$3.43B,$7.70B,0.45,$3.83B,$2.43B,63.33%,$3.83B,$0.54B,14.02%,$3.83B,$0.50B,13.01%,$3.83B,$1.02B,26.64%,$3.83B,$0.38B,10.03%,$3.83B,$0.43B,11.10%,$0.43B,$7.70B,5.46%,$0.43B,$-4.77B,-9.02%,$0.43B,$14.02B,3.03%,$0.54B,$11.13B,4.84%,$905,$342,$563,$0,$269,$752,$153,$-41,$112,$-37,$148,$147,$146,$273,$153,$398,414,$0.37,$0.35,$154,$0,$88,$972,$507,$0,$12468,$55,$13045,$14017,$1841,$3425,$116,$4474,$6315,$5,$2117,$-213,$7702,$14017,$312,$364,$103,$467,$12,$0,$-18,$-54,$-60,$719,$-192,$0,$0,$0,$0,$0,$4,$-188,$608,$0,$608,$-1021,$-1021,$0,$-89,$-501,$15,$203,$0
5,2017-05-31,45.85,$19.06,2.41,$10.02,4.58,$3.85,11.9,$0.52,88.17,$1.02B,$1.86B,0.55,$3.42B,$7.61B,0.45,$3.65B,$2.32B,63.52%,$3.65B,$0.37B,10.06%,$3.65B,$0.33B,8.99%,$3.65B,$0.82B,22.53%,$3.65B,$0.22B,6.00%,$3.65B,$0.25B,6.77%,$0.25B,$7.61B,3.10%,$0.25B,$-4.91B,-5.30%,$0.25B,$14.07B,1.75%,$0.37B,$11.03B,3.27%,$906,$338,$568,$0,$274,$769,$137,$-37,$100,$-1,$101,$99,$99,$260,$137,$400,416,$0.25,$0.24,$163,$0,$93,$1024,$470,$0,$12513,$49,$13047,$14071,$1860,$3423,$115,$4603,$6463,$5,$1971,$-310,$7609,$14071,$165,$244,$117,$361,$-10,$0,$-14,$-50,$-75,$451,$-131,$0,$0,$0,$0,$0,$9,$-122,$605,$0,$605,$-818,$-818,$0,$-80,$-293,$24,$140,$0
6,2017-02-28,39.8,$19.05,2.09,$10.28,3.87,$4.22,9.42,$0.28,142.14,$1.05B,$1.97B,0.53,$3.13B,$7.75B,0.4,$3.33B,$2.13B,63.82%,$3.33B,$0.32B,9.46%,$3.33B,$0.28B,8.29%,$3.33B,$0.71B,21.34%,$3.33B,$0.18B,5.31%,$3.33B,$0.20B,5.94%,$0.20B,$7.75B,3.26%,$0.20B,$-4.70B,-5.77%,$0.20B,$14.01B,1.87%,$0.32B,$10.88B,3.73%,$844,$327,$517,$0,$268,$749,$96,$-31,$64,$-4,$68,$66,$66,$217,$96,$406,422,$0.16,$0.16,$155,$0,$98,$1045,$445,$0,$12454,$47,$12961,$14006,$1967,$3132,$111,$4288,$6256,$5,$1872,$-461,$7750,$14006,$66,$121,$85,$206,$-17,$0,$-13,$8,$-21,$251,$-72,$0,$0,$0,$0,$0,$5,$-66,$338,$0,$338,$-428,$-428,$0,$-77,$-167,$16,$75,$0
7,2016-11-30,35.94,$19.48,1.84,$9.83,3.66,$4.08,8.81,$0.12,299.5,$0.93B,$1.41B,0.66,$3.28B,$8.08B,0.41,$2.78B,$1.74B,62.56%,$2.78B,$0.27B,9.55%,$2.78B,$0.23B,8.14%,$2.78B,$0.61B,21.80%,$2.78B,$0.15B,5.33%,$2.78B,$0.16B,5.66%,$0.16B,$8.08B,3.36%,$0.16B,$-4.48B,-6.34%,$0.16B,$13.94B,1.98%,$0.27B,$11.36B,4.11%,$1174,$397,$777,$0,$246,$1023,$151,$-43,$108,$-3,$91,$88,$114,$270,$112,$309,316,$0.25,$0.25,$139,$0,$77,$934,$416,$0,$12562,$11,$13003,$13937,$1412,$3279,$75,$4440,$5852,$5,$1807,$-439,$8084,$13937,$153,$336,$172,$508,$-9,$0,$-13,$-2,$-23,$638,$-148,$0,$-824,$0,$0,$0,$-12,$-983,$653,$0,$653,$-423,$-423,$0,$-53,$178,$-154,$206,$0
8,2016-08-31,37.32,$19.99,1.87,$8.38,4.45,$3.05,12.23,$0.04,933.0,$0.93B,$1.42B,0.66,$3.14B,$8.43B,0.37,$2.15B,$1.30B,60.33%,$2.15B,$0.19B,9.02%,$2.15B,$0.19B,9.02%,$2.15B,$0.48B,22.09%,$2.15B,$0.09B,4.28%,$2.15B,$0.09B,4.09%,$0.09B,$8.43B,3.31%,$0.09B,$-4.56B,-6.88%,$0.09B,$14.33B,1.66%,$0.19B,$11.57B,5.38%,$725,$269,$456,$0,$268,$741,$-17,$-36,$-53,$-23,$-30,$-31,$-32,$75,$-17,$340,340,$-0.09,$-0.09,$201,$0,$152,$930,$392,$0,$12989,$12,$13399,$14328,$1415,$3140,$112,$4481,$5896,$5,$1719,$-219,$8433,$14328,$64,$217,$108,$324,$66,$0,$-41,$62,$87,$475,$-99,$0,$-824,$0,$0,$0,$6,$-918,$546,$0,$546,$-196,$-196,$0,$-21,$330,$-92,$145,$0
9,2016-05-31,34.37,$0.00,0.0,$6.25,5.5,$1.95,17.65,$0.13,264.38,$0.00B,$0.00B,0.0,$0.00B,$0.00B,0.0,$1.43B,$0.84B,59.02%,$1.43B,$0.21B,14.81%,$1.43B,$0.21B,14.81%,$1.43B,$0.40B,28.07%,$1.43B,$0.15B,10.18%,$1.43B,$0.12B,8.42%,$0.12B,$0.00B,21.81%,$0.12B,$0.00B,-85.56%,$0.12B,$0.00B,6.95%,$0.21B,$0.00B,29.54%,$588,$212,$376,$0,$207,$503,$85,$-27,$58,$13,$45,$45,$50,$149,$85,$240,241,$0.21,$0.21,$0,$0,$0,$0,$0,$0,$0,$0,$0,$0,$0,$0,$0,$0,$0,$0,$0,$0,$0,$0,$95,$125,$46,$171,$13,$0,$-20,$70,$63,$329,$-53,$0,$-923,$0,$0,$0,$0,$-976,$830,$0,$830,$-106,$-106,$0,$-15,$709,$52,$65,$0
10,2016-03-31,35.35,$12.22,2.89,$5.36,6.59,$3.41,10.38,$0.38,93.03,$0.37B,$0.47B,0.79,$0.66B,$2.20B,0.3,$1.13B,$0.66B,58.37%,$1.13B,$0.44B,38.88%,$1.13B,$0.44B,38.88%,$1.13B,$0.62B,55.27%,$1.13B,$0.41B,36.05%,$1.13B,$0.12B,10.36%,$0.12B,$2.20B,10.63%,$0.12B,$-0.87B,-17.58%,$0.12B,$3.50B,3.75%,$0.44B,$2.86B,24.63%,$288,$161,$127,$0,$24,$242,$46,$-11,$35,$11,$25,$25,$25,$111,$46,$176,186,$0.14,$0.13,$97,$0,$0,$373,$46,$13,$3067,$0,$3129,$3502,$473,$657,$164,$828,$1301,$2,$2129,$0,$2201,$3502,$35,$47,$25,$71,$-5,$0,$-40,$0,$-45,$54,$-3,$-37,$-22,$-2,$0,$-2,$0,$-64,$-60,$0,$-60,$14,$14,$0,$0,$-47,$-56,$13,$0
11,2016-02-29,27.82,$0.00,0.0,$6.10,4.56,$4.76,5.85,$0.42,66.24,$0.28B,$0.00B,0.0,$0.00B,$0.00B,0.0,$1.40B,$0.88B,62.97%,$1.40B,$0.48B,34.60%,$1.40B,$0.48B,34.60%,$1.40B,$0.74B,52.89%,$1.40B,$0.45B,31.81%,$1.40B,$0.15B,10.79%,$0.15B,$0.00B,13.82%,$0.15B,$0.31B,-24.85%,$0.15B,$3.41B,4.93%,$0.48B,$0.00B,28.06%,$549,$211,$338,$0,$187,$469,$80,$-28,$52,$10,$41,$41,$45,$140,$80,$240,242,$0.19,$0.19,$0,$0,$0,$276,$50,$0,$3077,$0,$3129,$3405,$0,$0,$0,$23,$23,$0,$0,$0,$0,$23,$45,$61,$43,$103,$-41,$0,$-17,$61,$3,$152,$-25,$0,$-1113,$0,$0,$0,$8,$-1130,$867,$0,$867,$-104,$-104,$0,$-15,$747,$-232,$31,$0
12,2015-12-31,30.17,$0.00,0.0,$3.83,7.88,$4.23,7.13,$0.52,58.02,$0.00B,$0.00B,0.0,$0.00B,$0.00B,0.0,$0.85B,$0.54B,63.88%,$0.85B,$0.36B,42.47%,$0.85B,$0.36B,42.47%,$0.85B,$0.44B,51.65%,$0.85B,$0.35B,41.18%,$0.85B,$0.15B,17.76%,$0.15B,$0.00B,8.94%,$0.15B,$0.00B,-19.27%,$0.15B,$0.00B,5.01%,$0.36B,$0.00B,15.18%,$0,$0,$0,$0,$0,$0,$0,$0,$0,$0,$0,$0,$0,$0,$0,$0,0,$0.00,$0.00,$0,$0,$0,$0,$0,$14,$0,$0,$0,$0,$0,$0,$0,$0,$0,$0,$0,$0,$0,$0,$0,$0,$66,$0,$26,$0,$-9,$0,$0,$0,$0,$-101,$0,$-1,$0,$-1,$0,$0,$472,$0,$0,$-412,$0,$0,$0,$0,$0,$37,$0
13,2015-11-30,29.5,$9.16,3.22,$5.25,5.62,$4.52,6.53,$0.52,56.73,$0.95B,$0.96B,0.99,$2.07B,$2.20B,0.94,$1.12B,$0.67B,59.54%,$1.12B,$0.44B,39.48%,$1.12B,$0.44B,39.48%,$1.12B,$0.40B,35.83%,$1.12B,$0.43B,37.88%,$1.12B,$0.21B,18.36%,$0.21B,$2.20B,12.19%,$0.21B,$-2.10B,-26.28%,$0.21B,$5.58B,6.83%,$0.44B,$4.27B,18.63%,$292,$98,$194,$0,$-156,$-21,$313,$7,$320,$12,$308,$47,$47,$373,$313,$179,188,$0.26,$0.25,$292,$0,$246,$951,$314,$0,$4302,$4,$4627,$5578,$960,$2072,$59,$2416,$3377,$3,$1655,$-191,$2201,$5578,$240,$236,$98,$236,$56,$0,$-4,$-13,$39,$613,$-123,$0,$-370,$0,$0,$0,$-3,$-496,$289,$0,$289,$-200,$-249,$0,$6,$45,$140,$135,$0
14,2015-08-31,28.58,$0.00,0.0,$5.11,5.59,$3.72,7.67,$0.56,51.04,$0.39B,$0.46B,0.85,$0.46B,$2.17B,0.21,$1.10B,$0.60B,54.36%,$1.10B,$0.21B,19.24%,$1.10B,$0.21B,19.24%,$1.10B,$0.27B,24.41%,$1.10B,$0.18B,16.33%,$1.10B,$0.21B,19.42%,$0.21B,$2.17B,12.54%,$0.21B,$-0.64B,-53.94%,$0.21B,$3.26B,8.75%,$0.21B,$2.63B,10.79%,$558,$209,$349,$0,$200,$467,$91,$-18,$73,$16,$57,$57,$59,$227,$91,$243,245,$0.24,$0.24,$125,$0,$0,$388,$0,$10,$2806,$0,$2818,$3257,$457,$456,$132,$629,$1086,$2,$1974,$0,$2171,$3257,$150,$175,$74,$249,$101,$0,$2,$-5,$99,$497,$-98,$0,$-370,$0,$0,$0,$4,$-464,$243,$0,$243,$-149,$-149,$0,$6,$100,$110,$101,$0
15,2015-05-31,26.81,$0.00,0.0,$2.83,9.46,$2.09,12.8,$0.52,51.56,$0.37B,$0.44B,0.86,$0.23B,$2.39B,0.1,$0.54B,$0.25B,45.96%,$0.54B,$0.12B,22.24%,$0.54B,$0.12B,22.24%,$0.54B,$0.04B,7.72%,$0.54B,$0.11B,19.67%,$0.54B,$0.16B,28.49%,$0.16B,$2.39B,13.31%,$0.16B,$-0.40B,-65.13%,$0.16B,$3.22B,9.51%,$0.12B,$2.61B,9.25%,$0,$0,$0,$0,$3,$43,$-43,$0,$-43,$0,$-43,$45,$45,$-161,$-43,$0,0,$0.00,$0.00,$98,$0,$0,$373,$0,$3,$2785,$0,$2792,$3221,$435,$226,$143,$400,$835,$2,$1924,$0,$2386,$3221,$0,$25,$0,$25,$0,$0,$0,$0,$0,$25,$-6,$0,$0,$0,$0,$0,$-42,$-48,$0,$0,$0,$0,$0,$0,$-45,$-45,$-68,$0,$0
16,2015-03-31,26.9,$0.00,0.0,$4.28,6.28,$4.84,5.56,$0.37,72.7,$0.00B,$0.00B,0.0,$0.00B,$0.00B,0.0,$0.82B,$0.24B,29.57%,$0.82B,$0.04B,4.29%,$0.82B,$0.04B,4.29%,$0.82B,$0.23B,28.10%,$0.82B,$0.12B,15.09%,$0.82B,$0.13B,15.46%,$0.13B,$0.00B,11.10%,$0.13B,$0.00B,-125.06%,$0.13B,$0.00B,7.60%,$0.04B,$0.00B,2.67%,$272,$147,$125,$0,$10,$190,$82,$-7,$75,$21,$55,$55,$55,$-37,$82,$183,192,$0.30,$0.29,$0,$0,$0,$0,$0,$0,$0,$0,$0,$0,$0,$0,$0,$0,$0,$0,$0,$0,$0,$0,$75,$39,$15,$54,$3,$0,$-56,$0,$-54,$61,$-6,$-34,$-8,$0,$0,$0,$0,$-48,$-103,$0,$-103,$58,$58,$0,$0,$-45,$-33,$9,$0
17,2015-02-28,26.65,$0.00,0.0,$4.30,6.2,$4.44,6.01,$0.80,33.31,$0.41B,$0.51B,0.82,$0.35B,$2.27B,0.15,$0.81B,$0.24B,29.64%,$0.81B,$0.05B,6.40%,$0.81B,$0.05B,6.40%,$0.81B,$0.37B,44.90%,$0.81B,$0.09B,10.70%,$0.81B,$0.15B,18.57%,$0.15B,$2.27B,8.87%,$0.15B,$-0.55B,-62.40%,$0.15B,$3.30B,6.00%,$0.05B,$2.62B,2.60%,$272,$147,$125,$0,$3,$190,$82,$-7,$75,$21,$55,$55,$55,$240,$82,$192,192,$0.30,$0.29,$125,$0,$0,$414,$170,$2,$2823,$0,$2999,$3300,$506,$349,$144,$523,$1029,$2,$1851,$0,$2271,$3300,$221,$158,$0,$158,$0,$0,$0,$0,$421,$370,$-24,$0,$-127,$0,$0,$0,$-100,$-251,$0,$-4,$-40,$0,$72,$0,$-104,$-75,$42,$0,$0
