,Date,Stock Price,Book Value per Share,Price to Book Ratio,TTM Sales per Share,Price to Sales Ratio,TTM FCF per Share,Price to FCF Ratio,TTM Net EPS,PE Ratio,Current Assets,Current Liabilities,Current Ratio,Long Term Debt,Shareholder's Equity_x,Debt to Equity Ratio,TTM Revenue_x,TTM Gross Profit,Gross Margin,TTM Revenue_y,TTM Operating Income,Operating Margin,TTM Revenue_x,TTM EBIT,EBIT Margin,TTM Revenue_y,TTM EBITDA,EBITDA Margin,TTM Revenue_x,TTM Pre-Tax Income,Pre-Tax Margin,TTM Revenue_y,TTM Net Income_x,Net Margin,TTM Net Income_y,Shareholder's Equity_y,Return on Equity,TTM Net Income_x,Tangible Equity,Return on Tangible Equity,TTM Net Income_y,Total Assets,Return on Assets,TTM Net Income,LT Investments & Debt,Return on Investment,revenue,cost-goods-sold,gross-profit,research-development-expenses,selling-general-administrative-expenses,operating-expenses,operating-income,total-non-operating-income-expense,pre-tax-income,total-provision-income-taxes,income-after-taxes,income-from-continuous-operations,net-income,ebitda,ebit,basic-shares-outstanding,shares-outstanding,eps-basic-net-earnings-per-share,eps-earnings-per-share-diluted,cash-on-hand,inventory,other-current-assets,total-current-assets,net-property-plant-equipment,long-term-investments,goodwill-intangible-assets-total,other-long-term-assets,total-long-term-assets,total-assets,total-current-liabilities,long-term-debt,other-non-current-liabilities,total-long-term-liabilities,total-liabilities,common-stock-net,retained-earnings-accumulated-deficit,comprehensive-income,total-share-holder-equity,total-liabilities-share-holders-equity,net-income-loss,total-depreciation-amortization-cash-flow,other-non-cash-items,total-non-cash-items,change-in-accounts-receivable,change-in-inventories,change-in-accounts-payable,change-in-assets-liabilities,total-change-in-assets-liabilities,cash-flow-from-operating-activities,net-change-in-property-plant-equipment,net-change-in-intangible-assets,net-acquisitions-divestitures,net-change-in-short-term-investments,net-change-in-long-term-investments,net-change-in-investments-total,investing-activities-other,cash-flow-from-investing-activities,net-long-term-debt,net-current-debt,debt-issuance-retirement-net-total,net-common-equity-issued-repurchased,net-total-equity-issued-repurchased,total-common-preferred-stock-dividends-paid,financial-activities-other,cash-flow-from-financial-activities,net-cash-flow,stock-based-compensation,common-stock-dividends-paid
0,2018-06-30,19.43,$2.04,9.53,$2.47,7.86,$1.10,17.69,$0.56,35.01,$7.08B,$2.42B,2.93,$0.00B,$8.86B,0.0,$11.12B,$3.99B,35.89%,$11.12B,$2.69B,24.20%,$11.12B,$2.69B,24.20%,$11.12B,$2.98B,26.76%,$11.12B,$3.13B,28.12%,$11.12B,$2.48B,22.30%,$2.48B,$8.86B,25.14%,$2.48B,$8.46B,26.58%,$2.48B,$11.41B,20.20%,$2.69B,$8.86B,27.29%,$2921,$1884,$1037,$0,$345,$2229,$692,$105,$797,$216,$581,$581,$581,$735,$692,$4347,4352,$0.13,$0.13,$3415,$0,$278,$7081,$1781,$821,$403,$1130,$4325,$11406,$2415,$0,$49,$129,$2544,$190,$10907,$0,$8862,$11406,$534,$65,$231,$296,$-143,$0,$14,$141,$12,$631,$-79,$0,$-30,$-92,$68,$-24,$2,$-131,$0,$0,$0,$0,$0,$-971,$0,$-971,$-628,$6,$-971
1,2018-03-31,17.41,$2.29,7.6,$2.40,7.25,$1.09,15.92,$0.55,31.65,$7.67B,$2.16B,3.55,$0.00B,$9.96B,0.0,$10.94B,$3.94B,36.00%,$10.94B,$2.66B,24.31%,$10.94B,$2.66B,24.31%,$10.94B,$2.95B,26.95%,$10.94B,$3.14B,28.73%,$10.94B,$2.49B,22.73%,$2.49B,$9.96B,24.14%,$2.49B,$9.58B,25.65%,$2.49B,$12.26B,19.55%,$2.66B,$9.96B,25.82%,$2831,$1819,$1012,$0,$342,$2161,$670,$68,$738,$204,$534,$534,$534,$764,$670,$4347,4351,$0.13,$0.13,$4023,$0,$318,$7673,$1863,$883,$377,$1263,$4582,$12255,$2164,$0,$42,$131,$2295,$190,$11587,$0,$9960,$12255,$2486,$289,$558,$847,$-237,$0,$51,$169,$-17,$2257,$-310,$0,$-4,$1783,$-962,$821,$-25,$482,$0,$0,$0,$-2041,$-2041,$-1156,$0,$-3197,$-440,$13,$-1156
2,2017-12-31,15.82,$2.20,7.2,$2.34,6.75,$1.03,15.33,$0.54,29.29,$7.23B,$2.20B,3.29,$0.00B,$9.54B,0.0,$10.70B,$3.88B,36.25%,$10.70B,$2.60B,24.29%,$10.70B,$2.60B,24.29%,$10.70B,$2.89B,26.96%,$10.70B,$3.11B,29.06%,$10.70B,$2.46B,22.97%,$2.46B,$9.54B,23.48%,$2.46B,$8.87B,25.12%,$2.46B,$11.89B,19.10%,$2.60B,$9.54B,24.84%,$2805,$1793,$1012,$0,$319,$2112,$693,$82,$775,$204,$571,$571,$571,$746,$693,$4511,4515,$0.13,$0.13,$3615,$0,$97,$7233,$1853,$957,$677,$985,$4656,$11889,$2201,$0,$36,$144,$2345,$190,$11099,$0,$9544,$11889,$1915,$218,$-92,$126,$-55,$0,$20,$29,$447,$1742,$-213,$0,$-4,$1313,$-20,$1293,$47,$1123,$0,$0,$0,$0,$0,$-1156,$-2042,$-3198,$-263,$0,$-1156
3,2017-09-30,14.04,$2.42,5.79,$2.30,6.12,$0.97,14.52,$0.49,28.94,$8.92B,$2.42B,3.69,$0.00B,$11.08B,0.0,$10.50B,$3.85B,36.65%,$10.50B,$2.57B,24.49%,$10.50B,$2.57B,24.49%,$10.50B,$2.84B,27.08%,$10.50B,$3.05B,29.08%,$10.50B,$2.21B,21.04%,$2.21B,$11.08B,27.33%,$2.21B,$10.40B,29.19%,$2.21B,$13.55B,22.32%,$2.57B,$11.08B,31.81%,$2755,$1773,$982,$0,$313,$2086,$669,$149,$818,$22,$796,$796,$796,$730,$669,$4550,4553,$0.18,$0.18,$5432,$0,$1,$8919,$1814,$945,$687,$1075,$4632,$13551,$2417,$0,$21,$50,$2467,$199,$12571,$0,$11084,$13551,$1119,$141,$434,$575,$-251,$0,$25,$53,$-173,$1085,$-149,$0,$-4,$-210,$15,$-195,$-5,$-353,$0,$0,$0,$0,$0,$-630,$0,$-630,$86,$0,$-630
4,2017-06-30,14.45,$2.32,6.23,$2.27,6.38,$0.93,15.47,$0.48,30.11,$8.56B,$2.52B,3.39,$0.00B,$10.61B,0.0,$10.36B,$3.81B,36.80%,$10.36B,$2.56B,24.68%,$10.36B,$2.56B,24.68%,$10.36B,$2.82B,27.23%,$10.36B,$3.01B,29.10%,$10.36B,$2.17B,20.95%,$2.17B,$10.61B,28.02%,$2.17B,$9.92B,30.03%,$2.17B,$13.18B,22.90%,$2.56B,$10.61B,33.01%,$2728,$1743,$985,$0,$326,$2069,$659,$137,$796,$218,$578,$578,$578,$708,$659,$4572,4575,$0.13,$0.13,$5188,$0,$4,$8559,$1834,$937,$686,$1058,$4619,$13178,$2522,$0,$18,$47,$2569,$199,$12050,$0,$10609,$13178,$541,$70,$184,$254,$-37,$0,$-17,$90,$36,$644,$-86,$0,$0,$26,$12,$38,$-4,$-52,$0,$0,$0,$0,$0,$-522,$0,$-522,$90,$7,$-522
5,2017-03-31,14.98,$2.33,6.44,$2.23,6.71,$0.88,16.95,$0.47,31.86,$8.28B,$2.16B,3.83,$0.00B,$10.64B,0.0,$10.21B,$3.76B,36.85%,$10.21B,$2.52B,24.69%,$10.21B,$2.52B,24.69%,$10.21B,$2.77B,27.17%,$10.21B,$2.97B,29.13%,$10.21B,$2.14B,20.96%,$2.14B,$10.64B,29.07%,$2.14B,$9.95B,31.29%,$2.14B,$12.85B,23.75%,$2.52B,$10.64B,34.24%,$2651,$1692,$959,$0,$321,$2013,$638,$116,$754,$213,$541,$541,$541,$701,$638,$4571,4574,$0.12,$0.12,$5027,$0,$44,$8282,$1807,$995,$683,$1004,$4572,$12854,$2161,$0,$24,$56,$2217,$199,$12190,$0,$10637,$12854,$2140,$254,$838,$1092,$-260,$0,$-3,$-27,$-290,$2099,$-411,$0,$0,$-324,$-1782,$-2106,$-30,$-2547,$0,$0,$0,$0,$0,$-1032,$0,$-1032,$-1446,$17,$-1032
6,2016-12-31,14.06,$0.00,0.0,$2.21,6.37,$0.83,16.91,$0.47,30.23,$0.00B,$0.00B,0.0,$0.00B,$0.00B,0.0,$10.09B,$3.74B,37.06%,$10.09B,$2.51B,24.90%,$10.09B,$2.51B,24.90%,$10.09B,$2.76B,27.37%,$10.09B,$2.97B,29.47%,$10.09B,$2.13B,21.12%,$2.13B,$0.00B,30.29%,$2.13B,$0.00B,32.76%,$2.13B,$0.00B,24.65%,$2.51B,$0.00B,35.71%,$2569,$1615,$954,$0,$320,$1935,$634,$108,$742,$199,$543,$543,$543,$704,$634,$4571,4573,$0.12,$0.12,$0,$0,$0,$0,$0,$0,$0,$0,$0,$0,$0,$0,$0,$0,$0,$0,$0,$0,$0,$0,$1597,$187,$-6,$181,$-235,$0,$-8,$-20,$372,$1552,$-311,$0,$0,$-630,$-546,$-1176,$1,$-1486,$0,$0,$0,$0,$0,$-1032,$0,$-1032,$-1091,$0,$-1032
7,2016-09-30,14.8,$2.13,6.95,$2.17,6.81,$0.78,19.0,$0.46,32.18,$8.20B,$2.09B,3.93,$0.00B,$9.73B,0.0,$9.94B,$3.68B,37.05%,$9.94B,$2.47B,24.85%,$9.94B,$2.47B,24.85%,$9.94B,$2.71B,27.27%,$9.94B,$2.93B,29.48%,$9.94B,$2.11B,21.20%,$2.11B,$9.73B,22.84%,$2.11B,$9.03B,24.74%,$2.11B,$11.88B,18.59%,$2.47B,$9.73B,26.77%,$2551,$1601,$950,$0,$310,$1911,$640,$121,$761,$214,$547,$547,$547,$707,$640,$4571,4572,$0.12,$0.12,$5086,$0,$13,$8197,$1681,$304,$702,$896,$3678,$11875,$2086,$0,$23,$59,$2145,$199,$11553,$0,$9730,$11875,$1050,$123,$462,$585,$-170,$0,$-12,$-75,$-257,$1005,$-219,$0,$0,$-307,$-21,$-328,$-12,$-559,$0,$0,$0,$0,$0,$-579,$0,$-579,$-172,$0,$-579
8,2016-06-30,16.74,$1.99,8.43,$2.13,7.85,$0.75,22.47,$0.46,36.8,$7.74B,$2.18B,3.54,$0.00B,$9.08B,0.0,$9.75B,$3.64B,37.33%,$9.75B,$2.44B,24.99%,$9.75B,$2.44B,24.99%,$9.75B,$2.67B,27.39%,$9.75B,$2.91B,29.81%,$9.75B,$2.09B,21.41%,$2.09B,$9.08B,23.24%,$2.09B,$8.37B,25.23%,$2.09B,$11.32B,18.85%,$2.44B,$9.08B,27.13%,$2587,$1638,$949,$0,$305,$1943,$644,$113,$757,$218,$539,$539,$539,$662,$644,$4571,4572,$0.12,$0.12,$4681,$0,$9,$7740,$1624,$274,$703,$883,$3577,$11317,$2184,$0,$20,$57,$2241,$199,$11014,$0,$9076,$11317,$511,$60,$210,$270,$-122,$0,$-18,$-78,$-218,$452,$-128,$0,$0,$-72,$0,$-72,$-11,$-211,$0,$0,$0,$0,$0,$-481,$0,$-481,$-337,$0,$-481
9,2016-03-31,17.65,$2.04,8.65,$2.08,8.49,$0.73,24.29,$0.45,39.22,$7.80B,$2.00B,3.91,$0.00B,$9.32B,0.0,$9.50B,$3.55B,37.38%,$9.50B,$2.38B,25.00%,$9.50B,$2.38B,25.00%,$9.50B,$2.60B,27.33%,$9.50B,$2.85B,30.01%,$9.50B,$2.05B,21.60%,$2.05B,$9.32B,23.25%,$2.05B,$8.61B,25.29%,$2.05B,$11.38B,18.85%,$2.38B,$9.32B,26.91%,$2501,$1592,$909,$0,$307,$1899,$602,$112,$714,$203,$511,$511,$511,$687,$602,$4571,4572,$0.11,$0.11,$4946,$0,$17,$7802,$1589,$289,$717,$900,$3576,$11378,$1998,$0,$17,$56,$2054,$199,$11083,$0,$9324,$11378,$2052,$222,$851,$1073,$-279,$0,$37,$-129,$-371,$1862,$-413,$0,$-117,$124,$-32,$92,$-36,$-474,$0,$0,$0,$0,$0,$-1059,$0,$-1059,$76,$0,$-1059
10,2015-12-31,15.54,$1.92,8.09,$2.02,7.71,$0.71,21.78,$0.45,34.93,$7.37B,$1.93B,3.82,$0.00B,$8.78B,0.0,$9.21B,$3.46B,37.58%,$9.21B,$2.31B,25.02%,$9.21B,$2.31B,25.02%,$9.21B,$2.51B,27.25%,$9.21B,$2.81B,30.46%,$9.21B,$2.02B,21.89%,$2.02B,$8.78B,23.22%,$2.02B,$8.06B,25.20%,$2.02B,$10.77B,18.86%,$2.31B,$8.78B,26.54%,$2446,$1516,$930,$0,$305,$1821,$625,$115,$740,$207,$533,$533,$533,$655,$625,$4571,4571,$0.12,$0.12,$4523,$0,$8,$7369,$1517,$271,$717,$819,$3402,$10771,$1930,$0,$24,$64,$1994,$199,$10550,$0,$8777,$10771,$1519,$160,$624,$784,$-178,$0,$-2,$-149,$-329,$1300,$-298,$0,$-117,$62,$-20,$42,$-14,$-387,$0,$0,$0,$0,$0,$-1059,$0,$-1059,$-404,$0,$-1059
11,2015-09-30,17.56,$1.91,9.18,$1.97,8.89,$0.83,21.24,$0.45,39.46,$7.48B,$2.01B,3.73,$0.00B,$8.74B,0.0,$9.03B,$3.43B,37.96%,$9.03B,$2.30B,25.46%,$9.03B,$2.30B,25.46%,$9.03B,$2.49B,27.60%,$9.03B,$2.82B,31.19%,$9.03B,$2.02B,22.33%,$2.02B,$8.74B,23.58%,$2.02B,$8.04B,25.35%,$2.02B,$10.81B,19.17%,$2.30B,$8.74B,26.89%,$2407,$1512,$895,$0,$296,$1808,$599,$121,$720,$196,$524,$524,$524,$665,$599,$4571,4571,$0.12,$0.12,$4655,$0,$4,$7482,$1477,$260,$699,$814,$3328,$10810,$2006,$0,$19,$61,$2067,$199,$10449,$0,$8743,$10810,$995,$104,$421,$525,$-190,$0,$-5,$-56,$-251,$826,$-195,$0,$-87,$41,$-17,$24,$-5,$-263,$0,$0,$0,$0,$0,$-636,$0,$-636,$-293,$0,$-636
12,2015-06-30,14.58,$1.85,7.88,$1.93,7.54,$0.91,16.05,$0.44,33.04,$7.29B,$2.06B,3.54,$0.00B,$8.46B,0.0,$8.83B,$3.37B,38.15%,$8.83B,$2.26B,25.62%,$8.83B,$2.26B,25.62%,$8.83B,$2.45B,27.71%,$8.83B,$2.80B,31.73%,$8.83B,$2.01B,22.72%,$2.01B,$8.46B,23.87%,$2.01B,$7.74B,25.45%,$2.01B,$10.59B,19.48%,$2.26B,$8.46B,26.92%,$2392,$1488,$904,$0,$294,$1782,$610,$121,$731,$212,$519,$519,$519,$590,$610,$4571,4571,$0.12,$0.12,$4537,$0,$6,$7294,$1494,$230,$720,$772,$3293,$10587,$2062,$0,$18,$63,$2125,$199,$9930,$0,$8462,$10587,$476,$49,$183,$232,$-117,$0,$8,$-49,$-158,$345,$-105,$0,$-87,$18,$6,$24,$-3,$-171,$0,$0,$0,$0,$0,$-528,$0,$-528,$-438,$0,$-528
13,2015-03-31,15.9,$3.83,4.15,$1.91,8.34,$0.94,16.9,$0.44,36.03,$7.55B,$1.82B,4.15,$0.00B,$8.76B,0.0,$8.71B,$3.34B,38.31%,$8.71B,$2.26B,25.92%,$8.71B,$2.26B,25.92%,$8.71B,$2.43B,27.93%,$8.71B,$2.82B,32.35%,$8.71B,$2.01B,23.11%,$2.01B,$8.76B,24.35%,$2.01B,$8.17B,25.73%,$2.01B,$10.62B,20.00%,$2.26B,$8.76B,27.31%,$2256,$1434,$822,$0,$281,$1715,$541,$119,$660,$184,$476,$476,$476,$601,$541,$4571,4571,$0.11,$0.11,$4999,$0,$16,$7551,$1460,$230,$597,$692,$3064,$10615,$1820,$0,$8,$33,$1853,$109,$10090,$0,$8762,$10615,$2013,$175,$902,$1077,$-294,$0,$-3,$65,$-232,$1756,$-367,$0,$-206,$352,$39,$391,$-23,$-205,$0,$0,$0,$0,$0,$-815,$0,$-815,$528,$0,$-815
14,2014-12-31,14.26,$1.80,7.93,$1.89,7.54,$0.98,14.6,$0.44,32.58,$7.66B,$1.80B,4.27,$0.00B,$8.22B,0.0,$8.64B,$3.27B,37.82%,$8.64B,$2.24B,25.88%,$8.64B,$2.24B,25.88%,$8.64B,$2.42B,28.04%,$8.64B,$2.80B,32.33%,$8.64B,$2.00B,23.16%,$2.00B,$8.22B,24.84%,$2.00B,$7.84B,26.13%,$2.00B,$10.03B,20.45%,$2.24B,$8.22B,27.75%,$2159,$1317,$842,$0,$287,$1604,$555,$141,$696,$198,$498,$498,$498,$635,$555,$4571,4571,$0.11,$0.11,$5319,$0,$5,$7664,$1385,$214,$375,$291,$2364,$10028,$1795,$0,$10,$18,$1813,$109,$9592,$0,$8215,$10028,$1515,$129,$636,$765,$-158,$0,$3,$197,$42,$1780,$-261,$0,$0,$250,$47,$297,$-1,$35,$0,$0,$0,$0,$0,$-815,$0,$-815,$749,$0,$-815
15,2014-09-30,13.6,$1.79,7.59,$1.87,7.29,$0.88,15.42,$0.42,32.09,$7.63B,$1.73B,4.42,$0.00B,$8.19B,0.0,$8.53B,$3.17B,37.18%,$8.53B,$2.17B,25.46%,$8.53B,$2.17B,25.46%,$8.53B,$2.37B,27.83%,$8.53B,$2.71B,31.79%,$8.53B,$1.94B,22.79%,$1.94B,$8.19B,24.87%,$1.94B,$7.80B,26.24%,$1.94B,$9.99B,20.52%,$2.17B,$8.19B,27.78%,$2218,$1360,$858,$0,$266,$1626,$592,$136,$728,$206,$522,$522,$522,$622,$592,$4571,4571,$0.12,$0.12,$5232,$0,$7,$7627,$1360,$213,$389,$292,$2362,$9989,$1725,$0,$63,$72,$1797,$64,$9406,$0,$8192,$9989,$993,$86,$427,$513,$-165,$0,$-3,$159,$-9,$1171,$-168,$0,$0,$-137,$30,$-107,$-4,$-279,$0,$0,$0,$0,$0,$-479,$0,$-479,$273,$0,$-479
16,2014-06-30,12.09,$1.73,7.0,$1.84,6.59,$0.83,14.54,$0.40,30.51,$7.24B,$1.66B,4.37,$0.00B,$7.90B,0.0,$8.39B,$3.05B,36.36%,$8.39B,$2.05B,24.40%,$8.39B,$2.05B,24.40%,$8.39B,$2.26B,26.89%,$8.39B,$2.52B,30.07%,$8.39B,$1.82B,21.63%,$1.82B,$7.90B,24.23%,$1.82B,$7.49B,25.65%,$1.82B,$9.63B,20.01%,$2.05B,$7.90B,27.33%,$2201,$1353,$848,$0,$273,$1626,$575,$144,$719,$208,$511,$511,$511,$575,$575,$4571,4571,$0.11,$0.11,$4728,$0,$16,$7244,$1354,$216,$413,$289,$2381,$9625,$1656,$0,$59,$69,$1725,$64,$8895,$0,$7900,$9625,$482,$39,$204,$243,$-182,$0,$-9,$45,$-146,$465,$-75,$0,$0,$-51,$7,$-44,$-9,$-128,$0,$0,$0,$0,$0,$-409,$-70,$-479,$-167,$0,$-409
17,2014-03-31,12.03,$3.47,3.47,$1.80,6.66,$0.82,14.68,$0.38,31.43,$7.18B,$1.52B,4.71,$0.00B,$7.93B,0.0,$8.25B,$2.96B,35.85%,$8.25B,$1.98B,23.99%,$8.25B,$1.98B,23.99%,$8.25B,$2.21B,26.73%,$8.25B,$2.42B,29.32%,$8.25B,$1.75B,21.23%,$1.75B,$7.93B,24.24%,$1.75B,$7.52B,25.72%,$1.75B,$9.52B,20.14%,$1.98B,$7.93B,27.39%,$2133,$1344,$789,$0,$253,$1597,$536,$139,$675,$193,$482,$482,$482,$592,$536,$4571,4571,$0.11,$0.11,$4841,$0,$36,$7180,$1316,$208,$417,$291,$2342,$9522,$1524,$0,$54,$65,$1589,$64,$8892,$0,$7933,$9522,$1751,$226,$689,$915,$-294,$0,$5,$264,$-25,$2003,$-451,$0,$0,$-186,$-145,$-331,$-41,$-823,$0,$0,$0,$0,$0,$-519,$0,$-519,$310,$0,$-519
18,2013-12-31,12.56,$1.58,7.94,$1.77,7.09,$0.78,16.19,$0.37,33.6,$6.53B,$1.44B,4.53,$0.00B,$7.23B,0.0,$8.10B,$2.86B,35.33%,$8.10B,$1.90B,23.50%,$8.10B,$1.90B,23.50%,$8.10B,$2.13B,26.28%,$8.10B,$2.33B,28.76%,$8.10B,$1.71B,21.10%,$1.71B,$7.23B,24.15%,$1.71B,$6.82B,25.66%,$1.71B,$8.73B,20.21%,$1.90B,$7.23B,26.89%,$2092,$1318,$774,$0,$240,$1558,$534,$139,$673,$186,$487,$487,$487,$584,$534,$4571,4571,$0.11,$0.11,$4236,$0,$0,$6534,$1202,$203,$414,$282,$2199,$8733,$1442,$0,$49,$60,$1502,$64,$8405,$0,$7231,$8733,$1264,$168,$499,$667,$-353,$0,$9,$298,$-46,$1410,$-322,$0,$0,$-241,$-133,$-374,$-27,$-723,$0,$0,$0,$0,$0,$-519,$0,$-519,$-309,$0,$-519
19,2013-09-30,10.62,$1.51,7.03,$1.73,6.14,$0.77,13.82,$0.37,28.88,$6.36B,$1.44B,4.41,$0.00B,$6.90B,0.0,$7.91B,$2.81B,35.53%,$7.91B,$1.87B,23.61%,$7.91B,$1.87B,23.61%,$7.91B,$2.09B,26.41%,$7.91B,$2.27B,28.69%,$7.91B,$1.68B,21.24%,$1.68B,$6.90B,24.09%,$1.68B,$6.49B,25.66%,$1.68B,$8.40B,20.34%,$1.87B,$6.90B,26.79%,$2100,$1341,$759,$0,$233,$1574,$526,$117,$643,$180,$463,$463,$463,$505,$526,$4571,4571,$0.10,$0.10,$4133,$0,$0,$6358,$1120,$165,$414,$252,$2039,$8397,$1442,$0,$44,$55,$1497,$64,$8159,$0,$6900,$8397,$801,$110,$319,$429,$-344,$0,$-4,$369,$21,$972,$-199,$0,$0,$-260,$-99,$-359,$-5,$-563,$0,$0,$0,$0,$0,$-302,$0,$-302,$-420,$0,$-302
20,2013-06-30,9.09,$1.49,6.08,$1.67,5.44,$0.75,12.18,$0.38,24.07,$6.20B,$1.24B,5.0,$0.00B,$6.83B,0.0,$7.64B,$2.76B,36.18%,$7.64B,$1.89B,24.72%,$7.64B,$1.89B,24.72%,$7.64B,$2.11B,27.56%,$7.64B,$2.34B,30.60%,$7.64B,$1.73B,22.61%,$1.73B,$6.83B,24.86%,$1.73B,$6.42B,26.29%,$1.73B,$8.13B,21.25%,$1.89B,$6.83B,27.18%,$2066,$1337,$729,$0,$278,$1615,$451,$81,$532,$149,$383,$383,$383,$524,$451,$4571,4571,$0.08,$0.08,$3968,$0,$0,$6204,$1124,$87,$414,$214,$1926,$8130,$1240,$0,$34,$58,$1298,$64,$7776,$0,$6832,$8130,$418,$56,$168,$224,$-239,$0,$-20,$126,$-133,$418,$-87,$0,$0,$-125,$-14,$-139,$-7,$-233,$0,$0,$0,$0,$0,$-302,$0,$-302,$-465,$0,$-302
21,2013-03-31,11.76,$1.60,7.33,$1.62,7.26,$0.74,15.87,$0.38,31.13,$6.51B,$1.16B,5.62,$0.00B,$7.33B,0.0,$7.40B,$2.76B,37.32%,$7.40B,$1.91B,25.80%,$7.40B,$1.91B,25.80%,$7.40B,$2.12B,28.60%,$7.40B,$2.34B,31.66%,$7.40B,$1.73B,23.32%,$1.73B,$7.33B,25.54%,$1.73B,$6.90B,26.85%,$1.73B,$8.54B,21.91%,$1.91B,$7.33B,28.27%,$1991,$1296,$695,$0,$227,$1523,$468,$103,$571,$153,$418,$418,$418,$514,$468,$4571,4571,$0.09,$0.09,$4341,$0,$19,$6505,$1191,$72,$432,$245,$2034,$8539,$1158,$0,$27,$50,$1208,$64,$7666,$0,$7331,$8539,$1725,$207,$593,$800,$-275,$0,$23,$68,$-184,$1738,$-382,$-2,$-213,$-246,$-28,$-274,$-56,$-927,$-16,$0,$-16,$1,$1,$-568,$0,$-583,$-26,$0,$-568
22,2012-12-31,9.22,$1.49,6.19,$1.58,5.83,$0.75,12.36,$0.38,24.18,$6.09B,$1.11B,5.49,$0.00B,$6.81B,0.0,$7.23B,$2.81B,38.92%,$7.23B,$1.98B,27.38%,$7.23B,$1.98B,27.38%,$7.23B,$2.18B,30.13%,$7.23B,$2.42B,33.45%,$7.23B,$1.74B,24.12%,$1.74B,$6.81B,26.57%,$1.74B,$6.37B,27.74%,$1.74B,$7.96B,22.88%,$1.98B,$6.81B,30.16%,$1938,$1261,$677,$0,$220,$1481,$457,$125,$582,$138,$444,$444,$444,$545,$457,$4571,4571,$0.10,$0.10,$4079,$0,$0,$6085,$1115,$14,$440,$224,$1870,$7955,$1108,$0,$18,$34,$1142,$64,$7223,$0,$6813,$7955,$1281,$150,$450,$600,$-207,$0,$2,$108,$-97,$1319,$-267,$-2,$-206,$-1270,$19,$-1251,$-21,$-1747,$-16,$0,$-16,$1,$1,$-488,$-79,$-582,$-1307,$0,$-488
23,2012-09-30,10.52,$1.49,7.06,$1.56,6.75,$0.75,13.96,$0.39,27.22,$6.25B,$1.04B,5.99,$0.00B,$6.81B,0.0,$7.13B,$2.88B,40.44%,$7.13B,$2.05B,28.75%,$7.13B,$2.05B,28.75%,$7.13B,$2.24B,31.42%,$7.13B,$2.48B,34.77%,$7.13B,$1.77B,24.81%,$1.77B,$6.81B,27.94%,$1.77B,$6.59B,28.91%,$1.77B,$7.88B,24.08%,$2.05B,$6.81B,32.38%,$1911,$1203,$708,$0,$217,$1420,$491,$92,$583,$149,$434,$434,$434,$522,$491,$4571,4571,$0.10,$0.10,$4257,$0,$27,$6245,$1097,$14,$225,$231,$1634,$7879,$1043,$0,$13,$23,$1066,$64,$6974,$0,$6813,$7879,$847,$96,$315,$411,$-159,$0,$2,$29,$-422,$836,$-162,$-2,$-1,$-883,$4,$-879,$-12,$-1056,$0,$0,$0,$0,$0,$-329,$-53,$-382,$-782,$0,$-329
24,2012-06-30,9.76,$1.33,7.37,$1.55,6.31,$0.76,12.88,$0.38,25.52,$5.61B,$1.03B,5.46,$0.00B,$6.06B,0.0,$7.08B,$2.92B,41.27%,$7.08B,$2.07B,29.22%,$7.08B,$2.07B,29.22%,$7.08B,$2.26B,31.92%,$7.08B,$2.45B,34.66%,$7.08B,$1.75B,24.71%,$1.75B,$6.06B,28.47%,$1.75B,$5.84B,29.46%,$1.75B,$7.12B,24.50%,$2.07B,$6.06B,33.67%,$1797,$1114,$683,$0,$211,$1325,$472,$129,$601,$170,$431,$431,$431,$535,$472,$4571,4571,$0.09,$0.09,$3695,$0,$0,$5612,$1009,$10,$215,$210,$1504,$7116,$1027,$0,$21,$32,$1059,$64,$6543,$0,$6057,$7116,$416,$46,$153,$199,$-210,$0,$3,$74,$-133,$385,$-80,$0,$0,$0,$-391,$-391,$-6,$-477,$0,$0,$0,$0,$0,$-329,$-53,$-382,$-805,$0,$-329
25,2012-03-31,12.18,$1.44,8.47,$1.53,7.96,$0.76,16.0,$0.38,32.48,$5.95B,$0.94B,6.35,$0.00B,$6.58B,0.0,$6.99B,$2.88B,41.12%,$6.99B,$2.01B,28.78%,$6.99B,$2.01B,28.78%,$6.99B,$2.21B,31.57%,$6.99B,$2.41B,34.46%,$6.99B,$1.72B,24.54%,$1.72B,$6.58B,27.78%,$1.72B,$6.35B,28.71%,$1.72B,$7.54B,24.03%,$2.01B,$6.58B,32.59%,$1752,$1059,$693,$0,$204,$1263,$489,$87,$576,$160,$416,$416,$416,$577,$489,$4571,4571,$0.09,$0.09,$4121,$0,$0,$5945,$1063,$2,$229,$236,$1592,$7537,$937,$0,$22,$24,$961,$64,$6509,$0,$6576,$7537,$1716,$195,$694,$889,$-378,$0,$-5,$115,$-268,$1681,$-301,$-19,$-41,$-46,$6,$-40,$-28,$-429,$0,$0,$0,$1,$1,$-501,$0,$-500,$310,$0,$-501
26,2011-12-31,10.97,$1.28,8.55,$1.49,7.35,$0.68,16.11,$0.36,30.38,$5.44B,$0.95B,5.75,$0.00B,$5.87B,0.0,$6.83B,$2.81B,41.20%,$6.83B,$1.95B,28.56%,$6.83B,$1.95B,28.56%,$6.83B,$2.14B,31.41%,$6.83B,$2.31B,33.80%,$6.83B,$1.66B,24.25%,$1.66B,$5.87B,27.29%,$1.66B,$5.69B,28.19%,$1.66B,$6.84B,23.61%,$1.95B,$5.87B,32.14%,$1771,$1041,$730,$0,$202,$1243,$528,$131,$659,$196,$463,$463,$463,$605,$528,$4571,4571,$0.10,$0.10,$3719,$0,$0,$5444,$955,$2,$184,$185,$1392,$6836,$947,$0,$15,$20,$967,$64,$6046,$0,$5869,$6836,$1253,$146,$493,$639,$-361,$0,$-4,$179,$-186,$1272,$-186,$-15,$0,$-24,$7,$-17,$-19,$-237,$0,$0,$0,$1,$1,$-431,$-70,$-500,$-66,$0,$-431
27,2011-09-30,10.85,$1.33,8.19,$1.44,7.51,$0.63,17.35,$0.35,31.21,$5.41B,$0.89B,6.05,$0.00B,$6.06B,0.0,$6.60B,$2.72B,41.11%,$6.60B,$1.87B,28.29%,$6.60B,$1.87B,28.29%,$6.60B,$2.07B,31.28%,$6.60B,$2.21B,33.45%,$6.60B,$1.59B,24.14%,$1.59B,$6.06B,26.48%,$1.59B,$5.86B,27.36%,$1.59B,$7.05B,22.97%,$1.87B,$6.06B,31.03%,$1806,$1030,$776,$0,$216,$1246,$560,$82,$642,$184,$458,$458,$458,$541,$560,$4571,4571,$0.10,$0.10,$3797,$0,$0,$5409,$1026,$2,$195,$331,$1637,$7046,$894,$0,$15,$95,$989,$64,$5792,$0,$6057,$7046,$795,$101,$311,$412,$-219,$0,$-5,$109,$-115,$831,$-136,$-15,$0,$22,$-1,$21,$-13,$-143,$0,$0,$0,$1,$1,$-254,$-42,$-295,$47,$0,$-254
28,2011-06-30,13.86,$1.36,10.2,$1.39,9.97,$0.60,23.25,$0.34,40.89,$5.57B,$0.85B,6.58,$0.00B,$6.21B,0.0,$6.35B,$2.64B,41.47%,$6.35B,$1.83B,28.80%,$6.35B,$1.83B,28.80%,$6.35B,$2.02B,31.85%,$6.35B,$2.14B,33.73%,$6.35B,$1.56B,24.50%,$1.56B,$6.21B,26.08%,$1.56B,$6.01B,26.96%,$1.56B,$7.15B,22.68%,$1.83B,$6.21B,30.65%,$1746,$1025,$721,$0,$231,$1256,$490,$85,$575,$164,$411,$411,$411,$485,$490,$4571,4571,$0.09,$0.09,$3795,$0,$155,$5567,$1093,$5,$195,$201,$1579,$7146,$846,$0,$18,$92,$938,$64,$5387,$0,$6208,$7146,$384,$50,$149,$199,$-83,$0,$-5,$-18,$-106,$377,$-57,$0,$0,$22,$-1,$21,$-1,$-37,$0,$0,$0,$6,$6,$-254,$-42,$-290,$47,$0,$-254
29,2011-03-31,15.12,$1.34,11.29,$1.32,11.44,$0.59,25.68,$0.33,46.33,$5.31B,$0.82B,6.51,$0.00B,$6.12B,0.0,$6.04B,$2.54B,42.11%,$6.04B,$1.78B,29.45%,$6.04B,$1.78B,29.45%,$6.04B,$1.97B,32.58%,$6.04B,$2.05B,33.87%,$6.04B,$1.50B,24.81%,$1.50B,$6.12B,26.11%,$1.50B,$5.93B,27.03%,$1.50B,$7.01B,22.69%,$1.78B,$6.12B,30.99%,$1671,$1022,$649,$0,$214,$1236,$435,$99,$534,$150,$384,$384,$384,$513,$435,$4571,4571,$0.08,$0.08,$3769,$0,$15,$5312,$1086,$5,$196,$326,$1698,$7010,$816,$0,$14,$72,$888,$64,$5294,$0,$6122,$7010,$1499,$189,$526,$715,$-342,$0,$7,$46,$-289,$1298,$-285,$0,$0,$251,$553,$804,$-29,$490,$0,$0,$0,$5,$5,$-699,$-117,$-811,$1039,$0,$-699
30,2010-12-31,16.05,$1.25,12.88,$1.25,12.79,$0.66,24.49,$0.32,50.91,$4.94B,$0.79B,6.24,$0.00B,$5.70B,0.0,$5.74B,$2.43B,42.37%,$5.74B,$1.71B,29.73%,$5.74B,$1.71B,29.73%,$5.74B,$1.90B,33.04%,$5.74B,$1.94B,33.74%,$5.74B,$1.45B,25.21%,$1.45B,$5.70B,26.06%,$1.45B,$5.50B,27.00%,$1.45B,$6.56B,22.63%,$1.71B,$5.70B,30.72%,$1602,$936,$666,$0,$202,$1138,$464,$92,$556,$154,$402,$402,$402,$527,$464,$4569,4571,$0.09,$0.09,$3555,$0,$10,$4939,$1057,$6,$195,$288,$1619,$6558,$791,$0,$14,$72,$863,$64,$4892,$0,$5695,$6558,$1097,$140,$382,$522,$-213,$0,$4,$38,$-171,$1042,$-211,$0,$0,$35,$554,$589,$-38,$340,$0,$0,$0,$5,$5,$-699,$-117,$-811,$616,$0,$-699
31,2010-09-30,14.0,$1.28,10.92,$1.18,11.89,$0.70,20.04,$0.30,46.27,$5.21B,$0.83B,6.32,$0.00B,$5.86B,0.0,$5.38B,$2.28B,42.42%,$5.38B,$1.61B,29.88%,$5.38B,$1.61B,29.88%,$5.38B,$1.81B,33.54%,$5.38B,$1.82B,33.87%,$5.38B,$1.38B,25.70%,$1.38B,$5.86B,25.95%,$1.38B,$5.66B,26.92%,$1.38B,$6.74B,22.50%,$1.61B,$5.86B,30.17%,$1585,$906,$679,$0,$200,$1106,$479,$65,$544,$147,$397,$397,$397,$499,$479,$4570,4571,$0.09,$0.09,$3869,$0,$4,$5211,$1008,$0,$195,$259,$1531,$6742,$825,$0,$13,$58,$883,$64,$5096,$0,$5859,$6742,$700,$92,$230,$322,$-193,$0,$6,$61,$-126,$679,$-118,$0,$0,$-155,$551,$396,$-34,$244,$0,$0,$0,$3,$3,$-184,$-31,$-212,$729,$0,$-184
32,2010-06-30,12.47,$1.16,10.78,$1.10,11.3,$0.74,16.88,$0.29,42.78,$4.66B,$0.78B,5.98,$0.00B,$5.28B,0.0,$5.04B,$2.13B,42.34%,$5.04B,$1.51B,29.88%,$5.04B,$1.51B,29.88%,$5.04B,$1.70B,33.81%,$5.04B,$1.71B,33.99%,$5.04B,$1.33B,26.31%,$1.33B,$5.28B,26.61%,$1.33B,$5.09B,27.62%,$1.33B,$6.12B,23.03%,$1.51B,$5.28B,30.22%,$1496,$855,$641,$0,$189,$1044,$452,$57,$509,$135,$374,$374,$374,$429,$452,$4569,4571,$0.08,$0.08,$3446,$0,$0,$4658,$955,$0,$190,$250,$1457,$6115,$779,$0,$13,$52,$831,$64,$4722,$0,$5284,$6115,$326,$45,$103,$148,$-124,$0,$2,$34,$-88,$338,$-51,$0,$0,$-135,$520,$385,$-41,$293,$0,$0,$0,$1,$1,$-184,$-31,$-214,$313,$0,$-184
33,2010-03-31,12.17,$1.17,10.37,$1.05,11.57,$0.75,16.14,$0.29,42.11,$4.65B,$0.71B,6.55,$0.00B,$5.36B,0.0,$4.80B,$2.06B,42.78%,$4.80B,$1.46B,30.39%,$4.80B,$1.46B,30.39%,$4.80B,$1.66B,34.53%,$4.80B,$1.67B,34.74%,$4.80B,$1.31B,27.33%,$1.31B,$5.36B,27.94%,$1.31B,$5.17B,29.00%,$1.31B,$6.15B,24.16%,$1.46B,$5.36B,31.07%,$1358,$800,$558,$0,$174,$974,$384,$53,$437,$111,$326,$326,$326,$440,$384,$4568,4571,$0.07,$0.07,$3524,$0,$21,$4653,$989,$8,$195,$225,$1495,$6148,$710,$0,$13,$77,$787,$64,$4611,$0,$5361,$6148,$1313,$199,$-35,$164,$22,$0,$-4,$-29,$345,$1452,$-137,$0,$-37,$-249,$-498,$-747,$-4,$-925,$0,$0,$0,$20,$20,$-330,$0,$-310,$531,$0,$-330
34,2009-12-31,11.43,$1.06,10.83,$1.01,11.28,$0.71,16.05,$0.28,40.46,$4.14B,$0.70B,5.93,$0.00B,$4.82B,0.0,$4.63B,$1.97B,42.64%,$4.63B,$1.40B,30.24%,$4.63B,$1.40B,30.24%,$4.63B,$1.59B,34.44%,$4.63B,$1.61B,34.67%,$4.63B,$1.29B,27.76%,$1.29B,$4.82B,29.85%,$1.29B,$4.63B,30.99%,$1.29B,$5.58B,25.75%,$1.40B,$4.82B,32.52%,$1296,$744,$552,$0,$162,$906,$390,$55,$445,$96,$349,$349,$349,$437,$390,$4564,4569,$0.08,$0.08,$3105,$0,$16,$4135,$961,$0,$193,$153,$1443,$5578,$697,$0,$9,$63,$760,$64,$4262,$0,$4818,$5578,$964,$149,$244,$393,$55,$0,$-3,$16,$68,$1135,$-105,$0,$-37,$0,$-1085,$-1085,$1,$-1226,$0,$0,$0,$13,$13,$-282,$-48,$-317,$-195,$0,$-282
35,2009-09-30,9.99,$0.98,10.2,$1.00,9.98,$0.68,14.74,$0.28,35.51,$3.86B,$0.66B,5.83,$0.00B,$4.47B,0.0,$4.57B,$1.95B,42.73%,$4.57B,$1.39B,30.45%,$4.57B,$1.39B,30.45%,$4.57B,$1.57B,34.35%,$4.57B,$1.55B,34.00%,$4.57B,$1.28B,28.09%,$1.28B,$4.47B,32.06%,$1.28B,$4.32B,33.30%,$1.28B,$5.19B,27.59%,$1.39B,$4.47B,34.76%,$1232,$700,$532,$0,$150,$850,$382,$50,$432,$98,$334,$334,$334,$398,$382,$4565,4569,$0.07,$0.07,$2878,$0,$5,$3855,$946,$0,$150,$128,$1333,$5188,$661,$0,$0,$56,$717,$64,$4070,$0,$4471,$5188,$630,$94,$-7,$87,$55,$0,$-3,$47,$97,$814,$-71,$0,$0,$0,$-656,$-656,$-11,$-738,$0,$0,$0,$9,$9,$-161,$-27,$-179,$41,$0,$-161
36,2009-06-30,7.58,$0.90,8.37,$1.01,7.47,$0.63,12.0,$0.28,26.94,$3.51B,$0.62B,5.69,$0.00B,$4.15B,0.0,$4.63B,$1.99B,42.87%,$4.63B,$1.40B,30.28%,$4.63B,$1.40B,30.28%,$4.63B,$1.57B,33.97%,$4.63B,$1.53B,33.05%,$4.63B,$1.29B,27.78%,$1.29B,$4.15B,34.12%,$1.29B,$4.00B,35.54%,$1.29B,$4.83B,29.26%,$1.40B,$4.15B,37.20%,$1154,$662,$492,$0,$142,$804,$350,$49,$399,$82,$317,$317,$317,$384,$350,$4563,4568,$0.07,$0.07,$2510,$0,$5,$3506,$958,$0,$151,$115,$1319,$4825,$616,$0,$0,$61,$677,$64,$3742,$0,$4148,$4825,$313,$46,$-2,$44,$27,$0,$-3,$-12,$30,$387,$-30,$0,$0,$0,$-234,$-234,$0,$-264,$0,$0,$0,$4,$4,$-161,$0,$-157,$103,$0,$-161
37,2009-03-31,5.41,$0.83,6.55,$1.02,5.3,$0.61,8.89,$0.28,19.32,$3.12B,$0.54B,5.81,$0.00B,$3.78B,0.0,$4.66B,$1.96B,42.12%,$4.66B,$1.37B,29.47%,$4.66B,$1.37B,29.47%,$4.66B,$1.54B,33.00%,$4.66B,$1.48B,31.63%,$4.66B,$1.28B,27.47%,$1.28B,$3.78B,35.44%,$1.28B,$3.64B,37.04%,$1.28B,$4.37B,30.30%,$1.37B,$3.78B,38.01%,$1122,$643,$479,$0,$141,$784,$338,$55,$393,$80,$313,$313,$313,$375,$338,$4561,4567,$0.07,$0.07,$2167,$0,$0,$3120,$920,$0,$142,$106,$1249,$4369,$537,$0,$11,$48,$585,$64,$3618,$0,$3784,$4369,$1281,$165,$192,$357,$-139,$0,$-6,$112,$-33,$1411,$-287,$0,$-3,$0,$19,$19,$-21,$-292,$0,$0,$0,$14,$14,$-559,$0,$-545,$109,$1,$-559
38,2008-12-31,4.99,$0.79,6.35,$1.03,4.86,$0.53,9.35,$0.28,17.99,$2.95B,$0.56B,5.29,$0.00B,$3.60B,0.0,$4.68B,$1.97B,42.08%,$4.68B,$1.38B,29.36%,$4.68B,$1.38B,29.36%,$4.68B,$1.53B,32.75%,$4.68B,$1.46B,31.17%,$4.68B,$1.27B,27.18%,$1.27B,$3.60B,34.90%,$1.27B,$3.45B,36.58%,$1.27B,$4.22B,29.87%,$1.38B,$3.60B,37.70%,$1121,$650,$471,$0,$141,$791,$330,$51,$381,$60,$321,$321,$321,$412,$330,$4557,4565,$0.07,$0.07,$1989,$0,$0,$2951,$938,$0,$151,$87,$1265,$4216,$558,$0,$54,$54,$612,$64,$3297,$0,$3604,$4216,$960,$120,$1,$121,$-117,$0,$-8,$129,$15,$1096,$-226,$0,$-3,$-43,$16,$-27,$-18,$-274,$0,$0,$0,$10,$10,$-559,$0,$-549,$-110,$1,$-559
39,2008-09-30,6.72,$0.77,8.7,$1.01,6.68,$0.49,13.79,$0.27,24.67,$2.89B,$0.58B,4.95,$0.00B,$3.54B,0.0,$4.60B,$1.92B,41.68%,$4.60B,$1.32B,28.63%,$4.60B,$1.32B,28.63%,$4.60B,$1.48B,32.09%,$4.60B,$1.43B,31.19%,$4.60B,$1.25B,27.26%,$1.25B,$3.54B,34.27%,$1.25B,$3.38B,35.99%,$1.25B,$4.17B,29.52%,$1.32B,$3.54B,36.00%,$1171,$661,$510,$0,$137,$798,$373,$7,$380,$48,$332,$332,$332,$402,$373,$4558,4564,$0.07,$0.07,$1886,$0,$0,$2890,$949,$0,$158,$79,$1279,$4169,$584,$0,$47,$47,$631,$64,$3100,$0,$3538,$4169,$628,$81,$0,$81,$-146,$0,$-8,$135,$-9,$700,$-168,$0,$-3,$0,$16,$16,$-16,$-171,$0,$0,$0,$8,$8,$-424,$0,$-416,$-172,$0,$-424
40,2008-06-30,8.77,$0.77,11.37,$0.96,9.09,$0.46,19.07,$0.26,33.41,$2.83B,$0.60B,4.76,$0.00B,$3.53B,0.0,$4.40B,$1.82B,41.38%,$4.40B,$1.24B,28.12%,$4.40B,$1.24B,28.12%,$4.40B,$1.39B,31.61%,$4.40B,$1.38B,31.32%,$4.40B,$1.21B,27.39%,$1.21B,$3.53B,33.33%,$1.21B,$3.36B,35.01%,$1.21B,$4.16B,28.88%,$1.24B,$3.53B,34.21%,$1216,$691,$525,$0,$164,$855,$361,$15,$376,$56,$320,$320,$320,$350,$361,$4557,4566,$0.07,$0.07,$1757,$0,$0,$2831,$990,$0,$174,$78,$1326,$4157,$595,$0,$30,$30,$625,$64,$2780,$0,$3532,$4157,$308,$40,$0,$40,$-59,$0,$-9,$29,$-17,$331,$-80,$0,$-3,$0,$-19,$-19,$-6,$-108,$0,$0,$0,$6,$6,$-362,$-62,$-418,$-336,$0,$-362
41,2008-03-31,7.12,$0.86,8.31,$0.92,7.78,$0.45,15.86,$0.25,28.18,$3.13B,$0.55B,5.7,$0.00B,$3.92B,0.0,$4.18B,$1.72B,41.26%,$4.18B,$1.16B,27.75%,$4.18B,$1.16B,27.75%,$4.18B,$1.31B,31.32%,$4.18B,$1.33B,31.94%,$4.18B,$1.16B,27.85%,$1.16B,$3.92B,33.26%,$1.16B,$3.73B,34.95%,$1.16B,$4.51B,29.13%,$1.16B,$3.92B,33.14%,$1155,$697,$458,$0,$148,$845,$310,$28,$338,$30,$308,$308,$308,$370,$310,$4555,4566,$0.07,$0.07,$2076,$0,$0,$3127,$1022,$0,$185,$100,$1381,$4508,$549,$0,$0,$43,$592,$64,$2896,$0,$3916,$4508,$1163,$149,$1,$150,$-252,$0,$7,$55,$-156,$1157,$-373,$0,$-32,$-11,$2,$-9,$-6,$-420,$0,$0,$0,$15,$15,$-209,$0,$-194,$664,$3,$-209
42,2007-12-31,9.02,$0.80,11.34,$0.86,10.55,$0.39,22.96,$0.24,37.39,$2.88B,$0.51B,5.68,$0.00B,$3.64B,0.0,$3.90B,$1.61B,41.34%,$3.90B,$1.07B,27.33%,$3.90B,$1.07B,27.33%,$3.90B,$1.21B,31.05%,$3.90B,$1.23B,31.64%,$3.90B,$1.11B,28.46%,$1.11B,$3.64B,34.69%,$1.11B,$3.46B,36.51%,$1.11B,$4.14B,30.52%,$1.07B,$3.64B,33.31%,$1142,$664,$478,$0,$147,$811,$331,$35,$366,$53,$313,$313,$313,$353,$331,$4549,4564,$0.07,$0.07,$2013,$0,$0,$2877,$968,$0,$179,$83,$1267,$4144,$507,$0,$0,$0,$507,$64,$2506,$365,$3637,$4144,$850,$110,$2,$112,$-89,$0,$1,$1,$-39,$923,$-265,$0,$-26,$0,$-27,$-27,$1,$-317,$0,$0,$0,$6,$6,$-209,$0,$-203,$542,$2,$-209
43,2007-09-30,9.6,$0.74,12.94,$0.80,12.01,$0.34,28.58,$0.22,43.37,$2.68B,$0.51B,5.28,$0.00B,$3.39B,0.0,$3.63B,$1.51B,41.52%,$3.63B,$0.99B,27.11%,$3.63B,$0.99B,27.11%,$3.63B,$1.12B,30.90%,$3.63B,$1.13B,30.99%,$3.63B,$1.02B,27.93%,$1.02B,$3.39B,35.70%,$1.02B,$3.23B,37.64%,$1.02B,$3.90B,31.46%,$0.99B,$3.39B,34.64%,$1084,$629,$455,$0,$141,$770,$314,$40,$354,$42,$312,$312,$312,$319,$314,$4548,4564,$0.07,$0.07,$1841,$0,$0,$2677,$914,$0,$157,$120,$1220,$3897,$507,$0,$0,$0,$507,$64,$2298,$334,$3390,$3897,$538,$71,$2,$73,$-59,$0,$2,$27,$-22,$589,$-183,$0,$0,$0,$3,$3,$4,$-176,$0,$0,$0,$0,$0,$-107,$0,$-107,$428,$2,$-107
44,2007-06-30,9.99,$0.67,15.0,$0.74,13.5,$0.30,33.44,$0.21,48.72,$2.36B,$0.37B,6.3,$0.00B,$3.05B,0.0,$3.36B,$1.40B,41.72%,$3.36B,$0.91B,27.19%,$3.36B,$0.91B,27.19%,$3.36B,$1.04B,31.06%,$3.36B,$1.03B,30.67%,$3.36B,$0.94B,28.02%,$0.94B,$3.05B,37.87%,$0.94B,$2.89B,40.04%,$0.94B,$3.42B,33.52%,$0.91B,$3.05B,36.75%,$1022,$591,$431,$0,$148,$739,$283,$38,$321,$48,$273,$273,$273,$266,$283,$4547,4564,$0.06,$0.06,$1587,$0,$0,$2357,$832,$0,$155,$45,$1063,$3420,$374,$0,$1,$1,$375,$64,$2027,$261,$3045,$3420,$265,$35,$1,$36,$-17,$0,$-3,$-15,$-19,$282,$-83,$0,$0,$0,$6,$6,$3,$-74,$0,$0,$0,$0,$0,$-107,$0,$-107,$193,$1,$-107
45,2007-03-31,9.94,$0.59,16.71,$0.68,14.54,$0.27,36.44,$0.19,53.31,$2.10B,$0.36B,5.91,$0.00B,$2.72B,0.0,$3.09B,$1.31B,42.49%,$3.09B,$0.85B,27.57%,$3.09B,$0.85B,27.57%,$3.09B,$0.97B,31.39%,$3.09B,$0.94B,30.29%,$3.09B,$0.85B,27.51%,$0.85B,$2.72B,39.45%,$0.85B,$2.57B,41.85%,$0.85B,$3.07B,34.88%,$0.85B,$2.72B,39.55%,$928,$569,$359,$0,$128,$697,$231,$62,$293,$28,$265,$265,$265,$272,$231,$4547,4564,$0.06,$0.06,$1409,$0,$0,$2098,$738,$0,$148,$70,$975,$3073,$355,$0,$1,$1,$356,$64,$1871,$90,$2717,$3073,$850,$118,$-2,$116,$-208,$0,$3,$116,$-104,$862,$-336,$-3,$-148,$161,$3,$164,$-11,$-334,$0,$0,$0,$277,$277,$-336,$4,$-55,$514,$5,$-336
46,2006-12-31,10.79,$0.50,21.68,$0.63,17.25,$0.24,45.78,$0.16,65.83,$1.73B,$0.30B,5.85,$0.00B,$2.22B,0.0,$2.82B,$1.19B,42.06%,$2.82B,$0.77B,27.34%,$2.82B,$0.77B,27.34%,$2.82B,$0.89B,31.45%,$2.82B,$0.84B,29.89%,$2.82B,$0.74B,26.35%,$0.74B,$2.22B,38.41%,$0.74B,$2.10B,40.24%,$0.74B,$2.52B,34.00%,$0.77B,$2.22B,39.86%,$863,$497,$366,$0,$128,$626,$237,$28,$265,$6,$259,$259,$259,$266,$237,$4432,4529,$0.06,$0.06,$1087,$0,$0,$1727,$609,$0,$126,$40,$790,$2517,$295,$0,$1,$1,$296,$62,$1612,$35,$2221,$2517,$591,$83,$-3,$80,$-158,$0,$1,$57,$-85,$586,$-191,$-3,$-132,$-317,$1,$-316,$-6,$-648,$0,$0,$0,$93,$93,$-336,$3,$-240,$-300,$4,$-336
