,Date,Stock Price,Book Value per Share,Price to Book Ratio,TTM Sales per Share,Price to Sales Ratio,TTM FCF per Share,Price to FCF Ratio,TTM Net EPS,PE Ratio,Current Assets,Current Liabilities,Current Ratio,Long Term Debt,Shareholder's Equity_x,Debt to Equity Ratio,TTM Revenue_x,TTM Gross Profit,Gross Margin,TTM Revenue_y,TTM Operating Income,Operating Margin,TTM Revenue_x,TTM EBIT,EBIT Margin,TTM Revenue_y,TTM EBITDA,EBITDA Margin,TTM Revenue_x,TTM Pre-Tax Income,Pre-Tax Margin,TTM Revenue_y,TTM Net Income_x,Net Margin,TTM Net Income_y,Shareholder's Equity_y,Return on Equity,TTM Net Income_x,Tangible Equity,Return on Tangible Equity,TTM Net Income_y,Total Assets,Return on Assets,TTM Net Income,LT Investments & Debt,Return on Investment,revenue,cost-goods-sold,gross-profit,research-development-expenses,selling-general-administrative-expenses,operating-expenses,operating-income,total-non-operating-income-expense,pre-tax-income,total-provision-income-taxes,income-after-taxes,income-from-continuous-operations,net-income,ebitda,ebit,basic-shares-outstanding,shares-outstanding,eps-basic-net-earnings-per-share,eps-earnings-per-share-diluted,cash-on-hand,inventory,other-current-assets,total-current-assets,net-property-plant-equipment,long-term-investments,goodwill-intangible-assets-total,other-long-term-assets,total-long-term-assets,total-assets,total-current-liabilities,long-term-debt,other-non-current-liabilities,total-long-term-liabilities,total-liabilities,common-stock-net,retained-earnings-accumulated-deficit,comprehensive-income,total-share-holder-equity,total-liabilities-share-holders-equity,net-income-loss,total-depreciation-amortization-cash-flow,other-non-cash-items,total-non-cash-items,change-in-accounts-receivable,change-in-inventories,change-in-accounts-payable,change-in-assets-liabilities,total-change-in-assets-liabilities,cash-flow-from-operating-activities,net-change-in-property-plant-equipment,net-change-in-intangible-assets,net-acquisitions-divestitures,net-change-in-short-term-investments,net-change-in-long-term-investments,net-change-in-investments-total,investing-activities-other,cash-flow-from-investing-activities,net-long-term-debt,net-current-debt,debt-issuance-retirement-net-total,net-common-equity-issued-repurchased,net-total-equity-issued-repurchased,total-common-preferred-stock-dividends-paid,financial-activities-other,cash-flow-from-financial-activities,net-cash-flow,stock-based-compensation,common-stock-dividends-paid
0,2018-06-30,14.04,$0.00,0.0,$5.06,2.78,$1.23,11.42,$1.42,9.89,$964.60B,$862.59B,1.12,$138.46B,$60.49B,2.29,$19.58B,$19.58B,100.00%,$19.58B,$11.29B,57.64%,$19.58B,0,0.00%,$19.58B,0,0.00%,$19.58B,$7.90B,40.37%,$19.58B,$4.45B,22.72%,$4.45B,$60.49B,8.07%,$4.45B,$58.36B,8.35%,$4.45B,$1080.48B,0.45%,$11.29B,$198.95B,6.12%,$5346,$0,$5346,$0,$2936,$2936,$2410,$0,$2411,$664,$1747,$1721,$1704,$0,$0,$3864,3864,$0.44,$0.44,$226330,$0,$0,$964600,$2117,$97254,$2129,$13200,$115873,$1080477,$862585,$138460,$17958,$157407,$1019991,$20379,$35064,$0,$60485,$1080477,$4445,$318,$174,$493,$-30791,$0,$0,$23115,$-7676,$-3733,$-153,$0,$-132,$0,$-1085,$-1085,$6710,$5339,$21758,$0,$21758,$8,$8,$-1995,$0,$19771,$21623,$0,$-1995
1,2017-06-30,16.3,$13.67,1.19,$4.80,3.39,$5.60,2.91,$1.29,12.63,$829.81B,$761.74B,1.09,$108.86B,$53.11B,2.05,$18.59B,$18.59B,100.00%,$18.59B,$10.42B,56.04%,$18.59B,0,0.00%,$18.59B,0,0.00%,$18.59B,$7.04B,37.84%,$18.59B,$3.93B,21.14%,$3.93B,$53.11B,7.42%,$3.93B,$51.47B,7.67%,$3.93B,$945.53B,0.41%,$10.42B,$161.97B,5.71%,$4984,$0,$4984,$0,$2794,$2794,$2190,$0,$2191,$621,$1570,$1543,$1508,$0,$0,$3884,3884,$0.38,$0.38,$177125,$0,$0,$829814,$2132,$92949,$1640,$17570,$115711,$945525,$761743,$108855,$21416,$130667,$892410,$18746,$28168,$0,$53114,$945525,$4675,$286,$605,$891,$-1068,$0,$0,$-11459,$-12527,$-7935,$0,$0,$0,$0,$7117,$7117,$0,$7117,$162,$0,$162,$-2,$-2,$-1795,$0,$-1636,$-2290,$0,$-1795
2,2016-06-30,9.2,$0.00,0.0,$4.82,1.91,$6.80,1.35,$1.30,7.08,$863.85B,$784.93B,1.1,$134.86B,$56.15B,2.4,$18.64B,$18.64B,100.00%,$18.64B,$10.40B,55.78%,$18.64B,0,0.00%,$18.64B,0,0.00%,$18.64B,$7.01B,37.62%,$18.64B,$3.92B,21.06%,$3.92B,$56.15B,7.44%,$3.92B,$54.34B,7.69%,$3.92B,$1000.44B,0.41%,$10.40B,$191.00B,5.44%,$5136,$0,$5136,$0,$2867,$2867,$2269,$0,$2269,$643,$1627,$1601,$1463,$0,$0,$3873,3875,$0.37,$0.37,$204174,$0,$0,$863853,$2228,$109986,$1807,$22567,$136588,$1000440,$784925,$134856,$24512,$159369,$944294,$1052,$0,$0,$56147,$1000440,$3933,$294,$2055,$2348,$-23269,$0,$0,$23101,$-167,$5082,$0,$0,$0,$0,$2772,$2772,$0,$2772,$-338,$0,$-338,$0,$0,$-1796,$6,$-2128,$5082,$0,$-1796
3,2015-12-31,11.55,$13.09,0.88,$4.76,2.43,$5.49,2.1,$1.45,7.97,$799.02B,$729.14B,1.1,$134.68B,$50.65B,2.66,$18.38B,$18.38B,100.00%,$18.38B,$9.99B,54.34%,$18.38B,0,0.00%,$18.38B,0,0.00%,$18.38B,$6.62B,36.00%,$18.38B,$4.45B,24.22%,$4.45B,$50.65B,7.76%,$4.45B,$48.91B,8.01%,$4.45B,$930.35B,0.44%,$9.99B,$185.33B,5.01%,$4115,$0,$4115,$0,$-301,$-301,$4417,$0,$1033,$418,$615,$365,$-226,$0,$0,$3855,3855,$-0.06,$-0.06,$173399,$0,$0,$799017,$2251,$110165,$1740,$17181,$131337,$930354,$729144,$134679,$15885,$150565,$879709,$1030,$0,$0,$50645,$930354,$8220,$704,$401,$1105,$-25573,$0,$0,$29602,$4030,$11745,$-310,$0,$0,$0,$4991,$4991,$-22,$4659,$-12043,$0,$-12043,$38,$38,$-1547,$1155,$-12398,$3627,$0,$-1547
4,2015-09-30,12.13,$13.42,0.9,$4.80,2.53,$6.56,1.85,$1.57,7.73,$826.65B,$749.76B,1.1,$139.60B,$51.89B,2.69,$18.52B,$19.20B,103.69%,$18.52B,$14.02B,75.71%,$18.52B,0,0.00%,$18.52B,0,0.00%,$18.52B,$5.77B,31.18%,$18.52B,$6.01B,32.45%,$6.01B,$51.89B,9.56%,$6.01B,$50.17B,9.86%,$6.01B,$959.11B,0.54%,$14.02B,$191.49B,6.57%,$4354,$0,$4354,$0,$2812,$2812,$1542,$0,$1542,$417,$1125,$1099,$1184,$0,$0,$3868,3874,$0.31,$0.31,$190854,$0,$0,$826645,$2233,$110361,$1720,$18145,$132460,$959105,$749755,$139600,$17857,$157457,$907212,$1032,$0,$0,$51893,$959105,$6677,$527,$1782,$2310,$-24173,$0,$0,$29387,$5214,$13023,$0,$0,$0,$0,$2538,$2538,$0,$2538,$-4887,$0,$-4887,$0,$0,$-1550,$1195,$-5241,$10294,$0,$-1550
5,2015-06-30,14.0,$13.54,1.03,$4.95,2.83,$3.20,4.38,$1.56,8.97,$826.97B,$740.61B,1.12,$143.97B,$52.37B,2.75,$19.10B,$19.78B,103.58%,$19.10B,$14.15B,74.11%,$19.10B,0,0.00%,$19.10B,0,0.00%,$19.10B,$6.20B,32.48%,$19.10B,$5.99B,31.35%,$5.99B,$52.37B,8.78%,$5.99B,$50.59B,9.05%,$5.99B,$956.78B,0.50%,$14.15B,$196.34B,6.21%,$5031,$0,$5031,$0,$2864,$2864,$2167,$0,$2167,$499,$1668,$1540,$1503,$0,$0,$3863,3870,$0.39,$0.39,$182180,$0,$0,$826967,$2236,$107308,$1784,$18479,$129807,$956775,$740607,$143966,$19831,$163797,$904404,$1027,$0,$0,$52371,$956775,$5022,$356,$951,$1308,$-27982,$0,$0,$19183,$-8800,$-3237,$0,$0,$0,$0,$5792,$5792,$0,$5792,$1836,$0,$1836,$0,$0,$-513,$1150,$2473,$4634,$0,$-513
6,2015-03-31,12.23,$0.00,0.0,$6.00,2.04,$4.03,3.03,$1.55,7.89,$854.12B,$940.88B,0.91,$149.98B,$74.46B,2.01,$23.03B,$23.03B,100.00%,$23.03B,$13.99B,60.75%,$23.03B,0,0.00%,$23.03B,0,0.00%,$23.03B,$6.26B,27.17%,$23.03B,$5.91B,25.68%,$5.91B,$74.46B,8.20%,$5.91B,$72.60B,8.45%,$5.91B,$1188.95B,0.46%,$13.99B,$224.44B,5.35%,$4880,$0,$4880,$0,$3005,$3018,$1861,$0,$1875,$518,$1357,$1681,$1991,$0,$0,$3846,3846,$0.52,$0.52,$194044,$0,$0,$854116,$0,$114159,$1863,$216459,$332481,$1188953,$940883,$149977,$23630,$173608,$1114491,$0,$28180,$0,$74463,$1188953,$0,$0,$0,$0,$0,$0,$0,$0,$0,$0,$0,$0,$0,$0,$0,$0,$0,$0,$0,$0,$0,$0,$0,$0,$0,$0,$0,$0,$0
7,2014-12-31,10.86,$0.00,0.0,$7.78,1.4,$4.03,2.69,$0.33,32.91,$932.50B,$1051.23B,0.89,$167.96B,$72.69B,2.31,$29.84B,$29.84B,100.00%,$29.84B,$15.78B,52.90%,$29.84B,0,0.00%,$29.84B,0,0.00%,$29.84B,$6.28B,21.05%,$29.84B,$1.26B,4.21%,$1.26B,$72.69B,1.81%,$1.26B,$70.49B,1.87%,$1.26B,$1312.96B,0.10%,$15.78B,$240.65B,5.76%,$4251,$-683,$4934,$0,$-3588,$-4197,$8448,$0,$189,$73,$116,$602,$1331,$0,$0,$3856,3856,$0.35,$0.35,$201984,$0,$0,$932504,$0,$136995,$2200,$238467,$377662,$1312958,$1051232,$167960,$21079,$189038,$1240270,$1230,$0,$0,$72687,$1312958,$2966,$920,$0,$920,$0,$0,$0,$0,$8456,$15977,$-425,$0,$0,$0,$0,$-9396,$-41,$-9862,$0,$0,$-5511,$0,$310,$0,$-997,$-6199,$-89,$0,$0
8,2014-09-30,11.88,$0.00,0.0,$10.49,1.13,$-3.02,0.0,$0.17,69.89,$946.34B,$1042.29B,0.91,$177.29B,$73.19B,2.42,$40.28B,$39.78B,98.76%,$40.28B,$15.79B,39.19%,$40.28B,0,0.00%,$40.28B,0,0.00%,$40.28B,$9.11B,22.61%,$40.28B,$0.66B,1.64%,$0.66B,$73.19B,0.97%,$0.66B,$70.99B,1.01%,$0.66B,$1314.94B,0.05%,$15.79B,$250.48B,5.79%,$4935,$0,$4935,$0,$3234,$3259,$1676,$0,$1972,$463,$1509,$1162,$1162,$0,$0,$3872,3872,$0.30,$0.30,$200493,$0,$0,$946336,$0,$133105,$2196,$230502,$365804,$1314941,$1042289,$177294,$22171,$199465,$1241754,$0,$30200,$0,$73187,$1314941,$0,$0,$0,$0,$0,$0,$0,$0,$0,$0,$0,$0,$0,$0,$0,$0,$0,$0,$0,$0,$0,$0,$0,$0,$0,$0,$0,$0,$0
9,2014-06-30,11.74,$0.00,0.0,$11.34,1.04,$-3.02,0.0,$-0.09,0.0,$264.08B,$298.45B,0.89,$262.28B,$0.00B,0.0,$43.43B,$42.93B,98.85%,$43.43B,$15.93B,36.69%,$43.43B,0,0.00%,$43.43B,0,0.00%,$43.43B,$8.75B,20.15%,$43.43B,$-0.36B,-0.84%,$-0.36B,$68.26B,-0.53%,$-0.36B,$65.74B,-0.55%,$-0.36B,$1331.36B,-0.03%,$15.93B,$330.54B,5.66%,$8967,$683,$8284,$0,$6276,$6959,$2008,$0,$2222,$582,$1641,$1430,$1430,$0,$0,$3811,3811,$0.38,$0.38,$264076,$0,$0,$264076,$0,$1026625,$2517,$35017,$1064159,$1331355,$298446,$262277,$702371,$964648,$1263095,$0,$0,$0,$68261,$1331355,$0,$0,$0,$0,$0,$0,$0,$0,$0,$0,$0,$0,$0,$0,$0,$0,$0,$0,$0,$0,$0,$0,$0,$0,$0,$0,$0,$0,$0
10,2014-03-31,11.93,$0.00,0.0,$10.70,1.11,$-3.02,0.0,$-0.19,0.0,$1054.63B,$996.47B,1.06,$210.22B,$0.00B,0.0,$41.02B,$41.11B,100.22%,$41.02B,$15.80B,38.51%,$41.02B,0,0.00%,$41.02B,0,0.00%,$41.02B,$8.21B,20.01%,$41.02B,$-0.75B,-1.82%,$-0.75B,$63.99B,-1.08%,$-0.75B,$61.50B,-1.12%,$-0.75B,$1299.85B,-0.05%,$15.80B,$274.20B,5.86%,$11686,$0,$11686,$0,$8016,$8034,$3652,$0,$1897,$506,$1391,$-2747,$-2666,$0,$0,$3834,3834,$-0.70,$-0.70,$257143,$0,$0,$1054633,$0,$205962,$2489,$33520,$241970,$1299848,$996469,$210216,$29178,$239393,$1235862,$0,$0,$0,$63986,$1299848,$0,$0,$0,$0,$0,$0,$0,$0,$0,$0,$0,$0,$0,$0,$0,$0,$0,$0,$0,$0,$0,$0,$0,$0,$0,$0,$0,$0,$0
11,2013-12-31,11.73,$0.00,0.0,$11.09,1.06,$-3.02,0.0,$1.13,10.38,$983.17B,$1018.91B,0.97,$169.66B,$66.22B,2.56,$42.52B,$42.52B,100.00%,$42.52B,$13.66B,32.11%,$42.52B,0,0.00%,$42.52B,0,0.00%,$42.52B,$7.85B,18.47%,$42.52B,$4.30B,10.10%,$4.30B,$66.22B,5.93%,$4.30B,$63.77B,6.19%,$4.30B,$1430.05B,0.29%,$13.66B,$235.88B,4.95%,$14688,$-183,$14870,$0,$6364,$6239,$8449,$0,$3016,$615,$2401,$447,$736,$0,$0,$3850,3850,$0.19,$0.19,$225734,$0,$0,$983169,$0,$202376,$2445,$238811,$443632,$1430050,$1018906,$169660,$175265,$344925,$1363831,$1223,$0,$0,$66220,$1430050,$8354,$1016,$0,$1016,$0,$0,$0,$0,$-27538,$-11182,$-434,$0,$0,$0,$0,$12855,$-109,$12312,$0,$0,$-12679,$0,$1617,$0,$-498,$-11560,$-9258,$0,$0
12,2013-09-30,9.5,$0.00,0.0,$10.55,0.9,$-3.28,0.0,$1.43,6.65,$1010.80B,$931.61B,1.09,$210.66B,$0.00B,0.0,$40.20B,$40.02B,99.55%,$40.20B,$17.57B,43.71%,$40.20B,0,0.00%,$40.20B,0,0.00%,$40.20B,$17.20B,42.79%,$40.20B,$5.40B,13.44%,$5.40B,$73.85B,7.42%,$5.40B,$71.37B,7.77%,$5.40B,$1498.47B,0.36%,$17.57B,$284.52B,6.27%,$8087,$0,$8087,$0,$6210,$6262,$1825,$0,$1615,$409,$1205,$1121,$137,$0,$0,$3808,3808,$0.04,$0.04,$236941,$0,$0,$1010802,$0,$179069,$2489,$302840,$484398,$1498468,$931606,$210663,$282347,$493010,$1424614,$0,$0,$0,$73852,$1498468,$0,$0,$0,$0,$0,$0,$0,$0,$0,$0,$0,$0,$0,$0,$0,$0,$0,$0,$0,$0,$0,$0,$0,$0,$0,$0,$0,$0,$0
13,2013-06-30,7.61,$0.00,0.0,$11.64,0.65,$-3.28,0.0,$1.59,4.79,$1125.95B,$1113.57B,1.01,$209.96B,$0.00B,0.0,$44.34B,$44.05B,99.35%,$44.34B,$17.31B,39.05%,$44.34B,0,0.00%,$44.34B,0,0.00%,$44.34B,$16.92B,38.16%,$44.34B,$6.04B,13.63%,$6.04B,$73.15B,8.37%,$6.04B,$69.56B,8.80%,$6.04B,$1493.43B,0.40%,$17.31B,$283.11B,6.07%,$6560,$91,$6469,$0,$4563,$4688,$1872,$0,$1682,$482,$1200,$1182,$1046,$0,$0,$3814,3819,$0.28,$0.28,$336628,$0,$0,$1125952,$0,$255953,$3589,$104501,$364042,$1493425,$1113574,$209957,$96742,$306700,$1420273,$0,$0,$0,$73151,$1493425,$0,$0,$0,$0,$0,$0,$0,$0,$0,$0,$0,$0,$0,$0,$0,$0,$0,$0,$0,$0,$0,$0,$0,$0,$0,$0,$0,$0,$0
14,2013-03-31,6.04,$0.00,0.0,$13.65,0.44,$-8.59,0.0,$1.70,3.55,$1174.13B,$982.88B,1.2,$223.54B,$0.00B,0.0,$51.87B,$51.67B,99.62%,$51.87B,$29.53B,56.94%,$51.87B,0,0.00%,$51.87B,0,0.00%,$51.87B,$29.32B,56.54%,$51.87B,$6.45B,12.44%,$6.45B,$76.38B,9.23%,$6.45B,$72.82B,9.72%,$6.45B,$1559.61B,0.42%,$29.53B,$299.92B,10.17%,$13189,$91,$13098,$0,$11537,$11679,$1510,$0,$1541,$452,$1090,$2173,$2377,$0,$0,$3838,3838,$0.62,$0.62,$418929,$0,$0,$1174127,$0,$336568,$3555,$40195,$380318,$1559613,$982879,$223540,$276818,$500358,$1483237,$0,$0,$0,$76376,$1559613,$0,$0,$0,$0,$0,$0,$0,$0,$0,$0,$0,$0,$0,$0,$0,$0,$0,$0,$0,$0,$0,$0,$0,$0,$0,$0,$0,$0,$0
15,2012-12-31,7.95,$0.00,0.0,$14.25,0.56,$-8.59,0.0,$1.31,6.07,$1076.88B,$906.59B,1.19,$184.47B,$67.96B,2.71,$53.89B,$53.61B,99.47%,$53.89B,$29.37B,54.50%,$53.89B,0,0.00%,$53.89B,0,0.00%,$53.89B,$29.24B,54.25%,$53.89B,$4.96B,9.20%,$4.96B,$67.96B,7.33%,$4.96B,$64.57B,7.77%,$4.96B,$1494.61B,0.32%,$29.37B,$252.43B,9.97%,$12362,$0,$12362,$0,$0,$0,$12362,$0,$12362,$0,$12362,$1744,$1844,$0,$0,$3774,3774,$0.49,$0.49,$303619,$0,$0,$1076877,$0,$279818,$3394,$131085,$414297,$1494613,$906590,$184473,$335590,$520063,$1426653,$1182,$0,$0,$67960,$1494613,$5342,$999,$0,$999,$0,$0,$0,$0,$-26152,$-11909,$-453,$0,$0,$0,$0,$1194,$0,$741,$0,$0,$-878,$0,$-781,$0,$-482,$-2141,$-13028,$0,$0
16,2012-09-30,6.61,$0.00,0.0,$15.38,0.43,$-2.12,0.0,$1.23,5.37,$815.27B,$913.61B,0.89,$233.96B,$0.00B,0.0,$58.41B,$-13.36B,-22.87%,$58.41B,$-58.98B,-100.97%,$58.41B,0,0.00%,$58.41B,0,0.00%,$58.41B,$15.37B,26.31%,$58.41B,$4.69B,8.03%,$4.69B,$71.20B,7.03%,$4.69B,$67.81B,7.50%,$4.69B,$1561.87B,0.29%,$-58.98B,$305.16B,-19.26%,$12226,$108,$12118,$0,$10484,$10656,$1570,$0,$1333,$390,$942,$524,$777,$0,$0,$3806,3806,$0.20,$0.20,$91546,$0,$0,$815273,$0,$253920,$3388,$485921,$743229,$1561867,$913608,$233961,$343098,$577058,$1490666,$0,$0,$0,$71201,$1561867,$0,$0,$0,$0,$0,$0,$0,$0,$0,$0,$0,$0,$0,$0,$0,$0,$0,$0,$0,$0,$0,$0,$0,$0,$0,$0,$0,$0,$0
17,2012-06-30,5.59,$0.00,0.0,$17.74,0.32,$-2.12,0.0,$1.65,3.39,$675.88B,$683.40B,0.99,$239.77B,$64.09B,3.74,$67.13B,$-4.71B,-7.02%,$67.13B,$-58.79B,-87.57%,$67.13B,0,0.00%,$67.13B,0,0.00%,$67.13B,$16.33B,24.33%,$67.13B,$6.25B,9.31%,$6.25B,$64.09B,9.46%,$6.25B,$60.33B,10.53%,$6.25B,$1582.11B,0.37%,$-58.79B,$303.86B,-19.08%,$14088,$0,$14088,$0,$0,$0,$14088,$0,$14088,$0,$14088,$1315,$1453,$0,$0,$3777,3777,$0.39,$0.39,$20794,$0,$0,$675882,$0,$350564,$3764,$548375,$902703,$1582114,$683403,$239768,$594851,$834618,$1518022,$1181,$37259,$0,$64092,$1582114,$2822,$493,$0,$493,$0,$0,$0,$0,$-27636,$-20057,$0,$0,$0,$0,$0,$-13646,$0,$-13646,$0,$0,$18633,$0,$0,$0,$168,$18801,$-15140,$0,$0
18,2012-03-31,6.97,$0.00,0.0,$18.91,0.37,$-3.54,0.0,$1.83,3.81,$862.97B,$712.99B,1.21,$249.59B,$0.00B,0.0,$71.49B,$-0.52B,-0.73%,$71.49B,$-70.24B,-98.24%,$71.49B,0,0.00%,$71.49B,0,0.00%,$71.49B,$5.09B,7.12%,$71.49B,$6.94B,9.71%,$6.94B,$67.45B,10.53%,$6.94B,$62.79B,11.82%,$6.94B,$1627.91B,0.40%,$-70.24B,$317.04B,-22.43%,$15216,$178,$15037,$0,$13594,$13862,$1353,$0,$1453,$472,$981,$886,$886,$0,$0,$3777,3777,$0.23,$0.23,$61076,$0,$0,$862967,$0,$292249,$4654,$464313,$761216,$1627907,$712987,$249591,$597882,$847472,$1560460,$0,$0,$0,$67447,$1627907,$0,$0,$0,$0,$0,$0,$0,$0,$0,$0,$0,$0,$0,$0,$0,$0,$0,$0,$0,$0,$0,$0,$0,$0,$0,$0,$0,$0,$0
19,2011-12-31,6.0,$0.00,0.0,$19.92,0.3,$-3.54,0.0,$2.14,2.81,$882.95B,$751.81B,1.17,$234.55B,$64.39B,3.64,$75.33B,$3.28B,4.36%,$75.33B,$-68.80B,-91.32%,$75.33B,0,0.00%,$75.33B,0,0.00%,$75.33B,$6.58B,8.74%,$75.33B,$8.10B,10.76%,$8.10B,$64.39B,12.52%,$8.10B,$59.43B,14.72%,$8.10B,$1773.84B,0.46%,$-68.80B,$298.94B,-22.36%,$16884,$71487,$-54602,$0,$21073,$92876,$-75992,$0,$-1507,$-553,$-953,$1537,$1576,$0,$0,$3825,3825,$0.41,$0.41,$43447,$0,$0,$882953,$0,$308431,$4956,$573483,$886870,$1773842,$751806,$234552,$723097,$957649,$1709455,$1280,$0,$0,$64388,$1773842,$8184,$2109,$0,$2109,$0,$0,$0,$0,$-2183,$12796,$-602,$0,$0,$0,$0,$-2293,$11953,$9059,$0,$0,$-5532,$0,$-2728,$0,$-1393,$-9653,$11922,$0,$0
20,2011-09-30,5.9,$0.00,0.0,$35.00,0.17,$-8.48,0.0,$1.88,3.14,$880.98B,$772.32B,1.14,$243.90B,$68.36B,3.57,$135.19B,$77.44B,57.28%,$135.19B,$7.52B,5.56%,$135.19B,0,0.00%,$135.19B,0,0.00%,$135.19B,$8.37B,6.19%,$135.19B,$7.11B,5.26%,$7.11B,$68.36B,11.28%,$7.11B,$54.85B,13.47%,$7.11B,$1815.73B,0.41%,$7.52B,$312.25B,2.48%,$20938,$174,$20764,$0,$18894,$19173,$1766,$0,$2298,$470,$1828,$2319,$2336,$0,$0,$3760,3760,$0.62,$0.62,$35509,$0,$0,$880979,$0,$311470,$13502,$605711,$930683,$1815731,$772319,$243895,$731162,$975056,$1747375,$0,$33178,$0,$68359,$1815734,$0,$0,$0,$0,$0,$0,$0,$0,$0,$0,$0,$0,$0,$0,$0,$0,$0,$0,$0,$0,$0,$0,$0,$0,$0,$0,$0,$0,$0
21,2011-06-30,10.36,$0.00,0.0,$33.86,0.31,$-8.48,0.0,$1.40,7.4,$872.90B,$777.22B,1.12,$260.87B,$5.51B,47.31,$130.69B,$72.92B,55.80%,$130.69B,$7.68B,5.88%,$130.69B,0,0.00%,$130.69B,0,0.00%,$130.69B,$8.05B,6.16%,$130.69B,$5.29B,4.05%,$5.29B,$63.48B,8.64%,$5.29B,$57.76B,10.03%,$5.29B,$1785.29B,0.31%,$7.68B,$324.36B,2.61%,$18454,$173,$18281,$0,$15645,$15818,$2636,$0,$2845,$627,$2217,$2090,$2144,$0,$0,$3767,3767,$0.57,$0.57,$17398,$0,$0,$872903,$0,$306176,$5720,$596287,$908183,$1785288,$777223,$260871,$683709,$944580,$1721804,$0,$0,$0,$63484,$1785288,$6892,$1227,$0,$1227,$0,$0,$0,$0,$-21769,$-25339,$0,$0,$0,$0,$0,$-5161,$0,$-5161,$0,$0,$26797,$0,$0,$0,$-4253,$22543,$-8254,$0,$0
22,2011-03-31,10.64,$0.00,0.0,$34.11,0.31,$0.20,52.04,$1.24,8.58,$933.49B,$701.65B,1.33,$232.65B,$62.62B,3.72,$131.71B,$57.61B,43.74%,$131.71B,$-9.53B,-7.23%,$131.71B,0,0.00%,$131.71B,0,0.00%,$131.71B,$5.96B,4.52%,$131.71B,$4.68B,3.55%,$4.68B,$62.62B,7.89%,$4.68B,$48.07B,9.71%,$4.68B,$1680.37B,0.28%,$-9.53B,$295.27B,-3.41%,$19055,$213,$18841,$0,$15940,$16260,$2794,$0,$2947,$861,$2086,$2046,$2046,$0,$0,$3782,3782,$0.54,$0.54,$98063,$0,$0,$933489,$0,$321410,$14556,$402491,$738458,$1680366,$701646,$232646,$683451,$916096,$1617742,$0,$0,$0,$62621,$1680363,$0,$0,$0,$0,$0,$0,$0,$0,$0,$0,$0,$0,$0,$0,$0,$0,$0,$0,$0,$0,$0,$0,$0,$0,$0,$0,$0,$0,$0
23,2010-12-31,8.2,$0.00,0.0,$34.21,0.24,$0.20,40.08,$1.15,7.13,$833.65B,$775.78B,1.08,$223.80B,$57.59B,3.89,$132.10B,$58.00B,43.91%,$132.10B,$-10.18B,-7.70%,$132.10B,0,0.00%,$132.10B,0,0.00%,$132.10B,$5.16B,3.90%,$132.10B,$4.32B,3.27%,$4.32B,$57.59B,7.32%,$4.32B,$50.46B,9.13%,$4.32B,$1650.37B,0.26%,$-10.18B,$281.40B,-3.66%,$76746,$57188,$19557,$0,$18073,$76420,$325,$0,$279,$-27,$306,$584,$584,$0,$0,$3936,3936,$0.15,$0.15,$17358,$0,$0,$833654,$0,$318782,$7133,$482660,$808576,$1650373,$775778,$223804,$592231,$817004,$1592782,$1220,$0,$0,$57591,$1650373,$5155,$2288,$0,$2288,$0,$0,$0,$0,$-26334,$-6341,$-572,$0,$0,$0,$0,$-5143,$1268,$-4447,$0,$0,$10204,$0,$-58,$0,$0,$10145,$-291,$0,$0
24,2010-09-30,8.62,$0.00,0.0,$54.03,0.16,$-16.11,0.0,$0.51,16.89,$798.53B,$953.10B,0.84,$216.91B,$0.00B,0.0,$140.20B,$56.44B,40.26%,$140.20B,$-13.49B,-9.62%,$140.20B,0,0.00%,$140.20B,0,0.00%,$140.20B,$1.65B,1.17%,$140.20B,$2.68B,1.91%,$2.68B,$61.25B,4.69%,$2.68B,$54.54B,5.94%,$2.68B,$1626.55B,0.16%,$-13.49B,$278.16B,-4.92%,$16436,$192,$16244,$0,$14169,$14507,$1929,$0,$1975,$587,$1388,$515,$515,$0,$0,$3710,3710,$0.14,$0.14,$17214,$0,$0,$798533,$0,$307742,$6713,$505676,$820131,$1626553,$953098,$216908,$394005,$612200,$1565298,$0,$0,$0,$61254,$1626553,$0,$0,$0,$0,$0,$0,$0,$0,$0,$0,$0,$0,$0,$0,$0,$0,$0,$0,$0,$0,$0,$0,$0,$0,$0,$0,$0,$0,$0
25,2010-06-30,6.2,$0.00,0.0,$58.02,0.11,$-31.77,0.0,$0.74,8.38,$792.28B,$652.37B,1.21,$207.23B,$55.82B,3.71,$140.84B,$57.04B,40.50%,$140.84B,$-14.44B,-10.25%,$140.84B,0,0.00%,$140.84B,0,0.00%,$140.84B,$0.90B,0.64%,$140.84B,$2.92B,2.07%,$2.92B,$55.82B,5.31%,$2.92B,$39.63B,6.87%,$2.92B,$1617.18B,0.18%,$-14.44B,$263.04B,-5.31%,$19471,$16501,$2970,$0,$17373,$34046,$-14576,$0,$757,$60,$697,$1534,$1534,$0,$0,$3783,3783,$0.41,$0.41,$17054,$0,$0,$792279,$0,$312175,$16191,$488679,$817045,$1617183,$652372,$207225,$701768,$908993,$1561365,$1173,$26517,$0,$55819,$1617183,$2096,$1072,$0,$1072,$0,$0,$0,$0,$110,$7417,$0,$0,$0,$0,$0,$485,$0,$485,$0,$0,$-3278,$0,$0,$0,$-70,$-3348,$5101,$0,$0
26,2010-03-31,8.34,$0.00,0.0,$58.71,0.14,$-33.73,0.0,$0.37,22.54,$843.07B,$676.47B,1.25,$229.16B,$61.31B,3.74,$135.32B,$67.78B,50.09%,$135.32B,$0.25B,0.18%,$135.32B,0,0.00%,$135.32B,0,0.00%,$135.32B,$0.25B,0.18%,$135.32B,$1.48B,1.09%,$1.48B,$61.31B,2.83%,$1.48B,$44.50B,3.73%,$1.48B,$1713.40B,0.09%,$0.25B,$290.46B,0.09%,$19450,$219,$19231,$0,$17087,$17306,$2144,$0,$2144,$708,$1436,$1685,$1685,$0,$0,$3789,3789,$0.45,$0.45,$24888,$0,$0,$843066,$0,$325772,$16802,$519304,$861879,$1713398,$676473,$229156,$746464,$975619,$1652093,$0,$25534,$0,$61306,$1713398,$0,$0,$0,$0,$0,$0,$0,$0,$0,$0,$0,$0,$0,$0,$0,$0,$0,$0,$0,$0,$0,$0,$0,$0,$0,$0,$0,$0,$0
27,2009-12-31,8.21,$0.00,0.0,$63.03,0.13,$-48.27,0.0,$-0.58,0.0,$823.74B,$779.07B,1.06,$213.70B,$0.00B,0.0,$135.37B,$40.27B,29.75%,$135.37B,$-30.51B,-22.54%,$135.37B,0,0.00%,$135.37B,0,0.00%,$135.37B,$-3.04B,-2.25%,$135.37B,$-1.24B,-0.92%,$-1.24B,$50.37B,-2.64%,$-1.24B,$41.98B,-3.60%,$-1.24B,$1617.70B,-0.08%,$-30.51B,$264.07B,-11.75%,$84842,$66847,$17995,$0,$20257,$87830,$-2988,$0,$-3230,$-847,$-2382,$-1052,$-1052,$0,$0,$2158,2158,$-0.49,$-0.49,$21463,$0,$0,$823741,$0,$306044,$8397,$470982,$785422,$1617697,$779070,$213696,$573281,$788253,$1567323,$0,$0,$0,$50374,$1617697,$-3042,$2372,$0,$2372,$0,$0,$0,$0,$-53265,$-38212,$-778,$0,$0,$0,$0,$8287,$-2991,$4517,$0,$0,$17558,$0,$3198,$-1436,$0,$19319,$-14381,$0,$0
28,2009-09-30,14.93,$0.00,0.0,$31.00,0.48,$-21.36,0.0,$-2.49,0.0,$846.44B,$1004.37B,0.84,$218.06B,$0.00B,0.0,$65.42B,$-26.88B,-41.09%,$65.42B,$-126.86B,-193.92%,$65.42B,0,0.00%,$65.42B,0,0.00%,$65.42B,$-8.52B,-13.02%,$65.42B,$-5.09B,-7.77%,$-5.09B,$52.19B,-11.44%,$-5.09B,$43.53B,-17.35%,$-5.09B,$1697.77B,-0.29%,$-126.86B,$270.25B,-49.86%,$17075,$232,$16843,$0,$15858,$16090,$985,$0,$1231,$130,$1100,$748,$748,$0,$0,$2028,2028,$0.37,$0.37,$20460,$0,$0,$846439,$0,$308859,$8655,$524984,$842498,$1697768,$1004369,$218057,$421630,$641212,$1645581,$0,$0,$0,$52187,$1697768,$-679,$1771,$0,$1771,$0,$0,$0,$0,$-44302,$-31760,$0,$0,$0,$0,$0,$5079,$286,$5365,$0,$0,$20359,$0,$0,$0,$-570,$19789,$-6651,$0,$0
29,2009-06-30,8.49,$0.00,0.0,$22.58,0.38,$3.42,2.48,$-2.86,0.0,$831.14B,$628.97B,1.32,$217.23B,$0.00B,0.0,$48.34B,$-43.72B,-90.45%,$48.34B,$-127.84B,-264.46%,$48.34B,0,0.00%,$48.34B,0,0.00%,$48.34B,$-9.75B,-20.17%,$48.34B,$-6.52B,-13.49%,$-6.52B,$45.42B,-16.18%,$-6.52B,$28.74B,-26.59%,$-6.52B,$1617.95B,-0.36%,$-127.84B,$262.65B,-51.70%,$13953,$241,$13712,$0,$13607,$13848,$105,$0,$101,$-97,$197,$100,$100,$0,$0,$2392,2392,$0.04,$0.04,$28321,$0,$0,$831137,$0,$293654,$16685,$467801,$778139,$1617950,$628966,$217228,$726333,$943561,$1572527,$0,$0,$0,$45424,$1617951,$0,$0,$0,$0,$0,$0,$0,$0,$0,$0,$0,$0,$0,$0,$0,$0,$0,$0,$0,$0,$0,$0,$0,$0,$0,$0,$0,$0,$0
30,2009-03-31,4.55,$0.00,0.0,$45.34,0.1,$-5.30,0.0,$-1.43,0.0,$864.29B,$1052.31B,0.82,$201.80B,$39.90B,5.06,$92.78B,$-30.53B,-32.91%,$92.78B,$-124.49B,-134.18%,$92.78B,0,0.00%,$92.78B,0,0.00%,$92.78B,$-6.40B,-6.89%,$92.78B,$-3.62B,-3.90%,$-3.62B,$39.90B,-9.07%,$-3.62B,$23.49B,-13.88%,$-3.62B,$1663.56B,-0.18%,$-124.49B,$241.70B,-51.98%,$19498,$27779,$-8281,$0,$20262,$48108,$-28610,$0,$-1143,$-78,$-1065,$-1037,$-1037,$0,$0,$2026,2063,$-0.51,$-0.50,$25762,$0,$0,$864289,$0,$291052,$16417,$483451,$790920,$1663562,$1052312,$201798,$369548,$571346,$1623658,$647,$12678,$0,$39903,$1663562,$-1143,$527,$0,$527,$0,$0,$0,$0,$-30101,$-29761,$-228,$0,$1721,$0,$0,$2350,$-280,$3564,$0,$0,$18465,$0,$-29,$0,$0,$18436,$-7882,$0,$0
31,2008-12-31,9.29,$0.00,0.0,$65.64,0.14,$6.07,1.53,$0.18,51.63,$944.14B,$1046.15B,0.9,$202.95B,$0.00B,0.0,$135.20B,$7.30B,5.40%,$135.20B,$-92.82B,-68.65%,$135.20B,0,0.00%,$135.20B,0,0.00%,$135.20B,$-2.19B,-1.62%,$135.20B,$-0.28B,-0.21%,$-0.28B,$40.21B,-0.67%,$-0.28B,$21.51B,-0.93%,$-0.28B,$1958.88B,-0.01%,$-92.82B,$243.16B,-40.20%,$14889,$64042,$-49153,$0,$49535,$114224,$-99335,$0,$-8708,$-2273,$-6435,$-4896,$-4896,$0,$0,$2040,2040,$-2.40,$-2.40,$32428,$0,$0,$944141,$0,$532962,$18699,$453665,$1005327,$1958876,$1046147,$202950,$667227,$872521,$1918668,$0,$0,$0,$40208,$1958876,$-2187,$2195,$0,$2195,$0,$0,$0,$0,$-16603,$18863,$-840,$0,$-290,$0,$0,$-99340,$85755,$-14714,$0,$0,$59753,$0,$12227,$-4717,$0,$67263,$70729,$0,$0
32,2008-09-30,17.92,$0.00,0.0,$116.39,0.15,$4.20,4.27,$2.58,6.95,$1095.23B,$528.81B,2.07,$205.83B,$35.75B,5.76,$242.82B,$85.71B,35.30%,$242.82B,$10.71B,4.41%,$242.82B,0,0.00%,$242.82B,0,0.00%,$242.82B,$10.71B,4.41%,$242.82B,$8.27B,3.41%,$8.27B,$35.75B,18.59%,$8.27B,$24.38B,24.80%,$8.27B,$2073.35B,0.42%,$10.71B,$241.58B,4.92%,$0,$0,$0,$0,$0,$0,$0,$0,$0,$0,$0,$-690,$-690,$0,$0,$0,2227,$0.00,$-0.31,$31266,$0,$0,$1095231,$0,$409705,$11376,$547454,$968535,$2073352,$528812,$205829,$1300078,$1508787,$2037600,$752,$21163,$0,$35752,$2073352,$0,$0,$0,$0,$0,$0,$0,$0,$0,$20497,$-196,$0,$2105,$0,$0,$-3682,$-588,$-2360,$0,$0,$6910,$0,$212,$-2176,$0,$4946,$23200,$0,$0
33,2008-06-30,25.68,$0.00,0.0,$128.25,0.2,$9.44,2.72,$2.58,9.95,$946.87B,$267.17B,3.54,$187.75B,$0.00B,0.0,$268.15B,$110.61B,41.25%,$268.15B,$13.99B,5.22%,$268.15B,0,0.00%,$268.15B,0,0.00%,$268.15B,$13.99B,5.22%,$268.15B,$12.25B,4.57%,$12.25B,$43.86B,25.05%,$12.25B,$34.97B,33.00%,$12.25B,$2141.23B,0.64%,$13.99B,$231.61B,6.77%,$58392,$31490,$26902,$0,$23412,$54938,$3454,$0,$3454,$489,$2965,$3001,$3001,$0,$0,$2043,2043,$1.47,$1.47,$20572,$0,$0,$946872,$0,$424666,$8884,$750929,$1184479,$2141226,$267170,$187751,$1639470,$1830198,$2097368,$0,$0,$0,$43858,$2141226,$0,$0,$0,$0,$0,$0,$0,$0,$0,$-17246,$-550,$0,$1286,$0,$0,$-7388,$-817,$-7470,$0,$4237,$45269,$0,$-2688,$-2785,$0,$44033,$19472,$0,$0
34,2008-03-31,29.51,$0.00,0.0,$99.66,0.3,$18.15,1.63,$1.11,26.58,$873.43B,$614.81B,1.42,$159.77B,$0.00B,0.0,$235.58B,$109.13B,46.32%,$235.58B,$14.98B,6.36%,$235.58B,0,0.00%,$235.58B,0,0.00%,$235.58B,$14.98B,6.36%,$235.58B,$12.95B,5.50%,$12.95B,$47.31B,25.50%,$12.95B,$38.95B,34.17%,$12.95B,$1952.20B,0.71%,$14.98B,$207.08B,7.43%,$61918,$32367,$29551,$0,$26485,$58852,$3066,$0,$3066,$724,$2343,$2307,$2307,$0,$0,$2081,2081,$1.11,$1.11,$21655,$0,$0,$873427,$0,$413634,$8362,$647612,$1069608,$1952198,$614814,$159769,$1127306,$1290073,$1904887,$0,$0,$0,$47313,$1952200,$0,$0,$0,$0,$0,$0,$0,$0,$0,$-6542,$-54,$0,$-1047,$0,$0,$103,$-386,$-1384,$0,$0,$23418,$0,$-1561,$-13,$0,$21844,$14427,$0,$0
35,2007-12-31,30.72,$0.00,0.0,$69.90,0.44,$21.32,1.44,0,0.0,$842.13B,$232.83B,3.62,$138.99B,$51.01B,2.73,$197.92B,$103.49B,52.29%,$197.92B,$15.14B,7.65%,$197.92B,0,0.00%,$197.92B,0,0.00%,$197.92B,$15.14B,7.65%,$197.92B,$13.12B,6.63%,$13.12B,$51.01B,25.19%,$13.12B,$35.09B,32.65%,$13.12B,$1799.45B,0.74%,$15.14B,$190.00B,7.59%,$122510,$93255,$29254,$0,$25061,$118316,$4193,$0,$4193,$295,$3898,$3651,$3651,$0,$0,$0,2110,$0.00,$1.73,$84016,$0,$0,$842130,$0,$565525,$15923,$360702,$942150,$1799451,$232825,$138989,$1373440,$1515614,$1748439,$732,$38299,$0,$51012,$1799451,$15140,$1895,$0,$1895,$0,$0,$0,$0,$-28454,$16052,$-1359,$0,$2826,$0,$0,$-19231,$-1338,$-19102,$0,$0,$-10405,$0,$-3020,$-4166,$0,$-17591,$-20587,$0,$0
36,2007-09-30,34.99,$0.00,0.0,$11.85,2.95,$14.36,2.44,0,0.0,$746.51B,$931.04B,0.8,$144.11B,$0.00B,0.0,$100.78B,$36.66B,36.37%,$100.78B,$14.05B,13.94%,$100.78B,0,0.00%,$100.78B,0,0.00%,$100.78B,$14.05B,13.94%,$100.78B,$12.08B,11.99%,$12.08B,$53.39B,23.52%,$12.08B,$39.46B,29.99%,$12.08B,$1794.46B,0.71%,$14.05B,$197.50B,7.10%,$25330,$429,$24901,$0,$21623,$22051,$3278,$0,$3278,$510,$2769,$3291,$3291,$0,$0,$0,2137,$0.00,$1.54,$18407,$0,$0,$746507,$0,$415061,$13930,$603509,$1032499,$1794462,$931035,$144112,$662932,$810035,$1741070,$0,$0,$0,$53392,$1794462,$0,$0,$0,$0,$0,$0,$0,$0,$0,$30960,$-279,$0,$680,$0,$0,$-4711,$-341,$-4651,$0,$0,$-16568,$0,$-1186,$-1954,$0,$-19707,$6682,$0,$0
37,2007-06-30,34.11,$0.00,0.0,0,0.0,0,0.0,0,0.0,$713.87B,$894.61B,0.8,$160.68B,$51.45B,3.12,$97.83B,$33.76B,34.51%,$97.83B,$13.53B,13.83%,$97.83B,0,0.00%,$97.83B,0,0.00%,$97.83B,$13.53B,13.83%,$97.83B,$10.90B,11.14%,$10.90B,$51.45B,21.92%,$10.90B,$38.10B,26.60%,$10.90B,$1778.59B,0.67%,$13.53B,$212.13B,6.99%,$25825,$402,$25423,$0,$20978,$21379,$4446,$0,$4446,$642,$3804,$3702,$3702,$0,$0,$0,0,$0.00,$0.00,$17144,$0,$0,$713871,$0,$417946,$13351,$618291,$1049588,$1778594,$894612,$160678,$669014,$832536,$1727148,$12439,$30655,$0,$51448,$1778596,$0,$0,$0,$0,$0,$0,$0,$0,$0,$11474,$-572,$0,$-383,$0,$0,$-11907,$-353,$-13214,$0,$0,$747,$0,$-162,$-2146,$0,$-1561,$-3212,$0,$0
38,2007-03-31,31.62,$0.00,0.0,0,0.0,0,0.0,0,0.0,$671.86B,$850.27B,0.79,$145.68B,$52.55B,2.77,$95.68B,$31.64B,33.07%,$95.68B,$12.43B,12.99%,$95.68B,0,0.00%,$95.68B,0,0.00%,$95.68B,$12.43B,12.99%,$95.68B,$9.73B,10.17%,$9.73B,$52.55B,20.57%,$9.73B,$48.13B,25.25%,$9.73B,$1679.69B,0.62%,$12.43B,$198.23B,6.57%,$24256,$342,$23914,$0,$20691,$21033,$3223,$0,$3223,$658,$2565,$2480,$2480,$0,$0,$0,0,$0.00,$0.00,$22706,$0,$0,$671857,$0,$403200,$4425,$585958,$993583,$1679689,$850265,$145676,$628656,$776871,$1627135,$11639,$29103,$0,$52553,$1679689,$0,$0,$0,$0,$0,$0,$0,$0,$0,$-10982,$-118,$0,$279,$0,$0,$6587,$-372,$6376,$0,$0,$4771,$0,$-300,$-10,$0,$4461,$-48,$0,$0
39,2006-12-31,32.99,$0.00,0.0,$10.78,3.06,$1.73,19.08,$1.12,29.46,$613.89B,$496.79B,1.24,$135.36B,$0.00B,0.0,$94.68B,$30.63B,32.35%,$94.68B,$12.49B,13.19%,$94.68B,0,0.00%,$94.68B,0,0.00%,$94.68B,$12.49B,13.19%,$94.68B,$9.66B,10.20%,$9.66B,$48.06B,21.42%,$9.66B,$35.44B,27.51%,$9.66B,$1540.24B,0.64%,$12.49B,$183.42B,6.71%,$25372,$62952,$-37580,$0,$-40687,$22265,$3107,$0,$3107,$389,$2718,$2608,$2608,$0,$0,$0,0,$0.00,$0.00,$17993,$0,$0,$613886,$0,$544407,$12624,$361749,$918780,$1540242,$496793,$135362,$856321,$995386,$1492180,$0,$0,$0,$48062,$1540242,$12485,$1630,$0,$1630,$0,$0,$0,$0,$7615,$12020,$-347,$0,$1192,$0,$0,$-38857,$-1326,$-39338,$0,$333,$25748,$0,$-1311,$-3411,$0,$21358,$-6443,$0,$0
