,Date,Stock Price,Book Value per Share,Price to Book Ratio,TTM Sales per Share,Price to Sales Ratio,TTM FCF per Share,Price to FCF Ratio,TTM Net EPS,PE Ratio,Current Assets,Current Liabilities,Current Ratio,Long Term Debt,Shareholder's Equity_x,Debt to Equity Ratio,TTM Revenue_x,TTM Gross Profit,Gross Margin,TTM Revenue_y,TTM Operating Income,Operating Margin,TTM Revenue_x,TTM EBIT,EBIT Margin,TTM Revenue_y,TTM EBITDA,EBITDA Margin,TTM Revenue_x,TTM Pre-Tax Income,Pre-Tax Margin,TTM Revenue_y,TTM Net Income_x,Net Margin,TTM Net Income_y,Shareholder's Equity_y,Return on Equity,TTM Net Income_x,Tangible Equity,Return on Tangible Equity,TTM Net Income_y,Total Assets,Return on Assets,TTM Net Income,LT Investments & Debt,Return on Investment,revenue,cost-goods-sold,gross-profit,research-development-expenses,selling-general-administrative-expenses,operating-expenses,operating-income,total-non-operating-income-expense,pre-tax-income,total-provision-income-taxes,income-after-taxes,income-from-continuous-operations,net-income,ebitda,ebit,basic-shares-outstanding,shares-outstanding,eps-basic-net-earnings-per-share,eps-earnings-per-share-diluted,cash-on-hand,inventory,other-current-assets,total-current-assets,net-property-plant-equipment,long-term-investments,goodwill-intangible-assets-total,other-long-term-assets,total-long-term-assets,total-assets,total-current-liabilities,long-term-debt,other-non-current-liabilities,total-long-term-liabilities,total-liabilities,common-stock-net,retained-earnings-accumulated-deficit,comprehensive-income,total-share-holder-equity,total-liabilities-share-holders-equity,net-income-loss,total-depreciation-amortization-cash-flow,other-non-cash-items,total-non-cash-items,change-in-accounts-receivable,change-in-inventories,change-in-accounts-payable,change-in-assets-liabilities,total-change-in-assets-liabilities,cash-flow-from-operating-activities,net-change-in-property-plant-equipment,net-change-in-intangible-assets,net-acquisitions-divestitures,net-change-in-short-term-investments,net-change-in-long-term-investments,net-change-in-investments-total,investing-activities-other,cash-flow-from-investing-activities,net-long-term-debt,net-current-debt,debt-issuance-retirement-net-total,net-common-equity-issued-repurchased,net-total-equity-issued-repurchased,total-common-preferred-stock-dividends-paid,financial-activities-other,cash-flow-from-financial-activities,net-cash-flow,stock-based-compensation,common-stock-dividends-paid
0,2018-09-30,104.96,$40.41,2.6,$80.23,1.31,$14.48,7.25,$6.14,17.09,$2.19B,$0.88B,2.5,$1.56B,$2.86B,0.55,$5.85B,$1.41B,24.08%,$5.85B,$0.75B,12.87%,$5.85B,$0.75B,12.87%,$5.85B,$0.99B,16.99%,$5.85B,$0.67B,11.45%,$5.85B,$0.45B,7.66%,$0.45B,$2.86B,15.32%,$0.45B,$1.60B,27.26%,$0.45B,$5.75B,7.61%,$0.75B,$4.42B,16.70%,$1450,$1116,$334,$0,$0,$1295,$155,$-23,$132,$34,$98,$98,$95,$236,$155,$71,72,$1.33,$1.32,$437,$852,$0,$2190,$2146,$0,$1260,$144,$3561,$5751,$875,$1559,$265,$2019,$2894,$1,$3484,$-1131,$2857,$5751,$357,$188,$56,$244,$14,$-73,$0,$6,$-54,$579,$-234,$0,$0,$2,$0,$2,$2,$-230,$-181,$0,$-181,$-179,$-179,$-137,$0,$-497,$-164,$0,$-137
1,2018-06-30,110.7,$40.21,2.75,$80.32,1.38,$13.80,8.02,$7.08,15.64,$2.17B,$0.88B,2.46,$1.53B,$2.86B,0.54,$5.89B,$1.46B,24.85%,$5.89B,$0.83B,14.08%,$5.89B,$0.83B,14.08%,$5.89B,$1.04B,17.70%,$5.89B,$0.76B,12.82%,$5.89B,$0.52B,8.82%,$0.52B,$2.86B,17.75%,$0.52B,$1.59B,31.78%,$0.52B,$5.75B,8.76%,$0.83B,$4.39B,18.21%,$1496,$1136,$360,$0,$0,$1303,$193,$-24,$169,$53,$116,$116,$114,$246,$193,$72,73,$1.59,$1.57,$365,$866,$0,$2170,$2161,$0,$1270,$137,$3578,$5748,$882,$1530,$278,$2010,$2892,$1,$3426,$-1106,$2856,$5748,$259,$107,$58,$165,$-3,$-73,$0,$-4,$-103,$352,$-160,$0,$0,$3,$0,$3,$2,$-155,$-188,$0,$-188,$-144,$-144,$-92,$0,$-424,$-236,$0,$-92
2,2018-03-31,128.23,$42.41,3.02,$79.67,1.61,$13.33,9.62,$7.29,17.59,$2.29B,$0.91B,2.52,$1.51B,$3.06B,0.49,$5.85B,$1.48B,25.24%,$5.85B,$0.85B,14.47%,$5.85B,$0.85B,14.47%,$5.85B,$1.06B,18.09%,$5.85B,$0.78B,13.29%,$5.85B,$0.54B,9.15%,$0.54B,$3.06B,18.54%,$0.54B,$1.77B,33.72%,$0.54B,$5.98B,9.02%,$0.85B,$4.58B,18.42%,$1469,$1115,$354,$0,$0,$1272,$197,$-15,$182,$39,$143,$143,$140,$251,$197,$72,74,$1.94,$1.90,$407,$844,$0,$2292,$2236,$0,$1295,$143,$3683,$5975,$909,$1512,$280,$2002,$2911,$1,$3355,$-972,$3064,$5975,$143,$54,$31,$85,$-56,$-21,$0,$16,$-118,$150,$-95,$0,$0,$3,$0,$3,$6,$-86,$-212,$0,$-212,$-3,$-3,$-46,$0,$-261,$-194,$0,$-46
3,2017-12-31,138.4,$40.52,3.42,$79.43,1.74,$13.38,10.35,$7.07,19.58,$2.42B,$0.96B,2.52,$1.74B,$2.92B,0.6,$5.83B,$1.47B,25.26%,$5.83B,$0.84B,14.44%,$5.83B,$0.84B,14.44%,$5.83B,$1.05B,18.02%,$5.83B,$0.77B,13.19%,$5.83B,$0.52B,8.90%,$0.52B,$2.92B,18.72%,$0.52B,$1.62B,35.26%,$0.52B,$6.08B,8.81%,$0.84B,$4.66B,18.41%,$1437,$1076,$361,$0,$0,$1229,$208,$-21,$187,$84,$103,$103,$99,$261,$208,$72,74,$1.37,$1.34,$604,$823,$0,$2415,$2217,$0,$1296,$143,$3665,$6080,$957,$1744,$263,$2206,$3163,$1,$3259,$-1013,$2917,$6080,$532,$209,$172,$381,$-44,$-34,$0,$-17,$-144,$769,$-306,$0,$-17,$-3,$0,$-3,$0,$-326,$-96,$0,$-96,$-114,$-114,$-165,$0,$-375,$83,$0,$-165
4,2017-09-30,118.92,$39.78,2.99,$78.77,1.51,$13.69,8.69,$6.98,17.04,$2.27B,$0.94B,2.41,$1.73B,$2.86B,0.61,$5.80B,$1.45B,25.04%,$5.80B,$0.82B,14.20%,$5.80B,$0.82B,14.20%,$5.80B,$1.03B,17.76%,$5.80B,$0.75B,12.99%,$5.80B,$0.52B,8.89%,$0.52B,$2.86B,19.14%,$0.52B,$1.56B,36.95%,$0.52B,$5.89B,8.86%,$0.82B,$4.59B,18.21%,$1485,$1097,$388,$0,$0,$1254,$231,$-14,$217,$48,$169,$169,$166,$284,$231,$72,73,$2.31,$2.26,$505,$825,$0,$2266,$2186,$0,$1302,$132,$3627,$5893,$940,$1731,$210,$2095,$3035,$1,$3203,$-1009,$2858,$5893,$429,$156,$63,$219,$15,$-33,$0,$10,$-100,$524,$-222,$0,$-13,$-9,$0,$-9,$0,$-244,$-79,$0,$-79,$-120,$-120,$-120,$0,$-319,$-21,$0,$-120
5,2017-06-30,116.93,$37.71,3.1,$78.55,1.49,$14.22,8.23,$6.65,17.58,$2.21B,$0.87B,2.53,$1.84B,$2.70B,0.68,$5.80B,$1.43B,24.69%,$5.80B,$0.81B,14.02%,$5.80B,$0.81B,14.02%,$5.80B,$1.02B,17.52%,$5.80B,$0.74B,12.80%,$5.80B,$0.49B,8.48%,$0.49B,$2.70B,18.77%,$0.49B,$1.40B,35.12%,$0.49B,$5.79B,8.58%,$0.81B,$4.54B,18.14%,$1457,$1084,$373,$0,$0,$1247,$210,$-19,$191,$58,$133,$133,$130,$262,$210,$72,73,$1.81,$1.78,$454,$822,$0,$2208,$2145,$0,$1303,$126,$3581,$5789,$874,$1838,$199,$2212,$3086,$1,$3080,$-1029,$2703,$5789,$260,$103,$58,$161,$7,$-36,$0,$13,$-108,$302,$-144,$0,$-13,$-8,$0,$-8,$0,$-165,$-7,$0,$-7,$-128,$-128,$-83,$0,$-218,$-71,$0,$-83
6,2017-03-31,117.63,$36.43,3.23,$78.31,1.5,$13.96,8.42,$6.45,18.24,$2.23B,$0.93B,2.39,$1.90B,$2.61B,0.73,$5.80B,$1.41B,24.39%,$5.80B,$0.80B,13.82%,$5.80B,$0.80B,13.82%,$5.80B,$1.00B,17.27%,$5.80B,$0.73B,12.59%,$5.80B,$0.48B,8.26%,$0.48B,$2.61B,18.70%,$0.48B,$1.31B,33.83%,$0.48B,$5.80B,8.53%,$0.80B,$4.50B,18.15%,$1453,$1102,$351,$0,$0,$1260,$193,$-19,$174,$47,$127,$127,$124,$244,$193,$72,74,$1.72,$1.68,$448,$835,$0,$2227,$2146,$0,$1299,$120,$3572,$5799,$933,$1895,$188,$2257,$3190,$1,$2987,$-1023,$2609,$5799,$127,$51,$28,$79,$12,$-40,$0,$6,$-70,$131,$-72,$0,$-13,$-8,$0,$-8,$0,$-93,$53,$0,$53,$-130,$-130,$-44,$0,$-121,$-77,$0,$-44
7,2016-12-31,121.55,$35.84,3.39,$77.07,1.58,$13.70,8.87,$6.50,18.7,$2.25B,$0.98B,2.3,$1.85B,$2.60B,0.71,$5.70B,$1.40B,24.58%,$5.70B,$0.81B,14.17%,$5.70B,$0.81B,14.17%,$5.70B,$1.00B,17.60%,$5.70B,$0.74B,13.01%,$5.70B,$0.49B,8.50%,$0.49B,$2.60B,19.47%,$0.49B,$1.31B,34.21%,$0.49B,$5.78B,8.86%,$0.81B,$4.45B,18.63%,$1400,$1061,$339,$0,$0,$1211,$189,$-18,$171,$74,$97,$97,$95,$239,$189,$72,74,$1.29,$1.27,$516,$789,$0,$2252,$2116,$0,$1286,$121,$3530,$5782,$978,$1850,$188,$2209,$3187,$1,$2899,$-1071,$2595,$5782,$496,$196,$96,$292,$-131,$-19,$0,$6,$-17,$771,$-281,$0,$-407,$1,$-2,$-1,$0,$-689,$126,$0,$126,$21,$21,$-141,$-6,$0,$78,$0,$-141
8,2016-09-30,128.91,$35.62,3.62,$77.43,1.66,$13.17,9.78,$6.66,19.36,$2.38B,$0.80B,2.99,$1.86B,$2.58B,0.72,$5.71B,$1.38B,24.08%,$5.71B,$0.79B,13.86%,$5.71B,$0.79B,13.86%,$5.71B,$0.99B,17.27%,$5.71B,$0.73B,12.73%,$5.71B,$0.49B,8.64%,$0.49B,$2.58B,20.66%,$0.49B,$1.58B,35.65%,$0.49B,$5.57B,9.31%,$0.79B,$4.44B,18.72%,$1489,$1120,$369,$0,$0,$1268,$221,$-15,$206,$60,$146,$146,$143,$271,$221,$73,74,$1.98,$1.93,$764,$736,$0,$2381,$2055,$0,$995,$132,$3192,$5573,$796,$1859,$191,$2198,$2994,$1,$2842,$-1024,$2579,$5573,$399,$146,$-17,$129,$-56,$-8,$0,$1,$-45,$542,$-197,$0,$0,$-7,$0,$-7,$0,$-204,$51,$0,$51,$21,$21,$-103,$-4,$-35,$317,$0,$-103
9,2016-06-30,124.9,$34.12,3.66,$77.10,1.62,$12.48,10.01,$6.21,20.11,$2.14B,$0.69B,3.12,$1.80B,$2.46B,0.73,$5.66B,$1.34B,23.62%,$5.66B,$0.75B,13.17%,$5.66B,$0.75B,13.17%,$5.66B,$0.94B,16.60%,$5.66B,$0.68B,12.06%,$5.66B,$0.46B,8.10%,$0.46B,$2.46B,20.10%,$0.46B,$1.46B,36.09%,$0.46B,$5.31B,8.70%,$0.75B,$4.26B,17.69%,$1455,$1100,$355,$0,$0,$1257,$198,$-19,$179,$59,$120,$120,$117,$247,$198,$72,74,$1.62,$1.58,$507,$763,$0,$2138,$2037,$0,$1000,$133,$3175,$5313,$685,$1801,$202,$2167,$2852,$1,$2735,$-1019,$2461,$5313,$254,$96,$65,$161,$-57,$-36,$0,$13,$-143,$266,$-125,$0,$0,$-14,$0,$-14,$-1,$-140,$-23,$0,$-23,$8,$8,$-69,$0,$-84,$53,$0,$-69
10,2016-03-31,102.7,$32.33,3.18,$77.37,1.33,$12.23,8.4,$6.10,16.84,$2.07B,$0.69B,2.98,$1.87B,$2.33B,0.8,$5.65B,$1.30B,23.00%,$5.65B,$0.72B,12.74%,$5.65B,$0.72B,12.74%,$5.65B,$0.91B,16.17%,$5.65B,$0.66B,11.66%,$5.65B,$0.45B,7.93%,$0.45B,$2.33B,20.17%,$0.45B,$1.32B,36.90%,$0.45B,$5.23B,8.45%,$0.72B,$4.20B,16.96%,$1360,$1021,$339,$0,$0,$1160,$200,$-14,$186,$53,$133,$133,$130,$247,$200,$72,74,$1.81,$1.77,$497,$756,$0,$2068,$2014,$0,$1010,$131,$3160,$5228,$693,$1872,$195,$2208,$2901,$1,$2647,$-1067,$2327,$5228,$133,$47,$24,$71,$-21,$-32,$0,$12,$-96,$99,$-59,$0,$0,$-13,$0,$-13,$-1,$-73,$40,$0,$40,$1,$1,$-35,$0,$6,$43,$0,$-35
11,2015-12-31,91.78,$30.44,3.02,$77.18,1.19,$11.83,7.76,$5.52,16.63,$1.95B,$0.74B,2.63,$1.82B,$2.18B,0.83,$5.62B,$1.24B,22.10%,$5.62B,$0.66B,11.74%,$5.62B,$0.66B,11.74%,$5.62B,$0.85B,15.19%,$5.62B,$0.60B,10.66%,$5.62B,$0.40B,7.15%,$0.40B,$2.18B,18.55%,$0.40B,$1.17B,34.34%,$0.40B,$5.07B,7.51%,$0.66B,$4.00B,15.44%,$1405,$1093,$312,$0,$0,$1233,$172,$-16,$156,$49,$107,$107,$103,$221,$172,$72,73,$1.45,$1.41,$440,$715,$0,$1950,$1989,$0,$1011,$117,$3124,$5074,$742,$1819,$194,$2152,$2894,$1,$2552,$-1102,$2180,$5074,$412,$194,$100,$294,$-29,$9,$0,$-30,$-20,$686,$-242,$0,$-434,$27,$0,$27,$0,$-649,$22,$0,$22,$-20,$-20,$-126,$8,$-116,$-146,$0,$-126
12,2015-09-30,83.23,$30.02,2.77,$76.20,1.09,$11.89,7.0,$4.93,16.88,$2.29B,$0.67B,3.42,$2.24B,$2.15B,1.05,$5.58B,$1.20B,21.53%,$5.58B,$0.61B,10.85%,$5.58B,$0.61B,10.85%,$5.58B,$0.80B,14.31%,$5.58B,$0.55B,9.83%,$5.58B,$0.36B,6.45%,$0.36B,$2.15B,16.56%,$0.36B,$1.13B,29.08%,$0.36B,$5.44B,6.72%,$0.61B,$4.39B,14.17%,$1437,$1107,$330,$0,$0,$1262,$175,$-14,$161,$51,$110,$110,$108,$224,$175,$72,73,$1.51,$1.48,$731,$718,$0,$2292,$2002,$0,$1018,$128,$3152,$5444,$670,$2243,$203,$2627,$3297,$1,$2481,$-1053,$2147,$5444,$305,$145,$25,$170,$-40,$21,$0,$-7,$-66,$481,$-193,$0,$-434,$24,$0,$24,$0,$-603,$439,$0,$439,$-22,$-22,$-94,$6,$329,$142,$0,$-94
13,2015-06-30,75.68,$31.24,2.42,$76.14,0.99,$11.64,6.5,$5.05,14.99,$2.28B,$0.66B,3.43,$2.16B,$2.23B,0.97,$5.61B,$1.17B,20.87%,$5.61B,$0.61B,10.86%,$5.61B,$0.61B,10.86%,$5.61B,$0.80B,14.30%,$5.61B,$0.55B,9.83%,$5.61B,$0.37B,6.62%,$0.37B,$2.23B,16.90%,$0.37B,$1.24B,28.34%,$0.37B,$5.47B,6.99%,$0.61B,$4.39B,14.47%,$1449,$1130,$319,$0,$0,$1276,$173,$-17,$156,$47,$109,$109,$107,$222,$173,$72,73,$1.49,$1.47,$677,$736,$0,$2276,$2082,$0,$987,$121,$3194,$5470,$664,$2163,$212,$2577,$3241,$1,$2405,$-887,$2229,$5470,$195,$96,$56,$152,$-11,$-10,$0,$-7,$-104,$248,$-128,$0,$-332,$14,$0,$14,$0,$-446,$385,$0,$385,$-25,$-25,$-63,$4,$301,$77,$0,$-63
14,2015-03-31,73.42,$29.63,2.48,$75.72,0.97,$11.48,6.39,$4.93,14.89,$2.23B,$0.68B,3.25,$2.21B,$2.11B,1.05,$5.64B,$1.15B,20.33%,$5.64B,$0.60B,10.62%,$5.64B,$0.60B,10.62%,$5.64B,$0.79B,14.06%,$5.64B,$0.54B,9.57%,$5.64B,$0.37B,6.51%,$0.37B,$2.11B,16.06%,$0.37B,$1.14B,25.53%,$0.37B,$5.42B,6.93%,$0.60B,$4.32B,14.30%,$1330,$1049,$281,$0,$0,$1190,$140,$-14,$126,$40,$86,$86,$84,$187,$140,$72,73,$1.17,$1.15,$609,$740,$0,$2226,$2090,$0,$971,$128,$3193,$5419,$684,$2208,$211,$2622,$3306,$1,$2329,$-925,$2113,$5419,$86,$47,$21,$68,$-28,$-14,$0,$-8,$-90,$69,$-58,$0,$-332,$-3,$0,$-3,$0,$-393,$397,$0,$397,$-21,$-21,$-32,$2,$346,$-7,$0,$-32
15,2014-12-31,79.61,$30.94,2.57,$75.33,1.06,$12.15,6.55,$4.74,16.79,$2.14B,$0.72B,2.97,$1.80B,$2.21B,0.82,$5.67B,$1.12B,19.69%,$5.67B,$0.58B,10.25%,$5.67B,$0.58B,10.25%,$5.67B,$0.78B,13.69%,$5.67B,$0.52B,9.17%,$5.67B,$0.36B,6.28%,$0.36B,$2.21B,14.96%,$0.36B,$1.44B,22.75%,$0.36B,$5.09B,6.76%,$0.58B,$4.01B,13.97%,$1368,$1096,$272,$0,$0,$1250,$118,$-12,$106,$43,$63,$63,$61,$166,$118,$74,75,$0.86,$0.83,$614,$699,$0,$2144,$2073,$0,$768,$96,$2941,$5085,$721,$1798,$179,$2157,$2878,$1,$2275,$-782,$2207,$5085,$363,$195,$90,$285,$-15,$-6,$0,$39,$84,$731,$-271,$0,$0,$-34,$11,$-23,$0,$-294,$18,$0,$18,$-284,$-284,$-128,$6,$-388,$6,$0,$-128
16,2014-09-30,70.77,$31.06,2.28,$76.21,0.93,$10.14,6.98,$5.26,13.45,$2.22B,$0.76B,2.9,$1.89B,$2.23B,0.85,$5.80B,$1.14B,19.57%,$5.80B,$0.62B,10.76%,$5.80B,$0.62B,10.76%,$5.80B,$0.82B,14.14%,$5.80B,$0.56B,9.66%,$5.80B,$0.40B,6.88%,$0.40B,$2.23B,16.39%,$0.40B,$1.41B,24.93%,$0.40B,$5.26B,7.48%,$0.62B,$4.12B,14.88%,$1460,$1163,$298,$0,$0,$1282,$178,$-15,$163,$43,$120,$120,$119,$227,$178,$73,74,$1.62,$1.60,$565,$722,$0,$2216,$2095,$5,$817,$113,$3040,$5256,$763,$1888,$172,$2262,$3025,$1,$2245,$-719,$2231,$5256,$300,$147,$0,$147,$-19,$-15,$0,$-8,$-34,$462,$-187,$0,$0,$-1,$11,$10,$0,$-177,$109,$0,$109,$-287,$-287,$-97,$5,$-270,$-9,$0,$-97
17,2014-06-30,69.69,$34.62,2.01,$77.06,0.9,$8.48,8.22,$4.76,14.64,$2.31B,$0.74B,3.12,$1.72B,$2.59B,0.66,$5.95B,$1.10B,18.42%,$5.95B,$0.58B,9.80%,$5.95B,$0.58B,9.80%,$5.95B,$0.78B,13.06%,$5.95B,$0.52B,8.67%,$5.95B,$0.37B,6.15%,$0.37B,$2.59B,14.65%,$0.37B,$1.75B,22.13%,$0.37B,$5.43B,6.80%,$0.58B,$4.31B,13.83%,$1483,$1187,$296,$0,$0,$1320,$163,$-17,$145,$41,$105,$105,$103,$213,$163,$75,76,$1.37,$1.35,$592,$784,$0,$2306,$2154,$4,$837,$118,$3125,$5431,$739,$1715,$173,$2101,$2840,$1,$2157,$-562,$2591,$5431,$180,$98,$0,$98,$-36,$-55,$0,$14,$-89,$229,$-116,$0,$0,$0,$0,$0,$0,$-116,$-41,$0,$-41,$9,$9,$-65,$3,$-94,$18,$0,$-65
18,2014-03-31,62.87,$33.39,1.88,$78.26,0.8,$6.74,9.33,$4.61,13.64,$2.19B,$0.72B,3.04,$1.72B,$2.49B,0.69,$6.10B,$1.08B,17.64%,$6.10B,$0.56B,9.18%,$6.10B,$0.56B,9.18%,$6.10B,$0.75B,12.34%,$6.10B,$0.50B,8.11%,$6.10B,$0.36B,5.87%,$0.36B,$2.49B,14.49%,$0.36B,$1.65B,22.09%,$0.36B,$5.30B,6.64%,$0.56B,$4.21B,13.37%,$1357,$1107,$250,$0,$0,$1235,$122,$-17,$106,$31,$75,$75,$73,$170,$122,$75,76,$0.97,$0.96,$560,$757,$0,$2187,$2136,$10,$838,$116,$3114,$5301,$719,$1718,$168,$2093,$2812,$1,$2086,$-575,$2489,$5301,$75,$48,$0,$48,$-8,$-35,$0,$31,$-24,$121,$-59,$0,$0,$0,$0,$0,$0,$-59,$-34,$0,$-34,$-1,$-1,$-33,$0,$-68,$-14,$0,$-33
19,2013-12-31,62.83,$32.69,1.92,$80.45,0.78,$4.70,13.36,$5.06,12.42,$2.21B,$0.82B,2.7,$1.72B,$2.43B,0.71,$6.33B,$1.13B,17.89%,$6.33B,$0.61B,9.69%,$6.33B,$0.61B,9.69%,$6.33B,$0.81B,12.75%,$6.33B,$0.55B,8.64%,$6.33B,$0.40B,6.26%,$0.40B,$2.43B,16.00%,$0.40B,$1.58B,24.50%,$0.40B,$5.36B,7.24%,$0.61B,$4.15B,14.61%,$1499,$1209,$291,$0,$0,$1338,$161,$-15,$146,$40,$106,$106,$104,$210,$161,$77,78,$1.37,$1.34,$574,$723,$0,$2214,$2156,$11,$846,$118,$3146,$5360,$820,$1717,$187,$2111,$2931,$1,$2045,$-583,$2429,$5360,$403,$194,$104,$298,$-69,$76,$0,$14,$-57,$619,$-295,$0,$0,$19,$0,$19,$2,$-274,$-32,$0,$-32,$-214,$-214,$-112,$5,$-353,$-35,$0,$-112
20,2013-09-30,59.98,$32.37,1.85,$82.33,0.73,$6.04,9.94,$5.13,11.69,$2.31B,$0.78B,2.97,$1.72B,$2.48B,0.69,$6.47B,$1.18B,18.15%,$6.47B,$0.64B,9.84%,$6.47B,$0.64B,9.84%,$6.47B,$0.83B,12.85%,$6.47B,$0.57B,8.84%,$6.47B,$0.40B,6.24%,$0.40B,$2.48B,16.28%,$0.40B,$1.63B,25.04%,$0.40B,$5.44B,7.31%,$0.64B,$4.20B,15.15%,$1612,$1353,$259,$0,$0,$1475,$137,$-18,$119,$31,$88,$88,$86,$184,$137,$77,79,$1.12,$1.10,$618,$748,$0,$2307,$2144,$11,$857,$108,$3137,$5444,$776,$1721,$296,$2185,$2961,$1,$1972,$-618,$2483,$5444,$297,$145,$0,$145,$-86,$61,$0,$11,$-151,$362,$-202,$0,$0,$19,$0,$19,$2,$-181,$-30,$0,$-30,$-44,$-44,$-82,$1,$-155,$9,$0,$-82
21,2013-06-30,58.82,$31.99,1.84,$83.40,0.71,$8.64,6.81,$5.48,10.73,$2.35B,$0.81B,2.91,$1.72B,$2.48B,0.69,$6.54B,$1.23B,18.79%,$6.54B,$0.67B,10.23%,$6.54B,$0.67B,10.23%,$6.54B,$0.87B,13.32%,$6.54B,$0.61B,9.27%,$6.54B,$0.43B,6.59%,$0.43B,$2.48B,17.39%,$0.43B,$1.62B,26.93%,$0.43B,$5.48B,7.81%,$0.67B,$4.20B,15.92%,$1633,$1357,$276,$0,$0,$1493,$140,$-16,$124,$27,$97,$97,$95,$189,$140,$78,79,$1.22,$1.20,$569,$856,$0,$2354,$2131,$11,$858,$105,$3122,$5476,$810,$1719,$304,$2186,$2996,$1,$1916,$-615,$2480,$5476,$209,$98,$0,$98,$-89,$-48,$0,$14,$-262,$112,$-132,$0,$0,$19,$0,$19,$2,$-111,$19,$0,$19,$10,$10,$-52,$0,$-23,$-40,$0,$-52
22,2013-03-31,64.08,$32.38,1.98,$83.69,0.77,$11.33,5.65,$5.68,11.28,$2.39B,$0.88B,2.72,$1.72B,$2.51B,0.69,$6.54B,$1.25B,19.08%,$6.54B,$0.68B,10.42%,$6.54B,$0.68B,10.42%,$6.54B,$0.89B,13.57%,$6.54B,$0.62B,9.45%,$6.54B,$0.45B,6.80%,$0.45B,$2.51B,18.31%,$0.45B,$1.63B,28.84%,$0.45B,$5.59B,8.12%,$0.68B,$4.23B,16.36%,$1584,$1278,$306,$0,$0,$1409,$175,$-17,$158,$46,$112,$112,$111,$224,$175,$77,79,$1.43,$1.41,$526,$908,$0,$2388,$2177,$10,$874,$119,$3199,$5587,$879,$1724,$312,$2201,$3080,$1,$1850,$-517,$2507,$5587,$112,$49,$0,$49,$-75,$-80,$0,$0,$-222,$-30,$-66,$0,$0,$19,$0,$19,$2,$-45,$11,$0,$11,$8,$8,$-22,$0,$-3,$-83,$0,$-22
23,2012-12-31,56.5,$31.92,1.77,$83.77,0.67,$12.17,4.64,$5.48,10.31,$2.36B,$0.93B,2.53,$1.72B,$2.46B,0.7,$6.53B,$1.24B,18.95%,$6.53B,$0.67B,10.23%,$6.53B,$0.67B,10.23%,$6.53B,$0.88B,13.46%,$6.53B,$0.60B,9.22%,$6.53B,$0.43B,6.55%,$0.43B,$2.46B,18.11%,$0.43B,$1.57B,29.19%,$0.43B,$5.59B,7.88%,$0.67B,$4.18B,16.24%,$1644,$1310,$334,$0,$0,$1459,$185,$-14,$171,$57,$114,$114,$112,$235,$185,$77,78,$1.47,$1.41,$628,$834,$0,$2360,$2193,$10,$886,$122,$3232,$5592,$933,$1724,$316,$2200,$3133,$1,$1769,$-475,$2459,$5592,$434,$211,$21,$232,$22,$-69,$0,$-22,$11,$732,$-304,$0,$0,$-18,$0,$-18,$0,$-322,$-150,$0,$-150,$16,$16,$-69,$6,$-197,$208,$0,$-69
24,2012-09-30,47.53,$32.32,1.47,$82.54,0.58,$7.21,6.6,$5.28,9.0,$2.22B,$0.78B,2.84,$1.73B,$2.47B,0.7,$6.44B,$1.18B,18.40%,$6.44B,$0.65B,10.09%,$6.44B,$0.65B,10.09%,$6.44B,$0.87B,13.44%,$6.44B,$0.58B,8.98%,$6.44B,$0.41B,6.39%,$0.41B,$2.47B,18.02%,$0.41B,$1.57B,29.80%,$0.41B,$5.42B,7.67%,$0.65B,$4.20B,16.02%,$1679,$1366,$313,$0,$0,$1510,$169,$-16,$153,$39,$114,$114,$113,$223,$169,$77,78,$1.47,$1.45,$532,$792,$0,$2221,$2147,$10,$895,$123,$3194,$5415,$781,$1728,$232,$2165,$2946,$1,$1677,$-353,$2469,$5415,$320,$161,$11,$172,$24,$-27,$0,$44,$28,$563,$-202,$0,$0,$-18,$0,$-18,$0,$-220,$-182,$0,$-182,$2,$2,$-49,$-1,$-230,$112,$0,$-49
25,2012-06-30,42.67,$30.02,1.42,$81.80,0.52,$2.43,17.6,$4.95,8.62,$2.15B,$0.81B,2.66,$1.78B,$2.29B,0.78,$6.38B,$1.15B,17.97%,$6.38B,$0.62B,9.74%,$6.38B,$0.62B,9.74%,$6.38B,$0.84B,13.11%,$6.38B,$0.56B,8.69%,$6.38B,$0.39B,6.05%,$0.39B,$2.29B,17.64%,$0.39B,$1.39B,30.23%,$0.39B,$5.33B,7.29%,$0.62B,$4.06B,15.69%,$1635,$1340,$295,$0,$0,$1482,$153,$-17,$136,$25,$111,$111,$109,$206,$153,$77,78,$1.42,$1.40,$440,$779,$0,$2147,$2129,$10,$895,$117,$3182,$5329,$808,$1776,$257,$2234,$3042,$1,$1585,$-435,$2287,$5329,$206,$107,$6,$113,$-48,$-17,$0,$56,$-47,$318,$-128,$0,$0,$0,$0,$0,$0,$-128,$-111,$0,$-111,$-3,$-3,$-33,$1,$-146,$39,$0,$-33
26,2012-03-31,49.27,$29.28,1.68,$80.97,0.61,$0.15,325.24,$4.56,10.81,$2.14B,$0.89B,2.39,$1.78B,$2.24B,0.8,$6.33B,$1.12B,17.75%,$6.33B,$0.60B,9.54%,$6.33B,$0.60B,9.54%,$6.33B,$0.82B,12.95%,$6.33B,$0.54B,8.45%,$6.33B,$0.36B,5.62%,$0.36B,$2.24B,16.23%,$0.36B,$1.33B,28.27%,$0.36B,$5.38B,6.73%,$0.60B,$4.02B,15.33%,$1574,$1278,$296,$0,$0,$1413,$161,$-20,$142,$46,$96,$96,$94,$215,$161,$76,78,$1.23,$1.21,$335,$819,$0,$2140,$2181,$10,$910,$121,$3242,$5382,$894,$1779,$265,$2252,$3146,$1,$1491,$-401,$2236,$5382,$96,$54,$0,$54,$-22,$-42,$0,$-32,$-154,$29,$-59,$0,$0,$0,$0,$0,$0,$-59,$-32,$0,$-32,$8,$8,$-17,$1,$-40,$-66,$0,$-17
27,2011-12-31,44.64,$28.11,1.59,$79.47,0.56,$0.40,112.91,$5.32,8.39,$2.10B,$0.93B,2.27,$1.80B,$2.13B,0.84,$6.22B,$1.13B,18.10%,$6.22B,$0.67B,10.77%,$6.22B,$0.67B,10.77%,$6.22B,$0.88B,14.16%,$6.22B,$0.59B,9.55%,$6.22B,$0.42B,6.69%,$0.42B,$2.13B,19.04%,$0.42B,$1.22B,33.87%,$0.42B,$5.32B,7.91%,$0.67B,$3.93B,17.20%,$1547,$1267,$280,$0,$0,$1381,$166,$-20,$147,$50,$97,$97,$95,$221,$166,$76,78,$1.25,$1.22,$401,$769,$0,$2102,$2156,$10,$909,$121,$3215,$5317,$926,$1801,$258,$2258,$3184,$1,$1412,$-413,$2133,$5317,$423,$211,$-12,$199,$-134,$-149,$0,$-78,$-334,$300,$-260,$0,$-15,$0,$0,$0,$2,$-273,$160,$0,$160,$-30,$-30,$-50,$6,$86,$99,$0,$-50
28,2011-09-30,33.05,$27.70,1.19,$78.01,0.42,$2.98,11.08,$4.77,6.93,$1.91B,$0.83B,2.3,$1.75B,$2.10B,0.84,$6.08B,$1.09B,17.96%,$6.08B,$0.61B,9.97%,$6.08B,$0.61B,9.97%,$6.08B,$0.81B,13.36%,$6.08B,$0.53B,8.67%,$6.08B,$0.37B,6.13%,$0.37B,$2.10B,17.33%,$0.37B,$1.17B,31.38%,$0.37B,$5.14B,7.19%,$0.61B,$3.85B,15.81%,$1628,$1352,$276,$0,$0,$1485,$142,$-13,$130,$40,$90,$90,$88,$195,$142,$77,78,$1.15,$1.12,$279,$780,$0,$1914,$2102,$9,$932,$129,$3230,$5144,$834,$1751,$225,$2212,$3046,$1,$1332,$-361,$2098,$5144,$326,$156,$0,$156,$-83,$-159,$0,$-59,$-338,$147,$-158,$0,$-15,$0,$0,$0,$-1,$-174,$85,$0,$85,$-33,$-33,$-37,$2,$17,$-23,$0,$-37
29,2011-06-30,46.19,$30.08,1.54,$70.46,0.66,$6.19,7.46,$4.13,11.18,$1.98B,$0.85B,2.33,$1.65B,$2.31B,0.72,$5.47B,$0.99B,18.06%,$5.47B,$0.55B,10.11%,$5.47B,$0.55B,10.11%,$5.47B,$0.74B,13.54%,$5.47B,$0.46B,8.32%,$5.47B,$0.32B,5.88%,$0.32B,$2.31B,15.34%,$0.32B,$1.32B,24.65%,$0.32B,$5.31B,6.43%,$0.55B,$3.96B,14.68%,$1585,$1313,$272,$0,$0,$1450,$135,$-19,$116,$35,$81,$81,$79,$189,$135,$77,79,$1.03,$1.01,$273,$861,$0,$1976,$2158,$10,$984,$122,$3338,$5314,$848,$1653,$258,$2160,$3008,$1,$1256,$-117,$2306,$5314,$237,$103,$0,$103,$-48,$-169,$0,$6,$-260,$102,$-89,$0,$-15,$0,$0,$0,$0,$-104,$-16,$0,$-16,$10,$10,$-24,$2,$-28,$-29,$0,$-24
30,2011-03-31,43.04,$28.86,1.49,$63.40,0.68,$7.71,5.59,$3.60,11.96,$1.94B,$0.92B,2.12,$1.64B,$2.20B,0.74,$4.89B,$0.88B,18.00%,$4.89B,$0.50B,10.12%,$4.89B,$0.50B,10.12%,$4.89B,$0.66B,13.58%,$4.89B,$0.41B,8.36%,$4.89B,$0.28B,5.73%,$0.28B,$2.20B,14.26%,$0.28B,$1.20B,20.64%,$0.28B,$5.26B,6.28%,$0.50B,$3.84B,14.80%,$1460,$1161,$298,$0,$0,$1232,$227,$-27,$201,$45,$156,$156,$154,$276,$227,$76,78,$2.01,$1.97,$267,$789,$0,$1943,$2127,$10,$1002,$115,$3318,$5261,$915,$1640,$254,$2143,$3058,$1,$1189,$-145,$2203,$5261,$156,$49,$0,$49,$-78,$-104,$0,$9,$-193,$22,$-33,$0,$0,$0,$0,$0,$0,$-33,$-20,$0,$-20,$7,$7,$-12,$1,$-24,$-35,$0,$-12
31,2010-12-31,38.0,$26.32,1.44,$56.98,0.67,$8.32,4.57,$2.20,17.27,$1.75B,$0.87B,2.01,$1.68B,$2.00B,0.84,$4.37B,$0.73B,16.60%,$4.37B,$0.34B,7.79%,$4.37B,$0.34B,7.79%,$4.37B,$0.50B,11.34%,$4.37B,$0.28B,6.30%,$4.37B,$0.17B,3.87%,$0.17B,$2.00B,9.15%,$0.17B,$1.07B,11.82%,$0.17B,$5.04B,4.30%,$0.34B,$3.68B,11.51%,$1407,$1162,$246,$0,$0,$1305,$102,$-22,$80,$26,$54,$54,$52,$152,$102,$76,77,$0.68,$0.67,$302,$645,$0,$1754,$2156,$12,$936,$113,$3286,$5040,$873,$1681,$249,$2166,$3039,$1,$1046,$-190,$2001,$5040,$176,$155,$36,$191,$-45,$-51,$0,$18,$45,$394,$-156,$0,$-1272,$0,$0,$0,$0,$-1428,$1212,$0,$1212,$17,$17,$-45,$-29,$1155,$127,$0,$-45
32,2010-09-30,30.79,$24.96,1.23,$51.35,0.6,$11.11,2.77,$2.27,13.56,$2.52B,$0.57B,4.41,$1.71B,$1.88B,0.91,$3.92B,$0.64B,16.36%,$3.92B,$0.34B,8.68%,$3.92B,$0.34B,8.68%,$3.92B,$0.48B,12.25%,$3.92B,$0.29B,7.35%,$3.92B,$0.17B,4.41%,$0.17B,$1.88B,9.76%,$0.17B,$1.64B,11.32%,$0.17B,$4.43B,5.08%,$0.34B,$3.59B,13.28%,$1020,$848,$172,$0,$0,$931,$89,$-30,$58,$20,$39,$39,$37,$124,$89,$76,77,$0.49,$0.48,$1587,$419,$0,$2516,$1551,$11,$246,$99,$1909,$4425,$570,$1705,$146,$1971,$2541,$1,$1005,$-249,$1884,$4425,$123,$105,$39,$144,$-25,$-17,$0,$10,$66,$325,$-90,$0,$0,$0,$0,$0,$-1,$-91,$1231,$0,$1231,$6,$6,$-35,$-28,$1174,$1412,$0,$-35
33,2010-06-30,24.7,$23.47,1.05,$50.88,0.49,$11.62,2.13,$2.49,9.92,$1.25B,$0.58B,2.18,$0.50B,$1.77B,0.28,$3.87B,$0.62B,16.07%,$3.87B,$0.34B,8.73%,$3.87B,$0.34B,8.73%,$3.87B,$0.48B,12.30%,$3.87B,$0.31B,7.98%,$3.87B,$0.19B,4.88%,$0.19B,$1.77B,11.15%,$0.19B,$1.52B,13.02%,$0.19B,$3.11B,6.15%,$0.34B,$2.27B,15.43%,$1003,$839,$164,$0,$0,$927,$77,$-7,$70,$31,$39,$39,$37,$112,$77,$76,77,$0.49,$0.48,$326,$399,$0,$1254,$1515,$11,$243,$81,$1852,$3106,$576,$499,$154,$764,$1340,$1,$979,$-332,$1766,$3106,$84,$70,$19,$89,$-28,$-10,$0,$-43,$11,$185,$-56,$0,$0,$0,$0,$0,$0,$-56,$59,$0,$59,$2,$2,$-23,$-14,$24,$151,$0,$-23
34,2010-03-31,28.01,$23.09,1.21,$49.97,0.56,$11.87,2.36,$0.88,31.83,$1.26B,$0.61B,2.08,$0.54B,$1.74B,0.31,$3.78B,$0.57B,15.08%,$3.78B,$0.19B,4.92%,$3.78B,$0.19B,4.92%,$3.78B,$0.32B,8.49%,$3.78B,$0.16B,4.10%,$3.78B,$0.07B,1.77%,$0.07B,$1.74B,4.16%,$0.07B,$1.49B,4.90%,$0.07B,$3.15B,2.18%,$0.19B,$2.28B,8.68%,$937,$794,$143,$0,$0,$865,$72,$-5,$67,$22,$45,$45,$43,$107,$72,$75,76,$0.58,$0.57,$321,$399,$0,$1256,$1553,$10,$244,$84,$1893,$3149,$605,$538,$157,$806,$1411,$1,$952,$-333,$1738,$3149,$45,$35,$0,$35,$-33,$-4,$0,$-45,$-27,$57,$-21,$0,$0,$0,$0,$0,$0,$-21,$114,$0,$114,$6,$6,$-12,$1,$109,$146,$0,$-12
35,2009-12-31,23.44,$22.91,1.02,$48.73,0.48,$11.96,1.96,$0.53,44.23,$1.05B,$0.57B,1.85,$0.41B,$1.70B,0.24,$3.67B,$0.52B,14.16%,$3.67B,$0.15B,4.14%,$3.67B,$0.15B,4.14%,$3.67B,$0.28B,7.68%,$3.67B,$0.12B,3.16%,$3.67B,$0.04B,1.12%,$0.04B,$1.70B,2.69%,$0.04B,$1.46B,3.27%,$0.04B,$2.95B,1.35%,$0.15B,$2.11B,7.28%,$959,$797,$162,$0,$0,$857,$102,$-9,$93,$35,$58,$58,$56,$137,$102,$75,76,$0.76,$0.75,$175,$394,$0,$1045,$1564,$10,$245,$85,$1907,$2952,$565,$408,$164,$683,$1248,$1,$919,$-308,$1704,$2952,$47,$130,$124,$254,$-3,$82,$0,$242,$257,$586,$-141,$0,$-4,$0,$0,$0,$0,$-145,$-332,$0,$-332,$1,$1,$-45,$1,$-375,$68,$0,$-45
36,2009-09-30,22.66,$21.21,1.07,$47.89,0.47,$2.14,10.61,$0.40,56.64,$1.19B,$0.71B,1.67,$0.53B,$1.58B,0.34,$3.61B,$0.50B,13.81%,$3.61B,$0.12B,3.43%,$3.61B,$0.12B,3.43%,$3.61B,$0.25B,6.89%,$3.61B,$0.08B,2.27%,$3.61B,$0.03B,0.86%,$0.03B,$1.58B,2.14%,$0.03B,$1.33B,2.69%,$0.03B,$3.09B,1.00%,$0.12B,$2.11B,5.97%,$971,$817,$153,$0,$0,$883,$87,$-9,$79,$25,$54,$54,$53,$120,$87,$75,76,$0.70,$0.70,$161,$401,$0,$1193,$1543,$9,$245,$95,$1896,$3089,$713,$533,$159,$801,$1514,$1,$874,$-385,$1575,$3089,$-11,$95,$124,$219,$-33,$76,$0,$121,$154,$368,$-98,$0,$0,$0,$0,$0,$-4,$-102,$-180,$0,$-180,$-1,$-1,$-34,$1,$-214,$54,$0,$-34
37,2009-06-30,21.07,$19.23,1.1,$49.28,0.43,$-3.32,0.0,$0.86,24.5,$1.24B,$0.74B,1.67,$0.65B,$1.43B,0.46,$3.73B,$0.55B,14.76%,$3.73B,$0.17B,4.67%,$3.73B,$0.17B,4.67%,$3.73B,$0.30B,8.02%,$3.73B,$0.14B,3.78%,$3.73B,$0.07B,1.77%,$0.07B,$1.43B,4.55%,$0.07B,$1.18B,5.90%,$0.07B,$3.08B,2.11%,$0.17B,$2.08B,8.41%,$912,$800,$112,$0,$0,$986,$-75,$-10,$-84,$-1,$-83,$-83,$-85,$-43,$-75,$75,75,$-1.13,$-1.13,$175,$440,$0,$1240,$1494,$9,$242,$95,$1843,$3083,$743,$652,$163,$914,$1657,$1,$831,$-490,$1426,$3083,$-65,$62,$124,$186,$-32,$24,$0,$127,$96,$211,$-66,$0,$0,$0,$0,$0,$-1,$-67,$-50,$0,$-50,$-2,$-2,$-23,$0,$-75,$68,$0,$-23
38,2009-03-31,16.51,$18.72,0.88,$50.59,0.33,$-3.58,0.0,$2.89,5.71,$1.16B,$0.70B,1.66,$0.67B,$1.39B,0.48,$3.84B,$0.63B,16.26%,$3.84B,$0.36B,9.42%,$3.84B,$0.36B,9.42%,$3.84B,$0.49B,12.70%,$3.84B,$0.33B,8.69%,$3.84B,$0.22B,5.70%,$0.22B,$1.39B,13.98%,$0.22B,$1.04B,18.30%,$0.22B,$3.02B,6.72%,$0.36B,$2.05B,16.81%,$831,$738,$93,$0,$0,$793,$38,$-11,$28,$9,$18,$18,$17,$68,$38,$75,75,$0.22,$0.22,$91,$426,$0,$1160,$1424,$7,$344,$85,$1863,$3023,$701,$665,$169,$935,$1636,$1,$927,$-625,$1387,$3023,$18,$30,$0,$30,$-3,$18,$0,$82,$17,$78,$-36,$0,$0,$0,$0,$0,$0,$-36,$-41,$0,$-41,$-3,$-3,$-12,$0,$-56,$-16,$0,$-12
39,2008-12-31,21.99,$18.99,1.16,$51.88,0.42,$-3.23,0.0,$3.52,6.25,$1.30B,$0.86B,1.51,$0.66B,$1.41B,0.47,$3.94B,$0.71B,17.88%,$3.94B,$0.43B,10.90%,$3.94B,$0.43B,10.90%,$3.94B,$0.56B,14.15%,$3.94B,$0.41B,10.27%,$3.94B,$0.27B,6.74%,$0.27B,$1.41B,16.07%,$0.27B,$1.05B,20.99%,$0.27B,$3.21B,8.02%,$0.43B,$2.07B,19.52%,$900,$759,$141,$0,$0,$826,$74,$-16,$59,$11,$48,$48,$46,$104,$74,$75,76,$0.62,$0.62,$107,$454,$0,$1297,$1447,$7,$359,$93,$1910,$3207,$859,$660,$177,$942,$1801,$1,$920,$-594,$1406,$3207,$275,$128,$-5,$123,$-43,$-91,$0,$-295,$-458,$-79,$-219,$0,$0,$0,$0,$0,$0,$-219,$257,$0,$257,$10,$10,$-42,$5,$230,$-68,$0,$-42
40,2008-09-30,24.6,$21.32,1.15,$51.72,0.48,$1.79,13.75,$3.52,6.99,$1.25B,$0.83B,1.51,$0.51B,$1.58B,0.32,$3.94B,$0.71B,17.95%,$3.94B,$0.43B,11.02%,$3.94B,$0.43B,11.02%,$3.94B,$0.56B,14.32%,$3.94B,$0.42B,10.59%,$3.94B,$0.27B,6.75%,$0.27B,$1.58B,15.60%,$0.27B,$1.20B,20.45%,$0.27B,$3.21B,8.09%,$0.43B,$2.08B,19.57%,$1084,$880,$204,$0,$0,$947,$137,$1,$138,$48,$90,$90,$88,$170,$137,$75,76,$1.18,$1.15,$116,$493,$0,$1252,$1501,$10,$374,$71,$1956,$3208,$828,$505,$152,$803,$1631,$1,$885,$-359,$1577,$3208,$227,$98,$0,$98,$-56,$-103,$0,$-186,$-293,$16,$-160,$0,$0,$0,$0,$0,$3,$-157,$101,$0,$101,$10,$10,$-31,$3,$83,$-59,$0,$-31
41,2008-06-30,37.11,$25.69,1.44,$48.90,0.76,$4.25,8.73,$3.02,12.29,$1.50B,$0.87B,1.74,$0.51B,$1.90B,0.27,$3.73B,$0.65B,17.28%,$3.73B,$0.38B,10.10%,$3.73B,$0.38B,10.10%,$3.73B,$0.51B,13.53%,$3.73B,$0.36B,9.57%,$3.73B,$0.23B,6.14%,$0.23B,$1.90B,13.52%,$0.23B,$1.49B,17.96%,$0.23B,$3.59B,7.10%,$0.38B,$2.41B,17.03%,$1029,$842,$187,$0,$0,$915,$113,$-4,$109,$38,$71,$71,$68,$146,$113,$74,76,$0.92,$0.90,$292,$526,$0,$1503,$1566,$10,$405,$107,$2089,$3592,$865,$514,$157,$829,$1694,$1,$808,$50,$1898,$3592,$137,$65,$0,$65,$24,$-104,$0,$101,$37,$233,$-105,$0,$0,$0,$0,$0,$5,$-100,$-10,$0,$-10,$10,$10,$-20,$3,$-17,$117,$0,$-20
42,2008-03-31,27.73,$23.69,1.17,$46.59,0.6,$2.54,10.9,$2.78,9.97,$1.23B,$0.65B,1.89,$0.51B,$1.74B,0.3,$3.56B,$0.61B,17.25%,$3.56B,$0.36B,9.97%,$3.56B,$0.36B,9.97%,$3.56B,$0.48B,13.51%,$3.56B,$0.33B,9.16%,$3.56B,$0.21B,5.96%,$0.21B,$1.74B,13.37%,$0.21B,$1.33B,18.25%,$0.21B,$3.25B,6.81%,$0.36B,$2.25B,16.80%,$931,$758,$173,$0,$0,$825,$106,$-6,$99,$33,$66,$66,$64,$138,$106,$74,76,$0.87,$0.85,$190,$428,$0,$1225,$1531,$11,$412,$74,$2029,$3254,$650,$513,$159,$865,$1515,$1,$750,$-42,$1739,$3254,$64,$32,$2,$34,$-14,$-3,$0,$41,$8,$116,$-48,$0,$0,$0,$0,$0,$0,$-48,$-45,$0,$-45,$1,$1,$-10,$0,$-54,$15,$0,$-10
43,2007-12-31,27.27,$21.91,1.24,$44.28,0.62,$1.98,13.74,$2.59,10.53,$1.09B,$0.67B,1.62,$0.52B,$1.61B,0.32,$3.39B,$0.59B,17.31%,$3.39B,$0.34B,9.97%,$3.39B,$0.34B,9.97%,$3.39B,$0.46B,13.65%,$3.39B,$0.31B,8.99%,$3.39B,$0.20B,5.84%,$0.20B,$1.61B,13.19%,$0.20B,$1.18B,18.45%,$0.20B,$3.10B,6.65%,$0.34B,$2.12B,16.70%,$895,$752,$143,$0,$0,$817,$78,$-6,$71,$24,$47,$51,$46,$110,$78,$75,77,$0.62,$0.61,$175,$427,$0,$1089,$1500,$13,$426,$74,$2014,$3103,$674,$519,$151,$824,$1498,$1,$694,$-115,$1605,$3103,$203,$125,$-5,$120,$-40,$-86,$0,$55,$-59,$258,$-174,$0,$-59,$0,$0,$0,$1,$-232,$83,$0,$83,$-39,$-39,$-33,$4,$15,$44,$0,$-33
44,2007-09-30,33.88,$20.62,1.64,$41.65,0.81,$1.70,19.88,$2.41,14.06,$0.96B,$0.56B,1.73,$0.54B,$1.53B,0.35,$3.18B,$0.55B,17.31%,$3.18B,$0.31B,9.80%,$3.18B,$0.31B,9.80%,$3.18B,$0.44B,13.67%,$3.18B,$0.28B,8.92%,$3.18B,$0.19B,5.84%,$0.19B,$1.53B,12.98%,$0.19B,$1.10B,18.32%,$0.19B,$2.95B,6.50%,$0.31B,$2.07B,16.04%,$877,$736,$142,$0,$0,$797,$80,$-2,$78,$26,$52,$51,$51,$111,$80,$75,77,$0.68,$0.66,$157,$380,$0,$960,$1450,$12,$432,$96,$1992,$2952,$556,$535,$191,$863,$1419,$1,$657,$-184,$1533,$2952,$152,$93,$4,$97,$-51,$-39,$0,$5,$-82,$149,$-105,$0,$-59,$0,$0,$0,$1,$-163,$56,$0,$56,$3,$3,$-24,$3,$38,$26,$0,$-24
45,2007-06-30,33.57,$19.74,1.7,$39.18,0.86,$1.20,27.99,$2.24,14.99,$1.21B,$0.82B,1.47,$0.54B,$1.47B,0.37,$2.98B,$0.52B,17.48%,$2.98B,$0.29B,9.87%,$2.98B,$0.29B,9.87%,$2.98B,$0.42B,13.93%,$2.98B,$0.26B,8.86%,$2.98B,$0.17B,5.77%,$0.17B,$1.47B,12.54%,$0.17B,$1.04B,17.75%,$0.17B,$3.15B,6.26%,$0.29B,$2.01B,15.78%,$857,$702,$156,$0,$0,$766,$91,$-13,$78,$26,$52,$51,$51,$122,$91,$75,77,$0.68,$0.66,$396,$365,$0,$1207,$1428,$6,$428,$83,$1945,$3152,$824,$540,$189,$861,$1685,$1,$614,$-207,$1467,$3152,$101,$62,$3,$65,$-83,$-26,$0,$0,$-101,$67,$-69,$0,$-59,$0,$0,$0,$1,$-127,$331,$0,$331,$5,$5,$-16,$4,$324,$265,$0,$-16
46,2007-03-31,26.04,$19.01,1.37,$36.56,0.71,$0.91,28.73,$1.98,13.15,$0.83B,$0.50B,1.66,$0.49B,$1.40B,0.35,$2.77B,$0.47B,16.98%,$2.77B,$0.26B,9.32%,$2.77B,$0.26B,9.32%,$2.77B,$0.38B,13.55%,$2.77B,$0.24B,8.53%,$2.77B,$0.15B,5.46%,$0.15B,$1.40B,11.47%,$0.15B,$0.97B,16.26%,$0.15B,$2.70B,5.88%,$0.26B,$1.90B,14.44%,$762,$616,$146,$0,$0,$673,$89,$-11,$78,$27,$51,$50,$50,$120,$89,$75,76,$0.67,$0.66,$87,$340,$0,$826,$1382,$6,$428,$60,$1878,$2704,$497,$494,$174,$806,$1303,$1,$570,$-217,$1401,$2704,$50,$31,$1,$32,$-31,$-7,$0,$0,$-32,$58,$-32,$0,$-59,$0,$0,$0,$0,$-91,$2,$0,$2,$-5,$-5,$-8,$0,$-11,$-44,$0,$-8
47,2006-12-31,25.14,$18.20,1.38,$34.71,0.72,$0.14,178.33,$1.63,15.43,$0.84B,$0.52B,1.62,$0.48B,$1.33B,0.36,$2.62B,$0.42B,15.91%,$2.62B,$0.21B,8.16%,$2.62B,$0.21B,8.16%,$2.62B,$0.33B,12.51%,$2.62B,$0.20B,7.55%,$2.62B,$0.12B,4.73%,$0.12B,$1.33B,9.71%,$0.12B,$0.95B,13.70%,$0.12B,$2.65B,4.97%,$0.21B,$1.81B,12.28%,$687,$581,$107,$0,$0,$636,$52,$-2,$50,$15,$35,$34,$34,$82,$52,$74,76,$0.44,$0.43,$131,$321,$0,$837,$1356,$33,$381,$37,$1808,$2645,$517,$480,$178,$798,$1315,$1,$528,$-223,$1330,$2645,$124,$114,$1,$115,$-28,$-57,$0,$4,$-29,$230,$-168,$0,$-42,$0,$0,$0,$0,$-210,$16,$0,$16,$-2,$-2,$-26,$6,$-6,$15,$0,$-26
