,Date,Stock Price,Book Value per Share,Price to Book Ratio,TTM Sales per Share,Price to Sales Ratio,TTM FCF per Share,Price to FCF Ratio,TTM Net EPS,PE Ratio,Current Assets,Current Liabilities,Current Ratio,Long Term Debt,Shareholder's Equity_x,Debt to Equity Ratio,TTM Revenue_x,TTM Gross Profit,Gross Margin,TTM Revenue_y,TTM Operating Income,Operating Margin,TTM Revenue_x,TTM EBIT,EBIT Margin,TTM Revenue_y,TTM EBITDA,EBITDA Margin,TTM Revenue_x,TTM Pre-Tax Income,Pre-Tax Margin,TTM Revenue_y,TTM Net Income_x,Net Margin,TTM Net Income_y,Shareholder's Equity_y,Return on Equity,TTM Net Income_x,Tangible Equity,Return on Tangible Equity,TTM Net Income_y,Total Assets,Return on Assets,TTM Net Income,LT Investments & Debt,Return on Investment,revenue,cost-goods-sold,gross-profit,research-development-expenses,selling-general-administrative-expenses,operating-expenses,operating-income,total-non-operating-income-expense,pre-tax-income,total-provision-income-taxes,income-after-taxes,income-from-continuous-operations,net-income,ebitda,ebit,basic-shares-outstanding,shares-outstanding,eps-basic-net-earnings-per-share,eps-earnings-per-share-diluted,cash-on-hand,inventory,other-current-assets,total-current-assets,net-property-plant-equipment,long-term-investments,goodwill-intangible-assets-total,other-long-term-assets,total-long-term-assets,total-assets,total-current-liabilities,long-term-debt,other-non-current-liabilities,total-long-term-liabilities,total-liabilities,common-stock-net,retained-earnings-accumulated-deficit,comprehensive-income,total-share-holder-equity,total-liabilities-share-holders-equity,net-income-loss,total-depreciation-amortization-cash-flow,other-non-cash-items,total-non-cash-items,change-in-accounts-receivable,change-in-inventories,change-in-accounts-payable,change-in-assets-liabilities,total-change-in-assets-liabilities,cash-flow-from-operating-activities,net-change-in-property-plant-equipment,net-change-in-intangible-assets,net-acquisitions-divestitures,net-change-in-short-term-investments,net-change-in-long-term-investments,net-change-in-investments-total,investing-activities-other,cash-flow-from-investing-activities,net-long-term-debt,net-current-debt,debt-issuance-retirement-net-total,net-common-equity-issued-repurchased,net-total-equity-issued-repurchased,total-common-preferred-stock-dividends-paid,financial-activities-other,cash-flow-from-financial-activities,net-cash-flow,stock-based-compensation,common-stock-dividends-paid
0,2018-09-30,5.56,$1.09,5.11,$0.41,13.44,$-2.04,0.0,$-0.95,0.0,$0.09B,$0.03B,3.34,$0.00B,$0.10B,0.0,$0.04B,$0.04B,100.00%,$0.04B,$-0.09B,-237.84%,$0.04B,$-0.09B,-237.84%,$0.04B,$-0.08B,-221.62%,$0.04B,$-0.08B,-227.03%,$0.04B,$-0.09B,-232.43%,$-0.09B,$0.10B,-73.19%,$-0.09B,$0.09B,-84.52%,$-0.09B,$0.14B,-52.84%,$-0.09B,$0.10B,-74.89%,$2,$0,$2,$22,$7,$29,$-27,$2,$-25,$0,$-25,$-25,$-25,$-25,$-27,$92,92,$-0.27,$-0.27,$85,$0,$0,$94,$16,$13,$16,$3,$47,$141,$28,$0,$0,$9,$37,$0,$-587,$-0,$104,$141,$-64,$4,$7,$11,$2,$0,$0,$-0,$-3,$-56,$-2,$0,$0,$37,$0,$37,$0,$35,$0,$0,$0,$17,$17,$0,$0,$17,$-4,$9,$0
1,2018-06-30,3.92,$1.22,3.22,$0.42,9.28,$-2.09,0.0,$-1.08,0.0,$0.10B,$0.03B,3.59,$0.00B,$0.11B,0.0,$0.04B,$0.04B,100.00%,$0.04B,$-0.09B,-236.84%,$0.04B,$-0.09B,-236.84%,$0.04B,$-0.09B,-223.68%,$0.04B,$-0.09B,-244.74%,$0.04B,$-0.10B,-250.00%,$-0.10B,$0.11B,-71.97%,$-0.10B,$0.10B,-81.90%,$-0.10B,$0.15B,-53.22%,$-0.09B,$0.11B,-68.18%,$24,$0,$24,$22,$7,$30,$-5,$-1,$-7,$0,$-7,$-7,$-7,$-4,$-5,$91,91,$-0.07,$-0.08,$96,$0,$0,$102,$17,$12,$16,$3,$47,$149,$28,$0,$0,$9,$37,$0,$-562,$-1,$111,$149,$-39,$3,$6,$9,$4,$0,$0,$5,$-1,$-32,$-2,$0,$0,$22,$0,$22,$0,$21,$0,$0,$0,$2,$2,$0,$0,$2,$-9,$6,$0
2,2018-03-31,4.71,$1.25,3.78,$0.43,11.08,$-2.22,0.0,$-1.13,0.0,$0.12B,$0.05B,2.41,$0.00B,$0.11B,0.0,$0.03B,$0.03B,100.00%,$0.03B,$-0.10B,-279.41%,$0.03B,$-0.10B,-279.41%,$0.03B,$-0.09B,-264.71%,$0.03B,$-0.10B,-279.41%,$0.03B,$-0.10B,-285.29%,$-0.10B,$0.11B,-71.72%,$-0.10B,$0.10B,-81.86%,$-0.10B,$0.17B,-53.59%,$-0.10B,$0.11B,-70.24%,$2,$0,$2,$25,$10,$34,$-33,$3,$-30,$2,$-32,$-32,$-32,$-31,$-33,$90,90,$-0.36,$-0.36,$113,$0,$0,$124,$17,$14,$16,$2,$50,$174,$51,$0,$0,$9,$61,$0,$-555,$-0,$113,$174,$-32,$1,$1,$3,$-1,$0,$0,$24,$17,$-13,$-1,$0,$0,$28,$0,$28,$0,$27,$0,$0,$0,$-1,$-1,$0,$0,$-1,$14,$4,$0
3,2017-12-31,4.13,$1.58,2.62,$0.55,7.54,$-2.29,0.0,$-1.08,0.0,$0.14B,$0.04B,3.91,$0.00B,$0.14B,0.0,$0.04B,$0.04B,100.00%,$0.04B,$-0.08B,-200.00%,$0.04B,$-0.08B,-200.00%,$0.04B,$-0.08B,-190.48%,$0.04B,$-0.09B,-209.52%,$0.04B,$-0.09B,-209.52%,$-0.09B,$0.14B,-65.92%,$-0.09B,$0.13B,-75.70%,$-0.09B,$0.19B,-50.07%,$-0.08B,$0.14B,-62.92%,$9,$0,$9,$25,$8,$32,$-23,$1,$-22,$0,$-22,$-22,$-22,$-22,$-23,$82,82,$-0.25,$-0.25,$127,$0,$0,$138,$18,$11,$17,$3,$49,$187,$35,$0,$0,$9,$45,$0,$-523,$-0,$142,$187,$-88,$4,$22,$26,$10,$0,$0,$-13,$-1,$-63,$-10,$1,$0,$-19,$0,$-19,$0,$-28,$0,$0,$0,$96,$96,$0,$0,$96,$5,$13,$0
4,2017-09-30,6.34,$1.80,3.53,$0.56,11.38,$-2.28,0.0,$-1.20,0.0,$0.16B,$0.03B,4.63,$0.00B,$0.16B,0.0,$0.04B,$0.04B,100.00%,$0.04B,$-0.08B,-197.62%,$0.04B,$-0.08B,-197.62%,$0.04B,$-0.08B,-188.10%,$0.04B,$-0.09B,-219.05%,$0.04B,$-0.09B,-219.05%,$-0.09B,$0.16B,-71.46%,$-0.09B,$0.15B,-82.88%,$-0.09B,$0.20B,-53.33%,$-0.08B,$0.16B,-64.47%,$3,$0,$3,$26,$6,$32,$-29,$-5,$-34,$0,$-34,$-34,$-34,$-28,$-29,$87,87,$-0.39,$-0.40,$142,$0,$0,$155,$18,$11,$17,$2,$49,$204,$33,$0,$0,$8,$42,$0,$-502,$1,$162,$204,$-67,$3,$20,$23,$9,$0,$0,$-16,$-6,$-49,$-9,$0,$0,$-33,$0,$-33,$0,$-42,$0,$0,$0,$96,$96,$0,$0,$96,$4,$10,$0
5,2017-06-30,7.84,$1.59,4.93,$0.70,11.26,$-2.29,0.0,$-1.08,0.0,$0.11B,$0.03B,3.9,$0.00B,$0.12B,0.0,$0.05B,$0.05B,100.00%,$0.05B,$-0.07B,-142.31%,$0.05B,$-0.07B,-142.31%,$0.05B,$-0.07B,-134.62%,$0.05B,$-0.08B,-151.92%,$0.05B,$-0.08B,-151.92%,$-0.08B,$0.12B,-63.20%,$-0.08B,$0.11B,-74.00%,$-0.08B,$0.16B,-46.40%,$-0.07B,$0.12B,-59.20%,$20,$0,$20,$24,$6,$30,$-10,$0,$-9,$0,$-9,$-9,$-9,$-9,$-10,$75,75,$-0.13,$-0.13,$92,$0,$0,$107,$15,$18,$17,$2,$52,$159,$27,$0,$0,$8,$35,$0,$-468,$1,$124,$159,$-33,$2,$12,$13,$8,$0,$0,$-16,$-13,$-32,$-6,$0,$0,$18,$0,$18,$0,$12,$0,$0,$0,$25,$25,$0,$0,$25,$5,$8,$0
6,2017-03-31,6.62,$1.42,4.66,$0.51,12.96,$-2.22,0.0,$-1.21,0.0,$0.11B,$0.04B,2.67,$0.00B,$0.11B,0.0,$0.04B,$0.04B,100.00%,$0.04B,$-0.08B,-215.79%,$0.04B,$-0.08B,-215.79%,$0.04B,$-0.08B,-205.26%,$0.04B,$-0.09B,-234.21%,$0.04B,$-0.09B,-234.21%,$-0.09B,$0.11B,-66.17%,$-0.09B,$0.09B,-76.72%,$-0.09B,$0.15B,-49.04%,$-0.08B,$0.11B,-60.97%,$10,$0,$10,$25,$8,$32,$-22,$-1,$-23,$0,$-23,$-23,$-23,$-21,$-22,$74,74,$-0.31,$-0.31,$90,$0,$0,$107,$10,$17,$18,$2,$47,$153,$40,$0,$0,$7,$47,$0,$-458,$1,$106,$153,$-23,$1,$8,$9,$5,$0,$0,$-1,$-1,$-15,$-1,$0,$0,$19,$0,$19,$0,$18,$0,$0,$0,$1,$1,$0,$0,$1,$4,$5,$0
7,2016-12-31,6.94,$1.67,4.17,$0.48,14.35,$-2.23,0.0,$-1.01,0.0,$0.13B,$0.04B,2.84,$0.00B,$0.12B,0.0,$0.04B,$0.04B,100.00%,$0.04B,$-0.08B,-208.33%,$0.04B,$-0.08B,-208.33%,$0.04B,$-0.07B,-200.00%,$0.04B,$-0.07B,-205.56%,$0.04B,$-0.07B,-205.56%,$-0.07B,$0.12B,-49.09%,$-0.07B,$0.11B,-55.53%,$-0.07B,$0.17B,-37.76%,$-0.08B,$0.12B,-49.75%,$9,$0,$9,$24,$7,$31,$-22,$-4,$-26,$0,$-26,$-26,$-26,$-21,$-22,$73,73,$-0.36,$-0.36,$105,$0,$0,$125,$9,$20,$18,$2,$49,$174,$44,$0,$0,$7,$50,$0,$-435,$1,$123,$174,$-74,$3,$8,$12,$-9,$0,$0,$1,$-1,$-63,$-3,$-0,$0,$19,$0,$19,$0,$16,$0,$0,$0,$8,$8,$0,$-0,$8,$-38,$10,$0
8,2016-09-30,9.32,$1.99,4.69,$0.45,20.52,$-1.56,0.0,$-0.90,0.0,$0.14B,$0.04B,3.39,$0.00B,$0.15B,0.0,$0.03B,$0.03B,100.00%,$0.03B,$-0.07B,-206.06%,$0.03B,$-0.07B,-206.06%,$0.03B,$-0.07B,-196.97%,$0.03B,$-0.07B,-200.00%,$0.03B,$-0.07B,-200.00%,$-0.07B,$0.15B,-40.24%,$-0.07B,$0.13B,-44.75%,$-0.07B,$0.20B,-32.04%,$-0.07B,$0.15B,-41.46%,$13,$0,$13,$27,$6,$33,$-20,$-1,$-21,$0,$-21,$-21,$-21,$-19,$-20,$74,74,$-0.28,$-0.28,$120,$0,$0,$140,$9,$25,$19,$1,$54,$195,$41,$0,$0,$6,$48,$0,$-409,$3,$147,$195,$-48,$2,$1,$3,$-10,$0,$0,$3,$-4,$-48,$-3,$-0,$0,$9,$0,$9,$0,$6,$0,$0,$0,$7,$7,$0,$-0,$7,$-34,$7,$0
9,2016-06-30,9.24,$2.21,4.19,$0.61,15.12,$-0.98,0.0,$-0.55,0.0,$0.15B,$0.04B,4.17,$0.00B,$0.16B,0.0,$0.04B,$0.04B,100.00%,$0.04B,$-0.04B,-100.00%,$0.04B,$-0.04B,-100.00%,$0.04B,$-0.04B,-95.45%,$0.04B,$-0.04B,-93.18%,$0.04B,$-0.04B,-88.64%,$-0.04B,$0.16B,-22.22%,$-0.04B,$0.14B,-24.34%,$-0.04B,$0.20B,-18.14%,$-0.04B,$0.16B,-25.07%,$6,$0,$6,$20,$6,$24,$-18,$-0,$-19,$0,$-19,$-19,$-19,$-17,$-18,$73,73,$-0.26,$-0.26,$135,$0,$0,$148,$9,$27,$19,$1,$56,$204,$35,$0,$0,$6,$42,$0,$-388,$4,$162,$204,$-27,$2,$-2,$-1,$-3,$0,$0,$1,$-2,$-29,$-2,$-0,$0,$-0,$0,$-0,$0,$-3,$0,$0,$0,$3,$3,$0,$-0,$3,$-29,$5,$0
10,2016-03-31,8.71,$2.37,3.68,$0.60,14.42,$-0.88,0.0,$-0.38,0.0,$0.16B,$0.03B,4.81,$0.00B,$0.17B,0.0,$0.04B,$0.04B,100.00%,$0.04B,$-0.04B,-95.35%,$0.04B,$-0.04B,-95.35%,$0.04B,$-0.04B,-93.02%,$0.04B,$-0.03B,-65.12%,$0.04B,$-0.03B,-60.47%,$-0.03B,$0.17B,-14.42%,$-0.03B,$0.16B,-15.64%,$-0.03B,$0.21B,-12.12%,$-0.04B,$0.17B,-22.75%,$8,$0,$8,$18,$5,$24,$-15,$7,$-8,$0,$-8,$-8,$-8,$-15,$-15,$72,72,$-0.11,$-0.11,$147,$0,$0,$161,$8,$27,$14,$1,$51,$211,$33,$0,$0,$7,$40,$0,$-369,$3,$171,$211,$-8,$1,$-4,$-3,$-4,$0,$0,$1,$-4,$-16,$-1,$0,$0,$0,$0,$0,$0,$-0,$0,$0,$0,$0,$0,$0,$0,$0,$-16,$3,$0
11,2015-12-31,6.72,$2.44,2.76,$0.58,11.66,$-0.86,0.0,$-0.45,0.0,$0.17B,$0.03B,5.46,$0.00B,$0.18B,0.0,$0.04B,$0.04B,100.00%,$0.04B,$-0.03B,-85.00%,$0.04B,$-0.03B,-85.00%,$0.04B,$-0.03B,-82.50%,$0.04B,$-0.03B,-77.50%,$0.04B,$-0.03B,-72.50%,$-0.03B,$0.18B,-17.76%,$-0.03B,$0.16B,-19.43%,$-0.03B,$0.21B,-15.16%,$-0.03B,$0.18B,-20.83%,$6,$0,$6,$16,$5,$20,$-15,$-4,$-18,$-0,$-18,$-18,$-18,$-14,$-15,$68,68,$-0.25,$-0.24,$163,$0,$0,$172,$7,$20,$14,$1,$42,$214,$31,$0,$0,$6,$38,$0,$-361,$3,$176,$214,$-29,$2,$1,$3,$-5,$0,$0,$11,$13,$-12,$-3,$1,$0,$-53,$0,$-53,$0,$-55,$0,$0,$0,$85,$85,$0,$-0,$84,$17,$6,$0
12,2015-09-30,5.78,$2.68,2.16,$0.53,10.87,$-1.16,0.0,$-0.32,0.0,$0.18B,$0.02B,10.07,$0.00B,$0.19B,0.0,$0.04B,$0.04B,100.00%,$0.04B,$-0.03B,-83.33%,$0.04B,$-0.03B,-83.33%,$0.04B,$-0.03B,-83.33%,$0.04B,$-0.02B,-55.56%,$0.04B,$-0.02B,-50.00%,$-0.02B,$0.19B,-12.22%,$-0.02B,$0.18B,-13.53%,$-0.02B,$0.23B,-10.54%,$-0.03B,$0.19B,-20.37%,$24,$0,$24,$16,$4,$20,$4,$0,$4,$-2,$6,$6,$6,$4,$4,$72,74,$0.08,$0.07,$171,$0,$0,$184,$6,$25,$14,$1,$47,$231,$18,$0,$0,$19,$37,$0,$-343,$4,$193,$231,$-11,$2,$-4,$-2,$-8,$0,$0,$11,$8,$-6,$-2,$1,$0,$-33,$0,$-33,$0,$-34,$0,$0,$0,$84,$84,$0,$-0,$84,$45,$5,$0
13,2015-06-30,8.16,$2.52,3.24,$0.23,34.8,$-1.44,0.0,$-0.51,0.0,$0.16B,$0.02B,11.17,$0.00B,$0.18B,0.0,$0.01B,$0.01B,100.00%,$0.01B,$-0.04B,-300.00%,$0.01B,$-0.04B,-300.00%,$0.01B,$-0.04B,-300.00%,$0.01B,$-0.03B,-221.43%,$0.01B,$-0.03B,-221.43%,$-0.03B,$0.18B,-24.17%,$-0.03B,$0.17B,-27.25%,$-0.03B,$0.20B,-21.12%,$-0.04B,$0.18B,-32.75%,$5,$0,$5,$17,$5,$20,$-15,$9,$-6,$0,$-6,$-6,$-6,$-15,$-15,$68,68,$-0.09,$-0.09,$155,$0,$0,$162,$5,$19,$14,$1,$40,$202,$15,$0,$0,$6,$21,$0,$-349,$-0,$181,$202,$-17,$1,$-3,$-2,$-3,$0,$0,$-2,$-2,$-21,$-1,$1,$0,$-31,$0,$-31,$0,$-32,$0,$0,$0,$82,$82,$0,$0,$82,$30,$4,$0
14,2015-03-31,8.16,$1.70,4.79,$0.22,37.19,$-1.35,0.0,$-0.61,0.0,$0.09B,$0.01B,10.7,$0.00B,$0.10B,0.0,$0.01B,$0.01B,100.00%,$0.01B,$-0.04B,-284.62%,$0.01B,$-0.04B,-284.62%,$0.01B,$-0.04B,-284.62%,$0.01B,$-0.04B,-276.92%,$0.01B,$-0.04B,-276.92%,$-0.04B,$0.10B,-31.72%,$-0.04B,$0.09B,-36.46%,$-0.04B,$0.12B,-27.32%,$-0.04B,$0.10B,-32.60%,$5,$0,$5,$9,$4,$14,$-8,$-2,$-11,$0,$-11,$-11,$-11,$-8,$-8,$61,61,$-0.17,$-0.18,$81,$0,$0,$87,$5,$10,$15,$1,$31,$118,$8,$0,$0,$6,$14,$0,$-342,$-0,$103,$118,$-11,$1,$5,$5,$-0,$0,$0,$-4,$-7,$-12,$-1,$0,$0,$-2,$0,$-2,$0,$-2,$0,$0,$0,$0,$0,$0,$0,$0,$-14,$2,$0
15,2014-12-31,9.18,$1.84,5.0,$0.18,51.77,$-1.25,0.0,$-0.48,0.0,$0.10B,$0.01B,7.03,$0.00B,$0.11B,0.0,$0.01B,$0.01B,100.00%,$0.01B,$-0.04B,-390.00%,$0.01B,$-0.04B,-390.00%,$0.01B,$-0.04B,-390.00%,$0.01B,$-0.04B,-360.00%,$0.01B,$-0.04B,-360.00%,$-0.04B,$0.11B,-30.00%,$-0.04B,$0.10B,-34.29%,$-0.04B,$0.13B,-25.67%,$-0.04B,$0.11B,-32.50%,$2,$0,$2,$9,$4,$13,$-11,$4,$-7,$0,$-7,$-7,$-7,$-11,$-11,$59,59,$-0.11,$-0.13,$94,$0,$0,$99,$5,$13,$15,$0,$33,$132,$14,$0,$0,$6,$20,$0,$-332,$-0,$112,$132,$-36,$2,$3,$5,$0,$0,$0,$0,$1,$-30,$-1,$0,$0,$-34,$0,$-34,$0,$-36,$0,$0,$0,$72,$72,$0,$0,$72,$7,$5,$0
16,2014-09-30,9.85,$1.94,5.09,$0.17,56.7,$-1.06,0.0,$-0.64,0.0,$0.11B,$0.01B,11.72,$0.00B,$0.12B,0.0,$0.01B,$0.01B,100.00%,$0.01B,$-0.04B,-360.00%,$0.01B,$-0.04B,-360.00%,$0.01B,$-0.04B,-350.00%,$0.01B,$-0.04B,-440.00%,$0.01B,$-0.04B,-440.00%,$-0.04B,$0.12B,-41.81%,$-0.04B,$0.10B,-48.89%,$-0.04B,$0.14B,-34.04%,$-0.04B,$0.12B,-34.20%,$2,$0,$2,$7,$3,$10,$-8,$1,$-7,$0,$-7,$-7,$-7,$-8,$-8,$60,61,$-0.12,$-0.12,$101,$0,$0,$105,$5,$10,$15,$1,$30,$135,$9,$0,$0,$9,$17,$0,$-324,$-0,$117,$135,$-29,$1,$6,$7,$2,$0,$0,$-0,$0,$-22,$-1,$0,$0,$-11,$0,$-11,$0,$-13,$0,$0,$0,$71,$71,$0,$0,$71,$37,$5,$0
17,2014-06-30,10.81,$2.03,5.33,$0.34,31.7,$-1.03,0.0,$-1.16,0.0,$0.11B,$0.01B,9.73,$0.00B,$0.12B,0.0,$0.02B,$0.02B,100.00%,$0.02B,$-0.03B,-158.82%,$0.02B,$-0.03B,-158.82%,$0.02B,$-0.03B,-152.94%,$0.02B,$-0.07B,-400.00%,$0.02B,$-0.07B,-400.00%,$-0.07B,$0.12B,-74.32%,$-0.07B,$0.11B,-89.47%,$-0.07B,$0.14B,-57.87%,$-0.03B,$0.12B,-29.51%,$4,$0,$4,$10,$4,$14,$-10,$-1,$-11,$0,$-11,$-11,$-11,$-10,$-10,$60,60,$-0.18,$-0.19,$109,$0,$0,$113,$5,$9,$15,$0,$29,$142,$12,$0,$0,$8,$20,$0,$-317,$-0,$122,$142,$-22,$1,$6,$6,$0,$0,$0,$1,$1,$-14,$-1,$0,$0,$-1,$0,$-1,$0,$-2,$0,$0,$0,$71,$71,$0,$0,$71,$55,$4,$0
18,2014-03-31,13.32,$2.15,6.19,$0.30,45.06,$-1.02,0.0,$-1.21,0.0,$0.12B,$0.02B,7.78,$0.00B,$0.13B,0.0,$0.01B,$0.01B,100.00%,$0.01B,$-0.02B,-164.29%,$0.01B,$-0.02B,-164.29%,$0.01B,$-0.02B,-150.00%,$0.01B,$-0.07B,-485.71%,$0.01B,$-0.07B,-485.71%,$-0.07B,$0.13B,-99.27%,$-0.07B,$0.11B,-129.52%,$-0.07B,$0.15B,-71.77%,$-0.02B,$0.13B,-33.58%,$2,$0,$2,$8,$4,$12,$-10,$-1,$-11,$0,$-11,$-11,$-11,$-10,$-10,$55,55,$-0.20,$-0.20,$117,$0,$0,$122,$3,$11,$16,$1,$30,$152,$16,$0,$0,$7,$22,$0,$-307,$-0,$129,$152,$-11,$0,$4,$4,$1,$0,$0,$0,$1,$-6,$-0,$0,$0,$1,$0,$1,$0,$1,$0,$0,$0,$70,$70,$0,$0,$70,$65,$3,$0
19,2013-12-31,11.6,$1.01,11.53,$0.29,39.98,$-1.05,0.0,$-1.36,0.0,$0.06B,$0.03B,2.03,$0.00B,$0.05B,0.0,$0.01B,$0.01B,100.00%,$0.01B,$-0.02B,-153.85%,$0.01B,$-0.02B,-153.85%,$0.01B,$-0.02B,-130.77%,$0.01B,$-0.07B,-507.69%,$0.01B,$-0.07B,-507.69%,$-0.07B,$0.05B,-142.70%,$-0.07B,$0.04B,-221.85%,$-0.07B,$0.09B,-92.63%,$-0.02B,$0.05B,-43.24%,$2,$0,$2,$6,$4,$10,$-8,$-7,$-15,$0,$-15,$-15,$-15,$-7,$-8,$46,46,$-0.31,$-0.31,$53,$0,$0,$59,$3,$10,$16,$0,$30,$88,$29,$0,$0,$6,$35,$0,$-296,$-0,$53,$88,$-66,$2,$47,$49,$-2,$0,$0,$1,$1,$-15,$-0,$2,$0,$-11,$0,$-11,$0,$-9,$0,$0,$0,$53,$53,$0,$0,$53,$28,$2,$0
20,2013-09-30,8.28,$1.20,6.91,$0.29,28.98,$-1.37,0.0,$-1.08,0.0,$0.06B,$0.02B,2.83,$0.00B,$0.06B,0.0,$0.01B,$0.01B,100.00%,$0.01B,$-0.02B,-150.00%,$0.01B,$-0.02B,-150.00%,$0.01B,$-0.02B,-133.33%,$0.01B,$-0.05B,-433.33%,$0.01B,$-0.05B,-433.33%,$-0.05B,$0.06B,-124.55%,$-0.05B,$0.05B,-210.10%,$-0.05B,$0.09B,-85.95%,$-0.02B,$0.06B,-43.11%,$9,$0,$9,$5,$3,$9,$1,$-32,$-31,$0,$-31,$-31,$-31,$1,$1,$48,48,$-0.64,$-0.64,$46,$0,$0,$58,$2,$11,$16,$0,$30,$88,$20,$0,$0,$5,$26,$0,$-280,$-0,$62,$88,$-51,$1,$40,$42,$-10,$0,$0,$1,$-7,$-16,$-0,$1,$0,$-5,$0,$-5,$0,$-4,$0,$0,$0,$48,$48,$0,$0,$48,$27,$1,$0
21,2013-06-30,3.18,$0.66,4.83,$0.11,28.12,$-1.53,0.0,$-0.64,0.0,$0.03B,$0.02B,1.34,$0.00B,$0.03B,0.0,$0.00B,$0.00B,100.00%,$0.00B,$-0.03B,-625.00%,$0.00B,$-0.03B,-625.00%,$0.00B,$-0.02B,-575.00%,$0.00B,$-0.03B,-700.00%,$0.00B,$-0.03B,-700.00%,$-0.03B,$0.03B,-82.35%,$-0.03B,$0.01B,-169.70%,$-0.03B,$0.05B,-56.57%,$-0.03B,$0.03B,-73.53%,$1,$0,$1,$4,$3,$6,$-6,$-5,$-11,$0,$-11,$-11,$-11,$-5,$-6,$45,45,$-0.24,$-0.24,$23,$0,$0,$26,$0,$8,$17,$0,$25,$51,$19,$0,$0,$2,$21,$0,$-249,$-0,$30,$51,$-20,$1,$8,$9,$0,$0,$0,$-1,$0,$-11,$-0,$1,$0,$-5,$0,$-5,$0,$-4,$0,$0,$0,$20,$20,$0,$0,$20,$5,$1,$0
22,2013-03-31,2.38,$0.90,2.65,$0.11,21.89,$-1.62,0.0,$-0.52,0.0,$0.03B,$0.02B,1.9,$0.00B,$0.04B,0.0,$0.00B,$0.00B,100.00%,$0.00B,$-0.03B,-866.67%,$0.00B,$-0.03B,-866.67%,$0.00B,$-0.02B,-800.00%,$0.00B,$-0.02B,-700.00%,$0.00B,$-0.02B,-700.00%,$-0.02B,$0.04B,-59.15%,$-0.02B,$0.02B,-118.31%,$-0.02B,$0.06B,-42.86%,$-0.03B,$0.04B,-73.24%,$1,$0,$1,$5,$3,$8,$-7,$-2,$-9,$0,$-9,$-9,$-9,$-6,$-7,$39,39,$-0.24,$-0.24,$28,$0,$0,$30,$0,$10,$17,$0,$28,$58,$16,$0,$0,$2,$18,$0,$-239,$0,$40,$58,$-9,$0,$3,$4,$-0,$0,$0,$-0,$0,$-5,$-0,$0,$0,$0,$0,$0,$0,$0,$0,$0,$0,$20,$20,$0,$0,$20,$14,$1,$0
23,2012-12-31,2.0,$0.97,2.07,$0.12,16.43,$-1.65,0.0,$-0.56,0.0,$0.02B,$0.01B,1.91,$0.00B,$0.04B,0.0,$0.00B,$0.00B,100.00%,$0.00B,$-0.02B,-575.00%,$0.00B,$-0.02B,-575.00%,$0.00B,$-0.02B,-550.00%,$0.00B,$-0.02B,-500.00%,$0.00B,$-0.02B,-500.00%,$-0.02B,$0.04B,-56.34%,$-0.02B,$0.02B,-115.94%,$-0.02B,$0.05B,-41.45%,$-0.02B,$0.04B,-64.79%,$1,$0,$1,$4,$3,$7,$-6,$6,$-1,$0,$-1,$-1,$-1,$-6,$-6,$34,34,$-0.02,$-0.02,$14,$0,$0,$16,$0,$11,$18,$0,$29,$45,$8,$0,$0,$2,$10,$0,$-230,$0,$35,$45,$-20,$2,$-3,$-1,$-0,$0,$0,$-0,$-1,$-22,$-0,$1,$0,$5,$0,$5,$0,$5,$0,$0,$0,$5,$5,$0,$0,$5,$-12,$1,$0
24,2012-09-30,2.34,$0.91,2.56,$0.14,16.7,$-1.62,0.0,$-0.72,0.0,$0.02B,$0.01B,1.5,$0.00B,$0.03B,0.0,$0.01B,$0.01B,100.00%,$0.01B,$-0.02B,-460.00%,$0.01B,$-0.02B,-460.00%,$0.01B,$-0.02B,-420.00%,$0.01B,$-0.02B,-480.00%,$0.01B,$-0.02B,-480.00%,$-0.02B,$0.03B,-61.94%,$-0.02B,$0.01B,-120.00%,$-0.02B,$0.04B,-45.93%,$-0.02B,$0.03B,-59.35%,$1,$0,$1,$5,$3,$7,$-6,$-0,$-7,$0,$-7,$-7,$-7,$-6,$-6,$34,34,$-0.20,$-0.20,$15,$0,$0,$17,$0,$9,$18,$0,$28,$44,$11,$0,$0,$2,$13,$0,$-229,$0,$31,$44,$-19,$1,$2,$3,$-0,$0,$0,$-0,$-1,$-17,$-0,$1,$0,$2,$0,$2,$0,$3,$0,$0,$0,$1,$1,$0,$0,$1,$-13,$1,$0
25,2012-06-30,1.84,$1.08,1.71,$0.20,9.31,$-1.60,0.0,$-0.68,0.0,$0.02B,$0.01B,2.08,$0.00B,$0.04B,0.0,$0.01B,$0.01B,100.00%,$0.01B,$-0.02B,-328.57%,$0.01B,$-0.02B,-328.57%,$0.01B,$-0.02B,-300.00%,$0.01B,$-0.02B,-314.29%,$0.01B,$-0.02B,-314.29%,$-0.02B,$0.04B,-50.29%,$-0.02B,$0.02B,-89.80%,$-0.02B,$0.05B,-38.60%,$-0.02B,$0.04B,-52.57%,$0,$0,$0,$5,$3,$7,$-7,$3,$-4,$0,$-4,$-4,$-4,$-6,$-7,$34,34,$-0.12,$-0.12,$19,$0,$0,$21,$0,$8,$19,$0,$27,$49,$10,$0,$0,$2,$12,$0,$-222,$0,$36,$49,$-12,$1,$2,$3,$0,$0,$0,$-0,$-1,$-11,$-0,$0,$0,$-1,$0,$-1,$0,$-1,$0,$0,$0,$0,$0,$0,$0,$0,$-11,$1,$0
26,2012-03-31,2.68,$1.19,2.24,$0.26,10.26,$-1.59,0.0,$-0.64,0.0,$0.03B,$0.01B,2.07,$0.00B,$0.04B,0.0,$0.01B,$0.01B,100.00%,$0.01B,$-0.02B,-233.33%,$0.01B,$-0.02B,-233.33%,$0.01B,$-0.02B,-222.22%,$0.01B,$-0.02B,-233.33%,$0.01B,$-0.02B,-233.33%,$-0.02B,$0.04B,-43.08%,$-0.02B,$0.02B,-73.04%,$-0.02B,$0.06B,-34.01%,$-0.02B,$0.04B,-43.08%,$2,$0,$2,$4,$2,$6,$-4,$-4,$-8,$0,$-8,$-8,$-8,$-4,$-4,$34,34,$-0.24,$-0.24,$25,$0,$0,$27,$0,$9,$19,$0,$28,$55,$13,$0,$0,$2,$15,$0,$-218,$0,$40,$55,$-8,$0,$4,$5,$-0,$0,$0,$-0,$-2,$-5,$-0,$0,$0,$-1,$0,$-1,$0,$-1,$0,$0,$0,$0,$0,$0,$0,$0,$-6,$1,$0
27,2011-12-31,1.71,$1.42,1.21,$0.31,5.46,$-1.61,0.0,$-0.48,0.0,$0.03B,$0.01B,2.89,$0.00B,$0.05B,0.0,$0.01B,$0.01B,100.00%,$0.01B,$-0.02B,-210.00%,$0.01B,$-0.02B,-210.00%,$0.01B,$-0.02B,-200.00%,$0.01B,$-0.02B,-150.00%,$0.01B,$-0.02B,-150.00%,$-0.02B,$0.05B,-28.17%,$-0.02B,$0.03B,-45.80%,$-0.02B,$0.06B,-22.47%,$-0.02B,$0.05B,-39.44%,$2,$0,$2,$4,$3,$7,$-6,$0,$-5,$0,$-5,$-5,$-5,$-5,$-6,$32,32,$-0.16,$-0.16,$30,$0,$0,$32,$0,$9,$19,$0,$29,$61,$11,$0,$0,$2,$13,$0,$-210,$0,$48,$61,$-15,$2,$-5,$-3,$-0,$0,$0,$-1,$-1,$-20,$-0,$0,$0,$-11,$0,$-11,$0,$-11,$0,$0,$0,$28,$28,$0,$0,$28,$-3,$2,$0
28,2011-09-30,2.26,$1.61,1.4,$0.35,6.4,$-1.45,0.0,$-0.56,0.0,$0.03B,$0.01B,3.37,$0.00B,$0.05B,0.0,$0.01B,$0.01B,100.00%,$0.01B,$-0.02B,-200.00%,$0.01B,$-0.02B,-200.00%,$0.01B,$-0.02B,-200.00%,$0.01B,$-0.02B,-160.00%,$0.01B,$-0.02B,-160.00%,$-0.02B,$0.05B,-30.19%,$-0.02B,$0.03B,-49.61%,$-0.02B,$0.06B,-24.43%,$-0.02B,$0.05B,-37.74%,$3,$0,$3,$7,$2,$9,$-6,$2,$-5,$0,$-5,$-5,$-5,$-6,$-6,$32,32,$-0.16,$-0.16,$31,$0,$0,$33,$0,$10,$20,$0,$31,$63,$10,$0,$0,$2,$12,$0,$-205,$-0,$51,$63,$-10,$2,$-5,$-4,$-0,$0,$0,$-1,$-2,$-15,$-0,$0,$0,$-4,$0,$-4,$0,$-4,$0,$0,$0,$24,$24,$0,$0,$24,$5,$1,$0
29,2011-06-30,2.4,$1.75,1.37,$0.32,7.51,$-1.31,0.0,$-0.44,0.0,$0.04B,$0.01B,3.88,$0.00B,$0.06B,0.0,$0.01B,$0.01B,100.00%,$0.01B,$-0.02B,-237.50%,$0.01B,$-0.02B,-237.50%,$0.01B,$-0.02B,-225.00%,$0.01B,$-0.01B,-150.00%,$0.01B,$-0.01B,-150.00%,$-0.01B,$0.06B,-22.54%,$-0.01B,$0.04B,-37.50%,$-0.01B,$0.07B,-18.60%,$-0.02B,$0.06B,-35.68%,$2,$0,$2,$4,$3,$8,$-5,$2,$-3,$0,$-3,$-3,$-3,$-5,$-5,$32,32,$-0.08,$-0.08,$36,$0,$0,$39,$0,$8,$20,$0,$29,$68,$10,$0,$0,$2,$12,$0,$-200,$-0,$56,$68,$-5,$1,$-3,$-2,$-0,$0,$0,$-1,$-2,$-10,$-0,$0,$0,$-4,$0,$-4,$0,$-4,$0,$0,$0,$24,$24,$0,$0,$24,$11,$1,$0
30,2011-03-31,4.4,$1.83,2.4,$0.29,15.28,$-1.30,0.0,$-0.64,0.0,$0.04B,$0.01B,3.0,$0.00B,$0.06B,0.0,$0.01B,$0.01B,100.00%,$0.01B,$-0.02B,-271.43%,$0.01B,$-0.02B,-271.43%,$0.01B,$-0.02B,-242.86%,$0.01B,$-0.02B,-242.86%,$0.01B,$-0.02B,-242.86%,$-0.02B,$0.06B,-32.54%,$-0.02B,$0.04B,-55.28%,$-0.02B,$0.08B,-27.20%,$-0.02B,$0.06B,-36.36%,$3,$0,$3,$4,$3,$7,$-4,$2,$-2,$0,$-2,$-2,$-2,$-4,$-4,$30,30,$-0.08,$-0.08,$41,$0,$0,$42,$0,$11,$21,$0,$32,$75,$14,$0,$0,$2,$17,$0,$-197,$0,$58,$75,$-2,$1,$-1,$-1,$-0,$0,$0,$-1,$-2,$-6,$-0,$0,$0,$-2,$0,$-2,$0,$-2,$0,$0,$0,$24,$24,$0,$0,$24,$17,$1,$0
31,2010-12-31,4.6,$1.79,2.56,$0.24,19.27,$-1.29,0.0,$-0.64,0.0,$0.02B,$0.01B,3.55,$0.00B,$0.05B,0.0,$0.01B,$0.01B,100.00%,$0.01B,$-0.02B,-380.00%,$0.01B,$-0.02B,-380.00%,$0.01B,$-0.02B,-340.00%,$0.01B,$-0.02B,-340.00%,$0.01B,$-0.02B,-340.00%,$-0.02B,$0.05B,-32.38%,$-0.02B,$0.03B,-55.28%,$-0.02B,$0.06B,-26.67%,$-0.02B,$0.05B,-36.19%,$2,$0,$2,$4,$3,$8,$-5,$-1,$-6,$0,$-6,$-6,$-6,$-5,$-5,$26,26,$-0.28,$-0.28,$22,$0,$0,$23,$0,$11,$21,$0,$33,$56,$6,$0,$0,$3,$9,$0,$-195,$0,$47,$56,$-18,$2,$-0,$2,$0,$0,$0,$2,$4,$-12,$-0,$0,$-0,$12,$0,$12,$0,$11,$0,$-12,$-12,$2,$2,$0,$0,$-10,$-10,$1,$0
32,2010-09-30,5.0,$1.99,2.51,$0.29,17.42,$-1.58,0.0,$-0.68,0.0,$0.02B,$0.01B,4.65,$0.00B,$0.05B,0.0,$0.01B,$0.01B,100.00%,$0.01B,$-0.02B,-300.00%,$0.01B,$-0.02B,-300.00%,$0.01B,$-0.02B,-250.00%,$0.01B,$-0.02B,-300.00%,$0.01B,$-0.02B,-300.00%,$-0.02B,$0.05B,-32.14%,$-0.02B,$0.03B,-53.33%,$-0.02B,$0.06B,-25.71%,$-0.02B,$0.05B,-32.14%,$1,$0,$1,$3,$3,$6,$-5,$3,$-1,$0,$-1,$-1,$-1,$-4,$-5,$26,26,$-0.04,$-0.04,$24,$0,$0,$24,$0,$13,$22,$0,$35,$59,$5,$0,$0,$3,$8,$0,$-189,$0,$52,$59,$-11,$2,$-2,$0,$0,$0,$0,$3,$3,$-9,$-0,$-0,$0,$9,$0,$9,$0,$9,$0,$-12,$-12,$1,$1,$0,$0,$-11,$-11,$1,$0
33,2010-06-30,4.08,$2.02,2.02,$0.39,10.39,$-1.74,0.0,$-0.76,0.0,$0.03B,$0.01B,4.82,$0.00B,$0.05B,0.0,$0.01B,$0.01B,100.00%,$0.01B,$-0.02B,-188.89%,$0.01B,$-0.02B,-188.89%,$0.01B,$-0.01B,-155.56%,$0.01B,$-0.02B,-222.22%,$0.01B,$-0.02B,-222.22%,$-0.02B,$0.05B,-33.33%,$-0.02B,$0.03B,-53.33%,$-0.02B,$0.06B,-25.72%,$-0.02B,$0.05B,-28.33%,$1,$0,$1,$3,$3,$6,$-5,$-3,$-8,$0,$-8,$-8,$-8,$-4,$-5,$26,26,$-0.28,$-0.28,$25,$0,$0,$27,$0,$10,$22,$0,$33,$60,$6,$0,$0,$3,$8,$0,$-187,$0,$52,$60,$-10,$1,$1,$2,$-2,$0,$0,$3,$-0,$-8,$-0,$-0,$0,$4,$0,$4,$0,$4,$0,$-11,$-11,$0,$0,$0,$0,$-11,$-15,$1,$0
34,2010-03-31,5.28,$2.31,2.29,$0.52,10.1,$-1.94,0.0,$-1.24,0.0,$0.04B,$0.02B,2.44,$0.00B,$0.06B,0.0,$0.01B,$0.01B,100.00%,$0.01B,$-0.02B,-150.00%,$0.01B,$-0.02B,-150.00%,$0.01B,$-0.01B,-130.00%,$0.01B,$-0.02B,-230.00%,$0.01B,$-0.02B,-230.00%,$-0.02B,$0.06B,-40.71%,$-0.02B,$0.04B,-68.66%,$-0.02B,$0.08B,-29.30%,$-0.02B,$0.06B,-26.55%,$1,$0,$1,$3,$3,$6,$-4,$2,$-2,$0,$-2,$-2,$-2,$-4,$-4,$26,26,$-0.08,$-0.08,$39,$0,$0,$43,$0,$13,$23,$0,$37,$80,$18,$0,$0,$3,$20,$0,$-180,$0,$59,$80,$-2,$1,$-2,$-1,$-3,$0,$0,$3,$-1,$-5,$-0,$0,$0,$-8,$0,$-8,$0,$-8,$0,$-0,$-0,$0,$0,$0,$0,$-0,$-13,$0,$0
35,2009-12-31,4.56,$2.38,1.91,$0.50,9.07,$-1.97,0.0,$-1.48,0.0,$0.05B,$0.02B,2.3,$0.00B,$0.06B,0.0,$0.01B,$0.01B,100.00%,$0.01B,$-0.02B,-166.67%,$0.01B,$-0.02B,-166.67%,$0.01B,$-0.01B,-133.33%,$0.01B,$-0.02B,-266.67%,$0.01B,$-0.02B,-266.67%,$-0.02B,$0.06B,-52.46%,$-0.02B,$0.04B,-93.20%,$-0.02B,$0.08B,-35.56%,$-0.02B,$0.06B,-32.79%,$3,$0,$3,$4,$3,$6,$-4,$-4,$-7,$0,$-7,$-7,$-7,$-3,$-4,$19,19,$-0.12,$-0.12,$44,$0,$0,$45,$0,$12,$23,$0,$36,$81,$19,$0,$0,$0,$19,$0,$-177,$0,$61,$81,$-24,$2,$12,$14,$1,$0,$0,$-4,$-4,$-14,$-0,$0,$1,$0,$0,$0,$0,$1,$0,$-0,$-0,$29,$29,$0,$0,$29,$16,$2,$0
36,2009-09-30,6.28,$2.67,2.35,$0.39,16.0,$-2.24,0.0,$-1.52,0.0,$0.05B,$0.02B,2.28,$0.00B,$0.07B,0.0,$0.01B,$0.01B,100.00%,$0.01B,$-0.01B,-233.33%,$0.01B,$-0.01B,-233.33%,$0.01B,$-0.01B,-200.00%,$0.01B,$-0.02B,-350.00%,$0.01B,$-0.02B,-350.00%,$-0.02B,$0.07B,-59.57%,$-0.02B,$0.05B,-113.51%,$-0.02B,$0.09B,-36.84%,$-0.01B,$0.07B,-39.72%,$4,$0,$4,$3,$4,$7,$-4,$1,$-3,$0,$-3,$-3,$-3,$-3,$-4,$23,23,$-0.12,$-0.12,$46,$0,$0,$48,$0,$18,$24,$0,$42,$90,$21,$0,$0,$1,$22,$0,$-170,$0,$68,$90,$-17,$1,$9,$10,$1,$0,$0,$-4,$-5,$-12,$-0,$-0,$2,$0,$0,$0,$0,$1,$0,$-0,$-0,$29,$29,$0,$0,$29,$18,$2,$0
37,2009-06-30,3.2,$1.76,1.81,$0.28,11.48,$-2.53,0.0,$-1.60,0.0,$0.02B,$0.02B,1.21,$0.00B,$0.04B,0.0,$0.00B,$0.00B,100.00%,$0.00B,$-0.01B,-650.00%,$0.00B,$-0.01B,-650.00%,$0.00B,$-0.01B,-600.00%,$0.00B,$-0.02B,-1000.00%,$0.00B,$-0.02B,-1000.00%,$-0.02B,$0.04B,-85.11%,$-0.02B,$0.01B,-200.00%,$-0.02B,$0.06B,-47.62%,$-0.01B,$0.04B,-55.32%,$2,$0,$2,$1,$4,$5,$-3,$-8,$-11,$0,$-11,$-11,$-11,$-3,$-3,$14,14,$-0.76,$-0.76,$22,$0,$0,$24,$0,$14,$24,$0,$39,$63,$20,$0,$4,$5,$25,$0,$-167,$0,$38,$63,$-14,$1,$8,$9,$0,$0,$0,$-2,$-2,$-7,$-0,$0,$1,$0,$0,$0,$0,$1,$0,$-0,$-0,$0,$0,$0,$0,$-0,$-6,$1,$0
38,2009-03-31,1.56,$1.44,1.09,$0.17,9.44,$-2.52,0.0,$-1.20,0.0,$0.01B,$0.02B,0.82,$0.00B,$0.02B,0.0,$0.00B,$0.00B,100.00%,$0.00B,$-0.01B,-1400.00%,$0.00B,$-0.01B,-1400.00%,$0.00B,$-0.01B,-1300.00%,$0.00B,$-0.01B,-1300.00%,$0.00B,$-0.01B,-1300.00%,$-0.01B,$0.02B,-65.00%,$-0.01B,$0.01B,-130.00%,$-0.01B,$0.04B,-37.96%,$-0.01B,$0.02B,-70.00%,$0,$0,$0,$1,$3,$4,$-4,$0,$-3,$0,$-3,$-3,$-3,$-3,$-4,$11,11,$-0.32,$-0.32,$12,$0,$0,$12,$0,$13,$10,$0,$24,$36,$15,$0,$0,$5,$20,$0,$-156,$0,$16,$36,$-3,$0,$0,$0,$0,$0,$0,$-0,$1,$-2,$-0,$-0,$0,$0,$0,$0,$0,$-0,$0,$-0,$-0,$0,$0,$0,$0,$-0,$-2,$0,$0
39,2008-12-31,2.08,$1.74,1.2,$0.19,10.88,$-2.54,0.0,$-1.16,0.0,$0.02B,$0.02B,1.04,$0.00B,$0.02B,0.0,$0.00B,$0.00B,100.00%,$0.00B,$-0.01B,-650.00%,$0.00B,$-0.01B,-650.00%,$0.00B,$-0.01B,-650.00%,$0.00B,$-0.01B,-650.00%,$0.00B,$-0.01B,-650.00%,$-0.01B,$0.02B,-56.52%,$-0.01B,$0.01B,-100.00%,$-0.01B,$0.04B,-37.96%,$-0.01B,$0.02B,-56.52%,$0,$0,$0,$1,$3,$4,$-3,$-0,$-4,$0,$-4,$-4,$-4,$-3,$-3,$11,11,$-0.36,$-0.36,$14,$0,$0,$15,$0,$13,$10,$0,$24,$39,$15,$0,$0,$5,$20,$0,$-153,$0,$19,$39,$-13,$1,$1,$2,$0,$0,$0,$-0,$-0,$-11,$-0,$0,$-0,$0,$4,$4,$0,$3,$0,$12,$12,$0,$0,$0,$0,$12,$4,$1,$0
40,2008-09-30,2.48,$1.91,1.3,$0.48,5.15,$-2.63,0.0,$-0.92,0.0,$0.01B,$0.00B,1.77,$0.00B,$0.02B,0.0,$0.01B,$0.01B,100.00%,$0.01B,$-0.01B,-240.00%,$0.01B,$-0.01B,-240.00%,$0.01B,$-0.01B,-240.00%,$0.01B,$-0.01B,-200.00%,$0.01B,$-0.01B,-200.00%,$-0.01B,$0.02B,-38.46%,$-0.01B,$0.01B,-62.50%,$-0.01B,$0.03B,-28.99%,$-0.01B,$0.02B,-46.15%,$0,$0,$0,$1,$2,$3,$-3,$0,$-2,$0,$-2,$-2,$-2,$-3,$-3,$11,11,$-0.20,$-0.20,$6,$0,$0,$8,$0,$12,$10,$0,$23,$30,$4,$0,$0,$5,$9,$0,$-149,$-1,$21,$30,$-9,$1,$1,$1,$0,$0,$0,$-0,$-0,$-9,$-0,$-0,$0,$0,$4,$4,$0,$3,$0,$2,$2,$0,$0,$0,$0,$2,$-4,$1,$0
41,2008-06-30,4.32,$2.15,2.01,$0.48,8.91,$-2.81,0.0,$-1.16,0.0,$0.01B,$0.00B,2.6,$0.00B,$0.02B,0.0,$0.01B,$0.01B,100.00%,$0.01B,$-0.01B,-280.00%,$0.01B,$-0.01B,-280.00%,$0.01B,$-0.01B,-280.00%,$0.01B,$-0.01B,-220.00%,$0.01B,$-0.01B,-220.00%,$-0.01B,$0.02B,-37.93%,$-0.01B,$0.01B,-58.67%,$-0.01B,$0.03B,-29.53%,$-0.01B,$0.02B,-48.28%,$1,$0,$1,$2,$3,$5,$-4,$0,$-4,$0,$-4,$-4,$-4,$-4,$-4,$11,11,$-0.36,$-0.36,$8,$0,$0,$9,$0,$12,$10,$0,$23,$32,$4,$0,$0,$5,$9,$0,$-147,$-1,$24,$32,$-7,$0,$1,$1,$1,$0,$0,$-0,$1,$-5,$-0,$-0,$0,$0,$4,$4,$0,$3,$0,$0,$0,$0,$0,$0,$0,$0,$-2,$1,$0
42,2008-03-31,3.84,$2.52,1.53,$0.47,8.12,$-3.05,0.0,$-1.24,0.0,$0.01B,$0.00B,4.33,$0.00B,$0.03B,0.0,$0.00B,$0.00B,100.00%,$0.00B,$-0.02B,-375.00%,$0.00B,$-0.02B,-375.00%,$0.00B,$-0.02B,-375.00%,$0.00B,$-0.01B,-275.00%,$0.00B,$-0.01B,-275.00%,$-0.01B,$0.03B,-34.38%,$-0.01B,$0.02B,-51.16%,$-0.01B,$0.04B,-27.33%,$-0.02B,$0.03B,-46.88%,$1,$0,$1,$2,$2,$4,$-3,$0,$-3,$0,$-3,$-3,$-3,$-3,$-3,$11,11,$-0.28,$-0.28,$11,$0,$0,$12,$0,$13,$10,$0,$23,$36,$3,$0,$0,$5,$8,$0,$-143,$-1,$28,$36,$-3,$0,$0,$1,$1,$0,$0,$-0,$0,$-2,$-0,$-0,$0,$0,$1,$1,$0,$0,$0,$0,$0,$0,$0,$0,$0,$0,$-2,$0,$0
43,2007-12-31,3.68,$2.83,1.3,$0.47,7.88,$-3.25,0.0,$-1.40,0.0,$0.03B,$0.00B,8.65,$0.00B,$0.03B,0.0,$0.00B,$0.00B,100.00%,$0.00B,$-0.02B,-400.00%,$0.00B,$-0.02B,-400.00%,$0.00B,$-0.02B,-400.00%,$0.00B,$-0.01B,-300.00%,$0.00B,$-0.01B,-300.00%,$-0.01B,$0.03B,-38.71%,$-0.01B,$0.02B,-59.26%,$-0.01B,$0.04B,-30.57%,$-0.02B,$0.03B,-51.61%,$3,$0,$3,$2,$3,$5,$-2,$1,$-1,$0,$-1,$-1,$-1,$-2,$-2,$10,10,$-0.08,$-0.08,$27,$0,$0,$29,$0,$0,$10,$0,$11,$40,$3,$0,$0,$5,$9,$0,$-140,$0,$31,$40,$-11,$1,$-1,$0,$-1,$0,$0,$0,$-1,$-12,$-0,$-1,$0,$0,$-2,$-2,$0,$-3,$0,$0,$0,$16,$16,$-0,$0,$16,$2,$2,$0
44,2007-09-30,5.4,$2.97,1.82,$0.34,15.83,$-3.03,0.0,$-1.92,0.0,$0.03B,$0.00B,9.54,$0.00B,$0.03B,0.0,$0.00B,$0.00B,100.00%,$0.00B,$-0.02B,-600.00%,$0.00B,$-0.02B,-600.00%,$0.00B,$-0.02B,-600.00%,$0.00B,$-0.01B,-466.67%,$0.00B,$-0.02B,-633.33%,$-0.02B,$0.03B,-68.47%,$-0.02B,$0.02B,-113.43%,$-0.02B,$0.04B,-49.67%,$-0.02B,$0.03B,-64.86%,$0,$0,$0,$2,$3,$6,$-5,$2,$-3,$0,$-3,$-3,$-3,$-5,$-5,$11,11,$-0.24,$-0.24,$28,$0,$0,$30,$0,$0,$11,$0,$11,$41,$3,$0,$0,$5,$8,$0,$-142,$0,$33,$41,$-10,$1,$-1,$-0,$0,$0,$0,$-0,$-0,$-11,$-0,$-0,$0,$-7,$0,$-7,$0,$-7,$0,$0,$0,$16,$16,$-0,$0,$16,$-1,$1,$0
45,2007-06-30,11.2,$3.31,3.39,$0.37,30.18,$-3.23,0.0,$-1.92,0.0,$0.03B,$0.00B,11.1,$0.00B,$0.04B,0.0,$0.00B,$0.00B,100.00%,$0.00B,$-0.02B,-425.00%,$0.00B,$-0.02B,-425.00%,$0.00B,$-0.02B,-400.00%,$0.00B,$-0.01B,-350.00%,$0.00B,$-0.02B,-475.00%,$-0.02B,$0.04B,-80.85%,$-0.02B,$0.03B,-149.02%,$-0.02B,$0.04B,-57.58%,$-0.02B,$0.04B,-72.34%,$0,$0,$0,$3,$2,$5,$-5,$1,$-4,$0,$-4,$-4,$-4,$-5,$-5,$10,10,$-0.36,$-0.36,$32,$0,$0,$33,$0,$0,$11,$0,$11,$44,$3,$0,$0,$5,$8,$0,$-137,$0,$36,$44,$-7,$0,$0,$1,$-0,$0,$0,$-0,$-0,$-7,$-0,$-0,$0,$-9,$0,$-9,$0,$-9,$0,$0,$0,$16,$16,$-0,$0,$16,$-1,$1,$0
46,2007-03-31,12.96,$2.45,5.29,$0.41,31.68,$-3.26,0.0,$-1.88,0.0,$0.02B,$0.00B,7.55,$0.00B,$0.02B,0.0,$0.01B,$0.01B,100.00%,$0.01B,$-0.02B,-300.00%,$0.01B,$-0.02B,-300.00%,$0.01B,$-0.01B,-280.00%,$0.01B,$-0.01B,-260.00%,$0.01B,$-0.02B,-360.00%,$-0.02B,$0.02B,-93.51%,$-0.02B,$0.01B,-211.76%,$-0.02B,$0.03B,-64.86%,$-0.02B,$0.02B,-77.92%,$1,$0,$1,$3,$2,$5,$-4,$1,$-4,$0,$-4,$-4,$-4,$-4,$-4,$9,9,$-0.40,$-0.40,$19,$0,$0,$20,$0,$0,$11,$0,$11,$32,$3,$0,$0,$5,$8,$0,$-133,$0,$24,$32,$-4,$0,$0,$1,$0,$0,$0,$-0,$-1,$-4,$-0,$-0,$0,$2,$0,$2,$0,$2,$0,$0,$0,$0,$0,$-0,$0,$0,$-2,$1,$0
47,2006-12-31,13.16,$2.04,6.46,$0.45,29.25,$-3.23,0.0,$-1.80,0.0,$0.02B,$0.01B,3.57,$0.00B,$0.02B,0.0,$0.01B,$0.01B,100.00%,$0.01B,$-0.01B,-280.00%,$0.01B,$-0.01B,-280.00%,$0.01B,$-0.01B,-260.00%,$0.01B,$-0.01B,-240.00%,$0.01B,$-0.01B,-280.00%,$-0.01B,$0.02B,-75.68%,$-0.01B,$0.01B,-175.00%,$-0.01B,$0.04B,-53.33%,$-0.01B,$0.02B,-75.68%,$2,$0,$2,$3,$3,$5,$-4,$1,$-3,$0,$-3,$-3,$-8,$-4,$-4,$8,8,$-0.64,$-0.64,$23,$0,$0,$24,$0,$0,$11,$0,$11,$36,$7,$0,$0,$11,$18,$0,$-129,$0,$18,$36,$-12,$1,$1,$2,$-0,$0,$0,$3,$3,$-7,$-0,$-1,$0,$0,$-15,$-15,$0,$-16,$0,$0,$0,$14,$14,$-0,$0,$14,$-9,$2,$0
