,Date,Stock Price,Book Value per Share,Price to Book Ratio,TTM Sales per Share,Price to Sales Ratio,TTM FCF per Share,Price to FCF Ratio,TTM Net EPS,PE Ratio,Current Assets,Current Liabilities,Current Ratio,Long Term Debt,Shareholder's Equity_x,Debt to Equity Ratio,TTM Revenue_x,TTM Gross Profit,Gross Margin,TTM Revenue_y,TTM Operating Income,Operating Margin,TTM Revenue_x,TTM EBIT,EBIT Margin,TTM Revenue_y,TTM EBITDA,EBITDA Margin,TTM Revenue_x,TTM Pre-Tax Income,Pre-Tax Margin,TTM Revenue_y,TTM Net Income_x,Net Margin,TTM Net Income_y,Shareholder's Equity_y,Return on Equity,TTM Net Income_x,Tangible Equity,Return on Tangible Equity,TTM Net Income_y,Total Assets,Return on Assets,TTM Net Income,LT Investments & Debt,Return on Investment,revenue,cost-goods-sold,gross-profit,research-development-expenses,selling-general-administrative-expenses,operating-expenses,operating-income,total-non-operating-income-expense,pre-tax-income,total-provision-income-taxes,income-after-taxes,income-from-continuous-operations,net-income,ebitda,ebit,basic-shares-outstanding,shares-outstanding,eps-basic-net-earnings-per-share,eps-earnings-per-share-diluted,cash-on-hand,inventory,other-current-assets,total-current-assets,net-property-plant-equipment,long-term-investments,goodwill-intangible-assets-total,other-long-term-assets,total-long-term-assets,total-assets,total-current-liabilities,long-term-debt,other-non-current-liabilities,total-long-term-liabilities,total-liabilities,common-stock-net,retained-earnings-accumulated-deficit,comprehensive-income,total-share-holder-equity,total-liabilities-share-holders-equity,net-income-loss,total-depreciation-amortization-cash-flow,other-non-cash-items,total-non-cash-items,change-in-accounts-receivable,change-in-inventories,change-in-accounts-payable,change-in-assets-liabilities,total-change-in-assets-liabilities,cash-flow-from-operating-activities,net-change-in-property-plant-equipment,net-change-in-intangible-assets,net-acquisitions-divestitures,net-change-in-short-term-investments,net-change-in-long-term-investments,net-change-in-investments-total,investing-activities-other,cash-flow-from-investing-activities,net-long-term-debt,net-current-debt,debt-issuance-retirement-net-total,net-common-equity-issued-repurchased,net-total-equity-issued-repurchased,total-common-preferred-stock-dividends-paid,financial-activities-other,cash-flow-from-financial-activities,net-cash-flow,stock-based-compensation,common-stock-dividends-paid
0,2018-09-30,0.2,$7.05,0.03,$2439.13,0.0,$-31.01,0.0,$-122.04,0.0,$0.01B,$0.00B,1.29,$0.00B,$0.01B,0.02,$0.02B,$0.01B,33.33%,$0.02B,$-0.03B,-138.10%,$0.02B,$-0.03B,-138.10%,$0.02B,$-0.02B,-104.76%,$0.02B,$-0.03B,-157.14%,$0.02B,$-0.04B,-180.95%,$-0.04B,$0.01B,1900.00%,$-0.04B,$0.00B,323.40%,$-0.04B,$0.01B,-167.03%,$-0.03B,$0.01B,1657.14%,$1,$0,$1,$0,$3,$4,$-3,$-0,$-3,$0,$-3,$-3,$-5,$-2,$-3,$1,1,$-4.84,$-4.84,$1,$1,$0,$5,$0,$0,$6,$0,$8,$13,$4,$0,$0,$0,$4,$0,$-110,$0,$9,$13,$-17,$6,$1,$6,$0,$-0,$-9,$-1,$-12,$-23,$-1,$0,$0,$0,$-0,$-0,$-0,$-1,$0,$-2,$-2,$28,$28,$0,$0,$26,$1,$1,$0
1,2018-06-30,0.16,$2.74,0.06,$2548.50,0.0,$-127.01,0.0,$-1991.07,0.0,$0.01B,$0.02B,0.54,$0.00B,$0.00B,0.05,$0.02B,$0.01B,33.33%,$0.02B,$-0.03B,-147.62%,$0.02B,$-0.03B,-147.62%,$0.02B,$-0.02B,-109.52%,$0.02B,$-0.04B,-166.67%,$0.02B,$-0.05B,-228.57%,$-0.05B,$0.00B,581.82%,$-0.05B,$-0.01B,237.04%,$-0.05B,$0.03B,-169.91%,$-0.03B,$0.00B,413.33%,$2,$1,$1,$0,$6,$8,$-6,$1,$-6,$0,$-6,$-6,$-16,$-5,$-6,$0,0,$-43.20,$-43.20,$8,$1,$0,$12,$0,$0,$11,$0,$13,$25,$22,$0,$0,$0,$22,$0,$-105,$0,$3,$25,$-12,$4,$1,$5,$1,$-0,$-7,$-1,$-11,$-18,$-0,$0,$0,$0,$-0,$-0,$0,$-1,$0,$-1,$-1,$28,$28,$0,$0,$27,$8,$1,$0
2,2018-03-31,1.08,$-4.78,-0.22,$10091.46,0.0,$-67.01,0.0,$-5215.14,0.0,$0.01B,$0.03B,0.42,$0.00B,$-0.00B,-0.13,$0.03B,$0.01B,26.47%,$0.03B,$-0.03B,-88.24%,$0.03B,$-0.03B,-88.24%,$0.03B,$-0.02B,-58.82%,$0.03B,$-0.04B,-102.94%,$0.03B,$-0.04B,-111.76%,$-0.04B,$-0.00B,361.90%,$-0.04B,$-0.02B,143.40%,$-0.04B,$0.03B,-110.14%,$-0.03B,$-0.00B,315.79%,$2,$1,$1,$0,$5,$8,$-6,$-1,$-6,$0,$-6,$-6,$-8,$-3,$-6,$0,0,$-74.00,$-74.00,$7,$1,$0,$11,$0,$0,$14,$0,$15,$25,$26,$0,$1,$1,$26,$0,$-99,$0,$-1,$25,$-6,$2,$1,$4,$1,$-0,$-4,$-2,$-8,$-11,$-0,$0,$0,$0,$0,$0,$0,$-0,$0,$-1,$-1,$19,$19,$0,$0,$18,$7,$0,$0
3,2017-12-31,6.3,$-785.54,-0.01,$17560.93,0.0,$55.53,0.11,$-8492.49,0.0,$0.01B,$0.04B,0.22,$0.00B,$-0.02B,-0.04,$0.05B,$0.01B,24.44%,$0.05B,$-0.03B,-64.44%,$0.05B,$-0.03B,-64.44%,$0.05B,$-0.02B,-44.44%,$0.05B,$-0.04B,-77.78%,$0.05B,$-0.04B,-80.00%,$-0.04B,$-0.02B,334.88%,$-0.04B,$-0.03B,121.01%,$-0.04B,$0.03B,-85.71%,$-0.03B,$-0.02B,331.43%,$16,$12,$4,$1,$8,$30,$-14,$-3,$-18,$0,$-18,$-18,$-9,$-12,$-14,$0,0,$2942.90,$2942.90,$0,$1,$0,$9,$0,$0,$8,$0,$18,$28,$42,$1,$0,$5,$47,$0,$-94,$0,$-19,$28,$-35,$10,$12,$22,$9,$0,$5,$-1,$15,$2,$-1,$0,$0,$0,$0,$0,$0,$-1,$-5,$-6,$-11,$7,$7,$0,$2,$-3,$-2,$2,$0
4,2017-09-30,10.11,$-1284.44,-0.01,$24819.70,0.0,$-177.18,0.0,$-8492.49,0.0,$0.01B,$0.05B,0.32,$0.00B,$-0.02B,-0.13,$0.04B,$0.01B,25.00%,$0.04B,$-0.03B,-59.09%,$0.04B,$-0.03B,-59.09%,$0.04B,$-0.02B,-38.64%,$0.04B,$-0.03B,-70.45%,$0.04B,$-0.04B,-93.18%,$-0.04B,$-0.02B,780.95%,$-0.04B,$-0.03B,141.38%,$-0.04B,$0.04B,-79.61%,$-0.03B,$-0.01B,1040.00%,$1,$0,$1,$0,$4,$6,$-5,$-0,$-5,$0,$-5,$-5,$-15,$-3,$-5,$0,0,$-1858.90,$-1858.90,$0,$1,$0,$14,$1,$0,$14,$4,$21,$35,$45,$2,$1,$7,$52,$0,$-87,$0,$-16,$35,$-27,$7,$10,$18,$5,$0,$5,$-1,$10,$0,$-1,$0,$0,$0,$0,$0,$0,$-1,$-4,$-3,$-7,$6,$6,$0,$0,$-1,$-2,$1,$0
5,2017-06-30,20.18,$-1798.58,-0.01,$32202.78,0.0,$-60.28,0.0,$-9860.24,0.0,$0.02B,$0.05B,0.37,$0.00B,$-0.01B,-0.2,$0.05B,$0.01B,24.07%,$0.05B,$-0.03B,-46.30%,$0.05B,$-0.03B,-46.30%,$0.05B,$-0.02B,-31.48%,$0.05B,$-0.03B,-57.41%,$0.05B,$-0.03B,-57.41%,$-0.03B,$-0.01B,-1240.00%,$-0.03B,$-0.03B,125.25%,$-0.03B,$0.05B,-54.39%,$-0.03B,$-0.01B,-434.78%,$15,$12,$3,$0,$7,$20,$-5,$-1,$-6,$0,$-6,$-6,$-6,$-2,$-5,$0,0,$-3250.40,$-3250.40,$0,$1,$0,$18,$1,$0,$26,$5,$32,$50,$48,$2,$2,$8,$56,$0,$-72,$0,$-6,$50,$-12,$5,$1,$6,$6,$0,$3,$-0,$8,$2,$-1,$0,$0,$0,$0,$0,$0,$-1,$-4,$-4,$-8,$6,$6,$0,$0,$-3,$-2,$1,$0
6,2017-03-31,93.3,$-1.14,-81.91,$34177.63,0.0,$-70.29,0.0,$-9654.51,0.0,$0.02B,$0.05B,0.45,$0.00B,$-0.00B,-1.14,$0.05B,$0.01B,25.00%,$0.05B,$-0.02B,-46.15%,$0.05B,$-0.02B,-46.15%,$0.05B,$-0.02B,-34.62%,$0.05B,$-0.03B,-55.77%,$0.05B,$-0.03B,-55.77%,$-0.03B,$-0.00B,-374.19%,$-0.03B,$-0.03B,143.21%,$-0.03B,$0.06B,-48.13%,$-0.02B,$0.00B,-218.18%,$13,$10,$3,$1,$7,$19,$-5,$-1,$-6,$0,$-6,$-6,$-6,$-3,$-5,$0,0,$-3345.20,$-3345.20,$1,$1,$0,$21,$1,$0,$25,$5,$34,$55,$46,$4,$2,$11,$57,$0,$-66,$0,$-2,$55,$-6,$2,$0,$2,$5,$0,$-0,$-0,$5,$2,$-0,$0,$0,$0,$0,$0,$0,$-0,$0,$-2,$-2,$0,$0,$0,$0,$-2,$-1,$0,$0
7,2016-12-31,109.8,$37.72,2.91,$36750.33,0.0,$-86.90,0.0,$-9364.69,0.0,$0.03B,$0.05B,0.59,$0.00B,$0.00B,2.95,$0.05B,$0.01B,26.42%,$0.05B,$-0.02B,-43.40%,$0.05B,$-0.02B,-43.40%,$0.05B,$-0.02B,-33.96%,$0.05B,$-0.03B,-50.94%,$0.05B,$-0.03B,-50.94%,$-0.03B,$0.00B,-207.69%,$-0.03B,$-0.02B,166.15%,$-0.03B,$0.07B,-43.03%,$-0.02B,$0.01B,-148.39%,$15,$10,$4,$1,$6,$26,$-11,$-2,$-14,$0,$-14,$-14,$-14,$-9,$-11,$0,0,$-9324.34,$-9324.34,$2,$1,$0,$30,$1,$0,$27,$6,$36,$66,$51,$4,$3,$13,$64,$0,$-59,$0,$3,$66,$-28,$6,$9,$15,$3,$-0,$7,$-1,$9,$-3,$-2,$0,$-1,$0,$0,$0,$0,$-3,$3,$-2,$1,$2,$2,$0,$0,$3,$-2,$1,$0
8,2016-09-30,161.1,$0.57,285.08,$43965.00,0.0,$-9.41,0.0,$-12246.13,0.0,$0.02B,$0.03B,0.66,$0.00B,$0.01B,0.27,$0.06B,$0.02B,25.86%,$0.06B,$-0.02B,-27.59%,$0.06B,$-0.02B,-27.59%,$0.06B,$-0.01B,-20.69%,$0.06B,$-0.02B,-29.31%,$0.06B,$-0.02B,-29.31%,$-0.02B,$0.02B,-94.44%,$-0.02B,$-0.01B,141.67%,$-0.02B,$0.06B,-26.77%,$-0.02B,$0.02B,-81.01%,$11,$8,$3,$1,$6,$15,$-4,$-1,$-5,$0,$-5,$-5,$-5,$-3,$-4,$0,0,$-3272.73,$-3272.73,$1,$1,$1,$20,$1,$0,$29,$6,$37,$57,$31,$4,$1,$11,$42,$0,$-46,$0,$15,$57,$-13,$4,$1,$6,$4,$-0,$1,$3,$6,$-1,$-2,$0,$0,$0,$0,$0,$0,$-2,$3,$-4,$-1,$0,$0,$0,$-0,$-1,$-4,$1,$0
9,2016-06-30,236.7,$0.61,391.05,$49993.48,0.0,$-8.06,0.0,$-11885.95,0.0,$0.03B,$0.04B,0.7,$0.00B,$0.02B,0.06,$0.06B,$0.02B,25.81%,$0.06B,$-0.02B,-24.19%,$0.06B,$-0.02B,-24.19%,$0.06B,$-0.01B,-17.74%,$0.06B,$-0.02B,-24.19%,$0.06B,$-0.02B,-24.19%,$-0.02B,$0.02B,-71.43%,$-0.02B,$-0.02B,153.85%,$-0.02B,$0.06B,-22.73%,$-0.02B,$0.02B,-68.18%,$13,$10,$3,$1,$6,$17,$-4,$-0,$-4,$0,$-4,$-4,$-4,$-3,$-4,$0,0,$-3018.18,$-3018.18,$0,$1,$1,$25,$1,$0,$30,$7,$38,$63,$36,$1,$4,$12,$48,$0,$-41,$0,$15,$63,$-8,$3,$1,$4,$-1,$-0,$2,$4,$5,$-0,$-1,$0,$0,$0,$0,$0,$0,$-1,$-0,$-2,$-3,$0,$0,$0,$-0,$-3,$-4,$1,$0
10,2016-03-31,270.0,$0.76,355.97,$56558.81,0.0,$-7.66,0.0,$-10445.23,0.0,$0.03B,$0.03B,0.77,$0.00B,$0.02B,0.06,$0.07B,$0.02B,28.36%,$0.07B,$-0.01B,-19.40%,$0.07B,$-0.01B,-19.40%,$0.07B,$-0.01B,-13.43%,$0.07B,$-0.01B,-19.40%,$0.07B,$-0.01B,-19.40%,$-0.01B,$0.02B,-55.32%,$-0.01B,$-0.01B,167.74%,$-0.01B,$0.07B,-19.48%,$-0.01B,$0.02B,-52.53%,$14,$10,$4,$1,$6,$18,$-4,$-0,$-4,$0,$-4,$-4,$-4,$-3,$-4,$0,0,$-3115.15,$-3115.15,$3,$1,$3,$26,$1,$0,$31,$7,$39,$65,$34,$1,$4,$12,$46,$0,$-37,$0,$19,$65,$-4,$1,$1,$2,$1,$-0,$-1,$4,$2,$-0,$-0,$0,$0,$0,$0,$0,$0,$-0,$-0,$-1,$-1,$0,$0,$0,$-0,$-1,$-1,$0,$0
11,2015-12-31,256.5,$13.75,18.65,$59334.85,0.0,$-7.50,0.0,$-10085.05,0.0,$0.03B,$0.03B,0.87,$0.00B,$0.02B,0.05,$0.07B,$0.02B,28.36%,$0.07B,$-0.01B,-17.91%,$0.07B,$-0.01B,-17.91%,$0.07B,$-0.01B,-11.94%,$0.07B,$-0.01B,-17.91%,$0.07B,$-0.01B,-17.91%,$-0.01B,$0.02B,-47.06%,$-0.01B,$-0.01B,208.70%,$-0.01B,$0.07B,-18.25%,$-0.01B,$0.02B,-45.28%,$20,$15,$5,$0,$8,$24,$-4,$-0,$-4,$0,$-4,$-4,$-4,$-3,$-4,$0,0,$-2791.51,$-2791.51,$4,$1,$3,$29,$1,$0,$30,$7,$40,$69,$33,$1,$4,$13,$46,$0,$-32,$0,$23,$69,$-12,$5,$2,$6,$-5,$-0,$2,$-0,$-3,$-8,$-2,$0,$-0,$0,$0,$0,$0,$-2,$1,$5,$6,$5,$5,$0,$0,$11,$1,$1,$0
12,2015-09-30,454.5,$1.08,422.63,$57650.18,0.01,$-0.92,0.0,$-8824.42,0.0,$0.03B,$0.03B,0.84,$0.00B,$0.03B,0.06,$0.06B,$0.02B,29.03%,$0.06B,$-0.01B,-16.13%,$0.06B,$-0.01B,-16.13%,$0.06B,$-0.01B,-9.68%,$0.06B,$-0.01B,-16.13%,$0.06B,$-0.01B,-16.13%,$-0.01B,$0.03B,-37.04%,$-0.01B,$-0.01B,222.22%,$-0.01B,$0.07B,-15.63%,$-0.01B,$0.03B,-36.04%,$15,$10,$4,$0,$6,$18,$-3,$-0,$-3,$0,$-3,$-3,$-3,$-2,$-3,$0,0,$-2907.64,$-2907.64,$5,$1,$2,$26,$1,$0,$32,$7,$41,$67,$31,$1,$1,$9,$40,$0,$-28,$-0,$27,$67,$-8,$3,$1,$4,$-1,$0,$1,$-0,$-0,$-4,$-1,$0,$-0,$0,$0,$0,$0,$-1,$1,$1,$2,$5,$5,$0,$0,$7,$2,$1,$0
13,2015-06-30,697.5,$1.27,549.91,$57112.91,0.01,$-1.03,0.0,$-8284.15,0.0,$0.02B,$0.03B,0.76,$0.00B,$0.03B,0.07,$0.06B,$0.02B,29.51%,$0.06B,$-0.01B,-14.75%,$0.06B,$-0.01B,-14.75%,$0.06B,$-0.01B,-9.84%,$0.06B,$-0.01B,-16.39%,$0.06B,$-0.01B,-16.39%,$-0.01B,$0.03B,-35.71%,$-0.01B,$-0.01B,285.71%,$-0.01B,$0.07B,-15.94%,$-0.01B,$0.03B,-31.58%,$18,$12,$6,$0,$6,$19,$-2,$0,$-2,$0,$-2,$-2,$-2,$-1,$-2,$0,0,$-1635.55,$-1635.55,$2,$1,$2,$23,$1,$0,$32,$8,$42,$66,$31,$2,$1,$10,$40,$0,$-25,$-0,$25,$66,$-5,$2,$0,$3,$-2,$-0,$0,$-0,$-2,$-4,$-1,$0,$-0,$0,$0,$0,$0,$-1,$2,$2,$4,$0,$0,$0,$0,$4,$-1,$0,$0
14,2015-03-31,499.5,$1.35,369.95,$58168.73,0.01,$-1.11,0.0,$-9004.51,0.0,$0.02B,$0.03B,0.84,$0.00B,$0.03B,0.0,$0.06B,$0.02B,30.00%,$0.06B,$-0.01B,-15.00%,$0.06B,$-0.01B,-15.00%,$0.06B,$-0.01B,-10.00%,$0.06B,$-0.01B,-16.67%,$0.06B,$-0.01B,-16.67%,$-0.01B,$0.03B,-33.33%,$-0.01B,$-0.00B,571.43%,$-0.01B,$0.06B,-15.50%,$-0.01B,$0.03B,-30.00%,$14,$10,$4,$0,$6,$17,$-3,$-0,$-3,$0,$-3,$-3,$-3,$-2,$-3,$0,0,$-2725.91,$-2725.91,$3,$1,$1,$23,$1,$0,$30,$7,$39,$61,$27,$0,$1,$8,$35,$0,$-24,$-0,$27,$61,$-3,$1,$0,$1,$-1,$0,$1,$0,$-1,$-2,$-0,$0,$0,$0,$0,$0,$0,$-0,$-0,$2,$2,$0,$0,$0,$0,$2,$-1,$0,$0
15,2014-12-31,918.0,$1.48,618.47,$65730.55,0.01,$-1.02,0.0,$-7203.61,0.0,$0.02B,$0.03B,0.89,$0.00B,$0.03B,0.0,$0.06B,$0.02B,29.03%,$0.06B,$-0.01B,-11.29%,$0.06B,$-0.01B,-11.29%,$0.06B,$-0.00B,-6.45%,$0.06B,$-0.01B,-12.90%,$0.06B,$-0.01B,-12.90%,$-0.01B,$0.03B,-31.68%,$-0.01B,$-0.00B,640.00%,$-0.01B,$0.06B,-13.39%,$-0.01B,$0.03B,-27.72%,$15,$11,$4,$0,$6,$17,$-2,$0,$-2,$-0,$-2,$-2,$-2,$-1,$-2,$0,0,$-1999.00,$-1999.00,$3,$1,$0,$22,$1,$0,$31,$8,$40,$62,$25,$0,$1,$8,$33,$0,$-21,$-0,$29,$62,$-8,$3,$1,$5,$1,$-0,$-1,$0,$-1,$-5,$-1,$0,$-9,$0,$0,$0,$0,$-10,$-0,$-2,$-2,$19,$19,$0,$-0,$16,$1,$2,$0
16,2014-09-30,1840.5,$1.56,1178.98,$74072.12,0.02,$-0.93,0.0,$-7383.70,0.0,$0.02B,$0.02B,0.91,$0.00B,$0.03B,0.0,$0.06B,$0.02B,28.57%,$0.06B,$-0.01B,-11.11%,$0.06B,$-0.01B,-11.11%,$0.06B,$-0.00B,-6.35%,$0.06B,$-0.01B,-12.70%,$0.06B,$-0.01B,-11.11%,$-0.01B,$0.03B,-35.90%,$-0.01B,$-0.00B,280.00%,$-0.01B,$0.06B,-12.96%,$-0.01B,$0.03B,-35.44%,$14,$10,$4,$0,$6,$17,$-2,$-0,$-3,$0,$-3,$-3,$-3,$-2,$-2,$0,0,$-2362.46,$-2362.46,$3,$0,$1,$22,$1,$0,$32,$7,$40,$62,$24,$0,$0,$7,$31,$0,$-19,$-0,$31,$62,$-6,$2,$1,$3,$0,$-0,$-3,$-0,$-4,$-6,$-1,$0,$-9,$0,$0,$0,$0,$-10,$-2,$0,$-2,$19,$19,$0,$0,$17,$1,$1,$0
17,2014-06-30,1746.0,$1.67,1044.01,$81003.29,0.02,$-0.78,0.0,$-6303.16,0.0,$0.03B,$0.03B,0.76,$0.00B,$0.03B,0.01,$0.06B,$0.02B,28.57%,$0.06B,$-0.01B,-9.52%,$0.06B,$-0.01B,-9.52%,$0.06B,$-0.00B,-4.76%,$0.06B,$-0.01B,-9.52%,$0.06B,$-0.01B,-7.94%,$-0.01B,$0.03B,-37.04%,$-0.01B,$0.00B,166.67%,$-0.01B,$0.07B,-10.26%,$-0.01B,$0.03B,-42.86%,$17,$11,$6,$0,$6,$20,$-2,$-0,$-2,$0,$-2,$-2,$-2,$-1,$-2,$0,0,$-2362.46,$-2362.46,$5,$0,$0,$25,$1,$0,$32,$15,$48,$73,$33,$0,$0,$7,$40,$0,$-16,$-0,$33,$73,$-3,$2,$1,$3,$-2,$-0,$-1,$-0,$-5,$-6,$-0,$0,$-8,$0,$0,$0,$0,$-9,$-0,$-1,$-1,$19,$19,$0,$-0,$17,$3,$1,$0
18,2014-03-31,5400.0,$0.53,10102.9,$84986.43,0.06,$-0.65,0.0,$-4682.34,0.0,$0.02B,$0.03B,0.79,$0.00B,$0.01B,0.03,$0.06B,$0.02B,24.59%,$0.06B,$-0.00B,-6.56%,$0.06B,$-0.00B,-6.56%,$0.06B,$-0.00B,-3.28%,$0.06B,$-0.00B,-6.56%,$0.06B,$-0.00B,-4.92%,$-0.00B,$0.01B,-52.17%,$-0.00B,$-0.00B,63.16%,$-0.00B,$0.04B,-7.64%,$-0.00B,$0.01B,-64.00%,$16,$12,$4,$0,$5,$17,$-1,$-0,$-1,$0,$-1,$-1,$-1,$-0,$-1,$0,0,$-908.64,$-908.64,$3,$0,$1,$21,$0,$0,$10,$10,$20,$42,$27,$0,$0,$7,$34,$0,$-14,$0,$8,$42,$-1,$0,$0,$1,$-0,$-0,$0,$-0,$-0,$-0,$-0,$0,$0,$0,$0,$0,$0,$0,$0,$-1,$-1,$2,$2,$0,$0,$2,$1,$0,$0
19,2013-12-31,2160.0,$0.45,4830.06,$75309.43,0.03,$-0.72,0.0,$-5582.79,0.0,$0.02B,$0.03B,0.72,$0.00B,$0.01B,0.05,$0.05B,$0.01B,24.00%,$0.05B,$-0.00B,-8.00%,$0.05B,$-0.00B,-8.00%,$0.05B,$-0.00B,-6.00%,$0.05B,$-0.00B,-8.00%,$0.05B,$-0.00B,-6.00%,$-0.00B,$0.01B,-66.67%,$-0.00B,$-0.01B,50.00%,$-0.00B,$0.04B,-8.39%,$-0.00B,$0.01B,-80.00%,$16,$12,$4,$0,$4,$18,$-2,$-0,$-2,$0,$-2,$-2,$-1,$-1,$-2,$0,0,$-1635.55,$-1635.55,$2,$0,$0,$20,$0,$0,$13,$6,$19,$39,$27,$0,$0,$5,$33,$0,$-13,$0,$6,$39,$-5,$1,$2,$3,$-5,$-0,$2,$0,$-1,$-3,$-0,$0,$2,$0,$0,$0,$-1,$1,$1,$3,$4,$0,$0,$0,$-0,$4,$2,$1,$0
20,2013-09-30,1485.0,$0.26,5612.25,$53877.26,0.03,$-0.51,0.0,$-3781.89,0.0,$0.02B,$0.03B,0.75,$0.00B,$0.01B,0.05,$0.04B,$0.01B,22.86%,$0.04B,$-0.00B,-5.71%,$0.04B,$-0.00B,-5.71%,$0.04B,$-0.00B,-5.71%,$0.04B,$-0.00B,-5.71%,$0.04B,$-0.00B,-5.71%,$-0.00B,$0.01B,-114.29%,$-0.00B,$-0.00B,36.36%,$-0.00B,$0.04B,-7.55%,$-0.00B,$0.01B,-100.00%,$14,$10,$4,$0,$3,$15,$-1,$0,$-1,$0,$-1,$-1,$-1,$-1,$-1,$0,0,$-1272.09,$-1272.09,$4,$0,$0,$21,$0,$0,$10,$9,$20,$41,$28,$0,$0,$5,$34,$0,$-12,$0,$7,$41,$-3,$1,$1,$2,$-3,$-0,$2,$-1,$-2,$-3,$-0,$0,$2,$0,$0,$0,$-1,$1,$6,$0,$6,$0,$0,$0,$0,$6,$4,$1,$0
21,2013-06-30,630.0,$0.09,6673.73,$36000.94,0.02,$-0.33,0.0,$-2881.44,0.0,$0.02B,$0.03B,0.68,$0.00B,$0.00B,0.0,$0.02B,$0.00B,18.18%,$0.02B,$-0.00B,-4.55%,$0.02B,$-0.00B,-4.55%,$0.02B,$-0.00B,-4.55%,$0.02B,$-0.00B,-4.55%,$0.02B,$-0.00B,-4.55%,$-0.00B,$0.00B,100.00%,$-0.00B,$-0.01B,17.39%,$-0.00B,$0.04B,-5.97%,$-0.00B,$0.00B,100.00%,$15,$12,$3,$0,$2,$15,$-0,$-0,$-0,$0,$-0,$-0,$-0,$-0,$-0,$0,0,$-545.18,$-545.18,$1,$0,$0,$19,$0,$0,$10,$6,$16,$35,$27,$0,$0,$5,$32,$0,$-11,$0,$2,$35,$-2,$0,$1,$1,$-6,$-0,$4,$-0,$-2,$-2,$-0,$0,$-2,$0,$0,$0,$0,$-2,$0,$5,$5,$0,$0,$0,$0,$5,$1,$0,$0
