,Date,Stock Price,Book Value per Share,Price to Book Ratio,TTM Sales per Share,Price to Sales Ratio,TTM FCF per Share,Price to FCF Ratio,TTM Net EPS,PE Ratio,Current Assets,Current Liabilities,Current Ratio,Long Term Debt,Shareholder's Equity_x,Debt to Equity Ratio,TTM Revenue_x,TTM Gross Profit,Gross Margin,TTM Revenue_y,TTM Operating Income,Operating Margin,TTM Revenue_x,TTM EBIT,EBIT Margin,TTM Revenue_y,TTM EBITDA,EBITDA Margin,TTM Revenue_x,TTM Pre-Tax Income,Pre-Tax Margin,TTM Revenue_y,TTM Net Income_x,Net Margin,TTM Net Income_y,Shareholder's Equity_y,Return on Equity,TTM Net Income_x,Tangible Equity,Return on Tangible Equity,TTM Net Income_y,Total Assets,Return on Assets,TTM Net Income,LT Investments & Debt,Return on Investment,revenue,cost-goods-sold,gross-profit,research-development-expenses,selling-general-administrative-expenses,operating-expenses,operating-income,total-non-operating-income-expense,pre-tax-income,total-provision-income-taxes,income-after-taxes,income-from-continuous-operations,net-income,ebitda,ebit,basic-shares-outstanding,shares-outstanding,eps-basic-net-earnings-per-share,eps-earnings-per-share-diluted,cash-on-hand,inventory,other-current-assets,total-current-assets,net-property-plant-equipment,long-term-investments,goodwill-intangible-assets-total,other-long-term-assets,total-long-term-assets,total-assets,total-current-liabilities,long-term-debt,other-non-current-liabilities,total-long-term-liabilities,total-liabilities,common-stock-net,retained-earnings-accumulated-deficit,comprehensive-income,total-share-holder-equity,total-liabilities-share-holders-equity,net-income-loss,total-depreciation-amortization-cash-flow,other-non-cash-items,total-non-cash-items,change-in-accounts-receivable,change-in-inventories,change-in-accounts-payable,change-in-assets-liabilities,total-change-in-assets-liabilities,cash-flow-from-operating-activities,net-change-in-property-plant-equipment,net-change-in-intangible-assets,net-acquisitions-divestitures,net-change-in-short-term-investments,net-change-in-long-term-investments,net-change-in-investments-total,investing-activities-other,cash-flow-from-investing-activities,net-long-term-debt,net-current-debt,debt-issuance-retirement-net-total,net-common-equity-issued-repurchased,net-total-equity-issued-repurchased,total-common-preferred-stock-dividends-paid,financial-activities-other,cash-flow-from-financial-activities,net-cash-flow,stock-based-compensation,common-stock-dividends-paid
0,2018-09-30,10.57,$2.65,3.99,$1.87,5.65,$-0.55,0.0,$0.36,29.36,$0.02B,$0.00B,6.75,$0.00B,$0.02B,0.0,$0.02B,$0.01B,52.94%,$0.02B,$0.00B,17.65%,$0.02B,$0.00B,17.65%,$0.02B,$0.00B,17.65%,$0.02B,$0.00B,17.65%,$0.02B,$0.00B,17.65%,$0.00B,$0.02B,14.46%,$0.00B,$0.02B,14.46%,$0.00B,$0.03B,12.50%,$0.00B,$0.02B,14.46%,$5,$2,$3,$1,$1,$4,$2,$0,$2,$0,$2,$2,$2,$2,$2,$9,9,$0.21,$0.21,$18,$0,$1,$22,$1,$1,$0,$0,$4,$27,$3,$0,$0,$0,$3,$0,$8,$-0,$23,$27,$4,$0,$0,$1,$-2,$0,$-0,$2,$0,$5,$-1,$0,$0,$0,$0,$0,$-1,$-2,$0,$0,$0,$0,$0,$0,$0,$0,$3,$0,$0
1,2018-06-30,8.67,$2.44,3.55,$1.48,5.88,$-1.19,0.0,$0.31,27.97,$0.02B,$0.00B,7.27,$0.00B,$0.02B,0.0,$0.01B,$0.01B,50.00%,$0.01B,$0.00B,7.14%,$0.01B,$0.00B,7.14%,$0.01B,$0.00B,7.14%,$0.01B,$0.00B,14.29%,$0.01B,$0.00B,14.29%,$0.00B,$0.02B,10.00%,$0.00B,$0.02B,10.00%,$0.00B,$0.02B,8.79%,$0.00B,$0.02B,5.00%,$5,$2,$3,$1,$1,$3,$1,$-0,$1,$0,$1,$1,$1,$1,$1,$9,9,$0.12,$0.12,$11,$0,$5,$20,$2,$1,$0,$0,$4,$24,$3,$0,$0,$0,$3,$0,$7,$-0,$21,$24,$2,$0,$0,$1,$-2,$0,$-0,$-2,$-4,$-2,$-1,$0,$0,$0,$0,$0,$-1,$-1,$0,$0,$0,$0,$0,$0,$0,$0,$-3,$0,$0
2,2018-03-31,5.11,$2.32,2.2,$1.31,3.9,$-1.01,0.0,$0.21,24.33,$0.02B,$0.00B,7.81,$0.00B,$0.02B,0.0,$0.01B,$0.01B,50.00%,$0.01B,0,0.00%,$0.01B,0,0.00%,$0.01B,0,0.00%,$0.01B,$0.00B,8.33%,$0.01B,$0.00B,8.33%,$0.00B,$0.02B,5.13%,$0.00B,$0.02B,5.13%,$0.00B,$0.02B,4.55%,$0.00B,$0.02B,0.00%,$4,$2,$2,$1,$1,$3,$1,$0,$1,$0,$1,$1,$1,$1,$1,$9,9,$0.10,$0.10,$11,$0,$5,$19,$1,$1,$0,$0,$4,$23,$2,$0,$0,$0,$3,$0,$6,$-0,$20,$23,$1,$0,$0,$0,$-2,$0,$-0,$-2,$-4,$-3,$-0,$0,$0,$0,$0,$0,$-0,$-1,$0,$0,$0,$0,$0,$0,$0,$0,$-4,$0,$0
3,2017-12-31,4.56,$2.22,2.06,$1.05,4.34,$-0.65,0.0,$0.06,76.0,$0.02B,$0.00B,7.94,$0.00B,$0.02B,0.0,$0.01B,$0.01B,50.00%,$0.01B,$-0.00B,-20.00%,$0.01B,$-0.00B,-20.00%,$0.01B,$-0.00B,-10.00%,$0.01B,$-0.00B,-10.00%,$0.01B,$-0.00B,-10.00%,$-0.00B,$0.02B,-5.26%,$-0.00B,$0.02B,-5.26%,$-0.00B,$0.02B,-4.65%,$-0.00B,$0.02B,-10.53%,$3,$1,$1,$1,$0,$3,$-1,$0,$-1,$0,$-1,$-1,$-1,$-1,$-1,$9,9,$-0.07,$-0.06,$14,$0,$2,$18,$1,$1,$0,$0,$4,$22,$2,$0,$0,$0,$2,$0,$5,$-0,$19,$22,$0,$0,$-2,$-1,$0,$0,$0,$-2,$-2,$-2,$-1,$0,$0,$0,$1,$1,$-1,$-1,$0,$0,$0,$0,$0,$0,$0,$0,$-4,$0,$0
4,2017-09-30,3.82,$2.29,1.67,$1.02,3.76,$-0.45,0.0,$0.12,31.84,$0.02B,$0.00B,8.5,$0.00B,$0.02B,0.0,$0.01B,$0.01B,55.56%,$0.01B,$-0.00B,-11.11%,$0.01B,$-0.00B,-11.11%,$0.01B,0,0.00%,$0.01B,0,0.00%,$0.01B,0,0.00%,$0.00B,$0.02B,0.00%,$0.00B,$0.02B,0.00%,$0.00B,$0.02B,0.00%,$-0.00B,$0.02B,-5.26%,$2,$1,$1,$1,$0,$2,$-0,$2,$1,$0,$1,$1,$1,$-0,$-0,$9,9,$0.16,$0.15,$17,$0,$1,$20,$1,$1,$0,$0,$3,$22,$2,$0,$0,$0,$2,$0,$5,$-0,$20,$22,$1,$0,$-2,$-1,$-0,$0,$-0,$-0,$-1,$-1,$-0,$0,$0,$0,$1,$1,$-1,$-0,$0,$0,$0,$0,$0,$0,$0,$0,$-1,$0,$0
5,2017-06-30,3.5,$2.13,1.64,$1.11,3.16,$-0.40,0.0,$-0.03,0.0,$0.02B,$0.00B,9.41,$0.00B,$0.02B,0.0,$0.01B,$0.01B,50.00%,$0.01B,$-0.00B,-10.00%,$0.01B,$-0.00B,-10.00%,$0.01B,0,0.00%,$0.01B,$-0.00B,-10.00%,$0.01B,$-0.00B,-10.00%,$-0.00B,$0.02B,-5.33%,$-0.00B,$0.02B,-5.33%,$-0.00B,$0.02B,-4.60%,$-0.00B,$0.02B,-5.33%,$3,$1,$2,$1,$0,$3,$0,$-0,$0,$0,$0,$0,$0,$0,$0,$9,9,$0.02,$0.02,$16,$0,$1,$19,$1,$1,$0,$0,$2,$21,$2,$0,$0,$0,$2,$0,$4,$-0,$19,$21,$-0,$0,$0,$0,$-0,$0,$-0,$-0,$-1,$-1,$-0,$0,$0,$0,$-1,$-1,$0,$-1,$0,$0,$0,$0,$0,$0,$0,$0,$-2,$0,$0
6,2017-03-31,4.5,$2.11,2.13,$0.94,4.8,$-0.34,0.0,$-0.07,0.0,$0.02B,$0.00B,7.85,$0.00B,$0.02B,0.0,$0.01B,$0.00B,44.44%,$0.01B,$-0.00B,-11.11%,$0.01B,$-0.00B,-11.11%,$0.01B,0,0.00%,$0.01B,$-0.00B,-11.11%,$0.01B,$-0.00B,-11.11%,$-0.00B,$0.02B,-5.33%,$-0.00B,$0.02B,-5.33%,$-0.00B,$0.02B,-4.55%,$-0.00B,$0.02B,-5.33%,$2,$1,$1,$1,$1,$2,$-1,$0,$-1,$0,$-1,$-1,$-1,$-0,$-1,$9,9,$-0.06,$-0.06,$17,$0,$1,$19,$1,$1,$0,$0,$2,$21,$2,$0,$0,$0,$3,$0,$4,$-0,$18,$21,$-1,$0,$0,$0,$1,$0,$-0,$-0,$0,$-0,$-0,$0,$0,$0,$-1,$-1,$0,$-1,$0,$0,$0,$0,$0,$0,$0,$0,$-1,$0,$0
7,2016-12-31,4.24,$2.17,1.96,$0.93,4.55,$-0.35,0.0,$-0.13,0.0,$0.02B,$0.00B,5.62,$0.00B,$0.02B,0.0,$0.01B,$0.00B,44.44%,$0.01B,0,0.00%,$0.01B,0,0.00%,$0.01B,0,0.00%,$0.01B,$-0.00B,-11.11%,$0.01B,$-0.00B,-11.11%,$-0.00B,$0.02B,-5.26%,$-0.00B,$0.02B,-5.26%,$-0.00B,$0.02B,-4.49%,$0.00B,$0.02B,0.00%,$2,$1,$1,$1,$1,$2,$-0,$0,$-0,$0,$-0,$-0,$-0,$-0,$-0,$9,9,$-0.01,$-0.01,$18,$0,$1,$21,$1,$1,$0,$0,$2,$23,$4,$0,$0,$0,$4,$0,$4,$-0,$19,$23,$-1,$0,$1,$1,$-0,$0,$0,$-1,$-1,$-1,$-0,$0,$0,$0,$4,$4,$0,$4,$0,$0,$0,$0,$0,$-3,$0,$-3,$-0,$0,$-3
8,2016-09-30,3.66,$2.18,1.68,$0.81,4.53,$-0.43,0.0,$-0.01,0.0,$0.02B,$0.00B,8.09,$0.00B,$0.02B,0.0,$0.01B,$0.00B,50.00%,$0.01B,$-0.00B,-12.50%,$0.01B,$-0.00B,-12.50%,$0.01B,$-0.00B,-12.50%,$0.01B,0,0.00%,$0.01B,0,0.00%,$0.00B,$0.02B,0.00%,$0.00B,$0.02B,0.00%,$0.00B,$0.02B,0.00%,$-0.00B,$0.02B,-5.00%,$3,$1,$1,$1,$0,$3,$0,$0,$0,$0,$0,$0,$0,$0,$0,$9,9,$0.01,$0.01,$19,$0,$1,$21,$1,$0,$0,$0,$1,$22,$3,$0,$0,$0,$3,$0,$4,$-0,$19,$22,$-1,$0,$1,$1,$0,$0,$0,$-1,$-1,$-1,$-0,$0,$0,$0,$2,$2,$0,$2,$0,$0,$0,$0,$0,$-3,$0,$-3,$-2,$0,$-3
9,2016-06-30,3.72,$2.16,1.73,$0.65,5.72,$-0.55,0.0,$-0.07,0.0,$0.02B,$0.00B,6.55,$0.00B,$0.02B,0.0,$0.01B,$0.00B,66.67%,$0.01B,$-0.00B,-33.33%,$0.01B,$-0.00B,-33.33%,$0.01B,$-0.00B,-33.33%,$0.01B,$-0.00B,-16.67%,$0.01B,0,0.00%,$0.00B,$0.02B,0.00%,$0.00B,$0.02B,0.00%,$0.00B,$0.02B,0.00%,$-0.00B,$0.02B,-9.64%,$2,$1,$1,$1,$0,$2,$-0,$0,$-0,$-0,$-0,$-0,$-0,$-0,$-0,$9,9,$-0.02,$-0.02,$19,$0,$1,$21,$1,$0,$0,$0,$1,$22,$3,$0,$0,$0,$3,$0,$4,$-0,$19,$22,$-1,$0,$1,$1,$0,$0,$0,$-0,$0,$-0,$-0,$0,$0,$0,$2,$2,$0,$2,$0,$0,$0,$0,$0,$-3,$0,$-3,$-1,$0,$-3
10,2016-03-31,3.44,$2.19,1.57,$0.61,5.63,$-0.68,0.0,$-0.14,0.0,$0.02B,$0.00B,6.94,$0.00B,$0.02B,0.0,$0.01B,$0.00B,80.00%,$0.01B,$-0.00B,-60.00%,$0.01B,$-0.00B,-60.00%,$0.01B,$-0.00B,-60.00%,$0.01B,$-0.00B,-40.00%,$0.01B,$-0.00B,-20.00%,$-0.00B,$0.02B,-4.60%,$-0.00B,$0.02B,-4.60%,$-0.00B,$0.02B,-4.08%,$-0.00B,$0.02B,-13.79%,$2,$1,$1,$1,$1,$2,$-0,$-1,$-1,$-0,$-1,$-1,$-1,$-0,$-0,$9,9,$-0.11,$-0.11,$19,$0,$1,$21,$1,$0,$0,$0,$1,$22,$3,$0,$0,$0,$3,$0,$4,$-0,$19,$22,$-1,$0,$1,$1,$-0,$0,$0,$-0,$0,$-0,$-0,$0,$0,$0,$2,$2,$0,$2,$0,$0,$0,$0,$0,$-3,$0,$-3,$-1,$0,$-3
11,2015-12-31,2.89,$2.65,1.09,$0.54,5.36,$-0.70,0.0,$2.00,1.45,$0.02B,$0.00B,8.77,$0.00B,$0.02B,0.0,$0.00B,$0.00B,75.00%,$0.00B,$-0.00B,-100.00%,$0.00B,$-0.00B,-100.00%,$0.00B,$-0.00B,-100.00%,$0.00B,$-0.00B,-50.00%,$0.00B,$0.02B,450.00%,$0.02B,$0.02B,77.42%,$0.02B,$0.02B,77.42%,$0.02B,$0.03B,69.90%,$-0.00B,$0.02B,-17.20%,$1,$1,$1,$1,$0,$2,$-1,$1,$1,$0,$1,$1,$1,$-1,$-1,$9,9,$0.15,$0.13,$21,$0,$3,$24,$1,$1,$0,$0,$2,$26,$3,$0,$0,$0,$3,$0,$5,$-0,$23,$26,$17,$0,$-18,$-18,$-0,$0,$-0,$-1,$-2,$-2,$-0,$0,$0,$0,$-0,$-0,$0,$-1,$0,$0,$0,$-1,$-1,$0,$0,$-1,$15,$0,$0
12,2015-09-30,2.6,$2.56,1.01,$0.51,5.11,$-0.68,0.0,$1.91,1.36,$0.02B,$0.00B,8.04,$0.00B,$0.02B,0.0,$0.00B,$0.00B,50.00%,$0.00B,$-0.00B,-100.00%,$0.00B,$-0.00B,-100.00%,$0.00B,$-0.00B,-100.00%,$0.00B,$-0.00B,-100.00%,$0.00B,$0.02B,425.00%,$0.02B,$0.02B,88.31%,$0.02B,$0.02B,88.31%,$0.02B,$0.03B,79.07%,$-0.00B,$0.02B,-20.78%,$1,$1,$1,$1,$0,$2,$-1,$0,$-1,$0,$-1,$-1,$-0,$-1,$-1,$9,9,$-0.05,$-0.05,$19,$0,$0,$20,$1,$2,$0,$2,$5,$25,$3,$0,$0,$0,$3,$0,$4,$-0,$22,$25,$17,$0,$-19,$-19,$-0,$0,$0,$1,$0,$-2,$-0,$0,$0,$0,$-0,$-0,$-0,$-0,$0,$0,$0,$-1,$-1,$0,$0,$-1,$16,$0,$0
13,2015-06-30,2.66,$2.63,1.01,$0.49,5.41,$-0.61,0.0,$1.98,1.34,$0.02B,$0.00B,10.22,$0.00B,$0.02B,0.0,$0.00B,$0.00B,50.00%,$0.00B,$-0.00B,-75.00%,$0.00B,$-0.00B,-75.00%,$0.00B,$-0.00B,-75.00%,$0.00B,$-0.00B,-75.00%,$0.00B,$0.02B,425.00%,$0.02B,$0.02B,109.68%,$0.02B,$0.02B,109.68%,$0.02B,$0.03B,95.77%,$-0.00B,$0.02B,-19.35%,$1,$1,$1,$1,$1,$2,$-1,$0,$-1,$0,$-1,$-1,$-1,$-1,$-1,$9,9,$-0.09,$-0.09,$20,$0,$0,$21,$1,$2,$0,$2,$5,$25,$2,$0,$0,$0,$2,$0,$5,$-0,$23,$25,$17,$0,$-19,$-19,$-0,$0,$-0,$0,$0,$-1,$-0,$0,$0,$0,$-0,$-0,$0,$-0,$0,$0,$0,$-1,$-1,$0,$0,$-1,$16,$0,$0
14,2015-03-31,2.58,$2.75,0.94,$0.46,5.59,$-0.55,0.0,$2.08,1.24,$0.02B,$0.00B,9.66,$0.00B,$0.03B,0.0,$0.00B,$0.00B,25.00%,$0.00B,$-0.00B,-75.00%,$0.00B,$-0.00B,-75.00%,$0.00B,$-0.00B,-75.00%,$0.00B,$-0.00B,-75.00%,$0.00B,$0.02B,450.00%,$0.02B,$0.03B,156.52%,$0.02B,$0.03B,156.52%,$0.02B,$0.03B,128.57%,$-0.00B,$0.03B,-26.09%,$1,$1,$0,$1,$0,$2,$-1,$0,$-1,$0,$-1,$-1,$18,$-1,$-1,$9,9,$2.04,$2.03,$22,$0,$0,$23,$1,$2,$0,$2,$4,$27,$2,$0,$0,$0,$3,$0,$6,$-0,$25,$27,$18,$0,$-19,$-19,$0,$0,$0,$0,$0,$-0,$-0,$0,$0,$0,$-0,$-0,$0,$-0,$0,$0,$0,$0,$0,$0,$0,$0,$18,$0,$0
15,2014-12-31,1.44,$0.73,1.96,$0.47,3.09,$-0.57,0.0,$-0.02,0.0,$0.01B,$0.00B,2.87,$0.00B,$0.01B,0.0,$0.00B,$0.00B,50.00%,$0.00B,$-0.00B,-75.00%,$0.00B,$-0.00B,-75.00%,$0.00B,$-0.00B,-75.00%,$0.00B,$-0.00B,-75.00%,$0.00B,$-0.00B,-25.00%,$-0.00B,$0.01B,-14.29%,$-0.00B,$0.01B,-14.29%,$-0.00B,$0.01B,-10.26%,$-0.00B,$0.01B,-42.86%,$1,$1,$0,$1,$0,$2,$-1,$0,$-1,$0,$-1,$-1,$0,$-1,$-1,$9,9,$0.02,$0.02,$3,$0,$0,$7,$1,$2,$0,$0,$2,$9,$2,$0,$0,$0,$3,$0,$-13,$-0,$7,$9,$-1,$0,$-1,$-1,$0,$0,$-0,$-0,$0,$-2,$-0,$0,$0,$0,$0,$0,$0,$-0,$0,$0,$0,$0,$0,$0,$0,$0,$-1,$0,$0
16,2014-09-30,1.23,$0.74,1.66,$0.74,1.65,$-0.22,0.0,$-0.05,0.0,$0.01B,$0.00B,2.64,$0.00B,$0.01B,0.0,$0.01B,$0.00B,66.67%,$0.01B,$-0.00B,-33.33%,$0.01B,$-0.00B,-33.33%,$0.01B,$-0.00B,-33.33%,$0.01B,$-0.00B,-33.33%,$0.01B,$-0.00B,-16.67%,$-0.00B,$0.01B,-14.29%,$-0.00B,$0.01B,-14.29%,$-0.00B,$0.01B,-9.76%,$-0.00B,$0.01B,-28.57%,$1,$1,$1,$1,$0,$2,$-0,$0,$-0,$0,$-0,$-0,$0,$-0,$-0,$9,9,$0.02,$0.02,$3,$1,$0,$7,$1,$2,$0,$0,$3,$10,$3,$0,$0,$0,$3,$0,$-13,$-0,$7,$10,$-1,$0,$-1,$-1,$0,$0,$0,$-0,$0,$-1,$-0,$0,$0,$-0,$0,$0,$0,$-0,$0,$0,$0,$0,$0,$0,$0,$0,$-1,$0,$0
17,2014-06-30,1.23,$0.75,1.65,$1.13,1.09,$-0.03,0.0,$-0.00,0.0,$0.01B,$0.00B,2.46,$0.00B,$0.01B,0.0,$0.01B,$0.01B,50.00%,$0.01B,$-0.00B,-20.00%,$0.01B,$-0.00B,-20.00%,$0.01B,$-0.00B,-10.00%,$0.01B,$-0.00B,-20.00%,$0.01B,0,0.00%,$0.00B,$0.01B,0.00%,$0.00B,$0.01B,0.00%,$0.00B,$0.01B,0.00%,$-0.00B,$0.01B,-27.59%,$1,$1,$0,$1,$0,$2,$-1,$0,$-1,$0,$-1,$-1,$0,$-1,$-1,$9,9,$0.02,$0.02,$3,$1,$0,$7,$1,$2,$0,$0,$3,$10,$3,$0,$0,$0,$3,$0,$-13,$-0,$7,$10,$-1,$0,$0,$0,$0,$0,$-0,$0,$0,$-1,$-0,$0,$0,$0,$0,$0,$0,$0,$0,$0,$0,$0,$0,$0,$0,$0,$-0,$0,$0
18,2014-03-31,1.5,$0.76,1.99,$1.49,1.01,$0.10,15.03,$0.04,37.61,$0.01B,$0.00B,2.33,$0.00B,$0.01B,0.0,$0.01B,$0.01B,53.85%,$0.01B,$-0.00B,-7.69%,$0.01B,$-0.00B,-7.69%,$0.01B,0,0.00%,$0.01B,$-0.00B,-7.69%,$0.01B,0,0.00%,$0.00B,$0.01B,0.00%,$0.00B,$0.01B,0.00%,$0.00B,$0.01B,0.00%,$-0.00B,$0.01B,-13.79%,$1,$0,$1,$1,$0,$2,$-1,$0,$-1,$0,$-1,$-1,$-1,$-1,$-1,$9,9,$-0.07,$-0.07,$3,$1,$0,$7,$1,$2,$0,$0,$3,$10,$3,$0,$0,$0,$4,$0,$-13,$-0,$7,$10,$-1,$0,$0,$0,$0,$0,$0,$-0,$-0,$-1,$-0,$0,$0,$0,$0,$0,$0,$-0,$0,$0,$0,$0,$0,$0,$0,$0,$-1,$0,$0
19,2013-12-31,1.45,$0.84,1.73,$1.82,0.8,$0.17,8.35,$0.13,11.16,$0.01B,$0.00B,2.82,$0.00B,$0.01B,0.0,$0.02B,$0.01B,50.00%,$0.02B,0,0.00%,$0.02B,0,0.00%,$0.02B,$0.00B,6.25%,$0.02B,0,0.00%,$0.02B,$0.00B,6.25%,$0.00B,$0.01B,13.79%,$0.00B,$0.01B,13.79%,$0.00B,$0.01B,9.52%,$0.00B,$0.01B,0.00%,$3,$2,$2,$1,$1,$4,$-0,$0,$-0,$0,$-0,$-0,$-0,$-0,$-0,$9,9,$-0.02,$-0.02,$4,$1,$0,$8,$1,$2,$0,$0,$3,$11,$3,$0,$0,$0,$3,$0,$-13,$-0,$7,$11,$0,$0,$0,$1,$1,$0,$0,$-0,$1,$2,$-1,$0,$0,$-0,$-0,$-0,$0,$-0,$0,$0,$0,$0,$0,$0,$0,$0,$1,$0,$0
20,2013-09-30,1.35,$0.86,1.58,$1.91,0.71,$-0.01,0.0,$0.18,7.51,$0.01B,$0.00B,3.19,$0.00B,$0.01B,0.0,$0.02B,$0.01B,47.06%,$0.02B,0,0.00%,$0.02B,0,0.00%,$0.02B,$0.00B,5.88%,$0.02B,0,0.00%,$0.02B,$0.00B,5.88%,$0.00B,$0.01B,13.79%,$0.00B,$0.01B,13.79%,$0.00B,$0.01B,9.76%,$0.00B,$0.01B,0.00%,$5,$2,$2,$1,$1,$4,$0,$0,$0,$0,$0,$0,$1,$1,$0,$9,9,$0.07,$0.07,$3,$1,$1,$8,$1,$2,$0,$0,$3,$11,$2,$0,$0,$0,$3,$0,$-13,$-0,$8,$11,$1,$0,$0,$0,$-0,$0,$0,$-0,$-0,$1,$-0,$0,$0,$-0,$0,$-0,$0,$-0,$0,$0,$0,$0,$0,$0,$0,$0,$0,$0,$0
21,2013-06-30,1.13,$0.80,1.4,$1.86,0.61,$-0.16,0.0,$0.14,8.04,$0.01B,$0.00B,2.65,$0.00B,$0.01B,0.0,$0.02B,$0.01B,50.00%,$0.02B,0,0.00%,$0.02B,0,0.00%,$0.02B,0,0.00%,$0.02B,0,0.00%,$0.02B,0,0.00%,$0.00B,$0.01B,0.00%,$0.00B,$0.01B,0.00%,$0.00B,$0.01B,0.00%,$0.00B,$0.01B,0.00%,$4,$2,$2,$1,$1,$4,$0,$0,$0,$0,$0,$0,$0,$0,$0,$9,9,$0.05,$0.05,$3,$1,$0,$7,$1,$2,$0,$0,$3,$10,$3,$0,$0,$0,$3,$0,$-13,$-0,$7,$10,$0,$0,$0,$0,$0,$0,$0,$-0,$0,$1,$-0,$0,$0,$-0,$0,$-0,$0,$-0,$0,$0,$0,$0,$0,$0,$0,$0,$0,$0,$0
22,2013-03-31,1.39,$0.77,1.81,$1.84,0.76,$-0.26,0.0,$0.06,23.22,$0.01B,$0.00B,2.49,$0.00B,$0.01B,0.0,$0.02B,$0.01B,50.00%,$0.02B,0,0.00%,$0.02B,0,0.00%,$0.02B,0,0.00%,$0.02B,0,0.00%,$0.02B,0,0.00%,$0.00B,$0.01B,0.00%,$0.00B,$0.01B,0.00%,$0.00B,$0.01B,0.00%,$0.00B,$0.01B,0.00%,$4,$2,$2,$1,$1,$4,$-0,$0,$-0,$0,$-0,$-0,$0,$0,$-0,$9,9,$0.02,$0.02,$3,$1,$0,$7,$1,$2,$0,$0,$3,$10,$3,$0,$0,$0,$3,$0,$-14,$-0,$7,$10,$-0,$0,$0,$0,$0,$0,$0,$-0,$0,$0,$-0,$0,$0,$0,$0,$0,$0,$0,$0,$0,$0,$0,$0,$0,$0,$0,$0,$0,$0
23,2012-12-31,1.23,$0.77,1.59,$1.84,0.67,$-0.30,0.0,$0.01,122.6,$0.01B,$0.00B,2.53,$0.00B,$0.01B,0.0,$0.02B,$0.01B,50.00%,$0.02B,0,0.00%,$0.02B,0,0.00%,$0.02B,0,0.00%,$0.02B,0,0.00%,$0.02B,0,0.00%,$0.00B,$0.01B,0.00%,$0.00B,$0.01B,0.00%,$0.00B,$0.01B,0.00%,$0.00B,$0.01B,0.00%,$4,$2,$2,$1,$1,$4,$0,$-0,$0,$0,$0,$0,$0,$0,$0,$9,9,$0.03,$0.03,$3,$1,$0,$7,$1,$2,$0,$0,$3,$10,$3,$0,$0,$0,$3,$0,$-14,$-0,$7,$10,$-0,$1,$0,$1,$-1,$0,$-0,$0,$-1,$-0,$-0,$0,$0,$-0,$-0,$-0,$0,$-1,$0,$0,$0,$0,$0,$0,$0,$0,$-1,$0,$0
24,2012-09-30,1.33,$0.74,1.78,$1.76,0.75,$-0.23,0.0,$-0.07,0.0,$0.01B,$0.00B,2.45,$0.00B,$0.01B,0.0,$0.02B,$0.01B,50.00%,$0.02B,0,0.00%,$0.02B,0,0.00%,$0.02B,0,0.00%,$0.02B,0,0.00%,$0.02B,0,0.00%,$0.00B,$0.01B,0.00%,$0.00B,$0.01B,0.00%,$0.00B,$0.01B,0.00%,$0.00B,$0.01B,0.00%,$4,$2,$2,$1,$1,$4,$0,$0,$0,$0,$0,$0,$0,$0,$0,$9,9,$0.03,$0.03,$2,$1,$0,$7,$1,$2,$0,$0,$3,$10,$3,$0,$0,$0,$3,$0,$-14,$-0,$7,$10,$-0,$0,$0,$0,$-0,$0,$-0,$-0,$-1,$-1,$-0,$0,$0,$-0,$-0,$-0,$0,$-0,$0,$0,$0,$0,$0,$0,$0,$0,$-1,$0,$0
25,2012-06-30,1.35,$0.73,1.85,$1.86,0.73,$-0.18,0.0,$-0.02,0.0,$0.01B,$0.00B,2.25,$0.00B,$0.01B,0.0,$0.02B,$0.01B,52.94%,$0.02B,$0.00B,5.88%,$0.02B,$0.00B,5.88%,$0.02B,$0.00B,5.88%,$0.02B,$0.00B,5.88%,$0.02B,$0.00B,5.88%,$0.00B,$0.01B,14.29%,$0.00B,$0.01B,14.81%,$0.00B,$0.01B,10.00%,$0.00B,$0.01B,14.29%,$4,$2,$2,$1,$1,$4,$-0,$0,$-0,$0,$-0,$-0,$-0,$-0,$-0,$9,9,$-0.00,$-0.00,$3,$1,$0,$7,$1,$2,$0,$0,$3,$10,$3,$0,$0,$0,$3,$0,$-14,$-0,$7,$10,$-1,$0,$0,$0,$-0,$0,$-0,$0,$-0,$-0,$-0,$0,$0,$0,$-0,$-0,$0,$-0,$0,$0,$0,$0,$0,$0,$0,$0,$-1,$0,$0
26,2012-03-31,1.3,$0.77,1.7,$1.87,0.69,$-0.15,0.0,$0.08,16.23,$0.01B,$0.00B,2.49,$0.00B,$0.01B,0.0,$0.02B,$0.01B,52.94%,$0.02B,$0.00B,5.88%,$0.02B,$0.00B,5.88%,$0.02B,$0.00B,5.88%,$0.02B,$0.00B,11.76%,$0.02B,$0.00B,11.76%,$0.00B,$0.01B,28.57%,$0.00B,$0.01B,28.57%,$0.00B,$0.01B,19.51%,$0.00B,$0.01B,14.29%,$4,$2,$2,$1,$1,$4,$-0,$0,$-0,$0,$-0,$-0,$0,$-0,$-0,$9,9,$0.00,$0.00,$3,$1,$0,$7,$1,$1,$0,$0,$3,$10,$3,$0,$0,$0,$3,$0,$-14,$-0,$7,$10,$-0,$0,$0,$0,$-0,$0,$0,$-0,$-0,$-0,$-0,$0,$0,$0,$0,$0,$0,$0,$0,$0,$0,$0,$0,$0,$0,$0,$-0,$0,$0
27,2011-12-31,1.43,$0.79,1.82,$1.82,0.79,$-0.19,0.0,$0.07,20.47,$0.01B,$0.00B,2.52,$0.00B,$0.01B,0.0,$0.02B,$0.01B,52.94%,$0.02B,$0.00B,5.88%,$0.02B,$0.00B,5.88%,$0.02B,$0.00B,5.88%,$0.02B,$0.00B,11.76%,$0.02B,$0.00B,11.76%,$0.00B,$0.01B,29.63%,$0.00B,$0.01B,29.63%,$0.00B,$0.01B,19.51%,$0.00B,$0.01B,14.81%,$4,$2,$2,$1,$1,$4,$-0,$-0,$-0,$-0,$-0,$-0,$-0,$-0,$-0,$9,9,$-0.01,$-0.01,$3,$1,$0,$7,$1,$1,$0,$0,$3,$10,$3,$0,$0,$0,$3,$0,$-14,$-0,$7,$10,$1,$0,$0,$0,$-0,$0,$0,$-1,$-1,$0,$-0,$0,$0,$-0,$0,$-0,$1,$-0,$0,$0,$0,$0,$0,$0,$0,$0,$0,$0,$0
28,2011-09-30,1.34,$0.83,1.63,$1.78,0.75,$-0.15,0.0,$0.04,33.58,$0.01B,$0.00B,2.78,$0.00B,$0.01B,0.0,$0.02B,$0.01B,56.25%,$0.02B,$0.00B,6.25%,$0.02B,$0.00B,6.25%,$0.02B,$0.00B,6.25%,$0.02B,$0.00B,12.50%,$0.02B,$0.00B,12.50%,$0.00B,$0.01B,30.77%,$0.00B,$0.01B,30.77%,$0.00B,$0.01B,19.51%,$0.00B,$0.01B,15.38%,$5,$2,$3,$1,$1,$4,$1,$-0,$1,$0,$1,$1,$1,$1,$1,$9,9,$0.06,$0.06,$3,$1,$0,$7,$1,$1,$0,$0,$3,$10,$3,$0,$0,$0,$3,$0,$-16,$-0,$7,$10,$1,$0,$0,$0,$-1,$0,$0,$-1,$-1,$-0,$-0,$0,$0,$-0,$0,$-0,$1,$-0,$0,$0,$0,$0,$0,$0,$0,$0,$-0,$0,$0
29,2011-06-30,1.21,$0.75,1.6,$1.66,0.73,$-0.13,0.0,$-0.03,0.0,$0.01B,$0.00B,2.0,$0.00B,$0.01B,0.0,$0.02B,$0.01B,53.33%,$0.02B,0,0.00%,$0.02B,0,0.00%,$0.02B,0,0.00%,$0.02B,$0.00B,6.67%,$0.02B,$0.00B,6.67%,$0.00B,$0.01B,15.38%,$0.00B,$0.01B,15.38%,$0.00B,$0.01B,9.76%,$0.00B,$0.01B,0.00%,$4,$2,$2,$1,$1,$4,$0,$0,$1,$0,$1,$1,$1,$0,$0,$9,9,$0.08,$0.08,$3,$1,$1,$8,$1,$1,$0,$0,$3,$11,$4,$0,$0,$0,$4,$0,$-16,$-0,$7,$11,$0,$0,$-0,$0,$-1,$0,$0,$0,$-0,$0,$-0,$0,$0,$0,$0,$0,$1,$0,$0,$0,$0,$0,$0,$0,$0,$0,$0,$0,$0
30,2011-03-31,1.57,$0.68,2.3,$1.71,0.92,$-0.12,0.0,$-0.07,0.0,$0.01B,$0.00B,1.89,$0.00B,$0.01B,0.0,$0.02B,$0.01B,50.00%,$0.02B,0,0.00%,$0.02B,0,0.00%,$0.02B,0,0.00%,$0.02B,0,0.00%,$0.02B,0,0.00%,$0.00B,$0.01B,0.00%,$0.00B,$0.01B,0.00%,$0.00B,$0.01B,0.00%,$0.00B,$0.01B,0.00%,$4,$2,$2,$1,$1,$4,$-0,$0,$-0,$0,$-0,$-0,$-0,$-0,$-0,$9,9,$-0.02,$-0.02,$3,$1,$1,$7,$1,$1,$0,$0,$3,$10,$4,$0,$0,$0,$4,$0,$-17,$0,$6,$10,$-0,$0,$-0,$0,$-0,$0,$0,$-0,$-0,$-0,$-0,$0,$0,$0,$0,$0,$1,$0,$0,$0,$0,$0,$0,$0,$0,$0,$-0,$0,$0
31,2010-12-31,1.16,$0.72,1.6,$1.72,0.67,$-0.09,0.0,$-0.02,0.0,$0.01B,$0.00B,2.05,$0.00B,$0.01B,0.0,$0.02B,$0.01B,50.00%,$0.02B,0,0.00%,$0.02B,0,0.00%,$0.02B,0,0.00%,$0.02B,0,0.00%,$0.02B,0,0.00%,$0.00B,$0.01B,0.00%,$0.00B,$0.01B,0.00%,$0.00B,$0.01B,0.00%,$0.00B,$0.01B,0.00%,$3,$2,$2,$1,$1,$4,$-0,$0,$-0,$0,$-0,$-0,$-0,$-0,$-0,$9,9,$-0.02,$-0.02,$3,$1,$0,$7,$1,$1,$0,$0,$3,$10,$3,$0,$0,$0,$4,$0,$-15,$0,$6,$10,$-0,$1,$0,$1,$-1,$0,$-0,$1,$-0,$1,$-0,$0,$0,$0,$0,$0,$0,$-0,$0,$-0,$-0,$0,$0,$0,$0,$-0,$0,$0,$0
32,2010-09-30,0.9,$0.79,1.13,$1.91,0.47,$-0.29,0.0,$0.05,17.91,$0.01B,$0.00B,2.27,$0.00B,$0.01B,0.0,$0.02B,$0.01B,47.06%,$0.02B,0,0.00%,$0.02B,0,0.00%,$0.02B,0,0.00%,$0.02B,0,0.00%,$0.02B,0,0.00%,$0.00B,$0.01B,0.00%,$0.00B,$0.01B,0.00%,$0.00B,$0.01B,0.00%,$0.00B,$0.01B,0.00%,$4,$2,$2,$1,$1,$4,$0,$0,$0,$0,$0,$0,$0,$0,$0,$9,9,$0.01,$0.01,$2,$1,$0,$7,$1,$1,$0,$0,$3,$10,$3,$0,$0,$0,$3,$0,$-16,$0,$7,$10,$0,$0,$-0,$0,$-1,$0,$-0,$0,$-1,$-0,$-0,$0,$0,$0,$0,$0,$0,$-0,$0,$-0,$-0,$0,$0,$0,$0,$-0,$-0,$0,$0
33,2010-06-30,1.12,$0.78,1.43,$1.94,0.58,$-0.35,0.0,$-0.03,0.0,$0.01B,$0.00B,2.39,$0.00B,$0.01B,0.0,$0.02B,$0.01B,50.00%,$0.02B,$-0.00B,-6.25%,$0.02B,$-0.00B,-6.25%,$0.02B,0,0.00%,$0.02B,$-0.00B,-6.25%,$0.02B,$-0.00B,-6.25%,$-0.00B,$0.01B,-14.81%,$-0.00B,$0.01B,-15.38%,$-0.00B,$0.01B,-9.76%,$-0.00B,$0.01B,-14.81%,$5,$3,$2,$0,$1,$4,$0,$0,$0,$0,$0,$0,$0,$0,$0,$9,9,$0.03,$0.03,$2,$1,$0,$7,$1,$1,$0,$0,$3,$10,$3,$0,$0,$0,$3,$0,$-16,$-0,$7,$10,$0,$0,$-0,$0,$-1,$0,$0,$-0,$-1,$-0,$-0,$0,$0,$0,$0,$0,$0,$-0,$0,$-0,$-0,$0,$0,$0,$0,$-0,$-0,$0,$0
34,2010-03-31,1.07,$0.75,1.43,$2.13,0.51,$-0.45,0.0,$-0.10,0.0,$0.01B,$0.00B,2.01,$0.00B,$0.01B,0.0,$0.01B,$0.01B,57.14%,$0.01B,$-0.00B,-7.14%,$0.01B,$-0.00B,-7.14%,$0.01B,0,0.00%,$0.01B,$-0.00B,-7.14%,$0.01B,$-0.00B,-7.14%,$-0.00B,$0.01B,-16.67%,$-0.00B,$0.01B,-17.39%,$-0.00B,$0.01B,-10.26%,$-0.00B,$0.01B,-16.67%,$4,$2,$2,$0,$1,$4,$0,$0,$0,$0,$0,$0,$0,$0,$0,$9,9,$0.01,$0.01,$2,$1,$1,$6,$1,$1,$0,$0,$4,$10,$3,$0,$0,$0,$3,$0,$-16,$-0,$7,$10,$0,$0,$-0,$0,$-0,$0,$-0,$-0,$-0,$-0,$-0,$0,$0,$0,$0,$0,$-0,$-0,$0,$-0,$-0,$0,$0,$0,$0,$-0,$-0,$0,$0
35,2009-12-31,0.84,$0.74,1.14,$2.34,0.36,$-0.55,0.0,$-0.26,0.0,$0.01B,$0.00B,1.96,$0.00B,$0.01B,0.0,$0.01B,$0.01B,53.85%,$0.01B,$-0.00B,-15.38%,$0.01B,$-0.00B,-15.38%,$0.01B,$-0.00B,-7.69%,$0.01B,$-0.00B,-15.38%,$0.01B,$-0.00B,-15.38%,$-0.00B,$0.01B,-38.10%,$-0.00B,$0.01B,-40.00%,$-0.00B,$0.01B,-21.62%,$-0.00B,$0.01B,-38.10%,$4,$2,$2,$1,$1,$3,$0,$0,$0,$0,$0,$0,$0,$0,$0,$6,6,$0.07,$0.07,$3,$1,$0,$6,$1,$1,$0,$0,$4,$10,$3,$0,$0,$0,$3,$0,$-16,$-0,$7,$10,$-1,$1,$-0,$1,$-0,$0,$-0,$0,$-0,$-1,$-0,$0,$0,$0,$0,$0,$0,$0,$0,$-0,$-0,$3,$3,$0,$0,$3,$2,$0,$0
36,2009-09-30,1.17,$1.43,0.82,$2.90,0.4,$-1.25,0.0,$-0.24,0.0,$0.01B,$0.00B,1.59,$0.00B,$0.01B,0.0,$0.01B,$0.01B,57.14%,$0.01B,$-0.00B,-14.29%,$0.01B,$-0.00B,-14.29%,$0.01B,0,0.00%,$0.01B,$-0.00B,-14.29%,$0.01B,$-0.00B,-14.29%,$-0.00B,$0.01B,-42.11%,$-0.00B,$0.01B,-44.44%,$-0.00B,$0.01B,-22.22%,$-0.00B,$0.01B,-42.11%,$3,$2,$2,$1,$2,$4,$-1,$0,$-1,$0,$-1,$-1,$-1,$-0,$-1,$7,7,$-0.07,$-0.07,$3,$1,$0,$7,$1,$1,$0,$0,$4,$11,$4,$0,$0,$0,$4,$0,$-17,$-0,$6,$11,$-1,$0,$-0,$0,$-0,$0,$0,$1,$0,$-1,$-0,$0,$0,$0,$0,$0,$0,$0,$0,$-0,$-0,$3,$3,$0,$0,$3,$2,$0,$0
37,2009-06-30,0.64,$0.88,0.73,$3.19,0.2,$-1.81,0.0,$-0.39,0.0,$0.00B,$0.00B,0.98,$0.00B,$0.00B,0.0,$0.01B,$0.01B,50.00%,$0.01B,$-0.00B,-14.29%,$0.01B,$-0.00B,-14.29%,$0.01B,$-0.00B,-7.14%,$0.01B,$-0.00B,-14.29%,$0.01B,$-0.00B,-14.29%,$-0.00B,$0.00B,-50.00%,$-0.00B,$0.00B,-57.14%,$-0.00B,$0.01B,-22.86%,$-0.00B,$0.00B,-50.00%,$3,$2,$2,$1,$1,$3,$-0,$0,$-0,$0,$-0,$-0,$-0,$-0,$-0,$4,4,$-0.04,$-0.04,$1,$1,$0,$4,$1,$1,$0,$0,$4,$8,$4,$0,$0,$0,$4,$0,$-16,$-0,$4,$8,$-1,$0,$-0,$0,$-0,$0,$-0,$0,$0,$-1,$-0,$0,$0,$0,$0,$0,$0,$0,$0,$0,$0,$0,$0,$0,$0,$0,$-0,$0,$0
38,2009-03-31,0.81,$0.91,0.88,$3.40,0.24,$-2.13,0.0,$-0.01,0.0,$0.00B,$0.00B,1.01,$0.00B,$0.00B,0.0,$0.02B,$0.01B,46.67%,$0.02B,$-0.00B,-20.00%,$0.02B,$-0.00B,-20.00%,$0.02B,$-0.00B,-13.33%,$0.02B,$-0.00B,-20.00%,$0.02B,0,0.00%,$0.00B,$0.00B,0.00%,$0.00B,$0.00B,0.00%,$0.00B,$0.01B,0.00%,$-0.00B,$0.00B,-75.00%,$3,$2,$1,$1,$1,$3,$-1,$0,$-1,$0,$-1,$-1,$-1,$-1,$-1,$4,4,$-0.15,$-0.15,$1,$1,$0,$4,$1,$1,$0,$0,$4,$8,$4,$0,$0,$0,$4,$0,$-16,$-0,$4,$8,$-1,$0,$-0,$0,$-0,$0,$0,$0,$-0,$-1,$0,$0,$0,$0,$0,$0,$0,$0,$0,$-0,$-0,$0,$0,$0,$0,$-0,$-0,$0,$0
39,2008-12-31,0.92,$1.06,0.87,$3.74,0.25,$-2.32,0.0,$-0.19,0.0,$0.00B,$0.00B,1.17,$0.00B,$0.01B,0.0,$0.02B,$0.01B,50.00%,$0.02B,$-0.00B,-18.75%,$0.02B,$-0.00B,-18.75%,$0.02B,$-0.00B,-12.50%,$0.02B,$-0.00B,-18.75%,$0.02B,0,0.00%,$0.00B,$0.01B,0.00%,$0.00B,$0.00B,0.00%,$0.00B,$0.01B,0.00%,$-0.00B,$0.01B,-80.00%,$5,$2,$3,$1,$1,$5,$0,$-0,$0,$-0,$0,$0,$0,$1,$0,$4,4,$0.03,$0.03,$1,$1,$0,$4,$2,$1,$0,$0,$4,$9,$4,$0,$0,$0,$4,$0,$-15,$-0,$5,$9,$-1,$1,$-3,$-2,$1,$0,$-0,$-1,$-1,$-4,$-0,$0,$4,$0,$0,$0,$0,$4,$0,$-0,$-0,$0,$0,$0,$0,$-0,$1,$0,$0
40,2008-09-30,1.88,$0.68,2.77,$3.41,0.55,$-2.67,0.0,$-0.30,0.0,$0.01B,$0.01B,1.0,$0.00B,$0.00B,0.0,$0.02B,$0.01B,40.00%,$0.02B,$-0.00B,-26.67%,$0.02B,$-0.00B,-26.67%,$0.02B,$-0.00B,-26.67%,$0.02B,$-0.00B,-26.67%,$0.02B,0,0.00%,$0.00B,$0.00B,0.00%,$0.00B,$0.00B,0.00%,$0.00B,$0.01B,0.00%,$-0.00B,$0.00B,-114.29%,$3,$2,$1,$1,$2,$4,$-1,$0,$-1,$0,$-1,$-1,$-1,$-1,$-1,$4,5,$-0.22,$-0.22,$1,$1,$1,$5,$2,$1,$1,$0,$5,$10,$6,$0,$0,$2,$7,$0,$-15,$-0,$3,$10,$-1,$0,$-3,$-3,$-0,$0,$-0,$1,$1,$-3,$-0,$0,$3,$0,$0,$0,$0,$3,$0,$-0,$-0,$0,$0,$0,$0,$-0,$0,$0,$0
41,2008-06-30,2.78,$0.90,3.1,$3.73,0.74,$-2.66,0.0,$-0.30,0.0,$0.01B,$0.01B,1.16,$0.00B,$0.00B,0.0,$0.02B,$0.01B,41.18%,$0.02B,$-0.00B,-23.53%,$0.02B,$-0.00B,-23.53%,$0.02B,$-0.00B,-23.53%,$0.02B,$-0.00B,-23.53%,$0.02B,0,0.00%,$0.00B,$0.00B,0.00%,$0.00B,$0.00B,0.00%,$0.00B,$0.01B,0.00%,$-0.00B,$0.00B,-106.67%,$4,$2,$2,$1,$2,$5,$-1,$0,$-1,$0,$-1,$-1,$2,$-1,$-1,$4,5,$0.34,$0.34,$1,$1,$1,$6,$2,$1,$1,$0,$5,$11,$5,$0,$0,$2,$7,$0,$-14,$-0,$4,$11,$0,$0,$-3,$-3,$0,$0,$-0,$1,$1,$-2,$-0,$0,$3,$0,$0,$0,$0,$3,$0,$-0,$-0,$0,$0,$0,$0,$-0,$1,$0,$0
42,2008-03-31,2.69,$0.56,4.77,$3.51,0.77,$-2.93,0.0,$-0.85,0.0,$0.01B,$0.01B,0.85,$0.00B,$0.00B,0.0,$0.02B,$0.01B,37.50%,$0.02B,$-0.00B,-25.00%,$0.02B,$-0.00B,-25.00%,$0.02B,$-0.00B,-25.00%,$0.02B,$-0.00B,-25.00%,$0.02B,$-0.00B,-18.75%,$-0.00B,$0.00B,-75.00%,$-0.00B,$0.00B,-171.43%,$-0.00B,$0.01B,-22.64%,$-0.00B,$0.00B,-100.00%,$4,$3,$2,$1,$2,$5,$-1,$0,$-1,$0,$-1,$-1,$-1,$-1,$-1,$4,4,$-0.33,$-0.33,$1,$1,$3,$8,$2,$1,$2,$0,$6,$14,$9,$0,$0,$2,$11,$0,$-16,$-0,$3,$14,$-1,$0,$-0,$0,$-0,$0,$0,$0,$0,$-1,$-0,$0,$0,$0,$0,$0,$0,$-0,$0,$1,$1,$0,$0,$0,$0,$1,$0,$0,$0
43,2007-12-31,3.0,$0.90,3.35,$3.42,0.88,$-2.93,0.0,$-0.55,0.0,$0.01B,$0.01B,0.98,$0.00B,$0.00B,0.0,$0.02B,$0.01B,37.50%,$0.02B,$-0.00B,-18.75%,$0.02B,$-0.00B,-18.75%,$0.02B,$-0.00B,-18.75%,$0.02B,$-0.00B,-18.75%,$0.02B,$-0.00B,-12.50%,$-0.00B,$0.00B,-42.11%,$-0.00B,$0.00B,-72.73%,$-0.00B,$0.01B,-15.09%,$-0.00B,$0.00B,-63.16%,$4,$2,$1,$0,$2,$5,$-1,$-0,$-1,$0,$-1,$-1,$-0,$-1,$-1,$4,4,$-0.08,$-0.08,$1,$1,$2,$7,$2,$1,$2,$0,$6,$13,$7,$0,$0,$2,$9,$0,$-14,$-0,$4,$13,$-2,$0,$-1,$-1,$-0,$0,$-0,$-1,$-1,$-4,$-1,$0,$0,$0,$0,$0,$3,$2,$0,$0,$0,$0,$0,$0,$0,$1,$-2,$0,$0
44,2007-09-30,3.04,$0.98,3.11,$3.20,0.95,$-2.45,0.0,$-0.76,0.0,$0.01B,$0.01B,1.05,$0.00B,$0.00B,0.0,$0.02B,$0.01B,40.00%,$0.02B,$-0.00B,-20.00%,$0.02B,$-0.00B,-20.00%,$0.02B,$-0.00B,-20.00%,$0.02B,$-0.00B,-20.00%,$0.02B,$-0.00B,-20.00%,$-0.00B,$0.00B,-57.14%,$-0.00B,$0.00B,-92.31%,$-0.00B,$0.01B,-21.82%,$-0.00B,$0.00B,-57.14%,$5,$3,$2,$1,$2,$6,$-1,$0,$-1,$0,$-1,$-1,$-1,$-1,$-1,$4,4,$-0.22,$-0.22,$3,$1,$1,$8,$2,$1,$2,$0,$6,$13,$7,$0,$0,$2,$9,$0,$-14,$-0,$4,$13,$-2,$0,$-0,$0,$-1,$0,$1,$-0,$-0,$-2,$-1,$0,$0,$0,$0,$0,$3,$2,$0,$0,$0,$0,$0,$0,$0,$0,$0,$0,$0
45,2007-06-30,3.36,$1.20,2.8,$2.87,1.17,$-2.35,0.0,$0.98,3.43,$0.01B,$0.01B,1.25,$0.00B,$0.01B,0.0,$0.01B,$0.01B,46.15%,$0.01B,$-0.00B,-23.08%,$0.01B,$-0.00B,-23.08%,$0.01B,$-0.00B,-23.08%,$0.01B,0,0.00%,$0.01B,$0.01B,38.46%,$0.01B,$0.01B,80.00%,$0.01B,$0.00B,125.00%,$0.01B,$0.01B,34.48%,$-0.00B,$0.01B,-48.00%,$3,$2,$1,$1,$1,$4,$-1,$0,$-1,$0,$-1,$-1,$-1,$-1,$-1,$4,4,$-0.21,$-0.21,$2,$1,$0,$7,$1,$1,$2,$0,$6,$13,$6,$0,$0,$2,$8,$0,$-13,$-0,$5,$13,$-1,$0,$-0,$0,$-1,$0,$0,$-1,$-2,$-3,$-1,$0,$0,$0,$0,$0,$3,$3,$0,$0,$0,$0,$0,$0,$0,$0,$0,$0,$0
46,2007-03-31,3.85,$1.41,2.73,$2.99,1.29,$-2.17,0.0,$1.02,3.78,$0.01B,$0.01B,1.47,$0.00B,$0.01B,0.0,$0.01B,$0.01B,50.00%,$0.01B,$-0.00B,-21.43%,$0.01B,$-0.00B,-21.43%,$0.01B,$-0.00B,-21.43%,$0.01B,0,0.00%,$0.01B,$0.01B,35.71%,$0.01B,$0.01B,95.24%,$0.01B,$0.00B,181.82%,$0.01B,$0.01B,34.48%,$-0.00B,$0.01B,-57.14%,$4,$2,$2,$1,$1,$4,$-0,$0,$-0,$0,$-0,$-0,$-0,$-0,$-0,$4,5,$-0.03,$-0.03,$4,$1,$1,$8,$1,$1,$2,$0,$5,$14,$6,$0,$0,$2,$7,$0,$-12,$-0,$6,$14,$-0,$0,$-0,$0,$-0,$0,$-0,$-1,$-1,$-1,$-0,$0,$0,$0,$0,$0,$3,$3,$0,$-0,$-0,$0,$0,$0,$0,$-0,$1,$0,$0
47,2006-12-31,2.87,$1.43,2.0,$3.19,0.9,$-2.12,0.0,$0.95,3.02,$0.01B,$0.01B,1.42,$0.00B,$0.01B,0.0,$0.02B,$0.01B,46.67%,$0.02B,$-0.00B,-26.67%,$0.02B,$-0.00B,-26.67%,$0.02B,$-0.00B,-26.67%,$0.02B,$-0.00B,-6.67%,$0.02B,$0.01B,33.33%,$0.01B,$0.01B,117.65%,$0.01B,$0.00B,333.33%,$0.01B,$0.02B,35.71%,$-0.00B,$0.01B,-94.12%,$3,$1,$1,$1,$1,$4,$-1,$0,$-1,$0,$-1,$-1,$-1,$-1,$-1,$4,5,$-0.30,$-0.27,$2,$1,$1,$10,$1,$1,$2,$0,$5,$15,$7,$0,$0,$2,$9,$0,$-12,$-0,$6,$15,$4,$1,$-8,$-7,$-0,$0,$1,$-1,$-0,$-3,$-1,$0,$2,$3,$0,$3,$0,$5,$0,$-0,$-0,$0,$0,$0,$0,$-0,$2,$0,$0
