,Date,Stock Price,Book Value per Share,Price to Book Ratio,TTM Sales per Share,Price to Sales Ratio,TTM FCF per Share,Price to FCF Ratio,TTM Net EPS,PE Ratio,Current Assets,Current Liabilities,Current Ratio,Long Term Debt,Shareholder's Equity_x,Debt to Equity Ratio,TTM Revenue_x,TTM Gross Profit,Gross Margin,TTM Revenue_y,TTM Operating Income,Operating Margin,TTM Revenue_x,TTM EBIT,EBIT Margin,TTM Revenue_y,TTM EBITDA,EBITDA Margin,TTM Revenue_x,TTM Pre-Tax Income,Pre-Tax Margin,TTM Revenue_y,TTM Net Income_x,Net Margin,TTM Net Income_y,Shareholder's Equity_y,Return on Equity,TTM Net Income_x,Tangible Equity,Return on Tangible Equity,TTM Net Income_y,Total Assets,Return on Assets,TTM Net Income,LT Investments & Debt,Return on Investment,revenue,cost-goods-sold,gross-profit,research-development-expenses,selling-general-administrative-expenses,operating-expenses,operating-income,total-non-operating-income-expense,pre-tax-income,total-provision-income-taxes,income-after-taxes,income-from-continuous-operations,net-income,ebitda,ebit,basic-shares-outstanding,shares-outstanding,eps-basic-net-earnings-per-share,eps-earnings-per-share-diluted,cash-on-hand,inventory,other-current-assets,total-current-assets,net-property-plant-equipment,long-term-investments,goodwill-intangible-assets-total,other-long-term-assets,total-long-term-assets,total-assets,total-current-liabilities,long-term-debt,other-non-current-liabilities,total-long-term-liabilities,total-liabilities,common-stock-net,retained-earnings-accumulated-deficit,comprehensive-income,total-share-holder-equity,total-liabilities-share-holders-equity,net-income-loss,total-depreciation-amortization-cash-flow,other-non-cash-items,total-non-cash-items,change-in-accounts-receivable,change-in-inventories,change-in-accounts-payable,change-in-assets-liabilities,total-change-in-assets-liabilities,cash-flow-from-operating-activities,net-change-in-property-plant-equipment,net-change-in-intangible-assets,net-acquisitions-divestitures,net-change-in-short-term-investments,net-change-in-long-term-investments,net-change-in-investments-total,investing-activities-other,cash-flow-from-investing-activities,net-long-term-debt,net-current-debt,debt-issuance-retirement-net-total,net-common-equity-issued-repurchased,net-total-equity-issued-repurchased,total-common-preferred-stock-dividends-paid,financial-activities-other,cash-flow-from-financial-activities,net-cash-flow,stock-based-compensation,common-stock-dividends-paid
0,2018-09-30,20.22,$3.78,5.35,0,0.0,$-7.68,0.0,$-3.88,0.0,$0.58B,$0.06B,10.06,$0.31B,$0.29B,1.07,$0.00B,0,nan%,$0.00B,$-0.29B,inf%,$0.00B,$-0.29B,inf%,$0.00B,$-0.27B,inf%,$0.00B,$-0.30B,inf%,$0.00B,$-0.30B,inf%,$-0.30B,$0.29B,-81.76%,$-0.30B,$0.23B,-88.96%,$-0.30B,$0.66B,-45.48%,$-0.29B,$0.60B,-46.80%,$0,$0,$0,$40,$44,$84,$-84,$-4,$-88,$0,$-88,$-88,$-88,$-78,$-84,$77,77,$-1.14,$-1.14,$568,$0,$0,$577,$20,$0,$60,$5,$84,$662,$57,$312,$1,$313,$370,$1,$-1191,$0,$291,$662,$-233,$15,$20,$35,$0,$0,$3,$-4,$9,$-188,$-10,$0,$0,$0,$0,$0,$0,$-10,$395,$0,$395,$6,$6,$0,$-16,$385,$186,$20,$0
1,2018-06-30,23.65,$4.81,4.92,0,0.0,$-6.83,0.0,$-3.43,0.0,$0.65B,$0.05B,14.14,$0.31B,$0.37B,0.83,$0.00B,0,nan%,$0.00B,$-0.25B,inf%,$0.00B,$-0.25B,inf%,$0.00B,$-0.23B,inf%,$0.00B,$-0.26B,inf%,$0.00B,$-0.26B,inf%,$-0.26B,$0.37B,-64.23%,$-0.26B,$0.37B,-66.67%,$-0.26B,$0.72B,-41.38%,$-0.25B,$0.68B,-42.42%,$0,$0,$0,$36,$37,$73,$-73,$-4,$-76,$0,$-76,$-76,$-76,$-67,$-73,$77,77,$-1.00,$-1.00,$634,$0,$0,$645,$18,$0,$0,$61,$79,$724,$46,$307,$1,$308,$354,$1,$-1103,$0,$371,$724,$-145,$10,$12,$22,$0,$0,$2,$-4,$0,$-123,$-8,$0,$0,$0,$0,$0,$0,$-8,$395,$0,$395,$6,$6,$0,$-16,$384,$253,$12,$0
2,2018-03-31,22.52,$5.68,3.97,0,0.0,$-6.32,0.0,$-3.15,0.0,$0.70B,$0.04B,20.01,$0.30B,$0.44B,0.7,$0.00B,0,nan%,$0.00B,$-0.22B,inf%,$0.00B,$-0.22B,inf%,$0.00B,$-0.21B,inf%,$0.00B,$-0.22B,inf%,$0.00B,$-0.22B,inf%,$-0.22B,$0.44B,-68.92%,$-0.22B,$0.44B,-72.14%,$-0.22B,$0.77B,-46.98%,$-0.22B,$0.74B,-48.79%,$0,$0,$0,$30,$33,$63,$-63,$-6,$-68,$0,$-69,$-69,$-69,$-59,$-63,$77,77,$-0.89,$-0.89,$687,$0,$0,$696,$16,$0,$0,$61,$77,$773,$35,$303,$1,$303,$338,$1,$-1026,$0,$435,$773,$-69,$4,$6,$10,$0,$0,$-1,$-2,$-9,$-68,$-5,$0,$0,$0,$0,$0,$0,$-5,$395,$0,$395,$0,$0,$0,$-16,$379,$305,$6,$0
3,2017-12-31,31.18,$4.71,6.62,0,0.0,$-5.96,0.0,$-2.86,0.0,$0.39B,$0.05B,8.72,$0.06B,$0.36B,0.15,$0.00B,0,nan%,$0.00B,$-0.19B,inf%,$0.00B,$-0.19B,inf%,$0.00B,$-0.19B,inf%,$0.00B,$-0.19B,inf%,$0.00B,$-0.19B,inf%,$-0.19B,$0.36B,-77.81%,$-0.19B,$0.30B,-82.67%,$-0.19B,$0.46B,-57.53%,$-0.19B,$0.42B,-62.48%,$0,$0,$0,$34,$31,$65,$-65,$-0,$-66,$-0,$-65,$-65,$-65,$-65,$-65,$67,67,$-0.88,$-0.88,$381,$0,$0,$389,$12,$0,$58,$2,$73,$462,$45,$56,$1,$56,$101,$1,$-958,$-0,$361,$462,$-193,$3,$19,$22,$0,$0,$4,$-3,$11,$-160,$-3,$0,$0,$0,$0,$0,$0,$-3,$0,$0,$0,$381,$381,$0,$0,$381,$219,$18,$0
4,2017-09-30,31.21,$5.50,5.67,0,0.0,$-5.96,0.0,$-3.11,0.0,$0.44B,$0.03B,15.21,$0.06B,$0.42B,0.13,$0.00B,0,nan%,$0.00B,$-0.19B,inf%,$0.00B,$-0.19B,inf%,$0.00B,$-0.19B,inf%,$0.00B,$-0.20B,inf%,$0.00B,$-0.20B,inf%,$-0.20B,$0.42B,-100.00%,$-0.20B,$0.42B,-100.00%,$-0.20B,$0.51B,-70.21%,$-0.19B,$0.48B,-76.25%,$0,$0,$0,$27,$17,$44,$-44,$-1,$-45,$0,$-45,$-45,$-45,$-43,$-44,$65,65,$-0.69,$-0.69,$431,$0,$0,$437,$9,$0,$0,$60,$69,$506,$29,$55,$1,$56,$85,$1,$-893,$0,$421,$506,$-127,$2,$14,$16,$0,$0,$-1,$-1,$-0,$-111,$-1,$0,$0,$0,$0,$0,$0,$-1,$0,$0,$0,$381,$381,$0,$0,$381,$268,$13,$0
5,2017-06-30,17.16,$1.34,12.83,0,0.0,$-5.72,0.0,$-3.03,0.0,$0.10B,$0.03B,3.67,$0.06B,$0.08B,0.66,$0.00B,0,nan%,$0.00B,$-0.18B,inf%,$0.00B,$-0.18B,inf%,$0.00B,$-0.18B,inf%,$0.00B,$-0.19B,inf%,$0.00B,$-0.19B,inf%,$-0.19B,$0.08B,-130.33%,$-0.19B,$0.08B,-130.33%,$-0.19B,$0.17B,-85.26%,$-0.18B,$0.14B,-94.60%,$0,$0,$0,$27,$17,$44,$-44,$-1,$-45,$0,$-45,$-45,$-45,$-43,$-44,$62,62,$-0.72,$-0.72,$91,$0,$0,$97,$9,$0,$0,$60,$69,$166,$26,$55,$1,$56,$82,$1,$-847,$-0,$83,$166,$-82,$2,$9,$10,$0,$0,$1,$0,$-2,$-73,$-1,$0,$0,$0,$0,$0,$0,$-1,$0,$0,$0,$2,$2,$0,$0,$2,$-72,$9,$0
6,2017-03-31,17.51,$1.96,8.93,0,0.0,$-5.50,0.0,$-2.90,0.0,$0.13B,$0.02B,5.66,$0.06B,$0.12B,0.45,$0.00B,0,nan%,$0.00B,$-0.18B,inf%,$0.00B,$-0.18B,inf%,$0.00B,$-0.17B,inf%,$0.00B,$-0.18B,inf%,$0.00B,$-0.18B,inf%,$-0.18B,$0.12B,-96.64%,$-0.18B,$0.12B,-96.64%,$-0.18B,$0.20B,-70.87%,$-0.18B,$0.18B,-77.70%,$0,$0,$0,$22,$14,$36,$-36,$-1,$-37,$0,$-37,$-37,$-37,$-35,$-36,$62,62,$-0.60,$-0.60,$126,$0,$0,$132,$10,$0,$0,$59,$69,$201,$23,$55,$1,$56,$79,$1,$-803,$-0,$122,$201,$-37,$1,$4,$5,$0,$0,$-2,$0,$-4,$-37,$-0,$0,$0,$0,$0,$0,$0,$-0,$0,$0,$0,$1,$1,$0,$0,$1,$-37,$4,$0
7,2016-12-31,13.23,$2.49,5.31,0,0.0,$-5.38,0.0,$-2.84,0.0,$0.17B,$0.03B,6.02,$0.06B,$0.15B,0.36,$0.00B,0,nan%,$0.00B,$-0.17B,inf%,$0.00B,$-0.17B,inf%,$0.00B,$-0.17B,inf%,$0.00B,$-0.18B,inf%,$0.00B,$-0.18B,inf%,$-0.18B,$0.15B,-78.23%,$-0.18B,$0.15B,-78.23%,$-0.18B,$0.24B,-61.94%,$-0.17B,$0.21B,-67.12%,$0,$0,$0,$55,$12,$67,$-67,$-1,$-68,$0,$-68,$-68,$-68,$-66,$-67,$62,62,$-1.11,$-1.11,$163,$0,$0,$168,$10,$0,$0,$60,$70,$238,$28,$55,$1,$55,$83,$1,$-765,$-0,$154,$238,$-176,$3,$18,$21,$0,$0,$3,$0,$9,$-147,$-4,$0,$0,$0,$0,$0,$0,$-4,$30,$0,$30,$1,$1,$0,$-0,$31,$-120,$18,$0
8,2016-09-30,14.52,$3.52,4.12,0,0.0,$-4.72,0.0,$-2.25,0.0,$0.21B,$0.02B,8.79,$0.04B,$0.22B,0.16,$0.00B,0,nan%,$0.00B,$-0.14B,inf%,$0.00B,$-0.14B,inf%,$0.00B,$-0.14B,inf%,$0.00B,$-0.14B,inf%,$0.00B,$-0.14B,inf%,$-0.14B,$0.22B,-52.68%,$-0.14B,$0.22B,-52.68%,$-0.14B,$0.28B,-44.37%,$-0.14B,$0.25B,-48.10%,$0,$0,$0,$23,$14,$37,$-37,$-1,$-38,$0,$-38,$-38,$-38,$-36,$-37,$62,62,$-0.61,$-0.61,$201,$0,$0,$206,$10,$0,$0,$60,$70,$277,$23,$35,$1,$35,$59,$1,$-697,$-0,$218,$277,$-108,$2,$14,$16,$0,$0,$0,$-0,$3,$-89,$-3,$0,$0,$0,$0,$0,$0,$-3,$10,$0,$10,$0,$0,$0,$-0,$10,$-82,$14,$0
9,2016-06-30,9.86,$4.05,2.43,0,0.0,$-4.46,0.0,$-2.14,0.0,$0.23B,$0.03B,7.1,$0.02B,$0.25B,0.06,$0.00B,0,nan%,$0.00B,$-0.13B,inf%,$0.00B,$-0.13B,inf%,$0.00B,$-0.13B,inf%,$0.00B,$-0.14B,inf%,$0.00B,$-0.13B,inf%,$-0.13B,$0.25B,-44.93%,$-0.13B,$0.25B,-44.93%,$-0.13B,$0.30B,-38.80%,$-0.13B,$0.27B,-42.51%,$0,$0,$0,$24,$12,$36,$-36,$-0,$-37,$0,$-37,$-37,$-37,$-36,$-36,$62,62,$-0.59,$-0.59,$223,$0,$0,$229,$10,$0,$0,$61,$70,$300,$32,$16,$1,$17,$49,$1,$-659,$0,$251,$300,$-70,$1,$9,$10,$0,$0,$1,$-1,$2,$-58,$-2,$0,$0,$0,$0,$0,$0,$-2,$0,$0,$0,$0,$0,$0,$0,$0,$-60,$9,$0
10,2016-03-31,12.67,$4.57,2.78,0,0.0,$-4.34,0.0,$-2.02,0.0,$0.26B,$0.03B,10.12,$0.02B,$0.28B,0.07,$0.00B,0,nan%,$0.00B,$-0.12B,inf%,$0.00B,$-0.12B,inf%,$0.00B,$-0.12B,inf%,$0.00B,$-0.13B,inf%,$0.00B,$-0.13B,inf%,$-0.13B,$0.28B,-38.52%,$-0.13B,$0.28B,-38.52%,$-0.13B,$0.33B,-33.78%,$-0.12B,$0.30B,-37.01%,$0,$0,$0,$21,$13,$33,$-33,$-0,$-34,$0,$-34,$-34,$-34,$-33,$-33,$62,62,$-0.54,$-0.54,$253,$0,$0,$258,$9,$0,$0,$60,$69,$328,$26,$19,$1,$20,$45,$1,$-622,$-0,$282,$328,$-34,$1,$4,$5,$0,$0,$1,$-0,$-1,$-30,$-1,$0,$0,$0,$0,$0,$0,$-1,$0,$0,$0,$0,$0,$0,$0,$0,$-30,$4,$0
11,2015-12-31,18.15,$5.04,3.6,0,0.0,$-4.38,0.0,$-2.03,0.0,$0.29B,$0.02B,12.94,$0.02B,$0.31B,0.07,$0.00B,0,nan%,$0.00B,$-0.12B,inf%,$0.00B,$-0.12B,inf%,$0.00B,$-0.12B,inf%,$0.00B,$-0.12B,inf%,$0.00B,$-0.12B,inf%,$-0.12B,$0.31B,-39.97%,$-0.12B,$0.31B,-39.97%,$-0.12B,$0.36B,-34.76%,$-0.12B,$0.33B,-39.24%,$0,$0,$0,$20,$13,$33,$-33,$-1,$-33,$0,$-31,$-31,$-31,$-32,$-33,$59,59,$-0.50,$-0.50,$283,$0,$0,$288,$8,$0,$0,$60,$68,$357,$22,$22,$1,$23,$45,$1,$-589,$0,$312,$357,$-118,$2,$16,$18,$0,$0,$-2,$-1,$-1,$-101,$-3,$0,$0,$0,$0,$0,$0,$-3,$0,$0,$0,$228,$228,$0,$-0,$228,$124,$16,$0
12,2015-09-30,18.57,$5.49,3.39,0,0.0,$-4.22,0.0,$-1.88,0.0,$0.32B,$0.05B,6.84,$0.00B,$0.34B,0.0,$0.00B,0,nan%,$0.00B,$-0.11B,inf%,$0.00B,$-0.11B,inf%,$0.00B,$-0.11B,inf%,$0.00B,$-0.11B,inf%,$0.00B,$-0.11B,inf%,$-0.11B,$0.34B,-39.81%,$-0.11B,$0.34B,-39.81%,$-0.11B,$0.39B,-34.09%,$-0.11B,$0.34B,-40.00%,$0,$0,$0,$19,$11,$30,$-30,$-1,$-31,$0,$-31,$-31,$-31,$-30,$-30,$62,62,$-0.50,$-0.50,$311,$0,$0,$319,$8,$0,$0,$58,$66,$386,$47,$0,$0,$0,$47,$1,$-558,$0,$339,$386,$-87,$2,$12,$13,$0,$0,$1,$-3,$0,$-73,$-3,$0,$0,$0,$0,$0,$0,$-3,$0,$0,$0,$228,$228,$0,$0,$228,$152,$12,$0
13,2015-06-30,24.42,$5.92,4.13,0,0.0,$-4.24,0.0,$-1.92,0.0,$0.34B,$0.04B,7.94,$0.00B,$0.37B,0.0,$0.00B,0,nan%,$0.00B,$-0.10B,inf%,$0.00B,$-0.10B,inf%,$0.00B,$-0.10B,inf%,$0.00B,$-0.10B,inf%,$0.00B,$-0.10B,inf%,$-0.10B,$0.37B,-42.84%,$-0.10B,$0.37B,-42.84%,$-0.10B,$0.41B,-36.26%,$-0.10B,$0.37B,-42.30%,$0,$0,$0,$18,$10,$28,$-28,$-1,$-29,$0,$-29,$-29,$-29,$-27,$-28,$61,61,$-0.47,$-0.47,$335,$0,$0,$342,$8,$0,$0,$58,$66,$409,$43,$0,$0,$0,$43,$1,$-527,$0,$365,$409,$-56,$1,$8,$9,$0,$0,$-1,$-1,$-2,$-49,$-2,$0,$0,$0,$0,$0,$0,$-2,$0,$0,$0,$227,$227,$0,$0,$227,$176,$8,$0
14,2015-03-31,20.8,$3.30,6.31,0,0.0,$-4.20,0.0,$-2.04,0.0,$0.14B,$0.04B,3.41,$0.00B,$0.17B,0.0,$0.00B,0,nan%,$0.00B,$-0.10B,inf%,$0.00B,$-0.10B,inf%,$0.00B,$-0.10B,inf%,$0.00B,$-0.10B,inf%,$0.00B,$-0.09B,inf%,$-0.09B,$0.17B,-55.59%,$-0.09B,$0.17B,-55.59%,$-0.09B,$0.21B,-44.77%,$-0.10B,$0.17B,-53.48%,$0,$0,$0,$17,$10,$27,$-27,$-1,$-27,$0,$-27,$-27,$-27,$-26,$-27,$50,50,$-0.55,$-0.55,$135,$0,$0,$140,$7,$0,$0,$59,$66,$206,$41,$0,$0,$0,$41,$1,$-498,$0,$165,$206,$-27,$1,$5,$5,$0,$0,$-1,$-0,$-3,$-25,$-1,$0,$0,$0,$0,$0,$0,$-1,$0,$0,$0,$1,$1,$0,$0,$1,$-25,$5,$0
15,2014-12-31,15.47,$3.74,4.14,0,0.0,$-4.01,0.0,$-1.85,0.0,$0.17B,$0.02B,8.39,$0.03B,$0.19B,0.13,$0.00B,0,nan%,$0.00B,$-0.09B,inf%,$0.00B,$-0.09B,inf%,$0.00B,$-0.09B,inf%,$0.00B,$-0.09B,inf%,$0.00B,$-0.08B,inf%,$-0.08B,$0.19B,-50.24%,$-0.08B,$0.19B,-50.24%,$-0.08B,$0.23B,-40.36%,$-0.09B,$0.21B,-49.79%,$0,$0,$0,$15,$8,$23,$-23,$-1,$-24,$-6,$-18,$-18,$-18,$-23,$-23,$43,43,$-0.35,$-0.35,$159,$0,$0,$165,$8,$0,$0,$59,$66,$231,$20,$25,$0,$25,$45,$0,$-471,$0,$186,$231,$-79,$1,$11,$13,$0,$0,$3,$-3,$2,$-64,$-5,$0,$0,$0,$0,$0,$0,$-5,$5,$0,$5,$110,$110,$0,$-0,$115,$45,$11,$0
16,2014-09-30,13.05,$4.02,3.25,0,0.0,$-3.74,0.0,$-1.90,0.0,$0.17B,$0.02B,8.03,$0.02B,$0.20B,0.07,$0.00B,0,nan%,$0.00B,$-0.08B,inf%,$0.00B,$-0.08B,inf%,$0.00B,$-0.08B,inf%,$0.00B,$-0.08B,inf%,$0.00B,$-0.08B,inf%,$-0.08B,$0.20B,-52.56%,$-0.08B,$0.20B,-52.56%,$-0.08B,$0.24B,-42.31%,$-0.08B,$0.21B,-49.38%,$0,$0,$0,$15,$8,$23,$-23,$-1,$-24,$0,$-24,$-24,$-24,$-23,$-23,$44,44,$-0.54,$-0.54,$167,$0,$0,$171,$6,$0,$0,$59,$65,$235,$21,$15,$0,$15,$36,$0,$-453,$0,$199,$235,$-62,$1,$9,$10,$0,$0,$3,$-1,$0,$-51,$-4,$0,$0,$0,$0,$0,$0,$-4,$-0,$0,$-0,$109,$109,$0,$-0,$109,$53,$9,$0
17,2014-06-30,19.98,$2.84,7.03,0,0.0,$-3.38,0.0,$-1.82,0.0,$0.09B,$0.02B,3.97,$0.02B,$0.11B,0.15,$0.00B,0,nan%,$0.00B,$-0.07B,inf%,$0.00B,$-0.07B,inf%,$0.00B,$-0.07B,inf%,$0.00B,$-0.08B,inf%,$0.00B,$-0.07B,inf%,$-0.07B,$0.11B,-51.47%,$-0.07B,$0.11B,-51.47%,$-0.07B,$0.15B,-41.00%,$-0.07B,$0.13B,-49.01%,$0,$0,$0,$15,$8,$23,$-23,$-0,$-23,$0,$-23,$-23,$-23,$-23,$-23,$39,39,$-0.59,$-0.59,$83,$0,$0,$87,$5,$0,$0,$59,$63,$150,$22,$16,$0,$17,$39,$0,$-429,$0,$112,$150,$-38,$1,$5,$6,$0,$0,$4,$-2,$1,$-31,$-1,$0,$0,$0,$0,$0,$0,$-1,$-0,$0,$-0,$0,$0,$0,$-0,$0,$-31,$5,$0
18,2014-03-31,19.04,$3.35,5.68,$0.36,52.57,$-3.11,0.0,$-1.51,0.0,$0.11B,$0.02B,5.31,$0.02B,$0.13B,0.11,$0.01B,$0.01B,100.00%,$0.01B,$-0.06B,-491.67%,$0.01B,$-0.06B,-491.67%,$0.01B,$-0.06B,-483.33%,$0.01B,$-0.06B,-508.33%,$0.01B,$-0.06B,-466.67%,$-0.06B,$0.13B,-41.71%,$-0.06B,$0.13B,-41.71%,$-0.06B,$0.17B,-33.33%,$-0.06B,$0.15B,-39.60%,$0,$0,$0,$11,$7,$18,$-18,$-1,$-19,$-4,$-14,$-14,$-14,$-18,$-18,$39,39,$-0.36,$-0.36,$101,$0,$0,$106,$2,$0,$0,$58,$60,$167,$20,$15,$0,$15,$35,$0,$-406,$0,$132,$167,$-14,$0,$2,$3,$0,$0,$4,$-3,$-1,$-13,$-0,$0,$0,$0,$0,$0,$0,$-0,$-0,$0,$-0,$0,$0,$0,$0,$0,$-13,$2,$0
19,2013-12-31,17.0,$3.66,4.64,$0.36,46.94,$-3.14,0.0,$-1.58,0.0,$0.12B,$0.02B,7.06,$0.02B,$0.14B,0.11,$0.01B,$0.01B,100.00%,$0.01B,$-0.06B,-458.33%,$0.01B,$-0.06B,-458.33%,$0.01B,$-0.05B,-450.00%,$0.01B,$-0.06B,-475.00%,$0.01B,$-0.06B,-466.67%,$-0.06B,$0.14B,-43.66%,$-0.06B,$0.14B,-43.66%,$-0.06B,$0.18B,-34.57%,$-0.06B,$0.16B,-38.46%,$0,$0,$0,$10,$6,$16,$-16,$-1,$-16,$0,$-16,$-16,$-16,$-15,$-16,$35,35,$-0.43,$-0.43,$114,$0,$0,$116,$2,$0,$0,$59,$60,$176,$16,$16,$0,$17,$33,$0,$-392,$0,$143,$176,$-56,$1,$9,$10,$0,$0,$-1,$-2,$-0,$-47,$-1,$0,$0,$2,$0,$2,$0,$1,$-0,$0,$-0,$69,$69,$0,$-0,$68,$23,$9,$0
20,2013-09-30,15.61,$4.02,3.88,$0.36,43.1,$-2.96,0.0,$-1.66,0.0,$0.13B,$0.02B,6.55,$0.01B,$0.16B,0.08,$0.01B,$0.01B,100.00%,$0.01B,$-0.06B,-458.33%,$0.01B,$-0.06B,-458.33%,$0.01B,$-0.06B,-458.33%,$0.01B,$-0.06B,-466.67%,$0.01B,$-0.06B,-458.33%,$-0.06B,$0.16B,-44.81%,$-0.06B,$0.16B,-44.81%,$-0.06B,$0.19B,-35.14%,$-0.06B,$0.17B,-40.07%,$0,$0,$0,$12,$5,$17,$-17,$-0,$-17,$0,$-17,$-17,$-17,$-17,$-17,$37,37,$-0.46,$-0.46,$128,$0,$0,$130,$2,$0,$0,$58,$60,$190,$20,$13,$0,$13,$33,$0,$-375,$0,$157,$190,$-40,$1,$7,$7,$0,$0,$-2,$3,$-0,$-33,$-1,$0,$0,$2,$0,$2,$0,$1,$-0,$0,$-0,$68,$68,$0,$0,$68,$37,$6,$0
21,2013-06-30,11.96,$3.29,3.64,$0.36,33.02,$-2.96,0.0,$-1.58,0.0,$0.08B,$0.02B,4.34,$0.02B,$0.11B,0.14,$0.01B,$0.01B,100.00%,$0.01B,$-0.05B,-391.67%,$0.01B,$-0.05B,-391.67%,$0.01B,$-0.05B,-391.67%,$0.01B,$-0.05B,-400.00%,$0.01B,$-0.05B,-391.67%,$-0.05B,$0.11B,-39.92%,$-0.05B,$0.11B,-39.92%,$-0.05B,$0.14B,-31.97%,$-0.05B,$0.12B,-35.88%,$12,$0,$12,$12,$8,$20,$-8,$-1,$-9,$0,$-9,$-9,$-9,$-8,$-8,$32,32,$-0.28,$-0.28,$77,$0,$0,$79,$2,$0,$0,$58,$60,$139,$18,$15,$1,$15,$34,$0,$-358,$0,$105,$139,$-23,$1,$5,$6,$0,$0,$1,$-1,$1,$-16,$-0,$0,$0,$0,$0,$0,$0,$-0,$-0,$0,$-0,$1,$1,$0,$0,$1,$-16,$5,$0
22,2013-03-31,7.49,$3.41,2.2,0,0.0,$-2.95,0.0,$-1.69,0.0,$0.08B,$0.02B,4.1,$0.02B,$0.11B,0.14,$0.00B,0,nan%,$0.00B,$-0.05B,inf%,$0.00B,$-0.05B,inf%,$0.00B,$-0.05B,inf%,$0.00B,$-0.05B,inf%,$0.00B,$-0.05B,inf%,$-0.05B,$0.11B,-39.51%,$-0.05B,$0.11B,-39.51%,$-0.05B,$0.14B,-32.82%,$-0.05B,$0.12B,-36.77%,$0,$0,$0,$10,$4,$14,$-14,$-1,$-15,$-1,$-14,$-14,$-14,$-14,$-14,$32,32,$-0.43,$-0.43,$82,$0,$0,$83,$2,$0,$0,$58,$60,$143,$20,$15,$1,$15,$35,$0,$-349,$0,$108,$143,$-14,$0,$1,$1,$0,$0,$1,$1,$1,$-11,$-0,$0,$0,$0,$0,$0,$0,$-0,$-0,$0,$-0,$0,$0,$0,$0,$0,$-11,$1,$0
23,2012-12-31,6.69,$3.84,1.74,0,0.0,$-2.82,0.0,$-1.54,0.0,$0.09B,$0.02B,5.94,$0.02B,$0.12B,0.14,$0.00B,0,nan%,$0.00B,$-0.04B,inf%,$0.00B,$-0.04B,inf%,$0.00B,$-0.04B,inf%,$0.00B,$-0.04B,inf%,$0.00B,$-0.04B,inf%,$-0.04B,$0.12B,-32.41%,$-0.04B,$0.12B,-32.41%,$-0.04B,$0.15B,-28.52%,$-0.04B,$0.14B,-31.17%,$0,$0,$0,$12,$4,$16,$-16,$0,$-15,$0,$-15,$-15,$-15,$-16,$-16,$27,27,$-0.51,$-0.51,$93,$0,$0,$94,$2,$0,$0,$58,$60,$154,$16,$16,$1,$17,$33,$0,$-336,$0,$121,$154,$-41,$1,$2,$3,$1,$0,$5,$-0,$7,$-31,$-0,$0,$0,$62,$0,$62,$0,$62,$20,$0,$20,$26,$26,$0,$-0,$45,$76,$3,$0
24,2012-09-30,4.55,$4.38,1.04,$0.06,75.72,$-2.97,0.0,$-1.38,0.0,$0.09B,$0.01B,13.81,$0.01B,$0.14B,0.06,$0.00B,$0.00B,100.00%,$0.00B,$-0.04B,-3500.00%,$0.00B,$-0.04B,-3500.00%,$0.00B,$-0.04B,-3500.00%,$0.00B,$-0.03B,-3400.00%,$0.00B,$-0.03B,-3400.00%,$-0.03B,$0.14B,-26.20%,$-0.03B,$0.14B,-26.20%,$-0.03B,$0.15B,-24.24%,$-0.04B,$0.15B,-26.12%,$0,$0,$0,$6,$4,$9,$-9,$-0,$-9,$0,$-9,$-9,$-9,$-9,$-9,$25,25,$-0.38,$-0.38,$90,$0,$0,$90,$2,$0,$0,$60,$62,$152,$7,$9,$1,$9,$16,$0,$-320,$1,$137,$152,$-26,$0,$2,$2,$1,$0,$1,$-0,$2,$-22,$-0,$0,$0,$17,$0,$17,$0,$17,$10,$0,$10,$26,$26,$0,$0,$35,$30,$2,$0
25,2012-06-30,3.26,$4.81,0.68,$0.08,42.01,$-3.08,0.0,$-2.39,0.0,$0.07B,$0.01B,11.39,$0.01B,$0.12B,0.08,$0.00B,$0.00B,100.00%,$0.00B,$-0.06B,-6100.00%,$0.00B,$-0.06B,-6100.00%,$0.00B,$-0.06B,-6100.00%,$0.00B,$-0.06B,-6000.00%,$0.00B,$-0.06B,-6000.00%,$-0.06B,$0.12B,-45.80%,$-0.06B,$0.12B,-45.80%,$-0.06B,$0.14B,-43.24%,$-0.06B,$0.13B,-45.78%,$0,$0,$0,$8,$2,$10,$-10,$0,$-10,$0,$-10,$-10,$-10,$-10,$-10,$25,25,$-0.39,$-0.39,$73,$0,$0,$74,$2,$0,$0,$60,$62,$136,$6,$9,$1,$10,$16,$0,$-311,$1,$120,$136,$-17,$0,$1,$1,$1,$0,$1,$-0,$2,$-13,$-0,$0,$0,$17,$0,$17,$0,$17,$10,$0,$10,$0,$0,$0,$0,$10,$14,$1,$0
26,2012-03-31,3.63,$5.15,0.7,$0.12,31.03,$-3.21,0.0,$-2.40,0.0,$0.07B,$0.00B,17.16,$0.00B,$0.13B,0.0,$0.00B,$0.00B,100.00%,$0.00B,$-0.06B,-3050.00%,$0.00B,$-0.06B,-3050.00%,$0.00B,$-0.06B,-3050.00%,$0.00B,$-0.06B,-3000.00%,$0.00B,$-0.06B,-3000.00%,$-0.06B,$0.13B,-41.31%,$-0.06B,$0.13B,-41.81%,$-0.06B,$0.13B,-40.07%,$-0.06B,$0.13B,-42.00%,$0,$0,$0,$5,$3,$7,$-7,$0,$-7,$0,$-7,$-7,$-7,$-7,$-7,$25,25,$-0.28,$-0.28,$71,$0,$0,$71,$2,$0,$0,$60,$62,$133,$4,$0,$1,$1,$5,$0,$-301,$1,$128,$133,$-7,$0,$0,$1,$1,$0,$1,$-0,$1,$-6,$-0,$0,$0,$13,$0,$13,$0,$13,$-0,$0,$-0,$0,$0,$0,$0,$-0,$7,$0,$0
27,2011-12-31,3.05,$5.41,0.56,$0.20,15.09,$-3.25,0.0,$-2.97,0.0,$0.08B,$0.00B,17.29,$0.00B,$0.13B,0.0,$0.00B,$0.00B,100.00%,$0.00B,$-0.06B,-1525.00%,$0.00B,$-0.06B,-1525.00%,$0.00B,$-0.06B,-1525.00%,$0.00B,$-0.06B,-1500.00%,$0.00B,$-0.07B,-1725.00%,$-0.07B,$0.13B,-43.19%,$-0.07B,$0.13B,-44.09%,$-0.07B,$0.14B,-42.07%,$-0.06B,$0.13B,-38.18%,$1,$0,$1,$7,$3,$10,$-9,$1,$-8,$-0,$-8,$-8,$-8,$-9,$-9,$23,23,$-0.31,$-0.31,$76,$0,$0,$77,$2,$0,$0,$60,$62,$140,$4,$0,$1,$1,$6,$0,$-294,$0,$134,$140,$-60,$0,$28,$28,$-0,$0,$1,$0,$2,$-30,$-1,$0,$0,$35,$0,$35,$0,$34,$-0,$0,$-0,$0,$0,$0,$0,$-0,$4,$2,$0
28,2011-09-30,5.08,$5.73,0.89,$0.24,21.02,$-2.50,0.0,$-3.12,0.0,$0.08B,$0.00B,22.81,$0.00B,$0.14B,0.0,$0.00B,$0.00B,100.00%,$0.00B,$-0.06B,-1450.00%,$0.00B,$-0.06B,-1450.00%,$0.00B,$-0.06B,-1450.00%,$0.00B,$-0.06B,-1450.00%,$0.00B,$-0.07B,-1675.00%,$-0.07B,$0.14B,-38.40%,$-0.07B,$0.14B,-39.47%,$-0.07B,$0.15B,-37.64%,$-0.06B,$0.14B,-33.24%,$0,$0,$0,$7,$2,$35,$-35,$0,$-35,$0,$-35,$-35,$-35,$-35,$-35,$25,25,$-1.39,$-1.39,$83,$0,$0,$84,$1,$0,$0,$61,$62,$146,$4,$0,$0,$0,$4,$0,$-286,$1,$142,$146,$-52,$0,$27,$27,$0,$0,$0,$-0,$0,$-24,$-1,$0,$0,$24,$0,$24,$0,$24,$-0,$0,$-0,$0,$0,$0,$0,$-0,$-0,$1,$0
29,2011-06-30,11.99,$7.12,1.68,$0.36,33.04,$-1.42,0.0,$-1.73,0.0,$0.09B,$0.00B,26.52,$0.00B,$0.18B,0.0,$0.01B,$0.01B,100.00%,$0.01B,$-0.02B,-400.00%,$0.01B,$-0.02B,-400.00%,$0.01B,$-0.02B,-400.00%,$0.01B,$-0.02B,-383.33%,$0.01B,$-0.03B,-533.33%,$-0.03B,$0.18B,-18.80%,$-0.03B,$0.17B,-19.34%,$-0.03B,$0.18B,-18.47%,$-0.02B,$0.18B,-14.10%,$1,$0,$1,$9,$3,$11,$-10,$0,$-10,$0,$-10,$-10,$-10,$-10,$-10,$25,25,$-0.40,$-0.40,$92,$0,$0,$93,$1,$0,$6,$80,$88,$180,$3,$0,$0,$0,$4,$0,$-251,$1,$177,$180,$-17,$0,$1,$1,$0,$0,$0,$-1,$-0,$-16,$-0,$0,$0,$15,$0,$15,$0,$15,$-0,$0,$-0,$0,$0,$0,$0,$-0,$-1,$1,$0
30,2011-03-31,6.75,$7.48,0.9,$0.47,14.47,$-0.59,0.0,$-1.33,0.0,$0.10B,$0.00B,23.09,$0.00B,$0.19B,0.0,$0.01B,$0.01B,100.00%,$0.01B,$-0.02B,-214.29%,$0.01B,$-0.02B,-214.29%,$0.01B,$-0.02B,-214.29%,$0.01B,$-0.01B,-185.71%,$0.01B,$-0.02B,-314.29%,$-0.02B,$0.19B,-14.01%,$-0.02B,$0.18B,-14.29%,$-0.02B,$0.19B,-13.75%,$-0.02B,$0.19B,-9.55%,$2,$0,$2,$6,$3,$9,$-7,$1,$-7,$0,$-7,$-7,$-16,$-7,$-7,$19,19,$-0.85,$-0.85,$103,$0,$0,$103,$1,$0,$6,$80,$87,$190,$4,$0,$0,$0,$5,$0,$-241,$1,$186,$190,$-7,$0,$0,$0,$0,$0,$2,$-0,$2,$-5,$-0,$0,$0,$17,$0,$17,$0,$16,$-0,$0,$-0,$0,$0,$0,$0,$-0,$11,$0,$0
31,2010-12-31,6.31,$12.32,0.51,$0.53,11.92,$-0.30,0.0,$-0.48,0.0,$0.11B,$0.00B,32.58,$0.00B,$0.19B,0.0,$0.01B,$0.01B,100.00%,$0.01B,$-0.01B,-114.29%,$0.01B,$-0.01B,-114.29%,$0.01B,$-0.01B,-114.29%,$0.01B,$-0.01B,-85.71%,$0.01B,$-0.01B,-85.71%,$-0.01B,$0.19B,-4.24%,$-0.01B,$0.19B,-4.29%,$-0.01B,$0.20B,-4.16%,$-0.01B,$0.19B,-5.65%,$1,$0,$1,$2,$5,$8,$-6,$0,$-6,$-0,$-6,$-6,$-6,$-6,$-6,$13,13,$-0.44,$-0.44,$108,$0,$0,$109,$1,$0,$6,$80,$87,$196,$3,$0,$0,$0,$3,$2,$-235,$1,$193,$196,$-6,$0,$0,$0,$0,$0,$-3,$-1,$-2,$-8,$0,$0,$0,$13,$0,$13,$-7,$6,$-0,$-0,$-0,$0,$0,$0,$0,$-0,$-2,$0,$0
32,2010-09-30,7.2,$9.57,0.75,$0.63,11.52,$-0.58,0.0,$0.10,72.0,$0.13B,$0.00B,54.49,$0.00B,$0.13B,0.0,$0.01B,$0.01B,100.00%,$0.01B,$-0.00B,-25.00%,$0.01B,$-0.00B,-25.00%,$0.01B,$-0.00B,-25.00%,$0.01B,0,0.00%,$0.01B,$0.00B,25.00%,$0.00B,$0.13B,1.61%,$0.00B,$0.13B,1.61%,$0.00B,$0.13B,1.57%,$-0.00B,$0.13B,-1.61%,$2,$0,$2,$1,$2,$2,$-1,$0,$-0,$0,$-0,$-0,$-0,$-1,$-1,$13,13,$-0.03,$-0.03,$124,$0,$0,$125,$0,$0,$0,$2,$2,$127,$2,$0,$0,$0,$2,$1,$-229,$2,$125,$127,$-1,$0,$0,$0,$0,$0,$0,$-1,$2,$1,$0,$0,$0,$-4,$0,$-4,$0,$-4,$0,$-0,$-0,$0,$0,$0,$0,$-0,$-3,$0,$0
33,2010-06-30,6.73,$9.55,0.7,$0.68,9.93,$-1.59,0.0,$0.10,67.26,$0.13B,$0.00B,41.52,$0.00B,$0.12B,0.0,$0.01B,$0.01B,100.00%,$0.01B,$-0.00B,-25.00%,$0.01B,$-0.00B,-25.00%,$0.01B,$-0.00B,-25.00%,$0.01B,0,0.00%,$0.01B,$0.00B,25.00%,$0.00B,$0.12B,1.62%,$0.00B,$0.12B,1.62%,$0.00B,$0.13B,1.58%,$-0.00B,$0.12B,-1.62%,$2,$0,$2,$1,$2,$3,$-1,$1,$-0,$0,$-0,$-0,$-0,$-1,$-1,$13,13,$-0.03,$-0.03,$125,$0,$0,$125,$0,$0,$0,$2,$2,$127,$3,$0,$0,$0,$3,$1,$-228,$1,$124,$127,$-0,$0,$0,$0,$0,$0,$1,$-0,$2,$2,$0,$0,$0,$-3,$0,$-3,$0,$-3,$0,$-0,$-0,$0,$0,$0,$0,$-0,$-1,$0,$0
34,2010-03-31,11.7,$9.56,1.22,$0.78,15.09,$-2.60,0.0,0,0.0,$0.13B,$0.00B,50.67,$0.00B,$0.12B,0.0,$0.01B,$0.01B,100.00%,$0.01B,$-0.00B,-22.22%,$0.01B,$-0.00B,-22.22%,$0.01B,$-0.00B,-22.22%,$0.01B,$-0.00B,-22.22%,$0.01B,0,0.00%,$0.00B,$0.12B,0.00%,$0.00B,$0.12B,0.00%,$0.00B,$0.13B,0.00%,$-0.00B,$0.12B,-1.63%,$2,$0,$2,$1,$2,$2,$-0,$0,$0,$0,$0,$0,$0,$-0,$-0,$13,13,$0.01,$0.01,$123,$0,$0,$125,$0,$0,$0,$2,$2,$127,$2,$0,$0,$0,$2,$1,$-228,$1,$124,$127,$0,$0,$0,$0,$0,$0,$0,$0,$0,$0,$0,$0,$0,$7,$0,$7,$0,$7,$0,$-0,$-0,$0,$0,$0,$0,$-0,$7,$0,$0
35,2009-12-31,7.7,$9.52,0.81,$0.82,9.38,$-2.79,0.0,$9.60,0.8,$0.13B,$0.00B,44.81,$0.00B,$0.12B,0.0,$0.01B,$0.01B,100.00%,$0.01B,$-0.01B,-100.00%,$0.01B,$-0.01B,-100.00%,$0.01B,$-0.01B,-100.00%,$0.01B,$0.12B,1322.22%,$0.01B,$0.12B,1311.11%,$0.12B,$0.12B,97.93%,$0.12B,$0.12B,97.93%,$0.12B,$0.13B,93.10%,$-0.01B,$0.12B,-7.47%,$2,$0,$2,$1,$1,$2,$0,$-0,$-0,$-2,$2,$2,$2,$0,$0,$13,13,$-0.19,$-0.20,$122,$0,$0,$125,$0,$0,$0,$2,$2,$127,$3,$0,$0,$0,$3,$1,$-228,$0,$124,$127,$118,$1,$-125,$-124,$-0,$0,$-0,$-2,$-5,$-11,$0,$0,$0,$-109,$0,$-109,$127,$19,$0,$-1,$-1,$4,$4,$0,$0,$3,$11,$3,$0
36,2009-09-30,8.2,$9.30,0.88,$0.83,9.83,$-2.91,0.0,$9.20,0.89,$0.12B,$0.00B,34.19,$0.00B,$0.12B,0.0,$0.01B,$0.01B,100.00%,$0.01B,$-0.01B,-130.00%,$0.01B,$-0.01B,-130.00%,$0.01B,$-0.01B,-130.00%,$0.01B,$0.12B,1150.00%,$0.01B,$0.11B,1120.00%,$0.11B,$0.12B,126.20%,$0.11B,$0.12B,126.20%,$0.11B,$0.13B,116.36%,$-0.01B,$0.12B,-14.61%,$2,$0,$2,$1,$2,$3,$-1,$1,$-0,$0,$-0,$-0,$-0,$-1,$-1,$13,13,$0.00,$0.00,$122,$0,$0,$123,$0,$0,$0,$2,$2,$125,$4,$0,$0,$0,$4,$1,$-230,$0,$121,$125,$116,$1,$-126,$-125,$-0,$0,$-1,$-3,$-3,$-12,$0,$0,$0,$-95,$0,$-95,$128,$33,$0,$-1,$-1,$4,$4,$0,$0,$3,$24,$2,$0
37,2009-06-30,10.0,$9.32,1.07,$0.98,10.25,$-2.74,0.0,$9.00,1.11,$0.12B,$0.01B,26.69,$0.00B,$0.12B,0.0,$0.01B,$0.01B,100.00%,$0.01B,$-0.01B,-116.67%,$0.01B,$-0.01B,-116.67%,$0.01B,$-0.01B,-116.67%,$0.01B,$0.11B,941.67%,$0.01B,$0.11B,916.67%,$0.11B,$0.12B,187.23%,$0.11B,$0.12B,187.23%,$0.11B,$0.13B,164.18%,$-0.01B,$0.12B,-23.63%,$3,$0,$3,$1,$3,$4,$-1,$-0,$-2,$0,$-2,$-2,$-2,$-1,$-1,$13,13,$-0.10,$-0.10,$123,$0,$0,$123,$0,$0,$0,$2,$2,$125,$5,$0,$0,$0,$5,$1,$-230,$0,$121,$125,$116,$1,$-126,$-125,$-0,$0,$-1,$-2,$-2,$-11,$0,$0,$0,$-88,$0,$-88,$128,$40,$0,$-1,$-1,$4,$4,$0,$0,$3,$33,$2,$0
38,2009-03-31,10.0,$9.32,1.07,$0.96,10.44,$-2.39,0.0,$8.70,1.15,$0.13B,$0.01B,9.54,$0.00B,$0.12B,0.0,$0.01B,$0.01B,100.00%,$0.01B,$-0.02B,-141.67%,$0.01B,$-0.02B,-141.67%,$0.01B,$-0.02B,-141.67%,$0.01B,$0.11B,916.67%,$0.01B,$0.11B,891.67%,$0.11B,$0.12B,365.81%,$0.11B,$0.12B,365.81%,$0.11B,$0.13B,276.13%,$-0.02B,$0.12B,-56.67%,$2,$0,$2,$6,$3,$9,$-7,$128,$121,$3,$118,$118,$118,$-7,$-7,$12,12,$9.60,$9.60,$128,$0,$0,$128,$0,$0,$0,$2,$2,$130,$13,$0,$0,$0,$13,$1,$-229,$0,$116,$130,$118,$0,$-126,$-126,$0,$0,$1,$2,$6,$-2,$0,$0,$0,$0,$0,$0,$128,$128,$0,$-1,$-1,$0,$0,$0,$0,$-1,$125,$1,$0
39,2008-12-31,4.68,$-0.23,-20.28,$0.96,4.88,$-2.54,0.0,$-1.30,0.0,$0.00B,$0.01B,0.53,$0.00B,$-0.00B,-0.2,$0.01B,$0.01B,100.00%,$0.01B,$-0.01B,-116.67%,$0.01B,$-0.01B,-116.67%,$0.01B,$-0.01B,-116.67%,$0.01B,$-0.02B,-133.33%,$0.01B,$-0.02B,-133.33%,$-0.02B,$-0.00B,-800.00%,$-0.02B,$-0.00B,-800.00%,$-0.02B,$0.01B,-160.00%,$-0.01B,$-0.00B,-430.77%,$3,$0,$3,$5,$1,$6,$-4,$-0,$-4,$0,$-4,$-4,$-4,$-4,$-4,$12,12,$-0.28,$-0.28,$2,$0,$0,$3,$0,$0,$0,$2,$2,$5,$5,$1,$-0,$3,$8,$1,$-346,$0,$-3,$5,$-16,$1,$1,$3,$0,$0,$0,$1,$1,$-12,$0,$0,$0,$13,$0,$13,$0,$13,$0,$-2,$-2,$0,$0,$0,$0,$-2,$-1,$1,$0
40,2008-09-30,5.1,$0.06,84.98,$0.95,5.39,$-3.76,0.0,$-1.30,0.0,$0.01B,$0.00B,1.36,$0.00B,$0.00B,1.51,$0.01B,$0.01B,100.00%,$0.01B,$-0.01B,-118.18%,$0.01B,$-0.01B,-118.18%,$0.01B,$-0.01B,-118.18%,$0.01B,$-0.02B,-136.36%,$0.01B,$-0.02B,-136.36%,$-0.02B,$0.00B,-272.73%,$-0.02B,$0.00B,-272.73%,$-0.02B,$0.01B,-109.09%,$-0.01B,$0.00B,-179.31%,$4,$0,$4,$5,$1,$6,$-2,$-0,$-2,$0,$-2,$-2,$-2,$-2,$-2,$12,12,$-0.20,$-0.20,$6,$0,$0,$6,$0,$0,$0,$2,$2,$8,$4,$1,$-0,$3,$7,$1,$-342,$0,$1,$8,$-12,$1,$1,$2,$0,$0,$0,$0,$1,$-9,$0,$0,$0,$9,$0,$9,$0,$9,$0,$-2,$-2,$0,$0,$0,$0,$-2,$-1,$1,$0
41,2008-06-30,3.95,$0.22,17.93,$0.73,5.43,$-4.82,0.0,$-1.40,0.0,$0.01B,$0.01B,1.7,$0.00B,$0.00B,0.62,$0.01B,$0.01B,100.00%,$0.01B,$-0.02B,-187.50%,$0.01B,$-0.02B,-187.50%,$0.01B,$-0.02B,-187.50%,$0.01B,$-0.02B,-212.50%,$0.01B,$-0.02B,-212.50%,$-0.02B,$0.00B,-194.29%,$-0.02B,$0.00B,-194.29%,$-0.02B,$0.01B,-97.14%,$-0.02B,$0.00B,-133.33%,$3,$0,$3,$6,$1,$7,$-4,$-0,$-5,$0,$-5,$-5,$-5,$-4,$-4,$12,12,$-0.40,$-0.40,$9,$0,$0,$10,$0,$0,$0,$2,$2,$12,$6,$2,$-0,$4,$9,$1,$-340,$0,$3,$12,$-10,$1,$1,$1,$0,$0,$0,$1,$2,$-6,$0,$0,$0,$5,$0,$5,$0,$5,$0,$-1,$-1,$0,$0,$0,$0,$-1,$-2,$0,$0
42,2008-03-31,6.8,$0.57,11.86,$0.70,9.66,$-5.98,0.0,$-1.20,0.0,$0.01B,$0.00B,3.22,$0.00B,$0.01B,0.32,$0.01B,$0.01B,100.00%,$0.01B,$-0.01B,-200.00%,$0.01B,$-0.01B,-200.00%,$0.01B,$-0.01B,-185.71%,$0.01B,$-0.02B,-214.29%,$0.01B,$-0.02B,-214.29%,$-0.02B,$0.01B,-120.00%,$-0.02B,$0.01B,-120.00%,$-0.02B,$0.02B,-71.43%,$-0.01B,$0.01B,-88.89%,$2,$0,$2,$5,$1,$7,$-4,$-0,$-5,$0,$-5,$-5,$-5,$-4,$-4,$12,12,$-0.40,$-0.40,$12,$0,$0,$12,$0,$0,$0,$2,$2,$15,$4,$2,$-0,$4,$8,$1,$-336,$0,$7,$15,$-5,$0,$1,$1,$-0,$0,$-0,$0,$0,$-4,$0,$0,$0,$6,$0,$6,$0,$6,$0,$-1,$-1,$0,$0,$0,$0,$-1,$1,$0,$0
43,2007-12-31,8.25,$0.94,8.75,$0.68,12.22,$-6.83,0.0,$-1.80,0.0,$0.02B,$0.00B,4.61,$0.00B,$0.01B,0.24,$0.01B,$0.01B,85.71%,$0.01B,$-0.02B,-285.71%,$0.01B,$-0.02B,-285.71%,$0.01B,$-0.02B,-271.43%,$0.01B,$-0.02B,-285.71%,$0.01B,$-0.02B,-285.71%,$-0.02B,$0.01B,-170.21%,$-0.02B,$0.01B,-170.21%,$-0.02B,$0.02B,-94.12%,$-0.02B,$0.01B,-126.98%,$2,$0,$2,$5,$1,$6,$-3,$0,$-3,$0,$-3,$-3,$-3,$-3,$-3,$11,11,$-0.20,$-0.20,$16,$0,$0,$17,$0,$0,$0,$2,$3,$20,$4,$3,$-1,$4,$8,$1,$-331,$-0,$11,$20,$-20,$0,$1,$1,$-0,$1,$-6,$0,$-6,$-25,$0,$0,$0,$9,$0,$9,$0,$9,$0,$0,$0,$17,$17,$0,$1,$18,$1,$1,$0
44,2007-09-30,6.9,$1.19,5.82,$0.53,12.9,$-9.58,0.0,$-3.60,0.0,$0.02B,$0.00B,5.14,$0.00B,$0.01B,0.24,$0.01B,$0.00B,66.67%,$0.01B,$-0.04B,-633.33%,$0.01B,$-0.04B,-633.33%,$0.01B,$-0.04B,-616.67%,$0.01B,$-0.04B,-633.33%,$0.01B,$-0.04B,-633.33%,$-0.04B,$0.01B,-304.00%,$-0.04B,$0.01B,-304.00%,$-0.04B,$0.02B,-163.44%,$-0.04B,$0.02B,-223.53%,$1,$0,$1,$5,$1,$6,$-4,$0,$-4,$0,$-4,$-4,$-4,$-4,$-4,$12,12,$-0.30,$-0.30,$19,$0,$0,$20,$0,$0,$0,$2,$3,$23,$4,$3,$-1,$4,$8,$1,$-327,$-0,$14,$23,$-17,$0,$0,$1,$0,$1,$-6,$0,$-6,$-22,$0,$0,$0,$4,$0,$4,$0,$4,$0,$0,$0,$17,$17,$0,$0,$17,$-1,$0,$0
45,2007-06-30,8.1,$1.50,5.39,$0.44,18.29,$-11.35,0.0,$-4.50,0.0,$0.02B,$0.00B,7.29,$0.00B,$0.02B,0.22,$0.01B,$0.00B,60.00%,$0.01B,$-0.05B,-940.00%,$0.01B,$-0.05B,-940.00%,$0.01B,$-0.05B,-920.00%,$0.01B,$-0.05B,-920.00%,$0.01B,$-0.05B,-920.00%,$-0.05B,$0.02B,-262.86%,$-0.05B,$0.02B,-262.86%,$-0.05B,$0.03B,-160.00%,$-0.05B,$0.02B,-208.89%,$2,$0,$2,$4,$1,$5,$-3,$0,$-3,$0,$-3,$-3,$-3,$-2,$-3,$11,11,$-0.20,$-0.20,$23,$0,$0,$23,$0,$0,$0,$2,$3,$26,$3,$4,$-1,$4,$8,$1,$-324,$-0,$18,$26,$-13,$0,$0,$0,$0,$1,$-7,$0,$-6,$-19,$0,$0,$0,$12,$0,$12,$0,$12,$0,$0,$0,$17,$17,$0,$0,$17,$10,$0,$0
46,2007-03-31,9.4,$0.36,25.8,$0.26,35.68,$-11.96,0.0,$-5.20,0.0,$0.01B,$0.01B,1.81,$0.01B,$0.00B,1.39,$0.00B,$0.00B,33.33%,$0.00B,$-0.05B,-1766.67%,$0.00B,$-0.05B,-1766.67%,$0.00B,$-0.05B,-1766.67%,$0.00B,$-0.05B,-1733.33%,$0.00B,$-0.05B,-1733.33%,$-0.05B,$0.00B,-212.24%,$-0.05B,$0.00B,-212.24%,$-0.05B,$0.02B,-142.47%,$-0.05B,$0.01B,-176.67%,$2,$1,$1,$6,$5,$12,$-10,$0,$-10,$0,$-10,$-10,$-10,$-10,$-10,$10,10,$-1.00,$-1.00,$13,$0,$0,$13,$0,$1,$0,$2,$3,$16,$7,$5,$-2,$5,$12,$1,$-321,$0,$4,$16,$-10,$0,$0,$0,$0,$1,$-3,$1,$-2,$-12,$0,$0,$0,$12,$0,$12,$0,$12,$0,$0,$0,$0,$0,$0,$0,$0,$-0,$0,$0
47,2006-12-31,8.8,$1.37,6.42,$0.11,82.71,$-12.25,0.0,$-5.90,0.0,$0.03B,$0.01B,2.63,$0.01B,$0.01B,0.37,$0.00B,0,0.00%,$0.00B,$-0.05B,-5400.00%,$0.00B,$-0.05B,-5400.00%,$0.00B,$-0.05B,-5100.00%,$0.00B,$-0.06B,-5500.00%,$0.00B,$-0.06B,-5500.00%,$-0.06B,$0.01B,-147.65%,$-0.06B,$0.01B,-147.65%,$-0.06B,$0.03B,-113.99%,$-0.05B,$0.02B,-125.58%,$1,$1,$-0,$4,$10,$22,$-21,$-0,$-21,$0,$-21,$-21,$-21,$-21,$-21,$10,10,$-2.10,$-2.10,$25,$1,$0,$25,$0,$0,$0,$3,$3,$28,$10,$5,$-2,$5,$14,$1,$-311,$0,$14,$28,$-56,$3,$6,$9,$-0,$-1,$6,$0,$5,$-42,$-5,$0,$0,$-12,$0,$-12,$0,$-17,$0,$0,$0,$52,$52,$0,$0,$53,$-7,$1,$0
