,Date,Stock Price,Book Value per Share,Price to Book Ratio,TTM Sales per Share,Price to Sales Ratio,TTM FCF per Share,Price to FCF Ratio,TTM Net EPS,PE Ratio,Current Assets,Current Liabilities,Current Ratio,Long Term Debt,Shareholder's Equity_x,Debt to Equity Ratio,TTM Revenue_x,TTM Gross Profit,Gross Margin,TTM Revenue_y,TTM Operating Income,Operating Margin,TTM Revenue_x,TTM EBIT,EBIT Margin,TTM Revenue_y,TTM EBITDA,EBITDA Margin,TTM Revenue_x,TTM Pre-Tax Income,Pre-Tax Margin,TTM Revenue_y,TTM Net Income_x,Net Margin,TTM Net Income_y,Shareholder's Equity_y,Return on Equity,TTM Net Income_x,Tangible Equity,Return on Tangible Equity,TTM Net Income_y,Total Assets,Return on Assets,TTM Net Income,LT Investments & Debt,Return on Investment,revenue,cost-goods-sold,gross-profit,research-development-expenses,selling-general-administrative-expenses,operating-expenses,operating-income,total-non-operating-income-expense,pre-tax-income,total-provision-income-taxes,income-after-taxes,income-from-continuous-operations,net-income,ebitda,ebit,basic-shares-outstanding,shares-outstanding,eps-basic-net-earnings-per-share,eps-earnings-per-share-diluted,cash-on-hand,inventory,other-current-assets,total-current-assets,net-property-plant-equipment,long-term-investments,goodwill-intangible-assets-total,other-long-term-assets,total-long-term-assets,total-assets,total-current-liabilities,long-term-debt,other-non-current-liabilities,total-long-term-liabilities,total-liabilities,common-stock-net,retained-earnings-accumulated-deficit,comprehensive-income,total-share-holder-equity,total-liabilities-share-holders-equity,net-income-loss,total-depreciation-amortization-cash-flow,other-non-cash-items,total-non-cash-items,change-in-accounts-receivable,change-in-inventories,change-in-accounts-payable,change-in-assets-liabilities,total-change-in-assets-liabilities,cash-flow-from-operating-activities,net-change-in-property-plant-equipment,net-change-in-intangible-assets,net-acquisitions-divestitures,net-change-in-short-term-investments,net-change-in-long-term-investments,net-change-in-investments-total,investing-activities-other,cash-flow-from-investing-activities,net-long-term-debt,net-current-debt,debt-issuance-retirement-net-total,net-common-equity-issued-repurchased,net-total-equity-issued-repurchased,total-common-preferred-stock-dividends-paid,financial-activities-other,cash-flow-from-financial-activities,net-cash-flow,stock-based-compensation,common-stock-dividends-paid
0,2018-09-30,35.4,$3.59,9.85,$5.97,5.93,$-2.66,0.0,$-1.45,0.0,$0.24B,$0.16B,1.47,$0.00B,$0.13B,0.0,$0.20B,$0.14B,69.90%,$0.20B,$-0.05B,-27.04%,$0.20B,$-0.05B,-27.04%,$0.20B,$-0.04B,-21.94%,$0.20B,$-0.05B,-26.53%,$0.20B,$-0.05B,-26.53%,$-0.05B,$0.13B,-50.12%,$-0.05B,$0.11B,-62.09%,$-0.05B,$0.30B,-20.90%,$-0.05B,$0.13B,-51.08%,$55,$16,$39,$16,$35,$67,$-12,$1,$-11,$0,$-11,$-11,$-11,$-9,$-12,$35,35,$-0.33,$-0.33,$171,$0,$2,$240,$27,$0,$19,$5,$62,$302,$163,$0,$0,$13,$176,$0,$-260,$-0,$126,$302,$-36,$9,$14,$23,$-14,$0,$0,$37,$34,$20,$-9,$0,$0,$0,$-54,$-54,$0,$-63,$0,$0,$0,$118,$118,$0,$-0,$118,$75,$16,$0
1,2018-06-30,42.55,$3.74,11.37,$5.85,7.28,$-3.23,0.0,$-1.54,0.0,$0.23B,$0.15B,1.54,$0.00B,$0.13B,0.0,$0.18B,$0.13B,70.11%,$0.18B,$-0.05B,-28.80%,$0.18B,$-0.05B,-28.80%,$0.18B,$-0.04B,-23.91%,$0.18B,$-0.05B,-28.26%,$0.18B,$-0.05B,-28.26%,$-0.05B,$0.13B,-74.82%,$-0.05B,$0.11B,-96.74%,$-0.05B,$0.29B,-25.12%,$-0.05B,$0.13B,-76.26%,$50,$15,$35,$15,$33,$62,$-12,$-0,$-12,$0,$-13,$-13,$-13,$-10,$-12,$34,34,$-0.36,$-0.36,$117,$0,$2,$231,$28,$0,$20,$4,$63,$293,$150,$0,$0,$13,$163,$0,$-248,$-0,$130,$293,$-24,$6,$8,$14,$-60,$0,$0,$33,$-24,$-34,$-7,$0,$0,$0,$-43,$-43,$0,$-50,$0,$0,$0,$117,$117,$0,$-0,$117,$32,$10,$0
2,2018-03-31,42.15,$3.86,10.91,$5.72,7.37,$-3.62,0.0,$-1.63,0.0,$0.18B,$0.10B,1.85,$0.00B,$0.13B,0.0,$0.17B,$0.12B,69.94%,$0.17B,$-0.05B,-29.48%,$0.17B,$-0.05B,-29.48%,$0.17B,$-0.04B,-24.86%,$0.17B,$-0.05B,-28.90%,$0.17B,$-0.05B,-28.32%,$-0.05B,$0.13B,-136.11%,$-0.05B,$0.11B,-197.98%,$-0.05B,$0.24B,-29.47%,$-0.05B,$0.13B,-141.67%,$48,$14,$34,$15,$31,$60,$-12,$0,$-12,$0,$-12,$-12,$-12,$-9,$-12,$32,32,$-0.37,$-0.37,$137,$0,$2,$180,$27,$0,$21,$4,$62,$243,$98,$0,$1,$13,$110,$0,$-236,$0,$132,$243,$-12,$3,$5,$7,$9,$0,$0,$-19,$-8,$-12,$-5,$0,$0,$0,$6,$6,$0,$1,$0,$0,$0,$113,$113,$0,$0,$113,$101,$5,$0
3,2017-12-31,33.1,$0.87,37.91,$5.44,6.09,$-4.16,0.0,$-1.70,0.0,$0.10B,$0.12B,0.82,$0.00B,$0.03B,0.0,$0.16B,$0.11B,70.44%,$0.16B,$-0.05B,-32.08%,$0.16B,$-0.05B,-32.08%,$0.16B,$-0.04B,-27.67%,$0.16B,$-0.05B,-31.45%,$0.16B,$-0.05B,-30.82%,$-0.05B,$0.03B,-1400.00%,$-0.05B,$0.01B,1507.69%,$-0.05B,$0.16B,-38.74%,$-0.05B,$0.03B,-1457.14%,$43,$13,$29,$13,$33,$60,$-17,$0,$-17,$-1,$-16,$-16,$-16,$-15,$-17,$29,29,$-0.55,$-0.55,$41,$0,$2,$97,$24,$0,$21,$3,$60,$157,$117,$0,$1,$12,$130,$0,$-224,$-0,$27,$157,$-50,$7,$16,$23,$-13,$0,$0,$18,$6,$-21,$-16,$-0,$0,$0,$18,$18,$0,$2,$-0,$0,$-0,$10,$10,$0,$0,$10,$-9,$16,$0
4,2017-09-30,33.15,$-0.37,-90.8,$5.12,6.47,$-3.93,0.0,$-1.77,0.0,$0.11B,$0.13B,0.82,$0.00B,$-0.01B,0.0,$0.15B,$0.11B,70.95%,$0.15B,$-0.05B,-31.76%,$0.15B,$-0.05B,-31.76%,$0.15B,$-0.04B,-27.70%,$0.15B,$-0.05B,-31.08%,$0.15B,$-0.05B,-31.08%,$-0.05B,$-0.01B,6133.33%,$-0.05B,$-0.01B,1672.73%,$-0.05B,$0.14B,-40.00%,$-0.05B,$-0.01B,6266.67%,$43,$13,$31,$13,$30,$55,$-12,$0,$-11,$0,$-11,$-11,$-11,$-10,$-12,$30,30,$-0.39,$-0.39,$67,$0,$1,$110,$21,$0,$2,$3,$25,$135,$134,$0,$0,$12,$146,$0,$-235,$-0,$-11,$135,$-33,$5,$12,$16,$-17,$0,$0,$30,$21,$4,$-11,$-0,$0,$0,$16,$16,$0,$5,$0,$0,$0,$6,$6,$0,$-0,$6,$14,$12,$0
5,2017-06-30,29.5,$-0.14,-210.56,$4.73,6.23,$-4.12,0.0,$-1.79,0.0,$0.11B,$0.12B,0.88,$0.00B,$-0.00B,0.0,$0.14B,$0.10B,71.11%,$0.14B,$-0.05B,-34.81%,$0.14B,$-0.05B,-34.81%,$0.14B,$-0.04B,-31.11%,$0.14B,$-0.05B,-34.81%,$0.14B,$-0.05B,-34.81%,$-0.05B,$-0.00B,-752.00%,$-0.05B,$-0.01B,-1044.44%,$-0.05B,$0.13B,-41.50%,$-0.05B,$-0.00B,-752.00%,$39,$11,$27,$11,$27,$49,$-10,$0,$-10,$0,$-10,$-10,$-10,$-9,$-10,$29,29,$-0.35,$-0.35,$26,$0,$1,$107,$19,$0,$2,$2,$23,$130,$122,$0,$0,$12,$134,$0,$-222,$0,$-4,$130,$-22,$3,$7,$10,$-54,$0,$0,$24,$-28,$-40,$-7,$-0,$0,$0,$24,$24,$0,$17,$0,$0,$0,$4,$4,$0,$-0,$4,$-19,$7,$0
6,2017-03-31,23.4,$0.06,419.35,$4.34,5.39,$-3.67,0.0,$-1.87,0.0,$0.06B,$0.07B,0.89,$0.00B,$0.00B,0.0,$0.12B,$0.09B,71.31%,$0.12B,$-0.05B,-42.62%,$0.12B,$-0.05B,-42.62%,$0.12B,$-0.05B,-37.70%,$0.12B,$-0.05B,-42.62%,$0.12B,$-0.05B,-42.62%,$-0.05B,$0.00B,-378.18%,$-0.05B,$0.00B,-433.33%,$-0.05B,$0.08B,-46.33%,$-0.05B,$0.00B,-378.18%,$34,$10,$25,$11,$25,$46,$-12,$0,$-12,$0,$-12,$-12,$-12,$-10,$-12,$29,29,$-0.40,$-0.40,$38,$0,$1,$63,$17,$0,$2,$2,$21,$84,$71,$0,$0,$12,$82,$0,$-209,$-0,$2,$84,$-12,$1,$3,$5,$5,$0,$0,$-25,$-21,$-28,$-3,$-0,$0,$0,$14,$14,$0,$10,$0,$0,$0,$1,$1,$0,$0,$1,$-16,$3,$0
7,2016-12-31,19.55,$0.35,56.02,$4.00,4.89,$-3.37,0.0,$-1.93,0.0,$0.09B,$0.09B,1.03,$0.00B,$0.01B,0.0,$0.11B,$0.08B,70.27%,$0.11B,$-0.05B,-48.65%,$0.11B,$-0.05B,-48.65%,$0.11B,$-0.05B,-44.14%,$0.11B,$-0.05B,-48.65%,$0.11B,$-0.05B,-48.65%,$-0.05B,$0.01B,-248.28%,$-0.05B,$0.01B,-266.67%,$-0.05B,$0.11B,-46.55%,$-0.05B,$0.01B,-248.28%,$32,$9,$22,$10,$25,$44,$-13,$-0,$-13,$0,$-13,$-13,$-13,$-12,$-13,$28,28,$-0.45,$-0.45,$68,$0,$1,$93,$15,$0,$2,$2,$18,$111,$90,$0,$0,$12,$101,$0,$-196,$-0,$10,$111,$-54,$4,$11,$15,$-9,$0,$0,$22,$17,$-22,$-7,$-1,$0,$0,$-24,$-24,$0,$-31,$0,$0,$0,$7,$7,$0,$0,$7,$-46,$11,$0
8,2016-09-30,25.37,$0.62,41.17,$4.20,6.04,$-3.93,0.0,$-2.21,0.0,$0.11B,$0.10B,1.12,$0.00B,$0.02B,0.0,$0.10B,$0.07B,70.30%,$0.10B,$-0.05B,-52.48%,$0.10B,$-0.05B,-52.48%,$0.10B,$-0.05B,-47.52%,$0.10B,$-0.05B,-52.48%,$0.10B,$-0.05B,-52.48%,$-0.05B,$0.02B,-172.36%,$-0.05B,$0.02B,-181.20%,$-0.05B,$0.13B,-44.73%,$-0.05B,$0.02B,-172.36%,$30,$9,$22,$9,$24,$42,$-12,$-0,$-12,$0,$-12,$-12,$-12,$-11,$-12,$28,28,$-0.44,$-0.44,$83,$0,$0,$111,$14,$0,$1,$2,$17,$128,$99,$0,$0,$12,$111,$0,$-184,$-0,$17,$128,$-41,$3,$8,$11,$-14,$0,$0,$33,$23,$-7,$-5,$-0,$0,$0,$-24,$-24,$0,$-29,$0,$0,$0,$4,$4,$0,$0,$4,$-31,$8,$0
