,Date,Stock Price,Book Value per Share,Price to Book Ratio,TTM Sales per Share,Price to Sales Ratio,TTM FCF per Share,Price to FCF Ratio,TTM Net EPS,PE Ratio,Current Assets,Current Liabilities,Current Ratio,Long Term Debt,Shareholder's Equity_x,Debt to Equity Ratio,TTM Revenue_x,TTM Gross Profit,Gross Margin,TTM Revenue_y,TTM Operating Income,Operating Margin,TTM Revenue_x,TTM EBIT,EBIT Margin,TTM Revenue_y,TTM EBITDA,EBITDA Margin,TTM Revenue_x,TTM Pre-Tax Income,Pre-Tax Margin,TTM Revenue_y,TTM Net Income_x,Net Margin,TTM Net Income_y,Shareholder's Equity_y,Return on Equity,TTM Net Income_x,Tangible Equity,Return on Tangible Equity,TTM Net Income_y,Total Assets,Return on Assets,TTM Net Income,LT Investments & Debt,Return on Investment,revenue,cost-goods-sold,gross-profit,research-development-expenses,selling-general-administrative-expenses,operating-expenses,operating-income,total-non-operating-income-expense,pre-tax-income,total-provision-income-taxes,income-after-taxes,income-from-continuous-operations,net-income,ebitda,ebit,basic-shares-outstanding,shares-outstanding,eps-basic-net-earnings-per-share,eps-earnings-per-share-diluted,cash-on-hand,inventory,other-current-assets,total-current-assets,net-property-plant-equipment,long-term-investments,goodwill-intangible-assets-total,other-long-term-assets,total-long-term-assets,total-assets,total-current-liabilities,long-term-debt,other-non-current-liabilities,total-long-term-liabilities,total-liabilities,common-stock-net,retained-earnings-accumulated-deficit,comprehensive-income,total-share-holder-equity,total-liabilities-share-holders-equity,net-income-loss,total-depreciation-amortization-cash-flow,other-non-cash-items,total-non-cash-items,change-in-accounts-receivable,change-in-inventories,change-in-accounts-payable,change-in-assets-liabilities,total-change-in-assets-liabilities,cash-flow-from-operating-activities,net-change-in-property-plant-equipment,net-change-in-intangible-assets,net-acquisitions-divestitures,net-change-in-short-term-investments,net-change-in-long-term-investments,net-change-in-investments-total,investing-activities-other,cash-flow-from-investing-activities,net-long-term-debt,net-current-debt,debt-issuance-retirement-net-total,net-common-equity-issued-repurchased,net-total-equity-issued-repurchased,total-common-preferred-stock-dividends-paid,financial-activities-other,cash-flow-from-financial-activities,net-cash-flow,stock-based-compensation,common-stock-dividends-paid
0,2018-09-30,47.29,$15.66,3.02,$14.58,3.24,$6.58,7.19,$3.21,14.73,$29.59B,$19.57B,1.51,$24.82B,$71.48B,0.35,$69.24B,$43.26B,62.47%,$69.24B,$22.41B,32.37%,$69.24B,$22.41B,32.37%,$69.24B,$31.15B,44.98%,$69.24B,$23.72B,34.25%,$69.24B,$15.17B,21.91%,$15.17B,$71.48B,21.62%,$15.17B,$34.97B,45.31%,$15.17B,$128.24B,11.99%,$22.41B,$96.31B,23.59%,$19163,$6803,$12360,$3428,$1605,$11814,$7349,$-207,$7142,$744,$6398,$6398,$6398,$9623,$7349,$4574,4648,$1.40,$1.38,$13186,$7401,$3546,$29590,$47071,$11113,$36513,$3955,$98652,$128242,$19574,$24823,$5998,$37185,$56759,$25492,$47094,$-1103,$71483,$128242,$15858,$6592,$606,$7198,$-449,$-362,$430,$1733,$-524,$22532,$-11291,$0,$365,$3621,$-1976,$1645,$-138,$-9419,$-1505,$1707,$202,$-7919,$-7919,$-4173,$-1249,$-13139,$-26,$1203,$-4173
1,2018-06-30,49.41,$15.19,3.25,$13.80,3.58,$5.64,8.75,$2.77,17.84,$27.60B,$17.57B,1.57,$24.63B,$70.05B,0.35,$66.23B,$40.96B,61.85%,$66.23B,$20.21B,30.51%,$66.23B,$20.21B,30.51%,$66.23B,$28.72B,43.36%,$66.23B,$22.51B,33.98%,$66.23B,$13.29B,20.06%,$13.29B,$70.05B,18.97%,$13.29B,$33.60B,40.14%,$13.29B,$125.97B,10.53%,$20.21B,$94.68B,21.15%,$16962,$6543,$10419,$3371,$1725,$11689,$5273,$256,$5529,$523,$5006,$5006,$5006,$7395,$5273,$4649,4747,$1.08,$1.05,$12225,$7344,$3398,$27603,$45914,$12316,$36449,$3690,$98369,$125972,$17571,$24632,$6438,$38354,$55925,$25470,$45666,$-1089,$70047,$125972,$9460,$4318,$15,$4333,$369,$-303,$274,$1674,$-96,$13697,$-7440,$0,$548,$1190,$-237,$953,$-45,$-5984,$-1169,$1991,$822,$-5487,$-5487,$-2800,$-1067,$-8532,$-819,$820,$-2800
2,2018-03-31,51.47,$15.06,3.42,$13.28,3.88,$5.13,10.04,$2.30,22.38,$31.63B,$19.96B,1.59,$24.77B,$70.17B,0.35,$64.03B,$39.64B,61.91%,$64.03B,$18.77B,29.32%,$64.03B,$18.77B,29.32%,$64.03B,$27.15B,42.41%,$64.03B,$21.55B,33.65%,$64.03B,$11.09B,17.32%,$11.09B,$70.17B,15.92%,$11.09B,$33.46B,30.70%,$11.09B,$128.60B,8.85%,$18.77B,$94.94B,19.56%,$16066,$6335,$9731,$3311,$1900,$11596,$4470,$541,$5011,$557,$4454,$4454,$4454,$6666,$4470,$4674,4790,$0.95,$0.93,$16197,$7146,$3408,$31630,$43735,$12916,$36701,$3614,$96966,$128596,$19961,$24770,$6362,$38470,$58431,$26430,$44418,$-683,$70165,$128596,$4454,$2196,$-209,$1987,$102,$-96,$73,$777,$-157,$6284,$-2910,$0,$0,$-4505,$-859,$-5364,$3483,$-4791,$-327,$2142,$1815,$-1625,$-1625,$-1400,$-162,$-1372,$121,$433,$-1400
3,2017-12-31,45.32,$14.73,3.08,$12.96,3.5,$4.82,9.4,$1.98,22.89,$29.50B,$17.42B,1.69,$25.04B,$69.02B,0.36,$62.76B,$39.07B,62.25%,$62.76B,$17.94B,28.58%,$62.76B,$17.94B,28.58%,$62.76B,$26.07B,41.53%,$62.76B,$20.35B,32.43%,$62.76B,$9.60B,15.30%,$9.60B,$69.02B,13.94%,$9.60B,$31.89B,24.84%,$9.60B,$123.25B,7.87%,$17.94B,$94.06B,19.06%,$17053,$6304,$10749,$3316,$1864,$11732,$5321,$714,$6035,$6722,$-687,$-687,$-687,$7461,$5321,$4701,4835,$-0.15,$-0.14,$14002,$6983,$2908,$29500,$41109,$12291,$37134,$3215,$93749,$123249,$17421,$25037,$4657,$36809,$54230,$26074,$42083,$862,$69019,$123249,$9601,$8129,$796,$8925,$-781,$-1300,$191,$317,$3584,$22110,$-11778,$0,$-11375,$3962,$2613,$6575,$816,$-15762,$-364,$0,$-364,$-2845,$-2845,$-5072,$-194,$-8475,$-2127,$1358,$-5072
4,2017-09-30,37.17,$15.16,2.45,$12.79,2.91,$5.18,7.17,$2.86,13.0,$33.15B,$20.69B,1.6,$27.50B,$70.94B,0.39,$62.08B,$38.43B,61.89%,$62.08B,$17.14B,27.61%,$62.08B,$17.14B,27.61%,$62.08B,$25.06B,40.37%,$62.08B,$18.76B,30.21%,$62.08B,$13.85B,22.31%,$13.85B,$70.94B,20.32%,$13.85B,$33.49B,33.50%,$13.85B,$127.09B,11.59%,$17.14B,$98.43B,18.57%,$16149,$6085,$10064,$3209,$1661,$11008,$5141,$789,$5930,$1414,$4516,$4516,$4516,$7196,$5141,$4688,4821,$0.96,$0.94,$17504,$6929,$2767,$33154,$39472,$9903,$37447,$7112,$93934,$127088,$20689,$27498,$5022,$35463,$56152,$26547,$42779,$1610,$70936,$127088,$10288,$5989,$-138,$5851,$-1128,$-1245,$171,$315,$-1270,$14869,$-7709,$0,$-11375,$5502,$1981,$7483,$1069,$-10532,$6214,$-5,$6209,$-2974,$-2974,$-3794,$-263,$-822,$3515,$1051,$-3794
5,2017-06-30,32.69,$14.60,2.24,$12.67,2.58,$5.25,6.23,$2.61,12.52,$40.62B,$18.78B,2.16,$27.86B,$68.63B,0.41,$61.71B,$38.34B,62.13%,$61.71B,$16.46B,26.68%,$61.71B,$16.46B,26.68%,$61.71B,$24.25B,39.30%,$61.71B,$17.15B,27.78%,$61.71B,$12.71B,20.60%,$12.71B,$68.63B,19.20%,$12.71B,$45.66B,29.63%,$12.71B,$122.11B,10.98%,$16.46B,$96.48B,18.39%,$14763,$5667,$9096,$3262,$1850,$10921,$3842,$730,$4572,$1764,$2808,$2808,$2808,$5830,$3842,$4710,4845,$0.60,$0.58,$25929,$6324,$2967,$40617,$38130,$10385,$22969,$10006,$81490,$122107,$18782,$27855,$4343,$34700,$53482,$25781,$41670,$1174,$68625,$122107,$5772,$3934,$804,$4738,$-618,$-760,$425,$-413,$-1905,$8605,$-4730,$0,$924,$-1984,$1429,$-555,$145,$-4216,$6578,$-12,$6566,$-2112,$-2112,$-2516,$-200,$1738,$6127,$725,$-2516
6,2017-03-31,34.69,$14.20,2.44,$12.41,2.8,$5.33,6.51,$2.30,15.08,$36.06B,$21.31B,1.69,$20.68B,$66.84B,0.31,$60.48B,$37.22B,61.54%,$60.48B,$13.94B,23.05%,$60.48B,$13.94B,23.05%,$60.48B,$21.66B,35.81%,$60.48B,$14.24B,23.55%,$60.48B,$11.23B,18.57%,$11.23B,$66.84B,17.45%,$11.23B,$43.59B,28.17%,$11.23B,$115.65B,9.96%,$13.94B,$87.52B,16.07%,$14796,$5636,$9160,$3311,$2099,$11164,$3632,$183,$3815,$851,$2964,$2964,$2964,$5578,$3632,$4723,4881,$0.63,$0.61,$17295,$5801,$8041,$36058,$36911,$11980,$23256,$7443,$79590,$115648,$21305,$20678,$4536,$27499,$48804,$25890,$40091,$863,$66844,$115648,$2964,$1946,$439,$2385,$-105,$-232,$188,$-452,$-1451,$3898,$-1952,$0,$0,$-1567,$-1746,$-3313,$2487,$-2778,$0,$435,$435,$-913,$-913,$-1229,$-39,$-1746,$-626,$397,$-1229
7,2016-12-31,34.64,$14.00,2.47,$12.19,2.84,$5.48,6.32,$2.11,16.42,$35.51B,$20.30B,1.75,$20.65B,$66.23B,0.31,$59.39B,$36.19B,60.94%,$59.39B,$12.87B,21.68%,$59.39B,$12.87B,21.68%,$59.39B,$20.66B,34.80%,$59.39B,$12.94B,21.78%,$59.39B,$10.32B,17.37%,$10.32B,$66.23B,16.38%,$10.32B,$42.63B,27.69%,$10.32B,$113.33B,9.36%,$12.87B,$86.88B,15.04%,$16374,$6269,$10105,$3280,$2158,$11848,$4526,$-86,$4440,$878,$3562,$3562,$3562,$6456,$4526,$4730,4875,$0.76,$0.74,$17099,$5553,$8166,$35508,$36171,$10896,$23593,$7159,$77819,$113327,$20302,$20649,$4420,$26799,$47101,$25373,$40747,$106,$66226,$113327,$10316,$7790,$3155,$10945,$65,$119,$182,$394,$547,$21808,$-9625,$0,$-15470,$4324,$-6380,$-2056,$1334,$-25817,$1234,$0,$1234,$-1479,$-1479,$-4925,$-569,$-5739,$-9748,$1444,$-4925
8,2016-09-30,35.78,$13.32,2.69,$11.87,3.01,$5.37,6.66,$2.12,16.88,$36.22B,$20.09B,1.8,$24.04B,$63.12B,0.38,$57.93B,$35.68B,61.59%,$57.93B,$12.65B,21.83%,$57.93B,$12.65B,21.83%,$57.93B,$20.65B,35.65%,$57.93B,$12.80B,22.10%,$57.93B,$10.37B,17.90%,$10.37B,$63.12B,16.81%,$10.37B,$39.72B,27.25%,$10.37B,$112.22B,9.67%,$12.65B,$87.16B,15.03%,$15778,$5795,$9983,$3069,$2006,$11316,$4462,$-144,$4318,$940,$3378,$3378,$3378,$6390,$4462,$4734,4877,$0.71,$0.69,$17769,$5783,$7712,$36216,$34707,$10211,$23392,$7691,$76001,$112217,$20093,$24043,$3755,$29009,$49102,$25070,$37645,$400,$63115,$112217,$6754,$5860,$2320,$8180,$-100,$-118,$188,$-333,$-1276,$13658,$-6095,$0,$-15151,$2842,$-5062,$-2220,$1093,$-22373,$2734,$426,$3160,$-1030,$-1030,$-3692,$-279,$-1841,$-10556,$1136,$-3692
9,2016-06-30,30.85,$12.98,2.38,$11.61,2.66,$5.58,5.52,$2.07,14.9,$31.19B,$18.71B,1.67,$24.05B,$61.37B,0.39,$56.61B,$34.80B,61.48%,$56.61B,$12.38B,21.86%,$56.61B,$12.38B,21.86%,$56.61B,$20.73B,36.62%,$56.61B,$12.73B,22.49%,$56.61B,$10.10B,17.84%,$10.10B,$61.37B,16.78%,$10.10B,$33.55B,26.14%,$10.10B,$109.83B,9.73%,$12.38B,$85.42B,15.16%,$13533,$5560,$7973,$3145,$2007,$12215,$1318,$352,$1670,$340,$1330,$1330,$1330,$3235,$1318,$4729,4866,$0.28,$0.27,$17689,$5800,$3273,$31188,$33804,$8961,$27813,$8065,$78643,$109831,$18711,$24053,$4407,$29753,$48464,$24317,$37130,$-80,$61367,$109831,$3376,$3932,$1871,$5803,$734,$-104,$375,$-546,$-1279,$7900,$-3632,$0,$-14619,$501,$-2671,$-2170,$731,$-19690,$2734,$1416,$4150,$-1070,$-1070,$-2461,$-252,$367,$-11423,$812,$-2461
10,2016-03-31,30.16,$12.97,2.33,$11.51,2.62,$5.53,5.45,$2.35,12.84,$27.40B,$17.53B,1.56,$21.78B,$61.17B,0.36,$56.28B,$35.08B,62.33%,$56.28B,$13.96B,24.80%,$56.28B,$13.96B,24.80%,$56.28B,$22.58B,40.13%,$56.28B,$14.05B,24.96%,$56.28B,$11.47B,20.39%,$11.47B,$61.17B,19.36%,$11.47B,$33.09B,28.09%,$11.47B,$105.47B,11.59%,$13.96B,$82.95B,17.95%,$13702,$5572,$8130,$3246,$2226,$11134,$2568,$-60,$2508,$462,$2046,$2046,$2046,$4583,$2568,$4722,4875,$0.43,$0.42,$15091,$5751,$2339,$27397,$32644,$9474,$28082,$7870,$78070,$105467,$17526,$21775,$3745,$26767,$44293,$24088,$36526,$560,$61174,$105467,$2046,$2015,$383,$2398,$942,$-57,$434,$-898,$-389,$4055,$-1346,$0,$-14569,$-36,$-219,$-255,$650,$-15520,$0,$956,$956,$-450,$-450,$-1228,$-60,$-782,$-12247,$448,$-1228
11,2015-12-31,31.84,$12.93,2.46,$11.30,2.82,$5.47,5.83,$2.34,13.61,$38.32B,$15.65B,2.45,$20.04B,$61.09B,0.33,$55.36B,$34.68B,62.65%,$55.36B,$14.00B,25.29%,$55.36B,$14.00B,25.29%,$55.36B,$22.71B,41.03%,$55.36B,$14.21B,25.67%,$55.36B,$11.42B,20.63%,$11.42B,$61.09B,19.79%,$11.42B,$45.82B,26.83%,$11.42B,$101.46B,12.02%,$14.00B,$81.12B,18.98%,$14914,$5324,$9590,$3119,$2118,$10615,$4299,$4,$4303,$690,$3613,$3613,$3613,$6445,$4299,$4742,4894,$0.77,$0.73,$25313,$5167,$3053,$38320,$31858,$7851,$15265,$8165,$63139,$101459,$15646,$20036,$3738,$24728,$40374,$23411,$37614,$60,$61085,$101459,$11420,$8711,$126,$8837,$-355,$-764,$-312,$517,$-1239,$19018,$-7326,$0,$-913,$8055,$-8180,$-125,$181,$-8183,$9476,$0,$9476,$-2135,$-2135,$-4556,$-873,$1912,$12747,$1305,$-4556
12,2015-09-30,27.64,$12.07,2.29,$11.17,2.48,$5.12,5.4,$2.34,11.81,$36.21B,$15.08B,2.4,$20.06B,$57.10B,0.35,$55.16B,$34.71B,62.92%,$55.16B,$14.16B,25.66%,$55.16B,$14.16B,25.66%,$55.16B,$22.90B,41.51%,$55.16B,$14.57B,26.41%,$55.16B,$11.47B,20.79%,$11.47B,$57.10B,20.34%,$11.47B,$42.05B,27.80%,$11.47B,$98.55B,12.38%,$14.16B,$77.16B,20.08%,$14465,$5354,$9111,$2927,$1910,$10273,$4192,$61,$4253,$1144,$3109,$3109,$3109,$6467,$4192,$4747,4876,$0.65,$0.64,$20843,$4965,$4304,$36205,$31597,$7447,$15048,$8255,$62347,$98552,$15080,$20059,$3814,$26375,$41455,$23001,$34431,$-335,$57097,$98552,$7807,$6565,$-101,$6464,$332,$-640,$-86,$156,$-681,$13590,$-4998,$0,$-538,$4675,$-8346,$-3671,$-1704,$-10911,$7986,$-473,$7513,$-1780,$-1780,$-3423,$-486,$1824,$4504,$1009,$-3423
13,2015-06-30,27.69,$12.14,2.28,$11.09,2.5,$4.68,5.92,$2.36,11.73,$26.71B,$13.53B,1.97,$12.12B,$57.70B,0.21,$55.25B,$35.06B,63.45%,$55.25B,$14.50B,26.25%,$55.25B,$14.50B,26.25%,$55.25B,$23.17B,41.93%,$55.25B,$14.87B,26.90%,$55.25B,$11.68B,21.13%,$11.68B,$57.70B,20.80%,$11.68B,$42.43B,28.47%,$11.68B,$90.49B,12.88%,$14.50B,$69.81B,21.26%,$13195,$4947,$8248,$3087,$1949,$10299,$2896,$87,$2983,$277,$2706,$2706,$2706,$5087,$2896,$4759,4909,$0.57,$0.55,$13870,$4818,$2267,$26710,$32683,$8935,$15263,$6901,$63782,$90492,$13529,$12116,$3901,$19268,$32797,$22625,$34425,$645,$57695,$90492,$4698,$4290,$110,$4400,$573,$-489,$-304,$340,$-1243,$7855,$-3792,$0,$-524,$4007,$-1704,$2303,$269,$-1744,$0,$-492,$-492,$-973,$-973,$-2283,$-471,$-4219,$1893,$700,$-2283
14,2015-03-31,28.26,$11.58,2.44,$11.10,2.55,$4.52,6.25,$2.36,11.97,$26.47B,$15.04B,1.76,$12.11B,$54.92B,0.22,$55.89B,$35.73B,63.93%,$55.89B,$15.45B,27.65%,$55.89B,$15.45B,27.65%,$55.89B,$24.09B,43.11%,$55.89B,$15.80B,28.28%,$55.89B,$11.77B,21.05%,$11.77B,$54.92B,20.81%,$11.77B,$39.95B,28.43%,$11.77B,$89.57B,12.93%,$15.45B,$67.04B,22.43%,$12781,$5051,$7730,$2995,$1953,$10166,$2615,$58,$2673,$681,$1992,$1992,$1992,$4714,$2615,$4741,4914,$0.42,$0.41,$14118,$4418,$2636,$26466,$33296,$8224,$14977,$6603,$63100,$89566,$15035,$12112,$4033,$19607,$34642,$22395,$32461,$68,$54924,$89566,$1992,$2099,$248,$2347,$1167,$-137,$-71,$555,$76,$4415,$-2025,$0,$-57,$2002,$-374,$1628,$5,$-449,$0,$-486,$-486,$-409,$-409,$-1137,$-242,$-2274,$1683,$368,$-1137
15,2014-12-31,32.56,$11.77,2.77,$10.99,2.96,$4.19,7.76,$2.33,13.97,$27.73B,$16.01B,1.73,$12.06B,$55.87B,0.22,$55.87B,$35.61B,63.74%,$55.87B,$15.35B,27.47%,$55.87B,$15.35B,27.47%,$55.87B,$23.90B,42.77%,$55.87B,$15.80B,28.28%,$55.87B,$11.70B,20.95%,$11.70B,$55.87B,20.42%,$11.70B,$40.56B,27.85%,$11.70B,$91.90B,12.78%,$15.35B,$67.92B,21.94%,$14721,$5100,$9621,$2990,$2049,$10268,$4453,$206,$4659,$998,$3661,$3661,$3661,$6627,$4453,$4901,5056,$0.76,$0.72,$14054,$4273,$3018,$27730,$33238,$9120,$15307,$6505,$64170,$91900,$16011,$12059,$4190,$20024,$36035,$21781,$33418,$666,$55865,$91900,$11704,$8549,$264,$8813,$-861,$-98,$-249,$1391,$-99,$20418,$-10105,$0,$-934,$-5453,$-7157,$-12610,$13744,$-9905,$0,$235,$235,$-9132,$-9132,$-4409,$-305,$-13611,$-3113,$1148,$-4409
16,2014-09-30,31.04,$11.54,2.69,$10.79,2.88,$4.13,7.52,$2.10,14.78,$27.51B,$14.90B,1.85,$12.10B,$56.07B,0.22,$54.98B,$34.56B,62.85%,$54.98B,$14.44B,26.27%,$54.98B,$14.44B,26.27%,$54.98B,$22.77B,41.42%,$54.98B,$14.69B,26.72%,$54.98B,$10.67B,19.40%,$10.67B,$56.07B,18.42%,$10.67B,$41.14B,25.08%,$10.67B,$90.62B,11.64%,$14.44B,$68.18B,20.40%,$14554,$5096,$9458,$2842,$1979,$10014,$4540,$10,$4550,$1233,$3317,$3317,$3317,$6738,$4540,$4880,5045,$0.68,$0.66,$15594,$4115,$2479,$27509,$33135,$8667,$14935,$6370,$63107,$90616,$14904,$12103,$3985,$19639,$34543,$21894,$33233,$946,$56073,$90616,$8043,$6375,$525,$6900,$-76,$59,$-292,$611,$-296,$14647,$-7962,$0,$-193,$-806,$775,$-31,$185,$-8001,$0,$-202,$-202,$-5226,$-5226,$-3340,$-404,$-9172,$-2531,$867,$-3340
17,2014-06-30,27.35,$11.97,2.28,$10.55,2.59,$4.17,6.56,$2.02,13.54,$29.01B,$12.25B,2.37,$13.18B,$59.25B,0.22,$53.91B,$33.52B,62.17%,$53.91B,$13.41B,24.87%,$53.91B,$13.41B,24.87%,$53.91B,$21.56B,39.99%,$53.91B,$14.07B,26.09%,$53.91B,$10.30B,19.11%,$10.30B,$59.25B,17.84%,$10.30B,$43.93B,24.45%,$10.30B,$91.79B,11.24%,$13.41B,$72.43B,18.91%,$13831,$4914,$8917,$2859,$2061,$9987,$3844,$78,$3922,$1126,$2796,$2796,$2796,$6014,$3844,$4981,5123,$0.56,$0.55,$17311,$3943,$2008,$29006,$33115,$8228,$15318,$6126,$62787,$91793,$12251,$13180,$2928,$20295,$32546,$22475,$35652,$1120,$59247,$91793,$4726,$4177,$443,$4620,$89,$235,$-103,$112,$-392,$8954,$-5517,$0,$-137,$4274,$-5819,$-1545,$184,$-7015,$0,$-267,$-267,$-1620,$-1620,$-2245,$-433,$-4565,$-2625,$586,$-2245
18,2014-03-31,22.66,$11.67,1.94,$10.36,2.19,$4.31,5.26,$1.86,12.18,$30.55B,$13.55B,2.26,$13.17B,$58.04B,0.23,$52.89B,$32.07B,60.63%,$52.89B,$12.28B,23.22%,$52.89B,$12.28B,23.22%,$52.89B,$20.26B,38.30%,$52.89B,$12.84B,24.27%,$52.89B,$9.51B,17.97%,$9.51B,$58.04B,16.85%,$9.51B,$42.46B,23.35%,$9.51B,$91.93B,10.55%,$12.28B,$71.21B,17.66%,$12764,$5151,$7613,$2846,$2047,$10254,$2510,$160,$2670,$740,$1930,$1930,$1930,$4517,$2510,$4974,5117,$0.39,$0.38,$19046,$3763,$1733,$30554,$32502,$7850,$15580,$5446,$61378,$91932,$13552,$13172,$2868,$20342,$33894,$22166,$34716,$1156,$58038,$91932,$1930,$2007,$340,$2347,$78,$405,$-95,$-135,$-776,$3501,$-2689,$0,$-108,$2381,$-2479,$-98,$146,$-2749,$0,$-245,$-245,$-66,$-66,$-1119,$-220,$-1650,$-897,$283,$-1119
19,2013-12-31,22.56,$11.73,1.92,$10.34,2.18,$4.56,4.95,$1.88,12.0,$32.08B,$13.57B,2.37,$13.17B,$58.26B,0.23,$52.71B,$31.52B,59.80%,$52.71B,$12.29B,23.32%,$52.71B,$12.29B,23.32%,$52.71B,$20.32B,38.56%,$52.71B,$12.61B,23.93%,$52.71B,$9.62B,18.25%,$9.62B,$58.26B,17.59%,$9.62B,$42.59B,24.67%,$9.62B,$92.36B,10.94%,$12.29B,$71.42B,18.12%,$13834,$5263,$8571,$2826,$2006,$10285,$3549,$2,$3551,$926,$2625,$2625,$2625,$5505,$3549,$4970,5097,$0.54,$0.52,$20087,$4172,$1649,$32084,$31428,$7694,$15663,$5489,$60274,$92358,$13568,$13165,$2972,$20534,$34102,$21536,$35477,$1243,$58256,$92358,$9620,$8032,$-16,$8016,$271,$563,$267,$865,$3140,$20776,$-10711,$-36,$-925,$-8382,$-11999,$-20381,$13980,$-18073,$0,$-31,$-31,$-559,$-559,$-4479,$-429,$-5498,$-2804,$1118,$-4479
20,2013-09-30,19.74,$11.15,1.77,$10.24,1.93,$4.11,4.8,$1.85,10.67,$31.35B,$13.88B,2.26,$13.16B,$55.45B,0.24,$52.35B,$30.77B,58.77%,$52.35B,$11.90B,22.73%,$52.35B,$11.90B,22.73%,$52.35B,$19.98B,38.16%,$52.35B,$12.26B,23.43%,$52.35B,$9.46B,18.08%,$9.46B,$55.45B,17.88%,$9.46B,$39.55B,25.46%,$9.46B,$90.55B,11.01%,$11.90B,$68.61B,18.01%,$13483,$5069,$8414,$2742,$1970,$9979,$3504,$420,$3924,$974,$2950,$2950,$2950,$5525,$3504,$4981,5100,$0.59,$0.58,$19146,$4533,$1517,$31350,$30346,$8097,$15901,$4857,$59201,$90551,$13875,$13157,$3683,$21224,$35099,$21113,$33291,$1048,$55452,$90551,$6995,$6076,$33,$6109,$131,$205,$312,$335,$1634,$14738,$-7763,$0,$-882,$3442,$-9501,$-6059,$552,$-14152,$0,$38,$38,$-591,$-591,$-3358,$-265,$-4176,$-3597,$855,$-3358
21,2013-06-30,20.67,$10.81,1.91,$10.21,2.02,$3.58,5.77,$1.85,11.17,$29.05B,$11.39B,2.55,$13.15B,$53.84B,0.24,$52.33B,$30.87B,58.99%,$52.33B,$12.23B,23.38%,$52.33B,$12.23B,23.38%,$52.33B,$20.19B,38.58%,$52.33B,$12.26B,23.43%,$52.33B,$9.49B,18.13%,$9.49B,$53.84B,18.46%,$9.49B,$38.22B,26.62%,$9.49B,$85.66B,11.58%,$12.23B,$66.99B,19.42%,$12811,$5341,$7470,$2516,$2165,$10092,$2719,$-26,$2693,$693,$2000,$2000,$2000,$4710,$2719,$4978,5106,$0.40,$0.39,$17350,$4542,$1561,$29048,$29345,$7003,$15625,$4640,$56613,$85661,$11389,$13150,$3573,$20432,$31821,$20678,$33017,$145,$53840,$85661,$4045,$4055,$258,$4313,$368,$195,$184,$393,$649,$9007,$-4897,$0,$-384,$1103,$-6849,$-5746,$198,$-10829,$0,$-49,$-49,$-315,$-315,$-2237,$-269,$-2870,$-4700,$587,$-2237
22,2013-03-31,18.45,$10.35,1.78,$10.30,1.79,$3.18,5.8,$2.00,9.23,$28.68B,$11.80B,2.43,$13.14B,$51.19B,0.26,$53.02B,$31.95B,60.27%,$53.02B,$13.35B,25.18%,$53.02B,$13.35B,25.18%,$53.02B,$21.15B,39.89%,$53.02B,$13.50B,25.47%,$53.02B,$10.31B,19.45%,$10.31B,$51.19B,20.58%,$10.31B,$35.63B,29.96%,$10.31B,$83.08B,13.13%,$13.35B,$64.34B,22.16%,$12580,$5514,$7066,$2527,$1947,$10061,$2519,$-76,$2443,$398,$2045,$2045,$2045,$4583,$2519,$4948,5080,$0.41,$0.40,$17073,$4358,$1601,$28677,$28418,$6007,$15563,$4418,$54406,$83083,$11798,$13143,$3521,$20091,$31889,$20098,$31506,$-410,$51194,$83083,$2045,$2064,$264,$2328,$293,$372,$-17,$377,$-88,$4285,$-2174,$-33,$-98,$78,$-3193,$-3115,$103,$-5317,$0,$-224,$-224,$-94,$-94,$-1114,$-306,$-1738,$-2780,$295,$-1114
23,2012-12-31,17.24,$10.36,1.66,$10.31,1.67,$2.76,6.24,$2.13,8.09,$31.36B,$12.90B,2.43,$13.14B,$51.20B,0.26,$53.34B,$33.15B,62.15%,$53.34B,$14.64B,27.44%,$53.34B,$14.64B,27.44%,$53.34B,$22.16B,41.54%,$53.34B,$14.87B,27.88%,$53.34B,$11.01B,20.63%,$11.01B,$51.20B,22.46%,$11.01B,$35.26B,33.01%,$11.01B,$84.35B,14.53%,$14.64B,$64.34B,25.41%,$13477,$5660,$7817,$2629,$1958,$10322,$3155,$49,$3204,$736,$2468,$2468,$2468,$5160,$3155,$4996,5160,$0.50,$0.48,$18162,$4734,$2512,$31358,$27983,$4917,$15945,$4148,$52993,$84351,$12898,$13136,$3702,$20250,$33148,$19464,$32138,$-399,$51203,$84351,$11005,$7522,$577,$8099,$-176,$-626,$67,$94,$-220,$18884,$-11027,$-815,$-638,$-11523,$-6282,$-17805,$16225,$-14060,$6124,$65,$6189,$-2654,$-2654,$-4350,$-593,$-1408,$3413,$1102,$-4350
24,2012-09-30,18.75,$9.89,1.9,$10.26,1.83,$3.12,6.0,$2.29,8.19,$23.01B,$11.95B,1.93,$7.10B,$49.27B,0.14,$53.75B,$34.29B,63.79%,$53.75B,$16.08B,29.92%,$53.75B,$16.08B,29.92%,$53.75B,$23.19B,43.14%,$53.75B,$16.26B,30.24%,$53.75B,$11.90B,22.13%,$11.90B,$49.27B,24.95%,$11.90B,$33.43B,37.04%,$11.90B,$74.44B,16.43%,$16.08B,$56.37B,29.36%,$13457,$4942,$8515,$2605,$1995,$9616,$3841,$80,$3921,$949,$2972,$2972,$2972,$5734,$3841,$4996,5153,$0.59,$0.58,$10465,$5319,$1659,$23014,$27157,$4393,$15844,$4033,$51427,$74441,$11953,$7100,$3215,$13219,$25172,$19278,$30492,$-501,$49269,$74441,$8537,$5517,$568,$6085,$-283,$-1198,$232,$-221,$-1764,$12858,$-8523,$-565,$-568,$4761,$-4117,$644,$284,$-8728,$0,$-191,$-191,$-2115,$-2115,$-3231,$-138,$-5675,$-1545,$830,$-3231
25,2012-06-30,21.87,$9.73,2.25,$10.31,2.12,$3.48,6.28,$2.36,9.27,$25.79B,$10.54B,2.45,$7.09B,$48.78B,0.15,$54.53B,$34.79B,63.80%,$54.53B,$17.03B,31.22%,$54.53B,$17.03B,31.22%,$54.53B,$23.77B,43.59%,$54.53B,$17.23B,31.59%,$54.53B,$12.39B,22.73%,$12.39B,$48.78B,26.43%,$12.39B,$33.36B,39.47%,$12.39B,$72.35B,17.34%,$17.03B,$55.87B,31.54%,$13501,$4947,$8554,$2513,$2131,$9669,$3832,$102,$3934,$1107,$2827,$2827,$2827,$5671,$3832,$5022,5199,$0.56,$0.54,$13648,$4904,$2172,$25785,$25976,$1167,$15416,$4008,$46567,$72352,$10538,$7093,$3167,$13035,$23573,$18883,$30753,$-857,$48779,$72352,$5565,$3624,$447,$4071,$103,$-782,$312,$-543,$-1925,$7711,$-5636,$-88,$-458,$3043,$-918,$2125,$181,$-3876,$0,$-155,$-155,$-1234,$-1234,$-2106,$-176,$-3671,$158,$554,$-2106
26,2012-03-31,22.9,$9.34,2.45,$10.11,2.26,$3.60,6.37,$2.36,9.7,$25.42B,$11.94B,2.13,$7.09B,$46.76B,0.15,$54.06B,$34.14B,63.15%,$54.06B,$17.13B,31.69%,$54.06B,$17.13B,31.69%,$54.06B,$23.54B,43.54%,$54.06B,$17.22B,31.86%,$54.06B,$12.52B,23.16%,$12.52B,$46.76B,26.71%,$12.52B,$31.31B,40.03%,$12.52B,$71.82B,17.91%,$17.13B,$53.85B,32.50%,$12906,$4641,$8265,$2401,$1973,$9096,$3810,$4,$3814,$1076,$2738,$2738,$2738,$5595,$3810,$4999,5192,$0.55,$0.53,$13753,$4489,$1348,$25421,$25027,$1317,$15452,$4600,$46396,$71817,$11941,$7088,$3235,$13116,$25057,$18381,$28983,$-604,$46760,$71817,$2738,$1785,$229,$2014,$-387,$-381,$37,$-359,$-1780,$2972,$-2974,$-3,$-176,$2091,$-1245,$846,$196,$-2111,$0,$115,$115,$-275,$-275,$-1049,$-286,$-1495,$-636,$274,$-1049
27,2011-12-31,19.6,$9.18,2.13,$9.92,1.98,$3.83,5.12,$2.39,8.2,$25.87B,$12.03B,2.15,$7.08B,$45.91B,0.15,$54.00B,$33.76B,62.51%,$54.00B,$17.48B,32.37%,$54.00B,$17.48B,32.37%,$54.00B,$23.54B,43.60%,$54.00B,$17.78B,32.93%,$54.00B,$12.94B,23.97%,$12.94B,$45.91B,27.52%,$12.94B,$30.39B,41.34%,$12.94B,$71.12B,18.94%,$17.48B,$53.00B,33.86%,$13887,$4935,$8952,$2308,$1973,$9288,$4599,$-12,$4587,$1227,$3360,$3360,$3360,$6188,$4599,$5256,5411,$0.65,$0.64,$14837,$4096,$1589,$25872,$23627,$1451,$15521,$4648,$45247,$71119,$12028,$7084,$3479,$13180,$25208,$17036,$29656,$-781,$45911,$71119,$12942,$6064,$1530,$7594,$-678,$-243,$596,$187,$427,$20963,$-10764,$-66,$-8671,$-285,$-2584,$-2869,$12069,$-10301,$4962,$209,$5171,$-12295,$-12295,$-4127,$151,$-11100,$-433,$1053,$-4127
28,2011-09-30,17.09,$9.01,1.9,$9.36,1.83,$3.96,4.32,$2.34,7.31,$26.70B,$11.91B,2.24,$7.08B,$46.12B,0.15,$51.57B,$32.21B,62.46%,$51.57B,$16.90B,32.77%,$51.57B,$16.90B,32.77%,$51.57B,$22.58B,43.79%,$51.57B,$17.36B,33.66%,$51.57B,$12.76B,24.75%,$12.76B,$46.12B,26.64%,$12.76B,$30.53B,36.76%,$12.76B,$70.55B,19.24%,$16.90B,$53.19B,32.99%,$14233,$5215,$9018,$2140,$2017,$9448,$4785,$107,$4892,$1424,$3468,$3468,$3468,$6314,$4785,$5194,5340,$0.67,$0.65,$15198,$3959,$1709,$26698,$22157,$1374,$15583,$4739,$43853,$70551,$11909,$7076,$2495,$12525,$24434,$16247,$29902,$-32,$46117,$70551,$9582,$4475,$1114,$5589,$-856,$-110,$645,$-60,$-838,$14333,$-7920,$-45,$-8427,$9538,$1229,$10767,$91,$-5534,$4962,$28,$4990,$-9262,$-9262,$-3057,$79,$-7250,$1559,$812,$-3057
29,2011-06-30,17.59,$9.22,1.91,$8.65,2.03,$4.13,4.26,$2.21,7.96,$23.10B,$10.35B,2.23,$2.09B,$48.72B,0.04,$48.44B,$30.51B,63.00%,$48.44B,$16.25B,33.55%,$48.44B,$16.25B,33.55%,$48.44B,$21.55B,44.48%,$48.44B,$16.72B,34.51%,$48.44B,$12.25B,25.29%,$12.25B,$48.72B,25.36%,$12.25B,$32.88B,32.33%,$12.25B,$66.09B,19.18%,$16.25B,$50.81B,32.26%,$13032,$5130,$7902,$1986,$1905,$9097,$3935,$-4,$3931,$977,$2954,$2954,$2954,$5439,$3935,$5294,5441,$0.56,$0.54,$11547,$4030,$2193,$23102,$20778,$1884,$15841,$4484,$42987,$66089,$10354,$2090,$2519,$7012,$17366,$16245,$32012,$466,$48723,$66089,$6114,$2946,$400,$3346,$-388,$-184,$388,$6,$-1476,$7984,$-5207,$0,$-8241,$8525,$3359,$11884,$137,$-1427,$0,$33,$33,$-5593,$-5593,$-1955,$82,$-7433,$-863,$562,$-1955
30,2011-03-31,15.89,$8.87,1.79,$8.14,1.95,$4.60,3.46,$2.18,7.29,$22.80B,$11.57B,1.97,$2.08B,$47.35B,0.04,$46.17B,$29.85B,64.64%,$46.17B,$16.30B,35.30%,$46.17B,$16.30B,35.30%,$46.17B,$21.24B,46.00%,$46.17B,$16.97B,36.75%,$46.17B,$12.18B,26.38%,$12.18B,$47.35B,25.60%,$12.18B,$31.41B,30.45%,$12.18B,$65.55B,19.73%,$16.30B,$49.43B,32.82%,$12847,$4962,$7885,$1916,$1775,$8689,$4158,$213,$4371,$1211,$3160,$3160,$3160,$5600,$4158,$5452,5606,$0.58,$0.56,$11978,$4099,$1270,$22795,$19559,$2843,$15941,$4414,$42757,$65552,$11565,$2083,$2505,$6638,$18203,$16271,$30597,$481,$47349,$65552,$3160,$1442,$-2,$1440,$-504,$-251,$404,$133,$-587,$4013,$-2723,$0,$-8166,$6210,$3902,$10112,$133,$-644,$0,$16,$16,$-3767,$-3767,$-994,$57,$-4688,$-1310,$300,$-994
31,2010-12-31,16.42,$8.97,1.83,$7.66,2.14,$4.92,3.34,$2.05,8.01,$31.61B,$9.33B,3.39,$2.08B,$49.43B,0.04,$43.62B,$28.49B,65.31%,$43.62B,$15.59B,35.73%,$43.62B,$15.59B,35.73%,$43.62B,$20.23B,46.37%,$43.62B,$16.05B,36.78%,$43.62B,$11.46B,26.28%,$11.46B,$49.43B,24.67%,$11.46B,$44.04B,27.45%,$11.46B,$63.19B,19.33%,$15.59B,$51.51B,32.12%,$11457,$4051,$7406,$1671,$1705,$7434,$4023,$140,$4163,$983,$3180,$3180,$3180,$5229,$4023,$5555,5696,$0.57,$0.55,$21885,$3757,$1614,$31611,$17899,$4034,$5391,$4251,$31575,$63186,$9327,$2077,$1426,$4429,$13756,$16178,$32919,$333,$49430,$63186,$11464,$4638,$458,$5096,$-584,$-806,$407,$901,$132,$16692,$-5207,$-14,$-218,$3683,$-17363,$-13680,$8580,$-10539,$-157,$23,$-134,$-1149,$-1149,$-3503,$144,$-4642,$1511,$917,$-3503
32,2010-09-30,14.88,$8.55,1.74,$7.52,1.98,$4.08,3.64,$1.86,8.0,$29.50B,$8.84B,3.34,$2.07B,$47.70B,0.04,$42.74B,$27.93B,65.34%,$42.74B,$14.06B,32.91%,$42.74B,$14.06B,32.91%,$42.74B,$18.76B,43.89%,$42.74B,$14.48B,33.87%,$42.74B,$10.57B,24.72%,$10.57B,$47.70B,23.73%,$10.57B,$43.22B,26.36%,$10.57B,$60.59B,18.61%,$14.06B,$49.77B,30.18%,$11102,$3781,$7321,$1675,$1506,$6966,$4136,$115,$4251,$1296,$2955,$2955,$2955,$5278,$4136,$5575,5694,$0.53,$0.52,$20750,$3423,$1182,$29499,$17189,$4536,$4481,$4883,$31089,$60588,$8837,$2073,$1127,$4055,$12892,$16096,$31069,$531,$47696,$60588,$8284,$3432,$392,$3824,$-628,$-479,$20,$147,$-966,$11142,$-3338,$0,$-70,$7551,$-11496,$-3945,$-214,$-7567,$0,$87,$87,$313,$313,$-2624,$179,$-2045,$1530,$704,$-2624
33,2010-06-30,14.96,$8.23,1.82,$7.24,2.07,$3.48,4.29,$1.67,8.96,$26.46B,$7.94B,3.33,$2.06B,$45.84B,0.05,$41.02B,$26.01B,63.40%,$41.02B,$12.51B,30.48%,$41.02B,$12.51B,30.48%,$41.02B,$17.29B,42.15%,$41.02B,$12.76B,31.10%,$41.02B,$9.47B,23.08%,$9.47B,$45.84B,22.34%,$9.47B,$41.36B,24.96%,$9.47B,$57.69B,17.41%,$12.51B,$47.90B,28.13%,$10765,$3530,$7235,$1666,$1584,$6784,$3981,$204,$4185,$1298,$2887,$2887,$2887,$5130,$3981,$5563,5711,$0.52,$0.51,$18303,$3345,$1180,$26464,$16946,$4863,$4481,$4937,$31227,$57691,$7937,$2058,$1095,$3913,$11850,$15741,$29869,$231,$45841,$57691,$5329,$2290,$274,$2564,$-147,$-395,$243,$507,$-328,$7565,$-1976,$0,$-70,$4405,$-6596,$-2191,$-405,$-4642,$0,$43,$43,$167,$167,$-1747,$141,$-1396,$1527,$480,$-1747
34,2010-03-31,17.02,$7.75,2.2,$6.79,2.51,$2.73,6.23,$1.09,15.62,$23.72B,$8.91B,2.66,$2.05B,$42.90B,0.05,$38.28B,$22.85B,59.70%,$38.28B,$8.51B,22.24%,$38.28B,$8.51B,22.24%,$38.28B,$13.44B,35.10%,$38.28B,$8.52B,22.26%,$38.28B,$6.18B,16.15%,$6.18B,$42.90B,15.20%,$6.18B,$38.45B,17.00%,$6.18B,$55.77B,11.84%,$8.51B,$44.95B,20.01%,$10299,$3770,$6529,$1564,$1514,$6851,$3448,$-2,$3446,$1004,$2442,$2442,$2442,$4589,$3448,$5529,5681,$0.44,$0.43,$16342,$2986,$781,$23724,$17028,$5252,$4452,$5317,$32049,$55773,$8912,$2052,$1028,$3961,$12873,$15466,$27020,$414,$42900,$55773,$2442,$1141,$304,$1445,$88,$-51,$29,$305,$192,$4079,$-928,$0,$-37,$1554,$-3016,$-1462,$-245,$-2672,$0,$158,$158,$225,$225,$-870,$81,$-406,$1001,$248,$-870
35,2009-12-31,15.46,$7.55,2.05,$6.25,2.47,$1.98,7.82,$0.77,20.07,$21.16B,$7.59B,2.79,$2.05B,$41.70B,0.05,$35.13B,$19.56B,55.69%,$35.13B,$5.71B,16.26%,$35.13B,$5.71B,16.26%,$35.13B,$10.76B,30.64%,$35.13B,$5.70B,16.24%,$35.13B,$4.37B,12.44%,$4.37B,$41.70B,11.00%,$4.37B,$37.28B,12.29%,$4.37B,$53.10B,8.67%,$5.71B,$43.75B,13.81%,$10569,$3729,$6840,$1603,$2718,$8072,$2497,$96,$2593,$311,$2282,$2282,$2282,$3758,$2497,$5557,5645,$0.41,$0.40,$13920,$2935,$813,$21157,$17225,$4952,$4421,$5340,$31938,$53095,$7591,$2049,$1003,$3800,$11391,$14993,$26318,$393,$41704,$53095,$4369,$5052,$1689,$6741,$-535,$796,$-506,$-52,$60,$11170,$-4515,$0,$-853,$7536,$-8236,$-700,$-1897,$-7965,$1980,$-87,$1893,$-1362,$-1362,$-3108,$9,$-2568,$637,$889,$-3108
36,2009-09-30,14.72,$7.07,2.08,$5.81,2.54,$1.79,8.2,$0.41,35.9,$19.25B,$7.75B,2.48,$2.20B,$39.03B,0.06,$32.78B,$17.09B,52.13%,$32.78B,$4.75B,14.50%,$32.78B,$4.75B,14.50%,$32.78B,$9.76B,29.78%,$32.78B,$3.48B,10.61%,$32.78B,$2.32B,7.08%,$2.32B,$39.03B,5.93%,$2.32B,$34.61B,6.61%,$2.32B,$51.00B,4.67%,$4.75B,$41.23B,11.71%,$9389,$3985,$5404,$1430,$1320,$6810,$2579,$-47,$2532,$676,$1856,$1856,$1856,$3814,$2579,$5537,5616,$0.34,$0.33,$12930,$2490,$542,$19247,$17354,$4377,$4421,$5597,$31749,$50996,$7749,$2201,$1627,$4214,$11963,$14763,$24037,$233,$39033,$50996,$2087,$3791,$1456,$5247,$-287,$1236,$-482,$-423,$431,$7765,$-3434,$0,$-853,$4458,$-5192,$-734,$-175,$-5196,$1980,$-77,$1903,$-1385,$-1385,$-2334,$6,$-1810,$759,$689,$-2334
37,2009-06-30,12.35,$6.98,1.77,$5.93,2.08,$1.88,6.56,$0.43,28.73,$18.47B,$7.08B,2.61,$1.17B,$39.05B,0.03,$33.61B,$17.71B,52.67%,$33.61B,$5.27B,15.68%,$33.61B,$5.27B,15.68%,$33.61B,$10.17B,30.27%,$33.61B,$3.78B,11.25%,$33.61B,$2.48B,7.38%,$2.48B,$39.05B,6.33%,$2.48B,$35.12B,7.04%,$2.48B,$49.06B,4.94%,$5.27B,$40.22B,13.02%,$8024,$3945,$4079,$1303,$2695,$8036,$-12,$-38,$-50,$348,$-398,$-398,$-398,$1274,$-12,$5595,5595,$-0.07,$-0.07,$11624,$2805,$883,$18467,$17515,$3515,$3932,$5632,$30594,$49061,$7079,$1174,$1205,$2935,$10014,$13995,$25205,$-153,$39047,$49061,$231,$2556,$981,$3537,$-226,$927,$-664,$691,$-6,$3762,$-2490,$0,$0,$664,$225,$889,$-215,$-1816,$0,$-76,$-76,$169,$169,$-1563,$0,$-1470,$476,$471,$-1563
38,2009-03-31,11.12,$6.99,1.59,$6.13,1.82,$2.17,5.12,$0.78,14.26,$18.14B,$6.34B,2.86,$1.17B,$39.06B,0.03,$35.06B,$18.88B,53.84%,$35.06B,$7.54B,21.50%,$35.06B,$7.54B,21.50%,$35.06B,$12.26B,34.97%,$35.06B,$6.14B,17.53%,$35.06B,$4.48B,12.77%,$4.48B,$39.06B,11.35%,$4.48B,$35.13B,12.60%,$4.48B,$48.45B,8.78%,$7.54B,$40.23B,18.39%,$7145,$3907,$3238,$1317,$1198,$6498,$647,$-18,$629,$0,$629,$629,$629,$1917,$647,$5573,5634,$0.11,$0.11,$10599,$3045,$1075,$18142,$17815,$2925,$3932,$5640,$30312,$48454,$6341,$1170,$1217,$3049,$9390,$13845,$25609,$-390,$39064,$48454,$629,$1270,$472,$1742,$-374,$686,$-721,$-433,$-1993,$378,$-1509,$0,$0,$2425,$-524,$1901,$17,$409,$0,$-69,$-69,$247,$247,$-779,$0,$-601,$186,$213,$-779
39,2008-12-31,10.74,$7.11,1.51,$6.50,1.65,$2.59,4.14,$0.92,11.68,$19.87B,$7.82B,2.54,$1.19B,$39.55B,0.03,$37.59B,$20.84B,55.46%,$37.59B,$8.95B,23.82%,$37.59B,$8.95B,23.82%,$37.59B,$13.57B,36.10%,$37.59B,$7.69B,20.45%,$37.59B,$5.29B,14.08%,$5.29B,$39.55B,13.27%,$5.29B,$35.61B,14.72%,$5.29B,$50.47B,10.13%,$8.95B,$40.73B,21.52%,$8226,$3857,$4369,$1316,$1258,$6687,$1539,$-1170,$369,$135,$234,$234,$234,$2758,$1539,$5663,5748,$0.04,$0.04,$11843,$3744,$1182,$19871,$17574,$3276,$3932,$5819,$30601,$50472,$7818,$1185,$1141,$3108,$10926,$13402,$26537,$-393,$39546,$50472,$5292,$4616,$2523,$7139,$260,$-395,$29,$4,$-1505,$10926,$-5197,$0,$69,$0,$139,$139,$-876,$-5865,$0,$-40,$-40,$-6090,$-6090,$-3100,$212,$-9018,$-3957,$851,$-3100
40,2008-09-30,13.6,$7.00,1.94,$6.88,1.98,$2.88,4.72,$1.26,10.79,$21.42B,$10.07B,2.13,$1.89B,$38.91B,0.05,$40.07B,$22.70B,56.65%,$40.07B,$10.46B,26.11%,$40.07B,$10.46B,26.11%,$40.07B,$15.03B,37.51%,$40.07B,$10.58B,26.40%,$40.07B,$7.33B,18.29%,$7.33B,$38.91B,18.02%,$7.33B,$34.99B,19.94%,$7.33B,$52.72B,13.69%,$10.46B,$40.80B,24.55%,$10217,$4198,$6019,$1471,$1415,$7119,$3098,$-265,$2833,$819,$2014,$2014,$2014,$4225,$3098,$5603,5692,$0.36,$0.35,$12204,$3398,$1654,$21423,$17026,$4221,$3924,$6125,$31296,$52719,$10068,$1889,$1033,$3740,$13808,$12744,$26303,$-136,$38911,$52719,$5058,$3397,$1235,$4632,$-471,$-60,$146,$-70,$-1360,$8330,$-3432,$0,$66,$4988,$-5523,$-535,$25,$-3876,$0,$325,$325,$-6092,$-6092,$-2322,$32,$-8057,$-3603,$659,$-2322
41,2008-06-30,15.5,$7.16,2.17,$6.77,2.29,$2.72,5.7,$1.22,12.7,$19.78B,$8.03B,2.46,$1.89B,$40.36B,0.05,$39.95B,$21.85B,54.71%,$39.95B,$9.51B,23.80%,$39.95B,$9.51B,23.80%,$39.95B,$14.11B,35.33%,$39.95B,$10.25B,25.66%,$39.95B,$7.11B,17.79%,$7.11B,$40.36B,17.26%,$7.11B,$36.45B,19.07%,$7.11B,$52.39B,13.25%,$9.51B,$42.25B,22.06%,$9470,$4221,$5249,$1468,$1430,$7215,$2255,$58,$2313,$712,$1601,$1601,$1601,$3360,$2255,$5699,5800,$0.28,$0.28,$11961,$3265,$944,$19778,$16723,$5295,$3915,$6681,$32614,$52392,$8032,$1892,$1176,$3999,$12031,$12452,$27780,$129,$40361,$52392,$3044,$2270,$698,$2968,$140,$71,$18,$140,$-969,$5043,$-2058,$0,$75,$3681,$-4202,$-521,$-40,$-2544,$0,$33,$33,$-4249,$-4249,$-1539,$28,$-5727,$-3228,$462,$-1539
42,2008-03-31,15.19,$7.11,2.14,$6.61,2.3,$2.44,6.24,$1.16,13.1,$22.06B,$8.67B,2.55,$1.99B,$40.66B,0.05,$39.16B,$20.68B,52.81%,$39.16B,$8.60B,21.97%,$39.16B,$8.60B,21.97%,$39.16B,$13.32B,34.01%,$39.16B,$9.46B,24.17%,$39.16B,$6.78B,17.32%,$6.78B,$40.66B,16.54%,$6.78B,$36.74B,18.28%,$6.78B,$53.39B,12.78%,$8.60B,$42.65B,20.04%,$9673,$4466,$5207,$1467,$1349,$7611,$2062,$109,$2171,$728,$1443,$1443,$1443,$3227,$2062,$5787,5879,$0.25,$0.25,$13692,$3272,$1232,$22064,$16667,$5003,$3916,$5737,$31323,$53387,$8668,$1990,$1088,$4059,$12727,$12118,$28470,$72,$40660,$53387,$1443,$1165,$438,$1603,$-172,$75,$-23,$47,$-831,$2215,$-907,$0,$75,$2366,$-2412,$-46,$-43,$-921,$0,$47,$47,$-2033,$-2033,$-739,$7,$-2718,$-1424,$219,$-739
43,2007-12-31,19.0,$7.35,2.59,$6.47,2.94,$2.25,8.46,$1.18,16.1,$23.89B,$8.57B,2.79,$1.98B,$42.76B,0.05,$38.33B,$19.90B,51.92%,$38.33B,$8.22B,21.43%,$38.33B,$8.22B,21.43%,$38.33B,$13.01B,33.95%,$38.33B,$9.17B,23.91%,$38.33B,$6.98B,18.20%,$6.98B,$42.76B,17.34%,$6.98B,$38.85B,19.20%,$6.98B,$55.65B,13.43%,$8.22B,$44.74B,19.51%,$10712,$4486,$6226,$1481,$1448,$7665,$3047,$214,$3261,$990,$2271,$2271,$2271,$4218,$3047,$5816,5936,$0.39,$0.38,$15363,$3370,$1390,$23885,$16918,$5385,$3916,$5547,$31766,$55651,$8571,$1980,$1142,$4318,$12889,$11653,$30848,$261,$42762,$55651,$6976,$4798,$777,$5575,$316,$700,$102,$-1150,$74,$12625,$-5000,$0,$-44,$0,$-5176,$-5176,$294,$-9926,$125,$-39,$86,$264,$264,$-2618,$278,$-1990,$709,$952,$-2618
44,2007-09-30,18.35,$7.01,2.62,$6.31,2.91,$1.77,10.35,$1.06,17.31,$21.43B,$7.76B,2.76,$1.85B,$40.90B,0.05,$37.32B,$18.49B,49.54%,$37.32B,$6.66B,17.84%,$37.32B,$6.66B,17.84%,$37.32B,$11.51B,30.85%,$37.32B,$8.03B,21.52%,$37.32B,$6.21B,16.63%,$6.21B,$40.90B,16.03%,$6.21B,$36.99B,17.81%,$6.21B,$53.04B,12.38%,$6.66B,$42.76B,16.41%,$10090,$4919,$5171,$1521,$1381,$7946,$2144,$359,$2503,$712,$1791,$1791,$1791,$3307,$2144,$5837,5967,$0.31,$0.30,$13021,$3538,$846,$21426,$16985,$5142,$3917,$5569,$31613,$53039,$7763,$1853,$1253,$4374,$12137,$10695,$29975,$232,$40902,$53039,$4705,$3627,$527,$4154,$22,$744,$80,$-991,$-968,$7891,$-3727,$0,$-42,$5671,$-9792,$-4121,$126,$-7764,$0,$-44,$-44,$959,$959,$-1960,$164,$-881,$-754,$748,$-1960
45,2007-06-30,16.77,$6.82,2.46,$6.12,2.74,$1.37,12.21,$0.97,17.29,$19.65B,$6.46B,3.04,$1.85B,$39.70B,0.05,$35.97B,$17.61B,48.97%,$35.97B,$5.89B,16.37%,$35.97B,$5.89B,16.37%,$35.97B,$10.83B,30.12%,$35.97B,$7.34B,20.42%,$35.97B,$5.72B,15.89%,$5.72B,$39.70B,15.35%,$5.72B,$35.84B,17.12%,$5.72B,$50.29B,11.77%,$5.89B,$41.55B,15.04%,$8680,$4605,$4075,$1353,$1290,$7330,$1350,$179,$1529,$251,$1278,$1278,$1278,$2563,$1350,$5809,5917,$0.22,$0.22,$10661,$4127,$1269,$19648,$17143,$4696,$3861,$4946,$30646,$50294,$6464,$1848,$1235,$4132,$10596,$9597,$30197,$-96,$39698,$50294,$2914,$2464,$407,$2871,$351,$162,$-77,$-597,$-1778,$4007,$-2639,$0,$0,$3216,$-6222,$-3006,$49,$-5596,$0,$40,$40,$825,$825,$-1303,$138,$-300,$-1889,$521,$-1303
46,2007-03-31,13.44,$6.49,2.07,$6.02,2.23,$1.16,11.58,$0.90,14.94,$17.69B,$6.63B,2.67,$1.85B,$37.53B,0.05,$35.29B,$17.71B,50.17%,$35.29B,$5.61B,15.89%,$35.29B,$5.61B,15.89%,$35.29B,$10.56B,29.91%,$35.29B,$7.07B,20.02%,$35.29B,$5.32B,15.08%,$5.32B,$37.53B,14.78%,$5.32B,$33.67B,16.55%,$5.32B,$48.76B,11.20%,$5.61B,$39.37B,14.77%,$8852,$4420,$4432,$1400,$1282,$7177,$1675,$198,$1873,$237,$1636,$1636,$1636,$2926,$1675,$5777,5874,$0.28,$0.28,$9024,$4366,$464,$17694,$17617,$4855,$3861,$4729,$31062,$48756,$6626,$1848,$1202,$4604,$11230,$8598,$29020,$-92,$37526,$48756,$1636,$1251,$168,$1419,$17,$-65,$17,$-273,$-1503,$1552,$-1361,$0,$0,$1533,$-3413,$-1880,$25,$-3216,$0,$-42,$-42,$186,$186,$-650,$44,$-462,$-2126,$284,$-650
47,2006-12-31,14.16,$6.37,2.22,$6.01,2.35,$1.18,11.95,$0.86,16.46,$18.28B,$8.51B,2.15,$1.85B,$36.75B,0.05,$35.38B,$18.22B,51.49%,$35.38B,$5.65B,15.97%,$35.38B,$5.65B,15.97%,$35.38B,$10.56B,29.86%,$35.38B,$7.07B,19.98%,$35.38B,$5.04B,14.26%,$5.04B,$36.75B,14.32%,$5.04B,$32.89B,16.08%,$5.04B,$48.37B,10.70%,$5.65B,$38.60B,15.18%,$9694,$4884,$4810,$1426,$1476,$8206,$1488,$639,$2127,$626,$1501,$1501,$1501,$2715,$1488,$5797,5880,$0.26,$0.26,$10002,$4314,$258,$18280,$17602,$4421,$3861,$4204,$30088,$48368,$8514,$1848,$989,$3102,$11616,$7825,$28984,$-57,$36752,$48368,$5044,$4912,$736,$5648,$1229,$-1116,$7,$315,$-60,$10632,$-5860,$0,$752,$0,$153,$153,$-33,$-4988,$0,$-695,$-695,$-3547,$-3547,$-2320,$192,$-6370,$-726,$1375,$-2320
