,Date,Stock Price,Book Value per Share,Price to Book Ratio,TTM Sales per Share,Price to Sales Ratio,TTM FCF per Share,Price to FCF Ratio,TTM Net EPS,PE Ratio,Current Assets,Current Liabilities,Current Ratio,Long Term Debt,Shareholder's Equity_x,Debt to Equity Ratio,TTM Revenue_x,TTM Gross Profit,Gross Margin,TTM Revenue_y,TTM Operating Income,Operating Margin,TTM Revenue_x,TTM EBIT,EBIT Margin,TTM Revenue_y,TTM EBITDA,EBITDA Margin,TTM Revenue_x,TTM Pre-Tax Income,Pre-Tax Margin,TTM Revenue_y,TTM Net Income_x,Net Margin,TTM Net Income_y,Shareholder's Equity_y,Return on Equity,TTM Net Income_x,Tangible Equity,Return on Tangible Equity,TTM Net Income_y,Total Assets,Return on Assets,TTM Net Income,LT Investments & Debt,Return on Investment,revenue,cost-goods-sold,gross-profit,research-development-expenses,selling-general-administrative-expenses,operating-expenses,operating-income,total-non-operating-income-expense,pre-tax-income,total-provision-income-taxes,income-after-taxes,income-from-continuous-operations,net-income,ebitda,ebit,basic-shares-outstanding,shares-outstanding,eps-basic-net-earnings-per-share,eps-earnings-per-share-diluted,cash-on-hand,inventory,other-current-assets,total-current-assets,net-property-plant-equipment,long-term-investments,goodwill-intangible-assets-total,other-long-term-assets,total-long-term-assets,total-assets,total-current-liabilities,long-term-debt,other-non-current-liabilities,total-long-term-liabilities,total-liabilities,common-stock-net,retained-earnings-accumulated-deficit,comprehensive-income,total-share-holder-equity,total-liabilities-share-holders-equity,net-income-loss,total-depreciation-amortization-cash-flow,other-non-cash-items,total-non-cash-items,change-in-accounts-receivable,change-in-inventories,change-in-accounts-payable,change-in-assets-liabilities,total-change-in-assets-liabilities,cash-flow-from-operating-activities,net-change-in-property-plant-equipment,net-change-in-intangible-assets,net-acquisitions-divestitures,net-change-in-short-term-investments,net-change-in-long-term-investments,net-change-in-investments-total,investing-activities-other,cash-flow-from-investing-activities,net-long-term-debt,net-current-debt,debt-issuance-retirement-net-total,net-common-equity-issued-repurchased,net-total-equity-issued-repurchased,total-common-preferred-stock-dividends-paid,financial-activities-other,cash-flow-from-financial-activities,net-cash-flow,stock-based-compensation,common-stock-dividends-paid
0,2018-09-30,35.0,$-29.63,-1.18,$28.16,1.24,$7.27,4.81,$2.13,16.43,$0.02B,$0.02B,1.38,$0.18B,$-0.07B,-2.66,$0.07B,$0.03B,36.99%,$0.07B,$0.02B,31.51%,$0.07B,$0.02B,31.51%,$0.07B,$0.03B,38.36%,$0.07B,$0.01B,15.07%,$0.07B,$0.01B,8.22%,$0.01B,$-0.07B,-8.16%,$0.01B,$-0.07B,-8.16%,$0.01B,$0.13B,4.68%,$0.02B,$0.12B,20.86%,$19,$13,$7,$0,$1,$15,$5,$-3,$2,$1,$1,$1,$1,$6,$5,$2,3,$0.27,$0.24,$20,$0,$0,$20,$94,$0,$0,$19,$113,$133,$15,$184,$3,$188,$202,$0,$-41,$0,$-69,$133,$1,$1,$1,$2,$0,$0,$0,$1,$1,$4,$-0,$0,$0,$0,$0,$0,$0,$-0,$0,$0,$0,$-0,$-0,$0,$-1,$-1,$3,$0,$0
1,2018-06-30,26.71,$-29.98,-0.89,$28.45,0.94,$6.43,4.15,$1.72,15.53,$0.02B,$0.02B,1.15,$0.18B,$-0.07B,-2.64,$0.07B,$0.03B,36.11%,$0.07B,$0.02B,30.56%,$0.07B,$0.02B,30.56%,$0.07B,$0.03B,37.50%,$0.07B,$0.01B,12.50%,$0.07B,$0.01B,6.94%,$0.01B,$-0.07B,-6.64%,$0.01B,$-0.07B,-6.64%,$0.01B,$0.13B,3.91%,$0.02B,$0.11B,20.18%,$19,$8,$10,$0,$1,$6,$13,$-2,$10,$3,$8,$8,$5,$14,$13,$2,3,$2.19,$2.01,$18,$0,$0,$18,$94,$0,$0,$20,$114,$132,$15,$184,$2,$186,$202,$0,$-41,$0,$-70,$132,$6,$5,$1,$6,$0,$0,$0,$2,$-0,$11,$-1,$0,$-0,$0,$0,$0,$0,$-1,$-3,$0,$-3,$-1,$-1,$0,$-2,$-5,$5,$0,$0
2,2018-03-31,24.0,$-32.94,-0.73,$28.67,0.84,$4.65,5.16,$-0.89,0.0,$0.01B,$0.02B,0.74,$0.18B,$-0.08B,-2.37,$0.07B,$0.02B,32.86%,$0.07B,$0.01B,17.14%,$0.07B,$0.01B,17.14%,$0.07B,$0.02B,24.29%,$0.07B,$-0.00B,-2.86%,$0.07B,$-0.00B,-1.43%,$-0.00B,$-0.08B,1.31%,$-0.00B,$-0.08B,1.31%,$-0.00B,$0.12B,-0.78%,$0.01B,$0.11B,11.09%,$18,$12,$6,$0,$1,$15,$3,$-3,$1,$0,$1,$1,$1,$5,$3,$2,3,$0.22,$0.20,$12,$0,$0,$12,$94,$0,$0,$13,$111,$122,$16,$184,$0,$184,$200,$0,$-46,$0,$-77,$122,$-2,$4,$4,$7,$0,$0,$0,$0,$-1,$5,$-1,$0,$0,$0,$0,$0,$0,$-1,$-2,$0,$-2,$-0,$-0,$0,$-1,$-3,$1,$0,$0
3,2017-12-31,23.84,$-33.17,-0.72,$29.22,0.82,$5.70,4.18,$-1.15,0.0,$0.01B,$0.02B,0.59,$0.19B,$-0.08B,-2.36,$0.07B,$0.02B,31.88%,$0.07B,$0.01B,17.39%,$0.07B,$0.01B,17.39%,$0.07B,$0.02B,23.19%,$0.07B,$-0.00B,-4.35%,$0.07B,$-0.00B,-2.90%,$-0.00B,$-0.08B,2.64%,$-0.00B,$-0.08B,2.64%,$-0.00B,$0.13B,-1.53%,$0.01B,$0.11B,10.91%,$17,$13,$4,$0,$1,$15,$2,$-4,$-2,$0,$-3,$-3,$-1,$3,$2,$2,2,$-0.51,$-0.51,$10,$0,$0,$10,$95,$0,$0,$17,$116,$126,$17,$185,$3,$187,$204,$0,$-47,$0,$-78,$126,$-3,$3,$2,$5,$0,$0,$0,$1,$-0,$2,$-1,$0,$0,$0,$0,$0,$0,$-1,$-2,$0,$-2,$-0,$-0,$0,$-0,$-2,$-1,$0,$0
4,2017-09-30,24.05,$-32.01,-0.75,$29.05,0.83,$5.81,4.14,$-1.36,0.0,$0.01B,$0.02B,0.54,$0.19B,$-0.08B,-2.45,$0.07B,$0.02B,33.82%,$0.07B,$0.01B,19.12%,$0.07B,$0.01B,19.12%,$0.07B,$0.02B,25.00%,$0.07B,$-0.00B,-5.88%,$0.07B,$-0.00B,-4.41%,$-0.00B,$-0.08B,4.01%,$-0.00B,$-0.08B,4.01%,$-0.00B,$0.13B,-2.26%,$0.01B,$0.11B,11.63%,$18,$12,$6,$0,$1,$15,$4,$-4,$-0,$0,$-0,$-0,$-0,$5,$4,$2,2,$-0.17,$-0.17,$11,$0,$0,$11,$96,$0,$0,$20,$120,$131,$20,$185,$2,$187,$207,$0,$-46,$0,$-76,$131,$-0,$1,$1,$2,$0,$0,$0,$-1,$-0,$1,$-0,$0,$0,$0,$0,$0,$0,$-0,$0,$0,$0,$0,$0,$0,$-1,$-1,$0,$0,$0
5,2017-06-30,25.4,$-31.91,-0.8,$28.80,0.88,$4.96,5.12,$-0.71,0.0,$0.01B,$0.02B,0.53,$0.19B,$-0.08B,-2.47,$0.07B,$0.02B,33.82%,$0.07B,$0.01B,19.12%,$0.07B,$0.01B,19.12%,$0.07B,$0.02B,25.00%,$0.07B,$-0.00B,-1.47%,$0.07B,$-0.00B,-2.94%,$-0.00B,$-0.08B,2.71%,$-0.00B,$-0.08B,2.71%,$-0.00B,$0.13B,-1.49%,$0.01B,$0.11B,11.45%,$17,$11,$7,$0,$1,$15,$3,$-3,$-1,$0,$-1,$-1,$-1,$4,$3,$2,2,$-0.42,$-0.40,$10,$0,$0,$10,$97,$0,$0,$22,$123,$133,$19,$186,$3,$189,$209,$0,$-45,$0,$-75,$133,$-2,$5,$4,$10,$0,$0,$0,$1,$-2,$6,$-1,$0,$-0,$0,$0,$0,$-0,$-2,$-2,$0,$-2,$-1,$-1,$0,$-4,$-7,$-3,$0,$0
6,2017-03-31,25.2,$-31.38,-0.8,$29.50,0.85,$3.75,6.72,$-0.47,0.0,$0.01B,$0.02B,0.6,$0.19B,$-0.07B,-2.53,$0.07B,$0.02B,21.43%,$0.07B,$0.01B,18.57%,$0.07B,$0.01B,18.57%,$0.07B,$0.02B,24.29%,$0.07B,0,0.00%,$0.07B,$-0.00B,-1.43%,$-0.00B,$-0.07B,1.37%,$-0.00B,$-0.07B,1.37%,$-0.00B,$0.13B,-0.74%,$0.01B,$0.11B,11.35%,$17,$12,$5,$0,$1,$14,$3,$-3,$-0,$0,$-0,$-0,$-0,$4,$3,$2,2,$-0.06,$-0.06,$11,$0,$0,$11,$98,$0,$0,$22,$124,$134,$18,$187,$3,$191,$208,$0,$-44,$0,$-74,$134,$-1,$4,$4,$8,$0,$0,$0,$2,$-0,$7,$-1,$0,$-0,$0,$0,$0,$-0,$-1,$-3,$0,$-3,$-0,$-0,$0,$-1,$-5,$1,$0,$0
7,2016-12-31,26.9,$-31.22,-0.86,$29.80,0.9,$-0.99,0.0,$-1.63,0.0,$0.01B,$0.02B,0.49,$0.19B,$-0.07B,-2.52,$0.07B,$0.02B,21.13%,$0.07B,$0.01B,9.86%,$0.07B,$0.01B,9.86%,$0.07B,$0.01B,16.90%,$0.07B,$-0.01B,-9.86%,$0.07B,$-0.00B,-5.63%,$-0.00B,$-0.07B,5.48%,$-0.00B,$-0.07B,5.48%,$-0.00B,$0.13B,-2.95%,$0.01B,$0.11B,6.03%,$16,$11,$5,$0,$1,$13,$3,$-6,$-3,$-1,$-2,$-2,$-2,$4,$3,$2,2,$-0.72,$-0.72,$8,$0,$0,$8,$99,$0,$0,$22,$125,$133,$16,$187,$4,$191,$207,$0,$-44,$0,$-74,$133,$-0,$3,$3,$5,$0,$0,$0,$1,$-2,$3,$-1,$0,$-0,$0,$0,$0,$0,$-1,$-2,$0,$-2,$-0,$-0,$0,$-1,$-3,$-2,$0,$0
8,2016-09-30,24.3,$-30.05,-0.81,$30.12,0.81,$-2.55,0.0,$-2.71,0.0,$0.01B,$0.02B,0.46,$0.19B,$-0.07B,-2.64,$0.07B,$0.01B,19.44%,$0.07B,$0.01B,8.33%,$0.07B,$0.01B,8.33%,$0.07B,$0.01B,15.28%,$0.07B,$-0.01B,-16.67%,$0.07B,$-0.01B,-8.33%,$-0.01B,$-0.07B,8.39%,$-0.01B,$-0.07B,8.39%,$-0.01B,$0.14B,-4.40%,$0.01B,$0.12B,5.11%,$18,$12,$6,$0,$1,$14,$4,$-2,$3,$1,$2,$2,$1,$5,$4,$2,2,$0.50,$0.48,$8,$0,$0,$8,$101,$0,$0,$26,$130,$138,$17,$189,$3,$192,$209,$0,$-42,$0,$-72,$138,$2,$1,$-1,$1,$0,$0,$0,$-0,$-2,$-0,$-1,$0,$0,$0,$0,$0,$0,$-1,$0,$0,$0,$0,$0,$0,$-1,$-0,$-1,$0,$0
9,2016-06-30,25.5,$-30.76,-0.83,$30.26,0.84,$-1.90,0.0,$-3.00,0.0,$0.01B,$0.02B,0.46,$0.19B,$-0.07B,-2.56,$0.07B,$0.01B,19.18%,$0.07B,$0.01B,8.22%,$0.07B,$0.01B,8.22%,$0.07B,$0.01B,15.07%,$0.07B,$-0.01B,-19.18%,$0.07B,$-0.01B,-9.59%,$-0.01B,$-0.07B,10.11%,$-0.01B,$-0.07B,10.11%,$-0.01B,$0.14B,-5.11%,$0.01B,$0.12B,5.03%,$19,$19,$-1,$0,$1,$16,$3,$-3,$-0,$0,$-1,$-1,$-0,$4,$3,$2,2,$-0.17,$-0.16,$9,$0,$0,$9,$101,$0,$0,$21,$126,$135,$19,$188,$1,$189,$208,$0,$-44,$0,$-73,$135,$-9,$5,$13,$18,$0,$0,$0,$0,$-0,$9,$-7,$0,$-0,$0,$0,$0,$0,$-7,$-5,$0,$-5,$-0,$-0,$0,$-0,$-5,$-3,$0,$0
10,2016-03-31,25.06,$-30.57,-0.82,$29.55,0.85,$1.99,12.58,$-2.98,0.0,$0.01B,$0.02B,0.55,$0.19B,$-0.07B,-2.64,$0.07B,$0.02B,26.39%,$0.07B,$0.01B,8.33%,$0.07B,$0.01B,8.33%,$0.07B,$0.01B,15.28%,$0.07B,$-0.01B,-19.44%,$0.07B,$-0.01B,-9.72%,$-0.01B,$-0.07B,10.45%,$-0.01B,$-0.07B,10.45%,$-0.01B,$0.14B,-5.04%,$0.01B,$0.12B,4.94%,$18,$13,$5,$0,$1,$21,$-3,$-4,$-7,$-2,$-4,$-4,$-3,$-1,$-3,$2,2,$-1.22,$-1.22,$10,$0,$0,$10,$102,$0,$0,$22,$127,$137,$18,$192,$0,$192,$210,$0,$-43,$0,$-73,$137,$-9,$4,$7,$11,$0,$0,$0,$-0,$-2,$1,$-6,$0,$-0,$0,$0,$0,$0,$-6,$4,$0,$4,$-0,$-0,$-0,$1,$4,$-1,$0,$-0
11,2015-12-31,25.49,$-28.66,-0.89,$29.45,0.87,$9.62,2.65,$-1.76,0.0,$0.01B,$0.02B,0.51,$0.19B,$-0.07B,-2.74,$0.07B,$0.02B,25.00%,$0.07B,$0.01B,15.28%,$0.07B,$0.01B,15.28%,$0.07B,$0.02B,22.22%,$0.07B,0,0.00%,$0.07B,0,0.00%,$0.00B,$-0.07B,0.00%,$0.00B,$-0.07B,0.00%,$0.00B,$0.14B,0.00%,$0.01B,$0.12B,9.03%,$17,$14,$4,$0,$1,$16,$2,$-9,$-8,$-3,$-5,$-5,$-4,$3,$2,$2,2,$-1.80,$-1.80,$8,$0,$0,$8,$102,$0,$0,$24,$128,$136,$16,$187,$2,$189,$205,$0,$-40,$0,$-68,$136,$-4,$3,$6,$9,$0,$0,$0,$2,$-1,$3,$-5,$0,$-0,$0,$0,$0,$0,$-5,$-1,$0,$-1,$-0,$-0,$0,$-0,$-1,$-3,$0,$0
12,2015-09-30,27.66,$-26.54,-1.04,$29.78,0.93,$9.56,2.89,$-0.08,0.0,$0.01B,$0.02B,0.76,$0.19B,$-0.06B,-2.97,$0.07B,$0.02B,24.66%,$0.07B,$0.01B,15.07%,$0.07B,$0.01B,15.07%,$0.07B,$0.02B,21.92%,$0.07B,$0.01B,9.59%,$0.07B,$0.00B,5.48%,$0.00B,$-0.06B,-6.18%,$0.00B,$-0.06B,-6.18%,$0.00B,$0.14B,2.78%,$0.01B,$0.12B,8.96%,$19,$13,$6,$0,$1,$15,$4,$-2,$1,$1,$1,$1,$0,$5,$4,$2,2,$0.20,$0.19,$11,$0,$0,$11,$102,$0,$0,$27,$128,$140,$15,$188,$0,$188,$203,$0,$-36,$0,$-63,$140,$1,$1,$-0,$1,$0,$0,$0,$6,$2,$4,$-4,$0,$-0,$0,$0,$0,$0,$-4,$-0,$0,$-0,$-0,$-0,$0,$-0,$-1,$-0,$0,$0
13,2015-06-30,19.47,$-26.81,-0.73,$30.22,0.64,$8.29,2.35,$-0.59,0.0,$0.01B,$0.02B,0.6,$0.19B,$-0.06B,-2.94,$0.07B,$0.02B,23.29%,$0.07B,$0.01B,13.70%,$0.07B,$0.01B,13.70%,$0.07B,$0.02B,20.55%,$0.07B,$0.01B,6.85%,$0.07B,$0.00B,4.11%,$0.00B,$-0.06B,-4.56%,$0.00B,$-0.06B,-4.56%,$0.00B,$0.14B,2.00%,$0.01B,$0.12B,8.13%,$18,$13,$4,$0,$1,$15,$3,$-3,$-0,$0,$-0,$-0,$-0,$4,$3,$2,2,$-0.16,$-0.15,$11,$0,$0,$11,$100,$0,$0,$32,$132,$143,$19,$188,$0,$188,$207,$0,$-36,$0,$-64,$143,$2,$5,$-6,$-1,$0,$0,$0,$-0,$-1,$-0,$12,$0,$-0,$0,$0,$0,$-0,$12,$0,$-9,$-9,$-0,$-0,$0,$1,$-8,$4,$1,$0
14,2015-03-31,20.0,$-26.71,-0.75,$30.46,0.66,$3.15,6.35,$-0.09,0.0,$0.01B,$0.02B,0.78,$0.18B,$-0.06B,-2.89,$0.07B,$0.02B,20.55%,$0.07B,$0.01B,13.70%,$0.07B,$0.01B,13.70%,$0.07B,$0.02B,20.55%,$0.07B,$0.01B,6.85%,$0.07B,$0.00B,5.48%,$0.00B,$-0.06B,-6.02%,$0.00B,$-0.06B,-6.02%,$0.00B,$0.15B,2.57%,$0.01B,$0.12B,8.10%,$18,$14,$4,$0,$1,$16,$2,$5,$7,$3,$4,$4,$4,$4,$2,$2,2,$1.83,$1.80,$13,$0,$0,$13,$100,$0,$0,$32,$132,$145,$17,$184,$4,$192,$209,$0,$-36,$0,$-64,$145,$2,$4,$-6,$-2,$0,$0,$0,$2,$-0,$0,$13,$0,$-0,$0,$0,$0,$-0,$13,$-8,$0,$-8,$-0,$-0,$0,$0,$-7,$5,$1,$0
15,2014-12-31,17.61,$-28.43,-0.62,$29.68,0.59,$-3.02,0.0,$0.05,352.2,$0.01B,$0.02B,0.4,$0.19B,$-0.07B,-2.82,$0.07B,$0.02B,22.54%,$0.07B,$0.01B,14.08%,$0.07B,$0.01B,14.08%,$0.07B,$0.01B,19.72%,$0.07B,$-0.00B,-4.23%,$0.07B,0,0.00%,$0.00B,$-0.07B,0.00%,$0.00B,$-0.07B,0.00%,$0.00B,$0.15B,0.00%,$0.01B,$0.12B,8.06%,$18,$14,$4,$0,$1,$16,$2,$-2,$-1,$-0,$-1,$-1,$-0,$3,$2,$2,2,$-0.12,$-0.12,$6,$0,$0,$6,$105,$0,$0,$36,$140,$147,$16,$191,$6,$198,$214,$0,$-40,$0,$-68,$147,$-2,$2,$2,$4,$0,$0,$0,$-2,$-5,$-2,$0,$0,$-0,$0,$0,$0,$0,$-0,$-1,$0,$-1,$-0,$-0,$0,$0,$-1,$-4,$1,$0
16,2014-09-30,19.5,$-28.17,-0.69,$29.04,0.67,$-2.68,0.0,$-2.14,0.0,$0.03B,$0.02B,1.45,$0.19B,$-0.07B,-2.86,$0.07B,$0.02B,24.64%,$0.07B,$0.00B,4.35%,$0.07B,$0.00B,4.35%,$0.07B,$0.01B,10.14%,$0.07B,$-0.01B,-20.29%,$0.07B,$-0.01B,-7.25%,$-0.01B,$-0.07B,7.41%,$-0.01B,$-0.07B,7.41%,$-0.01B,$0.17B,-3.03%,$0.00B,$0.13B,2.42%,$19,$14,$5,$0,$1,$16,$3,$-4,$-1,$-0,$-1,$-1,$-1,$4,$3,$2,2,$-0.32,$-0.32,$27,$0,$0,$27,$106,$0,$0,$33,$139,$166,$18,$192,$21,$215,$233,$0,$-40,$0,$-67,$166,$-1,$1,$2,$3,$0,$0,$0,$0,$-3,$-1,$-2,$0,$0,$0,$0,$0,$0,$-2,$-0,$0,$-0,$0,$0,$0,$1,$0,$-2,$0,$0
17,2014-06-30,19.1,$-27.97,-0.68,$28.28,0.68,$-1.31,0.0,$-1.70,0.0,$0.03B,$0.02B,1.28,$0.19B,$-0.07B,-2.89,$0.07B,$0.02B,26.87%,$0.07B,$0.00B,5.97%,$0.07B,$0.00B,5.97%,$0.07B,$0.01B,11.94%,$0.07B,$-0.01B,-16.42%,$0.07B,$-0.00B,-5.97%,$-0.00B,$-0.07B,8.12%,$-0.00B,$-0.07B,8.12%,$-0.00B,$0.17B,-2.50%,$0.00B,$0.13B,3.24%,$18,$16,$2,$0,$1,$15,$3,$-3,$-0,$-1,$1,$1,$1,$4,$3,$2,2,$0.35,$0.35,$25,$0,$0,$25,$106,$0,$0,$35,$141,$165,$19,$193,$19,$213,$232,$0,$-39,$0,$-67,$165,$-7,$5,$5,$10,$0,$0,$0,$-7,$-0,$3,$-4,$0,$-0,$0,$0,$0,$-0,$-5,$157,$-86,$70,$0,$0,$0,$-66,$5,$3,$1,$0
18,2014-03-31,18.4,$-28.76,-0.64,$27.83,0.66,$-1.34,0.0,$-2.02,0.0,$0.02B,$0.02B,1.21,$0.19B,$-0.07B,-2.79,$0.07B,$0.02B,30.30%,$0.07B,$0.00B,6.06%,$0.07B,$0.00B,6.06%,$0.07B,$0.01B,12.12%,$0.07B,$-0.01B,-15.15%,$0.07B,$-0.01B,-7.58%,$-0.01B,$-0.07B,15.87%,$-0.01B,$-0.07B,15.87%,$-0.01B,$0.16B,-3.23%,$0.00B,$0.12B,3.27%,$16,$11,$5,$0,$1,$14,$2,$-2,$-1,$-0,$-1,$-1,$-0,$3,$2,$2,2,$-0.14,$-0.14,$22,$0,$0,$22,$105,$0,$0,$35,$140,$162,$18,$190,$20,$212,$230,$0,$-39,$0,$-68,$162,$-8,$3,$4,$7,$0,$0,$0,$-4,$1,$1,$-2,$0,$-0,$0,$0,$0,$-0,$-3,$68,$0,$68,$-0,$-0,$-64,$-1,$2,$0,$0,$-64
19,2013-12-31,18.49,$-28.56,-0.65,$27.24,0.68,$-1.54,0.0,$-2.24,0.0,$0.03B,$0.02B,1.29,$0.19B,$-0.07B,-2.82,$0.06B,$0.02B,28.13%,$0.06B,$0.00B,4.69%,$0.06B,$0.00B,4.69%,$0.06B,$0.01B,10.94%,$0.06B,$-0.01B,-15.63%,$0.06B,$-0.01B,-7.81%,$-0.01B,$-0.07B,36.36%,$-0.01B,$-0.07B,36.36%,$-0.01B,$0.17B,-3.32%,$0.00B,$0.12B,2.45%,$16,$12,$5,$0,$2,$22,$-5,$-6,$-12,$-2,$-9,$-9,$-5,$-4,$-5,$2,2,$-2.31,$-2.31,$25,$0,$0,$25,$105,$0,$0,$36,$141,$167,$20,$191,$22,$215,$234,$0,$-39,$0,$-68,$167,$-7,$2,$4,$7,$0,$0,$0,$-4,$1,$0,$-2,$0,$0,$0,$0,$0,$0,$-2,$68,$0,$68,$-0,$-0,$-64,$-1,$3,$1,$0,$-64
20,2013-09-30,19.68,$2.36,8.34,$26.69,0.74,$-2.04,0.0,$-0.43,0.0,$0.00B,$0.02B,0.26,$0.12B,$0.01B,21.1,$0.06B,$0.02B,25.40%,$0.06B,$0.01B,15.87%,$0.06B,$0.01B,15.87%,$0.06B,$0.01B,22.22%,$0.06B,0,0.00%,$0.06B,$-0.00B,-1.59%,$-0.00B,$0.01B,-23.53%,$-0.00B,$0.01B,-23.53%,$-0.00B,$0.15B,-0.69%,$0.01B,$0.12B,8.16%,$17,$12,$6,$0,$1,$14,$4,$-2,$2,$0,$2,$2,$0,$5,$4,$2,2,$0.12,$0.12,$4,$0,$0,$4,$107,$0,$0,$35,$142,$146,$15,$118,$2,$125,$140,$0,$10,$0,$6,$146,$2,$1,$-0,$1,$0,$0,$0,$0,$-1,$2,$-1,$0,$0,$0,$0,$0,$0,$-1,$-1,$0,$-1,$-0,$-0,$0,$0,$-0,$1,$0,$0
21,2013-06-30,20.99,$1.59,13.21,$26.05,0.81,$-2.86,0.0,$-0.31,0.0,$0.00B,$0.02B,0.26,$0.12B,$0.00B,31.59,$0.06B,$0.01B,22.58%,$0.06B,$0.01B,14.52%,$0.06B,$0.01B,14.52%,$0.06B,$0.01B,20.97%,$0.06B,0,0.00%,$0.06B,0,0.00%,$0.00B,$0.00B,0.00%,$0.00B,$0.00B,0.00%,$0.00B,$0.15B,0.00%,$0.01B,$0.12B,7.33%,$17,$13,$4,$0,$0,$14,$3,$-2,$1,$0,$1,$1,$0,$4,$3,$2,2,$0.03,$0.04,$4,$0,$0,$4,$107,$0,$0,$34,$141,$145,$15,$119,$3,$126,$141,$0,$10,$0,$4,$145,$1,$5,$1,$6,$0,$0,$0,$-3,$-2,$5,$-5,$0,$-0,$0,$0,$0,$0,$-6,$1,$0,$1,$-0,$-0,$0,$-1,$0,$-1,$0,$0
22,2013-03-31,23.83,$1.27,18.69,$25.12,0.95,$0.09,266.26,$-0.34,0.0,$0.00B,$0.01B,0.21,$0.12B,$0.00B,39.57,$0.06B,$0.01B,23.73%,$0.06B,$0.01B,13.56%,$0.06B,$0.01B,13.56%,$0.06B,$0.01B,20.34%,$0.06B,$-0.00B,-3.39%,$0.06B,$-0.00B,-1.69%,$-0.00B,$0.00B,-25.00%,$-0.00B,$0.00B,-25.00%,$-0.00B,$0.15B,-0.69%,$0.01B,$0.12B,6.53%,$14,$12,$3,$0,$1,$13,$1,$-2,$-1,$-0,$-0,$-0,$-0,$2,$1,$2,2,$-0.08,$-0.08,$3,$0,$0,$3,$107,$0,$0,$35,$142,$145,$13,$119,$5,$128,$142,$0,$10,$0,$3,$145,$-0,$3,$1,$5,$0,$0,$0,$-3,$-2,$2,$-5,$0,$-0,$0,$0,$0,$0,$-5,$2,$0,$2,$0,$0,$0,$-1,$1,$-1,$0,$0
23,2012-12-31,21.04,$1.52,13.81,$24.59,0.86,$2.80,7.51,$0.35,60.11,$0.00B,$0.01B,0.3,$0.12B,$0.00B,33.41,$0.06B,$0.01B,23.73%,$0.06B,$0.01B,15.25%,$0.06B,$0.01B,15.25%,$0.06B,$0.01B,22.03%,$0.06B,0,0.00%,$0.06B,$0.00B,1.69%,$0.00B,$0.00B,23.53%,$0.00B,$0.00B,23.53%,$0.00B,$0.14B,0.69%,$0.01B,$0.12B,7.35%,$15,$12,$3,$0,$0,$13,$2,$-4,$-2,$-1,$-1,$-1,$-1,$3,$2,$2,2,$-0.50,$-0.50,$4,$0,$0,$4,$107,$0,$0,$34,$141,$144,$12,$120,$4,$129,$141,$0,$10,$0,$4,$144,$0,$2,$1,$3,$0,$0,$0,$-3,$-3,$1,$-3,$0,$-0,$0,$0,$0,$0,$-3,$3,$0,$3,$0,$0,$0,$-1,$2,$-0,$0,$0
24,2012-09-30,23.66,$2.32,10.21,$23.83,0.99,$4.81,4.92,$0.85,27.84,$0.00B,$0.01B,0.29,$0.12B,$0.01B,21.69,$0.06B,$0.02B,25.86%,$0.06B,$0.01B,17.24%,$0.06B,$0.01B,17.24%,$0.06B,$0.01B,24.14%,$0.06B,$0.00B,5.17%,$0.06B,$0.00B,3.45%,$0.00B,$0.01B,47.06%,$0.00B,$0.01B,47.06%,$0.00B,$0.15B,1.38%,$0.01B,$0.12B,8.15%,$16,$11,$4,$0,$1,$13,$3,$-1,$2,$0,$2,$2,$1,$4,$3,$2,2,$0.25,$0.24,$4,$0,$0,$4,$106,$0,$0,$38,$144,$148,$14,$118,$5,$129,$143,$0,$11,$0,$5,$148,$2,$1,$-1,$0,$0,$0,$0,$-2,$-1,$1,$-2,$0,$-0,$0,$0,$0,$1,$-1,$1,$0,$1,$0,$0,$0,$0,$1,$1,$0,$0
25,2012-06-30,24.94,$1.53,16.33,$23.38,1.07,$5.80,4.3,$-0.67,0.0,$0.00B,$0.01B,0.33,$0.12B,$0.00B,32.64,$0.06B,$0.02B,28.07%,$0.06B,$0.01B,17.54%,$0.06B,$0.01B,17.54%,$0.06B,$0.01B,24.56%,$0.06B,$-0.00B,-5.26%,$0.06B,$-0.00B,-3.51%,$-0.00B,$0.00B,-50.00%,$-0.00B,$0.00B,-50.00%,$-0.00B,$0.14B,-1.40%,$0.01B,$0.12B,8.16%,$14,$11,$4,$0,$0,$12,$2,$-3,$-1,$-0,$-0,$-0,$-1,$3,$2,$2,2,$-0.32,$-0.30,$4,$0,$0,$4,$106,$0,$0,$30,$136,$140,$12,$117,$2,$124,$136,$0,$11,$0,$4,$140,$-1,$4,$2,$6,$0,$0,$0,$-0,$-0,$5,$1,$0,$-1,$0,$0,$0,$0,$1,$-3,$0,$-3,$-1,$-1,$0,$-1,$-5,$1,$0,$0
26,2012-03-31,19.9,$1.71,11.65,$22.29,0.89,$3.70,5.39,$-0.67,0.0,$0.00B,$0.01B,0.25,$0.12B,$0.00B,29.46,$0.06B,$0.02B,27.27%,$0.06B,$0.01B,14.55%,$0.06B,$0.01B,14.55%,$0.06B,$0.01B,23.64%,$0.06B,$-0.01B,-9.09%,$0.06B,$-0.00B,-3.64%,$-0.00B,$0.00B,-42.11%,$-0.00B,$0.00B,-42.11%,$-0.00B,$0.15B,-1.36%,$0.01B,$0.12B,6.45%,$14,$11,$3,$0,$1,$12,$2,$-1,$1,$0,$1,$1,$2,$3,$2,$2,2,$0.63,$0.61,$3,$0,$0,$3,$106,$0,$0,$39,$145,$148,$13,$118,$8,$131,$144,$0,$11,$0,$4,$148,$-0,$3,$2,$5,$0,$0,$0,$-2,$-3,$3,$2,$0,$-1,$0,$0,$0,$1,$2,$-2,$0,$-2,$-1,$-1,$0,$-1,$-4,$0,$0,$0
27,2011-12-31,18.0,$1.50,11.99,$21.57,0.83,$2.47,7.29,$-0.61,0.0,$0.01B,$0.01B,0.41,$0.12B,$0.00B,33.23,$0.05B,$0.02B,28.30%,$0.05B,$0.01B,13.21%,$0.05B,$0.01B,13.21%,$0.05B,$0.01B,22.64%,$0.05B,$-0.01B,-13.21%,$0.05B,$-0.00B,-3.77%,$-0.00B,$0.00B,-34.78%,$-0.00B,$0.00B,-34.78%,$-0.00B,$0.15B,-1.35%,$0.01B,$0.12B,5.58%,$14,$10,$4,$0,$0,$11,$3,$-2,$1,$-0,$1,$1,$0,$4,$3,$2,2,$0.00,$0.00,$5,$0,$0,$5,$107,$0,$0,$34,$140,$145,$12,$120,$5,$130,$142,$0,$10,$0,$4,$145,$-2,$2,$4,$6,$0,$0,$0,$-0,$-0,$4,$-2,$0,$-0,$0,$0,$0,$0,$-2,$0,$0,$0,$-0,$-0,$0,$-1,$-1,$2,$0,$0
28,2011-09-30,22.99,$1.60,14.41,$20.96,1.1,$0.69,33.41,$2.79,8.24,$0.00B,$0.01B,0.36,$0.12B,$0.00B,31.07,$0.05B,$0.02B,28.85%,$0.05B,$0.01B,11.54%,$0.05B,$0.01B,11.54%,$0.05B,$0.01B,23.08%,$0.05B,$0.01B,15.38%,$0.05B,$0.01B,13.46%,$0.01B,$0.00B,107.69%,$0.01B,$0.00B,107.69%,$0.01B,$0.14B,4.63%,$0.01B,$0.12B,4.72%,$15,$10,$5,$0,$0,$12,$3,$-7,$-4,$-2,$-3,$-3,$-3,$4,$3,$2,2,$-1.28,$-1.28,$4,$0,$0,$4,$109,$0,$0,$27,$136,$140,$12,$120,$1,$125,$136,$0,$10,$0,$4,$140,$-3,$1,$4,$5,$0,$0,$0,$0,$0,$2,$-1,$0,$0,$0,$0,$0,$0,$-0,$-1,$0,$-1,$-0,$-0,$0,$0,$-1,$1,$0,$0
29,2011-06-30,24.92,$2.71,9.19,$20.06,1.24,$0.87,28.6,$4.07,6.12,$0.00B,$0.01B,0.29,$0.12B,$0.01B,18.52,$0.05B,$0.01B,28.00%,$0.05B,$0.01B,10.00%,$0.05B,$0.01B,10.00%,$0.05B,$0.01B,22.00%,$0.05B,$0.01B,24.00%,$0.05B,$0.01B,20.00%,$0.01B,$0.01B,210.53%,$0.01B,$0.01B,210.53%,$0.01B,$0.15B,6.69%,$0.01B,$0.13B,3.99%,$12,$10,$3,$0,$0,$12,$0,$-3,$-3,$-1,$-2,$-2,$-1,$2,$0,$2,3,$-0.59,$-0.58,$4,$0,$0,$4,$107,$0,$0,$44,$151,$154,$12,$120,$9,$136,$148,$0,$13,$0,$7,$154,$10,$6,$-16,$-10,$0,$0,$0,$2,$3,$3,$-2,$0,$-0,$0,$0,$0,$-1,$-2,$0,$0,$0,$-1,$-1,$0,$0,$-0,$0,$0,$0
30,2011-03-31,21.24,$3.39,6.27,$20.49,1.04,$2.13,9.96,$3.69,5.76,$0.00B,$0.01B,0.32,$0.12B,$0.01B,14.78,$0.05B,$0.01B,27.45%,$0.05B,$0.01B,11.76%,$0.05B,$0.01B,11.76%,$0.05B,$0.01B,23.53%,$0.05B,$0.01B,25.49%,$0.05B,$0.01B,19.61%,$0.01B,$0.01B,444.44%,$0.01B,$0.01B,444.44%,$0.01B,$0.16B,6.94%,$0.01B,$0.13B,4.89%,$12,$9,$3,$0,$1,$11,$1,$-2,$-1,$-0,$-1,$-1,$2,$2,$1,$2,2,$0.67,$0.67,$3,$0,$0,$3,$101,$0,$0,$51,$152,$155,$10,$120,$10,$137,$147,$0,$14,$0,$8,$155,$12,$5,$-18,$-14,$0,$0,$0,$1,$-0,$-2,$3,$0,$0,$0,$0,$0,$0,$3,$-0,$0,$-0,$-1,$-1,$0,$0,$-1,$0,$0,$0
31,2010-12-31,21.61,$3.05,7.09,$20.07,1.08,$3.09,7.0,$2.92,7.4,$0.00B,$0.01B,0.33,$0.12B,$0.01B,16.6,$0.05B,$0.01B,26.00%,$0.05B,$0.01B,10.00%,$0.05B,$0.01B,10.00%,$0.05B,$0.01B,24.00%,$0.05B,$0.01B,26.00%,$0.05B,$0.01B,16.00%,$0.01B,$0.01B,-3200.00%,$0.01B,$0.01B,-3200.00%,$0.01B,$0.16B,5.72%,$0.01B,$0.13B,4.17%,$13,$9,$4,$0,$0,$11,$2,$14,$16,$5,$11,$11,$9,$4,$2,$2,3,$3.55,$3.40,$3,$0,$0,$3,$101,$0,$0,$52,$153,$156,$10,$123,$10,$139,$149,$0,$13,$0,$7,$156,$11,$3,$-15,$-12,$0,$0,$0,$1,$0,$-0,$-2,$0,$0,$0,$0,$0,$-0,$-2,$3,$0,$3,$0,$0,$0,$0,$3,$0,$0,$0
32,2010-09-30,16.91,$-1.32,-12.8,$19.74,0.86,$4.96,3.41,$-0.68,0.0,$0.00B,$0.01B,0.3,$0.12B,$-0.00B,-37.23,$0.05B,$0.01B,25.00%,$0.05B,$0.00B,8.33%,$0.05B,$0.00B,8.33%,$0.05B,$0.01B,22.92%,$0.05B,$-0.00B,-8.33%,$0.05B,$-0.00B,-2.08%,$-0.00B,$-0.00B,44.44%,$-0.00B,$-0.00B,44.44%,$-0.00B,$0.13B,-0.74%,$0.00B,$0.12B,3.41%,$13,$9,$4,$0,$0,$11,$2,$-2,$0,$0,$0,$0,$0,$3,$2,$2,2,$0.00,$0.00,$4,$0,$0,$4,$102,$0,$0,$27,$129,$133,$12,$119,$3,$123,$136,$0,$4,$0,$-3,$133,$0,$2,$-0,$2,$0,$0,$0,$1,$1,$3,$-1,$0,$0,$0,$0,$0,$-0,$-1,$-1,$0,$-1,$0,$0,$0,$0,$-1,$1,$0,$0
33,2010-06-30,15.26,$-1.41,-10.83,$19.34,0.79,$4.74,3.22,$-1.07,0.0,$0.00B,$0.01B,0.23,$0.12B,$-0.00B,-35.45,$0.05B,$0.01B,23.40%,$0.05B,$0.00B,6.38%,$0.05B,$0.00B,6.38%,$0.05B,$0.01B,23.40%,$0.05B,$-0.01B,-12.77%,$0.05B,$-0.00B,-4.26%,$-0.00B,$-0.00B,133.33%,$-0.00B,$-0.00B,133.33%,$-0.00B,$0.13B,-1.45%,$0.00B,$0.12B,2.54%,$13,$10,$3,$0,$0,$12,$1,$-3,$-2,$-0,$-2,$-2,$-1,$3,$1,$2,2,$-0.20,$-0.20,$3,$0,$0,$3,$108,$0,$0,$21,$129,$132,$12,$120,$2,$123,$136,$0,$4,$0,$-3,$132,$-5,$7,$6,$13,$0,$0,$0,$-4,$-3,$6,$-1,$0,$0,$0,$0,$0,$-2,$-3,$-2,$0,$-2,$0,$0,$0,$0,$-2,$0,$0,$0
34,2010-03-31,10.88,$-0.80,-13.54,$18.75,0.58,$4.75,2.29,$0.08,136.0,$0.00B,$0.01B,0.24,$0.12B,$-0.00B,-61.9,$0.05B,$0.01B,24.44%,$0.05B,$0.00B,6.67%,$0.05B,$0.00B,6.67%,$0.05B,$0.01B,24.44%,$0.05B,0,0.00%,$0.05B,$0.00B,2.22%,$0.00B,$-0.00B,-200.00%,$0.00B,$-0.00B,-200.00%,$0.00B,$0.14B,0.71%,$0.00B,$0.12B,2.51%,$11,$8,$2,$0,$0,$10,$0,$-2,$-1,$-0,$-1,$-1,$-0,$2,$0,$2,2,$-0.10,$-0.10,$3,$0,$0,$3,$103,$0,$0,$32,$135,$138,$14,$119,$6,$127,$140,$0,$5,$0,$-2,$138,$-3,$5,$6,$11,$0,$0,$0,$-3,$-3,$5,$-2,$0,$0,$0,$0,$0,$-1,$-3,$-2,$0,$-2,$0,$0,$0,$0,$-2,$1,$0,$0
35,2009-12-31,10.13,$-0.39,-25.91,$18.60,0.54,$4.85,2.09,$-0.35,0.0,$0.00B,$0.01B,0.26,$0.12B,$-0.00B,-128.13,$0.04B,$0.01B,25.00%,$0.04B,$0.00B,6.82%,$0.04B,$0.00B,6.82%,$0.04B,$0.01B,25.00%,$0.04B,$-0.00B,-4.55%,$0.04B,0,0.00%,$0.00B,$-0.00B,0.00%,$0.00B,$-0.00B,0.00%,$0.00B,$0.14B,0.00%,$0.00B,$0.12B,2.47%,$11,$8,$3,$0,$0,$10,$1,$-2,$-1,$-0,$-1,$-1,$-0,$3,$1,$2,2,$-0.20,$-0.20,$4,$0,$0,$4,$104,$0,$0,$29,$133,$136,$14,$120,$1,$123,$137,$0,$5,$0,$-1,$136,$-2,$3,$6,$9,$0,$0,$0,$-4,$-4,$4,$-1,$0,$0,$0,$0,$0,$-1,$-2,$-1,$0,$-1,$0,$0,$0,$0,$-1,$1,$0,$0
36,2009-09-30,9.85,$-0.09,-109.69,$18.74,0.53,$4.80,2.05,$-0.45,0.0,$0.00B,$0.02B,0.15,$0.12B,$0.00B,-556.81,$0.05B,$0.01B,24.44%,$0.05B,$0.00B,4.44%,$0.05B,$0.00B,4.44%,$0.05B,$0.01B,22.22%,$0.05B,$-0.00B,-4.44%,$0.05B,$-0.00B,-2.22%,$-0.00B,$0.00B,-40.00%,$-0.00B,$0.00B,-40.00%,$-0.00B,$0.14B,-0.70%,$0.00B,$0.12B,1.62%,$12,$8,$3,$0,$0,$10,$1,$-3,$-2,$-1,$-1,$-1,$-1,$3,$1,$2,2,$-0.57,$-0.57,$3,$0,$0,$3,$104,$0,$0,$37,$141,$144,$17,$120,$5,$127,$144,$0,$6,$0,$-0,$144,$-1,$2,$2,$3,$0,$0,$0,$-1,$-0,$2,$-0,$0,$0,$0,$0,$0,$-1,$-1,$-1,$0,$-1,$0,$0,$0,$0,$-1,$-0,$0,$0
37,2009-06-30,11.99,$0.45,26.84,$18.48,0.65,$5.65,2.12,$0.18,66.61,$0.00B,$0.01B,0.22,$0.12B,$0.00B,116.9,$0.05B,$0.01B,26.67%,$0.05B,$0.00B,6.67%,$0.05B,$0.00B,6.67%,$0.05B,$0.01B,22.22%,$0.05B,$0.00B,2.22%,$0.05B,$0.00B,2.22%,$0.00B,$0.00B,25.00%,$0.00B,$0.00B,25.00%,$0.00B,$0.14B,0.70%,$0.00B,$0.12B,2.40%,$11,$8,$3,$0,$0,$10,$1,$3,$4,$2,$2,$2,$2,$3,$1,$2,2,$0.79,$0.83,$3,$0,$0,$3,$108,$0,$0,$31,$140,$142,$12,$122,$5,$129,$141,$0,$7,$0,$1,$142,$-0,$7,$-3,$4,$0,$0,$0,$3,$2,$6,$-2,$0,$-0,$0,$0,$0,$-1,$-3,$-3,$0,$-3,$-0,$-0,$0,$-0,$-4,$-1,$0,$0
38,2009-03-31,12.0,$1.70,7.08,$19.19,0.63,$6.77,1.77,$-0.91,0.0,$0.00B,$0.01B,0.23,$0.12B,$0.00B,30.2,$0.05B,$0.01B,25.53%,$0.05B,$0.00B,4.26%,$0.05B,$0.00B,4.26%,$0.05B,$0.01B,19.15%,$0.05B,$-0.00B,-6.38%,$0.05B,$-0.00B,-4.26%,$-0.00B,$0.00B,-53.33%,$-0.00B,$0.00B,-53.33%,$-0.00B,$0.14B,-1.39%,$0.00B,$0.13B,1.59%,$10,$8,$2,$0,$0,$10,$0,$-3,$-3,$-1,$-2,$-2,$-1,$2,$0,$2,2,$-0.59,$-0.59,$3,$0,$0,$3,$110,$0,$0,$30,$140,$142,$11,$121,$2,$127,$138,$0,$4,$0,$4,$142,$-2,$5,$2,$7,$0,$0,$0,$1,$1,$5,$-1,$0,$-0,$0,$0,$0,$-0,$-2,$-4,$0,$-4,$0,$0,$0,$-0,$-4,$-1,$0,$0
39,2008-12-31,12.0,$2.27,5.29,$20.06,0.6,$6.26,1.92,$-1.19,0.0,$0.00B,$0.01B,0.21,$0.12B,$0.01B,22.72,$0.05B,$0.01B,26.53%,$0.05B,$0.00B,6.12%,$0.05B,$0.00B,6.12%,$0.05B,$0.01B,20.41%,$0.05B,$-0.00B,-8.16%,$0.05B,$-0.00B,-6.12%,$-0.00B,$0.01B,-75.00%,$-0.00B,$0.01B,-75.00%,$-0.00B,$0.15B,-2.07%,$0.00B,$0.13B,2.37%,$12,$9,$3,$0,$0,$12,$0,$-1,$-1,$-0,$-1,$-1,$-1,$2,$0,$2,2,$-0.30,$-0.30,$2,$0,$0,$2,$111,$0,$0,$32,$144,$146,$12,$121,$3,$129,$141,$0,$5,$0,$5,$146,$-0,$3,$0,$4,$0,$0,$0,$1,$1,$3,$-1,$0,$0,$0,$0,$0,$-1,$-1,$-3,$0,$-3,$0,$0,$0,$-0,$-3,$-1,$0,$0
40,2008-09-30,16.75,$2.49,6.73,$19.89,0.84,$6.37,2.63,$-0.76,0.0,$0.00B,$0.01B,0.27,$0.12B,$0.01B,20.64,$0.05B,$0.01B,26.00%,$0.05B,$0.00B,8.00%,$0.05B,$0.00B,8.00%,$0.05B,$0.01B,22.00%,$0.05B,$-0.00B,-4.00%,$0.05B,$-0.00B,-4.00%,$-0.00B,$0.01B,-44.44%,$-0.00B,$0.01B,-44.44%,$-0.00B,$0.15B,-1.35%,$0.00B,$0.13B,4.12%,$12,$9,$4,$0,$0,$11,$2,$-1,$1,$0,$0,$0,$1,$3,$2,$2,3,$0.26,$0.22,$3,$0,$0,$3,$112,$0,$0,$30,$142,$145,$11,$121,$2,$128,$139,$0,$6,$0,$6,$145,$1,$2,$0,$2,$0,$0,$0,$1,$2,$4,$-1,$0,$0,$0,$0,$0,$-0,$-1,$-0,$-3,$-4,$0,$0,$0,$-0,$-4,$-1,$0,$0
41,2008-06-30,15.78,$0.15,107.06,$20.76,0.76,$7.95,1.99,$-0.46,0.0,$0.00B,$0.01B,0.34,$0.12B,$0.00B,358.97,$0.05B,$0.01B,23.53%,$0.05B,$0.00B,5.88%,$0.05B,$0.00B,5.88%,$0.05B,$0.01B,21.57%,$0.05B,$-0.01B,-11.76%,$0.05B,$-0.00B,-3.92%,$-0.00B,$0.00B,-42.11%,$-0.00B,$0.00B,-42.11%,$-0.00B,$0.14B,-1.34%,$0.00B,$0.13B,4.48%,$13,$10,$3,$0,$1,$13,$0,$-1,$-0,$1,$-1,$-1,$-1,$2,$0,$2,2,$-0.32,$-0.30,$4,$0,$0,$4,$113,$0,$0,$24,$138,$141,$10,$124,$3,$131,$141,$0,$1,$0,$0,$141,$-1,$7,$-1,$6,$0,$0,$0,$-0,$-2,$3,$4,$0,$-0,$0,$0,$0,$-0,$3,$-6,$0,$-6,$-0,$-0,$0,$-1,$-6,$-0,$0,$0
42,2008-03-31,18.0,$2.19,8.22,$28.71,0.63,$6.44,2.8,$-0.93,0.0,$0.00B,$0.01B,0.17,$0.12B,$0.01B,24.07,$0.07B,$0.04B,58.57%,$0.07B,$0.04B,50.00%,$0.07B,$0.04B,50.00%,$0.07B,$0.04B,60.00%,$0.07B,$0.03B,37.14%,$0.07B,$-0.00B,-4.29%,$-0.00B,$0.01B,-50.00%,$-0.00B,$0.01B,-50.00%,$-0.00B,$0.15B,-1.94%,$0.04B,$0.13B,94.59%,$12,$9,$3,$0,$0,$11,$1,$-5,$-4,$-2,$-3,$-2,$-2,$3,$1,$2,2,$-0.81,$-0.81,$2,$0,$0,$2,$114,$0,$0,$31,$146,$148,$11,$124,$2,$131,$142,$0,$5,$0,$5,$148,$-0,$5,$-2,$3,$0,$0,$0,$-4,$-5,$-2,$4,$0,$-0,$0,$0,$0,$3,$7,$-6,$0,$-6,$-0,$-0,$0,$-1,$-7,$-2,$0,$0
43,2007-12-31,18.19,$0.00,0.0,$28.00,0.65,$4.79,3.79,$-0.15,0.0,$0.00B,$0.02B,0.14,$0.00B,$0.01B,0.0,$0.07B,$0.04B,58.82%,$0.07B,$0.03B,48.53%,$0.07B,$0.03B,48.53%,$0.07B,$0.04B,58.82%,$0.07B,$0.03B,42.65%,$0.07B,$-0.00B,-1.47%,$-0.00B,$0.01B,-15.38%,$-0.00B,$0.01B,-15.38%,$-0.00B,$0.16B,-0.63%,$0.03B,$0.01B,507.69%,$13,$9,$3,$0,$0,$11,$1,$-1,$1,$0,$0,$0,$0,$3,$1,$2,3,$0.15,$0.13,$2,$0,$0,$2,$0,$0,$0,$155,$155,$158,$16,$0,$10,$15,$150,$0,$7,$0,$7,$158,$2,$3,$-5,$-1,$0,$0,$0,$-2,$-2,$-2,$5,$0,$-0,$0,$0,$0,$2,$7,$-6,$-0,$-6,$-0,$-0,$0,$-1,$-7,$-2,$0,$0
44,2007-09-30,17.93,$0.00,0.0,$28.16,0.64,$4.12,4.35,$-0.54,0.0,$0.01B,$0.01B,0.57,$0.00B,$0.01B,0.0,$0.07B,$0.05B,68.18%,$0.07B,$0.03B,46.97%,$0.07B,$0.03B,46.97%,$0.07B,$0.04B,54.55%,$0.07B,$0.03B,40.91%,$0.07B,$-0.00B,-3.03%,$-0.00B,$0.01B,-30.77%,$-0.00B,$0.01B,-30.77%,$-0.00B,$0.15B,-1.25%,$0.03B,$0.01B,476.92%,$13,$9,$3,$0,$0,$12,$1,$-4,$-3,$-1,$-1,$-1,$1,$3,$1,$2,2,$0.54,$0.54,$8,$0,$0,$8,$0,$0,$0,$143,$143,$151,$14,$0,$6,$10,$145,$0,$7,$0,$7,$151,$1,$2,$-3,$-2,$0,$0,$0,$1,$2,$1,$6,$0,$0,$0,$0,$0,$1,$6,$-6,$-3,$-9,$0,$0,$0,$0,$-9,$-1,$0,$0
45,2007-06-30,18.24,$0.00,0.0,$22.73,0.8,$1.18,15.5,$-1.52,0.0,$0.02B,$0.02B,1.44,$0.00B,$0.01B,0.0,$0.05B,$0.04B,79.25%,$0.05B,$0.03B,56.60%,$0.05B,$0.03B,56.60%,$0.05B,$0.03B,62.26%,$0.05B,$0.03B,56.60%,$0.05B,$-0.00B,-7.55%,$-0.00B,$0.01B,-84.21%,$-0.00B,$0.01B,-84.21%,$-0.00B,$0.16B,-3.27%,$0.03B,$0.01B,631.58%,$32,$0,$32,$0,$0,$0,$32,$0,$32,$0,$32,$-2,$-2,$33,$32,$2,2,$-0.79,$-0.79,$24,$0,$0,$24,$0,$0,$0,$136,$136,$160,$17,$0,$12,$12,$154,$0,$6,$0,$5,$160,$-4,$7,$-2,$7,$0,$0,$0,$-1,$2,$3,$0,$0,$0,$0,$0,$-4,$-1,$-5,$2,$0,$2,$-0,$-0,$-1,$0,$1,$-1,$0,$0
46,2007-03-31,19.2,$0.00,0.0,$9.26,2.07,$-0.20,0.0,$-1.44,0.0,$0.02B,$0.02B,1.51,$0.00B,$0.01B,0.0,$0.02B,$0.01B,47.62%,$0.02B,$-0.00B,-9.52%,$0.02B,$-0.00B,-9.52%,$0.02B,0,0.00%,$0.02B,$-0.00B,-9.52%,$0.02B,$-0.00B,-19.05%,$-0.00B,$0.01B,-114.29%,$-0.00B,$0.01B,-114.29%,$-0.00B,$0.17B,-4.85%,$-0.00B,$0.01B,-57.14%,$10,$9,$2,$0,$1,$11,$-1,$-0,$-1,$-0,$-0,$-0,$-0,$1,$-1,$2,2,$-0.11,$-0.11,$24,$0,$0,$24,$0,$0,$0,$141,$141,$166,$16,$0,$15,$16,$159,$0,$8,$0,$7,$166,$-2,$5,$-1,$4,$0,$0,$0,$-3,$-1,$1,$-2,$0,$-0,$0,$0,$0,$0,$-2,$2,$0,$2,$-0,$-0,$0,$-1,$1,$0,$0,$0
47,2006-12-31,18.6,$0.00,0.0,$4.82,3.86,$0.37,49.92,$-1.05,0.0,$0.02B,$0.03B,0.74,$0.00B,$0.01B,0.0,$0.01B,$0.01B,72.73%,$0.01B,$-0.00B,-9.09%,$0.01B,$-0.00B,-9.09%,$0.01B,$-0.00B,-9.09%,$0.01B,$-0.00B,-9.09%,$0.01B,$-0.00B,-27.27%,$-0.00B,$0.01B,-171.43%,$-0.00B,$0.01B,-171.43%,$-0.00B,$0.16B,-7.32%,$-0.00B,$0.01B,-57.14%,$11,$3,$8,$0,$7,$12,$-1,$-1,$-1,$-1,$-1,$-1,$-1,$-1,$-1,$2,2,$-0.26,$-0.26,$24,$0,$0,$24,$0,$0,$0,$140,$140,$164,$32,$0,$14,$17,$157,$0,$8,$0,$7,$164,$-2,$3,$0,$3,$0,$0,$0,$0,$-2,$1,$0,$0,$0,$0,$0,$-1,$0,$-1,$0,$0,$-0,$0,$-0,$0,$0,$-0,$-1,$0,$0
