,Date,Stock Price,Book Value per Share,Price to Book Ratio,TTM Sales per Share,Price to Sales Ratio,TTM FCF per Share,Price to FCF Ratio,TTM Net EPS,PE Ratio,Current Assets,Current Liabilities,Current Ratio,Long Term Debt,Shareholder's Equity_x,Debt to Equity Ratio,TTM Revenue_x,TTM Gross Profit,Gross Margin,TTM Revenue_y,TTM Operating Income,Operating Margin,TTM Revenue_x,TTM EBIT,EBIT Margin,TTM Revenue_y,TTM EBITDA,EBITDA Margin,TTM Revenue_x,TTM Pre-Tax Income,Pre-Tax Margin,TTM Revenue_y,TTM Net Income_x,Net Margin,TTM Net Income_y,Shareholder's Equity_y,Return on Equity,TTM Net Income_x,Tangible Equity,Return on Tangible Equity,TTM Net Income_y,Total Assets,Return on Assets,TTM Net Income,LT Investments & Debt,Return on Investment,revenue,cost-goods-sold,gross-profit,research-development-expenses,selling-general-administrative-expenses,operating-expenses,operating-income,total-non-operating-income-expense,pre-tax-income,total-provision-income-taxes,income-after-taxes,income-from-continuous-operations,net-income,ebitda,ebit,basic-shares-outstanding,shares-outstanding,eps-basic-net-earnings-per-share,eps-earnings-per-share-diluted,cash-on-hand,inventory,other-current-assets,total-current-assets,net-property-plant-equipment,long-term-investments,goodwill-intangible-assets-total,other-long-term-assets,total-long-term-assets,total-assets,total-current-liabilities,long-term-debt,other-non-current-liabilities,total-long-term-liabilities,total-liabilities,common-stock-net,retained-earnings-accumulated-deficit,comprehensive-income,total-share-holder-equity,total-liabilities-share-holders-equity,net-income-loss,total-depreciation-amortization-cash-flow,other-non-cash-items,total-non-cash-items,change-in-accounts-receivable,change-in-inventories,change-in-accounts-payable,change-in-assets-liabilities,total-change-in-assets-liabilities,cash-flow-from-operating-activities,net-change-in-property-plant-equipment,net-change-in-intangible-assets,net-acquisitions-divestitures,net-change-in-short-term-investments,net-change-in-long-term-investments,net-change-in-investments-total,investing-activities-other,cash-flow-from-investing-activities,net-long-term-debt,net-current-debt,debt-issuance-retirement-net-total,net-common-equity-issued-repurchased,net-total-equity-issued-repurchased,total-common-preferred-stock-dividends-paid,financial-activities-other,cash-flow-from-financial-activities,net-cash-flow,stock-based-compensation,common-stock-dividends-paid
0,2018-06-30,51.71,$25.82,2.0,$1812.68,0.03,$-19.89,0.0,$0.79,65.46,$7.14B,$4.99B,1.43,$0.20B,$0.49B,0.42,$33.93B,$0.64B,1.88%,$33.93B,$0.12B,0.37%,$33.93B,$0.12B,0.37%,$33.93B,$0.14B,0.42%,$33.93B,$0.06B,0.17%,$33.93B,$0.02B,0.05%,$0.02B,$0.49B,3.46%,$0.02B,$0.43B,3.96%,$0.02B,$7.29B,0.23%,$0.12B,$0.69B,17.52%,$7118,$6942,$177,$4,$110,$7065,$53,$-20,$33,$9,$24,$24,$24,$58,$53,$19,19,$1.27,$1.25,$2506,$2216,$0,$7140,$41,$0,$56,$47,$145,$7285,$4994,$204,$1599,$1803,$6797,$0,$301,$-33,$488,$7285,$40,$14,$23,$37,$432,$-664,$331,$-269,$-164,$-87,$-9,$0,$0,$0,$0,$0,$0,$-9,$-1,$131,$130,$3,$3,$0,$-7,$126,$33,$0,$0
1,2018-03-31,42.68,$24.74,1.73,$1731.98,0.02,$-16.06,0.0,$0.20,213.4,$7.06B,$4.62B,1.53,$0.56B,$0.47B,1.2,$32.32B,$0.60B,1.84%,$32.32B,$0.10B,0.30%,$32.32B,$0.10B,0.30%,$32.32B,$0.12B,0.36%,$32.32B,$0.04B,0.13%,$32.32B,$0.00B,0.01%,$0.00B,$0.47B,0.87%,$0.00B,$0.41B,1.00%,$0.00B,$7.20B,0.06%,$0.10B,$1.03B,14.08%,$6507,$6334,$173,$3,$110,$6459,$49,$-19,$30,$7,$23,$23,$22,$53,$49,$19,19,$1.20,$1.18,$2712,$2176,$0,$7059,$41,$0,$57,$46,$145,$7204,$4616,$559,$1563,$2122,$6737,$0,$277,$-28,$467,$7204,$16,$9,$20,$29,$-74,$-1206,$146,$1008,$-121,$-76,$-7,$0,$0,$0,$0,$0,$0,$-7,$-0,$111,$110,$2,$2,$0,$-6,$106,$21,$0,$0
2,2017-12-31,42.53,$23.56,1.81,$1679.57,0.03,$-14.36,0.0,$-0.40,0.0,$6.66B,$4.61B,1.45,$0.11B,$0.44B,0.25,$31.27B,$0.56B,1.78%,$31.27B,$0.07B,0.23%,$31.27B,$0.07B,0.23%,$31.27B,$0.09B,0.29%,$31.27B,$0.03B,0.08%,$31.27B,$-0.01B,-0.02%,$-0.01B,$0.44B,-1.54%,$-0.01B,$0.39B,-1.77%,$-0.01B,$6.81B,-0.11%,$0.07B,$0.55B,12.56%,$7919,$7774,$145,$4,$99,$7886,$33,$-14,$19,$26,$-7,$-7,$-7,$38,$33,$18,18,$-0.37,$-0.37,$1441,$2301,$0,$6659,$40,$0,$58,$52,$150,$6809,$4607,$109,$1650,$1759,$6366,$0,$255,$-27,$443,$6809,$-7,$5,$20,$25,$-68,$-210,$76,$-3,$-204,$-186,$-3,$0,$0,$0,$0,$0,$0,$-3,$-0,$193,$193,$2,$2,$0,$-3,$191,$7,$0,$0
3,2017-09-30,38.32,$24.02,1.6,$1578.27,0.02,$-10.56,0.0,$0.31,123.61,$6.10B,$4.29B,1.42,$0.11B,$0.45B,0.25,$29.42B,$0.54B,1.82%,$29.42B,$0.06B,0.19%,$29.42B,$0.06B,0.19%,$29.42B,$0.08B,0.26%,$29.42B,$0.01B,0.05%,$29.42B,$0.01B,0.02%,$0.01B,$0.45B,1.32%,$0.01B,$0.39B,1.52%,$0.01B,$6.24B,0.10%,$0.06B,$0.56B,10.26%,$12383,$12239,$143,$4,$81,$12393,$-11,$-12,$-23,$1,$-24,$-24,$-23,$-6,$-11,$18,19,$-1.27,$-1.27,$1327,$1857,$0,$6095,$39,$0,$59,$50,$149,$6243,$4289,$111,$1393,$1504,$5794,$0,$262,$-25,$450,$6243,$6,$18,$41,$59,$-997,$517,$147,$281,$-51,$14,$-16,$-0,$-6,$0,$0,$0,$0,$-22,$-46,$48,$2,$3,$3,$0,$0,$6,$-1,$0,$0
4,2017-06-30,37.76,$25.08,1.51,$1064.78,0.04,$-12.76,0.0,$2.48,15.23,$6.05B,$4.12B,1.47,$0.15B,$0.47B,0.32,$19.82B,$0.51B,2.58%,$19.82B,$0.09B,0.44%,$19.82B,$0.09B,0.44%,$19.82B,$0.11B,0.56%,$19.82B,$0.06B,0.28%,$19.82B,$0.05B,0.23%,$0.05B,$0.47B,10.21%,$0.05B,$0.41B,11.78%,$0.05B,$6.20B,0.74%,$0.09B,$0.62B,16.56%,$5506,$5371,$135,$3,$96,$5480,$26,$-11,$15,$2,$13,$13,$12,$31,$26,$18,19,$0.67,$0.66,$1626,$1952,$0,$6046,$33,$0,$61,$56,$150,$6196,$4121,$148,$1458,$1606,$5727,$0,$285,$-27,$469,$6196,$30,$14,$-2,$11,$-510,$317,$-84,$219,$-56,$-15,$-9,$0,$-6,$0,$0,$0,$0,$-15,$-46,$63,$16,$3,$3,$0,$-1,$19,$-10,$0,$0
5,2017-03-31,37.96,$24.42,1.55,$1036.10,0.04,$-13.90,0.0,$2.60,14.6,$6.39B,$4.53B,1.41,$0.11B,$0.46B,0.24,$19.18B,$0.50B,2.61%,$19.18B,$0.09B,0.47%,$19.18B,$0.09B,0.47%,$19.18B,$0.11B,0.56%,$19.18B,$0.06B,0.32%,$19.18B,$0.05B,0.26%,$0.05B,$0.46B,11.21%,$0.05B,$0.40B,12.96%,$0.05B,$6.53B,0.79%,$0.09B,$0.56B,18.51%,$5461,$5327,$134,$3,$96,$5437,$24,$-10,$14,$3,$11,$11,$11,$29,$24,$18,19,$0.58,$0.58,$2194,$2088,$0,$6386,$32,$0,$61,$49,$142,$6529,$4534,$107,$1432,$1539,$6073,$0,$272,$-25,$456,$6529,$17,$9,$-0,$9,$5,$126,$-45,$-158,$-71,$-45,$-6,$0,$-6,$0,$0,$0,$0,$-12,$-46,$81,$35,$3,$3,$0,$-0,$37,$-20,$0,$0
6,2016-12-31,39.6,$23.77,1.67,$941.22,0.04,$-19.47,0.0,$2.78,14.24,$6.13B,$4.28B,1.43,$0.00B,$0.44B,0.0,$17.43B,$0.49B,2.79%,$17.43B,$0.09B,0.53%,$17.43B,$0.09B,0.53%,$17.43B,$0.11B,0.63%,$17.43B,$0.07B,0.39%,$17.43B,$0.05B,0.30%,$0.05B,$0.44B,12.46%,$0.05B,$0.38B,14.44%,$0.05B,$6.29B,0.88%,$0.09B,$0.44B,20.26%,$6074,$5951,$123,$4,$92,$6057,$17,$-9,$8,$2,$6,$6,$6,$22,$17,$18,18,$0.34,$0.34,$2032,$1942,$0,$6128,$31,$0,$62,$70,$163,$6291,$4282,$0,$1566,$1566,$5848,$0,$261,$-26,$443,$6291,$6,$4,$-1,$3,$-164,$234,$-191,$-8,$-126,$-117,$-3,$0,$-6,$0,$0,$0,$0,$-9,$-46,$130,$84,$2,$2,$0,$1,$87,$-37,$0,$0
7,2016-09-30,38.85,$23.53,1.65,$791.62,0.05,$-17.70,0.0,$2.90,13.4,$5.80B,$4.31B,1.35,$0.05B,$0.43B,0.1,$14.76B,$0.47B,3.21%,$14.76B,$0.09B,0.64%,$14.76B,$0.09B,0.64%,$14.76B,$0.11B,0.74%,$14.76B,$0.07B,0.49%,$14.76B,$0.06B,0.38%,$0.06B,$0.43B,13.48%,$0.06B,$0.38B,15.63%,$0.06B,$5.95B,0.98%,$0.09B,$0.48B,20.41%,$2778,$2659,$119,$3,$85,$2757,$20,$-1,$19,$2,$17,$17,$17,$28,$20,$18,19,$0.91,$0.90,$2062,$1730,$0,$5802,$29,$0,$57,$62,$148,$5950,$4305,$45,$1167,$1212,$5517,$0,$255,$-25,$434,$5950,$55,$14,$-2,$12,$304,$-230,$126,$-303,$-94,$-28,$-15,$-0,$-20,$0,$0,$0,$0,$-36,$-1,$142,$141,$-16,$-16,$0,$-4,$121,$48,$0,$0
8,2016-06-30,27.29,$22.59,1.21,$781.33,0.03,$-13.86,0.0,$3.09,8.83,$5.93B,$5.61B,1.06,$0.05B,$0.42B,0.11,$14.61B,$0.49B,3.33%,$14.61B,$0.11B,0.74%,$14.61B,$0.11B,0.74%,$14.61B,$0.12B,0.81%,$14.61B,$0.08B,0.56%,$14.61B,$0.06B,0.41%,$0.06B,$0.42B,14.77%,$0.06B,$0.36B,17.20%,$0.06B,$6.07B,1.09%,$0.11B,$0.46B,23.91%,$4869,$4744,$125,$3,$84,$4839,$29,$-8,$21,$7,$15,$15,$15,$29,$29,$18,18,$0.79,$0.78,$1964,$2084,$0,$5934,$27,$0,$57,$49,$132,$6066,$5605,$46,$0,$46,$5650,$0,$238,$-24,$416,$6066,$38,$7,$10,$16,$226,$-121,$64,$-257,$-86,$-32,$-12,$0,$0,$0,$0,$0,$0,$-12,$-1,$171,$170,$-17,$-17,$0,$-4,$149,$97,$4,$0
9,2016-03-31,26.73,$21.84,1.22,$724.94,0.04,$-11.60,0.0,$2.93,9.12,$5.53B,$5.20B,1.06,$0.05B,$0.41B,0.11,$13.73B,$0.47B,3.42%,$13.73B,$0.10B,0.74%,$13.73B,$0.10B,0.74%,$13.73B,$0.11B,0.83%,$13.73B,$0.08B,0.57%,$13.73B,$0.06B,0.42%,$0.06B,$0.41B,14.33%,$0.06B,$0.35B,16.79%,$0.06B,$5.66B,1.12%,$0.10B,$0.45B,22.77%,$3709,$3589,$120,$2,$78,$3682,$27,$-7,$20,$6,$15,$15,$15,$31,$27,$19,19,$0.77,$0.76,$1836,$1896,$0,$5530,$24,$0,$57,$47,$128,$5658,$5204,$46,$0,$46,$5250,$0,$224,$-24,$408,$5658,$23,$7,$3,$10,$233,$-430,$-108,$124,$-181,$-147,$-8,$0,$0,$0,$0,$0,$0,$-8,$-0,$110,$110,$-9,$-9,$0,$-4,$97,$-65,$0,$0
10,2015-12-31,33.46,$21.18,1.58,$1288.97,0.03,$-3.22,0.0,$2.84,11.78,$5.09B,$4.77B,1.07,$0.05B,$0.40B,0.11,$24.47B,$0.46B,1.88%,$24.47B,$0.10B,0.40%,$24.47B,$0.10B,0.40%,$24.47B,$0.11B,0.45%,$24.47B,$0.08B,0.31%,$24.47B,$0.06B,0.22%,$0.06B,$0.40B,14.17%,$0.06B,$0.35B,16.72%,$0.06B,$5.22B,1.14%,$0.10B,$0.45B,22.36%,$3400,$3291,$109,$3,$77,$3382,$18,$-6,$12,$3,$9,$9,$9,$21,$18,$19,19,$0.47,$0.46,$1613,$1611,$0,$5094,$24,$0,$58,$41,$123,$5217,$4768,$46,$0,$46,$4814,$0,$209,$-23,$404,$5217,$9,$3,$-1,$2,$81,$-99,$-197,$121,$-94,$-83,$-6,$0,$0,$0,$0,$0,$0,$-6,$-0,$100,$99,$2,$2,$0,$1,$102,$6,$0,$0
11,2015-09-30,24.69,$21.11,1.17,$1836.30,0.01,$2.79,8.86,$2.87,8.6,$4.95B,$3.62B,1.37,$0.05B,$0.40B,0.12,$34.69B,$0.45B,1.29%,$34.69B,$0.10B,0.27%,$34.69B,$0.10B,0.27%,$34.69B,$0.11B,0.31%,$34.69B,$0.08B,0.22%,$34.69B,$0.06B,0.16%,$0.06B,$0.40B,14.63%,$0.06B,$0.34B,17.36%,$0.06B,$5.07B,1.28%,$0.10B,$0.44B,22.53%,$2628,$2496,$132,$3,$83,$2594,$34,$-5,$29,$8,$21,$21,$21,$37,$34,$19,19,$1.12,$1.09,$1350,$1455,$0,$4951,$20,$0,$58,$42,$119,$5070,$3620,$46,$1007,$1053,$4673,$0,$200,$-18,$397,$5070,$56,$12,$11,$23,$-139,$-509,$606,$-1,$-41,$38,$-9,$-1,$-8,$0,$2,$2,$0,$-16,$4,$16,$19,$-2,$-2,$0,$-2,$15,$37,$0,$0
12,2015-06-30,33.24,$20.12,1.65,$2254.42,0.01,$7.97,4.17,$2.07,16.06,$4.37B,$4.06B,1.08,$0.05B,$0.38B,0.12,$42.72B,$0.41B,0.95%,$42.72B,$0.07B,0.17%,$42.72B,$0.07B,0.17%,$42.72B,$0.08B,0.20%,$42.72B,$0.06B,0.13%,$42.72B,$0.04B,0.09%,$0.04B,$0.38B,11.02%,$0.04B,$0.32B,13.17%,$0.04B,$4.49B,1.06%,$0.07B,$0.43B,17.37%,$3995,$3887,$108,$3,$76,$3973,$22,$-5,$17,$5,$12,$12,$12,$25,$22,$19,19,$0.64,$0.62,$1474,$1356,$0,$4365,$19,$0,$60,$43,$122,$4487,$4059,$46,$0,$46,$4104,$0,$179,$-10,$382,$4487,$35,$9,$8,$16,$-98,$-745,$-23,$823,$-46,$5,$-7,$0,$-8,$0,$-1,$-1,$0,$-16,$4,$49,$52,$-5,$-5,$0,$1,$48,$37,$0,$0
13,2015-03-31,29.73,$19.48,1.53,$2415.07,0.01,$4.70,6.33,$1.63,18.24,$4.35B,$4.05B,1.07,$0.05B,$0.37B,0.12,$45.73B,$0.38B,0.82%,$45.73B,$0.06B,0.12%,$45.73B,$0.06B,0.12%,$45.73B,$0.07B,0.15%,$45.73B,$0.04B,0.10%,$45.73B,$0.03B,0.07%,$0.03B,$0.37B,9.08%,$0.03B,$0.31B,10.90%,$0.03B,$4.46B,0.93%,$0.06B,$0.42B,14.07%,$14442,$14330,$112,$3,$77,$14419,$23,$-5,$18,$5,$13,$13,$13,$26,$23,$19,19,$0.68,$0.67,$1268,$1277,$0,$4345,$15,$0,$60,$42,$118,$4463,$4048,$46,$0,$46,$4093,$0,$167,$-9,$370,$4463,$22,$6,$6,$12,$283,$-399,$78,$9,$-30,$4,$-2,$0,$-8,$0,$0,$0,$0,$-10,$0,$23,$23,$-3,$-3,$0,$-2,$19,$12,$0,$0
14,2014-12-31,20.57,$18.68,1.1,$2099.22,0.01,$6.78,3.03,$1.35,15.24,$3.02B,$2.73B,1.11,$0.05B,$0.36B,0.13,$39.74B,$0.35B,0.89%,$39.74B,$0.05B,0.12%,$39.74B,$0.05B,0.12%,$39.74B,$0.06B,0.15%,$39.74B,$0.04B,0.09%,$39.74B,$0.03B,0.07%,$0.03B,$0.36B,7.84%,$0.03B,$0.30B,9.44%,$0.03B,$3.13B,0.87%,$0.05B,$0.40B,11.79%,$13628,$13532,$96,$3,$70,$13611,$16,$-3,$14,$4,$9,$9,$9,$19,$16,$19,19,$0.50,$0.49,$926,$205,$0,$3020,$15,$0,$58,$35,$107,$3127,$2727,$46,$0,$46,$2772,$0,$154,$-11,$355,$3127,$9,$3,$1,$4,$137,$-206,$95,$-14,$12,$25,$-1,$0,$0,$0,$0,$0,$0,$-1,$0,$27,$27,$-1,$-1,$0,$-2,$24,$47,$0,$0
15,2014-09-30,17.32,$18.29,0.95,$1781.43,0.01,$7.61,2.28,$0.98,17.67,$2.94B,$2.65B,1.11,$0.05B,$0.35B,0.13,$34.02B,$0.33B,0.98%,$34.02B,$0.04B,0.11%,$34.02B,$0.04B,0.11%,$34.02B,$0.05B,0.15%,$34.02B,$0.03B,0.08%,$34.02B,$0.02B,0.06%,$0.02B,$0.35B,6.18%,$0.02B,$0.29B,7.47%,$0.02B,$3.04B,0.70%,$0.04B,$0.39B,9.60%,$10656,$10567,$89,$3,$67,$10645,$10,$-3,$8,$2,$6,$6,$6,$14,$10,$19,19,$0.30,$0.29,$679,$238,$0,$2935,$16,$0,$58,$31,$105,$3040,$2649,$46,$0,$46,$2694,$0,$145,$-12,$345,$3040,$19,$13,$-1,$12,$-154,$58,$188,$0,$102,$133,$-4,$0,$0,$0,$0,$0,$0,$-4,$0,$-39,$-39,$-8,$-8,$0,$-2,$-49,$75,$0,$0
16,2014-06-30,19.92,$18.01,1.11,$1670.88,0.01,$3.00,6.63,$0.73,27.29,$3.07B,$2.80B,1.1,$0.05B,$0.34B,0.13,$31.88B,$0.31B,0.97%,$31.88B,$0.02B,0.07%,$31.88B,$0.02B,0.07%,$31.88B,$0.04B,0.12%,$31.88B,$0.01B,0.04%,$31.88B,$0.02B,0.05%,$0.02B,$0.34B,5.04%,$0.02B,$0.28B,6.10%,$0.02B,$3.18B,0.58%,$0.02B,$0.39B,5.74%,$7005,$6927,$79,$3,$62,$6999,$7,$-3,$4,$0,$4,$4,$4,$10,$7,$18,19,$0.19,$0.18,$519,$311,$0,$3072,$17,$0,$59,$37,$112,$3184,$2799,$46,$0,$46,$2844,$0,$139,$-10,$340,$3184,$14,$9,$-3,$7,$-336,$25,$229,$-6,$-81,$-61,$-4,$0,$0,$0,$0,$0,$0,$-4,$0,$18,$18,$-8,$-8,$0,$-2,$8,$-58,$0,$0
17,2014-03-31,18.81,$17.80,1.06,$1812.95,0.01,$9.57,1.97,$0.70,26.87,$2.90B,$2.63B,1.1,$0.05B,$0.34B,0.14,$34.53B,$0.31B,0.91%,$34.53B,$0.02B,0.07%,$34.53B,$0.02B,0.07%,$34.53B,$0.04B,0.12%,$34.53B,$0.02B,0.04%,$34.53B,$0.02B,0.05%,$0.02B,$0.34B,4.76%,$0.02B,$0.28B,5.76%,$0.02B,$3.02B,0.56%,$0.02B,$0.38B,6.48%,$8453,$8364,$89,$2,$66,$8440,$13,$-3,$10,$3,$8,$8,$8,$16,$13,$19,19,$0.39,$0.39,$885,$224,$0,$2903,$17,$0,$59,$36,$112,$3015,$2632,$46,$0,$46,$2677,$0,$135,$-10,$338,$3015,$10,$6,$-3,$4,$123,$-240,$148,$-5,$31,$45,$-3,$0,$0,$0,$0,$0,$0,$-3,$0,$-21,$-21,$-6,$-6,$0,$-1,$-27,$13,$0,$0
18,2013-12-31,18.49,$17.58,1.05,$1991.86,0.01,$7.97,2.32,$0.39,47.42,$2.64B,$2.36B,1.12,$0.05B,$0.34B,0.14,$37.85B,$0.30B,0.80%,$37.85B,$0.01B,0.04%,$37.85B,$0.01B,0.04%,$37.85B,$0.03B,0.08%,$37.85B,$0.01B,0.02%,$37.85B,$0.01B,0.03%,$0.01B,$0.34B,3.00%,$0.01B,$0.28B,3.62%,$0.01B,$2.74B,0.34%,$0.01B,$0.38B,3.92%,$7909,$7833,$76,$3,$60,$7902,$7,$-3,$4,$2,$2,$2,$3,$10,$7,$19,19,$0.13,$0.12,$410,$196,$0,$2639,$17,$0,$59,$29,$105,$2744,$2361,$46,$0,$46,$2407,$0,$128,$-7,$337,$2744,$3,$3,$-3,$1,$-120,$285,$-135,$7,$39,$43,$-1,$0,$0,$0,$0,$0,$0,$-1,$0,$-1,$-1,$-1,$-1,$0,$-1,$-2,$39,$0,$0
19,2013-09-30,20.45,$17.46,1.17,$2251.76,0.01,$7.33,2.79,$0.95,21.53,$2.74B,$2.47B,1.11,$0.05B,$0.34B,0.14,$42.49B,$0.32B,0.75%,$42.49B,$0.03B,0.07%,$42.49B,$0.03B,0.07%,$42.49B,$0.05B,0.11%,$42.49B,$0.02B,0.05%,$42.49B,$0.02B,0.05%,$0.02B,$0.34B,6.05%,$0.02B,$0.28B,7.31%,$0.02B,$2.85B,0.67%,$0.03B,$0.38B,8.47%,$8512,$8447,$65,$3,$61,$8518,$-5,$-1,$-6,$-5,$-2,$-2,$2,$1,$-5,$18,19,$0.05,$0.04,$606,$218,$0,$2740,$18,$0,$59,$32,$108,$2848,$2467,$46,$0,$46,$2513,$0,$125,$-6,$335,$2848,$19,$19,$-16,$2,$32,$-15,$2,$4,$23,$45,$-5,$-0,$0,$0,$10,$10,$0,$5,$46,$-157,$-112,$-2,$-2,$0,$-16,$-130,$-80,$0,$0
20,2013-06-30,17.45,$17.39,1.0,$2593.62,0.01,$-0.03,0.0,$1.33,13.12,$2.80B,$2.57B,1.09,$0.00B,$0.33B,0.0,$49.08B,$0.33B,0.67%,$49.08B,$0.05B,0.09%,$49.08B,$0.05B,0.09%,$49.08B,$0.06B,0.13%,$49.08B,$0.04B,0.09%,$49.08B,$0.02B,0.05%,$0.02B,$0.33B,7.38%,$0.02B,$0.28B,8.93%,$0.02B,$2.91B,0.80%,$0.05B,$0.33B,13.84%,$9659,$9576,$83,$3,$63,$9650,$9,$-2,$7,$2,$5,$5,$3,$13,$9,$18,19,$0.18,$0.17,$510,$232,$0,$2800,$18,$0,$56,$34,$108,$2907,$2573,$0,$0,$0,$2573,$0,$130,$-9,$334,$2907,$18,$12,$-9,$3,$-63,$133,$11,$-37,$42,$63,$-4,$0,$0,$0,$10,$10,$0,$6,$0,$-73,$-73,$-2,$-2,$0,$-4,$-78,$-9,$0,$0
21,2013-03-31,17.41,$17.17,1.01,$2990.06,0.01,$-7.82,0.0,$1.41,12.35,$3.06B,$2.83B,1.08,$0.00B,$0.33B,0.0,$56.77B,$0.33B,0.58%,$56.77B,$0.04B,0.08%,$56.77B,$0.04B,0.08%,$56.77B,$0.06B,0.11%,$56.77B,$0.04B,0.07%,$56.77B,$0.03B,0.05%,$0.03B,$0.33B,8.13%,$0.03B,$0.27B,9.89%,$0.03B,$3.16B,0.88%,$0.04B,$0.33B,13.76%,$11769,$11693,$77,$2,$63,$11766,$3,$-2,$2,$0,$2,$2,$2,$8,$3,$18,19,$0.08,$0.08,$644,$328,$0,$3055,$19,$0,$57,$30,$106,$3160,$2831,$0,$0,$0,$2831,$0,$127,$-9,$329,$3160,$15,$8,$-9,$-1,$-129,$4,$122,$3,$1,$14,$-3,$0,$0,$0,$10,$10,$0,$7,$0,$8,$8,$-2,$-2,$0,$-1,$5,$26,$0,$0
22,2012-12-31,17.41,$17.06,1.02,$3248.66,0.01,$-16.50,0.0,$1.46,11.92,$2.83B,$2.61B,1.08,$0.00B,$0.33B,0.0,$61.96B,$0.34B,0.54%,$61.96B,$0.05B,0.08%,$61.96B,$0.05B,0.08%,$61.96B,$0.06B,0.10%,$61.96B,$0.04B,0.07%,$61.96B,$0.03B,0.04%,$0.03B,$0.33B,8.31%,$0.03B,$0.27B,10.14%,$0.03B,$2.94B,0.93%,$0.05B,$0.33B,15.34%,$12553,$12460,$93,$3,$59,$12531,$22,$-4,$19,$6,$13,$13,$13,$26,$22,$18,19,$0.70,$0.68,$676,$285,$0,$2828,$19,$0,$57,$35,$111,$2940,$2614,$0,$0,$0,$2614,$0,$125,$-9,$325,$2940,$13,$4,$-9,$-6,$81,$-3,$-60,$-2,$21,$29,$-1,$0,$0,$0,$10,$10,$0,$9,$0,$23,$23,$-2,$-2,$0,$-1,$21,$58,$0,$0
23,2012-09-30,19.06,$16.50,1.16,$3532.17,0.01,$-16.35,0.0,$0.76,25.08,$2.84B,$2.64B,1.08,$0.00B,$0.31B,0.0,$66.69B,$0.31B,0.47%,$66.69B,$0.03B,0.04%,$66.69B,$0.03B,0.04%,$66.69B,$0.04B,0.06%,$66.69B,$0.02B,0.03%,$66.69B,$0.01B,0.02%,$0.01B,$0.31B,4.25%,$0.01B,$0.26B,5.21%,$0.01B,$2.95B,0.49%,$0.03B,$0.31B,8.82%,$15101,$15027,$74,$0,$53,$15090,$11,$3,$14,$3,$10,$10,$6,$15,$11,$18,19,$0.32,$0.31,$594,$303,$0,$2844,$19,$0,$56,$34,$109,$2953,$2640,$0,$0,$0,$2640,$0,$106,$-2,$313,$2953,$13,$15,$1,$16,$-129,$-328,$295,$45,$-121,$-92,$-9,$0,$-12,$0,$0,$0,$0,$-20,$0,$141,$141,$-2,$-2,$0,$-10,$129,$16,$0,$0
24,2012-06-30,19.35,$16.39,1.18,$3899.94,0.0,$-0.37,0.0,$0.73,26.51,$2.63B,$2.42B,1.09,$0.00B,$0.31B,0.0,$73.06B,$0.32B,0.44%,$73.06B,$0.03B,0.04%,$73.06B,$0.03B,0.04%,$73.06B,$0.04B,0.06%,$73.06B,$0.02B,0.02%,$73.06B,$0.01B,0.02%,$0.01B,$0.31B,3.97%,$0.01B,$0.26B,4.89%,$0.01B,$2.73B,0.47%,$0.03B,$0.31B,8.93%,$17351,$17266,$85,$0,$67,$17343,$8,$-3,$6,$1,$5,$5,$5,$12,$8,$18,19,$0.24,$0.23,$784,$231,$0,$2634,$18,$0,$56,$26,$101,$2734,$2423,$0,$0,$0,$2423,$0,$104,$-0,$312,$2734,$7,$10,$-2,$9,$246,$-467,$118,$7,$-97,$-82,$-7,$0,$-12,$0,$0,$0,$0,$-18,$0,$98,$98,$-1,$-1,$0,$-3,$94,$-7,$0,$0
25,2012-03-31,21.1,$15.85,1.33,$4058.48,0.01,$8.03,2.63,$1.04,20.29,$2.43B,$2.23B,1.09,$0.00B,$0.30B,0.0,$76.28B,$0.32B,0.41%,$76.28B,$0.04B,0.05%,$76.28B,$0.04B,0.05%,$76.28B,$0.05B,0.07%,$76.28B,$0.03B,0.04%,$76.28B,$0.02B,0.02%,$0.02B,$0.30B,5.76%,$0.02B,$0.25B,7.12%,$0.02B,$2.53B,0.65%,$0.04B,$0.30B,12.77%,$16951,$16867,$85,$0,$67,$16944,$7,$-4,$4,$1,$2,$2,$2,$11,$7,$18,19,$0.13,$0.12,$618,$305,$0,$2430,$19,$0,$56,$26,$101,$2531,$2229,$0,$0,$0,$2229,$0,$99,$-6,$302,$2531,$2,$7,$-1,$6,$299,$-408,$-53,$7,$-158,$-150,$-6,$0,$-1,$0,$0,$0,$0,$-7,$0,$117,$117,$2,$2,$0,$-0,$118,$-38,$0,$0
26,2011-12-31,23.57,$15.71,1.5,$3933.57,0.01,$23.86,0.99,$1.72,13.7,$2.31B,$2.12B,1.09,$0.00B,$0.30B,0.0,$73.91B,$0.32B,0.43%,$73.91B,$0.06B,0.08%,$73.91B,$0.06B,0.08%,$73.91B,$0.07B,0.09%,$73.91B,$0.05B,0.06%,$73.91B,$0.03B,0.04%,$0.03B,$0.30B,10.43%,$0.03B,$0.24B,12.99%,$0.03B,$2.42B,1.18%,$0.06B,$0.30B,19.83%,$17290,$17223,$68,$0,$56,$17289,$1,$-2,$-1,$-0,$-1,$-1,$-0,$4,$1,$18,18,$-0.02,$-0.02,$762,$259,$0,$2312,$17,$0,$57,$29,$103,$2415,$2118,$0,$0,$0,$2118,$0,$97,$-6,$297,$2415,$-1,$3,$-1,$2,$505,$-396,$-95,$16,$31,$33,$-3,$0,$-1,$0,$0,$0,$0,$-4,$0,$39,$39,$0,$0,$0,$-0,$39,$68,$0,$0
27,2011-09-30,20.76,$15.96,1.3,$3864.74,0.01,$21.98,0.94,$1.96,10.59,$2.53B,$2.34B,1.08,$0.00B,$0.30B,0.0,$72.89B,$0.32B,0.44%,$72.89B,$0.07B,0.09%,$72.89B,$0.07B,0.09%,$72.89B,$0.08B,0.10%,$72.89B,$0.06B,0.08%,$72.89B,$0.03B,0.05%,$0.03B,$0.30B,12.29%,$0.03B,$0.24B,15.45%,$0.03B,$2.64B,1.39%,$0.07B,$0.30B,23.55%,$21464,$21384,$81,$0,$58,$21453,$11,$-2,$9,$4,$5,$5,$5,$15,$11,$18,19,$0.25,$0.25,$340,$384,$0,$2531,$15,$0,$56,$34,$105,$2636,$2338,$0,$0,$0,$2338,$0,$97,$-6,$298,$2636,$35,$9,$8,$16,$-622,$344,$397,$39,$158,$209,$-10,$-3,$-9,$0,$1,$1,$0,$-22,$-1,$-38,$-38,$1,$1,$0,$-12,$-48,$139,$0,$0
28,2011-06-30,24.21,$15.63,1.55,$3586.99,0.01,$17.32,1.4,$1.31,18.48,$2.74B,$2.54B,1.08,$0.01B,$0.28B,0.03,$67.13B,$0.28B,0.42%,$67.13B,$0.05B,0.08%,$67.13B,$0.05B,0.08%,$67.13B,$0.06B,0.09%,$67.13B,$0.04B,0.06%,$67.13B,$0.02B,0.04%,$0.02B,$0.28B,9.13%,$0.02B,$0.23B,11.59%,$0.02B,$2.83B,1.05%,$0.05B,$0.29B,19.64%,$20573,$20492,$81,$0,$53,$20554,$19,$-2,$17,$7,$10,$10,$10,$21,$19,$18,19,$0.58,$0.55,$210,$371,$0,$2738,$13,$0,$57,$24,$93,$2831,$2537,$9,$0,$9,$2546,$0,$90,$-2,$284,$2831,$30,$5,$7,$12,$-949,$331,$649,$1,$38,$80,$-7,$-3,$-14,$0,$1,$1,$0,$-23,$-1,$6,$5,$1,$1,$0,$-1,$5,$62,$0,$0
29,2011-03-31,25.42,$15.03,1.69,$3285.99,0.01,$21.41,1.19,$1.15,22.1,$2.18B,$1.99B,1.1,$0.01B,$0.27B,0.04,$60.75B,$0.26B,0.42%,$60.75B,$0.05B,0.08%,$60.75B,$0.05B,0.08%,$60.75B,$0.05B,0.09%,$60.75B,$0.04B,0.06%,$60.75B,$0.02B,0.03%,$0.02B,$0.27B,8.24%,$0.02B,$0.22B,10.23%,$0.02B,$2.27B,1.07%,$0.05B,$0.28B,18.96%,$14583,$14496,$87,$0,$51,$14556,$27,$-3,$23,$8,$15,$15,$15,$28,$27,$18,19,$0.87,$0.81,$400,$502,$0,$2181,$10,$0,$57,$24,$91,$2272,$1990,$10,$0,$10,$2000,$0,$79,$-2,$272,$2272,$19,$3,$5,$8,$-341,$365,$93,$2,$125,$153,$-4,$-3,$-10,$0,$1,$1,$0,$-16,$-1,$-83,$-83,$1,$1,$0,$-1,$-83,$53,$0,$0
30,2010-12-31,23.6,$14.14,1.67,$3017.31,0.01,$18.40,1.28,$0.75,31.47,$1.94B,$1.77B,1.1,$0.01B,$0.25B,0.04,$55.22B,$0.22B,0.39%,$55.22B,$0.04B,0.07%,$55.22B,$0.04B,0.07%,$55.22B,$0.04B,0.07%,$55.22B,$0.02B,0.04%,$55.22B,$0.01B,0.02%,$0.01B,$0.25B,5.24%,$0.01B,$0.20B,6.23%,$0.01B,$2.03B,0.71%,$0.04B,$0.27B,13.57%,$16271,$16200,$71,$0,$50,$16261,$10,$-4,$6,$2,$4,$4,$4,$11,$10,$17,18,$0.23,$0.22,$340,$329,$0,$1940,$8,$0,$58,$27,$93,$2033,$1769,$11,$0,$11,$1780,$0,$64,$-3,$253,$2033,$4,$2,$3,$5,$-60,$136,$-85,$-4,$-12,$-3,$-1,$-0,$-9,$0,$-62,$-62,$0,$-73,$-1,$74,$74,$0,$0,$0,$-1,$73,$-4,$0,$0
31,2010-09-30,18.1,$13.80,1.31,$2597.84,0.01,$26.15,0.69,$0.28,64.64,$1.94B,$1.76B,1.1,$0.02B,$0.24B,0.07,$46.94B,$0.18B,0.39%,$46.94B,$0.03B,0.06%,$46.94B,$0.03B,0.06%,$46.94B,$0.03B,0.06%,$46.94B,$0.02B,0.04%,$46.94B,$0.01B,0.01%,$0.01B,$0.24B,2.05%,$0.01B,$0.19B,2.32%,$0.01B,$2.02B,0.30%,$0.03B,$0.26B,10.36%,$15706,$15662,$45,$0,$39,$15709,$-2,$-2,$-5,$-2,$-3,$-3,$-5,$-2,$-2,$17,18,$-0.26,$-0.24,$439,$285,$0,$1939,$7,$0,$53,$22,$83,$2022,$1762,$17,$0,$17,$1779,$0,$60,$-3,$243,$2022,$5,$4,$12,$16,$-29,$-278,$417,$-54,$92,$113,$-5,$0,$-37,$0,$0,$0,$-0,$-42,$-56,$6,$-50,$1,$1,$0,$0,$-49,$21,$0,$0
32,2010-06-30,16.0,$14.31,1.12,$2702.34,0.01,$18.11,0.88,$2.16,7.41,$1.46B,$1.25B,1.17,$0.02B,$0.25B,0.07,$41.24B,$0.15B,0.36%,$41.24B,$0.03B,0.07%,$41.24B,$0.03B,0.07%,$41.24B,$0.03B,0.07%,$41.24B,$0.02B,0.04%,$41.24B,$0.03B,0.07%,$0.03B,$0.25B,11.09%,$0.03B,$0.22B,12.01%,$0.03B,$1.52B,1.73%,$0.03B,$0.27B,9.87%,$14192,$14137,$55,$0,$32,$14176,$16,$-3,$13,$5,$9,$9,$7,$16,$16,$17,19,$0.39,$0.38,$83,$308,$0,$1462,$6,$0,$31,$20,$57,$1519,$1250,$17,$0,$17,$1267,$0,$64,$-2,$252,$1519,$0,$0,$0,$0,$0,$0,$0,$0,$0,$148,$-3,$0,$-7,$0,$0,$0,$-0,$-10,$-56,$-73,$-129,$1,$1,$0,$0,$-128,$10,$0,$0
33,2010-03-31,14.98,$13.91,1.08,$2687.81,0.01,$12.69,1.18,$2.16,6.94,$1.69B,$1.46B,1.16,$0.02B,$0.24B,0.09,$34.68B,$0.11B,0.32%,$34.68B,$0.02B,0.05%,$34.68B,$0.02B,0.05%,$34.68B,$0.02B,0.05%,$34.68B,$0.01B,0.03%,$34.68B,$0.02B,0.07%,$0.02B,$0.24B,11.91%,$0.02B,$0.23B,12.83%,$0.02B,$1.73B,1.89%,$0.02B,$0.27B,7.86%,$9055,$9009,$45,$0,$29,$9043,$12,$-2,$10,$4,$6,$6,$7,$12,$12,$17,18,$0.43,$0.41,$75,$301,$0,$1686,$6,$0,$16,$18,$39,$1725,$1458,$22,$0,$22,$1481,$0,$58,$-2,$244,$1725,$0,$0,$0,$0,$0,$0,$0,$0,$0,$89,$-2,$0,$-1,$0,$0,$0,$-0,$-3,$-51,$-37,$-88,$1,$1,$0,$0,$-87,$-1,$0,$0
34,2009-12-31,14.54,$13.54,1.07,$3755.07,0.0,$10.97,1.33,$2.19,6.64,$1.40B,$1.16B,1.21,$0.05B,$0.24B,0.2,$41.06B,$0.09B,0.21%,$41.06B,$0.02B,0.04%,$41.06B,$0.02B,0.04%,$41.06B,$0.02B,0.04%,$41.06B,$0.01B,0.01%,$41.06B,$0.02B,0.05%,$0.02B,$0.24B,13.10%,$0.02B,$0.22B,14.31%,$0.02B,$1.44B,2.26%,$0.02B,$0.29B,7.54%,$7987,$7950,$37,$0,$30,$7985,$2,$-3,$-1,$-0,$-0,$-0,$-4,$2,$2,$17,17,$-0.25,$-0.25,$97,$266,$862,$1404,$6,$0,$15,$18,$39,$1442,$1157,$48,$0,$48,$1205,$0,$50,$-3,$237,$1442,$0,$0,$0,$0,$0,$0,$0,$0,$0,$130,$-1,$-2,$0,$0,$0,$0,$0,$-3,$-25,$-92,$-117,$1,$1,$0,$0,$-117,$11,$0,$0
35,2009-09-30,16.51,$13.86,1.19,$4349.98,0.0,$4.49,3.68,$2.79,5.92,$1.51B,$1.24B,1.22,$0.07B,$0.24B,0.3,$43.60B,$0.08B,0.17%,$43.60B,$0.02B,0.05%,$43.60B,$0.02B,0.05%,$43.60B,$0.02B,0.05%,$43.60B,$0.01B,0.03%,$43.60B,$0.03B,0.06%,$0.03B,$0.24B,23.38%,$0.03B,$0.23B,26.05%,$0.03B,$1.56B,4.22%,$0.02B,$0.31B,13.95%,$10008,$9998,$10,$0,$10,$10010,$-2,$-2,$-4,$-2,$-2,$-2,$17,$-2,$-2,$9,10,$1.87,$1.64,$75,$317,$899,$1514,$5,$0,$14,$24,$42,$1556,$1242,$73,$0,$73,$1315,$0,$54,$-3,$241,$1556,$28,$3,$-22,$-19,$2,$-31,$-2,$9,$-26,$-17,$-3,$0,$24,$0,$7,$7,$0,$28,$0,$-14,$-14,$0,$0,$0,$0,$-13,$-2,$0,$0
36,2009-06-30,14.87,$9.25,1.61,$4067.34,0.0,$3.48,4.28,$1.40,10.62,$0.33B,$0.26B,1.26,$0.02B,$0.08B,0.2,$40.53B,$0.08B,0.19%,$40.53B,$0.02B,0.06%,$40.53B,$0.02B,0.06%,$40.53B,$0.02B,0.06%,$40.53B,$0.02B,0.04%,$40.53B,$0.01B,0.03%,$0.01B,$0.08B,16.61%,$0.01B,$0.07B,19.40%,$0.01B,$0.36B,3.38%,$0.02B,$0.10B,25.26%,$7630,$7611,$19,$0,$11,$7623,$7,$-2,$5,$1,$4,$4,$4,$7,$7,$9,10,$0.41,$0.38,$50,$229,$0,$326,$4,$8,$14,$8,$34,$360,$258,$17,$1,$18,$275,$0,$38,$-4,$84,$360,$0,$0,$0,$0,$0,$0,$0,$0,$0,$27,$-2,$0,$-1,$0,$15,$15,$-8,$4,$0,$-44,$-44,$0,$0,$0,$0,$-44,$-13,$0,$0
37,2009-03-31,10.19,$8.78,1.16,$3895.13,0.0,$-0.79,0.0,$1.74,5.86,$0.33B,$0.26B,1.27,$0.02B,$0.08B,0.21,$38.67B,$0.08B,0.21%,$38.67B,$0.03B,0.08%,$38.67B,$0.03B,0.08%,$38.67B,$0.03B,0.08%,$38.67B,$0.02B,0.05%,$38.67B,$0.02B,0.04%,$0.02B,$0.08B,21.77%,$0.02B,$0.07B,25.30%,$0.02B,$0.37B,3.79%,$0.03B,$0.10B,32.61%,$15431,$15409,$22,$0,$11,$15423,$8,$-2,$6,$1,$5,$5,$4,$8,$8,$9,10,$0.46,$0.43,$49,$229,$0,$334,$3,$12,$12,$4,$32,$366,$262,$17,$1,$24,$286,$0,$34,$-5,$79,$366,$0,$0,$0,$0,$0,$0,$0,$0,$0,$31,$-1,$0,$-3,$0,$-2,$-2,$0,$-6,$0,$-39,$-39,$0,$0,$0,$0,$-39,$-14,$0,$0
38,2008-12-31,8.58,$8.25,1.04,$2688.76,0.0,$-6.31,0.0,$1.94,4.42,$0.34B,$0.27B,1.26,$0.02B,$0.08B,0.22,$26.72B,$0.09B,0.33%,$26.72B,$0.04B,0.13%,$26.72B,$0.04B,0.13%,$26.72B,$0.04B,0.13%,$26.72B,$0.03B,0.10%,$26.72B,$0.02B,0.07%,$0.02B,$0.08B,26.47%,$0.02B,$0.07B,30.90%,$0.02B,$0.37B,4.18%,$0.04B,$0.09B,40.68%,$10535,$10511,$24,$0,$14,$10527,$8,$-2,$6,$3,$4,$4,$3,$8,$8,$9,10,$0.37,$0.35,$58,$209,$0,$343,$2,$13,$9,$5,$29,$373,$272,$17,$1,$26,$298,$0,$30,$-5,$75,$373,$0,$0,$0,$0,$0,$0,$0,$0,$0,$10,$-0,$0,$0,$0,$0,$0,$0,$-0,$0,$-16,$-16,$0,$0,$0,$0,$-16,$-5,$0,$0
39,2008-09-30,24.11,$8.38,2.88,$1849.38,0.01,$-9.63,0.0,$2.94,8.2,$0.42B,$0.34B,1.24,$0.02B,$0.08B,0.23,$18.35B,$0.10B,0.56%,$18.35B,$0.05B,0.29%,$18.35B,$0.05B,0.29%,$18.35B,$0.05B,0.29%,$18.35B,$0.04B,0.23%,$18.35B,$0.03B,0.15%,$0.03B,$0.08B,45.34%,$0.03B,$0.07B,53.59%,$0.03B,$0.44B,6.59%,$0.05B,$0.09B,62.72%,$6933,$6922,$11,$0,$6,$6932,$1,$-3,$-2,$-0,$-1,$-0,$2,$1,$1,$8,10,$0.23,$0.24,$63,$287,$0,$420,$3,$0,$9,$7,$19,$438,$338,$17,$0,$25,$363,$0,$27,$-1,$75,$438,$27,$3,$13,$16,$-8,$-77,$17,$-2,$-71,$-29,$-1,$0,$-1,$0,$4,$4,$0,$1,$0,$35,$35,$1,$1,$0,$1,$37,$9,$0,$0
40,2008-06-30,30.06,$7.53,3.99,$1406.04,0.02,$-12.93,0.0,$2.72,11.05,$0.48B,$0.41B,1.17,$0.03B,$0.07B,0.39,$13.49B,$0.10B,0.75%,$13.49B,$0.05B,0.39%,$13.49B,$0.05B,0.39%,$13.49B,$0.05B,0.40%,$13.49B,$0.04B,0.30%,$13.49B,$0.03B,0.19%,$0.03B,$0.07B,50.00%,$0.03B,$0.06B,60.47%,$0.03B,$0.51B,6.41%,$0.05B,$0.09B,67.75%,$5766,$5742,$24,$1,$9,$5753,$13,$-3,$10,$4,$6,$7,$7,$13,$13,$8,10,$0.80,$0.72,$67,$331,$0,$480,$3,$12,$9,$6,$31,$512,$412,$25,$1,$36,$447,$0,$25,$0,$65,$512,$0,$0,$0,$0,$0,$0,$0,$0,$0,$-18,$-1,$0,$0,$0,$-2,$-2,$0,$-3,$0,$24,$24,$1,$1,$0,$1,$26,$5,$0,$0
41,2008-03-31,24.96,$6.68,3.73,$998.92,0.02,$-18.78,0.0,$1.54,16.21,$0.36B,$0.31B,1.16,$0.03B,$0.06B,0.44,$9.14B,$0.08B,0.91%,$9.14B,$0.04B,0.39%,$9.14B,$0.04B,0.39%,$9.14B,$0.04B,0.42%,$9.14B,$0.03B,0.27%,$9.14B,$0.02B,0.16%,$0.02B,$0.06B,33.71%,$0.02B,$0.05B,41.67%,$0.02B,$0.40B,4.00%,$0.04B,$0.08B,51.80%,$3487,$3458,$29,$1,$12,$3473,$14,$-3,$12,$4,$7,$7,$6,$14,$14,$8,10,$0.71,$0.64,$52,$214,$0,$361,$3,$18,$9,$7,$37,$399,$312,$25,$1,$30,$341,$0,$18,$-0,$57,$399,$0,$0,$0,$0,$0,$0,$0,$0,$0,$-24,$-1,$0,$0,$0,$-2,$-2,$0,$-3,$0,$24,$24,$1,$1,$0,$1,$26,$-1,$0,$0
42,2007-12-31,26.99,$5.99,4.5,$703.88,0.04,$-20.43,0.0,$0.98,27.54,$0.31B,$0.27B,1.16,$0.03B,$0.05B,0.5,$6.14B,$0.07B,1.08%,$6.14B,$0.03B,0.41%,$6.14B,$0.03B,0.41%,$6.14B,$0.03B,0.44%,$6.14B,$0.01B,0.23%,$6.14B,$0.01B,0.16%,$0.01B,$0.05B,25.32%,$0.01B,$0.04B,31.50%,$0.01B,$0.35B,2.94%,$0.03B,$0.08B,38.76%,$2161,$2122,$38,$1,$12,$2136,$25,$-3,$22,$8,$14,$13,$13,$26,$25,$8,10,$1.56,$1.35,$57,$187,$0,$312,$3,$17,$9,$9,$39,$351,$270,$25,$1,$31,$301,$0,$12,$-0,$50,$351,$13,$1,$6,$7,$-7,$-32,$1,$-7,$-42,$-22,$-0,$0,$0,$0,$0,$0,$0,$-0,$0,$25,$25,$0,$0,$0,$1,$26,$4,$0,$0
43,2007-09-30,25.75,$4.31,5.97,$545.58,0.05,$-23.58,0.0,$-0.56,0.0,$0.32B,$0.30B,1.07,$0.03B,$0.04B,0.7,$4.45B,$0.04B,0.79%,$4.45B,$-0.00B,-0.02%,$4.45B,$-0.00B,-0.02%,$4.45B,$0.00B,0.02%,$4.45B,$-0.01B,-0.22%,$4.45B,$-0.00B,-0.09%,$-0.00B,$0.04B,-11.19%,$-0.00B,$0.03B,-13.91%,$-0.00B,$0.36B,-1.31%,$-0.00B,$0.06B,-1.65%,$2077,$2066,$10,$0,$9,$2076,$0,$-4,$-3,$-1,$-2,$-1,$0,$1,$0,$8,8,$0.01,$0.01,$54,$186,$0,$319,$2,$28,$8,$3,$43,$361,$297,$25,$1,$29,$326,$0,$-1,$0,$36,$361,$-5,$2,$-7,$-5,$-37,$-27,$21,$-2,$-40,$-50,$-1,$0,$-1,$0,$-12,$-12,$0,$-15,$0,$79,$79,$1,$1,$0,$1,$80,$16,$0,$0
44,2007-06-30,23.25,$4.29,5.42,$305.37,0.08,$-17.83,0.0,$-0.82,0.0,$0.35B,$0.33B,1.07,$0.03B,$0.04B,0.7,$2.52B,$0.03B,1.11%,$2.52B,$-0.00B,-0.16%,$2.52B,$-0.00B,-0.16%,$2.52B,$-0.00B,-0.12%,$2.52B,$-0.01B,-0.40%,$2.52B,$-0.01B,-0.24%,$-0.01B,$0.04B,-17.02%,$-0.01B,$0.03B,-21.05%,$-0.01B,$0.39B,-2.27%,$-0.00B,$0.06B,-6.58%,$1411,$1405,$6,$1,$8,$1415,$-3,$-2,$-6,$-2,$-4,$-4,$-4,$-3,$-3,$8,8,$-0.46,$-0.46,$40,$214,$0,$349,$2,$27,$8,$3,$42,$390,$327,$25,$1,$28,$355,$0,$-1,$0,$35,$390,$-5,$1,$-5,$-4,$-54,$-46,$46,$-1,$-54,$-62,$-1,$0,$-1,$0,$-12,$-12,$0,$-14,$0,$77,$77,$1,$1,$0,$1,$78,$2,$0,$0
45,2007-03-31,27.93,$4.56,6.13,$155.40,0.18,$-10.66,0.0,$0.03,931.0,$0.22B,$0.20B,1.14,$0.03B,$0.04B,0.67,$1.29B,$0.03B,2.63%,$1.29B,$0.01B,0.39%,$1.29B,$0.01B,0.39%,$1.29B,$0.01B,0.46%,$1.29B,$0.00B,0.08%,$1.29B,$0.00B,0.08%,$0.00B,$0.04B,2.82%,$0.00B,$0.03B,3.45%,$0.00B,$0.26B,0.48%,$0.01B,$0.06B,9.13%,$486,$474,$12,$0,$8,$483,$3,$-2,$1,$0,$1,$1,$1,$3,$3,$8,9,$0.08,$0.08,$27,$150,$0,$223,$1,$26,$7,$2,$37,$260,$196,$25,$0,$28,$223,$0,$3,$0,$37,$260,$-1,$1,$-2,$-2,$-9,$-33,$9,$-1,$-34,$-36,$-0,$0,$-1,$0,$-12,$-12,$0,$-13,$0,$36,$36,$1,$1,$0,$1,$38,$-11,$0,$0
46,2006-12-31,28.71,$4.46,6.44,$115.68,0.25,$-8.60,0.0,$0.08,358.88,$0.18B,$0.14B,1.24,$0.03B,$0.04B,0.7,$0.94B,$0.03B,3.09%,$0.94B,$0.00B,0.43%,$0.94B,$0.00B,0.43%,$0.94B,$0.01B,0.53%,$0.94B,$0.00B,0.21%,$0.94B,$0.00B,0.11%,$0.00B,$0.04B,2.94%,$0.00B,$0.03B,3.64%,$0.00B,$0.21B,0.53%,$0.00B,$0.06B,8.51%,$480,$473,$7,$0,$7,$480,$-1,$-1,$-2,$-1,$-1,$-1,$-1,$-0,$-1,$8,8,$-0.19,$-0.19,$24,$100,$0,$178,$1,$18,$7,$1,$28,$206,$144,$25,$0,$26,$170,$0,$2,$0,$35,$206,$-1,$0,$-1,$-1,$-14,$-26,$3,$-2,$-40,$-43,$-0,$0,$-0,$0,$-4,$-4,$0,$-4,$0,$32,$32,$0,$0,$0,$1,$33,$-14,$0,$0
