,Date,Stock Price,Book Value per Share,Price to Book Ratio,TTM Sales per Share,Price to Sales Ratio,TTM FCF per Share,Price to FCF Ratio,TTM Net EPS,PE Ratio,Current Assets,Current Liabilities,Current Ratio,Long Term Debt,Shareholder's Equity_x,Debt to Equity Ratio,TTM Revenue_x,TTM Gross Profit,Gross Margin,TTM Revenue_y,TTM Operating Income,Operating Margin,TTM Revenue_x,TTM EBIT,EBIT Margin,TTM Revenue_y,TTM EBITDA,EBITDA Margin,TTM Revenue_x,TTM Pre-Tax Income,Pre-Tax Margin,TTM Revenue_y,TTM Net Income_x,Net Margin,TTM Net Income_y,Shareholder's Equity_y,Return on Equity,TTM Net Income_x,Tangible Equity,Return on Tangible Equity,TTM Net Income_y,Total Assets,Return on Assets,TTM Net Income,LT Investments & Debt,Return on Investment,revenue,cost-goods-sold,gross-profit,research-development-expenses,selling-general-administrative-expenses,operating-expenses,operating-income,total-non-operating-income-expense,pre-tax-income,total-provision-income-taxes,income-after-taxes,income-from-continuous-operations,net-income,ebitda,ebit,basic-shares-outstanding,shares-outstanding,eps-basic-net-earnings-per-share,eps-earnings-per-share-diluted,cash-on-hand,inventory,other-current-assets,total-current-assets,net-property-plant-equipment,long-term-investments,goodwill-intangible-assets-total,other-long-term-assets,total-long-term-assets,total-assets,total-current-liabilities,long-term-debt,other-non-current-liabilities,total-long-term-liabilities,total-liabilities,common-stock-net,retained-earnings-accumulated-deficit,comprehensive-income,total-share-holder-equity,total-liabilities-share-holders-equity,net-income-loss,total-depreciation-amortization-cash-flow,other-non-cash-items,total-non-cash-items,change-in-accounts-receivable,change-in-inventories,change-in-accounts-payable,change-in-assets-liabilities,total-change-in-assets-liabilities,cash-flow-from-operating-activities,net-change-in-property-plant-equipment,net-change-in-intangible-assets,net-acquisitions-divestitures,net-change-in-short-term-investments,net-change-in-long-term-investments,net-change-in-investments-total,investing-activities-other,cash-flow-from-investing-activities,net-long-term-debt,net-current-debt,debt-issuance-retirement-net-total,net-common-equity-issued-repurchased,net-total-equity-issued-repurchased,total-common-preferred-stock-dividends-paid,financial-activities-other,cash-flow-from-financial-activities,net-cash-flow,stock-based-compensation,common-stock-dividends-paid
0,2018-10-31,211.0,$10.72,19.69,$23.26,9.07,$15.15,13.92,$4.69,44.99,$2.23B,$1.59B,1.41,$0.38B,$2.78B,0.14,$6.07B,$5.04B,83.10%,$6.07B,$1.52B,25.07%,$6.07B,$1.52B,25.07%,$6.07B,$1.77B,29.11%,$6.07B,$1.53B,25.14%,$6.07B,$1.25B,20.54%,$1.25B,$2.78B,54.70%,$1.25B,$1.12B,206.89%,$1.25B,$4.93B,24.04%,$1.52B,$3.16B,56.92%,$1016,$247,$769,$294,$483,$1026,$-10,$-4,$-14,$-48,$34,$34,$34,$47,$-10,$260,264,$0.13,$0.13,$1332,$0,$438,$2232,$805,$13,$1665,$213,$2696,$4928,$1586,$375,$120,$560,$2146,$5501,$8472,$-40,$2782,$4928,$34,$57,$96,$153,$21,$0,$24,$-139,$-332,$-143,$-35,$0,$0,$0,$4,$4,$51,$20,$-13,$0,$-13,$25,$25,$-129,$-65,$-182,$-309,$105,$-129
1,2018-07-31,204.24,$10.89,18.76,$22.96,8.89,$15.33,13.32,$4.62,44.21,$2.42B,$1.74B,1.39,$0.39B,$2.82B,0.14,$5.96B,$4.99B,83.62%,$5.96B,$1.50B,25.10%,$5.96B,$1.50B,25.10%,$5.96B,$1.75B,29.34%,$5.96B,$1.50B,25.20%,$5.96B,$1.21B,20.31%,$1.21B,$2.82B,64.24%,$1.21B,$1.14B,408.78%,$1.21B,$5.13B,24.36%,$1.50B,$3.20B,65.33%,$964,$229,$735,$311,$525,$1067,$-103,$7,$-96,$-130,$34,$34,$34,$-41,$-103,$256,261,$0.13,$0.14,$1716,$0,$367,$2422,$812,$13,$1672,$215,$2712,$5134,$1743,$388,$119,$575,$2318,$5338,$8564,$-36,$2816,$5134,$1211,$253,$512,$765,$5,$0,$12,$39,$130,$2112,$-124,$0,$-363,$0,$7,$7,$-52,$-532,$-50,$0,$-50,$23,$23,$-407,$-200,$-634,$935,$382,$-407
2,2018-04-30,184.44,$9.21,20.02,$22.50,8.2,$12.96,14.24,$4.53,40.72,$2.85B,$2.70B,1.05,$0.40B,$2.36B,0.17,$5.84B,$4.91B,84.06%,$5.84B,$1.59B,27.22%,$5.84B,$1.59B,27.22%,$5.84B,$1.84B,31.55%,$5.84B,$1.59B,27.20%,$5.84B,$1.20B,20.56%,$1.20B,$2.36B,79.04%,$1.20B,$0.68B,6158.97%,$1.20B,$5.79B,25.53%,$1.59B,$2.76B,82.02%,$2925,$304,$2621,$296,$708,$1310,$1615,$2,$1617,$417,$1200,$1200,$1200,$1679,$1615,$257,262,$4.68,$4.59,$1936,$0,$419,$2845,$950,$28,$1681,$155,$2942,$5787,$2703,$400,$147,$720,$3423,$5289,$8155,$-30,$2364,$5787,$1162,$191,$307,$498,$-206,$0,$160,$131,$490,$2149,$-97,$0,$-363,$-79,$0,$-79,$-49,$-588,$-38,$0,$-38,$-67,$-67,$-305,$-59,$-469,$1085,$283,$-305
3,2018-01-31,167.2,$4.52,37.01,$21.10,7.92,$11.70,14.28,$3.64,45.93,$1.90B,$3.03B,0.63,$0.41B,$1.16B,0.36,$5.46B,$4.59B,84.17%,$5.46B,$1.42B,26.00%,$5.46B,$1.42B,26.00%,$5.46B,$1.67B,30.60%,$5.46B,$1.41B,25.85%,$5.46B,$0.97B,17.68%,$0.97B,$1.16B,71.34%,$0.97B,$-0.53B,-1685.59%,$0.97B,$4.90B,21.45%,$1.42B,$1.57B,79.53%,$1165,$246,$919,$286,$612,$1145,$20,$-1,$19,$40,$-21,$-21,$-21,$82,$20,$256,256,$-0.08,$-0.08,$726,$0,$422,$1902,$984,$28,$1690,$162,$2996,$4898,$3032,$413,$126,$709,$3741,$5151,$7057,$-20,$1157,$4898,$-38,$127,$190,$317,$-428,$0,$176,$198,$-112,$174,$-77,$0,$-362,$0,$-3,$-3,$-44,$-486,$-25,$640,$615,$-103,$-103,$-205,$-49,$258,$-51,$191,$-205
4,2017-10-31,150.04,$4.71,31.89,$20.46,7.33,$11.15,13.45,$3.77,39.8,$1.42B,$2.12B,0.67,$0.43B,$1.20B,0.35,$5.31B,$4.49B,84.48%,$5.31B,$1.42B,26.77%,$5.31B,$1.42B,26.77%,$5.31B,$1.67B,31.40%,$5.31B,$1.40B,26.41%,$5.31B,$1.00B,18.82%,$1.00B,$1.20B,79.30%,$1.00B,$-0.11B,-1678.99%,$1.00B,$4.06B,22.87%,$1.42B,$1.63B,83.40%,$910,$198,$712,$293,$453,$945,$-35,$-2,$-37,$-35,$-2,$-2,$-2,$30,$-35,$256,256,$-0.01,$-0.01,$777,$0,$319,$1415,$1016,$31,$1312,$146,$2649,$4064,$2117,$425,$128,$744,$2861,$4999,$7180,$-28,$1203,$4064,$-2,$65,$93,$158,$-14,$0,$61,$-138,$-236,$-78,$-50,$0,$0,$0,$-2,$-2,$-76,$-128,$-13,$400,$387,$-85,$-85,$-105,$-39,$158,$-53,$97,$-105
5,2017-07-31,135.95,$5.30,25.67,$19.92,6.82,$10.53,12.92,$3.72,36.55,$1.42B,$1.94B,0.73,$0.44B,$1.35B,0.32,$5.18B,$4.37B,84.37%,$5.18B,$1.40B,26.95%,$5.18B,$1.40B,26.95%,$5.18B,$1.63B,31.50%,$5.18B,$1.37B,26.41%,$5.18B,$0.97B,18.76%,$0.97B,$1.35B,81.39%,$0.97B,$0.04B,-739.81%,$0.97B,$4.07B,22.40%,$1.40B,$1.79B,84.57%,$842,$183,$659,$263,$406,$852,$-10,$0,$-10,$-34,$24,$24,$24,$52,$-10,$257,261,$0.09,$0.09,$777,$0,$372,$1415,$1030,$31,$1317,$143,$2653,$4068,$1944,$438,$130,$770,$2714,$3,$7297,$-22,$1354,$4068,$971,$236,$334,$570,$5,$0,$0,$74,$45,$1599,$-230,$0,$0,$0,$190,$190,$-45,$-85,$-512,$0,$-512,$-613,$-613,$-353,$-154,$-1632,$-109,$326,$-353
6,2017-04-30,123.74,$6.62,18.68,$19.54,6.33,$8.82,14.03,$3.47,35.66,$2.26B,$2.49B,0.9,$0.45B,$1.70B,0.27,$5.09B,$4.29B,84.34%,$5.09B,$1.35B,26.51%,$5.09B,$1.35B,26.51%,$5.09B,$1.59B,31.17%,$5.09B,$1.32B,25.84%,$5.09B,$0.91B,17.82%,$0.91B,$1.70B,79.23%,$0.91B,$0.38B,-499.04%,$0.91B,$4.97B,20.70%,$1.35B,$2.15B,83.59%,$2541,$237,$2304,$246,$613,$1097,$1444,$-5,$1439,$475,$964,$964,$964,$1506,$1444,$256,260,$3.76,$3.70,$1593,$0,$323,$2255,$1041,$28,$1321,$141,$2714,$4969,$2494,$450,$150,$778,$3272,$4787,$7363,$-36,$1697,$4969,$947,$174,$205,$379,$-138,$0,$104,$185,$554,$1889,$-178,$0,$0,$196,$0,$196,$-40,$-22,$-500,$0,$-500,$-323,$-323,$-265,$-61,$-1149,$712,$241,$-265
7,2017-01-31,116.85,$3.07,38.11,$18.63,6.27,$7.21,16.21,$3.71,31.5,$1.68B,$2.80B,0.6,$0.46B,$0.79B,0.59,$4.85B,$4.08B,84.01%,$4.85B,$1.19B,24.53%,$4.85B,$1.19B,24.53%,$4.85B,$1.43B,29.41%,$4.85B,$1.15B,23.76%,$4.85B,$0.97B,19.97%,$0.97B,$0.79B,93.85%,$0.97B,$-0.54B,-324.62%,$0.97B,$4.37B,22.15%,$1.19B,$1.25B,78.60%,$1016,$206,$810,$243,$545,$994,$22,$-12,$10,$-3,$13,$13,$13,$79,$22,$257,260,$0.05,$0.05,$637,$0,$324,$1679,$1047,$28,$1327,$120,$2694,$4373,$2803,$463,$144,$785,$3588,$4660,$6488,$-34,$785,$4373,$-17,$112,$139,$251,$-413,$0,$93,$270,$-154,$87,$-132,$0,$0,$0,$194,$194,$-19,$43,$0,$150,$150,$-297,$-297,$-177,$-51,$-375,$-246,$170,$-177
8,2016-10-31,106.84,$3.64,29.34,$18.19,5.87,$6.38,16.73,$3.75,28.49,$1.26B,$2.18B,0.58,$0.48B,$0.94B,0.51,$4.76B,$3.99B,83.84%,$4.76B,$1.21B,25.43%,$4.76B,$1.21B,25.43%,$4.76B,$1.45B,30.43%,$4.76B,$1.17B,24.61%,$4.76B,$0.98B,20.59%,$0.98B,$0.94B,98.34%,$0.98B,$-0.40B,-289.09%,$0.98B,$3.93B,22.44%,$1.21B,$1.41B,75.05%,$778,$183,$595,$246,$409,$839,$-61,$-11,$-72,$-42,$-30,$-30,$-30,$-6,$-61,$258,258,$-0.12,$-0.12,$605,$0,$326,$1262,$1047,$28,$1332,$113,$2671,$3933,$2181,$475,$144,$816,$2997,$4540,$6564,$-37,$936,$3933,$-30,$55,$80,$135,$-14,$0,$-2,$-109,$-311,$-205,$-86,$0,$0,$0,$195,$195,$-11,$98,$0,$100,$100,$-132,$-132,$-89,$-45,$-166,$-278,$89,$-89
9,2016-07-31,108.71,$4.50,24.14,$17.80,6.11,$6.56,16.56,$3.76,28.91,$1.61B,$2.25B,0.72,$0.49B,$1.16B,0.42,$4.69B,$3.94B,83.98%,$4.69B,$1.24B,26.46%,$4.69B,$1.24B,26.46%,$4.69B,$1.48B,31.53%,$4.69B,$1.20B,25.63%,$4.69B,$0.98B,20.86%,$0.98B,$1.16B,95.49%,$0.98B,$-0.17B,-310.79%,$0.98B,$4.25B,22.54%,$1.24B,$1.65B,75.40%,$754,$171,$583,$235,$398,$810,$-56,$-6,$-62,$-22,$-40,$-40,$-40,$7,$-56,$262,265,$-0.25,$-0.23,$1080,$0,$304,$1614,$1031,$28,$1326,$112,$2636,$4250,$2251,$488,$146,$838,$3089,$3,$6687,$-32,$1161,$4250,$979,$238,$56,$294,$-20,$0,$-23,$160,$170,$1460,$-522,$0,$463,$0,$418,$418,$12,$371,$500,$0,$500,$-2067,$-2067,$-318,$-114,$-1999,$-170,$281,$-318
10,2016-04-30,98.56,$4.87,20.25,$17.39,5.67,$7.67,12.85,$3.97,24.83,$2.31B,$2.87B,0.81,$0.50B,$1.25B,0.4,$4.64B,$3.88B,83.67%,$4.64B,$1.17B,25.19%,$4.64B,$1.17B,25.19%,$4.64B,$1.44B,31.02%,$4.64B,$1.13B,24.31%,$4.64B,$1.03B,22.28%,$1.03B,$1.25B,78.38%,$1.03B,$-0.09B,-3562.07%,$1.03B,$4.94B,22.84%,$1.17B,$1.75B,60.11%,$2304,$216,$2088,$228,$572,$1019,$1285,$-8,$1277,$429,$848,$848,$1026,$1347,$1285,$257,260,$4.00,$3.94,$1613,$0,$372,$2311,$989,$28,$1339,$108,$2629,$4940,$2865,$500,$153,$827,$3692,$4334,$6805,$-26,$1248,$4940,$1019,$175,$-84,$91,$-125,$0,$77,$223,$631,$1741,$-449,$0,$463,$561,$0,$561,$3,$578,$500,$0,$500,$-2065,$-2065,$-238,$-41,$-1844,$481,$200,$-238
11,2016-01-31,93.04,$2.46,37.81,$16.10,5.78,$8.16,11.41,$1.81,51.4,$1.47B,$2.35B,0.63,$1.00B,$0.64B,1.56,$4.47B,$3.72B,83.37%,$4.47B,$0.95B,21.24%,$4.47B,$0.95B,21.24%,$4.47B,$1.48B,33.11%,$4.47B,$0.91B,20.37%,$4.47B,$0.51B,11.37%,$0.51B,$0.64B,32.03%,$0.51B,$-0.70B,298.38%,$0.51B,$4.35B,11.02%,$0.95B,$1.64B,42.92%,$923,$199,$724,$205,$476,$881,$42,$-14,$28,$-1,$29,$29,$24,$100,$42,$263,266,$0.09,$0.09,$334,$0,$373,$1467,$980,$28,$1345,$103,$2882,$4349,$2349,$1000,$138,$1359,$3708,$4226,$5857,$-42,$641,$4349,$-7,$113,$146,$259,$-431,$0,$103,$321,$-133,$129,$-394,$0,$0,$0,$887,$887,$0,$493,$0,$745,$745,$-1640,$-1640,$-161,$-29,$-1085,$-474,$137,$-161
12,2015-10-31,94.61,$3.98,23.79,$15.25,6.2,$9.61,9.84,$1.49,63.49,$1.43B,$1.89B,0.76,$0.50B,$1.05B,0.48,$4.29B,$3.56B,82.95%,$4.29B,$0.82B,19.05%,$4.29B,$0.82B,19.05%,$4.29B,$1.35B,31.38%,$4.29B,$0.79B,18.36%,$4.29B,$0.42B,9.74%,$0.42B,$1.05B,20.75%,$0.42B,$-0.30B,89.70%,$0.42B,$3.83B,8.64%,$0.82B,$1.55B,32.54%,$713,$166,$547,$213,$361,$742,$-29,$-11,$-40,$-9,$-31,$-31,$-31,$26,$-29,$272,272,$-0.11,$-0.11,$474,$0,$347,$1427,$701,$28,$1351,$107,$2406,$3833,$1887,$500,$184,$895,$2782,$4114,$5914,$-32,$1051,$3833,$-31,$55,$76,$131,$-28,$0,$-6,$-102,$-288,$-188,$-70,$0,$0,$0,$887,$887,$-1,$816,$0,$350,$350,$-1206,$-1206,$-82,$-23,$-961,$-334,$69,$-82
13,2015-07-31,102.37,$8.40,12.19,$14.77,6.93,$9.96,10.28,$1.31,78.14,$2.56B,$1.74B,1.47,$0.50B,$2.33B,0.21,$4.19B,$3.47B,82.71%,$4.19B,$0.74B,17.60%,$4.19B,$0.74B,17.60%,$4.19B,$1.27B,30.20%,$4.19B,$0.71B,16.98%,$4.19B,$0.37B,8.71%,$0.37B,$2.33B,14.70%,$0.37B,$0.98B,44.70%,$0.37B,$4.97B,7.11%,$0.74B,$2.83B,24.74%,$696,$176,$520,$215,$398,$826,$-130,$-8,$-138,$-36,$-102,$-102,$14,$-35,$-130,$281,286,$0.01,$0.02,$1697,$0,$337,$2560,$682,$27,$1353,$106,$2408,$4968,$1744,$500,$172,$892,$2636,$3,$6027,$-30,$2332,$4968,$365,$528,$242,$770,$24,$0,$35,$416,$454,$1589,$-261,$0,$-95,$475,$-319,$156,$18,$-182,$0,$0,$0,$-1025,$-1025,$-283,$-114,$-1422,$-41,$257,$-283
14,2015-04-30,96.87,$8.42,11.5,$13.89,6.97,$9.64,10.05,$1.12,86.49,$2.87B,$2.13B,1.35,$0.50B,$2.32B,0.22,$3.95B,$3.27B,82.75%,$3.95B,$0.80B,20.19%,$3.95B,$0.80B,20.19%,$3.95B,$1.28B,32.43%,$3.95B,$0.80B,20.14%,$3.95B,$0.32B,8.16%,$0.32B,$2.32B,12.06%,$0.32B,$0.71B,32.95%,$0.32B,$5.30B,6.20%,$0.80B,$2.82B,25.15%,$2135,$202,$1933,$206,$544,$1069,$1066,$-6,$1060,$404,$656,$656,$501,$1388,$1066,$277,282,$1.81,$1.78,$2084,$0,$330,$2867,$671,$32,$1615,$110,$2428,$5295,$2126,$499,$204,$848,$2974,$3925,$6082,$-20,$2321,$5295,$351,$433,$181,$614,$-76,$0,$125,$489,$757,$1722,$-183,$0,$-95,$155,$0,$155,$28,$-95,$0,$0,$0,$-1105,$-1105,$-212,$51,$-1266,$344,$184,$-212
15,2015-01-31,83.61,$8.38,9.98,$14.55,5.75,$9.04,9.25,$2.73,30.63,$2.58B,$2.11B,1.22,$0.50B,$2.35B,0.21,$4.20B,$3.55B,84.55%,$4.20B,$1.23B,29.17%,$4.20B,$1.23B,29.17%,$4.20B,$1.43B,34.12%,$4.20B,$1.22B,29.14%,$4.20B,$0.81B,19.17%,$0.81B,$2.35B,27.77%,$0.81B,$0.48B,64.75%,$0.81B,$5.25B,15.27%,$1.23B,$2.85B,36.05%,$749,$188,$561,$188,$459,$838,$-89,$-5,$-94,$-34,$-60,$-60,$-66,$-32,$-89,$285,285,$-0.23,$-0.23,$1367,$0,$354,$2578,$643,$35,$1875,$114,$2667,$5245,$2109,$499,$200,$782,$2891,$3822,$5652,$-22,$2354,$5245,$-150,$111,$106,$217,$-327,$0,$116,$561,$161,$247,$-116,$0,$-76,$167,$0,$167,$-10,$-35,$0,$0,$0,$-453,$-453,$-143,$38,$-558,$-367,$122,$-143
16,2014-10-31,84.52,$10.26,8.24,$14.68,5.76,$8.76,9.65,$2.83,29.87,$2.44B,$1.36B,1.79,$0.50B,$2.93B,0.17,$4.23B,$3.60B,84.95%,$4.23B,$1.27B,29.96%,$4.23B,$1.27B,29.96%,$4.23B,$1.47B,34.70%,$4.23B,$1.26B,29.86%,$4.23B,$0.83B,19.70%,$0.83B,$2.93B,29.06%,$0.83B,$1.10B,63.23%,$0.83B,$5.04B,16.22%,$1.27B,$3.43B,37.64%,$612,$159,$453,$189,$370,$721,$-109,$-7,$-116,$-35,$-81,$-81,$-84,$-55,$-109,$286,286,$-0.29,$-0.29,$1589,$0,$358,$2437,$629,$31,$1825,$116,$2601,$5038,$1360,$499,$200,$751,$2111,$3687,$5791,$-7,$2927,$5038,$-84,$54,$55,$109,$-4,$0,$32,$12,$-155,$-118,$-55,$0,$-9,$11,$0,$11,$-8,$-61,$0,$0,$0,$-67,$-67,$-74,$18,$-123,$-307,$61,$-74
17,2014-07-31,78.48,$10.80,7.27,$14.70,5.34,$8.54,9.19,$3.08,25.48,$2.62B,$1.42B,1.84,$0.50B,$3.08B,0.16,$4.24B,$3.62B,85.36%,$4.24B,$1.30B,30.64%,$4.24B,$1.30B,30.64%,$4.24B,$1.50B,35.28%,$4.24B,$1.30B,30.64%,$4.24B,$0.91B,21.38%,$0.91B,$3.08B,33.67%,$0.91B,$1.62B,72.71%,$0.91B,$5.20B,18.51%,$1.30B,$3.58B,40.72%,$451,$132,$319,$166,$231,$522,$-71,$0,$-55,$-18,$-37,$-37,$-29,$-21,$-71,$285,291,$-0.12,$-0.10,$1914,$0,$289,$2621,$589,$31,$1456,$108,$2580,$5201,$1421,$499,$166,$702,$2123,$3,$5949,$-2,$3078,$5201,$907,$197,$236,$433,$-5,$0,$15,$2,$106,$1446,$-186,$0,$554,$-421,$26,$-395,$-22,$-49,$0,$0,$0,$-1412,$-1412,$-220,$81,$-1551,$-160,$204,$-220
18,2014-04-30,72.36,$11.39,6.35,$14.50,4.99,$8.07,8.96,$3.17,22.83,$3.44B,$1.68B,2.04,$0.50B,$3.24B,0.15,$4.20B,$3.61B,86.00%,$4.20B,$1.29B,30.61%,$4.20B,$1.29B,30.61%,$4.20B,$1.50B,35.61%,$4.20B,$1.26B,30.06%,$4.20B,$0.92B,21.90%,$0.92B,$3.24B,32.78%,$0.92B,$1.77B,66.86%,$0.92B,$5.61B,18.51%,$1.29B,$3.74B,38.90%,$2388,$170,$2218,$186,$533,$894,$1494,$-5,$1489,$505,$984,$984,$984,$1541,$1494,$284,290,$3.47,$3.39,$2633,$0,$273,$3438,$566,$31,$1468,$107,$2172,$5610,$1683,$499,$190,$689,$2372,$3471,$6033,$12,$3238,$5610,$936,$147,$170,$317,$-148,$0,$56,$36,$277,$1530,$-121,$0,$935,$-381,$0,$-381,$-14,$419,$0,$0,$0,$-1264,$-1264,$-165,$52,$-1377,$565,$148,$-165
19,2014-01-31,69.79,$7.88,8.85,$13.14,5.31,$7.86,8.88,$2.49,28.03,$2.54B,$1.79B,1.42,$0.50B,$2.24B,0.22,$3.90B,$3.35B,85.71%,$3.90B,$1.07B,27.51%,$3.90B,$1.07B,27.51%,$3.90B,$1.34B,34.32%,$3.90B,$1.05B,26.95%,$3.90B,$0.76B,19.42%,$0.76B,$2.24B,26.23%,$0.76B,$0.78B,60.88%,$0.76B,$4.72B,15.10%,$1.07B,$2.73B,31.69%,$782,$176,$606,$186,$461,$828,$-46,$-8,$-54,$-17,$-37,$-37,$-37,$4,$-46,$284,284,$-0.13,$-0.13,$1331,$0,$290,$2541,$573,$45,$1453,$106,$2177,$4718,$1790,$499,$194,$693,$2483,$3376,$5103,$10,$2235,$4718,$-48,$100,$125,$225,$-308,$0,$88,$384,$-46,$142,$-93,$0,$959,$-28,$0,$-28,$-10,$828,$0,$0,$0,$-1277,$-1277,$-111,$43,$-1345,$-384,$99,$-111
20,2013-10-31,67.87,$7.81,8.69,$13.31,5.1,$7.68,8.84,$2.85,23.81,$1.95B,$1.15B,1.69,$0.50B,$2.22B,0.22,$4.01B,$3.46B,86.32%,$4.01B,$1.20B,30.05%,$4.01B,$1.20B,30.05%,$4.01B,$1.48B,36.89%,$4.01B,$1.18B,29.56%,$4.01B,$0.87B,21.62%,$0.87B,$2.22B,28.59%,$0.87B,$0.82B,75.11%,$0.87B,$4.07B,16.94%,$1.20B,$2.72B,34.12%,$622,$143,$479,$176,$376,$699,$-77,$-3,$-80,$-23,$-57,$-57,$-11,$-27,$-77,$288,288,$-0.04,$-0.04,$1116,$0,$228,$1950,$563,$45,$1408,$102,$2118,$4068,$1153,$499,$192,$691,$1844,$2995,$5196,$19,$2224,$4068,$-11,$50,$84,$134,$-11,$0,$32,$-93,$-313,$-190,$-47,$0,$1016,$-13,$0,$-13,$-7,$949,$0,$0,$0,$-1328,$-1328,$-55,$33,$-1350,$-592,$47,$-55
21,2013-07-31,60.58,$11.79,5.14,$13.04,4.64,$7.77,7.79,$2.83,21.4,$2.40B,$1.28B,1.87,$0.50B,$3.53B,0.14,$3.95B,$3.41B,86.32%,$3.95B,$1.21B,30.61%,$3.95B,$1.21B,30.61%,$3.95B,$1.49B,37.66%,$3.95B,$1.19B,30.03%,$3.95B,$0.86B,21.74%,$0.86B,$3.53B,27.16%,$0.86B,$2.14B,82.72%,$0.86B,$5.49B,16.44%,$1.21B,$4.03B,33.02%,$409,$99,$310,$144,$264,$494,$-85,$-7,$-92,$-30,$-62,$-62,$-16,$-22,$-85,$297,303,$-0.06,$-0.05,$1661,$0,$235,$2396,$555,$83,$1395,$102,$3090,$5486,$1280,$499,$167,$675,$1955,$3,$5262,$20,$3531,$5486,$858,$278,$155,$433,$12,$0,$4,$41,$56,$1366,$-195,$0,$43,$-308,$0,$-308,$-25,$-485,$0,$0,$0,$-127,$-127,$-203,$68,$-262,$616,$195,$-203
22,2013-04-30,56.37,$12.03,4.69,$12.70,4.44,$7.38,7.63,$2.89,19.5,$2.70B,$1.55B,1.75,$0.50B,$3.57B,0.14,$3.85B,$3.38B,87.96%,$3.85B,$1.24B,32.22%,$3.85B,$1.24B,32.22%,$3.85B,$1.51B,39.30%,$3.85B,$1.21B,31.52%,$3.85B,$0.88B,22.83%,$0.88B,$3.57B,29.63%,$0.88B,$1.25B,107.60%,$0.88B,$5.81B,17.49%,$1.24B,$4.07B,35.79%,$2091,$140,$1951,$166,$491,$809,$1282,$-4,$1278,$420,$858,$858,$822,$1385,$1282,$297,304,$2.77,$2.71,$1995,$0,$184,$2700,$588,$88,$2324,$110,$3110,$5810,$1546,$499,$195,$694,$2240,$3245,$5334,$29,$3570,$5810,$874,$215,$141,$356,$-129,$0,$76,$65,$318,$1560,$-147,$0,$49,$-231,$0,$-231,$-18,$-347,$0,$0,$0,$-107,$-107,$-152,$65,$-194,$1019,$142,$-152
23,2013-01-31,58.8,$9.41,6.25,$12.18,4.83,$7.04,8.36,$2.60,22.62,$1.91B,$1.60B,1.2,$0.50B,$2.79B,0.18,$3.68B,$3.16B,85.87%,$3.68B,$1.07B,29.02%,$3.68B,$1.07B,29.02%,$3.68B,$1.29B,35.03%,$3.68B,$1.04B,28.32%,$3.68B,$0.79B,21.47%,$0.79B,$2.79B,28.43%,$0.79B,$0.41B,111.58%,$0.79B,$5.09B,16.30%,$1.07B,$3.29B,32.58%,$884,$166,$718,$169,$458,$800,$84,$-6,$78,$13,$65,$65,$71,$142,$84,$296,303,$0.24,$0.23,$678,$0,$284,$1912,$599,$88,$2378,$112,$3177,$5089,$1596,$499,$202,$701,$2297,$3186,$4563,$29,$2792,$5089,$52,$112,$91,$203,$-358,$0,$58,$299,$-153,$111,$-115,$-2,$57,$75,$0,$75,$-17,$-2,$0,$0,$0,$-59,$-59,$-101,$56,$-104,$6,$96,$-101
24,2012-10-31,55.87,$9.26,6.03,$12.53,4.46,$7.24,7.72,$2.76,20.24,$1.33B,$1.07B,1.24,$0.50B,$2.75B,0.18,$3.80B,$3.24B,85.35%,$3.80B,$1.18B,31.07%,$3.80B,$1.18B,31.07%,$3.80B,$1.40B,36.97%,$3.80B,$1.15B,30.22%,$3.80B,$0.84B,22.06%,$0.84B,$2.75B,31.74%,$0.84B,$0.35B,127.74%,$0.84B,$4.49B,17.39%,$1.18B,$3.24B,37.60%,$562,$135,$427,$168,$321,$635,$-73,$-6,$-79,$-25,$-54,$-54,$-19,$-19,$-73,$296,296,$-0.06,$-0.06,$558,$0,$209,$1334,$595,$75,$2392,$98,$3160,$4494,$1074,$499,$176,$675,$1749,$3114,$4543,$29,$2745,$4494,$-19,$54,$49,$103,$-1,$0,$12,$-36,$-229,$-145,$-70,$0,$57,$15,$0,$15,$-2,$0,$0,$0,$0,$-27,$-27,$-50,$44,$-33,$-177,$49,$-50
25,2012-07-31,54.39,$9.29,5.85,$12.55,4.33,$7.45,7.3,$2.61,20.84,$1.52B,$1.27B,1.2,$0.50B,$2.74B,0.18,$3.81B,$3.22B,84.64%,$3.81B,$1.17B,30.67%,$3.81B,$1.17B,30.67%,$3.81B,$1.41B,37.03%,$3.81B,$1.14B,29.88%,$3.81B,$0.79B,20.80%,$0.79B,$2.74B,31.17%,$0.79B,$1.25B,122.22%,$0.79B,$4.68B,16.29%,$1.17B,$3.24B,38.42%,$308,$22,$286,$128,$228,$362,$-54,$-11,$-65,$-30,$-35,$-35,$4,$3,$-54,$296,305,$-0.01,$0.00,$744,$0,$290,$1523,$543,$75,$1493,$94,$3161,$4684,$1265,$499,$166,$675,$1940,$3,$4612,$25,$2744,$4684,$792,$242,$108,$350,$-10,$0,$19,$48,$93,$1246,$-186,$-10,$-392,$349,$0,$349,$14,$-225,$-500,$0,$-500,$-736,$-736,$-178,$70,$-1344,$-329,$169,$-178
26,2012-04-30,54.2,$9.63,5.63,$13.44,4.03,$6.63,8.18,$2.41,22.49,$2.33B,$1.59B,1.47,$0.50B,$2.84B,0.18,$4.07B,$3.35B,82.27%,$4.07B,$1.16B,28.58%,$4.07B,$1.16B,28.58%,$4.07B,$1.44B,35.40%,$4.07B,$1.13B,27.69%,$4.07B,$0.73B,17.95%,$0.73B,$2.84B,29.14%,$0.73B,$0.81B,154.63%,$0.73B,$5.12B,14.71%,$1.16B,$3.33B,38.70%,$1926,$197,$1729,$163,$453,$815,$1111,$-3,$1108,$372,$736,$736,$734,$1163,$1111,$295,303,$2.49,$2.42,$1522,$0,$325,$2330,$555,$90,$2021,$102,$2786,$5116,$1587,$499,$195,$694,$2281,$3007,$4677,$29,$2835,$5116,$788,$185,$123,$308,$-124,$0,$80,$121,$329,$1428,$-125,$0,$0,$28,$0,$28,$15,$-82,$-500,$0,$-500,$-633,$-633,$-134,$62,$-1205,$137,$120,$-134
27,2012-01-31,52.64,$7.54,6.98,$12.98,4.05,$5.58,9.43,$2.19,24.04,$2.17B,$2.05B,1.06,$0.50B,$2.22B,0.22,$4.00B,$3.31B,82.75%,$4.00B,$1.11B,27.88%,$4.00B,$1.11B,27.88%,$4.00B,$1.40B,35.07%,$4.00B,$1.07B,26.83%,$4.00B,$0.69B,17.15%,$0.69B,$2.22B,27.34%,$0.69B,$0.20B,153.50%,$0.69B,$4.96B,13.48%,$1.11B,$2.72B,37.08%,$999,$202,$797,$164,$425,$804,$195,$-12,$183,$62,$121,$121,$118,$256,$195,$297,306,$0.40,$0.39,$959,$0,$330,$2174,$564,$59,$2020,$104,$2788,$4962,$2053,$499,$187,$686,$2739,$2975,$3991,$9,$2223,$4962,$54,$133,$68,$201,$-421,$0,$84,$276,$-107,$150,$-92,$0,$0,$12,$0,$12,$15,$-65,$0,$0,$0,$-480,$-480,$-89,$43,$-526,$-445,$83,$-89
28,2011-10-31,49.92,$7.91,6.31,$12.48,4.0,$5.11,9.76,$2.03,24.59,$1.88B,$1.64B,1.15,$0.50B,$2.36B,0.21,$3.87B,$3.21B,82.91%,$3.87B,$1.03B,26.59%,$3.87B,$1.03B,26.59%,$3.87B,$1.32B,34.00%,$3.87B,$0.99B,25.58%,$3.87B,$0.64B,16.52%,$0.64B,$2.36B,25.42%,$0.64B,$0.32B,148.75%,$0.64B,$4.68B,12.59%,$1.03B,$2.86B,32.79%,$575,$164,$411,$163,$308,$659,$-84,$-4,$-88,$-30,$-58,$-58,$-64,$-12,$-84,$300,300,$-0.21,$-0.21,$1051,$0,$321,$1880,$560,$59,$2037,$106,$2803,$4683,$1636,$499,$187,$686,$2322,$2919,$3917,$9,$2361,$4683,$-64,$72,$36,$108,$5,$0,$39,$-119,$-154,$-110,$-44,$0,$0,$-20,$0,$-20,$14,$-50,$0,$0,$0,$-210,$-210,$-45,$29,$-226,$-389,$40,$-45
29,2011-07-31,43.3,$8.70,4.97,$12.25,3.54,$4.80,9.02,$2.02,21.43,$2.25B,$1.81B,1.25,$0.50B,$2.62B,0.19,$3.83B,$3.18B,82.95%,$3.83B,$1.01B,26.36%,$3.83B,$1.01B,26.36%,$3.83B,$1.28B,33.44%,$3.83B,$0.97B,25.27%,$3.83B,$0.63B,16.55%,$0.63B,$2.62B,24.56%,$0.63B,$0.55B,136.42%,$0.63B,$5.11B,12.31%,$1.01B,$3.12B,30.34%,$573,$159,$414,$153,$279,$631,$-58,$-17,$-75,$-19,$-56,$-56,$-57,$35,$-58,$302,302,$-0.19,$-0.19,$1421,$0,$414,$2254,$561,$63,$2066,$111,$2856,$5110,$1805,$499,$190,$689,$2494,$3,$4031,$15,$2616,$5110,$634,$271,$194,$465,$-36,$0,$-24,$-38,$-105,$1013,$-213,$-15,$0,$697,$0,$697,$28,$497,$0,$0,$0,$-1077,$-1077,$0,$71,$-1006,$508,$153,$0
30,2011-04-30,51.51,$9.29,5.54,$11.84,4.35,$4.82,10.69,$2.06,25.0,$2.64B,$2.04B,1.29,$0.50B,$2.82B,0.18,$3.74B,$3.12B,83.25%,$3.74B,$1.05B,27.92%,$3.74B,$1.05B,27.92%,$3.74B,$1.28B,34.22%,$3.74B,$1.01B,26.88%,$3.74B,$0.64B,17.18%,$0.64B,$2.82B,24.43%,$0.64B,$0.71B,131.22%,$0.64B,$5.57B,12.43%,$1.05B,$3.32B,29.81%,$1848,$164,$1684,$164,$444,$787,$1061,$-9,$1052,$364,$688,$688,$688,$1122,$1061,$303,313,$2.27,$2.20,$1828,$0,$383,$2644,$565,$81,$2113,$111,$2923,$5567,$2044,$498,$204,$702,$2746,$2835,$4088,$15,$2821,$5567,$691,$178,$146,$324,$-130,$0,$42,$55,$170,$1185,$-166,$-3,$0,$921,$0,$921,$28,$780,$0,$0,$0,$-875,$-875,$0,$59,$-816,$1155,$112,$0
31,2011-01-31,43.51,$7.45,5.84,$10.91,3.99,$4.81,9.04,$1.64,26.53,$2.02B,$1.50B,1.35,$1.00B,$2.27B,0.44,$3.50B,$2.89B,82.44%,$3.50B,$0.87B,24.90%,$3.50B,$0.87B,24.90%,$3.50B,$1.10B,31.47%,$3.50B,$0.83B,23.76%,$3.50B,$0.53B,15.16%,$0.53B,$2.27B,20.10%,$0.53B,$0.14B,105.94%,$0.53B,$4.98B,10.34%,$0.87B,$3.27B,23.96%,$878,$175,$703,$158,$418,$767,$111,$-9,$102,$29,$73,$73,$73,$172,$111,$308,318,$0.24,$0.23,$892,$0,$337,$2024,$576,$89,$2133,$109,$2955,$4979,$1504,$998,$205,$1203,$2707,$2820,$3400,$11,$2272,$4979,$3,$117,$96,$213,$-345,$0,$46,$191,$-180,$47,$-135,$-3,$0,$913,$0,$913,$29,$804,$0,$0,$0,$-673,$-673,$0,$41,$-632,$219,$73,$0
32,2010-10-31,44.48,$8.34,5.33,$10.74,4.14,$5.21,8.54,$1.76,25.27,$2.01B,$1.14B,1.77,$1.00B,$2.62B,0.38,$3.46B,$2.86B,82.61%,$3.46B,$0.90B,26.00%,$3.46B,$0.90B,26.00%,$3.46B,$1.14B,32.85%,$3.46B,$0.86B,24.73%,$3.46B,$0.57B,16.53%,$0.57B,$2.62B,21.69%,$0.57B,$0.46B,114.40%,$0.57B,$4.94B,11.25%,$0.90B,$3.61B,24.76%,$532,$155,$377,$156,$310,$636,$-104,$-7,$-111,$-41,$-70,$-70,$-70,$-48,$-104,$316,316,$-0.22,$-0.22,$1174,$0,$363,$2010,$547,$89,$2153,$99,$2933,$4943,$1136,$998,$194,$1192,$2328,$2762,$3327,$12,$2615,$4943,$-70,$56,$65,$121,$-12,$0,$5,$-165,$-267,$-211,$-51,$-3,$0,$344,$0,$344,$-5,$285,$0,$0,$0,$-204,$-204,$0,$27,$-177,$-102,$35,$0
33,2010-07-31,36.85,$8.99,4.1,$10.54,3.5,$5.50,6.7,$1.77,20.82,$2.30B,$1.22B,1.88,$1.00B,$2.82B,0.35,$3.40B,$2.81B,82.63%,$3.40B,$0.90B,26.56%,$3.40B,$0.90B,26.56%,$3.40B,$1.16B,34.09%,$3.40B,$0.86B,25.15%,$3.40B,$0.57B,16.87%,$0.57B,$2.82B,22.49%,$0.57B,$0.65B,132.87%,$0.57B,$5.20B,11.56%,$0.90B,$3.82B,25.47%,$485,$133,$352,$138,$226,$508,$-23,$-14,$-37,$-14,$-23,$-23,$-48,$35,$-23,$316,325,$-0.16,$-0.15,$1622,$0,$337,$2295,$510,$91,$2170,$91,$2903,$5198,$1221,$998,$158,$1156,$2377,$3,$3397,$11,$2821,$5198,$574,$256,$26,$282,$2,$0,$40,$30,$119,$998,$-130,$-13,$-96,$-895,$0,$-895,$137,$-997,$0,$0,$0,$-484,$-484,$0,$17,$-467,$-465,$135,$0
34,2010-04-30,33.55,$9.12,3.68,$10.38,3.23,$4.74,7.08,$1.70,19.74,$2.58B,$1.41B,1.83,$1.00B,$2.86B,0.35,$3.36B,$2.77B,82.48%,$3.36B,$0.81B,24.14%,$3.36B,$0.81B,24.14%,$3.36B,$1.09B,32.60%,$3.36B,$0.77B,22.97%,$3.36B,$0.55B,16.42%,$0.55B,$2.86B,22.17%,$0.55B,$0.75B,138.70%,$0.55B,$5.43B,11.31%,$0.81B,$3.86B,23.25%,$1607,$152,$1455,$141,$411,$719,$888,$-10,$878,$302,$576,$576,$576,$943,$888,$314,323,$1.83,$1.78,$1929,$0,$275,$2577,$518,$92,$2105,$91,$2850,$5427,$1407,$998,$164,$1162,$2569,$2668,$3445,$11,$2858,$5427,$622,$198,$-8,$190,$-67,$0,$63,$31,$322,$1149,$-100,$-3,$-19,$-984,$0,$-984,$140,$-966,$0,$0,$0,$-424,$-424,$0,$-11,$-435,$-249,$99,$0
35,2010-01-31,27.45,$7.23,3.8,$9.71,2.83,$3.71,7.4,$1.39,19.75,$1.92B,$1.35B,1.42,$1.00B,$2.26B,0.44,$3.17B,$2.58B,81.52%,$3.17B,$0.69B,21.70%,$3.17B,$0.69B,21.70%,$3.17B,$0.98B,30.92%,$3.17B,$0.65B,20.59%,$3.17B,$0.46B,14.53%,$0.46B,$2.26B,19.00%,$0.46B,$0.13B,119.64%,$0.46B,$4.78B,9.64%,$0.69B,$3.25B,20.09%,$837,$162,$675,$144,$365,$698,$139,$-13,$126,$46,$80,$80,$114,$207,$139,$314,323,$0.36,$0.35,$946,$0,$313,$1916,$518,$92,$2122,$87,$2862,$4778,$1354,$998,$170,$1168,$2522,$2599,$2869,$8,$2256,$4778,$46,$143,$-10,$133,$-331,$0,$56,$227,$-84,$105,$-66,$0,$-19,$-89,$0,$-89,$142,$-32,$0,$0,$0,$-400,$-400,$0,$-16,$-416,$-342,$65,$0
36,2009-10-31,26.95,$7.19,3.75,$9.49,2.84,$3.06,8.82,$1.30,20.73,$1.64B,$1.02B,1.6,$1.00B,$2.27B,0.44,$3.10B,$2.53B,81.40%,$3.10B,$0.66B,21.24%,$3.10B,$0.66B,21.24%,$3.10B,$0.95B,30.59%,$3.10B,$0.63B,20.34%,$3.10B,$0.43B,13.89%,$0.43B,$2.27B,18.22%,$0.43B,$0.19B,113.05%,$0.43B,$4.45B,9.22%,$0.66B,$3.27B,19.59%,$474,$144,$330,$141,$257,$574,$-100,$-11,$-111,$-42,$-69,$-69,$-68,$-25,$-100,$320,320,$-0.21,$-0.21,$927,$0,$293,$1636,$522,$92,$2082,$81,$2818,$4454,$1020,$998,$164,$1162,$2182,$2565,$2759,$7,$2272,$4454,$-68,$75,$6,$81,$-13,$0,$9,$-92,$-153,$-140,$-32,$0,$0,$-30,$0,$-30,$84,$22,$0,$0,$0,$-235,$-235,$0,$-13,$-248,$-366,$27,$0
37,2009-07-31,27.53,$7.92,3.48,$9.49,2.9,$2.77,9.95,$1.35,20.4,$1.97B,$1.08B,1.82,$1.00B,$2.56B,0.39,$3.11B,$2.53B,81.41%,$3.11B,$0.68B,21.97%,$3.11B,$0.68B,21.97%,$3.11B,$0.96B,30.81%,$3.11B,$0.65B,21.00%,$3.11B,$0.45B,14.38%,$0.45B,$2.56B,19.57%,$0.45B,$0.51B,133.43%,$0.45B,$4.83B,9.74%,$0.68B,$3.56B,20.81%,$438,$130,$308,$150,$251,$555,$-117,$-5,$-122,$-50,$-72,$-72,$-71,$-31,$-117,$322,330,$-0.23,$-0.22,$1347,$0,$272,$1968,$527,$97,$2045,$77,$2858,$4826,$1084,$998,$0,$1185,$2269,$3,$2849,$7,$2557,$4826,$447,$275,$164,$439,$-18,$0,$-7,$11,$-87,$812,$-182,$-20,$-161,$-67,$0,$-67,$-2,$-432,$0,$0,$0,$-102,$-102,$0,$-8,$-110,$266,$133,$0
38,2009-04-30,21.44,$8.05,2.66,$9.35,2.29,$2.40,8.92,$1.38,15.54,$2.22B,$1.31B,1.7,$1.00B,$2.60B,0.38,$3.07B,$2.52B,82.03%,$3.07B,$0.70B,22.76%,$3.07B,$0.70B,22.76%,$3.07B,$0.95B,30.87%,$3.07B,$0.68B,21.98%,$3.07B,$0.46B,14.85%,$0.46B,$2.60B,21.08%,$0.46B,$0.70B,196.13%,$0.46B,$5.03B,10.02%,$0.70B,$3.60B,22.11%,$1417,$149,$1268,$130,$348,$652,$765,$-6,$759,$274,$485,$485,$485,$828,$765,$322,329,$1.51,$1.47,$1472,$0,$344,$2219,$536,$268,$1896,$77,$2814,$5033,$1309,$998,$126,$1125,$2434,$2495,$2926,$3,$2599,$5033,$518,$189,$140,$329,$-146,$0,$40,$66,$21,$878,$-148,$0,$-8,$181,$0,$181,$0,$25,$0,$0,$0,$-74,$-74,$0,$-10,$-84,$809,$94,$0
39,2009-01-31,21.0,$6.34,3.31,$8.98,2.34,$2.14,9.81,$1.24,16.93,$1.57B,$1.24B,1.27,$1.00B,$2.03B,0.49,$2.97B,$2.42B,81.70%,$2.97B,$0.61B,20.53%,$2.97B,$0.61B,20.53%,$2.97B,$0.85B,28.68%,$2.97B,$0.60B,20.29%,$2.97B,$0.42B,13.99%,$0.42B,$2.03B,20.48%,$0.42B,$0.12B,572.41%,$0.42B,$4.39B,9.37%,$0.61B,$3.03B,20.14%,$773,$154,$619,$140,$341,$662,$111,$-6,$105,$19,$86,$86,$85,$177,$111,$321,326,$0.27,$0.26,$548,$0,$294,$1570,$540,$254,$1913,$77,$2820,$4390,$1236,$998,$120,$1120,$2356,$2457,$2446,$-8,$2034,$4390,$33,$126,$102,$228,$-317,$0,$15,$87,$-325,$-57,$-117,$0,$0,$221,$0,$221,$4,$108,$0,$0,$0,$-105,$-105,$0,$-10,$-115,$-74,$57,$0
40,2008-10-31,23.23,$6.06,3.83,$9.04,2.57,$2.43,9.56,$1.32,17.6,$1.24B,$1.03B,1.2,$1.00B,$1.95B,0.51,$3.03B,$2.48B,81.88%,$3.03B,$0.67B,22.19%,$3.03B,$0.67B,22.19%,$3.03B,$0.90B,29.68%,$3.03B,$0.68B,22.32%,$3.03B,$0.45B,14.69%,$0.45B,$1.95B,22.49%,$0.45B,$0.01B,1618.18%,$0.45B,$4.11B,10.06%,$0.67B,$2.95B,22.58%,$481,$145,$336,$136,$251,$557,$-76,$-13,$-89,$-37,$-52,$-52,$-52,$-16,$-76,$323,323,$-0.16,$-0.16,$459,$0,$328,$1236,$533,$288,$1942,$78,$2870,$4106,$1028,$998,$126,$1131,$2159,$2429,$2370,$1,$1947,$4106,$-52,$60,$72,$132,$-17,$0,$22,$-158,$-280,$-200,$-67,$0,$0,$123,$0,$123,$2,$58,$0,$0,$0,$-88,$-88,$0,$-6,$-94,$-244,$22,$0
41,2008-07-31,25.34,$6.43,3.94,$8.87,2.86,$2.58,9.8,$1.42,17.84,$1.77B,$1.47B,1.21,$1.00B,$2.07B,0.48,$2.99B,$2.46B,82.12%,$2.99B,$0.65B,21.55%,$2.99B,$0.65B,21.55%,$2.99B,$0.86B,28.77%,$2.99B,$0.69B,23.05%,$2.99B,$0.48B,15.90%,$0.48B,$2.07B,24.33%,$0.48B,$0.10B,1094.25%,$0.48B,$4.67B,10.86%,$0.65B,$3.07B,21.83%,$400,$104,$296,$144,$229,$501,$-101,$1,$-100,$-33,$-67,$-66,$-62,$-41,$-101,$329,339,$-0.21,$-0.20,$828,$0,$611,$1774,$507,$288,$1971,$74,$2893,$4667,$1467,$998,$0,$1126,$2594,$3,$2444,$8,$2073,$4667,$477,$217,$93,$310,$11,$0,$-18,$23,$30,$830,$-306,$0,$-159,$348,$0,$348,$30,$-87,$0,$0,$0,$-597,$-597,$0,$11,$-586,$158,$113,$0
42,2008-04-30,25.0,$6.41,3.9,$8.91,2.81,$2.65,9.43,$1.57,15.93,$1.63B,$1.39B,1.17,$1.00B,$2.05B,0.49,$3.03B,$2.48B,81.86%,$3.03B,$0.69B,22.77%,$3.03B,$0.69B,22.77%,$3.03B,$0.91B,29.97%,$3.03B,$0.77B,25.48%,$3.03B,$0.52B,17.32%,$0.52B,$2.05B,26.92%,$0.52B,$0.06B,705.72%,$0.52B,$4.55B,12.24%,$0.69B,$3.05B,23.40%,$1313,$140,$1173,$150,$325,$639,$675,$12,$686,$242,$445,$444,$444,$731,$675,$323,333,$1.37,$1.33,$897,$0,$358,$1628,$470,$295,$1989,$63,$2920,$4548,$1390,$998,$104,$1108,$2498,$2372,$2509,$8,$2050,$4548,$539,$157,$19,$176,$-86,$0,$11,$62,$147,$869,$-217,$0,$-131,$331,$0,$331,$-2,$-19,$0,$0,$0,$-646,$-646,$0,$10,$-636,$216,$86,$0
43,2008-01-31,28.45,$5.60,5.08,$8.21,3.47,$2.76,10.32,$1.28,22.23,$1.91B,$1.43B,1.34,$1.00B,$1.84B,0.54,$2.85B,$2.31B,81.07%,$2.85B,$0.59B,20.76%,$2.85B,$0.59B,20.76%,$2.85B,$0.80B,27.91%,$2.85B,$0.66B,23.21%,$2.85B,$0.45B,15.67%,$0.45B,$1.84B,23.28%,$0.45B,$-0.06B,631.80%,$0.45B,$4.37B,10.65%,$0.59B,$2.84B,20.29%,$835,$160,$675,$150,$330,$661,$174,$5,$179,$63,$116,$116,$115,$225,$174,$331,343,$0.35,$0.34,$837,$0,$533,$1909,$385,$0,$1901,$70,$2463,$4372,$1427,$998,$101,$1102,$2529,$2339,$2068,$9,$1843,$4372,$94,$100,$-4,$97,$-237,$0,$10,$134,$-157,$38,$-122,$0,$-10,$443,$0,$443,$-6,$305,$0,$0,$0,$-385,$-385,$0,$14,$-370,$-25,$56,$0
44,2007-10-31,29.82,$5.57,5.35,$7.85,3.8,$3.15,9.46,$1.34,22.26,$1.65B,$1.00B,1.66,$1.00B,$1.86B,0.54,$2.77B,$2.26B,81.50%,$2.77B,$0.63B,22.87%,$2.77B,$0.63B,22.87%,$2.77B,$0.81B,29.37%,$2.77B,$0.71B,25.61%,$2.77B,$0.48B,17.23%,$0.48B,$1.86B,24.91%,$0.48B,$0.07B,122.86%,$0.48B,$3.95B,12.35%,$0.63B,$2.86B,23.72%,$445,$131,$314,$149,$247,$548,$-103,$28,$-75,$-28,$-47,$-48,$-21,$-54,$-103,$338,338,$-0.06,$-0.06,$1003,$0,$275,$1652,$346,$0,$1790,$66,$2300,$3952,$998,$998,$95,$1095,$2093,$2292,$1959,$9,$1859,$3952,$-21,$49,$-32,$17,$-10,$0,$36,$-64,$-157,$-161,$-65,$0,$117,$191,$0,$191,$-9,$234,$0,$0,$0,$-199,$-199,$0,$12,$-187,$-109,$27,$0
45,2007-07-31,26.55,$6.00,4.43,$7.55,3.52,$3.34,7.94,$1.23,21.59,$1.95B,$1.16B,1.68,$1.00B,$2.04B,0.49,$2.67B,$2.19B,82.08%,$2.67B,$0.64B,23.83%,$2.67B,$0.64B,23.83%,$2.67B,$0.80B,29.82%,$2.67B,$0.70B,26.08%,$2.67B,$0.44B,16.42%,$0.44B,$2.04B,23.11%,$0.44B,$0.23B,65.92%,$0.44B,$4.25B,12.25%,$0.64B,$3.03B,26.46%,$433,$118,$315,$126,$225,$489,$-57,$38,$-19,$-7,$-12,$-13,$-14,$5,$-57,$343,356,$-0.05,$-0.03,$1304,$0,$314,$1952,$298,$0,$1810,$68,$2300,$4252,$1160,$998,$0,$1057,$2217,$3,$1985,$6,$2035,$4252,$440,$159,$33,$191,$-4,$0,$19,$74,$91,$727,$-153,$0,$-1252,$60,$0,$60,$-47,$-1393,$998,$0,$998,$-294,$-294,$0,$29,$734,$76,$77,$0
46,2007-04-30,26.38,$5.80,4.55,$7.15,3.69,$3.19,8.26,$1.21,21.8,$1.93B,$1.23B,1.57,$1.00B,$1.94B,0.51,$2.53B,$2.11B,83.23%,$2.53B,$0.64B,25.37%,$2.53B,$0.64B,25.37%,$2.53B,$0.78B,30.82%,$2.53B,$0.69B,27.11%,$2.53B,$0.43B,17.13%,$0.43B,$1.94B,23.77%,$0.43B,$0.05B,47.32%,$0.43B,$4.21B,13.51%,$0.64B,$2.94B,30.86%,$1139,$131,$1008,$116,$292,$561,$578,$-2,$577,$208,$368,$368,$367,$620,$578,$339,352,$1.08,$1.04,$1365,$0,$259,$1933,$254,$0,$1896,$58,$2280,$4213,$1230,$998,$42,$1040,$2270,$2208,$2020,$4,$1943,$4213,$454,$97,$74,$171,$-57,$0,$25,$102,$188,$815,$-89,$0,$-1204,$-85,$0,$-85,$-8,$-1386,$998,$0,$998,$-356,$-356,$0,$11,$653,$85,$59,$0
47,2007-01-31,29.16,$5.30,5.5,$6.59,4.43,$3.07,9.5,$1.01,28.87,$2.02B,$1.19B,1.7,$0.02B,$1.82B,0.01,$2.35B,$1.95B,82.88%,$2.35B,$0.55B,23.21%,$2.35B,$0.55B,23.21%,$2.35B,$0.67B,28.53%,$2.35B,$0.60B,25.51%,$2.35B,$0.37B,15.59%,$0.37B,$1.82B,20.82%,$0.37B,$1.21B,31.14%,$0.37B,$3.03B,12.62%,$0.55B,$1.84B,30.78%,$751,$131,$619,$113,$288,$536,$215,$11,$226,$80,$146,$146,$145,$242,$215,$347,361,$0.42,$0.40,$1136,$0,$412,$2024,$205,$0,$612,$48,$1010,$3034,$1191,$18,$0,$19,$1210,$2171,$1654,$14,$1824,$3034,$86,$55,$45,$101,$-213,$0,$49,$113,$-82,$106,$-53,$0,$-41,$168,$0,$168,$-7,$67,$0,$0,$0,$-81,$-81,$0,$15,$-66,$107,$38,$0
48,2006-10-31,32.73,$5.16,6.34,$6.55,5.0,$3.03,10.81,$1.12,29.22,$1.82B,$1.02B,1.78,$0.02B,$1.80B,0.01,$2.34B,$1.94B,82.69%,$2.34B,$0.57B,24.32%,$2.34B,$0.57B,24.32%,$2.34B,$0.70B,29.74%,$2.34B,$0.62B,26.54%,$2.34B,$0.40B,17.26%,$0.40B,$1.80B,23.89%,$0.40B,$1.18B,36.33%,$0.40B,$2.84B,14.35%,$0.57B,$1.81B,33.42%,$350,$98,$252,$117,$230,$449,$-99,$12,$-87,$-30,$-57,$-57,$-59,$-70,$-99,$346,346,$-0.17,$-0.17,$1059,$0,$436,$1818,$202,$0,$619,$46,$1017,$2835,$1021,$15,$0,$16,$1037,$2140,$1523,$2,$1798,$2835,$-59,$28,$26,$54,$3,$0,$26,$-64,$-132,$-137,$-29,$0,$-60,$125,$0,$125,$-5,$31,$0,$0,$0,$83,$83,$0,$8,$91,$-14,$19,$0
