,Date,Stock Price,Book Value per Share,Price to Book Ratio,TTM Sales per Share,Price to Sales Ratio,TTM FCF per Share,Price to FCF Ratio,TTM Net EPS,PE Ratio,Current Assets,Current Liabilities,Current Ratio,Long Term Debt,Shareholder's Equity_x,Debt to Equity Ratio,TTM Revenue_x,TTM Gross Profit,Gross Margin,TTM Revenue_y,TTM Operating Income,Operating Margin,TTM Revenue_x,TTM EBIT,EBIT Margin,TTM Revenue_y,TTM EBITDA,EBITDA Margin,TTM Revenue_x,TTM Pre-Tax Income,Pre-Tax Margin,TTM Revenue_y,TTM Net Income_x,Net Margin,TTM Net Income_y,Shareholder's Equity_y,Return on Equity,TTM Net Income_x,Tangible Equity,Return on Tangible Equity,TTM Net Income_y,Total Assets,Return on Assets,TTM Net Income,LT Investments & Debt,Return on Investment,revenue,cost-goods-sold,gross-profit,research-development-expenses,selling-general-administrative-expenses,operating-expenses,operating-income,total-non-operating-income-expense,pre-tax-income,total-provision-income-taxes,income-after-taxes,income-from-continuous-operations,net-income,ebitda,ebit,basic-shares-outstanding,shares-outstanding,eps-basic-net-earnings-per-share,eps-earnings-per-share-diluted,cash-on-hand,inventory,other-current-assets,total-current-assets,net-property-plant-equipment,long-term-investments,goodwill-intangible-assets-total,other-long-term-assets,total-long-term-assets,total-assets,total-current-liabilities,long-term-debt,other-non-current-liabilities,total-long-term-liabilities,total-liabilities,common-stock-net,retained-earnings-accumulated-deficit,comprehensive-income,total-share-holder-equity,total-liabilities-share-holders-equity,net-income-loss,total-depreciation-amortization-cash-flow,other-non-cash-items,total-non-cash-items,change-in-accounts-receivable,change-in-inventories,change-in-accounts-payable,change-in-assets-liabilities,total-change-in-assets-liabilities,cash-flow-from-operating-activities,net-change-in-property-plant-equipment,net-change-in-intangible-assets,net-acquisitions-divestitures,net-change-in-short-term-investments,net-change-in-long-term-investments,net-change-in-investments-total,investing-activities-other,cash-flow-from-investing-activities,net-long-term-debt,net-current-debt,debt-issuance-retirement-net-total,net-common-equity-issued-repurchased,net-total-equity-issued-repurchased,total-common-preferred-stock-dividends-paid,financial-activities-other,cash-flow-from-financial-activities,net-cash-flow,stock-based-compensation,common-stock-dividends-paid
0,2018-09-30,15.24,$-1.07,-14.22,$2.18,7.0,$3.95,3.86,$1.63,9.35,$0.12B,$0.00B,28.18,$0.38B,$-0.11B,-3.52,$0.25B,$0.25B,100.00%,$0.25B,$0.23B,90.84%,$0.25B,$0.23B,90.84%,$0.25B,$0.25B,99.20%,$0.25B,$0.20B,78.09%,$0.25B,$0.19B,75.70%,$0.19B,$-0.11B,-105.70%,$0.19B,$-0.11B,-105.70%,$0.19B,$0.28B,60.27%,$0.23B,$0.27B,75.50%,$62,$0,$62,$0,$4,$4,$58,$-7,$50,$0,$50,$50,$47,$63,$58,$101,113,$0.47,$0.43,$55,$0,$0,$121,$0,$0,$0,$0,$157,$278,$4,$381,$1,$382,$386,$1,$-1367,$-0,$-108,$278,$137,$16,$8,$24,$0,$0,$-0,$5,$0,$162,$0,$0,$0,$0,$49,$49,$0,$49,$-230,$0,$-230,$-3,$-3,$-0,$-3,$-236,$-25,$3,$-0
1,2018-06-30,13.8,$-1.53,-9.03,$2.04,6.77,$3.30,4.18,$1.41,9.79,$0.18B,$0.01B,26.36,$0.49B,$-0.16B,-3.13,$0.24B,$0.24B,100.00%,$0.24B,$0.21B,88.24%,$0.24B,$0.21B,88.24%,$0.24B,$0.23B,97.06%,$0.24B,$0.17B,71.43%,$0.24B,$0.17B,70.17%,$0.17B,$-0.16B,-80.10%,$0.17B,$-0.16B,-80.10%,$0.17B,$0.34B,48.62%,$0.21B,$0.33B,65.12%,$67,$0,$67,$0,$4,$4,$63,$-6,$57,$0,$57,$57,$55,$68,$63,$101,113,$0.54,$0.49,$108,$0,$0,$179,$0,$0,$0,$0,$160,$339,$7,$487,$1,$487,$494,$1,$-1415,$-0,$-155,$339,$87,$11,$7,$17,$0,$0,$-1,$0,$-3,$102,$0,$0,$0,$0,$36,$36,$0,$36,$-120,$0,$-120,$-2,$-2,$-0,$-1,$-123,$14,$4,$-0
2,2018-03-31,16.67,$-2.10,-7.94,$1.93,8.62,$2.82,5.9,$1.23,13.55,$0.11B,$0.00B,27.85,$0.49B,$-0.21B,-2.28,$0.23B,$0.23B,100.00%,$0.23B,$0.20B,84.78%,$0.23B,$0.20B,84.78%,$0.23B,$0.22B,93.48%,$0.23B,$0.15B,64.35%,$0.23B,$0.15B,63.91%,$0.15B,$-0.21B,-60.25%,$0.15B,$-0.21B,-60.25%,$0.15B,$0.28B,41.79%,$0.20B,$0.27B,59.95%,$52,$0,$52,$0,$12,$12,$41,$-10,$30,$0,$30,$30,$30,$46,$41,$101,114,$0.29,$0.27,$56,$0,$0,$113,$0,$0,$0,$0,$164,$277,$4,$485,$1,$485,$489,$1,$-1469,$-0,$-213,$277,$30,$5,$5,$11,$0,$0,$-1,$15,$9,$50,$0,$0,$0,$0,$27,$27,$0,$27,$-120,$0,$-120,$-2,$-2,$-0,$-0,$-123,$-46,$2,$-0
3,2017-12-31,14.19,$-2.38,-5.96,$1.81,7.85,$2.62,5.43,$1.11,12.78,$0.20B,$0.04B,5.77,$0.57B,$-0.24B,-2.37,$0.22B,$0.22B,100.00%,$0.22B,$0.18B,83.94%,$0.22B,$0.18B,83.94%,$0.22B,$0.20B,92.66%,$0.22B,$0.14B,61.93%,$0.22B,$0.13B,61.47%,$0.13B,$-0.24B,-48.86%,$0.13B,$-0.24B,-48.86%,$0.13B,$0.37B,35.22%,$0.18B,$0.33B,52.40%,$70,$0,$70,$0,$3,$3,$66,$-8,$59,$0,$59,$59,$58,$72,$66,$107,120,$0.54,$0.51,$129,$0,$0,$200,$0,$0,$0,$0,$167,$367,$35,$574,$1,$575,$610,$1,$-1499,$-0,$-243,$367,$134,$19,$17,$36,$0,$0,$0,$-27,$-28,$142,$0,$0,$0,$0,$-23,$-23,$0,$-23,$-51,$0,$-51,$-99,$-99,$-0,$-13,$-163,$-45,$10,$-0
4,2017-09-30,14.12,$-2.06,-6.84,$1.58,8.92,$1.93,7.33,$0.87,16.23,$0.22B,$0.03B,6.71,$0.58B,$-0.22B,-2.59,$0.19B,$0.19B,100.00%,$0.19B,$0.16B,80.73%,$0.19B,$0.16B,80.73%,$0.19B,$0.17B,89.58%,$0.19B,$0.10B,52.60%,$0.19B,$0.10B,52.60%,$0.10B,$-0.22B,-33.47%,$0.10B,$-0.22B,-33.47%,$0.10B,$0.39B,26.34%,$0.16B,$0.36B,43.66%,$49,$0,$49,$0,$8,$9,$40,$-16,$24,$0,$24,$24,$24,$45,$40,$107,120,$0.22,$0.21,$168,$0,$0,$221,$0,$0,$0,$0,$170,$391,$33,$578,$1,$581,$614,$1,$-1557,$-0,$-223,$391,$76,$13,$15,$28,$0,$0,$1,$-6,$-10,$94,$0,$0,$0,$0,$3,$3,$0,$3,$-45,$0,$-45,$-18,$-18,$-0,$-13,$-76,$20,$7,$-0
5,2017-06-30,12.8,$-2.71,-4.72,$1.45,8.83,$1.47,8.73,$0.78,16.41,$0.20B,$0.03B,7.31,$0.64B,$-0.30B,-2.15,$0.18B,$0.18B,100.00%,$0.18B,$0.14B,81.25%,$0.18B,$0.14B,81.25%,$0.18B,$0.16B,90.34%,$0.18B,$0.09B,52.27%,$0.18B,$0.09B,52.27%,$0.09B,$-0.30B,-27.22%,$0.09B,$-0.30B,-27.22%,$0.09B,$0.37B,24.31%,$0.14B,$0.34B,40.37%,$59,$0,$59,$0,$10,$11,$48,$-13,$35,$0,$35,$35,$35,$52,$48,$108,120,$0.33,$0.30,$136,$0,$0,$198,$0,$0,$0,$0,$174,$372,$27,$639,$1,$642,$669,$1,$-1581,$0,$-297,$372,$52,$8,$6,$14,$0,$0,$0,$-15,$-16,$50,$0,$0,$0,$0,$24,$24,$0,$24,$-64,$0,$-64,$-1,$-1,$-0,$0,$-65,$10,$5,$-0
6,2017-03-31,13.83,$-3.06,-4.52,$1.22,11.29,$1.21,11.46,$0.60,23.05,$0.21B,$0.02B,10.47,$0.70B,$-0.33B,-2.1,$0.15B,$0.15B,100.00%,$0.15B,$0.12B,81.21%,$0.15B,$0.12B,81.21%,$0.15B,$0.14B,91.95%,$0.15B,$0.07B,48.32%,$0.15B,$0.07B,48.32%,$0.07B,$-0.33B,-20.31%,$0.07B,$-0.33B,-20.31%,$0.07B,$0.39B,18.95%,$0.12B,$0.37B,33.75%,$40,$0,$40,$0,$11,$11,$29,$-12,$17,$0,$17,$17,$17,$33,$29,$107,120,$0.16,$0.15,$170,$0,$0,$214,$0,$0,$0,$0,$177,$392,$20,$702,$1,$706,$726,$1,$-1616,$-0,$-334,$392,$17,$4,$3,$7,$0,$0,$2,$3,$4,$28,$0,$0,$0,$0,$22,$22,$0,$22,$-8,$0,$-8,$-1,$-1,$-0,$0,$-8,$42,$3,$-0
7,2016-12-31,10.7,$-3.26,-3.29,$1.10,9.71,$1.04,10.29,$0.49,21.84,$0.20B,$0.02B,9.88,$0.71B,$-0.35B,-2.01,$0.13B,$0.13B,100.00%,$0.13B,$0.11B,82.71%,$0.13B,$0.11B,82.71%,$0.13B,$0.13B,94.74%,$0.13B,$0.06B,44.36%,$0.13B,$0.06B,44.36%,$0.06B,$-0.35B,-16.32%,$0.06B,$-0.35B,-16.32%,$0.06B,$0.38B,15.57%,$0.11B,$0.36B,30.58%,$44,$0,$44,$0,$6,$6,$38,$-12,$25,$0,$25,$25,$25,$42,$38,$110,123,$0.23,$0.23,$150,$0,$0,$198,$0,$0,$0,$0,$181,$379,$20,$708,$1,$712,$732,$1,$-1633,$0,$-353,$379,$60,$17,$7,$23,$0,$0,$-1,$-21,$-22,$61,$-0,$0,$0,$0,$-4,$-4,$0,$-5,$-18,$0,$-18,$-79,$-79,$-1,$1,$-98,$-41,$8,$-1
