,Date,Stock Price,Book Value per Share,Price to Book Ratio,TTM Sales per Share,Price to Sales Ratio,TTM FCF per Share,Price to FCF Ratio,TTM Net EPS,PE Ratio,Current Assets,Current Liabilities,Current Ratio,Long Term Debt,Shareholder's Equity_x,Debt to Equity Ratio,TTM Revenue_x,TTM Gross Profit,Gross Margin,TTM Revenue_y,TTM Operating Income,Operating Margin,TTM Revenue_x,TTM EBIT,EBIT Margin,TTM Revenue_y,TTM EBITDA,EBITDA Margin,TTM Revenue_x,TTM Pre-Tax Income,Pre-Tax Margin,TTM Revenue_y,TTM Net Income_x,Net Margin,TTM Net Income_y,Shareholder's Equity_y,Return on Equity,TTM Net Income_x,Tangible Equity,Return on Tangible Equity,TTM Net Income_y,Total Assets,Return on Assets,TTM Net Income,LT Investments & Debt,Return on Investment,revenue,cost-goods-sold,gross-profit,research-development-expenses,selling-general-administrative-expenses,operating-expenses,operating-income,total-non-operating-income-expense,pre-tax-income,total-provision-income-taxes,income-after-taxes,income-from-continuous-operations,net-income,ebitda,ebit,basic-shares-outstanding,shares-outstanding,eps-basic-net-earnings-per-share,eps-earnings-per-share-diluted,cash-on-hand,inventory,other-current-assets,total-current-assets,net-property-plant-equipment,long-term-investments,goodwill-intangible-assets-total,other-long-term-assets,total-long-term-assets,total-assets,total-current-liabilities,long-term-debt,other-non-current-liabilities,total-long-term-liabilities,total-liabilities,common-stock-net,retained-earnings-accumulated-deficit,comprehensive-income,total-share-holder-equity,total-liabilities-share-holders-equity,net-income-loss,total-depreciation-amortization-cash-flow,other-non-cash-items,total-non-cash-items,change-in-accounts-receivable,change-in-inventories,change-in-accounts-payable,change-in-assets-liabilities,total-change-in-assets-liabilities,cash-flow-from-operating-activities,net-change-in-property-plant-equipment,net-change-in-intangible-assets,net-acquisitions-divestitures,net-change-in-short-term-investments,net-change-in-long-term-investments,net-change-in-investments-total,investing-activities-other,cash-flow-from-investing-activities,net-long-term-debt,net-current-debt,debt-issuance-retirement-net-total,net-common-equity-issued-repurchased,net-total-equity-issued-repurchased,total-common-preferred-stock-dividends-paid,financial-activities-other,cash-flow-from-financial-activities,net-cash-flow,stock-based-compensation,common-stock-dividends-paid
0,2018-09-30,15.55,$1.92,8.09,$12.64,1.23,$1.72,9.03,$-3.96,0.0,$0.10B,$0.11B,0.95,$0.12B,$0.03B,4.44,$0.16B,$0.05B,27.44%,$0.16B,$-0.04B,-23.78%,$0.16B,$-0.04B,-23.78%,$0.16B,$0.02B,10.37%,$0.16B,$-0.05B,-31.71%,$0.16B,$-0.05B,-32.32%,$-0.05B,$0.03B,-137.66%,$-0.05B,$-0.08B,74.39%,$-0.05B,$0.26B,-19.24%,$-0.04B,$0.15B,-25.04%,$47,$31,$16,$5,$14,$50,$-2,$-3,$-5,$2,$-7,$-7,$-8,$13,$-2,$14,14,$-0.54,$-0.54,$30,$15,$0,$100,$50,$0,$107,$3,$164,$264,$105,$119,$12,$132,$237,$0,$-907,$-20,$27,$264,$-51,$39,$0,$40,$9,$-1,$0,$6,$4,$-7,$-0,$-20,$0,$0,$0,$0,$0,$-20,$0,$-40,$-40,$47,$47,$-0,$-1,$5,$-22,$3,$-0
1,2018-06-30,24.3,$2.42,10.03,$14.33,1.7,$2.99,8.14,$-3.01,0.0,$0.10B,$0.09B,1.04,$0.12B,$0.03B,3.45,$0.18B,$0.06B,33.15%,$0.18B,$-0.03B,-15.17%,$0.18B,$-0.03B,-15.17%,$0.18B,$0.03B,16.85%,$0.18B,$-0.04B,-22.47%,$0.18B,$-0.04B,-22.47%,$-0.04B,$0.03B,-101.91%,$-0.04B,$-0.07B,53.69%,$-0.04B,$0.26B,-14.02%,$-0.03B,$0.15B,-17.31%,$25,$26,$-2,$4,$17,$47,$-23,$-3,$-25,$0,$-26,$-26,$-26,$-11,$-23,$14,14,$-1.86,$-1.86,$44,$15,$0,$96,$48,$0,$107,$1,$160,$256,$92,$117,$13,$130,$222,$0,$-899,$-20,$34,$256,$-44,$24,$0,$25,$28,$-0,$0,$2,$19,$-0,$-0,$-14,$0,$0,$0,$0,$0,$-14,$-30,$-10,$-40,$47,$47,$-0,$-1,$6,$-8,$2,$-0
2,2018-03-31,27.1,$4.42,6.13,$16.43,1.65,$3.25,8.34,$-2.03,0.0,$0.12B,$0.09B,1.31,$0.12B,$0.06B,1.9,$0.20B,$0.08B,38.69%,$0.20B,$-0.01B,-4.02%,$0.20B,$-0.01B,-4.02%,$0.20B,$0.05B,27.14%,$0.20B,$-0.02B,-11.56%,$0.20B,$-0.02B,-12.06%,$-0.02B,$0.06B,-65.75%,$-0.02B,$-0.05B,29.63%,$-0.02B,$0.28B,-8.21%,$-0.01B,$0.18B,-5.22%,$34,$27,$7,$4,$15,$46,$-13,$-5,$-17,$1,$-18,$-18,$-18,$-0,$-13,$13,13,$-1.44,$-1.44,$51,$15,$0,$117,$50,$0,$111,$1,$164,$281,$90,$117,$13,$130,$220,$0,$-873,$-17,$62,$281,$-18,$12,$1,$13,$11,$-0,$0,$5,$6,$1,$-0,$0,$0,$0,$0,$0,$-9,$-9,$-29,$-10,$-39,$47,$47,$0,$-1,$8,$-1,$1,$0
3,2017-12-31,19.75,$2.56,7.71,$16.57,1.19,$3.36,5.88,$-2.57,0.0,$0.13B,$0.14B,0.94,$0.12B,$0.03B,3.79,$0.20B,$0.08B,38.38%,$0.20B,$-0.01B,-4.55%,$0.20B,$-0.01B,-4.55%,$0.20B,$0.05B,27.27%,$0.20B,$-0.03B,-14.65%,$0.20B,$-0.03B,-14.65%,$-0.03B,$0.03B,-100.00%,$-0.03B,$-0.08B,31.35%,$-0.03B,$0.30B,-9.77%,$-0.01B,$0.15B,-5.89%,$58,$34,$24,$4,$21,$59,$-1,$-4,$-5,$-4,$-1,$-1,$-1,$15,$-1,$12,12,$-0.11,$-0.10,$52,$15,$0,$131,$52,$0,$113,$3,$170,$301,$140,$117,$14,$131,$270,$0,$-855,$-19,$31,$301,$-29,$64,$5,$69,$-22,$0,$0,$10,$-11,$28,$-1,$-24,$0,$0,$0,$0,$0,$-25,$0,$-5,$-5,$2,$2,$-0,$-0,$-4,$-1,$3,$-0
4,2017-09-30,9.51,$2.53,3.76,$14.79,0.64,$1.09,8.69,$-3.00,0.0,$0.12B,$0.14B,0.89,$0.12B,$0.03B,3.88,$0.18B,$0.06B,34.29%,$0.18B,$-0.02B,-9.14%,$0.18B,$-0.02B,-9.14%,$0.18B,$0.05B,26.29%,$0.18B,$-0.03B,-18.29%,$0.18B,$-0.03B,-19.43%,$-0.03B,$0.03B,-98.55%,$-0.03B,$-0.09B,37.26%,$-0.03B,$0.30B,-11.34%,$-0.02B,$0.15B,-9.68%,$61,$31,$30,$4,$16,$51,$10,$-3,$7,$2,$5,$5,$5,$26,$10,$12,12,$0.42,$0.41,$40,$14,$0,$124,$55,$0,$123,$1,$179,$303,$140,$117,$17,$134,$273,$0,$-854,$-19,$30,$303,$-28,$47,$6,$53,$-31,$1,$0,$13,$-16,$10,$-1,$-17,$0,$0,$0,$0,$0,$-18,$0,$-4,$-4,$0,$0,$0,$-0,$-5,$-13,$2,$0
5,2017-06-30,4.35,$1.97,2.21,$16.33,0.27,$0.60,7.25,$-3.27,0.0,$0.10B,$0.13B,0.8,$0.12B,$0.02B,4.96,$0.19B,$0.06B,32.12%,$0.19B,$-0.01B,-7.25%,$0.19B,$-0.01B,-7.25%,$0.19B,$0.05B,23.83%,$0.19B,$-0.03B,-17.62%,$0.19B,$-0.04B,-19.17%,$-0.04B,$0.02B,-88.10%,$-0.04B,$-0.10B,42.17%,$-0.04B,$0.29B,-11.78%,$-0.01B,$0.14B,-7.79%,$46,$30,$16,$4,$15,$50,$-4,$-4,$-8,$2,$-10,$-10,$-10,$13,$-4,$12,12,$-0.88,$-0.88,$43,$15,$0,$102,$59,$0,$123,$2,$183,$285,$127,$116,$19,$135,$261,$0,$-858,$-20,$23,$285,$-33,$31,$5,$36,$-3,$0,$0,$9,$0,$3,$-1,$-8,$0,$0,$0,$0,$0,$-9,$-3,$0,$-3,$0,$0,$0,$-0,$-3,$-10,$1,$0
6,2017-03-31,4.85,$2.68,1.81,$15.63,0.31,$-0.73,0.0,$-4.61,0.0,$0.11B,$0.10B,1.02,$0.14B,$0.03B,4.54,$0.18B,$0.05B,27.87%,$0.18B,$-0.03B,-14.75%,$0.18B,$-0.03B,-14.75%,$0.18B,$0.03B,15.85%,$0.18B,$-0.05B,-26.78%,$0.18B,$-0.05B,-28.42%,$-0.05B,$0.03B,-101.96%,$-0.05B,$-0.10B,61.18%,$-0.05B,$0.30B,-15.70%,$-0.03B,$0.18B,-13.79%,$33,$26,$6,$3,$17,$46,$-14,$-10,$-23,$-0,$-23,$-23,$-23,$0,$-14,$12,12,$-1.98,$-1.98,$50,$15,$0,$106,$63,$0,$127,$2,$192,$298,$104,$144,$18,$162,$266,$0,$-848,$-21,$32,$298,$-23,$14,$4,$18,$-1,$-0,$0,$11,$7,$2,$-0,$0,$0,$0,$0,$0,$-3,$-3,$-2,$0,$-2,$0,$0,$0,$-0,$-2,$-3,$1,$0
7,2016-12-31,6.0,$4.53,1.33,$15.01,0.4,$-0.67,0.0,$-5.93,0.0,$0.11B,$0.10B,1.17,$0.14B,$0.05B,2.7,$0.17B,$0.04B,20.81%,$0.17B,$-0.04B,-24.86%,$0.17B,$-0.04B,-24.86%,$0.17B,$0.01B,6.94%,$0.17B,$-0.06B,-35.26%,$0.17B,$-0.06B,-36.99%,$-0.06B,$0.05B,-103.64%,$-0.06B,$-0.08B,79.26%,$-0.06B,$0.31B,-18.21%,$-0.04B,$0.20B,-20.70%,$35,$27,$8,$3,$13,$44,$-8,$1,$-8,$-1,$-6,$-6,$-6,$7,$-8,$11,11,$-0.33,$-0.33,$53,$15,$0,$112,$67,$0,$131,$3,$202,$313,$95,$144,$21,$165,$260,$0,$-825,$-22,$53,$313,$-65,$55,$4,$59,$27,$2,$0,$-17,$7,$2,$-1,$-15,$0,$3,$0,$3,$0,$-14,$-15,$1,$-14,$-1,$-1,$0,$-7,$-22,$-32,$3,$0
8,2016-09-30,6.85,$5.13,1.34,$18.98,0.36,$-3.94,0.0,$-5.89,0.0,$0.16B,$0.11B,1.48,$0.14B,$0.06B,2.39,$0.22B,$0.05B,23.72%,$0.22B,$-0.04B,-16.28%,$0.22B,$-0.04B,-16.28%,$0.22B,$0.02B,10.70%,$0.22B,$-0.06B,-26.98%,$0.22B,$-0.06B,-29.77%,$-0.06B,$0.06B,-83.66%,$-0.06B,$-0.08B,86.49%,$-0.06B,$0.36B,-16.75%,$-0.04B,$0.21B,-15.22%,$79,$47,$32,$4,$16,$67,$12,$-7,$5,$3,$2,$2,$2,$26,$12,$12,12,$0.14,$0.14,$63,$33,$0,$164,$54,$0,$140,$2,$196,$360,$111,$144,$44,$188,$299,$0,$-818,$-20,$60,$360,$-58,$40,$6,$46,$6,$2,$0,$4,$16,$3,$-1,$-12,$0,$0,$0,$0,$0,$-12,$-7,$0,$-7,$-1,$-1,$0,$-7,$-14,$-22,$3,$0
9,2016-06-30,6.23,$5.00,1.25,$18.45,0.34,$-9.05,0.0,$-7.83,0.0,$0.15B,$0.11B,1.38,$0.15B,$0.06B,2.47,$0.20B,$0.03B,14.78%,$0.20B,$-0.06B,-29.56%,$0.20B,$-0.06B,-29.56%,$0.20B,$0.00B,2.46%,$0.20B,$-0.08B,-39.90%,$0.20B,$-0.09B,-42.36%,$-0.09B,$0.06B,-93.99%,$-0.09B,$-0.09B,129.81%,$-0.09B,$0.35B,-21.30%,$-0.06B,$0.20B,-23.67%,$36,$31,$5,$5,$17,$53,$-17,$-6,$-23,$2,$-25,$-25,$-25,$-4,$-17,$11,11,$-2.22,$-2.22,$52,$34,$0,$146,$58,$0,$147,$3,$207,$354,$106,$145,$44,$189,$295,$0,$-820,$-19,$59,$354,$-60,$26,$4,$30,$22,$1,$0,$0,$18,$-12,$-0,$-9,$0,$0,$0,$0,$0,$-9,$-5,$0,$-5,$-1,$-1,$0,$-6,$-12,$-33,$2,$0
10,2016-03-31,8.08,$7.12,1.13,$18.63,0.43,$-11.55,0.0,$-0.51,0.0,$0.16B,$0.11B,1.41,$0.15B,$0.08B,1.97,$0.20B,$0.02B,7.35%,$0.20B,$-0.08B,-41.18%,$0.20B,$-0.08B,-41.18%,$0.20B,$-0.02B,-9.80%,$0.20B,$-0.00B,-0.98%,$0.20B,$-0.00B,-2.45%,$-0.00B,$0.08B,-4.47%,$-0.00B,$-0.08B,10.10%,$-0.00B,$0.38B,-1.16%,$-0.08B,$0.22B,-29.71%,$23,$32,$-9,$6,$16,$53,$-30,$-5,$-35,$0,$-35,$-35,$-35,$-17,$-30,$11,11,$-3.30,$-3.30,$77,$33,$0,$156,$66,$0,$154,$3,$222,$379,$111,$148,$44,$193,$303,$0,$-795,$-16,$75,$379,$-35,$13,$1,$14,$31,$0,$0,$3,$24,$2,$-0,$0,$0,$0,$0,$0,$-6,$-7,$0,$-2,$-2,$-1,$-1,$0,$-1,$-4,$-8,$1,$0
11,2015-12-31,7.55,$10.47,0.72,$20.19,0.37,$-13.46,0.0,$-2.31,0.0,$0.20B,$0.10B,1.9,$0.18B,$0.11B,1.56,$0.22B,$0.01B,3.60%,$0.22B,$-0.10B,-45.50%,$0.22B,$-0.10B,-45.50%,$0.22B,$-0.04B,-17.12%,$0.22B,$-0.02B,-9.91%,$0.22B,$-0.03B,-11.26%,$-0.03B,$0.11B,-22.08%,$-0.03B,$-0.05B,49.75%,$-0.03B,$0.44B,-5.34%,$-0.10B,$0.29B,-34.53%,$77,$55,$23,$5,$18,$78,$-0,$-4,$-5,$0,$-5,$-5,$-6,$18,$-0,$11,11,$-0.50,$-0.50,$85,$33,$0,$197,$72,$0,$163,$3,$238,$435,$104,$175,$44,$219,$323,$0,$-760,$-15,$112,$435,$-25,$62,$-88,$-26,$71,$2,$0,$-8,$35,$-17,$-19,$-46,$0,$0,$0,$0,$1,$-64,$0,$-7,$-7,$-2,$-2,$0,$-0,$-10,$-89,$5,$0
12,2015-09-30,5.85,$10.88,0.54,$25.63,0.23,$0.91,6.44,$-18.29,0.0,$0.19B,$0.11B,1.75,$0.18B,$0.12B,1.5,$0.28B,$-0.08B,-27.30%,$0.28B,$-0.24B,-84.04%,$0.28B,$-0.24B,-84.04%,$0.28B,$-0.14B,-51.06%,$0.28B,$-0.19B,-68.09%,$0.28B,$-0.20B,-70.92%,$-0.20B,$0.12B,-167.71%,$-0.20B,$-0.05B,479.04%,$-0.20B,$0.45B,-38.91%,$-0.24B,$0.30B,-78.87%,$67,$56,$11,$7,$17,$80,$-13,$-5,$-18,$2,$-20,$-20,$-20,$8,$-13,$11,11,$-1.86,$-1.86,$88,$35,$0,$187,$77,$0,$168,$9,$260,$447,$107,$180,$40,$221,$328,$2,$-754,$-14,$120,$447,$-20,$44,$-92,$-48,$83,$0,$0,$-8,$32,$-36,$-18,$0,$0,$0,$0,$0,$-27,$-44,$-5,$0,$-5,$0,$0,$0,$-0,$-5,$-85,$4,$0
13,2015-06-30,16.05,$12.75,1.26,$29.29,0.55,$13.11,1.22,$-18.74,0.0,$0.21B,$0.11B,1.97,$0.18B,$0.14B,1.29,$0.32B,$-0.06B,-18.32%,$0.32B,$-0.23B,-71.12%,$0.32B,$-0.23B,-71.12%,$0.32B,$-0.14B,-42.86%,$0.32B,$-0.19B,-59.32%,$0.32B,$-0.21B,-63.66%,$-0.21B,$0.14B,-121.84%,$-0.21B,$-0.02B,773.58%,$-0.21B,$0.47B,-34.12%,$-0.23B,$0.32B,-65.48%,$37,$47,$-10,$7,$23,$77,$-41,$97,$56,$1,$56,$56,$56,$-29,$-41,$11,11,$5.11,$5.11,$117,$36,$0,$206,$83,$0,$161,$10,$263,$469,$105,$181,$42,$224,$329,$2,$-734,$-12,$140,$469,$0,$23,$-99,$-76,$97,$-1,$0,$-3,$53,$-22,$-17,$0,$0,$0,$0,$0,$-13,$-31,$0,$-4,$-4,$0,$0,$0,$0,$-4,$-57,$3,$0
14,2015-03-31,32.55,$7.33,4.44,$37.02,0.88,$23.31,1.4,$-23.69,0.0,$0.26B,$0.11B,2.31,$0.18B,$0.08B,2.26,$0.41B,$-0.01B,-2.71%,$0.41B,$-0.18B,-45.32%,$0.41B,$-0.18B,-45.32%,$0.41B,$-0.08B,-19.95%,$0.41B,$-0.24B,-60.10%,$0.41B,$-0.26B,-64.04%,$-0.26B,$0.08B,-118.99%,$-0.26B,$-0.08B,2039.22%,$-0.26B,$0.52B,-37.50%,$-0.18B,$0.26B,-46.03%,$41,$56,$-16,$8,$23,$87,$-47,$-8,$-55,$1,$-56,$-56,$-55,$-35,$-47,$11,11,$-5.04,$-5.04,$144,$43,$0,$264,$80,$0,$161,$10,$260,$523,$114,$182,$145,$329,$443,$2,$-790,$-14,$81,$523,$-56,$12,$1,$13,$73,$-0,$0,$2,$36,$-7,$-12,$0,$0,$0,$0,$0,$-9,$-21,$0,$-2,$-2,$0,$0,$0,$0,$-2,$-29,$1,$0
15,2014-12-31,41.25,$12.38,3.33,$46.54,0.89,$30.56,1.35,$-11.69,0.0,$0.38B,$0.15B,2.45,$0.18B,$0.14B,1.35,$0.51B,$0.06B,12.16%,$0.51B,$-0.12B,-22.94%,$0.51B,$-0.12B,-22.94%,$0.51B,$-0.00B,-0.39%,$0.51B,$-0.11B,-20.98%,$0.51B,$-0.13B,-25.29%,$-0.13B,$0.14B,-45.70%,$-0.13B,$-0.02B,-905.26%,$-0.13B,$0.62B,-16.43%,$-0.12B,$0.32B,-25.26%,$137,$199,$-62,$11,$40,$273,$-136,$-39,$-175,$6,$-182,$-182,$-181,$-88,$-136,$11,11,$-16.52,$-16.52,$174,$51,$0,$375,$70,$0,$153,$11,$242,$617,$153,$183,$144,$328,$482,$0,$-734,$-13,$136,$617,$-128,$115,$89,$204,$69,$-14,$0,$3,$53,$130,$-8,$-68,$14,$14,$-3,$11,$2,$-49,$-13,$-35,$-48,$0,$0,$0,$-8,$-56,$26,$9,$0
16,2014-09-30,41.85,$28.87,1.45,$54.73,0.76,$31.81,1.32,$6.60,6.34,$0.36B,$0.15B,2.33,$0.18B,$0.32B,0.57,$0.59B,$0.23B,38.34%,$0.59B,$0.08B,14.02%,$0.59B,$0.08B,14.02%,$0.59B,$0.19B,32.26%,$0.59B,$0.09B,15.88%,$0.59B,$0.07B,12.16%,$0.07B,$0.32B,23.02%,$0.07B,$0.01B,1107.69%,$0.07B,$0.79B,8.50%,$0.08B,$0.50B,16.55%,$107,$77,$29,$11,$24,$112,$-5,$-11,$-17,$8,$-25,$-25,$-25,$14,$-5,$11,11,$-2.25,$-2.25,$130,$55,$0,$356,$60,$40,$303,$19,$438,$794,$153,$180,$143,$324,$478,$2,$-554,$-12,$316,$794,$54,$67,$-62,$5,$64,$-4,$0,$-0,$27,$87,$-7,$-57,$14,$0,$-3,$-3,$2,$-51,$-12,$-35,$-47,$0,$0,$0,$-8,$-54,$-18,$7,$0
17,2014-06-30,63.3,$31.19,2.03,$52.61,1.2,$30.69,2.06,$-10.49,0.0,$0.40B,$0.17B,2.36,$0.18B,$0.34B,0.53,$0.57B,$0.18B,32.39%,$0.57B,$0.03B,5.49%,$0.57B,$0.03B,5.49%,$0.57B,$0.14B,24.78%,$0.57B,$-0.03B,-5.13%,$0.57B,$-0.11B,-18.58%,$-0.11B,$0.34B,-35.93%,$-0.11B,$0.03B,666.67%,$-0.11B,$0.84B,-12.50%,$0.03B,$0.52B,6.44%,$121,$83,$38,$10,$24,$118,$4,$-1,$3,$1,$2,$2,$1,$28,$4,$11,11,$0.15,$0.15,$158,$55,$0,$397,$60,$45,$308,$16,$442,$839,$168,$180,$143,$330,$498,$2,$-529,$-10,$341,$839,$79,$48,$-73,$-25,$59,$-3,$0,$-2,$23,$77,$-5,$-34,$14,$0,$-3,$-3,$2,$-26,$15,$-56,$-41,$0,$0,$0,$-0,$-41,$10,$5,$0
18,2014-03-31,63.15,$30.74,2.05,$53.09,1.19,$27.40,2.3,$-17.39,0.0,$0.44B,$0.23B,1.97,$0.18B,$0.34B,0.54,$0.57B,$0.18B,32.21%,$0.57B,$0.03B,6.02%,$0.57B,$0.03B,6.02%,$0.57B,$0.14B,24.96%,$0.57B,$-0.14B,-24.96%,$0.57B,$-0.18B,-31.33%,$-0.18B,$0.34B,-56.19%,$-0.18B,$0.03B,-1726.83%,$-0.18B,$0.89B,-20.63%,$0.03B,$0.52B,6.75%,$145,$88,$57,$9,$28,$125,$20,$62,$82,$5,$76,$76,$76,$44,$20,$11,11,$6.90,$6.90,$197,$55,$0,$444,$60,$47,$310,$16,$447,$891,$226,$180,$143,$329,$555,$2,$-530,$-12,$336,$891,$76,$24,$-66,$-42,$42,$-0,$0,$-8,$28,$63,$-2,$-22,$0,$0,$-3,$-3,$2,$-26,$12,$0,$12,$0,$0,$0,$0,$12,$49,$3,$0
19,2013-12-31,49.5,$23.74,2.09,$52.23,0.95,$26.22,1.89,$-24.14,0.0,$0.43B,$0.18B,2.38,$0.21B,$0.26B,0.83,$0.55B,$0.16B,29.09%,$0.55B,$0.02B,2.91%,$0.55B,$0.02B,2.91%,$0.55B,$0.12B,22.18%,$0.55B,$-0.22B,-40.00%,$0.55B,$-0.25B,-45.64%,$-0.25B,$0.26B,-70.56%,$-0.25B,$-0.05B,-454.30%,$-0.25B,$0.87B,-30.21%,$0.02B,$0.47B,3.05%,$219,$116,$103,$9,$30,$154,$64,$-38,$26,$6,$20,$20,$20,$105,$64,$11,11,$2.10,$2.10,$148,$57,$0,$429,$47,$54,$306,$15,$436,$865,$180,$214,$211,$427,$607,$2,$-606,$-11,$258,$865,$-247,$105,$270,$375,$13,$-9,$0,$7,$19,$148,$-17,$-115,$0,$4,$-27,$-23,$-5,$-159,$175,$-67,$108,$3,$-2,$-1,$-6,$99,$87,$7,$0
20,2013-09-30,78.0,$21.48,3.63,$47.48,1.64,$27.89,2.8,$-23.39,0.0,$0.32B,$0.14B,2.26,$0.18B,$0.23B,0.77,$0.50B,$0.13B,25.79%,$0.50B,$-0.02B,-4.56%,$0.50B,$-0.02B,-4.56%,$0.50B,$0.07B,13.69%,$0.50B,$-0.21B,-41.47%,$0.50B,$-0.24B,-48.41%,$-0.24B,$0.23B,-58.65%,$-0.24B,$-0.08B,-208.55%,$-0.24B,$0.77B,-29.77%,$-0.02B,$0.42B,-4.13%,$80,$95,$-15,$10,$31,$136,$-57,$-84,$-140,$57,$-197,$-197,$-202,$-37,$-57,$10,10,$-19.34,$-19.34,$89,$61,$0,$321,$49,$70,$310,$15,$444,$766,$142,$181,$207,$389,$532,$2,$-626,$-13,$234,$766,$-266,$64,$238,$302,$64,$-13,$0,$-2,$43,$79,$-14,$-86,$0,$4,$-12,$-7,$-8,$-115,$0,$-101,$-101,$177,$172,$-1,$-6,$65,$28,$6,$0
21,2013-06-30,90.3,$41.98,2.15,$52.41,1.72,$30.70,2.94,$-2.70,0.0,$0.40B,$0.17B,2.43,$0.18B,$0.41B,0.44,$0.56B,$0.20B,35.89%,$0.56B,$0.06B,10.54%,$0.56B,$0.06B,10.54%,$0.56B,$0.16B,29.29%,$0.56B,$-0.05B,-8.57%,$0.56B,$-0.03B,-4.82%,$-0.03B,$0.43B,-5.69%,$-0.03B,$0.14B,-14.79%,$-0.03B,$0.91B,-3.33%,$0.06B,$0.61B,9.90%,$121,$84,$37,$9,$21,$114,$7,$-116,$-109,$-39,$-71,$-71,$-71,$29,$7,$10,10,$-6.75,$-6.75,$110,$79,$0,$401,$40,$78,$294,$16,$509,$910,$165,$179,$132,$314,$479,$2,$-429,$-15,$432,$910,$-69,$45,$67,$112,$25,$-9,$0,$-4,$0,$43,$-9,$-49,$0,$4,$-12,$-7,$0,$-65,$175,$-99,$76,$2,$2,$-1,$-6,$71,$49,$4,$0
22,2013-03-31,102.15,$47.79,2.14,$50.56,2.02,$34.74,2.94,$5.25,19.47,$0.33B,$0.17B,1.91,$0.10B,$0.47B,0.21,$0.54B,$0.21B,38.60%,$0.54B,$0.07B,11.95%,$0.54B,$0.07B,11.95%,$0.54B,$0.17B,30.88%,$0.54B,$0.08B,14.15%,$0.54B,$0.06B,10.29%,$0.06B,$0.50B,11.68%,$0.06B,$0.21B,28.57%,$0.06B,$0.78B,7.39%,$0.07B,$0.60B,11.18%,$130,$95,$35,$9,$24,$128,$2,$1,$3,$1,$2,$2,$2,$25,$2,$10,10,$0.15,$0.15,$67,$68,$0,$327,$34,$77,$293,$18,$455,$782,$171,$101,$9,$112,$283,$2,$-358,$-16,$499,$782,$2,$23,$-5,$18,$47,$1,$0,$-5,$30,$50,$-4,$-29,$0,$0,$-11,$-11,$0,$-43,$-1,$0,$-1,$1,$1,$-0,$0,$-0,$6,$2,$0
23,2012-12-31,97.65,$48.11,2.03,$48.89,2.0,$35.16,2.78,$5.85,16.7,$0.37B,$0.21B,1.79,$0.10B,$0.47B,0.22,$0.53B,$0.22B,41.06%,$0.53B,$0.08B,14.26%,$0.53B,$0.08B,14.26%,$0.53B,$0.18B,34.22%,$0.53B,$0.09B,16.35%,$0.53B,$0.06B,11.79%,$0.06B,$0.50B,13.54%,$0.06B,$0.20B,33.51%,$0.06B,$0.82B,8.50%,$0.08B,$0.60B,13.42%,$173,$100,$73,$9,$39,$148,$25,$12,$37,$10,$27,$27,$27,$52,$25,$10,11,$2.55,$2.55,$61,$71,$0,$374,$34,$74,$301,$10,$446,$821,$209,$102,$8,$112,$322,$2,$-360,$-12,$499,$821,$63,$105,$27,$133,$-60,$-7,$0,$-21,$-26,$169,$-17,$0,$0,$20,$-2,$18,$-146,$-144,$0,$-4,$-4,$1,$1,$-1,$-1,$-6,$19,$7,$0
24,2012-09-30,104.1,$45.11,2.31,$48.31,2.15,$32.55,3.2,$4.50,23.15,$0.30B,$0.15B,2.04,$0.10B,$0.44B,0.23,$0.51B,$0.21B,40.55%,$0.51B,$0.08B,16.18%,$0.51B,$0.08B,16.18%,$0.51B,$0.19B,36.45%,$0.51B,$0.07B,13.06%,$0.51B,$0.05B,9.16%,$0.05B,$0.47B,10.69%,$0.05B,$0.19B,26.15%,$0.05B,$0.73B,6.79%,$0.08B,$0.57B,15.37%,$136,$80,$56,$8,$23,$111,$25,$-4,$21,$6,$15,$15,$15,$58,$25,$10,11,$1.50,$1.35,$47,$72,$0,$301,$39,$77,$284,$10,$427,$728,$147,$101,$7,$111,$258,$2,$-387,$-13,$469,$728,$36,$79,$11,$89,$-3,$-9,$0,$-15,$-14,$111,$-14,$-106,$0,$20,$-2,$18,$0,$-101,$-3,$-1,$-4,$1,$1,$-1,$-1,$-5,$5,$4,$0
25,2012-06-30,98.85,$43.58,2.27,$46.45,2.13,$30.67,3.22,$4.05,24.42,$0.30B,$0.14B,2.14,$0.10B,$0.42B,0.24,$0.49B,$0.20B,39.76%,$0.49B,$0.08B,15.42%,$0.49B,$0.08B,15.42%,$0.49B,$0.17B,34.28%,$0.49B,$0.06B,11.97%,$0.49B,$0.04B,8.32%,$0.04B,$0.45B,9.65%,$0.04B,$0.19B,22.53%,$0.04B,$0.70B,6.07%,$0.08B,$0.55B,14.49%,$105,$59,$46,$10,$23,$92,$13,$3,$16,$4,$12,$12,$12,$33,$13,$10,11,$1.20,$1.20,$83,$70,$0,$299,$35,$80,$259,$10,$403,$702,$140,$102,$8,$112,$252,$2,$-403,$-15,$451,$702,$21,$46,$-5,$40,$29,$-5,$0,$-8,$25,$86,$-6,$-53,$0,$20,$-1,$19,$0,$-40,$-2,$-1,$-3,$0,$-0,$0,$-1,$-5,$41,$3,$0
26,2012-03-31,96.75,$39.72,2.44,$45.22,2.14,$28.48,3.4,$3.15,30.73,$0.29B,$0.12B,2.43,$0.10B,$0.41B,0.24,$0.48B,$0.18B,38.57%,$0.48B,$0.07B,15.09%,$0.48B,$0.07B,15.09%,$0.48B,$0.16B,33.96%,$0.48B,$0.05B,9.85%,$0.48B,$0.03B,6.71%,$0.03B,$0.41B,7.75%,$0.03B,$0.16B,17.07%,$0.03B,$0.67B,4.85%,$0.07B,$0.51B,14.06%,$112,$71,$41,$8,$22,$100,$12,$0,$12,$3,$8,$8,$8,$37,$12,$10,10,$0.75,$0.75,$87,$69,$0,$287,$25,$75,$249,$10,$379,$666,$118,$99,$8,$136,$254,$2,$-415,$-13,$412,$666,$8,$26,$-2,$24,$38,$1,$0,$-6,$20,$52,$-2,$-25,$0,$20,$0,$20,$0,$-6,$-1,$0,$-1,$0,$0,$-0,$0,$-1,$45,$1,$0
27,2011-12-31,91.95,$41.29,2.23,$43.25,2.13,$28.32,3.25,$2.40,38.33,$0.30B,$0.14B,2.18,$0.10B,$0.40B,0.25,$0.46B,$0.17B,38.16%,$0.46B,$0.07B,14.47%,$0.46B,$0.07B,14.47%,$0.46B,$0.16B,34.65%,$0.46B,$0.04B,7.89%,$0.46B,$0.02B,5.26%,$0.02B,$0.43B,5.86%,$0.02B,$0.18B,11.82%,$0.02B,$0.67B,3.69%,$0.07B,$0.53B,12.96%,$160,$95,$65,$6,$25,$126,$33,$-16,$18,$5,$12,$12,$12,$59,$33,$10,10,$1.05,$1.05,$62,$70,$0,$302,$25,$73,$247,$9,$372,$674,$139,$99,$8,$110,$248,$2,$-424,$-16,$426,$674,$25,$91,$20,$111,$-8,$-7,$0,$17,$-5,$130,$-11,$-144,$0,$-20,$-7,$-27,$-0,$-182,$0,$-6,$-6,$13,$13,$-1,$4,$10,$-42,$6,$0
28,2011-09-30,70.95,$39.86,1.78,$44.38,1.6,$29.99,2.37,$3.15,22.53,$0.31B,$0.14B,2.17,$0.10B,$0.38B,0.26,$0.46B,$0.18B,38.46%,$0.46B,$0.07B,14.73%,$0.46B,$0.07B,14.73%,$0.46B,$0.16B,35.38%,$0.46B,$0.05B,11.65%,$0.46B,$0.03B,7.03%,$0.03B,$0.41B,8.04%,$0.03B,$0.20B,15.42%,$0.03B,$0.66B,5.00%,$0.07B,$0.51B,13.43%,$116,$72,$44,$6,$19,$97,$18,$-6,$13,$3,$9,$9,$9,$40,$18,$10,11,$0.90,$0.90,$71,$94,$0,$312,$22,$87,$215,$11,$348,$660,$144,$99,$7,$106,$250,$2,$-436,$-15,$410,$660,$12,$66,$7,$73,$14,$-31,$0,$19,$1,$86,$-9,$-92,$0,$-28,$-7,$-35,$0,$-135,$-5,$0,$-5,$13,$13,$-1,$1,$8,$-41,$4,$0
29,2011-06-30,141.9,$39.22,3.62,$45.63,3.11,$27.55,5.15,$3.45,41.15,$0.31B,$0.13B,2.4,$0.10B,$0.38B,0.27,$0.46B,$0.18B,39.05%,$0.46B,$0.07B,15.62%,$0.46B,$0.07B,15.62%,$0.46B,$0.19B,40.13%,$0.46B,$0.05B,10.85%,$0.46B,$0.04B,7.59%,$0.04B,$0.40B,9.13%,$0.04B,$0.21B,18.09%,$0.04B,$0.64B,5.64%,$0.07B,$0.50B,14.84%,$89,$55,$34,$6,$19,$80,$9,$-5,$4,$1,$3,$3,$3,$26,$9,$10,10,$0.30,$0.30,$95,$86,$0,$308,$26,$92,$190,$10,$332,$639,$128,$100,$7,$108,$236,$2,$-445,$-11,$404,$639,$3,$44,$-0,$44,$37,$-22,$0,$15,$13,$61,$-7,$-46,$0,$-39,$-7,$-46,$0,$-99,$-3,$0,$-3,$13,$13,$-1,$0,$9,$-28,$3,$0
30,2011-03-31,190.35,$38.70,4.92,$44.58,4.27,$24.15,7.88,$3.30,57.71,$0.33B,$0.12B,2.63,$0.10B,$0.37B,0.27,$0.45B,$0.17B,38.93%,$0.45B,$0.07B,15.44%,$0.45B,$0.07B,15.44%,$0.45B,$0.18B,39.37%,$0.45B,$0.05B,11.19%,$0.45B,$0.03B,7.38%,$0.03B,$0.40B,9.02%,$0.03B,$0.23B,19.19%,$0.03B,$0.63B,5.54%,$0.07B,$0.50B,14.71%,$91,$59,$31,$6,$19,$84,$6,$-5,$1,$0,$0,$0,$0,$33,$6,$10,10,$0.00,$0.00,$131,$80,$0,$327,$22,$95,$172,$4,$304,$631,$124,$101,$8,$109,$234,$2,$-448,$-12,$398,$631,$0,$27,$-0,$27,$44,$-13,$0,$15,$24,$52,$-4,$0,$0,$-80,$0,$-80,$-12,$-96,$-2,$0,$-2,$12,$12,$-0,$0,$10,$-34,$2,$0
31,2010-12-31,127.2,$37.52,3.39,$46.91,2.71,$22.67,5.61,$-5.70,0.0,$0.31B,$0.14B,2.22,$0.10B,$0.35B,0.29,$0.45B,$0.17B,37.08%,$0.45B,$0.05B,11.69%,$0.45B,$0.05B,11.69%,$0.45B,$0.16B,36.85%,$0.45B,$-0.01B,-2.25%,$0.45B,$-0.04B,-8.76%,$-0.04B,$0.38B,-11.11%,$-0.04B,$0.20B,-25.87%,$-0.04B,$0.63B,-6.74%,$0.05B,$0.48B,11.42%,$159,$92,$66,$5,$26,$124,$34,$0,$35,$15,$20,$20,$20,$62,$34,$10,10,$3.60,$3.60,$84,$67,$0,$313,$20,$95,$184,$3,$319,$632,$141,$103,$8,$111,$251,$2,$-448,$-16,$380,$632,$-37,$111,$106,$217,$-39,$-16,$0,$-0,$-46,$133,$-7,$-64,$100,$0,$0,$0,$-1,$27,$106,$-235,$-129,$39,$39,$-2,$-1,$-93,$68,$8,$0
32,2010-09-30,77.1,$34.74,2.22,$46.88,1.64,$16.23,4.75,$-14.24,0.0,$0.22B,$0.11B,1.94,$0.10B,$0.32B,0.32,$0.41B,$0.13B,32.68%,$0.41B,$0.01B,3.19%,$0.41B,$0.01B,3.19%,$0.41B,$0.13B,31.70%,$0.41B,$-0.10B,-23.83%,$0.41B,$-0.11B,-27.27%,$-0.11B,$0.35B,-34.00%,$-0.11B,$0.14B,-99.78%,$-0.11B,$0.58B,-18.26%,$0.01B,$0.46B,3.19%,$122,$73,$49,$6,$20,$98,$23,$-13,$10,$-2,$12,$12,$12,$64,$23,$10,10,$1.20,$1.20,$18,$52,$0,$217,$22,$110,$212,$4,$363,$580,$112,$104,$8,$117,$229,$2,$-469,$-22,$351,$580,$-57,$83,$58,$142,$-16,$-1,$0,$-12,$-30,$55,$-7,$-59,$100,$0,$0,$0,$-1,$33,$106,$-233,$-128,$38,$38,$-2,$0,$-91,$-0,$5,$0
33,2010-06-30,52.2,$33.12,1.58,$47.91,1.09,$17.76,2.94,$-16.34,0.0,$0.18B,$0.09B,2.04,$0.11B,$0.31B,0.34,$0.39B,$0.12B,30.75%,$0.39B,$-0.01B,-3.10%,$0.39B,$-0.01B,-3.10%,$0.39B,$0.09B,23.51%,$0.39B,$-0.11B,-29.20%,$0.39B,$-0.13B,-33.59%,$-0.13B,$0.34B,-40.50%,$-0.13B,$0.13B,-132.65%,$-0.13B,$0.54B,-20.00%,$-0.01B,$0.44B,-3.18%,$75,$47,$28,$5,$17,$69,$6,$-2,$4,$2,$1,$1,$1,$17,$6,$10,10,$0.15,$0.15,$17,$52,$0,$178,$16,$119,$207,$5,$363,$541,$87,$105,$8,$119,$206,$2,$-481,$-24,$335,$541,$-69,$43,$47,$91,$23,$1,$0,$-2,$-1,$20,$-2,$-21,$100,$0,$0,$0,$-8,$69,$106,$-231,$-126,$38,$38,$-1,$-0,$-89,$0,$3,$0
34,2010-03-31,73.8,$35.80,2.06,$53.20,1.39,$21.16,3.49,$-18.14,0.0,$0.20B,$0.10B,1.97,$0.11B,$0.27B,0.4,$0.40B,$0.12B,30.17%,$0.40B,$-0.03B,-6.48%,$0.40B,$-0.03B,-6.48%,$0.40B,$0.09B,21.45%,$0.40B,$-0.14B,-34.16%,$0.40B,$-0.15B,-36.91%,$-0.15B,$0.34B,-46.18%,$-0.15B,$0.14B,-161.75%,$-0.15B,$0.56B,-20.93%,$-0.03B,$0.45B,-6.32%,$89,$66,$22,$9,$24,$100,$-11,$-48,$-59,$12,$-71,$-71,$-72,$21,$-11,$8,8,$-9.00,$-9.00,$48,$54,$0,$204,$18,$119,$199,$7,$359,$563,$104,$107,$9,$121,$225,$1,$-482,$-18,$338,$563,$-71,$32,$45,$77,$28,$-0,$0,$4,$21,$27,$-1,$0,$100,$0,$0,$0,$-8,$90,$106,$-229,$-123,$38,$38,$-1,$-0,$-86,$30,$1,$0
35,2009-12-31,88.8,$35.94,2.47,$58.21,1.53,$16.43,5.4,$-14.99,0.0,$0.40B,$0.46B,0.87,$0.01B,$0.21B,0.03,$0.42B,$0.13B,31.74%,$0.42B,$-0.06B,-14.32%,$0.42B,$-0.06B,-14.32%,$0.42B,$0.05B,10.74%,$0.42B,$-0.13B,-31.03%,$0.42B,$-0.11B,-27.21%,$-0.11B,$0.28B,-37.07%,$-0.11B,$0.04B,-149.51%,$-0.11B,$0.75B,-15.00%,$-0.06B,$0.29B,-13.90%,$121,$87,$34,$11,$27,$126,$-5,$-48,$-52,$-2,$-51,$-51,$-52,$27,$-5,$7,7,$-6.30,$-6.30,$16,$203,$0,$396,$79,$0,$245,$3,$353,$748,$455,$6,$4,$11,$466,$1,$-412,$-36,$282,$748,$-110,$103,$50,$153,$57,$19,$0,$6,$9,$52,$-3,$0,$0,$0,$0,$0,$-89,$-92,$19,$-30,$-10,$39,$39,$-4,$-5,$20,$-19,$13,$0
36,2009-09-30,52.8,$41.94,1.26,$63.68,0.83,$25.36,2.08,$-59.97,0.0,$0.38B,$0.41B,0.93,$0.01B,$0.26B,0.03,$0.44B,$0.13B,29.22%,$0.44B,$-0.33B,-75.11%,$0.44B,$-0.33B,-75.11%,$0.44B,$0.03B,5.71%,$0.44B,$-0.36B,-81.74%,$0.44B,$-0.40B,-92.24%,$-0.40B,$0.33B,-126.94%,$-0.40B,$0.09B,-468.41%,$-0.40B,$0.75B,-51.25%,$-0.33B,$0.34B,-65.28%,$102,$68,$35,$11,$26,$104,$-2,$-4,$-6,$0,$-6,$-6,$-7,$26,$-2,$8,8,$-0.90,$-0.90,$21,$227,$0,$377,$86,$0,$243,$19,$370,$748,$406,$7,$4,$12,$419,$1,$-438,$-39,$329,$748,$-59,$71,$20,$91,$84,$-5,$0,$11,$19,$52,$-2,$0,$0,$0,$0,$0,$-76,$-78,$19,$-41,$-22,$38,$38,$-3,$-4,$10,$-16,$10,$0
37,2009-06-30,38.55,$42.43,0.91,$82.63,0.47,$25.17,1.53,$-55.32,0.0,$0.41B,$0.19B,2.19,$0.24B,$0.26B,0.93,$0.56B,$0.17B,29.91%,$0.56B,$-0.30B,-53.15%,$0.56B,$-0.30B,-53.15%,$0.56B,$0.07B,12.43%,$0.56B,$-0.32B,-58.02%,$0.56B,$-0.37B,-67.03%,$-0.37B,$0.33B,-96.94%,$-0.37B,$0.10B,-513.10%,$-0.37B,$0.77B,-40.96%,$-0.30B,$0.58B,-49.25%,$89,$59,$30,$12,$26,$97,$-8,$-13,$-20,$-5,$-16,$-16,$-17,$12,$-8,$7,7,$-2.40,$-2.40,$43,$227,$0,$408,$90,$0,$231,$20,$362,$770,$186,$244,$4,$251,$438,$1,$-426,$-42,$333,$770,$-53,$44,$23,$67,$81,$-10,$0,$14,$24,$38,$-2,$0,$0,$0,$0,$0,$-46,$-48,$12,$-34,$-22,$38,$38,$-2,$-4,$10,$1,$7,$0
38,2009-03-31,23.4,$43.29,0.54,$96.38,0.24,$20.90,1.12,$-51.27,0.0,$0.47B,$0.24B,1.96,$0.24B,$0.22B,1.1,$0.65B,$0.19B,29.98%,$0.65B,$-0.27B,-41.27%,$0.65B,$-0.27B,-41.27%,$0.65B,$0.11B,16.69%,$0.65B,$-0.28B,-43.59%,$0.65B,$-0.34B,-52.55%,$-0.34B,$0.29B,-79.58%,$-0.34B,$0.08B,-328.50%,$-0.34B,$0.77B,-37.34%,$-0.27B,$0.53B,-45.74%,$107,$73,$34,$11,$29,$151,$-45,$-7,$-52,$-14,$-38,$-38,$-38,$-20,$-45,$7,7,$-5.85,$-5.85,$29,$272,$0,$470,$62,$0,$206,$16,$304,$774,$239,$239,$4,$249,$488,$1,$-415,$-59,$286,$774,$-38,$25,$27,$52,$40,$-18,$0,$8,$-23,$-9,$-2,$0,$0,$0,$0,$0,$-18,$-20,$0,$17,$17,$0,$0,$-1,$0,$17,$-13,$2,$0
39,2008-12-31,51.45,$49.34,1.04,$101.55,0.51,$21.34,2.41,$-44.23,0.0,$0.52B,$0.26B,2.04,$0.25B,$0.26B,0.99,$0.68B,$0.21B,30.59%,$0.68B,$-0.21B,-31.18%,$0.68B,$-0.21B,-31.18%,$0.68B,$0.16B,22.79%,$0.68B,$-0.22B,-32.21%,$0.68B,$-0.29B,-43.24%,$-0.29B,$0.33B,-61.57%,$-0.29B,$0.08B,-215.78%,$-0.29B,$0.86B,-32.50%,$-0.21B,$0.58B,-36.79%,$140,$111,$29,$12,$39,$415,$-274,$-6,$-280,$-8,$-272,$-272,$-342,$7,$-274,$6,6,$-53.37,$-53.22,$42,$263,$0,$523,$59,$0,$247,$16,$338,$861,$256,$254,$4,$280,$536,$1,$-301,$-56,$325,$861,$-221,$367,$-8,$359,$24,$-90,$0,$-6,$-26,$112,$-12,$-110,$-232,$0,$0,$0,$0,$-355,$160,$48,$208,$6,$41,$-4,$-1,$244,$-1,$8,$0
40,2008-09-30,212.85,$89.92,2.37,$111.89,1.9,$18.52,11.49,$9.90,21.51,$0.59B,$0.40B,1.47,$0.12B,$0.59B,0.21,$0.75B,$0.25B,33.11%,$0.75B,$0.09B,12.28%,$0.75B,$0.09B,12.28%,$0.75B,$0.20B,26.30%,$0.75B,$0.09B,11.62%,$0.75B,$0.07B,8.68%,$0.07B,$0.59B,12.62%,$0.07B,$0.03B,37.74%,$0.07B,$1.23B,7.50%,$0.09B,$0.72B,16.64%,$219,$146,$73,$13,$28,$187,$32,$-2,$30,$4,$26,$26,$25,$70,$32,$6,7,$3.90,$3.75,$38,$255,$0,$589,$64,$5,$560,$0,$639,$1228,$400,$124,$4,$237,$636,$1,$-35,$7,$591,$1228,$51,$85,$5,$91,$-41,$-70,$0,$-20,$-89,$53,$-11,$0,$-231,$0,$0,$0,$-88,$-330,$165,$71,$236,$6,$41,$-3,$0,$275,$-4,$6,$0
41,2008-06-30,261.75,$81.26,3.22,$106.58,2.46,$21.35,12.26,$8.10,32.33,$0.45B,$0.19B,2.42,$0.01B,$0.51B,0.02,$0.70B,$0.23B,32.39%,$0.70B,$0.08B,10.94%,$0.70B,$0.08B,10.94%,$0.70B,$0.16B,23.15%,$0.70B,$0.07B,10.23%,$0.70B,$0.05B,7.53%,$0.05B,$0.51B,11.32%,$0.05B,$0.23B,26.73%,$0.05B,$0.78B,7.27%,$0.08B,$0.52B,15.63%,$181,$123,$58,$12,$26,$161,$20,$0,$20,$4,$16,$16,$15,$51,$20,$6,7,$2.40,$2.40,$25,$189,$0,$451,$38,$5,$281,$0,$328,$779,$187,$8,$4,$85,$271,$1,$-60,$5,$507,$779,$25,$47,$5,$52,$-12,$-60,$0,$-1,$-64,$14,$-8,$0,$0,$0,$0,$0,$-57,$-65,$0,$-4,$-4,$4,$39,$-2,$-0,$33,$-18,$4,$0
42,2008-03-31,207.0,$78.38,2.64,$105.41,1.96,$21.22,9.75,$6.90,30.02,$0.43B,$0.18B,2.41,$0.01B,$0.49B,0.02,$0.69B,$0.22B,31.40%,$0.69B,$0.07B,10.03%,$0.69B,$0.07B,10.03%,$0.69B,$0.13B,19.48%,$0.69B,$0.06B,9.01%,$0.69B,$0.05B,6.54%,$0.05B,$0.49B,10.26%,$0.05B,$0.21B,25.97%,$0.05B,$0.75B,6.41%,$0.07B,$0.50B,14.29%,$140,$92,$48,$12,$26,$130,$10,$0,$11,$2,$9,$9,$8,$27,$10,$6,7,$1.20,$1.20,$43,$164,$0,$428,$37,$5,$277,$0,$322,$750,$178,$8,$4,$85,$263,$1,$-75,$5,$487,$750,$9,$16,$2,$19,$7,$-34,$0,$-6,$-31,$-4,$-4,$0,$0,$0,$0,$0,$-27,$-31,$0,$-2,$-2,$2,$37,$-1,$-0,$34,$-0,$2,$0
43,2007-12-31,236.7,$76.78,3.08,$113.90,2.08,$20.93,11.31,$6.30,37.59,$0.40B,$0.18B,2.22,$0.01B,$0.48B,0.02,$0.71B,$0.21B,29.03%,$0.71B,$0.07B,9.12%,$0.71B,$0.07B,9.12%,$0.71B,$0.13B,17.95%,$0.71B,$0.06B,7.85%,$0.71B,$0.04B,5.61%,$0.04B,$0.48B,9.74%,$0.04B,$0.22B,26.49%,$0.04B,$0.71B,5.89%,$0.07B,$0.49B,13.72%,$209,$141,$69,$12,$27,$180,$30,$-3,$26,$8,$18,$18,$17,$49,$30,$5,6,$3.00,$2.85,$43,$129,$0,$401,$37,$0,$254,$15,$308,$709,$180,$10,$4,$52,$233,$1,$-83,$5,$476,$709,$43,$64,$10,$75,$-8,$-11,$0,$-13,$-24,$94,$-11,$-64,$0,$0,$-1,$-1,$0,$-76,$0,$-8,$-8,$8,$13,$-2,$-1,$1,$19,$7,$0
44,2007-09-30,207.45,$75.16,2.76,$107.84,1.92,$15.20,13.64,$6.00,34.59,$0.36B,$0.17B,2.17,$0.07B,$0.40B,0.18,$0.67B,$0.19B,28.96%,$0.67B,$0.05B,7.76%,$0.67B,$0.05B,7.76%,$0.67B,$0.11B,16.42%,$0.67B,$0.05B,6.72%,$0.67B,$0.04B,5.37%,$0.04B,$0.40B,9.37%,$0.04B,$0.14B,29.03%,$0.04B,$0.68B,5.41%,$0.05B,$0.48B,11.24%,$174,$121,$53,$12,$23,$157,$17,$-2,$15,$1,$13,$13,$13,$36,$17,$5,7,$2.40,$2.10,$30,$142,$0,$362,$38,$4,$269,$0,$317,$680,$167,$72,$4,$110,$276,$1,$-100,$6,$403,$680,$25,$45,$4,$49,$34,$-24,$0,$-25,$-8,$65,$-7,$0,$0,$0,$-0,$-0,$-45,$-52,$0,$-7,$-7,$6,$6,$-2,$-1,$-4,$9,$5,$0
45,2007-06-30,234.15,$72.75,3.22,$101.49,2.31,$17.71,13.22,$4.65,50.38,$0.36B,$0.16B,2.29,$0.09B,$0.39B,0.23,$0.61B,$0.17B,28.71%,$0.61B,$0.04B,6.77%,$0.61B,$0.04B,6.77%,$0.61B,$0.09B,15.35%,$0.61B,$0.04B,5.78%,$0.61B,$0.03B,4.29%,$0.03B,$0.39B,7.01%,$0.03B,$0.13B,22.56%,$0.03B,$0.67B,4.02%,$0.04B,$0.48B,9.13%,$165,$119,$46,$14,$21,$154,$12,$-2,$10,$2,$8,$8,$7,$22,$12,$5,7,$1.35,$1.20,$13,$146,$0,$358,$37,$4,$262,$0,$312,$670,$156,$88,$4,$126,$282,$1,$-113,$6,$388,$670,$11,$26,$3,$28,$25,$-30,$0,$-25,$-31,$9,$-4,$0,$0,$0,$-0,$-0,$-24,$-28,$0,$11,$11,$4,$4,$-1,$0,$15,$-6,$3,$0
46,2007-03-31,206.7,$70.85,2.92,$97.55,2.12,$22.63,9.13,$5.85,35.35,$0.35B,$0.16B,2.2,$0.08B,$0.38B,0.22,$0.58B,$0.18B,30.07%,$0.58B,$0.05B,7.90%,$0.58B,$0.05B,7.90%,$0.58B,$0.10B,17.35%,$0.58B,$0.04B,7.04%,$0.58B,$0.03B,5.67%,$0.03B,$0.38B,9.17%,$0.03B,$0.12B,30.41%,$0.03B,$0.66B,5.31%,$0.05B,$0.46B,10.61%,$165,$126,$39,$11,$22,$159,$6,$-1,$5,$1,$4,$4,$3,$21,$6,$5,6,$0.60,$0.60,$8,$135,$0,$350,$38,$4,$255,$0,$306,$656,$159,$82,$5,$121,$280,$1,$-120,$5,$376,$656,$4,$15,$2,$17,$13,$-19,$0,$-21,$-27,$-6,$-2,$0,$0,$0,$0,$0,$-11,$-12,$0,$8,$8,$1,$1,$-1,$0,$9,$-10,$2,$0
47,2006-12-31,204.45,$69.91,2.92,$84.19,2.43,$29.02,7.05,$4.65,43.99,$0.35B,$0.18B,1.97,$0.07B,$0.37B,0.19,$0.50B,$0.16B,31.81%,$0.50B,$0.04B,7.75%,$0.50B,$0.04B,7.75%,$0.50B,$0.09B,17.10%,$0.50B,$0.03B,6.76%,$0.50B,$0.03B,5.37%,$0.03B,$0.37B,7.79%,$0.03B,$0.11B,27.48%,$0.03B,$0.66B,4.56%,$0.04B,$0.44B,9.32%,$166,$111,$56,$15,$24,$149,$17,$-2,$15,$2,$14,$14,$13,$31,$17,$5,6,$2.40,$2.55,$18,$116,$0,$346,$38,$4,$255,$0,$309,$655,$176,$71,$5,$110,$285,$1,$-123,$5,$370,$655,$29,$47,$5,$52,$-59,$-33,$0,$24,$-24,$58,$-13,$-39,$0,$0,$-0,$-0,$3,$-50,$0,$-10,$-10,$4,$4,$-2,$0,$-8,$1,$6,$0
