,Date,Stock Price,Book Value per Share,Price to Book Ratio,TTM Sales per Share,Price to Sales Ratio,TTM FCF per Share,Price to FCF Ratio,TTM Net EPS,PE Ratio,Current Assets,Current Liabilities,Current Ratio,Long Term Debt,Shareholder's Equity_x,Debt to Equity Ratio,TTM Revenue_x,TTM Gross Profit,Gross Margin,TTM Revenue_y,TTM Operating Income,Operating Margin,TTM Revenue_x,TTM EBIT,EBIT Margin,TTM Revenue_y,TTM EBITDA,EBITDA Margin,TTM Revenue_x,TTM Pre-Tax Income,Pre-Tax Margin,TTM Revenue_y,TTM Net Income_x,Net Margin,TTM Net Income_y,Shareholder's Equity_y,Return on Equity,TTM Net Income_x,Tangible Equity,Return on Tangible Equity,TTM Net Income_y,Total Assets,Return on Assets,TTM Net Income,LT Investments & Debt,Return on Investment,revenue,cost-goods-sold,gross-profit,research-development-expenses,selling-general-administrative-expenses,operating-expenses,operating-income,total-non-operating-income-expense,pre-tax-income,total-provision-income-taxes,income-after-taxes,income-from-continuous-operations,net-income,ebitda,ebit,basic-shares-outstanding,shares-outstanding,eps-basic-net-earnings-per-share,eps-earnings-per-share-diluted,cash-on-hand,inventory,other-current-assets,total-current-assets,net-property-plant-equipment,long-term-investments,goodwill-intangible-assets-total,other-long-term-assets,total-long-term-assets,total-assets,total-current-liabilities,long-term-debt,other-non-current-liabilities,total-long-term-liabilities,total-liabilities,common-stock-net,retained-earnings-accumulated-deficit,comprehensive-income,total-share-holder-equity,total-liabilities-share-holders-equity,net-income-loss,total-depreciation-amortization-cash-flow,other-non-cash-items,total-non-cash-items,change-in-accounts-receivable,change-in-inventories,change-in-accounts-payable,change-in-assets-liabilities,total-change-in-assets-liabilities,cash-flow-from-operating-activities,net-change-in-property-plant-equipment,net-change-in-intangible-assets,net-acquisitions-divestitures,net-change-in-short-term-investments,net-change-in-long-term-investments,net-change-in-investments-total,investing-activities-other,cash-flow-from-investing-activities,net-long-term-debt,net-current-debt,debt-issuance-retirement-net-total,net-common-equity-issued-repurchased,net-total-equity-issued-repurchased,total-common-preferred-stock-dividends-paid,financial-activities-other,cash-flow-from-financial-activities,net-cash-flow,stock-based-compensation,common-stock-dividends-paid
0,2018-09-30,51.58,$6.11,8.44,$4.36,11.83,$8.43,6.12,$-0.28,0.0,$2.08B,$0.26B,7.99,$0.62B,$0.84B,0.74,$0.57B,$0.57B,100.00%,$0.57B,$-0.09B,-14.96%,$0.57B,$-0.09B,-14.96%,$0.57B,$-0.04B,-6.69%,$0.57B,$-0.11B,-19.37%,$0.57B,$-0.06B,-9.68%,$-0.06B,$0.84B,-9.13%,$-0.06B,$0.82B,-9.50%,$-0.06B,$2.25B,-3.09%,$-0.09B,$1.46B,-6.97%,$145,$0,$145,$95,$69,$164,$-19,$-1,$-20,$0,$-20,$-20,$-5,$-7,$-19,$143,143,$-0.03,$-0.03,$1959,$8,$97,$2079,$132,$0,$24,$13,$169,$2248,$260,$624,$0,$1148,$1408,$0,$-1287,$-33,$840,$2248,$-88,$36,$98,$134,$48,$2,$-14,$421,$442,$487,$-12,$-3,$0,$-588,$0,$-588,$0,$-603,$0,$0,$0,$466,$466,$0,$0,$466,$350,$97,$0
1,2018-06-30,41.67,$5.96,6.99,$4.30,9.7,$6.13,6.79,$-0.28,0.0,$2.08B,$0.25B,8.38,$0.63B,$0.82B,0.76,$0.54B,$0.54B,100.00%,$0.54B,$-0.06B,-10.17%,$0.54B,$-0.06B,-10.17%,$0.54B,$-0.01B,-1.29%,$0.54B,$-0.10B,-17.93%,$0.54B,$-0.05B,-9.80%,$-0.05B,$0.82B,-10.78%,$-0.05B,$0.79B,-11.29%,$-0.05B,$2.25B,-3.46%,$-0.06B,$1.44B,-4.99%,$118,$0,$118,$102,$66,$168,$-50,$-6,$-56,$0,$-57,$-57,$-40,$-38,$-50,$129,129,$-0.29,$-0.29,$1980,$9,$77,$2083,$128,$0,$23,$13,$164,$2247,$249,$625,$0,$1181,$1430,$0,$-1283,$-33,$817,$2247,$-67,$25,$63,$88,$46,$1,$-14,$479,$493,$513,$-9,$-2,$0,$-285,$0,$-285,$0,$-296,$0,$0,$0,$458,$458,$0,$0,$458,$676,$62,$0
2,2018-03-31,44.08,$3.09,14.29,$4.29,10.28,$3.15,14.01,$-0.08,0.0,$1.14B,$0.21B,5.38,$0.61B,$0.39B,1.59,$0.54B,$0.54B,100.00%,$0.54B,$0.00B,0.19%,$0.54B,$0.00B,0.19%,$0.54B,$0.05B,9.72%,$0.54B,$-0.04B,-8.22%,$0.54B,$-0.02B,-2.99%,$-0.02B,$0.39B,-4.69%,$-0.02B,$0.36B,-5.01%,$-0.02B,$1.30B,-1.29%,$0.00B,$1.00B,0.11%,$144,$0,$144,$104,$44,$148,$-3,$-7,$-11,$0,$-11,$-11,$-1,$9,$-3,$125,125,$-0.01,$-0.01,$1035,$9,$62,$1143,$123,$0,$23,$10,$156,$1300,$213,$614,$0,$700,$912,$0,$-1242,$-33,$387,$1300,$-11,$13,$29,$41,$26,$1,$-13,$-16,$-17,$13,$-2,$-1,$0,$83,$0,$83,$0,$79,$0,$0,$0,$6,$6,$0,$-0,$5,$98,$28,$0
3,2017-12-31,50.3,$2.92,17.21,$4.06,12.38,$4.02,12.52,$-0.04,0.0,$1.17B,$0.24B,4.8,$0.61B,$0.37B,1.66,$0.51B,$0.51B,100.00%,$0.51B,$0.02B,4.54%,$0.51B,$0.02B,4.54%,$0.51B,$0.08B,14.99%,$0.51B,$-0.02B,-4.73%,$0.51B,$-0.01B,-1.18%,$-0.01B,$0.37B,-2.03%,$-0.01B,$0.34B,-2.19%,$-0.01B,$1.32B,-0.51%,$0.02B,$0.97B,2.68%,$161,$0,$161,$128,$46,$174,$-13,$-10,$-23,$-7,$-16,$-16,$-9,$-2,$-13,$124,126,$0.05,$0.05,$1023,$10,$73,$1169,$122,$0,$22,$10,$154,$1323,$244,$606,$0,$714,$957,$0,$-1241,$-32,$365,$1323,$-17,$51,$97,$148,$45,$-2,$2,$-22,$44,$174,$-35,$-3,$0,$-320,$0,$-320,$0,$-358,$56,$0,$56,$255,$255,$0,$-82,$229,$45,$86,$0
4,2017-09-30,50.7,$3.19,15.89,$4.11,12.34,$1.93,26.34,$0.15,338.0,$1.11B,$0.18B,6.26,$0.60B,$0.40B,1.5,$0.51B,$0.51B,100.00%,$0.51B,$0.08B,15.22%,$0.51B,$0.08B,15.22%,$0.51B,$0.13B,25.89%,$0.51B,$0.03B,5.53%,$0.51B,$0.03B,5.73%,$0.03B,$0.40B,12.66%,$0.03B,$0.38B,13.98%,$0.03B,$1.25B,2.67%,$0.08B,$1.00B,9.99%,$118,$0,$118,$80,$27,$107,$11,$-18,$-7,$1,$-7,$-7,$-3,$24,$11,$124,124,$-0.02,$-0.02,$1011,$8,$49,$1111,$117,$0,$22,$3,$141,$1253,$178,$598,$0,$677,$855,$0,$-1190,$-30,$398,$1253,$-2,$40,$71,$111,$65,$-1,$-2,$-4,$44,$154,$-27,$-4,$0,$-276,$3,$-273,$0,$-304,$56,$0,$56,$250,$250,$0,$-81,$225,$74,$64,$0
5,2017-06-30,50.87,$1.74,29.3,$4.06,12.54,$0.18,289.36,$0.21,242.24,$0.96B,$0.19B,5.03,$0.53B,$0.22B,2.47,$0.50B,$0.50B,100.00%,$0.50B,$0.08B,16.43%,$0.50B,$0.08B,16.43%,$0.50B,$0.14B,27.05%,$0.50B,$0.04B,8.42%,$0.50B,$0.04B,7.82%,$0.04B,$0.22B,23.71%,$0.04B,$0.19B,27.23%,$0.04B,$1.09B,3.97%,$0.08B,$0.75B,12.38%,$112,$0,$112,$84,$22,$106,$6,$-9,$-3,$0,$-3,$-3,$-3,$21,$6,$124,124,$-0.02,$-0.02,$856,$7,$52,$964,$100,$0,$21,$5,$126,$1091,$192,$532,$51,$684,$875,$0,$-1189,$-30,$216,$1091,$6,$28,$42,$70,$57,$1,$-10,$16,$50,$125,$-9,$-2,$0,$-145,$3,$-143,$0,$-154,$-3,$0,$-3,$82,$82,$0,$-1,$77,$48,$42,$0
6,2017-03-31,40.2,$1.63,24.68,$3.47,11.58,$-1.69,0.0,$-0.17,0.0,$0.96B,$0.17B,5.64,$0.52B,$0.20B,2.59,$0.43B,$0.43B,100.00%,$0.43B,$0.03B,6.35%,$0.43B,$0.03B,6.35%,$0.43B,$0.08B,18.12%,$0.43B,$-0.01B,-2.82%,$0.43B,$-0.02B,-3.53%,$-0.02B,$0.20B,-10.85%,$-0.02B,$0.18B,-12.79%,$-0.02B,$1.08B,-1.64%,$0.03B,$0.73B,4.47%,$116,$0,$116,$83,$14,$96,$19,$-11,$9,$0,$9,$9,$9,$33,$19,$123,125,$0.07,$0.07,$860,$7,$26,$962,$95,$0,$21,$5,$122,$1084,$171,$523,$72,$712,$882,$0,$-1178,$-30,$202,$1084,$9,$14,$21,$34,$39,$1,$0,$62,$80,$123,$-3,$-1,$0,$-167,$3,$-164,$0,$-169,$-2,$0,$-2,$78,$78,$0,$-1,$76,$30,$21,$0
7,2016-12-31,47.83,$0.82,58.44,$2.85,16.79,$-3.28,0.0,$-0.72,0.0,$0.80B,$0.13B,5.96,$0.52B,$0.10B,5.18,$0.35B,$0.35B,100.00%,$0.35B,$-0.05B,-13.58%,$0.35B,$-0.05B,-13.58%,$0.35B,$0.00B,0.29%,$0.35B,$-0.08B,-24.28%,$0.35B,$-0.09B,-25.14%,$-0.09B,$0.10B,-68.37%,$-0.09B,$0.08B,-81.69%,$-0.09B,$0.91B,-10.11%,$-0.05B,$0.62B,-8.36%,$160,$0,$160,$101,$18,$119,$41,$-12,$29,$3,$26,$26,$26,$53,$41,$121,121,$0.21,$0.21,$665,$7,$17,$798,$93,$0,$20,$1,$115,$912,$134,$516,$72,$679,$813,$0,$-1181,$-30,$100,$912,$-87,$48,$78,$126,$-97,$-1,$-11,$-58,$-152,$-112,$-7,$-4,$0,$64,$4,$68,$0,$57,$-3,$0,$-3,$13,$13,$0,$1,$11,$-44,$72,$0
8,2016-09-30,36.64,$1.15,31.79,$1.95,18.75,$-2.18,0.0,$-1.52,0.0,$0.73B,$0.11B,6.83,$0.42B,$0.14B,3.03,$0.24B,$0.24B,100.00%,$0.24B,$-0.15B,-63.45%,$0.24B,$-0.15B,-63.45%,$0.24B,$-0.10B,-42.86%,$0.24B,$-0.18B,-77.31%,$0.24B,$-0.18B,-77.31%,$-0.18B,$0.14B,-120.66%,$-0.18B,$0.12B,-139.39%,$-0.18B,$0.84B,-21.16%,$-0.15B,$0.56B,-25.61%,$111,$0,$111,$85,$10,$95,$16,$-9,$7,$0,$7,$7,$7,$28,$16,$121,123,$0.06,$0.06,$697,$9,$15,$730,$91,$0,$21,$1,$113,$844,$107,$423,$72,$597,$704,$0,$-1207,$-26,$140,$844,$-112,$36,$58,$94,$3,$-2,$-15,$-43,$-67,$-85,$-4,$-3,$0,$43,$0,$43,$0,$36,$-1,$0,$-1,$7,$7,$0,$-1,$5,$-45,$57,$0
