,Date,Stock Price,Book Value per Share,Price to Book Ratio,TTM Sales per Share,Price to Sales Ratio,TTM FCF per Share,Price to FCF Ratio,TTM Net EPS,PE Ratio,Current Assets,Current Liabilities,Current Ratio,Long Term Debt,Shareholder's Equity_x,Debt to Equity Ratio,TTM Revenue_x,TTM Gross Profit,Gross Margin,TTM Revenue_y,TTM Operating Income,Operating Margin,TTM Revenue_x,TTM EBIT,EBIT Margin,TTM Revenue_y,TTM EBITDA,EBITDA Margin,TTM Revenue_x,TTM Pre-Tax Income,Pre-Tax Margin,TTM Revenue_y,TTM Net Income_x,Net Margin,TTM Net Income_y,Shareholder's Equity_y,Return on Equity,TTM Net Income_x,Tangible Equity,Return on Tangible Equity,TTM Net Income_y,Total Assets,Return on Assets,TTM Net Income,LT Investments & Debt,Return on Investment,revenue,cost-goods-sold,gross-profit,research-development-expenses,selling-general-administrative-expenses,operating-expenses,operating-income,total-non-operating-income-expense,pre-tax-income,total-provision-income-taxes,income-after-taxes,income-from-continuous-operations,net-income,ebitda,ebit,basic-shares-outstanding,shares-outstanding,eps-basic-net-earnings-per-share,eps-earnings-per-share-diluted,cash-on-hand,inventory,other-current-assets,total-current-assets,net-property-plant-equipment,long-term-investments,goodwill-intangible-assets-total,other-long-term-assets,total-long-term-assets,total-assets,total-current-liabilities,long-term-debt,other-non-current-liabilities,total-long-term-liabilities,total-liabilities,common-stock-net,retained-earnings-accumulated-deficit,comprehensive-income,total-share-holder-equity,total-liabilities-share-holders-equity,net-income-loss,total-depreciation-amortization-cash-flow,other-non-cash-items,total-non-cash-items,change-in-accounts-receivable,change-in-inventories,change-in-accounts-payable,change-in-assets-liabilities,total-change-in-assets-liabilities,cash-flow-from-operating-activities,net-change-in-property-plant-equipment,net-change-in-intangible-assets,net-acquisitions-divestitures,net-change-in-short-term-investments,net-change-in-long-term-investments,net-change-in-investments-total,investing-activities-other,cash-flow-from-investing-activities,net-long-term-debt,net-current-debt,debt-issuance-retirement-net-total,net-common-equity-issued-repurchased,net-total-equity-issued-repurchased,total-common-preferred-stock-dividends-paid,financial-activities-other,cash-flow-from-financial-activities,net-cash-flow,stock-based-compensation,common-stock-dividends-paid
0,2018-09-30,76.75,$34.40,2.23,$58.45,1.31,$2.39,32.13,$1.59,48.27,$0.66B,$0.29B,2.27,$0.21B,$0.84B,0.25,$1.44B,$0.43B,29.81%,$1.44B,$0.13B,9.19%,$1.44B,$0.13B,9.19%,$1.44B,$0.18B,12.81%,$1.44B,$0.13B,9.05%,$1.44B,$0.06B,4.18%,$0.06B,$0.84B,7.32%,$0.06B,$0.33B,19.90%,$0.06B,$1.50B,4.12%,$0.13B,$1.05B,12.86%,$363,$252,$111,$8,$65,$330,$33,$-3,$30,$10,$21,$21,$21,$46,$33,$24,25,$0.84,$0.84,$91,$262,$0,$659,$195,$0,$509,$7,$838,$1497,$291,$210,$93,$366,$657,$0,$659,$-49,$840,$1497,$65,$38,$1,$39,$-47,$-56,$0,$1,$-69,$35,$-20,$0,$-5,$0,$0,$0,$-1,$-26,$8,$-5,$3,$-0,$-0,$-11,$0,$-7,$1,$3,$-11
1,2018-06-30,76.55,$33.57,2.28,$57.22,1.34,$2.54,30.13,$2.54,30.14,$0.61B,$0.27B,2.28,$0.21B,$0.82B,0.26,$1.41B,$0.42B,29.61%,$1.41B,$0.13B,9.11%,$1.41B,$0.13B,9.11%,$1.41B,$0.18B,12.81%,$1.41B,$0.13B,9.25%,$1.41B,$0.06B,4.41%,$0.06B,$0.82B,7.78%,$0.06B,$0.30B,22.44%,$0.06B,$1.45B,4.39%,$0.13B,$1.03B,12.72%,$358,$255,$103,$9,$66,$330,$28,$1,$30,$8,$22,$22,$22,$41,$28,$24,25,$0.89,$0.89,$66,$252,$0,$609,$191,$0,$517,$8,$842,$1451,$267,$210,$92,$364,$632,$0,$638,$-48,$820,$1451,$44,$25,$1,$26,$-36,$-45,$0,$-2,$-70,$0,$-11,$0,$-6,$0,$0,$0,$-1,$-17,$9,$-5,$4,$-0,$-0,$-11,$0,$-7,$-24,$2,$-11
2,2018-03-31,68.2,$33.80,2.02,$55.95,1.22,$1.98,34.48,$2.71,25.17,$0.62B,$0.29B,2.13,$0.20B,$0.83B,0.24,$1.37B,$0.42B,30.44%,$1.37B,$0.13B,9.76%,$1.37B,$0.13B,9.76%,$1.37B,$0.19B,13.47%,$1.37B,$0.14B,9.83%,$1.37B,$0.07B,4.81%,$0.07B,$0.83B,8.60%,$0.07B,$0.30B,26.22%,$0.07B,$1.47B,4.82%,$0.13B,$1.03B,13.60%,$361,$256,$105,$8,$67,$332,$29,$1,$30,$8,$22,$22,$22,$42,$29,$24,25,$0.91,$0.90,$78,$248,$1,$623,$197,$0,$522,$7,$850,$1473,$293,$201,$91,$356,$648,$0,$627,$-31,$825,$1473,$22,$13,$1,$14,$-34,$-37,$0,$-2,$-38,$-2,$-4,$0,$0,$0,$0,$0,$-1,$-5,$-1,$-5,$-6,$-0,$-0,$0,$0,$-6,$-12,$1,$0
3,2017-12-31,70.19,$32.62,2.15,$53.27,1.32,$1.13,62.16,$2.51,27.97,$0.56B,$0.26B,2.15,$0.21B,$0.79B,0.26,$1.31B,$0.40B,30.93%,$1.31B,$0.13B,9.95%,$1.31B,$0.13B,9.95%,$1.31B,$0.18B,13.86%,$1.31B,$0.13B,9.80%,$1.31B,$0.06B,4.67%,$0.06B,$0.79B,8.35%,$0.06B,$0.27B,27.89%,$0.06B,$1.41B,4.67%,$0.13B,$1.00B,13.59%,$354,$245,$109,$8,$59,$312,$42,$-2,$40,$45,$-5,$-5,$-5,$55,$42,$24,24,$-0.20,$-0.19,$90,$210,$1,$562,$196,$0,$525,$5,$849,$1410,$262,$206,$87,$354,$616,$0,$605,$-39,$794,$1410,$62,$50,$-5,$46,$-83,$-31,$0,$41,$-25,$83,$-23,$-4,$3,$0,$0,$0,$-5,$-30,$8,$-61,$-54,$6,$6,$-19,$0,$-66,$-12,$4,$-19
4,2017-09-30,60.94,$30.98,1.97,$48.55,1.26,$2.34,25.99,$3.61,16.88,$0.53B,$0.24B,2.24,$0.22B,$0.75B,0.3,$1.19B,$0.39B,32.44%,$1.19B,$0.12B,10.08%,$1.19B,$0.12B,10.08%,$1.19B,$0.17B,14.12%,$1.19B,$0.12B,9.83%,$1.19B,$0.09B,7.39%,$0.09B,$0.75B,12.65%,$0.09B,$0.23B,47.50%,$0.09B,$1.31B,7.05%,$0.12B,$0.97B,12.83%,$332,$234,$99,$8,$62,$303,$29,$1,$30,$7,$23,$23,$23,$42,$29,$24,25,$0.97,$0.95,$66,$212,$2,$533,$189,$0,$516,$3,$780,$1313,$238,$222,$39,$327,$565,$0,$619,$-93,$748,$1313,$67,$37,$5,$43,$-83,$-32,$0,$-1,$-74,$35,$-16,$-4,$3,$0,$0,$0,$-4,$-22,$8,$-50,$-42,$0,$0,$-9,$0,$-51,$-36,$3,$-9
5,2017-06-30,64.8,$29.18,2.22,$43.41,1.49,$4.64,13.98,$3.13,20.7,$0.52B,$0.23B,2.28,$0.24B,$0.70B,0.34,$1.06B,$0.37B,34.40%,$1.06B,$0.11B,10.34%,$1.06B,$0.11B,10.34%,$1.06B,$0.16B,14.57%,$1.06B,$0.10B,9.40%,$1.06B,$0.08B,7.14%,$0.08B,$0.70B,11.31%,$0.08B,$0.21B,40.86%,$0.08B,$1.28B,6.43%,$0.11B,$0.95B,12.33%,$326,$221,$105,$9,$62,$293,$34,$1,$35,$9,$26,$26,$26,$46,$34,$24,25,$1.08,$1.06,$49,$218,$0,$520,$187,$0,$500,$2,$757,$1277,$228,$242,$38,$344,$573,$0,$596,$-112,$704,$1277,$43,$25,$6,$31,$-82,$-39,$0,$-3,$-85,$-11,$-13,$0,$0,$0,$0,$0,$0,$-13,$9,$-30,$-21,$0,$0,$-9,$0,$-30,$-53,$2,$-9
6,2017-03-31,63.61,$28.03,2.27,$39.45,1.61,$7.64,8.32,$3.25,19.57,$0.48B,$0.22B,2.15,$0.23B,$0.68B,0.34,$0.97B,$0.35B,35.92%,$0.97B,$0.11B,10.87%,$0.97B,$0.11B,10.87%,$0.97B,$0.15B,15.22%,$0.97B,$0.10B,10.46%,$0.97B,$0.08B,8.18%,$0.08B,$0.68B,12.05%,$0.08B,$0.17B,41.85%,$0.08B,$1.23B,7.05%,$0.11B,$0.91B,12.29%,$294,$203,$91,$7,$56,$269,$25,$-2,$23,$6,$17,$17,$17,$38,$25,$24,25,$0.71,$0.70,$45,$199,$0,$476,$177,$0,$507,$1,$749,$1225,$222,$231,$37,$327,$549,$0,$579,$-122,$677,$1225,$17,$12,$3,$15,$-64,$-23,$0,$4,$-52,$-20,$-7,$0,$0,$0,$0,$0,$0,$-7,$-1,$-30,$-31,$0,$0,$0,$0,$-31,$-57,$1,$0
7,2016-12-31,67.3,$27.16,2.48,$36.12,1.86,$8.87,7.58,$3.32,20.27,$0.44B,$0.18B,2.41,$0.26B,$0.65B,0.4,$0.88B,$0.33B,37.56%,$0.88B,$0.11B,11.99%,$0.88B,$0.11B,11.99%,$0.88B,$0.14B,16.29%,$0.88B,$0.10B,11.65%,$0.88B,$0.08B,9.16%,$0.08B,$0.65B,12.63%,$0.08B,$0.14B,41.86%,$0.08B,$1.18B,7.61%,$0.11B,$0.92B,12.94%,$238,$146,$91,$6,$56,$206,$32,$-3,$29,$7,$22,$22,$22,$42,$32,$24,24,$0.91,$0.91,$102,$174,$0,$441,$157,$0,$519,$1,$740,$1181,$183,$261,$36,$345,$528,$0,$562,$-126,$654,$1181,$81,$38,$-11,$27,$-6,$8,$0,$1,$-3,$106,$-17,$0,$-197,$5,$0,$5,$0,$-209,$47,$90,$137,$-6,$-6,$-16,$-45,$70,$-35,$3,$-16
8,2016-09-30,59.4,$27.20,2.18,$36.38,1.63,$9.32,6.37,$3.70,16.05,$0.48B,$0.16B,3.01,$0.15B,$0.65B,0.22,$0.89B,$0.33B,36.66%,$0.89B,$0.11B,12.11%,$0.89B,$0.11B,12.11%,$0.89B,$0.15B,16.37%,$0.89B,$0.11B,12.22%,$0.89B,$0.09B,10.20%,$0.09B,$0.65B,14.47%,$0.09B,$0.23B,45.05%,$0.09B,$1.04B,8.87%,$0.11B,$0.80B,13.94%,$206,$126,$79,$7,$56,$187,$19,$-6,$13,$2,$11,$11,$11,$29,$19,$24,24,$0.48,$0.47,$167,$162,$0,$479,$80,$0,$418,$1,$564,$1043,$159,$146,$37,$232,$391,$0,$548,$-110,$652,$1043,$59,$29,$-9,$20,$12,$-1,$0,$-1,$8,$87,$-12,$0,$2,$5,$0,$5,$0,$-6,$27,$-18,$9,$-8,$-8,$-8,$-44,$-51,$30,$3,$-8
9,2016-06-30,44.92,$26.67,1.68,$38.31,1.17,$9.46,4.75,$4.68,9.6,$0.46B,$0.15B,3.11,$0.16B,$0.64B,0.25,$0.94B,$0.34B,35.96%,$0.94B,$0.13B,13.83%,$0.94B,$0.13B,13.83%,$0.94B,$0.17B,17.77%,$0.94B,$0.14B,14.57%,$0.94B,$0.12B,12.34%,$0.12B,$0.64B,18.92%,$0.12B,$0.22B,64.36%,$0.12B,$1.03B,11.38%,$0.13B,$0.80B,17.22%,$228,$143,$86,$6,$53,$199,$29,$8,$36,$8,$29,$29,$29,$38,$29,$24,24,$1.21,$1.18,$153,$155,$0,$464,$78,$0,$424,$2,$567,$1031,$149,$157,$37,$242,$392,$0,$536,$-111,$640,$1031,$48,$19,$-3,$16,$1,$6,$0,$2,$-6,$57,$-8,$0,$2,$5,$0,$5,$0,$-1,$28,$-7,$21,$-8,$-8,$-8,$-44,$-39,$16,$2,$-8
10,2016-03-31,42.06,$25.83,1.63,$38.83,1.08,$9.37,4.49,$4.90,8.58,$0.43B,$0.15B,2.94,$0.15B,$0.62B,0.24,$0.96B,$0.34B,35.60%,$0.96B,$0.16B,16.54%,$0.96B,$0.16B,16.54%,$0.96B,$0.20B,20.42%,$0.96B,$0.15B,16.02%,$0.96B,$0.12B,12.77%,$0.12B,$0.62B,20.66%,$0.12B,$0.19B,80.00%,$0.12B,$1.00B,12.06%,$0.16B,$0.77B,21.68%,$212,$136,$76,$7,$44,$187,$26,$-1,$25,$6,$19,$19,$19,$35,$26,$24,24,$0.79,$0.77,$115,$153,$0,$433,$77,$0,$430,$1,$568,$1001,$147,$148,$38,$235,$382,$0,$515,$-109,$619,$1001,$19,$9,$-1,$8,$-9,$8,$0,$2,$-21,$7,$-3,$0,$2,$3,$0,$3,$0,$2,$18,$2,$20,$-8,$-8,$0,$-44,$-32,$-24,$1,$0
11,2015-12-31,52.69,$25.12,2.1,$41.02,1.28,$9.82,5.37,$4.85,10.86,$0.46B,$0.21B,2.23,$0.13B,$0.61B,0.22,$1.01B,$0.35B,34.19%,$1.01B,$0.16B,15.32%,$1.01B,$0.16B,15.32%,$1.01B,$0.19B,18.97%,$1.01B,$0.15B,15.02%,$1.01B,$0.12B,11.96%,$0.12B,$0.61B,21.37%,$0.12B,$0.17B,98.98%,$0.12B,$1.03B,12.04%,$0.16B,$0.74B,22.06%,$246,$160,$86,$6,$55,$212,$34,$1,$35,$4,$32,$32,$32,$44,$34,$24,25,$1.31,$1.29,$142,$160,$2,$459,$76,$0,$436,$1,$570,$1029,$206,$134,$36,$217,$423,$0,$496,$-111,$605,$1029,$120,$35,$-35,$0,$14,$6,$0,$6,$-1,$118,$-18,$0,$42,$-0,$0,$-0,$-9,$15,$6,$-12,$-6,$-14,$-14,$-15,$-1,$-37,$95,$4,$-15
12,2015-09-30,44.87,$24.42,1.84,$42.71,1.05,$9.46,4.74,$4.68,9.59,$0.44B,$0.20B,2.25,$0.13B,$0.59B,0.22,$1.06B,$0.35B,33.49%,$1.06B,$0.17B,15.61%,$1.06B,$0.17B,15.61%,$1.06B,$0.20B,18.92%,$1.06B,$0.16B,15.14%,$1.06B,$0.12B,11.07%,$0.12B,$0.59B,21.51%,$0.12B,$0.15B,123.48%,$0.12B,$1.02B,11.72%,$0.17B,$0.72B,24.18%,$254,$164,$90,$7,$53,$213,$41,$0,$41,$6,$36,$36,$36,$50,$41,$24,25,$1.48,$1.45,$133,$167,$0,$443,$74,$0,$441,$1,$573,$1017,$197,$129,$55,$232,$429,$0,$473,$-104,$588,$1017,$88,$26,$-23,$3,$21,$1,$0,$2,$0,$91,$-12,$-7,$42,$-1,$0,$-1,$0,$22,$-0,$-4,$-5,$-14,$-14,$-7,$1,$-25,$86,$3,$-7
13,2015-06-30,43.45,$22.76,1.91,$41.54,1.05,$8.26,5.26,$4.06,10.7,$0.43B,$0.19B,2.2,$0.14B,$0.55B,0.26,$1.03B,$0.34B,32.78%,$1.03B,$0.15B,14.45%,$1.03B,$0.15B,14.45%,$1.03B,$0.18B,17.65%,$1.03B,$0.14B,13.97%,$1.03B,$0.10B,9.89%,$0.10B,$0.55B,19.94%,$0.10B,$0.11B,107.09%,$0.10B,$1.00B,10.88%,$0.15B,$0.69B,23.07%,$243,$155,$88,$7,$50,$186,$57,$-6,$52,$17,$35,$35,$35,$66,$57,$24,25,$1.43,$1.40,$70,$168,$43,$426,$73,$0,$444,$1,$572,$998,$194,$141,$70,$255,$449,$0,$437,$-110,$550,$998,$52,$17,$-16,$1,$22,$2,$0,$2,$2,$55,$-7,$-5,$0,$-1,$0,$-1,$0,$-13,$-0,$0,$-0,$-11,$-11,$-7,$1,$-17,$23,$2,$-7
14,2015-03-31,44.46,$21.52,2.07,$40.67,1.09,$7.45,5.97,$3.41,13.04,$0.39B,$0.19B,2.07,$0.14B,$0.52B,0.27,$1.01B,$0.32B,31.62%,$1.01B,$0.12B,11.60%,$1.01B,$0.12B,11.60%,$1.01B,$0.15B,14.77%,$1.01B,$0.12B,11.50%,$1.01B,$0.09B,8.52%,$0.09B,$0.52B,17.76%,$0.09B,$0.07B,84.31%,$0.09B,$0.98B,9.72%,$0.12B,$0.66B,18.96%,$269,$187,$82,$6,$49,$246,$23,$1,$24,$6,$18,$18,$18,$32,$23,$24,25,$0.74,$0.72,$52,$176,$0,$391,$80,$0,$455,$0,$585,$977,$189,$141,$89,$265,$455,$0,$410,$-114,$522,$977,$18,$9,$2,$11,$14,$6,$0,$2,$-11,$18,$-3,$-3,$0,$-1,$0,$-1,$0,$-7,$-0,$0,$-0,$-6,$-6,$0,$1,$-5,$5,$1,$0
15,2014-12-31,40.92,$21.24,1.93,$38.77,1.06,$7.61,5.38,$3.38,12.11,$0.41B,$0.22B,1.86,$0.14B,$0.52B,0.27,$0.96B,$0.30B,31.53%,$0.96B,$0.11B,11.65%,$0.96B,$0.11B,11.65%,$0.96B,$0.14B,14.78%,$0.96B,$0.11B,11.55%,$0.96B,$0.09B,8.84%,$0.09B,$0.52B,18.46%,$0.09B,$0.06B,74.73%,$0.09B,$1.00B,10.18%,$0.11B,$0.66B,18.93%,$291,$197,$94,$5,$47,$247,$44,$-1,$43,$15,$28,$28,$28,$52,$44,$24,25,$1.15,$1.11,$46,$185,$0,$414,$81,$0,$457,$1,$586,$1000,$223,$141,$86,$261,$484,$0,$392,$-106,$516,$1000,$84,$29,$-7,$22,$-1,$-11,$0,$18,$-0,$106,$-14,$0,$-99,$2,$0,$2,$-8,$-119,$51,$-56,$-5,$-7,$-7,$-13,$0,$-24,$-39,$3,$-13
16,2014-09-30,34.19,$18.73,1.83,$37.09,0.92,$5.96,5.73,$3.44,9.94,$0.40B,$0.12B,3.28,$0.12B,$0.46B,0.25,$0.91B,$0.28B,31.14%,$0.91B,$0.10B,10.42%,$0.91B,$0.10B,10.42%,$0.91B,$0.12B,13.60%,$0.91B,$0.10B,10.86%,$0.91B,$0.09B,9.43%,$0.09B,$0.46B,19.83%,$0.09B,$0.15B,70.06%,$0.09B,$0.78B,10.97%,$0.10B,$0.57B,16.80%,$228,$155,$74,$6,$42,$203,$25,$0,$25,$5,$21,$21,$21,$32,$25,$24,25,$0.85,$0.83,$95,$172,$0,$398,$61,$0,$308,$1,$377,$775,$121,$115,$40,$196,$317,$0,$377,$-158,$458,$775,$56,$21,$-8,$13,$17,$-15,$0,$14,$-10,$59,$-9,$-6,$0,$2,$0,$2,$0,$-14,$7,$-35,$-28,$-1,$-1,$-7,$1,$-34,$10,$2,$-7
17,2014-06-30,41.11,$18.08,2.27,$35.93,1.14,$5.02,8.19,$3.19,12.89,$0.41B,$0.13B,3.23,$0.13B,$0.44B,0.3,$0.88B,$0.27B,30.44%,$0.88B,$0.09B,10.26%,$0.88B,$0.09B,10.26%,$0.88B,$0.12B,13.23%,$0.88B,$0.09B,10.49%,$0.88B,$0.08B,9.01%,$0.08B,$0.44B,19.12%,$0.08B,$0.13B,70.54%,$0.08B,$0.79B,10.33%,$0.09B,$0.58B,16.72%,$221,$153,$69,$6,$38,$196,$25,$-2,$24,$5,$19,$19,$19,$33,$25,$24,25,$0.76,$0.75,$97,$173,$0,$406,$61,$0,$309,$2,$381,$787,$126,$134,$41,$220,$346,$0,$356,$-153,$441,$787,$35,$15,$-2,$12,$19,$-13,$0,$8,$-14,$34,$-6,$-3,$0,$1,$0,$1,$0,$-8,$-1,$-8,$-9,$-0,$-0,$-7,$1,$-15,$11,$1,$-7
18,2014-03-31,42.79,$17.50,2.44,$34.65,1.23,$5.25,8.16,$3.15,13.58,$0.40B,$0.13B,3.11,$0.13B,$0.43B,0.32,$0.84B,$0.26B,30.56%,$0.84B,$0.09B,10.34%,$0.84B,$0.09B,10.34%,$0.84B,$0.11B,13.08%,$0.84B,$0.09B,10.58%,$0.84B,$0.08B,9.16%,$0.08B,$0.43B,19.69%,$0.08B,$0.12B,68.29%,$0.08B,$0.78B,10.75%,$0.09B,$0.56B,17.78%,$221,$155,$66,$6,$42,$203,$18,$1,$19,$2,$17,$17,$17,$25,$18,$24,25,$0.69,$0.69,$96,$160,$0,$395,$60,$0,$312,$1,$383,$778,$127,$134,$41,$224,$351,$0,$344,$-154,$427,$778,$17,$7,$-1,$6,$14,$-1,$0,$10,$-2,$21,$-2,$-2,$0,$1,$0,$1,$0,$-3,$-0,$-8,$-8,$0,$0,$0,$0,$-8,$10,$1,$0
19,2013-12-31,43.73,$16.82,2.6,$34.00,1.29,$5.15,8.5,$3.21,13.62,$0.41B,$0.16B,2.62,$0.14B,$0.41B,0.35,$0.82B,$0.26B,31.14%,$0.82B,$0.09B,11.11%,$0.82B,$0.09B,11.11%,$0.82B,$0.11B,13.68%,$0.82B,$0.09B,11.36%,$0.82B,$0.08B,9.52%,$0.08B,$0.41B,21.21%,$0.08B,$0.10B,68.87%,$0.08B,$0.80B,11.68%,$0.09B,$0.55B,20.66%,$242,$167,$75,$5,$43,$215,$27,$4,$31,$2,$29,$29,$29,$34,$27,$24,24,$1.20,$1.18,$87,$159,$0,$407,$60,$0,$315,$2,$387,$795,$156,$143,$37,$230,$385,$0,$320,$-146,$409,$795,$78,$20,$-7,$13,$-1,$-10,$0,$-14,$-30,$61,$-11,$-9,$-94,$-1,$0,$-1,$0,$-116,$145,$-23,$122,$0,$0,$-12,$3,$113,$58,$3,$-12
20,2013-09-30,43.67,$15.83,2.76,$32.95,1.33,$5.27,8.28,$2.57,16.99,$0.36B,$0.15B,2.36,$0.09B,$0.38B,0.23,$0.79B,$0.25B,30.97%,$0.79B,$0.09B,11.13%,$0.79B,$0.09B,11.13%,$0.79B,$0.11B,13.27%,$0.79B,$0.09B,11.00%,$0.79B,$0.06B,7.59%,$0.06B,$0.38B,17.40%,$0.06B,$0.11B,52.52%,$0.06B,$0.70B,9.78%,$0.09B,$0.46B,22.68%,$193,$135,$57,$6,$32,$173,$20,$-1,$18,$4,$14,$14,$14,$24,$20,$24,24,$0.59,$0.58,$60,$167,$0,$363,$51,$0,$270,$1,$335,$698,$154,$88,$39,$168,$322,$0,$330,$-170,$376,$698,$49,$13,$-10,$4,$7,$-25,$0,$-7,$-21,$32,$-7,$-9,$-51,$-1,$0,$-1,$0,$-67,$86,$-18,$68,$-3,$-3,$0,$2,$67,$32,$2,$0
21,2013-06-30,37.6,$14.93,2.52,$32.62,1.15,$6.46,5.82,$2.64,14.24,$0.31B,$0.13B,2.44,$0.03B,$0.35B,0.08,$0.78B,$0.24B,30.60%,$0.78B,$0.09B,10.88%,$0.78B,$0.09B,10.88%,$0.78B,$0.10B,12.93%,$0.78B,$0.09B,11.01%,$0.78B,$0.06B,7.94%,$0.06B,$0.35B,17.64%,$0.06B,$0.14B,41.82%,$0.06B,$0.59B,10.37%,$0.09B,$0.38B,22.37%,$185,$126,$59,$5,$32,$163,$22,$-1,$21,$4,$17,$17,$17,$27,$22,$24,24,$0.73,$0.71,$59,$150,$0,$314,$50,$0,$217,$1,$280,$594,$129,$28,$42,$114,$242,$0,$316,$-173,$352,$594,$35,$9,$-3,$6,$27,$-13,$0,$-4,$-3,$38,$-5,$-4,$1,$1,$0,$1,$0,$-8,$21,$-18,$3,$-2,$-2,$0,$2,$3,$32,$1,$0
22,2013-03-31,41.44,$14.20,2.92,$32.40,1.28,$6.23,6.66,$2.58,16.06,$0.30B,$0.13B,2.35,$0.03B,$0.33B,0.1,$0.78B,$0.24B,30.58%,$0.78B,$0.09B,11.23%,$0.78B,$0.09B,11.23%,$0.78B,$0.10B,13.03%,$0.78B,$0.09B,10.97%,$0.78B,$0.06B,7.87%,$0.06B,$0.33B,16.94%,$0.06B,$0.12B,35.67%,$0.06B,$0.58B,10.17%,$0.09B,$0.37B,22.29%,$199,$136,$64,$6,$36,$177,$22,$1,$23,$5,$18,$18,$18,$27,$22,$23,24,$0.77,$0.75,$48,$142,$0,$303,$49,$0,$217,$1,$281,$584,$129,$32,$43,$122,$251,$0,$299,$-174,$334,$584,$18,$5,$-3,$2,$17,$-5,$0,$0,$-2,$18,$-2,$-2,$0,$-0,$0,$-0,$0,$-5,$0,$7,$7,$-1,$-1,$0,$2,$8,$21,$1,$0
23,2012-12-31,32.28,$13.59,2.38,$32.53,0.99,$6.25,5.16,$2.86,11.29,$0.30B,$0.15B,2.01,$0.03B,$0.32B,0.08,$0.78B,$0.24B,30.50%,$0.78B,$0.10B,12.36%,$0.78B,$0.10B,12.36%,$0.78B,$0.11B,13.90%,$0.78B,$0.09B,12.10%,$0.78B,$0.07B,8.75%,$0.07B,$0.32B,18.44%,$0.07B,$0.10B,35.10%,$0.07B,$0.58B,11.30%,$0.10B,$0.34B,24.08%,$214,$149,$65,$5,$36,$190,$24,$1,$25,$14,$11,$11,$11,$27,$24,$23,24,$0.48,$0.48,$28,$138,$0,$297,$50,$0,$218,$1,$283,$579,$147,$25,$40,$115,$262,$0,$262,$-152,$317,$579,$67,$12,$2,$13,$-14,$-1,$0,$2,$-19,$61,$-9,$-9,$-53,$-0,$0,$-0,$0,$-70,$18,$-18,$0,$-0,$-0,$-47,$2,$-45,$-54,$3,$-47
24,2012-09-30,29.85,$17.31,1.72,$31.74,0.94,$5.17,5.77,$3.15,9.48,$0.38B,$0.15B,2.47,$0.03B,$0.40B,0.07,$0.76B,$0.23B,30.10%,$0.76B,$0.09B,12.17%,$0.76B,$0.09B,12.17%,$0.76B,$0.11B,13.74%,$0.76B,$0.09B,11.39%,$0.76B,$0.08B,9.82%,$0.08B,$0.40B,19.99%,$0.08B,$0.24B,34.88%,$0.08B,$0.63B,12.51%,$0.09B,$0.43B,22.88%,$183,$133,$51,$5,$28,$166,$17,$-0,$17,$2,$16,$16,$16,$20,$17,$23,24,$0.67,$0.65,$134,$144,$0,$375,$47,$0,$162,$1,$259,$634,$152,$29,$39,$79,$231,$0,$315,$-117,$403,$634,$56,$8,$-10,$-2,$6,$-8,$0,$-1,$5,$59,$-6,$-6,$0,$1,$0,$1,$0,$-11,$0,$4,$4,$-1,$-1,$0,$2,$6,$53,$2,$0
25,2012-06-30,26.06,$16.61,1.57,$32.60,0.8,$3.57,7.3,$1.82,14.32,$0.35B,$0.13B,2.65,$0.04B,$0.39B,0.09,$0.78B,$0.24B,30.27%,$0.78B,$0.06B,7.15%,$0.78B,$0.06B,7.15%,$0.78B,$0.07B,8.68%,$0.78B,$0.05B,5.75%,$0.78B,$0.04B,5.36%,$0.04B,$0.39B,11.91%,$0.04B,$0.23B,21.76%,$0.04B,$0.60B,7.11%,$0.06B,$0.42B,14.78%,$179,$122,$57,$5,$27,$154,$24,$-5,$20,$4,$16,$16,$16,$27,$24,$23,24,$0.67,$0.65,$111,$140,$0,$349,$46,$0,$160,$0,$254,$603,$132,$35,$39,$86,$217,$0,$300,$-119,$386,$603,$40,$6,$-3,$2,$4,$-4,$0,$1,$-12,$30,$-3,$-4,$0,$0,$0,$0,$0,$-7,$0,$5,$5,$-1,$-1,$0,$2,$6,$30,$2,$0
26,2012-03-31,26.73,$15.98,1.67,$32.74,0.82,$2.75,9.73,$2.17,12.32,$0.34B,$0.14B,2.38,$0.03B,$0.37B,0.08,$0.79B,$0.24B,30.09%,$0.79B,$0.05B,6.83%,$0.79B,$0.05B,6.83%,$0.79B,$0.07B,8.47%,$0.79B,$0.06B,6.95%,$0.79B,$0.05B,6.45%,$0.05B,$0.37B,14.95%,$0.05B,$0.21B,28.06%,$0.05B,$0.59B,8.75%,$0.05B,$0.40B,15.04%,$201,$137,$64,$5,$28,$170,$31,$1,$32,$7,$25,$25,$25,$34,$31,$23,24,$1.07,$1.03,$96,$139,$0,$340,$47,$0,$160,$0,$253,$592,$142,$31,$39,$81,$223,$0,$284,$-120,$369,$592,$25,$3,$-1,$2,$-0,$-3,$0,$1,$-8,$18,$-2,$-3,$0,$0,$0,$0,$0,$-4,$0,$1,$1,$-0,$-0,$0,$0,$1,$15,$1,$0
27,2011-12-31,24.7,$14.89,1.66,$31.88,0.77,$2.24,11.03,$2.02,12.23,$0.32B,$0.15B,2.19,$0.03B,$0.34B,0.09,$0.78B,$0.23B,29.29%,$0.78B,$0.05B,6.06%,$0.78B,$0.05B,6.06%,$0.78B,$0.06B,7.87%,$0.78B,$0.05B,6.58%,$0.78B,$0.05B,6.19%,$0.05B,$0.34B,14.58%,$0.05B,$0.18B,28.28%,$0.05B,$0.57B,8.43%,$0.05B,$0.37B,13.85%,$201,$143,$58,$5,$31,$179,$21,$-4,$18,$-0,$18,$18,$18,$24,$21,$24,25,$0.76,$0.75,$81,$136,$0,$320,$46,$0,$159,$1,$249,$569,$146,$30,$40,$80,$226,$0,$259,$-120,$343,$569,$47,$14,$13,$28,$-15,$-14,$0,$-1,$-40,$35,$-7,$-3,$0,$-1,$0,$-1,$0,$-11,$11,$-38,$-27,$-27,$-27,$0,$-1,$-55,$-31,$3,$0
28,2011-09-30,21.3,$13.34,1.6,$30.85,0.69,$3.11,6.85,$2.18,9.77,$0.38B,$0.22B,1.7,$0.01B,$0.31B,0.03,$0.75B,$0.22B,29.56%,$0.75B,$0.04B,5.46%,$0.75B,$0.04B,5.46%,$0.75B,$0.06B,7.46%,$0.75B,$0.05B,6.66%,$0.75B,$0.05B,7.19%,$0.05B,$0.31B,16.94%,$0.05B,$0.15B,34.12%,$0.05B,$0.60B,9.57%,$0.04B,$0.32B,12.45%,$202,$144,$58,$5,$73,$222,$-20,$-5,$-25,$-8,$-17,$-17,$-17,$-17,$-20,$24,24,$-0.71,$-0.71,$137,$138,$0,$375,$47,$0,$158,$1,$222,$598,$221,$10,$48,$65,$286,$0,$240,$-138,$312,$598,$29,$11,$12,$23,$-8,$-16,$0,$-8,$-32,$21,$-6,$0,$0,$-1,$0,$-1,$0,$-7,$-15,$43,$28,$-19,$-19,$0,$1,$10,$25,$2,$0
29,2011-06-30,29.58,$14.35,2.06,$29.29,1.01,$3.93,7.53,$4.06,7.28,$0.35B,$0.18B,1.96,$0.00B,$0.34B,0.0,$0.72B,$0.22B,30.29%,$0.72B,$0.08B,11.34%,$0.72B,$0.08B,11.34%,$0.72B,$0.10B,13.55%,$0.72B,$0.11B,14.66%,$0.72B,$0.10B,13.97%,$0.10B,$0.34B,34.21%,$0.10B,$0.18B,75.94%,$0.10B,$0.57B,18.19%,$0.08B,$0.34B,26.32%,$187,$128,$58,$5,$31,$164,$22,$7,$30,$5,$25,$25,$25,$26,$22,$24,25,$1.04,$1.00,$103,$142,$0,$349,$49,$0,$159,$3,$223,$572,$179,$0,$44,$53,$231,$0,$257,$-136,$341,$572,$46,$8,$-2,$5,$-12,$-19,$0,$-8,$-40,$12,$-4,$0,$0,$-0,$0,$-0,$0,$-4,$-15,$1,$-14,$-3,$-3,$0,$1,$-16,$-8,$2,$0
30,2011-03-31,28.11,$13.53,2.08,$28.41,0.99,$4.30,6.53,$3.54,7.94,$0.31B,$0.16B,1.92,$0.00B,$0.32B,0.0,$0.70B,$0.22B,30.54%,$0.70B,$0.09B,12.07%,$0.70B,$0.09B,12.07%,$0.70B,$0.10B,14.35%,$0.70B,$0.09B,12.64%,$0.70B,$0.09B,12.50%,$0.09B,$0.32B,34.31%,$0.09B,$0.16B,94.88%,$0.09B,$0.54B,16.13%,$0.09B,$0.32B,30.28%,$185,$133,$53,$4,$24,$161,$24,$4,$28,$7,$22,$22,$22,$28,$24,$24,24,$0.91,$0.88,$94,$127,$0,$314,$49,$0,$161,$3,$225,$539,$164,$0,$44,$55,$218,$0,$232,$-131,$321,$539,$22,$4,$-1,$3,$-4,$-4,$0,$-2,$-19,$6,$-2,$0,$0,$0,$0,$0,$0,$-2,$-15,$-5,$-20,$-3,$-3,$0,$1,$-22,$-17,$1,$0
31,2010-12-31,17.95,$12.69,1.42,$27.41,0.65,$4.41,4.07,$2.96,6.06,$0.32B,$0.16B,2.03,$0.03B,$0.30B,0.11,$0.68B,$0.21B,31.33%,$0.68B,$0.07B,10.54%,$0.68B,$0.07B,10.54%,$0.68B,$0.09B,12.88%,$0.68B,$0.07B,10.40%,$0.68B,$0.07B,10.69%,$0.07B,$0.30B,33.64%,$0.07B,$0.14B,141.75%,$0.07B,$0.55B,13.39%,$0.07B,$0.33B,28.94%,$177,$124,$53,$5,$34,$162,$15,$1,$17,$-8,$24,$24,$24,$19,$15,$24,25,$1.03,$0.99,$111,$122,$0,$322,$49,$0,$163,$2,$228,$549,$159,$32,$44,$90,$249,$0,$211,$-132,$301,$549,$74,$15,$-9,$7,$5,$-2,$0,$-3,$-22,$58,$-9,$0,$0,$-4,$0,$-4,$0,$-13,$-10,$6,$-4,$-3,$-3,$0,$0,$-7,$39,$1,$0
32,2010-09-30,13.4,$9.14,1.47,$26.91,0.5,$5.66,2.37,$1.97,6.8,$0.31B,$0.14B,2.22,$0.03B,$0.22B,0.15,$0.67B,$0.21B,31.19%,$0.67B,$0.06B,8.21%,$0.67B,$0.06B,8.21%,$0.67B,$0.07B,10.75%,$0.67B,$0.05B,8.06%,$0.67B,$0.05B,7.31%,$0.05B,$0.22B,27.03%,$0.05B,$0.05B,350.00%,$0.05B,$0.56B,9.02%,$0.06B,$0.25B,25.55%,$174,$119,$55,$5,$29,$153,$21,$10,$31,$1,$30,$30,$30,$25,$21,$24,25,$1.26,$1.20,$102,$116,$0,$314,$49,$0,$164,$3,$247,$561,$141,$33,$55,$202,$343,$0,$186,$-193,$218,$561,$49,$12,$10,$22,$-3,$4,$0,$-14,$-29,$42,$-6,$0,$0,$-3,$0,$-3,$0,$-9,$-10,$7,$-3,$-0,$-0,$0,$0,$-3,$30,$1,$0
33,2010-06-30,8.25,$7.81,1.06,$26.25,0.31,$6.41,1.29,$0.66,12.51,$0.29B,$0.14B,2.08,$0.03B,$0.19B,0.17,$0.65B,$0.20B,31.16%,$0.65B,$0.03B,4.96%,$0.65B,$0.03B,4.96%,$0.65B,$0.05B,7.75%,$0.65B,$0.03B,4.19%,$0.65B,$0.02B,2.48%,$0.02B,$0.19B,8.57%,$0.02B,$0.02B,90.14%,$0.02B,$0.53B,3.02%,$0.03B,$0.22B,14.21%,$168,$114,$54,$5,$24,$144,$25,$-12,$13,$1,$12,$12,$12,$29,$25,$24,25,$0.50,$0.48,$77,$114,$0,$288,$47,$0,$166,$0,$245,$533,$139,$32,$61,$209,$347,$0,$155,$-192,$186,$533,$19,$8,$10,$18,$-2,$5,$0,$-2,$-17,$20,$-3,$0,$0,$-3,$0,$-3,$0,$-7,$-10,$6,$-4,$-0,$-0,$0,$0,$-4,$5,$0,$0
34,2010-03-31,10.0,$6.86,1.46,$25.09,0.4,$7.45,1.34,$0.30,33.32,$0.28B,$0.15B,1.89,$0.03B,$0.16B,0.18,$0.61B,$0.19B,30.62%,$0.61B,$0.01B,2.12%,$0.61B,$0.01B,2.12%,$0.61B,$0.03B,5.21%,$0.61B,$0.02B,3.09%,$0.61B,$0.01B,1.14%,$0.01B,$0.16B,3.46%,$0.01B,$-0.01B,22.22%,$0.01B,$0.54B,1.34%,$0.01B,$0.19B,5.27%,$164,$111,$52,$4,$27,$152,$11,$-1,$10,$3,$7,$7,$7,$15,$11,$24,25,$0.31,$0.30,$68,$118,$0,$281,$48,$0,$168,$1,$256,$537,$149,$30,$60,$225,$374,$0,$144,$-204,$163,$537,$7,$4,$1,$5,$-2,$2,$0,$13,$-4,$8,$-1,$0,$0,$-3,$0,$-3,$0,$-5,$-10,$4,$-6,$-0,$-0,$0,$0,$-6,$-4,$1,$0
35,2009-12-31,8.88,$6.66,1.33,$24.55,0.36,$8.19,1.08,$0.26,34.15,$0.28B,$0.18B,1.57,$0.04B,$0.16B,0.26,$0.60B,$0.19B,31.10%,$0.60B,$0.02B,3.34%,$0.60B,$0.02B,3.34%,$0.60B,$0.04B,6.69%,$0.60B,$0.02B,3.18%,$0.60B,$0.01B,1.00%,$0.01B,$0.16B,2.72%,$0.01B,$-0.01B,12.57%,$0.01B,$0.54B,1.18%,$0.02B,$0.20B,7.33%,$164,$116,$48,$5,$47,$166,$-2,$2,$0,$0,$-0,$-0,$-0,$3,$-2,$24,25,$-0.02,$-0.01,$69,$121,$0,$283,$51,$0,$170,$1,$260,$543,$180,$41,$40,$206,$386,$0,$137,$-201,$158,$543,$6,$18,$1,$20,$1,$19,$0,$-12,$61,$87,$-7,$0,$0,$0,$0,$0,$0,$-7,$-55,$33,$-22,$0,$0,$-1,$-4,$-27,$55,$2,$-1
36,2009-09-30,12.98,$10.12,1.28,$24.79,0.52,$5.22,2.49,$0.47,27.62,$0.27B,$0.15B,1.76,$0.05B,$0.24B,0.21,$0.60B,$0.19B,31.23%,$0.60B,$0.04B,7.31%,$0.60B,$0.04B,7.31%,$0.60B,$0.06B,10.63%,$0.60B,$0.03B,4.32%,$0.60B,$0.01B,1.83%,$0.01B,$0.24B,4.62%,$0.01B,$0.07B,17.19%,$0.01B,$0.50B,2.21%,$0.04B,$0.29B,15.69%,$149,$102,$47,$4,$43,$151,$-2,$6,$4,$7,$-3,$-3,$-3,$3,$-2,$24,24,$-0.11,$-0.11,$50,$120,$0,$267,$51,$0,$171,$2,$236,$503,$152,$51,$45,$111,$263,$0,$137,$-118,$240,$503,$7,$14,$0,$14,$6,$20,$0,$-11,$36,$57,$-5,$0,$0,$0,$0,$0,$0,$-5,$-55,$43,$-12,$0,$0,$-1,$-4,$-17,$36,$1,$-1
37,2009-06-30,9.46,$10.48,0.9,$25.20,0.38,$2.39,3.96,$0.74,12.78,$0.26B,$0.14B,1.9,$0.06B,$0.25B,0.23,$0.61B,$0.18B,30.07%,$0.61B,$0.05B,8.33%,$0.61B,$0.05B,8.33%,$0.61B,$0.07B,11.76%,$0.61B,$0.02B,3.27%,$0.61B,$0.01B,2.12%,$0.01B,$0.25B,5.31%,$0.01B,$0.08B,18.71%,$0.01B,$0.50B,2.56%,$0.05B,$0.30B,18.56%,$137,$96,$41,$4,$29,$131,$6,$-1,$5,$2,$3,$3,$3,$11,$6,$24,25,$0.13,$0.12,$45,$124,$0,$262,$53,$0,$173,$1,$239,$501,$138,$56,$44,$115,$253,$0,$140,$-112,$248,$501,$9,$9,$-1,$9,$14,$15,$0,$-10,$28,$46,$-3,$0,$0,$0,$0,$0,$0,$-3,$-55,$48,$-7,$0,$0,$-1,$-4,$-12,$31,$-0,$-1
38,2009-03-31,3.32,$9.95,0.33,$25.66,0.13,$0.68,4.9,$0.65,5.1,$0.25B,$0.13B,1.96,$0.06B,$0.24B,0.27,$0.62B,$0.18B,29.68%,$0.62B,$0.05B,7.90%,$0.62B,$0.05B,7.90%,$0.62B,$0.07B,11.45%,$0.62B,$0.02B,2.74%,$0.62B,$0.01B,1.77%,$0.01B,$0.24B,4.38%,$0.01B,$0.06B,15.28%,$0.01B,$0.49B,2.11%,$0.05B,$0.30B,18.35%,$148,$98,$50,$3,$26,$130,$18,$-9,$10,$3,$6,$6,$6,$23,$18,$24,25,$0.27,$0.26,$36,$130,$0,$254,$52,$0,$175,$0,$240,$494,$130,$63,$52,$129,$259,$0,$137,$-121,$235,$494,$6,$5,$-4,$1,$10,$8,$0,$-0,$20,$27,$-2,$0,$0,$0,$0,$0,$0,$-2,$-55,$55,$0,$0,$0,$0,$-4,$-4,$22,$-1,$0
39,2008-12-31,5.11,$9.72,0.53,$26.55,0.19,$0.39,12.94,$0.69,7.4,$0.26B,$0.19B,1.36,$0.00B,$0.23B,0.0,$0.64B,$0.19B,29.02%,$0.64B,$0.04B,6.86%,$0.64B,$0.04B,6.86%,$0.64B,$0.07B,10.30%,$0.64B,$0.02B,2.96%,$0.64B,$0.01B,1.87%,$0.01B,$0.23B,4.61%,$0.01B,$0.05B,15.53%,$0.01B,$0.49B,2.26%,$0.04B,$0.23B,15.99%,$168,$118,$50,$4,$23,$146,$22,$-15,$7,$2,$5,$5,$5,$27,$22,$24,24,$0.22,$0.21,$14,$138,$0,$257,$54,$0,$177,$0,$238,$494,$188,$0,$62,$77,$265,$0,$132,$-120,$229,$494,$13,$23,$10,$33,$2,$-9,$0,$2,$-31,$14,$-8,$0,$0,$0,$0,$0,$0,$-8,$-20,$12,$-8,$-9,$-9,$-3,$2,$-17,$-10,$4,$-3
40,2008-09-30,10.46,$11.36,0.92,$26.62,0.39,$1.56,6.7,$0.94,11.13,$0.27B,$0.22B,1.24,$0.00B,$0.27B,0.0,$0.65B,$0.19B,29.41%,$0.65B,$0.04B,5.42%,$0.65B,$0.04B,5.42%,$0.65B,$0.06B,9.44%,$0.65B,$0.03B,4.18%,$0.65B,$0.02B,2.79%,$0.02B,$0.27B,6.64%,$0.02B,$0.09B,21.56%,$0.02B,$0.55B,3.31%,$0.04B,$0.27B,11.62%,$159,$115,$43,$4,$32,$154,$5,$-6,$-2,$-1,$-1,$-1,$-1,$11,$5,$24,24,$-0.03,$-0.03,$15,$152,$0,$272,$58,$0,$178,$0,$274,$546,$220,$0,$53,$58,$278,$0,$127,$-74,$268,$546,$8,$18,$0,$18,$3,$-22,$0,$-8,$-42,$-9,$-6,$0,$0,$0,$0,$0,$0,$-6,$-20,$31,$11,$-9,$-9,$-1,$3,$4,$-9,$3,$-1
41,2008-06-30,16.27,$11.56,1.41,$25.70,0.63,$2.74,5.93,$1.01,16.11,$0.26B,$0.22B,1.19,$0.00B,$0.27B,0.0,$0.63B,$0.19B,30.63%,$0.63B,$0.04B,6.51%,$0.63B,$0.04B,6.51%,$0.63B,$0.07B,10.95%,$0.63B,$0.04B,6.19%,$0.63B,$0.03B,3.97%,$0.03B,$0.27B,9.56%,$0.03B,$0.09B,36.63%,$0.03B,$0.55B,4.63%,$0.04B,$0.27B,13.13%,$145,$104,$41,$4,$29,$141,$4,$-3,$2,$1,$1,$1,$1,$10,$4,$24,24,$0.03,$0.03,$16,$148,$0,$261,$64,$0,$188,$0,$289,$549,$220,$0,$52,$57,$277,$0,$128,$-72,$273,$549,$8,$12,$-0,$11,$5,$-14,$0,$-7,$-16,$3,$-3,$0,$0,$0,$0,$0,$0,$-3,$-20,$20,$0,$-9,$-9,$-1,$2,$-8,$-8,$2,$-1
42,2008-03-31,18.33,$11.60,1.58,$25.37,0.72,$2.63,6.98,$1.25,14.66,$0.24B,$0.14B,1.7,$0.06B,$0.27B,0.22,$0.63B,$0.20B,31.95%,$0.63B,$0.05B,7.67%,$0.63B,$0.05B,7.67%,$0.63B,$0.08B,12.46%,$0.63B,$0.05B,7.67%,$0.63B,$0.03B,4.95%,$0.03B,$0.27B,12.38%,$0.03B,$0.08B,59.05%,$0.03B,$0.53B,5.76%,$0.05B,$0.33B,14.71%,$169,$117,$52,$4,$32,$156,$13,$-1,$12,$4,$7,$7,$7,$18,$13,$24,24,$0.31,$0.30,$14,$127,$0,$239,$66,$0,$191,$0,$293,$531,$140,$59,$53,$119,$259,$0,$128,$-72,$272,$531,$7,$6,$1,$7,$3,$6,$0,$-5,$6,$20,$-2,$0,$0,$0,$0,$0,$0,$-2,$-20,$-2,$-22,$-7,$-7,$0,$1,$-28,$-10,$1,$0
43,2007-12-31,14.8,$11.42,1.3,$24.18,0.61,$2.17,6.84,$1.19,12.49,$0.26B,$0.16B,1.59,$0.06B,$0.27B,0.23,$0.60B,$0.20B,32.89%,$0.60B,$0.05B,7.97%,$0.60B,$0.05B,7.97%,$0.60B,$0.08B,13.29%,$0.60B,$0.05B,7.97%,$0.60B,$0.03B,4.98%,$0.03B,$0.27B,12.55%,$0.03B,$0.08B,71.01%,$0.03B,$0.55B,5.66%,$0.05B,$0.33B,15.30%,$173,$118,$54,$4,$31,$159,$13,$2,$15,$4,$11,$11,$11,$22,$13,$24,25,$0.47,$0.45,$24,$133,$0,$256,$66,$0,$194,$0,$295,$551,$161,$61,$50,$119,$280,$0,$122,$-73,$272,$551,$30,$31,$11,$42,$-15,$-12,$0,$-6,$-24,$48,$-12,$-28,$0,$0,$0,$0,$0,$-41,$-15,$-52,$-67,$-16,$-16,$-2,$0,$-85,$-78,$3,$-2
44,2007-09-30,19.65,$9.60,2.05,$22.94,0.86,$2.24,8.76,$0.71,27.87,$0.26B,$0.15B,1.72,$0.08B,$0.23B,0.36,$0.57B,$0.19B,33.28%,$0.57B,$0.04B,6.45%,$0.57B,$0.04B,6.45%,$0.57B,$0.07B,11.67%,$0.57B,$0.04B,6.45%,$0.57B,$0.02B,3.14%,$0.02B,$0.23B,7.92%,$0.02B,$0.03B,59.02%,$0.02B,$0.53B,3.36%,$0.04B,$0.31B,11.56%,$143,$97,$46,$3,$24,$132,$11,$-1,$10,$4,$6,$6,$6,$19,$11,$24,25,$0.23,$0.23,$28,$138,$0,$256,$67,$0,$200,$0,$273,$529,$149,$83,$47,$151,$300,$0,$110,$-105,$229,$529,$18,$23,$12,$35,$-5,$-17,$0,$-4,$-31,$22,$-9,$-28,$0,$0,$0,$0,$0,$-37,$-15,$-30,$-45,$-14,$-14,$-1,$0,$-60,$-74,$2,$-1
45,2007-06-30,25.49,$9.51,2.68,$22.89,1.11,$2.74,9.3,$0.90,28.48,$0.26B,$0.14B,1.87,$0.10B,$0.23B,0.44,$0.58B,$0.20B,34.26%,$0.58B,$0.05B,8.00%,$0.58B,$0.05B,8.00%,$0.58B,$0.08B,13.04%,$0.58B,$0.05B,8.00%,$0.58B,$0.02B,4.00%,$0.02B,$0.23B,9.20%,$0.02B,$0.02B,44.02%,$0.02B,$0.54B,4.01%,$0.05B,$0.33B,12.95%,$141,$94,$48,$3,$24,$131,$11,$0,$11,$4,$7,$7,$7,$19,$11,$24,25,$0.28,$0.27,$35,$133,$0,$261,$66,$0,$207,$0,$280,$541,$139,$100,$50,$173,$312,$0,$106,$-107,$229,$541,$13,$15,$8,$23,$-9,$-13,$0,$-4,$-34,$2,$-5,$-28,$0,$0,$0,$0,$0,$-33,$-0,$-28,$-28,$-7,$-7,$-1,$0,$-36,$-67,$1,$-1
46,2007-03-31,24.81,$9.51,2.61,$21.87,1.13,$2.79,8.89,$0.67,37.31,$0.24B,$0.15B,1.66,$0.06B,$0.23B,0.24,$0.55B,$0.19B,34.54%,$0.55B,$0.04B,7.05%,$0.55B,$0.04B,7.05%,$0.55B,$0.07B,12.12%,$0.55B,$0.04B,7.05%,$0.55B,$0.02B,3.07%,$0.02B,$0.23B,6.26%,$0.02B,$0.04B,23.94%,$0.02B,$0.50B,2.81%,$0.04B,$0.28B,10.22%,$145,$96,$50,$3,$25,$132,$13,$-2,$12,$6,$6,$6,$6,$20,$13,$24,25,$0.25,$0.24,$35,$121,$0,$243,$65,$0,$187,$0,$258,$501,$146,$55,$50,$128,$275,$0,$100,$-109,$226,$501,$6,$7,$5,$12,$-3,$-1,$0,$-1,$-9,$9,$-2,$0,$0,$0,$0,$0,$0,$-2,$-58,$-15,$-73,$-2,$-2,$0,$0,$-75,$-67,$1,$0
47,2006-12-31,20.01,$9.45,2.12,$20.96,0.95,$2.17,9.23,$0.46,43.97,$0.31B,$0.14B,2.14,$0.13B,$0.23B,0.59,$0.53B,$0.19B,35.34%,$0.53B,$0.03B,6.20%,$0.53B,$0.03B,6.20%,$0.53B,$0.06B,11.28%,$0.53B,$0.03B,6.02%,$0.53B,$0.01B,2.26%,$0.01B,$0.23B,4.08%,$0.01B,$0.03B,14.46%,$0.01B,$0.57B,1.87%,$0.03B,$0.36B,7.86%,$145,$98,$47,$3,$31,$143,$2,$2,$4,$4,$-1,$-1,$-1,$9,$2,$24,25,$-0.04,$-0.04,$102,$120,$0,$305,$67,$0,$194,$0,$264,$569,$143,$133,$45,$201,$344,$0,$98,$-110,$225,$569,$11,$27,$27,$55,$-11,$-21,$0,$-11,$-30,$36,$2,$0,$0,$0,$3,$3,$0,$5,$-10,$18,$8,$-13,$-13,$-2,$-1,$-7,$33,$2,$-2
