,Date,Stock Price,Book Value per Share,Price to Book Ratio,TTM Sales per Share,Price to Sales Ratio,TTM FCF per Share,Price to FCF Ratio,TTM Net EPS,PE Ratio,Current Assets,Current Liabilities,Current Ratio,Long Term Debt,Shareholder's Equity_x,Debt to Equity Ratio,TTM Revenue_x,TTM Gross Profit,Gross Margin,TTM Revenue_y,TTM Operating Income,Operating Margin,TTM Revenue_x,TTM EBIT,EBIT Margin,TTM Revenue_y,TTM EBITDA,EBITDA Margin,TTM Revenue_x,TTM Pre-Tax Income,Pre-Tax Margin,TTM Revenue_y,TTM Net Income_x,Net Margin,TTM Net Income_y,Shareholder's Equity_y,Return on Equity,TTM Net Income_x,Tangible Equity,Return on Tangible Equity,TTM Net Income_y,Total Assets,Return on Assets,TTM Net Income,LT Investments & Debt,Return on Investment,revenue,cost-goods-sold,gross-profit,research-development-expenses,selling-general-administrative-expenses,operating-expenses,operating-income,total-non-operating-income-expense,pre-tax-income,total-provision-income-taxes,income-after-taxes,income-from-continuous-operations,net-income,ebitda,ebit,basic-shares-outstanding,shares-outstanding,eps-basic-net-earnings-per-share,eps-earnings-per-share-diluted,cash-on-hand,inventory,other-current-assets,total-current-assets,net-property-plant-equipment,long-term-investments,goodwill-intangible-assets-total,other-long-term-assets,total-long-term-assets,total-assets,total-current-liabilities,long-term-debt,other-non-current-liabilities,total-long-term-liabilities,total-liabilities,common-stock-net,retained-earnings-accumulated-deficit,comprehensive-income,total-share-holder-equity,total-liabilities-share-holders-equity,net-income-loss,total-depreciation-amortization-cash-flow,other-non-cash-items,total-non-cash-items,change-in-accounts-receivable,change-in-inventories,change-in-accounts-payable,change-in-assets-liabilities,total-change-in-assets-liabilities,cash-flow-from-operating-activities,net-change-in-property-plant-equipment,net-change-in-intangible-assets,net-acquisitions-divestitures,net-change-in-short-term-investments,net-change-in-long-term-investments,net-change-in-investments-total,investing-activities-other,cash-flow-from-investing-activities,net-long-term-debt,net-current-debt,debt-issuance-retirement-net-total,net-common-equity-issued-repurchased,net-total-equity-issued-repurchased,total-common-preferred-stock-dividends-paid,financial-activities-other,cash-flow-from-financial-activities,net-cash-flow,stock-based-compensation,common-stock-dividends-paid
0,2018-09-30,5.95,$2.33,2.56,$3.21,1.85,$-1.13,0.0,$-0.60,0.0,$0.06B,$0.04B,1.44,$0.03B,$0.07B,0.43,$0.07B,$0.03B,46.48%,$0.07B,$-0.01B,-16.90%,$0.07B,$-0.01B,-16.90%,$0.07B,$-0.01B,-8.45%,$0.07B,$-0.01B,-19.72%,$0.07B,$-0.01B,-19.72%,$-0.01B,$0.07B,-33.53%,$-0.01B,$-0.01B,-266.67%,$-0.01B,$0.15B,-14.78%,$-0.01B,$0.10B,-19.51%,$22,$12,$10,$6,$11,$29,$-7,$-1,$-8,$-0,$-8,$-8,$-8,$-5,$-7,$28,28,$-0.29,$-0.29,$15,$18,$2,$61,$9,$0,$77,$2,$87,$148,$42,$29,$4,$37,$79,$0,$-114,$-0,$68,$148,$-15,$5,$2,$6,$-13,$-6,$6,$6,$-5,$-13,$-3,$0,$-63,$0,$-0,$-0,$0,$-67,$22,$-2,$20,$43,$43,$0,$-0,$63,$-17,$2,$0
1,2018-06-30,8.4,$1.54,5.47,$3.16,2.66,$-0.72,0.0,$-0.35,0.0,$0.04B,$0.03B,1.13,$0.03B,$0.03B,0.89,$0.06B,$0.03B,46.88%,$0.06B,$-0.01B,-9.38%,$0.06B,$-0.01B,-9.38%,$0.06B,$-0.00B,-1.56%,$0.06B,$-0.01B,-10.94%,$0.06B,$-0.01B,-10.94%,$-0.01B,$0.03B,-21.37%,$-0.01B,$-0.02B,-51.85%,$-0.01B,$0.10B,-9.69%,$-0.01B,$0.06B,-12.37%,$18,$10,$8,$4,$7,$22,$-4,$-1,$-5,$-0,$-5,$-5,$-5,$-2,$-4,$21,21,$-0.24,$-0.24,$8,$11,$0,$39,$8,$0,$56,$1,$65,$104,$34,$29,$3,$37,$71,$0,$-106,$-0,$33,$104,$-6,$2,$1,$3,$-8,$-6,$4,$4,$-3,$-6,$-2,$0,$-35,$0,$-0,$-0,$0,$-37,$22,$-2,$20,$0,$0,$0,$-0,$21,$-22,$1,$0
2,2018-03-31,7.4,$1.52,4.87,$3.13,2.36,$-0.56,0.0,$-0.22,0.0,$0.05B,$0.02B,2.39,$0.01B,$0.03B,0.31,$0.06B,$0.03B,49.15%,$0.06B,$-0.00B,-6.78%,$0.06B,$-0.00B,-6.78%,$0.06B,0,0.00%,$0.06B,$-0.00B,-6.78%,$0.06B,$-0.00B,-6.78%,$-0.00B,$0.03B,-12.31%,$-0.00B,$0.03B,-15.69%,$-0.00B,$0.07B,-6.53%,$-0.00B,$0.04B,-9.25%,$15,$8,$7,$4,$4,$16,$-1,$-0,$-1,$0,$-1,$-1,$-1,$-0,$-1,$21,21,$-0.05,$-0.05,$30,$8,$0,$50,$8,$0,$7,$1,$15,$66,$21,$10,$0,$12,$33,$0,$-101,$-0,$33,$66,$-1,$1,$0,$1,$-4,$-2,$0,$4,$-1,$-1,$-0,$0,$0,$0,$0,$0,$0,$-0,$0,$0,$0,$0,$0,$0,$-0,$0,$-1,$0,$0
3,2017-12-31,6.45,$1.55,4.17,$3.14,2.06,$-0.58,0.0,$-0.35,0.0,$0.05B,$0.01B,3.15,$0.01B,$0.03B,0.33,$0.06B,$0.03B,50.91%,$0.06B,$-0.01B,-10.91%,$0.06B,$-0.01B,-10.91%,$0.06B,$-0.00B,-3.64%,$0.06B,$-0.01B,-10.91%,$0.06B,$-0.01B,-10.91%,$-0.01B,$0.03B,-21.43%,$-0.01B,$0.03B,-28.92%,$-0.01B,$0.06B,-10.76%,$-0.01B,$0.04B,-15.38%,$16,$8,$8,$3,$4,$16,$0,$-0,$-0,$0,$-0,$-0,$-0,$1,$0,$19,19,$0.03,$0.03,$30,$6,$0,$46,$7,$0,$7,$1,$15,$61,$14,$11,$0,$13,$28,$0,$-100,$-0,$33,$61,$-6,$3,$4,$6,$-3,$-1,$3,$-1,$-1,$-0,$-3,$-0,$0,$0,$0,$0,$-0,$-4,$-4,$-0,$-5,$19,$19,$0,$-0,$14,$10,$4,$0
4,2017-09-30,7.85,$1.54,5.1,$3.08,2.55,$-0.91,0.0,$-0.45,0.0,$0.04B,$0.01B,4.41,$0.01B,$0.03B,0.41,$0.05B,$0.03B,50.98%,$0.05B,$-0.01B,-15.69%,$0.05B,$-0.01B,-15.69%,$0.05B,$-0.00B,-7.84%,$0.05B,$-0.01B,-15.69%,$0.05B,$-0.01B,-15.69%,$-0.01B,$0.03B,-33.68%,$-0.01B,$0.03B,-49.23%,$-0.01B,$0.06B,-15.38%,$-0.01B,$0.05B,-23.19%,$15,$8,$7,$4,$5,$16,$-1,$-0,$-1,$0,$-1,$-1,$-1,$-0,$-1,$21,21,$-0.05,$-0.05,$31,$4,$0,$44,$6,$0,$7,$1,$14,$58,$10,$13,$0,$16,$26,$0,$-100,$-0,$32,$58,$-6,$2,$3,$5,$-3,$1,$1,$-1,$-1,$-1,$-2,$0,$0,$0,$0,$0,$0,$-2,$-5,$0,$-5,$19,$19,$0,$-0,$14,$11,$3,$0
5,2017-06-30,4.55,$1.54,2.95,$3.10,1.47,$-1.27,0.0,$-0.67,0.0,$0.05B,$0.02B,2.7,$0.01B,$0.03B,0.26,$0.05B,$0.02B,51.06%,$0.05B,$-0.01B,-21.28%,$0.05B,$-0.01B,-21.28%,$0.05B,$-0.01B,-14.89%,$0.05B,$-0.01B,-23.40%,$0.05B,$-0.01B,-23.40%,$-0.01B,$0.03B,-55.00%,$-0.01B,$0.03B,-89.80%,$-0.01B,$0.06B,-21.89%,$-0.01B,$0.04B,-32.52%,$13,$7,$7,$4,$5,$15,$-2,$-0,$-2,$0,$-2,$-2,$-2,$-1,$-2,$16,16,$-0.11,$-0.11,$32,$4,$0,$46,$6,$0,$8,$0,$15,$60,$17,$9,$0,$11,$28,$0,$-99,$-0,$32,$60,$-5,$1,$2,$3,$-3,$1,$2,$-0,$-0,$-2,$-2,$0,$0,$0,$0,$0,$0,$-2,$-3,$0,$-3,$19,$19,$0,$-0,$16,$12,$2,$0
6,2017-03-31,4.15,$0.93,4.46,$2.97,1.4,$-1.45,0.0,$-0.85,0.0,$0.03B,$0.02B,1.78,$0.01B,$0.02B,0.69,$0.04B,$0.02B,50.00%,$0.04B,$-0.01B,-27.27%,$0.04B,$-0.01B,-27.27%,$0.04B,$-0.01B,-20.45%,$0.04B,$-0.01B,-29.55%,$0.04B,$-0.01B,-29.55%,$-0.01B,$0.02B,-76.47%,$-0.01B,$0.01B,-148.57%,$-0.01B,$0.04B,-28.11%,$-0.01B,$0.03B,-44.86%,$11,$6,$6,$3,$5,$14,$-3,$-0,$-3,$0,$-3,$-3,$-3,$-2,$-3,$16,16,$-0.18,$-0.18,$17,$4,$0,$29,$6,$0,$8,$0,$15,$44,$16,$10,$0,$13,$29,$0,$-97,$-0,$15,$44,$-3,$1,$1,$1,$0,$1,$0,$-0,$1,$-0,$-1,$0,$0,$0,$0,$0,$0,$-1,$-2,$0,$-2,$0,$0,$0,$0,$-1,$-2,$1,$0
7,2016-12-31,1.85,$1.06,1.75,$2.93,0.63,$-1.56,0.0,$-0.77,0.0,$0.03B,$0.02B,1.83,$0.01B,$0.02B,0.6,$0.04B,$0.02B,48.84%,$0.04B,$-0.01B,-23.26%,$0.04B,$-0.01B,-23.26%,$0.04B,$-0.01B,-18.60%,$0.04B,$-0.01B,-27.91%,$0.04B,$-0.01B,-27.91%,$-0.01B,$0.02B,-62.34%,$-0.01B,$0.01B,-114.29%,$-0.01B,$0.05B,-25.67%,$-0.01B,$0.03B,-35.71%,$12,$6,$6,$3,$4,$14,$-2,$-0,$-2,$-0,$-2,$-2,$-2,$-1,$-2,$15,15,$-0.11,$-0.11,$20,$5,$0,$32,$6,$0,$8,$0,$15,$46,$17,$10,$0,$13,$30,$0,$-94,$-0,$16,$46,$-12,$3,$1,$4,$0,$2,$-4,$2,$3,$-5,$-2,$0,$0,$0,$0,$0,$-0,$-3,$2,$2,$4,$0,$0,$0,$0,$4,$-3,$3,$0
8,2016-09-30,2.22,$1.15,1.93,$6.04,0.37,$-3.63,0.0,$-0.98,0.0,$0.04B,$0.02B,2.06,$0.01B,$0.02B,0.77,$0.04B,$0.02B,46.51%,$0.04B,$-0.01B,-23.26%,$0.04B,$-0.01B,-23.26%,$0.04B,$-0.01B,-18.60%,$0.04B,$-0.01B,-30.23%,$0.04B,$-0.01B,-30.23%,$-0.01B,$0.02B,-61.18%,$-0.01B,$0.01B,-106.12%,$-0.01B,$0.05B,-27.23%,$-0.01B,$0.03B,-33.90%,$11,$6,$5,$4,$4,$15,$-3,$-1,$-4,$0,$-4,$-4,$-4,$-3,$-3,$15,15,$-0.27,$-0.27,$21,$8,$1,$36,$6,$0,$9,$0,$15,$51,$17,$13,$0,$16,$34,$0,$-92,$-0,$17,$51,$-10,$2,$1,$3,$2,$-1,$-1,$1,$2,$-5,$-2,$0,$0,$0,$0,$0,$0,$-2,$4,$2,$6,$0,$0,$0,$0,$6,$-2,$3,$0
