,Date,Stock Price,Book Value per Share,Price to Book Ratio,TTM Sales per Share,Price to Sales Ratio,TTM FCF per Share,Price to FCF Ratio,TTM Net EPS,PE Ratio,Current Assets,Current Liabilities,Current Ratio,Long Term Debt,Shareholder's Equity_x,Debt to Equity Ratio,TTM Revenue_x,TTM Gross Profit,Gross Margin,TTM Revenue_y,TTM Operating Income,Operating Margin,TTM Revenue_x,TTM EBIT,EBIT Margin,TTM Revenue_y,TTM EBITDA,EBITDA Margin,TTM Revenue_x,TTM Pre-Tax Income,Pre-Tax Margin,TTM Revenue_y,TTM Net Income_x,Net Margin,TTM Net Income_y,Shareholder's Equity_y,Return on Equity,TTM Net Income_x,Tangible Equity,Return on Tangible Equity,TTM Net Income_y,Total Assets,Return on Assets,TTM Net Income,LT Investments & Debt,Return on Investment,revenue,cost-goods-sold,gross-profit,research-development-expenses,selling-general-administrative-expenses,operating-expenses,operating-income,total-non-operating-income-expense,pre-tax-income,total-provision-income-taxes,income-after-taxes,income-from-continuous-operations,net-income,ebitda,ebit,basic-shares-outstanding,shares-outstanding,eps-basic-net-earnings-per-share,eps-earnings-per-share-diluted,cash-on-hand,inventory,other-current-assets,total-current-assets,net-property-plant-equipment,long-term-investments,goodwill-intangible-assets-total,other-long-term-assets,total-long-term-assets,total-assets,total-current-liabilities,long-term-debt,other-non-current-liabilities,total-long-term-liabilities,total-liabilities,common-stock-net,retained-earnings-accumulated-deficit,comprehensive-income,total-share-holder-equity,total-liabilities-share-holders-equity,net-income-loss,total-depreciation-amortization-cash-flow,other-non-cash-items,total-non-cash-items,change-in-accounts-receivable,change-in-inventories,change-in-accounts-payable,change-in-assets-liabilities,total-change-in-assets-liabilities,cash-flow-from-operating-activities,net-change-in-property-plant-equipment,net-change-in-intangible-assets,net-acquisitions-divestitures,net-change-in-short-term-investments,net-change-in-long-term-investments,net-change-in-investments-total,investing-activities-other,cash-flow-from-investing-activities,net-long-term-debt,net-current-debt,debt-issuance-retirement-net-total,net-common-equity-issued-repurchased,net-total-equity-issued-repurchased,total-common-preferred-stock-dividends-paid,financial-activities-other,cash-flow-from-financial-activities,net-cash-flow,stock-based-compensation,common-stock-dividends-paid
0,2018-09-30,156.07,$41.33,3.78,$27.16,5.75,$11.24,13.89,$6.94,22.49,$1.88B,$0.22B,8.64,$0.04B,$2.21B,0.02,$1.49B,$0.84B,56.47%,$1.49B,$0.58B,38.56%,$1.49B,$0.58B,38.56%,$1.49B,$0.65B,43.73%,$1.49B,$0.58B,39.03%,$1.49B,$0.38B,25.62%,$0.38B,$2.21B,17.88%,$0.38B,$2.10B,18.81%,$0.38B,$2.56B,15.35%,$0.58B,$2.25B,26.37%,$356,$161,$195,$31,$39,$232,$124,$4,$128,$27,$101,$101,$101,$144,$124,$54,55,$1.88,$1.84,$1122,$397,$0,$1882,$529,$0,$103,$28,$680,$2562,$218,$43,$0,$137,$355,$0,$1773,$-144,$2207,$2562,$329,$59,$51,$110,$-26,$-122,$-1,$-5,$-159,$280,$-133,$0,$-4,$-280,$0,$-280,$0,$-417,$-3,$0,$-3,$-100,$-100,$0,$0,$-102,$-262,$21,$0
1,2018-06-30,220.63,$40.43,5.46,$27.82,7.93,$12.43,17.74,$7.21,30.6,$1.84B,$0.21B,8.73,$0.04B,$2.17B,0.02,$1.53B,$0.87B,57.07%,$1.53B,$0.61B,39.99%,$1.53B,$0.61B,39.99%,$1.53B,$0.69B,44.83%,$1.53B,$0.62B,40.25%,$1.53B,$0.40B,25.98%,$0.40B,$2.17B,19.14%,$0.40B,$2.07B,20.16%,$0.40B,$2.53B,16.47%,$0.61B,$2.22B,28.82%,$414,$179,$235,$32,$39,$251,$162,$1,$164,$42,$122,$122,$122,$182,$162,$54,55,$2.27,$2.21,$1126,$376,$0,$1836,$515,$0,$107,$45,$694,$2530,$210,$44,$0,$148,$358,$0,$1672,$-129,$2172,$2530,$228,$39,$39,$77,$-9,$-91,$10,$-2,$-97,$209,$-96,$0,$-4,$-290,$162,$-128,$0,$-228,$-2,$0,$-2,$-40,$-40,$0,$0,$-42,$-93,$14,$0
2,2018-03-31,233.38,$39.72,5.88,$27.08,8.62,$12.31,18.96,$6.91,33.77,$1.87B,$0.20B,9.54,$0.04B,$2.15B,0.02,$1.48B,$0.84B,56.84%,$1.48B,$0.59B,39.78%,$1.48B,$0.59B,39.78%,$1.48B,$0.66B,44.44%,$1.48B,$0.59B,39.99%,$1.48B,$0.38B,25.56%,$0.38B,$2.15B,19.12%,$0.38B,$2.04B,20.06%,$0.38B,$2.50B,16.58%,$0.59B,$2.19B,29.18%,$360,$157,$203,$29,$39,$219,$141,$1,$142,$36,$106,$106,$106,$160,$141,$54,55,$1.98,$1.93,$1176,$356,$0,$1865,$484,$0,$105,$19,$633,$2498,$196,$44,$0,$157,$353,$0,$1551,$-51,$2145,$2498,$106,$19,$21,$40,$8,$-50,$1,$-2,$-47,$100,$-39,$0,$0,$-1,$0,$-1,$0,$-39,$-1,$0,$-1,$-17,$-17,$0,$0,$-18,$59,$6,$0
3,2017-12-31,214.13,$37.71,5.68,$25.82,8.29,$11.74,18.24,$6.36,33.67,$1.75B,$0.20B,8.82,$0.05B,$2.02B,0.02,$1.41B,$0.80B,56.56%,$1.41B,$0.55B,39.03%,$1.41B,$0.55B,39.03%,$1.41B,$0.62B,43.65%,$1.41B,$0.55B,39.18%,$1.41B,$0.35B,24.70%,$0.35B,$2.02B,18.68%,$0.35B,$1.92B,19.51%,$0.35B,$2.37B,16.29%,$0.55B,$2.07B,28.94%,$361,$152,$209,$27,$35,$213,$148,$0,$148,$95,$53,$53,$53,$166,$148,$53,55,$0.99,$0.96,$1116,$308,$0,$1754,$460,$0,$107,$19,$613,$2367,$199,$45,$0,$146,$345,$0,$1444,$-77,$2022,$2367,$348,$65,$100,$164,$-63,$-71,$2,$-1,$-107,$405,$-111,$0,$-60,$1,$0,$1,$-0,$-171,$8,$0,$8,$-11,$-11,$0,$-0,$-3,$286,$23,$0
4,2017-09-30,185.06,$36.55,5.06,$24.42,7.58,$9.54,19.4,$6.79,27.25,$1.64B,$0.18B,9.02,$0.05B,$1.96B,0.02,$1.33B,$0.74B,55.95%,$1.33B,$0.51B,38.18%,$1.33B,$0.51B,38.18%,$1.33B,$0.57B,42.77%,$1.33B,$0.51B,38.40%,$1.33B,$0.37B,27.86%,$0.37B,$1.96B,21.18%,$0.37B,$1.86B,21.99%,$0.37B,$2.25B,18.57%,$0.51B,$2.01B,28.45%,$393,$168,$225,$26,$35,$232,$160,$0,$161,$45,$116,$116,$116,$177,$160,$53,55,$2.16,$2.11,$1046,$282,$0,$1643,$441,$0,$101,$21,$604,$2246,$182,$46,$0,$105,$287,$0,$1391,$-89,$1959,$2246,$295,$46,$75,$122,$-56,$-40,$3,$-2,$-119,$297,$-84,$0,$-51,$42,$0,$42,$-0,$-93,$9,$0,$9,$-4,$-4,$0,$-0,$5,$256,$17,$0
5,2017-06-30,145.1,$33.73,4.3,$22.19,6.54,$7.43,19.53,$5.97,24.3,$1.51B,$0.16B,9.64,$0.02B,$1.80B,0.01,$1.20B,$0.66B,55.20%,$1.20B,$0.44B,36.72%,$1.20B,$0.44B,36.72%,$1.20B,$0.50B,41.55%,$1.20B,$0.44B,36.97%,$1.20B,$0.32B,26.89%,$0.32B,$1.80B,19.78%,$0.32B,$1.74B,20.42%,$0.32B,$2.03B,17.34%,$0.44B,$1.83B,26.47%,$369,$163,$206,$26,$32,$228,$141,$0,$142,$38,$104,$104,$104,$156,$141,$53,54,$1.95,$1.91,$930,$261,$0,$1511,$390,$0,$61,$21,$520,$2031,$157,$21,$0,$69,$226,$0,$1275,$-119,$1804,$2031,$179,$30,$45,$74,$-74,$-26,$2,$-3,$-120,$133,$-28,$0,$-11,$-71,$156,$85,$-1,$45,$-18,$0,$-18,$-7,$-7,$0,$-0,$-25,$184,$11,$0
6,2017-03-31,120.7,$31.19,3.87,$20.11,6.0,$6.20,19.45,$5.31,22.73,$1.39B,$0.16B,8.82,$0.04B,$1.67B,0.02,$1.09B,$0.60B,54.84%,$1.09B,$0.40B,36.41%,$1.09B,$0.40B,36.41%,$1.09B,$0.45B,41.47%,$1.09B,$0.40B,36.59%,$1.09B,$0.29B,26.36%,$0.29B,$1.67B,18.60%,$0.29B,$1.62B,19.21%,$0.29B,$1.90B,16.23%,$0.40B,$1.70B,25.08%,$286,$129,$157,$23,$29,$184,$101,$-0,$101,$26,$75,$75,$75,$116,$101,$53,54,$1.40,$1.38,$863,$262,$0,$1391,$396,$0,$48,$21,$512,$1903,$158,$37,$0,$79,$236,$0,$1171,$-152,$1666,$1903,$75,$15,$23,$37,$-23,$-22,$-2,$-4,$-61,$51,$-22,$0,$0,$42,$0,$42,$-0,$20,$-1,$0,$-1,$-3,$-3,$0,$0,$-4,$74,$5,$0
7,2016-12-31,98.71,$29.25,3.37,$18.72,5.27,$6.42,15.38,$4.85,20.35,$1.30B,$0.16B,8.22,$0.04B,$1.56B,0.02,$1.01B,$0.55B,54.87%,$1.01B,$0.36B,36.18%,$1.01B,$0.36B,36.18%,$1.01B,$0.42B,41.25%,$1.01B,$0.37B,36.38%,$1.01B,$0.26B,25.84%,$0.26B,$1.56B,17.84%,$0.26B,$1.51B,18.34%,$0.26B,$1.79B,15.53%,$0.36B,$1.60B,24.42%,$280,$125,$155,$22,$30,$175,$105,$1,$106,$31,$75,$75,$75,$119,$105,$53,54,$1.42,$1.39,$831,$239,$0,$1301,$379,$0,$49,$19,$489,$1790,$158,$38,$0,$74,$232,$0,$1094,$-179,$1558,$1790,$261,$51,$60,$112,$-11,$-54,$-0,$-4,$-75,$298,$-126,$0,$-48,$-101,$0,$-101,$0,$-274,$21,$0,$21,$7,$7,$0,$-1,$27,$41,$22,$0
8,2016-09-30,82.35,$28.29,2.91,$17.70,4.65,$6.86,12.01,$4.60,17.9,$1.28B,$0.16B,8.2,$0.04B,$1.50B,0.03,$0.95B,$0.52B,54.63%,$0.95B,$0.34B,36.00%,$0.95B,$0.34B,36.00%,$0.95B,$0.39B,41.05%,$0.95B,$0.34B,36.11%,$0.95B,$0.25B,25.89%,$0.25B,$1.50B,17.78%,$0.25B,$1.46B,18.19%,$0.25B,$1.73B,15.47%,$0.34B,$1.54B,24.23%,$266,$121,$145,$21,$27,$172,$94,$1,$95,$25,$69,$69,$69,$108,$94,$53,54,$1.30,$1.29,$773,$242,$0,$1276,$367,$0,$49,$19,$451,$1727,$156,$38,$0,$69,$224,$0,$1019,$-148,$1503,$1727,$186,$38,$44,$81,$-11,$-43,$-10,$-4,$-71,$196,$-100,$0,$-47,$-21,$0,$-21,$0,$-167,$22,$0,$22,$6,$6,$0,$-1,$27,$63,$16,$0
9,2016-06-30,80.0,$26.78,2.99,$17.31,4.62,$7.77,10.3,$4.49,17.82,$1.20B,$0.14B,8.87,$0.04B,$1.42B,0.03,$0.93B,$0.51B,54.63%,$0.93B,$0.34B,36.42%,$0.93B,$0.34B,36.42%,$0.93B,$0.38B,41.16%,$0.93B,$0.34B,36.42%,$0.93B,$0.24B,25.86%,$0.24B,$1.42B,18.30%,$0.24B,$1.37B,18.61%,$0.24B,$1.63B,15.89%,$0.34B,$1.46B,25.33%,$253,$115,$138,$18,$26,$158,$95,$0,$95,$28,$67,$67,$67,$107,$95,$53,54,$1.26,$1.25,$714,$241,$0,$1197,$350,$0,$50,$18,$432,$1629,$135,$39,$0,$71,$206,$0,$950,$-156,$1423,$1629,$116,$24,$24,$48,$3,$-35,$-8,$-1,$-56,$108,$-71,$0,$-47,$-20,$0,$-20,$0,$-138,$23,$0,$23,$9,$9,$0,$-1,$30,$5,$10,$0
10,2016-03-31,96.08,$25.43,3.78,$17.01,5.65,$8.36,11.5,$4.39,21.89,$1.20B,$0.15B,7.95,$0.02B,$1.35B,0.01,$0.91B,$0.50B,54.73%,$0.91B,$0.33B,36.26%,$0.91B,$0.33B,36.26%,$0.91B,$0.37B,40.99%,$0.91B,$0.33B,36.26%,$0.91B,$0.23B,25.71%,$0.23B,$1.35B,18.77%,$0.23B,$1.34B,18.97%,$0.23B,$1.55B,16.29%,$0.33B,$1.36B,26.10%,$207,$93,$114,$17,$22,$137,$70,$0,$70,$21,$49,$49,$49,$81,$70,$53,54,$0.93,$0.92,$740,$227,$0,$1198,$309,$0,$12,$20,$352,$1550,$151,$17,$0,$52,$203,$0,$883,$-153,$1347,$1550,$49,$11,$16,$28,$8,$-19,$-7,$-0,$-12,$65,$-25,$0,$0,$-20,$0,$-20,$0,$-45,$-1,$0,$-1,$0,$0,$0,$3,$2,$31,$5,$0
11,2015-12-31,89.16,$23.84,3.74,$16.88,5.28,$8.33,10.71,$4.55,19.6,$1.10B,$0.14B,7.78,$0.02B,$1.26B,0.01,$0.90B,$0.49B,54.55%,$0.90B,$0.34B,37.92%,$0.90B,$0.34B,37.92%,$0.90B,$0.38B,42.57%,$0.90B,$0.34B,37.92%,$0.90B,$0.24B,26.83%,$0.24B,$1.26B,20.50%,$0.24B,$1.25B,20.75%,$0.24B,$1.45B,17.78%,$0.34B,$1.28B,28.54%,$224,$102,$122,$18,$23,$141,$83,$-0,$83,$22,$61,$61,$61,$94,$83,$53,53,$1.16,$1.12,$689,$204,$0,$1103,$289,$0,$12,$20,$351,$1453,$142,$18,$0,$51,$193,$0,$833,$-181,$1261,$1453,$242,$42,$47,$89,$-19,$-71,$10,$2,$-68,$263,$-70,$0,$-5,$-107,$0,$-107,$0,$-182,$-16,$0,$-16,$14,$14,$0,$0,$-2,$60,$19,$0
12,2015-09-30,75.97,$23.04,3.3,$16.62,4.57,$6.44,11.79,$4.48,16.96,$1.08B,$0.15B,7.24,$0.02B,$1.22B,0.02,$0.89B,$0.48B,54.69%,$0.89B,$0.34B,38.31%,$0.89B,$0.34B,38.31%,$0.89B,$0.38B,42.82%,$0.89B,$0.34B,38.31%,$0.89B,$0.24B,26.78%,$0.24B,$1.22B,21.03%,$0.24B,$1.20B,21.28%,$0.24B,$1.41B,18.22%,$0.34B,$1.23B,29.59%,$244,$110,$133,$16,$22,$154,$90,$0,$90,$27,$63,$63,$63,$100,$90,$53,53,$1.19,$1.18,$651,$198,$0,$1078,$287,$0,$13,$21,$330,$1408,$149,$18,$0,$43,$192,$0,$773,$-156,$1216,$1408,$181,$31,$27,$58,$-20,$-52,$5,$2,$-44,$195,$-51,$0,$-5,$0,$0,$0,$0,$-55,$-15,$0,$-15,$10,$10,$0,$6,$1,$129,$14,$0
13,2015-06-30,85.18,$22.07,3.86,$15.84,5.38,$4.73,18.02,$4.35,19.58,$1.00B,$0.13B,7.97,$0.02B,$1.16B,0.02,$0.84B,$0.46B,54.70%,$0.84B,$0.33B,38.88%,$0.84B,$0.33B,38.88%,$0.84B,$0.37B,43.52%,$0.84B,$0.33B,38.88%,$0.84B,$0.23B,27.23%,$0.23B,$1.16B,21.16%,$0.23B,$1.15B,21.42%,$0.23B,$1.34B,18.39%,$0.33B,$1.18B,29.83%,$235,$106,$129,$15,$23,$148,$87,$0,$87,$26,$61,$61,$61,$98,$87,$53,53,$1.16,$1.15,$572,$191,$0,$1002,$289,$0,$15,$22,$332,$1335,$126,$19,$0,$45,$171,$0,$710,$-139,$1164,$1335,$119,$20,$16,$37,$-32,$-33,$4,$2,$-54,$101,$-32,$0,$-5,$0,$0,$0,$0,$-37,$-13,$0,$-13,$10,$10,$0,$6,$2,$49,$9,$0
14,2015-03-31,92.7,$20.53,4.51,$15.09,6.14,$4.03,23.0,$4.12,22.5,$0.93B,$0.12B,7.56,$0.02B,$1.08B,0.02,$0.80B,$0.44B,54.51%,$0.80B,$0.31B,38.72%,$0.80B,$0.31B,38.72%,$0.80B,$0.35B,43.36%,$0.80B,$0.31B,38.72%,$0.80B,$0.22B,27.07%,$0.22B,$1.08B,20.63%,$0.22B,$1.07B,20.85%,$0.22B,$1.25B,17.99%,$0.31B,$1.10B,29.24%,$199,$91,$108,$14,$20,$117,$82,$-0,$82,$25,$57,$57,$57,$92,$82,$52,53,$1.09,$1.08,$541,$174,$0,$931,$274,$0,$15,$23,$318,$1249,$123,$19,$0,$46,$169,$0,$649,$-151,$1081,$1249,$57,$10,$8,$17,$-12,$-14,$-1,$-1,$-23,$52,$-14,$0,$-5,$0,$0,$0,$0,$-19,$-3,$0,$-3,$4,$4,$0,$5,$6,$19,$4,$0
15,2014-12-31,74.92,$19.98,3.75,$14.59,5.14,$3.92,19.1,$3.81,19.66,$0.89B,$0.12B,7.32,$0.02B,$1.05B,0.02,$0.77B,$0.42B,54.03%,$0.77B,$0.29B,37.01%,$0.77B,$0.29B,37.01%,$0.77B,$0.32B,41.56%,$0.77B,$0.29B,37.01%,$0.77B,$0.20B,25.97%,$0.20B,$1.05B,19.66%,$0.20B,$1.04B,19.85%,$0.20B,$1.21B,17.20%,$0.29B,$1.07B,27.81%,$207,$93,$114,$14,$23,$128,$80,$0,$80,$23,$56,$56,$56,$89,$80,$52,53,$1.08,$1.05,$522,$171,$0,$894,$275,$0,$10,$27,$317,$1211,$122,$20,$0,$42,$164,$0,$591,$-112,$1047,$1211,$200,$36,$33,$68,$-49,$-42,$3,$-5,$-89,$180,$-88,$-2,$0,$0,$0,$0,$0,$-90,$-2,$0,$-2,$8,$8,$0,$6,$12,$73,$15,$0
16,2014-09-30,68.78,$19.87,3.46,$13.83,4.97,$3.11,22.1,$3.44,19.99,$0.86B,$0.13B,6.74,$0.00B,$1.04B,0.0,$0.73B,$0.38B,52.67%,$0.73B,$0.25B,34.84%,$0.73B,$0.25B,34.84%,$0.73B,$0.29B,39.51%,$0.73B,$0.25B,34.84%,$0.73B,$0.18B,24.83%,$0.18B,$1.04B,18.33%,$0.18B,$1.03B,18.51%,$0.18B,$1.19B,16.09%,$0.25B,$1.04B,25.58%,$200,$91,$109,$13,$22,$122,$78,$0,$78,$23,$55,$55,$55,$87,$78,$52,53,$1.06,$1.05,$488,$179,$0,$863,$271,$0,$10,$31,$322,$1185,$128,$0,$0,$21,$149,$0,$535,$-54,$1037,$1185,$144,$26,$18,$45,$-38,$-30,$1,$0,$-65,$124,$-72,$-2,$0,$0,$0,$0,$0,$-74,$-2,$0,$-2,$4,$4,$0,$3,$5,$39,$11,$0
17,2014-06-30,68.8,$19.64,3.5,$13.33,5.16,$2.38,28.95,$3.20,21.5,$0.85B,$0.11B,7.55,$0.00B,$1.02B,0.0,$0.70B,$0.37B,52.50%,$0.70B,$0.24B,33.67%,$0.70B,$0.24B,33.67%,$0.70B,$0.27B,38.37%,$0.70B,$0.24B,33.67%,$0.70B,$0.17B,23.97%,$0.17B,$1.02B,17.74%,$0.17B,$1.02B,17.92%,$0.17B,$1.16B,15.53%,$0.24B,$1.02B,24.70%,$192,$88,$104,$13,$21,$123,$69,$0,$69,$21,$48,$48,$48,$78,$69,$52,53,$0.93,$0.92,$483,$179,$0,$854,$268,$0,$9,$19,$304,$1158,$113,$0,$0,$21,$135,$0,$480,$-8,$1024,$1158,$89,$17,$10,$27,$-21,$-15,$-3,$0,$-39,$77,$-46,$0,$0,$0,$0,$0,$0,$-45,$-1,$0,$-1,$3,$3,$0,$2,$5,$35,$7,$0
18,2014-03-31,71.08,$18.48,3.85,$12.90,5.51,$1.60,44.56,$3.08,23.08,$0.83B,$0.10B,7.99,$0.01B,$0.96B,0.01,$0.68B,$0.35B,52.29%,$0.68B,$0.23B,33.53%,$0.68B,$0.23B,33.53%,$0.68B,$0.26B,38.26%,$0.68B,$0.23B,33.53%,$0.68B,$0.16B,23.93%,$0.16B,$0.96B,18.10%,$0.16B,$0.95B,18.31%,$0.16B,$1.10B,15.78%,$0.23B,$0.97B,25.04%,$171,$81,$89,$13,$20,$113,$58,$0,$58,$17,$41,$41,$41,$66,$58,$52,53,$0.78,$0.77,$481,$171,$0,$825,$249,$0,$9,$7,$272,$1097,$103,$11,$0,$32,$136,$0,$431,$-14,$961,$1097,$41,$8,$3,$12,$-4,$-4,$1,$-5,$-9,$43,$-11,$0,$0,$0,$0,$0,$0,$-11,$-1,$0,$-1,$1,$1,$0,$2,$1,$32,$3,$0
19,2013-12-31,77.61,$17.87,4.34,$12.37,6.27,$0.43,179.2,$2.98,26.04,$0.79B,$0.10B,7.86,$0.01B,$0.93B,0.01,$0.65B,$0.34B,52.62%,$0.65B,$0.22B,33.80%,$0.65B,$0.22B,33.80%,$0.65B,$0.25B,38.58%,$0.65B,$0.22B,33.80%,$0.65B,$0.16B,24.07%,$0.16B,$0.93B,18.39%,$0.16B,$0.92B,18.64%,$0.16B,$1.06B,15.99%,$0.22B,$0.94B,25.47%,$166,$84,$82,$11,$20,$117,$49,$0,$49,$12,$37,$37,$37,$57,$49,$52,52,$0.71,$0.69,$449,$173,$0,$786,$252,$0,$10,$8,$275,$1061,$100,$11,$0,$33,$133,$0,$391,$-2,$928,$1061,$156,$32,$26,$58,$-10,$-50,$1,$-4,$-94,$119,$-71,$0,$-6,$0,$0,$0,$-0,$-76,$-2,$0,$-2,$7,$7,$0,$9,$14,$65,$12,$0
20,2013-09-30,56.35,$16.97,3.32,$12.02,4.69,$1.58,35.63,$2.95,19.1,$0.75B,$0.11B,7.08,$0.01B,$0.88B,0.01,$0.63B,$0.33B,53.27%,$0.63B,$0.22B,34.61%,$0.63B,$0.22B,34.61%,$0.63B,$0.25B,39.39%,$0.63B,$0.22B,34.77%,$0.63B,$0.15B,24.56%,$0.15B,$0.88B,19.20%,$0.15B,$0.87B,19.48%,$0.15B,$1.01B,16.49%,$0.22B,$0.89B,26.64%,$172,$79,$93,$12,$20,$112,$60,$0,$60,$18,$42,$42,$42,$68,$60,$51,52,$0.82,$0.81,$398,$171,$0,$749,$237,$0,$11,$7,$261,$1010,$106,$12,$0,$28,$134,$0,$354,$-5,$876,$1010,$119,$23,$21,$44,$-27,$-44,$-2,$-7,$-102,$61,$-48,$0,$-6,$0,$0,$0,$0,$-53,$-3,$0,$-3,$0,$0,$0,$7,$3,$14,$9,$0
21,2013-06-30,60.73,$15.84,3.83,$11.74,5.17,$2.58,23.54,$2.95,20.59,$0.69B,$0.10B,7.26,$0.01B,$0.82B,0.02,$0.61B,$0.33B,53.52%,$0.61B,$0.22B,35.52%,$0.61B,$0.22B,35.52%,$0.61B,$0.25B,40.26%,$0.61B,$0.22B,35.68%,$0.61B,$0.15B,25.20%,$0.15B,$0.82B,20.12%,$0.15B,$0.81B,20.42%,$0.15B,$0.94B,17.09%,$0.22B,$0.83B,27.87%,$168,$78,$90,$10,$20,$108,$60,$-0,$60,$18,$42,$42,$42,$68,$60,$51,52,$0.81,$0.80,$369,$154,$0,$692,$225,$0,$11,$8,$248,$939,$95,$12,$0,$28,$123,$0,$312,$-17,$816,$939,$77,$15,$10,$25,$-21,$-24,$3,$-2,$-77,$24,$-34,$0,$-6,$0,$0,$0,$0,$-39,$-3,$0,$-3,$2,$2,$0,$2,$2,$-15,$5,$0
22,2013-03-31,66.41,$15.03,4.42,$11.17,5.94,$3.58,18.53,$2.87,23.14,$0.65B,$0.09B,7.37,$0.01B,$0.77B,0.02,$0.58B,$0.31B,53.70%,$0.58B,$0.21B,36.66%,$0.58B,$0.21B,36.66%,$0.58B,$0.24B,41.48%,$0.58B,$0.22B,37.01%,$0.58B,$0.15B,25.82%,$0.15B,$0.77B,20.58%,$0.15B,$0.76B,20.86%,$0.15B,$0.89B,17.33%,$0.21B,$0.79B,28.68%,$142,$66,$76,$9,$18,$92,$50,$0,$50,$15,$35,$35,$35,$57,$50,$51,52,$0.68,$0.67,$356,$142,$0,$649,$219,$0,$15,$7,$243,$892,$88,$13,$0,$31,$119,$0,$270,$-13,$773,$892,$35,$7,$9,$16,$-8,$-7,$-2,$-2,$-62,$-11,$-18,$0,$-6,$0,$0,$0,$0,$-23,$6,$0,$6,$1,$1,$0,$1,$8,$-28,$3,$0
23,2012-12-31,66.65,$14.47,4.61,$10.95,6.09,$4.40,15.13,$2.81,23.72,$0.67B,$0.13B,5.3,$0.01B,$0.74B,0.02,$0.56B,$0.31B,54.27%,$0.56B,$0.21B,37.01%,$0.56B,$0.21B,37.01%,$0.56B,$0.24B,41.81%,$0.56B,$0.21B,37.19%,$0.56B,$0.15B,25.80%,$0.15B,$0.74B,20.71%,$0.15B,$0.73B,20.94%,$0.15B,$0.90B,17.03%,$0.21B,$0.76B,29.11%,$145,$70,$75,$9,$17,$98,$47,$1,$48,$13,$35,$35,$35,$54,$47,$50,52,$0.67,$0.67,$384,$140,$0,$665,$211,$0,$10,$7,$231,$895,$125,$14,$0,$27,$153,$0,$235,$-3,$743,$895,$148,$26,$31,$57,$-23,$-23,$4,$-1,$-29,$175,$-68,$0,$-12,$25,$0,$25,$-1,$-55,$-7,$0,$-7,$173,$173,$-33,$-51,$82,$204,$9,$-33
24,2012-09-30,56.74,$14.23,3.99,$10.67,5.32,$3.03,18.71,$2.78,20.41,$0.66B,$0.12B,5.45,$0.01B,$0.73B,0.02,$0.54B,$0.30B,54.71%,$0.54B,$0.21B,38.26%,$0.54B,$0.21B,38.26%,$0.54B,$0.23B,43.07%,$0.54B,$0.21B,38.26%,$0.54B,$0.14B,26.25%,$0.14B,$0.73B,22.70%,$0.14B,$0.72B,22.96%,$0.14B,$0.88B,18.21%,$0.21B,$0.74B,32.34%,$156,$70,$86,$8,$16,$96,$60,$0,$60,$18,$42,$42,$42,$67,$60,$51,52,$0.83,$0.81,$373,$135,$0,$661,$195,$0,$11,$7,$217,$878,$121,$14,$13,$28,$149,$0,$233,$-11,$730,$878,$113,$19,$25,$45,$-37,$-17,$2,$-7,$-41,$117,$-52,$0,$-12,$25,$0,$25,$-0,$-38,$-4,$0,$-4,$168,$168,$0,$-48,$116,$192,$6,$0
25,2012-06-30,43.16,$13.12,3.29,$10.32,4.18,$2.22,19.41,$2.63,16.41,$0.60B,$0.10B,5.81,$0.02B,$0.67B,0.02,$0.51B,$0.28B,54.47%,$0.51B,$0.20B,38.13%,$0.51B,$0.20B,38.13%,$0.51B,$0.22B,43.00%,$0.51B,$0.20B,38.13%,$0.51B,$0.13B,25.68%,$0.13B,$0.67B,24.10%,$0.13B,$0.67B,24.37%,$0.13B,$0.80B,18.61%,$0.20B,$0.68B,34.83%,$138,$63,$75,$7,$15,$81,$56,$1,$57,$17,$40,$40,$38,$63,$56,$51,52,$0.74,$0.72,$355,$122,$0,$603,$177,$0,$5,$6,$195,$798,$104,$15,$10,$25,$128,$0,$191,$-21,$670,$798,$70,$12,$12,$25,$-13,$-10,$2,$-2,$-17,$78,$-36,$0,$0,$16,$0,$16,$-0,$-20,$-4,$0,$-4,$168,$168,$0,$-53,$111,$165,$4,$0
26,2012-03-31,51.54,$12.92,3.99,$10.18,5.06,$1.49,34.49,$2.54,20.29,$0.65B,$0.10B,6.28,$0.02B,$0.66B,0.02,$0.50B,$0.27B,54.62%,$0.50B,$0.19B,37.35%,$0.50B,$0.19B,37.35%,$0.50B,$0.21B,42.17%,$0.50B,$0.18B,36.95%,$0.50B,$0.13B,25.10%,$0.13B,$0.66B,26.00%,$0.13B,$0.65B,26.36%,$0.13B,$0.84B,19.23%,$0.19B,$0.67B,37.46%,$123,$55,$69,$7,$15,$78,$45,$-1,$44,$13,$31,$31,$30,$51,$45,$48,50,$0.63,$0.61,$396,$123,$0,$648,$170,$0,$6,$6,$187,$835,$103,$15,$10,$73,$177,$0,$153,$1,$658,$835,$31,$6,$9,$16,$-12,$-4,$1,$-2,$-19,$27,$-14,$0,$0,$7,$0,$7,$0,$-7,$2,$0,$2,$169,$169,$0,$0,$172,$197,$2,$0
27,2011-12-31,33.54,$9.32,3.6,$9.75,3.44,$1.24,27.06,$2.40,13.97,$0.43B,$0.09B,4.64,$0.02B,$0.44B,0.04,$0.48B,$0.26B,54.11%,$0.48B,$0.18B,36.84%,$0.48B,$0.18B,36.84%,$0.48B,$0.20B,41.89%,$0.48B,$0.17B,36.63%,$0.48B,$0.12B,24.84%,$0.12B,$0.44B,29.05%,$0.12B,$0.44B,29.57%,$0.12B,$0.61B,20.93%,$0.18B,$0.46B,41.40%,$124,$57,$66,$7,$15,$77,$46,$0,$46,$14,$32,$32,$32,$52,$46,$47,49,$0.66,$0.65,$206,$117,$0,$434,$155,$0,$6,$7,$174,$608,$94,$16,$0,$71,$165,$0,$123,$-12,$444,$608,$121,$24,$23,$47,$-24,$-56,$2,$-9,$-81,$87,$-53,$0,$-1,$-25,$0,$-25,$0,$-79,$-1,$0,$-1,$0,$0,$0,$33,$32,$32,$8,$0
28,2011-09-30,43.01,$8.82,4.88,$9.33,4.61,$1.27,33.86,$2.32,18.54,$0.43B,$0.11B,3.9,$0.02B,$0.42B,0.04,$0.45B,$0.25B,54.65%,$0.45B,$0.17B,37.17%,$0.45B,$0.17B,37.17%,$0.45B,$0.19B,42.48%,$0.45B,$0.17B,36.95%,$0.45B,$0.11B,25.00%,$0.11B,$0.42B,30.17%,$0.11B,$0.41B,30.77%,$0.11B,$0.60B,21.64%,$0.17B,$0.44B,42.97%,$129,$59,$70,$7,$17,$80,$49,$-0,$49,$15,$34,$34,$32,$55,$49,$47,49,$0.68,$0.66,$197,$117,$0,$432,$143,$0,$7,$10,$165,$596,$111,$16,$0,$67,$177,$0,$92,$-2,$419,$596,$89,$18,$11,$30,$-26,$-52,$5,$-2,$-63,$56,$-35,$0,$-0,$0,$0,$0,$0,$-35,$-0,$0,$-0,$4,$4,$0,$27,$32,$49,$6,$0
29,2011-06-30,72.0,$8.48,8.49,$8.36,8.62,$1.15,62.42,$1.94,37.11,$0.40B,$0.09B,4.4,$0.02B,$0.40B,0.04,$0.40B,$0.22B,53.85%,$0.40B,$0.14B,34.74%,$0.40B,$0.14B,34.74%,$0.40B,$0.16B,40.45%,$0.40B,$0.14B,34.24%,$0.40B,$0.09B,23.33%,$0.09B,$0.40B,27.57%,$0.09B,$0.40B,28.02%,$0.09B,$0.56B,20.14%,$0.14B,$0.42B,39.13%,$122,$55,$67,$7,$14,$76,$46,$-1,$45,$14,$32,$32,$31,$52,$46,$47,49,$0.65,$0.63,$188,$109,$0,$400,$142,$0,$8,$8,$162,$561,$91,$17,$0,$68,$159,$0,$59,$17,$402,$561,$55,$12,$19,$31,$-17,$-35,$5,$-11,$-59,$27,$-23,$0,$-0,$0,$0,$0,$0,$-23,$-1,$0,$-1,$4,$4,$0,$26,$30,$40,$4,$0
30,2011-03-31,57.11,$7.63,7.48,$7.27,7.86,$1.38,41.44,$1.53,37.33,$0.34B,$0.08B,4.04,$0.02B,$0.36B,0.05,$0.35B,$0.18B,51.72%,$0.35B,$0.11B,31.61%,$0.35B,$0.11B,31.61%,$0.35B,$0.13B,37.93%,$0.35B,$0.11B,31.03%,$0.35B,$0.07B,20.98%,$0.07B,$0.36B,24.05%,$0.07B,$0.35B,24.35%,$0.07B,$0.49B,17.80%,$0.11B,$0.38B,34.35%,$100,$46,$54,$6,$13,$66,$34,$-0,$34,$11,$23,$23,$23,$40,$34,$47,49,$0.49,$0.47,$161,$89,$0,$337,$131,$0,$8,$9,$153,$490,$83,$17,$0,$46,$129,$0,$29,$14,$360,$490,$23,$6,$12,$18,$-2,$-14,$3,$-8,$-31,$10,$-10,$0,$-0,$0,$0,$0,$0,$-10,$-1,$0,$-1,$5,$5,$0,$3,$7,$13,$3,$0
31,2010-12-31,31.31,$6.74,4.64,$6.30,4.97,$1.43,21.92,$1.13,27.71,$0.30B,$0.08B,3.63,$0.02B,$0.32B,0.05,$0.30B,$0.15B,49.16%,$0.30B,$0.08B,27.09%,$0.30B,$0.08B,27.09%,$0.30B,$0.10B,34.45%,$0.30B,$0.08B,26.42%,$0.30B,$0.05B,17.73%,$0.05B,$0.32B,19.17%,$0.05B,$0.31B,19.29%,$0.05B,$0.44B,14.47%,$0.08B,$0.33B,27.65%,$101,$45,$56,$5,$12,$62,$39,$0,$39,$12,$27,$27,$27,$45,$39,$46,48,$0.59,$0.56,$148,$72,$0,$301,$121,$0,$7,$9,$141,$442,$83,$16,$2,$42,$125,$0,$6,$1,$317,$442,$54,$22,$15,$37,$-27,$-27,$3,$-12,$-28,$63,$-28,$0,$-4,$0,$0,$0,$-0,$-33,$-1,$0,$-1,$0,$0,$0,$38,$38,$65,$3,$0
32,2010-09-30,23.9,$6.11,3.91,$5.34,4.47,$1.63,14.63,$0.64,37.35,$0.24B,$0.07B,3.4,$0.02B,$0.29B,0.06,$0.25B,$0.11B,44.05%,$0.25B,$0.05B,18.65%,$0.25B,$0.05B,18.65%,$0.25B,$0.07B,26.98%,$0.25B,$0.05B,17.86%,$0.25B,$0.03B,11.51%,$0.03B,$0.29B,11.09%,$0.03B,$0.29B,11.13%,$0.03B,$0.37B,8.68%,$0.05B,$0.30B,16.89%,$80,$40,$40,$5,$12,$59,$21,$-1,$20,$7,$13,$13,$13,$26,$21,$47,48,$0.28,$0.28,$97,$65,$0,$240,$112,$0,$0,$16,$134,$374,$71,$16,$0,$18,$89,$0,$-21,$4,$285,$374,$27,$16,$8,$24,$-24,$-18,$3,$-1,$-22,$29,$-14,$0,$-4,$0,$0,$0,$0,$-18,$-2,$0,$-2,$7,$7,$0,$-0,$4,$14,$2,$0
33,2010-06-30,15.08,$5.45,2.77,$4.65,3.24,$1.92,7.86,$0.41,36.78,$0.21B,$0.06B,3.24,$0.02B,$0.25B,0.07,$0.22B,$0.09B,40.37%,$0.22B,$0.03B,13.76%,$0.22B,$0.03B,13.76%,$0.22B,$0.05B,23.39%,$0.22B,$0.03B,12.84%,$0.22B,$0.02B,8.26%,$0.02B,$0.25B,7.10%,$0.02B,$0.25B,7.13%,$0.02B,$0.33B,5.62%,$0.03B,$0.27B,11.10%,$67,$37,$30,$5,$12,$52,$16,$-0,$15,$5,$10,$10,$10,$21,$16,$46,47,$0.22,$0.22,$91,$54,$0,$205,$106,$0,$0,$17,$129,$334,$63,$17,$0,$18,$81,$0,$-35,$-10,$252,$334,$14,$11,$1,$11,$-13,$-10,$4,$0,$-2,$23,$-9,$0,$-4,$0,$0,$0,$0,$-13,$-0,$0,$-0,$1,$1,$0,$0,$1,$8,$2,$0
34,2010-03-31,14.64,$5.47,2.68,$4.12,3.55,$1.96,7.47,$0.16,91.51,$0.19B,$0.04B,4.2,$0.02B,$0.25B,0.07,$0.19B,$0.07B,36.65%,$0.19B,$0.01B,6.81%,$0.19B,$0.01B,6.81%,$0.19B,$0.03B,17.28%,$0.19B,$0.01B,5.76%,$0.19B,$0.01B,3.66%,$0.01B,$0.25B,2.78%,$0.01B,$0.25B,2.79%,$0.01B,$0.32B,2.20%,$0.01B,$0.27B,4.84%,$51,$31,$21,$4,$11,$46,$5,$-0,$5,$2,$3,$3,$3,$11,$5,$46,47,$0.07,$0.07,$84,$52,$0,$185,$110,$0,$0,$16,$130,$315,$44,$16,$0,$19,$63,$0,$-45,$3,$252,$315,$3,$5,$-0,$5,$-1,$-3,$-0,$0,$-1,$8,$-5,$0,$-1,$0,$0,$0,$0,$-6,$1,$0,$1,$0,$0,$0,$0,$1,$1,$1,$0
35,2009-12-31,16.57,$5.57,2.97,$4.02,4.12,$2.18,7.61,$0.12,138.05,$0.18B,$0.04B,4.91,$0.02B,$0.26B,0.07,$0.19B,$0.07B,35.14%,$0.19B,$0.01B,5.41%,$0.19B,$0.01B,5.41%,$0.19B,$0.03B,15.14%,$0.19B,$0.01B,3.78%,$0.19B,$0.01B,2.70%,$0.01B,$0.26B,2.02%,$0.01B,$0.25B,2.02%,$0.01B,$0.31B,1.58%,$0.01B,$0.27B,3.77%,$54,$34,$20,$5,$10,$50,$5,$-0,$5,$2,$3,$3,$3,$10,$5,$45,47,$0.07,$0.07,$83,$53,$0,$181,$111,$0,$4,$12,$132,$313,$37,$17,$0,$19,$56,$0,$-48,$11,$257,$313,$5,$19,$10,$29,$9,$6,$-0,$1,$20,$54,$-10,$0,$0,$0,$0,$0,$-0,$-11,$-15,$0,$-15,$0,$0,$0,$3,$-12,$32,$3,$0
36,2009-09-30,15.05,$5.54,2.71,$4.11,3.66,$1.18,12.75,$0.25,60.2,$0.18B,$0.05B,3.98,$0.02B,$0.25B,0.07,$0.19B,$0.07B,38.10%,$0.19B,$0.02B,10.58%,$0.19B,$0.02B,10.58%,$0.19B,$0.04B,20.11%,$0.19B,$0.02B,8.47%,$0.19B,$0.01B,5.82%,$0.01B,$0.25B,4.50%,$0.01B,$0.25B,4.50%,$0.01B,$0.32B,3.47%,$0.02B,$0.27B,7.63%,$46,$29,$17,$5,$9,$42,$4,$-0,$3,$1,$2,$2,$2,$9,$4,$46,47,$0.05,$0.05,$76,$59,$0,$184,$115,$0,$0,$16,$135,$319,$46,$17,$0,$19,$66,$0,$-52,$13,$253,$319,$2,$14,$4,$18,$11,$3,$-1,$-0,$18,$38,$-10,$0,$0,$0,$0,$0,$0,$-10,$-5,$0,$-5,$2,$2,$0,$-1,$-4,$25,$2,$0
37,2009-06-30,10.86,$5.37,2.02,$4.47,2.43,$0.48,22.5,$0.43,25.26,$0.19B,$0.06B,3.18,$0.02B,$0.24B,0.07,$0.21B,$0.08B,40.98%,$0.21B,$0.03B,16.10%,$0.21B,$0.03B,16.10%,$0.21B,$0.05B,24.39%,$0.21B,$0.03B,14.63%,$0.21B,$0.02B,9.76%,$0.02B,$0.24B,8.39%,$0.02B,$0.24B,8.39%,$0.02B,$0.32B,6.38%,$0.03B,$0.26B,12.88%,$40,$29,$12,$5,$9,$42,$-1,$-0,$-2,$-1,$-1,$-1,$-1,$3,$-1,$45,45,$-0.03,$-0.03,$78,$62,$0,$190,$115,$0,$0,$15,$133,$323,$60,$17,$0,$19,$79,$0,$-54,$9,$244,$323,$-0,$9,$3,$12,$8,$2,$-0,$0,$12,$24,$-8,$0,$0,$0,$0,$0,$-0,$-8,$11,$0,$11,$0,$0,$0,$-1,$11,$27,$1,$0
38,2009-03-31,8.34,$5.24,1.59,$4.79,1.74,$-0.06,0.0,$0.65,12.83,$0.18B,$0.06B,3.26,$0.02B,$0.24B,0.07,$0.22B,$0.10B,44.80%,$0.22B,$0.05B,21.27%,$0.22B,$0.05B,21.27%,$0.22B,$0.06B,28.96%,$0.22B,$0.05B,20.36%,$0.22B,$0.03B,13.57%,$0.03B,$0.24B,12.85%,$0.03B,$0.24B,12.85%,$0.03B,$0.31B,9.72%,$0.05B,$0.26B,18.67%,$45,$30,$16,$4,$8,$43,$2,$-1,$1,$0,$1,$1,$1,$6,$2,$45,46,$0.03,$0.03,$72,$66,$0,$184,$113,$0,$0,$14,$130,$314,$56,$18,$0,$20,$76,$0,$-53,$2,$238,$314,$1,$4,$2,$6,$10,$1,$-1,$-2,$10,$18,$-5,$0,$0,$0,$0,$0,$0,$-5,$10,$0,$10,$0,$0,$0,$-0,$10,$20,$1,$0
39,2008-12-31,13.05,$5.41,2.41,$4.96,2.63,$-0.41,0.0,$0.80,16.31,$0.18B,$0.05B,3.69,$0.02B,$0.24B,0.07,$0.23B,$0.11B,46.72%,$0.23B,$0.06B,25.33%,$0.23B,$0.06B,25.33%,$0.23B,$0.07B,32.31%,$0.23B,$0.06B,24.45%,$0.23B,$0.04B,16.16%,$0.04B,$0.24B,16.25%,$0.04B,$0.24B,16.25%,$0.04B,$0.31B,12.25%,$0.06B,$0.26B,23.51%,$58,$32,$27,$4,$8,$43,$15,$-1,$14,$5,$9,$9,$9,$20,$15,$45,46,$0.21,$0.19,$51,$73,$0,$181,$114,$0,$0,$15,$132,$313,$49,$18,$0,$21,$70,$0,$-54,$9,$243,$313,$38,$16,$8,$24,$-8,$-22,$-2,$7,$-28,$35,$-37,$0,$0,$5,$0,$5,$0,$-32,$8,$0,$8,$0,$0,$0,$3,$10,$13,$2,$0
40,2008-09-30,19.32,$5.09,3.79,$4.90,3.94,$-0.87,0.0,$0.78,24.77,$0.17B,$0.05B,3.52,$0.02B,$0.23B,0.08,$0.23B,$0.10B,46.02%,$0.23B,$0.06B,24.34%,$0.23B,$0.06B,24.34%,$0.23B,$0.07B,30.97%,$0.23B,$0.06B,24.34%,$0.23B,$0.04B,15.93%,$0.04B,$0.23B,16.59%,$0.04B,$0.23B,16.59%,$0.04B,$0.30B,12.44%,$0.06B,$0.25B,23.26%,$62,$33,$29,$4,$10,$45,$17,$-0,$17,$5,$11,$11,$11,$21,$17,$45,46,$0.24,$0.23,$44,$73,$0,$174,$112,$0,$0,$15,$130,$304,$49,$18,$0,$26,$75,$0,$-63,$12,$228,$304,$29,$11,$3,$15,$-6,$-22,$1,$4,$-19,$25,$-29,$0,$0,$5,$0,$5,$0,$-24,$5,$0,$5,$2,$2,$0,$-1,$6,$6,$1,$0
41,2008-06-30,18.63,$5.06,3.68,$4.61,4.04,$-1.36,0.0,$0.74,25.17,$0.18B,$0.05B,3.46,$0.02B,$0.23B,0.08,$0.21B,$0.10B,45.75%,$0.21B,$0.05B,24.06%,$0.21B,$0.05B,24.06%,$0.21B,$0.07B,30.66%,$0.21B,$0.05B,24.06%,$0.21B,$0.03B,16.04%,$0.03B,$0.23B,16.43%,$0.03B,$0.23B,16.43%,$0.03B,$0.30B,12.23%,$0.05B,$0.24B,22.49%,$56,$29,$27,$4,$9,$43,$13,$0,$13,$4,$9,$9,$9,$17,$13,$44,46,$0.19,$0.19,$45,$77,$0,$176,$111,$0,$0,$13,$127,$303,$51,$19,$0,$27,$78,$0,$-74,$21,$225,$303,$18,$8,$1,$9,$-3,$-16,$-0,$1,$-14,$12,$-20,$0,$0,$5,$0,$5,$0,$-15,$9,$0,$9,$1,$1,$0,$0,$10,$7,$1,$0
42,2008-03-31,15.54,$4.87,3.19,$4.36,3.56,$-1.61,0.0,$0.69,22.52,$0.17B,$0.05B,3.64,$0.02B,$0.22B,0.09,$0.20B,$0.09B,45.00%,$0.20B,$0.05B,24.00%,$0.20B,$0.05B,24.00%,$0.20B,$0.06B,30.50%,$0.20B,$0.05B,24.00%,$0.20B,$0.03B,15.50%,$0.03B,$0.22B,15.96%,$0.03B,$0.22B,15.96%,$0.03B,$0.29B,11.82%,$0.05B,$0.24B,22.40%,$53,$28,$24,$3,$10,$40,$13,$-0,$12,$4,$8,$8,$8,$16,$13,$44,46,$0.18,$0.18,$40,$70,$0,$165,$107,$0,$0,$13,$122,$288,$45,$20,$0,$27,$72,$0,$-82,$22,$215,$288,$8,$4,$-0,$3,$-2,$-7,$1,$1,$-7,$5,$-9,$0,$0,$0,$0,$0,$0,$-8,$3,$0,$3,$0,$0,$0,$0,$4,$1,$0,$0
43,2007-12-31,19.79,$4.55,4.35,$4.13,4.79,$-1.68,0.0,$0.66,29.99,$0.16B,$0.03B,4.52,$0.02B,$0.20B,0.1,$0.19B,$0.09B,44.97%,$0.19B,$0.05B,24.34%,$0.19B,$0.05B,24.34%,$0.19B,$0.06B,31.22%,$0.19B,$0.05B,24.87%,$0.19B,$0.03B,15.87%,$0.03B,$0.20B,16.48%,$0.03B,$0.20B,16.48%,$0.03B,$0.26B,12.23%,$0.05B,$0.22B,22.77%,$55,$31,$24,$3,$10,$43,$12,$0,$13,$4,$9,$11,$8,$16,$12,$43,46,$0.19,$0.17,$45,$60,$0,$156,$96,$0,$0,$8,$108,$263,$34,$20,$0,$29,$63,$0,$-90,$15,$200,$263,$32,$12,$12,$25,$-11,$-15,$1,$-7,$-46,$11,$-34,$0,$0,$-7,$0,$-7,$-0,$-41,$-10,$0,$-10,$3,$3,$0,$-1,$-7,$-38,$1,$0
44,2007-09-30,19.47,$4.31,4.52,$4.31,4.52,$-1.20,0.0,$0.37,52.61,$0.16B,$0.04B,3.76,$0.02B,$0.19B,0.11,$0.18B,$0.08B,46.02%,$0.18B,$0.05B,25.57%,$0.18B,$0.08B,43.18%,$0.18B,$0.06B,32.39%,$0.18B,$0.08B,43.18%,$0.18B,$0.04B,22.16%,$0.04B,$0.19B,22.71%,$0.04B,$0.19B,22.71%,$0.04B,$0.26B,16.42%,$0.05B,$0.21B,23.17%,$48,$26,$22,$2,$7,$35,$13,$1,$13,$4,$10,$9,$9,$16,$13,$43,46,$0.20,$0.19,$45,$59,$0,$161,$90,$0,$0,$7,$97,$258,$43,$20,$0,$28,$71,$0,$-99,$13,$188,$258,$22,$9,$8,$17,$-10,$-15,$1,$-7,$-39,$-1,$-26,$0,$0,$0,$0,$0,$-0,$-27,$-5,$0,$-5,$2,$2,$0,$0,$-4,$-31,$1,$0
