,Date,Stock Price,Book Value per Share,Price to Book Ratio,TTM Sales per Share,Price to Sales Ratio,TTM FCF per Share,Price to FCF Ratio,TTM Net EPS,PE Ratio,Current Assets,Current Liabilities,Current Ratio,Long Term Debt,Shareholder's Equity_x,Debt to Equity Ratio,TTM Revenue_x,TTM Gross Profit,Gross Margin,TTM Revenue_y,TTM Operating Income,Operating Margin,TTM Revenue_x,TTM EBIT,EBIT Margin,TTM Revenue_y,TTM EBITDA,EBITDA Margin,TTM Revenue_x,TTM Pre-Tax Income,Pre-Tax Margin,TTM Revenue_y,TTM Net Income_x,Net Margin,TTM Net Income_y,Shareholder's Equity_y,Return on Equity,TTM Net Income_x,Tangible Equity,Return on Tangible Equity,TTM Net Income_y,Total Assets,Return on Assets,TTM Net Income,LT Investments & Debt,Return on Investment,revenue,cost-goods-sold,gross-profit,research-development-expenses,selling-general-administrative-expenses,operating-expenses,operating-income,total-non-operating-income-expense,pre-tax-income,total-provision-income-taxes,income-after-taxes,income-from-continuous-operations,net-income,ebitda,ebit,basic-shares-outstanding,shares-outstanding,eps-basic-net-earnings-per-share,eps-earnings-per-share-diluted,cash-on-hand,inventory,other-current-assets,total-current-assets,net-property-plant-equipment,long-term-investments,goodwill-intangible-assets-total,other-long-term-assets,total-long-term-assets,total-assets,total-current-liabilities,long-term-debt,other-non-current-liabilities,total-long-term-liabilities,total-liabilities,common-stock-net,retained-earnings-accumulated-deficit,comprehensive-income,total-share-holder-equity,total-liabilities-share-holders-equity,net-income-loss,total-depreciation-amortization-cash-flow,other-non-cash-items,total-non-cash-items,change-in-accounts-receivable,change-in-inventories,change-in-accounts-payable,change-in-assets-liabilities,total-change-in-assets-liabilities,cash-flow-from-operating-activities,net-change-in-property-plant-equipment,net-change-in-intangible-assets,net-acquisitions-divestitures,net-change-in-short-term-investments,net-change-in-long-term-investments,net-change-in-investments-total,investing-activities-other,cash-flow-from-investing-activities,net-long-term-debt,net-current-debt,debt-issuance-retirement-net-total,net-common-equity-issued-repurchased,net-total-equity-issued-repurchased,total-common-preferred-stock-dividends-paid,financial-activities-other,cash-flow-from-financial-activities,net-cash-flow,stock-based-compensation,common-stock-dividends-paid
0,2018-09-30,44.4,$17.37,2.56,$40.57,1.09,$-0.13,0.0,$0.99,44.85,$0.33B,$0.12B,2.79,$0.35B,$0.34B,1.01,$0.80B,$0.15B,18.08%,$0.80B,$0.05B,6.73%,$0.80B,$0.05B,6.73%,$0.80B,$0.10B,12.47%,$0.80B,$0.04B,5.36%,$0.80B,$0.02B,2.49%,$0.02B,$0.34B,5.94%,$0.02B,$0.09B,26.06%,$0.02B,$0.82B,2.49%,$0.05B,$0.69B,8.07%,$197,$162,$35,$1,$20,$182,$14,$-3,$12,$-3,$14,$14,$14,$25,$14,$20,20,$0.72,$0.71,$23,$169,$34,$329,$232,$0,$252,$7,$491,$820,$118,$345,$16,$361,$480,$0,$377,$-2,$341,$820,$31,$34,$11,$45,$-2,$-23,$-6,$-14,$-45,$31,$-43,$0,$0,$0,$0,$0,$0,$-43,$35,$0,$35,$0,$0,$-28,$-0,$7,$-6,$4,$-28
1,2018-06-30,47.08,$17.09,2.76,$39.97,1.18,$1.66,28.34,$0.86,54.75,$0.31B,$0.11B,2.75,$0.33B,$0.34B,0.99,$0.79B,$0.15B,19.14%,$0.79B,$0.06B,7.48%,$0.79B,$0.06B,7.48%,$0.79B,$0.10B,13.18%,$0.79B,$0.05B,6.08%,$0.79B,$0.02B,2.28%,$0.02B,$0.34B,5.30%,$0.02B,$0.08B,22.36%,$0.02B,$0.80B,2.27%,$0.06B,$0.67B,8.94%,$207,$170,$36,$1,$23,$194,$13,$-4,$8,$2,$6,$6,$6,$24,$13,$20,20,$0.32,$0.31,$12,$159,$30,$310,$232,$0,$259,$0,$492,$801,$113,$330,$24,$354,$466,$0,$373,$-2,$335,$801,$17,$23,$3,$26,$-8,$-13,$-0,$-9,$-31,$12,$-29,$0,$0,$0,$0,$0,$0,$-29,$20,$0,$20,$0,$0,$-19,$-0,$1,$-17,$3,$-19
2,2018-03-31,39.37,$17.21,2.29,$38.64,1.02,$2.73,14.4,$1.12,35.15,$0.33B,$0.10B,3.22,$0.35B,$0.34B,1.03,$0.76B,$0.15B,20.24%,$0.76B,$0.06B,8.41%,$0.76B,$0.06B,8.41%,$0.76B,$0.11B,14.19%,$0.76B,$0.06B,7.49%,$0.76B,$0.02B,3.02%,$0.02B,$0.34B,6.69%,$0.02B,$0.07B,20.54%,$0.02B,$0.81B,3.07%,$0.06B,$0.68B,10.22%,$205,$163,$42,$1,$23,$187,$18,$-3,$16,$5,$11,$11,$11,$30,$18,$20,20,$0.56,$0.55,$41,$154,$25,$327,$221,$0,$263,$0,$483,$810,$101,$345,$27,$372,$474,$0,$376,$-2,$336,$810,$11,$11,$1,$12,$-6,$-9,$-7,$-6,$-28,$-4,$-9,$0,$0,$0,$0,$0,$0,$-9,$35,$0,$35,$0,$0,$-9,$-0,$25,$12,$1,$-9
3,2017-12-31,45.24,$17.07,2.65,$36.64,1.23,$2.50,18.11,$1.12,40.4,$0.30B,$0.11B,2.65,$0.31B,$0.33B,0.93,$0.72B,$0.15B,20.64%,$0.72B,$0.06B,8.59%,$0.72B,$0.06B,8.59%,$0.72B,$0.10B,14.40%,$0.72B,$0.06B,7.76%,$0.72B,$0.02B,3.19%,$0.02B,$0.33B,6.63%,$0.02B,$0.07B,16.11%,$0.02B,$0.79B,3.26%,$0.06B,$0.64B,10.50%,$193,$161,$32,$1,$22,$184,$9,$-2,$7,$19,$-11,$-11,$-11,$21,$9,$19,20,$-0.58,$-0.57,$29,$146,$25,$300,$219,$0,$266,$0,$485,$785,$114,$310,$28,$338,$452,$0,$374,$-2,$334,$785,$22,$41,$14,$55,$-11,$6,$3,$5,$3,$81,$-40,$0,$-151,$0,$0,$0,$0,$-191,$125,$0,$125,$0,$0,$-37,$-1,$87,$-25,$4,$-37
4,2017-09-30,47.1,$18.12,2.6,$35.42,1.33,$5.70,8.26,$2.17,21.7,$0.31B,$0.11B,2.86,$0.30B,$0.35B,0.83,$0.70B,$0.15B,21.52%,$0.70B,$0.07B,9.90%,$0.70B,$0.07B,9.90%,$0.70B,$0.11B,15.49%,$0.70B,$0.06B,9.04%,$0.70B,$0.04B,6.17%,$0.04B,$0.35B,12.29%,$0.04B,$0.10B,24.71%,$0.04B,$0.77B,6.41%,$0.07B,$0.65B,12.27%,$184,$143,$41,$1,$21,$165,$19,$-2,$17,$6,$12,$12,$12,$29,$19,$19,20,$0.59,$0.58,$33,$149,$25,$309,$212,$0,$250,$0,$462,$771,$108,$295,$14,$309,$417,$0,$395,$-2,$354,$771,$34,$29,$3,$32,$-13,$3,$-8,$-2,$-19,$47,$-24,$0,$-125,$0,$0,$0,$0,$-149,$110,$0,$110,$0,$0,$-28,$-1,$81,$-21,$3,$-28
5,2017-06-30,41.53,$17.98,2.31,$35.55,1.17,$7.38,5.63,$2.28,18.22,$0.28B,$0.09B,3.19,$0.18B,$0.35B,0.51,$0.70B,$0.15B,21.46%,$0.70B,$0.07B,10.30%,$0.70B,$0.07B,10.30%,$0.70B,$0.11B,15.88%,$0.70B,$0.07B,9.44%,$0.70B,$0.05B,6.44%,$0.05B,$0.35B,12.94%,$0.05B,$0.20B,23.41%,$0.05B,$0.63B,7.04%,$0.07B,$0.53B,13.45%,$179,$140,$39,$1,$20,$161,$18,$-1,$17,$6,$11,$11,$11,$28,$18,$19,20,$0.58,$0.57,$33,$127,$30,$276,$207,$0,$149,$0,$356,$632,$86,$180,$14,$194,$281,$0,$392,$-2,$351,$632,$22,$19,$2,$21,$-8,$2,$-6,$-12,$-24,$19,$-15,$0,$0,$0,$0,$0,$0,$-15,$-5,$0,$-5,$0,$0,$-19,$-1,$-24,$-20,$2,$-19
6,2017-03-31,50.56,$17.89,2.83,$35.73,1.42,$8.36,6.05,$2.32,21.79,$0.28B,$0.09B,3.27,$0.19B,$0.35B,0.54,$0.70B,$0.15B,20.94%,$0.70B,$0.07B,10.40%,$0.70B,$0.07B,10.40%,$0.70B,$0.11B,15.95%,$0.70B,$0.07B,9.40%,$0.70B,$0.05B,6.55%,$0.05B,$0.35B,13.33%,$0.05B,$0.20B,25.03%,$0.05B,$0.64B,7.08%,$0.07B,$0.54B,13.43%,$166,$129,$37,$1,$19,$150,$16,$-1,$15,$4,$11,$11,$11,$26,$16,$19,20,$0.56,$0.55,$30,$137,$28,$280,$206,$0,$151,$0,$358,$638,$86,$189,$15,$204,$289,$0,$391,$-1,$348,$638,$11,$10,$1,$10,$-7,$-9,$-6,$-10,$-32,$-11,$-8,$0,$0,$0,$0,$0,$0,$-8,$4,$0,$4,$0,$0,$-9,$-0,$-6,$-24,$1,$-9
7,2016-12-31,48.52,$17.85,2.72,$37.06,1.31,$8.72,5.57,$2.43,19.97,$0.28B,$0.10B,2.98,$0.19B,$0.35B,0.53,$0.73B,$0.15B,20.80%,$0.73B,$0.08B,10.74%,$0.73B,$0.08B,10.74%,$0.73B,$0.12B,16.12%,$0.73B,$0.07B,9.78%,$0.73B,$0.05B,6.61%,$0.05B,$0.35B,14.04%,$0.05B,$0.19B,27.39%,$0.05B,$0.64B,7.28%,$0.08B,$0.53B,14.18%,$168,$135,$33,$1,$16,$151,$16,$-3,$14,$4,$9,$9,$9,$25,$16,$19,20,$0.48,$0.48,$53,$128,$24,$283,$205,$0,$154,$0,$360,$643,$95,$185,$16,$201,$296,$0,$389,$-1,$347,$643,$48,$38,$12,$51,$2,$44,$15,$-20,$41,$139,$-37,$0,$0,$0,$0,$0,$0,$-37,$-28,$0,$-28,$0,$0,$-37,$-2,$-67,$36,$3,$-37
8,2016-09-30,35.89,$17.78,2.02,$36.89,0.97,$6.79,5.29,$1.72,20.87,$0.27B,$0.09B,3.22,$0.20B,$0.35B,0.57,$0.73B,$0.14B,19.62%,$0.73B,$0.06B,7.96%,$0.73B,$0.06B,7.96%,$0.73B,$0.10B,13.31%,$0.73B,$0.05B,7.00%,$0.73B,$0.03B,4.66%,$0.03B,$0.35B,10.04%,$0.03B,$0.18B,20.45%,$0.03B,$0.65B,5.10%,$0.06B,$0.54B,10.50%,$186,$145,$41,$1,$18,$164,$22,$-2,$20,$6,$14,$14,$14,$32,$22,$19,20,$0.70,$0.69,$33,$139,$21,$273,$203,$0,$169,$0,$371,$645,$85,$195,$19,$215,$299,$0,$389,$-3,$345,$645,$39,$29,$3,$32,$-0,$33,$-3,$-19,$11,$82,$-26,$0,$0,$0,$0,$0,$0,$-26,$-13,$0,$-13,$0,$0,$-28,$-1,$-42,$15,$2,$-28
9,2016-06-30,38.36,$17.49,2.19,$37.58,1.02,$6.69,5.73,$1.31,29.28,$0.30B,$0.09B,3.42,$0.23B,$0.34B,0.66,$0.74B,$0.14B,18.71%,$0.74B,$0.05B,6.59%,$0.74B,$0.05B,6.59%,$0.74B,$0.09B,11.71%,$0.74B,$0.04B,5.25%,$0.74B,$0.03B,3.36%,$0.03B,$0.34B,7.40%,$0.03B,$0.17B,14.71%,$0.03B,$0.67B,3.61%,$0.05B,$0.57B,8.55%,$182,$146,$36,$1,$16,$162,$19,$-2,$17,$5,$12,$12,$12,$29,$19,$19,20,$0.62,$0.61,$39,$156,$18,$298,$202,$0,$172,$0,$374,$672,$87,$225,$20,$245,$332,$0,$385,$-3,$340,$672,$25,$19,$2,$21,$-5,$16,$2,$-17,$-3,$42,$-19,$0,$0,$0,$0,$0,$0,$-19,$17,$0,$17,$0,$0,$-19,$-1,$-2,$21,$1,$-19
10,2016-03-31,27.73,$17.39,1.59,$38.79,0.71,$7.48,3.71,$1.35,20.54,$0.31B,$0.09B,3.26,$0.23B,$0.34B,0.67,$0.78B,$0.14B,18.51%,$0.78B,$0.05B,6.56%,$0.78B,$0.05B,6.56%,$0.78B,$0.09B,11.57%,$0.78B,$0.04B,5.40%,$0.78B,$0.03B,3.47%,$0.03B,$0.34B,7.74%,$0.03B,$0.16B,14.52%,$0.03B,$0.68B,3.79%,$0.05B,$0.56B,8.67%,$190,$149,$41,$1,$18,$168,$21,$-2,$20,$7,$13,$13,$13,$31,$21,$19,19,$0.67,$0.66,$15,$167,$31,$305,$199,$0,$173,$0,$373,$678,$94,$226,$22,$248,$342,$0,$382,$-3,$336,$678,$13,$9,$0,$9,$-12,$6,$6,$-26,$-25,$-3,$-8,$0,$0,$0,$0,$0,$0,$-8,$18,$0,$18,$0,$0,$-9,$-0,$8,$-2,$0,$-9
11,2015-12-31,25.59,$17.28,1.48,$38.41,0.67,$7.87,3.25,$1.24,20.64,$0.29B,$0.10B,2.82,$0.21B,$0.33B,0.63,$0.79B,$0.14B,18.23%,$0.79B,$0.05B,6.46%,$0.79B,$0.05B,6.46%,$0.79B,$0.09B,11.39%,$0.79B,$0.04B,5.06%,$0.79B,$0.03B,3.29%,$0.03B,$0.33B,6.98%,$0.03B,$0.16B,12.14%,$0.03B,$0.67B,3.56%,$0.05B,$0.54B,8.42%,$171,$146,$25,$1,$27,$174,$-4,$-2,$-6,$-1,$-5,$-5,$-5,$5,$-4,$20,20,$-0.19,$-0.19,$18,$173,$24,$294,$199,$0,$176,$0,$376,$670,$104,$209,$23,$232,$336,$0,$378,$-3,$333,$670,$26,$39,$-30,$9,$11,$12,$-16,$57,$63,$99,$-32,$0,$0,$0,$0,$0,$0,$-32,$77,$0,$77,$-125,$-125,$-39,$0,$-86,$-18,$7,$-39
12,2015-09-30,34.45,$17.80,1.94,$38.81,0.89,$9.03,3.82,$2.00,17.23,$0.40B,$0.09B,4.66,$0.28B,$0.34B,0.82,$0.81B,$0.16B,19.80%,$0.81B,$0.08B,9.59%,$0.81B,$0.08B,9.59%,$0.81B,$0.12B,14.39%,$0.81B,$0.06B,7.87%,$0.81B,$0.04B,5.17%,$0.04B,$0.34B,10.36%,$0.04B,$0.19B,16.72%,$0.04B,$0.75B,5.64%,$0.08B,$0.62B,12.60%,$200,$162,$37,$1,$23,$187,$13,$-4,$8,$3,$5,$5,$5,$22,$13,$19,20,$0.28,$0.28,$86,$170,$48,$404,$197,$0,$150,$0,$348,$752,$87,$282,$41,$323,$409,$0,$392,$-3,$342,$752,$31,$30,$2,$33,$-10,$15,$-11,$18,$12,$76,$-22,$0,$0,$0,$0,$0,$0,$-22,$150,$0,$150,$-125,$-125,$-29,$0,$-4,$50,$2,$-29
13,2015-06-30,45.33,$19.23,2.36,$38.09,1.19,$10.30,4.4,$2.55,17.78,$0.40B,$0.09B,4.63,$0.24B,$0.39B,0.62,$0.82B,$0.18B,21.29%,$0.82B,$0.10B,11.56%,$0.82B,$0.10B,11.56%,$0.82B,$0.14B,16.42%,$0.82B,$0.08B,10.10%,$0.82B,$0.06B,6.69%,$0.06B,$0.39B,12.52%,$0.06B,$0.23B,19.38%,$0.06B,$0.75B,7.41%,$0.10B,$0.63B,15.48%,$217,$176,$41,$1,$19,$196,$21,$-2,$20,$6,$14,$14,$14,$32,$21,$20,21,$0.66,$0.65,$80,$175,$46,$403,$197,$0,$153,$0,$350,$753,$87,$240,$41,$281,$368,$0,$396,$-3,$385,$753,$26,$21,$2,$23,$-11,$10,$-4,$13,$7,$55,$-14,$0,$0,$0,$0,$0,$0,$-14,$108,$0,$108,$-86,$-86,$-20,$1,$3,$44,$2,$-20
14,2015-03-31,48.07,$20.61,2.33,$37.47,1.28,$10.71,4.49,$2.83,16.99,$0.40B,$0.08B,5.29,$0.20B,$0.43B,0.47,$0.83B,$0.19B,22.67%,$0.83B,$0.11B,12.85%,$0.83B,$0.11B,12.85%,$0.83B,$0.14B,17.45%,$0.83B,$0.10B,11.52%,$0.83B,$0.06B,7.52%,$0.06B,$0.43B,13.42%,$0.06B,$0.28B,20.28%,$0.06B,$0.75B,8.40%,$0.11B,$0.63B,17.38%,$202,$161,$41,$1,$18,$180,$21,$-3,$18,$6,$12,$12,$12,$31,$21,$21,22,$0.56,$0.55,$57,$176,$63,$397,$197,$0,$155,$0,$351,$748,$75,$201,$41,$242,$317,$0,$392,$-3,$431,$748,$12,$10,$0,$10,$-10,$8,$-17,$-2,$-20,$2,$-6,$0,$0,$0,$0,$0,$0,$-6,$69,$0,$69,$-34,$-34,$-10,$0,$25,$21,$0,$-10
15,2014-12-31,49.47,$21.56,2.29,$37.82,1.31,$12.12,4.08,$2.92,16.94,$0.37B,$0.09B,4.04,$0.13B,$0.46B,0.29,$0.84B,$0.19B,22.41%,$0.84B,$0.11B,12.75%,$0.84B,$0.11B,12.75%,$0.84B,$0.14B,17.16%,$0.84B,$0.10B,11.56%,$0.84B,$0.06B,7.63%,$0.06B,$0.46B,13.57%,$0.06B,$0.31B,20.33%,$0.06B,$0.73B,8.67%,$0.11B,$0.60B,17.62%,$194,$152,$42,$1,$18,$172,$23,$-5,$18,$7,$11,$11,$11,$32,$23,$22,22,$0.53,$0.51,$36,$185,$60,$372,$199,$0,$158,$0,$357,$728,$92,$132,$41,$173,$265,$0,$391,$-3,$463,$728,$64,$36,$6,$42,$-2,$-3,$14,$11,$20,$127,$-28,$-1,$0,$0,$0,$0,$0,$-29,$-27,$0,$-27,$-30,$-30,$-38,$1,$-94,$3,$3,$-38
16,2014-09-30,46.23,$21.98,2.1,$37.83,1.22,$10.26,4.51,$3.05,15.16,$0.38B,$0.09B,4.29,$0.12B,$0.48B,0.26,$0.84B,$0.19B,22.33%,$0.84B,$0.11B,12.71%,$0.84B,$0.11B,12.71%,$0.84B,$0.14B,16.98%,$0.84B,$0.10B,12.11%,$0.84B,$0.07B,8.08%,$0.07B,$0.48B,14.41%,$0.07B,$0.32B,21.62%,$0.07B,$0.74B,9.15%,$0.11B,$0.60B,17.43%,$209,$158,$51,$1,$19,$178,$30,$-3,$27,$9,$18,$18,$18,$40,$30,$22,22,$0.84,$0.83,$45,$164,$78,$382,$200,$0,$156,$0,$356,$738,$89,$124,$47,$171,$260,$0,$390,$-1,$478,$738,$53,$27,$3,$30,$-6,$18,$5,$11,$27,$110,$-21,$-0,$0,$0,$0,$0,$0,$-21,$-35,$0,$-35,$-14,$-14,$-28,$1,$-76,$12,$3,$-28
17,2014-06-30,47.92,$21.80,2.2,$38.24,1.25,$8.19,5.85,$2.71,17.68,$0.38B,$0.08B,4.81,$0.14B,$0.48B,0.28,$0.85B,$0.18B,20.63%,$0.85B,$0.10B,11.49%,$0.85B,$0.10B,11.49%,$0.85B,$0.13B,15.59%,$0.85B,$0.09B,10.90%,$0.85B,$0.06B,7.15%,$0.06B,$0.48B,13.06%,$0.06B,$0.32B,19.71%,$0.06B,$0.74B,8.23%,$0.10B,$0.61B,15.86%,$220,$167,$53,$1,$20,$188,$32,$-0,$32,$11,$21,$21,$21,$41,$32,$22,22,$0.94,$0.93,$38,$164,$69,$380,$202,$0,$156,$0,$358,$738,$79,$135,$47,$182,$261,$0,$382,$-2,$476,$738,$35,$18,$2,$20,$-19,$17,$-1,$17,$14,$68,$-15,$0,$0,$0,$0,$0,$0,$-15,$-24,$0,$-24,$-6,$-6,$-18,$0,$-48,$6,$2,$-18
18,2014-03-31,46.86,$21.42,2.19,$37.93,1.24,$7.04,6.65,$2.30,20.37,$0.39B,$0.08B,4.81,$0.15B,$0.47B,0.32,$0.85B,$0.16B,19.39%,$0.85B,$0.09B,10.40%,$0.85B,$0.09B,10.40%,$0.85B,$0.12B,14.66%,$0.85B,$0.08B,9.34%,$0.85B,$0.05B,6.15%,$0.05B,$0.47B,11.26%,$0.05B,$0.31B,17.13%,$0.05B,$0.75B,7.04%,$0.09B,$0.62B,14.20%,$216,$174,$42,$1,$19,$194,$22,$-2,$20,$6,$14,$14,$14,$31,$22,$22,22,$0.65,$0.64,$43,$165,$75,$391,$201,$0,$158,$0,$359,$750,$81,$151,$48,$199,$280,$0,$370,$-1,$470,$750,$14,$9,$1,$10,$-19,$16,$1,$11,$10,$34,$-6,$0,$0,$0,$0,$0,$0,$-6,$-8,$0,$-8,$-0,$-0,$-9,$0,$-17,$11,$1,$-9
19,2013-12-31,39.82,$21.17,1.88,$37.80,1.05,$7.07,5.63,$2.21,18.02,$0.39B,$0.08B,4.97,$0.16B,$0.46B,0.34,$0.84B,$0.16B,18.84%,$0.84B,$0.08B,9.95%,$0.84B,$0.08B,9.95%,$0.84B,$0.12B,14.22%,$0.84B,$0.08B,9.00%,$0.84B,$0.05B,5.92%,$0.05B,$0.46B,10.95%,$0.05B,$0.30B,16.78%,$0.05B,$0.75B,6.84%,$0.08B,$0.62B,13.68%,$197,$155,$42,$2,$17,$173,$23,$-0,$23,$8,$15,$15,$15,$31,$23,$22,22,$0.66,$0.65,$33,$181,$82,$385,$202,$0,$159,$0,$361,$746,$77,$159,$46,$205,$282,$0,$365,$-2,$463,$746,$50,$36,$4,$40,$6,$-18,$2,$13,$2,$92,$-33,$0,$-4,$0,$0,$0,$0,$-38,$-13,$0,$-13,$-6,$-6,$-32,$3,$-48,$6,$2,$-32
20,2013-09-30,42.89,$20.90,2.05,$38.30,1.12,$7.47,5.74,$2.16,19.86,$0.37B,$0.08B,4.8,$0.16B,$0.46B,0.34,$0.86B,$0.15B,17.87%,$0.86B,$0.08B,9.58%,$0.86B,$0.08B,9.58%,$0.86B,$0.12B,14.14%,$0.86B,$0.07B,8.41%,$0.86B,$0.05B,5.61%,$0.05B,$0.46B,10.63%,$0.05B,$0.30B,16.37%,$0.05B,$0.73B,6.58%,$0.08B,$0.62B,13.38%,$220,$181,$39,$1,$17,$199,$21,$-2,$18,$7,$11,$11,$11,$30,$21,$22,22,$0.50,$0.49,$36,$158,$78,$371,$202,$0,$157,$0,$359,$730,$77,$158,$35,$193,$271,$0,$359,$-4,$459,$730,$35,$28,$2,$31,$-5,$5,$7,$2,$9,$74,$-30,$0,$0,$0,$0,$0,$0,$-30,$-14,$0,$-14,$0,$0,$-23,$2,$-35,$9,$2,$-23
21,2013-06-30,38.07,$20.72,1.84,$37.83,1.01,$9.28,4.1,$2.41,15.8,$0.37B,$0.08B,4.97,$0.16B,$0.46B,0.36,$0.85B,$0.16B,18.54%,$0.85B,$0.09B,10.15%,$0.85B,$0.09B,10.15%,$0.85B,$0.13B,14.88%,$0.85B,$0.08B,9.33%,$0.85B,$0.05B,6.38%,$0.05B,$0.46B,12.09%,$0.05B,$0.30B,18.27%,$0.05B,$0.73B,7.54%,$0.09B,$0.62B,14.42%,$213,$172,$41,$1,$18,$191,$22,$-5,$18,$6,$12,$12,$12,$32,$22,$22,22,$0.53,$0.52,$32,$154,$85,$373,$197,$0,$159,$0,$356,$729,$75,$164,$35,$199,$274,$0,$355,$-4,$455,$729,$24,$19,$3,$22,$-8,$9,$4,$-8,$-2,$44,$-16,$0,$0,$0,$0,$0,$0,$-16,$-8,$0,$-8,$0,$0,$-15,$1,$-22,$6,$2,$-15
22,2013-03-31,43.77,$20.44,2.14,$37.71,1.16,$10.80,4.05,$2.62,16.71,$0.36B,$0.09B,4.25,$0.15B,$0.45B,0.33,$0.85B,$0.16B,18.63%,$0.85B,$0.09B,10.61%,$0.85B,$0.09B,10.61%,$0.85B,$0.13B,15.57%,$0.85B,$0.09B,10.14%,$0.85B,$0.06B,6.84%,$0.06B,$0.45B,13.18%,$0.06B,$0.29B,19.32%,$0.06B,$0.72B,8.22%,$0.09B,$0.60B,15.49%,$214,$177,$37,$1,$18,$197,$18,$-1,$17,$5,$12,$12,$12,$27,$18,$22,22,$0.56,$0.55,$26,$140,$87,$363,$197,$0,$159,$0,$356,$719,$85,$150,$35,$185,$270,$0,$352,$-6,$449,$719,$12,$10,$3,$12,$-16,$23,$10,$-6,$11,$36,$-7,$0,$0,$0,$0,$0,$0,$-7,$-22,$0,$-22,$-0,$-0,$-8,$1,$-29,$-1,$1,$-8
23,2012-12-31,37.03,$20.35,1.82,$38.16,0.97,$10.63,3.48,$3.29,11.25,$0.38B,$0.09B,4.44,$0.17B,$0.44B,0.39,$0.86B,$0.18B,20.53%,$0.86B,$0.11B,12.76%,$0.86B,$0.11B,12.76%,$0.86B,$0.15B,17.87%,$0.86B,$0.11B,12.30%,$0.86B,$0.07B,8.58%,$0.07B,$0.44B,17.14%,$0.07B,$0.29B,24.42%,$0.07B,$0.74B,10.60%,$0.11B,$0.62B,19.19%,$209,$172,$36,$1,$15,$188,$21,$-2,$19,$6,$13,$13,$13,$32,$21,$22,22,$0.60,$0.61,$27,$163,$100,$384,$196,$0,$159,$0,$355,$739,$86,$172,$36,$208,$294,$0,$347,$-6,$444,$739,$74,$43,$2,$45,$13,$12,$2,$-46,$-19,$101,$-33,$0,$-72,$0,$0,$0,$0,$-105,$24,$0,$24,$-7,$-7,$-25,$2,$-5,$-8,$2,$-25
24,2012-09-30,38.32,$20.21,1.9,$38.13,1.0,$8.16,4.69,$3.62,10.59,$0.36B,$0.09B,4.11,$0.11B,$0.44B,0.26,$0.86B,$0.19B,22.16%,$0.86B,$0.12B,13.81%,$0.86B,$0.12B,13.81%,$0.86B,$0.16B,19.03%,$0.86B,$0.12B,13.57%,$0.86B,$0.08B,9.51%,$0.08B,$0.44B,19.57%,$0.08B,$0.31B,27.22%,$0.08B,$0.68B,11.97%,$0.12B,$0.55B,21.46%,$211,$168,$43,$1,$17,$187,$25,$0,$25,$8,$17,$17,$17,$35,$25,$22,23,$0.77,$0.74,$37,$154,$78,$363,$186,$0,$128,$0,$314,$677,$88,$113,$37,$150,$238,$0,$341,$-4,$439,$677,$61,$33,$2,$34,$11,$18,$3,$-26,$6,$101,$-16,$0,$-27,$0,$0,$0,$0,$-43,$-35,$0,$-35,$-7,$-7,$-17,$3,$-56,$1,$3,$-17
25,2012-06-30,44.41,$19.60,2.27,$37.71,1.18,$6.53,6.8,$3.72,11.94,$0.39B,$0.09B,4.29,$0.13B,$0.43B,0.3,$0.85B,$0.20B,23.09%,$0.85B,$0.13B,14.89%,$0.85B,$0.13B,14.89%,$0.85B,$0.17B,20.40%,$0.85B,$0.12B,14.30%,$0.85B,$0.08B,9.85%,$0.08B,$0.43B,20.80%,$0.08B,$0.32B,28.55%,$0.08B,$0.69B,12.25%,$0.13B,$0.56B,23.29%,$214,$172,$42,$1,$15,$188,$26,$-1,$25,$8,$17,$17,$16,$38,$26,$22,23,$0.76,$0.73,$70,$153,$73,$394,$179,$0,$113,$0,$292,$686,$92,$129,$38,$167,$258,$0,$324,$-4,$428,$686,$44,$22,$2,$24,$6,$17,$8,$-26,$5,$73,$-10,$0,$0,$0,$0,$0,$0,$-10,$-19,$0,$-19,$0,$0,$-11,$2,$-28,$35,$2,$-11
26,2012-03-31,39.21,$19.07,2.06,$37.18,1.05,$5.05,7.77,$3.91,10.03,$0.39B,$0.09B,4.6,$0.15B,$0.42B,0.37,$0.84B,$0.20B,24.26%,$0.84B,$0.13B,15.93%,$0.84B,$0.13B,15.93%,$0.84B,$0.18B,21.28%,$0.84B,$0.13B,15.22%,$0.84B,$0.09B,10.58%,$0.09B,$0.42B,22.86%,$0.09B,$0.30B,31.34%,$0.09B,$0.69B,13.09%,$0.13B,$0.57B,25.14%,$228,$172,$56,$1,$17,$190,$38,$-1,$37,$9,$28,$28,$28,$49,$38,$22,23,$1.27,$1.22,$61,$150,$55,$392,$184,$0,$115,$0,$299,$691,$85,$152,$38,$190,$275,$0,$314,$-5,$416,$691,$28,$10,$1,$11,$-22,$20,$-3,$-4,$-9,$30,$-5,$0,$0,$0,$0,$0,$0,$-5,$4,$0,$4,$0,$0,$-5,$2,$1,$25,$1,$-5
27,2011-12-31,37.8,$18.19,2.08,$35.87,1.05,$5.02,7.53,$3.84,9.84,$0.39B,$0.11B,3.55,$0.15B,$0.39B,0.38,$0.81B,$0.21B,25.28%,$0.81B,$0.14B,16.89%,$0.81B,$0.14B,16.89%,$0.81B,$0.18B,22.32%,$0.81B,$0.13B,16.03%,$0.81B,$0.09B,10.73%,$0.09B,$0.39B,23.29%,$0.09B,$0.28B,31.90%,$0.09B,$0.69B,13.04%,$0.14B,$0.54B,26.65%,$209,$160,$50,$1,$18,$179,$30,$-0,$30,$9,$21,$21,$21,$42,$30,$22,23,$0.98,$0.92,$35,$170,$75,$385,$187,$0,$115,$0,$302,$687,$108,$148,$38,$186,$294,$0,$292,$-5,$393,$687,$87,$44,$11,$56,$-28,$-45,$-6,$-17,$-96,$46,$-34,$0,$-21,$0,$0,$0,$0,$-55,$3,$0,$3,$-6,$-6,$-20,$3,$-20,$-28,$6,$-20
28,2011-09-30,30.87,$17.49,1.76,$35.20,0.88,$6.49,4.76,$3.77,8.19,$0.40B,$0.13B,2.99,$0.14B,$0.38B,0.36,$0.79B,$0.20B,25.69%,$0.79B,$0.14B,17.38%,$0.79B,$0.14B,17.38%,$0.79B,$0.18B,22.92%,$0.79B,$0.13B,16.25%,$0.79B,$0.09B,10.71%,$0.09B,$0.38B,23.74%,$0.09B,$0.28B,32.50%,$0.09B,$0.68B,13.03%,$0.14B,$0.52B,27.72%,$202,$153,$49,$1,$15,$169,$33,$-3,$30,$11,$19,$19,$19,$45,$33,$22,23,$0.87,$0.84,$86,$158,$66,$396,$188,$0,$95,$0,$283,$679,$132,$137,$31,$168,$301,$0,$277,$-3,$378,$679,$66,$33,$12,$45,$-11,$-35,$-0,$11,$-35,$75,$-27,$0,$0,$0,$0,$0,$0,$-27,$-8,$0,$-8,$-6,$-6,$-15,$2,$-26,$22,$5,$-15
29,2011-06-30,37.59,$17.24,2.18,$34.12,1.1,$4.88,7.7,$2.83,13.28,$0.38B,$0.13B,3.0,$0.14B,$0.37B,0.37,$0.76B,$0.18B,23.65%,$0.76B,$0.12B,15.11%,$0.76B,$0.12B,15.11%,$0.76B,$0.17B,21.81%,$0.76B,$0.09B,12.35%,$0.76B,$0.06B,8.41%,$0.06B,$0.37B,18.66%,$0.06B,$0.27B,26.07%,$0.06B,$0.66B,10.04%,$0.12B,$0.51B,23.47%,$202,$152,$49,$1,$16,$169,$33,$-1,$31,$11,$21,$21,$21,$43,$33,$22,23,$0.95,$0.92,$80,$148,$68,$378,$189,$0,$96,$0,$285,$662,$126,$138,$29,$167,$292,$0,$263,$-3,$370,$662,$47,$21,$8,$29,$-8,$-25,$6,$-3,$-30,$46,$-17,$0,$0,$0,$0,$0,$0,$-17,$-7,$0,$-7,$0,$0,$-9,$2,$-13,$16,$4,$-9
30,2011-03-31,35.32,$16.29,2.17,$33.46,1.06,$3.48,10.16,$2.70,13.08,$0.35B,$0.12B,2.93,$0.14B,$0.35B,0.39,$0.74B,$0.18B,23.96%,$0.74B,$0.12B,15.48%,$0.74B,$0.12B,15.48%,$0.74B,$0.17B,22.75%,$0.74B,$0.09B,12.11%,$0.74B,$0.06B,8.21%,$0.06B,$0.35B,18.47%,$0.06B,$0.26B,26.35%,$0.06B,$0.64B,9.75%,$0.12B,$0.49B,23.46%,$198,$140,$57,$1,$16,$157,$41,$-2,$39,$13,$26,$26,$26,$51,$41,$22,23,$1.19,$1.15,$81,$114,$73,$354,$189,$0,$97,$0,$286,$641,$121,$139,$27,$166,$287,$0,$248,$-2,$353,$641,$26,$10,$5,$15,$-12,$9,$-1,$-6,$-10,$31,$-7,$0,$0,$0,$0,$0,$0,$-7,$-6,$0,$-6,$0,$0,$-4,$2,$-7,$17,$2,$-4
31,2010-12-31,27.5,$15.41,1.78,$32.34,0.85,$1.78,15.41,$2.02,13.61,$0.34B,$0.13B,2.67,$0.15B,$0.33B,0.44,$0.71B,$0.16B,22.13%,$0.71B,$0.10B,13.45%,$0.71B,$0.10B,13.45%,$0.71B,$0.15B,21.43%,$0.71B,$0.07B,9.38%,$0.71B,$0.05B,6.30%,$0.05B,$0.33B,14.16%,$0.05B,$0.23B,20.67%,$0.05B,$0.63B,7.16%,$0.10B,$0.48B,19.57%,$192,$144,$49,$1,$17,$161,$31,$-2,$29,$10,$19,$19,$19,$43,$31,$21,22,$0.91,$0.86,$64,$123,$76,$337,$192,$0,$97,$0,$289,$627,$126,$145,$25,$170,$296,$0,$228,$-3,$331,$627,$45,$57,$-4,$53,$-18,$-10,$17,$-11,$-22,$76,$-31,$0,$0,$0,$0,$0,$0,$-31,$-97,$0,$-97,$0,$0,$-15,$-2,$-114,$-69,$5,$-15
32,2010-09-30,25.1,$14.83,1.69,$30.44,0.82,$6.81,3.68,$1.39,18.06,$0.33B,$0.11B,3.05,$0.17B,$0.32B,0.52,$0.67B,$0.14B,20.63%,$0.67B,$0.08B,11.51%,$0.67B,$0.08B,11.51%,$0.67B,$0.14B,20.18%,$0.67B,$0.04B,6.58%,$0.67B,$0.03B,3.89%,$0.03B,$0.32B,8.42%,$0.03B,$0.22B,12.55%,$0.03B,$0.62B,4.08%,$0.08B,$0.48B,15.19%,$169,$144,$25,$1,$14,$159,$10,$-16,$-5,$-3,$-2,$-2,$-2,$29,$10,$21,21,$-0.10,$-0.10,$55,$126,$75,$329,$193,$0,$99,$0,$292,$621,$108,$166,$29,$195,$303,$0,$216,$-3,$318,$621,$26,$45,$-6,$38,$-16,$-12,$7,$-9,$-31,$34,$-22,$0,$0,$0,$0,$0,$0,$-22,$-76,$0,$-76,$0,$0,$-11,$-2,$-89,$-78,$4,$-11
33,2010-06-30,19.65,$14.88,1.32,$29.89,0.66,$12.77,1.54,$2.18,9.02,$0.32B,$0.07B,4.85,$0.19B,$0.32B,0.6,$0.66B,$0.16B,24.32%,$0.66B,$0.10B,14.35%,$0.66B,$0.10B,14.35%,$0.66B,$0.15B,22.51%,$0.66B,$0.07B,10.88%,$0.66B,$0.04B,6.50%,$0.04B,$0.32B,14.16%,$0.04B,$0.22B,21.42%,$0.04B,$0.61B,6.67%,$0.10B,$0.51B,18.21%,$184,$137,$47,$1,$14,$151,$33,$-6,$27,$9,$18,$18,$18,$46,$33,$21,22,$0.82,$0.79,$67,$115,$54,$315,$197,$0,$101,$0,$298,$613,$65,$190,$39,$229,$294,$0,$218,$-2,$319,$613,$28,$26,$2,$29,$-22,$-2,$2,$-22,$-44,$13,$-15,$0,$0,$0,$0,$0,$0,$-15,$-56,$0,$-56,$0,$0,$-7,$1,$-63,$-65,$2,$-7
34,2010-03-31,20.9,$14.17,1.47,$29.28,0.71,$17.88,1.17,$2.20,9.5,$0.35B,$0.12B,2.94,$0.19B,$0.30B,0.63,$0.65B,$0.16B,25.27%,$0.65B,$0.09B,14.42%,$0.65B,$0.09B,14.42%,$0.65B,$0.15B,22.95%,$0.65B,$0.07B,11.32%,$0.65B,$0.04B,6.67%,$0.04B,$0.30B,14.56%,$0.04B,$0.20B,22.51%,$0.04B,$0.65B,6.60%,$0.09B,$0.49B,17.64%,$169,$132,$37,$1,$15,$147,$22,$-6,$16,$6,$10,$10,$10,$35,$22,$21,22,$0.48,$0.47,$116,$115,$48,$350,$200,$0,$102,$0,$302,$652,$119,$190,$39,$229,$348,$0,$204,$-2,$303,$652,$10,$13,$1,$14,$-15,$-1,$3,$-18,$-31,$-7,$-7,$0,$0,$0,$0,$0,$0,$-7,$0,$0,$0,$0,$0,$-4,$1,$-3,$-17,$1,$-4
35,2009-12-31,17.08,$13.85,1.23,$30.44,0.56,$21.67,0.79,$3.12,5.48,$0.35B,$0.08B,4.37,$0.25B,$0.30B,0.83,$0.67B,$0.20B,29.39%,$0.67B,$0.13B,18.89%,$0.67B,$0.13B,18.89%,$0.67B,$0.18B,27.14%,$0.67B,$0.10B,15.59%,$0.67B,$0.06B,9.45%,$0.06B,$0.30B,21.95%,$0.06B,$0.19B,34.66%,$0.06B,$0.66B,9.46%,$0.13B,$0.54B,23.39%,$147,$118,$29,$0,$17,$136,$12,$-6,$6,$6,$0,$0,$0,$25,$12,$21,22,$0.00,$-0.02,$134,$114,$50,$354,$205,$0,$104,$0,$308,$662,$81,$246,$40,$286,$367,$0,$198,$-2,$295,$662,$63,$54,$1,$55,$23,$32,$-5,$6,$56,$174,$-20,$0,$0,$0,$0,$0,$0,$-20,$-133,$0,$-133,$1,$1,$-14,$-1,$-147,$7,$3,$-14
36,2009-09-30,13.64,$13.97,0.98,$33.70,0.4,$20.36,0.67,$5.29,2.58,$0.34B,$0.07B,4.82,$0.25B,$0.30B,0.83,$0.74B,$0.26B,34.78%,$0.74B,$0.19B,25.41%,$0.74B,$0.19B,25.41%,$0.74B,$0.24B,32.74%,$0.74B,$0.16B,21.60%,$0.74B,$0.12B,16.58%,$0.12B,$0.30B,44.53%,$0.12B,$0.19B,72.73%,$0.12B,$0.65B,17.88%,$0.19B,$0.54B,34.52%,$162,$114,$48,$0,$19,$133,$28,$-6,$23,$8,$15,$15,$15,$43,$28,$21,22,$0.71,$0.69,$126,$104,$42,$339,$210,$0,$104,$0,$314,$653,$70,$246,$39,$285,$355,$0,$201,$-2,$298,$653,$63,$41,$3,$44,$13,$41,$-3,$-1,$49,$156,$-13,$0,$0,$0,$0,$0,$0,$-13,$-133,$0,$-133,$1,$1,$-11,$-1,$-144,$-1,$2,$-11
37,2009-06-30,12.33,$13.39,0.92,$39.62,0.31,$19.24,0.64,$8.24,1.5,$0.32B,$0.07B,4.59,$0.25B,$0.29B,0.86,$0.87B,$0.34B,38.68%,$0.87B,$0.27B,31.41%,$0.87B,$0.27B,31.41%,$0.87B,$0.33B,37.53%,$0.87B,$0.24B,27.83%,$0.87B,$0.19B,21.59%,$0.19B,$0.29B,75.71%,$0.19B,$0.18B,132.86%,$0.19B,$0.64B,26.76%,$0.27B,$0.53B,50.82%,$167,$117,$49,$1,$17,$135,$31,$-3,$28,$11,$18,$18,$18,$45,$31,$21,22,$0.83,$0.81,$95,$114,$39,$315,$217,$0,$106,$0,$322,$638,$69,$246,$38,$284,$353,$0,$190,$-2,$285,$638,$48,$26,$1,$27,$13,$31,$-7,$5,$42,$117,$-8,$0,$0,$0,$0,$0,$0,$-8,$-133,$0,$-133,$1,$1,$-7,$-1,$-141,$-32,$1,$-7
38,2009-03-31,8.12,$12.73,0.64,$44.18,0.18,$15.86,0.51,$10.17,0.8,$0.38B,$0.14B,2.81,$0.27B,$0.27B,1.0,$0.96B,$0.39B,40.91%,$0.96B,$0.33B,34.37%,$0.96B,$0.33B,34.37%,$0.96B,$0.39B,39.98%,$0.96B,$0.30B,30.63%,$0.96B,$0.23B,23.68%,$0.23B,$0.27B,112.45%,$0.23B,$0.16B,236.88%,$0.23B,$0.71B,32.70%,$0.33B,$0.54B,65.64%,$191,$121,$70,$1,$14,$136,$55,$-8,$47,$17,$30,$30,$30,$68,$55,$21,22,$1.43,$1.39,$137,$132,$37,$380,$224,$0,$106,$0,$330,$710,$135,$269,$35,$304,$439,$0,$176,$-2,$270,$710,$30,$13,$1,$13,$5,$14,$0,$9,$28,$72,$-3,$0,$0,$0,$0,$0,$0,$-3,$-54,$0,$-54,$0,$0,$-4,$0,$-57,$12,$1,$-4
39,2008-12-31,14.11,$11.51,1.23,$43.02,0.33,$12.05,1.17,$8.95,1.58,$0.39B,$0.14B,2.72,$0.31B,$0.24B,1.28,$0.94B,$0.37B,39.04%,$0.94B,$0.30B,31.98%,$0.94B,$0.30B,31.98%,$0.94B,$0.35B,37.86%,$0.94B,$0.26B,28.13%,$0.94B,$0.21B,22.14%,$0.21B,$0.24B,139.86%,$0.21B,$0.14B,504.88%,$0.21B,$0.73B,31.45%,$0.30B,$0.55B,63.99%,$216,$127,$89,$1,$16,$144,$73,$-12,$61,$2,$59,$59,$59,$85,$73,$21,22,$2.82,$2.75,$125,$145,$40,$390,$230,$0,$107,$0,$338,$728,$143,$310,$32,$342,$485,$0,$149,$-2,$243,$728,$207,$55,$-12,$43,$-19,$-67,$-10,$-12,$-108,$143,$-19,$0,$0,$0,$0,$0,$0,$-19,$-2,$0,$-2,$1,$1,$-14,$1,$-15,$110,$3,$-14
40,2008-09-30,17.21,$9.03,1.91,$40.01,0.43,$7.06,2.44,$6.36,2.71,$0.38B,$0.17B,2.21,$0.33B,$0.19B,1.73,$0.86B,$0.30B,34.53%,$0.86B,$0.23B,26.88%,$0.86B,$0.23B,26.88%,$0.86B,$0.29B,33.49%,$0.86B,$0.20B,23.06%,$0.86B,$0.14B,16.69%,$0.14B,$0.19B,146.19%,$0.14B,$0.09B,-1600.00%,$0.14B,$0.72B,23.53%,$0.23B,$0.52B,53.21%,$292,$165,$127,$1,$13,$179,$113,$-8,$105,$25,$80,$80,$80,$127,$113,$21,22,$3.79,$3.62,$123,$131,$18,$377,$238,$0,$105,$0,$343,$719,$170,$328,$31,$359,$530,$0,$97,$-2,$190,$719,$148,$42,$2,$44,$-44,$-52,$5,$31,$-61,$131,$-13,$0,$0,$0,$0,$0,$0,$-13,$-2,$0,$-2,$0,$0,$-11,$1,$-11,$107,$2,$-11
41,2008-06-30,22.43,$5.16,4.35,$33.62,0.67,$2.04,11.0,$2.89,7.76,$0.28B,$0.19B,1.45,$0.30B,$0.11B,2.78,$0.72B,$0.20B,28.03%,$0.72B,$0.14B,19.11%,$0.72B,$0.14B,19.11%,$0.72B,$0.19B,26.92%,$0.72B,$0.10B,14.37%,$0.72B,$0.07B,9.76%,$0.07B,$0.11B,109.38%,$0.07B,$0.00B,-154.70%,$0.07B,$0.63B,12.28%,$0.14B,$0.41B,32.91%,$264,$156,$108,$1,$17,$174,$90,$-8,$82,$23,$59,$59,$59,$105,$90,$21,22,$2.84,$2.74,$53,$104,$20,$280,$246,$0,$106,$0,$352,$632,$193,$300,$32,$331,$525,$0,$18,$-2,$108,$632,$69,$29,$1,$29,$-43,$-26,$-1,$16,$-53,$44,$-9,$0,$0,$0,$0,$0,$0,$-9,$-1,$10,$9,$0,$0,$-7,$0,$2,$37,$1,$-7
42,2008-03-31,11.18,$2.44,4.58,$28.77,0.39,$0.59,18.96,$-0.10,0.0,$0.19B,$0.13B,1.47,$0.34B,$0.05B,6.67,$0.61B,$0.13B,20.66%,$0.61B,$0.06B,9.92%,$0.61B,$0.06B,9.92%,$0.61B,$0.12B,19.01%,$0.61B,$0.02B,3.47%,$0.61B,$0.01B,0.99%,$0.01B,$0.05B,12.12%,$0.01B,$-0.06B,-9.72%,$0.01B,$0.55B,1.09%,$0.06B,$0.39B,14.09%,$163,$122,$41,$1,$17,$139,$23,$-9,$15,$5,$9,$9,$9,$37,$23,$21,21,$0.44,$0.43,$12,$96,$16,$192,$253,$0,$108,$0,$361,$554,$131,$340,$32,$372,$503,$0,$-42,$-2,$51,$554,$9,$13,$-0,$13,$-9,$-17,$-2,$-5,$-32,$-10,$-4,$0,$0,$0,$0,$0,$0,$-4,$-1,$14,$14,$0,$0,$-4,$0,$10,$-4,$0,$-4
43,2007-12-31,10.2,$2.14,4.76,$27.82,0.37,$0.92,11.08,$-0.37,0.0,$0.17B,$0.08B,2.08,$0.38B,$0.05B,8.57,$0.58B,$0.11B,18.13%,$0.58B,$0.05B,8.12%,$0.58B,$0.05B,8.12%,$0.58B,$0.10B,17.27%,$0.58B,$0.01B,1.04%,$0.58B,$-0.01B,-0.86%,$-0.01B,$0.05B,-9.85%,$-0.01B,$-0.07B,8.10%,$-0.01B,$0.54B,-0.91%,$0.05B,$0.43B,10.69%,$144,$122,$22,$0,$15,$138,$6,$-9,$-3,$1,$-4,$-4,$-4,$20,$6,$21,21,$-0.19,$-0.18,$16,$79,$18,$173,$261,$0,$109,$0,$370,$543,$83,$383,$32,$415,$498,$0,$-51,$-2,$45,$543,$-5,$52,$0,$52,$-4,$-8,$6,$3,$-3,$43,$-28,$0,$0,$0,$0,$0,$-2,$-30,$-15,$0,$-15,$1,$1,$-13,$-2,$-29,$-16,$1,$-13
44,2007-09-30,10.33,$2.49,4.15,$24.90,0.42,$0.97,10.65,$-0.18,0.0,$0.17B,$0.08B,2.1,$0.39B,$0.05B,7.46,$0.57B,$0.11B,18.87%,$0.57B,$0.04B,6.53%,$0.57B,$0.04B,6.53%,$0.57B,$0.09B,16.05%,$0.57B,$-0.01B,-2.29%,$0.57B,$-0.03B,-4.59%,$-0.03B,$0.05B,-47.49%,$-0.03B,$-0.06B,43.88%,$-0.03B,$0.55B,-4.68%,$0.04B,$0.44B,8.27%,$146,$117,$30,$0,$11,$128,$18,$-9,$9,$3,$6,$6,$6,$31,$18,$21,21,$0.27,$0.26,$15,$79,$18,$173,$268,$0,$112,$0,$380,$552,$82,$387,$31,$418,$501,$0,$-47,$-2,$52,$552,$-2,$38,$-0,$38,$-3,$-9,$8,$-2,$-6,$30,$-23,$0,$0,$0,$0,$0,$-2,$-25,$-11,$0,$-11,$1,$1,$-9,$-2,$-22,$-16,$1,$-9
