,Date,Stock Price,Book Value per Share,Price to Book Ratio,TTM Sales per Share,Price to Sales Ratio,TTM FCF per Share,Price to FCF Ratio,TTM Net EPS,PE Ratio,Current Assets,Current Liabilities,Current Ratio,Long Term Debt,Shareholder's Equity_x,Debt to Equity Ratio,TTM Revenue_x,TTM Gross Profit,Gross Margin,TTM Revenue_y,TTM Operating Income,Operating Margin,TTM Revenue_x,TTM EBIT,EBIT Margin,TTM Revenue_y,TTM EBITDA,EBITDA Margin,TTM Revenue_x,TTM Pre-Tax Income,Pre-Tax Margin,TTM Revenue_y,TTM Net Income_x,Net Margin,TTM Net Income_y,Shareholder's Equity_y,Return on Equity,TTM Net Income_x,Tangible Equity,Return on Tangible Equity,TTM Net Income_y,Total Assets,Return on Assets,TTM Net Income,LT Investments & Debt,Return on Investment,revenue,cost-goods-sold,gross-profit,research-development-expenses,selling-general-administrative-expenses,operating-expenses,operating-income,total-non-operating-income-expense,pre-tax-income,total-provision-income-taxes,income-after-taxes,income-from-continuous-operations,net-income,ebitda,ebit,basic-shares-outstanding,shares-outstanding,eps-basic-net-earnings-per-share,eps-earnings-per-share-diluted,cash-on-hand,inventory,other-current-assets,total-current-assets,net-property-plant-equipment,long-term-investments,goodwill-intangible-assets-total,other-long-term-assets,total-long-term-assets,total-assets,total-current-liabilities,long-term-debt,other-non-current-liabilities,total-long-term-liabilities,total-liabilities,common-stock-net,retained-earnings-accumulated-deficit,comprehensive-income,total-share-holder-equity,total-liabilities-share-holders-equity,net-income-loss,total-depreciation-amortization-cash-flow,other-non-cash-items,total-non-cash-items,change-in-accounts-receivable,change-in-inventories,change-in-accounts-payable,change-in-assets-liabilities,total-change-in-assets-liabilities,cash-flow-from-operating-activities,net-change-in-property-plant-equipment,net-change-in-intangible-assets,net-acquisitions-divestitures,net-change-in-short-term-investments,net-change-in-long-term-investments,net-change-in-investments-total,investing-activities-other,cash-flow-from-investing-activities,net-long-term-debt,net-current-debt,debt-issuance-retirement-net-total,net-common-equity-issued-repurchased,net-total-equity-issued-repurchased,total-common-preferred-stock-dividends-paid,financial-activities-other,cash-flow-from-financial-activities,net-cash-flow,stock-based-compensation,common-stock-dividends-paid
0,2018-09-30,3.59,$3.19,1.12,$1.34,2.67,$0.68,5.31,$0.02,179.5,$0.14B,$0.04B,3.23,$0.05B,$0.41B,0.12,$0.17B,$0.02B,12.28%,$0.17B,$0.00B,2.34%,$0.17B,$0.00B,2.34%,$0.17B,$0.04B,22.81%,$0.17B,0,0.00%,$0.17B,$0.00B,1.75%,$0.00B,$0.41B,0.74%,$0.00B,$0.41B,0.74%,$0.00B,$0.53B,0.58%,$0.00B,$0.46B,0.88%,$37,$28,$9,$0,$5,$32,$4,$-1,$3,$0,$3,$3,$3,$13,$4,$128,131,$0.03,$0.03,$37,$77,$0,$142,$241,$0,$0,$4,$384,$526,$44,$50,$23,$72,$116,$0,$-240,$0,$410,$526,$4,$26,$4,$30,$-4,$6,$0,$11,$19,$53,$-13,$0,$0,$0,$0,$0,$0,$-13,$0,$-4,$-4,$0,$0,$0,$-0,$-4,$36,$4,$0
1,2018-06-30,4.1,$3.16,1.3,$1.33,3.08,$0.45,9.2,$-0.03,0.0,$0.12B,$0.04B,3.47,$0.05B,$0.41B,0.12,$0.17B,$0.02B,10.71%,$0.17B,0,0.00%,$0.17B,0,0.00%,$0.17B,$0.03B,20.24%,$0.17B,$-0.01B,-2.98%,$0.17B,$-0.00B,-1.19%,$-0.00B,$0.41B,-0.50%,$-0.00B,$0.41B,-0.50%,$-0.00B,$0.51B,-0.39%,$0.00B,$0.45B,0.00%,$51,$44,$7,$0,$6,$51,$-0,$-1,$-1,$0,$-1,$-1,$-1,$8,$-0,$128,128,$-0.01,$-0.01,$26,$68,$0,$123,$244,$0,$0,$4,$389,$512,$35,$50,$22,$72,$107,$0,$-243,$0,$405,$512,$1,$17,$3,$21,$-5,$13,$0,$9,$17,$38,$-9,$0,$0,$0,$0,$0,$0,$-9,$0,$-4,$-4,$0,$0,$0,$-0,$-4,$25,$2,$0
2,2018-03-31,3.64,$3.17,1.15,$1.29,2.82,$0.30,12.34,$-0.07,0.0,$0.12B,$0.04B,3.28,$0.05B,$0.41B,0.12,$0.16B,$0.02B,9.88%,$0.16B,$-0.00B,-1.23%,$0.16B,$-0.00B,-1.23%,$0.16B,$0.03B,20.37%,$0.16B,$-0.01B,-6.17%,$0.16B,$-0.01B,-4.32%,$-0.01B,$0.41B,-1.73%,$-0.01B,$0.41B,-1.73%,$-0.01B,$0.51B,-1.37%,$-0.00B,$0.45B,-0.44%,$53,$46,$7,$0,$4,$51,$3,$-1,$2,$0,$2,$2,$2,$12,$3,$128,131,$0.01,$0.01,$6,$76,$0,$118,$249,$0,$0,$4,$394,$512,$36,$49,$22,$71,$107,$0,$-242,$0,$405,$512,$2,$9,$2,$11,$-12,$6,$0,$5,$1,$14,$-6,$0,$0,$0,$0,$0,$0,$-6,$0,$-2,$-2,$0,$0,$0,$-0,$-2,$5,$1,$0
3,2017-12-31,4.76,$3.15,1.51,$1.48,3.22,$0.26,18.65,$-0.25,0.0,$0.11B,$0.04B,2.97,$0.05B,$0.40B,0.12,$0.16B,$0.01B,3.80%,$0.16B,$-0.02B,-9.49%,$0.16B,$-0.02B,-9.49%,$0.16B,$0.02B,13.29%,$0.16B,$-0.03B,-16.46%,$0.16B,$-0.02B,-14.56%,$-0.02B,$0.40B,-5.69%,$-0.02B,$0.40B,-5.69%,$-0.02B,$0.51B,-4.46%,$-0.02B,$0.45B,-3.20%,$30,$32,$-2,$0,$6,$33,$-3,$-1,$-4,$-3,$-1,$-1,$-1,$6,$-3,$116,116,$0.04,$0.04,$1,$83,$0,$111,$253,$0,$0,$4,$399,$511,$37,$49,$22,$71,$109,$0,$-244,$0,$402,$511,$-23,$37,$18,$54,$-6,$-7,$0,$4,$-14,$17,$-8,$0,$0,$0,$0,$0,$0,$-8,$-75,$4,$-71,$59,$59,$0,$-1,$-13,$-3,$4,$0
4,2017-09-30,4.36,$3.18,1.37,$1.78,2.46,$-0.30,0.0,$-0.46,0.0,$0.11B,$0.02B,4.71,$0.06B,$0.40B,0.15,$0.17B,$0.00B,0.59%,$0.17B,$-0.03B,-16.47%,$0.17B,$-0.03B,-16.47%,$0.17B,$0.01B,4.71%,$0.17B,$-0.04B,-23.53%,$0.17B,$-0.04B,-22.94%,$-0.04B,$0.40B,-9.89%,$-0.04B,$0.40B,-9.89%,$-0.04B,$0.51B,-7.45%,$-0.03B,$0.46B,-5.84%,$34,$28,$6,$0,$5,$34,$-0,$-2,$-2,$-0,$-2,$-2,$-2,$8,$-0,$127,127,$-0.02,$-0.02,$2,$84,$0,$112,$250,$0,$0,$4,$396,$508,$24,$59,$21,$81,$104,$0,$-242,$0,$404,$508,$-22,$27,$10,$37,$-8,$-2,$0,$4,$-5,$11,$-1,$0,$0,$0,$0,$0,$0,$-1,$-75,$0,$-75,$59,$59,$0,$-0,$-16,$-6,$3,$0
5,2017-06-30,2.26,$3.18,0.71,$2.08,1.09,$-0.75,0.0,$-0.68,0.0,$0.11B,$0.02B,4.63,$0.06B,$0.40B,0.15,$0.18B,$-0.01B,-7.22%,$0.18B,$-0.04B,-23.89%,$0.18B,$-0.04B,-23.89%,$0.18B,$-0.01B,-2.78%,$0.18B,$-0.06B,-31.11%,$0.18B,$-0.06B,-30.56%,$-0.06B,$0.40B,-14.17%,$-0.06B,$0.40B,-14.17%,$-0.06B,$0.51B,-10.15%,$-0.04B,$0.46B,-8.75%,$45,$40,$5,$0,$5,$47,$-2,$-4,$-6,$-0,$-6,$-6,$-6,$7,$-2,$126,126,$-0.05,$-0.05,$6,$79,$0,$107,$253,$0,$0,$4,$399,$506,$23,$59,$21,$80,$103,$0,$-240,$0,$403,$506,$-20,$19,$7,$26,$-2,$5,$0,$4,$1,$8,$2,$0,$0,$0,$0,$0,$0,$2,$-69,$0,$-69,$57,$57,$0,$-0,$-12,$-2,$2,$0
6,2017-03-31,1.72,$3.24,0.53,$2.41,0.71,$-0.98,0.0,$-0.81,0.0,$0.14B,$0.02B,6.03,$0.09B,$0.41B,0.22,$0.19B,$-0.02B,-12.30%,$0.19B,$-0.05B,-27.81%,$0.19B,$-0.05B,-27.81%,$0.19B,$-0.01B,-6.42%,$0.19B,$-0.06B,-33.69%,$0.19B,$-0.06B,-33.16%,$-0.06B,$0.41B,-16.04%,$-0.06B,$0.41B,-16.04%,$-0.06B,$0.54B,-10.97%,$-0.05B,$0.50B,-10.16%,$49,$51,$-3,$0,$4,$58,$-10,$-4,$-14,$0,$-14,$-14,$-14,$0,$-10,$82,82,$-0.17,$-0.17,$21,$86,$0,$137,$259,$0,$0,$4,$402,$539,$23,$88,$20,$108,$131,$0,$-234,$0,$408,$539,$-14,$10,$6,$17,$-9,$2,$0,$3,$-5,$-2,$3,$0,$0,$0,$0,$0,$0,$3,$-46,$0,$-46,$57,$57,$0,$-0,$11,$13,$1,$0
7,2016-12-31,2.08,$4.79,0.43,$2.78,0.75,$-1.09,0.0,$-0.88,0.0,$0.12B,$0.02B,5.13,$0.13B,$0.36B,0.37,$0.21B,$-0.03B,-13.74%,$0.21B,$-0.06B,-27.49%,$0.21B,$-0.06B,-27.49%,$0.21B,$-0.01B,-6.16%,$0.21B,$-0.07B,-31.75%,$0.21B,$-0.07B,-31.28%,$-0.07B,$0.36B,-17.07%,$-0.07B,$0.36B,-17.07%,$-0.07B,$0.54B,-11.24%,$-0.06B,$0.50B,-11.00%,$42,$49,$-7,$0,$4,$58,$-16,$-2,$-18,$-1,$-17,$-17,$-17,$-7,$-16,$76,76,$-0.22,$-0.22,$4,$94,$13,$124,$272,$0,$0,$8,$417,$541,$24,$133,$20,$153,$178,$0,$-220,$0,$363,$541,$-67,$45,$25,$70,$0,$-12,$0,$4,$-21,$-18,$-18,$0,$0,$0,$50,$50,$0,$33,$-15,$0,$-15,$0,$0,$0,$-4,$-19,$-5,$4,$0
8,2016-09-30,1.13,$5.00,0.23,$2.79,0.4,$-0.92,0.0,$-7.51,0.0,$0.16B,$0.05B,3.37,$0.13B,$0.38B,0.35,$0.21B,$-0.05B,-23.58%,$0.21B,$-0.40B,-190.57%,$0.21B,$-0.40B,-190.57%,$0.21B,$-0.34B,-160.85%,$0.21B,$-0.41B,-194.34%,$0.21B,$-0.57B,-267.45%,$-0.57B,$0.38B,-140.78%,$-0.57B,$0.38B,-140.78%,$-0.57B,$0.58B,-92.65%,$-0.40B,$0.51B,-73.82%,$44,$51,$-8,$0,$5,$58,$-15,$-4,$-18,$0,$-18,$-18,$-18,$-5,$-15,$76,76,$-0.24,$-0.24,$28,$102,$0,$156,$279,$0,$0,$6,$426,$582,$46,$132,$24,$156,$203,$0,$-204,$0,$379,$582,$-50,$35,$21,$56,$-9,$-16,$0,$11,$-19,$-14,$-14,$0,$0,$0,$45,$45,$0,$31,$0,$0,$0,$0,$0,$0,$-4,$-4,$14,$3,$0
9,2016-06-30,1.44,$5.23,0.28,$2.93,0.49,$-0.46,0.0,$-7.38,0.0,$0.17B,$0.03B,5.49,$0.15B,$0.40B,0.37,$0.22B,$-0.05B,-22.52%,$0.22B,$-0.40B,-181.98%,$0.22B,$-0.40B,-181.98%,$0.22B,$-0.33B,-148.65%,$0.22B,$-0.41B,-184.68%,$0.22B,$-0.56B,-250.90%,$-0.56B,$0.40B,-102.44%,$-0.56B,$0.40B,-102.44%,$-0.56B,$0.60B,-73.46%,$-0.40B,$0.54B,-58.32%,$52,$57,$-5,$0,$5,$62,$-11,$-3,$-13,$0,$-13,$-13,$-13,$0,$-11,$76,76,$-0.18,$-0.18,$48,$110,$0,$172,$284,$0,$0,$5,$428,$599,$31,$148,$24,$172,$203,$0,$-186,$-0,$396,$599,$-32,$26,$15,$41,$0,$-17,$0,$14,$-8,$0,$-12,$0,$0,$0,$36,$36,$0,$24,$0,$0,$0,$0,$0,$0,$-3,$-3,$22,$2,$0
10,2016-03-31,1.11,$5.39,0.21,$3.22,0.35,$0.16,6.79,$-7.27,0.0,$0.20B,$0.04B,4.42,$0.15B,$0.41B,0.36,$0.24B,$-0.04B,-17.21%,$0.24B,$-0.40B,-162.70%,$0.24B,$-0.40B,-162.70%,$0.24B,$-0.31B,-128.69%,$0.24B,$-0.40B,-164.75%,$0.24B,$-0.55B,-225.00%,$-0.55B,$0.41B,-80.47%,$-0.55B,$0.41B,-80.47%,$-0.55B,$0.63B,-60.88%,$-0.40B,$0.56B,-47.73%,$73,$82,$-9,$0,$7,$90,$-16,$-2,$-18,$-0,$-18,$-18,$-18,$-1,$-16,$76,76,$-0.24,$-0.24,$54,$104,$0,$195,$288,$0,$0,$4,$432,$627,$44,$149,$25,$174,$218,$0,$-172,$-0,$409,$627,$-18,$15,$11,$26,$-15,$-8,$0,$7,$-9,$-1,$-6,$0,$0,$0,$24,$24,$0,$18,$0,$0,$0,$0,$0,$0,$-1,$-1,$15,$1,$0
11,2015-12-31,2.95,$5.63,0.52,$3.79,0.78,$0.57,5.14,$-6.94,0.0,$0.20B,$0.04B,5.0,$0.15B,$0.43B,0.35,$0.29B,$-0.01B,-4.86%,$0.29B,$-0.37B,-128.47%,$0.29B,$-0.37B,-128.47%,$0.29B,$-0.28B,-97.57%,$0.29B,$-0.37B,-129.86%,$0.29B,$-0.52B,-181.94%,$-0.52B,$0.43B,-64.02%,$-0.52B,$0.43B,-64.02%,$-0.52B,$0.64B,-50.48%,$-0.37B,$0.58B,-38.21%,$43,$71,$-28,$0,$6,$405,$-362,$-1,$-363,$155,$-518,$-518,$-518,$-335,$-362,$76,76,$-6.85,$-6.85,$60,$107,$0,$196,$297,$4,$0,$4,$444,$640,$39,$149,$25,$174,$213,$0,$-154,$-0,$427,$640,$-525,$88,$515,$603,$21,$-57,$0,$-13,$-56,$23,$-46,$0,$0,$0,$-34,$-34,$0,$-80,$0,$0,$0,$0,$0,$0,$-1,$-1,$-58,$5,$0
12,2015-09-30,5.54,$12.46,0.44,$4.53,1.22,$1.75,3.16,$-0.01,0.0,$0.22B,$0.05B,4.36,$0.15B,$0.94B,0.16,$0.34B,$0.03B,8.45%,$0.34B,$0.00B,0.29%,$0.34B,$0.00B,0.29%,$0.34B,$0.09B,24.78%,$0.34B,$-0.00B,-0.87%,$0.34B,0,0.00%,$0.00B,$0.94B,0.00%,$0.00B,$0.94B,0.00%,$0.00B,$1.17B,0.00%,$0.00B,$1.09B,0.09%,$54,$62,$-8,$0,$6,$68,$-15,$-1,$-16,$-8,$-8,$-8,$-8,$6,$-15,$76,76,$-0.11,$-0.11,$81,$107,$0,$220,$612,$13,$0,$4,$947,$1167,$51,$150,$23,$173,$223,$0,$365,$-0,$943,$1167,$-7,$61,$10,$71,$8,$-34,$0,$0,$-21,$44,$-37,$0,$0,$0,$-48,$-48,$0,$-85,$0,$0,$0,$0,$0,$0,$-1,$-1,$-43,$4,$0
13,2015-06-30,11.94,$12.55,0.95,$5.17,2.31,$2.32,5.15,$0.08,149.25,$0.22B,$0.05B,4.44,$0.15B,$0.95B,0.16,$0.39B,$0.04B,11.25%,$0.39B,$0.02B,4.09%,$0.39B,$0.02B,4.09%,$0.39B,$0.10B,25.32%,$0.39B,$0.01B,3.07%,$0.39B,$0.01B,1.79%,$0.01B,$0.95B,0.74%,$0.01B,$0.95B,0.74%,$0.01B,$1.17B,0.60%,$0.02B,$1.10B,1.46%,$74,$71,$3,$0,$8,$78,$-4,$-1,$-5,$-0,$-5,$-5,$-5,$16,$-4,$76,76,$-0.07,$-0.07,$104,$87,$0,$223,$620,$21,$0,$4,$950,$1173,$50,$150,$22,$172,$223,$0,$373,$-0,$950,$1173,$2,$41,$12,$53,$9,$-11,$0,$2,$1,$55,$-19,$0,$0,$0,$-62,$-62,$0,$-81,$0,$0,$0,$0,$0,$0,$-1,$-1,$-27,$3,$0
14,2015-03-31,11.55,$12.61,0.92,$5.67,2.04,$1.98,5.82,$0.22,52.5,$0.22B,$0.05B,4.93,$0.15B,$0.95B,0.16,$0.43B,$0.06B,13.32%,$0.43B,$0.03B,6.78%,$0.43B,$0.03B,6.78%,$0.43B,$0.11B,25.93%,$0.43B,$0.02B,5.61%,$0.43B,$0.02B,4.21%,$0.02B,$0.95B,1.90%,$0.02B,$0.95B,1.90%,$0.02B,$1.17B,1.54%,$0.03B,$1.10B,2.65%,$117,$98,$19,$0,$7,$106,$11,$-1,$10,$3,$7,$7,$7,$32,$11,$76,76,$0.09,$0.09,$101,$74,$0,$222,$626,$12,$0,$4,$950,$1172,$45,$150,$23,$173,$218,$0,$378,$-0,$954,$1172,$7,$21,$5,$26,$-10,$8,$0,$1,$0,$33,$-9,$0,$0,$0,$-24,$-24,$0,$-32,$0,$0,$0,$0,$0,$0,$-1,$-1,$-1,$1,$0
15,2014-12-31,13.88,$12.54,1.11,$5.43,2.56,$1.47,9.42,$0.13,106.77,$0.20B,$0.05B,4.27,$0.15B,$0.95B,0.16,$0.41B,$0.04B,10.24%,$0.41B,$0.02B,3.90%,$0.41B,$0.02B,3.90%,$0.41B,$0.10B,23.66%,$0.41B,$0.01B,2.68%,$0.41B,$0.01B,2.68%,$0.01B,$0.95B,1.17%,$0.01B,$0.95B,1.17%,$0.01B,$1.17B,0.95%,$0.02B,$1.10B,1.47%,$98,$83,$15,$0,$7,$89,$9,$-1,$8,$2,$6,$6,$6,$31,$9,$76,76,$0.08,$0.08,$78,$84,$0,$199,$640,$12,$0,$4,$968,$1167,$47,$150,$23,$173,$219,$0,$371,$-0,$947,$1167,$10,$81,$15,$96,$-4,$8,$0,$-0,$22,$127,$-62,$0,$0,$0,$2,$2,$0,$-60,$0,$0,$0,$0,$0,$0,$-1,$-1,$67,$4,$0
16,2014-09-30,15.45,$12.45,1.24,$5.11,3.02,$-1.78,0.0,$-0.03,0.0,$0.20B,$0.05B,3.81,$0.15B,$0.94B,0.16,$0.39B,$0.03B,7.77%,$0.39B,$0.00B,0.52%,$0.39B,$0.00B,0.52%,$0.39B,$0.08B,20.21%,$0.39B,$-0.00B,-0.78%,$0.39B,$-0.00B,-0.26%,$-0.00B,$0.94B,-0.11%,$-0.00B,$0.94B,-0.11%,$-0.00B,$1.17B,-0.09%,$0.00B,$1.09B,0.18%,$102,$95,$7,$0,$6,$102,$0,$-1,$-1,$-0,$-1,$-1,$-1,$20,$0,$76,76,$-0.02,$-0.02,$74,$79,$0,$202,$652,$0,$0,$4,$965,$1167,$53,$150,$24,$174,$227,$0,$365,$0,$941,$1167,$4,$60,$11,$71,$-10,$15,$0,$-1,$30,$105,$-55,$0,$0,$0,$22,$22,$0,$-34,$0,$0,$0,$0,$0,$0,$-1,$-1,$70,$3,$0
17,2014-06-30,16.76,$12.46,1.35,$4.69,3.57,$-4.08,0.0,$0.02,838.0,$0.18B,$0.05B,4.01,$0.15B,$0.94B,0.16,$0.36B,$0.04B,10.14%,$0.36B,$0.00B,1.13%,$0.36B,$0.00B,1.13%,$0.36B,$0.08B,21.13%,$0.36B,0,0.00%,$0.36B,$0.00B,0.56%,$0.00B,$0.94B,0.21%,$0.00B,$0.94B,0.21%,$0.00B,$1.16B,0.17%,$0.00B,$1.09B,0.37%,$111,$95,$16,$0,$7,$102,$9,$-1,$7,$2,$6,$6,$6,$28,$9,$76,76,$0.07,$0.07,$35,$87,$0,$184,$667,$0,$0,$4,$977,$1160,$46,$150,$24,$174,$219,$0,$366,$0,$941,$1160,$5,$40,$7,$47,$-10,$13,$0,$1,$4,$56,$-45,$0,$0,$0,$21,$21,$0,$-25,$0,$0,$0,$0,$0,$0,$-1,$-1,$31,$3,$0
18,2014-03-31,15.46,$12.37,1.25,$4.45,3.47,$-5.23,0.0,$0.10,154.6,$0.17B,$0.05B,3.27,$0.15B,$0.93B,0.16,$0.34B,$0.05B,14.24%,$0.34B,$0.02B,4.45%,$0.34B,$0.02B,4.45%,$0.34B,$0.08B,24.33%,$0.34B,$0.01B,3.26%,$0.34B,$0.01B,2.08%,$0.01B,$0.93B,0.75%,$0.01B,$0.93B,0.75%,$0.01B,$1.16B,0.60%,$0.02B,$1.08B,1.38%,$99,$95,$4,$0,$7,$101,$-2,$-1,$-3,$-3,$-0,$-0,$-0,$18,$-2,$75,75,$0.00,$0.00,$10,$93,$0,$169,$678,$0,$0,$4,$990,$1159,$52,$150,$23,$173,$225,$0,$361,$0,$934,$1159,$-0,$20,$2,$22,$-13,$7,$0,$0,$-4,$17,$-32,$0,$0,$0,$18,$18,$0,$-14,$0,$0,$0,$0,$0,$0,$-1,$-1,$3,$1,$0
19,2013-12-31,15.84,$12.39,1.28,$4.46,3.55,$-5.69,0.0,$0.30,52.8,$0.18B,$0.07B,2.6,$0.15B,$0.93B,0.16,$0.34B,$0.08B,23.15%,$0.34B,$0.04B,12.17%,$0.34B,$0.04B,12.17%,$0.34B,$0.10B,30.27%,$0.34B,$0.04B,11.28%,$0.34B,$0.02B,6.53%,$0.02B,$0.93B,2.36%,$0.02B,$0.93B,2.36%,$0.02B,$1.18B,1.94%,$0.04B,$1.08B,3.92%,$74,$71,$3,$0,$8,$79,$-5,$-1,$-6,$0,$-6,$-6,$-6,$12,$-5,$75,75,$-0.08,$-0.08,$16,$105,$0,$179,$694,$10,$0,$4,$997,$1175,$69,$150,$23,$173,$241,$0,$361,$-0,$934,$1175,$22,$61,$43,$105,$12,$-58,$0,$-1,$-62,$65,$-244,$0,$0,$0,$-2,$-2,$0,$-246,$150,$0,$150,$0,$0,$0,$-2,$148,$-33,$5,$0
20,2013-09-30,15.68,$12.45,1.26,$4.95,3.17,$-4.09,0.0,$0.57,27.51,$0.19B,$0.07B,2.75,$0.15B,$0.94B,0.16,$0.37B,$0.11B,29.95%,$0.37B,$0.07B,19.79%,$0.37B,$0.07B,19.79%,$0.37B,$0.13B,35.03%,$0.37B,$0.07B,19.25%,$0.37B,$0.04B,11.50%,$0.04B,$0.94B,4.65%,$0.04B,$0.94B,4.65%,$0.04B,$1.18B,3.95%,$0.07B,$1.09B,7.40%,$71,$58,$13,$0,$8,$69,$2,$-0,$2,$-0,$2,$2,$2,$17,$2,$75,75,$0.03,$0.03,$51,$89,$0,$188,$652,$30,$0,$4,$993,$1181,$69,$150,$24,$174,$242,$0,$367,$-0,$939,$1181,$28,$44,$24,$68,$7,$-39,$0,$-2,$-35,$62,$-186,$0,$0,$0,$-48,$-48,$0,$-234,$150,$0,$150,$0,$0,$0,$-2,$148,$-23,$4,$0
21,2013-06-30,19.05,$12.41,1.54,$5.73,3.32,$-2.81,0.0,$0.98,19.44,$0.21B,$0.07B,3.17,$0.15B,$0.94B,0.16,$0.43B,$0.15B,34.95%,$0.43B,$0.12B,26.85%,$0.43B,$0.12B,26.85%,$0.43B,$0.17B,39.35%,$0.43B,$0.11B,26.39%,$0.43B,$0.07B,17.13%,$0.07B,$0.94B,7.98%,$0.07B,$0.94B,7.98%,$0.07B,$1.18B,7.04%,$0.12B,$1.09B,12.02%,$93,$65,$28,$0,$9,$72,$20,$-2,$18,$7,$11,$11,$11,$35,$20,$75,75,$0.15,$0.15,$85,$71,$0,$214,$616,$44,$0,$4,$962,$1176,$68,$150,$23,$173,$241,$0,$365,$-0,$935,$1176,$26,$28,$20,$48,$-6,$-19,$0,$1,$-27,$47,$-124,$0,$0,$0,$-58,$-58,$0,$-182,$150,$0,$150,$0,$0,$0,$-1,$149,$14,$3,$0
22,2013-03-31,18.76,$12.22,1.54,$5.82,3.22,$-1.65,0.0,$1.08,17.37,$0.13B,$0.06B,2.09,$0.00B,$0.92B,0.0,$0.44B,$0.16B,37.21%,$0.44B,$0.13B,29.00%,$0.44B,$0.13B,29.00%,$0.44B,$0.18B,40.41%,$0.44B,$0.13B,29.00%,$0.44B,$0.08B,18.72%,$0.08B,$0.92B,8.90%,$0.08B,$0.92B,8.90%,$0.08B,$1.01B,8.16%,$0.13B,$0.92B,13.78%,$99,$65,$34,$0,$9,$75,$24,$-0,$24,$9,$15,$15,$15,$38,$24,$75,75,$0.20,$0.20,$8,$61,$0,$134,$573,$0,$0,$4,$873,$1007,$64,$0,$22,$22,$86,$0,$354,$-2,$921,$1007,$15,$14,$10,$24,$-13,$-9,$0,$-1,$-27,$12,$-61,$0,$0,$0,$22,$22,$0,$-40,$0,$0,$0,$0,$0,$0,$-1,$-1,$-29,$1,$0
23,2012-12-31,21.29,$12.03,1.77,$5.99,3.55,$-1.00,0.0,$1.15,18.51,$0.16B,$0.07B,2.41,$0.00B,$0.91B,0.0,$0.45B,$0.17B,37.69%,$0.45B,$0.14B,30.16%,$0.45B,$0.14B,30.16%,$0.45B,$0.18B,40.58%,$0.45B,$0.14B,30.16%,$0.45B,$0.09B,19.51%,$0.09B,$0.91B,9.62%,$0.09B,$0.91B,9.62%,$0.09B,$1.00B,8.89%,$0.14B,$0.91B,14.87%,$111,$74,$37,$0,$9,$83,$28,$0,$28,$14,$15,$15,$15,$41,$28,$75,75,$0.20,$0.20,$58,$53,$0,$162,$543,$0,$0,$4,$832,$995,$67,$0,$21,$21,$89,$0,$339,$-2,$906,$995,$87,$48,$46,$94,$-4,$1,$0,$1,$7,$188,$-246,$0,$0,$0,$76,$76,$0,$-170,$0,$0,$0,$0,$0,$-56,$-1,$-57,$-40,$5,$-56
24,2012-09-30,20.76,$12.58,1.65,$5.91,3.51,$0.27,78.33,$1.29,16.09,$0.26B,$0.07B,3.92,$0.00B,$0.95B,0.0,$0.45B,$0.18B,39.55%,$0.45B,$0.14B,32.13%,$0.45B,$0.14B,32.13%,$0.45B,$0.19B,42.02%,$0.45B,$0.14B,32.13%,$0.45B,$0.10B,22.02%,$0.10B,$0.95B,10.82%,$0.10B,$0.95B,10.82%,$0.10B,$1.03B,10.05%,$0.14B,$0.95B,15.78%,$129,$77,$52,$0,$8,$86,$44,$0,$44,$11,$33,$33,$33,$56,$44,$75,75,$0.44,$0.44,$130,$56,$0,$255,$485,$16,$0,$4,$770,$1025,$65,$0,$13,$13,$78,$0,$381,$-1,$947,$1025,$73,$35,$35,$70,$-21,$0,$0,$-1,$-10,$132,$-160,$0,$0,$0,$10,$10,$0,$-150,$0,$0,$0,$0,$0,$0,$-1,$-1,$-18,$4,$0
25,2012-06-30,21.99,$12.12,1.81,$5.71,3.85,$1.00,21.92,$1.19,18.48,$0.27B,$0.07B,4.03,$0.00B,$0.91B,0.0,$0.43B,$0.17B,39.77%,$0.43B,$0.14B,32.79%,$0.43B,$0.14B,32.79%,$0.43B,$0.18B,42.33%,$0.43B,$0.14B,32.79%,$0.43B,$0.09B,21.16%,$0.09B,$0.91B,10.33%,$0.09B,$0.91B,10.33%,$0.09B,$0.99B,9.61%,$0.14B,$0.91B,16.01%,$99,$59,$40,$0,$9,$68,$31,$0,$31,$12,$19,$19,$19,$42,$31,$75,75,$0.25,$0.25,$165,$59,$0,$273,$447,$21,$0,$4,$720,$993,$68,$0,$12,$12,$80,$0,$348,$-1,$913,$993,$40,$23,$26,$48,$-5,$-1,$0,$1,$11,$99,$-87,$0,$0,$0,$-17,$-17,$0,$-104,$0,$0,$0,$0,$0,$0,$-1,$-1,$-7,$3,$0
26,2012-03-31,23.51,$11.86,1.98,$5.98,3.93,$1.04,22.52,$1.35,17.42,$0.28B,$0.04B,6.32,$0.00B,$0.89B,0.0,$0.45B,$0.19B,41.33%,$0.45B,$0.16B,35.78%,$0.45B,$0.16B,35.78%,$0.45B,$0.20B,44.22%,$0.45B,$0.16B,35.78%,$0.45B,$0.10B,22.89%,$0.10B,$0.89B,12.02%,$0.10B,$0.89B,12.02%,$0.10B,$0.95B,11.22%,$0.16B,$0.89B,18.78%,$112,$71,$41,$0,$8,$79,$33,$0,$33,$13,$21,$21,$21,$44,$33,$75,75,$0.27,$0.27,$163,$51,$0,$277,$401,$12,$0,$4,$672,$948,$44,$0,$12,$12,$56,$0,$329,$-1,$893,$948,$21,$11,$12,$23,$-15,$4,$0,$1,$-6,$38,$-38,$0,$0,$0,$-12,$-12,$0,$-50,$0,$0,$0,$0,$0,$0,$-0,$-0,$-13,$1,$0
27,2011-12-31,21.87,$11.58,1.89,$5.88,3.72,$1.05,20.87,$1.46,14.98,$0.28B,$0.05B,5.57,$0.00B,$0.87B,0.0,$0.44B,$0.19B,41.99%,$0.44B,$0.18B,39.50%,$0.44B,$0.18B,39.50%,$0.44B,$0.21B,47.40%,$0.44B,$0.18B,39.50%,$0.44B,$0.11B,24.83%,$0.11B,$0.87B,13.24%,$0.11B,$0.87B,13.24%,$0.11B,$0.93B,12.33%,$0.18B,$0.87B,21.07%,$105,$62,$43,$0,$8,$70,$35,$0,$35,$10,$25,$25,$25,$45,$35,$75,75,$0.33,$0.32,$171,$55,$0,$277,$387,$6,$0,$4,$656,$933,$50,$0,$12,$12,$62,$0,$308,$-1,$871,$933,$109,$36,$43,$79,$-11,$-10,$0,$-0,$-14,$174,$-137,$0,$0,$0,$-38,$-38,$1,$-175,$0,$0,$0,$0,$0,$0,$-2,$-2,$-3,$5,$0
28,2011-09-30,24.03,$11.25,2.14,$5.77,4.16,$1.02,23.47,$1.37,17.54,$0.25B,$0.06B,4.63,$0.00B,$0.85B,0.0,$0.43B,$0.18B,41.71%,$0.43B,$0.17B,38.94%,$0.43B,$0.17B,38.94%,$0.43B,$0.20B,46.54%,$0.43B,$0.17B,39.17%,$0.43B,$0.10B,23.73%,$0.10B,$0.85B,12.83%,$0.10B,$0.85B,12.83%,$0.10B,$0.91B,11.89%,$0.17B,$0.85B,21.06%,$114,$67,$47,$0,$8,$72,$42,$0,$42,$17,$26,$26,$26,$51,$42,$75,75,$0.34,$0.34,$141,$53,$0,$253,$359,$28,$0,$5,$661,$914,$55,$0,$13,$13,$68,$0,$283,$-1,$846,$914,$84,$26,$35,$61,$-20,$-7,$0,$-1,$-15,$130,$-102,$0,$0,$0,$-36,$-36,$1,$-136,$0,$0,$0,$0,$0,$0,$-2,$-2,$-9,$4,$0
29,2011-06-30,31.41,$10.89,2.88,$5.48,5.73,$0.90,34.94,$1.19,26.39,$0.24B,$0.05B,5.2,$0.00B,$0.82B,0.0,$0.41B,$0.16B,39.17%,$0.41B,$0.15B,35.77%,$0.41B,$0.15B,35.77%,$0.41B,$0.18B,43.31%,$0.41B,$0.15B,36.01%,$0.41B,$0.09B,21.65%,$0.09B,$0.82B,11.47%,$0.09B,$0.82B,11.47%,$0.09B,$0.88B,10.59%,$0.15B,$0.82B,18.95%,$119,$64,$55,$0,$9,$69,$51,$0,$51,$20,$31,$31,$31,$59,$51,$75,75,$0.41,$0.41,$123,$51,$0,$236,$326,$34,$0,$4,$642,$878,$45,$0,$14,$14,$59,$0,$258,$-1,$819,$878,$59,$17,$20,$37,$-18,$-5,$0,$1,$-17,$79,$-65,$0,$0,$0,$-20,$-20,$1,$-84,$0,$0,$0,$0,$0,$0,$-1,$-0,$-5,$3,$0
30,2011-03-31,33.65,$10.48,3.21,$4.75,7.09,$1.10,30.59,$0.83,40.54,$0.21B,$0.04B,4.85,$0.00B,$0.79B,0.0,$0.36B,$0.12B,33.99%,$0.36B,$0.10B,28.65%,$0.36B,$0.10B,28.65%,$0.36B,$0.13B,37.08%,$0.36B,$0.10B,28.93%,$0.36B,$0.06B,17.42%,$0.06B,$0.79B,8.24%,$0.06B,$0.79B,8.24%,$0.06B,$0.84B,7.60%,$0.10B,$0.79B,13.55%,$105,$64,$41,$0,$7,$58,$47,$1,$47,$19,$28,$28,$28,$55,$47,$75,75,$0.38,$0.38,$108,$49,$0,$209,$305,$34,$0,$5,$635,$844,$43,$0,$14,$14,$57,$0,$227,$-1,$787,$844,$28,$9,$4,$13,$-15,$-1,$0,$1,$-12,$29,$-29,$0,$0,$0,$-7,$-7,$0,$-36,$0,$0,$0,$0,$0,$0,$-0,$0,$-7,$1,$0
31,2010-12-31,36.04,$10.09,3.57,$4.78,7.54,$1.40,25.78,$0.61,59.08,$0.21B,$0.05B,4.6,$0.00B,$0.76B,0.0,$0.36B,$0.11B,29.89%,$0.36B,$0.08B,20.95%,$0.36B,$0.08B,20.95%,$0.36B,$0.10B,28.77%,$0.36B,$0.08B,21.23%,$0.36B,$0.05B,12.85%,$0.05B,$0.76B,6.25%,$0.05B,$0.76B,6.25%,$0.05B,$0.83B,5.75%,$0.08B,$0.76B,10.19%,$96,$59,$38,$0,$8,$67,$29,$0,$30,$11,$18,$18,$18,$37,$29,$75,75,$0.23,$0.23,$122,$48,$0,$209,$286,$21,$0,$5,$620,$829,$45,$0,$14,$26,$71,$0,$199,$-1,$758,$829,$45,$28,$35,$63,$-5,$14,$0,$-3,$15,$123,$-88,$0,$0,$0,$-49,$-49,$2,$-136,$0,$0,$0,$0,$0,$0,$-1,$-1,$-14,$4,$0
32,2010-09-30,25.19,$9.84,2.56,$4.48,5.63,$0.66,38.04,$0.46,54.77,$0.20B,$0.05B,4.24,$0.00B,$0.74B,0.0,$0.34B,$0.09B,25.67%,$0.34B,$0.06B,16.42%,$0.34B,$0.06B,16.42%,$0.34B,$0.08B,23.88%,$0.34B,$0.06B,16.42%,$0.34B,$0.04B,10.45%,$0.04B,$0.74B,4.83%,$0.04B,$0.74B,4.83%,$0.04B,$0.81B,4.46%,$0.06B,$0.74B,7.60%,$91,$65,$27,$0,$6,$72,$20,$-0,$20,$8,$12,$12,$12,$27,$20,$75,75,$0.16,$0.16,$100,$46,$0,$198,$262,$27,$0,$5,$613,$811,$47,$0,$14,$26,$72,$0,$181,$-1,$739,$811,$27,$20,$23,$43,$-19,$16,$0,$-4,$6,$77,$-58,$0,$0,$0,$-42,$-42,$2,$-99,$0,$0,$0,$0,$0,$0,$-1,$-1,$-23,$3,$0
33,2010-06-30,18.91,$9.67,1.96,$4.14,4.56,$0.09,207.82,$0.43,43.98,$0.19B,$0.03B,6.2,$0.00B,$0.73B,0.0,$0.31B,$0.08B,26.45%,$0.31B,$0.05B,16.45%,$0.31B,$0.05B,16.45%,$0.31B,$0.07B,23.87%,$0.31B,$0.05B,16.45%,$0.31B,$0.03B,10.65%,$0.03B,$0.73B,4.62%,$0.03B,$0.73B,4.62%,$0.03B,$0.78B,4.27%,$0.05B,$0.73B,7.14%,$64,$50,$15,$0,$8,$58,$6,$-0,$6,$2,$4,$4,$4,$13,$6,$75,75,$0.05,$0.05,$116,$51,$0,$191,$238,$20,$0,$5,$590,$781,$31,$0,$14,$24,$55,$0,$169,$-1,$726,$781,$15,$13,$10,$23,$7,$11,$0,$-1,$30,$68,$-38,$0,$0,$0,$-21,$-21,$0,$-59,$0,$0,$0,$0,$0,$0,$-1,$-1,$8,$2,$0
34,2010-03-31,29.31,$9.62,3.05,$4.27,6.87,$-0.28,0.0,$0.57,51.42,$0.20B,$0.04B,5.62,$0.00B,$0.72B,0.0,$0.32B,$0.10B,31.97%,$0.32B,$0.07B,22.57%,$0.32B,$0.07B,22.57%,$0.32B,$0.09B,28.84%,$0.32B,$0.07B,22.57%,$0.32B,$0.04B,13.48%,$0.04B,$0.72B,6.09%,$0.04B,$0.72B,6.09%,$0.04B,$0.78B,5.64%,$0.07B,$0.72B,10.20%,$107,$80,$27,$0,$7,$87,$20,$-0,$20,$8,$12,$12,$12,$26,$20,$75,75,$0.16,$0.16,$114,$42,$0,$198,$235,$15,$0,$5,$583,$781,$35,$0,$14,$24,$59,$0,$165,$-1,$722,$781,$12,$7,$6,$12,$-8,$20,$0,$-0,$12,$36,$-14,$0,$0,$0,$-11,$-11,$0,$-25,$0,$0,$0,$0,$0,$0,$-0,$-0,$11,$1,$0
35,2009-12-31,28.19,$9.45,2.98,$4.02,7.01,$-0.75,0.0,$0.74,38.09,$0.20B,$0.04B,5.69,$0.00B,$0.71B,0.0,$0.30B,$0.12B,40.53%,$0.30B,$0.09B,30.56%,$0.30B,$0.09B,30.56%,$0.30B,$0.11B,36.54%,$0.30B,$0.09B,30.56%,$0.30B,$0.06B,18.60%,$0.06B,$0.71B,8.06%,$0.06B,$0.71B,8.06%,$0.06B,$0.77B,7.48%,$0.09B,$0.71B,13.25%,$73,$56,$17,$0,$7,$64,$9,$-0,$9,$2,$7,$7,$7,$14,$9,$75,75,$0.09,$0.09,$101,$62,$0,$204,$221,$6,$0,$6,$565,$769,$36,$0,$14,$24,$60,$0,$154,$-1,$709,$769,$55,$17,$31,$48,$-4,$-16,$0,$3,$-23,$81,$-101,$0,$0,$0,$-17,$-17,$12,$-107,$0,$0,$0,$0,$0,$0,$-1,$-1,$-27,$3,$0
36,2009-09-30,22.8,$9.35,2.44,$4.11,5.55,$0.52,43.97,$0.95,24.0,$0.21B,$0.04B,5.41,$0.00B,$0.70B,0.0,$0.31B,$0.15B,49.84%,$0.31B,$0.12B,40.07%,$0.31B,$0.12B,40.07%,$0.31B,$0.14B,45.93%,$0.31B,$0.12B,39.09%,$0.31B,$0.07B,23.45%,$0.07B,$0.70B,10.58%,$0.07B,$0.70B,10.58%,$0.07B,$0.76B,9.82%,$0.12B,$0.70B,18.08%,$66,$44,$23,$0,$6,$50,$16,$-0,$16,$6,$10,$10,$10,$21,$16,$75,75,$0.13,$0.13,$93,$69,$0,$210,$203,$2,$0,$6,$547,$757,$39,$0,$17,$17,$55,$0,$147,$-1,$702,$757,$49,$12,$27,$39,$-16,$-20,$0,$4,$-30,$58,$-82,$0,$0,$0,$-8,$-8,$4,$-86,$0,$0,$0,$0,$0,$0,$-1,$-1,$-29,$2,$0
37,2009-06-30,27.14,$9.21,2.95,$5.17,5.24,$1.99,13.65,$1.48,18.33,$0.21B,$0.04B,5.7,$0.00B,$0.69B,0.0,$0.39B,$0.22B,56.85%,$0.39B,$0.19B,48.32%,$0.39B,$0.19B,48.32%,$0.39B,$0.20B,51.42%,$0.39B,$0.18B,47.29%,$0.39B,$0.11B,28.94%,$0.11B,$0.69B,16.98%,$0.11B,$0.69B,16.98%,$0.11B,$0.75B,15.63%,$0.19B,$0.69B,28.34%,$73,$38,$35,$0,$8,$47,$27,$1,$27,$13,$14,$14,$14,$31,$27,$75,75,$0.19,$0.19,$119,$63,$0,$212,$177,$0,$0,$8,$533,$745,$37,$0,$16,$16,$54,$0,$137,$-1,$691,$745,$39,$8,$19,$26,$-4,$-14,$0,$2,$-14,$51,$-49,$0,$0,$0,$-1,$-1,$2,$-48,$0,$0,$0,$0,$0,$0,$-1,$-1,$2,$1,$0
38,2009-03-31,17.83,$9.02,1.98,$5.60,3.18,$2.60,6.86,$1.29,13.82,$0.20B,$0.03B,6.23,$0.00B,$0.68B,0.0,$0.42B,$0.25B,58.47%,$0.42B,$0.21B,50.60%,$0.42B,$0.21B,50.60%,$0.42B,$0.22B,53.22%,$0.42B,$0.21B,49.88%,$0.42B,$0.14B,32.22%,$0.14B,$0.68B,21.34%,$0.14B,$0.68B,21.34%,$0.14B,$0.73B,19.64%,$0.21B,$0.68B,33.52%,$89,$42,$47,$0,$7,$49,$40,$-0,$40,$15,$25,$25,$25,$44,$40,$75,75,$0.33,$0.33,$102,$55,$0,$201,$157,$0,$0,$8,$524,$725,$32,$0,$15,$17,$49,$0,$123,$-1,$676,$725,$25,$3,$7,$10,$-22,$-6,$0,$2,$-19,$17,$-30,$0,$0,$0,$0,$0,$0,$-30,$0,$0,$0,$0,$0,$0,$-1,$-1,$-14,$0,$0
