,Date,Stock Price,Book Value per Share,Price to Book Ratio,TTM Sales per Share,Price to Sales Ratio,TTM FCF per Share,Price to FCF Ratio,TTM Net EPS,PE Ratio,Current Assets,Current Liabilities,Current Ratio,Long Term Debt,Shareholder's Equity_x,Debt to Equity Ratio,TTM Revenue_x,TTM Gross Profit,Gross Margin,TTM Revenue_y,TTM Operating Income,Operating Margin,TTM Revenue_x,TTM EBIT,EBIT Margin,TTM Revenue_y,TTM EBITDA,EBITDA Margin,TTM Revenue_x,TTM Pre-Tax Income,Pre-Tax Margin,TTM Revenue_y,TTM Net Income_x,Net Margin,TTM Net Income_y,Shareholder's Equity_y,Return on Equity,TTM Net Income_x,Tangible Equity,Return on Tangible Equity,TTM Net Income_y,Total Assets,Return on Assets,TTM Net Income,LT Investments & Debt,Return on Investment,revenue,cost-goods-sold,gross-profit,research-development-expenses,selling-general-administrative-expenses,operating-expenses,operating-income,total-non-operating-income-expense,pre-tax-income,total-provision-income-taxes,income-after-taxes,income-from-continuous-operations,net-income,ebitda,ebit,basic-shares-outstanding,shares-outstanding,eps-basic-net-earnings-per-share,eps-earnings-per-share-diluted,cash-on-hand,inventory,other-current-assets,total-current-assets,net-property-plant-equipment,long-term-investments,goodwill-intangible-assets-total,other-long-term-assets,total-long-term-assets,total-assets,total-current-liabilities,long-term-debt,other-non-current-liabilities,total-long-term-liabilities,total-liabilities,common-stock-net,retained-earnings-accumulated-deficit,comprehensive-income,total-share-holder-equity,total-liabilities-share-holders-equity,net-income-loss,total-depreciation-amortization-cash-flow,other-non-cash-items,total-non-cash-items,change-in-accounts-receivable,change-in-inventories,change-in-accounts-payable,change-in-assets-liabilities,total-change-in-assets-liabilities,cash-flow-from-operating-activities,net-change-in-property-plant-equipment,net-change-in-intangible-assets,net-acquisitions-divestitures,net-change-in-short-term-investments,net-change-in-long-term-investments,net-change-in-investments-total,investing-activities-other,cash-flow-from-investing-activities,net-long-term-debt,net-current-debt,debt-issuance-retirement-net-total,net-common-equity-issued-repurchased,net-total-equity-issued-repurchased,total-common-preferred-stock-dividends-paid,financial-activities-other,cash-flow-from-financial-activities,net-cash-flow,stock-based-compensation,common-stock-dividends-paid
0,2018-09-30,102.3,$29.90,3.42,$60.98,1.68,$8.03,12.74,$6.14,16.66,$6.08B,$4.32B,1.41,$3.74B,$7.34B,0.51,$15.39B,$4.75B,30.84%,$15.39B,$1.86B,12.06%,$15.39B,$1.86B,12.06%,$15.39B,$2.22B,14.44%,$15.39B,$1.61B,10.45%,$15.39B,$1.54B,10.02%,$1.54B,$7.34B,21.65%,$1.54B,$-2.33B,-59.26%,$1.54B,$18.31B,8.43%,$1.86B,$11.08B,17.40%,$4031,$2718,$1313,$0,$726,$3444,$587,$-57,$530,$-1,$531,$531,$515,$672,$587,$246,250,$2.09,$2.06,$1023,$1821,$487,$6083,$1673,$0,$9669,$880,$12222,$18305,$4324,$3740,$1080,$6637,$10961,$270,$9625,$-920,$7343,$18305,$1096,$273,$102,$375,$0,$0,$0,$-574,$-574,$897,$-251,$0,$-282,$0,$0,$0,$12,$-521,$24,$-6,$18,$-514,$-514,$-392,$20,$-869,$-527,$0,$-392
1,2018-06-30,89.73,$27.82,3.23,$59.12,1.52,$8.26,10.87,$5.51,16.28,$6.16B,$4.75B,1.3,$3.74B,$6.82B,0.55,$15.03B,$4.62B,30.70%,$15.03B,$1.78B,11.81%,$15.03B,$1.78B,11.81%,$15.03B,$2.14B,14.26%,$15.03B,$1.52B,10.14%,$15.03B,$1.40B,9.28%,$1.40B,$6.82B,19.92%,$1.40B,$-2.88B,-51.49%,$1.40B,$18.38B,7.68%,$1.78B,$10.56B,17.15%,$4358,$2964,$1394,$0,$753,$3717,$640,$-54,$587,$128,$459,$459,$448,$735,$640,$248,250,$1.81,$1.79,$970,$1733,$512,$6162,$1647,$0,$9706,$863,$12216,$18378,$4753,$3739,$1080,$6802,$11554,$270,$9110,$-905,$6824,$18378,$577,$188,$80,$267,$0,$0,$0,$-466,$-466,$378,$-163,$0,$-282,$0,$0,$0,$0,$-445,$24,$243,$267,$-500,$-500,$-257,$-1,$-491,$-580,$0,$-257
2,2018-03-31,85.09,$28.79,2.96,$56.74,1.5,$8.66,9.83,$5.10,16.68,$6.07B,$4.32B,1.41,$3.75B,$7.14B,0.53,$14.58B,$4.48B,30.70%,$14.58B,$1.69B,11.62%,$14.58B,$1.69B,11.62%,$14.58B,$2.05B,14.09%,$14.58B,$1.43B,9.80%,$14.58B,$1.31B,8.96%,$1.31B,$7.14B,18.67%,$1.31B,$-2.74B,-48.86%,$1.31B,$18.37B,7.25%,$1.69B,$10.89B,16.39%,$3385,$2420,$964,$0,$721,$3141,$243,$-77,$167,$33,$134,$134,$120,$337,$243,$250,253,$0.48,$0.48,$1175,$1779,$602,$6072,$1611,$0,$9875,$807,$12294,$18365,$4321,$3746,$1125,$6904,$11225,$273,$8904,$-627,$7140,$18365,$124,$93,$47,$140,$0,$0,$0,$-331,$-331,$-66,$-52,$0,$-202,$0,$-4,$-4,$0,$-258,$32,$248,$280,$-250,$-250,$-123,$-3,$-96,$-374,$0,$-123
3,2017-12-31,88.3,$28.89,3.06,$54.79,1.61,$8.83,10.0,$5.07,17.42,$6.12B,$4.83B,1.27,$2.96B,$7.21B,0.41,$14.20B,$4.39B,30.90%,$14.20B,$1.67B,11.73%,$14.20B,$1.67B,11.73%,$14.20B,$2.02B,14.22%,$14.20B,$1.42B,9.99%,$14.20B,$1.30B,9.18%,$1.30B,$7.21B,18.95%,$1.30B,$-2.47B,-48.47%,$1.30B,$18.17B,7.35%,$1.67B,$10.16B,16.32%,$3618,$2543,$1076,$0,$689,$3232,$387,$-62,$325,$-163,$488,$488,$460,$478,$387,$255,258,$1.81,$1.79,$1549,$1555,$537,$6119,$1551,$0,$9679,$824,$12054,$18173,$4828,$2957,$1139,$6138,$10966,$274,$8903,$-779,$7207,$18173,$1312,$353,$-62,$292,$-157,$-112,$167,$21,$-81,$1524,$-220,$0,$-158,$0,$0,$0,$3,$-375,$0,$-12,$-12,$-940,$-940,$-446,$-35,$-1433,$-165,$0,$-446
4,2017-09-30,87.82,$27.32,3.21,$53.61,1.64,$8.93,9.84,$4.01,21.9,$5.81B,$4.69B,1.24,$2.96B,$6.84B,0.43,$13.94B,$4.32B,31.01%,$13.94B,$1.63B,11.71%,$13.94B,$1.63B,11.71%,$13.94B,$1.98B,14.21%,$13.94B,$1.36B,9.76%,$13.94B,$1.04B,7.48%,$1.04B,$6.84B,15.43%,$1.04B,$-2.75B,-37.87%,$1.04B,$17.72B,5.94%,$1.63B,$9.80B,15.89%,$3671,$2490,$1181,$0,$675,$3164,$506,$-62,$445,$76,$368,$368,$367,$594,$506,$253,257,$1.45,$1.43,$1259,$1661,$426,$5814,$1529,$0,$9592,$788,$11909,$17723,$4689,$2956,$1023,$6190,$10878,$274,$8556,$-877,$6844,$17723,$855,$262,$147,$409,$0,$0,$0,$-391,$-391,$873,$-150,$0,$-60,$0,$0,$0,$4,$-206,$-8,$-4,$-12,$-911,$-911,$-334,$34,$-1223,$-456,$0,$-334
5,2017-06-30,89.53,$26.75,3.35,$52.94,1.69,$9.90,9.04,$4.02,22.27,$5.86B,$3.90B,1.5,$3.71B,$6.79B,0.55,$13.84B,$4.30B,31.06%,$13.84B,$1.64B,11.84%,$13.84B,$1.64B,11.84%,$13.84B,$1.99B,14.36%,$13.84B,$1.37B,9.88%,$13.84B,$1.05B,7.60%,$1.05B,$6.79B,15.59%,$1.05B,$-2.74B,-38.14%,$1.05B,$17.77B,6.00%,$1.64B,$10.50B,15.66%,$3908,$2653,$1255,$0,$698,$3351,$558,$-66,$492,$138,$354,$354,$359,$645,$558,$256,260,$1.40,$1.38,$1310,$1605,$344,$5855,$1510,$0,$9530,$879,$11919,$17774,$3904,$3705,$1124,$7076,$10980,$274,$8303,$-994,$6794,$17774,$483,$174,$71,$246,$0,$0,$0,$-323,$-323,$406,$-80,$0,$-40,$0,$0,$0,$1,$-119,$-8,$0,$-8,$-575,$-575,$-212,$28,$-767,$-405,$0,$-212
6,2017-03-31,79.31,$25.85,3.07,$51.99,1.53,$9.97,7.95,$5.50,14.42,$5.41B,$3.53B,1.53,$3.71B,$6.65B,0.56,$13.62B,$4.22B,31.02%,$13.62B,$1.59B,11.70%,$13.62B,$1.59B,11.70%,$13.62B,$1.94B,14.27%,$13.62B,$1.73B,12.68%,$13.62B,$1.44B,10.58%,$1.44B,$6.65B,21.60%,$1.44B,$-2.80B,-50.35%,$1.44B,$17.26B,8.26%,$1.59B,$10.37B,15.34%,$3001,$2126,$875,$0,$660,$2786,$215,$-59,$156,$29,$128,$128,$117,$302,$215,$259,263,$0.45,$0.45,$1323,$1600,$292,$5414,$1498,$0,$9452,$896,$11846,$17260,$3534,$3711,$1129,$7072,$10606,$273,$8048,$-1170,$6654,$17260,$121,$87,$42,$129,$0,$0,$0,$-293,$-293,$-43,$-35,$0,$-10,$0,$0,$0,$0,$-45,$0,$0,$0,$-250,$-250,$-110,$18,$-342,$-392,$0,$-110
7,2016-12-31,72.81,$25.94,2.81,$51.64,1.41,$10.09,7.22,$5.63,12.93,$5.58B,$3.59B,1.55,$3.71B,$6.72B,0.55,$13.51B,$4.20B,31.11%,$13.51B,$1.60B,11.87%,$13.51B,$1.60B,11.87%,$13.51B,$1.95B,14.46%,$13.51B,$1.74B,12.90%,$13.51B,$1.48B,10.93%,$1.48B,$6.72B,22.81%,$1.48B,$-2.73B,-47.29%,$1.48B,$17.40B,8.49%,$1.60B,$10.43B,15.74%,$3359,$2347,$1012,$0,$659,$3006,$353,$-85,$268,$64,$204,$204,$199,$440,$353,$259,262,$0.79,$0.77,$1715,$1386,$256,$5579,$1511,$0,$9444,$864,$11818,$17397,$3590,$3709,$1138,$7089,$10679,$272,$8019,$-1291,$6718,$17397,$1493,$352,$-306,$46,$-101,$27,$104,$-46,$-17,$1522,$-173,$0,$413,$0,$0,$0,$0,$240,$0,$-151,$-151,$-187,$-187,$-363,$-26,$-727,$978,$0,$-363
8,2016-09-30,65.59,$26.46,2.48,$51.22,1.28,$7.39,8.88,$5.76,11.39,$5.72B,$3.70B,1.54,$3.71B,$6.83B,0.54,$13.48B,$4.20B,31.16%,$13.48B,$1.64B,12.19%,$13.48B,$1.64B,12.19%,$13.48B,$2.00B,14.86%,$13.48B,$1.78B,13.22%,$13.48B,$1.51B,11.21%,$1.51B,$6.83B,24.14%,$1.51B,$-2.77B,-44.65%,$1.51B,$17.72B,8.78%,$1.64B,$10.54B,16.47%,$3568,$2413,$1155,$0,$643,$3056,$512,$-61,$451,$83,$368,$368,$377,$600,$512,$259,262,$1.45,$1.44,$1505,$1556,$293,$5715,$1549,$0,$9604,$852,$12005,$17720,$3703,$3709,$1146,$7185,$10889,$271,$7926,$-1033,$6831,$17720,$1290,$265,$-240,$25,$0,$0,$0,$-198,$-198,$1117,$-125,$0,$-9,$0,$423,$423,$0,$288,$0,$-151,$-151,$-250,$-250,$-259,$14,$-646,$768,$0,$-259
9,2016-06-30,61.18,$25.14,2.43,$50.59,1.21,$3.95,15.48,$5.44,11.25,$5.39B,$3.77B,1.43,$3.73B,$6.48B,0.58,$13.40B,$4.15B,31.00%,$13.40B,$1.61B,11.99%,$13.40B,$1.61B,11.99%,$13.40B,$1.97B,14.68%,$13.40B,$1.76B,13.16%,$13.40B,$1.44B,10.71%,$1.44B,$6.48B,23.91%,$1.44B,$-3.15B,-39.05%,$1.44B,$17.43B,8.33%,$1.61B,$10.20B,16.52%,$3688,$2507,$1182,$0,$668,$3175,$513,$338,$852,$93,$759,$759,$748,$601,$513,$259,262,$2.88,$2.86,$929,$1601,$365,$5393,$1561,$0,$9630,$847,$12038,$17431,$3767,$3725,$1127,$7185,$10953,$270,$7632,$-1054,$6478,$17431,$908,$176,$-341,$-165,$0,$0,$0,$-315,$-315,$428,$-81,$0,$-9,$0,$423,$423,$0,$333,$0,$-151,$-151,$-250,$-250,$-169,$-1,$-571,$192,$0,$-169
10,2016-03-31,59.29,$22.75,2.61,$49.85,1.19,$2.85,20.82,$2.87,20.66,$4.81B,$3.93B,1.23,$3.72B,$5.85B,0.64,$13.31B,$4.08B,30.63%,$13.31B,$1.55B,11.61%,$13.31B,$1.55B,11.61%,$13.31B,$1.91B,14.35%,$13.31B,$1.33B,9.99%,$13.31B,$0.77B,5.76%,$0.77B,$5.85B,13.08%,$0.77B,$-3.84B,-19.84%,$0.77B,$16.95B,4.42%,$1.55B,$9.57B,16.13%,$2894,$2041,$853,$0,$628,$2669,$225,$-55,$171,$42,$129,$129,$152,$313,$225,$259,261,$0.58,$0.58,$613,$1613,$432,$4813,$1582,$0,$9688,$870,$12140,$16953,$3930,$3715,$1143,$7170,$11100,$270,$6967,$-979,$5853,$16953,$156,$88,$-10,$78,$0,$0,$0,$-241,$-241,$-8,$-40,$0,$0,$0,$0,$0,$0,$-40,$0,$254,$254,$-250,$-250,$-89,$-13,$-98,$-124,$0,$-89
11,2015-12-31,52.57,$22.50,2.34,$49.53,1.06,$2.37,22.16,$2.48,21.2,$4.61B,$3.65B,1.26,$3.71B,$5.88B,0.63,$13.30B,$4.02B,30.25%,$13.30B,$1.49B,11.21%,$13.30B,$1.49B,11.21%,$13.30B,$1.86B,13.95%,$13.30B,$1.25B,9.38%,$13.30B,$0.67B,5.00%,$0.67B,$5.88B,11.39%,$0.67B,$-3.78B,-17.07%,$0.67B,$16.72B,3.81%,$1.49B,$9.59B,15.58%,$3326,$2317,$1009,$0,$616,$2933,$393,$-85,$308,$69,$239,$239,$234,$488,$393,$265,268,$0.90,$0.88,$737,$1411,$311,$4609,$1575,$0,$9656,$877,$12108,$16718,$3648,$3714,$1170,$7190,$10838,$269,$6898,$-1121,$5879,$16718,$683,$364,$147,$511,$-80,$-6,$-41,$-178,$-305,$888,$-231,$0,$-962,$0,$0,$0,$0,$-1193,$-24,$30,$6,$-189,$-189,$-313,$-33,$-528,$-968,$0,$-313
12,2015-09-30,48.02,$22.18,2.16,$48.93,0.98,$2.67,18.01,$2.55,18.83,$5.54B,$4.54B,1.22,$3.74B,$5.80B,0.64,$13.22B,$4.00B,30.23%,$13.22B,$1.44B,10.93%,$13.22B,$1.44B,10.93%,$13.22B,$1.80B,13.59%,$13.22B,$1.23B,9.29%,$13.22B,$0.69B,5.19%,$0.69B,$5.80B,11.67%,$0.69B,$-3.94B,-18.37%,$0.69B,$17.82B,3.90%,$1.44B,$9.53B,15.02%,$3487,$2379,$1108,$0,$632,$3012,$475,$-44,$432,$114,$318,$318,$301,$564,$475,$266,268,$1.13,$1.12,$652,$1578,$684,$5535,$1580,$0,$9732,$978,$12289,$17824,$4536,$3735,$1213,$7491,$12027,$269,$6742,$-1035,$5797,$17824,$444,$269,$90,$360,$0,$0,$0,$-551,$-551,$253,$-159,$0,$-952,$0,$0,$0,$0,$-1111,$-24,$363,$339,$-233,$-233,$-236,$55,$-76,$-1054,$0,$-236
13,2015-06-30,63.43,$22.19,2.86,$48.40,1.31,$3.62,17.54,$2.50,25.37,$5.53B,$4.46B,1.24,$3.74B,$5.89B,0.63,$13.11B,$3.95B,30.08%,$13.11B,$1.41B,10.74%,$13.11B,$1.41B,10.74%,$13.11B,$1.75B,13.38%,$13.11B,$1.19B,9.10%,$13.11B,$0.68B,5.15%,$0.68B,$5.89B,11.24%,$0.68B,$-3.89B,-19.40%,$0.68B,$17.89B,3.89%,$1.41B,$9.62B,14.86%,$3600,$2495,$1106,$0,$654,$3148,$452,$-34,$418,$331,$87,$87,$79,$545,$452,$267,269,$0.29,$0.29,$780,$1635,$291,$5529,$1586,$0,$9781,$991,$12358,$17887,$4458,$3735,$1234,$7542,$11999,$269,$6518,$-933,$5888,$17887,$138,$181,$85,$265,$0,$0,$0,$-234,$-234,$170,$-110,$0,$-942,$0,$0,$0,$0,$-1051,$-24,$185,$161,$0,$0,$-157,$45,$50,$-926,$0,$-157
14,2015-03-31,63.78,$21.87,2.92,$47.95,1.33,$3.54,18.0,$3.33,19.15,$5.11B,$3.98B,1.28,$3.74B,$5.79B,0.65,$13.06B,$3.94B,30.19%,$13.06B,$1.42B,10.88%,$13.06B,$1.42B,10.88%,$13.06B,$1.76B,13.46%,$13.06B,$1.19B,9.14%,$13.06B,$0.90B,6.92%,$0.90B,$5.79B,14.68%,$0.90B,$-3.98B,-27.82%,$0.90B,$17.41B,5.26%,$1.42B,$9.53B,15.19%,$2888,$2087,$801,$0,$630,$2717,$171,$-82,$90,$27,$63,$63,$51,$259,$171,$265,269,$0.19,$0.19,$734,$1613,$271,$5105,$1564,$0,$9766,$974,$12304,$17409,$3978,$3742,$1243,$7645,$11623,$268,$6516,$-995,$5787,$17409,$55,$88,$61,$149,$0,$0,$0,$-330,$-330,$-125,$-52,$0,$-942,$0,$0,$0,$0,$-993,$-16,$327,$311,$0,$0,$-74,$20,$257,$-971,$0,$-74
15,2014-12-31,59.13,$23.00,2.57,$46.84,1.26,$3.61,16.38,$3.42,17.29,$5.71B,$3.67B,1.56,$3.74B,$6.05B,0.62,$12.89B,$3.91B,30.32%,$12.89B,$1.40B,10.89%,$12.89B,$1.40B,10.89%,$12.89B,$1.74B,13.47%,$12.89B,$1.21B,9.38%,$12.89B,$0.93B,7.22%,$0.93B,$6.05B,14.80%,$0.93B,$-3.13B,-30.84%,$0.93B,$17.30B,5.47%,$1.40B,$9.79B,15.03%,$3241,$2261,$980,$0,$633,$2894,$346,$-58,$288,$71,$217,$217,$255,$428,$346,$271,274,$0.94,$0.93,$1705,$1359,$225,$5708,$1477,$0,$9174,$940,$11591,$17299,$3666,$3742,$1233,$7587,$11253,$266,$6541,$-714,$6045,$17299,$950,$332,$-88,$244,$-120,$-230,$157,$-29,$-221,$973,$-219,$0,$-8,$0,$0,$0,$30,$-197,$601,$100,$700,$-1262,$-1262,$-286,$-12,$-860,$-232,$0,$-286
16,2014-09-30,52.36,$23.83,2.2,$45.42,1.15,$3.79,13.82,$2.63,19.91,$5.17B,$4.13B,1.25,$2.65B,$6.33B,0.42,$12.75B,$3.81B,29.91%,$12.75B,$1.28B,10.01%,$12.75B,$1.28B,10.01%,$12.75B,$1.61B,12.63%,$12.75B,$1.09B,8.51%,$12.75B,$0.72B,5.68%,$0.72B,$6.33B,11.03%,$0.72B,$-2.93B,-25.67%,$0.72B,$16.87B,4.23%,$1.28B,$8.98B,13.48%,$3385,$2327,$1058,$0,$618,$2945,$440,$-43,$397,$94,$303,$303,$291,$522,$440,$268,272,$1.09,$1.07,$937,$1419,$209,$5170,$1466,$0,$9266,$963,$11696,$16866,$4130,$2647,$1270,$6402,$10532,$266,$6351,$-414,$6334,$16866,$690,$251,$6,$256,$0,$0,$0,$-449,$-449,$498,$-144,$0,$-7,$0,$0,$0,$30,$-121,$4,$-0,$4,$-1173,$-1173,$-216,$96,$-1288,$-1001,$0,$-216
17,2014-06-30,57.83,$24.02,2.41,$43.83,1.32,$4.90,11.8,$2.12,27.28,$5.33B,$4.25B,1.25,$2.65B,$6.44B,0.41,$12.58B,$3.75B,29.83%,$12.58B,$1.22B,9.67%,$12.58B,$1.22B,9.67%,$12.58B,$1.55B,12.32%,$12.58B,$0.97B,7.72%,$12.58B,$0.60B,4.76%,$0.60B,$6.44B,8.84%,$0.60B,$-2.94B,-21.16%,$0.60B,$17.16B,3.39%,$1.22B,$9.09B,12.40%,$3543,$2440,$1103,$0,$640,$3080,$463,$-44,$419,$104,$315,$315,$306,$549,$463,$270,274,$1.13,$1.12,$930,$1389,$229,$5327,$1473,$0,$9384,$976,$11833,$17159,$4254,$2647,$1303,$6465,$10719,$268,$6267,$-197,$6440,$17159,$394,$168,$-16,$153,$0,$0,$0,$-415,$-415,$131,$-90,$0,$-5,$0,$0,$0,$30,$-64,$1,$38,$39,$-1013,$-1013,$-148,$66,$-1055,$-1007,$0,$-148
18,2014-03-31,52.75,$23.53,2.24,$42.19,1.25,$5.75,9.17,$2.05,25.73,$4.89B,$3.40B,1.44,$3.15B,$6.35B,0.5,$12.43B,$3.67B,29.52%,$12.43B,$1.14B,9.18%,$12.43B,$1.14B,9.18%,$12.43B,$1.47B,11.84%,$12.43B,$0.88B,7.04%,$12.43B,$0.61B,4.91%,$0.61B,$6.35B,8.76%,$0.61B,$-3.07B,-21.33%,$0.61B,$16.77B,3.31%,$1.14B,$9.50B,11.28%,$2723,$1955,$768,$0,$613,$2568,$155,$-50,$105,$25,$81,$81,$79,$237,$155,$278,282,$0.28,$0.28,$898,$1348,$199,$4886,$1468,$0,$9422,$997,$11888,$16774,$3403,$3152,$1323,$7022,$10424,$271,$6217,$-203,$6350,$16774,$84,$82,$-29,$53,$0,$0,$0,$-259,$-259,$-122,$-45,$0,$-7,$0,$0,$0,$0,$-52,$4,$0,$4,$-788,$-788,$-70,$1,$-852,$-1039,$0,$-70
19,2013-12-31,56.52,$25.23,2.24,$41.27,1.37,$6.11,9.25,$2.06,27.44,$5.72B,$3.41B,1.68,$3.15B,$7.13B,0.44,$12.35B,$3.63B,29.38%,$12.35B,$1.11B,8.96%,$12.35B,$1.11B,8.96%,$12.35B,$1.44B,11.65%,$12.35B,$0.83B,6.72%,$12.35B,$0.62B,5.01%,$0.62B,$7.13B,8.58%,$0.62B,$-2.33B,-21.94%,$0.62B,$17.66B,3.28%,$1.11B,$10.29B,10.90%,$3099,$2215,$884,$0,$666,$2881,$218,$-54,$164,$81,$83,$83,$48,$302,$218,$294,298,$0.18,$0.17,$1937,$1166,$182,$5717,$1468,$0,$9463,$1010,$11941,$17658,$3409,$3154,$1341,$7118,$10527,$283,$6795,$-167,$7131,$17658,$654,$334,$506,$839,$-214,$-39,$141,$-289,$-402,$1092,$-218,$0,$5,$0,$0,$0,$-2,$-215,$283,$9,$292,$-941,$-941,$-258,$1254,$347,$1229,$0,$-258
20,2013-09-30,47.17,$24.95,1.89,$35.47,1.33,$6.31,7.48,$2.68,17.6,$5.63B,$3.85B,1.46,$3.15B,$7.19B,0.44,$10.68B,$2.98B,27.93%,$10.68B,$0.82B,7.70%,$10.68B,$0.82B,7.70%,$10.68B,$1.12B,10.49%,$10.68B,$0.55B,5.12%,$10.68B,$0.81B,7.56%,$0.81B,$7.19B,11.15%,$0.81B,$-2.97B,-28.65%,$0.81B,$19.00B,4.23%,$0.82B,$10.34B,8.26%,$3214,$2218,$997,$0,$617,$2835,$380,$-97,$283,$55,$228,$228,$166,$462,$380,$292,296,$0.57,$0.56,$1084,$1448,$655,$5630,$1652,$0,$10161,$1560,$13372,$19002,$3849,$3154,$1351,$7967,$11815,$289,$6807,$-473,$7187,$19002,$600,$250,$232,$482,$0,$0,$0,$-147,$-147,$882,$-168,$0,$5,$0,$0,$0,$13,$-151,$283,$13,$296,$-603,$-603,$-194,$-21,$-522,$202,$54,$-194
21,2013-06-30,40.19,$24.66,1.63,$36.11,1.11,$5.74,7.0,$3.15,12.76,$6.83B,$5.15B,1.33,$3.16B,$7.18B,0.44,$11.05B,$3.12B,28.25%,$11.05B,$0.89B,8.05%,$11.05B,$0.89B,8.05%,$11.05B,$1.20B,10.84%,$11.05B,$0.67B,6.05%,$11.05B,$0.96B,8.71%,$0.96B,$7.18B,13.15%,$0.96B,$-3.06B,-34.69%,$0.96B,$20.27B,5.07%,$0.89B,$10.33B,9.07%,$3398,$2378,$1021,$0,$633,$3011,$388,$-64,$323,$49,$275,$275,$317,$471,$388,$298,301,$1.07,$1.05,$2201,$1435,$622,$6829,$1663,$0,$10240,$1542,$13445,$20274,$5147,$3155,$1367,$7951,$13098,$292,$6702,$-599,$7176,$20274,$419,$167,$66,$233,$0,$0,$0,$-189,$-189,$429,$-127,$0,$4,$0,$0,$0,$-8,$-131,$1538,$12,$1550,$-359,$-359,$-127,$-19,$1045,$1318,$40,$-127
22,2013-03-31,39.68,$24.58,1.61,$36.98,1.07,$5.39,7.36,$3.26,12.17,$5.12B,$4.17B,1.23,$2.27B,$7.35B,0.31,$11.48B,$3.28B,28.57%,$11.48B,$0.98B,8.54%,$11.48B,$0.98B,8.54%,$11.48B,$1.30B,11.33%,$11.48B,$0.77B,6.67%,$11.48B,$1.01B,8.82%,$1.01B,$7.35B,13.72%,$1.01B,$-2.91B,-36.92%,$1.01B,$18.59B,5.44%,$0.98B,$9.62B,10.01%,$2639,$1913,$726,$0,$606,$2519,$120,$-60,$60,$5,$55,$55,$88,$204,$120,$299,303,$0.29,$0.29,$833,$1466,$599,$5117,$1653,$0,$10262,$1561,$13476,$18593,$4171,$2271,$1383,$7075,$11246,$300,$6446,$-607,$7348,$18593,$95,$84,$-9,$75,$0,$0,$0,$-155,$-155,$-8,$-63,$0,$0,$0,$0,$0,$-4,$-67,$-0,$3,$2,$91,$91,$-63,$-4,$27,$-49,$22,$-63
23,2012-12-31,34.46,$24.46,1.41,$38.34,0.9,$5.52,6.25,$3.28,10.51,$5.99B,$4.33B,1.39,$2.27B,$7.23B,0.31,$11.99B,$3.45B,28.81%,$11.99B,$1.07B,8.94%,$11.99B,$1.07B,8.94%,$11.99B,$1.41B,11.73%,$11.99B,$0.85B,7.07%,$11.99B,$1.02B,8.51%,$1.02B,$7.23B,13.86%,$1.02B,$-2.31B,-36.40%,$1.02B,$18.48B,5.46%,$1.07B,$9.50B,10.79%,$1424,$1186,$238,$0,$299,$1489,$-66,$-53,$-119,$-102,$-17,$-17,$236,$-17,$-66,$304,311,$0.80,$0.78,$708,$1144,$2002,$5994,$1426,$0,$9543,$1519,$12488,$18482,$4326,$2267,$1399,$6927,$11253,$296,$6359,$-521,$7229,$18482,$1044,$334,$202,$536,$-34,$-25,$-13,$-312,$-384,$1195,$-225,$0,$53,$0,$0,$0,$26,$-147,$-419,$6,$-413,$-667,$-667,$-206,$-17,$-1304,$-279,$0,$-206
24,2012-09-30,32.09,$25.02,1.28,$38.13,0.84,$5.39,5.95,$3.26,9.84,$5.23B,$4.33B,1.21,$2.27B,$7.53B,0.3,$12.05B,$3.41B,28.29%,$12.05B,$1.06B,8.76%,$12.05B,$1.06B,8.76%,$12.05B,$1.40B,11.59%,$12.05B,$0.82B,6.77%,$12.05B,$1.03B,8.51%,$1.03B,$7.53B,14.04%,$1.03B,$-2.81B,-33.32%,$1.03B,$18.66B,5.46%,$1.06B,$9.80B,10.53%,$3593,$2454,$1138,$0,$691,$3145,$448,$-43,$405,$65,$339,$339,$322,$540,$448,$308,312,$1.05,$1.03,$930,$1462,$517,$5230,$1619,$0,$10343,$1469,$13431,$18660,$4326,$2272,$1425,$6804,$11130,$303,$6232,$-432,$7530,$18660,$802,$285,$-54,$231,$0,$0,$0,$-324,$-324,$736,$-158,$0,$0,$0,$0,$0,$36,$-122,$-418,$66,$-352,$-317,$-317,$-161,$-7,$-837,$-231,$35,$-161
25,2012-06-30,30.1,$23.96,1.26,$38.11,0.79,$5.49,5.49,$2.48,12.14,$5.37B,$3.91B,1.37,$2.87B,$7.39B,0.39,$12.37B,$3.43B,27.69%,$12.37B,$0.79B,6.38%,$12.37B,$0.79B,6.38%,$12.37B,$1.13B,9.17%,$12.37B,$0.54B,4.39%,$12.37B,$0.79B,6.39%,$0.79B,$7.39B,10.76%,$0.79B,$-2.92B,-25.55%,$0.79B,$18.74B,4.16%,$0.79B,$10.26B,7.72%,$3821,$2644,$1177,$0,$704,$3343,$478,$-58,$420,$55,$365,$365,$366,$573,$478,$309,314,$1.18,$1.16,$903,$1475,$565,$5371,$1609,$0,$10310,$1449,$13368,$18739,$3909,$2872,$1447,$7443,$11352,$309,$5959,$-602,$7387,$18739,$475,$193,$-65,$128,$0,$0,$0,$-306,$-306,$306,$-102,$0,$0,$0,$0,$0,$36,$-66,$-354,$2,$-353,$-10,$-10,$-110,$-7,$-480,$-257,$19,$-110
26,2012-03-31,29.39,$24.43,1.2,$37.62,0.78,$5.66,5.2,$1.58,18.6,$5.37B,$4.10B,1.31,$2.88B,$7.30B,0.4,$12.64B,$3.48B,27.51%,$12.64B,$0.61B,4.83%,$12.64B,$0.61B,4.83%,$12.64B,$0.97B,7.64%,$12.64B,$0.35B,2.79%,$12.64B,$0.52B,4.08%,$0.52B,$7.30B,6.80%,$0.52B,$-3.16B,-17.52%,$0.52B,$18.91B,2.65%,$0.61B,$10.18B,5.83%,$3151,$2249,$901,$0,$690,$2939,$212,$-70,$142,$38,$104,$104,$96,$310,$212,$299,312,$0.32,$0.31,$1090,$1433,$615,$5368,$1640,$0,$10457,$1446,$13543,$18911,$4100,$2879,$1455,$7512,$11612,$299,$5643,$-389,$7299,$18911,$102,$98,$-56,$42,$0,$0,$0,$-219,$-219,$16,$-50,$0,$0,$0,$0,$0,$0,$-50,$-2,$0,$-1,$13,$13,$-51,$-2,$-42,$-71,$7,$-51
27,2011-12-31,21.57,$23.61,0.91,$37.42,0.58,$5.46,3.95,$1.05,20.54,$5.28B,$4.13B,1.28,$2.88B,$7.02B,0.41,$12.76B,$3.48B,27.27%,$12.76B,$0.44B,3.45%,$12.76B,$0.44B,3.45%,$12.76B,$0.80B,6.24%,$12.76B,$0.19B,1.47%,$12.76B,$0.34B,2.68%,$0.34B,$7.02B,4.38%,$0.34B,$-3.42B,-12.30%,$0.34B,$18.84B,1.73%,$0.44B,$9.90B,4.11%,$1485,$1292,$193,$0,$280,$1568,$-82,$-69,$-151,$-124,$-28,$-28,$242,$-26,$-82,$325,339,$0.75,$0.73,$1161,$1278,$355,$5279,$1639,$0,$10438,$1488,$13565,$18844,$4126,$2879,$1495,$7703,$11828,$297,$5548,$-554,$7016,$18844,$369,$359,$689,$1048,$16,$-6,$-55,$-185,$-230,$1187,$-169,$0,$398,$0,$0,$0,$-22,$208,$-88,$36,$-53,$-1049,$-1049,$-158,$13,$-1246,$146,$43,$-158
28,2011-09-30,19.81,$24.60,0.81,$44.88,0.44,$4.02,4.93,$0.91,21.77,$5.94B,$4.33B,1.37,$2.88B,$7.68B,0.38,$15.30B,$4.38B,28.61%,$15.30B,$0.87B,5.69%,$15.30B,$0.87B,5.69%,$15.30B,$1.28B,8.35%,$15.30B,$0.63B,4.09%,$15.30B,$0.31B,2.04%,$0.31B,$7.68B,3.86%,$0.31B,$-2.87B,-12.15%,$0.31B,$19.50B,1.56%,$0.87B,$10.56B,7.93%,$3910,$2756,$1154,$0,$709,$3730,$181,$-48,$132,$28,$104,$104,$86,$277,$181,$328,340,$0.26,$0.25,$1404,$1513,$653,$5936,$1601,$0,$10546,$1419,$13566,$19502,$4333,$2881,$1535,$7490,$11824,$316,$5389,$-270,$7679,$19502,$121,$302,$680,$982,$0,$0,$0,$-424,$-424,$741,$-80,$0,$335,$0,$0,$0,$44,$300,$-78,$26,$-53,$-468,$-468,$-124,$-5,$-650,$390,$31,$-124
29,2011-06-30,31.9,$25.27,1.26,$44.39,0.72,$3.48,9.16,$1.34,23.81,$6.81B,$4.61B,1.48,$2.88B,$8.37B,0.34,$15.12B,$4.31B,28.50%,$15.12B,$1.10B,7.28%,$15.12B,$1.10B,7.28%,$15.12B,$1.53B,10.12%,$15.12B,$0.84B,5.58%,$15.12B,$0.46B,3.03%,$0.46B,$8.37B,5.67%,$0.46B,$-2.34B,-16.35%,$0.46B,$20.54B,2.26%,$1.10B,$11.25B,10.02%,$4091,$2863,$1228,$0,$729,$3793,$299,$-69,$229,$100,$130,$130,$92,$405,$299,$334,351,$0.28,$0.26,$1260,$1591,$1357,$6812,$1640,$0,$10700,$1389,$13728,$20541,$4607,$2881,$1556,$7568,$12176,$332,$5341,$-40,$8365,$20541,$28,$205,$410,$615,$0,$0,$0,$-425,$-425,$333,$-46,$0,$-2,$0,$0,$0,$44,$-3,$-75,$19,$-56,$46,$46,$-81,$-4,$-96,$246,$26,$-81
30,2011-03-31,33.85,$24.77,1.37,$43.00,0.79,$3.23,10.48,$1.66,20.39,$6.36B,$4.35B,1.46,$2.89B,$8.21B,0.35,$14.51B,$4.09B,28.19%,$14.51B,$1.16B,8.02%,$14.51B,$1.16B,8.02%,$14.51B,$1.59B,10.98%,$14.51B,$0.92B,6.31%,$14.51B,$0.56B,3.87%,$0.56B,$8.21B,7.23%,$0.56B,$-2.50B,-17.18%,$0.56B,$20.13B,2.79%,$1.16B,$11.09B,10.89%,$3274,$2369,$905,$0,$677,$3232,$42,$-63,$-22,$41,$-62,$-62,$-78,$140,$42,$331,331,$-0.23,$-0.23,$918,$1578,$1527,$6356,$1662,$0,$10701,$1405,$13769,$20125,$4347,$2888,$1587,$7572,$11919,$331,$5289,$-134,$8206,$20125,$-72,$98,$201,$299,$0,$0,$0,$-347,$-347,$-63,$-39,$0,$-3,$0,$0,$0,$0,$-41,$-2,$-6,$-8,$36,$36,$-27,$-0,$1,$-96,$15,$-27
31,2010-12-31,32.94,$24.56,1.34,$41.33,0.8,$3.25,10.14,$1.88,17.52,$6.29B,$4.29B,1.47,$2.92B,$8.06B,0.36,$14.00B,$3.94B,28.16%,$14.00B,$1.26B,9.01%,$14.00B,$1.26B,9.01%,$14.00B,$1.70B,12.13%,$14.00B,$1.01B,7.22%,$14.00B,$0.64B,4.58%,$0.64B,$8.06B,8.54%,$0.64B,$-2.57B,-17.10%,$0.64B,$19.99B,3.19%,$1.26B,$10.98B,12.11%,$4023,$2934,$1089,$0,$741,$3675,$348,$-61,$287,$47,$240,$240,$212,$455,$348,$325,340,$0.65,$0.63,$1014,$1289,$1168,$6287,$1669,$0,$10629,$1405,$13704,$19991,$4286,$2922,$1609,$7646,$11932,$328,$5389,$-325,$8059,$19991,$665,$437,$319,$756,$-239,$-213,$247,$-521,$-726,$695,$-165,$0,$-14,$0,$0,$0,$0,$-179,$-462,$33,$-429,$145,$145,$-111,$-9,$-404,$138,$74,$-111
32,2010-09-30,24.94,$23.68,1.05,$39.11,0.64,$6.40,3.89,$1.68,14.85,$5.52B,$4.34B,1.27,$2.92B,$7.67B,0.38,$13.14B,$3.77B,28.65%,$13.14B,$1.17B,8.87%,$13.14B,$1.17B,8.87%,$13.14B,$1.60B,12.20%,$13.14B,$0.90B,6.81%,$13.14B,$0.57B,4.32%,$0.57B,$7.67B,7.80%,$0.57B,$-3.80B,-13.44%,$0.57B,$20.24B,2.83%,$1.17B,$10.60B,11.43%,$3730,$2644,$1087,$0,$676,$3320,$411,$-62,$349,$72,$277,$277,$232,$530,$411,$325,339,$0.72,$0.68,$811,$1539,$699,$5515,$1786,$0,$11477,$1458,$14720,$20235,$4338,$2923,$1666,$8224,$12562,$323,$5200,$-394,$7674,$20235,$446,$329,$164,$494,$0,$0,$0,$-437,$-437,$583,$-105,$0,$-6,$0,$0,$0,$0,$-111,$-472,$24,$-448,$48,$48,$-77,$-14,$-491,$-66,$47,$-77
33,2010-06-30,24.04,$22.17,1.08,$38.53,0.62,$9.15,2.63,$1.65,14.57,$5.78B,$4.88B,1.19,$2.91B,$7.16B,0.41,$12.87B,$3.68B,28.55%,$12.87B,$1.08B,8.39%,$12.87B,$1.08B,8.39%,$12.87B,$1.51B,11.71%,$12.87B,$0.79B,6.17%,$12.87B,$0.55B,4.30%,$0.55B,$7.16B,7.72%,$0.55B,$-4.22B,-12.51%,$0.55B,$20.36B,2.76%,$1.08B,$10.07B,10.64%,$3482,$2473,$1009,$0,$646,$3118,$363,$-63,$301,$55,$246,$246,$196,$468,$363,$324,339,$0.61,$0.58,$822,$1430,$709,$5782,$1784,$0,$11372,$1419,$14576,$20357,$4878,$2910,$1681,$8324,$13201,$323,$4991,$-686,$7156,$20357,$208,$210,$79,$288,$0,$0,$0,$-254,$-254,$259,$-67,$0,$-6,$0,$0,$0,$-0,$-73,$-233,$14,$-219,$37,$37,$-53,$-6,$-240,$-55,$35,$-53
34,2010-03-31,24.26,$22.13,1.1,$38.88,0.62,$11.11,2.18,$1.45,16.73,$4.82B,$4.21B,1.15,$2.92B,$7.12B,0.41,$12.84B,$3.60B,28.05%,$12.84B,$0.98B,7.60%,$12.84B,$0.98B,7.60%,$12.84B,$1.40B,10.90%,$12.84B,$0.67B,5.24%,$12.84B,$0.48B,3.73%,$0.48B,$7.12B,6.76%,$0.48B,$-4.41B,-10.43%,$0.48B,$19.72B,2.39%,$0.98B,$10.05B,9.56%,$2766,$2009,$757,$0,$617,$2626,$140,$-65,$74,$54,$20,$20,$1,$245,$140,$323,337,$0.00,$0.00,$599,$1364,$684,$4820,$1856,$0,$11531,$1510,$14897,$19717,$4206,$2924,$1690,$8386,$12592,$322,$4817,$-501,$7124,$19717,$6,$105,$11,$116,$0,$0,$0,$-228,$-228,$-62,$-34,$0,$-3,$0,$0,$0,$1,$-36,$-243,$74,$-170,$10,$10,$-24,$0,$-183,$-278,$19,$-24
35,2009-12-31,24.81,$22.38,1.11,$39.82,0.62,$11.40,2.18,$1.37,18.11,$4.87B,$4.30B,1.13,$2.91B,$7.18B,0.41,$13.01B,$3.57B,27.46%,$13.01B,$0.89B,6.81%,$13.01B,$0.89B,6.81%,$13.01B,$1.31B,10.05%,$13.01B,$0.59B,4.57%,$13.01B,$0.45B,3.47%,$0.45B,$7.18B,6.51%,$0.45B,$-4.47B,-9.41%,$0.45B,$19.99B,2.23%,$0.89B,$10.08B,8.70%,$3166,$2253,$913,$0,$661,$2914,$252,$-81,$171,$22,$149,$149,$139,$360,$252,$321,329,$0.44,$0.42,$877,$1176,$723,$4870,$1889,$0,$11649,$1584,$15122,$19991,$4298,$2905,$1728,$8518,$12815,$321,$4838,$-434,$7176,$19991,$476,$422,$213,$634,$320,$392,$53,$-141,$624,$1735,$-183,$0,$0,$0,$0,$0,$-0,$-183,$46,$-1056,$-1011,$27,$27,$-181,$-44,$-1208,$327,$68,$-181
36,2009-09-30,21.25,$22.45,0.95,$41.68,0.51,$7.33,2.9,$-9.32,0.0,$4.77B,$4.03B,1.18,$3.21B,$7.19B,0.45,$13.33B,$3.55B,26.60%,$13.33B,$-2.84B,-21.32%,$13.33B,$-2.84B,-21.32%,$13.33B,$-2.41B,-18.08%,$13.33B,$-3.16B,-23.66%,$13.33B,$-2.98B,-22.34%,$-2.98B,$7.19B,-43.66%,$-2.98B,$-4.58B,60.25%,$-2.98B,$20.13B,-14.56%,$-2.84B,$10.40B,-28.31%,$3459,$2463,$996,$0,$672,$3134,$325,$-76,$248,$15,$234,$234,$217,$435,$325,$321,332,$0.67,$0.65,$744,$1304,$594,$4772,$1910,$0,$11767,$1684,$15361,$20133,$4030,$3210,$1733,$8917,$12947,$320,$4722,$-311,$7186,$20133,$328,$314,$101,$415,$0,$0,$0,$682,$682,$1515,$-137,$0,$0,$0,$0,$0,$-0,$-137,$38,$-1010,$-973,$8,$8,$-150,$-45,$-1159,$194,$56,$-150
37,2009-06-30,14.44,$21.42,0.67,$44.56,0.32,$2.79,5.17,$-9.27,0.0,$5.07B,$4.37B,1.16,$3.46B,$6.84B,0.51,$14.19B,$3.65B,25.76%,$14.19B,$-2.82B,-19.89%,$14.19B,$-2.82B,-19.89%,$14.19B,$-2.30B,-16.18%,$14.19B,$-3.14B,-22.11%,$14.19B,$-2.97B,-20.91%,$-2.97B,$6.84B,-38.53%,$-2.97B,$-4.91B,59.41%,$-2.97B,$20.43B,-13.57%,$-2.82B,$10.29B,-26.08%,$3452,$2516,$936,$0,$677,$3193,$259,$-79,$180,$34,$146,$146,$122,$360,$259,$321,325,$0.38,$0.38,$793,$1359,$648,$5074,$1925,$0,$11749,$1679,$15352,$20426,$4370,$3455,$1753,$9219,$13589,$319,$4528,$-436,$6837,$20426,$106,$203,$69,$273,$0,$0,$0,$491,$491,$920,$-99,$0,$0,$0,$0,$0,$-0,$-99,$42,$-417,$-375,$1,$1,$-115,$-54,$-542,$243,$37,$-115
38,2009-03-31,9.46,$20.37,0.46,$44.53,0.21,$-1.71,0.0,$-8.77,0.0,$5.02B,$4.63B,1.08,$3.45B,$6.50B,0.53,$13.82B,$3.60B,26.08%,$13.82B,$-2.72B,-19.67%,$13.82B,$-2.72B,-19.67%,$13.82B,$-2.21B,-15.96%,$13.82B,$-2.97B,-21.48%,$13.82B,$-2.83B,-20.51%,$-2.83B,$6.50B,-32.60%,$-2.83B,$-5.21B,57.61%,$-2.83B,$20.36B,-12.19%,$-2.72B,$9.95B,-24.18%,$2933,$2206,$727,$0,$677,$2883,$50,$-55,$-5,$11,$-16,$-16,$-27,$152,$50,$321,321,$-0.08,$-0.08,$494,$1560,$672,$5016,$1936,$0,$11704,$1700,$15340,$20357,$4629,$3449,$1793,$9229,$13858,$319,$4402,$-588,$6499,$20357,$-22,$103,$29,$131,$0,$0,$0,$-41,$-41,$52,$-50,$0,$0,$0,$0,$0,$-0,$-50,$188,$-159,$30,$1,$1,$-57,$-4,$-31,$-57,$22,$-57
39,2008-12-31,11.77,$21.21,0.55,$43.21,0.27,$-4.27,0.0,$-8.03,0.0,$5.40B,$5.51B,0.98,$2.77B,$6.76B,0.41,$13.05B,$3.50B,26.81%,$13.05B,$-2.52B,-19.33%,$13.05B,$-2.52B,-19.33%,$13.05B,$-2.07B,-15.88%,$13.05B,$-2.70B,-20.70%,$13.05B,$-2.62B,-20.11%,$-2.62B,$6.76B,-28.70%,$-2.62B,$-5.07B,95.45%,$-2.62B,$20.93B,-12.12%,$-2.52B,$9.54B,-22.90%,$3488,$2601,$887,$0,$654,$6965,$-3477,$-100,$-3578,$-346,$-3232,$-3232,$-3290,$-3358,$-3477,$301,304,$-10.99,$-10.97,$550,$1615,$722,$5400,$1969,$0,$11834,$1722,$15525,$20925,$5511,$2774,$1827,$8651,$14162,$319,$4547,$-451,$6762,$20925,$-2605,$449,$3492,$3941,$242,$119,$-199,$-1074,$-912,$424,$-229,$0,$-7054,$8,$0,$8,$-31,$-7307,$1980,$1005,$2984,$17,$17,$-230,$-10,$2761,$-4185,$42,$-230
40,2008-09-30,20.89,$33.57,0.62,$39.59,0.53,$-2.47,0.0,$11.30,1.85,$6.12B,$6.24B,0.98,$2.79B,$10.70B,0.26,$11.88B,$3.28B,27.58%,$11.88B,$1.26B,10.56%,$11.88B,$1.26B,10.56%,$11.88B,$1.63B,13.68%,$11.88B,$1.17B,9.85%,$11.88B,$3.19B,26.81%,$3.19B,$10.70B,33.77%,$3.19B,$-4.79B,-465.98%,$3.19B,$25.78B,15.91%,$1.26B,$13.49B,11.64%,$4313,$3209,$1104,$0,$756,$3966,$347,$-82,$266,$26,$239,$239,$228,$550,$347,$320,324,$0.71,$0.70,$742,$1795,$795,$6124,$2085,$0,$15488,$2079,$19652,$25775,$6235,$2785,$1848,$8838,$15072,$319,$7899,$242,$10703,$25775,$681,$330,$78,$407,$0,$0,$0,$-1127,$-1127,$14,$-137,$0,$-7032,$0,$0,$0,$-43,$-7211,$2383,$964,$3347,$16,$16,$-156,$-17,$3191,$-3994,$35,$-156
41,2008-06-30,24.97,$33.88,0.74,$34.03,0.73,$-0.75,0.0,$11.52,2.17,$6.58B,$8.22B,0.8,$1.19B,$10.79B,0.11,$9.81B,$2.80B,28.58%,$9.81B,$1.18B,12.07%,$9.81B,$1.18B,12.07%,$9.81B,$1.38B,14.07%,$9.81B,$1.14B,11.62%,$9.81B,$3.22B,32.88%,$3.22B,$10.79B,40.03%,$3.22B,$-4.61B,497.92%,$3.22B,$25.88B,19.33%,$1.18B,$11.98B,13.25%,$3081,$2196,$885,$0,$523,$2719,$362,$-13,$349,$80,$269,$269,$256,$451,$362,$287,291,$0.89,$0.88,$787,$1801,$915,$6575,$2128,$0,$15398,$1782,$19309,$25884,$8220,$1190,$1838,$6871,$15091,$319,$7728,$498,$10793,$25884,$448,$127,$63,$190,$0,$0,$0,$-1184,$-1184,$-494,$-82,$0,$-7076,$0,$0,$0,$-19,$-7177,$-135,$3901,$3767,$10,$10,$-98,$-4,$3674,$-3948,$26,$-98
42,2008-03-31,29.62,$30.48,0.97,$30.76,0.96,$1.74,17.02,$13.81,2.15,$7.16B,$2.50B,2.87,$0.71B,$8.32B,0.09,$8.95B,$2.55B,28.53%,$8.95B,$1.10B,12.25%,$8.95B,$1.10B,12.25%,$8.95B,$1.24B,13.83%,$8.95B,$1.04B,11.64%,$8.95B,$3.93B,43.93%,$3.93B,$8.32B,57.71%,$3.93B,$3.47B,186.26%,$3.93B,$14.05B,29.55%,$1.10B,$9.03B,14.39%,$2163,$1541,$622,$0,$375,$1916,$247,$16,$263,$47,$216,$216,$182,$285,$247,$274,276,$0.66,$0.66,$4068,$909,$463,$7157,$935,$0,$4851,$1109,$6895,$14052,$2499,$713,$1488,$3235,$5734,$273,$7521,$488,$8319,$14052,$185,$38,$44,$82,$0,$0,$0,$-944,$-944,$-669,$-35,$0,$-22,$0,$0,$0,$5,$-52,$-1,$7,$6,$4,$4,$-49,$20,$-18,$-667,$14,$-49
43,2007-12-31,30.74,$29.01,1.06,$29.30,1.05,$4.46,6.9,$13.85,2.22,$7.70B,$3.24B,2.38,$0.71B,$7.91B,0.09,$8.76B,$2.49B,28.43%,$8.76B,$1.06B,12.07%,$8.76B,$1.06B,12.07%,$8.76B,$1.20B,13.67%,$8.76B,$0.95B,10.86%,$8.76B,$3.97B,45.28%,$3.97B,$7.91B,65.26%,$3.97B,$3.19B,311.40%,$3.97B,$14.38B,30.77%,$1.06B,$8.62B,15.26%,$2323,$1658,$665,$0,$366,$2025,$299,$-7,$292,$106,$185,$185,$2519,$339,$299,$291,295,$8.78,$8.64,$4735,$827,$478,$7701,$905,$0,$4718,$1053,$6676,$14376,$3236,$713,$941,$3233,$6468,$273,$7389,$247,$7908,$14376,$3990,$139,$-3036,$-2897,$46,$75,$-88,$-300,$-266,$826,$-106,$0,$6129,$1,$0,$1,$29,$6052,$-140,$-410,$-550,$-1840,$-1840,$-215,$36,$-2569,$4380,$31,$-215
44,2007-09-30,35.9,$19.07,1.88,$25.84,1.39,$4.11,8.73,$5.51,6.52,$5.52B,$4.20B,1.32,$0.90B,$5.20B,0.17,$7.87B,$2.26B,28.76%,$7.87B,$0.92B,11.68%,$7.87B,$0.92B,11.68%,$7.87B,$1.05B,13.40%,$7.87B,$0.78B,9.93%,$7.87B,$1.67B,21.25%,$1.67B,$5.20B,30.64%,$1.67B,$0.54B,242.00%,$1.67B,$12.39B,13.54%,$0.92B,$6.10B,14.46%,$2239,$1608,$631,$0,$355,$1963,$276,$-41,$235,$38,$198,$198,$267,$305,$276,$283,289,$0.94,$0.92,$439,$923,$2020,$5522,$901,$0,$4656,$1311,$6867,$12389,$4199,$902,$1184,$2995,$7195,$273,$4920,$2,$5195,$12389,$1448,$99,$-861,$-762,$0,$0,$0,$-264,$-264,$465,$-78,$0,$1265,$0,$0,$0,$31,$1218,$-12,$408,$395,$148,$-1793,$-161,$0,$-1559,$82,$25,$-161
45,2007-06-30,36.0,$20.35,1.77,$24.46,1.47,$4.26,8.46,$5.35,6.73,$5.66B,$3.58B,1.58,$0.90B,$5.83B,0.15,$7.66B,$2.20B,28.76%,$7.66B,$0.91B,11.90%,$7.66B,$0.91B,11.90%,$7.66B,$1.06B,13.78%,$7.66B,$0.78B,10.19%,$7.66B,$1.65B,21.50%,$1.65B,$5.83B,29.56%,$1.65B,$1.25B,249.22%,$1.65B,$12.41B,13.52%,$0.91B,$6.73B,13.94%,$2225,$1590,$635,$0,$361,$1951,$274,$-22,$252,$44,$208,$208,$964,$309,$274,$300,304,$3.21,$3.17,$461,$919,$2131,$5664,$873,$0,$4585,$1284,$6742,$12406,$3578,$895,$1116,$2996,$6574,$293,$5693,$-154,$5832,$12406,$1182,$71,$-799,$-729,$0,$0,$0,$-250,$-250,$204,$-49,$0,$1288,$0,$0,$0,$4,$1243,$-11,$-383,$-395,$121,$-725,$-110,$0,$-1229,$194,$18,$-110
46,2007-03-31,28.37,$17.86,1.59,$23.34,1.22,$4.21,6.74,$3.13,9.06,$4.58B,$3.55B,1.29,$0.90B,$5.39B,0.17,$7.49B,$2.15B,28.77%,$7.49B,$0.89B,11.90%,$7.49B,$0.89B,11.90%,$7.49B,$1.03B,13.74%,$7.49B,$0.75B,9.95%,$7.49B,$1.00B,13.33%,$1.00B,$5.39B,17.72%,$1.00B,$0.12B,180.06%,$1.00B,$12.41B,8.30%,$0.89B,$6.29B,13.36%,$1976,$1416,$560,$0,$352,$1768,$209,$-36,$173,$16,$157,$157,$218,$245,$209,$307,310,$0.71,$0.70,$305,$1250,$629,$4578,$1150,$0,$5266,$1417,$7833,$12411,$3551,$903,$1177,$3474,$7025,$305,$5397,$-316,$5386,$12411,$218,$36,$-49,$-13,$0,$0,$0,$-133,$-133,$80,$-28,$0,$-4,$0,$0,$0,$0,$-31,$-2,$104,$102,$-89,$-89,$-55,$0,$-42,$-51,$12,$-55
47,2006-12-31,25.49,$17.62,1.45,$24.56,1.04,$4.06,6.29,$3.19,7.99,$5.54B,$4.11B,1.35,$0.91B,$5.41B,0.17,$8.03B,$2.27B,28.21%,$8.03B,$1.00B,12.43%,$8.03B,$1.00B,12.43%,$8.03B,$1.15B,14.29%,$8.03B,$0.86B,10.68%,$8.03B,$1.03B,12.86%,$1.03B,$5.41B,17.93%,$1.03B,$0.86B,151.58%,$1.03B,$12.15B,8.67%,$1.00B,$6.31B,14.54%,$1425,$989,$436,$0,$276,$1265,$160,$-39,$121,$-2,$123,$123,$222,$195,$160,$320,323,$0.73,$0.73,$357,$838,$2862,$5538,$868,$0,$4550,$1190,$6608,$12146,$4112,$905,$603,$2629,$6741,$307,$5456,$-358,$5405,$12146,$1033,$149,$-222,$-73,$-94,$-21,$182,$-213,$-147,$813,$-135,$0,$-50,$156,$0,$156,$0,$-29,$-510,$369,$-141,$-1001,$-1001,$-218,$16,$-1343,$-520,$21,$-218
