,Date,Stock Price,Book Value per Share,Price to Book Ratio,TTM Sales per Share,Price to Sales Ratio,TTM FCF per Share,Price to FCF Ratio,TTM Net EPS,PE Ratio,Current Assets,Current Liabilities,Current Ratio,Long Term Debt,Shareholder's Equity_x,Debt to Equity Ratio,TTM Revenue_x,TTM Gross Profit,Gross Margin,TTM Revenue_y,TTM Operating Income,Operating Margin,TTM Revenue_x,TTM EBIT,EBIT Margin,TTM Revenue_y,TTM EBITDA,EBITDA Margin,TTM Revenue_x,TTM Pre-Tax Income,Pre-Tax Margin,TTM Revenue_y,TTM Net Income_x,Net Margin,TTM Net Income_y,Shareholder's Equity_y,Return on Equity,TTM Net Income_x,Tangible Equity,Return on Tangible Equity,TTM Net Income_y,Total Assets,Return on Assets,TTM Net Income,LT Investments & Debt,Return on Investment,revenue,cost-goods-sold,gross-profit,research-development-expenses,selling-general-administrative-expenses,operating-expenses,operating-income,total-non-operating-income-expense,pre-tax-income,total-provision-income-taxes,income-after-taxes,income-from-continuous-operations,net-income,ebitda,ebit,basic-shares-outstanding,shares-outstanding,eps-basic-net-earnings-per-share,eps-earnings-per-share-diluted,cash-on-hand,inventory,other-current-assets,total-current-assets,net-property-plant-equipment,long-term-investments,goodwill-intangible-assets-total,other-long-term-assets,total-long-term-assets,total-assets,total-current-liabilities,long-term-debt,other-non-current-liabilities,total-long-term-liabilities,total-liabilities,common-stock-net,retained-earnings-accumulated-deficit,comprehensive-income,total-share-holder-equity,total-liabilities-share-holders-equity,net-income-loss,total-depreciation-amortization-cash-flow,other-non-cash-items,total-non-cash-items,change-in-accounts-receivable,change-in-inventories,change-in-accounts-payable,change-in-assets-liabilities,total-change-in-assets-liabilities,cash-flow-from-operating-activities,net-change-in-property-plant-equipment,net-change-in-intangible-assets,net-acquisitions-divestitures,net-change-in-short-term-investments,net-change-in-long-term-investments,net-change-in-investments-total,investing-activities-other,cash-flow-from-investing-activities,net-long-term-debt,net-current-debt,debt-issuance-retirement-net-total,net-common-equity-issued-repurchased,net-total-equity-issued-repurchased,total-common-preferred-stock-dividends-paid,financial-activities-other,cash-flow-from-financial-activities,net-cash-flow,stock-based-compensation,common-stock-dividends-paid
0,2018-06-30,30.99,$61.82,0.5,$9.69,3.2,$13.96,2.22,$29.25,1.06,$0.55B,$0.13B,4.27,$0.81B,$1.95B,0.42,$0.30B,$0.20B,64.14%,$0.30B,$1.05B,344.74%,$0.30B,$1.05B,344.74%,$0.30B,$1.05B,345.07%,$0.30B,$0.82B,269.08%,$0.30B,$0.78B,254.93%,$0.78B,$1.95B,43.73%,$0.78B,$1.94B,43.95%,$0.78B,$3.48B,24.99%,$1.05B,$2.76B,43.92%,$64,$21,$43,$0,$9,$-249,$314,$-170,$144,$34,$109,$109,$101,$314,$314,$32,32,$3.19,$3.19,$451,$1,$2,$547,$6,$2848,$11,$11,$2928,$3475,$128,$813,$1,$1400,$1528,$6,$1569,$0,$1947,$3475,$803,$2,$-634,$-632,$-12,$-0,$25,$6,$19,$186,$-0,$-2,$-66,$0,$-144,$-144,$14,$-198,$154,$-1,$153,$0,$0,$-35,$-26,$92,$94,$0,$-35
1,2018-03-31,44.5,$55.81,0.8,$10.50,4.24,$13.92,3.2,$26.39,1.69,$0.43B,$0.09B,4.64,$0.57B,$1.76B,0.32,$0.33B,$0.21B,64.55%,$0.33B,$1.01B,305.76%,$0.33B,$1.01B,305.76%,$0.33B,$1.01B,306.36%,$0.33B,$0.92B,277.88%,$0.33B,$0.83B,251.52%,$0.83B,$1.76B,50.07%,$0.83B,$1.75B,50.31%,$0.83B,$2.96B,28.44%,$1.01B,$2.33B,46.48%,$73,$28,$46,$0,$10,$5,$69,$-31,$38,$7,$31,$31,$30,$69,$69,$32,32,$0.97,$0.97,$345,$1,$0,$431,$6,$2464,$10,$6,$2533,$2964,$93,$567,$1,$1113,$1206,$6,$1391,$0,$1758,$2964,$620,$2,$-511,$-509,$-3,$-0,$11,$3,$10,$121,$-1,$-2,$-2,$0,$-138,$-138,$5,$-138,$155,$-1,$154,$0,$0,$-35,$-29,$90,$76,$0,$-35
2,2017-12-31,56.5,$61.49,0.92,$10.52,5.37,$13.82,4.09,$26.17,2.16,$0.43B,$0.10B,4.32,$0.55B,$1.94B,0.29,$0.33B,$0.21B,64.65%,$0.33B,$0.96B,291.24%,$0.33B,$0.96B,291.24%,$0.33B,$0.96B,290.03%,$0.33B,$0.91B,274.92%,$0.33B,$0.82B,248.64%,$0.82B,$1.94B,52.20%,$0.82B,$1.93B,52.43%,$0.82B,$3.19B,29.14%,$0.96B,$2.49B,47.23%,$86,$31,$55,$0,$9,$-398,$485,$-16,$468,$-82,$551,$551,$535,$485,$485,$32,32,$16.97,$16.97,$335,$2,$1,$425,$7,$2698,$8,$4,$2767,$3192,$98,$553,$1,$1157,$1255,$7,$1526,$0,$1937,$3192,$661,$1,$-575,$-574,$-1,$-0,$2,$-1,$-1,$87,$-0,$-2,$-250,$0,$166,$166,$-2,$-87,$134,$0,$134,$0,$0,$-39,$-11,$84,$87,$0,$-39
3,2017-09-30,56.27,$45.94,1.22,$10.48,5.37,$13.12,4.29,$6.64,8.47,$0.42B,$0.09B,4.53,$0.52B,$1.45B,0.36,$0.33B,$0.21B,63.33%,$0.33B,$0.53B,159.09%,$0.33B,$0.53B,159.09%,$0.33B,$0.53B,159.09%,$0.33B,$0.48B,144.55%,$0.33B,$0.32B,95.45%,$0.32B,$1.45B,28.11%,$0.32B,$1.44B,28.27%,$0.32B,$2.77B,14.44%,$0.53B,$1.97B,34.01%,$81,$30,$51,$0,$8,$-99,$180,$-13,$168,$56,$112,$112,$109,$181,$180,$31,31,$3.46,$3.46,$332,$1,$0,$421,$7,$2282,$7,$4,$2352,$2773,$93,$524,$5,$1233,$1326,$7,$1199,$0,$1447,$2773,$112,$1,$-66,$-65,$-3,$-0,$6,$-3,$0,$47,$-0,$-1,$-10,$0,$-1,$-1,$-52,$-63,$136,$0,$136,$0,$0,$0,$-16,$121,$105,$0,$0
4,2017-06-30,55.78,$47.27,1.18,$10.28,5.43,$12.85,4.34,$3.37,16.55,$0.29B,$0.12B,2.51,$0.41B,$1.49B,0.28,$0.32B,$0.20B,61.92%,$0.32B,$0.38B,117.65%,$0.32B,$0.38B,117.65%,$0.32B,$0.38B,118.58%,$0.32B,$0.32B,100.00%,$0.32B,$0.21B,65.33%,$0.21B,$1.49B,26.74%,$0.21B,$1.48B,27.00%,$0.21B,$2.75B,12.81%,$0.38B,$1.90B,32.28%,$90,$29,$61,$0,$11,$-185,$275,$-25,$243,$82,$161,$161,$156,$276,$275,$32,32,$5.21,$5.21,$193,$1,$3,$292,$8,$2379,$7,$4,$2453,$2745,$117,$409,$1,$1139,$1256,$8,$1215,$0,$1489,$2745,$219,$2,$-58,$-56,$-10,$-0,$26,$8,$24,$186,$-2,$-2,$-47,$0,$-9,$-9,$50,$-10,$-25,$0,$-25,$0,$0,$-4,$-33,$-62,$115,$0,$-4
5,2017-03-31,42.23,$45.53,0.93,$9.92,4.26,$9.76,4.33,$2.33,18.13,$0.27B,$0.09B,2.95,$0.37B,$1.43B,0.26,$0.31B,$0.18B,58.97%,$0.31B,$0.14B,44.23%,$0.31B,$0.14B,44.23%,$0.31B,$0.15B,47.44%,$0.31B,$0.11B,35.90%,$0.31B,$0.08B,24.04%,$0.08B,$1.43B,16.55%,$0.08B,$1.43B,16.82%,$0.08B,$2.59B,6.45%,$0.14B,$1.81B,16.02%,$74,$27,$47,$0,$7,$50,$24,$7,$31,$7,$24,$24,$23,$18,$24,$32,32,$0.72,$0.72,$167,$2,$4,$271,$7,$2252,$7,$0,$2316,$2588,$92,$372,$1,$1061,$1153,$8,$1163,$0,$1434,$2588,$157,$1,$-32,$-31,$-14,$-0,$7,$-1,$-8,$118,$-1,$-1,$-3,$0,$52,$52,$1,$47,$-31,$0,$-31,$0,$0,$-2,$-32,$-64,$101,$1,$-2
6,2016-12-31,45.68,$3.60,12.69,$9.57,4.78,$7.48,6.1,$1.97,23.19,$0.28B,$0.11B,2.49,$0.39B,$0.11B,3.4,$0.30B,$0.17B,56.95%,$0.30B,$0.14B,47.02%,$0.30B,$0.14B,47.02%,$0.30B,$0.16B,52.65%,$0.30B,$0.10B,33.11%,$0.30B,$0.07B,21.52%,$0.07B,$0.11B,53.83%,$0.07B,$0.11B,57.02%,$0.07B,$0.62B,9.01%,$0.14B,$0.50B,26.75%,$85,$35,$50,$0,$10,$39,$46,$-12,$35,$7,$27,$27,$27,$50,$46,$32,32,$0.86,$0.86,$169,$2,$0,$277,$7,$278,$7,$3,$344,$621,$111,$385,$1,$396,$508,$8,$54,$0,$113,$621,$34,$8,$40,$48,$-13,$-0,$-2,$-1,$-16,$65,$-1,$-1,$-8,$0,$-10,$-10,$55,$35,$1,$0,$1,$0,$0,$-2,$-17,$-18,$82,$0,$-2
7,2016-09-30,41.37,$3.80,10.88,$10.16,4.07,$5.44,7.61,$2.03,20.38,$0.29B,$0.11B,2.61,$0.39B,$0.12B,3.22,$0.32B,$0.18B,56.25%,$0.32B,$0.14B,44.69%,$0.32B,$0.14B,44.69%,$0.32B,$0.16B,50.31%,$0.32B,$0.10B,31.56%,$0.32B,$0.07B,20.31%,$0.07B,$0.12B,52.21%,$0.07B,$0.11B,55.32%,$0.07B,$0.63B,8.47%,$0.14B,$0.51B,25.05%,$74,$32,$42,$0,$8,$40,$35,$-20,$14,$8,$7,$7,$5,$39,$35,$31,31,$0.17,$0.17,$153,$1,$1,$289,$8,$284,$11,$1,$345,$633,$111,$386,$4,$403,$513,$8,$60,$0,$120,$633,$7,$4,$26,$30,$2,$-0,$4,$-4,$2,$39,$-0,$-0,$-6,$0,$-5,$-5,$-2,$-14,$-4,$0,$-4,$0,$0,$0,$-17,$-21,$5,$0,$0
8,2016-06-30,36.34,$4.63,7.84,$10.60,3.43,$5.46,6.66,$2.21,16.45,$0.36B,$0.16B,2.25,$0.49B,$0.15B,3.35,$0.34B,$0.19B,56.38%,$0.34B,$0.17B,49.55%,$0.34B,$0.17B,49.55%,$0.34B,$0.19B,55.49%,$0.34B,$0.11B,31.45%,$0.34B,$0.07B,21.07%,$0.07B,$0.15B,55.36%,$0.07B,$0.14B,58.08%,$0.07B,$0.81B,8.90%,$0.17B,$0.63B,28.35%,$79,$34,$45,$0,$7,$46,$33,$-1,$32,$11,$21,$21,$20,$41,$33,$32,32,$0.66,$0.66,$158,$2,$0,$358,$10,$389,$6,$1,$454,$812,$159,$488,$2,$507,$666,$11,$71,$0,$146,$812,$80,$21,$25,$46,$-53,$-0,$16,$1,$-37,$88,$-1,$-0,$-21,$0,$-15,$-15,$-125,$-163,$-24,$0,$-24,$0,$0,$-3,$78,$51,$-24,$1,$-3
9,2016-03-31,34.93,$3.31,10.56,$10.81,3.23,$7.20,4.85,$2.10,16.63,$0.49B,$0.33B,1.49,$0.38B,$0.10B,3.64,$0.34B,$0.23B,67.15%,$0.34B,$0.22B,63.95%,$0.34B,$0.22B,63.95%,$0.34B,$0.25B,73.55%,$0.34B,$0.16B,46.51%,$0.34B,$0.07B,19.19%,$0.07B,$0.10B,52.80%,$0.07B,$0.10B,55.70%,$0.07B,$0.82B,8.47%,$0.22B,$0.48B,38.75%,$64,$29,$35,$0,$6,$35,$28,$-10,$19,$4,$15,$15,$13,$29,$28,$32,32,$0.39,$0.39,$335,$1,$2,$491,$8,$306,$5,$0,$331,$821,$329,$380,$2,$388,$717,$9,$39,$0,$104,$821,$45,$12,$-15,$-2,$-12,$-0,$17,$-1,$4,$47,$-0,$-0,$-1,$0,$-33,$-33,$0,$-35,$198,$0,$198,$0,$0,$-6,$71,$263,$281,$1,$-6
10,2015-12-31,32.18,$4.05,7.94,$11.31,2.84,$8.69,3.7,$2.08,15.47,$0.32B,$0.14B,2.36,$0.53B,$0.13B,4.16,$0.36B,$0.24B,67.04%,$0.36B,$0.23B,63.41%,$0.36B,$0.23B,63.41%,$0.36B,$0.25B,70.11%,$0.36B,$0.16B,44.97%,$0.36B,$0.07B,18.16%,$0.07B,$0.13B,50.39%,$0.07B,$0.12B,53.61%,$0.07B,$0.81B,8.55%,$0.23B,$0.66B,39.82%,$103,$45,$58,$0,$10,$56,$47,$-11,$36,$4,$32,$32,$27,$52,$47,$31,31,$0.87,$0.87,$110,$2,$5,$318,$11,$453,$7,$0,$486,$805,$135,$532,$1,$542,$677,$13,$38,$0,$128,$805,$43,$12,$15,$27,$-68,$-0,$2,$-3,$-69,$0,$-0,$-0,$-2,$0,$-88,$-88,$-2,$-92,$18,$0,$18,$0,$0,$-7,$66,$77,$-14,$1,$-7
11,2015-09-30,32.01,$4.29,7.47,$8.02,3.99,$8.69,3.68,$1.20,26.68,$0.23B,$0.16B,1.47,$0.44B,$0.14B,3.28,$0.35B,$0.24B,67.92%,$0.35B,$0.22B,62.72%,$0.35B,$0.22B,62.72%,$0.35B,$0.24B,68.21%,$0.35B,$0.16B,46.53%,$0.35B,$0.06B,18.21%,$0.06B,$0.14B,46.67%,$0.06B,$0.13B,49.70%,$0.06B,$0.75B,8.36%,$0.22B,$0.58B,40.13%,$91,$39,$52,$0,$10,$32,$59,$-40,$19,$7,$12,$12,$11,$65,$59,$32,32,$0.34,$0.34,$121,$2,$0,$231,$12,$488,$7,$0,$523,$754,$157,$443,$8,$463,$619,$14,$42,$0,$135,$754,$12,$7,$28,$34,$-5,$0,$5,$-6,$-6,$41,$-0,$0,$0,$0,$-38,$-38,$0,$-38,$36,$0,$36,$0,$0,$-5,$-5,$27,$31,$0,$-5
12,2015-06-30,29.65,$0.00,0.0,$7.51,3.95,$11.66,2.54,$1.20,24.71,$0.17B,$0.18B,0.94,$0.42B,$0.13B,3.12,$0.33B,$0.22B,66.06%,$0.33B,$0.19B,56.06%,$0.33B,$0.19B,56.06%,$0.33B,$0.23B,70.30%,$0.33B,$0.16B,47.58%,$0.33B,$0.06B,19.09%,$0.06B,$0.13B,45.24%,$0.06B,$0.13B,48.37%,$0.06B,$0.74B,9.04%,$0.19B,$0.55B,39.07%,$86,$0,$86,$0,$0,$0,$86,$0,$86,$0,$86,$15,$15,$107,$86,$32,32,$0.48,$0.48,$69,$2,$0,$166,$24,$534,$8,$12,$584,$738,$176,$416,$1,$429,$605,$15,$33,$0,$133,$738,$72,$21,$0,$21,$0,$0,$0,$0,$-2,$146,$-3,$0,$-43,$0,$0,$38,$-40,$-48,$0,$0,$-20,$0,$0,$-17,$-39,$-77,$22,$0,$0
13,2015-03-31,26.99,$0.00,0.0,$6.86,3.94,$9.94,2.71,$0.93,29.03,$0.15B,$0.21B,0.7,$0.37B,$0.12B,3.13,$0.31B,$0.17B,54.72%,$0.31B,$0.13B,41.69%,$0.31B,$0.13B,41.69%,$0.31B,$0.14B,46.91%,$0.31B,$0.08B,27.36%,$0.31B,$0.06B,17.92%,$0.06B,$0.12B,37.93%,$0.06B,$0.11B,40.22%,$0.06B,$0.74B,8.82%,$0.13B,$0.49B,31.16%,$78,$34,$44,$0,$9,$43,$35,$-15,$20,$7,$13,$12,$12,$27,$35,$31,31,$0.37,$0.37,$53,$2,$0,$147,$0,$572,$8,$10,$596,$743,$211,$373,$28,$412,$623,$15,$17,$0,$120,$743,$114,$0,$0,$0,$0,$0,$0,$0,$0,$94,$-2,$0,$-10,$0,$0,$-40,$-7,$-60,$0,$0,$-27,$0,$0,$-16,$7,$-37,$-3,$0,$0
14,2014-12-31,19.96,$0.00,0.0,$7.28,2.74,$9.30,2.15,$1.22,16.36,$0.16B,$0.19B,0.8,$0.39B,$0.15B,2.58,$0.32B,$0.18B,54.94%,$0.32B,$0.14B,42.59%,$0.32B,$0.14B,42.59%,$0.32B,$0.17B,51.54%,$0.32B,$0.10B,30.56%,$0.32B,$0.07B,20.06%,$0.07B,$0.15B,40.44%,$0.07B,$0.14B,42.21%,$0.07B,$0.78B,11.35%,$0.14B,$0.54B,37.15%,$91,$38,$53,$0,$16,$53,$37,$-1,$36,$11,$25,$25,$25,$37,$37,$0,0,$0.00,$0.00,$67,$2,$0,$156,$0,$595,$9,$11,$621,$778,$194,$391,$29,$432,$626,$16,$42,$0,$152,$778,$45,$8,$0,$8,$0,$0,$0,$0,$-6,$66,$-13,$0,$8,$0,$0,$-25,$-16,$-46,$0,$0,$28,$0,$0,$-18,$-27,$-17,$4,$0,$0
15,2014-06-30,18.57,$0.00,0.0,$9.99,1.86,$10.83,1.71,$1.87,9.93,$0.19B,$0.17B,1.15,$0.16B,$0.15B,1.04,$0.32B,$0.17B,54.43%,$0.32B,$0.14B,44.30%,$0.32B,$0.14B,44.30%,$0.32B,$0.17B,55.06%,$0.32B,$0.10B,30.38%,$0.32B,$0.06B,18.99%,$0.06B,$0.15B,34.53%,$0.06B,$0.14B,35.66%,$0.06B,$0.53B,11.53%,$0.14B,$0.31B,43.01%,$75,$39,$35,$0,$9,$48,$27,$-15,$15,$6,$9,$11,$11,$61,$27,$33,33,$0.35,$0.35,$51,$2,$0,$194,$0,$305,$10,$13,$334,$528,$169,$158,$33,$207,$376,$19,$21,$0,$152,$528,$62,$34,$0,$34,$0,$0,$0,$0,$1,$139,$-2,$0,$-2,$0,$0,$-35,$-40,$-78,$0,$0,$3,$0,$0,$-62,$-18,$-78,$-16,$0,$0
16,2014-03-31,14.73,$0.00,0.0,$10.55,1.4,$10.82,1.36,$2.07,7.12,$0.15B,$0.11B,1.48,$0.14B,$0.16B,0.91,$0.33B,$0.19B,57.40%,$0.33B,$0.15B,45.92%,$0.33B,$0.15B,45.92%,$0.33B,$0.16B,48.04%,$0.33B,$0.11B,31.72%,$0.33B,$0.07B,19.94%,$0.07B,$0.16B,35.20%,$0.07B,$0.15B,36.02%,$0.07B,$0.45B,12.12%,$0.15B,$0.30B,44.38%,$63,$27,$36,$0,$6,$34,$29,$-16,$13,$5,$8,$7,$7,$19,$29,$31,31,$0.21,$0.21,$63,$1,$0,$154,$0,$270,$4,$11,$291,$445,$105,$142,$29,$185,$289,$17,$39,$0,$156,$445,$112,$0,$0,$0,$0,$0,$0,$0,$0,$86,$-1,$0,$-0,$0,$0,$-41,$-1,$-43,$0,$0,$-39,$0,$0,$-24,$7,$-55,$-11,$0,$0
17,2013-12-31,18.32,$0.00,0.0,$10.79,1.7,$10.99,1.67,$2.34,7.83,$0.18B,$0.15B,1.2,$0.15B,$0.18B,0.83,$0.34B,$0.19B,56.40%,$0.34B,$0.16B,45.64%,$0.34B,$0.16B,45.64%,$0.34B,$0.18B,52.33%,$0.34B,$0.12B,34.30%,$0.34B,$0.08B,21.80%,$0.08B,$0.18B,36.90%,$0.08B,$0.18B,37.69%,$0.08B,$0.54B,13.02%,$0.16B,$0.34B,43.76%,$95,$41,$54,$0,$9,$50,$45,$-10,$35,$12,$23,$22,$22,$50,$45,$33,33,$0.66,$0.66,$73,$1,$0,$181,$0,$335,$4,$14,$358,$539,$151,$153,$35,$204,$355,$21,$40,$0,$183,$539,$43,$10,$0,$10,$0,$0,$0,$0,$-2,$76,$-1,$0,$-2,$0,$0,$-39,$-6,$-48,$0,$0,$-5,$0,$0,$-29,$-11,$-45,$-16,$0,$0
18,2013-09-30,16.05,$0.00,0.0,$9.29,1.73,$9.67,1.66,$2.01,7.98,$0.18B,$0.14B,1.23,$0.15B,$0.20B,0.76,$0.34B,$0.19B,55.81%,$0.34B,$0.16B,45.35%,$0.34B,$0.16B,45.35%,$0.34B,$0.18B,52.33%,$0.34B,$0.11B,32.85%,$0.34B,$0.08B,21.80%,$0.08B,$0.20B,35.67%,$0.08B,$0.20B,36.50%,$0.08B,$0.57B,12.73%,$0.16B,$0.36B,42.77%,$83,$36,$47,$0,$8,$44,$39,$-6,$33,$12,$21,$20,$20,$44,$39,$30,30,$0.65,$0.65,$77,$1,$0,$175,$0,$370,$4,$14,$394,$569,$143,$154,$51,$222,$364,$23,$49,$0,$204,$569,$21,$6,$0,$6,$0,$0,$0,$0,$6,$47,$-1,$0,$-3,$0,$0,$-26,$-2,$-31,$0,$-18,$0,$0,$0,$-1,$-4,$-22,$-6,$0,$0
19,2013-06-30,12.86,$0.00,0.0,$7.81,1.65,$8.77,1.47,$1.59,8.09,$0.20B,$0.19B,1.06,$0.17B,$0.21B,0.83,$0.34B,$0.19B,55.00%,$0.34B,$0.15B,45.00%,$0.34B,$0.15B,45.00%,$0.34B,$0.18B,52.65%,$0.34B,$0.11B,31.76%,$0.34B,$0.07B,20.59%,$0.07B,$0.21B,32.41%,$0.07B,$0.20B,33.18%,$0.07B,$0.63B,11.84%,$0.15B,$0.38B,41.30%,$90,$38,$53,$0,$14,$52,$39,$-10,$24,$7,$18,$17,$17,$46,$39,$32,32,$0.55,$0.55,$82,$2,$0,$197,$0,$400,$5,$17,$429,$625,$185,$171,$41,$233,$418,$26,$34,$0,$207,$625,$72,$27,$0,$27,$0,$0,$0,$0,$-2,$134,$-2,$0,$-12,$0,$0,$-63,$-15,$-92,$0,$0,$66,$0,$-1,$-63,$-20,$-19,$25,$0,$0
20,2013-03-31,12.14,$0.00,0.0,$7.25,1.67,$8.31,1.46,$1.04,11.68,$0.16B,$0.15B,1.03,$0.14B,$0.22B,0.66,$0.32B,$0.18B,54.49%,$0.32B,$0.13B,39.94%,$0.32B,$0.13B,39.94%,$0.32B,$0.15B,45.82%,$0.32B,$0.09B,26.63%,$0.32B,$0.08B,24.77%,$0.08B,$0.22B,37.65%,$0.08B,$0.21B,38.79%,$0.08B,$0.57B,13.80%,$0.13B,$0.36B,35.34%,$76,$36,$40,$0,$6,$41,$34,$-8,$26,$9,$17,$16,$16,$40,$34,$33,33,$0.48,$0.48,$58,$2,$0,$155,$0,$390,$4,$19,$417,$572,$150,$144,$38,$203,$353,$25,$52,$0,$219,$572,$52,$19,$0,$19,$0,$0,$0,$0,$6,$98,$-1,$0,$-13,$0,$0,$-30,$-23,$-67,$0,$24,$0,$0,$0,$-30,$-10,$-16,$16,$0,$0
21,2012-12-31,12.49,$0.00,0.0,$5.57,2.24,$5.35,2.33,$0.81,15.42,$0.16B,$0.17B,0.97,$0.15B,$0.21B,0.71,$0.29B,$0.18B,61.32%,$0.29B,$0.14B,47.04%,$0.29B,$0.14B,47.04%,$0.29B,$0.15B,51.57%,$0.29B,$0.10B,34.84%,$0.29B,$0.08B,27.87%,$0.08B,$0.21B,36.74%,$0.08B,$0.21B,38.00%,$0.08B,$0.59B,13.83%,$0.14B,$0.36B,36.29%,$95,$44,$52,$0,$8,$51,$44,$-14,$30,$8,$23,$22,$22,$50,$44,$31,67,$0.67,$0.33,$62,$3,$0,$163,$0,$397,$5,$21,$427,$590,$168,$149,$37,$212,$379,$26,$38,$0,$211,$590,$37,$14,$0,$14,$0,$0,$0,$0,$-5,$66,$0,$0,$-7,$0,$0,$-38,$-1,$-46,$0,$40,$0,$0,$0,$-31,$-8,$2,$22,$0,$0
22,2012-09-30,11.96,$0.00,0.0,$4.96,2.41,$4.38,2.73,$0.74,16.16,$0.14B,$0.12B,1.24,$0.15B,$0.23B,0.68,$0.24B,$0.17B,71.67%,$0.24B,$0.14B,57.92%,$0.24B,$0.14B,57.92%,$0.24B,$0.15B,60.83%,$0.24B,$0.12B,49.17%,$0.24B,$0.07B,30.42%,$0.07B,$0.23B,32.85%,$0.07B,$0.22B,34.11%,$0.07B,$0.58B,12.74%,$0.14B,$0.38B,36.85%,$79,$37,$42,$0,$7,$43,$36,$-7,$28,$14,$15,$15,$15,$43,$36,$31,64,$0.47,$0.23,$54,$3,$0,$142,$0,$396,$5,$28,$434,$577,$115,$154,$53,$234,$349,$27,$24,$0,$227,$577,$15,$7,$0,$7,$0,$0,$0,$0,$7,$48,$-8,$0,$0,$0,$0,$0,$-31,$-39,$0,$-7,$0,$0,$0,$-1,$-2,$-10,$-1,$0,$0
23,2012-06-30,10.12,$0.00,0.0,$5.64,1.79,$5.11,1.98,$0.84,12.05,$0.12B,$0.13B,0.91,$0.16B,$0.19B,0.84,$0.22B,$0.17B,78.70%,$0.22B,$0.14B,63.43%,$0.22B,$0.14B,63.43%,$0.22B,$0.14B,66.20%,$0.22B,$0.12B,55.56%,$0.22B,$0.08B,35.19%,$0.08B,$0.19B,33.85%,$0.08B,$0.18B,35.27%,$0.08B,$0.58B,13.23%,$0.14B,$0.36B,36.12%,$73,$30,$42,$0,$27,$58,$15,$-13,$2,$29,$-27,$27,$27,$15,$15,$31,31,$0.80,$0.42,$35,$2,$0,$117,$0,$434,$10,$19,$463,$580,$129,$163,$36,$259,$387,$29,$8,$0,$193,$580,$76,$27,$0,$27,$0,$0,$0,$0,$-24,$145,$-27,$0,$-11,$0,$0,$0,$-20,$-59,$0,$-5,$0,$0,$0,$-59,$-32,$-97,$-10,$0,$0
24,2012-03-31,12.59,$0.00,0.0,$4.28,2.94,$3.06,4.12,$1.14,11.04,$0.15B,$0.11B,1.4,$0.15B,$0.00B,0.0,$0.20B,$0.18B,92.46%,$0.20B,$0.18B,89.45%,$0.20B,$0.18B,89.45%,$0.20B,$0.18B,92.46%,$0.20B,$0.17B,87.44%,$0.20B,$0.07B,33.67%,$0.07B,$0.24B,28.76%,$0.07B,$0.23B,29.68%,$0.07B,$0.57B,11.65%,$0.18B,$0.39B,46.14%,$40,$0,$40,$0,$0,$0,$40,$0,$40,$0,$40,$16,$16,$40,$40,$31,64,$0.51,$0.25,$61,$3,$0,$146,$0,$389,$8,$23,$420,$566,$105,$152,$37,$222,$326,$0,$0,$0,$240,$566,$0,$0,$0,$0,$0,$0,$0,$0,$0,$0,$0,$0,$0,$0,$0,$0,$0,$0,$0,$0,$0,$0,$0,$0,$0,$0,$0,$0,$0
25,2011-12-31,11.0,$0.00,0.0,$6.45,1.71,$4.56,2.41,$1.15,9.57,$0.14B,$0.12B,1.18,$0.15B,$0.00B,0.0,$0.21B,$0.18B,85.05%,$0.21B,$0.16B,76.64%,$0.21B,$0.16B,76.64%,$0.21B,$0.18B,82.71%,$0.21B,$0.15B,71.50%,$0.21B,$0.07B,31.31%,$0.07B,$0.23B,29.16%,$0.07B,$0.22B,30.04%,$0.07B,$0.57B,11.48%,$0.16B,$0.38B,41.86%,$48,$0,$48,$0,$0,$0,$48,$0,$48,$0,$48,$15,$15,$48,$48,$31,61,$0.49,$0.26,$55,$5,$0,$139,$0,$399,$9,$22,$430,$569,$118,$152,$37,$222,$340,$0,$0,$0,$229,$569,$0,$0,$0,$0,$0,$0,$0,$0,$0,$0,$0,$0,$0,$0,$0,$0,$0,$0,$0,$0,$0,$0,$0,$0,$0,$0,$0,$0,$0
26,2011-09-30,9.74,$0.00,0.0,$5.65,1.72,$4.56,2.14,$0.89,10.95,$0.14B,$0.11B,1.24,$0.15B,$0.24B,0.65,$0.17B,$0.13B,80.72%,$0.17B,$0.12B,69.88%,$0.17B,$0.12B,69.88%,$0.17B,$0.13B,77.71%,$0.17B,$0.11B,63.25%,$0.17B,$0.05B,31.33%,$0.05B,$0.24B,22.96%,$0.05B,$0.23B,23.69%,$0.05B,$0.58B,8.62%,$0.12B,$0.39B,29.39%,$55,$14,$40,$0,$7,$21,$34,$-4,$30,$11,$19,$18,$18,$40,$34,$28,28,$0.63,$0.33,$62,$4,$0,$141,$0,$413,$9,$21,$442,$583,$113,$153,$44,$233,$346,$30,$49,$0,$236,$583,$18,$7,$0,$7,$0,$0,$0,$0,$-2,$42,$-3,$0,$-2,$0,$0,$-3,$-2,$-9,$0,$-12,$0,$0,$-2,$0,$-2,$-16,$16,$0,$0
27,2011-06-30,14.3,$0.00,0.0,$4.37,3.27,$3.35,4.27,$0.65,21.99,$0.13B,$0.13B,0.98,$0.15B,$0.23B,0.68,$0.15B,$0.12B,77.63%,$0.15B,$0.09B,61.18%,$0.15B,$0.09B,61.18%,$0.15B,$0.11B,71.05%,$0.15B,$0.08B,55.26%,$0.15B,$0.04B,25.66%,$0.04B,$0.23B,17.83%,$0.04B,$0.22B,18.29%,$0.04B,$0.58B,6.35%,$0.09B,$0.38B,23.56%,$56,$0,$56,$0,$0,$0,$56,$0,$56,$0,$56,$18,$18,$56,$56,$32,60,$0.56,$0.30,$44,$9,$0,$127,$0,$430,$4,$22,$456,$583,$130,$154,$35,$226,$356,$32,$33,$0,$227,$583,$65,$29,$0,$29,$0,$0,$0,$0,$-20,$113,$-13,$0,$-0,$0,$0,$-2,$1,$-14,$0,$13,$11,$0,$0,$-61,$-40,$-77,$23,$0,$0
28,2010-09-30,6.12,$0.00,0.0,$5.85,1.05,$-0.14,0.0,$0.04,153.1,$0.12B,$0.10B,1.19,$0.19B,$0.23B,0.83,$0.15B,$0.11B,77.03%,$0.15B,$0.09B,60.14%,$0.15B,$0.09B,60.14%,$0.15B,$0.10B,70.27%,$0.15B,$0.08B,54.05%,$0.15B,$0.03B,17.57%,$0.03B,$0.23B,11.89%,$0.03B,$0.22B,12.19%,$0.03B,$0.60B,4.00%,$0.09B,$0.42B,21.85%,$55,$16,$38,$0,$13,$29,$26,$-7,$19,$3,$17,$16,$16,$33,$26,$20,20,$0.83,$0.26,$67,$3,$0,$124,$0,$448,$7,$20,$475,$599,$104,$188,$34,$268,$372,$20,$46,$0,$227,$599,$16,$8,$0,$8,$0,$0,$0,$0,$-4,$32,$-3,$0,$0,$0,$0,$9,$3,$9,$0,$3,$5,$0,$0,$0,$-4,$4,$45,$0,$0
29,2010-06-30,4.9,$0.00,0.0,$3.06,1.6,$-1.64,0.0,$-0.22,0.0,$0.16B,$0.17B,0.9,$0.18B,$0.22B,0.82,$0.09B,$0.08B,81.72%,$0.09B,$0.06B,67.74%,$0.09B,$0.06B,67.74%,$0.09B,$0.07B,76.34%,$0.09B,$0.06B,65.59%,$0.09B,$0.01B,10.75%,$0.01B,$0.22B,4.35%,$0.01B,$0.21B,4.41%,$0.01B,$0.65B,1.47%,$0.06B,$0.39B,14.85%,$0,$0,$0,$0,$0,$0,$0,$0,$0,$0,$0,$0,$0,$0,$0,$0,0,$0.00,$0.00,$49,$4,$0,$156,$0,$443,$10,$39,$492,$648,$172,$177,$41,$259,$432,$20,$31,$0,$216,$648,$31,$32,$0,$32,$0,$0,$0,$0,$-62,$33,$-14,$0,$-3,$0,$0,$15,$5,$3,$0,$-21,$-8,$0,$0,$-15,$8,$-35,$1,$0,$0
30,2009-09-30,3.7,$0.00,0.0,$3.06,1.21,$-1.64,0.0,$-0.22,0.0,$0.13B,$0.15B,0.84,$0.18B,$0.21B,0.89,$0.09B,$0.08B,81.72%,$0.09B,$0.06B,67.74%,$0.09B,$0.06B,67.74%,$0.09B,$0.07B,76.34%,$0.09B,$0.06B,65.59%,$0.09B,$0.01B,10.75%,$0.01B,$0.21B,4.12%,$0.01B,$0.20B,4.13%,$0.01B,$0.63B,1.46%,$0.06B,$0.39B,14.06%,$41,$17,$24,$0,$13,$30,$11,$-2,$9,$4,$5,$5,$5,$19,$11,$20,64,$0.25,$0.09,$62,$0,$0,$129,$0,$454,$2,$40,$497,$626,$154,$183,$42,$266,$420,$20,$-1,$0,$205,$626,$5,$8,$0,$8,$0,$0,$0,$0,$-2,$15,$-4,$0,$0,$0,$0,$4,$1,$0,$0,$-14,$-3,$0,$1,$0,$0,$-15,$0,$0,$0
31,2009-06-30,2.99,$0.00,0.0,$2.42,1.23,$-1.80,0.0,$-0.31,0.0,$0.15B,$0.20B,0.76,$0.21B,$0.23B,0.9,$0.05B,$0.05B,100.00%,$0.05B,$0.05B,100.00%,$0.05B,$0.05B,100.00%,$0.05B,$0.05B,100.00%,$0.05B,$0.05B,100.00%,$0.05B,$0.01B,9.62%,$0.01B,$0.23B,1.93%,$0.01B,$0.22B,1.94%,$0.01B,$0.73B,0.78%,$0.05B,$0.43B,12.07%,$52,$0,$52,$0,$0,$0,$52,$0,$52,$0,$52,$5,$5,$52,$52,$21,21,$0.23,$-0.31,$61,$0,$0,$152,$0,$521,$3,$50,$574,$726,$201,$205,$46,$298,$499,$23,$-7,$0,$227,$726,$-7,$28,$0,$28,$0,$0,$0,$0,$-67,$21,$-60,$0,$-14,$0,$0,$-12,$-3,$-88,$0,$47,$-18,$0,$0,$-18,$-5,$6,$-61,$0,$0
