,Date,Stock Price,Book Value per Share,Price to Book Ratio,TTM Sales per Share,Price to Sales Ratio,TTM FCF per Share,Price to FCF Ratio,TTM Net EPS,PE Ratio,Current Assets,Current Liabilities,Current Ratio,Long Term Debt,Shareholder's Equity_x,Debt to Equity Ratio,TTM Revenue_x,TTM Gross Profit,Gross Margin,TTM Revenue_y,TTM Operating Income,Operating Margin,TTM Revenue_x,TTM EBIT,EBIT Margin,TTM Revenue_y,TTM EBITDA,EBITDA Margin,TTM Revenue_x,TTM Pre-Tax Income,Pre-Tax Margin,TTM Revenue_y,TTM Net Income_x,Net Margin,TTM Net Income_y,Shareholder's Equity_y,Return on Equity,TTM Net Income_x,Tangible Equity,Return on Tangible Equity,TTM Net Income_y,Total Assets,Return on Assets,TTM Net Income,LT Investments & Debt,Return on Investment,revenue,cost-goods-sold,gross-profit,research-development-expenses,selling-general-administrative-expenses,operating-expenses,operating-income,total-non-operating-income-expense,pre-tax-income,total-provision-income-taxes,income-after-taxes,income-from-continuous-operations,net-income,ebitda,ebit,basic-shares-outstanding,shares-outstanding,eps-basic-net-earnings-per-share,eps-earnings-per-share-diluted,cash-on-hand,inventory,other-current-assets,total-current-assets,net-property-plant-equipment,long-term-investments,goodwill-intangible-assets-total,other-long-term-assets,total-long-term-assets,total-assets,total-current-liabilities,long-term-debt,other-non-current-liabilities,total-long-term-liabilities,total-liabilities,common-stock-net,retained-earnings-accumulated-deficit,comprehensive-income,total-share-holder-equity,total-liabilities-share-holders-equity,net-income-loss,total-depreciation-amortization-cash-flow,other-non-cash-items,total-non-cash-items,change-in-accounts-receivable,change-in-inventories,change-in-accounts-payable,change-in-assets-liabilities,total-change-in-assets-liabilities,cash-flow-from-operating-activities,net-change-in-property-plant-equipment,net-change-in-intangible-assets,net-acquisitions-divestitures,net-change-in-short-term-investments,net-change-in-long-term-investments,net-change-in-investments-total,investing-activities-other,cash-flow-from-investing-activities,net-long-term-debt,net-current-debt,debt-issuance-retirement-net-total,net-common-equity-issued-repurchased,net-total-equity-issued-repurchased,total-common-preferred-stock-dividends-paid,financial-activities-other,cash-flow-from-financial-activities,net-cash-flow,stock-based-compensation,common-stock-dividends-paid
0,2018-09-30,22.5,$14.37,1.57,$4.48,5.02,$-2.62,0.0,$0.98,22.96,$0.50B,$0.33B,1.53,$1.86B,$1.60B,1.16,$0.51B,$0.37B,72.13%,$0.51B,$0.03B,5.34%,$0.51B,$0.03B,5.34%,$0.51B,$0.03B,5.34%,$0.51B,$-0.01B,-1.98%,$0.51B,$0.12B,24.51%,$0.12B,$1.60B,7.74%,$0.12B,$1.55B,7.98%,$0.12B,$4.11B,3.08%,$0.03B,$3.46B,0.78%,$137,$36,$100,$5,$27,$131,$6,$-21,$-15,$-2,$-13,$-13,$-15,$6,$6,$112,112,$-0.13,$-0.13,$381,$22,$0,$497,$3357,$0,$49,$203,$3609,$4107,$325,$1856,$4,$2182,$2507,$0,$509,$-8,$1600,$4107,$0,$0,$0,$0,$0,$0,$0,$0,$0,$226,$-295,$0,$0,$0,$12,$12,$0,$-282,$334,$0,$334,$6,$6,$-15,$-83,$242,$184,$0,$0
1,2018-06-30,16.1,$14.51,1.11,$4.17,3.86,$-2.69,0.0,$1.34,12.01,$0.50B,$0.23B,2.18,$1.92B,$1.61B,1.2,$0.49B,$0.35B,71.60%,$0.49B,$0.06B,12.14%,$0.49B,$0.06B,12.14%,$0.49B,$0.06B,12.14%,$0.49B,$0.04B,9.05%,$0.49B,$0.16B,33.74%,$0.16B,$1.61B,10.48%,$0.16B,$1.56B,10.82%,$0.16B,$4.08B,4.16%,$0.06B,$3.53B,1.75%,$135,$38,$97,$6,$24,$119,$16,$-13,$3,$8,$-4,$-4,$-7,$16,$16,$111,111,$-0.06,$-0.06,$376,$20,$0,$496,$3335,$0,$49,$200,$3584,$4080,$228,$1922,$4,$2245,$2473,$0,$522,$-7,$1607,$4080,$0,$0,$0,$0,$0,$0,$0,$0,$0,$141,$-215,$0,$0,$0,$-188,$-188,$0,$-403,$334,$0,$334,$3,$3,$-15,$-82,$240,$-22,$0,$0
2,2018-03-31,11.25,$14.57,0.77,$3.84,2.93,$-2.40,0.0,$1.60,7.03,$0.57B,$0.21B,2.68,$1.98B,$1.61B,1.23,$0.46B,$0.33B,71.27%,$0.46B,$0.08B,17.06%,$0.46B,$0.08B,17.06%,$0.46B,$0.08B,17.06%,$0.46B,$0.08B,16.85%,$0.46B,$0.19B,41.47%,$0.19B,$1.61B,12.66%,$0.19B,$1.56B,13.09%,$0.19B,$4.11B,4.97%,$0.08B,$3.59B,2.42%,$119,$34,$85,$5,$22,$100,$19,$-4,$15,$4,$11,$11,$8,$19,$19,$101,104,$0.08,$0.07,$451,$20,$0,$572,$3291,$0,$50,$199,$3540,$4112,$214,$1978,$4,$2290,$2504,$0,$527,$-4,$1608,$4112,$0,$0,$0,$0,$0,$0,$0,$0,$0,$58,$-83,$0,$0,$0,$-8,$-8,$0,$-91,$360,$0,$360,$1,$1,$-15,$-81,$265,$232,$0,$0
3,2017-12-31,11.8,$16.26,0.73,$3.52,3.35,$-2.05,0.0,$1.83,6.45,$0.41B,$0.21B,1.92,$1.62B,$1.60B,1.01,$0.45B,$0.32B,71.88%,$0.45B,$0.12B,25.89%,$0.45B,$0.12B,25.89%,$0.45B,$0.12B,25.89%,$0.45B,$0.12B,26.56%,$0.45B,$0.22B,48.66%,$0.22B,$1.60B,14.93%,$0.22B,$1.55B,15.46%,$0.22B,$3.78B,5.84%,$0.12B,$3.22B,3.70%,$115,$32,$83,$5,$26,$129,$-14,$1,$-13,$-154,$142,$142,$138,$-14,$-14,$98,128,$1.41,$1.09,$298,$20,$0,$411,$3210,$0,$50,$111,$3371,$3782,$214,$1618,$60,$1971,$2186,$0,$519,$-4,$1596,$3782,$234,$122,$-114,$8,$-10,$-2,$1,$21,$17,$260,$-400,$0,$0,$0,$27,$27,$0,$-373,$22,$0,$22,$4,$4,$-4,$-6,$17,$-96,$16,$0
4,2017-09-30,10.3,$14.79,0.7,$3.48,2.96,$-2.40,0.0,$0.92,11.2,$0.45B,$0.16B,2.78,$1.70B,$1.45B,1.17,$0.44B,$0.32B,72.50%,$0.44B,$0.17B,39.09%,$0.44B,$0.17B,39.09%,$0.44B,$0.17B,39.09%,$0.44B,$0.17B,39.55%,$0.44B,$0.10B,22.73%,$0.10B,$1.45B,7.16%,$0.10B,$1.40B,7.42%,$0.10B,$3.79B,2.73%,$0.17B,$3.15B,5.59%,$117,$33,$83,$4,$18,$78,$38,$1,$39,$10,$29,$29,$25,$38,$38,$98,127,$0.26,$0.23,$350,$18,$0,$453,$3170,$0,$50,$111,$3332,$3785,$163,$1696,$32,$2173,$2336,$0,$377,$-4,$1449,$3785,$0,$0,$0,$0,$0,$0,$0,$0,$0,$203,$-291,$0,$0,$0,$19,$19,$0,$-272,$22,$0,$22,$3,$3,$-4,$-5,$16,$-52,$0,$0
5,2017-06-30,11.05,$14.46,0.76,$3.48,3.18,$-2.25,0.0,$0.95,11.63,$0.46B,$0.21B,2.23,$1.69B,$1.41B,1.2,$0.44B,$0.32B,73.62%,$0.44B,$0.18B,42.20%,$0.44B,$0.18B,42.20%,$0.44B,$0.18B,42.20%,$0.44B,$0.19B,42.43%,$0.44B,$0.10B,23.62%,$0.10B,$1.41B,7.55%,$0.10B,$1.36B,7.83%,$0.10B,$3.77B,2.89%,$0.18B,$3.10B,6.11%,$112,$32,$79,$3,$20,$76,$36,$1,$37,$12,$25,$25,$21,$36,$36,$98,127,$0.21,$0.20,$357,$20,$0,$463,$3111,$0,$51,$146,$3308,$3771,$208,$1688,$33,$2150,$2358,$0,$348,$-5,$1413,$3771,$0,$0,$0,$0,$0,$0,$0,$0,$0,$120,$-168,$0,$0,$0,$18,$18,$0,$-150,$22,$0,$22,$2,$2,$-4,$-3,$17,$-14,$0,$0
6,2017-03-31,9.65,$14.20,0.68,$3.48,2.77,$-2.26,0.0,$0.97,9.95,$0.52B,$0.10B,4.95,$1.68B,$1.38B,1.22,$0.43B,$0.32B,74.60%,$0.43B,$0.19B,43.88%,$0.43B,$0.19B,43.88%,$0.43B,$0.19B,43.88%,$0.43B,$0.19B,43.88%,$0.43B,$0.11B,24.25%,$0.11B,$1.38B,7.88%,$0.11B,$1.33B,8.17%,$0.11B,$3.59B,3.05%,$0.19B,$3.07B,6.47%,$104,$27,$77,$3,$19,$49,$56,$1,$56,$18,$38,$38,$34,$56,$56,$97,126,$0.35,$0.30,$419,$18,$0,$517,$2879,$0,$51,$146,$3076,$3593,$104,$1684,$4,$2106,$2210,$0,$323,$-3,$1383,$3593,$0,$0,$0,$0,$0,$0,$0,$0,$0,$64,$-49,$0,$0,$0,$6,$6,$0,$-43,$22,$0,$22,$0,$0,$-4,$-3,$16,$37,$0,$0
7,2016-12-31,9.6,$14.02,0.68,$3.50,2.74,$-2.61,0.0,$0.90,10.67,$0.52B,$0.08B,6.21,$1.66B,$1.34B,1.23,$0.43B,$0.32B,74.83%,$0.43B,$0.18B,40.88%,$0.43B,$0.18B,40.88%,$0.43B,$0.18B,40.88%,$0.43B,$0.18B,41.11%,$0.43B,$0.10B,22.17%,$0.10B,$1.34B,7.37%,$0.10B,$1.30B,7.65%,$0.10B,$3.50B,2.88%,$0.18B,$3.00B,6.22%,$107,$27,$80,$4,$22,$66,$42,$0,$42,$18,$24,$24,$20,$42,$42,$96,125,$0.21,$0.18,$410,$18,$0,$517,$2813,$0,$46,$124,$2983,$3500,$83,$1657,$17,$2073,$2156,$0,$289,$-5,$1344,$3500,$111,$50,$79,$130,$-6,$9,$3,$-14,$-16,$225,$-406,$0,$0,$0,$163,$163,$0,$-242,$251,$0,$251,$1,$1,$-15,$-12,$224,$208,$14,$0
8,2016-09-30,8.11,$13.77,0.59,$3.76,2.16,$-4.08,0.0,$-0.06,0.0,$0.53B,$0.12B,4.63,$1.55B,$1.32B,1.17,$0.43B,$0.32B,75.00%,$0.43B,$0.09B,19.91%,$0.43B,$0.09B,19.91%,$0.43B,$0.09B,19.91%,$0.43B,$0.09B,20.14%,$0.43B,$0.00B,0.69%,$0.00B,$1.32B,0.24%,$0.00B,$1.27B,0.24%,$0.00B,$3.40B,0.09%,$0.09B,$2.87B,3.13%,$113,$27,$85,$5,$19,$63,$50,$0,$50,$19,$32,$32,$28,$50,$50,$96,124,$0.29,$0.26,$426,$21,$0,$531,$2696,$0,$46,$125,$2867,$3398,$115,$1547,$41,$1965,$2079,$0,$269,$-6,$1319,$3398,$0,$0,$0,$0,$0,$0,$0,$0,$0,$165,$-232,$0,$0,$0,$150,$150,$0,$-81,$148,$0,$148,$0,$0,$-12,$-32,$105,$188,$0,$0
9,2016-06-30,8.88,$13.45,0.66,$3.71,2.39,$-4.26,0.0,$-0.08,0.0,$0.54B,$0.09B,6.27,$1.52B,$1.29B,1.18,$0.43B,$0.32B,75.06%,$0.43B,$0.08B,19.53%,$0.43B,$0.08B,19.53%,$0.43B,$0.08B,19.53%,$0.43B,$0.08B,19.53%,$0.43B,$0.00B,0.24%,$0.00B,$1.29B,0.08%,$0.00B,$1.24B,0.08%,$0.00B,$3.27B,0.03%,$0.08B,$2.81B,3.05%,$109,$28,$81,$4,$22,$67,$42,$1,$42,$16,$27,$27,$23,$42,$42,$96,123,$0.24,$0.22,$443,$22,$0,$537,$2576,$0,$46,$114,$2736,$3273,$86,$1519,$27,$1901,$1987,$0,$241,$-6,$1286,$3273,$0,$0,$0,$0,$0,$0,$0,$0,$0,$109,$-157,$0,$0,$0,$127,$127,$0,$-30,$129,$0,$129,$0,$0,$-8,$-20,$102,$181,$0,$0
10,2016-03-31,7.87,$13.17,0.6,$3.66,2.15,$-4.54,0.0,$-0.09,0.0,$0.51B,$0.08B,6.21,$1.46B,$1.26B,1.16,$0.42B,$0.32B,75.60%,$0.42B,$0.08B,19.86%,$0.42B,$0.08B,19.86%,$0.42B,$0.08B,19.86%,$0.42B,$0.08B,19.86%,$0.42B,$0.00B,0.00%,$0.00B,$1.26B,0.00%,$0.00B,$1.21B,0.00%,$0.00B,$3.18B,0.00%,$0.08B,$2.72B,3.09%,$104,$26,$78,$3,$19,$61,$43,$0,$44,$15,$29,$29,$25,$43,$43,$96,123,$0.26,$0.23,$412,$25,$0,$506,$2517,$0,$46,$110,$2673,$3179,$82,$1460,$39,$1840,$1922,$0,$218,$-7,$1258,$3179,$0,$0,$0,$0,$0,$0,$0,$0,$0,$47,$-76,$0,$0,$0,$78,$78,$0,$2,$72,$0,$72,$0,$0,$-4,$-16,$52,$102,$0,$0
11,2015-12-31,8.41,$12.92,0.65,$3.60,2.33,$-4.29,0.0,$-0.15,0.0,$0.48B,$0.10B,4.74,$1.39B,$1.23B,1.13,$0.41B,$0.31B,75.18%,$0.41B,$0.07B,17.76%,$0.41B,$0.07B,17.76%,$0.41B,$0.07B,17.76%,$0.41B,$0.07B,17.76%,$0.41B,$-0.01B,-1.95%,$-0.01B,$1.23B,-0.63%,$-0.01B,$1.18B,-0.69%,$-0.01B,$3.07B,-0.26%,$0.07B,$2.62B,2.76%,$106,$26,$80,$4,$25,$155,$-49,$-0,$-49,$21,$-69,$-69,$-73,$-49,$-49,$95,95,$-0.77,$-0.71,$389,$28,$0,$482,$2444,$0,$47,$99,$2589,$3071,$102,$1389,$27,$1741,$1842,$0,$193,$-9,$1229,$3071,$7,$141,$72,$213,$-2,$-0,$3,$5,$-3,$217,$-495,$0,$0,$0,$55,$55,$0,$-439,$230,$0,$230,$2,$2,$-15,$-15,$202,$-21,$9,$0
12,2015-09-30,6.15,$13.70,0.45,$3.40,1.81,$-3.44,0.0,$0.81,7.59,$0.62B,$0.11B,5.55,$1.44B,$1.30B,1.11,$0.41B,$0.30B,74.63%,$0.41B,$0.15B,37.93%,$0.41B,$0.15B,37.93%,$0.41B,$0.15B,37.93%,$0.41B,$0.15B,37.93%,$0.41B,$0.08B,20.69%,$0.08B,$1.30B,6.64%,$0.08B,$1.17B,7.43%,$0.08B,$3.21B,2.75%,$0.15B,$2.75B,5.87%,$106,$26,$80,$3,$18,$59,$47,$-1,$46,$16,$30,$30,$26,$47,$47,$95,123,$0.27,$0.24,$513,$31,$0,$622,$2230,$0,$134,$97,$2593,$3214,$112,$1444,$37,$1801,$1913,$0,$266,$-7,$1301,$3214,$0,$0,$0,$0,$0,$0,$0,$0,$0,$163,$-252,$0,$0,$0,$38,$38,$0,$-213,$153,$0,$153,$2,$2,$-12,$-12,$131,$79,$0,$0
13,2015-06-30,9.09,$13.46,0.68,$3.42,2.65,$-2.65,0.0,$0.74,12.28,$0.59B,$0.11B,5.38,$1.39B,$1.28B,1.09,$0.41B,$0.30B,73.46%,$0.41B,$0.14B,34.40%,$0.41B,$0.14B,34.40%,$0.41B,$0.14B,34.40%,$0.41B,$0.14B,34.40%,$0.41B,$0.08B,18.43%,$0.08B,$1.28B,6.04%,$0.08B,$1.14B,6.77%,$0.08B,$3.10B,2.57%,$0.14B,$2.67B,5.57%,$102,$24,$78,$4,$19,$60,$42,$0,$42,$16,$26,$26,$22,$42,$42,$95,123,$0.23,$0.21,$477,$32,$0,$592,$2141,$0,$134,$97,$2504,$3096,$110,$1393,$18,$1709,$1819,$0,$241,$-4,$1277,$3096,$0,$0,$0,$0,$0,$0,$0,$0,$0,$93,$-174,$0,$0,$0,$-18,$-18,$0,$-192,$102,$0,$102,$2,$2,$-8,$-9,$87,$-12,$0,$0
14,2015-03-31,9.71,$13.23,0.73,$3.67,2.65,$-2.16,0.0,$0.67,14.49,$0.60B,$0.11B,5.69,$1.31B,$1.25B,1.05,$0.41B,$0.29B,72.06%,$0.41B,$0.13B,31.37%,$0.41B,$0.13B,31.37%,$0.41B,$0.13B,31.37%,$0.41B,$0.12B,30.15%,$0.41B,$0.07B,15.93%,$0.07B,$1.25B,5.32%,$0.07B,$1.12B,5.99%,$0.07B,$2.98B,2.32%,$0.13B,$2.56B,5.30%,$97,$26,$71,$4,$21,$64,$33,$0,$34,$13,$21,$21,$17,$33,$33,$95,122,$0.18,$0.17,$488,$27,$0,$602,$2016,$0,$134,$96,$2379,$2981,$106,$1314,$18,$1625,$1731,$0,$219,$-4,$1251,$2981,$0,$0,$0,$0,$0,$0,$0,$0,$0,$52,$-50,$0,$0,$0,$-9,$-9,$0,$-59,$22,$0,$22,$0,$0,$-4,$-4,$15,$7,$0,$0
15,2014-12-31,9.75,$13.12,0.74,$3.99,2.44,$-2.36,0.0,$0.69,14.13,$0.57B,$0.10B,5.6,$1.29B,$1.23B,1.05,$0.41B,$0.29B,71.64%,$0.41B,$0.12B,30.07%,$0.41B,$0.12B,30.07%,$0.41B,$0.12B,30.07%,$0.41B,$0.12B,28.36%,$0.41B,$0.06B,15.40%,$0.06B,$1.23B,5.49%,$0.06B,$1.10B,6.24%,$0.06B,$2.91B,2.38%,$0.12B,$2.52B,5.40%,$101,$27,$74,$6,$23,$69,$32,$-0,$32,$9,$23,$23,$19,$32,$32,$88,109,$0.20,$0.19,$472,$28,$0,$573,$1972,$0,$134,$94,$2337,$2910,$102,$1291,$18,$1575,$1678,$0,$202,$-3,$1232,$2910,$75,$73,$56,$129,$4,$0,$-3,$9,$11,$215,$-441,$0,$0,$0,$-185,$-185,$0,$-626,$252,$0,$252,$100,$221,$-12,$-23,$439,$25,$10,$0
16,2014-09-30,8.85,$12.91,0.69,$4.20,2.11,$-2.81,0.0,$0.68,13.01,$0.64B,$0.11B,5.67,$1.09B,$1.21B,0.9,$0.41B,$0.29B,71.18%,$0.41B,$0.12B,28.82%,$0.41B,$0.12B,28.82%,$0.41B,$0.12B,28.82%,$0.41B,$0.12B,29.06%,$0.41B,$0.06B,14.29%,$0.06B,$1.21B,5.40%,$0.06B,$1.08B,6.21%,$0.06B,$2.69B,2.32%,$0.12B,$2.30B,5.46%,$107,$32,$76,$5,$18,$74,$33,$-1,$32,$12,$20,$20,$17,$33,$33,$94,122,$0.18,$0.17,$523,$29,$0,$638,$1690,$0,$135,$95,$2047,$2686,$113,$1090,$32,$1363,$1476,$0,$182,$-1,$1210,$2686,$0,$0,$0,$0,$0,$0,$0,$0,$0,$153,$-145,$0,$0,$0,$-140,$-140,$0,$-285,$50,$0,$50,$100,$220,$-8,$-10,$252,$121,$0,$0
17,2014-06-30,8.46,$12.79,0.66,$4.46,1.9,$-4.24,0.0,$0.70,12.09,$0.62B,$0.10B,6.03,$1.08B,$1.19B,0.91,$0.40B,$0.28B,70.75%,$0.40B,$0.11B,28.25%,$0.40B,$0.11B,28.25%,$0.40B,$0.11B,28.25%,$0.40B,$0.11B,28.25%,$0.40B,$0.06B,14.00%,$0.06B,$1.19B,5.58%,$0.06B,$1.05B,6.51%,$0.06B,$2.63B,2.36%,$0.11B,$2.28B,5.56%,$103,$30,$73,$5,$18,$73,$30,$-5,$25,$10,$15,$15,$12,$30,$30,$87,96,$0.14,$0.14,$500,$29,$0,$616,$1655,$0,$138,$91,$2014,$2630,$102,$1084,$34,$1337,$1439,$0,$166,$-0,$1191,$2630,$0,$0,$0,$0,$0,$0,$0,$0,$0,$91,$-108,$0,$0,$0,$-88,$-88,$0,$-196,$45,$0,$45,$99,$220,$-4,$-7,$255,$150,$0,$0
18,2014-03-31,7.51,$12.45,0.6,$4.47,1.68,$-4.65,0.0,$0.72,10.43,$0.36B,$0.11B,3.38,$1.06B,$0.96B,1.11,$0.39B,$0.28B,70.92%,$0.39B,$0.11B,28.57%,$0.39B,$0.11B,28.57%,$0.39B,$0.11B,28.57%,$0.39B,$0.12B,29.34%,$0.39B,$0.06B,14.80%,$0.06B,$0.96B,6.22%,$0.06B,$0.82B,7.38%,$0.06B,$2.36B,2.59%,$0.11B,$2.02B,5.88%,$98,$28,$70,$2,$19,$70,$28,$-1,$27,$11,$17,$17,$15,$28,$28,$77,88,$0.19,$0.19,$255,$29,$0,$361,$1626,$0,$141,$106,$2002,$2363,$107,$1064,$27,$1300,$1407,$0,$154,$-0,$956,$2363,$0,$0,$0,$0,$0,$0,$0,$0,$0,$42,$-59,$0,$0,$0,$6,$6,$0,$-53,$25,$0,$25,$0,$0,$-2,$-15,$8,$-2,$0,$0
19,2013-12-31,6.25,$12.25,0.51,$4.37,1.43,$-4.03,0.0,$0.70,8.93,$0.37B,$0.10B,3.64,$1.04B,$0.94B,1.11,$0.38B,$0.27B,71.02%,$0.38B,$0.11B,28.46%,$0.38B,$0.11B,28.46%,$0.38B,$0.11B,28.46%,$0.38B,$0.11B,28.72%,$0.38B,$0.06B,14.62%,$0.06B,$0.94B,6.11%,$0.06B,$0.80B,7.30%,$0.06B,$2.31B,2.62%,$0.11B,$1.98B,6.02%,$98,$28,$70,$5,$20,$72,$26,$8,$34,$19,$16,$16,$14,$26,$26,$77,88,$0.18,$0.17,$263,$30,$0,$370,$1576,$0,$144,$90,$1940,$2310,$101,$1039,$20,$1269,$1370,$0,$139,$-1,$939,$2310,$63,$76,$58,$134,$2,$-5,$-6,$-17,$-13,$183,$-404,$0,$0,$0,$-82,$-82,$0,$-486,$287,$0,$287,$0,$0,$-7,$-46,$235,$-68,$7,$0
20,2013-09-30,6.88,$12.07,0.57,$4.43,1.55,$-4.94,0.0,$0.71,9.69,$0.38B,$0.11B,3.43,$0.94B,$0.93B,1.01,$0.38B,$0.27B,71.35%,$0.38B,$0.11B,30.24%,$0.38B,$0.11B,30.24%,$0.38B,$0.11B,30.24%,$0.38B,$0.10B,27.59%,$0.38B,$0.06B,15.12%,$0.06B,$0.93B,6.33%,$0.06B,$0.78B,7.62%,$0.06B,$2.19B,2.79%,$0.11B,$1.86B,6.61%,$101,$30,$70,$3,$18,$71,$29,$-2,$27,$10,$17,$17,$15,$29,$29,$77,88,$0.19,$0.19,$270,$28,$0,$378,$1451,$0,$148,$89,$1815,$2194,$110,$936,$37,$1158,$1269,$0,$125,$-1,$925,$2194,$0,$0,$0,$0,$0,$0,$0,$0,$0,$144,$-263,$0,$0,$0,$-79,$-79,$0,$-342,$185,$0,$185,$0,$0,$-5,$-39,$141,$-57,$0,$0
21,2013-06-30,7.76,$11.84,0.66,$4.60,1.69,$-4.74,0.0,$0.75,10.35,$0.38B,$0.10B,3.72,$0.85B,$0.91B,0.94,$0.38B,$0.27B,72.07%,$0.38B,$0.12B,31.12%,$0.38B,$0.12B,31.12%,$0.38B,$0.12B,31.12%,$0.38B,$0.11B,28.46%,$0.38B,$0.06B,15.96%,$0.06B,$0.91B,6.97%,$0.06B,$0.76B,8.52%,$0.06B,$2.08B,3.16%,$0.12B,$1.76B,7.33%,$95,$27,$68,$2,$18,$66,$29,$-2,$27,$11,$15,$15,$14,$29,$29,$77,88,$0.18,$0.18,$276,$29,$0,$376,$1346,$0,$151,$76,$1699,$2075,$101,$854,$38,$1066,$1167,$0,$110,$-1,$908,$2075,$0,$0,$0,$0,$0,$0,$0,$0,$0,$100,$-152,$0,$0,$0,$-84,$-84,$0,$-236,$102,$0,$102,$0,$0,$-4,$-20,$78,$-58,$0,$0
22,2013-03-31,6.03,$11.64,0.52,$4.80,1.26,$-5.43,0.0,$0.82,7.35,$0.38B,$0.12B,3.2,$0.75B,$0.89B,0.84,$0.38B,$0.27B,71.69%,$0.38B,$0.12B,30.69%,$0.38B,$0.12B,30.69%,$0.38B,$0.12B,30.69%,$0.38B,$0.11B,28.04%,$0.38B,$0.06B,16.93%,$0.06B,$0.89B,7.83%,$0.06B,$0.74B,9.73%,$0.06B,$1.98B,3.60%,$0.12B,$1.64B,7.83%,$89,$26,$64,$2,$18,$64,$25,$-3,$22,$8,$15,$15,$13,$25,$25,$77,87,$0.17,$0.17,$272,$26,$0,$383,$1243,$0,$154,$74,$1593,$1977,$120,$752,$38,$965,$1085,$0,$96,$-0,$892,$1977,$0,$0,$0,$0,$0,$0,$0,$0,$0,$57,$-19,$0,$0,$0,$-72,$-72,$0,$-91,$0,$0,$0,$0,$0,$-2,$-14,$-15,$-49,$0,$0
23,2012-12-31,6.72,$11.46,0.59,$5.02,1.34,$-5.85,0.0,$0.81,8.3,$0.37B,$0.09B,4.14,$0.75B,$0.88B,0.86,$0.38B,$0.27B,70.42%,$0.38B,$0.11B,27.49%,$0.38B,$0.11B,27.49%,$0.38B,$0.11B,27.49%,$0.38B,$0.10B,24.87%,$0.38B,$0.06B,16.49%,$0.06B,$0.88B,8.15%,$0.06B,$0.72B,10.32%,$0.06B,$1.92B,3.79%,$0.11B,$1.63B,7.72%,$92,$25,$67,$3,$15,$61,$31,$-3,$28,$12,$17,$17,$15,$31,$31,$74,78,$0.20,$0.21,$254,$26,$0,$367,$1211,$0,$158,$57,$1549,$1916,$89,$752,$32,$951,$1040,$0,$83,$-0,$877,$1916,$65,$81,$38,$120,$1,$-11,$0,$8,$-10,$174,$-442,$0,$0,$0,$-2,$-2,$0,$-444,$335,$0,$335,$9,$106,$-1,$-51,$388,$118,$7,$0
24,2012-09-30,7.32,$10.19,0.72,$5.13,1.43,$-4.81,0.0,$0.73,10.03,$0.29B,$0.10B,2.92,$0.59B,$0.77B,0.77,$0.39B,$0.27B,68.83%,$0.39B,$0.09B,23.38%,$0.39B,$0.09B,23.38%,$0.39B,$0.09B,23.38%,$0.39B,$0.08B,21.04%,$0.39B,$0.06B,14.81%,$0.06B,$0.77B,7.81%,$0.06B,$0.60B,10.12%,$0.06B,$1.63B,3.73%,$0.09B,$1.35B,7.30%,$100,$28,$72,$4,$16,$69,$32,$-2,$30,$12,$18,$18,$18,$32,$32,$74,76,$0.24,$0.23,$189,$24,$0,$288,$1010,$0,$161,$55,$1341,$1629,$98,$589,$32,$766,$864,$0,$68,$-0,$765,$1629,$0,$0,$0,$0,$0,$0,$0,$0,$0,$133,$-221,$0,$0,$0,$0,$0,$0,$-221,$172,$0,$172,$9,$9,$0,$-39,$142,$53,$0,$0
25,2012-06-30,8.94,$10.04,0.89,$5.18,1.73,$-5.10,0.0,$0.65,13.75,$0.27B,$0.12B,2.15,$0.57B,$0.74B,0.77,$0.39B,$0.26B,68.22%,$0.39B,$0.08B,21.19%,$0.39B,$0.08B,21.19%,$0.39B,$0.08B,21.19%,$0.39B,$0.07B,18.60%,$0.39B,$0.05B,13.18%,$0.05B,$0.74B,7.17%,$0.05B,$0.57B,9.41%,$0.05B,$1.59B,3.56%,$0.08B,$1.30B,7.14%,$97,$29,$68,$3,$18,$69,$28,$-2,$26,$8,$18,$18,$18,$28,$28,$73,76,$0.24,$0.23,$167,$19,$0,$265,$1009,$0,$164,$41,$1328,$1593,$123,$568,$32,$735,$858,$0,$50,$-0,$735,$1593,$0,$0,$0,$0,$0,$0,$0,$0,$0,$89,$-187,$0,$0,$0,$0,$0,$0,$-187,$151,$0,$151,$0,$0,$0,$-23,$128,$30,$0,$0
26,2012-03-31,8.76,$9.77,0.9,$5.20,1.68,$-5.00,0.0,$0.58,15.1,$0.24B,$0.20B,1.23,$0.44B,$0.72B,0.62,$0.39B,$0.26B,67.36%,$0.39B,$0.08B,19.43%,$0.39B,$0.08B,19.43%,$0.39B,$0.08B,19.43%,$0.39B,$0.06B,16.58%,$0.39B,$0.05B,11.66%,$0.05B,$0.72B,6.46%,$0.05B,$0.55B,8.58%,$0.05B,$1.51B,3.38%,$0.08B,$1.16B,7.08%,$93,$31,$62,$6,$18,$79,$14,$-3,$11,$-1,$12,$12,$12,$14,$14,$73,75,$0.17,$0.16,$147,$16,$0,$241,$955,$0,$167,$41,$1270,$1511,$196,$441,$32,$600,$796,$0,$32,$-0,$716,$1511,$0,$0,$0,$0,$0,$0,$0,$0,$0,$36,$-35,$0,$0,$0,$0,$0,$0,$-35,$24,$0,$24,$0,$0,$0,$-15,$9,$11,$0,$0
27,2011-12-31,7.71,$9.59,0.8,$5.22,1.48,$-5.35,0.0,$0.53,14.55,$0.23B,$0.10B,2.37,$0.42B,$0.70B,0.59,$0.38B,$0.26B,67.45%,$0.38B,$0.08B,20.05%,$0.38B,$0.08B,20.05%,$0.38B,$0.08B,20.05%,$0.38B,$0.07B,16.93%,$0.38B,$0.04B,10.68%,$0.04B,$0.70B,5.99%,$0.04B,$0.53B,8.06%,$0.04B,$1.37B,3.35%,$0.08B,$1.12B,7.86%,$95,$32,$63,$8,$16,$79,$16,$-2,$14,$5,$9,$9,$9,$16,$16,$72,74,$0.13,$0.13,$136,$15,$0,$227,$843,$0,$171,$28,$1147,$1374,$96,$417,$33,$576,$672,$0,$20,$-0,$702,$1374,$41,$98,$28,$126,$-7,$2,$0,$18,$16,$183,$-359,$0,$0,$0,$0,$0,$0,$-359,$275,$-22,$253,$0,$0,$0,$-60,$192,$16,$6,$0
28,2011-09-30,6.2,$9.45,0.66,$5.13,1.21,$-4.14,0.0,$0.56,11.07,$0.22B,$0.08B,2.73,$0.33B,$0.69B,0.47,$0.38B,$0.26B,67.90%,$0.38B,$0.08B,20.16%,$0.38B,$0.08B,20.16%,$0.38B,$0.08B,20.16%,$0.38B,$0.06B,16.71%,$0.38B,$0.04B,10.34%,$0.04B,$0.69B,5.80%,$0.04B,$0.52B,7.89%,$0.04B,$1.25B,3.41%,$0.08B,$1.02B,8.47%,$102,$32,$71,$3,$16,$78,$24,$-3,$21,$9,$12,$12,$12,$24,$24,$73,75,$0.16,$0.16,$125,$15,$0,$216,$728,$0,$174,$28,$1029,$1245,$79,$325,$30,$475,$554,$0,$11,$-0,$691,$1245,$0,$0,$0,$0,$0,$0,$0,$0,$0,$132,$-240,$0,$0,$0,$0,$0,$0,$-240,$190,$-22,$168,$0,$0,$0,$-55,$113,$5,$0,$0
29,2011-06-30,8.65,$9.27,0.93,$5.04,1.72,$-3.09,0.0,$0.55,15.73,$0.20B,$0.12B,1.66,$0.27B,$0.68B,0.39,$0.37B,$0.25B,66.76%,$0.37B,$0.07B,19.73%,$0.37B,$0.07B,19.73%,$0.37B,$0.07B,19.73%,$0.37B,$0.06B,17.03%,$0.37B,$0.04B,10.27%,$0.04B,$0.68B,5.75%,$0.04B,$0.50B,7.91%,$0.04B,$1.20B,3.58%,$0.07B,$0.94B,9.07%,$96,$32,$64,$3,$16,$75,$21,$-3,$18,$6,$12,$12,$12,$21,$21,$72,74,$0.16,$0.16,$104,$14,$0,$196,$717,$0,$177,$14,$1005,$1200,$118,$265,$28,$403,$521,$0,$-0,$0,$679,$1200,$0,$0,$0,$0,$0,$0,$0,$0,$0,$84,$-171,$0,$0,$0,$0,$0,$0,$-171,$130,$-22,$108,$0,$0,$0,$-37,$71,$-16,$0,$0
30,2011-03-31,7.98,$9.47,0.84,$4.89,1.63,$-2.12,0.0,$0.43,18.56,$0.19B,$0.11B,1.72,$0.18B,$0.67B,0.26,$0.36B,$0.24B,65.92%,$0.36B,$0.06B,16.20%,$0.36B,$0.06B,16.20%,$0.36B,$0.06B,16.20%,$0.36B,$0.05B,14.25%,$0.36B,$0.03B,8.10%,$0.03B,$0.67B,4.47%,$0.03B,$0.49B,6.20%,$0.03B,$1.08B,2.99%,$0.06B,$0.84B,7.98%,$91,$30,$61,$4,$17,$75,$16,$-4,$12,$4,$8,$8,$8,$16,$16,$70,73,$0.12,$0.11,$104,$14,$0,$194,$604,$0,$180,$14,$889,$1082,$112,$175,$25,$305,$417,$0,$-12,$0,$665,$1082,$0,$0,$0,$0,$0,$0,$0,$0,$0,$32,$-56,$0,$0,$0,$0,$0,$0,$-56,$40,$0,$40,$0,$0,$0,$-32,$8,$-16,$0,$0
31,2010-12-31,8.25,$9.32,0.88,$4.80,1.72,$-1.74,0.0,$0.30,27.5,$0.21B,$0.13B,1.56,$0.14B,$0.66B,0.21,$0.35B,$0.21B,61.03%,$0.35B,$0.04B,10.89%,$0.35B,$0.04B,10.89%,$0.35B,$0.04B,10.89%,$0.35B,$0.04B,10.03%,$0.35B,$0.02B,5.73%,$0.02B,$0.66B,3.13%,$0.02B,$0.47B,4.38%,$0.02B,$1.05B,2.21%,$0.04B,$0.79B,5.64%,$88,$28,$60,$4,$18,$73,$15,$-3,$12,$4,$7,$7,$7,$15,$15,$70,73,$0.10,$0.11,$120,$17,$0,$209,$567,$0,$184,$1,$839,$1047,$134,$135,$23,$259,$393,$0,$-21,$0,$655,$1047,$20,$91,$19,$109,$-9,$9,$3,$24,$22,$151,$-237,$0,$0,$0,$0,$0,$-5,$-242,$135,$0,$135,$0,$0,$0,$-72,$63,$-27,$5,$0
32,2010-09-30,8.54,$9.17,0.93,$3.59,2.38,$-0.27,0.0,$0.09,94.89,$0.18B,$0.16B,1.13,$0.00B,$0.64B,0.0,$0.26B,$0.15B,58.62%,$0.26B,$-0.06B,-22.61%,$0.26B,$0.02B,6.51%,$0.26B,$-0.06B,-22.61%,$0.26B,$0.02B,6.51%,$0.26B,$0.01B,3.83%,$0.01B,$0.64B,1.58%,$0.01B,$0.46B,2.23%,$0.01B,$0.92B,1.18%,$-0.06B,$0.64B,-9.33%,$95,$32,$62,$2,$16,$74,$21,$0,$21,$10,$11,$11,$11,$21,$21,$70,74,$0.15,$0.14,$105,$12,$0,$180,$531,$0,$180,$30,$741,$921,$159,$0,$24,$118,$277,$0,$-30,$0,$644,$921,$0,$0,$0,$0,$0,$0,$0,$0,$0,$105,$-134,$0,$0,$0,$0,$0,$-5,$-139,$0,$0,$0,$0,$0,$0,$-8,$-8,$-43,$0,$0
33,2010-06-30,10.04,$8.99,1.12,$2.31,4.34,$-0.19,0.0,$-0.86,0.0,$0.19B,$0.09B,2.16,$0.00B,$0.63B,0.0,$0.17B,$0.09B,54.82%,$0.17B,$-0.09B,-51.81%,$0.17B,$-0.01B,-6.02%,$0.17B,$-0.09B,-51.81%,$0.17B,$-0.04B,-26.51%,$0.17B,$-0.04B,-24.10%,$-0.04B,$0.63B,-6.40%,$-0.04B,$0.45B,-8.98%,$-0.04B,$0.83B,-4.89%,$-0.09B,$0.63B,-13.68%,$84,$31,$53,$8,$17,$78,$6,$0,$6,$3,$3,$3,$3,$6,$6,$70,73,$0.05,$0.04,$121,$10,$0,$190,$415,$0,$182,$44,$641,$831,$88,$0,$16,$111,$199,$0,$-41,$-0,$632,$831,$0,$0,$0,$0,$0,$0,$0,$0,$0,$33,$-48,$0,$0,$0,$0,$0,$-5,$-53,$0,$0,$0,$0,$0,$0,$-7,$-7,$-26,$0,$0
34,2010-03-31,8.11,$8.93,0.91,$1.16,6.97,$-0.00,0.0,$-0.90,0.0,$0.21B,$0.08B,2.59,$0.00B,$0.63B,0.0,$0.08B,$0.04B,46.34%,$0.08B,$-0.09B,-112.20%,$0.08B,$-0.02B,-19.51%,$0.08B,$-0.09B,-112.20%,$0.08B,$-0.05B,-60.98%,$0.08B,$-0.04B,-52.44%,$-0.04B,$0.63B,-8.02%,$-0.04B,$0.44B,-10.70%,$-0.04B,$0.82B,-6.05%,$-0.09B,$0.63B,-17.04%,$82,$44,$38,$4,$16,$86,$-4,$0,$-4,$-3,$-1,$-1,$-1,$-4,$-4,$70,70,$-0.02,$-0.02,$146,$12,$0,$210,$386,$0,$185,$36,$607,$817,$81,$0,$16,$108,$190,$0,$-44,$-0,$627,$817,$0,$0,$0,$0,$0,$0,$0,$0,$0,$6,$-3,$0,$0,$0,$0,$0,$-5,$-7,$0,$0,$0,$0,$0,$0,$0,$0,$-2,$0,$0
35,2009-12-31,8.03,$8.93,0.9,0,0.0,$-0.05,0.0,$-0.88,0.0,$0.22B,$0.09B,2.48,$0.00B,$0.63B,0.0,$0.00B,0,nan%,$0.00B,$-0.09B,inf%,$0.00B,$-0.01B,inf%,$0.00B,$-0.09B,inf%,$0.00B,$-0.05B,inf%,$0.00B,$-0.04B,inf%,$-0.04B,$0.63B,-9.40%,$-0.04B,$0.44B,-11.70%,$-0.04B,$0.83B,-6.92%,$-0.09B,$0.63B,-19.52%,$0,$0,$0,$0,$16,$82,$-82,$0,$-6,$-3,$-3,$-3,$-3,$-82,$-6,$54,54,$0.03,$0.03,$147,$26,$0,$221,$402,$0,$187,$17,$605,$826,$89,$0,$17,$110,$199,$0,$-43,$0,$627,$826,$-42,$22,$30,$53,$5,$15,$4,$-0,$13,$23,$-7,$0,$-40,$402,$0,$402,$0,$355,$-114,$0,$-114,$-112,$-112,$0,$-5,$-231,$147,$0,$0
36,2009-09-30,11.41,$8.98,1.27,0,0.0,$-0.29,0.0,$-0.83,0.0,$0.22B,$0.08B,2.8,$0.02B,$0.61B,0.03,$0.00B,0,nan%,$0.00B,$-0.01B,inf%,$0.00B,$-0.01B,inf%,$0.00B,$-0.01B,inf%,$0.00B,$-0.04B,inf%,$0.00B,$-0.04B,inf%,$-0.04B,$0.61B,-11.19%,$-0.04B,$0.45B,-12.64%,$-0.04B,$0.80B,-7.98%,$-0.01B,$0.63B,-2.21%,$0,$0,$0,$0,$0,$6,$-6,$-34,$-40,$-1,$-39,$-39,$-39,$-6,$-6,$49,49,$-0.81,$-0.81,$137,$32,$0,$222,$395,$0,$163,$17,$575,$797,$79,$17,$16,$105,$184,$0,$-38,$0,$613,$797,$0,$0,$0,$0,$0,$0,$0,$0,$0,$-16,$0,$0,$-19,$402,$0,$402,$0,$383,$-114,$0,$-114,$-112,$-112,$0,$-5,$-231,$137,$0,$0
37,2009-06-30,9.8,$5.70,1.72,0,0.0,$0.05,217.78,0,0.0,$0.00B,$0.00B,0.16,$0.00B,$0.28B,0.0,$0.00B,0,nan%,$0.00B,$-0.00B,inf%,$0.00B,$-0.00B,inf%,$0.00B,$-0.00B,inf%,$0.00B,0,nan%,$0.00B,0,nan%,$0.00B,$0.28B,0.00%,$0.00B,$0.28B,0.00%,$0.00B,$0.40B,0.00%,$-0.00B,$0.28B,-0.74%,$0,$0,$0,$0,$0,$0,$-0,$0,$-0,$-0,$-0,$-0,$-0,$-0,$-0,$49,49,$0.00,$0.00,$0,$0,$0,$0,$0,$401,$0,$0,$402,$403,$1,$0,$122,$125,$126,$0,$2,$0,$277,$403,$0,$0,$0,$0,$0,$0,$0,$0,$0,$-1,$0,$0,$0,$1,$0,$1,$0,$1,$0,$0,$0,$0,$0,$0,$0,$0,$-0,$0,$0
38,2009-03-31,9.37,$5.57,1.68,0,0.0,$0.08,114.41,$0.02,468.5,$0.00B,$0.00B,0.05,$0.00B,$0.27B,0.0,$0.00B,0,nan%,$0.00B,$-0.00B,inf%,$0.00B,$-0.00B,inf%,$0.00B,$-0.00B,inf%,$0.00B,$0.00B,inf%,$0.00B,$0.00B,inf%,$0.00B,$0.27B,0.37%,$0.00B,$0.27B,0.37%,$0.00B,$0.40B,0.25%,$-0.00B,$0.27B,-0.74%,$0,$0,$0,$0,$0,$0,$-0,$1,$0,$0,$0,$0,$0,$-0,$-0,$49,49,$0.00,$0.00,$0,$0,$0,$0,$0,$402,$0,$0,$403,$403,$2,$0,$120,$131,$133,$0,$2,$0,$270,$403,$0,$0,$0,$0,$0,$0,$0,$0,$0,$-0,$0,$0,$0,$-0,$0,$-0,$0,$-0,$0,$0,$0,$0,$0,$0,$0,$0,$-0,$0,$0
39,2008-12-31,9.0,$5.57,1.62,0,0.0,$0.10,94.24,$0.04,225.0,$0.00B,$0.01B,0.01,$0.00B,$0.27B,0.0,$0.00B,0,nan%,$0.00B,$-0.00B,inf%,$0.00B,$-0.00B,inf%,$0.00B,$-0.00B,inf%,$0.00B,$0.00B,inf%,$0.00B,$0.00B,inf%,$0.00B,$0.27B,0.74%,$0.00B,$0.27B,0.74%,$0.00B,$0.40B,0.50%,$-0.00B,$0.27B,-0.74%,$0,$0,$0,$0,$0,$2,$-2,$1,$-2,$-1,$-1,$-1,$-1,$-2,$-2,$43,43,$-0.02,$-0.02,$0,$0,$0,$0,$0,$402,$0,$0,$403,$403,$13,$0,$120,$120,$133,$0,$2,$0,$270,$403,$2,$0,$-1,$-1,$0,$0,$0,$-0,$2,$2,$0,$0,$0,$-402,$0,$-402,$0,$-402,$0,$-0,$-0,$408,$408,$0,$-8,$400,$-0,$0,$0
