,Date,Stock Price,Book Value per Share,Price to Book Ratio,TTM Sales per Share,Price to Sales Ratio,TTM FCF per Share,Price to FCF Ratio,TTM Net EPS,PE Ratio,Current Assets,Current Liabilities,Current Ratio,Long Term Debt,Shareholder's Equity_x,Debt to Equity Ratio,TTM Revenue_x,TTM Gross Profit,Gross Margin,TTM Revenue_y,TTM Operating Income,Operating Margin,TTM Revenue_x,TTM EBIT,EBIT Margin,TTM Revenue_y,TTM EBITDA,EBITDA Margin,TTM Revenue_x,TTM Pre-Tax Income,Pre-Tax Margin,TTM Revenue_y,TTM Net Income_x,Net Margin,TTM Net Income_y,Shareholder's Equity_y,Return on Equity,TTM Net Income_x,Tangible Equity,Return on Tangible Equity,TTM Net Income_y,Total Assets,Return on Assets,TTM Net Income,LT Investments & Debt,Return on Investment,revenue,cost-goods-sold,gross-profit,research-development-expenses,selling-general-administrative-expenses,operating-expenses,operating-income,total-non-operating-income-expense,pre-tax-income,total-provision-income-taxes,income-after-taxes,income-from-continuous-operations,net-income,ebitda,ebit,basic-shares-outstanding,shares-outstanding,eps-basic-net-earnings-per-share,eps-earnings-per-share-diluted,cash-on-hand,inventory,other-current-assets,total-current-assets,net-property-plant-equipment,long-term-investments,goodwill-intangible-assets-total,other-long-term-assets,total-long-term-assets,total-assets,total-current-liabilities,long-term-debt,other-non-current-liabilities,total-long-term-liabilities,total-liabilities,common-stock-net,retained-earnings-accumulated-deficit,comprehensive-income,total-share-holder-equity,total-liabilities-share-holders-equity,net-income-loss,total-depreciation-amortization-cash-flow,other-non-cash-items,total-non-cash-items,change-in-accounts-receivable,change-in-inventories,change-in-accounts-payable,change-in-assets-liabilities,total-change-in-assets-liabilities,cash-flow-from-operating-activities,net-change-in-property-plant-equipment,net-change-in-intangible-assets,net-acquisitions-divestitures,net-change-in-short-term-investments,net-change-in-long-term-investments,net-change-in-investments-total,investing-activities-other,cash-flow-from-investing-activities,net-long-term-debt,net-current-debt,debt-issuance-retirement-net-total,net-common-equity-issued-repurchased,net-total-equity-issued-repurchased,total-common-preferred-stock-dividends-paid,financial-activities-other,cash-flow-from-financial-activities,net-cash-flow,stock-based-compensation,common-stock-dividends-paid
0,2018-07-31,5.48,$5.67,0.97,$1.30,4.21,$-4.14,0.0,$0.99,5.54,$0.02B,$0.03B,0.72,$0.66B,$0.58B,1.15,$0.18B,$0.15B,85.71%,$0.18B,$-0.01B,-7.43%,$0.18B,$-0.01B,-7.43%,$0.18B,$0.07B,38.86%,$0.18B,$-0.02B,-10.86%,$0.18B,$0.12B,67.43%,$0.12B,$0.68B,17.65%,$0.12B,$0.68B,17.65%,$0.12B,$1.38B,8.12%,$-0.01B,$1.34B,-0.92%,$46,$6,$40,$0,$4,$44,$2,$1,$3,$0,$3,$3,$1,$21,$2,$119,133,$0.01,$0.01,$20,$0,$0,$20,$1328,$0,$0,$28,$1356,$1376,$28,$664,$0,$670,$698,$900,$-402,$2,$678,$1376,$4,$19,$-9,$10,$0,$0,$0,$1,$1,$15,$-6,$0,$0,$0,$0,$0,$50,$44,$-46,$6,$-40,$-1,$-1,$-10,$-3,$-54,$4,$0,$-8
1,2018-04-30,5.26,$5.75,0.92,$1.26,4.18,$-4.60,0.0,$0.87,6.05,$0.02B,$0.03B,0.56,$0.70B,$0.59B,1.2,$0.17B,$0.15B,85.29%,$0.17B,$-0.02B,-13.53%,$0.17B,$-0.02B,-13.53%,$0.17B,$0.07B,40.00%,$0.17B,$-0.04B,-22.35%,$0.17B,$0.10B,60.59%,$0.10B,$0.69B,15.86%,$0.10B,$0.69B,15.88%,$0.10B,$1.43B,6.96%,$-0.02B,$1.39B,-1.61%,$32,$7,$24,$0,$4,$54,$-22,$-4,$-27,$0,$-27,$-27,$-23,$-1,$-22,$120,135,$-0.19,$-0.19,$16,$0,$0,$16,$1380,$0,$0,$30,$1411,$1427,$29,$703,$0,$710,$739,$900,$-396,$2,$688,$1427,$128,$92,$-162,$-70,$0,$0,$0,$-2,$-9,$48,$-330,$0,$426,$0,$0,$0,$8,$104,$-126,$45,$-80,$-19,$-34,$-42,$-12,$-169,$-17,$2,$-34
2,2018-01-31,5.52,$6.03,0.92,$1.17,4.73,$-2.05,0.0,$1.29,4.28,$0.14B,$0.04B,4.02,$0.69B,$0.62B,1.11,$0.16B,$0.14B,87.97%,$0.16B,$-0.01B,-3.80%,$0.16B,$-0.01B,-3.80%,$0.16B,$0.08B,49.37%,$0.16B,$-0.01B,-8.86%,$0.16B,$0.15B,97.47%,$0.15B,$0.72B,24.19%,$0.15B,$0.72B,24.22%,$0.15B,$1.46B,10.33%,$-0.01B,$1.41B,-0.43%,$43,$5,$39,$0,$3,$41,$2,$3,$5,$0,$5,$5,$134,$22,$2,$120,134,$1.12,$1.12,$144,$0,$0,$144,$1290,$0,$0,$22,$1312,$1456,$36,$690,$0,$697,$732,$910,$-365,$0,$723,$1456,$152,$70,$-179,$-109,$0,$0,$0,$2,$-1,$42,$-203,$0,$426,$0,$0,$0,$-103,$120,$-104,$10,$-94,$-7,$-23,$-32,$-20,$-168,$-6,$1,$-25
3,2017-10-31,5.63,$4.87,1.16,$1.14,4.94,$-0.68,0.0,$0.33,17.05,$0.05B,$0.03B,1.39,$0.93B,$0.49B,1.9,$0.16B,$0.14B,87.74%,$0.16B,$-0.00B,-0.65%,$0.16B,$-0.00B,-0.65%,$0.16B,$0.08B,49.03%,$0.16B,$-0.02B,-12.26%,$0.16B,$0.04B,25.16%,$0.04B,$0.59B,6.38%,$0.04B,$0.59B,6.40%,$0.04B,$1.55B,2.55%,$-0.00B,$1.51B,-0.07%,$54,$7,$47,$0,$3,$49,$5,$-4,$0,$0,$0,$0,$6,$26,$5,$120,135,$0.05,$0.05,$47,$0,$0,$47,$1472,$0,$0,$32,$1504,$1551,$34,$925,$0,$932,$966,$911,$-491,$0,$585,$1551,$-0,$50,$-16,$34,$-0,$0,$0,$-2,$-7,$27,$-150,$0,$36,$0,$0,$0,$19,$-95,$-49,$190,$142,$-6,$-28,$-24,$-8,$82,$14,$1,$-19
4,2017-07-31,5.91,$4.99,1.18,$1.11,5.34,$0.34,17.44,$0.35,16.89,$0.04B,$0.04B,1.0,$0.81B,$0.49B,1.65,$0.15B,$0.13B,88.16%,$0.15B,$0.01B,3.95%,$0.15B,$0.01B,3.95%,$0.15B,$0.08B,50.00%,$0.15B,$-0.02B,-11.84%,$0.15B,$0.04B,27.63%,$0.04B,$0.60B,6.69%,$0.04B,$0.60B,6.71%,$0.04B,$1.48B,2.69%,$0.01B,$1.41B,0.42%,$41,$6,$35,$0,$4,$49,$-8,$-8,$-16,$0,$-16,$-16,$-14,$21,$-8,$120,136,$-0.11,$-0.11,$24,$0,$0,$37,$1392,$0,$3,$6,$1445,$1482,$37,$807,$30,$844,$880,$913,$-489,$0,$602,$1482,$-13,$29,$1,$30,$0,$0,$0,$1,$-1,$16,$-69,$0,$0,$0,$0,$0,$0,$-69,$-24,$69,$45,$-10,$-10,$-11,$-1,$24,$-29,$0,$-8
5,2017-04-30,5.56,$5.25,1.06,$1.17,4.77,$0.83,6.73,$0.26,21.37,$0.06B,$0.04B,1.6,$0.67B,$0.53B,1.27,$0.16B,$0.14B,88.82%,$0.16B,$-0.03B,-18.63%,$0.16B,$-0.03B,-18.63%,$0.16B,$0.03B,16.15%,$0.16B,$-0.05B,-29.19%,$0.16B,$0.03B,19.25%,$0.03B,$0.64B,4.83%,$0.03B,$0.64B,4.85%,$0.03B,$1.48B,1.92%,$-0.03B,$1.30B,-2.02%,$20,$1,$18,$0,$5,$24,$-5,$2,$-3,$0,$-3,$-3,$28,$9,$-5,$121,137,$0.23,$0.23,$57,$0,$0,$57,$1121,$0,$0,$13,$1418,$1475,$36,$665,$131,$803,$838,$916,$-467,$0,$636,$1475,$31,$57,$-13,$44,$0,$0,$0,$-3,$-0,$74,$-12,$0,$237,$0,$0,$0,$-23,$202,$-192,$-10,$-201,$-5,$-34,$-67,$-12,$-314,$-38,$0,$-56
6,2017-01-31,5.98,$5.10,1.17,$1.06,5.62,$-0.82,0.0,$0.10,59.82,$0.07B,$0.04B,1.66,$0.89B,$0.51B,1.74,$0.15B,$0.13B,89.12%,$0.15B,$-0.03B,-21.77%,$0.15B,$-0.03B,-21.77%,$0.15B,$0.03B,17.69%,$0.15B,$-0.05B,-31.97%,$0.15B,$0.01B,7.48%,$0.01B,$0.62B,1.66%,$0.01B,$0.62B,1.67%,$0.01B,$1.61B,0.65%,$-0.03B,$1.51B,-2.04%,$40,$4,$36,$0,$4,$34,$7,$-6,$0,$0,$0,$0,$19,$20,$7,$121,137,$0.16,$0.16,$57,$0,$0,$69,$1382,$0,$2,$10,$1540,$1609,$41,$885,$54,$947,$988,$922,$-486,$0,$621,$1609,$-3,$42,$19,$62,$0,$0,$0,$-6,$-3,$56,$-32,$0,$113,$0,$0,$0,$0,$81,$-191,$140,$-51,$0,$-29,$-56,$-11,$-147,$-10,$1,$-47
7,2016-10-31,5.54,$5.35,1.03,$1.13,4.91,$-2.05,0.0,$0.24,23.07,$0.09B,$0.04B,2.14,$0.91B,$0.51B,1.78,$0.16B,$0.14B,89.03%,$0.16B,$-0.03B,-17.42%,$0.16B,$-0.03B,-17.42%,$0.16B,$0.03B,21.94%,$0.16B,$-0.04B,-27.10%,$0.16B,$0.03B,18.71%,$0.03B,$0.65B,4.24%,$0.03B,$0.65B,4.29%,$0.03B,$1.68B,1.70%,$-0.03B,$1.56B,-1.69%,$51,$6,$45,$0,$4,$39,$12,$-11,$1,$0,$1,$1,$9,$26,$12,$121,137,$0.07,$0.07,$69,$0,$0,$86,$1384,$0,$2,$10,$1593,$1679,$40,$910,$69,$988,$1028,$921,$-489,$0,$651,$1679,$-28,$29,$40,$69,$-1,$0,$0,$-2,$-5,$35,$-21,$0,$44,$0,$0,$0,$0,$24,$-41,$30,$-11,$0,$0,$-42,$-5,$-57,$2,$1,$-36
8,2016-07-31,5.9,$5.41,1.09,$1.09,5.4,$-3.05,0.0,$0.28,21.09,$0.07B,$0.04B,1.56,$0.91B,$0.52B,1.75,$0.15B,$0.13B,89.33%,$0.15B,$-0.03B,-20.67%,$0.15B,$-0.03B,-20.67%,$0.15B,$0.03B,20.67%,$0.15B,$-0.04B,-28.67%,$0.15B,$0.03B,22.67%,$0.03B,$0.66B,4.89%,$0.03B,$0.66B,4.99%,$0.03B,$1.69B,1.96%,$-0.03B,$1.57B,-1.94%,$50,$6,$44,$0,$4,$94,$-44,$-1,$-45,$0,$-45,$-45,$-25,$-29,$-44,$121,137,$-0.20,$-0.20,$54,$0,$0,$65,$1396,$0,$3,$7,$1626,$1692,$42,$908,$76,$992,$1034,$923,$-482,$0,$658,$1692,$-41,$15,$46,$60,$-2,$0,$0,$1,$-4,$16,$-3,$0,$0,$0,$0,$0,$0,$-2,$-5,$0,$-5,$0,$0,$-19,$-2,$-26,$-12,$0,$-16
9,2016-04-30,5.26,$5.93,0.89,$1.06,4.98,$-3.26,0.0,$0.49,10.74,$0.08B,$0.04B,1.9,$0.91B,$0.58B,1.57,$0.15B,$0.13B,89.66%,$0.15B,$0.02B,16.55%,$0.15B,$0.02B,16.55%,$0.15B,$0.09B,62.07%,$0.15B,$0.01B,4.14%,$0.15B,$0.06B,42.07%,$0.06B,$0.72B,8.54%,$0.06B,$0.72B,8.80%,$0.06B,$1.76B,3.36%,$0.02B,$1.63B,1.48%,$6,$-0,$6,$0,$5,$13,$-7,$4,$-3,$0,$-3,$0,$8,$9,$-7,$123,137,$0.07,$0.07,$67,$0,$0,$75,$1442,$0,$4,$8,$1680,$1755,$40,$912,$77,$997,$1037,$922,$-442,$0,$718,$1755,$77,$65,$-64,$2,$0,$0,$0,$2,$-12,$66,$-231,$0,$366,$0,$0,$0,$-1,$134,$3,$-68,$-65,$-34,$-34,$-72,$-13,$-183,$18,$2,$-60
10,2016-01-31,5.6,$5.86,0.96,$1.21,4.63,$-2.51,0.0,$0.49,11.42,$0.07B,$0.05B,1.42,$0.92B,$0.57B,1.61,$0.17B,$0.15B,90.30%,$0.17B,$0.03B,20.61%,$0.17B,$0.03B,20.61%,$0.17B,$0.10B,61.82%,$0.17B,$0.01B,3.03%,$0.17B,$0.06B,36.97%,$0.06B,$0.71B,8.48%,$0.06B,$0.68B,8.73%,$0.06B,$1.70B,3.25%,$0.03B,$1.63B,2.13%,$48,$5,$43,$0,$3,$36,$12,$-7,$5,$0,$5,$5,$37,$28,$12,$122,136,$0.30,$0.30,$47,$0,$0,$69,$1556,$0,$26,$35,$1627,$1696,$49,$919,$11,$938,$987,$925,$-434,$0,$709,$1696,$65,$49,$-56,$-6,$0,$0,$0,$-1,$-12,$47,$-190,$0,$366,$0,$0,$0,$0,$177,$-60,$-68,$-128,$-34,$-34,$-53,$-11,$-226,$-2,$1,$-44
11,2015-10-31,6.84,$5.69,1.2,$1.24,5.5,$-2.04,0.0,$0.24,28.52,$0.08B,$0.06B,1.36,$0.88B,$0.56B,1.56,$0.17B,$0.14B,81.76%,$0.17B,$0.04B,22.35%,$0.17B,$0.04B,22.35%,$0.17B,$0.11B,63.53%,$0.17B,$0.01B,4.71%,$0.17B,$0.03B,17.06%,$0.03B,$0.70B,3.99%,$0.03B,$0.67B,4.11%,$0.03B,$1.78B,1.49%,$0.04B,$1.57B,2.32%,$46,$5,$41,$0,$3,$38,$8,$-8,$-0,$0,$-0,$-0,$14,$23,$8,$125,139,$0.11,$0.11,$55,$0,$0,$76,$1543,$0,$27,$127,$1706,$1782,$55,$875,$146,$1028,$1083,$937,$-456,$0,$699,$1782,$21,$34,$-18,$15,$2,$0,$0,$0,$-3,$34,$-157,$0,$365,$0,$0,$0,$0,$207,$-108,$-64,$-172,$-20,$-20,$-34,$-9,$-235,$6,$1,$-29
12,2015-07-31,5.96,$5.81,1.03,$1.29,4.61,$-1.54,0.0,$0.15,39.75,$0.06B,$0.06B,1.06,$0.92B,$0.59B,1.56,$0.18B,$0.13B,74.86%,$0.18B,$0.04B,25.14%,$0.18B,$0.04B,25.14%,$0.18B,$0.12B,66.86%,$0.18B,$0.01B,7.43%,$0.18B,$0.02B,9.71%,$0.02B,$0.73B,2.32%,$0.02B,$0.70B,2.39%,$0.02B,$2.03B,0.85%,$0.04B,$1.65B,2.56%,$45,$5,$40,$0,$2,$34,$11,$-7,$4,$0,$4,$4,$2,$30,$11,$125,139,$0.01,$0.01,$45,$0,$0,$64,$1453,$0,$27,$471,$1960,$2025,$61,$919,$309,$1234,$1295,$958,$-453,$0,$730,$2025,$5,$19,$2,$21,$1,$0,$0,$-0,$-1,$25,$-41,$0,$0,$0,$0,$0,$-5,$-45,$9,$23,$32,$1,$1,$-15,$-2,$16,$-4,$0,$-12
13,2015-04-30,5.82,$5.95,0.98,$1.34,4.33,$-1.62,0.0,$0.11,52.92,$0.06B,$0.06B,1.05,$0.79B,$0.60B,1.32,$0.18B,$0.12B,67.60%,$0.18B,$0.04B,24.58%,$0.18B,$0.04B,24.58%,$0.18B,$0.12B,64.80%,$0.18B,$0.01B,6.15%,$0.18B,$0.01B,6.70%,$0.01B,$0.74B,1.64%,$0.01B,$0.74B,1.69%,$0.01B,$2.00B,0.61%,$0.04B,$1.54B,2.52%,$26,$1,$25,$0,$3,$23,$3,$-7,$-4,$-8,$4,$4,$8,$21,$3,$118,135,$0.07,$0.07,$49,$0,$0,$58,$1237,$0,$3,$15,$1940,$1998,$56,$794,$401,$1201,$1257,$952,$-438,$0,$741,$1998,$29,$72,$3,$75,$4,$0,$0,$-1,$10,$114,$-175,$0,$0,$0,$0,$0,$-1,$-176,$44,$38,$82,$49,$49,$-57,$-10,$64,$2,$2,$-46
14,2015-01-31,6.58,$6.03,1.09,$1.78,3.7,$-2.05,0.0,$-0.25,0.0,$0.09B,$0.07B,1.22,$1.06B,$0.60B,1.77,$0.22B,$0.13B,60.63%,$0.22B,$0.02B,9.05%,$0.22B,$0.02B,9.05%,$0.22B,$0.09B,41.63%,$0.22B,$-0.02B,-9.05%,$0.22B,$-0.03B,-12.22%,$-0.03B,$0.74B,-3.71%,$-0.03B,$0.71B,-3.88%,$-0.03B,$2.00B,-1.39%,$0.02B,$1.79B,1.11%,$53,$20,$33,$0,$3,$37,$16,$-8,$8,$0,$8,$8,$5,$34,$16,$121,135,$0.05,$0.05,$52,$0,$0,$85,$1797,$0,$30,$69,$1916,$2001,$70,$1057,$132,$1195,$1265,$935,$-430,$0,$736,$2001,$15,$54,$10,$63,$2,$0,$0,$-4,$3,$81,$-159,$0,$0,$0,$0,$0,$-1,$-160,$65,$28,$93,$39,$39,$-42,$-5,$84,$5,$2,$-34
15,2014-10-31,6.59,$6.07,1.09,$1.92,3.43,$-2.22,0.0,$-0.30,0.0,$0.08B,$0.07B,1.26,$1.16B,$0.59B,1.98,$0.24B,$0.14B,60.59%,$0.24B,$0.02B,9.32%,$0.24B,$0.02B,9.32%,$0.24B,$0.09B,39.83%,$0.24B,$-0.02B,-10.17%,$0.24B,$-0.03B,-13.14%,$-0.03B,$0.73B,-4.21%,$-0.03B,$0.70B,-4.41%,$-0.03B,$1.96B,-1.62%,$0.02B,$1.89B,1.22%,$51,$18,$33,$0,$3,$37,$14,$-9,$5,$-1,$6,$6,$2,$32,$14,$117,133,$0.02,$0.02,$53,$0,$0,$84,$1760,$0,$32,$65,$1877,$1961,$67,$1161,$0,$1168,$1235,$918,$-420,$0,$727,$1961,$6,$35,$9,$45,$4,$0,$0,$1,$2,$52,$-105,$0,$0,$0,$0,$0,$-3,$-108,$47,$18,$65,$27,$27,$-28,$-3,$61,$6,$2,$-22
16,2014-07-31,6.59,$6.33,1.04,$2.06,3.2,$-2.42,0.0,$-0.26,0.0,$0.10B,$0.06B,1.52,$1.05B,$0.59B,1.79,$0.25B,$0.15B,59.36%,$0.25B,$0.03B,10.76%,$0.25B,$0.03B,10.76%,$0.25B,$0.10B,39.44%,$0.25B,$-0.02B,-9.56%,$0.25B,$-0.03B,-10.76%,$-0.03B,$0.73B,-3.61%,$-0.03B,$0.69B,-3.78%,$-0.03B,$1.93B,-1.42%,$0.03B,$1.78B,1.51%,$49,$19,$30,$0,$4,$38,$11,$-9,$2,$3,$-1,$-1,$-3,$29,$11,$111,131,$-0.03,$-0.03,$61,$0,$0,$95,$1748,$0,$33,$34,$1837,$1932,$63,$1053,$84,$1143,$1206,$884,$-407,$0,$726,$1932,$-0,$17,$7,$25,$1,$0,$0,$0,$-1,$23,$-49,$0,$0,$0,$0,$0,$-3,$-52,$27,$13,$40,$17,$17,$-13,$-2,$42,$13,$2,$-10
17,2014-04-30,6.64,$6.61,1.01,$2.21,3.01,$-2.38,0.0,$-0.23,0.0,$0.09B,$0.06B,1.44,$1.02B,$0.58B,1.75,$0.27B,$0.16B,59.18%,$0.27B,$0.03B,12.36%,$0.27B,$0.03B,12.36%,$0.27B,$0.11B,40.07%,$0.27B,$-0.02B,-8.61%,$0.27B,$-0.02B,-8.99%,$-0.02B,$0.72B,-3.16%,$-0.02B,$0.69B,-3.32%,$-0.02B,$1.87B,-1.27%,$0.03B,$1.74B,1.84%,$68,$30,$38,$0,$3,$89,$-21,$-14,$-35,$0,$-35,$-35,$-31,$-3,$-21,$108,108,$-0.29,$-0.29,$48,$0,$0,$85,$1701,$0,$34,$29,$1784,$1869,$59,$1020,$63,$1090,$1149,$843,$-390,$0,$721,$1869,$-17,$74,$35,$109,$-0,$0,$0,$-6,$0,$93,$-187,$0,$79,$0,$0,$0,$-14,$-122,$-14,$13,$-1,$41,$41,$-52,$-5,$-18,$-47,$0,$-41
18,2014-01-31,6.52,$7.21,0.9,$2.12,3.08,$-2.22,0.0,$0.12,54.35,$0.10B,$0.05B,1.78,$1.03B,$0.63B,1.63,$0.26B,$0.16B,60.15%,$0.26B,$0.08B,29.12%,$0.26B,$0.08B,29.12%,$0.26B,$0.15B,57.09%,$0.26B,$0.02B,7.66%,$0.26B,$0.01B,5.36%,$0.01B,$0.77B,1.82%,$0.01B,$0.74B,1.92%,$0.01B,$1.91B,0.74%,$0.08B,$1.80B,4.20%,$68,$26,$42,$0,$3,$50,$18,$-15,$4,$0,$4,$4,$1,$36,$18,$106,128,$0.00,$0.00,$54,$0,$0,$97,$1715,$0,$35,$36,$1808,$1905,$54,$1031,$48,$1079,$1133,$830,$-344,$0,$771,$1905,$18,$56,$-2,$54,$-6,$0,$0,$-8,$-11,$60,$-157,$0,$0,$0,$0,$0,$68,$-89,$-1,$-5,$-6,$33,$33,$-39,$-0,$-12,$-41,$0,$-30
19,2013-10-31,6.37,$7.35,0.87,$2.13,2.99,$-1.88,0.0,$0.15,42.49,$0.10B,$0.06B,1.78,$1.03B,$0.64B,1.62,$0.26B,$0.15B,59.77%,$0.26B,$0.08B,30.47%,$0.26B,$0.08B,30.47%,$0.26B,$0.15B,58.20%,$0.26B,$0.02B,8.20%,$0.26B,$0.02B,5.86%,$0.02B,$0.78B,2.00%,$0.02B,$0.74B,2.11%,$0.02B,$1.90B,0.80%,$0.08B,$1.81B,4.34%,$66,$26,$39,$0,$3,$47,$19,$-14,$5,$0,$5,$5,$6,$37,$19,$105,127,$0.06,$0.06,$69,$0,$0,$102,$1714,$0,$37,$22,$1794,$1896,$57,$1031,$32,$1063,$1120,$819,$-331,$0,$776,$1896,$14,$38,$-6,$32,$-2,$0,$0,$-5,$-10,$36,$-111,$0,$67,$0,$0,$0,$2,$-42,$-5,$-17,$-22,$26,$26,$-26,$2,$-20,$-25,$0,$-20
20,2013-07-31,6.29,$7.40,0.85,$2.16,2.91,$-1.70,0.0,$0.15,41.91,$0.13B,$0.05B,2.45,$1.04B,$0.63B,1.65,$0.25B,$0.15B,60.32%,$0.25B,$0.08B,32.14%,$0.25B,$0.08B,32.14%,$0.25B,$0.15B,59.92%,$0.25B,$0.02B,9.13%,$0.25B,$0.02B,5.95%,$0.02B,$0.77B,2.06%,$0.02B,$0.73B,2.18%,$0.02B,$1.90B,0.81%,$0.08B,$1.81B,4.55%,$65,$26,$39,$0,$3,$48,$17,$-14,$3,$0,$3,$3,$0,$37,$17,$102,124,$0.00,$0.00,$94,$0,$0,$129,$1687,$0,$38,$22,$1768,$1897,$53,$1040,$32,$1073,$1125,$808,$-323,$0,$771,$1897,$3,$20,$-1,$19,$-1,$0,$0,$-1,$-5,$17,$-37,$0,$21,$0,$0,$0,$2,$-14,$-19,$6,$-13,$16,$16,$-13,$5,$-4,$-1,$0,$-10
21,2013-04-30,6.97,$7.44,0.94,$2.18,3.19,$-1.92,0.0,$0.16,43.57,$0.13B,$0.05B,2.47,$1.06B,$0.62B,1.72,$0.25B,$0.15B,60.48%,$0.25B,$0.08B,33.06%,$0.25B,$0.08B,33.06%,$0.25B,$0.15B,60.08%,$0.25B,$0.02B,8.87%,$0.25B,$0.02B,6.45%,$0.02B,$0.76B,2.35%,$0.02B,$0.71B,2.51%,$0.02B,$1.89B,0.88%,$0.08B,$1.82B,4.66%,$62,$25,$37,$0,$2,$40,$22,$-14,$8,$0,$8,$8,$7,$39,$22,$93,115,$0.07,$0.07,$95,$0,$0,$126,$1682,$0,$42,$18,$1764,$1890,$51,$1059,$18,$1083,$1134,$784,$-310,$0,$755,$1890,$30,$68,$-11,$57,$-2,$0,$0,$-7,$-9,$78,$-160,$0,$20,$0,$0,$0,$6,$-134,$-2,$-29,$-31,$86,$197,$-45,$-11,$111,$54,$0,$-36
22,2013-01-31,6.62,$7.40,0.89,$2.11,3.13,$-1.94,0.0,$0.13,50.9,$0.09B,$0.05B,2.07,$1.05B,$0.56B,1.88,$0.23B,$0.14B,61.11%,$0.23B,$0.08B,32.91%,$0.23B,$0.08B,32.91%,$0.23B,$0.14B,60.68%,$0.23B,$0.02B,7.69%,$0.23B,$0.01B,5.13%,$0.01B,$0.70B,1.90%,$0.01B,$0.66B,2.04%,$0.01B,$1.82B,0.67%,$0.08B,$1.75B,4.48%,$63,$25,$38,$0,$2,$44,$20,$-15,$5,$0,$5,$5,$2,$36,$20,$94,115,$0.03,$0.03,$63,$0,$0,$92,$1640,$0,$42,$20,$1724,$1816,$45,$1052,$22,$1073,$1118,$722,$-305,$0,$698,$1816,$18,$50,$-5,$46,$-0,$0,$0,$-8,$-9,$55,$-103,$0,$4,$0,$0,$0,$3,$-96,$-27,$-8,$-35,$27,$138,$-32,$-8,$63,$22,$0,$-27
23,2012-10-31,5.86,$7.43,0.79,$2.15,2.73,$-2.07,0.0,$0.12,48.86,$0.11B,$0.04B,2.91,$1.06B,$0.55B,1.91,$0.23B,$0.14B,60.78%,$0.23B,$0.08B,32.76%,$0.23B,$0.08B,32.76%,$0.23B,$0.14B,60.34%,$0.23B,$0.02B,6.90%,$0.23B,$0.01B,5.17%,$0.01B,$0.69B,2.02%,$0.01B,$0.65B,2.19%,$0.01B,$1.82B,0.69%,$0.08B,$1.75B,4.50%,$62,$24,$38,$0,$2,$40,$22,$-16,$7,$0,$7,$7,$6,$39,$22,$92,114,$0.06,$0.06,$85,$0,$0,$113,$1626,$0,$43,$16,$1707,$1819,$39,$1055,$33,$1088,$1127,$712,$-295,$0,$692,$1819,$12,$34,$-4,$29,$1,$0,$0,$-1,$-7,$35,$-82,$0,$3,$0,$0,$0,$3,$-76,$-11,$-10,$-21,$20,$132,$-20,$-5,$85,$44,$0,$-18
24,2012-07-31,5.59,$6.27,0.89,$2.19,2.55,$-2.17,0.0,$0.07,79.91,$0.07B,$0.04B,1.66,$1.15B,$0.55B,2.1,$0.23B,$0.14B,60.00%,$0.23B,$0.07B,30.87%,$0.23B,$0.07B,30.87%,$0.23B,$0.13B,57.83%,$0.23B,$0.01B,4.35%,$0.23B,$0.01B,3.04%,$0.01B,$0.58B,1.26%,$0.01B,$0.53B,1.38%,$0.01B,$1.77B,0.41%,$0.07B,$1.73B,4.28%,$61,$24,$37,$0,$2,$43,$18,$-16,$2,$0,$2,$2,$1,$35,$18,$91,111,$0.01,$0.01,$38,$0,$0,$68,$1615,$0,$45,$17,$1699,$1767,$41,$1150,$0,$1150,$1191,$701,$-289,$0,$576,$1767,$2,$17,$0,$17,$0,$0,$0,$-2,$-5,$14,$-55,$0,$1,$0,$0,$0,$-0,$-54,$19,$17,$36,$14,$14,$-9,$-3,$38,$-3,$0,$-9
25,2012-04-30,4.86,$6.32,0.77,$2.23,2.18,$-1.82,0.0,$0.07,69.47,$0.07B,$0.05B,1.5,$1.09B,$0.54B,2.02,$0.23B,$0.14B,59.39%,$0.23B,$0.07B,30.57%,$0.23B,$0.07B,30.57%,$0.23B,$0.13B,57.21%,$0.23B,$0.01B,4.37%,$0.23B,$0.01B,3.06%,$0.01B,$0.57B,1.29%,$0.01B,$0.52B,1.41%,$0.01B,$1.71B,0.42%,$0.07B,$1.65B,4.32%,$48,$19,$30,$0,$1,$32,$17,$-13,$4,$0,$4,$4,$3,$32,$17,$84,103,$0.03,$0.03,$41,$0,$0,$71,$1559,$0,$46,$18,$1643,$1714,$47,$1088,$14,$1102,$1149,$684,$-278,$0,$565,$1714,$10,$62,$0,$62,$-3,$0,$0,$-8,$-7,$65,$-141,$0,$3,$0,$0,$0,$10,$-128,$41,$22,$62,$48,$48,$-39,$-10,$62,$-1,$0,$-36
26,2012-01-31,4.91,$6.30,0.78,$2.33,2.11,$-1.12,0.0,$0.03,163.83,$0.06B,$0.04B,1.43,$1.09B,$0.51B,2.12,$0.24B,$0.14B,57.81%,$0.24B,$0.07B,28.69%,$0.24B,$0.07B,28.69%,$0.24B,$0.13B,54.43%,$0.24B,$0.01B,2.53%,$0.24B,$0.00B,1.69%,$0.00B,$0.54B,0.74%,$0.00B,$0.49B,0.82%,$0.00B,$1.68B,0.24%,$0.07B,$1.63B,4.26%,$61,$25,$36,$0,$2,$42,$19,$-16,$3,$0,$3,$3,$2,$34,$19,$84,104,$0.02,$0.02,$36,$0,$0,$62,$1527,$0,$50,$16,$1616,$1678,$43,$1088,$6,$1094,$1137,$657,$-270,$0,$540,$1678,$6,$46,$0,$47,$-2,$0,$0,$-8,$-8,$44,$-101,$0,$2,$-0,$0,$-0,$10,$-89,$31,$24,$55,$3,$3,$-9,$-10,$39,$-6,$0,$-7
27,2011-10-31,4.82,$6.42,0.75,$2.36,2.05,$-0.75,0.0,$0.15,32.16,$0.06B,$0.04B,1.6,$1.09B,$0.51B,2.13,$0.24B,$0.13B,56.78%,$0.24B,$0.07B,27.54%,$0.24B,$0.07B,27.54%,$0.24B,$0.13B,53.39%,$0.24B,$0.00B,1.27%,$0.24B,$0.01B,5.51%,$0.01B,$0.54B,2.40%,$0.01B,$0.49B,2.65%,$0.01B,$1.67B,0.80%,$0.07B,$1.62B,4.11%,$60,$26,$35,$0,$2,$43,$17,$-16,$1,$0,$1,$1,$1,$32,$17,$82,102,$0.01,$0.01,$33,$0,$0,$62,$1516,$0,$51,$13,$1602,$1665,$39,$1087,$1,$1089,$1128,$643,$-261,$0,$537,$1665,$3,$31,$-0,$30,$-5,$0,$0,$-3,$-9,$24,$-77,$0,$2,$-0,$0,$-0,$8,$-66,$31,$17,$48,$0,$0,$-9,$-6,$34,$-8,$0,$-8
28,2011-07-31,5.2,$6.55,0.79,$2.36,2.21,$-0.21,0.0,$0.21,24.77,$0.07B,$0.04B,1.89,$1.04B,$0.51B,2.05,$0.24B,$0.13B,57.02%,$0.24B,$0.07B,28.09%,$0.24B,$0.07B,28.09%,$0.24B,$0.13B,54.04%,$0.24B,$0.00B,1.70%,$0.24B,$0.02B,7.23%,$0.02B,$0.53B,3.11%,$0.02B,$0.48B,3.43%,$0.02B,$1.61B,1.05%,$0.07B,$1.57B,4.20%,$60,$25,$35,$0,$2,$42,$17,$-16,$2,$0,$2,$2,$1,$33,$17,$81,101,$0.01,$0.01,$38,$0,$0,$65,$1459,$0,$49,$18,$1546,$1612,$35,$1037,$6,$1045,$1079,$628,$-251,$0,$533,$1612,$2,$15,$0,$15,$-1,$0,$0,$-1,$-7,$10,$-12,$0,$0,$0,$0,$0,$0,$-12,$7,$4,$11,$0,$0,$-13,$-0,$-2,$-4,$0,$-13
29,2011-04-30,5.91,$6.76,0.87,$2.38,2.48,$-0.20,0.0,$0.22,26.87,$0.07B,$0.04B,1.75,$1.02B,$0.52B,1.98,$0.23B,$0.13B,57.26%,$0.23B,$0.07B,28.63%,$0.23B,$0.07B,28.63%,$0.23B,$0.13B,54.70%,$0.23B,$0.00B,1.71%,$0.23B,$0.02B,7.26%,$0.02B,$0.54B,3.08%,$0.02B,$0.49B,3.39%,$0.02B,$1.62B,1.05%,$0.07B,$1.57B,4.22%,$56,$25,$31,$0,$2,$42,$15,$-14,$0,$0,$0,$0,$-0,$30,$15,$79,99,$-0.01,$-0.01,$42,$0,$0,$66,$1460,$0,$51,$18,$1549,$1615,$38,$1024,$8,$1033,$1071,$622,$-238,$0,$544,$1615,$24,$61,$-19,$43,$-3,$0,$0,$-6,$-8,$59,$-63,$0,$82,$-0,$0,$-0,$-7,$12,$-74,$31,$-43,$16,$16,$-42,$-15,$-84,$-14,$0,$-40
30,2011-01-31,5.51,$6.96,0.79,$2.42,2.28,$-0.36,0.0,$0.24,22.96,$0.06B,$0.04B,1.64,$1.01B,$0.53B,1.91,$0.23B,$0.13B,57.51%,$0.23B,$0.07B,29.18%,$0.23B,$0.07B,29.18%,$0.23B,$0.13B,55.36%,$0.23B,$0.01B,2.58%,$0.23B,$0.02B,7.30%,$0.02B,$0.56B,3.06%,$0.02B,$0.50B,3.37%,$0.02B,$1.61B,1.04%,$0.07B,$1.57B,4.25%,$60,$27,$33,$0,$2,$44,$16,$-16,$0,$0,$0,$0,$11,$31,$16,$79,99,$0.14,$0.14,$31,$0,$0,$58,$1458,$0,$53,$22,$1552,$1610,$36,$1009,$8,$1019,$1054,$617,$-224,$0,$556,$1610,$24,$46,$-19,$27,$-5,$0,$0,$-6,$-13,$38,$-55,$0,$82,$0,$0,$0,$-9,$17,$-63,$11,$-52,$16,$16,$-32,$-11,$-79,$-24,$0,$-31
31,2010-10-31,5.32,$6.98,0.76,$2.42,2.2,$-0.51,0.0,$0.10,53.23,$0.07B,$0.03B,2.52,$1.03B,$0.53B,1.97,$0.23B,$0.13B,58.26%,$0.23B,$0.07B,29.57%,$0.23B,$0.07B,29.57%,$0.23B,$0.13B,56.09%,$0.23B,$0.01B,3.04%,$0.23B,$0.01B,2.61%,$0.01B,$0.55B,1.08%,$0.01B,$0.50B,1.19%,$0.01B,$1.62B,0.36%,$0.07B,$1.59B,4.19%,$59,$24,$35,$0,$2,$41,$18,$-16,$2,$-0,$2,$2,$5,$33,$18,$79,99,$0.07,$0.07,$44,$0,$0,$67,$1464,$0,$49,$16,$1548,$1615,$27,$1034,$1,$1036,$1063,$611,$-221,$0,$552,$1615,$9,$31,$-5,$26,$-1,$0,$0,$-6,$-17,$19,$-17,$0,$36,$0,$0,$0,$-1,$18,$-57,$23,$-35,$16,$16,$-22,$-8,$-48,$-11,$0,$-21
32,2010-07-31,5.02,$7.14,0.7,$2.49,2.01,$-0.47,0.0,$0.03,167.36,$0.08B,$0.03B,2.39,$1.07B,$0.53B,2.02,$0.23B,$0.13B,58.08%,$0.23B,$0.07B,29.69%,$0.23B,$0.07B,29.69%,$0.23B,$0.13B,56.33%,$0.23B,$0.01B,2.18%,$0.23B,$0.00B,0.44%,$0.00B,$0.56B,0.18%,$0.00B,$0.51B,0.20%,$0.00B,$1.66B,0.06%,$0.07B,$1.63B,4.16%,$59,$24,$35,$0,$2,$41,$18,$-16,$2,$0,$2,$2,$1,$34,$18,$76,97,$0.02,$0.02,$56,$0,$0,$80,$1500,$0,$51,$14,$1584,$1664,$33,$1070,$1,$1073,$1106,$603,$-213,$0,$558,$1664,$2,$16,$0,$16,$-1,$0,$0,$-4,$-9,$9,$-9,$0,$0,$0,$0,$0,$0,$-9,$2,$-0,$1,$15,$15,$-11,$-4,$1,$1,$0,$-10
33,2010-04-30,5.08,$7.32,0.69,$2.61,1.94,$-0.41,0.0,$0.03,169.22,$0.08B,$0.04B,2.0,$1.06B,$0.53B,2.02,$0.23B,$0.13B,58.01%,$0.23B,$0.07B,30.30%,$0.23B,$0.07B,30.30%,$0.23B,$0.13B,56.28%,$0.23B,$0.01B,2.60%,$0.23B,$0.00B,0.87%,$0.00B,$0.56B,0.36%,$0.00B,$0.50B,0.40%,$0.00B,$1.66B,0.12%,$0.07B,$1.62B,4.31%,$55,$23,$31,$0,$1,$39,$16,$-14,$2,$0,$2,$2,$0,$31,$16,$69,90,$0.01,$0.01,$55,$0,$0,$77,$1502,$0,$52,$11,$1584,$1661,$39,$1064,$1,$1067,$1106,$584,$-201,$0,$555,$1661,$5,$61,$2,$63,$-5,$0,$0,$-7,$-6,$61,$-80,$0,$0,$0,$0,$0,$1,$-79,$-14,$-0,$-14,$108,$108,$-40,$-15,$39,$22,$0,$-37
34,2010-01-31,4.98,$7.54,0.66,$2.62,1.9,$-0.19,0.0,$0.05,99.67,$0.11B,$0.04B,2.93,$1.10B,$0.53B,2.07,$0.23B,$0.13B,59.11%,$0.23B,$0.07B,31.11%,$0.23B,$0.07B,31.11%,$0.23B,$0.13B,57.78%,$0.23B,$0.01B,3.11%,$0.23B,$0.00B,1.33%,$0.00B,$0.56B,0.56%,$0.00B,$0.50B,0.62%,$0.00B,$1.70B,0.18%,$0.07B,$1.66B,4.34%,$57,$25,$33,$0,$2,$42,$16,$-15,$1,$0,$1,$1,$-0,$31,$16,$74,95,$0.00,$0.00,$84,$0,$0,$107,$1504,$0,$54,$13,$1589,$1696,$36,$1100,$0,$1102,$1138,$569,$-189,$0,$558,$1696,$3,$46,$1,$47,$-4,$0,$0,$-7,$-7,$43,$-73,$0,$0,$0,$0,$0,$-37,$-109,$23,$-0,$23,$99,$99,$-29,$-12,$81,$15,$0,$-27
35,2009-10-31,4.69,$7.78,0.6,$2.78,1.69,$0.04,112.2,$0.07,67.0,$0.12B,$0.03B,4.17,$1.07B,$0.55B,1.96,$0.23B,$0.14B,58.95%,$0.23B,$0.07B,31.88%,$0.23B,$0.07B,31.88%,$0.23B,$0.13B,58.08%,$0.23B,$0.01B,3.49%,$0.23B,$0.00B,1.75%,$0.00B,$0.57B,0.84%,$0.00B,$0.52B,0.94%,$0.00B,$1.67B,0.25%,$0.07B,$1.64B,4.71%,$58,$24,$34,$0,$1,$40,$18,$-17,$0,$0,$0,$0,$-0,$33,$18,$66,87,$0.00,$0.00,$103,$0,$0,$124,$1471,$0,$50,$10,$1548,$1672,$30,$1068,$0,$1070,$1100,$566,$-177,$0,$572,$1672,$3,$30,$2,$32,$-2,$0,$0,$-3,$-8,$27,$-22,$0,$0,$0,$0,$0,$0,$-22,$-9,$-0,$-9,$99,$99,$-18,$-7,$64,$69,$0,$-17
36,2009-07-31,5.12,$7.99,0.64,$2.86,1.79,$-0.16,0.0,$0.10,51.22,$0.06B,$0.03B,1.98,$1.07B,$0.48B,2.22,$0.23B,$0.14B,59.31%,$0.23B,$0.08B,32.47%,$0.23B,$0.08B,32.47%,$0.23B,$0.13B,58.01%,$0.23B,$0.01B,4.76%,$0.23B,$0.01B,2.60%,$0.01B,$0.51B,1.43%,$0.01B,$0.46B,1.65%,$0.01B,$1.61B,0.37%,$0.08B,$1.58B,5.02%,$61,$24,$36,$0,$1,$41,$20,$-17,$3,$0,$3,$3,$2,$35,$20,$62,83,$0.02,$0.02,$44,$0,$0,$64,$1470,$0,$51,$12,$1550,$1614,$33,$1069,$1,$1072,$1105,$490,$-165,$0,$510,$1614,$3,$15,$0,$15,$-1,$0,$0,$-3,$-5,$13,$-9,$0,$0,$0,$0,$0,$-0,$-9,$-14,$8,$-7,$26,$26,$-9,$-3,$7,$11,$0,$-8
37,2009-04-30,4.99,$8.18,0.61,$2.87,1.74,$-0.29,0.0,$0.11,45.34,$0.05B,$0.03B,1.59,$1.08B,$0.47B,2.31,$0.23B,$0.14B,59.39%,$0.23B,$0.08B,32.75%,$0.23B,$0.08B,32.75%,$0.23B,$0.13B,58.08%,$0.23B,$0.01B,4.80%,$0.23B,$0.01B,2.62%,$0.01B,$0.49B,1.60%,$0.01B,$0.44B,1.88%,$0.01B,$1.61B,0.37%,$0.08B,$1.57B,5.17%,$49,$20,$30,$0,$1,$33,$16,$-14,$3,$0,$3,$3,$1,$31,$16,$59,80,$0.03,$0.03,$33,$0,$0,$52,$1474,$0,$54,$9,$1553,$1605,$33,$1076,$2,$1079,$1112,$462,$-156,$0,$493,$1605,$11,$58,$3,$61,$-3,$0,$0,$-5,$-11,$60,$-59,$0,$0,$0,$0,$0,$5,$-54,$6,$6,$13,$6,$6,$-31,$-13,$-26,$-20,$0,$-29
38,2009-01-31,5.27,$5.62,0.94,$3.05,1.73,$-1.47,0.0,$0.08,65.89,$0.05B,$0.03B,1.56,$1.08B,$0.31B,3.53,$0.24B,$0.14B,59.00%,$0.24B,$0.08B,32.64%,$0.24B,$0.08B,32.64%,$0.24B,$0.14B,56.90%,$0.24B,$0.01B,5.02%,$0.24B,$0.01B,3.35%,$0.01B,$0.33B,2.36%,$0.01B,$0.28B,2.86%,$0.01B,$1.61B,0.50%,$0.08B,$1.41B,5.53%,$61,$26,$35,$0,$1,$42,$19,$-17,$2,$0,$2,$2,$1,$34,$19,$59,80,$0.02,$0.02,$31,$0,$0,$50,$1475,$0,$57,$10,$1559,$1609,$32,$1077,$2,$1245,$1277,$452,$-148,$0,$332,$1609,$8,$43,$1,$44,$-1,$0,$0,$-4,$-8,$44,$-50,$0,$0,$0,$0,$0,$3,$-48,$4,$9,$14,$1,$1,$-23,$-10,$-18,$-22,$0,$-21
39,2008-10-31,5.15,$5.75,0.9,$3.01,1.71,$-1.63,0.0,$0.10,51.51,$0.06B,$0.03B,2.23,$1.08B,$0.31B,3.48,$0.23B,$0.14B,59.91%,$0.23B,$0.08B,33.62%,$0.23B,$0.08B,33.62%,$0.23B,$0.13B,57.33%,$0.23B,$0.01B,6.03%,$0.23B,$0.01B,3.88%,$0.01B,$0.34B,2.63%,$0.01B,$0.28B,3.11%,$0.01B,$1.62B,0.57%,$0.08B,$1.42B,5.61%,$60,$24,$36,$0,$1,$40,$20,$-17,$3,$0,$3,$3,$2,$34,$20,$58,80,$0.03,$0.03,$41,$0,$0,$59,$1475,$0,$58,$9,$1557,$1617,$27,$1081,$1,$1253,$1279,$449,$-138,$0,$338,$1617,$6,$28,$1,$29,$-0,$0,$0,$-2,$-10,$25,$-36,$0,$0,$0,$0,$0,$2,$-34,$2,$15,$17,$0,$0,$-15,$-6,$-4,$-13,$0,$-14
40,2008-07-31,5.47,$5.86,0.93,$3.04,1.8,$-1.60,0.0,$0.11,49.77,$0.06B,$0.03B,1.86,$1.07B,$0.31B,3.41,$0.23B,$0.14B,60.18%,$0.23B,$0.08B,34.07%,$0.23B,$0.08B,34.07%,$0.23B,$0.13B,57.96%,$0.23B,$0.02B,6.64%,$0.23B,$0.01B,3.98%,$0.01B,$0.34B,2.61%,$0.01B,$0.28B,3.02%,$0.01B,$1.62B,0.57%,$0.08B,$1.41B,5.65%,$59,$24,$35,$0,$1,$39,$20,$-17,$3,$0,$3,$3,$2,$34,$20,$58,79,$0.03,$0.03,$42,$0,$0,$61,$1468,$0,$60,$12,$1555,$1616,$33,$1069,$0,$1242,$1275,$444,$-130,$0,$341,$1616,$3,$14,$1,$15,$-1,$0,$0,$-2,$-6,$12,$-19,$0,$0,$0,$0,$0,$1,$-17,$4,$-0,$4,$0,$0,$-8,$-3,$-6,$-11,$0,$-7
41,2008-04-30,5.23,$5.98,0.88,$3.07,1.7,$-1.65,0.0,$0.13,40.23,$0.07B,$0.03B,2.13,$1.06B,$0.32B,3.35,$0.22B,$0.13B,60.63%,$0.22B,$0.08B,34.39%,$0.22B,$0.08B,34.39%,$0.22B,$0.13B,57.92%,$0.22B,$0.02B,7.24%,$0.22B,$0.01B,4.07%,$0.01B,$0.35B,2.73%,$0.01B,$0.28B,3.10%,$0.01B,$1.62B,0.59%,$0.08B,$1.41B,5.75%,$59,$24,$35,$0,$1,$40,$19,$-16,$4,$0,$4,$6,$3,$34,$19,$53,73,$0.05,$0.05,$53,$0,$0,$72,$1458,$0,$63,$11,$1546,$1618,$34,$1064,$1,$1239,$1273,$440,$-122,$0,$345,$1618,$16,$52,$1,$53,$-4,$0,$0,$-7,$-7,$62,$-147,$0,$0,$2,$-0,$2,$0,$-145,$66,$-0,$66,$67,$67,$-40,$-0,$92,$9,$0,$-38
42,2008-01-31,4.93,$6.06,0.81,$3.09,1.59,$-2.10,0.0,$0.20,24.67,$0.09B,$0.03B,3.18,$0.98B,$0.32B,3.07,$0.22B,$0.13B,60.93%,$0.22B,$0.08B,34.88%,$0.22B,$0.08B,34.88%,$0.22B,$0.13B,58.14%,$0.22B,$0.02B,7.44%,$0.22B,$0.01B,4.19%,$0.01B,$0.35B,2.86%,$0.01B,$0.32B,3.19%,$0.01B,$1.52B,0.61%,$0.08B,$1.32B,5.87%,$54,$22,$33,$0,$1,$36,$19,$-15,$4,$0,$4,$3,$2,$31,$19,$55,76,$0.04,$0.04,$76,$0,$0,$94,$1370,$0,$30,$12,$1426,$1520,$30,$976,$1,$1145,$1174,$434,$-116,$0,$345,$1520,$9,$38,$3,$42,$-2,$0,$0,$-5,$-7,$43,$-62,$0,$0,$-0,$-0,$-0,$0,$-62,$14,$-0,$14,$66,$66,$-29,$-0,$51,$32,$0,$-28
43,2007-10-31,5.36,$6.17,0.87,$3.13,1.71,$-3.35,0.0,$0.22,24.38,$0.11B,$0.02B,4.57,$0.97B,$0.32B,3.02,$0.21B,$0.13B,61.32%,$0.21B,$0.08B,35.38%,$0.21B,$0.08B,35.38%,$0.21B,$0.13B,58.96%,$0.21B,$0.02B,7.55%,$0.21B,$0.01B,4.72%,$0.01B,$0.35B,3.33%,$0.01B,$0.32B,3.76%,$0.01B,$1.51B,0.69%,$0.08B,$1.32B,5.98%,$54,$21,$33,$0,$1,$35,$19,$-15,$4,$0,$4,$3,$2,$32,$19,$50,70,$0.04,$0.04,$89,$0,$0,$105,$1346,$0,$32,$12,$1402,$1507,$23,$968,$1,$1136,$1159,$429,$-108,$-0,$348,$1507,$6,$25,$2,$28,$-1,$0,$0,$-2,$-9,$25,$-33,$0,$0,$-0,$0,$-0,$-0,$-33,$6,$-0,$6,$66,$66,$-19,$0,$53,$45,$0,$-18
44,2007-07-31,4.68,$5.78,0.81,$3.13,1.49,$-4.55,0.0,$0.24,19.5,$0.04B,$0.03B,1.62,$0.96B,$0.26B,3.76,$0.21B,$0.13B,61.35%,$0.21B,$0.07B,35.27%,$0.21B,$0.07B,35.27%,$0.21B,$0.12B,58.94%,$0.21B,$0.02B,7.25%,$0.21B,$0.01B,5.31%,$0.01B,$0.28B,3.86%,$0.01B,$0.25B,4.41%,$0.01B,$1.44B,0.77%,$0.07B,$1.24B,5.93%,$54,$21,$33,$0,$1,$35,$19,$-15,$4,$0,$4,$3,$2,$31,$19,$49,69,$0.05,$0.05,$25,$0,$0,$41,$1342,$0,$34,$12,$1400,$1441,$25,$960,$1,$1133,$1159,$358,$-103,$-0,$282,$1441,$3,$13,$1,$14,$-1,$0,$0,$-3,$-7,$10,$-19,$0,$0,$-0,$0,$-0,$1,$-19,$-2,$-0,$-2,$0,$0,$-9,$0,$-11,$-20,$0,$-9
45,2007-04-30,5.05,$5.87,0.86,$3.08,1.64,$-4.47,0.0,$0.24,21.04,$0.06B,$0.03B,2.08,$0.95B,$0.26B,3.69,$0.20B,$0.12B,61.42%,$0.20B,$0.07B,35.53%,$0.20B,$0.07B,35.53%,$0.20B,$0.12B,59.39%,$0.20B,$0.01B,7.11%,$0.20B,$0.01B,6.09%,$0.01B,$0.29B,4.19%,$0.01B,$0.25B,4.75%,$0.01B,$1.44B,0.87%,$0.07B,$1.24B,5.90%,$53,$22,$32,$0,$1,$35,$18,$-15,$4,$0,$4,$3,$3,$31,$18,$48,65,$0.07,$0.07,$45,$0,$0,$60,$1318,$0,$35,$11,$1375,$1435,$29,$951,$1,$1121,$1150,$354,$-97,$-0,$285,$1435,$14,$47,$1,$48,$-4,$0,$0,$-3,$-3,$58,$-162,$0,$0,$0,$0,$0,$0,$-161,$169,$-4,$166,$0,$0,$-34,$-2,$130,$27,$0,$-31
46,2007-01-31,4.88,$5.93,0.82,$2.98,1.63,$-3.47,0.0,$0.27,18.07,$0.06B,$0.03B,2.14,$0.94B,$0.26B,3.62,$0.19B,$0.12B,61.50%,$0.19B,$0.07B,36.36%,$0.19B,$0.07B,36.36%,$0.19B,$0.11B,59.89%,$0.19B,$0.01B,7.49%,$0.19B,$0.01B,6.95%,$0.01B,$0.29B,4.52%,$0.01B,$0.25B,5.09%,$0.01B,$1.42B,0.99%,$0.07B,$1.22B,5.95%,$51,$19,$32,$0,$1,$33,$19,$-14,$4,$0,$4,$3,$3,$31,$19,$48,67,$0.06,$0.06,$44,$0,$0,$58,$1303,$0,$37,$11,$1362,$1420,$27,$936,$1,$1107,$1134,$351,$-92,$-0,$286,$1420,$10,$34,$1,$35,$-2,$0,$0,$-2,$-2,$44,$-145,$0,$0,$1,$0,$1,$-0,$-144,$157,$-4,$153,$0,$0,$-25,$-2,$127,$26,$0,$-23
47,2006-10-31,4.66,$6.01,0.78,$2.94,1.58,$-2.62,0.0,$0.25,18.66,$0.08B,$0.03B,3.33,$0.94B,$0.26B,3.61,$0.18B,$0.11B,60.89%,$0.18B,$0.06B,35.75%,$0.18B,$0.06B,35.75%,$0.18B,$0.11B,59.22%,$0.18B,$0.01B,7.26%,$0.18B,$0.01B,6.70%,$0.01B,$0.29B,4.16%,$0.01B,$0.25B,4.52%,$0.01B,$1.42B,0.95%,$0.06B,$1.22B,5.80%,$49,$19,$30,$0,$1,$31,$17,$-14,$3,$0,$3,$2,$3,$29,$17,$47,63,$0.06,$0.06,$68,$0,$0,$82,$1278,$0,$37,$14,$1341,$1422,$25,$937,$1,$1111,$1135,$347,$-87,$-0,$287,$1422,$7,$22,$-0,$22,$-2,$0,$0,$-1,$-3,$25,$-108,$0,$0,$1,$0,$1,$-4,$-111,$157,$-4,$153,$0,$0,$-16,$-2,$136,$50,$0,$-14
