,Date,Stock Price,Book Value per Share,Price to Book Ratio,TTM Sales per Share,Price to Sales Ratio,TTM FCF per Share,Price to FCF Ratio,TTM Net EPS,PE Ratio,Current Assets,Current Liabilities,Current Ratio,Long Term Debt,Shareholder's Equity_x,Debt to Equity Ratio,TTM Revenue_x,TTM Gross Profit,Gross Margin,TTM Revenue_y,TTM Operating Income,Operating Margin,TTM Revenue_x,TTM EBIT,EBIT Margin,TTM Revenue_y,TTM EBITDA,EBITDA Margin,TTM Revenue_x,TTM Pre-Tax Income,Pre-Tax Margin,TTM Revenue_y,TTM Net Income_x,Net Margin,TTM Net Income_y,Shareholder's Equity_y,Return on Equity,TTM Net Income_x,Tangible Equity,Return on Tangible Equity,TTM Net Income_y,Total Assets,Return on Assets,TTM Net Income,LT Investments & Debt,Return on Investment,revenue,cost-goods-sold,gross-profit,research-development-expenses,selling-general-administrative-expenses,operating-expenses,operating-income,total-non-operating-income-expense,pre-tax-income,total-provision-income-taxes,income-after-taxes,income-from-continuous-operations,net-income,ebitda,ebit,basic-shares-outstanding,shares-outstanding,eps-basic-net-earnings-per-share,eps-earnings-per-share-diluted,cash-on-hand,inventory,other-current-assets,total-current-assets,net-property-plant-equipment,long-term-investments,goodwill-intangible-assets-total,other-long-term-assets,total-long-term-assets,total-assets,total-current-liabilities,long-term-debt,other-non-current-liabilities,total-long-term-liabilities,total-liabilities,common-stock-net,retained-earnings-accumulated-deficit,comprehensive-income,total-share-holder-equity,total-liabilities-share-holders-equity,net-income-loss,total-depreciation-amortization-cash-flow,other-non-cash-items,total-non-cash-items,change-in-accounts-receivable,change-in-inventories,change-in-accounts-payable,change-in-assets-liabilities,total-change-in-assets-liabilities,cash-flow-from-operating-activities,net-change-in-property-plant-equipment,net-change-in-intangible-assets,net-acquisitions-divestitures,net-change-in-short-term-investments,net-change-in-long-term-investments,net-change-in-investments-total,investing-activities-other,cash-flow-from-investing-activities,net-long-term-debt,net-current-debt,debt-issuance-retirement-net-total,net-common-equity-issued-repurchased,net-total-equity-issued-repurchased,total-common-preferred-stock-dividends-paid,financial-activities-other,cash-flow-from-financial-activities,net-cash-flow,stock-based-compensation,common-stock-dividends-paid
0,2018-09-30,34.52,$6.77,5.1,$14.76,2.34,$3.01,11.46,$0.80,43.15,$1.22B,$1.25B,0.98,$8.11B,$1.94B,4.18,$4.16B,$2.38B,57.30%,$4.16B,$0.72B,17.28%,$4.16B,$0.72B,17.28%,$4.16B,$1.35B,32.54%,$4.16B,$0.28B,6.71%,$4.16B,$0.23B,5.49%,$0.23B,$1.94B,10.66%,$0.23B,$-4.06B,-6.15%,$0.23B,$11.81B,1.96%,$0.72B,$10.05B,7.26%,$1061,$448,$613,$0,$258,$865,$196,$-104,$92,$14,$77,$79,$67,$358,$196,$286,287,$0.23,$0.23,$198,$0,$0,$1216,$4425,$0,$5996,$170,$10590,$11806,$1247,$8109,$117,$8620,$9867,$3,$-2098,$-228,$1939,$11806,$206,$486,$43,$529,$0,$0,$0,$-110,$-110,$625,$-329,$-39,$-1711,$0,$0,$0,$-24,$-2103,$1211,$0,$1211,$73,$73,$-505,$-9,$770,$-728,$23,$-505
1,2018-06-30,35.01,$7.19,4.87,$14.69,2.38,$3.05,11.48,$0.66,53.05,$1.24B,$1.27B,0.98,$7.96B,$2.06B,3.87,$4.06B,$2.32B,57.02%,$4.06B,$0.70B,17.22%,$4.06B,$0.70B,17.22%,$4.06B,$1.30B,32.12%,$4.06B,$0.22B,5.30%,$4.06B,$0.19B,4.56%,$0.19B,$2.06B,8.72%,$0.19B,$-3.94B,-5.15%,$0.19B,$11.81B,1.64%,$0.70B,$10.02B,7.35%,$1061,$451,$609,$0,$250,$857,$203,$-83,$120,$26,$94,$94,$93,$364,$203,$286,287,$0.33,$0.33,$188,$0,$0,$1244,$4406,$0,$5997,$165,$10568,$11813,$1273,$7962,$119,$8482,$9755,$3,$-1996,$-207,$2057,$11813,$139,$324,$24,$348,$0,$0,$0,$-94,$-94,$393,$-217,$-23,$-1667,$0,$0,$0,$-14,$-1921,$1068,$0,$1068,$74,$74,$-337,$-6,$799,$-738,$16,$-337
2,2018-03-31,32.3,$7.91,4.08,$14.57,2.22,$3.05,10.59,$0.63,51.27,$1.53B,$1.23B,1.24,$8.02B,$2.26B,3.55,$3.95B,$2.24B,56.77%,$3.95B,$0.67B,16.87%,$3.95B,$0.67B,16.87%,$3.95B,$1.24B,31.45%,$3.95B,$0.20B,4.94%,$3.95B,$0.17B,4.33%,$0.17B,$2.26B,8.25%,$0.17B,$-3.66B,-4.94%,$0.17B,$12.00B,1.59%,$0.67B,$10.28B,7.41%,$1042,$449,$594,$0,$270,$878,$165,$-118,$47,$1,$46,$46,$45,$329,$165,$285,286,$0.16,$0.16,$442,$0,$0,$1525,$4365,$0,$5918,$190,$10473,$11998,$1231,$8021,$97,$8506,$9737,$3,$-1920,$-74,$2261,$11998,$45,$164,$34,$198,$-11,$0,$-1,$-63,$-151,$92,$-115,$-13,$-1429,$0,$0,$0,$-5,$-1562,$1086,$0,$1086,$70,$70,$-169,$-2,$985,$-483,$7,$-169
3,2017-12-31,36.44,$8.12,4.49,$14.47,2.52,$3.32,10.98,$0.69,52.81,$1.95B,$1.33B,1.47,$6.90B,$2.30B,3.0,$3.85B,$2.16B,56.16%,$3.85B,$0.65B,16.87%,$3.85B,$0.65B,16.87%,$3.85B,$1.19B,30.92%,$3.85B,$0.22B,5.62%,$3.85B,$0.18B,4.78%,$0.18B,$2.30B,9.28%,$0.18B,$-3.17B,-5.44%,$0.18B,$10.97B,1.81%,$0.65B,$9.20B,7.75%,$991,$426,$565,$0,$265,$837,$154,$-134,$20,$-4,$24,$24,$23,$302,$154,$266,267,$0.08,$0.08,$926,$0,$0,$1950,$3418,$0,$5471,$134,$9022,$10972,$1330,$6897,$73,$7343,$8674,$3,$-1766,$-104,$2299,$10972,$185,$540,$97,$637,$-90,$0,$35,$-12,$-102,$721,$-334,$-55,$-220,$0,$0,$0,$9,$-599,$397,$0,$397,$530,$530,$-440,$53,$540,$689,$30,$-440
4,2017-09-30,37.0,$7.00,5.28,$14.54,2.55,$2.77,13.36,$0.80,46.25,$1.33B,$1.23B,1.08,$6.70B,$1.87B,3.59,$3.79B,$2.11B,55.77%,$3.79B,$0.63B,16.73%,$3.79B,$0.63B,16.73%,$3.79B,$1.16B,30.51%,$3.79B,$0.24B,6.41%,$3.79B,$0.21B,5.54%,$0.21B,$1.87B,11.10%,$0.21B,$-3.59B,-6.19%,$0.21B,$10.26B,2.14%,$0.63B,$8.57B,7.85%,$966,$418,$547,$0,$242,$789,$177,$-148,$28,$2,$26,$25,$24,$309,$177,$265,266,$0.09,$0.09,$338,$0,$0,$1328,$3344,$0,$5456,$132,$8932,$10260,$1232,$6700,$87,$7159,$8391,$3,$-1622,$-115,$1869,$10260,$164,$393,$46,$439,$0,$0,$0,$-84,$-84,$519,$-235,$-44,$-194,$0,$0,$0,$-11,$-483,$331,$0,$331,$7,$7,$-293,$-3,$41,$101,$23,$-293
5,2017-06-30,32.23,$7.03,4.59,$14.47,2.23,$2.38,13.55,$0.74,43.55,$1.21B,$1.48B,0.82,$6.03B,$1.86B,3.25,$3.77B,$2.08B,55.20%,$3.77B,$0.59B,15.72%,$3.77B,$0.59B,15.72%,$3.77B,$1.11B,29.50%,$3.77B,$0.24B,6.48%,$3.77B,$0.19B,5.12%,$0.19B,$1.86B,9.84%,$0.19B,$-3.43B,-5.94%,$0.19B,$9.82B,1.99%,$0.59B,$7.89B,7.35%,$950,$414,$536,$0,$237,$780,$170,$-71,$100,$18,$82,$83,$79,$302,$170,$264,265,$0.30,$0.30,$291,$0,$0,$1206,$3175,$0,$5286,$148,$8609,$9815,$1475,$6029,$86,$6483,$7957,$3,$-1498,$-154,$1857,$9815,$140,$261,$-6,$255,$0,$0,$0,$-74,$-74,$320,$-157,$-21,$-38,$0,$0,$0,$-5,$-221,$75,$0,$75,$1,$1,$-147,$10,$-62,$55,$15,$-147
6,2017-03-31,32.93,$7.21,4.57,$14.47,2.27,$1.94,16.98,$0.38,86.65,$1.20B,$1.42B,0.85,$5.92B,$1.90B,3.11,$3.70B,$2.03B,54.89%,$3.70B,$0.52B,14.03%,$3.70B,$0.52B,14.03%,$3.70B,$1.02B,27.68%,$3.70B,$0.14B,3.78%,$3.70B,$0.10B,2.70%,$0.10B,$1.90B,4.86%,$0.10B,$-3.33B,-3.21%,$0.10B,$9.67B,1.03%,$0.52B,$7.83B,6.35%,$939,$427,$512,$0,$240,$791,$148,$-80,$68,$9,$59,$59,$58,$276,$148,$264,265,$0.22,$0.22,$296,$0,$0,$1199,$3112,$0,$5234,$128,$8473,$9672,$1418,$5923,$87,$6350,$7768,$3,$-1431,$-161,$1904,$9672,$59,$129,$1,$130,$-9,$0,$6,$-27,$-66,$122,$-73,$-17,$-12,$0,$0,$0,$-2,$-104,$32,$0,$32,$-4,$-4,$-2,$11,$37,$59,$7,$-2
7,2016-12-31,29.5,$7.34,4.02,$14.46,2.04,$1.76,16.79,$0.46,64.14,$1.11B,$1.05B,1.06,$6.08B,$1.94B,3.14,$3.51B,$1.94B,55.35%,$3.51B,$0.50B,14.27%,$3.51B,$0.50B,14.27%,$3.51B,$0.97B,27.56%,$3.51B,$0.15B,4.19%,$3.51B,$0.11B,2.99%,$0.11B,$1.94B,6.13%,$0.11B,$-3.22B,-3.61%,$0.11B,$9.49B,1.18%,$0.50B,$8.02B,6.61%,$934,$416,$518,$0,$251,$795,$139,$-93,$47,$-1,$48,$50,$49,$269,$139,$246,247,$0.16,$0.15,$236,$0,$0,$1112,$3083,$0,$5158,$134,$8375,$9487,$1047,$6078,$100,$6504,$7550,$3,$-1343,$-213,$1937,$9487,$107,$465,$32,$497,$-23,$0,$-51,$-39,$-61,$544,$-321,$-32,$-292,$0,$0,$0,$108,$-536,$618,$0,$618,$32,$32,$-506,$-19,$125,$108,$29,$-506
8,2016-09-30,33.54,$8.16,4.11,$14.23,2.36,$2.05,16.35,$0.30,111.78,$1.47B,$1.02B,1.43,$6.34B,$2.15B,2.95,$3.33B,$1.85B,55.68%,$3.33B,$0.49B,14.56%,$3.33B,$0.49B,14.56%,$3.33B,$0.91B,27.36%,$3.33B,$0.12B,3.51%,$3.33B,$0.06B,1.86%,$0.06B,$2.15B,4.55%,$0.06B,$-3.02B,-2.28%,$0.06B,$9.91B,0.76%,$0.49B,$8.49B,7.04%,$943,$430,$513,$0,$253,$807,$135,$-107,$29,$23,$5,$6,$7,$264,$135,$263,265,$0.03,$0.03,$458,$0,$128,$1467,$3167,$0,$5168,$103,$8438,$9905,$1024,$6338,$89,$6731,$7755,$3,$-1246,$-138,$2150,$9905,$58,$336,$45,$382,$-7,$0,$-39,$-10,$-17,$423,$-244,$-25,$-276,$0,$0,$0,$38,$-507,$792,$0,$792,$26,$26,$-360,$-17,$441,$330,$22,$-360
9,2016-06-30,35.15,$8.54,4.12,$14.19,2.48,$1.94,18.13,$0.38,92.49,$1.29B,$0.98B,1.31,$6.10B,$2.25B,2.72,$3.13B,$1.77B,56.48%,$3.13B,$0.48B,15.22%,$3.13B,$0.48B,15.22%,$3.13B,$0.86B,27.50%,$3.13B,$0.11B,3.64%,$3.13B,$0.08B,2.49%,$0.08B,$2.25B,7.97%,$0.08B,$-2.91B,-3.08%,$0.08B,$9.74B,1.07%,$0.48B,$8.35B,7.75%,$884,$396,$488,$0,$277,$787,$97,$-101,$-4,$11,$-15,$-15,$-14,$215,$97,$246,246,$-0.06,$-0.06,$237,$0,$144,$1289,$3196,$0,$5151,$105,$8452,$9741,$982,$6103,$86,$6513,$7495,$3,$-1125,$-149,$2246,$9741,$50,$208,$25,$233,$2,$0,$-39,$-47,$-76,$207,$-163,$-10,$-277,$0,$0,$0,$48,$-403,$538,$0,$538,$19,$19,$-233,$-12,$313,$109,$16,$-233
10,2016-03-31,29.53,$2.46,12.01,$14.19,2.08,$1.96,15.09,$0.69,42.8,$0.83B,$0.75B,1.11,$4.93B,$0.52B,9.46,$3.01B,$1.72B,56.98%,$3.01B,$0.51B,16.94%,$3.01B,$0.51B,16.94%,$3.01B,$0.87B,28.77%,$3.01B,$0.18B,5.95%,$3.01B,$0.15B,4.82%,$0.15B,$0.52B,24.25%,$0.15B,$-2.50B,-6.11%,$0.15B,$6.42B,2.24%,$0.51B,$5.45B,9.39%,$751,$326,$425,$0,$208,$621,$130,$-55,$75,$12,$63,$63,$63,$220,$130,$212,212,$0.30,$0.30,$118,$0,$0,$832,$2539,$0,$3019,$32,$5590,$6422,$748,$4931,$74,$5153,$5901,$2,$-983,$-152,$521,$6422,$63,$90,$-8,$82,$-8,$0,$-31,$31,$-64,$81,$-81,$-6,$-19,$0,$0,$0,$-1,$-107,$126,$0,$126,$-2,$-2,$-105,$1,$19,$-10,$7,$-105
11,2015-12-31,23.15,$2.50,9.26,$14.18,1.63,$1.63,14.2,$0.58,39.91,$0.86B,$0.84B,1.02,$4.76B,$0.53B,9.0,$3.01B,$1.72B,57.11%,$3.01B,$0.53B,17.45%,$3.01B,$0.53B,17.45%,$3.01B,$0.88B,29.22%,$3.01B,$0.16B,5.39%,$3.01B,$0.12B,4.09%,$0.12B,$0.53B,18.72%,$0.12B,$-2.44B,-5.36%,$0.12B,$6.35B,1.91%,$0.53B,$5.29B,9.68%,$752,$324,$428,$0,$217,$629,$123,$-107,$17,$11,$6,$6,$6,$212,$123,$211,212,$0.02,$0.02,$128,$0,$0,$858,$2497,$0,$2964,$31,$5493,$6351,$842,$4758,$72,$4980,$5822,$2,$-942,$-175,$529,$6351,$125,$355,$105,$460,$18,$0,$18,$-2,$-43,$542,$-288,$-33,$-114,$0,$0,$0,$-23,$-457,$299,$0,$299,$7,$7,$-407,$-8,$-109,$-31,$28,$-407
12,2015-09-30,26.13,$2.94,8.9,$14.59,1.79,$1.22,21.35,$0.61,42.84,$1.23B,$0.91B,1.35,$4.92B,$0.62B,7.94,$3.03B,$1.73B,57.05%,$3.03B,$0.53B,17.47%,$3.03B,$0.53B,17.47%,$3.03B,$0.89B,29.20%,$3.03B,$0.16B,5.21%,$3.03B,$0.13B,4.28%,$0.13B,$0.62B,17.51%,$0.13B,$-2.30B,-5.84%,$0.13B,$6.67B,2.00%,$0.53B,$5.54B,9.71%,$747,$318,$429,$0,$216,$620,$127,$-100,$26,$4,$23,$24,$23,$215,$127,$211,212,$0.11,$0.11,$493,$0,$0,$1228,$2429,$0,$2922,$25,$5442,$6670,$911,$4921,$75,$5139,$6050,$2,$-845,$-164,$620,$6670,$119,$266,$51,$318,$11,$0,$-24,$1,$-117,$320,$-201,$-20,$-28,$0,$0,$0,$19,$-230,$588,$0,$588,$14,$14,$-304,$-13,$286,$367,$21,$-304
13,2015-06-30,25.68,$3.43,7.5,$15.08,1.7,$0.88,29.19,$0.50,51.37,$0.88B,$0.75B,1.16,$4.72B,$0.72B,6.53,$3.07B,$1.75B,56.97%,$3.07B,$0.54B,17.72%,$3.07B,$0.54B,17.72%,$3.07B,$0.90B,29.45%,$3.07B,$0.19B,6.12%,$3.07B,$0.11B,3.49%,$0.11B,$0.72B,15.19%,$0.11B,$-2.26B,-4.67%,$0.11B,$6.42B,1.65%,$0.54B,$5.44B,10.31%,$760,$326,$433,$0,$216,$630,$130,$-68,$61,$7,$54,$54,$53,$219,$130,$211,212,$0.25,$0.25,$117,$0,$0,$875,$2493,$0,$2984,$27,$5548,$6423,$752,$4719,$79,$4948,$5700,$2,$-767,$-130,$722,$6423,$96,$178,$4,$182,$5,$0,$-23,$1,$-98,$180,$-139,$-16,$-22,$0,$0,$0,$25,$-151,$160,$0,$160,$9,$9,$-203,$-2,$-35,$-9,$15,$-203
14,2015-03-31,29.78,$3.59,8.29,$15.57,1.91,$0.81,36.68,$1.65,18.05,$0.89B,$0.72B,1.23,$4.67B,$0.76B,6.17,$3.10B,$1.77B,57.02%,$3.10B,$0.56B,18.11%,$3.10B,$0.56B,18.11%,$3.10B,$0.92B,29.80%,$3.10B,$0.22B,7.01%,$3.10B,$0.33B,10.53%,$0.33B,$0.76B,38.44%,$0.33B,$-2.18B,-14.99%,$0.33B,$6.37B,4.96%,$0.56B,$5.42B,10.56%,$749,$322,$428,$0,$196,$604,$145,$-87,$58,$16,$42,$42,$41,$233,$145,$210,212,$0.20,$0.20,$140,$0,$0,$887,$2477,$0,$2939,$23,$5484,$6371,$720,$4667,$72,$4895,$5615,$2,$-719,$-131,$757,$6371,$42,$88,$11,$99,$3,$0,$-18,$1,$-135,$6,$-74,$-5,$-6,$0,$0,$0,$9,$-76,$168,$0,$168,$4,$4,$-103,$-1,$69,$-6,$7,$-103
15,2014-12-31,31.15,$4.15,7.51,$16.02,1.94,$0.96,32.5,$1.68,18.54,$0.92B,$0.86B,1.07,$4.56B,$0.87B,5.25,$3.12B,$1.77B,56.86%,$3.12B,$0.55B,17.61%,$3.12B,$0.55B,17.61%,$3.12B,$0.91B,29.22%,$3.12B,$0.22B,7.18%,$3.12B,$0.33B,10.49%,$0.33B,$0.87B,35.49%,$0.33B,$-2.16B,-15.30%,$0.33B,$6.52B,4.92%,$0.55B,$5.43B,10.37%,$778,$337,$441,$0,$225,$650,$128,$-115,$13,$1,$12,$13,$13,$219,$128,$195,197,$0.04,$0.04,$160,$0,$0,$918,$2551,$0,$3032,$23,$5606,$6523,$857,$4564,$74,$4797,$5653,$2,$-660,$-75,$870,$6523,$329,$361,$-184,$177,$0,$0,$17,$51,$-33,$473,$-317,$-15,$-128,$0,$0,$0,$-19,$-480,$537,$0,$537,$44,$44,$-542,$-19,$20,$5,$30,$-542
16,2014-09-30,26.31,$2.41,10.9,$16.06,1.64,$1.32,19.88,$1.87,14.07,$0.98B,$1.60B,0.61,$4.33B,$0.47B,9.26,$3.11B,$1.76B,56.76%,$3.11B,$0.52B,16.60%,$3.11B,$0.52B,16.60%,$3.11B,$0.87B,28.06%,$3.11B,$0.23B,7.43%,$3.11B,$0.36B,11.62%,$0.36B,$0.47B,37.33%,$0.36B,$-2.56B,-17.18%,$0.36B,$6.64B,5.40%,$0.52B,$4.80B,9.87%,$783,$336,$447,$0,$216,$641,$141,$-86,$56,$55,$1,$1,$0,$233,$141,$193,195,$0.00,$0.00,$218,$0,$0,$976,$2561,$0,$3022,$26,$5660,$6636,$1598,$4332,$72,$4570,$6169,$2,$-516,$-47,$468,$6636,$315,$270,$-205,$65,$-9,$0,$-27,$35,$-78,$302,$-259,$-26,$-46,$0,$0,$0,$0,$-331,$231,$0,$231,$37,$37,$-157,$-17,$95,$63,$23,$-157
17,2014-06-30,28.57,$6.72,4.25,$15.97,1.79,$1.79,15.95,$1.89,15.11,$0.96B,$0.90B,1.07,$4.30B,$1.30B,3.31,$3.08B,$1.76B,57.21%,$3.08B,$0.52B,16.72%,$3.08B,$0.52B,16.72%,$3.08B,$0.86B,27.92%,$3.08B,$0.21B,6.66%,$3.08B,$0.37B,11.85%,$0.37B,$1.30B,32.65%,$0.37B,$-1.80B,-19.10%,$0.37B,$6.74B,5.51%,$0.52B,$5.60B,9.74%,$787,$337,$450,$0,$214,$640,$147,$-57,$90,$-183,$273,$273,$272,$238,$147,$192,194,$1.41,$1.40,$179,$0,$0,$963,$2607,$0,$3097,$26,$5772,$6735,$902,$4298,$66,$4536,$5438,$2,$276,$-2,$1297,$6735,$314,$179,$-244,$-65,$-13,$0,$-17,$19,$-54,$196,$-171,$-17,$-46,$0,$0,$0,$0,$-235,$149,$0,$149,$18,$18,$-105,$-3,$60,$25,$14,$-105
18,2014-03-31,22.22,$5.48,4.06,$15.83,1.4,$1.97,11.28,$0.63,35.26,$0.99B,$0.87B,1.14,$4.29B,$1.05B,4.08,$3.05B,$1.75B,57.27%,$3.05B,$0.50B,16.41%,$3.05B,$0.50B,16.41%,$3.05B,$0.83B,27.37%,$3.05B,$0.17B,5.51%,$3.05B,$0.12B,3.91%,$0.12B,$1.05B,11.15%,$0.12B,$-2.03B,-6.33%,$0.12B,$6.71B,1.83%,$0.50B,$5.34B,9.87%,$770,$335,$435,$0,$215,$638,$133,$-68,$65,$30,$35,$43,$42,$221,$133,$192,193,$0.22,$0.22,$204,$0,$0,$988,$2562,$0,$3086,$28,$5719,$6707,$868,$4289,$70,$4788,$5655,$2,$63,$-7,$1051,$6707,$42,$88,$-22,$66,$-9,$0,$-7,$41,$-53,$56,$-90,$-8,$-31,$0,$0,$0,$0,$-129,$174,$0,$174,$2,$2,$-53,$-3,$121,$49,$7,$-53
19,2013-12-31,24.46,$5.49,4.45,$15.73,1.56,$2.20,11.11,$0.51,47.95,$0.93B,$0.97B,0.96,$4.12B,$1.05B,3.92,$3.02B,$1.74B,57.41%,$3.02B,$0.49B,16.20%,$3.02B,$0.49B,16.20%,$3.02B,$0.82B,27.05%,$3.02B,$0.16B,5.29%,$3.02B,$0.10B,3.17%,$0.10B,$1.05B,8.84%,$0.10B,$-2.02B,-5.40%,$0.10B,$6.65B,1.50%,$0.49B,$5.17B,9.89%,$768,$336,$432,$0,$251,$673,$95,$-75,$20,$-27,$47,$48,$47,$180,$95,$191,192,$0.25,$0.24,$154,$0,$0,$934,$2578,$0,$3069,$27,$5719,$6653,$969,$4119,$68,$4632,$5601,$2,$68,$-9,$1052,$6653,$100,$329,$37,$366,$-33,$0,$24,$56,$42,$508,$-285,$-11,$-317,$0,$0,$0,$-24,$-638,$232,$0,$232,$18,$18,$-207,$-25,$19,$-123,$30,$-207
20,2013-09-30,21.58,$5.61,3.85,$16.06,1.34,$2.15,10.02,$0.40,53.96,$0.94B,$0.83B,1.14,$3.97B,$1.07B,3.71,$3.01B,$1.72B,57.19%,$3.01B,$0.50B,16.46%,$3.01B,$0.50B,16.46%,$3.01B,$0.82B,27.25%,$3.01B,$0.18B,5.81%,$3.01B,$0.07B,2.46%,$0.07B,$1.07B,6.64%,$0.07B,$-1.79B,-4.40%,$0.07B,$6.38B,1.17%,$0.50B,$5.05B,10.16%,$755,$311,$445,$0,$225,$615,$140,$-110,$30,$24,$5,$5,$4,$221,$140,$191,192,$0.02,$0.02,$206,$0,$0,$942,$2506,$0,$2864,$21,$5438,$6381,$829,$3974,$71,$4480,$5309,$2,$79,$-4,$1072,$6381,$52,$244,$168,$413,$-38,$0,$19,$-57,$-130,$335,$-202,$-17,$-123,$0,$0,$0,$-5,$-347,$95,$0,$95,$15,$15,$-155,$-5,$-50,$-71,$23,$-155
21,2013-06-30,21.05,$5.72,3.68,$16.46,1.28,$2.26,9.32,$0.69,30.51,$1.05B,$1.07B,0.98,$3.61B,$1.09B,3.31,$3.01B,$1.72B,57.09%,$3.01B,$0.51B,16.97%,$3.01B,$0.51B,16.97%,$3.01B,$0.84B,27.84%,$3.01B,$0.23B,7.65%,$3.01B,$0.12B,4.09%,$0.12B,$1.09B,10.51%,$0.12B,$-1.68B,-7.67%,$0.12B,$6.34B,1.94%,$0.51B,$4.71B,10.49%,$754,$321,$433,$0,$225,$623,$132,$-78,$53,$26,$27,$27,$26,$212,$132,$191,193,$0.14,$0.14,$292,$0,$0,$1046,$2452,$0,$2775,$21,$5289,$6335,$1073,$3614,$67,$4168,$5241,$2,$127,$-22,$1094,$6335,$48,$163,$71,$234,$-21,$0,$7,$-15,$-67,$214,$-155,$-8,$-53,$0,$0,$0,$-0,$-216,$113,$0,$113,$15,$15,$-103,$3,$27,$15,$14,$-103
22,2013-03-31,28.44,$5.92,4.81,$16.91,1.68,$2.57,11.05,$0.77,36.94,$1.00B,$0.85B,1.19,$3.76B,$1.13B,3.33,$3.00B,$1.72B,57.32%,$3.00B,$0.54B,17.88%,$3.00B,$0.54B,17.88%,$3.00B,$0.86B,28.73%,$3.00B,$0.27B,8.89%,$3.00B,$0.14B,4.49%,$0.14B,$1.13B,11.16%,$0.14B,$-1.63B,-8.63%,$0.14B,$6.30B,2.15%,$0.54B,$4.89B,11.06%,$747,$321,$426,$0,$223,$624,$123,$-66,$57,$39,$18,$18,$19,$205,$123,$190,192,$0.10,$0.10,$264,$0,$0,$1001,$2478,$0,$2755,$21,$5297,$6298,$845,$3758,$66,$4326,$5170,$2,$152,$5,$1128,$6298,$21,$82,$12,$94,$-8,$0,$28,$30,$-8,$107,$-96,$-5,$0,$0,$0,$0,$-0,$-101,$31,$0,$31,$5,$5,$-52,$1,$-14,$-13,$6,$-52
23,2012-12-31,24.14,$6.12,3.95,$17.35,1.39,$2.64,9.15,$0.99,24.38,$1.02B,$0.91B,1.13,$3.73B,$1.16B,3.21,$3.00B,$1.73B,57.51%,$3.00B,$0.56B,18.51%,$3.00B,$0.56B,18.51%,$3.00B,$0.88B,29.30%,$3.00B,$0.30B,9.86%,$3.00B,$0.17B,5.69%,$0.17B,$1.16B,13.73%,$0.17B,$-1.63B,-11.29%,$0.17B,$6.36B,2.75%,$0.56B,$4.90B,11.58%,$757,$338,$419,$0,$232,$656,$101,$-66,$35,$9,$26,$26,$25,$183,$101,$174,175,$0.13,$0.13,$277,$0,$0,$1024,$2478,$0,$2791,$22,$5334,$6358,$905,$3732,$63,$4291,$5196,$2,$186,$20,$1162,$6358,$174,$323,$-22,$301,$-18,$0,$-1,$-60,$-42,$433,$-239,$-29,$-125,$0,$-2,$-2,$-5,$-400,$346,$0,$346,$2,$2,$-319,$-1,$28,$64,$30,$-319
24,2012-09-30,23.47,$7.55,3.11,$16.81,1.4,$3.63,6.47,$1.03,22.79,$1.07B,$0.77B,1.38,$3.67B,$1.30B,2.82,$2.99B,$1.74B,58.07%,$2.99B,$0.60B,20.21%,$2.99B,$0.60B,20.21%,$2.99B,$0.94B,31.33%,$2.99B,$0.35B,11.71%,$2.99B,$0.18B,5.96%,$0.18B,$1.30B,14.04%,$0.18B,$-1.48B,-12.19%,$0.18B,$6.33B,2.90%,$0.60B,$4.97B,12.82%,$748,$310,$438,$0,$204,$594,$154,$-69,$85,$31,$54,$54,$53,$237,$154,$172,173,$0.31,$0.31,$371,$0,$0,$1066,$2410,$0,$2780,$27,$5262,$6328,$773,$3668,$55,$4256,$5028,$2,$913,$18,$1299,$6328,$149,$242,$-8,$234,$-22,$0,$-13,$-18,$-82,$301,$-164,$-13,$-106,$0,$-2,$-2,$-8,$-293,$293,$0,$293,$-16,$-16,$-132,$-1,$144,$155,$21,$-132
25,2012-06-30,22.5,$7.28,3.09,$16.39,1.37,$4.19,5.37,$0.91,24.73,$0.89B,$0.78B,1.14,$3.43B,$1.25B,2.74,$3.01B,$1.76B,58.48%,$3.01B,$0.59B,19.45%,$3.01B,$0.59B,19.45%,$3.01B,$0.96B,31.75%,$3.01B,$0.33B,11.10%,$3.01B,$0.16B,5.39%,$0.16B,$1.25B,11.81%,$0.16B,$-1.52B,-12.18%,$0.16B,$6.09B,2.63%,$0.59B,$4.68B,12.42%,$752,$313,$439,$0,$204,$593,$159,$-68,$90,$49,$41,$41,$38,$238,$159,$171,172,$0.22,$0.22,$207,$0,$0,$891,$2376,$0,$2769,$18,$5196,$6087,$781,$3430,$62,$4056,$4837,$2,$907,$-1,$1250,$6087,$95,$159,$-12,$147,$-24,$0,$-4,$24,$-29,$212,$-105,$-8,$-107,$0,$0,$0,$-8,$-229,$120,$0,$120,$-27,$-27,$-86,$1,$7,$-10,$16,$-86
26,2012-03-31,19.5,$7.41,2.63,$15.76,1.24,$4.28,4.56,$1.93,10.1,$0.93B,$0.78B,1.2,$3.39B,$1.27B,2.67,$3.02B,$1.77B,58.74%,$3.02B,$0.58B,19.07%,$3.02B,$0.58B,19.07%,$3.02B,$0.95B,31.38%,$3.02B,$0.34B,11.34%,$3.02B,$0.38B,12.50%,$0.38B,$1.27B,23.94%,$0.38B,$-1.43B,-33.15%,$0.38B,$6.09B,6.05%,$0.58B,$4.66B,12.05%,$746,$315,$431,$0,$211,$605,$142,$-55,$86,$25,$61,$61,$55,$222,$142,$171,172,$0.32,$0.32,$213,$0,$0,$932,$2403,$0,$2699,$19,$5155,$6087,$778,$3390,$58,$4040,$4818,$2,$915,$25,$1269,$6087,$56,$80,$1,$80,$-9,$0,$-2,$-14,$-61,$75,$-54,$-3,$-9,$0,$0,$0,$-1,$-67,$66,$0,$66,$-37,$-37,$-43,$0,$-14,$-2,$10,$-43
27,2011-12-31,20.68,$7.29,2.84,$15.13,1.37,$4.49,4.6,$1.98,10.44,$0.91B,$0.85B,1.08,$3.28B,$1.25B,2.62,$3.02B,$1.77B,58.71%,$3.02B,$0.57B,18.94%,$3.02B,$0.57B,18.94%,$3.02B,$0.94B,31.28%,$3.02B,$0.35B,11.74%,$3.02B,$0.40B,13.10%,$0.40B,$1.25B,22.39%,$0.40B,$-1.41B,-40.03%,$0.40B,$6.04B,6.24%,$0.57B,$4.54B,11.76%,$742,$315,$427,$0,$189,$592,$149,$-61,$89,$41,$47,$47,$32,$239,$149,$195,196,$0.22,$0.22,$215,$0,$0,$914,$2407,$0,$2664,$20,$5127,$6041,$849,$3280,$53,$3938,$4787,$2,$903,$-2,$1254,$6041,$400,$372,$-158,$215,$-21,$0,$7,$-1,$1,$615,$-205,$-22,$-75,$0,$-0,$-0,$381,$79,$317,$0,$317,$-899,$-899,$-173,$-9,$-764,$-79,$17,$-173
28,2011-09-30,21.06,$9.18,2.29,$14.61,1.44,$4.32,4.87,$1.96,10.74,$1.26B,$0.76B,1.67,$3.26B,$1.71B,1.9,$2.93B,$1.73B,58.98%,$2.93B,$0.57B,19.50%,$2.93B,$0.57B,19.50%,$2.93B,$0.94B,32.08%,$2.93B,$0.37B,12.75%,$2.93B,$0.39B,13.37%,$0.39B,$1.71B,20.21%,$0.39B,$-0.96B,-48.34%,$0.39B,$6.39B,6.10%,$0.57B,$4.97B,11.58%,$768,$306,$462,$0,$209,$633,$135,$-67,$69,$18,$50,$50,$37,$256,$135,$196,197,$0.19,$0.19,$516,$0,$0,$1260,$2396,$0,$2677,$21,$5132,$6391,$755,$3257,$53,$3923,$4678,$2,$924,$6,$1714,$6391,$366,$283,$-170,$113,$-18,$0,$2,$-8,$-67,$411,$-144,$-17,$-75,$0,$-0,$-0,$371,$135,$280,$0,$280,$-467,$-467,$-126,$-8,$-321,$222,$12,$-126
29,2011-06-30,22.53,$10.16,2.22,$14.34,1.57,$4.32,5.21,$1.01,22.3,$1.07B,$0.80B,1.34,$2.87B,$2.06B,1.39,$2.90B,$1.70B,58.70%,$2.90B,$0.54B,18.78%,$2.90B,$0.54B,18.78%,$2.90B,$0.95B,32.70%,$2.90B,$0.36B,12.50%,$2.90B,$0.20B,6.94%,$0.20B,$2.06B,10.04%,$0.20B,$-0.75B,-26.18%,$0.20B,$6.41B,3.13%,$0.54B,$4.93B,11.03%,$759,$308,$451,$0,$223,$610,$149,$-51,$98,$30,$67,$67,$253,$229,$149,$202,203,$1.25,$1.24,$307,$0,$0,$1070,$2478,$0,$2808,$23,$5341,$6411,$798,$2867,$86,$3550,$4349,$2,$934,$71,$2062,$6411,$328,$162,$-173,$-11,$-36,$0,$3,$-13,$-74,$243,$-99,$-11,$-75,$0,$-0,$-0,$376,$190,$-149,$0,$-149,$-191,$-191,$-75,$-8,$-423,$13,$8,$-75
30,2011-03-31,20.48,$10.13,2.02,$14.16,1.45,$4.34,4.72,$-0.03,0.0,$1.02B,$0.81B,1.26,$2.96B,$2.03B,1.46,$2.86B,$1.68B,58.67%,$2.86B,$0.55B,19.32%,$2.86B,$0.55B,19.32%,$2.86B,$0.94B,32.95%,$2.86B,$0.37B,12.75%,$2.86B,$-0.01B,-0.38%,$-0.01B,$2.03B,-0.55%,$-0.01B,$-0.83B,1.39%,$-0.01B,$6.47B,-0.17%,$0.55B,$4.99B,11.04%,$746,$316,$430,$0,$213,$608,$138,$-40,$98,$17,$81,$81,$73,$219,$138,$200,201,$0.37,$0.37,$225,$0,$0,$1019,$2527,$0,$2856,$42,$5452,$6470,$808,$2961,$86,$3634,$4442,$2,$732,$52,$2028,$6470,$75,$82,$2,$84,$-23,$0,$-5,$14,$-39,$119,$-52,$-3,$-35,$0,$-0,$-0,$-9,$-99,$-52,$0,$-52,$-2,$-2,$-38,$1,$-91,$-69,$4,$-38
31,2010-12-31,16.3,$9.76,1.67,$14.24,1.14,$4.27,3.82,$-0.28,0.0,$1.21B,$0.88B,1.39,$2.91B,$1.95B,1.49,$2.89B,$1.70B,58.76%,$2.89B,$0.55B,18.94%,$2.89B,$0.55B,18.94%,$2.89B,$0.94B,32.63%,$2.89B,$0.33B,11.55%,$2.89B,$-0.06B,-2.00%,$-0.06B,$1.95B,-2.83%,$-0.06B,$-0.71B,7.23%,$-0.06B,$6.42B,-0.89%,$0.55B,$4.87B,10.75%,$660,$273,$387,$0,$162,$510,$150,$-41,$109,$44,$64,$64,$29,$237,$150,$202,202,$0.14,$0.15,$294,$0,$0,$1212,$2468,$0,$2659,$28,$5204,$6416,$875,$2912,$87,$3589,$4464,$2,$685,$29,$1953,$6416,$-53,$395,$305,$701,$12,$0,$-1,$4,$-23,$625,$-236,$-13,$-14,$0,$0,$0,$-169,$-433,$-251,$0,$-251,$-93,$-93,$-38,$1,$-381,$-188,$17,$-38
32,2010-09-30,14.45,$9.81,1.47,$13.62,1.06,$3.98,3.64,$-0.14,0.0,$1.00B,$0.75B,1.33,$2.97B,$1.97B,1.51,$2.77B,$1.60B,57.77%,$2.77B,$0.54B,19.51%,$2.77B,$0.54B,19.51%,$2.77B,$0.89B,32.17%,$2.77B,$0.33B,11.86%,$2.77B,$-0.03B,-1.05%,$-0.03B,$1.97B,-1.38%,$-0.03B,$-0.79B,3.49%,$-0.03B,$6.35B,-0.44%,$0.54B,$4.94B,10.36%,$731,$300,$432,$0,$180,$624,$107,$-50,$57,$29,$27,$27,$-154,$262,$107,$201,201,$-0.76,$-0.76,$219,$0,$0,$995,$2499,$0,$2757,$70,$5356,$6351,$747,$2973,$90,$3637,$4384,$2,$700,$22,$1967,$6351,$-83,$309,$274,$583,$0,$0,$-3,$4,$-55,$445,$-172,$-10,$-13,$0,$0,$0,$-157,$-353,$-250,$0,$-250,$-81,$-81,$-25,$2,$-355,$-262,$13,$-25
33,2010-06-30,14.49,$10.48,1.38,$13.72,1.06,$3.69,3.93,$0.83,17.46,$1.13B,$0.73B,1.54,$3.13B,$2.12B,1.48,$2.81B,$1.61B,57.46%,$2.81B,$0.58B,20.56%,$2.81B,$0.58B,20.56%,$2.81B,$0.86B,30.46%,$2.81B,$0.35B,12.61%,$2.81B,$0.17B,5.99%,$0.17B,$2.12B,7.93%,$0.17B,$-0.84B,-19.61%,$0.17B,$6.65B,2.49%,$0.58B,$5.25B,10.85%,$725,$295,$430,$0,$197,$567,$158,$-57,$101,$52,$49,$49,$41,$225,$158,$203,204,$0.20,$0.20,$376,$0,$0,$1125,$2457,$0,$2960,$72,$5522,$6647,$732,$3129,$129,$3799,$4531,$2,$867,$-24,$2116,$6647,$68,$154,$46,$199,$5,$0,$-17,$22,$1,$268,$-120,$-5,$-12,$0,$0,$0,$-153,$-291,$-26,$0,$-26,$-41,$-41,$-13,$1,$-79,$-106,$9,$-13
34,2010-03-31,17.63,$10.58,1.67,$13.82,1.28,$3.53,4.99,$1.06,16.63,$1.09B,$0.73B,1.5,$3.18B,$2.15B,1.48,$2.83B,$1.62B,57.14%,$2.83B,$0.56B,19.70%,$2.83B,$0.56B,19.70%,$2.83B,$0.85B,29.99%,$2.83B,$0.35B,12.52%,$2.83B,$0.22B,7.60%,$0.22B,$2.15B,10.35%,$0.22B,$-0.87B,-24.49%,$0.22B,$6.74B,3.21%,$0.56B,$5.34B,10.51%,$777,$325,$451,$0,$234,$644,$133,$-65,$67,$41,$26,$26,$26,$220,$133,$204,205,$0.13,$0.12,$361,$0,$0,$1090,$2508,$0,$3022,$84,$5648,$6739,$726,$3183,$125,$3861,$4587,$2,$838,$8,$2152,$6739,$26,$87,$13,$100,$8,$0,$-16,$3,$5,$131,$-78,$-2,$-118,$0,$0,$0,$-35,$-234,$-12,$0,$-12,$-6,$-6,$0,$1,$-17,$-121,$5,$0
35,2009-12-31,14.61,$10.60,1.38,$13.59,1.08,$3.55,4.11,$1.08,13.53,$1.21B,$0.82B,1.49,$3.21B,$2.16B,1.49,$2.77B,$1.57B,56.63%,$2.77B,$0.55B,19.65%,$2.77B,$0.55B,19.65%,$2.77B,$0.83B,29.81%,$2.77B,$0.35B,12.47%,$2.77B,$0.22B,7.86%,$0.22B,$2.16B,10.93%,$0.22B,$-0.82B,-23.80%,$0.22B,$6.85B,3.32%,$0.55B,$5.37B,10.48%,$540,$251,$289,$0,$105,$397,$143,$-40,$104,$30,$74,$74,$58,$185,$143,$203,204,$0.29,$0.29,$447,$0,$0,$1211,$2568,$0,$2974,$58,$5635,$6847,$815,$3211,$106,$3875,$4689,$2,$825,$28,$2157,$6847,$219,$282,$79,$361,$-15,$0,$10,$-4,$37,$617,$-283,$-11,$-2,$0,$-3,$-3,$-25,$-324,$-158,$0,$-158,$24,$24,$0,$4,$-130,$168,$15,$0
36,2009-09-30,17.12,$10.08,1.7,$14.65,1.17,$2.66,6.44,$0.79,21.67,$1.20B,$0.72B,1.66,$3.28B,$2.05B,1.6,$2.99B,$1.70B,56.91%,$2.99B,$0.53B,17.68%,$2.99B,$0.53B,17.68%,$2.99B,$0.84B,28.22%,$2.99B,$0.29B,9.81%,$2.99B,$0.16B,5.39%,$0.16B,$2.05B,8.44%,$0.16B,$-0.90B,-16.35%,$0.16B,$6.71B,2.50%,$0.53B,$5.33B,10.33%,$765,$321,$443,$0,$219,$622,$143,$-61,$82,$39,$43,$43,$43,$225,$143,$203,205,$0.21,$0.21,$449,$0,$0,$1198,$2468,$0,$2946,$58,$5509,$6706,$721,$3276,$112,$3935,$4656,$2,$752,$5,$2050,$6706,$158,$240,$47,$288,$-35,$0,$-6,$7,$-11,$434,$-215,$-7,$-2,$0,$0,$0,$0,$-224,$-67,$0,$-67,$20,$20,$0,$5,$-42,$171,$14,$0
37,2009-06-30,18.46,$9.63,1.92,$14.77,1.25,$1.96,9.4,$0.64,28.84,$1.11B,$0.68B,1.64,$3.21B,$1.95B,1.64,$3.01B,$1.69B,56.19%,$3.01B,$0.52B,17.33%,$3.01B,$0.52B,17.33%,$3.01B,$0.83B,27.64%,$3.01B,$0.27B,9.05%,$3.01B,$0.13B,4.29%,$0.13B,$1.95B,6.90%,$0.13B,$-0.93B,-12.27%,$0.13B,$6.47B,2.01%,$0.52B,$5.16B,10.21%,$746,$313,$433,$0,$216,$608,$138,$-37,$101,$14,$88,$88,$88,$218,$138,$203,204,$0.43,$0.43,$316,$0,$0,$1113,$2387,$0,$2882,$60,$5360,$6472,$677,$3208,$114,$3844,$4521,$2,$708,$-35,$1952,$6472,$114,$157,$13,$170,$-44,$0,$-17,$5,$-37,$248,$-132,$-4,$-1,$0,$0,$0,$0,$-138,$-84,$0,$-84,$11,$11,$0,$3,$-70,$38,$9,$0
38,2009-03-31,14.23,$8.99,1.58,$14.90,0.96,$1.47,9.68,$0.39,36.5,$0.97B,$0.66B,1.47,$3.13B,$1.82B,1.72,$3.03B,$1.68B,55.40%,$3.03B,$0.51B,16.74%,$3.03B,$0.51B,16.74%,$3.03B,$0.81B,26.77%,$3.03B,$0.23B,7.66%,$3.03B,$0.08B,2.54%,$0.08B,$1.82B,4.15%,$0.08B,$-1.02B,-6.91%,$0.08B,$6.25B,1.20%,$0.51B,$4.95B,9.91%,$723,$317,$406,$0,$210,$602,$121,$-63,$59,$32,$27,$27,$29,$199,$121,$202,203,$0.14,$0.14,$272,$0,$0,$974,$2336,$0,$2840,$62,$5271,$6245,$664,$3130,$114,$3763,$4427,$2,$621,$-66,$1818,$6245,$27,$78,$42,$120,$-27,$0,$-12,$-3,$-19,$127,$-70,$-2,$-1,$0,$0,$0,$0,$-74,$-60,$0,$-60,$3,$3,$0,$1,$-56,$-7,$4,$0
39,2008-12-31,15.88,$8.95,1.77,$15.03,1.06,$1.08,14.64,$0.41,38.72,$0.98B,$0.73B,1.34,$3.21B,$1.81B,1.78,$3.06B,$1.67B,54.80%,$3.06B,$0.49B,16.10%,$3.06B,$0.49B,16.10%,$3.06B,$0.79B,25.83%,$3.06B,$0.23B,7.36%,$3.06B,$0.08B,2.65%,$0.08B,$1.81B,4.36%,$0.08B,$-1.09B,-6.99%,$0.08B,$6.36B,1.25%,$0.49B,$5.01B,9.54%,$753,$335,$418,$0,$215,$627,$126,$-75,$51,$50,$1,$1,$1,$201,$126,$201,203,$0.00,$0.00,$278,$0,$0,$976,$2387,$0,$2896,$64,$5380,$6357,$730,$3207,$113,$3821,$4551,$2,$592,$-41,$1806,$6357,$82,$296,$186,$482,$-26,$0,$-22,$8,$-27,$537,$-387,$-14,$-57,$0,$-2,$-2,$0,$-460,$66,$0,$66,$16,$16,$0,$5,$87,$153,$19,$0
40,2008-09-30,15.67,$9.41,1.67,$14.92,1.05,$0.92,17.02,$0.54,29.02,$1.08B,$0.78B,1.39,$3.39B,$1.90B,1.79,$3.03B,$1.65B,54.41%,$3.03B,$0.48B,15.88%,$3.03B,$0.48B,15.88%,$3.03B,$0.77B,25.52%,$3.03B,$0.22B,7.40%,$3.03B,$0.11B,3.57%,$0.11B,$1.90B,5.82%,$0.11B,$-1.16B,-8.99%,$0.11B,$6.64B,1.68%,$0.48B,$5.29B,9.32%,$784,$352,$432,$0,$219,$648,$136,$-75,$61,$50,$11,$11,$11,$213,$136,$202,204,$0.06,$0.06,$318,$0,$0,$1082,$2391,$0,$3061,$68,$5555,$6638,$782,$3393,$98,$3959,$4740,$2,$591,$64,$1897,$6638,$81,$221,$70,$291,$-50,$0,$-31,$8,$-22,$350,$-274,$-10,$-56,$0,$-2,$-2,$0,$-342,$169,$0,$169,$12,$12,$0,$4,$185,$193,$15,$0
41,2008-06-30,17.05,$9.43,1.81,$14.54,1.17,$0.93,18.4,$0.73,23.35,$0.96B,$0.76B,1.26,$3.32B,$1.90B,1.75,$2.95B,$1.60B,54.12%,$2.95B,$0.47B,16.08%,$2.95B,$0.47B,16.08%,$2.95B,$0.75B,25.55%,$2.95B,$0.23B,7.67%,$2.95B,$0.15B,5.02%,$0.15B,$1.90B,8.17%,$0.15B,$-1.18B,-12.34%,$0.15B,$6.51B,2.36%,$0.47B,$5.22B,9.41%,$769,$347,$422,$0,$226,$645,$124,$-63,$61,$25,$36,$36,$36,$198,$124,$201,203,$0.18,$0.18,$203,$0,$0,$955,$2371,$0,$3083,$63,$5553,$6509,$756,$3319,$105,$3853,$4608,$2,$579,$86,$1900,$6509,$70,$145,$22,$166,$-40,$0,$-24,$12,$-47,$190,$-174,$-7,$-46,$0,$-2,$-2,$0,$-229,$104,$0,$104,$10,$10,$0,$4,$118,$78,$10,$0
42,2008-03-31,16.97,$9.13,1.86,$14.07,1.21,$1.09,15.6,$0.74,22.94,$0.86B,$0.68B,1.26,$3.28B,$1.84B,1.79,$2.85B,$1.53B,53.88%,$2.85B,$0.46B,16.19%,$2.85B,$0.46B,16.19%,$2.85B,$0.73B,25.57%,$2.85B,$0.22B,7.66%,$2.85B,$0.15B,5.30%,$0.15B,$1.84B,8.63%,$0.15B,$-1.20B,-12.69%,$0.15B,$6.33B,2.49%,$0.46B,$5.11B,9.43%,$749,$348,$402,$0,$222,$643,$106,$-54,$52,$18,$34,$33,$33,$177,$106,$201,203,$0.17,$0.16,$107,$0,$0,$860,$2334,$0,$3038,$62,$5466,$6327,$681,$3279,$93,$3811,$4492,$2,$543,$72,$1835,$6327,$34,$71,$12,$83,$-24,$0,$-18,$2,$-45,$73,$-94,$-3,$-4,$0,$0,$0,$0,$-100,$8,$0,$8,$2,$2,$0,$1,$11,$-18,$5,$0
43,2007-12-31,23.77,$8.95,2.66,$13.53,1.76,$1.34,17.79,$0.75,31.69,$0.82B,$0.77B,1.07,$3.23B,$1.80B,1.8,$2.73B,$1.47B,53.83%,$2.73B,$0.46B,16.66%,$2.73B,$0.46B,16.66%,$2.73B,$0.71B,25.96%,$2.73B,$0.22B,8.17%,$2.73B,$0.15B,5.60%,$0.15B,$1.80B,9.06%,$0.15B,$-1.26B,-13.73%,$0.15B,$6.31B,2.64%,$0.46B,$5.03B,9.77%,$727,$335,$392,$0,$210,$612,$115,$-65,$50,$22,$28,$28,$28,$185,$115,$200,202,$0.14,$0.15,$126,$0,$0,$822,$2336,$0,$3055,$61,$5486,$6308,$766,$3233,$90,$3747,$4512,$2,$510,$74,$1795,$6308,$154,$255,$75,$330,$-34,$0,$14,$-6,$1,$485,$-369,$-16,$-482,$0,$0,$0,$0,$-867,$435,$0,$435,$22,$22,$0,$1,$457,$80,$14,$0
44,2007-09-30,19.57,$8.58,2.28,$12.97,1.51,$0.81,24.24,$0.79,24.77,$0.75B,$0.66B,1.14,$3.07B,$1.72B,1.79,$2.61B,$1.41B,54.02%,$2.61B,$0.46B,17.41%,$2.61B,$0.46B,17.41%,$2.61B,$0.69B,26.55%,$2.61B,$0.24B,9.18%,$2.61B,$0.16B,6.20%,$0.16B,$1.72B,9.95%,$0.16B,$-1.15B,-15.83%,$0.16B,$5.90B,2.93%,$0.46B,$4.79B,10.25%,$702,$323,$379,$0,$192,$573,$129,$-66,$63,$11,$52,$51,$51,$193,$129,$200,202,$0.26,$0.25,$91,$0,$0,$751,$2198,$0,$2871,$50,$5152,$5903,$657,$3074,$106,$3527,$4184,$2,$482,$61,$1719,$5903,$125,$185,$47,$231,$-48,$0,$-6,$13,$-29,$328,$-251,$-12,$-340,$0,$0,$0,$0,$-603,$302,$0,$302,$15,$15,$0,$-1,$316,$45,$10,$0
45,2007-06-30,16.78,$8.26,2.03,$12.46,1.35,$0.52,31.97,$0.67,24.92,$0.71B,$0.63B,1.13,$2.97B,$1.65B,1.8,$2.51B,$1.35B,53.87%,$2.51B,$0.42B,16.87%,$2.51B,$0.42B,16.87%,$2.51B,$0.65B,26.04%,$2.51B,$0.22B,8.89%,$2.51B,$0.14B,5.50%,$0.14B,$1.65B,8.77%,$0.14B,$-1.15B,-14.20%,$0.14B,$5.71B,2.60%,$0.42B,$4.62B,9.93%,$669,$308,$361,$0,$189,$557,$111,$-58,$53,$14,$39,$39,$39,$173,$111,$200,202,$0.20,$0.19,$95,$0,$0,$713,$2135,$0,$2797,$34,$5001,$5714,$632,$2972,$105,$3429,$4061,$2,$431,$54,$1652,$5714,$74,$120,$29,$150,$-20,$0,$-7,$8,$-17,$207,$-159,$-9,$-264,$0,$0,$0,$0,$-431,$261,$0,$261,$12,$12,$0,$-2,$271,$50,$6,$0
46,2007-03-31,16.78,$7.96,2.11,$12.06,1.39,$0.38,44.54,$0.67,25.04,$0.67B,$0.67B,1.0,$2.59B,$1.59B,1.63,$2.42B,$1.31B,54.19%,$2.42B,$0.42B,17.14%,$2.42B,$0.42B,17.14%,$2.42B,$0.64B,26.23%,$2.42B,$0.23B,9.58%,$2.42B,$0.14B,5.66%,$0.14B,$1.59B,8.97%,$0.14B,$-0.90B,-14.77%,$0.14B,$5.27B,2.67%,$0.42B,$4.18B,10.11%,$633,$295,$338,$0,$181,$533,$100,$-43,$57,$22,$35,$35,$35,$158,$100,$199,201,$0.17,$0.17,$61,$0,$0,$668,$2048,$0,$2489,$32,$4602,$5270,$666,$2593,$101,$3017,$3682,$2,$391,$41,$1588,$5270,$35,$59,$9,$68,$-5,$0,$-6,$2,$-0,$102,$-73,$-3,$-19,$0,$0,$0,$0,$-96,$4,$0,$4,$4,$4,$0,$1,$9,$16,$2,$0
47,2006-12-31,17.69,$7.80,2.27,$11.73,1.51,$0.17,103.71,$0.63,27.94,$0.68B,$0.64B,1.06,$2.61B,$1.55B,1.68,$2.35B,$1.28B,54.21%,$2.35B,$0.41B,17.30%,$2.35B,$0.41B,17.30%,$2.35B,$0.62B,26.40%,$2.35B,$0.22B,9.52%,$2.35B,$0.13B,5.48%,$0.13B,$1.55B,8.71%,$0.13B,$-0.90B,-13.69%,$0.13B,$5.21B,2.58%,$0.41B,$4.16B,10.06%,$610,$275,$334,$0,$175,$495,$115,$-48,$67,$29,$38,$37,$37,$170,$115,$198,200,$0.19,$0.18,$45,$0,$0,$680,$2015,$0,$2448,$37,$4530,$5210,$639,$2606,$73,$3018,$3656,$2,$373,$34,$1553,$5210,$129,$214,$44,$257,$-54,$0,$9,$-4,$-12,$374,$-365,$-14,$-81,$0,$-6,$-6,$0,$-467,$59,$0,$59,$22,$22,$0,$2,$83,$-8,$12,$0
