,Date,Stock Price,Book Value per Share,Price to Book Ratio,TTM Sales per Share,Price to Sales Ratio,TTM FCF per Share,Price to FCF Ratio,TTM Net EPS,PE Ratio,Current Assets,Current Liabilities,Current Ratio,Long Term Debt,Shareholder's Equity_x,Debt to Equity Ratio,TTM Revenue_x,TTM Gross Profit,Gross Margin,TTM Revenue_y,TTM Operating Income,Operating Margin,TTM Revenue_x,TTM EBIT,EBIT Margin,TTM Revenue_y,TTM EBITDA,EBITDA Margin,TTM Revenue_x,TTM Pre-Tax Income,Pre-Tax Margin,TTM Revenue_y,TTM Net Income_x,Net Margin,TTM Net Income_y,Shareholder's Equity_y,Return on Equity,TTM Net Income_x,Tangible Equity,Return on Tangible Equity,TTM Net Income_y,Total Assets,Return on Assets,TTM Net Income,LT Investments & Debt,Return on Investment,revenue,cost-goods-sold,gross-profit,research-development-expenses,selling-general-administrative-expenses,operating-expenses,operating-income,total-non-operating-income-expense,pre-tax-income,total-provision-income-taxes,income-after-taxes,income-from-continuous-operations,net-income,ebitda,ebit,basic-shares-outstanding,shares-outstanding,eps-basic-net-earnings-per-share,eps-earnings-per-share-diluted,cash-on-hand,inventory,other-current-assets,total-current-assets,net-property-plant-equipment,long-term-investments,goodwill-intangible-assets-total,other-long-term-assets,total-long-term-assets,total-assets,total-current-liabilities,long-term-debt,other-non-current-liabilities,total-long-term-liabilities,total-liabilities,common-stock-net,retained-earnings-accumulated-deficit,comprehensive-income,total-share-holder-equity,total-liabilities-share-holders-equity,net-income-loss,total-depreciation-amortization-cash-flow,other-non-cash-items,total-non-cash-items,change-in-accounts-receivable,change-in-inventories,change-in-accounts-payable,change-in-assets-liabilities,total-change-in-assets-liabilities,cash-flow-from-operating-activities,net-change-in-property-plant-equipment,net-change-in-intangible-assets,net-acquisitions-divestitures,net-change-in-short-term-investments,net-change-in-long-term-investments,net-change-in-investments-total,investing-activities-other,cash-flow-from-investing-activities,net-long-term-debt,net-current-debt,debt-issuance-retirement-net-total,net-common-equity-issued-repurchased,net-total-equity-issued-repurchased,total-common-preferred-stock-dividends-paid,financial-activities-other,cash-flow-from-financial-activities,net-cash-flow,stock-based-compensation,common-stock-dividends-paid
0,2018-09-30,18.46,$-1.28,-14.39,$2.05,9.0,$-1.83,0.0,$-1.67,0.0,$0.25B,$0.11B,2.21,$0.37B,$-0.20B,-1.88,$0.31B,$0.29B,93.55%,$0.31B,$-0.22B,-71.61%,$0.31B,$-0.22B,-71.61%,$0.31B,$-0.21B,-66.13%,$0.31B,$-0.25B,-81.94%,$0.31B,$-0.25B,-81.94%,$-0.25B,$-0.20B,408.03%,$-0.25B,$-0.20B,140.72%,$-0.25B,$0.42B,-45.93%,$-0.22B,$0.17B,-69.11%,$66,$5,$61,$47,$55,$235,$-169,$-5,$-174,$0,$-174,$-174,$-174,$-167,$-169,$153,153,$-1.14,$-1.14,$161,$0,$0,$249,$16,$0,$1,$151,$168,$417,$113,$370,$125,$501,$614,$0,$-1576,$-0,$-197,$417,$-267,$13,$161,$174,$17,$-1,$0,$1,$12,$-80,$-5,$0,$0,$0,$76,$76,$0,$71,$-2,$0,$-2,$27,$27,$0,$-0,$25,$16,$33,$0
1,2018-06-30,19.12,$-0.29,-66.5,$2.20,8.68,$-1.91,0.0,$-0.75,0.0,$0.28B,$0.10B,2.94,$0.38B,$-0.04B,-8.64,$0.33B,$0.31B,93.66%,$0.33B,$-0.07B,-21.75%,$0.33B,$-0.07B,-21.75%,$0.33B,$-0.05B,-16.31%,$0.33B,$-0.11B,-33.84%,$0.33B,$-0.11B,-33.84%,$-0.11B,$-0.04B,640.00%,$-0.11B,$-0.20B,63.46%,$-0.11B,$0.62B,-18.51%,$-0.07B,$0.34B,-19.38%,$81,$4,$77,$39,$68,$121,$-40,$-9,$-49,$0,$-49,$-49,$-49,$-35,$-40,$152,152,$-0.32,$-0.32,$181,$1,$0,$280,$16,$0,$154,$169,$339,$618,$95,$380,$181,$567,$662,$0,$-1401,$-0,$-44,$618,$-93,$10,$32,$43,$2,$-1,$0,$-9,$-4,$-54,$-3,$0,$0,$0,$60,$60,$0,$57,$-2,$0,$-2,$19,$19,$0,$-0,$17,$21,$20,$0
2,2018-03-31,15.43,$-0.12,-129.55,$2.11,7.32,$-1.96,0.0,$-0.73,0.0,$0.28B,$0.06B,4.42,$0.39B,$-0.02B,-21.51,$0.32B,$0.30B,93.65%,$0.32B,$-0.07B,-23.17%,$0.32B,$-0.07B,-23.17%,$0.32B,$-0.06B,-18.41%,$0.32B,$-0.11B,-33.97%,$0.32B,$-0.11B,-33.97%,$-0.11B,$-0.02B,2038.10%,$-0.11B,$-0.18B,63.98%,$-0.11B,$0.57B,-17.07%,$-0.07B,$0.37B,-18.92%,$69,$3,$67,$37,$62,$105,$-36,$-7,$-43,$0,$-43,$-43,$-43,$-31,$-36,$151,151,$-0.29,$-0.29,$194,$2,$0,$276,$17,$0,$157,$121,$295,$571,$62,$388,$133,$527,$589,$0,$-1352,$-0,$-18,$571,$-43,$5,$12,$18,$12,$-1,$0,$-1,$-5,$-31,$-1,$0,$0,$0,$46,$46,$0,$45,$-1,$0,$-1,$6,$6,$0,$-0,$5,$19,$9,$0
3,2017-12-31,14.99,$0.07,228.85,$2.00,7.48,$-1.94,0.0,$-0.80,0.0,$0.31B,$0.07B,4.72,$0.40B,$0.01B,40.22,$0.30B,$0.28B,93.96%,$0.30B,$-0.08B,-25.84%,$0.30B,$-0.08B,-25.84%,$0.30B,$-0.06B,-21.14%,$0.30B,$-0.12B,-39.26%,$0.30B,$-0.12B,-39.26%,$-0.12B,$0.01B,-1733.33%,$-0.12B,$-0.15B,74.17%,$-0.12B,$0.61B,-17.75%,$-0.08B,$0.41B,-19.41%,$94,$9,$85,$40,$58,$71,$23,$-11,$12,$0,$12,$12,$12,$28,$23,$149,149,$0.10,$0.10,$221,$1,$0,$312,$17,$0,$161,$116,$294,$606,$66,$396,$128,$530,$596,$0,$-1309,$-0,$10,$606,$-117,$15,$25,$39,$-17,$0,$0,$2,$-22,$-100,$-4,$0,$0,$0,$156,$156,$0,$151,$143,$-134,$9,$26,$26,$0,$-15,$20,$72,$34,$0
4,2017-09-30,15.77,$-0.12,-134.33,$1.97,7.99,$-1.45,0.0,$-0.97,0.0,$0.31B,$0.06B,4.87,$0.39B,$-0.02B,-22.3,$0.29B,$0.28B,96.91%,$0.29B,$-0.11B,-36.43%,$0.29B,$-0.11B,-36.43%,$0.29B,$-0.10B,-33.68%,$0.29B,$-0.14B,-49.14%,$0.29B,$-0.14B,-49.14%,$-0.14B,$-0.02B,-680.95%,$-0.14B,$-0.18B,98.62%,$-0.14B,$0.63B,-20.87%,$-0.11B,$0.37B,-26.27%,$87,$6,$81,$37,$62,$106,$-19,$-13,$-32,$0,$-32,$-32,$-32,$-16,$-19,$150,150,$-0.22,$-0.22,$225,$0,$0,$314,$17,$0,$164,$130,$311,$625,$64,$392,$182,$578,$643,$0,$-1321,$-0,$-18,$625,$-129,$9,$49,$58,$-15,$1,$0,$-1,$-21,$-92,$-3,$0,$0,$0,$188,$188,$0,$185,$-2,$-134,$-137,$166,$166,$0,$-15,$14,$107,$25,$0
5,2017-06-30,18.88,$0.03,579.14,$1.85,10.21,$-0.88,0.0,$-0.98,0.0,$0.34B,$0.08B,4.27,$0.39B,$0.01B,79.64,$0.27B,$0.27B,98.89%,$0.27B,$-0.12B,-42.59%,$0.27B,$-0.12B,-42.59%,$0.27B,$-0.11B,-38.89%,$0.27B,$-0.14B,-53.33%,$0.27B,$-0.14B,-53.33%,$-0.14B,$0.01B,-357.76%,$-0.14B,$-0.16B,110.34%,$-0.14B,$0.71B,-20.22%,$-0.12B,$0.39B,-27.68%,$65,$4,$62,$37,$58,$106,$-41,$-3,$-44,$0,$-44,$-44,$-44,$-39,$-41,$149,149,$-0.30,$-0.30,$273,$0,$0,$341,$18,$0,$166,$180,$364,$705,$80,$388,$229,$620,$700,$0,$-1289,$-0,$5,$705,$-97,$6,$32,$37,$4,$1,$0,$-2,$-1,$-60,$-2,$0,$0,$0,$160,$160,$0,$159,$-2,$-134,$-136,$165,$165,$0,$-0,$29,$127,$16,$0
6,2017-03-31,17.06,$0.20,85.47,$1.79,9.54,$-0.52,0.0,$-0.83,0.0,$0.36B,$0.08B,4.54,$0.38B,$0.03B,12.95,$0.26B,$0.26B,100.00%,$0.26B,$-0.09B,-34.36%,$0.26B,$-0.09B,-34.36%,$0.26B,$-0.08B,-30.12%,$0.26B,$-0.12B,-47.10%,$0.26B,$-0.12B,-47.10%,$-0.12B,$0.03B,-205.91%,$-0.12B,$-0.14B,104.72%,$-0.12B,$0.70B,-17.16%,$-0.09B,$0.41B,-21.07%,$52,$1,$52,$34,$56,$92,$-40,$-13,$-53,$0,$-53,$-53,$-53,$-36,$-40,$148,148,$-0.36,$-0.36,$297,$2,$0,$358,$19,$0,$166,$158,$343,$701,$79,$384,$206,$593,$672,$0,$-1244,$-0,$30,$701,$-53,$3,$17,$20,$14,$0,$0,$-2,$4,$-28,$-1,$0,$0,$0,$89,$89,$0,$88,$145,$-134,$11,$8,$8,$0,$-0,$19,$79,$7,$0
7,2016-12-31,15.29,$0.45,33.72,$1.89,8.07,$-0.33,0.0,$-0.56,0.0,$0.38B,$0.09B,4.17,$0.37B,$0.07B,5.5,$0.27B,$0.27B,100.00%,$0.27B,$-0.05B,-18.68%,$0.27B,$-0.05B,-18.68%,$0.27B,$-0.04B,-15.02%,$0.27B,$-0.08B,-30.04%,$0.27B,$-0.08B,-30.04%,$-0.08B,$0.07B,-110.07%,$-0.08B,$-0.10B,137.82%,$-0.08B,$0.71B,-11.95%,$-0.05B,$0.43B,-11.89%,$87,$0,$87,$38,$55,$94,$-6,$-7,$-14,$0,$-14,$-14,$-14,$-7,$-6,$145,145,$-0.09,$-0.09,$305,$1,$0,$380,$21,$0,$167,$142,$330,$710,$91,$367,$185,$552,$643,$0,$-1192,$-0,$67,$710,$-82,$11,$50,$61,$-10,$0,$0,$-17,$-5,$-25,$-4,$-100,$0,$0,$-74,$-74,$0,$-178,$-2,$-27,$-29,$25,$25,$0,$-0,$-4,$-207,$29,$0
8,2016-09-30,15.88,$0.41,38.9,$1.67,9.53,$-0.91,0.0,$-0.56,0.0,$0.38B,$0.10B,4.02,$0.36B,$0.06B,6.1,$0.24B,$0.24B,100.00%,$0.24B,$-0.05B,-21.34%,$0.24B,$-0.05B,-21.34%,$0.24B,$-0.04B,-15.48%,$0.24B,$-0.08B,-34.31%,$0.24B,$-0.08B,-34.31%,$-0.08B,$0.06B,-100.61%,$-0.08B,$-0.12B,762.79%,$-0.08B,$0.73B,-12.36%,$-0.05B,$0.42B,-11.78%,$66,$0,$66,$38,$45,$94,$-28,$-5,$-33,$0,$-33,$-33,$-33,$-23,$-28,$145,145,$-0.23,$-0.23,$320,$0,$0,$383,$19,$0,$183,$147,$349,$732,$95,$363,$212,$577,$673,$0,$-1178,$0,$59,$732,$-68,$12,$39,$51,$1,$0,$0,$-11,$10,$-7,$-3,$-100,$0,$0,$41,$41,$0,$-62,$-1,$-18,$-20,$11,$11,$0,$-0,$-9,$-78,$22,$0
9,2016-06-30,13.08,$0.56,23.32,$1.49,8.78,$-1.48,0.0,$-0.66,0.0,$0.39B,$0.09B,4.24,$0.34B,$0.08B,4.17,$0.21B,$0.21B,100.00%,$0.21B,$-0.05B,-23.00%,$0.21B,$-0.05B,-23.00%,$0.21B,$-0.04B,-17.37%,$0.21B,$-0.10B,-45.07%,$0.21B,$-0.10B,-45.07%,$-0.10B,$0.08B,-104.63%,$-0.10B,$-0.11B,-212.15%,$-0.10B,$0.70B,-15.15%,$-0.05B,$0.42B,-11.07%,$54,$0,$54,$32,$37,$70,$-15,$-6,$-22,$0,$-22,$-22,$-22,$-12,$-15,$145,145,$-0.15,$-0.15,$325,$0,$0,$386,$18,$0,$187,$110,$314,$700,$91,$339,$184,$528,$619,$0,$-1145,$0,$81,$700,$-35,$6,$25,$31,$1,$0,$0,$-4,$-2,$-6,$-2,$-100,$0,$0,$130,$130,$0,$28,$-1,$-11,$-12,$6,$6,$0,$0,$-6,$16,$15,$0
10,2016-03-31,10.94,$0.63,17.38,$1.31,8.36,$-1.87,0.0,$-0.85,0.0,$0.50B,$0.08B,6.35,$0.35B,$0.09B,3.84,$0.19B,$0.19B,100.00%,$0.19B,$-0.08B,-40.64%,$0.19B,$-0.08B,-40.64%,$0.19B,$-0.06B,-34.22%,$0.19B,$-0.12B,-65.24%,$0.19B,$-0.12B,-65.24%,$-0.12B,$0.09B,-114.55%,$-0.12B,$0.09B,-114.55%,$-0.12B,$0.60B,-19.61%,$-0.08B,$0.44B,-16.40%,$66,$0,$66,$32,$36,$68,$-2,$-11,$-13,$0,$-13,$-13,$-13,$1,$-2,$144,144,$-0.09,$-0.09,$435,$0,$0,$496,$19,$0,$0,$88,$108,$603,$78,$349,$78,$434,$512,$0,$-1123,$0,$91,$603,$-13,$3,$16,$19,$2,$0,$0,$-1,$-5,$0,$-1,$0,$0,$0,$24,$24,$0,$23,$-0,$-5,$-6,$2,$2,$0,$0,$-4,$20,$7,$0
11,2015-12-31,11.59,$0.66,17.45,$1.05,11.01,$-2.14,0.0,$-1.00,0.0,$0.50B,$0.08B,6.54,$0.35B,$0.10B,3.72,$0.15B,$0.15B,100.00%,$0.15B,$-0.10B,-68.00%,$0.15B,$-0.10B,-68.00%,$0.15B,$-0.09B,-60.00%,$0.15B,$-0.14B,-94.67%,$0.15B,$-0.14B,-94.67%,$-0.14B,$0.10B,-140.94%,$-0.14B,$0.10B,-140.94%,$-0.14B,$0.62B,-25.91%,$-0.10B,$0.45B,-24.83%,$53,$0,$53,$28,$32,$59,$-6,$-8,$-14,$0,$-14,$-14,$-14,$-3,$-6,$142,142,$-0.09,$-0.09,$439,$0,$0,$500,$21,$0,$0,$98,$119,$619,$76,$354,$85,$448,$524,$0,$-1110,$-0,$95,$619,$-143,$12,$62,$74,$-29,$0,$0,$-9,$-38,$-107,$-4,$0,$0,$0,$-5,$-5,$0,$-9,$334,$-13,$322,$-7,$-7,$0,$-12,$303,$187,$25,$0
12,2015-09-30,10.41,$0.70,14.78,$0.96,10.89,$-2.52,0.0,$-1.18,0.0,$0.51B,$0.07B,7.46,$0.36B,$0.10B,3.59,$0.14B,$0.14B,105.19%,$0.14B,$-0.13B,-95.56%,$0.14B,$-0.13B,-95.56%,$0.14B,$-0.12B,-86.67%,$0.14B,$-0.17B,-122.96%,$0.14B,$-0.17B,-122.96%,$-0.17B,$0.10B,-167.25%,$-0.17B,$0.10B,-167.25%,$-0.17B,$0.61B,-34.91%,$-0.13B,$0.46B,-35.76%,$40,$0,$40,$26,$30,$66,$-26,$-21,$-47,$0,$-47,$-47,$-47,$-23,$-26,$142,142,$-0.33,$-0.33,$462,$0,$0,$506,$23,$0,$0,$84,$108,$613,$68,$360,$74,$445,$513,$0,$-1096,$0,$100,$613,$-129,$9,$53,$62,$-11,$0,$0,$-6,$-21,$-88,$-3,$0,$0,$0,$-41,$-41,$0,$-44,$314,$-8,$305,$12,$12,$0,$-12,$305,$174,$19,$0
13,2015-06-30,12.06,$0.98,12.26,$0.80,15.08,$-2.85,0.0,$-1.15,0.0,$0.53B,$0.06B,8.49,$0.36B,$0.14B,2.6,$0.11B,$0.12B,106.25%,$0.11B,$-0.14B,-125.00%,$0.11B,$-0.14B,-125.00%,$0.11B,$-0.13B,-114.29%,$0.11B,$-0.16B,-143.75%,$0.11B,$-0.16B,-143.75%,$-0.16B,$0.14B,-159.01%,$-0.16B,$0.14B,-159.01%,$-0.16B,$0.65B,-39.39%,$-0.14B,$0.50B,-44.52%,$28,$0,$28,$29,$33,$70,$-42,$-6,$-48,$0,$-48,$-48,$-48,$-39,$-42,$142,142,$-0.34,$-0.34,$493,$0,$0,$527,$25,$0,$0,$102,$127,$654,$62,$364,$73,$452,$514,$0,$-1049,$0,$140,$654,$-81,$6,$22,$28,$-1,$0,$0,$-3,$-8,$-61,$-3,$0,$0,$0,$-63,$-63,$0,$-66,$314,$-5,$309,$11,$11,$0,$-11,$309,$182,$12,$0
14,2015-03-31,16.0,$0.48,33.35,$0.65,24.46,$-3.10,0.0,$-1.25,0.0,$0.26B,$0.06B,4.41,$0.16B,$0.07B,2.35,$0.09B,$0.09B,95.60%,$0.09B,$-0.15B,-168.13%,$0.09B,$-0.15B,-168.13%,$0.09B,$-0.14B,-154.95%,$0.09B,$-0.17B,-190.11%,$0.09B,$-0.17B,-190.11%,$-0.17B,$0.07B,-170.02%,$-0.17B,$0.07B,-170.02%,$-0.17B,$0.31B,-51.18%,$-0.15B,$0.23B,-57.36%,$29,$0,$29,$27,$30,$57,$-28,$-5,$-33,$0,$-33,$-33,$-33,$-25,$-28,$141,141,$-0.24,$-0.24,$216,$5,$0,$264,$27,$0,$0,$14,$42,$306,$60,$160,$0,$178,$237,$0,$-1001,$0,$68,$306,$-33,$3,$6,$9,$-8,$0,$0,$-2,$-11,$-36,$-2,$0,$0,$0,$22,$22,$0,$20,$-3,$0,$-3,$8,$8,$0,$0,$5,$-11,$5,$0
15,2014-12-31,15.32,$0.63,24.36,$0.56,27.27,$-3.29,0.0,$-1.39,0.0,$0.29B,$0.06B,4.76,$0.16B,$0.09B,1.82,$0.08B,$0.07B,92.21%,$0.08B,$-0.17B,-219.48%,$0.08B,$-0.17B,-219.48%,$0.08B,$-0.16B,-203.90%,$0.08B,$-0.19B,-246.75%,$0.08B,$-0.19B,-246.75%,$-0.19B,$0.09B,-143.94%,$-0.19B,$0.09B,-143.94%,$-0.19B,$0.33B,-51.88%,$-0.17B,$0.25B,-56.33%,$38,$-7,$45,$27,$31,$71,$-33,$-5,$-38,$0,$-38,$-38,$-38,$-30,$-33,$137,137,$-0.27,$-0.27,$248,$5,$0,$288,$30,$0,$0,$11,$41,$329,$61,$161,$0,$180,$241,$0,$-967,$-0,$89,$329,$-190,$12,$52,$64,$-24,$-3,$0,$-5,$-30,$-156,$-4,$0,$0,$0,$-53,$-53,$0,$-57,$-1,$-1,$-2,$213,$213,$0,$0,$211,$-1,$26,$0
16,2014-09-30,12.96,$0.77,16.72,$0.33,39.62,$-4.57,0.0,$-1.55,0.0,$0.30B,$0.05B,5.63,$0.17B,$0.11B,1.56,$0.04B,$0.03B,68.18%,$0.04B,$-0.18B,-415.91%,$0.04B,$-0.18B,-415.91%,$0.04B,$-0.17B,-388.64%,$0.04B,$-0.20B,-463.64%,$0.04B,$-0.20B,-463.64%,$-0.20B,$0.11B,-171.07%,$-0.20B,$0.11B,-171.07%,$-0.20B,$0.35B,-57.67%,$-0.18B,$0.28B,-62.72%,$17,$0,$17,$25,$29,$54,$-37,$-5,$-42,$0,$-42,$-42,$-42,$-34,$-37,$139,139,$-0.30,$-0.30,$265,$13,$0,$304,$30,$0,$0,$12,$42,$346,$54,$168,$0,$184,$238,$0,$-930,$0,$108,$346,$-152,$9,$31,$40,$-13,$0,$0,$-10,$-21,$-133,$-2,$0,$0,$0,$-92,$-92,$0,$-95,$-1,$0,$-1,$204,$204,$0,$0,$203,$-24,$18,$0
17,2014-06-30,15.33,$1.02,15.04,$0.25,62.25,$-5.56,0.0,$-1.76,0.0,$0.33B,$0.04B,7.83,$0.17B,$0.14B,1.21,$0.03B,$0.02B,50.00%,$0.03B,$-0.20B,-634.38%,$0.03B,$-0.20B,-634.38%,$0.03B,$-0.19B,-593.75%,$0.03B,$-0.22B,-700.00%,$0.03B,$-0.22B,-700.00%,$-0.22B,$0.14B,-197.79%,$-0.22B,$0.14B,-197.79%,$-0.22B,$0.37B,-64.23%,$-0.20B,$0.31B,-70.42%,$7,$11,$-4,$22,$29,$62,$-55,$-5,$-60,$0,$-60,$-60,$-60,$-52,$-55,$138,138,$-0.44,$-0.44,$302,$13,$0,$326,$34,$0,$0,$12,$45,$371,$42,$171,$0,$188,$229,$0,$-888,$0,$142,$371,$-110,$6,$22,$28,$-1,$0,$0,$-3,$-13,$-94,$-2,$0,$0,$0,$-85,$-85,$0,$-87,$-1,$0,$-1,$201,$201,$0,$0,$201,$20,$12,$0
18,2014-03-31,12.32,$1.37,9.0,$0.28,43.69,$-6.43,0.0,$-1.89,0.0,$0.37B,$0.04B,9.64,$0.17B,$0.19B,0.92,$0.04B,$0.03B,74.29%,$0.04B,$-0.21B,-594.29%,$0.04B,$-0.21B,-594.29%,$0.04B,$-0.20B,-557.14%,$0.04B,$-0.23B,-654.29%,$0.04B,$-0.23B,-654.29%,$-0.23B,$0.19B,-203.56%,$-0.23B,$0.19B,-203.56%,$-0.23B,$0.42B,-65.06%,$-0.21B,$0.36B,-72.10%,$15,$2,$13,$27,$30,$59,$-44,$-5,$-50,$0,$-50,$-50,$-50,$-41,$-44,$130,130,$-0.38,$-0.38,$332,$23,$0,$371,$36,$0,$0,$12,$48,$419,$39,$173,$0,$191,$230,$0,$-827,$-0,$189,$419,$-50,$3,$7,$10,$-7,$-1,$0,$0,$-18,$-58,$-1,$0,$0,$0,$-5,$-5,$0,$-6,$-0,$0,$-0,$194,$194,$0,$0,$194,$130,$6,$0
19,2013-12-31,11.61,$0.32,36.8,$0.20,58.18,$-6.87,0.0,$-2.38,0.0,$0.23B,$0.04B,5.58,$0.18B,$0.04B,4.65,$0.02B,$0.02B,65.22%,$0.02B,$-0.25B,-1100.00%,$0.02B,$-0.25B,-1100.00%,$0.02B,$-0.24B,-1043.48%,$0.02B,$-0.27B,-1186.96%,$0.02B,$-0.27B,-1186.96%,$-0.27B,$0.04B,-341.25%,$-0.27B,$0.04B,-341.25%,$-0.27B,$0.28B,-83.11%,$-0.25B,$0.22B,-98.73%,$5,$1,$4,$23,$29,$52,$-47,$-5,$-52,$0,$-52,$-52,$-52,$-44,$-47,$116,116,$-0.40,$-0.40,$198,$22,$0,$229,$37,$0,$0,$12,$50,$279,$41,$178,$2,$200,$241,$0,$-778,$0,$38,$279,$-273,$12,$23,$35,$-2,$-12,$0,$-8,$-36,$-273,$-10,$0,$0,$0,$-92,$-92,$0,$-101,$174,$0,$174,$147,$147,$0,$-8,$314,$-61,$20,$0
20,2013-09-30,11.84,$0.70,17.0,$0.41,28.9,$-5.21,0.0,$-2.36,0.0,$0.28B,$0.04B,6.95,$0.18B,$0.08B,2.12,$0.05B,$0.04B,84.44%,$0.05B,$-0.25B,-555.56%,$0.05B,$-0.25B,-555.56%,$0.05B,$-0.24B,-526.67%,$0.05B,$-0.27B,-588.89%,$0.05B,$-0.27B,-588.89%,$-0.27B,$0.08B,-248.83%,$-0.27B,$0.08B,-248.83%,$-0.27B,$0.33B,-83.79%,$-0.25B,$0.26B,-104.93%,$5,$2,$3,$23,$30,$61,$-57,$-5,$-62,$0,$-62,$-62,$-62,$-53,$-57,$121,121,$-0.51,$-0.51,$242,$21,$0,$276,$37,$0,$0,$13,$50,$326,$40,$178,$2,$202,$242,$0,$-726,$0,$84,$326,$-221,$9,$18,$26,$-2,$-10,$0,$-9,$-37,$-231,$-6,$0,$0,$0,$-67,$-67,$0,$-73,$175,$0,$175,$146,$146,$0,$-8,$312,$8,$15,$0
21,2013-06-30,9.93,$1.16,8.59,$1.21,8.19,$-3.75,0.0,$-1.43,0.0,$0.34B,$0.04B,7.64,$0.18B,$0.14B,1.25,$0.14B,$0.13B,96.32%,$0.14B,$-0.15B,-106.62%,$0.14B,$-0.15B,-106.62%,$0.14B,$-0.13B,-97.79%,$0.14B,$-0.16B,-113.97%,$0.14B,$-0.16B,-113.97%,$-0.16B,$0.14B,-118.32%,$-0.16B,$0.14B,-118.32%,$-0.16B,$0.38B,-52.28%,$-0.15B,$0.31B,-66.44%,$10,$3,$6,$24,$31,$70,$-60,$-5,$-65,$0,$-65,$-65,$-65,$-57,$-60,$113,113,$-0.57,$-0.57,$301,$20,$0,$336,$35,$0,$0,$13,$48,$384,$44,$175,$2,$201,$245,$0,$-664,$-0,$139,$384,$-159,$6,$12,$17,$-4,$-10,$0,$-7,$-32,$-173,$-5,$0,$0,$0,$-50,$-50,$0,$-55,$175,$0,$175,$144,$144,$0,$-8,$311,$83,$10,$0
22,2013-03-31,18.29,$0.54,33.97,$1.26,14.47,$-3.05,0.0,$-1.24,0.0,$0.28B,$0.06B,4.4,$0.18B,$0.06B,2.99,$0.14B,$0.14B,99.29%,$0.14B,$-0.13B,-89.36%,$0.14B,$-0.13B,-89.36%,$0.14B,$-0.11B,-80.85%,$0.14B,$-0.13B,-92.91%,$0.14B,$-0.13B,-92.91%,$-0.13B,$0.06B,-101.95%,$-0.13B,$0.06B,-101.95%,$-0.13B,$0.33B,-51.83%,$-0.13B,$0.23B,-73.26%,$3,$1,$2,$33,$33,$92,$-89,$-5,$-94,$0,$-94,$-94,$-94,$-86,$-89,$108,108,$-0.87,$-0.87,$242,$20,$0,$276,$36,$0,$0,$13,$49,$325,$63,$175,$1,$204,$267,$0,$-599,$0,$59,$325,$-94,$3,$6,$9,$1,$-13,$0,$-6,$-8,$-93,$-3,$0,$0,$0,$-106,$-106,$0,$-109,$175,$0,$175,$3,$3,$0,$-8,$170,$-31,$5,$0
23,2012-12-31,11.08,$1.34,8.29,$1.35,8.2,$-2.62,0.0,$-0.71,0.0,$0.18B,$0.06B,3.36,$0.00B,$0.14B,0.0,$0.15B,$0.15B,100.00%,$0.15B,$-0.07B,-48.67%,$0.15B,$-0.07B,-48.67%,$0.15B,$-0.06B,-40.67%,$0.15B,$-0.07B,-48.67%,$0.15B,$-0.07B,-48.67%,$-0.07B,$0.14B,-47.17%,$-0.07B,$0.14B,-47.17%,$-0.07B,$0.23B,-31.23%,$-0.07B,$0.14B,-47.10%,$27,$0,$27,$28,$33,$71,$-44,$0,$-44,$0,$-44,$-44,$-44,$-41,$-44,$106,106,$-0.40,$-0.38,$168,$7,$0,$184,$38,$0,$0,$8,$45,$230,$55,$0,$1,$31,$86,$0,$-505,$0,$144,$230,$-73,$11,$19,$30,$-1,$-7,$0,$-42,$-27,$-70,$-14,$0,$0,$0,$44,$44,$0,$30,$-0,$0,$-0,$89,$89,$0,$0,$89,$49,$18,$0
24,2012-09-30,12.78,$1.69,7.54,$1.42,9.0,$-2.69,0.0,$-0.37,0.0,$0.20B,$0.04B,5.69,$0.00B,$0.18B,0.0,$0.16B,$0.16B,100.00%,$0.16B,$-0.04B,-23.23%,$0.16B,$-0.04B,-23.23%,$0.16B,$-0.02B,-15.48%,$0.16B,$-0.04B,-23.23%,$0.16B,$-0.04B,-23.23%,$-0.04B,$0.18B,-24.62%,$-0.04B,$0.18B,-24.62%,$-0.04B,$0.25B,-15.75%,$-0.04B,$0.18B,-24.57%,$96,$0,$96,$23,$23,$49,$48,$0,$48,$0,$48,$48,$48,$51,$48,$107,114,$0.44,$0.42,$193,$1,$0,$202,$36,$0,$0,$8,$44,$247,$36,$0,$0,$29,$64,$0,$-461,$0,$182,$247,$-29,$9,$14,$22,$0,$-1,$0,$-43,$-41,$-47,$-11,$0,$0,$0,$8,$8,$0,$-2,$-0,$0,$-0,$88,$88,$0,$0,$88,$39,$13,$0
25,2012-06-30,13.78,$1.20,11.49,$0.70,19.73,$-2.91,0.0,$-1.00,0.0,$0.17B,$0.05B,3.38,$0.00B,$0.13B,0.0,$0.07B,$0.07B,100.00%,$0.07B,$-0.11B,-149.30%,$0.07B,$-0.11B,-149.30%,$0.07B,$-0.09B,-132.39%,$0.07B,$-0.11B,-147.89%,$0.07B,$-0.11B,-147.89%,$-0.11B,$0.13B,-81.40%,$-0.11B,$0.13B,-81.40%,$-0.11B,$0.21B,-47.40%,$-0.11B,$0.13B,-82.01%,$15,$0,$15,$32,$20,$55,$-41,$0,$-41,$0,$-41,$-41,$-41,$-38,$-41,$107,107,$-0.38,$-0.38,$158,$0,$0,$166,$35,$0,$0,$8,$43,$209,$49,$0,$0,$31,$80,$0,$-509,$-0,$129,$209,$-76,$5,$8,$14,$-2,$0,$0,$-28,$-24,$-86,$-7,$0,$0,$0,$6,$6,$0,$-1,$-0,$0,$-0,$88,$88,$0,$0,$87,$-0,$8,$0
26,2012-03-31,13.31,$1.53,8.68,$0.67,19.72,$-2.52,0.0,$-0.81,0.0,$0.21B,$0.05B,3.95,$0.00B,$0.16B,0.0,$0.07B,$0.07B,100.00%,$0.07B,$-0.08B,-125.37%,$0.07B,$-0.08B,-125.37%,$0.07B,$-0.07B,-107.46%,$0.07B,$-0.08B,-123.88%,$0.07B,$-0.08B,-123.88%,$-0.08B,$0.16B,-64.22%,$-0.08B,$0.16B,-64.22%,$-0.08B,$0.25B,-35.81%,$-0.08B,$0.17B,-64.74%,$12,$0,$12,$30,$16,$48,$-36,$0,$-36,$0,$-36,$-36,$-36,$-33,$-36,$104,104,$-0.34,$-0.34,$202,$0,$0,$206,$35,$0,$0,$8,$43,$249,$52,$0,$0,$33,$85,$0,$-468,$0,$164,$249,$-36,$3,$4,$7,$1,$0,$0,$-13,$-14,$-43,$-5,$0,$0,$0,$6,$6,$0,$1,$-0,$0,$-0,$86,$86,$0,$0,$86,$44,$4,$0
27,2011-12-31,11.97,$1.09,10.97,$0.66,18.13,$-2.34,0.0,$-0.66,0.0,$0.17B,$0.07B,2.57,$0.00B,$0.11B,0.0,$0.07B,$0.07B,100.00%,$0.07B,$-0.07B,-103.08%,$0.07B,$-0.07B,-103.08%,$0.07B,$-0.06B,-84.62%,$0.07B,$-0.07B,-100.00%,$0.07B,$-0.07B,-100.00%,$-0.07B,$0.11B,-52.21%,$-0.07B,$0.11B,-52.21%,$-0.07B,$0.21B,-27.37%,$-0.07B,$0.11B,-53.71%,$32,$0,$32,$24,$15,$39,$-7,$0,$-7,$0,$-7,$-7,$-7,$-4,$-7,$100,100,$-0.06,$-0.06,$164,$0,$0,$168,$34,$0,$0,$8,$41,$209,$65,$0,$0,$34,$99,$0,$-432,$0,$110,$209,$-65,$10,$14,$24,$2,$0,$0,$-41,$-34,$-75,$-10,$0,$0,$0,$125,$125,$0,$115,$-0,$0,$-0,$3,$3,$0,$0,$3,$43,$12,$0
28,2011-09-30,10.8,$1.12,9.61,$0.53,20.56,$-2.33,0.0,$-0.71,0.0,$0.18B,$0.07B,2.52,$0.00B,$0.11B,0.0,$0.05B,$0.05B,100.00%,$0.05B,$-0.07B,-146.00%,$0.05B,$-0.07B,-146.00%,$0.05B,$-0.06B,-124.00%,$0.05B,$-0.07B,-140.00%,$0.05B,$-0.07B,-140.00%,$-0.07B,$0.11B,-51.09%,$-0.07B,$0.11B,-51.09%,$-0.07B,$0.22B,-26.87%,$-0.07B,$0.11B,-53.19%,$12,$0,$12,$23,$11,$34,$-22,$1,$-21,$0,$-21,$-21,$-21,$-19,$-22,$100,100,$-0.21,$-0.21,$175,$0,$0,$179,$33,$0,$0,$8,$41,$219,$71,$0,$0,$36,$107,$0,$-425,$0,$113,$219,$-58,$7,$10,$18,$2,$0,$0,$-28,$-27,$-68,$-6,$0,$0,$0,$96,$96,$0,$90,$-0,$0,$-0,$3,$3,$0,$0,$3,$24,$9,$0
29,2011-06-30,15.72,$1.30,12.11,$0.50,31.7,$-2.34,0.0,$-0.58,0.0,$0.21B,$0.07B,2.94,$0.00B,$0.13B,0.0,$0.05B,$0.05B,100.00%,$0.05B,$-0.07B,-142.55%,$0.05B,$-0.07B,-142.55%,$0.05B,$-0.06B,-123.40%,$0.05B,$-0.07B,-138.30%,$0.05B,$-0.06B,-121.28%,$-0.06B,$0.13B,-37.81%,$-0.06B,$0.13B,-37.81%,$-0.06B,$0.25B,-20.21%,$-0.07B,$0.13B,-44.37%,$11,$0,$11,$19,$11,$30,$-19,$0,$-19,$0,$-19,$-19,$-19,$-16,$-19,$100,100,$-0.19,$-0.19,$201,$0,$0,$208,$33,$0,$0,$8,$41,$250,$71,$1,$1,$49,$120,$0,$-405,$0,$130,$250,$-37,$5,$7,$12,$0,$0,$0,$-16,$-17,$-42,$-5,$0,$0,$0,$50,$50,$0,$44,$-0,$0,$-0,$2,$2,$0,$0,$2,$4,$6,$0
30,2011-03-31,13.98,$1.45,9.64,$0.48,29.31,$-2.41,0.0,$-0.57,0.0,$0.23B,$0.06B,3.78,$0.00B,$0.15B,0.0,$0.05B,$0.05B,100.00%,$0.05B,$-0.07B,-144.44%,$0.05B,$-0.07B,-144.44%,$0.05B,$-0.06B,-128.89%,$0.05B,$-0.06B,-140.00%,$0.05B,$-0.06B,-122.22%,$-0.06B,$0.15B,-34.00%,$-0.06B,$0.15B,-34.00%,$-0.06B,$0.27B,-18.33%,$-0.07B,$0.15B,-40.12%,$10,$0,$10,$20,$9,$29,$-19,$0,$-18,$0,$-18,$-18,$-18,$-16,$-19,$99,99,$-0.19,$-0.19,$221,$0,$0,$229,$35,$0,$0,$8,$43,$272,$61,$1,$0,$67,$127,$0,$-386,$0,$145,$272,$-18,$2,$3,$6,$-1,$0,$0,$-7,$-11,$-24,$-3,$0,$0,$0,$29,$29,$0,$25,$-0,$0,$-0,$1,$1,$0,$0,$1,$2,$3,$0
31,2010-12-31,10.35,$1.61,6.43,$0.51,20.22,$-2.56,0.0,$-0.63,0.0,$0.26B,$0.06B,4.02,$0.00B,$0.16B,0.0,$0.04B,$0.04B,100.00%,$0.04B,$-0.06B,-136.36%,$0.04B,$-0.06B,-136.36%,$0.04B,$-0.06B,-125.00%,$0.04B,$-0.06B,-134.09%,$0.04B,$-0.05B,-120.45%,$-0.05B,$0.16B,-30.68%,$-0.05B,$0.16B,-30.68%,$-0.05B,$0.30B,-16.75%,$-0.06B,$0.16B,-34.63%,$17,$0,$17,$21,$8,$30,$-13,$1,$-12,$0,$-12,$-12,$-12,$-11,$-13,$90,90,$-0.08,$-0.08,$251,$0,$0,$259,$34,$0,$0,$8,$42,$301,$64,$0,$0,$77,$142,$0,$-368,$0,$160,$301,$-52,$6,$-1,$5,$2,$0,$0,$-22,$-21,$-68,$-8,$0,$0,$0,$-205,$-205,$0,$-213,$-2,$0,$-2,$205,$205,$0,$-0,$203,$-78,$7,$0
