,Date,Stock Price,Book Value per Share,Price to Book Ratio,TTM Sales per Share,Price to Sales Ratio,TTM FCF per Share,Price to FCF Ratio,TTM Net EPS,PE Ratio,Current Assets,Current Liabilities,Current Ratio,Long Term Debt,Shareholder's Equity_x,Debt to Equity Ratio,TTM Revenue_x,TTM Gross Profit,Gross Margin,TTM Revenue_y,TTM Operating Income,Operating Margin,TTM Revenue_x,TTM EBIT,EBIT Margin,TTM Revenue_y,TTM EBITDA,EBITDA Margin,TTM Revenue_x,TTM Pre-Tax Income,Pre-Tax Margin,TTM Revenue_y,TTM Net Income_x,Net Margin,TTM Net Income_y,Shareholder's Equity_y,Return on Equity,TTM Net Income_x,Tangible Equity,Return on Tangible Equity,TTM Net Income_y,Total Assets,Return on Assets,TTM Net Income,LT Investments & Debt,Return on Investment,revenue,cost-goods-sold,gross-profit,research-development-expenses,selling-general-administrative-expenses,operating-expenses,operating-income,total-non-operating-income-expense,pre-tax-income,total-provision-income-taxes,income-after-taxes,income-from-continuous-operations,net-income,ebitda,ebit,basic-shares-outstanding,shares-outstanding,eps-basic-net-earnings-per-share,eps-earnings-per-share-diluted,cash-on-hand,inventory,other-current-assets,total-current-assets,net-property-plant-equipment,long-term-investments,goodwill-intangible-assets-total,other-long-term-assets,total-long-term-assets,total-assets,total-current-liabilities,long-term-debt,other-non-current-liabilities,total-long-term-liabilities,total-liabilities,common-stock-net,retained-earnings-accumulated-deficit,comprehensive-income,total-share-holder-equity,total-liabilities-share-holders-equity,net-income-loss,total-depreciation-amortization-cash-flow,other-non-cash-items,total-non-cash-items,change-in-accounts-receivable,change-in-inventories,change-in-accounts-payable,change-in-assets-liabilities,total-change-in-assets-liabilities,cash-flow-from-operating-activities,net-change-in-property-plant-equipment,net-change-in-intangible-assets,net-acquisitions-divestitures,net-change-in-short-term-investments,net-change-in-long-term-investments,net-change-in-investments-total,investing-activities-other,cash-flow-from-investing-activities,net-long-term-debt,net-current-debt,debt-issuance-retirement-net-total,net-common-equity-issued-repurchased,net-total-equity-issued-repurchased,total-common-preferred-stock-dividends-paid,financial-activities-other,cash-flow-from-financial-activities,net-cash-flow,stock-based-compensation,common-stock-dividends-paid
0,2018-09-30,12.27,$10.39,1.18,$3.43,3.58,$2.56,4.79,$0.38,32.29,$21.02B,$17.40B,1.21,$4.85B,$3.04B,1.6,$0.98B,$0.73B,73.68%,$0.98B,$0.30B,30.08%,$0.98B,0,0.00%,$0.98B,0,0.00%,$0.98B,$0.30B,30.08%,$0.98B,$0.16B,16.67%,$0.16B,$3.04B,5.31%,$0.16B,$2.94B,5.49%,$0.16B,$25.52B,0.65%,$0.30B,$7.89B,3.68%,$254,$77,$177,$0,$104,$181,$73,$0,$73,$19,$54,$54,$54,$0,$0,$281,281,$0.19,$0.19,$211,$0,$0,$21022,$175,$3844,$100,$242,$4496,$25518,$17398,$4854,$232,$5085,$22483,$4,$1173,$-41,$3035,$25518,$169,$19,$14,$32,$-5,$0,$0,$36,$31,$233,$-9,$0,$-340,$0,$117,$117,$-601,$-833,$272,$120,$392,$-186,$-186,$-81,$67,$192,$-408,$19,$-81
1,2018-06-30,12.7,$10.34,1.23,$3.33,3.81,$2.51,5.05,$0.54,23.52,$20.81B,$16.92B,1.23,$5.15B,$3.09B,1.67,$0.96B,$0.73B,75.41%,$0.96B,$0.30B,30.81%,$0.96B,0,0.00%,$0.96B,0,0.00%,$0.96B,$0.30B,30.81%,$0.96B,$0.16B,16.18%,$0.16B,$3.09B,5.01%,$0.16B,$2.99B,5.17%,$0.16B,$25.37B,0.62%,$0.30B,$8.24B,3.72%,$250,$67,$183,$0,$107,$174,$76,$0,$76,$19,$57,$57,$57,$0,$0,$285,286,$0.20,$0.20,$196,$0,$0,$20813,$177,$3829,$101,$314,$4552,$25365,$16917,$5145,$212,$5357,$22274,$4,$1145,$-40,$3091,$25365,$115,$12,$14,$26,$-2,$0,$0,$14,$12,$153,$-5,$0,$-340,$0,$144,$144,$-477,$-678,$533,$150,$683,$-98,$-98,$-54,$-428,$103,$-422,$12,$-54
2,2018-03-31,13.45,$10.25,1.31,$3.22,4.18,$2.52,5.33,$0.48,28.03,$20.58B,$16.55B,1.24,$5.36B,$3.09B,1.73,$0.94B,$0.72B,76.68%,$0.94B,$0.29B,30.35%,$0.94B,0,0.00%,$0.94B,0,0.00%,$0.94B,$0.29B,30.35%,$0.94B,$0.14B,14.80%,$0.14B,$3.09B,4.44%,$0.14B,$2.99B,4.58%,$0.14B,$25.23B,0.56%,$0.29B,$8.45B,3.59%,$241,$59,$182,$0,$104,$163,$78,$0,$78,$20,$58,$58,$58,$0,$0,$288,289,$0.20,$0.20,$153,$0,$0,$20580,$177,$3927,$102,$310,$4646,$25226,$16546,$5361,$226,$5587,$22134,$4,$1115,$-40,$3092,$25226,$58,$6,$5,$11,$3,$0,$0,$12,$15,$84,$-2,$0,$-340,$0,$56,$56,$-289,$-575,$900,$0,$900,$-59,$-59,$-27,$-787,$26,$-465,$5,$-27
3,2017-12-31,13.6,$10.21,1.33,$3.14,4.33,$2.63,5.18,$0.44,30.9,$20.55B,$17.36B,1.18,$4.46B,$3.13B,1.43,$0.92B,$0.72B,77.89%,$0.92B,$0.28B,30.50%,$0.92B,0,0.00%,$0.92B,0,0.00%,$0.92B,$0.28B,30.50%,$0.92B,$0.13B,13.83%,$0.13B,$3.13B,4.03%,$0.13B,$3.03B,4.17%,$0.13B,$25.13B,0.52%,$0.28B,$7.59B,3.55%,$239,$56,$183,$0,$114,$170,$69,$0,$69,$74,$-5,$-5,$-5,$0,$0,$290,292,$-0.02,$-0.03,$618,$0,$0,$20549,$180,$4016,$98,$165,$4581,$25129,$17358,$4462,$185,$4646,$22004,$4,$1084,$-29,$3125,$25129,$127,$30,$138,$168,$26,$0,$0,$-19,$8,$302,$-20,$0,$0,$0,$-382,$-382,$-1285,$-1687,$-62,$-23,$-85,$-50,$-50,$-102,$2075,$1839,$454,$27,$-102
4,2017-09-30,13.27,$10.31,1.29,$3.04,4.36,$2.34,5.66,$0.64,20.74,$20.20B,$16.88B,1.2,$4.49B,$3.16B,1.42,$0.90B,$0.71B,79.13%,$0.90B,$0.29B,32.81%,$0.90B,0,0.00%,$0.90B,0,0.00%,$0.90B,$0.29B,32.81%,$0.90B,$0.18B,20.54%,$0.18B,$3.16B,5.85%,$0.18B,$3.06B,6.04%,$0.18B,$24.78B,0.77%,$0.29B,$7.64B,3.72%,$234,$55,$179,$0,$105,$160,$74,$0,$74,$28,$46,$46,$46,$0,$0,$290,291,$0.16,$0.16,$413,$0,$0,$20201,$178,$3916,$100,$166,$4581,$24782,$16876,$4485,$266,$4750,$21627,$4,$1112,$-20,$3155,$24782,$131,$23,$24,$47,$24,$0,$0,$28,$52,$230,$-13,$0,$0,$0,$-263,$-263,$-1135,$-1411,$-61,$0,$-61,$-50,$-50,$-74,$1615,$1430,$249,$20,$-74
5,2017-06-30,12.92,$10.23,1.26,$2.94,4.4,$2.11,6.13,$0.63,20.51,$19.91B,$16.04B,1.24,$4.88B,$3.16B,1.55,$0.87B,$0.70B,80.32%,$0.87B,$0.29B,33.60%,$0.87B,0,0.00%,$0.87B,0,0.00%,$0.87B,$0.29B,33.60%,$0.87B,$0.19B,21.63%,$0.19B,$3.16B,5.99%,$0.19B,$3.05B,6.19%,$0.19B,$24.32B,0.80%,$0.29B,$8.04B,3.73%,$225,$48,$176,$0,$112,$161,$64,$0,$64,$24,$40,$40,$40,$0,$0,$291,293,$0.14,$0.14,$214,$0,$0,$19912,$178,$3745,$101,$163,$4404,$24316,$16042,$4882,$237,$5119,$21161,$4,$1090,$-21,$3155,$24316,$86,$16,$25,$40,$28,$0,$0,$10,$37,$163,$-9,$0,$0,$0,$-91,$-91,$-1049,$-1148,$336,$0,$336,$-21,$-21,$-50,$769,$1035,$50,$13,$-50
6,2017-03-31,13.83,$10.18,1.36,$2.85,4.84,$1.98,6.99,$0.64,21.6,$19.50B,$15.38B,1.27,$5.09B,$3.16B,1.61,$0.85B,$0.69B,81.29%,$0.85B,$0.30B,35.41%,$0.85B,0,0.00%,$0.85B,0,0.00%,$0.85B,$0.30B,35.41%,$0.85B,$0.19B,22.71%,$0.19B,$3.16B,6.16%,$0.19B,$3.06B,6.37%,$0.19B,$23.89B,0.85%,$0.30B,$8.25B,3.98%,$220,$43,$177,$0,$104,$147,$73,$0,$73,$27,$46,$46,$46,$0,$0,$291,293,$0.16,$0.16,$166,$0,$0,$19501,$179,$3723,$101,$167,$4388,$23889,$15376,$5094,$260,$5354,$20730,$4,$1076,$-21,$3158,$23889,$46,$9,$12,$21,$30,$0,$0,$22,$52,$119,$-6,$0,$0,$0,$-70,$-70,$-685,$-760,$548,$0,$548,$4,$4,$-25,$117,$643,$2,$7,$-25
7,2016-12-31,13.34,$10.09,1.32,$2.75,4.86,$1.73,7.72,$0.62,21.51,$18.84B,$15.28B,1.23,$4.55B,$3.12B,1.46,$0.83B,$0.68B,81.47%,$0.83B,$0.30B,35.98%,$0.83B,0,0.00%,$0.83B,0,0.00%,$0.83B,$0.30B,35.98%,$0.83B,$0.19B,23.10%,$0.19B,$3.12B,6.10%,$0.19B,$3.02B,6.31%,$0.19B,$23.18B,0.87%,$0.30B,$7.67B,4.16%,$217,$39,$177,$0,$94,$133,$83,$0,$83,$31,$52,$52,$52,$0,$0,$298,301,$0.19,$0.18,$164,$0,$0,$18838,$177,$3654,$102,$181,$4336,$23175,$15281,$4546,$224,$4771,$20051,$4,$1054,$-25,$3123,$23175,$192,$28,$51,$80,$-38,$0,$0,$-6,$-45,$227,$-21,$0,$0,$0,$-355,$-355,$-1921,$-2298,$1283,$0,$1283,$-329,$-329,$-82,$1214,$2086,$15,$28,$-82
8,2016-09-30,11.41,$10.03,1.14,$2.62,4.36,$2.58,4.43,$0.58,19.67,$18.33B,$14.95B,1.23,$4.20B,$3.12B,1.35,$0.81B,$0.66B,81.38%,$0.81B,$0.29B,35.14%,$0.81B,0,0.00%,$0.81B,0,0.00%,$0.81B,$0.29B,35.14%,$0.81B,$0.18B,22.69%,$0.18B,$3.12B,5.76%,$0.18B,$3.01B,5.96%,$0.18B,$22.54B,0.85%,$0.29B,$7.32B,4.12%,$207,$39,$168,$0,$96,$135,$72,$0,$72,$22,$50,$50,$50,$0,$0,$292,295,$0.17,$0.17,$169,$0,$0,$18327,$179,$3529,$103,$170,$4209,$22536,$14952,$4204,$265,$4469,$19421,$4,$1010,$-15,$3115,$22536,$140,$21,$28,$49,$-24,$0,$0,$4,$-21,$169,$-18,$0,$0,$0,$-189,$-189,$-1417,$-1624,$941,$0,$941,$-310,$-310,$-58,$902,$1475,$20,$19,$-58
9,2016-06-30,10.47,$9.99,1.05,$2.52,4.15,$3.43,3.05,$0.58,18.05,$17.63B,$14.43B,1.22,$3.89B,$3.13B,1.24,$0.80B,$0.66B,81.67%,$0.80B,$0.29B,35.54%,$0.80B,0,0.00%,$0.80B,0,0.00%,$0.80B,$0.29B,35.54%,$0.80B,$0.18B,22.82%,$0.18B,$3.13B,5.62%,$0.18B,$3.03B,5.81%,$0.18B,$21.72B,0.87%,$0.29B,$7.03B,4.21%,$206,$38,$169,$0,$96,$134,$73,$0,$73,$28,$45,$45,$45,$0,$0,$298,302,$0.15,$0.15,$148,$0,$0,$17634,$176,$3418,$104,$167,$4085,$21718,$14426,$3894,$266,$4160,$18586,$4,$985,$-14,$3132,$21718,$90,$14,$26,$40,$-8,$0,$0,$10,$1,$131,$-11,$0,$0,$0,$-72,$-72,$-755,$-839,$631,$0,$631,$-257,$-257,$-39,$372,$707,$-1,$12,$-39
10,2016-03-31,10.94,$9.94,1.1,$2.41,4.54,$3.40,3.22,$0.57,19.2,$17.13B,$14.20B,1.21,$3.53B,$3.22B,1.1,$0.79B,$0.65B,81.88%,$0.79B,$0.29B,36.12%,$0.79B,0,0.00%,$0.79B,0,0.00%,$0.79B,$0.29B,36.12%,$0.79B,$0.18B,23.32%,$0.18B,$3.22B,5.53%,$0.18B,$3.11B,5.72%,$0.18B,$21.19B,0.89%,$0.29B,$6.74B,4.24%,$201,$38,$163,$0,$92,$130,$71,$0,$71,$26,$45,$45,$45,$0,$0,$309,313,$0.14,$0.14,$144,$0,$0,$17134,$174,$3389,$105,$169,$4056,$21190,$14201,$3528,$245,$3773,$17974,$4,$960,$-18,$3216,$21190,$45,$7,$21,$28,$-2,$0,$0,$-24,$-25,$47,$-5,$0,$0,$0,$-47,$-47,$-264,$-316,$265,$0,$265,$-136,$-136,$-20,$155,$264,$-5,$6,$-20
11,2015-12-31,11.63,$9.89,1.18,$2.30,5.06,$3.44,3.39,$0.55,21.15,$16.88B,$14.06B,1.2,$3.26B,$3.31B,0.99,$0.77B,$0.64B,82.38%,$0.77B,$0.28B,36.40%,$0.77B,0,0.00%,$0.77B,0,0.00%,$0.77B,$0.28B,36.40%,$0.77B,$0.18B,23.45%,$0.18B,$3.31B,5.31%,$0.18B,$3.21B,5.48%,$0.18B,$20.89B,0.90%,$0.28B,$6.58B,4.18%,$197,$37,$160,$0,$91,$128,$69,$0,$69,$24,$44,$44,$44,$0,$0,$330,333,$0.14,$0.14,$149,$0,$0,$16876,$173,$3327,$105,$170,$4013,$20889,$14064,$3263,$250,$3513,$17577,$4,$936,$-28,$3312,$20889,$182,$21,$31,$52,$343,$0,$0,$-41,$302,$536,$-26,$0,$0,$0,$-432,$-432,$-2128,$-2585,$507,$-10,$497,$-373,$-373,$-87,$1930,$1967,$-82,$15,$-87
12,2015-09-30,11.5,$9.87,1.17,$2.23,5.16,$2.61,4.41,$0.53,21.71,$16.38B,$13.34B,1.23,$3.36B,$3.36B,1.0,$0.76B,$0.63B,82.80%,$0.76B,$0.28B,36.64%,$0.76B,0,0.00%,$0.76B,0,0.00%,$0.76B,$0.28B,36.64%,$0.76B,$0.18B,23.81%,$0.18B,$3.36B,5.18%,$0.18B,$3.26B,5.34%,$0.18B,$20.33B,0.92%,$0.28B,$6.72B,4.16%,$198,$36,$163,$0,$91,$127,$72,$0,$72,$23,$49,$49,$49,$0,$0,$324,327,$0.15,$0.15,$162,$0,$0,$16383,$168,$3278,$107,$167,$3948,$20331,$13341,$3359,$269,$3628,$16969,$4,$909,$-18,$3362,$20331,$137,$17,$25,$42,$346,$0,$0,$-56,$285,$464,$-18,$0,$0,$0,$-366,$-366,$-1619,$-2003,$602,$-10,$592,$-298,$-298,$-70,$1245,$1470,$-69,$9,$-70
13,2015-06-30,11.41,$9.80,1.16,$2.13,5.35,$1.87,6.11,$0.49,23.29,$16.13B,$12.87B,1.25,$3.45B,$3.41B,1.01,$0.74B,$0.61B,83.13%,$0.74B,$0.27B,36.33%,$0.74B,0,0.00%,$0.74B,0,0.00%,$0.74B,$0.27B,36.33%,$0.74B,$0.17B,23.13%,$0.17B,$3.41B,4.83%,$0.17B,$3.30B,4.98%,$0.17B,$20.04B,0.89%,$0.27B,$6.86B,4.11%,$193,$33,$160,$0,$87,$120,$73,$0,$73,$27,$46,$46,$46,$0,$0,$333,336,$0.14,$0.14,$229,$0,$0,$16126,$168,$3224,$105,$176,$3912,$20037,$12873,$3446,$310,$3756,$16629,$4,$877,$-21,$3408,$20037,$88,$12,$9,$21,$-11,$0,$0,$38,$26,$135,$-13,$0,$0,$0,$-316,$-316,$-944,$-1273,$680,$0,$680,$-210,$-210,$-53,$719,$1135,$-2,$3,$-53
14,2015-03-31,10.83,$10.01,1.08,$2.06,5.26,$1.98,5.48,$0.39,27.76,$15.70B,$12.36B,1.27,$3.16B,$3.56B,0.89,$0.72B,$0.60B,83.24%,$0.72B,$0.22B,30.59%,$0.72B,0,0.00%,$0.72B,0,0.00%,$0.72B,$0.22B,30.59%,$0.72B,$0.14B,19.41%,$0.14B,$3.56B,3.91%,$0.14B,$3.45B,4.04%,$0.14B,$19.37B,0.76%,$0.22B,$6.72B,3.49%,$184,$31,$153,$0,$86,$117,$67,$0,$67,$25,$42,$42,$42,$0,$0,$344,347,$0.12,$0.12,$229,$0,$0,$15698,$165,$2996,$106,$174,$3667,$19365,$12357,$3162,$289,$3451,$15807,$4,$843,$-17,$3558,$19365,$42,$6,$11,$17,$-6,$0,$0,$14,$8,$67,$-7,$0,$0,$0,$-77,$-77,$-520,$-603,$396,$0,$396,$-33,$-33,$-36,$208,$534,$-2,$1,$-36
15,2014-12-31,10.28,$9.99,1.03,$2.02,5.09,$2.09,4.91,$0.37,27.94,$15.18B,$12.17B,1.25,$2.77B,$3.58B,0.77,$0.70B,$0.58B,83.07%,$0.70B,$0.21B,29.45%,$0.70B,0,0.00%,$0.70B,0,0.00%,$0.70B,$0.21B,29.45%,$0.70B,$0.13B,18.63%,$0.13B,$3.58B,4.35%,$0.13B,$3.47B,4.51%,$0.13B,$18.77B,0.74%,$0.21B,$6.34B,3.58%,$181,$31,$150,$0,$85,$116,$65,$0,$65,$22,$43,$43,$43,$0,$0,$344,348,$0.13,$0.13,$231,$0,$0,$15181,$161,$2914,$107,$180,$3593,$18774,$12172,$2766,$257,$3023,$15196,$4,$837,$-22,$3578,$18774,$132,$25,$48,$73,$27,$0,$0,$46,$72,$277,$-32,$0,$29,$0,$-1063,$-1063,$-1871,$-2937,$-508,$-98,$-606,$2150,$2150,$-43,$1138,$2640,$-20,$29,$-43
16,2014-09-30,9.24,$9.92,0.93,$2.04,4.52,$1.92,4.81,$0.34,27.02,$14.47B,$11.47B,1.26,$2.54B,$3.55B,0.72,$0.68B,$0.56B,82.96%,$0.68B,$0.19B,27.70%,$0.68B,0,0.00%,$0.68B,0,0.00%,$0.68B,$0.19B,27.70%,$0.68B,$0.12B,17.19%,$0.12B,$3.55B,4.74%,$0.12B,$3.44B,4.96%,$0.12B,$17.83B,0.69%,$0.19B,$6.09B,3.48%,$177,$29,$148,$0,$86,$115,$62,$0,$62,$23,$39,$39,$39,$0,$0,$343,347,$0.11,$0.11,$238,$0,$0,$14468,$157,$2701,$108,$176,$3365,$17833,$11472,$2537,$277,$2814,$14285,$4,$808,$-20,$3548,$17833,$89,$19,$45,$64,$28,$0,$0,$59,$88,$240,$-24,$0,$29,$0,$-853,$-853,$-1144,$-1993,$-738,$-98,$-836,$2149,$2149,$-28,$455,$1740,$-13,$27,$-28
17,2014-06-30,10.04,$9.85,1.02,$2.06,4.88,$1.84,5.47,$0.34,29.72,$14.11B,$11.25B,1.25,$2.43B,$3.52B,0.69,$0.65B,$0.53B,82.48%,$0.65B,$0.17B,26.36%,$0.65B,0,0.00%,$0.65B,0,0.00%,$0.65B,$0.17B,26.36%,$0.65B,$0.11B,16.43%,$0.11B,$3.52B,5.75%,$0.11B,$3.41B,6.10%,$0.11B,$17.46B,0.67%,$0.17B,$5.95B,3.34%,$174,$29,$145,$0,$120,$149,$25,$0,$25,$10,$15,$15,$15,$0,$0,$344,348,$0.04,$0.04,$301,$0,$0,$14106,$152,$2695,$109,$177,$3351,$17457,$11246,$2429,$262,$2691,$13938,$4,$783,$-18,$3519,$17457,$50,$13,$38,$52,$23,$0,$0,$56,$78,$180,$-15,$0,$29,$0,$-840,$-840,$-709,$-1535,$-845,$-98,$-943,$2145,$2145,$-14,$218,$1406,$51,$26,$-14
18,2014-03-31,9.85,$3.92,2.51,$2.07,4.76,$1.65,5.99,$0.40,24.63,$13.71B,$11.39B,1.2,$3.37B,$1.40B,2.42,$0.61B,$0.50B,81.73%,$0.61B,$0.19B,30.83%,$0.61B,0,0.00%,$0.61B,0,0.00%,$0.61B,$0.19B,30.83%,$0.61B,$0.12B,19.41%,$0.12B,$1.40B,9.61%,$0.12B,$1.29B,10.50%,$0.12B,$16.43B,0.80%,$0.19B,$4.77B,4.00%,$171,$29,$141,$0,$86,$116,$55,$0,$55,$21,$34,$34,$34,$0,$0,$344,348,$0.10,$0.10,$236,$0,$0,$13711,$146,$2062,$110,$187,$2715,$16426,$11391,$3373,$267,$3639,$15031,$1,$762,$-22,$1396,$16426,$34,$10,$19,$28,$-0,$0,$0,$44,$44,$107,$-6,$0,$18,$0,$-212,$-212,$-353,$-553,$0,$0,$0,$6,$6,$-7,$432,$431,$-15,$2,$-7
19,2013-12-31,9.12,$3.78,2.41,$2.08,4.38,$1.53,5.96,$0.40,22.8,$13.19B,$10.72B,1.23,$3.37B,$1.33B,2.52,$0.58B,$0.47B,81.10%,$0.58B,$0.18B,30.24%,$0.58B,0,0.00%,$0.58B,0,0.00%,$0.58B,$0.18B,30.24%,$0.58B,$0.11B,19.24%,$0.11B,$1.33B,9.65%,$0.11B,$1.23B,10.58%,$0.11B,$15.62B,0.81%,$0.18B,$4.70B,3.91%,$153,$28,$126,$0,$81,$109,$45,$0,$45,$17,$28,$28,$28,$0,$0,$280,283,$0.09,$0.09,$251,$0,$0,$13189,$138,$1795,$109,$176,$2434,$15623,$10719,$3367,$203,$3570,$14289,$2,$735,$-26,$1334,$15623,$112,$31,$35,$66,$21,$0,$0,$-23,$-2,$176,$-25,$0,$118,$0,$284,$284,$-1639,$-1261,$426,$143,$570,$9,$9,$-22,$625,$1181,$96,$6,$-22
20,2013-09-30,7.79,$3.94,1.98,$2.05,3.8,$1.72,4.54,$0.38,20.27,$11.60B,$8.64B,1.34,$3.80B,$1.13B,3.37,$0.57B,$0.46B,80.35%,$0.57B,$0.17B,29.30%,$0.57B,0,0.00%,$0.57B,0,0.00%,$0.57B,$0.17B,29.30%,$0.57B,$0.11B,18.42%,$0.11B,$1.13B,9.60%,$0.11B,$1.03B,10.56%,$0.11B,$13.81B,0.80%,$0.17B,$4.92B,3.91%,$147,$27,$120,$0,$75,$102,$45,$0,$45,$16,$29,$29,$29,$0,$0,$275,279,$0.11,$0.11,$168,$0,$0,$11597,$102,$1680,$100,$154,$2210,$13807,$8642,$3796,$242,$4038,$12681,$1,$713,$-24,$1127,$13807,$85,$21,$30,$51,$19,$0,$0,$13,$31,$167,$-17,$0,$0,$0,$-0,$-0,$-1110,$-1127,$940,$150,$1090,$3,$3,$-17,$-104,$973,$13,$5,$-17
21,2013-06-30,7.48,$3.84,1.95,$2.01,3.72,$1.74,4.31,$0.37,20.3,$11.14B,$8.67B,1.29,$3.40B,$1.10B,3.11,$0.56B,$0.44B,79.39%,$0.56B,$0.16B,29.03%,$0.56B,0,0.00%,$0.56B,0,0.00%,$0.56B,$0.16B,29.03%,$0.56B,$0.10B,17.92%,$0.10B,$1.10B,9.30%,$0.10B,$1.00B,10.14%,$0.10B,$13.35B,0.79%,$0.16B,$4.50B,4.16%,$142,$27,$114,$0,$71,$98,$44,$0,$44,$16,$28,$28,$28,$0,$0,$275,278,$0.10,$0.10,$155,$0,$0,$11135,$99,$1717,$100,$128,$2212,$13346,$8667,$3403,$181,$3584,$12250,$1,$689,$-25,$1096,$13346,$55,$18,$23,$40,$7,$0,$0,$-13,$-6,$90,$-12,$0,$0,$0,$-37,$-37,$-637,$-686,$647,$50,$697,$-0,$-0,$-11,$-90,$596,$0,$3,$-11
22,2013-03-31,6.65,$3.81,1.74,$1.99,3.34,$1.79,3.72,$0.35,18.84,$10.64B,$8.77B,1.21,$2.79B,$1.09B,2.57,$0.55B,$0.43B,78.36%,$0.55B,$0.16B,28.36%,$0.55B,0,0.00%,$0.55B,0,0.00%,$0.55B,$0.16B,28.36%,$0.55B,$0.10B,17.45%,$0.10B,$1.09B,9.08%,$0.10B,$0.99B,9.81%,$0.10B,$12.84B,0.79%,$0.16B,$3.88B,4.32%,$140,$27,$112,$0,$70,$97,$42,$0,$42,$15,$27,$27,$27,$0,$0,$274,277,$0.10,$0.10,$120,$0,$0,$10644,$96,$1721,$99,$129,$2197,$12841,$8774,$2792,$188,$2980,$11754,$1,$667,$-10,$1087,$12841,$27,$8,$13,$21,$13,$0,$0,$-7,$6,$54,$-6,$0,$0,$0,$-11,$-11,$-173,$-190,$141,$-55,$86,$-1,$-1,$-6,$21,$101,$-35,$1,$-6
23,2012-12-31,6.28,$3.74,1.68,$1.96,3.2,$1.84,3.41,$0.33,19.28,$10.54B,$8.77B,1.2,$2.71B,$1.07B,2.54,$0.54B,$0.42B,76.94%,$0.54B,$0.15B,26.75%,$0.54B,0,0.00%,$0.54B,0,0.00%,$0.54B,$0.15B,26.75%,$0.54B,$0.09B,16.24%,$0.09B,$1.07B,8.51%,$0.09B,$0.97B,9.10%,$0.09B,$12.72B,0.75%,$0.15B,$3.77B,4.19%,$141,$29,$112,$0,$76,$105,$36,$0,$36,$14,$21,$21,$21,$0,$0,$274,276,$0.07,$0.07,$155,$0,$0,$10535,$91,$1716,$99,$131,$2187,$12723,$8769,$2706,$181,$2887,$11656,$1,$645,$-8,$1067,$12723,$89,$31,$57,$88,$-12,$0,$0,$60,$48,$225,$-25,$0,$141,$0,$-112,$-112,$-845,$-841,$632,$-195,$437,$-1,$-1,$-6,$251,$682,$65,$6,$-6
24,2012-09-30,6.42,$3.67,1.75,$1.92,3.34,$1.81,3.55,$0.33,19.73,$9.50B,$7.89B,1.2,$2.36B,$1.05B,2.25,$0.53B,$0.40B,75.14%,$0.53B,$0.14B,26.93%,$0.53B,0,0.00%,$0.53B,0,0.00%,$0.53B,$0.14B,26.93%,$0.53B,$0.09B,16.57%,$0.09B,$1.05B,8.72%,$0.09B,$0.99B,9.20%,$0.09B,$11.48B,0.78%,$0.14B,$3.41B,4.30%,$135,$30,$105,$0,$64,$94,$40,$0,$40,$16,$24,$24,$24,$0,$0,$274,276,$0.09,$0.09,$120,$0,$0,$9495,$79,$1580,$56,$134,$1985,$11480,$7892,$2361,$178,$2539,$10432,$1,$623,$-3,$1049,$11480,$67,$23,$46,$68,$-10,$0,$0,$47,$37,$172,$-18,$0,$28,$0,$-16,$-16,$-390,$-396,$187,$-90,$97,$-1,$-1,$0,$157,$254,$30,$4,$0
25,2012-06-30,5.31,$3.59,1.48,$1.90,2.79,$1.73,3.07,$0.31,17.15,$9.37B,$7.90B,1.19,$2.37B,$1.03B,2.31,$0.52B,$0.39B,73.47%,$0.52B,$0.14B,25.76%,$0.52B,0,0.00%,$0.52B,0,0.00%,$0.52B,$0.14B,25.76%,$0.52B,$0.08B,16.03%,$0.08B,$1.03B,8.53%,$0.08B,$0.97B,8.96%,$0.08B,$11.48B,0.76%,$0.14B,$3.39B,4.13%,$134,$31,$102,$0,$64,$95,$38,$0,$38,$14,$24,$24,$24,$0,$0,$274,274,$0.09,$0.09,$112,$0,$0,$9366,$76,$1675,$57,$172,$2115,$11482,$7903,$2366,$188,$2554,$10457,$1,$605,$-6,$1025,$11482,$43,$14,$32,$45,$-14,$0,$0,$30,$16,$105,$-13,$0,$28,$0,$-113,$-113,$-247,$-345,$192,$-90,$102,$-1,$-1,$0,$162,$263,$22,$3,$0
26,2012-03-31,5.29,$3.49,1.51,$1.87,2.84,$1.74,3.03,$0.29,18.02,$9.18B,$7.80B,1.18,$2.28B,$1.00B,2.29,$0.52B,$0.37B,72.23%,$0.52B,$0.13B,24.66%,$0.52B,0,0.00%,$0.52B,0,0.00%,$0.52B,$0.13B,24.66%,$0.52B,$0.08B,15.53%,$0.08B,$1.00B,8.30%,$0.08B,$0.94B,8.69%,$0.08B,$11.26B,0.75%,$0.13B,$3.28B,3.92%,$132,$33,$98,$0,$67,$101,$31,$0,$31,$12,$19,$19,$19,$0,$0,$274,274,$0.07,$0.07,$104,$0,$0,$9183,$69,$1659,$56,$158,$2080,$11263,$7801,$2279,$187,$2466,$10266,$1,$581,$-9,$996,$11263,$19,$6,$12,$18,$-9,$0,$0,$39,$30,$68,$-5,$0,$28,$0,$-98,$-98,$-53,$-129,$105,$-90,$15,$-1,$-1,$0,$60,$75,$14,$1,$0
27,2011-12-31,4.75,$3.42,1.39,$1.82,2.61,$1.75,2.71,$0.29,16.2,$8.94B,$7.36B,1.22,$2.26B,$0.97B,2.33,$0.50B,$0.36B,71.23%,$0.50B,$0.13B,24.80%,$0.50B,0,0.00%,$0.50B,0,0.00%,$0.50B,$0.13B,24.80%,$0.50B,$0.08B,15.67%,$0.08B,$0.97B,8.36%,$0.08B,$0.93B,8.73%,$0.08B,$10.70B,0.77%,$0.13B,$3.22B,3.94%,$130,$36,$94,$0,$60,$96,$34,$0,$34,$13,$21,$21,$21,$0,$0,$275,276,$0.08,$0.08,$90,$0,$0,$8943,$61,$1388,$39,$137,$1758,$10702,$7362,$2255,$117,$2372,$9734,$1,$562,$-11,$967,$10702,$79,$21,$72,$93,$17,$0,$0,$12,$29,$200,$-11,$0,$-65,$0,$-215,$-215,$-954,$-1244,$679,$-250,$429,$-32,$-32,$0,$661,$1057,$14,$11,$0
28,2011-09-30,4.45,$3.35,1.33,$1.78,2.49,$1.61,2.76,$0.27,16.2,$8.93B,$7.21B,1.24,$2.24B,$0.95B,2.36,$0.50B,$0.35B,70.16%,$0.50B,$0.12B,23.59%,$0.50B,0,0.00%,$0.50B,0,0.00%,$0.50B,$0.12B,23.59%,$0.50B,$0.08B,15.12%,$0.08B,$0.95B,8.08%,$0.08B,$0.91B,8.44%,$0.08B,$10.51B,0.75%,$0.12B,$3.19B,3.84%,$128,$36,$91,$0,$59,$95,$32,$0,$32,$12,$20,$20,$20,$0,$0,$274,275,$0.08,$0.08,$88,$0,$0,$8933,$59,$1218,$39,$132,$1578,$10511,$7214,$2242,$104,$2346,$9560,$1,$541,$-11,$952,$10511,$58,$15,$52,$67,$12,$0,$0,$2,$14,$139,$-8,$0,$-65,$0,$-45,$-45,$-915,$-1032,$665,$-250,$415,$-25,$-25,$0,$515,$905,$12,$9,$0
29,2011-06-30,5.0,$3.27,1.53,$1.73,2.88,$1.56,3.21,$0.26,19.23,$8.63B,$6.83B,1.27,$2.34B,$0.94B,2.49,$0.48B,$0.33B,69.01%,$0.48B,$0.11B,23.14%,$0.48B,0,0.00%,$0.48B,0,0.00%,$0.48B,$0.11B,23.14%,$0.48B,$0.07B,14.88%,$0.07B,$0.94B,7.88%,$0.07B,$0.90B,8.22%,$0.07B,$10.21B,0.75%,$0.11B,$3.28B,3.82%,$125,$36,$89,$0,$58,$95,$30,$0,$30,$11,$20,$20,$20,$0,$0,$277,277,$0.07,$0.07,$93,$0,$0,$8633,$59,$1212,$39,$131,$1573,$10206,$6827,$2336,$104,$2440,$9267,$1,$521,$-17,$940,$10206,$38,$10,$34,$43,$15,$0,$0,$5,$20,$102,$-5,$0,$-65,$0,$-47,$-47,$-592,$-710,$759,$-250,$509,$-9,$-9,$0,$125,$625,$17,$6,$0
30,2011-03-31,5.25,$3.18,1.65,$1.67,3.13,$1.49,3.53,$0.24,21.87,$8.29B,$6.73B,1.23,$2.07B,$0.92B,2.25,$0.47B,$0.31B,66.95%,$0.47B,$0.11B,22.39%,$0.47B,0,0.00%,$0.47B,0,0.00%,$0.47B,$0.11B,22.39%,$0.47B,$0.07B,14.29%,$0.07B,$0.92B,7.43%,$0.07B,$0.88B,7.74%,$0.07B,$9.83B,0.72%,$0.11B,$2.99B,3.76%,$121,$36,$85,$0,$56,$92,$29,$0,$29,$11,$18,$18,$18,$0,$0,$277,277,$0.07,$0.07,$78,$0,$0,$8285,$58,$1173,$40,$139,$1540,$9825,$6728,$2067,$111,$2178,$8906,$1,$501,$-21,$919,$9825,$18,$5,$18,$23,$20,$0,$0,$7,$27,$68,$-3,$0,$0,$0,$-14,$-14,$-247,$-263,$240,$0,$240,$-2,$-2,$0,$-42,$196,$1,$3,$0
31,2010-12-31,4.62,$3.13,1.47,$1.62,2.85,$1.46,3.17,$0.22,21.0,$8.07B,$6.78B,1.19,$1.83B,$0.90B,2.03,$0.46B,$0.30B,64.84%,$0.46B,$0.10B,21.54%,$0.46B,0,0.00%,$0.46B,0,0.00%,$0.46B,$0.10B,21.54%,$0.46B,$0.06B,13.63%,$0.06B,$0.90B,6.98%,$0.06B,$0.86B,7.25%,$0.06B,$9.60B,0.69%,$0.10B,$2.73B,3.62%,$122,$38,$83,$0,$57,$95,$26,$0,$26,$9,$17,$17,$17,$0,$0,$280,280,$0.06,$0.06,$76,$0,$0,$8070,$57,$1162,$39,$147,$1533,$9602,$6775,$1827,$99,$1926,$8701,$1,$483,$-20,$901,$9602,$62,$19,$59,$78,$-11,$0,$0,$34,$23,$163,$-10,$0,$629,$0,$91,$91,$-1378,$-669,$476,$-250,$226,$-24,$-24,$0,$306,$508,$3,$11,$0
32,2010-09-30,4.17,$3.09,1.35,$1.56,2.67,$1.06,3.91,$0.20,20.84,$7.54B,$6.11B,1.23,$1.85B,$0.90B,2.06,$0.44B,$0.27B,62.39%,$0.44B,$0.09B,20.87%,$0.44B,0,0.00%,$0.44B,0,0.00%,$0.44B,$0.09B,20.87%,$0.44B,$0.06B,13.07%,$0.06B,$0.90B,6.51%,$0.06B,$0.86B,6.75%,$0.06B,$8.95B,0.65%,$0.09B,$2.75B,3.45%,$116,$39,$77,$0,$51,$90,$27,$0,$27,$10,$17,$17,$17,$0,$0,$280,281,$0.06,$0.06,$62,$0,$0,$7543,$54,$1053,$33,$146,$1409,$8951,$6112,$1850,$94,$1943,$8055,$1,$466,$-16,$896,$8951,$45,$12,$44,$57,$-0,$0,$0,$26,$26,$128,$-8,$0,$0,$0,$209,$209,$-854,$-653,$449,$-200,$249,$-14,$-14,$0,$278,$513,$-11,$9,$0
33,2010-06-30,4.62,$3.04,1.52,$1.52,3.04,$0.92,5.02,$0.18,25.66,$7.35B,$6.06B,1.21,$1.83B,$0.89B,2.05,$0.42B,$0.25B,59.43%,$0.42B,$0.08B,19.34%,$0.42B,0,0.00%,$0.42B,0,0.00%,$0.42B,$0.08B,19.34%,$0.42B,$0.05B,11.79%,$0.05B,$0.89B,5.81%,$0.05B,$0.86B,6.02%,$0.05B,$8.87B,0.58%,$0.08B,$2.72B,3.18%,$110,$41,$69,$0,$46,$87,$23,$0,$23,$8,$15,$15,$15,$0,$0,$281,282,$0.06,$0.06,$100,$0,$0,$7346,$53,$1168,$32,$148,$1520,$8866,$6056,$1826,$95,$1920,$7976,$1,$450,$-17,$890,$8866,$29,$6,$27,$33,$-8,$0,$0,$29,$21,$82,$-4,$0,$0,$0,$95,$95,$-591,$-501,$350,$-125,$225,$-1,$-1,$0,$221,$445,$26,$6,$0
34,2010-03-31,4.65,$2.96,1.57,$1.48,3.14,$0.67,6.98,$0.15,31.07,$7.15B,$6.01B,1.19,$1.78B,$0.87B,2.05,$0.41B,$0.23B,55.85%,$0.41B,$0.07B,16.83%,$0.41B,0,0.00%,$0.41B,0,0.00%,$0.41B,$0.07B,16.83%,$0.41B,$0.04B,9.76%,$0.04B,$0.87B,4.75%,$0.04B,$0.84B,4.91%,$0.04B,$8.75B,0.48%,$0.07B,$2.64B,2.72%,$107,$41,$66,$0,$43,$85,$22,$0,$22,$9,$13,$13,$13,$0,$0,$281,281,$0.05,$0.05,$285,$0,$0,$7145,$51,$1255,$31,$149,$1604,$8749,$6013,$1776,$92,$1868,$7881,$1,$435,$-20,$868,$8749,$13,$5,$13,$18,$4,$0,$0,$26,$29,$60,$-2,$0,$0,$0,$2,$2,$-200,$-200,$250,$-75,$175,$-1,$-1,$0,$176,$351,$211,$3,$0
35,2009-12-31,3.85,$2.91,1.32,$1.46,2.63,$0.47,8.15,$0.13,30.31,$6.75B,$5.84B,1.16,$1.60B,$0.85B,1.88,$0.40B,$0.21B,52.13%,$0.40B,$0.06B,14.79%,$0.40B,0,0.00%,$0.40B,0,0.00%,$0.40B,$0.06B,14.79%,$0.40B,$0.03B,8.52%,$0.03B,$0.85B,4.16%,$0.03B,$0.82B,4.27%,$0.03B,$8.36B,0.42%,$0.06B,$2.45B,2.36%,$103,$43,$60,$0,$41,$84,$19,$0,$19,$7,$12,$12,$12,$0,$0,$274,274,$0.04,$0.04,$74,$0,$0,$6753,$49,$1255,$32,$152,$1605,$8358,$5841,$1601,$66,$1667,$7508,$1,$422,$-22,$850,$8358,$35,$16,$49,$65,$-5,$0,$0,$-43,$-48,$52,$-9,$0,$217,$0,$105,$105,$-575,$-262,$-445,$-160,$-605,$-6,$-6,$0,$868,$258,$47,$13,$0
36,2009-09-30,3.74,$2.85,1.31,$1.09,3.44,$0.41,9.15,$-0.23,0.0,$6.69B,$5.63B,1.19,$1.66B,$0.83B,1.99,$0.30B,$0.10B,32.43%,$0.30B,$-0.03B,-8.78%,$0.30B,0,0.00%,$0.30B,0,0.00%,$0.30B,$-0.10B,-33.78%,$0.30B,$-0.06B,-20.61%,$-0.06B,$0.83B,-7.69%,$-0.06B,$0.81B,-7.82%,$-0.06B,$8.22B,-0.79%,$-0.03B,$2.49B,-0.99%,$104,$47,$57,$0,$39,$86,$18,$0,$18,$7,$10,$10,$10,$0,$0,$280,280,$0.04,$0.04,$308,$0,$0,$6688,$46,$1218,$27,$118,$1527,$8216,$5629,$1661,$92,$1753,$7382,$1,$410,$-24,$833,$8216,$23,$10,$37,$47,$6,$0,$0,$12,$16,$86,$-7,$0,$-4,$0,$144,$144,$-272,$-139,$-495,$-50,$-545,$-5,$-5,$0,$885,$335,$281,$9,$0
37,2009-06-30,3.24,$2.80,1.16,$1.04,3.13,$0.15,21.1,$-0.25,0.0,$6.56B,$5.51B,1.19,$1.73B,$0.82B,2.11,$0.28B,$0.08B,27.44%,$0.28B,$-0.04B,-12.64%,$0.28B,0,0.00%,$0.28B,0,0.00%,$0.28B,$-0.11B,-39.35%,$0.28B,$-0.07B,-23.83%,$-0.07B,$0.82B,-8.31%,$-0.07B,$0.79B,-8.38%,$-0.07B,$8.14B,-0.89%,$-0.04B,$2.55B,-1.28%,$96,$50,$46,$0,$36,$86,$10,$0,$10,$4,$5,$5,$5,$0,$0,$271,271,$0.02,$0.02,$318,$0,$0,$6560,$44,$1273,$26,$114,$1577,$8136,$5506,$1731,$81,$1811,$7317,$1,$400,$-27,$819,$8136,$13,$6,$25,$31,$-38,$0,$0,$7,$-33,$11,$-4,$0,$-4,$0,$85,$85,$-76,$1,$-425,$-47,$-472,$-3,$-3,$0,$755,$280,$291,$7,$0
38,2009-03-31,2.98,$2.76,1.08,$0.68,4.37,$0.13,22.92,$-0.27,0.0,$5.95B,$4.77B,1.25,$1.76B,$0.77B,2.29,$0.18B,$0.03B,16.57%,$0.18B,$-0.05B,-24.86%,$0.18B,0,0.00%,$0.18B,0,0.00%,$0.18B,$-0.12B,-65.75%,$0.18B,$-0.07B,-39.23%,$-0.07B,$0.77B,-8.91%,$-0.07B,$0.77B,-8.91%,$-0.07B,$7.37B,-1.01%,$-0.05B,$2.52B,-1.67%,$96,$52,$45,$0,$32,$84,$12,$0,$12,$5,$7,$7,$7,$0,$0,$266,266,$0.03,$0.03,$322,$0,$0,$5953,$35,$1167,$0,$104,$1414,$7367,$4770,$1756,$74,$1830,$6600,$1,$416,$-7,$767,$7367,$7,$2,$11,$13,$-20,$0,$0,$5,$-15,$6,$-2,$0,$0,$0,$84,$84,$47,$129,$-353,$-25,$-378,$0,$0,$0,$539,$161,$296,$4,$0
39,2008-12-31,4.73,$2.71,1.74,$0.62,7.61,$0.18,25.98,$-0.27,0.0,$5.70B,$4.23B,1.35,$2.13B,$0.75B,2.83,$0.17B,$0.01B,8.48%,$0.17B,$-0.05B,-30.30%,$0.17B,0,0.00%,$0.17B,0,0.00%,$0.17B,$-0.12B,-75.15%,$0.17B,$-0.07B,-44.24%,$-0.07B,$0.75B,-9.02%,$-0.07B,$0.75B,-9.02%,$-0.07B,$7.18B,-1.10%,$-0.05B,$2.89B,-1.96%,$0,$52,$-52,$0,$15,$66,$-66,$0,$-140,$-57,$0,$0,$-83,$0,$0,$265,265,$-0.31,$0.00,$27,$0,$0,$5695,$34,$1246,$0,$101,$1489,$7184,$4233,$2134,$64,$2197,$6430,$1,$409,$-9,$754,$7184,$-77,$3,$111,$114,$-12,$0,$0,$5,$-8,$28,$-5,$0,$0,$0,$111,$111,$-962,$-856,$660,$-90,$570,$-1,$-1,$0,$263,$832,$4,$6,$0
40,2008-09-30,5.3,$3.01,1.76,$0.62,8.53,$0.11,47.4,$0.05,96.52,$5.38B,$4.00B,1.35,$2.13B,$0.84B,2.55,$0.17B,$0.01B,7.27%,$0.17B,$-0.05B,-27.88%,$0.17B,0,0.00%,$0.17B,0,0.00%,$0.17B,$0.02B,13.33%,$0.17B,$0.01B,8.48%,$0.01B,$0.84B,1.70%,$0.01B,$0.84B,1.70%,$0.01B,$7.04B,0.22%,$-0.05B,$2.97B,-1.97%,$85,$49,$37,$0,$27,$76,$9,$0,$9,$4,$5,$5,$5,$0,$0,$265,265,$0.02,$0.02,$21,$0,$0,$5384,$32,$1476,$0,$101,$1653,$7037,$4002,$2131,$68,$2199,$6201,$1,$492,$-7,$836,$7037,$5,$1,$10,$11,$-15,$0,$0,$8,$-7,$10,$-3,$0,$0,$0,$37,$37,$-647,$-612,$662,$-95,$567,$0,$0,$0,$33,$600,$-2,$3,$0
41,2008-06-30,4.6,$0.00,0.0,$0.59,7.85,$0.08,58.58,$0.05,97.63,$4.73B,$3.97B,1.19,$1.56B,$0.83B,1.89,$0.16B,$-0.00B,-0.63%,$0.16B,$-0.05B,-32.28%,$0.16B,0,0.00%,$0.16B,0,0.00%,$0.16B,$0.02B,10.76%,$0.16B,$0.01B,6.96%,$0.01B,$0.83B,1.33%,$0.01B,$0.83B,1.33%,$0.01B,$6.42B,0.18%,$-0.05B,$2.39B,-2.42%,$0,$0,$0,$0,$0,$0,$0,$0,$0,$0,$0,$0,$0,$0,$0,$0,0,$0.00,$0.00,$23,$0,$0,$4731,$30,$1519,$0,$99,$1689,$6419,$3970,$1564,$57,$1620,$5591,$1,$486,$-6,$829,$6419,$0,$0,$0,$0,$0,$0,$0,$0,$0,$0,$0,$0,$0,$0,$0,$0,$0,$0,$0,$0,$0,$0,$0,$0,$0,$0,$0,$0,$0
42,2008-03-31,5.4,$2.97,1.82,$0.59,9.23,$0.08,68.85,$0.05,114.75,$4.20B,$3.89B,1.08,$1.16B,$0.82B,1.41,$0.16B,$-0.00B,-0.63%,$0.16B,$-0.05B,-32.28%,$0.16B,0,0.00%,$0.16B,0,0.00%,$0.16B,$0.02B,10.76%,$0.16B,$0.01B,6.96%,$0.01B,$0.82B,1.33%,$0.01B,$0.82B,1.33%,$0.01B,$5.92B,0.19%,$-0.05B,$1.98B,-2.57%,$80,$51,$29,$0,$22,$73,$7,$0,$7,$3,$5,$5,$5,$0,$0,$267,267,$0.02,$0.02,$91,$0,$0,$4202,$28,$1558,$0,$92,$1717,$5919,$3888,$1156,$56,$1211,$5099,$1,$466,$-3,$820,$5919,$11,$4,$10,$15,$-5,$0,$0,$0,$-5,$20,$-3,$0,$0,$0,$262,$262,$-490,$-231,$-233,$350,$117,$-48,$-48,$0,$217,$286,$75,$9,$0
43,2007-12-31,4.98,$2.96,1.68,$0.54,9.22,$0.02,205.73,$0.04,126.68,$4.05B,$3.79B,1.07,$1.21B,$0.82B,1.48,$0.15B,$-0.01B,-4.70%,$0.15B,$-0.05B,-36.24%,$0.15B,0,0.00%,$0.15B,0,0.00%,$0.15B,$0.01B,9.40%,$0.15B,$0.01B,6.04%,$0.01B,$0.82B,1.07%,$0.01B,$0.82B,1.07%,$0.01B,$5.87B,0.16%,$-0.05B,$2.03B,-2.77%,$0,$54,$-54,$0,$8,$62,$-62,$0,$6,$2,$0,$0,$4,$0,$0,$270,271,$0.01,$0.01,$15,$0,$0,$4045,$28,$1672,$0,$92,$1828,$5873,$3794,$1211,$50,$1262,$5056,$1,$461,$-3,$818,$5873,$6,$3,$8,$10,$-6,$0,$0,$-3,$-9,$7,$-2,$0,$0,$0,$143,$143,$-408,$-267,$-144,$317,$172,$-42,$-42,$0,$124,$254,$-6,$6,$0
44,2007-09-30,4.99,$2.97,1.68,$0.54,9.23,$0.03,177.43,$0.07,74.75,$3.92B,$3.73B,1.05,$1.21B,$0.83B,1.45,$0.15B,$-0.00B,-1.34%,$0.15B,$-0.05B,-30.87%,$0.15B,0,0.00%,$0.15B,0,0.00%,$0.15B,$0.01B,5.37%,$0.15B,$0.02B,11.41%,$0.02B,$0.83B,1.98%,$0.02B,$0.83B,1.98%,$0.02B,$5.83B,0.30%,$-0.05B,$2.04B,-2.38%,$78,$54,$24,$0,$20,$74,$4,$0,$4,$1,$2,$2,$2,$0,$0,$272,273,$0.01,$0.01,$24,$0,$0,$3922,$27,$1749,$0,$90,$1906,$5828,$3728,$1210,$57,$1267,$4996,$1,$457,$-6,$832,$5828,$2,$1,$2,$3,$-8,$0,$0,$2,$-7,$-1,$-1,$0,$0,$0,$59,$59,$-272,$-214,$-233,$405,$171,$-18,$-18,$0,$61,$215,$0,$3,$0
45,2007-06-30,4.73,$0.00,0.0,$0.50,9.43,$0.03,162.5,$0.07,66.98,$3.64B,$3.67B,0.99,$1.04B,$0.84B,1.23,$0.14B,$-0.00B,-1.41%,$0.14B,$-0.04B,-30.28%,$0.14B,0,0.00%,$0.14B,0,0.00%,$0.14B,$0.01B,7.75%,$0.14B,$0.02B,13.38%,$0.02B,$0.84B,2.16%,$0.02B,$0.84B,2.16%,$0.02B,$5.60B,0.34%,$-0.04B,$1.88B,-2.18%,$0,$0,$0,$0,$0,$0,$0,$0,$0,$0,$0,$0,$0,$0,$0,$0,0,$0.00,$0.00,$25,$0,$0,$3642,$27,$1804,$0,$89,$1959,$5601,$3665,$1039,$54,$1093,$4758,$1,$454,$-7,$843,$5601,$0,$0,$0,$0,$0,$0,$0,$0,$0,$0,$0,$0,$0,$0,$0,$0,$0,$0,$0,$0,$0,$0,$0,$0,$0,$0,$0,$0,$0
46,2007-03-31,5.08,$3.00,1.7,$0.50,10.14,$0.03,174.72,$0.07,72.02,$3.44B,$3.58B,0.96,$0.99B,$0.86B,1.15,$0.14B,$-0.00B,-1.41%,$0.14B,$-0.04B,-30.28%,$0.14B,0,0.00%,$0.14B,0,0.00%,$0.14B,$0.01B,7.75%,$0.14B,$0.02B,13.38%,$0.02B,$0.86B,2.12%,$0.02B,$0.86B,2.12%,$0.02B,$5.48B,0.34%,$-0.04B,$1.86B,-2.11%,$71,$48,$23,$0,$19,$67,$4,$0,$4,$1,$3,$3,$3,$0,$0,$278,279,$0.01,$0.01,$25,$0,$0,$3443,$27,$1888,$0,$89,$2041,$5484,$3584,$991,$45,$1036,$4620,$1,$451,$-3,$864,$5484,$19,$5,$-7,$-3,$-8,$0,$0,$-5,$-12,$4,$-1,$0,$0,$0,$459,$459,$-430,$27,$35,$-290,$-255,$-74,$-74,$0,$283,$-46,$-15,$5,$0
47,2006-12-31,5.54,$3.05,1.82,$0.47,11.84,$0.09,64.78,$0.09,64.18,$3.34B,$3.45B,0.97,$1.05B,$0.90B,1.16,$0.13B,$0.00B,2.99%,$0.13B,$-0.04B,-26.12%,$0.13B,0,0.00%,$0.13B,0,0.00%,$0.13B,$0.02B,14.18%,$0.13B,$0.02B,17.91%,$0.02B,$0.90B,2.66%,$0.02B,$0.90B,2.66%,$0.02B,$5.45B,0.44%,$-0.04B,$1.95B,-1.70%,$0,$49,$-49,$0,$5,$54,$-54,$0,$0,$-12,$0,$0,$12,$0,$0,$283,283,$0.04,$0.04,$36,$0,$0,$3337,$27,$1960,$0,$88,$2110,$5447,$3451,$1047,$48,$1095,$4546,$1,$448,$-4,$901,$5447,$16,$3,$-8,$-4,$-4,$0,$0,$-1,$-5,$7,$-1,$0,$0,$0,$386,$386,$-315,$70,$26,$-225,$-199,$-31,$-31,$0,$148,$-81,$-3,$2,$0
