,Date,Stock Price,Book Value per Share,Price to Book Ratio,TTM Sales per Share,Price to Sales Ratio,TTM FCF per Share,Price to FCF Ratio,TTM Net EPS,PE Ratio,Current Assets,Current Liabilities,Current Ratio,Long Term Debt,Shareholder's Equity_x,Debt to Equity Ratio,TTM Revenue_x,TTM Gross Profit,Gross Margin,TTM Revenue_y,TTM Operating Income,Operating Margin,TTM Revenue_x,TTM EBIT,EBIT Margin,TTM Revenue_y,TTM EBITDA,EBITDA Margin,TTM Revenue_x,TTM Pre-Tax Income,Pre-Tax Margin,TTM Revenue_y,TTM Net Income_x,Net Margin,TTM Net Income_y,Shareholder's Equity_y,Return on Equity,TTM Net Income_x,Tangible Equity,Return on Tangible Equity,TTM Net Income_y,Total Assets,Return on Assets,TTM Net Income,LT Investments & Debt,Return on Investment,revenue,cost-goods-sold,gross-profit,research-development-expenses,selling-general-administrative-expenses,operating-expenses,operating-income,total-non-operating-income-expense,pre-tax-income,total-provision-income-taxes,income-after-taxes,income-from-continuous-operations,net-income,ebitda,ebit,basic-shares-outstanding,shares-outstanding,eps-basic-net-earnings-per-share,eps-earnings-per-share-diluted,cash-on-hand,inventory,other-current-assets,total-current-assets,net-property-plant-equipment,long-term-investments,goodwill-intangible-assets-total,other-long-term-assets,total-long-term-assets,total-assets,total-current-liabilities,long-term-debt,other-non-current-liabilities,total-long-term-liabilities,total-liabilities,common-stock-net,retained-earnings-accumulated-deficit,comprehensive-income,total-share-holder-equity,total-liabilities-share-holders-equity,net-income-loss,total-depreciation-amortization-cash-flow,other-non-cash-items,total-non-cash-items,change-in-accounts-receivable,change-in-inventories,change-in-accounts-payable,change-in-assets-liabilities,total-change-in-assets-liabilities,cash-flow-from-operating-activities,net-change-in-property-plant-equipment,net-change-in-intangible-assets,net-acquisitions-divestitures,net-change-in-short-term-investments,net-change-in-long-term-investments,net-change-in-investments-total,investing-activities-other,cash-flow-from-investing-activities,net-long-term-debt,net-current-debt,debt-issuance-retirement-net-total,net-common-equity-issued-repurchased,net-total-equity-issued-repurchased,total-common-preferred-stock-dividends-paid,financial-activities-other,cash-flow-from-financial-activities,net-cash-flow,stock-based-compensation,common-stock-dividends-paid
0,2018-09-30,574.0,$55.07,10.42,$30.17,19.02,$19.70,29.13,$6.69,85.8,$4.25B,$0.70B,6.05,$0.00B,$6.29B,0.0,$3.56B,$2.49B,70.04%,$3.56B,$1.19B,33.36%,$3.56B,$1.19B,33.36%,$3.56B,$1.32B,37.15%,$3.56B,$1.25B,35.21%,$3.56B,$0.79B,22.30%,$0.79B,$6.29B,14.15%,$0.79B,$5.82B,15.31%,$0.79B,$7.32B,12.04%,$1.19B,$6.29B,21.17%,$921,$279,$642,$108,$221,$608,$313,$22,$335,$43,$292,$292,$293,$347,$313,$114,119,$2.57,$2.45,$3136,$370,$0,$4253,$746,$1435,$474,$0,$3066,$7319,$703,$0,$327,$327,$1030,$0,$1234,$-17,$6289,$7319,$834,$94,$246,$341,$-65,$-206,$13,$-64,$-343,$832,$-132,$0,$-60,$0,$-371,$-371,$0,$-563,$0,$0,$0,$200,$200,$0,$-107,$93,$360,$191,$0
1,2018-06-30,478.48,$51.62,9.27,$29.36,16.3,$19.42,24.64,$6.79,70.47,$3.99B,$0.67B,5.98,$0.00B,$5.87B,0.0,$3.45B,$2.42B,70.19%,$3.45B,$1.16B,33.53%,$3.45B,$1.16B,33.53%,$3.45B,$1.28B,37.24%,$3.45B,$1.21B,35.09%,$3.45B,$0.80B,23.20%,$0.80B,$5.87B,15.16%,$0.80B,$5.44B,16.39%,$0.80B,$6.85B,12.96%,$1.16B,$5.87B,21.90%,$909,$277,$632,$95,$260,$632,$277,$18,$296,$41,$255,$255,$255,$305,$277,$114,119,$2.25,$2.15,$2933,$332,$0,$3986,$689,$1327,$432,$0,$2864,$6850,$666,$0,$314,$314,$980,$0,$948,$-16,$5869,$6850,$542,$61,$174,$235,$-17,$-134,$14,$-89,$-265,$512,$-85,$0,$-38,$0,$132,$132,$0,$9,$0,$0,$0,$135,$135,$0,$-100,$35,$555,$121,$0
2,2018-03-31,412.83,$48.60,8.49,$28.27,14.6,$18.85,21.9,$6.56,62.9,$3.38B,$0.58B,5.82,$0.00B,$5.51B,0.0,$3.30B,$2.32B,70.29%,$3.30B,$1.14B,34.54%,$3.30B,$1.14B,34.54%,$3.30B,$1.26B,38.20%,$3.30B,$1.18B,35.90%,$3.30B,$0.77B,23.29%,$0.77B,$5.51B,15.54%,$0.77B,$5.10B,16.82%,$0.77B,$6.43B,13.30%,$1.14B,$5.51B,23.05%,$848,$254,$594,$96,$222,$571,$277,$13,$290,$3,$287,$287,$288,$310,$277,$113,118,$2.55,$2.44,$2517,$284,$0,$3382,$662,$1551,$405,$0,$3045,$6426,$581,$0,$339,$339,$920,$0,$698,$-18,$5506,$6426,$287,$34,$95,$129,$33,$-66,$8,$-47,$-136,$280,$-40,$0,$0,$0,$94,$94,$0,$54,$0,$0,$0,$86,$86,$0,$-95,$-8,$327,$58,$0
3,2017-12-31,364.94,$42.57,8.57,$26.98,13.53,$18.45,19.78,$5.68,64.25,$2.81B,$0.66B,4.24,$0.00B,$4.78B,0.0,$3.13B,$2.19B,70.10%,$3.13B,$1.06B,33.71%,$3.13B,$1.06B,33.71%,$3.13B,$1.18B,37.54%,$3.13B,$1.10B,35.02%,$3.13B,$0.66B,21.12%,$0.66B,$4.78B,14.38%,$0.66B,$4.38B,15.61%,$0.66B,$5.78B,12.31%,$1.06B,$4.78B,22.95%,$883,$257,$626,$87,$218,$562,$321,$12,$333,$375,$-42,$-42,$-42,$361,$321,$112,116,$-0.39,$-0.40,$1961,$241,$0,$2809,$613,$1886,$397,$0,$2968,$5777,$663,$0,$334,$334,$996,$0,$115,$-16,$4780,$5777,$660,$120,$272,$392,$-82,$-116,$14,$244,$92,$1144,$-191,$0,$0,$1861,$-1292,$569,$0,$379,$0,$0,$0,$-1859,$-1859,$0,$-55,$-1913,$-388,$209,$0
4,2017-09-30,348.63,$44.28,7.87,$25.81,13.51,$19.01,18.34,$7.74,45.04,$2.93B,$0.62B,4.76,$0.00B,$4.96B,0.0,$3.00B,$2.10B,69.74%,$3.00B,$1.00B,33.22%,$3.00B,$1.00B,33.22%,$3.00B,$1.11B,37.02%,$3.00B,$1.04B,34.59%,$3.00B,$0.91B,30.19%,$0.91B,$4.96B,18.71%,$0.91B,$4.60B,20.00%,$0.91B,$5.65B,16.35%,$1.00B,$4.96B,20.59%,$808,$240,$568,$83,$204,$527,$281,$11,$291,$-7,$299,$299,$299,$308,$281,$112,117,$2.67,$2.56,$2147,$225,$0,$2929,$585,$1655,$356,$0,$2716,$5645,$616,$0,$69,$69,$685,$0,$777,$-9,$4960,$5645,$702,$80,$202,$281,$-39,$-83,$12,$-51,$-172,$812,$-160,$0,$0,$0,$854,$854,$0,$695,$0,$0,$0,$-1618,$-1618,$0,$-52,$-1670,$-162,$154,$0
5,2017-06-30,311.79,$40.63,7.67,$24.62,12.66,$19.49,16.0,$6.96,44.8,$2.64B,$0.60B,4.41,$0.00B,$4.52B,0.0,$2.88B,$2.01B,69.95%,$2.88B,$0.97B,33.80%,$2.88B,$0.97B,33.80%,$2.88B,$1.09B,37.93%,$2.88B,$1.02B,35.26%,$2.88B,$0.82B,28.45%,$0.82B,$4.52B,16.40%,$0.82B,$4.17B,17.48%,$0.82B,$5.25B,14.42%,$0.97B,$4.52B,19.49%,$759,$229,$530,$85,$186,$499,$260,$10,$270,$47,$223,$223,$223,$281,$260,$111,115,$2.01,$1.94,$1823,$214,$0,$2642,$540,$1600,$354,$0,$2609,$5251,$600,$0,$129,$129,$729,$0,$482,$-10,$4522,$5251,$404,$52,$145,$197,$-51,$-58,$6,$-14,$-143,$458,$-108,$0,$0,$0,$1063,$1063,$0,$955,$0,$0,$0,$-1704,$-1704,$0,$-50,$-1754,$-340,$98,$0
6,2017-03-31,255.49,$37.39,6.83,$23.74,10.76,$20.43,12.51,$6.61,38.67,$2.17B,$0.56B,3.88,$0.00B,$4.13B,0.0,$2.79B,$1.96B,70.07%,$2.79B,$0.96B,34.34%,$2.79B,$0.96B,34.34%,$2.79B,$1.09B,39.00%,$2.79B,$1.00B,35.77%,$2.79B,$0.78B,27.99%,$0.78B,$4.13B,15.14%,$0.78B,$3.79B,16.10%,$0.78B,$4.81B,13.44%,$0.96B,$4.13B,18.57%,$680,$210,$470,$74,$203,$486,$193,$9,$202,$21,$181,$181,$181,$225,$193,$112,116,$1.62,$1.57,$1465,$214,$0,$2168,$497,$1682,$341,$0,$2640,$4808,$558,$0,$122,$122,$681,$0,$263,$-8,$4128,$4808,$181,$32,$78,$109,$17,$-39,$6,$19,$-49,$242,$-53,$0,$0,$0,$1361,$1361,$0,$1308,$0,$0,$0,$-1831,$-1831,$0,$-47,$-1878,$-328,$47,$0
7,2016-12-31,211.39,$49.64,4.26,$23.00,9.19,$20.67,10.23,$6.23,33.93,$3.25B,$0.60B,5.45,$0.00B,$5.78B,0.0,$2.71B,$1.89B,69.87%,$2.71B,$0.94B,34.90%,$2.71B,$0.94B,34.90%,$2.71B,$1.07B,39.70%,$2.71B,$0.98B,36.27%,$2.71B,$0.74B,27.21%,$0.74B,$5.78B,13.85%,$0.74B,$5.58B,14.69%,$0.74B,$6.49B,12.40%,$0.94B,$5.78B,17.77%,$757,$230,$527,$69,$194,$493,$264,$12,$276,$72,$204,$204,$204,$298,$264,$115,118,$1.77,$1.72,$2555,$182,$0,$3250,$458,$2283,$201,$143,$3237,$6487,$597,$0,$113,$113,$709,$0,$1575,$-9,$5778,$6487,$736,$128,$226,$354,$-36,$-47,$16,$45,$-3,$1087,$-54,$0,$0,$390,$-1615,$-1226,$0,$-1279,$0,$0,$0,$538,$538,$0,$-24,$514,$322,$178,$0
8,2016-09-30,241.61,$47.73,5.06,$22.53,10.72,$18.29,13.21,$6.18,39.07,$2.91B,$0.53B,5.51,$0.00B,$5.54B,0.0,$2.63B,$1.82B,69.41%,$2.63B,$0.93B,35.28%,$2.63B,$0.93B,35.28%,$2.63B,$1.05B,40.15%,$2.63B,$0.96B,36.46%,$2.63B,$0.72B,27.50%,$0.72B,$5.54B,14.59%,$0.72B,$5.21B,15.65%,$0.72B,$6.18B,13.03%,$0.93B,$5.54B,18.71%,$683,$196,$487,$63,$168,$427,$256,$10,$267,$56,$211,$211,$211,$288,$256,$116,119,$1.82,$1.77,$2215,$184,$0,$2911,$447,$2346,$337,$0,$3263,$6175,$528,$0,$105,$105,$633,$0,$1403,$4,$5542,$6175,$532,$94,$189,$284,$-38,$-41,$6,$27,$-58,$757,$-36,$0,$0,$684,$-1618,$-934,$0,$-970,$0,$0,$0,$542,$542,$0,$-23,$519,$307,$132,$0
9,2016-06-30,220.47,$44.86,4.91,$21.97,10.04,$15.98,13.8,$5.88,37.49,$2.83B,$0.49B,5.78,$0.00B,$5.18B,0.0,$2.53B,$1.73B,68.36%,$2.53B,$0.86B,33.97%,$2.53B,$0.86B,33.97%,$2.53B,$1.00B,39.42%,$2.53B,$0.88B,34.91%,$2.53B,$0.68B,26.78%,$0.68B,$5.18B,14.77%,$0.68B,$4.84B,15.92%,$0.68B,$5.78B,13.12%,$0.86B,$5.18B,18.73%,$670,$199,$471,$55,$171,$425,$245,$8,$253,$69,$185,$185,$185,$277,$245,$115,118,$1.61,$1.57,$2184,$169,$0,$2827,$440,$2041,$345,$0,$2953,$5781,$490,$0,$110,$110,$599,$0,$1193,$9,$5182,$5781,$321,$63,$139,$203,$-9,$-20,$13,$4,$-35,$489,$-21,$0,$0,$0,$-408,$-408,$0,$-429,$0,$0,$0,$440,$440,$0,$-22,$419,$479,$85,$0
10,2016-03-31,200.35,$41.56,4.82,$21.44,9.35,$14.44,13.87,$5.50,36.45,$2.41B,$0.45B,5.31,$0.00B,$4.75B,0.0,$2.45B,$1.65B,67.28%,$2.45B,$0.79B,32.23%,$2.45B,$0.79B,32.23%,$2.45B,$0.92B,37.42%,$2.45B,$0.81B,33.05%,$2.45B,$0.63B,25.65%,$0.63B,$4.75B,14.80%,$0.63B,$4.42B,16.04%,$0.63B,$5.31B,13.05%,$0.79B,$4.75B,18.59%,$595,$190,$405,$53,$173,$416,$179,$6,$185,$48,$136,$136,$136,$211,$179,$113,116,$1.21,$1.18,$1808,$163,$0,$2406,$439,$1993,$333,$0,$2900,$5306,$453,$0,$103,$103,$556,$0,$1010,$1,$4750,$5306,$136,$32,$82,$114,$68,$-8,$5,$-50,$-24,$227,$-10,$0,$0,$305,$-488,$-182,$0,$-192,$0,$0,$0,$251,$251,$0,$-21,$230,$266,$43,$0
11,2015-12-31,182.05,$38.50,4.73,$21.00,8.67,$13.48,13.5,$5.17,35.19,$2.20B,$0.49B,4.46,$0.00B,$4.32B,0.0,$2.39B,$1.58B,66.21%,$2.39B,$0.74B,31.03%,$2.39B,$0.74B,31.03%,$2.39B,$0.86B,35.89%,$2.39B,$0.76B,31.82%,$2.39B,$0.59B,24.70%,$0.59B,$4.32B,14.90%,$0.59B,$4.00B,16.23%,$0.59B,$4.91B,13.04%,$0.74B,$4.32B,18.72%,$677,$218,$459,$53,$160,$431,$246,$6,$252,$62,$190,$190,$190,$278,$246,$111,114,$1.70,$1.67,$1560,$168,$0,$2196,$432,$1788,$324,$0,$2712,$4907,$492,$0,$96,$96,$588,$0,$899,$-10,$4320,$4907,$589,$116,$194,$310,$-79,$-11,$-11,$-13,$-93,$806,$-81,$0,$0,$233,$-1002,$-769,$0,$-850,$0,$0,$0,$177,$177,$0,$-18,$159,$114,$168,$0
12,2015-09-30,153.09,$36.78,4.16,$20.39,7.51,$12.05,12.7,$4.82,31.74,$2.40B,$0.48B,5.01,$0.00B,$4.12B,0.0,$2.31B,$1.51B,65.41%,$2.31B,$0.68B,29.40%,$2.31B,$0.68B,29.40%,$2.31B,$0.82B,35.37%,$2.31B,$0.69B,29.92%,$2.31B,$0.55B,23.61%,$0.55B,$4.12B,14.69%,$0.55B,$3.78B,16.09%,$0.55B,$4.68B,12.76%,$0.68B,$4.12B,18.29%,$590,$194,$396,$51,$155,$400,$190,$4,$194,$26,$167,$167,$167,$232,$190,$112,114,$1.50,$1.47,$1740,$194,$0,$2399,$427,$1386,$331,$0,$2284,$4682,$479,$0,$89,$89,$567,$0,$786,$-3,$4115,$4682,$399,$83,$120,$204,$-20,$-31,$-8,$-50,$-114,$489,$-61,$0,$0,$753,$-1128,$-375,$0,$-436,$0,$0,$0,$195,$195,$0,$23,$217,$268,$127,$0
13,2015-06-30,161.5,$34.17,4.73,$20.19,8.0,$12.19,13.24,$4.47,36.1,$2.16B,$0.47B,4.56,$0.00B,$3.79B,0.0,$2.27B,$1.48B,65.02%,$2.27B,$0.65B,28.55%,$2.27B,$0.65B,28.55%,$2.27B,$0.77B,33.66%,$2.27B,$0.66B,28.99%,$2.27B,$0.50B,22.13%,$0.50B,$3.79B,14.54%,$0.50B,$3.47B,16.04%,$0.50B,$4.36B,12.50%,$0.65B,$3.79B,18.76%,$586,$200,$387,$49,$163,$412,$174,$5,$178,$44,$135,$135,$135,$195,$174,$111,113,$1.21,$1.19,$1562,$201,$0,$2163,$409,$1307,$327,$0,$2191,$4355,$474,$0,$87,$87,$562,$0,$651,$-6,$3793,$4355,$232,$41,$85,$127,$-6,$-34,$-1,$1,$-49,$309,$-33,$0,$0,$534,$-599,$-65,$0,$-98,$0,$0,$0,$94,$94,$0,$11,$105,$315,$82,$0
14,2015-03-31,168.34,$32.48,5.18,$19.56,8.61,$12.36,13.62,$4.21,39.99,$1.96B,$0.46B,4.29,$0.00B,$3.59B,0.0,$2.20B,$1.44B,65.26%,$2.20B,$0.62B,28.10%,$2.20B,$0.62B,28.10%,$2.20B,$0.73B,33.20%,$2.20B,$0.62B,28.38%,$2.20B,$0.47B,21.46%,$0.47B,$3.59B,14.67%,$0.47B,$3.27B,16.33%,$0.47B,$4.13B,12.47%,$0.62B,$3.59B,19.21%,$532,$195,$337,$44,$162,$402,$130,$4,$135,$38,$97,$97,$97,$151,$130,$110,113,$0.88,$0.86,$1362,$202,$0,$1959,$405,$1305,$318,$0,$2167,$4126,$457,$0,$84,$84,$541,$0,$562,$-1,$3585,$4126,$97,$20,$47,$67,$23,$-28,$3,$-11,$-40,$124,$-19,$0,$0,$-208,$140,$-69,$0,$-88,$0,$0,$0,$66,$66,$0,$1,$66,$101,$41,$0
15,2014-12-31,176.31,$30.78,5.73,$18.82,9.37,$12.79,13.79,$3.73,47.27,$1.81B,$0.50B,3.62,$0.00B,$3.38B,0.0,$2.13B,$1.41B,66.28%,$2.13B,$0.55B,25.56%,$2.13B,$0.55B,25.56%,$2.13B,$0.65B,30.63%,$2.13B,$0.55B,25.80%,$2.13B,$0.42B,19.65%,$0.42B,$3.38B,12.95%,$0.42B,$3.06B,14.34%,$0.42B,$3.96B,11.02%,$0.55B,$3.38B,16.84%,$605,$211,$393,$47,$160,$419,$186,$-1,$185,$38,$147,$147,$147,$240,$186,$111,113,$1.31,$1.29,$1233,$182,$0,$1812,$387,$1265,$324,$0,$2148,$3959,$501,$0,$79,$79,$580,$0,$488,$-5,$3379,$3959,$419,$108,$124,$232,$-14,$-27,$18,$16,$14,$665,$-106,$0,$-84,$1381,$-1345,$36,$0,$-154,$0,$0,$0,$-716,$-716,$0,$24,$-692,$-182,$169,$0
16,2014-09-30,153.94,$28.32,5.44,$18.26,8.43,$14.29,10.77,$3.84,40.05,$1.59B,$0.48B,3.31,$0.00B,$3.08B,0.0,$2.10B,$1.42B,67.43%,$2.10B,$0.57B,27.01%,$2.10B,$0.57B,27.01%,$2.10B,$0.65B,30.81%,$2.10B,$0.58B,27.58%,$2.10B,$0.44B,20.83%,$0.44B,$3.08B,13.41%,$0.44B,$2.75B,14.72%,$0.44B,$3.65B,11.53%,$0.57B,$3.08B,17.39%,$550,$190,$361,$48,$154,$391,$159,$2,$161,$37,$124,$124,$124,$179,$159,$108,111,$1.14,$1.12,$1014,$199,$0,$1592,$335,$1248,$333,$0,$2060,$3652,$481,$0,$87,$87,$567,$0,$341,$1,$3084,$3652,$272,$54,$104,$158,$42,$-41,$8,$28,$41,$471,$-40,$0,$-83,$1176,$-1004,$173,$0,$50,$0,$0,$0,$-824,$-824,$0,$15,$-809,$-289,$128,$0
17,2014-06-30,137.27,$26.13,5.25,$17.52,7.83,$15.28,8.99,$4.06,33.84,$1.53B,$0.50B,3.09,$0.00B,$2.82B,0.0,$2.05B,$1.41B,68.91%,$2.05B,$0.58B,28.41%,$2.05B,$0.58B,28.41%,$2.05B,$0.67B,32.55%,$2.05B,$0.60B,29.09%,$2.05B,$0.47B,22.95%,$0.47B,$2.82B,14.23%,$0.47B,$2.49B,15.46%,$0.47B,$3.41B,12.36%,$0.58B,$2.82B,17.61%,$512,$168,$344,$40,$161,$369,$143,$-0,$143,$39,$104,$104,$104,$160,$143,$111,113,$0.94,$0.92,$979,$202,$0,$1533,$327,$1065,$336,$0,$1871,$3405,$496,$0,$86,$86,$582,$0,$312,$1,$2822,$3405,$148,$34,$49,$83,$30,$-39,$14,$4,$89,$320,$-27,$0,$-81,$1031,$-615,$416,$0,$308,$0,$0,$0,$-910,$-910,$0,$6,$-903,$-275,$83,$0
18,2014-03-31,146.0,$31.74,4.6,$17.71,8.24,$15.99,9.13,$4.43,32.93,$2.08B,$0.46B,4.52,$0.00B,$3.66B,0.0,$2.12B,$1.48B,69.61%,$2.12B,$0.66B,31.10%,$2.12B,$0.66B,31.10%,$2.12B,$0.75B,35.58%,$2.12B,$0.68B,31.95%,$2.12B,$0.53B,24.82%,$0.53B,$3.66B,14.88%,$0.53B,$3.40B,15.95%,$0.53B,$4.19B,13.12%,$0.66B,$3.66B,18.64%,$465,$149,$315,$43,$216,$408,$57,$4,$61,$16,$44,$44,$44,$74,$57,$115,117,$0.39,$0.38,$1559,$186,$0,$2078,$321,$1404,$260,$0,$2117,$4194,$460,$0,$78,$78,$538,$0,$1024,$4,$3657,$4194,$44,$17,$14,$31,$62,$-20,$10,$1,$92,$166,$-8,$0,$-13,$249,$-433,$-185,$0,$-205,$0,$0,$0,$66,$66,$0,$4,$71,$32,$41,$0
19,2013-12-31,128.03,$30.55,4.19,$18.67,6.86,$16.58,7.72,$5.58,22.96,$1.93B,$0.38B,5.07,$0.00B,$3.50B,0.0,$2.27B,$1.59B,70.38%,$2.27B,$0.85B,37.66%,$2.27B,$0.85B,37.66%,$2.27B,$0.96B,42.25%,$2.27B,$0.87B,38.50%,$2.27B,$0.67B,29.62%,$0.67B,$3.50B,18.83%,$0.67B,$3.27B,20.14%,$0.67B,$3.95B,16.69%,$0.85B,$3.50B,23.93%,$576,$178,$398,$42,$148,$368,$209,$6,$215,$48,$166,$166,$166,$235,$209,$118,120,$1.46,$1.43,$1404,$180,$0,$1932,$310,$1350,$232,$0,$2018,$3950,$381,$0,$68,$68,$449,$0,$979,$2,$3501,$3950,$671,$104,$127,$231,$69,$-70,$-9,$21,$-22,$880,$-105,$0,$0,$364,$0,$364,$0,$259,$0,$0,$0,$-949,$-949,$0,$38,$-911,$228,$169,$0
20,2013-09-30,125.42,$28.56,4.39,$18.82,6.66,$15.81,7.93,$5.57,22.53,$1.73B,$0.37B,4.72,$0.00B,$3.26B,0.0,$2.30B,$1.63B,71.11%,$2.30B,$0.89B,38.82%,$2.30B,$0.89B,38.82%,$2.30B,$0.96B,41.86%,$2.30B,$0.91B,39.56%,$2.30B,$0.68B,29.59%,$0.68B,$3.26B,18.97%,$0.68B,$3.04B,20.30%,$0.68B,$3.70B,16.80%,$0.89B,$3.26B,24.89%,$499,$142,$357,$43,$139,$325,$174,$4,$178,$21,$157,$157,$157,$199,$174,$116,118,$1.35,$1.33,$1213,$200,$0,$1734,$294,$1319,$229,$0,$1964,$3697,$367,$0,$66,$66,$433,$0,$813,$0,$3264,$3697,$505,$78,$92,$170,$90,$-88,$4,$10,$-24,$651,$-76,$0,$0,$1528,$-1130,$398,$0,$322,$0,$0,$0,$-971,$-971,$0,$31,$-940,$33,$127,$0
21,2013-06-30,168.71,$31.22,5.4,$18.95,8.9,$15.34,11.0,$5.72,29.48,$1.86B,$0.39B,4.76,$0.00B,$3.72B,0.0,$2.34B,$1.67B,71.33%,$2.34B,$0.93B,39.75%,$2.34B,$0.93B,39.75%,$2.34B,$1.00B,42.70%,$2.34B,$0.95B,40.52%,$2.34B,$0.71B,30.21%,$0.71B,$3.72B,19.66%,$0.71B,$3.49B,21.00%,$0.71B,$4.20B,17.40%,$0.93B,$3.72B,25.87%,$579,$173,$405,$41,$146,$360,$219,$4,$223,$64,$159,$159,$159,$246,$219,$120,122,$1.33,$1.30,$1290,$169,$0,$1861,$268,$1737,$230,$0,$2340,$4201,$391,$0,$92,$92,$483,$0,$1293,$-2,$3719,$4201,$348,$53,$61,$113,$12,$-53,$10,$16,$-14,$447,$-42,$0,$0,$698,$-948,$-249,$0,$-291,$0,$0,$0,$-303,$-303,$0,$27,$-277,$-121,$77,$0
22,2013-03-31,163.73,$31.28,5.23,$18.56,8.82,$14.61,11.21,$5.67,28.86,$1.90B,$0.38B,5.02,$0.00B,$3.77B,0.0,$2.30B,$1.65B,71.81%,$2.30B,$0.94B,40.74%,$2.30B,$0.94B,40.74%,$2.30B,$1.00B,43.53%,$2.30B,$0.95B,41.53%,$2.30B,$0.70B,30.59%,$0.70B,$3.77B,20.31%,$0.70B,$3.53B,21.72%,$0.70B,$4.24B,17.94%,$0.94B,$3.77B,27.05%,$611,$177,$434,$42,$142,$360,$251,$4,$256,$67,$189,$189,$189,$277,$251,$121,124,$1.56,$1.52,$1358,$136,$0,$1895,$250,$1758,$238,$0,$2341,$4236,$378,$0,$86,$86,$464,$0,$1386,$8,$3772,$4236,$189,$26,$28,$54,$25,$-16,$10,$19,$15,$258,$-17,$0,$0,$245,$-576,$-331,$0,$-348,$0,$0,$0,$-56,$-56,$0,$21,$-36,$-126,$38,$0
23,2012-12-31,163.46,$29.69,5.51,$17.66,9.26,$13.62,12.01,$5.32,30.72,$1.89B,$0.40B,4.71,$0.00B,$3.58B,0.0,$2.18B,$1.57B,72.05%,$2.18B,$0.88B,40.25%,$2.18B,$0.88B,40.25%,$2.18B,$0.94B,42.96%,$2.18B,$0.89B,41.03%,$2.18B,$0.66B,30.15%,$0.66B,$3.58B,20.24%,$0.66B,$3.34B,21.72%,$0.66B,$4.06B,17.82%,$0.88B,$3.58B,27.02%,$609,$171,$438,$42,$148,$361,$248,$4,$252,$77,$175,$175,$175,$240,$248,$119,123,$1.47,$1.42,$1324,$122,$0,$1893,$242,$1596,$242,$0,$2166,$4059,$402,$0,$78,$78,$479,$0,$1333,$7,$3580,$4059,$657,$58,$165,$223,$-69,$-7,$8,$-7,$-66,$814,$-114,$0,$-28,$0,$-704,$-704,$0,$-846,$0,$0,$0,$25,$25,$0,$94,$119,$88,$153,$0
24,2012-09-30,165.21,$27.58,5.99,$16.84,9.81,$12.87,12.84,$5.15,32.06,$1.65B,$0.37B,4.53,$0.00B,$3.29B,0.0,$2.07B,$1.50B,72.33%,$2.07B,$0.83B,40.11%,$2.07B,$0.83B,40.11%,$2.07B,$0.92B,44.27%,$2.07B,$0.85B,40.88%,$2.07B,$0.63B,30.62%,$0.63B,$3.29B,21.01%,$0.63B,$3.09B,22.56%,$0.63B,$3.73B,18.41%,$0.83B,$3.29B,27.52%,$538,$148,$390,$50,$129,$326,$211,$4,$216,$32,$183,$183,$183,$235,$211,$120,123,$1.53,$1.49,$1141,$126,$0,$1653,$223,$1560,$208,$0,$2079,$3732,$365,$0,$74,$74,$439,$0,$1209,$6,$3294,$3732,$482,$66,$96,$162,$-35,$-21,$7,$-6,$-56,$587,$-44,$0,$-43,$-617,$0,$-617,$0,$-703,$0,$0,$0,$-9,$-9,$0,$55,$46,$-70,$115,$0
25,2012-06-30,184.6,$26.59,6.94,$16.19,11.4,$11.75,15.71,$4.68,39.42,$1.70B,$0.35B,4.91,$0.00B,$3.18B,0.0,$1.98B,$1.43B,72.42%,$1.98B,$0.80B,40.33%,$1.98B,$0.80B,40.33%,$1.98B,$0.88B,44.33%,$1.98B,$0.81B,40.99%,$1.98B,$0.57B,28.95%,$0.57B,$3.18B,20.57%,$0.57B,$2.97B,22.19%,$0.57B,$3.63B,17.92%,$0.80B,$3.18B,28.66%,$537,$150,$386,$40,$121,$311,$225,$4,$229,$74,$155,$155,$155,$247,$225,$120,124,$1.29,$1.25,$1213,$119,$0,$1703,$216,$1419,$213,$0,$1923,$3626,$347,$0,$97,$97,$444,$0,$1186,$4,$3182,$3626,$298,$42,$62,$104,$-22,$-12,$5,$-4,$-27,$376,$-56,$0,$0,$554,$-1023,$-469,$0,$-525,$0,$0,$0,$123,$123,$0,$45,$168,$19,$68,$0
26,2012-03-31,180.58,$24.58,7.35,$15.38,11.74,$11.27,16.03,$4.40,41.01,$1.44B,$0.31B,4.58,$0.00B,$2.93B,0.0,$1.87B,$1.35B,72.49%,$1.87B,$0.74B,39.68%,$1.87B,$0.74B,39.68%,$1.87B,$0.81B,43.59%,$1.87B,$0.75B,40.38%,$1.87B,$0.53B,28.63%,$0.53B,$2.93B,20.88%,$0.53B,$2.71B,22.61%,$0.53B,$3.33B,18.11%,$0.74B,$2.93B,28.93%,$495,$139,$356,$38,$124,$302,$193,$4,$197,$54,$144,$144,$144,$214,$193,$119,123,$1.21,$1.17,$971,$119,$0,$1436,$210,$1400,$220,$0,$1897,$3333,$314,$0,$92,$92,$406,$0,$1045,$2,$2927,$3333,$144,$20,$33,$53,$2,$-6,$1,$-3,$-32,$165,$-48,$0,$0,$286,$-646,$-360,$0,$-408,$0,$0,$0,$83,$83,$0,$20,$103,$-140,$34,$0
27,2011-12-31,154.34,$22.44,6.88,$14.57,10.59,$11.07,13.94,$4.10,37.64,$1.47B,$0.32B,4.57,$0.00B,$2.65B,0.0,$1.76B,$1.28B,72.53%,$1.76B,$0.70B,39.53%,$1.76B,$0.70B,39.53%,$1.76B,$0.76B,43.46%,$1.76B,$0.71B,40.39%,$1.76B,$0.49B,28.10%,$0.49B,$2.65B,20.72%,$0.49B,$2.46B,22.50%,$0.49B,$3.06B,17.92%,$0.70B,$2.65B,29.16%,$497,$134,$363,$41,$122,$297,$200,$4,$203,$52,$151,$151,$151,$219,$200,$118,121,$1.28,$1.26,$1029,$112,$0,$1466,$197,$1143,$188,$0,$1597,$3063,$321,$0,$97,$97,$418,$0,$902,$1,$2646,$3063,$495,$69,$133,$202,$-51,$-25,$10,$19,$-20,$678,$-83,$0,$0,$1136,$-1532,$-396,$0,$-479,$0,$0,$0,$-71,$-71,$0,$59,$-12,$186,$136,$0
28,2011-09-30,121.43,$20.25,6.0,$13.67,8.88,$9.86,12.32,$3.86,31.48,$1.31B,$0.28B,4.62,$0.00B,$2.37B,0.0,$1.65B,$1.19B,72.36%,$1.65B,$0.65B,39.33%,$1.65B,$0.65B,39.33%,$1.65B,$0.73B,44.06%,$1.65B,$0.66B,40.24%,$1.65B,$0.46B,28.12%,$0.46B,$2.37B,20.79%,$0.46B,$2.18B,22.70%,$0.46B,$2.75B,17.93%,$0.65B,$2.37B,29.08%,$447,$121,$326,$35,$111,$268,$179,$2,$181,$58,$122,$122,$122,$196,$179,$117,120,$1.04,$1.02,$911,$109,$0,$1312,$196,$977,$192,$0,$1434,$2746,$284,$0,$93,$93,$377,$0,$751,$2,$2369,$2746,$344,$50,$101,$151,$-18,$-22,$8,$10,$-31,$464,$-68,$0,$0,$903,$-1176,$-273,$0,$-341,$0,$0,$0,$-150,$-150,$0,$45,$-105,$18,$102,$0
29,2011-06-30,124.04,$19.51,6.36,$12.79,9.7,$9.18,13.51,$3.55,34.91,$1.37B,$0.27B,4.98,$0.00B,$2.29B,0.0,$1.55B,$1.12B,72.33%,$1.55B,$0.60B,38.91%,$1.55B,$0.60B,38.91%,$1.55B,$0.67B,43.50%,$1.55B,$0.62B,40.08%,$1.55B,$0.43B,27.73%,$0.43B,$2.29B,20.04%,$0.43B,$2.10B,21.94%,$0.43B,$2.65B,17.23%,$0.60B,$2.29B,28.11%,$426,$119,$307,$32,$107,$258,$168,$4,$172,$55,$117,$117,$117,$184,$168,$118,121,$1.00,$0.97,$994,$100,$0,$1365,$194,$828,$185,$0,$1285,$2650,$274,$0,$87,$87,$361,$0,$799,$3,$2289,$2650,$222,$33,$64,$97,$-4,$-13,$2,$5,$-12,$306,$-53,$0,$0,$609,$-726,$-117,$0,$-170,$0,$0,$0,$-60,$-60,$0,$24,$-35,$102,$67,$0
30,2011-03-31,111.15,$18.92,5.87,$12.16,9.14,$9.18,12.11,$3.31,33.55,$1.48B,$0.25B,5.88,$0.00B,$2.23B,0.0,$1.47B,$1.07B,72.62%,$1.47B,$0.57B,38.99%,$1.47B,$0.57B,38.99%,$1.47B,$0.64B,43.41%,$1.47B,$0.59B,40.22%,$1.47B,$0.40B,27.24%,$0.40B,$2.23B,19.56%,$0.40B,$2.04B,21.44%,$0.40B,$2.57B,16.79%,$0.57B,$2.23B,28.00%,$388,$109,$279,$31,$99,$240,$148,$5,$154,$50,$104,$104,$104,$165,$148,$117,121,$0.89,$0.86,$1090,$93,$0,$1484,$163,$667,$189,$0,$1085,$2568,$252,$0,$85,$85,$337,$0,$812,$-1,$2231,$2568,$104,$16,$38,$55,$-13,$-7,$8,$-14,$-53,$105,$-15,$0,$0,$182,$-165,$17,$0,$2,$0,$0,$0,$48,$48,$0,$14,$62,$170,$32,$0
31,2010-12-31,85.92,$17.46,4.92,$11.67,7.36,$9.25,9.28,$3.16,27.22,$1.28B,$0.27B,4.66,$0.00B,$2.04B,0.0,$1.41B,$1.03B,72.97%,$1.41B,$0.56B,39.35%,$1.41B,$0.56B,39.35%,$1.41B,$0.61B,43.38%,$1.41B,$0.57B,40.48%,$1.41B,$0.38B,27.03%,$0.38B,$2.04B,19.74%,$0.38B,$1.85B,21.69%,$0.38B,$2.39B,16.97%,$0.56B,$2.04B,28.74%,$389,$107,$282,$33,$96,$236,$154,$4,$157,$36,$121,$121,$121,$182,$154,$118,121,$1.03,$1.01,$910,$87,$0,$1276,$160,$699,$183,$0,$1115,$2390,$274,$0,$79,$79,$353,$0,$719,$2,$2037,$2390,$382,$58,$89,$147,$-42,$-29,$8,$28,$17,$546,$-96,$0,$0,$987,$-1385,$-398,$0,$-494,$0,$0,$0,$-58,$-58,$0,$65,$8,$58,$118,$0
32,2010-09-30,94.58,$17.03,5.55,$11.19,8.45,$8.41,11.24,$2.80,33.78,$1.30B,$0.27B,4.87,$0.00B,$2.01B,0.0,$1.35B,$0.98B,72.90%,$1.35B,$0.53B,39.35%,$1.35B,$0.53B,39.35%,$1.35B,$0.57B,42.17%,$1.35B,$0.55B,40.68%,$1.35B,$0.34B,25.17%,$0.34B,$2.01B,18.73%,$0.34B,$1.82B,20.66%,$0.34B,$2.35B,16.10%,$0.53B,$2.01B,29.29%,$344,$94,$251,$27,$92,$212,$132,$5,$137,$51,$87,$87,$87,$142,$132,$118,122,$0.73,$0.71,$981,$85,$0,$1302,$157,$640,$188,$1,$1050,$2352,$267,$0,$76,$76,$344,$0,$720,$1,$2008,$2352,$261,$30,$69,$99,$-2,$-27,$8,$17,$45,$404,$-87,$0,$0,$0,$-287,$-287,$0,$-373,$0,$0,$0,$74,$74,$0,$56,$130,$161,$88,$0
33,2010-06-30,105.21,$16.28,6.46,$10.74,9.8,$7.70,13.66,$2.63,39.95,$1.26B,$0.24B,5.2,$0.00B,$1.92B,0.0,$1.28B,$0.93B,72.49%,$1.28B,$0.50B,39.20%,$1.28B,$0.50B,39.20%,$1.28B,$0.54B,42.01%,$1.28B,$0.52B,40.53%,$1.28B,$0.32B,24.71%,$0.32B,$1.92B,19.15%,$0.32B,$1.76B,21.28%,$0.32B,$2.24B,16.45%,$0.50B,$1.92B,30.39%,$351,$94,$257,$29,$89,$211,$140,$5,$144,$56,$89,$89,$89,$150,$140,$118,122,$0.75,$0.73,$968,$74,$0,$1264,$144,$620,$161,$1,$979,$2243,$243,$0,$75,$75,$319,$0,$686,$1,$1924,$2243,$174,$19,$51,$71,$11,$-16,$14,$9,$47,$291,$-37,$0,$0,$0,$-218,$-218,$0,$-254,$0,$0,$0,$116,$116,$0,$47,$163,$199,$57,$0
34,2010-03-31,116.04,$15.05,7.71,$10.10,11.48,$6.75,17.18,$2.44,47.49,$1.02B,$0.17B,5.87,$0.00B,$1.77B,0.0,$1.19B,$0.86B,72.34%,$1.19B,$0.46B,38.81%,$1.19B,$0.46B,38.81%,$1.19B,$0.50B,41.74%,$1.19B,$0.48B,40.32%,$1.19B,$0.29B,24.31%,$0.29B,$1.77B,19.44%,$0.29B,$1.61B,21.92%,$0.29B,$2.02B,16.65%,$0.46B,$1.77B,31.03%,$329,$88,$241,$28,$83,$199,$130,$4,$134,$49,$85,$85,$85,$139,$130,$116,121,$0.73,$0.71,$743,$69,$0,$1020,$133,$652,$163,$1,$997,$2017,$174,$0,$73,$73,$247,$0,$597,$2,$1770,$2017,$85,$10,$27,$36,$25,$-11,$7,$-17,$-6,$116,$-16,$0,$0,$0,$-131,$-131,$0,$-148,$0,$0,$0,$93,$93,$0,$32,$125,$92,$27,$0
35,2009-12-31,101.14,$13.31,7.6,$8.98,11.27,$6.46,15.65,$1.98,51.17,$0.85B,$0.20B,4.18,$0.00B,$1.54B,0.0,$1.05B,$0.75B,71.39%,$1.05B,$0.38B,35.93%,$1.05B,$0.38B,35.93%,$1.05B,$0.41B,39.16%,$1.05B,$0.40B,37.74%,$1.05B,$0.23B,22.15%,$0.23B,$1.54B,17.35%,$0.23B,$1.37B,19.91%,$0.23B,$1.81B,14.71%,$0.38B,$1.54B,28.14%,$323,$90,$233,$26,$79,$195,$128,$4,$133,$55,$78,$78,$78,$137,$128,$115,118,$0.67,$0.65,$555,$58,$0,$847,$126,$617,$167,$0,$963,$1810,$203,$0,$70,$70,$272,$0,$512,$1,$1537,$1810,$233,$35,$87,$122,$-35,$6,$7,$15,$38,$392,$-53,$0,$0,$0,$-246,$-246,$0,$-300,$0,$0,$0,$-91,$-91,$0,$25,$-66,$27,$97,$0
36,2009-09-30,87.42,$12.13,7.2,$8.16,10.71,$5.02,17.42,$1.75,49.95,$0.78B,$0.19B,4.21,$0.00B,$1.39B,0.0,$0.96B,$0.68B,71.07%,$0.96B,$0.33B,34.65%,$0.96B,$0.33B,34.65%,$0.96B,$0.37B,37.98%,$0.96B,$0.35B,36.63%,$0.96B,$0.21B,21.44%,$0.21B,$1.39B,16.15%,$0.21B,$1.22B,18.68%,$0.21B,$1.64B,13.73%,$0.33B,$1.39B,26.10%,$280,$81,$199,$25,$70,$176,$105,$4,$109,$44,$65,$65,$65,$113,$105,$114,118,$0.56,$0.55,$513,$57,$0,$781,$123,$511,$171,$0,$857,$1638,$186,$0,$62,$62,$248,$0,$434,$1,$1390,$1638,$155,$26,$56,$82,$-16,$7,$4,$6,$33,$269,$-46,$0,$0,$418,$-523,$-106,$0,$-151,$0,$0,$0,$-116,$-116,$0,$9,$-107,$12,$72,$0
37,2009-06-30,54.55,$11.17,4.88,$7.74,7.04,$3.97,13.73,$1.68,32.41,$0.64B,$0.18B,3.57,$0.00B,$1.27B,0.0,$0.92B,$0.65B,71.32%,$0.92B,$0.31B,34.13%,$0.92B,$0.31B,34.13%,$0.92B,$0.34B,37.51%,$0.92B,$0.33B,36.31%,$0.92B,$0.20B,21.70%,$0.20B,$1.27B,16.26%,$0.20B,$1.10B,18.92%,$0.20B,$1.50B,13.90%,$0.31B,$1.27B,25.57%,$261,$70,$190,$23,$67,$161,$100,$5,$105,$42,$62,$62,$62,$109,$100,$114,116,$0.55,$0.54,$381,$59,$0,$638,$123,$521,$175,$0,$863,$1501,$179,$0,$51,$51,$230,$0,$370,$1,$1271,$1501,$91,$17,$39,$56,$-5,$4,$6,$6,$27,$173,$-40,$0,$0,$0,$-17,$-17,$0,$-57,$0,$0,$0,$-138,$-138,$0,$1,$-137,$-21,$47,$0
38,2009-03-31,31.79,$10.35,3.07,$7.32,4.34,$3.26,9.75,$1.57,20.25,$0.57B,$0.16B,3.46,$0.00B,$1.18B,0.0,$0.88B,$0.62B,70.86%,$0.88B,$0.29B,33.26%,$0.88B,$0.29B,33.26%,$0.88B,$0.32B,36.46%,$0.88B,$0.31B,35.66%,$0.88B,$0.19B,21.49%,$0.19B,$1.18B,16.00%,$0.19B,$1.00B,18.64%,$0.19B,$1.39B,13.78%,$0.29B,$1.18B,24.77%,$188,$60,$129,$21,$62,$143,$45,$5,$50,$22,$28,$28,$28,$53,$45,$117,118,$0.24,$0.24,$340,$64,$0,$565,$123,$482,$179,$0,$822,$1386,$163,$0,$48,$48,$211,$0,$307,$-1,$1175,$1386,$28,$8,$20,$28,$31,$-1,$1,$18,$34,$90,$-28,$0,$0,$118,$-134,$-16,$0,$-43,$0,$0,$0,$-144,$-144,$0,$0,$-144,$-98,$23,$0
39,2008-12-31,42.33,$10.78,3.93,$7.30,5.8,$3.00,14.11,$1.70,24.85,$0.70B,$0.17B,4.28,$0.00B,$1.27B,0.0,$0.88B,$0.62B,70.97%,$0.88B,$0.31B,35.54%,$0.88B,$0.31B,35.54%,$0.88B,$0.34B,38.40%,$0.88B,$0.34B,38.29%,$0.88B,$0.21B,23.43%,$0.21B,$1.27B,18.20%,$0.21B,$1.10B,21.09%,$0.21B,$1.48B,15.79%,$0.31B,$1.27B,27.61%,$232,$66,$165,$21,$62,$149,$83,$6,$88,$38,$51,$51,$51,$90,$83,$117,120,$0.43,$0.43,$451,$63,$0,$704,$117,$451,$167,$0,$771,$1475,$165,$0,$42,$43,$208,$0,$398,$-3,$1267,$1475,$204,$25,$59,$84,$-40,$-31,$-9,$29,$-10,$278,$-106,$0,$0,$0,$-199,$-199,$0,$-305,$0,$0,$0,$45,$45,$0,$53,$98,$72,$77,$0
40,2008-09-30,80.33,$10.09,7.96,$6.98,11.51,$3.11,25.8,$1.69,47.44,$0.65B,$0.15B,4.44,$0.00B,$1.18B,0.0,$0.83B,$0.59B,71.03%,$0.83B,$0.30B,36.18%,$0.83B,$0.30B,36.18%,$0.83B,$0.32B,38.82%,$0.83B,$0.33B,39.54%,$0.83B,$0.20B,24.40%,$0.20B,$1.18B,19.67%,$0.20B,$1.02B,22.92%,$0.20B,$1.37B,17.06%,$0.30B,$1.18B,29.17%,$236,$66,$170,$22,$63,$151,$85,$5,$90,$32,$58,$58,$58,$92,$85,$117,120,$0.49,$0.48,$408,$52,$0,$652,$98,$413,$168,$0,$713,$1365,$147,$0,$33,$34,$181,$0,$347,$-11,$1183,$1365,$154,$18,$44,$61,$-43,$-20,$-4,$20,$-29,$186,$-83,$0,$0,$0,$-93,$-93,$0,$-176,$0,$0,$0,$42,$42,$0,$53,$95,$105,$55,$0
41,2008-06-30,89.8,$9.22,9.74,$6.35,14.14,$3.20,28.1,$1.56,57.56,$0.56B,$0.13B,4.32,$0.00B,$1.07B,0.0,$0.75B,$0.53B,70.25%,$0.75B,$0.27B,35.86%,$0.75B,$0.27B,35.86%,$0.75B,$0.29B,38.25%,$0.75B,$0.31B,40.50%,$0.75B,$0.19B,24.70%,$0.19B,$1.07B,19.87%,$0.19B,$0.92B,23.18%,$0.19B,$1.23B,17.28%,$0.27B,$1.07B,28.84%,$219,$63,$156,$20,$58,$141,$78,$6,$84,$33,$51,$51,$51,$84,$78,$116,120,$0.44,$0.43,$340,$43,$0,$560,$95,$400,$150,$0,$672,$1231,$129,$0,$27,$28,$157,$0,$289,$-6,$1074,$1231,$96,$11,$29,$40,$-32,$-10,$-10,$16,$-32,$104,$-52,$0,$0,$0,$-12,$-12,$0,$-64,$0,$0,$0,$23,$23,$0,$36,$59,$100,$34,$0
42,2008-03-31,108.12,$8.46,12.79,$5.73,18.86,$3.34,32.41,$1.40,77.41,$0.58B,$0.12B,4.88,$0.00B,$0.98B,0.0,$0.67B,$0.47B,69.29%,$0.67B,$0.24B,35.16%,$0.67B,$0.24B,35.16%,$0.67B,$0.25B,37.39%,$0.67B,$0.27B,40.21%,$0.67B,$0.17B,24.63%,$0.17B,$0.98B,19.63%,$0.17B,$0.85B,23.10%,$0.17B,$1.12B,17.10%,$0.24B,$0.98B,28.03%,$188,$58,$130,$16,$49,$123,$65,$9,$73,$29,$45,$45,$45,$70,$65,$116,120,$0.39,$0.37,$387,$39,$0,$582,$72,$313,$133,$1,$541,$1123,$119,$0,$21,$22,$141,$0,$238,$-1,$982,$1123,$45,$5,$13,$17,$-5,$-6,$-6,$5,$-23,$39,$-7,$0,$0,$0,$41,$41,$0,$34,$0,$0,$0,$15,$15,$0,$19,$34,$108,$15,$0
43,2007-12-31,107.67,$7.70,13.98,$5.15,20.9,$3.33,32.33,$1.23,87.53,$0.61B,$0.13B,4.63,$0.00B,$0.89B,0.0,$0.60B,$0.41B,69.00%,$0.60B,$0.21B,34.33%,$0.60B,$0.21B,34.33%,$0.60B,$0.22B,36.50%,$0.60B,$0.24B,39.50%,$0.60B,$0.15B,24.17%,$0.15B,$0.89B,19.06%,$0.15B,$0.75B,22.79%,$0.15B,$1.04B,16.64%,$0.21B,$0.89B,27.08%,$189,$54,$135,$16,$46,$116,$73,$8,$82,$33,$49,$49,$49,$77,$73,$113,117,$0.43,$0.42,$427,$32,$0,$610,$68,$208,$134,$1,$430,$1040,$132,$0,$19,$20,$151,$0,$194,$1,$889,$1040,$145,$13,$46,$59,$-36,$-8,$19,$11,$2,$206,$-24,$0,$0,$0,$-212,$-212,$0,$-236,$0,$0,$0,$56,$56,$0,$63,$119,$88,$36,$0
44,2007-09-30,76.67,$6.98,10.98,$4.52,16.97,$2.51,30.5,$1.02,74.91,$0.54B,$0.10B,5.2,$0.00B,$0.80B,0.0,$0.52B,$0.35B,67.56%,$0.52B,$0.17B,32.06%,$0.52B,$0.17B,32.06%,$0.52B,$0.18B,34.35%,$0.52B,$0.20B,37.21%,$0.52B,$0.12B,22.90%,$0.12B,$0.80B,17.49%,$0.12B,$0.68B,21.27%,$0.12B,$0.91B,15.40%,$0.17B,$0.80B,24.49%,$157,$48,$108,$14,$40,$103,$54,$12,$66,$25,$41,$41,$41,$57,$54,$114,118,$0.36,$0.35,$369,$27,$0,$539,$64,$165,$117,$1,$374,$912,$104,$0,$8,$8,$112,$0,$144,$0,$800,$912,$95,$9,$26,$36,$-26,$-2,$11,$4,$-8,$123,$-12,$0,$0,$0,$-147,$-147,$0,$-160,$0,$0,$0,$42,$42,$0,$47,$89,$52,$26,$0
45,2007-06-30,46.26,$6.28,7.36,$4.02,11.5,$2.10,22.04,$0.83,55.95,$0.46B,$0.09B,4.98,$0.00B,$0.71B,0.0,$0.46B,$0.31B,66.52%,$0.46B,$0.14B,30.24%,$0.46B,$0.14B,30.24%,$0.46B,$0.15B,32.61%,$0.46B,$0.16B,34.13%,$0.46B,$0.10B,20.73%,$0.10B,$0.71B,15.43%,$0.10B,$0.59B,19.31%,$0.10B,$0.81B,13.62%,$0.14B,$0.71B,22.51%,$140,$46,$94,$10,$39,$95,$45,$5,$50,$20,$31,$31,$31,$48,$45,$113,116,$0.27,$0.26,$306,$24,$0,$456,$62,$142,$123,$1,$353,$809,$91,$0,$6,$6,$97,$0,$103,$1,$711,$809,$54,$6,$16,$22,$-11,$0,$5,$1,$-3,$74,$-7,$0,$0,$0,$-85,$-85,$0,$-92,$0,$0,$0,$20,$20,$0,$29,$49,$31,$17,$0
46,2007-03-31,40.52,$5.72,7.08,$3.57,11.34,$1.75,23.15,$0.71,57.07,$0.41B,$0.08B,5.29,$0.00B,$0.64B,0.0,$0.41B,$0.27B,66.59%,$0.41B,$0.12B,29.27%,$0.41B,$0.12B,29.27%,$0.41B,$0.13B,31.71%,$0.41B,$0.14B,33.17%,$0.41B,$0.08B,20.00%,$0.08B,$0.64B,14.39%,$0.08B,$0.52B,18.50%,$0.08B,$0.72B,12.73%,$0.12B,$0.64B,21.05%,$114,$38,$77,$8,$34,$80,$34,$5,$39,$15,$24,$24,$24,$37,$34,$112,115,$0.21,$0.21,$275,$26,$0,$407,$60,$110,$124,$0,$317,$724,$77,$0,$4,$4,$81,$0,$73,$1,$643,$724,$24,$3,$9,$12,$4,$-2,$3,$2,$-2,$33,$-3,$0,$0,$0,$-34,$-34,$0,$-37,$0,$0,$0,$10,$10,$0,$12,$22,$18,$8,$0
47,2006-12-31,31.97,$5.30,6.03,$3.26,9.8,$1.60,20.01,$0.63,50.73,$0.37B,$0.08B,4.64,$0.00B,$0.59B,0.0,$0.37B,$0.25B,66.49%,$0.37B,$0.11B,28.95%,$0.37B,$0.11B,28.95%,$0.37B,$0.12B,31.37%,$0.37B,$0.12B,32.44%,$0.37B,$0.07B,19.30%,$0.07B,$0.59B,13.68%,$0.07B,$0.47B,18.10%,$0.07B,$0.67B,12.12%,$0.11B,$0.59B,20.51%,$113,$38,$75,$8,$31,$77,$35,$4,$40,$16,$24,$24,$24,$38,$35,$110,114,$0.21,$0.21,$240,$24,$0,$374,$60,$91,$124,$1,$297,$672,$81,$0,$1,$1,$82,$0,$51,$1,$590,$672,$72,$10,$46,$56,$-42,$-9,$3,$12,$-28,$100,$-16,$-2,$0,$0,$-95,$-95,$0,$-113,$0,$0,$0,$19,$19,$0,$23,$42,$29,$25,$0
