,Date,Stock Price,Book Value per Share,Price to Book Ratio,TTM Sales per Share,Price to Sales Ratio,TTM FCF per Share,Price to FCF Ratio,TTM Net EPS,PE Ratio,Current Assets,Current Liabilities,Current Ratio,Long Term Debt,Shareholder's Equity_x,Debt to Equity Ratio,TTM Revenue_x,TTM Gross Profit,Gross Margin,TTM Revenue_y,TTM Operating Income,Operating Margin,TTM Revenue_x,TTM EBIT,EBIT Margin,TTM Revenue_y,TTM EBITDA,EBITDA Margin,TTM Revenue_x,TTM Pre-Tax Income,Pre-Tax Margin,TTM Revenue_y,TTM Net Income_x,Net Margin,TTM Net Income_y,Shareholder's Equity_y,Return on Equity,TTM Net Income_x,Tangible Equity,Return on Tangible Equity,TTM Net Income_y,Total Assets,Return on Assets,TTM Net Income,LT Investments & Debt,Return on Investment,revenue,cost-goods-sold,gross-profit,research-development-expenses,selling-general-administrative-expenses,operating-expenses,operating-income,total-non-operating-income-expense,pre-tax-income,total-provision-income-taxes,income-after-taxes,income-from-continuous-operations,net-income,ebitda,ebit,basic-shares-outstanding,shares-outstanding,eps-basic-net-earnings-per-share,eps-earnings-per-share-diluted,cash-on-hand,inventory,other-current-assets,total-current-assets,net-property-plant-equipment,long-term-investments,goodwill-intangible-assets-total,other-long-term-assets,total-long-term-assets,total-assets,total-current-liabilities,long-term-debt,other-non-current-liabilities,total-long-term-liabilities,total-liabilities,common-stock-net,retained-earnings-accumulated-deficit,comprehensive-income,total-share-holder-equity,total-liabilities-share-holders-equity,net-income-loss,total-depreciation-amortization-cash-flow,other-non-cash-items,total-non-cash-items,change-in-accounts-receivable,change-in-inventories,change-in-accounts-payable,change-in-assets-liabilities,total-change-in-assets-liabilities,cash-flow-from-operating-activities,net-change-in-property-plant-equipment,net-change-in-intangible-assets,net-acquisitions-divestitures,net-change-in-short-term-investments,net-change-in-long-term-investments,net-change-in-investments-total,investing-activities-other,cash-flow-from-investing-activities,net-long-term-debt,net-current-debt,debt-issuance-retirement-net-total,net-common-equity-issued-repurchased,net-total-equity-issued-repurchased,total-common-preferred-stock-dividends-paid,financial-activities-other,cash-flow-from-financial-activities,net-cash-flow,stock-based-compensation,common-stock-dividends-paid
0,2018-09-30,122.05,$-3.27,-37.32,$28.15,4.33,$8.72,13.99,$-7.26,0.0,$0.03B,$0.04B,0.85,$0.06B,$-0.01B,-6.91,$0.08B,$0.05B,65.79%,$0.08B,$0.03B,35.53%,$0.08B,$0.03B,35.53%,$0.08B,$0.03B,44.74%,$0.08B,$0.02B,31.58%,$0.08B,$-0.02B,-26.32%,$-0.02B,$-0.01B,119.40%,$-0.02B,$-0.01B,119.40%,$-0.02B,$0.12B,-17.98%,$0.03B,$0.05B,50.94%,$23,$9,$14,$0,$1,$14,$9,$-1,$8,$2,$6,$6,$6,$11,$9,$3,3,$2.27,$2.27,$11,$1,$0,$34,$56,$0,$0,$24,$81,$115,$40,$61,$22,$83,$124,$0,$-25,$0,$-9,$115,$15,$5,$-3,$3,$-8,$-0,$0,$1,$-6,$12,$-7,$0,$0,$0,$0,$0,$0,$-7,$-10,$-0,$-11,$0,$0,$0,$0,$-11,$-6,$0,$0
1,2018-06-30,122.9,$-5.44,-22.6,$25.85,4.75,$11.81,10.4,$-8.25,0.0,$0.03B,$0.04B,0.8,$0.07B,$-0.02B,-4.51,$0.07B,$0.05B,68.57%,$0.07B,$0.02B,34.29%,$0.07B,$0.02B,34.29%,$0.07B,$0.03B,44.29%,$0.07B,$0.02B,30.00%,$0.07B,$-0.02B,-32.86%,$-0.02B,$-0.02B,200.00%,$-0.02B,$-0.02B,200.00%,$-0.02B,$0.11B,-19.25%,$0.02B,$0.05B,37.80%,$20,$7,$13,$0,$1,$13,$7,$-1,$6,$2,$4,$4,$5,$9,$7,$3,3,$1.73,$1.73,$8,$0,$0,$29,$54,$0,$0,$26,$81,$110,$36,$67,$22,$89,$125,$0,$-31,$0,$-15,$110,$9,$4,$-2,$2,$-7,$0,$0,$1,$-6,$5,$-4,$0,$0,$0,$0,$0,$0,$-4,$-8,$-0,$-8,$0,$0,$0,$0,$-8,$-7,$0,$0
2,2018-03-31,103.8,$-7.05,-14.72,$25.25,4.11,$15.19,6.83,$-8.27,0.0,$0.03B,$0.04B,0.81,$0.07B,$-0.02B,-3.75,$0.07B,$0.05B,72.06%,$0.07B,$0.03B,36.76%,$0.07B,$0.03B,36.76%,$0.07B,$0.03B,47.06%,$0.07B,$0.02B,32.35%,$0.07B,$-0.02B,-33.82%,$-0.02B,$-0.02B,418.18%,$-0.02B,$-0.02B,418.18%,$-0.02B,$0.11B,-17.93%,$0.03B,$0.05B,33.44%,$17,$6,$12,$0,$1,$11,$7,$-0,$6,$2,$5,$5,$5,$8,$7,$3,3,$1.85,$1.85,$13,$0,$0,$29,$54,$0,$0,$27,$82,$111,$36,$72,$22,$94,$130,$0,$-36,$0,$-19,$111,$5,$2,$-1,$0,$-2,$0,$0,$1,$-1,$4,$-3,$0,$0,$0,$0,$0,$0,$-3,$-2,$-0,$-3,$0,$0,$0,$0,$-3,$-1,$0,$0
3,2017-12-31,104.65,$-8.76,-11.94,$24.26,4.31,$15.87,6.59,$-8.95,0.0,$0.05B,$0.03B,1.39,$0.08B,$-0.02B,-3.25,$0.07B,$0.05B,72.73%,$0.07B,$0.02B,36.36%,$0.07B,$0.02B,36.36%,$0.07B,$0.03B,48.48%,$0.07B,$0.02B,30.30%,$0.07B,$-0.03B,-37.88%,$-0.03B,$-0.02B,-5000.00%,$-0.03B,$-0.02B,-5000.00%,$-0.03B,$0.11B,-18.42%,$0.02B,$0.05B,27.91%,$16,$5,$11,$0,$2,$12,$4,$-0,$4,$40,$-36,$-36,$-36,$6,$4,$3,3,$-13.11,$-13.11,$31,$0,$0,$47,$52,$0,$0,$10,$62,$109,$34,$77,$22,$99,$133,$0,$-41,$0,$-24,$109,$-26,$7,$37,$44,$-3,$0,$0,$1,$0,$19,$-1,$0,$0,$0,$-0,$-0,$-3,$-4,$-10,$-1,$-11,$0,$0,$0,$-0,$-11,$4,$0,$0
4,2017-09-30,116.0,$4.47,25.93,$23.44,4.95,$15.24,7.61,$4.32,26.85,$0.05B,$0.03B,1.58,$0.08B,$0.01B,6.81,$0.06B,$0.05B,73.44%,$0.06B,$0.02B,31.25%,$0.06B,$0.02B,31.25%,$0.06B,$0.03B,43.75%,$0.06B,$0.02B,25.00%,$0.06B,$0.01B,17.19%,$0.01B,$0.01B,157.14%,$0.01B,$0.01B,157.14%,$0.01B,$0.15B,7.65%,$0.02B,$0.10B,20.67%,$17,$5,$12,$0,$1,$10,$6,$-1,$5,$2,$3,$3,$3,$8,$6,$3,3,$1.28,$1.28,$32,$1,$0,$49,$54,$0,$0,$7,$99,$148,$31,$83,$22,$105,$136,$0,$-5,$0,$12,$148,$10,$6,$-2,$4,$-4,$0,$0,$1,$-1,$13,$0,$0,$0,$0,$-0,$-0,$0,$0,$-7,$-1,$-8,$0,$0,$0,$0,$-8,$5,$0,$0
5,2017-06-30,114.95,$3.31,34.76,$22.65,5.08,$14.99,7.67,$4.28,26.86,$0.05B,$0.03B,1.77,$0.09B,$0.01B,9.8,$0.06B,$0.05B,75.41%,$0.06B,$0.02B,32.79%,$0.06B,$0.02B,32.79%,$0.06B,$0.03B,45.90%,$0.06B,$0.02B,26.23%,$0.06B,$0.01B,18.03%,$0.01B,$0.01B,244.44%,$0.01B,$0.01B,244.44%,$0.01B,$0.15B,7.71%,$0.02B,$0.10B,20.41%,$18,$5,$14,$0,$1,$10,$8,$-2,$7,$2,$4,$4,$5,$10,$8,$3,3,$1.71,$1.71,$32,$1,$0,$47,$53,$0,$0,$7,$98,$145,$26,$88,$22,$110,$136,$0,$-9,$0,$9,$145,$7,$4,$-2,$2,$-3,$0,$0,$1,$-1,$8,$2,$0,$0,$0,$0,$0,$0,$2,$-5,$-0,$-5,$0,$0,$0,$0,$-5,$5,$0,$0
6,2017-03-31,117.15,$1.74,67.22,$20.99,5.58,$14.09,8.32,$3.46,33.86,$0.04B,$0.02B,1.84,$0.09B,$0.01B,19.68,$0.06B,$0.04B,73.68%,$0.06B,$0.02B,29.82%,$0.06B,$0.02B,29.82%,$0.06B,$0.03B,43.86%,$0.06B,$0.01B,21.05%,$0.06B,$0.01B,14.04%,$0.01B,$0.01B,400.00%,$0.01B,$0.01B,400.00%,$0.01B,$0.14B,5.60%,$0.02B,$0.10B,17.26%,$15,$4,$11,$0,$1,$9,$6,$-1,$4,$2,$3,$3,$3,$8,$6,$3,3,$1.17,$1.17,$27,$1,$0,$41,$54,$0,$0,$7,$100,$141,$22,$93,$21,$114,$137,$0,$-13,$0,$5,$141,$3,$2,$-0,$2,$-2,$0,$0,$0,$-1,$3,$-0,$0,$0,$0,$0,$0,$0,$-0,$-2,$-0,$-3,$0,$0,$0,$0,$-3,$0,$0,$0
7,2016-12-31,124.3,$0.74,167.59,$20.21,6.15,$14.44,8.61,$2.48,50.12,$0.04B,$0.02B,1.73,$0.10B,$0.00B,47.34,$0.06B,$0.04B,72.73%,$0.06B,$0.01B,25.45%,$0.06B,$0.01B,25.45%,$0.06B,$0.02B,41.82%,$0.06B,$0.01B,14.55%,$0.06B,$0.01B,10.91%,$0.01B,$0.00B,inf%,$0.01B,$0.00B,inf%,$0.01B,$0.14B,4.17%,$0.01B,$0.10B,14.18%,$14,$4,$10,$0,$2,$14,$-0,$0,$0,$0,$-0,$-0,$0,$2,$-0,$3,3,$0.16,$0.16,$27,$1,$0,$40,$56,$0,$0,$7,$102,$141,$23,$95,$21,$116,$139,$0,$-17,$0,$2,$141,$5,$9,$1,$10,$2,$0,$0,$1,$1,$16,$-0,$0,$0,$0,$-0,$-0,$-1,$-1,$-9,$-2,$-11,$0,$0,$0,$0,$-11,$4,$0,$0
8,2016-09-30,83.4,$0.79,105.82,$20.54,4.06,$13.02,6.4,$-1.52,0.0,$0.04B,$0.02B,1.75,$0.10B,$0.00B,45.59,$0.06B,$0.03B,60.71%,$0.06B,$-0.00B,-7.14%,$0.06B,$-0.00B,-7.14%,$0.06B,$-0.02B,-33.93%,$0.06B,$-0.01B,-19.64%,$0.06B,$-0.00B,-7.14%,$-0.00B,$0.00B,320.00%,$-0.00B,$0.00B,320.00%,$-0.00B,$0.14B,-2.75%,$-0.00B,$0.10B,-4.01%,$14,$3,$11,$0,$1,$9,$6,$-1,$5,$2,$3,$3,$3,$8,$6,$3,3,$1.24,$1.24,$27,$1,$0,$38,$61,$0,$0,$7,$106,$144,$22,$98,$23,$120,$142,$0,$-17,$0,$2,$144,$5,$6,$-1,$6,$3,$0,$0,$0,$2,$12,$0,$0,$0,$0,$-0,$-0,$-1,$-1,$-7,$-1,$-8,$0,$0,$0,$0,$-8,$4,$0,$0
9,2016-06-30,82.25,$-0.31,-262.36,$24.00,3.43,$12.83,6.41,$-6.44,0.0,$0.04B,$0.02B,1.6,$0.10B,$-0.00B,-117.2,$0.07B,$0.05B,71.21%,$0.07B,$-0.02B,-34.85%,$0.07B,$-0.02B,-34.85%,$0.07B,$-0.01B,-21.21%,$0.07B,$-0.03B,-48.48%,$0.07B,$-0.02B,-25.76%,$-0.02B,$-0.00B,-2266.67%,$-0.02B,$-0.00B,-2266.67%,$-0.02B,$0.15B,-11.31%,$-0.02B,$0.10B,-22.12%,$14,$4,$10,$0,$1,$9,$5,$-2,$3,$1,$2,$2,$2,$7,$5,$3,3,$0.89,$0.89,$24,$1,$0,$38,$63,$0,$0,$7,$107,$145,$24,$100,$23,$122,$146,$0,$-20,$0,$-1,$145,$2,$4,$-0,$4,$3,$0,$0,$-0,$1,$7,$0,$0,$0,$0,$-0,$-0,$-1,$-1,$-4,$-1,$-5,$0,$0,$0,$0,$-5,$2,$0,$0
10,2016-03-31,81.7,$-1.03,-79.34,$25.96,3.15,$10.16,8.04,$-6.85,0.0,$0.04B,$0.02B,1.53,$0.10B,$-0.00B,-36.46,$0.07B,$0.05B,70.42%,$0.07B,$-0.02B,-33.80%,$0.07B,$-0.02B,-33.80%,$0.07B,$-0.01B,-18.31%,$0.07B,$-0.03B,-46.48%,$0.07B,$-0.02B,-25.35%,$-0.02B,$-0.00B,-288.00%,$-0.02B,$-0.00B,-288.00%,$-0.02B,$0.15B,-11.46%,$-0.02B,$0.10B,-21.52%,$13,$4,$9,$0,$1,$9,$3,$-3,$0,$0,$0,$0,$1,$6,$3,$3,3,$0.19,$0.19,$23,$1,$0,$36,$64,$0,$0,$8,$109,$145,$24,$102,$22,$124,$148,$0,$-23,$0,$-3,$145,$0,$3,$0,$3,$2,$0,$0,$0,$2,$4,$-0,$0,$0,$0,$0,$0,$-1,$-1,$-2,$-1,$-3,$0,$0,$0,$0,$-3,$1,$0,$0
11,2015-12-31,89.31,$-1.06,-84.64,$27.41,3.26,$9.84,9.08,$-6.38,0.0,$0.04B,$0.03B,1.52,$0.10B,$-0.00B,-36.35,$0.08B,$0.05B,70.67%,$0.08B,$-0.02B,-30.67%,$0.08B,$-0.02B,-30.67%,$0.08B,$-0.01B,-16.00%,$0.08B,$-0.03B,-40.00%,$0.08B,$-0.02B,-22.67%,$-0.02B,$-0.00B,-141.67%,$-0.02B,$-0.00B,-141.67%,$-0.02B,$0.15B,-10.63%,$-0.02B,$0.10B,-25.07%,$15,$11,$4,$0,$2,$33,$-18,$-1,$-19,$-6,$-13,$-13,$-10,$-40,$-18,$3,3,$-3.83,$-3.83,$22,$1,$0,$38,$66,$0,$0,$7,$109,$147,$25,$104,$20,$125,$150,$0,$-23,$0,$-3,$147,$-21,$11,$22,$33,$4,$-0,$0,$-3,$-4,$9,$3,$0,$0,$0,$-0,$-0,$-7,$-5,$18,$-1,$16,$0,$0,$0,$-0,$16,$20,$0,$0
12,2015-09-30,99.34,$3.77,26.34,$29.91,3.32,$5.03,19.77,$-2.54,0.0,$0.04B,$0.03B,1.6,$0.11B,$0.01B,10.39,$0.08B,$0.07B,85.37%,$0.08B,$-0.02B,-21.95%,$0.08B,$-0.02B,-21.95%,$0.08B,$0.02B,21.95%,$0.08B,$-0.03B,-30.49%,$0.08B,$-0.02B,-19.51%,$-0.02B,$0.01B,-92.75%,$-0.02B,$0.01B,-92.75%,$-0.02B,$0.16B,-9.82%,$-0.02B,$0.12B,-25.35%,$24,$0,$24,$0,$1,$37,$-13,$-3,$-16,$-5,$-10,$-10,$-10,$13,$-13,$3,3,$-3.68,$-3.68,$26,$1,$0,$42,$87,$0,$0,$7,$122,$164,$27,$106,$21,$127,$154,$0,$-13,$0,$10,$164,$-8,$33,$-14,$18,$5,$-0,$0,$-3,$-2,$9,$3,$0,$0,$0,$0,$0,$-7,$-4,$20,$-1,$19,$0,$0,$0,$-0,$18,$23,$0,$0
13,2015-06-30,138.02,$7.61,18.13,$31.33,4.41,$1.95,70.69,$1.14,121.07,$0.03B,$0.02B,1.4,$0.11B,$0.02B,5.25,$0.09B,$0.07B,77.91%,$0.09B,$0.01B,6.98%,$0.09B,$0.01B,6.98%,$0.09B,$0.02B,23.26%,$0.09B,$0.00B,1.16%,$0.09B,$0.00B,0.00%,$0.00B,$0.02B,0.00%,$0.00B,$0.02B,0.00%,$0.00B,$0.17B,0.00%,$0.01B,$0.13B,12.31%,$19,$6,$13,$0,$1,$15,$4,$-2,$2,$1,$1,$1,$1,$8,$4,$3,3,$0.48,$0.48,$17,$1,$0,$33,$114,$0,$0,$5,$140,$172,$23,$109,$20,$128,$152,$0,$-3,$0,$21,$172,$3,$7,$-2,$5,$4,$-0,$0,$-4,$-4,$3,$-3,$0,$0,$0,$0,$0,$-5,$-8,$21,$-1,$20,$0,$0,$0,$-1,$19,$15,$0,$0
14,2015-03-31,125.8,$7.26,17.32,$32.81,3.83,$2.71,46.38,$2.12,59.34,$0.02B,$0.05B,0.52,$0.00B,$0.02B,0.0,$0.09B,$0.07B,73.33%,$0.09B,$0.01B,11.11%,$0.09B,$0.01B,11.11%,$0.09B,$0.02B,25.56%,$0.09B,$0.01B,5.56%,$0.09B,$0.00B,3.33%,$0.00B,$0.02B,13.79%,$0.00B,$0.02B,13.79%,$0.00B,$0.16B,1.81%,$0.01B,$0.02B,45.98%,$17,$5,$12,$0,$1,$13,$4,$-1,$3,$1,$2,$2,$2,$7,$4,$3,3,$0.66,$0.66,$4,$1,$0,$23,$116,$0,$0,$0,$134,$157,$45,$0,$93,$93,$138,$0,$-4,$0,$20,$157,$2,$2,$-1,$2,$4,$-0,$0,$2,$2,$6,$-2,$0,$0,$0,$0,$0,$0,$-2,$-1,$-0,$-1,$0,$0,$0,$-0,$-1,$2,$0,$0
15,2014-12-31,138.0,$6.67,20.7,$34.55,3.99,$1.08,127.4,$2.96,46.62,$0.02B,$0.05B,0.47,$0.00B,$0.02B,0.0,$0.09B,$0.07B,75.53%,$0.09B,$0.01B,14.89%,$0.09B,$0.01B,14.89%,$0.09B,$0.03B,28.72%,$0.09B,$0.01B,8.51%,$0.09B,$0.01B,5.32%,$0.01B,$0.02B,23.81%,$0.01B,$0.02B,23.81%,$0.01B,$0.16B,2.99%,$0.01B,$0.02B,66.67%,$22,$1,$21,$0,$2,$34,$-13,$-1,$-14,$-5,$-9,$-9,$-9,$-10,$-13,$3,3,$-3.36,$-3.36,$2,$1,$0,$23,$116,$0,$0,$0,$136,$159,$48,$0,$93,$93,$141,$0,$-6,$0,$18,$159,$5,$12,$15,$27,$-3,$-0,$0,$-8,$-12,$20,$-21,$0,$0,$0,$0,$0,$2,$-19,$-0,$-2,$-2,$0,$0,$0,$-0,$-3,$-2,$0,$0
16,2014-09-30,122.16,$10.12,12.07,$34.18,3.57,$3.07,39.81,$-1.87,0.0,$0.04B,$0.04B,0.83,$0.00B,$0.03B,0.0,$0.09B,$0.07B,72.04%,$0.09B,$0.01B,9.68%,$0.09B,$0.01B,9.68%,$0.09B,$0.02B,25.81%,$0.09B,$0.00B,2.15%,$0.09B,$0.00B,1.08%,$0.00B,$0.03B,5.13%,$0.00B,$0.03B,5.13%,$0.00B,$0.18B,0.60%,$0.01B,$0.03B,46.15%,$28,$7,$21,$0,$1,$16,$11,$-2,$10,$3,$6,$6,$6,$15,$11,$3,3,$2.30,$2.30,$7,$1,$0,$36,$133,$0,$0,$0,$142,$179,$44,$0,$105,$107,$151,$0,$3,$0,$28,$179,$14,$9,$3,$12,$-5,$-0,$0,$2,$-4,$22,$-19,$0,$0,$0,$0,$0,$2,$-17,$-0,$-2,$-2,$0,$0,$0,$0,$-2,$3,$0,$0
17,2014-06-30,127.12,$7.80,16.3,$31.20,4.07,$2.42,52.45,$-0.46,0.0,$0.03B,$0.04B,0.79,$0.00B,$0.02B,0.0,$0.09B,$0.06B,74.12%,$0.09B,$0.01B,7.06%,$0.09B,$0.01B,7.06%,$0.09B,$0.02B,22.35%,$0.09B,$-0.00B,-2.35%,$0.09B,$-0.00B,-1.18%,$-0.00B,$0.02B,-5.33%,$-0.00B,$0.02B,-5.33%,$-0.00B,$0.17B,-0.61%,$0.01B,$0.02B,32.00%,$23,$12,$12,$0,$1,$15,$8,$-2,$6,$2,$4,$4,$4,$11,$8,$3,3,$1.46,$1.46,$6,$1,$0,$34,$128,$0,$0,$0,$135,$168,$43,$0,$104,$104,$147,$0,$-3,$0,$21,$168,$8,$6,$2,$7,$-4,$-0,$0,$4,$-2,$14,$-12,$0,$0,$0,$0,$0,$2,$-10,$0,$-2,$-2,$0,$0,$0,$0,$-2,$2,$0,$0
18,2014-03-31,132.51,$6.35,20.87,$28.92,4.58,$1.91,69.43,$-0.78,0.0,$0.03B,$0.03B,0.98,$0.00B,$0.02B,0.0,$0.08B,$0.07B,83.54%,$0.08B,$0.00B,5.06%,$0.08B,$0.00B,5.06%,$0.08B,$0.02B,21.52%,$0.08B,$-0.00B,-3.80%,$0.08B,$-0.00B,-2.53%,$-0.00B,$0.02B,-10.67%,$-0.00B,$0.02B,-10.67%,$-0.00B,$0.16B,-1.23%,$0.00B,$0.02B,21.33%,$21,$5,$17,$0,$1,$13,$8,$-2,$6,$2,$4,$4,$4,$11,$8,$3,3,$1.50,$1.50,$3,$0,$0,$29,$126,$0,$0,$0,$134,$163,$30,$0,$116,$116,$146,$0,$-7,$0,$17,$163,$4,$3,$2,$5,$-3,$-0,$0,$1,$-4,$5,$-6,$0,$0,$0,$0,$0,$2,$-5,$0,$-1,$-1,$0,$0,$0,$0,$-1,$-1,$0,$0
19,2013-12-31,127.05,$4.60,27.65,$25.27,5.03,$1.80,70.67,$-2.47,0.0,$0.03B,$0.03B,0.93,$0.00B,$0.01B,0.0,$0.07B,$0.06B,84.06%,$0.07B,$-0.00B,-4.35%,$0.07B,$-0.00B,-4.35%,$0.07B,$0.01B,13.04%,$0.07B,$-0.01B,-14.49%,$0.07B,$-0.01B,-10.14%,$-0.01B,$0.01B,-36.84%,$-0.01B,$0.01B,-36.84%,$-0.01B,$0.16B,-4.35%,$-0.00B,$0.01B,-15.79%,$21,$4,$17,$0,$2,$39,$-18,$-2,$-20,$-7,$-13,$-13,$-13,$-13,$-18,$3,3,$-4.83,$-4.83,$6,$0,$0,$28,$120,$0,$0,$0,$130,$158,$31,$0,$115,$115,$145,$0,$-11,$0,$12,$158,$-6,$13,$20,$33,$-3,$-0,$0,$3,$-2,$24,$-20,$0,$0,$0,$0,$0,$-2,$-22,$2,$-0,$1,$0,$0,$0,$0,$1,$4,$0,$0
20,2013-09-30,123.95,$9.37,13.22,$22.61,5.48,$0.38,324.56,$2.12,58.47,$0.03B,$0.02B,1.41,$0.00B,$0.03B,0.0,$0.06B,$0.05B,85.25%,$0.06B,$0.02B,26.23%,$0.06B,$0.02B,26.23%,$0.06B,$0.03B,40.98%,$0.06B,$0.01B,14.75%,$0.06B,$0.01B,8.20%,$0.01B,$0.03B,24.10%,$0.01B,$0.03B,24.10%,$0.01B,$0.17B,3.13%,$0.02B,$0.03B,77.11%,$20,$3,$17,$0,$1,$12,$8,$-2,$6,$2,$4,$4,$4,$10,$8,$3,3,$1.41,$1.41,$4,$0,$0,$27,$140,$0,$0,$0,$142,$169,$19,$0,$124,$125,$144,$0,$2,$0,$25,$169,$7,$8,$1,$9,$-4,$-0,$0,$5,$-0,$16,$-14,$0,$0,$0,$0,$0,$-2,$-15,$2,$0,$2,$0,$0,$0,$0,$2,$2,$0,$0
21,2013-06-30,93.18,$7.90,11.79,$20.10,4.64,$0.57,162.99,$0.28,332.79,$0.02B,$0.02B,1.32,$0.00B,$0.02B,0.0,$0.05B,$0.05B,85.19%,$0.05B,$0.01B,16.67%,$0.05B,$0.01B,16.67%,$0.05B,$0.02B,37.04%,$0.05B,$0.00B,1.85%,$0.05B,0,0.00%,$0.00B,$0.02B,0.00%,$0.00B,$0.02B,0.00%,$0.00B,$0.16B,0.00%,$0.01B,$0.02B,46.75%,$17,$2,$15,$0,$1,$11,$6,$-2,$5,$2,$3,$3,$3,$9,$6,$3,3,$1.14,$1.14,$3,$0,$0,$24,$135,$0,$0,$0,$138,$161,$18,$0,$122,$122,$140,$0,$-2,$0,$21,$161,$3,$5,$0,$6,$-3,$0,$0,$3,$-1,$7,$-7,$0,$0,$0,$0,$0,$-2,$-8,$2,$0,$2,$0,$0,$0,$0,$2,$1,$0,$0
22,2013-03-31,99.14,$6.74,14.72,$18.55,5.34,$0.90,110.08,$0.06,1652.33,$0.02B,$0.04B,0.52,$0.00B,$0.02B,0.0,$0.05B,$0.04B,84.00%,$0.05B,$0.01B,10.00%,$0.05B,$0.01B,10.00%,$0.05B,$0.02B,32.00%,$0.05B,0,0.00%,$0.05B,$-0.00B,-2.00%,$-0.00B,$0.02B,-5.26%,$-0.00B,$0.02B,-5.26%,$-0.00B,$0.16B,-0.65%,$0.01B,$0.02B,26.32%,$11,$2,$9,$0,$1,$11,$1,$-2,$-1,$-0,$-1,$-1,$-1,$3,$1,$3,3,$-0.19,$-0.19,$2,$0,$0,$19,$134,$0,$0,$0,$137,$156,$36,$0,$102,$102,$138,$0,$-5,$0,$18,$156,$-1,$3,$-0,$2,$1,$0,$0,$2,$-0,$2,$-3,$0,$0,$0,$0,$0,$-2,$-5,$2,$2,$3,$0,$0,$0,$0,$3,$0,$0,$0
23,2012-12-31,103.99,$6.92,15.02,$18.55,5.6,$2.12,49.13,$0.82,126.82,$0.02B,$0.04B,0.49,$0.00B,$0.02B,0.0,$0.05B,$0.04B,88.00%,$0.05B,$0.01B,12.00%,$0.05B,$0.01B,12.00%,$0.05B,$0.02B,36.00%,$0.05B,$0.00B,6.00%,$0.05B,$0.00B,4.00%,$0.00B,$0.02B,10.53%,$0.00B,$0.02B,10.53%,$0.00B,$0.15B,1.32%,$0.01B,$0.02B,31.58%,$13,$2,$11,$0,$1,$13,$1,$-2,$-1,$-0,$-1,$-1,$-1,$3,$1,$3,3,$-0.24,$-0.24,$1,$0,$0,$17,$133,$0,$0,$0,$137,$154,$36,$0,$99,$99,$135,$0,$-5,$0,$19,$154,$2,$12,$1,$13,$-5,$-0,$0,$4,$1,$17,$-17,$0,$0,$0,$5,$5,$0,$-12,$-7,$0,$-6,$0,$0,$0,$0,$-6,$-2,$0,$0
24,2012-09-30,116.0,$7.13,16.27,$17.89,6.48,$1.35,85.96,$-0.53,0.0,$0.02B,$0.07B,0.21,$0.00B,$0.02B,0.0,$0.05B,$0.05B,91.84%,$0.05B,$0.01B,10.20%,$0.05B,$0.01B,10.20%,$0.05B,$0.02B,32.65%,$0.05B,$-0.00B,-6.12%,$0.05B,$-0.00B,-2.04%,$-0.00B,$0.02B,-5.26%,$-0.00B,$0.02B,-5.26%,$-0.00B,$0.15B,-0.66%,$0.01B,$0.02B,26.32%,$13,$2,$11,$0,$1,$12,$1,$-3,$-2,$-1,$-1,$-1,$-1,$5,$1,$3,3,$-0.43,$-0.43,$2,$0,$0,$16,$133,$0,$0,$0,$138,$153,$74,$0,$60,$60,$134,$0,$-4,$0,$19,$153,$3,$9,$0,$10,$-4,$0,$0,$5,$1,$14,$-12,$0,$0,$0,$5,$5,$0,$-7,$-7,$-1,$-7,$0,$0,$0,$0,$-7,$0,$0,$0
25,2012-06-30,110.0,$7.52,14.64,$17.31,6.36,$0.13,854.04,$5.31,20.72,$0.02B,$0.07B,0.2,$0.00B,$0.02B,0.0,$0.05B,$0.05B,95.74%,$0.05B,$0.01B,12.77%,$0.05B,$0.01B,12.77%,$0.05B,$0.02B,34.04%,$0.05B,$0.02B,46.81%,$0.05B,$0.02B,31.91%,$0.02B,$0.02B,75.95%,$0.02B,$0.02B,75.95%,$0.02B,$0.15B,9.74%,$0.01B,$0.02B,30.38%,$13,$1,$11,$0,$1,$11,$2,$2,$4,$1,$3,$3,$2,$5,$2,$3,3,$0.92,$0.92,$2,$0,$2,$15,$131,$0,$0,$2,$137,$152,$72,$0,$60,$60,$132,$0,$-3,$0,$20,$152,$4,$6,$-2,$4,$-2,$0,$0,$3,$2,$9,$-8,$0,$0,$0,$5,$5,$0,$-3,$-7,$-1,$-7,$0,$0,$0,$0,$-7,$-1,$0,$0
26,2012-03-31,87.36,$6.56,13.31,$16.91,5.17,$-0.85,0.0,$4.87,17.94,$0.01B,$0.05B,0.21,$0.00B,$0.02B,0.0,$0.05B,$0.05B,100.00%,$0.05B,$0.01B,10.87%,$0.05B,$0.01B,10.87%,$0.05B,$0.02B,32.61%,$0.05B,$0.02B,43.48%,$0.05B,$0.01B,30.43%,$0.01B,$0.02B,71.79%,$0.01B,$0.02B,71.79%,$0.01B,$0.15B,8.85%,$0.01B,$0.02B,25.64%,$11,$1,$11,$0,$1,$10,$2,$0,$2,$1,$2,$2,$2,$5,$2,$3,3,$0.57,$0.57,$1,$0,$0,$11,$130,$0,$0,$0,$136,$147,$54,$0,$76,$76,$129,$0,$-5,$0,$18,$147,$2,$3,$-0,$2,$-1,$0,$0,$2,$2,$5,$-4,$0,$0,$0,$5,$5,$0,$1,$-7,$-1,$-7,$0,$0,$0,$0,$-7,$-1,$0,$0
27,2011-12-31,89.56,$6.82,13.12,$16.79,5.33,$-3.03,0.0,$2.72,32.93,$0.01B,$0.06B,0.24,$0.00B,$0.02B,0.0,$0.05B,$0.05B,100.00%,$0.05B,$0.01B,10.87%,$0.05B,$0.01B,10.87%,$0.05B,$0.02B,32.61%,$0.05B,$0.01B,23.91%,$0.05B,$0.01B,17.39%,$0.01B,$0.02B,43.24%,$0.01B,$0.02B,43.24%,$0.01B,$0.15B,4.91%,$0.01B,$0.02B,13.42%,$12,$0,$12,$0,$1,$12,$-0,$-7,$-7,$-2,$-4,$-4,$-4,$1,$-0,$3,3,$-1.59,$-1.59,$2,$0,$1,$13,$127,$5,$0,$1,$139,$152,$56,$0,$78,$78,$133,$0,$-7,$2,$19,$152,$7,$11,$-11,$-0,$-0,$-0,$0,$1,$-0,$7,$-9,$0,$0,$0,$16,$16,$1,$8,$-19,$0,$-18,$0,$0,$0,$0,$-18,$-4,$0,$0
28,2011-09-30,57.79,$8.18,7.06,$17.16,3.37,$1.67,34.69,$3.35,17.25,$0.03B,$0.06B,0.39,$0.00B,$0.02B,0.0,$0.05B,$0.05B,100.00%,$0.05B,$0.01B,12.77%,$0.05B,$0.01B,12.77%,$0.05B,$0.02B,40.43%,$0.05B,$0.01B,29.79%,$0.05B,$0.01B,19.15%,$0.01B,$0.02B,48.65%,$0.01B,$0.02B,48.65%,$0.01B,$0.17B,5.36%,$0.01B,$0.02B,14.04%,$11,$0,$11,$0,$1,$9,$2,$21,$23,$8,$15,$15,$15,$5,$2,$3,3,$5.41,$5.41,$8,$0,$4,$25,$129,$4,$0,$4,$140,$165,$63,$0,$80,$80,$143,$0,$-2,$2,$22,$165,$12,$10,$-19,$-9,$0,$0,$0,$2,$2,$5,$-6,$0,$0,$0,$12,$12,$-2,$5,$-12,$2,$-10,$0,$0,$0,$0,$-10,$-1,$0,$0
29,2011-06-30,66.08,$6.88,9.6,$16.71,3.96,$4.44,14.88,$-2.98,0.0,$0.02B,$0.07B,0.22,$0.00B,$0.02B,0.0,$0.05B,$0.05B,100.00%,$0.05B,$0.00B,8.70%,$0.05B,$0.00B,8.70%,$0.05B,$0.02B,39.13%,$0.05B,$-0.01B,-28.26%,$0.05B,$-0.01B,-19.57%,$-0.01B,$0.02B,-49.32%,$-0.01B,$0.02B,-49.32%,$-0.01B,$0.17B,-5.26%,$0.00B,$0.02B,5.93%,$12,$0,$12,$0,$1,$11,$1,$1,$2,$1,$1,$1,$1,$4,$1,$3,3,$0.48,$0.48,$5,$0,$2,$16,$128,$21,$0,$1,$154,$169,$71,$0,$80,$80,$151,$0,$-17,$13,$19,$169,$-3,$6,$-5,$2,$0,$0,$0,$2,$2,$1,$-2,$0,$0,$0,$0,$0,$-2,$-4,$-1,$0,$-1,$0,$0,$0,$0,$-1,$-4,$0,$0
30,2011-03-31,65.0,$5.19,12.52,$15.89,4.09,$6.11,10.64,$-3.10,0.0,$0.01B,$0.06B,0.24,$0.08B,$0.01B,5.31,$0.04B,$0.04B,100.00%,$0.04B,$0.00B,4.55%,$0.04B,$0.00B,4.55%,$0.04B,$0.02B,38.64%,$0.04B,$-0.01B,-31.82%,$0.04B,$-0.01B,-20.45%,$-0.01B,$0.01B,-51.43%,$-0.01B,$0.01B,-51.43%,$-0.01B,$0.17B,-5.24%,$0.00B,$0.09B,2.17%,$11,$0,$11,$0,$1,$10,$2,$-8,$-7,$-2,$-4,$-4,$-4,$5,$2,$3,3,$-1.58,$-1.58,$4,$0,$0,$14,$130,$16,$0,$0,$152,$166,$60,$75,$17,$92,$152,$0,$-18,$10,$14,$166,$-4,$3,$-3,$1,$0,$0,$0,$2,$0,$-3,$-1,$0,$0,$0,$0,$0,$-2,$-3,$1,$0,$1,$0,$0,$0,$0,$1,$-5,$0,$0
31,2010-12-31,84.3,$6.82,12.36,$15.53,5.43,$8.54,9.87,$-1.02,0.0,$0.02B,$0.04B,0.55,$0.02B,$0.02B,1.23,$0.04B,$0.04B,100.00%,$0.04B,$0.00B,2.33%,$0.04B,$0.00B,2.33%,$0.04B,$0.02B,37.21%,$0.04B,$-0.01B,-11.63%,$0.04B,$-0.00B,-9.30%,$-0.00B,$0.02B,-22.22%,$-0.00B,$0.02B,-22.22%,$-0.00B,$0.17B,-2.30%,$0.00B,$0.04B,1.00%,$13,$0,$13,$0,$2,$11,$1,$-6,$-4,$-2,$-3,$-3,$-3,$5,$1,$3,3,$-0.97,$-0.97,$7,$0,$2,$19,$132,$16,$0,$0,$153,$172,$35,$23,$96,$119,$153,$0,$-14,$10,$19,$172,$-3,$15,$1,$16,$1,$0,$0,$-2,$-1,$12,$-1,$0,$0,$0,$0,$0,$-0,$-1,$-8,$-0,$-8,$0,$0,$0,$0,$-8,$3,$0,$0
32,2010-09-30,60.2,$7.73,7.79,$14.40,4.18,$12.29,4.9,$-2.02,0.0,$0.02B,$0.04B,0.57,$0.10B,$0.02B,4.78,$0.04B,$0.04B,100.00%,$0.04B,$-0.01B,-12.50%,$0.04B,$-0.01B,-12.50%,$0.04B,$0.02B,37.50%,$0.04B,$-0.01B,-30.00%,$0.04B,$-0.01B,-15.00%,$-0.01B,$0.02B,-35.82%,$-0.01B,$0.02B,-35.82%,$-0.01B,$0.18B,-3.43%,$-0.01B,$0.12B,-4.13%,$10,$0,$10,$0,$1,$10,$-0,$-4,$-4,$-1,$-3,$-3,$-3,$4,$-0,$3,3,$-0.92,$-0.92,$6,$0,$4,$20,$136,$16,$0,$1,$157,$177,$35,$100,$20,$121,$156,$0,$-12,$9,$21,$177,$-0,$11,$-1,$10,$2,$0,$0,$-1,$-1,$10,$-3,$0,$0,$0,$0,$0,$-0,$-3,$-5,$1,$-4,$0,$0,$0,$0,$-4,$2,$0,$0
33,2010-06-30,47.18,$5.93,7.96,$13.62,3.46,$15.81,2.98,$-1.84,0.0,$0.02B,$0.04B,0.53,$0.10B,$0.02B,6.27,$0.04B,$0.04B,100.00%,$0.04B,$-0.01B,-18.42%,$0.04B,$-0.01B,-18.42%,$0.04B,$0.01B,36.84%,$0.04B,$-0.01B,-28.95%,$0.04B,$-0.01B,-13.16%,$-0.01B,$0.02B,-31.25%,$-0.01B,$0.02B,-31.25%,$-0.01B,$0.17B,-2.84%,$-0.01B,$0.12B,-5.54%,$10,$0,$10,$0,$1,$10,$-1,$2,$1,$0,$1,$1,$1,$3,$-1,$3,3,$0.36,$0.36,$5,$0,$5,$19,$139,$4,$0,$3,$153,$172,$35,$101,$19,$120,$155,$0,$-9,$2,$16,$172,$2,$7,$-3,$4,$2,$0,$0,$-1,$-1,$5,$-2,$0,$0,$0,$0,$0,$-0,$-2,$-3,$1,$-3,$0,$0,$0,$0,$-3,$1,$0,$0
34,2010-03-31,65.55,$5.73,11.43,$12.83,5.11,$18.39,3.57,$-5.15,0.0,$0.02B,$0.03B,0.57,$0.10B,$0.02B,6.7,$0.04B,$0.04B,100.00%,$0.04B,$-0.01B,-20.00%,$0.04B,$-0.01B,-20.00%,$0.04B,$0.01B,40.00%,$0.04B,$-0.02B,-68.57%,$0.04B,$-0.01B,-40.00%,$-0.01B,$0.02B,-82.35%,$-0.01B,$0.02B,-82.35%,$-0.01B,$0.17B,-7.77%,$-0.01B,$0.12B,-5.27%,$10,$0,$10,$0,$1,$10,$1,$1,$2,$1,$1,$1,$1,$4,$1,$3,3,$0.50,$0.50,$5,$0,$4,$18,$141,$5,$0,$2,$155,$174,$32,$104,$21,$126,$158,$0,$-10,$3,$16,$174,$1,$3,$-1,$2,$2,$0,$0,$-0,$-1,$3,$-0,$0,$0,$0,$0,$0,$0,$-0,$-2,$1,$-1,$0,$0,$0,$0,$-1,$1,$0,$0
35,2009-12-31,71.5,$5.05,14.15,$11.67,6.13,$19.51,3.66,$-4.99,0.0,$0.02B,$0.03B,0.69,$0.11B,$0.01B,8.18,$0.03B,$0.03B,100.00%,$0.03B,$-0.01B,-31.25%,$0.03B,$-0.01B,-31.25%,$0.03B,$0.01B,40.63%,$0.03B,$-0.02B,-71.88%,$0.03B,$-0.01B,-40.63%,$-0.01B,$0.01B,-65.82%,$-0.01B,$0.01B,-65.82%,$-0.01B,$0.18B,-6.96%,$-0.01B,$0.13B,-7.10%,$10,$0,$10,$0,$1,$14,$-5,$-6,$-11,$-6,$-5,$-5,$-5,$4,$-5,$3,3,$-1.97,$-1.97,$4,$0,$3,$19,$143,$5,$0,$2,$157,$176,$28,$112,$23,$135,$163,$0,$-11,$2,$14,$176,$-14,$22,$9,$31,$-2,$0,$0,$4,$4,$22,$-1,$0,$0,$0,$0,$0,$-0,$-0,$-20,$-1,$-21,$0,$0,$0,$0,$-21,$-0,$0,$0
36,2009-09-30,130.64,$6.74,19.37,$11.02,11.86,$-17.63,0.0,$0.12,1088.67,$0.02B,$0.03B,0.67,$0.12B,$0.02B,6.73,$0.03B,$0.03B,100.00%,$0.03B,$-0.03B,-110.00%,$0.03B,$-0.03B,-110.00%,$0.03B,$0.01B,36.67%,$0.03B,$-0.00B,0.00%,$0.03B,$0.00B,3.33%,$0.00B,$0.02B,4.44%,$0.00B,$0.02B,4.44%,$0.00B,$0.18B,0.52%,$-0.03B,$0.14B,-22.53%,$8,$0,$8,$0,$1,$10,$-2,$-1,$-3,$-1,$-2,$-2,$-2,$3,$-2,$3,3,$-0.74,$-0.74,$4,$0,$6,$17,$151,$4,$0,$5,$166,$183,$25,$123,$16,$139,$164,$0,$-6,$1,$18,$183,$-8,$14,$8,$21,$-0,$0,$0,$-0,$3,$16,$-0,$0,$0,$0,$0,$0,$-0,$0,$-15,$-1,$-16,$0,$0,$0,$0,$-16,$-0,$0,$0
37,2009-06-30,106.53,$7.30,14.59,$14.72,7.24,$-55.28,0.0,$13.55,7.86,$0.02B,$0.03B,0.63,$0.12B,$0.02B,6.2,$0.04B,$0.04B,100.00%,$0.04B,$-0.03B,-67.50%,$0.04B,$-0.03B,-67.50%,$0.04B,$0.02B,47.50%,$0.04B,$0.06B,137.50%,$0.04B,$0.04B,92.50%,$0.04B,$0.02B,164.44%,$0.04B,$0.02B,164.44%,$0.04B,$0.19B,18.39%,$-0.03B,$0.14B,-18.03%,$7,$0,$7,$0,$1,$9,$-1,$-11,$-12,$-4,$-8,$-8,$-8,$3,$-1,$3,3,$-2.95,$-2.95,$4,$0,$8,$18,$156,$3,$0,$5,$170,$188,$29,$123,$16,$139,$168,$0,$-4,$1,$20,$188,$-6,$9,$6,$16,$-1,$0,$0,$0,$1,$11,$-0,$0,$0,$0,$1,$1,$-0,$1,$-11,$-1,$-11,$0,$0,$0,$0,$-11,$-0,$0,$0
38,2009-03-31,42.98,$9.97,4.31,$18.94,2.27,$-93.69,0.0,$4.66,9.22,$0.02B,$0.03B,0.69,$0.13B,$0.03B,4.6,$0.05B,$0.05B,100.00%,$0.05B,$-0.02B,-32.69%,$0.05B,$-0.02B,-32.69%,$0.05B,$0.03B,53.85%,$0.05B,$0.02B,36.54%,$0.05B,$0.01B,25.00%,$0.01B,$0.03B,94.55%,$0.01B,$0.03B,94.55%,$0.01B,$0.20B,6.05%,$-0.02B,$0.15B,-11.64%,$7,$0,$7,$0,$1,$9,$-2,$5,$3,$1,$2,$2,$2,$3,$-2,$3,3,$0.66,$0.66,$4,$0,$14,$23,$160,$2,$0,$12,$178,$200,$33,$125,$16,$141,$173,$0,$4,$0,$27,$200,$2,$5,$-2,$3,$1,$0,$0,$0,$1,$6,$-0,$0,$0,$0,$0,$0,$-0,$0,$-5,$-1,$-6,$0,$0,$0,$0,$-6,$0,$0,$0
39,2008-12-31,31.25,$9.21,3.39,$19.20,1.63,$-132.28,0.0,$1.19,26.26,$0.02B,$0.04B,0.56,$0.12B,$0.03B,4.94,$0.05B,$0.05B,100.00%,$0.05B,$-0.01B,-22.64%,$0.05B,$-0.01B,-22.64%,$0.05B,$0.03B,56.60%,$0.05B,$0.00B,7.55%,$0.05B,$0.00B,5.66%,$0.00B,$0.03B,26.67%,$0.00B,$0.03B,26.67%,$0.00B,$0.20B,1.37%,$-0.01B,$0.15B,-8.00%,$8,$0,$8,$0,$1,$36,$-28,$40,$12,$3,$9,$9,$9,$2,$-28,$3,3,$3.15,$3.15,$4,$0,$12,$22,$164,$2,$0,$11,$181,$203,$39,$124,$16,$139,$178,$0,$2,$-0,$25,$203,$3,$41,$-32,$9,$1,$0,$0,$1,$7,$19,$-99,$0,$0,$0,$0,$0,$1,$-98,$81,$1,$82,$0,$0,$0,$-1,$81,$2,$0,$0
40,2008-09-30,44.0,$6.55,6.72,$18.96,2.32,$-134.73,0.0,$-3.87,0.0,$0.02B,$0.04B,0.58,$0.14B,$0.02B,7.72,$0.05B,$0.05B,100.00%,$0.05B,$0.01B,26.92%,$0.05B,$0.01B,26.92%,$0.05B,$0.03B,61.54%,$0.05B,$-0.02B,-34.62%,$0.05B,$-0.01B,-21.15%,$-0.01B,$0.02B,-97.78%,$-0.01B,$0.02B,-97.78%,$-0.01B,$0.21B,-5.59%,$0.01B,$0.16B,10.43%,$18,$0,$18,$0,$1,$14,$4,$47,$52,$17,$34,$34,$34,$11,$4,$3,3,$12.69,$12.69,$8,$0,$0,$22,$186,$4,$0,$1,$193,$214,$38,$137,$21,$159,$197,$0,$-6,$1,$18,$214,$-5,$11,$6,$17,$-5,$0,$0,$1,$1,$13,$-99,$0,$0,$0,$0,$0,$-0,$-99,$92,$1,$92,$0,$0,$0,$-1,$91,$5,$0,$0
41,2008-06-30,48.74,$-5.69,-8.56,$14.36,3.39,$-135.09,0.0,$-16.80,0.0,$0.03B,$0.06B,0.55,$0.14B,$-0.02B,-9.3,$0.04B,$0.04B,100.00%,$0.04B,$0.01B,25.64%,$0.04B,$0.01B,25.64%,$0.04B,$0.02B,58.97%,$0.04B,$-0.07B,-182.05%,$0.04B,$-0.05B,-117.95%,$-0.05B,$-0.02B,-296.77%,$-0.05B,$-0.02B,-296.77%,$-0.05B,$0.24B,-26.03%,$0.01B,$0.13B,8.08%,$19,$0,$19,$0,$1,$10,$9,$-57,$-48,$-16,$-32,$-32,$-32,$12,$9,$3,3,$-11.84,$-11.84,$8,$0,$0,$33,$192,$5,$0,$1,$208,$242,$61,$144,$52,$196,$257,$0,$-41,$2,$-15,$242,$-40,$4,$44,$48,$-8,$0,$0,$0,$-4,$4,$-98,$0,$0,$0,$0,$0,$-0,$-98,$98,$2,$100,$0,$0,$0,$-1,$99,$5,$0,$0
42,2008-03-31,49.45,$6.14,8.05,$10.07,4.91,$-132.25,0.0,$-4.52,0.0,$0.02B,$0.04B,0.64,$0.15B,$0.02B,9.08,$0.03B,$0.03B,100.00%,$0.03B,$0.00B,14.81%,$0.03B,$0.00B,14.81%,$0.03B,$0.02B,55.56%,$0.03B,$-0.02B,-77.78%,$0.03B,$-0.01B,-48.15%,$-0.01B,$0.02B,-46.43%,$-0.01B,$0.02B,-46.43%,$-0.01B,$0.22B,-8.68%,$0.00B,$0.17B,3.33%,$8,$0,$8,$0,$0,$5,$3,$-15,$-12,$-4,$-8,$-8,$-8,$5,$3,$3,3,$-2.81,$-2.81,$5,$1,$0,$22,$190,$5,$0,$1,$197,$220,$35,$152,$17,$168,$203,$0,$-9,$2,$17,$220,$-8,$1,$8,$10,$-1,$-1,$0,$0,$-0,$2,$-101,$0,$0,$0,$0,$0,$0,$-101,$103,$-0,$103,$0,$0,$0,$-1,$102,$2,$0,$0
43,2007-12-31,47.47,$9.37,5.07,$8.37,5.67,$-127.74,0.0,$-2.36,0.0,$0.01B,$0.02B,0.76,$0.06B,$0.03B,2.38,$0.02B,$0.02B,100.00%,$0.02B,$0.00B,9.09%,$0.02B,$0.00B,9.09%,$0.02B,$0.01B,54.55%,$0.02B,$-0.01B,-54.55%,$0.02B,$-0.01B,-31.82%,$-0.01B,$0.03B,-21.71%,$-0.01B,$0.03B,-21.71%,$-0.01B,$0.11B,-5.44%,$0.00B,$0.09B,1.86%,$7,$0,$7,$-0,$1,$9,$-2,$-8,$-10,$-5,$-5,$-5,$-5,$4,$-2,$3,3,$-1.91,$-1.91,$3,$0,$0,$11,$93,$7,$0,$0,$100,$111,$15,$61,$9,$71,$85,$0,$-1,$3,$25,$111,$-6,$10,$3,$14,$-6,$0,$0,$0,$-8,$-1,$-86,$0,$2,$0,$3,$3,$18,$-64,$64,$1,$65,$0,$0,$0,$0,$65,$1,$0,$0
44,2007-09-30,45.89,$12.79,3.59,$4.86,9.43,$-96.75,0.0,$0.22,208.59,$0.01B,$0.01B,0.85,$0.08B,$0.04B,2.25,$0.01B,$0.01B,100.00%,$0.01B,0,0.00%,$0.01B,0,0.00%,$0.01B,$0.01B,38.46%,$0.01B,0,0.00%,$0.01B,0,0.00%,$0.00B,$0.04B,0.00%,$0.00B,$0.04B,0.00%,$0.00B,$0.13B,0.00%,$0.00B,$0.11B,0.00%,$5,$0,$5,$0,$1,$5,$0,$-1,$-1,$-0,$-1,$-1,$-1,$2,$0,$3,3,$-0.24,$-0.24,$5,$0,$0,$11,$99,$24,$0,$0,$123,$134,$13,$78,$5,$87,$99,$0,$4,$4,$35,$134,$-1,$4,$1,$6,$-3,$0,$0,$0,$-5,$-0,$-87,$0,$2,$0,$2,$2,$17,$-66,$65,$2,$67,$0,$0,$0,$0,$67,$1,$0,$0
45,2007-06-30,42.91,$12.82,3.35,$3.29,13.04,$-63.42,0.0,$0.67,64.04,$0.01B,$0.02B,0.7,$0.08B,$0.04B,2.25,$0.01B,$0.01B,100.00%,$0.01B,0,0.00%,$0.01B,0,0.00%,$0.01B,$0.00B,33.33%,$0.01B,$0.00B,11.11%,$0.01B,$0.00B,22.22%,$0.00B,$0.04B,5.88%,$0.00B,$0.04B,5.88%,$0.00B,$0.13B,2.12%,$0.00B,$0.11B,0.00%,$7,$0,$7,$0,$1,$5,$3,$-1,$2,$1,$1,$1,$1,$4,$3,$3,3,$0.44,$0.44,$6,$0,$0,$11,$100,$24,$0,$0,$124,$134,$15,$78,$4,$167,$99,$0,$5,$4,$35,$134,$-1,$3,$1,$4,$-4,$0,$0,$-0,$-4,$-1,$-85,$0,$2,$0,$2,$2,$17,$-64,$67,$-0,$67,$0,$0,$0,$0,$67,$2,$0,$0
46,2007-03-31,33.16,$12.43,2.67,$1.27,26.21,$-31.21,0.0,$0.62,53.48,$0.01B,$0.01B,0.94,$0.09B,$0.03B,2.52,$0.00B,$0.00B,100.00%,$0.00B,$-0.00B,-50.00%,$0.00B,$-0.00B,-50.00%,$0.00B,0,0.00%,$0.00B,0,0.00%,$0.00B,$0.00B,50.00%,$0.00B,$0.03B,6.11%,$0.00B,$0.03B,6.11%,$0.00B,$0.14B,2.82%,$-0.00B,$0.12B,-3.60%,$3,$0,$3,$0,$1,$2,$1,$-4,$-3,$-1,$-2,$-2,$-2,$2,$1,$3,3,$-0.65,$-0.65,$6,$0,$0,$11,$102,$23,$0,$0,$125,$136,$11,$85,$2,$90,$102,$0,$4,$4,$34,$136,$-2,$1,$3,$4,$-1,$0,$0,$3,$1,$3,$-90,$0,$2,$0,$1,$1,$16,$-71,$68,$2,$70,$0,$0,$0,$0,$70,$2,$0,$0
47,2006-12-31,29.35,$12.78,2.3,$2.05,14.34,$1.57,18.69,$1.41,20.82,$0.03B,$0.02B,1.26,$0.00B,$0.04B,0.0,$0.01B,$0.01B,100.00%,$0.01B,$0.00B,16.67%,$0.01B,$0.00B,16.67%,$0.01B,$0.00B,33.33%,$0.01B,$0.01B,116.67%,$0.01B,$0.00B,66.67%,$0.00B,$0.04B,12.70%,$0.00B,$0.04B,12.70%,$0.00B,$0.06B,8.56%,$0.00B,$0.04B,2.96%,$-2,$-0,$-2,$0,$1,$2,$-4,$6,$2,$-0,$2,$2,$2,$-3,$-4,$3,3,$0.67,$0.67,$21,$0,$2,$28,$13,$21,$0,$0,$34,$62,$23,$0,$0,$5,$27,$0,$5,$3,$35,$62,$4,$1,$-0,$1,$0,$0,$0,$-1,$2,$7,$-10,$0,$0,$0,$3,$3,$-17,$-24,$17,$-0,$17,$0,$0,$0,$-1,$16,$-1,$0,$0
