,Date,Stock Price,Book Value per Share,Price to Book Ratio,TTM Sales per Share,Price to Sales Ratio,TTM FCF per Share,Price to FCF Ratio,TTM Net EPS,PE Ratio,Current Assets,Current Liabilities,Current Ratio,Long Term Debt,Shareholder's Equity_x,Debt to Equity Ratio,TTM Revenue_x,TTM Gross Profit,Gross Margin,TTM Revenue_y,TTM Operating Income,Operating Margin,TTM Revenue_x,TTM EBIT,EBIT Margin,TTM Revenue_y,TTM EBITDA,EBITDA Margin,TTM Revenue_x,TTM Pre-Tax Income,Pre-Tax Margin,TTM Revenue_y,TTM Net Income_x,Net Margin,TTM Net Income_y,Shareholder's Equity_y,Return on Equity,TTM Net Income_x,Tangible Equity,Return on Tangible Equity,TTM Net Income_y,Total Assets,Return on Assets,TTM Net Income,LT Investments & Debt,Return on Investment,revenue,cost-goods-sold,gross-profit,research-development-expenses,selling-general-administrative-expenses,operating-expenses,operating-income,total-non-operating-income-expense,pre-tax-income,total-provision-income-taxes,income-after-taxes,income-from-continuous-operations,net-income,ebitda,ebit,basic-shares-outstanding,shares-outstanding,eps-basic-net-earnings-per-share,eps-earnings-per-share-diluted,cash-on-hand,inventory,other-current-assets,total-current-assets,net-property-plant-equipment,long-term-investments,goodwill-intangible-assets-total,other-long-term-assets,total-long-term-assets,total-assets,total-current-liabilities,long-term-debt,other-non-current-liabilities,total-long-term-liabilities,total-liabilities,common-stock-net,retained-earnings-accumulated-deficit,comprehensive-income,total-share-holder-equity,total-liabilities-share-holders-equity,net-income-loss,total-depreciation-amortization-cash-flow,other-non-cash-items,total-non-cash-items,change-in-accounts-receivable,change-in-inventories,change-in-accounts-payable,change-in-assets-liabilities,total-change-in-assets-liabilities,cash-flow-from-operating-activities,net-change-in-property-plant-equipment,net-change-in-intangible-assets,net-acquisitions-divestitures,net-change-in-short-term-investments,net-change-in-long-term-investments,net-change-in-investments-total,investing-activities-other,cash-flow-from-investing-activities,net-long-term-debt,net-current-debt,debt-issuance-retirement-net-total,net-common-equity-issued-repurchased,net-total-equity-issued-repurchased,total-common-preferred-stock-dividends-paid,financial-activities-other,cash-flow-from-financial-activities,net-cash-flow,stock-based-compensation,common-stock-dividends-paid
0,2018-06-30,2.91,$2.05,1.42,$0.86,3.39,$0.05,58.43,$-0.20,0.0,$0.03B,$0.00B,8.05,$0.00B,$0.04B,0.0,$0.01B,$0.01B,50.00%,$0.01B,$-0.00B,-28.57%,$0.01B,$-0.00B,-28.57%,$0.01B,$-0.00B,-28.57%,$0.01B,$-0.00B,-21.43%,$0.01B,$-0.00B,-21.43%,$-0.00B,$0.04B,-8.22%,$-0.00B,$0.04B,-8.22%,$-0.00B,$0.04B,-7.59%,$-0.00B,$0.04B,-10.96%,$3,$2,$2,$1,$2,$4,$-1,$0,$-1,$0,$-1,$-1,$-1,$-1,$-1,$17,17,$-0.06,$-0.06,$21,$5,$0,$29,$9,$0,$0,$0,$9,$38,$4,$0,$0,$0,$4,$0,$4,$0,$35,$38,$-3,$0,$0,$1,$1,$-1,$0,$1,$1,$-1,$-3,$0,$0,$0,$0,$0,$0,$-3,$0,$0,$0,$0,$0,$0,$0,$0,$-4,$0,$0
1,2018-03-31,3.53,$2.11,1.67,$0.93,3.81,$0.64,5.48,$-0.14,0.0,$0.03B,$0.00B,10.15,$0.00B,$0.04B,0.0,$0.02B,$0.01B,43.75%,$0.02B,$-0.00B,-25.00%,$0.02B,$-0.00B,-25.00%,$0.02B,$-0.00B,-18.75%,$0.02B,$-0.00B,-18.75%,$0.02B,$-0.00B,-12.50%,$-0.00B,$0.04B,-5.37%,$-0.00B,$0.04B,-5.37%,$-0.00B,$0.04B,-4.97%,$-0.00B,$0.04B,-10.74%,$4,$2,$2,$1,$2,$5,$-1,$0,$-1,$0,$-1,$-1,$-1,$-1,$-1,$17,17,$-0.08,$-0.08,$23,$4,$0,$32,$7,$0,$0,$0,$7,$39,$3,$0,$0,$0,$3,$0,$5,$0,$36,$39,$-2,$0,$1,$1,$0,$-0,$0,$0,$0,$-1,$-0,$0,$0,$0,$0,$0,$0,$-0,$0,$0,$0,$0,$0,$0,$0,$0,$-1,$0,$0
2,2017-12-31,2.94,$2.19,1.34,$0.98,3.0,$1.01,2.91,$0.29,10.14,$0.03B,$0.00B,11.71,$0.00B,$0.04B,0.0,$0.02B,$0.01B,41.18%,$0.02B,0,0.00%,$0.02B,0,0.00%,$0.02B,$0.00B,5.88%,$0.02B,$0.01B,29.41%,$0.02B,$0.01B,29.41%,$0.01B,$0.04B,13.25%,$0.01B,$0.04B,13.25%,$0.01B,$0.04B,12.20%,$0.00B,$0.04B,0.00%,$3,$2,$1,$1,$2,$4,$-1,$0,$-1,$-0,$-1,$-1,$-1,$-1,$-1,$17,17,$-0.05,$-0.05,$25,$4,$0,$33,$7,$0,$0,$0,$7,$40,$3,$0,$0,$0,$3,$0,$6,$0,$37,$40,$-1,$0,$0,$0,$1,$-0,$-0,$0,$1,$0,$-0,$0,$0,$0,$0,$0,$0,$-0,$0,$0,$0,$0,$0,$0,$0,$0,$-0,$0,$0
3,2017-09-30,3.64,$2.24,1.62,$1.00,3.65,$0.98,3.73,$0.27,13.48,$0.03B,$0.00B,10.17,$0.00B,$0.04B,0.0,$0.02B,$0.01B,47.06%,$0.02B,$-0.00B,-5.88%,$0.02B,$-0.00B,-5.88%,$0.02B,$0.00B,5.88%,$0.02B,$0.00B,23.53%,$0.02B,$0.01B,29.41%,$0.01B,$0.04B,13.70%,$0.01B,$0.04B,13.70%,$0.01B,$0.04B,12.50%,$-0.00B,$0.04B,-2.74%,$4,$2,$2,$1,$2,$5,$-1,$1,$-0,$-0,$-0,$-0,$-0,$-1,$-1,$17,17,$-0.01,$-0.01,$25,$4,$0,$34,$7,$0,$0,$0,$7,$41,$3,$0,$0,$0,$3,$0,$7,$0,$38,$41,$5,$0,$0,$1,$2,$-1,$-0,$0,$1,$6,$-0,$0,$0,$0,$0,$0,$0,$-0,$0,$0,$0,$0,$0,$0,$0,$0,$6,$0,$0
4,2017-06-30,4.4,$2.25,1.95,$1.11,3.96,$0.81,5.41,$0.30,14.67,$0.03B,$0.00B,10.39,$0.00B,$0.04B,0.0,$0.02B,$0.01B,47.37%,$0.02B,$0.00B,5.26%,$0.02B,$0.00B,5.26%,$0.02B,$0.00B,15.79%,$0.02B,$0.01B,26.32%,$0.02B,$0.01B,26.32%,$0.01B,$0.04B,14.18%,$0.01B,$0.04B,14.18%,$0.01B,$0.04B,12.90%,$0.00B,$0.04B,2.84%,$5,$2,$2,$1,$2,$5,$-1,$0,$-1,$-1,$0,$0,$0,$-0,$-1,$17,17,$0.00,$0.00,$25,$5,$0,$34,$7,$0,$0,$0,$7,$41,$3,$0,$0,$0,$3,$0,$8,$0,$38,$41,$5,$0,$0,$1,$2,$-1,$-0,$0,$1,$6,$-0,$0,$0,$0,$0,$0,$0,$-0,$0,$0,$0,$0,$0,$0,$0,$0,$6,$0,$0
5,2017-03-31,3.02,$2.25,1.34,$1.22,2.47,$0.53,5.73,$0.31,9.74,$0.04B,$0.00B,9.17,$0.00B,$0.04B,0.0,$0.02B,$0.01B,52.38%,$0.02B,$0.00B,9.52%,$0.02B,$0.00B,9.52%,$0.02B,$0.00B,14.29%,$0.02B,$0.01B,28.57%,$0.02B,$0.01B,23.81%,$0.01B,$0.04B,14.71%,$0.01B,$0.04B,14.71%,$0.01B,$0.04B,13.16%,$0.00B,$0.04B,5.88%,$5,$2,$2,$1,$-2,$2,$3,$4,$7,$1,$6,$6,$6,$3,$3,$17,17,$0.35,$0.35,$24,$4,$0,$35,$7,$0,$0,$0,$7,$42,$4,$0,$0,$0,$4,$0,$8,$0,$38,$42,$5,$0,$0,$0,$0,$-1,$-0,$0,$-0,$5,$-0,$0,$0,$0,$0,$0,$0,$-0,$0,$0,$0,$0,$0,$0,$0,$0,$5,$0,$0
6,2016-12-31,3.33,$1.89,1.76,$1.46,2.29,$0.29,11.5,$0.05,66.6,$0.03B,$0.00B,6.72,$0.00B,$0.03B,0.0,$0.03B,$0.02B,60.00%,$0.03B,$0.00B,4.00%,$0.03B,$0.00B,4.00%,$0.03B,$0.00B,8.00%,$0.03B,$0.00B,4.00%,$0.03B,$0.00B,4.00%,$0.00B,$0.03B,3.05%,$0.00B,$0.03B,3.05%,$0.00B,$0.04B,2.68%,$0.00B,$0.03B,3.05%,$3,$2,$2,$1,$2,$5,$-2,$0,$-2,$-0,$-1,$-1,$-1,$-1,$-2,$17,17,$-0.07,$-0.07,$18,$4,$0,$29,$7,$0,$0,$0,$7,$36,$4,$0,$0,$0,$4,$0,$2,$0,$32,$36,$-1,$0,$0,$0,$1,$-1,$0,$0,$1,$-1,$-0,$0,$0,$0,$0,$0,$0,$-0,$0,$0,$0,$0,$0,$0,$0,$0,$-1,$0,$0
7,2016-09-30,3.19,$1.97,1.62,$1.64,1.94,$0.33,9.8,$0.11,29.0,$0.03B,$0.00B,8.22,$0.00B,$0.03B,0.0,$0.03B,$0.02B,55.17%,$0.03B,$0.00B,10.34%,$0.03B,$0.00B,10.34%,$0.03B,$0.00B,10.34%,$0.03B,$0.00B,10.34%,$0.03B,$0.00B,6.90%,$0.00B,$0.03B,6.15%,$0.00B,$0.03B,6.15%,$0.00B,$0.04B,5.30%,$0.00B,$0.03B,9.23%,$6,$3,$3,$1,$2,$6,$1,$0,$1,$0,$0,$0,$0,$1,$1,$17,17,$0.03,$0.03,$19,$4,$0,$29,$7,$0,$0,$0,$7,$36,$4,$0,$0,$0,$4,$0,$3,$0,$33,$36,$2,$0,$1,$1,$-2,$1,$0,$2,$0,$4,$-0,$0,$0,$0,$0,$0,$0,$-0,$0,$0,$0,$-1,$-1,$0,$0,$-1,$2,$0,$0
8,2016-06-30,2.82,$1.95,1.44,$1.46,1.93,$0.21,13.25,$0.01,282.0,$0.03B,$0.00B,6.95,$0.00B,$0.03B,0.0,$0.03B,$0.01B,53.85%,$0.03B,$-0.00B,-3.85%,$0.03B,$-0.00B,-3.85%,$0.03B,$-0.00B,-3.85%,$0.03B,$-0.00B,-3.85%,$0.03B,$-0.00B,-3.85%,$-0.00B,$0.03B,-3.13%,$-0.00B,$0.03B,-3.13%,$-0.00B,$0.04B,-2.65%,$-0.00B,$0.03B,-3.13%,$7,$3,$4,$1,$2,$6,$0,$0,$0,$0,$0,$0,$0,$0,$0,$17,17,$0.01,$0.01,$18,$4,$0,$31,$7,$0,$0,$0,$7,$38,$4,$0,$0,$1,$5,$0,$2,$0,$33,$38,$2,$0,$1,$1,$-3,$1,$0,$2,$-1,$2,$-0,$0,$0,$0,$0,$0,$0,$-0,$0,$0,$0,$-0,$-0,$0,$0,$-0,$1,$0,$0
9,2016-03-31,2.63,$1.94,1.35,$1.37,1.91,$0.18,14.86,$-0.21,0.0,$0.03B,$0.01B,6.07,$0.00B,$0.03B,0.0,$0.02B,$0.01B,50.00%,$0.02B,$-0.00B,-4.17%,$0.02B,$-0.00B,-4.17%,$0.02B,$-0.00B,-4.17%,$0.02B,$-0.00B,-4.17%,$0.02B,$-0.01B,-20.83%,$-0.01B,$0.03B,-15.50%,$-0.01B,$0.03B,-15.50%,$-0.01B,$0.04B,-13.25%,$-0.00B,$0.03B,-3.10%,$9,$3,$6,$1,$3,$7,$2,$0,$2,$0,$2,$2,$2,$2,$2,$17,17,$0.09,$0.09,$17,$4,$0,$31,$7,$0,$0,$0,$7,$39,$5,$0,$0,$0,$6,$0,$2,$0,$33,$39,$1,$0,$1,$1,$-4,$1,$1,$2,$-1,$1,$-0,$0,$0,$0,$0,$0,$0,$-0,$0,$0,$0,$0,$0,$0,$0,$0,$1,$0,$0
10,2015-12-31,2.76,$1.84,1.5,$1.18,2.34,$0.16,17.41,$-0.32,0.0,$0.03B,$0.01B,4.94,$0.00B,$0.03B,0.0,$0.02B,$0.01B,40.00%,$0.02B,$-0.00B,-20.00%,$0.02B,$-0.00B,-20.00%,$0.02B,$-0.00B,-15.00%,$0.02B,$-0.00B,-20.00%,$0.02B,$-0.01B,-35.00%,$-0.01B,$0.03B,-21.05%,$-0.01B,$0.03B,-21.05%,$-0.01B,$0.04B,-18.18%,$-0.00B,$0.03B,-12.03%,$7,$3,$3,$1,$3,$7,$-0,$0,$-0,$-0,$-0,$-0,$-0,$-0,$-0,$17,17,$-0.01,$-0.01,$16,$5,$0,$31,$7,$0,$0,$0,$7,$38,$6,$0,$0,$1,$7,$0,$1,$0,$31,$38,$-0,$0,$1,$1,$-3,$0,$1,$0,$-1,$0,$-0,$0,$0,$0,$0,$0,$0,$-0,$0,$0,$0,$0,$0,$0,$0,$0,$-0,$0,$0
11,2015-09-30,2.71,$1.85,1.46,$1.18,2.29,$0.11,23.59,$-0.28,0.0,$0.03B,$0.01B,5.97,$0.00B,$0.03B,0.0,$0.02B,$0.01B,40.00%,$0.02B,$-0.00B,-20.00%,$0.02B,$-0.00B,-20.00%,$0.02B,$-0.00B,-15.00%,$0.02B,$-0.00B,-20.00%,$0.02B,$-0.01B,-30.00%,$-0.01B,$0.03B,-17.14%,$-0.01B,$0.03B,-17.14%,$-0.01B,$0.04B,-15.09%,$-0.00B,$0.03B,-11.43%,$3,$2,$1,$1,$3,$6,$-3,$0,$-3,$-0,$-3,$-3,$-3,$-3,$-3,$17,17,$-0.16,$-0.15,$16,$5,$0,$28,$7,$0,$0,$0,$8,$36,$5,$0,$0,$0,$5,$0,$1,$0,$31,$36,$-6,$1,$4,$5,$2,$1,$-1,$2,$2,$1,$-0,$0,$0,$0,$0,$0,$0,$-0,$0,$0,$0,$-0,$-0,$0,$0,$-0,$1,$0,$0
12,2015-06-30,3.3,$2.00,1.65,$1.58,2.09,$-0.04,0.0,$-0.32,0.0,$0.03B,$0.00B,8.89,$0.00B,$0.03B,0.0,$0.03B,$0.01B,37.04%,$0.03B,$-0.00B,-14.81%,$0.03B,$-0.00B,-14.81%,$0.03B,$-0.00B,-11.11%,$0.03B,$-0.00B,-14.81%,$0.03B,$-0.01B,-18.52%,$-0.01B,$0.03B,-13.70%,$-0.01B,$0.03B,-13.70%,$-0.01B,$0.04B,-11.98%,$-0.00B,$0.03B,-10.96%,$5,$3,$2,$1,$1,$5,$-0,$0,$-0,$3,$-4,$-4,$-4,$-0,$-0,$17,17,$-0.21,$-0.21,$16,$4,$0,$30,$7,$0,$0,$0,$7,$38,$3,$0,$0,$0,$4,$0,$3,$0,$34,$38,$-3,$0,$3,$4,$1,$1,$-2,$3,$1,$1,$-0,$0,$0,$0,$0,$0,$0,$-0,$0,$0,$0,$-0,$-0,$0,$0,$-0,$1,$0,$0
13,2015-03-31,3.8,$2.21,1.72,$1.90,2.0,$-0.22,0.0,$-0.08,0.0,$0.03B,$0.00B,7.73,$0.00B,$0.04B,0.0,$0.03B,$0.01B,33.33%,$0.03B,$-0.00B,-9.09%,$0.03B,$-0.00B,-9.09%,$0.03B,$-0.00B,-6.06%,$0.03B,$-0.00B,-9.09%,$0.03B,$-0.00B,-3.03%,$-0.00B,$0.04B,-2.65%,$-0.00B,$0.04B,-2.65%,$-0.00B,$0.04B,-2.27%,$-0.00B,$0.04B,-7.95%,$5,$4,$2,$1,$2,$6,$-1,$0,$-1,$-0,$-0,$-0,$-0,$-0,$-1,$17,17,$-0.02,$-0.02,$16,$5,$0,$33,$7,$0,$0,$0,$9,$42,$4,$0,$0,$0,$4,$0,$7,$0,$37,$42,$0,$0,$-0,$-0,$1,$1,$-1,$2,$1,$1,$-0,$0,$0,$0,$0,$0,$0,$-0,$0,$0,$0,$-0,$-0,$0,$0,$-0,$0,$0,$0
14,2014-12-31,3.18,$2.22,1.43,$2.32,1.37,$-0.34,0.0,$-0.01,0.0,$0.04B,$0.01B,6.69,$0.00B,$0.04B,0.0,$0.04B,$0.01B,32.50%,$0.04B,$-0.00B,-2.50%,$0.04B,$-0.00B,-2.50%,$0.04B,$-0.00B,-2.50%,$0.04B,$-0.00B,-2.50%,$0.04B,0,0.00%,$0.00B,$0.04B,0.00%,$0.00B,$0.04B,0.00%,$0.00B,$0.04B,0.00%,$-0.00B,$0.04B,-2.63%,$7,$4,$3,$1,$2,$7,$0,$0,$0,$-0,$1,$1,$1,$0,$0,$17,17,$0.04,$0.03,$14,$5,$0,$35,$7,$0,$0,$0,$8,$43,$5,$0,$0,$0,$5,$0,$7,$0,$38,$43,$1,$0,$-0,$-0,$-0,$0,$-1,$1,$-1,$-1,$-0,$0,$0,$0,$0,$0,$0,$-0,$0,$0,$0,$-0,$-0,$0,$0,$-0,$-1,$0,$0
15,2014-09-30,5.22,$1.98,2.64,$2.57,2.03,$-0.32,0.0,$0.02,260.75,$0.04B,$0.01B,5.21,$0.00B,$0.04B,0.0,$0.04B,$0.01B,31.82%,$0.04B,0,0.00%,$0.04B,0,0.00%,$0.04B,$0.00B,2.27%,$0.04B,0,0.00%,$0.04B,0,0.00%,$0.00B,$0.04B,0.00%,$0.00B,$0.04B,0.00%,$0.00B,$0.04B,0.00%,$0.00B,$0.04B,0.00%,$10,$7,$3,$1,$5,$13,$-3,$0,$-3,$-1,$-2,$-2,$-2,$-3,$-3,$17,17,$-0.13,$-0.13,$15,$5,$0,$37,$7,$0,$0,$0,$8,$44,$7,$0,$0,$0,$7,$0,$7,$0,$37,$44,$0,$1,$4,$4,$0,$-1,$0,$-4,$-5,$-1,$-1,$0,$0,$0,$0,$0,$0,$-1,$0,$0,$0,$0,$0,$0,$0,$0,$-1,$1,$0
16,2014-06-30,7.44,$2.30,3.23,$2.47,3.01,$-0.40,0.0,$0.15,49.6,$0.04B,$0.01B,5.26,$0.00B,$0.04B,0.0,$0.04B,$0.01B,30.95%,$0.04B,$0.00B,7.14%,$0.04B,$0.00B,7.14%,$0.04B,$0.00B,9.52%,$0.04B,$0.00B,7.14%,$0.04B,$0.00B,4.76%,$0.00B,$0.04B,5.33%,$0.00B,$0.04B,5.33%,$0.00B,$0.05B,4.47%,$0.00B,$0.04B,8.00%,$11,$7,$3,$1,$2,$10,$1,$0,$1,$0,$0,$0,$0,$1,$1,$17,17,$0.03,$0.03,$14,$6,$0,$39,$8,$0,$0,$0,$8,$47,$7,$0,$0,$0,$8,$0,$9,$0,$39,$47,$2,$0,$1,$2,$-0,$-1,$1,$-5,$-5,$-2,$-1,$0,$0,$0,$0,$0,$0,$-1,$0,$0,$0,$0,$0,$0,$0,$0,$-2,$1,$0
17,2014-03-31,7.53,$2.26,3.33,$2.37,3.17,$-0.40,0.0,$0.14,53.79,$0.04B,$0.01B,4.86,$0.00B,$0.04B,0.0,$0.04B,$0.01B,32.50%,$0.04B,$0.00B,5.00%,$0.04B,$0.00B,5.00%,$0.04B,$0.00B,7.50%,$0.04B,$0.00B,5.00%,$0.04B,$0.00B,5.00%,$0.00B,$0.04B,5.48%,$0.00B,$0.04B,5.48%,$0.00B,$0.05B,4.60%,$0.00B,$0.04B,5.48%,$12,$9,$4,$1,$2,$11,$1,$0,$1,$0,$1,$1,$1,$1,$1,$17,17,$0.05,$0.05,$15,$5,$0,$38,$8,$0,$0,$0,$8,$46,$8,$0,$0,$0,$8,$0,$8,$0,$38,$46,$2,$0,$1,$1,$-2,$-1,$1,$-2,$-4,$-1,$-1,$0,$0,$0,$0,$0,$0,$-1,$0,$0,$0,$0,$0,$0,$0,$0,$-1,$0,$0
18,2013-12-31,7.29,$2.20,3.32,$2.13,3.42,$-0.46,0.0,$0.16,45.56,$0.04B,$0.01B,5.72,$0.00B,$0.04B,0.0,$0.04B,$0.01B,36.11%,$0.04B,$0.00B,5.56%,$0.04B,$0.00B,5.56%,$0.04B,$0.00B,8.33%,$0.04B,$0.00B,5.56%,$0.04B,$0.00B,5.56%,$0.00B,$0.04B,5.59%,$0.00B,$0.04B,5.59%,$0.00B,$0.04B,4.76%,$0.00B,$0.04B,5.59%,$11,$7,$4,$1,$2,$10,$1,$0,$1,$0,$1,$1,$1,$2,$1,$17,17,$0.06,$0.06,$16,$5,$0,$36,$8,$0,$0,$0,$8,$43,$6,$0,$0,$0,$6,$0,$7,$0,$37,$43,$1,$0,$0,$1,$-0,$-1,$-0,$-1,$-2,$-0,$-0,$0,$0,$0,$0,$0,$0,$-0,$0,$0,$0,$0,$0,$0,$0,$0,$-1,$0,$0
19,2013-09-30,7.96,$2.13,3.73,$1.88,4.24,$-0.53,0.0,$0.12,66.33,$0.03B,$0.01B,5.3,$0.00B,$0.04B,0.0,$0.03B,$0.01B,37.50%,$0.03B,$0.00B,3.13%,$0.03B,$0.00B,3.13%,$0.03B,$0.00B,6.25%,$0.03B,$0.00B,3.13%,$0.03B,$0.00B,3.13%,$0.00B,$0.04B,2.88%,$0.00B,$0.04B,2.88%,$0.00B,$0.04B,2.45%,$0.00B,$0.04B,2.88%,$8,$6,$2,$0,$2,$8,$0,$0,$0,$-0,$0,$0,$0,$0,$0,$17,17,$0.00,$0.00,$16,$4,$0,$34,$7,$0,$0,$0,$8,$43,$6,$0,$0,$0,$7,$0,$6,$0,$36,$43,$2,$1,$1,$1,$-1,$-1,$1,$-6,$-5,$-2,$-1,$0,$0,$0,$0,$0,$0,$-1,$0,$0,$0,$1,$1,$-25,$0,$-24,$-27,$1,$-25
20,2013-06-30,6.4,$2.10,3.05,$1.82,3.52,$-0.30,0.0,$0.28,22.86,$0.03B,$0.01B,5.48,$0.00B,$0.04B,0.0,$0.03B,$0.01B,41.94%,$0.03B,$0.00B,3.23%,$0.03B,$0.00B,3.23%,$0.03B,$0.00B,6.45%,$0.03B,$0.00B,3.23%,$0.03B,$0.00B,12.90%,$0.00B,$0.04B,10.00%,$0.00B,$0.04B,10.00%,$0.00B,$0.04B,8.74%,$0.00B,$0.04B,2.50%,$9,$5,$3,$1,$3,$8,$0,$0,$0,$-0,$0,$0,$0,$0,$0,$17,17,$0.02,$0.02,$17,$4,$0,$33,$7,$0,$0,$0,$8,$42,$6,$0,$0,$0,$6,$0,$6,$0,$35,$42,$2,$0,$0,$1,$-1,$-0,$1,$-5,$-4,$-2,$-1,$0,$0,$0,$0,$0,$0,$-1,$0,$0,$0,$1,$1,$-25,$0,$-24,$-26,$1,$-25
21,2013-03-31,4.93,$2.07,2.38,$1.67,2.96,$-0.18,0.0,$0.28,17.61,$0.03B,$0.01B,5.98,$0.00B,$0.04B,0.0,$0.03B,$0.01B,46.43%,$0.03B,$0.00B,3.57%,$0.03B,$0.00B,3.57%,$0.03B,$0.00B,7.14%,$0.03B,$0.00B,3.57%,$0.03B,$0.00B,14.29%,$0.00B,$0.04B,8.94%,$0.00B,$0.04B,8.94%,$0.00B,$0.04B,8.00%,$0.00B,$0.04B,2.23%,$8,$4,$4,$1,$2,$7,$1,$0,$1,$0,$1,$1,$1,$1,$1,$17,17,$0.07,$0.07,$16,$4,$0,$33,$7,$0,$0,$0,$8,$40,$5,$0,$0,$0,$6,$0,$6,$0,$35,$40,$1,$0,$0,$1,$-2,$-0,$1,$-3,$-4,$-2,$-0,$0,$0,$0,$0,$0,$0,$-0,$0,$0,$0,$1,$1,$-25,$0,$-24,$-27,$0,$-25
22,2012-12-31,3.44,$1.99,1.73,$1.59,2.17,$0.03,120.28,$0.23,14.96,$0.03B,$0.01B,6.61,$0.00B,$0.03B,0.0,$0.03B,$0.01B,44.44%,$0.03B,0,0.00%,$0.03B,0,0.00%,$0.03B,$0.00B,3.70%,$0.03B,0,0.00%,$0.03B,$0.00B,11.11%,$0.00B,$0.03B,6.06%,$0.00B,$0.03B,6.06%,$0.00B,$0.04B,5.45%,$0.00B,$0.03B,0.00%,$7,$3,$3,$1,$2,$6,$0,$0,$0,$0,$0,$0,$0,$1,$0,$17,17,$0.02,$0.02,$17,$3,$0,$30,$7,$0,$0,$0,$8,$38,$5,$0,$0,$0,$5,$0,$5,$0,$33,$38,$0,$0,$0,$0,$-0,$0,$-0,$-2,$-2,$-2,$-0,$0,$0,$0,$0,$0,$0,$-0,$0,$0,$0,$1,$1,$-25,$0,$-24,$-26,$0,$-25
23,2012-09-30,2.12,$3.44,0.62,$1.48,1.44,$0.16,13.11,$0.19,11.16,$0.05B,$0.01B,10.28,$0.00B,$0.06B,0.0,$0.03B,$0.01B,44.00%,$0.03B,$-0.00B,-4.00%,$0.03B,$-0.00B,-4.00%,$0.03B,0,0.00%,$0.03B,$-0.00B,-4.00%,$0.03B,$0.00B,12.00%,$0.00B,$0.06B,5.48%,$0.00B,$0.06B,5.48%,$0.00B,$0.06B,4.98%,$-0.00B,$0.06B,-1.83%,$7,$4,$3,$1,$2,$7,$0,$0,$0,$-2,$3,$3,$3,$0,$0,$17,17,$0.16,$0.16,$43,$4,$0,$54,$7,$0,$0,$0,$8,$63,$5,$0,$0,$0,$6,$0,$30,$0,$57,$63,$3,$1,$-2,$-1,$-1,$-0,$1,$0,$-0,$1,$-0,$0,$0,$0,$0,$0,$0,$-0,$-0,$0,$-0,$-1,$-1,$0,$0,$-1,$0,$1,$0
24,2012-06-30,1.76,$3.27,0.54,$1.45,1.22,$0.21,8.3,$0.02,87.9,$0.05B,$0.00B,13.67,$0.00B,$0.05B,0.0,$0.02B,$0.01B,45.83%,$0.02B,$-0.00B,-4.17%,$0.02B,$-0.00B,-4.17%,$0.02B,0,0.00%,$0.02B,$-0.00B,-4.17%,$0.02B,0,0.00%,$0.00B,$0.05B,0.00%,$0.00B,$0.05B,0.00%,$0.00B,$0.06B,0.00%,$-0.00B,$0.05B,-1.85%,$6,$4,$3,$0,$2,$6,$0,$0,$0,$0,$0,$0,$0,$0,$0,$17,17,$0.02,$0.02,$42,$4,$0,$51,$7,$0,$0,$0,$7,$59,$4,$0,$0,$1,$4,$0,$27,$0,$54,$59,$0,$0,$0,$1,$0,$-1,$-0,$-0,$-1,$0,$-0,$0,$0,$0,$0,$0,$0,$-0,$-0,$0,$-0,$-1,$-1,$0,$0,$-1,$-1,$0,$0
25,2012-03-31,2.35,$3.23,0.73,$1.43,1.64,$0.32,7.37,0,0.0,$0.05B,$0.01B,9.02,$0.00B,$0.05B,0.0,$0.02B,$0.01B,45.83%,$0.02B,$-0.00B,-4.17%,$0.02B,$-0.00B,-4.17%,$0.02B,0,0.00%,$0.02B,$-0.00B,-4.17%,$0.02B,0,0.00%,$0.00B,$0.05B,0.00%,$0.00B,$0.05B,0.00%,$0.00B,$0.06B,0.00%,$-0.00B,$0.05B,-1.85%,$7,$4,$3,$1,$2,$6,$0,$0,$0,$0,$0,$0,$0,$0,$0,$17,17,$0.02,$0.02,$43,$4,$0,$53,$7,$0,$0,$0,$7,$60,$6,$0,$0,$1,$7,$0,$27,$0,$54,$60,$-0,$0,$0,$1,$-0,$-1,$1,$2,$1,$1,$-0,$0,$0,$0,$0,$0,$0,$-0,$-0,$0,$-0,$-1,$-1,$0,$0,$-1,$1,$0,$0
26,2011-12-31,1.83,$3.22,0.57,$1.43,1.28,$0.34,5.34,$0.01,0.0,$0.05B,$0.00B,12.14,$0.00B,$0.05B,0.0,$0.02B,$0.01B,50.00%,$0.02B,$-0.00B,-4.17%,$0.02B,$-0.00B,-4.17%,$0.02B,$0.00B,4.17%,$0.02B,0,0.00%,$0.02B,0,0.00%,$0.00B,$0.05B,0.00%,$0.00B,$0.05B,0.00%,$0.00B,$0.06B,0.00%,$-0.00B,$0.05B,-1.85%,$5,$3,$2,$1,$2,$5,$-1,$0,$-1,$-0,$-0,$-0,$-0,$-0,$-1,$17,17,$-0.02,$-0.02,$43,$4,$0,$51,$7,$0,$0,$0,$8,$59,$4,$0,$0,$1,$5,$0,$26,$0,$54,$59,$-0,$0,$0,$0,$1,$-1,$1,$1,$1,$1,$-0,$0,$0,$0,$0,$0,$0,$-0,$-0,$0,$-0,$-0,$-0,$0,$0,$-0,$0,$0,$0
27,2011-09-30,2.57,$3.24,0.79,$1.53,1.68,$0.37,6.88,$0.05,51.46,$0.05B,$0.00B,15.61,$0.00B,$0.05B,0.0,$0.03B,$0.01B,53.85%,$0.03B,0,0.00%,$0.03B,0,0.00%,$0.03B,$0.00B,3.85%,$0.03B,$0.00B,3.85%,$0.03B,0,0.00%,$0.00B,$0.05B,0.00%,$0.00B,$0.05B,0.00%,$0.00B,$0.06B,0.00%,$0.00B,$0.05B,0.00%,$6,$3,$3,$1,$2,$6,$0,$0,$0,$0,$0,$0,$0,$0,$0,$17,17,$-0.01,$-0.01,$43,$4,$0,$51,$7,$0,$0,$0,$8,$58,$3,$0,$0,$1,$4,$0,$27,$0,$54,$58,$1,$1,$0,$1,$-1,$1,$-0,$0,$0,$2,$-0,$0,$0,$0,$0,$0,$0,$-0,$-0,$0,$-0,$-0,$-0,$0,$0,$-0,$2,$0,$0
28,2011-06-30,2.91,$3.24,0.9,$1.59,1.83,$0.58,5.06,$0.12,24.28,$0.05B,$0.00B,13.71,$0.00B,$0.05B,0.0,$0.03B,$0.02B,59.26%,$0.03B,$0.00B,3.70%,$0.03B,$0.00B,3.70%,$0.03B,$0.00B,7.41%,$0.03B,$0.00B,7.41%,$0.03B,$0.00B,3.70%,$0.00B,$0.05B,1.86%,$0.00B,$0.05B,1.86%,$0.00B,$0.06B,1.71%,$0.00B,$0.05B,1.86%,$6,$3,$3,$1,$2,$6,$-0,$0,$-0,$0,$-0,$-0,$-0,$0,$-0,$17,17,$0.00,$0.00,$43,$4,$0,$51,$8,$0,$0,$0,$8,$59,$4,$0,$0,$1,$4,$0,$27,$0,$54,$59,$1,$0,$0,$1,$-1,$0,$1,$0,$0,$2,$-0,$0,$0,$0,$0,$0,$0,$-0,$-0,$0,$-0,$0,$0,$0,$0,$-0,$2,$0,$0
29,2011-03-31,3.12,$3.24,0.96,$1.70,1.83,$0.62,4.99,$0.20,15.58,$0.05B,$0.00B,14.13,$0.00B,$0.05B,0.0,$0.03B,$0.02B,62.07%,$0.03B,$0.00B,10.34%,$0.03B,$0.00B,10.34%,$0.03B,$0.00B,13.79%,$0.03B,$0.00B,13.79%,$0.03B,$0.00B,6.90%,$0.00B,$0.05B,3.76%,$0.00B,$0.05B,3.76%,$0.00B,$0.06B,3.45%,$0.00B,$0.05B,5.63%,$7,$3,$4,$2,$2,$6,$0,$0,$1,$0,$0,$0,$0,$1,$0,$17,17,$0.03,$0.03,$42,$5,$0,$51,$8,$0,$0,$0,$8,$59,$4,$0,$0,$1,$4,$0,$27,$0,$54,$59,$1,$0,$0,$1,$-0,$0,$0,$0,$0,$2,$-0,$0,$0,$0,$0,$0,$0,$-0,$-0,$0,$-0,$0,$0,$0,$0,$-0,$2,$0,$0
30,2010-12-31,3.02,$3.21,0.94,$1.62,1.87,$0.54,5.61,$0.13,23.23,$0.05B,$0.00B,14.28,$0.00B,$0.05B,0.0,$0.03B,$0.02B,59.26%,$0.03B,$0.00B,7.41%,$0.03B,$0.00B,7.41%,$0.03B,$0.00B,7.41%,$0.03B,$0.00B,7.41%,$0.03B,$0.00B,3.70%,$0.00B,$0.05B,1.90%,$0.00B,$0.05B,1.90%,$0.00B,$0.06B,1.75%,$0.00B,$0.05B,3.81%,$7,$3,$4,$1,$2,$6,$0,$0,$0,$0,$0,$0,$0,$0,$0,$17,17,$0.02,$0.02,$42,$4,$0,$50,$8,$0,$0,$0,$8,$58,$4,$0,$0,$1,$4,$0,$26,$0,$54,$58,$0,$0,$0,$0,$-0,$0,$0,$0,$1,$1,$-0,$0,$0,$0,$0,$0,$0,$-0,$-0,$0,$-0,$0,$0,$0,$0,$-0,$1,$0,$0
31,2010-09-30,2.61,$3.19,0.82,$1.51,1.73,$0.53,4.89,$0.04,65.13,$0.05B,$0.00B,15.05,$0.00B,$0.05B,0.0,$0.03B,$0.01B,56.00%,$0.03B,0,0.00%,$0.03B,0,0.00%,$0.03B,$0.00B,4.00%,$0.03B,$0.00B,4.00%,$0.03B,0,0.00%,$0.00B,$0.05B,0.00%,$0.00B,$0.05B,0.00%,$0.00B,$0.06B,0.00%,$0.00B,$0.05B,0.00%,$7,$3,$5,$1,$2,$6,$1,$0,$1,$0,$1,$1,$1,$1,$1,$17,17,$0.07,$0.07,$41,$5,$0,$50,$8,$0,$0,$0,$8,$58,$3,$0,$0,$1,$4,$0,$26,$0,$53,$58,$1,$1,$0,$1,$4,$1,$-1,$0,$4,$6,$-0,$0,$0,$0,$0,$0,$0,$-0,$-0,$0,$-0,$-0,$-0,$0,$0,$-0,$5,$0,$0
32,2010-06-30,2.34,$3.12,0.75,$1.53,1.53,$0.51,4.62,$-0.00,0.0,$0.05B,$0.00B,14.16,$0.00B,$0.05B,0.0,$0.03B,$0.01B,50.00%,$0.03B,0,0.00%,$0.03B,0,0.00%,$0.03B,$0.00B,3.85%,$0.03B,$0.00B,3.85%,$0.03B,0,0.00%,$0.00B,$0.05B,0.00%,$0.00B,$0.05B,0.00%,$0.00B,$0.06B,0.00%,$0.00B,$0.05B,0.00%,$8,$3,$5,$1,$2,$6,$2,$0,$2,$0,$1,$1,$1,$2,$2,$17,17,$0.08,$0.08,$38,$5,$0,$48,$8,$0,$0,$0,$8,$57,$3,$0,$0,$1,$4,$0,$25,$0,$52,$57,$-1,$1,$1,$1,$2,$0,$-0,$0,$2,$3,$-0,$0,$0,$0,$0,$0,$0,$-0,$-0,$0,$-0,$-0,$-0,$0,$0,$-0,$2,$0,$0
33,2010-03-31,3.36,$3.03,1.11,$1.53,2.19,$0.62,5.39,$-0.01,0.0,$0.05B,$0.00B,14.42,$0.00B,$0.05B,0.0,$0.03B,$0.01B,46.15%,$0.03B,$-0.00B,-3.85%,$0.03B,$-0.00B,-3.85%,$0.03B,0,0.00%,$0.03B,0,0.00%,$0.03B,0,0.00%,$0.00B,$0.05B,0.00%,$0.00B,$0.05B,0.00%,$0.00B,$0.06B,0.00%,$-0.00B,$0.05B,-1.90%,$5,$3,$2,$1,$2,$6,$-1,$0,$-1,$-0,$-1,$-1,$-1,$-1,$-1,$17,17,$-0.04,$-0.04,$36,$5,$0,$47,$8,$0,$0,$0,$8,$55,$3,$0,$0,$1,$4,$0,$23,$0,$51,$55,$-2,$0,$0,$1,$2,$0,$-0,$0,$1,$0,$-0,$0,$0,$0,$0,$0,$0,$-0,$-0,$0,$-0,$-0,$-0,$0,$0,$-0,$0,$0,$0
34,2009-12-31,2.45,$3.07,0.8,$1.84,1.33,$0.77,3.17,$0.11,22.23,$0.05B,$0.00B,15.08,$0.00B,$0.05B,0.0,$0.03B,$0.02B,48.39%,$0.03B,$0.00B,3.23%,$0.03B,$0.00B,3.23%,$0.03B,$0.00B,9.68%,$0.03B,$0.00B,6.45%,$0.03B,$0.00B,6.45%,$0.00B,$0.05B,3.90%,$0.00B,$0.05B,3.90%,$0.00B,$0.06B,3.43%,$0.00B,$0.05B,1.87%,$5,$3,$2,$1,$2,$6,$-2,$0,$-1,$-0,$-1,$-1,$-1,$-1,$-2,$17,17,$-0.07,$-0.07,$36,$5,$0,$47,$8,$0,$0,$0,$9,$55,$3,$0,$0,$1,$4,$0,$24,$0,$51,$55,$-1,$0,$0,$0,$3,$0,$-0,$0,$2,$1,$-0,$0,$0,$0,$0,$0,$0,$-0,$-0,$0,$-0,$0,$0,$0,$0,$-0,$1,$0,$0
35,2009-09-30,2.67,$3.13,0.85,$2.19,1.22,$0.64,4.19,$0.29,9.2,$0.05B,$0.00B,11.71,$0.00B,$0.05B,0.0,$0.04B,$0.02B,48.65%,$0.04B,$0.01B,13.51%,$0.04B,$0.01B,13.51%,$0.04B,$0.01B,16.22%,$0.04B,$0.01B,13.51%,$0.04B,$0.01B,13.51%,$0.01B,$0.05B,9.85%,$0.01B,$0.05B,9.85%,$0.01B,$0.06B,8.44%,$0.01B,$0.05B,9.26%,$8,$4,$4,$1,$2,$7,$1,$0,$1,$0,$1,$1,$1,$1,$1,$17,17,$0.04,$0.04,$36,$5,$0,$49,$8,$0,$0,$0,$9,$58,$4,$0,$0,$1,$5,$0,$25,$0,$52,$58,$5,$1,$1,$2,$-2,$4,$-1,$-0,$-2,$5,$-0,$0,$0,$0,$0,$0,$0,$-0,$-4,$0,$-4,$-0,$-0,$0,$0,$-4,$1,$1,$0
36,2009-06-30,2.38,$3.09,0.77,$2.33,1.02,$0.55,4.29,$0.71,3.35,$0.05B,$0.00B,14.18,$0.00B,$0.05B,0.08,$0.04B,$0.02B,41.03%,$0.04B,$-0.01B,-12.82%,$0.04B,$-0.01B,-12.82%,$0.04B,$-0.00B,-10.26%,$0.04B,$0.01B,30.77%,$0.04B,$0.01B,30.77%,$0.01B,$0.05B,24.24%,$0.01B,$0.05B,24.24%,$0.01B,$0.06B,20.08%,$-0.01B,$0.06B,-9.30%,$8,$4,$4,$1,$2,$7,$1,$0,$1,$-0,$1,$1,$1,$1,$1,$17,17,$0.07,$0.07,$39,$5,$0,$51,$9,$0,$0,$0,$9,$60,$4,$4,$0,$5,$9,$0,$25,$0,$52,$60,$4,$1,$1,$1,$-1,$4,$-1,$-0,$-1,$5,$-0,$0,$0,$0,$0,$0,$0,$-0,$-0,$0,$-0,$-0,$-0,$0,$0,$-0,$4,$1,$0
37,2009-03-31,2.24,$3.01,0.74,$2.38,0.94,$-0.18,0.0,$0.39,5.74,$0.05B,$0.01B,10.82,$0.00B,$0.05B,0.09,$0.04B,$0.02B,40.00%,$0.04B,$-0.01B,-27.50%,$0.04B,$-0.01B,-27.50%,$0.04B,$-0.01B,-25.00%,$0.04B,$0.01B,15.00%,$0.04B,$0.01B,17.50%,$0.01B,$0.05B,13.79%,$0.01B,$0.05B,13.79%,$0.01B,$0.06B,11.34%,$-0.01B,$0.06B,-20.00%,$10,$5,$5,$2,$2,$9,$1,$0,$1,$0,$1,$1,$1,$2,$1,$17,17,$0.08,$0.08,$38,$6,$0,$51,$9,$0,$0,$1,$9,$60,$5,$4,$0,$5,$10,$0,$23,$0,$50,$60,$3,$1,$0,$1,$-2,$3,$-1,$-0,$-1,$3,$-0,$0,$0,$0,$0,$0,$0,$-0,$-0,$0,$-0,$-0,$-0,$0,$0,$-0,$2,$0,$0
38,2008-12-31,2.1,$2.92,0.72,$2.16,0.98,$-0.66,0.0,$-0.11,0.0,$0.05B,$0.01B,9.58,$0.00B,$0.05B,0.09,$0.04B,$0.01B,37.84%,$0.04B,$-0.02B,-43.24%,$0.04B,$-0.02B,-43.24%,$0.04B,$-0.02B,-43.24%,$0.04B,$0.00B,2.70%,$0.04B,$-0.00B,-2.70%,$-0.00B,$0.05B,-1.87%,$-0.00B,$0.05B,-1.87%,$-0.00B,$0.06B,-1.54%,$-0.02B,$0.05B,-27.83%,$11,$5,$5,$1,$2,$9,$2,$0,$2,$0,$2,$2,$2,$2,$2,$17,17,$0.11,$0.11,$34,$8,$0,$50,$9,$0,$0,$0,$9,$59,$5,$4,$0,$5,$10,$0,$22,$0,$49,$59,$2,$0,$0,$0,$-3,$2,$-0,$0,$-4,$-1,$-0,$0,$0,$0,$0,$0,$0,$-0,$-0,$0,$-0,$0,$0,$0,$0,$-0,$-1,$0,$0
39,2008-09-30,2.9,$2.57,1.13,$1.81,1.61,$-0.89,0.0,$-0.46,0.0,$0.05B,$0.01B,6.35,$0.00B,$0.05B,0.09,$0.03B,$0.01B,32.26%,$0.03B,$-0.03B,-80.65%,$0.03B,$-0.03B,-80.65%,$0.03B,$-0.02B,-77.42%,$0.03B,$-0.01B,-22.58%,$0.03B,$-0.01B,-22.58%,$-0.01B,$0.05B,-12.07%,$-0.01B,$0.05B,-12.07%,$-0.01B,$0.06B,-10.00%,$-0.03B,$0.05B,-40.16%,$10,$9,$2,$3,$8,$19,$-9,$17,$8,$0,$8,$8,$8,$-9,$-9,$17,17,$0.44,$0.44,$35,$9,$0,$50,$9,$0,$0,$1,$9,$60,$8,$4,$0,$5,$13,$0,$20,$0,$47,$60,$-8,$1,$9,$10,$-2,$0,$-2,$5,$2,$4,$-1,$0,$0,$0,$0,$0,$0,$-1,$-0,$0,$-0,$-1,$-1,$-17,$0,$-18,$-14,$1,$-17
40,2008-06-30,2.86,$3.36,0.85,$1.51,1.9,$-1.81,0.0,$-1.15,0.0,$0.06B,$0.01B,8.9,$0.00B,$0.06B,0.08,$0.03B,$0.01B,30.77%,$0.03B,$-0.02B,-84.62%,$0.03B,$-0.02B,-84.62%,$0.03B,$-0.02B,-80.77%,$0.03B,$-0.02B,-80.77%,$0.03B,$-0.02B,-73.08%,$-0.02B,$0.06B,-29.69%,$-0.02B,$0.06B,-29.69%,$-0.02B,$0.07B,-24.92%,$-0.02B,$0.06B,-32.23%,$9,$5,$4,$3,$3,$14,$-5,$0,$-5,$-0,$-4,$-4,$-4,$-5,$-5,$17,17,$-0.25,$-0.25,$41,$11,$0,$58,$9,$0,$0,$1,$10,$68,$7,$4,$0,$5,$11,$0,$29,$0,$57,$68,$-15,$1,$5,$6,$1,$-2,$-1,$5,$2,$-8,$-1,$0,$0,$0,$0,$0,$0,$-1,$-0,$0,$-0,$-0,$-0,$0,$0,$-0,$-8,$1,$0
41,2008-03-31,4.68,$3.59,1.3,$1.33,3.51,$-1.59,0.0,$-0.98,0.0,$0.06B,$0.01B,8.84,$0.00B,$0.06B,0.07,$0.02B,$0.01B,26.09%,$0.02B,$-0.02B,-86.96%,$0.02B,$-0.02B,-86.96%,$0.02B,$-0.02B,-82.61%,$0.02B,$-0.02B,-78.26%,$0.02B,$-0.02B,-69.57%,$-0.02B,$0.06B,-23.36%,$-0.02B,$0.06B,-23.36%,$-0.02B,$0.07B,-19.75%,$-0.02B,$0.07B,-27.49%,$7,$4,$3,$3,$5,$11,$-4,$1,$-4,$3,$-7,$-7,$-7,$-4,$-4,$17,17,$-0.42,$-0.42,$44,$10,$0,$59,$9,$0,$0,$3,$12,$72,$7,$4,$0,$4,$11,$0,$34,$0,$61,$72,$-11,$1,$2,$2,$2,$-1,$-1,$5,$4,$-5,$-0,$0,$0,$0,$0,$0,$0,$-0,$-0,$0,$-0,$-0,$-0,$0,$0,$-0,$-5,$1,$0
42,2007-12-31,4.29,$3.99,1.08,$1.16,3.69,$-1.44,0.0,$-0.70,0.0,$0.07B,$0.01B,7.95,$0.00B,$0.07B,0.07,$0.02B,$0.00B,20.00%,$0.02B,$-0.02B,-100.00%,$0.02B,$-0.02B,-100.00%,$0.02B,$-0.02B,-95.00%,$0.02B,$-0.02B,-90.00%,$0.02B,$-0.01B,-55.00%,$-0.01B,$0.07B,-15.22%,$-0.01B,$0.07B,-15.22%,$-0.01B,$0.08B,-13.02%,$-0.02B,$0.07B,-26.14%,$5,$4,$1,$2,$6,$11,$-7,$1,$-6,$-2,$-4,$-4,$-4,$-6,$-7,$17,17,$-0.24,$-0.24,$44,$10,$0,$67,$9,$0,$0,$3,$13,$80,$8,$4,$0,$4,$13,$0,$41,$0,$67,$80,$-4,$0,$-0,$-0,$1,$-0,$1,$-2,$-1,$-5,$-0,$0,$0,$0,$0,$0,$0,$-0,$-0,$0,$-0,$0,$0,$0,$0,$0,$-5,$0,$0
43,2007-09-30,8.41,$4.19,2.01,$1.09,7.73,$-1.17,0.0,$-0.53,0.0,$0.07B,$0.01B,7.63,$0.00B,$0.07B,0.06,$0.02B,$0.00B,22.22%,$0.02B,$-0.02B,-88.89%,$0.02B,$-0.02B,-88.89%,$0.02B,$-0.02B,-88.89%,$0.02B,$-0.01B,-77.78%,$0.02B,$-0.01B,-44.44%,$-0.01B,$0.07B,-10.67%,$-0.01B,$0.07B,-10.67%,$-0.01B,$0.09B,-9.30%,$-0.02B,$0.08B,-20.25%,$5,$5,$-0,$1,$5,$11,$-6,$1,$-6,$-2,$-4,$-4,$-4,$-6,$-6,$17,17,$-0.23,$-0.23,$49,$9,$0,$72,$9,$0,$0,$3,$13,$85,$9,$4,$0,$4,$14,$0,$44,$0,$71,$85,$-9,$1,$0,$1,$-3,$-3,$4,$-2,$-3,$-11,$-1,$0,$0,$0,$0,$0,$-3,$-4,$-0,$0,$-0,$0,$0,$0,$0,$1,$-14,$1,$0
44,2007-06-30,10.29,$4.42,2.33,$1.05,9.82,$-0.59,0.0,$-0.35,0.0,$0.08B,$0.01B,9.62,$0.00B,$0.08B,0.06,$0.02B,$0.01B,38.89%,$0.02B,$-0.01B,-66.67%,$0.02B,$-0.01B,-66.67%,$0.02B,$-0.01B,-66.67%,$0.02B,$-0.01B,-55.56%,$0.02B,$-0.01B,-27.78%,$-0.01B,$0.08B,-6.51%,$-0.01B,$0.08B,-6.51%,$-0.01B,$0.09B,-5.78%,$-0.01B,$0.08B,-14.81%,$6,$4,$2,$1,$4,$9,$-3,$1,$-2,$-1,$-1,$-1,$-1,$-3,$-3,$17,17,$-0.08,$-0.08,$57,$8,$0,$75,$9,$0,$0,$3,$12,$87,$8,$4,$0,$5,$13,$0,$48,$0,$75,$87,$-5,$1,$0,$1,$2,$-1,$4,$-4,$0,$-4,$-1,$0,$0,$0,$0,$0,$-2,$-3,$-0,$0,$-0,$0,$0,$0,$0,$1,$-6,$1,$0
45,2007-03-31,11.22,$4.49,2.5,$0.88,12.79,$-0.23,0.0,$-0.34,0.0,$0.08B,$0.01B,13.07,$0.00B,$0.08B,0.06,$0.02B,$0.01B,40.00%,$0.02B,$-0.01B,-80.00%,$0.02B,$-0.01B,-80.00%,$0.02B,$-0.01B,-80.00%,$0.02B,$-0.01B,-66.67%,$0.02B,$-0.01B,-33.33%,$-0.01B,$0.08B,-6.43%,$-0.01B,$0.08B,-6.43%,$-0.01B,$0.09B,-5.76%,$-0.01B,$0.08B,-14.63%,$4,$3,$1,$1,$4,$8,$-4,$1,$-4,$-1,$-2,$-2,$-2,$-4,$-4,$17,17,$-0.14,$-0.14,$61,$6,$0,$77,$9,$0,$0,$0,$9,$86,$6,$4,$0,$5,$11,$0,$50,$0,$76,$86,$-3,$0,$0,$0,$1,$1,$2,$-4,$1,$-2,$-0,$0,$0,$0,$0,$0,$-0,$-0,$-0,$0,$-0,$0,$0,$0,$0,$1,$-2,$0,$0
46,2006-12-31,7.55,$4.60,1.64,$0.85,8.83,$0.11,70.01,$-0.24,0.0,$0.08B,$0.00B,21.68,$0.00B,$0.08B,0.06,$0.02B,$0.01B,46.67%,$0.02B,$-0.01B,-73.33%,$0.02B,$-0.01B,-73.33%,$0.02B,$-0.01B,-66.67%,$0.02B,$-0.01B,-53.33%,$0.02B,$-0.00B,-26.67%,$-0.00B,$0.08B,-5.02%,$-0.00B,$0.08B,-5.02%,$-0.00B,$0.09B,-4.53%,$-0.01B,$0.08B,-13.10%,$3,$2,$1,$1,$3,$6,$-3,$1,$-2,$-1,$-1,$-1,$-1,$-3,$-3,$17,17,$-0.07,$-0.07,$63,$6,$0,$77,$9,$0,$0,$0,$9,$86,$4,$4,$0,$5,$8,$0,$52,$0,$78,$86,$-1,$0,$0,$1,$2,$0,$0,$-2,$-0,$-1,$-0,$0,$0,$0,$0,$0,$0,$-0,$-0,$0,$-0,$0,$0,$0,$0,$0,$-0,$0,$0
