,Date,Stock Price,Book Value per Share,Price to Book Ratio,TTM Sales per Share,Price to Sales Ratio,TTM FCF per Share,Price to FCF Ratio,TTM Net EPS,PE Ratio,Current Assets,Current Liabilities,Current Ratio,Long Term Debt,Shareholder's Equity_x,Debt to Equity Ratio,TTM Revenue_x,TTM Gross Profit,Gross Margin,TTM Revenue_y,TTM Operating Income,Operating Margin,TTM Revenue_x,TTM EBIT,EBIT Margin,TTM Revenue_y,TTM EBITDA,EBITDA Margin,TTM Revenue_x,TTM Pre-Tax Income,Pre-Tax Margin,TTM Revenue_y,TTM Net Income_x,Net Margin,TTM Net Income_y,Shareholder's Equity_y,Return on Equity,TTM Net Income_x,Tangible Equity,Return on Tangible Equity,TTM Net Income_y,Total Assets,Return on Assets,TTM Net Income,LT Investments & Debt,Return on Investment,revenue,cost-goods-sold,gross-profit,research-development-expenses,selling-general-administrative-expenses,operating-expenses,operating-income,total-non-operating-income-expense,pre-tax-income,total-provision-income-taxes,income-after-taxes,income-from-continuous-operations,net-income,ebitda,ebit,basic-shares-outstanding,shares-outstanding,eps-basic-net-earnings-per-share,eps-earnings-per-share-diluted,cash-on-hand,inventory,other-current-assets,total-current-assets,net-property-plant-equipment,long-term-investments,goodwill-intangible-assets-total,other-long-term-assets,total-long-term-assets,total-assets,total-current-liabilities,long-term-debt,other-non-current-liabilities,total-long-term-liabilities,total-liabilities,common-stock-net,retained-earnings-accumulated-deficit,comprehensive-income,total-share-holder-equity,total-liabilities-share-holders-equity,net-income-loss,total-depreciation-amortization-cash-flow,other-non-cash-items,total-non-cash-items,change-in-accounts-receivable,change-in-inventories,change-in-accounts-payable,change-in-assets-liabilities,total-change-in-assets-liabilities,cash-flow-from-operating-activities,net-change-in-property-plant-equipment,net-change-in-intangible-assets,net-acquisitions-divestitures,net-change-in-short-term-investments,net-change-in-long-term-investments,net-change-in-investments-total,investing-activities-other,cash-flow-from-investing-activities,net-long-term-debt,net-current-debt,debt-issuance-retirement-net-total,net-common-equity-issued-repurchased,net-total-equity-issued-repurchased,total-common-preferred-stock-dividends-paid,financial-activities-other,cash-flow-from-financial-activities,net-cash-flow,stock-based-compensation,common-stock-dividends-paid
0,2018-09-30,158.5,$10.36,15.3,$42.75,3.71,$6.84,23.17,$1.57,100.96,$1.54B,$2.34B,0.66,$2.08B,$0.94B,2.21,$3.90B,$2.44B,62.58%,$3.90B,$0.19B,4.95%,$3.90B,$0.19B,4.95%,$3.90B,$0.48B,12.35%,$3.90B,$0.10B,2.51%,$3.90B,$0.15B,3.72%,$0.15B,$0.94B,15.13%,$0.15B,$-3.06B,-4.53%,$0.15B,$5.95B,2.21%,$0.19B,$3.02B,5.87%,$922,$336,$586,$0,$448,$869,$53,$-15,$38,$26,$12,$12,$12,$123,$53,$91,92,$0.13,$0.13,$211,$0,$0,$1535,$246,$0,$3997,$167,$4409,$5945,$2344,$2077,$582,$2660,$5003,$0,$1671,$-23,$942,$5945,$38,$215,$13,$228,$173,$0,$0,$66,$160,$426,$-65,$0,$505,$0,$0,$0,$0,$440,$-1120,$0,$-1120,$-93,$-93,$0,$0,$-1214,$-354,$56,$0
1,2018-06-30,132.9,$10.15,13.1,$41.89,3.17,$4.65,28.59,$0.91,146.04,$1.61B,$2.51B,0.64,$2.15B,$0.92B,2.33,$3.81B,$2.35B,61.76%,$3.81B,$0.12B,3.05%,$3.81B,$0.12B,3.05%,$3.81B,$0.41B,10.69%,$3.81B,$-0.00B,-0.05%,$3.81B,$0.09B,2.23%,$0.09B,$0.92B,9.05%,$0.09B,$-3.23B,-2.50%,$0.09B,$6.15B,1.24%,$0.12B,$3.07B,3.34%,$1001,$368,$634,$0,$461,$915,$86,$-11,$75,$29,$46,$46,$46,$162,$86,$91,92,$0.51,$0.50,$142,$0,$0,$1608,$226,$0,$4152,$167,$4544,$6153,$2514,$2147,$571,$2718,$5232,$0,$1660,$-24,$921,$6153,$27,$145,$2,$147,$81,$0,$0,$50,$3,$177,$-40,$0,$406,$0,$0,$0,$1,$366,$-859,$0,$-859,$-89,$-89,$0,$0,$-947,$-407,$45,$0
2,2018-03-31,117.62,$10.83,10.86,$40.47,2.91,$3.63,32.44,$-0.62,0.0,$2.31B,$3.19B,0.73,$2.19B,$0.99B,2.21,$3.65B,$2.21B,60.53%,$3.65B,$-0.07B,-1.86%,$3.65B,$-0.07B,-1.86%,$3.65B,$0.24B,6.55%,$3.65B,$-0.22B,-6.03%,$3.65B,$-0.05B,-1.45%,$-0.05B,$0.99B,-5.75%,$-0.05B,$-3.22B,1.49%,$-0.05B,$6.92B,-0.75%,$-0.07B,$3.17B,-1.83%,$964,$357,$606,$0,$488,$972,$-9,$-34,$-43,$-23,$-20,$-20,$-20,$61,$-9,$91,91,$-0.22,$-0.22,$190,$0,$603,$2311,$223,$0,$4204,$177,$4604,$6915,$3186,$2186,$556,$2742,$5927,$0,$1614,$32,$988,$6915,$-20,$70,$-8,$62,$57,$0,$0,$37,$-39,$3,$-18,$0,$0,$0,$0,$0,$1,$-17,$-305,$0,$-305,$-24,$-24,$0,$0,$-329,$-339,$31,$0
3,2017-12-31,123.15,$10.83,11.37,$37.32,3.3,$3.31,37.2,$0.03,4105.0,$2.59B,$2.82B,0.92,$2.90B,$0.98B,2.95,$3.31B,$1.99B,60.14%,$3.31B,$-0.01B,-0.15%,$3.31B,$-0.01B,-0.15%,$3.31B,$0.25B,7.52%,$3.31B,$-0.13B,-3.89%,$3.31B,$0.00B,0.09%,$0.00B,$0.98B,0.43%,$0.00B,$-3.30B,-0.10%,$0.00B,$7.28B,0.05%,$-0.01B,$3.88B,-0.15%,$1015,$398,$616,$0,$465,$952,$63,$-35,$28,$-79,$107,$107,$107,$136,$63,$88,90,$1.16,$1.17,$539,$0,$543,$2589,$222,$0,$4279,$194,$4695,$7283,$2823,$2899,$578,$3477,$6300,$0,$1647,$2,$983,$7283,$3,$255,$-138,$117,$-369,$0,$0,$316,$134,$255,$-111,$0,$-2635,$0,$0,$0,$0,$-2746,$2621,$0,$2621,$-30,$-30,$0,$-51,$2540,$75,$79,$0
4,2017-09-30,124.41,$9.53,13.06,$34.41,3.62,$5.48,22.72,$-0.34,0.0,$1.81B,$2.48B,0.73,$2.92B,$0.86B,3.39,$3.00B,$1.80B,60.00%,$3.00B,$0.04B,1.37%,$3.00B,$0.04B,1.37%,$3.00B,$0.24B,7.93%,$3.00B,$-0.05B,-1.70%,$3.00B,$-0.04B,-1.27%,$-0.04B,$0.86B,-8.08%,$-0.04B,$-3.85B,1.63%,$-0.04B,$7.01B,-0.77%,$0.04B,$3.79B,1.61%,$828,$332,$496,$0,$421,$852,$-24,$-38,$-62,$-14,$-48,$-48,$-48,$48,$-24,$91,91,$-0.53,$-0.53,$630,$0,$0,$1812,$216,$0,$4710,$274,$5199,$7011,$2482,$2922,$744,$3666,$6148,$0,$1540,$-1,$863,$7011,$-104,$182,$-32,$150,$-15,$0,$0,$93,$186,$232,$-76,$0,$-2642,$0,$0,$0,$0,$-2717,$2685,$0,$2685,$-29,$-29,$0,$-51,$2606,$149,$68,$0
5,2017-06-30,123.51,$9.42,13.11,$32.12,3.84,$6.68,18.5,$0.55,224.56,$1.76B,$2.24B,0.78,$3.14B,$0.85B,3.68,$2.75B,$1.66B,60.27%,$2.75B,$0.11B,4.15%,$2.75B,$0.11B,4.15%,$2.75B,$0.26B,9.29%,$2.75B,$0.06B,2.04%,$2.75B,$0.04B,1.46%,$0.04B,$0.85B,15.87%,$0.04B,$-3.91B,-2.53%,$0.04B,$7.00B,1.07%,$0.11B,$3.99B,6.42%,$844,$352,$492,$0,$408,$942,$-98,$-44,$-143,$-50,$-92,$-92,$-92,$-6,$-98,$89,89,$-1.03,$-1.03,$589,$0,$0,$1760,$197,$0,$4765,$273,$5235,$6995,$2244,$3140,$757,$3897,$6141,$0,$1588,$-49,$854,$6995,$-56,$110,$-24,$85,$-45,$0,$0,$128,$53,$83,$-42,$0,$-2604,$0,$0,$0,$0,$-2646,$2765,$0,$2765,$-28,$-28,$0,$-51,$2686,$133,$54,$0
6,2017-03-31,107.99,$1.24,87.19,$29.96,3.6,$7.85,13.76,$2.15,50.23,$2.18B,$1.47B,1.48,$1.60B,$0.10B,15.56,$2.51B,$1.54B,61.39%,$2.51B,$0.30B,11.74%,$2.51B,$0.30B,11.74%,$2.51B,$0.36B,14.37%,$2.51B,$0.28B,10.99%,$2.51B,$0.18B,7.32%,$0.18B,$0.10B,728.71%,$0.18B,$-0.83B,-22.18%,$0.18B,$3.37B,7.14%,$0.30B,$1.70B,30.92%,$625,$238,$388,$0,$304,$572,$54,$-5,$48,$12,$36,$36,$36,$71,$54,$83,84,$0.44,$0.43,$1228,$0,$0,$2176,$126,$0,$937,$127,$1190,$3365,$1470,$1599,$193,$1792,$3262,$0,$1680,$-48,$103,$3365,$36,$17,$11,$28,$-58,$0,$0,$73,$-94,$-30,$-11,$0,$-111,$0,$0,$0,$0,$-122,$955,$0,$955,$-19,$-19,$0,$-19,$917,$772,$23,$0
7,2016-12-31,101.07,$0.74,137.21,$29.20,3.46,$8.41,12.02,$2.20,45.94,$1.34B,$1.46B,0.92,$0.66B,$0.06B,10.91,$2.44B,$1.50B,61.33%,$2.44B,$0.31B,12.48%,$2.44B,$0.31B,12.48%,$2.44B,$0.37B,15.14%,$2.44B,$0.29B,11.78%,$2.44B,$0.19B,7.90%,$0.19B,$0.06B,-671.30%,$0.19B,$-0.75B,-22.67%,$0.19B,$2.37B,8.43%,$0.31B,$0.73B,43.05%,$703,$279,$424,$0,$290,$595,$109,$-3,$106,$40,$66,$66,$66,$125,$109,$83,84,$0.79,$0.79,$474,$0,$0,$1343,$122,$0,$815,$87,$1024,$2367,$1460,$664,$182,$846,$2306,$0,$1644,$-50,$61,$2367,$194,$65,$42,$107,$-69,$0,$0,$78,$65,$366,$-50,$0,$-34,$0,$0,$0,$0,$-84,$-120,$0,$-120,$-50,$-50,$0,$-5,$-175,$101,$47,$0
8,2016-09-30,88.45,$-0.13,-696.46,$28.38,3.12,$8.16,10.84,$2.19,40.39,$1.25B,$1.42B,0.88,$0.70B,$-0.01B,-66.34,$2.39B,$1.46B,61.30%,$2.39B,$0.30B,12.49%,$2.39B,$0.30B,12.49%,$2.39B,$0.36B,15.14%,$2.39B,$0.28B,11.70%,$2.39B,$0.19B,8.09%,$0.19B,$-0.01B,-250.65%,$0.19B,$-0.84B,-21.47%,$0.19B,$2.28B,8.61%,$0.30B,$0.69B,43.19%,$574,$223,$351,$0,$270,$525,$49,$-4,$45,$14,$30,$30,$30,$65,$49,$83,84,$0.37,$0.36,$466,$0,$0,$1246,$119,$0,$825,$88,$1032,$2278,$1417,$696,$174,$871,$2288,$0,$1578,$-48,$-10,$2278,$127,$49,$23,$71,$26,$0,$0,$105,$84,$282,$-37,$0,$-29,$0,$0,$0,$0,$-66,$-80,$0,$-80,$-46,$-46,$0,$-5,$-131,$93,$36,$0
9,2016-06-30,97.41,$-0.64,-152.35,$27.48,3.54,$7.97,12.22,$2.19,44.48,$1.23B,$1.39B,0.89,$0.76B,$-0.05B,-14.31,$2.31B,$1.42B,61.36%,$2.31B,$0.30B,13.02%,$2.31B,$0.30B,13.02%,$2.31B,$0.36B,15.62%,$2.31B,$0.29B,12.38%,$2.31B,$0.19B,8.35%,$0.19B,$-0.05B,-168.56%,$0.19B,$-0.90B,-20.64%,$0.19B,$2.31B,8.79%,$0.30B,$0.70B,44.04%,$610,$231,$379,$0,$272,$527,$83,$-6,$77,$26,$52,$52,$52,$100,$83,$83,84,$0.63,$0.62,$445,$0,$0,$1234,$117,$0,$842,$112,$1071,$2305,$1387,$756,$214,$970,$2357,$0,$1539,$-48,$-53,$2305,$97,$32,$26,$58,$-20,$0,$0,$121,$7,$162,$-25,$0,$-30,$0,$0,$0,$0,$-55,$10,$0,$10,$-47,$-47,$0,$-5,$-42,$72,$27,$0
10,2016-03-31,89.35,$-1.37,-65.42,$26.69,3.35,$7.83,11.41,$2.23,40.07,$1.18B,$1.29B,0.91,$0.83B,$-0.11B,-7.39,$2.25B,$1.38B,61.18%,$2.25B,$0.30B,13.47%,$2.25B,$0.30B,13.47%,$2.25B,$0.36B,15.87%,$2.25B,$0.29B,12.85%,$2.25B,$0.19B,8.54%,$0.19B,$-0.11B,-133.57%,$0.19B,$-0.92B,-21.19%,$0.19B,$2.21B,9.22%,$0.30B,$0.72B,47.42%,$557,$212,$345,$0,$257,$493,$64,$-4,$60,$15,$45,$45,$45,$80,$64,$82,83,$0.55,$0.54,$404,$0,$0,$1179,$109,$0,$809,$115,$1032,$2212,$1291,$833,$200,$1033,$2324,$0,$1491,$-49,$-113,$2212,$45,$15,$13,$29,$-19,$0,$0,$100,$-60,$13,$-7,$0,$-1,$0,$0,$0,$0,$-7,$65,$0,$65,$-43,$-43,$0,$0,$22,$31,$15,$0
11,2015-12-31,90.7,$-1.61,-56.41,$25.39,3.57,$7.68,11.81,$2.07,43.82,$1.14B,$1.32B,0.86,$0.78B,$-0.13B,-5.92,$2.16B,$1.32B,61.21%,$2.16B,$0.29B,13.31%,$2.16B,$0.29B,13.31%,$2.16B,$0.34B,15.58%,$2.16B,$0.27B,12.62%,$2.16B,$0.18B,8.09%,$0.18B,$-0.13B,-116.28%,$0.18B,$-0.94B,-20.28%,$0.18B,$2.17B,8.85%,$0.29B,$0.65B,55.49%,$644,$257,$387,$0,$259,$542,$102,$-5,$97,$31,$66,$66,$66,$116,$102,$84,85,$0.78,$0.77,$373,$0,$0,$1141,$109,$0,$812,$107,$1028,$2169,$1323,$784,$194,$977,$2301,$0,$1451,$-44,$-132,$2169,$176,$49,$33,$81,$-44,$0,$0,$51,$89,$346,$-46,$0,$-196,$0,$0,$0,$0,$-242,$420,$0,$420,$-502,$-502,$0,$14,$-68,$8,$46,$0
12,2015-09-30,83.93,$-1.93,-43.58,$24.25,3.46,$7.56,11.1,$1.95,43.04,$1.06B,$1.24B,0.86,$0.82B,$-0.16B,-5.14,$2.10B,$1.29B,61.10%,$2.10B,$0.28B,13.41%,$2.10B,$0.28B,13.41%,$2.10B,$0.33B,15.60%,$2.10B,$0.27B,12.74%,$2.10B,$0.17B,7.99%,$0.17B,$-0.16B,-217.48%,$0.17B,$-0.98B,-22.67%,$0.17B,$2.09B,8.79%,$0.28B,$0.66B,57.23%,$500,$194,$307,$0,$236,$448,$52,$-1,$52,$21,$30,$30,$30,$65,$52,$83,84,$0.37,$0.36,$371,$0,$0,$1061,$110,$0,$820,$100,$1030,$2092,$1235,$820,$196,$1016,$2251,$0,$1385,$-49,$-160,$2092,$110,$34,$20,$54,$57,$0,$0,$73,$102,$266,$-36,$0,$-195,$0,$0,$0,$0,$-232,$435,$0,$435,$-447,$-447,$0,$11,$-1,$6,$37,$0
13,2015-06-30,85.78,$-2.05,-41.86,$23.56,3.64,$7.61,11.27,$1.97,43.54,$1.07B,$1.21B,0.89,$0.70B,$-0.17B,-4.09,$2.07B,$1.26B,60.80%,$2.07B,$0.28B,13.45%,$2.07B,$0.28B,13.45%,$2.07B,$0.32B,15.57%,$2.07B,$0.26B,12.63%,$2.07B,$0.17B,8.29%,$0.17B,$-0.17B,17200.00%,$0.17B,$-0.78B,-27.99%,$0.17B,$1.86B,9.40%,$0.28B,$0.53B,70.23%,$548,$210,$337,$0,$238,$463,$85,$-6,$80,$28,$51,$51,$51,$96,$85,$83,84,$0.61,$0.61,$358,$0,$0,$1066,$107,$0,$610,$78,$795,$1861,$1205,$695,$132,$827,$2031,$0,$1355,$-36,$-170,$1861,$80,$21,$19,$40,$14,$0,$0,$103,$30,$149,$-24,$0,$0,$0,$0,$0,$0,$-24,$310,$0,$310,$-438,$-438,$0,$11,$-117,$-8,$27,$0
14,2015-03-31,83.85,$-1.66,-50.54,$22.78,3.68,$7.59,11.05,$1.94,43.22,$1.00B,$1.42B,0.7,$0.38B,$-0.14B,-2.72,$2.05B,$1.24B,60.65%,$2.05B,$0.28B,13.49%,$2.05B,$0.28B,13.49%,$2.05B,$0.32B,15.59%,$2.05B,$0.26B,12.76%,$2.05B,$0.17B,8.50%,$0.17B,$-0.14B,187.10%,$0.17B,$-0.75B,-32.89%,$0.17B,$1.79B,9.59%,$0.28B,$0.24B,79.42%,$471,$178,$293,$0,$230,$423,$49,$-4,$44,$16,$28,$28,$28,$60,$49,$87,88,$0.33,$0.32,$282,$0,$0,$1001,$104,$0,$608,$76,$789,$1789,$1421,$380,$128,$508,$1929,$0,$1303,$-42,$-140,$1789,$28,$11,$6,$17,$10,$0,$0,$73,$-39,$6,$-12,$0,$0,$0,$0,$0,$0,$-12,$260,$0,$260,$-322,$-322,$0,$8,$-54,$-84,$17,$0
15,2014-12-31,84.21,$1.84,45.73,$22.21,3.79,$7.74,10.88,$2.02,41.69,$1.10B,$1.22B,0.9,$0.39B,$0.16B,2.39,$2.02B,$1.22B,60.53%,$2.02B,$0.29B,14.14%,$2.02B,$0.29B,14.14%,$2.02B,$0.33B,16.17%,$2.02B,$0.27B,13.55%,$2.02B,$0.18B,9.10%,$0.18B,$0.16B,98.26%,$0.18B,$-0.46B,-41.91%,$0.18B,$1.90B,10.18%,$0.29B,$0.55B,75.31%,$584,$236,$348,$0,$236,$488,$96,$-4,$92,$33,$59,$59,$59,$107,$96,$89,91,$0.68,$0.67,$365,$0,$0,$1097,$98,$0,$617,$92,$808,$1904,$1215,$385,$143,$528,$1743,$0,$1275,$-21,$161,$1904,$184,$42,$18,$60,$-76,$0,$0,$83,$103,$347,$-38,$0,$-124,$0,$0,$0,$0,$-163,$200,$0,$200,$-424,$-424,$0,$16,$-209,$-59,$39,$0
16,2014-09-30,73.47,$1.73,42.4,$21.26,3.46,$7.28,10.09,$2.01,36.55,$0.96B,$1.36B,0.71,$0.13B,$0.15B,0.82,$1.96B,$1.19B,60.59%,$1.96B,$0.28B,14.24%,$1.96B,$0.28B,14.24%,$1.96B,$0.32B,16.23%,$1.96B,$0.27B,13.68%,$1.96B,$0.19B,9.49%,$0.19B,$0.15B,78.40%,$0.19B,$-0.47B,-50.82%,$0.19B,$1.77B,10.47%,$0.28B,$0.28B,75.87%,$471,$188,$283,$0,$217,$422,$49,$-3,$46,$13,$34,$34,$34,$60,$49,$89,90,$0.38,$0.38,$341,$0,$0,$959,$94,$0,$627,$89,$810,$1769,$1359,$125,$133,$258,$1616,$0,$1216,$-2,$153,$1769,$125,$30,$9,$39,$37,$0,$0,$92,$112,$276,$-26,$0,$-122,$0,$0,$0,$0,$-147,$165,$0,$165,$-381,$-381,$0,$19,$-196,$-83,$29,$0
17,2014-06-30,70.52,$2.22,31.74,$20.36,3.46,$6.77,10.42,$2.03,34.74,$0.97B,$1.35B,0.72,$0.13B,$0.20B,0.65,$1.90B,$1.15B,60.72%,$1.90B,$0.29B,15.22%,$1.90B,$0.29B,15.22%,$1.90B,$0.33B,17.17%,$1.90B,$0.28B,14.69%,$1.90B,$0.19B,10.01%,$0.19B,$0.20B,67.98%,$0.19B,$-0.44B,-63.65%,$0.19B,$1.80B,10.91%,$0.29B,$0.33B,69.85%,$520,$203,$317,$0,$219,$438,$82,$-3,$79,$26,$53,$53,$53,$92,$82,$90,91,$0.59,$0.58,$318,$0,$0,$972,$96,$0,$635,$94,$825,$1797,$1346,$129,$125,$254,$1599,$0,$1182,$10,$198,$1797,$91,$20,$11,$30,$3,$0,$0,$86,$32,$153,$-19,$0,$-122,$0,$0,$0,$0,$-141,$170,$0,$170,$-302,$-302,$0,$14,$-118,$-106,$21,$0
18,2014-03-31,69.44,$2.62,26.47,$19.32,3.59,$6.56,10.58,$1.94,35.79,$0.95B,$1.27B,0.75,$0.13B,$0.24B,0.56,$1.83B,$1.10B,60.49%,$1.83B,$0.28B,15.40%,$1.83B,$0.28B,15.40%,$1.83B,$0.32B,17.37%,$1.83B,$0.27B,14.90%,$1.83B,$0.18B,10.08%,$0.18B,$0.24B,58.93%,$0.18B,$-0.39B,-77.31%,$0.18B,$1.76B,10.85%,$0.28B,$0.37B,62.41%,$447,$171,$276,$0,$205,$388,$59,$-2,$57,$19,$38,$38,$38,$68,$59,$92,93,$0.41,$0.40,$283,$0,$0,$946,$94,$0,$624,$94,$812,$1758,$1267,$133,$122,$254,$1521,$0,$1129,$9,$237,$1758,$38,$9,$10,$19,$-4,$0,$0,$68,$-41,$16,$-9,$0,$-115,$0,$0,$0,$0,$-124,$150,$0,$150,$-193,$-193,$0,$11,$-32,$-141,$14,$0
19,2013-12-31,71.05,$3.93,18.08,$18.79,3.78,$6.59,10.78,$1.92,37.01,$1.09B,$1.16B,0.94,$0.14B,$0.36B,0.38,$1.79B,$1.07B,60.00%,$1.79B,$0.28B,15.46%,$1.79B,$0.28B,15.46%,$1.79B,$0.31B,17.48%,$1.79B,$0.27B,14.96%,$1.79B,$0.18B,10.25%,$0.18B,$0.36B,55.00%,$0.18B,$-0.16B,-94.82%,$0.18B,$1.78B,11.10%,$0.28B,$0.50B,58.14%,$521,$210,$311,$0,$213,$432,$89,$-2,$86,$25,$61,$61,$61,$98,$89,$93,95,$0.67,$0.66,$424,$0,$0,$1085,$92,$0,$525,$82,$699,$1784,$1160,$136,$126,$262,$1422,$0,$1091,$8,$361,$1784,$183,$37,$26,$63,$-28,$0,$0,$56,$70,$316,$-36,$0,$0,$0,$0,$0,$0,$-36,$0,$0,$0,$-176,$-176,$0,$22,$-154,$124,$35,$0
20,2013-09-30,60.0,$3.49,17.19,$18.25,3.29,$6.10,9.83,$1.88,31.91,$0.94B,$1.04B,0.9,$0.14B,$0.32B,0.44,$1.74B,$1.04B,59.52%,$1.74B,$0.27B,15.35%,$1.74B,$0.27B,15.35%,$1.74B,$0.30B,17.42%,$1.74B,$0.26B,14.89%,$1.74B,$0.18B,10.41%,$0.18B,$0.32B,56.70%,$0.18B,$-0.20B,-86.91%,$0.18B,$1.63B,11.26%,$0.27B,$0.46B,58.58%,$411,$162,$249,$0,$182,$352,$59,$-2,$57,$18,$38,$38,$38,$68,$59,$93,94,$0.41,$0.40,$375,$0,$0,$935,$90,$0,$526,$77,$693,$1628,$1044,$140,$123,$263,$1307,$0,$1030,$7,$322,$1628,$121,$28,$14,$41,$70,$0,$0,$51,$79,$242,$-28,$0,$0,$0,$0,$0,$0,$-28,$0,$0,$0,$-153,$-153,$0,$15,$-138,$75,$27,$0
21,2013-06-30,56.99,$3.53,16.15,$17.81,3.2,$5.69,10.01,$1.81,31.49,$0.92B,$1.02B,0.91,$0.14B,$0.33B,0.44,$1.70B,$1.01B,59.28%,$1.70B,$0.26B,15.16%,$1.70B,$0.26B,15.16%,$1.70B,$0.29B,17.22%,$1.70B,$0.25B,14.63%,$1.70B,$0.17B,10.22%,$0.17B,$0.33B,57.24%,$0.17B,$-0.20B,-77.33%,$0.17B,$1.61B,11.08%,$0.26B,$0.47B,59.24%,$446,$178,$268,$0,$186,$372,$74,$-2,$72,$25,$47,$47,$47,$83,$74,$94,95,$0.50,$0.49,$333,$0,$0,$923,$89,$0,$525,$76,$690,$1614,$1015,$144,$127,$270,$1285,$0,$992,$2,$329,$1614,$83,$18,$1,$19,$27,$0,$0,$70,$38,$140,$-20,$0,$0,$0,$0,$0,$0,$-20,$0,$0,$0,$-98,$-98,$0,$17,$-81,$34,$20,$0
22,2013-03-31,54.41,$3.40,15.98,$17.29,3.15,$5.25,10.37,$1.76,30.91,$0.88B,$0.98B,0.9,$0.15B,$0.32B,0.46,$1.65B,$0.98B,59.10%,$1.65B,$0.25B,14.94%,$1.65B,$0.25B,14.94%,$1.65B,$0.28B,16.94%,$1.65B,$0.24B,14.34%,$1.65B,$0.17B,10.16%,$0.17B,$0.32B,60.98%,$0.17B,$-0.21B,-66.01%,$0.17B,$1.57B,11.11%,$0.25B,$0.47B,61.18%,$407,$164,$243,$0,$180,$353,$54,$-2,$52,$15,$37,$37,$37,$63,$54,$94,96,$0.39,$0.38,$269,$0,$0,$875,$89,$0,$527,$77,$692,$1567,$975,$148,$126,$273,$1248,$0,$945,$3,$319,$1567,$37,$9,$-3,$7,$18,$0,$0,$44,$-24,$20,$-10,$0,$0,$0,$0,$0,$0,$-10,$0,$0,$0,$-47,$-47,$0,$10,$-37,$-31,$12,$0
23,2012-12-31,46.02,$3.28,14.01,$16.87,2.73,$5.26,8.74,$1.74,26.45,$0.93B,$1.07B,0.87,$0.12B,$0.31B,0.38,$1.62B,$0.96B,59.26%,$1.62B,$0.25B,15.29%,$1.62B,$0.25B,15.29%,$1.62B,$0.28B,17.21%,$1.62B,$0.24B,14.55%,$1.62B,$0.17B,10.22%,$0.17B,$0.31B,69.11%,$0.17B,$-0.23B,-57.14%,$0.17B,$1.62B,11.32%,$0.25B,$0.42B,67.67%,$475,$200,$275,$0,$186,$395,$80,$-2,$78,$19,$59,$59,$59,$89,$80,$93,96,$0.63,$0.61,$300,$0,$0,$927,$89,$0,$531,$73,$694,$1621,$1070,$115,$130,$245,$1315,$0,$908,$6,$307,$1621,$166,$32,$16,$48,$-39,$0,$0,$67,$66,$280,$-44,$0,$-10,$0,$0,$0,$0,$-55,$5,$0,$5,$-99,$-99,$0,$21,$-73,$157,$36,$0
24,2012-09-30,46.09,$2.79,16.51,$16.25,2.84,$4.97,9.28,$1.59,28.99,$0.78B,$0.97B,0.81,$0.12B,$0.26B,0.46,$1.57B,$0.93B,59.25%,$1.57B,$0.24B,15.05%,$1.57B,$0.24B,15.05%,$1.57B,$0.27B,16.96%,$1.57B,$0.22B,14.29%,$1.57B,$0.15B,9.63%,$0.15B,$0.26B,72.77%,$0.15B,$-0.27B,-47.78%,$0.15B,$1.48B,10.81%,$0.24B,$0.38B,68.91%,$374,$151,$223,$0,$165,$325,$50,$-3,$47,$15,$31,$31,$31,$58,$50,$94,96,$0.34,$0.33,$255,$0,$0,$782,$80,$0,$532,$84,$697,$1479,$969,$120,$129,$249,$1218,$0,$850,$9,$261,$1479,$107,$23,$4,$27,$54,$0,$0,$58,$74,$209,$-31,$0,$-10,$0,$0,$0,$0,$-41,$0,$0,$0,$-79,$-79,$0,$20,$-58,$113,$28,$0
25,2012-06-30,43.05,$2.30,18.71,$15.85,2.72,$4.66,9.23,$1.57,27.42,$0.69B,$0.91B,0.76,$0.13B,$0.22B,0.61,$1.54B,$0.91B,59.03%,$1.54B,$0.23B,15.13%,$1.54B,$0.23B,15.13%,$1.54B,$0.26B,17.08%,$1.54B,$0.22B,14.35%,$1.54B,$0.15B,9.74%,$0.15B,$0.22B,78.64%,$0.15B,$-0.31B,-45.56%,$0.15B,$1.38B,11.08%,$0.23B,$0.35B,69.50%,$397,$161,$236,$0,$165,$335,$63,$-2,$60,$19,$41,$41,$41,$70,$63,$93,95,$0.44,$0.43,$151,$0,$0,$686,$78,$0,$529,$87,$694,$1380,$908,$130,$127,$257,$1165,$0,$818,$4,$215,$1380,$76,$15,$-1,$13,$31,$0,$0,$47,$10,$99,$-21,$0,$-10,$0,$0,$0,$0,$-30,$0,$0,$0,$-76,$-76,$0,$17,$-59,$8,$19,$0
26,2012-03-31,42.64,$1.84,23.15,$15.36,2.78,$4.38,9.73,$1.45,29.41,$0.68B,$0.91B,0.74,$0.14B,$0.17B,0.82,$1.51B,$0.89B,58.71%,$1.51B,$0.22B,14.71%,$1.51B,$0.22B,14.71%,$1.51B,$0.25B,16.83%,$1.51B,$0.21B,13.85%,$1.51B,$0.14B,9.34%,$0.14B,$0.17B,73.82%,$0.14B,$-0.35B,-42.99%,$0.14B,$1.35B,10.58%,$0.22B,$0.31B,64.49%,$369,$146,$223,$0,$163,$316,$54,$-3,$50,$16,$34,$34,$34,$61,$54,$93,96,$0.37,$0.36,$139,$0,$0,$677,$70,$0,$517,$86,$673,$1350,$911,$140,$127,$267,$1178,$0,$777,$8,$172,$1350,$34,$7,$-5,$3,$40,$0,$0,$30,$-18,$19,$-7,$0,$0,$0,$0,$0,$0,$-7,$40,$0,$40,$-72,$-72,$0,$14,$-18,$-4,$11,$0
27,2011-12-31,34.77,$1.95,17.85,$14.84,2.34,$3.98,8.74,$1.38,25.2,$0.71B,$0.92B,0.77,$0.15B,$0.18B,0.83,$1.47B,$0.86B,58.44%,$1.47B,$0.21B,14.56%,$1.47B,$0.21B,14.56%,$1.47B,$0.25B,16.87%,$1.47B,$0.20B,13.74%,$1.47B,$0.14B,9.25%,$0.14B,$0.18B,67.83%,$0.14B,$-0.33B,-42.40%,$0.14B,$1.38B,10.35%,$0.21B,$0.33B,59.12%,$428,$180,$247,$0,$171,$358,$69,$-3,$67,$22,$45,$45,$45,$77,$69,$96,99,$0.48,$0.47,$143,$0,$0,$706,$68,$0,$516,$90,$674,$1380,$921,$150,$127,$277,$1198,$0,$743,$6,$182,$1380,$137,$34,$6,$41,$-59,$0,$0,$93,$78,$256,$-42,$0,$0,$0,$0,$0,$0,$-42,$-20,$0,$-20,$-192,$-192,$0,$26,$-187,$23,$33,$0
28,2011-09-30,34.87,$2.04,17.09,$14.34,2.43,$3.66,9.53,$1.29,27.03,$0.63B,$0.83B,0.76,$0.16B,$0.19B,0.81,$1.42B,$0.83B,58.22%,$1.42B,$0.20B,13.90%,$1.42B,$0.20B,13.90%,$1.42B,$0.23B,16.43%,$1.42B,$0.18B,12.78%,$1.42B,$0.13B,8.99%,$0.13B,$0.19B,63.44%,$0.13B,$-0.32B,-39.81%,$0.13B,$1.30B,9.92%,$0.20B,$0.35B,53.41%,$346,$143,$203,$0,$148,$299,$47,$-3,$44,$14,$30,$30,$30,$55,$47,$96,98,$0.32,$0.31,$157,$0,$0,$634,$57,$0,$518,$96,$671,$1304,$834,$158,$118,$276,$1110,$0,$698,$6,$194,$1304,$92,$27,$6,$33,$16,$0,$0,$81,$52,$176,$-24,$0,$0,$0,$0,$0,$0,$-24,$-10,$0,$-10,$-123,$-123,$0,$22,$-111,$37,$25,$0
29,2011-06-30,40.29,$2.24,18.02,$13.82,2.92,$3.26,12.36,$1.18,34.14,$0.63B,$0.80B,0.78,$0.17B,$0.22B,0.77,$1.37B,$0.80B,57.93%,$1.37B,$0.18B,13.39%,$1.37B,$0.18B,13.39%,$1.37B,$0.22B,16.08%,$1.37B,$0.17B,12.15%,$1.37B,$0.12B,8.59%,$0.12B,$0.22B,61.54%,$0.12B,$-0.31B,-35.38%,$0.12B,$1.30B,9.27%,$0.18B,$0.38B,55.05%,$366,$152,$213,$0,$153,$314,$52,$-3,$48,$16,$32,$32,$32,$61,$52,$97,99,$0.33,$0.32,$125,$0,$0,$626,$53,$0,$525,$93,$670,$1296,$799,$165,$116,$281,$1080,$0,$667,$14,$216,$1296,$61,$19,$-6,$12,$12,$0,$0,$40,$-10,$64,$-9,$0,$0,$0,$0,$0,$0,$-9,$-0,$0,$-0,$-72,$-72,$0,$22,$-50,$5,$17,$0
30,2011-03-31,41.67,$2.16,19.3,$13.32,3.13,$3.26,12.8,$1.06,39.31,$0.62B,$0.78B,0.79,$0.17B,$0.21B,0.82,$1.32B,$0.76B,57.41%,$1.32B,$0.17B,12.56%,$1.32B,$0.17B,12.56%,$1.32B,$0.20B,15.36%,$1.32B,$0.15B,11.27%,$1.32B,$0.11B,8.02%,$0.11B,$0.21B,64.44%,$0.11B,$-0.32B,-29.44%,$0.11B,$1.28B,8.53%,$0.17B,$0.38B,58.25%,$330,$133,$196,$0,$142,$284,$46,$-3,$43,$13,$29,$29,$29,$55,$46,$96,99,$0.30,$0.29,$109,$0,$0,$616,$45,$0,$526,$88,$659,$1275,$784,$173,$109,$281,$1065,$0,$635,$16,$210,$1275,$29,$9,$-22,$-13,$26,$0,$0,$18,$-41,$-25,$-4,$0,$0,$0,$0,$0,$0,$-4,$35,$0,$35,$-38,$-38,$0,$21,$18,$-11,$9,$0
31,2010-12-31,33.2,$1.95,17.04,$12.97,2.56,$3.43,9.69,$0.96,34.58,$0.62B,$0.81B,0.77,$0.18B,$0.19B,0.96,$1.29B,$0.74B,57.14%,$1.29B,$0.15B,11.57%,$1.29B,$0.15B,11.57%,$1.29B,$0.19B,14.52%,$1.29B,$0.13B,10.40%,$1.29B,$0.10B,7.45%,$0.10B,$0.19B,68.09%,$0.10B,$-0.34B,-24.95%,$0.10B,$1.29B,7.87%,$0.15B,$0.37B,61.07%,$382,$165,$217,$0,$155,$329,$53,$-6,$47,$10,$37,$37,$37,$63,$53,$96,100,$0.39,$0.37,$120,$0,$0,$621,$48,$0,$524,$93,$665,$1286,$811,$180,$107,$287,$1099,$0,$606,$15,$187,$1286,$96,$37,$12,$49,$-48,$0,$0,$49,$60,$205,$-22,$0,$-12,$0,$0,$0,$0,$-34,$-114,$0,$-114,$-76,$-76,$0,$18,$-172,$4,$33,$0
32,2010-09-30,29.44,$1.60,18.36,$12.52,2.35,$3.09,9.52,$0.85,34.64,$0.57B,$0.93B,0.62,$0.05B,$0.15B,0.33,$1.24B,$0.70B,56.76%,$1.24B,$0.14B,11.17%,$1.24B,$0.14B,11.17%,$1.24B,$0.17B,14.01%,$1.24B,$0.13B,10.12%,$1.24B,$0.09B,6.88%,$0.09B,$0.15B,69.39%,$0.09B,$-0.37B,-20.90%,$0.09B,$1.24B,7.07%,$0.14B,$0.21B,65.25%,$296,$126,$170,$0,$127,$263,$33,$-3,$29,$9,$20,$20,$20,$42,$33,$95,99,$0.21,$0.20,$148,$0,$0,$572,$44,$0,$526,$94,$665,$1236,$927,$52,$103,$155,$1082,$0,$569,$14,$154,$1236,$60,$28,$4,$32,$15,$0,$0,$36,$35,$126,$-12,$0,$-12,$0,$0,$0,$0,$-24,$-29,$0,$-29,$-57,$-57,$0,$13,$-74,$32,$23,$0
33,2010-06-30,23.25,$1.12,20.71,$12.26,1.9,$3.03,7.68,$0.85,27.35,$0.52B,$0.89B,0.58,$0.08B,$0.11B,0.72,$1.21B,$0.68B,56.38%,$1.21B,$0.13B,11.03%,$1.21B,$0.13B,11.03%,$1.21B,$0.17B,13.76%,$1.21B,$0.12B,9.78%,$1.21B,$0.09B,7.05%,$0.09B,$0.11B,82.73%,$0.09B,$-0.42B,-21.42%,$0.09B,$1.17B,7.44%,$0.13B,$0.18B,61.86%,$314,$138,$176,$0,$130,$280,$34,$-4,$30,$10,$20,$20,$20,$43,$34,$96,99,$0.21,$0.20,$122,$0,$0,$518,$45,$0,$522,$89,$656,$1174,$892,$77,$98,$175,$1067,$0,$549,$6,$107,$1174,$40,$19,$8,$27,$21,$0,$0,$12,$-4,$62,$-8,$0,$-12,$0,$0,$0,$0,$-20,$28,$0,$28,$-64,$-64,$0,$8,$-28,$6,$16,$0
34,2010-03-31,22.24,$1.21,18.45,$11.88,1.87,$3.04,7.31,$0.83,26.8,$0.53B,$0.88B,0.61,$0.10B,$0.12B,0.89,$1.16B,$0.66B,56.54%,$1.16B,$0.13B,11.19%,$1.16B,$0.13B,11.19%,$1.16B,$0.16B,13.86%,$1.16B,$0.11B,9.81%,$1.16B,$0.08B,7.06%,$0.08B,$0.12B,96.47%,$0.08B,$-0.42B,-21.31%,$0.08B,$1.18B,7.51%,$0.13B,$0.22B,57.21%,$296,$123,$173,$0,$131,$267,$29,$-2,$28,$8,$19,$19,$19,$39,$29,$96,100,$0.20,$0.19,$106,$0,$0,$534,$48,$0,$531,$68,$647,$1181,$882,$103,$79,$182,$1065,$0,$529,$9,$116,$1181,$19,$10,$3,$13,$9,$0,$0,$28,$-40,$-8,$-3,$0,$-12,$0,$0,$0,$0,$-15,$38,$0,$38,$-28,$-28,$0,$5,$15,$-11,$9,$0
35,2009-12-31,18.04,$1.17,15.37,$11.76,1.53,$3.26,5.53,$0.85,21.22,$0.56B,$0.90B,0.62,$0.12B,$0.11B,1.1,$1.14B,$0.64B,56.23%,$1.14B,$0.14B,11.84%,$1.14B,$0.14B,11.84%,$1.14B,$0.16B,14.39%,$1.14B,$0.12B,10.09%,$1.14B,$0.08B,7.28%,$0.08B,$0.11B,145.61%,$0.08B,$-0.43B,-21.86%,$0.08B,$1.22B,8.03%,$0.14B,$0.24B,58.95%,$329,$146,$182,$0,$131,$287,$42,$-3,$38,$13,$26,$26,$26,$49,$42,$95,98,$0.28,$0.25,$117,$0,$0,$558,$52,$0,$538,$67,$657,$1215,$898,$124,$81,$205,$1103,$0,$509,$11,$113,$1215,$83,$29,$29,$57,$25,$0,$0,$2,$22,$162,$-15,$0,$-105,$0,$0,$0,$0,$-120,$-87,$0,$-87,$11,$11,$0,$2,$-74,$-24,$26,$0
36,2009-09-30,18.27,$0.78,23.33,$11.90,1.54,$3.37,5.41,$0.94,19.44,$0.46B,$0.70B,0.66,$0.15B,$0.08B,1.94,$1.16B,$0.65B,56.13%,$1.16B,$0.15B,12.87%,$1.16B,$0.15B,12.87%,$1.16B,$0.18B,15.37%,$1.16B,$0.13B,11.05%,$1.16B,$0.09B,7.86%,$0.09B,$0.08B,387.23%,$0.09B,$-0.33B,-24.01%,$0.09B,$1.00B,9.08%,$0.15B,$0.22B,66.52%,$267,$118,$149,$0,$115,$240,$28,$-5,$22,$2,$20,$20,$20,$35,$28,$95,98,$0.21,$0.21,$113,$0,$0,$456,$52,$0,$407,$82,$541,$997,$696,$145,$81,$226,$922,$0,$484,$10,$75,$997,$57,$22,$18,$40,$78,$0,$0,$-9,$21,$118,$-11,$0,$0,$0,$0,$0,$0,$-11,$-151,$0,$-151,$7,$7,$0,$2,$-142,$-28,$19,$0
37,2009-06-30,15.26,$0.38,40.09,$12.18,1.25,$3.49,4.37,$0.93,16.41,$0.44B,$0.66B,0.66,$0.20B,$0.04B,5.46,$1.19B,$0.67B,56.35%,$1.19B,$0.16B,13.12%,$1.19B,$0.16B,13.12%,$1.19B,$0.19B,15.56%,$1.19B,$0.14B,11.35%,$1.19B,$0.09B,7.57%,$0.09B,$0.04B,9000.00%,$0.09B,$-0.37B,-22.32%,$0.09B,$0.97B,8.72%,$0.16B,$0.23B,68.12%,$270,$117,$153,$0,$115,$239,$31,$-5,$26,$8,$17,$17,$17,$38,$31,$94,97,$0.18,$0.18,$97,$0,$0,$436,$56,$0,$403,$77,$536,$972,$662,$197,$77,$274,$936,$0,$464,$6,$36,$972,$37,$14,$13,$28,$69,$0,$0,$-13,$-2,$63,$-8,$0,$0,$0,$0,$0,$0,$-8,$-100,$0,$-100,$1,$1,$0,$0,$-99,$-44,$13,$0
38,2009-03-31,11.01,$0.05,232.28,$12.86,0.86,$3.63,3.03,$1.05,10.49,$0.42B,$0.64B,0.65,$0.22B,$0.00B,49.64,$1.26B,$0.70B,55.74%,$1.26B,$0.17B,13.70%,$1.26B,$0.17B,13.70%,$1.26B,$0.20B,15.91%,$1.26B,$0.15B,11.96%,$1.26B,$0.10B,8.16%,$0.10B,$0.00B,-556.76%,$0.10B,$-0.40B,-24.12%,$0.10B,$0.95B,9.63%,$0.17B,$0.23B,75.79%,$274,$117,$157,$0,$116,$239,$34,$-5,$29,$9,$20,$20,$20,$42,$34,$94,96,$0.21,$0.21,$70,$0,$0,$418,$58,$0,$399,$74,$530,$949,$642,$222,$81,$303,$944,$0,$446,$-0,$4,$949,$20,$7,$8,$15,$58,$0,$0,$-11,$-20,$15,$-5,$0,$0,$0,$0,$0,$0,$-5,$-78,$0,$-78,$-1,$-1,$0,$0,$-80,$-71,$7,$0
39,2008-12-31,17.83,$-0.23,-78.51,$12.87,1.39,$3.59,4.97,$1.05,16.98,$0.56B,$0.79B,0.7,$0.24B,$-0.02B,-11.19,$1.28B,$0.71B,55.20%,$1.28B,$0.17B,12.90%,$1.28B,$0.17B,12.90%,$1.28B,$0.19B,15.01%,$1.28B,$0.14B,11.26%,$1.28B,$0.11B,8.21%,$0.11B,$-0.02B,-437.50%,$0.11B,$-0.42B,-24.00%,$0.11B,$1.09B,9.49%,$0.17B,$0.22B,80.29%,$347,$157,$191,$0,$128,$292,$56,$-4,$51,$18,$34,$34,$34,$63,$56,$95,99,$0.35,$0.35,$141,$0,$0,$555,$62,$0,$401,$76,$539,$1093,$792,$239,$83,$322,$1114,$0,$426,$-2,$-21,$1093,$104,$29,$1,$30,$21,$0,$0,$1,$50,$184,$-24,$0,$8,$0,$0,$0,$0,$-16,$22,$0,$22,$-156,$-156,$0,$14,$-120,$31,$21,$0
40,2008-09-30,22.68,$-0.16,-144.09,$12.53,1.81,$3.12,7.27,$1.07,21.2,$0.54B,$0.80B,0.68,$0.26B,$-0.02B,-17.05,$1.28B,$0.70B,54.59%,$1.28B,$0.18B,13.80%,$1.28B,$0.18B,13.80%,$1.28B,$0.20B,15.92%,$1.28B,$0.16B,12.24%,$1.28B,$0.11B,8.63%,$0.11B,$-0.02B,-758.62%,$0.11B,$-0.43B,-25.43%,$0.11B,$1.12B,9.85%,$0.18B,$0.24B,90.26%,$298,$128,$169,$0,$128,$263,$35,$-6,$29,$10,$19,$19,$19,$42,$35,$95,99,$0.20,$0.19,$145,$0,$0,$544,$64,$0,$414,$93,$572,$1115,$797,$255,$78,$333,$1130,$0,$393,$19,$-15,$1115,$70,$21,$-8,$14,$45,$0,$0,$14,$54,$137,$-18,$0,$8,$0,$0,$0,$0,$-10,$31,$0,$31,$-133,$-133,$0,$14,$-89,$35,$18,$0
41,2008-06-30,20.72,$-0.44,-46.76,$11.96,1.73,$2.49,8.31,$0.99,20.93,$0.54B,$0.81B,0.67,$0.27B,$-0.04B,-6.52,$1.25B,$0.67B,53.90%,$1.25B,$0.16B,13.17%,$1.25B,$0.16B,13.17%,$1.25B,$0.19B,15.34%,$1.25B,$0.15B,11.65%,$1.25B,$0.10B,8.27%,$0.10B,$-0.04B,1471.43%,$0.10B,$-0.46B,-24.98%,$0.10B,$1.12B,9.25%,$0.16B,$0.23B,84.86%,$344,$156,$187,$0,$133,$296,$48,$-5,$42,$12,$30,$30,$30,$54,$48,$95,99,$0.32,$0.30,$137,$0,$0,$541,$67,$0,$420,$93,$580,$1121,$807,$272,$84,$356,$1163,$0,$374,$27,$-42,$1121,$51,$14,$1,$14,$44,$0,$0,$-5,$16,$82,$-13,$0,$8,$0,$0,$0,$0,$-5,$76,$0,$76,$-134,$-134,$0,$5,$-54,$27,$13,$0
42,2008-03-31,19.34,$-0.19,-103.87,$11.16,1.73,$2.08,9.28,$0.82,23.59,$0.52B,$0.87B,0.6,$0.15B,$-0.02B,-8.69,$1.19B,$0.64B,53.60%,$1.19B,$0.14B,11.39%,$1.19B,$0.14B,11.39%,$1.19B,$0.16B,13.74%,$1.19B,$0.12B,10.05%,$1.19B,$0.09B,7.29%,$0.09B,$-0.02B,232.00%,$0.09B,$-0.44B,-22.86%,$0.09B,$1.10B,7.88%,$0.14B,$0.14B,68.86%,$290,$131,$159,$0,$126,$264,$26,$-4,$22,$8,$15,$15,$22,$33,$26,$98,101,$0.22,$0.21,$96,$0,$0,$521,$64,$0,$420,$91,$575,$1096,$872,$153,$88,$241,$1113,$0,$344,$21,$-18,$1096,$22,$7,$-2,$5,$29,$0,$0,$20,$-12,$14,$-8,$0,$8,$0,$0,$0,$0,$1,$27,$0,$27,$-60,$-60,$0,$1,$-32,$-14,$7,$0
43,2007-12-31,17.56,$0.18,99.38,$10.74,1.64,$1.97,8.91,$0.69,25.45,$0.56B,$0.88B,0.64,$0.16B,$0.02B,9.0,$1.17B,$0.62B,53.25%,$1.17B,$0.13B,11.04%,$1.17B,$0.13B,11.04%,$1.17B,$0.16B,13.44%,$1.17B,$0.11B,9.50%,$1.17B,$0.07B,6.25%,$0.07B,$0.02B,143.84%,$0.07B,$-0.40B,-19.95%,$0.07B,$1.13B,6.67%,$0.13B,$0.18B,59.93%,$343,$162,$181,$0,$107,$276,$67,$-4,$63,$25,$38,$38,$39,$74,$67,$104,108,$0.38,$0.36,$110,$0,$0,$558,$67,$0,$420,$89,$575,$1133,$876,$158,$82,$240,$1116,$0,$323,$24,$17,$1133,$74,$28,$16,$44,$-11,$0,$0,$8,$31,$148,$-24,$0,$0,$0,$0,$0,$0,$-24,$24,$0,$24,$-132,$-132,$0,$15,$-94,$42,$24,$0
44,2007-09-30,24.46,$0.68,35.82,$9.99,2.45,$1.56,15.71,$0.52,47.04,$0.53B,$0.79B,0.68,$0.16B,$0.07B,2.27,$1.11B,$0.59B,53.35%,$1.11B,$0.10B,8.86%,$1.11B,$0.10B,8.86%,$1.11B,$0.13B,11.39%,$1.11B,$0.08B,7.23%,$1.11B,$0.06B,5.15%,$0.06B,$0.07B,107.55%,$0.06B,$-0.35B,-15.72%,$0.06B,$1.11B,5.32%,$0.10B,$0.23B,45.48%,$268,$124,$144,$0,$115,$246,$23,$-5,$18,$6,$12,$12,$12,$30,$23,$105,109,$0.12,$0.11,$118,$0,$0,$531,$67,$0,$419,$89,$575,$1106,$786,$162,$86,$248,$1035,$0,$284,$21,$71,$1106,$35,$21,$1,$21,$24,$0,$0,$1,$26,$82,$-19,$0,$0,$0,$0,$0,$0,$-19,$-3,$0,$-3,$-34,$-34,$0,$15,$-22,$50,$19,$0
45,2007-06-30,24.59,$0.76,32.25,$9.61,2.56,$1.50,16.38,$0.49,50.18,$0.52B,$0.75B,0.69,$0.17B,$0.08B,2.07,$1.08B,$0.57B,52.92%,$1.08B,$0.09B,8.43%,$1.08B,$0.09B,8.43%,$1.08B,$0.12B,11.21%,$1.08B,$0.07B,6.86%,$1.08B,$0.06B,5.10%,$0.06B,$0.08B,67.07%,$0.06B,$-0.34B,-16.54%,$0.06B,$1.08B,5.25%,$0.09B,$0.25B,37.30%,$293,$137,$156,$0,$120,$272,$20,$-4,$17,$5,$12,$12,$14,$27,$20,$104,110,$0.13,$0.13,$103,$0,$0,$516,$61,$0,$416,$88,$564,$1080,$749,$167,$84,$250,$999,$0,$271,$18,$80,$1080,$22,$14,$-2,$12,$28,$0,$0,$-29,$10,$44,$-12,$0,$0,$0,$0,$0,$0,$-12,$-10,$0,$-10,$-2,$-2,$0,$14,$1,$35,$13,$0
46,2007-03-31,23.95,$0.34,70.34,$9.39,2.55,$1.43,16.72,$0.52,46.06,$0.50B,$0.77B,0.65,$0.17B,$0.04B,4.83,$1.07B,$0.56B,52.52%,$1.07B,$0.10B,9.53%,$1.07B,$0.10B,9.53%,$1.07B,$0.13B,12.52%,$1.07B,$0.08B,7.76%,$1.07B,$0.06B,5.51%,$0.06B,$0.04B,55.79%,$0.06B,$-0.38B,-19.08%,$0.06B,$1.06B,5.76%,$0.10B,$0.21B,37.99%,$264,$123,$141,$0,$115,$245,$19,$-6,$13,$4,$9,$9,$8,$26,$19,$104,108,$0.08,$0.08,$91,$0,$0,$500,$59,$0,$414,$85,$558,$1057,$767,$171,$84,$255,$1022,$0,$257,$14,$35,$1057,$8,$7,$2,$9,$20,$0,$0,$-0,$-17,$-0,$-5,$0,$0,$0,$0,$0,$0,$-5,$35,$0,$35,$-11,$-11,$0,$3,$27,$23,$6,$0
47,2006-12-31,19.79,$0.25,78.25,$8.94,2.21,$1.50,13.17,$0.51,38.8,$0.48B,$0.80B,0.6,$0.15B,$0.03B,5.7,$1.04B,$0.55B,52.75%,$1.04B,$0.10B,9.55%,$1.04B,$0.10B,9.55%,$1.04B,$0.13B,12.83%,$1.04B,$0.08B,7.81%,$1.04B,$0.06B,5.69%,$0.06B,$0.03B,43.46%,$0.06B,$-0.39B,-21.07%,$0.06B,$1.04B,5.87%,$0.10B,$0.18B,33.06%,$281,$132,$149,$0,$107,$245,$36,$-4,$32,$14,$19,$19,$23,$43,$36,$113,116,$0.20,$0.19,$68,$0,$0,$484,$60,$0,$415,$82,$556,$1040,$804,$150,$60,$210,$1013,$0,$249,$13,$26,$1040,$58,$36,$14,$50,$-4,$0,$0,$25,$-2,$106,$-21,$0,$0,$0,$0,$0,$-1,$-22,$123,$0,$123,$-224,$-224,$0,$9,$-92,$-2,$17,$0
