,Date,Stock Price,Book Value per Share,Price to Book Ratio,TTM Sales per Share,Price to Sales Ratio,TTM FCF per Share,Price to FCF Ratio,TTM Net EPS,PE Ratio,Current Assets,Current Liabilities,Current Ratio,Long Term Debt,Shareholder's Equity_x,Debt to Equity Ratio,TTM Revenue_x,TTM Gross Profit,Gross Margin,TTM Revenue_y,TTM Operating Income,Operating Margin,TTM Revenue_x,TTM EBIT,EBIT Margin,TTM Revenue_y,TTM EBITDA,EBITDA Margin,TTM Revenue_x,TTM Pre-Tax Income,Pre-Tax Margin,TTM Revenue_y,TTM Net Income_x,Net Margin,TTM Net Income_y,Shareholder's Equity_y,Return on Equity,TTM Net Income_x,Tangible Equity,Return on Tangible Equity,TTM Net Income_y,Total Assets,Return on Assets,TTM Net Income,LT Investments & Debt,Return on Investment,revenue,cost-goods-sold,gross-profit,research-development-expenses,selling-general-administrative-expenses,operating-expenses,operating-income,total-non-operating-income-expense,pre-tax-income,total-provision-income-taxes,income-after-taxes,income-from-continuous-operations,net-income,ebitda,ebit,basic-shares-outstanding,shares-outstanding,eps-basic-net-earnings-per-share,eps-earnings-per-share-diluted,cash-on-hand,inventory,other-current-assets,total-current-assets,net-property-plant-equipment,long-term-investments,goodwill-intangible-assets-total,other-long-term-assets,total-long-term-assets,total-assets,total-current-liabilities,long-term-debt,other-non-current-liabilities,total-long-term-liabilities,total-liabilities,common-stock-net,retained-earnings-accumulated-deficit,comprehensive-income,total-share-holder-equity,total-liabilities-share-holders-equity,net-income-loss,total-depreciation-amortization-cash-flow,other-non-cash-items,total-non-cash-items,change-in-accounts-receivable,change-in-inventories,change-in-accounts-payable,change-in-assets-liabilities,total-change-in-assets-liabilities,cash-flow-from-operating-activities,net-change-in-property-plant-equipment,net-change-in-intangible-assets,net-acquisitions-divestitures,net-change-in-short-term-investments,net-change-in-long-term-investments,net-change-in-investments-total,investing-activities-other,cash-flow-from-investing-activities,net-long-term-debt,net-current-debt,debt-issuance-retirement-net-total,net-common-equity-issued-repurchased,net-total-equity-issued-repurchased,total-common-preferred-stock-dividends-paid,financial-activities-other,cash-flow-from-financial-activities,net-cash-flow,stock-based-compensation,common-stock-dividends-paid
0,2018-09-30,167.9,$103.63,1.62,$86.76,1.94,$18.11,9.27,$10.94,15.35,$0.05B,$0.06B,0.83,$0.00B,$0.20B,0.0,$0.17B,$0.10B,58.79%,$0.17B,$0.03B,20.61%,$0.17B,$0.03B,20.61%,$0.17B,$0.04B,21.82%,$0.17B,$0.03B,20.61%,$0.17B,$0.03B,19.39%,$0.03B,$0.20B,17.30%,$0.03B,$0.19B,18.39%,$0.03B,$0.27B,12.62%,$0.03B,$0.20B,18.38%,$48,$19,$29,$0,$13,$36,$13,$0,$13,$2,$11,$11,$11,$13,$13,$2,2,$5.64,$5.61,$37,$0,$0,$49,$10,$183,$11,$10,$217,$267,$60,$0,$0,$11,$71,$0,$195,$0,$196,$267,$22,$2,$-1,$1,$-3,$0,$-0,$-3,$-8,$15,$-2,$0,$0,$-4,$9,$5,$0,$4,$0,$0,$0,$-0,$-0,$-2,$0,$-2,$17,$0,$-2
1,2018-06-30,184.66,$98.63,1.87,$84.07,2.2,$19.57,9.44,$14.07,13.12,$0.04B,$0.06B,0.72,$0.00B,$0.19B,0.0,$0.16B,$0.09B,57.50%,$0.16B,$0.03B,18.75%,$0.16B,$0.03B,18.75%,$0.16B,$0.03B,20.63%,$0.16B,$0.03B,18.75%,$0.16B,$0.03B,16.88%,$0.03B,$0.19B,15.08%,$0.03B,$0.18B,16.10%,$0.03B,$0.25B,10.80%,$0.03B,$0.19B,16.76%,$42,$17,$25,$0,$13,$33,$9,$0,$9,$2,$7,$7,$7,$10,$9,$2,2,$3.68,$3.66,$29,$0,$0,$42,$11,$179,$11,$10,$211,$253,$58,$0,$0,$9,$67,$0,$185,$1,$186,$253,$11,$2,$-0,$1,$-1,$0,$-2,$-2,$-6,$6,$-1,$0,$0,$-1,$7,$6,$0,$5,$0,$0,$0,$-0,$-0,$-2,$-0,$-2,$9,$0,$-2
2,2018-03-31,199.47,$95.42,2.09,$83.12,2.4,$19.12,10.43,$13.40,14.89,$0.03B,$0.06B,0.58,$0.00B,$0.18B,0.0,$0.16B,$0.09B,56.96%,$0.16B,$0.03B,18.35%,$0.16B,$0.03B,18.35%,$0.16B,$0.03B,20.25%,$0.16B,$0.03B,18.35%,$0.16B,$0.03B,16.46%,$0.03B,$0.18B,14.94%,$0.03B,$0.17B,16.00%,$0.03B,$0.25B,10.56%,$0.03B,$0.18B,16.67%,$34,$13,$21,$0,$13,$29,$5,$0,$5,$1,$4,$4,$4,$6,$5,$2,2,$2.21,$2.20,$22,$0,$0,$32,$10,$180,$11,$11,$213,$245,$56,$0,$0,$9,$65,$0,$179,$1,$180,$245,$4,$1,$-0,$0,$0,$0,$-5,$-1,$-5,$-1,$-1,$0,$0,$3,$1,$4,$0,$3,$0,$0,$0,$-0,$-0,$-1,$0,$-1,$2,$0,$-1
3,2017-12-31,197.54,$94.34,2.09,$85.26,2.32,$20.42,9.67,$13.56,14.57,$0.03B,$0.06B,0.49,$0.00B,$0.18B,0.0,$0.16B,$0.09B,55.56%,$0.16B,$0.03B,18.52%,$0.16B,$0.03B,18.52%,$0.16B,$0.03B,20.37%,$0.16B,$0.03B,18.52%,$0.16B,$0.03B,16.05%,$0.03B,$0.18B,15.38%,$0.03B,$0.17B,16.53%,$0.03B,$0.25B,10.69%,$0.03B,$0.18B,17.75%,$41,$19,$22,$0,$18,$34,$7,$0,$7,$-3,$10,$10,$10,$7,$7,$2,2,$5.11,$5.08,$20,$0,$0,$30,$10,$187,$11,$10,$219,$249,$62,$0,$0,$9,$71,$0,$162,$16,$178,$249,$26,$3,$-4,$-1,$-2,$0,$1,$-3,$-5,$20,$-3,$0,$-0,$-17,$-0,$-17,$0,$-20,$0,$0,$0,$-0,$-0,$-7,$0,$-7,$-8,$0,$-7
4,2017-09-30,175.88,$91.22,1.93,$84.11,2.09,$21.97,8.0,$11.15,15.77,$0.04B,$0.07B,0.64,$0.00B,$0.17B,0.0,$0.16B,$0.09B,55.00%,$0.16B,$0.03B,19.38%,$0.16B,$0.03B,19.38%,$0.16B,$0.03B,21.25%,$0.16B,$0.03B,19.38%,$0.16B,$0.02B,13.13%,$0.02B,$0.17B,12.86%,$0.02B,$0.16B,13.88%,$0.02B,$0.25B,8.81%,$0.03B,$0.17B,18.99%,$43,$19,$24,$0,$12,$34,$9,$0,$9,$3,$6,$6,$6,$10,$9,$2,2,$3.14,$3.13,$31,$0,$0,$43,$10,$178,$12,$11,$210,$253,$67,$0,$0,$14,$81,$0,$158,$14,$172,$253,$16,$2,$3,$5,$-2,$0,$5,$-3,$-2,$19,$-2,$0,$-0,$-14,$3,$-12,$0,$-14,$0,$0,$0,$-0,$-0,$-2,$0,$-2,$3,$0,$-2
5,2017-06-30,189.56,$88.09,2.15,$82.98,2.28,$20.16,9.4,$12.31,15.4,$0.04B,$0.06B,0.68,$0.00B,$0.17B,0.0,$0.16B,$0.09B,55.06%,$0.16B,$0.03B,20.89%,$0.16B,$0.03B,20.89%,$0.16B,$0.04B,22.78%,$0.16B,$0.03B,20.89%,$0.16B,$0.02B,14.56%,$0.02B,$0.17B,14.53%,$0.02B,$0.15B,15.41%,$0.02B,$0.24B,9.97%,$0.03B,$0.17B,20.85%,$40,$17,$23,$0,$12,$32,$8,$0,$8,$3,$6,$6,$6,$9,$8,$2,2,$3.01,$2.99,$29,$0,$0,$40,$10,$166,$12,$10,$198,$238,$58,$0,$0,$13,$72,$0,$152,$14,$166,$238,$10,$2,$1,$3,$-1,$0,$-2,$-2,$-7,$6,$-2,$0,$0,$-11,$10,$-2,$0,$-4,$0,$0,$0,$-0,$-0,$-1,$-0,$-1,$1,$0,$-1
6,2017-03-31,154.7,$84.99,1.82,$79.37,1.95,$20.36,7.6,$11.67,13.26,$0.03B,$0.06B,0.59,$0.00B,$0.16B,0.0,$0.15B,$0.08B,53.95%,$0.15B,$0.03B,21.05%,$0.15B,$0.03B,21.05%,$0.15B,$0.03B,22.37%,$0.15B,$0.03B,21.05%,$0.15B,$0.02B,14.47%,$0.02B,$0.16B,14.31%,$0.02B,$0.15B,14.89%,$0.02B,$0.23B,9.79%,$0.03B,$0.16B,20.81%,$38,$17,$21,$0,$12,$31,$6,$0,$6,$2,$4,$4,$4,$7,$6,$2,2,$2.37,$2.36,$26,$0,$0,$34,$9,$166,$12,$12,$199,$233,$58,$0,$0,$15,$73,$0,$147,$13,$160,$233,$4,$1,$0,$1,$-0,$0,$-4,$-2,$-3,$2,$-1,$0,$0,$-7,$4,$-3,$0,$-4,$0,$0,$0,$-0,$-0,$-0,$0,$-0,$-2,$0,$-0
7,2016-12-31,154.5,$82.34,1.88,$72.23,2.14,$20.08,7.7,$10.24,15.09,$0.04B,$0.06B,0.6,$0.00B,$0.16B,0.0,$0.14B,$0.07B,53.24%,$0.14B,$0.03B,20.86%,$0.14B,$0.03B,20.86%,$0.14B,$0.03B,21.58%,$0.14B,$0.03B,20.86%,$0.14B,$0.02B,14.39%,$0.02B,$0.16B,13.38%,$0.02B,$0.14B,13.65%,$0.02B,$0.23B,9.16%,$0.03B,$0.16B,19.40%,$39,$18,$20,$0,$12,$31,$8,$0,$8,$3,$5,$5,$5,$8,$8,$2,2,$2.63,$2.62,$28,$0,$0,$37,$9,$161,$12,$10,$192,$229,$61,$0,$0,$12,$74,$0,$143,$12,$155,$229,$20,$2,$1,$3,$-0,$0,$-1,$-0,$0,$23,$-2,$0,$-8,$0,$2,$2,$0,$-9,$0,$0,$0,$-6,$-6,$-1,$0,$-8,$6,$0,$-1
8,2016-09-30,97.03,$80.74,1.2,$66.48,1.46,$16.69,5.81,$8.69,11.17,$0.04B,$0.06B,0.62,$0.00B,$0.15B,0.0,$0.13B,$0.07B,52.71%,$0.13B,$0.02B,18.60%,$0.13B,$0.02B,18.60%,$0.13B,$0.03B,20.16%,$0.13B,$0.02B,18.60%,$0.13B,$0.02B,13.18%,$0.02B,$0.15B,11.60%,$0.02B,$0.15B,11.62%,$0.02B,$0.22B,7.94%,$0.02B,$0.15B,16.38%,$41,$18,$23,$0,$11,$30,$11,$0,$11,$3,$8,$8,$8,$12,$11,$2,2,$4.30,$4.29,$27,$0,$0,$38,$8,$165,$0,$12,$186,$223,$60,$0,$0,$11,$71,$0,$139,$13,$152,$223,$14,$2,$2,$4,$-1,$0,$-0,$-1,$-3,$15,$-2,$0,$-0,$3,$-4,$-1,$0,$-2,$0,$0,$0,$-6,$-6,$-1,$0,$-7,$5,$0,$-1
9,2016-06-30,92.7,$77.34,1.2,$62.37,1.49,$14.78,6.27,$6.68,13.88,$0.03B,$0.06B,0.58,$0.00B,$0.15B,0.0,$0.12B,$0.06B,50.41%,$0.12B,$0.02B,15.45%,$0.12B,$0.02B,15.45%,$0.12B,$0.02B,17.07%,$0.12B,$0.02B,15.45%,$0.12B,$0.01B,10.57%,$0.01B,$0.15B,9.08%,$0.01B,$0.15B,9.09%,$0.01B,$0.21B,6.22%,$0.02B,$0.15B,13.26%,$34,$16,$18,$0,$10,$27,$7,$0,$7,$2,$5,$5,$5,$7,$7,$2,2,$2.36,$2.35,$23,$0,$0,$32,$8,$165,$0,$9,$181,$214,$56,$0,$0,$10,$65,$0,$134,$14,$148,$214,$6,$1,$3,$4,$0,$0,$-7,$4,$-5,$6,$-1,$0,$-0,$4,$-4,$0,$0,$-1,$0,$0,$0,$-3,$-3,$-1,$0,$-4,$1,$0,$-1
10,2016-03-31,88.48,$74.23,1.19,$62.49,1.42,$14.32,6.18,$6.38,13.87,$0.03B,$0.06B,0.53,$0.00B,$0.14B,0.0,$0.12B,$0.06B,48.39%,$0.12B,$0.02B,14.52%,$0.12B,$0.02B,14.52%,$0.12B,$0.02B,16.13%,$0.12B,$0.02B,14.52%,$0.12B,$0.01B,9.68%,$0.01B,$0.14B,8.50%,$0.01B,$0.14B,8.51%,$0.01B,$0.21B,5.84%,$0.02B,$0.14B,12.74%,$25,$12,$13,$0,$10,$22,$3,$0,$3,$1,$2,$2,$2,$3,$3,$2,2,$0.94,$0.93,$22,$0,$0,$30,$8,$160,$0,$10,$177,$207,$56,$0,$0,$8,$64,$0,$131,$12,$143,$207,$2,$1,$2,$2,$1,$0,$-6,$4,$-2,$2,$-1,$0,$0,$-1,$2,$1,$0,$0,$0,$0,$0,$-2,$-2,$-0,$0,$-2,$0,$0,$-0
11,2015-12-31,96.98,$73.22,1.32,$63.70,1.52,$13.39,7.24,$6.31,15.37,$0.03B,$0.06B,0.48,$0.00B,$0.14B,0.0,$0.13B,$0.06B,47.24%,$0.13B,$0.02B,13.39%,$0.13B,$0.02B,13.39%,$0.13B,$0.02B,15.75%,$0.13B,$0.02B,13.39%,$0.13B,$0.01B,9.45%,$0.01B,$0.14B,8.57%,$0.01B,$0.14B,8.59%,$0.01B,$0.21B,5.91%,$0.02B,$0.14B,12.14%,$29,$15,$14,$0,$10,$26,$3,$0,$3,$1,$2,$2,$2,$4,$3,$2,2,$1.12,$1.11,$22,$0,$0,$30,$7,$161,$1,$12,$181,$212,$63,$0,$0,$6,$69,$0,$131,$11,$143,$212,$13,$2,$4,$6,$0,$0,$7,$-8,$-1,$17,$-3,$0,$-0,$-4,$2,$-2,$0,$-5,$0,$0,$0,$-5,$-5,$-1,$-0,$-6,$6,$0,$-1
12,2015-09-30,69.5,$71.34,0.97,$64.86,1.07,$10.00,6.95,$6.52,10.66,$0.03B,$0.06B,0.5,$0.00B,$0.14B,0.0,$0.13B,$0.06B,45.38%,$0.13B,$0.02B,13.85%,$0.13B,$0.02B,13.85%,$0.13B,$0.02B,15.38%,$0.13B,$0.02B,13.85%,$0.13B,$0.01B,10.00%,$0.01B,$0.14B,9.37%,$0.01B,$0.14B,9.37%,$0.01B,$0.20B,6.52%,$0.02B,$0.14B,12.97%,$35,$18,$17,$0,$10,$28,$6,$0,$6,$2,$4,$4,$4,$7,$6,$2,2,$2.28,$2.28,$19,$0,$0,$28,$7,$157,$0,$10,$174,$203,$57,$0,$0,$6,$63,$0,$130,$10,$139,$203,$10,$1,$3,$4,$-0,$0,$1,$-4,$-3,$12,$-2,$0,$-0,$-11,$10,$-1,$0,$-3,$0,$0,$0,$-5,$-5,$-0,$0,$-6,$3,$0,$-0
13,2015-06-30,68.55,$69.79,0.98,$61.87,1.11,$6.58,10.42,$5.52,12.42,$0.03B,$0.06B,0.51,$0.00B,$0.14B,0.0,$0.13B,$0.06B,44.80%,$0.13B,$0.02B,12.80%,$0.13B,$0.02B,12.80%,$0.13B,$0.02B,13.60%,$0.13B,$0.02B,12.80%,$0.13B,$0.01B,9.60%,$0.01B,$0.14B,8.71%,$0.01B,$0.14B,8.71%,$0.01B,$0.20B,6.08%,$0.02B,$0.14B,11.62%,$35,$19,$16,$0,$10,$30,$6,$0,$6,$2,$4,$4,$4,$6,$6,$2,2,$2.06,$2.05,$19,$0,$0,$28,$6,$157,$0,$9,$172,$200,$55,$0,$0,$6,$61,$0,$129,$11,$140,$200,$6,$1,$1,$2,$-1,$0,$-1,$-2,$-4,$5,$-1,$0,$0,$-6,$8,$2,$0,$0,$0,$0,$0,$-2,$-2,$-0,$0,$-2,$3,$0,$-0
14,2015-03-31,71.51,$68.83,1.04,$60.50,1.18,$4.04,17.69,$5.12,13.97,$0.02B,$0.05B,0.45,$0.00B,$0.14B,0.0,$0.12B,$0.06B,44.72%,$0.12B,$0.02B,12.20%,$0.12B,$0.02B,12.20%,$0.12B,$0.02B,13.01%,$0.12B,$0.02B,12.20%,$0.12B,$0.01B,8.94%,$0.01B,$0.14B,8.09%,$0.01B,$0.14B,8.09%,$0.01B,$0.20B,5.63%,$0.02B,$0.14B,11.03%,$28,$15,$13,$0,$10,$26,$2,$0,$2,$1,$2,$2,$2,$3,$2,$2,2,$0.86,$0.86,$16,$0,$0,$24,$6,$158,$0,$9,$173,$197,$53,$0,$0,$6,$59,$0,$125,$13,$138,$197,$2,$0,$1,$1,$0,$0,$-3,$-1,$-3,$-0,$-1,$0,$0,$-2,$4,$2,$0,$1,$0,$0,$0,$-1,$-1,$-0,$0,$-1,$-0,$0,$-0
15,2014-12-31,70.33,$68.00,1.03,$60.40,1.16,$3.30,21.32,$4.74,14.84,$0.02B,$0.06B,0.44,$0.00B,$0.14B,0.0,$0.12B,$0.05B,43.09%,$0.12B,$0.01B,11.38%,$0.12B,$0.01B,11.38%,$0.12B,$0.02B,12.20%,$0.12B,$0.01B,11.38%,$0.12B,$0.01B,8.13%,$0.01B,$0.14B,7.48%,$0.01B,$0.14B,7.48%,$0.01B,$0.20B,5.20%,$0.01B,$0.14B,10.47%,$32,$18,$13,$0,$9,$28,$4,$0,$4,$1,$3,$3,$3,$4,$4,$2,2,$1.33,$1.33,$16,$0,$0,$24,$5,$159,$0,$9,$174,$198,$55,$0,$0,$6,$60,$0,$125,$13,$138,$198,$10,$1,$4,$6,$0,$0,$-2,$-4,$-6,$10,$-2,$0,$-1,$5,$-19,$-13,$0,$-16,$0,$0,$0,$-1,$-1,$-1,$0,$-2,$-8,$0,$-1
16,2014-09-30,70.55,$66.37,1.06,$60.19,1.17,$6.22,11.34,$4.29,16.44,$0.03B,$0.06B,0.61,$0.00B,$0.14B,0.0,$0.12B,$0.05B,42.28%,$0.12B,$0.01B,10.57%,$0.12B,$0.01B,10.57%,$0.12B,$0.01B,11.38%,$0.12B,$0.01B,10.57%,$0.12B,$0.01B,7.32%,$0.01B,$0.14B,6.86%,$0.01B,$0.14B,6.86%,$0.01B,$0.20B,4.74%,$0.01B,$0.14B,9.90%,$30,$16,$14,$0,$9,$26,$4,$0,$4,$1,$3,$3,$3,$4,$4,$2,2,$1.28,$1.28,$24,$0,$0,$34,$5,$147,$0,$10,$162,$195,$55,$0,$0,$6,$61,$0,$123,$12,$135,$195,$7,$1,$4,$5,$0,$0,$-2,$-5,$-7,$5,$-2,$0,$-1,$2,$-3,$-1,$0,$-4,$0,$0,$0,$-1,$-1,$-1,$0,$-1,$-0,$0,$-1
17,2014-06-30,64.87,$65.50,0.99,$61.87,1.05,$10.57,6.14,$5.67,11.44,$0.03B,$0.05B,0.57,$0.00B,$0.13B,0.0,$0.13B,$0.06B,44.09%,$0.13B,$0.02B,13.39%,$0.13B,$0.02B,13.39%,$0.13B,$0.02B,14.96%,$0.13B,$0.02B,13.39%,$0.13B,$0.01B,9.45%,$0.01B,$0.13B,9.28%,$0.01B,$0.13B,9.28%,$0.01B,$0.19B,6.37%,$0.02B,$0.13B,13.15%,$33,$19,$15,$0,$9,$29,$5,$0,$5,$1,$3,$3,$3,$5,$5,$2,2,$1.66,$1.65,$20,$0,$0,$30,$5,$147,$0,$9,$161,$191,$53,$0,$0,$5,$58,$0,$120,$13,$133,$191,$4,$1,$2,$3,$0,$0,$-3,$-3,$-8,$-1,$-1,$0,$-1,$-2,$1,$-1,$0,$-2,$0,$0,$0,$-1,$-1,$-0,$0,$-1,$-4,$0,$-0
18,2014-03-31,72.98,$63.27,1.15,$61.71,1.18,$13.42,5.44,$5.94,12.29,$0.03B,$0.05B,0.55,$0.00B,$0.13B,0.0,$0.13B,$0.06B,43.75%,$0.13B,$0.02B,14.06%,$0.13B,$0.02B,14.06%,$0.13B,$0.02B,15.63%,$0.13B,$0.02B,14.06%,$0.13B,$0.01B,10.16%,$0.01B,$0.13B,10.28%,$0.01B,$0.13B,10.28%,$0.01B,$0.19B,7.00%,$0.02B,$0.13B,14.23%,$28,$18,$11,$0,$9,$27,$1,$0,$1,$0,$1,$1,$1,$2,$1,$2,2,$0.48,$0.48,$21,$0,$0,$29,$5,$144,$0,$8,$157,$185,$52,$0,$0,$4,$56,$0,$118,$11,$129,$185,$1,$0,$2,$2,$1,$0,$-5,$-1,$-5,$-2,$-1,$0,$0,$-1,$1,$-0,$0,$-1,$0,$0,$0,$-0,$-0,$-0,$0,$-0,$-3,$0,$-0
19,2013-12-31,77.78,$62.87,1.24,$60.67,1.28,$15.33,5.07,$7.08,10.99,$0.03B,$0.06B,0.59,$0.00B,$0.13B,0.0,$0.13B,$0.06B,46.46%,$0.13B,$0.02B,17.32%,$0.13B,$0.02B,17.32%,$0.13B,$0.02B,18.11%,$0.13B,$0.02B,17.32%,$0.13B,$0.02B,11.81%,$0.02B,$0.13B,12.07%,$0.02B,$0.13B,12.07%,$0.02B,$0.19B,8.20%,$0.02B,$0.13B,17.71%,$32,$20,$12,$0,$9,$29,$3,$0,$3,$1,$2,$2,$2,$3,$3,$2,2,$0.89,$0.88,$24,$0,$0,$33,$4,$143,$0,$8,$156,$188,$56,$0,$0,$5,$60,$0,$117,$11,$128,$188,$15,$1,$-0,$1,$2,$0,$5,$-6,$-1,$15,$-1,$0,$0,$6,$-13,$-7,$0,$-9,$0,$0,$0,$-4,$-4,$-1,$1,$-4,$3,$0,$-1
20,2013-09-30,72.06,$61.56,1.17,$61.42,1.17,$12.50,5.76,$7.71,9.35,$0.03B,$0.06B,0.61,$0.00B,$0.13B,0.0,$0.13B,$0.06B,47.29%,$0.13B,$0.02B,18.60%,$0.13B,$0.02B,18.60%,$0.13B,$0.03B,19.38%,$0.13B,$0.02B,18.60%,$0.13B,$0.02B,12.40%,$0.02B,$0.13B,13.22%,$0.02B,$0.13B,13.22%,$0.02B,$0.19B,8.94%,$0.02B,$0.13B,19.83%,$34,$15,$19,$0,$9,$25,$8,$0,$8,$3,$6,$6,$6,$9,$8,$2,2,$2.67,$2.66,$23,$0,$0,$34,$4,$142,$0,$8,$155,$189,$56,$0,$0,$6,$62,$0,$117,$10,$127,$189,$13,$1,$0,$1,$1,$0,$6,$-5,$-1,$13,$-1,$0,$0,$-2,$-7,$-9,$0,$-10,$0,$0,$0,$-2,$-2,$-0,$1,$-1,$2,$0,$-0
21,2013-06-30,67.99,$58.73,1.16,$60.52,1.12,$9.19,7.4,$6.55,10.38,$0.04B,$0.06B,0.68,$0.00B,$0.12B,0.0,$0.13B,$0.06B,44.09%,$0.13B,$0.02B,16.54%,$0.13B,$0.02B,16.54%,$0.13B,$0.02B,16.54%,$0.13B,$0.02B,16.54%,$0.13B,$0.01B,10.24%,$0.01B,$0.12B,11.04%,$0.01B,$0.12B,11.04%,$0.01B,$0.18B,7.46%,$0.02B,$0.12B,17.83%,$34,$19,$15,$0,$8,$28,$6,$0,$6,$2,$4,$4,$4,$6,$6,$2,2,$1.94,$1.92,$26,$0,$0,$38,$4,$130,$0,$9,$143,$181,$56,$0,$0,$3,$59,$0,$113,$9,$122,$181,$7,$1,$1,$2,$0,$0,$2,$-4,$-4,$5,$-1,$0,$-0,$-3,$5,$2,$0,$2,$0,$0,$0,$-1,$-1,$-0,$1,$-1,$6,$0,$-0
22,2013-03-31,66.13,$58.41,1.13,$56.62,1.17,$7.81,8.47,$6.20,10.67,$0.03B,$0.05B,0.58,$0.00B,$0.12B,0.0,$0.12B,$0.05B,45.38%,$0.12B,$0.02B,16.81%,$0.12B,$0.02B,16.81%,$0.12B,$0.02B,16.81%,$0.12B,$0.02B,16.81%,$0.12B,$0.01B,10.08%,$0.01B,$0.12B,10.41%,$0.01B,$0.12B,10.41%,$0.01B,$0.17B,7.06%,$0.02B,$0.12B,17.35%,$27,$13,$14,$0,$8,$22,$5,$0,$5,$1,$3,$3,$3,$5,$5,$2,2,$1.65,$1.62,$21,$0,$0,$30,$4,$135,$0,$5,$144,$174,$51,$0,$0,$3,$55,$0,$109,$10,$120,$174,$3,$0,$0,$0,$2,$0,$-3,$-0,$-2,$2,$-0,$0,$0,$-6,$5,$-2,$0,$-2,$0,$0,$0,$0,$0,$-0,$0,$-0,$-0,$0,$-0
23,2012-12-31,57.38,$56.11,1.02,$54.27,1.06,$6.79,8.45,$5.25,10.93,$0.03B,$0.06B,0.58,$0.00B,$0.12B,0.0,$0.11B,$0.05B,43.86%,$0.11B,$0.02B,14.91%,$0.11B,$0.02B,14.91%,$0.11B,$0.02B,14.91%,$0.11B,$0.02B,14.91%,$0.11B,$0.01B,8.77%,$0.01B,$0.12B,8.89%,$0.01B,$0.12B,8.89%,$0.01B,$0.17B,6.02%,$0.02B,$0.12B,15.11%,$34,$20,$14,$0,$8,$30,$5,$0,$5,$2,$3,$3,$3,$5,$5,$2,2,$1.53,$1.50,$21,$0,$0,$32,$4,$131,$0,$6,$140,$172,$55,$0,$0,$3,$57,$0,$106,$9,$115,$172,$11,$1,$3,$4,$-4,$0,$2,$-5,$-7,$9,$-1,$0,$-0,$1,$-1,$-1,$0,$-1,$0,$0,$0,$-4,$-4,$-1,$0,$-4,$3,$0,$-1
24,2012-09-30,62.3,$55.33,1.13,$47.66,1.31,$6.93,8.99,$4.62,13.49,$0.03B,$0.05B,0.57,$0.00B,$0.11B,0.0,$0.10B,$0.05B,45.54%,$0.10B,$0.02B,14.85%,$0.10B,$0.02B,14.85%,$0.10B,$0.02B,14.85%,$0.10B,$0.02B,14.85%,$0.10B,$0.01B,8.91%,$0.01B,$0.11B,8.14%,$0.01B,$0.11B,8.14%,$0.01B,$0.17B,5.53%,$0.02B,$0.11B,13.57%,$32,$19,$13,$0,$8,$28,$5,$0,$5,$1,$3,$3,$3,$5,$5,$2,2,$1.52,$1.50,$20,$0,$0,$30,$4,$130,$0,$6,$140,$170,$53,$0,$0,$3,$56,$0,$104,$10,$114,$170,$8,$1,$4,$5,$-4,$0,$1,$-4,$-7,$6,$-0,$0,$-0,$6,$-7,$-0,$0,$-1,$0,$0,$0,$-3,$-3,$-0,$0,$-3,$2,$0,$-0
25,2012-06-30,54.31,$53.30,1.02,$44.54,1.22,$7.94,6.84,$4.26,12.75,$0.03B,$0.05B,0.53,$0.00B,$0.11B,0.0,$0.10B,$0.04B,46.32%,$0.10B,$0.01B,13.68%,$0.10B,$0.01B,13.68%,$0.10B,$0.01B,14.74%,$0.10B,$0.01B,13.68%,$0.10B,$0.01B,8.42%,$0.01B,$0.11B,7.41%,$0.01B,$0.11B,7.41%,$0.01B,$0.16B,5.03%,$0.01B,$0.11B,12.04%,$26,$13,$13,$0,$8,$21,$5,$0,$5,$1,$3,$3,$3,$5,$5,$2,2,$1.60,$1.57,$17,$0,$0,$26,$3,$129,$0,$6,$138,$164,$50,$0,$0,$2,$52,$0,$103,$8,$112,$164,$5,$0,$2,$3,$-2,$0,$-0,$-3,$-6,$2,$-0,$0,$-0,$6,$-7,$-1,$0,$-1,$0,$0,$0,$-0,$-0,$-0,$0,$-1,$-1,$0,$-0
26,2012-03-31,44.51,$51.74,0.86,$43.32,1.03,$8.69,5.12,$3.43,12.98,$0.02B,$0.05B,0.48,$0.00B,$0.11B,0.0,$0.09B,$0.04B,43.01%,$0.09B,$0.01B,10.75%,$0.09B,$0.01B,10.75%,$0.09B,$0.01B,11.83%,$0.09B,$0.01B,10.75%,$0.09B,$0.01B,7.53%,$0.01B,$0.11B,6.64%,$0.01B,$0.11B,6.64%,$0.01B,$0.16B,4.48%,$0.01B,$0.11B,9.48%,$22,$13,$10,$0,$7,$20,$2,$0,$2,$1,$1,$1,$1,$2,$2,$2,2,$0.68,$0.67,$16,$0,$0,$24,$3,$128,$0,$4,$135,$159,$49,$0,$0,$2,$50,$0,$100,$9,$109,$159,$1,$0,$2,$2,$-1,$0,$-2,$-1,$-4,$-1,$-0,$0,$0,$6,$-6,$-0,$0,$-0,$0,$0,$0,$-0,$-0,$-0,$0,$-1,$-2,$0,$-0
27,2011-12-31,34.02,$50.53,0.67,$41.74,0.82,$9.72,3.5,$3.22,10.57,$0.03B,$0.05B,0.49,$0.00B,$0.11B,0.0,$0.09B,$0.04B,41.76%,$0.09B,$0.01B,9.89%,$0.09B,$0.01B,9.89%,$0.09B,$0.01B,12.09%,$0.09B,$0.01B,9.89%,$0.09B,$0.01B,7.69%,$0.01B,$0.11B,6.76%,$0.01B,$0.11B,6.76%,$0.01B,$0.16B,4.55%,$0.01B,$0.11B,8.70%,$21,$11,$10,$0,$6,$18,$3,$0,$3,$1,$2,$2,$2,$3,$3,$2,2,$0.86,$0.86,$18,$0,$0,$25,$4,$126,$0,$4,$133,$158,$50,$0,$0,$1,$51,$0,$99,$8,$107,$158,$7,$1,$3,$3,$1,$0,$2,$-3,$-1,$9,$-0,$0,$0,$13,$-5,$8,$0,$7,$0,$0,$0,$-6,$-6,$-1,$0,$-6,$10,$0,$-1
28,2011-09-30,33.5,$48.94,0.68,$41.85,0.8,$7.44,4.5,$3.38,9.91,$0.02B,$0.05B,0.43,$0.00B,$0.10B,0.0,$0.09B,$0.04B,42.39%,$0.09B,$0.01B,10.87%,$0.09B,$0.01B,10.87%,$0.09B,$0.01B,13.04%,$0.09B,$0.01B,10.87%,$0.09B,$0.01B,7.61%,$0.01B,$0.10B,6.81%,$0.01B,$0.10B,6.81%,$0.01B,$0.16B,4.59%,$0.01B,$0.10B,9.73%,$26,$16,$11,$0,$7,$23,$3,$0,$3,$1,$2,$2,$2,$4,$3,$2,2,$1.15,$1.14,$15,$0,$0,$22,$4,$126,$0,$4,$134,$155,$51,$0,$0,$1,$52,$0,$98,$6,$104,$155,$5,$1,$3,$4,$1,$0,$3,$-3,$-1,$8,$-0,$0,$0,$5,$-1,$5,$0,$4,$0,$0,$0,$-5,$-5,$-0,$0,$-6,$7,$0,$-0
29,2011-06-30,37.76,$48.11,0.78,$38.04,0.99,$4.56,8.29,$2.87,13.16,$0.02B,$0.05B,0.38,$0.00B,$0.10B,0.0,$0.09B,$0.04B,43.53%,$0.09B,$0.01B,10.59%,$0.09B,$0.01B,10.59%,$0.09B,$0.01B,11.76%,$0.09B,$0.01B,10.59%,$0.09B,$0.01B,7.06%,$0.01B,$0.10B,5.87%,$0.01B,$0.10B,5.87%,$0.01B,$0.15B,3.96%,$0.01B,$0.10B,8.80%,$24,$15,$9,$0,$6,$22,$2,$0,$2,$0,$2,$2,$2,$2,$2,$2,2,$0.75,$0.74,$13,$0,$0,$19,$4,$125,$0,$6,$135,$153,$50,$0,$0,$1,$51,$0,$96,$7,$102,$153,$3,$0,$3,$3,$2,$0,$2,$-5,$-2,$3,$-0,$0,$0,$5,$2,$7,$0,$7,$0,$0,$0,$-5,$-5,$-0,$0,$-5,$5,$0,$-0
30,2011-03-31,30.07,$47.03,0.64,$34.11,0.88,$2.90,10.36,$3.24,9.28,$0.02B,$0.05B,0.37,$0.00B,$0.10B,0.0,$0.08B,$0.04B,49.35%,$0.08B,$0.01B,12.99%,$0.08B,$0.01B,12.99%,$0.08B,$0.01B,14.29%,$0.08B,$0.01B,12.99%,$0.08B,$0.01B,9.09%,$0.01B,$0.10B,6.90%,$0.01B,$0.10B,6.90%,$0.01B,$0.15B,4.67%,$0.01B,$0.10B,9.85%,$20,$12,$8,$0,$7,$19,$1,$0,$1,$0,$1,$1,$1,$2,$1,$2,2,$0.46,$0.46,$12,$0,$0,$17,$4,$125,$0,$4,$132,$149,$47,$0,$0,$0,$48,$0,$95,$6,$101,$149,$1,$0,$1,$1,$2,$0,$-1,$-1,$-1,$2,$-0,$0,$0,$6,$-0,$6,$0,$6,$0,$0,$0,$-4,$-4,$-0,$0,$-4,$3,$0,$-0
31,2010-12-31,28.78,$45.52,0.63,$31.14,0.92,$1.75,16.49,$2.79,10.31,$0.02B,$0.05B,0.32,$0.00B,$0.10B,0.0,$0.07B,$0.04B,52.11%,$0.07B,$0.01B,12.68%,$0.07B,$0.01B,12.68%,$0.07B,$0.01B,12.68%,$0.07B,$0.01B,12.68%,$0.07B,$0.01B,8.45%,$0.01B,$0.10B,5.97%,$0.01B,$0.10B,5.97%,$0.01B,$0.15B,4.04%,$0.01B,$0.10B,8.96%,$22,$12,$11,$0,$7,$19,$4,$0,$4,$1,$2,$2,$2,$4,$4,$2,2,$1.04,$1.03,$8,$0,$0,$15,$4,$130,$0,$4,$138,$153,$49,$0,$0,$1,$50,$0,$98,$6,$104,$153,$6,$1,$4,$5,$-2,$0,$1,$-7,$-7,$4,$-0,$0,$0,$-6,$3,$-4,$0,$-4,$0,$0,$0,$-0,$-0,$-1,$0,$-1,$-1,$0,$-1
32,2010-09-30,30.68,$44.86,0.68,$27.79,1.1,$3.17,9.68,$1.89,16.23,$0.01B,$0.05B,0.28,$0.00B,$0.10B,0.0,$0.06B,$0.03B,51.56%,$0.06B,$0.01B,7.81%,$0.06B,$0.01B,7.81%,$0.06B,$0.01B,7.81%,$0.06B,$0.01B,7.81%,$0.06B,$0.00B,6.25%,$0.00B,$0.10B,4.05%,$0.00B,$0.10B,4.05%,$0.00B,$0.15B,2.73%,$0.01B,$0.10B,5.06%,$19,$10,$9,$0,$6,$17,$2,$0,$2,$1,$1,$1,$1,$2,$2,$2,2,$0.63,$0.63,$5,$0,$0,$13,$4,$131,$0,$3,$138,$151,$48,$0,$0,$1,$48,$0,$96,$6,$102,$151,$4,$1,$4,$5,$-1,$0,$0,$-4,$-7,$2,$-0,$0,$0,$-4,$-0,$-4,$0,$-4,$0,$0,$0,$-0,$-0,$-0,$0,$-1,$-3,$0,$-0
33,2010-06-30,29.77,$43.48,0.68,$26.55,1.12,$4.03,7.39,$1.68,17.72,$0.01B,$0.05B,0.25,$0.00B,$0.10B,0.0,$0.06B,$0.03B,52.46%,$0.06B,$0.00B,6.56%,$0.06B,$0.00B,6.56%,$0.06B,$0.00B,6.56%,$0.06B,$0.00B,6.56%,$0.06B,$0.00B,6.56%,$0.00B,$0.10B,4.10%,$0.00B,$0.10B,4.10%,$0.00B,$0.15B,2.75%,$0.00B,$0.10B,4.10%,$16,$7,$10,$0,$6,$13,$3,$0,$3,$0,$3,$3,$3,$3,$3,$2,2,$1.11,$1.11,$5,$0,$0,$12,$4,$126,$0,$3,$134,$146,$46,$0,$0,$0,$46,$0,$95,$5,$99,$146,$3,$0,$2,$3,$0,$0,$-1,$-3,$-6,$-1,$-0,$0,$0,$-3,$0,$-2,$0,$-3,$0,$0,$0,$-0,$-0,$-0,$0,$-0,$-3,$0,$-0
34,2010-03-31,31.85,$42.61,0.75,$28.89,1.1,$4.18,7.63,$1.49,21.38,$0.01B,$0.05B,0.21,$0.00B,$0.10B,0.0,$0.07B,$0.03B,47.76%,$0.07B,$0.00B,5.97%,$0.07B,$0.00B,5.97%,$0.07B,$0.00B,5.97%,$0.07B,$0.00B,5.97%,$0.07B,$0.00B,4.48%,$0.00B,$0.10B,3.12%,$0.00B,$0.10B,3.12%,$0.00B,$0.14B,2.08%,$0.00B,$0.10B,4.16%,$14,$7,$7,$0,$6,$14,$0,$0,$0,$-0,$0,$0,$0,$0,$0,$2,2,$0.01,$0.01,$5,$0,$0,$10,$4,$127,$0,$3,$135,$144,$47,$0,$0,$0,$47,$0,$92,$5,$97,$144,$0,$0,$2,$2,$1,$0,$-1,$-2,$-3,$-1,$-0,$0,$0,$1,$-4,$-3,$0,$-3,$0,$0,$0,$-0,$-0,$-0,$0,$-0,$-4,$0,$-0
35,2009-12-31,28.9,$42.56,0.68,$31.06,0.93,$3.73,7.76,$2.11,13.7,$0.01B,$0.05B,0.29,$0.00B,$0.10B,0.0,$0.07B,$0.03B,47.22%,$0.07B,$0.01B,8.33%,$0.07B,$0.01B,8.33%,$0.07B,$0.01B,8.33%,$0.07B,$0.01B,8.33%,$0.07B,$0.00B,5.56%,$0.00B,$0.10B,4.21%,$0.00B,$0.10B,4.21%,$0.00B,$0.15B,2.80%,$0.01B,$0.10B,6.32%,$15,$8,$7,$0,$6,$14,$0,$0,$0,$-0,$0,$0,$0,$0,$0,$2,2,$0.14,$0.14,$9,$0,$0,$14,$4,$124,$0,$3,$133,$146,$48,$0,$0,$1,$49,$0,$93,$5,$97,$146,$5,$1,$9,$10,$-1,$0,$-2,$-8,$-7,$7,$-0,$0,$0,$-5,$2,$-3,$0,$-3,$0,$0,$0,$-0,$-0,$-1,$0,$-1,$4,$0,$-1
36,2009-09-30,30.56,$42.64,0.72,$29.90,1.02,$0.93,32.74,$0.25,122.24,$0.02B,$0.05B,0.36,$0.00B,$0.10B,0.0,$0.07B,$0.03B,39.13%,$0.07B,$-0.00B,-1.45%,$0.07B,$-0.00B,-1.45%,$0.07B,0,0.00%,$0.07B,$-0.00B,-1.45%,$0.07B,0,0.00%,$0.00B,$0.10B,0.00%,$0.00B,$0.10B,0.00%,$0.00B,$0.15B,0.00%,$-0.00B,$0.10B,-1.07%,$16,$9,$8,$0,$6,$15,$1,$0,$1,$0,$1,$1,$1,$1,$1,$2,2,$0.42,$0.42,$9,$0,$0,$17,$4,$121,$0,$3,$128,$145,$48,$0,$0,$0,$48,$0,$92,$5,$97,$145,$5,$1,$8,$9,$-1,$0,$-2,$-7,$-10,$4,$-0,$0,$0,$1,$-0,$1,$0,$1,$0,$0,$0,$-0,$-0,$-0,$0,$-1,$4,$0,$-0
37,2009-06-30,25.04,$41.06,0.61,$30.21,0.83,$0.61,41.1,$0.22,113.8,$0.02B,$0.05B,0.38,$0.00B,$0.09B,0.0,$0.07B,$0.03B,39.44%,$0.07B,$-0.00B,-1.41%,$0.07B,$-0.00B,-1.41%,$0.07B,0,0.00%,$0.07B,$-0.00B,-1.41%,$0.07B,0,0.00%,$0.00B,$0.09B,0.00%,$0.00B,$0.09B,0.00%,$0.00B,$0.14B,0.00%,$-0.00B,$0.09B,-1.08%,$22,$12,$10,$0,$7,$19,$3,$0,$3,$1,$2,$2,$2,$3,$3,$2,2,$0.92,$0.92,$8,$0,$0,$18,$4,$114,$0,$3,$124,$142,$47,$0,$0,$0,$47,$0,$92,$2,$94,$142,$4,$1,$6,$6,$-3,$0,$-3,$-4,$-10,$-0,$-0,$0,$0,$1,$3,$3,$0,$3,$0,$0,$0,$0,$0,$-0,$0,$-0,$3,$0,$-0
38,2009-03-31,26.94,$39.90,0.68,$29.25,0.92,$0.26,103.52,$-0.81,0.0,$0.01B,$0.05B,0.3,$0.00B,$0.09B,0.0,$0.07B,$0.03B,37.68%,$0.07B,$-0.01B,-7.25%,$0.07B,$-0.01B,-7.25%,$0.07B,$-0.00B,-4.35%,$0.07B,$-0.01B,-7.25%,$0.07B,$-0.00B,-2.90%,$-0.00B,$0.09B,-2.14%,$-0.00B,$0.09B,-2.14%,$-0.00B,$0.14B,-1.41%,$-0.01B,$0.09B,-5.35%,$19,$10,$9,$0,$7,$17,$2,$0,$2,$0,$1,$1,$1,$2,$2,$2,2,$0.63,$0.62,$5,$0,$0,$14,$4,$114,$0,$3,$124,$138,$47,$0,$0,$0,$47,$0,$90,$2,$92,$138,$1,$0,$3,$4,$-2,$0,$-3,$-2,$-7,$-2,$-0,$0,$0,$0,$2,$2,$0,$2,$0,$0,$0,$0,$0,$-0,$0,$-0,$-0,$0,$-0
39,2008-12-31,34.58,$39.19,0.88,$29.67,1.17,$0.76,45.24,$-0.57,0.0,$0.01B,$0.05B,0.26,$0.00B,$0.09B,0.0,$0.07B,$0.03B,39.44%,$0.07B,$-0.00B,-5.63%,$0.07B,$-0.00B,-5.63%,$0.07B,$-0.00B,-2.82%,$0.07B,$-0.00B,-5.63%,$0.07B,$-0.00B,-1.41%,$-0.00B,$0.09B,-1.04%,$-0.00B,$0.09B,-1.04%,$-0.00B,$0.14B,-0.69%,$-0.00B,$0.09B,-4.18%,$12,$13,$-0,$0,$6,$19,$-7,$0,$-7,$-3,$-4,$-4,$-4,$-6,$-7,$2,2,$-1.66,$-1.65,$5,$0,$0,$13,$4,$116,$0,$3,$127,$140,$50,$0,$0,$0,$50,$0,$88,$2,$90,$140,$-1,$1,$17,$18,$3,$0,$-1,$-13,$-16,$1,$-0,$0,$0,$5,$2,$8,$0,$7,$0,$0,$0,$-6,$-6,$-1,$0,$-6,$2,$0,$-1
40,2008-09-30,36.95,$40.57,0.91,$32.21,1.15,$4.42,8.36,$1.58,23.39,$0.01B,$0.05B,0.25,$0.00B,$0.09B,0.0,$0.08B,$0.04B,50.00%,$0.08B,$0.01B,7.69%,$0.08B,$0.01B,7.69%,$0.08B,$0.01B,8.97%,$0.08B,$0.01B,7.69%,$0.08B,$0.00B,5.13%,$0.00B,$0.09B,4.08%,$0.00B,$0.09B,4.08%,$0.00B,$0.14B,2.73%,$0.01B,$0.09B,6.12%,$18,$9,$9,$0,$7,$17,$1,$0,$1,$0,$1,$1,$1,$1,$1,$2,2,$0.39,$0.39,$6,$0,$0,$12,$5,$118,$0,$4,$130,$142,$48,$0,$0,$0,$48,$0,$93,$1,$93,$142,$3,$1,$9,$10,$1,$0,$-1,$-8,$-9,$3,$-0,$0,$0,$-5,$11,$6,$0,$6,$0,$0,$0,$-6,$-6,$-1,$0,$-6,$3,$0,$-1
41,2008-06-30,44.72,$41.15,1.09,$33.96,1.32,$6.40,6.99,$2.73,16.38,$0.01B,$0.05B,0.22,$0.00B,$0.10B,0.0,$0.08B,$0.04B,51.81%,$0.08B,$0.01B,12.05%,$0.08B,$0.01B,12.05%,$0.08B,$0.01B,13.25%,$0.08B,$0.01B,12.05%,$0.08B,$0.01B,8.43%,$0.01B,$0.10B,7.00%,$0.01B,$0.10B,7.00%,$0.01B,$0.15B,4.71%,$0.01B,$0.10B,10.00%,$20,$12,$8,$0,$8,$21,$-1,$0,$-1,$-0,$-0,$-0,$-0,$-0,$-1,$2,2,$-0.11,$-0.11,$3,$0,$0,$10,$5,$125,$0,$4,$136,$146,$47,$0,$0,$0,$47,$0,$97,$2,$99,$146,$2,$1,$6,$7,$-1,$0,$-1,$-6,$-10,$-1,$-0,$0,$0,$-9,$11,$2,$0,$2,$0,$0,$0,$-1,$-1,$-0,$0,$-1,$0,$0,$-0
42,2008-03-31,45.12,$41.66,1.08,$34.29,1.32,$8.74,5.16,$3.30,13.67,$0.01B,$0.05B,0.23,$0.00B,$0.10B,0.0,$0.09B,$0.05B,52.94%,$0.09B,$0.01B,14.12%,$0.09B,$0.01B,14.12%,$0.09B,$0.01B,15.29%,$0.09B,$0.01B,14.12%,$0.09B,$0.01B,9.41%,$0.01B,$0.10B,8.04%,$0.01B,$0.10B,8.04%,$0.01B,$0.15B,5.38%,$0.01B,$0.10B,12.06%,$21,$9,$11,$0,$8,$18,$3,$0,$3,$1,$2,$2,$2,$3,$3,$2,2,$0.88,$0.87,$3,$0,$0,$11,$5,$127,$0,$3,$137,$148,$47,$0,$0,$1,$47,$0,$98,$3,$101,$148,$2,$0,$2,$2,$-0,$0,$-2,$-2,$-5,$-1,$-0,$0,$0,$-8,$10,$1,$0,$1,$0,$0,$0,$-0,$-0,$-0,$0,$-0,$0,$0,$-0
43,2007-12-31,35.3,$41.18,0.86,$33.74,1.05,$9.68,3.65,$3.35,10.54,$0.01B,$0.05B,0.2,$0.00B,$0.10B,0.0,$0.08B,$0.05B,54.76%,$0.08B,$0.01B,14.29%,$0.08B,$0.01B,14.29%,$0.08B,$0.01B,15.48%,$0.08B,$0.01B,14.29%,$0.08B,$0.01B,9.52%,$0.01B,$0.10B,8.14%,$0.01B,$0.10B,8.14%,$0.01B,$0.15B,5.42%,$0.01B,$0.10B,12.21%,$19,$8,$11,$0,$8,$17,$3,$0,$3,$2,$1,$1,$1,$3,$3,$2,3,$0.44,$0.43,$3,$0,$0,$10,$5,$129,$0,$3,$140,$150,$49,$0,$0,$2,$50,$0,$96,$4,$99,$150,$8,$1,$8,$10,$0,$0,$1,$-10,$-8,$10,$-0,$0,$0,$-17,$11,$-6,$0,$-6,$0,$0,$0,$-4,$-4,$-1,$0,$-5,$-0,$0,$-1
44,2007-09-30,36.02,$40.72,0.88,$33.65,1.07,$12.18,2.96,$3.83,9.4,$0.01B,$0.05B,0.22,$0.00B,$0.10B,0.0,$0.09B,$0.05B,55.29%,$0.09B,$0.01B,14.12%,$0.09B,$0.01B,14.12%,$0.09B,$0.01B,15.29%,$0.09B,$0.01B,14.12%,$0.09B,$0.01B,10.59%,$0.01B,$0.10B,9.25%,$0.01B,$0.10B,9.25%,$0.01B,$0.15B,6.16%,$0.01B,$0.10B,12.34%,$23,$10,$13,$0,$8,$18,$5,$0,$5,$1,$4,$4,$4,$5,$5,$2,3,$1.56,$1.54,$3,$0,$0,$11,$5,$129,$0,$4,$140,$150,$49,$0,$0,$0,$49,$0,$98,$4,$101,$150,$7,$1,$8,$9,$-1,$0,$1,$-7,$-8,$8,$-0,$0,$0,$-5,$-1,$-6,$-1,$-7,$0,$0,$0,$-2,$-2,$-0,$0,$-2,$-1,$0,$-0
45,2007-06-30,46.36,$38.92,1.19,$32.97,1.41,$13.56,3.42,$3.73,12.43,$0.01B,$0.05B,0.22,$0.00B,$0.10B,0.0,$0.08B,$0.05B,55.95%,$0.08B,$0.01B,14.29%,$0.08B,$0.01B,14.29%,$0.08B,$0.01B,15.48%,$0.08B,$0.01B,14.29%,$0.08B,$0.01B,10.71%,$0.01B,$0.10B,9.45%,$0.01B,$0.10B,9.45%,$0.01B,$0.15B,6.24%,$0.01B,$0.10B,12.60%,$22,$12,$10,$0,$8,$21,$1,$0,$1,$0,$1,$1,$1,$2,$1,$2,3,$0.46,$0.46,$3,$0,$0,$11,$6,$123,$0,$3,$136,$147,$50,$0,$0,$0,$50,$0,$94,$3,$97,$147,$3,$1,$5,$6,$-1,$0,$-0,$-3,$-5,$5,$-0,$0,$0,$3,$-5,$-2,$-1,$-4,$0,$0,$0,$-1,$-1,$-0,$0,$-2,$-0,$0,$-0
46,2007-03-31,46.08,$38.72,1.19,$33.18,1.39,$14.85,3.1,$4.95,9.31,$0.01B,$0.05B,0.22,$0.00B,$0.10B,0.0,$0.09B,$0.05B,60.00%,$0.09B,$0.02B,20.00%,$0.09B,$0.02B,20.00%,$0.09B,$0.02B,20.00%,$0.09B,$0.02B,20.00%,$0.09B,$0.01B,14.12%,$0.01B,$0.10B,12.87%,$0.01B,$0.10B,12.87%,$0.01B,$0.14B,8.51%,$0.02B,$0.10B,18.23%,$20,$9,$12,$0,$8,$17,$3,$0,$3,$1,$2,$2,$2,$3,$3,$2,3,$0.93,$0.92,$3,$0,$0,$10,$6,$122,$0,$3,$133,$143,$47,$0,$0,$0,$47,$0,$93,$3,$96,$143,$2,$0,$2,$2,$0,$0,$-1,$-2,$-3,$1,$-0,$0,$0,$2,$-3,$-0,$0,$-0,$0,$0,$0,$-1,$-1,$-0,$0,$-1,$-0,$0,$-0
47,2006-12-31,48.83,$38.00,1.28,$32.97,1.48,$15.40,3.17,$5.14,9.5,$0.01B,$0.05B,0.21,$0.00B,$0.10B,0.0,$0.09B,$0.05B,60.00%,$0.09B,$0.02B,21.18%,$0.09B,$0.02B,21.18%,$0.09B,$0.02B,21.18%,$0.09B,$0.02B,21.18%,$0.09B,$0.01B,15.29%,$0.01B,$0.10B,14.33%,$0.01B,$0.10B,14.33%,$0.01B,$0.14B,9.44%,$0.02B,$0.10B,19.83%,$20,$8,$12,$0,$8,$17,$3,$0,$3,$1,$2,$2,$2,$3,$3,$3,3,$0.93,$0.91,$3,$0,$0,$10,$6,$122,$0,$3,$133,$144,$48,$0,$0,$0,$48,$0,$92,$3,$95,$144,$13,$1,$6,$7,$1,$0,$3,$-5,$-2,$19,$-2,$0,$0,$3,$-28,$-25,$-0,$-27,$0,$0,$0,$-2,$-2,$-1,$0,$-3,$-11,$0,$-1
