,Date,Stock Price,Book Value per Share,Price to Book Ratio,TTM Sales per Share,Price to Sales Ratio,TTM FCF per Share,Price to FCF Ratio,TTM Net EPS,PE Ratio,Current Assets,Current Liabilities,Current Ratio,Long Term Debt,Shareholder's Equity_x,Debt to Equity Ratio,TTM Revenue_x,TTM Gross Profit,Gross Margin,TTM Revenue_y,TTM Operating Income,Operating Margin,TTM Revenue_x,TTM EBIT,EBIT Margin,TTM Revenue_y,TTM EBITDA,EBITDA Margin,TTM Revenue_x,TTM Pre-Tax Income,Pre-Tax Margin,TTM Revenue_y,TTM Net Income_x,Net Margin,TTM Net Income_y,Shareholder's Equity_y,Return on Equity,TTM Net Income_x,Tangible Equity,Return on Tangible Equity,TTM Net Income_y,Total Assets,Return on Assets,TTM Net Income,LT Investments & Debt,Return on Investment,revenue,cost-goods-sold,gross-profit,research-development-expenses,selling-general-administrative-expenses,operating-expenses,operating-income,total-non-operating-income-expense,pre-tax-income,total-provision-income-taxes,income-after-taxes,income-from-continuous-operations,net-income,ebitda,ebit,basic-shares-outstanding,shares-outstanding,eps-basic-net-earnings-per-share,eps-earnings-per-share-diluted,cash-on-hand,inventory,other-current-assets,total-current-assets,net-property-plant-equipment,long-term-investments,goodwill-intangible-assets-total,other-long-term-assets,total-long-term-assets,total-assets,total-current-liabilities,long-term-debt,other-non-current-liabilities,total-long-term-liabilities,total-liabilities,common-stock-net,retained-earnings-accumulated-deficit,comprehensive-income,total-share-holder-equity,total-liabilities-share-holders-equity,net-income-loss,total-depreciation-amortization-cash-flow,other-non-cash-items,total-non-cash-items,change-in-accounts-receivable,change-in-inventories,change-in-accounts-payable,change-in-assets-liabilities,total-change-in-assets-liabilities,cash-flow-from-operating-activities,net-change-in-property-plant-equipment,net-change-in-intangible-assets,net-acquisitions-divestitures,net-change-in-short-term-investments,net-change-in-long-term-investments,net-change-in-investments-total,investing-activities-other,cash-flow-from-investing-activities,net-long-term-debt,net-current-debt,debt-issuance-retirement-net-total,net-common-equity-issued-repurchased,net-total-equity-issued-repurchased,total-common-preferred-stock-dividends-paid,financial-activities-other,cash-flow-from-financial-activities,net-cash-flow,stock-based-compensation,common-stock-dividends-paid
0,2018-09-30,10.98,$5.68,1.93,$7.32,1.5,$-7.85,0.0,$0.81,13.56,$342.41B,$193.84B,1.77,$61.86B,$36.81B,1.68,$47.80B,$28.90B,60.46%,$47.80B,$7.18B,15.02%,$47.80B,0,0.00%,$47.80B,0,0.00%,$47.80B,$7.18B,15.02%,$47.80B,$6.80B,14.23%,$6.80B,$36.81B,16.55%,$6.80B,$31.66B,19.21%,$6.80B,$387.22B,1.61%,$7.18B,$98.66B,6.59%,$11274,$4442,$6832,$0,$4726,$9168,$2106,$0,$2106,$498,$1608,$1608,$1556,$0,$0,$6476,6524,$0.24,$0.24,$198078,$0,$0,$342414,$1834,$22697,$5150,$5407,$44807,$387220,$193841,$61857,$94620,$156573,$350414,$24676,$0,$-833,$36806,$387220,$4771,$672,$5369,$6041,$-6791,$0,$0,$-11778,$-18569,$-8629,$-208,$-254,$0,$32,$-9241,$-9209,$206,$-9465,$-3235,$0,$-3235,$158,$158,$-5054,$411,$-7719,$-25199,$-96,$-5054
1,2018-06-30,10.18,$6.05,1.68,$7.96,1.28,$-5.77,0.0,$1.10,9.26,$275.71B,$204.20B,1.35,$65.44B,$39.18B,1.67,$52.00B,$31.46B,60.51%,$52.00B,$8.28B,15.92%,$52.00B,0,0.00%,$52.00B,0,0.00%,$52.00B,$8.28B,15.92%,$52.00B,$7.16B,13.77%,$7.16B,$39.18B,16.55%,$7.16B,$33.59B,19.11%,$7.16B,$408.85B,1.65%,$8.28B,$104.62B,7.30%,$10590,$4697,$5893,$0,$5232,$9929,$661,$0,$661,$-979,$1640,$1640,$1597,$0,$0,$6484,6531,$0.50,$0.49,$122833,$0,$0,$275708,$1976,$109583,$5585,$5270,$133141,$408849,$204195,$65444,$99926,$165477,$369672,$27036,$0,$-958,$39178,$408849,$3465,$483,$3165,$3648,$-8431,$0,$0,$-12855,$-21286,$-14894,$-131,$-372,$0,$28,$-8488,$-8460,$85,$-8878,$-2358,$0,$-2358,$168,$168,$-4133,$317,$-6006,$-29143,$0,$-4133
2,2018-03-31,15.29,$6.43,2.38,$8.52,1.79,$-3.81,0.0,$1.16,13.18,$362.05B,$219.57B,1.65,$72.46B,$42.05B,1.72,$55.74B,$33.84B,60.70%,$55.74B,$10.04B,18.02%,$55.74B,0,0.00%,$55.74B,0,0.00%,$55.74B,$10.04B,18.02%,$55.74B,$7.55B,13.54%,$7.55B,$42.05B,17.05%,$7.55B,$36.09B,19.59%,$7.55B,$444.39B,1.72%,$10.04B,$114.50B,8.63%,$13516,$5066,$8450,$0,$5502,$10568,$2948,$0,$2948,$927,$2022,$2022,$1970,$0,$0,$6476,6508,$0.31,$0.30,$199757,$0,$0,$362052,$2211,$58011,$5964,$6230,$82333,$444386,$219567,$72455,$110196,$182770,$402337,$29951,$0,$-795,$42049,$444386,$2022,$265,$2332,$2597,$-470,$0,$0,$-33218,$-33689,$-29719,$-43,$-135,$0,$30,$1152,$1182,$41,$1045,$-868,$0,$-868,$330,$330,$-4423,$0,$-4961,$-33658,$0,$-4423
3,2017-12-31,12.19,$7.17,1.7,$9.05,1.35,$0.70,17.31,$1.15,10.6,$372.16B,$226.58B,1.64,$71.44B,$46.36B,1.54,$59.31B,$34.78B,58.64%,$59.31B,$10.09B,17.01%,$59.31B,0,0.00%,$59.31B,0,0.00%,$59.31B,$10.09B,17.01%,$59.31B,$7.49B,12.62%,$7.49B,$46.36B,16.85%,$7.49B,$40.29B,19.27%,$7.49B,$449.43B,1.73%,$10.09B,$117.80B,8.66%,$12418,$4696,$7722,$0,$6260,$10956,$1462,$0,$1462,$-279,$1741,$1741,$1678,$0,$0,$6504,6546,$0.25,$0.25,$207718,$0,$0,$372161,$2305,$52260,$6071,$15904,$77271,$449432,$226580,$71440,$104919,$176497,$403077,$30427,$0,$-739,$46355,$449432,$7601,$993,$17517,$18509,$-3691,$0,$0,$-18297,$-21989,$2707,$-231,$-822,$0,$-172,$-96,$-268,$120,$-1202,$-1608,$0,$-1608,$-619,$-619,$-3360,$286,$-5300,$-4011,$0,$-3360
4,2017-09-30,12.79,$6.99,1.83,$9.59,1.33,$1.61,7.94,$1.15,11.12,$360.74B,$216.86B,1.66,$71.49B,$45.45B,1.57,$62.85B,$35.77B,56.91%,$62.85B,$11.12B,17.69%,$62.85B,0,0.00%,$62.85B,0,0.00%,$62.85B,$11.12B,17.69%,$62.85B,$7.58B,12.06%,$7.58B,$45.45B,17.84%,$7.58B,$39.89B,20.37%,$7.58B,$434.44B,1.82%,$11.12B,$116.94B,9.80%,$15471,$6071,$9399,$0,$6191,$12263,$3208,$0,$3208,$1336,$1872,$1872,$1913,$0,$0,$6500,6553,$0.29,$0.29,$203585,$0,$0,$360743,$2347,$50410,$5560,$5242,$73701,$434444,$216858,$71494,$100492,$172136,$388994,$30728,$0,$-705,$45449,$434444,$5879,$759,$11347,$12106,$2063,$0,$0,$-14014,$-11951,$4886,$-162,$-352,$0,$69,$693,$762,$158,$406,$-2414,$0,$-2414,$-161,$-161,$-3244,$14,$-5805,$-751,$0,$-3244
5,2017-06-30,10.2,$6.64,1.54,$9.71,1.05,$3.23,3.15,$1.12,9.11,$352.52B,$230.64B,1.53,$73.06B,$43.17B,1.69,$63.70B,$34.97B,54.91%,$63.70B,$10.12B,15.88%,$63.70B,0,0.00%,$63.70B,0,0.00%,$63.70B,$10.12B,15.88%,$63.70B,$7.38B,11.59%,$7.38B,$43.17B,17.76%,$7.38B,$37.83B,20.30%,$7.38B,$424.29B,1.80%,$10.12B,$116.22B,8.98%,$14334,$6069,$8265,$0,$5841,$11909,$2425,$0,$2425,$308,$2117,$2117,$1985,$0,$0,$6507,6561,$0.31,$0.31,$195151,$0,$0,$352521,$2376,$47566,$5341,$5428,$71772,$424293,$230644,$73056,$77265,$150481,$381125,$30281,$0,$-932,$43168,$424293,$3949,$496,$7693,$8189,$653,$0,$0,$-13965,$-13311,$-2102,$-108,$-217,$0,$8,$2055,$2063,$144,$1882,$-672,$0,$-672,$-222,$-222,$-2406,$52,$-3247,$-3737,$0,$-2406
6,2017-03-31,11.13,$6.54,1.7,$9.89,1.12,$5.60,1.99,$1.07,10.36,$347.91B,$210.11B,1.66,$72.53B,$42.70B,1.7,$64.89B,$35.75B,55.10%,$64.89B,$11.20B,17.26%,$64.89B,0,0.00%,$64.89B,0,0.00%,$64.89B,$11.20B,17.26%,$64.89B,$7.11B,10.96%,$7.11B,$42.70B,17.71%,$7.11B,$37.35B,20.28%,$7.11B,$421.43B,1.78%,$11.20B,$115.23B,10.20%,$17090,$7696,$9394,$0,$6400,$14096,$2994,$0,$2994,$1123,$1871,$1871,$1910,$0,$0,$6514,6547,$0.29,$0.29,$188802,$0,$0,$347906,$2482,$49426,$5350,$5274,$73522,$421428,$210110,$72531,$95899,$168615,$378725,$30922,$0,$-889,$42703,$421428,$1871,$261,$4072,$4333,$1729,$0,$0,$-7601,$-5873,$-330,$-51,$-23,$0,$4,$1189,$1192,$56,$1174,$-340,$0,$-340,$82,$82,$-2320,$-31,$-2609,$-1638,$0,$-2320
7,2016-12-31,9.3,$5.93,1.57,$9.34,0.99,$6.97,1.33,$1.01,9.2,$319.71B,$196.19B,1.63,$66.44B,$38.65B,1.72,$61.29B,$34.02B,55.51%,$61.29B,$10.95B,17.86%,$61.29B,0,0.00%,$61.29B,0,0.00%,$61.29B,$10.95B,17.86%,$61.29B,$6.67B,10.88%,$6.67B,$38.65B,18.10%,$6.67B,$33.76B,20.50%,$6.67B,$387.97B,1.80%,$10.95B,$105.09B,10.60%,$15954,$7242,$8712,$0,$6223,$13465,$2489,$0,$2489,$733,$1757,$1757,$1773,$0,$0,$6523,6568,$0.28,$0.27,$171396,$0,$0,$319709,$2306,$45320,$4890,$5028,$68265,$387974,$196186,$66435,$86518,$153137,$349323,$27852,$0,$-939,$38651,$387974,$6761,$927,$20267,$21194,$6713,$0,$0,$-24137,$-17424,$8690,$-253,$-306,$0,$-89,$3128,$3039,$1657,$4137,$-3823,$0,$-3823,$-62,$-62,$-2227,$-290,$-6402,$1282,$0,$-2227
8,2016-09-30,8.84,$6.40,1.38,$8.93,0.99,$4.03,2.19,$0.98,9.04,$334.31B,$203.87B,1.64,$72.41B,$41.82B,1.73,$58.65B,$32.69B,55.74%,$58.65B,$10.43B,17.79%,$58.65B,0,0.00%,$58.65B,0,0.00%,$58.65B,$10.43B,17.79%,$58.65B,$6.22B,10.61%,$6.22B,$41.82B,17.34%,$6.22B,$36.53B,19.35%,$6.22B,$408.49B,1.68%,$10.43B,$114.23B,9.95%,$16317,$7715,$8602,$0,$6395,$14110,$2207,$0,$2207,$473,$1734,$1734,$1716,$0,$0,$6528,6567,$0.26,$0.26,$175052,$0,$0,$334309,$2443,$49051,$5290,$5461,$74183,$408492,$203871,$72409,$90155,$162799,$366670,$29970,$0,$-690,$41822,$408492,$5443,$739,$17450,$18189,$9061,$0,$0,$-15651,$-6590,$15510,$-116,$-193,$0,$9,$3253,$3262,$1712,$4666,$-3450,$0,$-3450,$127,$127,$-2324,$11,$-5635,$8574,$0,$-2324
9,2016-06-30,7.54,$5.74,1.31,$7.96,0.95,$-0.11,0.0,$1.11,6.8,$304.38B,$186.25B,1.63,$67.06B,$37.45B,1.79,$52.38B,$28.96B,55.29%,$52.38B,$7.84B,14.96%,$52.38B,0,0.00%,$52.38B,0,0.00%,$52.38B,$7.84B,14.96%,$52.38B,$7.14B,13.63%,$7.14B,$37.45B,21.36%,$7.14B,$32.61B,23.48%,$7.14B,$375.95B,2.00%,$7.84B,$104.51B,7.76%,$15531,$6485,$9046,$0,$5536,$12021,$3510,$0,$3510,$1704,$1806,$1806,$1713,$0,$0,$6522,6561,$0.26,$0.26,$155030,$0,$0,$304380,$2338,$48044,$4840,$5314,$71568,$375947,$186245,$67064,$85068,$152254,$338499,$24318,$0,$-649,$37448,$375947,$3433,$450,$14311,$14761,$-14856,$0,$0,$11211,$-3645,$13373,$-62,$11,$0,$-2,$-1704,$-1706,$1575,$-182,$-2586,$0,$-2586,$58,$58,$-1478,$-13,$-4019,$4140,$0,$-1478
10,2016-03-31,6.85,$4.53,1.51,$7.85,0.87,$-4.66,0.0,$1.14,6.03,$248.35B,$147.88B,1.68,$59.67B,$29.52B,2.02,$51.87B,$28.68B,55.30%,$51.87B,$7.31B,14.09%,$51.87B,0,0.00%,$51.87B,0,0.00%,$51.87B,$7.31B,14.09%,$51.87B,$7.33B,14.13%,$7.33B,$29.52B,22.43%,$7.33B,$27.23B,24.27%,$7.33B,$309.25B,2.06%,$7.31B,$89.19B,7.27%,$13491,$5830,$7661,$0,$4917,$10747,$2743,$0,$2743,$1279,$1464,$1464,$1468,$0,$0,$6515,6538,$0.23,$0.23,$127027,$0,$0,$248347,$2103,$40891,$2289,$4438,$60900,$309247,$147877,$59673,$72098,$131851,$279728,$21883,$0,$-525,$29519,$309247,$1464,$187,$2263,$2450,$4643,$0,$0,$902,$5545,$8628,$-35,$-43,$0,$-0,$456,$456,$-120,$258,$-1986,$0,$-1986,$44,$44,$-1248,$0,$-3190,$6512,$0,$-1248
11,2015-12-31,5.04,$5.35,0.94,$7.69,0.66,$-8.02,0.0,$1.19,4.24,$316.26B,$193.64B,1.63,$76.57B,$34.82B,2.2,$51.01B,$28.09B,55.07%,$51.01B,$5.58B,10.93%,$51.01B,0,0.00%,$51.01B,0,0.00%,$51.01B,$5.58B,10.93%,$51.01B,$7.86B,15.41%,$7.86B,$34.82B,22.93%,$7.86B,$32.27B,24.83%,$7.86B,$389.69B,2.06%,$5.58B,$111.39B,5.27%,$13311,$5930,$7381,$0,$5410,$11340,$1971,$0,$1971,$612,$1359,$1359,$1327,$0,$0,$6581,6618,$0.20,$0.20,$163330,$0,$0,$316258,$2608,$48660,$2550,$5127,$73432,$389690,$193641,$76570,$84542,$161226,$354867,$25996,$0,$-394,$34822,$389690,$7985,$863,$8517,$9380,$-8580,$0,$0,$-17327,$-25907,$-10520,$-416,$-332,$0,$-13,$540,$527,$112,$-110,$435,$0,$435,$-910,$-910,$-2213,$84,$-2604,$-10279,$0,$-2213
12,2015-09-30,5.09,$4.87,1.04,$8.40,0.61,$-0.85,0.0,$1.32,3.86,$282.36B,$174.03B,1.62,$67.20B,$31.90B,2.11,$55.77B,$30.04B,53.87%,$55.77B,$6.56B,11.77%,$55.77B,0,0.00%,$55.77B,0,0.00%,$55.77B,$6.56B,11.77%,$55.77B,$9.07B,16.26%,$9.07B,$31.90B,24.96%,$9.07B,$29.51B,27.09%,$9.07B,$354.94B,2.24%,$6.56B,$99.10B,5.99%,$10048,$5172,$4876,$0,$5263,$10435,$-387,$0,$-387,$-3044,$2657,$2657,$2630,$0,$0,$6564,6616,$0.40,$0.40,$136957,$0,$0,$282358,$2516,$48382,$2386,$5352,$72587,$354944,$174033,$67200,$81727,$149012,$323046,$24335,$0,$-212,$31899,$354944,$6006,$596,$3437,$4033,$-6275,$0,$0,$-13832,$-20107,$-11647,$-244,$-233,$0,$-13,$-11,$-23,$59,$-441,$1000,$0,$1000,$-622,$-622,$-1943,$79,$-1486,$-10558,$0,$-1943
13,2015-06-30,7.54,$5.22,1.44,$9.79,0.77,$2.40,3.14,$1.28,5.88,$300.37B,$184.02B,1.63,$68.04B,$34.45B,1.98,$65.07B,$34.96B,53.73%,$65.07B,$9.94B,15.28%,$65.07B,0,0.00%,$65.07B,0,0.00%,$65.07B,$9.94B,15.28%,$65.07B,$9.04B,13.89%,$9.04B,$34.45B,23.29%,$9.04B,$31.78B,25.34%,$9.04B,$369.42B,2.08%,$9.94B,$102.49B,8.57%,$15020,$6255,$8765,$0,$5784,$12039,$2981,$0,$2981,$1048,$1933,$1933,$1904,$0,$0,$6610,6642,$0.29,$0.29,$143541,$0,$0,$300373,$2781,$46917,$2674,$5400,$69051,$369424,$184018,$68036,$82822,$150957,$334976,$27741,$0,$-33,$34448,$369424,$3817,$450,$4221,$4671,$-3192,$0,$0,$-20529,$-23721,$-16556,$-207,$-166,$0,$-1,$912,$911,$50,$588,$1013,$0,$1013,$-316,$-316,$-1550,$90,$-764,$-15679,$0,$-1550
14,2015-03-31,7.61,$5.37,1.42,$10.14,0.75,$7.07,1.08,$1.31,5.83,$333.38B,$209.85B,1.59,$74.26B,$35.94B,2.07,$67.39B,$36.66B,54.40%,$67.39B,$10.27B,15.24%,$67.39B,0,0.00%,$67.39B,0,0.00%,$67.39B,$10.27B,15.24%,$67.39B,$9.28B,13.77%,$9.28B,$35.94B,23.06%,$9.28B,$33.04B,25.13%,$9.28B,$411.76B,2.02%,$10.27B,$110.20B,8.52%,$12630,$5561,$7069,$0,$6058,$11619,$1012,$0,$1012,$-1025,$2036,$2036,$1997,$0,$0,$6617,6644,$0.30,$0.30,$157677,$0,$0,$333375,$3049,$52807,$2892,$6462,$78385,$411760,$209846,$74264,$91599,$165979,$375824,$26408,$0,$-1,$35935,$411760,$2036,$235,$429,$663,$-3985,$0,$0,$-11113,$-15099,$-13504,$-114,$-85,$0,$-1,$136,$135,$47,$-18,$-108,$0,$-108,$-105,$-105,$-1586,$97,$-1702,$-13679,$0,$-1586
15,2014-12-31,8.72,$6.49,1.34,$10.59,0.82,$11.59,0.75,$1.33,6.54,$397.39B,$251.36B,1.58,$83.68B,$42.99B,1.95,$70.35B,$39.17B,55.67%,$70.35B,$12.31B,17.50%,$70.35B,0,0.00%,$70.35B,0,0.00%,$70.35B,$12.31B,17.50%,$70.35B,$9.21B,13.09%,$9.21B,$42.99B,22.85%,$9.21B,$39.54B,24.96%,$9.21B,$481.65B,1.98%,$12.31B,$126.67B,10.16%,$18073,$8738,$9334,$0,$6378,$15117,$2956,$0,$2956,$385,$2571,$2571,$2536,$0,$0,$6618,6648,$0.38,$0.38,$190708,$0,$0,$397388,$3722,$55993,$3459,$7790,$84266,$481654,$251355,$83677,$103542,$187305,$438660,$32048,$0,$-184,$42994,$481654,$9341,$1087,$14454,$15541,$-18079,$0,$0,$34836,$16757,$38340,$-1668,$-432,$0,$-6,$2537,$2531,$712,$1143,$-6816,$0,$-6816,$214,$214,$-2736,$71,$-9267,$29709,$0,$-2736
16,2014-09-30,9.29,$6.32,1.47,$10.23,0.91,$8.18,1.13,$1.27,7.31,$391.55B,$247.25B,1.58,$82.84B,$41.88B,1.98,$67.95B,$39.26B,57.77%,$67.95B,$12.07B,17.76%,$67.95B,0,0.00%,$67.95B,0,0.00%,$67.95B,$12.07B,17.76%,$67.95B,$8.89B,13.08%,$8.89B,$41.88B,22.57%,$8.89B,$38.37B,24.74%,$8.89B,$476.03B,1.91%,$12.07B,$124.71B,10.00%,$19346,$9550,$9796,$0,$6805,$16355,$2991,$0,$2991,$348,$2643,$2643,$2603,$0,$0,$6621,6655,$0.39,$0.39,$188739,$0,$0,$391551,$3300,$55561,$3504,$8043,$84474,$476025,$247249,$82836,$103928,$186901,$434150,$33128,$0,$-360,$41875,$476025,$6815,$822,$11850,$12672,$-15439,$0,$0,$9563,$-5875,$10697,$-973,$-318,$0,$-6,$2984,$2978,$75,$1762,$-2192,$0,$-2192,$205,$205,$-2686,$75,$-4598,$7104,$0,$-2686
17,2014-06-30,9.52,$6.07,1.57,$9.49,1.0,$8.82,1.08,$1.19,7.98,$386.71B,$246.04B,1.57,$80.20B,$40.14B,2.0,$62.90B,$38.28B,60.86%,$62.90B,$11.73B,18.64%,$62.90B,0,0.00%,$62.90B,0,0.00%,$62.90B,$11.73B,18.64%,$62.90B,$8.16B,12.97%,$8.16B,$40.14B,21.58%,$8.16B,$36.70B,23.56%,$8.16B,$467.15B,1.80%,$11.73B,$120.34B,9.94%,$17338,$6879,$10459,$0,$7147,$14026,$3311,$0,$3311,$1135,$2176,$2176,$2141,$0,$0,$6616,6639,$0.32,$0.32,$187453,$0,$0,$386712,$3067,$52532,$3438,$7412,$80439,$467151,$246036,$80200,$100640,$180979,$427015,$33698,$0,$-534,$40136,$467151,$4243,$549,$13777,$14325,$-8376,$0,$0,$6690,$-1686,$14716,$-518,$-167,$0,$-6,$3319,$3313,$70,$2698,$-5715,$0,$-5715,$106,$106,$-1822,$-5,$-7437,$8410,$0,$-1822
18,2014-03-31,8.94,$5.48,1.63,$9.08,0.98,$8.89,1.0,$1.10,8.15,$360.48B,$229.15B,1.57,$76.68B,$36.26B,2.12,$60.20B,$36.83B,61.18%,$60.20B,$10.37B,17.22%,$60.20B,0,0.00%,$60.20B,0,0.00%,$60.20B,$10.37B,17.22%,$60.20B,$7.84B,13.02%,$7.84B,$36.26B,21.00%,$7.84B,$32.97B,22.78%,$7.84B,$434.82B,1.72%,$10.37B,$112.93B,8.72%,$15592,$6016,$9576,$0,$6525,$12541,$3051,$0,$3051,$1100,$1951,$1951,$1930,$0,$0,$6609,6627,$0.29,$0.29,$175127,$0,$0,$360475,$2831,$48073,$3286,$6752,$74348,$434823,$229145,$76678,$92623,$169423,$398568,$25446,$0,$-595,$36255,$434823,$1951,$261,$7361,$7622,$-2334,$0,$0,$10779,$8445,$16617,$-237,$-109,$0,$-1,$4202,$4201,$-32,$3822,$-3833,$0,$-3833,$89,$89,$-1625,$-5,$-5374,$14520,$0,$-1625
19,2013-12-31,8.01,$5.86,1.37,$8.83,0.91,$6.37,1.26,$1.08,7.4,$393.38B,$253.98B,1.55,$85.50B,$39.24B,2.18,$58.61B,$37.00B,63.13%,$58.61B,$9.73B,16.59%,$58.61B,0,0.00%,$58.61B,0,0.00%,$58.61B,$9.73B,16.59%,$58.61B,$7.65B,13.06%,$7.65B,$39.24B,20.18%,$7.65B,$35.65B,21.72%,$7.65B,$478.82B,1.65%,$9.73B,$124.74B,8.01%,$15671,$6247,$9424,$0,$6709,$12956,$2716,$0,$2716,$485,$2230,$2230,$2212,$0,$0,$6609,6633,$0.34,$0.34,$189671,$0,$0,$393384,$3059,$56882,$3590,$7045,$85439,$478823,$253979,$85497,$99952,$185602,$439581,$27966,$0,$-705,$39242,$478823,$7701,$1087,$13448,$14535,$-26410,$0,$0,$22486,$-3924,$15162,$-1145,$169,$0,$7,$-4530,$-4523,$-1259,$-6758,$-2351,$0,$-2351,$-208,$-208,$-2520,$136,$-4943,$4668,$0,$-2520
20,2013-09-30,8.27,$5.40,1.53,$7.93,1.04,$7.91,1.04,$1.05,7.89,$363.49B,$229.94B,1.58,$78.37B,$35.61B,2.2,$52.57B,$31.95B,60.78%,$52.57B,$3.02B,5.74%,$52.57B,0,0.00%,$52.57B,0,0.00%,$52.57B,$8.91B,16.94%,$52.57B,$7.14B,13.58%,$7.14B,$35.61B,18.84%,$7.14B,$33.24B,20.11%,$7.14B,$433.71B,1.53%,$3.02B,$113.98B,2.48%,$14299,$5475,$8824,$0,$6177,$11652,$2647,$0,$2647,$755,$1892,$1892,$1877,$0,$0,$6598,6619,$0.28,$0.28,$183957,$0,$0,$363493,$2701,$45299,$2374,$6534,$70218,$433710,$229936,$78370,$89657,$168165,$398101,$26280,$0,$-282,$35609,$433710,$5070,$759,$8085,$8843,$-14663,$0,$0,$17550,$2887,$14586,$-730,$-539,$0,$1,$2641,$2642,$74,$1447,$-1851,$0,$-1851,$-225,$-225,$-2258,$128,$-4206,$12476,$0,$-2258
21,2013-06-30,7.48,$5.78,1.29,$8.07,0.93,$8.97,0.83,$1.02,7.36,$389.06B,$247.26B,1.57,$85.83B,$38.21B,2.25,$53.53B,$32.99B,61.63%,$53.53B,$2.69B,5.02%,$53.53B,0,0.00%,$53.53B,0,0.00%,$53.53B,$8.58B,16.02%,$53.53B,$6.90B,12.89%,$6.90B,$38.21B,18.03%,$6.90B,$35.81B,19.22%,$6.90B,$470.68B,1.47%,$2.69B,$124.04B,2.43%,$14638,$5629,$9008,$0,$7056,$12686,$1952,$0,$1952,$122,$1830,$1830,$1820,$0,$0,$6619,6645,$0.27,$0.27,$193618,$0,$0,$389063,$2862,$54974,$2396,$7045,$81614,$470677,$247258,$85832,$99216,$185210,$432467,$29142,$0,$-136,$38210,$470677,$3525,$561,$7015,$7577,$-9937,$0,$0,$15998,$6061,$15221,$-493,$-270,$0,$2,$-1267,$-1264,$49,$-1978,$-1601,$0,$-1601,$-55,$-55,$-1725,$143,$-3237,$10602,$0,$-1725
22,2013-03-31,9.35,$5.84,1.6,$7.44,1.26,$9.27,1.01,$1.05,8.9,$399.62B,$252.75B,1.58,$84.50B,$38.68B,2.18,$49.30B,$27.88B,56.55%,$49.30B,$-3.52B,-7.14%,$49.30B,0,0.00%,$49.30B,0,0.00%,$49.30B,$8.36B,16.95%,$49.30B,$6.77B,13.74%,$6.77B,$38.68B,17.44%,$6.77B,$36.26B,18.55%,$6.77B,$474.97B,1.48%,$-3.52B,$123.18B,-3.62%,$14004,$4257,$9746,$0,$7336,$11593,$2411,$0,$2411,$662,$1749,$1749,$1745,$0,$0,$6620,6640,$0.26,$0.26,$204413,$0,$0,$399619,$2837,$48634,$2425,$6904,$75346,$474965,$252750,$84497,$97650,$183534,$436284,$22554,$0,$485,$38681,$474965,$1749,$282,$4746,$5028,$-3811,$0,$0,$-1562,$-5373,$-135,$-200,$-138,$0,$2,$4364,$4366,$19,$4047,$-1770,$0,$-1770,$60,$60,$-1678,$151,$-3237,$541,$0,$-1678
23,2012-12-31,8.55,$0.00,0.0,$6.73,1.27,$12.48,0.68,$0.99,8.59,$409.64B,$265.29B,1.54,$87.05B,$39.12B,2.23,$46.55B,$21.81B,46.84%,$46.55B,$-11.02B,-23.66%,$46.55B,0,0.00%,$46.55B,0,0.00%,$46.55B,$8.97B,19.26%,$46.55B,$6.97B,14.97%,$6.97B,$39.12B,17.45%,$6.97B,$36.72B,18.50%,$6.97B,$492.74B,1.53%,$-11.02B,$126.18B,-12.90%,$9625,$5252,$4373,$0,$8367,$13619,$-3994,$0,$1895,$487,$1407,$1699,$1699,$0,$0,$6615,6615,$0.26,$0.26,$211051,$0,$0,$409642,$0,$55945,$2405,$21854,$80204,$492743,$265286,$87053,$101280,$188333,$453619,$23166,$0,$0,$39124,$492743,$6791,$1127,$0,$1127,$0,$0,$0,$0,$3162,$25037,$-869,$0,$0,$0,$0,$-17768,$-711,$-19348,$0,$0,$6423,$0,$45,$-2875,$-6123,$-2529,$3956,$0,$0
24,2012-09-30,7.85,$0.00,0.0,$7.00,1.12,$8.00,0.98,$1.06,7.39,$354.16B,$307.91B,1.15,$32.52B,$37.03B,0.88,$48.31B,$21.58B,44.67%,$48.31B,$-9.70B,-20.07%,$48.31B,0,0.00%,$48.31B,0,0.00%,$48.31B,$10.23B,21.19%,$48.31B,$7.40B,15.32%,$7.40B,$37.03B,17.85%,$7.40B,$34.80B,18.86%,$7.40B,$434.23B,1.62%,$-9.70B,$69.54B,-13.21%,$15263,$5398,$9866,$0,$7545,$12943,$2320,$0,$2320,$614,$1707,$1634,$1634,$0,$0,$6635,6635,$0.25,$0.25,$188707,$0,$0,$354163,$0,$35471,$2220,$39710,$77402,$434234,$307908,$32519,$56782,$89301,$397209,$22235,$0,$0,$37025,$434234,$5070,$804,$0,$804,$0,$0,$0,$0,$3543,$21446,$-516,$0,$0,$0,$0,$-6218,$-628,$-7362,$0,$-5342,$8934,$0,$98,$-2655,$-5400,$-4365,$10336,$0,$0
25,2012-06-30,7.08,$0.00,0.0,$8.03,0.88,$4.87,1.45,$1.13,6.26,$348.27B,$300.91B,1.16,$30.01B,$40.43B,0.74,$56.38B,$23.06B,40.90%,$56.38B,$-10.23B,-18.14%,$56.38B,0,0.00%,$56.38B,0,0.00%,$56.38B,$9.71B,17.21%,$56.38B,$7.98B,14.16%,$7.98B,$40.43B,18.38%,$7.98B,$38.24B,19.36%,$7.98B,$426.96B,1.70%,$-10.23B,$70.44B,-13.61%,$10404,$6512,$3891,$0,$8148,$14661,$-4257,$0,$1729,$24,$1706,$1693,$1693,$0,$0,$6614,6614,$0.25,$0.25,$177872,$0,$0,$348268,$0,$34393,$2195,$39359,$75947,$426955,$300909,$30006,$55607,$85613,$386522,$23063,$0,$0,$40433,$426955,$3489,$558,$0,$558,$0,$0,$0,$0,$4570,$16969,$-346,$0,$0,$0,$0,$-5340,$-431,$-6117,$0,$-5690,$6256,$0,$99,$-2011,$-52,$-1397,$9650,$0,$0
26,2012-03-31,9.75,$0.00,0.0,$12.27,0.79,$6.12,1.59,$1.19,8.17,$389.01B,$335.50B,1.16,$32.28B,$43.15B,0.75,$65.46B,$31.09B,47.50%,$65.46B,$-3.19B,-4.87%,$65.46B,0,0.00%,$65.46B,0,0.00%,$65.46B,$10.76B,16.43%,$65.46B,$8.37B,12.79%,$8.37B,$43.15B,18.83%,$8.37B,$40.91B,19.78%,$8.37B,$468.93B,1.74%,$-3.19B,$75.43B,-4.17%,$11260,$7583,$3677,$0,$8761,$16344,$-5084,$0,$3022,$1050,$1971,$1941,$1941,$0,$0,$8008,8008,$0.24,$0.24,$205326,$0,$0,$389013,$0,$34318,$2241,$40397,$76957,$468931,$335496,$32279,$58007,$90286,$425782,$25497,$0,$0,$43149,$468931,$1971,$291,$0,$291,$0,$0,$0,$0,$17900,$25447,$-127,$0,$0,$0,$0,$-3511,$-176,$-3814,$0,$0,$689,$0,$95,$-1895,$-1,$-1112,$20192,$0,$0
27,2011-12-31,9.32,$0.00,0.0,$13.54,0.69,$1.89,4.93,$1.27,7.33,$409.68B,$354.47B,1.16,$32.92B,$45.25B,0.73,$72.11B,$38.71B,53.68%,$72.11B,$5.13B,7.11%,$72.11B,0,0.00%,$72.11B,0,0.00%,$72.11B,$10.96B,15.20%,$72.11B,$8.52B,11.82%,$8.52B,$45.25B,19.34%,$8.52B,$42.96B,20.26%,$8.52B,$491.45B,1.79%,$5.13B,$78.18B,6.83%,$11380,$7236,$4144,$0,$6820,$14056,$-2676,$0,$3163,$982,$2181,$2132,$2132,$0,$0,$6608,6608,$0.33,$0.33,$216023,$0,$0,$409683,$0,$31933,$2298,$44322,$78552,$491454,$354467,$32923,$58810,$91733,$446200,$27032,$0,$0,$45254,$491454,$8776,$1302,$0,$1302,$0,$0,$0,$0,$-30409,$-4469,$-1029,$0,$0,$0,$0,$-1273,$1515,$-788,$0,$0,$3389,$0,$-571,$-3155,$-217,$-553,$-4508,$0,$0
28,2011-09-30,7.71,$0.00,0.0,$14.08,0.55,$-0.64,0.0,$1.29,5.97,$408.18B,$349.86B,1.17,$31.67B,$44.82B,0.71,$75.71B,$44.37B,58.60%,$75.71B,$9.35B,12.35%,$75.71B,0,0.00%,$75.71B,0,0.00%,$75.71B,$9.35B,12.35%,$75.71B,$8.71B,11.51%,$8.71B,$44.82B,19.13%,$8.71B,$42.80B,22.10%,$8.71B,$487.23B,1.89%,$9.35B,$76.50B,11.63%,$23335,$11990,$11345,$0,$9554,$21544,$1791,$0,$1791,$-424,$2215,$2215,$2215,$0,$0,$7008,7008,$0.31,$0.31,$215063,$0,$0,$408175,$0,$30478,$2027,$44518,$77024,$487226,$349857,$31674,$60873,$92547,$442404,$27765,$0,$0,$44823,$487226,$6616,$983,$0,$983,$0,$0,$0,$0,$-17497,$811,$-590,$0,$0,$0,$0,$3072,$-640,$1841,$0,$0,$2039,$0,$0,$-3110,$-856,$-1928,$1914,$0,$0
29,2011-06-30,11.57,$0.00,0.0,$13.00,0.89,$-2.23,0.0,$1.24,9.31,$401.65B,$339.31B,1.18,$31.28B,$44.59B,0.7,$67.30B,$42.36B,62.94%,$67.30B,$10.53B,15.64%,$67.30B,0,0.00%,$67.30B,0,0.00%,$67.30B,$10.53B,15.64%,$67.30B,$8.28B,12.30%,$8.28B,$44.59B,19.45%,$8.28B,$42.63B,22.70%,$8.28B,$477.22B,1.90%,$10.53B,$75.87B,11.89%,$19486,$7559,$11927,$0,$9148,$16707,$2779,$0,$2779,$580,$2199,$2085,$2085,$0,$0,$3352,3352,$0.31,$0.31,$216157,$0,$0,$401645,$0,$28847,$1960,$41724,$72532,$477224,$339311,$31282,$62039,$93321,$432632,$28238,$0,$0,$44592,$477224,$4476,$670,$0,$670,$0,$0,$0,$0,$-26859,$13001,$-388,$0,$0,$0,$0,$3606,$-382,$2836,$0,$0,$2392,$0,$-253,$-2114,$-140,$-115,$-10423,$0,$0
30,2011-03-31,11.8,$0.00,0.0,$9.14,1.29,$-7.21,0.0,$1.21,9.76,$375.36B,$322.82B,1.16,$27.99B,$41.57B,0.67,$60.80B,$38.92B,64.01%,$60.80B,$10.27B,16.89%,$60.80B,0,0.00%,$60.80B,0,0.00%,$60.80B,$10.27B,16.89%,$60.80B,$8.04B,13.23%,$8.04B,$41.57B,20.55%,$8.04B,$39.83B,24.33%,$8.04B,$448.74B,1.97%,$10.27B,$69.55B,10.86%,$17909,$6613,$11295,$0,$8064,$14678,$3231,$0,$3231,$1050,$2181,$2088,$2088,$0,$0,$6691,6691,$0.31,$0.31,$204622,$0,$0,$375363,$0,$29968,$1738,$38738,$70445,$448742,$322816,$27987,$56373,$84360,$407176,$27050,$0,$0,$41567,$448742,$2181,$314,$0,$314,$0,$0,$0,$0,$-13041,$-6957,$-224,$0,$0,$0,$0,$946,$-100,$621,$0,$0,$679,$0,$81,$-1734,$-94,$-1068,$-7414,$0,$0
31,2010-12-31,11.59,$0.00,0.0,$8.37,1.38,$-7.24,0.0,$1.17,9.87,$343.45B,$241.83B,1.42,$48.39B,$37.38B,1.29,$55.53B,$35.65B,64.21%,$55.53B,$9.61B,17.30%,$55.53B,0,0.00%,$55.53B,0,0.00%,$55.53B,$9.61B,17.30%,$55.53B,$7.81B,14.06%,$7.81B,$51.20B,21.62%,$7.81B,$32.47B,26.04%,$7.81B,$426.15B,2.03%,$9.61B,$99.59B,9.69%,$14975,$5176,$9799,$0,$4786,$13426,$1549,$0,$1549,$577,$972,$2325,$2325,$0,$0,$6622,6622,$0.35,$0.35,$184746,$0,$0,$343446,$0,$28962,$18729,$32071,$79762,$426148,$241833,$48386,$84728,$133114,$374947,$12013,$10883,$0,$51201,$426148,$6787,$2621,$0,$2621,$0,$0,$0,$0,$-38426,$-21064,$-1167,$0,$67,$0,$0,$-22492,$-41051,$-64644,$0,$43230,$13089,$0,$79,$2893,$10706,$69997,$-15710,$0,$0
32,2010-09-30,11.67,$0.00,0.0,$6.11,1.91,$0.37,31.85,$1.09,10.74,$287.06B,$203.73B,1.41,$76.40B,$32.84B,2.33,$40.56B,$25.86B,63.75%,$40.56B,$8.06B,19.86%,$40.56B,0,0.00%,$40.56B,0,0.00%,$40.56B,$8.06B,19.86%,$40.56B,$7.21B,17.78%,$7.21B,$32.84B,21.37%,$7.21B,$30.92B,26.17%,$7.21B,$393.77B,2.03%,$8.06B,$109.24B,8.74%,$14933,$5593,$9341,$0,$6374,$11966,$2967,$0,$2967,$1072,$1895,$1778,$1778,$0,$0,$6637,6637,$0.27,$0.27,$171378,$0,$0,$287062,$0,$20169,$1921,$81921,$104010,$393769,$203725,$76399,$78710,$157208,$360934,$25821,$0,$0,$32836,$393769,$5413,$958,$0,$958,$0,$0,$0,$0,$-24409,$-9642,$-741,$0,$0,$0,$0,$531,$-85,$-295,$0,$0,$5248,$0,$174,$-2382,$-336,$2704,$-7485,$0,$0
33,2010-06-30,8.62,$0.00,0.0,$5.64,1.53,$3.71,2.33,$1.01,8.53,$275.47B,$188.71B,1.46,$68.92B,$30.87B,2.23,$37.36B,$24.45B,65.44%,$37.36B,$7.71B,20.63%,$37.36B,0,0.00%,$37.36B,0,0.00%,$37.36B,$7.71B,20.63%,$37.36B,$6.72B,17.97%,$6.72B,$30.87B,20.93%,$6.72B,$28.98B,25.93%,$6.72B,$365.28B,1.99%,$7.71B,$99.79B,9.26%,$12982,$4497,$8485,$0,$5965,$10462,$2520,$0,$2520,$577,$1943,$1850,$1850,$0,$0,$6638,6638,$0.28,$0.28,$164945,$0,$0,$275465,$0,$14811,$1894,$70594,$87299,$365277,$188706,$68917,$74683,$145697,$334403,$25227,$0,$0,$30874,$365277,$9622,$603,$0,$603,$0,$0,$0,$0,$-17313,$-7691,$-385,$0,$0,$0,$0,$1788,$-98,$1306,$0,$0,$2752,$0,$65,$-1610,$-92,$1116,$-5313,$0,$0
34,2010-03-31,10.52,$0.00,0.0,$5.21,2.02,$4.92,2.14,$0.94,11.17,$266.29B,$187.70B,1.42,$58.49B,$29.54B,1.98,$34.50B,$26.08B,75.61%,$34.50B,$15.31B,44.38%,$34.50B,0,0.00%,$34.50B,0,0.00%,$34.50B,$15.31B,44.38%,$34.50B,$6.28B,18.19%,$6.28B,$29.54B,20.87%,$6.28B,$27.55B,26.07%,$6.28B,$353.89B,1.97%,$15.31B,$88.03B,22.03%,$12640,$4612,$8029,$0,$5460,$10071,$2569,$0,$2569,$592,$1978,$1854,$1854,$0,$0,$6632,6632,$0.28,$0.28,$154660,$0,$0,$266285,$0,$16875,$1984,$66276,$85134,$353888,$187698,$58492,$76114,$136652,$324350,$25092,$0,$0,$29539,$353888,$1803,$283,$0,$283,$0,$0,$0,$0,$-12627,$-7159,$-172,$0,$0,$0,$0,$2712,$-34,$2506,$0,$0,$1791,$0,$41,$0,$-1577,$254,$-4399,$0,$0
35,2009-12-31,10.76,$0.00,0.0,$4.69,2.3,$7.48,1.44,$0.79,13.58,$236.01B,$171.71B,1.38,$29.98B,$29.39B,1.02,$30.96B,$22.65B,73.16%,$30.96B,$12.44B,40.19%,$30.96B,0,0.00%,$30.96B,0,0.00%,$30.96B,$14.35B,46.35%,$30.96B,$5.30B,17.11%,$5.30B,$41.70B,19.21%,$5.30B,$22.75B,24.48%,$5.30B,$304.52B,1.78%,$12.44B,$71.68B,20.11%,$0,$0,$0,$0,$0,$0,$0,$0,$0,$0,$0,$1727,$1727,$0,$0,$6615,6615,$0.26,$0.26,$121256,$0,$0,$236014,$0,$24066,$18949,$23163,$66179,$304516,$171707,$29978,$61134,$91111,$262819,$10698,$5685,$0,$41698,$304516,$7427,$2497,$0,$2497,$0,$0,$0,$0,$12348,$28898,$-770,$0,$8774,$0,$0,$-3654,$-7168,$-2816,$0,$-112,$-2709,$0,$138,$-1922,$-2420,$-7026,$19021,$0,$0
36,2009-09-30,9.48,$0.00,0.0,$6.74,1.41,$4.74,2.0,$0.66,14.31,$245.69B,$176.92B,1.39,$47.26B,$26.24B,1.8,$43.27B,$24.01B,55.47%,$43.27B,$7.34B,16.96%,$43.27B,0,0.00%,$43.27B,0,0.00%,$43.27B,$9.25B,21.36%,$43.27B,$4.36B,10.08%,$4.36B,$26.24B,18.78%,$4.36B,$24.32B,20.30%,$4.36B,$328.92B,1.41%,$7.34B,$73.51B,11.80%,$11737,$3804,$7933,$0,$5314,$9118,$2619,$0,$2619,$1030,$1589,$1284,$1284,$0,$0,$6611,6611,$0.19,$0.19,$138389,$0,$0,$245689,$0,$17682,$1927,$61427,$81035,$328920,$176917,$47262,$76648,$125759,$302676,$24170,$0,$0,$26244,$328920,$3681,$1180,$0,$1180,$0,$0,$0,$0,$-1883,$12086,$-349,$0,$0,$0,$0,$1208,$-362,$497,$0,$0,$-282,$0,$-0,$0,$-2073,$-2355,$10228,$0,$0
37,2009-06-30,6.73,$0.00,0.0,$7.76,0.87,$2.96,2.27,$0.72,9.35,$188.29B,$154.10B,1.22,$22.00B,$22.83B,0.96,$44.14B,$21.10B,47.79%,$44.14B,$5.70B,12.92%,$44.14B,0,0.00%,$44.14B,0,0.00%,$44.14B,$7.61B,17.23%,$44.14B,$4.20B,9.51%,$4.20B,$22.83B,19.57%,$4.20B,$21.68B,20.78%,$4.20B,$288.06B,1.46%,$5.70B,$44.83B,9.89%,$10122,$0,$10122,$0,$0,$0,$10122,$0,$10122,$0,$10122,$1412,$1412,$0,$0,$6606,6606,$0.21,$0.21,$112641,$0,$0,$188292,$0,$15162,$1153,$81425,$97741,$288055,$154096,$22001,$87618,$111128,$265224,$0,$1642,$0,$22831,$288055,$0,$0,$0,$0,$0,$0,$0,$0,$0,$0,$0,$0,$0,$0,$0,$0,$0,$0,$0,$0,$0,$0,$0,$0,$0,$0,$0,$0,$0
38,2009-03-31,4.62,$0.00,0.0,$7.55,0.61,$2.96,1.56,$0.77,6.0,$202.03B,$150.66B,1.34,$37.99B,$19.53B,1.95,$40.32B,$16.73B,41.49%,$40.32B,$-2.36B,-5.85%,$40.32B,0,0.00%,$40.32B,0,0.00%,$40.32B,$-0.45B,-1.13%,$40.32B,$4.02B,9.97%,$4.02B,$19.53B,19.78%,$4.02B,$17.82B,20.76%,$4.02B,$268.68B,1.50%,$-2.36B,$57.52B,-3.88%,$9099,$4505,$4594,$0,$4892,$9397,$-298,$0,$1608,$470,$1138,$874,$874,$0,$0,$6600,6600,$0.13,$0.13,$111596,$0,$0,$202025,$0,$16058,$1716,$47057,$64831,$268683,$150658,$37990,$59177,$98492,$249149,$12589,$0,$0,$19534,$268683,$875,$224,$0,$224,$0,$0,$0,$0,$6650,$9683,$-117,$0,$0,$0,$0,$-2174,$-234,$-2525,$0,$0,$-16,$0,$11,$0,$-987,$-991,$6315,$0,$0
39,2008-12-31,4.86,$0.00,0.0,$8.05,0.6,$2.17,2.24,$0.89,5.47,$266.60B,$195.98B,1.36,$48.57B,$24.33B,2.0,$40.20B,$17.19B,42.75%,$40.20B,$-0.27B,-0.68%,$40.20B,0,0.00%,$40.20B,0,0.00%,$40.20B,$-0.27B,-0.68%,$40.20B,$4.32B,10.75%,$4.32B,$24.33B,21.98%,$4.32B,$22.19B,22.59%,$4.32B,$352.56B,1.75%,$-0.27B,$72.90B,-0.50%,$12315,$10959,$1356,$0,$6460,$17419,$-5104,$0,$-5104,$-6749,$1646,$794,$794,$0,$0,$5998,5998,$0.13,$0.13,$144292,$0,$0,$266604,$0,$20205,$2141,$61345,$83692,$352556,$195982,$48572,$82269,$132245,$328227,$16159,$0,$0,$24330,$352556,$4348,$811,$0,$811,$0,$0,$0,$0,$-3005,$9701,$-634,$0,$0,$0,$0,$-3768,$7873,$3472,$0,$0,$528,$0,$-842,$0,$-2213,$-2527,$11413,$0,$0
40,2008-09-30,7.2,$0.00,0.0,$7.84,0.92,$1.01,7.16,$1.00,7.23,$186.00B,$136.95B,1.36,$36.23B,$19.12B,1.9,$36.73B,$21.94B,59.73%,$36.73B,$5.51B,15.01%,$36.73B,0,0.00%,$36.73B,0,0.00%,$36.73B,$5.51B,15.01%,$36.73B,$4.67B,12.71%,$4.67B,$19.12B,25.73%,$4.67B,$19.12B,27.17%,$4.67B,$240.02B,2.41%,$5.51B,$55.35B,12.53%,$12601,$7578,$5023,$0,$4041,$11619,$981,$0,$981,$339,$642,$1118,$1118,$0,$0,$4509,4509,$0.25,$0.25,$109184,$0,$0,$185999,$0,$9653,$0,$43118,$52770,$240022,$136946,$36234,$46288,$83957,$220903,$10288,$0,$0,$19119,$240022,$0,$0,$0,$0,$0,$0,$0,$0,$0,$0,$0,$0,$0,$0,$0,$0,$0,$0,$0,$0,$0,$0,$0,$0,$0,$0,$0,$0,$0
41,2008-06-30,8.31,$0.00,0.0,$8.77,0.95,$0.74,11.23,$1.47,5.64,$158.87B,$113.79B,1.4,$38.89B,$18.35B,2.12,$30.68B,$21.89B,71.35%,$30.68B,$6.60B,21.50%,$30.68B,0,0.00%,$30.68B,0,0.00%,$30.68B,$6.60B,21.50%,$30.68B,$4.82B,15.71%,$4.82B,$18.35B,28.31%,$4.82B,$18.35B,30.00%,$4.82B,$207.97B,2.79%,$6.60B,$57.24B,16.72%,$6303,$548,$5755,$0,$3695,$4243,$2061,$0,$2061,$727,$1334,$1235,$1235,$0,$0,$4764,4764,$0.26,$0.26,$93266,$0,$0,$158866,$0,$7740,$0,$40229,$47969,$207973,$113794,$38889,$35660,$75828,$189622,$10282,$0,$0,$18350,$207973,$0,$0,$0,$0,$0,$0,$0,$0,$0,$0,$0,$0,$0,$0,$0,$0,$0,$0,$0,$0,$0,$0,$0,$0,$0,$0,$0,$0,$0
42,2008-03-31,7.44,$0.00,0.0,$7.46,1.0,$0.72,10.27,$1.21,6.14,$118.35B,$108.76B,1.09,$13.47B,$16.86B,0.8,$29.28B,$19.75B,67.45%,$29.28B,$5.27B,17.98%,$29.28B,0,0.00%,$29.28B,0,0.00%,$29.28B,$6.28B,21.44%,$29.28B,$4.65B,15.89%,$4.65B,$16.86B,29.47%,$4.65B,$16.86B,31.38%,$4.65B,$188.71B,3.04%,$5.27B,$30.33B,15.62%,$8983,$3932,$5051,$0,$3261,$7193,$1790,$0,$1790,$439,$1351,$1175,$1175,$0,$0,$4775,4775,$0.25,$0.25,$70261,$0,$0,$118353,$0,$7633,$0,$61664,$69297,$188712,$108760,$13467,$47782,$62527,$171854,$0,$9848,$0,$16858,$188712,$1177,$0,$0,$0,$0,$0,$0,$0,$1390,$3171,$-25,$0,$0,$0,$0,$-1173,$-36,$-1234,$0,$0,$349,$0,$-557,$0,$-1208,$-1416,$522,$0,$0
43,2007-12-31,8.3,$0.00,0.0,$5.59,1.48,$0.04,190.27,$0.96,8.62,$114.20B,$75.69B,1.51,$14.74B,$13.83B,1.07,$23.96B,$17.27B,72.06%,$23.96B,$3.66B,15.25%,$23.96B,0,0.00%,$23.96B,0,0.00%,$23.96B,$5.97B,24.91%,$23.96B,$4.38B,18.28%,$4.38B,$18.25B,30.13%,$4.38B,$14.40B,32.26%,$4.38B,$139.16B,3.21%,$3.66B,$33.00B,10.80%,$8839,$2732,$6107,$0,$4590,$8159,$680,$0,$680,$305,$375,$1140,$1140,$0,$0,$4805,4805,$0.24,$0.24,$59440,$0,$0,$114197,$3849,$10553,$3850,$9146,$27398,$139158,$75690,$14743,$29774,$45217,$120906,$3071,$9617,$0,$18252,$139158,$3866,$837,$0,$837,$0,$0,$0,$0,$-5178,$1863,$-197,$0,$2028,$0,$0,$-17069,$-1150,$-16387,$0,$14017,$4953,$0,$-71,$-1177,$7889,$25611,$11086,$0,$0
44,2007-09-30,8.1,$0.00,0.0,$3.75,2.16,$-0.30,0.0,$0.72,11.19,$122.80B,$95.58B,1.29,$22.61B,$14.64B,1.55,$21.54B,$14.65B,68.00%,$21.54B,$3.54B,16.43%,$21.54B,0,0.00%,$21.54B,0,0.00%,$21.54B,$5.85B,27.18%,$21.54B,$3.59B,16.68%,$3.59B,$14.64B,27.35%,$3.59B,$14.64B,29.02%,$3.59B,$156.02B,2.90%,$3.54B,$37.25B,11.48%,$6558,$1578,$4980,$0,$2915,$4493,$2065,$0,$2065,$666,$1399,$1269,$1269,$0,$0,$1760,1760,$0.72,$0.72,$71724,$0,$0,$122804,$3046,$6526,$0,$25719,$35291,$156017,$95581,$22608,$22156,$45800,$141380,$7451,$0,$0,$14637,$156017,$3370,$260,$0,$260,$0,$0,$0,$0,$-5967,$-499,$31,$0,$0,$0,$0,$-876,$-164,$-1009,$0,$3383,$0,$0,$-80,$0,$-1121,$2183,$675,$0,$0
45,2007-06-30,7.07,$0.00,0.0,$2.69,2.63,$-5.95,0.0,$0.02,345.03,$100.36B,$74.14B,1.35,$20.85B,$13.40B,1.56,$19.60B,$12.86B,65.60%,$19.60B,$2.56B,13.07%,$19.60B,0,0.00%,$19.60B,0,0.00%,$19.60B,$4.88B,24.87%,$19.60B,$2.36B,12.02%,$2.36B,$13.40B,19.67%,$2.36B,$13.40B,20.99%,$2.36B,$128.96B,2.16%,$2.56B,$34.25B,9.06%,$4898,$1287,$3611,$0,$2881,$4167,$730,$0,$1743,$644,$1100,$1068,$1068,$0,$0,$403030,403030,$0.00,$0.00,$56102,$0,$0,$100357,$5911033,$5987,$0,$21662,$5938682,$128960,$74143,$20848,$19540,$41415,$115557,$7197,$0,$0,$13403,$128960,$2028,$172,$0,$172,$0,$0,$0,$0,$-9660,$-6034,$64,$0,$0,$0,$0,$-1767,$-134,$-1838,$0,$4252,$0,$0,$225,$0,$3816,$8293,$421,$0,$0
46,2007-03-31,5.54,$0.00,0.0,$2.68,2.07,$-5.94,0.0,$0.02,270.1,$96.12B,$74.60B,1.29,$18.99B,$11.86B,1.6,$19.29B,$13.84B,71.72%,$19.29B,$2.91B,15.10%,$19.29B,0,0.00%,$19.29B,0,0.00%,$19.29B,$4.21B,21.84%,$19.29B,$1.98B,10.24%,$1.98B,$11.86B,18.56%,$1.98B,$11.86B,19.98%,$1.98B,$122.45B,2.05%,$2.91B,$30.85B,12.76%,$3668,$1098,$2570,$0,$2390,$3488,$180,$0,$1481,$506,$976,$903,$903,$0,$0,$402004,402004,$0.00,$0.00,$54082,$0,$0,$96121,$2935,$6298,$0,$19016,$28250,$122453,$74603,$18993,$16377,$35991,$110594,$6769,$0,$0,$11859,$122453,$911,$80,$0,$80,$0,$0,$0,$0,$-10891,$-8872,$-54,$0,$0,$0,$0,$-5,$25,$-34,$0,$-271,$2722,$0,$31,$0,$6960,$9442,$535,$0,$0
47,2006-12-31,5.64,$0.00,0.0,$5.02,1.12,$-5.74,0.0,$0.43,13.1,$70.43B,$45.87B,1.54,$8.30B,$8.69B,0.96,$19.44B,$14.40B,74.08%,$19.44B,$3.81B,19.58%,$19.44B,0,0.00%,$19.44B,0,0.00%,$19.44B,$3.81B,19.58%,$19.44B,$1.74B,8.94%,$1.74B,$12.63B,18.16%,$1.74B,$9.61B,19.72%,$1.74B,$88.80B,2.06%,$3.81B,$20.93B,19.02%,$6412,$2928,$3484,$0,$2362,$5848,$564,$0,$564,$280,$284,$352,$352,$0,$0,$0,0,$0.00,$0.00,$35812,$0,$0,$70428,$3305,$6733,$3024,$7290,$20351,$88796,$45872,$8302,$21332,$30293,$76165,$2108,$6162,$0,$12631,$88796,$2716,$558,$0,$558,$0,$0,$0,$0,$-3981,$1651,$-254,$0,$1440,$0,$0,$-8981,$147,$-7648,$0,$5693,$147,$0,$42,$0,$2163,$8045,$2048,$0,$0
