,Date,Stock Price,Book Value per Share,Price to Book Ratio,TTM Sales per Share,Price to Sales Ratio,TTM FCF per Share,Price to FCF Ratio,TTM Net EPS,PE Ratio,Current Assets,Current Liabilities,Current Ratio,Long Term Debt,Shareholder's Equity_x,Debt to Equity Ratio,TTM Revenue_x,TTM Gross Profit,Gross Margin,TTM Revenue_y,TTM Operating Income,Operating Margin,TTM Revenue_x,TTM EBIT,EBIT Margin,TTM Revenue_y,TTM EBITDA,EBITDA Margin,TTM Revenue_x,TTM Pre-Tax Income,Pre-Tax Margin,TTM Revenue_y,TTM Net Income_x,Net Margin,TTM Net Income_y,Shareholder's Equity_y,Return on Equity,TTM Net Income_x,Tangible Equity,Return on Tangible Equity,TTM Net Income_y,Total Assets,Return on Assets,TTM Net Income,LT Investments & Debt,Return on Investment,revenue,cost-goods-sold,gross-profit,research-development-expenses,selling-general-administrative-expenses,operating-expenses,operating-income,total-non-operating-income-expense,pre-tax-income,total-provision-income-taxes,income-after-taxes,income-from-continuous-operations,net-income,ebitda,ebit,basic-shares-outstanding,shares-outstanding,eps-basic-net-earnings-per-share,eps-earnings-per-share-diluted,cash-on-hand,inventory,other-current-assets,total-current-assets,net-property-plant-equipment,long-term-investments,goodwill-intangible-assets-total,other-long-term-assets,total-long-term-assets,total-assets,total-current-liabilities,long-term-debt,other-non-current-liabilities,total-long-term-liabilities,total-liabilities,common-stock-net,retained-earnings-accumulated-deficit,comprehensive-income,total-share-holder-equity,total-liabilities-share-holders-equity,net-income-loss,total-depreciation-amortization-cash-flow,other-non-cash-items,total-non-cash-items,change-in-accounts-receivable,change-in-inventories,change-in-accounts-payable,change-in-assets-liabilities,total-change-in-assets-liabilities,cash-flow-from-operating-activities,net-change-in-property-plant-equipment,net-change-in-intangible-assets,net-acquisitions-divestitures,net-change-in-short-term-investments,net-change-in-long-term-investments,net-change-in-investments-total,investing-activities-other,cash-flow-from-investing-activities,net-long-term-debt,net-current-debt,debt-issuance-retirement-net-total,net-common-equity-issued-repurchased,net-total-equity-issued-repurchased,total-common-preferred-stock-dividends-paid,financial-activities-other,cash-flow-from-financial-activities,net-cash-flow,stock-based-compensation,common-stock-dividends-paid
0,2018-09-30,14.55,$11.14,1.31,$29.03,0.5,$-5.20,0.0,$-1.83,0.0,$0.41B,$0.20B,2.05,$0.25B,$0.37B,0.68,$0.98B,$0.27B,27.40%,$0.98B,$-0.03B,-2.56%,$0.98B,$-0.03B,-2.56%,$0.98B,$0.00B,0.41%,$0.98B,$-0.05B,-5.11%,$0.98B,$-0.06B,-6.24%,$-0.06B,$0.37B,-15.24%,$-0.06B,$-0.05B,214.04%,$-0.06B,$0.96B,-5.91%,$-0.03B,$0.62B,-3.87%,$245,$179,$66,$0,$70,$250,$-5,$-3,$-8,$4,$-12,$-12,$-12,$3,$-5,$33,34,$-0.36,$-0.36,$118,$142,$32,$409,$76,$0,$420,$58,$554,$963,$200,$250,$143,$393,$593,$9,$144,$23,$370,$963,$-43,$22,$1,$24,$6,$-23,$8,$-2,$-31,$-50,$-8,$0,$0,$0,$0,$0,$3,$-5,$0,$-1,$-1,$0,$0,$-1,$0,$-2,$-58,$0,$-1
1,2018-06-30,18.59,$11.59,1.6,$29.31,0.63,$-5.32,0.0,$-2.04,0.0,$0.42B,$0.20B,2.1,$0.25B,$0.39B,0.64,$0.98B,$0.27B,27.74%,$0.98B,$-0.03B,-2.64%,$0.98B,$-0.03B,-2.64%,$0.98B,$0.00B,0.20%,$0.98B,$-0.06B,-5.79%,$0.98B,$-0.07B,-6.91%,$-0.07B,$0.39B,-16.32%,$-0.07B,$-0.04B,453.33%,$-0.07B,$1.03B,-6.45%,$-0.03B,$0.63B,-3.94%,$246,$179,$67,$0,$74,$253,$-7,$-7,$-14,$3,$-17,$-17,$-17,$0,$-7,$33,34,$-0.50,$-0.50,$122,$137,$33,$417,$77,$0,$423,$113,$613,$1030,$199,$247,$199,$446,$645,$9,$157,$27,$385,$1030,$-31,$15,$3,$18,$-2,$-17,$3,$-1,$-34,$-47,$-4,$0,$0,$0,$0,$0,$-0,$-4,$0,$-1,$-1,$0,$0,$-1,$0,$-1,$-54,$0,$-1
2,2018-03-31,17.38,$12.76,1.36,$29.10,0.6,$-5.49,0.0,$-2.26,0.0,$0.45B,$0.21B,2.1,$0.24B,$0.42B,0.58,$0.97B,$0.27B,27.88%,$0.97B,$-0.04B,-3.60%,$0.97B,$-0.04B,-3.60%,$0.97B,$-0.01B,-0.82%,$0.97B,$-0.06B,-6.58%,$0.97B,$-0.08B,-7.72%,$-0.08B,$0.42B,-17.56%,$-0.08B,$-0.02B,4285.71%,$-0.08B,$1.07B,-7.13%,$-0.04B,$0.67B,-5.25%,$237,$171,$67,$0,$71,$242,$-5,$-7,$-12,$2,$-14,$-14,$-14,$2,$-5,$33,34,$-0.43,$-0.43,$151,$132,$34,$445,$79,$0,$441,$102,$622,$1067,$212,$244,$188,$432,$645,$9,$173,$49,$423,$1067,$-14,$8,$2,$9,$-1,$-9,$3,$-1,$-20,$-25,$-2,$0,$0,$0,$0,$0,$-0,$-2,$0,$-0,$-0,$0,$0,$-0,$0,$-0,$-26,$0,$-0
3,2017-12-31,16.81,$12.89,1.3,$29.18,0.58,$-5.72,0.0,$-2.35,0.0,$0.46B,$0.22B,2.1,$0.24B,$0.42B,0.57,$0.97B,$0.27B,27.82%,$0.97B,$-0.04B,-4.24%,$0.97B,$-0.04B,-4.24%,$0.97B,$-0.02B,-1.55%,$0.97B,$-0.07B,-6.83%,$0.97B,$-0.08B,-8.07%,$-0.08B,$0.42B,-18.44%,$-0.08B,$-0.01B,-1075.86%,$-0.08B,$1.07B,-7.78%,$-0.04B,$0.67B,-6.42%,$250,$182,$68,$0,$73,$258,$-8,$-8,$-16,$2,$-18,$-18,$-18,$-1,$-8,$33,33,$-0.53,$-0.53,$177,$122,$32,$457,$80,$0,$432,$98,$609,$1066,$218,$241,$183,$425,$643,$9,$188,$37,$423,$1066,$-77,$26,$9,$35,$2,$22,$-2,$-1,$16,$-26,$-14,$0,$0,$0,$0,$0,$-0,$-15,$0,$79,$79,$16,$16,$-2,$-5,$88,$52,$0,$-2
4,2017-09-30,15.7,$13.27,1.18,$29.21,0.54,$-6.56,0.0,$-2.35,0.0,$0.46B,$0.20B,2.28,$0.24B,$0.44B,0.55,$0.96B,$0.27B,28.01%,$0.96B,$-0.04B,-4.15%,$0.96B,$-0.04B,-4.15%,$0.96B,$-0.02B,-1.56%,$0.96B,$-0.06B,-6.54%,$0.96B,$-0.08B,-8.09%,$-0.08B,$0.44B,-18.45%,$-0.08B,$0.00B,-445.71%,$-0.08B,$1.06B,-8.11%,$-0.04B,$0.68B,-6.51%,$251,$180,$71,$0,$76,$257,$-6,$-9,$-15,$3,$-19,$-19,$-19,$1,$-6,$33,33,$-0.57,$-0.57,$156,$144,$31,$459,$77,$0,$432,$87,$596,$1055,$201,$239,$179,$418,$619,$9,$206,$33,$436,$1055,$-59,$19,$10,$29,$-3,$1,$-12,$-1,$-23,$-53,$-7,$0,$0,$0,$0,$0,$-0,$-8,$0,$79,$79,$15,$15,$-1,$-5,$88,$32,$0,$-1
5,2017-06-30,13.16,$12.95,1.02,$29.91,0.44,$-6.47,0.0,$-1.93,0.0,$0.47B,$0.21B,2.27,$0.24B,$0.43B,0.55,$0.98B,$0.27B,27.73%,$0.98B,$-0.03B,-3.16%,$0.98B,$-0.03B,-3.16%,$0.98B,$-0.01B,-0.82%,$0.98B,$-0.05B,-4.99%,$0.98B,$-0.06B,-6.52%,$-0.06B,$0.43B,-14.88%,$-0.06B,$0.02B,-209.84%,$-0.06B,$1.02B,-6.84%,$-0.03B,$0.66B,-5.15%,$234,$168,$65,$0,$76,$249,$-16,$-6,$-21,$2,$-24,$-24,$-24,$-10,$-16,$33,33,$-0.72,$-0.72,$160,$153,$31,$471,$77,$0,$410,$60,$547,$1018,$208,$236,$149,$385,$593,$9,$225,$6,$426,$1018,$-40,$12,$5,$17,$-5,$-13,$-2,$-0,$-27,$-50,$-5,$0,$0,$0,$0,$0,$-0,$-6,$0,$80,$80,$14,$14,$-1,$-4,$90,$36,$0,$-1
6,2017-03-31,11.85,$12.43,0.95,$31.33,0.38,$-6.56,0.0,$-1.57,0.0,$0.38B,$0.21B,1.82,$0.15B,$0.41B,0.36,$1.02B,$0.28B,27.50%,$1.02B,$-0.02B,-2.05%,$1.02B,$-0.02B,-2.05%,$1.02B,$0.00B,0.20%,$1.02B,$-0.04B,-3.72%,$1.02B,$-0.05B,-5.09%,$-0.05B,$0.41B,-11.77%,$-0.05B,$0.02B,-123.08%,$-0.05B,$0.87B,-5.63%,$-0.02B,$0.55B,-3.54%,$232,$167,$65,$0,$73,$242,$-11,$-4,$-14,$3,$-17,$-17,$-17,$-5,$-11,$32,33,$-0.52,$-0.52,$77,$145,$35,$381,$75,$0,$389,$23,$488,$869,$209,$147,$105,$252,$462,$9,$249,$-18,$407,$869,$-17,$6,$-0,$6,$-6,$-9,$4,$-4,$-19,$-30,$-3,$0,$0,$0,$0,$0,$0,$-3,$0,$-14,$-14,$0,$0,$-0,$0,$-14,$-47,$0,$-0
7,2016-12-31,12.99,$13.02,1.0,$32.15,0.4,$-6.77,0.0,$-1.32,0.0,$0.41B,$0.22B,1.85,$0.15B,$0.42B,0.35,$1.05B,$0.28B,27.10%,$1.05B,$-0.02B,-1.43%,$1.05B,$-0.02B,-1.43%,$1.05B,$0.01B,0.67%,$1.05B,$-0.03B,-2.96%,$1.05B,$-0.04B,-4.20%,$-0.04B,$0.42B,-9.59%,$-0.04B,$0.03B,-78.57%,$-0.04B,$0.90B,-4.62%,$-0.02B,$0.57B,-2.45%,$247,$178,$69,$0,$75,$254,$-7,$-6,$-13,$5,$-18,$-18,$-18,$-1,$-7,$32,33,$-0.54,$-0.54,$124,$136,$32,$409,$75,$0,$390,$30,$495,$904,$221,$146,$114,$260,$481,$9,$266,$-19,$422,$904,$-43,$22,$1,$23,$10,$-10,$-14,$-5,$-37,$-57,$-10,$0,$14,$0,$0,$0,$-0,$4,$0,$119,$119,$7,$7,$-2,$-6,$119,$64,$0,$-2
8,2016-09-30,11.09,$14.34,0.77,$33.25,0.33,$-4.41,0.0,$-0.87,0.0,$0.44B,$0.23B,1.98,$0.16B,$0.47B,0.34,$1.08B,$0.30B,27.31%,$1.08B,$-0.01B,-0.55%,$1.08B,$-0.01B,-0.55%,$1.08B,$0.02B,1.38%,$1.08B,$-0.02B,-1.57%,$1.08B,$-0.03B,-2.68%,$-0.03B,$0.47B,-6.18%,$-0.03B,$0.06B,-44.44%,$-0.03B,$0.95B,-3.10%,$-0.01B,$0.62B,-1.00%,$268,$195,$73,$0,$78,$266,$3,$-3,$-1,$4,$-5,$-5,$-5,$8,$3,$32,33,$-0.15,$-0.15,$138,$147,$32,$444,$77,$0,$409,$21,$507,$951,$225,$158,$103,$261,$486,$9,$284,$7,$465,$951,$-25,$16,$-3,$13,$5,$-17,$-8,$-5,$-37,$-49,$-7,$0,$14,$0,$0,$0,$-0,$7,$0,$119,$119,$7,$7,$-1,$-6,$119,$78,$0,$-1
9,2016-06-30,12.05,$14.55,0.83,$33.70,0.36,$-3.25,0.0,$-0.96,0.0,$0.46B,$0.23B,1.96,$0.16B,$0.47B,0.33,$1.10B,$0.30B,27.36%,$1.10B,$-0.01B,-0.82%,$1.10B,$-0.01B,-0.82%,$1.10B,$0.01B,1.09%,$1.10B,$-0.02B,-1.55%,$1.10B,$-0.03B,-2.91%,$-0.03B,$0.47B,-6.73%,$-0.03B,$0.06B,-45.55%,$-0.03B,$0.97B,-3.50%,$-0.01B,$0.63B,-1.56%,$275,$201,$74,$0,$79,$281,$-6,$-4,$-10,$2,$-12,$-12,$-12,$-0,$-6,$32,33,$-0.36,$-0.36,$125,$148,$35,$457,$77,$0,$411,$27,$515,$973,$233,$156,$110,$267,$500,$9,$290,$10,$473,$973,$-20,$10,$3,$14,$-11,$-12,$-3,$-6,$-47,$-54,$-4,$0,$0,$0,$0,$0,$-0,$-4,$0,$120,$120,$7,$7,$-1,$-6,$121,$65,$0,$-1
10,2016-03-31,13.05,$14.62,0.89,$33.95,0.38,$-1.98,0.0,$-0.86,0.0,$0.47B,$0.24B,1.99,$0.16B,$0.48B,0.33,$1.11B,$0.30B,27.36%,$1.11B,$-0.01B,-0.81%,$1.11B,$-0.01B,-0.81%,$1.11B,$0.01B,0.99%,$1.11B,$-0.01B,-1.17%,$1.11B,$-0.03B,-2.52%,$-0.03B,$0.48B,-5.83%,$-0.03B,$0.07B,-36.96%,$-0.03B,$0.98B,-3.13%,$-0.01B,$0.63B,-1.63%,$258,$190,$68,$0,$73,$263,$-5,$-2,$-7,$2,$-9,$-9,$-9,$-0,$-5,$32,33,$-0.27,$-0.27,$145,$144,$37,$468,$78,$0,$402,$34,$514,$982,$235,$155,$117,$272,$507,$9,$302,$2,$475,$982,$-9,$5,$2,$6,$-7,$-9,$-3,$-5,$-36,$-39,$-1,$0,$0,$0,$0,$0,$-0,$-2,$0,$121,$121,$7,$7,$-0,$-5,$124,$85,$0,$-0
11,2015-12-31,17.23,$14.21,1.21,$34.97,0.49,$-1.54,0.0,$-0.82,0.0,$0.36B,$0.25B,1.46,$0.05B,$0.46B,0.1,$1.14B,$0.31B,27.41%,$1.14B,$-0.01B,-0.70%,$1.14B,$-0.01B,-0.70%,$1.14B,$0.01B,1.05%,$1.14B,$-0.01B,-0.96%,$1.14B,$-0.03B,-2.28%,$-0.03B,$0.46B,-5.32%,$-0.03B,$0.07B,-32.91%,$-0.03B,$0.84B,-2.99%,$-0.01B,$0.51B,-1.51%,$283,$202,$81,$0,$78,$281,$2,$-2,$1,$4,$-3,$-3,$-3,$7,$2,$32,33,$-0.08,$-0.08,$60,$126,$46,$362,$79,$0,$393,$5,$476,$838,$248,$45,$83,$128,$375,$9,$311,$-9,$463,$838,$-26,$20,$14,$34,$9,$12,$-7,$-4,$-13,$-5,$16,$0,$14,$0,$0,$0,$15,$44,$0,$-13,$-13,$2,$2,$-2,$-2,$-14,$21,$0,$-2
12,2015-09-30,14.33,$15.08,0.95,$36.19,0.4,$-1.88,0.0,$-1.02,0.0,$0.36B,$0.25B,1.44,$0.05B,$0.49B,0.09,$1.18B,$0.32B,27.19%,$1.18B,$-0.02B,-1.36%,$1.18B,$-0.02B,-1.36%,$1.18B,$0.01B,0.42%,$1.18B,$-0.02B,-1.70%,$1.18B,$-0.03B,-2.72%,$-0.03B,$0.49B,-6.23%,$-0.03B,$0.08B,-36.36%,$-0.03B,$0.87B,-3.55%,$-0.02B,$0.54B,-2.92%,$284,$206,$78,$0,$77,$284,$0,$-1,$-1,$7,$-8,$-8,$-8,$5,$0,$32,33,$-0.24,$-0.24,$33,$147,$31,$357,$86,$0,$415,$6,$508,$865,$248,$46,$80,$126,$374,$9,$314,$16,$491,$865,$-23,$15,$9,$24,$2,$0,$-14,$-6,$-36,$-36,$17,$0,$14,$0,$0,$0,$13,$44,$0,$-11,$-11,$2,$2,$-1,$-2,$-12,$-5,$0,$-1
13,2015-06-30,21.4,$15.18,1.41,$37.47,0.57,$-1.61,0.0,$-1.25,0.0,$0.39B,$0.26B,1.47,$0.05B,$0.49B,0.09,$1.21B,$0.33B,26.94%,$1.21B,$-0.04B,-3.46%,$1.21B,$-0.04B,-3.46%,$1.21B,$-0.02B,-1.40%,$1.21B,$-0.05B,-3.71%,$1.21B,$-0.04B,-3.21%,$-0.04B,$0.49B,-7.18%,$-0.04B,$0.08B,-40.00%,$-0.04B,$0.89B,-4.14%,$-0.04B,$0.54B,-7.36%,$286,$209,$77,$0,$82,$292,$-6,$-1,$-6,$2,$-8,$-8,$-8,$-1,$-6,$32,33,$-0.26,$-0.26,$23,$154,$50,$387,$88,$0,$409,$7,$504,$891,$264,$46,$89,$134,$398,$9,$322,$13,$493,$891,$-15,$11,$4,$15,$-11,$-6,$2,$2,$-35,$-35,$19,$0,$0,$0,$0,$0,$13,$32,$0,$-9,$-9,$1,$1,$-1,$-1,$-10,$-16,$0,$-1
14,2015-03-31,19.19,$15.67,1.23,$38.91,0.49,$-1.75,0.0,$-1.42,0.0,$0.38B,$0.27B,1.38,$0.02B,$0.51B,0.04,$1.26B,$0.34B,27.25%,$1.26B,$-0.05B,-3.75%,$1.26B,$-0.05B,-3.75%,$1.26B,$-0.02B,-1.43%,$1.26B,$-0.05B,-4.06%,$1.26B,$-0.05B,-3.59%,$-0.05B,$0.51B,-7.75%,$-0.05B,$0.09B,-42.15%,$-0.05B,$0.89B,-4.55%,$-0.05B,$0.53B,-7.70%,$289,$212,$77,$0,$81,$293,$-4,$-1,$-5,$2,$-8,$-8,$-7,$1,$-4,$32,32,$-0.23,$-0.23,$21,$151,$40,$378,$80,$0,$421,$6,$508,$886,$273,$22,$83,$105,$379,$9,$331,$20,$507,$886,$-7,$6,$1,$7,$-10,$-2,$3,$0,$-22,$-23,$-3,$0,$0,$0,$0,$0,$13,$11,$0,$-3,$-3,$0,$0,$-0,$-1,$-4,$-18,$0,$-0
15,2014-12-31,16.56,$17.60,0.94,$39.41,0.42,$-1.29,0.0,$-1.75,0.0,$0.41B,$0.29B,1.4,$0.02B,$0.57B,0.03,$1.27B,$0.35B,27.38%,$1.27B,$-0.06B,-4.64%,$1.27B,$-0.06B,-4.64%,$1.27B,$-0.03B,-2.05%,$1.27B,$-0.06B,-4.96%,$1.27B,$-0.06B,-4.41%,$-0.06B,$0.57B,-9.05%,$-0.06B,$0.11B,-47.46%,$-0.06B,$0.96B,-5.38%,$-0.06B,$0.59B,-9.01%,$318,$230,$88,$0,$87,$324,$-6,$-3,$-8,$-2,$-7,$-7,$-9,$-0,$-6,$32,32,$-0.29,$-0.29,$39,$156,$54,$406,$80,$0,$459,$19,$558,$964,$290,$19,$89,$108,$398,$9,$338,$72,$565,$964,$-56,$32,$6,$38,$17,$-10,$8,$-23,$27,$9,$-10,$0,$22,$0,$0,$0,$22,$34,$0,$-31,$-31,$0,$0,$-2,$0,$-32,$9,$0,$-2
16,2014-09-30,11.66,$18.92,0.62,$39.57,0.29,$-1.36,0.0,$-1.64,0.0,$0.41B,$0.29B,1.4,$0.02B,$0.61B,0.04,$1.28B,$0.35B,27.14%,$1.28B,$-0.06B,-4.94%,$1.28B,$-0.06B,-4.94%,$1.28B,$-0.03B,-2.12%,$1.28B,$-0.07B,-5.10%,$1.28B,$-0.05B,-4.16%,$-0.05B,$0.61B,-8.21%,$-0.05B,$0.11B,-41.41%,$-0.05B,$1.02B,-4.93%,$-0.06B,$0.63B,-9.21%,$321,$236,$85,$0,$98,$346,$-26,$-1,$-26,$2,$-29,$-29,$-15,$-17,$-26,$32,32,$-0.47,$-0.47,$29,$163,$37,$405,$93,$0,$494,$32,$619,$1024,$290,$24,$103,$127,$417,$9,$348,$105,$608,$1024,$-47,$27,$-1,$26,$10,$-12,$7,$-11,$21,$0,$-9,$0,$22,$0,$0,$0,$12,$25,$0,$-25,$-25,$0,$0,$-1,$0,$-26,$-1,$0,$-1
17,2014-06-30,18.11,$20.02,0.9,$40.11,0.45,$-1.43,0.0,$-0.67,0.0,$0.42B,$0.27B,1.56,$0.05B,$0.64B,0.08,$1.29B,$0.36B,27.50%,$1.29B,$-0.04B,-3.25%,$1.29B,$-0.04B,-3.25%,$1.29B,$-0.01B,-0.46%,$1.29B,$-0.05B,-3.49%,$1.29B,$-0.02B,-1.70%,$-0.02B,$0.64B,-3.33%,$-0.02B,$0.12B,-16.09%,$-0.02B,$1.08B,-2.02%,$-0.04B,$0.70B,-5.94%,$327,$235,$92,$0,$100,$338,$-11,$-1,$-12,$3,$-14,$-14,$-14,$-2,$-11,$32,32,$-0.43,$-0.43,$23,$165,$39,$418,$100,$0,$522,$39,$661,$1080,$268,$54,$115,$169,$436,$9,$364,$128,$643,$1080,$-32,$19,$5,$24,$1,$-9,$6,$-1,$-6,$-14,$-7,$0,$0,$0,$0,$0,$5,$-2,$0,$8,$8,$0,$0,$-1,$0,$8,$-7,$0,$-1
18,2014-03-31,18.79,$20.52,0.92,$40.73,0.46,$-1.96,0.0,$-0.53,0.0,$0.42B,$0.27B,1.55,$0.05B,$0.66B,0.07,$1.31B,$0.36B,27.27%,$1.31B,$-0.04B,-3.36%,$1.31B,$-0.04B,-3.36%,$1.31B,$-0.01B,-0.53%,$1.31B,$-0.05B,-3.59%,$1.31B,$-0.02B,-1.53%,$-0.02B,$0.66B,-3.04%,$-0.02B,$0.13B,-14.90%,$-0.02B,$1.10B,-1.82%,$-0.04B,$0.71B,-6.11%,$305,$222,$83,$0,$97,$321,$-16,$-1,$-17,$2,$-19,$-19,$-18,$-7,$-16,$32,32,$-0.56,$-0.56,$21,$165,$39,$417,$104,$0,$529,$46,$679,$1096,$270,$47,$119,$166,$436,$9,$378,$132,$660,$1096,$-18,$10,$3,$12,$3,$-8,$7,$1,$-1,$-7,$-4,$0,$0,$0,$0,$0,$-0,$-4,$0,$2,$2,$0,$0,$-0,$0,$2,$-9,$0,$-0
19,2013-12-31,22.87,$20.96,1.09,$41.68,0.55,$-2.86,0.0,$1.13,20.24,$0.42B,$0.28B,1.52,$0.03B,$0.67B,0.05,$1.34B,$0.37B,27.57%,$1.34B,$-0.04B,-3.00%,$1.34B,$-0.04B,-3.00%,$1.34B,$-0.00B,-0.22%,$1.34B,$-0.04B,-3.22%,$1.34B,$0.03B,2.47%,$0.03B,$0.67B,5.02%,$0.03B,$0.15B,24.81%,$0.03B,$1.10B,2.96%,$-0.04B,$0.70B,-5.44%,$322,$236,$86,$0,$92,$332,$-10,$-0,$-10,$7,$-18,$-18,$-6,$-1,$-10,$32,32,$-0.17,$-0.18,$30,$156,$41,$420,$106,$0,$525,$46,$677,$1096,$276,$31,$118,$149,$426,$9,$396,$125,$671,$1096,$33,$37,$-68,$-31,$10,$24,$-19,$-8,$8,$10,$-13,$0,$188,$0,$0,$0,$1,$175,$0,$-193,$-193,$1,$1,$-2,$0,$-194,$-9,$0,$-2
20,2013-09-30,16.98,$20.79,0.82,$41.88,0.41,$-1.43,0.0,$1.08,15.72,$0.43B,$0.26B,1.66,$0.06B,$0.67B,0.08,$1.34B,$0.37B,27.86%,$1.34B,$-0.05B,-3.36%,$1.34B,$-0.05B,-3.36%,$1.34B,$-0.01B,-0.52%,$1.34B,$-0.05B,-3.66%,$1.34B,$0.03B,2.39%,$0.03B,$0.67B,4.96%,$0.03B,$0.15B,27.06%,$0.03B,$1.09B,2.77%,$-0.05B,$0.72B,-5.82%,$337,$242,$94,$0,$98,$342,$-5,$-1,$-6,$0,$-6,$-6,$16,$4,$-5,$32,32,$0.50,$0.50,$33,$167,$34,$427,$108,$0,$516,$40,$665,$1091,$257,$55,$115,$170,$426,$9,$402,$115,$665,$1091,$39,$29,$-71,$-42,$3,$11,$-17,$6,$2,$-1,$-10,$0,$188,$0,$0,$0,$1,$178,$0,$-182,$-182,$0,$0,$-1,$0,$-183,$-6,$0,$-1
21,2013-06-30,14.09,$19.92,0.71,$42.72,0.33,$-0.69,0.0,$0.67,21.04,$0.44B,$0.26B,1.7,$0.11B,$0.64B,0.18,$1.36B,$0.39B,28.45%,$1.36B,$-0.04B,-2.57%,$1.36B,$-0.04B,-2.57%,$1.36B,$0.00B,0.29%,$1.36B,$-0.04B,-2.93%,$1.36B,$0.02B,1.39%,$0.02B,$0.64B,3.00%,$0.02B,$0.11B,19.34%,$0.02B,$1.12B,1.58%,$-0.04B,$0.75B,-4.32%,$345,$251,$94,$0,$104,$358,$-13,$-1,$-14,$11,$-24,$-24,$-12,$-3,$-13,$32,32,$-0.39,$-0.39,$21,$175,$37,$441,$112,$0,$526,$42,$681,$1122,$259,$113,$113,$226,$485,$9,$386,$105,$637,$1122,$23,$19,$-55,$-36,$-8,$3,$-19,$4,$-17,$-30,$-8,$0,$145,$0,$0,$0,$-0,$137,$0,$-123,$-123,$0,$0,$-1,$0,$-123,$-17,$0,$-1
22,2013-03-31,12.79,$20.53,0.62,$43.67,0.29,$0.42,30.4,$0.90,14.21,$0.46B,$0.26B,1.73,$0.11B,$0.66B,0.17,$1.39B,$0.41B,29.45%,$1.39B,$-0.01B,-0.93%,$1.39B,$-0.01B,-0.93%,$1.39B,$0.03B,1.87%,$1.39B,$-0.02B,-1.36%,$1.39B,$0.03B,2.08%,$0.03B,$0.66B,4.66%,$0.03B,$0.13B,34.32%,$0.03B,$1.15B,2.36%,$-0.01B,$0.77B,-1.56%,$331,$238,$94,$0,$103,$344,$-12,$-1,$-13,$-7,$-6,$-6,$35,$-3,$-12,$32,32,$1.10,$1.10,$25,$188,$41,$455,$116,$0,$531,$43,$690,$1145,$263,$113,$112,$225,$488,$9,$399,$113,$657,$1145,$35,$9,$-57,$-48,$-0,$-8,$-16,$2,$-22,$-35,$-4,$0,$145,$0,$0,$0,$-0,$141,$0,$-119,$-119,$0,$0,$-0,$0,$-119,$-14,$0,$-0
23,2012-12-31,15.95,$19.46,0.82,$44.45,0.36,$1.48,10.81,$0.06,265.82,$0.57B,$0.30B,1.9,$0.23B,$0.62B,0.37,$1.42B,$0.43B,30.16%,$1.42B,$0.01B,0.56%,$1.42B,$0.01B,0.56%,$1.42B,$0.05B,3.39%,$1.42B,$0.00B,0.07%,$1.42B,$0.00B,0.14%,$0.00B,$0.62B,0.32%,$0.00B,$0.09B,2.93%,$0.00B,$1.26B,0.16%,$0.01B,$0.85B,0.92%,$326,$235,$91,$0,$98,$342,$-15,$-1,$-16,$-0,$-16,$-16,$-7,$-5,$-15,$32,32,$-0.22,$-0.22,$39,$183,$145,$568,$118,$0,$534,$42,$694,$1262,$300,$229,$112,$342,$641,$9,$365,$113,$621,$1262,$2,$39,$21,$61,$-0,$-17,$3,$6,$-0,$62,$-20,$0,$-9,$0,$0,$0,$-1,$-29,$0,$-28,$-28,$0,$0,$-2,$-0,$-30,$4,$0,$-2
24,2012-09-30,13.81,$19.26,0.72,$38.25,0.36,$2.53,5.47,$-0.81,0.0,$0.56B,$0.28B,1.99,$0.25B,$0.62B,0.41,$1.22B,$0.42B,34.48%,$1.22B,$-0.02B,-1.72%,$1.22B,$-0.02B,-1.72%,$1.22B,$0.07B,5.73%,$1.22B,$-0.03B,-2.54%,$1.22B,$-0.03B,-2.13%,$-0.03B,$0.62B,-4.20%,$-0.03B,$0.07B,-40.63%,$-0.03B,$1.27B,-2.04%,$-0.02B,$0.87B,-2.40%,$362,$252,$109,$0,$103,$357,$5,$-2,$3,$2,$1,$1,$3,$15,$5,$32,32,$0.09,$0.09,$35,$222,$46,$555,$123,$0,$546,$42,$711,$1266,$280,$250,$121,$371,$651,$9,$372,$100,$615,$1266,$9,$29,$11,$41,$-8,$-31,$-0,$16,$-23,$27,$-15,$0,$0,$0,$0,$0,$0,$-14,$0,$-11,$-11,$0,$0,$-1,$-0,$-12,$0,$0,$-1
25,2012-06-30,15.05,$18.73,0.8,$41.10,0.37,$3.73,4.04,$-0.50,0.0,$0.55B,$0.28B,1.95,$0.26B,$0.60B,0.43,$1.32B,$0.44B,33.66%,$1.32B,0,0.00%,$1.32B,0,0.00%,$1.32B,$0.09B,6.84%,$1.32B,$-0.02B,-1.29%,$1.32B,$-0.02B,-1.22%,$-0.02B,$0.60B,-2.50%,$-0.02B,$0.06B,-28.96%,$-0.02B,$1.25B,-1.22%,$0.00B,$0.85B,0.00%,$373,$257,$116,$0,$104,$363,$9,$-2,$7,$11,$-4,$-4,$-2,$19,$9,$32,32,$-0.07,$-0.07,$25,$217,$46,$546,$123,$0,$540,$43,$705,$1252,$281,$258,$117,$375,$656,$9,$370,$86,$596,$1252,$6,$20,$7,$27,$-13,$-30,$9,$13,$-25,$8,$-10,$0,$0,$0,$0,$0,$-0,$-10,$0,$-6,$-6,$0,$0,$-1,$-0,$-6,$-9,$0,$-1
26,2012-03-31,16.14,$20.02,0.81,$43.52,0.37,$4.61,3.5,$-0.12,0.0,$0.55B,$0.29B,1.89,$0.26B,$0.64B,0.41,$1.41B,$0.46B,32.79%,$1.41B,$0.01B,0.92%,$1.41B,$0.01B,0.92%,$1.41B,$0.10B,7.31%,$1.41B,$-0.02B,-1.14%,$1.41B,$-0.00B,-0.21%,$-0.00B,$0.64B,-0.45%,$-0.00B,$0.06B,-4.96%,$-0.00B,$1.30B,-0.22%,$0.01B,$0.90B,1.40%,$355,$245,$111,$0,$101,$346,$9,$-2,$7,$2,$6,$6,$8,$19,$9,$32,32,$0.26,$0.26,$33,$214,$46,$554,$128,$0,$576,$43,$747,$1301,$293,$260,$110,$370,$663,$9,$372,$126,$637,$1301,$8,$10,$3,$13,$-8,$-21,$12,$4,$-22,$-1,$-5,$0,$0,$0,$0,$0,$0,$-5,$0,$3,$3,$0,$0,$-0,$0,$3,$-2,$0,$-0
27,2011-12-31,14.9,$19.69,0.76,$45.34,0.33,$4.95,3.01,$-0.15,0.0,$0.53B,$0.29B,1.84,$0.26B,$0.63B,0.42,$1.48B,$0.47B,31.98%,$1.48B,$0.02B,1.42%,$1.48B,$0.02B,1.42%,$1.48B,$0.11B,7.49%,$1.48B,$-0.01B,-0.88%,$1.48B,$-0.00B,-0.27%,$-0.00B,$0.63B,-0.59%,$-0.00B,$0.07B,-6.32%,$-0.00B,$1.28B,-0.30%,$0.02B,$0.89B,2.24%,$131,$46,$85,$0,$71,$175,$-44,$-4,$-48,$5,$-53,$-53,$-35,$17,$-44,$32,32,$-1.09,$-1.08,$35,$169,$106,$529,$128,$0,$557,$67,$752,$1281,$288,$260,$106,$367,$655,$9,$364,$125,$627,$1281,$-4,$90,$38,$128,$-2,$-16,$2,$-5,$-24,$99,$-22,$0,$-42,$0,$0,$0,$-1,$-65,$0,$-4,$-4,$-17,$-17,$-2,$-24,$-47,$-14,$0,$-2
28,2011-09-30,22.39,$21.83,1.03,$46.00,0.49,$5.78,3.87,$1.17,19.14,$0.56B,$0.30B,1.87,$0.30B,$0.70B,0.42,$1.51B,$0.49B,32.29%,$1.51B,$0.09B,5.65%,$1.51B,$0.09B,5.65%,$1.51B,$0.12B,8.24%,$1.51B,$0.03B,1.99%,$1.51B,$0.04B,2.52%,$0.04B,$0.70B,5.57%,$0.04B,$0.03B,59.14%,$0.04B,$1.40B,2.85%,$0.09B,$0.99B,9.06%,$457,$325,$131,$0,$104,$431,$26,$-8,$17,$4,$13,$13,$13,$35,$26,$32,32,$0.40,$0.40,$41,$202,$41,$556,$135,$0,$661,$44,$840,$1396,$298,$295,$108,$403,$701,$9,$400,$159,$695,$1396,$31,$29,$40,$69,$-4,$-22,$5,$-4,$-33,$67,$-16,$0,$-41,$0,$0,$0,$-1,$-58,$0,$26,$26,$-17,$-17,$-1,$-24,$-17,$-7,$0,$-1
29,2011-06-30,32.25,$22.00,1.47,$45.27,0.71,$6.14,5.26,$1.25,25.8,$0.56B,$0.31B,1.83,$0.25B,$0.70B,0.35,$1.49B,$0.49B,32.79%,$1.49B,$0.09B,5.99%,$1.49B,$0.09B,5.99%,$1.49B,$0.13B,8.62%,$1.49B,$0.03B,2.29%,$1.49B,$0.04B,2.76%,$0.04B,$0.70B,6.15%,$0.04B,$0.08B,56.55%,$0.04B,$1.36B,3.15%,$0.09B,$0.95B,9.77%,$466,$331,$135,$0,$112,$444,$22,$-14,$8,$-2,$11,$11,$11,$32,$22,$32,33,$0.33,$0.32,$38,$189,$50,$557,$134,$0,$626,$45,$805,$1362,$305,$247,$107,$355,$659,$9,$387,$172,$703,$1362,$18,$19,$28,$47,$-15,$-7,$12,$-6,$-28,$37,$-10,$0,$0,$0,$0,$0,$-1,$-11,$0,$-7,$-7,$-12,$-12,$-1,$-18,$-38,$-10,$0,$-1
30,2011-03-31,30.2,$21.24,1.42,$44.44,0.68,$6.74,4.48,$0.91,33.18,$0.52B,$0.28B,1.87,$0.24B,$0.68B,0.36,$1.45B,$0.48B,32.97%,$1.45B,$0.09B,6.14%,$1.45B,$0.09B,6.14%,$1.45B,$0.13B,8.83%,$1.45B,$0.03B,1.93%,$1.45B,$0.03B,2.00%,$0.03B,$0.68B,4.55%,$0.03B,$0.07B,46.03%,$0.03B,$1.30B,2.29%,$0.09B,$0.92B,10.06%,$428,$305,$123,$0,$106,$411,$17,$-7,$10,$3,$7,$7,$7,$27,$17,$32,33,$0.23,$0.23,$33,$183,$43,$522,$131,$0,$606,$45,$782,$1304,$279,$242,$105,$347,$626,$9,$377,$147,$678,$1304,$7,$9,$10,$20,$1,$-5,$-1,$1,$-18,$9,$-3,$0,$0,$0,$0,$0,$-0,$-4,$0,$-5,$-5,$-13,$-13,$-0,$-5,$-23,$-16,$0,$-0
31,2010-12-31,29.25,$20.18,1.45,$43.67,0.67,$6.75,4.34,$0.77,37.98,$0.53B,$0.29B,1.81,$0.24B,$0.65B,0.37,$1.42B,$0.47B,33.22%,$1.42B,$0.09B,6.18%,$1.42B,$0.09B,6.18%,$1.42B,$0.13B,8.92%,$1.42B,$0.02B,1.62%,$1.42B,$0.03B,1.76%,$0.03B,$0.65B,3.96%,$0.03B,$0.07B,41.32%,$0.03B,$1.28B,1.98%,$0.09B,$0.89B,9.96%,$154,$57,$97,$0,$77,$135,$20,$-24,$-5,$2,$-6,$-6,$7,$30,$20,$32,33,$0.22,$0.23,$48,$174,$42,$526,$131,$0,$578,$45,$754,$1280,$290,$238,$100,$338,$628,$9,$370,$113,$652,$1280,$25,$40,$64,$104,$-6,$-6,$6,$7,$-7,$122,$-17,$0,$-14,$0,$0,$0,$0,$-31,$0,$-43,$-43,$-3,$-3,$-2,$-30,$-78,$11,$0,$-2
32,2010-09-30,25.68,$19.58,1.31,$52.97,0.48,$7.88,3.26,$1.10,23.35,$0.52B,$0.29B,1.82,$0.25B,$0.64B,0.39,$1.72B,$0.51B,29.73%,$1.72B,$0.09B,5.29%,$1.72B,$0.09B,5.29%,$1.72B,$0.14B,8.14%,$1.72B,$0.04B,2.44%,$1.72B,$0.04B,2.09%,$0.04B,$0.64B,5.59%,$0.04B,$0.07B,63.16%,$0.04B,$1.26B,2.81%,$0.09B,$0.88B,10.06%,$437,$306,$132,$0,$102,$408,$30,$-9,$21,$5,$16,$16,$16,$39,$30,$32,33,$0.48,$0.48,$32,$183,$48,$522,$130,$0,$567,$43,$740,$1263,$287,$246,$95,$341,$628,$9,$363,$96,$635,$1263,$18,$30,$42,$72,$-7,$-17,$8,$2,$-15,$74,$-11,$0,$-14,$0,$0,$0,$0,$-25,$0,$-32,$-32,$1,$1,$-1,$-20,$-52,$-5,$0,$-1
33,2010-06-30,20.09,$18.12,1.11,$53.08,0.38,$8.33,2.41,$1.04,19.32,$0.50B,$0.28B,1.79,$0.26B,$0.59B,0.45,$1.72B,$0.51B,29.72%,$1.72B,$0.09B,5.01%,$1.72B,$0.09B,5.01%,$1.72B,$0.14B,7.98%,$1.72B,$0.04B,2.27%,$1.72B,$0.03B,1.92%,$0.03B,$0.59B,5.08%,$0.03B,$0.04B,66.67%,$0.03B,$1.22B,2.54%,$0.09B,$0.85B,9.26%,$431,$304,$126,$0,$104,$409,$22,$-20,$2,$3,$-1,$-1,$-1,$32,$22,$32,32,$-0.02,$-0.02,$31,$171,$44,$500,$130,$0,$548,$44,$722,$1223,$280,$261,$94,$355,$636,$9,$348,$66,$587,$1223,$2,$20,$31,$51,$-5,$-10,$14,$9,$1,$54,$-8,$0,$-14,$0,$0,$0,$1,$-21,$0,$-18,$-18,$1,$1,$-1,$-17,$-35,$-6,$0,$-1
34,2010-03-31,25.66,$20.18,1.27,$52.70,0.49,$7.94,3.23,$1.30,19.74,$0.50B,$0.26B,1.89,$0.26B,$0.65B,0.4,$1.70B,$0.50B,29.56%,$1.70B,$0.08B,4.95%,$1.70B,$0.08B,4.95%,$1.70B,$0.14B,8.01%,$1.70B,$0.05B,2.83%,$1.70B,$0.04B,2.47%,$0.04B,$0.65B,6.39%,$0.04B,$0.06B,101.20%,$0.04B,$1.27B,3.15%,$0.08B,$0.92B,8.70%,$402,$285,$118,$0,$102,$386,$16,$-11,$5,$2,$3,$3,$3,$26,$16,$32,33,$0.10,$0.09,$26,$174,$49,$501,$135,$0,$591,$46,$773,$1274,$264,$262,$94,$356,$620,$9,$349,$127,$653,$1274,$3,$10,$10,$20,$7,$-6,$-5,$6,$-12,$10,$-4,$0,$0,$0,$0,$0,$0,$-4,$0,$-12,$-12,$1,$1,$-0,$-4,$-15,$-11,$0,$-0
35,2009-12-31,24.12,$21.69,1.11,$52.96,0.46,$7.59,3.18,$1.29,18.7,$0.53B,$0.29B,1.82,$0.27B,$0.70B,0.39,$1.69B,$0.49B,29.04%,$1.69B,$0.08B,4.84%,$1.69B,$0.08B,4.84%,$1.69B,$0.13B,7.91%,$1.69B,$0.05B,2.77%,$1.69B,$0.04B,2.42%,$0.04B,$0.70B,6.55%,$0.04B,$0.06B,205.00%,$0.04B,$1.36B,3.07%,$0.08B,$0.97B,8.51%,$449,$313,$135,$0,$102,$426,$23,$-8,$14,$-3,$18,$18,$18,$43,$23,$32,32,$0.55,$0.55,$38,$172,$52,$528,$142,$0,$641,$48,$831,$1360,$290,$272,$96,$368,$658,$9,$346,$174,$701,$1360,$41,$53,$32,$85,$6,$21,$13,$8,$29,$156,$-17,$0,$0,$0,$0,$0,$0,$-17,$0,$-153,$-153,$2,$2,$-2,$0,$-153,$-10,$0,$-2
36,2009-09-30,21.5,$20.35,1.06,$52.41,0.41,$5.02,4.28,$1.29,16.67,$0.52B,$0.27B,1.95,$0.32B,$0.66B,0.49,$1.68B,$0.48B,28.54%,$1.68B,$0.09B,5.25%,$1.68B,$0.09B,5.25%,$1.68B,$0.13B,7.88%,$1.68B,$0.05B,3.10%,$1.68B,$0.04B,2.39%,$0.04B,$0.66B,6.85%,$0.04B,$0.04B,-2285.71%,$0.04B,$1.34B,3.02%,$0.09B,$0.98B,9.21%,$434,$303,$131,$0,$104,$409,$25,$-7,$18,$4,$13,$13,$13,$36,$25,$32,32,$0.42,$0.42,$28,$183,$47,$524,$140,$0,$620,$58,$817,$1342,$269,$321,$95,$416,$684,$9,$329,$149,$657,$1342,$24,$33,$20,$53,$10,$6,$10,$6,$9,$86,$-9,$0,$0,$0,$0,$0,$-1,$-10,$0,$-99,$-99,$1,$1,$-1,$0,$-99,$-20,$0,$-1
37,2009-06-30,17.03,$19.24,0.89,$53.27,0.32,$2.65,6.43,$1.23,13.85,$0.55B,$0.27B,2.04,$0.38B,$0.62B,0.61,$1.70B,$0.48B,28.07%,$1.70B,$0.09B,5.11%,$1.70B,$0.09B,5.11%,$1.70B,$0.13B,7.75%,$1.70B,$0.05B,2.88%,$1.70B,$0.04B,2.23%,$0.04B,$0.62B,6.79%,$0.04B,$0.01B,-131.03%,$0.04B,$1.36B,2.80%,$0.09B,$1.00B,8.90%,$413,$294,$118,$0,$98,$392,$20,$-10,$11,$3,$8,$8,$8,$31,$20,$32,32,$0.24,$0.24,$50,$180,$46,$547,$141,$0,$611,$58,$811,$1357,$268,$377,$94,$471,$739,$8,$316,$125,$618,$1357,$10,$22,$12,$34,$5,$7,$-1,$10,$-5,$39,$-6,$0,$0,$0,$0,$0,$-1,$-7,$0,$-32,$-32,$0,$0,$-1,$0,$-33,$2,$0,$-1
38,2009-03-31,15.43,$16.47,0.94,$54.36,0.28,$1.16,13.29,$1.19,12.97,$0.54B,$0.29B,1.86,$0.38B,$0.53B,0.72,$1.74B,$0.48B,27.86%,$1.74B,$0.09B,4.95%,$1.74B,$0.09B,4.95%,$1.74B,$0.13B,7.60%,$1.74B,$0.05B,2.71%,$1.74B,$0.04B,2.01%,$0.04B,$0.53B,6.29%,$0.04B,$-0.02B,-71.43%,$0.04B,$1.29B,2.49%,$0.09B,$0.91B,8.59%,$398,$290,$108,$0,$94,$384,$14,$-9,$4,$2,$2,$2,$2,$24,$14,$32,32,$0.08,$0.08,$29,$181,$59,$539,$137,$0,$554,$59,$749,$1288,$290,$379,$89,$469,$758,$8,$309,$44,$529,$1288,$2,$11,$6,$16,$-2,$-5,$4,$-7,$-21,$-3,$-3,$0,$0,$0,$0,$0,$-0,$-3,$0,$-12,$-12,$0,$0,$-0,$0,$-13,$-19,$0,$-0
39,2008-12-31,14.94,$16.58,0.9,$54.91,0.27,$0.56,26.77,$1.21,12.35,$0.55B,$0.29B,1.93,$0.41B,$0.53B,0.77,$1.76B,$0.49B,27.86%,$1.76B,$0.09B,4.96%,$1.76B,$0.09B,4.96%,$1.76B,$0.14B,7.69%,$1.76B,$0.05B,2.74%,$1.76B,$0.04B,1.99%,$0.04B,$0.53B,6.15%,$0.04B,$-0.03B,-54.47%,$0.04B,$1.31B,2.39%,$0.09B,$0.94B,8.34%,$430,$310,$121,$0,$90,$401,$29,$-10,$19,$3,$17,$17,$17,$41,$29,$32,32,$0.51,$0.52,$48,$179,$52,$551,$144,$0,$559,$60,$763,$1314,$285,$408,$89,$497,$782,$8,$307,$51,$533,$1314,$35,$47,$22,$70,$-15,$-0,$-20,$2,$-28,$76,$-20,$0,$-8,$0,$0,$0,$6,$-22,$0,$-61,$-61,$1,$1,$-2,$0,$-62,$-15,$0,$-2
40,2008-09-30,23.18,$17.40,1.33,$54.84,0.42,$0.65,35.42,$0.88,26.34,$0.61B,$0.30B,2.05,$0.50B,$0.56B,0.9,$1.75B,$0.49B,27.97%,$1.75B,$0.09B,4.85%,$1.75B,$0.09B,4.85%,$1.75B,$0.14B,7.76%,$1.75B,$0.04B,2.45%,$1.75B,$0.02B,1.26%,$0.02B,$0.56B,3.83%,$0.02B,$-0.07B,-27.16%,$0.02B,$1.46B,1.46%,$0.09B,$1.06B,7.91%,$462,$331,$131,$0,$106,$437,$24,$-10,$15,$4,$11,$11,$11,$36,$24,$32,32,$0.34,$0.33,$38,$208,$59,$606,$159,$0,$632,$67,$858,$1464,$295,$504,$105,$609,$904,$8,$296,$148,$559,$1464,$18,$36,$16,$52,$-27,$-18,$-8,$-2,$-54,$16,$-15,$0,$-2,$0,$0,$0,$6,$-11,$0,$-28,$-28,$1,$1,$-1,$0,$-29,$-25,$0,$-1
41,2008-06-30,19.61,$18.80,1.04,$53.17,0.37,$1.17,16.75,$0.88,22.28,$0.63B,$0.36B,1.79,$0.49B,$0.60B,0.81,$1.70B,$0.47B,27.93%,$1.70B,$0.08B,4.77%,$1.70B,$0.08B,4.77%,$1.70B,$0.13B,7.66%,$1.70B,$0.04B,2.18%,$1.70B,$0.02B,1.36%,$0.02B,$0.60B,4.11%,$0.02B,$-0.07B,-25.70%,$0.02B,$1.55B,1.52%,$0.08B,$1.09B,7.53%,$447,$323,$124,$0,$105,$428,$19,$-10,$9,$4,$5,$5,$5,$31,$19,$32,32,$0.17,$0.17,$40,$213,$66,$634,$170,$0,$676,$73,$918,$1552,$355,$486,$108,$594,$949,$8,$285,$203,$603,$1552,$8,$24,$9,$33,$-31,$-14,$12,$-6,$-44,$-3,$-12,$0,$-2,$0,$0,$0,$6,$-8,$0,$-13,$-13,$1,$1,$-1,$0,$-13,$-22,$0,$-1
42,2008-03-31,21.35,$18.07,1.18,$51.51,0.41,$1.33,16.1,$0.68,31.4,$0.60B,$0.34B,1.78,$0.50B,$0.58B,0.86,$1.64B,$0.46B,28.00%,$1.64B,$0.08B,4.63%,$1.64B,$0.08B,4.63%,$1.64B,$0.12B,7.55%,$1.64B,$0.03B,1.89%,$1.64B,$0.02B,1.10%,$0.02B,$0.58B,3.39%,$0.02B,$-0.09B,-17.87%,$0.02B,$1.52B,1.21%,$0.08B,$1.08B,7.12%,$416,$303,$113,$0,$98,$401,$15,$-10,$5,$3,$2,$2,$2,$27,$15,$32,32,$0.07,$0.07,$43,$209,$66,$601,$171,$0,$665,$87,$923,$1523,$337,$499,$107,$606,$944,$8,$279,$187,$580,$1523,$2,$12,$3,$15,$-12,$-10,$10,$-5,$-35,$-18,$-7,$0,$0,$0,$0,$0,$4,$-2,$0,$0,$0,$1,$1,$-0,$0,$1,$-19,$0,$-0
43,2007-12-31,24.15,$17.29,1.4,$50.28,0.48,$1.43,16.93,$0.03,804.9,$0.59B,$0.33B,1.81,$0.51B,$0.55B,0.93,$1.60B,$0.45B,27.84%,$1.60B,$0.07B,4.31%,$1.60B,$0.07B,4.31%,$1.60B,$0.12B,7.24%,$1.60B,$0.01B,0.69%,$1.60B,$-0.00B,-0.12%,$-0.00B,$0.55B,-0.40%,$-0.00B,$-0.09B,1.82%,$-0.00B,$1.50B,-0.14%,$0.07B,$1.07B,6.48%,$427,$305,$122,$0,$93,$399,$27,$-13,$14,$10,$4,$4,$4,$42,$27,$32,32,$0.13,$0.14,$62,$196,$62,$591,$169,$0,$648,$92,$909,$1500,$327,$513,$106,$619,$946,$8,$276,$165,$554,$1500,$-2,$47,$39,$86,$1,$15,$-18,$13,$-5,$79,$-20,$0,$-5,$0,$0,$0,$3,$-22,$0,$-55,$-55,$0,$0,$-2,$-23,$-80,$-20,$0,$-2
44,2007-09-30,22.38,$15.73,1.42,$48.99,0.46,$0.91,24.66,$-10.80,0.0,$0.62B,$0.30B,2.05,$0.57B,$0.50B,1.12,$1.56B,$0.42B,27.12%,$1.56B,$-0.28B,-18.08%,$1.56B,$-0.28B,-18.08%,$1.56B,$0.06B,3.97%,$1.56B,$-0.34B,-21.73%,$1.56B,$-0.34B,-22.05%,$-0.34B,$0.50B,-70.53%,$-0.34B,$-0.11B,303.75%,$-0.34B,$1.48B,-23.39%,$-0.28B,$1.07B,-27.33%,$407,$292,$115,$0,$93,$387,$20,$-11,$9,$-3,$12,$12,$12,$30,$20,$32,32,$0.37,$0.36,$64,$205,$60,$621,$167,$0,$610,$84,$861,$1482,$303,$565,$110,$675,$978,$8,$270,$123,$504,$1482,$-6,$32,$18,$50,$-6,$2,$-14,$26,$-14,$30,$-13,$0,$0,$0,$0,$0,$0,$-13,$0,$-17,$-17,$0,$0,$-1,$-21,$-39,$-19,$0,$-1
45,2007-06-30,17.53,$15.30,1.15,$48.14,0.36,$1.05,16.64,$-10.86,0.0,$0.59B,$0.28B,2.11,$0.57B,$0.49B,1.16,$1.53B,$0.42B,27.35%,$1.53B,$-0.28B,-18.41%,$1.53B,$-0.28B,-18.41%,$1.53B,$0.06B,4.05%,$1.53B,$-0.34B,-21.93%,$1.53B,$-0.35B,-22.58%,$-0.35B,$0.49B,-61.05%,$-0.35B,$-0.12B,350.38%,$-0.35B,$1.45B,-22.69%,$-0.28B,$1.06B,-26.42%,$393,$283,$110,$0,$94,$379,$14,$-11,$3,$3,$0,$0,$0,$25,$14,$32,32,$0.00,$0.00,$36,$197,$70,$591,$167,$0,$607,$85,$860,$1451,$280,$566,$117,$682,$962,$8,$259,$120,$489,$1451,$-17,$22,$22,$44,$-2,$8,$-25,$17,$-28,$-2,$-7,$0,$0,$0,$0,$0,$-2,$-9,$0,$-15,$-15,$0,$0,$-1,$-20,$-36,$-47,$0,$-1
46,2007-03-31,16.66,$14.75,1.13,$47.37,0.35,$1.82,9.14,$-10.71,0.0,$0.61B,$0.28B,2.21,$0.60B,$0.47B,1.27,$1.51B,$0.42B,27.47%,$1.51B,$-0.28B,-18.66%,$1.51B,$-0.28B,-18.66%,$1.51B,$0.06B,4.04%,$1.51B,$-0.33B,-21.97%,$1.51B,$-0.34B,-22.57%,$-0.34B,$0.47B,-52.79%,$-0.34B,$-0.12B,401.18%,$-0.34B,$1.46B,-21.56%,$-0.28B,$1.07B,-25.38%,$375,$276,$99,$0,$88,$367,$8,$-23,$-15,$2,$-18,$-18,$-18,$19,$8,$32,32,$-0.55,$-0.55,$57,$207,$76,$610,$169,$0,$594,$86,$848,$1459,$276,$597,$114,$711,$987,$8,$259,$103,$472,$1459,$-18,$11,$17,$28,$13,$-4,$-15,$9,$-29,$-18,$-3,$0,$0,$0,$0,$0,$-0,$-3,$0,$16,$16,$0,$0,$-0,$-20,$-4,$-25,$0,$-0
47,2006-12-31,23.42,$15.21,1.54,$46.83,0.5,$2.62,8.96,$-10.00,0.0,$0.66B,$0.45B,1.46,$0.45B,$0.49B,0.92,$1.50B,$0.42B,27.84%,$1.50B,$-0.28B,-18.36%,$1.50B,$-0.28B,-18.36%,$1.50B,$0.07B,4.41%,$1.50B,$-0.31B,-20.69%,$1.50B,$-0.32B,-21.23%,$-0.32B,$0.49B,-44.29%,$-0.32B,$-0.11B,441.67%,$-0.32B,$1.49B,-19.63%,$-0.28B,$0.94B,-24.03%,$385,$286,$99,$0,$113,$709,$-324,$-12,$-336,$2,$-338,$-338,$-338,$-12,$-324,$32,32,$-10.63,$-10.61,$82,$202,$89,$656,$174,$0,$593,$67,$835,$1490,$448,$449,$107,$556,$1004,$8,$277,$99,$486,$1490,$-318,$340,$49,$390,$-4,$-16,$23,$-31,$-9,$62,$-19,$0,$-15,$0,$0,$0,$0,$-34,$0,$26,$26,$2,$2,$-2,$0,$27,$57,$0,$-2
