,Date,Stock Price,Book Value per Share,Price to Book Ratio,TTM Sales per Share,Price to Sales Ratio,TTM FCF per Share,Price to FCF Ratio,TTM Net EPS,PE Ratio,Current Assets,Current Liabilities,Current Ratio,Long Term Debt,Shareholder's Equity_x,Debt to Equity Ratio,TTM Revenue_x,TTM Gross Profit,Gross Margin,TTM Revenue_y,TTM Operating Income,Operating Margin,TTM Revenue_x,TTM EBIT,EBIT Margin,TTM Revenue_y,TTM EBITDA,EBITDA Margin,TTM Revenue_x,TTM Pre-Tax Income,Pre-Tax Margin,TTM Revenue_y,TTM Net Income_x,Net Margin,TTM Net Income_y,Shareholder's Equity_y,Return on Equity,TTM Net Income_x,Tangible Equity,Return on Tangible Equity,TTM Net Income_y,Total Assets,Return on Assets,TTM Net Income,LT Investments & Debt,Return on Investment,revenue,cost-goods-sold,gross-profit,research-development-expenses,selling-general-administrative-expenses,operating-expenses,operating-income,total-non-operating-income-expense,pre-tax-income,total-provision-income-taxes,income-after-taxes,income-from-continuous-operations,net-income,ebitda,ebit,basic-shares-outstanding,shares-outstanding,eps-basic-net-earnings-per-share,eps-earnings-per-share-diluted,cash-on-hand,inventory,other-current-assets,total-current-assets,net-property-plant-equipment,long-term-investments,goodwill-intangible-assets-total,other-long-term-assets,total-long-term-assets,total-assets,total-current-liabilities,long-term-debt,other-non-current-liabilities,total-long-term-liabilities,total-liabilities,common-stock-net,retained-earnings-accumulated-deficit,comprehensive-income,total-share-holder-equity,total-liabilities-share-holders-equity,net-income-loss,total-depreciation-amortization-cash-flow,other-non-cash-items,total-non-cash-items,change-in-accounts-receivable,change-in-inventories,change-in-accounts-payable,change-in-assets-liabilities,total-change-in-assets-liabilities,cash-flow-from-operating-activities,net-change-in-property-plant-equipment,net-change-in-intangible-assets,net-acquisitions-divestitures,net-change-in-short-term-investments,net-change-in-long-term-investments,net-change-in-investments-total,investing-activities-other,cash-flow-from-investing-activities,net-long-term-debt,net-current-debt,debt-issuance-retirement-net-total,net-common-equity-issued-repurchased,net-total-equity-issued-repurchased,total-common-preferred-stock-dividends-paid,financial-activities-other,cash-flow-from-financial-activities,net-cash-flow,stock-based-compensation,common-stock-dividends-paid
0,2018-09-30,15.82,$22.26,0.71,$5.32,2.98,$6.50,2.43,$1.69,9.36,$0.11B,$14.41B,0.01,$1.65B,$1.92B,0.86,$0.62B,$0.32B,52.10%,$0.62B,$0.28B,44.35%,$0.62B,$0.28B,44.35%,$0.62B,$0.33B,52.90%,$0.62B,$0.23B,37.58%,$0.62B,$0.19B,31.29%,$0.19B,$2.49B,7.63%,$0.19B,$2.49B,7.63%,$0.19B,$19.22B,1.05%,$0.28B,$4.14B,6.50%,$162,$91,$71,$0,$12,$103,$59,$-113,$-54,$0,$-54,$-54,$-64,$64,$59,$112,113,$-0.58,$-0.58,$109,$0,$0,$109,$0,$0,$0,$19114,$19114,$19223,$14406,$1650,$682,$2332,$16737,$1,$-663,$175,$2485,$19223,$91,$18,$106,$124,$0,$0,$0,$6,$6,$222,$0,$0,$0,$0,$-3239,$-3239,$3058,$-181,$0,$298,$298,$0,$0,$-176,$-144,$-21,$20,$0,$-176
1,2018-06-30,15.9,$22.50,0.71,$5.04,3.15,$6.23,2.55,$2.70,5.89,$0.07B,$13.72B,0.01,$1.65B,$1.95B,0.85,$0.60B,$0.34B,56.52%,$0.60B,$0.29B,48.66%,$0.60B,$0.29B,48.66%,$0.60B,$0.35B,58.36%,$0.60B,$0.35B,58.53%,$0.60B,$0.31B,51.34%,$0.31B,$2.51B,11.87%,$0.31B,$2.51B,11.87%,$0.31B,$18.02B,1.66%,$0.29B,$4.16B,6.75%,$152,$78,$74,$0,$12,$89,$62,$30,$92,$0,$92,$92,$80,$68,$62,$112,113,$0.72,$0.72,$70,$0,$0,$70,$0,$0,$0,$17945,$17945,$18015,$13723,$1650,$130,$1780,$15503,$1,$-552,$89,$2512,$18015,$146,$13,$-13,$-0,$0,$0,$0,$3,$3,$148,$0,$0,$0,$0,$233,$233,$240,$473,$0,$-378,$-378,$0,$0,$-117,$-144,$-639,$-19,$0,$-117
2,2018-03-31,15.96,$22.59,0.71,$4.73,3.38,$6.04,2.64,$2.39,6.68,$0.12B,$13.93B,0.01,$1.65B,$1.96B,0.84,$0.57B,$0.35B,60.56%,$0.57B,$0.30B,52.53%,$0.57B,$0.30B,52.53%,$0.57B,$0.37B,63.87%,$0.57B,$0.31B,54.28%,$0.57B,$0.27B,47.82%,$0.27B,$2.52B,10.75%,$0.27B,$2.52B,10.75%,$0.27B,$18.32B,1.51%,$0.30B,$4.17B,6.95%,$153,$68,$85,$0,$12,$80,$73,$-20,$53,$0,$53,$53,$41,$80,$73,$112,118,$0.37,$0.37,$120,$0,$0,$120,$0,$0,$0,$18203,$18203,$18322,$13931,$1650,$219,$1869,$15800,$1,$-585,$133,$2522,$18322,$53,$6,$15,$22,$0,$0,$0,$2,$2,$77,$0,$0,$0,$0,$212,$212,$114,$326,$0,$-170,$-170,$0,$0,$-59,$-144,$-372,$31,$0,$-59
3,2017-12-31,16.93,$23.80,0.71,$4.40,3.85,$5.88,2.88,$2.75,6.16,$0.09B,$14.10B,0.01,$1.79B,$2.09B,0.86,$0.55B,$0.35B,63.85%,$0.55B,$0.30B,55.60%,$0.55B,$0.30B,55.60%,$0.55B,$0.38B,68.81%,$0.55B,$0.35B,64.59%,$0.55B,$0.32B,58.72%,$0.32B,$2.66B,12.81%,$0.32B,$2.66B,12.81%,$0.32B,$18.66B,1.81%,$0.30B,$4.45B,6.98%,$153,$60,$93,$0,$12,$72,$81,$61,$142,$0,$142,$142,$137,$116,$81,$112,123,$1.23,$1.18,$89,$0,$0,$89,$0,$0,$0,$18568,$18568,$18657,$14101,$1793,$106,$1900,$16000,$1,$-579,$261,$2657,$18657,$353,$71,$-100,$-29,$0,$0,$0,$-7,$-7,$318,$0,$0,$0,$0,$-3189,$-3189,$68,$-3121,$0,$2922,$2922,$0,$278,$-213,$-257,$2730,$-73,$0,$-213
4,2017-09-30,15.89,$23.79,0.67,$4.04,3.94,$5.83,2.73,$3.72,4.27,$0.13B,$14.10B,0.01,$1.81B,$2.09B,0.86,$0.51B,$0.34B,66.07%,$0.51B,$0.29B,57.40%,$0.51B,$0.29B,57.40%,$0.51B,$0.36B,70.22%,$0.51B,$0.49B,96.45%,$0.51B,$0.45B,89.35%,$0.45B,$2.66B,18.86%,$0.45B,$2.66B,18.86%,$0.45B,$18.80B,2.67%,$0.29B,$4.46B,6.76%,$140,$54,$86,$0,$11,$65,$75,$-11,$63,$0,$63,$63,$49,$85,$75,$112,121,$0.44,$0.43,$74,$0,$0,$130,$0,$0,$0,$18673,$18673,$18803,$14103,$1807,$237,$2045,$16147,$1,$-670,$351,$2655,$18803,$211,$36,$-28,$8,$0,$0,$0,$-15,$-15,$204,$0,$0,$0,$0,$-3716,$-3716,$618,$-3099,$0,$2930,$2930,$0,$278,$-153,$-249,$2806,$-88,$0,$-153
5,2017-06-30,15.14,$21.15,0.72,$3.79,3.99,$6.08,2.49,$4.34,3.49,$0.11B,$12.14B,0.01,$1.87B,$2.08B,0.9,$0.49B,$0.33B,68.87%,$0.49B,$0.29B,60.21%,$0.49B,$0.29B,60.21%,$0.49B,$0.38B,77.32%,$0.49B,$0.56B,116.08%,$0.49B,$0.53B,109.90%,$0.53B,$2.36B,22.94%,$0.53B,$2.36B,22.94%,$0.53B,$16.67B,3.23%,$0.29B,$4.23B,6.81%,$127,$44,$83,$0,$11,$55,$72,$-19,$53,$0,$53,$53,$47,$85,$72,$112,124,$0.42,$0.41,$64,$0,$0,$114,$0,$0,$0,$16560,$16560,$16674,$12136,$1868,$310,$2178,$14314,$1,$-674,$337,$2360,$16674,$147,$26,$-29,$-3,$0,$0,$0,$-6,$-6,$139,$0,$0,$0,$0,$-875,$-875,$-27,$-902,$-1,$954,$953,$0,$0,$-102,$-185,$666,$-98,$0,$-102
6,2017-03-31,13.64,$20.82,0.66,$3.81,3.58,$6.39,2.14,$3.83,3.56,$0.11B,$12.30B,0.01,$1.90B,$2.04B,0.93,$0.48B,$0.33B,69.18%,$0.48B,$0.29B,60.38%,$0.48B,$0.29B,60.38%,$0.48B,$0.39B,82.18%,$0.48B,$0.50B,105.66%,$0.48B,$0.47B,99.37%,$0.47B,$2.32B,20.71%,$0.47B,$2.32B,20.71%,$0.47B,$16.71B,2.87%,$0.29B,$4.22B,6.70%,$125,$38,$86,$0,$11,$49,$75,$19,$94,$0,$94,$94,$87,$89,$75,$112,128,$0.78,$0.73,$56,$0,$0,$106,$0,$0,$0,$16602,$16602,$16707,$12303,$1899,$182,$2081,$14384,$1,$-676,$304,$2324,$16707,$94,$13,$-35,$-22,$0,$0,$0,$-10,$-10,$63,$0,$0,$0,$0,$-1106,$-1106,$11,$-1095,$0,$1131,$1131,$0,$0,$-51,$-154,$926,$-106,$0,$-51
7,2016-12-31,12.58,$20.34,0.62,$3.95,3.19,$6.59,1.91,$1.71,7.36,$0.16B,$11.18B,0.01,$2.05B,$1.99B,1.03,$0.48B,$0.32B,67.01%,$0.48B,$0.28B,58.04%,$0.48B,$0.28B,58.04%,$0.48B,$0.41B,84.76%,$0.48B,$0.26B,53.86%,$0.48B,$0.23B,48.23%,$0.23B,$2.27B,10.27%,$0.23B,$2.27B,10.27%,$0.23B,$15.71B,1.42%,$0.28B,$4.32B,6.47%,$115,$34,$80,$0,$11,$45,$69,$210,$279,$0,$279,$279,$270,$97,$69,$112,130,$2.39,$2.41,$162,$0,$0,$162,$0,$0,$0,$15544,$15544,$15706,$11183,$2047,$206,$2253,$13436,$1,$-718,$294,$2270,$15706,$258,$126,$-55,$71,$0,$0,$0,$1,$1,$330,$0,$0,$0,$0,$1011,$1011,$-62,$949,$0,$-967,$-967,$-25,$-25,$-204,$26,$-1170,$109,$0,$-204
8,2016-09-30,12.78,$20.95,0.61,$4.36,2.93,$6.98,1.83,$0.37,34.54,$0.10B,$12.09B,0.01,$2.05B,$2.05B,1.0,$0.52B,$0.33B,63.86%,$0.52B,$0.29B,55.45%,$0.52B,$0.29B,55.45%,$0.52B,$0.43B,82.79%,$0.52B,$0.10B,18.36%,$0.52B,$0.07B,13.38%,$0.07B,$2.34B,3.11%,$0.07B,$2.34B,3.11%,$0.07B,$16.91B,0.42%,$0.29B,$4.39B,6.75%,$118,$33,$85,$0,$9,$42,$76,$60,$137,$0,$137,$137,$129,$104,$76,$112,130,$1.16,$1.05,$47,$0,$0,$97,$0,$0,$0,$16817,$16817,$16914,$12086,$2046,$444,$2490,$14576,$1,$-944,$586,$2338,$16914,$-22,$99,$172,$271,$0,$0,$0,$2,$2,$251,$0,$0,$0,$0,$197,$197,$-67,$131,$0,$-66,$-66,$-25,$-25,$-154,$-144,$-388,$-6,$0,$-154
9,2016-06-30,11.2,$19.94,0.56,$4.75,2.36,$7.27,1.54,$-1.86,0.0,$0.19B,$11.79B,0.02,$2.05B,$1.94B,1.05,$0.57B,$0.34B,60.18%,$0.57B,$0.29B,51.86%,$0.57B,$0.29B,51.86%,$0.57B,$0.46B,80.71%,$0.57B,$-0.18B,-32.04%,$0.57B,$-0.20B,-36.11%,$-0.20B,$2.23B,-8.98%,$-0.20B,$2.23B,-8.98%,$-0.20B,$16.66B,-1.16%,$0.29B,$4.27B,5.82%,$119,$40,$79,$0,$11,$51,$68,$-74,$-6,$0,$-6,$-6,$-12,$102,$68,$112,113,$-0.10,$-0.10,$144,$0,$0,$193,$0,$0,$0,$16468,$16468,$16662,$11788,$2046,$602,$2648,$14436,$1,$-1028,$559,$2225,$16662,$-158,$71,$252,$323,$0,$0,$0,$-3,$-3,$162,$0,$0,$0,$0,$640,$640,$-68,$572,$0,$-357,$-357,$-25,$-25,$-103,$-158,$-643,$91,$0,$-103
10,2016-03-31,9.68,$19.38,0.5,$4.86,1.99,$7.17,1.35,$-0.72,0.0,$0.10B,$11.21B,0.01,$2.05B,$1.88B,1.09,$0.61B,$0.35B,58.13%,$0.61B,$0.31B,50.41%,$0.61B,$0.31B,50.41%,$0.61B,$0.48B,79.15%,$0.61B,$-0.03B,-4.11%,$0.61B,$-0.05B,-8.21%,$-0.05B,$2.16B,-2.11%,$-0.05B,$2.16B,-2.11%,$-0.05B,$15.89B,-0.27%,$0.31B,$4.21B,5.24%,$127,$50,$77,$0,$12,$62,$65,$-218,$-152,$0,$-152,$-152,$-156,$103,$65,$113,115,$-1.38,$-1.38,$51,$0,$0,$100,$0,$0,$0,$15793,$15793,$15893,$11208,$2045,$478,$2523,$13731,$1,$-958,$427,$2163,$15893,$-152,$38,$196,$233,$0,$0,$0,$-2,$-2,$79,$0,$0,$0,$0,$1095,$1095,$-38,$1057,$0,$-939,$-939,$-25,$-25,$-52,$-122,$-1137,$-2,$0,$-52
11,2015-12-31,9.52,$19.95,0.48,$5.09,1.87,$7.18,1.33,$0.40,23.81,$0.10B,$12.15B,0.01,$2.05B,$1.98B,1.03,$0.65B,$0.37B,57.23%,$0.65B,$0.33B,50.15%,$0.65B,$0.33B,50.15%,$0.65B,$0.51B,78.92%,$0.65B,$0.12B,17.69%,$0.65B,$0.09B,13.69%,$0.09B,$2.27B,3.55%,$0.09B,$2.27B,3.55%,$0.09B,$16.77B,0.44%,$0.33B,$4.31B,4.82%,$159,$66,$93,$0,$11,$77,$81,$35,$117,$0,$117,$117,$109,$124,$81,$121,123,$0.90,$1.00,$53,$0,$0,$104,$0,$0,$0,$16663,$16663,$16767,$12150,$2045,$306,$2350,$14500,$1,$-771,$319,$2267,$16767,$114,$187,$48,$235,$0,$0,$0,$10,$10,$359,$0,$0,$0,$0,$1274,$1274,$-37,$1238,$218,$-1497,$-1279,$-125,$-125,$-239,$-64,$-1707,$-111,$0,$-239
12,2015-09-30,9.13,$20.34,0.45,$5.28,1.73,$7.31,1.25,$-1.05,0.0,$0.15B,$12.95B,0.01,$4.93B,$2.14B,2.3,$0.68B,$0.39B,57.63%,$0.68B,$0.34B,50.81%,$0.68B,$0.34B,50.81%,$0.68B,$0.52B,77.63%,$0.68B,$-0.09B,-13.63%,$0.68B,$-0.12B,-17.33%,$-0.12B,$2.43B,-4.50%,$-0.12B,$2.43B,-4.50%,$-0.12B,$20.78B,-0.55%,$0.34B,$7.36B,4.58%,$160,$69,$91,$0,$13,$82,$79,$-219,$-140,$0,$-140,$-140,$-145,$127,$79,$122,123,$-1.18,$-1.18,$77,$0,$0,$146,$0,$0,$0,$20625,$20636,$20781,$12953,$4934,$464,$5399,$18352,$1,$-814,$447,$2429,$20781,$1,$144,$123,$268,$0,$0,$0,$7,$7,$276,$0,$0,$0,$0,$392,$392,$-38,$355,$361,$-711,$-350,$-50,$-50,$-185,$-133,$-718,$-87,$0,$-185
13,2015-06-30,10.36,$21.23,0.49,$5.30,1.95,$7.31,1.42,$0.38,27.26,$0.16B,$13.22B,0.01,$4.96B,$2.33B,2.13,$0.68B,$0.39B,57.79%,$0.68B,$0.35B,51.03%,$0.68B,$0.35B,51.03%,$0.68B,$0.54B,78.82%,$0.68B,$0.05B,7.21%,$0.68B,$0.03B,3.68%,$0.03B,$2.62B,0.94%,$0.03B,$2.62B,0.94%,$0.03B,$21.22B,0.12%,$0.35B,$7.57B,4.68%,$163,$70,$93,$0,$11,$82,$82,$68,$150,$0,$150,$150,$142,$128,$82,$123,141,$1.16,$1.06,$87,$0,$0,$157,$0,$0,$0,$21050,$21062,$21219,$13215,$4956,$433,$5390,$18604,$1,$-621,$388,$2615,$21219,$142,$96,$-54,$42,$0,$0,$0,$4,$4,$187,$0,$0,$0,$0,$355,$355,$-410,$-55,$380,$-448,$-68,$0,$0,$-124,$-18,$-209,$-77,$0,$-124
14,2015-03-31,10.91,$21.99,0.5,$5.52,1.98,$7.48,1.46,$-1.42,0.0,$0.22B,$13.36B,0.02,$5.08B,$2.42B,2.1,$0.69B,$0.40B,58.28%,$0.69B,$0.36B,51.60%,$0.69B,$0.36B,51.60%,$0.69B,$0.56B,80.67%,$0.69B,$-0.17B,-23.98%,$0.69B,$-0.18B,-26.60%,$-0.18B,$2.71B,-6.88%,$-0.18B,$2.71B,-6.88%,$-0.18B,$21.55B,-0.86%,$0.36B,$7.79B,5.12%,$168,$72,$95,$0,$11,$83,$84,$-96,$-12,$0,$-12,$-12,$-17,$134,$84,$123,125,$-0.14,$-0.14,$157,$0,$0,$223,$0,$0,$0,$21313,$21325,$21548,$13360,$5084,$397,$5480,$18840,$1,$-706,$565,$2708,$21548,$-12,$50,$55,$105,$0,$0,$0,$-5,$-5,$87,$0,$0,$0,$0,$-210,$-210,$-5,$-215,$506,$-290,$216,$0,$0,$-62,$-34,$120,$-7,$0,$-62
15,2014-12-31,10.55,$21.43,0.49,$5.52,1.91,$7.50,1.41,$-1.75,0.0,$0.23B,$13.66B,0.02,$4.58B,$2.35B,1.95,$0.69B,$0.41B,58.87%,$0.69B,$0.36B,52.18%,$0.69B,$0.36B,52.18%,$0.69B,$0.56B,81.98%,$0.69B,$-0.22B,-31.69%,$0.69B,$-0.23B,-33.87%,$-0.23B,$2.64B,-8.99%,$-0.23B,$2.64B,-8.99%,$-0.23B,$21.23B,-1.11%,$0.36B,$7.22B,5.82%,$184,$74,$110,$0,$12,$86,$98,$-188,$-90,$0,$-90,$-90,$-97,$135,$98,$123,125,$-0.80,$-0.80,$164,$0,$0,$230,$0,$0,$0,$20988,$21001,$21231,$13655,$4580,$358,$4937,$18592,$1,$-633,$425,$2639,$21231,$-218,$205,$389,$594,$0,$0,$0,$3,$3,$380,$0,$0,$0,$0,$963,$963,$-1876,$-912,$2540,$-1829,$711,$-21,$129,$-265,$-89,$486,$-46,$0,$-265
16,2014-09-30,10.43,$21.77,0.48,$5.34,1.95,$8.10,1.29,$-1.74,0.0,$0.20B,$13.60B,0.01,$4.40B,$2.40B,1.84,$0.68B,$0.37B,55.08%,$0.68B,$0.33B,48.31%,$0.68B,$0.33B,48.31%,$0.68B,$0.53B,78.50%,$0.68B,$-0.19B,-28.42%,$0.68B,$-0.20B,-29.90%,$-0.20B,$2.68B,-8.01%,$-0.20B,$2.68B,-8.01%,$-0.20B,$21.02B,-0.98%,$0.33B,$7.08B,5.99%,$165,$70,$95,$0,$12,$82,$83,$-82,$1,$0,$1,$1,$-3,$139,$83,$123,125,$-0.02,$-0.02,$129,$0,$0,$195,$0,$0,$0,$20810,$20824,$21019,$13598,$4396,$345,$4741,$18339,$1,$-478,$311,$2680,$21019,$-128,$169,$242,$411,$0,$0,$0,$-4,$-4,$278,$0,$0,$0,$0,$-683,$-683,$-22,$-705,$2354,$-1900,$454,$-21,$129,$-196,$-43,$345,$-82,$0,$-196
17,2014-06-30,11.17,$21.17,0.53,$5.27,2.12,$8.66,1.29,$-2.05,0.0,$0.20B,$14.75B,0.01,$3.04B,$2.47B,1.23,$0.69B,$0.36B,52.70%,$0.69B,$0.31B,45.69%,$0.69B,$0.31B,45.69%,$0.69B,$0.51B,74.60%,$0.69B,$-0.20B,-29.20%,$0.69B,$-0.21B,-30.51%,$-0.21B,$2.61B,-8.35%,$-0.21B,$2.61B,-8.35%,$-0.21B,$21.43B,-1.01%,$0.31B,$5.65B,6.53%,$171,$69,$101,$0,$12,$81,$90,$-153,$-64,$0,$-64,$-64,$-66,$147,$90,$123,125,$-0.53,$-0.53,$126,$0,$0,$195,$0,$0,$0,$21218,$21231,$21426,$14751,$3042,$1028,$4070,$18821,$1,$-448,$355,$2606,$21426,$-129,$113,$207,$320,$0,$0,$0,$-4,$-4,$187,$0,$0,$0,$0,$247,$247,$-576,$-329,$999,$-728,$271,$-21,$-21,$-131,$-61,$58,$-84,$0,$-131
18,2014-03-31,10.3,$19.88,0.52,$5.05,2.04,$8.85,1.16,$-0.34,0.0,$0.26B,$14.88B,0.02,$2.27B,$2.31B,0.98,$0.69B,$0.36B,51.59%,$0.69B,$0.31B,44.20%,$0.69B,$0.31B,44.20%,$0.69B,$0.50B,72.17%,$0.69B,$0.01B,1.01%,$0.69B,$-0.00B,-0.58%,$-0.00B,$2.45B,-0.16%,$-0.00B,$2.45B,-0.16%,$-0.00B,$20.49B,-0.02%,$0.31B,$4.72B,6.80%,$168,$69,$99,$0,$11,$80,$88,$-152,$-65,$0,$-65,$-65,$-67,$143,$88,$123,125,$-0.54,$-0.54,$188,$0,$0,$255,$0,$0,$0,$20217,$20231,$20486,$14878,$2273,$887,$3161,$18039,$1,$-292,$43,$2447,$20486,$-65,$55,$103,$158,$0,$0,$0,$-4,$-4,$89,$0,$0,$0,$0,$673,$673,$-292,$381,$227,$-599,$-373,$-21,$-21,$-66,$-32,$-492,$-22,$0,$-66
19,2013-12-31,8.91,$19.30,0.46,$4.90,1.82,$9.04,0.98,$0.90,9.89,$0.28B,$15.48B,0.02,$2.04B,$2.27B,0.9,$0.68B,$0.35B,51.32%,$0.68B,$0.30B,43.70%,$0.68B,$0.30B,43.70%,$0.68B,$0.48B,70.67%,$0.68B,$0.16B,23.46%,$0.68B,$0.15B,21.55%,$0.15B,$2.40B,5.63%,$0.15B,$2.40B,5.63%,$0.15B,$20.35B,0.68%,$0.30B,$4.45B,7.05%,$175,$96,$79,$0,$12,$108,$67,$-132,$-65,$0,$-65,$-65,$-67,$104,$67,$133,134,$-0.51,$-0.42,$211,$0,$0,$279,$0,$0,$0,$20058,$20072,$20351,$15482,$2044,$422,$2465,$17948,$1,$-147,$-166,$2403,$20351,$160,$184,$136,$320,$0,$0,$0,$11,$11,$490,$0,$0,$0,$0,$-487,$-487,$-1816,$-2303,$2045,$-241,$1804,$236,$236,$-333,$29,$1737,$-76,$0,$-333
20,2013-09-30,8.74,$18.87,0.46,$4.84,1.81,$9.04,0.97,$2.30,3.8,$0.27B,$15.92B,0.02,$1.81B,$2.42B,0.75,$0.65B,$0.35B,53.83%,$0.65B,$0.30B,46.17%,$0.65B,$0.30B,46.17%,$0.65B,$0.49B,75.61%,$0.65B,$0.32B,48.62%,$0.65B,$0.30B,46.32%,$0.30B,$2.55B,11.35%,$0.30B,$2.55B,11.35%,$0.30B,$20.91B,1.43%,$0.30B,$4.36B,8.00%,$171,$90,$82,$0,$13,$103,$68,$-74,$-6,$0,$-6,$-6,$-9,$117,$68,$135,137,$-0.06,$-0.06,$199,$0,$0,$270,$0,$0,$0,$20621,$20635,$20905,$15921,$1812,$621,$2433,$18354,$1,$-10,$-315,$2551,$20905,$225,$147,$9,$156,$0,$0,$0,$1,$1,$381,$0,$0,$0,$0,$-1097,$-1097,$-1521,$-2618,$1813,$205,$2018,$396,$396,$-262,$-3,$2150,$-87,$0,$-262
21,2013-06-30,8.84,$19.11,0.46,$4.79,1.85,$8.90,0.99,$3.07,2.88,$0.25B,$17.91B,0.01,$1.83B,$2.45B,0.75,$0.62B,$0.35B,56.20%,$0.62B,$0.30B,48.79%,$0.62B,$0.30B,48.79%,$0.62B,$0.49B,78.10%,$0.62B,$0.41B,66.02%,$0.62B,$0.39B,63.45%,$0.39B,$2.58B,14.77%,$0.39B,$2.58B,14.77%,$0.39B,$22.84B,1.91%,$0.30B,$4.42B,9.13%,$176,$79,$96,$0,$14,$94,$82,$61,$143,$0,$143,$143,$139,$134,$82,$135,153,$1.03,$0.95,$170,$0,$0,$248,$0,$0,$0,$22576,$22591,$22839,$17905,$1832,$518,$2350,$20255,$1,$66,$-360,$2583,$22839,$231,$99,$-66,$32,$0,$0,$0,$2,$-4,$259,$0,$0,$0,$0,$-3132,$-3132,$-1564,$-4697,$1832,$2186,$4019,$397,$397,$-170,$76,$4321,$-117,$0,$-170
22,2013-03-31,10.59,$21.68,0.49,$4.83,2.19,$8.95,1.18,$2.80,3.78,$0.35B,$17.89B,0.02,$0.77B,$2.78B,0.28,$0.58B,$0.34B,57.36%,$0.58B,$0.29B,50.34%,$0.58B,$0.29B,50.34%,$0.58B,$0.45B,77.74%,$0.58B,$0.35B,59.42%,$0.58B,$0.33B,57.19%,$0.33B,$2.92B,13.05%,$0.33B,$2.92B,13.05%,$0.33B,$22.10B,1.76%,$0.29B,$3.69B,10.68%,$160,$68,$93,$0,$12,$79,$81,$7,$88,$0,$88,$88,$84,$127,$81,$129,134,$0.65,$0.64,$275,$0,$0,$347,$0,$0,$0,$21743,$21757,$22104,$17892,$774,$523,$1297,$19189,$1,$15,$35,$2915,$22104,$88,$46,$-6,$40,$0,$0,$0,$1,$-6,$122,$0,$0,$0,$0,$-2942,$-2942,$-407,$-3349,$774,$2153,$2927,$381,$381,$-79,$-14,$3216,$-12,$0,$-79
23,2012-12-31,9.2,$22.29,0.41,$4.85,1.9,$8.91,1.03,$2.88,3.2,$0.35B,$15.74B,0.02,$0.00B,$2.45B,0.0,$0.57B,$0.33B,58.13%,$0.57B,$0.29B,51.24%,$0.57B,$0.29B,51.24%,$0.57B,$0.43B,75.80%,$0.57B,$0.34B,60.60%,$0.57B,$0.33B,58.83%,$0.33B,$2.59B,14.06%,$0.33B,$2.59B,14.06%,$0.33B,$18.92B,1.91%,$0.29B,$2.59B,12.24%,$145,$65,$80,$0,$10,$75,$70,$22,$92,$0,$92,$92,$88,$115,$70,$116,117,$0.76,$0.76,$286,$0,$0,$349,$0,$0,$0,$18565,$18565,$18915,$15737,$0,$589,$589,$16325,$1,$19,$86,$2590,$18915,$343,$140,$-50,$90,$0,$0,$0,$-5,$-5,$427,$0,$0,$0,$0,$-3671,$-3671,$-9,$-3680,$0,$3440,$3440,$16,$152,$-306,$57,$3342,$89,$0,$-306
24,2012-09-30,8.83,$22.40,0.39,$5.17,1.71,$8.73,1.01,$2.77,3.19,$0.27B,$14.89B,0.02,$0.00B,$2.45B,0.0,$0.56B,$0.33B,59.39%,$0.56B,$0.29B,52.42%,$0.56B,$0.29B,52.42%,$0.56B,$0.41B,73.70%,$0.56B,$0.33B,58.68%,$0.56B,$0.32B,57.42%,$0.32B,$2.59B,14.58%,$0.32B,$2.59B,14.58%,$0.32B,$18.66B,1.95%,$0.29B,$2.59B,13.31%,$140,$60,$80,$0,$10,$70,$70,$17,$87,$0,$87,$87,$83,$109,$70,$115,117,$0.72,$0.72,$204,$0,$0,$266,$0,$0,$0,$18391,$18391,$18657,$14889,$0,$1183,$1183,$16072,$1,$5,$113,$2585,$18657,$251,$95,$-29,$66,$0,$0,$0,$0,$-8,$309,$0,$0,$0,$0,$-2902,$-2902,$-2,$-2904,$0,$2623,$2623,$0,$136,$-228,$57,$2588,$-6,$0,$-228
25,2012-06-30,7.39,$18.63,0.4,$5.29,1.4,$8.03,0.92,$2.85,2.59,$0.24B,$13.55B,0.02,$0.00B,$2.15B,0.0,$0.56B,$0.34B,61.04%,$0.56B,$0.30B,54.22%,$0.56B,$0.30B,54.22%,$0.56B,$0.40B,71.10%,$0.56B,$0.32B,57.99%,$0.56B,$0.32B,57.27%,$0.32B,$2.15B,15.67%,$0.32B,$2.15B,15.67%,$0.32B,$16.36B,2.05%,$0.30B,$2.15B,14.83%,$139,$57,$82,$0,$10,$66,$73,$7,$80,$0,$80,$80,$79,$103,$73,$115,117,$0.68,$0.68,$183,$0,$0,$240,$0,$0,$0,$16122,$16122,$16362,$13554,$0,$658,$658,$14212,$1,$-3,$-176,$2150,$16362,$164,$56,$-13,$43,$0,$0,$0,$-0,$-3,$204,$0,$0,$0,$0,$-1423,$-1423,$-2,$-1426,$0,$1288,$1288,$0,$0,$-152,$57,$1193,$-29,$0,$-152
26,2012-03-31,6.64,$18.65,0.36,$5.56,1.19,$7.83,0.85,$3.14,2.11,$0.23B,$13.02B,0.02,$0.00B,$2.15B,0.0,$0.53B,$0.33B,63.19%,$0.53B,$0.30B,56.36%,$0.53B,$0.30B,56.36%,$0.53B,$0.37B,69.64%,$0.53B,$0.32B,60.15%,$0.53B,$0.31B,59.39%,$0.31B,$2.15B,16.01%,$0.31B,$2.15B,16.01%,$0.31B,$15.90B,2.14%,$0.30B,$2.15B,15.20%,$142,$55,$87,$0,$10,$65,$77,$7,$84,$0,$84,$84,$83,$102,$77,$115,117,$0.72,$0.72,$172,$0,$0,$228,$0,$0,$0,$15668,$15668,$15896,$13019,$0,$725,$725,$13744,$1,$-7,$-170,$2152,$15896,$84,$25,$-6,$19,$0,$0,$0,$0,$-2,$101,$0,$0,$0,$0,$-877,$-877,$-0,$-877,$0,$753,$753,$-0,$-0,$-76,$57,$734,$-41,$0,$-76
27,2011-12-31,4.75,$16.62,0.29,$5.63,0.84,$7.89,0.6,$3.43,1.38,$0.33B,$12.27B,0.03,$0.00B,$1.92B,0.0,$0.45B,$0.30B,65.86%,$0.45B,$0.27B,59.03%,$0.45B,$0.27B,59.03%,$0.45B,$0.32B,70.04%,$0.45B,$0.29B,63.22%,$0.45B,$0.28B,62.11%,$0.28B,$1.92B,15.60%,$0.28B,$1.92B,15.60%,$0.28B,$14.77B,2.15%,$0.27B,$1.92B,14.83%,$138,$55,$83,$0,$10,$65,$73,$4,$77,$0,$77,$77,$76,$98,$73,$86,88,$0.48,$0.48,$272,$0,$0,$326,$0,$0,$0,$14446,$14446,$14772,$12266,$0,$589,$589,$12855,$1,$-15,$-393,$1917,$14772,$287,$50,$-15,$35,$0,$0,$0,$5,$-17,$305,$0,$0,$0,$0,$-9149,$-9149,$0,$-9149,$0,$7908,$7908,$1297,$1297,$-267,$39,$8977,$134,$0,$-267
28,2011-09-30,4.38,$16.67,0.26,$5.92,0.74,$7.01,0.62,$3.74,1.17,$0.37B,$12.19B,0.03,$0.00B,$1.92B,0.0,$0.37B,$0.26B,69.75%,$0.37B,$0.23B,62.94%,$0.37B,$0.23B,62.94%,$0.37B,$0.26B,70.57%,$0.37B,$0.25B,68.39%,$0.37B,$0.25B,66.76%,$0.25B,$1.92B,15.40%,$0.25B,$1.92B,15.40%,$0.25B,$15.25B,2.25%,$0.23B,$1.92B,14.52%,$138,$50,$88,$0,$9,$59,$79,$3,$82,$0,$82,$82,$81,$93,$79,$103,104,$0.79,$0.79,$312,$0,$0,$367,$0,$0,$0,$14881,$14881,$15249,$12194,$0,$1131,$1131,$13325,$1,$-16,$-386,$1924,$15249,$210,$25,$-12,$13,$0,$0,$0,$4,$-21,$202,$0,$0,$0,$0,$-8656,$-8656,$0,$-8656,$0,$7469,$7469,$1297,$1297,$-174,$-145,$8447,$-7,$0,$-174
29,2011-06-30,5.96,$19.64,0.3,$5.91,1.01,$6.62,0.9,$3.96,1.51,$0.18B,$9.57B,0.02,$0.00B,$1.83B,0.0,$0.27B,$0.20B,73.58%,$0.27B,$0.18B,66.42%,$0.27B,$0.18B,66.42%,$0.27B,$0.19B,70.19%,$0.27B,$0.20B,74.34%,$0.27B,$0.19B,71.70%,$0.19B,$1.83B,15.21%,$0.19B,$1.83B,15.21%,$0.19B,$12.53B,2.46%,$0.18B,$1.83B,13.68%,$109,$34,$75,$0,$7,$41,$68,$7,$74,$0,$74,$74,$73,$74,$68,$73,75,$0.99,$0.99,$134,$0,$0,$180,$0,$0,$0,$12346,$12346,$12527,$9572,$0,$1129,$1129,$10701,$1,$-4,$-90,$1825,$12527,$128,$11,$-10,$1,$0,$0,$0,$3,$-13,$116,$0,$0,$0,$0,$-6172,$-6172,$0,$-6172,$0,$5216,$5216,$887,$887,$-101,$-9,$5993,$-63,$0,$-101
30,2011-03-31,5.64,$21.66,0.26,$5.66,1.0,$6.03,0.94,$3.90,1.45,$0.45B,$5.76B,0.08,$0.00B,$1.56B,0.0,$0.19B,$0.14B,77.30%,$0.19B,$0.13B,69.19%,$0.19B,$0.13B,69.19%,$0.19B,$0.13B,69.73%,$0.19B,$0.15B,78.38%,$0.19B,$0.14B,74.59%,$0.14B,$1.56B,14.85%,$0.14B,$1.56B,14.85%,$0.14B,$9.89B,2.66%,$0.13B,$1.56B,12.73%,$69,$16,$53,$0,$5,$20,$48,$6,$54,$0,$54,$54,$52,$53,$48,$52,53,$1.01,$1.01,$422,$0,$0,$454,$0,$0,$0,$9432,$9432,$9885,$5758,$0,$2565,$2565,$8322,$1,$-6,$63,$1563,$9885,$54,$5,$-4,$1,$0,$0,$0,$1,$-5,$49,$0,$0,$0,$0,$-1637,$-1637,$0,$-1637,$0,$1407,$1407,$470,$470,$-50,$-22,$1805,$217,$0,$-50
31,2010-12-31,5.18,$21.08,0.25,$5.42,0.95,$5.66,0.91,$3.66,1.41,$0.19B,$4.35B,0.04,$0.00B,$1.05B,0.0,$0.13B,$0.10B,77.61%,$0.13B,$0.09B,68.66%,$0.13B,$0.09B,68.66%,$0.13B,$0.09B,64.18%,$0.13B,$0.10B,77.61%,$0.13B,$0.10B,73.13%,$0.10B,$1.05B,15.51%,$0.10B,$1.05B,15.51%,$0.10B,$5.86B,3.16%,$0.09B,$1.05B,12.34%,$51,$11,$40,$0,$4,$15,$36,$5,$41,$0,$41,$41,$39,$39,$36,$26,27,$1.09,$1.09,$165,$0,$0,$187,$0,$0,$0,$5675,$5675,$5862,$4348,$0,$463,$463,$4812,$0,$-8,$24,$1051,$5862,$104,$-7,$-11,$-18,$0,$0,$0,$3,$-14,$72,$0,$0,$0,$0,$-4427,$-4427,$0,$-4427,$-80,$3799,$3718,$831,$831,$-73,$-82,$4395,$40,$0,$-73
32,2010-09-30,4.68,$21.39,0.22,$5.98,0.78,$5.27,0.89,$3.71,1.26,$0.07B,$1.75B,0.04,$0.15B,$0.56B,0.27,$0.10B,$0.07B,77.08%,$0.10B,$0.06B,66.67%,$0.10B,$0.06B,66.67%,$0.10B,$0.05B,56.25%,$0.10B,$0.07B,76.04%,$0.10B,$0.07B,70.83%,$0.07B,$0.56B,16.13%,$0.07B,$0.56B,16.13%,$0.07B,$2.59B,3.67%,$0.06B,$0.71B,11.52%,$36,$9,$27,$0,$3,$12,$24,$3,$28,$0,$28,$28,$26,$20,$24,$26,27,$1.01,$1.01,$61,$0,$0,$72,$0,$0,$0,$2522,$2522,$2593,$1752,$152,$133,$285,$2036,$0,$1,$11,$557,$2593,$63,$-10,$-6,$-16,$0,$0,$0,$2,$-4,$43,$0,$0,$0,$0,$-1591,$-1591,$0,$-1591,$71,$1203,$1274,$342,$342,$-45,$-26,$1545,$-4,$0,$-45
33,2010-06-30,3.99,$20.99,0.19,$5.74,0.7,$4.02,0.99,$3.30,1.21,$0.06B,$1.68B,0.03,$0.15B,$0.55B,0.28,$0.07B,$0.06B,78.87%,$0.07B,$0.05B,66.20%,$0.07B,$0.05B,66.20%,$0.07B,$0.04B,57.75%,$0.07B,$0.05B,73.24%,$0.07B,$0.05B,67.61%,$0.05B,$0.55B,14.28%,$0.05B,$0.55B,14.28%,$0.05B,$2.44B,3.36%,$0.05B,$0.70B,10.48%,$29,$6,$23,$0,$3,$9,$20,$2,$22,$0,$22,$22,$21,$17,$20,$23,24,$0.91,$0.91,$47,$0,$0,$58,$0,$0,$0,$2381,$2381,$2439,$1679,$152,$61,$213,$1892,$0,$1,$1,$547,$2439,$35,$-5,$-3,$-8,$0,$0,$0,$1,$-4,$23,$0,$0,$0,$0,$-1533,$-1533,$0,$-1533,$71,$1130,$1202,$342,$342,$-25,$-16,$1502,$-8,$0,$-25
