,Date,Stock Price,Book Value per Share,Price to Book Ratio,TTM Sales per Share,Price to Sales Ratio,TTM FCF per Share,Price to FCF Ratio,TTM Net EPS,PE Ratio,Current Assets,Current Liabilities,Current Ratio,Long Term Debt,Shareholder's Equity_x,Debt to Equity Ratio,TTM Revenue_x,TTM Gross Profit,Gross Margin,TTM Revenue_y,TTM Operating Income,Operating Margin,TTM Revenue_x,TTM EBIT,EBIT Margin,TTM Revenue_y,TTM EBITDA,EBITDA Margin,TTM Revenue_x,TTM Pre-Tax Income,Pre-Tax Margin,TTM Revenue_y,TTM Net Income_x,Net Margin,TTM Net Income_y,Shareholder's Equity_y,Return on Equity,TTM Net Income_x,Tangible Equity,Return on Tangible Equity,TTM Net Income_y,Total Assets,Return on Assets,TTM Net Income,LT Investments & Debt,Return on Investment,revenue,cost-goods-sold,gross-profit,research-development-expenses,selling-general-administrative-expenses,operating-expenses,operating-income,total-non-operating-income-expense,pre-tax-income,total-provision-income-taxes,income-after-taxes,income-from-continuous-operations,net-income,ebitda,ebit,basic-shares-outstanding,shares-outstanding,eps-basic-net-earnings-per-share,eps-earnings-per-share-diluted,cash-on-hand,inventory,other-current-assets,total-current-assets,net-property-plant-equipment,long-term-investments,goodwill-intangible-assets-total,other-long-term-assets,total-long-term-assets,total-assets,total-current-liabilities,long-term-debt,other-non-current-liabilities,total-long-term-liabilities,total-liabilities,common-stock-net,retained-earnings-accumulated-deficit,comprehensive-income,total-share-holder-equity,total-liabilities-share-holders-equity,net-income-loss,total-depreciation-amortization-cash-flow,other-non-cash-items,total-non-cash-items,change-in-accounts-receivable,change-in-inventories,change-in-accounts-payable,change-in-assets-liabilities,total-change-in-assets-liabilities,cash-flow-from-operating-activities,net-change-in-property-plant-equipment,net-change-in-intangible-assets,net-acquisitions-divestitures,net-change-in-short-term-investments,net-change-in-long-term-investments,net-change-in-investments-total,investing-activities-other,cash-flow-from-investing-activities,net-long-term-debt,net-current-debt,debt-issuance-retirement-net-total,net-common-equity-issued-repurchased,net-total-equity-issued-repurchased,total-common-preferred-stock-dividends-paid,financial-activities-other,cash-flow-from-financial-activities,net-cash-flow,stock-based-compensation,common-stock-dividends-paid
0,2018-09-30,22.88,$22.66,1.01,$13.48,1.7,$5.29,4.33,$2.85,8.03,$22.50B,$14.51B,1.55,$7.64B,$9.32B,0.82,$5.44B,$3.81B,70.06%,$5.44B,$1.32B,24.20%,$5.44B,$1.32B,24.20%,$5.44B,$1.46B,26.79%,$5.44B,$1.39B,25.56%,$5.44B,$1.14B,21.01%,$1.14B,$9.32B,12.48%,$1.14B,$-0.15B,337.62%,$1.14B,$32.50B,3.56%,$1.32B,$16.95B,8.01%,$1342,$408,$934,$0,$612,$1020,$322,$20,$342,$61,$281,$281,$270,$362,$322,$414,414,$0.65,$0.65,$1914,$0,$12268,$22498,$469,$0,$9468,$69,$10006,$32504,$14507,$7635,$316,$8678,$23185,$98,$5893,$-586,$9319,$32504,$788,$106,$72,$177,$-281,$-228,$208,$0,$-301,$662,$-68,$0,$-1469,$0,$-1145,$-1145,$0,$-2683,$945,$737,$1682,$-50,$-50,$-368,$320,$1584,$-603,$125,$-368
1,2018-06-30,26.23,$22.24,1.18,$13.50,1.94,$5.54,4.74,$2.85,9.21,$21.73B,$14.40B,1.51,$7.97B,$9.14B,0.87,$5.43B,$3.83B,70.54%,$5.43B,$1.35B,24.91%,$5.43B,$1.35B,24.91%,$5.43B,$1.48B,27.32%,$5.43B,$1.45B,26.61%,$5.43B,$1.14B,20.99%,$1.14B,$9.14B,12.73%,$1.14B,$-0.33B,238.00%,$1.14B,$32.46B,3.62%,$1.35B,$17.11B,8.50%,$1361,$409,$952,$0,$620,$1029,$331,$-17,$314,$72,$242,$242,$238,$364,$331,$401,401,$0.59,$0.59,$1834,$0,$12200,$21732,$476,$733,$9466,$53,$10727,$32459,$14400,$7970,$352,$8923,$23323,$98,$5747,$-564,$9136,$32459,$507,$66,$42,$108,$-145,$10,$-87,$0,$-222,$397,$-46,$0,$-1469,$0,$-302,$-302,$0,$-1818,$94,$879,$973,$-47,$-47,$-244,$113,$795,$-684,$82,$-244
2,2018-03-31,31.28,$22.37,1.4,$13.26,2.36,$5.48,5.71,$2.84,11.02,$22.91B,$14.91B,1.54,$6.58B,$9.19B,0.72,$5.32B,$3.77B,70.77%,$5.32B,$1.34B,25.17%,$5.32B,$1.34B,25.17%,$5.32B,$1.47B,27.52%,$5.32B,$1.47B,27.67%,$5.32B,$1.13B,21.30%,$1.13B,$9.19B,13.01%,$1.13B,$1.03B,164.71%,$1.13B,$31.62B,3.72%,$1.34B,$15.77B,8.83%,$1356,$419,$937,$0,$616,$1035,$321,$13,$334,$68,$265,$265,$246,$355,$321,$399,400,$0.62,$0.62,$2122,$0,$12902,$22907,$484,$0,$8164,$65,$8713,$31619,$14906,$6579,$350,$7523,$22429,$98,$5627,$-331,$9190,$31619,$265,$34,$-9,$25,$26,$3,$-378,$0,$-348,$-52,$-21,$0,$0,$0,$-277,$-277,$0,$-298,$51,$0,$51,$-39,$-39,$-120,$63,$-45,$-395,$41,$-120
3,2017-12-31,35.4,$22.00,1.61,$12.88,2.75,$5.91,5.99,$2.74,12.92,$22.97B,$14.82B,1.55,$6.88B,$8.96B,0.77,$5.16B,$3.67B,71.19%,$5.16B,$1.28B,24.74%,$5.16B,$1.28B,24.74%,$5.16B,$1.39B,27.01%,$5.16B,$1.43B,27.69%,$5.16B,$1.09B,21.20%,$1.09B,$8.96B,13.06%,$1.09B,$0.81B,219.57%,$1.09B,$31.67B,3.74%,$1.28B,$15.83B,8.63%,$1376,$391,$985,$0,$644,$1035,$341,$59,$399,$-23,$423,$423,$388,$375,$341,$397,398,$1.00,$1.00,$2518,$0,$12445,$22967,$491,$0,$8149,$62,$8702,$31669,$14820,$6876,$499,$7893,$22713,$98,$5489,$-391,$8956,$31669,$1161,$117,$227,$344,$-3419,$-343,$3441,$226,$-95,$1371,$-112,$0,$-299,$72,$-622,$-550,$0,$-961,$402,$-29,$374,$-64,$-64,$-472,$331,$169,$678,$175,$-472
4,2017-09-30,33.67,$21.00,1.6,$12.39,2.72,$2.80,12.01,$2.30,14.64,$21.69B,$14.42B,1.5,$6.40B,$8.55B,0.75,$4.98B,$3.53B,70.96%,$4.98B,$1.23B,24.70%,$4.98B,$1.23B,24.70%,$4.98B,$1.34B,26.89%,$4.98B,$1.34B,26.93%,$4.98B,$0.93B,18.59%,$0.93B,$8.55B,11.51%,$0.93B,$0.41B,291.65%,$0.93B,$30.37B,3.34%,$1.23B,$14.95B,8.57%,$1338,$380,$957,$0,$597,$977,$360,$37,$398,$123,$275,$275,$268,$390,$360,$410,411,$0.65,$0.65,$2202,$0,$12103,$21691,$483,$0,$8135,$64,$8682,$30373,$14424,$6399,$340,$7400,$21824,$98,$5200,$-449,$8549,$30373,$738,$82,$202,$284,$-3134,$-278,$3190,$0,$-222,$773,$-83,$0,$-299,$0,$-121,$-121,$0,$-503,$-75,$-29,$-104,$-59,$-59,$-353,$294,$-221,$132,$135,$-353
5,2017-06-30,33.52,$20.09,1.67,$12.13,2.76,$2.32,14.44,$2.23,15.03,$20.02B,$12.98B,1.54,$6.00B,$8.17B,0.74,$4.84B,$3.42B,70.54%,$4.84B,$1.18B,24.28%,$4.84B,$1.18B,24.28%,$4.84B,$1.28B,26.45%,$4.84B,$1.29B,26.61%,$4.84B,$0.89B,18.41%,$0.89B,$8.17B,11.35%,$0.89B,$0.51B,346.41%,$0.89B,$28.25B,3.41%,$1.18B,$14.18B,8.36%,$1254,$366,$889,$0,$570,$936,$318,$24,$342,$93,$250,$250,$232,$345,$318,$398,398,$0.58,$0.58,$1974,$0,$10717,$20024,$482,$0,$7667,$76,$8224,$28249,$12982,$6004,$393,$7092,$20075,$98,$5051,$-594,$8174,$28249,$464,$53,$211,$263,$-2325,$-246,$2235,$0,$-335,$383,$-60,$0,$0,$0,$120,$120,$0,$60,$-498,$-29,$-527,$-57,$-57,$-234,$230,$-588,$-96,$93,$-234
6,2017-03-31,28.92,$19.26,1.5,$11.90,2.43,$1.87,15.43,$2.19,13.21,$18.47B,$11.31B,1.63,$6.37B,$7.83B,0.81,$4.78B,$3.37B,70.50%,$4.78B,$1.16B,24.27%,$4.78B,$1.16B,24.27%,$4.78B,$1.26B,26.43%,$4.78B,$1.27B,26.51%,$4.78B,$0.88B,18.39%,$0.88B,$7.83B,11.34%,$0.88B,$0.27B,659.66%,$0.88B,$26.60B,3.52%,$1.16B,$14.20B,8.37%,$1193,$349,$843,$0,$585,$935,$258,$32,$290,$76,$214,$214,$206,$284,$258,$396,396,$0.52,$0.52,$1933,$0,$9231,$18474,$468,$0,$7569,$88,$8125,$26599,$11310,$6367,$491,$7455,$18766,$98,$4931,$-744,$7833,$26599,$214,$26,$182,$209,$-1158,$-89,$956,$0,$-290,$127,$-27,$0,$0,$0,$-17,$-17,$0,$-44,$-177,$-9,$-186,$-53,$-53,$-115,$130,$-224,$-138,$49,$-115
7,2016-12-31,28.4,$18.85,1.51,$11.71,2.43,$1.48,19.18,$2.05,13.85,$17.65B,$10.35B,1.71,$6.51B,$7.61B,0.86,$4.74B,$3.33B,70.26%,$4.74B,$1.18B,24.84%,$4.74B,$1.18B,24.84%,$4.74B,$1.28B,26.99%,$4.74B,$1.21B,25.49%,$4.74B,$0.83B,17.53%,$0.83B,$7.61B,10.67%,$0.83B,$0.08B,575.39%,$0.83B,$25.73B,3.46%,$1.18B,$14.12B,8.66%,$1195,$350,$845,$0,$551,$901,$294,$17,$311,$93,$218,$218,$220,$320,$294,$403,403,$0.56,$0.56,$2070,$0,$8224,$17646,$465,$0,$7529,$95,$8088,$25734,$10350,$6506,$673,$7772,$18123,$98,$4833,$-809,$7612,$25734,$868,$101,$168,$269,$-3392,$-487,$3446,$-509,$-943,$171,$-148,$0,$-122,$33,$-754,$-721,$0,$-991,$1156,$29,$1185,$-577,$-577,$-460,$280,$428,$-523,$160,$-460
8,2016-09-30,29.01,$19.15,1.51,$11.70,2.48,$3.82,7.59,$1.98,14.65,$15.96B,$9.42B,1.69,$5.93B,$7.82B,0.76,$4.78B,$3.35B,70.00%,$4.78B,$1.19B,24.81%,$4.78B,$1.19B,24.81%,$4.78B,$1.29B,26.92%,$4.78B,$1.18B,24.64%,$4.78B,$0.81B,16.88%,$0.81B,$7.82B,10.02%,$0.81B,$0.17B,194.46%,$0.81B,$24.14B,3.38%,$1.19B,$13.76B,8.41%,$1202,$362,$840,$0,$533,$895,$306,$39,$346,$90,$256,$256,$234,$332,$306,$400,401,$0.58,$0.58,$1896,$0,$7388,$15959,$445,$0,$7651,$84,$8179,$24138,$9424,$5933,$268,$6889,$16313,$98,$4721,$-574,$7824,$24138,$650,$76,$105,$181,$-2258,$-132,$2214,$-66,$-242,$582,$-101,$0,$-122,$34,$-563,$-529,$0,$-752,$630,$0,$630,$-425,$-425,$-346,$118,$-23,$-270,$118,$-346
9,2016-06-30,23.47,$18.86,1.24,$11.75,2.0,$3.74,6.28,$1.98,11.85,$15.28B,$9.15B,1.67,$5.60B,$7.73B,0.73,$4.85B,$3.39B,69.81%,$4.85B,$1.23B,25.41%,$4.85B,$1.23B,25.41%,$4.85B,$1.33B,27.41%,$4.85B,$1.17B,24.20%,$4.85B,$0.82B,16.82%,$0.82B,$7.73B,9.82%,$0.82B,$0.01B,120.22%,$0.82B,$23.50B,3.39%,$1.23B,$13.33B,8.38%,$1189,$348,$841,$0,$540,$888,$302,$19,$320,$84,$237,$237,$219,$327,$302,$406,407,$0.54,$0.54,$1704,$0,$6620,$15283,$432,$0,$7719,$69,$8220,$23503,$9154,$5602,$314,$6619,$15773,$98,$4596,$-514,$7730,$23503,$394,$50,$73,$122,$-1824,$-119,$1639,$-9,$-312,$214,$-65,$0,$-122,$2,$-297,$-296,$0,$-483,$311,$0,$311,$-244,$-244,$-231,$87,$-76,$-405,$79,$-231
10,2016-03-31,28.01,$19.08,1.47,$11.95,2.34,$4.34,6.45,$2.04,13.73,$14.50B,$8.60B,1.69,$5.13B,$7.96B,0.65,$4.98B,$3.45B,69.28%,$4.98B,$1.30B,26.00%,$4.98B,$1.30B,26.00%,$4.98B,$1.39B,27.91%,$4.98B,$1.21B,24.23%,$4.98B,$0.85B,17.02%,$0.85B,$7.96B,9.80%,$0.85B,$0.31B,85.23%,$0.85B,$22.66B,3.55%,$1.30B,$13.10B,8.40%,$1149,$347,$802,$0,$527,$874,$274,$-45,$230,$72,$158,$158,$157,$299,$274,$408,408,$0.38,$0.38,$1622,$0,$6578,$14498,$429,$0,$7654,$78,$8161,$22658,$8598,$5134,$182,$6098,$14696,$98,$4488,$-349,$7963,$22658,$158,$25,$91,$116,$-994,$-83,$680,$86,$-311,$-32,$-26,$0,$-33,$3,$-51,$-48,$0,$-107,$-47,$0,$-47,$-162,$-162,$-113,$72,$-250,$-397,$39,$-113
11,2015-12-31,30.17,$20.83,1.45,$12.20,2.47,$4.30,7.02,$2.26,13.35,$17.01B,$8.14B,2.09,$7.51B,$8.70B,0.86,$5.12B,$3.54B,69.15%,$5.12B,$1.36B,26.52%,$5.12B,$1.36B,26.52%,$5.12B,$1.45B,28.34%,$5.12B,$1.36B,26.58%,$5.12B,$0.94B,18.42%,$0.94B,$8.70B,10.63%,$0.94B,$1.17B,77.89%,$0.94B,$25.07B,3.98%,$1.36B,$16.21B,8.43%,$1240,$375,$865,$0,$561,$936,$304,$-22,$282,$87,$195,$195,$197,$329,$304,$418,418,$0.48,$0.48,$2215,$0,$6371,$17010,$427,$0,$7530,$107,$8064,$25073,$8138,$7510,$274,$8240,$16378,$98,$4440,$-446,$8696,$25073,$964,$94,$13,$106,$-4490,$0,$4517,$29,$57,$1128,$-125,$0,$0,$6,$-547,$-540,$0,$-665,$1014,$0,$1014,$-620,$-620,$-455,$9,$-52,$337,$150,$-455
12,2015-09-30,27.9,$20.89,1.34,$12.26,2.28,$4.42,6.31,$2.40,11.63,$16.83B,$7.92B,2.13,$7.36B,$8.86B,0.83,$5.16B,$3.56B,69.00%,$5.16B,$1.40B,27.18%,$5.16B,$1.40B,27.18%,$5.16B,$1.49B,28.93%,$5.16B,$1.41B,27.26%,$5.16B,$1.00B,19.43%,$1.00B,$8.86B,11.16%,$1.00B,$1.23B,80.63%,$1.00B,$24.96B,4.44%,$1.40B,$16.22B,8.75%,$1274,$392,$881,$0,$529,$921,$353,$-11,$342,$100,$241,$241,$243,$375,$353,$418,418,$0.58,$0.58,$2178,$0,$5826,$16834,$416,$0,$7627,$86,$8128,$24962,$7917,$7359,$338,$8190,$16106,$98,$4351,$-328,$8856,$24962,$769,$69,$3,$72,$-4168,$0,$4065,$-187,$-291,$556,$-88,$0,$0,$7,$-408,$-401,$0,$-490,$634,$100,$734,$-332,$-332,$-341,$-8,$53,$77,$113,$-341
13,2015-06-30,33.25,$21.19,1.57,$12.31,2.7,$5.50,6.04,$2.41,13.8,$14.60B,$5.92B,2.47,$7.03B,$9.09B,0.77,$5.20B,$3.57B,68.70%,$5.20B,$1.38B,26.55%,$5.20B,$1.38B,26.55%,$5.20B,$1.47B,28.26%,$5.20B,$1.41B,27.16%,$5.20B,$1.01B,19.41%,$1.01B,$9.09B,11.14%,$1.01B,$1.28B,82.13%,$1.01B,$22.90B,4.73%,$1.38B,$16.12B,8.71%,$1318,$413,$905,$0,$541,$954,$364,$-11,$353,$109,$244,$244,$251,$387,$364,$421,421,$0.60,$0.60,$1781,$0,$3780,$14595,$410,$0,$7810,$83,$8303,$22898,$5921,$7030,$327,$7893,$13813,$98,$4218,$-95,$9085,$22898,$528,$46,$-14,$32,$-2050,$0,$1859,$83,$-108,$459,$-50,$0,$0,$-18,$-330,$-347,$0,$-398,$296,$8,$304,$-157,$-157,$-225,$-26,$-104,$-49,$77,$-225
14,2015-03-31,34.97,$20.60,1.7,$12.22,2.86,$5.71,6.12,$2.44,14.33,$13.78B,$5.13B,2.69,$7.08B,$8.87B,0.8,$5.17B,$3.55B,68.57%,$5.17B,$1.37B,26.52%,$5.17B,$1.37B,26.52%,$5.17B,$1.46B,28.22%,$5.17B,$1.48B,28.68%,$5.17B,$1.03B,19.83%,$1.03B,$8.87B,11.25%,$1.03B,$1.18B,85.72%,$1.03B,$21.96B,4.98%,$1.37B,$15.95B,8.78%,$1292,$399,$893,$0,$554,$954,$338,$47,$385,$101,$284,$284,$253,$361,$338,$421,421,$0.60,$0.60,$1614,$0,$2887,$13781,$393,$0,$7696,$91,$8180,$21961,$5132,$7080,$321,$7956,$13088,$98,$4078,$-254,$8873,$21961,$284,$23,$-41,$-18,$-1633,$0,$1313,$1,$-320,$-56,$-23,$0,$0,$-25,$-319,$-344,$0,$-367,$359,$11,$370,$-76,$-76,$-108,$-7,$179,$-295,$41,$-108
15,2014-12-31,34.6,$21.21,1.63,$12.06,2.87,$5.35,6.47,$2.27,15.24,$12.14B,$3.85B,3.15,$6.73B,$9.12B,0.74,$5.15B,$3.52B,68.30%,$5.15B,$1.28B,24.81%,$5.15B,$1.28B,24.81%,$5.15B,$1.37B,26.53%,$5.15B,$1.40B,27.12%,$5.15B,$0.96B,18.65%,$0.96B,$9.12B,10.52%,$0.96B,$1.29B,86.49%,$0.96B,$20.45B,4.75%,$1.28B,$15.85B,8.27%,$1277,$395,$882,$0,$534,$929,$348,$-22,$327,$100,$227,$227,$256,$370,$348,$423,423,$0.62,$0.62,$1918,$0,$2004,$12142,$403,$0,$7826,$80,$8308,$20450,$3853,$6726,$281,$7478,$11330,$98,$3944,$49,$9120,$20450,$1001,$89,$88,$178,$-266,$0,$166,$150,$50,$1200,$-133,$0,$61,$-11,$-1744,$-1755,$0,$-1827,$1275,$0,$1275,$-259,$-259,$-424,$271,$863,$183,$138,$-424
16,2014-09-30,34.35,$21.21,1.62,$11.87,2.89,$4.43,7.76,$2.29,15.0,$11.63B,$3.81B,3.05,$6.30B,$9.14B,0.69,$5.10B,$3.46B,67.96%,$5.10B,$1.22B,23.98%,$5.10B,$1.22B,23.98%,$5.10B,$1.31B,25.75%,$5.10B,$1.41B,27.63%,$5.10B,$0.96B,18.82%,$0.96B,$9.14B,10.55%,$0.96B,$1.17B,96.09%,$0.96B,$20.08B,4.82%,$1.22B,$15.44B,8.06%,$1311,$420,$891,$0,$561,$981,$330,$18,$347,$95,$252,$252,$249,$351,$330,$423,423,$0.59,$0.59,$1591,$0,$1844,$11631,$367,$0,$7972,$111,$8450,$20081,$3811,$6299,$349,$7131,$10942,$98,$3821,$253,$9139,$20081,$775,$67,$2,$69,$-234,$0,$120,$308,$195,$1017,$-87,$0,$61,$-11,$-1413,$-1424,$0,$-1450,$834,$0,$834,$-211,$-211,$-316,$169,$476,$21,$104,$-316
17,2014-06-30,32.64,$21.60,1.51,$11.38,2.87,$3.39,9.62,$2.21,14.77,$11.22B,$3.98B,2.82,$5.89B,$9.32B,0.63,$4.96B,$3.36B,67.84%,$4.96B,$1.18B,23.76%,$4.96B,$1.18B,23.76%,$4.96B,$1.27B,25.60%,$4.96B,$1.40B,28.32%,$4.96B,$0.94B,18.92%,$0.94B,$9.32B,10.33%,$0.94B,$1.15B,99.34%,$0.94B,$19.90B,4.79%,$1.18B,$15.21B,7.89%,$1290,$411,$879,$0,$525,$935,$355,$69,$424,$107,$317,$317,$267,$377,$355,$424,424,$0.63,$0.63,$1488,$0,$1867,$11222,$355,$0,$8178,$144,$8677,$19900,$3978,$5890,$201,$6598,$10577,$98,$3680,$510,$9323,$19900,$524,$46,$-15,$31,$-403,$0,$163,$259,$19,$550,$-50,$0,$61,$-37,$-943,$-981,$0,$-970,$420,$0,$420,$-164,$-164,$-207,$221,$269,$-135,$70,$-207
18,2014-03-31,31.77,$20.58,1.54,$10.86,2.92,$2.69,11.81,$2.03,15.65,$11.75B,$4.60B,2.56,$6.35B,$8.91B,0.71,$4.80B,$3.25B,67.75%,$4.80B,$1.10B,22.84%,$4.80B,$1.10B,22.84%,$4.80B,$1.19B,24.73%,$4.80B,$1.27B,26.48%,$4.80B,$0.87B,18.20%,$0.87B,$8.91B,9.78%,$0.87B,$0.83B,103.55%,$0.87B,$20.35B,4.57%,$1.10B,$15.26B,7.49%,$1270,$405,$864,$0,$620,$1025,$244,$54,$298,$89,$209,$209,$188,$268,$244,$437,437,$0.43,$0.43,$1759,$0,$1618,$11745,$342,$0,$8071,$187,$8601,$20346,$4598,$6351,$0,$6843,$11441,$98,$3526,$380,$8906,$20346,$207,$23,$-5,$19,$-521,$0,$272,$-196,$-445,$-219,$-21,$0,$0,$9,$-532,$-523,$0,$-545,$554,$0,$554,$-118,$-118,$-98,$71,$408,$-353,$37,$-98
19,2013-12-31,31.05,$20.73,1.5,$10.44,2.97,$2.12,14.64,$2.09,14.86,$10.61B,$3.74B,2.84,$5.77B,$8.98B,0.64,$4.65B,$3.16B,67.94%,$4.65B,$1.12B,24.11%,$4.65B,$1.12B,24.11%,$4.65B,$1.21B,26.03%,$4.65B,$1.26B,27.04%,$4.65B,$0.91B,19.55%,$0.91B,$8.98B,10.18%,$0.91B,$0.85B,113.11%,$0.91B,$19.27B,4.86%,$1.12B,$14.75B,7.74%,$1225,$396,$829,$0,$536,$932,$293,$45,$339,$74,$264,$264,$255,$316,$293,$432,433,$0.64,$0.65,$1915,$0,$1525,$10607,$351,$0,$8131,$182,$8664,$19271,$3738,$5770,$462,$6556,$10293,$98,$3466,$428,$8977,$19271,$983,$88,$-9,$79,$-593,$0,$655,$-309,$-247,$780,$-88,$0,$135,$-105,$-181,$-287,$0,$-240,$1472,$-587,$886,$-453,$-453,$-380,$-113,$-59,$496,$133,$-380
20,2013-09-30,27.03,$20.58,1.31,$9.86,2.74,$2.11,12.8,$1.80,15.02,$10.15B,$3.92B,2.59,$5.39B,$9.12B,0.59,$4.44B,$3.00B,67.53%,$4.44B,$1.03B,23.17%,$4.44B,$1.03B,23.17%,$4.44B,$1.12B,25.17%,$4.44B,$1.09B,24.45%,$4.44B,$0.81B,18.28%,$0.81B,$9.12B,9.08%,$0.81B,$0.95B,105.52%,$0.81B,$18.76B,4.45%,$1.03B,$14.51B,7.19%,$1172,$381,$791,$0,$505,$886,$286,$57,$343,$93,$250,$250,$228,$308,$286,$448,449,$0.51,$0.51,$1620,$0,$1650,$10152,$336,$0,$8167,$108,$8611,$18764,$3920,$5391,$0,$5725,$9644,$98,$3281,$435,$9119,$18764,$652,$66,$81,$147,$-710,$0,$688,$-165,$-188,$590,$-67,$0,$-1,$-7,$56,$49,$0,$-19,$64,$202,$265,$-108,$-108,$-279,$-114,$-236,$339,$103,$-279
21,2013-06-30,26.75,$19.77,1.35,$9.49,2.82,$1.50,17.85,$1.67,16.02,$5.02B,$3.43B,1.46,$5.28B,$8.75B,0.6,$4.28B,$2.90B,67.62%,$4.28B,$0.95B,22.27%,$4.28B,$0.95B,22.27%,$4.28B,$1.04B,24.35%,$4.28B,$0.97B,22.62%,$4.28B,$0.76B,17.63%,$0.76B,$8.75B,8.43%,$0.76B,$0.74B,101.07%,$0.76B,$18.14B,4.19%,$0.95B,$14.04B,6.72%,$1136,$366,$770,$0,$494,$862,$274,$18,$292,$84,$208,$208,$203,$296,$274,$449,450,$0.45,$0.45,$1277,$0,$1431,$5019,$329,$4688,$8010,$29,$13120,$18139,$3430,$5284,$311,$5955,$9385,$98,$3146,$244,$8754,$18139,$403,$44,$80,$124,$-712,$0,$534,$-76,$-254,$256,$-40,$0,$-1,$-2,$-35,$-37,$0,$-78,$45,$260,$304,$-110,$-110,$-178,$-77,$-61,$81,$69,$-178
22,2013-03-31,24.21,$19.88,1.22,$9.12,2.65,$1.48,16.33,$1.56,15.52,$4.90B,$3.29B,1.49,$5.74B,$8.84B,0.65,$4.13B,$2.79B,67.62%,$4.13B,$0.88B,21.31%,$4.13B,$0.88B,21.31%,$4.13B,$0.97B,23.57%,$4.13B,$0.96B,23.35%,$4.13B,$0.71B,17.10%,$0.71B,$8.84B,7.80%,$0.71B,$0.67B,89.82%,$0.71B,$18.54B,3.90%,$0.88B,$14.58B,6.08%,$1112,$346,$766,$0,$498,$845,$267,$15,$282,$86,$196,$196,$222,$289,$267,$448,449,$0.50,$0.49,$1649,$0,$1284,$4904,$337,$5023,$8170,$28,$13631,$18535,$3288,$5736,$325,$6408,$9695,$98,$3054,$335,$8839,$18535,$200,$22,$34,$57,$-607,$-470,$354,$0,$-723,$-485,$-18,$0,$0,$23,$142,$165,$0,$146,$196,$329,$524,$-40,$-40,$-77,$12,$419,$49,$34,$-77
23,2012-12-31,21.67,$20.50,1.06,$8.91,2.43,$2.22,9.78,$1.50,14.45,$8.66B,$3.05B,2.84,$5.09B,$9.05B,0.56,$4.05B,$2.74B,67.71%,$4.05B,$0.84B,20.81%,$4.05B,$0.84B,20.81%,$4.05B,$0.94B,23.15%,$4.05B,$0.83B,20.49%,$4.05B,$0.68B,16.74%,$0.68B,$9.05B,7.43%,$0.68B,$0.71B,82.21%,$0.68B,$17.49B,3.70%,$0.84B,$14.13B,5.76%,$1021,$349,$672,$0,$467,$819,$202,$-33,$169,$54,$115,$115,$159,$225,$202,$452,454,$0.35,$0.34,$1123,$0,$1154,$8660,$350,$0,$8336,$147,$8832,$17492,$3047,$5085,$0,$5397,$8443,$98,$2930,$531,$9049,$17492,$587,$95,$189,$284,$114,$0,$-121,$-36,$-44,$819,$-99,$0,$-37,$-35,$72,$37,$16,$-82,$82,$48,$129,$-242,$-242,$-289,$-244,$-646,$108,$136,$-289
24,2012-09-30,20.61,$20.71,0.99,$8.57,2.4,$2.50,8.24,$1.59,12.96,$4.16B,$3.18B,1.31,$4.81B,$9.20B,0.52,$3.92B,$2.66B,67.88%,$3.92B,$0.84B,21.37%,$3.92B,$0.84B,21.37%,$3.92B,$0.93B,23.77%,$3.92B,$1.03B,26.32%,$3.92B,$0.72B,18.41%,$0.72B,$9.20B,7.88%,$0.72B,$0.86B,82.57%,$0.72B,$17.86B,3.84%,$0.84B,$14.00B,5.56%,$1014,$326,$688,$0,$474,$803,$211,$15,$226,$72,$154,$154,$171,$233,$211,$451,453,$0.38,$0.38,$1433,$0,$1221,$4161,$330,$4941,$8336,$17,$13700,$17861,$3184,$4807,$359,$5479,$8664,$98,$2879,$538,$9197,$17861,$459,$73,$191,$263,$152,$-296,$-231,$0,$-375,$318,$-68,$0,$-6,$-41,$134,$93,$16,$36,$-62,$216,$153,$-173,$-173,$-212,$14,$-217,$153,$103,$-212
25,2012-06-30,18.5,$20.48,0.9,$8.50,2.18,$3.24,5.71,$1.57,11.78,$3.67B,$2.73B,1.35,$6.08B,$9.12B,0.67,$3.90B,$2.65B,68.03%,$3.90B,$0.85B,21.89%,$3.90B,$0.85B,21.89%,$3.90B,$0.96B,24.63%,$3.90B,$0.95B,24.30%,$3.90B,$0.72B,18.38%,$0.72B,$9.12B,7.89%,$0.72B,$0.90B,83.42%,$0.72B,$18.61B,3.72%,$0.85B,$15.20B,5.49%,$982,$316,$666,$0,$465,$782,$200,$87,$287,$61,$226,$226,$154,$226,$200,$454,455,$0.34,$0.34,$1099,$0,$1154,$3673,$315,$6270,$8218,$18,$14940,$18613,$2725,$6078,$384,$6769,$9494,$98,$2879,$390,$9119,$18613,$302,$51,$129,$180,$263,$-46,$-441,$0,$-224,$247,$-37,$0,$-6,$-44,$-101,$-145,$0,$-187,$-86,$272,$187,$-138,$-138,$-134,$12,$-73,$-9,$67,$-134
26,2012-03-31,21.66,$20.38,1.06,$8.63,2.51,$3.00,7.22,$1.62,13.37,$4.01B,$3.38B,1.19,$6.12B,$9.13B,0.67,$3.99B,$2.72B,68.09%,$3.99B,$0.89B,22.24%,$3.99B,$0.89B,22.24%,$3.99B,$1.00B,25.07%,$3.99B,$0.87B,21.71%,$3.99B,$0.75B,18.70%,$0.75B,$9.13B,8.19%,$0.75B,$0.82B,89.69%,$0.75B,$19.33B,3.76%,$0.89B,$15.26B,5.56%,$1034,$317,$717,$0,$485,$804,$230,$-81,$148,$74,$75,$75,$194,$254,$230,$454,456,$0.43,$0.43,$1069,$0,$1245,$4014,$312,$6559,$8310,$18,$15315,$19329,$3375,$6122,$387,$6821,$10195,$98,$2778,$481,$9134,$19329,$75,$24,$139,$163,$-93,$-130,$-154,$0,$-377,$-158,$-18,$0,$-5,$-1,$-141,$-142,$0,$-165,$248,$41,$289,$-65,$-65,$-56,$11,$179,$-135,$30,$-56
27,2011-12-31,16.24,$20.49,0.79,$8.54,1.9,$3.12,5.2,$1.57,10.34,$3.83B,$2.97B,1.29,$6.58B,$9.14B,0.72,$3.98B,$2.70B,67.86%,$3.98B,$0.88B,22.17%,$3.98B,$0.88B,22.17%,$3.98B,$1.00B,25.11%,$3.98B,$0.89B,22.43%,$3.98B,$0.73B,18.33%,$0.73B,$9.14B,7.95%,$0.73B,$0.91B,83.10%,$0.73B,$19.35B,3.60%,$0.88B,$15.72B,5.38%,$887,$299,$589,$0,$387,$692,$196,$174,$370,$70,$300,$300,$202,$218,$196,$463,465,$0.45,$0.44,$1110,$0,$1394,$3834,$313,$6830,$8231,$18,$15513,$19347,$2974,$6583,$379,$7235,$10209,$98,$2748,$373,$9138,$19347,$622,$117,$228,$345,$213,$264,$-431,$0,$46,$965,$-94,$0,$-32,$29,$445,$474,$0,$348,$-649,$-31,$-680,$-424,$-424,$-221,$2,$-1322,$-13,$115,$-221
28,2011-09-30,12.46,$19.88,0.63,$8.85,1.41,$1.87,6.65,$1.50,8.31,$3.98B,$3.11B,1.28,$7.04B,$8.97B,0.79,$4.12B,$2.81B,68.23%,$4.12B,$0.89B,21.48%,$4.12B,$0.89B,21.48%,$4.12B,$1.01B,24.54%,$4.12B,$0.74B,17.82%,$4.12B,$0.70B,17.05%,$0.70B,$8.97B,7.61%,$0.70B,$0.81B,77.04%,$0.70B,$19.74B,3.42%,$0.89B,$16.01B,5.33%,$998,$314,$683,$0,$451,$770,$228,$-85,$143,$59,$83,$83,$167,$263,$228,$460,461,$0.36,$0.36,$1114,$0,$1361,$3982,$276,$7158,$8161,$28,$15755,$19738,$3113,$7041,$342,$7657,$10770,$98,$2500,$372,$8968,$19738,$312,$95,$365,$460,$41,$296,$-474,$0,$-136,$642,$-48,$0,$-20,$19,$403,$422,$0,$354,$-566,$74,$-492,$-322,$-322,$-165,$4,$-975,$17,$86,$-165
29,2011-06-30,18.66,$20.40,0.91,$8.68,2.15,$1.25,14.95,$1.46,12.78,$4.46B,$3.37B,1.33,$7.66B,$9.20B,0.83,$4.08B,$2.79B,68.45%,$4.08B,$0.84B,20.62%,$4.08B,$0.84B,20.62%,$4.08B,$0.96B,23.49%,$4.08B,$0.67B,16.52%,$4.08B,$0.69B,16.94%,$0.69B,$9.20B,7.51%,$0.69B,$0.79B,79.68%,$0.69B,$20.92B,3.35%,$0.84B,$16.86B,5.07%,$1070,$342,$728,$0,$484,$837,$233,$-28,$205,$75,$129,$129,$183,$265,$233,$466,467,$0.39,$0.39,$1244,$0,$1498,$4459,$282,$7544,$8409,$27,$16457,$20916,$3365,$7661,$422,$8353,$11718,$98,$2497,$645,$9198,$20916,$229,$60,$209,$269,$-260,$32,$-109,$0,$-338,$146,$-41,$0,$-20,$9,$282,$291,$0,$230,$-349,$268,$-81,$-323,$-323,$-109,$3,$-510,$-119,$57,$-109
30,2011-03-31,20.28,$20.37,1.0,$8.10,2.5,$0.81,25.16,$1.16,17.48,$4.53B,$3.42B,1.32,$7.62B,$9.41B,0.81,$3.80B,$2.61B,68.84%,$3.80B,$0.68B,17.89%,$3.80B,$0.68B,17.89%,$3.80B,$0.79B,20.68%,$3.80B,$0.74B,19.60%,$3.80B,$0.55B,14.46%,$0.55B,$9.41B,6.03%,$0.55B,$1.01B,62.96%,$0.55B,$21.14B,2.73%,$0.68B,$17.04B,4.17%,$1027,$325,$703,$0,$469,$802,$226,$-51,$175,$76,$99,$99,$178,$254,$226,$470,472,$0.38,$0.38,$1129,$0,$1450,$4529,$276,$7720,$8403,$27,$16610,$21139,$3423,$7624,$411,$8302,$11725,$98,$2419,$616,$9413,$21139,$99,$28,$111,$139,$-379,$-13,$57,$0,$-335,$-105,$-21,$0,$-20,$7,$67,$74,$0,$33,$-143,$17,$-126,$-44,$-44,$-52,$13,$-209,$-269,$26,$-52
31,2010-12-31,19.01,$20.35,0.93,$7.55,2.52,$0.64,29.82,$0.99,19.2,$4.28B,$3.27B,1.31,$7.18B,$9.36B,0.77,$3.49B,$2.43B,69.78%,$3.49B,$0.59B,16.92%,$3.49B,$0.59B,16.92%,$3.49B,$0.69B,19.67%,$3.49B,$0.83B,23.91%,$3.49B,$0.47B,13.36%,$0.47B,$9.36B,5.32%,$0.47B,$1.04B,47.60%,$0.47B,$20.44B,2.45%,$0.59B,$16.54B,3.81%,$1029,$328,$700,$0,$475,$830,$199,$14,$212,$56,$157,$157,$175,$230,$199,$460,463,$0.38,$0.39,$1377,$0,$1397,$4275,$272,$7370,$8317,$21,$16170,$20444,$3265,$7181,$409,$7819,$11083,$98,$2400,$496,$9361,$20444,$637,$97,$-22,$75,$-223,$-336,$243,$0,$-317,$379,$-90,$0,$-776,$31,$497,$528,$0,$-338,$-280,$570,$290,$-173,$-173,$-198,$15,$-66,$-22,$118,$-198
32,2010-09-30,16.69,$19.15,0.87,$7.10,2.35,$0.79,21.09,$0.87,19.18,$4.46B,$3.55B,1.26,$7.04B,$8.85B,0.8,$3.21B,$2.24B,69.94%,$3.21B,$0.55B,17.21%,$3.21B,$0.55B,17.21%,$3.21B,$0.64B,19.99%,$3.21B,$0.80B,25.07%,$3.21B,$0.40B,12.54%,$0.40B,$8.85B,4.83%,$0.40B,$0.63B,41.37%,$0.40B,$19.94B,2.42%,$0.55B,$15.88B,4.11%,$953,$292,$661,$0,$452,$770,$183,$-101,$82,$55,$27,$27,$155,$209,$183,$477,479,$0.32,$0.32,$982,$0,$1355,$4461,$245,$6955,$8220,$19,$15481,$19942,$3551,$7038,$230,$7544,$11096,$94,$2328,$417,$8846,$19942,$480,$65,$-118,$-52,$-796,$-95,$842,$0,$-49,$376,$-57,$0,$-725,$2,$136,$138,$0,$-644,$-230,$649,$419,$-117,$-117,$-146,$14,$170,$-98,$87,$-146
33,2010-06-30,13.15,$18.84,0.7,$6.72,1.96,$0.46,28.75,$0.79,16.65,$3.66B,$2.78B,1.32,$6.80B,$8.82B,0.77,$2.96B,$2.10B,71.08%,$2.96B,$0.52B,17.60%,$2.96B,$0.52B,17.60%,$2.96B,$0.60B,20.41%,$2.96B,$0.87B,29.39%,$2.96B,$0.35B,11.89%,$0.35B,$8.82B,4.42%,$0.35B,$0.81B,33.81%,$0.35B,$18.90B,2.45%,$0.52B,$15.62B,4.53%,$787,$238,$549,$0,$398,$716,$71,$204,$275,$37,$238,$238,$41,$92,$71,$455,458,$0.09,$0.09,$857,$0,$1243,$3658,$232,$6936,$8012,$26,$15246,$18904,$2775,$6800,$251,$7309,$10084,$94,$2398,$214,$8820,$18904,$453,$39,$-279,$-240,$-288,$-93,$93,$0,$-288,$-63,$-36,$0,$-712,$-9,$198,$189,$0,$-559,$-141,$650,$510,$6,$6,$-94,$12,$434,$-206,$56,$-94
34,2010-03-31,17.02,$18.34,0.93,$6.50,2.62,$0.63,27.15,$0.88,19.34,$3.65B,$2.70B,1.35,$5.87B,$8.00B,0.73,$2.80B,$2.01B,71.98%,$2.80B,$0.56B,20.01%,$2.80B,$0.56B,20.01%,$2.80B,$0.64B,22.84%,$2.80B,$0.66B,23.55%,$2.80B,$0.39B,13.83%,$0.39B,$8.00B,5.12%,$0.39B,$1.44B,37.38%,$0.39B,$16.79B,3.14%,$0.56B,$13.87B,5.84%,$719,$196,$524,$0,$369,$582,$137,$128,$265,$50,$215,$215,$95,$155,$137,$439,442,$0.22,$0.21,$929,$0,$1300,$3645,$221,$6248,$6562,$30,$13146,$16792,$2701,$5865,$225,$6090,$8791,$92,$2071,$341,$8001,$16792,$215,$18,$-35,$-17,$-449,$-116,$189,$0,$-377,$-177,$-16,$0,$0,$-3,$152,$150,$0,$134,$-75,$0,$-75,$4,$4,$-45,$7,$-109,$-165,$24,$-45
35,2009-12-31,18.15,$17.67,1.03,$6.25,2.9,$0.60,30.28,$0.75,24.2,$3.12B,$2.30B,1.36,$0.75B,$7.62B,0.1,$2.63B,$1.89B,71.92%,$2.63B,$0.49B,18.46%,$2.63B,$0.49B,18.46%,$2.63B,$0.56B,21.39%,$2.63B,$0.36B,13.55%,$2.63B,$0.32B,12.29%,$0.32B,$7.62B,4.52%,$0.32B,$1.01B,42.77%,$0.32B,$10.91B,3.10%,$0.49B,$8.37B,6.12%,$748,$239,$509,$0,$339,$587,$161,$22,$182,$48,$134,$134,$111,$185,$161,$417,424,$0.27,$0.26,$790,$0,$1361,$3121,$221,$842,$6607,$29,$7789,$10910,$2298,$746,$245,$990,$3289,$92,$1631,$394,$7621,$10910,$209,$78,$202,$280,$-468,$45,$305,$0,$-118,$363,$-33,$0,$-34,$3,$-39,$-36,$0,$-102,$-442,$-12,$-454,$522,$522,$-169,$1,$-101,$177,$91,$-169
36,2009-09-30,17.51,$17.31,1.01,$6.07,2.88,$0.93,18.89,$0.58,30.2,$3.31B,$2.55B,1.3,$0.75B,$7.42B,0.1,$2.51B,$1.85B,73.71%,$2.51B,$0.41B,16.27%,$2.51B,$0.41B,16.27%,$2.51B,$0.48B,19.05%,$2.51B,$0.18B,7.20%,$2.51B,$0.24B,9.71%,$0.24B,$7.42B,3.54%,$0.24B,$0.90B,39.13%,$0.24B,$10.95B,2.40%,$0.41B,$8.17B,5.31%,$706,$184,$522,$0,$370,$554,$152,$-3,$148,$44,$105,$105,$105,$172,$152,$432,438,$0.24,$0.24,$962,$0,$1259,$3312,$209,$799,$6521,$21,$7638,$10950,$2553,$746,$227,$973,$3525,$92,$1565,$336,$7424,$10950,$75,$53,$219,$272,$-482,$35,$269,$0,$-178,$161,$-17,$0,$0,$5,$-28,$-23,$0,$-40,$-133,$-12,$-145,$482,$482,$-124,$-10,$203,$339,$68,$-124
37,2009-06-30,13.64,$15.68,0.87,$6.53,2.09,$1.27,10.74,$0.67,20.36,$3.06B,$2.41B,1.27,$0.75B,$7.20B,0.1,$2.64B,$1.94B,73.51%,$2.64B,$0.45B,17.15%,$2.64B,$0.45B,17.15%,$2.64B,$0.52B,19.70%,$2.64B,$0.22B,8.27%,$2.64B,$0.27B,10.28%,$0.27B,$7.20B,4.09%,$0.27B,$0.79B,86.31%,$0.27B,$10.58B,2.63%,$0.45B,$7.95B,5.97%,$625,$166,$459,$0,$348,$515,$110,$-46,$64,$36,$28,$28,$76,$127,$110,$411,417,$0.18,$0.18,$865,$0,$1130,$3056,$219,$793,$6417,$26,$7522,$10578,$2408,$746,$221,$967,$3375,$92,$1504,$224,$7203,$10578,$-30,$33,$197,$230,$-363,$26,$140,$0,$-197,$-3,$-17,$0,$0,$13,$2,$15,$0,$-2,$317,$-12,$305,$10,$10,$-80,$-10,$224,$233,$44,$-80
38,2009-03-31,10.54,$14.92,0.71,$7.37,1.43,$1.37,7.71,$0.90,11.71,$2.15B,$1.90B,1.13,$0.85B,$6.36B,0.13,$2.95B,$2.17B,73.63%,$2.95B,$0.58B,19.76%,$2.95B,$0.58B,19.76%,$2.95B,$0.65B,22.03%,$2.95B,$0.43B,14.73%,$2.95B,$0.36B,12.15%,$0.36B,$6.36B,5.51%,$0.36B,$0.32B,1008.45%,$0.36B,$9.31B,3.34%,$0.58B,$7.21B,7.66%,$549,$148,$400,$0,$339,$487,$62,$-99,$-38,$20,$-58,$-58,$31,$78,$62,$394,400,$0.08,$0.08,$392,$0,$862,$2151,$201,$827,$6044,$32,$7155,$9306,$1900,$850,$192,$1042,$2943,$85,$1468,$-172,$6363,$9306,$-58,$16,$138,$154,$-62,$14,$-233,$0,$-281,$-180,$-5,$0,$0,$7,$-4,$2,$0,$-3,$-10,$-5,$-14,$2,$2,$-39,$-10,$-62,$-252,$24,$-39
39,2008-12-31,10.88,$15.46,0.7,$8.27,1.32,$1.46,7.46,$1.21,8.99,$2.37B,$2.10B,1.13,$0.86B,$6.60B,0.13,$3.31B,$2.43B,73.54%,$3.31B,$0.75B,22.62%,$3.31B,$0.75B,22.62%,$3.31B,$0.82B,24.67%,$3.31B,$0.66B,19.87%,$3.31B,$0.48B,14.58%,$0.48B,$6.60B,7.35%,$0.48B,$0.49B,-319.21%,$0.48B,$9.76B,4.16%,$0.75B,$7.46B,9.53%,$634,$163,$472,$0,$387,$550,$85,$-78,$7,$36,$-29,$-29,$32,$102,$85,$389,399,$0.08,$0.08,$658,$0,$908,$2374,$205,$965,$6110,$41,$7383,$9757,$2103,$862,$195,$1057,$3161,$85,$1476,$-96,$6596,$9757,$421,$68,$175,$243,$1119,$-37,$-1260,$0,$-178,$526,$-84,$0,$-174,$-30,$190,$160,$0,$-98,$-128,$-114,$-243,$-234,$-234,$-207,$17,$-666,$-331,$98,$-207
40,2008-09-30,15.67,$14.92,1.05,$9.16,1.71,$2.51,6.23,$1.56,10.05,$3.41B,$2.67B,1.28,$1.32B,$6.37B,0.21,$3.70B,$2.70B,73.00%,$3.70B,$0.91B,24.54%,$3.70B,$0.91B,24.54%,$3.70B,$0.99B,26.87%,$3.70B,$0.97B,26.27%,$3.70B,$0.63B,16.94%,$0.63B,$6.37B,9.55%,$0.63B,$-0.34B,-166.60%,$0.63B,$11.50B,5.05%,$0.91B,$7.69B,11.36%,$827,$221,$606,$0,$411,$632,$195,$-10,$185,$49,$136,$136,$132,$212,$195,$388,399,$0.34,$0.33,$832,$0,$1575,$3412,$212,$982,$6701,$41,$8088,$11500,$2670,$1322,$191,$2463,$5134,$85,$1483,$582,$6366,$11500,$450,$50,$83,$134,$490,$-55,$-699,$0,$-264,$338,$-69,$0,$-131,$-36,$157,$122,$28,$-51,$-88,$46,$-42,$-245,$-245,$-168,$19,$-436,$-175,$90,$-168
41,2008-06-30,17.84,$15.67,1.14,$9.47,1.88,$3.32,5.38,$1.44,12.39,$3.79B,$3.08B,1.23,$1.34B,$6.68B,0.2,$3.85B,$2.80B,72.75%,$3.85B,$0.97B,25.20%,$3.85B,$0.97B,25.20%,$3.85B,$1.05B,27.41%,$3.85B,$1.11B,28.86%,$3.85B,$0.66B,17.19%,$0.66B,$6.68B,10.64%,$0.66B,$-0.33B,-163.21%,$0.66B,$12.25B,5.43%,$0.97B,$8.02B,12.75%,$936,$245,$691,$0,$451,$696,$240,$40,$280,$77,$203,$203,$163,$257,$240,$390,401,$0.42,$0.41,$694,$0,$1878,$3785,$208,$1052,$7012,$46,$8465,$12250,$3082,$1337,$177,$2484,$5567,$85,$1390,$940,$6683,$12250,$314,$34,$54,$88,$203,$-13,$-531,$0,$-341,$68,$-48,$0,$-131,$-38,$90,$53,$28,$-99,$-41,$61,$20,$-161,$-161,$-130,$19,$-251,$-271,$58,$-130
42,2008-03-31,18.06,$15.40,1.17,$9.52,1.9,$3.94,4.58,$1.45,12.46,$4.14B,$3.37B,1.23,$1.67B,$6.57B,0.26,$3.89B,$2.82B,72.59%,$3.89B,$0.99B,25.48%,$3.89B,$0.99B,25.48%,$3.89B,$1.08B,27.64%,$3.89B,$1.16B,29.88%,$3.89B,$0.67B,17.33%,$0.67B,$6.57B,11.80%,$0.67B,$-0.43B,-138.61%,$0.67B,$12.88B,5.80%,$0.99B,$8.24B,14.06%,$910,$247,$663,$0,$435,$682,$228,$-43,$185,$74,$111,$111,$155,$245,$228,$400,401,$0.40,$0.39,$851,$0,$1922,$4136,$187,$1334,$6996,$51,$8745,$12881,$3368,$1673,$189,$2944,$6313,$85,$1267,$970,$6569,$12881,$111,$17,$71,$88,$-19,$-13,$-308,$0,$-340,$-134,$-14,$0,$-130,$-5,$13,$8,$0,$-136,$8,$261,$269,$-142,$-142,$0,$10,$137,$-114,$27,$0
43,2007-12-31,23.05,$15.52,1.49,$9.44,2.44,$4.30,5.36,$1.43,16.12,$4.17B,$3.64B,1.15,$1.39B,$6.59B,0.21,$3.88B,$2.83B,72.91%,$3.88B,$1.00B,25.65%,$3.88B,$1.00B,25.65%,$3.88B,$1.08B,27.79%,$3.88B,$1.24B,32.07%,$3.88B,$0.67B,17.38%,$0.67B,$6.59B,13.06%,$0.67B,$-0.41B,-114.58%,$0.67B,$12.93B,6.18%,$1.00B,$7.98B,15.54%,$1023,$285,$738,$0,$495,$779,$244,$77,$321,$91,$230,$389,$176,$280,$244,$400,412,$0.43,$0.42,$952,$0,$1988,$4169,$180,$1354,$7002,$56,$8757,$12925,$3641,$1393,$180,$2694,$6335,$85,$1202,$952,$6591,$12925,$887,$84,$-141,$-57,$-80,$-5,$180,$0,$96,$916,$-25,$0,$-54,$32,$-1,$31,$0,$-48,$-28,$-3,$-30,$-579,$-579,$-155,$23,$-741,$137,$105,$-155
44,2007-09-30,20.05,$5.98,3.35,$8.56,2.34,$3.29,6.09,$1.40,14.32,$4.60B,$4.05B,1.14,$1.14B,$5.01B,0.23,$3.51B,$2.52B,71.83%,$3.51B,$0.78B,22.16%,$3.51B,$0.78B,22.16%,$3.51B,$0.88B,25.18%,$3.51B,$1.17B,33.35%,$3.51B,$0.66B,18.86%,$0.66B,$5.01B,13.10%,$0.66B,$-0.45B,-114.93%,$0.66B,$10.67B,6.17%,$0.78B,$6.15B,12.54%,$977,$271,$706,$0,$449,$720,$257,$68,$324,$93,$231,$167,$167,$273,$257,$400,411,$0.42,$0.41,$1102,$0,$1893,$4601,$150,$159,$5457,$0,$6066,$10667,$4047,$1143,$473,$1616,$5662,$437,$1542,$0,$5005,$10667,$498,$48,$66,$115,$-715,$-14,$739,$0,$10,$619,$-13,$0,$-11,$15,$61,$76,$2,$54,$240,$-129,$111,$-438,$-438,$-86,$13,$-400,$293,$73,$-86
45,2007-06-30,18.86,$0.00,0.0,$7.16,2.63,$2.07,9.11,$1.32,14.29,$4.12B,$3.76B,1.1,$1.14B,$4.68B,0.24,$3.33B,$2.40B,72.27%,$3.33B,$0.68B,20.39%,$3.33B,$0.68B,20.39%,$3.33B,$0.89B,26.83%,$3.33B,$1.00B,30.02%,$3.33B,$0.60B,17.95%,$0.60B,$4.68B,12.38%,$0.60B,$-0.65B,-89.14%,$0.60B,$10.05B,5.80%,$0.68B,$5.82B,11.44%,$979,$263,$716,$0,$454,$717,$262,$70,$332,$91,$240,$176,$176,$278,$262,$400,411,$0.44,$0.43,$939,$0,$1849,$4116,$0,$154,$5331,$0,$5775,$10049,$3758,$1143,$465,$1614,$5372,$84,$4656,$0,$4677,$10049,$331,$32,$40,$72,$-563,$-15,$464,$0,$-115,$281,$-4,$0,$-7,$20,$64,$84,$0,$73,$-54,$-129,$-183,$-83,$-83,$-86,$3,$-348,$13,$50,$-86
46,2007-03-31,15.99,$0.00,0.0,$6.24,2.56,$1.19,13.48,$1.19,13.43,$4.16B,$3.81B,1.09,$1.29B,$4.37B,0.3,$2.93B,$2.08B,70.72%,$2.93B,$0.41B,13.87%,$2.93B,$0.41B,13.87%,$2.93B,$0.62B,21.20%,$2.93B,$0.85B,28.97%,$2.93B,$0.54B,18.34%,$0.54B,$4.37B,11.68%,$0.54B,$-0.84B,-80.93%,$0.54B,$9.95B,5.51%,$0.41B,$5.67B,7.18%,$900,$232,$668,$0,$436,$668,$232,$35,$267,$82,$185,$155,$155,$248,$232,$399,410,$0.39,$0.38,$911,$0,$1708,$4157,$0,$167,$5207,$0,$5632,$9949,$3814,$1294,$464,$1763,$5578,$84,$4378,$0,$4371,$9949,$155,$16,$18,$35,$-638,$-24,$482,$0,$-179,$3,$-8,$0,$0,$14,$104,$118,$0,$110,$-395,$321,$-74,$-64,$-64,$0,$9,$-129,$-14,$25,$0
47,2006-12-31,17.83,$7.24,2.46,$5.49,3.25,$1.00,17.81,$1.09,16.36,$3.71B,$3.37B,1.1,$1.02B,$6.16B,0.17,$2.62B,$1.79B,68.45%,$2.62B,$0.16B,6.23%,$2.62B,$0.16B,6.23%,$2.62B,$0.38B,14.44%,$2.62B,$0.76B,28.84%,$2.62B,$0.49B,18.75%,$0.49B,$6.16B,11.11%,$0.49B,$-0.36B,-78.09%,$0.49B,$12.23B,5.30%,$0.16B,$7.18B,3.03%,$655,$224,$432,$31,$375,$629,$27,$-2,$248,$85,$163,$164,$164,$85,$27,$398,408,$0.41,$0.40,$834,$0,$1814,$3709,$199,$1562,$6527,$82,$8520,$12229,$3365,$1016,$179,$2699,$6065,$461,$701,$615,$6164,$12229,$490,$216,$98,$216,$-161,$1,$-6,$0,$-195,$507,$-35,$0,$-198,$-35,$9,$-51,$0,$-284,$-2,$59,$-10,$-89,$-89,$-144,$0,$-184,$74,$141,$-144
