,Date,Stock Price,Book Value per Share,Price to Book Ratio,TTM Sales per Share,Price to Sales Ratio,TTM FCF per Share,Price to FCF Ratio,TTM Net EPS,PE Ratio,Current Assets,Current Liabilities,Current Ratio,Long Term Debt,Shareholder's Equity_x,Debt to Equity Ratio,TTM Revenue_x,TTM Gross Profit,Gross Margin,TTM Revenue_y,TTM Operating Income,Operating Margin,TTM Revenue_x,TTM EBIT,EBIT Margin,TTM Revenue_y,TTM EBITDA,EBITDA Margin,TTM Revenue_x,TTM Pre-Tax Income,Pre-Tax Margin,TTM Revenue_y,TTM Net Income_x,Net Margin,TTM Net Income_y,Shareholder's Equity_y,Return on Equity,TTM Net Income_x,Tangible Equity,Return on Tangible Equity,TTM Net Income_y,Total Assets,Return on Assets,TTM Net Income,LT Investments & Debt,Return on Investment,revenue,cost-goods-sold,gross-profit,research-development-expenses,selling-general-administrative-expenses,operating-expenses,operating-income,total-non-operating-income-expense,pre-tax-income,total-provision-income-taxes,income-after-taxes,income-from-continuous-operations,net-income,ebitda,ebit,basic-shares-outstanding,shares-outstanding,eps-basic-net-earnings-per-share,eps-earnings-per-share-diluted,cash-on-hand,inventory,other-current-assets,total-current-assets,net-property-plant-equipment,long-term-investments,goodwill-intangible-assets-total,other-long-term-assets,total-long-term-assets,total-assets,total-current-liabilities,long-term-debt,other-non-current-liabilities,total-long-term-liabilities,total-liabilities,common-stock-net,retained-earnings-accumulated-deficit,comprehensive-income,total-share-holder-equity,total-liabilities-share-holders-equity,net-income-loss,total-depreciation-amortization-cash-flow,other-non-cash-items,total-non-cash-items,change-in-accounts-receivable,change-in-inventories,change-in-accounts-payable,change-in-assets-liabilities,total-change-in-assets-liabilities,cash-flow-from-operating-activities,net-change-in-property-plant-equipment,net-change-in-intangible-assets,net-acquisitions-divestitures,net-change-in-short-term-investments,net-change-in-long-term-investments,net-change-in-investments-total,investing-activities-other,cash-flow-from-investing-activities,net-long-term-debt,net-current-debt,debt-issuance-retirement-net-total,net-common-equity-issued-repurchased,net-total-equity-issued-repurchased,total-common-preferred-stock-dividends-paid,financial-activities-other,cash-flow-from-financial-activities,net-cash-flow,stock-based-compensation,common-stock-dividends-paid
0,2018-09-30,81.03,$99.53,0.81,$93.69,0.86,$-43.66,0.0,$3.44,23.56,$59.00B,$39.06B,1.51,$34.75B,$26.37B,1.32,$24.03B,$8.06B,33.53%,$24.03B,$3.40B,14.13%,$24.03B,$4.12B,17.13%,$24.03B,$6.01B,24.99%,$24.03B,$4.02B,16.74%,$24.03B,$2.90B,12.08%,$2.90B,$26.37B,11.37%,$2.90B,$26.37B,11.37%,$2.90B,$106.01B,2.79%,$3.40B,$61.12B,5.64%,$5923,$3829,$2094,$0,$949,$4995,$928,$62,$990,$301,$689,$689,$676,$1760,$1123,$256,256,$2.64,$2.64,$28122,$1182,$0,$58999,$5071,$28370,$0,$13566,$47008,$106007,$39055,$34749,$5834,$40583,$79638,$1990,$21847,$-321,$26369,$106007,$1410,$1289,$-510,$779,$58,$0,$-181,$396,$273,$2462,$-5075,$0,$-672,$-1306,$272,$-1034,$4189,$-2592,$-1756,$72,$-1684,$-6,$-6,$-450,$860,$-1280,$-1353,$0,$-450
1,2018-06-30,79.01,$98.45,0.8,$95.73,0.83,$-47.89,0.0,$3.63,21.77,$57.82B,$38.46B,1.5,$34.62B,$26.08B,1.33,$24.70B,$7.65B,30.96%,$24.70B,$3.00B,12.15%,$24.70B,$3.70B,14.96%,$24.70B,$5.58B,22.58%,$24.70B,$3.79B,15.34%,$24.70B,$2.68B,10.85%,$2.68B,$26.08B,10.68%,$2.68B,$26.08B,10.68%,$2.68B,$104.62B,2.58%,$3.00B,$60.70B,5.00%,$5556,$3501,$2055,$0,$967,$4710,$846,$174,$1021,$284,$736,$736,$736,$1683,$1032,$257,257,$2.87,$2.87,$28417,$1131,$0,$57819,$5071,$28504,$0,$13228,$46803,$104622,$38455,$34616,$5400,$40085,$78540,$2034,$21641,$-490,$26082,$104622,$736,$651,$-264,$387,$-190,$0,$83,$-121,$-229,$895,$-2050,$0,$4,$-446,$301,$-145,$2223,$33,$672,$302,$975,$0,$0,$-460,$-2172,$-1657,$-719,$0,$-460
2,2017-12-31,84.78,$94.30,0.9,$98.89,0.86,$-52.14,0.0,$1.03,82.31,$57.14B,$37.66B,1.52,$34.63B,$24.98B,1.39,$25.63B,$7.56B,29.50%,$25.63B,$2.90B,11.32%,$25.63B,$3.58B,13.97%,$25.63B,$5.32B,20.77%,$25.63B,$3.83B,14.93%,$25.63B,$2.63B,10.28%,$2.63B,$24.98B,10.75%,$2.63B,$24.98B,10.75%,$2.63B,$102.81B,2.55%,$2.90B,$59.61B,4.86%,$6026,$4109,$1917,$0,$943,$5276,$750,$210,$960,$140,$820,$820,$805,$1520,$918,$256,256,$3.15,$3.14,$28108,$1227,$0,$57143,$4610,$28026,$0,$13033,$45669,$102812,$37659,$34630,$5485,$40176,$77835,$1964,$20124,$-46,$24977,$102812,$2328,$1804,$-1135,$669,$-40,$0,$-123,$91,$-72,$2925,$-7093,$0,$-72,$1246,$-217,$1029,$3222,$-2914,$1215,$455,$1670,$0,$0,$-996,$929,$1603,$1718,$0,$-996
3,2017-09-30,80.94,$93.38,0.87,$99.04,0.82,$-40.31,0.0,$0.96,84.31,$56.68B,$37.77B,1.5,$34.81B,$24.73B,1.41,$25.80B,$7.69B,29.81%,$25.80B,$2.93B,11.34%,$25.80B,$3.61B,13.97%,$25.80B,$5.39B,20.87%,$25.80B,$3.85B,14.93%,$25.80B,$2.47B,9.57%,$2.47B,$24.73B,10.10%,$2.47B,$24.73B,10.10%,$2.47B,$102.83B,2.38%,$2.93B,$59.54B,4.85%,$6529,$4537,$1993,$0,$930,$5656,$873,$180,$1053,$347,$706,$706,$686,$1043,$1043,$257,257,$2.70,$2.70,$28112,$1169,$0,$56679,$4634,$28294,$0,$13227,$46156,$102834,$37771,$34808,$5464,$40333,$78104,$1985,$19848,$-60,$24731,$102834,$1525,$1202,$-849,$353,$-40,$0,$-216,$157,$-99,$1779,$-5037,$0,$-231,$1263,$-306,$956,$2719,$-1593,$817,$416,$1232,$0,$0,$-695,$510,$1047,$1315,$0,$-695
4,2017-03-31,73.24,$94.52,0.77,$95.12,0.77,$-30.69,0.0,$0.96,76.3,$58.75B,$38.69B,1.52,$35.85B,$24.62B,1.46,$24.91B,$7.95B,31.91%,$24.91B,$3.06B,12.29%,$24.91B,$3.74B,15.01%,$24.91B,$6.10B,24.48%,$24.91B,$3.95B,15.86%,$24.91B,$2.54B,10.20%,$2.54B,$24.62B,10.57%,$2.54B,$24.62B,10.57%,$2.54B,$104.46B,2.46%,$3.06B,$60.47B,5.08%,$6587,$4905,$1681,$0,$887,$6055,$532,$223,$755,$300,$455,$455,$453,$1332,$702,$262,262,$1.91,$1.91,$29385,$1096,$0,$58753,$4740,$28285,$0,$12678,$45704,$104457,$38691,$35851,$5230,$41143,$79834,$2051,$19321,$-198,$24623,$104457,$2613,$2359,$-1209,$1150,$78,$0,$-62,$1021,$1037,$5431,$-9206,$0,$-222,$1756,$509,$2265,$4954,$-2210,$-1273,$7,$-1265,$0,$0,$-570,$1524,$-311,$2878,$0,$-570
5,2016-12-31,75.36,$89.54,0.84,$88.65,0.85,$-34.38,0.0,$0.92,81.92,$58.11B,$37.17B,1.56,$35.66B,$23.71B,1.5,$23.23B,$7.76B,33.38%,$23.23B,$2.84B,12.24%,$23.23B,$3.51B,15.12%,$23.23B,$5.78B,24.89%,$23.23B,$3.70B,15.92%,$23.23B,$2.48B,10.68%,$2.48B,$23.71B,10.77%,$2.48B,$23.71B,10.77%,$2.48B,$102.51B,2.48%,$2.84B,$59.38B,4.86%,$6483,$4514,$1969,$0,$953,$5736,$747,$310,$1057,$349,$708,$708,$690,$1427,$918,$262,262,$2.64,$2.63,$29022,$1312,$0,$58109,$4472,$27668,$0,$12262,$44402,$102511,$37172,$35664,$5891,$41628,$78800,$2029,$18585,$-396,$23711,$102511,$2060,$1729,$-1260,$468,$72,$0,$-198,$1674,$1548,$4076,$-6366,$0,$-67,$1824,$730,$2555,$2810,$-1068,$-1243,$-225,$-1468,$0,$0,$-564,$984,$-1048,$1940,$0,$-564
6,2016-09-30,71.81,$93.42,0.77,$83.60,0.86,$-38.37,0.0,$0.83,86.52,$59.74B,$38.34B,1.56,$37.29B,$24.74B,1.51,$21.91B,$7.35B,33.56%,$21.91B,$2.67B,12.20%,$21.91B,$3.32B,15.16%,$21.91B,$5.58B,25.49%,$21.91B,$3.33B,15.20%,$21.91B,$2.24B,10.20%,$2.24B,$24.74B,10.10%,$2.24B,$24.74B,10.10%,$2.24B,$105.67B,2.30%,$2.67B,$62.03B,4.69%,$6205,$4156,$2049,$0,$991,$5432,$773,$214,$988,$326,$662,$662,$641,$1583,$943,$262,262,$2.45,$2.45,$30335,$1468,$0,$59735,$4715,$28276,$0,$12945,$45935,$105670,$38344,$37290,$5230,$42587,$80931,$2161,$19357,$-605,$24739,$105670,$1440,$1221,$-893,$327,$20,$0,$-262,$1718,$1476,$3243,$-4406,$0,$-265,$1694,$765,$2459,$2410,$198,$-725,$-725,$-1449,$0,$0,$-305,$758,$-997,$2268,$0,$-305
7,2016-06-30,61.05,$87.32,0.7,$77.57,0.79,$-43.19,0.0,$0.84,72.68,$55.95B,$35.96B,1.56,$36.21B,$23.12B,1.57,$20.33B,$6.98B,34.34%,$20.33B,$2.51B,12.33%,$20.33B,$3.13B,15.41%,$20.33B,$5.25B,25.84%,$20.33B,$3.38B,16.64%,$20.33B,$2.25B,11.06%,$2.25B,$23.12B,10.75%,$2.25B,$23.12B,10.75%,$2.25B,$100.10B,2.41%,$2.51B,$59.34B,4.57%,$5637,$3386,$2251,$0,$1064,$4628,$1009,$143,$1152,$364,$788,$788,$758,$1757,$1177,$262,262,$2.73,$2.72,$28595,$1337,$0,$55951,$4361,$27015,$0,$12768,$44144,$100095,$35961,$36212,$4735,$41010,$76971,$2050,$17762,$-330,$23123,$100095,$739,$580,$-535,$45,$17,$0,$-298,$595,$315,$1099,$-1906,$0,$-51,$738,$566,$1304,$1214,$562,$356,$-828,$-472,$0,$0,$-280,$253,$-499,$1039,$0,$-280
8,2016-03-31,68.19,$78.37,0.87,$75.03,0.91,$-46.91,0.0,$0.83,82.16,$50.82B,$33.55B,1.52,$32.71B,$20.52B,1.59,$19.66B,$6.72B,34.16%,$19.66B,$2.39B,12.14%,$19.66B,$2.99B,15.22%,$19.66B,$5.02B,25.55%,$19.66B,$3.25B,16.51%,$19.66B,$2.16B,10.97%,$2.16B,$20.52B,10.82%,$2.16B,$20.52B,10.82%,$2.16B,$91.27B,2.36%,$2.39B,$53.23B,4.48%,$4904,$3419,$1486,$0,$906,$4590,$314,$186,$500,$83,$417,$417,$391,$1014,$475,$262,262,$1.50,$1.50,$26196,$1162,$0,$50820,$3712,$25481,$0,$11261,$40454,$91274,$33546,$32710,$4432,$37204,$70750,$1830,$15473,$-52,$20524,$91274,$2249,$2032,$-443,$1589,$-68,$0,$-340,$808,$399,$4238,$-8986,$0,$-65,$-162,$-285,$-447,$4913,$-4586,$-12243,$11422,$-821,$0,$0,$-725,$1147,$-398,$-806,$0,$-725
9,2015-12-31,66.11,$75.96,0.87,$56.32,1.17,$-28.79,0.0,$0.68,97.23,$51.59B,$33.03B,1.56,$33.49B,$20.12B,1.67,$19.92B,$3.43B,17.23%,$19.92B,$0.50B,2.51%,$19.92B,$0.94B,4.74%,$19.92B,$3.05B,15.31%,$19.92B,$3.22B,16.18%,$19.92B,$2.05B,10.28%,$2.05B,$20.12B,10.18%,$2.05B,$20.12B,10.18%,$2.05B,$91.15B,2.16%,$0.50B,$53.61B,0.91%,$5164,$3596,$1568,$0,$829,$4587,$578,$114,$691,$238,$454,$454,$445,$1230,$727,$262,262,$1.70,$1.70,$27486,$1211,$0,$51592,$3615,$24939,$0,$11004,$39558,$91150,$33032,$33492,$4362,$38004,$71035,$1816,$14941,$79,$20115,$91150,$1839,$1493,$-1078,$415,$-54,$0,$-489,$1232,$690,$2943,$-6281,$0,$128,$-138,$128,$-10,$3671,$-2492,$-286,$-495,$-780,$0,$0,$-719,$921,$-579,$-148,$0,$-719
10,2015-09-30,61.12,$74.95,0.82,$38.73,1.58,$-15.60,0.0,$0.66,92.6,$51.79B,$33.33B,1.55,$33.30B,$19.85B,1.68,$20.29B,$4.65B,22.92%,$20.29B,$1.70B,8.38%,$20.29B,$2.00B,9.84%,$20.29B,$4.03B,19.87%,$20.29B,$3.23B,15.92%,$20.29B,$2.00B,9.84%,$2.00B,$19.85B,9.84%,$2.00B,$19.85B,9.84%,$2.00B,$90.86B,2.06%,$1.70B,$53.14B,3.08%,$4625,$2948,$1677,$0,$836,$4019,$606,$434,$1040,$357,$683,$683,$654,$1252,$753,$262,262,$2.50,$2.50,$28531,$1229,$0,$51792,$3385,$24314,$0,$11369,$39069,$90861,$33333,$33298,$4232,$37681,$71014,$1808,$14665,$88,$19846,$90861,$1378,$990,$-923,$67,$54,$0,$-406,$699,$347,$1792,$-4221,$0,$303,$429,$85,$514,$2845,$-559,$-129,$-273,$-402,$0,$0,$-479,$662,$-220,$997,$0,$-479
11,2015-06-30,69.18,$72.84,0.95,$22.95,3.01,$-6.45,0.0,$0.68,101.73,$53.00B,$33.84B,1.57,$33.89B,$19.29B,1.76,$20.55B,$6.64B,32.30%,$20.55B,$2.89B,14.07%,$20.55B,$3.04B,14.79%,$20.55B,$5.09B,24.77%,$20.55B,$3.07B,14.94%,$20.55B,$2.05B,9.98%,$2.05B,$19.29B,9.85%,$2.05B,$19.29B,9.85%,$2.05B,$92.27B,2.03%,$2.89B,$53.18B,5.10%,$4970,$2985,$1985,$0,$938,$4080,$890,$126,$1016,$321,$695,$695,$668,$1528,$1038,$262,262,$2.55,$2.55,$29191,$1300,$0,$53003,$3336,$24033,$0,$11895,$39264,$92267,$33838,$33889,$4672,$39139,$72977,$1808,$13991,$251,$19290,$92267,$695,$490,$-387,$103,$57,$0,$-433,$-172,$-548,$251,$-2030,$0,$185,$980,$45,$1025,$1421,$602,$-41,$-267,$-309,$0,$0,$-387,$302,$-394,$490,$0,$-387
12,2015-03-31,65.3,$0.00,0.0,$5.62,11.63,$0.06,1180.8,$0.68,96.03,$61.07B,$39.56B,1.54,$37.79B,$21.19B,1.78,$19.87B,$7.64B,38.43%,$19.87B,$3.00B,15.11%,$19.87B,$3.00B,15.11%,$19.87B,$5.10B,25.67%,$19.87B,$3.15B,15.83%,$19.87B,$2.05B,10.34%,$2.05B,$21.19B,9.65%,$2.05B,$21.19B,9.65%,$2.05B,$104.63B,2.05%,$3.00B,$58.98B,5.17%,$5159,$6957,$-1799,$0,$-225,$6732,$-1574,$2050,$476,$10,$467,$467,$281,$-961,$-1574,$0,0,$0.00,$0.00,$34372,$1514,$0,$61066,$0,$26430,$0,$13387,$39817,$104629,$39564,$37788,$5472,$43871,$83435,$2012,$15292,$0,$21194,$104629,$2334,$2099,$0,$2099,$0,$0,$0,$0,$-1560,$2355,$-9041,$0,$-233,$0,$0,$-712,$5708,$-4277,$0,$35,$1458,$0,$0,$-275,$734,$1951,$87,$0,$0
13,2014-12-31,58.05,$0.00,0.0,$5.62,10.34,$0.06,1049.69,$0.68,85.36,$31.88B,$19.21B,1.66,$35.08B,$20.85B,1.68,$18.40B,$12.02B,65.34%,$18.40B,$5.22B,28.37%,$18.40B,$5.22B,28.37%,$18.40B,$7.24B,39.37%,$18.40B,$3.69B,20.05%,$18.40B,$2.48B,13.45%,$2.48B,$20.85B,11.59%,$2.48B,$20.85B,11.59%,$2.48B,$100.14B,2.56%,$5.22B,$55.92B,8.96%,$5534,$2747,$2787,$0,$1008,$3755,$1779,$-1106,$698,$263,$436,$393,$393,$2213,$1779,$2619,2619,$0.15,$0.15,$7781,$1161,$0,$31884,$0,$39412,$0,$13565,$52977,$100140,$19213,$35076,$25006,$60081,$79294,$1936,$14289,$0,$20845,$100140,$1729,$1486,$0,$1486,$0,$0,$0,$0,$-738,$1592,$-384,$0,$-203,$0,$0,$-1573,$-44,$-2204,$0,$94,$-29,$0,$0,$-265,$334,$134,$-379,$0,$0
14,2014-09-30,64.05,$0.00,0.0,$4.81,13.31,$-0.87,0.0,$0.67,95.6,$35.97B,$24.09B,1.49,$36.96B,$21.92B,1.69,$16.29B,$11.62B,71.31%,$16.29B,$4.05B,24.84%,$16.29B,$4.05B,24.84%,$16.29B,$6.15B,37.76%,$16.29B,$3.56B,21.85%,$16.29B,$2.45B,15.04%,$2.45B,$21.92B,11.59%,$2.45B,$21.92B,11.59%,$2.45B,$107.67B,2.63%,$4.05B,$58.88B,6.87%,$4887,$1222,$3665,$0,$1869,$3091,$1796,$-901,$880,$161,$719,$706,$708,$2311,$1796,$2619,2619,$0.27,$0.27,$9007,$1320,$679,$35974,$0,$58492,$0,$11985,$70477,$107665,$24085,$36959,$24698,$61658,$85743,$2112,$15161,$0,$21922,$107665,$1417,$1052,$0,$1052,$0,$0,$0,$0,$0,$1044,$-1355,$0,$0,$0,$0,$0,$0,$-1355,$0,$5893,$-5971,$0,$0,$0,$237,$159,$-119,$0,$0
15,2014-06-30,77.09,$0.00,0.0,$4.30,17.95,$-1.60,0.0,$0.54,142.76,$35.77B,$23.67B,1.51,$37.09B,$21.16B,1.75,$14.79B,$10.20B,68.97%,$14.79B,$3.00B,20.29%,$14.79B,$3.00B,20.29%,$14.79B,$5.12B,34.58%,$14.79B,$3.29B,22.24%,$14.79B,$2.10B,14.20%,$2.10B,$21.16B,10.29%,$2.10B,$21.16B,10.29%,$2.10B,$88.01B,2.40%,$3.00B,$58.26B,5.13%,$4290,$1305,$2984,$0,$1984,$3289,$1001,$90,$1091,$381,$710,$672,$672,$1537,$1001,$2620,2620,$0.26,$0.26,$9136,$1247,$713,$35766,$0,$25559,$0,$9803,$35362,$88011,$23668,$37093,$6086,$43179,$66847,$2156,$14757,$0,$21164,$88011,$710,$537,$0,$537,$0,$0,$0,$0,$-410,$267,$-1020,$0,$275,$0,$0,$651,$-166,$-260,$0,$380,$0,$0,$0,$-295,$-62,$23,$7,$0,$0
16,2014-03-31,65.42,$0.00,0.0,$3.80,17.2,$-1.72,0.0,$0.46,142.21,$35.90B,$21.50B,1.67,$38.59B,$21.48B,1.8,$13.32B,$8.98B,67.40%,$13.32B,$2.60B,19.50%,$13.32B,$2.60B,19.50%,$13.32B,$4.66B,35.00%,$13.32B,$2.84B,21.30%,$13.32B,$1.88B,14.14%,$1.88B,$21.48B,9.61%,$1.88B,$21.48B,9.61%,$1.88B,$90.69B,2.18%,$2.60B,$60.07B,4.45%,$3687,$1102,$2585,$0,$1941,$3043,$644,$375,$1019,$338,$681,$681,$702,$1183,$644,$0,0,$0.00,$0.00,$9215,$1361,$619,$35902,$0,$26229,$0,$10414,$36643,$90694,$21498,$38589,$6129,$47713,$69210,$2195,$14676,$0,$21484,$90694,$1940,$2066,$0,$2066,$0,$0,$0,$0,$1157,$4696,$-9117,$0,$-1250,$0,$0,$-1122,$9477,$-2012,$0,$-1058,$-2874,$0,$115,$-12,$1087,$-2742,$10,$0,$0
17,2013-12-31,82.71,$0.00,0.0,$3.80,21.75,$-1.72,0.0,$0.46,179.81,$33.33B,$16.22B,2.06,$38.39B,$20.02B,1.92,$12.70B,$8.26B,65.06%,$12.70B,$2.44B,19.25%,$12.70B,$2.44B,19.25%,$12.70B,$4.24B,33.43%,$12.70B,$2.22B,17.51%,$12.70B,$1.45B,11.39%,$1.45B,$20.02B,7.43%,$1.45B,$20.02B,7.43%,$1.45B,$86.74B,1.62%,$2.44B,$58.40B,4.02%,$3430,$1045,$2385,$0,$1780,$2824,$606,$-131,$570,$181,$389,$352,$369,$1121,$606,$2620,2620,$0.14,$0.14,$8013,$392,$592,$33331,$0,$25599,$0,$9511,$35110,$86736,$16220,$38385,$9510,$50498,$66718,$2150,$14017,$0,$20018,$86736,$1239,$1527,$0,$1527,$0,$0,$0,$0,$355,$3079,$-4305,$0,$-2337,$0,$0,$-320,$5475,$-1487,$0,$-3283,$0,$0,$0,$-170,$546,$-2907,$-1223,$0,$0
18,2013-09-30,75.96,$0.00,0.0,$15.67,4.85,$-13.52,0.0,$1.78,42.67,$33.33B,$15.97B,2.09,$38.56B,$18.97B,2.03,$12.63B,$7.88B,62.44%,$12.63B,$2.48B,19.65%,$12.63B,$2.48B,19.65%,$12.63B,$4.29B,33.95%,$12.63B,$2.23B,17.63%,$12.63B,$1.45B,11.49%,$1.45B,$18.97B,7.53%,$1.45B,$18.97B,7.53%,$1.45B,$85.14B,1.56%,$2.48B,$57.53B,3.89%,$3387,$1136,$2250,$0,$1499,$2635,$751,$-142,$610,$236,$374,$348,$358,$1275,$751,$2512,2512,$0.14,$0.14,$8450,$338,$0,$33325,$0,$25055,$0,$8818,$33874,$85143,$15972,$38557,$9237,$50199,$66171,$2097,$13776,$0,$18972,$85143,$849,$1011,$0,$1011,$0,$0,$0,$0,$284,$2212,$-4325,$0,$-2334,$0,$0,$-73,$5614,$-1118,$0,$-963,$-1167,$0,$0,$-160,$-42,$-2332,$-1212,$0,$0
19,2013-06-30,63.43,$0.00,0.0,$29.65,2.14,$-21.62,0.0,$2.88,22.03,$34.80B,$15.13B,2.3,$39.48B,$17.98B,2.2,$12.54B,$7.56B,60.32%,$12.54B,$2.32B,18.47%,$12.54B,$2.32B,18.47%,$12.54B,$4.17B,33.27%,$12.54B,$2.13B,17.02%,$12.54B,$1.41B,11.26%,$1.41B,$17.98B,7.30%,$1.41B,$17.98B,7.30%,$1.41B,$83.01B,1.44%,$2.32B,$57.45B,3.42%,$2817,$1058,$1759,$0,$1162,$2220,$597,$42,$639,$218,$421,$411,$455,$1084,$597,$2458,2458,$0.19,$0.18,$8330,$382,$0,$34802,$0,$24958,$0,$5168,$30126,$83011,$15126,$39476,$8898,$49907,$65034,$2014,$13474,$0,$17977,$83011,$465,$488,$0,$488,$0,$0,$0,$0,$-283,$292,$-1307,$0,$-12,$0,$0,$-513,$2537,$706,$0,$0,$-2023,$0,$0,$-160,$206,$-1978,$-955,$0,$0
20,2013-03-31,59.02,$0.00,0.0,$43.46,1.36,$-26.21,0.0,$4.43,13.32,$46.19B,$23.54B,1.96,$49.15B,$20.92B,2.35,$12.94B,$7.65B,59.14%,$12.94B,$2.38B,18.38%,$12.94B,$2.38B,18.38%,$12.94B,$4.28B,33.07%,$12.94B,$2.09B,16.13%,$12.94B,$1.39B,10.78%,$1.39B,$20.92B,7.16%,$1.39B,$20.92B,7.16%,$1.39B,$102.12B,1.35%,$2.38B,$70.07B,3.36%,$3062,$1196,$1866,$0,$1376,$2572,$490,$-86,$404,$119,$285,$297,$264,$764,$490,$0,0,$0.00,$0.00,$11393,$502,$609,$46185,$0,$29158,$0,$5753,$34911,$102121,$23537,$49145,$6926,$57661,$81197,$2348,$15791,$0,$20923,$102121,$1266,$1902,$0,$1902,$0,$0,$0,$0,$718,$4161,$-6142,$0,$-462,$0,$0,$8063,$-336,$1123,$0,$-218,$0,$0,$-138,$-4447,$-164,$-4967,$419,$0,$0
21,2012-12-31,52.09,$0.00,0.0,$43.46,1.2,$-26.21,0.0,$4.43,11.76,$45.88B,$26.02B,1.76,$51.00B,$19.21B,2.66,$12.59B,$7.06B,56.09%,$12.59B,$2.22B,17.62%,$12.59B,$2.22B,17.62%,$12.59B,$4.29B,34.04%,$12.59B,$1.96B,15.58%,$12.59B,$1.27B,10.05%,$1.27B,$19.21B,6.76%,$1.27B,$19.21B,6.76%,$1.27B,$101.37B,1.23%,$2.22B,$70.21B,3.14%,$3360,$1351,$2009,$0,$1366,$2717,$643,$-71,$573,$196,$378,$360,$374,$1164,$643,$215,255,$1.74,$1.46,$9623,$709,$523,$45882,$0,$28746,$0,$5598,$34345,$101374,$26015,$51003,$5148,$56150,$82165,$1772,$15777,$0,$19209,$101374,$1168,$1627,$0,$1627,$0,$0,$0,$0,$505,$3422,$-6549,$0,$-482,$0,$0,$351,$7216,$536,$0,$-1479,$-4056,$0,$0,$-180,$359,$-5356,$-1360,$0,$0
22,2012-09-30,46.08,$0.00,0.0,$44.26,1.04,$-27.65,0.0,$4.14,11.13,$48.64B,$25.70B,1.89,$53.48B,$19.24B,2.78,$12.23B,$6.68B,54.58%,$12.23B,$2.06B,16.86%,$12.23B,$2.06B,16.86%,$12.23B,$4.13B,33.77%,$12.23B,$1.73B,14.17%,$12.23B,$1.19B,9.75%,$1.19B,$19.24B,6.44%,$1.19B,$19.24B,6.44%,$1.19B,$105.50B,1.15%,$2.06B,$72.73B,2.90%,$3296,$1368,$1927,$0,$1342,$2711,$585,$-68,$517,$176,$340,$313,$318,$1158,$585,$215,215,$1.48,$1.24,$10700,$797,$567,$48637,$0,$29450,$0,$5515,$34965,$105497,$25695,$53484,$7076,$60560,$86255,$1856,$16140,$0,$19242,$105497,$803,$1106,$0,$1106,$0,$0,$0,$0,$786,$2740,$-4663,$0,$-510,$0,$0,$361,$4816,$3,$0,$-1635,$-2134,$0,$0,$-123,$343,$-3549,$-862,$0,$0
23,2012-06-30,42.81,$0.00,0.0,$43.33,0.99,$-8.65,0.0,$4.20,10.19,$47.63B,$24.72B,1.93,$51.73B,$18.48B,2.8,$12.03B,$6.49B,53.92%,$12.03B,$2.09B,17.37%,$12.03B,$2.09B,17.37%,$12.03B,$4.15B,34.52%,$12.03B,$1.70B,14.10%,$12.03B,$1.16B,9.60%,$1.16B,$18.48B,6.34%,$1.16B,$18.48B,6.34%,$1.16B,$103.11B,1.11%,$2.09B,$70.21B,2.93%,$3217,$1369,$1848,$0,$1189,$2558,$659,$-24,$593,$158,$435,$424,$438,$1192,$659,$215,215,$2.04,$1.73,$9090,$921,$576,$47633,$0,$28861,$0,$5750,$34611,$103108,$24722,$51725,$8179,$59904,$84626,$1816,$15476,$0,$18482,$103108,$449,$533,$0,$533,$0,$0,$0,$0,$418,$1072,$-2149,$0,$-502,$0,$0,$401,$2296,$46,$0,$-792,$-2298,$0,$0,$-121,$-14,$-3225,$-2150,$0,$0
24,2012-03-31,44.37,$0.00,0.0,$42.07,1.05,$-8.95,0.0,$3.80,11.68,$47.15B,$25.15B,1.87,$51.92B,$17.93B,2.9,$11.84B,$6.30B,53.23%,$11.84B,$1.91B,16.10%,$11.84B,$1.91B,16.10%,$11.84B,$3.95B,33.40%,$11.84B,$1.59B,13.42%,$11.84B,$1.01B,8.53%,$1.01B,$17.93B,5.63%,$1.01B,$17.93B,5.63%,$1.01B,$101.65B,0.97%,$1.91B,$69.85B,2.65%,$2717,$1439,$1278,$0,$947,$2386,$331,$-53,$279,$135,$144,$144,$135,$772,$331,$0,0,$0.00,$0.00,$11367,$969,$481,$47145,$0,$28957,$0,$5385,$34342,$101653,$25151,$51922,$6652,$58574,$83725,$1752,$14818,$0,$17928,$101653,$1077,$2047,$0,$2047,$0,$0,$0,$0,$1117,$4052,$-5428,$0,$-21,$0,$0,$-155,$6112,$508,$0,$-849,$-3576,$0,$0,$-105,$655,$-3875,$666,$0,$0
25,2011-12-31,37.32,$0.00,0.0,$42.07,0.89,$-8.95,0.0,$3.80,9.82,$47.70B,$26.48B,1.8,$53.67B,$18.40B,2.92,$12.46B,$6.62B,53.17%,$12.46B,$1.93B,15.48%,$12.46B,$1.93B,15.48%,$12.46B,$4.03B,32.38%,$12.46B,$1.54B,12.34%,$12.46B,$1.13B,9.09%,$1.13B,$18.40B,6.43%,$1.13B,$18.40B,6.43%,$1.13B,$105.41B,1.08%,$1.93B,$72.07B,2.67%,$3003,$1379,$1624,$0,$1137,$2516,$487,$-142,$345,$31,$314,$306,$302,$1009,$487,$215,215,$1.41,$1.17,$10188,$1227,$584,$47704,$0,$30198,$0,$6537,$36735,$105410,$26477,$53673,$6859,$60532,$87009,$1852,$15459,$0,$18401,$105410,$922,$1607,$0,$1607,$0,$0,$0,$0,$583,$2728,$-5673,$0,$0,$0,$0,$-586,$7034,$775,$0,$-688,$-3623,$0,$0,$-111,$108,$-4315,$-893,$0,$0
26,2011-09-30,35.23,$0.00,0.0,$38.84,0.91,$-9.10,0.0,$3.43,10.27,$49.02B,$26.49B,1.85,$55.13B,$18.08B,3.05,$12.37B,$6.66B,53.80%,$12.37B,$1.88B,15.23%,$12.37B,$1.88B,15.23%,$12.37B,$4.07B,32.88%,$12.37B,$1.46B,11.83%,$12.37B,$1.05B,8.46%,$1.05B,$18.08B,6.12%,$1.05B,$18.08B,6.12%,$1.05B,$106.49B,1.00%,$1.88B,$73.20B,2.60%,$3095,$1358,$1738,$0,$1125,$2483,$613,$-133,$479,$186,$293,$280,$280,$1180,$613,$215,215,$1.30,$1.30,$10806,$1336,$610,$49015,$0,$29907,$0,$6389,$36296,$106492,$26489,$55125,$6799,$61924,$88412,$1858,$15200,$0,$18079,$106492,$612,$1084,$0,$1084,$0,$0,$0,$0,$613,$2161,$0,$0,$15,$0,$0,$-465,$1369,$919,$0,$-978,$-2446,$0,$0,$-111,$278,$-3257,$-282,$0,$0
27,2011-06-30,44.42,$0.00,0.0,$35.79,1.24,$-27.55,0.0,$2.94,15.11,$47.85B,$25.20B,1.9,$55.19B,$17.39B,3.17,$12.17B,$6.45B,52.99%,$12.17B,$1.65B,13.58%,$12.17B,$1.65B,13.58%,$12.17B,$3.75B,30.83%,$12.17B,$1.31B,10.79%,$12.17B,$0.97B,7.99%,$0.97B,$17.39B,5.91%,$0.97B,$17.39B,5.91%,$0.97B,$104.30B,0.94%,$1.65B,$72.57B,2.30%,$3021,$1361,$1660,$0,$1185,$2546,$475,$10,$485,$191,$294,$282,$293,$992,$475,$220,220,$1.33,$1.33,$10128,$1265,$630,$47852,$0,$29151,$0,$6503,$35654,$104300,$25197,$55185,$6533,$61718,$86915,$1784,$14326,$0,$17385,$104300,$302,$517,$0,$517,$0,$0,$0,$0,$-157,$554,$-1724,$0,$11,$0,$0,$-217,$2661,$731,$0,$0,$-1473,$0,$0,$-106,$-143,$-1723,$-459,$0,$0
28,2011-03-31,42.36,$0.00,0.0,$32.49,1.3,$-26.00,0.0,$2.34,18.1,$48.34B,$25.84B,1.87,$54.50B,$16.54B,3.3,$11.80B,$6.24B,52.85%,$11.80B,$1.52B,12.84%,$11.80B,$1.52B,12.84%,$11.80B,$3.54B,30.01%,$11.80B,$1.11B,9.37%,$11.80B,$0.87B,7.34%,$0.87B,$16.54B,5.47%,$0.87B,$16.54B,5.47%,$0.87B,$103.21B,0.85%,$1.52B,$71.03B,2.14%,$3338,$1735,$1602,$0,$1250,$2985,$353,$-125,$228,$-3,$231,$231,$257,$852,$353,$0,0,$0.00,$0.00,$10287,$1304,$536,$48339,$0,$28618,$0,$6909,$35527,$103206,$25844,$54495,$6331,$60826,$86670,$1732,$13729,$0,$16536,$103206,$873,$2026,$0,$2026,$0,$0,$0,$0,$-162,$2554,$-6758,$0,$-407,$0,$0,$-879,$11070,$3026,$0,$-969,$-5178,$0,$1,$-97,$1870,$-4373,$1119,$0,$0
29,2010-12-31,43.84,$0.00,0.0,$32.49,1.35,$-26.00,0.0,$2.34,18.74,$48.81B,$25.62B,1.91,$56.22B,$16.43B,3.42,$10.99B,$6.05B,55.02%,$10.99B,$1.31B,11.92%,$10.99B,$1.31B,11.92%,$10.99B,$3.23B,29.35%,$10.99B,$1.06B,9.63%,$10.99B,$0.73B,6.63%,$0.73B,$16.43B,4.76%,$0.73B,$16.43B,4.76%,$0.73B,$104.67B,0.75%,$1.31B,$72.65B,1.95%,$2917,$1262,$1655,$0,$1212,$2474,$443,$-38,$271,$102,$169,$177,$217,$1043,$443,$229,272,$0.95,$0.80,$8819,$1716,$593,$48807,$0,$28644,$0,$8151,$36795,$104668,$25623,$56220,$6393,$62613,$88236,$1767,$13800,$0,$16432,$104668,$636,$1527,$0,$1527,$0,$0,$0,$0,$-629,$1233,$-4994,$0,$-10,$0,$0,$-803,$7879,$2072,$0,$-749,$-4132,$0,$0,$-98,$1417,$-3562,$-372,$0,$0
30,2010-09-30,34.6,$0.00,0.0,$31.39,1.1,$-19.78,0.0,$1.85,18.7,$50.03B,$24.09B,2.08,$55.46B,$15.49B,3.58,$10.57B,$5.75B,54.39%,$10.57B,$1.04B,9.82%,$10.57B,$1.04B,9.82%,$10.57B,$2.85B,26.97%,$10.57B,$0.95B,8.99%,$10.57B,$0.59B,5.60%,$0.59B,$15.49B,3.98%,$0.59B,$15.49B,3.98%,$0.59B,$101.13B,0.64%,$1.04B,$70.95B,1.64%,$2897,$1363,$1533,$0,$1152,$2515,$382,$-53,$329,$120,$209,$202,$206,$866,$382,$215,255,$0.96,$0.81,$10215,$1602,$593,$50030,$0,$26782,$0,$6295,$33078,$101132,$24090,$55462,$6094,$61557,$85647,$1684,$12964,$0,$15485,$101132,$411,$928,$0,$928,$0,$0,$0,$0,$167,$1278,$-3422,$0,$-166,$0,$0,$-315,$5477,$1574,$0,$-321,$-1856,$0,$0,$-94,$792,$-1479,$1286,$0,$0
31,2010-06-30,32.47,$0.00,0.0,$30.94,1.05,$-12.49,0.0,$1.61,20.17,$48.46B,$23.50B,2.06,$54.08B,$14.89B,3.63,$10.41B,$5.83B,55.94%,$10.41B,$0.92B,8.85%,$10.41B,$0.92B,8.85%,$10.41B,$2.65B,25.40%,$10.41B,$0.74B,7.14%,$10.41B,$0.53B,5.09%,$0.53B,$14.89B,3.66%,$0.53B,$14.89B,3.66%,$0.53B,$98.37B,0.60%,$0.92B,$68.97B,1.54%,$2650,$1203,$1447,$0,$1110,$2313,$337,$-59,$278,$113,$165,$160,$186,$781,$337,$215,255,$0.86,$0.73,$8195,$1623,$596,$48456,$0,$26365,$0,$6260,$32625,$98374,$23500,$54082,$5900,$59982,$83482,$1627,$12324,$0,$14892,$98374,$191,$444,$0,$444,$0,$0,$0,$0,$-374,$-161,$-796,$0,$-121,$0,$0,$-454,$2198,$827,$0,$141,$-1497,$0,$0,$-91,$503,$-944,$-339,$0,$0
32,2010-03-31,39.75,$0.00,0.0,$34.09,1.17,$-13.53,0.0,$1.24,32.06,$36.90B,$21.75B,1.7,$41.23B,$14.45B,2.85,$10.25B,$5.80B,56.55%,$10.25B,$0.88B,8.60%,$10.25B,$0.88B,8.60%,$10.25B,$2.68B,26.14%,$10.25B,$0.60B,5.83%,$10.25B,$0.42B,4.13%,$0.42B,$14.45B,3.04%,$0.42B,$14.45B,3.04%,$0.42B,$83.19B,0.50%,$0.88B,$55.68B,1.56%,$2530,$1116,$1414,$0,$1266,$2382,$148,$33,$181,$78,$103,$103,$120,$537,$148,$0,0,$0.00,$0.00,$7708,$1647,$488,$36899,$0,$24403,$0,$5802,$30205,$83188,$21749,$41233,$5755,$46988,$68737,$1547,$11874,$0,$14451,$83188,$440,$1798,$0,$1798,$0,$0,$0,$0,$-239,$2250,$-2486,$0,$1219,$0,$0,$-1786,$7705,$4652,$0,$-7704,$0,$0,$893,$-67,$1859,$-5019,$1925,$0,$0
33,2009-12-31,30.53,$0.00,0.0,$34.09,0.9,$-13.53,0.0,$1.24,24.62,$41.17B,$23.54B,1.75,$43.65B,$14.67B,2.98,$10.74B,$6.01B,55.99%,$10.74B,$0.90B,8.39%,$10.74B,$0.90B,8.39%,$10.74B,$2.69B,25.08%,$10.74B,$0.47B,4.36%,$10.74B,$0.47B,4.34%,$0.47B,$14.67B,3.51%,$0.47B,$14.67B,3.51%,$0.47B,$88.34B,0.54%,$0.90B,$58.32B,1.58%,$2496,$1139,$1357,$0,$1186,$2325,$171,$-43,$162,$68,$95,$71,$80,$668,$171,$215,259,$0.37,$0.31,$9157,$1770,$388,$41167,$0,$24181,$0,$5750,$29930,$88338,$23543,$43653,$6473,$50126,$73669,$1597,$12149,$0,$14668,$88338,$331,$1409,$0,$1409,$0,$0,$0,$0,$-70,$1099,$-3072,$0,$1293,$0,$0,$-819,$6995,$4398,$0,$-605,$-5113,$0,$922,$-69,$1799,$-3068,$752,$0,$0
34,2009-09-30,27.15,$0.00,0.0,$39.18,0.69,$-36.17,0.0,$-1.57,0.0,$39.47B,$21.86B,1.81,$42.59B,$13.98B,3.05,$10.96B,$6.10B,55.69%,$10.96B,$0.74B,6.79%,$10.96B,$0.74B,6.79%,$10.96B,$2.68B,24.42%,$10.96B,$-0.39B,-3.54%,$10.96B,$-0.08B,-0.68%,$-0.08B,$13.98B,-0.59%,$-0.08B,$13.98B,-0.59%,$-0.08B,$84.73B,-0.09%,$0.74B,$56.58B,1.28%,$2737,$1130,$1607,$0,$1341,$2471,$266,$89,$123,$50,$73,$73,$144,$659,$266,$213,251,$0.68,$0.57,$7814,$1871,$390,$39467,$0,$22905,$0,$5621,$28527,$84728,$21857,$42592,$6296,$48888,$70745,$1540,$11631,$0,$13984,$84728,$219,$912,$0,$912,$0,$0,$0,$0,$-243,$1080,$-1361,$0,$1260,$0,$0,$-327,$4198,$3770,$0,$-547,$-4380,$0,$888,$-67,$691,$-3415,$1422,$0,$0
35,2009-06-30,26.4,$0.00,0.0,$42.48,0.62,$-53.31,0.0,$-0.99,0.0,$41.27B,$21.46B,1.92,$43.62B,$12.55B,3.48,$10.74B,$5.81B,54.10%,$10.74B,$0.62B,5.73%,$10.74B,$0.62B,5.73%,$10.74B,$2.62B,24.43%,$10.74B,$-0.25B,-2.35%,$10.74B,$-0.01B,-0.12%,$-0.01B,$12.55B,-0.11%,$-0.01B,$12.55B,-0.11%,$-0.01B,$83.84B,-0.02%,$0.62B,$56.17B,1.07%,$2489,$1069,$1420,$0,$1122,$2192,$297,$-137,$132,$56,$76,$81,$79,$816,$297,$184,184,$0.43,$0.36,$5760,$1897,$375,$41272,$0,$20818,$0,$5615,$26432,$83836,$21460,$43620,$6203,$49823,$71283,$1053,$11050,$0,$12553,$83836,$75,$519,$0,$519,$0,$0,$0,$0,$-132,$67,$-947,$0,$-53,$0,$0,$73,$2092,$1165,$0,$760,$-2973,$0,$0,$-65,$429,$-1849,$-599,$0,$0
36,2009-03-31,14.72,$0.00,0.0,$44.21,0.33,$-60.80,0.0,$0.43,34.23,$42.71B,$21.31B,2.0,$45.34B,$11.89B,3.82,$10.98B,$6.02B,54.84%,$10.98B,$0.80B,7.27%,$10.98B,$0.80B,7.27%,$10.98B,$2.72B,24.81%,$10.98B,$0.10B,0.94%,$10.98B,$0.23B,2.11%,$0.23B,$11.89B,1.93%,$0.23B,$11.89B,1.93%,$0.23B,$85.21B,0.27%,$0.80B,$57.23B,1.40%,$3013,$1387,$1626,$0,$1459,$2846,$167,$-115,$51,$-105,$157,$151,$163,$549,$167,$0,0,$0.00,$0.00,$5994,$2015,$352,$42710,$0,$21432,$0,$5761,$27193,$85205,$21308,$45341,$6228,$52011,$73319,$1041,$10912,$0,$11886,$85205,$223,$1926,$0,$1926,$0,$0,$0,$0,$536,$3143,$-8726,$0,$-8,$0,$0,$26,$10451,$1743,$0,$-2418,$-2560,$0,$-296,$-240,$2108,$-3406,$1419,$0,$0
37,2008-12-31,24.97,$0.00,0.0,$79.46,0.31,$-163.61,0.0,$5.85,4.27,$47.87B,$23.94B,2.0,$50.34B,$12.68B,3.97,$11.15B,$5.74B,51.42%,$11.15B,$0.24B,2.18%,$11.15B,$0.24B,2.18%,$11.15B,$2.39B,21.38%,$11.15B,$1.04B,9.30%,$11.15B,$0.56B,5.02%,$0.56B,$12.68B,4.58%,$0.56B,$12.68B,4.58%,$0.56B,$94.23B,0.63%,$0.24B,$63.02B,0.43%,$2718,$1269,$1449,$0,$1435,$2704,$14,$-708,$-694,$-228,$-466,$-464,$-461,$652,$14,$184,184,$-2.50,$-2.50,$5696,$2273,$570,$47874,$0,$24391,$0,$6062,$30453,$94233,$23936,$50337,$6832,$57615,$81551,$1123,$11790,$0,$12682,$94233,$146,$1544,$0,$1544,$0,$0,$0,$0,$393,$2036,$-7616,$0,$-47,$0,$0,$-329,$7814,$-178,$0,$-3116,$1109,$0,$-320,$-258,$1551,$-1034,$744,$0,$0
38,2008-09-30,54.74,$0.00,0.0,$78.40,0.7,$-170.57,0.0,$9.76,5.61,$41.54B,$23.07B,1.8,$41.75B,$11.57B,3.61,$10.93B,$5.77B,52.85%,$10.93B,$0.68B,6.26%,$10.93B,$0.68B,6.26%,$10.93B,$2.57B,23.49%,$10.93B,$2.16B,19.78%,$10.93B,$1.28B,11.72%,$1.28B,$11.57B,10.82%,$1.28B,$11.57B,10.82%,$1.28B,$82.75B,1.51%,$0.68B,$53.32B,1.27%,$2523,$1206,$1317,$0,$1179,$2385,$138,$36,$259,$117,$141,$131,$206,$607,$138,$178,178,$1.16,$1.15,$4315,$1957,$515,$41540,$0,$23706,$0,$4662,$28367,$82752,$23066,$41750,$5954,$48116,$71182,$951,$10371,$0,$11570,$82752,$514,$906,$0,$906,$0,$0,$0,$0,$-2,$1171,$-4415,$0,$-45,$0,$0,$-1029,$4446,$-1043,$0,$-1220,$1277,$0,$-271,$-219,$280,$-153,$-18,$0,$0
39,2008-06-30,63.36,$0.00,0.0,$90.95,0.7,$-203.43,0.0,$13.01,4.87,$44.19B,$24.67B,1.79,$43.08B,$12.02B,3.59,$10.85B,$5.83B,53.75%,$10.85B,$0.94B,8.63%,$10.85B,$0.94B,8.63%,$10.85B,$2.73B,25.18%,$10.85B,$2.41B,22.16%,$10.85B,$1.48B,13.62%,$1.48B,$12.02B,12.65%,$1.48B,$12.02B,12.65%,$1.48B,$86.45B,1.78%,$0.94B,$55.10B,1.79%,$2723,$1095,$1628,$0,$1149,$2244,$479,$117,$487,$196,$291,$296,$324,$915,$479,$178,178,$1.81,$1.78,$3828,$2290,$540,$44187,$0,$24980,$0,$4338,$29318,$86452,$24669,$43084,$6255,$49765,$74434,$981,$10465,$0,$12018,$86452,$311,$436,$0,$436,$0,$0,$0,$0,$-586,$-257,$-1933,$0,$-17,$0,$0,$-850,$1979,$-822,$0,$-1120,$1745,$0,$-280,$0,$-66,$279,$-781,$0,$0
40,2008-03-31,60.05,$0.00,0.0,$88.15,0.68,$-206.33,0.0,$13.19,4.55,$46.85B,$25.68B,1.82,$44.54B,$12.66B,3.52,$10.40B,$5.56B,53.44%,$10.40B,$0.87B,8.36%,$10.40B,$0.87B,8.36%,$10.40B,$2.55B,24.56%,$10.40B,$2.49B,23.97%,$10.40B,$1.52B,14.61%,$1.52B,$12.66B,13.56%,$1.52B,$12.66B,13.56%,$1.52B,$89.78B,1.92%,$0.87B,$57.19B,1.76%,$3189,$1848,$1341,$0,$1729,$3577,$-388,$240,$985,$379,$606,$491,$491,$211,$-388,$90,90,$5.42,$5.42,$4641,$2324,$476,$46852,$0,$25429,$0,$4455,$29884,$89779,$25684,$44537,$6491,$51440,$77124,$1019,$10792,$0,$12655,$89779,$1693,$1684,$0,$1684,$0,$0,$0,$0,$-745,$1560,$-10862,$0,$-113,$0,$0,$-2508,$5116,$-8367,$0,$-695,$85513,$0,$-287,$-118,$-76498,$7915,$1053,$0,$0
41,2007-12-31,73.2,$0.00,0.0,$52.90,1.38,$-103.52,0.0,$7.77,9.42,$41.76B,$24.50B,1.7,$38.10B,$11.10B,3.43,$9.59B,$5.69B,59.37%,$9.59B,$1.77B,18.46%,$9.59B,$1.77B,18.46%,$9.59B,$3.22B,33.57%,$9.59B,$2.08B,21.66%,$9.59B,$1.41B,14.70%,$1.41B,$11.10B,13.32%,$1.41B,$11.10B,13.32%,$1.41B,$79.85B,1.90%,$1.77B,$49.20B,3.87%,$2491,$1003,$1488,$0,$1033,$2036,$455,$41,$430,$175,$255,$252,$260,$833,$455,$182,182,$1.43,$1.41,$3721,$2124,$526,$41755,$0,$23117,$0,$3687,$26804,$79850,$24498,$38099,$5774,$44254,$68752,$894,$9045,$0,$11098,$79850,$1059,$1085,$0,$1085,$0,$0,$0,$0,$-1169,$272,$-7047,$0,$-57,$0,$0,$-1542,$1311,$-7335,$0,$1372,$6057,$0,$16,$-104,$33,$7374,$284,$0,$0
42,2007-09-30,97.86,$0.00,0.0,$53.28,1.84,$-94.80,0.0,$9.06,10.8,$40.52B,$22.86B,1.77,$37.05B,$10.98B,3.38,$9.64B,$5.91B,61.34%,$9.64B,$2.11B,21.87%,$9.64B,$2.11B,21.87%,$9.64B,$3.51B,36.39%,$9.64B,$2.45B,25.47%,$9.64B,$1.66B,17.18%,$1.66B,$10.98B,16.24%,$1.66B,$10.98B,16.24%,$1.66B,$76.91B,2.34%,$2.11B,$48.03B,4.82%,$2449,$1073,$1376,$0,$986,$2059,$390,$94,$503,$202,$301,$403,$403,$774,$390,$92,92,$4.40,$4.40,$3581,$2040,$515,$40520,$0,$22407,$0,$3480,$25887,$76912,$22860,$37052,$5670,$43076,$65936,$883,$8695,$0,$10976,$76912,$797,$707,$0,$707,$0,$0,$0,$0,$-1054,$18,$-4699,$0,$-32,$0,$0,$-765,$664,$-4832,$0,$-45,$5073,$0,$14,$-103,$222,$5161,$343,$0,$0
43,2007-06-30,115.03,$0.00,0.0,$40.15,2.86,$-61.12,0.0,$6.70,17.17,$36.29B,$21.98B,1.65,$32.91B,$10.12B,3.25,$9.64B,$5.96B,61.82%,$9.64B,$2.32B,24.09%,$9.64B,$2.32B,24.09%,$9.64B,$3.64B,37.80%,$9.64B,$2.56B,26.56%,$9.64B,$1.63B,16.94%,$1.63B,$10.12B,16.94%,$1.63B,$10.12B,16.94%,$1.63B,$70.79B,2.41%,$2.32B,$43.03B,5.60%,$2272,$919,$1353,$0,$940,$1859,$413,$130,$575,$232,$343,$330,$366,$736,$413,$182,182,$2.01,$1.96,$2757,$1854,$485,$36288,$0,$21924,$0,$3145,$25069,$70785,$21976,$32909,$5427,$38690,$60666,$822,$7785,$0,$10119,$70785,$371,$323,$0,$323,$0,$0,$0,$0,$-840,$-601,$-2166,$0,$-17,$0,$0,$-1425,$400,$-3208,$0,$592,$2910,$0,$6,$-96,$177,$3589,$-211,$0,$0
44,2007-03-31,112.96,$0.00,0.0,$40.98,2.76,$-50.24,0.0,$6.94,16.28,$35.76B,$20.71B,1.73,$32.72B,$10.12B,3.24,$9.76B,$6.07B,62.14%,$9.76B,$2.55B,26.12%,$9.76B,$2.55B,26.12%,$9.76B,$3.85B,39.45%,$9.76B,$2.68B,27.43%,$9.76B,$1.68B,17.20%,$1.68B,$10.12B,18.15%,$1.68B,$10.12B,18.15%,$1.68B,$69.52B,2.56%,$2.55B,$42.84B,6.35%,$2375,$900,$1475,$0,$963,$1863,$512,$57,$569,$203,$366,$353,$380,$875,$512,$0,0,$0.00,$0.00,$2861,$1831,$465,$35764,$0,$21192,$0,$3209,$24401,$69523,$20708,$32724,$5643,$38699,$59407,$836,$7809,$0,$10116,$69523,$1665,$1301,$0,$1301,$0,$0,$0,$0,$-272,$1916,$-8739,$0,$-137,$0,$0,$-6179,$8259,$-6796,$0,$-943,$4873,$0,$38,$-69,$717,$4616,$-260,$0,$0
45,2006-12-31,126.73,$0.00,0.0,$40.98,3.09,$-50.24,0.0,$6.94,18.26,$32.91B,$18.87B,1.74,$31.30B,$9.55B,3.28,$9.62B,$6.00B,62.44%,$9.62B,$2.48B,25.81%,$9.62B,$2.48B,25.81%,$9.62B,$3.76B,39.12%,$9.62B,$2.56B,26.65%,$9.62B,$1.61B,16.72%,$1.61B,$9.55B,18.37%,$1.61B,$9.55B,18.37%,$1.61B,$65.51B,2.53%,$2.48B,$40.85B,6.47%,$2539,$833,$1706,$0,$914,$1747,$792,$44,$807,$333,$474,$466,$506,$1121,$792,$181,181,$2.81,$2.70,$2142,$1473,$391,$32914,$0,$20794,$0,$2995,$23789,$65507,$18874,$31301,$5466,$37080,$55954,$764,$7376,$0,$9553,$65507,$1268,$938,$-5,$933,$0,$0,$0,$0,$-37,$1374,$-6519,$0,$-128,$0,$0,$1258,$674,$-4715,$0,$-1493,$3502,$0,$25,$-68,$370,$2336,$-1000,$0,$0
