,Date,Stock Price,Book Value per Share,Price to Book Ratio,TTM Sales per Share,Price to Sales Ratio,TTM FCF per Share,Price to FCF Ratio,TTM Net EPS,PE Ratio,Current Assets,Current Liabilities,Current Ratio,Long Term Debt,Shareholder's Equity_x,Debt to Equity Ratio,TTM Revenue_x,TTM Gross Profit,Gross Margin,TTM Revenue_y,TTM Operating Income,Operating Margin,TTM Revenue_x,TTM EBIT,EBIT Margin,TTM Revenue_y,TTM EBITDA,EBITDA Margin,TTM Revenue_x,TTM Pre-Tax Income,Pre-Tax Margin,TTM Revenue_y,TTM Net Income_x,Net Margin,TTM Net Income_y,Shareholder's Equity_y,Return on Equity,TTM Net Income_x,Tangible Equity,Return on Tangible Equity,TTM Net Income_y,Total Assets,Return on Assets,TTM Net Income,LT Investments & Debt,Return on Investment,revenue,cost-goods-sold,gross-profit,research-development-expenses,selling-general-administrative-expenses,operating-expenses,operating-income,total-non-operating-income-expense,pre-tax-income,total-provision-income-taxes,income-after-taxes,income-from-continuous-operations,net-income,ebitda,ebit,basic-shares-outstanding,shares-outstanding,eps-basic-net-earnings-per-share,eps-earnings-per-share-diluted,cash-on-hand,inventory,other-current-assets,total-current-assets,net-property-plant-equipment,long-term-investments,goodwill-intangible-assets-total,other-long-term-assets,total-long-term-assets,total-assets,total-current-liabilities,long-term-debt,other-non-current-liabilities,total-long-term-liabilities,total-liabilities,common-stock-net,retained-earnings-accumulated-deficit,comprehensive-income,total-share-holder-equity,total-liabilities-share-holders-equity,net-income-loss,total-depreciation-amortization-cash-flow,other-non-cash-items,total-non-cash-items,change-in-accounts-receivable,change-in-inventories,change-in-accounts-payable,change-in-assets-liabilities,total-change-in-assets-liabilities,cash-flow-from-operating-activities,net-change-in-property-plant-equipment,net-change-in-intangible-assets,net-acquisitions-divestitures,net-change-in-short-term-investments,net-change-in-long-term-investments,net-change-in-investments-total,investing-activities-other,cash-flow-from-investing-activities,net-long-term-debt,net-current-debt,debt-issuance-retirement-net-total,net-common-equity-issued-repurchased,net-total-equity-issued-repurchased,total-common-preferred-stock-dividends-paid,financial-activities-other,cash-flow-from-financial-activities,net-cash-flow,stock-based-compensation,common-stock-dividends-paid
0,2018-09-30,1.59,$0.65,2.44,$3.13,0.51,$-1.56,0.0,$-0.76,0.0,$0.01B,$0.02B,0.67,$0.00B,$0.01B,0.0,$0.02B,$0.01B,52.38%,$0.02B,$-0.01B,-28.57%,$0.02B,$-0.01B,-28.57%,$0.02B,$-0.01B,-23.81%,$0.02B,$-0.01B,-28.57%,$0.02B,$-0.01B,-28.57%,$-0.01B,$0.01B,-126.32%,$-0.01B,$-0.00B,480.00%,$-0.01B,$0.03B,-38.71%,$-0.01B,$0.01B,-126.32%,$6,$2,$3,$0,$4,$7,$-1,$-0,$-1,$0,$-1,$-1,$-1,$-1,$-1,$10,10,$-0.13,$-0.13,$4,$0,$0,$11,$0,$0,$12,$0,$13,$25,$17,$0,$0,$0,$17,$0,$-52,$0,$8,$25,$-5,$1,$0,$1,$0,$0,$1,$1,$0,$-4,$-1,$0,$0,$0,$0,$0,$-0,$-1,$0,$-0,$-0,$6,$6,$0,$-1,$5,$-0,$1,$0
1,2018-06-30,0.95,$0.39,2.46,$3.82,0.25,$-1.63,0.0,$-0.86,0.0,$0.01B,$0.01B,0.64,$0.00B,$0.00B,0.0,$0.02B,$0.01B,54.55%,$0.02B,$-0.01B,-27.27%,$0.02B,$-0.01B,-27.27%,$0.02B,$-0.00B,-18.18%,$0.02B,$-0.01B,-27.27%,$0.02B,$-0.01B,-27.27%,$-0.01B,$0.00B,-141.18%,$-0.01B,$-0.00B,inf%,$-0.01B,$0.01B,-46.15%,$-0.01B,$0.00B,-141.18%,$4,$2,$2,$0,$4,$6,$-2,$0,$-2,$0,$-2,$-2,$-2,$-2,$-2,$6,6,$-0.28,$-0.28,$2,$0,$0,$5,$0,$0,$4,$0,$6,$11,$8,$0,$0,$0,$9,$0,$-51,$0,$2,$11,$-4,$0,$-0,$0,$1,$0,$-0,$1,$1,$-2,$-0,$0,$0,$0,$0,$0,$0,$-0,$0,$0,$0,$0,$0,$0,$-0,$0,$-2,$0,$0
2,2018-03-31,3.66,$0.64,5.76,$4.12,0.89,$-1.65,0.0,$-0.83,0.0,$0.01B,$0.01B,0.82,$0.00B,$0.00B,0.0,$0.02B,$0.01B,54.17%,$0.02B,$-0.01B,-20.83%,$0.02B,$-0.01B,-20.83%,$0.02B,$-0.00B,-12.50%,$0.02B,$-0.01B,-20.83%,$0.02B,$-0.01B,-20.83%,$-0.01B,$0.00B,-95.24%,$-0.01B,$0.00B,-666.67%,$-0.01B,$0.01B,-36.36%,$-0.01B,$0.00B,-95.24%,$4,$2,$2,$0,$3,$6,$-2,$-0,$-2,$0,$-2,$-2,$-2,$-2,$-2,$6,6,$-0.35,$-0.35,$3,$0,$0,$7,$0,$0,$4,$0,$6,$12,$8,$0,$0,$0,$9,$0,$-49,$0,$4,$12,$-2,$0,$-0,$0,$0,$0,$-0,$1,$1,$-1,$-0,$0,$0,$0,$0,$0,$0,$-0,$0,$0,$0,$0,$0,$0,$-0,$0,$-1,$0,$0
3,2017-12-31,4.52,$0.92,4.9,$4.31,1.05,$-1.70,0.0,$-0.97,0.0,$0.01B,$0.01B,1.03,$0.00B,$0.01B,0.0,$0.03B,$0.01B,52.00%,$0.03B,$-0.01B,-24.00%,$0.03B,$-0.01B,-24.00%,$0.03B,$-0.00B,-12.00%,$0.03B,$-0.01B,-24.00%,$0.03B,$-0.01B,-24.00%,$-0.01B,$0.01B,-100.00%,$-0.01B,$0.00B,-480.00%,$-0.01B,$0.01B,-40.68%,$-0.01B,$0.01B,-100.00%,$7,$3,$4,$0,$4,$8,$-1,$-0,$-1,$0,$-1,$-1,$-1,$-0,$-1,$6,6,$-0.12,$-0.12,$4,$0,$0,$8,$0,$0,$4,$0,$6,$14,$8,$0,$1,$1,$8,$0,$-47,$0,$5,$14,$-5,$2,$1,$3,$0,$0,$0,$-0,$1,$-2,$-0,$0,$0,$0,$0,$0,$0,$-0,$0,$1,$1,$0,$0,$0,$-0,$1,$-2,$1,$0
4,2017-09-30,7.1,$1.02,6.95,$3.37,2.11,$-2.23,0.0,$-1.18,0.0,$0.01B,$0.01B,1.04,$0.00B,$0.01B,0.0,$0.02B,$0.01B,52.63%,$0.02B,$-0.01B,-36.84%,$0.02B,$-0.01B,-36.84%,$0.02B,$-0.00B,-21.05%,$0.02B,$-0.01B,-36.84%,$0.02B,$-0.01B,-36.84%,$-0.01B,$0.01B,-100.00%,$-0.01B,$0.00B,-350.00%,$-0.01B,$0.02B,-45.16%,$-0.01B,$0.01B,-100.00%,$7,$3,$4,$0,$4,$8,$-1,$0,$-1,$0,$-1,$-1,$-1,$-0,$-1,$6,6,$-0.10,$-0.10,$3,$0,$0,$9,$0,$0,$5,$0,$6,$15,$9,$0,$0,$1,$9,$0,$-47,$0,$6,$15,$-5,$1,$1,$2,$-2,$0,$0,$0,$-0,$-3,$-0,$0,$0,$0,$0,$0,$0,$-0,$0,$1,$1,$0,$0,$0,$-0,$1,$-3,$1,$0
5,2017-06-30,1.91,$1.09,1.76,$3.51,0.54,$-2.56,0.0,$-1.36,0.0,$0.01B,$0.01B,1.11,$0.00B,$0.01B,0.0,$0.02B,$0.01B,52.63%,$0.02B,$-0.01B,-36.84%,$0.02B,$-0.01B,-36.84%,$0.02B,$-0.01B,-26.32%,$0.02B,$-0.01B,-42.11%,$0.02B,$-0.01B,-42.11%,$-0.01B,$0.01B,-96.97%,$-0.01B,$0.00B,-266.67%,$-0.01B,$0.01B,-48.48%,$-0.01B,$0.01B,-84.85%,$6,$3,$3,$0,$4,$7,$-1,$-0,$-1,$0,$-1,$-1,$-1,$-1,$-1,$6,6,$-0.25,$-0.25,$4,$0,$0,$8,$0,$0,$5,$0,$6,$14,$7,$0,$1,$1,$8,$0,$-46,$0,$6,$14,$-4,$1,$0,$1,$-0,$0,$0,$1,$1,$-2,$-0,$0,$0,$0,$0,$0,$0,$-0,$0,$0,$0,$0,$0,$0,$-0,$0,$-2,$0,$0
6,2017-03-31,4.2,$1.31,3.21,$3.79,1.11,$-2.80,0.0,$-1.41,0.0,$0.01B,$0.01B,1.2,$0.00B,$0.01B,0.0,$0.02B,$0.01B,50.00%,$0.02B,$-0.01B,-40.00%,$0.02B,$-0.01B,-40.00%,$0.02B,$-0.01B,-25.00%,$0.02B,$-0.01B,-45.00%,$0.02B,$-0.01B,-45.00%,$-0.01B,$0.01B,-94.74%,$-0.01B,$0.00B,-200.00%,$-0.01B,$0.02B,-50.70%,$-0.01B,$0.01B,-84.21%,$5,$2,$2,$0,$5,$8,$-3,$-0,$-3,$0,$-3,$-3,$-3,$-2,$-3,$6,6,$-0.49,$-0.49,$4,$0,$0,$9,$0,$0,$5,$0,$7,$16,$8,$0,$1,$1,$8,$0,$-45,$0,$7,$16,$-3,$0,$0,$1,$-1,$0,$0,$0,$1,$-2,$-0,$0,$0,$0,$0,$0,$0,$-0,$0,$0,$0,$0,$0,$0,$-0,$-0,$-2,$0,$0
7,2016-12-31,4.51,$1.65,2.74,$3.96,1.14,$-2.80,0.0,$-1.41,0.0,$0.01B,$0.01B,1.38,$0.00B,$0.01B,0.0,$0.02B,$0.01B,50.00%,$0.02B,$-0.01B,-40.00%,$0.02B,$-0.01B,-40.00%,$0.02B,$-0.01B,-25.00%,$0.02B,$-0.01B,-45.00%,$0.02B,$-0.01B,-45.00%,$-0.01B,$0.01B,-81.82%,$-0.01B,$0.00B,-144.00%,$-0.01B,$0.02B,-48.65%,$-0.01B,$0.01B,-72.73%,$1,$0,$1,$0,$2,$3,$-2,$-0,$-2,$0,$-2,$-2,$-2,$-1,$-2,$5,5,$-0.34,$-0.34,$6,$0,$0,$10,$0,$0,$5,$0,$7,$17,$7,$0,$1,$1,$8,$0,$-42,$0,$9,$17,$-8,$1,$1,$2,$0,$0,$0,$-0,$0,$-5,$-1,$0,$-0,$0,$0,$0,$-0,$-1,$-0,$0,$-0,$0,$0,$0,$-0,$0,$-6,$1,$0
