,Date,Stock Price,Book Value per Share,Price to Book Ratio,TTM Sales per Share,Price to Sales Ratio,TTM FCF per Share,Price to FCF Ratio,TTM Net EPS,PE Ratio,Current Assets,Current Liabilities,Current Ratio,Long Term Debt,Shareholder's Equity_x,Debt to Equity Ratio,TTM Revenue_x,TTM Gross Profit,Gross Margin,TTM Revenue_y,TTM Operating Income,Operating Margin,TTM Revenue_x,TTM EBIT,EBIT Margin,TTM Revenue_y,TTM EBITDA,EBITDA Margin,TTM Revenue_x,TTM Pre-Tax Income,Pre-Tax Margin,TTM Revenue_y,TTM Net Income_x,Net Margin,TTM Net Income_y,Shareholder's Equity_y,Return on Equity,TTM Net Income_x,Tangible Equity,Return on Tangible Equity,TTM Net Income_y,Total Assets,Return on Assets,TTM Net Income,LT Investments & Debt,Return on Investment,revenue,cost-goods-sold,gross-profit,research-development-expenses,selling-general-administrative-expenses,operating-expenses,operating-income,total-non-operating-income-expense,pre-tax-income,total-provision-income-taxes,income-after-taxes,income-from-continuous-operations,net-income,ebitda,ebit,basic-shares-outstanding,shares-outstanding,eps-basic-net-earnings-per-share,eps-earnings-per-share-diluted,cash-on-hand,inventory,other-current-assets,total-current-assets,net-property-plant-equipment,long-term-investments,goodwill-intangible-assets-total,other-long-term-assets,total-long-term-assets,total-assets,total-current-liabilities,long-term-debt,other-non-current-liabilities,total-long-term-liabilities,total-liabilities,common-stock-net,retained-earnings-accumulated-deficit,comprehensive-income,total-share-holder-equity,total-liabilities-share-holders-equity,net-income-loss,total-depreciation-amortization-cash-flow,other-non-cash-items,total-non-cash-items,change-in-accounts-receivable,change-in-inventories,change-in-accounts-payable,change-in-assets-liabilities,total-change-in-assets-liabilities,cash-flow-from-operating-activities,net-change-in-property-plant-equipment,net-change-in-intangible-assets,net-acquisitions-divestitures,net-change-in-short-term-investments,net-change-in-long-term-investments,net-change-in-investments-total,investing-activities-other,cash-flow-from-investing-activities,net-long-term-debt,net-current-debt,debt-issuance-retirement-net-total,net-common-equity-issued-repurchased,net-total-equity-issued-repurchased,total-common-preferred-stock-dividends-paid,financial-activities-other,cash-flow-from-financial-activities,net-cash-flow,stock-based-compensation,common-stock-dividends-paid
0,2018-09-30,2.55,$1.91,1.34,$20.19,0.13,$-1.57,0.0,$-3.32,0.0,$0.35B,$0.24B,1.47,$0.15B,$0.06B,2.61,$0.57B,$0.15B,25.31%,$0.57B,$-0.06B,-9.60%,$0.57B,$-0.06B,-9.60%,$0.57B,$-0.04B,-6.28%,$0.57B,$-0.07B,-11.69%,$0.57B,$-0.07B,-12.04%,$-0.07B,$0.06B,-109.96%,$-0.07B,$0.00B,-1022.22%,$-0.07B,$0.45B,-18.64%,$-0.06B,$0.20B,-27.43%,$237,$172,$64,$0,$44,$217,$20,$-2,$18,$2,$16,$16,$16,$27,$20,$23,46,$0.68,$0.38,$57,$64,$0,$353,$21,$0,$54,$19,$94,$448,$241,$145,$5,$151,$392,$0,$-124,$-15,$56,$448,$-39,$15,$16,$31,$-74,$-6,$94,$-9,$10,$3,$-9,$0,$0,$0,$0,$0,$0,$-9,$2,$0,$2,$-0,$-0,$0,$-1,$0,$-8,$2,$0
1,2018-06-30,3.28,$1.38,2.37,$26.53,0.12,$-2.15,0.0,$-4.47,0.0,$0.25B,$0.17B,1.52,$0.14B,$0.04B,3.41,$0.60B,$0.14B,23.91%,$0.60B,$-0.08B,-13.88%,$0.60B,$-0.08B,-13.88%,$0.60B,$-0.05B,-9.03%,$0.60B,$-0.10B,-17.06%,$0.60B,$-0.10B,-17.22%,$-0.10B,$0.04B,-129.15%,$-0.10B,$-0.02B,-457.78%,$-0.10B,$0.35B,-27.73%,$-0.08B,$0.18B,-38.74%,$106,$78,$28,$0,$40,$118,$-12,$-4,$-16,$2,$-19,$-19,$-19,$-7,$-12,$23,23,$-0.80,$-0.80,$63,$62,$0,$250,$25,$0,$55,$19,$99,$349,$165,$137,$5,$143,$309,$0,$-140,$-13,$40,$349,$-55,$8,$17,$25,$30,$-4,$18,$-16,$21,$-9,$-7,$0,$0,$0,$0,$0,$0,$-7,$15,$0,$15,$-0,$-0,$0,$-1,$13,$-2,$1,$0
2,2018-03-31,2.1,$2.06,1.02,$27.48,0.08,$-1.23,0.0,$-4.44,0.0,$0.22B,$0.11B,1.91,$0.14B,$0.06B,2.25,$0.61B,$0.15B,24.35%,$0.61B,$-0.09B,-13.89%,$0.61B,$-0.09B,-13.89%,$0.61B,$-0.06B,-8.99%,$0.61B,$-0.10B,-16.67%,$0.61B,$-0.10B,-16.50%,$-0.10B,$0.06B,-96.65%,$-0.10B,$0.00B,-239.05%,$-0.10B,$0.31B,-26.32%,$-0.09B,$0.20B,-35.02%,$93,$70,$23,$0,$59,$129,$-36,$-3,$-39,$-2,$-36,$-36,$-36,$-32,$-36,$23,23,$-1.57,$-1.57,$47,$54,$0,$216,$23,$0,$57,$19,$98,$314,$113,$135,$6,$141,$254,$0,$-121,$-12,$60,$314,$-36,$3,$15,$19,$35,$4,$-10,$-18,$6,$-11,$-3,$0,$0,$0,$0,$0,$0,$-3,$-5,$0,$-5,$-0,$-0,$0,$0,$-5,$-18,$1,$0
3,2017-12-31,2.35,$3.51,0.67,$28.68,0.08,$-0.32,0.0,$-3.88,0.0,$0.28B,$0.14B,2.08,$0.13B,$0.10B,1.41,$0.61B,$0.16B,25.41%,$0.61B,$-0.07B,-10.59%,$0.61B,$-0.07B,-10.59%,$0.61B,$-0.03B,-5.54%,$0.61B,$-0.08B,-13.36%,$0.61B,$-0.08B,-13.52%,$-0.08B,$0.10B,-67.62%,$-0.08B,$0.04B,-149.55%,$-0.08B,$0.37B,-20.79%,$-0.07B,$0.23B,-24.21%,$137,$106,$30,$0,$57,$163,$-27,$-3,$-30,$1,$-30,$-30,$-30,$-24,$-27,$21,21,$-1.34,$-1.34,$65,$58,$0,$283,$23,$0,$58,$7,$88,$370,$136,$133,$6,$140,$276,$0,$-85,$-13,$95,$370,$-83,$31,$27,$58,$19,$17,$-0,$-1,$36,$11,$-15,$0,$0,$0,$0,$0,$0,$-15,$-36,$-5,$-41,$19,$19,$0,$0,$-21,$-21,$3,$0
4,2017-09-30,3.0,$5.19,0.58,$32.30,0.09,$-0.04,0.0,$-3.02,0.0,$0.37B,$0.19B,1.96,$0.13B,$0.12B,1.07,$0.64B,$0.18B,27.64%,$0.64B,$-0.04B,-6.21%,$0.64B,$-0.04B,-6.21%,$0.64B,$-0.01B,-0.93%,$0.64B,$-0.06B,-9.01%,$0.64B,$-0.06B,-9.47%,$-0.06B,$0.12B,-45.95%,$-0.06B,$0.07B,-101.24%,$-0.06B,$0.45B,-14.43%,$-0.04B,$0.26B,-13.51%,$262,$201,$62,$0,$56,$270,$-8,$-9,$-17,$1,$-18,$-18,$-18,$9,$-8,$23,23,$-0.77,$-0.77,$49,$80,$0,$371,$21,$0,$59,$2,$82,$453,$189,$132,$6,$140,$329,$0,$-55,$-13,$124,$453,$-53,$28,$25,$54,$-62,$-5,$48,$-4,$-7,$-6,$-10,$0,$0,$0,$0,$0,$0,$-10,$-44,$0,$-44,$19,$19,$0,$0,$-24,$-37,$2,$0
5,2017-06-30,4.0,$5.82,0.69,$28.44,0.14,$-0.12,0.0,$-1.43,0.0,$0.29B,$0.10B,2.94,$0.15B,$0.14B,1.1,$0.69B,$0.21B,30.80%,$0.69B,$0.00B,0.29%,$0.69B,$0.00B,0.29%,$0.69B,$0.03B,4.09%,$0.69B,$-0.01B,-1.31%,$0.69B,$-0.01B,-1.75%,$-0.01B,$0.14B,-8.73%,$-0.01B,$0.06B,-20.17%,$-0.01B,$0.40B,-2.67%,$0.00B,$0.29B,0.63%,$120,$86,$34,$0,$48,$134,$-14,$-2,$-16,$0,$-17,$-17,$-17,$-8,$-14,$22,22,$-0.77,$-0.77,$68,$81,$0,$289,$25,$7,$75,$2,$109,$398,$98,$153,$6,$161,$259,$0,$-37,$-15,$139,$398,$-35,$11,$4,$16,$60,$-6,$15,$-20,$32,$13,$-8,$0,$0,$0,$0,$0,$0,$-8,$-46,$0,$-46,$19,$19,$0,$0,$-26,$-18,$1,$0
6,2017-03-31,5.5,$6.63,0.83,$31.50,0.17,$0.39,14.27,$-0.93,0.0,$0.27B,$0.07B,3.86,$0.17B,$0.13B,1.24,$0.71B,$0.22B,31.44%,$0.71B,$0.02B,2.12%,$0.71B,$0.02B,2.12%,$0.71B,$0.04B,5.67%,$0.71B,$0.00B,0.57%,$0.71B,$0.00B,0.14%,$0.00B,$0.13B,0.76%,$0.00B,$0.06B,1.93%,$0.00B,$0.38B,0.21%,$0.02B,$0.30B,4.58%,$95,$64,$30,$0,$46,$110,$-16,$-3,$-19,$-0,$-18,$-18,$-18,$-11,$-16,$18,18,$-1.01,$-1.01,$68,$67,$0,$268,$23,$7,$77,$2,$109,$376,$69,$165,$7,$174,$243,$0,$-20,$-17,$133,$376,$-18,$5,$1,$6,$75,$8,$-19,$-22,$22,$10,$-4,$0,$0,$0,$0,$0,$0,$-4,$-24,$0,$-24,$-0,$-0,$0,$0,$-24,$-18,$1,$0
7,2016-12-31,5.15,$6.98,0.74,$31.85,0.16,$1.80,2.87,$-0.93,0.0,$0.35B,$0.12B,3.03,$0.20B,$0.14B,1.5,$0.71B,$0.22B,31.54%,$0.71B,$0.02B,2.40%,$0.71B,$0.02B,2.40%,$0.71B,$0.04B,5.94%,$0.71B,$0.01B,0.85%,$0.71B,$0.00B,0.28%,$0.00B,$0.14B,1.54%,$0.00B,$0.06B,4.21%,$0.00B,$0.46B,0.42%,$0.02B,$0.34B,5.05%,$167,$115,$52,$0,$54,$169,$-2,$-3,$-6,$2,$-8,$-8,$-8,$4,$-2,$17,17,$-0.55,$0.53,$86,$75,$0,$353,$23,$7,$79,$2,$111,$464,$117,$203,$7,$212,$329,$0,$-2,$-17,$135,$464,$1,$25,$1,$27,$-10,$-15,$11,$14,$-11,$17,$-15,$-0,$0,$0,$0,$0,$0,$-15,$-8,$10,$2,$-14,$-14,$0,$1,$-12,$-16,$2,$0
8,2016-09-30,8.64,$8.48,1.02,$25.60,0.34,$2.78,3.1,$-0.96,0.0,$0.45B,$0.20B,2.24,$0.21B,$0.14B,1.45,$0.70B,$0.22B,31.44%,$0.70B,$0.01B,1.71%,$0.70B,$0.01B,1.71%,$0.70B,$0.04B,5.12%,$0.70B,$0.00B,0.43%,$0.70B,$0.00B,0.14%,$0.00B,$0.14B,0.74%,$0.00B,$0.06B,2.01%,$0.00B,$0.56B,0.20%,$0.01B,$0.35B,3.50%,$303,$208,$95,$0,$61,$268,$34,$-3,$32,$1,$31,$31,$31,$43,$34,$16,40,$1.91,$0.82,$48,$75,$0,$447,$23,$7,$81,$2,$113,$560,$199,$208,$8,$218,$417,$0,$5,$-16,$143,$560,$9,$19,$1,$20,$-109,$-15,$62,$4,$-50,$-21,$-11,$0,$0,$0,$0,$0,$-0,$-11,$-3,$0,$-3,$-14,$-14,$0,$0,$-17,$-54,$1,$0
9,2016-06-30,7.91,$6.83,1.16,$25.85,0.31,$3.46,2.28,$-0.66,0.0,$0.35B,$0.14B,2.59,$0.21B,$0.12B,1.78,$0.74B,$0.23B,31.21%,$0.74B,$0.02B,3.12%,$0.74B,$0.02B,3.12%,$0.74B,$0.05B,6.11%,$0.74B,$0.02B,2.44%,$0.74B,$0.02B,2.17%,$0.02B,$0.12B,11.33%,$0.02B,$0.03B,29.49%,$0.02B,$0.47B,3.14%,$0.02B,$0.32B,6.55%,$141,$96,$45,$0,$46,$142,$-1,$-2,$-3,$1,$-4,$-4,$-4,$4,$-1,$16,16,$-0.27,$-0.27,$97,$71,$0,$353,$24,$7,$84,$3,$117,$470,$136,$208,$7,$217,$353,$0,$-25,$-14,$117,$470,$-22,$10,$1,$11,$30,$-11,$32,$-4,$29,$19,$-6,$0,$0,$0,$0,$0,$0,$-6,$-3,$0,$-3,$-13,$-13,$0,$0,$-15,$-6,$1,$0
10,2016-03-31,7.44,$7.21,1.03,$24.12,0.31,$4.74,1.57,$-0.69,0.0,$0.32B,$0.09B,3.58,$0.21B,$0.13B,1.66,$0.73B,$0.22B,30.81%,$0.73B,$0.02B,2.89%,$0.73B,$0.02B,2.89%,$0.73B,$0.04B,5.91%,$0.73B,$0.02B,2.34%,$0.73B,$0.01B,1.93%,$0.01B,$0.13B,9.64%,$0.01B,$0.04B,24.89%,$0.01B,$0.43B,2.69%,$0.02B,$0.33B,5.88%,$96,$65,$31,$0,$45,$110,$-14,$-3,$-17,$0,$-17,$-17,$-17,$-9,$-14,$17,17,$-1.01,$-1.01,$119,$53,$0,$315,$20,$7,$86,$3,$116,$431,$88,$208,$8,$217,$305,$0,$-21,$-11,$125,$431,$-17,$5,$0,$5,$78,$7,$-9,$-5,$45,$33,$-4,$0,$0,$0,$0,$0,$0,$-4,$-2,$0,$-2,$-11,$-11,$0,$0,$-13,$16,$1,$0
11,2015-12-31,7.96,$8.77,0.91,$24.53,0.32,$4.89,1.63,$-0.08,0.0,$0.38B,$0.13B,3.0,$0.21B,$0.15B,1.36,$0.75B,$0.23B,30.60%,$0.75B,$0.03B,4.16%,$0.75B,$0.03B,4.16%,$0.75B,$0.05B,6.85%,$0.75B,$0.03B,3.62%,$0.75B,$0.02B,3.09%,$0.02B,$0.15B,15.54%,$0.02B,$0.07B,40.35%,$0.02B,$0.50B,4.34%,$0.03B,$0.36B,8.57%,$163,$114,$50,$0,$56,$170,$-7,$-2,$-9,$0,$-9,$-9,$-9,$-2,$-7,$19,43,$-0.57,$0.29,$103,$61,$0,$382,$18,$7,$89,$3,$117,$500,$127,$209,$7,$219,$346,$0,$-3,$-10,$153,$500,$23,$21,$-5,$16,$71,$18,$-21,$-11,$27,$66,$-18,$0,$0,$0,$0,$0,$-4,$-22,$0,$0,$0,$-13,$-13,$0,$-0,$-13,$31,$2,$0
12,2015-09-30,8.52,$9.10,0.94,$26.88,0.32,$1.63,5.23,$0.53,16.08,$0.51B,$0.24B,2.12,$0.22B,$0.17B,1.26,$0.84B,$0.26B,30.86%,$0.84B,$0.05B,5.38%,$0.84B,$0.05B,5.38%,$0.84B,$0.06B,7.66%,$0.84B,$0.04B,4.78%,$0.84B,$0.04B,4.19%,$0.04B,$0.17B,23.97%,$0.04B,$0.08B,66.04%,$0.04B,$0.64B,6.41%,$0.05B,$0.39B,12.47%,$337,$233,$104,$0,$60,$292,$45,$3,$47,$1,$46,$46,$46,$52,$45,$19,43,$2.47,$1.12,$81,$81,$0,$514,$19,$7,$91,$10,$126,$640,$242,$215,$6,$227,$469,$0,$6,$-9,$170,$640,$33,$16,$1,$17,$-58,$-3,$38,$-2,$-41,$9,$-14,$0,$0,$0,$0,$0,$-3,$-17,$0,$25,$25,$-7,$-7,$0,$-0,$18,$10,$1,$0
13,2015-06-30,9.89,$6.55,1.51,$26.70,0.37,$-0.76,0.0,$0.44,22.48,$0.38B,$0.15B,2.54,$0.22B,$0.13B,1.62,$0.85B,$0.25B,29.36%,$0.85B,$0.04B,5.19%,$0.85B,$0.04B,5.19%,$0.85B,$0.07B,7.67%,$0.85B,$0.04B,4.60%,$0.85B,$0.03B,3.89%,$0.03B,$0.13B,23.61%,$0.03B,$0.04B,73.74%,$0.03B,$0.51B,5.98%,$0.04B,$0.35B,12.40%,$131,$92,$39,$0,$42,$134,$-3,$-1,$-4,$1,$-6,$-6,$-6,$2,$-3,$19,19,$-0.30,$-0.30,$110,$92,$0,$383,$19,$7,$92,$9,$128,$511,$151,$215,$6,$227,$378,$0,$-40,$-7,$133,$511,$-13,$8,$1,$9,$117,$-13,$3,$-17,$55,$50,$-11,$0,$0,$0,$0,$0,$-0,$-11,$0,$0,$0,$0,$0,$0,$-0,$-0,$39,$1,$0
14,2015-03-31,6.84,$6.73,1.02,$25.67,0.27,$-4.67,0.0,$0.31,22.06,$0.35B,$0.11B,3.08,$0.22B,$0.14B,1.59,$0.84B,$0.25B,29.49%,$0.84B,$0.04B,4.99%,$0.84B,$0.04B,4.99%,$0.84B,$0.06B,7.61%,$0.84B,$0.04B,4.16%,$0.84B,$0.03B,3.57%,$0.03B,$0.14B,22.81%,$0.03B,$0.04B,87.59%,$0.03B,$0.47B,5.38%,$0.04B,$0.35B,12.12%,$114,$79,$35,$0,$40,$118,$-4,$-3,$-7,$0,$-8,$-8,$-8,$-1,$-4,$19,19,$-0.40,$-0.40,$105,$79,$0,$347,$13,$7,$94,$10,$124,$470,$112,$215,$1,$222,$335,$0,$-34,$-9,$136,$470,$-8,$3,$1,$4,$130,$-1,$-32,$-13,$43,$39,$-3,$0,$0,$0,$0,$0,$-2,$-5,$0,$0,$0,$-0,$-0,$0,$0,$-0,$34,$1,$0
15,2014-12-31,6.8,$7.41,0.92,$23.44,0.29,$-7.09,0.0,$-0.03,0.0,$0.44B,$0.19B,2.29,$0.22B,$0.15B,1.48,$0.81B,$0.24B,29.26%,$0.81B,$0.03B,3.83%,$0.81B,$0.03B,3.83%,$0.81B,$0.05B,6.54%,$0.81B,$0.03B,3.09%,$0.81B,$0.02B,2.72%,$0.02B,$0.15B,16.83%,$0.02B,$0.05B,70.97%,$0.02B,$0.56B,4.05%,$0.03B,$0.36B,9.78%,$254,$174,$80,$0,$72,$247,$7,$-3,$4,$1,$3,$3,$3,$11,$7,$21,42,$-0.13,$0.84,$72,$79,$0,$438,$11,$7,$96,$10,$124,$562,$191,$215,$4,$225,$417,$0,$-27,$-7,$145,$562,$22,$22,$-5,$17,$-133,$-32,$30,$-10,$-117,$-79,$-11,$0,$0,$0,$0,$0,$-3,$-13,$76,$0,$76,$-24,$-24,$0,$-6,$46,$-46,$1,$0
16,2014-09-30,7.1,$6.22,1.14,$23.53,0.3,$-6.40,0.0,$-0.87,0.0,$0.54B,$0.29B,1.87,$0.22B,$0.15B,1.49,$0.69B,$0.20B,28.24%,$0.69B,$0.01B,1.15%,$0.69B,$0.01B,1.15%,$0.69B,$0.03B,4.47%,$0.69B,$0.01B,1.01%,$0.69B,$0.00B,0.43%,$0.00B,$0.15B,2.28%,$0.00B,$0.05B,10.08%,$0.00B,$0.67B,0.58%,$0.01B,$0.36B,2.77%,$349,$255,$95,$0,$51,$306,$44,$2,$46,$2,$44,$44,$44,$53,$44,$19,45,$2.33,$1.03,$89,$89,$0,$540,$11,$7,$98,$11,$126,$666,$289,$215,$10,$232,$521,$0,$-29,$-4,$145,$666,$19,$18,$1,$19,$-203,$-42,$90,$-4,$-143,$-105,$-9,$0,$0,$0,$0,$0,$0,$-8,$115,$0,$115,$-24,$-24,$0,$-6,$85,$-28,$1,$0
17,2014-06-30,7.74,$4.32,1.79,$24.86,0.31,$-6.75,0.0,$-0.79,0.0,$0.40B,$0.20B,1.98,$0.22B,$0.10B,2.14,$0.66B,$0.19B,29.27%,$0.66B,$0.00B,0.61%,$0.66B,$0.00B,0.61%,$0.66B,$0.03B,4.27%,$0.66B,$-0.00B,-0.30%,$0.66B,$-0.00B,-0.61%,$-0.00B,$0.10B,-2.93%,$-0.00B,$-0.00B,-12.31%,$-0.00B,$0.53B,-0.82%,$0.00B,$0.32B,1.46%,$124,$86,$38,$0,$43,$129,$-5,$-3,$-8,$1,$-9,$-9,$-9,$1,$-5,$21,21,$-0.43,$-0.43,$163,$65,$0,$400,$14,$7,$101,$12,$134,$534,$202,$215,$10,$232,$434,$0,$-74,$-3,$100,$534,$-25,$9,$0,$10,$-8,$-18,$35,$-17,$-17,$-33,$-7,$0,$0,$0,$0,$0,$0,$-6,$100,$10,$110,$-24,$-24,$0,$-2,$85,$46,$1,$0
18,2014-03-31,7.22,$5.69,1.27,$23.87,0.3,$-7.01,0.0,$-2.50,0.0,$0.28B,$0.16B,1.74,$0.10B,$0.13B,0.76,$0.64B,$0.16B,24.45%,$0.64B,$-0.04B,-5.49%,$0.64B,$-0.04B,-5.49%,$0.64B,$-0.01B,-1.72%,$0.64B,$-0.04B,-6.43%,$0.64B,$-0.04B,-6.58%,$-0.04B,$0.13B,-29.17%,$-0.04B,$0.03B,-115.07%,$-0.04B,$0.41B,-9.13%,$-0.04B,$0.23B,-13.86%,$83,$59,$24,$0,$38,$97,$-15,$-2,$-17,$-0,$-16,$-16,$-16,$-12,$-15,$22,22,$-0.74,$-0.74,$114,$42,$0,$282,$11,$7,$103,$7,$128,$411,$162,$100,$10,$116,$278,$0,$-64,$-4,$133,$411,$-16,$3,$-1,$2,$36,$5,$-4,$-11,$3,$-11,$-1,$0,$0,$0,$0,$0,$0,$-1,$0,$10,$10,$0,$0,$0,$-2,$8,$-4,$0,$0
19,2013-12-31,6.72,$6.56,1.02,$23.69,0.28,$-6.81,0.0,$-3.02,0.0,$0.32B,$0.19B,1.74,$0.10B,$0.15B,0.67,$0.63B,$0.16B,24.49%,$0.63B,$-0.04B,-6.95%,$0.63B,$-0.04B,-6.95%,$0.63B,$-0.02B,-3.00%,$0.63B,$-0.05B,-8.06%,$0.63B,$-0.05B,-8.53%,$-0.05B,$0.15B,-34.78%,$-0.05B,$0.04B,-121.35%,$-0.05B,$0.45B,-11.23%,$-0.04B,$0.25B,-16.76%,$138,$99,$39,$0,$55,$154,$-16,$2,$-14,$2,$-16,$-16,$-16,$-11,$-16,$22,22,$-0.70,$-0.14,$117,$47,$0,$321,$11,$7,$105,$6,$129,$450,$185,$100,$10,$117,$301,$0,$-48,$-4,$149,$450,$-54,$25,$1,$26,$4,$13,$-13,$-21,$6,$-22,$-10,$0,$0,$-0,$-0,$-0,$-0,$-11,$39,$-71,$-32,$-0,$-0,$-3,$-4,$-39,$-72,$1,$-3
20,2013-09-30,4.5,$7.37,0.61,$23.06,0.2,$-4.88,0.0,$-7.74,0.0,$0.42B,$0.23B,1.86,$0.14B,$0.16B,0.84,$0.63B,$0.15B,23.37%,$0.63B,$-0.06B,-9.38%,$0.63B,$-0.06B,-9.38%,$0.63B,$-0.04B,-5.72%,$0.63B,$-0.07B,-11.29%,$0.63B,$-0.16B,-24.96%,$-0.16B,$0.16B,-92.49%,$-0.16B,$0.06B,-281.61%,$-0.16B,$0.56B,-30.97%,$-0.06B,$0.30B,-21.40%,$311,$219,$91,$0,$52,$271,$40,$-3,$37,$0,$37,$37,$37,$50,$40,$22,34,$1.67,$1.11,$52,$59,$0,$424,$12,$8,$107,$6,$134,$557,$228,$138,$16,$164,$393,$0,$-32,$-4,$164,$557,$-38,$20,$5,$24,$-153,$1,$52,$-7,$-77,$-90,$-8,$0,$0,$-0,$-1,$-1,$0,$-8,$-32,$0,$-32,$0,$0,$-3,$-4,$-39,$-138,$1,$-3
21,2013-06-30,11.25,$5.81,1.94,$24.86,0.45,$-3.08,0.0,$-7.75,0.0,$0.28B,$0.16B,1.72,$0.10B,$0.13B,0.74,$0.63B,$0.15B,24.21%,$0.63B,$-0.06B,-9.81%,$0.63B,$-0.06B,-9.81%,$0.63B,$-0.04B,-5.70%,$0.63B,$-0.07B,-11.39%,$0.63B,$-0.16B,-25.95%,$-0.16B,$0.13B,-77.73%,$-0.16B,$0.02B,-174.93%,$-0.16B,$0.42B,-29.68%,$-0.06B,$0.23B,-20.26%,$106,$104,$2,$0,$47,$151,$-44,$-3,$-47,$-0,$-47,$-47,$-47,$-38,$-44,$22,22,$-2.14,$-2.14,$70,$57,$0,$280,$15,$9,$115,$3,$142,$422,$163,$96,$23,$129,$293,$0,$-69,$-5,$130,$422,$-74,$10,$3,$12,$11,$3,$18,$-13,$22,$-41,$-6,$0,$0,$-0,$1,$1,$-1,$-5,$-71,$0,$-71,$0,$0,$-3,$0,$-74,$-120,$0,$-3
22,2013-03-31,10.42,$7.97,1.31,$25.63,0.41,$-2.00,0.0,$-5.60,0.0,$0.35B,$0.19B,1.85,$0.10B,$0.18B,0.54,$0.67B,$0.20B,29.51%,$0.67B,$-0.02B,-2.68%,$0.67B,$-0.02B,-2.68%,$0.67B,$0.01B,1.19%,$0.67B,$-0.03B,-3.73%,$0.67B,$-0.12B,-17.44%,$-0.12B,$0.18B,-43.05%,$-0.12B,$0.06B,-68.12%,$-0.12B,$0.49B,-19.47%,$-0.02B,$0.27B,-4.91%,$78,$55,$23,$0,$47,$102,$-24,$-3,$-27,$0,$-28,$-28,$-28,$-20,$-24,$22,22,$-1.26,$-1.26,$166,$52,$0,$346,$16,$11,$117,$4,$148,$494,$187,$96,$23,$129,$316,$0,$-20,$-5,$178,$494,$-28,$4,$1,$5,$40,$8,$-7,$-15,$17,$-6,$-2,$0,$0,$0,$-2,$-2,$-1,$-4,$0,$-13,$-13,$0,$0,$-2,$0,$-14,$-24,$0,$-2
23,2012-12-31,12.35,$9.43,1.31,$24.90,0.5,$-1.53,0.0,$-4.96,0.0,$0.41B,$0.22B,1.85,$0.10B,$0.21B,0.46,$0.67B,$0.20B,29.88%,$0.67B,$-0.01B,-1.95%,$0.67B,$-0.01B,-1.95%,$0.67B,$0.01B,1.80%,$0.67B,$-0.02B,-2.85%,$0.67B,$-0.11B,-15.77%,$-0.11B,$0.21B,-32.71%,$-0.11B,$0.09B,-44.07%,$-0.11B,$0.56B,-16.93%,$-0.01B,$0.30B,-3.13%,$134,$103,$31,$0,$62,$165,$-31,$-3,$-34,$85,$-119,$-119,$-119,$-28,$-31,$24,24,$-5.14,$-4.86,$190,$60,$0,$406,$16,$10,$118,$5,$149,$555,$219,$95,$23,$128,$348,$0,$9,$-4,$207,$555,$-105,$25,$84,$108,$1,$-11,$12,$3,$21,$24,$-13,$-8,$-44,$-0,$-8,$-8,$-0,$-73,$0,$71,$71,$-80,$-80,$-10,$-0,$-19,$-68,$1,$-10
24,2012-09-30,14.26,$14.94,0.95,$24.58,0.58,$-0.81,0.0,$-0.28,0.0,$0.54B,$0.28B,1.91,$0.09B,$0.33B,0.29,$0.67B,$0.19B,27.79%,$0.67B,$-0.02B,-2.67%,$0.67B,$-0.02B,-2.67%,$0.67B,$0.01B,1.34%,$0.67B,$-0.02B,-3.42%,$0.67B,$-0.01B,-0.89%,$-0.01B,$0.33B,-1.63%,$-0.01B,$0.21B,-1.98%,$-0.01B,$0.74B,-0.94%,$-0.02B,$0.42B,-3.90%,$314,$218,$97,$0,$59,$277,$37,$-1,$36,$6,$30,$30,$30,$50,$37,$22,29,$1.38,$1.10,$141,$73,$0,$542,$15,$11,$119,$5,$197,$739,$284,$94,$31,$125,$410,$0,$130,$-4,$329,$739,$15,$22,$1,$23,$-136,$-24,$80,$-8,$-57,$-19,$-12,$-8,$-34,$-0,$-8,$-8,$-0,$-63,$53,$0,$53,$-80,$-80,$-7,$-1,$-34,$-117,$1,$-7
25,2012-06-30,15.57,$14.35,1.09,$23.80,0.65,$-0.17,0.0,$-0.28,0.0,$0.50B,$0.14B,3.48,$0.09B,$0.37B,0.25,$0.69B,$0.20B,28.36%,$0.69B,$-0.00B,-0.72%,$0.69B,$-0.00B,-0.72%,$0.69B,$0.02B,2.89%,$0.69B,$-0.01B,-1.59%,$0.69B,$-0.00B,-0.14%,$-0.00B,$0.37B,-0.26%,$-0.00B,$0.33B,-0.29%,$-0.00B,$0.62B,-0.16%,$-0.00B,$0.47B,-1.04%,$145,$98,$47,$0,$47,$145,$0,$0,$0,$0,$0,$0,$0,$6,$0,$26,26,$0.01,$0.01,$222,$61,$0,$496,$19,$3,$47,$4,$120,$616,$143,$94,$6,$100,$242,$0,$102,$-4,$373,$616,$-16,$9,$1,$9,$-18,$-14,$40,$-20,$-13,$-19,$-8,$0,$-2,$-0,$-1,$-1,$-1,$-11,$0,$0,$0,$0,$0,$-5,$-0,$-5,$-36,$1,$-5
26,2012-03-31,16.88,$14.43,1.17,$23.05,0.73,$0.08,220.68,$-0.13,0.0,$0.45B,$0.10B,4.67,$0.09B,$0.38B,0.25,$0.68B,$0.19B,28.61%,$0.68B,$-0.00B,-0.44%,$0.68B,$-0.00B,-0.44%,$0.68B,$0.02B,3.24%,$0.68B,$-0.01B,-0.74%,$0.68B,$0.00B,0.44%,$0.00B,$0.38B,0.76%,$0.00B,$0.33B,0.84%,$0.00B,$0.57B,0.48%,$-0.00B,$0.47B,-0.61%,$73,$50,$24,$0,$43,$93,$-19,$-2,$-21,$-5,$-16,$-16,$-16,$-16,$-19,$26,26,$-0.62,$-0.62,$255,$45,$0,$451,$18,$3,$48,$3,$120,$571,$97,$93,$6,$99,$196,$0,$105,$-4,$375,$571,$-16,$3,$0,$3,$45,$2,$-5,$-17,$19,$6,$-3,$-2,$0,$0,$-1,$-1,$-0,$-6,$0,$0,$0,$0,$0,$-3,$-0,$-3,$-3,$0,$-3
27,2011-12-31,13.57,$15.17,0.89,$22.87,0.59,$0.20,68.33,$0.10,135.7,$0.50B,$0.12B,4.05,$0.09B,$0.39B,0.23,$0.68B,$0.19B,28.66%,$0.68B,$0.00B,0.15%,$0.68B,$0.00B,0.15%,$0.68B,$0.03B,3.99%,$0.68B,$-0.00B,-0.15%,$0.68B,$0.01B,1.18%,$0.01B,$0.39B,1.99%,$0.01B,$0.35B,2.17%,$0.01B,$0.62B,1.27%,$0.00B,$0.49B,0.20%,$141,$122,$19,$0,$55,$177,$-36,$-2,$-38,$-18,$-20,$-20,$-20,$-31,$-36,$27,27,$-0.77,$-0.55,$257,$47,$0,$497,$16,$3,$48,$4,$118,$615,$123,$92,$7,$99,$222,$0,$123,$-4,$394,$615,$8,$26,$1,$27,$28,$-3,$-17,$18,$8,$44,$-12,$0,$-21,$-0,$-3,$-3,$0,$-36,$-0,$0,$-0,$-24,$-24,$-5,$0,$-29,$-21,$2,$-5
28,2011-09-30,18.12,$16.01,1.13,$23.36,0.78,$0.64,28.47,$1.17,15.49,$0.60B,$0.19B,3.07,$0.09B,$0.42B,0.22,$0.73B,$0.24B,32.83%,$0.73B,$0.05B,6.54%,$0.73B,$0.05B,6.54%,$0.73B,$0.08B,10.22%,$0.73B,$0.05B,6.40%,$0.73B,$0.04B,5.04%,$0.04B,$0.42B,9.09%,$0.04B,$0.39B,9.81%,$0.04B,$0.71B,5.85%,$0.05B,$0.51B,9.65%,$332,$227,$106,$0,$56,$282,$50,$-2,$48,$13,$35,$35,$35,$61,$50,$26,33,$1.32,$1.10,$232,$56,$0,$595,$18,$2,$26,$8,$112,$708,$194,$92,$6,$98,$292,$0,$146,$-4,$416,$708,$28,$21,$9,$29,$-117,$-13,$53,$-0,$-60,$-3,$-12,$0,$-4,$-0,$-2,$-2,$0,$-17,$-0,$0,$-0,$-23,$-23,$-3,$-1,$-27,$-46,$2,$-3
29,2011-06-30,17.49,$14.73,1.19,$23.53,0.74,$0.73,23.93,$1.30,13.46,$0.49B,$0.12B,4.22,$0.09B,$0.40B,0.23,$0.75B,$0.25B,32.76%,$0.75B,$0.05B,6.66%,$0.75B,$0.05B,6.66%,$0.75B,$0.08B,10.39%,$0.75B,$0.05B,6.52%,$0.75B,$0.04B,5.59%,$0.04B,$0.40B,10.36%,$0.04B,$0.37B,11.25%,$0.04B,$0.62B,6.54%,$0.05B,$0.49B,10.10%,$132,$87,$45,$0,$43,$130,$2,$4,$6,$2,$4,$4,$4,$8,$2,$27,27,$0.16,$0.16,$247,$55,$0,$489,$21,$2,$30,$16,$126,$615,$116,$91,$6,$97,$213,$0,$114,$-4,$402,$615,$-6,$10,$1,$11,$13,$-12,$19,$-24,$-17,$-13,$-9,$0,$-4,$-0,$-2,$-2,$0,$-14,$-0,$0,$-0,$-4,$-4,$0,$-1,$-5,$-32,$1,$0
30,2011-03-31,18.39,$14.61,1.26,$23.11,0.8,$2.15,8.54,$1.25,14.71,$0.45B,$0.08B,5.59,$0.09B,$0.40B,0.23,$0.74B,$0.24B,32.88%,$0.74B,$0.05B,6.60%,$0.74B,$0.05B,6.60%,$0.74B,$0.08B,10.51%,$0.74B,$0.05B,6.33%,$0.74B,$0.04B,5.53%,$0.04B,$0.40B,10.31%,$0.04B,$0.37B,11.32%,$0.04B,$0.58B,6.42%,$0.05B,$0.49B,10.06%,$72,$48,$24,$0,$39,$87,$-15,$-2,$-17,$-6,$-11,$-11,$-11,$-11,$-15,$27,27,$-0.39,$-0.39,$275,$45,$0,$451,$18,$2,$32,$13,$123,$575,$81,$90,$6,$96,$177,$0,$109,$-4,$398,$575,$-11,$4,$1,$4,$65,$-2,$-10,$-17,$16,$10,$-3,$0,$-4,$-0,$-2,$-2,$-0,$-8,$-0,$0,$-0,$-4,$-4,$0,$-1,$-5,$-4,$1,$0
31,2010-12-31,17.31,$15.10,1.15,$23.28,0.74,$2.75,6.29,$1.45,11.94,$0.51B,$0.13B,4.1,$0.09B,$0.41B,0.22,$0.75B,$0.25B,32.80%,$0.75B,$0.05B,6.69%,$0.75B,$0.05B,6.69%,$0.75B,$0.08B,10.71%,$0.75B,$0.05B,6.56%,$0.75B,$0.05B,6.29%,$0.05B,$0.41B,12.04%,$0.05B,$0.38B,13.34%,$0.05B,$0.63B,7.35%,$0.05B,$0.50B,10.44%,$198,$132,$66,$0,$55,$187,$11,$-1,$10,$1,$9,$9,$9,$17,$11,$27,35,$0.32,$0.37,$279,$43,$0,$512,$17,$0,$33,$13,$121,$633,$125,$89,$7,$96,$221,$0,$120,$-4,$412,$633,$47,$29,$1,$30,$7,$-9,$-5,$-4,$-10,$67,$-12,$0,$0,$-0,$0,$-0,$-2,$-13,$-20,$-0,$-20,$-10,$-10,$0,$-0,$-31,$24,$4,$0
32,2010-09-30,16.76,$14.82,1.13,$24.77,0.68,$4.13,4.06,$1.08,15.52,$0.64B,$0.23B,2.79,$0.09B,$0.41B,0.22,$0.75B,$0.24B,31.42%,$0.75B,$0.03B,3.61%,$0.75B,$0.03B,3.61%,$0.75B,$0.06B,8.29%,$0.75B,$0.03B,3.88%,$0.75B,$0.04B,4.81%,$0.04B,$0.41B,9.47%,$0.04B,$0.37B,10.56%,$0.04B,$0.75B,5.63%,$0.03B,$0.50B,5.77%,$349,$238,$111,$0,$59,$297,$52,$-1,$50,$10,$40,$40,$40,$64,$52,$27,34,$1.47,$1.23,$219,$60,$0,$636,$19,$0,$35,$0,$110,$746,$228,$89,$20,$109,$337,$0,$111,$-4,$409,$746,$38,$23,$-22,$1,$-157,$-26,$82,$11,$-41,$-2,$-10,$0,$-2,$-0,$0,$-0,$2,$-9,$-20,$0,$-20,$-5,$-5,$0,$-0,$-25,$-36,$4,$0
33,2010-06-30,13.67,$13.33,1.03,$24.85,0.55,$4.32,3.16,$0.91,15.02,$0.48B,$0.12B,3.93,$0.09B,$0.37B,0.24,$0.75B,$0.24B,32.00%,$0.75B,$0.03B,3.60%,$0.75B,$0.03B,3.60%,$0.75B,$0.07B,8.80%,$0.75B,$0.03B,3.73%,$0.75B,$0.03B,4.00%,$0.03B,$0.37B,8.12%,$0.03B,$0.33B,9.16%,$0.03B,$0.60B,4.81%,$0.03B,$0.46B,6.21%,$123,$80,$43,$0,$42,$122,$1,$3,$4,$1,$3,$3,$3,$8,$1,$27,28,$0.11,$0.11,$249,$47,$0,$480,$22,$0,$43,$0,$122,$602,$122,$88,$20,$108,$230,$0,$71,$-4,$372,$602,$-2,$11,$-4,$7,$27,$-13,$16,$-8,$19,$24,$-7,$0,$-2,$-0,$0,$-0,$-1,$-10,$-20,$0,$-20,$0,$0,$0,$0,$-20,$-6,$2,$0
34,2010-03-31,12.43,$13.20,0.94,$25.72,0.48,$2.39,5.21,$-14.16,0.0,$0.46B,$0.10B,4.45,$0.09B,$0.37B,0.24,$0.77B,$0.19B,24.74%,$0.77B,$-0.45B,-58.16%,$0.77B,$-0.45B,-58.16%,$0.77B,$-0.00B,-0.39%,$0.77B,$-0.48B,-61.53%,$0.77B,$-0.38B,-49.22%,$-0.38B,$0.37B,-105.78%,$-0.38B,$0.33B,-120.54%,$-0.38B,$0.58B,-61.34%,$-0.45B,$0.46B,-111.41%,$77,$52,$25,$0,$39,$91,$-14,$-1,$-15,$-10,$-5,$-5,$-5,$-9,$-14,$27,27,$-0.19,$-0.19,$278,$31,$0,$459,$20,$0,$43,$0,$119,$578,$103,$87,$20,$107,$210,$0,$68,$-4,$368,$578,$-5,$5,$-2,$3,$71,$4,$-16,$-3,$26,$24,$-1,$0,$0,$-0,$0,$-0,$0,$-1,$-0,$0,$-0,$0,$0,$0,$0,$-0,$23,$1,$0
35,2009-12-31,11.52,$13.46,0.86,$26.90,0.43,$1.15,10.06,$-14.37,0.0,$0.51B,$0.16B,3.26,$0.09B,$0.37B,0.23,$0.80B,$0.20B,25.25%,$0.80B,$-0.45B,-56.34%,$0.80B,$-0.45B,-56.34%,$0.80B,$-0.01B,-0.87%,$0.80B,$-0.48B,-59.20%,$0.80B,$-0.39B,-48.01%,$-0.39B,$0.37B,-85.49%,$-0.39B,$0.34B,-128.35%,$-0.39B,$0.63B,-54.46%,$-0.45B,$0.46B,-91.01%,$199,$142,$56,$0,$55,$211,$-12,$2,$-10,$-8,$-2,$-2,$-2,$-1,$-12,$28,28,$0.10,$0.28,$255,$34,$0,$508,$21,$7,$37,$8,$126,$634,$156,$87,$19,$106,$262,$0,$73,$-4,$372,$634,$-386,$445,$-27,$418,$18,$51,$-20,$10,$66,$99,$-16,$0,$-12,$-0,$0,$-0,$-2,$-30,$22,$-0,$22,$-1,$-1,$0,$-4,$17,$85,$4,$0
36,2009-09-30,13.61,$13.09,1.04,$27.92,0.49,$-0.67,0.0,$-13.75,0.0,$0.61B,$0.29B,2.12,$0.00B,$0.37B,0.0,$0.87B,$0.24B,27.57%,$0.87B,$-0.43B,-49.31%,$0.87B,$-0.43B,-49.31%,$0.87B,$0.01B,1.37%,$0.87B,$-0.44B,-50.80%,$0.87B,$-0.37B,-41.88%,$-0.37B,$0.37B,-67.13%,$-0.37B,$0.32B,-127.97%,$-0.37B,$0.68B,-45.34%,$-0.43B,$0.37B,-72.53%,$351,$236,$116,$0,$63,$299,$52,$-3,$49,$15,$34,$34,$34,$68,$52,$27,34,$1.24,$1.06,$154,$71,$0,$610,$26,$1,$45,$0,$71,$682,$288,$0,$11,$29,$316,$0,$75,$-4,$365,$682,$-384,$434,$-61,$373,$-104,$14,$34,$76,$22,$11,$-16,$0,$-12,$-0,$0,$-0,$3,$-26,$0,$-0,$-0,$0,$0,$0,$-1,$-2,$-16,$3,$0
37,2009-06-30,12.19,$11.89,1.03,$28.67,0.43,$-0.65,0.0,$-13.11,0.0,$0.47B,$0.22B,2.09,$0.00B,$0.33B,0.0,$0.88B,$0.25B,28.60%,$0.88B,$-0.43B,-48.58%,$0.88B,$-0.43B,-48.58%,$0.88B,$0.01B,0.91%,$0.88B,$-0.44B,-49.38%,$0.88B,$-0.35B,-39.39%,$-0.35B,$0.33B,-54.58%,$-0.35B,$0.28B,-119.04%,$-0.35B,$0.58B,-38.77%,$-0.43B,$0.33B,-60.35%,$145,$151,$-6,$0,$54,$620,$-475,$-24,$-499,$-93,$-407,$-407,$-407,$-61,$-475,$27,27,$-14.96,$-14.96,$123,$77,$0,$467,$30,$35,$52,$0,$117,$584,$223,$0,$11,$28,$252,$0,$41,$-4,$332,$584,$-417,$419,$-59,$360,$32,$9,$9,$17,$33,$-25,$-11,$0,$-12,$-0,$0,$-0,$2,$-21,$-0,$0,$-0,$0,$0,$0,$-1,$-1,$-47,$4,$0
38,2009-03-31,11.74,$26.38,0.44,$27.80,0.42,$0.07,160.11,$2.00,5.87,$0.38B,$0.07B,5.7,$0.10B,$0.74B,0.13,$0.88B,$0.31B,35.30%,$0.88B,$0.05B,6.02%,$0.88B,$0.05B,6.02%,$0.88B,$0.08B,9.08%,$0.88B,$0.07B,8.06%,$0.88B,$0.07B,7.38%,$0.07B,$0.74B,9.02%,$0.07B,$0.27B,22.39%,$0.07B,$0.94B,6.70%,$0.05B,$0.84B,6.48%,$109,$72,$37,$0,$55,$126,$-18,$2,$-16,$-5,$-11,$-11,$-11,$-13,$-18,$27,27,$-0.40,$-0.40,$146,$79,$0,$380,$29,$57,$468,$0,$554,$935,$67,$98,$7,$131,$198,$0,$448,$-4,$737,$935,$-11,$5,$-1,$4,$76,$9,$-35,$-19,$-0,$-7,$-4,$0,$-12,$-0,$0,$-0,$0,$-16,$0,$0,$0,$-1,$-1,$0,$0,$-1,$-24,$2,$0
39,2008-12-31,19.6,$27.14,0.72,$28.41,0.69,$0.90,21.8,$2.43,8.07,$0.48B,$0.15B,3.17,$0.10B,$0.75B,0.13,$0.90B,$0.32B,35.55%,$0.90B,$0.07B,7.75%,$0.90B,$0.07B,7.75%,$0.90B,$0.10B,10.85%,$0.90B,$0.09B,9.75%,$0.90B,$0.08B,8.53%,$0.08B,$0.75B,10.85%,$0.08B,$0.28B,25.90%,$0.08B,$1.03B,8.03%,$0.07B,$0.85B,8.67%,$269,$175,$94,$0,$84,$259,$10,$12,$22,$4,$18,$18,$18,$18,$10,$27,33,$0.63,$0.57,$170,$88,$0,$475,$28,$53,$471,$0,$553,$1028,$150,$98,$7,$131,$281,$0,$458,$-4,$747,$1028,$76,$28,$13,$41,$46,$-7,$-31,$-14,$-56,$61,$-22,$0,$0,$0,$0,$0,$-83,$-105,$0,$0,$0,$-29,$-29,$0,$1,$-28,$-72,$7,$0
40,2008-09-30,23.67,$26.44,0.9,$28.75,0.82,$1.94,12.18,$2.94,8.05,$0.58B,$0.19B,3.09,$0.10B,$0.73B,0.14,$0.92B,$0.34B,36.56%,$0.92B,$0.09B,10.01%,$0.92B,$0.09B,10.01%,$0.92B,$0.12B,12.95%,$0.92B,$0.12B,12.62%,$0.92B,$0.09B,10.01%,$0.09B,$0.73B,13.22%,$0.09B,$0.34B,30.64%,$0.09B,$1.03B,9.70%,$0.09B,$0.83B,11.59%,$358,$231,$127,$0,$63,$303,$55,$3,$58,$6,$53,$53,$53,$64,$55,$27,32,$1.95,$1.65,$193,$111,$0,$580,$27,$41,$385,$0,$452,$1033,$188,$98,$13,$118,$305,$0,$441,$-4,$727,$1033,$59,$20,$16,$35,$-56,$-35,$59,$-29,$-80,$14,$-18,$0,$-15,$-0,$0,$-0,$0,$-33,$0,$0,$0,$-26,$-26,$0,$-3,$-29,$-49,$6,$0
41,2008-06-30,20.76,$24.47,0.85,$27.27,0.76,$2.55,8.14,$2.69,7.72,$0.42B,$0.09B,4.6,$0.10B,$0.67B,0.15,$0.88B,$0.33B,37.88%,$0.88B,$0.10B,11.60%,$0.88B,$0.10B,11.60%,$0.88B,$0.13B,14.45%,$0.88B,$0.13B,14.22%,$0.88B,$0.09B,9.78%,$0.09B,$0.67B,12.68%,$0.09B,$0.28B,30.55%,$0.09B,$0.89B,9.26%,$0.10B,$0.77B,13.14%,$145,$92,$53,$0,$46,$139,$6,$0,$7,$2,$5,$5,$5,$11,$6,$27,33,$0.17,$0.17,$177,$84,$0,$423,$26,$40,$396,$0,$463,$886,$92,$98,$19,$123,$215,$0,$387,$-3,$671,$886,$6,$10,$-0,$10,$72,$-8,$1,$-28,$-23,$-6,$-13,$0,$-15,$-0,$0,$-0,$0,$-28,$0,$0,$0,$-27,$-27,$0,$-3,$-30,$-64,$4,$0
42,2008-03-31,26.2,$24.24,1.08,$26.72,0.98,$3.39,7.72,$2.71,9.67,$0.43B,$0.07B,5.9,$0.10B,$0.69B,0.14,$0.86B,$0.33B,37.62%,$0.86B,$0.10B,11.81%,$0.86B,$0.10B,11.81%,$0.86B,$0.13B,14.93%,$0.86B,$0.13B,14.47%,$0.86B,$0.09B,9.95%,$0.09B,$0.69B,12.99%,$0.09B,$0.30B,32.30%,$0.09B,$0.89B,9.45%,$0.10B,$0.79B,13.42%,$131,$83,$47,$0,$48,$132,$-1,$2,$1,$0,$1,$1,$1,$5,$-1,$28,28,$0.03,$0.03,$239,$67,$0,$433,$21,$39,$398,$0,$458,$890,$73,$98,$18,$123,$196,$0,$383,$-3,$694,$890,$1,$6,$-1,$5,$93,$9,$-23,$-14,$9,$15,$-3,$0,$-13,$-0,$0,$-0,$-1,$-18,$0,$0,$0,$-1,$-1,$0,$0,$-1,$-3,$2,$0
43,2007-12-31,22.44,$24.44,0.92,$26.55,0.85,$3.69,6.08,$2.80,8.01,$0.52B,$0.17B,3.07,$0.10B,$0.69B,0.14,$0.86B,$0.32B,37.81%,$0.86B,$0.11B,12.37%,$0.86B,$0.11B,12.37%,$0.86B,$0.13B,15.64%,$0.86B,$0.13B,15.05%,$0.86B,$0.09B,10.27%,$0.09B,$0.69B,13.79%,$0.09B,$0.29B,36.18%,$0.09B,$0.98B,9.92%,$0.11B,$0.79B,14.40%,$285,$176,$109,$0,$77,$253,$32,$18,$50,$17,$33,$33,$33,$39,$32,$28,33,$1.21,$1.03,$241,$75,$0,$523,$21,$36,$403,$0,$461,$984,$170,$98,$18,$122,$293,$0,$382,$-3,$691,$984,$89,$27,$-8,$18,$-21,$1,$-13,$4,$-15,$92,$-18,$0,$0,$-0,$0,$-0,$-20,$-38,$0,$0,$0,$2,$2,$0,$1,$3,$57,$9,$0
44,2007-09-30,25.38,$23.23,1.09,$25.23,1.01,$3.07,8.26,$2.47,10.28,$0.53B,$0.18B,2.86,$0.10B,$0.66B,0.15,$0.81B,$0.30B,37.41%,$0.81B,$0.10B,11.98%,$0.81B,$0.10B,11.98%,$0.81B,$0.13B,15.56%,$0.81B,$0.12B,14.20%,$0.81B,$0.08B,9.63%,$0.08B,$0.66B,12.63%,$0.08B,$0.27B,34.82%,$0.08B,$0.96B,9.05%,$0.10B,$0.75B,13.55%,$318,$194,$124,$0,$59,$253,$65,$2,$67,$20,$47,$47,$47,$72,$65,$28,33,$1.71,$1.45,$187,$94,$0,$526,$21,$18,$389,$0,$429,$955,$184,$98,$16,$116,$300,$0,$352,$-3,$656,$955,$56,$20,$9,$29,$-56,$-17,$25,$-17,$-55,$30,$-14,$0,$-16,$-0,$0,$-0,$-0,$-30,$0,$0,$0,$2,$2,$0,$0,$2,$2,$5,$0
45,2007-06-30,26.74,$21.50,1.24,$24.66,1.08,$2.58,10.38,$2.28,11.73,$0.38B,$0.09B,4.22,$0.10B,$0.61B,0.16,$0.79B,$0.29B,37.06%,$0.79B,$0.09B,11.42%,$0.79B,$0.09B,11.42%,$0.79B,$0.12B,15.10%,$0.79B,$0.11B,13.45%,$0.79B,$0.07B,9.01%,$0.07B,$0.61B,11.83%,$0.07B,$0.21B,34.47%,$0.07B,$0.81B,8.49%,$0.09B,$0.71B,12.89%,$130,$84,$45,$0,$39,$123,$6,$1,$7,$2,$5,$5,$5,$13,$6,$28,33,$0.18,$0.17,$181,$79,$0,$383,$17,$17,$393,$0,$429,$812,$91,$98,$14,$114,$205,$0,$305,$-3,$607,$812,$8,$13,$7,$20,$63,$-2,$-22,$-15,$-12,$16,$-8,$0,$-14,$-0,$0,$-0,$-0,$-22,$0,$0,$0,$4,$4,$0,$-2,$2,$-4,$4,$0
46,2007-03-31,22.71,$21.32,1.07,$24.54,0.93,$1.57,14.46,$2.33,9.75,$0.37B,$0.09B,4.35,$0.10B,$0.60B,0.16,$0.78B,$0.30B,37.85%,$0.78B,$0.09B,11.89%,$0.78B,$0.09B,11.89%,$0.78B,$0.12B,15.47%,$0.78B,$0.11B,13.81%,$0.78B,$0.07B,9.21%,$0.07B,$0.60B,12.33%,$0.07B,$0.20B,37.89%,$0.07B,$0.80B,8.79%,$0.09B,$0.70B,13.64%,$124,$79,$46,$0,$42,$121,$3,$1,$5,$2,$3,$3,$3,$10,$3,$27,28,$0.12,$0.12,$192,$69,$0,$369,$16,$16,$395,$0,$429,$798,$85,$98,$13,$114,$199,$0,$300,$-3,$599,$798,$3,$6,$2,$9,$78,$8,$-34,$-11,$11,$22,$-2,$0,$-14,$-0,$0,$-0,$-0,$-16,$0,$0,$0,$3,$3,$0,$-1,$1,$8,$2,$0
47,2006-12-31,20.75,$21.94,0.95,$23.39,0.89,$0.56,36.89,$2.30,9.02,$0.45B,$0.17B,2.64,$0.10B,$0.61B,0.16,$0.77B,$0.29B,38.43%,$0.77B,$0.09B,12.03%,$0.77B,$0.09B,12.03%,$0.77B,$0.12B,15.56%,$0.77B,$0.11B,13.86%,$0.77B,$0.07B,9.28%,$0.07B,$0.61B,12.51%,$0.07B,$0.21B,40.92%,$0.07B,$0.88B,8.89%,$0.09B,$0.71B,13.82%,$238,$150,$88,$0,$66,$215,$23,$13,$36,$12,$23,$23,$23,$31,$23,$27,33,$0.88,$0.73,$185,$77,$0,$452,$17,$15,$398,$0,$430,$882,$171,$98,$1,$101,$273,$0,$312,$-3,$609,$882,$72,$26,$0,$27,$-53,$-8,$13,$-3,$-35,$64,$-11,$0,$0,$-0,$0,$-0,$-111,$-122,$0,$0,$0,$2,$2,$0,$2,$3,$-56,$6,$0
