,Date,Stock Price,Book Value per Share,Price to Book Ratio,TTM Sales per Share,Price to Sales Ratio,TTM FCF per Share,Price to FCF Ratio,TTM Net EPS,PE Ratio,Current Assets,Current Liabilities,Current Ratio,Long Term Debt,Shareholder's Equity_x,Debt to Equity Ratio,TTM Revenue_x,TTM Gross Profit,Gross Margin,TTM Revenue_y,TTM Operating Income,Operating Margin,TTM Revenue_x,TTM EBIT,EBIT Margin,TTM Revenue_y,TTM EBITDA,EBITDA Margin,TTM Revenue_x,TTM Pre-Tax Income,Pre-Tax Margin,TTM Revenue_y,TTM Net Income_x,Net Margin,TTM Net Income_y,Shareholder's Equity_y,Return on Equity,TTM Net Income_x,Tangible Equity,Return on Tangible Equity,TTM Net Income_y,Total Assets,Return on Assets,TTM Net Income,LT Investments & Debt,Return on Investment,revenue,cost-goods-sold,gross-profit,research-development-expenses,selling-general-administrative-expenses,operating-expenses,operating-income,total-non-operating-income-expense,pre-tax-income,total-provision-income-taxes,income-after-taxes,income-from-continuous-operations,net-income,ebitda,ebit,basic-shares-outstanding,shares-outstanding,eps-basic-net-earnings-per-share,eps-earnings-per-share-diluted,cash-on-hand,inventory,other-current-assets,total-current-assets,net-property-plant-equipment,long-term-investments,goodwill-intangible-assets-total,other-long-term-assets,total-long-term-assets,total-assets,total-current-liabilities,long-term-debt,other-non-current-liabilities,total-long-term-liabilities,total-liabilities,common-stock-net,retained-earnings-accumulated-deficit,comprehensive-income,total-share-holder-equity,total-liabilities-share-holders-equity,net-income-loss,total-depreciation-amortization-cash-flow,other-non-cash-items,total-non-cash-items,change-in-accounts-receivable,change-in-inventories,change-in-accounts-payable,change-in-assets-liabilities,total-change-in-assets-liabilities,cash-flow-from-operating-activities,net-change-in-property-plant-equipment,net-change-in-intangible-assets,net-acquisitions-divestitures,net-change-in-short-term-investments,net-change-in-long-term-investments,net-change-in-investments-total,investing-activities-other,cash-flow-from-investing-activities,net-long-term-debt,net-current-debt,debt-issuance-retirement-net-total,net-common-equity-issued-repurchased,net-total-equity-issued-repurchased,total-common-preferred-stock-dividends-paid,financial-activities-other,cash-flow-from-financial-activities,net-cash-flow,stock-based-compensation,common-stock-dividends-paid
0,2018-09-30,3.37,$-0.01,-229.25,$23.03,0.15,$1.43,2.36,$-0.32,0.0,$0.21B,$0.09B,2.27,$0.39B,$-0.04B,-9.68,$0.63B,$0.13B,20.77%,$0.63B,$0.02B,2.88%,$0.63B,$0.02B,2.88%,$0.63B,$0.06B,10.06%,$0.63B,$-0.01B,-2.24%,$0.63B,$-0.01B,-1.44%,$-0.01B,$0.00B,-171.43%,$-0.01B,$-0.16B,5.45%,$-0.01B,$0.53B,-1.66%,$0.02B,$0.39B,4.55%,$145,$117,$28,$0,$25,$142,$3,$-8,$-5,$1,$-6,$-6,$-6,$13,$3,$28,28,$-0.23,$-0.23,$51,$65,$17,$207,$141,$0,$164,$14,$319,$527,$91,$389,$21,$435,$527,$0,$-174,$-21,$-0,$527,$-7,$34,$-0,$34,$-5,$4,$-1,$1,$-5,$20,$-9,$-0,$0,$0,$0,$0,$0,$-9,$-7,$0,$-7,$0,$0,$0,$-1,$-7,$2,$2,$0
1,2018-06-30,2.32,$0.18,13.08,$23.71,0.1,$1.92,1.21,$-0.19,0.0,$0.21B,$0.10B,2.19,$0.39B,$-0.03B,-11.4,$0.64B,$0.13B,21.07%,$0.64B,$0.02B,3.14%,$0.64B,$0.02B,3.14%,$0.64B,$0.07B,10.22%,$0.64B,$-0.01B,-1.89%,$0.64B,$-0.01B,-0.94%,$-0.01B,$0.01B,-114.29%,$-0.01B,$-0.16B,3.55%,$-0.01B,$0.54B,-1.09%,$0.02B,$0.40B,5.03%,$168,$131,$37,$0,$29,$162,$7,$-8,$-1,$-0,$-1,$-1,$-1,$19,$7,$28,28,$-0.05,$-0.05,$46,$68,$16,$210,$145,$0,$167,$14,$327,$537,$96,$390,$21,$436,$532,$0,$-169,$-21,$5,$537,$-1,$23,$-0,$23,$-11,$1,$3,$1,$-9,$11,$-7,$-0,$0,$0,$0,$0,$0,$-7,$-6,$0,$-6,$0,$0,$0,$-1,$-6,$-3,$1,$0
2,2018-03-31,3.11,$0.35,8.95,$24.25,0.13,$2.53,1.23,$-0.31,0.0,$0.23B,$0.12B,1.96,$0.39B,$-0.03B,-13.62,$0.64B,$0.13B,20.78%,$0.64B,$0.02B,3.59%,$0.64B,$0.02B,3.59%,$0.64B,$0.07B,10.31%,$0.64B,$-0.02B,-2.50%,$0.64B,$-0.01B,-1.72%,$-0.01B,$0.01B,-258.82%,$-0.01B,$-0.16B,6.34%,$-0.01B,$0.56B,-1.95%,$0.02B,$0.40B,5.72%,$167,$132,$36,$0,$28,$160,$7,$-8,$-1,$0,$-1,$-1,$-3,$19,$7,$27,27,$-0.09,$-0.09,$48,$75,$18,$225,$152,$0,$174,$13,$338,$564,$115,$392,$23,$440,$554,$0,$-168,$-16,$10,$564,$-1,$12,$-1,$11,$-15,$-4,$9,$-1,$-7,$4,$-4,$0,$-0,$0,$0,$0,$0,$-4,$-1,$0,$-1,$0,$0,$0,$-0,$-2,$-1,$0,$0
3,2017-12-31,2.37,$0.22,10.83,$24.92,0.1,$2.53,0.94,$-0.27,0.0,$0.20B,$0.10B,2.02,$0.39B,$-0.04B,-8.91,$0.65B,$0.13B,20.37%,$0.65B,$0.02B,3.70%,$0.65B,$0.02B,3.70%,$0.65B,$0.07B,10.03%,$0.65B,$-0.02B,-2.47%,$0.65B,$-0.01B,-1.39%,$-0.01B,$0.01B,-600.00%,$-0.01B,$-0.17B,5.03%,$-0.01B,$0.55B,-1.58%,$0.02B,$0.40B,5.92%,$146,$117,$29,$0,$26,$144,$1,$-8,$-7,$-9,$2,$2,$1,$12,$1,$26,26,$0.05,$0.05,$49,$71,$16,$204,$154,$0,$177,$11,$342,$546,$101,$392,$22,$440,$541,$0,$-168,$-20,$6,$546,$-4,$42,$-12,$30,$7,$4,$-8,$1,$11,$30,$-7,$-0,$8,$0,$0,$0,$0,$1,$-24,$0,$-24,$0,$0,$-0,$-0,$-24,$8,$1,$0
4,2017-09-30,1.59,$0.02,83.25,$26.39,0.06,$2.48,0.64,$-3.01,0.0,$0.21B,$0.11B,2.0,$0.40B,$-0.05B,-8.26,$0.66B,$0.13B,19.36%,$0.66B,$-0.05B,-6.81%,$0.66B,$-0.05B,-6.81%,$0.66B,$-0.00B,-0.45%,$0.66B,$-0.08B,-12.71%,$0.66B,$-0.07B,-10.89%,$-0.07B,$0.00B,9600.00%,$-0.07B,$-0.18B,39.24%,$-0.07B,$0.56B,-12.40%,$-0.05B,$0.40B,-10.98%,$155,$123,$32,$0,$26,$151,$5,$-8,$-3,$-2,$-2,$-2,$-3,$15,$5,$26,26,$-0.10,$-0.10,$51,$70,$16,$214,$155,$0,$179,$13,$347,$561,$107,$398,$21,$453,$560,$0,$-170,$-23,$0,$561,$-7,$31,$-4,$28,$-0,$4,$-5,$1,$9,$24,$-2,$-0,$8,$0,$0,$0,$0,$6,$-19,$0,$-19,$0,$0,$0,$-0,$-19,$13,$1,$0
5,2017-06-30,1.29,$0.04,33.42,$28.03,0.05,$2.06,0.63,$-3.04,0.0,$0.24B,$0.12B,2.0,$0.41B,$-0.05B,-8.78,$0.68B,$0.13B,18.79%,$0.68B,$-0.05B,-6.80%,$0.68B,$-0.05B,-6.80%,$0.68B,$-0.00B,-0.30%,$0.68B,$-0.08B,-12.43%,$0.68B,$-0.07B,-10.65%,$-0.07B,$0.00B,-417.39%,$-0.07B,$-0.18B,38.92%,$-0.07B,$0.59B,-11.78%,$-0.05B,$0.41B,-10.58%,$172,$137,$36,$0,$25,$163,$10,$-14,$-5,$0,$-5,$-5,$-6,$20,$10,$26,26,$-0.22,$-0.22,$55,$69,$34,$240,$159,$0,$181,$10,$350,$590,$120,$410,$22,$469,$589,$0,$-167,$-25,$1,$590,$-5,$21,$1,$22,$-6,$4,$1,$1,$7,$21,$-1,$-0,$0,$0,$0,$0,$0,$-1,$-7,$0,$-7,$0,$0,$0,$-0,$-7,$14,$1,$0
6,2017-03-31,1.48,$-0.05,-28.52,$29.70,0.05,$1.81,0.82,$-3.00,0.0,$0.22B,$0.11B,1.98,$0.42B,$-0.05B,-8.67,$0.69B,$0.13B,18.55%,$0.69B,$-0.05B,-7.10%,$0.69B,$-0.05B,-7.10%,$0.69B,$-0.00B,-0.43%,$0.69B,$-0.08B,-11.45%,$0.69B,$-0.07B,-10.00%,$-0.07B,$-0.00B,-194.37%,$-0.07B,$-0.19B,37.05%,$-0.07B,$0.59B,-10.81%,$-0.05B,$0.42B,-10.73%,$175,$141,$35,$0,$27,$168,$8,$-8,$-1,$-0,$-0,$-0,$-1,$18,$8,$26,26,$-0.05,$-0.05,$41,$71,$18,$219,$175,$0,$184,$10,$369,$587,$111,$418,$20,$478,$589,$0,$-163,$-31,$-1,$587,$-0,$11,$-3,$8,$-10,$3,$-1,$0,$-3,$3,$-3,$0,$-0,$0,$0,$0,$0,$-3,$0,$0,$0,$0,$0,$0,$-0,$0,$1,$0,$0
7,2016-12-31,1.8,$-0.13,-14.21,$31.44,0.06,$1.98,0.91,$-3.10,0.0,$0.21B,$0.11B,1.95,$0.42B,$-0.05B,-8.5,$0.71B,$0.13B,18.56%,$0.71B,$-0.06B,-7.79%,$0.71B,$-0.06B,-7.79%,$0.71B,$-0.01B,-1.13%,$0.71B,$-0.08B,-11.90%,$0.71B,$-0.07B,-10.06%,$-0.07B,$-0.00B,-125.66%,$-0.07B,$-0.19B,38.33%,$-0.07B,$0.58B,-10.61%,$-0.06B,$0.41B,-11.45%,$159,$134,$25,$0,$27,$226,$-68,$-7,$-75,$-5,$-70,$-70,$-62,$-56,$-68,$23,23,$-2.74,$-2.74,$41,$74,$18,$210,$178,$0,$186,$9,$374,$584,$108,$417,$20,$479,$587,$0,$-163,$-30,$-3,$584,$-78,$47,$51,$98,$-0,$6,$6,$7,$16,$35,$-16,$-0,$0,$0,$0,$0,$0,$-16,$-9,$0,$-9,$0,$0,$-4,$-0,$-13,$5,$-1,$0
8,2016-09-30,2.22,$3.20,0.69,$32.23,0.07,$1.44,1.55,$-3.61,0.0,$0.23B,$0.12B,2.03,$0.43B,$0.03B,15.92,$0.72B,$0.14B,19.00%,$0.72B,$-0.08B,-11.65%,$0.72B,$-0.08B,-11.65%,$0.72B,$-0.04B,-4.99%,$0.72B,$-0.11B,-15.81%,$0.72B,$-0.08B,-11.10%,$-0.08B,$0.07B,-101.91%,$-0.08B,$-0.19B,43.84%,$-0.08B,$0.68B,-11.47%,$-0.08B,$0.50B,-16.65%,$170,$139,$31,$0,$26,$166,$4,$-8,$-3,$-1,$-3,$-3,$-3,$16,$4,$22,22,$-0.13,$-0.13,$40,$79,$20,$234,$186,$0,$256,$8,$451,$684,$115,$426,$23,$498,$613,$0,$-103,$-23,$72,$684,$-8,$35,$-6,$29,$-16,$1,$8,$6,$1,$23,$-13,$-0,$0,$0,$0,$0,$0,$-13,$-4,$0,$-4,$0,$0,$-3,$-0,$-6,$4,$-1,$0
9,2016-06-30,3.61,$3.32,1.09,$32.39,0.11,$1.41,2.57,$-3.64,0.0,$0.24B,$0.12B,1.94,$0.43B,$0.03B,14.53,$0.72B,$0.14B,19.53%,$0.72B,$-0.09B,-11.77%,$0.72B,$-0.09B,-11.77%,$0.72B,$-0.04B,-5.12%,$0.72B,$-0.12B,-16.07%,$0.72B,$-0.08B,-11.22%,$-0.08B,$0.07B,-78.26%,$-0.08B,$-0.19B,44.02%,$-0.08B,$0.70B,-11.01%,$-0.09B,$0.50B,-15.96%,$186,$149,$37,$0,$28,$179,$7,$-8,$-0,$2,$-2,$-2,$-3,$19,$7,$22,22,$-0.13,$-0.13,$41,$78,$24,$240,$190,$0,$259,$9,$459,$699,$124,$425,$23,$501,$625,$0,$-100,$-23,$74,$699,$-5,$23,$-2,$21,$-17,$2,$14,$4,$4,$21,$-9,$-0,$0,$0,$0,$0,$0,$-9,$-3,$0,$-3,$0,$0,$-3,$-0,$-6,$5,$-1,$0
10,2016-03-31,3.5,$3.71,0.94,$32.62,0.11,$1.17,2.99,$-3.58,0.0,$0.24B,$0.13B,1.92,$0.43B,$0.04B,11.31,$0.72B,$0.15B,20.17%,$0.72B,$-0.09B,-11.74%,$0.72B,$-0.09B,-11.74%,$0.72B,$-0.04B,-4.97%,$0.72B,$-0.12B,-16.02%,$0.72B,$-0.08B,-11.05%,$-0.08B,$0.08B,-62.02%,$-0.08B,$-0.18B,43.13%,$-0.08B,$0.71B,-10.38%,$-0.09B,$0.51B,-15.21%,$191,$153,$38,$0,$32,$189,$2,$-8,$-6,$-3,$-3,$-3,$-3,$13,$2,$22,22,$-0.15,$-0.15,$37,$79,$28,$243,$193,$0,$263,$10,$467,$710,$126,$427,$18,$500,$627,$0,$-99,$-20,$83,$710,$-3,$11,$-1,$10,$-18,$2,$11,$2,$3,$10,$-6,$-0,$0,$0,$0,$0,$0,$-6,$-1,$0,$-1,$0,$0,$-2,$-0,$-2,$1,$1,$0
11,2015-12-31,3.78,$3.81,0.99,$32.09,0.12,$0.81,4.64,$-3.50,0.0,$0.23B,$0.11B,2.05,$0.43B,$0.04B,10.66,$0.71B,$0.15B,20.73%,$0.71B,$-0.08B,-11.42%,$0.71B,$-0.08B,-11.42%,$0.71B,$-0.03B,-4.51%,$0.71B,$-0.11B,-15.80%,$0.71B,$-0.08B,-11.14%,$-0.08B,$0.09B,-52.15%,$-0.08B,$-0.18B,42.99%,$-0.08B,$0.70B,-9.93%,$-0.08B,$0.51B,-14.01%,$174,$143,$31,$0,$34,$271,$-97,$-8,$-105,$-20,$-85,$-85,$-71,$-84,$-97,$22,22,$-3.23,$-3.23,$36,$80,$31,$226,$196,$0,$264,$10,$471,$697,$111,$426,$18,$502,$612,$0,$-96,$-21,$85,$697,$-90,$48,$73,$121,$2,$5,$-1,$-4,$6,$39,$-33,$-0,$-35,$0,$0,$0,$0,$-68,$10,$0,$10,$0,$0,$-4,$-1,$5,$-26,$8,$0
12,2015-09-30,4.38,$7.75,0.57,$31.71,0.14,$-0.82,0.0,$-0.50,0.0,$0.26B,$0.12B,2.13,$0.44B,$0.13B,3.46,$0.70B,$0.15B,21.03%,$0.70B,$-0.01B,-0.86%,$0.70B,$-0.01B,-0.86%,$0.70B,$0.04B,5.87%,$0.70B,$-0.04B,-5.29%,$0.70B,$-0.03B,-4.29%,$-0.03B,$0.17B,-17.05%,$-0.03B,$-0.19B,16.46%,$-0.03B,$0.84B,-3.65%,$-0.01B,$0.61B,-1.00%,$171,$136,$35,$0,$32,$168,$3,$-8,$-5,$-2,$-3,$-3,$-4,$15,$3,$22,22,$-0.16,$-0.16,$44,$84,$28,$258,$198,$0,$362,$20,$581,$838,$121,$438,$19,$545,$666,$0,$-26,$-19,$172,$838,$-5,$36,$-0,$35,$-11,$2,$-0,$-6,$-0,$33,$-24,$-0,$-35,$0,$0,$0,$0,$-59,$13,$0,$13,$0,$0,$-3,$-1,$9,$-18,$6,$0
13,2015-06-30,6.81,$7.97,0.85,$31.31,0.22,$-2.15,0.0,$-0.75,0.0,$0.25B,$0.12B,2.07,$0.43B,$0.13B,3.28,$0.69B,$0.14B,19.59%,$0.69B,$-0.02B,-2.47%,$0.69B,$-0.02B,-2.47%,$0.69B,$0.03B,4.21%,$0.69B,$-0.05B,-6.97%,$0.69B,$-0.04B,-5.08%,$-0.04B,$0.18B,-19.31%,$-0.04B,$-0.19B,19.75%,$-0.04B,$0.84B,-4.25%,$-0.02B,$0.60B,-2.83%,$188,$146,$42,$0,$33,$180,$7,$-8,$-0,$1,$-1,$-1,$-2,$20,$7,$22,22,$-0.07,$-0.07,$33,$83,$24,$253,$198,$0,$366,$21,$585,$838,$122,$428,$19,$540,$663,$0,$-23,$-19,$176,$838,$-2,$23,$-0,$23,$-20,$4,$4,$-3,$0,$22,$-15,$-0,$-35,$0,$0,$0,$0,$-50,$3,$0,$3,$0,$0,$-2,$-0,$1,$-29,$5,$0
14,2015-03-31,7.08,$7.87,0.9,$190637.79,0.0,$-2.43,0.0,$-0.68,0.0,$0.27B,$0.12B,2.34,$0.42B,$0.13B,3.24,$0.69B,$0.14B,19.51%,$0.69B,$-0.02B,-2.17%,$0.69B,$-0.02B,-2.17%,$0.69B,$0.03B,3.61%,$0.69B,$-0.04B,-6.07%,$0.69B,$-0.03B,-4.05%,$-0.03B,$0.17B,-15.62%,$-0.03B,$-0.17B,32.00%,$-0.03B,$0.81B,-4.19%,$-0.02B,$0.59B,-3.05%,$176,$137,$39,$0,$31,$170,$6,$-7,$-2,$-1,$-1,$-1,$-2,$17,$6,$22,22,$-0.07,$-0.07,$55,$80,$22,$270,$172,$0,$347,$21,$540,$810,$115,$415,$19,$522,$637,$0,$-22,$-20,$173,$810,$-1,$11,$-1,$10,$-24,$-1,$9,$-1,$-7,$3,$-7,$-0,$-0,$0,$0,$0,$0,$-8,$-0,$0,$-0,$0,$0,$-1,$0,$-1,$-7,$2,$0
15,2014-12-31,9.85,$8.31,1.19,$377165.79,0.0,$-2.25,0.0,$-0.61,0.0,$0.25B,$0.10B,2.48,$0.42B,$0.14B,3.02,$0.70B,$0.14B,19.63%,$0.70B,$-0.01B,-1.28%,$0.70B,$-0.01B,-1.28%,$0.70B,$0.03B,3.70%,$0.70B,$-0.03B,-3.98%,$0.70B,$-0.02B,-2.56%,$-0.02B,$0.18B,-13.24%,$-0.02B,$-0.17B,40.91%,$-0.02B,$0.80B,-3.86%,$-0.01B,$0.60B,-2.61%,$164,$134,$31,$0,$27,$186,$-22,$-8,$-30,$-8,$-22,$-22,$-22,$-11,$-22,$22,22,$-12972.43,$-12972.43,$62,$81,$23,$246,$176,$0,$355,$21,$553,$799,$99,$415,$21,$517,$617,$0,$-22,$-12,$183,$799,$-19,$35,$-7,$28,$-6,$-5,$-0,$-7,$-15,$-3,$-26,$-0,$-489,$12,$0,$12,$-1,$-505,$417,$0,$417,$-33,$12,$-1,$-21,$408,$-104,$12,$0
16,2014-09-30,10.35,$8.79,1.18,$377158.33,0.0,$-0.91,0.0,$-0.41,0.0,$0.28B,$0.12B,2.42,$0.42B,$0.15B,2.82,$0.54B,$0.11B,19.85%,$0.54B,$0.01B,2.41%,$0.54B,$0.01B,2.41%,$0.54B,$0.04B,6.86%,$0.54B,$0.00B,0.37%,$0.54B,$0.00B,0.74%,$0.00B,$0.19B,4.43%,$0.00B,$-0.17B,-533.33%,$0.00B,$0.84B,1.50%,$0.01B,$0.61B,6.68%,$161,$138,$23,$0,$30,$169,$-8,$-8,$-16,$-6,$-10,$-10,$-9,$3,$-8,$22,22,$-0.41,$-0.41,$77,$81,$20,$280,$177,$6,$365,$15,$563,$844,$116,$418,$5,$535,$651,$0,$-18,$-6,$193,$844,$-15,$24,$-4,$20,$-16,$-4,$2,$-3,$-9,$-3,$-17,$-0,$-489,$12,$0,$12,$-1,$-496,$420,$0,$420,$-33,$12,$0,$-21,$411,$-88,$10,$0
