,Date,Stock Price,Book Value per Share,Price to Book Ratio,TTM Sales per Share,Price to Sales Ratio,TTM FCF per Share,Price to FCF Ratio,TTM Net EPS,PE Ratio,Current Assets,Current Liabilities,Current Ratio,Long Term Debt,Shareholder's Equity_x,Debt to Equity Ratio,TTM Revenue_x,TTM Gross Profit,Gross Margin,TTM Revenue_y,TTM Operating Income,Operating Margin,TTM Revenue_x,TTM EBIT,EBIT Margin,TTM Revenue_y,TTM EBITDA,EBITDA Margin,TTM Revenue_x,TTM Pre-Tax Income,Pre-Tax Margin,TTM Revenue_y,TTM Net Income_x,Net Margin,TTM Net Income_y,Shareholder's Equity_y,Return on Equity,TTM Net Income_x,Tangible Equity,Return on Tangible Equity,TTM Net Income_y,Total Assets,Return on Assets,TTM Net Income,LT Investments & Debt,Return on Investment,revenue,cost-goods-sold,gross-profit,research-development-expenses,selling-general-administrative-expenses,operating-expenses,operating-income,total-non-operating-income-expense,pre-tax-income,total-provision-income-taxes,income-after-taxes,income-from-continuous-operations,net-income,ebitda,ebit,basic-shares-outstanding,shares-outstanding,eps-basic-net-earnings-per-share,eps-earnings-per-share-diluted,cash-on-hand,inventory,other-current-assets,total-current-assets,net-property-plant-equipment,long-term-investments,goodwill-intangible-assets-total,other-long-term-assets,total-long-term-assets,total-assets,total-current-liabilities,long-term-debt,other-non-current-liabilities,total-long-term-liabilities,total-liabilities,common-stock-net,retained-earnings-accumulated-deficit,comprehensive-income,total-share-holder-equity,total-liabilities-share-holders-equity,net-income-loss,total-depreciation-amortization-cash-flow,other-non-cash-items,total-non-cash-items,change-in-accounts-receivable,change-in-inventories,change-in-accounts-payable,change-in-assets-liabilities,total-change-in-assets-liabilities,cash-flow-from-operating-activities,net-change-in-property-plant-equipment,net-change-in-intangible-assets,net-acquisitions-divestitures,net-change-in-short-term-investments,net-change-in-long-term-investments,net-change-in-investments-total,investing-activities-other,cash-flow-from-investing-activities,net-long-term-debt,net-current-debt,debt-issuance-retirement-net-total,net-common-equity-issued-repurchased,net-total-equity-issued-repurchased,total-common-preferred-stock-dividends-paid,financial-activities-other,cash-flow-from-financial-activities,net-cash-flow,stock-based-compensation,common-stock-dividends-paid
0,2018-09-30,168.13,$50.19,3.35,$30.12,5.58,$28.77,5.84,$6.04,27.84,$1.46B,$0.34B,4.29,$1.56B,$3.03B,0.52,$1.85B,$1.73B,93.57%,$1.85B,$0.57B,30.86%,$1.85B,$0.57B,30.86%,$1.85B,$0.84B,45.30%,$1.85B,$0.48B,26.05%,$1.85B,$0.52B,28.05%,$0.52B,$3.03B,18.22%,$0.52B,$-0.69B,-52.66%,$0.52B,$5.49B,9.77%,$0.57B,$4.59B,12.98%,$469,$27,$443,$51,$156,$281,$189,$-20,$169,$19,$150,$149,$149,$251,$189,$60,62,$2.47,$2.41,$1064,$43,$54,$1464,$198,$0,$3720,$56,$4021,$5486,$341,$1561,$209,$2117,$2458,$0,$1129,$-179,$3027,$5486,$288,$199,$88,$287,$-56,$-8,$10,$2,$0,$575,$33,$-111,$0,$-350,$0,$-350,$0,$-428,$-17,$0,$-17,$7,$7,$0,$-22,$-33,$113,$76,$0
1,2018-06-30,172.3,$47.51,3.63,$29.23,5.89,$26.57,6.48,$7.07,24.37,$1.31B,$0.35B,3.76,$1.56B,$2.87B,0.54,$1.79B,$1.67B,93.08%,$1.79B,$0.47B,26.10%,$1.79B,$0.47B,26.10%,$1.79B,$0.73B,40.83%,$1.79B,$0.38B,21.08%,$1.79B,$0.43B,24.21%,$0.43B,$2.87B,16.02%,$0.43B,$-0.91B,-36.62%,$0.43B,$5.35B,8.36%,$0.47B,$4.43B,11.00%,$500,$35,$466,$56,$159,$347,$153,$-24,$129,$37,$93,$92,$92,$223,$153,$60,61,$1.53,$1.50,$815,$46,$134,$1307,$188,$0,$3779,$23,$4042,$5349,$348,$1558,$206,$2131,$2479,$0,$1001,$-168,$2870,$5349,$138,$137,$76,$213,$-54,$-9,$7,$1,$2,$354,$-11,$-111,$0,$-115,$0,$-115,$0,$-237,$-9,$0,$-9,$11,$11,$0,$-21,$-19,$99,$51,$0
2,2018-03-31,150.99,$46.45,3.25,$27.51,5.49,$25.68,5.88,$7.29,20.71,$1.13B,$0.38B,3.0,$1.54B,$2.79B,0.55,$1.69B,$1.57B,93.01%,$1.69B,$0.48B,28.45%,$1.69B,$0.48B,28.45%,$1.69B,$0.71B,42.03%,$1.69B,$0.39B,23.12%,$1.69B,$0.45B,26.56%,$0.45B,$2.79B,17.62%,$0.45B,$-1.13B,-32.06%,$0.45B,$5.29B,8.87%,$0.48B,$4.32B,11.69%,$445,$34,$411,$63,$207,$357,$88,$-22,$65,$19,$46,$46,$46,$155,$88,$60,61,$0.77,$0.75,$708,$46,$63,$1126,$179,$0,$3914,$23,$4161,$5287,$376,$1537,$192,$2125,$2501,$0,$930,$-99,$2787,$5287,$46,$67,$26,$93,$-57,$-3,$23,$-2,$23,$162,$-7,$0,$0,$-40,$0,$-40,$0,$-47,$-9,$0,$-9,$-24,$-24,$0,$-15,$-48,$67,$24,$0
3,2017-12-31,134.65,$45.30,2.97,$26.38,5.1,$25.77,5.22,$7.95,16.94,$0.97B,$0.29B,3.29,$1.54B,$2.71B,0.57,$1.62B,$1.51B,93.26%,$1.62B,$0.53B,32.63%,$1.62B,$0.53B,32.63%,$1.62B,$0.73B,44.81%,$1.62B,$0.44B,27.26%,$1.62B,$0.49B,30.22%,$0.49B,$2.71B,20.88%,$0.49B,$-1.21B,-30.67%,$0.49B,$5.12B,9.91%,$0.53B,$4.25B,13.34%,$436,$25,$411,$66,$143,$295,$141,$-22,$119,$-114,$233,$232,$232,$209,$141,$60,61,$3.87,$3.80,$601,$43,$77,$968,$170,$0,$3927,$16,$4155,$5124,$294,$1540,$177,$2117,$2411,$0,$918,$-141,$2713,$5124,$488,$195,$-17,$178,$12,$-9,$0,$13,$27,$693,$-29,$0,$0,$-155,$0,$-155,$-85,$-269,$-327,$0,$-327,$-67,$-67,$0,$-15,$-409,$20,$107,$0
4,2017-09-30,146.25,$41.19,3.55,$25.68,5.7,$24.36,6.0,$6.07,24.09,$0.83B,$0.27B,3.1,$1.54B,$2.47B,0.63,$1.58B,$1.46B,92.53%,$1.58B,$0.55B,35.02%,$1.58B,$0.55B,35.02%,$1.58B,$0.79B,50.22%,$1.58B,$0.47B,29.96%,$1.58B,$0.37B,23.69%,$0.37B,$2.47B,17.54%,$0.37B,$-1.49B,-20.80%,$0.37B,$5.00B,7.70%,$0.55B,$4.01B,14.32%,$412,$31,$381,$47,$125,$325,$86,$-21,$65,$1,$64,$64,$64,$145,$86,$60,61,$1.06,$1.03,$453,$41,$49,$831,$159,$0,$3960,$16,$4168,$4999,$268,$1544,$158,$2262,$2530,$0,$729,$-159,$2469,$4999,$256,$128,$120,$248,$-22,$-7,$6,$24,$-15,$489,$-20,$0,$0,$-140,$0,$-140,$-77,$-237,$-318,$0,$-318,$-34,$-34,$0,$-18,$-369,$-113,$80,$0
5,2017-06-30,155.5,$36.64,4.24,$25.03,6.21,$23.26,6.69,$6.45,24.11,$0.66B,$0.25B,2.65,$1.64B,$2.20B,0.74,$1.54B,$1.43B,92.80%,$1.54B,$0.60B,39.13%,$1.54B,$0.60B,39.13%,$1.54B,$0.74B,48.28%,$1.54B,$0.52B,34.00%,$1.54B,$0.40B,25.96%,$0.40B,$2.20B,20.57%,$0.40B,$-1.76B,-19.95%,$0.40B,$4.80B,8.27%,$0.60B,$3.84B,15.77%,$394,$29,$366,$40,$132,$229,$165,$-24,$141,$36,$106,$106,$106,$200,$165,$60,61,$1.76,$1.72,$319,$40,$36,$663,$137,$0,$3959,$17,$4142,$4804,$250,$1636,$145,$2353,$2603,$0,$691,$-210,$2201,$4804,$192,$69,$35,$104,$-3,$-6,$5,$38,$4,$300,$-12,$0,$0,$-20,$0,$-20,$-2,$-34,$-368,$0,$-368,$-12,$-12,$0,$-16,$-396,$-127,$52,$0
6,2017-03-31,145.13,$33.05,4.39,$24.76,5.86,$22.97,6.32,$6.53,22.23,$0.75B,$0.39B,1.92,$1.74B,$1.98B,0.88,$1.53B,$1.42B,93.00%,$1.53B,$0.61B,39.73%,$1.53B,$0.61B,39.73%,$1.53B,$0.75B,48.89%,$1.53B,$0.54B,35.34%,$1.53B,$0.41B,26.77%,$0.41B,$1.98B,22.51%,$0.41B,$-1.91B,-25.04%,$0.41B,$4.82B,9.09%,$0.61B,$3.72B,16.99%,$376,$25,$351,$45,$144,$240,$136,$-20,$116,$29,$87,$87,$87,$171,$136,$60,61,$1.44,$1.41,$407,$38,$27,$753,$120,$0,$3898,$18,$4063,$4816,$393,$1740,$129,$2439,$2832,$0,$602,$-300,$1984,$4816,$87,$34,$13,$47,$-8,$-4,$6,$23,$31,$165,$-4,$0,$0,$0,$0,$0,$0,$-4,$-159,$0,$-159,$-8,$-8,$0,$-14,$-182,$-19,$25,$0
7,2016-12-31,109.03,$31.38,3.47,$23.98,4.55,$22.72,4.8,$6.31,17.28,$0.75B,$0.26B,2.91,$1.99B,$1.88B,1.06,$1.49B,$1.38B,92.94%,$1.49B,$0.59B,39.78%,$1.49B,$0.59B,39.78%,$1.49B,$0.73B,48.92%,$1.49B,$0.53B,35.75%,$1.49B,$0.40B,26.75%,$0.40B,$1.88B,23.10%,$0.40B,$-2.03B,-31.64%,$0.40B,$4.80B,9.52%,$0.59B,$3.87B,17.78%,$397,$34,$363,$44,$127,$231,$166,$-14,$151,$34,$117,$117,$117,$277,$166,$61,62,$1.94,$1.90,$426,$34,$29,$748,$107,$0,$3906,$14,$4052,$4800,$257,$1994,$113,$2665,$2923,$0,$529,$-317,$1877,$4800,$397,$136,$81,$216,$-26,$-17,$0,$6,$-21,$592,$-10,$-150,$-1502,$-65,$0,$-65,$-24,$-1751,$816,$0,$816,$-254,$-254,$0,$-21,$541,$-623,$99,$0
8,2016-09-30,121.48,$28.65,4.24,$22.97,5.29,$21.17,5.74,$5.72,21.24,$0.74B,$0.23B,3.2,$2.15B,$1.72B,1.25,$1.43B,$1.34B,93.37%,$1.43B,$0.53B,37.22%,$1.43B,$0.53B,37.22%,$1.43B,$0.59B,41.13%,$1.43B,$0.48B,33.38%,$1.43B,$0.36B,25.42%,$0.36B,$1.72B,22.01%,$0.36B,$-2.32B,-44.83%,$0.36B,$4.93B,9.55%,$0.53B,$3.86B,17.47%,$374,$24,$350,$48,$124,$238,$136,$-20,$116,$26,$90,$90,$90,$96,$136,$60,62,$1.49,$1.45,$426,$32,$25,$744,$100,$0,$4038,$38,$4186,$4931,$233,$2147,$106,$2982,$3215,$0,$316,$-235,$1716,$4931,$280,$25,$149,$173,$-28,$-14,$-4,$9,$-42,$412,$-8,$-150,$-1502,$-65,$0,$-65,$-24,$-1749,$975,$0,$975,$-242,$-242,$0,$-21,$713,$-622,$74,$0
9,2016-06-30,141.31,$27.96,5.05,$22.31,6.33,$20.66,6.84,$5.70,24.79,$1.23B,$0.23B,5.43,$1.14B,$1.69B,0.68,$1.40B,$1.30B,92.85%,$1.40B,$0.53B,37.81%,$1.40B,$0.53B,37.81%,$1.40B,$0.66B,47.11%,$1.40B,$0.48B,34.31%,$1.40B,$0.36B,25.88%,$0.36B,$1.69B,22.41%,$0.36B,$-0.27B,-111.21%,$0.36B,$3.45B,10.51%,$0.53B,$2.83B,19.11%,$381,$24,$357,$39,$123,$212,$169,$-12,$157,$42,$115,$115,$115,$203,$169,$60,62,$1.89,$1.85,$916,$33,$26,$1231,$93,$0,$1963,$37,$2217,$3448,$227,$1142,$94,$1529,$1756,$0,$325,$-250,$1692,$3448,$190,$65,$51,$116,$-22,$-15,$6,$4,$-28,$279,$-6,$-150,$0,$-53,$0,$-53,$-9,$-218,$-19,$0,$-19,$-149,$-149,$0,$-14,$-182,$-121,$50,$0
10,2016-03-31,130.55,$26.60,4.91,$21.46,6.08,$19.59,6.67,$5.30,24.63,$1.27B,$0.40B,3.19,$1.15B,$1.61B,0.71,$1.35B,$1.25B,92.75%,$1.35B,$0.51B,37.94%,$1.35B,$0.51B,37.94%,$1.35B,$0.64B,47.41%,$1.35B,$0.44B,32.69%,$1.35B,$0.34B,24.78%,$0.34B,$1.61B,21.56%,$0.34B,$-0.41B,-87.47%,$0.34B,$3.54B,9.76%,$0.51B,$2.75B,18.61%,$336,$23,$313,$31,$129,$215,$121,$-13,$108,$32,$76,$76,$76,$152,$121,$61,63,$1.24,$1.21,$981,$25,$22,$1271,$87,$0,$2019,$30,$2264,$3535,$399,$1146,$79,$1529,$1928,$0,$243,$-222,$1607,$3535,$76,$31,$30,$60,$-14,$-6,$11,$6,$16,$152,$-2,$0,$0,$-1,$0,$-1,$-9,$-12,$-9,$0,$-9,$-131,$-131,$0,$-12,$-152,$-9,$24,$0
11,2015-12-31,140.56,$26.08,5.39,$21.01,6.69,$18.51,7.59,$5.23,26.88,$1.26B,$0.23B,5.55,$1.15B,$1.60B,0.72,$1.33B,$1.22B,92.23%,$1.33B,$0.51B,38.42%,$1.33B,$0.51B,38.42%,$1.33B,$0.64B,48.23%,$1.33B,$0.44B,32.98%,$1.33B,$0.33B,24.91%,$0.33B,$1.60B,22.32%,$0.33B,$-0.24B,-75.30%,$0.33B,$3.33B,9.83%,$0.51B,$2.75B,18.66%,$341,$24,$317,$29,$126,$234,$107,$-10,$97,$14,$83,$83,$83,$138,$107,$61,63,$1.35,$1.32,$989,$19,$19,$1258,$86,$0,$1843,$9,$2075,$3333,$227,$1151,$69,$1507,$1734,$0,$303,$-267,$1599,$3333,$330,$131,$71,$201,$-25,$6,$-2,$25,$1,$532,$-36,$0,$34,$0,$0,$0,$0,$-2,$-167,$0,$-167,$-21,$-21,$0,$-26,$-214,$305,$92,$0
12,2015-09-30,132.81,$25.42,5.22,$20.84,6.37,$16.57,8.02,$5.21,25.49,$1.32B,$0.34B,3.87,$1.17B,$1.56B,0.75,$1.31B,$1.20B,91.77%,$1.31B,$0.53B,40.55%,$1.31B,$0.53B,40.55%,$1.31B,$0.67B,51.14%,$1.31B,$0.46B,34.68%,$1.31B,$0.33B,25.08%,$0.33B,$1.56B,23.14%,$0.33B,$-0.38B,-57.77%,$0.33B,$3.46B,9.80%,$0.53B,$2.74B,19.59%,$341,$28,$312,$51,$104,$209,$132,$-14,$118,$30,$88,$88,$88,$166,$132,$61,63,$1.43,$1.39,$999,$30,$19,$1315,$83,$0,$1940,$25,$2149,$3464,$340,$1172,$60,$1561,$1901,$0,$261,$-231,$1563,$3464,$247,$99,$59,$158,$-11,$-4,$5,$3,$7,$412,$-33,$0,$34,$0,$0,$0,$0,$1,$-77,$0,$-77,$13,$13,$0,$-26,$-90,$315,$67,$0
13,2015-06-30,176.07,$23.59,7.46,$20.33,8.66,$14.55,12.1,$4.23,41.62,$1.25B,$0.23B,5.53,$1.34B,$1.45B,0.93,$1.28B,$1.17B,91.71%,$1.28B,$0.46B,35.84%,$1.28B,$0.46B,35.84%,$1.28B,$0.60B,47.18%,$1.28B,$0.39B,30.28%,$1.28B,$0.27B,20.89%,$0.27B,$1.45B,19.55%,$0.27B,$-0.50B,-37.66%,$0.27B,$3.39B,8.02%,$0.46B,$2.79B,16.96%,$334,$22,$312,$28,$107,$180,$153,$-35,$119,$31,$88,$88,$88,$185,$153,$61,63,$1.44,$1.40,$922,$31,$22,$1245,$80,$0,$1947,$22,$2148,$3393,$225,$1338,$53,$1721,$1946,$0,$182,$-248,$1447,$3393,$159,$65,$41,$106,$-8,$-2,$2,$-7,$-27,$237,$-27,$0,$34,$0,$0,$0,$0,$6,$6,$0,$6,$15,$15,$0,$-17,$4,$238,$44,$0
14,2015-03-31,172.79,$21.38,8.08,$19.71,8.77,$13.30,12.99,$3.53,48.95,$1.10B,$0.22B,5.0,$1.34B,$1.31B,1.02,$1.24B,$1.12B,90.77%,$1.24B,$0.38B,30.69%,$1.24B,$0.38B,30.69%,$1.24B,$0.56B,45.18%,$1.24B,$0.33B,26.80%,$1.24B,$0.22B,18.06%,$0.22B,$1.31B,16.84%,$0.22B,$-0.63B,-25.51%,$0.22B,$3.24B,6.82%,$0.38B,$2.64B,14.46%,$309,$28,$281,$27,$112,$193,$117,$-14,$103,$32,$71,$71,$71,$150,$117,$61,63,$1.16,$1.12,$783,$31,$22,$1103,$71,$0,$1939,$19,$2135,$3238,$221,$1335,$45,$1712,$1932,$0,$96,$-279,$1305,$3238,$71,$33,$-4,$29,$-5,$-2,$3,$-12,$-3,$97,$-14,$0,$33,$0,$0,$0,$0,$18,$-2,$0,$-2,$3,$3,$0,$-4,$-3,$99,$21,$0
15,2014-12-31,163.73,$22.61,7.24,$19.02,8.61,$13.11,12.49,$0.83,197.27,$1.02B,$0.22B,4.69,$1.33B,$1.37B,0.97,$1.17B,$1.06B,90.03%,$1.17B,$0.20B,16.62%,$1.17B,$0.20B,16.62%,$1.17B,$0.34B,29.24%,$1.17B,$0.15B,12.87%,$1.17B,$0.06B,5.03%,$0.06B,$1.37B,4.49%,$0.06B,$-0.77B,-5.73%,$0.06B,$3.34B,1.81%,$0.20B,$2.70B,7.57%,$328,$29,$299,$25,$106,$198,$130,$-15,$115,$34,$82,$82,$82,$170,$130,$60,63,$1.40,$1.40,$684,$30,$54,$1016,$58,$0,$2140,$16,$2323,$3339,$217,$1333,$38,$1751,$1968,$0,$35,$-122,$1371,$3339,$57,$147,$263,$411,$-55,$-8,$-38,$10,$-61,$408,$-36,$0,$-829,$0,$0,$0,$-203,$-1068,$885,$0,$885,$16,$16,$0,$-190,$711,$48,$70,$0
16,2014-09-30,160.56,$22.16,7.24,$17.61,9.12,$11.70,13.72,$0.43,373.4,$0.88B,$0.22B,3.93,$1.33B,$1.34B,0.99,$1.08B,$0.97B,89.45%,$1.08B,$0.16B,14.71%,$1.08B,$0.16B,14.71%,$1.08B,$0.29B,27.20%,$1.08B,$0.12B,11.38%,$1.08B,$0.03B,2.96%,$0.03B,$1.34B,2.47%,$0.03B,$-0.93B,-3.86%,$0.03B,$3.35B,1.07%,$0.16B,$2.67B,6.74%,$307,$27,$280,$22,$94,$249,$58,$-8,$50,$24,$26,$26,$26,$98,$58,$60,63,$0.43,$0.41,$575,$38,$18,$879,$44,$0,$2275,$13,$2469,$3348,$224,$1331,$34,$1783,$2007,$0,$-34,$-57,$1341,$3348,$-24,$107,$251,$358,$-51,$-10,$-34,$-4,$-61,$273,$-23,$0,$-829,$0,$0,$0,$-202,$-1053,$888,$0,$888,$18,$18,$0,$-185,$721,$-61,$51,$0
17,2014-06-30,147.01,$21.26,6.92,$16.49,8.91,$11.00,13.37,$1.25,117.61,$0.55B,$0.20B,2.76,$1.19B,$1.28B,0.93,$1.01B,$0.90B,88.97%,$1.01B,$0.20B,20.08%,$1.01B,$0.20B,20.08%,$1.01B,$0.32B,31.51%,$1.01B,$0.17B,16.60%,$1.01B,$0.08B,8.05%,$0.08B,$1.28B,6.37%,$0.08B,$-1.16B,-13.46%,$0.08B,$3.16B,3.01%,$0.20B,$2.47B,9.45%,$291,$31,$261,$20,$101,$217,$74,$-11,$63,$19,$44,$44,$44,$140,$74,$60,62,$0.73,$0.70,$268,$33,$18,$545,$38,$0,$2440,$11,$2611,$3156,$198,$1187,$29,$1678,$1876,$0,$-53,$60,$1280,$3156,$-50,$67,$188,$255,$-22,$-3,$-32,$-9,$-62,$144,$-15,$0,$-829,$0,$0,$0,$-127,$-970,$632,$0,$632,$8,$8,$0,$-181,$458,$-368,$32,$0
18,2014-03-31,138.68,$21.32,6.5,$15.20,9.12,$10.13,13.69,$1.24,111.84,$0.52B,$0.24B,2.17,$1.19B,$1.27B,0.94,$0.92B,$0.82B,88.52%,$0.92B,$0.21B,22.21%,$0.92B,$0.21B,22.21%,$0.92B,$0.27B,29.69%,$0.92B,$0.17B,18.42%,$0.92B,$0.08B,8.56%,$0.08B,$1.27B,6.34%,$0.08B,$-1.25B,-23.69%,$0.08B,$3.20B,3.25%,$0.21B,$2.46B,10.50%,$247,$31,$216,$18,$106,$314,$-67,$-10,$-77,$17,$-94,$-94,$-93,$-65,$-67,$59,59,$-1.58,$-1.58,$251,$37,$24,$517,$30,$0,$2520,$9,$2679,$3196,$238,$1189,$25,$1692,$1930,$0,$-74,$71,$1267,$3196,$-94,$1,$173,$174,$-16,$-3,$9,$-8,$-11,$69,$-4,$0,$-829,$0,$0,$0,$-125,$-957,$634,$0,$634,$21,$21,$0,$-158,$498,$-391,$14,$0
19,2013-12-31,126.56,$22.39,5.65,$14.18,8.93,$10.13,12.49,$3.53,35.85,$0.87B,$0.20B,4.24,$0.54B,$1.30B,0.42,$0.87B,$0.77B,88.30%,$0.87B,$0.34B,38.99%,$0.87B,$0.34B,38.99%,$0.87B,$0.43B,48.97%,$0.87B,$0.31B,35.32%,$0.87B,$0.22B,24.66%,$0.22B,$1.30B,17.63%,$0.22B,$0.03B,-452.63%,$0.22B,$2.24B,10.09%,$0.34B,$1.84B,19.62%,$236,$26,$210,$14,$81,$141,$94,$-7,$87,$32,$55,$55,$55,$121,$94,$58,62,$0.95,$0.88,$637,$29,$34,$865,$14,$0,$1263,$7,$1374,$2238,$204,$544,$20,$739,$943,$0,$19,$56,$1296,$2238,$216,$87,$66,$153,$-49,$-9,$5,$-4,$-81,$288,$-10,$-1,$0,$0,$0,$0,$-5,$-16,$88,$0,$88,$-106,$-106,$0,$-6,$-24,$249,$45,$0
20,2013-09-30,91.97,$21.52,4.27,$13.40,6.86,$9.66,9.52,$5.91,15.56,$0.81B,$0.20B,3.98,$0.55B,$1.24B,0.44,$0.82B,$0.72B,87.56%,$0.82B,$0.31B,38.17%,$0.82B,$0.31B,38.17%,$0.82B,$0.40B,48.29%,$0.82B,$0.28B,33.90%,$0.82B,$0.36B,44.02%,$0.36B,$1.24B,30.71%,$0.36B,$-0.03B,-348.79%,$0.36B,$2.19B,17.49%,$0.31B,$1.79B,18.86%,$232,$24,$208,$12,$75,$132,$101,$-7,$94,$18,$75,$75,$75,$121,$101,$58,62,$1.30,$1.23,$588,$25,$19,$810,$12,$0,$1271,$6,$1375,$2185,$203,$546,$17,$738,$942,$0,$-2,$45,$1244,$2185,$161,$61,$45,$106,$-38,$-3,$7,$-5,$-57,$209,$-7,$-1,$0,$0,$0,$0,$-5,$-13,$89,$0,$89,$-79,$-79,$0,$-5,$5,$201,$32,$0
21,2013-06-30,68.73,$20.21,3.4,$12.51,5.5,$8.67,7.92,$5.23,13.14,$0.73B,$0.18B,3.98,$0.55B,$1.18B,0.47,$0.76B,$0.65B,85.47%,$0.76B,$0.27B,34.95%,$0.76B,$0.27B,34.95%,$0.76B,$0.35B,46.07%,$0.76B,$0.23B,30.10%,$0.76B,$0.32B,41.75%,$0.32B,$1.18B,29.37%,$0.32B,$-0.09B,-156.37%,$0.32B,$2.09B,16.37%,$0.27B,$1.72B,17.30%,$208,$25,$183,$9,$78,$131,$77,$-11,$66,$24,$42,$42,$42,$97,$77,$59,62,$0.72,$0.69,$504,$28,$20,$734,$11,$0,$1262,$6,$1360,$2094,$184,$547,$13,$734,$918,$0,$-29,$19,$1175,$2094,$86,$40,$34,$74,$-39,$-6,$5,$-11,$-81,$79,$-5,$-1,$0,$0,$0,$0,$-4,$-10,$90,$0,$90,$-38,$-38,$0,$-2,$51,$117,$20,$0
22,2013-03-31,55.91,$19.74,2.83,$11.18,5.0,$9.10,6.14,$4.99,11.2,$0.65B,$0.24B,2.66,$0.42B,$1.16B,0.36,$0.68B,$0.58B,85.59%,$0.68B,$0.23B,33.68%,$0.68B,$0.23B,33.68%,$0.68B,$0.31B,45.59%,$0.68B,$0.20B,29.71%,$0.68B,$0.30B,44.71%,$0.30B,$1.16B,30.40%,$0.30B,$-0.11B,-95.67%,$0.30B,$2.01B,16.43%,$0.23B,$1.58B,16.00%,$196,$27,$169,$7,$71,$128,$68,$-7,$61,$18,$43,$43,$43,$88,$68,$58,62,$0.74,$0.71,$451,$23,$21,$647,$8,$0,$1271,$5,$1362,$2010,$244,$419,$10,$604,$848,$0,$-17,$11,$1162,$2010,$43,$20,$16,$36,$-19,$1,$16,$-4,$-10,$70,$-1,$-1,$0,$0,$0,$0,$-4,$-6,$-6,$0,$-6,$10,$10,$0,$-1,$3,$63,$9,$0
23,2012-12-31,53.25,$19.33,2.76,$9.75,5.46,$8.40,6.34,$4.76,11.19,$0.55B,$0.19B,2.88,$0.43B,$1.12B,0.38,$0.59B,$0.51B,86.54%,$0.59B,$0.20B,33.56%,$0.59B,$0.20B,33.56%,$0.59B,$0.27B,46.17%,$0.59B,$0.18B,30.15%,$0.59B,$0.29B,49.23%,$0.29B,$1.12B,31.93%,$0.29B,$-0.19B,-122.20%,$0.29B,$1.97B,18.39%,$0.20B,$1.55B,15.99%,$184,$26,$158,$7,$61,$116,$67,$-10,$57,$-109,$166,$166,$201,$90,$67,$57,60,$3.52,$3.31,$387,$27,$19,$552,$7,$0,$1313,$4,$1415,$1966,$192,$427,$41,$654,$845,$0,$-61,$31,$1121,$1966,$289,$74,$-108,$-34,$-5,$2,$-7,$-23,$-5,$250,$-6,$-17,$-449,$76,$0,$76,$0,$-395,$439,$0,$439,$25,$25,$0,$-16,$449,$305,$23,$0
24,2012-09-30,57.0,$15.31,3.72,$8.48,6.72,$7.56,7.54,$2.27,25.11,$0.39B,$0.18B,2.16,$0.44B,$0.89B,0.49,$0.49B,$0.43B,88.30%,$0.49B,$0.17B,34.50%,$0.49B,$0.17B,34.50%,$0.49B,$0.22B,45.38%,$0.49B,$0.16B,32.24%,$0.49B,$0.13B,25.67%,$0.13B,$0.89B,18.57%,$0.13B,$-0.43B,-81.30%,$0.13B,$1.73B,10.93%,$0.17B,$1.32B,18.81%,$176,$33,$143,$7,$61,$120,$55,$-9,$46,$13,$34,$34,$33,$77,$55,$58,61,$0.58,$0.55,$190,$30,$69,$385,$7,$0,$1315,$20,$1342,$1727,$179,$436,$38,$662,$841,$0,$-261,$14,$886,$1727,$88,$52,$26,$77,$-18,$2,$-3,$-14,$-20,$145,$-5,$-11,$-543,$76,$0,$76,$0,$-482,$445,$0,$445,$21,$21,$0,$-21,$445,$108,$15,$0
25,2012-06-30,45.01,$14.45,3.11,$7.15,6.29,$7.53,5.98,$2.41,18.68,$0.30B,$0.19B,1.56,$0.44B,$0.83B,0.53,$0.38B,$0.36B,92.71%,$0.38B,$0.15B,38.28%,$0.38B,$0.15B,38.28%,$0.38B,$0.18B,46.88%,$0.38B,$0.14B,37.24%,$0.38B,$0.12B,32.29%,$0.12B,$0.83B,25.48%,$0.12B,$-0.54B,-501.01%,$0.12B,$1.70B,16.24%,$0.15B,$1.28B,24.58%,$124,$12,$112,$2,$57,$85,$39,$-2,$38,$7,$31,$31,$27,$55,$39,$57,61,$0.48,$0.45,$155,$48,$14,$300,$5,$0,$1374,$19,$1398,$1698,$192,$444,$37,$674,$866,$0,$-295,$-0,$831,$1698,$55,$30,$9,$39,$-7,$1,$11,$-14,$7,$101,$-2,$-10,$-543,$76,$0,$76,$0,$-479,$451,$0,$451,$19,$19,$0,$-19,$450,$72,$9,$0
26,2012-03-31,48.47,$13.78,3.52,$6.49,7.47,$7.22,6.71,$2.67,18.15,$0.33B,$0.11B,3.13,$0.00B,$0.78B,0.0,$0.33B,$0.31B,93.85%,$0.33B,$0.14B,43.69%,$0.33B,$0.14B,43.69%,$0.33B,$0.16B,49.54%,$0.33B,$0.14B,42.46%,$0.33B,$0.13B,40.00%,$0.13B,$0.78B,42.69%,$0.13B,$0.22B,106.56%,$0.13B,$0.90B,33.55%,$0.14B,$0.78B,46.63%,$103,$8,$95,$4,$44,$67,$36,$0,$36,$6,$30,$30,$28,$49,$36,$54,58,$0.51,$0.48,$244,$17,$4,$327,$2,$0,$566,$0,$568,$895,$105,$0,$1,$9,$114,$0,$-322,$0,$782,$895,$28,$14,$4,$18,$-9,$-0,$5,$-10,$-21,$24,$-0,$-1,$82,$2,$0,$2,$0,$83,$0,$0,$0,$5,$5,$0,$-23,$-18,$89,$3,$0
27,2011-12-31,38.63,$4.54,8.51,$5.84,6.62,$7.34,5.26,$2.67,14.47,$0.20B,$0.05B,3.77,$0.00B,$0.19B,0.0,$0.27B,$0.26B,94.51%,$0.27B,$0.13B,47.25%,$0.27B,$0.13B,47.25%,$0.27B,$0.14B,50.18%,$0.27B,$0.12B,45.42%,$0.27B,$0.12B,45.42%,$0.12B,$0.19B,100.00%,$0.12B,$0.14B,181.02%,$0.12B,$0.25B,61.31%,$0.13B,$0.19B,99.81%,$84,$4,$80,$4,$36,$46,$38,$-0,$37,$0,$37,$37,$37,$40,$38,$41,47,$0.89,$0.79,$158,$4,$1,$199,$2,$0,$53,$0,$54,$254,$53,$0,$0,$8,$61,$0,$-350,$-0,$193,$254,$125,$8,$22,$30,$-12,$1,$2,$-6,$-4,$152,$-1,$-5,$0,$-76,$0,$-76,$0,$-81,$-42,$-7,$-49,$16,$16,$0,$-0,$-33,$37,$21,$0
28,2011-09-30,41.5,$3.35,12.38,$5.40,7.68,$5.61,7.4,$2.44,17.01,$0.15B,$0.06B,2.64,$0.00B,$0.14B,0.0,$0.24B,$0.23B,93.80%,$0.24B,$0.12B,48.35%,$0.24B,$0.12B,48.35%,$0.24B,$0.13B,51.65%,$0.24B,$0.11B,45.87%,$0.24B,$0.11B,45.87%,$0.11B,$0.14B,132.93%,$0.11B,$0.09B,426.92%,$0.11B,$0.21B,64.25%,$0.12B,$0.14B,123.48%,$73,$4,$69,$3,$31,$40,$34,$-1,$32,$0,$32,$32,$32,$36,$34,$42,47,$0.77,$0.69,$113,$4,$1,$152,$1,$0,$55,$0,$56,$208,$58,$0,$1,$9,$66,$0,$-387,$-0,$141,$208,$88,$6,$11,$17,$-9,$1,$5,$-6,$3,$108,$-1,$-3,$0,$-12,$0,$-12,$0,$-16,$-42,$-7,$-49,$13,$13,$0,$-0,$-36,$56,$10,$0
29,2011-06-30,33.35,$2.43,13.7,$4.93,6.77,$4.18,7.97,$2.07,16.11,$0.14B,$0.08B,1.67,$0.00B,$0.10B,0.0,$0.21B,$0.20B,93.46%,$0.21B,$0.10B,45.33%,$0.21B,$0.10B,45.33%,$0.21B,$0.11B,49.07%,$0.21B,$0.09B,42.99%,$0.21B,$0.09B,42.99%,$0.09B,$0.10B,191.67%,$0.09B,$0.05B,-800.00%,$0.09B,$0.19B,62.27%,$0.10B,$0.10B,145.86%,$65,$3,$61,$3,$22,$31,$34,$-1,$33,$0,$33,$33,$33,$36,$34,$41,47,$0.81,$0.71,$102,$5,$0,$136,$1,$0,$57,$0,$57,$193,$81,$0,$2,$10,$92,$0,$-420,$0,$102,$193,$55,$4,$7,$11,$-3,$0,$2,$-6,$-4,$62,$-0,$-2,$0,$0,$0,$0,$0,$-2,$-8,$-3,$-12,$9,$9,$0,$0,$-2,$58,$7,$0
30,2011-03-31,31.85,$1.47,21.6,$4.68,6.8,$3.35,9.52,$1.18,26.99,$0.10B,$0.06B,1.54,$0.02B,$0.06B,0.34,$0.19B,$0.18B,93.65%,$0.19B,$0.07B,39.15%,$0.19B,$0.07B,39.15%,$0.19B,$0.08B,43.39%,$0.19B,$0.05B,28.04%,$0.19B,$0.05B,28.04%,$0.05B,$0.06B,286.49%,$0.05B,$0.00B,-123.98%,$0.05B,$0.15B,42.83%,$0.07B,$0.08B,164.44%,$51,$3,$48,$4,$20,$28,$23,$-1,$22,$0,$22,$22,$22,$25,$23,$40,46,$0.54,$0.48,$65,$5,$0,$95,$1,$0,$58,$0,$59,$154,$61,$21,$3,$33,$94,$0,$-453,$0,$60,$154,$22,$2,$3,$5,$1,$0,$1,$-4,$-3,$24,$-0,$-1,$0,$0,$0,$0,$0,$-1,$-4,$-3,$-8,$5,$5,$0,$0,$-3,$20,$3,$0
31,2010-12-31,19.68,$0.76,25.74,$4.58,4.3,$3.00,6.57,$0.74,26.59,$0.07B,$0.06B,1.24,$0.03B,$0.03B,0.81,$0.17B,$0.16B,93.06%,$0.17B,$0.06B,33.53%,$0.17B,$0.06B,33.53%,$0.17B,$0.07B,38.73%,$0.17B,$0.03B,18.50%,$0.17B,$0.03B,18.50%,$0.03B,$0.03B,-232.73%,$0.03B,$-0.03B,-41.56%,$0.03B,$0.14B,28.57%,$0.06B,$0.06B,210.91%,$53,$5,$49,$4,$17,$28,$26,$-1,$24,$0,$24,$24,$24,$28,$26,$36,39,$0.69,$0.65,$45,$5,$0,$74,$1,$0,$60,$0,$61,$136,$60,$25,$11,$45,$105,$0,$-475,$0,$31,$136,$33,$9,$23,$32,$-10,$-2,$1,$-5,$-6,$59,$-1,$-4,$0,$0,$0,$0,$3,$-2,$-79,$-2,$-81,$62,$62,$0,$-8,$-28,$29,$8,$0
32,2010-09-30,10.73,$-0.02,-518.36,$4.50,2.39,$0.99,10.83,$0.35,30.66,$0.05B,$0.06B,0.77,$0.03B,$-0.00B,-35.62,$0.16B,$0.15B,93.67%,$0.16B,$0.04B,27.22%,$0.16B,$0.04B,27.22%,$0.16B,$0.05B,33.54%,$0.16B,$0.01B,8.86%,$0.16B,$0.01B,8.86%,$0.01B,$-0.00B,-35.22%,$0.01B,$-0.06B,-13.37%,$0.01B,$0.11B,13.37%,$0.04B,$0.03B,235.62%,$45,$3,$42,$7,$18,$30,$14,$-1,$13,$0,$13,$13,$13,$16,$14,$39,42,$0.34,$0.32,$23,$4,$1,$45,$1,$0,$62,$0,$63,$108,$58,$29,$13,$51,$109,$0,$-499,$0,$-1,$108,$8,$7,$21,$27,$-2,$-1,$2,$-3,$0,$36,$-1,$-3,$0,$0,$0,$0,$3,$-1,$-75,$-2,$-77,$58,$58,$0,$-8,$-28,$7,$6,$0
33,2010-06-30,7.83,$-0.42,-18.67,$4.42,1.77,$-0.43,0.0,$-0.02,0.0,$0.03B,$0.06B,0.57,$0.03B,$-0.02B,-2.01,$0.14B,$0.13B,93.06%,$0.14B,$0.03B,22.92%,$0.14B,$0.03B,22.92%,$0.14B,$0.04B,29.86%,$0.14B,$-0.00B,-0.69%,$0.14B,$-0.00B,-0.69%,$-0.00B,$-0.02B,1.67%,$-0.00B,$-0.08B,0.79%,$-0.00B,$0.10B,-0.97%,$0.03B,$0.02B,169.23%,$40,$3,$38,$8,$17,$30,$11,$-17,$-6,$0,$-6,$-6,$-6,$13,$11,$35,35,$-0.18,$-0.18,$10,$4,$1,$32,$1,$0,$64,$0,$65,$97,$56,$33,$15,$57,$114,$0,$-513,$0,$-16,$97,$-5,$5,$18,$23,$-2,$-1,$4,$-3,$-0,$18,$-0,$-2,$0,$0,$0,$0,$2,$-0,$-71,$-2,$-73,$58,$58,$0,$-8,$-23,$-6,$4,$0
34,2010-03-31,10.9,$-2.19,-4.98,$4.56,2.39,$-1.13,0.0,$0.23,47.39,$0.04B,$0.07B,0.55,$0.08B,$-0.07B,-1.16,$0.14B,$0.13B,92.91%,$0.14B,$0.03B,21.28%,$0.14B,$0.03B,21.28%,$0.14B,$0.04B,28.37%,$0.14B,$0.01B,4.96%,$0.14B,$0.01B,4.96%,$0.01B,$-0.07B,-8.95%,$0.01B,$-0.14B,-4.75%,$0.01B,$0.11B,6.59%,$0.03B,$0.01B,136.36%,$35,$3,$32,$6,$17,$28,$7,$-6,$1,$0,$1,$1,$1,$10,$7,$31,35,$0.05,$0.04,$20,$4,$1,$39,$1,$0,$66,$1,$68,$107,$70,$80,$16,$106,$176,$0,$-506,$0,$-69,$107,$1,$2,$3,$5,$0,$-0,$2,$-3,$-0,$7,$-0,$-1,$0,$0,$0,$0,$2,$1,$-3,$-2,$-5,$1,$1,$0,$0,$-4,$3,$2,$0
35,2009-12-31,7.88,$-2.33,-3.38,$4.32,1.82,$-1.50,0.0,$-0.26,0.0,$0.04B,$0.06B,0.62,$0.09B,$-0.07B,-1.25,$0.13B,$0.12B,92.97%,$0.13B,$0.02B,12.50%,$0.13B,$0.02B,12.50%,$0.13B,$0.03B,19.53%,$0.13B,$-0.01B,-5.47%,$0.13B,$-0.01B,-5.47%,$-0.01B,$-0.07B,8.33%,$-0.01B,$-0.14B,4.51%,$-0.01B,$0.11B,-6.54%,$0.02B,$0.02B,-426.67%,$38,$3,$36,$6,$16,$27,$11,$-6,$6,$0,$6,$6,$6,$14,$11,$30,30,$0.20,$0.20,$19,$3,$1,$37,$1,$0,$68,$1,$70,$107,$59,$91,$20,$121,$180,$0,$-508,$0,$-73,$107,$-7,$9,$9,$18,$-6,$1,$-4,$-12,$-27,$-16,$-0,$-6,$0,$1,$0,$1,$-1,$-6,$0,$6,$6,$7,$7,$0,$0,$13,$-9,$6,$0
36,2009-09-30,8.02,$-2.66,-3.01,$3.81,2.11,$-6.11,0.0,$-2.47,0.0,$0.03B,$0.04B,0.77,$0.12B,$-0.08B,-1.4,$0.11B,$0.10B,90.00%,$0.11B,$-0.05B,-42.73%,$0.11B,$-0.05B,-42.73%,$0.11B,$-0.04B,-33.64%,$0.11B,$-0.07B,-63.64%,$0.11B,$-0.07B,-63.64%,$-0.07B,$-0.08B,78.65%,$-0.07B,$-0.15B,43.48%,$-0.07B,$0.10B,-63.93%,$-0.05B,$0.03B,149.21%,$31,$2,$28,$8,$15,$27,$4,$-5,$-2,$0,$-2,$-2,$-2,$6,$4,$31,31,$-0.05,$-0.05,$13,$5,$0,$29,$1,$0,$70,$1,$73,$102,$38,$115,$21,$147,$185,$0,$-513,$0,$-82,$102,$-12,$7,$5,$12,$-3,$0,$-0,$-9,$-17,$-18,$-0,$-3,$0,$1,$1,$2,$0,$-1,$0,$-1,$-1,$7,$7,$0,$0,$6,$-13,$4,$0
37,2009-06-30,3.7,$-2.87,-1.29,$3.47,1.07,$-9.72,0.0,$-3.49,0.0,$0.03B,$0.05B,0.65,$0.12B,$-0.09B,-1.29,$0.10B,$0.08B,85.57%,$0.10B,$-0.08B,-81.44%,$0.10B,$-0.08B,-81.44%,$0.10B,$-0.07B,-69.07%,$0.10B,$-0.10B,-100.00%,$0.10B,$-0.10B,-100.00%,$-0.10B,$-0.09B,124.36%,$-0.10B,$-0.16B,61.30%,$-0.10B,$0.11B,-75.19%,$-0.08B,$0.03B,376.19%,$37,$3,$35,$11,$14,$29,$8,$-6,$2,$0,$2,$2,$2,$10,$8,$29,29,$0.07,$0.07,$17,$4,$0,$33,$2,$0,$72,$2,$76,$109,$50,$115,$22,$147,$197,$0,$-512,$0,$-89,$109,$-11,$4,$3,$8,$-3,$1,$-2,$-10,$-3,$-6,$-0,$-1,$0,$1,$0,$1,$1,$1,$0,$-4,$-4,$0,$0,$0,$0,$-4,$-9,$2,$0
38,2009-03-31,0.89,$-3.19,-0.28,$2.83,0.31,$-13.04,0.0,$-5.73,0.0,$0.03B,$0.17B,0.2,$0.00B,$-0.09B,0.0,$0.08B,$0.06B,80.26%,$0.08B,$-0.13B,-176.32%,$0.08B,$-0.13B,-176.32%,$0.08B,$-0.12B,-157.89%,$0.08B,$-0.15B,-198.68%,$0.08B,$-0.15B,-198.68%,$-0.15B,$-0.09B,233.20%,$-0.15B,$-0.17B,97.89%,$-0.15B,$0.11B,-101.68%,$-0.13B,$-0.09B,1675.00%,$22,$2,$20,$11,$14,$29,$-7,$-6,$-13,$0,$-13,$-13,$-13,$-5,$-7,$29,29,$-0.45,$-0.45,$18,$4,$2,$34,$2,$0,$74,$0,$76,$110,$169,$0,$23,$34,$202,$0,$-514,$0,$-92,$110,$-13,$2,$2,$4,$-0,$1,$-1,$0,$4,$-5,$-0,$-1,$0,$1,$0,$1,$1,$1,$0,$-4,$-4,$0,$0,$0,$0,$-4,$-8,$1,$0
39,2008-12-31,1.93,$-3.21,-0.6,$2.69,0.72,$-14.49,0.0,$-7.25,0.0,$0.04B,$0.17B,0.25,$0.00B,$-0.09B,0.0,$0.07B,$0.05B,76.81%,$0.07B,$-0.17B,-247.83%,$0.07B,$-0.17B,-247.83%,$0.07B,$-0.16B,-226.09%,$0.07B,$-0.19B,-268.12%,$0.07B,$-0.19B,-268.12%,$-0.19B,$-0.09B,477.42%,$-0.19B,$-0.16B,134.06%,$-0.19B,$0.12B,-102.35%,$-0.17B,$-0.09B,-367.74%,$20,$3,$16,$15,$20,$71,$-52,$-5,$-57,$0,$-57,$-57,$-57,$-48,$-52,$26,26,$-1.98,$-1.98,$28,$4,$3,$44,$3,$0,$71,$0,$73,$117,$173,$0,$26,$37,$210,$0,$-501,$0,$-93,$117,$-184,$15,$37,$52,$-1,$-2,$3,$9,$2,$-130,$-2,$-21,$0,$3,$-4,$-1,$12,$-12,$38,$0,$38,$26,$26,$0,$0,$64,$-78,$8,$0
40,2008-09-30,4.94,$-1.33,-3.72,$3.04,1.62,$-15.44,0.0,$-7.74,0.0,$0.07B,$0.07B,1.05,$0.11B,$-0.04B,-2.98,$0.06B,$0.05B,76.56%,$0.06B,$-0.18B,-278.13%,$0.06B,$-0.18B,-278.13%,$0.06B,$-0.16B,-256.25%,$0.06B,$-0.19B,-293.75%,$0.06B,$-0.19B,-293.75%,$-0.19B,$-0.04B,10742.86%,$-0.19B,$-0.14B,184.77%,$-0.19B,$0.18B,-92.38%,$-0.18B,$0.08B,-174.08%,$18,$6,$12,$12,$24,$45,$-28,$-1,$-29,$0,$-29,$-29,$-29,$-24,$-28,$27,27,$-1.07,$-1.07,$53,$6,$1,$70,$4,$0,$104,$3,$110,$180,$66,$114,$26,$152,$218,$0,$-444,$-0,$-38,$180,$-127,$11,$3,$15,$-1,$-4,$4,$8,$1,$-111,$-2,$-14,$0,$3,$-4,$-1,$12,$-5,$38,$-0,$38,$25,$25,$0,$0,$63,$-53,$6,$0
41,2008-06-30,7.41,$-1.24,-5.98,$3.29,2.25,$-13.58,0.0,$-7.49,0.0,$0.07B,$0.07B,1.0,$0.11B,$-0.04B,-3.19,$0.07B,$0.06B,85.07%,$0.07B,$-0.17B,-250.75%,$0.07B,$-0.17B,-250.75%,$0.07B,$-0.16B,-231.34%,$0.07B,$-0.18B,-265.67%,$0.07B,$-0.18B,-265.67%,$-0.18B,$-0.04B,-497.90%,$-0.18B,$-0.15B,284.80%,$-0.18B,$0.19B,-79.73%,$-0.17B,$0.08B,-128.98%,$16,$3,$13,$22,$34,$63,$-47,$-5,$-52,$0,$-52,$-52,$-52,$-43,$-47,$24,24,$-2.17,$-2.17,$55,$6,$0,$70,$4,$0,$109,$3,$116,$187,$70,$114,$26,$152,$222,$0,$-415,$0,$-36,$187,$-99,$7,$5,$12,$0,$-4,$6,$-1,$4,$-83,$-2,$-20,$0,$3,$-4,$-2,$12,$-11,$41,$0,$41,$1,$1,$0,$0,$42,$-52,$4,$0
42,2008-03-31,9.02,$0.51,17.85,$4.53,1.99,$-15.23,0.0,$-10.59,0.0,$0.12B,$0.08B,1.6,$0.11B,$0.01B,9.11,$0.07B,$0.06B,87.69%,$0.07B,$-0.16B,-252.31%,$0.07B,$-0.16B,-252.31%,$0.07B,$-0.15B,-233.85%,$0.07B,$-0.17B,-255.38%,$0.07B,$-0.17B,-255.38%,$-0.17B,$0.01B,-215.58%,$-0.17B,$-0.10B,885.33%,$-0.17B,$0.24B,-67.55%,$-0.16B,$0.13B,-101.39%,$15,$2,$12,$21,$33,$58,$-44,$-3,$-47,$0,$-47,$-47,$-47,$-41,$-44,$24,24,$-1.97,$-1.97,$107,$2,$1,$119,$4,$0,$113,$3,$120,$239,$75,$113,$26,$152,$227,$0,$-363,$0,$12,$239,$-47,$3,$3,$5,$0,$0,$6,$-3,$3,$-38,$-0,$-10,$0,$0,$-4,$-4,$12,$-3,$39,$-0,$39,$0,$0,$0,$0,$39,$-2,$2,$0
