,Date,Stock Price,Book Value per Share,Price to Book Ratio,TTM Sales per Share,Price to Sales Ratio,TTM FCF per Share,Price to FCF Ratio,TTM Net EPS,PE Ratio,Current Assets,Current Liabilities,Current Ratio,Long Term Debt,Shareholder's Equity_x,Debt to Equity Ratio,TTM Revenue_x,TTM Gross Profit,Gross Margin,TTM Revenue_y,TTM Operating Income,Operating Margin,TTM Revenue_x,TTM EBIT,EBIT Margin,TTM Revenue_y,TTM EBITDA,EBITDA Margin,TTM Revenue_x,TTM Pre-Tax Income,Pre-Tax Margin,TTM Revenue_y,TTM Net Income_x,Net Margin,TTM Net Income_y,Shareholder's Equity_y,Return on Equity,TTM Net Income_x,Tangible Equity,Return on Tangible Equity,TTM Net Income_y,Total Assets,Return on Assets,TTM Net Income,LT Investments & Debt,Return on Investment,revenue,cost-goods-sold,gross-profit,research-development-expenses,selling-general-administrative-expenses,operating-expenses,operating-income,total-non-operating-income-expense,pre-tax-income,total-provision-income-taxes,income-after-taxes,income-from-continuous-operations,net-income,ebitda,ebit,basic-shares-outstanding,shares-outstanding,eps-basic-net-earnings-per-share,eps-earnings-per-share-diluted,cash-on-hand,inventory,other-current-assets,total-current-assets,net-property-plant-equipment,long-term-investments,goodwill-intangible-assets-total,other-long-term-assets,total-long-term-assets,total-assets,total-current-liabilities,long-term-debt,other-non-current-liabilities,total-long-term-liabilities,total-liabilities,common-stock-net,retained-earnings-accumulated-deficit,comprehensive-income,total-share-holder-equity,total-liabilities-share-holders-equity,net-income-loss,total-depreciation-amortization-cash-flow,other-non-cash-items,total-non-cash-items,change-in-accounts-receivable,change-in-inventories,change-in-accounts-payable,change-in-assets-liabilities,total-change-in-assets-liabilities,cash-flow-from-operating-activities,net-change-in-property-plant-equipment,net-change-in-intangible-assets,net-acquisitions-divestitures,net-change-in-short-term-investments,net-change-in-long-term-investments,net-change-in-investments-total,investing-activities-other,cash-flow-from-investing-activities,net-long-term-debt,net-current-debt,debt-issuance-retirement-net-total,net-common-equity-issued-repurchased,net-total-equity-issued-repurchased,total-common-preferred-stock-dividends-paid,financial-activities-other,cash-flow-from-financial-activities,net-cash-flow,stock-based-compensation,common-stock-dividends-paid
0,2018-09-30,118.94,$19.06,6.24,$74.87,1.59,$7.18,16.57,$7.11,16.73,$1.34B,$1.21B,1.11,$0.82B,$0.00B,0.0,$8.29B,$3.36B,40.57%,$8.29B,$0.71B,8.51%,$8.29B,$0.71B,8.51%,$8.29B,$1.13B,13.60%,$8.29B,$0.67B,8.08%,$8.29B,$0.79B,9.48%,$0.79B,$2.08B,39.82%,$0.79B,$2.08B,39.82%,$0.79B,$4.72B,17.28%,$0.71B,$2.90B,24.93%,$2210,$1323,$887,$0,$604,$2035,$175,$-10,$165,$34,$131,$131,$131,$283,$175,$109,110,$1.20,$1.19,$8,$0,$0,$1342,$3242,$0,$0,$138,$3379,$4722,$1213,$821,$89,$1428,$2641,$0,$0,$0,$2081,$4722,$401,$322,$22,$344,$-175,$0,$77,$5,$33,$778,$-585,$0,$0,$0,$0,$0,$-1,$-586,$0,$-2,$-2,$-118,$-118,$-79,$0,$-198,$-7,$37,$-79
1,2018-06-30,121.31,$18.60,6.52,$71.48,1.7,$8.26,14.68,$6.83,17.76,$1.31B,$1.16B,1.13,$0.76B,$0.00B,0.0,$7.92B,$3.22B,40.62%,$7.92B,$0.70B,8.78%,$7.92B,$0.70B,8.78%,$7.92B,$1.11B,13.95%,$7.92B,$0.66B,8.36%,$7.92B,$0.76B,9.53%,$0.76B,$2.03B,41.44%,$0.76B,$2.03B,42.10%,$0.76B,$4.59B,17.23%,$0.70B,$2.79B,25.35%,$2139,$1265,$874,$0,$552,$1924,$215,$-10,$205,$53,$152,$152,$152,$322,$215,$109,111,$1.39,$1.37,$15,$0,$0,$1307,$3142,$0,$0,$139,$3282,$4589,$1159,$756,$89,$1397,$2556,$0,$0,$0,$2033,$4589,$270,$213,$43,$256,$-99,$0,$34,$-27,$3,$529,$-354,$0,$0,$0,$0,$0,$-1,$-355,$0,$-71,$-71,$-49,$-49,$-53,$0,$-173,$1,$26,$-53
2,2018-03-31,116.68,$17.70,6.59,$67.74,1.72,$9.20,12.69,$6.34,18.4,$1.24B,$1.09B,1.13,$0.75B,$0.00B,0.0,$7.51B,$3.06B,40.69%,$7.51B,$0.64B,8.58%,$7.51B,$0.64B,8.58%,$7.51B,$1.04B,13.85%,$7.51B,$0.61B,8.16%,$7.51B,$0.70B,9.34%,$0.70B,$1.94B,42.09%,$0.70B,$1.94B,42.82%,$0.70B,$4.42B,16.77%,$0.64B,$2.70B,24.47%,$1948,$1143,$805,$0,$530,$1779,$169,$-9,$160,$41,$118,$118,$118,$274,$169,$110,111,$1.08,$1.07,$7,$0,$0,$1236,$3044,$0,$0,$141,$3186,$4422,$1093,$752,$88,$1386,$2479,$0,$0,$0,$1943,$4422,$118,$106,$18,$124,$20,$0,$-11,$-49,$20,$262,$-179,$0,$0,$0,$0,$0,$-0,$-179,$0,$-63,$-63,$-0,$-0,$-26,$0,$-90,$-8,$12,$-26
3,2017-12-31,114.28,$16.76,6.82,$64.71,1.77,$10.19,11.22,$6.19,18.46,$1.34B,$0.92B,1.45,$1.09B,$0.00B,0.0,$7.19B,$2.93B,40.81%,$7.19B,$0.62B,8.68%,$7.19B,$0.62B,8.68%,$7.19B,$1.01B,14.02%,$7.19B,$0.60B,8.29%,$7.19B,$0.69B,9.54%,$0.69B,$1.84B,45.05%,$0.69B,$1.84B,45.91%,$0.69B,$4.47B,17.08%,$0.62B,$2.93B,24.58%,$1990,$1194,$796,$0,$548,$1844,$146,$-6,$140,$-246,$385,$385,$385,$248,$146,$110,111,$3.50,$3.47,$15,$0,$0,$1339,$2983,$0,$0,$143,$3127,$4465,$922,$1086,$77,$1704,$2626,$0,$0,$0,$1839,$4465,$686,$384,$-183,$201,$-166,$0,$85,$69,$-32,$855,$-511,$0,$-137,$0,$0,$0,$-4,$-651,$0,$104,$104,$-198,$-198,$-101,$0,$-196,$8,$38,$-101
4,2017-09-30,110.17,$13.41,8.21,$61.97,1.78,$10.34,10.66,$3.76,29.3,$1.01B,$0.68B,1.48,$1.09B,$0.00B,0.0,$6.92B,$2.85B,41.14%,$6.92B,$0.67B,9.71%,$6.92B,$0.67B,9.71%,$6.92B,$1.05B,15.12%,$6.92B,$0.64B,9.31%,$6.92B,$0.42B,6.05%,$0.42B,$1.47B,29.58%,$0.42B,$1.36B,30.20%,$0.42B,$4.05B,10.78%,$0.67B,$2.56B,27.91%,$1843,$1102,$742,$0,$481,$1678,$165,$-8,$157,$56,$100,$100,$100,$261,$165,$110,111,$0.92,$0.91,$8,$0,$0,$1007,$2876,$0,$114,$57,$3047,$4054,$682,$1085,$69,$1900,$2582,$0,$0,$0,$1472,$4054,$301,$281,$-7,$274,$-113,$0,$100,$58,$54,$629,$-315,$0,$-138,$0,$0,$0,$-4,$-456,$0,$103,$103,$-198,$-198,$-76,$0,$-171,$1,$31,$-76
5,2017-06-30,90.4,$12.86,7.03,$60.22,1.5,$10.37,8.72,$3.82,23.66,$0.91B,$0.61B,1.49,$0.94B,$0.00B,0.0,$6.77B,$2.81B,41.56%,$6.77B,$0.69B,10.20%,$6.77B,$0.69B,10.20%,$6.77B,$1.06B,15.65%,$6.77B,$0.66B,9.80%,$6.77B,$0.43B,6.32%,$0.43B,$1.41B,30.69%,$0.43B,$1.41B,30.70%,$0.43B,$3.78B,11.24%,$0.69B,$2.35B,29.35%,$1727,$1015,$712,$0,$456,$1563,$164,$-7,$156,$58,$98,$98,$98,$257,$164,$110,111,$0.89,$0.88,$7,$0,$0,$908,$2820,$0,$0,$50,$2870,$3778,$608,$943,$66,$1763,$2371,$0,$0,$0,$1408,$3778,$201,$185,$-11,$174,$-4,$0,$13,$47,$68,$443,$-165,$0,$0,$0,$0,$0,$-3,$-169,$0,$-44,$-44,$-179,$-179,$-51,$0,$-274,$1,$23,$-51
6,2017-03-31,90.52,$12.48,7.25,$58.84,1.54,$9.76,9.27,$3.86,23.45,$0.89B,$0.59B,1.52,$0.95B,$0.00B,0.0,$6.66B,$2.79B,41.96%,$6.66B,$0.70B,10.55%,$6.66B,$0.70B,10.55%,$6.66B,$1.07B,16.05%,$6.66B,$0.68B,10.16%,$6.66B,$0.44B,6.54%,$0.44B,$1.37B,31.35%,$0.44B,$1.37B,31.36%,$0.44B,$3.77B,11.49%,$0.70B,$2.32B,29.91%,$1629,$945,$684,$0,$442,$1480,$149,$-7,$143,$40,$103,$103,$103,$242,$149,$111,112,$0.93,$0.92,$12,$0,$0,$893,$2831,$0,$0,$46,$2877,$3770,$587,$951,$68,$1812,$2398,$0,$0,$0,$1372,$3770,$103,$92,$15,$107,$38,$0,$-27,$35,$76,$286,$-91,$0,$0,$0,$0,$0,$-3,$-94,$0,$-30,$-30,$-130,$-130,$-26,$0,$-185,$6,$11,$-26
7,2016-12-31,95.56,$12.70,7.52,$57.70,1.66,$9.69,9.86,$3.82,25.01,$1.07B,$0.70B,1.54,$0.99B,$1.41B,0.7,$6.56B,$2.78B,42.45%,$6.56B,$0.72B,11.00%,$6.56B,$0.72B,11.00%,$6.56B,$1.08B,16.50%,$6.56B,$0.69B,10.59%,$6.56B,$0.43B,6.59%,$0.43B,$1.41B,31.63%,$0.43B,$1.41B,31.64%,$0.43B,$3.95B,11.50%,$0.72B,$2.40B,30.97%,$1721,$1013,$709,$0,$422,$1527,$194,$-6,$188,$71,$118,$118,$118,$286,$194,$112,113,$1.05,$1.04,$6,$19,$190,$1067,$2819,$0,$2,$62,$2883,$3951,$695,$986,$65,$1842,$2537,$2,$3219,$0,$1414,$3951,$432,$362,$97,$458,$-121,$0,$61,$-37,$-36,$854,$-485,$0,$0,$0,$0,$0,$-0,$-485,$0,$-9,$-9,$-267,$-267,$-99,$7,$-368,$1,$41,$-99
8,2016-09-30,79.66,$12.35,6.45,$56.41,1.41,$9.15,8.7,$3.78,21.07,$0.84B,$0.60B,1.4,$0.94B,$0.00B,0.0,$6.46B,$2.77B,42.89%,$6.46B,$0.72B,11.15%,$6.46B,$0.72B,11.15%,$6.46B,$1.08B,16.68%,$6.46B,$0.70B,10.77%,$6.46B,$0.43B,6.68%,$0.43B,$1.39B,32.22%,$0.43B,$1.39B,32.22%,$0.43B,$3.73B,11.72%,$0.72B,$2.33B,31.27%,$1691,$983,$708,$0,$434,$1508,$183,$-6,$176,$67,$109,$109,$109,$274,$183,$113,113,$0.97,$0.97,$5,$0,$0,$842,$2809,$0,$0,$79,$2888,$3730,$601,$944,$69,$1744,$2345,$0,$0,$0,$1385,$3730,$315,$270,$23,$293,$-118,$0,$57,$50,$76,$684,$-359,$0,$0,$0,$0,$0,$-0,$-359,$0,$-65,$-65,$-192,$-192,$-74,$7,$-325,$-0,$30,$-74
9,2016-06-30,79.24,$12.24,6.47,$55.14,1.44,$8.58,9.24,$3.80,20.85,$0.83B,$0.55B,1.5,$0.96B,$0.00B,0.0,$6.35B,$2.74B,43.19%,$6.35B,$0.73B,11.51%,$6.35B,$0.73B,11.51%,$6.35B,$1.08B,17.05%,$6.35B,$0.71B,11.10%,$6.35B,$0.44B,6.88%,$0.44B,$1.38B,33.53%,$0.44B,$1.38B,33.53%,$0.44B,$3.70B,12.06%,$0.73B,$2.34B,32.04%,$1615,$923,$692,$0,$426,$1439,$176,$-6,$169,$64,$105,$105,$105,$266,$176,$113,114,$0.93,$0.92,$11,$0,$0,$827,$2767,$0,$0,$103,$2870,$3697,$553,$958,$65,$1765,$2318,$0,$0,$0,$1379,$3697,$205,$179,$26,$205,$-76,$0,$11,$34,$64,$474,$-258,$0,$0,$0,$0,$0,$-0,$-258,$0,$-62,$-62,$-100,$-100,$-50,$0,$-210,$6,$23,$-50
10,2016-03-31,82.26,$11.42,7.21,$54.01,1.52,$7.98,10.3,$3.76,21.88,$0.82B,$0.58B,1.4,$0.96B,$0.00B,0.0,$6.28B,$2.72B,43.31%,$6.28B,$0.73B,11.62%,$6.28B,$0.73B,11.62%,$6.28B,$1.07B,17.11%,$6.28B,$0.70B,11.20%,$6.28B,$0.44B,6.93%,$0.44B,$1.29B,33.63%,$0.44B,$1.29B,33.63%,$0.44B,$3.65B,12.18%,$0.73B,$2.25B,33.25%,$1529,$854,$674,$0,$418,$1361,$168,$-6,$161,$61,$100,$100,$100,$256,$168,$113,114,$0.89,$0.88,$6,$0,$0,$815,$2739,$0,$0,$93,$2832,$3647,$581,$961,$63,$1780,$2361,$0,$0,$0,$1286,$3647,$100,$88,$26,$115,$-27,$0,$41,$22,$90,$305,$-114,$0,$0,$0,$0,$0,$-0,$-114,$0,$-65,$-65,$-101,$-101,$-25,$0,$-190,$0,$11,$-25
11,2015-12-31,71.42,$11.41,6.26,$52.83,1.35,$7.28,9.81,$3.66,19.51,$0.86B,$0.53B,1.61,$1.00B,$1.30B,0.77,$6.19B,$2.66B,42.96%,$6.19B,$0.72B,11.57%,$6.19B,$0.72B,11.57%,$6.19B,$1.06B,17.05%,$6.19B,$0.69B,11.17%,$6.19B,$0.43B,6.90%,$0.43B,$1.30B,33.07%,$0.43B,$1.30B,33.07%,$0.43B,$3.63B,12.15%,$0.72B,$2.30B,33.98%,$1621,$926,$695,$0,$414,$1428,$193,$-4,$189,$72,$117,$117,$117,$281,$193,$116,117,$1.01,$1.01,$6,$23,$0,$858,$2701,$0,$0,$70,$2772,$3630,$532,$998,$59,$1797,$2329,$2,$2886,$0,$1300,$3630,$427,$340,$116,$456,$8,$0,$9,$-26,$-10,$873,$-556,$0,$0,$0,$0,$0,$-20,$-577,$99,$-28,$71,$-284,$-284,$-97,$13,$-297,$-0,$37,$-97
12,2015-09-30,69.32,$10.90,6.36,$52.53,1.32,$4.46,15.54,$3.58,19.36,$0.77B,$0.54B,1.41,$0.99B,$0.00B,0.0,$6.18B,$2.62B,42.36%,$6.18B,$0.71B,11.43%,$6.18B,$0.71B,11.43%,$6.18B,$1.04B,16.76%,$6.18B,$0.68B,10.99%,$6.18B,$0.42B,6.80%,$0.42B,$1.25B,33.14%,$0.42B,$1.25B,33.14%,$0.42B,$3.52B,12.16%,$0.71B,$2.24B,35.22%,$1586,$904,$682,$0,$402,$1393,$194,$-8,$186,$71,$115,$115,$115,$280,$194,$115,116,$1.00,$0.99,$6,$0,$0,$768,$2671,$0,$0,$81,$2751,$3519,$544,$993,$60,$1726,$2270,$0,$0,$0,$1249,$3519,$310,$251,$20,$272,$-18,$0,$28,$36,$115,$697,$-431,$0,$0,$0,$0,$0,$-20,$-451,$99,$-53,$46,$-234,$-234,$-73,$14,$-247,$-0,$27,$-73
13,2015-06-30,79.5,$11.52,6.9,$52.43,1.52,$2.23,35.65,$3.46,22.98,$0.79B,$0.78B,1.01,$0.64B,$0.00B,0.0,$6.19B,$2.56B,41.37%,$6.19B,$0.68B,11.05%,$6.19B,$0.68B,11.05%,$6.19B,$1.00B,16.20%,$6.19B,$0.66B,10.63%,$6.19B,$0.41B,6.57%,$0.41B,$1.34B,32.68%,$0.41B,$1.34B,32.68%,$0.41B,$3.49B,12.10%,$0.68B,$1.98B,36.37%,$1540,$872,$667,$0,$410,$1366,$174,$-7,$167,$64,$103,$103,$103,$257,$174,$116,118,$0.89,$0.88,$6,$0,$0,$787,$2626,$0,$0,$73,$2699,$3485,$777,$643,$59,$1370,$2146,$0,$0,$0,$1339,$3485,$195,$165,$10,$175,$-11,$0,$18,$15,$84,$454,$-299,$0,$0,$0,$0,$0,$-20,$-319,$0,$-53,$-53,$-34,$-34,$-49,$2,$-135,$-0,$21,$-49
14,2015-03-31,82.5,$10.96,7.53,$52.42,1.57,$0.48,170.74,$3.37,24.48,$0.80B,$0.76B,1.05,$0.63B,$0.00B,0.0,$6.20B,$2.49B,40.18%,$6.20B,$0.67B,10.79%,$6.20B,$0.67B,10.79%,$6.20B,$0.98B,15.76%,$6.20B,$0.64B,10.36%,$6.20B,$0.40B,6.40%,$0.40B,$1.28B,33.62%,$0.40B,$1.28B,33.62%,$0.40B,$3.43B,12.16%,$0.67B,$1.91B,35.70%,$1440,$826,$614,$0,$378,$1285,$155,$-7,$149,$57,$92,$92,$92,$237,$155,$117,118,$0.79,$0.78,$6,$0,$0,$804,$2553,$0,$0,$73,$2625,$3429,$762,$628,$61,$1389,$2152,$0,$0,$0,$1277,$3429,$92,$81,$31,$113,$23,$0,$2,$6,$51,$256,$-141,$0,$0,$0,$0,$0,$-20,$-161,$0,$-65,$-65,$-6,$-6,$-24,$1,$-95,$-0,$10,$-24
15,2014-12-31,81.19,$10.33,7.86,$52.02,1.56,$-0.48,0.0,$3.17,25.61,$0.86B,$0.77B,1.12,$0.68B,$1.21B,0.57,$6.17B,$2.41B,39.05%,$6.17B,$0.63B,10.23%,$6.17B,$0.63B,10.23%,$6.17B,$0.93B,15.02%,$6.17B,$0.60B,9.80%,$6.17B,$0.37B,6.07%,$0.37B,$1.21B,33.14%,$0.37B,$1.21B,33.14%,$0.37B,$3.38B,11.74%,$0.63B,$1.89B,34.06%,$1610,$956,$653,$0,$392,$1427,$183,$-6,$177,$67,$110,$110,$110,$261,$183,$117,118,$0.94,$0.92,$6,$28,$95,$861,$2483,$0,$0,$34,$2517,$3378,$771,$684,$60,$1403,$2174,$2,$2556,$0,$1205,$3378,$375,$294,$108,$403,$-72,$0,$15,$-43,$-131,$647,$-660,$0,$0,$0,$0,$0,$0,$-660,$250,$-19,$231,$-141,$-141,$-94,$17,$13,$0,$35,$-94
16,2014-09-30,71.18,$9.90,7.19,$50.78,1.4,$0.73,96.95,$3.01,23.65,$0.74B,$0.79B,0.93,$0.59B,$0.00B,0.0,$6.03B,$2.32B,38.46%,$6.03B,$0.60B,9.98%,$6.03B,$0.60B,9.98%,$6.03B,$0.89B,14.68%,$6.03B,$0.58B,9.55%,$6.03B,$0.36B,5.90%,$0.36B,$1.16B,32.96%,$0.36B,$1.16B,32.96%,$0.36B,$3.16B,11.69%,$0.60B,$1.75B,34.43%,$1601,$975,$627,$0,$379,$1429,$172,$-7,$165,$63,$102,$102,$102,$248,$172,$117,118,$0.87,$0.87,$6,$0,$0,$738,$2385,$0,$0,$36,$2421,$3159,$790,$587,$65,$1209,$1999,$0,$0,$0,$1160,$3159,$264,$216,$10,$227,$-103,$0,$39,$29,$-5,$486,$-479,$0,$0,$0,$0,$0,$0,$-479,$250,$-114,$136,$-91,$-91,$-70,$18,$-7,$0,$26,$-70
17,2014-06-30,70.74,$9.28,7.63,$49.26,1.44,$1.32,53.43,$2.89,24.48,$0.74B,$0.52B,1.44,$0.87B,$0.00B,0.0,$5.87B,$2.23B,38.09%,$5.87B,$0.58B,9.91%,$5.87B,$0.58B,9.91%,$5.87B,$0.85B,14.53%,$5.87B,$0.56B,9.48%,$5.87B,$0.34B,5.85%,$0.34B,$1.08B,33.13%,$0.34B,$1.08B,33.13%,$0.34B,$3.09B,11.69%,$0.58B,$1.96B,34.87%,$1548,$951,$597,$0,$366,$1389,$159,$-8,$151,$57,$93,$93,$93,$231,$159,$117,119,$0.80,$0.79,$6,$0,$0,$739,$2317,$0,$0,$36,$2352,$3091,$515,$874,$61,$1496,$2010,$0,$0,$0,$1081,$3091,$162,$141,$-4,$137,$-99,$0,$47,$25,$2,$301,$-353,$0,$0,$0,$0,$0,$0,$-353,$250,$-86,$164,$-71,$-71,$-47,$5,$52,$0,$19,$-47
18,2014-03-31,68.78,$9.11,7.55,$47.78,1.44,$2.45,28.11,$2.83,24.3,$0.84B,$0.66B,1.27,$0.75B,$0.00B,0.0,$5.70B,$2.17B,38.00%,$5.70B,$0.57B,9.98%,$5.70B,$0.57B,9.98%,$5.70B,$0.83B,14.58%,$5.70B,$0.55B,9.58%,$5.70B,$0.34B,5.93%,$0.34B,$1.07B,34.12%,$0.34B,$1.07B,34.12%,$0.34B,$3.12B,11.96%,$0.57B,$1.82B,37.40%,$1407,$876,$531,$0,$344,$1290,$117,$-6,$111,$42,$69,$69,$69,$186,$117,$117,119,$0.59,$0.58,$124,$0,$0,$842,$2236,$0,$0,$38,$2274,$3116,$663,$752,$60,$1385,$2048,$0,$0,$0,$1068,$3116,$69,$69,$2,$71,$-67,$0,$35,$8,$19,$159,$-158,$0,$0,$0,$0,$0,$0,$-158,$350,$-209,$141,$0,$0,$-23,$0,$118,$118,$10,$-23
19,2013-12-31,73.72,$8.64,8.54,$46.73,1.58,$3.21,23.0,$2.86,25.78,$0.68B,$0.71B,0.96,$0.46B,$1.01B,0.45,$5.59B,$2.12B,37.98%,$5.59B,$0.58B,10.33%,$5.59B,$0.58B,10.33%,$5.59B,$0.83B,14.88%,$5.59B,$0.55B,9.92%,$5.59B,$0.34B,6.12%,$0.34B,$1.01B,36.29%,$0.34B,$1.01B,36.29%,$0.34B,$2.82B,12.70%,$0.58B,$1.47B,41.71%,$1474,$911,$564,$0,$344,$1321,$154,$-5,$149,$57,$92,$92,$92,$220,$154,$117,119,$0.79,$0.78,$6,$26,$15,$680,$2112,$0,$0,$27,$2139,$2819,$712,$458,$58,$1095,$1807,$2,$2275,$0,$1012,$2819,$342,$253,$75,$328,$-103,$0,$12,$-23,$-97,$574,$-443,$0,$0,$0,$0,$0,$-0,$-443,$-100,$123,$23,$-123,$-123,$-53,$22,$-132,$0,$32,$-53
20,2013-09-30,69.41,$8.32,8.34,$45.53,1.52,$3.59,19.35,$2.79,24.88,$0.65B,$0.69B,0.94,$0.44B,$0.00B,0.0,$5.45B,$2.07B,37.92%,$5.45B,$0.57B,10.39%,$5.45B,$0.57B,10.39%,$5.45B,$0.81B,14.92%,$5.45B,$0.54B,9.97%,$5.45B,$0.33B,6.13%,$0.33B,$0.98B,37.63%,$0.33B,$0.98B,37.63%,$0.33B,$2.71B,12.82%,$0.57B,$1.42B,41.62%,$1436,$894,$542,$0,$327,$1285,$151,$-6,$145,$55,$89,$89,$89,$215,$151,$118,119,$0.76,$0.75,$6,$0,$0,$648,$2037,$0,$0,$27,$2064,$2712,$690,$437,$57,$1042,$1732,$0,$0,$0,$980,$2712,$251,$187,$35,$222,$-119,$0,$37,$18,$-61,$411,$-334,$0,$0,$0,$0,$0,$-0,$-334,$-100,$108,$8,$-74,$-74,$-35,$24,$-77,$0,$24,$-35
21,2013-06-30,68.62,$7.71,8.9,$44.28,1.55,$4.09,16.79,$2.69,25.51,$0.65B,$0.70B,0.93,$0.47B,$0.00B,0.0,$5.31B,$2.01B,37.88%,$5.31B,$0.55B,10.32%,$5.31B,$0.55B,10.32%,$5.31B,$0.79B,14.86%,$5.31B,$0.53B,9.89%,$5.31B,$0.32B,6.08%,$0.32B,$0.90B,38.56%,$0.32B,$0.90B,38.56%,$0.32B,$2.66B,12.74%,$0.55B,$1.38B,40.99%,$1383,$854,$529,$0,$319,$1235,$147,$-6,$141,$53,$88,$88,$88,$210,$147,$117,119,$0.75,$0.73,$6,$0,$0,$652,$1976,$0,$0,$29,$2005,$2656,$699,$474,$53,$1055,$1754,$0,$0,$0,$902,$2656,$161,$123,$13,$136,$-114,$0,$97,$11,$-4,$294,$-212,$0,$0,$0,$0,$0,$-0,$-212,$-50,$37,$-13,$-59,$-59,$-18,$8,$-82,$0,$18,$-18
22,2013-03-31,70.6,$7.45,9.48,$43.16,1.64,$4.15,17.02,$2.63,26.84,$0.62B,$0.73B,0.85,$0.39B,$0.00B,0.0,$5.18B,$1.96B,37.87%,$5.18B,$0.54B,10.38%,$5.18B,$0.54B,10.38%,$5.18B,$0.77B,14.90%,$5.18B,$0.51B,9.92%,$5.18B,$0.32B,6.08%,$0.32B,$0.88B,39.85%,$0.32B,$0.88B,39.85%,$0.32B,$2.59B,12.79%,$0.54B,$1.27B,40.87%,$1292,$806,$486,$0,$300,$1167,$125,$-6,$119,$45,$73,$73,$73,$186,$125,$118,120,$0.62,$0.61,$6,$0,$0,$615,$1941,$0,$0,$29,$1971,$2586,$727,$393,$54,$983,$1710,$0,$0,$0,$876,$2586,$73,$61,$12,$73,$-63,$0,$108,$-4,$60,$207,$-115,$0,$0,$0,$0,$0,$-0,$-115,$-50,$-43,$-93,$0,$0,$0,$1,$-92,$0,$9,$0
23,2012-12-31,56.6,$6.74,8.4,$42.12,1.34,$3.91,14.49,$2.59,21.85,$0.56B,$0.50B,1.1,$0.59B,$0.79B,0.74,$5.06B,$1.93B,38.08%,$5.06B,$0.53B,10.48%,$5.06B,$0.53B,10.48%,$5.06B,$0.76B,15.01%,$5.06B,$0.51B,9.99%,$5.06B,$0.31B,6.13%,$0.31B,$0.79B,42.52%,$0.31B,$0.79B,42.52%,$0.31B,$2.47B,12.93%,$0.53B,$1.38B,40.55%,$1338,$829,$509,$0,$306,$1195,$143,$-5,$138,$54,$84,$84,$84,$202,$143,$118,120,$0.71,$0.70,$6,$23,$10,$555,$1885,$0,$0,$25,$1910,$2465,$503,$585,$53,$1170,$1673,$2,$1985,$0,$792,$2465,$310,$229,$34,$263,$-55,$0,$15,$-5,$-25,$548,$-370,$0,$0,$0,$0,$0,$0,$-370,$-50,$-13,$-63,$-52,$-52,$-83,$20,$-178,$0,$30,$-83
24,2012-09-30,49.08,$6.61,7.43,$40.85,1.2,$3.98,12.35,$2.50,19.63,$0.56B,$0.55B,1.03,$0.55B,$0.00B,0.0,$4.92B,$1.89B,38.30%,$4.92B,$0.51B,10.34%,$4.92B,$0.51B,10.34%,$4.92B,$0.74B,14.93%,$4.92B,$0.48B,9.81%,$4.92B,$0.30B,6.07%,$0.30B,$0.78B,44.43%,$0.30B,$0.78B,44.43%,$0.30B,$2.44B,12.73%,$0.51B,$1.33B,39.78%,$1296,$809,$487,$0,$296,$1163,$133,$-6,$127,$48,$78,$78,$78,$191,$133,$118,120,$0.66,$0.65,$6,$0,$0,$563,$1848,$0,$0,$27,$1875,$2438,$549,$545,$47,$1108,$1657,$0,$0,$0,$781,$2438,$226,$170,$15,$186,$-93,$0,$78,$21,$5,$417,$-279,$0,$0,$0,$0,$0,$-0,$-279,$-50,$-53,$-103,$-4,$-4,$-49,$18,$-138,$0,$22,$-49
25,2012-06-30,56.07,$6.07,9.24,$39.75,1.41,$4.18,13.42,$2.42,23.17,$0.54B,$0.52B,1.03,$0.58B,$0.00B,0.0,$4.80B,$1.86B,38.69%,$4.80B,$0.50B,10.32%,$4.80B,$0.50B,10.32%,$4.80B,$0.72B,14.95%,$4.80B,$0.47B,9.76%,$4.80B,$0.29B,6.05%,$0.29B,$0.71B,48.15%,$0.29B,$0.71B,48.15%,$0.29B,$2.37B,12.72%,$0.50B,$1.29B,39.54%,$1255,$775,$480,$0,$286,$1118,$137,$-7,$130,$50,$80,$80,$80,$193,$137,$117,120,$0.69,$0.67,$6,$0,$0,$540,$1796,$0,$0,$29,$1825,$2365,$524,$579,$50,$1128,$1652,$0,$0,$0,$713,$2365,$148,$112,$-7,$106,$-61,$0,$50,$13,$7,$261,$-171,$0,$0,$0,$0,$0,$0,$-171,$0,$-70,$-70,$5,$5,$-33,$9,$-89,$0,$16,$-33
26,2012-03-31,51.02,$5.38,9.48,$38.62,1.32,$4.22,12.1,$2.28,22.38,$0.54B,$0.54B,0.99,$0.60B,$0.00B,0.0,$4.69B,$1.83B,38.96%,$4.69B,$0.47B,10.04%,$4.69B,$0.47B,10.04%,$4.69B,$0.69B,14.71%,$4.69B,$0.45B,9.48%,$4.69B,$0.28B,5.88%,$0.28B,$0.63B,48.13%,$0.28B,$0.63B,48.13%,$0.28B,$2.32B,12.44%,$0.47B,$1.23B,37.96%,$1166,$716,$449,$0,$277,$1049,$117,$-7,$110,$42,$68,$68,$68,$173,$117,$117,120,$0.58,$0.57,$6,$0,$0,$536,$1761,$0,$0,$26,$1787,$2323,$543,$602,$47,$1149,$1693,$0,$0,$0,$630,$2323,$68,$56,$-9,$47,$-36,$0,$52,$-4,$32,$146,$-84,$0,$0,$0,$0,$0,$0,$-84,$0,$-49,$-49,$1,$1,$-16,$2,$-62,$0,$8,$-16
27,2011-12-31,42.18,$4.85,8.69,$36.95,1.14,$3.89,10.84,$2.11,19.99,$0.51B,$0.44B,1.17,$0.70B,$0.57B,1.23,$4.53B,$1.78B,39.32%,$4.53B,$0.44B,9.81%,$4.53B,$0.44B,9.81%,$4.53B,$0.66B,14.54%,$4.53B,$0.42B,9.19%,$4.53B,$0.26B,5.70%,$0.26B,$0.57B,46.42%,$0.26B,$0.57B,46.42%,$0.26B,$2.27B,12.01%,$0.44B,$1.27B,35.95%,$1205,$736,$469,$0,$291,$1083,$122,$-6,$116,$44,$73,$73,$73,$178,$122,$119,122,$0.62,$0.61,$5,$21,$24,$514,$1727,$0,$0,$27,$1754,$2267,$439,$699,$45,$1261,$1700,$2,$1758,$0,$568,$2267,$257,$214,$130,$344,$-60,$0,$56,$1,$34,$636,$-446,$0,$0,$0,$0,$0,$0,$-446,$0,$97,$97,$-243,$-243,$-62,$16,$-192,$-2,$27,$-62
28,2011-09-30,33.7,$4.26,7.91,$35.05,0.96,$3.92,8.61,$1.96,17.2,$0.48B,$0.49B,0.98,$0.72B,$0.00B,0.0,$4.34B,$1.73B,39.82%,$4.34B,$0.42B,9.65%,$4.34B,$0.42B,9.65%,$4.34B,$0.63B,14.44%,$4.34B,$0.39B,8.96%,$4.34B,$0.24B,5.60%,$0.24B,$0.50B,43.63%,$0.24B,$0.50B,43.63%,$0.24B,$2.16B,11.73%,$0.42B,$1.22B,35.66%,$1171,$713,$458,$0,$285,$1053,$119,$-7,$112,$43,$69,$69,$69,$173,$119,$119,121,$0.58,$0.57,$8,$0,$0,$477,$1656,$0,$0,$29,$1685,$2163,$487,$718,$46,$1178,$1665,$0,$0,$0,$498,$2163,$184,$158,$50,$208,$-73,$0,$83,$32,$96,$488,$-324,$0,$0,$0,$0,$0,$0,$-324,$0,$113,$113,$-244,$-244,$-47,$13,$-164,$0,$18,$-47
29,2011-06-30,43.81,$4.98,8.8,$33.18,1.32,$4.02,10.89,$1.80,24.34,$0.51B,$0.45B,1.14,$0.65B,$0.00B,0.0,$4.16B,$1.69B,40.56%,$4.16B,$0.39B,9.41%,$4.16B,$0.39B,9.41%,$4.16B,$0.60B,14.31%,$4.16B,$0.36B,8.71%,$4.16B,$0.23B,5.44%,$0.23B,$0.60B,38.90%,$0.23B,$0.60B,38.90%,$0.23B,$2.12B,11.19%,$0.39B,$1.25B,34.54%,$1150,$698,$452,$0,$286,$1036,$113,$-7,$107,$41,$66,$66,$66,$166,$113,$120,123,$0.55,$0.53,$11,$0,$0,$508,$1593,$0,$0,$19,$1613,$2121,$446,$649,$43,$1076,$1523,$0,$0,$0,$598,$2121,$116,$104,$20,$123,$-90,$0,$81,$24,$68,$308,$-211,$0,$0,$0,$0,$0,$0,$-211,$0,$10,$10,$-80,$-80,$-31,$9,$-93,$3,$13,$-31
30,2011-03-31,42.14,$4.65,9.06,$31.17,1.35,$4.05,10.4,$1.67,25.23,$0.48B,$0.43B,1.12,$0.65B,$0.00B,0.0,$3.95B,$1.63B,41.37%,$3.95B,$0.37B,9.34%,$3.95B,$0.37B,9.34%,$3.95B,$0.57B,14.41%,$3.95B,$0.34B,8.61%,$3.95B,$0.21B,5.37%,$0.21B,$0.56B,36.92%,$0.21B,$0.56B,36.92%,$0.21B,$2.04B,10.79%,$0.37B,$1.21B,34.58%,$1001,$599,$401,$0,$260,$911,$90,$-8,$81,$31,$50,$50,$50,$141,$90,$121,124,$0.41,$0.40,$5,$0,$0,$476,$1545,$0,$0,$20,$1565,$2040,$425,$649,$40,$1056,$1481,$0,$0,$0,$559,$2040,$50,$51,$-11,$41,$-52,$0,$59,$13,$46,$137,$-112,$0,$0,$0,$0,$0,$-0,$-112,$0,$43,$43,$-54,$-54,$-16,$1,$-26,$-2,$6,$-16
31,2010-12-31,37.75,$4.72,8.0,$29.57,1.28,$4.16,9.08,$1.56,24.2,$0.46B,$0.51B,0.91,$0.45B,$0.57B,0.79,$3.79B,$1.59B,41.80%,$3.79B,$0.35B,9.12%,$3.79B,$0.35B,9.12%,$3.79B,$0.54B,14.31%,$3.79B,$0.32B,8.43%,$3.79B,$0.20B,5.25%,$0.20B,$0.57B,33.02%,$0.20B,$0.57B,33.02%,$0.20B,$1.96B,10.33%,$0.35B,$1.03B,33.98%,$1020,$602,$418,$0,$270,$923,$97,$-8,$89,$31,$58,$58,$58,$147,$97,$125,128,$0.48,$0.46,$8,$17,$32,$463,$1479,$0,$0,$20,$1499,$1962,$510,$454,$39,$879,$1389,$2,$1564,$0,$573,$1962,$200,$197,$60,$257,$-41,$0,$2,$-9,$-29,$428,$-226,$0,$0,$0,$0,$0,$-0,$-226,$249,$-160,$90,$-244,$-244,$-60,$12,$-202,$-0,$21,$-60
32,2010-09-30,31.99,$4.82,6.63,$28.36,1.13,$3.46,9.23,$1.42,22.53,$0.49B,$0.53B,0.93,$0.45B,$0.00B,0.0,$3.65B,$1.53B,41.96%,$3.65B,$0.32B,8.82%,$3.65B,$0.32B,8.82%,$3.65B,$0.52B,14.13%,$3.65B,$0.30B,8.24%,$3.65B,$0.18B,5.01%,$0.18B,$0.59B,29.49%,$0.18B,$0.59B,29.49%,$0.18B,$1.96B,9.63%,$0.32B,$1.04B,30.27%,$986,$571,$415,$0,$274,$895,$91,$-7,$85,$33,$52,$52,$52,$141,$91,$123,126,$0.42,$0.41,$69,$0,$0,$486,$1450,$0,$0,$20,$1470,$1956,$525,$449,$41,$836,$1362,$0,$0,$0,$594,$1956,$142,$147,$15,$162,$-61,$0,$31,$25,$26,$330,$-145,$0,$0,$0,$0,$0,$-0,$-145,$249,$-167,$82,$-170,$-170,$-45,$9,$-124,$61,$15,$-45
33,2010-06-30,30.02,$4.63,6.48,$26.99,1.11,$2.36,12.7,$1.32,22.74,$0.42B,$0.53B,0.8,$0.42B,$0.00B,0.0,$3.50B,$1.47B,42.10%,$3.50B,$0.30B,8.63%,$3.50B,$0.30B,8.63%,$3.50B,$0.49B,14.09%,$3.50B,$0.28B,8.03%,$3.50B,$0.17B,4.89%,$0.17B,$0.57B,27.40%,$0.17B,$0.57B,27.40%,$0.17B,$1.90B,9.11%,$0.30B,$0.99B,27.18%,$943,$543,$400,$0,$260,$851,$91,$-7,$85,$33,$52,$52,$52,$140,$91,$126,129,$0.41,$0.40,$8,$0,$0,$424,$1458,$0,$0,$20,$1477,$1901,$528,$417,$38,$802,$1330,$0,$0,$0,$571,$1901,$90,$97,$12,$109,$-53,$0,$9,$19,$10,$209,$-104,$0,$0,$0,$0,$0,$-0,$-104,$0,$50,$50,$-129,$-129,$-30,$4,$-105,$-0,$11,$-30
34,2010-03-31,32.86,$5.28,6.22,$25.62,1.28,$1.67,19.64,$1.11,29.6,$0.42B,$0.49B,0.87,$0.34B,$0.00B,0.0,$3.33B,$1.41B,42.24%,$3.33B,$0.26B,7.76%,$3.33B,$0.26B,7.76%,$3.33B,$0.45B,13.44%,$3.33B,$0.24B,7.07%,$3.33B,$0.14B,4.30%,$0.14B,$0.67B,22.86%,$0.14B,$0.67B,22.86%,$0.14B,$1.89B,7.70%,$0.26B,$1.01B,22.34%,$845,$491,$353,$0,$238,$777,$67,$-6,$61,$23,$37,$37,$37,$115,$67,$127,130,$0.29,$0.29,$8,$0,$0,$420,$1449,$0,$0,$20,$1469,$1889,$485,$341,$36,$731,$1217,$0,$0,$0,$673,$1889,$37,$48,$15,$63,$-31,$0,$-10,$1,$-13,$87,$-48,$0,$0,$0,$0,$0,$-0,$-48,$0,$-25,$-25,$0,$0,$-15,$1,$-39,$-0,$5,$-15
35,2009-12-31,29.44,$5.06,5.82,$24.77,1.19,$1.58,18.61,$1.06,27.77,$0.39B,$0.27B,1.46,$0.57B,$0.64B,0.88,$3.20B,$1.38B,43.10%,$3.20B,$0.25B,7.74%,$3.20B,$0.25B,7.74%,$3.20B,$0.44B,13.61%,$3.20B,$0.22B,6.99%,$3.20B,$0.14B,4.28%,$0.14B,$0.64B,23.03%,$0.14B,$0.64B,23.03%,$0.14B,$1.86B,7.49%,$0.25B,$1.21B,21.01%,$877,$513,$364,$0,$243,$804,$73,$-3,$70,$29,$42,$42,$42,$120,$73,$127,129,$0.34,$0.31,$8,$17,$8,$392,$1445,$0,$0,$20,$1464,$1857,$269,$565,$36,$944,$1213,$2,$1424,$0,$644,$1857,$136,$189,$57,$246,$-30,$0,$14,$3,$-26,$357,$-242,$0,$0,$8,$0,$8,$-10,$-244,$-69,$1,$-67,$5,$5,$-56,$10,$-108,$5,$18,$-56
36,2009-09-30,29.21,$4.78,6.11,$24.84,1.18,$2.98,9.8,$1.15,25.4,$0.40B,$0.27B,1.5,$0.63B,$0.00B,0.0,$3.21B,$1.40B,43.72%,$3.21B,$0.26B,8.14%,$3.21B,$0.26B,8.14%,$3.21B,$0.45B,14.09%,$3.21B,$0.24B,7.39%,$3.21B,$0.15B,4.61%,$0.15B,$0.61B,26.14%,$0.15B,$0.61B,26.14%,$0.15B,$1.86B,8.16%,$0.26B,$1.23B,22.91%,$834,$478,$356,$0,$238,$763,$71,$-6,$65,$25,$40,$40,$40,$118,$71,$127,130,$0.31,$0.31,$5,$0,$11,$402,$1436,$0,$0,$20,$1456,$1858,$269,$626,$30,$982,$1250,$0,$0,$0,$608,$1858,$95,$142,$49,$191,$-60,$0,$-16,$48,$-37,$248,$-201,$0,$0,$2,$0,$2,$-10,$-209,$-69,$61,$-7,$5,$5,$-42,$7,$-37,$2,$12,$-42
37,2009-06-30,27.66,$4.55,6.08,$26.14,1.06,$4.38,6.31,$1.31,21.12,$0.39B,$0.35B,1.1,$0.59B,$0.00B,0.0,$3.37B,$1.46B,43.25%,$3.37B,$0.30B,8.79%,$3.37B,$0.30B,8.79%,$3.37B,$0.49B,14.57%,$3.37B,$0.27B,7.98%,$3.37B,$0.17B,4.99%,$0.17B,$0.58B,31.40%,$0.17B,$0.58B,31.40%,$0.17B,$1.82B,9.33%,$0.30B,$1.16B,27.21%,$770,$438,$332,$0,$238,$723,$47,$-8,$39,$15,$24,$24,$24,$94,$47,$126,129,$0.19,$0.19,$4,$0,$18,$386,$1415,$0,$0,$20,$1435,$1821,$350,$587,$31,$894,$1244,$0,$0,$0,$577,$1821,$55,$94,$-12,$82,$-28,$0,$-19,$38,$14,$151,$-135,$0,$0,$1,$0,$1,$-10,$-144,$-7,$18,$11,$4,$4,$-28,$6,$-6,$1,$9,$-28
38,2009-03-31,21.74,$4.37,4.97,$27.80,0.78,$4.98,4.36,$1.51,14.4,$0.37B,$0.33B,1.14,$0.56B,$0.00B,0.0,$3.58B,$1.53B,42.67%,$3.58B,$0.34B,9.59%,$3.58B,$0.34B,9.59%,$3.58B,$0.54B,15.16%,$3.58B,$0.31B,8.75%,$3.58B,$0.20B,5.45%,$0.20B,$0.55B,39.22%,$0.20B,$0.55B,39.22%,$0.20B,$1.78B,10.78%,$0.34B,$1.12B,32.44%,$723,$394,$329,$0,$224,$666,$57,$-7,$50,$19,$31,$31,$31,$104,$57,$126,129,$0.24,$0.24,$4,$0,$13,$373,$1391,$0,$0,$18,$1409,$1781,$327,$564,$31,$903,$1230,$0,$0,$0,$551,$1781,$31,$47,$3,$50,$2,$0,$-38,$18,$-7,$73,$-47,$0,$0,$1,$0,$1,$-7,$-53,$-4,$-2,$-5,$0,$0,$-14,$0,$-19,$1,$5,$-14
39,2008-12-31,23.58,$4.20,5.62,$29.04,0.81,$5.22,4.52,$1.55,15.21,$0.40B,$0.41B,0.97,$0.52B,$0.53B,0.97,$3.73B,$1.57B,42.19%,$3.73B,$0.36B,9.60%,$3.73B,$0.36B,9.60%,$3.73B,$0.56B,15.04%,$3.73B,$0.32B,8.66%,$3.73B,$0.20B,5.36%,$0.20B,$0.53B,44.22%,$0.20B,$0.53B,44.22%,$0.20B,$1.79B,10.94%,$0.36B,$1.04B,34.21%,$880,$495,$385,$0,$248,$794,$86,$-3,$83,$30,$53,$53,$53,$136,$86,$125,129,$0.43,$0.42,$2,$18,$27,$396,$1387,$0,$0,$11,$1397,$1793,$408,$515,$30,$857,$1264,$2,$1343,$-1,$529,$1793,$201,$202,$38,$241,$50,$0,$-16,$32,$64,$505,$-211,$0,$0,$6,$0,$6,$2,$-202,$-14,$-273,$-287,$7,$7,$-50,$15,$-315,$-13,$14,$-50
40,2008-09-30,29.83,$3.83,7.78,$29.06,1.03,$3.85,7.75,$1.56,19.12,$0.44B,$0.44B,1.01,$0.55B,$0.00B,0.0,$3.80B,$1.61B,42.41%,$3.80B,$0.37B,9.69%,$3.80B,$0.37B,9.69%,$3.80B,$0.57B,15.12%,$3.80B,$0.32B,8.54%,$3.80B,$0.20B,5.30%,$0.20B,$0.48B,49.54%,$0.20B,$0.48B,49.54%,$0.20B,$1.80B,10.89%,$0.37B,$1.03B,35.35%,$996,$586,$411,$0,$254,$890,$106,$-10,$97,$36,$60,$60,$60,$157,$106,$126,129,$0.48,$0.47,$2,$0,$16,$439,$1354,$0,$0,$11,$1365,$1804,$436,$545,$33,$885,$1321,$0,$0,$0,$483,$1804,$147,$152,$40,$192,$-47,$0,$0,$57,$11,$350,$-122,$0,$0,$5,$0,$5,$-0,$-117,$-11,$-218,$-228,$7,$7,$-38,$14,$-245,$-13,$9,$-38
41,2008-06-30,29.67,$3.39,8.74,$28.01,1.06,$2.80,10.61,$1.47,20.18,$0.47B,$0.50B,0.93,$0.62B,$0.00B,0.0,$3.69B,$1.61B,43.72%,$3.69B,$0.36B,9.70%,$3.69B,$0.36B,9.70%,$3.69B,$0.57B,15.30%,$3.69B,$0.31B,8.40%,$3.69B,$0.19B,5.20%,$0.19B,$0.43B,51.23%,$0.19B,$0.43B,51.23%,$0.19B,$1.86B,10.37%,$0.36B,$1.04B,34.77%,$977,$576,$401,$0,$257,$883,$94,$-11,$83,$32,$51,$51,$51,$145,$94,$125,128,$0.40,$0.39,$1,$0,$26,$466,$1382,$0,$0,$11,$1393,$1860,$503,$616,$35,$931,$1434,$0,$0,$0,$426,$1860,$87,$101,$5,$107,$-50,$0,$11,$43,$10,$204,$-110,$0,$0,$4,$0,$4,$-0,$-106,$-7,$-94,$-101,$4,$4,$-25,$11,$-111,$-14,$6,$-25
42,2008-03-31,27.94,$2.98,9.39,$26.43,1.06,$2.08,13.45,$1.53,18.26,$0.47B,$0.46B,1.03,$0.70B,$0.00B,0.0,$3.57B,$1.62B,45.45%,$3.57B,$0.36B,10.08%,$3.57B,$0.36B,10.08%,$3.57B,$0.57B,15.88%,$3.57B,$0.31B,8.74%,$3.57B,$0.21B,5.74%,$0.21B,$0.37B,50.34%,$0.21B,$0.37B,50.34%,$0.21B,$1.86B,11.11%,$0.36B,$1.07B,35.10%,$878,$501,$377,$0,$254,$806,$72,$-12,$60,$23,$36,$36,$36,$123,$72,$125,128,$0.29,$0.28,$16,$0,$33,$472,$1376,$0,$0,$11,$1386,$1858,$457,$701,$36,$1030,$1487,$0,$0,$0,$371,$1858,$36,$51,$14,$65,$-7,$0,$-1,$19,$16,$117,$-60,$0,$0,$3,$0,$3,$0,$-57,$-4,$-44,$-48,$1,$1,$-12,$1,$-58,$1,$3,$-12
43,2007-12-31,24.41,$2.76,8.86,$25.01,0.98,$2.04,11.95,$1.55,15.75,$0.49B,$0.52B,0.93,$0.68B,$0.34B,1.98,$3.49B,$1.64B,46.85%,$3.49B,$0.37B,10.54%,$3.49B,$0.37B,10.54%,$3.49B,$0.57B,16.45%,$3.49B,$0.33B,9.31%,$3.49B,$0.21B,6.10%,$0.21B,$0.34B,43.76%,$0.21B,$0.34B,43.76%,$0.21B,$1.86B,11.68%,$0.37B,$1.02B,36.76%,$945,$524,$421,$0,$272,$849,$96,$-12,$84,$30,$54,$54,$54,$149,$96,$134,138,$0.43,$0.42,$15,$15,$59,$489,$1359,$0,$0,$15,$1374,$1863,$524,$679,$34,$995,$1520,$2,$1193,$-1,$343,$1863,$213,$205,$23,$228,$16,$0,$15,$12,$17,$458,$-331,$0,$0,$-9,$0,$-9,$-1,$-340,$386,$135,$521,$-596,$-596,$-49,$14,$-110,$8,$9,$-49
44,2007-09-30,23.22,$2.83,8.2,$23.73,0.98,$1.20,19.3,$1.52,15.28,$0.41B,$0.54B,0.77,$0.62B,$0.00B,0.0,$3.40B,$1.63B,48.07%,$3.40B,$0.37B,10.80%,$3.40B,$0.37B,10.80%,$3.40B,$0.57B,16.78%,$3.40B,$0.33B,9.69%,$3.40B,$0.22B,6.39%,$0.22B,$0.36B,36.72%,$0.22B,$0.36B,36.72%,$0.22B,$1.83B,12.05%,$0.37B,$0.98B,37.41%,$892,$477,$415,$0,$267,$796,$96,$-13,$83,$33,$51,$51,$51,$148,$96,$131,134,$0.39,$0.38,$4,$0,$0,$412,$1400,$0,$0,$15,$1415,$1826,$536,$623,$34,$931,$1467,$0,$0,$0,$359,$1826,$159,$152,$5,$157,$-13,$0,$32,$58,$47,$363,$-268,$0,$0,$0,$0,$0,$-1,$-269,$390,$71,$461,$-534,$-534,$-38,$14,$-97,$-3,$6,$-38
45,2007-06-30,25.81,$4.12,6.27,$22.83,1.13,$0.70,36.64,$1.53,16.87,$0.42B,$0.52B,0.82,$0.47B,$0.00B,0.0,$3.36B,$1.63B,48.50%,$3.36B,$0.37B,11.03%,$3.36B,$0.37B,11.03%,$3.36B,$0.57B,16.89%,$3.36B,$0.34B,10.14%,$3.36B,$0.22B,6.66%,$0.22B,$0.56B,33.09%,$0.22B,$0.56B,33.09%,$0.22B,$1.83B,12.64%,$0.37B,$1.03B,38.94%,$856,$446,$410,$0,$263,$760,$96,$-11,$85,$21,$64,$64,$64,$147,$96,$139,142,$0.46,$0.45,$6,$0,$0,$423,$1394,$0,$0,$15,$1409,$1832,$515,$470,$33,$760,$1275,$0,$0,$0,$556,$1832,$108,$100,$-21,$79,$-5,$0,$9,$40,$23,$211,$-210,$0,$0,$0,$0,$0,$-1,$-211,$193,$114,$307,$-295,$-295,$-26,$12,$-1,$-1,$4,$-26
46,2007-03-31,23.03,$4.88,4.72,$22.23,1.04,$1.41,16.35,$1.44,15.99,$0.43B,$0.52B,0.83,$0.29B,$0.00B,0.0,$3.35B,$1.62B,48.55%,$3.35B,$0.37B,11.06%,$3.35B,$0.37B,11.06%,$3.35B,$0.56B,16.77%,$3.35B,$0.35B,10.37%,$3.35B,$0.22B,6.43%,$0.22B,$0.69B,29.92%,$0.22B,$0.69B,29.92%,$0.22B,$1.77B,12.65%,$0.37B,$0.97B,40.17%,$797,$408,$389,$0,$259,$717,$80,$-8,$73,$28,$44,$44,$44,$130,$80,$143,146,$0.31,$0.30,$9,$0,$0,$429,$1329,$0,$0,$15,$1344,$1773,$517,$285,$33,$568,$1085,$0,$0,$0,$689,$1773,$44,$50,$-6,$43,$17,$0,$4,$16,$67,$154,$-95,$0,$0,$0,$0,$0,$-0,$-95,$197,$-144,$53,$-102,$-102,$-13,$5,$-57,$2,$2,$-13
47,2006-12-31,18.16,$5.26,3.46,$21.71,0.84,$1.53,11.84,$1.45,12.52,$0.47B,$0.48B,0.98,$0.18B,$0.76B,0.24,$3.33B,$1.61B,48.38%,$3.33B,$0.37B,11.15%,$3.33B,$0.37B,11.15%,$3.33B,$0.56B,16.71%,$3.33B,$0.35B,10.64%,$3.33B,$0.22B,6.61%,$0.22B,$0.76B,28.90%,$0.22B,$0.76B,28.90%,$0.22B,$1.77B,13.44%,$0.37B,$0.94B,41.02%,$852,$433,$419,$0,$274,$756,$95,$-7,$88,$31,$58,$58,$58,$145,$95,$149,152,$0.39,$0.38,$7,$14,$8,$471,$1284,$0,$0,$15,$1299,$1770,$479,$182,$55,$532,$1010,$2,$1036,$-0,$760,$1770,$220,$184,$12,$196,$-3,$0,$8,$20,$7,$423,$-410,$0,$0,$0,$0,$0,$-1,$-411,$97,$176,$272,$-249,$-249,$-48,$12,$-12,$-0,$7,$-48
