,Date,Stock Price,Book Value per Share,Price to Book Ratio,TTM Sales per Share,Price to Sales Ratio,TTM FCF per Share,Price to FCF Ratio,TTM Net EPS,PE Ratio,Current Assets,Current Liabilities,Current Ratio,Long Term Debt,Shareholder's Equity_x,Debt to Equity Ratio,TTM Revenue_x,TTM Gross Profit,Gross Margin,TTM Revenue_y,TTM Operating Income,Operating Margin,TTM Revenue_x,TTM EBIT,EBIT Margin,TTM Revenue_y,TTM EBITDA,EBITDA Margin,TTM Revenue_x,TTM Pre-Tax Income,Pre-Tax Margin,TTM Revenue_y,TTM Net Income_x,Net Margin,TTM Net Income_y,Shareholder's Equity_y,Return on Equity,TTM Net Income_x,Tangible Equity,Return on Tangible Equity,TTM Net Income_y,Total Assets,Return on Assets,TTM Net Income,LT Investments & Debt,Return on Investment,revenue,cost-goods-sold,gross-profit,research-development-expenses,selling-general-administrative-expenses,operating-expenses,operating-income,total-non-operating-income-expense,pre-tax-income,total-provision-income-taxes,income-after-taxes,income-from-continuous-operations,net-income,ebitda,ebit,basic-shares-outstanding,shares-outstanding,eps-basic-net-earnings-per-share,eps-earnings-per-share-diluted,cash-on-hand,inventory,other-current-assets,total-current-assets,net-property-plant-equipment,long-term-investments,goodwill-intangible-assets-total,other-long-term-assets,total-long-term-assets,total-assets,total-current-liabilities,long-term-debt,other-non-current-liabilities,total-long-term-liabilities,total-liabilities,common-stock-net,retained-earnings-accumulated-deficit,comprehensive-income,total-share-holder-equity,total-liabilities-share-holders-equity,net-income-loss,total-depreciation-amortization-cash-flow,other-non-cash-items,total-non-cash-items,change-in-accounts-receivable,change-in-inventories,change-in-accounts-payable,change-in-assets-liabilities,total-change-in-assets-liabilities,cash-flow-from-operating-activities,net-change-in-property-plant-equipment,net-change-in-intangible-assets,net-acquisitions-divestitures,net-change-in-short-term-investments,net-change-in-long-term-investments,net-change-in-investments-total,investing-activities-other,cash-flow-from-investing-activities,net-long-term-debt,net-current-debt,debt-issuance-retirement-net-total,net-common-equity-issued-repurchased,net-total-equity-issued-repurchased,total-common-preferred-stock-dividends-paid,financial-activities-other,cash-flow-from-financial-activities,net-cash-flow,stock-based-compensation,common-stock-dividends-paid
0,2018-08-31,29.56,$11.93,2.48,$125.30,0.24,$-2.22,0.0,$0.47,62.89,$7.55B,$7.23B,1.04,$2.49B,$1.96B,1.27,$22.10B,$1.71B,7.72%,$22.10B,$0.54B,2.46%,$22.10B,$0.54B,2.46%,$22.10B,$1.32B,5.95%,$22.10B,$0.37B,1.69%,$22.10B,$0.09B,0.39%,$0.09B,$1.96B,3.96%,$0.09B,$1.06B,6.82%,$0.09B,$12.05B,0.75%,$0.54B,$4.46B,12.53%,$5772,$5330,$442,$11,$261,$5618,$154,$-45,$109,$165,$-57,$-57,$-57,$344,$154,$172,175,$-0.32,$-0.32,$1258,$3458,$0,$7550,$3198,$0,$907,$173,$4496,$12046,$7231,$2494,$244,$2851,$10082,$0,$1760,$-19,$1963,$12046,$88,$774,$184,$958,$-316,$-499,$0,$-111,$-111,$934,$-686,$0,$-110,$0,$0,$0,$-2,$-798,$471,$0,$471,$-448,$-448,$-58,$-13,$-47,$68,$91,$-58
1,2018-05-31,28.2,$12.95,2.18,$119.36,0.24,$0.21,132.02,$1.06,26.6,$6.73B,$6.58B,1.02,$2.18B,$2.19B,1.0,$21.35B,$1.69B,7.92%,$21.35B,$0.51B,2.38%,$21.35B,$0.51B,2.38%,$21.35B,$1.28B,5.99%,$21.35B,$0.35B,1.62%,$21.35B,$0.19B,0.89%,$0.19B,$2.19B,8.27%,$0.19B,$1.27B,13.76%,$0.19B,$11.18B,1.68%,$0.51B,$4.36B,12.04%,$5437,$5039,$398,$10,$252,$5324,$113,$-42,$71,$28,$43,$43,$43,$314,$113,$171,173,$0.25,$0.25,$677,$3344,$0,$6732,$3127,$0,$920,$166,$4444,$11176,$6581,$2175,$199,$2409,$8990,$0,$1831,$26,$2186,$11176,$144,$584,$67,$650,$-186,$-380,$0,$-55,$-600,$195,$-573,$0,$-110,$0,$0,$0,$-2,$-685,$375,$0,$375,$-326,$-326,$-44,$-12,$-7,$-512,$75,$-44
2,2018-02-28,26.94,$13.33,2.02,$112.78,0.24,$2.91,9.25,$0.67,40.2,$7.04B,$6.77B,1.04,$2.18B,$2.29B,0.95,$20.40B,$1.62B,7.93%,$20.40B,$0.44B,2.14%,$20.40B,$0.44B,2.14%,$20.40B,$1.20B,5.88%,$20.40B,$0.27B,1.33%,$20.40B,$0.12B,0.60%,$0.12B,$2.29B,5.22%,$0.12B,$1.37B,8.56%,$0.12B,$11.49B,1.10%,$0.44B,$4.48B,10.61%,$5301,$4904,$397,$8,$244,$5172,$130,$-43,$86,$49,$38,$38,$37,$317,$130,$175,177,$0.21,$0.21,$941,$3388,$0,$7036,$3142,$0,$928,$166,$4452,$11488,$6765,$2181,$210,$2429,$9194,$0,$1802,$87,$2294,$11488,$101,$382,$61,$443,$-132,$-418,$0,$-66,$-247,$298,$-308,$0,$-96,$0,$0,$0,$-2,$-406,$135,$0,$135,$-235,$-235,$-30,$-11,$-141,$-249,$60,$-30
3,2017-11-30,28.6,$13.30,2.15,$106.85,0.27,$3.21,8.91,$0.57,50.17,$6.92B,$7.25B,0.96,$1.69B,$2.35B,0.72,$19.55B,$1.58B,8.10%,$19.55B,$0.39B,2.00%,$19.55B,$0.39B,2.00%,$19.55B,$1.16B,5.92%,$19.55B,$0.23B,1.19%,$19.55B,$0.11B,0.54%,$0.11B,$2.35B,4.47%,$0.11B,$1.41B,7.20%,$0.11B,$11.52B,0.99%,$0.39B,$4.04B,9.46%,$5586,$5116,$469,$9,$293,$5440,$146,$-38,$107,$44,$64,$64,$64,$340,$146,$177,180,$0.36,$0.35,$746,$3283,$0,$6922,$3290,$0,$931,$159,$4597,$11520,$7250,$1693,$182,$1925,$9175,$0,$1779,$51,$2345,$11520,$64,$195,$44,$239,$-126,$-321,$0,$-264,$-356,$-54,$-198,$0,$-96,$0,$0,$0,$-1,$-295,$43,$0,$43,$-114,$-114,$-16,$-4,$-91,$-444,$45,$-16
4,2017-08-31,30.99,$13.33,2.33,$103.03,0.3,$4.55,6.81,$0.69,44.91,$6.63B,$6.87B,0.96,$1.61B,$2.37B,0.68,$19.06B,$1.55B,8.11%,$19.06B,$0.41B,2.15%,$19.06B,$0.41B,2.15%,$19.06B,$1.17B,6.15%,$19.06B,$0.26B,1.35%,$19.06B,$0.13B,0.68%,$0.13B,$2.37B,5.46%,$0.13B,$1.48B,8.69%,$0.13B,$11.10B,1.24%,$0.41B,$3.97B,9.70%,$5023,$4597,$426,$8,$242,$4905,$118,$-36,$82,$36,$46,$46,$46,$308,$118,$182,186,$0.26,$0.25,$1190,$2942,$0,$6627,$3229,$0,$893,$142,$4469,$11096,$6871,$1606,$202,$1857,$8728,$0,$1731,$55,$2368,$11096,$127,$760,$112,$873,$-31,$-445,$0,$-11,$257,$1257,$-541,$0,$-37,$0,$0,$0,$-1,$-579,$-45,$0,$-45,$-297,$-297,$-60,$-2,$-405,$278,$49,$-60
5,2017-05-31,29.5,$13.05,2.26,$98.99,0.3,$0.80,37.05,$0.64,46.09,$5.89B,$6.12B,0.96,$1.65B,$2.34B,0.7,$18.47B,$1.44B,7.82%,$18.47B,$0.39B,2.09%,$18.47B,$0.39B,2.09%,$18.47B,$1.14B,6.18%,$18.47B,$0.24B,1.27%,$18.47B,$0.12B,0.66%,$0.12B,$2.34B,5.07%,$0.12B,$1.45B,8.03%,$0.12B,$10.33B,1.18%,$0.39B,$3.99B,8.84%,$4490,$4163,$326,$7,$234,$4446,$43,$-48,$-4,$21,$-26,$-26,$-25,$234,$43,$181,181,$-0.14,$-0.14,$744,$2707,$0,$5893,$3210,$0,$897,$140,$4436,$10330,$6117,$1645,$173,$1870,$7987,$0,$1699,$16,$2343,$10330,$81,$571,$73,$644,$-86,$-216,$0,$72,$-192,$533,$-439,$0,$-37,$0,$0,$0,$-1,$-477,$62,$0,$62,$-237,$-237,$-46,$-1,$-223,$-168,$33,$-46
6,2017-02-28,25.08,$13.31,1.88,$96.52,0.26,$-0.56,0.0,$0.81,30.96,$5.64B,$5.30B,1.06,$2.06B,$2.43B,0.85,$18.29B,$1.44B,7.87%,$18.29B,$0.40B,2.20%,$18.29B,$0.40B,2.20%,$18.29B,$1.15B,6.29%,$18.29B,$0.26B,1.44%,$18.29B,$0.15B,0.83%,$0.15B,$2.43B,6.21%,$0.15B,$1.55B,9.73%,$0.15B,$10.02B,1.49%,$0.40B,$4.48B,9.07%,$4446,$4084,$362,$7,$218,$4362,$83,$-35,$48,$28,$20,$20,$21,$275,$83,$183,185,$0.11,$0.11,$755,$2498,$0,$5637,$3178,$0,$877,$148,$4378,$10015,$5301,$2056,$181,$2287,$7588,$0,$1739,$-9,$2427,$10015,$107,$380,$40,$420,$-78,$-20,$0,$104,$-181,$346,$-302,$0,$-5,$0,$0,$0,$-1,$-308,$-18,$0,$-18,$-151,$-151,$-31,$-1,$-201,$-157,$15,$-31
7,2016-11-30,20.73,$13.06,1.59,$95.27,0.22,$-2.75,0.0,$1.11,18.67,$6.08B,$5.86B,1.04,$2.07B,$2.39B,0.86,$18.25B,$1.48B,8.09%,$18.25B,$0.48B,2.60%,$18.25B,$0.48B,2.60%,$18.25B,$1.20B,6.57%,$18.25B,$0.34B,1.84%,$18.25B,$0.21B,1.15%,$0.21B,$2.39B,8.53%,$0.21B,$1.51B,13.36%,$0.21B,$10.54B,2.07%,$0.48B,$4.46B,10.80%,$5105,$4673,$432,$8,$214,$4939,$166,$-35,$131,$44,$87,$87,$88,$355,$166,$185,188,$0.48,$0.47,$747,$2506,$0,$6083,$3280,$0,$878,$137,$4460,$10544,$5857,$2068,$174,$2295,$8152,$0,$1733,$-53,$2392,$10544,$87,$189,$0,$189,$-171,$-33,$0,$-253,$-124,$152,$-162,$0,$0,$0,$0,$0,$-2,$-164,$-9,$0,$-9,$-123,$-123,$-16,$0,$-148,$-165,$-0,$-16
8,2016-08-31,20.69,$13.14,1.57,$95.05,0.22,$-3.23,0.0,$1.32,15.67,$5.85B,$5.57B,1.05,$2.07B,$2.46B,0.84,$18.35B,$1.53B,8.33%,$18.35B,$0.52B,2.85%,$18.35B,$0.52B,2.85%,$18.35B,$1.22B,6.65%,$18.35B,$0.39B,2.11%,$18.35B,$0.25B,1.38%,$0.25B,$2.46B,10.31%,$0.25B,$1.57B,15.90%,$0.25B,$10.32B,2.52%,$0.52B,$4.53B,12.08%,$4431,$4107,$324,$8,$208,$4337,$94,$-34,$60,$22,$39,$39,$38,$278,$94,$190,193,$0.20,$0.20,$912,$2457,$0,$5848,$3332,$0,$892,$102,$4474,$10323,$5568,$2074,$169,$2297,$7865,$0,$1661,$-40,$2457,$10323,$255,$697,$59,$756,$122,$68,$0,$-199,$-95,$916,$-898,$0,$-242,$0,$0,$0,$-40,$-1180,$458,$0,$458,$-138,$-138,$-62,$-4,$254,$-2,$59,$-62
9,2016-05-31,18.56,$13.13,1.41,$95.94,0.19,$-1.82,0.0,$1.57,11.82,$5.53B,$5.39B,1.03,$1.79B,$2.51B,0.71,$18.60B,$1.58B,8.50%,$18.60B,$0.58B,3.12%,$18.60B,$0.58B,3.12%,$18.60B,$1.24B,6.64%,$18.60B,$0.45B,2.41%,$18.60B,$0.30B,1.63%,$0.30B,$2.51B,12.49%,$0.30B,$1.62B,18.96%,$0.30B,$9.91B,3.07%,$0.58B,$4.30B,14.07%,$4311,$3990,$321,$8,$240,$4251,$60,$-35,$24,$18,$6,$6,$5,$243,$60,$191,193,$0.03,$0.03,$887,$2292,$0,$5533,$3218,$0,$894,$111,$4373,$9906,$5388,$1791,$159,$2007,$7395,$0,$1637,$-46,$2511,$9906,$216,$513,$54,$567,$181,$229,$0,$-139,$-295,$488,$-650,$0,$-206,$0,$0,$0,$-35,$-890,$479,$0,$479,$-54,$-54,$-47,$-2,$376,$-27,$59,$-47
10,2016-02-29,20.18,$13.00,1.55,$95.82,0.21,$-0.17,0.0,$1.91,10.57,$5.57B,$5.37B,1.04,$1.81B,$2.49B,0.73,$18.65B,$1.64B,8.77%,$18.65B,$0.66B,3.51%,$18.65B,$0.66B,3.51%,$18.65B,$1.26B,6.78%,$18.65B,$0.53B,2.83%,$18.65B,$0.37B,1.99%,$0.37B,$2.49B,15.54%,$0.37B,$1.59B,22.94%,$0.37B,$9.90B,3.84%,$0.66B,$4.30B,16.19%,$4404,$4004,$399,$8,$225,$4249,$155,$-34,$121,$42,$78,$78,$79,$323,$155,$191,193,$0.41,$0.41,$883,$2293,$0,$5565,$3180,$0,$896,$108,$4333,$9898,$5373,$1811,$176,$2040,$7413,$0,$1648,$-69,$2485,$9898,$210,$329,$38,$367,$20,$223,$0,$-20,$-505,$73,$-449,$0,$-207,$0,$0,$0,$-34,$-689,$678,$0,$678,$-54,$-54,$-32,$-2,$591,$-31,$45,$-32
11,2015-11-30,24.67,$12.60,1.96,$95.08,0.26,$2.09,11.78,$1.77,13.94,$6.32B,$5.78B,1.09,$1.82B,$2.40B,0.76,$18.56B,$1.61B,8.65%,$18.56B,$0.63B,3.37%,$18.56B,$0.63B,3.37%,$18.56B,$1.19B,6.43%,$18.56B,$0.50B,2.69%,$18.56B,$0.34B,1.85%,$0.34B,$2.40B,14.75%,$0.34B,$1.62B,21.09%,$0.34B,$10.22B,3.68%,$0.63B,$4.22B,15.81%,$5208,$4724,$484,$8,$252,$4993,$215,$-33,$182,$50,$132,$132,$132,$376,$215,$190,193,$0.69,$0.68,$1130,$2504,$0,$6317,$2877,$0,$783,$102,$3904,$10221,$5775,$1818,$172,$2045,$7820,$0,$1585,$-60,$2401,$10221,$132,$161,$16,$177,$-206,$12,$0,$-82,$-163,$145,$-249,$0,$-67,$0,$0,$0,$-28,$-344,$497,$0,$497,$-65,$-65,$-17,$-2,$414,$216,$25,$-17
12,2015-08-31,18.59,$12.16,1.53,$91.43,0.2,$2.61,7.13,$1.46,12.73,$5.87B,$5.67B,1.03,$1.34B,$2.34B,0.57,$17.90B,$1.50B,8.40%,$17.90B,$0.56B,3.10%,$17.90B,$0.56B,3.10%,$17.90B,$1.08B,6.06%,$17.90B,$0.43B,2.41%,$17.90B,$0.28B,1.59%,$0.28B,$2.34B,12.37%,$0.28B,$1.59B,17.37%,$0.28B,$9.59B,3.16%,$0.56B,$3.67B,14.31%,$4681,$4304,$377,$8,$209,$4530,$150,$-29,$121,$30,$91,$91,$88,$294,$150,$194,196,$0.46,$0.44,$914,$2507,$0,$5866,$2804,$0,$746,$90,$3725,$9592,$5674,$1336,$164,$1582,$7257,$0,$1469,$-51,$2335,$9592,$286,$529,$79,$608,$-293,$-483,$0,$138,$347,$1241,$-947,$0,$-167,$0,$0,$0,$-7,$-1121,$-21,$0,$-21,$-75,$-75,$-63,$-3,$-163,$-86,$63,$-63
13,2015-05-31,23.51,$12.03,1.95,$87.58,0.27,$1.29,18.2,$0.88,26.71,$5.50B,$4.73B,1.16,$1.66B,$2.33B,0.71,$17.27B,$1.39B,8.04%,$17.27B,$0.45B,2.62%,$17.27B,$0.45B,2.62%,$17.27B,$0.96B,5.54%,$17.27B,$0.32B,1.88%,$17.27B,$0.17B,0.98%,$0.17B,$2.33B,7.47%,$0.17B,$1.67B,10.33%,$0.17B,$8.97B,1.95%,$0.45B,$3.99B,11.47%,$4359,$3983,$376,$7,$228,$4223,$135,$-31,$104,$32,$72,$72,$72,$271,$135,$194,196,$0.37,$0.37,$963,$2261,$0,$5503,$2593,$0,$659,$117,$3463,$8966,$4727,$1660,$182,$1908,$6635,$0,$1397,$-9,$2331,$8966,$197,$385,$72,$457,$-44,$-254,$0,$52,$229,$883,$-722,$0,$-68,$0,$0,$0,$-7,$-797,$-9,$0,$-9,$-39,$-39,$-48,$-0,$-95,$-37,$53,$-48
14,2015-02-28,20.95,$11.69,1.79,$84.12,0.25,$1.15,18.29,$1.44,14.55,$5.34B,$4.43B,1.21,$1.66B,$2.26B,0.73,$16.70B,$1.23B,7.36%,$16.70B,$0.32B,1.89%,$16.70B,$0.32B,1.89%,$16.70B,$0.80B,4.81%,$16.70B,$0.19B,1.11%,$16.70B,$0.29B,1.71%,$0.29B,$2.26B,12.42%,$0.29B,$1.65B,17.01%,$0.29B,$8.58B,3.35%,$0.32B,$3.93B,7.93%,$4309,$3942,$368,$7,$210,$4184,$125,$-32,$93,$35,$58,$58,$52,$252,$125,$194,195,$0.27,$0.27,$966,$2105,$0,$5342,$2436,$0,$619,$97,$3236,$8578,$4426,$1663,$166,$1888,$6314,$0,$1341,$-1,$2264,$8578,$125,$249,$61,$310,$-98,$-113,$0,$129,$90,$525,$-464,$0,$-2,$0,$0,$0,$5,$-461,$-5,$0,$-5,$-38,$-38,$-32,$0,$-75,$-34,$33,$-32
15,2014-11-30,19.71,$11.66,1.69,$79.50,0.25,$0.15,129.27,$0.98,20.12,$5.74B,$4.72B,1.22,$1.67B,$2.25B,0.74,$15.97B,$1.07B,6.73%,$15.97B,$0.19B,1.21%,$15.97B,$0.19B,1.21%,$15.97B,$0.68B,4.24%,$15.97B,$0.06B,0.39%,$15.97B,$0.20B,1.22%,$0.20B,$2.25B,8.42%,$0.20B,$1.63B,11.51%,$0.20B,$8.87B,2.31%,$0.19B,$3.92B,4.87%,$4550,$4167,$383,$6,$214,$4406,$145,$-32,$113,$40,$73,$73,$72,$267,$145,$194,195,$0.37,$0.37,$922,$2099,$0,$5737,$2314,$0,$621,$108,$3133,$8870,$4723,$1666,$168,$1893,$6616,$0,$1305,$50,$2254,$8870,$72,$122,$38,$161,$-398,$-101,$0,$14,$-44,$189,$-194,$0,$0,$0,$0,$0,$4,$-190,$-3,$0,$-3,$-47,$-47,$-17,$0,$-67,$-79,$18,$-17
16,2014-08-31,20.43,$11.64,1.75,$77.20,0.26,$-0.21,0.0,$1.18,17.31,$5.36B,$4.32B,1.24,$1.67B,$2.26B,0.74,$15.76B,$1.03B,6.50%,$15.76B,$0.20B,1.29%,$15.76B,$0.20B,1.29%,$15.76B,$0.69B,4.38%,$15.76B,$0.07B,0.46%,$15.76B,$0.24B,1.53%,$0.24B,$2.26B,10.22%,$0.24B,$1.63B,14.18%,$0.24B,$8.48B,2.85%,$0.20B,$3.93B,5.06%,$4056,$3794,$262,$7,$178,$4010,$47,$-32,$14,$33,$-18,$-18,$-26,$167,$47,$202,202,$-0.13,$-0.12,$1000,$2008,$0,$5359,$2272,$0,$628,$129,$3121,$8480,$4321,$1670,$167,$1898,$6219,$0,$1246,$87,$2260,$8480,$242,$487,$-186,$302,$-116,$161,$0,$80,$-44,$500,$-463,$0,$531,$0,$0,$0,$-8,$61,$-224,$0,$-224,$-279,$-279,$-68,$-6,$-578,$-11,$11,$-68
17,2014-05-31,17.74,$12.16,1.46,$77.62,0.23,$1.98,8.95,$1.92,9.24,$5.16B,$3.89B,1.33,$1.67B,$2.43B,0.69,$15.96B,$1.04B,6.51%,$15.96B,$0.21B,1.33%,$15.96B,$0.21B,1.33%,$15.96B,$0.70B,4.40%,$15.96B,$0.08B,0.51%,$15.96B,$0.39B,2.47%,$0.39B,$2.43B,16.55%,$0.39B,$1.81B,22.81%,$0.39B,$8.22B,4.56%,$0.21B,$4.10B,5.25%,$3786,$3570,$216,$6,$191,$3787,$-2,$-33,$-34,$19,$-53,$-53,$188,$118,$-2,$202,202,$0.93,$0.93,$1322,$1861,$0,$5157,$2213,$0,$618,$144,$3064,$8221,$3888,$1673,$169,$1903,$5791,$0,$1288,$88,$2430,$8221,$268,$367,$-206,$161,$103,$315,$0,$233,$-19,$409,$-274,$0,$544,$0,$0,$0,$0,$271,$-165,$0,$-165,$-163,$-163,$-52,$6,$-374,$311,$8,$-52
18,2014-02-28,17.37,$11.41,1.52,$79.09,0.22,$3.08,5.63,$1.23,14.13,$4.96B,$3.92B,1.27,$1.68B,$2.32B,0.72,$16.37B,$1.12B,6.84%,$16.37B,$0.31B,1.88%,$16.37B,$0.31B,1.88%,$16.37B,$0.78B,4.75%,$16.37B,$0.18B,1.08%,$16.37B,$0.26B,1.56%,$0.26B,$2.32B,11.01%,$0.26B,$1.70B,14.44%,$0.26B,$8.13B,2.97%,$0.31B,$4.00B,7.70%,$3577,$3364,$213,$7,$165,$3574,$4,$-33,$-30,$3,$-32,$-32,$-39,$125,$4,$205,205,$-0.19,$-0.19,$675,$1822,$0,$4963,$2332,$0,$625,$119,$3166,$8128,$3915,$1675,$160,$1893,$5808,$0,$1116,$95,$2320,$8128,$80,$247,$-1,$246,$187,$343,$0,$193,$-191,$135,$-273,$0,$0,$0,$0,$0,$0,$-273,$-71,$0,$-71,$-97,$-97,$-36,$5,$-199,$-336,$-8,$-36
19,2013-11-30,18.94,$11.71,1.62,$81.81,0.23,$3.49,5.43,$1.85,10.24,$5.61B,$4.68B,1.2,$1.68B,$2.42B,0.69,$16.96B,$1.20B,7.05%,$16.96B,$0.44B,2.58%,$16.96B,$0.44B,2.58%,$16.96B,$0.89B,5.23%,$16.96B,$0.31B,1.82%,$16.96B,$0.38B,2.26%,$0.38B,$2.42B,16.77%,$0.38B,$1.66B,20.87%,$0.38B,$9.03B,4.44%,$0.44B,$4.10B,11.04%,$4343,$4008,$334,$9,$142,$4187,$155,$-34,$122,$20,$102,$102,$118,$281,$155,$205,207,$0.58,$0.57,$769,$2167,$0,$5609,$2474,$0,$763,$96,$3421,$9029,$4679,$1678,$176,$1932,$6612,$0,$1172,$94,$2418,$9029,$118,$126,$-26,$99,$-147,$137,$0,$-7,$-100,$118,$-197,$0,$0,$0,$0,$0,$0,$-197,$-114,$0,$-114,$-33,$-33,$-19,$2,$-164,$-242,$-25,$-19
20,2013-08-31,21.25,$11.59,1.83,$83.13,0.26,$3.81,5.57,$1.79,11.87,$5.82B,$4.86B,1.2,$1.69B,$2.36B,0.72,$17.25B,$1.21B,7.03%,$17.25B,$0.45B,2.62%,$17.25B,$0.45B,2.62%,$17.25B,$0.87B,5.04%,$17.25B,$0.33B,1.90%,$17.25B,$0.37B,2.16%,$0.37B,$2.36B,16.88%,$0.37B,$1.75B,19.66%,$0.37B,$9.15B,4.41%,$0.45B,$4.05B,11.69%,$4250,$3974,$276,$7,$152,$4194,$56,$-33,$23,$-76,$99,$99,$127,$178,$56,$203,208,$0.62,$0.61,$1011,$2119,$0,$5820,$2309,$0,$609,$101,$3334,$9154,$4864,$1690,$153,$1934,$6798,$0,$1071,$81,$2356,$9154,$370,$418,$-31,$387,$1,$50,$0,$-83,$457,$1214,$-721,$0,$-650,$0,$0,$0,$-3,$-1374,$178,$0,$178,$-131,$-131,$-67,$-2,$-23,$-206,$68,$-67
21,2013-05-31,18.61,$10.89,1.71,$78.43,0.24,$2.16,8.6,$1.57,11.86,$5.81B,$4.09B,1.42,$1.65B,$2.21B,0.75,$16.33B,$1.11B,6.78%,$16.33B,$0.47B,2.87%,$16.33B,$0.47B,2.87%,$16.33B,$0.86B,5.24%,$16.33B,$0.35B,2.12%,$16.33B,$0.33B,2.01%,$0.33B,$2.21B,15.31%,$0.33B,$1.99B,17.00%,$0.33B,$8.13B,4.05%,$0.47B,$3.86B,12.33%,$4196,$3899,$298,$6,$147,$4103,$93,$-32,$61,$22,$39,$39,$50,$194,$93,$203,208,$0.25,$0.24,$1352,$2356,$0,$5808,$1940,$0,$214,$75,$2325,$8133,$4090,$1651,$160,$1837,$5926,$0,$961,$99,$2207,$8133,$243,$296,$56,$352,$113,$-86,$0,$-61,$215,$810,$-442,$0,$-10,$0,$0,$0,$-3,$-454,$-15,$0,$-15,$-139,$-139,$-52,$1,$-205,$134,$52,$-52
22,2013-02-28,17.31,$10.75,1.61,$78.31,0.22,$-0.02,0.0,$1.81,9.56,$5.90B,$4.23B,1.4,$1.65B,$2.18B,0.76,$16.38B,$1.14B,6.95%,$16.38B,$0.53B,3.25%,$16.38B,$0.53B,3.25%,$16.38B,$0.91B,5.53%,$16.38B,$0.41B,2.53%,$16.38B,$0.38B,2.31%,$0.38B,$2.18B,18.10%,$0.38B,$1.97B,20.15%,$0.38B,$8.25B,4.80%,$0.53B,$3.83B,14.69%,$4166,$3878,$289,$8,$146,$4033,$133,$-30,$103,$27,$75,$75,$89,$233,$133,$202,207,$0.44,$0.43,$1062,$2497,$0,$5897,$1961,$0,$212,$104,$2350,$8248,$4229,$1654,$162,$1841,$6070,$0,$927,$119,$2178,$8248,$194,$195,$42,$237,$-172,$-223,$0,$-9,$-125,$306,$-362,$0,$-6,$0,$0,$0,$-3,$-371,$87,$0,$87,$-139,$-139,$-35,$1,$-86,$-156,$37,$-35
23,2012-11-30,17.49,$10.27,1.7,$78.13,0.22,$-0.53,0.0,$1.84,9.5,$5.95B,$4.27B,1.39,$1.66B,$2.08B,0.8,$16.45B,$1.17B,7.12%,$16.45B,$0.55B,3.34%,$16.45B,$0.55B,3.34%,$16.45B,$0.91B,5.54%,$16.45B,$0.43B,2.63%,$16.45B,$0.39B,2.36%,$0.39B,$2.08B,18.89%,$0.39B,$1.86B,21.11%,$0.39B,$8.19B,5.08%,$0.55B,$3.73B,15.93%,$4637,$4286,$351,$7,$170,$4467,$170,$-31,$140,$34,$106,$106,$106,$265,$170,$204,208,$0.52,$0.51,$1030,$2466,$0,$5946,$1859,$0,$212,$97,$2239,$8186,$4269,$1656,$161,$1840,$6109,$0,$856,$113,$2076,$8186,$106,$95,$20,$116,$-308,$-195,$0,$10,$-69,$152,$-165,$0,$0,$0,$0,$0,$0,$-165,$-11,$0,$-11,$-146,$-146,$-19,$1,$-175,$-187,$19,$-19
24,2012-08-31,20.87,$10.23,2.04,$76.43,0.27,$-0.38,0.0,$1.87,11.16,$5.64B,$3.86B,1.46,$1.66B,$2.11B,0.79,$16.14B,$1.16B,7.19%,$16.14B,$0.55B,3.41%,$16.14B,$0.55B,3.41%,$16.14B,$0.90B,5.59%,$16.14B,$0.44B,2.70%,$16.14B,$0.40B,2.45%,$0.40B,$2.11B,19.61%,$0.40B,$1.89B,21.68%,$0.40B,$7.80B,5.35%,$0.55B,$3.77B,16.82%,$3327,$3157,$169,$7,$91,$3255,$72,$-30,$42,$22,$20,$20,$83,$163,$72,$206,211,$0.40,$0.39,$1217,$2269,$0,$5639,$1779,$0,$214,$97,$2164,$7803,$3859,$1658,$154,$1837,$5696,$0,$767,$106,$2107,$7803,$396,$353,$97,$450,$-23,$-53,$0,$-144,$-212,$634,$-481,$0,$-125,$0,$0,$0,$0,$-606,$485,$0,$485,$-97,$-97,$-66,$-5,$317,$329,$81,$-66
25,2012-05-31,17.46,$9.81,1.78,$80.07,0.22,$0.68,25.83,$2.00,8.73,$5.34B,$4.05B,1.32,$1.14B,$2.02B,0.57,$17.09B,$1.32B,7.72%,$17.09B,$0.64B,3.77%,$17.09B,$0.64B,3.77%,$17.09B,$0.99B,5.79%,$17.09B,$0.54B,3.13%,$17.09B,$0.43B,2.49%,$0.43B,$2.02B,21.75%,$0.43B,$1.80B,23.82%,$0.43B,$7.37B,5.92%,$0.64B,$3.16B,20.92%,$4251,$3922,$329,$7,$163,$4094,$157,$-28,$129,$27,$102,$102,$101,$245,$157,$206,212,$0.49,$0.48,$742,$2377,$0,$5335,$1659,$0,$216,$77,$2038,$7373,$4051,$1140,$144,$1306,$5357,$0,$701,$109,$2016,$7373,$314,$262,$67,$329,$-23,$-162,$0,$-205,$-451,$192,$-279,$0,$-125,$0,$0,$0,$0,$-404,$250,$0,$250,$-104,$-104,$-49,$-4,$93,$-146,$60,$-49
26,2012-02-29,23.48,$9.77,2.4,$78.99,0.3,$2.07,11.36,$1.99,11.8,$5.11B,$3.85B,1.33,$1.11B,$2.02B,0.55,$17.07B,$1.31B,7.67%,$17.07B,$0.64B,3.75%,$17.07B,$0.64B,3.75%,$17.07B,$0.98B,5.74%,$17.07B,$0.53B,3.12%,$17.07B,$0.43B,2.52%,$0.43B,$2.02B,22.14%,$0.43B,$1.80B,23.98%,$0.43B,$7.17B,6.06%,$0.64B,$3.13B,20.96%,$4236,$3914,$322,$6,$161,$4086,$150,$-28,$122,$24,$98,$98,$98,$238,$150,$207,212,$0.47,$0.46,$707,$2351,$0,$5113,$1658,$0,$223,$79,$2054,$7167,$3851,$1112,$168,$1297,$5148,$0,$618,$169,$2019,$7167,$212,$174,$32,$206,$-1,$-120,$0,$-33,$-413,$5,$-171,$0,$-128,$0,$0,$0,$0,$-299,$208,$0,$208,$-57,$-57,$-32,$1,$120,$-181,$40,$-32
27,2011-11-30,18.37,$9.23,1.99,$76.79,0.24,$3.62,5.08,$1.78,10.32,$5.32B,$4.00B,1.33,$1.11B,$1.92B,0.58,$16.76B,$1.28B,7.65%,$16.76B,$0.60B,3.55%,$16.76B,$0.60B,3.55%,$16.76B,$0.92B,5.51%,$16.76B,$0.49B,2.92%,$16.76B,$0.39B,2.31%,$0.39B,$1.92B,20.48%,$0.39B,$1.80B,21.99%,$0.39B,$7.20B,5.56%,$0.60B,$3.03B,19.85%,$4327,$3987,$340,$6,$158,$4156,$171,$-28,$143,$29,$114,$114,$113,$257,$171,$205,210,$0.55,$0.54,$862,$2385,$0,$5317,$1629,$0,$117,$70,$1882,$7199,$3999,$1113,$156,$1284,$5284,$0,$537,$139,$1916,$7199,$114,$86,$18,$104,$-30,$-173,$0,$-43,$-103,$115,$-95,$0,$1,$0,$0,$0,$0,$-95,$10,$0,$10,$-28,$-28,$-16,$1,$-32,$-27,$19,$-16
28,2011-08-31,15.21,$9.26,1.64,$74.96,0.2,$2.69,5.66,$1.73,8.79,$5.12B,$3.89B,1.32,$1.11B,$1.88B,0.59,$16.52B,$1.25B,7.59%,$16.52B,$0.58B,3.51%,$16.52B,$0.58B,3.51%,$16.52B,$0.90B,5.44%,$16.52B,$0.48B,2.92%,$16.52B,$0.38B,2.31%,$0.38B,$1.88B,20.74%,$0.38B,$1.76B,22.35%,$0.38B,$7.06B,5.64%,$0.58B,$3.00B,19.71%,$4280,$3951,$329,$6,$152,$4115,$166,$-25,$141,$25,$116,$116,$114,$250,$166,$215,221,$0.53,$0.52,$889,$2227,$0,$5116,$1641,$0,$125,$101,$1942,$7058,$3890,$1113,$156,$1284,$5174,$0,$442,$195,$1884,$7058,$383,$319,$126,$445,$48,$-159,$0,$-209,$0,$828,$-436,$0,$3,$0,$6,$6,$0,$-426,$-15,$0,$-15,$-178,$-178,$-60,$-14,$-268,$144,$76,$-60
29,2011-05-31,19.4,$9.11,2.13,$73.31,0.26,$1.09,17.81,$1.48,13.11,$5.08B,$3.74B,1.36,$1.11B,$1.95B,0.57,$16.10B,$1.21B,7.53%,$16.10B,$0.52B,3.21%,$16.10B,$0.52B,3.21%,$16.10B,$0.82B,5.07%,$16.10B,$0.42B,2.63%,$16.10B,$0.33B,2.02%,$0.33B,$1.95B,18.48%,$0.33B,$1.82B,20.00%,$0.33B,$6.96B,4.95%,$0.52B,$3.06B,18.16%,$4228,$3909,$318,$7,$154,$4075,$153,$-26,$127,$22,$104,$104,$105,$235,$153,$216,222,$0.49,$0.47,$911,$2258,$0,$5077,$1593,$0,$129,$87,$1879,$6956,$3736,$1107,$156,$1270,$5006,$0,$343,$190,$1949,$6956,$267,$234,$105,$339,$100,$-187,$0,$-155,$-82,$524,$-307,$0,$3,$0,$6,$6,$0,$-298,$-8,$0,$-8,$8,$8,$-45,$-14,$-60,$167,$60,$-45
30,2011-02-28,19.2,$8.46,2.27,$70.25,0.27,$-0.33,0.0,$1.25,15.36,$4.77B,$3.55B,1.35,$1.10B,$1.81B,0.61,$15.33B,$1.16B,7.55%,$15.33B,$0.46B,3.01%,$15.33B,$0.46B,3.01%,$15.33B,$0.75B,4.89%,$15.33B,$0.37B,2.44%,$15.33B,$0.27B,1.78%,$0.27B,$1.81B,16.50%,$0.27B,$1.66B,17.99%,$0.27B,$6.61B,4.36%,$0.46B,$2.91B,16.95%,$3929,$3632,$296,$7,$142,$3824,$105,$-26,$79,$23,$56,$56,$55,$182,$105,$215,221,$0.26,$0.25,$902,$2160,$0,$4772,$1547,$0,$147,$79,$1841,$6613,$3547,$1101,$155,$1257,$4804,$0,$254,$161,$1808,$6613,$163,$152,$76,$228,$178,$-104,$0,$-25,$-24,$368,$-198,$0,$-29,$0,$6,$6,$0,$-221,$49,$0,$49,$5,$5,$-30,$-14,$10,$158,$40,$-30
31,2010-11-30,13.49,$8.03,1.68,$66.47,0.2,$-1.13,0.0,$1.14,11.84,$4.63B,$3.43B,1.35,$1.10B,$1.71B,0.64,$14.40B,$1.08B,7.53%,$14.40B,$0.42B,2.90%,$14.40B,$0.42B,2.90%,$14.40B,$0.70B,4.87%,$14.40B,$0.34B,2.33%,$14.40B,$0.25B,1.72%,$0.25B,$1.71B,15.74%,$0.25B,$1.58B,17.24%,$0.25B,$6.38B,4.15%,$0.42B,$2.81B,15.93%,$4082,$3772,$311,$6,$142,$3926,$156,$-21,$135,$27,$107,$107,$107,$231,$156,$214,217,$0.50,$0.49,$630,$2158,$0,$4625,$1485,$0,$130,$85,$1759,$6384,$3425,$1099,$149,$1252,$4677,$0,$214,$134,$1707,$6384,$107,$75,$18,$93,$11,$-150,$0,$-18,$-284,$-83,$-99,$0,$-15,$0,$6,$6,$0,$-108,$106,$5,$111,$-9,$-9,$-15,$-9,$78,$-114,$20,$-15
32,2010-08-31,9.11,$7.57,1.2,$62.05,0.15,$-0.11,0.0,$0.78,11.68,$4.65B,$3.61B,1.29,$1.02B,$1.59B,0.64,$13.41B,$1.01B,7.49%,$13.41B,$0.33B,2.45%,$13.41B,$0.33B,2.45%,$13.41B,$0.61B,4.56%,$13.41B,$0.25B,1.84%,$13.41B,$0.17B,1.26%,$0.17B,$1.59B,11.13%,$0.17B,$1.46B,12.29%,$0.17B,$6.37B,2.92%,$0.33B,$2.61B,12.86%,$3861,$3573,$288,$7,$161,$3758,$103,$-20,$83,$24,$59,$59,$59,$169,$103,$214,218,$0.28,$0.27,$744,$2094,$0,$4654,$1451,$0,$133,$75,$1714,$6368,$3605,$1019,$149,$1170,$4775,$0,$123,$122,$1593,$6368,$171,$283,$143,$427,$-247,$-969,$0,$-143,$-170,$427,$-388,$0,$0,$0,$-27,$-27,$-25,$-440,$-49,$3,$-46,$6,$6,$-60,$0,$-100,$-132,$105,$-60
33,2010-05-31,12.1,$7.20,1.68,$57.83,0.21,$1.04,11.62,$0.54,22.4,$4.06B,$2.99B,1.36,$1.04B,$1.51B,0.69,$12.35B,$0.91B,7.35%,$12.35B,$0.27B,2.17%,$12.35B,$0.27B,2.17%,$12.35B,$0.56B,4.50%,$12.35B,$0.17B,1.41%,$12.35B,$0.12B,0.94%,$0.12B,$1.51B,7.84%,$0.12B,$1.37B,8.71%,$0.12B,$5.69B,2.10%,$0.27B,$2.55B,10.64%,$3456,$3193,$262,$6,$151,$3359,$97,$-20,$77,$24,$53,$53,$52,$168,$97,$214,217,$0.24,$0.24,$600,$1782,$0,$4058,$1378,$0,$141,$56,$1635,$5693,$2994,$1038,$148,$1187,$4182,$0,$80,$128,$1512,$5693,$111,$218,$81,$299,$-70,$-608,$0,$-124,$-268,$142,$-238,$0,$0,$0,$0,$0,$0,$-238,$-110,$10,$-100,$1,$1,$-45,$0,$-143,$-276,$68,$-45
34,2010-02-28,13.34,$7.11,1.88,$54.50,0.24,$2.26,5.89,$0.16,83.38,$3.86B,$2.77B,1.39,$1.04B,$1.49B,0.7,$11.51B,$0.80B,6.91%,$11.51B,$0.16B,1.42%,$11.51B,$0.16B,1.42%,$11.51B,$0.45B,3.94%,$11.51B,$0.07B,0.61%,$11.51B,$0.04B,0.30%,$0.04B,$1.49B,2.41%,$0.04B,$1.35B,2.69%,$0.04B,$5.45B,0.65%,$0.16B,$2.53B,6.52%,$3005,$2782,$223,$7,$146,$2943,$62,$-21,$41,$11,$30,$30,$30,$133,$62,$214,215,$0.14,$0.14,$794,$1565,$0,$3858,$1336,$0,$144,$54,$1592,$5450,$2770,$1038,$150,$1189,$3959,$0,$43,$174,$1491,$5450,$59,$146,$55,$201,$43,$-361,$0,$-21,$-155,$105,$-111,$0,$0,$0,$0,$0,$0,$-111,$-39,$0,$-39,$3,$3,$-30,$0,$-67,$-82,$40,$-30
35,2009-11-30,11.65,$7.39,1.58,$54.47,0.21,$2.91,4.0,$-0.18,0.0,$4.02B,$2.95B,1.36,$1.04B,$1.48B,0.7,$11.39B,$0.73B,6.39%,$11.39B,$-0.61B,-5.31%,$11.39B,$-0.61B,-5.31%,$11.39B,$0.40B,3.47%,$11.39B,$-0.70B,-6.11%,$11.39B,$-0.86B,-7.56%,$-0.86B,$1.48B,-60.10%,$-0.86B,$1.33B,-67.70%,$-0.86B,$5.62B,-16.09%,$-0.61B,$2.51B,-24.35%,$3088,$2856,$232,$8,$132,$3022,$66,$-20,$46,$17,$29,$29,$28,$141,$66,$214,215,$0.13,$0.13,$852,$1417,$0,$4015,$1339,$0,$151,$59,$1605,$5620,$2947,$1037,$152,$1196,$4143,$0,$29,$207,$1477,$5620,$29,$75,$32,$107,$-157,$-186,$0,$-32,$-62,$74,$-35,$0,$0,$0,$0,$0,$0,$-35,$-52,$0,$-52,$-3,$-3,$-15,$0,$-70,$-24,$14,$-15
36,2009-08-31,9.54,$6.93,1.38,$56.50,0.17,$2.02,4.72,$-0.09,0.0,$3.68B,$2.69B,1.37,$1.04B,$1.44B,0.72,$11.69B,$0.72B,6.16%,$11.69B,$-0.91B,-7.80%,$11.69B,$-0.91B,-7.80%,$11.69B,$0.40B,3.46%,$11.69B,$-1.01B,-8.61%,$11.69B,$-1.17B,-9.97%,$-1.17B,$1.44B,-71.21%,$-1.17B,$1.29B,-90.52%,$-1.17B,$5.32B,-20.65%,$-0.91B,$2.48B,-33.78%,$2800,$2609,$191,$9,$128,$2756,$43,$-33,$10,$4,$6,$6,$6,$114,$43,$207,207,$0.04,$0.04,$876,$1227,$0,$3677,$1378,$0,$156,$57,$1641,$5318,$2686,$1037,$148,$1190,$3875,$0,$-14,$197,$1442,$5318,$-1166,$1315,$228,$1543,$170,$284,$0,$33,$181,$557,$-282,$0,$-4,$0,$0,$0,$0,$-286,$-126,$0,$-126,$7,$7,$-60,$-17,$-196,$103,$44,$-60
37,2009-05-31,6.77,$6.79,1.0,$58.49,0.12,$1.13,5.97,$0.16,42.34,$3.51B,$2.52B,1.39,$1.06B,$1.41B,0.76,$12.15B,$0.76B,6.25%,$12.15B,$-0.87B,-7.13%,$12.15B,$-0.87B,-7.13%,$12.15B,$0.45B,3.71%,$12.15B,$-0.95B,-7.83%,$12.15B,$-1.11B,-9.17%,$-1.11B,$1.41B,-57.00%,$-1.11B,$1.24B,-84.30%,$-1.11B,$5.17B,-18.35%,$-0.87B,$2.47B,-28.58%,$2615,$2467,$149,$7,$125,$2623,$-8,$-19,$-27,$3,$-29,$-29,$-29,$65,$-8,$207,207,$-0.14,$-0.14,$769,$1256,$0,$3514,$1381,$0,$167,$51,$1655,$5169,$2522,$1064,$159,$1238,$3760,$0,$-5,$172,$1409,$5169,$-1172,$1244,$192,$1436,$267,$248,$0,$1,$124,$388,$-227,$0,$-1,$0,$0,$0,$0,$-228,$-138,$0,$-138,$3,$3,$-45,$2,$-178,$-4,$33,$-45
38,2009-02-28,3.55,$6.56,0.54,$60.86,0.06,$1.38,2.56,$0.49,7.24,$3.67B,$2.65B,1.38,$1.07B,$1.40B,0.76,$12.62B,$0.82B,6.50%,$12.62B,$-0.80B,-6.30%,$12.62B,$-0.80B,-6.30%,$12.62B,$0.52B,4.12%,$12.62B,$-0.88B,-6.98%,$12.62B,$-1.05B,-8.29%,$-1.05B,$1.40B,-46.10%,$-1.05B,$1.23B,-77.74%,$-1.05B,$5.29B,-16.08%,$-0.80B,$2.47B,-23.60%,$2887,$2732,$156,$6,$111,$3593,$-706,$-19,$-725,$142,$-867,$-867,$-866,$75,$-706,$207,207,$-4.19,$-4.19,$775,$1404,$0,$3672,$1371,$0,$170,$44,$1622,$5294,$2653,$1070,$151,$1239,$3891,$0,$39,$133,$1402,$5294,$-1143,$1171,$177,$1347,$256,$71,$0,$-31,$105,$309,$-181,$0,$-1,$0,$0,$0,$0,$-182,$-110,$0,$-110,$3,$3,$-30,$3,$-134,$2,$20,$-30
39,2008-11-30,5.57,$10.71,0.52,$61.80,0.09,$1.38,4.04,$0.57,9.77,$4.28B,$3.26B,1.31,$1.07B,$2.29B,0.47,$12.80B,$0.85B,6.66%,$12.80B,$-0.09B,-0.68%,$12.80B,$-0.09B,-0.68%,$12.80B,$0.52B,4.03%,$12.80B,$-0.18B,-1.39%,$12.80B,$-0.21B,-1.60%,$-0.21B,$2.29B,-7.97%,$-0.21B,$1.39B,-15.08%,$-0.21B,$6.78B,-3.02%,$-0.09B,$3.36B,-2.38%,$3383,$3159,$224,$6,$132,$3622,$-240,$-24,$-264,$12,$-276,$-276,$-276,$150,$-240,$206,206,$-1.34,$-1.34,$580,$1611,$0,$4282,$1392,$0,$904,$43,$2501,$6783,$3258,$1072,$148,$1234,$4492,$0,$920,$153,$2291,$6783,$-276,$390,$7,$397,$-260,$-128,$0,$-89,$-154,$-33,$-114,$0,$-0,$0,$0,$0,$0,$-114,$-21,$0,$-21,$-0,$-0,$-15,$-0,$-36,$-193,$15,$-15
40,2008-08-31,14.14,$13.16,1.07,$61.72,0.23,$2.47,5.72,$0.65,21.75,$4.14B,$3.05B,1.36,$1.10B,$2.72B,0.41,$12.78B,$0.87B,6.79%,$12.78B,$0.25B,1.97%,$12.78B,$0.25B,1.97%,$12.78B,$0.53B,4.15%,$12.78B,$0.16B,1.24%,$12.78B,$0.13B,1.04%,$0.13B,$2.72B,5.03%,$0.13B,$1.42B,9.99%,$0.13B,$7.03B,1.96%,$0.25B,$3.82B,6.91%,$3265,$3035,$230,$9,$124,$3177,$88,$-23,$65,$8,$57,$56,$57,$161,$88,$210,210,$0.27,$0.27,$773,$1529,$0,$4139,$1392,$0,$1292,$53,$2893,$7032,$3048,$1099,$152,$1269,$4316,$0,$1210,$301,$2716,$7032,$132,$279,$12,$291,$-61,$-28,$0,$-88,$-3,$420,$-326,$0,$-58,$0,$0,$0,$0,$-385,$123,$0,$123,$14,$14,$-59,$7,$85,$109,$36,$-59
41,2008-05-31,10.62,$12.74,0.83,$61.32,0.17,$1.55,6.85,$0.43,24.71,$4.09B,$2.92B,1.4,$1.15B,$2.68B,0.43,$12.65B,$0.87B,6.86%,$12.65B,$0.22B,1.70%,$12.65B,$0.22B,1.70%,$12.65B,$0.49B,3.84%,$12.65B,$0.12B,0.93%,$12.65B,$0.09B,0.70%,$0.09B,$2.68B,3.42%,$0.09B,$1.34B,6.94%,$0.09B,$6.93B,1.33%,$0.22B,$3.82B,6.16%,$3088,$2878,$210,$8,$127,$3025,$63,$-20,$43,$5,$38,$38,$38,$134,$63,$205,206,$0.19,$0.19,$860,$1512,$0,$4089,$1343,$0,$1333,$15,$2839,$6928,$2919,$1148,$169,$1334,$4253,$0,$1168,$325,$2676,$6928,$76,$206,$-2,$203,$122,$2,$0,$-74,$140,$419,$-207,$0,$-58,$0,$0,$0,$0,$-266,$139,$0,$139,$9,$9,$-44,$5,$110,$196,$29,$-44
42,2008-02-29,10.72,$12.47,0.86,$60.93,0.18,$-0.76,0.0,$0.27,39.72,$3.65B,$2.67B,1.37,$1.00B,$2.61B,0.38,$12.56B,$0.88B,6.98%,$12.56B,$0.19B,1.48%,$12.56B,$0.19B,1.48%,$12.56B,$0.45B,3.58%,$12.56B,$0.08B,0.64%,$12.56B,$0.06B,0.45%,$0.06B,$2.61B,2.23%,$0.06B,$1.28B,4.59%,$0.06B,$6.44B,0.87%,$0.19B,$3.61B,5.74%,$3059,$2871,$188,$10,$125,$3057,$2,$-24,$-22,$3,$-25,$-24,$-24,$70,$2,$205,205,$-0.12,$-0.12,$531,$1482,$0,$3651,$1331,$0,$1325,$12,$2793,$6444,$2665,$999,$156,$1172,$3837,$0,$1144,$291,$2607,$6444,$38,$134,$20,$155,$128,$21,$0,$18,$80,$273,$-146,$0,$-58,$0,$0,$0,$0,$-204,$-128,$0,$-128,$8,$8,$-29,$3,$-146,$-132,$20,$-29
43,2007-11-30,14.0,$12.30,1.14,$60.26,0.23,$-3.18,0.0,$0.46,30.44,$4.02B,$3.24B,1.24,$0.76B,$2.58B,0.29,$12.44B,$0.86B,6.92%,$12.44B,$0.22B,1.78%,$12.44B,$0.22B,1.78%,$12.44B,$0.47B,3.81%,$12.44B,$0.12B,0.94%,$12.44B,$0.09B,0.76%,$0.09B,$2.58B,3.82%,$0.09B,$1.28B,7.96%,$0.09B,$6.73B,1.47%,$0.22B,$3.34B,7.28%,$3368,$3128,$240,$7,$116,$3269,$99,$-27,$72,$10,$62,$62,$62,$165,$99,$205,207,$0.30,$0.30,$664,$1473,$0,$4021,$1305,$0,$1300,$7,$2713,$6734,$3244,$759,$130,$914,$4157,$0,$1183,$246,$2577,$6734,$62,$66,$-5,$61,$-191,$-11,$0,$5,$20,$143,$-64,$0,$-60,$0,$0,$0,$0,$-124,$9,$0,$9,$2,$2,$-15,$0,$-3,$1,$5,$-15
44,2007-08-31,18.27,$11.94,1.53,$59.59,0.31,$-5.12,0.0,$0.36,50.76,$3.67B,$2.99B,1.23,$0.76B,$2.44B,0.31,$12.29B,$0.81B,6.61%,$12.29B,$0.18B,1.49%,$12.29B,$0.18B,1.49%,$12.29B,$0.42B,3.43%,$12.29B,$0.09B,0.76%,$12.29B,$0.07B,0.59%,$0.07B,$2.44B,3.03%,$0.07B,$1.17B,5.70%,$0.07B,$6.30B,1.19%,$0.18B,$3.20B,6.36%,$3130,$2900,$230,$9,$122,$3079,$51,$-25,$25,$13,$12,$12,$12,$117,$51,$204,207,$0.06,$0.05,$664,$1374,$0,$3666,$1261,$0,$1271,$7,$2629,$6295,$2991,$760,$79,$861,$3852,$0,$1131,$171,$2443,$6295,$73,$240,$86,$326,$126,$202,$0,$-75,$-216,$184,$-283,$0,$-772,$0,$0,$0,$0,$-1054,$741,$0,$741,$25,$25,$-58,$7,$715,$-110,$43,$-58
45,2007-05-31,18.88,$11.72,1.61,$58.36,0.32,$-3.72,0.0,$0.08,235.95,$3.59B,$3.31B,1.09,$0.38B,$2.43B,0.16,$12.12B,$0.78B,6.44%,$12.12B,$0.12B,1.02%,$12.12B,$0.12B,1.02%,$12.12B,$0.35B,2.87%,$12.12B,$0.05B,0.43%,$12.12B,$0.02B,0.12%,$0.02B,$2.43B,0.63%,$0.02B,$1.15B,1.08%,$0.02B,$6.22B,0.25%,$0.12B,$2.82B,4.54%,$3002,$2783,$219,$10,$141,$2968,$34,$-28,$5,$-1,$6,$6,$6,$97,$34,$204,206,$0.03,$0.03,$558,$1447,$0,$3593,$1261,$0,$1278,$16,$2626,$6220,$3309,$384,$72,$478,$3788,$0,$1134,$180,$2432,$6220,$62,$174,$60,$234,$134,$119,$0,$-66,$-357,$-61,$-203,$0,$0,$0,$0,$0,$-771,$-974,$803,$0,$803,$15,$15,$-43,$-0,$774,$-215,$38,$-43
46,2007-02-28,21.86,$11.57,1.89,$55.78,0.39,$-1.14,0.0,$0.35,62.47,$3.68B,$3.36B,1.1,$0.40B,$2.38B,0.17,$11.71B,$0.75B,6.40%,$11.71B,$0.17B,1.43%,$11.71B,$0.17B,1.43%,$11.71B,$0.38B,3.24%,$11.71B,$0.12B,1.03%,$11.71B,$0.07B,0.62%,$0.07B,$2.38B,3.05%,$0.07B,$1.12B,4.64%,$0.07B,$6.25B,1.30%,$0.17B,$2.79B,6.09%,$2935,$2763,$172,$8,$120,$2898,$37,$-21,$15,$2,$14,$14,$14,$95,$37,$203,206,$0.07,$0.07,$555,$1533,$0,$3681,$1232,$0,$1263,$16,$2571,$6253,$3362,$401,$77,$506,$3869,$0,$1143,$139,$2384,$6253,$55,$110,$23,$133,$115,$21,$0,$-63,$-441,$-253,$-119,$0,$-743,$0,$0,$0,$0,$-862,$891,$0,$891,$13,$13,$-29,$0,$876,$-219,$23,$-29
47,2006-11-30,23.14,$11.49,2.01,$52.34,0.44,$0.82,28.32,$0.60,38.57,$3.92B,$2.90B,1.35,$0.33B,$2.37B,0.14,$11.09B,$0.76B,6.87%,$11.09B,$0.21B,1.92%,$11.09B,$0.21B,1.92%,$11.09B,$0.42B,3.75%,$11.09B,$0.19B,1.68%,$11.09B,$0.13B,1.15%,$0.13B,$2.37B,5.33%,$0.13B,$1.68B,7.17%,$0.13B,$5.69B,2.47%,$0.21B,$2.70B,7.80%,$3224,$3032,$192,$9,$110,$3163,$61,$-13,$48,$7,$41,$41,$41,$113,$61,$203,206,$0.20,$0.20,$651,$1546,$0,$3922,$1011,$0,$689,$12,$1764,$5686,$2900,$329,$79,$419,$3318,$0,$1143,$143,$2368,$5686,$41,$52,$18,$70,$-201,$-81,$0,$-40,$-364,$-252,$-70,$0,$-0,$0,$0,$0,$0,$-70,$200,$0,$200,$4,$4,$-14,$1,$190,$-122,$12,$-14
