,Date,Stock Price,Book Value per Share,Price to Book Ratio,TTM Sales per Share,Price to Sales Ratio,TTM FCF per Share,Price to FCF Ratio,TTM Net EPS,PE Ratio,Current Assets,Current Liabilities,Current Ratio,Long Term Debt,Shareholder's Equity_x,Debt to Equity Ratio,TTM Revenue_x,TTM Gross Profit,Gross Margin,TTM Revenue_y,TTM Operating Income,Operating Margin,TTM Revenue_x,TTM EBIT,EBIT Margin,TTM Revenue_y,TTM EBITDA,EBITDA Margin,TTM Revenue_x,TTM Pre-Tax Income,Pre-Tax Margin,TTM Revenue_y,TTM Net Income_x,Net Margin,TTM Net Income_y,Shareholder's Equity_y,Return on Equity,TTM Net Income_x,Tangible Equity,Return on Tangible Equity,TTM Net Income_y,Total Assets,Return on Assets,TTM Net Income,LT Investments & Debt,Return on Investment,revenue,cost-goods-sold,gross-profit,research-development-expenses,selling-general-administrative-expenses,operating-expenses,operating-income,total-non-operating-income-expense,pre-tax-income,total-provision-income-taxes,income-after-taxes,income-from-continuous-operations,net-income,ebitda,ebit,basic-shares-outstanding,shares-outstanding,eps-basic-net-earnings-per-share,eps-earnings-per-share-diluted,cash-on-hand,inventory,other-current-assets,total-current-assets,net-property-plant-equipment,long-term-investments,goodwill-intangible-assets-total,other-long-term-assets,total-long-term-assets,total-assets,total-current-liabilities,long-term-debt,other-non-current-liabilities,total-long-term-liabilities,total-liabilities,common-stock-net,retained-earnings-accumulated-deficit,comprehensive-income,total-share-holder-equity,total-liabilities-share-holders-equity,net-income-loss,total-depreciation-amortization-cash-flow,other-non-cash-items,total-non-cash-items,change-in-accounts-receivable,change-in-inventories,change-in-accounts-payable,change-in-assets-liabilities,total-change-in-assets-liabilities,cash-flow-from-operating-activities,net-change-in-property-plant-equipment,net-change-in-intangible-assets,net-acquisitions-divestitures,net-change-in-short-term-investments,net-change-in-long-term-investments,net-change-in-investments-total,investing-activities-other,cash-flow-from-investing-activities,net-long-term-debt,net-current-debt,debt-issuance-retirement-net-total,net-common-equity-issued-repurchased,net-total-equity-issued-repurchased,total-common-preferred-stock-dividends-paid,financial-activities-other,cash-flow-from-financial-activities,net-cash-flow,stock-based-compensation,common-stock-dividends-paid
0,2018-09-30,19.36,$14.47,1.34,$23.36,0.83,$3.41,5.68,$2.13,9.09,$1.51B,$2.51B,0.6,$1.29B,$4.41B,0.29,$7.45B,$4.49B,60.23%,$7.45B,$0.26B,3.54%,$7.45B,$0.26B,3.54%,$7.45B,$0.74B,9.99%,$7.45B,$0.20B,2.63%,$7.45B,$0.70B,9.33%,$0.70B,$4.41B,15.17%,$0.70B,$4.41B,15.17%,$0.70B,$10.15B,6.97%,$0.26B,$5.70B,4.66%,$2008,$824,$1184,$0,$587,$1925,$83,$-15,$68,$18,$50,$50,$50,$208,$83,$309,310,$0.16,$0.16,$937,$75,$0,$1507,$8008,$1,$0,$631,$8640,$10147,$2512,$1290,$933,$3221,$5733,$4,$3511,$1,$4414,$10147,$19,$362,$338,$700,$0,$0,$0,$216,$216,$936,$-661,$0,$0,$0,$-96,$-96,$-18,$-775,$362,$0,$362,$-357,$-357,$0,$-12,$-7,$154,$20,$0
1,2018-06-30,18.98,$14.32,1.33,$22.44,0.85,$3.35,5.66,$2.52,7.53,$1.45B,$2.45B,0.59,$1.13B,$4.48B,0.25,$7.26B,$4.50B,61.92%,$7.26B,$0.50B,6.82%,$7.26B,$0.50B,6.82%,$7.26B,$0.96B,13.28%,$7.26B,$0.43B,5.85%,$7.26B,$0.83B,11.38%,$0.83B,$4.48B,18.31%,$0.83B,$4.48B,18.31%,$0.83B,$9.94B,8.40%,$0.50B,$5.61B,8.96%,$1928,$812,$1116,$0,$561,$2072,$-144,$-16,$-160,$-40,$-120,$-120,$-120,$-24,$-144,$315,315,$-0.38,$-0.38,$915,$77,$0,$1448,$7902,$2,$0,$588,$8492,$9940,$2449,$1128,$919,$3010,$5459,$4,$3460,$0,$4481,$9940,$-32,$237,$297,$534,$0,$0,$0,$232,$232,$730,$-406,$0,$0,$0,$76,$76,$-11,$-341,$155,$0,$155,$-233,$-233,$0,$-8,$-86,$303,$14,$0
2,2018-03-31,20.32,$14.86,1.37,$21.86,0.93,$3.19,6.37,$3.54,5.74,$1.32B,$2.51B,0.53,$0.90B,$4.70B,0.19,$7.17B,$4.60B,64.17%,$7.17B,$0.99B,13.75%,$7.17B,$0.99B,13.75%,$7.17B,$1.44B,20.14%,$7.17B,$0.91B,12.69%,$7.17B,$1.15B,16.08%,$1.15B,$4.70B,26.13%,$1.15B,$4.70B,26.13%,$1.15B,$10.03B,11.81%,$0.99B,$5.59B,18.21%,$1754,$683,$1071,$0,$566,$1626,$128,$-18,$110,$22,$88,$88,$88,$245,$128,$321,322,$0.28,$0.27,$779,$0,$0,$1320,$8139,$2,$0,$566,$8707,$10027,$2512,$895,$909,$2818,$5330,$4,$3580,$0,$4697,$10027,$88,$117,$22,$139,$0,$0,$0,$265,$265,$494,$-203,$0,$0,$0,$122,$122,$-8,$-89,$-58,$0,$-58,$-131,$-131,$0,$-4,$-193,$212,$7,$0
3,2017-12-31,22.34,$14.74,1.52,$21.15,1.06,$2.72,8.2,$3.52,6.35,$1.21B,$2.15B,0.56,$1.00B,$4.73B,0.21,$7.02B,$4.53B,64.62%,$7.02B,$1.00B,14.26%,$7.02B,$1.00B,14.26%,$7.02B,$1.45B,20.61%,$7.02B,$0.92B,13.13%,$7.02B,$1.15B,16.35%,$1.15B,$4.73B,27.08%,$1.15B,$4.73B,27.08%,$1.15B,$9.78B,11.92%,$1.00B,$5.74B,18.87%,$1761,$644,$1117,$0,$559,$1564,$197,$-19,$178,$-499,$677,$677,$677,$315,$197,$329,330,$2.05,$2.06,$693,$55,$0,$1206,$8049,$2,$0,$524,$8575,$9781,$2146,$1003,$901,$2903,$5049,$4,$3491,$0,$4732,$9781,$1147,$446,$-284,$162,$-50,$15,$0,$95,$113,$1398,$-1202,$0,$0,$0,$236,$236,$-9,$-975,$-194,$0,$-194,$-343,$-343,$0,$-16,$-553,$-130,$29,$0
4,2017-09-30,18.53,$12.89,1.44,$20.61,0.9,$3.94,4.7,$1.94,9.55,$1.32B,$2.35B,0.56,$1.03B,$4.14B,0.25,$6.90B,$4.52B,65.58%,$6.90B,$1.10B,15.94%,$6.90B,$1.10B,15.94%,$6.90B,$1.53B,22.20%,$6.90B,$1.02B,14.75%,$6.90B,$0.64B,9.31%,$0.64B,$4.14B,15.83%,$0.64B,$4.14B,15.83%,$0.64B,$9.60B,6.75%,$1.10B,$5.17B,21.27%,$1818,$626,$1192,$0,$535,$1504,$314,$-17,$297,$116,$181,$181,$181,$428,$314,$326,328,$0.56,$0.55,$814,$0,$0,$1323,$7742,$0,$0,$531,$8273,$9596,$2351,$1031,$520,$3106,$5457,$4,$2921,$4,$4139,$9596,$470,$328,$227,$555,$0,$0,$0,$65,$65,$1066,$-795,$0,$0,$0,$208,$208,$-8,$-595,$-138,$0,$-138,$-362,$-362,$0,$-12,$-512,$-41,$22,$0
5,2017-06-30,22.83,$12.40,1.84,$20.11,1.14,$5.21,4.38,$1.97,11.59,$1.45B,$2.50B,0.58,$1.08B,$4.08B,0.26,$6.81B,$4.49B,65.94%,$6.81B,$1.14B,16.73%,$6.81B,$1.14B,16.73%,$6.81B,$1.56B,22.88%,$6.81B,$1.05B,15.42%,$6.81B,$0.66B,9.69%,$0.66B,$4.08B,16.57%,$0.66B,$4.08B,16.57%,$0.66B,$9.64B,6.94%,$1.14B,$5.16B,22.12%,$1836,$616,$1220,$0,$533,$1489,$347,$-22,$325,$118,$207,$207,$207,$456,$347,$330,332,$0.63,$0.62,$1020,$0,$0,$1449,$7650,$0,$0,$545,$8195,$9644,$2498,$1077,$532,$3066,$5564,$4,$2742,$0,$4080,$9644,$289,$214,$123,$337,$0,$0,$0,$266,$266,$872,$-584,$0,$0,$0,$158,$158,$-7,$-433,$-84,$0,$-84,$-232,$-232,$0,$-8,$-324,$115,$16,$0
6,2017-03-31,20.61,$11.95,1.72,$19.37,1.06,$6.36,3.24,$1.86,11.08,$1.47B,$2.42B,0.61,$1.14B,$3.99B,0.29,$6.62B,$4.38B,66.19%,$6.62B,$1.11B,16.70%,$6.62B,$1.11B,16.70%,$6.62B,$1.51B,22.85%,$6.62B,$1.01B,15.33%,$6.62B,$0.63B,9.58%,$0.63B,$3.99B,16.37%,$0.63B,$3.99B,16.37%,$0.63B,$9.47B,6.70%,$1.11B,$5.13B,21.69%,$1600,$596,$1004,$0,$527,$1458,$142,$-21,$121,$39,$82,$82,$82,$247,$142,$336,338,$0.25,$0.24,$1046,$0,$0,$1469,$7458,$0,$0,$546,$8004,$9473,$2422,$1140,$540,$3059,$5481,$4,$2532,$5,$3992,$9473,$82,$105,$37,$142,$0,$0,$0,$206,$206,$432,$-285,$0,$0,$0,$20,$20,$-2,$-267,$-50,$0,$-50,$-107,$-107,$0,$-4,$-161,$4,$9,$0
7,2016-12-31,22.42,$11.91,1.88,$19.37,1.16,$7.15,3.14,$2.20,10.19,$1.40B,$2.21B,0.63,$1.20B,$4.01B,0.3,$6.63B,$4.53B,68.28%,$6.63B,$1.31B,19.78%,$6.63B,$1.31B,19.78%,$6.63B,$1.71B,25.71%,$6.63B,$1.22B,18.34%,$6.63B,$0.76B,11.44%,$0.76B,$4.01B,20.35%,$0.76B,$4.01B,20.35%,$0.76B,$9.32B,8.11%,$1.31B,$5.21B,26.25%,$1641,$535,$1106,$0,$490,$1345,$296,$-22,$274,$102,$172,$172,$172,$400,$296,$327,342,$0.51,$0.50,$971,$47,$0,$1403,$7271,$90,$0,$559,$7920,$9323,$2214,$1195,$547,$3096,$5310,$4,$2446,$13,$4013,$9323,$759,$393,$293,$686,$-21,$1,$0,$67,$204,$1632,$-1011,$0,$0,$0,$-23,$-23,$-11,$-1045,$-368,$0,$-368,$-89,$-89,$0,$-15,$-472,$115,$23,$0
8,2016-09-30,17.24,$11.87,1.45,$19.19,0.9,$7.24,2.38,$2.26,7.63,$2.01B,$2.51B,0.8,$1.25B,$3.85B,0.33,$6.59B,$4.49B,68.17%,$6.59B,$1.35B,20.44%,$6.59B,$1.35B,20.44%,$6.59B,$1.73B,26.24%,$6.59B,$1.25B,18.91%,$6.59B,$0.78B,11.80%,$0.78B,$3.85B,22.02%,$0.78B,$3.85B,22.02%,$0.78B,$9.58B,8.46%,$1.35B,$5.10B,27.79%,$1732,$572,$1160,$0,$481,$1378,$354,$-24,$330,$131,$199,$199,$199,$455,$354,$324,343,$0.61,$0.58,$1454,$0,$0,$2008,$6953,$55,$0,$563,$7571,$9579,$2505,$1250,$555,$3228,$5733,$4,$2257,$10,$3846,$9579,$587,$289,$218,$507,$0,$0,$0,$235,$235,$1317,$-598,$0,$0,$345,$-376,$-31,$-1,$-630,$-148,$0,$-148,$12,$12,$0,$4,$-132,$555,$18,$0
9,2016-06-30,16.56,$11.25,1.47,$19.06,0.87,$7.31,2.27,$2.26,7.33,$2.08B,$2.61B,0.8,$1.30B,$3.64B,0.36,$6.54B,$4.42B,67.60%,$6.54B,$1.34B,20.54%,$6.54B,$1.34B,20.54%,$6.54B,$1.71B,26.12%,$6.54B,$1.24B,18.91%,$6.54B,$0.78B,11.87%,$0.78B,$3.64B,23.36%,$0.78B,$3.64B,23.36%,$0.78B,$9.46B,8.68%,$1.34B,$4.94B,28.21%,$1643,$534,$1109,$0,$487,$1330,$313,$-24,$289,$108,$181,$181,$181,$410,$313,$323,343,$0.56,$0.53,$1510,$0,$0,$2078,$6791,$30,$0,$559,$7380,$9458,$2613,$1300,$560,$3201,$5814,$4,$2058,$16,$3644,$9458,$388,$188,$131,$319,$0,$0,$0,$315,$315,$1007,$-317,$0,$0,$0,$0,$0,$-2,$-319,$-87,$0,$-87,$11,$11,$0,$5,$-71,$617,$13,$0
10,2016-03-31,21.12,$10.60,1.99,$18.90,1.12,$6.68,3.16,$2.17,9.73,$1.77B,$2.47B,0.72,$1.33B,$3.41B,0.39,$6.51B,$4.31B,66.15%,$6.51B,$1.31B,20.16%,$6.51B,$1.31B,20.16%,$6.51B,$1.66B,25.52%,$6.51B,$1.20B,18.41%,$6.51B,$0.75B,11.48%,$0.75B,$3.41B,24.03%,$0.75B,$3.41B,24.03%,$0.75B,$9.06B,8.63%,$1.31B,$4.75B,28.08%,$1616,$463,$1153,$0,$499,$1267,$349,$-26,$323,$116,$207,$207,$207,$440,$349,$322,342,$0.64,$0.61,$1287,$0,$0,$1774,$6722,$0,$0,$566,$7288,$9062,$2474,$1332,$566,$3174,$5648,$4,$1878,$-3,$3414,$9062,$207,$91,$64,$155,$0,$0,$0,$222,$222,$585,$-166,$0,$0,$0,$76,$76,$0,$-90,$-51,$0,$-51,$-11,$-11,$0,$6,$-56,$439,$7,$0
11,2015-12-31,22.65,$9.97,2.27,$18.57,1.22,$6.50,3.49,$1.98,11.44,$1.37B,$2.28B,0.6,$1.38B,$3.21B,0.43,$6.42B,$4.11B,64.12%,$6.42B,$1.22B,18.95%,$6.42B,$1.22B,18.95%,$6.42B,$1.56B,24.33%,$6.42B,$1.10B,17.10%,$6.42B,$0.68B,10.55%,$0.68B,$3.21B,23.09%,$0.68B,$3.21B,23.09%,$0.68B,$8.64B,8.00%,$1.22B,$4.59B,26.19%,$1594,$527,$1067,$0,$466,$1264,$330,$-27,$303,$113,$190,$190,$190,$423,$330,$315,345,$0.60,$0.56,$876,$44,$0,$1373,$6652,$49,$0,$570,$7271,$8644,$2275,$1379,$562,$3159,$5434,$4,$1679,$-3,$3210,$8644,$677,$345,$449,$794,$11,$-5,$0,$80,$150,$1598,$-941,$0,$0,$0,$-187,$-187,$-6,$-1134,$-328,$0,$-328,$-157,$-157,$0,$-2,$-487,$-23,$20,$0
12,2015-09-30,25.77,$9.58,2.69,$18.16,1.42,$4.75,5.42,$1.68,15.34,$1.63B,$2.23B,0.73,$1.74B,$3.02B,0.58,$6.27B,$3.84B,61.26%,$6.27B,$1.06B,16.83%,$6.27B,$1.06B,16.83%,$6.27B,$1.39B,22.21%,$6.27B,$0.93B,14.90%,$6.27B,$0.58B,9.17%,$0.58B,$3.02B,20.82%,$0.58B,$3.02B,20.82%,$0.58B,$8.59B,6.96%,$1.06B,$4.76B,22.84%,$1687,$595,$1092,$0,$458,$1336,$351,$-29,$322,$124,$198,$198,$198,$435,$351,$314,344,$0.63,$0.58,$1132,$0,$0,$1626,$6360,$47,$0,$561,$6968,$8594,$2225,$1744,$568,$3352,$5577,$4,$1489,$-18,$3017,$8594,$487,$252,$253,$505,$0,$0,$0,$300,$300,$1294,$-552,$0,$0,$140,$-353,$-213,$2,$-763,$-164,$0,$-164,$-164,$-164,$0,$0,$-328,$203,$15,$0
13,2015-06-30,20.76,$8.87,2.34,$17.73,1.17,$2.96,7.0,$1.34,15.49,$1.41B,$2.19B,0.64,$1.80B,$2.79B,0.65,$6.11B,$3.53B,57.84%,$6.11B,$0.87B,14.21%,$6.11B,$0.87B,14.21%,$6.11B,$1.20B,19.64%,$6.11B,$0.74B,12.18%,$6.11B,$0.46B,7.46%,$0.46B,$2.79B,17.51%,$0.46B,$2.79B,17.51%,$0.46B,$8.32B,5.66%,$0.87B,$4.60B,19.08%,$1612,$618,$994,$0,$445,$1330,$282,$-32,$250,$98,$152,$152,$152,$363,$282,$317,348,$0.48,$0.44,$915,$0,$0,$1405,$6308,$56,$0,$548,$6912,$8317,$2186,$1803,$574,$3338,$5524,$4,$1291,$-24,$2793,$8317,$289,$168,$172,$340,$0,$0,$0,$254,$254,$890,$-406,$0,$0,$0,$-125,$-125,$1,$-530,$-178,$0,$-178,$-106,$-106,$0,$5,$-279,$81,$10,$0
14,2015-03-31,19.25,$8.65,2.23,$17.44,1.1,$2.04,9.43,$1.58,12.18,$1.51B,$2.20B,0.69,$1.92B,$2.71B,0.71,$5.99B,$3.32B,55.42%,$5.99B,$0.73B,12.13%,$5.99B,$0.73B,12.13%,$5.99B,$1.06B,17.64%,$5.99B,$0.84B,14.00%,$5.99B,$0.53B,8.91%,$0.53B,$2.71B,21.49%,$0.53B,$2.71B,21.49%,$0.53B,$8.30B,6.77%,$0.73B,$4.63B,16.14%,$1523,$562,$961,$0,$435,$1270,$253,$-31,$222,$85,$137,$137,$137,$340,$253,$310,346,$0.44,$0.40,$998,$0,$0,$1511,$6161,$98,$0,$534,$6793,$8304,$2203,$1917,$578,$3392,$5595,$4,$1139,$-50,$2709,$8304,$137,$87,$78,$165,$0,$0,$0,$224,$224,$528,$-168,$0,$0,$0,$-70,$-70,$1,$-237,$-55,$0,$-55,$30,$30,$0,$-8,$-33,$258,$5,$0
15,2014-12-31,15.86,$8.16,1.94,$17.58,0.9,$1.44,10.98,$1.19,13.33,$1.20B,$1.94B,0.62,$1.97B,$2.53B,0.78,$5.82B,$3.04B,52.29%,$5.82B,$0.52B,8.85%,$5.82B,$0.52B,8.85%,$5.82B,$0.84B,14.44%,$5.82B,$0.62B,10.71%,$5.82B,$0.40B,6.89%,$0.40B,$2.53B,17.13%,$0.40B,$2.53B,17.13%,$0.40B,$7.84B,5.19%,$0.52B,$4.50B,11.53%,$1446,$653,$793,$0,$380,$1277,$169,$-29,$140,$52,$88,$88,$88,$254,$169,$295,343,$0.29,$0.26,$708,$46,$0,$1200,$6072,$60,$0,$507,$6639,$7839,$1936,$1968,$574,$3374,$5310,$4,$1002,$-63,$2529,$7839,$401,$325,$183,$508,$1,$3,$0,$-93,$-21,$912,$-857,$0,$393,$0,$81,$81,$4,$-379,$-360,$0,$-360,$-41,$-41,$0,$-16,$-417,$116,$20,$0
16,2014-09-30,10.62,$8.18,1.3,$17.34,0.61,$1.64,6.49,$1.07,9.93,$1.22B,$1.92B,0.63,$2.09B,$2.39B,0.88,$5.74B,$2.95B,51.34%,$5.74B,$0.46B,8.04%,$5.74B,$0.46B,8.04%,$5.74B,$0.78B,13.67%,$5.74B,$0.56B,9.76%,$5.74B,$0.36B,6.28%,$0.36B,$2.39B,16.05%,$0.36B,$2.39B,16.05%,$0.36B,$7.74B,4.74%,$0.46B,$4.47B,10.47%,$1529,$743,$786,$0,$377,$1365,$164,$-32,$132,$53,$79,$79,$79,$243,$164,$291,341,$0.27,$0.24,$742,$0,$0,$1215,$5906,$122,$0,$498,$6526,$7741,$1915,$2088,$583,$3440,$5355,$4,$914,$-12,$2386,$7741,$313,$240,$177,$417,$0,$0,$0,$-33,$-33,$724,$-597,$0,$393,$388,$-293,$95,$-4,$-113,$-306,$0,$-306,$-69,$-69,$0,$-12,$-387,$224,$16,$0
17,2014-06-30,10.85,$7.93,1.37,$17.05,0.64,$1.90,5.71,$1.04,10.43,$1.27B,$1.93B,0.65,$2.11B,$2.32B,0.91,$5.65B,$2.88B,50.95%,$5.65B,$0.45B,7.95%,$5.65B,$0.45B,7.95%,$5.65B,$0.77B,13.63%,$5.65B,$0.55B,9.68%,$5.65B,$0.35B,6.23%,$0.35B,$2.32B,16.37%,$0.35B,$2.32B,16.37%,$0.35B,$7.66B,4.68%,$0.45B,$4.42B,10.34%,$1493,$713,$780,$0,$385,$1352,$141,$204,$345,$115,$230,$230,$230,$220,$141,$294,344,$0.79,$0.68,$797,$0,$0,$1265,$5778,$127,$0,$487,$6392,$7657,$1934,$2108,$588,$3408,$5342,$4,$835,$4,$2315,$7657,$234,$161,$123,$284,$0,$0,$0,$-1,$-1,$541,$-380,$0,$391,$0,$41,$41,$-3,$49,$-280,$0,$-280,$-73,$-73,$0,$-8,$-361,$229,$12,$0
18,2014-03-31,8.69,$7.20,1.21,$16.60,0.52,$1.82,4.78,$0.47,18.49,$1.36B,$1.98B,0.69,$2.33B,$2.14B,1.09,$5.49B,$2.74B,49.97%,$5.49B,$0.41B,7.47%,$5.49B,$0.41B,7.47%,$5.49B,$0.73B,13.22%,$5.49B,$0.26B,4.77%,$5.49B,$0.16B,2.88%,$0.16B,$2.14B,7.69%,$0.16B,$2.14B,7.69%,$0.16B,$7.65B,2.12%,$0.41B,$4.47B,9.62%,$1349,$666,$683,$0,$383,$1308,$41,$-35,$6,$2,$4,$4,$4,$123,$41,$295,297,$0.01,$0.01,$771,$0,$0,$1356,$5652,$97,$0,$540,$6289,$7645,$1975,$2332,$595,$3534,$5509,$3,$605,$-2,$2136,$7645,$4,$82,$9,$91,$0,$0,$0,$213,$213,$322,$-190,$0,$0,$0,$146,$146,$-2,$-46,$11,$0,$11,$0,$0,$0,$-11,$0,$276,$7,$0
19,2013-12-31,8.54,$7.22,1.18,$16.27,0.52,$1.77,4.83,$0.51,16.75,$1.06B,$1.87B,0.56,$2.12B,$2.13B,0.99,$5.44B,$2.68B,49.20%,$5.44B,$0.43B,7.87%,$5.44B,$0.43B,7.87%,$5.44B,$0.73B,13.49%,$5.44B,$0.28B,5.13%,$5.44B,$0.17B,3.09%,$0.17B,$2.13B,8.42%,$0.17B,$2.13B,8.42%,$0.17B,$7.35B,2.29%,$0.43B,$4.25B,10.23%,$1365,$669,$696,$0,$353,$1250,$115,$-38,$77,$30,$47,$47,$47,$198,$115,$283,344,$0.16,$0.15,$627,$48,$6,$1056,$5656,$114,$0,$524,$6294,$7350,$1874,$2116,$621,$3342,$5216,$3,$601,$0,$2134,$7350,$168,$306,$128,$434,$-22,$-23,$0,$132,$139,$758,$-637,$0,$0,$0,$161,$161,$0,$-476,$-219,$0,$-219,$2,$2,$0,$-22,$-239,$43,$14,$0
20,2013-09-30,6.67,$7.15,0.93,$15.76,0.42,$1.18,5.67,$0.37,18.01,$1.38B,$2.03B,0.68,$2.21B,$2.02B,1.09,$5.27B,$2.56B,48.48%,$5.27B,$0.36B,6.77%,$5.27B,$0.36B,6.77%,$5.27B,$0.65B,12.35%,$5.27B,$0.20B,3.85%,$5.27B,$0.12B,2.31%,$0.12B,$2.02B,6.31%,$0.12B,$2.02B,6.31%,$0.12B,$7.44B,1.68%,$0.36B,$4.22B,8.49%,$1442,$723,$719,$0,$343,$1290,$152,$-33,$119,$48,$71,$71,$71,$229,$152,$281,344,$0.25,$0.21,$954,$0,$0,$1382,$5484,$86,$0,$492,$6062,$7444,$2033,$2206,$628,$3393,$5426,$3,$554,$-5,$2018,$7444,$121,$223,$98,$321,$0,$0,$0,$108,$108,$565,$-347,$0,$0,$349,$-338,$11,$-4,$-340,$-16,$0,$-16,$-4,$-4,$0,$-14,$-34,$191,$10,$0
21,2013-06-30,6.29,$6.84,0.92,$15.36,0.41,$1.03,6.08,$0.30,20.97,$1.33B,$2.12B,0.62,$2.17B,$1.93B,1.13,$5.14B,$2.47B,48.15%,$5.14B,$0.32B,6.19%,$5.14B,$0.32B,6.19%,$5.14B,$0.60B,11.74%,$5.14B,$0.16B,3.06%,$5.14B,$0.10B,1.87%,$0.10B,$1.93B,5.04%,$0.10B,$1.93B,5.04%,$0.10B,$7.37B,1.33%,$0.32B,$4.11B,7.44%,$1335,$689,$646,$0,$332,$1233,$102,$-42,$60,$24,$36,$36,$36,$176,$102,$281,343,$0.13,$0.11,$867,$0,$0,$1325,$5474,$76,$0,$493,$6043,$7368,$2122,$2173,$629,$3314,$5436,$3,$483,$-16,$1932,$7368,$50,$146,$43,$189,$0,$0,$0,$164,$164,$402,$-269,$0,$0,$0,$71,$71,$-3,$-201,$-36,$0,$-36,$-4,$-4,$0,$-10,$-50,$151,$6,$0
22,2013-03-31,6.9,$6.74,1.02,$15.18,0.45,$1.20,5.75,$0.35,19.71,$1.29B,$1.96B,0.66,$2.25B,$1.90B,1.19,$5.08B,$2.46B,48.52%,$5.08B,$0.35B,6.81%,$5.08B,$0.35B,6.81%,$5.08B,$0.62B,12.27%,$5.08B,$0.18B,3.60%,$5.08B,$0.11B,2.21%,$0.11B,$1.90B,5.95%,$0.11B,$1.90B,5.95%,$0.11B,$7.23B,1.57%,$0.35B,$4.15B,7.92%,$1299,$683,$616,$0,$330,$1240,$59,$-36,$23,$9,$14,$14,$14,$131,$59,$280,309,$0.05,$0.05,$849,$0,$0,$1286,$5350,$98,$0,$500,$5948,$7234,$1962,$2251,$635,$3375,$5337,$3,$447,$-8,$1897,$7234,$14,$72,$15,$87,$0,$0,$0,$106,$106,$205,$-83,$0,$0,$0,$82,$82,$-1,$-2,$-28,$0,$-28,$0,$0,$0,$-11,$-39,$164,$3,$0
23,2012-12-31,5.72,$6.72,0.85,$14.49,0.39,$1.12,5.11,$0.39,14.67,$1.10B,$1.61B,0.68,$2.46B,$1.89B,1.3,$4.98B,$2.43B,48.80%,$4.98B,$0.38B,7.55%,$4.98B,$0.38B,7.55%,$4.98B,$0.65B,12.95%,$4.98B,$0.21B,4.20%,$4.98B,$0.13B,2.57%,$0.13B,$1.89B,6.89%,$0.13B,$1.89B,6.89%,$0.13B,$7.07B,1.80%,$0.38B,$4.35B,8.39%,$1194,$620,$574,$0,$314,$1150,$44,$-43,$1,$0,$1,$1,$1,$115,$44,$282,344,$-0.01,$0.01,$731,$36,$1,$1100,$5343,$136,$0,$491,$5970,$7070,$1608,$2457,$636,$3574,$5182,$3,$433,$-8,$1888,$7070,$128,$269,$80,$349,$1,$38,$0,$66,$197,$698,$-781,$0,$0,$0,$-104,$-104,$18,$-867,$-203,$-88,$-291,$-17,$-17,$0,$-14,$-322,$-491,$13,$0
24,2012-09-30,4.8,$6.69,0.72,$14.32,0.33,$1.61,2.97,$0.46,10.42,$1.49B,$1.53B,0.98,$2.60B,$1.90B,1.37,$4.93B,$2.43B,49.25%,$4.93B,$0.42B,8.41%,$4.93B,$0.42B,8.41%,$4.93B,$0.68B,13.76%,$4.93B,$0.25B,5.03%,$4.93B,$0.15B,3.04%,$0.15B,$1.90B,8.22%,$0.15B,$1.90B,8.22%,$0.15B,$7.14B,2.11%,$0.42B,$4.51B,9.13%,$1308,$671,$637,$0,$313,$1195,$113,$-40,$73,$28,$45,$45,$45,$181,$113,$283,345,$0.16,$0.14,$1064,$0,$0,$1487,$5026,$150,$0,$478,$5654,$7141,$1525,$2603,$639,$3713,$5238,$3,$432,$-8,$1903,$7141,$127,$198,$73,$271,$0,$0,$0,$128,$128,$541,$-371,$0,$0,$353,$-442,$-89,$12,$-448,$-180,$-36,$-216,$6,$6,$0,$-14,$-224,$-131,$10,$0
25,2012-06-30,5.3,$6.48,0.82,$13.98,0.38,$1.54,3.45,$0.43,12.33,$1.63B,$1.58B,1.03,$2.63B,$1.84B,1.43,$4.82B,$2.38B,49.33%,$4.82B,$0.41B,8.50%,$4.82B,$0.41B,8.50%,$4.82B,$0.67B,13.81%,$4.82B,$0.23B,4.79%,$4.82B,$0.14B,2.90%,$0.14B,$1.84B,7.88%,$0.14B,$1.84B,7.88%,$0.14B,$7.13B,1.98%,$0.41B,$4.47B,8.99%,$1277,$640,$637,$0,$319,$1147,$130,$-44,$86,$34,$52,$52,$52,$196,$130,$282,344,$0.19,$0.16,$1212,$0,$0,$1625,$5033,$0,$0,$474,$5507,$7132,$1578,$2626,$645,$3713,$5291,$3,$387,$-23,$1841,$7132,$82,$130,$28,$158,$0,$0,$0,$239,$239,$490,$-300,$0,$0,$0,$26,$26,$11,$-263,$-158,$-88,$-246,$6,$6,$0,$-8,$-248,$-21,$7,$0
26,2012-03-31,4.89,$6.36,0.77,$13.57,0.36,$1.50,3.27,$0.35,13.97,$1.66B,$1.48B,1.13,$2.80B,$1.80B,1.55,$4.70B,$2.30B,48.99%,$4.70B,$0.37B,7.80%,$4.70B,$0.37B,7.80%,$4.70B,$0.62B,13.16%,$4.70B,$0.19B,4.00%,$4.70B,$0.11B,2.41%,$0.11B,$1.80B,6.50%,$0.11B,$1.80B,6.50%,$0.11B,$7.14B,1.61%,$0.37B,$4.60B,7.97%,$1203,$620,$583,$0,$302,$1114,$89,$-40,$49,$19,$30,$30,$30,$153,$89,$281,343,$0.11,$0.09,$1225,$0,$0,$1664,$4933,$0,$0,$546,$5479,$7143,$1479,$2798,$656,$3863,$5342,$3,$335,$-3,$1801,$7143,$30,$64,$19,$83,$0,$0,$0,$181,$181,$292,$-184,$0,$0,$0,$15,$15,$-2,$-171,$-47,$-88,$-135,$2,$2,$0,$-9,$-142,$-21,$3,$0
27,2011-12-31,5.2,$6.24,0.83,$13.68,0.38,$1.57,3.32,$0.27,19.26,$1.63B,$1.41B,1.15,$2.85B,$1.76B,1.62,$4.50B,$2.23B,49.58%,$4.50B,$0.32B,7.15%,$4.50B,$0.32B,7.15%,$4.50B,$0.57B,12.63%,$4.50B,$0.15B,3.22%,$4.50B,$0.09B,1.91%,$0.09B,$1.76B,5.04%,$0.09B,$1.76B,5.04%,$0.09B,$7.07B,1.24%,$0.32B,$4.61B,7.03%,$1146,$573,$573,$0,$295,$1063,$83,$-43,$40,$17,$23,$23,$23,$149,$83,$279,346,$0.09,$0.08,$1226,$50,$5,$1628,$4860,$38,$0,$545,$5443,$7071,$1412,$2850,$660,$3902,$5314,$3,$305,$-15,$1757,$7071,$86,$247,$87,$334,$-10,$4,$0,$113,$133,$614,$-527,$0,$0,$0,$24,$24,$1,$-502,$7,$88,$95,$10,$10,$0,$-9,$96,$208,$13,$0
28,2011-09-30,4.09,$5.74,0.71,$13.08,0.31,$1.92,2.13,$0.23,17.78,$1.61B,$1.30B,1.24,$2.86B,$1.71B,1.68,$4.30B,$2.17B,50.56%,$4.30B,$0.29B,6.84%,$4.30B,$0.29B,6.84%,$4.30B,$0.53B,12.38%,$4.30B,$0.12B,2.75%,$4.30B,$0.07B,1.65%,$0.07B,$1.71B,4.22%,$0.07B,$1.71B,4.22%,$0.07B,$6.91B,1.04%,$0.29B,$4.57B,6.45%,$1195,$610,$585,$0,$285,$1087,$108,$-52,$56,$21,$35,$35,$35,$168,$108,$279,346,$0.12,$0.11,$1210,$0,$0,$1612,$4799,$29,$0,$471,$5299,$6911,$1296,$2864,$676,$3908,$5204,$3,$282,$-34,$1707,$6911,$63,$181,$51,$232,$0,$0,$0,$157,$157,$500,$-355,$0,$0,$0,$11,$11,$-1,$-345,$17,$0,$17,$5,$5,$0,$-10,$12,$167,$10,$0
29,2011-06-30,6.1,$5.69,1.07,$12.60,0.48,$2.21,2.76,$0.30,20.33,$1.56B,$1.31B,1.19,$2.89B,$1.69B,1.71,$4.13B,$2.19B,52.99%,$4.13B,$0.33B,7.89%,$4.13B,$0.33B,7.89%,$4.13B,$0.56B,13.58%,$4.13B,$0.16B,3.85%,$4.13B,$0.10B,2.30%,$0.10B,$1.69B,5.72%,$0.10B,$1.69B,5.72%,$0.10B,$6.91B,1.41%,$0.33B,$4.58B,7.18%,$1151,$592,$559,$0,$286,$1065,$86,$-43,$43,$18,$25,$25,$25,$148,$86,$278,349,$0.09,$0.08,$1173,$0,$0,$1562,$4737,$133,$0,$476,$5346,$6908,$1310,$2893,$667,$3908,$5218,$3,$247,$-13,$1690,$6908,$28,$121,$35,$156,$0,$0,$0,$198,$198,$406,$-228,$0,$0,$0,$-110,$-110,$-1,$-339,$49,$0,$49,$5,$5,$0,$-11,$43,$110,$7,$0
30,2011-03-31,6.27,$5.67,1.11,$12.01,0.52,$2.27,2.76,$0.32,19.59,$1.55B,$1.27B,1.22,$2.89B,$1.68B,1.72,$3.92B,$2.16B,55.13%,$3.92B,$0.34B,8.55%,$3.92B,$0.34B,8.55%,$3.92B,$0.57B,14.41%,$3.92B,$0.17B,4.29%,$3.92B,$0.10B,2.58%,$0.10B,$1.68B,6.21%,$0.10B,$1.68B,6.21%,$0.10B,$6.84B,1.52%,$0.34B,$4.57B,7.43%,$1012,$496,$516,$0,$280,$967,$45,$-39,$6,$3,$3,$3,$3,$104,$45,$277,279,$0.01,$0.01,$1112,$0,$0,$1549,$4699,$126,$0,$469,$5294,$6843,$1271,$2890,$676,$3895,$5166,$3,$222,$9,$1677,$6843,$3,$59,$16,$75,$0,$0,$0,$142,$142,$231,$-123,$0,$0,$0,$-61,$-61,$-1,$-185,$44,$0,$44,$0,$0,$0,$-5,$39,$85,$4,$0
31,2010-12-31,6.61,$5.61,1.18,$11.57,0.57,$2.54,2.61,$0.30,22.03,$1.36B,$1.09B,1.24,$2.85B,$1.65B,1.72,$3.78B,$2.14B,56.58%,$3.78B,$0.33B,8.81%,$3.78B,$0.33B,8.81%,$3.78B,$0.56B,14.90%,$3.78B,$0.16B,4.26%,$3.78B,$0.10B,2.57%,$0.10B,$1.65B,6.09%,$0.10B,$1.65B,6.09%,$0.10B,$6.59B,1.47%,$0.33B,$4.50B,7.45%,$938,$426,$512,$0,$276,$883,$55,$-42,$13,$5,$8,$8,$8,$112,$55,$275,347,$0.04,$0.03,$963,$49,$27,$1360,$4641,$133,$0,$459,$5233,$6593,$1093,$2850,$669,$3846,$4939,$3,$219,$-10,$1654,$6593,$97,$230,$71,$301,$-4,$-4,$0,$70,$89,$523,$-313,$0,$0,$0,$-384,$-384,$1,$-696,$-217,$-56,$-273,$9,$9,$0,$6,$-258,$-431,$17,$0
32,2010-09-30,6.69,$5.52,1.21,$11.38,0.59,$2.02,3.3,$0.31,21.58,$1.31B,$1.13B,1.17,$2.88B,$1.62B,1.77,$3.68B,$2.11B,57.35%,$3.68B,$0.35B,9.46%,$3.68B,$0.35B,9.46%,$3.68B,$0.58B,15.79%,$3.68B,$0.17B,4.70%,$3.68B,$0.10B,2.80%,$0.10B,$1.62B,6.58%,$0.10B,$1.62B,6.58%,$0.10B,$6.62B,1.57%,$0.35B,$4.50B,7.80%,$1030,$428,$602,$0,$274,$890,$140,$-43,$97,$38,$59,$59,$59,$197,$140,$276,347,$0.21,$0.18,$952,$0,$0,$1312,$4642,$219,$0,$445,$5306,$6618,$1126,$2880,$671,$3869,$4995,$3,$205,$-19,$1623,$6618,$89,$173,$61,$234,$0,$0,$0,$140,$140,$490,$-244,$0,$0,$0,$-417,$-417,$2,$-659,$-186,$-56,$-242,$5,$5,$0,$8,$-229,$-398,$13,$0
33,2010-06-30,5.49,$5.30,1.04,$10.90,0.5,$1.27,4.31,$0.18,30.5,$1.36B,$1.19B,1.14,$2.90B,$1.56B,1.86,$3.50B,$1.98B,56.52%,$3.50B,$0.27B,7.82%,$3.50B,$0.27B,7.82%,$3.50B,$0.51B,14.56%,$3.50B,$0.10B,2.83%,$3.50B,$0.06B,1.68%,$0.06B,$1.56B,3.84%,$0.06B,$1.56B,3.84%,$0.06B,$6.59B,0.90%,$0.27B,$4.45B,6.15%,$940,$409,$531,$0,$261,$845,$95,$-43,$52,$21,$31,$31,$31,$152,$95,$275,346,$0.11,$0.10,$999,$0,$0,$1359,$4643,$169,$0,$419,$5231,$6590,$1190,$2896,$668,$3844,$5034,$3,$146,$-23,$1556,$6590,$30,$116,$23,$139,$0,$0,$0,$172,$172,$356,$-159,$0,$0,$0,$-437,$-437,$0,$-596,$-173,$-17,$-190,$5,$5,$0,$6,$-179,$-419,$8,$0
34,2010-03-31,5.58,$5.24,1.06,$10.68,0.52,$0.41,13.65,$0.15,37.2,$1.44B,$1.17B,1.22,$2.88B,$1.53B,1.88,$3.37B,$1.90B,56.38%,$3.37B,$0.26B,7.57%,$3.37B,$0.26B,7.57%,$3.37B,$0.49B,14.60%,$3.37B,$0.08B,2.46%,$3.37B,$0.05B,1.42%,$0.05B,$1.53B,3.16%,$0.05B,$1.53B,3.16%,$0.05B,$6.51B,0.74%,$0.26B,$4.42B,5.69%,$871,$378,$493,$0,$259,$828,$43,$-44,$-1,$0,$-1,$-1,$-1,$102,$43,$274,274,$0.00,$0.00,$1072,$0,$0,$1435,$4611,$74,$0,$393,$5078,$6513,$1172,$2882,$666,$3807,$4979,$3,$116,$-7,$1534,$6513,$-1,$59,$4,$63,$0,$0,$0,$158,$158,$229,$-50,$0,$0,$0,$-62,$-62,$0,$-112,$-194,$7,$-187,$1,$1,$0,$2,$-184,$-67,$4,$0
35,2009-12-31,5.45,$5.30,1.03,$10.39,0.52,$-0.42,0.0,$0.21,25.95,$1.53B,$1.16B,1.33,$2.92B,$1.55B,1.89,$3.29B,$1.86B,56.47%,$3.29B,$0.29B,8.66%,$3.29B,$0.29B,8.66%,$3.29B,$0.52B,15.77%,$3.29B,$0.10B,3.16%,$3.29B,$0.06B,1.85%,$0.06B,$1.55B,4.17%,$0.06B,$1.55B,4.17%,$0.06B,$6.55B,0.95%,$0.29B,$4.47B,6.41%,$838,$354,$484,$0,$238,$768,$70,$-45,$25,$11,$14,$14,$14,$130,$70,$260,332,$0.06,$0.04,$1149,$40,$43,$1534,$4638,$6,$0,$371,$5015,$6549,$1157,$2920,$667,$3846,$5003,$3,$122,$1,$1546,$6549,$61,$234,$252,$486,$3,$-43,$0,$4,$-102,$486,$-455,$0,$0,$0,$3,$3,$-5,$-457,$266,$-117,$149,$120,$120,$0,$37,$306,$335,$16,$0
36,2009-09-30,5.98,$5.20,1.15,$11.47,0.52,$-3.00,0.0,$-0.07,0.0,$1.52B,$1.20B,1.27,$2.97B,$1.51B,1.97,$3.27B,$1.76B,53.72%,$3.27B,$0.27B,8.20%,$3.27B,$0.27B,8.20%,$3.27B,$0.50B,15.39%,$3.27B,$0.03B,0.89%,$3.27B,$-0.01B,-0.31%,$-0.01B,$1.51B,-0.72%,$-0.01B,$1.51B,-0.72%,$-0.01B,$6.53B,-0.16%,$0.27B,$4.48B,6.14%,$854,$382,$472,$0,$237,$788,$66,$-43,$23,$8,$15,$15,$15,$126,$66,$272,344,$0.05,$0.05,$1213,$0,$0,$1522,$4656,$5,$0,$350,$5011,$6533,$1201,$2972,$620,$3821,$5022,$3,$107,$-10,$1511,$6533,$47,$174,$174,$348,$0,$0,$0,$-59,$-59,$357,$-371,$0,$0,$0,$54,$54,$-4,$-321,$316,$-107,$209,$116,$116,$0,$29,$354,$390,$12,$0
37,2009-06-30,4.27,$4.94,0.86,$12.98,0.33,$-4.63,0.0,$-0.14,0.0,$1.26B,$1.13B,1.12,$3.06B,$1.48B,2.06,$3.32B,$1.68B,50.50%,$3.32B,$0.22B,6.75%,$3.32B,$0.22B,6.75%,$3.32B,$0.45B,13.69%,$3.32B,$-0.00B,-0.12%,$3.32B,$-0.03B,-0.99%,$-0.03B,$1.48B,-2.47%,$-0.03B,$1.48B,-2.47%,$-0.03B,$6.51B,-0.53%,$0.22B,$4.55B,5.21%,$807,$356,$451,$0,$230,$731,$76,$-40,$36,$16,$20,$20,$20,$134,$76,$252,323,$0.08,$0.07,$969,$0,$0,$1261,$4687,$217,$0,$345,$5249,$6510,$1128,$3063,$614,$3898,$5026,$3,$92,$-19,$1484,$6510,$32,$114,$141,$255,$0,$0,$0,$-55,$-55,$225,$-321,$0,$0,$0,$29,$29,$-4,$-296,$369,$-107,$262,$116,$116,$0,$12,$390,$319,$8,$0
38,2009-03-31,3.65,$4.81,0.76,$14.30,0.26,$-5.46,0.0,$-0.24,0.0,$1.02B,$1.06B,0.97,$2.98B,$1.31B,2.27,$3.37B,$1.60B,47.49%,$3.37B,$0.17B,5.02%,$3.37B,$0.17B,5.02%,$3.37B,$0.39B,11.55%,$3.37B,$-0.05B,-1.57%,$3.37B,$-0.06B,-1.84%,$-0.06B,$1.31B,-4.74%,$-0.06B,$1.31B,-4.74%,$-0.06B,$6.16B,-1.00%,$0.17B,$4.29B,3.99%,$793,$341,$452,$0,$222,$720,$73,$-53,$20,$8,$12,$12,$12,$129,$73,$244,275,$0.05,$0.05,$714,$0,$0,$1024,$4590,$207,$0,$337,$5134,$6158,$1059,$2980,$601,$3787,$4846,$3,$72,$-55,$1312,$6158,$12,$56,$68,$124,$0,$0,$0,$11,$11,$124,$-171,$0,$0,$0,$29,$29,$-4,$-146,$117,$-38,$79,$0,$0,$0,$16,$95,$73,$4,$0
39,2008-12-31,7.1,$4.66,1.52,$15.21,0.47,$-6.34,0.0,$-0.33,0.0,$0.96B,$1.08B,0.89,$2.87B,$1.27B,2.27,$3.39B,$1.54B,45.40%,$3.39B,$0.11B,3.33%,$3.39B,$0.11B,3.33%,$3.39B,$0.32B,9.52%,$3.39B,$-0.09B,-2.62%,$3.39B,$-0.08B,-2.48%,$-0.08B,$1.27B,-6.40%,$-0.08B,$1.27B,-6.40%,$-0.08B,$6.02B,-1.36%,$0.11B,$4.14B,2.71%,$815,$434,$381,$0,$207,$762,$53,$-103,$-50,$7,$-57,$-57,$-57,$114,$53,$226,226,$-0.25,$-0.25,$639,$30,$10,$962,$4470,$244,$0,$344,$5058,$6020,$1081,$2872,$604,$3673,$4754,$3,$60,$-84,$1266,$6020,$-84,$210,$-201,$9,$4,$-10,$0,$15,$24,$-17,$-546,$0,$0,$0,$328,$328,$-29,$-247,$43,$128,$171,$320,$320,$0,$144,$635,$371,$16,$0
40,2008-09-30,4.95,$4.72,1.05,$15.62,0.32,$-6.72,0.0,$-0.11,0.0,$0.97B,$1.10B,0.88,$2.93B,$1.28B,2.29,$3.32B,$1.49B,44.96%,$3.32B,$0.09B,2.71%,$3.32B,$0.09B,2.71%,$3.32B,$0.29B,8.62%,$3.32B,$-0.05B,-1.57%,$3.32B,$-0.04B,-1.12%,$-0.04B,$1.28B,-2.95%,$-0.04B,$1.28B,-2.96%,$-0.04B,$6.08B,-0.61%,$0.09B,$4.21B,2.23%,$902,$511,$391,$0,$211,$880,$22,$-32,$-10,$-2,$-8,$-8,$-8,$77,$22,$226,226,$-0.03,$-0.03,$630,$0,$0,$970,$4009,$305,$0,$800,$5114,$6084,$1103,$2929,$588,$3700,$4803,$3,$143,$-38,$1281,$6084,$-27,$149,$-29,$120,$0,$0,$0,$49,$49,$109,$-487,$0,$0,$0,$322,$322,$-62,$-227,$91,$-23,$68,$317,$317,$0,$108,$493,$375,$13,$0
41,2008-06-30,3.73,$5.09,0.73,$15.48,0.24,$-7.49,0.0,$0.03,124.33,$1.33B,$1.36B,0.98,$2.94B,$1.38B,2.13,$3.18B,$1.52B,47.66%,$3.18B,$0.15B,4.62%,$3.18B,$0.15B,4.62%,$3.18B,$0.33B,10.51%,$3.18B,$0.00B,0.13%,$3.18B,$-0.01B,-0.19%,$-0.01B,$1.38B,-0.50%,$-0.01B,$1.38B,-0.51%,$-0.01B,$6.47B,-0.10%,$0.15B,$4.31B,3.77%,$859,$483,$376,$0,$210,$838,$21,$-34,$-13,$-4,$-9,$-9,$-9,$69,$21,$225,225,$-0.04,$-0.04,$974,$0,$0,$1332,$3970,$279,$0,$887,$5136,$6468,$1360,$2936,$611,$3730,$5090,$3,$148,$62,$1378,$6468,$-19,$94,$-4,$90,$0,$0,$0,$48,$48,$105,$-359,$0,$0,$0,$319,$319,$-59,$-99,$266,$-13,$253,$316,$316,$0,$81,$650,$656,$6,$0
42,2008-03-31,5.8,$5.92,0.98,$15.34,0.38,$-8.19,0.0,$0.17,34.12,$1.06B,$1.27B,0.84,$2.70B,$1.33B,2.03,$3.05B,$1.54B,50.46%,$3.05B,$0.20B,6.52%,$3.05B,$0.20B,6.52%,$3.05B,$0.38B,12.49%,$3.05B,$0.06B,1.97%,$3.05B,$0.02B,0.79%,$0.02B,$1.33B,2.19%,$0.02B,$1.33B,2.23%,$0.02B,$6.05B,0.43%,$0.20B,$4.03B,5.30%,$816,$424,$392,$0,$217,$799,$17,$-33,$-16,$-6,$-10,$-10,$-10,$63,$17,$214,214,$-0.05,$-0.05,$753,$27,$0,$1064,$3919,$284,$0,$783,$4986,$6050,$1267,$2697,$570,$3454,$4721,$2,$154,$15,$1329,$6050,$-10,$46,$-2,$44,$0,$0,$0,$20,$20,$49,$-274,$0,$0,$0,$316,$316,$15,$57,$69,$-20,$49,$310,$310,$0,$58,$417,$523,$4,$0
43,2007-12-31,5.9,$5.71,1.03,$14.95,0.39,$-8.11,0.0,$0.09,65.56,$1.12B,$1.26B,0.89,$2.59B,$1.04B,2.5,$2.84B,$1.46B,51.51%,$2.84B,$0.17B,5.95%,$2.84B,$0.17B,5.95%,$2.84B,$0.35B,12.28%,$2.84B,$0.03B,1.09%,$2.84B,$0.01B,0.42%,$0.01B,$1.04B,1.20%,$0.01B,$1.02B,1.23%,$0.01B,$5.60B,0.22%,$0.17B,$3.62B,4.62%,$739,$407,$332,$0,$196,$709,$30,$-43,$-13,$-3,$-10,$-10,$-10,$77,$30,$180,184,$-0.07,$-0.05,$834,$26,$0,$1116,$4246,$0,$21,$215,$4482,$5598,$1256,$2588,$526,$3306,$4562,$2,$162,$19,$1036,$5598,$12,$180,$25,$205,$-14,$3,$0,$86,$111,$358,$-887,$0,$0,$0,$78,$78,$75,$-734,$111,$4,$115,$26,$26,$0,$415,$556,$180,$15,$0
44,2007-09-30,9.22,$5.68,1.62,$14.55,0.63,$-9.94,0.0,$0.21,43.9,$1.11B,$1.22B,0.9,$2.59B,$1.02B,2.53,$2.74B,$1.49B,54.35%,$2.74B,$0.20B,7.42%,$2.74B,$0.20B,7.42%,$2.74B,$0.38B,13.89%,$2.74B,$0.07B,2.70%,$2.74B,$0.04B,1.43%,$0.04B,$1.02B,3.97%,$0.04B,$1.00B,4.09%,$0.04B,$5.46B,0.75%,$0.20B,$3.61B,5.57%,$765,$350,$415,$0,$191,$686,$79,$-33,$46,$23,$23,$23,$23,$125,$79,$180,199,$0.13,$0.12,$844,$0,$0,$1106,$3740,$0,$24,$591,$4355,$5461,$1224,$2589,$465,$3213,$4437,$2,$166,$14,$1024,$5461,$22,$133,$35,$168,$0,$0,$0,$106,$106,$287,$-772,$0,$0,$0,$105,$105,$77,$-590,$182,$-6,$176,$16,$16,$0,$336,$528,$225,$13,$0
45,2007-06-30,11.75,$5.52,2.13,$14.28,0.82,$-11.47,0.0,$0.09,130.56,$1.10B,$1.05B,1.05,$2.76B,$0.99B,2.78,$2.60B,$1.40B,53.71%,$2.60B,$0.17B,6.35%,$2.60B,$0.17B,6.35%,$2.60B,$0.33B,12.81%,$2.60B,$0.03B,1.12%,$2.60B,$0.02B,0.62%,$0.02B,$0.99B,1.67%,$0.02B,$0.97B,1.73%,$0.02B,$5.36B,0.32%,$0.17B,$3.75B,4.64%,$730,$330,$400,$0,$189,$657,$73,$-30,$43,$22,$21,$21,$21,$116,$73,$180,199,$0.12,$0.11,$772,$0,$0,$1097,$3704,$0,$27,$528,$4259,$5356,$1049,$2756,$422,$3314,$4363,$2,$143,$11,$993,$5356,$-1,$87,$7,$94,$0,$0,$0,$124,$124,$219,$-582,$0,$0,$0,$137,$137,$4,$-441,$182,$-17,$165,$16,$16,$0,$229,$410,$188,$8,$0
46,2007-03-31,11.51,$5.38,2.14,$13.99,0.82,$-12.70,0.0,$0.06,191.83,$1.00B,$1.02B,0.98,$2.69B,$0.96B,2.8,$2.48B,$1.33B,53.65%,$2.48B,$0.14B,5.60%,$2.48B,$0.14B,5.60%,$2.48B,$0.30B,12.21%,$2.48B,$0.01B,0.44%,$2.48B,$0.01B,0.36%,$0.01B,$0.96B,0.96%,$0.01B,$0.93B,1.00%,$0.01B,$5.15B,0.19%,$0.14B,$3.65B,4.06%,$608,$291,$317,$0,$193,$621,$-13,$-32,$-45,$-23,$-22,$-22,$-22,$31,$-13,$178,178,$-0.12,$-0.12,$774,$0,$0,$1000,$3588,$0,$30,$527,$4145,$5145,$1024,$2685,$362,$3161,$4185,$2,$122,$13,$960,$5145,$-22,$44,$-19,$25,$0,$0,$0,$141,$141,$147,$-320,$0,$0,$0,$-8,$-8,$-2,$-330,$110,$-12,$98,$6,$6,$0,$125,$229,$46,$4,$0
47,2006-12-31,14.2,$5.36,2.65,$13.40,1.06,$-13.08,0.0,$0.00,0.0,$0.93B,$0.85B,1.09,$2.63B,$0.95B,2.76,$2.36B,$1.26B,53.45%,$2.36B,$0.13B,5.37%,$2.36B,$0.13B,5.37%,$2.36B,$0.28B,11.89%,$2.36B,$0.01B,0.38%,$2.36B,$-0.00B,-0.04%,$-0.00B,$0.95B,-0.11%,$-0.00B,$0.92B,-0.11%,$-0.00B,$4.84B,-0.02%,$0.13B,$3.58B,3.88%,$633,$278,$355,$0,$174,$569,$64,$-34,$30,$13,$17,$17,$17,$108,$64,$175,175,$0.09,$0.09,$699,$27,$0,$927,$3438,$0,$32,$446,$3916,$4843,$854,$2626,$275,$3037,$3891,$2,$144,$-7,$952,$4843,$-1,$154,$23,$177,$-12,$-28,$0,$130,$90,$274,$-1097,$0,$0,$15,$-228,$-213,$3,$-1307,$465,$-26,$439,$28,$28,$0,$570,$1037,$4,$21,$0
