,Date,Stock Price,Book Value per Share,Price to Book Ratio,TTM Sales per Share,Price to Sales Ratio,TTM FCF per Share,Price to FCF Ratio,TTM Net EPS,PE Ratio,Current Assets,Current Liabilities,Current Ratio,Long Term Debt,Shareholder's Equity_x,Debt to Equity Ratio,TTM Revenue_x,TTM Gross Profit,Gross Margin,TTM Revenue_y,TTM Operating Income,Operating Margin,TTM Revenue_x,TTM EBIT,EBIT Margin,TTM Revenue_y,TTM EBITDA,EBITDA Margin,TTM Revenue_x,TTM Pre-Tax Income,Pre-Tax Margin,TTM Revenue_y,TTM Net Income_x,Net Margin,TTM Net Income_y,Shareholder's Equity_y,Return on Equity,TTM Net Income_x,Tangible Equity,Return on Tangible Equity,TTM Net Income_y,Total Assets,Return on Assets,TTM Net Income,LT Investments & Debt,Return on Investment,revenue,cost-goods-sold,gross-profit,research-development-expenses,selling-general-administrative-expenses,operating-expenses,operating-income,total-non-operating-income-expense,pre-tax-income,total-provision-income-taxes,income-after-taxes,income-from-continuous-operations,net-income,ebitda,ebit,basic-shares-outstanding,shares-outstanding,eps-basic-net-earnings-per-share,eps-earnings-per-share-diluted,cash-on-hand,inventory,other-current-assets,total-current-assets,net-property-plant-equipment,long-term-investments,goodwill-intangible-assets-total,other-long-term-assets,total-long-term-assets,total-assets,total-current-liabilities,long-term-debt,other-non-current-liabilities,total-long-term-liabilities,total-liabilities,common-stock-net,retained-earnings-accumulated-deficit,comprehensive-income,total-share-holder-equity,total-liabilities-share-holders-equity,net-income-loss,total-depreciation-amortization-cash-flow,other-non-cash-items,total-non-cash-items,change-in-accounts-receivable,change-in-inventories,change-in-accounts-payable,change-in-assets-liabilities,total-change-in-assets-liabilities,cash-flow-from-operating-activities,net-change-in-property-plant-equipment,net-change-in-intangible-assets,net-acquisitions-divestitures,net-change-in-short-term-investments,net-change-in-long-term-investments,net-change-in-investments-total,investing-activities-other,cash-flow-from-investing-activities,net-long-term-debt,net-current-debt,debt-issuance-retirement-net-total,net-common-equity-issued-repurchased,net-total-equity-issued-repurchased,total-common-preferred-stock-dividends-paid,financial-activities-other,cash-flow-from-financial-activities,net-cash-flow,stock-based-compensation,common-stock-dividends-paid
0,2018-09-30,119.3,$13.68,8.72,$58.11,2.05,$1.58,75.28,$2.50,47.72,$0.69B,$0.50B,1.38,$0.49B,$0.43B,1.12,$1.87B,$0.52B,27.65%,$1.87B,$0.14B,7.45%,$1.87B,$0.14B,7.45%,$1.87B,$0.20B,10.50%,$1.87B,$0.12B,6.59%,$1.87B,$0.08B,4.29%,$0.08B,$0.43B,18.78%,$0.08B,$-0.11B,-81.84%,$0.08B,$1.52B,5.43%,$0.14B,$0.92B,16.31%,$482,$347,$135,$6,$79,$445,$37,$-3,$33,$7,$26,$26,$26,$52,$37,$32,32,$0.83,$0.82,$39,$257,$58,$687,$239,$0,$543,$38,$835,$1521,$496,$486,$44,$592,$1089,$0,$355,$-156,$432,$1521,$61,$43,$-16,$27,$-19,$-49,$16,$8,$-62,$26,$-27,$0,$-58,$0,$0,$0,$0,$-84,$0,$107,$107,$-12,$-12,$-10,$-20,$65,$5,$8,$-10
1,2018-06-30,88.82,$12.99,6.84,$56.13,1.58,$2.90,30.59,$2.48,35.81,$0.69B,$0.52B,1.33,$0.44B,$0.41B,1.07,$1.81B,$0.50B,27.87%,$1.81B,$0.14B,7.98%,$1.81B,$0.14B,7.98%,$1.81B,$0.20B,11.02%,$1.81B,$0.13B,7.15%,$1.81B,$0.08B,4.43%,$0.08B,$0.41B,18.80%,$0.08B,$-0.10B,-86.02%,$0.08B,$1.48B,5.52%,$0.14B,$0.85B,17.40%,$491,$351,$140,$7,$82,$449,$42,$-4,$38,$5,$34,$34,$34,$56,$42,$32,32,$1.05,$1.04,$36,$271,$60,$685,$235,$0,$509,$37,$794,$1479,$516,$437,$44,$552,$1069,$0,$334,$-154,$411,$1479,$35,$28,$-1,$27,$-17,$-47,$9,$18,$-48,$15,$-18,$0,$-19,$0,$0,$0,$0,$-36,$58,$-3,$55,$-12,$-12,$-7,$-11,$26,$2,$5,$-7
2,2018-03-31,113.17,$13.27,8.53,$52.77,2.14,$2.53,44.68,$2.00,56.58,$0.68B,$0.54B,1.25,$0.41B,$0.42B,0.97,$1.70B,$0.48B,28.12%,$1.70B,$0.13B,7.71%,$1.70B,$0.13B,7.71%,$1.70B,$0.19B,10.88%,$1.70B,$0.12B,6.88%,$1.70B,$0.06B,3.76%,$0.06B,$0.42B,15.11%,$0.06B,$-0.11B,-72.93%,$0.06B,$1.50B,4.54%,$0.13B,$0.83B,16.08%,$409,$306,$104,$8,$77,$403,$6,$-4,$2,$0,$2,$2,$1,$20,$6,$32,32,$0.04,$0.04,$31,$305,$55,$679,$243,$0,$524,$38,$819,$1498,$544,$407,$45,$535,$1079,$0,$303,$-135,$419,$1498,$1,$14,$3,$17,$27,$-1,$-0,$-43,$-23,$-5,$-10,$0,$-19,$0,$0,$0,$0,$-29,$35,$-2,$33,$0,$0,$-3,$0,$30,$-3,$2,$-3
3,2017-12-31,110.48,$13.99,7.89,$51.48,2.15,$3.53,31.28,$2.53,43.67,$0.59B,$0.44B,1.33,$0.37B,$0.44B,0.84,$1.64B,$0.47B,28.85%,$1.64B,$0.15B,8.86%,$1.64B,$0.15B,8.86%,$1.64B,$0.20B,12.04%,$1.64B,$0.13B,8.07%,$1.64B,$0.08B,4.89%,$0.08B,$0.44B,19.38%,$0.08B,$-0.08B,-92.75%,$0.08B,$1.39B,5.92%,$0.15B,$0.82B,18.23%,$484,$347,$137,$9,$72,$429,$54,$-4,$50,$30,$20,$20,$19,$68,$54,$31,32,$0.61,$0.60,$34,$190,$48,$589,$233,$0,$519,$38,$803,$1391,$441,$373,$50,$508,$950,$0,$334,$-140,$442,$1391,$81,$52,$27,$78,$-36,$-24,$9,$8,$-54,$105,$-36,$0,$-104,$0,$0,$0,$0,$-140,$-113,$-3,$-116,$179,$179,$-13,$-16,$35,$1,$9,$-13
4,2017-09-30,100.71,$13.63,7.39,$49.90,2.02,$2.47,40.84,$2.70,37.3,$0.61B,$0.48B,1.28,$0.39B,$0.43B,0.91,$1.56B,$0.45B,28.84%,$1.56B,$0.13B,8.03%,$1.56B,$0.13B,8.03%,$1.56B,$0.18B,11.24%,$1.56B,$0.11B,7.32%,$1.56B,$0.08B,5.39%,$0.08B,$0.43B,24.19%,$0.08B,$-0.09B,-65.37%,$0.08B,$1.43B,6.46%,$0.13B,$0.82B,16.46%,$421,$299,$122,$7,$74,$379,$42,$-3,$39,$12,$26,$26,$26,$55,$42,$32,32,$0.81,$0.80,$38,$218,$54,$609,$231,$0,$522,$39,$816,$1425,$475,$392,$50,$519,$995,$0,$318,$-134,$430,$1425,$61,$38,$7,$45,$-21,$-54,$12,$33,$-38,$68,$-26,$0,$-103,$0,$0,$0,$0,$-129,$-1,$-93,$-95,$179,$179,$-10,$-10,$65,$5,$6,$-10
5,2017-06-30,97.51,$12.73,7.66,$48.61,2.01,$1.30,75.21,$2.59,37.65,$0.56B,$0.40B,1.39,$0.39B,$0.40B,0.97,$1.49B,$0.42B,28.33%,$1.49B,$0.11B,7.60%,$1.49B,$0.11B,7.60%,$1.49B,$0.16B,10.70%,$1.49B,$0.10B,6.86%,$1.49B,$0.08B,5.32%,$0.08B,$0.40B,28.01%,$0.08B,$-0.08B,-64.75%,$0.08B,$1.32B,6.67%,$0.11B,$0.80B,16.83%,$386,$271,$115,$6,$77,$357,$29,$-3,$26,$8,$18,$18,$18,$42,$29,$32,32,$0.56,$0.56,$26,$198,$54,$560,$221,$0,$480,$35,$759,$1320,$404,$392,$36,$513,$917,$0,$295,$-142,$403,$1320,$35,$25,$6,$31,$-2,$-40,$-4,$-18,$-65,$1,$-16,$0,$-62,$0,$0,$0,$0,$-79,$-97,$-2,$-99,$184,$184,$-6,$-10,$69,$-7,$4,$-6
6,2017-03-31,87.41,$11.90,7.35,$47.69,1.83,$1.11,78.51,$2.66,32.86,$0.52B,$0.40B,1.29,$0.37B,$0.38B,0.99,$1.43B,$0.40B,28.13%,$1.43B,$0.11B,7.98%,$1.43B,$0.11B,7.98%,$1.43B,$0.16B,10.92%,$1.43B,$0.10B,7.28%,$1.43B,$0.08B,5.60%,$0.08B,$0.38B,36.66%,$0.08B,$-0.10B,-64.00%,$0.08B,$1.27B,7.32%,$0.11B,$0.75B,19.45%,$345,$247,$98,$6,$71,$324,$20,$-3,$17,$-1,$18,$18,$17,$32,$20,$30,30,$0.58,$0.57,$43,$178,$53,$521,$217,$0,$475,$33,$751,$1272,$402,$373,$35,$493,$896,$0,$280,$-152,$376,$1272,$17,$12,$2,$14,$27,$-23,$-3,$-8,$-7,$24,$-7,$0,$-61,$0,$0,$0,$0,$-68,$-118,$-1,$-118,$185,$185,$-3,$-10,$54,$10,$2,$-3
7,2016-12-31,85.32,$6.17,13.83,$45.32,1.88,$0.21,403.59,$2.26,37.75,$0.49B,$0.39B,1.23,$0.49B,$0.18B,2.73,$1.35B,$0.38B,28.20%,$1.35B,$0.10B,7.70%,$1.35B,$0.10B,7.70%,$1.35B,$0.14B,10.51%,$1.35B,$0.10B,7.03%,$1.35B,$0.07B,5.03%,$0.07B,$0.18B,42.83%,$0.07B,$-0.25B,-53.75%,$0.07B,$1.19B,6.77%,$0.10B,$0.67B,20.49%,$405,$291,$114,$6,$68,$371,$34,$-2,$32,$9,$23,$23,$23,$46,$34,$29,30,$0.79,$0.78,$33,$140,$52,$485,$210,$0,$426,$32,$702,$1187,$393,$492,$37,$615,$1008,$0,$267,$-157,$180,$1187,$68,$39,$8,$47,$-29,$-3,$16,$-20,$-47,$67,$-35,$0,$-232,$0,$0,$0,$0,$-267,$210,$5,$215,$-4,$-4,$-12,$-4,$195,$-4,$10,$-12
8,2016-09-30,69.95,$5.77,12.13,$43.62,1.6,$1.72,40.56,$2.19,31.94,$0.47B,$0.39B,1.21,$0.30B,$0.17B,1.78,$1.30B,$0.37B,28.38%,$1.30B,$0.10B,7.77%,$1.30B,$0.10B,7.77%,$1.30B,$0.14B,10.46%,$1.30B,$0.09B,7.15%,$1.30B,$0.07B,5.08%,$0.07B,$0.17B,45.13%,$0.07B,$-0.07B,-71.35%,$0.07B,$0.96B,7.12%,$0.10B,$0.47B,22.85%,$350,$256,$94,$6,$57,$320,$30,$-3,$27,$6,$21,$21,$21,$39,$30,$29,30,$0.70,$0.69,$48,$143,$40,$472,$188,$0,$235,$30,$488,$961,$391,$300,$26,$401,$792,$0,$247,$-145,$169,$961,$45,$27,$8,$35,$-27,$-38,$10,$14,$-53,$27,$-23,$0,$-3,$0,$0,$0,$0,$-26,$19,$3,$22,$-4,$-4,$-9,$-1,$8,$11,$7,$-9
9,2016-06-30,60.61,$5.09,11.91,$41.15,1.47,$2.42,25.07,$1.92,31.57,$0.46B,$0.39B,1.18,$0.31B,$0.15B,2.06,$1.22B,$0.35B,28.70%,$1.22B,$0.09B,7.52%,$1.22B,$0.09B,7.52%,$1.22B,$0.13B,10.22%,$1.22B,$0.09B,7.03%,$1.22B,$0.06B,4.74%,$0.06B,$0.15B,43.12%,$0.06B,$-0.09B,-66.29%,$0.06B,$0.95B,6.57%,$0.09B,$0.45B,22.29%,$329,$233,$96,$6,$58,$299,$30,$-2,$28,$9,$19,$19,$19,$39,$30,$29,30,$0.64,$0.63,$35,$150,$42,$459,$190,$0,$238,$29,$490,$949,$390,$305,$24,$411,$801,$0,$229,$-145,$148,$949,$24,$18,$10,$28,$-18,$-44,$3,$18,$-51,$1,$-20,$0,$-3,$0,$0,$0,$0,$-23,$25,$5,$30,$-4,$-4,$-6,$-1,$19,$-2,$5,$-6
10,2016-03-31,55.76,$4.72,11.82,$38.75,1.44,$3.85,14.49,$1.77,31.5,$0.43B,$0.37B,1.16,$0.30B,$0.14B,2.16,$1.15B,$0.33B,28.63%,$1.15B,$0.09B,7.40%,$1.15B,$0.09B,7.40%,$1.15B,$0.12B,10.10%,$1.15B,$0.08B,6.88%,$1.15B,$0.05B,4.61%,$0.05B,$0.14B,41.25%,$0.05B,$-0.11B,-82.17%,$0.05B,$0.92B,6.52%,$0.09B,$0.44B,23.04%,$267,$190,$77,$6,$54,$257,$10,$-2,$8,$3,$5,$5,$5,$18,$10,$30,30,$0.17,$0.17,$36,$137,$47,$431,$189,$0,$242,$30,$492,$922,$371,$297,$30,$413,$784,$0,$213,$-141,$138,$922,$5,$9,$4,$12,$5,$-30,$-2,$15,$-17,$0,$-11,$0,$-3,$0,$0,$0,$0,$-14,$17,$-0,$16,$-1,$-1,$-3,$-1,$11,$-1,$2,$-3
11,2015-12-31,49.16,$4.45,11.05,$37.34,1.32,$4.98,9.87,$1.87,26.29,$0.40B,$0.35B,1.12,$0.28B,$0.13B,2.16,$1.11B,$0.32B,28.64%,$1.11B,$0.09B,8.04%,$1.11B,$0.09B,8.04%,$1.11B,$0.12B,10.75%,$1.11B,$0.08B,7.50%,$1.11B,$0.06B,5.06%,$0.06B,$0.13B,46.67%,$0.06B,$-0.11B,-129.48%,$0.06B,$0.88B,7.52%,$0.09B,$0.41B,27.47%,$354,$252,$102,$5,$65,$323,$31,$-2,$30,$9,$21,$21,$21,$40,$31,$30,30,$0.70,$0.71,$37,$105,$42,$396,$181,$0,$239,$28,$480,$876,$353,$281,$22,$393,$746,$0,$211,$-147,$130,$876,$56,$30,$12,$41,$-11,$16,$10,$15,$15,$112,$-34,$0,$-151,$0,$0,$0,$0,$-185,$108,$-2,$106,$-8,$-8,$-11,$-4,$84,$4,$7,$-11
12,2015-09-30,37.66,$4.18,9.02,$35.32,1.07,$3.79,9.93,$1.68,22.42,$0.42B,$0.33B,1.3,$0.23B,$0.12B,1.9,$1.05B,$0.30B,28.15%,$1.05B,$0.08B,7.63%,$1.05B,$0.08B,7.63%,$1.05B,$0.11B,10.31%,$1.05B,$0.07B,7.06%,$1.05B,$0.05B,4.77%,$0.05B,$0.12B,42.64%,$0.05B,$-0.05B,-273.97%,$0.05B,$0.78B,7.14%,$0.08B,$0.35B,27.14%,$273,$197,$76,$5,$48,$252,$21,$-2,$20,$7,$13,$13,$13,$28,$21,$30,30,$0.43,$0.42,$38,$138,$42,$424,$159,$0,$168,$31,$358,$782,$325,$231,$30,$335,$660,$0,$193,$-136,$122,$782,$35,$21,$7,$28,$-1,$-17,$14,$-12,$-15,$48,$-24,$0,$-51,$0,$0,$0,$0,$-75,$58,$-2,$57,$-8,$-8,$-8,$-3,$37,$5,$5,$-8
13,2015-06-30,36.91,$4.26,8.67,$34.28,1.08,$3.73,9.9,$1.56,23.66,$0.37B,$0.29B,1.29,$0.15B,$0.12B,1.24,$1.02B,$0.28B,27.80%,$1.02B,$0.07B,7.27%,$1.02B,$0.07B,7.27%,$1.02B,$0.10B,10.02%,$1.02B,$0.07B,6.68%,$1.02B,$0.05B,4.52%,$0.05B,$0.12B,36.87%,$0.05B,$0.00B,525.71%,$0.05B,$0.67B,6.90%,$0.07B,$0.28B,26.86%,$255,$180,$74,$4,$47,$231,$23,$-2,$21,$7,$14,$14,$14,$30,$23,$30,30,$0.49,$0.48,$20,$122,$40,$370,$151,$0,$122,$29,$301,$672,$288,$154,$24,$260,$547,$0,$183,$-126,$124,$672,$22,$14,$5,$19,$9,$-14,$9,$-6,$-1,$40,$-17,$0,$0,$0,$0,$0,$0,$-17,$-19,$-1,$-20,$-4,$-4,$-6,$-3,$-32,$-13,$3,$-6
14,2015-03-31,34.99,$3.57,9.8,$34.04,1.03,$3.08,11.35,$1.46,23.97,$0.36B,$0.29B,1.23,$0.15B,$0.10B,1.44,$1.01B,$0.28B,27.40%,$1.01B,$0.07B,6.92%,$1.01B,$0.07B,6.92%,$1.01B,$0.10B,9.59%,$1.01B,$0.06B,6.33%,$1.01B,$0.04B,4.25%,$0.04B,$0.10B,32.27%,$0.04B,$-0.02B,90.53%,$0.04B,$0.65B,6.48%,$0.07B,$0.26B,25.04%,$225,$161,$65,$4,$47,$211,$14,$-2,$12,$4,$8,$8,$8,$21,$14,$30,30,$0.27,$0.27,$20,$118,$71,$355,$143,$0,$124,$29,$296,$650,$288,$151,$24,$258,$546,$0,$172,$-133,$104,$650,$8,$7,$5,$12,$26,$-12,$1,$-5,$10,$31,$-8,$0,$0,$0,$0,$0,$0,$-8,$-22,$0,$-22,$-3,$-3,$-3,$-3,$-31,$-14,$1,$-3
15,2014-12-31,32.11,$4.10,7.84,$33.22,0.97,$2.75,11.69,$1.03,31.17,$0.37B,$0.28B,1.29,$0.17B,$0.12B,1.46,$0.98B,$0.26B,26.83%,$0.98B,$0.05B,5.18%,$0.98B,$0.05B,5.18%,$0.98B,$0.08B,7.72%,$0.98B,$0.05B,4.57%,$0.98B,$0.03B,3.05%,$0.03B,$0.12B,20.80%,$0.03B,$-0.01B,33.52%,$0.03B,$0.70B,4.61%,$0.05B,$0.29B,18.72%,$295,$215,$80,$4,$51,$273,$22,$-2,$21,$6,$15,$15,$15,$29,$22,$30,30,$0.51,$0.51,$33,$112,$36,$365,$148,$11,$129,$10,$333,$698,$282,$174,$24,$296,$579,$0,$166,$-117,$119,$698,$31,$25,$14,$39,$10,$8,$2,$8,$8,$78,$-35,$0,$-91,$0,$0,$0,$0,$-127,$76,$2,$78,$-3,$-3,$-11,$-3,$62,$4,$7,$-11
16,2014-09-30,27.41,$5.21,5.26,$33.04,0.83,$2.47,11.1,$0.98,27.97,$0.39B,$0.30B,1.29,$0.12B,$0.15B,0.81,$0.98B,$0.26B,26.20%,$0.98B,$0.05B,5.02%,$0.98B,$0.05B,5.02%,$0.98B,$0.07B,7.47%,$0.98B,$0.04B,4.40%,$0.98B,$0.03B,2.97%,$0.03B,$0.15B,18.95%,$0.03B,$0.06B,24.68%,$0.03B,$0.65B,4.59%,$0.05B,$0.28B,18.74%,$243,$179,$64,$3,$44,$228,$15,$-2,$14,$5,$9,$9,$9,$22,$15,$30,30,$0.30,$0.30,$23,$139,$71,$388,$138,$0,$90,$33,$260,$648,$301,$123,$25,$196,$497,$0,$154,$-71,$152,$648,$16,$19,$7,$26,$30,$-25,$3,$-1,$8,$49,$-27,$0,$-38,$0,$0,$0,$0,$-64,$25,$2,$27,$-2,$-2,$-8,$-3,$15,$-6,$6,$-8
17,2014-06-30,30.1,$5.43,5.55,$32.82,0.92,$2.68,11.23,$0.91,33.08,$0.44B,$0.28B,1.54,$0.14B,$0.16B,0.87,$0.97B,$0.25B,25.41%,$0.97B,$0.05B,4.75%,$0.97B,$0.05B,4.75%,$0.97B,$0.07B,7.13%,$0.97B,$0.04B,4.03%,$0.97B,$0.03B,2.79%,$0.03B,$0.16B,18.65%,$0.03B,$0.16B,20.49%,$0.03B,$0.66B,4.34%,$0.05B,$0.30B,18.55%,$248,$179,$68,$4,$45,$229,$19,$-2,$17,$6,$11,$11,$11,$25,$19,$30,30,$0.39,$0.38,$64,$143,$69,$435,$137,$0,$0,$86,$223,$657,$282,$137,$40,$218,$499,$0,$148,$-60,$158,$657,$7,$12,$7,$18,$28,$-24,$-1,$-9,$-5,$20,$-16,$0,$-2,$0,$0,$0,$0,$-18,$41,$-1,$41,$0,$0,$-6,$-2,$33,$34,$4,$-6
18,2014-03-31,29.92,$5.08,5.89,$32.10,0.93,$3.12,9.6,$0.82,36.49,$0.38B,$0.29B,1.31,$0.08B,$0.15B,0.54,$0.95B,$0.24B,25.03%,$0.95B,$0.04B,4.44%,$0.95B,$0.04B,4.44%,$0.95B,$0.07B,6.86%,$0.95B,$0.04B,3.70%,$0.95B,$0.03B,2.64%,$0.03B,$0.15B,18.87%,$0.03B,$0.15B,20.92%,$0.03B,$0.60B,4.13%,$0.04B,$0.23B,18.54%,$198,$146,$52,$4,$44,$203,$-5,$-1,$-7,$-2,$-5,$-5,$-5,$0,$-5,$29,29,$-0.16,$-0.16,$19,$142,$68,$379,$135,$0,$0,$87,$222,$601,$289,$79,$38,$164,$453,$0,$139,$-59,$148,$601,$-5,$6,$6,$11,$38,$-22,$1,$-3,$15,$21,$-8,$0,$-2,$0,$0,$0,$0,$-10,$-17,$-1,$-17,$0,$0,$-3,$-2,$-22,$-10,$2,$-3
19,2013-12-31,28.32,$5.33,5.31,$31.66,0.89,$3.01,9.4,$1.12,25.28,$0.40B,$0.28B,1.43,$0.09B,$0.15B,0.61,$0.94B,$0.24B,25.13%,$0.94B,$0.05B,5.78%,$0.94B,$0.05B,5.78%,$0.94B,$0.08B,8.34%,$0.94B,$0.05B,5.03%,$0.94B,$0.03B,3.64%,$0.03B,$0.15B,27.87%,$0.03B,$0.10B,31.19%,$0.03B,$0.62B,5.66%,$0.05B,$0.25B,24.46%,$288,$217,$72,$3,$46,$268,$20,$-1,$19,$5,$14,$14,$14,$26,$20,$29,30,$0.47,$0.45,$29,$118,$36,$397,$133,$12,$52,$18,$225,$621,$278,$94,$32,$189,$467,$0,$147,$-60,$154,$621,$33,$25,$10,$35,$1,$-10,$-2,$15,$-6,$62,$-28,$0,$0,$0,$0,$0,$0,$-28,$-89,$-0,$-90,$-0,$-0,$-10,$-2,$-102,$-70,$7,$-10
20,2013-09-30,23.94,$4.10,5.84,$31.89,0.75,$4.02,5.95,$1.29,18.56,$0.38B,$0.26B,1.46,$0.10B,$0.12B,0.86,$0.94B,$0.24B,25.21%,$0.94B,$0.06B,6.70%,$0.94B,$0.06B,6.70%,$0.94B,$0.09B,9.26%,$0.94B,$0.06B,5.85%,$0.94B,$0.04B,4.15%,$0.04B,$0.12B,35.45%,$0.04B,$0.12B,40.52%,$0.04B,$0.61B,6.35%,$0.06B,$0.22B,27.13%,$234,$179,$54,$4,$39,$222,$12,$-1,$10,$3,$7,$7,$7,$18,$12,$29,29,$0.23,$0.23,$36,$145,$61,$383,$129,$0,$0,$95,$224,$607,$262,$103,$30,$226,$488,$0,$136,$-83,$119,$607,$20,$19,$6,$24,$46,$-37,$-5,$0,$5,$48,$-20,$0,$0,$0,$0,$0,$0,$-20,$-81,$-1,$-82,$-0,$-0,$-8,$-2,$-91,$-63,$5,$-8
21,2013-06-30,20.14,$3.75,5.37,$30.83,0.65,$4.80,4.2,$1.26,15.99,$0.37B,$0.26B,1.45,$0.10B,$0.11B,0.93,$0.91B,$0.24B,25.80%,$0.91B,$0.06B,6.70%,$0.91B,$0.06B,6.70%,$0.91B,$0.09B,9.33%,$0.91B,$0.05B,5.93%,$0.91B,$0.04B,4.17%,$0.04B,$0.11B,36.36%,$0.04B,$0.11B,41.87%,$0.04B,$0.59B,6.05%,$0.06B,$0.21B,27.73%,$227,$168,$59,$4,$41,$212,$15,$-2,$13,$4,$9,$9,$9,$21,$15,$29,30,$0.29,$0.29,$21,$139,$63,$371,$126,$0,$0,$94,$220,$591,$256,$101,$29,$226,$482,$0,$131,$-87,$109,$591,$13,$13,$2,$14,$39,$-33,$-7,$4,$3,$30,$-13,$0,$0,$0,$0,$0,$0,$-13,$-86,$0,$-86,$0,$0,$-5,$-2,$-93,$-78,$3,$-5
22,2013-03-31,19.81,$3.66,5.41,$30.43,0.65,$5.49,3.61,$1.23,16.1,$0.36B,$0.25B,1.43,$0.10B,$0.11B,0.92,$0.90B,$0.23B,25.61%,$0.90B,$0.06B,6.68%,$0.90B,$0.06B,6.68%,$0.90B,$0.08B,9.35%,$0.90B,$0.05B,5.90%,$0.90B,$0.04B,4.12%,$0.04B,$0.11B,37.47%,$0.04B,$0.11B,43.53%,$0.04B,$0.58B,5.82%,$0.06B,$0.20B,25.70%,$186,$135,$50,$3,$41,$179,$7,$-1,$5,$1,$4,$4,$4,$13,$7,$29,30,$0.14,$0.14,$15,$132,$60,$357,$128,$0,$0,$97,$225,$582,$251,$98,$29,$226,$476,$0,$126,$-82,$106,$582,$4,$6,$-2,$4,$38,$-25,$-14,$10,$9,$18,$-8,$0,$0,$0,$0,$0,$0,$-8,$-89,$0,$-89,$0,$0,$-2,$-2,$-94,$-84,$2,$-2
23,2012-12-31,16.9,$3.68,4.6,$31.10,0.54,$5.54,3.05,$1.22,13.86,$0.45B,$0.25B,1.8,$0.19B,$0.11B,1.79,$0.92B,$0.23B,25.08%,$0.92B,$0.06B,6.65%,$0.92B,$0.06B,6.65%,$0.92B,$0.09B,9.27%,$0.92B,$0.05B,5.89%,$0.92B,$0.04B,4.03%,$0.04B,$0.11B,39.36%,$0.04B,$0.05B,46.11%,$0.04B,$0.68B,5.82%,$0.06B,$0.30B,25.52%,$293,$219,$74,$4,$42,$264,$29,$-2,$27,$8,$19,$19,$19,$35,$29,$29,30,$0.63,$0.64,$99,$109,$29,$451,$126,$12,$54,$13,$227,$678,$251,$189,$26,$322,$572,$0,$124,$-81,$106,$678,$36,$24,$16,$39,$2,$15,$5,$3,$11,$86,$-23,$0,$-10,$0,$0,$0,$0,$-33,$52,$-1,$51,$-4,$-4,$-9,$-3,$36,$90,$8,$-9
24,2012-09-30,15.47,$3.34,4.64,$30.43,0.51,$3.94,3.93,$0.84,18.41,$0.42B,$0.36B,1.17,$0.08B,$0.10B,0.78,$0.90B,$0.22B,24.78%,$0.90B,$0.04B,4.91%,$0.90B,$0.04B,4.91%,$0.90B,$0.07B,7.59%,$0.90B,$0.04B,4.24%,$0.90B,$0.03B,2.79%,$0.03B,$0.10B,28.57%,$0.03B,$0.10B,33.00%,$0.03B,$0.66B,4.07%,$0.04B,$0.17B,20.07%,$205,$153,$52,$3,$38,$195,$10,$-2,$9,$2,$6,$6,$6,$16,$10,$29,30,$0.21,$0.20,$84,$143,$48,$423,$124,$0,$0,$113,$237,$661,$363,$76,$30,$202,$564,$0,$107,$-75,$97,$661,$18,$18,$9,$27,$43,$-19,$-5,$5,$24,$68,$-16,$0,$-5,$0,$0,$0,$0,$-21,$37,$-1,$37,$0,$0,$-6,$-2,$29,$75,$5,$-6
25,2012-06-30,12.8,$2.99,4.28,$31.33,0.41,$3.17,4.04,$0.91,14.06,$0.39B,$0.22B,1.72,$0.18B,$0.09B,2.04,$0.92B,$0.23B,24.65%,$0.92B,$0.05B,5.21%,$0.92B,$0.05B,5.21%,$0.92B,$0.07B,7.93%,$0.92B,$0.04B,4.56%,$0.92B,$0.03B,2.93%,$0.03B,$0.09B,30.08%,$0.03B,$0.09B,34.62%,$0.03B,$0.62B,4.55%,$0.05B,$0.26B,20.32%,$214,$160,$54,$3,$38,$200,$14,$-2,$12,$4,$8,$8,$8,$20,$14,$29,30,$0.27,$0.26,$75,$125,$42,$385,$122,$0,$0,$114,$236,$622,$224,$176,$29,$311,$535,$0,$103,$-79,$86,$622,$12,$12,$0,$12,$45,$-3,$-12,$-6,$24,$48,$-10,$0,$-5,$0,$0,$0,$0,$-15,$40,$-1,$40,$0,$0,$-4,$-2,$34,$66,$4,$-4
26,2012-03-31,15.2,$3.00,5.07,$32.68,0.47,$1.99,7.66,$1.00,15.2,$0.35B,$0.22B,1.59,$0.14B,$0.09B,1.61,$0.96B,$0.23B,24.27%,$0.96B,$0.05B,5.31%,$0.96B,$0.05B,5.31%,$0.96B,$0.08B,7.92%,$0.96B,$0.05B,4.79%,$0.96B,$0.03B,3.02%,$0.03B,$0.09B,30.21%,$0.03B,$0.09B,34.42%,$0.03B,$0.58B,4.94%,$0.05B,$0.23B,21.75%,$205,$154,$50,$4,$39,$197,$8,$-2,$6,$2,$4,$4,$4,$14,$8,$29,29,$0.13,$0.13,$19,$132,$43,$350,$125,$0,$0,$109,$234,$584,$220,$139,$29,$278,$497,$0,$98,$-72,$87,$584,$4,$6,$-1,$5,$36,$-8,$-10,$-11,$7,$16,$-5,$0,$0,$0,$0,$0,$0,$-5,$3,$-1,$3,$0,$0,$-2,$-2,$-1,$10,$2,$-2
27,2011-12-31,14.35,$2.79,5.15,$32.62,0.44,$2.15,6.67,$1.04,13.8,$0.37B,$0.24B,1.55,$0.14B,$0.08B,1.7,$0.96B,$0.23B,24.45%,$0.96B,$0.05B,5.43%,$0.96B,$0.05B,5.43%,$0.96B,$0.08B,8.05%,$0.96B,$0.05B,5.02%,$0.96B,$0.03B,3.13%,$0.03B,$0.08B,30.30%,$0.03B,$0.03B,34.38%,$0.03B,$0.59B,5.13%,$0.05B,$0.22B,22.08%,$272,$205,$66,$4,$40,$259,$12,$-2,$11,$3,$7,$7,$7,$18,$12,$29,29,$0.25,$0.25,$9,$122,$25,$371,$125,$11,$46,$10,$221,$592,$240,$136,$25,$273,$512,$0,$96,$-77,$80,$592,$31,$24,$10,$34,$0,$-20,$-2,$4,$-28,$36,$-20,$0,$0,$0,$0,$0,$-1,$-21,$-10,$3,$-7,$-0,$-0,$-8,$-3,$-19,$-5,$5,$-8
28,2011-09-30,13.26,$3.69,3.6,$33.20,0.4,$1.41,9.42,$1.33,9.97,$0.36B,$0.25B,1.44,$0.13B,$0.11B,1.27,$0.97B,$0.25B,25.21%,$0.97B,$0.07B,7.10%,$0.97B,$0.07B,7.10%,$0.97B,$0.09B,9.67%,$0.97B,$0.06B,6.48%,$0.97B,$0.04B,4.01%,$0.04B,$0.11B,38.14%,$0.04B,$0.11B,43.21%,$0.04B,$0.58B,6.70%,$0.07B,$0.24B,28.63%,$230,$173,$57,$5,$38,$216,$14,$-2,$13,$5,$8,$8,$8,$21,$14,$29,29,$0.28,$0.27,$20,$140,$37,$356,$125,$0,$0,$95,$220,$576,$248,$134,$28,$223,$471,$0,$91,$-45,$106,$576,$23,$18,$6,$24,$32,$-37,$1,$1,$-4,$44,$-15,$0,$0,$0,$0,$0,$-1,$-16,$-11,$1,$-11,$0,$0,$-6,$-3,$-20,$6,$4,$-6
29,2011-06-30,17.88,$3.93,4.55,$32.78,0.55,$0.20,88.89,$1.38,12.95,$0.37B,$0.24B,1.53,$0.15B,$0.11B,1.31,$0.96B,$0.24B,25.44%,$0.96B,$0.07B,7.40%,$0.96B,$0.07B,7.40%,$0.96B,$0.10B,9.91%,$0.96B,$0.07B,6.78%,$0.96B,$0.04B,4.17%,$0.04B,$0.11B,41.45%,$0.04B,$0.11B,47.34%,$0.04B,$0.60B,6.89%,$0.07B,$0.26B,29.86%,$253,$193,$60,$5,$38,$235,$17,$-2,$16,$5,$10,$10,$10,$23,$17,$29,29,$0.36,$0.35,$8,$128,$42,$368,$132,$0,$0,$97,$230,$598,$240,$145,$30,$247,$487,$0,$85,$-32,$111,$598,$15,$12,$1,$13,$5,$-20,$0,$-1,$-15,$13,$-11,$0,$0,$0,$0,$0,$-1,$-12,$-0,$1,$0,$0,$0,$-4,$-3,$-7,$-6,$3,$-4
30,2011-03-31,17.73,$3.46,5.12,$31.32,0.57,$0.11,162.79,$1.31,13.53,$0.34B,$0.24B,1.43,$0.13B,$0.10B,1.32,$0.91B,$0.24B,26.04%,$0.91B,$0.07B,7.55%,$0.91B,$0.07B,7.55%,$0.91B,$0.09B,10.07%,$0.91B,$0.06B,6.67%,$0.91B,$0.04B,4.16%,$0.04B,$0.10B,45.10%,$0.04B,$0.10B,52.60%,$0.04B,$0.57B,6.80%,$0.07B,$0.23B,31.12%,$202,$150,$51,$5,$38,$192,$9,$-2,$8,$3,$5,$5,$5,$15,$9,$29,29,$0.17,$0.17,$10,$128,$41,$341,$132,$0,$0,$99,$230,$571,$238,$131,$29,$234,$472,$0,$77,$-34,$99,$571,$5,$6,$-1,$5,$34,$-20,$-7,$5,$12,$22,$-6,$0,$0,$0,$0,$0,$0,$-6,$-15,$1,$-14,$0,$0,$-2,$-3,$-20,$-4,$1,$-2
31,2010-12-31,18.49,$3.30,5.6,$30.25,0.61,$-0.65,0.0,$1.28,14.44,$0.36B,$0.24B,1.47,$0.15B,$0.09B,1.56,$0.88B,$0.23B,26.56%,$0.88B,$0.07B,7.60%,$0.88B,$0.07B,7.60%,$0.88B,$0.09B,10.22%,$0.88B,$0.06B,6.70%,$0.88B,$0.04B,4.20%,$0.04B,$0.09B,49.66%,$0.04B,$0.05B,59.20%,$0.04B,$0.58B,6.82%,$0.07B,$0.24B,31.38%,$287,$210,$77,$4,$41,$257,$29,$-3,$26,$10,$16,$16,$16,$35,$29,$28,29,$0.56,$0.54,$14,$107,$30,$356,$129,$10,$48,$13,$226,$582,$242,$145,$27,$247,$489,$0,$74,$-39,$93,$582,$37,$23,$10,$33,$-55,$3,$19,$-7,$-53,$18,$-23,$0,$-0,$0,$0,$0,$0,$-24,$15,$0,$15,$0,$0,$-8,$-2,$5,$-1,$7,$-8
32,2010-09-30,14.74,$2.94,5.02,$29.00,0.51,$0.81,18.22,$1.11,13.28,$0.35B,$0.25B,1.42,$0.14B,$0.08B,1.74,$0.84B,$0.22B,26.31%,$0.84B,$0.06B,6.55%,$0.84B,$0.06B,6.55%,$0.84B,$0.08B,9.29%,$0.84B,$0.05B,5.71%,$0.84B,$0.03B,3.81%,$0.03B,$0.08B,47.94%,$0.03B,$0.08B,58.72%,$0.03B,$0.57B,6.07%,$0.06B,$0.23B,27.16%,$217,$160,$56,$5,$36,$201,$16,$-1,$15,$5,$9,$9,$9,$22,$16,$28,29,$0.33,$0.32,$13,$132,$43,$354,$122,$0,$0,$95,$217,$571,$250,$144,$31,$238,$488,$0,$60,$-34,$83,$571,$22,$17,$1,$19,$-12,$-24,$13,$-11,$-34,$6,$-13,$0,$0,$0,$0,$0,$-0,$-13,$13,$0,$13,$0,$0,$-6,$-2,$5,$-2,$5,$-6
33,2010-06-30,13.89,$2.20,6.33,$28.43,0.49,$1.73,8.04,$1.08,12.86,$0.30B,$0.22B,1.37,$0.13B,$0.06B,2.11,$0.82B,$0.22B,26.74%,$0.82B,$0.05B,6.47%,$0.82B,$0.05B,6.47%,$0.82B,$0.08B,9.28%,$0.82B,$0.05B,5.62%,$0.82B,$0.03B,3.79%,$0.03B,$0.06B,53.91%,$0.03B,$0.06B,68.51%,$0.03B,$0.51B,5.94%,$0.05B,$0.19B,27.39%,$208,$154,$54,$4,$35,$194,$15,$-2,$12,$4,$8,$8,$8,$20,$15,$28,29,$0.29,$0.28,$9,$117,$34,$301,$117,$0,$0,$94,$211,$511,$219,$130,$29,$231,$450,$0,$53,$-45,$62,$511,$12,$11,$5,$16,$2,$-17,$4,$-12,$-23,$5,$-6,$0,$0,$0,$0,$0,$0,$-6,$-1,$2,$1,$0,$0,$-4,$-2,$-5,$-6,$4,$-4
34,2010-03-31,15.91,$2.13,7.48,$29.35,0.54,$2.39,6.65,$1.14,13.95,$0.29B,$0.21B,1.37,$0.14B,$0.06B,2.29,$0.84B,$0.22B,26.63%,$0.84B,$0.06B,6.54%,$0.84B,$0.06B,6.54%,$0.84B,$0.08B,9.27%,$0.84B,$0.05B,5.83%,$0.84B,$0.03B,3.92%,$0.03B,$0.06B,72.53%,$0.03B,$0.06B,99.25%,$0.03B,$0.51B,6.17%,$0.06B,$0.20B,29.53%,$169,$122,$47,$4,$35,$162,$7,$-1,$6,$2,$4,$4,$4,$13,$7,$28,29,$0.14,$0.14,$10,$111,$33,$287,$121,$0,$0,$99,$220,$507,$209,$137,$26,$238,$447,$0,$47,$-39,$60,$507,$4,$6,$2,$8,$12,$-6,$-7,$-15,$-16,$-4,$-2,$0,$0,$0,$0,$0,$0,$-2,$6,$0,$6,$0,$0,$-2,$-2,$2,$-5,$2,$-2
35,2009-12-31,15.36,$2.24,6.86,$29.51,0.52,$2.66,5.77,$1.15,13.36,$0.29B,$0.22B,1.32,$0.13B,$0.06B,2.13,$0.84B,$0.22B,26.63%,$0.84B,$0.06B,6.66%,$0.84B,$0.06B,6.66%,$0.84B,$0.08B,9.27%,$0.84B,$0.05B,5.83%,$0.84B,$0.03B,3.92%,$0.03B,$0.06B,114.78%,$0.03B,$0.01B,200.00%,$0.03B,$0.52B,6.02%,$0.06B,$0.19B,31.73%,$246,$182,$64,$5,$39,$229,$17,$-2,$15,$5,$11,$11,$11,$23,$17,$28,29,$0.39,$0.37,$14,$107,$22,$291,$127,$11,$49,$13,$230,$520,$221,$132,$27,$238,$459,$0,$45,$-36,$62,$520,$33,$23,$26,$49,$14,$23,$-3,$-43,$-28,$54,$-18,$0,$-7,$0,$0,$0,$0,$-25,$-53,$0,$-53,$0,$0,$-8,$1,$-60,$-29,$8,$-8
36,2009-09-30,16.35,$1.65,9.9,$29.35,0.56,$3.60,4.55,$1.14,14.34,$0.32B,$0.24B,1.31,$0.15B,$0.05B,3.18,$0.83B,$0.22B,26.63%,$0.83B,$0.06B,7.23%,$0.83B,$0.06B,7.23%,$0.83B,$0.08B,9.88%,$0.83B,$0.05B,5.90%,$0.83B,$0.03B,3.86%,$0.03B,$0.05B,290.91%,$0.03B,$0.05B,-12800.00%,$0.03B,$0.55B,5.66%,$0.06B,$0.19B,34.88%,$196,$142,$54,$4,$36,$183,$14,$-1,$13,$4,$8,$8,$8,$20,$14,$28,29,$0.30,$0.29,$13,$143,$39,$316,$127,$0,$0,$109,$235,$551,$241,$145,$37,$265,$506,$0,$36,$-41,$46,$551,$22,$17,$13,$30,$40,$-12,$-5,$-24,$-18,$33,$-13,$0,$-7,$0,$0,$0,$0,$-20,$-40,$-0,$-40,$0,$0,$-6,$0,$-46,$-31,$6,$-6
37,2009-06-30,11.22,$0.50,22.59,$31.64,0.35,$4.87,2.3,$1.16,9.67,$0.32B,$0.25B,1.29,$0.15B,$0.01B,10.88,$0.89B,$0.23B,25.59%,$0.89B,$0.07B,7.30%,$0.89B,$0.07B,7.30%,$0.89B,$0.09B,9.88%,$0.89B,$0.05B,5.50%,$0.89B,$0.03B,3.70%,$0.03B,$0.01B,694.74%,$0.03B,$0.01B,-180.82%,$0.03B,$0.56B,5.75%,$0.07B,$0.16B,39.51%,$230,$171,$59,$5,$38,$214,$17,$-2,$15,$5,$10,$10,$10,$22,$17,$28,29,$0.35,$0.34,$17,$141,$28,$316,$123,$0,$0,$121,$244,$561,$245,$149,$36,$303,$547,$0,$30,$-62,$14,$561,$14,$11,$10,$20,$32,$-12,$-1,$-25,$-6,$28,$-9,$0,$-7,$0,$0,$0,$0,$-16,$-36,$-0,$-36,$0,$0,$-4,$1,$-39,$-27,$4,$-4
