,Date,Stock Price,Book Value per Share,Price to Book Ratio,TTM Sales per Share,Price to Sales Ratio,TTM FCF per Share,Price to FCF Ratio,TTM Net EPS,PE Ratio,Current Assets,Current Liabilities,Current Ratio,Long Term Debt,Shareholder's Equity_x,Debt to Equity Ratio,TTM Revenue_x,TTM Gross Profit,Gross Margin,TTM Revenue_y,TTM Operating Income,Operating Margin,TTM Revenue_x,TTM EBIT,EBIT Margin,TTM Revenue_y,TTM EBITDA,EBITDA Margin,TTM Revenue_x,TTM Pre-Tax Income,Pre-Tax Margin,TTM Revenue_y,TTM Net Income_x,Net Margin,TTM Net Income_y,Shareholder's Equity_y,Return on Equity,TTM Net Income_x,Tangible Equity,Return on Tangible Equity,TTM Net Income_y,Total Assets,Return on Assets,TTM Net Income,LT Investments & Debt,Return on Investment,revenue,cost-goods-sold,gross-profit,research-development-expenses,selling-general-administrative-expenses,operating-expenses,operating-income,total-non-operating-income-expense,pre-tax-income,total-provision-income-taxes,income-after-taxes,income-from-continuous-operations,net-income,ebitda,ebit,basic-shares-outstanding,shares-outstanding,eps-basic-net-earnings-per-share,eps-earnings-per-share-diluted,cash-on-hand,inventory,other-current-assets,total-current-assets,net-property-plant-equipment,long-term-investments,goodwill-intangible-assets-total,other-long-term-assets,total-long-term-assets,total-assets,total-current-liabilities,long-term-debt,other-non-current-liabilities,total-long-term-liabilities,total-liabilities,common-stock-net,retained-earnings-accumulated-deficit,comprehensive-income,total-share-holder-equity,total-liabilities-share-holders-equity,net-income-loss,total-depreciation-amortization-cash-flow,other-non-cash-items,total-non-cash-items,change-in-accounts-receivable,change-in-inventories,change-in-accounts-payable,change-in-assets-liabilities,total-change-in-assets-liabilities,cash-flow-from-operating-activities,net-change-in-property-plant-equipment,net-change-in-intangible-assets,net-acquisitions-divestitures,net-change-in-short-term-investments,net-change-in-long-term-investments,net-change-in-investments-total,investing-activities-other,cash-flow-from-investing-activities,net-long-term-debt,net-current-debt,debt-issuance-retirement-net-total,net-common-equity-issued-repurchased,net-total-equity-issued-repurchased,total-common-preferred-stock-dividends-paid,financial-activities-other,cash-flow-from-financial-activities,net-cash-flow,stock-based-compensation,common-stock-dividends-paid
0,2018-09-30,82.85,$21.76,3.81,$24.05,3.44,$15.15,5.47,$2.58,32.11,$0.51B,$0.29B,1.75,$1.01B,$1.05B,0.97,$1.18B,$0.99B,83.70%,$1.18B,$0.23B,19.78%,$1.18B,$0.23B,19.78%,$1.18B,$0.42B,35.82%,$1.18B,$0.19B,15.96%,$1.18B,$0.13B,10.78%,$0.13B,$1.05B,12.31%,$0.13B,$-0.77B,-17.81%,$0.13B,$2.52B,5.13%,$0.23B,$2.06B,11.43%,$293,$49,$244,$12,$175,$236,$57,$-16,$41,$9,$31,$31,$30,$106,$57,$48,49,$0.63,$0.61,$304,$0,$0,$514,$98,$83,$1811,$11,$2003,$2517,$294,$1011,$127,$1178,$1472,$0,$740,$-42,$1045,$2517,$78,$142,$59,$200,$50,$0,$0,$5,$16,$294,$-45,$-0,$-192,$0,$-35,$-35,$0,$-272,$0,$0,$0,$-3,$-3,$-61,$-4,$-67,$-47,$21,$-61
1,2018-06-30,86.15,$21.47,4.01,$23.75,3.63,$13.18,6.54,$2.63,32.76,$0.57B,$0.26B,2.17,$1.01B,$1.03B,0.98,$1.16B,$0.97B,83.95%,$1.16B,$0.24B,20.62%,$1.16B,$0.24B,20.62%,$1.16B,$0.42B,36.32%,$1.16B,$0.19B,16.31%,$1.16B,$0.13B,11.13%,$0.13B,$1.03B,12.70%,$0.13B,$-0.70B,-19.50%,$0.13B,$2.48B,5.32%,$0.24B,$2.04B,11.84%,$288,$48,$240,$11,$175,$234,$54,$-16,$38,$7,$31,$28,$28,$101,$54,$48,49,$0.59,$0.57,$358,$0,$0,$573,$91,$70,$1735,$11,$1907,$2481,$264,$1008,$139,$1186,$1450,$0,$731,$-39,$1031,$2481,$47,$92,$40,$132,$50,$0,$0,$7,$27,$206,$-29,$-0,$-103,$0,$-22,$-22,$0,$-154,$0,$0,$0,$-2,$-2,$-40,$-1,$-43,$7,$13,$-40
2,2018-03-31,78.13,$21.53,3.63,$23.48,3.33,$11.46,6.82,$2.69,29.04,$0.54B,$0.24B,2.22,$1.01B,$1.03B,0.97,$1.14B,$0.96B,84.18%,$1.14B,$0.24B,21.33%,$1.14B,$0.24B,21.33%,$1.14B,$0.42B,36.89%,$1.14B,$0.19B,16.78%,$1.14B,$0.13B,11.54%,$0.13B,$1.03B,13.24%,$0.13B,$-0.72B,-20.35%,$0.13B,$2.45B,5.42%,$0.24B,$2.04B,12.22%,$281,$48,$232,$12,$174,$234,$46,$-20,$26,$7,$19,$19,$19,$92,$46,$48,49,$0.39,$0.38,$332,$0,$0,$538,$86,$65,$1752,$12,$1914,$2452,$242,$1005,$133,$1179,$1421,$0,$724,$-25,$1031,$2452,$19,$45,$19,$64,$60,$0,$0,$7,$21,$104,$-13,$-0,$-80,$0,$-13,$-13,$0,$-107,$0,$0,$0,$0,$0,$-20,$-0,$-20,$-19,$6,$-20
3,2017-12-31,73.89,$21.32,3.47,$22.94,3.22,$10.45,7.07,$2.83,26.11,$0.62B,$0.27B,2.34,$1.00B,$1.02B,0.98,$1.12B,$0.95B,84.53%,$1.12B,$0.25B,22.00%,$1.12B,$0.25B,22.00%,$1.12B,$0.42B,37.57%,$1.12B,$0.20B,17.98%,$1.12B,$0.14B,12.43%,$0.14B,$1.02B,14.30%,$0.14B,$-0.66B,-21.57%,$0.14B,$2.45B,5.92%,$0.25B,$2.02B,13.14%,$316,$46,$270,$10,$184,$240,$76,$6,$83,$33,$50,$50,$50,$123,$76,$48,49,$1.03,$1.02,$351,$0,$0,$620,$80,$58,$1682,$13,$1833,$2453,$265,$1002,$127,$1168,$1433,$0,$723,$-29,$1020,$2453,$139,$174,$-3,$171,$-38,$0,$0,$6,$-46,$264,$-40,$-2,$-117,$0,$-0,$-0,$0,$-158,$381,$-180,$201,$-8,$-8,$-73,$-8,$112,$227,$23,$-73
4,2017-09-30,72.37,$20.59,3.51,$21.69,3.34,$11.20,6.46,$2.70,26.8,$0.63B,$0.23B,2.79,$1.00B,$0.98B,1.02,$1.05B,$0.89B,84.16%,$1.05B,$0.24B,22.58%,$1.05B,$0.24B,22.58%,$1.05B,$0.40B,38.05%,$1.05B,$0.18B,16.70%,$1.05B,$0.13B,12.71%,$0.13B,$0.98B,14.17%,$0.13B,$-0.56B,-20.33%,$0.13B,$2.31B,5.96%,$0.24B,$1.98B,13.63%,$274,$42,$231,$12,$156,$211,$63,$-21,$42,$9,$32,$32,$32,$105,$63,$48,49,$0.67,$0.66,$403,$0,$10,$630,$71,$0,$1539,$62,$1674,$2305,$226,$999,$58,$1098,$1324,$0,$692,$-31,$981,$2305,$90,$128,$29,$157,$5,$0,$0,$1,$-68,$179,$-29,$-1,$-14,$0,$-0,$-0,$0,$-45,$382,$-180,$202,$-7,$-7,$-54,$-5,$136,$279,$14,$-54
5,2017-06-30,82.9,$20.08,4.13,$20.48,4.05,$11.80,7.02,$2.98,27.82,$0.81B,$0.48B,1.67,$1.00B,$0.96B,1.04,$0.99B,$0.83B,83.74%,$0.99B,$0.24B,23.94%,$0.99B,$0.24B,23.94%,$0.99B,$0.39B,39.39%,$0.99B,$0.20B,19.70%,$0.99B,$0.15B,14.85%,$0.15B,$0.96B,15.90%,$0.15B,$-0.65B,-24.94%,$0.15B,$2.53B,6.95%,$0.24B,$1.95B,14.58%,$273,$43,$230,$12,$160,$215,$59,$-18,$41,$9,$31,$31,$31,$102,$59,$48,49,$0.65,$0.63,$596,$0,$6,$805,$71,$0,$1608,$36,$1722,$2528,$484,$996,$57,$1088,$1572,$0,$679,$-39,$956,$2528,$57,$86,$11,$96,$11,$0,$0,$6,$-42,$112,$-19,$-1,$-36,$0,$-0,$-0,$0,$-56,$636,$-180,$456,$-6,$-6,$-36,$-3,$412,$472,$9,$-36
6,2017-03-31,81.38,$19.59,4.15,$19.29,4.22,$12.46,6.53,$3.04,26.77,$0.38B,$0.48B,0.8,$0.60B,$0.93B,0.65,$0.93B,$0.78B,83.42%,$0.93B,$0.24B,25.51%,$0.93B,$0.24B,25.51%,$0.93B,$0.38B,41.01%,$0.93B,$0.20B,21.85%,$0.93B,$0.15B,16.04%,$0.15B,$0.93B,16.28%,$0.15B,$-0.71B,-30.21%,$0.15B,$2.10B,7.71%,$0.24B,$1.54B,15.64%,$255,$41,$214,$12,$154,$207,$48,$-13,$35,$9,$26,$26,$26,$90,$48,$47,49,$0.54,$0.52,$187,$0,$0,$384,$70,$0,$1636,$6,$1719,$2103,$477,$604,$50,$695,$1172,$0,$669,$-51,$930,$2103,$26,$42,$4,$46,$25,$0,$0,$2,$-21,$51,$-10,$-0,$-4,$0,$-0,$-0,$0,$-13,$0,$45,$45,$0,$0,$-18,$-2,$26,$63,$4,$-18
7,2016-12-31,78.98,$19.28,4.1,$18.22,4.34,$12.85,6.15,$3.13,25.23,$0.35B,$0.45B,0.77,$0.60B,$0.92B,0.66,$0.88B,$0.73B,83.09%,$0.88B,$0.24B,27.66%,$0.88B,$0.24B,27.66%,$0.88B,$0.37B,42.74%,$0.88B,$0.21B,24.11%,$0.88B,$0.15B,17.49%,$0.15B,$0.92B,16.82%,$0.15B,$-0.72B,-39.43%,$0.15B,$2.06B,8.27%,$0.24B,$1.52B,16.05%,$252,$40,$212,$11,$133,$184,$68,$-10,$58,$15,$43,$43,$45,$104,$68,$48,48,$0.89,$0.89,$124,$0,$0,$348,$68,$0,$1635,$6,$1714,$2062,$454,$602,$50,$694,$1148,$0,$660,$-55,$915,$2062,$152,$132,$10,$142,$-31,$0,$0,$-24,$-12,$282,$-25,$-4,$-581,$0,$161,$161,$0,$-449,$0,$179,$179,$-53,$-53,$-66,$-19,$41,$-132,$14,$-66
8,2016-09-30,64.01,$19.01,3.37,$17.23,3.72,$11.88,5.39,$2.96,21.63,$0.47B,$0.18B,2.59,$0.60B,$0.90B,0.67,$0.83B,$0.69B,82.73%,$0.83B,$0.23B,27.42%,$0.83B,$0.23B,27.42%,$0.83B,$0.35B,42.75%,$0.83B,$0.20B,23.55%,$0.83B,$0.15B,17.51%,$0.15B,$0.90B,16.05%,$0.15B,$-0.28B,-52.63%,$0.15B,$1.77B,8.15%,$0.23B,$1.50B,15.14%,$210,$37,$173,$9,$102,$148,$62,$-1,$61,$16,$46,$46,$45,$94,$62,$47,47,$0.95,$0.94,$325,$0,$0,$467,$61,$53,$1179,$4,$1303,$1769,$180,$599,$49,$690,$871,$0,$634,$-41,$898,$1769,$109,$96,$17,$112,$-8,$0,$0,$-25,$-29,$193,$-17,$-2,$-91,$0,$69,$69,$0,$-42,$0,$0,$0,$-53,$-53,$-49,$-17,$-119,$30,$10,$-49
9,2016-06-30,60.4,$19.09,3.16,$16.53,3.65,$11.05,5.47,$2.79,21.65,$0.49B,$0.19B,2.66,$0.60B,$0.92B,0.65,$0.80B,$0.66B,82.81%,$0.80B,$0.22B,27.73%,$0.80B,$0.22B,27.73%,$0.80B,$0.34B,42.53%,$0.80B,$0.18B,22.33%,$0.80B,$0.14B,17.19%,$0.14B,$0.92B,15.27%,$0.14B,$-0.27B,-50.37%,$0.14B,$1.79B,7.70%,$0.22B,$1.52B,14.80%,$212,$36,$176,$9,$108,$153,$59,$-10,$49,$15,$34,$34,$33,$93,$59,$48,48,$0.69,$0.69,$365,$0,$0,$494,$60,$43,$1185,$5,$1300,$1793,$185,$597,$45,$690,$875,$0,$657,$-38,$918,$1793,$64,$64,$9,$73,$4,$0,$0,$1,$-5,$132,$-9,$-2,$-77,$0,$65,$65,$0,$-22,$0,$0,$0,$-1,$-1,$-32,$-16,$-49,$58,$6,$-32
10,2016-03-31,58.57,$18.91,3.1,$15.82,3.7,$10.40,5.63,$2.90,20.2,$0.43B,$0.17B,2.57,$0.60B,$0.91B,0.66,$0.76B,$0.63B,82.92%,$0.76B,$0.21B,27.86%,$0.76B,$0.21B,27.86%,$0.76B,$0.32B,42.05%,$0.76B,$0.17B,22.08%,$0.76B,$0.14B,18.66%,$0.14B,$0.91B,16.14%,$0.14B,$-0.28B,-59.04%,$0.14B,$1.77B,8.06%,$0.21B,$1.50B,14.37%,$201,$34,$166,$9,$104,$147,$53,$-10,$43,$13,$30,$30,$30,$83,$53,$48,48,$0.62,$0.61,$313,$0,$0,$431,$56,$82,$1192,$5,$1341,$1772,$168,$595,$55,$696,$864,$0,$640,$-28,$908,$1772,$30,$30,$2,$32,$16,$0,$0,$2,$2,$65,$-4,$-0,$-48,$0,$5,$5,$0,$-48,$0,$0,$0,$-0,$-0,$-16,$-14,$-30,$-13,$3,$-16
11,2015-12-31,77.94,$18.57,4.2,$15.04,5.18,$10.04,7.76,$2.74,28.45,$0.48B,$0.20B,2.46,$0.59B,$0.89B,0.67,$0.72B,$0.60B,82.94%,$0.72B,$0.20B,27.74%,$0.72B,$0.20B,27.74%,$0.72B,$0.30B,41.75%,$0.72B,$0.16B,21.64%,$0.72B,$0.13B,18.59%,$0.13B,$0.89B,15.65%,$0.13B,$-0.27B,-62.18%,$0.13B,$1.78B,7.69%,$0.20B,$1.48B,13.77%,$205,$35,$170,$9,$109,$152,$53,$-11,$42,$7,$35,$35,$37,$84,$53,$48,48,$0.73,$0.71,$335,$0,$0,$483,$57,$79,$1160,$5,$1301,$1784,$197,$592,$54,$697,$894,$0,$627,$-29,$890,$1784,$134,$102,$17,$120,$-19,$0,$0,$-12,$-24,$229,$-17,$-1,$-303,$0,$-14,$-14,$0,$-336,$0,$0,$0,$2,$2,$-59,$-10,$-67,$-178,$12,$-59
12,2015-09-30,66.84,$18.26,3.66,$14.33,4.66,$9.16,7.29,$2.68,24.94,$0.50B,$0.17B,3.02,$0.60B,$0.87B,0.69,$0.68B,$0.57B,82.87%,$0.68B,$0.20B,29.28%,$0.68B,$0.20B,29.28%,$0.68B,$0.29B,42.90%,$0.68B,$0.16B,22.99%,$0.68B,$0.13B,19.18%,$0.13B,$0.87B,15.61%,$0.13B,$-0.27B,-72.88%,$0.13B,$1.77B,7.60%,$0.20B,$1.47B,13.93%,$179,$31,$148,$8,$84,$123,$56,$-11,$44,$7,$37,$37,$37,$79,$56,$48,48,$0.77,$0.77,$358,$0,$0,$500,$60,$53,$1139,$14,$1265,$1765,$165,$599,$55,$728,$893,$0,$607,$-25,$872,$1765,$98,$71,$10,$81,$-4,$0,$0,$3,$-30,$149,$-12,$-1,$-260,$0,$10,$10,$0,$-263,$0,$0,$0,$2,$2,$-44,$-1,$-43,$-161,$9,$-44
13,2015-06-30,63.79,$17.82,3.58,$13.85,4.61,$8.96,7.12,$2.51,25.42,$0.63B,$0.16B,3.85,$0.60B,$0.85B,0.7,$0.66B,$0.54B,82.65%,$0.66B,$0.19B,28.92%,$0.66B,$0.19B,28.92%,$0.66B,$0.28B,42.31%,$0.66B,$0.15B,22.68%,$0.66B,$0.12B,18.57%,$0.12B,$0.85B,14.84%,$0.12B,$-0.14B,-109.66%,$0.12B,$1.73B,7.21%,$0.19B,$1.45B,13.41%,$176,$29,$147,$9,$88,$126,$50,$-11,$39,$0,$39,$39,$38,$74,$50,$48,48,$0.81,$0.80,$513,$0,$0,$632,$37,$54,$990,$14,$1095,$1727,$164,$597,$44,$713,$878,$0,$585,$-19,$849,$1727,$61,$48,$7,$56,$2,$0,$0,$2,$-19,$98,$-7,$-1,$-74,$0,$-1,$-1,$0,$-83,$0,$0,$0,$1,$1,$-29,$-2,$-30,$-18,$6,$-29
14,2015-03-31,61.4,$17.18,3.57,$13.24,4.64,$8.93,6.87,$2.44,25.16,$0.59B,$0.16B,3.72,$0.60B,$0.82B,0.73,$0.63B,$0.52B,82.27%,$0.63B,$0.19B,29.55%,$0.63B,$0.19B,29.55%,$0.63B,$0.27B,42.33%,$0.63B,$0.15B,23.80%,$0.63B,$0.12B,18.85%,$0.12B,$0.82B,14.60%,$0.12B,$-0.18B,-168.57%,$0.12B,$1.70B,7.06%,$0.19B,$1.41B,13.21%,$161,$28,$133,$8,$84,$121,$41,$-10,$31,$9,$22,$22,$22,$64,$41,$47,48,$0.45,$0.45,$478,$0,$0,$587,$37,$62,$999,$14,$1111,$1698,$158,$595,$58,$725,$883,$0,$561,$-22,$815,$1698,$22,$24,$4,$28,$9,$0,$0,$-1,$-4,$46,$-3,$-0,$-72,$0,$9,$9,$0,$-66,$0,$0,$0,$-1,$-1,$-14,$-2,$-17,$-42,$3,$-14
15,2014-12-31,57.71,$17.30,3.34,$12.74,4.53,$8.77,6.58,$2.59,22.28,$0.65B,$0.16B,4.06,$0.59B,$0.82B,0.72,$0.60B,$0.49B,82.30%,$0.60B,$0.19B,31.05%,$0.60B,$0.19B,31.05%,$0.60B,$0.26B,42.74%,$0.60B,$0.16B,25.88%,$0.60B,$0.12B,20.70%,$0.12B,$0.82B,15.77%,$0.12B,$-0.13B,-511.34%,$0.12B,$1.71B,8.05%,$0.19B,$1.41B,14.40%,$167,$29,$138,$8,$77,$114,$53,$-11,$43,$10,$33,$33,$34,$76,$53,$47,47,$0.66,$0.65,$530,$0,$0,$646,$38,$61,$947,$13,$1059,$1705,$159,$593,$60,$726,$885,$0,$554,$-7,$820,$1705,$125,$69,$-2,$67,$-11,$0,$0,$-3,$-15,$177,$-11,$-5,$-245,$14,$-28,$-14,$0,$-275,$403,$0,$403,$1,$1,$-52,$-24,$328,$226,$9,$-52
16,2014-09-30,45.71,$17.14,2.67,$12.18,3.75,$9.04,5.06,$2.37,19.28,$0.73B,$0.13B,5.59,$0.59B,$0.80B,0.74,$0.57B,$0.47B,82.63%,$0.57B,$0.18B,32.28%,$0.57B,$0.18B,32.28%,$0.57B,$0.24B,42.63%,$0.57B,$0.14B,25.26%,$0.57B,$0.11B,19.30%,$0.11B,$0.80B,14.51%,$0.11B,$0.01B,800.00%,$0.11B,$1.64B,7.84%,$0.18B,$1.40B,15.65%,$153,$28,$125,$8,$71,$107,$46,$-10,$36,$7,$29,$29,$28,$64,$46,$47,47,$0.60,$0.60,$622,$0,$0,$730,$39,$61,$797,$13,$910,$1640,$130,$591,$42,$706,$836,$0,$536,$-3,$804,$1640,$93,$47,$0,$47,$1,$0,$0,$-5,$-8,$132,$-7,$-5,$-118,$15,$-53,$-38,$0,$-168,$403,$0,$403,$1,$1,$-39,$-20,$345,$307,$7,$-39
17,2014-06-30,46.85,$16.96,2.76,$11.70,4.01,$9.06,5.17,$2.36,19.85,$0.76B,$0.13B,5.85,$0.59B,$0.79B,0.74,$0.55B,$0.45B,82.94%,$0.55B,$0.18B,32.48%,$0.55B,$0.18B,32.48%,$0.55B,$0.23B,42.02%,$0.55B,$0.14B,26.24%,$0.55B,$0.11B,20.00%,$0.11B,$0.79B,15.02%,$0.11B,$0.02B,519.05%,$0.11B,$1.64B,8.53%,$0.18B,$1.38B,16.74%,$145,$26,$119,$8,$67,$100,$45,$-5,$39,$4,$35,$35,$34,$61,$45,$47,47,$0.73,$0.73,$654,$0,$0,$761,$41,$55,$769,$13,$878,$1640,$130,$590,$49,$716,$846,$0,$520,$7,$794,$1640,$64,$30,$1,$30,$6,$0,$0,$-3,$-2,$92,$-4,$-4,$-80,$15,$7,$21,$0,$-66,$403,$0,$403,$1,$1,$-25,$-20,$358,$384,$4,$-25
18,2014-03-31,46.1,$15.60,2.95,$11.69,3.94,$9.43,4.89,$2.40,19.21,$0.37B,$0.12B,3.23,$0.25B,$0.73B,0.34,$0.54B,$0.45B,83.55%,$0.54B,$0.19B,34.20%,$0.54B,$0.19B,34.20%,$0.54B,$0.23B,42.70%,$0.54B,$0.15B,28.10%,$0.54B,$0.11B,20.33%,$0.11B,$0.73B,15.98%,$0.11B,$-0.00B,611.11%,$0.11B,$1.18B,9.62%,$0.19B,$0.97B,19.81%,$134,$23,$111,$7,$62,$93,$42,$-5,$37,$8,$29,$29,$28,$55,$42,$46,47,$0.61,$0.60,$279,$0,$0,$369,$39,$36,$730,$3,$809,$1178,$115,$246,$42,$335,$450,$0,$498,$2,$728,$1178,$29,$14,$-1,$12,$8,$0,$0,$-1,$-4,$37,$-3,$-1,$-49,$8,$18,$27,$0,$-26,$0,$0,$0,$1,$1,$-12,$1,$-11,$0,$2,$-12
19,2013-12-31,46.07,$15.32,3.01,$11.31,4.07,$9.53,4.83,$2.29,20.12,$0.39B,$0.12B,3.39,$0.25B,$0.71B,0.35,$0.52B,$0.43B,83.30%,$0.52B,$0.18B,33.78%,$0.52B,$0.18B,33.78%,$0.52B,$0.22B,41.84%,$0.52B,$0.14B,27.45%,$0.52B,$0.11B,20.15%,$0.11B,$0.71B,15.94%,$0.11B,$0.03B,724.14%,$0.11B,$1.15B,9.47%,$0.18B,$0.95B,19.46%,$138,$22,$116,$6,$59,$88,$51,$-19,$32,$11,$21,$21,$20,$63,$51,$46,46,$0.43,$0.43,$299,$0,$0,$389,$31,$47,$681,$3,$765,$1154,$115,$246,$40,$332,$447,$0,$485,$4,$706,$1154,$108,$42,$25,$67,$-10,$0,$0,$12,$19,$193,$-19,$-14,$-126,$21,$-29,$-8,$0,$-167,$0,$0,$0,$9,$9,$-45,$0,$-36,$-11,$10,$-45
20,2013-09-30,45.37,$14.72,3.08,$10.55,4.3,$9.35,4.85,$2.50,18.15,$0.40B,$0.12B,3.41,$0.25B,$0.68B,0.36,$0.49B,$0.40B,82.68%,$0.49B,$0.17B,34.43%,$0.49B,$0.17B,34.43%,$0.49B,$0.21B,42.27%,$0.49B,$0.15B,30.72%,$0.49B,$0.11B,23.51%,$0.11B,$0.68B,18.07%,$0.11B,$0.04B,844.44%,$0.11B,$1.14B,10.66%,$0.17B,$0.92B,19.06%,$128,$22,$106,$6,$61,$88,$39,$-5,$35,$7,$28,$28,$27,$50,$39,$46,46,$0.60,$0.59,$307,$0,$0,$397,$30,$67,$638,$3,$741,$1138,$116,$246,$48,$347,$463,$0,$476,$9,$675,$1138,$86,$30,$7,$37,$-7,$0,$0,$14,$11,$135,$-11,$-3,$-82,$21,$-57,$-37,$0,$-132,$0,$0,$0,$9,$9,$-33,$3,$-21,$-19,$7,$-33
21,2013-06-30,38.76,$14.14,2.74,$9.85,3.94,$9.32,4.16,$2.60,14.91,$0.41B,$0.11B,3.58,$0.25B,$0.64B,0.38,$0.45B,$0.37B,82.67%,$0.45B,$0.17B,37.78%,$0.45B,$0.17B,37.78%,$0.45B,$0.20B,45.11%,$0.45B,$0.15B,34.22%,$0.45B,$0.12B,26.44%,$0.12B,$0.64B,19.69%,$0.12B,$0.01B,249.21%,$0.12B,$1.10B,11.71%,$0.17B,$0.89B,20.01%,$141,$23,$119,$6,$60,$89,$53,$-5,$48,$12,$36,$36,$35,$63,$53,$45,46,$0.78,$0.77,$324,$0,$0,$407,$28,$29,$633,$3,$697,$1104,$114,$245,$46,$346,$459,$0,$461,$3,$644,$1104,$59,$19,$4,$23,$3,$0,$0,$15,$27,$109,$-6,$-1,$-81,$17,$-24,$-7,$0,$-96,$0,$0,$0,$4,$4,$-22,$2,$-16,$-4,$5,$-22
22,2013-03-31,35.53,$13.47,2.64,$8.74,4.07,$8.89,4.0,$2.50,14.21,$0.37B,$0.10B,3.69,$0.25B,$0.61B,0.4,$0.40B,$0.33B,81.91%,$0.40B,$0.16B,39.45%,$0.40B,$0.16B,39.45%,$0.40B,$0.19B,46.73%,$0.40B,$0.15B,36.93%,$0.40B,$0.12B,28.89%,$0.12B,$0.61B,19.85%,$0.12B,$-0.02B,138.97%,$0.12B,$1.04B,12.75%,$0.16B,$0.86B,20.58%,$114,$20,$93,$7,$54,$81,$33,$-5,$28,$6,$23,$23,$23,$42,$33,$45,46,$0.50,$0.49,$294,$0,$0,$368,$25,$16,$625,$3,$671,$1040,$100,$245,$46,$330,$430,$0,$436,$1,$610,$1040,$23,$9,$1,$11,$2,$0,$0,$0,$6,$40,$-2,$-0,$-63,$14,$-3,$11,$0,$-54,$0,$0,$0,$0,$0,$-11,$0,$-10,$-26,$2,$-11
23,2012-12-31,27.55,$13.19,2.09,$8.10,3.4,$8.86,3.11,$2.61,10.55,$0.38B,$0.08B,4.78,$0.25B,$0.60B,0.41,$0.37B,$0.30B,81.94%,$0.37B,$0.16B,43.67%,$0.37B,$0.16B,43.67%,$0.37B,$0.19B,50.40%,$0.37B,$0.16B,42.05%,$0.37B,$0.12B,32.35%,$0.12B,$0.60B,21.36%,$0.12B,$0.02B,97.56%,$0.12B,$1.00B,14.97%,$0.16B,$0.84B,23.68%,$102,$19,$83,$5,$36,$60,$42,$-5,$38,$7,$30,$30,$29,$50,$42,$45,46,$0.65,$0.65,$324,$0,$0,$377,$20,$20,$573,$3,$618,$995,$79,$245,$42,$322,$401,$0,$425,$-0,$595,$995,$122,$24,$13,$37,$-5,$0,$0,$-1,$11,$170,$-5,$-6,$-198,$-27,$-13,$-40,$0,$-249,$245,$0,$245,$-54,$-46,$-40,$-0,$158,$79,$9,$-40
24,2012-09-30,29.32,$12.61,2.32,$7.71,3.81,$8.36,3.51,$2.58,11.37,$0.47B,$0.07B,7.1,$0.25B,$0.57B,0.43,$0.35B,$0.29B,82.20%,$0.35B,$0.16B,44.63%,$0.35B,$0.16B,44.63%,$0.35B,$0.18B,51.13%,$0.35B,$0.16B,44.35%,$0.35B,$0.12B,33.62%,$0.12B,$0.57B,21.58%,$0.12B,$0.17B,73.46%,$0.12B,$0.93B,16.63%,$0.16B,$0.81B,25.79%,$93,$16,$77,$5,$30,$51,$42,$-3,$40,$8,$32,$32,$32,$48,$42,$45,45,$0.69,$0.69,$431,$0,$0,$471,$14,$39,$395,$2,$454,$925,$66,$245,$34,$291,$357,$0,$405,$-4,$568,$925,$91,$17,$8,$25,$-7,$0,$0,$1,$7,$124,$-4,$-4,$-25,$-27,$-76,$-103,$0,$-135,$245,$0,$245,$-55,$-55,$-30,$-0,$159,$148,$7,$-30
25,2012-06-30,23.43,$12.09,1.94,$7.50,3.12,$7.96,2.94,$2.43,9.64,$0.21B,$0.06B,3.34,$0.00B,$0.54B,0.0,$0.35B,$0.29B,82.13%,$0.35B,$0.15B,43.80%,$0.35B,$0.15B,43.80%,$0.35B,$0.18B,50.43%,$0.35B,$0.15B,44.38%,$0.35B,$0.11B,32.28%,$0.11B,$0.54B,20.65%,$0.11B,$0.15B,71.34%,$0.11B,$0.65B,17.40%,$0.15B,$0.54B,28.02%,$89,$16,$73,$5,$29,$49,$40,$1,$41,$10,$31,$31,$31,$46,$40,$45,46,$0.68,$0.67,$185,$0,$0,$213,$14,$22,$391,$2,$436,$649,$64,$0,$31,$42,$106,$1,$463,$-3,$544,$649,$60,$11,$3,$13,$-1,$0,$0,$0,$12,$85,$-3,$-3,$-19,$-9,$27,$18,$0,$-7,$0,$0,$0,$-57,$-57,$-20,$1,$-76,$4,$4,$-20
26,2012-03-31,25.21,$11.84,2.13,$7.37,3.42,$7.82,3.22,$2.37,10.64,$0.20B,$0.06B,3.31,$0.00B,$0.54B,0.0,$0.34B,$0.28B,82.27%,$0.34B,$0.15B,43.60%,$0.34B,$0.15B,43.60%,$0.34B,$0.17B,50.00%,$0.34B,$0.15B,43.90%,$0.34B,$0.11B,31.98%,$0.11B,$0.54B,20.66%,$0.11B,$0.15B,73.33%,$0.11B,$0.64B,17.36%,$0.15B,$0.54B,28.17%,$87,$16,$71,$4,$29,$49,$38,$-1,$37,$8,$29,$29,$28,$43,$38,$46,47,$0.61,$0.60,$165,$0,$0,$196,$14,$29,$394,$1,$442,$638,$59,$0,$28,$38,$98,$1,$457,$-1,$540,$638,$29,$5,$-0,$5,$1,$0,$0,$-0,$5,$39,$-1,$-1,$-19,$-6,$30,$24,$0,$3,$0,$0,$0,$-38,$-38,$-10,$0,$-47,$-4,$2,$-10
27,2011-12-31,24.56,$11.87,2.07,$7.10,3.46,$7.82,3.14,$2.43,10.11,$0.21B,$0.06B,3.68,$0.00B,$0.55B,0.0,$0.33B,$0.27B,81.82%,$0.33B,$0.14B,40.91%,$0.33B,$0.14B,40.91%,$0.33B,$0.16B,47.58%,$0.33B,$0.14B,41.52%,$0.33B,$0.11B,34.24%,$0.11B,$0.55B,21.95%,$0.11B,$0.18B,83.55%,$0.11B,$0.65B,18.33%,$0.14B,$0.55B,26.23%,$85,$15,$70,$4,$28,$47,$38,$1,$39,$10,$30,$30,$28,$44,$38,$46,46,$0.59,$0.62,$178,$0,$0,$213,$14,$43,$377,$1,$438,$651,$58,$0,$27,$39,$97,$1,$473,$-3,$554,$651,$115,$21,$9,$29,$-10,$0,$0,$13,$7,$151,$-7,$-4,$-4,$-8,$-53,$-61,$0,$-76,$0,$0,$0,$6,$6,$-19,$14,$0,$75,$9,$-19
28,2011-09-30,23.31,$11.41,2.04,$6.81,3.42,$6.78,3.44,$2.39,9.75,$0.20B,$0.05B,3.74,$0.00B,$0.53B,0.0,$0.32B,$0.26B,81.65%,$0.32B,$0.12B,38.92%,$0.32B,$0.12B,38.92%,$0.32B,$0.14B,45.25%,$0.32B,$0.13B,40.82%,$0.32B,$0.11B,35.44%,$0.11B,$0.53B,23.13%,$0.11B,$0.15B,108.21%,$0.11B,$0.64B,19.08%,$0.12B,$0.53B,25.40%,$86,$15,$71,$4,$30,$50,$36,$0,$37,$11,$25,$25,$25,$42,$36,$46,46,$0.55,$0.54,$163,$0,$0,$200,$14,$31,$379,$1,$437,$637,$53,$0,$31,$51,$105,$1,$452,$-3,$532,$637,$85,$15,$4,$19,$-7,$0,$0,$14,$5,$109,$-5,$-3,$-3,$-8,$-30,$-38,$0,$-49,$0,$0,$0,$6,$6,$-9,$13,$10,$69,$7,$-9
29,2011-06-30,24.31,$11.08,2.19,$6.32,3.84,$6.12,3.97,$2.28,10.66,$0.18B,$0.06B,3.19,$0.00B,$0.50B,0.0,$0.29B,$0.24B,81.57%,$0.29B,$0.11B,38.91%,$0.29B,$0.11B,38.91%,$0.29B,$0.13B,45.05%,$0.29B,$0.12B,40.96%,$0.29B,$0.11B,36.52%,$0.11B,$0.50B,23.70%,$0.11B,$0.12B,84.92%,$0.11B,$0.61B,19.59%,$0.11B,$0.50B,25.25%,$86,$15,$71,$4,$29,$48,$38,$0,$38,$10,$29,$29,$29,$43,$38,$45,47,$0.63,$0.61,$151,$0,$0,$178,$15,$21,$380,$1,$429,$608,$56,$0,$30,$47,$103,$1,$440,$-0,$504,$608,$59,$10,$5,$15,$-5,$0,$0,$14,$6,$81,$-2,$-2,$1,$0,$-20,$-20,$0,$-23,$0,$0,$0,$4,$4,$0,$2,$7,$65,$4,$0
30,2011-03-31,25.41,$10.37,2.45,$5.83,4.36,$5.46,4.65,$2.08,12.22,$0.16B,$0.06B,2.85,$0.00B,$0.47B,0.0,$0.27B,$0.22B,81.72%,$0.27B,$0.10B,38.06%,$0.27B,$0.10B,38.06%,$0.27B,$0.12B,44.40%,$0.27B,$0.11B,40.67%,$0.27B,$0.10B,36.19%,$0.10B,$0.47B,23.15%,$0.10B,$0.09B,62.88%,$0.10B,$0.57B,19.21%,$0.10B,$0.47B,24.34%,$73,$16,$58,$5,$30,$50,$23,$-0,$23,$-8,$31,$31,$31,$28,$23,$45,47,$0.69,$0.66,$124,$0,$0,$158,$14,$3,$382,$1,$412,$570,$56,$0,$28,$46,$101,$1,$412,$-0,$469,$570,$31,$5,$2,$8,$-2,$0,$0,$11,$-0,$38,$-1,$-1,$0,$0,$2,$2,$0,$1,$0,$0,$0,$2,$2,$0,$1,$2,$42,$2,$0
31,2010-12-31,24.93,$9.59,2.6,$5.58,4.47,$5.42,4.6,$1.81,13.77,$0.12B,$0.06B,2.0,$0.00B,$0.43B,0.0,$0.26B,$0.21B,82.75%,$0.26B,$0.10B,40.39%,$0.26B,$0.10B,40.39%,$0.26B,$0.12B,46.67%,$0.26B,$0.11B,43.53%,$0.26B,$0.08B,32.94%,$0.08B,$0.43B,21.51%,$0.08B,$0.05B,44.56%,$0.08B,$0.53B,17.79%,$0.10B,$0.43B,26.38%,$71,$13,$58,$4,$28,$45,$26,$5,$31,$4,$27,$27,$27,$30,$26,$45,46,$0.60,$0.58,$79,$0,$0,$116,$14,$8,$382,$1,$417,$533,$58,$0,$28,$43,$101,$1,$381,$-2,$432,$533,$83,$15,$8,$23,$-0,$0,$0,$-3,$-10,$96,$-2,$-8,$-249,$32,$-4,$28,$0,$-231,$0,$0,$0,$3,$3,$0,$0,$3,$-133,$11,$0
32,2010-09-30,20.49,$8.95,2.29,$5.38,3.81,$5.55,3.69,$1.62,12.65,$0.25B,$0.03B,7.41,$0.00B,$0.40B,0.0,$0.25B,$0.20B,82.86%,$0.25B,$0.10B,41.22%,$0.25B,$0.10B,41.22%,$0.25B,$0.12B,47.35%,$0.25B,$0.11B,43.27%,$0.25B,$0.08B,30.61%,$0.08B,$0.40B,20.46%,$0.08B,$0.24B,32.61%,$0.08B,$0.47B,16.95%,$0.10B,$0.40B,27.56%,$63,$11,$52,$3,$22,$36,$27,$0,$28,$8,$20,$20,$20,$31,$27,$45,46,$0.44,$0.43,$229,$0,$0,$251,$11,$43,$158,$1,$223,$474,$34,$0,$39,$39,$73,$1,$354,$0,$401,$474,$56,$12,$9,$21,$-1,$0,$0,$1,$-3,$74,$-1,$-7,$-37,$32,$-44,$-12,$0,$-57,$0,$0,$0,$-2,$-2,$0,$0,$-2,$15,$9,$0
33,2010-06-30,18.81,$8.38,2.24,$5.38,3.5,$5.67,3.32,$1.62,11.61,$0.24B,$0.03B,7.76,$0.00B,$0.37B,0.0,$0.24B,$0.20B,82.79%,$0.24B,$0.10B,41.39%,$0.24B,$0.10B,41.39%,$0.24B,$0.12B,47.13%,$0.24B,$0.11B,43.03%,$0.24B,$0.07B,30.33%,$0.07B,$0.37B,21.45%,$0.07B,$0.24B,33.87%,$0.07B,$0.44B,17.53%,$0.10B,$0.37B,29.28%,$61,$10,$51,$3,$22,$35,$26,$1,$27,$8,$19,$19,$19,$30,$26,$44,46,$0.42,$0.41,$223,$0,$0,$243,$11,$42,$137,$0,$200,$443,$31,$0,$37,$37,$69,$1,$335,$-3,$374,$443,$36,$8,$6,$14,$0,$0,$0,$2,$-4,$47,$-1,$-5,$-17,$33,$-39,$-6,$0,$-29,$0,$0,$0,$-2,$-2,$0,$-0,$-2,$15,$6,$0
34,2010-03-31,20.11,$8.02,2.51,$5.43,3.71,$5.78,3.48,$1.46,13.77,$0.24B,$0.05B,5.1,$0.00B,$0.36B,0.0,$0.25B,$0.20B,82.45%,$0.25B,$0.10B,42.04%,$0.25B,$0.10B,42.04%,$0.25B,$0.12B,47.35%,$0.25B,$0.10B,39.59%,$0.25B,$0.07B,26.94%,$0.07B,$0.36B,20.37%,$0.07B,$0.22B,32.67%,$0.07B,$0.44B,16.38%,$0.10B,$0.36B,31.79%,$60,$10,$50,$3,$23,$36,$24,$0,$25,$7,$18,$18,$18,$28,$24,$44,45,$0.40,$0.39,$222,$0,$0,$244,$12,$42,$132,$0,$195,$439,$48,$0,$36,$36,$83,$1,$319,$-2,$355,$439,$18,$4,$4,$8,$-0,$0,$0,$2,$9,$35,$-0,$-3,$-10,$0,$-34,$-34,$0,$-47,$0,$0,$0,$-0,$-0,$0,$-0,$-1,$-13,$3,$0
35,2009-12-31,17.52,$7.60,2.31,$5.45,3.21,$5.70,3.07,$1.49,11.76,$0.26B,$0.03B,8.87,$0.00B,$0.34B,0.0,$0.25B,$0.20B,82.04%,$0.25B,$0.11B,42.86%,$0.25B,$0.11B,42.86%,$0.25B,$0.12B,48.16%,$0.25B,$0.10B,40.41%,$0.25B,$0.07B,27.35%,$0.07B,$0.34B,22.13%,$0.07B,$0.22B,36.51%,$0.07B,$0.41B,17.63%,$0.11B,$0.34B,34.68%,$61,$10,$50,$3,$21,$37,$24,$2,$26,$8,$18,$18,$18,$27,$24,$44,45,$0.40,$0.38,$229,$0,$0,$256,$13,$15,$120,$0,$158,$414,$29,$0,$49,$49,$78,$1,$302,$-1,$336,$414,$67,$15,$20,$34,$-0,$0,$0,$-3,$1,$102,$-3,$-4,$-13,$-31,$-10,$-42,$0,$-61,$0,$0,$0,$2,$2,$0,$3,$5,$47,$11,$0
36,2009-09-30,19.81,$7.13,2.78,$5.42,3.65,$5.44,3.64,$1.55,12.78,$0.25B,$0.03B,8.21,$0.00B,$0.32B,0.0,$0.25B,$0.20B,81.63%,$0.25B,$0.11B,43.67%,$0.25B,$0.11B,43.67%,$0.25B,$0.12B,49.39%,$0.25B,$0.10B,40.82%,$0.25B,$0.07B,28.16%,$0.07B,$0.32B,24.53%,$0.07B,$0.20B,41.95%,$0.07B,$0.39B,19.33%,$0.11B,$0.32B,38.04%,$62,$11,$51,$3,$21,$35,$27,$0,$27,$7,$19,$19,$19,$30,$27,$44,45,$0.44,$0.43,$220,$0,$0,$247,$16,$3,$118,$0,$146,$393,$30,$0,$48,$48,$78,$1,$284,$-1,$315,$393,$49,$11,$15,$26,$-1,$0,$0,$-1,$3,$78,$-0,$-3,$-12,$-31,$0,$-31,$0,$-47,$0,$0,$0,$2,$2,$0,$3,$5,$38,$8,$0
37,2009-06-30,19.43,$6.60,2.95,$5.42,3.58,$5.16,3.77,$1.54,12.61,$0.22B,$0.03B,6.75,$0.00B,$0.29B,0.0,$0.25B,$0.20B,81.22%,$0.25B,$0.11B,42.86%,$0.25B,$0.11B,42.86%,$0.25B,$0.12B,48.57%,$0.25B,$0.10B,40.82%,$0.25B,$0.07B,28.16%,$0.07B,$0.29B,26.49%,$0.07B,$0.17B,46.39%,$0.07B,$0.37B,20.64%,$0.11B,$0.29B,40.31%,$62,$12,$51,$3,$20,$35,$28,$-9,$19,$8,$11,$11,$11,$31,$28,$44,45,$0.25,$0.25,$193,$0,$0,$218,$17,$2,$120,$0,$148,$366,$32,$0,$43,$43,$75,$1,$265,$-2,$290,$366,$30,$7,$11,$18,$-1,$0,$0,$-0,$3,$52,$-1,$-2,$-12,$0,$0,$0,$1,$-14,$0,$0,$0,$1,$1,$0,$3,$3,$42,$5,$0
38,2009-03-31,18.85,$6.19,3.05,$5.36,3.51,$5.13,3.67,$1.66,11.36,$0.19B,$0.04B,5.35,$0.00B,$0.27B,0.0,$0.24B,$0.20B,80.74%,$0.24B,$0.10B,41.39%,$0.24B,$0.10B,41.39%,$0.24B,$0.12B,47.13%,$0.24B,$0.11B,43.44%,$0.24B,$0.08B,30.74%,$0.08B,$0.27B,30.67%,$0.08B,$0.15B,54.64%,$0.08B,$0.35B,23.58%,$0.10B,$0.27B,41.31%,$60,$11,$49,$3,$20,$34,$26,$0,$27,$8,$19,$19,$19,$30,$26,$44,45,$0.43,$0.42,$168,$0,$0,$189,$18,$11,$120,$0,$158,$347,$35,$0,$41,$41,$77,$1,$253,$-5,$270,$347,$19,$4,$2,$6,$-0,$0,$0,$-0,$7,$31,$-1,$-0,$-12,$0,$0,$0,$0,$-13,$0,$0,$0,$0,$0,$0,$0,$0,$17,$2,$0
39,2008-12-31,17.26,$5.73,3.01,$5.23,3.3,$5.01,3.45,$1.59,10.85,$0.18B,$0.03B,5.39,$0.00B,$0.25B,0.0,$0.24B,$0.20B,80.25%,$0.24B,$0.10B,39.92%,$0.24B,$0.10B,39.92%,$0.24B,$0.11B,45.68%,$0.24B,$0.10B,42.39%,$0.24B,$0.07B,30.04%,$0.07B,$0.25B,31.23%,$0.07B,$0.14B,52.33%,$0.07B,$0.32B,23.80%,$0.10B,$0.25B,41.50%,$61,$11,$49,$3,$20,$34,$26,$1,$27,$7,$20,$20,$20,$30,$26,$45,46,$0.46,$0.44,$151,$0,$0,$175,$19,$11,$110,$0,$148,$322,$32,$0,$40,$40,$72,$1,$235,$-4,$250,$322,$73,$13,$7,$20,$-2,$0,$0,$-1,$-2,$91,$-2,$-4,$-43,$0,$64,$64,$0,$15,$0,$0,$0,$-106,$-106,$0,$2,$-105,$-3,$8,$0
40,2008-09-30,20.11,$5.30,3.8,$5.03,4.0,$4.74,4.24,$1.48,13.59,$0.16B,$0.03B,4.9,$0.00B,$0.23B,0.0,$0.24B,$0.19B,79.92%,$0.24B,$0.09B,38.49%,$0.24B,$0.09B,38.49%,$0.24B,$0.11B,43.93%,$0.24B,$0.10B,41.42%,$0.24B,$0.07B,29.29%,$0.07B,$0.23B,28.93%,$0.07B,$0.13B,44.30%,$0.07B,$0.30B,22.31%,$0.09B,$0.23B,38.02%,$62,$12,$50,$3,$22,$36,$25,$2,$27,$8,$19,$19,$19,$28,$25,$43,45,$0.43,$0.42,$141,$0,$0,$164,$20,$11,$99,$0,$138,$302,$34,$0,$36,$36,$70,$1,$215,$1,$232,$302,$52,$10,$7,$16,$-3,$0,$0,$0,$-2,$67,$-2,$-2,$-32,$0,$64,$64,$0,$27,$0,$0,$0,$-107,$-107,$0,$1,$-106,$-13,$6,$0
41,2008-06-30,19.81,$5.15,3.84,$4.75,4.17,$4.53,4.38,$1.41,14.05,$0.16B,$0.04B,3.94,$0.00B,$0.00B,0.0,$0.23B,$0.19B,79.83%,$0.23B,$0.09B,37.77%,$0.23B,$0.09B,37.77%,$0.23B,$0.10B,43.35%,$0.23B,$0.10B,41.20%,$0.23B,$0.07B,29.61%,$0.07B,$0.23B,26.85%,$0.07B,$0.13B,38.02%,$0.07B,$0.30B,21.08%,$0.09B,$0.23B,34.24%,$61,$12,$49,$3,$22,$37,$24,$1,$25,$8,$17,$17,$17,$27,$24,$44,46,$0.38,$0.37,$139,$0,$0,$160,$21,$11,$101,$0,$141,$301,$41,$0,$34,$34,$75,$0,$0,$0,$226,$301,$34,$6,$4,$10,$-1,$0,$0,$1,$7,$51,$-1,$-2,$-33,$28,$36,$64,$0,$28,$0,$0,$0,$-96,$-96,$0,$0,$-96,$-15,$4,$0
42,2008-03-31,19.22,$5.12,3.75,$4.48,4.29,$4.35,4.42,$1.37,14.03,$0.19B,$0.04B,4.53,$0.00B,$0.00B,0.0,$0.23B,$0.18B,80.09%,$0.23B,$0.09B,38.05%,$0.23B,$0.09B,38.05%,$0.23B,$0.10B,43.81%,$0.23B,$0.10B,42.48%,$0.23B,$0.07B,30.53%,$0.07B,$0.23B,25.70%,$0.07B,$0.16B,33.70%,$0.07B,$0.30B,20.58%,$0.09B,$0.23B,32.03%,$59,$12,$47,$3,$21,$36,$22,$1,$24,$7,$17,$17,$17,$26,$22,$47,48,$0.36,$0.35,$167,$0,$0,$190,$22,$14,$69,$0,$112,$302,$42,$0,$33,$33,$75,$0,$0,$0,$227,$302,$17,$3,$2,$5,$-1,$0,$0,$0,$6,$27,$-0,$-1,$-0,$-0,$46,$45,$0,$44,$0,$0,$0,$-76,$-76,$0,$0,$-76,$-3,$2,$0
43,2007-12-31,18.23,$5.81,3.14,$4.34,4.2,$4.31,4.23,$1.34,13.6,$0.23B,$0.04B,6.26,$0.00B,$0.28B,0.0,$0.22B,$0.18B,80.09%,$0.22B,$0.09B,38.91%,$0.22B,$0.09B,38.91%,$0.22B,$0.10B,43.89%,$0.22B,$0.10B,43.44%,$0.22B,$0.07B,30.77%,$0.07B,$0.28B,24.79%,$0.07B,$0.21B,31.78%,$0.07B,$0.35B,20.24%,$0.09B,$0.28B,31.36%,$57,$12,$45,$3,$21,$36,$21,$2,$23,$7,$17,$17,$17,$24,$21,$49,51,$0.34,$0.35,$209,$0,$0,$231,$24,$21,$69,$0,$120,$350,$37,$0,$31,$31,$68,$1,$162,$3,$283,$350,$68,$10,$4,$14,$-4,$0,$0,$3,$12,$94,$-10,$-6,$-11,$-26,$47,$21,$0,$-7,$-0,$0,$-0,$-34,$-34,$0,$5,$-30,$59,$7,$0
44,2007-09-30,28.18,$5.92,4.76,$4.18,6.75,$3.94,7.15,$1.29,21.85,$0.25B,$0.04B,7.29,$0.00B,$0.00B,0.0,$0.21B,$0.17B,80.75%,$0.21B,$0.08B,38.50%,$0.21B,$0.08B,38.50%,$0.21B,$0.09B,43.19%,$0.21B,$0.09B,43.66%,$0.21B,$0.07B,30.99%,$0.07B,$0.29B,24.70%,$0.07B,$0.23B,31.28%,$0.07B,$0.36B,20.59%,$0.08B,$0.29B,30.68%,$56,$11,$45,$3,$20,$34,$21,$3,$24,$6,$18,$18,$18,$24,$21,$49,51,$0.37,$0.35,$230,$0,$0,$254,$21,$10,$64,$0,$102,$356,$35,$0,$29,$29,$64,$0,$0,$0,$292,$356,$52,$7,$8,$15,$-5,$0,$0,$2,$1,$68,$-6,$-4,$-7,$0,$-12,$-12,$0,$-28,$-0,$0,$-0,$-8,$-8,$0,$3,$-5,$36,$5,$0
45,2007-06-30,30.05,$5.50,5.47,$3.98,7.55,$3.54,8.49,$1.19,25.25,$0.24B,$0.03B,7.54,$0.00B,$0.00B,0.0,$0.20B,$0.16B,80.30%,$0.20B,$0.08B,37.93%,$0.20B,$0.08B,37.93%,$0.20B,$0.09B,42.36%,$0.20B,$0.09B,42.36%,$0.20B,$0.06B,30.05%,$0.06B,$0.27B,23.97%,$0.06B,$0.22B,30.31%,$0.06B,$0.33B,20.49%,$0.08B,$0.27B,30.26%,$54,$10,$44,$3,$19,$32,$22,$2,$25,$7,$17,$17,$17,$25,$22,$49,51,$0.35,$0.33,$223,$0,$0,$242,$19,$10,$54,$0,$90,$333,$32,$0,$28,$28,$60,$0,$0,$0,$272,$333,$34,$5,$4,$9,$-1,$0,$0,$3,$7,$50,$-3,$-3,$-0,$6,$-35,$-29,$0,$-35,$-0,$0,$-0,$-5,$-5,$0,$3,$-3,$13,$4,$0
46,2007-03-31,23.87,$5.06,4.72,$3.79,6.3,$3.20,7.46,$1.12,21.31,$0.22B,$0.03B,7.63,$0.00B,$0.00B,0.0,$0.19B,$0.15B,79.79%,$0.19B,$0.07B,37.31%,$0.19B,$0.07B,37.31%,$0.19B,$0.08B,41.45%,$0.19B,$0.08B,40.93%,$0.19B,$0.06B,29.53%,$0.06B,$0.25B,23.22%,$0.06B,$0.20B,29.23%,$0.06B,$0.31B,20.43%,$0.07B,$0.25B,29.33%,$54,$11,$43,$3,$19,$32,$22,$2,$24,$7,$16,$16,$16,$24,$22,$49,51,$0.34,$0.32,$207,$0,$0,$224,$18,$3,$54,$0,$81,$305,$29,$0,$26,$26,$56,$0,$0,$0,$250,$305,$16,$2,$2,$5,$0,$0,$0,$4,$6,$27,$-1,$-2,$-0,$11,$-22,$-10,$0,$-13,$-0,$0,$-0,$-8,$-8,$0,$2,$-6,$8,$2,$0
47,2006-12-31,23.47,$5.17,4.54,$3.54,6.62,$3.05,7.7,$1.04,22.56,$0.20B,$0.03B,5.96,$0.00B,$0.26B,0.0,$0.18B,$0.14B,79.56%,$0.18B,$0.07B,36.46%,$0.18B,$0.07B,36.46%,$0.18B,$0.07B,40.88%,$0.18B,$0.07B,40.33%,$0.18B,$0.05B,29.28%,$0.05B,$0.26B,22.29%,$0.05B,$0.20B,27.89%,$0.05B,$0.29B,20.15%,$0.07B,$0.26B,27.76%,$49,$9,$40,$3,$21,$32,$17,$3,$20,$5,$15,$15,$15,$19,$17,$49,51,$0.30,$0.29,$179,$0,$0,$199,$19,$12,$52,$0,$90,$288,$33,$0,$0,$0,$33,$1,$113,$1,$255,$288,$53,$8,$5,$13,$-3,$0,$0,$3,$7,$73,$-7,$-4,$-7,$-37,$50,$13,$0,$-5,$-1,$0,$-1,$-10,$-10,$0,$1,$-9,$59,$6,$0
