,Date,Stock Price,Book Value per Share,Price to Book Ratio,TTM Sales per Share,Price to Sales Ratio,TTM FCF per Share,Price to FCF Ratio,TTM Net EPS,PE Ratio,Current Assets,Current Liabilities,Current Ratio,Long Term Debt,Shareholder's Equity_x,Debt to Equity Ratio,TTM Revenue_x,TTM Gross Profit,Gross Margin,TTM Revenue_y,TTM Operating Income,Operating Margin,TTM Revenue_x,TTM EBIT,EBIT Margin,TTM Revenue_y,TTM EBITDA,EBITDA Margin,TTM Revenue_x,TTM Pre-Tax Income,Pre-Tax Margin,TTM Revenue_y,TTM Net Income_x,Net Margin,TTM Net Income_y,Shareholder's Equity_y,Return on Equity,TTM Net Income_x,Tangible Equity,Return on Tangible Equity,TTM Net Income_y,Total Assets,Return on Assets,TTM Net Income,LT Investments & Debt,Return on Investment,revenue,cost-goods-sold,gross-profit,research-development-expenses,selling-general-administrative-expenses,operating-expenses,operating-income,total-non-operating-income-expense,pre-tax-income,total-provision-income-taxes,income-after-taxes,income-from-continuous-operations,net-income,ebitda,ebit,basic-shares-outstanding,shares-outstanding,eps-basic-net-earnings-per-share,eps-earnings-per-share-diluted,cash-on-hand,inventory,other-current-assets,total-current-assets,net-property-plant-equipment,long-term-investments,goodwill-intangible-assets-total,other-long-term-assets,total-long-term-assets,total-assets,total-current-liabilities,long-term-debt,other-non-current-liabilities,total-long-term-liabilities,total-liabilities,common-stock-net,retained-earnings-accumulated-deficit,comprehensive-income,total-share-holder-equity,total-liabilities-share-holders-equity,net-income-loss,total-depreciation-amortization-cash-flow,other-non-cash-items,total-non-cash-items,change-in-accounts-receivable,change-in-inventories,change-in-accounts-payable,change-in-assets-liabilities,total-change-in-assets-liabilities,cash-flow-from-operating-activities,net-change-in-property-plant-equipment,net-change-in-intangible-assets,net-acquisitions-divestitures,net-change-in-short-term-investments,net-change-in-long-term-investments,net-change-in-investments-total,investing-activities-other,cash-flow-from-investing-activities,net-long-term-debt,net-current-debt,debt-issuance-retirement-net-total,net-common-equity-issued-repurchased,net-total-equity-issued-repurchased,total-common-preferred-stock-dividends-paid,financial-activities-other,cash-flow-from-financial-activities,net-cash-flow,stock-based-compensation,common-stock-dividends-paid
0,2018-07-31,2.45,$3.86,0.63,$38.84,0.06,$-3.91,0.0,$-0.17,0.0,$3.23B,$1.98B,1.63,$4.17B,$1.22B,3.43,$12.15B,$4.09B,33.68%,$12.15B,$0.04B,0.30%,$12.15B,$0.04B,0.30%,$12.15B,$0.60B,4.92%,$12.15B,$-0.17B,-1.41%,$12.15B,$-0.06B,-0.49%,$-0.06B,$1.22B,-4.81%,$-0.06B,$1.22B,-4.81%,$-0.06B,$8.06B,-0.72%,$0.04B,$5.38B,0.66%,$2733,$1808,$925,$0,$883,$2833,$-100,$-59,$-159,$-8,$-151,$-151,$-151,$104,$-100,$316,316,$-0.48,$-0.48,$182,$2824,$0,$3227,$4058,$0,$0,$686,$4831,$8058,$1984,$4168,$546,$4858,$6842,$157,$-3297,$-353,$1216,$8058,$-179,$281,$-17,$264,$0,$-21,$-63,$-21,$-220,$-135,$-221,$0,$0,$0,$0,$0,$121,$-100,$-210,$177,$-33,$2,$2,$0,$-10,$-41,$-276,$6,$0
1,2018-04-30,2.91,$4.18,0.7,$39.75,0.07,$-3.22,0.0,$-0.05,0.0,$3.35B,$1.94B,1.73,$4.35B,$1.32B,3.31,$12.39B,$4.23B,34.15%,$12.39B,$0.13B,1.01%,$12.39B,$0.13B,1.01%,$12.39B,$0.69B,5.58%,$12.39B,$-0.12B,-0.98%,$12.39B,$-0.01B,-0.06%,$-0.01B,$1.32B,-0.57%,$-0.01B,$1.32B,-0.57%,$-0.01B,$8.31B,-0.08%,$0.13B,$5.67B,2.32%,$2829,$1831,$998,$0,$880,$2865,$-36,$-60,$-96,$5,$-101,$-101,$-101,$144,$-36,$316,316,$-0.32,$-0.32,$181,$2948,$0,$3352,$4200,$0,$0,$679,$4953,$8305,$1939,$4352,$557,$5051,$6990,$157,$-3196,$-354,$1315,$8305,$-78,$141,$-10,$131,$0,$-145,$-40,$-33,$-407,$-354,$-106,$0,$0,$0,$0,$0,$39,$-67,$-178,$351,$173,$1,$1,$0,$-30,$144,$-277,$7,$0
2,2018-01-31,3.71,$4.43,0.84,$40.24,0.09,$-3.14,0.0,$-0.38,0.0,$3.45B,$2.37B,1.46,$3.99B,$1.38B,2.89,$12.51B,$4.33B,34.64%,$12.51B,$0.12B,0.93%,$12.51B,$0.12B,0.93%,$12.51B,$0.69B,5.49%,$12.51B,$-0.24B,-1.94%,$12.51B,$-0.12B,-0.93%,$-0.12B,$1.38B,-9.60%,$-0.12B,$1.38B,-9.60%,$-0.12B,$8.45B,-1.36%,$0.12B,$5.38B,2.17%,$2671,$1712,$959,$0,$826,$2668,$3,$-82,$-79,$-1,$-78,$-78,$-78,$298,$3,$314,314,$-0.25,$-0.25,$458,$2803,$0,$3451,$4281,$0,$0,$661,$5003,$8454,$2369,$3992,$567,$4702,$7071,$156,$-3118,$-360,$1383,$8454,$-116,$570,$2,$572,$0,$92,$-4,$-15,$-2,$454,$-395,$0,$0,$0,$0,$0,$166,$-229,$-615,$0,$-615,$5,$5,$0,$-44,$-654,$-429,$25,$0
3,2017-10-31,2.8,$3.47,0.81,$40.53,0.07,$-3.62,0.0,$-0.58,0.0,$3.79B,$2.64B,1.44,$4.25B,$1.08B,3.95,$12.62B,$4.46B,35.36%,$12.62B,$0.24B,1.92%,$12.62B,$0.24B,1.92%,$12.62B,$0.82B,6.46%,$12.62B,$-0.22B,-1.72%,$12.62B,$-0.17B,-1.35%,$-0.17B,$1.08B,-14.24%,$-0.17B,$1.08B,-14.24%,$-0.17B,$8.74B,-1.96%,$0.24B,$5.33B,4.41%,$3847,$2665,$1182,$0,$755,$3699,$148,$13,$161,$-86,$247,$247,$247,$52,$148,$311,311,$0.79,$0.79,$185,$3365,$0,$3793,$4316,$0,$0,$632,$4951,$8744,$2638,$4253,$574,$5028,$7666,$156,$-3376,$-403,$1078,$8744,$-370,$420,$64,$484,$0,$-511,$365,$-66,$-297,$-183,$-287,$0,$0,$0,$0,$0,$162,$-125,$-566,$211,$-355,$4,$4,$0,$-43,$-394,$-702,$23,$0
4,2017-07-31,5.41,$3.76,1.44,$40.79,0.13,$-4.33,0.0,$-0.39,0.0,$3.36B,$2.31B,1.45,$4.05B,$1.17B,3.47,$12.67B,$4.57B,36.06%,$12.67B,$0.34B,2.72%,$12.67B,$0.34B,2.72%,$12.67B,$0.94B,7.38%,$12.67B,$-0.12B,-0.98%,$12.67B,$-0.11B,-0.87%,$-0.11B,$1.17B,-9.04%,$-0.11B,$1.17B,-9.04%,$-0.11B,$8.37B,-1.24%,$0.34B,$5.22B,6.18%,$2807,$1852,$955,$0,$840,$2886,$-79,$-78,$-157,$-29,$-128,$-128,$-128,$197,$-79,$312,312,$-0.41,$-0.41,$314,$2820,$0,$3357,$4390,$0,$0,$622,$5012,$8369,$2312,$4052,$635,$4889,$7201,$155,$-3235,$-446,$1168,$8369,$-235,$289,$86,$375,$0,$76,$-27,$-64,$-84,$56,$-192,$0,$0,$0,$0,$0,$155,$-37,$-583,$0,$-583,$3,$3,$0,$-12,$-592,$-573,$16,$0
5,2017-04-30,5.38,$3.89,1.38,$40.39,0.13,$-5.09,0.0,$-0.37,0.0,$3.58B,$2.29B,1.56,$4.28B,$1.20B,3.56,$12.52B,$4.52B,36.08%,$12.52B,$0.37B,2.93%,$12.52B,$0.37B,2.93%,$12.52B,$0.97B,7.72%,$12.52B,$-0.13B,-1.02%,$12.52B,$-0.12B,-0.94%,$-0.12B,$1.20B,-9.64%,$-0.12B,$1.20B,-9.64%,$-0.12B,$8.63B,-1.31%,$0.37B,$5.49B,6.49%,$3068,$1932,$1136,$0,$935,$3015,$53,$-100,$-47,$1,$-48,$-48,$-48,$139,$53,$311,311,$-0.15,$-0.15,$363,$2991,$0,$3582,$4437,$0,$0,$610,$5047,$8629,$2290,$4283,$649,$5135,$7425,$155,$-3187,$-448,$1204,$8629,$-187,$145,$61,$206,$0,$-95,$-84,$-71,$-365,$-346,$-83,$0,$0,$0,$0,$0,$144,$61,$-236,$0,$-236,$0,$0,$0,$-3,$-239,$-524,$7,$0
6,2017-01-31,6.65,$4.39,1.51,$40.55,0.16,$-5.11,0.0,$-0.01,0.0,$3.90B,$2.42B,1.61,$4.56B,$1.35B,3.37,$12.55B,$4.48B,35.67%,$12.55B,$0.40B,3.15%,$12.55B,$0.40B,3.15%,$12.55B,$1.00B,8.00%,$12.55B,$0.00B,0.02%,$12.55B,$0.00B,0.01%,$0.00B,$1.35B,0.08%,$0.00B,$1.35B,0.08%,$0.00B,$9.12B,0.01%,$0.40B,$5.91B,6.94%,$2784,$1725,$1059,$0,$938,$2790,$-6,$-193,$-199,$-12,$-187,$-187,$-187,$427,$-6,$310,310,$-0.60,$-0.60,$887,$2854,$0,$3901,$4599,$0,$0,$618,$5217,$9118,$2419,$4558,$583,$5345,$7764,$154,$-3006,$-473,$1354,$9118,$1,$609,$-53,$556,$0,$-133,$52,$11,$-223,$334,$-425,$0,$0,$0,$0,$0,$109,$-316,$-190,$0,$-190,$2,$2,$0,$157,$-31,$-13,$35,$0
7,2016-10-31,8.59,$3.70,2.32,$40.95,0.21,$-4.38,0.0,$-1.05,0.0,$4.13B,$2.94B,1.4,$4.52B,$1.14B,3.96,$12.58B,$4.53B,35.98%,$12.58B,$0.10B,0.82%,$12.58B,$0.10B,0.82%,$12.58B,$0.72B,5.69%,$12.58B,$-0.31B,-2.50%,$12.58B,$-0.32B,-2.56%,$-0.32B,$1.14B,-26.31%,$-0.32B,$1.14B,-26.31%,$-0.32B,$9.39B,-3.51%,$0.10B,$5.66B,1.80%,$3961,$2649,$1312,$0,$925,$3687,$274,$-88,$186,$-6,$192,$192,$192,$172,$274,$308,313,$0.62,$0.62,$183,$3691,$0,$4128,$4651,$0,$0,$608,$5259,$9387,$2941,$4518,$590,$5306,$8247,$154,$-3198,$-492,$1140,$9387,$-191,$456,$5,$461,$0,$-970,$568,$-87,$-671,$-401,$-282,$0,$0,$0,$0,$0,$33,$-249,$-175,$162,$-13,$2,$2,$0,$-56,$-67,$-717,$27,$0
8,2016-07-31,9.66,$3.89,2.48,$41.15,0.23,$-4.29,0.0,$-1.28,0.0,$3.65B,$2.57B,1.42,$4.37B,$1.20B,3.65,$12.62B,$4.55B,36.02%,$12.62B,$0.06B,0.51%,$12.62B,$0.06B,0.51%,$12.62B,$0.68B,5.39%,$12.62B,$-0.37B,-2.92%,$12.62B,$-0.37B,-2.93%,$-0.37B,$1.20B,-27.91%,$-0.37B,$1.20B,-27.91%,$-0.37B,$8.94B,-3.91%,$0.06B,$5.56B,1.07%,$2857,$1795,$1062,$0,$888,$2834,$23,$-87,$-64,$3,$-67,$-67,$-67,$229,$23,$308,308,$-0.22,$-0.22,$429,$2981,$0,$3645,$4686,$0,$0,$604,$5290,$8935,$2574,$4366,$604,$5164,$7738,$154,$-3131,$-494,$1197,$8935,$-124,$307,$9,$316,$0,$-260,$169,$-68,$-400,$-208,$-160,$0,$0,$0,$0,$0,$33,$-127,$-81,$0,$-81,$1,$1,$0,$-56,$-136,$-471,$20,$0
9,2016-04-30,9.28,$4.07,2.28,$41.08,0.23,$-4.16,0.0,$-1.55,0.0,$3.57B,$2.46B,1.45,$4.40B,$1.25B,3.52,$12.58B,$4.53B,36.00%,$12.58B,$-0.02B,-0.17%,$12.58B,$-0.02B,-0.17%,$12.58B,$0.60B,4.73%,$12.58B,$-0.43B,-3.41%,$12.58B,$-0.43B,-3.43%,$-0.43B,$1.25B,-29.90%,$-0.43B,$1.25B,-29.90%,$-0.43B,$8.90B,-4.41%,$-0.02B,$5.65B,-0.33%,$2918,$1834,$1084,$0,$853,$2842,$76,$-127,$-51,$5,$-56,$-56,$-56,$176,$76,$308,308,$-0.18,$-0.18,$415,$2925,$0,$3567,$4735,$0,$0,$593,$5328,$8895,$2458,$4395,$598,$5187,$7645,$154,$-3075,$-488,$1250,$8895,$-68,$154,$-22,$132,$0,$-204,$70,$-59,$-458,$-394,$-39,$0,$0,$0,$0,$0,$28,$-11,$-76,$0,$-76,$1,$1,$0,$-5,$-80,$-485,$10,$0
10,2016-01-31,7.26,$4.28,1.7,$41.28,0.18,$-3.64,0.0,$-1.88,0.0,$4.02B,$2.41B,1.67,$4.68B,$1.31B,3.57,$12.63B,$4.55B,36.05%,$12.63B,$-0.09B,-0.70%,$12.63B,$-0.09B,-0.70%,$12.63B,$0.53B,4.17%,$12.63B,$-0.50B,-3.99%,$12.63B,$-0.51B,-4.06%,$-0.51B,$1.31B,-32.62%,$-0.51B,$1.31B,-32.62%,$-0.51B,$9.44B,-5.08%,$-0.09B,$5.99B,-1.34%,$2811,$1793,$1018,$0,$872,$2789,$22,$-91,$-69,$-1,$-68,$-68,$-68,$139,$22,$307,307,$-0.22,$-0.22,$900,$2721,$0,$4018,$4816,$0,$0,$608,$5424,$9442,$2412,$4678,$618,$5721,$8133,$153,$-3007,$-491,$1309,$9442,$-513,$616,$198,$814,$0,$-69,$-72,$19,$139,$440,$-307,$0,$0,$0,$0,$0,$11,$-296,$-553,$0,$-553,$0,$0,$0,$-9,$-562,$-418,$44,$0
11,2015-10-31,9.17,$5.06,1.81,$40.97,0.22,$-4.00,0.0,$-1.64,0.0,$4.73B,$2.83B,1.67,$5.16B,$1.55B,3.34,$12.52B,$4.50B,35.95%,$12.52B,$0.05B,0.37%,$12.52B,$0.05B,0.37%,$12.52B,$0.66B,5.29%,$12.52B,$-0.36B,-2.85%,$12.52B,$-0.39B,-3.09%,$-0.39B,$1.55B,-22.45%,$-0.39B,$1.55B,-22.45%,$-0.39B,$10.55B,-3.75%,$0.05B,$6.71B,0.66%,$3996,$2633,$1363,$0,$962,$4014,$-18,$-112,$-130,$1,$-131,$-131,$-131,$136,$-18,$306,306,$-0.43,$-0.43,$638,$3669,$0,$4733,$4905,$0,$0,$623,$5817,$10550,$2831,$5161,$616,$6172,$9003,$153,$-2876,$-369,$1547,$10550,$-382,$459,$-54,$405,$0,$-1017,$456,$-33,$-439,$-416,$-234,$0,$0,$0,$0,$0,$19,$-215,$-47,$0,$-47,$0,$0,$0,$-2,$-49,$-680,$33,$0
12,2015-07-31,8.24,$5.43,1.52,$40.56,0.2,$-4.03,0.0,$-1.81,0.0,$4.36B,$2.35B,1.86,$5.24B,$1.66B,3.16,$12.39B,$4.43B,35.78%,$12.39B,$0.01B,0.06%,$12.39B,$0.01B,0.06%,$12.39B,$0.63B,5.07%,$12.39B,$-0.43B,-3.47%,$12.39B,$-0.46B,-3.71%,$-0.46B,$1.66B,-23.65%,$-0.46B,$1.66B,-23.65%,$-0.46B,$10.23B,-4.41%,$0.01B,$6.90B,0.11%,$2897,$1815,$1082,$0,$947,$2913,$-16,$-102,$-118,$-3,$-115,$-115,$-115,$144,$-16,$306,306,$-0.38,$-0.38,$973,$3005,$0,$4362,$4989,$0,$0,$615,$5870,$10232,$2347,$5243,$604,$6225,$8572,$153,$-2761,$-359,$1660,$10232,$-267,$307,$-34,$273,$0,$-353,$125,$-11,$-190,$-184,$-141,$0,$0,$0,$0,$0,$18,$-123,$-36,$0,$-36,$0,$0,$0,$-2,$-38,$-345,$21,$0
13,2015-04-30,8.3,$5.81,1.43,$40.33,0.21,$-3.87,0.0,$-1.92,0.0,$4.26B,$2.16B,1.97,$5.25B,$1.78B,2.96,$12.31B,$4.38B,35.54%,$12.31B,$-0.05B,-0.43%,$12.31B,$-0.05B,-0.43%,$12.31B,$0.57B,4.66%,$12.31B,$-0.49B,-4.01%,$12.31B,$-0.52B,-4.18%,$-0.52B,$1.78B,-23.63%,$-0.52B,$1.78B,-23.63%,$-0.52B,$10.15B,-4.84%,$-0.05B,$7.02B,-0.71%,$2875,$1810,$1065,$0,$901,$2884,$-9,$-103,$-112,$5,$-117,$-117,$-117,$108,$-9,$306,306,$-0.38,$-0.38,$1044,$2811,$0,$4257,$5049,$0,$0,$601,$5893,$10150,$2159,$5248,$599,$6216,$8375,$153,$-2644,$-350,$1775,$10150,$-150,$154,$-20,$134,$0,$-159,$66,$-37,$-210,$-226,$-46,$0,$0,$0,$0,$0,$11,$-35,$-11,$0,$-11,$0,$0,$0,$-2,$-13,$-274,$10,$0
14,2015-01-31,7.27,$6.28,1.16,$40.16,0.18,$-4.13,0.0,$-2.52,0.0,$4.33B,$2.16B,2.01,$5.27B,$1.91B,2.75,$12.26B,$4.26B,34.76%,$12.26B,$-0.25B,-2.07%,$12.26B,$-0.25B,-2.07%,$12.26B,$0.38B,3.08%,$12.26B,$-0.69B,-5.66%,$12.26B,$-0.72B,-5.85%,$-0.72B,$1.91B,-29.58%,$-0.72B,$1.91B,-29.58%,$-0.72B,$10.31B,-6.57%,$-0.25B,$7.18B,-3.34%,$2857,$1816,$1041,$0,$965,$2903,$-46,$-98,$-144,$6,$-150,$-150,$-150,$274,$-46,$306,306,$-0.49,$-0.49,$1318,$2652,$0,$4331,$5148,$0,$0,$610,$5978,$10309,$2156,$5265,$611,$6239,$8395,$152,$-2494,$-350,$1914,$10309,$-717,$631,$-54,$577,$0,$283,$49,$-1,$379,$239,$-217,$0,$0,$0,$0,$0,$75,$-142,$455,$-650,$-195,$0,$0,$0,$-99,$-294,$-197,$33,$0
15,2014-10-31,7.61,$7.97,0.95,$42.58,0.18,$-14.72,0.0,$-2.22,0.0,$4.44B,$2.43B,1.83,$5.27B,$2.43B,2.17,$12.15B,$4.02B,33.11%,$12.15B,$-0.33B,-2.73%,$12.15B,$-0.33B,-2.73%,$12.15B,$0.30B,2.50%,$12.15B,$-0.77B,-6.32%,$12.15B,$-0.57B,-4.67%,$-0.57B,$2.43B,-20.86%,$-0.57B,$2.43B,-20.86%,$-0.57B,$11.07B,-5.02%,$-0.33B,$7.70B,-4.24%,$3893,$2579,$1314,$0,$1032,$3776,$117,$-100,$17,$22,$-5,$-5,$-5,$102,$117,$305,305,$-0.02,$-0.02,$684,$3358,$0,$4440,$5312,$0,$0,$618,$6625,$11065,$2426,$5269,$583,$6209,$8635,$152,$-1720,$-599,$2430,$11065,$-712,$474,$-84,$390,$0,$-423,$341,$-34,$-132,$-454,$-202,$0,$0,$0,$0,$0,$104,$-98,$433,$-650,$-217,$0,$0,$0,$-62,$-279,$-831,$24,$0
16,2014-07-31,9.38,$8.53,1.1,$44.56,0.21,$-24.18,0.0,$-3.54,0.0,$4.27B,$2.14B,2.0,$5.27B,$2.60B,2.03,$12.16B,$3.83B,31.47%,$12.16B,$-0.68B,-5.58%,$12.16B,$-0.68B,-5.58%,$12.16B,$-0.04B,-0.31%,$12.16B,$-1.08B,-8.86%,$12.16B,$-0.87B,-7.14%,$-0.87B,$2.60B,-31.32%,$-0.87B,$2.60B,-31.32%,$-0.87B,$11.02B,-7.55%,$-0.68B,$7.87B,-8.73%,$2764,$1751,$1013,$0,$988,$2818,$-54,$-137,$-191,$-3,$-188,$-188,$-188,$90,$-54,$305,305,$-0.62,$-0.62,$1036,$2848,$0,$4273,$5415,$0,$0,$627,$6743,$11016,$2136,$5271,$645,$6280,$8416,$152,$-1532,$-608,$2600,$11016,$-524,$318,$-31,$287,$0,$87,$36,$-19,$103,$-134,$-141,$0,$0,$0,$0,$0,$36,$-105,$471,$-650,$-179,$0,$0,$0,$-61,$-240,$-479,$16,$0
17,2014-04-30,8.52,$9.03,0.94,$47.46,0.18,$-32.86,0.0,$-5.64,0.0,$4.40B,$2.63B,1.67,$4.89B,$2.75B,1.78,$12.03B,$3.61B,29.99%,$12.03B,$-1.00B,-8.34%,$12.03B,$-1.00B,-8.34%,$12.03B,$-0.38B,-3.16%,$12.03B,$-1.51B,-12.52%,$12.03B,$-1.28B,-10.66%,$-1.28B,$2.75B,-47.45%,$-1.28B,$2.75B,-47.45%,$-1.28B,$11.29B,-11.00%,$-1.00B,$7.64B,-13.18%,$2799,$1791,$1008,$0,$964,$2869,$-70,$-106,$-176,$-4,$-172,$-172,$-172,$-89,$-70,$305,305,$-0.56,$-0.56,$1170,$2835,$0,$4395,$5510,$0,$0,$705,$6897,$11292,$2631,$4891,$652,$5908,$8539,$152,$-1360,$-618,$2753,$11292,$-352,$158,$-16,$142,$0,$100,$-107,$-27,$-61,$-271,$-80,$0,$0,$0,$0,$0,$17,$-63,$-10,$0,$-10,$0,$0,$0,$-1,$-11,$-345,$7,$0
18,2014-01-31,5.92,$10.13,0.58,$50.26,0.12,$-36.10,0.0,$-6.07,0.0,$4.83B,$2.85B,1.7,$4.90B,$3.09B,1.59,$11.86B,$3.49B,29.45%,$11.86B,$-1.24B,-10.47%,$11.86B,$-1.24B,-10.47%,$11.86B,$-0.64B,-5.41%,$11.86B,$-1.71B,-14.40%,$11.86B,$-1.28B,-10.78%,$-1.28B,$3.09B,-46.81%,$-1.28B,$3.09B,-46.81%,$-1.28B,$11.80B,-11.19%,$-1.24B,$7.99B,-17.37%,$2801,$1875,$926,$0,$1009,$3048,$-247,$-97,$-344,$8,$-352,$-352,$-352,$201,$-247,$305,305,$-1.15,$-1.15,$1515,$2935,$0,$4833,$5619,$0,$0,$686,$6968,$11801,$2846,$4901,$632,$5868,$8714,$152,$-1008,$-628,$3087,$11801,$-1278,$601,$-352,$249,$0,$-594,$-214,$74,$-785,$-1814,$-808,$0,$0,$0,$0,$0,$19,$-789,$1785,$650,$2435,$793,$793,$0,$-40,$3188,$585,$28,$0
19,2013-10-31,7.5,$8.69,0.86,$52.81,0.14,$-26.92,0.0,$-8.69,0.0,$5.34B,$3.38B,1.58,$4.91B,$2.65B,1.86,$11.96B,$3.34B,27.94%,$11.96B,$-2.03B,-16.95%,$11.96B,$-2.03B,-16.95%,$11.96B,$-1.43B,-11.96%,$11.96B,$-2.45B,-20.51%,$11.96B,$-1.98B,-16.51%,$-1.98B,$2.65B,-71.79%,$-1.98B,$2.65B,-71.79%,$-1.98B,$11.88B,-18.09%,$-2.03B,$7.56B,-30.32%,$3782,$2708,$1074,$0,$1004,$3742,$40,$-97,$-57,$-202,$145,$145,$145,$-240,$40,$249,249,$1.05,$1.05,$1227,$3747,$0,$5342,$5753,$0,$0,$744,$6533,$11875,$3378,$4912,$688,$5850,$9228,$153,$-1043,$-1038,$2647,$11875,$-1423,$440,$7,$447,$0,$-1406,$247,$11,$-1221,$-2197,$-726,$0,$0,$0,$0,$0,$19,$-707,$1796,$650,$2446,$793,$793,$0,$-38,$3201,$297,$22,$0
20,2013-07-31,14.6,$10.53,1.39,$55.11,0.26,$-18.55,0.0,$-7.31,0.0,$5.01B,$3.53B,1.42,$4.92B,$2.32B,2.12,$12.11B,$3.48B,28.70%,$12.11B,$-1.78B,-14.72%,$12.11B,$-1.78B,-14.72%,$12.11B,$-1.21B,-10.02%,$12.11B,$-2.16B,-17.87%,$12.11B,$-1.61B,-13.29%,$-1.61B,$2.32B,-54.27%,$-1.61B,$2.32B,-54.27%,$-1.61B,$11.65B,-15.07%,$-1.78B,$7.24B,-27.81%,$2779,$1960,$819,$0,$1006,$3180,$-401,$-99,$-500,$-11,$-489,$-489,$-489,$-252,$-401,$252,252,$-1.94,$-1.94,$1535,$3155,$0,$5014,$5820,$0,$0,$798,$6640,$11654,$3526,$4921,$645,$5808,$9334,$110,$-554,$-1064,$2320,$11654,$-934,$279,$-28,$251,$0,$-814,$114,$41,$-777,$-1460,$-653,$0,$0,$0,$0,$0,$74,$-579,$1806,$850,$2656,$7,$7,$0,$-19,$2644,$605,$16,$0
21,2013-04-30,16.42,$13.03,1.26,$56.82,0.29,$-11.71,0.0,$-5.32,0.0,$3.93B,$3.65B,1.08,$2.95B,$2.87B,1.03,$12.47B,$3.69B,29.61%,$12.47B,$-1.57B,-12.59%,$12.47B,$-1.57B,-12.59%,$12.47B,$-1.02B,-8.15%,$12.47B,$-1.80B,-14.44%,$12.47B,$-1.17B,-9.38%,$-1.17B,$2.87B,-35.43%,$-1.17B,$2.87B,-35.43%,$-1.17B,$10.37B,-11.18%,$-1.57B,$5.82B,-25.16%,$2663,$1876,$787,$0,$1026,$3058,$-395,$-209,$-604,$-18,$-586,$-586,$-586,$-350,$-395,$221,221,$-2.66,$-2.66,$821,$2798,$0,$3932,$5690,$0,$0,$743,$6440,$10372,$3648,$2950,$658,$3858,$7506,$110,$32,$-1088,$2866,$10372,$-348,$136,$-119,$17,$0,$-457,$85,$50,$-421,$-752,$-214,$0,$0,$0,$0,$0,$18,$-196,$-5,$850,$845,$5,$5,$0,$-11,$839,$-109,$5,$0
22,2013-01-31,20.33,$14.46,1.41,$59.28,0.34,$-10.45,0.0,$-4.49,0.0,$3.68B,$2.57B,1.43,$2.96B,$3.17B,0.93,$12.99B,$4.07B,31.31%,$12.99B,$-1.31B,-10.09%,$12.99B,$-1.31B,-10.09%,$12.99B,$-0.77B,-5.91%,$12.99B,$-1.54B,-11.83%,$12.99B,$-0.99B,-7.59%,$-0.99B,$3.17B,-27.59%,$-0.99B,$3.17B,-27.59%,$-0.99B,$9.78B,-9.27%,$-1.31B,$6.13B,-20.19%,$2635,$1823,$812,$0,$1078,$3121,$-486,$-61,$-547,$-199,$-348,$-348,$-348,$-588,$-486,$220,220,$-1.58,$-1.58,$930,$2341,$0,$3683,$5353,$0,$0,$745,$6098,$9781,$2568,$2956,$698,$4042,$6610,$110,$380,$-1118,$3171,$9781,$-985,$543,$-316,$227,$0,$575,$0,$-5,$748,$-10,$-284,$-9,$0,$0,$0,$0,$0,$-293,$-250,$0,$-250,$71,$71,$-86,$-9,$-274,$-577,$50,$-86
23,2012-10-31,24.01,$15.98,1.5,$66.51,0.36,$-8.25,0.0,$-2.39,0.0,$4.63B,$2.77B,1.67,$2.94B,$3.50B,0.84,$14.53B,$4.78B,32.90%,$14.53B,$-0.64B,-4.39%,$14.53B,$-0.64B,-4.39%,$14.53B,$-0.12B,-0.81%,$14.53B,$-0.86B,-5.95%,$14.53B,$-0.52B,-3.58%,$-0.52B,$3.50B,-13.76%,$-0.52B,$3.50B,-13.76%,$-0.52B,$10.89B,-4.71%,$-0.64B,$6.45B,-9.56%,$3884,$2960,$924,$0,$1209,$4629,$-745,$-57,$-802,$-250,$-552,$-552,$-552,$-23,$-745,$219,219,$-2.51,$-2.51,$525,$3362,$0,$4630,$5493,$0,$0,$767,$6260,$10890,$2774,$2943,$885,$4614,$7388,$110,$932,$-1329,$3502,$10890,$-433,$386,$-378,$8,$0,$-446,$386,$-41,$-230,$-655,$-55,$-9,$0,$0,$0,$0,$0,$-64,$-243,$0,$-243,$70,$70,$-86,$-4,$-263,$-982,$38,$-86
24,2012-07-31,22.51,$16.78,1.34,$71.86,0.31,$-7.84,0.0,$-2.50,0.0,$4.74B,$2.48B,1.91,$2.90B,$3.67B,0.79,$15.59B,$5.32B,34.11%,$15.59B,$-0.65B,-4.19%,$15.59B,$-0.65B,-4.19%,$15.59B,$-0.14B,-0.89%,$15.59B,$-0.88B,-5.64%,$15.59B,$-0.54B,-3.46%,$-0.54B,$3.67B,-13.38%,$-0.54B,$3.67B,-13.38%,$-0.54B,$10.81B,-4.69%,$-0.65B,$6.57B,-9.45%,$2927,$1975,$952,$0,$1087,$3083,$-156,$-55,$-211,$-88,$-123,$-123,$-123,$-55,$-156,$219,219,$-0.56,$-0.56,$888,$2993,$0,$4736,$5153,$0,$0,$923,$6076,$10812,$2484,$2901,$852,$4657,$7141,$109,$1057,$-1277,$3671,$10812,$-310,$253,$-221,$32,$0,$-77,$-7,$-15,$-329,$-607,$7,$-9,$0,$0,$0,$0,$0,$-2,$0,$0,$0,$69,$69,$-86,$7,$-10,$-619,$26,$-86
25,2012-04-30,36.06,$18.02,2.0,$76.14,0.47,$-5.67,0.0,$-1.76,0.0,$4.68B,$2.44B,1.92,$2.87B,$3.94B,0.73,$16.47B,$5.81B,35.27%,$16.47B,$-0.39B,-2.36%,$16.47B,$-0.39B,-2.36%,$16.47B,$0.13B,0.77%,$16.47B,$-0.61B,-3.73%,$16.47B,$-0.38B,-2.30%,$-0.38B,$3.94B,-8.83%,$-0.38B,$3.94B,-8.83%,$-0.38B,$11.04B,-3.18%,$-0.39B,$6.81B,-5.39%,$3022,$2018,$1004,$0,$1050,$3205,$-183,$-58,$-241,$-94,$-147,$-147,$-147,$-101,$-183,$219,219,$-0.67,$-0.67,$839,$3084,$0,$4682,$5126,$0,$0,$1231,$6357,$11039,$2437,$2871,$871,$4666,$7103,$109,$1204,$-1144,$3936,$11039,$-163,$125,$73,$198,$0,$-168,$-38,$7,$-612,$-577,$-107,$-9,$0,$0,$0,$0,$0,$-116,$0,$0,$0,$68,$68,$-43,$0,$25,$-668,$12,$-43
26,2012-01-31,41.08,$18.57,2.21,$78.72,0.52,$-2.82,0.0,$-0.73,0.0,$5.08B,$2.76B,1.84,$2.87B,$4.01B,0.72,$17.26B,$6.22B,36.03%,$17.26B,$-0.00B,-0.01%,$17.26B,$-0.00B,-0.01%,$17.26B,$0.52B,2.99%,$17.26B,$-0.23B,-1.33%,$17.26B,$-0.15B,-0.88%,$-0.15B,$4.01B,-3.38%,$-0.15B,$4.01B,-3.38%,$-0.15B,$11.42B,-1.24%,$-0.00B,$6.88B,-0.03%,$3152,$1966,$1186,$0,$1160,$3378,$-226,$-56,$-282,$-119,$-163,$-163,$-163,$62,$-226,$218,218,$-0.75,$-0.75,$1507,$2916,$0,$5081,$5176,$0,$0,$1167,$6343,$11424,$2756,$2871,$899,$4658,$7414,$108,$1412,$-1209,$4010,$11424,$-152,$518,$313,$831,$0,$297,$-111,$-67,$141,$820,$-634,$-268,$0,$-36,$0,$-36,$68,$-870,$0,$0,$0,$-832,$-832,$-178,$-55,$-1065,$-1115,$46,$-178
27,2011-10-31,31.36,$21.19,1.48,$77.73,0.4,$-3.28,0.0,$0.81,38.71,$6.11B,$3.47B,1.76,$2.87B,$4.52B,0.64,$17.54B,$6.72B,38.34%,$17.54B,$0.53B,3.02%,$17.54B,$0.53B,3.02%,$17.54B,$1.04B,5.95%,$17.54B,$0.30B,1.72%,$17.54B,$0.21B,1.17%,$0.21B,$4.52B,4.24%,$0.21B,$4.52B,4.24%,$0.21B,$12.83B,1.62%,$0.53B,$7.39B,6.70%,$5425,$3788,$1637,$0,$1343,$5498,$-73,$-57,$-130,$-43,$-87,$-87,$-87,$-44,$-73,$217,217,$-0.38,$-0.38,$1085,$4376,$0,$6110,$5242,$0,$0,$807,$6717,$12827,$3466,$2871,$816,$4839,$8305,$107,$1541,$-745,$4522,$12827,$-65,$383,$216,$599,$0,$-1163,$698,$-86,$-667,$-133,$-469,$0,$0,$0,$0,$0,$54,$-415,$0,$0,$0,$-838,$-838,$-135,$-16,$-989,$-1537,$33,$-135
28,2011-07-31,29.64,$22.05,1.34,$76.64,0.39,$-4.23,0.0,$1.67,17.75,$5.65B,$2.77B,2.04,$3.10B,$4.70B,0.66,$17.74B,$6.87B,38.72%,$17.74B,$0.82B,4.64%,$17.74B,$0.82B,4.64%,$17.74B,$1.34B,7.55%,$17.74B,$0.59B,3.35%,$17.74B,$0.39B,2.22%,$0.39B,$4.70B,7.92%,$0.39B,$4.70B,7.92%,$0.39B,$12.45B,3.09%,$0.82B,$7.80B,10.22%,$3986,$2497,$1489,$0,$1242,$4157,$-171,$-55,$-226,$-83,$-143,$-143,$-143,$209,$-171,$213,213,$-0.67,$-0.67,$1551,$3572,$0,$5651,$5237,$0,$0,$778,$6803,$12454,$2767,$3099,$669,$4984,$7751,$107,$1728,$-737,$4703,$12454,$78,$256,$-39,$217,$0,$-359,$253,$3,$-123,$172,$-295,$0,$0,$0,$0,$0,$0,$-295,$0,$0,$0,$-839,$-839,$-92,$-17,$-948,$-1071,$26,$-92
29,2011-04-30,36.62,$21.99,1.67,$75.13,0.49,$-6.22,0.0,$1.66,22.06,$5.63B,$2.67B,2.11,$3.10B,$4.75B,0.65,$17.77B,$6.93B,38.96%,$17.77B,$0.84B,4.72%,$17.77B,$0.84B,4.72%,$17.77B,$1.35B,7.61%,$17.77B,$0.59B,3.31%,$17.77B,$0.39B,2.21%,$0.39B,$4.75B,7.85%,$0.39B,$4.75B,7.85%,$0.39B,$12.40B,3.09%,$0.84B,$7.85B,10.33%,$3906,$2409,$1497,$0,$1243,$3825,$81,$-57,$24,$10,$14,$14,$14,$289,$81,$213,216,$0.07,$0.07,$1767,$3408,$0,$5633,$5226,$0,$0,$764,$6766,$12399,$2670,$3099,$671,$4978,$7648,$108,$1819,$-763,$4751,$12399,$64,$128,$2,$130,$0,$-195,$141,$10,$-142,$52,$-117,$0,$0,$0,$0,$0,$0,$-117,$0,$0,$0,$-725,$-725,$-47,$-18,$-790,$-855,$13,$-47
30,2011-01-31,30.22,$23.07,1.31,$74.62,0.4,$-6.78,0.0,$1.63,18.54,$6.37B,$2.65B,2.41,$3.10B,$5.46B,0.57,$17.76B,$6.96B,39.19%,$17.76B,$0.83B,4.68%,$17.76B,$0.83B,4.68%,$17.76B,$1.34B,7.56%,$17.76B,$0.58B,3.27%,$17.76B,$0.39B,2.19%,$0.39B,$5.46B,7.72%,$0.39B,$5.46B,7.72%,$0.39B,$13.07B,3.07%,$0.83B,$8.56B,10.25%,$3943,$2348,$1595,$0,$1281,$3782,$161,$-58,$103,$39,$64,$64,$64,$590,$161,$229,232,$0.28,$0.28,$2622,$3213,$0,$6370,$5231,$0,$0,$704,$6698,$13068,$2647,$3099,$670,$4961,$7608,$118,$2222,$-805,$5460,$13068,$389,$511,$-5,$506,$0,$-189,$-93,$27,$-303,$592,$-499,$0,$0,$0,$0,$0,$14,$-485,$-301,$0,$-301,$8,$8,$-189,$-14,$-496,$-389,$53,$-189
31,2010-10-31,29.02,$20.85,1.39,$74.46,0.39,$-3.00,0.0,$1.34,21.65,$6.62B,$3.23B,2.05,$3.10B,$4.94B,0.63,$17.61B,$6.94B,39.40%,$17.61B,$0.76B,4.30%,$17.61B,$0.76B,4.30%,$17.61B,$1.27B,7.20%,$17.61B,$0.50B,2.83%,$17.61B,$0.32B,1.81%,$0.32B,$4.94B,6.53%,$0.32B,$4.94B,6.53%,$0.32B,$12.95B,2.54%,$0.76B,$8.04B,9.56%,$5703,$3560,$2143,$0,$1465,$5245,$458,$-58,$400,$140,$260,$260,$271,$252,$458,$236,238,$1.14,$1.13,$1666,$4267,$0,$6619,$5285,$0,$0,$657,$6333,$12952,$3225,$3099,$693,$4786,$8011,$118,$1999,$-1084,$4941,$12952,$118,$379,$-125,$254,$0,$-1243,$540,$7,$-890,$-518,$-380,$0,$0,$0,$0,$0,$4,$-376,$-301,$0,$-301,$7,$7,$-142,$-15,$-451,$-1345,$36,$-142
32,2010-07-31,22.61,$20.70,1.09,$74.42,0.3,$0.98,23.05,$1.26,17.94,$6.20B,$2.83B,2.19,$3.10B,$4.89B,0.63,$17.60B,$7.00B,39.77%,$17.60B,$0.74B,4.21%,$17.60B,$0.74B,4.21%,$17.60B,$1.25B,7.08%,$17.60B,$0.48B,2.70%,$17.60B,$0.30B,1.71%,$0.30B,$4.89B,6.30%,$0.30B,$4.89B,6.30%,$0.30B,$12.51B,2.41%,$0.74B,$7.99B,9.48%,$4189,$2554,$1635,$0,$1326,$4065,$124,$-57,$67,$23,$44,$44,$44,$221,$124,$236,238,$0.19,$0.19,$2003,$3490,$0,$6197,$5298,$0,$0,$627,$6312,$12509,$2832,$3099,$710,$4791,$7623,$118,$2002,$-1130,$4886,$12509,$74,$251,$-149,$102,$0,$-466,$184,$21,$-555,$-379,$-229,$0,$0,$0,$0,$0,$4,$-225,$-301,$0,$-301,$5,$5,$-94,$-14,$-404,$-1008,$26,$-94
33,2010-04-30,26.29,$20.64,1.27,$74.73,0.35,$4.39,5.99,$1.20,21.91,$6.15B,$2.65B,2.32,$3.00B,$4.87B,0.62,$17.60B,$6.97B,39.58%,$17.60B,$0.71B,4.05%,$17.60B,$0.71B,4.05%,$17.60B,$1.21B,6.89%,$17.60B,$0.46B,2.59%,$17.60B,$0.29B,1.62%,$0.29B,$4.87B,6.09%,$0.29B,$4.87B,6.09%,$0.29B,$12.08B,2.31%,$0.71B,$7.87B,9.26%,$3938,$2386,$1552,$0,$1275,$3843,$95,$-77,$18,$4,$14,$14,$14,$280,$95,$236,238,$0.06,$0.06,$2378,$3214,$0,$6148,$5307,$0,$0,$626,$5933,$12081,$2653,$2999,$726,$4558,$7211,$118,$2036,$-1165,$4870,$12081,$60,$125,$64,$189,$0,$-190,$77,$23,$-334,$-85,$-116,$0,$0,$0,$0,$0,$4,$-112,$-393,$0,$-393,$4,$4,$-47,$0,$-436,$-633,$14,$-47
34,2010-01-31,22.11,$20.25,1.09,$75.64,0.29,$4.83,4.58,$1.06,20.86,$6.65B,$3.25B,2.05,$3.00B,$4.78B,0.63,$17.56B,$6.91B,39.36%,$17.56B,$0.66B,3.78%,$17.56B,$0.66B,3.78%,$17.56B,$1.16B,6.60%,$17.56B,$0.40B,2.30%,$17.56B,$0.25B,1.43%,$0.25B,$4.78B,5.55%,$0.25B,$4.78B,5.55%,$0.25B,$12.58B,2.04%,$0.66B,$7.78B,8.81%,$3929,$2299,$1630,$0,$1292,$3774,$155,$-59,$96,$36,$60,$60,$60,$514,$155,$236,238,$0.25,$0.25,$3011,$3024,$0,$6652,$5357,$0,$0,$572,$5929,$12581,$3249,$2999,$738,$4554,$7803,$118,$2023,$-1230,$4778,$12581,$251,$495,$436,$931,$0,$235,$0,$36,$391,$1573,$-600,$0,$0,$0,$0,$0,$13,$-587,$-113,$0,$-113,$4,$4,$-183,$-35,$-327,$659,$40,$-183
35,2009-10-31,29.08,$19.44,1.5,$77.65,0.37,$1.49,19.5,$1.17,24.86,$6.92B,$3.67B,1.88,$3.00B,$4.59B,0.65,$17.77B,$6.79B,38.19%,$17.77B,$0.67B,3.77%,$17.77B,$0.67B,3.77%,$17.77B,$1.16B,6.52%,$17.77B,$0.41B,2.32%,$17.77B,$0.26B,1.47%,$0.26B,$4.59B,6.00%,$0.26B,$4.59B,6.00%,$0.26B,$12.80B,2.15%,$0.67B,$7.59B,8.93%,$5550,$3430,$2120,$0,$1537,$5167,$383,$-65,$318,$120,$198,$198,$200,$230,$383,$232,233,$0.86,$0.86,$2129,$4018,$0,$6920,$5319,$0,$0,$534,$5878,$12798,$3673,$2999,$728,$4537,$8210,$118,$1871,$-1263,$4588,$12798,$51,$364,$403,$767,$0,$-759,$600,$8,$-345,$473,$-424,$0,$0,$0,$0,$0,$12,$-412,$-113,$0,$-113,$3,$3,$-136,$-34,$-280,$-223,$29,$-136
36,2009-07-31,26.17,$19.22,1.36,$79.46,0.33,$-1.33,0.0,$1.62,16.15,$6.27B,$3.17B,1.98,$3.00B,$4.54B,0.66,$17.90B,$6.75B,37.72%,$17.90B,$0.82B,4.56%,$17.90B,$0.82B,4.56%,$17.90B,$1.30B,7.27%,$17.90B,$0.57B,3.18%,$17.90B,$0.36B,2.01%,$0.36B,$4.54B,7.94%,$0.36B,$4.54B,7.94%,$0.36B,$12.17B,2.87%,$0.82B,$7.54B,10.51%,$4179,$2483,$1696,$0,$1376,$4072,$107,$-64,$43,$16,$27,$27,$27,$188,$107,$236,238,$0.11,$0.11,$2312,$3258,$0,$6272,$5368,$0,$0,$499,$5897,$12169,$3173,$2999,$714,$4460,$7633,$118,$1891,$-1322,$4536,$12169,$24,$241,$278,$519,$0,$1,$0,$0,$-40,$503,$-304,$0,$0,$0,$0,$0,$0,$-304,$-113,$0,$-113,$1,$1,$-89,$-34,$-235,$-40,$20,$-89
37,2009-04-30,26.25,$18.90,1.39,$81.81,0.32,$-2.87,0.0,$2.14,12.27,$5.93B,$2.95B,2.01,$3.00B,$4.20B,0.72,$18.24B,$6.84B,37.49%,$18.24B,$0.99B,5.44%,$18.24B,$0.99B,5.44%,$18.24B,$1.47B,8.07%,$18.24B,$0.76B,4.16%,$18.24B,$0.48B,2.61%,$0.48B,$4.20B,10.20%,$0.48B,$4.20B,10.20%,$0.48B,$11.75B,3.69%,$0.99B,$7.20B,12.33%,$3943,$2423,$1520,$0,$1242,$3876,$67,$-68,$-1,$0,$-1,$-1,$-1,$226,$67,$234,234,$-0.00,$-0.00,$2138,$3237,$0,$5929,$5335,$0,$0,$481,$5816,$11745,$2948,$2999,$994,$4601,$7549,$111,$1940,$-1362,$4196,$11745,$25,$120,$97,$217,$0,$22,$-92,$23,$-176,$66,$-156,$0,$0,$0,$0,$0,$0,$-156,$0,$0,$0,$0,$0,$-89,$-32,$-121,$-214,$10,$-89
38,2009-01-31,14.06,$18.72,0.75,$82.90,0.17,$-4.26,0.0,$2.57,5.47,$6.22B,$2.79B,2.23,$3.51B,$4.16B,0.84,$18.49B,$6.92B,37.41%,$18.49B,$1.14B,6.14%,$18.49B,$1.14B,6.14%,$18.49B,$1.60B,8.68%,$18.49B,$0.91B,4.92%,$18.49B,$0.57B,3.09%,$0.57B,$4.16B,11.68%,$0.57B,$4.16B,11.68%,$0.57B,$12.01B,4.29%,$1.14B,$7.66B,13.51%,$3884,$2310,$1574,$0,$1255,$3778,$106,$-63,$43,$18,$25,$25,$25,$515,$106,$222,223,$0.11,$0.11,$2352,$3259,$0,$6220,$5367,$0,$0,$424,$5791,$12011,$2794,$3505,$958,$5062,$7856,$111,$1959,$-1414,$4155,$12011,$572,$469,$35,$504,$0,$382,$0,$25,$80,$1156,$-969,$0,$0,$0,$0,$0,$13,$-956,$-203,$0,$-203,$4,$4,$-178,$-3,$-380,$-180,$53,$-178
39,2008-10-31,19.72,$23.41,0.84,$85.47,0.23,$-5.07,0.0,$3.55,5.55,$6.76B,$3.42B,1.98,$3.51B,$5.20B,0.67,$19.12B,$7.23B,37.82%,$19.12B,$1.48B,7.72%,$19.12B,$1.48B,7.72%,$19.12B,$1.93B,10.12%,$19.12B,$1.27B,6.63%,$19.12B,$0.79B,4.14%,$0.79B,$5.20B,15.25%,$0.79B,$5.20B,15.25%,$0.79B,$14.10B,5.69%,$1.48B,$8.70B,16.97%,$5759,$3764,$1995,$0,$1488,$5370,$389,$-61,$328,$120,$208,$208,$211,$373,$389,$222,223,$0.96,$0.95,$1624,$4471,$0,$6756,$5254,$0,$0,$473,$7342,$14098,$3415,$3505,$718,$5486,$8901,$111,$1792,$-195,$5197,$14098,$361,$343,$62,$405,$0,$-830,$443,$-20,$-612,$154,$-738,$0,$0,$0,$0,$0,$13,$-725,$-203,$0,$-203,$4,$4,$-134,$-3,$-336,$-908,$36,$-134
40,2008-07-31,25.04,$23.20,1.08,$87.22,0.29,$-5.98,0.0,$4.16,6.02,$6.52B,$3.15B,2.07,$3.51B,$5.15B,0.68,$19.53B,$7.45B,38.13%,$19.53B,$1.63B,8.35%,$19.53B,$1.63B,8.35%,$19.53B,$2.08B,10.66%,$19.53B,$1.44B,7.37%,$19.53B,$0.93B,4.75%,$0.93B,$5.15B,18.52%,$0.93B,$5.15B,18.52%,$0.93B,$13.80B,6.69%,$1.63B,$8.66B,19.15%,$4318,$2654,$1664,$0,$1320,$4063,$255,$-56,$199,$76,$123,$123,$124,$358,$255,$222,223,$0.56,$0.56,$2243,$3693,$0,$6519,$5161,$0,$0,$534,$7277,$13796,$3147,$3505,$710,$5498,$8645,$111,$1713,$-149,$5151,$13796,$237,$225,$16,$241,$0,$-52,$0,$33,$-135,$343,$-496,$0,$0,$0,$0,$0,$0,$-496,$-2,$0,$-2,$4,$4,$-134,$-3,$-135,$-289,$24,$-134
41,2008-04-30,34.16,$22.94,1.49,$87.53,0.39,$-7.11,0.0,$4.45,7.68,$6.27B,$2.86B,2.19,$3.51B,$5.09B,0.69,$19.64B,$7.51B,38.26%,$19.64B,$1.72B,8.74%,$19.64B,$1.72B,8.74%,$19.64B,$2.15B,10.96%,$19.64B,$1.53B,7.80%,$19.64B,$0.99B,5.06%,$0.99B,$5.09B,20.75%,$0.99B,$5.09B,20.75%,$0.99B,$13.45B,7.25%,$1.72B,$8.60B,20.59%,$4282,$2676,$1606,$0,$1270,$4039,$243,$-55,$188,$72,$116,$116,$117,$358,$243,$222,223,$0.52,$0.52,$2044,$3694,$0,$6265,$5042,$0,$0,$593,$7183,$13448,$2859,$3505,$702,$5496,$8355,$111,$1642,$-124,$5093,$13448,$120,$110,$30,$140,$0,$-53,$-165,$25,$-391,$-131,$-269,$0,$0,$0,$0,$0,$0,$-269,$-1,$0,$-1,$3,$3,$-87,$-3,$-88,$-488,$12,$-87
42,2008-01-31,37.69,$23.93,1.58,$88.02,0.43,$-6.51,0.0,$4.95,7.61,$6.75B,$3.34B,2.02,$3.51B,$5.31B,0.66,$19.86B,$7.67B,38.63%,$19.86B,$1.89B,9.51%,$19.86B,$1.89B,9.51%,$19.86B,$2.31B,11.65%,$19.86B,$1.72B,8.68%,$19.86B,$1.11B,5.59%,$1.11B,$5.31B,23.93%,$1.11B,$5.31B,23.93%,$1.11B,$14.31B,8.11%,$1.89B,$8.82B,22.89%,$4127,$2477,$1650,$0,$1317,$3879,$248,$-53,$195,$75,$120,$120,$120,$845,$248,$222,223,$0.54,$0.54,$2532,$3641,$0,$6751,$4959,$0,$0,$569,$7558,$14309,$3338,$3505,$691,$5659,$8997,$111,$1540,$208,$5312,$14309,$1111,$426,$-77,$349,$0,$-241,$0,$51,$-211,$1249,$-1243,$0,$0,$0,$0,$0,$26,$-1217,$243,$0,$243,$-355,$-355,$-174,$0,$-286,$-271,$45,$-174
43,2007-10-31,44.25,$20.23,2.19,$88.35,0.5,$-4.44,0.0,$5.11,8.66,$7.34B,$4.06B,1.81,$3.51B,$4.49B,0.78,$20.13B,$7.90B,39.21%,$20.13B,$1.92B,9.51%,$20.13B,$1.92B,9.51%,$20.13B,$2.34B,11.62%,$20.13B,$1.77B,8.77%,$20.13B,$1.16B,5.75%,$1.16B,$4.49B,26.40%,$1.16B,$4.49B,26.40%,$1.16B,$13.97B,8.71%,$1.92B,$8.00B,24.34%,$6390,$4079,$2311,$0,$1520,$5661,$729,$-43,$686,$255,$431,$431,$430,$521,$729,$223,225,$1.94,$1.91,$1827,$4734,$0,$7338,$4745,$0,$0,$576,$6629,$13967,$4061,$3505,$782,$5415,$9476,$111,$1154,$-216,$4491,$13967,$681,$310,$-8,$302,$0,$-1334,$956,$20,$-834,$149,$-939,$0,$0,$0,$0,$0,$8,$-931,$345,$0,$345,$-356,$-356,$-173,$7,$-177,$-976,$36,$-173
44,2007-07-31,53.23,$19.11,2.79,$88.20,0.6,$-2.26,0.0,$5.20,10.24,$6.68B,$3.23B,2.07,$3.71B,$4.24B,0.87,$20.19B,$8.00B,39.64%,$20.19B,$2.01B,9.95%,$20.19B,$2.01B,9.95%,$20.19B,$2.42B,11.99%,$20.19B,$1.86B,9.23%,$20.19B,$1.18B,5.87%,$1.18B,$4.24B,27.77%,$1.18B,$4.24B,27.77%,$1.18B,$13.08B,9.10%,$2.01B,$7.95B,26.26%,$4729,$2850,$1879,$0,$1348,$4318,$411,$-41,$370,$109,$261,$261,$261,$429,$411,$222,224,$1.18,$1.17,$2180,$3649,$0,$6683,$4570,$0,$0,$542,$6396,$13079,$3232,$3705,$800,$5605,$8837,$111,$937,$-237,$4242,$13079,$420,$200,$12,$212,$-61,$-250,$268,$13,$-443,$189,$-598,$0,$0,$0,$0,$0,$8,$-590,$347,$0,$347,$-359,$-359,$-130,$3,$-139,$-567,$28,$-130
45,2007-04-30,61.53,$20.01,3.08,$86.72,0.71,$-1.06,0.0,$5.15,11.95,$7.27B,$3.28B,2.22,$3.71B,$4.52B,0.82,$20.03B,$7.91B,39.48%,$20.03B,$1.96B,9.78%,$20.03B,$1.96B,9.78%,$20.03B,$2.36B,11.78%,$20.03B,$1.83B,9.14%,$20.03B,$1.18B,5.90%,$1.18B,$4.52B,28.26%,$1.18B,$4.52B,28.26%,$1.18B,$13.45B,9.23%,$1.96B,$8.23B,26.42%,$4391,$2717,$1674,$0,$1243,$4062,$329,$-49,$280,$105,$175,$175,$182,$519,$329,$223,225,$0.82,$0.81,$3068,$3497,$0,$7271,$4294,$0,$0,$629,$6182,$13453,$3277,$3706,$809,$5654,$8931,$113,$1120,$-183,$4522,$13453,$238,$100,$34,$134,$-25,$-98,$130,$39,$-401,$-29,$-244,$0,$0,$0,$0,$0,$0,$-244,$652,$0,$652,$26,$26,$-86,$3,$595,$321,$14,$-86
46,2007-01-31,62.9,$18.97,3.32,$85.61,0.73,$-0.90,0.0,$5.00,12.58,$6.65B,$3.49B,1.9,$3.01B,$4.29B,0.7,$19.90B,$7.83B,39.32%,$19.90B,$1.92B,9.66%,$19.90B,$1.92B,9.66%,$19.90B,$2.31B,11.61%,$19.90B,$1.79B,9.00%,$19.90B,$1.15B,5.79%,$1.15B,$4.29B,28.05%,$1.15B,$4.29B,28.05%,$1.15B,$12.67B,9.20%,$1.92B,$7.30B,26.70%,$4350,$2543,$1807,$0,$1291,$3931,$419,$-32,$387,$149,$238,$238,$238,$871,$419,$226,229,$1.05,$1.04,$2747,$3400,$0,$6648,$4162,$0,$0,$628,$6025,$12673,$3492,$3010,$677,$4893,$8385,$112,$922,$-176,$4288,$12673,$1153,$389,$-314,$75,$0,$-190,$195,$-5,$30,$1258,$-772,$0,$0,$0,$0,$0,$20,$-752,$-21,$0,$-21,$-615,$-615,$-153,$38,$-751,$-266,$60,$-153
47,2006-10-31,57.98,$17.78,3.26,$81.21,0.71,$0.15,392.53,$5.25,11.04,$6.75B,$3.49B,1.94,$3.11B,$4.00B,0.78,$19.44B,$7.40B,38.05%,$19.44B,$1.83B,9.43%,$19.44B,$1.83B,9.43%,$19.44B,$2.21B,11.36%,$19.44B,$1.69B,8.71%,$19.44B,$1.23B,6.31%,$1.23B,$4.00B,30.37%,$1.23B,$4.00B,30.37%,$1.23B,$12.82B,9.83%,$1.83B,$7.11B,25.34%,$6664,$4129,$2535,$0,$1611,$5908,$756,$-28,$728,$271,$457,$457,$477,$602,$756,$229,232,$2.09,$2.05,$1976,$4275,$0,$6753,$4023,$0,$0,$580,$6065,$12818,$3486,$3112,$968,$5332,$8818,$112,$486,$34,$4000,$12818,$676,$274,$21,$295,$-27,$-1066,$634,$1,$-756,$253,$-560,$0,$0,$0,$0,$0,$11,$-549,$-12,$0,$-12,$-646,$-646,$-113,$35,$-736,$-1040,$38,$-113
