,Date,Stock Price,Book Value per Share,Price to Book Ratio,TTM Sales per Share,Price to Sales Ratio,TTM FCF per Share,Price to FCF Ratio,TTM Net EPS,PE Ratio,Current Assets,Current Liabilities,Current Ratio,Long Term Debt,Shareholder's Equity_x,Debt to Equity Ratio,TTM Revenue_x,TTM Gross Profit,Gross Margin,TTM Revenue_y,TTM Operating Income,Operating Margin,TTM Revenue_x,TTM EBIT,EBIT Margin,TTM Revenue_y,TTM EBITDA,EBITDA Margin,TTM Revenue_x,TTM Pre-Tax Income,Pre-Tax Margin,TTM Revenue_y,TTM Net Income_x,Net Margin,TTM Net Income_y,Shareholder's Equity_y,Return on Equity,TTM Net Income_x,Tangible Equity,Return on Tangible Equity,TTM Net Income_y,Total Assets,Return on Assets,TTM Net Income,LT Investments & Debt,Return on Investment,revenue,cost-goods-sold,gross-profit,research-development-expenses,selling-general-administrative-expenses,operating-expenses,operating-income,total-non-operating-income-expense,pre-tax-income,total-provision-income-taxes,income-after-taxes,income-from-continuous-operations,net-income,ebitda,ebit,basic-shares-outstanding,shares-outstanding,eps-basic-net-earnings-per-share,eps-earnings-per-share-diluted,cash-on-hand,inventory,other-current-assets,total-current-assets,net-property-plant-equipment,long-term-investments,goodwill-intangible-assets-total,other-long-term-assets,total-long-term-assets,total-assets,total-current-liabilities,long-term-debt,other-non-current-liabilities,total-long-term-liabilities,total-liabilities,common-stock-net,retained-earnings-accumulated-deficit,comprehensive-income,total-share-holder-equity,total-liabilities-share-holders-equity,net-income-loss,total-depreciation-amortization-cash-flow,other-non-cash-items,total-non-cash-items,change-in-accounts-receivable,change-in-inventories,change-in-accounts-payable,change-in-assets-liabilities,total-change-in-assets-liabilities,cash-flow-from-operating-activities,net-change-in-property-plant-equipment,net-change-in-intangible-assets,net-acquisitions-divestitures,net-change-in-short-term-investments,net-change-in-long-term-investments,net-change-in-investments-total,investing-activities-other,cash-flow-from-investing-activities,net-long-term-debt,net-current-debt,debt-issuance-retirement-net-total,net-common-equity-issued-repurchased,net-total-equity-issued-repurchased,total-common-preferred-stock-dividends-paid,financial-activities-other,cash-flow-from-financial-activities,net-cash-flow,stock-based-compensation,common-stock-dividends-paid
0,2018-09-30,2.8,$4.65,0.6,$7.31,0.38,$-0.60,0.0,$-0.86,0.0,$0.04B,$0.01B,4.2,$0.00B,$0.04B,0.0,$0.07B,$0.02B,30.30%,$0.07B,$-0.01B,-13.64%,$0.07B,$-0.01B,-13.64%,$0.07B,$-0.01B,-7.58%,$0.07B,$-0.01B,-13.64%,$0.07B,$-0.01B,-13.64%,$-0.01B,$0.04B,-19.67%,$-0.01B,$0.04B,-19.67%,$-0.01B,$0.05B,-16.14%,$-0.01B,$0.04B,-19.67%,$15,$10,$5,$0,$7,$17,$-2,$0,$-2,$-0,$-2,$-2,$-2,$-1,$-2,$9,9,$-0.17,$-0.17,$11,$16,$1,$41,$12,$0,$0,$0,$12,$52,$10,$0,$0,$0,$10,$0,$0,$-1,$43,$52,$-6,$2,$0,$2,$1,$-2,$-1,$1,$-1,$-5,$-1,$0,$0,$0,$3,$3,$0,$2,$0,$0,$0,$0,$0,$-1,$0,$-1,$-4,$0,$-1
1,2018-06-30,3.81,$4.86,0.78,$7.92,0.48,$0.30,12.79,$-1.19,0.0,$0.04B,$0.01B,4.08,$0.00B,$0.04B,0.0,$0.07B,$0.02B,25.35%,$0.07B,$-0.01B,-16.90%,$0.07B,$-0.01B,-16.90%,$0.07B,$-0.01B,-11.27%,$0.07B,$-0.01B,-16.90%,$0.07B,$-0.01B,-16.90%,$-0.01B,$0.04B,-25.13%,$-0.01B,$0.04B,-25.13%,$-0.01B,$0.06B,-20.69%,$-0.01B,$0.04B,-25.13%,$15,$11,$4,$0,$7,$18,$-3,$0,$-3,$-0,$-3,$-3,$-3,$-2,$-3,$9,9,$-0.29,$-0.29,$14,$16,$1,$43,$12,$0,$0,$0,$12,$55,$11,$0,$0,$0,$11,$0,$2,$-1,$44,$55,$-5,$1,$0,$1,$1,$-2,$1,$1,$1,$-2,$-1,$0,$0,$0,$-1,$-1,$0,$-1,$0,$0,$0,$0,$0,$-1,$0,$-1,$-4,$0,$-1
2,2018-03-31,3.73,$5.21,0.72,$8.74,0.43,$1.19,3.13,$-1.36,0.0,$0.05B,$0.01B,4.45,$0.00B,$0.05B,0.0,$0.08B,$0.02B,25.64%,$0.08B,$-0.01B,-16.67%,$0.08B,$-0.01B,-16.67%,$0.08B,$-0.01B,-11.54%,$0.08B,$-0.01B,-16.67%,$0.08B,$-0.01B,-16.67%,$-0.01B,$0.05B,-25.62%,$-0.01B,$0.05B,-25.62%,$-0.01B,$0.06B,-21.22%,$-0.01B,$0.05B,-25.62%,$17,$12,$5,$0,$7,$19,$-2,$0,$-2,$0,$-2,$-2,$-2,$-1,$-2,$9,9,$-0.21,$-0.21,$18,$14,$1,$45,$12,$0,$0,$0,$12,$58,$10,$0,$0,$0,$10,$0,$5,$-1,$47,$58,$-2,$1,$0,$1,$0,$-0,$0,$0,$1,$0,$-0,$0,$0,$0,$-0,$-0,$0,$-1,$0,$0,$0,$0,$0,$-0,$0,$-0,$-1,$0,$-0
3,2017-12-31,3.49,$5.48,0.64,$9.21,0.38,$1.38,2.53,$-1.32,0.0,$0.05B,$0.01B,5.07,$0.00B,$0.05B,0.0,$0.08B,$0.02B,25.61%,$0.08B,$-0.01B,-14.63%,$0.08B,$-0.01B,-14.63%,$0.08B,$-0.01B,-10.98%,$0.08B,$-0.01B,-14.63%,$0.08B,$-0.01B,-15.85%,$-0.01B,$0.05B,-24.07%,$-0.01B,$0.05B,-24.19%,$-0.01B,$0.06B,-20.16%,$-0.01B,$0.05B,-22.22%,$19,$13,$6,$0,$7,$21,$-2,$-0,$-2,$0,$-2,$-2,$-2,$-1,$-2,$9,9,$-0.19,$-0.19,$18,$14,$1,$45,$13,$0,$0,$0,$13,$58,$9,$0,$0,$0,$9,$0,$7,$-1,$49,$58,$-12,$3,$3,$6,$2,$8,$-2,$0,$10,$4,$-1,$0,$0,$0,$0,$0,$0,$-0,$0,$0,$0,$0,$0,$-1,$0,$-1,$2,$0,$-1
4,2017-09-30,4.13,$5.70,0.72,$9.66,0.43,$1.02,4.04,$-1.34,0.0,$0.05B,$0.01B,4.77,$0.00B,$0.05B,0.0,$0.09B,$0.02B,24.42%,$0.09B,$-0.01B,-13.95%,$0.09B,$-0.01B,-13.95%,$0.09B,$-0.01B,-10.47%,$0.09B,$-0.01B,-13.95%,$0.09B,$-0.01B,-15.12%,$-0.01B,$0.05B,-22.71%,$-0.01B,$0.05B,-23.01%,$-0.01B,$0.06B,-19.05%,$-0.01B,$0.05B,-20.96%,$20,$17,$3,$0,$7,$25,$-5,$0,$-5,$-0,$-5,$-5,$-5,$-4,$-5,$9,9,$-0.50,$-0.50,$18,$15,$1,$48,$13,$0,$0,$0,$13,$61,$10,$0,$0,$0,$10,$0,$9,$-1,$51,$61,$-10,$2,$2,$5,$1,$7,$-2,$0,$8,$3,$-0,$0,$0,$0,$5,$5,$0,$5,$0,$0,$0,$0,$0,$-1,$0,$-1,$7,$0,$-1
5,2017-06-30,4.16,$6.24,0.67,$10.28,0.4,$0.30,13.93,$-0.98,0.0,$0.05B,$0.01B,4.57,$0.00B,$0.06B,0.0,$0.09B,$0.03B,27.17%,$0.09B,$-0.01B,-8.70%,$0.09B,$-0.01B,-8.70%,$0.09B,$-0.01B,-5.43%,$0.09B,$-0.01B,-8.70%,$0.09B,$-0.01B,-9.78%,$-0.01B,$0.06B,-14.88%,$-0.01B,$0.06B,-15.19%,$-0.01B,$0.07B,-12.50%,$-0.01B,$0.06B,-13.22%,$22,$16,$6,$0,$7,$26,$-4,$-0,$-4,$-0,$-4,$-4,$-4,$-3,$-4,$9,9,$-0.46,$-0.46,$21,$18,$1,$53,$14,$0,$0,$0,$14,$68,$12,$0,$0,$0,$12,$0,$14,$-1,$56,$68,$-6,$2,$2,$4,$2,$4,$-1,$-0,$7,$5,$-0,$0,$0,$0,$4,$4,$0,$4,$0,$0,$0,$0,$0,$-1,$0,$-1,$9,$0,$-1
6,2017-03-31,4.19,$6.72,0.62,$10.78,0.39,$-0.58,0.0,$-0.81,0.0,$0.05B,$0.01B,5.25,$0.00B,$0.06B,0.0,$0.10B,$0.03B,27.08%,$0.10B,$-0.01B,-7.29%,$0.10B,$-0.01B,-7.29%,$0.10B,$-0.00B,-4.17%,$0.10B,$-0.01B,-7.29%,$0.10B,$-0.01B,-8.33%,$-0.01B,$0.06B,-12.75%,$-0.01B,$0.06B,-13.06%,$-0.01B,$0.07B,-10.46%,$-0.01B,$0.06B,-11.16%,$21,$15,$6,$0,$7,$22,$-1,$0,$-1,$0,$-2,$-2,$-2,$-1,$-1,$9,9,$-0.17,$-0.17,$18,$20,$1,$54,$15,$0,$1,$1,$17,$71,$10,$0,$0,$0,$10,$0,$19,$-1,$60,$71,$-2,$1,$0,$1,$1,$2,$-1,$-0,$2,$2,$-0,$0,$0,$0,$3,$3,$0,$3,$0,$0,$0,$0,$0,$-0,$0,$-0,$5,$0,$-0
7,2016-12-31,4.37,$6.94,0.63,$11.23,0.39,$-1.14,0.0,$-0.92,0.0,$0.06B,$0.01B,4.87,$0.00B,$0.06B,0.0,$0.10B,$0.03B,27.00%,$0.10B,$-0.01B,-5.00%,$0.10B,$-0.01B,-5.00%,$0.10B,$-0.00B,-1.00%,$0.10B,$-0.01B,-8.00%,$0.10B,$-0.01B,-8.00%,$-0.01B,$0.06B,-12.31%,$-0.01B,$0.06B,-12.60%,$-0.01B,$0.07B,-10.00%,$-0.01B,$0.06B,-7.69%,$23,$17,$6,$0,$8,$25,$-2,$0,$-2,$0,$-2,$-2,$-2,$-1,$-2,$9,9,$-0.21,$-0.21,$16,$22,$1,$55,$16,$0,$1,$1,$18,$73,$11,$0,$0,$0,$12,$0,$21,$-1,$62,$73,$-8,$4,$-0,$3,$3,$3,$-1,$0,$6,$1,$-1,$0,$0,$0,$6,$6,$0,$4,$-0,$0,$-0,$0,$0,$-5,$-0,$-5,$1,$1,$-5
8,2016-09-30,4.46,$7.19,0.62,$11.83,0.38,$-1.30,0.0,$-1.37,0.0,$0.06B,$0.01B,4.57,$0.00B,$0.06B,0.0,$0.11B,$0.03B,27.62%,$0.11B,$-0.01B,-6.67%,$0.11B,$-0.01B,-6.67%,$0.11B,$-0.00B,-2.86%,$0.11B,$-0.01B,-9.52%,$0.11B,$-0.01B,-11.43%,$-0.01B,$0.06B,-17.78%,$-0.01B,$0.06B,-18.11%,$-0.01B,$0.08B,-14.33%,$-0.01B,$0.06B,-10.37%,$26,$19,$7,$0,$8,$27,$-1,$-0,$-1,$0,$-1,$-1,$-1,$-0,$-1,$9,9,$-0.14,$-0.14,$12,$25,$1,$57,$16,$1,$1,$1,$19,$76,$13,$0,$0,$0,$13,$0,$23,$-1,$64,$76,$-6,$3,$-0,$2,$1,$0,$-1,$0,$1,$-3,$-1,$0,$0,$0,$2,$2,$0,$1,$-0,$0,$-0,$0,$0,$-4,$-0,$-5,$-7,$1,$-4
9,2016-06-30,6.47,$7.38,0.88,$12.62,0.51,$-1.74,0.0,$-1.08,0.0,$0.07B,$0.02B,3.21,$0.00B,$0.07B,0.0,$0.11B,$0.03B,28.83%,$0.11B,$-0.01B,-5.41%,$0.11B,$-0.01B,-5.41%,$0.11B,$-0.00B,-1.80%,$0.11B,$-0.01B,-7.21%,$0.11B,$-0.01B,-9.01%,$-0.01B,$0.07B,-14.04%,$-0.01B,$0.06B,-14.23%,$-0.01B,$0.09B,-11.17%,$-0.01B,$0.07B,-8.42%,$26,$19,$7,$0,$10,$29,$-3,$0,$-3,$-0,$-3,$-3,$-3,$-2,$-3,$9,9,$-0.29,$-0.29,$17,$27,$2,$66,$17,$1,$1,$1,$20,$86,$20,$0,$0,$0,$21,$0,$24,$-1,$65,$86,$-5,$2,$-0,$1,$1,$-2,$2,$-1,$1,$-3,$-0,$0,$0,$0,$2,$2,$0,$1,$3,$0,$3,$0,$0,$-3,$-0,$-0,$-2,$0,$-3
10,2016-03-31,6.68,$7.84,0.85,$12.88,0.52,$-2.31,0.0,$-0.91,0.0,$0.06B,$0.02B,4.11,$0.00B,$0.07B,0.0,$0.11B,$0.03B,30.09%,$0.11B,$-0.01B,-4.42%,$0.11B,$-0.01B,-4.42%,$0.11B,$-0.00B,-0.88%,$0.11B,$-0.01B,-6.19%,$0.11B,$-0.01B,-7.08%,$-0.01B,$0.07B,-10.70%,$-0.01B,$0.07B,-10.85%,$-0.01B,$0.09B,-8.65%,$-0.01B,$0.07B,-6.69%,$25,$18,$7,$0,$10,$23,$1,$-3,$-2,$0,$-2,$-2,$-2,$2,$1,$9,9,$-0.28,$-0.28,$15,$25,$1,$63,$17,$2,$1,$1,$22,$85,$15,$0,$0,$0,$15,$0,$28,$-0,$69,$85,$-2,$1,$-1,$0,$-1,$0,$-1,$-0,$-1,$-3,$0,$0,$0,$0,$1,$1,$0,$1,$1,$0,$1,$0,$0,$-1,$-0,$-0,$-2,$0,$-1
11,2015-12-31,6.9,$8.25,0.84,$12.36,0.56,$-2.36,0.0,$-1.11,0.0,$0.06B,$0.02B,4.01,$0.00B,$0.07B,0.0,$0.11B,$0.03B,29.63%,$0.11B,$-0.01B,-11.11%,$0.11B,$-0.01B,-11.11%,$0.11B,$-0.01B,-7.41%,$0.11B,$-0.01B,-10.19%,$0.11B,$-0.01B,-9.26%,$-0.01B,$0.07B,-12.86%,$-0.01B,$0.07B,-12.99%,$-0.01B,$0.09B,-10.50%,$-0.01B,$0.07B,-15.43%,$28,$20,$8,$0,$10,$31,$-4,$0,$-4,$2,$-6,$-6,$-6,$-3,$-4,$9,9,$-0.66,$-0.66,$15,$25,$1,$62,$17,$6,$1,$1,$26,$88,$15,$0,$0,$0,$16,$0,$32,$-1,$72,$88,$-10,$3,$3,$6,$-4,$6,$3,$-0,$4,$1,$-2,$0,$-1,$0,$5,$5,$0,$1,$-1,$0,$-1,$0,$0,$-6,$-0,$-6,$-4,$1,$-6
12,2015-09-30,7.27,$9.03,0.8,$12.33,0.59,$-1.42,0.0,$-0.57,0.0,$0.07B,$0.02B,3.62,$0.00B,$0.08B,0.0,$0.11B,$0.03B,30.84%,$0.11B,$-0.01B,-9.35%,$0.11B,$-0.01B,-9.35%,$0.11B,$-0.01B,-5.61%,$0.11B,$-0.01B,-8.41%,$0.11B,$-0.01B,-4.67%,$-0.01B,$0.08B,-6.15%,$-0.01B,$0.08B,-6.19%,$-0.01B,$0.10B,-5.09%,$-0.01B,$0.08B,-12.31%,$32,$22,$10,$0,$10,$32,$0,$0,$1,$-1,$1,$1,$1,$1,$0,$9,9,$0.15,$0.15,$11,$26,$2,$68,$18,$10,$1,$1,$30,$99,$19,$0,$0,$1,$20,$0,$39,$-1,$79,$99,$-4,$2,$0,$3,$-9,$5,$2,$-1,$-5,$-6,$-2,$0,$-1,$0,$3,$3,$0,$1,$4,$0,$4,$0,$0,$-4,$0,$-1,$-6,$1,$-4
13,2015-06-30,8.99,$9.04,0.99,$12.51,0.72,$0.29,31.48,$-0.52,0.0,$0.07B,$0.02B,3.81,$0.00B,$0.08B,0.0,$0.11B,$0.04B,32.41%,$0.11B,$-0.01B,-6.48%,$0.11B,$-0.01B,-6.48%,$0.11B,$-0.00B,-3.70%,$0.11B,$-0.01B,-6.48%,$0.11B,$-0.00B,-3.70%,$-0.00B,$0.08B,-4.79%,$-0.00B,$0.08B,-4.80%,$-0.00B,$0.10B,-4.03%,$-0.01B,$0.08B,-8.38%,$28,$20,$9,$0,$10,$30,$-2,$-0,$-2,$-1,$-1,$-1,$-1,$-1,$-2,$9,9,$-0.12,$-0.12,$11,$29,$1,$66,$18,$11,$1,$1,$31,$98,$17,$0,$0,$1,$19,$0,$40,$-1,$79,$98,$-5,$2,$0,$2,$-3,$2,$1,$-0,$-3,$-6,$-2,$0,$-1,$0,$3,$3,$0,$0,$3,$0,$3,$0,$0,$-3,$0,$0,$-6,$1,$-3
14,2015-03-31,9.62,$9.30,1.04,$13.11,0.73,$1.76,5.46,$-0.23,0.0,$0.07B,$0.01B,4.78,$0.00B,$0.08B,0.0,$0.11B,$0.04B,33.63%,$0.11B,$-0.00B,-2.65%,$0.11B,$-0.00B,-2.65%,$0.11B,0,0.00%,$0.11B,$-0.00B,-2.65%,$0.11B,$-0.00B,-1.77%,$-0.00B,$0.08B,-2.33%,$-0.00B,$0.08B,-2.33%,$-0.00B,$0.10B,-1.99%,$-0.00B,$0.08B,-3.50%,$20,$15,$5,$0,$11,$25,$-6,$0,$-6,$-1,$-4,$-4,$-4,$-5,$-6,$9,9,$-0.48,$-0.48,$14,$32,$1,$66,$18,$11,$0,$1,$30,$96,$14,$0,$0,$1,$15,$0,$42,$-1,$81,$96,$-4,$1,$0,$1,$3,$-1,$1,$-0,$0,$-3,$-1,$0,$0,$0,$1,$1,$0,$-0,$-0,$0,$-0,$-0,$-0,$-1,$-0,$-2,$-5,$0,$-1
15,2014-12-31,8.73,$9.94,0.88,$13.79,0.63,$2.78,3.15,$0.23,37.96,$0.07B,$0.01B,5.38,$0.00B,$0.09B,0.0,$0.12B,$0.04B,35.59%,$0.12B,$0.00B,2.54%,$0.12B,$0.00B,2.54%,$0.12B,$0.01B,4.24%,$0.12B,$0.00B,2.54%,$0.12B,$0.00B,1.69%,$0.00B,$0.09B,2.29%,$0.00B,$0.09B,2.29%,$0.00B,$0.10B,1.96%,$0.00B,$0.09B,3.43%,$27,$18,$9,$0,$11,$29,$-2,$-0,$-2,$-1,$-1,$-1,$-1,$-1,$-2,$9,9,$-0.12,$-0.12,$18,$31,$1,$70,$18,$12,$0,$1,$30,$100,$13,$0,$0,$1,$14,$0,$48,$-1,$86,$100,$2,$2,$2,$4,$9,$-2,$0,$0,$6,$12,$-6,$0,$0,$0,$-7,$-7,$0,$-12,$-0,$0,$-0,$0,$0,$-6,$-0,$-6,$-6,$1,$-6
16,2014-09-30,9.15,$10.19,0.9,$13.84,0.66,$1.79,5.11,$0.26,35.2,$0.07B,$0.01B,5.67,$0.00B,$0.09B,0.0,$0.12B,$0.04B,36.44%,$0.12B,$0.01B,4.24%,$0.12B,$0.01B,4.24%,$0.12B,$0.01B,5.08%,$0.12B,$0.01B,4.24%,$0.12B,$0.00B,1.69%,$0.00B,$0.09B,2.27%,$0.00B,$0.09B,2.27%,$0.00B,$0.10B,1.94%,$0.01B,$0.09B,5.67%,$33,$21,$12,$0,$9,$31,$3,$0,$3,$1,$2,$2,$2,$3,$3,$9,9,$0.20,$0.20,$21,$31,$1,$74,$17,$11,$0,$1,$29,$103,$13,$0,$0,$1,$14,$0,$50,$-1,$88,$103,$3,$2,$1,$3,$6,$-2,$1,$-0,$5,$11,$-4,$0,$0,$0,$-6,$-6,$0,$-10,$-0,$0,$-0,$0,$0,$-4,$-0,$-5,$-4,$1,$-4
17,2014-06-30,10.05,$10.17,0.99,$15.20,0.66,$-0.65,0.0,$-0.18,0.0,$0.08B,$0.01B,5.29,$0.00B,$0.09B,0.0,$0.13B,$0.05B,34.62%,$0.13B,0,0.00%,$0.13B,0,0.00%,$0.13B,$0.00B,1.54%,$0.13B,0,0.00%,$0.13B,$-0.00B,-1.54%,$-0.00B,$0.09B,-2.26%,$-0.00B,$0.09B,-2.26%,$-0.00B,$0.10B,-1.93%,$0.00B,$0.09B,0.00%,$33,$21,$12,$0,$10,$31,$2,$-0,$2,$1,$1,$1,$1,$3,$2,$9,9,$0.17,$0.17,$21,$31,$1,$76,$16,$11,$0,$1,$28,$104,$14,$0,$0,$2,$16,$0,$50,$-0,$88,$104,$1,$1,$1,$2,$4,$-2,$2,$0,$5,$8,$-2,$0,$0,$0,$-7,$-7,$0,$-9,$-0,$0,$-0,$0,$0,$-3,$-0,$-3,$-5,$0,$-3
18,2014-03-31,10.28,$10.17,1.01,$15.10,0.68,$-2.48,0.0,$-0.16,0.0,$0.08B,$0.01B,6.3,$0.00B,$0.09B,0.01,$0.13B,$0.05B,34.88%,$0.13B,$0.00B,0.78%,$0.13B,$0.00B,0.78%,$0.13B,$0.00B,1.55%,$0.13B,$0.00B,0.78%,$0.13B,$-0.00B,-0.78%,$-0.00B,$0.09B,-1.11%,$-0.00B,$0.09B,-1.13%,$-0.00B,$0.10B,-0.95%,$0.00B,$0.09B,1.10%,$25,$16,$9,$0,$9,$25,$-0,$-0,$-0,$-0,$-0,$-0,$-0,$0,$-0,$9,9,$-0.02,$-0.02,$23,$30,$1,$75,$15,$9,$0,$1,$26,$101,$12,$1,$0,$2,$14,$0,$50,$-0,$87,$101,$-0,$1,$0,$1,$7,$-1,$1,$-0,$5,$6,$-1,$0,$0,$0,$-5,$-5,$0,$-6,$-0,$0,$-0,$0,$0,$-1,$-1,$-2,$-2,$0,$-1
19,2013-12-31,8.78,$10.39,0.85,$15.39,0.57,$-4.00,0.0,$-0.11,0.0,$0.08B,$0.01B,6.4,$0.00B,$0.09B,0.01,$0.13B,$0.05B,35.11%,$0.13B,$0.00B,0.76%,$0.13B,$0.00B,0.76%,$0.13B,$0.00B,2.29%,$0.13B,$0.00B,0.76%,$0.13B,$-0.00B,-0.76%,$-0.00B,$0.09B,-1.10%,$-0.00B,$0.09B,-1.13%,$-0.00B,$0.10B,-0.93%,$0.00B,$0.09B,1.09%,$27,$17,$10,$0,$9,$27,$-0,$-0,$-0,$1,$-1,$-1,$-1,$0,$-0,$9,9,$-0.09,$-0.09,$26,$29,$1,$84,$15,$4,$0,$1,$20,$104,$13,$1,$0,$2,$15,$0,$51,$-0,$89,$104,$-1,$2,$5,$8,$-8,$5,$-4,$0,$-6,$1,$-3,$0,$0,$0,$8,$8,$0,$6,$-5,$0,$-5,$0,$0,$0,$-0,$-4,$2,$-0,$0
20,2013-09-30,8.79,$10.56,0.83,$15.21,0.58,$-4.04,0.0,$-0.01,0.0,$0.09B,$0.01B,6.88,$0.00B,$0.09B,0.01,$0.13B,$0.05B,35.38%,$0.13B,$0.00B,0.77%,$0.13B,$0.00B,0.77%,$0.13B,$0.00B,3.08%,$0.13B,$0.00B,0.77%,$0.13B,0,0.00%,$0.00B,$0.09B,0.00%,$0.00B,$0.09B,0.00%,$0.00B,$0.11B,0.00%,$0.00B,$0.09B,1.07%,$45,$31,$14,$0,$9,$46,$-2,$-0,$-2,$0,$-2,$-2,$-2,$-1,$-2,$9,9,$-0.24,$-0.24,$16,$29,$1,$86,$15,$3,$0,$1,$18,$105,$13,$1,$0,$2,$15,$0,$53,$-1,$90,$105,$-0,$2,$5,$7,$-22,$5,$-4,$0,$-18,$-12,$-2,$0,$0,$0,$7,$7,$0,$5,$-0,$0,$-0,$0,$0,$-3,$-0,$-3,$-10,$0,$-3
21,2013-06-30,7.37,$10.91,0.68,$13.36,0.55,$-3.03,0.0,$0.36,20.48,$0.08B,$0.01B,6.04,$0.00B,$0.09B,0.01,$0.11B,$0.04B,37.72%,$0.11B,$0.01B,4.39%,$0.11B,$0.01B,4.39%,$0.11B,$0.01B,6.14%,$0.11B,$0.01B,4.39%,$0.11B,$0.00B,2.63%,$0.00B,$0.09B,3.18%,$0.00B,$0.09B,3.40%,$0.00B,$0.11B,2.70%,$0.01B,$0.09B,5.25%,$32,$20,$12,$0,$9,$29,$3,$0,$3,$1,$2,$2,$2,$3,$3,$9,9,$0.19,$0.19,$18,$39,$1,$83,$15,$5,$6,$1,$27,$110,$14,$1,$0,$3,$17,$0,$57,$-1,$93,$110,$2,$1,$-0,$1,$-7,$-6,$-3,$0,$-12,$-9,$-1,$0,$0,$0,$6,$6,$0,$5,$-0,$0,$-0,$0,$0,$-1,$-0,$-2,$-6,$-0,$-1
22,2013-03-31,7.41,$10.91,0.68,$12.60,0.59,$-2.49,0.0,$0.28,26.47,$0.08B,$0.02B,5.6,$0.00B,$0.09B,0.01,$0.11B,$0.04B,38.89%,$0.11B,$0.00B,2.78%,$0.11B,$0.00B,2.78%,$0.11B,$0.01B,5.56%,$0.11B,$0.00B,2.78%,$0.11B,$0.00B,1.85%,$0.00B,$0.09B,2.10%,$0.00B,$0.09B,2.24%,$0.00B,$0.11B,1.79%,$0.00B,$0.09B,3.12%,$27,$18,$10,$0,$9,$27,$0,$0,$0,$0,$0,$0,$0,$1,$0,$8,8,$0.03,$0.03,$22,$37,$1,$84,$14,$6,$6,$1,$27,$111,$15,$1,$0,$3,$18,$0,$57,$-1,$93,$111,$0,$0,$0,$1,$-4,$-3,$-1,$0,$-8,$-7,$-0,$0,$0,$0,$1,$1,$0,$1,$-0,$0,$-0,$0,$0,$0,$-0,$-0,$-7,$0,$0
23,2012-12-31,7.73,$11.09,0.7,$12.22,0.63,$-2.03,0.0,$0.26,29.74,$0.09B,$0.02B,5.64,$0.00B,$0.09B,0.01,$0.11B,$0.04B,40.00%,$0.11B,$0.00B,2.86%,$0.11B,$0.00B,2.86%,$0.11B,$0.01B,5.71%,$0.11B,$0.00B,2.86%,$0.11B,$0.00B,1.90%,$0.00B,$0.09B,2.08%,$0.00B,$0.09B,2.22%,$0.00B,$0.11B,1.78%,$0.00B,$0.10B,3.08%,$26,$16,$10,$0,$10,$26,$0,$-0,$0,$0,$0,$0,$0,$1,$0,$9,9,$0.01,$0.01,$31,$34,$1,$86,$14,$5,$6,$1,$27,$113,$15,$1,$1,$3,$19,$0,$58,$-1,$94,$113,$2,$2,$-0,$2,$-0,$-8,$5,$-0,$-4,$0,$-2,$0,$0,$0,$5,$5,$0,$3,$-0,$0,$-0,$-0,$-0,$-7,$-0,$-8,$-5,$0,$-7
24,2012-09-30,8.26,$11.36,0.73,$12.18,0.68,$-0.44,0.0,$0.18,45.88,$0.08B,$0.01B,7.47,$0.00B,$0.10B,0.01,$0.10B,$0.04B,41.35%,$0.10B,$0.00B,2.88%,$0.10B,$0.00B,2.88%,$0.10B,$0.00B,3.85%,$0.10B,$0.00B,2.88%,$0.10B,$0.00B,0.96%,$0.00B,$0.10B,1.03%,$0.00B,$0.09B,1.10%,$0.00B,$0.11B,0.88%,$0.00B,$0.10B,3.05%,$29,$18,$11,$0,$9,$27,$2,$-0,$2,$1,$1,$1,$1,$2,$2,$9,9,$0.13,$0.13,$29,$29,$1,$82,$14,$7,$6,$1,$29,$111,$11,$1,$1,$4,$15,$0,$59,$0,$97,$111,$2,$2,$0,$2,$-2,$-2,$-1,$-0,$-7,$-3,$-2,$0,$0,$0,$2,$2,$0,$0,$-0,$0,$-0,$-0,$-0,$-4,$-0,$-5,$-8,$0,$-4
25,2012-06-30,8.06,$11.36,0.71,$13.74,0.59,$0.94,8.58,$0.49,16.45,$0.09B,$0.01B,6.71,$0.00B,$0.10B,0.01,$0.12B,$0.05B,41.88%,$0.12B,$0.01B,5.98%,$0.12B,$0.01B,5.98%,$0.12B,$0.01B,7.69%,$0.12B,$0.01B,6.84%,$0.12B,$0.00B,3.42%,$0.00B,$0.10B,4.09%,$0.00B,$0.09B,4.36%,$0.00B,$0.11B,3.49%,$0.01B,$0.10B,7.07%,$26,$15,$11,$0,$9,$24,$1,$0,$1,$0,$1,$1,$1,$2,$1,$9,9,$0.11,$0.11,$32,$31,$1,$86,$14,$5,$6,$1,$27,$113,$13,$1,$1,$4,$17,$0,$60,$0,$97,$113,$1,$1,$0,$1,$-1,$-5,$1,$0,$-7,$-5,$-1,$0,$0,$0,$1,$1,$0,$-0,$-0,$0,$-0,$0,$0,$-3,$0,$-3,$-8,$0,$-3
26,2012-03-31,9.34,$11.42,0.82,$16.09,0.58,$1.05,8.9,$0.86,10.86,$0.09B,$0.01B,7.54,$0.00B,$0.10B,0.02,$0.14B,$0.06B,41.18%,$0.14B,$0.01B,9.56%,$0.14B,$0.01B,9.56%,$0.14B,$0.02B,11.76%,$0.14B,$0.01B,10.29%,$0.14B,$0.01B,5.15%,$0.01B,$0.10B,7.18%,$0.01B,$0.09B,7.59%,$0.01B,$0.11B,6.06%,$0.01B,$0.10B,13.13%,$24,$14,$10,$0,$10,$24,$0,$-0,$0,$0,$0,$0,$0,$1,$0,$8,9,$0.01,$0.01,$38,$27,$1,$88,$14,$3,$6,$1,$25,$112,$12,$1,$1,$4,$15,$0,$60,$0,$97,$112,$0,$1,$0,$1,$0,$-1,$0,$-0,$-4,$-3,$-1,$0,$-0,$0,$2,$2,$0,$2,$-0,$0,$-0,$0,$0,$-1,$0,$-1,$-3,$0,$-1
27,2011-12-31,9.88,$11.52,0.86,$16.90,0.58,$1.52,6.52,$1.15,8.59,$0.09B,$0.02B,5.85,$0.00B,$0.10B,0.02,$0.14B,$0.06B,41.26%,$0.14B,$0.02B,11.89%,$0.14B,$0.02B,11.89%,$0.14B,$0.02B,13.99%,$0.14B,$0.02B,12.59%,$0.14B,$0.01B,6.99%,$0.01B,$0.10B,10.36%,$0.01B,$0.09B,10.93%,$0.01B,$0.12B,8.70%,$0.02B,$0.10B,17.35%,$25,$15,$11,$0,$11,$26,$-0,$-0,$-0,$0,$-1,$-1,$-1,$-1,$-0,$8,8,$-0.06,$-0.07,$41,$26,$1,$90,$14,$5,$6,$2,$27,$117,$15,$2,$1,$4,$19,$0,$61,$0,$98,$117,$10,$2,$3,$6,$3,$-1,$-1,$0,$-1,$14,$-3,$0,$-3,$0,$3,$3,$0,$-3,$-0,$0,$-0,$0,$0,$-5,$0,$-5,$6,$0,$-5
28,2011-09-30,9.04,$11.67,0.77,$17.51,0.52,$1.13,8.01,$1.45,6.23,$0.09B,$0.01B,6.44,$0.00B,$0.10B,0.02,$0.15B,$0.06B,40.54%,$0.15B,$0.02B,13.51%,$0.15B,$0.02B,13.51%,$0.15B,$0.02B,16.22%,$0.15B,$0.02B,14.19%,$0.15B,$0.01B,8.78%,$0.01B,$0.10B,13.72%,$0.01B,$0.09B,14.40%,$0.01B,$0.12B,11.50%,$0.02B,$0.10B,20.73%,$42,$25,$17,$0,$10,$36,$6,$0,$7,$3,$4,$4,$4,$7,$6,$8,9,$0.44,$0.44,$39,$26,$1,$91,$13,$4,$5,$2,$25,$117,$14,$2,$1,$4,$18,$0,$63,$-0,$99,$117,$10,$3,$1,$4,$-4,$-1,$-1,$-0,$-6,$8,$-2,$0,$-2,$0,$3,$3,$0,$-1,$-0,$0,$-0,$0,$0,$-4,$0,$-4,$3,$0,$-4
29,2011-06-30,12.33,$11.39,1.08,$16.55,0.75,$0.80,15.34,$1.49,8.28,$0.09B,$0.02B,5.73,$0.00B,$0.10B,0.02,$0.14B,$0.06B,41.73%,$0.14B,$0.02B,14.39%,$0.14B,$0.02B,14.39%,$0.14B,$0.02B,17.27%,$0.14B,$0.02B,14.39%,$0.14B,$0.01B,9.35%,$0.01B,$0.10B,14.02%,$0.01B,$0.09B,14.69%,$0.01B,$0.12B,11.74%,$0.02B,$0.10B,21.11%,$45,$27,$18,$0,$10,$38,$7,$0,$7,$3,$4,$4,$4,$9,$7,$8,9,$0.48,$0.48,$30,$27,$1,$94,$13,$5,$3,$0,$22,$116,$16,$2,$1,$3,$20,$0,$61,$-0,$96,$116,$7,$2,$1,$3,$-15,$-2,$3,$-0,$-14,$-4,$-1,$0,$0,$0,$1,$1,$0,$0,$-0,$0,$-0,$0,$0,$-3,$0,$-3,$-6,$0,$-3
30,2011-03-31,10.49,$11.03,0.95,$14.86,0.71,$1.45,7.25,$1.30,8.07,$0.09B,$0.01B,6.17,$0.00B,$0.09B,0.02,$0.13B,$0.05B,42.40%,$0.13B,$0.02B,13.60%,$0.13B,$0.02B,13.60%,$0.13B,$0.02B,16.00%,$0.13B,$0.02B,13.60%,$0.13B,$0.01B,8.80%,$0.01B,$0.09B,12.12%,$0.01B,$0.09B,12.79%,$0.01B,$0.11B,10.21%,$0.02B,$0.10B,18.33%,$31,$18,$13,$0,$9,$27,$4,$0,$4,$2,$3,$3,$3,$5,$4,$8,8,$0.30,$0.30,$36,$25,$2,$86,$13,$6,$5,$0,$24,$110,$14,$2,$1,$3,$17,$0,$58,$-0,$93,$110,$3,$0,$0,$1,$-2,$-0,$-0,$-1,$-3,$0,$-0,$0,$0,$0,$0,$0,$0,$-0,$-0,$0,$-0,$0,$0,$-1,$0,$-1,$-1,$0,$-1
31,2010-12-31,9.47,$10.85,0.87,$14.29,0.66,$1.26,7.54,$1.16,8.17,$0.09B,$0.01B,6.8,$0.00B,$0.09B,0.02,$0.12B,$0.05B,42.50%,$0.12B,$0.02B,12.50%,$0.12B,$0.02B,12.50%,$0.12B,$0.02B,15.00%,$0.12B,$0.02B,12.50%,$0.12B,$0.01B,7.50%,$0.01B,$0.09B,10.11%,$0.01B,$0.09B,10.68%,$0.01B,$0.11B,8.51%,$0.02B,$0.09B,16.48%,$30,$18,$12,$0,$9,$27,$3,$0,$3,$1,$2,$2,$2,$3,$3,$8,8,$0.23,$0.22,$38,$24,$1,$86,$13,$5,$5,$1,$23,$109,$13,$2,$2,$5,$18,$0,$57,$-0,$91,$109,$10,$2,$-1,$1,$-3,$0,$0,$0,$-1,$10,$-2,$0,$0,$0,$-8,$-8,$0,$-9,$-0,$0,$-0,$0,$0,$-5,$0,$-5,$-5,$0,$-5
32,2010-09-30,7.59,$10.78,0.7,$13.85,0.55,$2.05,3.71,$1.07,7.09,$0.09B,$0.01B,6.38,$0.00B,$0.09B,0.02,$0.12B,$0.05B,43.10%,$0.12B,$0.01B,12.07%,$0.12B,$0.01B,12.07%,$0.12B,$0.02B,15.52%,$0.12B,$0.01B,12.07%,$0.12B,$0.01B,6.90%,$0.01B,$0.09B,9.12%,$0.01B,$0.09B,9.67%,$0.01B,$0.11B,7.67%,$0.01B,$0.09B,15.60%,$33,$18,$15,$0,$9,$27,$6,$0,$6,$2,$4,$4,$4,$7,$6,$8,8,$0.48,$0.48,$35,$24,$1,$85,$13,$5,$5,$0,$23,$108,$13,$2,$2,$5,$18,$0,$56,$-0,$91,$108,$8,$1,$-0,$1,$-5,$0,$-0,$-0,$-4,$5,$-1,$0,$0,$0,$-7,$-7,$0,$-8,$-0,$0,$-0,$0,$0,$-4,$0,$-4,$-7,$0,$-4
33,2010-06-30,6.86,$10.43,0.66,$13.25,0.52,$3.05,2.25,$0.81,8.46,$0.08B,$0.01B,6.69,$0.00B,$0.09B,0.03,$0.11B,$0.05B,41.44%,$0.11B,$0.01B,9.91%,$0.11B,$0.01B,9.91%,$0.11B,$0.02B,13.51%,$0.11B,$0.01B,10.81%,$0.11B,$0.01B,5.41%,$0.01B,$0.09B,6.94%,$0.01B,$0.08B,7.36%,$0.01B,$0.10B,5.84%,$0.01B,$0.09B,12.43%,$31,$17,$13,$0,$9,$26,$4,$-0,$4,$2,$2,$2,$2,$5,$4,$8,8,$0.29,$0.29,$29,$26,$1,$77,$13,$9,$5,$0,$27,$104,$12,$2,$2,$5,$16,$0,$53,$-0,$88,$104,$4,$1,$-0,$1,$-2,$-1,$-0,$0,$-3,$1,$-1,$0,$0,$0,$-7,$-7,$0,$-8,$-0,$0,$-0,$0,$0,$-2,$0,$-2,$-9,$0,$-2
34,2010-03-31,8.4,$10.27,0.82,$13.02,0.64,$3.76,2.23,$0.73,11.5,$0.07B,$0.01B,6.6,$0.00B,$0.09B,0.03,$0.11B,$0.04B,40.37%,$0.11B,$0.01B,9.17%,$0.11B,$0.01B,9.17%,$0.11B,$0.01B,11.93%,$0.11B,$0.01B,10.09%,$0.11B,$0.01B,5.50%,$0.01B,$0.09B,7.00%,$0.01B,$0.08B,7.41%,$0.01B,$0.10B,5.85%,$0.01B,$0.09B,11.36%,$26,$15,$11,$0,$8,$24,$2,$-0,$2,$1,$1,$1,$1,$3,$2,$8,8,$0.16,$0.16,$28,$25,$1,$74,$13,$9,$5,$0,$28,$102,$11,$2,$2,$5,$16,$0,$52,$-0,$86,$102,$1,$0,$-0,$0,$-2,$-0,$0,$0,$-3,$-1,$-1,$0,$0,$0,$-6,$-6,$0,$-7,$-0,$0,$-0,$0,$0,$-1,$0,$-1,$-9,$0,$-1
35,2009-12-31,7.99,$10.29,0.78,$13.15,0.61,$4.23,1.89,$0.72,11.1,$0.08B,$0.01B,6.04,$0.00B,$0.09B,0.03,$0.11B,$0.04B,39.09%,$0.11B,$0.01B,9.09%,$0.11B,$0.01B,9.09%,$0.11B,$0.01B,10.91%,$0.11B,$0.01B,10.00%,$0.11B,$0.01B,5.45%,$0.01B,$0.09B,7.04%,$0.01B,$0.08B,7.43%,$0.01B,$0.10B,5.91%,$0.01B,$0.09B,11.40%,$26,$16,$11,$0,$8,$24,$2,$0,$2,$1,$1,$1,$1,$3,$2,$8,8,$0.14,$0.14,$33,$25,$1,$77,$13,$8,$5,$1,$26,$103,$13,$2,$2,$4,$17,$0,$52,$-0,$86,$103,$6,$2,$1,$3,$2,$5,$1,$-0,$9,$18,$-3,$0,$0,$0,$-19,$-19,$0,$-22,$-0,$0,$-0,$0,$0,$-4,$0,$-5,$-9,$0,$-4
36,2009-09-30,7.42,$10.25,0.72,$13.32,0.56,$3.45,2.15,$0.75,9.89,$0.08B,$0.01B,6.05,$0.00B,$0.09B,0.03,$0.11B,$0.04B,37.50%,$0.11B,$0.01B,8.93%,$0.11B,$0.01B,8.93%,$0.11B,$0.01B,10.71%,$0.11B,$0.01B,9.82%,$0.11B,$0.01B,5.36%,$0.01B,$0.09B,7.08%,$0.01B,$0.08B,7.48%,$0.01B,$0.10B,5.97%,$0.01B,$0.09B,11.43%,$28,$17,$11,$0,$8,$25,$3,$0,$4,$2,$2,$2,$2,$4,$3,$8,8,$0.22,$0.22,$33,$25,$1,$77,$14,$6,$5,$0,$25,$102,$13,$2,$1,$4,$17,$0,$52,$-0,$86,$102,$5,$1,$-0,$1,$3,$5,$-0,$0,$9,$15,$-3,$0,$0,$0,$-15,$-15,$0,$-18,$-0,$0,$-0,$0,$0,$-3,$0,$-3,$-6,$0,$-3
37,2009-06-30,6.15,$10.23,0.6,$13.75,0.45,$2.54,2.42,$0.85,7.23,$0.08B,$0.01B,5.74,$0.00B,$0.09B,0.03,$0.12B,$0.05B,38.46%,$0.12B,$0.01B,10.26%,$0.12B,$0.01B,10.26%,$0.12B,$0.01B,11.97%,$0.12B,$0.01B,10.26%,$0.12B,$0.01B,5.98%,$0.01B,$0.09B,8.24%,$0.01B,$0.08B,8.70%,$0.01B,$0.10B,6.91%,$0.01B,$0.09B,13.64%,$29,$18,$11,$0,$8,$26,$3,$0,$3,$1,$2,$2,$2,$3,$3,$8,8,$0.21,$0.21,$30,$28,$1,$79,$14,$5,$5,$0,$24,$103,$14,$3,$1,$4,$18,$0,$51,$0,$85,$103,$3,$1,$-1,$0,$0,$2,$2,$0,$5,$9,$-2,$0,$0,$0,$-15,$-15,$0,$-17,$-0,$0,$-0,$0,$0,$-2,$0,$-2,$-10,$0,$-2
38,2009-03-31,4.73,$10.11,0.47,$13.95,0.34,$1.78,2.66,$0.90,5.25,$0.08B,$0.01B,9.01,$0.00B,$0.08B,0.03,$0.12B,$0.05B,37.82%,$0.12B,$0.01B,10.08%,$0.12B,$0.01B,10.08%,$0.12B,$0.01B,11.76%,$0.12B,$0.01B,10.08%,$0.12B,$0.01B,5.88%,$0.01B,$0.08B,8.21%,$0.01B,$0.08B,8.70%,$0.01B,$0.10B,6.93%,$0.01B,$0.09B,13.60%,$27,$17,$10,$0,$8,$25,$2,$0,$2,$1,$1,$1,$1,$2,$2,$8,8,$0.15,$0.15,$28,$28,$1,$77,$12,$3,$5,$0,$21,$98,$9,$3,$2,$5,$13,$0,$51,$-0,$84,$98,$1,$0,$-0,$0,$0,$1,$-1,$0,$1,$3,$-0,$0,$0,$0,$-15,$-15,$0,$-15,$-0,$0,$-0,$0,$0,$-1,$0,$-1,$-13,$0,$-1
39,2008-12-31,4.75,$10.11,0.47,$14.25,0.33,$1.13,4.19,$0.77,6.17,$0.08B,$0.01B,8.01,$0.00B,$0.08B,0.03,$0.12B,$0.05B,37.70%,$0.12B,$0.01B,8.20%,$0.12B,$0.01B,8.20%,$0.12B,$0.01B,10.66%,$0.12B,$0.01B,8.20%,$0.12B,$0.01B,4.92%,$0.01B,$0.08B,7.02%,$0.01B,$0.08B,7.45%,$0.01B,$0.10B,5.91%,$0.01B,$0.09B,11.30%,$28,$18,$10,$0,$8,$26,$2,$0,$2,$1,$1,$1,$1,$3,$2,$9,9,$0.16,$0.17,$30,$29,$1,$81,$12,$0,$5,$1,$18,$99,$10,$3,$2,$5,$15,$0,$51,$-0,$84,$99,$7,$2,$2,$4,$-0,$-2,$0,$0,$-1,$10,$-2,$0,$0,$0,$0,$0,$0,$-2,$-0,$0,$-0,$-3,$-3,$-4,$0,$-7,$1,$0,$-4
40,2008-09-30,6.59,$10.12,0.65,$14.15,0.47,$1.10,5.99,$0.77,8.55,$0.09B,$0.01B,6.13,$0.00B,$0.09B,0.03,$0.12B,$0.05B,37.70%,$0.12B,$0.01B,8.20%,$0.12B,$0.01B,8.20%,$0.12B,$0.01B,9.84%,$0.12B,$0.01B,9.02%,$0.12B,$0.01B,4.92%,$0.01B,$0.09B,7.00%,$0.01B,$0.08B,7.43%,$0.01B,$0.11B,5.88%,$0.01B,$0.09B,11.27%,$33,$19,$14,$0,$8,$27,$5,$0,$5,$3,$3,$3,$3,$6,$5,$9,9,$0.33,$0.32,$30,$26,$1,$86,$13,$0,$5,$0,$19,$105,$14,$3,$2,$4,$19,$0,$52,$1,$87,$105,$5,$1,$2,$3,$-7,$2,$1,$1,$-2,$7,$-2,$0,$0,$0,$0,$0,$0,$-2,$-0,$0,$-0,$-0,$-0,$-3,$0,$-3,$1,$0,$-3
41,2008-06-30,6.51,$9.97,0.65,$14.09,0.46,$0.96,6.76,$0.65,10.01,$0.08B,$0.01B,6.86,$0.00B,$0.09B,0.03,$0.12B,$0.04B,35.25%,$0.12B,$0.01B,6.56%,$0.12B,$0.01B,6.56%,$0.12B,$0.01B,7.38%,$0.12B,$0.01B,7.38%,$0.12B,$0.01B,4.10%,$0.01B,$0.09B,5.87%,$0.01B,$0.08B,6.23%,$0.01B,$0.10B,4.93%,$0.01B,$0.09B,9.04%,$31,$20,$11,$0,$9,$28,$3,$0,$3,$1,$2,$2,$2,$3,$3,$9,9,$0.26,$0.26,$28,$27,$2,$82,$13,$0,$5,$1,$19,$102,$12,$3,$1,$4,$16,$0,$50,$1,$86,$102,$2,$1,$2,$3,$-4,$1,$1,$-0,$-3,$2,$-2,$0,$0,$0,$0,$0,$0,$-2,$-0,$0,$-0,$0,$0,$-2,$0,$-2,$-2,$0,$-2
42,2008-03-31,6.31,$9.83,0.64,$14.20,0.44,$1.24,5.09,$0.81,7.79,$0.08B,$0.01B,7.3,$0.00B,$0.09B,0.04,$0.12B,$0.05B,37.10%,$0.12B,$0.01B,8.06%,$0.12B,$0.01B,8.06%,$0.12B,$0.01B,9.68%,$0.12B,$0.01B,9.68%,$0.12B,$0.01B,5.65%,$0.01B,$0.09B,8.19%,$0.01B,$0.08B,8.72%,$0.01B,$0.10B,6.97%,$0.01B,$0.09B,11.36%,$30,$19,$11,$0,$8,$30,$0,$0,$0,$0,$0,$0,$0,$1,$0,$9,9,$0.02,$0.02,$25,$28,$3,$82,$12,$0,$5,$1,$18,$100,$11,$3,$1,$4,$15,$0,$49,$1,$85,$100,$0,$1,$3,$4,$-2,$-0,$0,$-2,$-6,$-2,$-1,$0,$0,$0,$0,$0,$0,$-1,$-0,$0,$-0,$0,$0,$-1,$0,$-1,$-4,$0,$-1
43,2007-12-31,6.88,$9.94,0.69,$13.65,0.5,$1.66,4.15,$0.85,8.09,$0.08B,$0.01B,6.86,$0.00B,$0.09B,0.04,$0.12B,$0.04B,36.67%,$0.12B,$0.01B,9.17%,$0.12B,$0.01B,9.17%,$0.12B,$0.01B,10.00%,$0.12B,$0.01B,10.83%,$0.12B,$0.01B,6.67%,$0.01B,$0.09B,9.38%,$0.01B,$0.08B,10.03%,$0.01B,$0.10B,8.10%,$0.01B,$0.09B,12.64%,$28,$19,$10,$0,$8,$27,$2,$1,$3,$1,$1,$1,$1,$2,$2,$9,9,$0.18,$0.17,$29,$28,$1,$81,$14,$0,$5,$1,$20,$101,$12,$3,$1,$4,$16,$0,$50,$1,$85,$101,$8,$2,$0,$2,$2,$-3,$1,$-0,$1,$11,$-2,$0,$0,$0,$0,$0,$0,$-2,$-1,$0,$-1,$-3,$-3,$-4,$0,$-8,$1,$0,$-4
44,2007-09-30,6.03,$9.85,0.61,$13.39,0.45,$1.21,4.97,$0.78,7.72,$0.08B,$0.01B,6.63,$0.00B,$0.09B,0.05,$0.12B,$0.04B,36.44%,$0.12B,$0.01B,8.47%,$0.12B,$0.01B,8.47%,$0.12B,$0.01B,9.32%,$0.12B,$0.01B,9.32%,$0.12B,$0.01B,6.78%,$0.01B,$0.09B,9.44%,$0.01B,$0.08B,10.13%,$0.01B,$0.10B,8.27%,$0.01B,$0.09B,11.66%,$33,$22,$11,$0,$8,$31,$3,$0,$3,$1,$2,$2,$2,$3,$3,$9,9,$0.20,$0.20,$28,$27,$1,$82,$14,$0,$5,$0,$20,$103,$12,$4,$1,$5,$18,$0,$50,$1,$85,$103,$6,$2,$-0,$2,$-1,$-2,$1,$-1,$-1,$7,$-3,$0,$0,$0,$0,$0,$0,$-3,$-0,$0,$-0,$-2,$-2,$-3,$0,$-5,$-1,$0,$-3
45,2007-06-30,6.3,$9.81,0.64,$13.16,0.48,$0.93,6.78,$0.80,7.88,$0.08B,$0.01B,8.28,$0.00B,$0.09B,0.0,$0.12B,$0.04B,36.21%,$0.12B,$0.01B,7.76%,$0.12B,$0.01B,7.76%,$0.12B,$0.01B,8.62%,$0.12B,$0.01B,8.62%,$0.12B,$0.01B,6.90%,$0.01B,$0.09B,9.52%,$0.01B,$0.08B,10.22%,$0.01B,$0.10B,8.47%,$0.01B,$0.09B,10.71%,$33,$20,$14,$0,$8,$28,$5,$0,$6,$2,$4,$4,$4,$6,$5,$9,9,$0.42,$0.42,$30,$27,$2,$84,$8,$0,$5,$0,$14,$98,$10,$0,$1,$1,$11,$0,$51,$0,$87,$98,$4,$1,$-0,$1,$-1,$-2,$-1,$-1,$-2,$3,$-1,$0,$0,$0,$0,$0,$-0,$-1,$0,$0,$0,$1,$1,$-2,$0,$-1,$1,$0,$-2
46,2007-03-31,5.87,$9.46,0.62,$12.87,0.46,$0.19,30.64,$0.55,10.66,$0.08B,$0.01B,9.12,$0.00B,$0.08B,0.0,$0.11B,$0.04B,33.63%,$0.11B,$0.01B,4.42%,$0.11B,$0.01B,4.42%,$0.11B,$0.01B,5.31%,$0.11B,$0.01B,5.31%,$0.11B,$0.01B,4.42%,$0.01B,$0.08B,6.06%,$0.01B,$0.08B,6.49%,$0.01B,$0.09B,5.38%,$0.01B,$0.08B,6.06%,$26,$18,$9,$0,$8,$26,$1,$0,$1,$0,$1,$1,$1,$1,$1,$9,9,$0.06,$0.06,$29,$26,$1,$79,$8,$0,$5,$0,$14,$93,$9,$0,$1,$1,$10,$0,$48,$0,$84,$93,$1,$1,$-0,$1,$1,$-1,$-1,$0,$-0,$1,$-0,$0,$0,$0,$0,$0,$0,$-0,$0,$0,$0,$1,$1,$-1,$0,$-0,$0,$0,$-1
47,2006-12-31,5.56,$9.45,0.59,$13.09,0.42,$-0.22,0.0,$0.66,8.43,$0.08B,$0.01B,8.29,$0.00B,$0.08B,0.0,$0.12B,$0.04B,33.04%,$0.12B,$0.01B,4.35%,$0.12B,$0.01B,4.35%,$0.12B,$0.01B,6.09%,$0.12B,$0.01B,5.22%,$0.12B,$0.01B,4.35%,$0.01B,$0.08B,6.12%,$0.01B,$0.08B,6.56%,$0.01B,$0.09B,5.39%,$0.01B,$0.08B,6.12%,$26,$17,$9,$0,$8,$25,$1,$0,$1,$0,$1,$1,$1,$1,$1,$9,9,$0.10,$0.10,$29,$25,$1,$78,$9,$0,$5,$0,$14,$93,$9,$0,$0,$1,$10,$0,$48,$0,$83,$93,$4,$2,$0,$3,$1,$-1,$-2,$2,$-1,$7,$-2,$0,$1,$0,$0,$0,$-0,$-1,$0,$0,$0,$-0,$-0,$-3,$0,$-3,$2,$0,$-3
