,Date,Stock Price,Book Value per Share,Price to Book Ratio,TTM Sales per Share,Price to Sales Ratio,TTM FCF per Share,Price to FCF Ratio,TTM Net EPS,PE Ratio,Current Assets,Current Liabilities,Current Ratio,Long Term Debt,Shareholder's Equity_x,Debt to Equity Ratio,TTM Revenue_x,TTM Gross Profit,Gross Margin,TTM Revenue_y,TTM Operating Income,Operating Margin,TTM Revenue_x,TTM EBIT,EBIT Margin,TTM Revenue_y,TTM EBITDA,EBITDA Margin,TTM Revenue_x,TTM Pre-Tax Income,Pre-Tax Margin,TTM Revenue_y,TTM Net Income_x,Net Margin,TTM Net Income_y,Shareholder's Equity_y,Return on Equity,TTM Net Income_x,Tangible Equity,Return on Tangible Equity,TTM Net Income_y,Total Assets,Return on Assets,TTM Net Income,LT Investments & Debt,Return on Investment,revenue,cost-goods-sold,gross-profit,research-development-expenses,selling-general-administrative-expenses,operating-expenses,operating-income,total-non-operating-income-expense,pre-tax-income,total-provision-income-taxes,income-after-taxes,income-from-continuous-operations,net-income,ebitda,ebit,basic-shares-outstanding,shares-outstanding,eps-basic-net-earnings-per-share,eps-earnings-per-share-diluted,cash-on-hand,inventory,other-current-assets,total-current-assets,net-property-plant-equipment,long-term-investments,goodwill-intangible-assets-total,other-long-term-assets,total-long-term-assets,total-assets,total-current-liabilities,long-term-debt,other-non-current-liabilities,total-long-term-liabilities,total-liabilities,common-stock-net,retained-earnings-accumulated-deficit,comprehensive-income,total-share-holder-equity,total-liabilities-share-holders-equity,net-income-loss,total-depreciation-amortization-cash-flow,other-non-cash-items,total-non-cash-items,change-in-accounts-receivable,change-in-inventories,change-in-accounts-payable,change-in-assets-liabilities,total-change-in-assets-liabilities,cash-flow-from-operating-activities,net-change-in-property-plant-equipment,net-change-in-intangible-assets,net-acquisitions-divestitures,net-change-in-short-term-investments,net-change-in-long-term-investments,net-change-in-investments-total,investing-activities-other,cash-flow-from-investing-activities,net-long-term-debt,net-current-debt,debt-issuance-retirement-net-total,net-common-equity-issued-repurchased,net-total-equity-issued-repurchased,total-common-preferred-stock-dividends-paid,financial-activities-other,cash-flow-from-financial-activities,net-cash-flow,stock-based-compensation,common-stock-dividends-paid
0,2018-09-30,3.1,$0.68,4.57,$16.18,0.19,$-0.03,0.0,$1.76,1.76,$0.86B,$0.68B,1.27,$0.40B,$0.10B,3.88,$2.93B,$0.52B,17.78%,$2.93B,$0.10B,3.48%,$2.93B,$0.10B,3.48%,$2.93B,$0.12B,4.10%,$2.93B,$0.35B,11.91%,$2.93B,$0.32B,11.02%,$0.32B,$0.10B,350.14%,$0.32B,$-0.21B,-147.83%,$0.32B,$1.28B,26.28%,$0.10B,$0.51B,22.52%,$732,$600,$133,$0,$88,$712,$20,$-32,$-12,$5,$-16,$-16,$-18,$25,$20,$149,149,$-0.12,$-0.12,$172,$33,$114,$863,$15,$46,$317,$35,$415,$1278,$679,$404,$77,$495,$1174,$944,$-883,$53,$104,$1278,$-37,$9,$65,$73,$0,$0,$0,$-89,$-89,$-61,$-2,$-14,$0,$0,$0,$0,$0,$-16,$46,$44,$90,$-8,$0,$-34,$-2,$54,$-24,$3,$-34
1,2018-06-30,3.62,$0.97,3.72,$15.91,0.23,$0.54,6.71,$1.38,2.62,$0.80B,$0.58B,1.37,$0.45B,$0.15B,3.1,$2.88B,$0.50B,17.44%,$2.88B,$0.10B,3.30%,$2.88B,$0.10B,3.30%,$2.88B,$0.11B,3.93%,$2.88B,$0.31B,10.70%,$2.88B,$0.29B,9.94%,$0.29B,$0.15B,2243.14%,$0.29B,$-0.17B,-97.95%,$0.29B,$1.26B,24.57%,$0.10B,$0.59B,28.17%,$679,$560,$119,$0,$82,$664,$15,$-41,$-26,$6,$-32,$-32,$-34,$19,$15,$148,196,$-0.23,$-0.23,$133,$19,$0,$795,$18,$95,$319,$32,$466,$1261,$579,$449,$81,$537,$1116,$954,$-860,$60,$145,$1261,$-26,$4,$33,$37,$0,$4,$0,$-18,$-14,$-10,$-1,$-6,$0,$0,$0,$0,$0,$-8,$0,$24,$24,$0,$8,$-17,$-2,$13,$-5,$1,$-17
2,2018-03-31,4.25,$1.21,3.51,$15.77,0.27,$0.67,6.32,$2.02,2.11,$0.86B,$0.69B,1.25,$0.33B,$0.18B,1.83,$2.83B,$0.50B,17.67%,$2.83B,$0.09B,3.25%,$2.83B,$0.09B,3.25%,$2.83B,$0.11B,3.85%,$2.83B,$0.42B,14.85%,$2.83B,$0.40B,14.03%,$0.40B,$0.18B,-1087.67%,$0.40B,$-0.13B,-120.30%,$0.40B,$1.29B,36.58%,$0.09B,$0.51B,33.76%,$801,$667,$134,$0,$87,$769,$32,$187,$219,$8,$211,$211,$211,$36,$32,$147,200,$1.39,$1.12,$212,$9,$0,$855,$15,$79,$314,$16,$430,$1285,$685,$329,$85,$420,$1105,$949,$-832,$72,$180,$1285,$421,$16,$-344,$-327,$-85,$0,$71,$-15,$-28,$48,$-4,$-24,$-8,$20,$0,$20,$0,$-16,$0,$42,$42,$-9,$-2,$-67,$-12,$-40,$-7,$14,$-67
3,2017-12-31,4.06,$-0.39,-10.31,$15.54,0.26,$1.02,3.98,$0.68,5.98,$0.74B,$0.80B,0.93,$0.26B,$-0.06B,-4.35,$2.74B,$0.50B,18.19%,$2.74B,$0.11B,4.05%,$2.74B,$0.11B,4.05%,$2.74B,$0.13B,4.78%,$2.74B,$0.16B,5.91%,$2.74B,$0.15B,5.43%,$0.15B,$-0.06B,-135.45%,$0.15B,$-0.35B,-37.91%,$0.15B,$1.09B,14.90%,$0.11B,$0.20B,52.42%,$718,$583,$135,$0,$83,$683,$35,$134,$168,$4,$164,$164,$164,$40,$35,$147,189,$1.12,$0.89,$106,$28,$0,$744,$16,$14,$293,$13,$348,$1092,$800,$259,$87,$351,$1151,$946,$-1032,$49,$-60,$1092,$207,$13,$-153,$-141,$0,$4,$0,$-10,$-6,$46,$-3,$-19,$-2,$20,$0,$20,$0,$-4,$0,$55,$55,$-9,$-5,$-51,$-9,$-10,$33,$15,$-51
4,2017-09-30,5.38,$-1.42,-3.79,$15.29,0.35,$1.22,4.41,$0.54,9.96,$0.67B,$0.82B,0.82,$0.26B,$-0.21B,-1.21,$2.71B,$0.50B,18.25%,$2.71B,$0.11B,4.20%,$2.71B,$0.11B,4.20%,$2.71B,$0.13B,4.90%,$2.71B,$0.15B,5.57%,$2.71B,$0.12B,4.42%,$0.12B,$-0.21B,-89.39%,$0.12B,$-0.51B,-29.18%,$0.12B,$1.02B,12.40%,$0.11B,$0.05B,51.88%,$680,$566,$114,$0,$84,$667,$13,$-66,$-53,$-1,$-52,$-52,$-55,$18,$13,$147,147,$-0.38,$-0.38,$85,$37,$0,$671,$16,$19,$293,$0,$348,$1019,$817,$260,$151,$416,$1233,$959,$-1195,$46,$-214,$1019,$39,$8,$-13,$-5,$0,$0,$6,$-4,$2,$24,$-2,$-10,$-2,$-0,$0,$-0,$0,$-15,$0,$39,$39,$-10,$-11,$-34,$-4,$-10,$-1,$14,$-34
5,2017-06-30,4.76,$-0.34,-13.86,$14.65,0.33,$1.38,3.45,$0.05,95.29,$0.62B,$0.54B,1.16,$0.39B,$-0.05B,-7.46,$2.80B,$0.52B,18.68%,$2.80B,$0.14B,5.15%,$2.80B,$0.14B,5.15%,$2.80B,$0.16B,5.80%,$2.80B,$0.08B,3.01%,$2.80B,$0.05B,1.68%,$0.05B,$-0.05B,-30.72%,$0.05B,$-0.33B,-11.10%,$0.05B,$0.95B,4.86%,$0.14B,$0.34B,75.99%,$630,$513,$117,$0,$79,$619,$12,$75,$86,$5,$81,$81,$77,$15,$12,$147,189,$0.53,$0.42,$86,$21,$0,$622,$16,$22,$274,$0,$324,$945,$537,$387,$72,$461,$997,$893,$-1047,$49,$-52,$945,$86,$3,$-68,$-65,$0,$2,$0,$0,$2,$15,$-1,$-5,$-2,$0,$0,$0,$0,$-8,$0,$18,$18,$-9,$-5,$-16,$-5,$-8,$-2,$11,$-16
6,2017-03-31,5.59,$-0.77,-7.22,$14.98,0.37,$1.37,4.07,$1.57,3.56,$0.62B,$0.54B,1.15,$0.38B,$-0.11B,-3.34,$2.86B,$0.53B,18.55%,$2.86B,$0.16B,5.73%,$2.86B,$0.16B,5.73%,$2.86B,$0.18B,6.36%,$2.86B,$0.39B,13.70%,$2.86B,$0.34B,11.88%,$0.34B,$-0.11B,-191.82%,$0.34B,$-0.39B,-76.19%,$0.34B,$0.94B,35.09%,$0.16B,$0.27B,124.71%,$715,$583,$133,$0,$65,$664,$51,$-90,$-39,$-6,$-33,$-33,$-37,$58,$51,$148,189,$-0.26,$0.03,$75,$12,$0,$622,$17,$14,$273,$0,$321,$943,$539,$379,$137,$518,$1057,$913,$-1135,$54,$-114,$943,$392,$17,$-262,$-245,$14,$-7,$-19,$-5,$-17,$115,$-6,$-14,$-3,$-20,$-4,$-24,$3,$-44,$-184,$52,$-132,$-5,$96,$-58,$-29,$-122,$-53,$5,$-58
7,2016-12-31,4.8,$-1.06,-4.52,$15.27,0.31,$1.52,3.17,$1.92,2.5,$0.66B,$0.58B,1.14,$0.39B,$-0.16B,-2.48,$2.93B,$0.54B,18.53%,$2.93B,$0.16B,5.39%,$2.93B,$0.16B,5.39%,$2.93B,$0.16B,5.36%,$2.93B,$0.44B,14.94%,$2.93B,$0.40B,13.65%,$0.40B,$-0.16B,-146.52%,$0.40B,$-0.43B,-74.04%,$0.40B,$0.97B,41.17%,$0.16B,$0.23B,236.70%,$688,$557,$131,$0,$75,$650,$38,$118,$157,$16,$141,$141,$135,$42,$38,$148,194,$0.91,$0.73,$88,$28,$0,$656,$19,$15,$269,$0,$309,$965,$577,$389,$149,$544,$1122,$806,$-1052,$36,$-157,$965,$420,$11,$-337,$-326,$0,$13,$0,$-8,$5,$87,$-4,$-10,$-3,$0,$-3,$-3,$1,$-19,$-110,$68,$-42,$0,$0,$-42,$-19,$-103,$-38,$3,$-42
8,2016-09-30,4.38,$-1.96,-2.24,$14.68,0.3,$1.37,3.2,$1.22,3.59,$0.70B,$0.92B,0.76,$0.21B,$-0.29B,-0.74,$3.00B,$0.55B,18.23%,$3.00B,$0.16B,5.27%,$3.00B,$0.16B,5.27%,$3.00B,$0.16B,5.30%,$3.00B,$0.29B,9.60%,$3.00B,$0.27B,9.10%,$0.27B,$-0.29B,-75.83%,$0.27B,$-0.56B,-43.52%,$0.27B,$1.01B,28.17%,$0.16B,$-0.08B,1239.22%,$762,$621,$141,$0,$81,$718,$43,$-163,$-120,$4,$-124,$-124,$-128,$47,$43,$148,191,$-0.87,$-0.87,$114,$38,$0,$701,$19,$11,$267,$0,$312,$1014,$923,$214,$162,$380,$1303,$825,$-1202,$38,$-289,$1014,$269,$7,$-213,$-207,$0,$15,$0,$-7,$8,$61,$-3,$-4,$0,$0,$-4,$-4,$1,$-9,$-21,$0,$-21,$0,$0,$-29,$-9,$-58,$-7,$2,$-29
9,2016-06-30,5.16,$-1.01,-5.12,$16.54,0.31,$1.42,3.63,$1.62,3.18,$0.64B,$0.73B,0.87,$0.25B,$-0.15B,-1.7,$3.07B,$0.53B,17.39%,$3.07B,$0.14B,4.69%,$3.07B,$0.14B,4.69%,$3.07B,$0.15B,4.98%,$3.07B,$0.33B,10.85%,$3.07B,$0.33B,10.85%,$0.33B,$-0.15B,-80.78%,$0.33B,$-0.42B,-48.93%,$0.33B,$0.95B,34.66%,$0.14B,$0.10B,376.47%,$697,$571,$126,$0,$80,$665,$32,$362,$394,$20,$375,$375,$370,$35,$32,$147,190,$2.51,$1.95,$87,$15,$0,$637,$19,$15,$268,$0,$317,$954,$729,$252,$120,$374,$1103,$834,$-1071,$39,$-149,$954,$394,$3,$-372,$-369,$0,$4,$-9,$0,$-5,$15,$-1,$-2,$0,$0,$0,$0,$0,$-3,$-20,$0,$-20,$0,$0,$-15,$-4,$-39,$-31,$1,$-15
10,2016-03-31,4.96,$0.00,0.0,$17.97,0.28,$1.64,3.02,$0.26,19.09,$0.63B,$0.72B,0.87,$0.51B,$-0.50B,-1.01,$3.13B,$0.53B,16.95%,$3.13B,$0.13B,4.25%,$3.13B,$0.13B,4.25%,$3.13B,$0.15B,4.69%,$3.13B,$0.06B,1.98%,$3.13B,$0.07B,2.17%,$0.07B,$-0.50B,-14.09%,$0.07B,$-0.76B,-9.02%,$0.07B,$0.95B,6.99%,$0.13B,$0.01B,312.94%,$784,$638,$145,$0,$101,$739,$45,$-43,$7,$-10,$17,$23,$23,$33,$45,$193,193,$0.12,$0.12,$107,$7,$48,$630,$55,$8,$264,$0,$358,$953,$721,$505,$224,$729,$1450,$817,$-1405,$0,$-497,$953,$63,$16,$0,$16,$0,$0,$0,$0,$26,$143,$-5,$0,$0,$0,$0,$0,$0,$-5,$0,$0,$-25,$0,$0,$-57,$-16,$-98,$37,$0,$0
11,2015-12-31,5.86,$0.00,0.0,$21.05,0.28,$1.49,3.93,$-0.23,0.0,$0.63B,$0.71B,0.9,$0.52B,$-0.51B,-1.03,$3.36B,$0.55B,16.47%,$3.36B,$0.14B,4.14%,$3.36B,$0.14B,4.14%,$3.36B,$0.18B,5.39%,$3.36B,$0.00B,0.03%,$3.36B,$-0.01B,-0.24%,$-0.01B,$-0.51B,1.60%,$-0.01B,$-0.77B,1.02%,$-0.01B,$0.96B,-0.78%,$0.14B,$0.02B,283.67%,$757,$622,$135,$0,$97,$719,$38,$-31,$7,$-1,$8,$8,$8,$44,$38,$255,255,$0.03,$0.03,$92,$19,$34,$634,$0,$9,$269,$2,$303,$955,$707,$521,$229,$753,$1460,$800,$-1382,$0,$-505,$955,$47,$27,$0,$27,$0,$0,$0,$0,$-17,$74,$-3,$0,$0,$0,$0,$0,$-6,$-9,$0,$0,$-4,$0,$0,$-42,$-13,$-59,$9,$0,$0
12,2015-09-30,5.0,$0.00,0.0,$22.05,0.23,$1.33,3.75,$-1.12,0.0,$0.66B,$0.70B,0.95,$0.52B,$-0.50B,-1.05,$3.35B,$0.47B,13.94%,$3.35B,$0.04B,1.31%,$3.35B,$0.04B,1.31%,$3.35B,$0.11B,3.37%,$3.35B,$-0.35B,-10.56%,$3.35B,$-0.18B,-5.37%,$-0.18B,$-0.50B,36.62%,$-0.18B,$-0.77B,23.04%,$-0.18B,$0.98B,-17.20%,$0.04B,$0.03B,61.54%,$832,$704,$128,$0,$100,$804,$29,$-103,$-75,$-7,$-68,$-68,$-68,$41,$29,$142,142,$-0.47,$-0.47,$84,$29,$38,$662,$0,$7,$271,$7,$301,$981,$698,$524,$252,$780,$1478,$816,$-1400,$0,$-498,$981,$41,$21,$0,$21,$0,$0,$0,$0,$-6,$53,$-2,$0,$0,$0,$0,$0,$-4,$-6,$0,$0,$-6,$0,$0,$-29,$-7,$-42,$8,$0,$0
13,2015-06-30,4.16,$0.00,0.0,$20.23,0.21,$1.03,4.06,$-1.24,0.0,$0.68B,$0.68B,0.99,$0.55B,$-0.43B,-1.28,$3.33B,$0.43B,12.82%,$3.33B,$-0.01B,-0.18%,$3.33B,$-0.01B,-0.18%,$3.33B,$0.05B,1.56%,$3.33B,$-0.37B,-11.23%,$3.33B,$-0.23B,-6.94%,$-0.23B,$-0.43B,52.68%,$-0.23B,$-0.71B,31.02%,$-0.23B,$1.00B,-19.87%,$-0.01B,$0.12B,-3.34%,$759,$636,$123,$0,$102,$738,$21,$102,$123,$18,$105,$105,$105,$29,$21,$149,149,$0.71,$0.58,$99,$13,$33,$678,$0,$10,$279,$8,$303,$1000,$683,$550,$194,$747,$1429,$867,$-1399,$0,$-430,$1000,$123,$8,$0,$8,$0,$0,$0,$0,$0,$44,$-1,$0,$0,$0,$0,$0,$-2,$-3,$0,$0,$-1,$0,$0,$-15,$-2,$-18,$21,$0,$0
14,2015-03-31,3.68,$0.00,0.0,$20.34,0.18,$0.66,5.57,$-2.06,0.0,$0.77B,$0.84B,0.91,$0.60B,$-0.56B,-1.06,$3.32B,$0.41B,12.47%,$3.32B,$-0.02B,-0.63%,$3.32B,$-0.02B,-0.63%,$3.32B,$0.05B,1.36%,$3.32B,$-0.53B,-16.08%,$3.32B,$-0.37B,-11.14%,$-0.37B,$-0.56B,100.07%,$-0.37B,$-0.87B,53.94%,$-0.37B,$1.14B,-29.39%,$-0.02B,$0.03B,-7.28%,$1009,$842,$167,$0,$117,$959,$51,$-99,$-54,$-2,$-52,$-54,$-53,$67,$51,$141,141,$-0.37,$-0.37,$85,$5,$65,$766,$0,$9,$307,$18,$357,$1144,$842,$596,$0,$865,$1707,$938,$-1612,$0,$-563,$1144,$-534,$67,$0,$67,$0,$0,$0,$0,$-39,$85,$-5,$0,$156,$0,$0,$0,$-33,$118,$0,$0,$-63,$0,$0,$-73,$-20,$-156,$51,$0,$0
15,2014-12-31,4.02,$0.00,0.0,$19.52,0.21,$0.83,4.83,$-1.09,0.0,$0.69B,$0.80B,0.87,$0.58B,$-0.48B,-1.22,$3.37B,$0.39B,11.45%,$3.37B,$-0.03B,-0.89%,$3.37B,$-0.03B,-0.89%,$3.37B,$0.04B,1.22%,$3.37B,$-0.30B,-8.90%,$3.37B,$-0.22B,-6.44%,$-0.22B,$-0.48B,86.54%,$-0.22B,$-0.78B,37.00%,$-0.22B,$1.06B,-15.92%,$-0.03B,$0.11B,-6.26%,$751,$702,$49,$0,$106,$808,$-57,$-374,$-348,$-20,$-327,$-295,$-164,$-24,$-57,$146,189,$-1.12,$-0.86,$46,$36,$42,$694,$0,$12,$303,$17,$349,$1062,$799,$581,$156,$737,$1537,$931,$-1536,$0,$-475,$1062,$-474,$51,$19,$69,$0,$0,$0,$0,$-64,$25,$-2,$0,$303,$0,$0,$0,$-171,$129,$0,$0,$-61,$0,$0,$0,$-76,$-137,$19,$0,$0
16,2014-09-30,3.5,$0.00,0.0,$20.02,0.17,$0.91,3.83,$0.74,4.73,$0.71B,$0.58B,1.22,$0.75B,$-0.29B,-2.61,$3.40B,$0.45B,13.35%,$3.40B,$0.04B,1.03%,$3.40B,$0.04B,1.03%,$3.40B,$0.10B,2.79%,$3.40B,$0.22B,6.38%,$3.40B,$0.11B,3.23%,$0.11B,$-0.29B,-63.49%,$0.11B,$-0.62B,-20.68%,$0.11B,$1.44B,7.50%,$0.04B,$0.46B,5.62%,$811,$722,$88,$0,$109,$832,$-21,$-108,$-95,$-8,$-87,$-83,$-119,$-20,$-21,$202,202,$-0.59,$-0.59,$37,$47,$72,$705,$0,$18,$337,$358,$721,$1444,$576,$746,$407,$1154,$1730,$965,$-1395,$0,$-286,$1444,$-132,$18,$0,$18,$0,$0,$0,$0,$-46,$13,$-2,$0,$0,$0,$0,$0,$-26,$-28,$0,$0,$-114,$0,$0,$-43,$184,$26,$9,$0,$0
17,2014-06-30,4.24,$0.00,0.0,$20.68,0.21,$0.93,4.55,$0.58,7.31,$0.64B,$0.47B,1.35,$0.71B,$-0.16B,-4.58,$3.41B,$0.49B,14.26%,$3.41B,$0.07B,2.02%,$3.41B,$0.07B,2.02%,$3.41B,$0.15B,4.37%,$3.41B,$0.21B,6.02%,$3.41B,$0.12B,3.58%,$0.12B,$-0.16B,-67.03%,$0.12B,$-0.47B,-21.87%,$0.12B,$1.39B,8.28%,$0.07B,$0.56B,11.50%,$750,$640,$110,$0,$104,$743,$6,$-46,$-37,$5,$-42,$-41,$-34,$22,$6,$144,144,$-0.24,$-0.24,$32,$11,$88,$637,$0,$8,$319,$404,$731,$1386,$473,$710,$354,$1068,$1541,$961,$-1250,$0,$-155,$1386,$-37,$16,$0,$16,$0,$0,$0,$0,$-28,$-9,$-2,$0,$1,$0,$0,$0,$-7,$-8,$0,$0,$62,$0,$0,$-27,$-11,$24,$4,$0,$0
18,2014-03-31,5.75,$0.00,0.0,$19.63,0.29,$1.05,5.47,$0.53,10.85,$0.78B,$0.63B,1.25,$0.88B,$-0.09B,-10.15,$3.38B,$0.49B,14.37%,$3.38B,$0.06B,1.83%,$3.38B,$0.06B,1.83%,$3.38B,$0.15B,4.41%,$3.38B,$0.21B,6.12%,$3.38B,$0.12B,3.40%,$0.12B,$-0.09B,-60.69%,$0.12B,$-0.47B,-19.38%,$0.12B,$1.56B,7.69%,$0.06B,$0.80B,10.10%,$1060,$921,$139,$0,$97,$1018,$42,$135,$180,$26,$154,$140,$100,$63,$42,$144,167,$0.70,$0.60,$31,$11,$175,$784,$0,$39,$385,$184,$609,$1561,$626,$884,$106,$1022,$1648,$982,$-1231,$0,$-87,$1561,$208,$86,$0,$86,$0,$0,$0,$0,$37,$157,$-34,$0,$-24,$0,$0,$0,$-50,$-108,$0,$0,$41,$0,$0,$-109,$6,$-63,$-17,$0,$0
19,2013-12-31,5.0,$0.00,0.0,$18.46,0.27,$0.29,16.97,$0.74,6.75,$0.68B,$0.69B,0.98,$0.84B,$-0.17B,-5.1,$3.18B,$0.57B,17.82%,$3.18B,$0.13B,4.05%,$3.18B,$0.13B,4.05%,$3.18B,$0.22B,6.95%,$3.18B,$0.28B,8.67%,$3.18B,$0.15B,4.71%,$0.15B,$-0.17B,-74.07%,$0.15B,$-0.56B,-24.13%,$0.15B,$1.47B,10.09%,$0.13B,$0.68B,22.30%,$781,$664,$117,$0,$109,$772,$8,$123,$169,$17,$153,$147,$163,$30,$8,$143,175,$1.14,$0.97,$46,$45,$62,$678,$0,$21,$394,$80,$521,$1472,$690,$843,$73,$947,$1638,$984,$-1304,$0,$-165,$1472,$30,$65,$-7,$58,$0,$0,$0,$0,$-12,$70,$-36,$0,$-0,$0,$0,$0,$-34,$-69,$0,$0,$70,$0,$0,$-82,$5,$-7,$-6,$0,$0
20,2013-09-30,4.32,$0.00,0.0,$19.11,0.23,$-0.31,0.0,$0.05,86.3,$0.62B,$0.90B,0.7,$0.69B,$-0.32B,-2.15,$3.14B,$0.59B,18.81%,$3.14B,$0.14B,4.49%,$3.14B,$0.14B,4.49%,$3.14B,$0.24B,7.75%,$3.14B,$0.16B,5.00%,$3.14B,$0.03B,0.86%,$0.03B,$-0.32B,-12.07%,$0.03B,$-0.73B,-4.10%,$0.03B,$1.48B,1.80%,$0.14B,$0.37B,26.23%,$817,$697,$120,$0,$106,$804,$13,$-124,$-107,$4,$-110,$-109,$-107,$34,$13,$143,175,$-0.75,$-0.75,$34,$60,$49,$624,$0,$20,$405,$146,$588,$1476,$896,$692,$179,$902,$1797,$991,$-1458,$0,$-321,$1476,$-141,$43,$0,$43,$0,$0,$0,$0,$-13,$36,$-23,$0,$-0,$0,$0,$0,$-21,$-44,$0,$0,$40,$0,$0,$-54,$5,$-8,$-16,$0,$0
21,2013-06-30,3.91,$0.00,0.0,$18.56,0.21,$-0.70,0.0,$0.96,4.07,$0.58B,$0.67B,0.86,$0.80B,$-0.19B,-4.29,$3.02B,$0.59B,19.35%,$3.02B,$0.12B,4.07%,$3.02B,$0.12B,4.07%,$3.02B,$0.23B,7.74%,$3.02B,$0.29B,9.72%,$3.02B,$0.16B,5.22%,$0.16B,$-0.19B,-76.33%,$0.16B,$-0.62B,-23.97%,$0.16B,$1.47B,10.42%,$0.12B,$0.61B,20.85%,$723,$613,$110,$0,$111,$724,$-1,$-40,$-35,$4,$-39,$-39,$-41,$22,$-1,$142,174,$-0.29,$-0.29,$47,$30,$69,$577,$0,$9,$431,$170,$630,$1472,$670,$795,$160,$987,$1657,$1001,$-1342,$0,$-185,$1472,$-35,$23,$0,$23,$0,$0,$0,$0,$6,$21,$-13,$0,$-0,$0,$0,$0,$-9,$-23,$0,$0,$19,$0,$0,$-26,$5,$-3,$-4,$0,$0
22,2013-03-31,4.18,$0.00,0.0,$18.21,0.23,$-0.75,0.0,$3.23,1.3,$0.69B,$0.75B,0.92,$0.80B,$-0.14B,-5.72,$2.95B,$0.60B,20.21%,$2.95B,$0.12B,3.97%,$2.95B,$0.12B,3.97%,$2.95B,$0.23B,7.93%,$2.95B,$0.69B,23.30%,$2.95B,$0.53B,17.94%,$0.53B,$-0.14B,-245.76%,$0.53B,$-0.59B,-76.95%,$0.53B,$1.53B,34.33%,$0.12B,$0.66B,20.68%,$861,$642,$220,$0,$181,$752,$109,$209,$249,$37,$212,$200,$135,$135,$109,$141,167,$0.96,$0.81,$52,$17,$141,$688,$0,$9,$447,$101,$581,$1528,$751,$795,$89,$916,$1667,$1017,$-1299,$0,$-139,$1528,$688,$119,$0,$119,$0,$0,$0,$0,$-2,$98,$-101,$0,$0,$0,$0,$0,$-61,$-163,$0,$0,$215,$0,$0,$-157,$-6,$53,$-15,$0,$0
23,2012-12-31,5.88,$0.00,0.0,$18.92,0.31,$-0.23,0.0,$1.87,3.14,$0.58B,$0.87B,0.67,$0.76B,$-0.25B,-3.06,$2.90B,$0.54B,18.64%,$2.90B,$0.05B,1.55%,$2.90B,$0.05B,1.55%,$2.90B,$0.17B,5.89%,$2.90B,$0.37B,12.82%,$2.90B,$0.32B,10.96%,$0.32B,$-0.25B,-103.67%,$0.32B,$-0.71B,-39.53%,$0.32B,$1.52B,20.55%,$0.05B,$0.51B,10.08%,$736,$597,$140,$0,$97,$717,$20,$27,$50,$10,$41,$40,$40,$52,$20,$144,144,$0.28,$0.28,$45,$42,$94,$577,$0,$9,$456,$79,$581,$1524,$867,$764,$135,$907,$1774,$1018,$-1406,$0,$-250,$1524,$445,$92,$0,$92,$0,$0,$0,$0,$-23,$31,$-90,$0,$0,$0,$0,$-9,$-35,$-134,$0,$4,$209,$0,$0,$-121,$-8,$84,$-20,$0,$0
24,2012-09-30,6.48,$0.00,0.0,$19.17,0.34,$0.35,18.4,$0.88,7.36,$0.61B,$0.78B,0.77,$0.84B,$-0.25B,-3.28,$2.91B,$0.57B,19.46%,$2.91B,$0.07B,2.48%,$2.91B,$0.07B,2.48%,$2.91B,$0.20B,6.74%,$2.91B,$0.23B,7.77%,$2.91B,$0.18B,6.19%,$0.18B,$-0.25B,-53.85%,$0.18B,$-0.73B,-20.92%,$0.18B,$1.54B,11.47%,$0.07B,$0.58B,18.30%,$704,$589,$115,$0,$97,$709,$-5,$33,$30,$7,$23,$24,$24,$25,$-5,$139,170,$0.17,$0.16,$52,$50,$113,$606,$0,$9,$475,$72,$601,$1543,$784,$835,$169,$1014,$1798,$1002,$-1395,$0,$-254,$1543,$393,$60,$0,$60,$0,$0,$0,$0,$-14,$2,$-55,$0,$0,$0,$0,$-9,$-22,$-86,$0,$3,$155,$0,$0,$-86,$0,$72,$-13,$0,$0
25,2012-06-30,6.36,$0.00,0.0,$20.31,0.31,$0.91,7.01,$0.69,9.21,$0.61B,$0.84B,0.73,$0.73B,$-0.22B,-3.35,$2.82B,$0.56B,19.72%,$2.82B,$0.08B,2.66%,$2.82B,$0.08B,2.66%,$2.82B,$0.21B,7.34%,$2.82B,$0.21B,7.38%,$2.82B,$0.15B,5.39%,$0.15B,$-0.22B,-46.63%,$0.15B,$-0.73B,-17.48%,$0.15B,$1.57B,9.57%,$0.08B,$0.51B,21.20%,$648,$527,$121,$0,$106,$656,$-7,$374,$358,$32,$326,$330,$330,$22,$-7,$139,170,$2.37,$1.98,$70,$39,$111,$611,$0,$0,$511,$87,$649,$1569,$836,$730,$210,$951,$1787,$984,$-1355,$0,$-218,$1569,$358,$30,$0,$30,$0,$0,$0,$0,$22,$23,$-24,$0,$0,$0,$0,$0,$-10,$-35,$0,$5,$56,$0,$0,$-44,$0,$17,$5,$0,$0
26,2012-03-31,7.81,$0.00,0.0,$20.93,0.37,$0.94,8.29,$-0.93,0.0,$0.57B,$1.05B,0.54,$0.69B,$-0.51B,-1.35,$2.82B,$0.53B,18.88%,$2.82B,$0.07B,2.63%,$2.82B,$0.07B,2.63%,$2.82B,$0.22B,7.67%,$2.82B,$-0.09B,-3.19%,$2.82B,$-0.13B,-4.44%,$-0.13B,$-0.51B,39.00%,$-0.13B,$-1.05B,14.13%,$-0.13B,$1.56B,-7.93%,$0.07B,$0.18B,23.70%,$814,$649,$165,$0,$128,$777,$37,$-114,$-66,$16,$-82,$-76,$-76,$72,$37,$139,139,$-0.55,$-0.55,$66,$22,$47,$568,$0,$0,$548,$67,$694,$1555,$1053,$685,$315,$1008,$2061,$1001,$-1665,$0,$-505,$1555,$-90,$142,$0,$142,$0,$0,$0,$0,$-27,$146,$-75,$0,$-94,$0,$0,$0,$-37,$-207,$0,$-1,$178,$0,$0,$-148,$-12,$16,$-45,$0,$0
27,2011-12-31,6.19,$0.00,0.0,$20.94,0.3,$1.26,4.91,$0.91,6.81,$0.64B,$0.97B,0.66,$0.66B,$-0.36B,-1.84,$2.82B,$0.41B,14.66%,$2.82B,$-0.02B,-0.71%,$2.82B,$-0.02B,-0.71%,$2.82B,$0.12B,4.25%,$2.82B,$0.17B,6.06%,$2.82B,$0.13B,4.64%,$0.13B,$-0.36B,-54.58%,$0.13B,$-0.93B,-15.97%,$0.13B,$1.61B,8.30%,$-0.02B,$0.30B,-5.77%,$743,$578,$165,$0,$118,$696,$47,$-122,$-96,$-0,$-95,$-98,$-98,$77,$47,$139,139,$-0.71,$-0.71,$73,$52,$93,$637,$0,$0,$570,$53,$711,$1608,$968,$663,$327,$1000,$1968,$969,$-1497,$0,$-360,$1608,$-27,$107,$0,$107,$0,$0,$0,$0,$-42,$65,$-42,$0,$-91,$0,$0,$0,$-26,$-159,$0,$3,$173,$0,$-0,$-102,$0,$73,$-23,$0,$0
28,2011-09-30,5.14,$0.00,0.0,$20.26,0.25,$1.23,4.18,$2.99,1.72,$0.69B,$0.91B,0.76,$0.64B,$-0.22B,-2.91,$2.81B,$0.38B,13.40%,$2.81B,$-0.04B,-1.35%,$2.81B,$-0.04B,-1.35%,$2.81B,$0.11B,3.87%,$2.81B,$0.52B,18.38%,$2.81B,$0.44B,15.78%,$0.44B,$-0.22B,-199.33%,$0.44B,$-0.77B,-53.22%,$0.44B,$1.62B,27.57%,$-0.04B,$0.42B,-11.39%,$614,$509,$105,$0,$107,$616,$-2,$14,$12,$15,$-4,$-4,$-4,$36,$-2,$116,116,$-0.03,$-0.03,$169,$62,$96,$686,$0,$0,$544,$49,$681,$1620,$907,$643,$281,$935,$1842,$1004,$-1421,$0,$-221,$1620,$71,$77,$0,$77,$0,$0,$0,$0,$-10,$51,$-23,$0,$-2,$0,$0,$0,$-19,$-43,$0,$2,$132,$0,$0,$-72,$0,$61,$68,$0,$0
29,2011-06-30,7.9,$0.00,0.0,$20.35,0.39,$1.13,7.02,$1.91,4.14,$0.53B,$0.84B,0.63,$0.54B,$-0.20B,-2.76,$2.92B,$0.45B,15.48%,$2.92B,$0.04B,1.47%,$2.92B,$0.04B,1.47%,$2.92B,$0.19B,6.47%,$2.92B,$0.31B,10.69%,$2.92B,$0.30B,10.24%,$0.30B,$-0.20B,-107.17%,$0.30B,$-0.79B,-31.71%,$0.30B,$1.52B,18.16%,$0.04B,$0.35B,17.92%,$647,$550,$97,$0,$105,$655,$-8,$68,$60,$7,$53,$53,$53,$31,$-8,$138,146,$0.38,$0.36,$79,$33,$47,$531,$0,$0,$593,$43,$740,$1521,$841,$543,$324,$876,$1717,$1006,$-1387,$0,$-196,$1521,$60,$39,$0,$39,$0,$0,$0,$0,$-4,$16,$-12,$0,$-2,$0,$0,$0,$-9,$-23,$0,$4,$16,$0,$0,$-36,$0,$-16,$-23,$0,$0
30,2011-03-31,8.54,$0.00,0.0,$20.11,0.42,$1.20,7.1,$3.35,2.55,$0.59B,$0.89B,0.67,$0.50B,$-0.18B,-2.74,$2.90B,$0.46B,15.99%,$2.90B,$0.07B,2.28%,$2.90B,$0.07B,2.28%,$2.90B,$0.20B,7.05%,$2.90B,$0.54B,18.51%,$2.90B,$0.51B,17.75%,$0.51B,$-0.18B,-177.39%,$0.51B,$-0.80B,-50.57%,$0.51B,$1.56B,30.24%,$0.07B,$0.32B,30.77%,$820,$773,$47,$0,$72,$877,$-57,$127,$195,$22,$173,$180,$180,$-24,$-57,$136,139,$1.32,$1.29,$97,$13,$84,$594,$0,$0,$615,$124,$738,$1563,$893,$499,$352,$853,$1746,$686,$-1046,$0,$-183,$1563,$507,$137,$0,$137,$0,$0,$0,$0,$-38,$151,$-36,$0,$-258,$0,$0,$0,$-19,$-314,$0,$-6,$331,$0,$-4,$-137,$15,$201,$37,$0,$0
31,2010-12-31,8.02,$0.00,0.0,$19.20,0.42,$1.18,6.79,$1.49,5.38,$0.72B,$1.06B,0.68,$0.54B,$-0.29B,-1.86,$2.74B,$0.45B,16.30%,$2.74B,$0.09B,3.17%,$2.74B,$0.09B,3.17%,$2.74B,$0.21B,7.62%,$2.74B,$0.16B,5.98%,$2.74B,$0.26B,9.41%,$0.26B,$-0.29B,-71.77%,$0.26B,$-0.99B,-24.50%,$0.26B,$1.74B,15.93%,$0.09B,$0.25B,119.18%,$732,$604,$128,$0,$68,$703,$29,$219,$250,$35,$215,$215,$215,$66,$29,$135,156,$1.59,$1.37,$64,$41,$192,$722,$0,$0,$695,$88,$783,$1738,$1057,$541,$430,$973,$2029,$669,$-1182,$0,$-291,$1738,$334,$104,$0,$104,$0,$0,$0,$0,$-69,$50,$-29,$0,$-257,$0,$0,$0,$-13,$-299,$0,$-5,$338,$0,$-4,$-102,$18,$245,$4,$0,$0
32,2010-09-30,7.53,$0.00,0.0,$19.16,0.39,$1.30,5.79,$0.81,9.29,$0.63B,$1.18B,0.53,$0.49B,$-0.45B,-1.11,$2.63B,$0.45B,17.15%,$2.63B,$0.12B,4.37%,$2.63B,$0.12B,4.37%,$2.63B,$0.22B,8.40%,$2.63B,$-0.01B,-0.42%,$2.63B,$0.14B,5.13%,$0.14B,$-0.45B,-36.39%,$0.14B,$-1.20B,-13.16%,$0.14B,$1.77B,8.92%,$0.12B,$0.05B,-605.26%,$720,$540,$180,$0,$68,$641,$79,$-185,$-193,$-45,$-148,$-149,$-149,$116,$79,$134,134,$-1.11,$-1.11,$76,$51,$146,$625,$0,$0,$754,$161,$915,$1765,$1181,$493,$534,$1029,$2210,$645,$-1334,$0,$-446,$1765,$116,$67,$0,$67,$0,$0,$0,$0,$-27,$38,$-20,$0,$-248,$0,$0,$0,$-5,$-273,$0,$-7,$305,$0,$-2,$-68,$3,$231,$4,$0,$0
33,2010-06-30,6.38,$0.00,0.0,$17.59,0.36,$1.45,4.4,$2.67,2.39,$0.55B,$1.00B,0.54,$0.48B,$-0.24B,-2.02,$2.42B,$0.46B,19.03%,$2.42B,$0.15B,6.32%,$2.42B,$0.15B,6.32%,$2.42B,$0.24B,10.03%,$2.42B,$0.31B,12.59%,$2.42B,$0.39B,15.90%,$0.39B,$-0.24B,-113.49%,$0.39B,$-1.08B,-40.67%,$0.39B,$1.73B,27.78%,$0.15B,$0.24B,-239.06%,$623,$515,$108,$0,$64,$608,$15,$299,$284,$19,$266,$268,$268,$46,$15,$134,149,$2.00,$1.80,$106,$42,$61,$546,$0,$0,$844,$122,$966,$1733,$1004,$483,$483,$968,$1972,$647,$-1159,$0,$-239,$1733,$268,$30,$0,$30,$0,$0,$0,$0,$4,$25,$-9,$0,$-246,$0,$0,$0,$-1,$-257,$0,$-0,$292,$0,$-1,$-34,$4,$261,$33,$0,$0
34,2010-03-31,7.53,$0.00,0.0,$16.70,0.45,$1.57,4.78,$1.65,4.56,$0.48B,$0.95B,0.5,$0.21B,$-0.46B,-0.46,$2.17B,$0.44B,20.18%,$2.17B,$0.19B,8.66%,$2.17B,$0.19B,8.66%,$2.17B,$0.25B,11.47%,$2.17B,$0.12B,5.44%,$2.17B,$0.21B,9.45%,$0.21B,$-0.46B,-48.90%,$0.21B,$-0.94B,-24.39%,$0.21B,$1.24B,19.51%,$0.19B,$-0.25B,-74.90%,$668,$637,$31,$0,$50,$704,$-36,$-255,$-177,$-108,$-69,$-76,$-76,$-19,$-36,$134,134,$-0.57,$-0.57,$72,$10,$54,$476,$0,$0,$481,$85,$566,$1243,$948,$213,$543,$757,$1705,$606,$-1308,$0,$-462,$1243,$213,$61,$0,$61,$0,$0,$0,$0,$-33,$145,$-38,$0,$9,$0,$0,$0,$-6,$-34,$0,$8,$33,$0,$-5,$-145,$2,$-106,$1,$0,$0
35,2009-12-31,7.35,$0.00,0.0,$16.80,0.44,$2.09,3.51,$1.02,7.2,$0.56B,$0.93B,0.61,$0.22B,$-0.34B,-0.65,$2.08B,$0.48B,23.06%,$2.08B,$0.26B,12.37%,$2.08B,$0.26B,12.37%,$2.08B,$0.30B,14.64%,$2.08B,$0.22B,10.50%,$2.08B,$0.15B,6.98%,$0.15B,$-0.34B,-31.59%,$0.15B,$-0.88B,-18.45%,$0.15B,$1.31B,16.86%,$0.26B,$-0.12B,-78.65%,$619,$487,$132,$0,$55,$563,$57,$45,$75,$-16,$91,$92,$92,$78,$57,$133,133,$0.69,$0.69,$57,$43,$148,$560,$0,$0,$539,$11,$551,$1312,$926,$219,$502,$723,$1649,$617,$-1233,$0,$-337,$1312,$294,$45,$0,$45,$0,$0,$0,$0,$-66,$63,$-29,$0,$9,$0,$0,$0,$-4,$-24,$0,$7,$30,$0,$-3,$-93,$3,$-56,$-18,$0,$0
