,Date,Stock Price,Book Value per Share,Price to Book Ratio,TTM Sales per Share,Price to Sales Ratio,TTM FCF per Share,Price to FCF Ratio,TTM Net EPS,PE Ratio,Current Assets,Current Liabilities,Current Ratio,Long Term Debt,Shareholder's Equity_x,Debt to Equity Ratio,TTM Revenue_x,TTM Gross Profit,Gross Margin,TTM Revenue_y,TTM Operating Income,Operating Margin,TTM Revenue_x,TTM EBIT,EBIT Margin,TTM Revenue_y,TTM EBITDA,EBITDA Margin,TTM Revenue_x,TTM Pre-Tax Income,Pre-Tax Margin,TTM Revenue_y,TTM Net Income_x,Net Margin,TTM Net Income_y,Shareholder's Equity_y,Return on Equity,TTM Net Income_x,Tangible Equity,Return on Tangible Equity,TTM Net Income_y,Total Assets,Return on Assets,TTM Net Income,LT Investments & Debt,Return on Investment,revenue,cost-goods-sold,gross-profit,research-development-expenses,selling-general-administrative-expenses,operating-expenses,operating-income,total-non-operating-income-expense,pre-tax-income,total-provision-income-taxes,income-after-taxes,income-from-continuous-operations,net-income,ebitda,ebit,basic-shares-outstanding,shares-outstanding,eps-basic-net-earnings-per-share,eps-earnings-per-share-diluted,cash-on-hand,inventory,other-current-assets,total-current-assets,net-property-plant-equipment,long-term-investments,goodwill-intangible-assets-total,other-long-term-assets,total-long-term-assets,total-assets,total-current-liabilities,long-term-debt,other-non-current-liabilities,total-long-term-liabilities,total-liabilities,common-stock-net,retained-earnings-accumulated-deficit,comprehensive-income,total-share-holder-equity,total-liabilities-share-holders-equity,net-income-loss,total-depreciation-amortization-cash-flow,other-non-cash-items,total-non-cash-items,change-in-accounts-receivable,change-in-inventories,change-in-accounts-payable,change-in-assets-liabilities,total-change-in-assets-liabilities,cash-flow-from-operating-activities,net-change-in-property-plant-equipment,net-change-in-intangible-assets,net-acquisitions-divestitures,net-change-in-short-term-investments,net-change-in-long-term-investments,net-change-in-investments-total,investing-activities-other,cash-flow-from-investing-activities,net-long-term-debt,net-current-debt,debt-issuance-retirement-net-total,net-common-equity-issued-repurchased,net-total-equity-issued-repurchased,total-common-preferred-stock-dividends-paid,financial-activities-other,cash-flow-from-financial-activities,net-cash-flow,stock-based-compensation,common-stock-dividends-paid
0,2018-09-30,76.5,$41.80,1.83,$108.51,0.7,$4.51,16.95,$1.41,54.26,$4.56B,$3.15B,1.45,$2.15B,$5.94B,0.36,$14.99B,$2.83B,18.87%,$14.99B,$0.65B,4.32%,$14.99B,$0.65B,4.32%,$14.99B,$0.85B,5.65%,$14.99B,$0.56B,3.70%,$14.99B,$0.16B,1.09%,$0.16B,$5.94B,2.72%,$0.16B,$-0.82B,-24.01%,$0.16B,$12.65B,1.29%,$0.65B,$8.09B,7.72%,$4143,$3351,$791,$0,$550,$3901,$241,$-43,$198,$229,$-31,$-31,$-37,$293,$241,$138,139,$-0.23,$-0.24,$793,$0,$0,$4557,$458,$0,$6760,$872,$8089,$12646,$3146,$2147,$0,$3556,$6701,$142,$3810,$-807,$5944,$12646,$173,$199,$329,$528,$-435,$0,$183,$-13,$-234,$481,$-92,$0,$-1481,$-5,$0,$-5,$0,$-1578,$1212,$-3,$1209,$51,$51,$0,$-118,$1142,$19,$79,$0
1,2018-06-30,63.35,$42.67,1.48,$100.74,0.63,$5.53,11.46,$2.19,28.93,$4.48B,$3.10B,1.45,$2.34B,$6.05B,0.39,$13.50B,$2.51B,18.60%,$13.50B,$0.51B,3.81%,$13.50B,$0.51B,3.81%,$13.50B,$0.70B,5.16%,$13.50B,$0.48B,3.53%,$13.50B,$0.29B,2.17%,$0.29B,$6.05B,5.20%,$0.29B,$-0.58B,-155.23%,$0.29B,$12.55B,2.59%,$0.51B,$8.39B,6.81%,$4157,$3380,$776,$0,$564,$3944,$213,$-20,$193,$43,$150,$150,$150,$265,$213,$142,143,$1.05,$1.05,$824,$0,$0,$4476,$471,$0,$6636,$969,$8076,$12552,$3096,$2336,$0,$3403,$6499,$142,$3881,$-728,$6053,$12552,$205,$147,$38,$186,$-316,$0,$139,$40,$-129,$269,$-63,$0,$-1485,$0,$8,$8,$0,$-1541,$1401,$1,$1402,$31,$31,$-65,$-28,$1340,$50,$62,$-65
2,2018-03-31,58.88,$42.52,1.38,$92.66,0.64,$6.66,8.84,$1.88,31.32,$4.46B,$2.98B,1.49,$2.51B,$6.03B,0.42,$11.85B,$2.19B,18.50%,$11.85B,$0.43B,3.62%,$11.85B,$0.43B,3.62%,$11.85B,$0.59B,4.97%,$11.85B,$0.41B,3.46%,$11.85B,$0.23B,1.95%,$0.23B,$6.03B,4.45%,$0.23B,$-0.64B,102.44%,$0.23B,$12.60B,2.31%,$0.43B,$8.54B,6.51%,$3935,$3162,$773,$0,$627,$3789,$146,$-24,$122,$70,$52,$52,$48,$202,$146,$143,143,$0.34,$0.34,$835,$0,$0,$4457,$504,$0,$6663,$977,$8145,$12602,$2983,$2512,$0,$3593,$6576,$142,$3756,$-617,$6025,$12602,$54,$95,$45,$140,$-172,$0,$18,$31,$-143,$54,$-44,$0,$-1481,$0,$-8,$-8,$0,$-1534,$1562,$0,$1562,$24,$24,$0,$-61,$1525,$61,$47,$0
3,2017-12-31,65.5,$42.12,1.56,$84.09,0.78,$7.88,8.32,$1.95,33.59,$4.55B,$3.06B,1.48,$2.59B,$5.96B,0.43,$10.22B,$1.84B,17.99%,$10.22B,$0.35B,3.43%,$10.22B,$0.35B,3.43%,$10.22B,$0.48B,4.73%,$10.22B,$0.35B,3.40%,$10.22B,$0.23B,2.27%,$0.23B,$5.96B,4.91%,$0.23B,$-0.68B,36.67%,$0.23B,$12.69B,2.70%,$0.35B,$8.55B,6.28%,$2750,$2263,$487,$0,$440,$2703,$48,$-6,$42,$39,$3,$3,$2,$87,$48,$124,125,$0.02,$0.02,$1060,$0,$0,$4547,$574,$0,$6642,$929,$8145,$12692,$3063,$2588,$0,$3667,$6730,$142,$3729,$-629,$5962,$12692,$3,$40,$7,$47,$16,$0,$-39,$131,$-3,$47,$-22,$-0,$-1366,$0,$-0,$-0,$0,$-1389,$1643,$0,$1643,$14,$14,$-18,$-14,$1626,$286,$25,$-18
4,2017-09-30,57.72,$37.27,1.55,$83.05,0.69,$8.41,6.86,$2.43,23.75,$3.00B,$1.93B,1.56,$0.24B,$4.49B,0.05,$10.02B,$1.77B,17.67%,$10.02B,$0.39B,3.91%,$10.02B,$0.39B,3.91%,$10.02B,$0.51B,5.13%,$10.02B,$0.39B,3.91%,$10.02B,$0.29B,2.90%,$0.29B,$4.49B,6.81%,$0.29B,$1.15B,27.67%,$0.29B,$7.38B,4.04%,$0.39B,$4.72B,8.56%,$2654,$2180,$474,$0,$367,$2547,$107,$12,$119,$26,$93,$93,$93,$142,$107,$119,120,$0.78,$0.77,$774,$0,$0,$2996,$350,$0,$3343,$692,$4385,$7381,$1926,$235,$0,$967,$2894,$120,$3722,$-654,$4487,$7381,$287,$123,$26,$149,$75,$0,$154,$-56,$122,$575,$-116,$0,$-152,$32,$0,$32,$0,$-236,$-153,$1,$-152,$-35,$-35,$0,$-56,$-243,$118,$39,$0
5,2017-06-30,53.73,$35.63,1.51,$82.70,0.65,$9.72,5.53,$1.89,28.43,$2.94B,$1.84B,1.6,$0.28B,$4.29B,0.07,$10.01B,$1.73B,17.27%,$10.01B,$0.37B,3.68%,$10.01B,$0.37B,3.68%,$10.01B,$0.49B,4.85%,$10.01B,$0.31B,3.09%,$10.01B,$0.23B,2.28%,$0.23B,$4.29B,5.39%,$0.23B,$1.07B,22.94%,$0.23B,$7.25B,3.17%,$0.37B,$4.57B,8.04%,$2515,$2055,$459,$0,$331,$2386,$128,$-1,$127,$39,$89,$89,$88,$158,$128,$119,120,$0.74,$0.74,$758,$0,$0,$2940,$329,$0,$3211,$764,$4305,$7245,$1840,$282,$0,$1120,$2960,$120,$3665,$-783,$4285,$7245,$194,$88,$-20,$68,$44,$0,$32,$69,$114,$381,$-72,$0,$-27,$0,$0,$0,$0,$-99,$-104,$1,$-104,$-44,$-44,$-41,$3,$-186,$103,$32,$-41
6,2017-03-31,54.45,$34.65,1.57,$83.90,0.65,$10.49,5.19,$1.72,31.65,$2.82B,$1.73B,1.63,$0.34B,$4.17B,0.08,$10.19B,$1.72B,16.89%,$10.19B,$0.35B,3.43%,$10.19B,$0.35B,3.43%,$10.19B,$0.47B,4.61%,$10.19B,$0.29B,2.80%,$10.19B,$0.21B,2.05%,$0.21B,$4.17B,4.88%,$0.21B,$0.99B,21.02%,$0.21B,$7.09B,2.89%,$0.35B,$4.51B,7.48%,$2303,$1883,$419,$0,$351,$2234,$68,$-8,$60,$16,$44,$44,$49,$97,$68,$121,121,$0.41,$0.41,$675,$0,$0,$2821,$316,$0,$3182,$767,$4265,$7086,$1733,$335,$0,$1179,$2912,$120,$3612,$-835,$4174,$7086,$105,$58,$-16,$42,$60,$0,$-47,$86,$53,$201,$-46,$0,$-27,$0,$0,$0,$0,$-73,$-43,$1,$-42,$-34,$-34,$0,$-17,$-93,$19,$21,$0
7,2016-12-31,56.0,$34.13,1.64,$87.82,0.64,$11.15,5.02,$1.85,30.27,$2.92B,$1.75B,1.67,$0.39B,$4.14B,0.09,$10.67B,$1.75B,16.37%,$10.67B,$0.37B,3.46%,$10.67B,$0.37B,3.46%,$10.67B,$0.49B,4.62%,$10.67B,$0.32B,2.95%,$10.67B,$0.23B,2.11%,$0.23B,$4.14B,5.17%,$0.23B,$1.00B,22.35%,$0.23B,$7.11B,3.04%,$0.37B,$4.52B,7.70%,$2552,$2132,$419,$0,$331,$2463,$89,$-3,$86,$25,$61,$61,$61,$117,$89,$119,122,$0.50,$0.50,$737,$0,$0,$2923,$314,$0,$3140,$732,$4187,$7110,$1750,$387,$0,$1225,$2974,$121,$3622,$-879,$4136,$7110,$61,$29,$6,$34,$-20,$0,$-11,$115,$15,$110,$-21,$0,$-2,$0,$0,$0,$0,$-23,$11,$1,$12,$7,$7,$0,$-4,$15,$81,$10,$0
8,2016-09-30,50.81,$35.80,1.42,$90.23,0.56,$10.50,4.84,$1.73,29.37,$2.86B,$1.78B,1.61,$0.39B,$4.33B,0.09,$10.97B,$1.77B,16.11%,$10.97B,$0.34B,3.09%,$10.97B,$0.34B,3.09%,$10.97B,$0.47B,4.28%,$10.97B,$0.29B,2.62%,$10.97B,$0.21B,1.92%,$0.21B,$4.33B,4.79%,$0.21B,$0.91B,21.12%,$0.21B,$7.36B,2.80%,$0.34B,$4.72B,6.90%,$2641,$2209,$432,$0,$349,$2558,$83,$-47,$36,$6,$30,$30,$30,$114,$83,$120,121,$0.25,$0.24,$656,$0,$0,$2864,$320,$0,$3417,$759,$4496,$7360,$1783,$385,$0,$1247,$3030,$121,$3587,$-611,$4330,$7360,$215,$130,$7,$137,$397,$0,$-44,$51,$328,$680,$-57,$-10,$-69,$-3,$0,$-3,$0,$-140,$-191,$-11,$-202,$-109,$-109,$0,$-5,$-317,$195,$32,$0
9,2016-06-30,48.93,$36.89,1.33,$93.21,0.52,$8.52,5.74,$1.73,28.28,$2.93B,$1.81B,1.62,$0.48B,$4.49B,0.11,$11.44B,$1.81B,15.80%,$11.44B,$0.31B,2.71%,$11.44B,$0.31B,2.71%,$11.44B,$0.44B,3.88%,$11.44B,$0.30B,2.62%,$11.44B,$0.21B,1.84%,$0.21B,$4.49B,4.78%,$0.21B,$1.08B,20.91%,$0.21B,$7.42B,2.76%,$0.31B,$4.97B,6.24%,$2694,$2242,$451,$0,$342,$2584,$110,$-7,$103,$32,$71,$71,$69,$142,$110,$120,121,$0.58,$0.57,$616,$0,$0,$2929,$325,$0,$3413,$397,$4492,$7421,$1806,$479,$0,$1125,$2932,$122,$3600,$-453,$4489,$7421,$185,$99,$-26,$73,$292,$0,$-92,$41,$187,$446,$-40,$0,$-50,$0,$-3,$-3,$0,$-93,$-98,$-5,$-103,$-76,$-76,$0,$-3,$-181,$156,$26,$0
10,2016-03-31,42.78,$36.34,1.18,$94.37,0.45,$7.77,5.51,$1.89,22.64,$3.07B,$1.92B,1.6,$0.53B,$4.44B,0.12,$11.66B,$1.84B,15.80%,$11.66B,$0.30B,2.57%,$11.66B,$0.30B,2.57%,$11.66B,$0.44B,3.78%,$11.66B,$0.29B,2.52%,$11.66B,$0.23B,2.00%,$0.23B,$4.44B,5.31%,$0.23B,$1.04B,23.63%,$0.23B,$7.72B,3.00%,$0.30B,$4.97B,6.02%,$2782,$2338,$444,$0,$357,$2695,$87,$4,$90,$27,$63,$63,$65,$120,$87,$120,121,$0.54,$0.54,$560,$0,$0,$3073,$344,$0,$3397,$528,$4644,$7717,$1918,$530,$0,$1359,$3278,$122,$3554,$-450,$4439,$7717,$114,$67,$-16,$50,$135,$0,$-84,$81,$96,$264,$-29,$0,$-11,$0,$-3,$-3,$0,$-43,$-53,$-11,$-64,$-57,$-57,$0,$-3,$-123,$99,$17,$0
11,2015-12-31,41.21,$35.60,1.16,$94.23,0.44,$6.22,6.63,$1.99,20.71,$3.11B,$1.79B,1.74,$0.62B,$4.37B,0.14,$11.78B,$1.89B,16.04%,$11.78B,$0.35B,2.94%,$11.78B,$0.35B,2.94%,$11.78B,$0.49B,4.17%,$11.78B,$0.33B,2.83%,$11.78B,$0.25B,2.12%,$0.25B,$4.37B,5.70%,$0.25B,$0.97B,25.85%,$0.25B,$7.62B,3.20%,$0.35B,$4.99B,6.89%,$2848,$2407,$440,$0,$381,$2788,$59,$-2,$58,$7,$50,$50,$47,$93,$59,$121,122,$0.38,$0.38,$444,$0,$0,$3112,$361,$0,$3405,$738,$4504,$7616,$1785,$622,$0,$1461,$3246,$123,$3511,$-470,$4370,$7616,$50,$34,$5,$39,$91,$0,$-144,$33,$-64,$27,$-16,$0,$-11,$0,$0,$0,$0,$-26,$43,$-10,$33,$-33,$-33,$0,$-3,$-3,$-17,$8,$0
12,2015-09-30,36.77,$35.37,1.04,$95.40,0.39,$6.97,5.28,$2.38,15.45,$3.12B,$1.98B,1.58,$0.58B,$4.36B,0.13,$12.12B,$1.97B,16.24%,$12.12B,$0.45B,3.67%,$12.12B,$0.45B,3.67%,$12.12B,$0.60B,4.91%,$12.12B,$0.43B,3.55%,$12.12B,$0.30B,2.50%,$0.30B,$4.36B,6.87%,$0.30B,$0.95B,30.96%,$0.30B,$7.79B,3.80%,$0.45B,$4.94B,8.77%,$3117,$2644,$473,$0,$420,$3063,$54,$-5,$49,$12,$37,$37,$30,$89,$54,$125,126,$0.25,$0.26,$461,$0,$0,$3123,$381,$0,$3402,$880,$4663,$7786,$1981,$584,$0,$1448,$3429,$123,$3496,$-465,$4356,$7786,$329,$149,$23,$173,$173,$0,$-29,$-22,$-22,$485,$-88,$0,$-8,$0,$0,$0,$0,$-96,$-138,$-20,$-158,$-389,$-389,$0,$-6,$-553,$-272,$41,$0
13,2015-06-30,39.9,$35.44,1.13,$95.00,0.42,$8.45,4.72,$2.79,14.3,$3.47B,$2.09B,1.66,$0.65B,$4.40B,0.15,$12.22B,$2.04B,16.67%,$12.22B,$0.53B,4.32%,$12.22B,$0.53B,4.32%,$12.22B,$0.68B,5.58%,$12.22B,$0.53B,4.31%,$12.22B,$0.36B,2.94%,$0.36B,$4.40B,8.07%,$0.36B,$0.98B,35.90%,$0.36B,$7.96B,4.41%,$0.53B,$5.05B,10.24%,$2908,$2423,$485,$0,$384,$2807,$100,$-3,$97,$-0,$97,$97,$91,$138,$100,$123,125,$0.74,$0.73,$554,$0,$0,$3474,$421,$0,$3417,$647,$4485,$7959,$2093,$646,$0,$1467,$3560,$124,$3514,$-421,$4400,$7959,$292,$114,$24,$138,$150,$0,$-95,$33,$-45,$387,$-64,$0,$0,$0,$0,$0,$0,$-64,$-76,$4,$-73,$-348,$-348,$0,$-6,$-427,$-179,$33,$0
14,2015-03-31,44.36,$34.86,1.27,$96.04,0.46,$8.83,5.03,$2.55,17.4,$3.42B,$2.01B,1.7,$0.71B,$4.41B,0.16,$12.54B,$2.11B,16.86%,$12.54B,$0.55B,4.40%,$12.54B,$0.55B,4.40%,$12.54B,$0.71B,5.64%,$12.54B,$0.55B,4.36%,$12.54B,$0.33B,2.66%,$0.33B,$4.41B,7.43%,$0.33B,$0.97B,32.23%,$0.33B,$7.93B,4.04%,$0.55B,$5.12B,10.57%,$2903,$2412,$491,$0,$358,$2770,$133,$-4,$129,$41,$88,$88,$82,$171,$133,$126,127,$0.65,$0.64,$465,$0,$0,$3416,$434,$0,$3443,$639,$4515,$7931,$2005,$713,$0,$1518,$3522,$126,$3515,$-429,$4409,$7931,$194,$77,$18,$95,$41,$0,$-132,$-2,$-186,$104,$-54,$0,$0,$0,$0,$0,$0,$-54,$-1,$10,$9,$-237,$-237,$0,$-7,$-235,$-268,$24,$0
15,2014-12-31,43.9,$34.54,1.27,$97.16,0.45,$9.42,4.66,$2.54,17.28,$3.69B,$2.24B,1.65,$0.71B,$4.47B,0.16,$12.81B,$2.14B,16.70%,$12.81B,$0.54B,4.22%,$12.81B,$0.54B,4.22%,$12.81B,$0.70B,5.44%,$12.81B,$0.55B,4.29%,$12.81B,$0.33B,2.61%,$0.33B,$4.47B,7.43%,$0.33B,$1.01B,31.55%,$0.33B,$8.24B,4.02%,$0.54B,$5.18B,10.22%,$3187,$2668,$519,$0,$361,$3029,$158,$-4,$155,$49,$106,$106,$100,$197,$158,$129,130,$0.78,$0.77,$670,$0,$0,$3686,$447,$0,$3461,$649,$4557,$8243,$2239,$707,$0,$1531,$3770,$129,$3540,$-402,$4473,$8243,$106,$39,$-2,$37,$66,$0,$-81,$29,$-4,$139,$-30,$0,$0,$0,$0,$0,$0,$-30,$-37,$9,$-28,$-106,$-106,$0,$-7,$-140,$-63,$17,$0
16,2014-09-30,47.96,$34.20,1.4,$95.86,0.5,$10.76,4.46,$2.48,19.34,$3.89B,$2.35B,1.66,$0.76B,$4.51B,0.17,$12.70B,$2.08B,16.35%,$12.70B,$0.53B,4.16%,$12.70B,$0.53B,4.16%,$12.70B,$0.67B,5.30%,$12.70B,$0.54B,4.27%,$12.70B,$0.33B,2.58%,$0.33B,$4.51B,7.34%,$0.33B,$1.04B,30.98%,$0.33B,$8.45B,3.92%,$0.53B,$5.27B,9.87%,$3218,$2677,$542,$0,$405,$3082,$137,$8,$145,$54,$91,$91,$86,$176,$137,$130,132,$0.65,$0.65,$733,$0,$0,$3892,$457,$0,$3467,$638,$4562,$8454,$2350,$764,$0,$1598,$3948,$132,$3527,$-364,$4506,$8454,$352,$145,$10,$155,$108,$0,$108,$8,$205,$722,$-109,$0,$-1384,$0,$-25,$-25,$0,$-1519,$364,$-18,$346,$-34,$-34,$0,$-7,$305,$-524,$43,$0
17,2014-06-30,52.34,$34.08,1.54,$95.54,0.55,$8.62,6.07,$2.67,19.6,$3.75B,$2.17B,1.73,$0.79B,$4.53B,0.17,$12.62B,$2.01B,15.91%,$12.62B,$0.57B,4.48%,$12.62B,$0.57B,4.48%,$12.62B,$0.70B,5.54%,$12.62B,$0.57B,4.53%,$12.62B,$0.35B,2.80%,$0.35B,$4.53B,8.02%,$0.35B,$1.12B,27.13%,$0.35B,$8.33B,4.37%,$0.57B,$5.32B,10.89%,$3232,$2670,$562,$0,$438,$3108,$124,$-6,$118,$47,$71,$71,$65,$163,$124,$131,133,$0.50,$0.49,$773,$0,$0,$3753,$456,$0,$3417,$707,$4579,$8333,$2170,$789,$0,$1630,$3800,$133,$3505,$-304,$4533,$8333,$261,$106,$-7,$99,$172,$0,$-88,$-23,$123,$485,$-91,$0,$-1226,$0,$-26,$-26,$0,$-1343,$367,$-15,$352,$34,$34,$0,$-6,$380,$-484,$33,$0
18,2014-03-31,62.38,$33.77,1.85,$94.64,0.66,$8.31,7.51,$3.01,20.72,$3.65B,$1.98B,1.84,$0.93B,$4.46B,0.21,$12.47B,$1.91B,15.34%,$12.47B,$0.61B,4.89%,$12.47B,$0.61B,4.89%,$12.47B,$0.73B,5.85%,$12.47B,$0.62B,4.99%,$12.47B,$0.40B,3.18%,$0.40B,$4.46B,9.24%,$0.40B,$1.07B,25.64%,$0.40B,$8.24B,5.12%,$0.61B,$5.40B,12.19%,$3176,$2659,$517,$0,$394,$3054,$122,$10,$132,$42,$91,$91,$83,$161,$122,$130,133,$0.64,$0.63,$691,$0,$0,$3649,$472,$0,$3397,$718,$4587,$8236,$1983,$932,$0,$1789,$3772,$132,$3461,$-320,$4464,$8236,$190,$67,$-9,$58,$172,$0,$-188,$-19,$-56,$196,$-65,$0,$-1198,$0,$-25,$-25,$0,$-1288,$511,$9,$520,$22,$22,$0,$-3,$538,$-565,$23,$0
19,2013-12-31,61.88,$33.07,1.87,$92.37,0.67,$8.78,7.05,$3.18,19.46,$3.94B,$2.16B,1.82,$1.04B,$4.36B,0.24,$12.13B,$1.86B,15.34%,$12.13B,$0.65B,5.38%,$12.13B,$0.65B,5.38%,$12.13B,$0.76B,6.23%,$12.13B,$0.65B,5.38%,$12.13B,$0.42B,3.45%,$0.42B,$4.36B,10.00%,$0.42B,$1.01B,23.51%,$0.42B,$8.44B,5.64%,$0.65B,$5.40B,13.71%,$3069,$2615,$454,$0,$309,$2924,$145,$2,$147,$48,$99,$99,$94,$173,$145,$130,132,$0.72,$0.71,$1011,$0,$0,$3944,$468,$0,$3348,$680,$4497,$8441,$2162,$1041,$0,$1918,$4080,$132,$3395,$-315,$4361,$8441,$99,$28,$14,$42,$191,$0,$-105,$62,$179,$326,$-38,$0,$-1133,$0,$-25,$-25,$0,$-1196,$621,$-0,$621,$10,$10,$0,$-2,$628,$-245,$15,$0
20,2013-09-30,57.16,$32.27,1.77,$90.43,0.63,$8.31,6.88,$3.23,17.7,$4.04B,$1.89B,2.14,$0.42B,$4.25B,0.1,$11.82B,$1.84B,15.59%,$11.82B,$0.67B,5.65%,$11.82B,$0.67B,5.65%,$11.82B,$0.77B,6.50%,$11.82B,$0.66B,5.59%,$11.82B,$0.42B,3.58%,$0.42B,$4.25B,10.43%,$0.42B,$2.01B,21.27%,$0.42B,$7.27B,6.01%,$0.67B,$4.66B,14.81%,$3143,$2668,$475,$0,$300,$2968,$175,$-0,$175,$58,$116,$116,$111,$202,$175,$129,131,$0.85,$0.84,$1256,$0,$0,$4040,$379,$0,$2241,$615,$3235,$7274,$1888,$415,$0,$1138,$3026,$132,$3301,$-304,$4248,$7274,$440,$99,$12,$111,$-235,$0,$82,$84,$-99,$449,$-123,$0,$-39,$0,$-0,$-0,$5,$-157,$-118,$24,$-95,$46,$46,$0,$-11,$-60,$224,$40,$0
21,2013-06-30,54.16,$31.37,1.73,$88.09,0.61,$7.46,7.26,$3.22,16.82,$3.80B,$1.73B,2.19,$0.43B,$4.12B,0.11,$11.46B,$1.82B,15.83%,$11.46B,$0.66B,5.77%,$11.46B,$0.66B,5.77%,$11.46B,$0.76B,6.62%,$11.46B,$0.66B,5.72%,$11.46B,$0.42B,3.66%,$0.42B,$4.12B,10.65%,$0.42B,$2.11B,21.78%,$0.42B,$7.05B,6.05%,$0.66B,$4.56B,14.97%,$3081,$2614,$467,$0,$299,$2913,$168,$0,$168,$56,$112,$112,$109,$193,$168,$130,131,$0.84,$0.83,$1296,$0,$0,$3800,$361,$0,$2015,$873,$3249,$7050,$1733,$433,$0,$1195,$2928,$131,$3191,$-301,$4122,$7050,$324,$72,$11,$83,$-33,$0,$-28,$57,$31,$437,$-88,$0,$-22,$0,$0,$0,$4,$-106,$-88,$13,$-75,$35,$35,$0,$-11,$-51,$263,$28,$0
22,2013-03-31,55.25,$30.52,1.81,$86.14,0.64,$5.35,10.32,$3.15,17.54,$3.64B,$1.65B,2.2,$0.45B,$3.99B,0.11,$11.15B,$1.78B,15.97%,$11.15B,$0.65B,5.79%,$11.15B,$0.65B,5.79%,$11.15B,$0.74B,6.67%,$11.15B,$0.64B,5.73%,$11.15B,$0.41B,3.66%,$0.41B,$3.99B,10.66%,$0.41B,$1.98B,22.40%,$0.41B,$6.87B,6.02%,$0.65B,$4.44B,14.93%,$2835,$2370,$465,$0,$300,$2670,$165,$-3,$162,$55,$107,$107,$104,$189,$165,$129,131,$0.81,$0.80,$1166,$0,$0,$3642,$359,$0,$2005,$866,$3230,$6872,$1654,$447,$0,$1228,$2882,$131,$3085,$-288,$3989,$6872,$212,$48,$1,$49,$21,$0,$-20,$10,$-9,$253,$-63,$0,$0,$0,$0,$0,$3,$-59,$-69,$4,$-66,$24,$24,$0,$-9,$-50,$134,$19,$0
23,2012-12-31,41.82,$29.70,1.41,$85.46,0.49,$4.56,9.18,$3.00,13.94,$3.70B,$1.75B,2.11,$0.51B,$3.87B,0.13,$11.02B,$1.74B,15.80%,$11.02B,$0.61B,5.57%,$11.02B,$0.61B,5.57%,$11.02B,$0.71B,6.48%,$11.02B,$0.61B,5.53%,$11.02B,$0.39B,3.52%,$0.39B,$3.87B,10.43%,$0.39B,$1.86B,22.21%,$0.39B,$6.94B,5.84%,$0.61B,$4.38B,14.69%,$2760,$2324,$436,$0,$275,$2599,$160,$-4,$156,$52,$105,$105,$99,$185,$160,$129,130,$0.77,$0.76,$1242,$0,$0,$3695,$341,$0,$2012,$889,$3241,$6937,$1751,$513,$0,$1318,$3068,$130,$3018,$-292,$3868,$6937,$105,$24,$-8,$16,$108,$0,$-33,$35,$119,$247,$-25,$0,$0,$0,$-0,$-0,$0,$-25,$-21,$5,$-16,$9,$9,$0,$-4,$-11,$209,$9,$0
24,2012-09-30,39.72,$28.93,1.37,$84.72,0.47,$3.83,10.37,$2.94,13.51,$3.61B,$1.75B,2.07,$0.53B,$3.76B,0.14,$10.89B,$1.73B,15.85%,$10.89B,$0.60B,5.47%,$10.89B,$0.60B,5.47%,$10.89B,$0.70B,6.39%,$10.89B,$0.59B,5.44%,$10.89B,$0.38B,3.48%,$0.38B,$3.76B,10.48%,$0.38B,$1.75B,22.28%,$0.38B,$6.84B,5.88%,$0.60B,$4.29B,15.10%,$2786,$2340,$447,$0,$279,$2619,$168,$2,$170,$59,$111,$111,$107,$193,$168,$128,129,$0.83,$0.83,$1032,$0,$0,$3612,$331,$0,$2010,$886,$3227,$6839,$1747,$528,$0,$1333,$3081,$130,$2920,$-282,$3759,$6839,$391,$101,$-26,$75,$-227,$0,$11,$-35,$-161,$300,$-90,$0,$-92,$0,$-0,$-0,$0,$-181,$529,$-577,$-49,$44,$44,$0,$2,$-3,$127,$32,$0
25,2012-06-30,37.19,$28.46,1.31,$84.47,0.44,$3.31,11.23,$2.85,13.05,$3.31B,$1.57B,2.1,$0.51B,$3.69B,0.14,$10.83B,$1.71B,15.76%,$10.83B,$0.58B,5.32%,$10.83B,$0.58B,5.32%,$10.83B,$0.68B,6.25%,$10.83B,$0.57B,5.24%,$10.83B,$0.37B,3.38%,$0.37B,$3.69B,10.44%,$0.37B,$1.70B,22.51%,$0.37B,$6.48B,5.82%,$0.58B,$4.20B,15.54%,$2773,$2340,$433,$0,$280,$2620,$153,$-2,$151,$50,$101,$101,$98,$178,$153,$128,129,$0.77,$0.76,$899,$0,$0,$3305,$311,$0,$1993,$873,$3177,$6483,$1571,$511,$0,$1221,$2792,$130,$2812,$-220,$3690,$6483,$280,$75,$-36,$40,$-150,$0,$-13,$-28,$-172,$142,$-70,$0,$-73,$0,$-1,$-1,$0,$-144,$529,$-576,$-47,$33,$33,$0,$2,$-11,$-7,$24,$0
26,2012-03-31,43.59,$27.63,1.58,$84.46,0.52,$3.10,14.08,$2.80,15.57,$3.27B,$1.83B,1.79,$0.29B,$3.56B,0.08,$10.80B,$1.69B,15.62%,$10.80B,$0.56B,5.20%,$10.80B,$0.56B,5.20%,$10.80B,$0.66B,6.15%,$10.80B,$0.56B,5.17%,$10.80B,$0.36B,3.32%,$0.36B,$3.56B,10.64%,$0.36B,$1.69B,23.10%,$0.36B,$6.33B,5.81%,$0.56B,$3.85B,16.31%,$2703,$2277,$426,$0,$293,$2570,$133,$-1,$132,$45,$87,$87,$84,$158,$133,$127,129,$0.66,$0.65,$922,$0,$0,$3265,$297,$0,$1878,$892,$3067,$6332,$1829,$285,$0,$940,$2769,$129,$2719,$-218,$3562,$6332,$179,$51,$-45,$6,$-75,$0,$-19,$23,$-60,$122,$-38,$0,$-69,$0,$-1,$-1,$0,$-108,$285,$-320,$-35,$21,$21,$0,$5,$-9,$16,$16,$0
27,2011-12-31,39.87,$26.89,1.48,$83.54,0.48,$2.82,14.14,$2.78,14.34,$3.16B,$2.02B,1.56,$0.00B,$3.45B,0.0,$10.66B,$1.65B,15.48%,$10.66B,$0.56B,5.23%,$10.66B,$0.56B,5.23%,$10.66B,$0.66B,6.17%,$10.66B,$0.55B,5.18%,$10.66B,$0.36B,3.33%,$0.36B,$3.45B,10.94%,$0.36B,$1.67B,24.27%,$0.36B,$6.13B,5.92%,$0.56B,$3.45B,16.67%,$2632,$2211,$421,$0,$279,$2490,$142,$-2,$140,$48,$91,$91,$90,$167,$142,$127,128,$0.71,$0.70,$959,$0,$0,$3159,$291,$0,$1781,$896,$2968,$6126,$2023,$0,$0,$650,$2674,$128,$2648,$-224,$3453,$6126,$91,$25,$-38,$-13,$46,$0,$-49,$36,$66,$146,$-20,$0,$-66,$0,$-0,$-0,$0,$-86,$0,$-23,$-23,$10,$10,$0,$1,$-12,$54,$8,$0
28,2011-09-30,31.72,$26.01,1.22,$81.60,0.39,$2.94,10.77,$2.60,12.2,$3.18B,$2.17B,1.47,$0.00B,$3.32B,0.0,$10.38B,$1.56B,15.03%,$10.38B,$0.52B,5.00%,$10.38B,$0.52B,5.00%,$10.38B,$0.62B,5.92%,$10.38B,$0.52B,4.97%,$10.38B,$0.33B,3.19%,$0.33B,$3.32B,10.61%,$0.33B,$1.45B,22.17%,$0.33B,$6.20B,5.81%,$0.52B,$3.33B,16.12%,$2723,$2297,$427,$0,$279,$2575,$148,$-3,$145,$50,$95,$95,$94,$174,$148,$126,127,$0.74,$0.74,$906,$0,$0,$3180,$285,$0,$1873,$862,$3019,$6199,$2169,$2,$0,$707,$2876,$128,$2564,$-238,$3323,$6199,$335,$95,$-3,$92,$-234,$0,$-16,$-1,$-183,$236,$-95,$0,$-711,$5,$-0,$4,$0,$-802,$586,$-82,$504,$46,$46,$0,$7,$557,$-33,$29,$0
29,2011-06-30,42.49,$24.74,1.72,$78.83,0.54,$3.33,12.75,$2.47,17.2,$3.13B,$2.13B,1.47,$0.00B,$3.15B,0.0,$10.00B,$1.48B,14.81%,$10.00B,$0.49B,4.91%,$10.00B,$0.49B,4.91%,$10.00B,$0.58B,5.83%,$10.00B,$0.49B,4.91%,$10.00B,$0.31B,3.14%,$0.31B,$3.15B,10.45%,$0.31B,$1.41B,20.04%,$0.31B,$6.04B,5.91%,$0.49B,$3.16B,15.82%,$2744,$2331,$413,$0,$273,$2605,$139,$2,$141,$49,$92,$92,$91,$165,$139,$126,128,$0.72,$0.71,$774,$0,$0,$3125,$293,$0,$1744,$877,$2915,$6039,$2130,$2,$0,$756,$2886,$127,$2470,$-296,$3153,$6039,$240,$69,$-16,$53,$-256,$0,$-43,$4,$-161,$124,$-81,$0,$-711,$0,$4,$4,$4,$-783,$587,$-128,$458,$36,$36,$0,$7,$501,$-165,$21,$0
30,2011-03-31,50.52,$24.06,2.1,$77.22,0.65,$4.66,10.85,$1.91,26.45,$2.93B,$1.49B,1.97,$0.38B,$3.05B,0.13,$9.77B,$1.34B,13.72%,$9.77B,$0.40B,4.07%,$9.77B,$0.40B,4.07%,$9.77B,$0.48B,4.96%,$9.77B,$0.39B,3.96%,$9.77B,$0.24B,2.48%,$0.24B,$3.05B,8.28%,$0.24B,$1.32B,14.76%,$0.24B,$5.64B,4.87%,$0.40B,$3.43B,13.15%,$2558,$2169,$389,$0,$261,$2430,$128,$-2,$126,$45,$81,$81,$80,$152,$128,$125,127,$0.64,$0.63,$748,$0,$0,$2934,$235,$0,$1732,$738,$2704,$5638,$1486,$380,$0,$1102,$2588,$127,$2387,$-285,$3049,$5638,$148,$44,$1,$45,$-151,$0,$-55,$31,$-128,$64,$-16,$0,$-618,$0,$5,$5,$1,$-628,$373,$-26,$347,$22,$22,$0,$4,$373,$-191,$13,$0
31,2010-12-31,45.04,$23.40,1.92,$77.74,0.58,$5.12,8.79,$1.90,23.71,$2.84B,$1.26B,2.26,$0.01B,$2.96B,0.0,$9.79B,$1.31B,13.42%,$9.79B,$0.39B,3.99%,$9.79B,$0.39B,3.99%,$9.79B,$0.48B,4.86%,$9.79B,$0.38B,3.90%,$9.79B,$0.24B,2.45%,$0.24B,$2.96B,8.38%,$0.24B,$1.79B,13.86%,$0.24B,$4.91B,5.08%,$0.39B,$2.97B,13.64%,$2356,$2025,$331,$0,$227,$2253,$104,$0,$104,$37,$67,$67,$66,$124,$104,$125,127,$0.53,$0.52,$1040,$0,$0,$2837,$207,$0,$1161,$701,$2069,$4907,$1255,$12,$0,$697,$1952,$126,$2317,$-281,$2955,$4907,$67,$20,$14,$35,$57,$0,$-28,$8,$46,$146,$-5,$0,$-58,$0,$-0,$-0,$2,$-61,$11,$-8,$4,$11,$11,$0,$0,$15,$101,$7,$0
32,2010-09-30,38.02,$22.75,1.67,$78.91,0.48,$5.96,6.38,$1.96,19.4,$2.77B,$1.24B,2.23,$0.00B,$2.87B,0.0,$9.92B,$1.33B,13.43%,$9.92B,$0.40B,4.03%,$9.92B,$0.40B,4.03%,$9.92B,$0.49B,4.92%,$9.92B,$0.39B,3.94%,$9.92B,$0.25B,2.48%,$0.25B,$2.87B,8.77%,$0.25B,$1.75B,14.64%,$0.25B,$4.68B,5.27%,$0.40B,$2.87B,14.26%,$2343,$1995,$348,$0,$229,$2224,$120,$1,$120,$43,$77,$77,$77,$142,$120,$124,126,$0.61,$0.61,$939,$0,$0,$2767,$215,$0,$1119,$583,$1917,$4684,$1239,$1,$0,$580,$1819,$126,$2251,$-286,$2865,$4684,$246,$88,$49,$138,$-3,$0,$-47,$-43,$-161,$224,$-35,$0,$-259,$0,$-107,$-107,$2,$-398,$-0,$58,$58,$36,$36,$0,$-1,$93,$-95,$24,$0
33,2010-06-30,35.8,$22.43,1.6,$80.78,0.44,$8.30,4.31,$1.98,18.08,$2.77B,$1.37B,2.03,$0.00B,$2.82B,0.0,$10.13B,$1.33B,13.15%,$10.13B,$0.40B,3.97%,$10.13B,$0.40B,3.97%,$10.13B,$0.50B,4.92%,$10.13B,$0.40B,3.90%,$10.13B,$0.25B,2.45%,$0.25B,$2.82B,9.03%,$0.25B,$1.70B,14.85%,$0.25B,$4.66B,5.38%,$0.40B,$2.82B,14.64%,$2508,$2236,$272,$0,$227,$2463,$45,$-8,$37,$18,$19,$19,$19,$66,$45,$124,126,$0.15,$0.15,$942,$0,$0,$2773,$220,$0,$1118,$549,$1888,$4661,$1367,$1,$0,$476,$1843,$126,$2174,$-241,$2818,$4661,$169,$66,$19,$85,$-33,$0,$-61,$0,$-17,$237,$-27,$0,$-259,$0,$-105,$-105,$-5,$-397,$-0,$77,$77,$28,$28,$0,$-3,$102,$-92,$18,$0
34,2010-03-31,44.39,$22.52,1.97,$82.57,0.54,$10.13,4.38,$2.59,17.14,$2.71B,$1.35B,2.0,$0.00B,$2.81B,0.0,$10.33B,$1.43B,13.87%,$10.33B,$0.50B,4.88%,$10.33B,$0.50B,4.88%,$10.33B,$0.60B,5.79%,$10.33B,$0.51B,4.90%,$10.33B,$0.32B,3.14%,$0.32B,$2.81B,12.02%,$0.32B,$1.69B,19.43%,$0.32B,$4.65B,7.13%,$0.50B,$2.81B,18.67%,$2587,$2224,$363,$0,$241,$2465,$122,$-1,$121,$44,$78,$78,$78,$144,$122,$124,126,$0.63,$0.62,$839,$0,$0,$2710,$224,$0,$1126,$591,$1940,$4651,$1353,$1,$0,$486,$1839,$125,$2157,$-210,$2812,$4651,$150,$45,$11,$56,$-54,$0,$-33,$10,$-89,$117,$-11,$0,$-262,$0,$-122,$-122,$-11,$-406,$-0,$79,$79,$18,$18,$0,$-4,$93,$-195,$12,$0
35,2009-12-31,36.95,$21.87,1.69,$85.90,0.43,$10.63,3.48,$2.85,12.96,$2.77B,$1.45B,1.91,$0.00B,$2.72B,0.0,$10.71B,$1.47B,13.75%,$10.71B,$0.55B,5.16%,$10.71B,$0.55B,5.16%,$10.71B,$0.64B,6.00%,$10.71B,$0.56B,5.19%,$10.71B,$0.36B,3.31%,$0.36B,$2.72B,13.59%,$0.36B,$1.59B,21.71%,$0.36B,$4.68B,8.01%,$0.55B,$2.72B,21.09%,$2478,$2129,$349,$0,$236,$2364,$113,$-0,$113,$41,$72,$72,$72,$136,$113,$124,125,$0.59,$0.58,$1055,$0,$0,$2773,$222,$0,$1133,$553,$1908,$4681,$1450,$1,$0,$507,$1957,$125,$2081,$-206,$2723,$4681,$72,$23,$5,$28,$110,$0,$-13,$24,$140,$240,$4,$0,$-220,$0,$-113,$-113,$2,$-327,$-0,$98,$97,$8,$8,$0,$2,$107,$21,$6,$0
36,2009-09-30,45.14,$21.18,2.13,$92.20,0.49,$10.17,4.44,$3.21,14.06,$2.82B,$1.30B,2.18,$0.00B,$2.63B,0.0,$11.47B,$1.56B,13.61%,$11.47B,$0.62B,5.42%,$11.47B,$0.62B,5.42%,$11.47B,$0.71B,6.16%,$11.47B,$0.63B,5.45%,$11.47B,$0.40B,3.48%,$0.40B,$2.63B,15.84%,$0.40B,$1.70B,25.00%,$0.40B,$4.43B,9.21%,$0.62B,$2.63B,24.46%,$2553,$2205,$348,$0,$226,$2430,$122,$2,$124,$45,$79,$79,$79,$152,$122,$123,125,$0.65,$0.63,$1034,$0,$0,$2818,$240,$0,$930,$440,$1610,$4429,$1296,$1,$0,$501,$1797,$124,$2009,$-212,$2631,$4429,$399,$86,$18,$104,$301,$0,$-118,$10,$27,$532,$-53,$0,$-23,$0,$-32,$-32,$16,$-93,$-46,$16,$-30,$43,$43,$0,$-52,$-39,$429,$24,$0
37,2009-06-30,41.35,$21.10,1.96,$97.40,0.42,$7.92,5.22,$3.50,11.81,$2.89B,$1.43B,2.03,$0.01B,$2.62B,0.01,$12.11B,$1.67B,13.81%,$12.11B,$0.68B,5.60%,$12.11B,$0.68B,5.60%,$12.11B,$0.75B,6.22%,$12.11B,$0.68B,5.61%,$12.11B,$0.43B,3.58%,$0.43B,$2.62B,17.91%,$0.43B,$1.69B,28.92%,$0.43B,$4.43B,10.10%,$0.68B,$2.63B,27.60%,$2707,$2335,$372,$0,$225,$2560,$147,$1,$148,$53,$95,$95,$95,$166,$147,$123,125,$0.77,$0.76,$1059,$0,$0,$2893,$243,$0,$922,$367,$1532,$4426,$1426,$13,$0,$385,$1811,$124,$1938,$-133,$2615,$4426,$321,$57,$12,$69,$247,$0,$-104,$26,$92,$481,$-45,$0,$-1,$0,$-30,$-30,$21,$-54,$-34,$31,$-3,$32,$32,$0,$-2,$27,$455,$18,$0
38,2009-03-31,37.98,$20.07,1.89,$99.13,0.38,$5.12,7.41,$3.61,10.52,$2.69B,$1.33B,2.02,$0.03B,$2.48B,0.01,$12.32B,$1.75B,14.22%,$12.32B,$0.70B,5.68%,$12.32B,$0.70B,5.68%,$12.32B,$0.78B,6.29%,$12.32B,$0.70B,5.70%,$12.32B,$0.45B,3.64%,$0.45B,$2.48B,19.25%,$0.45B,$1.56B,31.55%,$0.45B,$4.18B,10.68%,$0.70B,$2.50B,29.57%,$2975,$2572,$404,$0,$233,$2805,$171,$-0,$171,$61,$109,$109,$109,$189,$171,$123,124,$0.89,$0.88,$773,$0,$0,$2691,$244,$0,$921,$325,$1491,$4182,$1334,$25,$0,$371,$1705,$123,$1845,$-158,$2477,$4182,$226,$37,$4,$42,$103,$0,$-83,$21,$-66,$201,$-35,$0,$-1,$0,$-5,$-5,$24,$-17,$-19,$0,$-19,$22,$22,$0,$-4,$-0,$168,$12,$0
39,2008-12-31,47.25,$19.13,2.47,$96.64,0.49,$3.49,13.54,$3.53,13.39,$2.80B,$1.56B,1.8,$0.04B,$2.35B,0.02,$12.01B,$1.78B,14.85%,$12.01B,$0.68B,5.69%,$12.01B,$0.68B,5.69%,$12.01B,$0.76B,6.31%,$12.01B,$0.69B,5.71%,$12.01B,$0.44B,3.65%,$0.44B,$2.35B,19.60%,$0.44B,$1.43B,32.48%,$0.44B,$4.30B,10.63%,$0.68B,$2.39B,30.00%,$3233,$2795,$437,$0,$256,$3052,$181,$1,$182,$65,$116,$116,$116,$200,$181,$122,124,$0.95,$0.94,$788,$0,$0,$2803,$248,$0,$922,$327,$1497,$4300,$1555,$40,$0,$391,$1946,$123,$1736,$-154,$2354,$4300,$116,$19,$8,$27,$24,$0,$-36,$72,$60,$203,$-19,$0,$-1,$0,$-3,$-3,$7,$-15,$-5,$1,$-3,$10,$10,$0,$-0,$7,$183,$6,$0
40,2008-09-30,53.35,$18.30,2.92,$90.49,0.59,$1.67,31.9,$3.38,15.79,$2.75B,$1.58B,1.74,$0.06B,$2.25B,0.03,$11.25B,$1.74B,15.42%,$11.25B,$0.64B,5.71%,$11.25B,$0.64B,5.71%,$11.25B,$0.72B,6.36%,$11.25B,$0.66B,5.85%,$11.25B,$0.42B,3.73%,$0.42B,$2.25B,19.58%,$0.42B,$1.32B,32.63%,$0.42B,$4.28B,10.60%,$0.64B,$2.30B,29.42%,$3197,$2736,$460,$0,$281,$3018,$179,$1,$179,$64,$115,$115,$114,$198,$179,$121,124,$0.94,$0.92,$604,$0,$0,$2750,$256,$0,$924,$348,$1528,$4278,$1577,$56,$0,$456,$2033,$123,$1621,$-129,$2245,$4278,$421,$73,$-35,$38,$-277,$0,$46,$-27,$-146,$313,$-114,$0,$-264,$0,$7,$7,$-39,$-410,$18,$-7,$11,$46,$46,$0,$41,$99,$-9,$21,$0
41,2008-06-30,79.28,$18.24,4.35,$83.44,0.95,$2.51,31.61,$3.14,25.25,$2.58B,$1.48B,1.74,$0.04B,$2.23B,0.02,$10.34B,$1.61B,15.55%,$10.34B,$0.59B,5.74%,$10.34B,$0.59B,5.74%,$10.34B,$0.66B,6.40%,$10.34B,$0.61B,5.90%,$10.34B,$0.39B,3.77%,$0.39B,$2.23B,19.08%,$0.39B,$1.37B,30.93%,$0.39B,$4.02B,10.43%,$0.59B,$2.27B,28.50%,$2919,$2467,$452,$0,$283,$2750,$169,$1,$170,$61,$109,$109,$109,$188,$169,$121,125,$0.89,$0.87,$536,$0,$0,$2575,$251,$0,$864,$331,$1446,$4022,$1479,$38,$0,$310,$1789,$122,$1506,$-3,$2233,$4022,$306,$54,$-36,$18,$-171,$0,$-11,$-11,$-151,$173,$-87,$0,$-236,$0,$18,$18,$-15,$-321,$-2,$-7,$-9,$34,$34,$0,$36,$62,$-77,$15,$0
42,2008-03-31,72.29,$17.32,4.17,$77.03,0.94,$2.91,24.85,$2.88,25.1,$2.45B,$1.45B,1.69,$0.03B,$2.11B,0.02,$9.50B,$1.47B,15.49%,$9.50B,$0.54B,5.68%,$9.50B,$0.54B,5.68%,$9.50B,$0.60B,6.36%,$9.50B,$0.56B,5.86%,$9.50B,$0.36B,3.75%,$0.36B,$2.11B,18.69%,$0.36B,$1.27B,30.11%,$0.36B,$3.88B,10.09%,$0.54B,$2.14B,27.72%,$2665,$2230,$435,$0,$280,$2511,$154,$1,$155,$56,$99,$99,$99,$172,$154,$121,124,$0.82,$0.80,$393,$0,$0,$2445,$224,$0,$838,$370,$1432,$3877,$1450,$33,$0,$318,$1768,$122,$1418,$-1,$2109,$3877,$198,$34,$-29,$5,$-198,$0,$-31,$26,$-197,$6,$-43,$0,$-231,$0,$14,$14,$-5,$-264,$-8,$-6,$-14,$23,$23,$0,$22,$31,$-221,$10,$0
43,2007-12-31,93.93,$16.42,5.72,$72.76,1.29,$3.93,23.87,$2.63,35.71,$2.29B,$1.37B,1.67,$0.04B,$1.99B,0.02,$8.93B,$1.33B,14.87%,$8.93B,$0.49B,5.47%,$8.93B,$0.49B,5.47%,$8.93B,$0.55B,6.14%,$8.93B,$0.51B,5.68%,$8.93B,$0.32B,3.63%,$0.32B,$1.99B,18.28%,$0.32B,$1.19B,29.09%,$0.32B,$3.67B,9.78%,$0.49B,$2.03B,26.74%,$2472,$2084,$388,$0,$247,$2331,$141,$12,$154,$55,$98,$98,$98,$158,$141,$120,124,$0.82,$0.79,$399,$0,$0,$2287,$212,$0,$803,$364,$1380,$3667,$1366,$37,$0,$310,$1677,$121,$1340,$-5,$1991,$3667,$98,$17,$-20,$-4,$-90,$0,$-33,$24,$-118,$-23,$-18,$0,$-200,$0,$15,$15,$0,$-202,$-4,$-6,$-10,$10,$10,$0,$11,$10,$-215,$5,$0
44,2007-09-30,74.25,$15.34,4.84,$69.48,1.07,$4.76,15.61,$2.35,31.66,$2.28B,$1.28B,1.79,$0.04B,$1.84B,0.02,$8.48B,$1.21B,14.29%,$8.48B,$0.44B,5.20%,$8.48B,$0.44B,5.20%,$8.48B,$0.50B,5.86%,$8.48B,$0.45B,5.30%,$8.48B,$0.29B,3.39%,$0.29B,$1.84B,17.40%,$0.29B,$1.22B,27.39%,$0.29B,$3.39B,9.14%,$0.44B,$1.88B,25.69%,$2280,$1948,$332,$0,$203,$2151,$129,$2,$131,$47,$84,$84,$84,$144,$129,$119,122,$0.70,$0.68,$613,$0,$0,$2278,$192,$0,$627,$292,$1111,$3389,$1276,$40,$0,$269,$1546,$120,$1272,$-9,$1844,$3389,$287,$56,$-9,$47,$-102,$0,$-55,$116,$26,$361,$-63,$0,$-89,$0,$-3,$-3,$-11,$-166,$-42,$-14,$-56,$35,$35,$0,$1,$-20,$179,$18,$0
45,2007-06-30,56.5,$13.97,4.05,$67.27,0.84,$3.74,15.1,$2.15,26.28,$2.03B,$1.11B,1.83,$0.07B,$1.68B,0.04,$8.17B,$1.13B,13.85%,$8.17B,$0.40B,4.86%,$8.17B,$0.40B,4.86%,$8.17B,$0.45B,5.52%,$8.17B,$0.41B,4.98%,$8.17B,$0.26B,3.21%,$0.26B,$1.68B,16.97%,$0.26B,$1.06B,27.28%,$0.26B,$3.18B,8.71%,$0.40B,$1.74B,24.49%,$2084,$1767,$317,$0,$201,$1968,$116,$1,$117,$42,$75,$75,$75,$130,$116,$119,123,$0.63,$0.61,$473,$0,$0,$2029,$190,$0,$620,$337,$1146,$3175,$1109,$66,$0,$391,$1500,$120,$1192,$-68,$1675,$3175,$203,$41,$-1,$40,$-61,$0,$-97,$84,$-64,$180,$-46,$0,$-86,$0,$-0,$-0,$-7,$-138,$-17,$-14,$-31,$25,$25,$0,$5,$-1,$39,$14,$0
46,2007-03-31,45.83,$13.27,3.45,$66.24,0.69,$3.13,14.63,$1.96,23.38,$1.95B,$1.07B,1.82,$0.07B,$1.58B,0.04,$8.02B,$1.06B,13.20%,$8.02B,$0.36B,4.50%,$8.02B,$0.36B,4.50%,$8.02B,$0.41B,5.15%,$8.02B,$0.37B,4.60%,$8.02B,$0.24B,2.97%,$0.24B,$1.58B,16.32%,$0.24B,$1.00B,26.72%,$0.24B,$3.03B,8.16%,$0.36B,$1.65B,23.40%,$2092,$1801,$291,$0,$188,$1989,$102,$3,$105,$38,$67,$67,$67,$116,$102,$118,122,$0.57,$0.55,$481,$0,$0,$1949,$185,$0,$583,$310,$1079,$3027,$1070,$70,$0,$378,$1448,$119,$1134,$-76,$1579,$3027,$128,$27,$-2,$25,$-53,$0,$-87,$66,$-32,$121,$-32,$0,$-40,$0,$-5,$-5,$-1,$-78,$-9,$-14,$-24,$15,$15,$0,$14,$5,$47,$10,$0
47,2006-12-31,40.05,$12.67,3.16,$64.30,0.62,$3.22,12.44,$1.78,22.5,$1.91B,$1.06B,1.81,$0.10B,$1.50B,0.06,$7.76B,$0.99B,12.80%,$7.76B,$0.33B,4.23%,$7.76B,$0.33B,4.23%,$7.76B,$0.38B,4.89%,$7.76B,$0.33B,4.31%,$7.76B,$0.22B,2.78%,$0.22B,$1.50B,15.61%,$0.22B,$0.92B,26.22%,$0.22B,$2.97B,7.64%,$0.33B,$1.59B,22.22%,$2019,$1747,$271,$0,$177,$1924,$94,$1,$96,$34,$61,$61,$61,$107,$94,$118,121,$0.52,$0.51,$485,$0,$0,$1912,$178,$0,$575,$307,$1061,$2972,$1056,$95,$0,$417,$1474,$59,$1085,$-78,$1499,$2972,$61,$13,$4,$17,$-22,$0,$-44,$47,$-5,$75,$-15,$0,$-24,$0,$3,$3,$-1,$-37,$17,$-14,$2,$7,$7,$0,$5,$14,$50,$5,$0
