,Date,Stock Price,Book Value per Share,Price to Book Ratio,TTM Sales per Share,Price to Sales Ratio,TTM FCF per Share,Price to FCF Ratio,TTM Net EPS,PE Ratio,Current Assets,Current Liabilities,Current Ratio,Long Term Debt,Shareholder's Equity_x,Debt to Equity Ratio,TTM Revenue_x,TTM Gross Profit,Gross Margin,TTM Revenue_y,TTM Operating Income,Operating Margin,TTM Revenue_x,TTM EBIT,EBIT Margin,TTM Revenue_y,TTM EBITDA,EBITDA Margin,TTM Revenue_x,TTM Pre-Tax Income,Pre-Tax Margin,TTM Revenue_y,TTM Net Income_x,Net Margin,TTM Net Income_y,Shareholder's Equity_y,Return on Equity,TTM Net Income_x,Tangible Equity,Return on Tangible Equity,TTM Net Income_y,Total Assets,Return on Assets,TTM Net Income,LT Investments & Debt,Return on Investment,revenue,cost-goods-sold,gross-profit,research-development-expenses,selling-general-administrative-expenses,operating-expenses,operating-income,total-non-operating-income-expense,pre-tax-income,total-provision-income-taxes,income-after-taxes,income-from-continuous-operations,net-income,ebitda,ebit,basic-shares-outstanding,shares-outstanding,eps-basic-net-earnings-per-share,eps-earnings-per-share-diluted,cash-on-hand,inventory,other-current-assets,total-current-assets,net-property-plant-equipment,long-term-investments,goodwill-intangible-assets-total,other-long-term-assets,total-long-term-assets,total-assets,total-current-liabilities,long-term-debt,other-non-current-liabilities,total-long-term-liabilities,total-liabilities,common-stock-net,retained-earnings-accumulated-deficit,comprehensive-income,total-share-holder-equity,total-liabilities-share-holders-equity,net-income-loss,total-depreciation-amortization-cash-flow,other-non-cash-items,total-non-cash-items,change-in-accounts-receivable,change-in-inventories,change-in-accounts-payable,change-in-assets-liabilities,total-change-in-assets-liabilities,cash-flow-from-operating-activities,net-change-in-property-plant-equipment,net-change-in-intangible-assets,net-acquisitions-divestitures,net-change-in-short-term-investments,net-change-in-long-term-investments,net-change-in-investments-total,investing-activities-other,cash-flow-from-investing-activities,net-long-term-debt,net-current-debt,debt-issuance-retirement-net-total,net-common-equity-issued-repurchased,net-total-equity-issued-repurchased,total-common-preferred-stock-dividends-paid,financial-activities-other,cash-flow-from-financial-activities,net-cash-flow,stock-based-compensation,common-stock-dividends-paid
0,2018-09-30,15.26,$2.15,7.11,$5.23,2.92,$0.64,23.98,$0.25,61.04,$0.78B,$0.47B,1.65,$1.37B,$0.95B,1.44,$2.32B,$0.80B,34.61%,$2.32B,$0.28B,12.04%,$2.32B,$0.28B,12.04%,$2.32B,$0.39B,16.62%,$2.32B,$0.22B,9.32%,$2.32B,$0.18B,7.90%,$0.18B,$0.95B,50.52%,$0.18B,$0.56B,114.02%,$0.18B,$4.00B,5.84%,$0.28B,$2.32B,21.16%,$645,$438,$207,$10,$99,$545,$100,$-12,$87,$18,$70,$70,$70,$130,$100,$442,443,$0.16,$0.16,$220,$288,$2,$779,$1293,$0,$390,$30,$3218,$3997,$473,$1370,$1122,$2575,$3048,$230,$553,$-25,$949,$3997,$160,$59,$6,$65,$1,$3,$0,$-71,$-41,$184,$-140,$0,$-559,$-51,$0,$-51,$-3,$-752,$20,$492,$512,$0,$0,$-129,$0,$384,$-180,$6,$-129
1,2018-06-30,16.91,$2.00,8.46,$4.97,3.4,$0.72,23.36,$0.40,42.28,$0.77B,$1.06B,0.73,$0.79B,$0.88B,0.89,$2.20B,$0.78B,35.58%,$2.20B,$0.28B,12.60%,$2.20B,$0.28B,12.60%,$2.20B,$0.38B,17.11%,$2.20B,$0.22B,9.96%,$2.20B,$0.18B,8.14%,$0.18B,$0.88B,239.46%,$0.18B,$0.48B,-606.78%,$0.18B,$3.99B,6.74%,$0.28B,$1.67B,32.27%,$651,$430,$221,$9,$105,$519,$132,$-10,$122,$31,$91,$91,$91,$160,$132,$442,443,$0.21,$0.20,$227,$288,$2,$772,$1258,$0,$400,$31,$3215,$3987,$1055,$785,$1180,$2049,$3104,$230,$483,$-19,$883,$3987,$91,$28,$-2,$27,$15,$4,$0,$-39,$-4,$113,$-74,$0,$-559,$0,$38,$38,$-2,$-596,$-100,$492,$392,$0,$0,$0,$0,$392,$-87,$4,$0
2,2018-03-31,17.58,$-0.50,-35.04,$4.65,3.78,$0.73,24.02,$0.85,20.68,$0.84B,$0.40B,2.14,$0.88B,$-0.22B,-3.99,$2.06B,$0.73B,35.52%,$2.06B,$0.23B,11.14%,$2.06B,$0.23B,11.14%,$2.06B,$0.32B,15.67%,$2.06B,$0.17B,8.47%,$2.06B,$0.15B,7.06%,$0.15B,$-0.22B,-67.76%,$0.15B,$-0.24B,-66.44%,$0.15B,$2.35B,6.72%,$0.23B,$0.66B,45.03%,$526,$335,$191,$9,$85,$622,$-96,$-7,$-103,$-46,$-58,$-58,$-58,$-72,$-96,$441,442,$-0.13,$-0.13,$352,$256,$2,$843,$992,$0,$17,$34,$1508,$2351,$395,$884,$1227,$2178,$2573,$230,$-635,$-1,$-222,$2351,$146,$92,$149,$241,$-2,$-52,$0,$-52,$-92,$295,$-196,$0,$0,$0,$0,$0,$-5,$-201,$325,$0,$325,$0,$0,$-178,$-35,$113,$203,$11,$-178
3,2017-12-31,17.31,$-0.36,-47.48,$4.57,3.78,$0.94,18.5,$1.49,11.62,$0.76B,$0.44B,1.76,$0.78B,$-0.16B,-4.87,$2.02B,$0.70B,34.60%,$2.02B,$0.40B,19.92%,$2.02B,$0.40B,19.92%,$2.02B,$0.49B,24.37%,$2.02B,$0.35B,17.20%,$2.02B,$0.25B,12.26%,$0.25B,$-0.16B,-117.26%,$0.25B,$-0.16B,-117.26%,$0.25B,$2.21B,11.96%,$0.40B,$0.62B,93.56%,$495,$312,$183,$8,$78,$351,$144,$-34,$110,$30,$80,$80,$80,$167,$144,$441,442,$0.18,$0.18,$327,$252,$3,$763,$960,$0,$0,$64,$1445,$2209,$435,$784,$1082,$1935,$2370,$230,$-578,$5,$-161,$2209,$204,$69,$-10,$59,$44,$-48,$0,$-33,$-23,$239,$-141,$0,$0,$0,$0,$0,$-3,$-144,$225,$0,$225,$0,$0,$-131,$-33,$61,$152,$8,$-131
4,2017-09-30,13.74,$-0.45,-30.22,$4.48,3.07,$1.18,11.62,$1.51,9.1,$0.66B,$0.38B,1.74,$0.68B,$-0.20B,-3.39,$1.98B,$0.67B,33.91%,$1.98B,$0.37B,18.57%,$1.98B,$0.37B,18.57%,$1.98B,$0.46B,23.06%,$1.98B,$0.34B,17.20%,$1.98B,$0.26B,12.92%,$0.26B,$-0.20B,-107.23%,$0.26B,$-0.20B,-107.23%,$0.26B,$2.08B,12.80%,$0.37B,$0.48B,110.76%,$526,$339,$187,$9,$75,$429,$97,$-7,$90,$24,$66,$66,$66,$121,$97,$441,442,$0.15,$0.15,$204,$231,$3,$659,$922,$0,$0,$59,$1422,$2081,$379,$681,$1122,$1903,$2282,$229,$-613,$5,$-201,$2081,$124,$45,$26,$71,$10,$-27,$0,$-27,$-37,$158,$-76,$0,$0,$-78,$0,$-78,$-2,$-156,$63,$0,$63,$0,$0,$-131,$0,$-68,$-67,$4,$-131
5,2017-06-30,15.41,$-0.62,-24.95,$4.40,3.5,$1.21,12.74,$1.49,10.34,$0.59B,$0.50B,1.18,$0.54B,$-0.27B,-1.98,$1.95B,$0.67B,34.17%,$1.95B,$0.36B,18.44%,$1.95B,$0.36B,18.44%,$1.95B,$0.45B,22.80%,$1.95B,$0.33B,17.06%,$1.95B,$0.25B,12.65%,$0.25B,$-0.27B,-93.38%,$0.25B,$-0.27B,-93.38%,$0.25B,$1.99B,12.49%,$0.36B,$0.27B,124.35%,$508,$339,$169,$8,$74,$424,$84,$-7,$77,$20,$57,$57,$57,$106,$84,$441,442,$0.13,$0.13,$154,$215,$3,$593,$902,$0,$0,$59,$1400,$1994,$503,$540,$1125,$1763,$2266,$229,$-679,$1,$-272,$1994,$57,$22,$12,$34,$12,$-11,$0,$-25,$-8,$83,$-40,$0,$0,$0,$0,$0,$-1,$-41,$-77,$0,$-77,$0,$0,$0,$0,$-77,$-39,$3,$0
6,2017-03-31,15.15,$-0.48,-31.48,$4.32,3.51,$1.33,11.4,$1.79,8.47,$0.63B,$0.43B,1.47,$0.57B,$-0.21B,-2.66,$1.92B,$0.68B,35.12%,$1.92B,$0.39B,20.50%,$1.92B,$0.39B,20.50%,$1.92B,$0.48B,24.77%,$1.92B,$0.37B,19.09%,$1.92B,$0.28B,14.41%,$0.28B,$-0.21B,-104.92%,$0.28B,$-0.21B,-104.92%,$0.28B,$2.01B,14.03%,$0.39B,$0.35B,155.73%,$494,$334,$161,$8,$76,$416,$78,$-7,$71,$27,$45,$45,$45,$99,$78,$443,444,$0.09,$0.10,$193,$203,$3,$632,$879,$0,$0,$60,$1381,$2013,$429,$565,$1137,$1796,$2225,$229,$-613,$-2,$-212,$2013,$277,$83,$-86,$-3,$-28,$-10,$0,$17,$18,$292,$-102,$0,$-5,$0,$0,$0,$-2,$-109,$62,$0,$62,$-100,$-100,$-177,$1,$-213,$-28,$9,$-177
7,2016-12-31,15.25,$-0.61,-24.92,$4.18,3.65,$1.34,11.36,$1.60,9.53,$0.50B,$0.45B,1.12,$0.50B,$-0.27B,-1.85,$1.86B,$0.67B,36.16%,$1.86B,$0.37B,19.96%,$1.86B,$0.37B,19.96%,$1.86B,$0.46B,24.57%,$1.86B,$0.34B,18.45%,$1.86B,$0.26B,14.00%,$0.26B,$-0.27B,-97.66%,$0.26B,$-0.27B,-97.66%,$0.26B,$1.91B,13.19%,$0.37B,$0.23B,158.80%,$454,$299,$155,$7,$75,$345,$109,$-6,$103,$15,$88,$88,$88,$131,$109,$441,442,$0.20,$0.20,$117,$191,$4,$500,$840,$0,$0,$62,$1410,$1910,$445,$499,$1141,$1734,$2179,$229,$-657,$-13,$-270,$1910,$232,$63,$-45,$18,$28,$-0,$0,$-60,$16,$266,$-59,$0,$0,$0,$0,$0,$-2,$-60,$-3,$0,$-3,$-100,$-100,$-130,$1,$-231,$-19,$7,$-130
8,2016-09-30,14.99,$-0.69,-21.71,$4.08,3.67,$1.23,12.2,$1.46,10.27,$0.53B,$0.37B,1.43,$0.61B,$-0.30B,-2.02,$1.82B,$0.67B,36.68%,$1.82B,$0.32B,17.27%,$1.82B,$0.32B,17.27%,$1.82B,$0.40B,21.82%,$1.82B,$0.29B,15.79%,$1.82B,$0.20B,10.86%,$0.20B,$-0.30B,-99.12%,$0.20B,$-0.30B,-99.12%,$0.20B,$2.00B,13.19%,$0.32B,$0.31B,177.97%,$496,$314,$182,$7,$69,$407,$89,$-7,$82,$25,$57,$57,$57,$109,$89,$444,445,$0.13,$0.13,$134,$177,$4,$532,$853,$0,$0,$66,$1462,$1995,$372,$614,$1223,$1927,$2299,$229,$-701,$-0,$-304,$1995,$144,$40,$-37,$3,$1,$16,$0,$-53,$-16,$131,$-36,$0,$0,$0,$0,$0,$-1,$-37,$112,$0,$112,$-100,$-100,$-130,$1,$-117,$-22,$4,$-130
9,2016-06-30,14.62,$-0.61,-24.13,$3.98,3.68,$1.13,12.89,$1.62,9.02,$0.52B,$0.56B,0.94,$0.39B,$-0.27B,-1.45,$1.78B,$0.65B,36.67%,$1.78B,$0.39B,21.77%,$1.78B,$0.39B,21.77%,$1.78B,$0.47B,26.32%,$1.78B,$0.36B,20.25%,$1.78B,$0.27B,15.24%,$0.27B,$-0.27B,-142.82%,$0.27B,$-0.27B,-142.82%,$0.27B,$1.98B,18.10%,$0.39B,$0.12B,246.50%,$478,$301,$177,$8,$72,$360,$118,$-7,$111,$24,$87,$87,$87,$137,$118,$446,447,$0.20,$0.19,$120,$186,$4,$521,$856,$0,$0,$66,$1460,$1981,$556,$392,$1217,$1695,$2251,$231,$-664,$-5,$-270,$1981,$87,$20,$9,$28,$-1,$6,$0,$-29,$-0,$115,$-18,$0,$0,$0,$0,$0,$-1,$-18,$-110,$0,$-110,$0,$0,$0,$0,$-110,$-12,$3,$0
10,2016-03-31,12.75,$-0.51,-25.23,$3.87,3.3,$1.01,12.68,$0.80,15.94,$0.53B,$0.40B,1.34,$0.50B,$-0.23B,-2.23,$1.73B,$0.63B,36.63%,$1.73B,$0.35B,20.49%,$1.73B,$0.35B,20.49%,$1.73B,$0.43B,25.12%,$1.73B,$0.33B,19.10%,$1.73B,$0.24B,14.12%,$0.24B,$-0.23B,-115.50%,$0.24B,$-0.23B,-115.50%,$0.24B,$2.03B,16.04%,$0.35B,$0.28B,266.17%,$436,$276,$160,$8,$69,$380,$56,$-8,$48,$19,$29,$29,$29,$81,$56,$445,447,$0.07,$0.07,$129,$193,$4,$534,$867,$0,$0,$68,$1495,$2029,$400,$502,$1271,$1855,$2255,$231,$-622,$1,$-225,$2029,$244,$80,$57,$136,$-40,$16,$0,$-80,$-120,$260,$-63,$0,$-1,$0,$0,$0,$-3,$-67,$115,$0,$115,$-20,$-20,$-247,$-3,$-154,$40,$10,$-247
11,2015-12-31,11.86,$0.00,0.0,$3.78,3.13,$0.35,33.44,$0.54,21.95,$0.00B,$0.00B,0.0,$0.00B,$0.00B,0.0,$1.70B,$0.63B,36.76%,$1.70B,$0.34B,20.20%,$1.70B,$0.34B,20.20%,$1.70B,$0.42B,24.54%,$1.70B,$0.29B,17.03%,$1.70B,$0.24B,14.27%,$0.24B,$0.00B,-118.10%,$0.24B,$0.00B,-118.10%,$0.24B,$0.00B,15.93%,$0.34B,$0.00B,305.78%,$414,$264,$150,$7,$61,$362,$52,$-5,$47,$22,$25,$25,$25,$71,$52,$445,447,$0.06,$0.06,$0,$0,$0,$0,$0,$0,$0,$0,$0,$0,$0,$0,$0,$0,$0,$0,$0,$0,$0,$0,$216,$55,$-6,$50,$8,$14,$0,$-80,$-65,$201,$-42,$0,$-1,$0,$0,$0,$-3,$-45,$100,$0,$100,$-21,$-21,$-207,$-0,$-128,$28,$7,$-207
12,2015-09-30,11.17,$-0.59,-18.84,$3.73,3.0,$-0.31,0.0,$0.72,15.51,$0.52B,$0.44B,1.19,$0.49B,$-0.26B,-1.87,$1.68B,$0.61B,36.43%,$1.68B,$0.36B,21.71%,$1.68B,$0.36B,21.71%,$1.68B,$0.44B,26.00%,$1.68B,$0.37B,21.94%,$1.68B,$0.33B,19.44%,$0.33B,$-0.26B,-124.55%,$0.33B,$-0.26B,-124.55%,$0.33B,$1.98B,16.07%,$0.36B,$0.23B,236.36%,$450,$285,$165,$7,$63,$289,$161,$-7,$154,$24,$130,$130,$130,$179,$161,$445,447,$0.29,$0.29,$110,$188,$4,$522,$875,$0,$0,$73,$1456,$1978,$439,$493,$1220,$1803,$2242,$231,$-636,$-21,$-264,$1978,$190,$36,$-72,$-36,$-23,$19,$0,$-59,$-69,$86,$-32,$0,$-1,$0,$0,$0,$-2,$-34,$193,$0,$193,$-21,$-21,$-207,$3,$-32,$17,$6,$-207
13,2015-06-30,12.31,$0.00,0.0,$3.71,3.32,$-0.71,0.0,$0.72,17.1,$0.54B,$0.61B,0.89,$0.38B,$-0.36B,-1.07,$1.67B,$0.60B,35.81%,$1.67B,$0.35B,20.94%,$1.67B,$0.35B,20.94%,$1.67B,$0.42B,25.19%,$1.67B,$0.36B,21.54%,$1.67B,$0.32B,19.38%,$0.32B,$-0.36B,-120.75%,$0.32B,$-0.36B,-120.75%,$0.32B,$2.08B,15.74%,$0.35B,$0.03B,290.83%,$428,$271,$158,$7,$62,$344,$85,$-3,$81,$21,$60,$60,$60,$103,$85,$446,447,$0.13,$0.13,$107,$208,$70,$539,$0,$0,$0,$237,$642,$2078,$606,$383,$1356,$1828,$2434,$231,$-745,$0,$-356,$2078,$60,$18,$32,$50,$-14,$-1,$0,$-35,$-55,$55,$-15,$0,$-1,$0,$0,$0,$-1,$-17,$-15,$0,$-15,$1,$1,$0,$0,$-14,$25,$3,$0
14,2015-03-31,10.34,$-0.45,-22.74,$3.68,2.81,$-0.81,0.0,$0.65,15.8,$0.52B,$0.38B,1.39,$0.40B,$-0.20B,-1.96,$1.66B,$0.58B,34.96%,$1.66B,$0.34B,20.29%,$1.66B,$0.34B,20.29%,$1.66B,$0.41B,24.52%,$1.66B,$0.32B,19.57%,$1.66B,$0.29B,17.63%,$0.29B,$-0.20B,-104.75%,$0.29B,$-0.20B,-104.75%,$0.29B,$2.05B,14.36%,$0.34B,$0.20B,2535.85%,$411,$259,$153,$8,$99,$365,$46,$-38,$8,$-20,$28,$28,$28,$65,$46,$462,462,$0.06,$0.06,$94,$218,$5,$524,$880,$0,$0,$76,$1521,$2045,$378,$398,$1383,$1869,$2247,$231,$-587,$-0,$-203,$2045,$291,$71,$-68,$71,$-5,$-39,$0,$-87,$-115,$180,$-276,$0,$0,$0,$0,$0,$-2,$-278,$397,$0,$389,$-5,$-4,$-390,$0,$-5,$-101,$9,$-390
15,2014-12-31,9.72,$0.00,0.0,$3.64,2.67,$-0.13,0.0,$0.17,55.87,$0.51B,$0.36B,1.41,$0.39B,$-0.22B,-1.74,$1.62B,$0.55B,34.05%,$1.62B,$0.15B,9.25%,$1.62B,$0.15B,9.25%,$1.62B,$0.22B,13.33%,$1.62B,$0.05B,3.08%,$1.62B,$0.08B,4.75%,$0.08B,$-0.22B,-27.72%,$0.08B,$-0.22B,-27.72%,$0.08B,$2.02B,3.76%,$0.15B,$0.17B,-175.95%,$388,$253,$135,$8,$56,$317,$72,$53,$125,$17,$108,$108,$108,$89,$72,$445,446,$0.24,$0.24,$105,$218,$81,$513,$0,$0,$0,$230,$627,$2015,$363,$390,$1396,$1877,$2240,$231,$-615,$0,$-224,$2015,$264,$52,$0,$52,$0,$0,$0,$0,$23,$104,$-240,$0,$0,$0,$0,$0,$-1,$-241,$0,$0,$390,$0,$-9,$0,$-352,$29,$-105,$0,$0
16,2014-09-30,9.27,$0.00,0.0,$3.56,2.6,$0.59,15.65,$0.14,64.4,$0.57B,$0.36B,1.58,$0.38B,$-0.29B,-1.32,$1.59B,$0.54B,33.98%,$1.59B,$0.14B,8.64%,$1.59B,$0.14B,8.64%,$1.59B,$0.20B,12.74%,$1.59B,$0.02B,1.32%,$1.59B,$0.06B,3.85%,$0.06B,$-0.29B,-31.24%,$0.06B,$-0.29B,-31.24%,$0.06B,$2.07B,3.01%,$0.14B,$0.09B,-136.66%,$440,$290,$151,$8,$61,$295,$146,$-1,$145,$18,$127,$127,$127,$163,$146,$445,446,$0.29,$0.29,$142,$200,$81,$565,$0,$0,$0,$252,$682,$2071,$357,$380,$1532,$2001,$2358,$231,$-686,$0,$-287,$2071,$156,$34,$-110,$-76,$-7,$-12,$0,$-61,$-46,$34,$-160,$0,$0,$0,$0,$0,$-0,$-160,$380,$0,$380,$-7,$-7,$-356,$0,$18,$-107,$3,$-356
17,2014-06-30,11.59,$0.00,0.0,$3.46,3.35,$1.17,9.91,$-0.03,0.0,$0.50B,$0.63B,0.8,$0.00B,$-0.40B,0.0,$1.54B,$0.52B,33.88%,$1.54B,$0.06B,4.10%,$1.54B,$0.06B,4.10%,$1.54B,$0.13B,8.19%,$1.54B,$-0.06B,-3.64%,$1.54B,$-0.01B,-0.91%,$-0.01B,$-0.40B,12.47%,$-0.01B,$-0.40B,12.47%,$-0.01B,$2.00B,-0.71%,$0.06B,$-0.40B,-56.12%,$417,$277,$140,$8,$60,$345,$72,$-26,$46,$17,$29,$29,$29,$89,$72,$445,446,$0.06,$0.06,$84,$205,$74,$504,$0,$0,$0,$274,$750,$2000,$632,$0,$1677,$1769,$2401,$231,$-813,$0,$-401,$2000,$29,$17,$0,$17,$0,$0,$0,$0,$0,$43,$-49,$0,$0,$0,$0,$0,$0,$-49,$0,$0,$0,$0,$2,$0,$-133,$-131,$-135,$0,$0
18,2014-03-31,11.65,$-0.45,-26.05,$3.36,3.46,$1.30,8.95,$0.23,51.1,$0.66B,$0.54B,1.22,$0.00B,$-0.20B,0.0,$1.49B,$0.51B,33.96%,$1.49B,$0.05B,3.55%,$1.49B,$0.05B,3.55%,$1.49B,$0.12B,7.70%,$1.49B,$0.06B,3.68%,$1.49B,$0.10B,6.63%,$0.10B,$-0.20B,-649.18%,$0.10B,$-0.20B,-649.18%,$0.10B,$2.10B,5.00%,$0.05B,$-0.20B,-347.54%,$376,$251,$126,$8,$258,$517,$-140,$-125,$-266,$-79,$-187,$-187,$-187,$-125,$-140,$445,445,$-0.42,$-0.42,$231,$187,$92,$659,$1318,$0,$0,$275,$2060,$2104,$541,$0,$1675,$1768,$2303,$231,$-602,$33,$-199,$2107,$100,$61,$234,$61,$5,$-22,$0,$-91,$34,$323,$-115,$0,$-4,$0,$0,$0,$0,$-119,$0,$0,$0,$7,$13,$-199,$0,$-186,$14,$9,$-199
19,2013-12-31,9.58,$0.00,0.0,$3.26,2.94,$0.95,10.12,$0.49,19.56,$0.62B,$0.38B,1.65,$0.00B,$0.11B,0.0,$1.44B,$0.48B,33.45%,$1.44B,$0.07B,4.71%,$1.44B,$0.07B,4.71%,$1.44B,$0.13B,8.86%,$1.44B,$0.21B,14.75%,$1.44B,$0.22B,14.96%,$0.22B,$0.11B,553.85%,$0.22B,$0.11B,553.85%,$0.22B,$1.92B,10.90%,$0.07B,$0.11B,174.36%,$353,$232,$122,$9,$54,$294,$59,$37,$96,$3,$92,$92,$92,$75,$59,$445,445,$0.21,$0.21,$250,$185,$54,$618,$0,$0,$0,$253,$622,$1919,$375,$0,$1347,$1438,$1813,$229,$-275,$0,$106,$1919,$286,$46,$0,$46,$0,$0,$0,$0,$24,$255,$-68,$0,$-4,$0,$0,$0,$0,$-72,$0,$0,$0,$0,$10,$-164,$1,$-153,$32,$0,$0
20,2013-09-30,8.19,$0.00,0.0,$3.20,2.56,$0.62,13.14,$0.35,23.27,$0.57B,$0.33B,1.73,$0.00B,$0.05B,0.0,$1.41B,$0.46B,32.39%,$1.41B,$0.04B,2.55%,$1.41B,$0.04B,2.55%,$1.41B,$0.10B,6.95%,$1.41B,$0.15B,10.77%,$1.41B,$0.16B,11.06%,$0.16B,$0.05B,483.72%,$0.16B,$0.05B,483.72%,$0.16B,$1.90B,7.73%,$0.04B,$0.05B,111.63%,$392,$259,$133,$7,$54,$320,$72,$-4,$68,$16,$52,$52,$52,$87,$72,$442,444,$0.12,$0.12,$197,$169,$74,$574,$0,$0,$0,$260,$656,$1896,$332,$0,$1427,$1519,$1851,$228,$-329,$0,$45,$1896,$194,$31,$0,$31,$0,$0,$0,$0,$28,$175,$-44,$0,$0,$0,$0,$0,$0,$-44,$0,$0,$0,$0,$5,$-164,$0,$-159,$-27,$0,$0
21,2013-06-30,7.15,$0.00,0.0,$3.08,2.32,$0.25,28.39,$0.27,26.68,$0.68B,$0.47B,1.46,$0.00B,$-0.01B,0.0,$1.35B,$0.44B,32.15%,$1.35B,$0.01B,0.67%,$1.35B,$0.01B,0.67%,$1.35B,$0.07B,5.25%,$1.35B,$0.11B,7.91%,$1.35B,$0.12B,8.80%,$0.12B,$-0.01B,326.03%,$0.12B,$-0.01B,326.03%,$0.12B,$2.00B,5.77%,$0.01B,$-0.01B,24.66%,$372,$246,$126,$9,$55,$310,$62,$95,$157,$15,$142,$142,$142,$78,$62,$442,443,$0.32,$0.32,$291,$170,$76,$678,$0,$0,$0,$266,$666,$2002,$466,$0,$1455,$1549,$2015,$228,$-379,$0,$-13,$2002,$142,$15,$0,$15,$0,$0,$0,$0,$5,$78,$-26,$0,$0,$0,$0,$0,$0,$-26,$0,$0,$0,$0,$3,$0,$0,$3,$44,$0,$0
22,2013-03-31,8.35,$0.00,0.0,$3.01,2.77,$0.21,39.3,$0.11,77.3,$0.69B,$0.32B,2.18,$0.00B,$0.02B,0.0,$1.32B,$0.42B,31.72%,$1.32B,$0.03B,2.27%,$1.32B,$0.03B,2.27%,$1.32B,$0.09B,6.89%,$1.32B,$0.03B,2.50%,$1.32B,$0.05B,3.48%,$0.05B,$0.02B,98.92%,$0.05B,$0.02B,98.92%,$0.05B,$2.11B,2.16%,$0.03B,$0.02B,64.52%,$327,$225,$102,$9,$217,$452,$-125,$17,$-108,$-38,$-70,$-70,$-70,$-112,$-125,$440,440,$-0.16,$-0.16,$290,$172,$86,$691,$0,$0,$0,$303,$758,$2108,$317,$0,$1677,$1772,$2089,$227,$-358,$0,$18,$2108,$46,$61,$125,$61,$-11,$8,$0,$-80,$-82,$109,$-60,$0,$0,$0,$0,$0,$0,$-60,$0,$0,$0,$30,$26,$-189,$4,$-159,$-112,$7,$-189
23,2012-12-31,7.74,$0.00,0.0,$2.98,2.6,$0.90,8.55,$1.37,5.66,$0.69B,$0.32B,2.16,$0.00B,$0.08B,0.0,$1.30B,$0.41B,31.70%,$1.30B,$0.19B,14.81%,$1.30B,$0.19B,14.81%,$1.30B,$0.26B,19.80%,$1.30B,$0.13B,10.21%,$1.30B,$0.60B,45.82%,$0.60B,$0.08B,812.24%,$0.60B,$0.08B,812.24%,$0.60B,$2.07B,27.41%,$0.19B,$0.08B,262.59%,$320,$224,$96,$10,$60,$294,$27,$9,$35,$4,$32,$32,$32,$45,$27,$438,438,$0.07,$0.07,$319,$181,$59,$685,$0,$0,$0,$309,$727,$2067,$318,$0,$1573,$1670,$1988,$227,$-288,$0,$79,$2067,$115,$48,$0,$48,$0,$0,$0,$0,$-69,$83,$-41,$0,$0,$0,$0,$0,$0,$-41,$0,$0,$0,$0,$21,$-166,$1,$-145,$-106,$0,$0
24,2012-09-30,7.15,$0.00,0.0,$2.89,2.47,$1.00,7.14,$1.28,5.58,$0.68B,$0.30B,2.27,$0.00B,$0.06B,0.0,$1.27B,$0.41B,32.23%,$1.27B,$0.20B,15.88%,$1.27B,$0.20B,15.88%,$1.27B,$0.27B,20.93%,$1.27B,$0.10B,7.90%,$1.27B,$0.56B,44.23%,$0.56B,$0.06B,-1544.83%,$0.56B,$0.06B,-1544.83%,$0.56B,$2.08B,26.28%,$0.20B,$0.06B,-609.09%,$334,$223,$111,$10,$57,$289,$45,$-22,$23,$8,$15,$15,$15,$60,$45,$438,440,$0.03,$0.03,$260,$197,$77,$676,$0,$0,$0,$315,$739,$2077,$298,$0,$1618,$1717,$2015,$226,$-298,$0,$62,$2077,$84,$30,$0,$30,$0,$0,$0,$0,$-118,$-8,$-25,$0,$0,$0,$0,$0,$0,$-25,$0,$0,$0,$0,$12,$-166,$0,$-154,$-188,$0,$0
25,2012-06-30,6.49,$0.00,0.0,$2.89,2.25,$1.12,5.8,$1.54,4.22,$0.86B,$0.53B,1.63,$0.00B,$0.03B,0.0,$1.26B,$0.41B,32.44%,$1.26B,$0.21B,16.85%,$1.26B,$0.21B,16.85%,$1.26B,$0.28B,21.84%,$1.26B,$0.22B,17.33%,$1.26B,$0.67B,53.16%,$0.67B,$0.03B,-495.94%,$0.67B,$0.03B,-495.94%,$0.67B,$2.26B,32.28%,$0.21B,$0.03B,-181.66%,$340,$230,$110,$8,$19,$257,$83,$1,$83,$15,$69,$69,$69,$98,$83,$437,439,$0.16,$0.16,$445,$188,$82,$861,$0,$0,$0,$317,$735,$2259,$527,$0,$1602,$1704,$2232,$225,$-313,$0,$27,$2259,$69,$15,$0,$15,$0,$0,$0,$0,$-10,$50,$-15,$0,$0,$0,$0,$0,$0,$-15,$0,$0,$0,$0,$1,$0,$0,$1,$32,$0,$0
26,2012-03-31,6.05,$0.00,0.0,$2.83,2.14,$1.06,5.69,$1.38,4.38,$0.88B,$0.40B,2.17,$0.00B,$0.13B,0.0,$1.24B,$0.41B,32.96%,$1.24B,$0.19B,15.02%,$1.24B,$0.19B,15.02%,$1.24B,$0.25B,20.19%,$1.24B,$0.15B,12.20%,$1.24B,$0.60B,48.79%,$0.60B,$0.13B,-236.86%,$0.60B,$0.13B,-236.86%,$0.60B,$2.31B,29.88%,$0.19B,$0.13B,-88.15%,$309,$214,$96,$9,$49,$271,$38,$-46,$-8,$-488,$481,$481,$481,$55,$38,$433,437,$1.11,$1.10,$471,$189,$78,$876,$0,$0,$0,$336,$769,$2310,$403,$0,$1680,$1781,$2184,$224,$-215,$0,$126,$2310,$604,$65,$0,$65,$0,$0,$0,$0,$49,$387,$-36,$0,$-14,$0,$0,$0,$0,$-50,$0,$0,$-59,$0,$-8,$-17,$0,$-84,$247,$0,$0
27,2011-12-31,5.26,$0.00,0.0,$2.78,1.9,$0.48,10.94,$0.28,19.08,$0.45B,$0.30B,1.51,$0.01B,$-0.36B,-0.04,$1.22B,$0.41B,33.61%,$1.22B,$0.19B,15.94%,$1.22B,$0.19B,15.94%,$1.22B,$0.26B,21.12%,$1.22B,$0.21B,17.26%,$1.22B,$0.12B,9.94%,$0.12B,$-0.36B,-30.23%,$0.12B,$-0.36B,-30.23%,$0.12B,$1.88B,6.25%,$0.19B,$-0.35B,-56.81%,$283,$192,$91,$7,$48,$248,$35,$-34,$2,$7,$-5,$-5,$-5,$52,$35,$436,436,$-0.01,$-0.01,$98,$179,$66,$454,$0,$0,$0,$283,$739,$1877,$301,$13,$1817,$1936,$2237,$223,$-695,$0,$-360,$1877,$124,$48,$0,$48,$0,$0,$0,$0,$-55,$109,$-25,$0,$0,$0,$0,$0,$0,$-25,$0,$0,$-46,$0,$-18,$0,$3,$-61,$20,$0,$0
28,2011-09-30,4.12,$0.00,0.0,$2.75,1.5,$0.45,9.24,$0.23,18.07,$0.47B,$0.28B,1.69,$0.06B,$-0.34B,-0.18,$1.21B,$0.40B,33.39%,$1.21B,$0.19B,15.66%,$1.21B,$0.19B,15.66%,$1.21B,$0.25B,20.71%,$1.21B,$0.19B,15.91%,$1.21B,$0.10B,8.29%,$0.10B,$-0.34B,-23.65%,$0.10B,$-0.34B,-23.65%,$0.10B,$1.88B,5.11%,$0.19B,$-0.28B,-54.51%,$332,$219,$113,$7,$49,$275,$57,$85,$142,$15,$127,$127,$127,$71,$57,$439,439,$0.29,$0.29,$98,$168,$61,$465,$0,$0,$0,$280,$726,$1882,$275,$60,$1773,$1942,$2217,$222,$-668,$0,$-335,$1882,$128,$31,$0,$31,$0,$0,$0,$0,$-83,$37,$-18,$0,$0,$0,$0,$0,$0,$-18,$0,$0,$1,$0,$-12,$0,$0,$-11,$5,$0,$0
29,2011-06-30,4.7,$0.00,0.0,$2.65,1.77,$0.37,12.88,$-1.04,0.0,$0.51B,$0.28B,1.8,$0.10B,$-0.45B,-0.23,$1.16B,$0.38B,32.93%,$1.16B,$0.18B,15.82%,$1.16B,$0.18B,15.82%,$1.16B,$0.25B,21.15%,$1.16B,$-0.01B,-0.86%,$1.16B,$-0.45B,-38.78%,$-0.45B,$-0.45B,100.89%,$-0.45B,$-0.45B,100.89%,$-0.45B,$2.02B,-22.74%,$0.18B,$-0.35B,-51.40%,$314,$205,$108,$7,$46,$258,$56,$-41,$15,$14,$1,$1,$1,$72,$56,$437,439,$0.00,$0.00,$125,$170,$79,$506,$0,$0,$0,$314,$804,$2018,$282,$103,$1974,$2187,$2468,$223,$-784,$0,$-451,$2018,$1,$16,$0,$16,$0,$0,$0,$0,$-36,$22,$-12,$0,$0,$0,$0,$0,$0,$-12,$0,$0,$44,$0,$0,$0,$1,$45,$58,$0,$0
30,2011-03-31,4.73,$0.00,0.0,$2.67,1.77,$0.25,18.55,$-0.80,0.0,$0.46B,$0.32B,1.42,$0.06B,$-0.46B,-0.13,$1.17B,$0.39B,33.59%,$1.17B,$0.19B,16.45%,$1.17B,$0.19B,16.45%,$1.17B,$0.25B,21.68%,$1.17B,$0.10B,8.31%,$1.17B,$-0.35B,-29.73%,$-0.35B,$-0.46B,101.76%,$-0.35B,$-0.46B,101.76%,$-0.35B,$1.96B,-17.25%,$0.19B,$-0.40B,-81.62%,$288,$192,$97,$8,$43,$243,$46,$5,$51,$52,$-2,$-2,$-2,$62,$46,$438,438,$-0.00,$-0.00,$81,$162,$77,$458,$0,$0,$0,$316,$795,$1961,$323,$59,$1926,$2093,$2415,$223,$-785,$0,$-455,$1961,$-347,$63,$0,$63,$0,$0,$0,$0,$357,$147,$-50,$0,$0,$0,$0,$0,$0,$-50,$0,$0,$-95,$0,$5,$0,$0,$-90,$-1,$0,$0
31,2010-12-31,5.27,$0.00,0.0,$2.61,2.02,$0.32,16.48,$-0.80,0.0,$0.46B,$0.28B,1.67,$0.08B,$-0.45B,-0.18,$1.15B,$0.39B,33.45%,$1.15B,$0.32B,27.64%,$1.15B,$0.32B,27.64%,$1.15B,$0.38B,32.93%,$1.15B,$0.06B,4.85%,$1.15B,$-0.35B,-30.07%,$-0.35B,$-0.45B,135.15%,$-0.35B,$-0.45B,135.15%,$-0.35B,$1.97B,-16.80%,$0.32B,$-0.37B,-211.26%,$273,$188,$85,$6,$49,$243,$30,$-45,$-16,$11,$-26,$-26,$-26,$45,$30,$440,440,$-0.06,$-0.06,$111,$155,$91,$459,$0,$0,$0,$333,$804,$1972,$276,$82,$1963,$2146,$2422,$221,$-783,$0,$-450,$1972,$-345,$47,$0,$47,$0,$0,$0,$0,$330,$106,$-37,$0,$0,$0,$0,$0,$0,$-37,$0,$-72,$0,$0,$1,$0,$1,$-70,$5,$0,$0
32,2010-09-30,4.0,$0.00,0.0,$2.58,1.55,$0.54,7.47,$-0.71,0.0,$0.50B,$0.31B,1.6,$0.11B,$-0.43B,-0.26,$1.14B,$0.40B,34.85%,$1.14B,$0.31B,27.50%,$1.14B,$0.31B,27.50%,$1.14B,$0.38B,32.92%,$1.14B,$0.10B,8.67%,$1.14B,$-0.31B,-26.80%,$-0.31B,$-0.43B,172.88%,$-0.31B,$-0.43B,172.88%,$-0.31B,$1.98B,-14.53%,$0.31B,$-0.32B,-400.00%,$288,$194,$93,$7,$35,$236,$52,$-112,$-60,$364,$-424,$-424,$-424,$67,$52,$436,436,$-0.97,$-0.97,$122,$147,$90,$495,$0,$0,$0,$331,$777,$1981,$310,$112,$1887,$2103,$2413,$221,$-757,$0,$-432,$1981,$-319,$31,$0,$31,$0,$0,$0,$0,$263,$8,$-24,$0,$0,$0,$0,$0,$0,$-24,$0,$0,$3,$0,$0,$0,$1,$4,$-2,$0,$0
33,2010-06-30,3.87,$0.00,0.0,$2.62,1.48,$0.87,4.42,$0.22,17.74,$0.50B,$0.30B,1.71,$0.17B,$-0.03B,-6.37,$1.16B,$0.42B,36.53%,$1.16B,$0.32B,27.98%,$1.16B,$0.32B,27.98%,$1.16B,$0.39B,33.33%,$1.16B,$0.16B,13.56%,$1.16B,$0.10B,8.46%,$0.10B,$-0.03B,-91.38%,$0.10B,$-0.03B,-91.38%,$0.10B,$2.13B,4.58%,$0.32B,$0.14B,-1004.65%,$318,$202,$117,$7,$46,$255,$64,$58,$122,$17,$105,$105,$105,$79,$64,$437,437,$0.24,$0.24,$156,$155,$73,$503,$0,$0,$0,$534,$926,$2132,$295,$170,$1578,$1864,$2159,$221,$-333,$0,$-27,$2132,$105,$15,$0,$15,$0,$0,$0,$0,$-89,$-25,$-13,$0,$0,$0,$0,$0,$0,$-13,$0,$0,$61,$0,$0,$0,$0,$61,$24,$0,$0
34,2010-03-31,4.93,$0.00,0.0,$2.55,1.94,$1.13,4.37,$-0.20,0.0,$0.47B,$0.41B,1.12,$0.06B,$-0.12B,-0.5,$1.13B,$0.42B,36.98%,$1.13B,$0.20B,18.04%,$1.13B,$0.20B,18.04%,$1.13B,$0.27B,23.56%,$1.13B,$-0.02B,-1.60%,$1.13B,$-0.09B,-7.56%,$-0.09B,$-0.12B,61.48%,$-0.09B,$-0.12B,61.48%,$-0.09B,$2.18B,-4.01%,$0.20B,$-0.06B,-204.02%,$275,$184,$91,$7,$-89,$102,$173,$-163,$10,$12,$-2,$-2,$-2,$189,$173,$460,460,$-0.01,$-0.01,$78,$149,$83,$465,$0,$0,$0,$581,$1004,$2179,$414,$59,$1710,$1883,$2297,$221,$-438,$0,$-118,$2179,$-85,$62,$0,$62,$0,$0,$0,$0,$-44,$183,$-51,$0,$0,$0,$0,$0,$0,$-51,$0,$-93,$-77,$0,$10,$0,$1,$-159,$-23,$0,$0
35,2009-12-31,5.71,$0.00,0.0,$2.51,2.28,$0.68,8.44,$-0.50,0.0,$0.46B,$0.39B,1.16,$0.05B,$-0.13B,-0.4,$1.09B,$0.39B,36.11%,$1.09B,$0.05B,4.22%,$1.09B,$0.05B,4.22%,$1.09B,$0.11B,9.81%,$1.09B,$-0.20B,-18.70%,$1.09B,$-0.21B,-19.52%,$-0.21B,$-0.13B,156.62%,$-0.21B,$-0.13B,156.62%,$-0.21B,$2.13B,-10.40%,$0.05B,$-0.08B,-84.79%,$261,$164,$97,$7,$64,$236,$25,$1,$27,$12,$15,$15,$15,$41,$25,$439,439,$0.03,$0.03,$122,$133,$88,$458,$0,$0,$0,$547,$963,$2131,$394,$53,$1699,$1868,$2262,$221,$-435,$0,$-131,$2131,$-83,$46,$0,$46,$0,$0,$0,$0,$-15,$199,$-35,$0,$0,$0,$0,$0,$0,$-35,$0,$-93,$-39,$0,$8,$0,$1,$-123,$9,$0,$0
36,2009-09-30,5.09,$0.00,0.0,$2.50,2.03,$0.32,15.71,$-0.27,0.0,$0.49B,$0.46B,1.06,$0.02B,$-0.15B,-0.12,$1.08B,$0.38B,34.96%,$1.08B,$0.05B,4.24%,$1.08B,$0.05B,4.24%,$1.08B,$0.10B,9.59%,$1.08B,$-0.11B,-10.42%,$1.08B,$-0.12B,-10.79%,$-0.12B,$-0.15B,103.77%,$-0.12B,$-0.15B,103.77%,$-0.12B,$2.12B,-5.93%,$0.05B,$-0.14B,736.00%,$304,$187,$118,$7,$49,$242,$62,$-64,$-2,$17,$-20,$-20,$-20,$77,$62,$436,436,$-0.05,$-0.05,$140,$128,$92,$488,$0,$0,$0,$510,$923,$2121,$459,$18,$1687,$1815,$2274,$220,$-450,$0,$-153,$2121,$-98,$30,$0,$30,$0,$0,$0,$0,$9,$152,$-21,$0,$0,$0,$0,$0,$0,$-21,$0,$-102,$-10,$0,$2,$0,$0,$-110,$3,$0,$0
37,2009-06-30,2.5,$0.00,0.0,$2.58,0.97,$0.21,11.7,$0.13,19.25,$0.47B,$0.47B,1.0,$0.03B,$-0.15B,-0.17,$1.12B,$0.37B,33.33%,$1.12B,$0.04B,3.12%,$1.12B,$0.04B,3.12%,$1.12B,$0.09B,8.29%,$1.12B,$0.08B,7.31%,$1.12B,$0.06B,5.08%,$0.06B,$-0.15B,-55.07%,$0.06B,$-0.15B,-55.07%,$0.06B,$2.04B,2.92%,$0.04B,$-0.13B,68.29%,$285,$174,$110,$6,$161,$342,$-57,$4,$-53,$25,$-78,$-78,$-78,$-42,$-57,$433,433,$-0.18,$-0.18,$150,$129,$69,$471,$0,$0,$0,$470,$864,$2042,$474,$25,$1588,$1719,$2193,$219,$-431,$0,$-151,$2042,$-78,$15,$0,$15,$0,$0,$0,$0,$-0,$82,$-10,$0,$0,$0,$0,$0,$0,$-10,$0,$-43,$-10,$0,$0,$0,$0,$-53,$0,$0,$0
38,2009-03-31,2.12,$0.00,0.0,$3.49,0.61,$0.44,4.87,$0.32,6.71,$0.47B,$0.32B,1.48,$0.23B,$-0.11B,-2.12,$1.20B,$0.39B,32.28%,$1.20B,$0.16B,12.90%,$1.20B,$0.16B,12.90%,$1.20B,$0.21B,17.64%,$1.20B,$0.16B,13.06%,$1.20B,$0.14B,11.31%,$0.14B,$-0.11B,-108.58%,$0.14B,$-0.11B,-108.58%,$0.14B,$1.90B,6.69%,$0.16B,$0.12B,196.20%,$241,$172,$69,$3,$50,$225,$16,$-192,$-176,$-47,$-130,$-130,$-130,$31,$16,$432,432,$-0.30,$-0.30,$146,$129,$78,$465,$0,$0,$0,$398,$733,$1899,$315,$231,$1361,$1692,$2007,$219,$-353,$0,$-109,$1899,$136,$56,$0,$56,$0,$0,$0,$0,$-185,$-45,$-26,$0,$0,$0,$0,$0,$0,$-26,$0,$3,$56,$0,$0,$-35,$0,$25,$7,$0,$0
39,2008-12-31,2.44,$0.00,0.0,$3.65,0.67,$1.25,1.95,$0.28,8.85,$0.45B,$0.39B,1.16,$0.20B,$-0.04B,-5.36,$1.27B,$0.43B,33.44%,$1.27B,$0.18B,13.97%,$1.27B,$0.18B,13.97%,$1.27B,$0.24B,18.45%,$1.27B,$0.15B,11.70%,$1.27B,$0.12B,9.34%,$0.12B,$-0.04B,-80.00%,$0.12B,$-0.04B,-80.00%,$0.12B,$1.83B,5.66%,$0.18B,$0.16B,428.92%,$254,$172,$82,$6,$51,$229,$25,$93,$118,$7,$111,$111,$111,$38,$25,$432,434,$0.26,$0.26,$137,$145,$78,$448,$0,$0,$0,$365,$671,$1827,$388,$201,$1187,$1476,$1865,$220,$-223,$0,$-38,$1827,$266,$42,$0,$42,$0,$0,$0,$0,$-68,$25,$-17,$0,$0,$0,$0,$0,$0,$-17,$0,$7,$27,$0,$0,$-35,$0,$-1,$23,$0,$0
40,2008-09-30,3.12,$0.00,0.0,$3.87,0.81,$1.82,1.72,$0.06,55.72,$0.56B,$0.48B,1.16,$0.16B,$-0.12B,-1.39,$1.36B,$0.46B,33.87%,$1.36B,$0.21B,15.36%,$1.36B,$0.21B,15.36%,$1.36B,$0.27B,19.69%,$1.36B,$0.06B,4.19%,$1.36B,$0.03B,1.84%,$0.03B,$-0.12B,-16.39%,$0.03B,$-0.12B,-16.39%,$0.03B,$2.04B,1.14%,$0.21B,$0.05B,572.60%,$342,$229,$113,$7,$55,$291,$51,$141,$193,$39,$154,$154,$154,$66,$51,$439,439,$0.35,$0.35,$186,$152,$93,$556,$0,$0,$0,$424,$764,$2044,$479,$162,$1432,$1681,$2160,$220,$-334,$0,$-116,$2044,$155,$29,$0,$29,$0,$0,$0,$0,$3,$93,$-9,$0,$0,$0,$0,$0,$0,$-9,$0,$15,$-13,$0,$0,$-35,$0,$-33,$57,$0,$0
41,2008-06-30,3.01,$0.00,0.0,$3.90,0.77,$2.06,1.46,$-0.25,0.0,$0.64B,$0.40B,1.62,$0.22B,$-0.24B,-0.94,$1.41B,$0.49B,34.56%,$1.41B,$0.23B,16.47%,$1.41B,$0.23B,16.47%,$1.41B,$0.29B,20.51%,$1.41B,$-0.09B,-6.32%,$1.41B,$-0.11B,-7.81%,$-0.11B,$-0.24B,115.18%,$-0.11B,$-0.24B,115.18%,$-0.11B,$2.36B,-4.95%,$0.23B,$-0.02B,381.89%,$365,$241,$124,$7,$53,$302,$63,$-42,$22,$20,$1,$1,$1,$77,$63,$233,233,$0.01,$0.01,$275,$159,$67,$642,$0,$0,$0,$505,$967,$2357,$396,$223,$1850,$2199,$2595,$220,$-488,$0,$-238,$2357,$1,$14,$0,$14,$0,$0,$0,$0,$44,$95,$-4,$0,$0,$0,$0,$0,$0,$-4,$0,$12,$48,$0,$0,$0,$0,$60,$136,$0,$0
42,2008-03-31,4.24,$0.00,0.0,$3.21,1.32,$1.90,2.23,$-0.18,0.0,$0.53B,$0.35B,1.53,$0.18B,$-0.20B,-0.86,$1.47B,$0.53B,36.10%,$1.47B,$0.27B,18.66%,$1.47B,$0.27B,18.66%,$1.47B,$0.33B,22.55%,$1.47B,$-0.04B,-2.38%,$1.47B,$-0.07B,-4.90%,$-0.07B,$-0.20B,-7200.00%,$-0.07B,$-0.20B,-7200.00%,$-0.07B,$2.18B,-3.29%,$0.27B,$-0.03B,232.70%,$313,$206,$107,$208,$-141,$274,$39,$-223,$-184,$-37,$-147,$-147,$-147,$54,$39,$432,432,$-0.34,$-0.34,$156,$180,$66,$533,$0,$0,$0,$480,$891,$2180,$349,$175,$1775,$2033,$2383,$220,$-455,$0,$-203,$2180,$-72,$57,$0,$57,$0,$0,$0,$0,$72,$319,$-39,$0,$0,$0,$0,$0,$0,$-39,$0,$7,$70,$0,$-205,$-126,$0,$-254,$1,$0,$0
43,2007-12-31,4.15,$0.00,0.0,$2.48,1.67,$1.25,3.3,$0.16,25.92,$0.57B,$0.37B,1.55,$0.20B,$-0.05B,-3.74,$1.52B,$0.56B,36.74%,$1.52B,$0.31B,20.51%,$1.52B,$0.31B,20.51%,$1.52B,$0.37B,24.21%,$1.52B,$-0.07B,-4.68%,$1.52B,$0.18B,11.74%,$0.18B,$-0.05B,152.79%,$0.18B,$-0.05B,152.79%,$0.18B,$2.16B,8.18%,$0.31B,$0.14B,144.15%,$341,$224,$117,$6,$54,$285,$56,$-30,$26,$9,$17,$17,$17,$71,$56,$428,428,$0.04,$0.04,$200,$156,$81,$569,$0,$0,$0,$445,$787,$2156,$368,$197,$1537,$1841,$2209,$252,$-317,$0,$-53,$2156,$75,$42,$0,$42,$0,$0,$0,$0,$56,$279,$-29,$0,$0,$0,$0,$0,$0,$-29,$0,$23,$92,$0,$-193,$-123,$0,$-202,$36,$0,$0
44,2007-09-30,4.47,$0.00,0.0,$2.57,1.74,$0.58,7.69,$0.10,44.74,$0.57B,$0.39B,1.47,$0.03B,$0.11B,0.27,$1.53B,$0.57B,36.99%,$1.53B,$0.32B,21.05%,$1.53B,$0.32B,21.05%,$1.53B,$0.38B,24.58%,$1.53B,$-0.08B,-5.16%,$1.53B,$0.15B,10.00%,$0.15B,$0.11B,93.01%,$0.15B,$0.11B,93.01%,$0.15B,$2.20B,7.69%,$0.32B,$0.14B,150.12%,$390,$251,$139,$7,$58,$317,$74,$-27,$47,$28,$19,$19,$19,$87,$74,$478,478,$0.04,$0.04,$178,$136,$85,$571,$0,$0,$0,$442,$788,$2198,$388,$30,$1543,$1697,$2086,$252,$-282,$0,$112,$2198,$58,$28,$0,$28,$0,$0,$0,$0,$54,$231,$-24,$0,$0,$0,$0,$0,$0,$-24,$0,$10,$-75,$0,$-45,$-71,$0,$-180,$-1,$0,$0
45,2007-06-30,5.21,$0.00,0.0,$2.54,2.06,$-0.01,0.0,$0.10,52.12,$0.62B,$0.41B,1.51,$0.07B,$0.15B,0.44,$1.55B,$0.58B,37.52%,$1.55B,$0.34B,21.86%,$1.55B,$0.34B,21.86%,$1.55B,$0.39B,25.40%,$1.55B,$-0.08B,-5.42%,$1.55B,$0.16B,9.99%,$0.16B,$0.15B,90.25%,$0.16B,$0.15B,90.25%,$0.16B,$2.22B,8.67%,$0.34B,$0.21B,158.23%,$424,$258,$167,$6,$56,$319,$105,$-30,$76,$36,$39,$39,$39,$119,$105,$489,489,$0.08,$0.08,$230,$134,$89,$621,$0,$0,$0,$424,$757,$2218,$411,$65,$1500,$1659,$2070,$252,$-301,$0,$148,$2218,$39,$14,$0,$14,$0,$0,$0,$0,$36,$132,$-17,$0,$0,$0,$0,$0,$0,$-17,$0,$-23,$-40,$0,$2,$0,$0,$-61,$47,$0,$0
46,2007-03-31,4.69,$0.00,0.0,$2.60,1.8,$-0.19,0.0,$0.10,46.93,$0.58B,$0.32B,1.82,$0.11B,$0.26B,0.41,$1.54B,$0.57B,37.14%,$1.54B,$0.33B,21.58%,$1.54B,$0.33B,21.58%,$1.54B,$0.39B,24.95%,$1.54B,$-0.09B,-6.03%,$1.54B,$0.15B,9.85%,$0.15B,$0.26B,93.25%,$0.15B,$0.26B,93.25%,$0.15B,$2.13B,9.67%,$0.33B,$0.36B,175.96%,$361,$227,$134,$6,$52,$285,$76,$-296,$-220,$-323,$103,$103,$103,$90,$76,$0,0,$0.00,$0.00,$186,$148,$80,$577,$0,$0,$0,$399,$724,$2128,$318,$105,$1353,$1552,$1869,$252,$-179,$0,$259,$2128,$152,$51,$-1,$50,$0,$0,$0,$0,$-214,$-67,$-93,$0,$0,$0,$0,$0,$0,$-93,$0,$-98,$-17,$0,$19,$-42,$2,$-136,$-281,$0,$0
47,2006-12-31,5.25,$0.00,0.0,$2.60,2.01,$-0.19,0.0,$0.10,52.46,$0.42B,$0.29B,1.48,$0.00B,$0.14B,0.0,$1.57B,$0.58B,36.83%,$1.57B,$0.33B,20.67%,$1.57B,$0.33B,20.67%,$1.57B,$0.38B,23.85%,$1.57B,$-0.54B,-34.03%,$1.57B,$-0.60B,-38.30%,$-0.60B,$0.14B,-493.44%,$-0.60B,$0.14B,-493.44%,$-0.60B,$1.41B,-42.98%,$0.33B,$0.14B,266.39%,$355,$229,$126,$6,$53,$288,$67,$-49,$18,$26,$-8,$-8,$-8,$80,$67,$400,400,$-0.02,$-0.02,$70,$153,$75,$421,$0,$0,$0,$158,$164,$1410,$285,$0,$893,$987,$1271,$256,$-282,$0,$139,$1410,$49,$37,$0,$37,$0,$0,$0,$0,$-26,$45,$-79,$0,$0,$0,$0,$0,$0,$-79,$0,$-93,$-122,$0,$15,$-19,$2,$-216,$-250,$0,$0
