,Date,Stock Price,Book Value per Share,Price to Book Ratio,TTM Sales per Share,Price to Sales Ratio,TTM FCF per Share,Price to FCF Ratio,TTM Net EPS,PE Ratio,Current Assets,Current Liabilities,Current Ratio,Long Term Debt,Shareholder's Equity_x,Debt to Equity Ratio,TTM Revenue_x,TTM Gross Profit,Gross Margin,TTM Revenue_y,TTM Operating Income,Operating Margin,TTM Revenue_x,TTM EBIT,EBIT Margin,TTM Revenue_y,TTM EBITDA,EBITDA Margin,TTM Revenue_x,TTM Pre-Tax Income,Pre-Tax Margin,TTM Revenue_y,TTM Net Income_x,Net Margin,TTM Net Income_y,Shareholder's Equity_y,Return on Equity,TTM Net Income_x,Tangible Equity,Return on Tangible Equity,TTM Net Income_y,Total Assets,Return on Assets,TTM Net Income,LT Investments & Debt,Return on Investment,revenue,cost-goods-sold,gross-profit,research-development-expenses,selling-general-administrative-expenses,operating-expenses,operating-income,total-non-operating-income-expense,pre-tax-income,total-provision-income-taxes,income-after-taxes,income-from-continuous-operations,net-income,ebitda,ebit,basic-shares-outstanding,shares-outstanding,eps-basic-net-earnings-per-share,eps-earnings-per-share-diluted,cash-on-hand,inventory,other-current-assets,total-current-assets,net-property-plant-equipment,long-term-investments,goodwill-intangible-assets-total,other-long-term-assets,total-long-term-assets,total-assets,total-current-liabilities,long-term-debt,other-non-current-liabilities,total-long-term-liabilities,total-liabilities,common-stock-net,retained-earnings-accumulated-deficit,comprehensive-income,total-share-holder-equity,total-liabilities-share-holders-equity,net-income-loss,total-depreciation-amortization-cash-flow,other-non-cash-items,total-non-cash-items,change-in-accounts-receivable,change-in-inventories,change-in-accounts-payable,change-in-assets-liabilities,total-change-in-assets-liabilities,cash-flow-from-operating-activities,net-change-in-property-plant-equipment,net-change-in-intangible-assets,net-acquisitions-divestitures,net-change-in-short-term-investments,net-change-in-long-term-investments,net-change-in-investments-total,investing-activities-other,cash-flow-from-investing-activities,net-long-term-debt,net-current-debt,debt-issuance-retirement-net-total,net-common-equity-issued-repurchased,net-total-equity-issued-repurchased,total-common-preferred-stock-dividends-paid,financial-activities-other,cash-flow-from-financial-activities,net-cash-flow,stock-based-compensation,common-stock-dividends-paid
0,2018-06-30,152.47,$39.48,3.86,$61.38,2.48,$6.83,22.31,$5.57,27.37,$0.38B,$0.12B,3.09,$0.00B,$0.74B,0.0,$1.15B,$0.34B,29.64%,$1.15B,$0.12B,10.14%,$1.15B,$0.12B,10.14%,$1.15B,$0.16B,14.12%,$1.15B,$0.12B,10.57%,$1.15B,$0.10B,9.01%,$0.10B,$0.74B,14.60%,$0.10B,$0.58B,18.91%,$0.10B,$0.91B,11.77%,$0.12B,$0.74B,16.40%,$301,$209,$91,$0,$60,$270,$31,$2,$34,$10,$23,$23,$23,$46,$31,$19,19,$1.25,$1.24,$126,$116,$0,$381,$237,$132,$161,$3,$534,$914,$123,$1,$2,$53,$176,$23,$729,$-14,$738,$914,$80,$35,$-10,$25,$-8,$-13,$0,$-3,$-20,$85,$-41,$0,$0,$-14,$0,$-14,$0,$-55,$-0,$0,$-0,$3,$3,$-25,$0,$-22,$5,$3,$-25
1,2018-03-31,136.15,$38.63,3.52,$60.78,2.24,$5.97,22.81,$5.52,24.66,$0.38B,$0.12B,3.26,$0.00B,$0.72B,0.0,$1.14B,$0.34B,30.01%,$1.14B,$0.12B,10.50%,$1.14B,$0.12B,10.50%,$1.14B,$0.17B,14.44%,$1.14B,$0.13B,10.94%,$1.14B,$0.10B,9.01%,$0.10B,$0.72B,14.79%,$0.10B,$0.56B,19.30%,$0.10B,$0.89B,11.82%,$0.12B,$0.72B,17.20%,$306,$212,$94,$0,$60,$271,$35,$1,$36,$10,$26,$26,$26,$35,$35,$19,19,$1.40,$1.39,$126,$116,$0,$375,$232,$117,$162,$3,$513,$888,$115,$1,$2,$50,$165,$22,$711,$-11,$722,$888,$54,$23,$-13,$10,$-2,$-13,$0,$-3,$-22,$42,$-25,$0,$0,$-18,$0,$-18,$0,$-42,$-0,$0,$-0,$3,$3,$-16,$0,$-13,$-16,$2,$-16
2,2017-12-31,150.89,$37.89,3.98,$59.73,2.53,$5.52,27.32,$5.42,27.84,$0.36B,$0.11B,3.24,$0.00B,$0.71B,0.0,$1.12B,$0.34B,30.16%,$1.12B,$0.12B,10.68%,$1.12B,$0.12B,10.68%,$1.12B,$0.17B,14.68%,$1.12B,$0.13B,11.12%,$1.12B,$0.10B,8.99%,$0.10B,$0.71B,14.85%,$0.10B,$0.54B,19.47%,$0.10B,$0.87B,11.80%,$0.12B,$0.71B,17.62%,$266,$189,$77,$0,$54,$243,$24,$1,$25,$7,$18,$18,$18,$33,$24,$19,19,$0.95,$0.95,$131,$113,$0,$357,$230,$112,$163,$3,$508,$865,$110,$1,$2,$47,$158,$19,$702,$-13,$707,$865,$36,$12,$-18,$-6,$15,$-10,$0,$0,$-4,$26,$-14,$0,$0,$-12,$0,$-12,$0,$-25,$-0,$0,$-0,$0,$0,$-8,$0,$-8,$-10,$1,$-8
3,2017-09-30,130.09,$36.48,3.57,$57.61,2.26,$5.69,22.87,$4.20,30.97,$0.38B,$0.12B,3.21,$0.00B,$0.68B,0.0,$1.09B,$0.33B,30.60%,$1.09B,$0.12B,10.88%,$1.09B,$0.12B,10.88%,$1.09B,$0.16B,14.84%,$1.09B,$0.12B,11.34%,$1.09B,$0.08B,7.28%,$0.08B,$0.68B,11.89%,$0.08B,$0.52B,15.43%,$0.08B,$0.87B,9.43%,$0.12B,$0.68B,17.74%,$265,$192,$73,$0,$52,$244,$21,$2,$23,$-13,$36,$36,$36,$49,$21,$19,19,$1.94,$1.93,$150,$103,$0,$382,$228,$91,$164,$3,$485,$867,$119,$1,$2,$66,$185,$17,$674,$-9,$682,$867,$79,$44,$11,$54,$-20,$-7,$0,$10,$-8,$125,$-70,$0,$-48,$-17,$0,$-17,$-0,$-135,$-0,$0,$-0,$-11,$-11,$-31,$0,$-42,$-50,$3,$-31
4,2017-06-30,130.41,$36.06,3.62,$54.75,2.38,$6.75,19.33,$4.01,32.52,$0.39B,$0.13B,3.0,$0.00B,$0.68B,0.0,$1.03B,$0.31B,30.49%,$1.03B,$0.11B,10.87%,$1.03B,$0.11B,10.87%,$1.03B,$0.15B,14.95%,$1.03B,$0.12B,11.36%,$1.03B,$0.08B,7.38%,$0.08B,$0.68B,11.63%,$0.08B,$0.51B,14.91%,$0.08B,$0.87B,9.28%,$0.11B,$0.68B,17.12%,$317,$219,$98,$0,$61,$280,$37,$1,$38,$13,$24,$24,$24,$48,$37,$19,19,$1.31,$1.30,$143,$107,$0,$385,$219,$95,$163,$3,$481,$866,$128,$1,$2,$62,$190,$29,$657,$-11,$675,$866,$55,$31,$2,$33,$-23,$-12,$0,$10,$-5,$83,$-56,$0,$-42,$-13,$0,$-13,$-0,$-111,$-0,$0,$-0,$1,$1,$-23,$0,$-22,$-48,$2,$-23
5,2017-03-31,133.44,$35.05,3.81,$53.94,2.47,$7.19,18.55,$4.11,32.47,$0.35B,$0.11B,3.28,$0.00B,$0.66B,0.0,$1.01B,$0.31B,30.70%,$1.01B,$0.11B,11.25%,$1.01B,$0.11B,11.25%,$1.01B,$0.16B,15.50%,$1.01B,$0.12B,11.75%,$1.01B,$0.08B,7.70%,$0.08B,$0.66B,12.19%,$0.08B,$0.50B,15.45%,$0.08B,$0.83B,9.81%,$0.11B,$0.66B,17.79%,$295,$201,$95,$0,$57,$258,$38,$1,$39,$14,$25,$25,$25,$35,$38,$19,19,$1.35,$1.34,$123,$106,$0,$348,$202,$115,$156,$3,$477,$825,$106,$1,$3,$63,$169,$28,$640,$-12,$656,$825,$30,$21,$1,$22,$-8,$-11,$0,$9,$-11,$41,$-32,$0,$-31,$-19,$0,$-19,$-0,$-82,$-0,$0,$-0,$2,$2,$-15,$0,$-14,$-54,$1,$-15
6,2016-12-31,130.93,$34.45,3.8,$53.09,2.47,$7.02,18.66,$4.09,32.01,$0.36B,$0.10B,3.63,$0.00B,$0.64B,0.0,$1.00B,$0.31B,30.82%,$1.00B,$0.11B,11.35%,$1.00B,$0.11B,11.35%,$1.00B,$0.16B,15.56%,$1.00B,$0.12B,11.85%,$1.00B,$0.08B,7.83%,$0.08B,$0.64B,12.45%,$0.08B,$0.52B,15.65%,$0.08B,$0.79B,10.06%,$0.11B,$0.65B,18.00%,$247,$174,$73,$0,$49,$222,$24,$1,$25,$9,$16,$16,$16,$29,$24,$19,19,$0.85,$0.85,$167,$95,$0,$363,$186,$115,$127,$3,$431,$794,$100,$1,$1,$50,$150,$27,$632,$-15,$644,$794,$14,$10,$1,$11,$6,$-7,$0,$6,$2,$26,$-11,$0,$0,$-8,$0,$-8,$-0,$-19,$-0,$0,$-0,$1,$1,$-7,$0,$-6,$0,$1,$-7
7,2016-09-30,116.52,$34.17,3.41,$52.91,2.2,$6.62,17.61,$4.03,28.91,$0.36B,$0.10B,3.47,$0.00B,$0.64B,0.0,$0.99B,$0.31B,30.72%,$0.99B,$0.11B,11.28%,$0.99B,$0.11B,11.28%,$0.99B,$0.15B,15.51%,$0.99B,$0.12B,11.68%,$0.99B,$0.08B,7.75%,$0.08B,$0.64B,12.50%,$0.08B,$0.51B,15.81%,$0.08B,$0.79B,10.10%,$0.11B,$0.64B,18.14%,$226,$160,$66,$0,$47,$206,$19,$1,$21,$7,$14,$14,$14,$42,$19,$19,19,$0.72,$0.72,$154,$89,$0,$355,$184,$120,$128,$3,$435,$790,$102,$1,$1,$50,$153,$25,$626,$-13,$638,$790,$76,$41,$10,$51,$4,$-6,$0,$-7,$-6,$121,$-46,$0,$0,$-29,$0,$-29,$0,$-75,$-0,$0,$-0,$-9,$-9,$-29,$0,$-38,$7,$2,$-29
8,2016-06-30,116.29,$33.36,3.49,$52.74,2.2,$5.66,20.53,$3.98,29.22,$0.33B,$0.10B,3.18,$0.00B,$0.62B,0.0,$0.99B,$0.31B,30.98%,$0.99B,$0.12B,11.60%,$0.99B,$0.12B,11.60%,$0.99B,$0.16B,15.74%,$0.99B,$0.12B,11.71%,$0.99B,$0.08B,7.67%,$0.08B,$0.62B,12.53%,$0.08B,$0.49B,15.95%,$0.08B,$0.77B,10.14%,$0.12B,$0.62B,18.92%,$262,$182,$80,$0,$49,$232,$31,$1,$32,$11,$21,$21,$21,$51,$31,$19,19,$1.10,$1.10,$114,$95,$0,$332,$182,$126,$128,$3,$439,$771,$104,$1,$1,$46,$150,$22,$613,$-13,$621,$771,$55,$30,$2,$32,$-12,$-12,$0,$1,$-16,$71,$-36,$0,$0,$-31,$0,$-31,$0,$-66,$-0,$0,$-0,$-12,$-12,$-21,$0,$-33,$-29,$2,$-21
9,2016-03-31,105.19,$32.41,3.25,$52.69,2.0,$5.55,18.97,$3.85,27.32,$0.30B,$0.10B,3.17,$0.00B,$0.60B,0.0,$0.99B,$0.31B,30.75%,$0.99B,$0.11B,11.49%,$0.99B,$0.11B,11.49%,$0.99B,$0.15B,15.42%,$0.99B,$0.11B,11.49%,$0.99B,$0.07B,7.36%,$0.07B,$0.60B,12.19%,$0.07B,$0.47B,15.61%,$0.07B,$0.75B,9.83%,$0.11B,$0.61B,18.99%,$278,$186,$92,$0,$51,$238,$40,$1,$41,$15,$27,$27,$27,$33,$40,$19,19,$1.44,$1.43,$89,$101,$0,$304,$179,$130,$130,$3,$441,$745,$96,$1,$1,$46,$142,$23,$593,$-13,$603,$745,$29,$20,$1,$21,$-0,$-18,$0,$-1,$-22,$28,$-23,$0,$0,$-26,$0,$-26,$1,$-48,$-0,$0,$-0,$-10,$-10,$-14,$0,$-24,$-44,$1,$-14
10,2015-12-31,112.93,$32.22,3.51,$52.40,2.16,$5.87,19.25,$3.80,29.72,$0.31B,$0.09B,3.24,$0.00B,$0.60B,0.0,$0.99B,$0.30B,30.70%,$0.99B,$0.11B,11.45%,$0.99B,$0.11B,11.45%,$0.99B,$0.15B,15.30%,$0.99B,$0.11B,11.45%,$0.99B,$0.07B,7.29%,$0.07B,$0.60B,12.18%,$0.07B,$0.47B,15.71%,$0.07B,$0.74B,9.82%,$0.11B,$0.60B,19.08%,$230,$161,$69,$0,$46,$206,$23,$1,$24,$9,$16,$16,$16,$28,$23,$19,19,$0.84,$0.83,$112,$95,$0,$305,$177,$125,$131,$4,$436,$742,$94,$1,$1,$46,$140,$30,$584,$-12,$602,$742,$13,$10,$1,$10,$11,$-12,$0,$3,$-2,$21,$-13,$0,$0,$-20,$0,$-20,$-0,$-33,$-0,$0,$-0,$-2,$-2,$-7,$0,$-9,$-22,$1,$-7
11,2015-09-30,109.64,$32.12,3.41,$51.88,2.11,$6.20,17.68,$3.74,29.31,$0.33B,$0.10B,3.35,$0.00B,$0.60B,0.0,$0.98B,$0.30B,30.71%,$0.98B,$0.11B,11.46%,$0.98B,$0.11B,11.46%,$0.98B,$0.15B,15.25%,$0.98B,$0.11B,11.46%,$0.98B,$0.07B,7.16%,$0.07B,$0.60B,12.04%,$0.07B,$0.47B,15.65%,$0.07B,$0.74B,9.67%,$0.11B,$0.60B,19.23%,$223,$159,$64,$0,$46,$204,$18,$1,$19,$7,$13,$13,$13,$44,$18,$19,19,$0.69,$0.69,$134,$83,$0,$326,$172,$106,$132,$4,$414,$740,$97,$1,$1,$43,$140,$32,$579,$-11,$600,$740,$70,$38,$6,$44,$-3,$-5,$0,$-3,$-11,$104,$-47,$0,$-1,$20,$0,$20,$-1,$-28,$-0,$0,$-0,$-3,$-3,$-26,$0,$-30,$42,$2,$-26
12,2015-06-30,106.42,$31.58,3.37,$51.56,2.06,$6.85,15.53,$3.88,27.43,$0.33B,$0.11B,3.16,$0.00B,$0.59B,0.0,$0.97B,$0.30B,30.93%,$0.97B,$0.11B,11.44%,$0.97B,$0.11B,11.44%,$0.97B,$0.15B,15.15%,$0.97B,$0.11B,11.75%,$0.97B,$0.07B,7.42%,$0.07B,$0.59B,12.59%,$0.07B,$0.46B,16.49%,$0.07B,$0.74B,10.07%,$0.11B,$0.59B,19.37%,$260,$177,$82,$0,$49,$226,$34,$-1,$32,$12,$20,$20,$20,$48,$34,$19,19,$1.07,$1.05,$127,$83,$0,$334,$169,$103,$134,$3,$409,$743,$106,$1,$1,$47,$153,$35,$566,$-10,$590,$743,$50,$28,$3,$32,$-16,$-8,$0,$-1,$-15,$67,$-33,$0,$-1,$-16,$40,$24,$-0,$-10,$-0,$0,$-0,$0,$0,$-19,$0,$-20,$35,$2,$-19
13,2015-03-31,102.26,$30.60,3.34,$50.40,2.03,$7.13,14.34,$3.83,26.7,$0.28B,$0.09B,3.12,$0.00B,$0.57B,0.0,$0.95B,$0.29B,31.01%,$0.95B,$0.11B,11.39%,$0.95B,$0.11B,11.39%,$0.95B,$0.14B,15.19%,$0.95B,$0.11B,11.81%,$0.95B,$0.07B,7.59%,$0.07B,$0.57B,12.82%,$0.07B,$0.44B,16.96%,$0.07B,$0.71B,10.23%,$0.11B,$0.57B,19.22%,$279,$188,$90,$0,$52,$240,$39,$-0,$39,$14,$24,$24,$24,$31,$39,$19,19,$1.31,$1.30,$89,$87,$0,$281,$162,$128,$135,$3,$428,$709,$90,$1,$1,$47,$137,$34,$548,$-10,$572,$709,$26,$19,$1,$20,$4,$-13,$0,$-2,$-18,$29,$-17,$0,$0,$0,$0,$0,$-0,$-17,$-0,$0,$-0,$-0,$-0,$-13,$0,$-13,$-3,$1,$-13
14,2014-12-31,103.87,$30.16,3.44,$49.36,2.1,$7.54,13.78,$3.77,27.55,$0.28B,$0.09B,2.95,$0.00B,$0.56B,0.0,$0.93B,$0.29B,31.03%,$0.93B,$0.11B,11.42%,$0.93B,$0.11B,11.42%,$0.93B,$0.14B,15.30%,$0.93B,$0.11B,11.85%,$0.93B,$0.07B,7.65%,$0.07B,$0.56B,12.86%,$0.07B,$0.43B,17.03%,$0.07B,$0.70B,10.25%,$0.11B,$0.56B,19.19%,$225,$158,$67,$0,$45,$203,$22,$1,$23,$8,$15,$15,$15,$26,$22,$19,19,$0.78,$0.78,$98,$86,$0,$275,$160,$128,$136,$4,$428,$703,$93,$0,$1,$46,$140,$33,$540,$-10,$563,$703,$11,$9,$1,$10,$16,$-11,$0,$-0,$2,$24,$-9,$0,$0,$-0,$0,$-0,$-0,$-10,$-0,$0,$-0,$-1,$-1,$-6,$0,$-7,$6,$1,$-6
15,2014-09-30,89.04,$30.14,2.95,$48.87,1.82,$7.96,11.19,$3.83,23.25,$0.28B,$0.10B,2.87,$0.00B,$0.56B,0.0,$0.92B,$0.29B,31.23%,$0.92B,$0.11B,11.64%,$0.92B,$0.11B,11.64%,$0.92B,$0.14B,15.56%,$0.92B,$0.11B,12.08%,$0.92B,$0.07B,7.83%,$0.07B,$0.56B,13.28%,$0.07B,$0.43B,17.59%,$0.07B,$0.71B,10.56%,$0.11B,$0.56B,19.73%,$213,$152,$61,$0,$45,$196,$17,$1,$18,$7,$11,$11,$11,$42,$17,$19,19,$0.60,$0.60,$92,$76,$0,$276,$158,$130,$137,$4,$429,$705,$96,$0,$1,$46,$142,$33,$536,$-6,$563,$705,$72,$37,$2,$39,$-9,$-2,$0,$-0,$-4,$107,$-38,$0,$-28,$-27,$7,$-20,$-1,$-87,$-0,$0,$-0,$-4,$-4,$-21,$0,$-25,$-6,$2,$-21
16,2014-06-30,89.28,$29.38,3.04,$48.00,1.86,$7.02,12.71,$3.73,23.94,$0.27B,$0.10B,2.56,$0.00B,$0.55B,0.0,$0.90B,$0.28B,31.08%,$0.90B,$0.11B,11.62%,$0.90B,$0.11B,11.62%,$0.90B,$0.14B,15.49%,$0.90B,$0.11B,12.06%,$0.90B,$0.07B,7.74%,$0.07B,$0.55B,13.19%,$0.07B,$0.41B,17.41%,$0.07B,$0.70B,10.49%,$0.11B,$0.55B,19.78%,$253,$171,$82,$0,$49,$221,$33,$1,$34,$12,$22,$22,$22,$45,$33,$19,19,$1.19,$1.18,$68,$80,$0,$266,$159,$132,$139,$4,$433,$698,$104,$0,$1,$47,$151,$31,$520,$-4,$548,$698,$50,$28,$2,$29,$-17,$-6,$0,$-0,$-10,$69,$-30,$0,$-29,$-20,$0,$-20,$-0,$-79,$-0,$0,$-0,$-5,$-5,$-15,$0,$-20,$-30,$2,$-15
17,2014-03-31,90.72,$28.55,3.18,$46.88,1.94,$6.41,14.16,$3.59,25.27,$0.25B,$0.09B,2.9,$0.00B,$0.53B,0.0,$0.88B,$0.27B,30.77%,$0.88B,$0.10B,11.43%,$0.88B,$0.10B,11.43%,$0.88B,$0.14B,15.38%,$0.88B,$0.11B,11.88%,$0.88B,$0.07B,7.58%,$0.07B,$0.53B,12.88%,$0.07B,$0.41B,16.94%,$0.07B,$0.67B,10.26%,$0.10B,$0.53B,19.42%,$257,$173,$84,$0,$48,$221,$36,$1,$37,$13,$24,$24,$24,$29,$36,$19,19,$1.27,$1.26,$77,$77,$0,$249,$155,$131,$127,$3,$417,$666,$86,$0,$1,$46,$132,$37,$502,$-5,$534,$666,$26,$18,$1,$19,$1,$-5,$0,$-1,$-6,$39,$-20,$0,$-11,$-20,$0,$-20,$-0,$-51,$-0,$0,$-0,$1,$1,$-9,$0,$-8,$-20,$1,$-9
18,2013-12-31,83.46,$28.05,2.98,$46.63,1.79,$6.11,13.66,$3.54,23.58,$0.27B,$0.09B,2.98,$0.00B,$0.52B,0.0,$0.88B,$0.27B,30.57%,$0.88B,$0.10B,11.36%,$0.88B,$0.10B,11.36%,$0.88B,$0.13B,15.23%,$0.88B,$0.10B,11.82%,$0.88B,$0.07B,7.50%,$0.07B,$0.52B,12.94%,$0.07B,$0.40B,17.08%,$0.07B,$0.66B,10.29%,$0.10B,$0.52B,19.61%,$205,$144,$61,$0,$41,$185,$20,$1,$21,$8,$14,$14,$14,$27,$20,$19,19,$0.72,$0.72,$106,$77,$0,$265,$152,$110,$128,$3,$394,$659,$89,$0,$1,$46,$135,$35,$494,$-6,$524,$659,$12,$9,$1,$10,$13,$-5,$0,$-0,$9,$31,$-9,$0,$-11,$0,$0,$0,$-0,$-20,$-0,$0,$-0,$0,$0,$-3,$0,$-3,$8,$1,$-3
19,2013-09-30,75.77,$27.66,2.74,$45.94,1.65,$5.45,13.9,$3.42,22.16,$0.27B,$0.08B,3.18,$0.00B,$0.52B,0.0,$0.87B,$0.26B,30.33%,$0.87B,$0.10B,11.19%,$0.87B,$0.10B,11.19%,$0.87B,$0.13B,14.99%,$0.87B,$0.10B,11.65%,$0.87B,$0.06B,7.38%,$0.06B,$0.52B,12.81%,$0.06B,$0.40B,16.98%,$0.06B,$0.65B,10.19%,$0.10B,$0.52B,19.42%,$204,$144,$60,$0,$41,$186,$18,$1,$19,$7,$12,$12,$12,$39,$18,$19,19,$0.67,$0.66,$98,$72,$0,$265,$147,$110,$121,$3,$381,$646,$83,$0,$1,$46,$129,$35,$488,$-6,$517,$646,$64,$34,$2,$36,$-11,$-2,$0,$-1,$-13,$87,$-35,$0,$0,$-86,$0,$-86,$-0,$-121,$-0,$0,$-0,$-11,$-11,$-11,$0,$-22,$-57,$2,$-11
20,2013-06-30,72.88,$26.92,2.71,$46.14,1.58,$5.22,13.96,$3.36,21.69,$0.26B,$0.09B,2.9,$0.00B,$0.51B,0.0,$0.87B,$0.26B,30.31%,$0.87B,$0.10B,11.02%,$0.87B,$0.10B,11.02%,$0.87B,$0.13B,14.81%,$0.87B,$0.10B,11.48%,$0.87B,$0.06B,7.35%,$0.06B,$0.51B,13.09%,$0.06B,$0.38B,17.51%,$0.06B,$0.64B,10.37%,$0.10B,$0.51B,19.62%,$238,$162,$76,$0,$45,$207,$31,$1,$32,$11,$20,$20,$20,$41,$31,$19,19,$1.09,$1.08,$83,$75,$0,$258,$146,$110,$122,$3,$381,$640,$89,$0,$1,$46,$135,$40,$471,$-6,$505,$640,$44,$25,$1,$26,$-16,$-5,$0,$-1,$-16,$54,$-26,$0,$0,$-89,$0,$-89,$-0,$-116,$-0,$0,$-0,$-4,$-4,$-8,$0,$-13,$-75,$1,$-8
21,2013-03-31,71.88,$26.26,2.74,$45.55,1.58,$4.98,14.42,$3.23,22.25,$0.27B,$0.08B,3.35,$0.00B,$0.49B,0.0,$0.86B,$0.26B,30.47%,$0.86B,$0.09B,10.93%,$0.86B,$0.09B,10.93%,$0.86B,$0.13B,14.65%,$0.86B,$0.10B,11.28%,$0.86B,$0.06B,7.21%,$0.06B,$0.49B,12.95%,$0.06B,$0.37B,17.51%,$0.06B,$0.62B,10.24%,$0.09B,$0.49B,19.62%,$237,$162,$75,$0,$43,$205,$32,$1,$33,$12,$21,$21,$21,$27,$32,$19,19,$1.13,$1.12,$106,$75,$0,$268,$143,$82,$123,$3,$352,$620,$80,$0,$1,$46,$126,$44,$452,$-3,$494,$620,$23,$16,$1,$17,$-3,$-5,$0,$-1,$-11,$29,$-15,$0,$0,$-60,$0,$-60,$-0,$-75,$-0,$0,$-0,$-0,$-0,$-5,$0,$-6,$-52,$1,$-5
22,2012-12-31,59.58,$25.67,2.32,$44.91,1.33,$4.76,12.5,$3.11,19.16,$0.23B,$0.08B,2.97,$0.00B,$0.48B,0.0,$0.85B,$0.26B,30.39%,$0.85B,$0.09B,10.72%,$0.85B,$0.09B,10.72%,$0.85B,$0.12B,14.49%,$0.85B,$0.09B,11.07%,$0.85B,$0.06B,6.95%,$0.06B,$0.48B,12.63%,$0.06B,$0.36B,17.19%,$0.06B,$0.61B,9.96%,$0.09B,$0.48B,19.47%,$201,$143,$58,$0,$39,$182,$19,$1,$20,$7,$13,$13,$13,$23,$19,$19,19,$0.67,$0.67,$81,$77,$0,$232,$142,$105,$124,$3,$375,$606,$78,$0,$1,$46,$124,$43,$443,$-3,$482,$606,$10,$8,$1,$9,$10,$-7,$0,$-0,$-1,$17,$-7,$0,$0,$-80,$0,$-80,$-0,$-87,$-0,$0,$-0,$-1,$-1,$-3,$0,$-4,$-74,$1,$-3
23,2012-09-30,53.33,$25.32,2.11,$43.91,1.21,$4.86,10.97,$2.86,18.65,$0.31B,$0.08B,3.78,$0.00B,$0.48B,0.0,$0.83B,$0.25B,30.08%,$0.83B,$0.08B,10.11%,$0.83B,$0.08B,10.11%,$0.83B,$0.12B,13.96%,$0.83B,$0.09B,10.47%,$0.83B,$0.05B,6.50%,$0.05B,$0.48B,11.84%,$0.05B,$0.35B,16.23%,$0.05B,$0.60B,9.36%,$0.08B,$0.48B,18.40%,$191,$137,$54,$0,$39,$176,$15,$1,$16,$6,$10,$10,$10,$38,$15,$19,19,$0.54,$0.54,$155,$70,$0,$308,$142,$25,$125,$3,$295,$603,$82,$0,$1,$46,$128,$43,$436,$-3,$475,$603,$54,$31,$4,$35,$-1,$-6,$0,$2,$0,$89,$-42,$0,$-8,$41,$0,$41,$-1,$-9,$-0,$0,$-0,$-4,$-4,$-10,$0,$-14,$67,$1,$-10
24,2012-06-30,54.86,$24.53,2.24,$42.78,1.28,$5.10,10.76,$2.68,20.47,$0.29B,$0.09B,3.3,$0.00B,$0.46B,0.0,$0.81B,$0.24B,29.70%,$0.81B,$0.08B,9.78%,$0.81B,$0.08B,9.78%,$0.81B,$0.11B,13.61%,$0.81B,$0.08B,10.02%,$0.81B,$0.05B,6.19%,$0.05B,$0.46B,11.23%,$0.05B,$0.34B,15.49%,$0.05B,$0.59B,8.87%,$0.08B,$0.46B,17.72%,$242,$165,$77,$0,$46,$212,$30,$0,$31,$11,$20,$20,$20,$38,$30,$19,19,$1.04,$1.03,$125,$73,$0,$289,$136,$39,$126,$3,$305,$593,$88,$0,$1,$42,$130,$49,$419,$-4,$464,$593,$35,$23,$1,$24,$-8,$-10,$0,$1,$-6,$52,$-29,$0,$-8,$13,$0,$13,$-1,$-26,$-0,$0,$-0,$3,$3,$-7,$0,$-5,$22,$1,$-7
25,2012-03-31,48.58,$23.75,2.05,$41.80,1.16,$5.55,8.75,$2.94,16.52,$0.24B,$0.08B,3.17,$0.00B,$0.45B,0.0,$0.79B,$0.24B,29.82%,$0.79B,$0.08B,9.64%,$0.79B,$0.08B,9.64%,$0.79B,$0.11B,13.58%,$0.79B,$0.09B,10.79%,$0.79B,$0.05B,6.85%,$0.05B,$0.45B,12.46%,$0.05B,$0.33B,17.31%,$0.05B,$0.57B,9.81%,$0.08B,$0.45B,17.50%,$226,$154,$73,$0,$43,$196,$30,$0,$30,$12,$19,$19,$19,$24,$30,$19,19,$0.99,$0.99,$94,$69,$0,$243,$133,$67,$120,$3,$324,$567,$77,$0,$1,$42,$119,$49,$402,$-3,$448,$567,$16,$15,$0,$16,$2,$-5,$0,$0,$-1,$30,$-21,$0,$0,$-2,$0,$-2,$-1,$-24,$-0,$0,$-0,$2,$2,$-5,$0,$-2,$4,$1,$-5
26,2011-12-31,49.22,$23.44,2.1,$40.45,1.22,$6.07,8.11,$2.85,17.27,$0.23B,$0.07B,3.54,$0.00B,$0.44B,0.0,$0.76B,$0.23B,30.22%,$0.76B,$0.07B,9.72%,$0.76B,$0.07B,9.72%,$0.76B,$0.10B,13.67%,$0.76B,$0.08B,10.78%,$0.76B,$0.05B,6.96%,$0.05B,$0.44B,12.61%,$0.05B,$0.32B,17.79%,$0.05B,$0.55B,9.96%,$0.07B,$0.44B,17.57%,$190,$136,$54,$0,$38,$173,$16,$0,$17,$6,$10,$10,$10,$16,$16,$19,19,$0.55,$0.55,$103,$66,$0,$232,$127,$63,$121,$2,$314,$545,$65,$0,$1,$42,$108,$47,$394,$-4,$437,$545,$5,$8,$0,$8,$19,$-3,$0,$2,$7,$21,$-9,$0,$0,$-4,$0,$-4,$-1,$-14,$-0,$0,$-0,$2,$2,$-2,$0,$-0,$7,$0,$-2
27,2011-09-30,44.27,$23.09,1.92,$39.63,1.12,$6.01,7.37,$2.94,15.06,$0.26B,$0.08B,3.43,$0.00B,$0.43B,0.0,$0.74B,$0.23B,30.91%,$0.74B,$0.08B,10.35%,$0.74B,$0.08B,10.35%,$0.74B,$0.11B,14.38%,$0.74B,$0.08B,11.29%,$0.74B,$0.06B,7.39%,$0.06B,$0.43B,13.49%,$0.06B,$0.31B,19.32%,$0.06B,$0.55B,10.66%,$0.08B,$0.43B,18.84%,$173,$126,$46,$0,$38,$164,$8,$0,$9,$3,$5,$5,$5,$32,$8,$19,19,$0.29,$0.29,$113,$63,$0,$260,$125,$42,$122,$2,$291,$551,$76,$1,$1,$43,$118,$45,$391,$-4,$432,$551,$55,$30,$0,$31,$-5,$-6,$0,$2,$-5,$80,$-29,$0,$-9,$-26,$0,$-26,$-1,$-64,$-0,$0,$-0,$5,$5,$-9,$0,$-3,$13,$1,$-9
28,2011-06-30,45.82,$22.36,2.05,$38.67,1.18,$5.12,8.95,$2.97,15.43,$0.26B,$0.09B,3.08,$0.00B,$0.42B,0.0,$0.73B,$0.23B,31.68%,$0.73B,$0.08B,10.61%,$0.73B,$0.08B,10.61%,$0.73B,$0.11B,14.88%,$0.73B,$0.08B,11.57%,$0.73B,$0.06B,7.58%,$0.06B,$0.42B,13.92%,$0.06B,$0.29B,20.30%,$0.06B,$0.54B,11.02%,$0.08B,$0.42B,19.46%,$219,$152,$67,$0,$43,$195,$25,$0,$25,$9,$16,$16,$16,$35,$25,$19,19,$0.86,$0.85,$105,$67,$0,$260,$122,$30,$123,$2,$278,$538,$85,$0,$1,$36,$121,$42,$378,$-2,$417,$538,$39,$23,$-6,$17,$-12,$-9,$0,$3,$-5,$51,$-20,$0,$-9,$-14,$0,$-14,$-1,$-43,$-0,$0,$-0,$3,$3,$-6,$0,$-4,$5,$1,$-6
29,2011-03-31,43.16,$21.26,2.03,$37.84,1.14,$4.84,8.91,$2.57,16.79,$0.25B,$0.07B,3.71,$0.00B,$0.40B,0.0,$0.71B,$0.23B,31.97%,$0.71B,$0.08B,10.70%,$0.71B,$0.08B,10.70%,$0.71B,$0.11B,15.07%,$0.71B,$0.08B,10.70%,$0.71B,$0.05B,6.76%,$0.05B,$0.40B,12.57%,$0.05B,$0.27B,18.66%,$0.05B,$0.50B,9.97%,$0.08B,$0.40B,19.86%,$206,$139,$68,$0,$40,$179,$27,$7,$34,$11,$23,$23,$23,$21,$27,$19,19,$1.25,$1.24,$122,$57,$0,$250,$108,$11,$123,$2,$244,$495,$67,$0,$1,$32,$100,$41,$356,$-2,$395,$495,$16,$15,$0,$16,$6,$-7,$0,$3,$-2,$29,$-10,$0,$0,$5,$0,$5,$-1,$-6,$-0,$0,$-0,$2,$2,$-4,$0,$-2,$22,$1,$-4
30,2010-12-31,44.11,$20.88,2.11,$37.60,1.17,$4.23,10.42,$2.59,17.03,$0.24B,$0.06B,3.96,$0.00B,$0.39B,0.0,$0.70B,$0.23B,32.39%,$0.70B,$0.08B,10.94%,$0.70B,$0.08B,10.94%,$0.70B,$0.11B,15.34%,$0.70B,$0.08B,10.94%,$0.70B,$0.05B,6.82%,$0.05B,$0.39B,12.94%,$0.05B,$0.26B,19.18%,$0.05B,$0.48B,10.25%,$0.08B,$0.39B,20.73%,$163,$114,$49,$0,$35,$149,$14,$0,$14,$5,$9,$9,$9,$19,$14,$19,19,$0.46,$0.46,$118,$57,$0,$235,$109,$8,$124,$2,$243,$479,$59,$1,$1,$32,$91,$40,$350,$-3,$387,$479,$7,$8,$0,$8,$16,$-6,$0,$3,$1,$16,$-5,$0,$0,$5,$0,$5,$-0,$-0,$-0,$0,$-0,$1,$1,$-2,$0,$-1,$15,$0,$-2
31,2010-09-30,38.25,$20.58,1.86,$37.25,1.03,$4.10,9.33,$2.59,14.77,$0.22B,$0.07B,3.1,$0.00B,$0.38B,0.0,$0.70B,$0.23B,32.71%,$0.70B,$0.08B,11.05%,$0.70B,$0.08B,11.05%,$0.70B,$0.11B,15.49%,$0.70B,$0.08B,11.19%,$0.70B,$0.05B,6.89%,$0.05B,$0.38B,13.33%,$0.05B,$0.26B,19.75%,$0.05B,$0.48B,10.49%,$0.08B,$0.38B,21.37%,$156,$110,$46,$0,$35,$145,$11,$0,$11,$4,$7,$7,$7,$33,$11,$19,19,$0.38,$0.38,$90,$51,$0,$221,$110,$26,$125,$2,$263,$484,$71,$1,$1,$32,$103,$38,$345,$-3,$381,$484,$48,$30,$4,$34,$-9,$-4,$0,$-4,$-15,$68,$-33,$0,$-25,$17,$0,$17,$-0,$-41,$-0,$0,$-0,$-5,$-5,$-8,$0,$-13,$14,$1,$-8
32,2010-06-30,38.3,$19.77,1.94,$36.29,1.06,$5.11,7.5,$2.50,15.32,$0.21B,$0.07B,2.84,$0.00B,$0.37B,0.0,$0.68B,$0.22B,32.84%,$0.68B,$0.08B,11.19%,$0.68B,$0.08B,11.19%,$0.68B,$0.11B,15.61%,$0.68B,$0.08B,11.34%,$0.68B,$0.05B,6.92%,$0.05B,$0.37B,13.41%,$0.05B,$0.24B,19.79%,$0.05B,$0.47B,10.52%,$0.08B,$0.37B,21.67%,$201,$134,$67,$0,$40,$176,$25,$0,$25,$9,$16,$16,$16,$34,$25,$19,19,$0.88,$0.88,$81,$53,$0,$207,$104,$28,$127,$2,$261,$467,$73,$0,$2,$29,$102,$38,$331,$-3,$365,$467,$32,$22,$1,$23,$-5,$-7,$0,$-0,$-8,$47,$-21,$0,$-25,$3,$0,$3,$-0,$-43,$-0,$0,$-0,$-5,$-5,$-6,$0,$-11,$-6,$1,$-6
33,2010-03-31,39.45,$19.06,2.07,$35.78,1.1,$5.70,6.92,$2.45,16.1,$0.21B,$0.06B,3.28,$0.00B,$0.35B,0.0,$0.67B,$0.22B,32.74%,$0.67B,$0.07B,11.06%,$0.67B,$0.07B,11.06%,$0.67B,$0.10B,15.40%,$0.67B,$0.08B,11.36%,$0.67B,$0.05B,6.88%,$0.05B,$0.35B,13.49%,$0.05B,$0.24B,19.85%,$0.05B,$0.44B,10.54%,$0.07B,$0.35B,21.70%,$190,$125,$65,$0,$39,$164,$26,$0,$26,$10,$16,$16,$16,$22,$26,$19,19,$0.86,$0.85,$90,$54,$0,$210,$99,$26,$107,$2,$235,$444,$64,$0,$2,$29,$93,$37,$317,$-3,$351,$444,$16,$15,$1,$15,$1,$-8,$0,$-0,$-11,$20,$-13,$0,$-1,$2,$0,$2,$-0,$-12,$-0,$0,$-0,$-5,$-5,$-4,$0,$-9,$-0,$1,$-4
34,2009-12-31,36.17,$18.65,1.94,$35.37,1.02,$6.22,5.82,$2.36,15.33,$0.20B,$0.06B,3.07,$0.00B,$0.34B,0.0,$0.66B,$0.21B,32.38%,$0.66B,$0.07B,10.74%,$0.66B,$0.07B,10.74%,$0.66B,$0.10B,15.13%,$0.66B,$0.07B,11.04%,$0.66B,$0.04B,6.66%,$0.04B,$0.34B,13.28%,$0.04B,$0.23B,19.91%,$0.04B,$0.44B,10.32%,$0.07B,$0.34B,21.42%,$157,$108,$50,$0,$35,$143,$15,$0,$15,$6,$9,$9,$9,$19,$15,$18,19,$0.49,$0.48,$89,$53,$0,$196,$99,$31,$108,$2,$240,$436,$64,$0,$2,$29,$93,$36,$310,$-3,$343,$436,$7,$7,$0,$7,$13,$-7,$0,$-0,$1,$16,$-7,$0,$0,$-0,$0,$-0,$-0,$-7,$-0,$0,$-0,$-6,$-6,$-2,$0,$-8,$1,$0,$-2
35,2009-09-30,38.98,$18.51,2.11,$34.92,1.12,$6.23,6.25,$2.21,17.64,$0.21B,$0.07B,3.12,$0.00B,$0.34B,0.0,$0.65B,$0.21B,32.01%,$0.65B,$0.07B,10.26%,$0.65B,$0.07B,10.26%,$0.65B,$0.10B,14.55%,$0.65B,$0.07B,10.41%,$0.65B,$0.04B,6.28%,$0.04B,$0.34B,12.73%,$0.04B,$0.23B,19.45%,$0.04B,$0.44B,9.89%,$0.07B,$0.34B,20.79%,$149,$103,$46,$0,$35,$138,$11,$0,$12,$5,$7,$7,$7,$31,$11,$19,19,$0.38,$0.38,$99,$46,$0,$211,$97,$20,$109,$2,$229,$440,$68,$0,$2,$29,$97,$42,$304,$-3,$343,$440,$41,$28,$6,$33,$1,$3,$0,$0,$6,$81,$-27,$0,$0,$-56,$35,$-21,$0,$-48,$-0,$0,$-0,$-9,$-9,$-7,$0,$-16,$16,$2,$-7
36,2009-06-30,32.33,$17.73,1.82,$34.49,0.94,$5.10,6.34,$2.01,16.09,$0.20B,$0.07B,2.69,$0.00B,$0.33B,0.0,$0.65B,$0.20B,31.22%,$0.65B,$0.06B,9.43%,$0.65B,$0.06B,9.43%,$0.65B,$0.09B,13.76%,$0.65B,$0.06B,9.58%,$0.65B,$0.04B,5.72%,$0.04B,$0.33B,11.73%,$0.04B,$0.22B,18.20%,$0.04B,$0.43B,9.10%,$0.06B,$0.33B,19.32%,$183,$121,$62,$0,$38,$159,$24,$0,$24,$9,$15,$15,$15,$31,$24,$19,19,$0.80,$0.79,$81,$52,$0,$199,$94,$20,$111,$2,$227,$426,$74,$0,$2,$25,$99,$39,$291,$-3,$327,$426,$26,$21,$1,$22,$2,$-3,$0,$-0,$6,$55,$-17,$0,$0,$-5,$0,$-5,$0,$-22,$-0,$0,$-0,$-11,$-11,$-5,$0,$-17,$15,$1,$-5
37,2009-03-31,31.16,$17.00,1.83,$34.19,0.91,$3.76,8.29,$1.79,17.41,$0.18B,$0.07B,2.72,$0.00B,$0.31B,0.0,$0.64B,$0.20B,30.59%,$0.64B,$0.05B,8.39%,$0.64B,$0.05B,8.39%,$0.64B,$0.08B,12.73%,$0.64B,$0.06B,8.54%,$0.64B,$0.03B,5.12%,$0.03B,$0.31B,10.65%,$0.03B,$0.20B,16.77%,$0.03B,$0.40B,8.24%,$0.05B,$0.31B,17.39%,$180,$119,$61,$0,$37,$155,$24,$0,$25,$10,$15,$15,$15,$19,$24,$18,19,$0.81,$0.80,$64,$51,$0,$179,$92,$18,$112,$2,$224,$404,$66,$0,$2,$25,$91,$38,$278,$-4,$312,$404,$12,$14,$1,$15,$4,$-2,$0,$-1,$1,$27,$-10,$0,$0,$5,$0,$5,$0,$-5,$-0,$0,$-0,$-12,$-12,$-4,$0,$-15,$6,$1,$-4
38,2008-12-31,32.13,$16.71,1.92,$33.77,0.95,$2.90,11.08,$1.61,19.96,$0.18B,$0.06B,3.09,$0.00B,$0.31B,0.0,$0.64B,$0.19B,30.05%,$0.64B,$0.05B,7.51%,$0.64B,$0.05B,7.51%,$0.64B,$0.08B,11.74%,$0.64B,$0.05B,7.67%,$0.64B,$0.03B,4.69%,$0.03B,$0.31B,9.80%,$0.03B,$0.19B,15.65%,$0.03B,$0.39B,7.58%,$0.05B,$0.31B,15.66%,$149,$104,$45,$0,$34,$137,$12,$0,$12,$5,$7,$7,$7,$14,$12,$18,19,$0.39,$0.39,$70,$50,$0,$176,$92,$5,$113,$3,$213,$389,$57,$0,$2,$25,$82,$37,$273,$-3,$306,$389,$4,$7,$1,$7,$12,$-1,$0,$-0,$1,$13,$-4,$0,$0,$-1,$0,$-1,$0,$-5,$-0,$0,$-0,$-12,$-12,$-2,$0,$-14,$-7,$1,$-2
39,2008-09-30,30.27,$16.90,1.79,$33.11,0.91,$2.67,11.32,$1.48,20.45,$0.18B,$0.07B,2.68,$0.00B,$0.32B,0.0,$0.63B,$0.19B,29.57%,$0.63B,$0.04B,6.84%,$0.63B,$0.04B,6.84%,$0.63B,$0.07B,11.13%,$0.63B,$0.05B,7.15%,$0.63B,$0.03B,4.45%,$0.03B,$0.32B,9.23%,$0.03B,$0.20B,14.89%,$0.03B,$0.41B,7.15%,$0.04B,$0.32B,14.14%,$141,$100,$41,$0,$34,$134,$7,$0,$7,$3,$4,$4,$4,$25,$7,$19,19,$0.23,$0.23,$61,$49,$0,$177,$93,$21,$114,$3,$231,$408,$66,$0,$2,$25,$92,$48,$270,$-2,$317,$408,$28,$27,$5,$33,$-5,$-2,$0,$-1,$-6,$55,$-22,$0,$0,$-13,$17,$4,$-1,$-19,$-0,$0,$-0,$-1,$-1,$-7,$0,$-8,$28,$2,$-7
40,2008-06-30,24.4,$16.35,1.49,$32.31,0.76,$2.81,8.68,$1.44,16.94,$0.15B,$0.07B,2.06,$0.00B,$0.31B,0.0,$0.61B,$0.18B,29.97%,$0.61B,$0.04B,6.68%,$0.61B,$0.04B,6.68%,$0.61B,$0.07B,11.07%,$0.61B,$0.04B,7.17%,$0.61B,$0.03B,4.40%,$0.03B,$0.31B,9.05%,$0.03B,$0.19B,14.88%,$0.03B,$0.40B,7.02%,$0.04B,$0.31B,13.72%,$177,$122,$55,$0,$38,$160,$18,$1,$18,$7,$11,$11,$11,$24,$18,$19,19,$0.60,$0.59,$26,$52,$0,$153,$94,$35,$115,$3,$248,$401,$74,$0,$2,$21,$96,$46,$261,$-2,$305,$401,$17,$21,$1,$22,$-12,$-6,$0,$-0,$-8,$30,$-18,$0,$0,$6,$0,$6,$-0,$-12,$-0,$0,$-0,$-3,$-3,$-5,$0,$-8,$11,$1,$-5
41,2008-03-31,24.37,$15.90,1.53,$31.52,0.77,$3.18,7.66,$1.52,16.03,$0.13B,$0.07B,1.9,$0.00B,$0.30B,0.0,$0.60B,$0.18B,30.67%,$0.60B,$0.04B,7.17%,$0.60B,$0.04B,7.17%,$0.60B,$0.07B,11.67%,$0.60B,$0.05B,7.50%,$0.60B,$0.03B,4.67%,$0.03B,$0.30B,9.56%,$0.03B,$0.18B,15.98%,$0.03B,$0.39B,7.43%,$0.04B,$0.30B,14.66%,$177,$121,$56,$0,$39,$159,$17,$1,$18,$7,$11,$11,$11,$12,$17,$19,19,$0.58,$0.57,$8,$52,$0,$126,$94,$45,$116,$3,$259,$385,$66,$0,$2,$22,$88,$47,$252,$-2,$297,$385,$6,$14,$1,$14,$-4,$-5,$0,$-1,$-7,$13,$-12,$0,$0,$-4,$0,$-4,$-0,$-16,$-0,$0,$-0,$-1,$-1,$-3,$0,$-5,$-7,$1,$-3
42,2007-12-31,27.65,$15.79,1.75,$30.76,0.9,$3.52,7.86,$1.59,17.39,$0.16B,$0.06B,2.85,$0.00B,$0.30B,0.0,$0.59B,$0.19B,31.74%,$0.59B,$0.05B,7.68%,$0.59B,$0.05B,7.68%,$0.59B,$0.07B,12.46%,$0.59B,$0.05B,8.19%,$0.59B,$0.03B,4.95%,$0.03B,$0.30B,10.12%,$0.03B,$0.18B,17.21%,$0.03B,$0.37B,7.88%,$0.05B,$0.30B,15.69%,$144,$104,$40,$0,$35,$139,$6,$1,$6,$2,$4,$4,$4,$9,$6,$19,19,$0.21,$0.21,$60,$48,$0,$158,$94,$0,$117,$3,$215,$373,$55,$0,$2,$22,$77,$48,$250,$-2,$295,$373,$2,$7,$0,$7,$13,$-2,$0,$-1,$2,$11,$-6,$0,$0,$-7,$0,$-7,$-0,$-13,$-0,$0,$-0,$0,$0,$-2,$0,$-1,$-4,$0,$-2
43,2007-09-30,30.7,$15.80,1.94,$29.94,1.03,$3.42,8.99,$1.69,18.16,$0.17B,$0.07B,2.56,$0.00B,$0.30B,0.0,$0.57B,$0.19B,32.69%,$0.57B,$0.05B,8.44%,$0.57B,$0.05B,8.44%,$0.57B,$0.08B,13.18%,$0.57B,$0.05B,8.96%,$0.57B,$0.03B,5.45%,$0.03B,$0.30B,11.10%,$0.03B,$0.18B,18.18%,$0.03B,$0.38B,8.63%,$0.05B,$0.30B,17.19%,$131,$96,$35,$0,$33,$129,$2,$1,$3,$1,$2,$2,$2,$23,$2,$19,19,$0.10,$0.10,$57,$47,$0,$165,$93,$0,$119,$3,$215,$380,$65,$0,$0,$20,$85,$47,$250,$-2,$296,$380,$32,$27,$2,$29,$-1,$-6,$0,$-0,$-3,$58,$-22,$0,$-53,$-61,$79,$18,$-1,$-58,$-0,$0,$-0,$4,$4,$-6,$0,$-2,$-2,$2,$-6
44,2007-06-30,33.19,$15.23,2.18,$29.60,1.12,$3.47,9.57,$1.75,18.96,$0.16B,$0.07B,2.31,$0.00B,$0.28B,0.0,$0.56B,$0.19B,33.16%,$0.56B,$0.05B,8.91%,$0.56B,$0.05B,8.91%,$0.56B,$0.08B,13.55%,$0.56B,$0.05B,9.45%,$0.56B,$0.03B,5.88%,$0.03B,$0.28B,12.17%,$0.03B,$0.17B,19.19%,$0.03B,$0.37B,9.44%,$0.05B,$0.28B,18.43%,$162,$109,$53,$0,$37,$146,$16,$1,$17,$7,$10,$10,$10,$26,$16,$19,19,$0.55,$0.55,$41,$46,$0,$155,$93,$0,$119,$3,$215,$370,$67,$0,$0,$19,$86,$45,$241,$-2,$284,$370,$22,$20,$1,$21,$-6,$-5,$0,$-0,$-6,$36,$-17,$0,$-53,$-31,$65,$34,$-1,$-36,$0,$0,$0,$2,$2,$-5,$0,$-2,$-2,$1,$-5
45,2007-03-31,34.65,$14.61,2.37,$28.50,1.22,$3.35,10.34,$1.66,20.87,$0.14B,$0.06B,2.33,$0.00B,$0.27B,0.0,$0.54B,$0.18B,33.64%,$0.54B,$0.05B,8.92%,$0.54B,$0.05B,8.92%,$0.54B,$0.07B,13.57%,$0.54B,$0.05B,9.48%,$0.54B,$0.03B,5.95%,$0.03B,$0.27B,12.17%,$0.03B,$0.15B,18.44%,$0.03B,$0.35B,9.43%,$0.05B,$0.27B,18.25%,$163,$107,$56,$0,$38,$144,$19,$0,$19,$7,$12,$12,$12,$15,$19,$19,19,$0.67,$0.66,$36,$45,$0,$137,$92,$0,$117,$3,$211,$349,$59,$0,$1,$19,$78,$43,$231,$-2,$271,$349,$9,$13,$1,$14,$5,$-5,$0,$-1,$-4,$19,$-12,$0,$-47,$47,$0,$47,$-1,$-12,$0,$0,$0,$2,$2,$-3,$0,$-1,$6,$1,$-3
46,2006-12-31,36.25,$14.38,2.52,$27.62,1.31,$3.20,11.33,$1.60,22.65,$0.17B,$0.05B,3.15,$0.00B,$0.27B,0.0,$0.52B,$0.17B,33.46%,$0.52B,$0.05B,8.85%,$0.52B,$0.05B,8.85%,$0.52B,$0.07B,13.46%,$0.52B,$0.05B,9.42%,$0.52B,$0.03B,5.96%,$0.03B,$0.27B,12.13%,$0.03B,$0.19B,17.27%,$0.03B,$0.34B,9.39%,$0.05B,$0.27B,18.00%,$130,$88,$42,$0,$34,$122,$8,$1,$9,$3,$5,$5,$5,$11,$8,$19,19,$0.29,$0.28,$75,$43,$0,$167,$86,$0,$80,$5,$171,$338,$53,$0,$1,$19,$72,$41,$227,$-2,$266,$338,$4,$6,$0,$7,$9,$-5,$0,$-0,$-2,$8,$-6,$0,$-3,$6,$0,$6,$-0,$-3,$0,$0,$0,$1,$1,$-1,$0,$-1,$4,$0,$-1
