,Date,Stock Price,Book Value per Share,Price to Book Ratio,TTM Sales per Share,Price to Sales Ratio,TTM FCF per Share,Price to FCF Ratio,TTM Net EPS,PE Ratio,Current Assets,Current Liabilities,Current Ratio,Long Term Debt,Shareholder's Equity_x,Debt to Equity Ratio,TTM Revenue_x,TTM Gross Profit,Gross Margin,TTM Revenue_y,TTM Operating Income,Operating Margin,TTM Revenue_x,TTM EBIT,EBIT Margin,TTM Revenue_y,TTM EBITDA,EBITDA Margin,TTM Revenue_x,TTM Pre-Tax Income,Pre-Tax Margin,TTM Revenue_y,TTM Net Income_x,Net Margin,TTM Net Income_y,Shareholder's Equity_y,Return on Equity,TTM Net Income_x,Tangible Equity,Return on Tangible Equity,TTM Net Income_y,Total Assets,Return on Assets,TTM Net Income,LT Investments & Debt,Return on Investment,revenue,cost-goods-sold,gross-profit,research-development-expenses,selling-general-administrative-expenses,operating-expenses,operating-income,total-non-operating-income-expense,pre-tax-income,total-provision-income-taxes,income-after-taxes,income-from-continuous-operations,net-income,ebitda,ebit,basic-shares-outstanding,shares-outstanding,eps-basic-net-earnings-per-share,eps-earnings-per-share-diluted,cash-on-hand,inventory,other-current-assets,total-current-assets,net-property-plant-equipment,long-term-investments,goodwill-intangible-assets-total,other-long-term-assets,total-long-term-assets,total-assets,total-current-liabilities,long-term-debt,other-non-current-liabilities,total-long-term-liabilities,total-liabilities,common-stock-net,retained-earnings-accumulated-deficit,comprehensive-income,total-share-holder-equity,total-liabilities-share-holders-equity,net-income-loss,total-depreciation-amortization-cash-flow,other-non-cash-items,total-non-cash-items,change-in-accounts-receivable,change-in-inventories,change-in-accounts-payable,change-in-assets-liabilities,total-change-in-assets-liabilities,cash-flow-from-operating-activities,net-change-in-property-plant-equipment,net-change-in-intangible-assets,net-acquisitions-divestitures,net-change-in-short-term-investments,net-change-in-long-term-investments,net-change-in-investments-total,investing-activities-other,cash-flow-from-investing-activities,net-long-term-debt,net-current-debt,debt-issuance-retirement-net-total,net-common-equity-issued-repurchased,net-total-equity-issued-repurchased,total-common-preferred-stock-dividends-paid,financial-activities-other,cash-flow-from-financial-activities,net-cash-flow,stock-based-compensation,common-stock-dividends-paid
0,2018-09-30,10.77,$30.61,0.35,$101.12,0.11,$-10.77,0.0,$0.52,20.71,$3.31B,$3.53B,0.94,$0.25B,$1.20B,0.21,$3.72B,$0.49B,13.08%,$3.72B,$0.08B,2.05%,$3.72B,$0.08B,2.05%,$3.72B,$0.08B,2.05%,$3.72B,$0.06B,1.48%,$3.72B,$0.05B,1.29%,$0.05B,$1.20B,4.20%,$0.05B,$1.11B,4.53%,$0.05B,$5.14B,1.00%,$0.08B,$1.45B,5.61%,$916,$806,$110,$12,$81,$902,$14,$-5,$9,$-2,$11,$15,$15,$14,$14,$39,39,$0.38,$0.38,$997,$890,$67,$3273,$1078,$8,$92,$473,$1696,$4969,$3438,$246,$99,$354,$3792,$0,$446,$6,$1177,$4969,$0,$0,$0,$0,$0,$0,$0,$0,$0,$0,$0,$0,$0,$0,$0,$0,$0,$0,$0,$0,$0,$0,$0,$0,$0,$0,$0,$0,$0
1,2018-06-30,13.77,$30.09,0.46,$104.95,0.13,$-10.77,0.0,$0.56,24.59,$3.27B,$3.44B,0.95,$0.25B,$1.18B,0.21,$3.71B,$0.46B,12.33%,$3.71B,$0.06B,1.70%,$3.71B,$0.06B,1.70%,$3.71B,$0.06B,1.70%,$3.71B,$0.02B,0.57%,$3.71B,$0.02B,0.59%,$0.02B,$1.18B,2.01%,$0.02B,$1.09B,2.17%,$0.02B,$4.97B,0.48%,$0.06B,$1.42B,4.88%,$728,$623,$105,$14,$71,$708,$20,$-19,$1,$-1,$1,$1,$1,$20,$20,$36,37,$0.02,$0.02,$915,$750,$79,$3113,$1087,$4,$88,$348,$1568,$4681,$3153,$161,$188,$359,$3512,$0,$455,$-2,$1169,$4681,$0,$0,$0,$0,$0,$0,$0,$0,$0,$0,$0,$0,$0,$0,$0,$0,$0,$0,$0,$0,$0,$0,$0,$0,$0,$0,$0,$0,$0
2,2018-03-31,18.25,$29.89,0.61,$117.81,0.15,$-10.77,0.0,$0.38,48.03,$3.11B,$3.15B,0.99,$0.16B,$1.17B,0.14,$3.96B,$0.47B,11.87%,$3.96B,$0.06B,1.57%,$3.96B,$0.06B,1.57%,$3.96B,$0.06B,1.57%,$3.96B,$0.01B,0.35%,$3.96B,$0.01B,0.35%,$0.01B,$1.17B,1.34%,$0.01B,$1.08B,1.45%,$0.01B,$4.68B,0.32%,$0.06B,$1.33B,5.18%,$1096,$970,$126,$14,$97,$1080,$15,$-6,$9,$5,$5,$4,$4,$15,$15,$32,33,$0.14,$0.15,$922,$657,$61,$3014,$1027,$3,$72,$243,$1388,$4401,$3068,$187,$107,$305,$3373,$0,$438,$4,$1028,$4401,$22,$97,$-28,$69,$-36,$31,$61,$-199,$-118,$-27,$-327,$-5,$2,$25,$-3,$23,$-67,$-374,$47,$266,$314,$11,$11,$0,$0,$324,$-88,$10,$0
3,2017-12-31,24.05,$31.12,0.77,$124.30,0.19,$-10.77,0.0,$0.64,37.58,$3.01B,$3.07B,0.98,$0.19B,$1.03B,0.18,$4.07B,$0.46B,11.28%,$4.07B,$0.05B,1.23%,$4.07B,$0.05B,1.23%,$4.07B,$0.05B,1.23%,$4.07B,$0.02B,0.54%,$4.07B,$0.02B,0.54%,$0.02B,$1.03B,2.23%,$0.02B,$0.96B,2.40%,$0.02B,$4.40B,0.52%,$0.05B,$1.22B,4.47%,$965,$849,$116,$11,$91,$951,$14,$-11,$2,$1,$2,$2,$2,$14,$14,$33,34,$0.04,$0.04,$989,$788,$91,$3222,$906,$4,$71,$213,$1233,$4456,$3144,$200,$106,$316,$3460,$0,$432,$6,$996,$4456,$0,$0,$0,$0,$0,$0,$0,$0,$0,$0,$0,$0,$0,$0,$0,$0,$0,$0,$0,$0,$0,$0,$0,$0,$0,$0,$0,$0,$0
4,2017-09-30,24.95,$31.42,0.79,$105.81,0.24,$-16.63,0.0,$5.02,4.97,$3.22B,$3.14B,1.03,$0.20B,$1.00B,0.2,$3.46B,$0.34B,9.78%,$3.46B,$-0.02B,-0.49%,$3.46B,$-0.02B,-0.49%,$3.46B,$-0.02B,-0.49%,$3.46B,$-0.00B,-0.09%,$3.46B,$0.16B,4.48%,$0.16B,$1.00B,16.09%,$0.16B,$0.92B,17.34%,$0.16B,$4.46B,3.81%,$-0.02B,$1.20B,-1.60%,$1169,$1046,$123,$11,$100,$1156,$13,$-10,$2,$-5,$7,$7,$7,$13,$13,$32,32,$0.22,$0.22,$761,$768,$64,$3019,$868,$1,$70,$144,$1122,$4141,$2962,$69,$123,$202,$3164,$0,$423,$10,$977,$4141,$0,$0,$0,$0,$0,$0,$0,$0,$0,$0,$0,$0,$0,$0,$0,$0,$0,$0,$0,$0,$0,$0,$0,$0,$0,$0,$0,$0,$0
5,2017-06-30,20.8,$30.02,0.69,$103.29,0.2,$-16.63,0.0,$6.05,3.44,$3.02B,$2.96B,1.02,$0.07B,$0.98B,0.07,$3.35B,$0.41B,12.28%,$3.35B,$0.06B,1.76%,$3.35B,$0.06B,1.76%,$3.35B,$0.06B,1.76%,$3.35B,$0.06B,1.64%,$3.35B,$0.19B,5.62%,$0.19B,$0.98B,20.64%,$0.19B,$0.91B,22.25%,$0.19B,$4.14B,4.44%,$0.06B,$1.05B,4.64%,$839,$745,$94,$9,$77,$831,$8,$1,$9,$0,$9,$9,$9,$8,$8,$32,32,$0.28,$0.28,$763,$780,$45,$2908,$767,$1,$68,$140,$1015,$3923,$2792,$70,$102,$182,$2973,$0,$410,$13,$950,$3923,$0,$0,$0,$0,$0,$0,$0,$0,$0,$0,$0,$0,$0,$0,$0,$0,$0,$0,$0,$0,$0,$0,$0,$0,$0,$0,$0,$0,$0
6,2017-03-31,16.57,$29.68,0.56,$94.22,0.18,$-16.63,0.0,$7.12,2.33,$2.91B,$2.79B,1.04,$0.07B,$0.95B,0.07,$3.07B,$0.47B,15.29%,$3.07B,$0.11B,3.68%,$3.07B,$0.11B,3.68%,$3.07B,$0.11B,3.68%,$3.07B,$0.12B,3.77%,$3.07B,$0.22B,7.26%,$0.22B,$0.95B,26.12%,$0.22B,$0.88B,28.18%,$0.22B,$3.92B,5.12%,$0.11B,$1.02B,8.04%,$483,$478,$5,$7,$47,$535,$-52,$36,$-16,$-10,$-6,$-8,$137,$-52,$-52,$31,33,$4.32,$4.42,$897,$644,$47,$2837,$683,$1,$68,$150,$921,$3758,$2645,$70,$105,$183,$2827,$0,$397,$15,$930,$3758,$287,$114,$-71,$42,$-455,$-225,$115,$-59,$-589,$-260,$-283,$-11,$0,$-330,$-23,$-354,$-347,$-995,$2630,$-1554,$1076,$-2,$-2,$0,$0,$1074,$16,$29,$0
7,2016-12-31,15.23,$29.37,0.52,$90.96,0.17,$-16.63,0.0,$8.15,1.87,$2.84B,$2.65B,1.07,$0.07B,$0.93B,0.08,$3.08B,$0.56B,18.07%,$3.08B,$0.19B,6.29%,$3.08B,$0.19B,6.29%,$3.08B,$0.19B,6.29%,$3.08B,$0.18B,5.78%,$3.08B,$0.26B,8.53%,$0.26B,$0.93B,32.97%,$0.26B,$0.86B,35.64%,$0.26B,$3.76B,5.89%,$0.19B,$1.00B,12.96%,$855,$667,$189,$6,$92,$765,$90,$-30,$60,$18,$43,$44,$35,$90,$90,$32,33,$1.12,$0.92,$983,$489,$41,$2629,$641,$20,$58,$1734,$2471,$5100,$2738,$1231,$76,$1575,$4313,$0,$279,$-0,$787,$5100,$0,$0,$0,$0,$0,$0,$0,$0,$0,$0,$0,$0,$0,$0,$0,$0,$0,$0,$0,$0,$0,$0,$0,$0,$0,$0,$0,$0,$0
8,2016-09-30,15.8,$24.92,0.63,$103.84,0.15,$2.35,6.73,$5.33,2.96,$2.63B,$2.74B,0.96,$1.23B,$0.79B,1.56,$3.48B,$0.72B,20.79%,$3.48B,$0.31B,9.02%,$3.48B,$0.31B,9.02%,$3.48B,$0.31B,9.02%,$3.48B,$0.26B,7.52%,$3.48B,$0.18B,5.17%,$0.18B,$0.79B,24.55%,$0.18B,$0.73B,26.63%,$0.18B,$5.10B,3.94%,$0.31B,$2.02B,19.31%,$896,$714,$182,$7,$94,$829,$67,$-4,$63,$14,$50,$50,$42,$67,$67,$31,33,$1.36,$1.28,$1000,$466,$53,$2425,$598,$18,$56,$1510,$2202,$4627,$2719,$830,$70,$1160,$3879,$0,$243,$0,$748,$4627,$0,$0,$0,$0,$0,$0,$0,$0,$0,$0,$0,$0,$0,$0,$0,$0,$0,$0,$0,$0,$0,$0,$0,$0,$0,$0,$0,$0,$0
9,2016-06-30,20.38,$23.76,0.86,$94.04,0.22,$2.35,8.69,$5.05,4.04,$2.43B,$2.72B,0.89,$0.83B,$0.75B,1.11,$3.27B,$0.67B,20.55%,$3.27B,$0.28B,8.70%,$3.27B,$0.28B,8.70%,$3.27B,$0.28B,8.70%,$3.27B,$0.24B,7.47%,$3.27B,$0.18B,5.39%,$0.18B,$0.75B,25.40%,$0.18B,$0.69B,27.76%,$0.18B,$4.63B,4.09%,$0.28B,$1.58B,19.63%,$848,$667,$181,$6,$86,$759,$89,$-18,$71,$16,$56,$56,$49,$89,$89,$31,37,$1.56,$1.44,$965,$482,$61,$2301,$609,$18,$57,$1361,$2066,$4367,$2654,$665,$62,$987,$3641,$0,$211,$2,$726,$4367,$0,$0,$0,$0,$0,$0,$0,$0,$0,$0,$0,$0,$0,$0,$0,$0,$0,$0,$0,$0,$0,$0,$0,$0,$0,$0,$0,$0,$0
10,2016-03-31,20.91,$23.13,0.9,$83.09,0.25,$2.35,8.91,$4.16,5.03,$2.30B,$2.65B,0.87,$0.67B,$0.73B,0.92,$2.89B,$0.60B,20.65%,$2.89B,$0.26B,8.84%,$2.89B,$0.26B,8.84%,$2.89B,$0.26B,8.84%,$2.89B,$0.20B,6.96%,$2.89B,$0.15B,5.06%,$0.15B,$0.73B,20.33%,$0.15B,$0.67B,28.09%,$0.15B,$4.37B,3.62%,$0.26B,$1.39B,18.42%,$884,$713,$172,$5,$98,$817,$68,$-0,$68,$10,$58,$74,$54,$68,$68,$31,32,$1.74,$2.20,$931,$495,$42,$2253,$582,$18,$57,$1260,$1937,$4190,$2352,$847,$70,$1167,$3519,$0,$162,$2,$672,$4190,$133,$97,$17,$115,$-60,$-203,$91,$70,$-41,$207,$-132,$-9,$-10,$-12,$-1,$-13,$-348,$-512,$596,$-2,$593,$1,$1,$0,$0,$594,$294,$17,$0
11,2015-12-31,27.67,$21.42,1.29,$74.09,0.37,$2.35,11.79,$3.11,8.9,$2.25B,$2.35B,0.96,$0.85B,$0.67B,1.26,$2.48B,$0.51B,20.35%,$2.48B,$0.20B,8.18%,$2.48B,$0.20B,8.18%,$2.48B,$0.20B,8.18%,$2.48B,$0.15B,5.97%,$2.48B,$0.11B,4.23%,$0.11B,$0.67B,14.15%,$0.11B,$0.62B,19.35%,$0.11B,$4.19B,2.83%,$0.20B,$1.52B,15.01%,$638,$502,$136,$6,$69,$577,$60,$-18,$42,$5,$37,$38,$31,$60,$60,$31,39,$1.00,$0.48,$781,$624,$27,$2300,$546,$18,$65,$1076,$1723,$4023,$2415,$673,$62,$982,$3397,$0,$126,$3,$626,$4023,$0,$0,$0,$0,$0,$0,$0,$0,$0,$0,$0,$0,$0,$0,$0,$0,$0,$0,$0,$0,$0,$0,$0,$0,$0,$0,$0,$0,$0
12,2015-09-30,21.94,$20.08,1.09,$58.76,0.37,$-1.26,0.0,$1.95,11.25,$2.30B,$2.42B,0.95,$0.67B,$0.63B,1.07,$2.08B,$0.45B,21.44%,$2.08B,$0.18B,8.57%,$2.08B,$0.18B,8.57%,$2.08B,$0.18B,8.57%,$2.08B,$0.12B,5.92%,$2.08B,$0.09B,4.34%,$0.09B,$0.63B,11.62%,$0.09B,$0.56B,15.69%,$0.09B,$4.02B,2.62%,$0.18B,$1.30B,13.63%,$516,$409,$107,$6,$62,$478,$38,$-18,$20,$-1,$21,$12,$12,$38,$38,$31,32,$0.40,$0.38,$566,$476,$187,$1865,$0,$17,$612,$472,$1119,$3534,$2150,$484,$52,$536,$2686,$0,$97,$0,$848,$3534,$0,$0,$0,$0,$0,$0,$0,$0,$0,$0,$0,$0,$0,$0,$0,$0,$0,$0,$0,$0,$0,$0,$0,$0,$0,$0,$0,$0,$0
13,2015-06-30,29.52,$0.00,0.0,$54.42,0.54,$-1.26,0.0,$2.48,11.9,$1.87B,$2.15B,0.87,$0.48B,$0.85B,0.57,$1.86B,$0.40B,21.29%,$1.86B,$0.16B,8.46%,$1.86B,$0.16B,8.46%,$1.86B,$0.16B,8.46%,$1.86B,$0.11B,5.66%,$1.86B,$0.11B,5.66%,$0.11B,$0.85B,13.22%,$0.11B,$0.24B,17.65%,$0.11B,$3.53B,3.42%,$0.16B,$1.33B,12.10%,$443,$353,$90,$4,$49,$406,$37,$-19,$18,$3,$15,$8,$8,$37,$37,$31,32,$0.26,$0.26,$543,$315,$180,$1612,$0,$17,$62,$897,$992,$3119,$1808,$440,$48,$489,$2297,$0,$83,$0,$822,$3119,$0,$0,$0,$0,$0,$0,$0,$0,$0,$0,$0,$0,$0,$0,$0,$0,$0,$0,$0,$0,$0,$0,$0,$0,$0,$0,$0,$0,$0
14,2015-03-31,25.64,$0.00,0.0,$49.37,0.52,$-1.26,0.0,$2.74,9.36,$1.61B,$1.81B,0.89,$0.44B,$0.82B,0.54,$1.73B,$0.38B,21.78%,$1.73B,$0.16B,9.24%,$1.73B,$0.16B,9.24%,$1.73B,$0.16B,9.24%,$1.73B,$0.11B,6.35%,$1.73B,$0.12B,6.64%,$0.12B,$0.82B,16.41%,$0.12B,$0.76B,17.97%,$0.12B,$3.12B,4.22%,$0.16B,$1.26B,13.13%,$479,$366,$112,$6,$64,$436,$43,$5,$43,$-1,$45,$39,$39,$43,$43,$31,39,$1.28,$0.52,$646,$305,$196,$1677,$0,$17,$62,$804,$899,$3076,$1696,$531,$48,$580,$2276,$0,$75,$0,$801,$3076,$117,$14,$0,$14,$0,$0,$0,$0,$0,$30,$-79,$0,$-21,$0,$0,$208,$-778,$-670,$0,$-642,$0,$0,$223,$0,$1274,$855,$213,$0,$0
15,2014-12-31,19.71,$0.00,0.0,$45.11,0.44,$-1.26,0.0,$2.28,8.64,$1.68B,$1.70B,0.99,$0.53B,$0.80B,0.66,$1.61B,$0.37B,22.64%,$1.61B,$0.16B,9.68%,$1.61B,$0.16B,9.68%,$1.61B,$0.16B,9.68%,$1.61B,$0.09B,5.77%,$1.61B,$0.11B,6.76%,$0.11B,$0.80B,17.91%,$0.11B,$0.74B,19.89%,$0.11B,$3.08B,4.51%,$0.16B,$1.33B,14.24%,$417,$331,$86,$4,$43,$378,$39,$-15,$24,$-25,$49,$46,$46,$39,$39,$31,35,$1.48,$1.32,$530,$243,$150,$1409,$0,$20,$61,$529,$622,$2548,$1244,$557,$41,$598,$1842,$0,$46,$0,$706,$2548,$0,$0,$0,$0,$0,$0,$0,$0,$0,$0,$0,$0,$0,$0,$0,$0,$0,$0,$0,$0,$0,$0,$0,$0,$0,$0,$0,$0,$0
16,2014-09-30,27.49,$0.00,0.0,$45.54,0.6,$0.95,28.79,$2.72,10.11,$1.41B,$1.24B,1.13,$0.56B,$0.71B,0.79,$1.49B,$0.33B,22.22%,$1.49B,$0.15B,9.71%,$1.49B,$0.15B,9.71%,$1.49B,$0.16B,10.78%,$1.49B,$0.08B,5.22%,$1.49B,$0.10B,6.49%,$0.10B,$0.71B,19.73%,$0.10B,$0.65B,22.48%,$0.10B,$2.55B,4.65%,$0.15B,$1.26B,16.19%,$392,$303,$89,$4,$44,$351,$41,$-15,$25,$3,$22,$22,$22,$41,$41,$31,36,$0.72,$0.64,$386,$161,$118,$1146,$0,$22,$60,$416,$499,$2160,$1104,$542,$39,$580,$1685,$0,$1,$0,$475,$2160,$0,$0,$0,$0,$0,$0,$0,$0,$0,$0,$0,$0,$0,$0,$0,$0,$0,$0,$0,$0,$0,$0,$0,$0,$0,$0,$0,$0,$0
17,2014-06-30,30.17,$0.00,0.0,$47.16,0.64,$1.85,16.31,$2.12,14.23,$1.15B,$1.10B,1.04,$0.54B,$0.48B,1.14,$1.40B,$0.32B,22.75%,$1.40B,$0.15B,10.44%,$1.40B,$0.15B,10.44%,$1.40B,$0.16B,11.59%,$1.40B,$0.08B,5.36%,$1.40B,$0.07B,4.86%,$0.07B,$0.48B,17.42%,$0.07B,$0.42B,20.61%,$0.07B,$2.16B,3.63%,$0.15B,$1.02B,20.76%,$324,$246,$78,$4,$41,$291,$33,$-31,$1,$1,$0,$2,$2,$33,$33,$30,33,$0.05,$-0.20,$385,$17,$112,$1016,$0,$22,$60,$282,$365,$1886,$1079,$319,$36,$355,$1434,$0,$-21,$0,$452,$1886,$0,$0,$0,$0,$0,$0,$0,$0,$0,$0,$0,$0,$0,$0,$0,$0,$0,$0,$0,$0,$0,$0,$0,$0,$0,$0,$0,$0,$0
18,2014-03-31,27.95,$0.00,0.0,$49.05,0.57,$1.85,15.11,$1.84,15.19,$1.02B,$1.08B,0.94,$0.32B,$0.45B,0.71,$1.29B,$0.28B,21.64%,$1.29B,$0.13B,10.05%,$1.29B,$0.13B,10.05%,$1.29B,$0.15B,11.28%,$1.29B,$0.06B,4.71%,$1.29B,$0.05B,4.17%,$0.05B,$0.45B,16.63%,$0.05B,$0.39B,20.42%,$0.05B,$1.89B,3.11%,$0.13B,$0.77B,23.61%,$361,$282,$79,$5,$42,$329,$32,$-17,$28,$0,$28,$27,$27,$48,$32,$27,28,$1.00,$0.96,$262,$118,$134,$883,$0,$20,$60,$263,$344,$1753,$1195,$197,$26,$224,$1419,$0,$-24,$0,$334,$1753,$31,$60,$0,$60,$0,$0,$0,$0,$-34,$103,$-76,$0,$-0,$0,$0,$-16,$-120,$-212,$0,$-64,$132,$0,$71,$0,$0,$139,$29,$0,$0
19,2013-12-31,29.3,$0.00,0.0,$47.82,0.61,$1.85,15.84,$1.12,26.16,$0.88B,$1.20B,0.74,$0.20B,$0.33B,0.59,$1.16B,$0.23B,19.53%,$1.16B,$0.09B,8.12%,$1.16B,$0.09B,8.12%,$1.16B,$0.11B,9.51%,$1.16B,$0.04B,3.37%,$1.16B,$0.03B,2.68%,$0.03B,$0.33B,11.83%,$0.03B,$0.27B,15.35%,$0.03B,$1.75B,1.87%,$0.09B,$0.53B,21.22%,$321,$249,$72,$2,$29,$281,$40,$-19,$21,$3,$18,$17,$17,$40,$40,$23,23,$0.76,$0.72,$357,$103,$120,$895,$0,$20,$60,$24,$104,$1700,$1183,$193,$23,$216,$1400,$0,$-49,$0,$300,$1700,$4,$44,$0,$44,$0,$0,$0,$0,$1,$84,$-63,$0,$-13,$0,$0,$-20,$-100,$-197,$0,$23,$131,$0,$70,$0,$0,$223,$110,$0,$0
20,2013-09-30,22.55,$0.00,0.0,$43.48,0.52,$4.94,4.56,$-5.35,0.0,$0.90B,$1.18B,0.76,$0.19B,$0.30B,0.64,$0.98B,$0.15B,14.95%,$0.98B,$-0.02B,-1.73%,$0.98B,$-0.02B,-1.73%,$0.98B,$-0.02B,-1.73%,$0.98B,$-0.12B,-12.51%,$0.98B,$-0.12B,-12.00%,$-0.12B,$0.30B,-50.48%,$-0.12B,$0.24B,-67.82%,$-0.12B,$1.70B,-7.58%,$-0.02B,$0.49B,-4.34%,$288,$237,$51,$2,$23,$262,$25,$-14,$11,$-0,$11,$8,$8,$25,$25,$22,22,$0.36,$0.36,$280,$86,$106,$848,$0,$16,$60,$144,$221,$1613,$1185,$193,$22,$215,$1400,$0,$-66,$0,$213,$1613,$0,$0,$0,$0,$0,$0,$0,$0,$0,$0,$0,$0,$0,$0,$0,$0,$0,$0,$0,$0,$0,$0,$0,$0,$0,$0,$0,$0,$0
21,2013-06-30,9.04,$0.00,0.0,$39.78,0.23,$4.05,2.23,$-6.46,0.0,$0.85B,$1.19B,0.72,$0.19B,$0.21B,0.91,$0.88B,$0.10B,10.99%,$0.88B,$-0.07B,-7.36%,$0.88B,$-0.07B,-7.36%,$0.88B,$-0.07B,-7.36%,$0.88B,$-0.15B,-17.33%,$0.88B,$-0.14B,-16.31%,$-0.14B,$0.21B,-58.48%,$-0.14B,$0.15B,-77.11%,$-0.14B,$1.61B,-9.65%,$-0.07B,$0.41B,-16.97%,$187,$164,$24,$2,$25,$190,$-3,$-18,$-21,$0,$-21,$-21,$-21,$-3,$-3,$22,22,$-0.92,$-0.92,$290,$120,$122,$858,$0,$6,$60,$119,$185,$1570,$1081,$140,$148,$288,$1369,$0,$-73,$0,$201,$1570,$0,$0,$0,$0,$0,$0,$0,$0,$0,$0,$0,$0,$0,$0,$0,$0,$0,$0,$0,$0,$0,$0,$0,$0,$0,$0,$0,$0,$0
22,2013-03-31,4.64,$0.00,0.0,$35.63,0.13,$4.05,1.15,$-9.02,0.0,$0.86B,$1.08B,0.79,$0.14B,$0.20B,0.69,$0.79B,$0.06B,7.85%,$0.79B,$-0.10B,-13.04%,$0.79B,$-0.10B,-13.04%,$0.79B,$-0.10B,-13.04%,$0.79B,$-0.21B,-27.09%,$0.79B,$-0.20B,-25.44%,$-0.20B,$0.20B,-71.47%,$-0.20B,$0.14B,-90.44%,$-0.20B,$1.57B,-13.81%,$-0.10B,$0.34B,-25.98%,$187,$187,$-0,$3,$76,$267,$-79,$-52,$-134,$-0,$-134,$-122,$-122,$-79,$-79,$22,22,$-5.51,$-5.51,$183,$85,$80,$640,$0,$6,$60,$18,$84,$1344,$1001,$104,$18,$122,$1123,$0,$-52,$0,$221,$1344,$-248,$54,$0,$54,$0,$0,$0,$0,$89,$115,$-25,$0,$-1,$0,$0,$-37,$-18,$-80,$0,$0,$-112,$0,$0,$0,$53,$-60,$-25,$0,$0
23,2012-12-31,6.21,$0.00,0.0,$34.78,0.18,$4.05,1.53,$-10.65,0.0,$0.64B,$1.00B,0.64,$0.10B,$0.22B,0.47,$0.77B,$0.04B,5.06%,$0.77B,$-0.15B,-19.33%,$0.77B,$-0.15B,-19.33%,$0.77B,$-0.15B,-19.33%,$0.77B,$-0.25B,-32.43%,$0.77B,$-0.24B,-30.74%,$-0.24B,$0.22B,-71.33%,$-0.24B,$0.16B,-86.73%,$-0.24B,$1.34B,-16.70%,$-0.15B,$0.33B,-34.19%,$221,$199,$22,$3,$27,$229,$-8,$-0,$-9,$0,$-9,$-9,$-9,$-8,$-8,$22,22,$-0.39,$-0.39,$153,$136,$158,$798,$0,$1,$59,$32,$93,$1441,$963,$110,$18,$128,$1091,$0,$79,$0,$350,$1441,$0,$0,$0,$0,$0,$0,$0,$0,$0,$0,$0,$0,$0,$0,$0,$0,$0,$0,$0,$0,$0,$0,$0,$0,$0,$0,$0,$0,$0
24,2012-09-30,3.79,$0.00,0.0,$34.77,0.11,$-19.80,0.0,$-7.72,0.0,$0.80B,$0.96B,0.83,$0.11B,$0.35B,0.31,$0.77B,$0.01B,1.29%,$0.77B,$-0.14B,-18.48%,$0.77B,$-0.14B,-18.48%,$0.77B,$-0.14B,-18.48%,$0.77B,$-0.17B,-22.35%,$0.77B,$-0.17B,-22.35%,$-0.17B,$0.35B,-44.08%,$-0.17B,$0.29B,-51.84%,$-0.17B,$1.44B,-11.95%,$-0.14B,$0.46B,-29.09%,$195,$179,$16,$3,$26,$208,$-13,$-38,$-50,$-2,$-49,$-49,$-49,$-13,$-13,$22,22,$-2.20,$-2.20,$196,$146,$161,$816,$0,$1,$58,$39,$99,$1468,$991,$107,$17,$124,$1115,$0,$87,$0,$353,$1468,$0,$0,$0,$0,$0,$0,$0,$0,$0,$0,$0,$0,$0,$0,$0,$0,$0,$0,$0,$0,$0,$0,$0,$0,$0,$0,$0,$0,$0
25,2012-06-30,3.44,$0.00,0.0,$36.57,0.09,$-19.80,0.0,$-9.19,0.0,$0.82B,$0.99B,0.82,$0.11B,$0.35B,0.3,$0.83B,$-0.00B,-0.24%,$0.83B,$-0.17B,-19.95%,$0.83B,$-0.17B,-19.95%,$0.83B,$-0.17B,-19.95%,$0.83B,$-0.15B,-18.39%,$0.83B,$-0.15B,-18.39%,$-0.15B,$0.35B,-35.27%,$-0.15B,$0.30B,-40.99%,$-0.15B,$1.47B,-10.40%,$-0.17B,$0.46B,-31.16%,$168,$167,$1,$2,$48,$217,$-49,$-8,$-57,$0,$-57,$-57,$-57,$-49,$-49,$22,22,$-2.55,$-2.55,$162,$127,$183,$770,$0,$0,$59,$32,$91,$1423,$912,$93,$14,$106,$1018,$0,$137,$0,$405,$1423,$0,$0,$0,$0,$0,$0,$0,$0,$0,$0,$0,$0,$0,$0,$0,$0,$0,$0,$0,$0,$0,$0,$0,$0,$0,$0,$0,$0,$0
26,2012-03-31,6.1,$0.00,0.0,$41.19,0.15,$-19.80,0.0,$-5.61,0.0,$0.77B,$0.91B,0.84,$0.09B,$0.41B,0.23,$0.99B,$0.07B,7.19%,$0.99B,$-0.09B,-9.11%,$0.99B,$-0.09B,-9.11%,$0.99B,$-0.09B,-9.11%,$0.99B,$-0.06B,-6.07%,$0.99B,$-0.07B,-6.88%,$-0.07B,$0.41B,-14.44%,$-0.07B,$0.35B,-16.46%,$-0.07B,$1.42B,-4.56%,$-0.09B,$0.50B,-15.33%,$190,$219,$-29,$2,$42,$263,$-73,$-11,$-57,$-2,$-55,$-58,$-58,$-73,$-73,$23,23,$-2.58,$-2.58,$171,$127,$178,$732,$0,$0,$59,$56,$116,$1458,$897,$86,$14,$100,$996,$0,$193,$0,$462,$1458,$43,$43,$0,$43,$0,$0,$0,$0,$-262,$-127,$-320,$0,$0,$0,$0,$-73,$7,$-387,$0,$0,$509,$0,$-8,$0,$1,$501,$-14,$0,$0
27,2011-12-31,5.0,$0.00,0.0,$46.98,0.11,$-19.80,0.0,$-0.96,0.0,$0.73B,$0.90B,0.82,$0.09B,$0.46B,0.19,$1.15B,$0.16B,13.51%,$1.15B,$0.02B,2.01%,$1.15B,$0.02B,2.01%,$1.15B,$0.02B,2.01%,$1.15B,$0.06B,4.97%,$1.15B,$0.04B,3.49%,$0.04B,$0.46B,8.26%,$0.04B,$0.40B,9.31%,$0.04B,$1.46B,2.75%,$0.02B,$0.55B,3.91%,$279,$269,$10,$1,$40,$310,$-31,$42,$11,$0,$11,$11,$11,$-31,$-31,$24,24,$0.45,$-1.86,$215,$174,$197,$849,$0,$0,$65,$62,$128,$1535,$896,$111,$13,$124,$1020,$0,$251,$0,$515,$1535,$0,$0,$0,$0,$0,$0,$0,$0,$0,$0,$0,$0,$0,$0,$0,$0,$0,$0,$0,$0,$0,$0,$0,$0,$0,$0,$0,$0,$0
28,2011-09-30,4.86,$0.00,0.0,$50.21,0.1,$-7.11,0.0,$3.98,1.22,$0.85B,$0.90B,0.95,$0.11B,$0.52B,0.22,$1.23B,$0.45B,36.90%,$1.23B,$0.36B,29.71%,$1.23B,$0.36B,29.71%,$1.23B,$0.36B,29.71%,$1.23B,$0.38B,31.18%,$1.23B,$0.15B,12.57%,$0.15B,$0.52B,32.77%,$0.15B,$0.45B,36.84%,$0.15B,$1.54B,11.75%,$0.36B,$0.63B,64.77%,$351,$261,$89,$1,$25,$287,$63,$-20,$43,$7,$36,$36,$36,$63,$63,$24,26,$1.53,$1.38,$254,$164,$225,$912,$0,$0,$47,$102,$149,$1553,$864,$176,$11,$187,$1051,$0,$237,$0,$502,$1553,$0,$0,$0,$0,$0,$0,$0,$0,$0,$0,$0,$0,$0,$0,$0,$0,$0,$0,$0,$0,$0,$0,$0,$0,$0,$0,$0,$0,$0
29,2011-06-30,26.52,$0.00,0.0,$48.31,0.55,$-7.11,0.0,$7.59,3.49,$0.91B,$0.86B,1.06,$0.18B,$0.50B,0.35,$1.16B,$0.51B,44.27%,$1.16B,$0.45B,38.93%,$1.16B,$0.45B,38.93%,$1.16B,$0.45B,38.93%,$1.16B,$0.42B,35.75%,$1.16B,$0.18B,15.68%,$0.18B,$0.50B,44.36%,$0.18B,$0.45B,50.10%,$0.18B,$1.55B,16.41%,$0.45B,$0.68B,93.24%,$327,$241,$85,$1,$20,$263,$64,$-5,$60,$8,$51,$51,$51,$64,$64,$24,24,$2.16,$2.10,$209,$159,$174,$743,$0,$0,$47,$70,$117,$1264,$763,$41,$0,$42,$804,$0,$223,$0,$459,$1264,$0,$0,$0,$0,$0,$0,$0,$0,$0,$0,$0,$0,$0,$0,$0,$0,$0,$0,$0,$0,$0,$0,$0,$0,$0,$0,$0,$0,$0
30,2011-03-31,27.0,$0.00,0.0,$42.48,0.64,$-7.11,0.0,$7.60,3.55,$0.74B,$0.76B,0.97,$0.04B,$0.46B,0.09,$0.94B,$0.46B,48.89%,$0.94B,$0.41B,43.58%,$0.94B,$0.41B,43.58%,$0.94B,$0.41B,43.58%,$0.94B,$0.40B,42.74%,$0.94B,$0.17B,18.03%,$0.17B,$0.46B,49.56%,$0.17B,$0.41B,57.05%,$0.17B,$1.26B,20.09%,$0.41B,$0.50B,106.34%,$268,$0,$268,$0,$0,$0,$268,$0,$268,$0,$268,$56,$56,$268,$268,$23,23,$2.43,$2.36,$147,$124,$124,$483,$0,$0,$47,$66,$113,$890,$445,$41,$0,$41,$486,$0,$145,$0,$404,$890,$134,$15,$0,$15,$0,$0,$0,$0,$-116,$35,$-198,$0,$0,$0,$0,$2,$-40,$-235,$0,$56,$78,$0,$124,$0,$-1,$257,$56,$0,$0
