,Date,Stock Price,Book Value per Share,Price to Book Ratio,TTM Sales per Share,Price to Sales Ratio,TTM FCF per Share,Price to FCF Ratio,TTM Net EPS,PE Ratio,Current Assets,Current Liabilities,Current Ratio,Long Term Debt,Shareholder's Equity_x,Debt to Equity Ratio,TTM Revenue_x,TTM Gross Profit,Gross Margin,TTM Revenue_y,TTM Operating Income,Operating Margin,TTM Revenue_x,TTM EBIT,EBIT Margin,TTM Revenue_y,TTM EBITDA,EBITDA Margin,TTM Revenue_x,TTM Pre-Tax Income,Pre-Tax Margin,TTM Revenue_y,TTM Net Income_x,Net Margin,TTM Net Income_y,Shareholder's Equity_y,Return on Equity,TTM Net Income_x,Tangible Equity,Return on Tangible Equity,TTM Net Income_y,Total Assets,Return on Assets,TTM Net Income,LT Investments & Debt,Return on Investment,revenue,cost-goods-sold,gross-profit,research-development-expenses,selling-general-administrative-expenses,operating-expenses,operating-income,total-non-operating-income-expense,pre-tax-income,total-provision-income-taxes,income-after-taxes,income-from-continuous-operations,net-income,ebitda,ebit,basic-shares-outstanding,shares-outstanding,eps-basic-net-earnings-per-share,eps-earnings-per-share-diluted,cash-on-hand,inventory,other-current-assets,total-current-assets,net-property-plant-equipment,long-term-investments,goodwill-intangible-assets-total,other-long-term-assets,total-long-term-assets,total-assets,total-current-liabilities,long-term-debt,other-non-current-liabilities,total-long-term-liabilities,total-liabilities,common-stock-net,retained-earnings-accumulated-deficit,comprehensive-income,total-share-holder-equity,total-liabilities-share-holders-equity,net-income-loss,total-depreciation-amortization-cash-flow,other-non-cash-items,total-non-cash-items,change-in-accounts-receivable,change-in-inventories,change-in-accounts-payable,change-in-assets-liabilities,total-change-in-assets-liabilities,cash-flow-from-operating-activities,net-change-in-property-plant-equipment,net-change-in-intangible-assets,net-acquisitions-divestitures,net-change-in-short-term-investments,net-change-in-long-term-investments,net-change-in-investments-total,investing-activities-other,cash-flow-from-investing-activities,net-long-term-debt,net-current-debt,debt-issuance-retirement-net-total,net-common-equity-issued-repurchased,net-total-equity-issued-repurchased,total-common-preferred-stock-dividends-paid,financial-activities-other,cash-flow-from-financial-activities,net-cash-flow,stock-based-compensation,common-stock-dividends-paid
0,2018-09-30,5.31,$4.70,1.13,$6.35,0.84,$-1.39,0.0,$-0.15,0.0,$0.13B,$0.05B,2.64,$1.20B,$0.10B,11.92,$0.14B,$0.14B,98.54%,$0.14B,0,0.00%,$0.14B,$0.09B,68.61%,$0.14B,$0.10B,69.34%,$0.14B,0,0.00%,$0.14B,$-0.00B,-2.19%,$-0.00B,$0.10B,-2.87%,$-0.00B,$0.10B,-2.87%,$-0.00B,$1.36B,-0.25%,$0.00B,$1.30B,0.00%,$48,$1,$48,$0,$30,$47,$2,$0,$2,$1,$1,$1,$0,$16,$15,$21,22,$0.01,$0.01,$122,$0,$0,$132,$2,$1200,$0,$25,$1231,$1364,$50,$1195,$18,$1213,$1263,$0,$-40,$0,$100,$1364,$-2,$1,$9,$10,$-2,$-1,$4,$-1,$-1,$8,$-1,$0,$0,$0,$12,$12,$-325,$-313,$301,$0,$301,$-2,$-2,$-6,$-3,$290,$-16,$1,$-6
1,2018-06-30,5.34,$4.76,1.12,$6.04,0.88,$-2.32,0.0,$-0.22,0.0,$0.12B,$0.06B,1.96,$1.07B,$0.10B,10.48,$0.13B,$0.13B,97.69%,$0.13B,$-0.00B,-0.77%,$0.13B,$0.09B,67.69%,$0.13B,$0.09B,68.46%,$0.13B,$-0.00B,-0.77%,$0.13B,$-0.00B,-3.08%,$-0.00B,$0.10B,-3.70%,$-0.00B,$0.10B,-3.70%,$-0.00B,$1.25B,-0.36%,$-0.00B,$1.17B,-0.10%,$42,$1,$41,$0,$36,$38,$4,$0,$4,$5,$-1,$-1,$-2,$31,$31,$22,22,$-0.09,$-0.09,$97,$0,$0,$115,$2,$823,$0,$308,$1136,$1251,$59,$1072,$19,$1090,$1149,$0,$-39,$0,$102,$1251,$-3,$0,$7,$7,$-9,$-2,$2,$-10,$-19,$-14,$-1,$0,$0,$0,$10,$10,$-224,$-214,$196,$0,$196,$-2,$-2,$-5,$-1,$188,$-40,$1,$-4
2,2018-03-31,4.94,$4.93,1.0,$5.43,0.91,$-2.87,0.0,$-0.52,0.0,$0.13B,$0.03B,4.05,$0.95B,$0.11B,8.9,$0.12B,$0.11B,97.44%,$0.12B,$-0.01B,-11.11%,$0.12B,$0.07B,56.41%,$0.12B,$0.07B,57.26%,$0.12B,$-0.01B,-11.11%,$0.12B,$-0.01B,-9.40%,$-0.01B,$0.11B,-9.80%,$-0.01B,$0.11B,-9.80%,$-0.01B,$1.10B,-1.05%,$-0.01B,$1.05B,-1.32%,$28,$1,$28,$0,$32,$36,$-7,$0,$-7,$-6,$-2,$-2,$-0,$15,$15,$22,22,$-0.01,$-0.01,$118,$0,$0,$127,$2,$791,$0,$179,$975,$1102,$31,$945,$20,$964,$996,$0,$-35,$0,$106,$1102,$-2,$0,$5,$5,$1,$2,$-0,$-28,$-26,$-22,$-0,$0,$0,$0,$-0,$-0,$-52,$-52,$60,$0,$60,$-1,$-1,$-2,$-2,$55,$-19,$0,$-2
3,2017-12-31,5.38,$5.07,1.06,$5.26,1.02,$-3.61,0.0,$-0.73,0.0,$0.15B,$0.06B,2.55,$0.89B,$0.11B,8.1,$0.11B,$0.11B,97.35%,$0.11B,$-0.01B,-9.73%,$0.11B,$0.06B,55.75%,$0.11B,$0.06B,56.64%,$0.11B,$-0.01B,-9.73%,$0.11B,$-0.02B,-14.16%,$-0.02B,$0.11B,-13.56%,$-0.02B,$0.11B,-13.56%,$-0.02B,$1.08B,-1.60%,$-0.01B,$1.00B,-1.18%,$19,$1,$18,$0,$28,$18,$1,$0,$1,$2,$-1,$-1,$-1,$33,$33,$22,22,$-0.07,$-0.07,$137,$0,$0,$147,$2,$814,$0,$111,$930,$1077,$58,$893,$16,$909,$966,$0,$-32,$0,$110,$1077,$-13,$1,$13,$15,$-3,$6,$0,$-4,$-1,$0,$-0,$0,$0,$0,$8,$8,$40,$48,$-32,$0,$-32,$-1,$-1,$-8,$-8,$-49,$0,$3,$-8
4,2017-09-30,5.31,$5.34,0.99,$5.94,0.89,$-3.23,0.0,$-0.63,0.0,$0.19B,$0.06B,3.25,$0.84B,$0.12B,7.31,$0.13B,$0.13B,98.44%,$0.13B,$-0.02B,-11.72%,$0.13B,$0.05B,36.72%,$0.13B,$0.05B,37.50%,$0.13B,$-0.02B,-11.72%,$0.13B,$-0.01B,-10.94%,$-0.01B,$0.12B,-11.27%,$-0.01B,$0.12B,-11.27%,$-0.01B,$1.03B,-1.39%,$-0.02B,$0.95B,-1.59%,$41,$1,$40,$0,$30,$41,$1,$0,$1,$1,$-0,$-0,$-1,$10,$9,$22,22,$-0.06,$-0.06,$149,$0,$0,$185,$2,$805,$0,$25,$846,$1031,$57,$837,$20,$860,$916,$0,$-29,$0,$115,$1031,$-13,$1,$10,$11,$-21,$17,$1,$-8,$-11,$-13,$-0,$0,$0,$0,$10,$10,$-62,$-52,$-88,$0,$-88,$-1,$-1,$-6,$-4,$-99,$-164,$2,$-6
5,2017-06-30,5.08,$5.46,0.93,$5.27,0.96,$-2.42,0.0,$-0.54,0.0,$0.16B,$0.03B,5.62,$0.83B,$0.12B,7.03,$0.11B,$0.11B,99.12%,$0.11B,$-0.02B,-13.16%,$0.11B,$0.06B,51.75%,$0.11B,$0.06B,51.75%,$0.11B,$-0.02B,-13.16%,$0.11B,$-0.01B,-10.53%,$-0.01B,$0.12B,-9.23%,$-0.01B,$0.12B,-9.23%,$-0.01B,$1.00B,-1.15%,$-0.02B,$0.95B,-1.53%,$29,$1,$28,$0,$29,$37,$-8,$0,$-8,$-0,$-8,$-8,$-9,$9,$9,$22,22,$-0.39,$-0.39,$140,$0,$0,$159,$3,$808,$0,$21,$841,$1000,$28,$829,$22,$854,$882,$0,$-26,$0,$118,$1000,$-12,$1,$9,$9,$-4,$0,$-3,$-18,$-24,$-27,$-0,$0,$0,$0,$10,$10,$-54,$-44,$-95,$0,$-95,$1,$1,$-7,$-0,$-102,$-173,$1,$-4
6,2017-03-31,5.56,$5.94,0.93,$5.20,1.07,$-1.42,0.0,$-0.17,0.0,$0.16B,$0.02B,8.35,$0.71B,$0.13B,5.48,$0.11B,$0.11B,99.10%,$0.11B,$-0.01B,-5.41%,$0.11B,$0.07B,63.96%,$0.11B,$0.07B,64.86%,$0.11B,$-0.01B,-5.41%,$0.11B,$-0.00B,-2.70%,$-0.00B,$0.13B,-2.19%,$-0.00B,$0.13B,-2.19%,$-0.00B,$0.88B,-0.27%,$-0.01B,$0.83B,-0.59%,$24,$1,$24,$0,$28,$30,$-5,$0,$-5,$-1,$-4,$-4,$-5,$12,$12,$22,22,$-0.22,$-0.22,$148,$0,$0,$163,$3,$662,$0,$43,$718,$881,$19,$705,$25,$733,$752,$0,$-15,$0,$129,$881,$-4,$0,$1,$1,$-1,$0,$-1,$-34,$-35,$-38,$-0,$0,$0,$0,$6,$6,$77,$83,$-206,$0,$-206,$1,$1,$-2,$-2,$-209,$-165,$1,$-2
7,2016-12-31,5.54,$6.36,0.87,$5.65,0.98,$-0.35,0.0,$0.13,42.61,$0.32B,$0.05B,6.76,$0.92B,$0.14B,6.78,$0.12B,$0.12B,98.36%,$0.12B,$0.00B,1.64%,$0.12B,$0.08B,68.03%,$0.12B,$0.08B,68.85%,$0.12B,$0.00B,1.64%,$0.12B,$0.00B,3.28%,$0.00B,$0.14B,2.81%,$0.00B,$0.14B,2.81%,$0.00B,$1.13B,0.34%,$0.00B,$1.05B,0.18%,$34,$1,$34,$0,$37,$37,$-3,$0,$-3,$-4,$1,$1,$1,$17,$17,$21,22,$0.05,$0.04,$313,$0,$0,$319,$3,$706,$0,$94,$807,$1126,$47,$918,$26,$943,$991,$0,$-9,$0,$135,$1126,$7,$2,$6,$8,$11,$-8,$1,$-11,$-6,$9,$-0,$0,$0,$0,$39,$39,$107,$145,$-107,$0,$-107,$-4,$-4,$-8,$-17,$-137,$17,$6,$-8
8,2016-09-30,4.91,$6.59,0.74,$5.39,0.91,$-1.05,0.0,$0.04,122.65,$0.23B,$0.04B,6.02,$0.95B,$0.14B,6.87,$0.12B,$0.11B,97.41%,$0.12B,$0.00B,1.72%,$0.12B,$0.08B,71.55%,$0.12B,$0.09B,73.28%,$0.12B,$0.00B,1.72%,$0.12B,$0.00B,1.72%,$0.00B,$0.14B,1.36%,$0.00B,$0.14B,1.36%,$0.00B,$1.17B,0.16%,$0.00B,$1.09B,0.18%,$27,$1,$27,$0,$28,$26,$1,$0,$1,$-1,$2,$2,$1,$21,$21,$21,22,$0.03,$0.03,$213,$0,$0,$229,$3,$887,$0,$34,$938,$1167,$38,$949,$37,$991,$1029,$0,$-7,$0,$138,$1167,$6,$2,$-6,$-4,$9,$-3,$1,$-2,$3,$5,$-0,$0,$0,$0,$33,$33,$73,$106,$-75,$0,$-75,$-4,$-4,$-6,$-6,$-91,$20,$4,$-6
9,2016-06-30,4.75,$7.02,0.68,$5.25,0.91,$-1.93,0.0,$-0.13,0.0,$0.17B,$0.04B,4.35,$0.98B,$0.15B,6.67,$0.11B,$0.11B,96.46%,$0.11B,$-0.00B,-0.88%,$0.11B,$0.08B,71.68%,$0.11B,$0.08B,73.45%,$0.11B,$-0.00B,-0.88%,$0.11B,$-0.00B,-1.77%,$-0.00B,$0.15B,-1.31%,$-0.00B,$0.15B,-1.31%,$-0.00B,$1.21B,-0.16%,$-0.00B,$1.13B,-0.09%,$26,$1,$25,$0,$27,$25,$1,$0,$1,$-0,$1,$1,$-0,$22,$21,$21,21,$-0.02,$-0.02,$146,$0,$0,$166,$4,$985,$0,$38,$1040,$1206,$38,$980,$28,$1021,$1059,$0,$-6,$0,$147,$1206,$5,$1,$-0,$1,$4,$-4,$0,$-11,$-11,$-5,$-0,$0,$0,$0,$21,$21,$41,$62,$-43,$0,$-43,$-4,$-4,$-9,$0,$-56,$1,$3,$-9
10,2016-03-31,4.5,$7.09,0.63,$5.51,0.82,$-3.51,0.0,$0.14,32.12,$0.14B,$0.03B,4.23,$1.01B,$0.15B,6.73,$0.12B,$0.12B,97.52%,$0.12B,$0.00B,2.48%,$0.12B,$0.09B,70.25%,$0.12B,$0.09B,71.07%,$0.12B,$0.00B,2.48%,$0.12B,$0.00B,3.31%,$0.00B,$0.15B,2.55%,$0.00B,$0.15B,2.55%,$0.00B,$1.23B,0.31%,$0.00B,$1.16B,0.25%,$35,$1,$34,$0,$34,$31,$3,$0,$3,$0,$3,$3,$2,$24,$24,$21,22,$0.08,$0.08,$112,$0,$0,$138,$4,$1040,$0,$38,$1095,$1233,$33,$1010,$25,$1050,$1083,$0,$-4,$0,$150,$1233,$3,$1,$1,$1,$-2,$1,$0,$-19,$-20,$-15,$-0,$0,$0,$0,$9,$9,$11,$20,$-12,$0,$-12,$0,$0,$-3,$-4,$-19,$-15,$1,$-3
11,2015-12-31,4.59,$7.18,0.64,$5.59,0.82,$-5.17,0.0,$-0.03,0.0,$0.15B,$0.06B,2.5,$1.02B,$0.15B,6.69,$0.12B,$0.12B,97.54%,$0.12B,$0.01B,5.74%,$0.12B,$0.09B,72.13%,$0.12B,$0.09B,72.95%,$0.12B,$0.01B,5.74%,$0.12B,0,0.00%,$0.00B,$0.15B,0.00%,$0.00B,$0.15B,0.00%,$0.00B,$1.27B,0.00%,$0.01B,$1.18B,0.57%,$28,$1,$27,$0,$33,$31,$-3,$0,$-3,$-4,$1,$1,$-1,$18,$17,$21,21,$-0.04,$-0.03,$121,$0,$0,$145,$4,$1067,$0,$43,$1126,$1271,$58,$1022,$23,$1060,$1118,$0,$-3,$0,$153,$1271,$7,$1,$13,$14,$9,$-12,$-0,$-22,$-24,$-4,$-3,$0,$0,$0,$24,$24,$41,$63,$-68,$0,$-68,$-1,$-1,$-10,$-12,$-92,$-33,$8,$-10
12,2015-09-30,5.11,$7.51,0.68,$6.31,0.81,$-4.63,0.0,$0.23,22.23,$0.15B,$0.04B,3.41,$1.05B,$0.16B,6.61,$0.14B,$0.14B,97.89%,$0.14B,$0.03B,20.42%,$0.14B,$0.11B,77.46%,$0.14B,$0.11B,78.17%,$0.14B,$0.03B,20.42%,$0.14B,$0.01B,4.23%,$0.01B,$0.16B,3.10%,$0.01B,$0.16B,3.10%,$0.01B,$1.32B,0.43%,$0.03B,$1.21B,2.28%,$24,$1,$23,$0,$28,$25,$-2,$0,$-2,$-0,$-1,$-1,$-3,$19,$19,$21,21,$-0.14,$-0.14,$139,$0,$0,$150,$4,$1095,$0,$51,$1165,$1315,$44,$1054,$38,$1112,$1155,$0,$1,$0,$159,$1315,$6,$0,$8,$8,$4,$-11,$-0,$-19,$-26,$-11,$-3,$0,$0,$0,$16,$16,$16,$29,$-42,$0,$-42,$-0,$-0,$-7,$-7,$-57,$-39,$6,$-7
13,2015-06-30,6.29,$7.75,0.81,$6.47,0.97,$-4.33,0.0,$0.43,14.62,$0.16B,$0.04B,4.0,$1.08B,$0.17B,6.57,$0.15B,$0.15B,98.65%,$0.15B,$0.03B,19.59%,$0.15B,$0.11B,70.95%,$0.15B,$0.11B,71.62%,$0.15B,$0.03B,19.59%,$0.15B,$0.01B,6.76%,$0.01B,$0.17B,4.48%,$0.01B,$0.17B,4.48%,$0.01B,$1.35B,0.70%,$0.03B,$1.25B,2.20%,$34,$1,$34,$0,$34,$30,$5,$0,$5,$-3,$8,$8,$6,$25,$25,$21,23,$0.26,$0.25,$143,$0,$0,$162,$3,$1121,$0,$50,$1188,$1350,$41,$1082,$42,$1145,$1186,$0,$7,$0,$165,$1350,$7,$0,$6,$7,$-4,$-35,$-0,$-16,$-55,$-41,$-1,$0,$0,$0,$11,$11,$-12,$-2,$-14,$0,$-14,$0,$0,$-4,$-4,$-23,$-66,$4,$-4
14,2015-03-31,6.66,$7.57,0.88,$7.24,0.92,$-3.46,0.0,$0.31,21.48,$0.14B,$0.04B,3.94,$1.09B,$0.16B,6.78,$0.17B,$0.17B,98.21%,$0.17B,$0.04B,21.43%,$0.17B,$0.11B,63.69%,$0.17B,$0.11B,64.29%,$0.17B,$0.04B,21.43%,$0.17B,$0.01B,4.17%,$0.01B,$0.16B,2.89%,$0.01B,$0.16B,2.89%,$0.01B,$1.34B,0.50%,$0.04B,$1.25B,2.79%,$36,$1,$35,$0,$32,$29,$7,$0,$7,$7,$-0,$-0,$-2,$27,$27,$21,21,$-0.09,$-0.09,$125,$0,$0,$143,$2,$1156,$0,$23,$1196,$1339,$36,$1089,$32,$1142,$1178,$0,$4,$0,$161,$1339,$-0,$0,$4,$4,$-6,$-8,$2,$-42,$-54,$-50,$-0,$0,$0,$0,$1,$1,$6,$7,$-6,$0,$-6,$0,$0,$-2,$-1,$-9,$-52,$2,$-2
15,2014-12-31,5.98,$13.62,0.44,$7.02,0.85,$-2.38,0.0,$0.57,10.48,$0.19B,$0.08B,2.49,$1.10B,$0.29B,3.79,$0.17B,$0.16B,98.19%,$0.17B,$0.03B,17.47%,$0.17B,$0.09B,56.02%,$0.17B,$0.09B,56.63%,$0.17B,$0.03B,17.47%,$0.17B,$0.01B,7.83%,$0.01B,$0.29B,5.54%,$0.01B,$0.29B,5.54%,$0.01B,$1.52B,0.96%,$0.03B,$1.38B,2.37%,$48,$1,$47,$0,$33,$28,$19,$0,$19,$2,$17,$17,$5,$40,$39,$21,24,$0.21,$0.21,$153,$0,$0,$187,$2,$1277,$0,$36,$1329,$1516,$75,$1095,$37,$1152,$1227,$0,$8,$0,$289,$1516,$22,$1,$28,$29,$1,$-34,$3,$-14,$-44,$6,$-1,$0,$0,$0,$3,$3,$-305,$-304,$329,$-15,$314,$-12,$-12,$-5,$35,$333,$35,$9,$-5
16,2014-09-30,4.92,$12.86,0.38,$7.38,0.67,$-1.25,0.0,$0.53,9.28,$0.30B,$0.07B,4.43,$1.11B,$0.28B,3.99,$0.17B,$0.17B,98.84%,$0.17B,$0.03B,16.76%,$0.17B,$0.09B,49.71%,$0.17B,$0.09B,49.71%,$0.17B,$0.03B,16.76%,$0.17B,$0.01B,6.36%,$0.01B,$0.28B,4.96%,$0.01B,$0.28B,4.96%,$0.01B,$1.49B,0.88%,$0.03B,$1.39B,2.57%,$30,$1,$30,$0,$34,$32,$-2,$0,$-2,$1,$-3,$-3,$1,$14,$14,$22,24,$0.07,$0.06,$287,$0,$0,$304,$2,$1153,$0,$23,$1188,$1492,$69,$1108,$30,$1145,$1214,$0,$6,$0,$278,$1492,$5,$1,$17,$18,$4,$-18,$1,$-18,$-30,$-8,$-1,$0,$0,$0,$-6,$-6,$-318,$-325,$342,$-15,$327,$-2,$-2,$-4,$33,$354,$22,$7,$-4
17,2014-06-30,5.94,$11.14,0.53,$7.50,0.79,$0.08,75.24,$0.61,9.73,$0.17B,$0.07B,2.51,$0.90B,$0.24B,3.74,$0.18B,$0.17B,98.29%,$0.18B,$0.04B,20.00%,$0.18B,$0.09B,50.86%,$0.18B,$0.09B,50.86%,$0.18B,$0.04B,20.00%,$0.18B,$0.01B,7.43%,$0.01B,$0.24B,6.29%,$0.01B,$0.24B,6.29%,$0.01B,$1.25B,1.13%,$0.04B,$1.14B,3.40%,$54,$1,$53,$0,$44,$42,$12,$0,$12,$2,$10,$10,$3,$27,$27,$22,24,$0.14,$0.13,$147,$0,$0,$172,$2,$1043,$0,$21,$1077,$1249,$69,$903,$32,$939,$1007,$0,$5,$0,$242,$1249,$8,$0,$10,$10,$0,$-12,$1,$-30,$-40,$-22,$-0,$0,$0,$0,$-2,$-2,$-104,$-106,$137,$-15,$122,$-1,$-1,$-2,$-6,$112,$-16,$4,$-2
18,2014-03-31,5.58,$5.97,0.93,$6.77,0.82,$1.72,3.23,$0.42,13.28,$0.14B,$0.04B,3.81,$0.86B,$0.13B,6.58,$0.16B,$0.15B,98.06%,$0.16B,$0.02B,12.90%,$0.16B,$0.08B,49.68%,$0.16B,$0.08B,53.55%,$0.16B,$0.02B,12.90%,$0.16B,$0.01B,5.81%,$0.01B,$0.13B,4.55%,$0.01B,$0.13B,4.55%,$0.01B,$1.16B,0.81%,$0.02B,$0.99B,2.01%,$34,$1,$33,$0,$37,$35,$-0,$0,$-0,$2,$-2,$-2,$4,$13,$13,$22,24,$0.17,$0.17,$117,$0,$0,$137,$2,$996,$0,$13,$1027,$1164,$36,$858,$33,$997,$1033,$0,$3,$0,$130,$1164,$-2,$0,$1,$1,$-15,$1,$0,$-15,$-30,$-30,$-0,$0,$0,$0,$-3,$-3,$-63,$-67,$93,$-15,$78,$-0,$-0,$-0,$-5,$73,$-24,$2,$-0
19,2013-12-31,5.8,$10.87,0.53,$6.52,0.89,$1.72,3.37,$0.17,34.14,$0.16B,$0.08B,1.89,$0.77B,$0.24B,3.23,$0.15B,$0.15B,97.97%,$0.15B,$0.02B,11.49%,$0.15B,$0.08B,54.73%,$0.15B,$0.10B,64.19%,$0.15B,$0.02B,11.49%,$0.15B,$0.00B,2.03%,$0.00B,$0.24B,1.41%,$0.00B,$0.24B,1.41%,$0.00B,$1.12B,0.30%,$0.02B,$1.00B,1.85%,$55,$1,$55,$0,$39,$36,$19,$0,$19,$4,$15,$15,$3,$32,$32,$22,23,$0.15,$0.16,$134,$0,$0,$156,$2,$918,$0,$31,$966,$1122,$83,$765,$33,$802,$885,$0,$-0,$0,$237,$1122,$14,$15,$0,$15,$4,$-40,$2,$37,$4,$32,$-0,$0,$0,$0,$-76,$-76,$-316,$-393,$306,$5,$310,$-6,$-6,$-3,$59,$360,$-1,$5,$-3
20,2013-09-30,4.82,$9.94,0.49,$5.29,0.91,$0.62,7.74,$0.24,20.1,$0.16B,$0.07B,2.22,$0.77B,$0.22B,3.52,$0.12B,$0.12B,96.64%,$0.12B,$0.00B,3.36%,$0.12B,$0.07B,62.18%,$0.12B,$0.10B,79.83%,$0.12B,$0.00B,3.36%,$0.12B,$0.01B,4.20%,$0.01B,$0.22B,2.49%,$0.01B,$0.22B,2.49%,$0.01B,$1.08B,0.55%,$0.00B,$0.99B,0.49%,$32,$1,$31,$0,$30,$28,$4,$0,$4,$2,$2,$2,$3,$17,$17,$22,23,$0.15,$0.14,$141,$0,$0,$159,$2,$898,$0,$14,$925,$1083,$71,$768,$22,$794,$865,$0,$-3,$-0,$218,$1083,$-2,$14,$1,$16,$-9,$-11,$4,$24,$8,$22,$-0,$0,$-17,$0,$-84,$-84,$20,$-81,$-3,$7,$4,$52,$52,$-6,$-2,$48,$-11,$4,$-6
21,2013-06-30,5.15,$9.34,0.55,$4.80,1.07,$-0.28,0.0,$0.03,171.63,$0.24B,$0.06B,3.98,$0.79B,$0.21B,3.82,$0.11B,$0.10B,96.26%,$0.11B,$-0.01B,-4.67%,$0.11B,$0.07B,65.42%,$0.11B,$0.10B,92.52%,$0.11B,$-0.01B,-4.67%,$0.11B,$0.00B,0.93%,$0.00B,$0.21B,0.53%,$0.00B,$0.21B,0.53%,$0.00B,$1.08B,0.12%,$-0.01B,$1.00B,-0.69%,$34,$1,$33,$0,$32,$37,$-3,$0,$-3,$-1,$-2,$-2,$-1,$21,$15,$22,22,$-0.06,$-0.06,$220,$0,$0,$237,$2,$808,$0,$24,$844,$1081,$60,$789,$23,$815,$875,$0,$-5,$-0,$207,$1081,$-4,$14,$0,$15,$-7,$-10,$2,$19,$5,$16,$-0,$0,$-17,$0,$-75,$-75,$-1,$-93,$18,$9,$27,$43,$43,$-2,$-5,$63,$-14,$3,$-2
22,2013-03-31,5.33,$8.48,0.63,$4.56,1.17,$-1.11,0.0,$0.02,266.53,$0.13B,$0.03B,4.29,$0.49B,$0.19B,2.57,$0.10B,$0.10B,96.12%,$0.10B,$0.00B,1.94%,$0.10B,$0.08B,74.76%,$0.10B,$0.11B,103.88%,$0.10B,$0.00B,1.94%,$0.10B,0,0.00%,$0.00B,$0.19B,0.00%,$0.00B,$0.19B,0.00%,$0.00B,$0.75B,0.00%,$0.00B,$0.69B,0.32%,$27,$1,$26,$0,$25,$30,$-3,$0,$-3,$-1,$-2,$-2,$-2,$25,$17,$23,23,$-0.08,$-0.08,$111,$0,$0,$126,$3,$582,$0,$26,$624,$750,$29,$493,$31,$529,$558,$0,$-3,$-0,$192,$750,$-2,$8,$-3,$5,$-5,$-7,$1,$-21,$-33,$-29,$-0,$0,$0,$0,$-34,$-34,$-1,$-35,$40,$-4,$36,$-0,$-0,$-1,$4,$39,$-26,$1,$-1
23,2012-12-31,4.66,$8.28,0.56,$4.80,0.97,$-0.69,0.0,$0.12,38.82,$0.15B,$0.04B,3.41,$0.44B,$0.19B,2.37,$0.11B,$0.11B,96.36%,$0.11B,$0.01B,8.18%,$0.11B,$0.08B,73.64%,$0.11B,$0.11B,100.00%,$0.11B,$0.01B,8.18%,$0.11B,$0.00B,1.82%,$0.00B,$0.19B,1.14%,$0.00B,$0.19B,1.14%,$0.00B,$0.71B,0.29%,$0.01B,$0.63B,1.54%,$26,$1,$25,$0,$16,$20,$6,$0,$6,$3,$3,$3,$5,$32,$25,$23,23,$0.23,$0.23,$137,$0,$0,$146,$3,$535,$0,$11,$564,$710,$43,$444,$26,$480,$523,$0,$-0,$-0,$187,$710,$8,$28,$-3,$25,$-3,$-2,$-0,$-21,$-26,$7,$-1,$0,$0,$0,$-18,$-18,$-30,$-50,$28,$-9,$19,$28,$28,$-9,$0,$39,$-3,$2,$-9
24,2012-09-30,4.18,$7.65,0.55,$4.68,0.89,$-0.29,0.0,$-0.38,0.0,$0.13B,$0.07B,1.99,$0.41B,$0.17B,2.34,$0.11B,$0.10B,96.26%,$0.11B,$-0.01B,-6.54%,$0.11B,$0.06B,58.88%,$0.11B,$0.09B,85.98%,$0.11B,$-0.01B,-6.54%,$0.11B,$-0.01B,-8.41%,$-0.01B,$0.17B,-5.34%,$-0.01B,$0.17B,-5.34%,$-0.01B,$0.68B,-1.34%,$-0.01B,$0.58B,-1.24%,$20,$1,$19,$0,$22,$25,$-5,$0,$-5,$-1,$-4,$-4,$-1,$21,$13,$23,23,$-0.06,$-0.06,$123,$0,$0,$134,$3,$518,$0,$12,$550,$684,$67,$406,$24,$444,$511,$0,$-5,$-0,$174,$684,$5,$21,$-2,$19,$-9,$-1,$-0,$-11,$-21,$3,$-1,$0,$0,$0,$-9,$-9,$-18,$-29,$10,$-7,$3,$20,$20,$-8,$0,$16,$-11,$1,$-8
25,2012-06-30,4.68,$7.82,0.6,$4.63,1.01,$-0.04,0.0,$-0.38,0.0,$0.12B,$0.07B,1.85,$0.40B,$0.18B,2.24,$0.11B,$0.10B,96.23%,$0.11B,$-0.01B,-7.55%,$0.11B,$0.06B,56.60%,$0.11B,$0.09B,82.08%,$0.11B,$-0.01B,-7.55%,$0.11B,$-0.01B,-9.43%,$-0.01B,$0.18B,-6.17%,$-0.01B,$0.18B,-6.17%,$-0.01B,$0.69B,-1.50%,$-0.01B,$0.58B,-1.46%,$30,$1,$29,$0,$22,$25,$4,$0,$4,$-1,$5,$5,$-2,$29,$22,$23,23,$-0.07,$-0.07,$110,$0,$0,$120,$2,$531,$0,$10,$566,$686,$65,$398,$28,$443,$508,$0,$-3,$-0,$178,$686,$9,$14,$-2,$12,$-6,$-3,$-0,$-15,$-24,$-3,$-0,$0,$0,$0,$-9,$-9,$-15,$-25,$12,$-4,$8,$16,$16,$-4,$0,$20,$-7,$0,$-4
26,2012-03-31,5.56,$7.25,0.77,$4.78,1.16,$-0.14,0.0,$-0.24,0.0,$0.12B,$0.06B,1.93,$0.39B,$0.17B,2.36,$0.11B,$0.10B,95.41%,$0.11B,$-0.01B,-8.26%,$0.11B,$0.06B,52.29%,$0.11B,$0.08B,76.15%,$0.11B,$-0.01B,-8.26%,$0.11B,$-0.01B,-5.50%,$-0.01B,$0.17B,-3.85%,$-0.01B,$0.17B,-3.85%,$-0.01B,$0.67B,-0.92%,$-0.01B,$0.56B,-1.69%,$34,$1,$33,$0,$26,$30,$4,$0,$4,$0,$4,$4,$0,$28,$21,$22,23,$0.02,$0.02,$106,$0,$0,$116,$2,$515,$0,$7,$549,$665,$60,$390,$29,$440,$500,$0,$-0,$-0,$165,$665,$4,$7,$-0,$7,$-6,$4,$-0,$-28,$-30,$-20,$-0,$0,$0,$0,$-7,$-7,$-6,$-14,$8,$-2,$6,$8,$8,$-3,$0,$10,$-24,$0,$-3
27,2011-12-31,5.36,$7.13,0.75,$5.12,1.05,$0.12,44.1,$-0.11,0.0,$0.13B,$0.07B,1.81,$0.38B,$0.16B,2.44,$0.12B,$0.11B,95.69%,$0.12B,$-0.00B,-3.45%,$0.12B,$0.06B,55.17%,$0.12B,$0.09B,74.14%,$0.12B,$-0.00B,-3.45%,$0.12B,$-0.00B,-1.72%,$-0.00B,$0.16B,-1.32%,$-0.00B,$0.16B,-1.32%,$-0.00B,$0.66B,-0.31%,$-0.00B,$0.54B,-0.77%,$23,$1,$22,$0,$28,$32,$-10,$0,$-10,$-4,$-6,$-6,$-6,$14,$7,$22,22,$-0.27,$-0.26,$119,$0,$0,$125,$2,$494,$0,$12,$536,$661,$69,$382,$30,$435,$504,$0,$-0,$-0,$157,$661,$-3,$21,$-10,$11,$7,$-7,$0,$7,$8,$16,$-2,$0,$0,$0,$-8,$-8,$-7,$-16,$0,$-7,$-7,$12,$12,$-5,$-0,$-0,$-1,$10,$-5
28,2011-09-30,4.34,$6.66,0.65,$6.05,0.72,$-2.05,0.0,$0.31,13.99,$0.11B,$0.07B,1.67,$0.37B,$0.15B,2.53,$0.14B,$0.13B,96.35%,$0.14B,$0.01B,10.22%,$0.14B,$0.11B,79.56%,$0.14B,$0.13B,92.70%,$0.14B,$0.01B,10.22%,$0.14B,$0.01B,5.84%,$0.01B,$0.15B,5.41%,$0.01B,$0.15B,5.41%,$0.01B,$0.65B,1.25%,$0.01B,$0.52B,2.75%,$19,$1,$18,$0,$22,$25,$-6,$0,$-6,$-1,$-5,$-5,$-2,$16,$10,$22,22,$-0.07,$-0.07,$100,$0,$0,$110,$2,$502,$0,$8,$537,$647,$66,$374,$33,$433,$499,$0,$6,$-0,$148,$647,$3,$14,$-13,$1,$1,$-3,$0,$6,$4,$8,$-1,$0,$0,$0,$-6,$-6,$-1,$-8,$0,$-5,$-5,$4,$4,$-2,$-1,$-4,$-3,$1,$-2
29,2011-06-30,5.22,$6.89,0.76,$6.57,0.8,$-3.55,0.0,$0.44,11.87,$0.12B,$0.06B,1.84,$0.37B,$0.15B,2.37,$0.15B,$0.14B,96.62%,$0.15B,$0.03B,16.89%,$0.15B,$0.12B,83.78%,$0.15B,$0.14B,92.57%,$0.15B,$0.03B,16.89%,$0.15B,$0.01B,8.11%,$0.01B,$0.15B,8.32%,$0.01B,$0.15B,8.32%,$0.01B,$0.65B,1.91%,$0.03B,$0.52B,5.01%,$33,$1,$31,$0,$27,$30,$3,$0,$3,$1,$2,$2,$2,$25,$19,$22,23,$0.07,$0.07,$106,$0,$0,$118,$2,$494,$0,$8,$530,$648,$64,$366,$33,$429,$493,$0,$9,$-0,$154,$648,$8,$8,$-9,$-1,$-1,$-7,$-0,$-3,$-11,$-5,$-1,$0,$0,$0,$-6,$-6,$1,$-6,$0,$-3,$-3,$5,$5,$-1,$-1,$1,$-10,$1,$-1
30,2011-03-31,6.38,$6.69,0.95,$6.85,0.93,$-4.84,0.0,$0.47,13.57,$0.10B,$0.05B,1.92,$0.36B,$0.15B,2.43,$0.15B,$0.15B,97.39%,$0.15B,$0.03B,17.65%,$0.15B,$0.11B,68.63%,$0.15B,$0.11B,73.20%,$0.15B,$0.03B,17.65%,$0.15B,$0.01B,7.84%,$0.01B,$0.15B,8.65%,$0.01B,$0.15B,8.65%,$0.01B,$0.63B,1.96%,$0.03B,$0.51B,5.55%,$41,$1,$40,$0,$32,$33,$9,$0,$9,$2,$6,$6,$4,$31,$28,$22,23,$0.16,$0.15,$87,$0,$0,$104,$2,$485,$0,$5,$523,$626,$54,$359,$33,$424,$478,$0,$8,$-0,$148,$626,$6,$3,$-5,$-2,$-5,$-3,$-0,$-9,$-17,$-13,$-1,$0,$0,$0,$-1,$-1,$0,$-1,$0,$-0,$-0,$-0,$-0,$-0,$-1,$-2,$-16,$0,$-0
31,2010-12-31,5.64,$6.54,0.86,$6.03,0.93,$-6.55,0.0,$0.40,14.09,$0.13B,$0.08B,1.75,$0.35B,$0.14B,2.47,$0.13B,$0.13B,97.01%,$0.13B,$0.02B,15.67%,$0.13B,$0.10B,74.63%,$0.13B,$0.11B,78.36%,$0.13B,$0.02B,15.67%,$0.13B,$0.01B,7.46%,$0.01B,$0.14B,7.46%,$0.01B,$0.14B,7.46%,$0.01B,$0.64B,1.68%,$0.02B,$0.49B,4.43%,$44,$1,$43,$0,$34,$36,$8,$0,$8,$4,$4,$4,$4,$55,$52,$22,22,$0.18,$0.17,$119,$0,$0,$131,$1,$463,$0,$9,$508,$639,$75,$351,$33,$422,$497,$0,$5,$-0,$142,$639,$12,$5,$-22,$-17,$-5,$-11,$0,$-13,$-29,$-33,$-1,$0,$0,$0,$22,$22,$-3,$18,$-3,$17,$14,$-1,$-1,$-2,$-0,$11,$-5,$8,$-2
32,2010-09-30,4.5,$6.10,0.74,$4.96,0.91,$-3.27,0.0,$0.40,11.24,$0.11B,$0.06B,1.87,$0.34B,$0.13B,2.6,$0.11B,$0.11B,95.45%,$0.11B,$0.02B,16.36%,$0.11B,$0.10B,88.18%,$0.11B,$0.07B,59.09%,$0.11B,$0.02B,16.36%,$0.11B,$0.01B,9.09%,$0.01B,$0.13B,7.69%,$0.01B,$0.13B,7.69%,$0.01B,$0.60B,1.73%,$0.02B,$0.48B,3.88%,$30,$1,$29,$0,$24,$26,$5,$0,$5,$2,$3,$3,$2,$26,$25,$22,22,$0.08,$0.08,$103,$0,$0,$110,$2,$442,$0,$11,$493,$603,$59,$344,$28,$412,$471,$0,$1,$-0,$133,$603,$8,$1,$-15,$-13,$0,$-3,$0,$-17,$-20,$-26,$-1,$0,$0,$0,$4,$4,$-4,$-0,$-3,$18,$14,$-4,$-4,$-1,$-2,$8,$-18,$3,$-1
33,2010-06-30,4.55,$6.12,0.74,$5.94,0.77,$-1.66,0.0,$0.47,9.69,$0.10B,$0.04B,2.49,$0.34B,$0.13B,2.56,$0.13B,$0.13B,95.45%,$0.13B,$0.02B,15.15%,$0.13B,$0.09B,65.91%,$0.13B,$0.05B,40.15%,$0.13B,$0.02B,15.15%,$0.13B,$0.01B,8.33%,$0.01B,$0.13B,8.66%,$0.01B,$0.13B,8.66%,$0.01B,$0.58B,1.94%,$0.02B,$0.47B,4.39%,$38,$1,$37,$0,$36,$33,$5,$0,$5,$2,$3,$3,$2,$-0,$0,$22,22,$0.10,$0.10,$91,$0,$0,$100,$2,$430,$0,$7,$481,$581,$40,$337,$30,$409,$449,$0,$2,$0,$132,$581,$5,$0,$-13,$-12,$-1,$-2,$0,$-23,$-26,$-33,$-1,$0,$0,$0,$5,$5,$-0,$4,$-3,$4,$1,$-3,$-3,$-1,$-0,$-3,$-33,$2,$-1
34,2010-03-31,6.24,$5.93,1.05,$6.54,0.95,$-0.22,0.0,$0.57,10.94,$0.07B,$0.03B,2.62,$0.33B,$0.13B,2.57,$0.14B,$0.14B,95.14%,$0.14B,$0.02B,15.97%,$0.14B,$0.10B,72.22%,$0.14B,$0.07B,49.31%,$0.14B,$0.02B,15.97%,$0.14B,$0.01B,9.03%,$0.01B,$0.13B,10.57%,$0.01B,$0.13B,10.57%,$0.01B,$0.55B,2.34%,$0.02B,$0.46B,5.13%,$22,$1,$21,$0,$20,$19,$3,$0,$3,$1,$2,$2,$2,$24,$23,$22,22,$0.08,$0.08,$65,$0,$0,$69,$1,$421,$0,$11,$482,$551,$27,$330,$21,$396,$423,$0,$0,$0,$129,$551,$2,$1,$-1,$-0,$2,$-5,$-0,$-51,$-54,$-52,$-0,$0,$0,$0,$5,$5,$4,$9,$-3,$0,$-3,$-1,$-1,$-0,$-0,$-5,$-48,$1,$-0
35,2009-12-31,7.13,$5.84,1.22,$6.77,1.05,$1.57,4.53,$0.49,14.54,$0.12B,$0.05B,2.22,$0.33B,$0.13B,2.6,$0.15B,$0.14B,95.24%,$0.15B,$0.02B,13.61%,$0.15B,$0.08B,55.10%,$0.15B,$0.05B,31.97%,$0.15B,$0.02B,13.61%,$0.15B,$0.01B,7.48%,$0.01B,$0.13B,9.38%,$0.01B,$0.13B,9.38%,$0.01B,$0.58B,2.43%,$0.02B,$0.45B,5.55%,$20,$1,$18,$0,$39,$14,$5,$0,$5,$1,$4,$4,$4,$15,$49,$21,22,$0.17,$0.16,$112,$0,$0,$119,$1,$393,$0,$9,$455,$575,$54,$327,$21,$395,$449,$0,$-1,$0,$126,$575,$13,$1,$-6,$-4,$-2,$-11,$-1,$45,$31,$40,$-1,$0,$-2,$0,$7,$7,$-0,$4,$-6,$0,$-6,$-5,$-5,$-2,$-1,$-14,$29,$10,$-2
36,2009-09-30,7.07,$5.81,1.22,$6.71,1.05,$-1.33,0.0,0,0.0,$0.10B,$0.05B,1.92,$0.32B,$0.12B,2.67,$0.14B,$0.14B,95.83%,$0.14B,$0.01B,3.47%,$0.14B,$0.02B,16.67%,$0.14B,$0.02B,15.28%,$0.14B,$0.01B,3.47%,$0.14B,0,0.00%,$0.00B,$0.12B,0.00%,$0.00B,$0.12B,0.00%,$0.00B,$0.56B,0.00%,$0.01B,$0.44B,1.81%,$52,$1,$50,$0,$33,$45,$7,$0,$7,$3,$4,$4,$3,$14,$15,$21,22,$0.14,$0.13,$95,$0,$0,$104,$1,$394,$0,$7,$456,$560,$54,$323,$14,$385,$439,$0,$-4,$0,$121,$560,$9,$0,$-1,$-0,$-4,$-13,$-1,$19,$2,$10,$-0,$0,$-2,$0,$6,$6,$-0,$3,$-3,$1,$-2,$-1,$-1,$-1,$0,$-3,$9,$4,$-1
37,2009-06-30,5.63,$5.58,1.01,$5.16,1.09,$-2.99,0.0,$-0.37,0.0,$0.09B,$0.04B,2.22,$0.32B,$0.12B,2.8,$0.11B,$0.10B,94.44%,$0.11B,$-0.01B,-9.26%,$0.11B,$0.00B,0.93%,$0.11B,$-0.00B,0.00%,$0.11B,$-0.01B,-9.26%,$0.11B,$-0.01B,-7.41%,$-0.01B,$0.12B,-7.19%,$-0.01B,$0.12B,-7.19%,$-0.01B,$0.54B,-3.25%,$-0.01B,$0.44B,-5.20%,$50,$1,$48,$0,$27,$41,$8,$0,$8,$4,$5,$5,$4,$18,$17,$21,21,$0.21,$0.20,$75,$0,$0,$90,$1,$377,$0,$12,$448,$538,$41,$324,$9,$381,$422,$0,$-6,$0,$116,$538,$5,$1,$4,$4,$-9,$-9,$-0,$7,$-11,$-2,$-0,$0,$-2,$0,$-2,$-2,$0,$-5,$1,$1,$2,$-1,$-1,$-0,$0,$1,$-6,$3,$-0
38,2009-03-31,3.51,$5.19,0.68,$3.86,0.91,$-4.03,0.0,$-0.56,0.0,$0.04B,$0.03B,1.7,$0.00B,$0.11B,0.0,$0.08B,$0.07B,92.50%,$0.08B,$-0.02B,-21.25%,$0.08B,$-0.02B,-18.75%,$0.08B,$-0.02B,-21.25%,$0.08B,$-0.02B,-21.25%,$0.08B,$-0.01B,-15.00%,$-0.01B,$0.11B,-10.79%,$-0.01B,$0.11B,-10.79%,$-0.01B,$0.14B,-7.92%,$-0.02B,$0.11B,-15.28%,$25,$1,$24,$0,$23,$25,$0,$0,$0,$0,$0,$0,$0,$0,$0,$21,21,$0.00,$0.00,$39,$0,$0,$43,$1,$66,$0,$11,$94,$137,$25,$0,$5,$5,$30,$0,$-10,$0,$106,$137,$0,$0,$1,$2,$-0,$-5,$-0,$-7,$-12,$-11,$-0,$0,$0,$0,$-0,$-0,$-3,$-3,$0,$2,$2,$-0,$-0,$-0,$0,$1,$-13,$1,$-0
39,2008-12-31,4.05,$5.52,0.73,$3.60,1.12,$-4.28,0.0,$-0.53,0.0,$0.06B,$0.04B,1.63,$0.00B,$0.11B,0.0,$0.08B,$0.07B,90.67%,$0.08B,$-0.02B,-22.67%,$0.08B,$-0.01B,-18.67%,$0.08B,$-0.02B,-21.33%,$0.08B,$-0.02B,-22.67%,$0.08B,$-0.01B,-14.67%,$-0.01B,$0.11B,-9.67%,$-0.01B,$0.11B,-9.67%,$-0.01B,$0.15B,-6.91%,$-0.02B,$0.11B,-14.95%,$17,$1,$16,$0,$26,$27,$-10,$0,$-10,$-3,$-7,$-7,$-7,$-10,$-8,$20,20,$-0.33,$-0.33,$53,$0,$0,$58,$1,$68,$0,$15,$95,$153,$36,$0,$4,$4,$40,$0,$-10,$0,$113,$153,$-11,$1,$6,$7,$4,$-9,$0,$-13,$-18,$-23,$-0,$0,$0,$0,$-22,$-22,$-7,$-29,$0,$9,$9,$-6,$-6,$-4,$0,$-1,$-53,$11,$-4
40,2008-09-30,3.77,$5.53,0.68,$3.85,0.98,$-3.22,0.0,$-0.08,0.0,$0.06B,$0.03B,2.11,$0.00B,$0.11B,0.0,$0.09B,$0.08B,90.80%,$0.09B,$-0.00B,-3.45%,$0.09B,$0.00B,1.15%,$0.09B,$-0.00B,-1.15%,$0.09B,$-0.00B,-3.45%,$0.09B,$-0.00B,-1.15%,$-0.00B,$0.11B,-0.87%,$-0.00B,$0.11B,-0.87%,$-0.00B,$0.16B,-0.60%,$-0.00B,$0.11B,-2.62%,$16,$1,$14,$0,$22,$24,$-8,$0,$-8,$-3,$-5,$-5,$-5,$-8,$-8,$20,20,$-0.24,$-0.24,$59,$0,$0,$63,$1,$68,$0,$6,$93,$156,$30,$0,$4,$16,$46,$0,$-2,$0,$110,$156,$-4,$1,$0,$1,$4,$-9,$0,$-16,$-21,$-25,$-0,$0,$-20,$0,$0,$0,$-7,$-27,$0,$9,$9,$-3,$-3,$-3,$0,$2,$-49,$7,$-3
41,2008-06-30,4.71,$5.74,0.82,$4.01,1.17,$-2.73,0.0,$0.21,22.41,$0.07B,$0.02B,3.43,$0.00B,$0.12B,0.0,$0.09B,$0.09B,92.39%,$0.09B,$0.01B,7.61%,$0.09B,$0.01B,13.04%,$0.09B,$0.01B,10.87%,$0.09B,$0.01B,7.61%,$0.09B,$0.01B,5.43%,$0.01B,$0.12B,4.25%,$0.01B,$0.12B,4.25%,$0.01B,$0.16B,2.89%,$0.01B,$0.12B,5.94%,$22,$1,$20,$0,$19,$21,$1,$0,$1,$1,$0,$0,$0,$1,$1,$20,21,$0.01,$0.01,$65,$0,$0,$73,$1,$70,$0,$6,$87,$160,$21,$0,$7,$23,$44,$0,$4,$0,$116,$160,$1,$1,$1,$1,$1,$-10,$-0,$-16,$-26,$-23,$-0,$0,$0,$0,$-20,$-20,$-2,$-22,$0,$4,$4,$-2,$-2,$-2,$0,$1,$-45,$5,$-2
42,2008-03-31,4.95,$5.68,0.87,$4.02,1.23,$-2.88,0.0,$0.20,24.77,$0.09B,$0.03B,2.94,$0.00B,$0.12B,0.0,$0.09B,$0.09B,93.55%,$0.09B,$-0.11B,-117.20%,$0.09B,$-0.10B,-111.83%,$0.09B,$-0.11B,-113.98%,$0.09B,$-0.11B,-117.20%,$0.09B,$-0.11B,-112.90%,$-0.11B,$0.12B,-88.24%,$-0.11B,$0.12B,-88.24%,$-0.11B,$0.17B,-60.78%,$-0.11B,$0.12B,-91.60%,$20,$1,$18,$0,$17,$19,$0,$0,$0,$-0,$1,$1,$1,$1,$1,$21,21,$0.03,$0.03,$82,$0,$0,$86,$2,$71,$0,$4,$82,$168,$29,$0,$7,$23,$52,$0,$5,$0,$116,$168,$1,$0,$0,$0,$3,$0,$0,$-21,$-17,$-16,$-0,$0,$0,$0,$-20,$-20,$1,$-19,$0,$4,$4,$-0,$-0,$0,$0,$4,$-31,$2,$0
