,Date,Stock Price,Book Value per Share,Price to Book Ratio,TTM Sales per Share,Price to Sales Ratio,TTM FCF per Share,Price to FCF Ratio,TTM Net EPS,PE Ratio,Current Assets,Current Liabilities,Current Ratio,Long Term Debt,Shareholder's Equity_x,Debt to Equity Ratio,TTM Revenue_x,TTM Gross Profit,Gross Margin,TTM Revenue_y,TTM Operating Income,Operating Margin,TTM Revenue_x,TTM EBIT,EBIT Margin,TTM Revenue_y,TTM EBITDA,EBITDA Margin,TTM Revenue_x,TTM Pre-Tax Income,Pre-Tax Margin,TTM Revenue_y,TTM Net Income_x,Net Margin,TTM Net Income_y,Shareholder's Equity_y,Return on Equity,TTM Net Income_x,Tangible Equity,Return on Tangible Equity,TTM Net Income_y,Total Assets,Return on Assets,TTM Net Income,LT Investments & Debt,Return on Investment,revenue,cost-goods-sold,gross-profit,research-development-expenses,selling-general-administrative-expenses,operating-expenses,operating-income,total-non-operating-income-expense,pre-tax-income,total-provision-income-taxes,income-after-taxes,income-from-continuous-operations,net-income,ebitda,ebit,basic-shares-outstanding,shares-outstanding,eps-basic-net-earnings-per-share,eps-earnings-per-share-diluted,cash-on-hand,inventory,other-current-assets,total-current-assets,net-property-plant-equipment,long-term-investments,goodwill-intangible-assets-total,other-long-term-assets,total-long-term-assets,total-assets,total-current-liabilities,long-term-debt,other-non-current-liabilities,total-long-term-liabilities,total-liabilities,common-stock-net,retained-earnings-accumulated-deficit,comprehensive-income,total-share-holder-equity,total-liabilities-share-holders-equity,net-income-loss,total-depreciation-amortization-cash-flow,other-non-cash-items,total-non-cash-items,change-in-accounts-receivable,change-in-inventories,change-in-accounts-payable,change-in-assets-liabilities,total-change-in-assets-liabilities,cash-flow-from-operating-activities,net-change-in-property-plant-equipment,net-change-in-intangible-assets,net-acquisitions-divestitures,net-change-in-short-term-investments,net-change-in-long-term-investments,net-change-in-investments-total,investing-activities-other,cash-flow-from-investing-activities,net-long-term-debt,net-current-debt,debt-issuance-retirement-net-total,net-common-equity-issued-repurchased,net-total-equity-issued-repurchased,total-common-preferred-stock-dividends-paid,financial-activities-other,cash-flow-from-financial-activities,net-cash-flow,stock-based-compensation,common-stock-dividends-paid
0,2018-06-30,4.3,$0.00,0.0,$9.84,0.44,$-1.29,0.0,$-28.24,0.0,$0.03B,$0.03B,0.95,$0.00B,$0.02B,0.0,$0.10B,0,0.00%,$0.10B,$-0.24B,-227.88%,$0.10B,$-0.24B,-227.88%,$0.10B,$-0.24B,-227.88%,$0.10B,$-0.24B,-228.85%,$0.10B,$-0.23B,-222.12%,$-0.23B,$0.02B,-193.71%,$-0.23B,$-0.02B,1301.41%,$-0.23B,$0.07B,-143.48%,$-0.24B,$0.02B,-198.74%,$26,$26,$0,$0,$3,$103,$-77,$-0,$-77,$-0,$-77,$-77,$-77,$-77,$-77,$82,82,$-0.90,$-0.90,$11,$1,$5,$27,$1,$1,$43,$0,$45,$72,$29,$0,$19,$21,$49,$0,$-593,$-18,$23,$72,$0,$0,$0,$0,$0,$0,$0,$0,$0,$0,$0,$0,$0,$0,$0,$0,$0,$0,$0,$0,$0,$0,$0,$0,$0,$0,$0,$0,$0
1,2018-03-31,8.6,$0.00,0.0,$9.77,0.88,$-1.29,0.0,$-19.50,0.0,$0.02B,$0.03B,0.69,$0.00B,$0.11B,0.0,$0.10B,0,0.00%,$0.10B,$-0.17B,-167.68%,$0.10B,$-0.17B,-167.68%,$0.10B,$-0.17B,-167.68%,$0.10B,$-0.17B,-168.69%,$0.10B,$-0.16B,-160.61%,$-0.16B,$0.11B,-90.99%,$-0.16B,$-0.02B,963.64%,$-0.16B,$0.15B,-75.09%,$-0.17B,$0.11B,-94.99%,$30,$29,$0,$0,$3,$32,$-3,$-0,$-3,$-0,$-3,$-3,$-3,$-3,$-3,$8,8,$0.00,$0.00,$2,$1,$7,$19,$2,$1,$123,$0,$126,$145,$28,$0,$10,$13,$41,$0,$-517,$-13,$105,$145,$0,$0,$0,$0,$0,$0,$0,$0,$0,$0,$0,$0,$0,$0,$0,$0,$0,$0,$0,$0,$0,$0,$0,$0,$0,$0,$0,$0,$0
2,2017-12-31,10.2,$0.00,0.0,$8.56,1.19,$-1.29,0.0,$-19.80,0.0,$0.01B,$0.02B,0.62,$0.00B,$0.10B,0.0,$0.09B,0,0.00%,$0.09B,$-0.17B,-189.89%,$0.09B,$-0.17B,-189.89%,$0.09B,$-0.17B,-189.89%,$0.09B,$-0.17B,-191.01%,$0.09B,$-0.16B,-180.90%,$-0.16B,$0.10B,-76.67%,$-0.16B,$-0.02B,1073.33%,$-0.16B,$0.14B,-65.92%,$-0.17B,$0.10B,-80.48%,$21,$21,$0,$0,$6,$174,$-152,$-0,$-153,$-5,$-147,$-147,$-147,$-152,$-152,$8,8,$-19.26,$-19.26,$5,$1,$3,$14,$2,$1,$119,$0,$122,$136,$23,$0,$7,$10,$33,$0,$-514,$-17,$104,$136,$-162,$9,$142,$150,$-1,$-0,$2,$3,$2,$-10,$-1,$0,$0,$0,$0,$0,$0,$-1,$0,$8,$8,$0,$0,$0,$5,$13,$2,$1,$0
3,2017-09-30,14.7,$0.00,0.0,$8.51,1.73,$-0.94,0.0,$-2.70,0.0,$0.03B,$0.03B,0.87,$0.00B,$0.25B,0.0,$0.09B,$0.00B,1.12%,$0.09B,$-0.03B,-29.21%,$0.09B,$-0.03B,-29.21%,$0.09B,$-0.03B,-29.21%,$0.09B,$-0.03B,-29.21%,$0.09B,$-0.02B,-24.72%,$-0.02B,$0.25B,-8.94%,$-0.02B,$-0.02B,166.04%,$-0.02B,$0.29B,-7.89%,$-0.03B,$0.25B,-10.57%,$27,$27,$0,$0,$5,$32,$-5,$-0,$-5,$-0,$-4,$-4,$-4,$-5,$-5,$8,8,$-0.54,$-0.54,$3,$0,$3,$26,$2,$1,$262,$0,$265,$291,$29,$0,$8,$16,$46,$0,$-367,$-22,$245,$291,$0,$0,$0,$0,$0,$0,$0,$0,$0,$0,$0,$0,$0,$0,$0,$0,$0,$0,$0,$0,$0,$0,$0,$0,$0,$0,$0,$0,$0
4,2017-06-30,22.0,$0.00,0.0,$7.62,2.89,$-0.94,0.0,$-3.10,0.0,$0.01B,$0.02B,0.83,$0.00B,$0.25B,0.0,$0.08B,$0.00B,1.22%,$0.08B,$-0.03B,-35.37%,$0.08B,$-0.03B,-35.37%,$0.08B,$-0.03B,-35.37%,$0.08B,$-0.03B,-35.37%,$0.08B,$-0.03B,-30.49%,$-0.03B,$0.25B,-9.84%,$-0.03B,$-0.02B,243.90%,$-0.03B,$0.28B,-8.77%,$-0.03B,$0.25B,-11.42%,$21,$20,$0,$0,$6,$26,$-6,$-0,$-6,$-0,$-5,$-5,$-5,$-6,$-6,$82,82,$0.00,$0.00,$1,$0,$1,$12,$2,$1,$260,$0,$263,$275,$15,$0,$7,$15,$30,$0,$-362,$-27,$245,$275,$0,$0,$0,$0,$0,$0,$0,$0,$0,$0,$0,$0,$0,$0,$0,$0,$0,$0,$0,$0,$0,$0,$0,$0,$0,$0,$0,$0,$0
5,2017-03-31,27.0,$0.00,0.0,$9.22,2.93,$-0.94,0.0,$-3.10,0.0,$0.01B,$0.02B,0.75,$0.00B,$0.25B,0.0,$0.08B,$0.00B,1.32%,$0.08B,$-0.03B,-38.16%,$0.08B,$-0.03B,-38.16%,$0.08B,$-0.03B,-38.16%,$0.08B,$-0.03B,-38.16%,$0.08B,$-0.03B,-32.89%,$-0.03B,$0.25B,-9.47%,$-0.03B,$-0.01B,370.37%,$-0.03B,$0.28B,-8.42%,$-0.03B,$0.25B,-10.98%,$20,$20,$0,$0,$6,$25,$-6,$0,$-6,$-0,$-5,$-5,$-5,$-6,$-6,$8,8,$0.00,$0.00,$2,$0,$1,$14,$2,$1,$258,$0,$261,$275,$19,$0,$2,$10,$29,$0,$-357,$-30,$246,$275,$0,$0,$0,$0,$0,$0,$0,$0,$0,$0,$0,$0,$0,$0,$0,$0,$0,$0,$0,$0,$0,$0,$0,$0,$0,$0,$0,$0,$0
6,2016-12-31,37.6,$30.29,1.24,$8.93,4.21,$-0.94,0.0,$-3.00,0.0,$0.01B,$0.02B,0.88,$0.00B,$0.25B,0.0,$0.07B,$0.00B,1.37%,$0.07B,$-0.03B,-38.36%,$0.07B,$-0.03B,-38.36%,$0.07B,$-0.03B,-38.36%,$0.07B,$-0.03B,-38.36%,$0.07B,$-0.02B,-32.88%,$-0.02B,$0.25B,-8.65%,$-0.02B,$-0.01B,685.71%,$-0.02B,$0.27B,-7.70%,$-0.03B,$0.25B,-10.09%,$21,$20,$1,$0,$10,$30,$-9,$0,$-9,$-1,$-8,$-8,$-8,$-9,$-9,$8,8,$-2.18,$-2.18,$3,$0,$0,$13,$2,$1,$258,$0,$261,$274,$15,$0,$1,$10,$26,$0,$-352,$-33,$248,$274,$-25,$9,$0,$9,$2,$-0,$-1,$19,$10,$-6,$-2,$0,$0,$0,$-1,$-1,$0,$-3,$0,$0,$0,$0,$0,$0,$0,$0,$-9,$1,$0
7,2016-09-30,39.8,$0.00,0.0,$6.38,6.24,0,0.0,$-2.00,0.0,$0.03B,$0.03B,1.09,$0.00B,$0.28B,0.0,$0.05B,0,0.00%,$0.05B,$-0.02B,-36.54%,$0.05B,$-0.02B,-36.54%,$0.05B,$-0.02B,-36.54%,$0.05B,$-0.02B,-36.54%,$0.05B,$-0.02B,-30.77%,$-0.02B,$0.28B,-7.42%,$-0.02B,$-0.01B,1280.00%,$-0.02B,$0.32B,-6.58%,$-0.02B,$0.28B,-8.82%,$20,$20,$-0,$0,$8,$28,$-8,$0,$-8,$-1,$-7,$-7,$-7,$-8,$-8,$8,8,$-0.90,$-0.90,$9,$2,$0,$31,$2,$1,$282,$0,$285,$316,$28,$0,$1,$10,$39,$0,$-344,$-10,$277,$316,$0,$0,$0,$0,$0,$0,$0,$0,$0,$0,$0,$0,$0,$0,$0,$0,$0,$0,$0,$0,$0,$0,$0,$0,$0,$0,$0,$0,$0
8,2016-06-30,36.5,$0.00,0.0,$5.29,6.9,0,0.0,$-4.40,0.0,$0.03B,$0.03B,1.31,$0.00B,$0.29B,0.0,$0.04B,$0.01B,13.16%,$0.04B,$-0.03B,-68.42%,$0.04B,$-0.03B,-68.42%,$0.04B,$-0.03B,-68.42%,$0.04B,$-0.03B,-68.42%,$0.04B,$-0.02B,-63.16%,$-0.02B,$0.29B,-10.27%,$-0.02B,$-0.00B,195.92%,$-0.02B,$0.32B,-8.70%,$-0.03B,$0.29B,-11.12%,$15,$15,$-0,$0,$6,$21,$-6,$0,$-6,$-1,$-5,$-5,$-5,$-6,$-6,$8,8,$0.00,$0.00,$4,$1,$1,$34,$2,$1,$286,$0,$288,$322,$26,$0,$1,$11,$37,$0,$-336,$-10,$285,$322,$0,$0,$0,$0,$0,$0,$0,$0,$0,$0,$0,$0,$0,$0,$0,$0,$0,$0,$0,$0,$0,$0,$0,$0,$0,$0,$0,$0,$0
