,Date,Stock Price,Book Value per Share,Price to Book Ratio,TTM Sales per Share,Price to Sales Ratio,TTM FCF per Share,Price to FCF Ratio,TTM Net EPS,PE Ratio,Current Assets,Current Liabilities,Current Ratio,Long Term Debt,Shareholder's Equity_x,Debt to Equity Ratio,TTM Revenue_x,TTM Gross Profit,Gross Margin,TTM Revenue_y,TTM Operating Income,Operating Margin,TTM Revenue_x,TTM EBIT,EBIT Margin,TTM Revenue_y,TTM EBITDA,EBITDA Margin,TTM Revenue_x,TTM Pre-Tax Income,Pre-Tax Margin,TTM Revenue_y,TTM Net Income_x,Net Margin,TTM Net Income_y,Shareholder's Equity_y,Return on Equity,TTM Net Income_x,Tangible Equity,Return on Tangible Equity,TTM Net Income_y,Total Assets,Return on Assets,TTM Net Income,LT Investments & Debt,Return on Investment,revenue,cost-goods-sold,gross-profit,research-development-expenses,selling-general-administrative-expenses,operating-expenses,operating-income,total-non-operating-income-expense,pre-tax-income,total-provision-income-taxes,income-after-taxes,income-from-continuous-operations,net-income,ebitda,ebit,basic-shares-outstanding,shares-outstanding,eps-basic-net-earnings-per-share,eps-earnings-per-share-diluted,cash-on-hand,inventory,other-current-assets,total-current-assets,net-property-plant-equipment,long-term-investments,goodwill-intangible-assets-total,other-long-term-assets,total-long-term-assets,total-assets,total-current-liabilities,long-term-debt,other-non-current-liabilities,total-long-term-liabilities,total-liabilities,common-stock-net,retained-earnings-accumulated-deficit,comprehensive-income,total-share-holder-equity,total-liabilities-share-holders-equity,net-income-loss,total-depreciation-amortization-cash-flow,other-non-cash-items,total-non-cash-items,change-in-accounts-receivable,change-in-inventories,change-in-accounts-payable,change-in-assets-liabilities,total-change-in-assets-liabilities,cash-flow-from-operating-activities,net-change-in-property-plant-equipment,net-change-in-intangible-assets,net-acquisitions-divestitures,net-change-in-short-term-investments,net-change-in-long-term-investments,net-change-in-investments-total,investing-activities-other,cash-flow-from-investing-activities,net-long-term-debt,net-current-debt,debt-issuance-retirement-net-total,net-common-equity-issued-repurchased,net-total-equity-issued-repurchased,total-common-preferred-stock-dividends-paid,financial-activities-other,cash-flow-from-financial-activities,net-cash-flow,stock-based-compensation,common-stock-dividends-paid
0,2018-09-30,138.17,$24.09,5.74,$29.79,4.64,$16.86,8.19,$0.50,276.34,$47.19B,$27.44B,1.72,$29.48B,$64.63B,0.46,$81.38B,$54.08B,66.45%,$81.38B,$17.44B,21.43%,$81.38B,$18.97B,23.30%,$81.38B,$26.03B,31.98%,$81.38B,$17.44B,21.43%,$81.38B,$1.54B,1.89%,$1.54B,$64.63B,2.46%,$1.54B,$-14.71B,-7.96%,$1.54B,$155.70B,0.99%,$17.44B,$94.11B,18.83%,$20348,$6589,$13759,$2508,$5543,$15925,$4423,$0,$4423,$489,$3934,$3934,$3934,$6572,$4841,$2683,2728,$1.47,$1.44,$19364,$8678,$2208,$47194,$16629,$0,$79339,$4465,$108509,$155703,$27437,$29480,$17075,$63640,$91077,$3120,$107617,$-14647,$64626,$155703,$12255,$5194,$1658,$6852,$-1043,$-777,$0,$-2061,$-3150,$15957,$-1457,$0,$-897,$0,$-2993,$-2993,$-48,$-5395,$-904,$-2325,$-3229,$-1580,$-1580,$-7083,$-229,$-12121,$-1768,$822,$-7083
1,2018-06-30,121.34,$23.45,5.18,$29.51,4.11,$16.53,7.34,$0.43,282.19,$45.44B,$27.49B,1.65,$29.41B,$62.89B,0.47,$80.68B,$53.04B,65.74%,$80.68B,$17.80B,22.07%,$80.68B,$19.22B,23.82%,$80.68B,$26.26B,32.55%,$80.68B,$17.80B,22.07%,$80.68B,$1.37B,1.70%,$1.37B,$62.89B,2.11%,$1.37B,$-17.51B,-7.35%,$1.37B,$155.37B,0.88%,$17.80B,$92.29B,18.90%,$20830,$6927,$13903,$2639,$5743,$15857,$4973,$0,$4973,$1019,$3954,$3954,$3954,$7069,$5352,$2682,2721,$1.47,$1.45,$18139,$8810,$1809,$45438,$16632,$0,$80402,$4421,$109927,$155365,$27488,$29405,$17928,$64988,$92476,$3120,$106123,$-14777,$62889,$155365,$8321,$3463,$-121,$3342,$-1005,$-491,$0,$-433,$-1978,$9685,$-663,$0,$-222,$0,$-208,$-208,$-33,$-1126,$-6,$-2406,$-2412,$-1427,$-1427,$-4668,$-137,$-8644,$-255,$580,$-4668
2,2018-03-31,127.21,$23.58,5.39,$28.73,4.43,$15.97,7.97,$0.38,334.76,$42.77B,$27.08B,1.58,$29.84B,$63.26B,0.47,$78.69B,$52.13B,66.25%,$78.69B,$17.58B,22.34%,$78.69B,$18.95B,24.08%,$78.69B,$25.42B,32.31%,$78.69B,$17.58B,22.34%,$78.69B,$1.25B,1.58%,$1.25B,$63.26B,1.85%,$1.25B,$-20.26B,-6.98%,$1.25B,$156.63B,0.80%,$17.58B,$93.09B,18.32%,$20009,$6614,$13395,$2404,$5263,$14528,$5481,$0,$5481,$1114,$4367,$4367,$4367,$7600,$5854,$2682,2732,$1.63,$1.60,$15204,$9014,$1743,$42768,$17040,$0,$83514,$4518,$113857,$156625,$27081,$29837,$18329,$66289,$93370,$3120,$104339,$-12608,$63255,$156625,$4367,$1746,$312,$2058,$-499,$-322,$0,$-312,$-2819,$3606,$-638,$0,$-82,$0,$-207,$-207,$2,$-925,$-6,$-2458,$-2464,$-1378,$-1378,$-2253,$125,$-5970,$-3185,$268,$-2253
3,2017-12-31,137.82,$22.43,6.15,$27.86,4.95,$15.75,8.75,$0.39,353.37,$43.09B,$30.54B,1.41,$30.68B,$60.16B,0.51,$76.45B,$51.10B,66.84%,$76.45B,$17.67B,23.12%,$76.45B,$18.99B,24.84%,$76.45B,$24.63B,32.22%,$76.45B,$17.67B,23.12%,$76.45B,$1.30B,1.70%,$1.30B,$60.16B,1.88%,$1.30B,$-24.97B,-14.82%,$1.30B,$157.30B,0.85%,$17.67B,$90.84B,18.21%,$20195,$7174,$13021,$3603,$5945,$17635,$2560,$0,$2560,$13273,$-10713,$-10713,$-10713,$4788,$2919,$2692,2745,$-3.97,$-3.91,$18296,$8765,$0,$43088,$17005,$0,$85134,$4971,$114215,$157303,$30537,$30675,$17489,$66606,$97143,$3120,$101793,$-13199,$60160,$157303,$1300,$5642,$2856,$8498,$-616,$581,$0,$8568,$11258,$21056,$-1447,$0,$-35151,$0,$21964,$21964,$-234,$-14868,$7215,$-461,$6754,$-5296,$-5296,$-8943,$-188,$-7673,$-1148,$962,$-8943
4,2017-09-30,127.46,$27.55,4.63,$26.99,4.72,$14.63,8.71,$5.76,22.13,$41.83B,$31.81B,1.32,$26.68B,$73.98B,0.36,$74.36B,$50.65B,68.11%,$74.36B,$19.44B,26.14%,$74.36B,$20.68B,27.81%,$74.36B,$25.51B,34.30%,$74.36B,$19.44B,26.14%,$74.36B,$15.83B,21.28%,$15.83B,$73.98B,22.08%,$15.83B,$-11.90B,596.35%,$15.83B,$155.66B,10.65%,$19.44B,$100.65B,19.93%,$19650,$6925,$12725,$2585,$5423,$14860,$4790,$0,$4790,$1026,$3764,$3764,$3764,$6804,$5093,$2685,2738,$1.40,$1.37,$16231,$9521,$0,$41829,$16628,$0,$85877,$5021,$113829,$155658,$31806,$26675,$9102,$49873,$81679,$3120,$114805,$-12747,$73979,$155658,$12013,$3773,$133,$3906,$-241,$-193,$0,$-873,$-968,$14951,$-1313,$0,$-34646,$0,$21713,$21713,$-117,$-14363,$3441,$3824,$7265,$-4689,$-4689,$-6687,$-25,$-4136,$-3251,$758,$-6687
5,2017-06-30,128.88,$26.78,4.81,$26.21,4.92,$13.55,9.51,$5.92,21.77,$38.79B,$28.87B,1.34,$27.36B,$71.92B,0.38,$72.53B,$50.26B,69.29%,$72.53B,$19.93B,27.48%,$72.53B,$21.16B,29.17%,$72.53B,$25.18B,34.72%,$72.53B,$19.93B,27.48%,$72.53B,$16.34B,22.52%,$16.34B,$71.92B,22.89%,$16.34B,$-14.25B,146.93%,$16.34B,$152.81B,11.28%,$19.93B,$99.29B,20.66%,$18839,$5846,$12993,$2296,$5289,$14091,$4748,$0,$4748,$921,$3827,$3827,$3827,$6230,$5080,$2692,2742,$1.42,$1.40,$12853,$9699,$0,$38789,$16458,$0,$86176,$5273,$114018,$152807,$28872,$27363,$10117,$52013,$80885,$3120,$113208,$-13234,$71922,$152807,$8249,$2062,$667,$2729,$-452,$-421,$0,$-219,$-2293,$8685,$-1124,$0,$-34072,$0,$22093,$22093,$-80,$-13183,$4449,$2455,$6904,$-4513,$-4513,$-4433,$-25,$-2067,$-6374,$522,$-4433
6,2017-03-31,120.54,$26.10,4.62,$25.95,4.64,$12.95,9.31,$5.95,20.26,$63.35B,$25.12B,2.52,$27.02B,$70.34B,0.38,$72.17B,$50.41B,69.84%,$72.17B,$20.08B,27.83%,$72.17B,$21.26B,29.46%,$72.17B,$25.04B,34.69%,$72.17B,$20.08B,27.83%,$72.17B,$16.51B,22.87%,$16.51B,$70.34B,23.08%,$16.51B,$16.03B,79.16%,$16.51B,$144.92B,11.66%,$20.08B,$97.36B,20.95%,$17766,$5409,$12357,$2070,$4763,$12191,$5575,$0,$5575,$1153,$4422,$4422,$4422,$6812,$5900,$2707,2755,$1.63,$1.61,$39343,$8878,$0,$63347,$16191,$0,$54310,$4690,$81571,$144918,$25119,$27015,$9526,$49458,$74577,$3120,$111643,$-14522,$70341,$144918,$4422,$912,$239,$1151,$-109,$-368,$0,$-153,$-2660,$2913,$-529,$0,$-4852,$0,$4444,$4444,$1,$-936,$4462,$524,$4986,$-2940,$-2940,$-2171,$-25,$-150,$1937,$229,$-2171
7,2016-12-31,110.78,$26.02,4.26,$25.74,4.3,$12.65,8.76,$5.88,18.84,$65.03B,$26.29B,2.47,$22.44B,$0.00B,0.0,$71.89B,$50.21B,69.84%,$71.89B,$19.80B,27.55%,$71.89B,$20.90B,29.07%,$71.89B,$24.65B,34.29%,$71.89B,$19.80B,27.55%,$71.89B,$16.54B,23.01%,$16.54B,$70.42B,22.95%,$16.54B,$20.74B,71.66%,$16.54B,$141.21B,11.86%,$19.80B,$92.86B,20.90%,$18106,$5534,$12572,$2640,$5309,$13782,$4324,$0,$4324,$510,$3814,$3814,$3814,$5663,$4608,$2737,2789,$1.40,$1.38,$41907,$8144,$0,$65032,$15912,$0,$49681,$4435,$76176,$141208,$26287,$22442,$9536,$44503,$70790,$3120,$110551,$-14901,$70418,$141208,$16540,$3754,$257,$4011,$-1076,$-249,$0,$-1115,$-1784,$18767,$-1959,$0,$-4509,$0,$1830,$1830,$-123,$-4761,$9781,$-1906,$7875,$-7790,$-7790,$-8621,$-15,$-8551,$5240,$878,$-8621
8,2016-09-30,112.81,$26.73,4.22,$25.58,4.41,$13.58,8.31,$5.65,19.97,$63.32B,$23.23B,2.73,$23.55B,$72.77B,0.32,$71.60B,$49.77B,69.52%,$71.60B,$19.24B,26.87%,$71.60B,$20.26B,28.30%,$71.60B,$23.99B,33.51%,$71.60B,$19.24B,26.87%,$71.60B,$15.94B,22.27%,$15.94B,$72.77B,22.06%,$15.94B,$21.96B,66.88%,$15.94B,$140.37B,11.60%,$19.24B,$96.32B,20.78%,$17820,$5486,$12334,$2178,$4772,$12539,$5281,$0,$5281,$1009,$4272,$4272,$4272,$6478,$5570,$2732,2785,$1.56,$1.53,$40433,$8488,$0,$63319,$16095,$0,$50813,$4245,$77050,$140369,$23230,$23546,$9414,$44370,$67600,$3120,$108860,$-12715,$72769,$140369,$12726,$2699,$830,$3529,$-746,$-408,$0,$-1767,$-4141,$12114,$-1260,$0,$-4050,$0,$2760,$2760,$-37,$-2587,$10998,$-3777,$7221,$-5842,$-5842,$-6451,$-15,$-5087,$4473,$704,$-6451
9,2016-06-30,115.07,$26.47,4.35,$25.27,4.55,$14.67,7.84,$5.32,21.63,$66.29B,$21.54B,3.08,$24.54B,$72.47B,0.34,$70.88B,$49.32B,69.58%,$70.88B,$18.08B,25.51%,$70.88B,$18.97B,26.76%,$70.88B,$22.72B,32.06%,$70.88B,$18.08B,25.51%,$70.88B,$15.03B,21.20%,$15.03B,$72.47B,20.88%,$15.03B,$24.68B,61.54%,$15.03B,$139.81B,11.08%,$18.08B,$97.01B,20.11%,$18482,$5336,$13146,$2264,$5176,$13578,$4904,$0,$4904,$907,$3997,$3997,$3997,$6082,$5182,$2745,2794,$1.46,$1.43,$42584,$8523,$0,$66291,$15972,$0,$47798,$3977,$73523,$139814,$21536,$24535,$10062,$45805,$67341,$3120,$106738,$-12707,$72473,$139814,$8454,$1791,$596,$2387,$-1102,$-443,$0,$-1496,$-4088,$6753,$-711,$0,$-730,$0,$1264,$1264,$-38,$-215,$11015,$-4569,$6446,$-3822,$-3822,$-4266,$0,$-1642,$4908,$479,$-4266
10,2016-03-31,101.91,$26.40,3.86,$24.98,4.08,$15.44,6.6,$5.50,18.53,$62.74B,$22.13B,2.83,$20.23B,$72.65B,0.28,$70.18B,$48.60B,69.25%,$70.18B,$18.92B,26.95%,$70.18B,$19.68B,28.04%,$70.18B,$23.42B,33.37%,$70.18B,$18.92B,26.95%,$70.18B,$15.55B,22.15%,$15.55B,$72.65B,21.71%,$15.55B,$24.96B,65.03%,$15.55B,$136.23B,11.62%,$18.92B,$92.88B,21.76%,$17482,$5329,$12153,$2013,$4688,$12188,$5294,$0,$5294,$837,$4457,$4457,$4457,$6428,$5537,$2757,2804,$1.62,$1.59,$39855,$8170,$0,$62738,$15964,$0,$47688,$4163,$73493,$136231,$22134,$20233,$9749,$41450,$63584,$3120,$104990,$-12391,$72647,$136231,$4457,$891,$680,$1571,$-390,$-190,$0,$-1187,$-3839,$2189,$-614,$0,$-5,$0,$-917,$-917,$-1,$-1537,$7421,$-4077,$3344,$-1879,$-1879,$-2069,$0,$-604,$129,$205,$-2069
11,2015-12-31,96.06,$25.82,3.72,$24.90,3.86,$15.74,6.1,$5.49,17.5,$60.21B,$27.75B,2.17,$12.86B,$0.00B,0.0,$70.07B,$48.54B,69.27%,$70.07B,$19.20B,27.39%,$70.07B,$19.88B,28.36%,$70.07B,$23.62B,33.71%,$70.07B,$19.20B,27.39%,$70.07B,$15.41B,21.99%,$15.41B,$71.15B,21.88%,$15.41B,$23.76B,68.35%,$15.41B,$133.41B,11.69%,$19.20B,$84.01B,22.74%,$17811,$5673,$12138,$2864,$5891,$14053,$3758,$0,$3758,$543,$3215,$3215,$3215,$5004,$3971,$2772,2813,$1.17,$1.14,$38376,$8053,$0,$60210,$15905,$0,$47393,$4413,$73201,$133411,$27747,$12857,$10241,$34514,$62261,$3120,$103879,$-13165,$71150,$133411,$15409,$3746,$-1233,$2513,$-415,$-449,$0,$2224,$1647,$19569,$1,$0,$-954,$0,$-6679,$-6679,$-103,$-7735,$7,$1372,$1379,$-4285,$-4285,$-8173,$-57,$-11136,$-791,$874,$-8173
12,2015-09-30,86.66,$25.86,3.35,$24.94,3.48,$15.63,5.54,$5.23,16.57,$63.49B,$25.26B,2.51,$14.07B,$71.55B,0.2,$70.52B,$48.80B,69.20%,$70.52B,$18.14B,25.73%,$70.52B,$18.76B,26.61%,$70.52B,$22.47B,31.86%,$70.52B,$18.14B,25.73%,$70.52B,$14.72B,20.87%,$14.72B,$71.55B,21.00%,$14.72B,$24.29B,67.57%,$14.72B,$133.27B,11.23%,$18.14B,$85.63B,21.43%,$17102,$5224,$11878,$2154,$5081,$12980,$4122,$0,$4122,$764,$3358,$3358,$3358,$5206,$4277,$2768,2807,$1.21,$1.20,$37306,$8206,$0,$63494,$15551,$0,$47267,$3804,$69772,$133266,$25260,$14073,$9303,$36452,$61712,$3120,$102748,$-12861,$71554,$133266,$12194,$2713,$3,$2716,$-908,$-719,$0,$2472,$-426,$14484,$-477,$0,$-233,$0,$-5599,$-5599,$-35,$-6344,$-24,$1177,$1153,$-2844,$-2844,$-6101,$-50,$-7842,$-884,$677,$-6101
13,2015-06-30,89.78,$25.69,3.49,$25.29,3.55,$16.36,5.49,$5.69,15.78,$61.00B,$24.51B,2.49,$14.09B,$71.13B,0.2,$71.88B,$49.99B,69.55%,$71.88B,$20.83B,28.98%,$71.88B,$21.45B,29.83%,$71.88B,$25.16B,35.00%,$71.88B,$20.83B,28.98%,$71.88B,$16.11B,22.41%,$16.11B,$71.13B,22.58%,$16.11B,$22.62B,70.43%,$16.11B,$132.04B,12.32%,$20.83B,$85.22B,24.32%,$17787,$5357,$12430,$2129,$5384,$12046,$5741,$0,$5741,$1225,$4516,$4516,$4516,$6785,$5896,$2772,2812,$1.63,$1.61,$33954,$8298,$0,$61001,$15583,$0,$48510,$3855,$71035,$132036,$24512,$14085,$8973,$36393,$60905,$3120,$101352,$-12054,$71131,$132036,$8836,$1784,$-265,$1519,$-1181,$-537,$0,$1638,$-2011,$8344,$-115,$0,$-233,$0,$-4984,$-4984,$-11,$-5343,$-18,$679,$661,$-2588,$-2588,$-4025,$-50,$-6002,$-3884,$474,$-4025
14,2015-03-31,91.99,$24.45,3.76,$25.75,3.57,$16.41,5.61,$5.59,16.46,$58.19B,$23.84B,2.44,$14.94B,$67.88B,0.22,$73.59B,$51.02B,69.33%,$73.59B,$20.71B,28.15%,$73.59B,$21.32B,28.97%,$73.59B,$25.09B,34.10%,$73.59B,$20.71B,28.15%,$73.59B,$15.92B,21.63%,$15.92B,$67.88B,21.78%,$15.92B,$19.51B,65.10%,$15.92B,$128.59B,12.10%,$20.71B,$82.82B,23.76%,$17374,$5282,$12092,$1899,$4847,$11799,$5575,$0,$5575,$1255,$4320,$4320,$4320,$6627,$5732,$2783,2826,$1.55,$1.53,$31319,$8085,$0,$58192,$15364,$0,$48370,$3605,$70398,$128590,$23836,$14938,$8604,$36876,$60712,$3120,$98656,$-13300,$67878,$128590,$4320,$895,$711,$1606,$-786,$-276,$0,$459,$-3054,$2872,$-433,$0,$-233,$0,$-1112,$-1112,$-11,$-1789,$-13,$396,$383,$-1614,$-1614,$-1946,$-50,$-3227,$-2535,$204,$-1946
15,2014-12-31,94.96,$25.06,3.79,$25.91,3.67,$16.70,5.69,$5.70,16.66,$55.74B,$25.03B,2.23,$15.12B,$69.75B,0.22,$74.33B,$51.59B,69.40%,$74.33B,$20.56B,27.66%,$74.33B,$21.16B,28.47%,$74.33B,$25.06B,33.71%,$74.33B,$20.56B,27.66%,$74.33B,$16.32B,21.96%,$16.32B,$69.75B,21.69%,$16.32B,$20.70B,62.16%,$16.32B,$130.36B,12.30%,$20.56B,$84.87B,23.11%,$18254,$5853,$12401,$2635,$5822,$15551,$2703,$0,$2703,$182,$2521,$2521,$2521,$3850,$2859,$2815,2864,$0.91,$0.89,$33089,$8184,$0,$55744,$16126,$0,$49054,$3232,$74614,$130358,$25031,$15122,$8034,$35575,$60606,$3120,$97245,$-10722,$69752,$130358,$16323,$3895,$-653,$3242,$-275,$-1120,$0,$-654,$-855,$18710,$917,$0,$-2129,$0,$-10794,$-10794,$-299,$-12305,$254,$596,$850,$-5581,$-5581,$-7768,$0,$-12499,$-6404,$792,$-7768
16,2014-09-30,96.17,$27.31,3.52,$25.91,3.71,$14.81,6.49,$6.04,15.92,$59.97B,$22.98B,2.61,$13.15B,$76.59B,0.17,$74.43B,$51.58B,69.30%,$74.43B,$20.61B,27.69%,$74.43B,$21.21B,28.49%,$74.43B,$25.21B,33.87%,$74.43B,$20.61B,27.69%,$74.43B,$17.32B,23.27%,$17.32B,$76.59B,22.70%,$17.32B,$28.65B,64.36%,$17.32B,$132.10B,12.99%,$20.61B,$89.74B,23.00%,$18467,$5399,$13068,$2023,$5468,$11657,$6810,$0,$6810,$2061,$4749,$4749,$4749,$7897,$6958,$2814,2864,$1.69,$1.66,$33005,$8419,$0,$59973,$15804,$0,$47940,$5033,$72124,$132097,$22982,$13152,$7758,$32524,$55506,$3120,$96560,$-5382,$76591,$132097,$13802,$2904,$-1045,$1859,$-453,$-1098,$0,$823,$-1555,$14106,$2263,$0,$-291,$0,$-11208,$-11208,$-147,$-9383,$-1770,$-1084,$-2854,$-2975,$-2975,$-5812,$0,$-11641,$-7109,$646,$-5812
17,2014-06-30,93.76,$27.65,3.39,$25.56,3.67,$13.02,7.2,$5.42,17.3,$60.12B,$24.36B,2.47,$13.30B,$78.05B,0.17,$73.54B,$50.75B,69.01%,$73.54B,$17.47B,23.75%,$73.54B,$18.04B,24.53%,$73.54B,$22.08B,30.03%,$73.54B,$17.47B,23.75%,$73.54B,$15.55B,21.15%,$15.55B,$78.05B,20.84%,$15.55B,$28.94B,63.82%,$15.55B,$135.20B,11.78%,$17.47B,$91.35B,20.06%,$19495,$6039,$13456,$2005,$5481,$13869,$5626,$0,$5626,$1300,$4326,$4326,$4326,$6720,$5768,$2826,2874,$1.53,$1.51,$31624,$8155,$0,$60119,$16155,$0,$49111,$6435,$75081,$135200,$24359,$13303,$7373,$32793,$57152,$3120,$93745,$-3007,$78048,$135200,$9053,$1965,$936,$2901,$-621,$-605,$0,$-681,$-2502,$9452,$-894,$0,$0,$0,$-9130,$-9130,$-94,$-10118,$-1764,$602,$-1162,$-918,$-918,$-3845,$0,$-5925,$-6691,$440,$-3845
18,2014-03-31,87.43,$27.08,3.23,$24.96,3.5,$12.16,7.19,$5.24,16.68,$57.37B,$23.84B,2.41,$13.34B,$76.58B,0.17,$71.92B,$49.68B,69.07%,$71.92B,$16.63B,23.13%,$71.92B,$17.20B,23.91%,$71.92B,$21.28B,29.59%,$71.92B,$16.63B,23.13%,$71.92B,$15.06B,20.94%,$15.06B,$76.58B,20.77%,$15.06B,$26.76B,68.32%,$15.06B,$133.33B,11.65%,$16.63B,$89.93B,19.79%,$18115,$5455,$12660,$1831,$5183,$12691,$5424,$0,$5424,$697,$4727,$4727,$4727,$6591,$5578,$2827,2875,$1.67,$1.64,$29392,$8009,$0,$57369,$15996,$0,$49821,$6459,$75961,$133330,$23840,$13343,$7271,$32908,$56748,$3120,$91387,$-2645,$76582,$133330,$4727,$1013,$730,$1743,$-451,$-512,$0,$-580,$-2547,$3923,$-595,$0,$0,$0,$-1350,$-1350,$-81,$-2026,$-5,$-997,$-1002,$-188,$-188,$-1867,$0,$-3057,$-1205,$198,$-1867
19,2013-12-31,80.93,$26.25,3.08,$24.78,3.27,$11.63,6.96,$4.82,16.79,$56.41B,$25.68B,2.2,$13.33B,$74.05B,0.18,$71.31B,$48.97B,68.67%,$71.31B,$15.47B,21.69%,$71.31B,$16.03B,22.47%,$71.31B,$20.13B,28.23%,$71.31B,$15.47B,21.69%,$71.31B,$13.83B,19.40%,$13.83B,$74.05B,19.73%,$13.83B,$23.31B,71.01%,$13.83B,$132.68B,10.94%,$15.47B,$87.38B,19.07%,$18355,$5955,$12400,$2411,$5917,$15605,$2750,$0,$2750,$-769,$3519,$3519,$3519,$4004,$2902,$2809,2877,$1.25,$1.22,$29206,$7878,$0,$56407,$16710,$0,$50745,$4949,$76276,$132683,$25675,$13328,$7854,$32955,$58630,$3120,$89493,$-2860,$74053,$132683,$13831,$4104,$438,$4542,$-763,$-622,$0,$-1395,$-959,$17414,$-3137,$0,$-835,$0,$-865,$-865,$-266,$-5103,$2014,$14,$2028,$-889,$-889,$-7286,$56,$-6091,$6016,$728,$-7286
20,2013-09-30,76.08,$24.75,3.07,$24.65,3.09,$11.63,6.54,$4.50,16.91,$52.18B,$25.84B,2.02,$9.75B,$69.80B,0.14,$70.52B,$48.13B,68.25%,$70.52B,$15.82B,22.44%,$70.52B,$16.35B,23.19%,$70.52B,$20.39B,28.91%,$70.52B,$15.82B,22.44%,$70.52B,$12.88B,18.26%,$12.88B,$69.80B,19.00%,$12.88B,$18.49B,75.47%,$12.88B,$126.93B,10.43%,$15.82B,$79.55B,20.19%,$17575,$5344,$12231,$2042,$5314,$13908,$3667,$0,$3667,$685,$2982,$2982,$2982,$4766,$3790,$2818,2881,$1.06,$1.04,$25228,$8124,$0,$52176,$16127,$0,$51319,$2715,$74757,$126933,$25835,$9748,$8895,$31294,$57129,$3120,$87703,$-5346,$69804,$126933,$10312,$3002,$280,$3282,$-1003,$-799,$0,$894,$-319,$13275,$-1974,$0,$-819,$0,$-692,$-692,$-40,$-3525,$-1480,$354,$-1126,$-779,$-779,$-5424,$56,$-7273,$2293,$584,$-5424
21,2013-06-30,74.79,$24.75,3.02,$24.60,3.04,$11.66,6.41,$4.51,16.58,$51.27B,$23.77B,2.16,$9.64B,$69.67B,0.14,$69.99B,$47.35B,67.65%,$69.99B,$15.75B,22.50%,$69.99B,$16.31B,23.30%,$69.99B,$20.37B,29.11%,$69.99B,$15.75B,22.50%,$69.99B,$12.87B,18.38%,$12.87B,$69.67B,19.41%,$12.87B,$19.62B,81.73%,$12.87B,$124.33B,10.59%,$15.75B,$79.31B,20.39%,$17877,$5489,$12388,$1946,$5376,$13084,$4793,$0,$4793,$960,$3833,$3833,$3833,$5918,$4928,$2810,2893,$1.36,$1.33,$25129,$7822,$0,$51273,$15794,$0,$50041,$2477,$73052,$124325,$23767,$9643,$8569,$30893,$54660,$3120,$89449,$-6810,$69665,$124325,$7330,$2026,$236,$2262,$-676,$-547,$0,$-326,$-2264,$7328,$-1210,$0,$-174,$0,$-572,$-572,$-16,$-1972,$-1498,$408,$-1090,$1842,$1842,$-3562,$56,$-2754,$2396,$423,$-3562
22,2013-03-31,70.48,$23.85,2.96,$24.30,2.9,$11.92,5.91,$3.68,19.15,$47.23B,$22.52B,2.1,$11.36B,$66.86B,0.17,$68.59B,$46.29B,67.49%,$68.59B,$12.99B,18.94%,$68.59B,$13.57B,19.78%,$68.59B,$17.50B,25.51%,$68.59B,$12.99B,18.94%,$68.59B,$10.44B,15.22%,$10.44B,$66.86B,16.32%,$10.44B,$16.50B,78.55%,$10.44B,$121.54B,8.74%,$12.99B,$78.22B,17.22%,$17505,$5554,$11951,$1784,$5223,$13244,$4261,$0,$4261,$764,$3497,$3497,$3497,$5443,$4407,$2790,2859,$1.25,$1.22,$21668,$7691,$0,$47228,$15721,$0,$50358,$3723,$74308,$121536,$22524,$11363,$8197,$32157,$54681,$3120,$87242,$-6689,$66855,$121536,$3497,$1036,$736,$1772,$-445,$-288,$0,$-800,$-2992,$2277,$-480,$0,$-168,$0,$-751,$-751,$-4,$-1403,$5,$-229,$-224,$1123,$1123,$-1706,$30,$-777,$-56,$194,$-1706
23,2012-12-31,60.12,$23.33,2.58,$24.00,2.51,$12.25,4.91,$3.87,15.54,$46.12B,$24.26B,1.9,$11.49B,$64.83B,0.18,$67.22B,$45.57B,67.78%,$67.22B,$13.78B,20.49%,$67.22B,$14.37B,21.38%,$67.22B,$18.04B,26.83%,$67.22B,$13.78B,20.49%,$67.22B,$10.85B,16.14%,$10.85B,$64.83B,17.34%,$10.85B,$13.65B,68.33%,$10.85B,$121.35B,9.19%,$13.78B,$76.32B,18.50%,$17558,$6003,$11555,$2331,$5661,$14458,$3100,$0,$3100,$533,$2567,$2567,$2567,$4261,$3225,$2753,2813,$0.92,$0.90,$21089,$7495,$0,$46116,$16097,$0,$51176,$3417,$75231,$121347,$24262,$11489,$8552,$32259,$56521,$3120,$85992,$-5810,$64826,$121347,$10514,$3666,$2185,$5851,$83,$-1,$0,$-3819,$-969,$15396,$-1425,$0,$-4486,$0,$1363,$1363,$38,$-4510,$-759,$-2907,$-3666,$-10199,$-10199,$-6614,$-83,$-20562,$-9631,$662,$-6614
24,2012-09-30,58.59,$23.08,2.54,$23.61,2.48,$11.87,4.93,$3.04,19.27,$44.79B,$23.94B,1.87,$11.43B,$63.76B,0.18,$65.92B,$44.93B,68.15%,$65.92B,$10.99B,16.68%,$65.92B,$11.68B,17.72%,$65.92B,$15.16B,22.99%,$65.92B,$10.99B,16.68%,$65.92B,$8.50B,12.90%,$8.50B,$63.76B,14.02%,$8.50B,$13.19B,46.80%,$8.50B,$118.95B,7.32%,$10.99B,$75.19B,15.08%,$17052,$5597,$11455,$1923,$5228,$13457,$3595,$0,$3595,$966,$2629,$2629,$2968,$4750,$3745,$2757,2818,$1.08,$1.05,$19771,$7809,$0,$44791,$15845,$0,$50567,$3521,$74160,$118951,$23935,$11428,$9207,$31255,$55190,$3120,$84880,$-4925,$63761,$118951,$7947,$2630,$2577,$5207,$180,$-593,$0,$-1941,$-1134,$12020,$-877,$0,$-4423,$0,$3297,$3297,$-4,$-2007,$-780,$-2174,$-2954,$-11102,$-11102,$-4924,$-111,$-19091,$-9056,$515,$-4924
25,2012-06-30,56.93,$21.97,2.59,$23.32,2.44,$11.45,4.97,$3.14,18.13,$41.62B,$23.85B,1.75,$11.53B,$60.43B,0.19,$64.87B,$44.41B,68.45%,$64.87B,$11.51B,17.74%,$64.87B,$12.20B,18.80%,$64.87B,$15.45B,23.82%,$64.87B,$11.51B,17.74%,$64.87B,$8.74B,13.47%,$8.74B,$60.43B,14.54%,$8.74B,$9.82B,40.29%,$8.74B,$115.75B,7.64%,$11.51B,$71.96B,15.82%,$16475,$5143,$11332,$1766,$4965,$14440,$2035,$0,$2035,$627,$1408,$1408,$1408,$3044,$2192,$2747,2798,$0.51,$0.50,$16915,$7697,$0,$41615,$15622,$0,$50611,$3891,$74135,$115750,$23848,$11525,$9487,$31468,$55316,$3120,$83530,$-6204,$60434,$115750,$5318,$1625,$1226,$2851,$238,$-618,$0,$-1648,$-1129,$7040,$-410,$0,$-4324,$0,$4672,$4672,$-8,$-70,$-4,$-2262,$-2266,$-11771,$-11771,$-3241,$-160,$-17438,$-10500,$369,$-3241
26,2012-03-31,55.04,$22.35,2.46,$23.40,2.35,$10.99,5.01,$3.64,15.12,$57.01B,$21.20B,2.69,$13.01B,$61.37B,0.21,$65.00B,$44.50B,68.46%,$65.00B,$12.90B,19.84%,$65.00B,$13.58B,20.89%,$65.00B,$16.75B,25.77%,$65.00B,$12.90B,19.84%,$65.00B,$10.11B,15.55%,$10.11B,$61.37B,16.70%,$10.11B,$26.87B,38.71%,$10.11B,$116.19B,8.91%,$12.90B,$74.38B,17.50%,$16139,$4915,$11224,$1645,$5015,$11094,$5045,$0,$5045,$1135,$3910,$3910,$3910,$5982,$5209,$2737,2775,$1.43,$1.41,$33847,$6800,$0,$57007,$14824,$0,$34496,$3956,$59187,$116194,$21198,$13010,$10538,$33630,$54828,$3120,$83103,$-4540,$61366,$116194,$3910,$773,$730,$1503,$-173,$-449,$0,$-665,$-2618,$2795,$-144,$0,$0,$0,$4202,$4202,$-2,$4056,$-28,$-243,$-271,$813,$813,$-1565,$-160,$-1183,$5725,$173,$-1565
27,2011-12-31,54.25,$20.95,2.59,$23.42,2.32,$10.75,5.04,$3.48,15.59,$54.32B,$22.81B,2.38,$12.97B,$57.08B,0.23,$65.03B,$44.67B,68.69%,$65.03B,$12.36B,19.01%,$65.03B,$13.02B,20.03%,$65.03B,$16.18B,24.88%,$65.03B,$12.36B,19.01%,$65.03B,$9.67B,14.87%,$9.67B,$57.08B,16.08%,$9.67B,$22.80B,37.70%,$9.67B,$113.64B,8.68%,$12.36B,$70.05B,17.08%,$16255,$5338,$10917,$2155,$5458,$15937,$318,$0,$318,$100,$218,$218,$218,$1379,$536,$2736,2775,$0.09,$0.09,$32261,$6285,$0,$54316,$14739,$0,$34276,$3773,$59328,$113644,$22811,$12969,$10631,$33753,$56564,$3120,$81251,$-5632,$57080,$113644,$9672,$3158,$-55,$3103,$-883,$-715,$0,$2628,$1523,$14298,$-1551,$0,$-2797,$0,$514,$514,$-778,$-4612,$4454,$-1471,$2983,$-1279,$-1279,$-6156,$0,$-4452,$5187,$621,$-6156
28,2011-09-30,52.2,$22.52,2.32,$23.17,2.25,$11.37,4.59,$4.10,12.73,$53.44B,$21.69B,2.46,$13.03B,$61.53B,0.21,$64.42B,$44.36B,68.86%,$64.42B,$14.27B,22.15%,$64.42B,$14.88B,23.09%,$64.42B,$17.96B,27.88%,$64.42B,$14.27B,22.15%,$64.42B,$11.40B,17.69%,$11.40B,$61.53B,18.99%,$11.40B,$27.25B,43.67%,$11.40B,$111.82B,10.48%,$14.27B,$74.56B,20.01%,$16005,$5072,$10933,$1773,$5240,$11894,$4111,$0,$4111,$909,$3202,$3202,$3202,$5045,$4262,$2737,2778,$1.17,$1.15,$30927,$6428,$0,$53443,$14635,$0,$34274,$3905,$58378,$111821,$21686,$13031,$7473,$28608,$50294,$3120,$82634,$-3068,$61527,$111821,$9454,$2315,$-205,$2110,$-510,$-787,$0,$680,$-717,$10847,$-1044,$0,$-2469,$0,$-7006,$-7006,$-331,$-10850,$4459,$-2828,$1631,$-726,$-726,$-4601,$0,$-3696,$-3738,$484,$-4601
29,2011-06-30,54.04,$22.67,2.38,$22.79,2.37,$11.95,4.52,$4.18,12.93,$52.67B,$20.99B,2.51,$13.68B,$62.13B,0.22,$63.40B,$43.81B,69.11%,$63.40B,$14.38B,22.68%,$63.40B,$14.96B,23.59%,$63.40B,$17.98B,28.36%,$63.40B,$14.38B,22.68%,$63.40B,$11.61B,18.32%,$11.61B,$62.13B,19.69%,$11.61B,$27.51B,45.54%,$11.61B,$112.11B,11.02%,$14.38B,$75.81B,20.75%,$16597,$5172,$11425,$1882,$5215,$13175,$3422,$0,$3422,$646,$2776,$2776,$2776,$4346,$3569,$2741,2781,$1.01,$1.00,$29682,$6413,$0,$52673,$14974,$0,$34621,$4193,$59441,$112114,$20985,$13680,$7227,$28997,$49982,$3120,$80836,$-1192,$62132,$112114,$6252,$1532,$-5,$1527,$-609,$-620,$0,$119,$-1554,$6225,$-911,$0,$-2049,$0,$-6238,$-6238,$-62,$-9260,$4399,$-2608,$1791,$-212,$-212,$-3043,$0,$-1464,$-4381,$339,$-3043
30,2011-03-31,47.72,$21.86,2.18,$22.30,2.14,$12.45,3.83,$4.41,10.82,$49.22B,$24.01B,2.05,$9.26B,$59.86B,0.16,$62.13B,$43.09B,69.35%,$62.13B,$15.18B,24.43%,$62.13B,$15.75B,25.35%,$62.13B,$18.71B,30.11%,$62.13B,$15.18B,24.43%,$62.13B,$12.28B,19.77%,$12.28B,$59.86B,21.69%,$12.28B,$25.05B,51.06%,$12.28B,$108.15B,12.23%,$15.18B,$69.12B,23.16%,$16173,$4778,$11395,$1738,$5056,$11663,$4510,$0,$4510,$1034,$3476,$3476,$3476,$5411,$4656,$2738,2773,$1.27,$1.25,$26867,$6200,$0,$49221,$15084,$0,$34813,$3705,$58929,$108150,$24011,$9255,$7001,$24276,$48287,$3120,$79515,$-2020,$59863,$108150,$3476,$755,$148,$903,$-625,$-452,$0,$141,$-2063,$2316,$-315,$0,$-2049,$0,$3861,$3861,$-57,$1440,$5,$900,$905,$-250,$-250,$-1480,$0,$-825,$3001,$152,$-1480
31,2010-12-31,49.37,$20.66,2.39,$22.06,2.24,$12.95,3.81,$4.78,10.33,$47.31B,$23.07B,2.05,$9.16B,$56.58B,0.16,$61.59B,$42.80B,69.49%,$61.59B,$16.95B,27.52%,$61.59B,$17.51B,28.43%,$61.59B,$20.45B,33.20%,$61.59B,$16.95B,27.52%,$61.59B,$13.33B,21.65%,$13.33B,$56.58B,24.28%,$13.33B,$24.57B,57.77%,$13.33B,$102.91B,13.79%,$16.95B,$65.74B,26.69%,$15644,$5040,$10604,$1982,$5180,$13416,$2228,$0,$2228,$286,$1942,$1942,$1942,$3159,$2390,$2751,2789,$0.72,$0.70,$27658,$5378,$0,$47307,$14553,$0,$32010,$3942,$55601,$102908,$23072,$9156,$6567,$23257,$46329,$3120,$77773,$-3531,$56579,$102908,$13334,$2939,$970,$3909,$-195,$-196,$0,$-487,$-858,$16385,$-1860,$0,$-1269,$0,$-4687,$-4687,$-38,$-7854,$1086,$1309,$2395,$-1571,$-1571,$-5804,$0,$-4980,$3545,$614,$-5804
32,2010-09-30,49.03,$20.85,2.35,$22.38,2.19,$12.89,3.8,$4.87,10.07,$42.72B,$17.41B,2.45,$9.18B,$57.29B,0.16,$62.49B,$43.43B,69.49%,$62.49B,$17.32B,27.72%,$62.49B,$17.83B,28.53%,$62.49B,$20.74B,33.19%,$62.49B,$17.32B,27.72%,$62.49B,$13.60B,21.76%,$13.60B,$57.29B,25.46%,$13.60B,$24.85B,62.41%,$13.60B,$98.25B,14.36%,$17.32B,$66.47B,28.05%,$14982,$4594,$10388,$1657,$4709,$10763,$4219,$0,$4219,$802,$3417,$3417,$3417,$5065,$4340,$2752,2786,$1.24,$1.23,$22126,$5409,$0,$42717,$14360,$0,$32443,$3552,$55530,$98247,$17414,$9182,$6226,$23542,$40956,$3120,$77272,$-2924,$57291,$98247,$11392,$2170,$1118,$3288,$-555,$-197,$0,$185,$-2119,$12561,$-1101,$0,$-1269,$0,$-4010,$-4010,$-70,$-6450,$1058,$-3494,$-2436,$-827,$-827,$-4323,$0,$-7586,$-1472,$474,$-4323
33,2010-06-30,46.3,$19.19,2.41,$22.40,2.07,$12.27,3.77,$4.84,9.57,$39.02B,$17.16B,2.27,$7.94B,$52.85B,0.15,$62.59B,$43.69B,69.80%,$62.59B,$17.35B,27.72%,$62.59B,$17.90B,28.60%,$62.59B,$20.77B,33.18%,$62.59B,$17.35B,27.72%,$62.59B,$13.53B,21.61%,$13.53B,$52.85B,26.17%,$13.53B,$21.76B,66.77%,$13.53B,$92.30B,14.54%,$17.35B,$60.79B,29.01%,$15330,$4630,$10700,$1648,$4756,$11110,$4220,$0,$4220,$771,$3449,$3449,$3449,$5075,$4364,$2757,2796,$1.25,$1.23,$18901,$5071,$0,$39023,$13881,$0,$31087,$3200,$53277,$92300,$17164,$7937,$6359,$22285,$39449,$3120,$75252,$-5705,$52851,$92300,$7975,$1445,$909,$2354,$-509,$-88,$0,$-486,$-2802,$7527,$-788,$0,$-871,$0,$-2895,$-2895,$-21,$-4575,$-12,$-2642,$-2654,$-394,$-394,$-2839,$0,$-5887,$-3097,$305,$-2839
34,2010-03-31,50.65,$19.19,2.64,$22.40,2.26,$11.73,4.32,$4.76,10.64,$38.86B,$18.50B,2.1,$8.06B,$52.91B,0.15,$62.50B,$43.78B,70.04%,$62.50B,$17.39B,27.83%,$62.50B,$17.94B,28.70%,$62.50B,$20.77B,33.23%,$62.50B,$17.39B,27.83%,$62.50B,$13.29B,21.26%,$13.29B,$52.91B,26.55%,$13.29B,$21.14B,69.33%,$13.29B,$93.44B,14.47%,$17.39B,$60.97B,29.88%,$15631,$4528,$11103,$1557,$4779,$9351,$6280,$0,$6280,$1754,$4526,$4526,$4526,$7149,$6415,$2755,2797,$1.64,$1.62,$18010,$5308,$0,$38861,$14277,$0,$31776,$3622,$54580,$93441,$18499,$8059,$6043,$22028,$40527,$3120,$73184,$-3837,$52914,$93441,$4526,$734,$1117,$1851,$-451,$-193,$0,$-392,$-2687,$3690,$-295,$0,$-772,$0,$-806,$-806,$-9,$-1882,$-8,$-2328,$-2336,$-136,$-136,$-1350,$0,$-3822,$-2067,$157,$-1350
35,2009-12-31,49.65,$18.37,2.7,$22.20,2.24,$11.38,4.36,$4.40,11.29,$39.54B,$21.73B,1.82,$8.22B,$50.59B,0.16,$61.90B,$43.45B,70.20%,$61.90B,$15.76B,25.45%,$61.90B,$16.30B,26.33%,$61.90B,$19.07B,30.81%,$61.90B,$15.76B,25.45%,$61.90B,$12.27B,19.82%,$12.27B,$50.59B,25.69%,$12.27B,$19.40B,69.72%,$12.27B,$94.68B,13.64%,$15.76B,$58.81B,28.17%,$16551,$5312,$11239,$2213,$5629,$13947,$2604,$0,$2604,$398,$2206,$2206,$2206,$3453,$2709,$2760,2789,$0.81,$0.79,$19425,$5180,$0,$39541,$14759,$0,$31185,$3690,$55141,$94682,$21731,$8223,$5947,$22363,$44094,$3120,$70306,$-3058,$50588,$94682,$12266,$2774,$192,$2966,$511,$95,$0,$1240,$1339,$16571,$-2211,$0,$-2470,$0,$-2808,$-2808,$-109,$-7598,$-210,$2693,$2483,$-1248,$-1248,$-5327,$0,$-4092,$5042,$628,$-5327
36,2009-09-30,46.57,$18.27,2.55,$21.62,2.15,$10.70,4.35,$4.58,10.17,$35.60B,$19.25B,1.85,$8.26B,$50.38B,0.16,$60.53B,$43.02B,71.08%,$60.53B,$16.67B,27.54%,$60.53B,$17.31B,28.59%,$60.53B,$20.05B,33.13%,$60.53B,$16.67B,27.54%,$60.53B,$12.77B,21.10%,$12.77B,$50.38B,27.93%,$12.77B,$18.73B,77.67%,$12.77B,$91.56B,14.60%,$16.67B,$58.64B,30.93%,$15081,$4434,$10647,$1617,$4767,$10836,$4245,$0,$4245,$900,$3345,$3345,$3345,$5090,$4415,$2756,2793,$1.21,$1.20,$14337,$5568,$0,$35602,$14815,$19,$31653,$3581,$55956,$91558,$19245,$8259,$5054,$21929,$41174,$3120,$69471,$-2661,$50384,$91558,$10060,$2030,$1040,$3070,$-22,$-250,$0,$256,$-1846,$11284,$-1509,$0,$-2337,$0,$-1225,$-1225,$-163,$-5234,$-215,$-109,$-324,$-872,$-872,$-3974,$0,$-5170,$1088,$499,$-3974
37,2009-06-30,43.1,$16.79,2.57,$21.84,1.97,$10.41,4.14,$4.55,9.47,$35.49B,$19.89B,1.79,$8.18B,$46.25B,0.18,$61.37B,$43.52B,70.92%,$61.37B,$16.71B,27.23%,$61.37B,$17.40B,28.36%,$61.37B,$20.24B,32.98%,$61.37B,$16.71B,27.23%,$61.37B,$12.74B,20.76%,$12.74B,$46.25B,28.58%,$12.74B,$17.38B,79.34%,$12.74B,$87.44B,14.72%,$16.71B,$54.43B,31.68%,$15239,$4450,$10789,$1638,$4797,$10976,$4263,$0,$4263,$1055,$3208,$3208,$3208,$5077,$4398,$2756,2782,$1.16,$1.15,$14716,$5472,$0,$35494,$14502,$18,$28872,$2682,$51944,$87438,$19886,$8179,$4275,$21305,$41191,$3120,$67408,$-4481,$46247,$87438,$6715,$1355,$986,$2341,$-173,$-339,$0,$-457,$-2866,$6190,$-990,$0,$-1291,$0,$-1014,$-1014,$-84,$-3379,$-7,$1751,$1744,$-1049,$-1049,$-2623,$0,$-1928,$918,$341,$-2623
38,2009-03-31,39.56,$15.87,2.49,$22.15,1.79,$10.29,3.85,$4.57,8.66,$34.84B,$21.33B,1.63,$8.05B,$43.79B,0.18,$62.58B,$44.43B,71.00%,$62.58B,$16.83B,26.89%,$62.58B,$17.57B,28.08%,$62.58B,$20.41B,32.62%,$62.58B,$16.83B,26.89%,$62.58B,$12.86B,20.55%,$12.86B,$43.79B,28.82%,$12.86B,$14.87B,80.26%,$12.86B,$86.10B,14.83%,$16.83B,$51.84B,31.77%,$15026,$4251,$10775,$1518,$4608,$10383,$4643,$0,$4643,$1136,$3507,$3507,$3507,$5450,$4774,$2766,2790,$1.27,$1.26,$13933,$5359,$0,$34839,$14253,$17,$28923,$2589,$51261,$86100,$21325,$8052,$4148,$20984,$42309,$3120,$65398,$-5169,$43791,$86100,$3507,$676,$1371,$2047,$-64,$-336,$0,$-172,$-2727,$2827,$-429,$0,$-1291,$0,$710,$710,$-66,$-1076,$-7,$2219,$2212,$-807,$-807,$-1273,$0,$132,$1821,$159,$-1273
39,2008-12-31,44.62,$15.35,2.91,$22.41,1.99,$10.40,4.29,$4.57,9.76,$34.38B,$20.85B,1.65,$8.12B,$42.51B,0.19,$63.75B,$45.24B,70.96%,$63.75B,$16.93B,26.56%,$63.75B,$17.73B,27.81%,$63.75B,$20.56B,32.25%,$63.75B,$16.93B,26.56%,$63.75B,$12.95B,20.31%,$12.95B,$42.51B,28.73%,$12.95B,$14.82B,79.19%,$12.95B,$84.91B,14.94%,$16.93B,$50.63B,31.83%,$15182,$4372,$10810,$2108,$5665,$11665,$3517,$0,$3517,$803,$2714,$2714,$2714,$4435,$3720,$2803,2836,$0.98,$0.97,$12809,$5052,$0,$34377,$14365,$0,$27695,$2634,$50535,$84912,$20852,$8120,$4206,$21549,$42401,$3120,$63379,$-4955,$42511,$84912,$12949,$2832,$830,$3662,$-650,$-101,$0,$-616,$-1639,$14972,$-2281,$0,$-1214,$0,$-609,$-609,$-83,$-4187,$1614,$1111,$2725,$-5165,$-5165,$-5024,$0,$-7464,$2998,$627,$-5024
40,2008-09-30,51.27,$16.45,3.12,$22.54,2.27,$10.23,5.01,$4.42,11.6,$36.59B,$22.73B,1.61,$8.40B,$45.73B,0.18,$64.52B,$45.65B,70.75%,$64.52B,$15.74B,24.40%,$64.52B,$16.56B,25.66%,$64.52B,$19.55B,30.30%,$64.52B,$15.74B,24.40%,$64.52B,$12.61B,19.54%,$12.61B,$45.73B,27.85%,$12.61B,$17.16B,77.42%,$12.61B,$87.72B,14.71%,$15.74B,$54.13B,29.63%,$15921,$4774,$11147,$1861,$5195,$11631,$4290,$0,$4290,$980,$3310,$3310,$3310,$5277,$4509,$2791,2831,$1.19,$1.17,$14799,$5473,$0,$36590,$14355,$2,$28571,$3015,$51134,$87724,$22730,$8395,$3948,$19260,$41990,$3120,$61878,$-930,$45734,$87724,$10235,$2117,$210,$2327,$-728,$-348,$0,$588,$-1591,$10971,$-1882,$0,$-400,$0,$645,$645,$-36,$-1673,$1624,$3545,$5169,$-4413,$-4413,$-3750,$0,$-2994,$6248,$524,$-3750
41,2008-06-30,47.31,$16.61,2.85,$22.05,2.15,$10.26,4.61,$4.13,11.45,$35.82B,$21.78B,1.64,$8.77B,$46.44B,0.19,$63.57B,$45.20B,71.10%,$63.57B,$14.72B,23.16%,$63.57B,$15.53B,24.43%,$63.57B,$18.35B,28.87%,$63.57B,$14.72B,23.16%,$63.57B,$11.85B,18.64%,$11.85B,$46.44B,26.48%,$11.85B,$17.23B,76.37%,$11.85B,$88.11B,14.20%,$14.72B,$55.21B,28.50%,$16450,$4751,$11699,$1896,$5507,$12075,$4375,$0,$4375,$1048,$3327,$3327,$3327,$5252,$4569,$2810,2845,$1.18,$1.17,$13058,$5700,$0,$35817,$14627,$3,$29201,$3043,$52296,$88113,$21780,$8770,$4102,$19898,$41678,$3120,$59960,$561,$46435,$88113,$6925,$1349,$74,$1423,$-717,$-379,$0,$-14,$-2270,$6078,$-1119,$0,$-46,$0,$1099,$1099,$-46,$-112,$1636,$2539,$4175,$-3007,$-3007,$-2466,$0,$-1298,$4876,$356,$-2466
42,2008-03-31,47.36,$16.19,2.92,$21.45,2.21,$10.54,4.49,$4.01,11.81,$33.82B,$22.07B,1.53,$7.17B,$45.63B,0.16,$62.25B,$44.27B,71.12%,$62.25B,$14.38B,23.10%,$62.25B,$15.15B,24.33%,$62.25B,$17.97B,28.87%,$62.25B,$14.38B,23.10%,$62.25B,$11.60B,18.64%,$11.60B,$45.63B,26.42%,$11.60B,$16.19B,78.96%,$11.60B,$86.00B,14.49%,$14.38B,$52.79B,29.26%,$16194,$4614,$11580,$1712,$5123,$11447,$4747,$0,$4747,$1149,$3598,$3598,$3598,$5593,$4927,$2832,2866,$1.27,$1.26,$11144,$5575,$0,$33818,$14486,$3,$29433,$3126,$52177,$85995,$22071,$7166,$4134,$18299,$40370,$3120,$57811,$509,$45625,$85995,$3598,$666,$136,$802,$-505,$-259,$0,$-127,$-1164,$3236,$-445,$0,$-8,$0,$927,$927,$-22,$452,$-2,$1589,$1587,$-1523,$-1523,$-1174,$0,$-1110,$2769,$163,$-1174
43,2007-12-31,48.38,$15.25,3.17,$20.94,2.31,$10.80,4.48,$3.63,13.33,$29.95B,$19.84B,1.51,$7.07B,$43.32B,0.16,$61.10B,$43.34B,70.95%,$61.10B,$13.28B,21.74%,$61.10B,$14.03B,22.97%,$61.10B,$16.81B,27.51%,$61.10B,$13.28B,21.74%,$61.10B,$10.58B,17.31%,$10.58B,$43.32B,24.75%,$10.58B,$14.56B,77.95%,$10.58B,$80.95B,13.76%,$13.28B,$50.39B,28.46%,$15957,$4734,$11223,$2328,$5721,$13625,$2332,$0,$2332,$-42,$2374,$2374,$2374,$3428,$2553,$2883,2911,$0.84,$0.82,$9315,$5110,$0,$29945,$14185,$2,$28763,$3170,$51009,$80954,$19837,$7074,$3829,$17798,$37635,$3120,$55280,$-693,$43319,$80954,$10576,$2777,$421,$3198,$-394,$14,$0,$-1014,$1248,$15022,$-2485,$0,$-1388,$0,$-1671,$-1671,$-368,$-5912,$5082,$-2065,$3017,$-4045,$-4045,$-4670,$0,$-5698,$3687,$698,$-4670
44,2007-09-30,47.36,$15.17,3.12,$20.08,2.36,$10.58,4.48,$3.55,13.34,$28.94B,$19.33B,1.5,$4.63B,$43.57B,0.11,$58.82B,$41.80B,71.06%,$58.82B,$13.66B,23.22%,$58.82B,$14.42B,24.52%,$58.82B,$16.90B,28.72%,$58.82B,$13.66B,23.22%,$58.82B,$10.37B,17.63%,$10.37B,$43.57B,24.85%,$10.37B,$14.07B,82.39%,$10.37B,$78.67B,13.97%,$13.66B,$48.21B,30.76%,$14970,$4274,$10696,$1834,$4899,$11702,$3268,$0,$3268,$720,$2548,$2548,$2548,$4081,$3484,$2888,2913,$0.88,$0.88,$8320,$5414,$0,$28941,$13613,$8,$29508,$2787,$49724,$78665,$19328,$4633,$3663,$15764,$35092,$3120,$54197,$-1534,$43573,$78665,$8202,$1902,$444,$2346,$-394,$-309,$0,$147,$377,$10925,$-1490,$0,$-1378,$0,$-1769,$-1769,$-101,$-4738,$2593,$-1337,$1256,$-1620,$-1620,$-3486,$0,$-3850,$2557,$537,$-3486
45,2007-06-30,44.12,$14.90,2.96,$19.45,2.27,$10.17,4.34,$3.61,12.22,$25.80B,$18.98B,1.36,$2.01B,$43.12B,0.05,$57.14B,$40.74B,71.30%,$57.14B,$14.05B,24.59%,$57.14B,$14.82B,25.94%,$57.14B,$17.24B,30.16%,$57.14B,$14.05B,24.59%,$57.14B,$10.58B,18.52%,$10.58B,$43.12B,25.82%,$10.58B,$13.96B,66.63%,$10.58B,$74.68B,15.14%,$14.05B,$45.14B,32.68%,$15131,$4358,$10773,$1866,$5029,$11100,$4031,$0,$4031,$950,$3081,$3081,$3081,$4868,$4185,$2895,2923,$1.06,$1.05,$5971,$5155,$0,$25804,$13385,$17,$29166,$2736,$48879,$74683,$18983,$2013,$3550,$12578,$31561,$3120,$52819,$-1898,$43122,$74683,$5654,$1305,$762,$2067,$-658,$-190,$0,$167,$-987,$6734,$-831,$0,$-1368,$0,$-463,$-463,$-49,$-2711,$-5,$-153,$-158,$-175,$-175,$-2287,$0,$-2620,$1488,$360,$-2287
46,2007-03-31,42.87,$14.14,3.03,$18.76,2.28,$9.77,4.39,$3.51,12.21,$24.67B,$19.66B,1.26,$2.01B,$40.93B,0.05,$55.37B,$39.54B,71.41%,$55.37B,$13.62B,24.61%,$55.37B,$14.46B,26.12%,$55.37B,$16.74B,30.23%,$55.37B,$13.62B,24.61%,$55.37B,$10.32B,18.64%,$10.32B,$40.93B,25.55%,$10.32B,$11.70B,53.59%,$10.32B,$73.07B,15.53%,$13.62B,$42.94B,32.14%,$15037,$4385,$10652,$1652,$4802,$11385,$3652,$0,$3652,$1079,$2573,$2573,$2573,$4431,$3809,$2894,2924,$0.89,$0.88,$5191,$5047,$0,$24673,$13180,$14,$29231,$2695,$48393,$73066,$19663,$2012,$3428,$12475,$32138,$3120,$50850,$-2124,$40928,$73066,$2573,$622,$966,$1588,$-559,$-120,$0,$584,$-324,$3837,$-232,$0,$-1368,$0,$-46,$-46,$-40,$-1686,$-5,$66,$61,$-61,$-61,$-1085,$0,$-1085,$1092,$164,$-1085
47,2006-12-31,46.7,$13.59,3.44,$17.96,2.6,$9.54,4.89,$3.73,12.52,$22.98B,$19.16B,1.2,$2.01B,$39.32B,0.05,$53.32B,$38.27B,71.76%,$53.32B,$14.59B,27.36%,$53.32B,$15.48B,29.03%,$53.32B,$17.66B,33.11%,$53.32B,$14.59B,27.36%,$53.32B,$11.05B,20.73%,$11.05B,$39.32B,27.33%,$11.05B,$10.63B,47.25%,$11.05B,$70.56B,17.34%,$14.59B,$41.33B,34.38%,$13682,$4007,$9675,$2046,$4696,$10974,$2708,$0,$2708,$540,$2168,$2168,$2168,$3516,$2945,$2936,2961,$0.74,$0.74,$4084,$4889,$0,$22975,$13044,$16,$28688,$2623,$47581,$70556,$19161,$2014,$3160,$12077,$31238,$3120,$49290,$-2118,$39318,$70556,$11053,$2177,$50,$2227,$-713,$-210,$0,$141,$968,$14248,$-2155,$0,$-18023,$0,$-41,$-41,$-72,$-20291,$-7,$3752,$3745,$-5587,$-5587,$-4267,$0,$-6109,$-11972,$659,$-4267
