,Date,Stock Price,Book Value per Share,Price to Book Ratio,TTM Sales per Share,Price to Sales Ratio,TTM FCF per Share,Price to FCF Ratio,TTM Net EPS,PE Ratio,Current Assets,Current Liabilities,Current Ratio,Long Term Debt,Shareholder's Equity_x,Debt to Equity Ratio,TTM Revenue_x,TTM Gross Profit,Gross Margin,TTM Revenue_y,TTM Operating Income,Operating Margin,TTM Revenue_x,TTM EBIT,EBIT Margin,TTM Revenue_y,TTM EBITDA,EBITDA Margin,TTM Revenue_x,TTM Pre-Tax Income,Pre-Tax Margin,TTM Revenue_y,TTM Net Income_x,Net Margin,TTM Net Income_y,Shareholder's Equity_y,Return on Equity,TTM Net Income_x,Tangible Equity,Return on Tangible Equity,TTM Net Income_y,Total Assets,Return on Assets,TTM Net Income,LT Investments & Debt,Return on Investment,revenue,cost-goods-sold,gross-profit,research-development-expenses,selling-general-administrative-expenses,operating-expenses,operating-income,total-non-operating-income-expense,pre-tax-income,total-provision-income-taxes,income-after-taxes,income-from-continuous-operations,net-income,ebitda,ebit,basic-shares-outstanding,shares-outstanding,eps-basic-net-earnings-per-share,eps-earnings-per-share-diluted,cash-on-hand,inventory,other-current-assets,total-current-assets,net-property-plant-equipment,long-term-investments,goodwill-intangible-assets-total,other-long-term-assets,total-long-term-assets,total-assets,total-current-liabilities,long-term-debt,other-non-current-liabilities,total-long-term-liabilities,total-liabilities,common-stock-net,retained-earnings-accumulated-deficit,comprehensive-income,total-share-holder-equity,total-liabilities-share-holders-equity,net-income-loss,total-depreciation-amortization-cash-flow,other-non-cash-items,total-non-cash-items,change-in-accounts-receivable,change-in-inventories,change-in-accounts-payable,change-in-assets-liabilities,total-change-in-assets-liabilities,cash-flow-from-operating-activities,net-change-in-property-plant-equipment,net-change-in-intangible-assets,net-acquisitions-divestitures,net-change-in-short-term-investments,net-change-in-long-term-investments,net-change-in-investments-total,investing-activities-other,cash-flow-from-investing-activities,net-long-term-debt,net-current-debt,debt-issuance-retirement-net-total,net-common-equity-issued-repurchased,net-total-equity-issued-repurchased,total-common-preferred-stock-dividends-paid,financial-activities-other,cash-flow-from-financial-activities,net-cash-flow,stock-based-compensation,common-stock-dividends-paid
0,2018-09-30,76.99,$15.41,5.0,$8.68,8.87,$3.56,21.6,$2.16,35.64,$1.37B,$0.71B,1.94,$0.00B,$0.95B,0.0,$0.54B,$0.40B,73.30%,$0.54B,$0.16B,29.83%,$0.54B,$0.16B,29.83%,$0.54B,$0.16B,29.83%,$0.54B,$0.13B,24.49%,$0.54B,$0.10B,18.42%,$0.10B,$0.95B,10.96%,$0.10B,$0.77B,13.76%,$0.10B,$1.71B,6.08%,$0.16B,$0.95B,15.23%,$137,$38,$100,$0,$60,$98,$39,$84,$123,$9,$114,$114,$114,$39,$39,$61,67,$1.86,$0.75,$1266,$0,$0,$1372,$78,$75,$182,$2,$339,$1711,$707,$0,$32,$52,$759,$0,$641,$17,$952,$1711,$0,$0,$0,$0,$0,$0,$0,$0,$0,$0,$0,$0,$0,$0,$0,$0,$0,$0,$0,$0,$0,$0,$0,$0,$0,$0,$0,$0,$0
1,2018-06-30,97.64,$14.01,6.97,$8.43,11.59,$3.56,27.39,$1.00,97.64,$1.31B,$0.74B,1.78,$0.00B,$0.87B,0.0,$0.51B,$0.38B,73.35%,$0.51B,$0.15B,29.77%,$0.51B,$0.15B,29.77%,$0.51B,$0.15B,29.77%,$0.51B,$-0.01B,-1.75%,$0.51B,$-0.04B,-7.59%,$-0.04B,$0.87B,-4.42%,$-0.04B,$0.68B,-5.34%,$-0.04B,$1.66B,-2.49%,$0.15B,$0.87B,13.96%,$134,$37,$97,$0,$64,$101,$33,$-32,$1,$10,$-9,$-9,$-9,$33,$33,$61,61,$-0.14,$-0.14,$1200,$0,$0,$1310,$82,$70,$190,$2,$347,$1657,$735,$0,$34,$55,$791,$0,$547,$21,$866,$1657,$0,$0,$0,$0,$0,$0,$0,$0,$0,$0,$0,$0,$0,$0,$0,$0,$0,$0,$0,$0,$0,$0,$0,$0,$0,$0,$0,$0,$0
2,2018-03-31,86.04,$14.67,5.87,$7.86,10.95,$3.56,24.14,$1.31,65.68,$1.31B,$0.36B,3.67,$0.35B,$0.91B,0.38,$0.48B,$0.35B,73.64%,$0.48B,$0.15B,30.96%,$0.48B,$0.15B,30.96%,$0.48B,$0.15B,30.96%,$0.48B,$0.01B,1.26%,$0.48B,$-0.02B,-4.18%,$-0.02B,$0.91B,-2.30%,$-0.02B,$0.73B,-2.64%,$-0.02B,$1.68B,-1.36%,$0.15B,$1.26B,13.03%,$128,$33,$95,$0,$57,$90,$38,$-84,$-47,$7,$-54,$-54,$-53,$38,$38,$61,61,$-0.87,$-0.87,$1189,$0,$0,$1312,$87,$69,$188,$17,$363,$1675,$358,$349,$35,$404,$761,$0,$586,$22,$914,$1675,$0,$0,$0,$0,$0,$0,$0,$0,$0,$0,$0,$0,$0,$0,$0,$0,$0,$0,$0,$0,$0,$0,$0,$0,$0,$0,$0,$0,$0
3,2017-12-31,60.85,$14.82,4.11,$7.22,8.42,$3.56,17.07,$0.84,72.44,$1.21B,$0.31B,3.86,$0.26B,$0.92B,0.28,$0.44B,$0.32B,73.46%,$0.44B,$0.13B,30.66%,$0.44B,$0.13B,30.66%,$0.44B,$0.13B,30.66%,$0.44B,$0.08B,18.99%,$0.44B,$0.06B,13.04%,$0.06B,$0.92B,6.80%,$0.06B,$0.74B,7.49%,$0.06B,$1.54B,4.21%,$0.13B,$1.17B,13.19%,$144,$38,$106,$0,$54,$92,$52,$4,$56,$8,$48,$48,$48,$52,$52,$60,61,$0.79,$0.77,$1096,$0,$0,$1211,$77,$67,$182,$3,$330,$1541,$314,$256,$35,$310,$624,$0,$616,$21,$917,$1541,$57,$10,$94,$103,$-11,$0,$0,$61,$61,$222,$-4,$-0,$0,$-89,$0,$-89,$-128,$-220,$0,$0,$0,$65,$65,$0,$0,$65,$57,$13,$0
4,2017-09-30,60.61,$13.42,4.52,$6.34,9.56,$2.63,23.07,$0.66,91.83,$1.22B,$0.29B,4.18,$0.25B,$0.83B,0.31,$0.38B,$0.28B,72.82%,$0.38B,$0.11B,28.76%,$0.38B,$0.11B,28.76%,$0.38B,$0.11B,28.76%,$0.38B,$0.06B,15.30%,$0.38B,$0.04B,9.50%,$0.04B,$0.83B,4.57%,$0.04B,$0.79B,4.83%,$0.04B,$1.39B,2.89%,$0.11B,$1.08B,12.08%,$108,$29,$79,$0,$49,$78,$30,$-49,$-19,$6,$-25,$-25,$-25,$30,$30,$61,61,$-0.41,$-0.41,$1121,$0,$0,$1223,$76,$43,$43,$1,$163,$1386,$292,$254,$0,$264,$557,$0,$556,$5,$829,$1386,$0,$0,$0,$0,$0,$0,$0,$0,$0,$0,$0,$0,$0,$0,$0,$0,$0,$0,$0,$0,$0,$0,$0,$0,$0,$0,$0,$0,$0
5,2017-06-30,44.73,$13.42,3.33,$6.06,7.38,$2.63,17.03,$1.35,33.13,$1.12B,$0.25B,4.57,$0.20B,$0.82B,0.25,$0.36B,$0.26B,72.42%,$0.36B,$0.10B,28.13%,$0.36B,$0.10B,28.13%,$0.36B,$0.10B,28.13%,$0.36B,$0.10B,27.30%,$0.36B,$0.08B,21.45%,$0.08B,$0.82B,10.18%,$0.08B,$0.78B,10.78%,$0.08B,$1.28B,6.55%,$0.10B,$1.03B,12.51%,$98,$26,$72,$0,$44,$70,$28,$-11,$16,$6,$10,$10,$10,$28,$28,$60,61,$0.17,$0.17,$1034,$0,$0,$1120,$76,$42,$42,$1,$161,$1281,$245,$202,$0,$212,$457,$0,$571,$5,$824,$1281,$0,$0,$0,$0,$0,$0,$0,$0,$0,$0,$0,$0,$0,$0,$0,$0,$0,$0,$0,$0,$0,$0,$0,$0,$0,$0,$0,$0,$0
6,2017-03-31,36.66,$12.78,2.87,$5.87,6.25,$2.63,13.95,$1.62,22.63,$1.05B,$0.41B,2.52,$0.00B,$0.78B,0.0,$0.34B,$0.25B,71.80%,$0.34B,$0.09B,26.74%,$0.34B,$0.09B,26.74%,$0.34B,$0.09B,26.74%,$0.34B,$0.11B,32.85%,$0.34B,$0.09B,26.74%,$0.09B,$0.78B,12.79%,$0.09B,$0.74B,13.59%,$0.09B,$1.21B,8.24%,$0.09B,$0.78B,12.79%,$87,$23,$64,$0,$40,$63,$24,$6,$30,$6,$24,$24,$24,$24,$24,$59,60,$0.40,$0.40,$960,$0,$0,$1046,$75,$42,$42,$1,$160,$1206,$414,$0,$0,$10,$424,$0,$552,$5,$782,$1206,$0,$0,$0,$0,$0,$0,$0,$0,$0,$0,$0,$0,$0,$0,$0,$0,$0,$0,$0,$0,$0,$0,$0,$0,$0,$0,$0,$0,$0
7,2016-12-31,33.8,$11.93,2.83,$5.77,5.86,$2.63,12.87,$1.45,23.31,$0.97B,$0.39B,2.49,$0.00B,$0.72B,0.0,$0.34B,$0.24B,71.73%,$0.34B,$0.09B,26.19%,$0.34B,$0.09B,26.19%,$0.34B,$0.09B,26.19%,$0.34B,$0.10B,29.76%,$0.34B,$0.08B,24.11%,$0.08B,$0.72B,11.74%,$0.08B,$0.68B,12.52%,$0.08B,$1.11B,7.53%,$0.09B,$0.72B,11.99%,$86,$25,$61,$0,$34,$59,$27,$4,$31,$4,$27,$27,$27,$27,$27,$58,58,$0.45,$0.44,$876,$0,$0,$968,$76,$27,$42,$1,$146,$1114,$389,$0,$0,$8,$398,$0,$524,$5,$717,$1114,$81,$9,$28,$37,$-3,$0,$1,$34,$38,$157,$-3,$-4,$0,$-44,$0,$-44,$-20,$-70,$0,$0,$0,$23,$23,$0,$0,$23,$115,$12,$0
8,2016-09-30,33.38,$11.76,2.84,$5.92,5.64,$2.07,16.12,$1.33,25.1,$0.96B,$0.39B,2.44,$0.00B,$0.70B,0.0,$0.34B,$0.25B,72.67%,$0.34B,$0.10B,28.49%,$0.34B,$0.10B,28.49%,$0.34B,$0.10B,28.49%,$0.34B,$0.09B,27.33%,$0.34B,$0.08B,22.09%,$0.08B,$0.70B,11.34%,$0.08B,$0.66B,12.12%,$0.08B,$1.10B,7.27%,$0.10B,$0.70B,12.95%,$88,$25,$63,$0,$41,$66,$22,$-1,$21,$5,$16,$16,$16,$22,$22,$58,59,$0.28,$0.28,$846,$0,$0,$956,$80,$23,$44,$1,$148,$1104,$392,$0,$0,$7,$399,$0,$515,$0,$704,$1104,$0,$0,$0,$0,$0,$0,$0,$0,$0,$0,$0,$0,$0,$0,$0,$0,$0,$0,$0,$0,$0,$0,$0,$0,$0,$0,$0,$0,$0
9,2016-06-30,29.31,$11.34,2.58,$5.71,5.13,$2.07,14.16,$1.46,20.08,$0.91B,$0.36B,2.54,$0.00B,$0.68B,0.0,$0.34B,$0.25B,72.70%,$0.34B,$0.10B,28.78%,$0.34B,$0.10B,28.78%,$0.34B,$0.10B,28.78%,$0.34B,$0.10B,30.86%,$0.34B,$0.09B,25.52%,$0.09B,$0.68B,13.25%,$0.09B,$0.63B,14.18%,$0.09B,$1.04B,8.51%,$0.10B,$0.68B,12.46%,$83,$23,$59,$0,$40,$64,$19,$12,$31,$6,$25,$25,$25,$19,$19,$58,58,$0.44,$0.44,$804,$0,$0,$909,$81,$4,$44,$1,$131,$1040,$357,$0,$0,$8,$365,$0,$500,$0,$675,$1040,$0,$0,$0,$0,$0,$0,$0,$0,$0,$0,$0,$0,$0,$0,$0,$0,$0,$0,$0,$0,$0,$0,$0,$0,$0,$0,$0,$0,$0
10,2016-03-31,31.02,$11.16,2.78,$5.68,5.46,$2.07,14.98,$1.40,22.16,$0.91B,$0.20B,4.62,$0.18B,$0.66B,0.27,$0.34B,$0.25B,73.21%,$0.34B,$0.10B,29.46%,$0.34B,$0.10B,29.46%,$0.34B,$0.10B,29.46%,$0.34B,$0.10B,29.76%,$0.34B,$0.08B,24.70%,$0.08B,$0.66B,13.03%,$0.08B,$0.62B,13.97%,$0.08B,$1.04B,8.35%,$0.10B,$0.84B,12.23%,$79,$22,$58,$0,$38,$60,$20,$-2,$17,$4,$13,$13,$13,$20,$20,$58,58,$0.23,$0.23,$821,$0,$0,$912,$85,$4,$42,$2,$133,$1044,$198,$177,$1,$184,$382,$0,$489,$0,$663,$1044,$0,$0,$0,$0,$0,$0,$0,$0,$0,$0,$0,$0,$0,$0,$0,$0,$0,$0,$0,$0,$0,$0,$0,$0,$0,$0,$0,$0,$0
11,2015-12-31,29.46,$0.00,0.0,$5.49,5.36,$2.07,14.23,$1.50,19.64,$0.86B,$0.18B,4.9,$0.17B,$0.64B,0.27,$0.33B,$0.24B,73.41%,$0.33B,$0.10B,30.51%,$0.33B,$0.10B,30.51%,$0.33B,$0.10B,30.51%,$0.33B,$0.12B,34.74%,$0.33B,$0.10B,29.61%,$0.10B,$0.64B,15.80%,$0.10B,$0.60B,16.67%,$0.10B,$0.99B,10.15%,$0.10B,$0.81B,12.76%,$94,$24,$70,$0,$34,$58,$37,$-2,$25,$5,$19,$22,$22,$37,$37,$57,58,$0.38,$0.38,$766,$0,$77,$858,$124,$4,$42,$1,$170,$991,$175,$171,$1,$178,$353,$0,$474,$0,$638,$991,$95,$9,$0,$9,$0,$0,$0,$0,$14,$133,$-13,$0,$0,$0,$0,$-61,$-40,$-115,$0,$0,$0,$0,$-11,$0,$0,$-11,$8,$0,$0
12,2015-09-30,27.4,$0.00,0.0,$5.28,5.19,$1.99,13.78,$1.34,20.45,$0.83B,$0.17B,4.82,$0.17B,$0.62B,0.27,$0.32B,$0.23B,72.50%,$0.32B,$0.09B,27.81%,$0.32B,$0.09B,27.81%,$0.32B,$0.09B,27.81%,$0.32B,$0.11B,33.75%,$0.32B,$0.09B,27.81%,$0.09B,$0.62B,14.80%,$0.09B,$0.58B,15.36%,$0.09B,$0.97B,9.44%,$0.09B,$0.79B,11.49%,$81,$23,$58,$0,$36,$60,$21,$10,$31,$5,$26,$26,$26,$21,$21,$58,62,$0.45,$0.41,$742,$0,$77,$831,$0,$3,$43,$1,$47,$967,$173,$168,$0,$174,$346,$0,$461,$0,$621,$967,$0,$0,$0,$0,$0,$0,$0,$0,$0,$0,$0,$0,$0,$0,$0,$0,$0,$0,$0,$0,$0,$0,$0,$0,$0,$0,$0,$0,$0
13,2015-06-30,33.24,$0.00,0.0,$5.21,6.38,$1.99,16.72,$1.28,25.97,$0.83B,$0.17B,5.0,$0.17B,$0.63B,0.28,$0.32B,$0.23B,73.10%,$0.32B,$0.09B,28.80%,$0.32B,$0.09B,28.80%,$0.32B,$0.09B,28.80%,$0.32B,$0.11B,35.44%,$0.32B,$0.09B,29.75%,$0.09B,$0.63B,16.05%,$0.09B,$0.58B,16.38%,$0.09B,$0.97B,10.22%,$0.09B,$0.80B,11.99%,$82,$22,$60,$0,$39,$60,$21,$8,$27,$5,$22,$22,$22,$21,$21,$58,59,$0.38,$0.38,$750,$0,$75,$834,$0,$3,$44,$1,$48,$972,$167,$174,$0,$180,$347,$0,$444,$0,$626,$972,$0,$0,$0,$0,$0,$0,$0,$0,$0,$0,$0,$0,$0,$0,$0,$0,$0,$0,$0,$0,$0,$0,$0,$0,$0,$0,$0,$0,$0
14,2015-03-31,32.27,$0.00,0.0,$6.17,5.23,$1.99,16.23,$1.18,27.34,$0.84B,$0.16B,5.16,$0.17B,$0.60B,0.29,$0.31B,$0.22B,73.44%,$0.31B,$0.09B,29.51%,$0.31B,$0.09B,29.51%,$0.31B,$0.09B,29.51%,$0.31B,$0.10B,32.13%,$0.31B,$0.08B,26.23%,$0.08B,$0.60B,14.23%,$0.08B,$0.60B,14.25%,$0.08B,$0.93B,9.02%,$0.09B,$0.77B,12.23%,$74,$19,$55,$0,$33,$52,$22,$12,$32,$4,$28,$28,$28,$22,$22,$58,63,$0.49,$0.33,$762,$0,$69,$839,$0,$0,$1,$9,$10,$932,$163,$171,$0,$173,$335,$0,$422,$0,$596,$932,$0,$0,$0,$0,$0,$0,$0,$0,$0,$0,$0,$0,$0,$0,$0,$0,$0,$0,$0,$0,$0,$0,$0,$0,$0,$0,$0,$0,$0
15,2014-12-31,35.85,$0.00,0.0,$6.16,5.82,$1.99,18.03,$1.17,30.77,$0.81B,$0.16B,5.23,$0.18B,$0.56B,0.32,$0.30B,$0.22B,73.75%,$0.30B,$0.09B,29.90%,$0.30B,$0.09B,29.90%,$0.30B,$0.09B,29.90%,$0.30B,$0.09B,29.57%,$0.30B,$0.07B,23.59%,$0.07B,$0.56B,12.82%,$0.07B,$0.56B,12.84%,$0.07B,$0.90B,8.58%,$0.09B,$0.74B,13.14%,$83,$24,$59,$0,$34,$58,$25,$-6,$18,$5,$13,$13,$13,$25,$25,$57,59,$0.23,$0.22,$730,$0,$71,$813,$0,$0,$1,$1,$3,$900,$155,$179,$0,$181,$336,$0,$393,$0,$563,$900,$71,$8,$0,$8,$0,$0,$0,$0,$12,$122,$-5,$0,$0,$0,$0,$0,$-217,$-222,$0,$0,$166,$0,$10,$0,$-74,$102,$1,$0,$0
16,2014-09-30,29.93,$0.00,0.0,$6.03,4.96,$1.43,20.91,$1.37,21.85,$0.79B,$0.15B,5.4,$0.17B,$0.56B,0.3,$0.30B,$0.22B,73.99%,$0.30B,$0.09B,29.73%,$0.30B,$0.09B,29.73%,$0.30B,$0.09B,29.73%,$0.30B,$0.10B,34.46%,$0.30B,$0.08B,28.38%,$0.08B,$0.56B,15.26%,$0.08B,$0.56B,15.28%,$0.08B,$0.87B,10.87%,$0.09B,$0.73B,13.82%,$77,$20,$57,$0,$34,$54,$23,$14,$35,$4,$31,$31,$31,$23,$23,$58,63,$0.53,$0.35,$709,$0,$67,$785,$0,$0,$1,$2,$3,$874,$145,$168,$0,$170,$315,$0,$385,$0,$558,$874,$0,$0,$0,$0,$0,$0,$0,$0,$0,$0,$0,$0,$0,$0,$0,$0,$0,$0,$0,$0,$0,$0,$0,$0,$0,$0,$0,$0,$0
17,2014-06-30,32.98,$0.00,0.0,$5.95,5.54,$1.43,23.04,$1.34,24.61,$0.75B,$0.13B,5.74,$0.18B,$0.53B,0.33,$0.29B,$0.21B,73.61%,$0.29B,$0.09B,29.86%,$0.29B,$0.09B,29.86%,$0.29B,$0.09B,29.86%,$0.29B,$0.09B,31.25%,$0.29B,$0.07B,25.00%,$0.07B,$0.53B,13.35%,$0.07B,$0.53B,13.36%,$0.07B,$0.84B,10.11%,$0.09B,$0.71B,14.74%,$71,$19,$53,$0,$33,$51,$20,$-7,$13,$5,$8,$8,$8,$20,$20,$30,30,$0.28,$0.28,$679,$0,$66,$752,$0,$0,$1,$1,$3,$841,$131,$176,$0,$178,$309,$0,$351,$0,$532,$841,$0,$0,$0,$0,$0,$0,$0,$0,$0,$0,$0,$0,$0,$0,$0,$0,$0,$0,$0,$0,$0,$0,$0,$0,$0,$0,$0,$0,$0
18,2014-03-31,35.63,$0.00,0.0,$4.69,7.59,$1.43,24.89,$1.39,25.72,$0.61B,$0.13B,4.58,$0.00B,$0.56B,0.0,$0.28B,$0.21B,73.50%,$0.28B,$0.09B,31.45%,$0.28B,$0.09B,31.45%,$0.28B,$0.09B,31.45%,$0.28B,$0.10B,35.69%,$0.28B,$0.08B,29.33%,$0.08B,$0.56B,15.72%,$0.08B,$0.56B,15.73%,$0.08B,$0.70B,12.72%,$0.09B,$0.56B,16.86%,$70,$17,$53,$0,$31,$48,$22,$4,$23,$4,$19,$19,$19,$22,$22,$61,61,$0.32,$0.32,$538,$0,$60,$606,$0,$0,$1,$2,$3,$695,$132,$0,$0,$1,$133,$0,$341,$0,$562,$695,$0,$0,$0,$0,$0,$0,$0,$0,$0,$0,$0,$0,$0,$0,$0,$0,$0,$0,$0,$0,$0,$0,$0,$0,$0,$0,$0,$0,$0
19,2013-12-31,38.95,$0.00,0.0,$4.60,8.48,$1.43,27.21,$1.37,28.53,$0.59B,$0.13B,4.56,$0.00B,$0.55B,0.0,$0.27B,$0.20B,72.99%,$0.27B,$0.09B,32.12%,$0.27B,$0.09B,32.12%,$0.27B,$0.09B,32.12%,$0.27B,$0.10B,36.13%,$0.27B,$0.08B,29.93%,$0.08B,$0.55B,16.38%,$0.08B,$0.55B,16.39%,$0.08B,$0.68B,13.22%,$0.09B,$0.55B,17.57%,$78,$22,$56,$0,$33,$55,$23,$8,$31,$5,$27,$26,$26,$23,$23,$59,61,$0.44,$0.43,$522,$0,$59,$591,$0,$0,$1,$3,$4,$681,$130,$0,$0,$1,$131,$0,$331,$0,$550,$681,$83,$6,$0,$6,$0,$0,$0,$0,$23,$123,$-37,$0,$0,$0,$0,$-111,$-0,$-148,$0,$0,$0,$0,$16,$0,$0,$16,$-9,$0,$0
20,2013-09-30,35.91,$0.00,0.0,$4.34,8.28,0,0.0,$1.27,28.28,$0.57B,$0.12B,4.8,$0.00B,$0.51B,0.0,$0.26B,$0.19B,72.76%,$0.26B,$0.08B,32.30%,$0.26B,$0.08B,32.30%,$0.26B,$0.08B,32.30%,$0.26B,$0.09B,36.19%,$0.26B,$0.08B,29.57%,$0.08B,$0.51B,16.16%,$0.08B,$0.51B,16.19%,$0.08B,$0.63B,13.10%,$0.08B,$0.51B,17.65%,$69,$18,$50,$0,$29,$47,$21,$5,$23,$4,$19,$19,$19,$21,$21,$59,60,$0.33,$0.32,$500,$0,$62,$569,$0,$0,$1,$4,$5,$632,$118,$0,$0,$0,$119,$0,$303,$0,$513,$632,$0,$0,$0,$0,$0,$0,$0,$0,$0,$0,$0,$0,$0,$0,$0,$0,$0,$0,$0,$0,$0,$0,$0,$0,$0,$0,$0,$0,$0
21,2013-06-30,33.76,$0.00,0.0,$4.16,8.12,0,0.0,$1.26,26.9,$0.54B,$0.12B,4.73,$0.00B,$0.49B,0.0,$0.25B,$0.18B,72.65%,$0.25B,$0.08B,33.06%,$0.25B,$0.08B,33.06%,$0.25B,$0.08B,33.06%,$0.25B,$0.09B,37.55%,$0.25B,$0.08B,30.61%,$0.08B,$0.49B,16.95%,$0.08B,$0.49B,16.99%,$0.08B,$0.60B,13.79%,$0.08B,$0.49B,18.31%,$66,$17,$49,$0,$26,$43,$23,$3,$24,$4,$19,$19,$19,$23,$23,$58,60,$0.33,$0.33,$477,$0,$60,$543,$0,$0,$1,$1,$2,$602,$115,$0,$0,$0,$115,$0,$282,$0,$487,$602,$0,$0,$0,$0,$0,$0,$0,$0,$0,$0,$0,$0,$0,$0,$0,$0,$0,$0,$0,$0,$0,$0,$0,$0,$0,$0,$0,$0,$0
22,2013-03-31,29.71,$0.00,0.0,$4.01,7.4,0,0.0,$1.24,24.05,$0.51B,$0.11B,4.53,$0.00B,$0.45B,0.0,$0.24B,$0.17B,72.46%,$0.24B,$0.08B,33.47%,$0.24B,$0.08B,33.47%,$0.24B,$0.08B,33.47%,$0.24B,$0.09B,38.14%,$0.24B,$0.07B,31.36%,$0.07B,$0.45B,17.83%,$0.07B,$0.45B,17.87%,$0.07B,$0.57B,14.55%,$0.08B,$0.45B,19.04%,$61,$16,$45,$0,$24,$40,$21,$3,$21,$4,$18,$18,$18,$21,$21,$57,57,$0.31,$0.30,$462,$0,$41,$509,$0,$0,$1,$11,$11,$566,$113,$0,$0,$0,$113,$0,$260,$0,$453,$566,$0,$0,$0,$0,$0,$0,$0,$0,$0,$0,$0,$0,$0,$0,$0,$0,$0,$0,$0,$0,$0,$0,$0,$0,$0,$0,$0,$0,$0
23,2012-12-31,23.38,$0.00,0.0,$3.92,5.96,0,0.0,$1.26,18.55,$0.46B,$0.09B,5.04,$0.00B,$0.43B,0.0,$0.23B,$0.17B,72.10%,$0.23B,$0.08B,33.91%,$0.23B,$0.08B,33.91%,$0.23B,$0.08B,33.91%,$0.23B,$0.09B,39.48%,$0.23B,$0.08B,32.19%,$0.08B,$0.43B,19.14%,$0.08B,$0.43B,19.19%,$0.08B,$0.52B,15.63%,$0.08B,$0.43B,20.17%,$61,$19,$43,$0,$25,$43,$18,$5,$25,$4,$20,$20,$20,$18,$18,$58,59,$0.34,$0.33,$409,$0,$46,$463,$0,$0,$1,$11,$12,$520,$92,$0,$0,$0,$92,$0,$242,$0,$428,$520,$0,$0,$0,$0,$0,$0,$0,$0,$0,$0,$0,$0,$0,$0,$0,$0,$0,$0,$0,$0,$0,$0,$0,$0,$0,$0,$0,$0,$0
24,2012-09-30,22.4,$0.00,0.0,$3.84,5.83,$1.18,18.96,$1.24,18.14,$0.43B,$0.09B,5.02,$0.00B,$0.40B,0.0,$0.23B,$0.17B,72.81%,$0.23B,$0.08B,34.65%,$0.23B,$0.08B,34.65%,$0.23B,$0.08B,34.65%,$0.23B,$0.09B,39.04%,$0.23B,$0.07B,32.02%,$0.07B,$0.40B,19.81%,$0.07B,$0.40B,19.86%,$0.07B,$0.49B,16.17%,$0.08B,$0.40B,21.44%,$57,$16,$41,$0,$23,$38,$19,$3,$22,$4,$18,$18,$18,$19,$19,$58,59,$0.31,$0.31,$373,$0,$54,$434,$0,$0,$1,$24,$25,$488,$86,$0,$0,$0,$87,$0,$220,$0,$402,$488,$0,$0,$0,$0,$0,$0,$0,$0,$0,$0,$0,$0,$0,$0,$0,$0,$0,$0,$0,$0,$0,$0,$0,$0,$0,$0,$0,$0,$0
25,2012-06-30,22.78,$0.00,0.0,$3.83,5.95,$1.18,19.27,$1.19,19.14,$0.42B,$0.08B,5.02,$0.00B,$0.38B,0.0,$0.23B,$0.16B,72.00%,$0.23B,$0.08B,34.67%,$0.23B,$0.08B,34.67%,$0.23B,$0.08B,34.67%,$0.23B,$0.09B,38.22%,$0.23B,$0.07B,31.11%,$0.07B,$0.38B,20.26%,$0.07B,$0.38B,20.32%,$0.07B,$0.46B,16.54%,$0.08B,$0.38B,22.58%,$57,$15,$42,$0,$21,$36,$21,$3,$22,$4,$18,$18,$18,$21,$21,$58,59,$0.32,$0.31,$360,$0,$56,$421,$0,$0,$1,$9,$10,$461,$84,$0,$0,$0,$84,$0,$200,$0,$377,$461,$0,$0,$0,$0,$0,$0,$0,$0,$0,$0,$0,$0,$0,$0,$0,$0,$0,$0,$0,$0,$0,$0,$0,$0,$0,$0,$0,$0,$0
26,2012-03-31,28.43,$0.00,0.0,$3.74,7.59,$1.18,24.06,$1.11,25.73,$0.41B,$0.09B,4.56,$0.00B,$0.36B,0.0,$0.22B,$0.16B,72.15%,$0.22B,$0.08B,34.70%,$0.22B,$0.08B,34.70%,$0.22B,$0.08B,34.70%,$0.22B,$0.08B,36.53%,$0.22B,$0.07B,29.68%,$0.07B,$0.36B,20.11%,$0.07B,$0.36B,20.17%,$0.07B,$0.45B,16.47%,$0.08B,$0.36B,23.51%,$58,$16,$42,$0,$21,$37,$21,$2,$23,$4,$19,$19,$19,$21,$21,$57,59,$0.34,$0.32,$363,$0,$42,$412,$0,$0,$1,$8,$8,$451,$90,$0,$0,$0,$91,$0,$183,$0,$360,$451,$0,$0,$0,$0,$0,$0,$0,$0,$0,$0,$0,$0,$0,$0,$0,$0,$0,$0,$0,$0,$0,$0,$0,$0,$0,$0,$0,$0,$0
27,2011-12-31,20.97,$0.00,0.0,$3.61,5.81,$1.18,17.75,$1.02,20.56,$0.37B,$0.07B,5.14,$0.00B,$0.34B,0.0,$0.21B,$0.15B,72.04%,$0.21B,$0.07B,35.07%,$0.21B,$0.07B,35.07%,$0.21B,$0.07B,35.07%,$0.21B,$0.07B,35.07%,$0.21B,$0.06B,28.44%,$0.06B,$0.34B,19.98%,$0.06B,$0.33B,20.03%,$0.06B,$0.41B,16.56%,$0.07B,$0.34B,24.65%,$56,$15,$41,$0,$23,$38,$18,$3,$22,$3,$19,$18,$18,$18,$18,$57,59,$0.32,$0.31,$327,$0,$34,$367,$0,$0,$1,$8,$8,$406,$72,$0,$0,$0,$72,$0,$164,$0,$335,$406,$61,$4,$0,$4,$0,$0,$0,$0,$4,$79,$-9,$0,$0,$0,$0,$-137,$-0,$-147,$0,$0,$0,$0,$4,$0,$0,$4,$-65,$0,$0
28,2011-09-30,19.99,$0.00,0.0,$3.44,5.81,$0.83,24.15,$0.89,22.46,$0.34B,$0.07B,5.29,$0.00B,$0.31B,0.0,$0.20B,$0.14B,70.15%,$0.20B,$0.07B,33.83%,$0.20B,$0.07B,33.83%,$0.20B,$0.07B,33.83%,$0.20B,$0.07B,32.34%,$0.20B,$0.05B,25.87%,$0.05B,$0.31B,18.62%,$0.05B,$0.31B,18.67%,$0.05B,$0.38B,15.48%,$0.07B,$0.31B,24.35%,$54,$17,$37,$0,$19,$36,$18,$1,$19,$4,$15,$15,$15,$18,$18,$57,57,$0.27,$0.26,$303,$0,$34,$343,$0,$0,$1,$1,$2,$375,$65,$0,$0,$0,$65,$0,$146,$0,$310,$375,$0,$0,$0,$0,$0,$0,$0,$0,$0,$0,$0,$0,$0,$0,$0,$0,$0,$0,$0,$0,$0,$0,$0,$0,$0,$0,$0,$0,$0
29,2011-06-30,28.07,$0.00,0.0,$3.16,8.88,$0.83,33.91,$0.80,35.3,$0.31B,$0.06B,5.42,$0.00B,$0.29B,0.0,$0.19B,$0.13B,70.27%,$0.19B,$0.06B,32.43%,$0.19B,$0.06B,32.43%,$0.19B,$0.06B,32.43%,$0.19B,$0.06B,30.81%,$0.19B,$0.05B,24.86%,$0.05B,$0.29B,17.69%,$0.05B,$0.29B,17.74%,$0.05B,$0.35B,14.77%,$0.06B,$0.29B,23.08%,$51,$14,$38,$0,$18,$32,$19,$-0,$16,$4,$13,$13,$13,$19,$19,$57,59,$0.23,$0.22,$284,$0,$25,$314,$0,$0,$1,$1,$2,$347,$58,$0,$0,$0,$58,$0,$127,$0,$288,$347,$0,$0,$0,$0,$0,$0,$0,$0,$0,$0,$0,$0,$0,$0,$0,$0,$0,$0,$0,$0,$0,$0,$0,$0,$0,$0,$0,$0,$0
30,2011-03-31,31.97,$0.00,0.0,$2.98,10.71,$0.83,38.62,$0.72,44.4,$0.29B,$0.05B,5.45,$0.00B,$0.27B,0.0,$0.17B,$0.12B,68.79%,$0.17B,$0.05B,30.64%,$0.17B,$0.05B,30.64%,$0.17B,$0.05B,30.64%,$0.17B,$0.05B,29.48%,$0.17B,$0.04B,23.70%,$0.04B,$0.27B,16.99%,$0.04B,$0.27B,17.05%,$0.04B,$0.32B,14.26%,$0.05B,$0.27B,21.97%,$50,$14,$36,$0,$16,$30,$19,$1,$17,$3,$14,$14,$14,$19,$19,$57,59,$0.25,$0.24,$267,$0,$15,$287,$0,$2,$1,$1,$4,$321,$53,$0,$0,$0,$53,$0,$113,$0,$268,$321,$0,$0,$0,$0,$0,$0,$0,$0,$0,$0,$0,$0,$0,$0,$0,$0,$0,$0,$0,$0,$0,$0,$0,$0,$0,$0,$0,$0,$0
31,2010-12-31,24.63,$0.00,0.0,$2.82,8.75,$0.83,29.75,$0.62,39.72,$0.27B,$0.05B,5.31,$0.00B,$0.25B,0.0,$0.16B,$0.11B,67.50%,$0.16B,$0.05B,28.13%,$0.16B,$0.05B,28.13%,$0.16B,$0.05B,28.13%,$0.16B,$0.04B,27.50%,$0.16B,$0.03B,21.25%,$0.03B,$0.25B,15.14%,$0.03B,$0.25B,15.21%,$0.03B,$0.30B,12.81%,$0.05B,$0.25B,20.04%,$46,$16,$30,$0,$18,$34,$12,$1,$13,$2,$11,$10,$10,$12,$12,$55,59,$0.18,$0.18,$249,$0,$12,$267,$0,$2,$1,$1,$4,$301,$50,$0,$0,$0,$50,$0,$98,$0,$251,$301,$36,$4,$0,$4,$0,$0,$0,$0,$8,$52,$-4,$0,$0,$0,$0,$-23,$-0,$-26,$0,$0,$0,$0,$11,$0,$0,$11,$36,$0,$0
32,2010-09-30,18.74,$0.00,0.0,$2.62,7.15,$0.48,39.01,$0.57,33.16,$0.24B,$0.04B,5.58,$0.00B,$0.23B,0.0,$0.15B,$0.10B,67.35%,$0.15B,$0.04B,27.89%,$0.15B,$0.04B,27.89%,$0.15B,$0.04B,27.89%,$0.15B,$0.04B,25.85%,$0.15B,$0.03B,21.09%,$0.03B,$0.23B,14.74%,$0.03B,$0.23B,14.81%,$0.03B,$0.28B,12.61%,$0.04B,$0.23B,19.50%,$38,$12,$26,$0,$16,$28,$10,$1,$11,$2,$9,$9,$9,$10,$10,$56,57,$0.17,$0.17,$226,$0,$13,$243,$0,$2,$1,$1,$4,$277,$43,$0,$0,$0,$44,$0,$87,$0,$233,$277,$0,$0,$0,$0,$0,$0,$0,$0,$0,$0,$0,$0,$0,$0,$0,$0,$0,$0,$0,$0,$0,$0,$0,$0,$0,$0,$0,$0,$0
33,2010-06-30,10.41,$0.00,0.0,$2.53,4.11,$0.48,21.66,$0.50,21.02,$0.22B,$0.04B,5.7,$0.00B,$0.21B,0.0,$0.14B,$0.09B,66.67%,$0.14B,$0.04B,27.66%,$0.14B,$0.04B,27.66%,$0.14B,$0.04B,27.66%,$0.14B,$0.04B,24.82%,$0.14B,$0.03B,19.15%,$0.03B,$0.21B,13.60%,$0.03B,$0.21B,13.65%,$0.03B,$0.25B,11.73%,$0.04B,$0.21B,19.65%,$39,$12,$27,$0,$15,$27,$12,$1,$10,$2,$8,$8,$8,$12,$12,$55,56,$0.15,$0.15,$208,$0,$6,$217,$0,$2,$1,$1,$4,$251,$38,$0,$0,$0,$38,$0,$76,$0,$213,$251,$0,$0,$0,$0,$0,$0,$0,$0,$0,$0,$0,$0,$0,$0,$0,$0,$0,$0,$0,$0,$0,$0,$0,$0,$0,$0,$0,$0,$0
34,2010-03-31,9.0,$0.00,0.0,$2.34,3.84,$0.48,18.73,$0.41,22.21,$0.20B,$0.03B,6.23,$0.00B,$0.20B,0.0,$0.13B,$0.09B,65.38%,$0.13B,$0.03B,24.62%,$0.13B,$0.03B,24.62%,$0.13B,$0.03B,24.62%,$0.13B,$0.03B,23.08%,$0.13B,$0.02B,16.92%,$0.02B,$0.20B,11.52%,$0.02B,$0.20B,11.56%,$0.02B,$0.23B,10.02%,$0.03B,$0.20B,16.75%,$37,$13,$25,$0,$14,$26,$11,$1,$10,$2,$7,$7,$7,$11,$11,$55,56,$0.14,$0.14,$187,$0,$8,$199,$0,$2,$1,$1,$4,$233,$32,$0,$0,$0,$32,$0,$69,$0,$201,$233,$0,$0,$0,$0,$0,$0,$0,$0,$0,$0,$0,$0,$0,$0,$0,$0,$0,$0,$0,$0,$0,$0,$0,$0,$0,$0,$0,$0,$0
35,2009-12-31,8.89,$0.00,0.0,$2.12,4.2,$0.48,18.51,$0.30,30.14,$0.19B,$0.03B,6.82,$0.00B,$0.19B,0.0,$0.12B,$0.07B,62.71%,$0.12B,$0.02B,19.49%,$0.12B,$0.02B,19.49%,$0.12B,$0.02B,19.49%,$0.12B,$0.02B,18.64%,$0.12B,$0.02B,13.56%,$0.02B,$0.19B,8.61%,$0.02B,$0.19B,8.65%,$0.02B,$0.22B,7.55%,$0.02B,$0.19B,12.38%,$33,$12,$21,$0,$14,$25,$8,$1,$7,$0,$7,$7,$7,$8,$8,$54,57,$0.13,$0.12,$178,$0,$7,$187,$0,$2,$1,$5,$8,$222,$27,$0,$0,$0,$28,$0,$61,$0,$194,$222,$16,$5,$0,$5,$0,$0,$0,$0,$7,$31,$-4,$0,$0,$0,$0,$-35,$-0,$-40,$0,$0,$0,$0,$-6,$0,$0,$-6,$-15,$0,$0
36,2009-09-30,7.0,$0.00,0.0,$2.11,3.31,$0.28,24.73,$0.20,35.87,$0.18B,$0.03B,6.46,$0.00B,$0.19B,0.0,$0.11B,$0.07B,59.65%,$0.11B,$0.02B,14.91%,$0.11B,$0.02B,14.91%,$0.11B,$0.02B,14.91%,$0.11B,$0.02B,14.91%,$0.11B,$0.01B,8.77%,$0.01B,$0.19B,5.49%,$0.01B,$0.19B,5.51%,$0.01B,$0.22B,4.84%,$0.02B,$0.19B,9.33%,$32,$11,$21,$0,$13,$25,$8,$2,$8,$2,$5,$5,$5,$8,$8,$55,55,$0.10,$0.10,$172,$0,$6,$181,$0,$2,$1,$3,$6,$215,$28,$0,$0,$0,$28,$0,$55,$0,$186,$215,$0,$0,$0,$0,$0,$0,$0,$0,$0,$0,$0,$0,$0,$0,$0,$0,$0,$0,$0,$0,$0,$0,$0,$0,$0,$0,$0,$0,$0
37,2009-06-30,5.92,$0.00,0.0,$2.06,2.87,$0.28,20.92,$0.18,33.8,$0.17B,$0.02B,7.12,$0.00B,$0.18B,0.0,$0.11B,$0.06B,55.86%,$0.11B,$0.01B,10.81%,$0.11B,$0.01B,10.81%,$0.11B,$0.01B,10.81%,$0.11B,$0.01B,11.71%,$0.11B,$0.01B,8.11%,$0.01B,$0.18B,4.98%,$0.01B,$0.18B,5.01%,$0.01B,$0.21B,4.41%,$0.01B,$0.18B,6.64%,$28,$11,$18,$0,$12,$23,$5,$1,$5,$1,$3,$3,$3,$5,$5,$56,56,$0.06,$0.06,$163,$0,$8,$173,$0,$2,$1,$3,$6,$208,$24,$0,$0,$0,$24,$0,$49,$0,$183,$208,$0,$0,$0,$0,$0,$0,$0,$0,$0,$0,$0,$0,$0,$0,$0,$0,$0,$0,$0,$0,$0,$0,$0,$0,$0,$0,$0,$0,$0
38,2009-03-31,3.45,$0.00,0.0,$2.09,1.65,$0.28,12.2,$0.17,20.29,$0.17B,$0.02B,7.66,$0.00B,$0.18B,0.0,$0.11B,$0.06B,53.98%,$0.11B,$0.01B,9.73%,$0.11B,$0.01B,9.73%,$0.11B,$0.01B,9.73%,$0.11B,$0.01B,10.62%,$0.11B,$0.01B,7.96%,$0.01B,$0.18B,5.05%,$0.01B,$0.18B,5.08%,$0.01B,$0.20B,4.47%,$0.01B,$0.18B,6.17%,$25,$11,$14,$0,$12,$23,$2,$1,$2,$1,$1,$1,$1,$2,$2,$55,55,$0.03,$0.03,$159,$0,$7,$169,$0,$2,$1,$1,$4,$203,$22,$0,$0,$0,$22,$0,$47,$0,$180,$203,$0,$0,$0,$0,$0,$0,$0,$0,$0,$0,$0,$0,$0,$0,$0,$0,$0,$0,$0,$0,$0,$0,$0,$0,$0,$0,$0,$0,$0
39,2008-12-31,3.08,$0.00,0.0,$2.23,1.38,$0.28,10.89,$0.20,15.4,$0.17B,$0.02B,7.78,$0.00B,$0.18B,0.0,$0.12B,$0.07B,54.92%,$0.12B,$0.02B,13.11%,$0.12B,$0.02B,13.11%,$0.12B,$0.02B,13.11%,$0.12B,$0.02B,12.30%,$0.12B,$0.01B,9.02%,$0.01B,$0.18B,6.30%,$0.01B,$0.18B,6.33%,$0.01B,$0.20B,5.53%,$0.02B,$0.18B,9.17%,$29,$14,$15,$0,$13,$27,$2,$1,$2,$1,$1,$1,$1,$2,$2,$50,50,$0.02,$0.02,$157,$0,$7,$167,$0,$2,$1,$1,$4,$201,$22,$0,$0,$0,$22,$0,$45,$0,$180,$201,$11,$4,$0,$4,$0,$0,$0,$0,$-5,$18,$-4,$0,$0,$0,$0,$-4,$-0,$-7,$0,$0,$0,$0,$-1,$0,$0,$-1,$7,$0,$0
40,2008-09-30,4.6,$0.00,0.0,$2.15,2.14,$0.38,12.05,$0.23,20.0,$0.17B,$0.03B,6.84,$0.00B,$0.18B,0.0,$0.12B,$0.07B,55.74%,$0.12B,$0.02B,13.11%,$0.12B,$0.02B,13.11%,$0.12B,$0.02B,13.11%,$0.12B,$0.02B,13.93%,$0.12B,$0.01B,10.66%,$0.01B,$0.18B,7.74%,$0.01B,$0.18B,7.77%,$0.01B,$0.20B,6.73%,$0.02B,$0.18B,9.52%,$29,$14,$15,$0,$12,$26,$3,$1,$4,$0,$4,$4,$4,$3,$3,$56,56,$0.08,$0.08,$157,$0,$8,$169,$0,$2,$1,$1,$4,$204,$25,$0,$0,$0,$25,$0,$44,$0,$180,$204,$0,$0,$0,$0,$0,$0,$0,$0,$0,$0,$0,$0,$0,$0,$0,$0,$0,$0,$0,$0,$0,$0,$0,$0,$0,$0,$0,$0,$0
41,2008-06-30,9.16,$0.00,0.0,$2.17,4.23,$0.38,24.0,$0.22,41.64,$0.17B,$0.03B,6.42,$0.00B,$0.17B,0.0,$0.12B,$0.07B,57.38%,$0.12B,$0.02B,15.57%,$0.12B,$0.02B,15.57%,$0.12B,$0.02B,15.57%,$0.12B,$0.02B,14.75%,$0.12B,$0.01B,10.66%,$0.01B,$0.17B,8.14%,$0.01B,$0.17B,8.18%,$0.01B,$0.20B,7.04%,$0.02B,$0.17B,11.89%,$30,$14,$17,$0,$12,$26,$4,$0,$4,$2,$3,$3,$3,$4,$4,$56,56,$0.05,$0.05,$152,$0,$9,$165,$0,$1,$1,$1,$3,$198,$26,$0,$0,$0,$26,$0,$40,$0,$173,$198,$0,$0,$0,$0,$0,$0,$0,$0,$0,$0,$0,$0,$0,$0,$0,$0,$0,$0,$0,$0,$0,$0,$0,$0,$0,$0,$0,$0,$0
42,2008-03-31,8.13,$0.00,0.0,$2.10,3.87,$0.38,21.29,$0.24,33.85,$0.16B,$0.03B,6.12,$0.00B,$0.17B,0.0,$0.12B,$0.07B,58.33%,$0.12B,$0.02B,18.33%,$0.12B,$0.02B,18.33%,$0.12B,$0.02B,18.33%,$0.12B,$0.02B,16.67%,$0.12B,$0.01B,11.67%,$0.01B,$0.17B,9.24%,$0.01B,$0.17B,9.29%,$0.01B,$0.19B,7.97%,$0.02B,$0.17B,14.52%,$34,$14,$20,$0,$12,$26,$7,$-1,$5,$2,$3,$3,$3,$7,$7,$58,58,$0.06,$0.06,$146,$0,$8,$159,$0,$1,$1,$1,$3,$192,$26,$0,$0,$0,$26,$0,$37,$0,$165,$192,$0,$0,$0,$0,$0,$0,$0,$0,$0,$0,$0,$0,$0,$0,$0,$0,$0,$0,$0,$0,$0,$0,$0,$0,$0,$0,$0,$0,$0
43,2007-12-31,9.01,$0.00,0.0,$1.98,4.54,$0.38,23.6,$0.26,34.65,$0.15B,$0.02B,6.11,$0.00B,$0.15B,0.0,$0.11B,$0.07B,58.04%,$0.11B,$0.02B,19.64%,$0.11B,$0.02B,19.64%,$0.11B,$0.02B,19.64%,$0.11B,$0.02B,18.75%,$0.11B,$0.02B,13.39%,$0.02B,$0.15B,10.45%,$0.02B,$0.15B,10.53%,$0.02B,$0.18B,9.01%,$0.02B,$0.15B,15.33%,$29,$14,$16,$0,$14,$28,$2,$0,$4,$1,$2,$3,$3,$2,$2,$58,58,$0.05,$0.05,$138,$0,$5,$147,$0,$1,$1,$1,$3,$179,$24,$0,$0,$0,$24,$0,$32,$0,$154,$179,$14,$3,$0,$3,$0,$0,$0,$0,$3,$27,$-4,$0,$0,$0,$0,$-1,$-0,$-6,$0,$0,$0,$0,$1,$0,$0,$1,$19,$0,$0
44,2007-09-30,9.68,$0.00,0.0,$1.85,5.24,$0.07,135.76,$0.26,37.96,$0.14B,$0.02B,6.28,$0.00B,$0.15B,0.0,$0.10B,$0.06B,57.69%,$0.10B,$0.02B,21.15%,$0.10B,$0.02B,21.15%,$0.10B,$0.02B,21.15%,$0.10B,$0.02B,19.23%,$0.10B,$0.02B,14.42%,$0.02B,$0.15B,10.97%,$0.02B,$0.15B,11.07%,$0.02B,$0.17B,9.51%,$0.02B,$0.15B,16.09%,$29,$12,$17,$0,$11,$23,$6,$0,$5,$2,$4,$4,$4,$6,$6,$55,55,$0.07,$0.07,$132,$0,$4,$140,$0,$1,$1,$1,$3,$170,$22,$0,$0,$0,$22,$0,$29,$0,$147,$170,$0,$0,$0,$0,$0,$0,$0,$0,$0,$0,$0,$0,$0,$0,$0,$0,$0,$0,$0,$0,$0,$0,$0,$0,$0,$0,$0,$0,$0
45,2007-06-30,9.51,$0.00,0.0,$1.51,6.28,$0.07,133.31,$0.22,43.2,$0.13B,$0.02B,6.29,$0.00B,$0.14B,0.0,$0.10B,$0.06B,57.14%,$0.10B,$0.02B,21.43%,$0.10B,$0.02B,21.43%,$0.10B,$0.02B,21.43%,$0.10B,$0.02B,19.39%,$0.10B,$0.01B,14.29%,$0.01B,$0.14B,10.73%,$0.01B,$0.14B,10.85%,$0.01B,$0.16B,9.33%,$0.02B,$0.14B,16.09%,$28,$11,$17,$0,$9,$21,$7,$0,$6,$2,$4,$4,$4,$7,$7,$58,58,$0.07,$0.07,$126,$0,$3,$134,$0,$0,$1,$1,$2,$162,$21,$0,$0,$0,$21,$0,$25,$0,$140,$162,$0,$0,$0,$0,$0,$0,$0,$0,$0,$0,$0,$0,$0,$0,$0,$0,$0,$0,$0,$0,$0,$0,$0,$0,$0,$0,$0,$0,$0
46,2007-03-31,8.11,$0.00,0.0,$1.44,5.63,$0.07,113.74,$0.21,38.62,$0.13B,$0.02B,5.93,$0.00B,$0.13B,0.0,$0.09B,$0.05B,56.52%,$0.09B,$0.02B,20.65%,$0.09B,$0.02B,20.65%,$0.09B,$0.02B,20.65%,$0.09B,$0.02B,18.48%,$0.09B,$0.01B,14.13%,$0.01B,$0.13B,10.44%,$0.01B,$0.13B,10.59%,$0.01B,$0.16B,9.12%,$0.02B,$0.13B,15.26%,$26,$11,$15,$0,$8,$19,$7,$0,$6,$2,$4,$4,$4,$7,$7,$56,56,$0.08,$0.08,$119,$0,$2,$128,$0,$0,$1,$1,$2,$155,$22,$0,$0,$0,$22,$0,$21,$0,$133,$155,$0,$0,$0,$0,$0,$0,$0,$0,$0,$0,$0,$0,$0,$0,$0,$0,$0,$0,$0,$0,$0,$0,$0,$0,$0,$0,$0,$0,$0
47,2006-12-31,8.54,$0.00,0.0,$1.36,6.26,$0.07,119.71,$0.20,43.77,$0.12B,$0.02B,6.61,$0.00B,$0.13B,0.0,$0.09B,$0.05B,55.68%,$0.09B,$0.02B,19.32%,$0.09B,$0.02B,19.32%,$0.09B,$0.02B,19.32%,$0.09B,$0.02B,18.18%,$0.09B,$0.01B,13.64%,$0.01B,$0.13B,10.08%,$0.01B,$0.13B,10.26%,$0.01B,$0.14B,8.89%,$0.02B,$0.13B,14.29%,$21,$10,$11,$0,$9,$19,$2,$0,$3,$1,$3,$3,$3,$2,$2,$56,56,$0.05,$0.05,$111,$0,$3,$118,$0,$0,$1,$0,$2,$144,$18,$0,$0,$0,$18,$0,$16,$0,$127,$144,$13,$2,$0,$2,$0,$0,$0,$0,$4,$24,$-20,$0,$0,$0,$0,$1,$-0,$-19,$0,$0,$0,$0,$1,$0,$0,$1,$5,$0,$0
