,Date,Stock Price,Book Value per Share,Price to Book Ratio,TTM Sales per Share,Price to Sales Ratio,TTM FCF per Share,Price to FCF Ratio,TTM Net EPS,PE Ratio,Current Assets,Current Liabilities,Current Ratio,Long Term Debt,Shareholder's Equity_x,Debt to Equity Ratio,TTM Revenue_x,TTM Gross Profit,Gross Margin,TTM Revenue_y,TTM Operating Income,Operating Margin,TTM Revenue_x,TTM EBIT,EBIT Margin,TTM Revenue_y,TTM EBITDA,EBITDA Margin,TTM Revenue_x,TTM Pre-Tax Income,Pre-Tax Margin,TTM Revenue_y,TTM Net Income_x,Net Margin,TTM Net Income_y,Shareholder's Equity_y,Return on Equity,TTM Net Income_x,Tangible Equity,Return on Tangible Equity,TTM Net Income_y,Total Assets,Return on Assets,TTM Net Income,LT Investments & Debt,Return on Investment,revenue,cost-goods-sold,gross-profit,research-development-expenses,selling-general-administrative-expenses,operating-expenses,operating-income,total-non-operating-income-expense,pre-tax-income,total-provision-income-taxes,income-after-taxes,income-from-continuous-operations,net-income,ebitda,ebit,basic-shares-outstanding,shares-outstanding,eps-basic-net-earnings-per-share,eps-earnings-per-share-diluted,cash-on-hand,inventory,other-current-assets,total-current-assets,net-property-plant-equipment,long-term-investments,goodwill-intangible-assets-total,other-long-term-assets,total-long-term-assets,total-assets,total-current-liabilities,long-term-debt,other-non-current-liabilities,total-long-term-liabilities,total-liabilities,common-stock-net,retained-earnings-accumulated-deficit,comprehensive-income,total-share-holder-equity,total-liabilities-share-holders-equity,net-income-loss,total-depreciation-amortization-cash-flow,other-non-cash-items,total-non-cash-items,change-in-accounts-receivable,change-in-inventories,change-in-accounts-payable,change-in-assets-liabilities,total-change-in-assets-liabilities,cash-flow-from-operating-activities,net-change-in-property-plant-equipment,net-change-in-intangible-assets,net-acquisitions-divestitures,net-change-in-short-term-investments,net-change-in-long-term-investments,net-change-in-investments-total,investing-activities-other,cash-flow-from-investing-activities,net-long-term-debt,net-current-debt,debt-issuance-retirement-net-total,net-common-equity-issued-repurchased,net-total-equity-issued-repurchased,total-common-preferred-stock-dividends-paid,financial-activities-other,cash-flow-from-financial-activities,net-cash-flow,stock-based-compensation,common-stock-dividends-paid
0,2018-06-30,84.41,$28.21,2.99,$54.62,1.55,$-2.85,0.0,$4.60,18.35,$0.29B,$0.09B,3.13,$0.00B,$0.28B,0.0,$0.55B,$0.24B,44.14%,$0.55B,$0.07B,11.90%,$0.55B,$0.07B,11.90%,$0.55B,$0.08B,14.10%,$0.55B,$0.07B,12.82%,$0.55B,$0.05B,8.61%,$0.05B,$0.28B,18.29%,$0.05B,$0.26B,20.22%,$0.05B,$0.40B,12.61%,$0.07B,$0.28B,25.29%,$171,$91,$79,$5,$42,$139,$32,$-0,$32,$8,$24,$24,$24,$35,$32,$10,10,$2.39,$2.38,$129,$77,$1,$288,$54,$0,$24,$18,$109,$398,$92,$0,$18,$23,$115,$1,$209,$1,$282,$398,$46,$10,$3,$12,$-35,$1,$0,$4,$-21,$37,$-13,$0,$0,$22,$0,$22,$0,$8,$0,$0,$0,$-1,$-1,$-3,$-0,$-4,$40,$2,$-3
1,2018-03-31,61.8,$26.13,2.37,$53.18,1.16,$-3.41,0.0,$3.88,15.93,$0.27B,$0.10B,2.73,$0.00B,$0.26B,0.0,$0.53B,$0.23B,43.96%,$0.53B,$0.06B,10.94%,$0.53B,$0.06B,10.94%,$0.53B,$0.07B,13.21%,$0.53B,$0.06B,12.08%,$0.53B,$0.04B,7.55%,$0.04B,$0.26B,16.23%,$0.04B,$0.24B,18.04%,$0.04B,$0.38B,11.05%,$0.06B,$0.26B,23.53%,$166,$92,$74,$5,$43,$140,$26,$3,$29,$8,$22,$22,$22,$29,$26,$10,10,$2.17,$2.16,$51,$95,$2,$272,$54,$0,$24,$18,$112,$384,$100,$0,$17,$23,$123,$1,$187,$3,$261,$384,$22,$6,$-1,$6,$-77,$-15,$0,$2,$-75,$-47,$-10,$0,$0,$47,$0,$47,$0,$37,$0,$0,$0,$-1,$-1,$-2,$-0,$-3,$-13,$1,$-2
2,2017-12-31,61.79,$24.21,2.55,$51.70,1.2,$-2.89,0.0,$3.12,19.8,$0.25B,$0.09B,2.86,$0.00B,$0.24B,0.0,$0.51B,$0.22B,43.58%,$0.51B,$0.05B,10.12%,$0.51B,$0.05B,10.12%,$0.51B,$0.07B,12.65%,$0.51B,$0.06B,11.09%,$0.51B,$0.03B,6.23%,$0.03B,$0.24B,13.53%,$0.03B,$0.22B,15.13%,$0.03B,$0.36B,9.10%,$0.05B,$0.24B,21.87%,$117,$68,$49,$5,$37,$110,$7,$1,$8,$8,$0,$0,$0,$10,$7,$10,10,$0.02,$0.02,$78,$91,$3,$245,$52,$0,$24,$18,$111,$355,$86,$0,$17,$28,$113,$1,$166,$5,$242,$355,$0,$3,$7,$10,$-25,$-12,$0,$1,$-34,$-24,$-6,$0,$0,$41,$0,$41,$0,$35,$0,$0,$0,$-1,$-1,$-1,$-0,$-2,$9,$1,$-1
3,2017-09-30,72.91,$24.31,3.0,$49.49,1.47,$-3.60,0.0,$3.50,20.83,$0.24B,$0.08B,2.87,$0.00B,$0.24B,0.0,$0.49B,$0.21B,43.18%,$0.49B,$0.05B,9.16%,$0.49B,$0.05B,9.16%,$0.49B,$0.06B,12.02%,$0.49B,$0.05B,9.98%,$0.49B,$0.04B,7.33%,$0.04B,$0.24B,15.81%,$0.04B,$0.22B,17.76%,$0.04B,$0.35B,10.53%,$0.05B,$0.24B,19.38%,$92,$53,$39,$5,$34,$92,$-0,$1,$1,$0,$1,$1,$1,$3,$-0,$10,10,$0.07,$0.05,$110,$79,$4,$241,$49,$0,$25,$17,$113,$354,$84,$0,$16,$27,$111,$1,$167,$5,$243,$354,$35,$13,$1,$15,$-5,$-11,$0,$-2,$-3,$46,$-11,$0,$0,$-47,$0,$-47,$0,$-58,$-7,$0,$-7,$-1,$-1,$-4,$0,$-12,$-23,$2,$-4
4,2017-06-30,47.88,$24.00,1.99,$47.85,1.0,$-3.89,0.0,$3.23,14.82,$0.24B,$0.09B,2.81,$0.00B,$0.24B,0.0,$0.47B,$0.20B,42.62%,$0.47B,$0.04B,8.44%,$0.47B,$0.04B,8.44%,$0.47B,$0.05B,11.39%,$0.47B,$0.04B,9.28%,$0.47B,$0.03B,6.96%,$0.03B,$0.24B,15.09%,$0.03B,$0.22B,17.03%,$0.03B,$0.36B,9.98%,$0.04B,$0.24B,17.76%,$155,$85,$71,$5,$41,$131,$25,$1,$26,$9,$17,$17,$17,$28,$25,$10,10,$1.67,$1.67,$94,$68,$2,$244,$48,$0,$25,$16,$111,$355,$87,$0,$16,$28,$115,$1,$167,$2,$240,$355,$35,$10,$-3,$7,$-38,$0,$0,$2,$-15,$26,$-8,$0,$0,$-40,$0,$-40,$0,$-48,$-7,$0,$-7,$-1,$-1,$-3,$0,$-11,$-34,$1,$-3
5,2017-03-31,36.16,$22.14,1.63,$46.33,0.78,$-3.84,0.0,$2.26,16.0,$0.23B,$0.09B,2.66,$0.01B,$0.22B,0.02,$0.46B,$0.19B,41.48%,$0.46B,$0.03B,6.33%,$0.46B,$0.03B,6.33%,$0.46B,$0.04B,9.39%,$0.46B,$0.03B,6.99%,$0.46B,$0.02B,5.02%,$0.02B,$0.22B,10.85%,$0.02B,$0.20B,12.32%,$0.02B,$0.34B,7.11%,$0.03B,$0.23B,13.17%,$150,$85,$65,$5,$40,$129,$20,$1,$22,$8,$14,$14,$14,$24,$20,$10,10,$1.41,$1.41,$29,$75,$4,$231,$48,$0,$25,$16,$112,$342,$87,$5,$16,$34,$121,$1,$152,$-0,$221,$342,$18,$7,$-3,$3,$-81,$-7,$0,$1,$-68,$-46,$-5,$0,$0,$0,$0,$0,$0,$-5,$-2,$0,$-2,$-1,$-1,$-2,$0,$-5,$-58,$1,$-2
6,2016-12-31,39.22,$20.71,1.89,$44.85,0.87,$-2.83,0.0,$1.80,21.79,$0.21B,$0.07B,3.0,$0.01B,$0.21B,0.06,$0.44B,$0.18B,40.72%,$0.44B,$0.02B,5.43%,$0.44B,$0.02B,5.43%,$0.44B,$0.04B,8.37%,$0.44B,$0.03B,5.66%,$0.44B,$0.02B,4.07%,$0.02B,$0.21B,8.63%,$0.02B,$0.18B,9.90%,$0.02B,$0.32B,5.51%,$0.02B,$0.22B,10.68%,$94,$57,$37,$5,$31,$93,$0,$-1,$-0,$-4,$4,$4,$4,$4,$0,$10,10,$0.41,$0.41,$52,$76,$5,$205,$49,$0,$25,$15,$111,$316,$68,$13,$15,$41,$110,$1,$139,$-1,$207,$316,$4,$3,$-4,$-0,$-31,$-9,$0,$0,$-38,$-34,$-3,$0,$0,$0,$0,$0,$0,$-3,$-7,$13,$6,$-1,$-1,$-1,$0,$4,$-35,$1,$-1
7,2016-09-30,35.85,$20.77,1.73,$43.90,0.82,$-2.70,0.0,$1.35,26.55,$0.20B,$0.07B,2.99,$0.01B,$0.21B,0.03,$0.43B,$0.18B,40.65%,$0.43B,$0.02B,5.31%,$0.43B,$0.02B,5.31%,$0.43B,$0.04B,8.08%,$0.43B,$0.02B,5.54%,$0.43B,$0.01B,3.00%,$0.01B,$0.21B,6.33%,$0.01B,$0.18B,7.33%,$0.01B,$0.31B,3.96%,$0.02B,$0.22B,10.17%,$75,$46,$29,$5,$29,$80,$-5,$1,$-4,$-2,$-2,$-2,$-2,$-2,$-5,$10,10,$-0.22,$-0.22,$87,$68,$5,$202,$49,$0,$26,$15,$108,$310,$68,$7,$14,$35,$103,$1,$135,$2,$207,$310,$14,$12,$10,$21,$3,$9,$0,$-1,$9,$43,$-12,$0,$-9,$0,$0,$0,$0,$-21,$-0,$0,$-0,$-1,$-1,$-3,$0,$-5,$18,$2,$-3
8,2016-06-30,25.26,$21.25,1.19,$45.11,0.56,$-5.14,0.0,$1.68,15.03,$0.22B,$0.08B,2.72,$0.01B,$0.21B,0.03,$0.44B,$0.18B,40.77%,$0.44B,$0.03B,6.53%,$0.44B,$0.03B,6.53%,$0.44B,$0.04B,9.23%,$0.44B,$0.03B,6.31%,$0.44B,$0.02B,3.60%,$0.02B,$0.21B,7.87%,$0.02B,$0.19B,9.16%,$0.02B,$0.33B,4.92%,$0.03B,$0.22B,12.96%,$139,$80,$59,$5,$34,$126,$14,$0,$14,$7,$7,$7,$7,$17,$14,$10,10,$0.69,$0.69,$76,$71,$4,$221,$49,$0,$26,$14,$105,$326,$81,$7,$14,$32,$113,$1,$138,$4,$213,$326,$16,$9,$8,$17,$-25,$9,$0,$-0,$-5,$27,$-9,$0,$-9,$0,$0,$0,$0,$-18,$-0,$0,$-0,$-0,$-0,$-2,$0,$-3,$6,$1,$-2
9,2016-03-31,21.76,$20.68,1.05,$45.45,0.48,$-7.89,0.0,$2.00,10.88,$0.25B,$0.09B,2.88,$0.04B,$0.21B,0.18,$0.45B,$0.18B,40.58%,$0.45B,$0.03B,6.95%,$0.45B,$0.03B,6.95%,$0.45B,$0.04B,9.64%,$0.45B,$0.03B,6.73%,$0.45B,$0.02B,4.26%,$0.02B,$0.21B,9.51%,$0.02B,$0.18B,11.11%,$0.02B,$0.36B,5.88%,$0.03B,$0.24B,14.07%,$134,$79,$55,$4,$36,$119,$15,$-0,$15,$5,$9,$9,$9,$18,$15,$10,10,$0.95,$0.95,$51,$90,$5,$248,$46,$0,$31,$13,$107,$355,$86,$37,$13,$61,$148,$1,$132,$5,$207,$355,$9,$6,$1,$6,$-57,$-9,$0,$-0,$-50,$-35,$-6,$0,$-5,$0,$0,$0,$0,$-11,$-0,$30,$30,$-0,$-0,$-2,$0,$28,$-18,$1,$-2
10,2015-12-31,21.35,$19.48,1.1,$45.51,0.47,$-10.09,0.0,$1.43,14.93,$0.22B,$0.07B,3.06,$0.03B,$0.20B,0.16,$0.45B,$0.18B,40.00%,$0.45B,$0.02B,5.39%,$0.45B,$0.02B,5.39%,$0.45B,$0.04B,8.09%,$0.45B,$0.02B,4.94%,$0.45B,$0.01B,3.15%,$0.01B,$0.20B,7.18%,$0.01B,$0.16B,8.36%,$0.01B,$0.32B,4.37%,$0.02B,$0.23B,10.91%,$85,$52,$33,$4,$30,$86,$-1,$0,$-1,$0,$-1,$-1,$-1,$2,$-1,$10,10,$-0.05,$-0.05,$49,$94,$5,$215,$45,$0,$31,$14,$107,$321,$70,$31,$14,$56,$126,$1,$124,$2,$195,$321,$-1,$3,$-0,$3,$-21,$-14,$0,$-1,$-36,$-34,$-3,$0,$-5,$0,$0,$0,$0,$-8,$24,$0,$24,$-0,$-0,$-1,$0,$23,$-20,$1,$-1
11,2015-09-30,20.51,$19.83,1.03,$44.05,0.47,$-9.87,0.0,$1.06,19.35,$0.20B,$0.07B,2.86,$0.01B,$0.20B,0.04,$0.43B,$0.17B,39.91%,$0.43B,$0.02B,4.18%,$0.43B,$0.02B,4.18%,$0.43B,$0.03B,6.96%,$0.43B,$0.02B,3.71%,$0.43B,$0.01B,2.55%,$0.01B,$0.20B,5.68%,$0.01B,$0.17B,6.58%,$0.01B,$0.30B,3.48%,$0.02B,$0.21B,8.22%,$86,$52,$34,$4,$29,$85,$1,$-1,$-0,$-1,$1,$1,$1,$4,$1,$10,10,$0.12,$0.11,$69,$80,$5,$199,$45,$0,$26,$13,$100,$299,$70,$7,$13,$32,$101,$1,$125,$4,$198,$299,$11,$12,$3,$15,$-3,$-18,$0,$2,$-8,$18,$-10,$0,$0,$0,$0,$0,$0,$-10,$-0,$0,$-0,$-1,$-1,$-3,$0,$-4,$-2,$2,$-3
12,2015-06-30,22.82,$19.87,1.15,$44.06,0.52,$-8.44,0.0,$0.86,26.53,$0.22B,$0.09B,2.55,$0.01B,$0.20B,0.04,$0.43B,$0.17B,40.00%,$0.43B,$0.02B,3.72%,$0.43B,$0.02B,3.72%,$0.43B,$0.03B,6.51%,$0.43B,$0.02B,3.49%,$0.43B,$0.01B,2.09%,$0.01B,$0.20B,4.65%,$0.01B,$0.17B,5.38%,$0.01B,$0.32B,2.87%,$0.02B,$0.21B,7.30%,$141,$82,$59,$4,$38,$124,$16,$-0,$16,$6,$10,$10,$10,$19,$16,$10,10,$1.03,$1.03,$54,$78,$4,$216,$44,$0,$26,$14,$102,$318,$85,$7,$14,$34,$119,$1,$125,$5,$199,$318,$9,$9,$1,$10,$-37,$-14,$0,$4,$-21,$-2,$-7,$0,$0,$0,$0,$0,$0,$-7,$-0,$0,$-0,$-1,$-1,$-2,$0,$-3,$-17,$1,$-2
13,2015-03-31,32.01,$18.80,1.7,$43.79,0.73,$-7.72,0.0,$0.26,123.11,$0.25B,$0.08B,3.21,$0.06B,$0.19B,0.29,$0.43B,$0.17B,39.67%,$0.43B,$0.01B,2.11%,$0.43B,$0.01B,2.11%,$0.43B,$0.02B,4.93%,$0.43B,$0.01B,2.11%,$0.43B,$0.00B,0.94%,$0.00B,$0.19B,2.04%,$0.00B,$0.16B,2.36%,$0.00B,$0.34B,1.28%,$0.01B,$0.24B,4.06%,$133,$81,$52,$4,$40,$125,$8,$-1,$7,$3,$4,$4,$4,$11,$8,$10,10,$0.37,$0.37,$49,$80,$6,$245,$45,$0,$26,$14,$98,$343,$76,$55,$14,$78,$155,$1,$116,$4,$188,$343,$-1,$6,$1,$7,$-68,$-16,$0,$2,$-64,$-58,$-4,$0,$0,$0,$0,$0,$0,$-4,$-0,$48,$48,$-1,$-1,$-1,$0,$46,$-22,$1,$-1
14,2014-12-31,30.09,$18.94,1.59,$42.98,0.7,$-6.25,0.0,$0.57,52.78,$0.21B,$0.06B,3.4,$0.03B,$0.19B,0.17,$0.42B,$0.17B,39.81%,$0.42B,$0.01B,3.12%,$0.42B,$0.01B,3.12%,$0.42B,$0.02B,5.76%,$0.42B,$0.01B,3.12%,$0.42B,$0.01B,1.68%,$0.01B,$0.19B,3.52%,$0.01B,$0.16B,4.12%,$0.01B,$0.31B,2.23%,$0.01B,$0.22B,5.82%,$71,$43,$27,$4,$30,$78,$-7,$0,$-7,$-3,$-4,$-4,$-4,$-4,$-7,$10,10,$-0.43,$-0.42,$58,$82,$11,$208,$45,$0,$27,$13,$98,$306,$61,$32,$13,$55,$116,$1,$113,$9,$189,$306,$-4,$3,$1,$4,$-13,$-17,$0,$-3,$-32,$-32,$-2,$0,$0,$0,$0,$0,$0,$-2,$-0,$25,$25,$-1,$-1,$-1,$0,$23,$-13,$0,$-1
15,2014-09-30,24.9,$19.88,1.25,$43.85,0.57,$-6.75,0.0,$0.77,32.34,$0.20B,$0.06B,3.28,$0.01B,$0.20B,0.04,$0.43B,$0.17B,39.76%,$0.43B,$0.02B,4.00%,$0.43B,$0.02B,4.00%,$0.43B,$0.03B,6.59%,$0.43B,$0.02B,4.00%,$0.43B,$0.01B,2.12%,$0.01B,$0.20B,4.49%,$0.01B,$0.17B,5.33%,$0.01B,$0.29B,2.86%,$0.02B,$0.21B,7.52%,$85,$51,$34,$5,$31,$86,$-1,$0,$-1,$-0,$-1,$-1,$-1,$2,$-1,$10,10,$-0.08,$-0.09,$71,$66,$8,$198,$46,$0,$27,$13,$91,$289,$60,$7,$14,$30,$90,$1,$118,$13,$198,$289,$9,$11,$14,$25,$-1,$8,$0,$-4,$-1,$33,$-12,$0,$0,$0,$0,$0,$0,$-12,$-1,$0,$-1,$0,$0,$-3,$-0,$-3,$15,$2,$-3
16,2014-06-30,24.73,$20.82,1.19,$43.16,0.57,$-7.53,0.0,$0.50,49.47,$0.22B,$0.07B,2.99,$0.01B,$0.21B,0.04,$0.42B,$0.16B,39.33%,$0.42B,$0.01B,3.12%,$0.42B,$0.01B,3.12%,$0.42B,$0.02B,5.76%,$0.42B,$0.01B,3.12%,$0.42B,$0.01B,1.44%,$0.01B,$0.21B,3.00%,$0.01B,$0.18B,3.61%,$0.01B,$0.31B,1.91%,$0.01B,$0.22B,5.76%,$137,$81,$56,$4,$34,$128,$9,$1,$10,$5,$5,$5,$5,$12,$9,$10,10,$0.49,$0.49,$52,$71,$5,$216,$46,$0,$27,$13,$93,$309,$72,$8,$14,$29,$101,$1,$119,$22,$208,$309,$10,$8,$12,$20,$-36,$5,$0,$-1,$-23,$7,$-8,$0,$0,$0,$0,$0,$0,$-8,$-0,$0,$-0,$-0,$-0,$-2,$-0,$-3,$-4,$1,$-2
17,2014-03-31,24.29,$20.23,1.2,$42.54,0.57,$-8.25,0.0,$1.47,16.52,$0.25B,$0.08B,3.22,$0.05B,$0.20B,0.25,$0.41B,$0.16B,39.51%,$0.41B,$0.02B,4.88%,$0.41B,$0.02B,4.88%,$0.41B,$0.03B,7.56%,$0.41B,$0.02B,4.63%,$0.41B,$0.02B,3.66%,$0.02B,$0.20B,7.61%,$0.02B,$0.17B,9.32%,$0.02B,$0.35B,4.77%,$0.02B,$0.25B,8.98%,$124,$75,$49,$4,$33,$113,$12,$-0,$11,$4,$7,$7,$7,$14,$12,$10,10,$0.77,$0.77,$49,$85,$6,$247,$45,$0,$36,$12,$101,$349,$77,$50,$14,$70,$147,$0,$115,$20,$201,$349,$5,$5,$0,$5,$-55,$-9,$0,$-2,$-53,$-42,$-5,$0,$0,$0,$0,$0,$0,$-5,$-0,$42,$42,$-1,$-1,$-1,$-0,$40,$-7,$1,$-1
18,2013-12-31,25.68,$19.50,1.32,$43.50,0.59,$-8.86,0.0,$1.70,15.11,$0.21B,$0.06B,3.5,$0.04B,$0.19B,0.2,$0.42B,$0.17B,39.95%,$0.42B,$0.02B,5.02%,$0.42B,$0.02B,5.02%,$0.42B,$0.03B,7.66%,$0.42B,$0.02B,5.02%,$0.42B,$0.02B,4.07%,$0.02B,$0.19B,8.87%,$0.02B,$0.16B,10.90%,$0.02B,$0.31B,5.41%,$0.02B,$0.23B,10.14%,$79,$49,$30,$4,$29,$82,$-3,$-0,$-3,$-1,$-2,$-2,$-2,$-0,$-3,$10,10,$-0.23,$-0.22,$46,$88,$6,$211,$44,$0,$36,$13,$102,$313,$60,$38,$13,$58,$119,$0,$108,$20,$194,$313,$-2,$2,$-0,$2,$-19,$-11,$0,$-1,$-35,$-35,$-3,$0,$0,$0,$0,$0,$0,$-3,$-0,$30,$30,$-1,$-1,$-1,$-0,$29,$-10,$0,$-1
19,2013-09-30,25.49,$19.89,1.28,$44.79,0.57,$-7.69,0.0,$1.94,13.14,$0.19B,$0.06B,2.98,$0.01B,$0.20B,0.04,$0.43B,$0.17B,40.14%,$0.43B,$0.03B,6.10%,$0.43B,$0.03B,6.10%,$0.43B,$0.04B,8.45%,$0.43B,$0.03B,5.87%,$0.43B,$0.02B,4.46%,$0.02B,$0.20B,10.17%,$0.02B,$0.16B,12.56%,$0.02B,$0.29B,6.09%,$0.03B,$0.21B,13.35%,$77,$49,$29,$4,$30,$82,$-5,$0,$-5,$-1,$-4,$-4,$-4,$-2,$-5,$10,10,$-0.37,$-0.37,$56,$76,$5,$189,$43,$0,$36,$12,$100,$288,$63,$8,$12,$27,$91,$0,$112,$19,$198,$288,$19,$10,$5,$15,$-3,$-8,$0,$3,$-5,$30,$-16,$0,$-15,$0,$0,$0,$0,$-32,$-1,$0,$-1,$-0,$-0,$0,$-0,$-1,$-3,$1,$0
20,2013-06-30,23.66,$19.59,1.21,$44.65,0.53,$-6.89,0.0,$1.97,12.01,$0.20B,$0.08B,2.65,$0.01B,$0.20B,0.04,$0.42B,$0.17B,40.09%,$0.42B,$0.03B,6.60%,$0.42B,$0.03B,6.60%,$0.42B,$0.04B,8.96%,$0.42B,$0.03B,6.13%,$0.42B,$0.02B,4.72%,$0.02B,$0.20B,11.07%,$0.02B,$0.16B,13.38%,$0.02B,$0.31B,6.54%,$0.03B,$0.20B,14.81%,$130,$75,$54,$4,$34,$114,$16,$-1,$16,$2,$14,$14,$14,$19,$16,$10,10,$1.43,$1.43,$42,$75,$6,$204,$41,$0,$35,$11,$103,$307,$77,$8,$11,$35,$112,$0,$116,$14,$195,$307,$23,$8,$4,$11,$-35,$-6,$0,$2,$-32,$2,$-11,$0,$-15,$0,$0,$0,$0,$-26,$-0,$9,$9,$-1,$-1,$0,$0,$8,$-17,$1,$0
21,2013-03-31,22.65,$18.17,1.25,$44.75,0.51,$-6.08,0.0,$1.51,15.0,$0.25B,$0.13B,1.87,$0.01B,$0.18B,0.05,$0.42B,$0.17B,40.19%,$0.42B,$0.03B,6.15%,$0.42B,$0.03B,6.15%,$0.42B,$0.04B,8.75%,$0.42B,$0.02B,5.67%,$0.42B,$0.02B,3.55%,$0.02B,$0.18B,8.55%,$0.02B,$0.15B,10.10%,$0.02B,$0.35B,5.03%,$0.03B,$0.19B,14.15%,$132,$78,$54,$4,$37,$119,$13,$0,$13,$4,$9,$9,$9,$15,$13,$10,10,$0.94,$0.94,$40,$85,$6,$248,$38,$0,$35,$11,$100,$349,$133,$8,$11,$36,$168,$0,$102,$14,$180,$349,$9,$5,$1,$7,$-68,$-16,$0,$1,$-62,$-47,$-6,$0,$-15,$0,$0,$0,$0,$-22,$-0,$52,$52,$-1,$-1,$0,$0,$51,$-19,$1,$0
22,2012-12-31,18.93,$17.57,1.08,$44.63,0.42,$-5.96,0.0,$1.35,14.02,$0.21B,$0.09B,2.17,$0.01B,$0.17B,0.05,$0.42B,$0.17B,39.76%,$0.42B,$0.03B,6.43%,$0.42B,$0.03B,6.43%,$0.42B,$0.04B,9.29%,$0.42B,$0.02B,5.71%,$0.42B,$0.01B,3.10%,$0.01B,$0.17B,7.54%,$0.01B,$0.14B,8.70%,$0.01B,$0.30B,4.50%,$0.03B,$0.18B,14.92%,$87,$53,$34,$4,$29,$86,$2,$-1,$1,$0,$0,$0,$0,$4,$2,$9,9,$0.03,$0.03,$48,$77,$8,$205,$38,$0,$36,$11,$99,$304,$94,$8,$11,$35,$130,$0,$93,$17,$174,$304,$0,$3,$0,$3,$-21,$-8,$0,$-1,$-26,$-23,$-3,$0,$-15,$0,$0,$0,$0,$-18,$-0,$31,$31,$-1,$-1,$0,$0,$30,$-11,$0,$0
23,2012-09-30,20.33,$17.55,1.16,$43.56,0.47,$-6.57,0.0,$1.03,19.73,$0.18B,$0.06B,3.1,$0.01B,$0.17B,0.05,$0.41B,$0.16B,39.71%,$0.41B,$0.02B,5.08%,$0.41B,$0.02B,5.08%,$0.41B,$0.03B,8.23%,$0.41B,$0.02B,4.84%,$0.41B,$0.01B,2.42%,$0.01B,$0.17B,5.93%,$0.01B,$0.16B,6.69%,$0.01B,$0.26B,3.56%,$0.02B,$0.18B,11.81%,$75,$46,$28,$4,$28,$78,$-3,$-1,$-4,$-1,$-3,$-3,$-3,$-0,$-3,$9,9,$-0.34,$-0.36,$59,$67,$8,$183,$37,$0,$19,$10,$81,$264,$59,$8,$10,$31,$90,$0,$93,$16,$174,$264,$10,$13,$13,$26,$5,$-2,$0,$-4,$-4,$32,$-11,$0,$0,$0,$0,$0,$0,$-11,$-6,$0,$-6,$1,$1,$0,$0,$-5,$14,$2,$0
24,2012-06-30,19.58,$17.55,1.12,$43.92,0.45,$-6.48,0.0,$3.13,6.25,$0.20B,$0.07B,2.68,$0.01B,$0.17B,0.05,$0.42B,$0.17B,39.76%,$0.42B,$0.02B,4.82%,$0.42B,$0.02B,4.82%,$0.42B,$0.03B,7.95%,$0.42B,$0.02B,4.58%,$0.42B,$0.03B,7.23%,$0.03B,$0.17B,18.07%,$0.03B,$0.16B,20.48%,$0.03B,$0.28B,10.73%,$0.02B,$0.18B,11.36%,$129,$74,$54,$4,$36,$114,$14,$-0,$14,$5,$9,$9,$9,$18,$14,$9,9,$0.96,$0.96,$39,$67,$4,$197,$36,$0,$19,$9,$78,$275,$73,$8,$10,$28,$101,$0,$96,$14,$174,$275,$13,$10,$6,$16,$-31,$0,$0,$0,$-22,$7,$-8,$0,$0,$0,$0,$0,$0,$-8,$-6,$3,$-2,$0,$0,$0,$0,$-2,$-6,$1,$0
25,2012-03-31,18.15,$17.04,1.07,$43.41,0.42,$-7.16,0.0,$3.05,5.95,$0.23B,$0.12B,2.03,$0.01B,$0.17B,0.05,$0.41B,$0.16B,39.71%,$0.41B,$0.02B,4.41%,$0.41B,$0.02B,4.41%,$0.41B,$0.03B,7.35%,$0.41B,$0.01B,3.43%,$0.41B,$0.03B,7.11%,$0.03B,$0.17B,18.07%,$0.03B,$0.15B,20.57%,$0.03B,$0.31B,10.54%,$0.02B,$0.18B,10.48%,$129,$78,$51,$4,$36,$115,$14,$-1,$13,$6,$7,$7,$7,$17,$14,$9,9,$0.78,$0.78,$30,$79,$4,$234,$35,$0,$20,$9,$79,$313,$115,$9,$10,$29,$144,$0,$87,$18,$168,$313,$4,$6,$1,$7,$-64,$-11,$0,$2,$-58,$-47,$-4,$0,$0,$0,$0,$0,$0,$-4,$-3,$40,$36,$0,$0,$0,$0,$37,$-15,$1,$0
26,2011-12-31,14.59,$16.04,0.91,$43.56,0.33,$-7.74,0.0,$3.18,4.59,$0.19B,$0.08B,2.31,$0.01B,$0.16B,0.07,$0.41B,$0.16B,40.20%,$0.41B,$0.02B,3.68%,$0.41B,$0.02B,3.68%,$0.41B,$0.03B,6.62%,$0.41B,$0.01B,2.70%,$0.41B,$0.03B,7.35%,$0.03B,$0.16B,19.58%,$0.03B,$0.14B,22.43%,$0.03B,$0.27B,11.04%,$0.02B,$0.17B,9.04%,$80,$49,$31,$4,$31,$84,$-4,$1,$-3,$-0,$-3,$-3,$-3,$-1,$-4,$9,10,$-0.32,$-0.30,$29,$79,$5,$188,$35,$0,$20,$9,$82,$271,$82,$11,$9,$31,$112,$0,$80,$16,$158,$271,$-3,$3,$0,$3,$-19,$-11,$0,$0,$-32,$-32,$-1,$0,$0,$0,$0,$0,$0,$-1,$-3,$22,$19,$0,$0,$0,$0,$19,$-15,$0,$0
27,2011-09-30,14.62,$16.71,0.87,$43.58,0.34,$-6.97,0.0,$3.35,4.36,$0.18B,$0.07B,2.72,$0.01B,$0.16B,0.07,$0.41B,$0.16B,40.29%,$0.41B,$0.02B,4.42%,$0.41B,$0.02B,4.42%,$0.41B,$0.03B,7.13%,$0.41B,$0.01B,2.95%,$0.41B,$0.03B,7.86%,$0.03B,$0.16B,21.99%,$0.03B,$0.14B,25.45%,$0.03B,$0.26B,11.99%,$0.02B,$0.18B,11.34%,$77,$48,$29,$4,$29,$82,$-4,$-1,$-5,$-22,$17,$17,$17,$-1,$-4,$9,9,$1.85,$1.87,$45,$68,$7,$176,$35,$0,$20,$8,$83,$259,$65,$11,$9,$31,$96,$0,$83,$19,$164,$259,$33,$12,$-17,$-5,$-1,$1,$0,$0,$3,$31,$-9,$0,$-4,$0,$0,$0,$0,$-13,$-1,$-8,$-9,$0,$0,$0,$-0,$-9,$11,$1,$0
28,2011-06-30,16.27,$15.56,1.05,$43.35,0.38,$-8.17,0.0,$0.95,17.12,$0.19B,$0.08B,2.58,$0.01B,$0.15B,0.08,$0.41B,$0.17B,40.74%,$0.41B,$0.02B,4.69%,$0.41B,$0.02B,4.69%,$0.41B,$0.03B,7.41%,$0.41B,$0.01B,2.96%,$0.41B,$0.01B,2.22%,$0.01B,$0.15B,6.62%,$0.01B,$0.13B,7.71%,$0.01B,$0.26B,3.47%,$0.02B,$0.17B,12.65%,$122,$72,$51,$4,$35,$111,$12,$-3,$9,$1,$8,$8,$8,$15,$12,$9,9,$0.88,$0.87,$30,$74,$5,$193,$33,$0,$20,$9,$65,$258,$75,$13,$10,$31,$106,$0,$65,$25,$152,$258,$15,$9,$0,$9,$-33,$0,$0,$1,$-26,$-1,$-6,$0,$0,$0,$0,$0,$0,$-6,$-1,$0,$-1,$0,$0,$0,$-0,$-1,$-3,$1,$0
29,2011-03-31,14.43,$14.28,1.01,$43.51,0.33,$-7.65,0.0,$1.21,11.93,$0.23B,$0.13B,1.83,$0.02B,$0.14B,0.11,$0.41B,$0.17B,40.54%,$0.41B,$0.02B,4.91%,$0.41B,$0.02B,4.91%,$0.41B,$0.03B,7.62%,$0.41B,$0.01B,3.44%,$0.41B,$0.01B,2.70%,$0.01B,$0.14B,8.53%,$0.01B,$0.12B,10.02%,$0.01B,$0.30B,4.33%,$0.02B,$0.15B,13.89%,$129,$76,$53,$4,$38,$117,$11,$-1,$10,$2,$8,$8,$8,$14,$11,$9,9,$0.92,$0.91,$29,$85,$5,$232,$33,$0,$19,$11,$67,$299,$127,$15,$10,$33,$160,$0,$57,$21,$139,$299,$7,$6,$1,$6,$-65,$-12,$0,$1,$-65,$-52,$-4,$0,$0,$0,$0,$0,$0,$-4,$-0,$49,$49,$0,$0,$0,$-0,$49,$-5,$1,$0
30,2010-12-31,11.9,$13.01,0.91,$41.83,0.28,$-7.05,0.0,$0.98,12.14,$0.19B,$0.09B,2.01,$0.02B,$0.13B,0.12,$0.39B,$0.16B,40.15%,$0.39B,$0.02B,4.35%,$0.39B,$0.02B,4.35%,$0.39B,$0.03B,7.16%,$0.39B,$0.01B,2.56%,$0.39B,$0.01B,2.30%,$0.01B,$0.13B,7.30%,$0.01B,$0.11B,8.65%,$0.01B,$0.25B,3.65%,$0.02B,$0.14B,12.27%,$79,$48,$31,$4,$28,$80,$-1,$-1,$-2,$-1,$-1,$-1,$-1,$1,$-1,$9,10,$-0.13,$-0.13,$33,$84,$6,$185,$33,$0,$19,$10,$67,$252,$92,$15,$10,$34,$126,$0,$49,$17,$127,$252,$-1,$3,$-0,$2,$-14,$-12,$0,$0,$-24,$-23,$-2,$0,$0,$0,$0,$0,$0,$-2,$-0,$23,$23,$0,$0,$0,$-0,$23,$-0,$0,$0
31,2010-09-30,12.18,$13.19,0.92,$41.15,0.3,$-6.34,0.0,$0.66,18.46,$0.16B,$0.07B,2.39,$0.02B,$0.13B,0.12,$0.38B,$0.15B,39.79%,$0.38B,$0.01B,3.66%,$0.38B,$0.01B,3.66%,$0.38B,$0.03B,7.07%,$0.38B,$0.01B,2.09%,$0.38B,$0.01B,1.57%,$0.01B,$0.13B,5.02%,$0.01B,$0.11B,6.00%,$0.01B,$0.23B,2.51%,$0.01B,$0.14B,10.35%,$75,$45,$30,$4,$30,$78,$-3,$-1,$-5,$1,$-6,$-6,$-6,$-0,$-3,$9,9,$-0.63,$-0.63,$33,$72,$6,$160,$34,$0,$19,$10,$67,$227,$67,$15,$9,$33,$100,$0,$50,$16,$126,$227,$7,$12,$4,$16,$-5,$-13,$0,$2,$-3,$20,$-9,$0,$0,$0,$0,$0,$0,$-9,$-1,$-7,$-8,$0,$0,$0,$-0,$-8,$5,$1,$0
32,2010-06-30,10.69,$12.97,0.82,$40.16,0.27,$-5.04,0.0,$-0.27,0.0,$0.17B,$0.08B,2.19,$0.02B,$0.12B,0.13,$0.37B,$0.14B,38.71%,$0.37B,$0.01B,1.61%,$0.37B,$0.01B,1.61%,$0.37B,$0.02B,5.91%,$0.37B,$-0.00B,-0.27%,$0.37B,$-0.00B,-0.54%,$-0.00B,$0.12B,-1.71%,$-0.00B,$0.11B,-2.06%,$-0.00B,$0.24B,-0.85%,$0.01B,$0.14B,4.51%,$124,$72,$51,$4,$35,$111,$13,$-2,$11,$1,$10,$10,$10,$16,$13,$9,9,$1.13,$1.12,$25,$62,$5,$171,$32,$0,$19,$9,$66,$237,$78,$16,$9,$35,$113,$0,$56,$8,$124,$237,$12,$9,$-0,$8,$-35,$-4,$0,$3,$-18,$3,$-5,$0,$0,$0,$0,$0,$0,$-5,$-0,$1,$0,$0,$0,$0,$-0,$1,$-2,$1,$0
33,2010-03-31,10.79,$12.15,0.89,$39.33,0.27,$-4.57,0.0,$-0.38,0.0,$0.20B,$0.12B,1.72,$0.02B,$0.12B,0.14,$0.36B,$0.14B,38.29%,$0.36B,$0.00B,1.10%,$0.36B,$0.00B,1.10%,$0.36B,$0.02B,5.23%,$0.36B,$-0.00B,-1.10%,$0.36B,$-0.00B,-0.83%,$-0.00B,$0.12B,-2.54%,$-0.00B,$0.10B,-3.08%,$-0.00B,$0.27B,-1.25%,$0.00B,$0.13B,2.75%,$113,$68,$45,$3,$34,$105,$8,$-2,$6,$0,$6,$6,$6,$11,$8,$9,9,$0.67,$0.67,$21,$69,$5,$202,$32,$0,$20,$10,$68,$269,$117,$16,$9,$36,$153,$0,$45,$11,$116,$269,$2,$6,$-1,$5,$-62,$-9,$0,$3,$-54,$-46,$-3,$0,$0,$0,$0,$0,$0,$-3,$-0,$42,$42,$0,$0,$0,$-0,$42,$-7,$0,$0
34,2009-12-31,9.28,$11.72,0.79,$38.77,0.24,$-2.25,0.0,$-0.75,0.0,$0.16B,$0.08B,2.03,$0.02B,$0.11B,0.14,$0.36B,$0.13B,37.54%,$0.36B,$0.00B,0.56%,$0.36B,$0.00B,0.56%,$0.36B,$0.02B,4.76%,$0.36B,$-0.01B,-1.96%,$0.36B,$-0.01B,-1.96%,$-0.01B,$0.11B,-5.98%,$-0.01B,$0.09B,-7.29%,$-0.01B,$0.23B,-2.94%,$0.00B,$0.13B,1.29%,$70,$44,$26,$3,$27,$74,$-4,$-0,$-4,$0,$-4,$-4,$-4,$-0,$-4,$9,9,$-0.46,$-0.45,$26,$66,$8,$157,$32,$0,$20,$10,$68,$225,$77,$16,$9,$36,$113,$0,$39,$13,$112,$225,$-4,$3,$-0,$3,$-12,$-5,$0,$1,$-15,$-16,$-2,$0,$0,$0,$0,$0,$0,$-2,$-0,$15,$15,$0,$0,$0,$-0,$15,$-2,$0,$0
35,2009-09-30,8.55,$12.48,0.69,$38.77,0.22,$-2.78,0.0,$-1.06,0.0,$0.14B,$0.06B,2.34,$0.02B,$0.12B,0.14,$0.36B,$0.13B,37.25%,$0.36B,$0.00B,0.28%,$0.36B,$0.00B,0.28%,$0.36B,$0.01B,3.92%,$0.36B,$-0.01B,-3.08%,$0.36B,$-0.01B,-2.80%,$-0.01B,$0.12B,-8.53%,$-0.01B,$0.10B,-10.39%,$-0.01B,$0.21B,-4.06%,$0.00B,$0.13B,0.60%,$65,$44,$22,$3,$30,$76,$-11,$-3,$-14,$0,$-14,$-14,$-14,$-5,$-11,$9,9,$-1.56,$-1.56,$28,$61,$8,$142,$33,$0,$21,$10,$68,$210,$61,$16,$8,$34,$94,$0,$44,$14,$116,$210,$-10,$14,$5,$19,$9,$23,$0,$-0,$22,$31,$-8,$0,$-1,$0,$0,$0,$-7,$-16,$-44,$15,$-29,$0,$0,$-1,$-3,$-33,$-14,$0,$-1
36,2009-06-30,5.24,$13.79,0.38,$40.64,0.13,$-5.95,0.0,$-7.69,0.0,$0.19B,$0.05B,3.62,$0.06B,$0.13B,0.48,$0.37B,$0.14B,37.17%,$0.37B,$-0.04B,-10.70%,$0.37B,$-0.04B,-10.70%,$0.37B,$-0.03B,-8.02%,$0.37B,$-0.05B,-13.37%,$0.37B,$-0.07B,-18.98%,$-0.07B,$0.13B,-59.79%,$-0.07B,$0.11B,-72.45%,$-0.07B,$0.25B,-27.57%,$-0.04B,$0.19B,-22.32%,$115,$69,$46,$3,$33,$104,$11,$-2,$8,$-1,$9,$9,$9,$13,$11,$9,9,$0.98,$0.98,$34,$62,$5,$187,$38,$0,$22,$5,$67,$254,$52,$61,$6,$74,$126,$0,$58,$12,$128,$254,$5,$8,$-2,$6,$-29,$24,$0,$1,$-7,$7,$-5,$0,$-1,$0,$0,$0,$-7,$-13,$-0,$0,$-0,$0,$0,$-1,$-1,$-2,$-8,$0,$-1
37,2009-03-31,4.8,$12.11,0.4,$43.42,0.11,$-10.60,0.0,$-7.83,0.0,$0.20B,$0.08B,2.6,$0.06B,$0.11B,0.54,$0.40B,$0.15B,37.25%,$0.40B,$-0.04B,-9.00%,$0.40B,$-0.04B,-9.00%,$0.40B,$-0.03B,-6.50%,$0.40B,$-0.05B,-11.25%,$0.40B,$-0.07B,-18.00%,$-0.07B,$0.11B,-51.34%,$-0.07B,$0.09B,-66.06%,$-0.07B,$0.26B,-25.20%,$-0.04B,$0.17B,-17.96%,$107,$67,$40,$3,$32,$101,$6,$-3,$3,$1,$2,$2,$2,$9,$6,$9,9,$0.27,$0.27,$14,$75,$5,$198,$38,$0,$21,$5,$65,$263,$76,$61,$6,$74,$151,$0,$49,$5,$112,$263,$-4,$5,$-1,$5,$-49,$10,$0,$-0,$-26,$-25,$-3,$0,$-1,$0,$0,$0,$-2,$-6,$-0,$5,$5,$0,$0,$-1,$-1,$3,$-28,$0,$-1
38,2008-12-31,5.29,$12.23,0.43,$44.95,0.12,$-16.48,0.0,$-8.05,0.0,$0.19B,$0.07B,2.93,$0.06B,$0.11B,0.53,$0.42B,$0.16B,37.59%,$0.42B,$-0.04B,-9.16%,$0.42B,$-0.04B,-9.16%,$0.42B,$-0.03B,-6.99%,$0.42B,$-0.05B,-11.33%,$0.42B,$-0.07B,-17.83%,$-0.07B,$0.11B,-45.12%,$-0.07B,$0.09B,-60.91%,$-0.07B,$0.26B,-22.91%,$-0.04B,$0.17B,-16.96%,$70,$45,$25,$3,$28,$75,$-5,$-3,$-8,$-1,$-7,$-7,$-7,$-3,$-5,$9,9,$-0.75,$-0.75,$32,$88,$7,$192,$39,$0,$21,$5,$67,$258,$66,$60,$12,$80,$145,$0,$46,$9,$113,$258,$-7,$2,$-1,$2,$-10,$-2,$0,$-2,$-16,$-20,$-2,$0,$0,$0,$0,$0,$0,$-2,$-0,$14,$13,$0,$0,$-1,$-1,$12,$-9,$0,$-1
39,2008-09-30,11.91,$13.26,0.9,$45.81,0.26,$-17.98,0.0,$-7.81,0.0,$0.19B,$0.06B,3.43,$0.06B,$0.12B,0.49,$0.42B,$0.16B,38.00%,$0.42B,$-0.04B,-9.03%,$0.42B,$-0.04B,-9.03%,$0.42B,$-0.03B,-6.65%,$0.42B,$-0.04B,-10.45%,$0.42B,$-0.07B,-17.10%,$-0.07B,$0.12B,-38.92%,$-0.07B,$0.10B,-54.34%,$-0.07B,$0.26B,-20.75%,$-0.04B,$0.18B,-16.52%,$82,$54,$28,$3,$35,$133,$-52,$-2,$-53,$20,$-74,$-74,$-75,$-49,$-52,$9,9,$-8.20,$-8.18,$42,$86,$6,$190,$39,$0,$21,$5,$65,$255,$55,$60,$10,$77,$133,$0,$53,$11,$122,$255,$-71,$10,$69,$79,$7,$-1,$0,$6,$-3,$5,$-12,$0,$-6,$0,$0,$0,$0,$-18,$39,$-22,$17,$0,$0,$-2,$-0,$15,$3,$1,$-2
40,2008-06-30,14.7,$23.21,0.63,$46.26,0.32,$-18.54,0.0,$0.53,27.73,$0.24B,$0.08B,3.06,$0.06B,$0.21B,0.28,$0.43B,$0.17B,39.44%,$0.43B,$0.02B,3.76%,$0.43B,$0.02B,3.76%,$0.43B,$0.03B,6.10%,$0.43B,$0.01B,2.58%,$0.43B,$0.00B,0.94%,$0.00B,$0.21B,1.96%,$0.00B,$0.15B,2.81%,$0.00B,$0.37B,1.10%,$0.02B,$0.27B,6.75%,$141,$85,$56,$3,$38,$127,$15,$-1,$13,$5,$8,$8,$8,$17,$15,$9,9,$0.86,$0.84,$22,$97,$9,$244,$38,$0,$64,$7,$124,$367,$80,$60,$14,$74,$153,$0,$128,$28,$214,$367,$4,$7,$-1,$6,$-41,$-1,$0,$1,$-42,$-33,$-8,$0,$-6,$0,$0,$0,$0,$-14,$49,$-22,$27,$0,$0,$-1,$0,$26,$-17,$1,$-1
41,2008-03-31,16.05,$22.44,0.72,$47.16,0.34,$-18.78,0.0,$0.58,27.67,$0.29B,$0.13B,2.24,$0.06B,$0.21B,0.29,$0.44B,$0.18B,40.46%,$0.44B,$0.02B,3.68%,$0.44B,$0.02B,3.68%,$0.44B,$0.03B,6.21%,$0.44B,$0.01B,2.76%,$0.44B,$0.00B,0.92%,$0.00B,$0.21B,2.01%,$0.00B,$0.14B,2.86%,$0.00B,$0.41B,1.11%,$0.02B,$0.27B,7.29%,$122,$75,$47,$3,$40,$118,$4,$-3,$1,$0,$1,$1,$0,$6,$4,$9,9,$0.05,$0.05,$28,$115,$10,$287,$38,$0,$65,$8,$125,$412,$128,$60,$13,$78,$205,$0,$121,$28,$207,$412,$-4,$5,$-5,$0,$-57,$-19,$0,$-0,$-74,$-77,$-5,$0,$-6,$0,$0,$0,$0,$-11,$49,$23,$72,$0,$0,$-1,$0,$72,$-12,$0,$-1
42,2007-12-31,21.07,$21.39,0.98,$47.28,0.45,$-17.48,0.0,$0.71,29.68,$0.24B,$0.14B,1.65,$0.00B,$0.20B,0.0,$0.44B,$0.18B,40.46%,$0.44B,$0.02B,3.91%,$0.44B,$0.02B,3.91%,$0.44B,$0.03B,6.44%,$0.44B,$0.01B,3.22%,$0.44B,$0.01B,1.38%,$0.01B,$0.20B,3.09%,$0.01B,$0.14B,4.34%,$0.01B,$0.35B,1.72%,$0.02B,$0.20B,8.44%,$76,$47,$29,$3,$31,$81,$-5,$-1,$-5,$-2,$-4,$-4,$-5,$-2,$-5,$9,9,$-0.52,$-0.52,$37,$107,$10,$236,$37,$0,$61,$7,$119,$354,$143,$0,$11,$15,$157,$0,$121,$18,$197,$354,$-5,$2,$-0,$2,$-8,$-13,$0,$-0,$-31,$-33,$-2,$0,$-6,$0,$0,$0,$0,$-8,$-11,$50,$39,$0,$0,$-0,$0,$39,$-2,$0,$-0
43,2007-09-30,20.23,$21.84,0.93,$46.84,0.43,$-17.30,0.0,$1.00,20.23,$0.21B,$0.10B,2.07,$0.01B,$0.20B,0.05,$0.43B,$0.18B,40.93%,$0.43B,$0.02B,4.65%,$0.43B,$0.02B,4.65%,$0.43B,$0.03B,6.98%,$0.43B,$0.02B,3.72%,$0.43B,$0.01B,2.09%,$0.01B,$0.20B,4.73%,$0.01B,$0.14B,6.55%,$0.01B,$0.32B,2.66%,$0.02B,$0.21B,9.99%,$87,$51,$36,$3,$32,$85,$2,$-1,$2,$0,$2,$2,$1,$5,$2,$9,9,$0.10,$0.11,$39,$88,$10,$205,$36,$0,$58,$7,$114,$320,$99,$10,$8,$20,$120,$0,$126,$17,$200,$320,$9,$9,$3,$13,$-3,$-23,$0,$-1,$-21,$1,$-13,$0,$-9,$0,$0,$0,$0,$-22,$-17,$22,$5,$1,$1,$-0,$0,$5,$-12,$1,$-0
44,2007-06-30,18.81,$21.21,0.89,$45.96,0.41,$-16.14,0.0,$0.74,25.42,$0.25B,$0.14B,1.72,$0.01B,$0.19B,0.05,$0.42B,$0.17B,41.33%,$0.42B,$0.02B,4.75%,$0.42B,$0.02B,4.75%,$0.42B,$0.03B,7.13%,$0.42B,$0.02B,3.56%,$0.42B,$0.01B,1.66%,$0.01B,$0.19B,3.77%,$0.01B,$0.14B,5.18%,$0.01B,$0.36B,2.12%,$0.02B,$0.20B,10.09%,$150,$86,$64,$3,$41,$135,$15,$-1,$14,$6,$8,$8,$8,$18,$15,$9,9,$0.91,$0.89,$35,$84,$10,$247,$33,$0,$56,$6,$110,$357,$143,$10,$9,$19,$162,$0,$126,$11,$194,$357,$8,$7,$-1,$7,$-53,$-18,$0,$-0,$-50,$-35,$-8,$0,$-10,$0,$0,$0,$0,$-18,$-17,$51,$34,$1,$1,$0,$0,$35,$-16,$0,$0
45,2007-03-31,17.31,$20.22,0.86,$44.59,0.39,$-15.20,0.0,$0.57,30.37,$0.26B,$0.16B,1.63,$0.01B,$0.19B,0.05,$0.41B,$0.17B,41.03%,$0.41B,$0.02B,4.67%,$0.41B,$0.02B,4.67%,$0.41B,$0.03B,6.88%,$0.41B,$0.01B,3.19%,$0.41B,$0.01B,1.47%,$0.01B,$0.19B,3.29%,$0.01B,$0.14B,4.49%,$0.01B,$0.37B,1.86%,$0.02B,$0.20B,9.61%,$122,$75,$47,$3,$38,$117,$5,$-1,$3,$1,$2,$2,$2,$7,$5,$9,9,$0.18,$0.17,$37,$93,$12,$263,$33,$0,$49,$6,$103,$366,$162,$10,$9,$19,$181,$0,$118,$10,$185,$366,$0,$5,$0,$5,$-58,$-28,$0,$-3,$-69,$-64,$-6,$0,$-2,$0,$0,$0,$0,$-7,$-17,$72,$55,$0,$0,$0,$0,$55,$-15,$0,$0
46,2006-12-31,17.3,$19.95,0.87,$43.07,0.4,$-13.76,0.0,$0.85,20.35,$0.21B,$0.11B,1.88,$0.01B,$0.18B,0.06,$0.39B,$0.16B,41.84%,$0.39B,$0.02B,5.61%,$0.39B,$0.02B,5.61%,$0.39B,$0.03B,8.16%,$0.39B,$0.02B,4.34%,$0.39B,$0.01B,2.04%,$0.01B,$0.18B,4.48%,$0.01B,$0.13B,6.13%,$0.01B,$0.31B,2.58%,$0.02B,$0.19B,11.20%,$71,$43,$29,$3,$28,$74,$-2,$-1,$-3,$-2,$-1,$-1,$-2,$-0,$-2,$9,9,$-0.17,$-0.17,$49,$82,$13,$210,$32,$0,$49,$6,$102,$312,$112,$10,$8,$18,$130,$0,$116,$9,$182,$312,$-2,$2,$0,$2,$-3,$-19,$0,$-4,$-32,$-31,$-3,$0,$-1,$0,$0,$0,$0,$-4,$-17,$48,$31,$0,$0,$0,$0,$31,$-3,$0,$0
