,Date,Stock Price,Book Value per Share,Price to Book Ratio,TTM Sales per Share,Price to Sales Ratio,TTM FCF per Share,Price to FCF Ratio,TTM Net EPS,PE Ratio,Current Assets,Current Liabilities,Current Ratio,Long Term Debt,Shareholder's Equity_x,Debt to Equity Ratio,TTM Revenue_x,TTM Gross Profit,Gross Margin,TTM Revenue_y,TTM Operating Income,Operating Margin,TTM Revenue_x,TTM EBIT,EBIT Margin,TTM Revenue_y,TTM EBITDA,EBITDA Margin,TTM Revenue_x,TTM Pre-Tax Income,Pre-Tax Margin,TTM Revenue_y,TTM Net Income_x,Net Margin,TTM Net Income_y,Shareholder's Equity_y,Return on Equity,TTM Net Income_x,Tangible Equity,Return on Tangible Equity,TTM Net Income_y,Total Assets,Return on Assets,TTM Net Income,LT Investments & Debt,Return on Investment,revenue,cost-goods-sold,gross-profit,research-development-expenses,selling-general-administrative-expenses,operating-expenses,operating-income,total-non-operating-income-expense,pre-tax-income,total-provision-income-taxes,income-after-taxes,income-from-continuous-operations,net-income,ebitda,ebit,basic-shares-outstanding,shares-outstanding,eps-basic-net-earnings-per-share,eps-earnings-per-share-diluted,cash-on-hand,inventory,other-current-assets,total-current-assets,net-property-plant-equipment,long-term-investments,goodwill-intangible-assets-total,other-long-term-assets,total-long-term-assets,total-assets,total-current-liabilities,long-term-debt,other-non-current-liabilities,total-long-term-liabilities,total-liabilities,common-stock-net,retained-earnings-accumulated-deficit,comprehensive-income,total-share-holder-equity,total-liabilities-share-holders-equity,net-income-loss,total-depreciation-amortization-cash-flow,other-non-cash-items,total-non-cash-items,change-in-accounts-receivable,change-in-inventories,change-in-accounts-payable,change-in-assets-liabilities,total-change-in-assets-liabilities,cash-flow-from-operating-activities,net-change-in-property-plant-equipment,net-change-in-intangible-assets,net-acquisitions-divestitures,net-change-in-short-term-investments,net-change-in-long-term-investments,net-change-in-investments-total,investing-activities-other,cash-flow-from-investing-activities,net-long-term-debt,net-current-debt,debt-issuance-retirement-net-total,net-common-equity-issued-repurchased,net-total-equity-issued-repurchased,total-common-preferred-stock-dividends-paid,financial-activities-other,cash-flow-from-financial-activities,net-cash-flow,stock-based-compensation,common-stock-dividends-paid
0,2018-06-30,18.91,$0.00,0.0,$8.09,2.34,$2.59,7.29,$1.82,10.39,$0.26B,$0.09B,2.81,$0.00B,$0.00B,0.0,$0.28B,$0.16B,58.21%,$0.28B,$0.09B,30.36%,$0.28B,$0.09B,30.36%,$0.28B,$0.09B,30.36%,$0.28B,$0.09B,31.43%,$0.28B,$0.06B,22.86%,$0.06B,$0.30B,22.44%,$0.06B,$0.25B,27.35%,$0.06B,$0.40B,16.17%,$0.09B,$0.30B,29.80%,$67,$26,$41,$0,$19,$43,$24,$0,$24,$7,$17,$14,$13,$24,$24,$33,35,$0.40,$0.38,$167,$0,$75,$256,$6,$65,$50,$6,$139,$395,$91,$0,$0,$8,$99,$0,$0,$0,$296,$395,$0,$0,$0,$0,$0,$0,$0,$0,$0,$0,$0,$0,$0,$0,$0,$0,$0,$0,$0,$0,$0,$0,$0,$0,$0,$0,$0,$0,$0
1,2018-03-31,19.76,$0.00,0.0,$8.09,2.44,$2.59,7.62,$1.93,10.24,$0.27B,$0.12B,2.3,$0.00B,$0.00B,0.0,$0.28B,$0.16B,58.84%,$0.28B,$0.09B,30.69%,$0.28B,$0.09B,30.69%,$0.28B,$0.09B,30.69%,$0.28B,$0.09B,32.13%,$0.28B,$0.07B,24.55%,$0.07B,$0.29B,24.95%,$0.07B,$0.24B,30.80%,$0.07B,$0.42B,17.82%,$0.09B,$0.29B,31.19%,$69,$21,$48,$0,$24,$45,$24,$1,$25,$6,$19,$18,$18,$24,$24,$33,35,$0.56,$0.53,$135,$0,$121,$269,$7,$75,$51,$5,$150,$418,$117,$0,$0,$9,$126,$0,$0,$0,$292,$418,$0,$0,$0,$0,$0,$0,$0,$0,$0,$0,$0,$0,$0,$0,$0,$0,$0,$0,$0,$0,$0,$0,$0,$0,$0,$0,$0,$0,$0
2,2017-12-31,17.94,$8.63,2.08,$7.72,2.33,$2.59,6.92,$1.79,10.02,$0.29B,$0.11B,2.73,$0.00B,$0.29B,0.0,$0.26B,$0.15B,56.87%,$0.26B,$0.08B,30.15%,$0.26B,$0.08B,30.15%,$0.26B,$0.08B,30.15%,$0.26B,$0.08B,32.06%,$0.26B,$0.06B,24.05%,$0.06B,$0.29B,24.66%,$0.06B,$0.23B,31.00%,$0.06B,$0.40B,17.71%,$0.08B,$0.29B,30.92%,$78,$44,$34,$0,$24,$66,$12,$0,$13,$1,$12,$13,$16,$12,$12,$33,34,$0.47,$0.47,$238,$0,$43,$293,$7,$36,$52,$5,$110,$404,$107,$0,$0,$11,$119,$0,$102,$6,$285,$404,$65,$5,$5,$10,$-0,$0,$0,$-3,$20,$95,$-6,$0,$-0,$-27,$29,$3,$-8,$-11,$0,$0,$0,$2,$2,$-17,$-3,$-19,$62,$5,$-17
3,2017-09-30,12.64,$0.00,0.0,$6.72,1.88,$0.58,21.66,$1.66,7.62,$0.26B,$0.09B,3.05,$0.00B,$0.00B,0.0,$0.23B,$0.14B,61.23%,$0.23B,$0.08B,34.80%,$0.23B,$0.08B,34.80%,$0.23B,$0.08B,34.80%,$0.23B,$0.08B,36.56%,$0.23B,$0.06B,24.23%,$0.06B,$0.27B,22.92%,$0.06B,$0.22B,29.29%,$0.06B,$0.37B,16.59%,$0.08B,$0.27B,32.92%,$66,$26,$40,$0,$18,$41,$25,$1,$26,$7,$19,$19,$17,$25,$25,$33,34,$0.53,$0.51,$209,$0,$35,$259,$6,$34,$52,$5,$107,$366,$85,$0,$0,$13,$98,$0,$0,$0,$268,$366,$0,$0,$0,$0,$0,$0,$0,$0,$0,$0,$0,$0,$0,$0,$0,$0,$0,$0,$0,$0,$0,$0,$0,$0,$0,$0,$0,$0,$0
4,2017-06-30,7.6,$0.00,0.0,$6.22,1.22,$0.58,13.01,$1.50,5.06,$0.23B,$0.08B,2.92,$0.00B,$0.00B,0.0,$0.21B,$0.13B,61.72%,$0.21B,$0.07B,33.97%,$0.21B,$0.07B,33.97%,$0.21B,$0.07B,33.97%,$0.21B,$0.08B,35.89%,$0.21B,$0.05B,23.92%,$0.05B,$0.25B,21.95%,$0.05B,$0.19B,28.45%,$0.05B,$0.34B,16.01%,$0.07B,$0.25B,31.17%,$64,$24,$41,$0,$16,$40,$24,$0,$25,$7,$18,$18,$17,$24,$24,$32,34,$0.51,$0.49,$185,$0,$29,$232,$6,$22,$52,$16,$106,$338,$79,$0,$0,$14,$94,$0,$0,$0,$245,$338,$0,$0,$0,$0,$0,$0,$0,$0,$0,$0,$0,$0,$0,$0,$0,$0,$0,$0,$0,$0,$0,$0,$0,$0,$0,$0,$0,$0,$0
5,2017-03-31,8.66,$0.00,0.0,$5.41,1.6,$0.58,14.84,$1.19,7.28,$0.21B,$0.08B,2.79,$0.00B,$0.00B,0.0,$0.18B,$0.11B,60.44%,$0.18B,$0.06B,30.22%,$0.18B,$0.06B,30.22%,$0.18B,$0.06B,30.22%,$0.18B,$0.06B,32.42%,$0.18B,$0.04B,21.43%,$0.04B,$0.22B,17.93%,$0.04B,$0.17B,23.46%,$0.04B,$0.32B,13.19%,$0.06B,$0.22B,25.29%,$54,$20,$34,$0,$16,$35,$18,$1,$20,$4,$15,$14,$13,$18,$18,$32,34,$0.41,$0.39,$180,$0,$20,$211,$6,$24,$52,$13,$104,$315,$76,$0,$0,$16,$92,$0,$0,$0,$224,$315,$0,$0,$0,$0,$0,$0,$0,$0,$0,$0,$0,$0,$0,$0,$0,$0,$0,$0,$0,$0,$0,$0,$0,$0,$0,$0,$0,$0,$0
6,2016-12-31,8.01,$6.91,1.16,$4.84,1.66,$0.58,13.72,$0.92,8.71,$0.21B,$0.07B,3.07,$0.00B,$0.22B,0.0,$0.16B,$0.09B,57.06%,$0.16B,$0.04B,25.77%,$0.16B,$0.04B,25.77%,$0.16B,$0.04B,25.77%,$0.16B,$0.04B,26.99%,$0.16B,$0.03B,18.40%,$0.03B,$0.22B,14.22%,$0.03B,$0.17B,18.69%,$0.03B,$0.31B,10.56%,$0.04B,$0.22B,19.91%,$43,$19,$24,$0,$14,$31,$12,$0,$12,$3,$9,$9,$8,$12,$12,$32,33,$0.27,$0.25,$165,$0,$21,$213,$5,$23,$52,$12,$93,$307,$70,$0,$1,$14,$84,$0,$52,$11,$223,$307,$33,$4,$3,$7,$-4,$0,$0,$-17,$-13,$27,$-8,$0,$2,$-0,$12,$12,$-7,$0,$0,$0,$0,$0,$0,$0,$16,$16,$47,$3,$0
7,2016-09-30,7.49,$0.00,0.0,$5.20,1.44,$2.70,2.77,$0.84,8.91,$0.20B,$0.06B,3.52,$0.00B,$0.00B,0.0,$0.15B,$0.09B,56.86%,$0.15B,$0.04B,24.84%,$0.15B,$0.04B,24.84%,$0.15B,$0.04B,24.84%,$0.15B,$0.04B,26.80%,$0.15B,$0.02B,15.03%,$0.02B,$0.22B,11.63%,$0.02B,$0.17B,15.51%,$0.02B,$0.29B,8.59%,$0.04B,$0.22B,19.22%,$48,$18,$30,$0,$16,$31,$17,$1,$18,$5,$13,$13,$12,$17,$17,$32,33,$0.37,$0.35,$156,$0,$16,$202,$4,$19,$50,$13,$88,$289,$57,$0,$1,$14,$71,$0,$0,$0,$219,$289,$0,$0,$0,$0,$0,$0,$0,$0,$0,$0,$0,$0,$0,$0,$0,$0,$0,$0,$0,$0,$0,$0,$0,$0,$0,$0,$0,$0,$0
8,2016-06-30,7.76,$0.00,0.0,$4.92,1.58,$2.70,2.88,$0.75,10.35,$0.18B,$0.05B,3.32,$0.00B,$0.00B,0.0,$0.14B,$0.07B,54.41%,$0.14B,$0.03B,23.53%,$0.14B,$0.03B,23.53%,$0.14B,$0.03B,23.53%,$0.14B,$0.03B,25.00%,$0.14B,$0.02B,13.24%,$0.02B,$0.20B,9.80%,$0.02B,$0.16B,13.33%,$0.02B,$0.27B,7.27%,$0.03B,$0.20B,17.41%,$37,$15,$22,$0,$14,$29,$8,$1,$9,$2,$7,$7,$6,$8,$8,$32,33,$0.19,$0.18,$152,$0,$9,$180,$4,$20,$50,$17,$92,$272,$54,$0,$1,$13,$67,$0,$0,$0,$204,$272,$0,$0,$0,$0,$0,$0,$0,$0,$0,$0,$0,$0,$0,$0,$0,$0,$0,$0,$0,$0,$0,$0,$0,$0,$0,$0,$0,$0,$0
