,Date,Stock Price,Book Value per Share,Price to Book Ratio,TTM Sales per Share,Price to Sales Ratio,TTM FCF per Share,Price to FCF Ratio,TTM Net EPS,PE Ratio,Current Assets,Current Liabilities,Current Ratio,Long Term Debt,Shareholder's Equity_x,Debt to Equity Ratio,TTM Revenue_x,TTM Gross Profit,Gross Margin,TTM Revenue_y,TTM Operating Income,Operating Margin,TTM Revenue_x,TTM EBIT,EBIT Margin,TTM Revenue_y,TTM EBITDA,EBITDA Margin,TTM Revenue_x,TTM Pre-Tax Income,Pre-Tax Margin,TTM Revenue_y,TTM Net Income_x,Net Margin,TTM Net Income_y,Shareholder's Equity_y,Return on Equity,TTM Net Income_x,Tangible Equity,Return on Tangible Equity,TTM Net Income_y,Total Assets,Return on Assets,TTM Net Income,LT Investments & Debt,Return on Investment,revenue,cost-goods-sold,gross-profit,research-development-expenses,selling-general-administrative-expenses,operating-expenses,operating-income,total-non-operating-income-expense,pre-tax-income,total-provision-income-taxes,income-after-taxes,income-from-continuous-operations,net-income,ebitda,ebit,basic-shares-outstanding,shares-outstanding,eps-basic-net-earnings-per-share,eps-earnings-per-share-diluted,cash-on-hand,inventory,other-current-assets,total-current-assets,net-property-plant-equipment,long-term-investments,goodwill-intangible-assets-total,other-long-term-assets,total-long-term-assets,total-assets,total-current-liabilities,long-term-debt,other-non-current-liabilities,total-long-term-liabilities,total-liabilities,common-stock-net,retained-earnings-accumulated-deficit,comprehensive-income,total-share-holder-equity,total-liabilities-share-holders-equity,net-income-loss,total-depreciation-amortization-cash-flow,other-non-cash-items,total-non-cash-items,change-in-accounts-receivable,change-in-inventories,change-in-accounts-payable,change-in-assets-liabilities,total-change-in-assets-liabilities,cash-flow-from-operating-activities,net-change-in-property-plant-equipment,net-change-in-intangible-assets,net-acquisitions-divestitures,net-change-in-short-term-investments,net-change-in-long-term-investments,net-change-in-investments-total,investing-activities-other,cash-flow-from-investing-activities,net-long-term-debt,net-current-debt,debt-issuance-retirement-net-total,net-common-equity-issued-repurchased,net-total-equity-issued-repurchased,total-common-preferred-stock-dividends-paid,financial-activities-other,cash-flow-from-financial-activities,net-cash-flow,stock-based-compensation,common-stock-dividends-paid
0,2018-07-31,5.45,$4.63,1.18,$15.55,0.35,$1.58,3.45,$0.17,32.06,$0.03B,$0.01B,2.83,$0.00B,$0.03B,0.0,$0.09B,$0.02B,16.85%,$0.09B,$0.00B,2.25%,$0.09B,$0.00B,2.25%,$0.09B,$0.00B,3.37%,$0.09B,$0.00B,2.25%,$0.09B,$0.00B,1.12%,$0.00B,$0.03B,3.85%,$0.00B,$0.02B,4.49%,$0.00B,$0.04B,2.48%,$0.00B,$0.03B,7.69%,$23,$20,$4,$0,$4,$23,$0,$-0,$0,$0,$0,$0,$0,$0,$0,$6,6,$0.00,$0.00,$5,$15,$0,$30,$3,$0,$4,$1,$8,$38,$11,$0,$1,$2,$12,$0,$13,$0,$26,$38,$1,$1,$0,$1,$5,$2,$0,$0,$6,$8,$-0,$0,$-3,$0,$0,$0,$0,$-3,$0,$-1,$-1,$-1,$-1,$0,$0,$-2,$3,$0,$0
1,2018-04-30,4.18,$4.62,0.91,$14.49,0.29,$0.56,7.48,$0.18,23.22,$0.04B,$0.02B,2.3,$0.00B,$0.03B,0.0,$0.08B,$0.01B,16.67%,$0.08B,$0.00B,2.38%,$0.08B,$0.00B,2.38%,$0.08B,$0.00B,3.57%,$0.08B,$0.00B,2.38%,$0.08B,$0.00B,1.19%,$0.00B,$0.03B,3.85%,$0.00B,$0.02B,4.44%,$0.00B,$0.04B,2.50%,$0.00B,$0.03B,7.69%,$22,$18,$4,$0,$3,$21,$1,$-0,$1,$0,$1,$1,$1,$1,$1,$6,6,$0.09,$0.09,$3,$16,$1,$35,$3,$0,$4,$1,$8,$43,$15,$0,$1,$1,$16,$0,$13,$0,$26,$43,$1,$0,$0,$1,$-0,$1,$0,$0,$-0,$1,$-0,$0,$-3,$0,$0,$0,$0,$-3,$0,$4,$4,$-0,$-0,$0,$0,$3,$1,$0,$0
2,2018-01-31,4.28,$4.51,0.95,$13.64,0.31,$0.97,4.4,$0.09,47.56,$0.03B,$0.01B,2.56,$0.00B,$0.03B,0.0,$0.08B,$0.01B,16.25%,$0.08B,$0.00B,1.25%,$0.08B,$0.00B,1.25%,$0.08B,$0.00B,2.50%,$0.08B,$0.00B,1.25%,$0.08B,0,0.00%,$0.00B,$0.03B,0.00%,$0.00B,$0.02B,0.00%,$0.00B,$0.04B,0.00%,$0.00B,$0.03B,3.85%,$22,$18,$4,$0,$3,$21,$1,$-0,$1,$0,$1,$1,$0,$1,$1,$6,6,$0.07,$0.07,$3,$15,$0,$34,$2,$0,$3,$1,$6,$40,$13,$0,$1,$1,$14,$0,$13,$0,$26,$40,$1,$0,$0,$0,$-1,$1,$0,$0,$-0,$0,$-0,$0,$0,$0,$0,$0,$0,$-0,$0,$1,$1,$-0,$-0,$0,$0,$1,$1,$0,$0
3,2017-10-31,4.17,$4.41,0.95,$13.16,0.32,$1.23,3.38,$0.08,52.13,$0.03B,$0.01B,2.55,$0.00B,$0.03B,0.0,$0.08B,$0.01B,15.38%,$0.08B,$0.00B,1.28%,$0.08B,$0.00B,1.28%,$0.08B,$0.00B,2.56%,$0.08B,$0.00B,1.28%,$0.08B,0,0.00%,$0.00B,$0.03B,0.00%,$0.00B,$0.02B,0.00%,$0.00B,$0.04B,0.00%,$0.00B,$0.03B,3.85%,$22,$18,$3,$0,$3,$21,$0,$-0,$0,$0,$0,$0,$0,$1,$0,$6,6,$0.01,$0.01,$2,$16,$0,$33,$2,$0,$3,$0,$7,$40,$13,$0,$1,$1,$14,$0,$12,$0,$26,$40,$1,$1,$-0,$1,$1,$-1,$0,$0,$-0,$1,$-1,$0,$-3,$0,$0,$0,$0,$-4,$0,$1,$1,$-0,$-0,$0,$0,$1,$-1,$0,$0
4,2017-07-31,4.16,$4.41,0.94,$12.31,0.34,$1.20,3.45,$0.10,41.6,$0.03B,$0.01B,2.91,$0.00B,$0.03B,0.0,$0.07B,$0.01B,16.44%,$0.07B,$0.00B,1.37%,$0.07B,$0.00B,1.37%,$0.07B,$0.00B,2.74%,$0.07B,$0.00B,1.37%,$0.07B,0,0.00%,$0.00B,$0.03B,0.00%,$0.00B,$0.02B,0.00%,$0.00B,$0.04B,0.00%,$0.00B,$0.03B,3.88%,$18,$15,$3,$0,$3,$18,$0,$-0,$0,$0,$0,$0,$0,$0,$0,$6,6,$0.01,$0.01,$3,$16,$1,$31,$3,$0,$3,$1,$6,$37,$11,$0,$1,$1,$12,$0,$12,$0,$26,$37,$1,$1,$0,$1,$4,$-0,$0,$0,$2,$3,$-1,$0,$-3,$0,$0,$0,$0,$-3,$0,$0,$0,$-0,$-0,$0,$0,$0,$-1,$0,$0
5,2017-04-30,4.92,$4.39,1.12,$12.11,0.41,$0.56,8.81,$0.21,23.43,$0.03B,$0.01B,2.79,$0.00B,$0.03B,0.0,$0.07B,$0.01B,16.67%,$0.07B,$0.00B,2.78%,$0.07B,$0.00B,2.78%,$0.07B,$0.00B,4.17%,$0.07B,$0.00B,2.78%,$0.07B,$0.00B,1.39%,$0.00B,$0.03B,3.88%,$0.00B,$0.02B,4.21%,$0.00B,$0.04B,2.76%,$0.00B,$0.03B,7.77%,$18,$15,$3,$0,$3,$18,$0,$-0,$0,$-0,$0,$0,$0,$0,$0,$6,6,$0.00,$0.00,$3,$16,$0,$32,$3,$0,$3,$1,$6,$38,$11,$0,$1,$1,$12,$0,$12,$0,$26,$38,$0,$0,$-0,$0,$3,$-0,$0,$0,$2,$3,$-0,$0,$0,$0,$0,$0,$-3,$-3,$0,$0,$0,$-0,$-0,$0,$0,$0,$0,$0,$0
6,2017-01-31,4.55,$4.38,1.04,$12.56,0.36,$0.54,8.42,$0.35,13.0,$0.03B,$0.01B,3.73,$0.00B,$0.03B,0.0,$0.08B,$0.01B,16.00%,$0.08B,$0.00B,4.00%,$0.08B,$0.00B,4.00%,$0.08B,$0.00B,5.33%,$0.08B,$0.00B,4.00%,$0.08B,$0.00B,2.67%,$0.00B,$0.03B,7.84%,$0.00B,$0.02B,8.25%,$0.00B,$0.03B,5.76%,$0.00B,$0.03B,11.76%,$20,$17,$3,$0,$3,$19,$1,$-0,$1,$0,$0,$0,$0,$1,$1,$6,6,$0.06,$0.06,$3,$14,$0,$30,$2,$0,$1,$1,$4,$34,$8,$0,$1,$1,$9,$0,$12,$0,$26,$34,$0,$0,$-0,$0,$2,$-0,$0,$0,$2,$2,$-0,$0,$0,$0,$0,$0,$0,$-0,$0,$-2,$-2,$0,$0,$0,$0,$-2,$-0,$0,$0
7,2016-10-31,5.18,$4.28,1.21,$12.91,0.4,$0.81,6.38,$0.36,14.4,$0.03B,$0.01B,2.97,$0.00B,$0.03B,0.0,$0.08B,$0.01B,15.38%,$0.08B,$0.00B,3.85%,$0.08B,$0.00B,3.85%,$0.08B,$0.00B,5.13%,$0.08B,$0.00B,3.85%,$0.08B,$0.00B,2.56%,$0.00B,$0.03B,7.92%,$0.00B,$0.02B,8.25%,$0.00B,$0.04B,5.71%,$0.00B,$0.03B,11.88%,$17,$15,$3,$0,$2,$17,$0,$-0,$0,$0,$0,$0,$0,$1,$0,$6,6,$0.03,$0.03,$3,$14,$0,$33,$2,$0,$1,$1,$4,$37,$11,$0,$1,$1,$12,$0,$12,$0,$25,$37,$2,$1,$1,$2,$-2,$-0,$0,$-0,$-2,$2,$-1,$0,$-1,$0,$0,$0,$0,$-2,$0,$1,$1,$-2,$-2,$-0,$0,$-0,$-1,$0,$-0
8,2016-07-31,5.74,$4.28,1.34,$13.67,0.42,$0.28,20.85,$0.40,14.35,$0.03B,$0.01B,3.28,$0.00B,$0.03B,0.0,$0.08B,$0.01B,14.46%,$0.08B,$0.00B,4.82%,$0.08B,$0.00B,4.82%,$0.08B,$0.00B,4.82%,$0.08B,$0.00B,4.82%,$0.08B,$0.00B,2.41%,$0.00B,$0.03B,8.00%,$0.00B,$0.02B,8.25%,$0.00B,$0.04B,5.80%,$0.00B,$0.03B,16.00%,$17,$14,$3,$0,$2,$16,$1,$-0,$1,$0,$1,$1,$1,$1,$1,$6,6,$0.12,$0.12,$2,$13,$0,$32,$2,$0,$1,$1,$4,$36,$10,$0,$1,$1,$11,$0,$12,$0,$26,$36,$2,$0,$1,$1,$-5,$1,$0,$-0,$-4,$-1,$-1,$0,$-1,$0,$0,$0,$0,$-2,$0,$2,$2,$-1,$-1,$-0,$0,$1,$-2,$0,$-0
9,2016-04-30,3.71,$4.16,0.89,$15.15,0.24,$0.25,15.02,$0.30,12.37,$0.03B,$0.01B,4.84,$0.00B,$0.03B,0.0,$0.09B,$0.01B,11.83%,$0.09B,$0.00B,3.23%,$0.09B,$0.00B,3.23%,$0.09B,$0.00B,3.23%,$0.09B,$0.00B,3.23%,$0.09B,$0.00B,1.08%,$0.00B,$0.03B,4.08%,$0.00B,$0.03B,4.17%,$0.00B,$0.03B,2.92%,$0.00B,$0.03B,12.24%,$21,$18,$3,$0,$2,$20,$1,$-0,$1,$0,$1,$1,$1,$2,$1,$6,6,$0.14,$0.14,$3,$12,$0,$29,$2,$0,$1,$1,$3,$32,$6,$0,$1,$1,$7,$0,$11,$0,$25,$32,$1,$0,$1,$1,$-0,$2,$0,$0,$1,$3,$-0,$0,$0,$0,$0,$0,$0,$-0,$0,$-3,$-3,$-0,$-0,$-0,$0,$-3,$-1,$0,$-0
10,2016-01-31,3.37,$4.02,0.84,$16.53,0.2,$-0.74,0.0,$-0.17,0.0,$0.03B,$0.01B,3.27,$0.00B,$0.03B,0.0,$0.10B,$0.01B,6.86%,$0.10B,$-0.00B,-0.98%,$0.10B,$-0.00B,-0.98%,$0.10B,$-0.00B,-0.98%,$0.10B,$-0.00B,-0.98%,$0.10B,$-0.00B,-1.96%,$-0.00B,$0.03B,-8.25%,$-0.00B,$0.02B,-8.51%,$-0.00B,$0.04B,-5.67%,$-0.00B,$0.03B,-4.12%,$23,$20,$3,$0,$2,$22,$1,$-0,$1,$0,$0,$0,$0,$1,$1,$6,6,$0.07,$0.07,$6,$12,$0,$32,$2,$0,$1,$1,$3,$35,$10,$0,$1,$1,$11,$0,$10,$0,$25,$35,$0,$0,$1,$1,$-0,$2,$0,$-1,$3,$4,$-0,$0,$0,$0,$0,$0,$0,$-0,$0,$-1,$-1,$0,$0,$-0,$0,$-2,$2,$0,$-0
11,2015-10-31,4.25,$3.96,1.07,$19.01,0.22,$-1.83,0.0,$-0.23,0.0,$0.03B,$0.01B,3.18,$0.00B,$0.02B,0.0,$0.12B,$0.01B,5.13%,$0.12B,$-0.00B,-1.71%,$0.12B,$-0.00B,-1.71%,$0.12B,$-0.00B,-1.71%,$0.12B,$-0.00B,-1.71%,$0.12B,$-0.00B,-1.71%,$-0.00B,$0.02B,-8.16%,$-0.00B,$0.02B,-8.42%,$-0.00B,$0.04B,-5.37%,$-0.00B,$0.02B,-8.16%,$22,$20,$3,$0,$2,$21,$1,$-0,$1,$0,$0,$0,$0,$1,$1,$6,6,$0.07,$0.07,$4,$14,$0,$32,$2,$0,$1,$1,$3,$35,$10,$0,$1,$1,$11,$0,$10,$0,$24,$35,$-1,$1,$-1,$-0,$4,$1,$0,$-0,$-1,$-2,$-0,$0,$0,$0,$0,$0,$0,$-0,$0,$3,$3,$-0,$-0,$-0,$0,$3,$0,$0,$-0
12,2015-07-31,5.03,$3.89,1.29,$20.05,0.25,$-1.47,0.0,$-0.03,0.0,$0.03B,$0.01B,3.09,$0.00B,$0.02B,0.0,$0.12B,$0.01B,5.65%,$0.12B,$-0.00B,-0.81%,$0.12B,$-0.00B,-0.81%,$0.12B,0,0.00%,$0.12B,$-0.00B,-0.81%,$0.12B,0,0.00%,$0.00B,$0.02B,0.00%,$0.00B,$0.02B,0.00%,$0.00B,$0.04B,0.00%,$-0.00B,$0.02B,-4.00%,$27,$25,$2,$0,$2,$27,$0,$-0,$0,$0,$0,$0,$0,$0,$0,$6,6,$0.02,$0.02,$3,$12,$0,$32,$2,$0,$1,$1,$3,$35,$10,$0,$1,$1,$11,$0,$9,$0,$24,$35,$-2,$0,$-1,$-1,$3,$3,$0,$-1,$1,$-2,$-0,$0,$0,$0,$0,$0,$0,$-0,$0,$2,$2,$0,$0,$-0,$0,$2,$-0,$0,$-0
13,2015-04-30,4.86,$3.86,1.26,$19.73,0.25,$-1.46,0.0,$0.06,80.97,$0.03B,$0.01B,2.9,$0.00B,$0.02B,0.0,$0.12B,$0.01B,6.45%,$0.12B,0,0.00%,$0.12B,0,0.00%,$0.12B,$0.00B,0.81%,$0.12B,0,0.00%,$0.12B,$0.00B,0.81%,$0.00B,$0.02B,3.96%,$0.00B,$0.02B,4.12%,$0.00B,$0.04B,2.61%,$0.00B,$0.02B,0.00%,$30,$31,$-1,$0,$2,$33,$-3,$-0,$-3,$-1,$-2,$-2,$-2,$-3,$-3,$6,6,$-0.33,$-0.33,$4,$13,$0,$33,$2,$0,$1,$1,$4,$36,$11,$0,$1,$1,$12,$0,$9,$0,$24,$36,$-2,$0,$-1,$-1,$2,$3,$0,$0,$0,$-3,$-0,$0,$0,$0,$0,$0,$0,$-0,$0,$3,$3,$0,$0,$-0,$0,$3,$-0,$0,$-0
14,2015-01-31,5.05,$4.19,1.2,$18.69,0.27,$-0.37,0.0,$0.58,8.71,$0.04B,$0.02B,2.45,$0.00B,$0.03B,0.0,$0.12B,$0.01B,10.92%,$0.12B,$0.01B,4.20%,$0.12B,$0.01B,4.20%,$0.12B,$0.01B,5.04%,$0.12B,$0.01B,4.20%,$0.12B,$0.00B,3.36%,$0.00B,$0.03B,15.69%,$0.00B,$0.03B,16.33%,$0.00B,$0.04B,10.74%,$0.01B,$0.03B,19.61%,$38,$36,$2,$0,$2,$38,$0,$-0,$0,$-0,$0,$0,$0,$0,$0,$6,6,$0.01,$0.01,$4,$14,$0,$40,$2,$0,$1,$1,$3,$43,$16,$0,$1,$1,$17,$0,$11,$0,$26,$43,$0,$0,$-0,$-0,$-6,$2,$0,$0,$-4,$-3,$-0,$0,$0,$0,$0,$0,$0,$-0,$0,$3,$3,$0,$0,$-0,$0,$3,$-0,$0,$-0
15,2014-10-31,5.72,$4.19,1.36,$16.63,0.34,$0.40,14.15,$0.78,7.33,$0.04B,$0.01B,2.96,$0.00B,$0.03B,0.0,$0.11B,$0.02B,13.89%,$0.11B,$0.01B,6.48%,$0.11B,$0.01B,6.48%,$0.11B,$0.01B,7.41%,$0.11B,$0.01B,6.48%,$0.11B,$0.01B,4.63%,$0.01B,$0.03B,20.20%,$0.01B,$0.03B,20.83%,$0.01B,$0.04B,14.71%,$0.01B,$0.03B,28.28%,$29,$25,$4,$0,$2,$27,$2,$-0,$2,$1,$2,$2,$2,$3,$2,$6,6,$0.24,$0.27,$4,$15,$0,$35,$2,$0,$1,$1,$3,$39,$12,$0,$1,$1,$13,$0,$11,$0,$26,$39,$5,$1,$1,$2,$-3,$-6,$0,$0,$-6,$0,$-1,$0,$0,$0,$0,$0,$0,$-1,$0,$1,$1,$-1,$-1,$-0,$0,$0,$-0,$0,$-0
16,2014-07-31,6.25,$3.96,1.58,$17.25,0.36,$-0.16,0.0,$0.53,11.79,$0.03B,$0.01B,3.33,$0.00B,$0.03B,0.0,$0.11B,$0.01B,11.50%,$0.11B,$0.01B,4.42%,$0.11B,$0.01B,4.42%,$0.11B,$0.01B,4.42%,$0.11B,$0.01B,4.42%,$0.11B,$0.00B,2.65%,$0.00B,$0.03B,12.63%,$0.00B,$0.02B,13.04%,$0.00B,$0.04B,9.30%,$0.01B,$0.03B,21.05%,$27,$24,$3,$0,$2,$25,$1,$-0,$1,$0,$1,$1,$1,$1,$1,$6,7,$0.12,$0.11,$3,$13,$0,$32,$2,$0,$1,$1,$3,$35,$10,$0,$1,$1,$10,$0,$10,$0,$25,$35,$3,$0,$1,$2,$-1,$-4,$0,$-0,$-6,$-2,$-0,$0,$0,$0,$0,$0,$0,$-0,$0,$2,$2,$-1,$-1,$-0,$0,$2,$-1,$0,$-0
17,2014-04-30,7.16,$3.88,1.85,$18.30,0.39,$-0.87,0.0,$0.09,79.56,$0.03B,$0.01B,4.41,$0.00B,$0.03B,0.0,$0.12B,$0.01B,7.63%,$0.12B,$0.00B,0.85%,$0.12B,$0.00B,0.85%,$0.12B,$0.00B,0.85%,$0.12B,$0.00B,0.85%,$0.12B,0,0.00%,$0.00B,$0.03B,0.00%,$0.00B,$0.02B,0.00%,$0.00B,$0.03B,0.00%,$0.00B,$0.03B,4.35%,$25,$21,$4,$0,$2,$23,$2,$0,$2,$1,$1,$1,$1,$2,$2,$6,7,$0.20,$0.19,$6,$10,$0,$29,$2,$0,$1,$1,$3,$32,$6,$0,$1,$1,$7,$0,$9,$0,$25,$32,$3,$0,$1,$2,$1,$-1,$0,$0,$1,$4,$-0,$0,$0,$0,$0,$0,$0,$-0,$0,$-1,$-1,$0,$0,$-0,$0,$-1,$2,$0,$-0
18,2014-01-31,5.09,$3.69,1.38,$20.23,0.25,$-1.30,0.0,$-0.16,0.0,$0.03B,$0.01B,4.98,$0.00B,$0.02B,0.0,$0.13B,$0.01B,4.62%,$0.13B,$-0.00B,-1.54%,$0.13B,$-0.00B,-1.54%,$0.13B,$-0.00B,-0.77%,$0.13B,$-0.00B,-1.54%,$0.13B,$-0.00B,-0.77%,$-0.00B,$0.02B,-4.40%,$-0.00B,$0.02B,-4.55%,$-0.00B,$0.03B,-3.15%,$-0.00B,$0.02B,-8.79%,$27,$23,$4,$0,$2,$25,$2,$-0,$2,$1,$1,$1,$1,$2,$2,$6,7,$0.22,$0.21,$5,$9,$0,$26,$2,$0,$1,$1,$3,$30,$5,$0,$1,$1,$6,$0,$7,$0,$23,$30,$1,$0,$0,$1,$2,$0,$0,$-0,$1,$2,$-0,$0,$0,$0,$0,$0,$0,$-0,$0,$-1,$-1,$0,$0,$0,$0,$-1,$0,$0,$0
19,2013-10-31,5.34,$3.47,1.54,$20.83,0.26,$-1.49,0.0,$-0.23,0.0,$0.03B,$0.01B,3.05,$0.00B,$0.02B,0.0,$0.13B,$0.01B,4.48%,$0.13B,$-0.00B,-1.49%,$0.13B,$-0.00B,-1.49%,$0.13B,$-0.00B,-0.75%,$0.13B,$-0.00B,-1.49%,$0.13B,$-0.00B,-0.75%,$-0.00B,$0.02B,-4.35%,$-0.00B,$0.02B,-4.49%,$-0.00B,$0.03B,-3.08%,$-0.00B,$0.02B,-8.70%,$34,$32,$2,$0,$2,$33,$0,$-0,$0,$0,$0,$0,$0,$0,$0,$6,6,$0.01,$0.02,$4,$9,$0,$29,$2,$0,$1,$1,$4,$32,$9,$0,$1,$1,$10,$0,$6,$0,$22,$32,$-1,$1,$-0,$0,$0,$2,$0,$0,$-2,$-3,$-1,$0,$0,$0,$0,$0,$0,$-1,$0,$1,$1,$0,$0,$-0,$0,$0,$-4,$0,$-0
20,2013-07-31,6.82,$3.45,1.98,$20.90,0.33,$0.27,25.52,$-0.24,0.0,$0.03B,$0.01B,3.05,$0.00B,$0.02B,0.0,$0.14B,$0.01B,4.44%,$0.14B,$-0.00B,-1.48%,$0.14B,$-0.00B,-1.48%,$0.14B,$-0.00B,-0.74%,$0.14B,$-0.00B,-1.48%,$0.14B,$-0.00B,-0.74%,$-0.00B,$0.02B,-4.26%,$-0.00B,$0.02B,-4.40%,$-0.00B,$0.03B,-2.94%,$-0.00B,$0.02B,-8.51%,$32,$34,$-1,$0,$2,$35,$-3,$0,$-3,$-1,$-2,$-2,$-2,$-3,$-3,$6,6,$-0.33,$-0.33,$3,$10,$0,$29,$2,$0,$1,$1,$3,$32,$9,$0,$1,$1,$10,$0,$6,$0,$22,$32,$-1,$0,$0,$1,$0,$2,$0,$0,$-5,$-6,$-1,$0,$0,$0,$0,$0,$0,$-0,$0,$3,$3,$0,$0,$-0,$0,$2,$-4,$0,$-0
21,2013-04-30,6.78,$3.77,1.8,$22.52,0.3,$1.35,5.02,$0.28,24.21,$0.03B,$0.01B,3.62,$0.00B,$0.02B,0.0,$0.15B,$0.01B,7.48%,$0.15B,$0.00B,2.04%,$0.15B,$0.00B,2.04%,$0.15B,$0.00B,2.72%,$0.15B,$0.00B,2.04%,$0.15B,$0.00B,1.36%,$0.00B,$0.02B,8.33%,$0.00B,$0.02B,8.60%,$0.00B,$0.03B,5.88%,$0.00B,$0.02B,12.50%,$37,$35,$1,$0,$2,$37,$-1,$-0,$-1,$-0,$-0,$-0,$-0,$-0,$-1,$6,6,$-0.06,$-0.06,$8,$9,$0,$29,$2,$0,$1,$1,$4,$33,$8,$0,$1,$1,$9,$0,$8,$0,$24,$33,$1,$0,$0,$0,$2,$3,$0,$-0,$0,$1,$-0,$0,$0,$0,$0,$0,$0,$-0,$0,$-1,$-1,$0,$0,$-0,$0,$-1,$0,$0,$-0
22,2013-01-31,7.08,$3.83,1.85,$22.58,0.31,$1.59,4.47,$0.28,25.29,$0.03B,$0.01B,3.66,$0.00B,$0.02B,0.0,$0.15B,$0.01B,7.48%,$0.15B,$0.00B,2.04%,$0.15B,$0.00B,2.04%,$0.15B,$0.00B,2.72%,$0.15B,$0.00B,2.04%,$0.15B,$0.00B,1.36%,$0.00B,$0.02B,8.42%,$0.00B,$0.02B,8.70%,$0.00B,$0.03B,6.02%,$0.00B,$0.02B,12.63%,$31,$28,$4,$0,$2,$30,$2,$-0,$2,$1,$1,$1,$1,$2,$2,$6,7,$0.15,$0.14,$8,$10,$0,$30,$2,$0,$1,$1,$3,$33,$8,$0,$1,$1,$9,$0,$9,$0,$24,$33,$1,$0,$0,$0,$2,$2,$0,$0,$-0,$1,$-0,$0,$0,$0,$0,$0,$0,$0,$0,$0,$0,$0,$0,$-0,$0,$0,$1,$0,$-0
23,2012-10-31,6.37,$3.74,1.7,$26.38,0.24,$2.05,3.11,$0.38,16.75,$0.03B,$0.01B,2.41,$0.00B,$0.02B,0.0,$0.17B,$0.01B,6.36%,$0.17B,$0.00B,2.31%,$0.17B,$0.00B,2.31%,$0.17B,$0.01B,2.89%,$0.17B,$0.00B,2.31%,$0.17B,$0.00B,1.73%,$0.00B,$0.02B,12.77%,$0.00B,$0.02B,13.19%,$0.00B,$0.04B,8.51%,$0.00B,$0.02B,17.02%,$35,$33,$2,$0,$2,$35,$0,$-0,$0,$0,$0,$0,$0,$0,$0,$6,7,$0.01,$0.00,$8,$11,$0,$33,$2,$2,$1,$1,$5,$38,$14,$0,$1,$1,$14,$0,$8,$0,$24,$38,$3,$0,$0,$1,$3,$2,$0,$-0,$5,$8,$-1,$0,$0,$0,$-2,$-2,$0,$-3,$0,$-1,$-1,$0,$0,$-1,$0,$-2,$3,$0,$-1
24,2012-07-31,5.58,$3.75,1.49,$29.27,0.19,$0.14,39.96,$0.08,69.73,$0.03B,$0.01B,3.5,$0.00B,$0.02B,0.0,$0.19B,$0.01B,4.84%,$0.19B,$0.00B,1.08%,$0.19B,$0.00B,1.08%,$0.19B,$0.00B,1.61%,$0.19B,$0.00B,1.08%,$0.19B,$0.00B,0.54%,$0.00B,$0.02B,4.35%,$0.00B,$0.02B,4.49%,$0.00B,$0.03B,2.82%,$0.00B,$0.02B,8.70%,$44,$41,$4,$0,$2,$42,$2,$-0,$2,$1,$1,$1,$1,$2,$2,$6,7,$0.19,$0.19,$1,$11,$0,$27,$2,$2,$1,$1,$5,$32,$8,$0,$1,$1,$8,$0,$8,$0,$24,$32,$3,$0,$1,$1,$2,$2,$0,$0,$-1,$1,$-1,$0,$0,$0,$-2,$-2,$0,$-3,$0,$-0,$-0,$0,$0,$-1,$0,$-1,$-3,$0,$-1
25,2012-04-30,9.3,$3.59,2.59,$29.07,0.32,$-0.23,0.0,$-0.08,0.0,$0.03B,$0.01B,3.78,$0.00B,$0.02B,0.0,$0.18B,$0.01B,3.93%,$0.18B,0,0.00%,$0.18B,0,0.00%,$0.18B,$0.00B,0.56%,$0.18B,0,0.00%,$0.18B,0,0.00%,$0.00B,$0.02B,0.00%,$0.00B,$0.02B,0.00%,$0.00B,$0.03B,0.00%,$0.00B,$0.02B,0.00%,$37,$36,$1,$0,$2,$38,$-1,$-0,$-1,$-0,$-0,$-0,$-0,$-0,$-1,$6,6,$-0.06,$-0.06,$2,$12,$0,$25,$2,$2,$1,$1,$5,$30,$7,$0,$1,$1,$7,$0,$7,$0,$23,$30,$1,$0,$1,$1,$6,$1,$0,$0,$2,$2,$-0,$0,$0,$0,$-2,$-2,$0,$-2,$0,$-2,$-2,$0,$0,$-0,$0,$-2,$-2,$0,$-0
26,2012-01-31,8.19,$3.67,2.23,$30.04,0.27,$-0.33,0.0,$0.20,40.95,$0.04B,$0.02B,2.21,$0.00B,$0.02B,0.0,$0.18B,$0.01B,5.62%,$0.18B,$0.00B,1.69%,$0.18B,$0.00B,1.69%,$0.18B,$0.00B,1.69%,$0.18B,$0.00B,1.69%,$0.18B,$0.00B,0.56%,$0.00B,$0.02B,5.33%,$0.00B,$0.02B,5.41%,$0.00B,$0.04B,2.80%,$0.00B,$0.02B,16.00%,$57,$52,$4,$0,$2,$54,$3,$-0,$3,$1,$2,$2,$2,$3,$3,$6,7,$0.25,$0.24,$7,$12,$0,$38,$2,$0,$1,$1,$3,$41,$17,$0,$1,$1,$18,$0,$8,$0,$23,$41,$2,$0,$1,$1,$-2,$1,$0,$0,$3,$4,$-0,$0,$0,$0,$-0,$-0,$0,$-0,$0,$-0,$-0,$0,$0,$-0,$0,$-0,$3,$0,$-0
27,2011-10-31,10.18,$3.45,2.95,$26.18,0.39,$-0.53,0.0,$0.15,67.89,$0.04B,$0.02B,2.22,$0.00B,$0.02B,0.0,$0.15B,$0.01B,6.12%,$0.15B,$0.00B,0.68%,$0.15B,$0.00B,0.68%,$0.15B,$0.00B,1.36%,$0.15B,$0.00B,0.68%,$0.15B,0,0.00%,$0.00B,$0.02B,0.00%,$0.00B,$0.02B,0.00%,$0.00B,$0.04B,0.00%,$0.00B,$0.02B,6.06%,$48,$48,$-0,$0,$2,$50,$-2,$-0,$-2,$-1,$-2,$-2,$-2,$-2,$-2,$6,6,$-0.29,$-0.30,$4,$13,$0,$36,$2,$0,$1,$1,$3,$39,$16,$0,$1,$1,$17,$0,$6,$0,$22,$39,$1,$0,$-1,$-0,$-7,$-5,$0,$1,$-7,$-4,$-1,$0,$0,$0,$0,$0,$0,$-1,$0,$-0,$-0,$8,$8,$-1,$0,$7,$3,$0,$-1
28,2011-07-31,18.95,$2.81,6.74,$22.19,0.85,$0.02,910.98,$0.55,34.45,$0.03B,$0.02B,1.68,$0.00B,$0.02B,0.0,$0.12B,$0.01B,9.84%,$0.12B,$0.00B,3.28%,$0.12B,$0.00B,3.28%,$0.12B,$0.01B,4.10%,$0.12B,$0.00B,3.28%,$0.12B,$0.00B,2.46%,$0.00B,$0.02B,20.69%,$0.00B,$0.02B,21.05%,$0.00B,$0.04B,10.81%,$0.00B,$0.02B,27.59%,$36,$34,$2,$0,$2,$35,$0,$-0,$0,$0,$0,$0,$0,$0,$0,$5,6,$0.03,$0.03,$4,$13,$0,$32,$2,$0,$1,$1,$3,$35,$19,$0,$1,$1,$20,$0,$8,$0,$15,$35,$2,$0,$-1,$-0,$-4,$-5,$0,$0,$-5,$-1,$-0,$0,$0,$0,$0,$0,$0,$-0,$0,$4,$4,$0,$0,$-1,$0,$4,$2,$0,$-1
29,2011-04-30,5.13,$2.81,1.82,$19.15,0.27,$-0.06,0.0,$0.60,8.55,$0.02B,$0.01B,2.15,$0.00B,$0.02B,0.0,$0.11B,$0.01B,11.43%,$0.11B,$0.01B,4.76%,$0.11B,$0.01B,4.76%,$0.11B,$0.01B,5.71%,$0.11B,$0.01B,4.76%,$0.11B,$0.00B,2.86%,$0.00B,$0.02B,21.43%,$0.00B,$0.02B,22.22%,$0.00B,$0.03B,12.37%,$0.01B,$0.02B,35.71%,$37,$34,$4,$0,$2,$36,$2,$-0,$2,$1,$1,$1,$1,$2,$2,$5,6,$0.22,$0.22,$2,$9,$0,$24,$2,$0,$1,$1,$3,$28,$11,$0,$1,$1,$12,$0,$8,$0,$15,$28,$2,$0,$-0,$0,$-3,$-1,$0,$1,$-1,$2,$-0,$0,$0,$0,$0,$0,$0,$-0,$0,$-1,$-1,$0,$0,$-0,$0,$-1,$0,$0,$-0
30,2011-01-31,3.79,$2.63,1.44,$16.03,0.24,$-0.19,0.0,$0.53,7.15,$0.02B,$0.01B,2.29,$0.00B,$0.01B,0.0,$0.09B,$0.01B,12.50%,$0.09B,$0.00B,4.55%,$0.09B,$0.00B,4.55%,$0.09B,$0.01B,5.68%,$0.09B,$0.00B,4.55%,$0.09B,$0.00B,3.41%,$0.00B,$0.01B,22.22%,$0.00B,$0.01B,23.08%,$0.00B,$0.02B,13.79%,$0.00B,$0.01B,29.63%,$26,$23,$3,$0,$2,$24,$1,$0,$1,$0,$1,$1,$1,$2,$1,$5,6,$0.19,$0.19,$3,$7,$0,$21,$2,$0,$1,$1,$3,$24,$9,$0,$1,$1,$10,$0,$7,$0,$14,$24,$1,$0,$-0,$0,$-2,$1,$0,$1,$1,$2,$-0,$0,$0,$0,$0,$0,$0,$-0,$0,$-0,$-0,$0,$0,$-0,$0,$-1,$1,$0,$-0
31,2010-10-31,3.73,$2.46,1.51,$15.29,0.24,$-0.54,0.0,$0.44,8.48,$0.02B,$0.01B,2.15,$0.00B,$0.01B,0.0,$0.08B,$0.01B,13.25%,$0.08B,$0.00B,4.82%,$0.08B,$0.00B,4.82%,$0.08B,$0.00B,4.82%,$0.08B,$0.00B,4.82%,$0.08B,$0.00B,3.61%,$0.00B,$0.01B,23.08%,$0.00B,$0.01B,24.00%,$0.00B,$0.02B,14.46%,$0.00B,$0.01B,30.77%,$23,$21,$3,$0,$2,$22,$1,$-0,$1,$0,$1,$1,$1,$1,$1,$5,5,$0.11,$0.11,$2,$8,$0,$21,$2,$0,$1,$1,$3,$24,$10,$0,$1,$1,$10,$0,$6,$0,$14,$24,$2,$0,$0,$1,$1,$-2,$0,$-1,$-1,$1,$-3,$0,$0,$0,$0,$0,$0,$-3,$0,$2,$2,$0,$0,$-0,$0,$1,$-0,$0,$-0
32,2010-07-31,4.63,$2.41,1.92,$14.81,0.31,$-0.29,0.0,$0.64,7.23,$0.02B,$0.01B,2.55,$0.00B,$0.01B,0.0,$0.08B,$0.01B,13.75%,$0.08B,$0.00B,5.00%,$0.08B,$0.00B,5.00%,$0.08B,$0.00B,5.00%,$0.08B,$0.01B,7.50%,$0.08B,$0.00B,5.00%,$0.00B,$0.01B,32.65%,$0.00B,$0.01B,33.33%,$0.00B,$0.02B,20.25%,$0.00B,$0.01B,32.65%,$19,$17,$2,$0,$2,$18,$1,$-0,$1,$0,$0,$0,$0,$1,$1,$5,5,$0.08,$0.08,$0,$8,$1,$18,$2,$0,$1,$1,$3,$21,$7,$0,$1,$1,$8,$0,$6,$0,$13,$21,$2,$0,$0,$0,$3,$-1,$0,$-2,$-1,$0,$-3,$0,$0,$0,$0,$0,$0,$-3,$0,$1,$1,$0,$0,$-0,$0,$1,$-1,$0,$-0
33,2010-04-30,4.96,$2.30,2.15,$14.52,0.34,$0.06,80.26,$0.71,6.99,$0.02B,$0.01B,3.44,$0.00B,$0.01B,0.0,$0.08B,$0.01B,15.38%,$0.08B,$0.00B,5.13%,$0.08B,$0.00B,5.13%,$0.08B,$0.01B,6.41%,$0.08B,$0.01B,7.69%,$0.08B,$0.01B,6.41%,$0.01B,$0.01B,44.44%,$0.01B,$0.01B,44.44%,$0.01B,$0.02B,25.64%,$0.00B,$0.01B,35.56%,$20,$17,$3,$0,$2,$19,$1,$-0,$1,$0,$1,$1,$1,$1,$1,$5,5,$0.15,$0.15,$1,$5,$1,$16,$2,$0,$0,$1,$2,$18,$5,$0,$1,$1,$5,$0,$5,$0,$13,$18,$1,$0,$0,$0,$2,$-0,$0,$0,$-1,$1,$-0,$0,$0,$0,$0,$0,$0,$-0,$0,$-1,$-1,$0,$0,$0,$0,$-1,$-0,$0,$0
34,2010-01-31,3.69,$2.16,1.71,$14.14,0.26,$-0.28,0.0,$0.63,5.86,$0.02B,$0.01B,2.43,$0.00B,$0.01B,0.0,$0.08B,$0.01B,14.47%,$0.08B,$0.00B,5.26%,$0.08B,$0.00B,5.26%,$0.08B,$0.01B,6.58%,$0.08B,$0.01B,7.89%,$0.08B,$0.00B,5.26%,$0.00B,$0.01B,39.02%,$0.00B,$0.01B,39.02%,$0.00B,$0.02B,20.25%,$0.00B,$0.01B,39.02%,$21,$19,$3,$0,$2,$20,$1,$-0,$1,$0,$1,$1,$1,$1,$1,$5,5,$0.10,$0.10,$2,$5,$1,$18,$2,$0,$0,$1,$2,$20,$7,$0,$1,$1,$8,$0,$5,$0,$12,$20,$1,$0,$-0,$0,$1,$-0,$0,$0,$-1,$0,$-0,$0,$0,$0,$0,$0,$0,$-0,$0,$1,$1,$0,$0,$0,$0,$1,$1,$0,$0
35,2009-10-31,3.79,$2.05,1.84,$13.68,0.28,$-0.02,0.0,$0.60,6.31,$0.02B,$0.01B,2.19,$0.00B,$0.01B,0.0,$0.07B,$0.01B,13.51%,$0.07B,$0.00B,5.41%,$0.07B,$0.00B,5.41%,$0.07B,$0.01B,6.76%,$0.07B,$0.01B,8.11%,$0.07B,$0.00B,4.05%,$0.00B,$0.01B,32.43%,$0.00B,$0.01B,32.43%,$0.00B,$0.02B,15.00%,$0.00B,$0.01B,40.00%,$20,$18,$3,$0,$2,$20,$1,$2,$3,$1,$2,$2,$2,$1,$1,$5,5,$0.31,$0.31,$2,$5,$0,$18,$2,$0,$0,$1,$2,$20,$8,$0,$1,$1,$9,$0,$4,$0,$11,$20,$3,$1,$1,$1,$-1,$0,$0,$-0,$-2,$0,$-0,$0,$3,$0,$0,$0,$0,$3,$0,$-3,$-3,$-0,$-0,$0,$0,$-3,$0,$0,$0
36,2009-07-31,3.41,$1.73,1.97,$13.66,0.25,$-0.18,0.0,$0.29,11.75,$0.02B,$0.01B,1.8,$0.00B,$0.01B,0.0,$0.07B,$0.01B,9.46%,$0.07B,$0.00B,1.35%,$0.07B,$0.00B,1.35%,$0.07B,$0.00B,2.70%,$0.07B,$0.00B,1.35%,$0.07B,0,0.00%,$0.00B,$0.01B,0.00%,$0.00B,$0.01B,0.00%,$0.00B,$0.02B,0.00%,$0.00B,$0.01B,10.81%,$17,$14,$3,$0,$2,$16,$1,$-0,$1,$1,$1,$1,$1,$2,$1,$5,5,$0.15,$0.15,$2,$5,$2,$18,$2,$0,$0,$1,$2,$20,$10,$0,$1,$1,$10,$0,$2,$0,$9,$20,$2,$0,$1,$1,$1,$1,$0,$0,$-2,$-0,$-0,$0,$0,$0,$0,$0,$0,$-0,$0,$1,$1,$-0,$-0,$0,$0,$1,$1,$0,$0
37,2009-04-30,3.5,$1.59,2.21,$13.71,0.26,$-0.09,0.0,$0.14,25.02,$0.02B,$0.01B,1.65,$0.00B,$0.01B,0.0,$0.08B,$0.01B,9.33%,$0.08B,$0.00B,1.33%,$0.08B,$0.00B,1.33%,$0.08B,$0.00B,1.33%,$0.08B,$0.00B,1.33%,$0.08B,0,0.00%,$0.00B,$0.01B,0.00%,$0.00B,$0.01B,0.00%,$0.00B,$0.02B,0.00%,$0.00B,$0.01B,10.81%,$18,$16,$2,$0,$1,$17,$1,$-0,$1,$0,$0,$0,$0,$1,$1,$5,5,$0.07,$0.07,$1,$4,$1,$15,$3,$0,$0,$0,$3,$19,$9,$0,$0,$1,$10,$0,$2,$0,$9,$19,$1,$0,$1,$1,$1,$1,$0,$-0,$-2,$-1,$-0,$0,$0,$0,$0,$0,$0,$-0,$0,$1,$1,$-0,$-0,$0,$0,$1,$0,$0,$0
38,2009-01-31,0.85,$1.51,0.56,$13.73,0.06,$0.27,3.14,$-0.30,0.0,$0.02B,$0.01B,1.96,$0.00B,$0.01B,0.37,$0.08B,$0.00B,4.00%,$0.08B,$-0.00B,-4.00%,$0.08B,$-0.00B,-4.00%,$0.08B,$-0.00B,-4.00%,$0.08B,$-0.00B,-4.00%,$0.08B,$-0.00B,-2.67%,$-0.00B,$0.01B,-23.53%,$-0.00B,$0.01B,-23.53%,$-0.00B,$0.02B,-10.26%,$-0.00B,$0.01B,-32.43%,$19,$17,$2,$0,$1,$18,$1,$-0,$1,$0,$0,$0,$0,$1,$1,$5,5,$0.07,$0.07,$2,$5,$1,$17,$3,$0,$0,$1,$3,$21,$9,$3,$0,$4,$12,$0,$1,$0,$8,$21,$0,$0,$0,$0,$1,$0,$0,$-0,$1,$1,$-0,$0,$0,$0,$0,$0,$0,$-0,$0,$-0,$-0,$-0,$-0,$0,$0,$-0,$1,$0,$0
39,2008-10-31,1.54,$1.44,1.07,$12.98,0.12,$0.08,18.91,$-0.37,0.0,$0.02B,$0.01B,1.4,$0.00B,$0.01B,0.0,$0.07B,$0.00B,4.23%,$0.07B,$-0.00B,-5.63%,$0.07B,$-0.00B,-5.63%,$0.07B,$-0.00B,-5.63%,$0.07B,$-0.00B,-5.63%,$0.07B,$-0.00B,-2.82%,$-0.00B,$0.01B,-21.62%,$-0.00B,$0.01B,-21.62%,$-0.00B,$0.02B,-10.53%,$-0.00B,$0.01B,-43.24%,$20,$21,$-0,$0,$2,$22,$-2,$-0,$-2,$-1,$-1,$-1,$-1,$-2,$-2,$5,5,$-0.23,$-0.23,$1,$5,$0,$18,$3,$0,$0,$1,$3,$21,$13,$0,$0,$1,$13,$0,$1,$0,$8,$21,$-3,$1,$-1,$-0,$-2,$-1,$0,$3,$2,$-0,$-0,$0,$0,$0,$0,$0,$-0,$-0,$0,$3,$3,$-0,$-0,$-2,$0,$1,$0,$0,$-2
40,2008-07-31,2.03,$1.68,1.21,$12.21,0.17,$0.49,4.11,$-0.37,0.0,$0.01B,$0.01B,1.75,$0.00B,$0.01B,0.0,$0.07B,$0.01B,7.35%,$0.07B,$-0.00B,-2.94%,$0.07B,$-0.00B,-2.94%,$0.07B,$-0.00B,-2.94%,$0.07B,$-0.00B,-2.94%,$0.07B,$-0.00B,-1.47%,$-0.00B,$0.01B,-9.76%,$-0.00B,$0.01B,-9.76%,$-0.00B,$0.02B,-5.33%,$-0.00B,$0.01B,-19.51%,$18,$15,$3,$0,$2,$17,$1,$-0,$1,$0,$1,$1,$1,$1,$1,$5,5,$0.10,$0.10,$1,$5,$1,$14,$3,$0,$0,$1,$3,$18,$8,$0,$0,$0,$9,$0,$2,$0,$9,$18,$-1,$0,$-1,$-0,$1,$-0,$0,$3,$2,$1,$-0,$0,$0,$0,$0,$0,$0,$-0,$0,$1,$1,$-0,$-0,$-2,$0,$-0,$-0,$0,$-2
41,2008-04-30,2.41,$1.58,1.53,$11.51,0.21,$0.62,3.87,$-0.37,0.0,$0.02B,$0.01B,1.63,$0.00B,$0.01B,0.0,$0.06B,$0.00B,6.25%,$0.06B,$-0.00B,-4.69%,$0.06B,$-0.00B,-4.69%,$0.06B,$-0.00B,-3.13%,$0.06B,$-0.00B,-4.69%,$0.06B,$-0.00B,-3.13%,$-0.00B,$0.01B,-25.00%,$-0.00B,$0.01B,-25.00%,$-0.00B,$0.02B,-14.04%,$-0.00B,$0.01B,-37.50%,$18,$20,$-2,$0,$2,$22,$-3,$-0,$-3,$-1,$-2,$-2,$-2,$-3,$-3,$5,5,$-0.37,$-0.37,$2,$4,$1,$15,$3,$0,$0,$0,$3,$18,$9,$0,$0,$0,$9,$0,$2,$0,$9,$18,$-2,$0,$-1,$-1,$1,$0,$0,$3,$4,$1,$-0,$0,$0,$0,$0,$0,$0,$-0,$0,$2,$2,$-0,$-0,$-2,$0,$-0,$1,$0,$-2
42,2008-01-31,3.91,$1.96,2.0,$10.77,0.36,$0.74,5.27,0,0.0,$0.02B,$0.01B,2.06,$0.00B,$0.01B,0.0,$0.06B,$0.01B,13.33%,$0.06B,$0.00B,1.67%,$0.06B,$0.00B,1.67%,$0.06B,$0.00B,3.33%,$0.06B,0,0.00%,$0.06B,0,0.00%,$0.00B,$0.01B,0.00%,$0.00B,$0.01B,0.00%,$0.00B,$0.02B,0.00%,$0.00B,$0.01B,17.39%,$15,$13,$2,$0,$2,$15,$0,$-0,$0,$0,$0,$0,$0,$0,$0,$6,6,$0.03,$0.03,$1,$5,$3,$15,$3,$0,$0,$1,$3,$19,$7,$0,$0,$1,$8,$0,$4,$0,$11,$19,$0,$0,$0,$0,$2,$-0,$0,$0,$0,$0,$-0,$0,$0,$0,$0,$0,$0,$-0,$0,$-0,$-0,$-0,$-0,$0,$0,$-0,$0,$0,$0
43,2007-10-31,4.59,$2.21,2.08,$10.31,0.45,$1.10,4.19,0,0.0,$0.02B,$0.01B,2.23,$0.00B,$0.01B,0.0,$0.06B,$0.01B,13.79%,$0.06B,$0.00B,1.72%,$0.06B,$0.00B,1.72%,$0.06B,$0.00B,3.45%,$0.06B,0,0.00%,$0.06B,0,0.00%,$0.00B,$0.01B,0.00%,$0.00B,$0.01B,0.00%,$0.00B,$0.02B,0.00%,$0.00B,$0.01B,33.33%,$17,$14,$2,$0,$2,$16,$0,$0,$0,$0,$-0,$-0,$-0,$0,$0,$6,6,$-0.02,$-0.02,$1,$4,$3,$17,$3,$0,$0,$1,$3,$20,$8,$0,$0,$1,$8,$0,$5,$0,$12,$20,$1,$0,$0,$1,$-1,$-2,$0,$1,$0,$2,$-1,$0,$0,$0,$0,$0,$0,$-1,$0,$-2,$-2,$-0,$-0,$0,$0,$-2,$-0,$0,$0
44,2007-07-31,4.73,$0.00,0.0,$9.34,0.51,$0.83,5.71,$0.03,157.53,$0.00B,$0.00B,0.0,$0.00B,$0.00B,0.0,$0.05B,$0.02B,33.96%,$0.05B,$0.01B,24.53%,$0.05B,$0.01B,24.53%,$0.05B,$0.01B,26.42%,$0.05B,$0.01B,22.64%,$0.05B,0,0.00%,$0.00B,$0.00B,nan%,$0.00B,$0.00B,nan%,$0.00B,$0.00B,nan%,$0.01B,$0.00B,inf%,$14,$12,$2,$0,$2,$14,$0,$0,$0,$0,$0,$0,$0,$1,$0,$6,6,$0.07,$0.07,$0,$0,$0,$0,$0,$0,$0,$0,$0,$0,$0,$0,$0,$0,$0,$0,$0,$0,$0,$0,$1,$0,$0,$0,$1,$-1,$0,$0,$-0,$1,$-0,$0,$0,$0,$0,$0,$0,$-0,$0,$0,$0,$-0,$-0,$0,$0,$0,$1,$0,$0
45,2007-04-30,3.75,$0.00,0.0,$6.81,0.55,$0.66,5.66,$0.03,124.84,$0.00B,$0.00B,0.0,$0.00B,$0.00B,0.0,$0.05B,$0.02B,33.96%,$0.05B,$0.01B,26.42%,$0.05B,$0.01B,26.42%,$0.05B,$0.01B,26.42%,$0.05B,$0.01B,24.53%,$0.05B,$0.00B,1.89%,$0.00B,$0.00B,36.36%,$0.00B,$0.00B,36.36%,$0.00B,$0.00B,25.00%,$0.01B,$0.00B,509.09%,$14,$12,$2,$0,$2,$14,$1,$-0,$0,$0,$0,$0,$0,$1,$1,$6,6,$0.06,$0.06,$0,$0,$0,$0,$0,$0,$0,$0,$0,$0,$0,$0,$0,$0,$0,$0,$0,$0,$0,$0,$1,$0,$0,$0,$2,$-1,$0,$0,$1,$2,$-0,$0,$0,$0,$0,$0,$0,$-0,$0,$-1,$-1,$0,$0,$0,$0,$-1,$1,$0,$0
