,Date,Stock Price,Book Value per Share,Price to Book Ratio,TTM Sales per Share,Price to Sales Ratio,TTM FCF per Share,Price to FCF Ratio,TTM Net EPS,PE Ratio,Current Assets,Current Liabilities,Current Ratio,Long Term Debt,Shareholder's Equity_x,Debt to Equity Ratio,TTM Revenue_x,TTM Gross Profit,Gross Margin,TTM Revenue_y,TTM Operating Income,Operating Margin,TTM Revenue_x,TTM EBIT,EBIT Margin,TTM Revenue_y,TTM EBITDA,EBITDA Margin,TTM Revenue_x,TTM Pre-Tax Income,Pre-Tax Margin,TTM Revenue_y,TTM Net Income_x,Net Margin,TTM Net Income_y,Shareholder's Equity_y,Return on Equity,TTM Net Income_x,Tangible Equity,Return on Tangible Equity,TTM Net Income_y,Total Assets,Return on Assets,TTM Net Income,LT Investments & Debt,Return on Investment,revenue,cost-goods-sold,gross-profit,research-development-expenses,selling-general-administrative-expenses,operating-expenses,operating-income,total-non-operating-income-expense,pre-tax-income,total-provision-income-taxes,income-after-taxes,income-from-continuous-operations,net-income,ebitda,ebit,basic-shares-outstanding,shares-outstanding,eps-basic-net-earnings-per-share,eps-earnings-per-share-diluted,cash-on-hand,inventory,other-current-assets,total-current-assets,net-property-plant-equipment,long-term-investments,goodwill-intangible-assets-total,other-long-term-assets,total-long-term-assets,total-assets,total-current-liabilities,long-term-debt,other-non-current-liabilities,total-long-term-liabilities,total-liabilities,common-stock-net,retained-earnings-accumulated-deficit,comprehensive-income,total-share-holder-equity,total-liabilities-share-holders-equity,net-income-loss,total-depreciation-amortization-cash-flow,other-non-cash-items,total-non-cash-items,change-in-accounts-receivable,change-in-inventories,change-in-accounts-payable,change-in-assets-liabilities,total-change-in-assets-liabilities,cash-flow-from-operating-activities,net-change-in-property-plant-equipment,net-change-in-intangible-assets,net-acquisitions-divestitures,net-change-in-short-term-investments,net-change-in-long-term-investments,net-change-in-investments-total,investing-activities-other,cash-flow-from-investing-activities,net-long-term-debt,net-current-debt,debt-issuance-retirement-net-total,net-common-equity-issued-repurchased,net-total-equity-issued-repurchased,total-common-preferred-stock-dividends-paid,financial-activities-other,cash-flow-from-financial-activities,net-cash-flow,stock-based-compensation,common-stock-dividends-paid
0,2018-09-30,70.02,$10.42,6.72,$38.67,1.81,$5.59,12.52,$5.30,13.21,$3.40B,$4.03B,0.84,$8.72B,$3.62B,2.41,$13.48B,$5.10B,37.84%,$13.48B,$2.33B,17.26%,$13.48B,$2.33B,17.26%,$13.48B,$2.82B,20.89%,$13.48B,$2.03B,15.07%,$13.48B,$1.85B,13.73%,$1.85B,$3.62B,62.96%,$1.85B,$-5.81B,-31.62%,$1.85B,$18.11B,10.73%,$2.33B,$12.33B,20.72%,$3469,$2293,$1176,$0,$780,$3073,$396,$58,$454,$69,$385,$383,$380,$536,$396,$347,349,$1.10,$1.09,$309,$1319,$163,$3403,$3639,$422,$9427,$1223,$14711,$18114,$4030,$8715,$489,$10469,$14499,$105,$7929,$-1512,$3615,$18114,$1426,$374,$-617,$-243,$-139,$-67,$103,$-154,$-257,$926,$-389,$0,$-28,$0,$-395,$-395,$27,$-785,$592,$-198,$394,$40,$40,$-568,$-2,$-136,$28,$42,$-568
1,2018-06-30,69.87,$9.81,7.12,$38.05,1.84,$3.53,19.81,$5.06,13.81,$3.27B,$3.97B,0.82,$8.74B,$3.40B,2.57,$13.26B,$5.10B,38.44%,$13.26B,$2.27B,17.08%,$13.26B,$2.27B,17.08%,$13.26B,$2.74B,20.66%,$13.26B,$1.96B,14.81%,$13.26B,$1.76B,13.27%,$1.76B,$3.40B,69.74%,$1.76B,$-6.06B,-30.28%,$1.76B,$17.90B,10.57%,$2.27B,$12.14B,21.69%,$3360,$2151,$1209,$0,$735,$2886,$474,$-3,$471,$70,$401,$599,$596,$586,$474,$347,348,$1.72,$1.71,$257,$1291,$189,$3267,$3638,$421,$9463,$1112,$14634,$17901,$3966,$8737,$548,$10531,$14497,$105,$7743,$-1501,$3404,$17901,$1043,$234,$-528,$-294,$-83,$-38,$64,$-245,$-302,$447,$-270,$0,$-28,$0,$-392,$-392,$29,$-661,$592,$-76,$516,$20,$20,$-374,$0,$162,$-24,$30,$-374
2,2018-03-31,64.47,$7.36,8.76,$37.42,1.72,$2.52,25.6,$4.15,15.53,$3.32B,$4.52B,0.74,$7.88B,$2.55B,3.09,$13.08B,$5.11B,39.11%,$13.08B,$2.18B,16.64%,$13.08B,$2.18B,16.64%,$13.08B,$2.66B,20.33%,$13.08B,$1.88B,14.36%,$13.08B,$1.45B,11.07%,$1.45B,$2.55B,67.77%,$1.45B,$-5.61B,-25.28%,$1.45B,$16.70B,9.01%,$2.18B,$10.44B,22.55%,$3401,$2149,$1252,$0,$742,$2891,$510,$1,$511,$67,$444,$444,$444,$632,$510,$346,348,$1.28,$1.27,$370,$1214,$135,$3320,$3713,$425,$8164,$1080,$13382,$16702,$4515,$7881,$583,$9633,$14148,$105,$7334,$-1407,$2554,$16702,$444,$122,$-81,$41,$-175,$13,$-4,$-91,$-257,$228,$-132,$0,$0,$0,$0,$0,$1,$-131,$0,$99,$99,$50,$50,$-187,$0,$-38,$89,$16,$-187
3,2017-12-31,66.88,$6.34,10.55,$36.82,1.82,$1.78,37.59,$3.62,18.48,$3.04B,$4.52B,0.67,$7.84B,$2.19B,3.57,$12.92B,$5.02B,38.86%,$12.92B,$1.95B,15.06%,$12.92B,$1.95B,15.06%,$12.92B,$2.43B,18.78%,$12.92B,$1.67B,12.95%,$12.92B,$1.27B,9.82%,$1.27B,$2.19B,63.38%,$1.27B,$-5.95B,-22.28%,$1.27B,$16.35B,8.06%,$1.95B,$10.03B,21.10%,$3254,$1789,$1465,$0,$517,$2306,$948,$-352,$596,$166,$430,$432,$432,$1063,$948,$348,350,$1.25,$1.24,$281,$1217,$149,$3036,$3716,$429,$8143,$1027,$13315,$16351,$4522,$7836,$605,$9635,$14157,$105,$7069,$-1457,$2194,$16351,$1269,$481,$-434,$47,$-57,$80,$193,$-11,$330,$1646,$-501,$0,$-592,$0,$-7,$-7,$6,$-1094,$619,$-68,$551,$-419,$-419,$-736,$0,$-604,$1,$66,$-736
4,2017-09-30,60.86,$5.63,10.81,$36.27,1.68,$1.67,36.34,$2.24,27.17,$3.17B,$4.65B,0.68,$7.22B,$1.94B,3.71,$12.77B,$4.53B,35.51%,$12.77B,$1.10B,8.59%,$12.77B,$1.10B,8.59%,$12.77B,$1.62B,12.71%,$12.77B,$1.04B,8.18%,$12.77B,$0.78B,6.14%,$0.78B,$1.94B,40.51%,$0.78B,$-5.63B,-13.97%,$0.78B,$15.64B,5.08%,$1.10B,$9.16B,12.35%,$3246,$2074,$1172,$0,$839,$2913,$333,$53,$386,$101,$285,$288,$288,$459,$333,$345,348,$0.83,$0.83,$267,$1195,$198,$3172,$3629,$432,$7577,$831,$12469,$15641,$4647,$7216,$491,$9051,$13698,$105,$6862,$-1466,$1943,$15641,$837,$366,$-146,$220,$-1168,$78,$135,$88,$-867,$190,$-374,$0,$4,$0,$-6,$-6,$944,$568,$30,$134,$164,$-429,$-429,$-550,$0,$-815,$-13,$53,$-550
5,2017-06-30,67.23,$5.35,12.57,$36.14,1.86,$4.03,16.7,$2.21,30.42,$3.17B,$4.69B,0.68,$7.12B,$1.85B,3.85,$12.77B,$4.63B,36.21%,$12.77B,$1.17B,9.18%,$12.77B,$1.17B,9.18%,$12.77B,$1.68B,13.14%,$12.77B,$1.01B,7.93%,$12.77B,$0.79B,6.17%,$0.79B,$1.85B,39.41%,$0.79B,$-5.70B,-14.41%,$0.79B,$15.54B,5.13%,$1.17B,$8.97B,13.47%,$3175,$1950,$1225,$0,$840,$2790,$385,$0,$385,$102,$283,$283,$283,$504,$385,$349,352,$0.81,$0.80,$334,$1201,$205,$3167,$3613,$435,$7550,$770,$12368,$15535,$4688,$7123,$476,$8997,$13685,$105,$6752,$-1495,$1850,$15535,$549,$240,$-118,$122,$-716,$63,$70,$4,$-579,$92,$-268,$0,$4,$0,$0,$0,$564,$300,$29,$287,$316,$-325,$-325,$-363,$0,$-372,$54,$36,$-363
6,2017-03-31,69.78,$5.78,12.08,$36.35,1.92,$5.65,12.34,$2.20,31.72,$3.15B,$4.73B,0.67,$6.72B,$2.02B,3.32,$12.87B,$4.67B,36.29%,$12.87B,$1.24B,9.61%,$12.87B,$1.24B,9.61%,$12.87B,$1.76B,13.68%,$12.87B,$1.01B,7.87%,$12.87B,$0.79B,6.10%,$0.79B,$2.02B,38.54%,$0.79B,$-5.50B,-14.66%,$0.79B,$15.43B,5.13%,$1.24B,$8.74B,14.50%,$3248,$2088,$1160,$0,$880,$2968,$280,$27,$307,$43,$264,$266,$266,$401,$280,$351,354,$0.76,$0.75,$298,$1195,$189,$3146,$3576,$440,$7526,$739,$12281,$15427,$4732,$6715,$494,$8673,$13405,$105,$6650,$-1488,$2022,$15427,$266,$121,$-99,$22,$-437,$58,$11,$46,$-322,$-34,$-130,$0,$0,$0,$0,$0,$244,$114,$-1,$191,$190,$-85,$-85,$-182,$0,$-77,$18,$17,$-182
7,2016-12-31,70.34,$5.49,12.82,$36.74,1.91,$5.72,12.29,$1.95,36.07,$2.94B,$4.47B,0.66,$6.70B,$1.93B,3.48,$13.01B,$4.76B,36.54%,$13.01B,$1.40B,10.72%,$13.01B,$1.40B,10.72%,$13.01B,$1.91B,14.69%,$13.01B,$0.93B,7.12%,$13.01B,$0.69B,5.33%,$0.69B,$1.93B,33.99%,$0.69B,$-5.61B,-13.13%,$0.69B,$15.11B,4.54%,$1.40B,$8.62B,16.56%,$3097,$2121,$976,$0,$878,$2999,$98,$-132,$-34,$18,$-52,$-52,$-53,$258,$98,$350,354,$-0.15,$-0.14,$280,$1238,$191,$2940,$3569,$438,$7535,$629,$12171,$15111,$4474,$6698,$464,$8711,$13185,$105,$6571,$-1575,$1926,$15111,$695,$517,$223,$740,$21,$7,$124,$35,$193,$1628,$-507,$0,$-398,$0,$25,$25,$-13,$-893,$920,$-788,$132,$-58,$-58,$-716,$0,$-642,$29,$63,$-716
8,2016-09-30,73.41,$6.29,11.68,$36.81,1.99,$5.75,12.76,$1.98,37.08,$3.30B,$5.00B,0.66,$6.30B,$2.20B,2.86,$13.06B,$4.74B,36.30%,$13.06B,$1.26B,9.63%,$13.06B,$1.26B,9.63%,$13.06B,$1.76B,13.49%,$13.06B,$0.85B,6.51%,$13.06B,$0.71B,5.41%,$0.71B,$2.20B,33.70%,$0.71B,$-5.06B,-13.69%,$0.71B,$15.32B,4.61%,$1.26B,$8.50B,15.49%,$3254,$1990,$1264,$0,$854,$2844,$410,$-55,$355,$62,$293,$292,$292,$516,$410,$350,354,$0.83,$0.82,$346,$1220,$207,$3296,$3558,$438,$7258,$513,$12023,$15319,$5001,$6296,$385,$8118,$13119,$105,$6807,$-1505,$2200,$15319,$747,$357,$-66,$291,$-208,$25,$139,$-57,$-17,$1021,$-376,$0,$-21,$0,$27,$27,$-11,$-381,$831,$-749,$82,$-70,$-70,$-533,$0,$-521,$95,$45,$-533
9,2016-06-30,76.88,$5.73,13.42,$36.97,2.08,$5.56,13.82,$1.74,44.18,$3.42B,$5.27B,0.65,$6.28B,$2.00B,3.14,$13.13B,$4.71B,35.86%,$13.13B,$1.18B,9.00%,$13.13B,$1.18B,9.00%,$13.13B,$1.70B,12.93%,$13.13B,$0.77B,5.84%,$13.13B,$0.62B,4.71%,$0.62B,$2.00B,27.97%,$0.62B,$-5.25B,-12.28%,$0.62B,$15.39B,4.03%,$1.18B,$8.28B,14.55%,$3268,$1998,$1270,$0,$821,$2819,$449,$-64,$385,$106,$279,$280,$280,$585,$449,$350,354,$0.80,$0.79,$531,$1216,$201,$3421,$3543,$435,$7245,$497,$11966,$15387,$5271,$6277,$382,$8116,$13387,$105,$6701,$-1494,$2000,$15387,$455,$251,$-31,$220,$-159,$17,$157,$-17,$-27,$648,$-249,$0,$-15,$0,$29,$29,$-15,$-250,$834,$-424,$410,$-153,$-153,$-351,$0,$-94,$280,$30,$-351
10,2016-03-31,71.6,$5.83,12.28,$37.59,1.9,$5.34,13.4,$1.58,45.32,$3.22B,$5.16B,0.62,$6.26B,$2.04B,3.07,$13.36B,$4.68B,35.03%,$13.36B,$1.15B,8.57%,$13.36B,$1.15B,8.57%,$13.36B,$1.66B,12.44%,$13.36B,$0.69B,5.16%,$13.36B,$0.56B,4.21%,$0.56B,$2.04B,23.60%,$0.56B,$-5.23B,-11.53%,$0.56B,$15.30B,3.68%,$1.15B,$8.30B,14.01%,$3395,$2150,$1245,$0,$807,$2957,$438,$-217,$221,$47,$174,$175,$175,$553,$438,$351,355,$0.50,$0.49,$310,$1198,$206,$3219,$3617,$465,$7267,$481,$12078,$15297,$5162,$6256,$384,$8094,$13256,$105,$6595,$-1434,$2041,$15297,$175,$115,$-57,$58,$-201,$49,$89,$-63,$-228,$5,$-144,$0,$-18,$0,$0,$0,$7,$-155,$909,$-485,$424,$-34,$-34,$-176,$0,$214,$59,$15,$-176
11,2015-12-31,67.14,$6.11,10.99,$37.99,1.77,$5.77,11.64,$1.73,38.81,$3.24B,$5.74B,0.56,$5.28B,$2.14B,2.47,$13.53B,$4.68B,34.61%,$13.53B,$1.09B,8.07%,$13.53B,$1.09B,8.07%,$13.53B,$1.63B,12.01%,$13.53B,$0.77B,5.72%,$13.53B,$0.61B,4.54%,$0.61B,$2.14B,24.23%,$0.61B,$-5.10B,-13.00%,$0.61B,$15.25B,4.03%,$1.09B,$7.41B,12.99%,$3142,$2180,$962,$0,$1001,$3181,$-39,$-72,$-111,$-68,$-43,$-40,$-41,$108,$-39,$354,356,$-0.11,$-0.13,$251,$1250,$391,$3236,$3621,$456,$7236,$702,$12015,$15251,$5739,$5275,$468,$7374,$13113,$105,$6597,$-1376,$2138,$15251,$614,$534,$297,$831,$-127,$-42,$427,$-52,$246,$1691,$-553,$0,$-161,$0,$-456,$-456,$43,$-1127,$90,$374,$464,$-470,$-470,$-700,$0,$-706,$-192,$51,$-700
12,2015-09-30,61.38,$7.55,8.13,$38.93,1.58,$5.94,10.34,$1.03,59.59,$3.35B,$5.07B,0.66,$5.83B,$2.67B,2.18,$13.90B,$4.58B,32.92%,$13.90B,$0.71B,5.09%,$13.90B,$0.71B,5.09%,$13.90B,$1.22B,8.80%,$13.90B,$0.41B,2.91%,$13.90B,$0.36B,2.60%,$0.36B,$2.67B,13.35%,$0.36B,$-4.60B,-7.95%,$0.36B,$15.52B,2.38%,$0.71B,$8.50B,8.10%,$3329,$2096,$1233,$0,$899,$2995,$334,$-62,$272,$66,$206,$205,$205,$452,$334,$354,356,$0.58,$0.58,$299,$1210,$194,$3353,$3594,$454,$7269,$565,$12165,$15518,$5072,$5830,$391,$7773,$12845,$105,$6815,$-1322,$2673,$15518,$654,$387,$33,$420,$-214,$1,$162,$-115,$-105,$969,$-389,$0,$-161,$0,$-456,$-456,$43,$-963,$68,$533,$601,$-185,$-185,$-523,$-3,$-110,$-144,$32,$-523
13,2015-06-30,57.4,$7.58,7.58,$39.68,1.45,$6.59,8.71,$1.07,53.65,$3.33B,$4.52B,0.74,$5.80B,$2.67B,2.17,$14.21B,$4.63B,32.62%,$14.21B,$0.74B,5.20%,$14.21B,$0.74B,5.20%,$14.21B,$1.28B,8.98%,$14.21B,$0.45B,3.13%,$14.21B,$0.38B,2.68%,$0.38B,$2.67B,13.11%,$0.38B,$-4.57B,-8.70%,$0.38B,$14.96B,2.49%,$0.74B,$8.47B,8.24%,$3498,$2257,$1241,$0,$829,$3086,$412,$-104,$308,$85,$223,$222,$223,$550,$412,$353,355,$0.63,$0.63,$294,$1211,$240,$3326,$3624,$0,$7244,$489,$11636,$14962,$4519,$5800,$425,$7769,$12288,$105,$6789,$-1281,$2674,$14962,$449,$269,$90,$359,$-207,$5,$154,$-91,$-227,$581,$-258,$0,$-117,$0,$0,$0,$42,$-333,$66,$114,$180,$-195,$-195,$-347,$5,$-357,$-149,$21,$-347
14,2015-03-31,59.91,$7.51,7.97,$40.01,1.5,$6.86,8.73,$1.26,47.55,$3.44B,$4.00B,0.86,$6.56B,$2.65B,2.47,$14.39B,$4.80B,33.38%,$14.39B,$0.79B,5.52%,$14.39B,$0.79B,5.52%,$14.39B,$1.31B,9.11%,$14.39B,$0.56B,3.87%,$14.39B,$0.45B,3.15%,$0.45B,$2.65B,14.20%,$0.45B,$-4.62B,-10.95%,$0.45B,$15.21B,2.93%,$0.79B,$9.21B,8.53%,$3556,$2311,$1245,$0,$861,$3172,$384,$-80,$304,$76,$228,$227,$227,$515,$384,$355,357,$0.64,$0.64,$349,$1199,$220,$3441,$3719,$0,$7275,$519,$11767,$15208,$4000,$6561,$396,$8556,$12556,$105,$6739,$-1291,$2652,$15208,$227,$131,$22,$153,$-240,$70,$92,$-92,$-220,$160,$-148,$0,$-117,$0,$0,$0,$3,$-262,$429,$-19,$410,$-228,$-228,$-174,$5,$13,$-94,$10,$-174
15,2014-12-31,59.0,$8.01,7.37,$40.39,1.46,$7.30,8.08,$1.74,33.91,$3.34B,$4.36B,0.77,$5.94B,$2.85B,2.08,$14.58B,$5.06B,34.73%,$14.58B,$1.02B,7.02%,$14.58B,$1.02B,7.02%,$14.58B,$1.53B,10.47%,$14.58B,$0.83B,5.66%,$14.58B,$0.63B,4.33%,$0.63B,$2.85B,18.48%,$0.63B,$-4.42B,-16.03%,$0.63B,$15.15B,4.05%,$1.02B,$8.79B,11.06%,$3514,$2658,$856,$0,$1278,$3936,$-422,$-57,$-479,$-187,$-292,$-293,$-293,$-294,$-422,$358,360,$-0.82,$-0.81,$443,$1279,$342,$3340,$3769,$1,$7266,$777,$11813,$15153,$4364,$5935,$500,$7938,$12302,$105,$6689,$-1213,$2851,$15153,$633,$503,$408,$911,$131,$-30,$96,$-5,$249,$1793,$-582,$0,$0,$0,$-6,$-6,$15,$-573,$-8,$89,$81,$-473,$-473,$-680,$9,$-1063,$170,$37,$-680
16,2014-09-30,55.12,$9.70,5.68,$40.22,1.37,$7.14,7.72,$4.80,11.48,$3.57B,$4.66B,0.77,$5.96B,$3.45B,1.73,$14.57B,$5.99B,41.12%,$14.57B,$2.71B,18.58%,$14.57B,$2.71B,18.58%,$14.57B,$3.27B,22.47%,$14.57B,$2.52B,17.29%,$14.57B,$1.74B,11.97%,$1.74B,$3.45B,48.29%,$1.74B,$-3.90B,-45.98%,$1.74B,$15.77B,11.10%,$2.71B,$9.41B,28.36%,$3639,$2347,$1292,$0,$927,$3274,$365,$-53,$312,$86,$226,$225,$224,$505,$365,$358,360,$0.63,$0.62,$426,$1208,$166,$3572,$3790,$0,$7348,$550,$12200,$15772,$4662,$5963,$430,$7665,$12327,$105,$7161,$-1016,$3445,$15772,$926,$375,$-115,$260,$-122,$40,$34,$-5,$-9,$1177,$-355,$0,$0,$0,$-6,$-6,$13,$-348,$-7,$339,$332,$-526,$-526,$-506,$12,$-688,$153,$0,$-506
17,2014-06-30,58.35,$10.59,5.51,$40.32,1.45,$7.68,7.6,$5.08,11.49,$3.49B,$4.30B,0.81,$6.03B,$3.81B,1.58,$14.64B,$6.15B,41.98%,$14.64B,$2.85B,19.43%,$14.64B,$2.85B,19.43%,$14.64B,$3.39B,23.12%,$14.64B,$2.66B,18.15%,$14.64B,$1.85B,12.60%,$1.85B,$3.81B,53.14%,$1.85B,$-3.60B,-46.77%,$1.85B,$15.81B,11.86%,$2.85B,$9.84B,29.94%,$3685,$2274,$1411,$0,$944,$3218,$467,$-47,$420,$122,$298,$295,$295,$586,$467,$359,362,$0.82,$0.82,$290,$1303,$185,$3491,$3879,$0,$7416,$526,$12322,$15813,$4295,$6029,$421,$7705,$12000,$105,$7113,$-928,$3813,$15813,$701,$235,$-46,$189,$-136,$-55,$30,$-23,$-236,$654,$-226,$0,$0,$0,$0,$0,$0,$-226,$-5,$118,$113,$-196,$-196,$-331,$6,$-408,$17,$0,$-331
18,2014-03-31,55.32,$9.95,5.56,$40.26,1.37,$7.77,7.12,$5.22,10.6,$3.50B,$5.07B,0.69,$5.41B,$3.57B,1.52,$14.67B,$6.21B,42.35%,$14.67B,$2.95B,20.09%,$14.67B,$2.95B,20.09%,$14.67B,$3.48B,23.74%,$14.67B,$2.74B,18.69%,$14.67B,$1.90B,12.96%,$1.90B,$3.57B,59.93%,$1.90B,$-3.85B,-44.95%,$1.90B,$15.73B,12.37%,$2.95B,$8.99B,31.77%,$3742,$2238,$1504,$0,$890,$3128,$614,$-42,$572,$165,$407,$406,$406,$730,$614,$360,362,$1.13,$1.12,$284,$1277,$183,$3504,$3851,$0,$7418,$440,$12224,$15728,$5073,$5413,$419,$7083,$12156,$105,$6985,$-939,$3572,$15728,$406,$116,$1,$117,$-195,$-29,$-49,$-10,$-255,$268,$-97,$0,$0,$0,$0,$0,$-2,$-99,$-682,$986,$304,$-284,$-284,$-166,$-1,$-147,$11,$0,$-166
19,2013-12-31,53.47,$9.94,5.38,$40.47,1.32,$7.94,6.73,$4.95,10.8,$3.27B,$3.84B,0.85,$6.33B,$3.61B,1.76,$14.79B,$6.10B,41.26%,$14.79B,$2.84B,19.18%,$14.79B,$2.84B,19.18%,$14.79B,$3.37B,22.78%,$14.79B,$2.61B,17.62%,$14.79B,$1.81B,12.22%,$1.81B,$3.61B,60.41%,$1.81B,$-3.81B,-40.98%,$1.81B,$15.47B,11.85%,$2.84B,$9.94B,30.10%,$3501,$1718,$1783,$0,$523,$2241,$1260,$-46,$1214,$394,$820,$819,$818,$1452,$1260,$363,365,$2.26,$2.23,$273,$1248,$322,$3267,$3856,$0,$7418,$933,$12207,$15474,$3835,$6330,$497,$8032,$11867,$105,$6749,$-936,$3607,$15474,$1808,$532,$-775,$-243,$-50,$112,$31,$125,$242,$1807,$-637,$0,$0,$0,$-6,$-6,$2,$-641,$-117,$-326,$-443,$-69,$-69,$-653,$24,$-1141,$-8,$34,$-653
20,2013-09-30,51.04,$8.00,6.38,$40.78,1.25,$8.14,6.27,$2.62,19.48,$3.43B,$3.83B,0.9,$6.35B,$2.90B,2.19,$14.85B,$5.50B,37.00%,$14.85B,$1.58B,10.64%,$14.85B,$1.58B,10.64%,$14.85B,$2.07B,13.91%,$14.85B,$1.32B,8.91%,$14.85B,$0.96B,6.44%,$0.96B,$2.90B,35.37%,$0.96B,$-4.52B,-20.40%,$0.96B,$15.22B,6.31%,$1.58B,$9.24B,17.41%,$3716,$2266,$1450,$0,$946,$3212,$504,$-52,$452,$124,$328,$326,$326,$618,$504,$362,364,$0.90,$0.90,$300,$1312,$163,$3434,$3777,$0,$7416,$406,$11786,$15220,$3834,$6348,$425,$8490,$12324,$105,$6098,$-963,$2896,$15220,$989,$340,$-6,$334,$-113,$52,$-2,$57,$66,$1389,$-363,$0,$0,$0,$0,$0,$-1,$-364,$-116,$-309,$-425,$-94,$-94,$-486,$23,$-982,$19,$0,$-486
21,2013-06-30,55.4,$7.23,7.66,$40.93,1.35,$8.42,6.58,$2.54,21.81,$3.41B,$3.97B,0.86,$6.34B,$2.62B,2.42,$14.86B,$5.51B,37.10%,$14.86B,$1.59B,10.69%,$14.86B,$1.59B,10.69%,$14.86B,$2.07B,13.93%,$14.86B,$1.32B,8.89%,$14.86B,$0.95B,6.39%,$0.95B,$2.62B,36.63%,$0.95B,$-4.75B,-19.89%,$0.95B,$15.08B,6.29%,$1.59B,$8.96B,17.87%,$3714,$2237,$1477,$0,$907,$3144,$570,$-66,$504,$150,$354,$352,$352,$683,$570,$364,367,$0.96,$0.96,$262,$1274,$198,$3407,$3719,$0,$7366,$413,$11669,$15076,$3969,$6337,$440,$8488,$12457,$105,$5939,$-1023,$2619,$15076,$663,$226,$25,$251,$-112,$91,$-38,$-47,$-209,$705,$-238,$0,$0,$0,$0,$0,$-1,$-239,$-115,$71,$-44,$-136,$-136,$-320,$20,$-480,$-19,$0,$-320
22,2013-03-31,55.18,$7.77,7.11,$40.49,1.36,$8.61,6.41,$2.42,22.8,$3.46B,$3.57B,0.97,$6.72B,$2.84B,2.36,$14.62B,$5.47B,37.45%,$14.62B,$1.54B,10.52%,$14.62B,$1.54B,10.52%,$14.62B,$2.00B,13.71%,$14.62B,$1.25B,8.58%,$14.62B,$0.92B,6.30%,$0.92B,$2.84B,37.22%,$0.92B,$-4.56B,-18.97%,$0.92B,$15.22B,6.15%,$1.54B,$9.56B,17.68%,$3861,$2468,$1393,$0,$890,$3358,$503,$-67,$436,$124,$312,$311,$311,$616,$503,$363,366,$0.86,$0.85,$252,$1284,$170,$3462,$3745,$0,$7404,$450,$11762,$15224,$3568,$6717,$384,$8814,$12382,$105,$5749,$-947,$2842,$15224,$311,$113,$-19,$94,$-142,$80,$45,$-13,$-67,$338,$-102,$0,$0,$0,$0,$0,$0,$-102,$-104,$-226,$-330,$221,$221,$-160,$9,$-260,$-29,$0,$-160
23,2012-12-31,47.49,$6.82,6.96,$39.52,1.2,$8.74,5.44,$2.57,18.48,$3.38B,$4.52B,0.75,$6.08B,$2.47B,2.47,$14.20B,$5.43B,38.28%,$14.20B,$1.56B,11.00%,$14.20B,$1.56B,11.00%,$14.20B,$2.01B,14.16%,$14.20B,$1.33B,9.33%,$14.20B,$0.96B,6.77%,$0.96B,$2.47B,42.15%,$0.96B,$-4.93B,-21.50%,$0.96B,$15.17B,6.77%,$1.56B,$8.55B,19.80%,$3563,$2387,$1176,$0,$1173,$3560,$3,$-72,$-69,$-37,$-32,$-32,$-32,$149,$3,$358,360,$-0.10,$-0.10,$281,$1365,$280,$3380,$3782,$0,$7397,$610,$11789,$15169,$4523,$6082,$690,$8181,$12704,$105,$5615,$-946,$2465,$15169,$961,$448,$188,$636,$-65,$-80,$208,$-38,$161,$1758,$-533,$0,$-2668,$0,$0,$0,$-44,$-3245,$977,$796,$1773,$166,$166,$-622,$0,$1317,$-179,$0,$-622
24,2012-09-30,43.58,$6.81,6.4,$37.90,1.15,$8.08,5.39,$3.30,13.21,$3.31B,$4.51B,0.73,$6.07B,$2.44B,2.49,$13.65B,$5.20B,38.07%,$13.65B,$1.41B,10.31%,$13.65B,$1.41B,10.31%,$13.65B,$1.81B,13.25%,$13.65B,$1.19B,8.70%,$13.65B,$0.86B,6.30%,$0.86B,$2.44B,40.70%,$0.86B,$-4.84B,-21.20%,$0.86B,$14.85B,6.42%,$1.41B,$8.50B,18.86%,$3720,$2254,$1466,$0,$953,$3207,$513,$-63,$450,$131,$319,$318,$318,$621,$513,$358,359,$0.89,$0.89,$305,$1279,$136,$3306,$3599,$0,$7280,$436,$11548,$14854,$4514,$6065,$431,$7902,$12416,$105,$7196,$-2323,$2438,$14854,$993,$302,$-106,$196,$-95,$-5,$145,$-21,$186,$1375,$-262,$0,$-2674,$0,$0,$0,$8,$-2928,$1727,$112,$1839,$24,$24,$-464,$-2,$1397,$-155,$0,$-464
25,2012-06-30,41.26,$6.01,6.86,$36.67,1.13,$7.40,5.58,$3.28,12.58,$3.21B,$4.61B,0.7,$6.03B,$2.15B,2.8,$13.24B,$5.08B,38.37%,$13.24B,$1.36B,10.26%,$13.24B,$1.36B,10.26%,$13.24B,$1.75B,13.19%,$13.24B,$1.13B,8.56%,$13.24B,$0.83B,6.28%,$0.83B,$2.15B,40.10%,$0.83B,$-5.08B,-23.48%,$0.83B,$14.64B,6.53%,$1.36B,$8.18B,18.78%,$3474,$2035,$1439,$0,$920,$2955,$519,$-82,$437,$113,$324,$324,$324,$618,$519,$357,359,$0.91,$0.90,$230,$1235,$150,$3211,$3561,$0,$7237,$436,$11429,$14640,$4606,$6030,$431,$7881,$12487,$105,$7061,$-2438,$2153,$14640,$675,$194,$-94,$100,$-69,$40,$32,$-97,$-95,$680,$-155,$0,$-2674,$0,$0,$0,$6,$-2823,$1727,$500,$2227,$2,$2,$-306,$-3,$1920,$-230,$0,$-306
26,2012-03-31,44.47,$5.77,7.71,$36.24,1.23,$7.04,6.32,$3.38,13.16,$3.19B,$4.01B,0.8,$4.25B,$2.06B,2.06,$13.15B,$5.08B,38.65%,$13.15B,$1.38B,10.51%,$13.15B,$1.38B,10.51%,$13.15B,$1.76B,13.36%,$13.15B,$1.19B,9.02%,$13.15B,$0.85B,6.47%,$0.85B,$2.06B,39.51%,$0.85B,$-3.02B,-29.07%,$0.85B,$12.13B,6.99%,$1.38B,$6.32B,19.39%,$3440,$2087,$1353,$0,$826,$2913,$527,$-20,$507,$156,$351,$351,$351,$622,$527,$357,359,$0.98,$0.98,$404,$1144,$143,$3192,$3295,$0,$5082,$375,$8942,$12134,$4011,$4254,$419,$6059,$10070,$105,$6917,$-2348,$2064,$12134,$351,$95,$-85,$10,$-168,$28,$1,$-47,$-21,$340,$-63,$0,$0,$0,$0,$0,$6,$-57,$0,$-178,$-178,$-22,$-22,$-153,$-2,$-355,$-56,$0,$-153
27,2011-12-31,41.59,$5.03,8.26,$36.13,1.15,$6.83,6.09,$3.38,12.3,$3.07B,$3.31B,0.93,$5.04B,$1.80B,2.8,$13.20B,$5.15B,39.04%,$13.20B,$1.43B,10.81%,$13.20B,$1.43B,10.81%,$13.20B,$1.80B,13.61%,$13.20B,$1.18B,8.97%,$13.20B,$0.87B,6.56%,$0.87B,$1.80B,39.12%,$0.87B,$-3.28B,-30.20%,$0.87B,$11.94B,7.11%,$1.43B,$6.84B,19.41%,$3015,$2077,$938,$0,$1090,$3167,$-152,$-55,$-207,$-74,$-133,$-133,$-133,$-53,$-152,$362,364,$-0.36,$-0.36,$460,$1174,$247,$3069,$3281,$0,$5077,$516,$8874,$11943,$3313,$5037,$592,$6832,$10145,$105,$5305,$-1006,$1798,$11943,$864,$369,$284,$653,$-100,$-125,$40,$45,$78,$1595,$-594,$0,$0,$0,$0,$0,$7,$-587,$-50,$189,$139,$-507,$-507,$-604,$15,$-957,$16,$0,$-604
28,2011-09-30,43.36,$6.38,6.79,$35.41,1.22,$5.49,7.89,$3.25,13.34,$3.18B,$3.10B,1.03,$5.30B,$2.29B,2.32,$13.04B,$5.46B,41.84%,$13.04B,$1.96B,14.99%,$13.04B,$1.96B,14.99%,$13.04B,$2.35B,18.03%,$13.04B,$1.70B,13.03%,$13.04B,$1.23B,9.42%,$1.23B,$2.29B,53.33%,$1.23B,$-2.79B,-44.16%,$1.23B,$12.26B,10.10%,$1.96B,$7.59B,26.39%,$3312,$1962,$1350,$0,$886,$2848,$464,$-67,$397,$107,$290,$290,$290,$559,$464,$360,363,$0.81,$0.80,$582,$1013,$122,$3178,$3193,$0,$5077,$335,$9085,$12263,$3101,$5300,$401,$6877,$9978,$105,$6644,$-1926,$2285,$12263,$997,$270,$-56,$214,$-224,$43,$51,$-22,$58,$1269,$-392,$0,$0,$0,$0,$0,$11,$-381,$-549,$689,$140,$-428,$-428,$-452,$10,$-730,$138,$0,$-452
29,2011-06-30,44.74,$6.84,6.54,$34.68,1.29,$5.28,8.48,$3.35,13.35,$3.14B,$3.03B,1.04,$5.31B,$2.47B,2.15,$12.89B,$5.48B,42.49%,$12.89B,$2.03B,15.77%,$12.89B,$2.03B,15.77%,$12.89B,$2.42B,18.78%,$12.89B,$1.78B,13.83%,$12.89B,$1.28B,9.90%,$1.28B,$2.47B,55.82%,$1.28B,$-2.62B,-45.51%,$1.28B,$12.36B,10.61%,$2.03B,$7.78B,28.83%,$3386,$1943,$1443,$0,$900,$2843,$543,$-54,$489,$147,$342,$342,$343,$629,$543,$363,366,$0.94,$0.94,$457,$1017,$137,$3136,$3246,$0,$5087,$413,$9220,$12356,$3026,$5308,$416,$6862,$9888,$105,$6511,$-1765,$2468,$12356,$707,$175,$-159,$16,$-285,$39,$59,$-51,$-77,$646,$-243,$0,$0,$0,$0,$0,$5,$-238,$-549,$687,$138,$-269,$-269,$-296,$10,$-417,$13,$0,$-296
30,2011-03-31,43.34,$6.36,6.81,$33.41,1.3,$5.34,8.12,$3.20,13.54,$3.05B,$3.42B,0.89,$4.91B,$2.30B,2.13,$12.56B,$5.34B,42.49%,$12.56B,$1.97B,15.70%,$12.56B,$1.97B,15.70%,$12.56B,$2.37B,18.83%,$12.56B,$1.72B,13.71%,$12.56B,$1.24B,9.83%,$1.24B,$2.30B,54.53%,$1.24B,$-2.78B,-43.69%,$1.24B,$12.19B,10.48%,$1.97B,$7.21B,29.52%,$3485,$2064,$1421,$0,$849,$2913,$572,$-67,$505,$140,$365,$365,$366,$661,$572,$365,368,$1.00,$1.00,$404,$975,$171,$3051,$3183,$0,$5086,$405,$9137,$12188,$3418,$4905,$636,$6466,$9884,$105,$6325,$-1789,$2304,$12188,$365,$89,$-166,$-77,$-301,$81,$50,$-28,$22,$310,$-103,$0,$0,$0,$0,$0,$4,$-99,$-946,$1031,$85,$-207,$-207,$-148,$4,$-266,$-40,$0,$-148
31,2010-12-31,40.7,$5.89,6.91,$32.58,1.25,$5.27,7.73,$3.29,12.37,$2.92B,$3.18B,0.92,$4.91B,$2.15B,2.28,$12.40B,$5.34B,43.09%,$12.40B,$2.04B,16.43%,$12.40B,$2.04B,16.43%,$12.40B,$2.43B,19.59%,$12.40B,$1.79B,14.44%,$12.40B,$1.29B,10.38%,$1.29B,$2.15B,55.97%,$1.29B,$-2.93B,-46.02%,$1.29B,$11.85B,11.11%,$2.04B,$7.06B,31.52%,$2860,$1617,$1243,$0,$867,$2484,$376,$-68,$308,$83,$225,$225,$229,$503,$376,$376,378,$0.62,$0.62,$444,$1056,$225,$2915,$3128,$0,$5084,$720,$8932,$11847,$3184,$4908,$639,$6509,$9693,$105,$6122,$-1914,$2154,$11847,$1280,$392,$-307,$85,$59,$-159,$72,$35,$-357,$1008,$-474,$0,$0,$0,$0,$0,$9,$-465,$986,$-1,$985,$-848,$-848,$-584,$8,$-439,$110,$0,$-584
32,2010-09-30,39.92,$6.03,6.62,$32.56,1.23,$7.15,5.58,$3.24,12.32,$3.01B,$3.78B,0.8,$3.93B,$2.22B,1.77,$12.44B,$5.34B,42.97%,$12.44B,$2.01B,16.19%,$12.44B,$2.01B,16.19%,$12.44B,$2.38B,19.14%,$12.44B,$1.72B,13.81%,$12.44B,$1.23B,9.92%,$1.23B,$2.22B,52.97%,$1.23B,$-2.88B,-44.54%,$1.23B,$11.72B,10.80%,$2.01B,$6.15B,31.09%,$3157,$1788,$1369,$0,$828,$2616,$541,$-61,$480,$143,$337,$337,$338,$628,$541,$373,376,$0.91,$0.90,$559,$952,$135,$3005,$3015,$0,$5101,$395,$8719,$11724,$3779,$3929,$926,$5727,$9506,$105,$6087,$-1931,$2218,$11724,$1055,$265,$18,$283,$-125,$-43,$68,$-76,$-259,$1079,$-252,$0,$0,$0,$0,$0,$2,$-250,$-1,$547,$546,$-729,$-729,$-435,$7,$-611,$225,$0,$-435
33,2010-06-30,39.43,$6.31,6.25,$32.70,1.21,$7.50,5.26,$3.28,12.02,$2.79B,$3.26B,0.86,$3.92B,$2.38B,1.64,$12.56B,$5.42B,43.12%,$12.56B,$2.04B,16.24%,$12.56B,$2.04B,16.24%,$12.56B,$2.41B,19.21%,$12.56B,$1.73B,13.77%,$12.56B,$1.26B,10.01%,$1.26B,$2.38B,55.07%,$1.26B,$-2.71B,-44.60%,$1.26B,$11.39B,11.05%,$2.04B,$6.30B,30.66%,$3062,$1757,$1305,$0,$822,$2579,$483,$-54,$429,$128,$301,$301,$302,$574,$483,$381,384,$0.80,$0.79,$471,$885,$151,$2792,$2916,$0,$5096,$396,$8593,$11385,$3264,$3915,$954,$5737,$9001,$105,$5903,$-2096,$2384,$11385,$718,$178,$-15,$163,$-84,$25,$-1,$-39,$-288,$593,$-147,$0,$0,$0,$0,$0,$2,$-145,$-1,$110,$109,$-118,$-118,$-286,$6,$-289,$137,$0,$-286
34,2010-03-31,41.59,$6.42,6.47,$33.16,1.25,$7.74,5.38,$3.41,12.2,$2.75B,$3.23B,0.85,$3.90B,$2.44B,1.6,$12.72B,$5.51B,43.34%,$12.72B,$2.11B,16.57%,$12.72B,$2.11B,16.57%,$12.72B,$2.50B,19.62%,$12.72B,$1.80B,14.11%,$12.72B,$1.31B,10.29%,$1.31B,$2.44B,60.06%,$1.31B,$-2.66B,-44.80%,$1.31B,$11.39B,11.54%,$2.11B,$6.34B,31.15%,$3318,$1893,$1425,$0,$788,$2681,$637,$-64,$573,$156,$417,$417,$418,$724,$637,$380,384,$1.10,$1.09,$387,$817,$139,$2754,$2977,$0,$5103,$380,$8635,$11389,$3229,$3898,$951,$5719,$8948,$105,$5750,$-2011,$2441,$11389,$417,$87,$11,$98,$-203,$93,$-48,$-63,$-265,$250,$-60,$0,$0,$0,$0,$0,$1,$-59,$0,$80,$80,$-74,$-74,$-142,$2,$-134,$53,$0,$-142
35,2009-12-31,41.12,$5.97,6.89,$32.79,1.25,$7.69,5.35,$3.16,13.01,$2.56B,$2.29B,1.12,$4.84B,$2.28B,2.13,$12.58B,$5.39B,42.87%,$12.58B,$2.00B,15.91%,$12.58B,$2.00B,15.91%,$12.58B,$2.39B,18.97%,$12.58B,$1.68B,13.39%,$12.58B,$1.21B,9.64%,$1.21B,$2.28B,61.35%,$1.21B,$-2.83B,-38.81%,$1.21B,$11.20B,10.78%,$2.00B,$7.11B,30.29%,$2900,$1655,$1245,$0,$893,$2548,$352,$-117,$235,$60,$175,$176,$176,$454,$352,$382,384,$0.46,$0.46,$334,$910,$221,$2558,$3010,$0,$5101,$531,$8642,$11200,$2288,$4835,$947,$6637,$8925,$105,$5481,$-1966,$2275,$11200,$1208,$384,$-127,$257,$-75,$-13,$-59,$85,$178,$1643,$-377,$0,$0,$0,$0,$0,$7,$-370,$759,$-1344,$-585,$-56,$-56,$-546,$5,$-1182,$79,$0,$-546
36,2009-09-30,37.78,$5.36,7.05,$32.86,1.15,$6.49,5.82,$3.17,11.92,$2.90B,$2.73B,1.06,$4.82B,$2.03B,2.38,$12.61B,$5.30B,42.05%,$12.61B,$1.99B,15.82%,$12.61B,$1.99B,15.82%,$12.61B,$2.38B,18.85%,$12.61B,$1.71B,13.55%,$12.61B,$1.22B,9.64%,$1.22B,$2.03B,68.62%,$1.22B,$-3.07B,-36.52%,$1.22B,$11.52B,10.87%,$1.99B,$6.85B,32.11%,$3277,$1837,$1440,$0,$873,$2710,$567,$-75,$492,$132,$360,$360,$361,$660,$567,$382,384,$0.94,$0.94,$527,$863,$126,$2898,$3000,$0,$5103,$347,$8622,$11520,$2733,$4823,$993,$6757,$9490,$105,$5461,$-2066,$2030,$11520,$1032,$282,$-120,$162,$-240,$35,$-54,$84,$36,$1230,$-252,$0,$0,$0,$0,$0,$1,$-251,$745,$-915,$-170,$-153,$-153,$-403,$2,$-724,$272,$0,$-403
37,2009-06-30,35.45,$5.15,6.89,$32.89,1.08,$6.29,5.63,$3.12,11.36,$2.72B,$2.58B,1.05,$4.81B,$1.97B,2.44,$12.62B,$5.27B,41.72%,$12.62B,$1.96B,15.53%,$12.62B,$1.96B,15.53%,$12.62B,$2.34B,18.56%,$12.62B,$1.69B,13.40%,$12.62B,$1.20B,9.48%,$1.20B,$1.97B,62.36%,$1.20B,$-3.13B,-37.62%,$1.20B,$11.26B,10.58%,$1.96B,$6.78B,31.85%,$3229,$1825,$1404,$0,$851,$2676,$553,$-58,$495,$141,$354,$353,$354,$658,$553,$383,383,$0.93,$0.92,$424,$833,$162,$2715,$2977,$0,$5099,$302,$8547,$11262,$2576,$4808,$955,$6714,$9290,$105,$5246,$-2069,$1972,$11262,$672,$189,$-62,$127,$-192,$64,$-84,$38,$-103,$696,$-161,$0,$0,$0,$0,$0,$1,$-160,$745,$-882,$-137,$18,$18,$-260,$2,$-377,$169,$0,$-260
38,2009-03-31,27.67,$4.25,6.5,$33.21,0.83,$6.26,4.42,$3.02,9.16,$2.57B,$3.45B,0.75,$4.06B,$1.63B,2.5,$12.73B,$5.31B,41.66%,$12.73B,$1.94B,15.21%,$12.73B,$1.94B,15.21%,$12.73B,$2.30B,18.08%,$12.73B,$1.64B,12.89%,$12.73B,$1.15B,9.06%,$1.15B,$1.63B,56.27%,$1.15B,$-3.47B,-38.05%,$1.15B,$10.97B,10.05%,$1.94B,$5.69B,31.82%,$3169,$1867,$1302,$0,$773,$2640,$529,$-67,$462,$143,$319,$319,$321,$613,$529,$382,383,$0.84,$0.84,$304,$821,$161,$2572,$2884,$0,$5091,$286,$8402,$10974,$3453,$4060,$945,$5896,$9349,$105,$5027,$-2173,$1625,$10974,$319,$84,$-84,$0,$-182,$75,$-78,$22,$-74,$245,$-73,$0,$0,$0,$0,$0,$0,$-73,$1,$0,$1,$7,$7,$-130,$2,$-120,$49,$0,$-130
39,2008-12-31,32.84,$3.81,8.62,$33.31,0.99,$6.27,5.23,$2.99,10.98,$2.52B,$3.55B,0.71,$4.07B,$1.46B,2.8,$12.82B,$5.37B,41.86%,$12.82B,$1.95B,15.23%,$12.82B,$1.95B,15.23%,$12.82B,$2.33B,18.16%,$12.82B,$1.63B,12.72%,$12.82B,$1.15B,8.95%,$1.15B,$1.46B,52.11%,$1.15B,$-3.64B,-40.00%,$1.15B,$10.95B,9.79%,$1.95B,$5.52B,31.36%,$2933,$1777,$1156,$0,$811,$2588,$345,$-85,$260,$82,$178,$178,$179,$446,$345,$382,385,$0.47,$0.47,$255,$897,$269,$2521,$2933,$0,$5098,$394,$8425,$10946,$3552,$4068,$940,$5939,$9491,$105,$4836,$-2141,$1455,$10946,$1146,$375,$-173,$202,$48,$41,$32,$-63,$-81,$1267,$-461,$0,$-213,$0,$0,$0,$-7,$-681,$288,$-103,$185,$-475,$-475,$-495,$5,$-780,$-269,$0,$-495
40,2008-09-30,41.66,$6.86,6.07,$32.67,1.28,$6.76,6.16,$2.96,14.08,$3.11B,$3.77B,0.82,$4.01B,$2.62B,1.53,$12.68B,$5.41B,42.63%,$12.68B,$1.97B,15.51%,$12.68B,$1.97B,15.51%,$12.68B,$2.34B,18.43%,$12.68B,$1.64B,12.90%,$12.68B,$1.15B,9.03%,$1.15B,$2.62B,46.34%,$1.15B,$-2.48B,-44.57%,$1.15B,$12.04B,9.67%,$1.97B,$6.63B,31.24%,$3288,$1885,$1403,$0,$870,$2755,$533,$-59,$474,$133,$341,$341,$342,$625,$533,$380,384,$0.90,$0.89,$684,$907,$128,$3107,$3067,$0,$5101,$252,$8931,$12038,$3772,$4008,$931,$5647,$9419,$105,$4790,$-888,$2619,$12038,$968,$274,$51,$325,$-182,$33,$31,$-40,$-105,$1188,$-284,$0,$-212,$0,$0,$0,$0,$-496,$-311,$48,$-263,$106,$106,$-365,$14,$-508,$160,$0,$-365
41,2008-06-30,35.44,$6.60,5.37,$31.64,1.12,$6.81,5.2,$2.83,12.52,$3.04B,$3.88B,0.78,$4.01B,$2.50B,1.6,$12.40B,$5.35B,43.12%,$12.40B,$1.93B,15.53%,$12.40B,$1.93B,15.53%,$12.40B,$2.30B,18.51%,$12.40B,$1.58B,12.73%,$12.40B,$1.11B,8.94%,$1.11B,$2.50B,45.36%,$1.11B,$-2.54B,-43.68%,$1.11B,$11.99B,9.51%,$1.93B,$6.51B,32.57%,$3343,$1899,$1444,$0,$914,$2813,$530,$-85,$445,$133,$312,$312,$312,$618,$530,$379,382,$0.82,$0.82,$556,$942,$169,$3037,$3071,$0,$5046,$321,$8956,$11993,$3883,$4008,$936,$5606,$9489,$105,$4590,$-683,$2504,$11993,$627,$182,$20,$202,$-207,$-10,$106,$61,$-140,$689,$-169,$0,$-133,$0,$0,$0,$0,$-302,$291,$152,$443,$-589,$-589,$-236,$9,$-373,$32,$0,$-236
42,2008-03-31,38.56,$5.90,6.54,$30.41,1.27,$6.87,5.61,$2.76,13.97,$3.07B,$4.09B,0.75,$4.02B,$2.23B,1.8,$12.07B,$5.28B,43.73%,$12.07B,$1.91B,15.86%,$12.07B,$1.91B,15.86%,$12.07B,$2.29B,19.00%,$12.07B,$1.58B,13.05%,$12.07B,$1.10B,9.09%,$1.10B,$2.23B,45.39%,$1.10B,$-2.81B,-43.60%,$1.10B,$11.93B,9.60%,$1.91B,$6.25B,34.59%,$3258,$1894,$1364,$0,$819,$2713,$545,$-93,$452,$137,$315,$315,$315,$639,$545,$386,389,$0.82,$0.81,$532,$893,$174,$3070,$3052,$0,$5047,$238,$8862,$11932,$4091,$4018,$923,$5607,$9698,$105,$4399,$-725,$2234,$11932,$315,$94,$18,$112,$-242,$39,$48,$-43,$-179,$248,$-67,$0,$-105,$0,$0,$0,$0,$-172,$745,$-117,$628,$-602,$-602,$-119,$8,$-85,$8,$0,$-119
43,2007-12-31,38.23,$6.48,5.9,$29.42,1.3,$7.13,5.37,$2.75,13.9,$2.70B,$4.04B,0.67,$3.27B,$2.53B,1.3,$11.78B,$5.18B,43.98%,$11.78B,$1.87B,15.86%,$11.78B,$1.87B,15.86%,$11.78B,$2.24B,19.02%,$11.78B,$1.55B,13.13%,$11.78B,$1.10B,9.37%,$1.10B,$2.53B,45.44%,$1.10B,$-2.44B,-44.82%,$1.10B,$11.40B,9.92%,$1.87B,$5.80B,35.23%,$2794,$1598,$1196,$0,$837,$2435,$359,$-94,$265,$90,$175,$175,$176,$456,$359,$396,400,$0.45,$0.45,$524,$924,$243,$2702,$2990,$0,$4965,$740,$8695,$11397,$4044,$3270,$739,$4827,$8871,$105,$4217,$-827,$2526,$11397,$1102,$372,$19,$391,$-63,$-88,$167,$21,$10,$1503,$-472,$0,$-128,$0,$0,$0,$-1,$-601,$-52,$220,$168,$-487,$-487,$-475,$6,$-788,$113,$0,$-475
44,2007-09-30,40.6,$6.36,6.38,$28.90,1.41,$6.96,5.83,$2.76,14.71,$2.87B,$4.49B,0.64,$2.59B,$2.51B,1.03,$11.57B,$5.10B,44.11%,$11.57B,$1.85B,16.03%,$11.57B,$1.85B,16.03%,$11.57B,$2.22B,19.23%,$11.57B,$1.55B,13.38%,$11.57B,$1.11B,9.59%,$1.11B,$2.51B,47.95%,$1.11B,$-2.35B,-43.47%,$1.11B,$11.27B,10.13%,$1.85B,$5.10B,36.12%,$3004,$1662,$1342,$0,$850,$2512,$492,$-76,$416,$111,$305,$305,$305,$582,$492,$395,399,$0.77,$0.76,$576,$835,$141,$2872,$2894,$0,$4860,$255,$8400,$11272,$4491,$2588,$1105,$4274,$8765,$105,$4190,$-984,$2507,$11272,$927,$275,$-18,$257,$-210,$-11,$103,$65,$69,$1253,$-292,$0,$0,$0,$0,$0,$-4,$-296,$-730,$566,$-164,$-276,$-276,$-354,$8,$-786,$165,$0,$-354
45,2007-06-30,37.34,$6.07,6.15,$28.43,1.31,$6.68,5.59,$2.70,13.83,$2.78B,$4.46B,0.62,$2.59B,$2.40B,1.08,$11.39B,$5.03B,44.22%,$11.39B,$1.85B,16.24%,$11.39B,$1.85B,16.24%,$11.39B,$2.21B,19.45%,$11.39B,$1.55B,13.58%,$11.39B,$1.09B,9.53%,$1.09B,$2.40B,47.11%,$1.09B,$-2.46B,-42.26%,$1.09B,$11.12B,9.95%,$1.85B,$4.99B,35.29%,$3015,$1638,$1377,$0,$859,$2497,$518,$-76,$442,$141,$301,$301,$301,$616,$518,$397,401,$0.76,$0.75,$574,$815,$125,$2781,$2845,$0,$4860,$254,$8342,$11123,$4462,$2588,$1100,$4260,$8722,$105,$4011,$-1000,$2401,$11123,$622,$185,$-47,$138,$-189,$9,$61,$83,$-10,$750,$-181,$0,$-4,$0,$0,$0,$0,$-185,$-729,$699,$-30,$-164,$-164,$-232,$10,$-416,$163,$0,$-232
46,2007-03-31,36.88,$5.72,6.45,$27.89,1.32,$6.12,6.03,$2.62,14.08,$2.40B,$3.72B,0.65,$3.05B,$2.28B,1.34,$11.14B,$4.89B,43.90%,$11.14B,$1.79B,16.08%,$11.14B,$1.79B,16.08%,$11.14B,$2.15B,19.30%,$11.14B,$1.49B,13.39%,$11.14B,$1.05B,9.43%,$1.05B,$2.28B,46.82%,$1.05B,$-2.59B,-39.93%,$1.05B,$10.69B,9.69%,$1.79B,$5.33B,33.82%,$2963,$1699,$1264,$0,$765,$2464,$499,$-76,$423,$102,$321,$321,$321,$586,$499,$398,401,$0.81,$0.80,$236,$779,$121,$2397,$2799,$0,$4868,$245,$8288,$10685,$3716,$3052,$1043,$4694,$8410,$105,$3831,$-1024,$2275,$10685,$321,$87,$-35,$52,$-199,$45,$31,$35,$-18,$355,$-66,$0,$0,$0,$0,$0,$0,$-66,$-728,$418,$-310,$-52,$-52,$-116,$4,$-474,$-175,$0,$-116
47,2006-12-31,35.68,$5.20,6.86,$27.29,1.31,$5.65,6.32,$2.50,14.27,$2.43B,$4.02B,0.6,$3.05B,$2.07B,1.48,$10.91B,$4.83B,44.24%,$10.91B,$1.77B,16.19%,$10.91B,$1.77B,16.19%,$10.91B,$2.12B,19.43%,$10.91B,$1.47B,13.50%,$10.91B,$1.00B,9.21%,$1.00B,$2.07B,46.55%,$1.00B,$-2.80B,-36.82%,$1.00B,$10.71B,9.24%,$1.77B,$5.12B,32.85%,$2584,$1465,$1119,$0,$774,$2239,$345,$-78,$267,$84,$183,$182,$182,$440,$345,$397,400,$0.45,$0.46,$411,$824,$247,$2427,$2816,$0,$4868,$603,$8287,$10714,$4020,$3053,$1572,$4625,$8645,$105,$3630,$-1046,$2069,$10714,$1004,$353,$92,$445,$-58,$-107,$27,$-17,$-39,$1410,$-444,$0,$0,$0,$0,$0,$-1,$-445,$-85,$156,$71,$-432,$-432,$-450,$22,$-789,$192,$0,$-450
