,Date,Stock Price,Book Value per Share,Price to Book Ratio,TTM Sales per Share,Price to Sales Ratio,TTM FCF per Share,Price to FCF Ratio,TTM Net EPS,PE Ratio,Current Assets,Current Liabilities,Current Ratio,Long Term Debt,Shareholder's Equity_x,Debt to Equity Ratio,TTM Revenue_x,TTM Gross Profit,Gross Margin,TTM Revenue_y,TTM Operating Income,Operating Margin,TTM Revenue_x,TTM EBIT,EBIT Margin,TTM Revenue_y,TTM EBITDA,EBITDA Margin,TTM Revenue_x,TTM Pre-Tax Income,Pre-Tax Margin,TTM Revenue_y,TTM Net Income_x,Net Margin,TTM Net Income_y,Shareholder's Equity_y,Return on Equity,TTM Net Income_x,Tangible Equity,Return on Tangible Equity,TTM Net Income_y,Total Assets,Return on Assets,TTM Net Income,LT Investments & Debt,Return on Investment,revenue,cost-goods-sold,gross-profit,research-development-expenses,selling-general-administrative-expenses,operating-expenses,operating-income,total-non-operating-income-expense,pre-tax-income,total-provision-income-taxes,income-after-taxes,income-from-continuous-operations,net-income,ebitda,ebit,basic-shares-outstanding,shares-outstanding,eps-basic-net-earnings-per-share,eps-earnings-per-share-diluted,cash-on-hand,inventory,other-current-assets,total-current-assets,net-property-plant-equipment,long-term-investments,goodwill-intangible-assets-total,other-long-term-assets,total-long-term-assets,total-assets,total-current-liabilities,long-term-debt,other-non-current-liabilities,total-long-term-liabilities,total-liabilities,common-stock-net,retained-earnings-accumulated-deficit,comprehensive-income,total-share-holder-equity,total-liabilities-share-holders-equity,net-income-loss,total-depreciation-amortization-cash-flow,other-non-cash-items,total-non-cash-items,change-in-accounts-receivable,change-in-inventories,change-in-accounts-payable,change-in-assets-liabilities,total-change-in-assets-liabilities,cash-flow-from-operating-activities,net-change-in-property-plant-equipment,net-change-in-intangible-assets,net-acquisitions-divestitures,net-change-in-short-term-investments,net-change-in-long-term-investments,net-change-in-investments-total,investing-activities-other,cash-flow-from-investing-activities,net-long-term-debt,net-current-debt,debt-issuance-retirement-net-total,net-common-equity-issued-repurchased,net-total-equity-issued-repurchased,total-common-preferred-stock-dividends-paid,financial-activities-other,cash-flow-from-financial-activities,net-cash-flow,stock-based-compensation,common-stock-dividends-paid
0,2018-09-30,107.85,$32.27,3.34,$54.44,1.98,$10.17,10.61,$2.11,51.11,$0.27B,$0.14B,1.88,$0.19B,$0.36B,0.54,$0.62B,$0.27B,43.94%,$0.62B,$0.08B,13.09%,$0.62B,$0.08B,13.09%,$0.62B,$0.11B,16.96%,$0.62B,$0.07B,11.95%,$0.62B,$0.04B,6.95%,$0.04B,$0.36B,12.48%,$0.04B,$-0.02B,-91.49%,$0.04B,$0.74B,5.70%,$0.08B,$0.55B,14.36%,$166,$93,$73,$2,$43,$138,$27,$-2,$25,$6,$19,$19,$19,$33,$27,$11,11,$1.69,$1.64,$58,$92,$13,$267,$79,$0,$381,$14,$474,$742,$143,$192,$24,$241,$383,$0,$378,$-38,$358,$742,$42,$18,$3,$20,$-10,$-10,$4,$6,$-10,$53,$-13,$0,$0,$0,$0,$0,$0,$-13,$-45,$0,$-45,$1,$1,$-8,$-4,$-56,$-19,$5,$-8
1,2018-06-30,95.93,$30.79,3.12,$53.40,1.8,$8.76,10.95,$3.28,29.25,$0.26B,$0.14B,1.87,$0.21B,$0.34B,0.6,$0.61B,$0.26B,43.56%,$0.61B,$0.07B,12.21%,$0.61B,$0.07B,12.21%,$0.61B,$0.10B,16.17%,$0.61B,$0.07B,11.06%,$0.61B,$0.04B,6.11%,$0.04B,$0.34B,10.95%,$0.04B,$-0.04B,-63.25%,$0.04B,$0.74B,4.83%,$0.07B,$0.55B,12.78%,$155,$87,$68,$3,$45,$135,$20,$-2,$18,$5,$12,$12,$12,$26,$20,$11,11,$1.11,$1.08,$61,$96,$15,$263,$80,$0,$384,$14,$478,$741,$141,$206,$26,$259,$400,$0,$361,$-37,$342,$741,$23,$12,$4,$15,$-1,$-14,$4,$8,$-3,$36,$-10,$0,$0,$0,$0,$0,$0,$-10,$-31,$0,$-31,$1,$1,$-5,$-4,$-39,$-16,$4,$-5
2,2018-03-31,94.06,$31.13,3.02,$49.57,1.9,$8.47,11.11,$2.92,32.21,$0.28B,$0.13B,2.1,$0.24B,$0.35B,0.7,$0.56B,$0.25B,44.39%,$0.56B,$0.07B,11.76%,$0.56B,$0.07B,11.76%,$0.56B,$0.09B,15.51%,$0.56B,$0.06B,10.70%,$0.56B,$0.03B,5.88%,$0.03B,$0.35B,10.00%,$0.03B,$-0.05B,-145.05%,$0.03B,$0.77B,4.65%,$0.07B,$0.59B,12.31%,$149,$83,$66,$3,$46,$133,$17,$-2,$15,$4,$11,$11,$11,$23,$17,$11,11,$0.98,$0.96,$74,$96,$14,$278,$81,$0,$399,$15,$494,$772,$132,$240,$26,$295,$427,$0,$351,$-21,$345,$772,$11,$6,$2,$8,$-1,$-10,$4,$-5,$-11,$7,$-5,$0,$0,$0,$0,$0,$0,$-5,$-1,$0,$-1,$1,$1,$-2,$-4,$-7,$-3,$1,$-2
3,2017-12-31,99.71,$30.20,3.3,$45.59,2.19,$8.28,12.04,$2.76,36.13,$0.27B,$0.13B,2.01,$0.24B,$0.33B,0.73,$0.52B,$0.23B,45.05%,$0.52B,$0.06B,11.84%,$0.52B,$0.06B,11.84%,$0.52B,$0.08B,15.53%,$0.52B,$0.06B,11.07%,$0.52B,$0.03B,6.02%,$0.03B,$0.33B,9.76%,$0.03B,$-0.07B,233.96%,$0.03B,$0.76B,4.86%,$0.06B,$0.57B,12.68%,$149,$85,$65,$3,$45,$132,$17,$-1,$16,$16,$1,$1,$1,$23,$17,$11,11,$0.06,$0.06,$77,$85,$12,$266,$80,$0,$401,$14,$495,$761,$132,$241,$26,$296,$429,$0,$343,$-27,$333,$761,$31,$19,$8,$27,$-11,$1,$-1,$17,$7,$65,$-17,$0,$-205,$0,$0,$0,$0,$-222,$164,$0,$164,$0,$0,$-10,$-3,$151,$4,$6,$-10
4,2017-09-30,97.67,$30.06,3.25,$41.40,2.36,$8.13,12.02,$3.38,28.9,$0.30B,$0.13B,2.35,$0.28B,$0.33B,0.84,$0.47B,$0.21B,45.71%,$0.47B,$0.06B,11.80%,$0.47B,$0.06B,11.80%,$0.47B,$0.07B,15.24%,$0.47B,$0.05B,10.94%,$0.47B,$0.04B,8.15%,$0.04B,$0.33B,12.45%,$0.04B,$-0.07B,75.25%,$0.04B,$0.79B,6.72%,$0.06B,$0.61B,12.94%,$153,$88,$65,$3,$42,$133,$20,$-1,$18,$5,$13,$13,$13,$26,$20,$11,11,$1.21,$1.17,$91,$90,$21,$304,$70,$0,$400,$14,$484,$788,$129,$278,$19,$328,$457,$0,$344,$-28,$331,$788,$30,$13,$3,$16,$-16,$-4,$2,$3,$-14,$32,$-9,$0,$-204,$0,$0,$0,$0,$-213,$202,$0,$202,$0,$0,$-8,$-4,$190,$18,$4,$-8
5,2017-06-30,74.33,$28.29,2.63,$37.36,1.99,$8.86,8.39,$3.03,24.53,$0.24B,$0.11B,2.29,$0.07B,$0.31B,0.21,$0.42B,$0.20B,46.78%,$0.42B,$0.05B,11.46%,$0.42B,$0.05B,11.46%,$0.42B,$0.06B,14.56%,$0.42B,$0.05B,10.74%,$0.42B,$0.03B,8.11%,$0.03B,$0.31B,11.54%,$0.03B,$0.10B,39.31%,$0.03B,$0.52B,6.94%,$0.05B,$0.38B,13.30%,$110,$57,$53,$2,$39,$99,$12,$-1,$11,$3,$8,$8,$8,$15,$12,$11,11,$0.74,$0.72,$88,$63,$14,$241,$50,$0,$210,$13,$274,$515,$105,$65,$18,$98,$203,$0,$333,$-36,$311,$515,$17,$7,$5,$11,$-0,$-6,$3,$0,$-3,$25,$-3,$0,$-0,$0,$0,$0,$0,$-4,$-3,$0,$-3,$0,$0,$-4,$-4,$-11,$14,$3,$-4
6,2017-03-31,58.46,$26.84,2.18,$37.63,1.55,$8.51,6.87,$3.06,19.1,$0.22B,$0.09B,2.45,$0.07B,$0.30B,0.24,$0.42B,$0.19B,45.84%,$0.42B,$0.05B,11.40%,$0.42B,$0.05B,11.40%,$0.42B,$0.06B,14.96%,$0.42B,$0.05B,10.93%,$0.42B,$0.03B,8.08%,$0.03B,$0.30B,11.84%,$0.03B,$0.09B,43.87%,$0.03B,$0.49B,7.06%,$0.05B,$0.37B,13.62%,$103,$54,$49,$2,$35,$91,$12,$-0,$12,$3,$9,$9,$9,$16,$12,$11,11,$0.82,$0.80,$73,$60,$13,$222,$49,$0,$206,$12,$267,$489,$91,$70,$18,$103,$194,$0,$328,$-45,$295,$489,$9,$3,$2,$5,$-5,$-4,$1,$-4,$-12,$2,$-2,$0,$-0,$0,$0,$0,$-0,$-2,$3,$0,$3,$0,$0,$-2,$-3,$-2,$-0,$1,$-2
7,2016-12-31,60.09,$25.99,2.31,$37.21,1.61,$9.00,6.67,$2.88,20.87,$0.21B,$0.09B,2.33,$0.07B,$0.28B,0.23,$0.42B,$0.19B,45.30%,$0.42B,$0.05B,11.08%,$0.42B,$0.05B,11.08%,$0.42B,$0.06B,14.46%,$0.42B,$0.04B,10.60%,$0.42B,$0.03B,7.71%,$0.03B,$0.28B,11.31%,$0.03B,$0.08B,37.87%,$0.03B,$0.47B,6.76%,$0.05B,$0.35B,13.24%,$100,$54,$46,$2,$34,$90,$11,$-0,$10,$3,$8,$8,$8,$14,$11,$11,11,$0.71,$0.69,$74,$55,$10,$207,$48,$0,$204,$11,$263,$471,$89,$66,$17,$97,$186,$0,$321,$-50,$284,$471,$32,$14,$5,$20,$1,$4,$-5,$0,$-1,$51,$-5,$0,$-57,$0,$0,$0,$0,$-62,$33,$0,$33,$2,$2,$-8,$-4,$23,$6,$5,$-8
8,2016-09-30,50.97,$26.50,1.92,$37.92,1.34,$8.06,6.32,$3.13,16.28,$0.21B,$0.09B,2.25,$0.06B,$0.29B,0.22,$0.42B,$0.19B,44.44%,$0.42B,$0.05B,11.58%,$0.42B,$0.05B,11.58%,$0.42B,$0.06B,14.89%,$0.42B,$0.05B,11.35%,$0.42B,$0.03B,8.04%,$0.03B,$0.29B,12.19%,$0.03B,$0.08B,36.86%,$0.03B,$0.48B,7.40%,$0.05B,$0.35B,14.69%,$106,$57,$48,$2,$34,$93,$13,$-0,$12,$3,$9,$9,$9,$16,$13,$11,11,$0.84,$0.82,$65,$59,$11,$206,$49,$0,$214,$15,$278,$484,$91,$64,$22,$103,$195,$0,$315,$-37,$289,$484,$24,$11,$4,$15,$4,$2,$-6,$-4,$-4,$35,$-3,$0,$-57,$0,$0,$0,$0,$-60,$33,$0,$33,$2,$2,$-6,$-4,$24,$-2,$4,$-6
9,2016-06-30,50.21,$25.81,1.95,$36.77,1.37,$7.40,6.78,$3.09,16.25,$0.20B,$0.10B,2.06,$0.06B,$0.28B,0.22,$0.41B,$0.18B,44.99%,$0.41B,$0.05B,11.98%,$0.41B,$0.05B,11.98%,$0.41B,$0.06B,15.16%,$0.41B,$0.05B,11.74%,$0.41B,$0.03B,8.31%,$0.03B,$0.28B,12.48%,$0.03B,$0.07B,34.34%,$0.03B,$0.48B,7.65%,$0.05B,$0.34B,15.46%,$112,$62,$50,$2,$36,$100,$12,$-0,$12,$4,$8,$8,$8,$17,$12,$11,11,$0.76,$0.75,$55,$63,$11,$201,$49,$0,$216,$14,$279,$481,$98,$61,$22,$102,$200,$0,$308,$-37,$281,$481,$15,$7,$3,$10,$4,$-2,$0,$-7,$-6,$19,$-1,$0,$-57,$0,$0,$0,$0,$-58,$34,$0,$34,$1,$1,$-4,$-3,$28,$-11,$3,$-4
10,2016-03-31,43.83,$25.58,1.71,$35.55,1.23,$6.65,6.59,$3.10,14.14,$0.25B,$0.08B,2.91,$0.07B,$0.28B,0.24,$0.40B,$0.18B,45.57%,$0.40B,$0.05B,12.66%,$0.40B,$0.05B,12.66%,$0.40B,$0.06B,15.19%,$0.40B,$0.05B,12.15%,$0.40B,$0.03B,8.61%,$0.03B,$0.28B,12.65%,$0.03B,$0.12B,31.48%,$0.03B,$0.46B,7.94%,$0.05B,$0.35B,16.46%,$97,$53,$44,$2,$32,$86,$10,$-0,$10,$3,$7,$7,$7,$13,$10,$11,11,$0.64,$0.62,$106,$59,$16,$245,$42,$0,$160,$11,$213,$458,$84,$67,$17,$96,$180,$0,$302,$-32,$278,$458,$7,$3,$2,$4,$3,$-1,$-1,$-7,$-6,$6,$-0,$0,$0,$0,$0,$0,$-3,$-3,$41,$0,$41,$0,$0,$-2,$-3,$36,$39,$1,$-2
11,2015-12-31,39.24,$24.87,1.58,$35.11,1.12,$5.85,6.71,$3.10,12.66,$0.21B,$0.10B,2.12,$0.03B,$0.27B,0.1,$0.39B,$0.18B,46.15%,$0.39B,$0.05B,12.82%,$0.39B,$0.05B,12.82%,$0.39B,$0.06B,15.38%,$0.39B,$0.05B,12.31%,$0.39B,$0.03B,8.72%,$0.03B,$0.27B,12.89%,$0.03B,$0.11B,33.33%,$0.03B,$0.42B,8.19%,$0.05B,$0.29B,17.27%,$108,$61,$46,$1,$30,$93,$14,$-0,$14,$4,$10,$10,$10,$17,$14,$11,11,$0.96,$0.94,$67,$57,$11,$205,$42,$0,$157,$11,$210,$415,$97,$26,$16,$51,$148,$0,$297,$-37,$268,$415,$34,$11,$2,$13,$-11,$-6,$-2,$12,$-7,$40,$-5,$0,$0,$0,$0,$0,$0,$-5,$5,$0,$5,$-9,$-9,$-7,$-3,$-14,$20,$6,$-7
12,2015-09-30,37.54,$24.39,1.54,$34.79,1.08,$6.68,5.62,$2.98,12.6,$0.21B,$0.10B,2.06,$0.02B,$0.26B,0.09,$0.39B,$0.18B,46.77%,$0.39B,$0.05B,12.40%,$0.39B,$0.05B,12.40%,$0.39B,$0.06B,14.99%,$0.39B,$0.05B,11.89%,$0.39B,$0.03B,8.53%,$0.03B,$0.26B,12.55%,$0.03B,$0.10B,34.02%,$0.03B,$0.42B,7.95%,$0.05B,$0.29B,16.62%,$92,$48,$44,$2,$29,$79,$13,$-0,$12,$4,$9,$9,$9,$15,$13,$11,11,$0.80,$0.78,$57,$68,$21,$210,$43,$0,$161,$9,$213,$423,$102,$24,$34,$58,$160,$0,$289,$-33,$263,$423,$24,$8,$3,$11,$-2,$-16,$1,$10,$-7,$28,$-4,$0,$0,$0,$0,$0,$0,$-4,$4,$0,$4,$-9,$-9,$-5,$-2,$-12,$11,$4,$-5
13,2015-06-30,45.25,$24.39,1.86,$35.37,1.28,$6.98,6.48,$2.80,16.16,$0.20B,$0.09B,2.14,$0.02B,$0.27B,0.09,$0.39B,$0.18B,45.94%,$0.39B,$0.05B,11.42%,$0.39B,$0.05B,11.42%,$0.39B,$0.06B,14.21%,$0.39B,$0.04B,11.17%,$0.39B,$0.03B,7.87%,$0.03B,$0.27B,11.73%,$0.03B,$0.10B,32.55%,$0.03B,$0.42B,7.49%,$0.05B,$0.29B,15.53%,$98,$53,$46,$2,$31,$86,$13,$-0,$12,$4,$9,$9,$8,$15,$13,$11,11,$0.77,$0.76,$49,$64,$23,$198,$44,$0,$165,$10,$218,$416,$92,$23,$35,$58,$150,$0,$282,$-27,$266,$416,$15,$6,$2,$7,$-2,$-11,$2,$0,$-11,$12,$-3,$0,$0,$0,$0,$0,$0,$-3,$3,$0,$3,$-4,$-4,$-3,$-2,$-7,$2,$3,$-3
14,2015-03-31,50.28,$23.55,2.13,$35.90,1.4,$7.37,6.82,$2.74,18.35,$0.19B,$0.08B,2.24,$0.03B,$0.26B,0.12,$0.40B,$0.18B,44.89%,$0.40B,$0.04B,10.97%,$0.40B,$0.04B,10.97%,$0.40B,$0.06B,13.97%,$0.40B,$0.04B,10.97%,$0.40B,$0.03B,7.73%,$0.03B,$0.26B,11.68%,$0.03B,$0.09B,33.42%,$0.03B,$0.41B,7.46%,$0.04B,$0.29B,15.06%,$92,$48,$44,$2,$32,$82,$10,$-0,$10,$3,$7,$7,$7,$13,$10,$11,11,$0.63,$0.62,$43,$61,$20,$188,$43,$0,$165,$11,$219,$407,$84,$30,$35,$65,$149,$0,$275,$-29,$258,$407,$7,$3,$-0,$3,$-5,$-8,$0,$0,$-12,$-2,$-1,$0,$0,$0,$0,$0,$0,$-1,$5,$0,$5,$0,$0,$-2,$-2,$2,$-3,$2,$-2
15,2014-12-31,40.65,$24.43,1.66,$35.83,1.13,$8.20,4.96,$2.57,15.82,$0.18B,$0.09B,2.11,$0.03B,$0.27B,0.1,$0.40B,$0.18B,44.28%,$0.40B,$0.04B,10.45%,$0.40B,$0.04B,10.45%,$0.40B,$0.05B,13.43%,$0.40B,$0.04B,10.45%,$0.40B,$0.03B,7.21%,$0.03B,$0.27B,10.78%,$0.03B,$0.09B,31.44%,$0.03B,$0.41B,6.82%,$0.04B,$0.29B,14.06%,$105,$58,$47,$1,$33,$93,$12,$-0,$12,$3,$9,$9,$9,$15,$12,$11,11,$0.84,$0.81,$46,$55,$9,$184,$45,$0,$175,$10,$230,$414,$87,$25,$17,$61,$148,$0,$270,$-17,$265,$414,$29,$11,$9,$20,$8,$5,$1,$-12,$2,$51,$-7,$0,$-12,$0,$0,$0,$0,$-18,$-12,$0,$-12,$-14,$-14,$-6,$-2,$-35,$-5,$6,$-6
16,2014-09-30,37.03,$24.64,1.5,$34.80,1.06,$7.51,4.93,$2.27,16.31,$0.19B,$0.10B,2.0,$0.02B,$0.27B,0.08,$0.39B,$0.17B,44.13%,$0.39B,$0.04B,9.69%,$0.39B,$0.04B,9.69%,$0.39B,$0.05B,12.76%,$0.39B,$0.04B,9.69%,$0.39B,$0.03B,6.63%,$0.03B,$0.27B,9.62%,$0.03B,$0.10B,28.18%,$0.03B,$0.42B,6.02%,$0.04B,$0.29B,12.54%,$99,$55,$44,$2,$32,$89,$10,$-0,$10,$3,$7,$7,$7,$13,$10,$11,11,$0.61,$0.60,$42,$58,$19,$191,$43,$0,$174,$10,$227,$418,$95,$22,$32,$55,$150,$0,$263,$-7,$268,$418,$20,$9,$4,$13,$1,$3,$0,$-7,$-2,$30,$-3,$0,$-3,$0,$0,$0,$0,$-6,$-15,$0,$-15,$-13,$-13,$-5,$0,$-32,$-9,$4,$-5
17,2014-06-30,36.32,$24.80,1.46,$33.97,1.07,$7.65,4.75,$2.24,16.21,$0.19B,$0.09B,2.07,$0.03B,$0.27B,0.1,$0.38B,$0.17B,44.01%,$0.38B,$0.04B,9.90%,$0.38B,$0.04B,9.90%,$0.38B,$0.05B,12.76%,$0.38B,$0.04B,9.90%,$0.38B,$0.03B,6.51%,$0.03B,$0.27B,9.28%,$0.03B,$0.09B,23.36%,$0.03B,$0.42B,5.85%,$0.04B,$0.30B,12.68%,$105,$60,$45,$1,$32,$93,$12,$-0,$12,$4,$8,$8,$8,$15,$12,$11,11,$0.71,$0.70,$38,$60,$20,$188,$44,$0,$180,$11,$235,$424,$91,$28,$34,$61,$152,$0,$258,$1,$271,$424,$13,$6,$3,$9,$3,$2,$1,$-13,$-6,$15,$-1,$0,$-3,$0,$0,$0,$0,$-4,$-10,$0,$-10,$-11,$-11,$-3,$1,$-23,$-13,$3,$-3
18,2014-03-31,34.31,$24.34,1.41,$31.90,1.08,$8.06,4.26,$2.05,16.73,$0.21B,$0.10B,2.15,$0.04B,$0.27B,0.16,$0.36B,$0.16B,45.43%,$0.36B,$0.03B,9.42%,$0.36B,$0.03B,9.42%,$0.36B,$0.05B,12.47%,$0.36B,$0.03B,9.42%,$0.36B,$0.02B,6.37%,$0.02B,$0.27B,8.67%,$0.02B,$0.09B,19.05%,$0.02B,$0.45B,5.49%,$0.03B,$0.31B,11.64%,$93,$51,$42,$2,$32,$86,$8,$-0,$8,$2,$5,$5,$5,$11,$8,$11,11,$0.45,$0.45,$57,$62,$19,$209,$44,$0,$181,$11,$235,$445,$97,$42,$33,$76,$173,$0,$252,$0,$272,$445,$5,$3,$1,$4,$1,$0,$-2,$-2,$-3,$6,$-0,$0,$-2,$0,$0,$0,$0,$-2,$5,$0,$5,$-1,$-1,$-1,$1,$3,$7,$1,$-1
19,2013-12-31,38.0,$24.36,1.56,$30.41,1.25,$8.07,4.71,$2.07,18.36,$0.21B,$0.10B,2.07,$0.04B,$0.27B,0.14,$0.34B,$0.16B,45.93%,$0.34B,$0.03B,9.59%,$0.34B,$0.03B,9.59%,$0.34B,$0.04B,12.50%,$0.34B,$0.03B,9.59%,$0.34B,$0.02B,6.69%,$0.02B,$0.27B,8.85%,$0.02B,$0.09B,17.20%,$0.02B,$0.44B,5.78%,$0.03B,$0.31B,11.89%,$95,$53,$42,$2,$33,$87,$8,$-0,$8,$2,$6,$6,$6,$11,$8,$11,11,$0.53,$0.52,$50,$63,$9,$206,$45,$0,$180,$11,$236,$442,$100,$38,$16,$72,$172,$0,$248,$1,$270,$442,$23,$10,$3,$13,$-2,$-2,$3,$5,$4,$40,$-3,$0,$-66,$0,$0,$0,$0,$-68,$32,$0,$32,$-5,$-5,$-4,$0,$23,$-5,$5,$-4
20,2013-09-30,31.25,$23.75,1.32,$28.78,1.09,$7.00,4.47,$2.38,13.13,$0.21B,$0.09B,2.32,$0.01B,$0.27B,0.05,$0.33B,$0.15B,45.87%,$0.33B,$0.03B,9.79%,$0.33B,$0.03B,9.79%,$0.33B,$0.04B,12.54%,$0.33B,$0.03B,9.79%,$0.33B,$0.03B,8.26%,$0.03B,$0.27B,10.60%,$0.03B,$0.15B,19.29%,$0.03B,$0.40B,7.16%,$0.03B,$0.28B,12.10%,$91,$51,$40,$2,$29,$81,$10,$-0,$10,$3,$7,$7,$6,$12,$10,$11,11,$0.58,$0.57,$73,$51,$21,$210,$42,$0,$110,$36,$188,$399,$91,$14,$30,$44,$134,$0,$244,$-1,$265,$399,$17,$7,$1,$8,$4,$-2,$2,$1,$5,$31,$-1,$0,$-14,$0,$0,$0,$1,$-14,$8,$0,$8,$-3,$-3,$-3,$0,$2,$18,$4,$-3
21,2013-06-30,27.85,$22.79,1.22,$28.29,0.98,$5.71,4.88,$2.55,10.92,$0.20B,$0.09B,2.22,$0.01B,$0.25B,0.06,$0.32B,$0.15B,45.82%,$0.32B,$0.03B,9.91%,$0.32B,$0.03B,9.91%,$0.32B,$0.04B,12.69%,$0.32B,$0.03B,9.91%,$0.32B,$0.03B,8.98%,$0.03B,$0.25B,11.65%,$0.03B,$0.15B,21.44%,$0.03B,$0.39B,7.89%,$0.03B,$0.27B,12.38%,$82,$42,$40,$2,$29,$74,$8,$-0,$8,$2,$6,$6,$6,$11,$8,$11,11,$0.52,$0.51,$64,$54,$19,$202,$41,$0,$108,$37,$186,$389,$91,$14,$29,$43,$135,$0,$239,$-6,$254,$389,$11,$4,$-0,$4,$1,$-7,$3,$5,$2,$18,$1,$0,$-14,$0,$0,$0,$1,$-13,$9,$0,$9,$-2,$-2,$-1,$0,$6,$10,$3,$-1
22,2013-03-31,22.85,$22.41,1.02,$28.14,0.81,$4.33,5.27,$2.60,8.79,$0.18B,$0.08B,2.39,$0.01B,$0.25B,0.02,$0.32B,$0.14B,44.44%,$0.32B,$0.03B,10.19%,$0.32B,$0.03B,10.19%,$0.32B,$0.04B,12.65%,$0.32B,$0.03B,10.19%,$0.32B,$0.03B,9.26%,$0.03B,$0.25B,12.36%,$0.03B,$0.14B,23.12%,$0.03B,$0.36B,8.37%,$0.03B,$0.26B,13.19%,$76,$40,$36,$2,$27,$69,$7,$-0,$7,$2,$5,$5,$5,$9,$7,$11,11,$0.47,$0.47,$58,$42,$20,$182,$38,$0,$106,$35,$179,$361,$76,$6,$28,$35,$111,$0,$234,$-6,$250,$361,$5,$2,$1,$2,$1,$-1,$0,$-1,$-1,$7,$-1,$0,$0,$0,$0,$0,$0,$-1,$-0,$0,$-0,$-1,$-1,$0,$0,$-1,$4,$1,$0
23,2012-12-31,24.23,$22.46,1.08,$28.55,0.85,$3.44,7.03,$2.73,8.88,$0.18B,$0.08B,2.33,$0.01B,$0.25B,0.03,$0.33B,$0.15B,43.98%,$0.33B,$0.04B,10.84%,$0.33B,$0.04B,10.84%,$0.33B,$0.05B,13.55%,$0.33B,$0.04B,10.84%,$0.33B,$0.03B,9.64%,$0.03B,$0.25B,13.40%,$0.03B,$0.12B,25.55%,$0.03B,$0.36B,8.93%,$0.04B,$0.26B,14.60%,$78,$45,$34,$2,$25,$71,$7,$-0,$7,$-3,$10,$10,$10,$9,$7,$11,12,$0.83,$0.83,$55,$42,$16,$176,$39,$0,$134,$10,$183,$359,$75,$6,$19,$34,$109,$0,$230,$-3,$250,$359,$32,$8,$-2,$6,$1,$9,$-6,$-13,$-9,$29,$-3,$0,$0,$0,$0,$0,$-0,$-3,$-5,$0,$-5,$-14,$-14,$0,$0,$-19,$8,$5,$0
24,2012-09-30,21.19,$21.42,0.99,$29.72,0.71,$3.57,5.94,$2.90,7.31,$0.18B,$0.08B,2.24,$0.01B,$0.24B,0.05,$0.35B,$0.15B,42.45%,$0.35B,$0.04B,10.83%,$0.35B,$0.04B,10.83%,$0.35B,$0.05B,13.39%,$0.35B,$0.04B,10.83%,$0.35B,$0.03B,9.69%,$0.03B,$0.24B,14.64%,$0.03B,$0.14B,28.69%,$0.03B,$0.36B,9.49%,$0.04B,$0.25B,15.75%,$87,$49,$38,$2,$26,$77,$10,$-0,$10,$2,$8,$8,$8,$12,$10,$11,11,$0.75,$0.74,$53,$44,$15,$181,$38,$0,$107,$36,$181,$362,$81,$11,$28,$39,$120,$0,$221,$-5,$242,$362,$22,$6,$2,$8,$-1,$7,$-6,$-15,$-14,$16,$-1,$0,$0,$0,$0,$0,$-0,$-1,$-0,$0,$-0,$-9,$-9,$0,$0,$-10,$6,$4,$0
25,2012-06-30,21.43,$20.16,1.06,$29.06,0.74,$3.58,5.98,$2.86,7.49,$0.17B,$0.09B,1.95,$0.01B,$0.23B,0.03,$0.35B,$0.15B,42.24%,$0.35B,$0.04B,11.21%,$0.35B,$0.04B,11.21%,$0.35B,$0.05B,13.79%,$0.35B,$0.04B,11.21%,$0.35B,$0.04B,10.06%,$0.04B,$0.23B,15.40%,$0.04B,$0.12B,30.91%,$0.04B,$0.35B,9.77%,$0.04B,$0.24B,16.44%,$83,$47,$36,$1,$25,$74,$9,$-0,$9,$3,$7,$7,$7,$11,$9,$12,12,$0.57,$0.56,$42,$49,$11,$172,$38,$0,$105,$36,$179,$351,$88,$7,$27,$34,$122,$0,$212,$-9,$229,$351,$14,$4,$2,$6,$2,$1,$-3,$-16,$-16,$4,$-1,$0,$-0,$0,$0,$0,$0,$-1,$-0,$0,$-0,$-8,$-8,$0,$1,$-8,$-5,$2,$0
26,2012-03-31,21.77,$20.04,1.09,$28.56,0.76,$3.58,6.08,$2.89,7.53,$0.18B,$0.09B,1.89,$0.01B,$0.23B,0.03,$0.35B,$0.15B,42.94%,$0.35B,$0.04B,11.53%,$0.35B,$0.04B,11.53%,$0.35B,$0.05B,14.12%,$0.35B,$0.04B,11.53%,$0.35B,$0.04B,10.09%,$0.04B,$0.23B,15.42%,$0.04B,$0.13B,31.25%,$0.04B,$0.36B,9.65%,$0.04B,$0.24B,16.68%,$84,$46,$38,$2,$26,$74,$10,$-0,$10,$3,$7,$7,$7,$13,$10,$12,12,$0.61,$0.60,$43,$52,$12,$177,$39,$0,$108,$38,$185,$362,$94,$7,$28,$34,$128,$0,$206,$-4,$234,$362,$7,$2,$1,$3,$1,$-1,$-0,$-14,$-14,$-4,$-0,$0,$-0,$0,$0,$0,$0,$-0,$-0,$0,$-0,$-1,$-1,$0,$0,$-1,$-4,$1,$0
27,2011-12-31,20.66,$19.21,1.08,$27.17,0.76,$3.88,5.33,$2.76,7.49,$0.17B,$0.10B,1.82,$0.01B,$0.22B,0.05,$0.34B,$0.15B,43.28%,$0.34B,$0.04B,11.34%,$0.34B,$0.04B,11.34%,$0.34B,$0.05B,13.73%,$0.34B,$0.04B,11.34%,$0.34B,$0.03B,10.15%,$0.03B,$0.22B,15.23%,$0.03B,$0.09B,30.84%,$0.03B,$0.36B,9.45%,$0.04B,$0.24B,15.93%,$97,$60,$37,$2,$26,$88,$9,$-0,$9,$-2,$11,$11,$12,$11,$9,$12,12,$1.00,$0.98,$48,$51,$12,$174,$40,$0,$135,$9,$184,$358,$96,$12,$17,$39,$135,$0,$199,$-8,$224,$358,$34,$8,$-0,$7,$-10,$-7,$4,$6,$-7,$34,$-6,$0,$-16,$0,$0,$0,$-1,$-22,$-11,$0,$-11,$-16,$-16,$0,$-0,$-27,$-15,$4,$0
28,2011-09-30,16.23,$18.58,0.87,$25.13,0.65,$3.78,4.29,$2.18,7.45,$0.18B,$0.10B,1.81,$0.02B,$0.22B,0.08,$0.31B,$0.14B,44.69%,$0.31B,$0.04B,11.58%,$0.31B,$0.04B,11.58%,$0.31B,$0.04B,14.15%,$0.31B,$0.04B,11.25%,$0.31B,$0.03B,8.68%,$0.03B,$0.22B,12.33%,$0.03B,$0.11B,24.83%,$0.03B,$0.36B,7.62%,$0.04B,$0.24B,15.25%,$84,$48,$36,$1,$26,$74,$11,$-0,$11,$1,$10,$10,$9,$13,$11,$12,12,$0.71,$0.70,$48,$59,$13,$175,$39,$0,$108,$40,$187,$362,$97,$17,$27,$43,$140,$0,$187,$-3,$222,$362,$22,$6,$2,$8,$-5,$-14,$-1,$11,$-10,$20,$-3,$0,$-15,$0,$0,$0,$-1,$-19,$-6,$0,$-6,$-9,$-9,$0,$-1,$-16,$-15,$3,$0
29,2011-06-30,28.8,$18.50,1.56,$23.59,1.22,$3.66,7.86,$1.84,15.65,$0.18B,$0.09B,1.89,$0.02B,$0.23B,0.07,$0.29B,$0.13B,44.90%,$0.29B,$0.03B,10.54%,$0.29B,$0.03B,10.54%,$0.29B,$0.04B,13.27%,$0.29B,$0.03B,10.20%,$0.29B,$0.02B,7.48%,$0.02B,$0.23B,10.27%,$0.02B,$0.12B,20.71%,$0.02B,$0.37B,6.39%,$0.03B,$0.25B,13.32%,$82,$45,$38,$1,$26,$72,$10,$-0,$10,$3,$7,$7,$7,$12,$10,$12,12,$0.59,$0.59,$46,$61,$14,$176,$39,$0,$110,$43,$193,$369,$93,$17,$30,$47,$140,$0,$178,$4,$228,$369,$13,$4,$3,$6,$-1,$-15,$1,$3,$-12,$7,$-4,$0,$-15,$0,$0,$0,$-1,$-20,$-6,$0,$-6,$0,$0,$0,$-2,$-8,$-18,$2,$0
30,2011-03-31,23.94,$17.81,1.34,$22.49,1.06,$4.02,5.95,$1.67,14.33,$0.18B,$0.09B,2.03,$0.02B,$0.22B,0.08,$0.28B,$0.13B,44.48%,$0.28B,$0.03B,9.96%,$0.28B,$0.03B,9.96%,$0.28B,$0.04B,12.81%,$0.28B,$0.03B,9.61%,$0.28B,$0.02B,7.12%,$0.02B,$0.22B,9.72%,$0.02B,$0.12B,19.61%,$0.02B,$0.35B,6.08%,$0.03B,$0.24B,12.40%,$72,$38,$34,$1,$24,$63,$8,$-0,$8,$2,$6,$6,$6,$10,$8,$12,12,$0.47,$0.47,$57,$52,$13,$175,$37,$0,$101,$37,$175,$350,$86,$17,$27,$44,$130,$0,$171,$2,$219,$350,$6,$2,$1,$3,$-1,$-9,$2,$-0,$-9,$0,$-1,$0,$-0,$0,$0,$0,$0,$-2,$-5,$0,$-5,$0,$0,$0,$-3,$-8,$-7,$1,$0
31,2010-12-31,21.54,$16.92,1.27,$21.61,1.0,$4.05,5.32,$1.49,14.46,$0.16B,$0.09B,1.93,$0.02B,$0.21B,0.08,$0.27B,$0.12B,43.70%,$0.27B,$0.03B,9.26%,$0.27B,$0.03B,9.26%,$0.27B,$0.03B,11.85%,$0.27B,$0.02B,8.52%,$0.27B,$0.02B,6.67%,$0.02B,$0.21B,9.02%,$0.02B,$0.08B,18.56%,$0.02B,$0.34B,5.65%,$0.03B,$0.23B,11.31%,$73,$42,$31,$1,$23,$67,$7,$-0,$6,$1,$5,$5,$5,$9,$7,$12,12,$0.43,$0.41,$62,$42,$9,$164,$37,$0,$125,$11,$173,$337,$85,$17,$17,$45,$129,$0,$165,$-4,$207,$337,$19,$7,$2,$9,$-14,$-4,$6,$12,$0,$28,$-0,$0,$-6,$0,$0,$0,$-0,$-6,$-1,$0,$-1,$-4,$-4,$0,$0,$-5,$16,$3,$0
32,2010-09-30,17.28,$16.66,1.04,$20.33,0.85,$5.09,3.39,$0.93,18.58,$0.15B,$0.07B,2.07,$0.02B,$0.20B,0.11,$0.25B,$0.11B,43.31%,$0.25B,$0.02B,7.09%,$0.25B,$0.02B,7.09%,$0.25B,$0.03B,9.84%,$0.25B,$0.02B,6.30%,$0.25B,$0.01B,4.33%,$0.01B,$0.20B,5.61%,$0.01B,$0.10B,11.80%,$0.01B,$0.32B,3.53%,$0.02B,$0.23B,8.22%,$67,$37,$29,$1,$22,$60,$6,$-0,$6,$1,$5,$5,$4,$8,$6,$12,12,$0.36,$0.36,$49,$43,$11,$148,$37,$0,$99,$39,$174,$322,$71,$22,$25,$47,$119,$0,$160,$-2,$203,$322,$13,$5,$1,$6,$-7,$-5,$4,$4,$-5,$14,$1,$0,$-6,$0,$0,$0,$-0,$-5,$-0,$0,$-0,$-4,$-4,$0,$0,$-5,$4,$2,$0
33,2010-06-30,15.92,$15.63,1.02,$19.38,0.82,$6.27,2.54,$0.56,28.43,$0.14B,$0.07B,2.15,$0.02B,$0.19B,0.12,$0.24B,$0.10B,42.74%,$0.24B,$0.01B,5.39%,$0.24B,$0.01B,5.39%,$0.24B,$0.02B,8.30%,$0.24B,$0.01B,4.15%,$0.24B,$0.01B,2.90%,$0.01B,$0.19B,3.60%,$0.01B,$0.10B,7.63%,$0.01B,$0.31B,2.27%,$0.01B,$0.22B,5.98%,$69,$38,$31,$1,$23,$62,$7,$-0,$7,$2,$5,$5,$5,$9,$7,$12,13,$0.42,$0.42,$47,$41,$11,$139,$36,$0,$93,$38,$167,$306,$65,$23,$25,$47,$112,$0,$155,$-10,$194,$306,$9,$3,$0,$4,$-5,$-5,$6,$0,$-4,$8,$-1,$0,$-3,$0,$0,$0,$0,$-3,$-0,$0,$-0,$0,$0,$0,$0,$-0,$2,$1,$0
34,2010-03-31,13.17,$15.63,0.84,$17.96,0.73,$7.00,1.88,$0.04,329.26,$0.14B,$0.07B,2.03,$0.02B,$0.19B,0.12,$0.22B,$0.09B,41.89%,$0.22B,$0.01B,2.25%,$0.22B,$0.01B,2.25%,$0.22B,$0.01B,5.41%,$0.22B,$0.00B,0.45%,$0.22B,$0.00B,0.45%,$0.00B,$0.19B,0.51%,$0.00B,$0.10B,1.11%,$0.00B,$0.31B,0.32%,$0.01B,$0.22B,2.30%,$61,$34,$27,$1,$21,$56,$5,$-0,$4,$1,$4,$4,$4,$6,$5,$12,12,$0.29,$0.29,$44,$40,$13,$138,$37,$0,$95,$39,$172,$310,$68,$23,$26,$48,$116,$0,$150,$-4,$194,$310,$4,$2,$-0,$1,$-5,$-3,$5,$-2,$-6,$-1,$0,$0,$0,$0,$0,$0,$0,$0,$-0,$0,$-0,$0,$0,$0,$0,$-0,$-2,$0,$0
35,2009-12-31,14.59,$15.64,0.93,$18.26,0.8,$8.05,1.81,$-0.48,0.0,$0.13B,$0.06B,2.04,$0.02B,$0.19B,0.12,$0.23B,$0.09B,40.27%,$0.23B,0,0.00%,$0.23B,0,0.00%,$0.23B,$0.01B,3.54%,$0.23B,$-0.00B,-1.33%,$0.23B,$-0.01B,-2.65%,$-0.01B,$0.19B,-3.13%,$-0.01B,$0.07B,-6.80%,$-0.01B,$0.31B,-1.91%,$0.00B,$0.22B,0.00%,$57,$33,$23,$1,$20,$57,$-0,$-0,$-1,$1,$-2,$-2,$-2,$2,$-0,$12,12,$-0.14,$-0.14,$46,$37,$8,$131,$38,$0,$126,$12,$176,$308,$64,$23,$18,$49,$114,$0,$147,$0,$194,$308,$-6,$7,$-0,$7,$19,$19,$-7,$11,$42,$43,$-3,$0,$-1,$0,$0,$0,$0,$-4,$-32,$0,$-32,$-3,$-3,$0,$0,$-35,$6,$3,$0
36,2009-09-30,11.09,$15.93,0.7,$18.62,0.6,$6.01,1.84,$-3.59,0.0,$0.13B,$0.06B,2.02,$0.02B,$0.20B,0.12,$0.24B,$0.10B,41.10%,$0.24B,$-0.04B,-16.95%,$0.24B,$-0.04B,-16.95%,$0.24B,$0.01B,3.81%,$0.24B,$-0.04B,-17.80%,$0.24B,$-0.05B,-19.07%,$-0.05B,$0.20B,-23.44%,$-0.05B,$0.10B,-50.85%,$-0.05B,$0.31B,-13.81%,$-0.04B,$0.22B,-17.39%,$54,$32,$22,$1,$20,$53,$1,$-0,$0,$1,$-0,$-0,$-0,$3,$1,$12,12,$-0.01,$-0.01,$34,$39,$15,$127,$41,$0,$98,$43,$182,$308,$63,$23,$27,$50,$113,$0,$148,$0,$196,$308,$-4,$6,$-1,$5,$17,$17,$-9,$6,$31,$32,$-2,$0,$-1,$0,$0,$0,$-0,$-4,$-32,$0,$-32,$-4,$-4,$0,$0,$-36,$-6,$2,$0
37,2009-06-30,10.32,$15.70,0.66,$20.40,0.51,$4.76,2.17,$-3.08,0.0,$0.13B,$0.06B,2.04,$0.03B,$0.19B,0.13,$0.27B,$0.11B,40.98%,$0.27B,$-0.03B,-12.03%,$0.27B,$-0.03B,-12.03%,$0.27B,$0.02B,6.39%,$0.27B,$-0.03B,-12.41%,$0.27B,$-0.04B,-14.29%,$-0.04B,$0.19B,-18.25%,$-0.04B,$0.10B,-40.32%,$-0.04B,$0.31B,-10.64%,$-0.03B,$0.22B,-12.52%,$50,$29,$21,$2,$19,$51,$-1,$-0,$-2,$-0,$-1,$-1,$-1,$1,$-1,$12,12,$-0.10,$-0.10,$27,$42,$9,$125,$41,$0,$97,$43,$182,$307,$61,$25,$28,$53,$114,$0,$148,$-2,$193,$307,$-4,$4,$0,$4,$19,$14,$-10,$-4,$19,$19,$-2,$0,$-1,$0,$0,$0,$0,$-3,$-26,$0,$-26,$-4,$-4,$0,$0,$-30,$-13,$1,$0
38,2009-03-31,10.53,$15.08,0.7,$22.99,0.46,$4.04,2.61,$-2.48,0.0,$0.15B,$0.06B,2.43,$0.05B,$0.19B,0.28,$0.31B,$0.13B,41.23%,$0.31B,$-0.02B,-6.82%,$0.31B,$-0.02B,-6.82%,$0.31B,$0.03B,9.09%,$0.31B,$-0.02B,-6.82%,$0.31B,$-0.03B,-9.74%,$-0.03B,$0.19B,-13.00%,$-0.03B,$0.09B,-28.57%,$-0.03B,$0.33B,-7.66%,$-0.02B,$0.24B,-7.44%,$65,$40,$25,$1,$22,$65,$0,$-1,$-0,$2,$-3,$-3,$-3,$2,$0,$13,13,$-0.23,$-0.23,$47,$46,$13,$153,$41,$0,$94,$43,$177,$331,$63,$52,$31,$83,$146,$0,$150,$-10,$185,$331,$-3,$2,$1,$2,$17,$9,$-6,$-6,$14,$14,$-1,$0,$0,$0,$0,$0,$0,$-1,$-1,$0,$-1,$-3,$-3,$0,$0,$-5,$7,$1,$0
39,2008-12-31,12.32,$15.49,0.8,$23.82,0.52,$3.42,3.6,$-1.89,0.0,$0.18B,$0.08B,2.24,$0.05B,$0.19B,0.27,$0.33B,$0.14B,41.34%,$0.33B,$-0.01B,-3.95%,$0.33B,$-0.01B,-3.95%,$0.33B,$0.04B,10.64%,$0.33B,$-0.01B,-3.95%,$0.33B,$-0.02B,-6.69%,$-0.02B,$0.19B,-8.64%,$-0.02B,$0.07B,-18.88%,$-0.02B,$0.36B,-5.25%,$-0.01B,$0.25B,-4.28%,$67,$38,$29,$2,$24,$107,$-40,$-0,$-40,$1,$-41,$-41,$-41,$3,$-40,$14,14,$-3.04,$-3.03,$40,$56,$16,$177,$42,$0,$125,$13,$180,$357,$79,$52,$21,$84,$163,$0,$153,$-6,$194,$357,$-23,$48,$7,$55,$-0,$-10,$-12,$10,$-12,$20,$-3,$0,$-2,$0,$0,$0,$0,$-5,$14,$0,$14,$-44,$-44,$0,$-0,$-30,$-21,$3,$0
40,2008-09-30,20.81,$20.58,1.01,$25.60,0.81,$4.06,5.13,$1.89,11.01,$0.21B,$0.09B,2.39,$0.06B,$0.26B,0.22,$0.36B,$0.14B,40.22%,$0.36B,$0.04B,10.61%,$0.36B,$0.04B,10.61%,$0.36B,$0.04B,12.29%,$0.36B,$0.04B,10.34%,$0.36B,$0.03B,7.54%,$0.03B,$0.26B,9.78%,$0.03B,$0.12B,21.51%,$0.03B,$0.43B,6.15%,$0.04B,$0.32B,11.90%,$84,$49,$34,$2,$24,$75,$9,$-0,$9,$2,$7,$7,$7,$11,$9,$14,14,$0.51,$0.50,$60,$57,$11,$206,$42,$0,$140,$46,$229,$434,$86,$58,$27,$87,$173,$0,$194,$15,$261,$434,$19,$6,$1,$6,$2,$-9,$-4,$3,$-8,$17,$-1,$0,$-2,$0,$0,$0,$0,$-3,$20,$0,$20,$-34,$-34,$0,$-0,$-15,$-2,$2,$0
41,2008-06-30,20.66,$20.51,1.01,$25.92,0.8,$3.13,6.61,$1.79,11.54,$0.21B,$0.09B,2.34,$0.04B,$0.28B,0.15,$0.37B,$0.15B,39.51%,$0.37B,$0.04B,10.63%,$0.37B,$0.04B,10.63%,$0.37B,$0.05B,12.26%,$0.37B,$0.04B,10.08%,$0.37B,$0.03B,7.08%,$0.03B,$0.28B,9.39%,$0.03B,$0.14B,20.63%,$0.03B,$0.44B,5.97%,$0.04B,$0.33B,12.41%,$92,$54,$39,$1,$27,$82,$10,$-0,$10,$3,$7,$7,$7,$12,$10,$14,14,$0.50,$0.50,$54,$58,$13,$208,$44,$0,$144,$48,$235,$444,$89,$42,$28,$72,$161,$0,$187,$24,$283,$444,$12,$4,$1,$5,$-4,$-9,$2,$4,$-6,$11,$-2,$0,$-2,$0,$0,$0,$0,$-4,$2,$0,$2,$-18,$-18,$0,$-1,$-16,$-8,$2,$0
42,2008-03-31,26.85,$20.06,1.34,$25.51,1.05,$2.57,10.45,$1.64,16.37,$0.21B,$0.09B,2.37,$0.04B,$0.28B,0.15,$0.36B,$0.14B,38.46%,$0.36B,$0.04B,10.44%,$0.36B,$0.04B,10.44%,$0.36B,$0.04B,12.09%,$0.36B,$0.04B,9.89%,$0.36B,$0.02B,6.59%,$0.02B,$0.28B,8.91%,$0.02B,$0.14B,20.04%,$0.02B,$0.44B,5.63%,$0.04B,$0.32B,12.42%,$86,$52,$34,$2,$25,$78,$8,$-0,$8,$2,$5,$5,$5,$9,$8,$14,14,$0.36,$0.36,$59,$54,$13,$205,$43,$0,$144,$48,$235,$440,$87,$42,$28,$72,$159,$0,$180,$24,$281,$440,$5,$2,$0,$2,$8,$-4,$0,$-5,$-1,$6,$-1,$0,$-1,$0,$0,$0,$0,$-2,$2,$0,$2,$-11,$-11,$0,$-1,$-10,$-3,$1,$0
43,2007-12-31,27.12,$19.32,1.4,$25.71,1.05,$2.54,10.68,$1.58,17.16,$0.21B,$0.10B,2.08,$0.03B,$0.28B,0.11,$0.37B,$0.14B,37.98%,$0.37B,$0.04B,10.11%,$0.37B,$0.04B,10.11%,$0.37B,$0.04B,12.02%,$0.37B,$0.04B,9.56%,$0.37B,$0.02B,6.28%,$0.02B,$0.28B,8.89%,$0.02B,$0.11B,22.49%,$0.02B,$0.44B,5.55%,$0.04B,$0.31B,12.52%,$96,$60,$37,$1,$25,$86,$11,$-0,$10,$3,$8,$8,$8,$12,$11,$14,14,$0.54,$0.54,$62,$47,$11,$207,$42,$0,$174,$14,$230,$437,$100,$30,$18,$59,$158,$0,$175,$16,$279,$437,$23,$7,$6,$14,$-6,$-4,$3,$2,$-5,$32,$-5,$0,$-2,$0,$0,$0,$-1,$-8,$-14,$0,$-14,$4,$4,$0,$3,$-7,$22,$2,$0
44,2007-09-30,25.59,$18.62,1.37,$25.05,1.02,$0.97,26.26,$1.32,19.39,$0.20B,$0.10B,1.93,$0.04B,$0.26B,0.14,$0.36B,$0.14B,37.92%,$0.36B,$0.03B,9.27%,$0.36B,$0.03B,9.27%,$0.36B,$0.04B,11.52%,$0.36B,$0.03B,8.71%,$0.36B,$0.02B,5.34%,$0.02B,$0.26B,7.65%,$0.02B,$0.12B,20.54%,$0.02B,$0.42B,4.71%,$0.03B,$0.30B,11.42%,$93,$57,$35,$1,$24,$83,$10,$-0,$9,$2,$7,$7,$6,$12,$10,$14,14,$0.41,$0.40,$40,$47,$11,$195,$41,$0,$141,$46,$228,$422,$101,$36,$20,$57,$158,$0,$167,$14,$264,$422,$15,$5,$2,$7,$-8,$-4,$1,$-5,$-16,$6,$-3,$0,$-2,$0,$0,$0,$-0,$-5,$-7,$0,$-7,$0,$0,$0,$2,$-4,$1,$1,$0
45,2007-06-30,28.52,$17.85,1.6,$24.95,1.14,$0.53,54.22,$1.32,21.6,$0.18B,$0.09B,1.94,$0.04B,$0.25B,0.16,$0.35B,$0.13B,37.29%,$0.35B,$0.03B,9.04%,$0.35B,$0.03B,9.04%,$0.35B,$0.04B,11.30%,$0.35B,$0.03B,8.76%,$0.35B,$0.02B,5.37%,$0.02B,$0.25B,7.89%,$0.02B,$0.11B,24.60%,$0.02B,$0.41B,4.77%,$0.03B,$0.29B,11.27%,$89,$55,$34,$1,$23,$80,$9,$-0,$9,$3,$6,$6,$5,$11,$9,$14,14,$0.35,$0.35,$40,$46,$10,$180,$40,$0,$139,$47,$226,$406,$93,$39,$19,$60,$153,$0,$162,$10,$253,$406,$9,$4,$-0,$3,$0,$-4,$3,$-10,$-10,$3,$-2,$0,$-1,$0,$0,$0,$0,$-2,$-4,$0,$-4,$0,$0,$0,$2,$-2,$1,$1,$0
46,2007-03-31,23.18,$17.22,1.35,$25.04,0.93,$0.11,211.09,$1.32,17.56,$0.17B,$0.09B,1.86,$0.04B,$0.24B,0.18,$0.36B,$0.13B,36.90%,$0.36B,$0.03B,9.01%,$0.36B,$0.03B,9.01%,$0.36B,$0.04B,11.27%,$0.36B,$0.03B,8.45%,$0.36B,$0.02B,5.35%,$0.02B,$0.24B,8.13%,$0.02B,$0.07B,29.69%,$0.02B,$0.39B,4.82%,$0.03B,$0.28B,11.45%,$88,$56,$33,$2,$23,$81,$7,$-0,$7,$2,$5,$5,$4,$9,$7,$14,14,$0.31,$0.30,$41,$43,$10,$167,$41,$0,$172,$12,$225,$392,$90,$42,$12,$64,$153,$0,$157,$7,$239,$392,$4,$2,$0,$2,$1,$-1,$3,$-4,$-0,$6,$-1,$0,$-0,$0,$0,$0,$0,$-1,$-2,$0,$-2,$-3,$-3,$0,$0,$-4,$2,$0,$0
47,2006-12-31,22.28,$17.01,1.31,$24.30,0.92,$-0.15,0.0,$1.21,18.42,$0.17B,$0.09B,1.92,$0.05B,$0.24B,0.19,$0.34B,$0.13B,37.03%,$0.34B,$0.03B,8.75%,$0.34B,$0.03B,8.75%,$0.34B,$0.04B,11.08%,$0.34B,$0.03B,7.87%,$0.34B,$0.02B,5.25%,$0.02B,$0.24B,7.93%,$0.02B,$0.07B,30.00%,$0.02B,$0.39B,4.66%,$0.03B,$0.28B,10.98%,$86,$53,$33,$2,$24,$79,$7,$-0,$6,$2,$4,$4,$4,$9,$7,$14,14,$0.28,$0.27,$40,$42,$9,$168,$41,$0,$172,$12,$225,$393,$88,$45,$13,$67,$155,$0,$153,$6,$238,$393,$17,$8,$3,$10,$-7,$-3,$11,$-20,$-19,$8,$-4,$0,$-14,$0,$0,$0,$-0,$-18,$-2,$0,$-2,$2,$2,$0,$2,$3,$-1,$1,$0
