,Date,Stock Price,Book Value per Share,Price to Book Ratio,TTM Sales per Share,Price to Sales Ratio,TTM FCF per Share,Price to FCF Ratio,TTM Net EPS,PE Ratio,Current Assets,Current Liabilities,Current Ratio,Long Term Debt,Shareholder's Equity_x,Debt to Equity Ratio,TTM Revenue_x,TTM Gross Profit,Gross Margin,TTM Revenue_y,TTM Operating Income,Operating Margin,TTM Revenue_x,TTM EBIT,EBIT Margin,TTM Revenue_y,TTM EBITDA,EBITDA Margin,TTM Revenue_x,TTM Pre-Tax Income,Pre-Tax Margin,TTM Revenue_y,TTM Net Income_x,Net Margin,TTM Net Income_y,Shareholder's Equity_y,Return on Equity,TTM Net Income_x,Tangible Equity,Return on Tangible Equity,TTM Net Income_y,Total Assets,Return on Assets,TTM Net Income,LT Investments & Debt,Return on Investment,revenue,cost-goods-sold,gross-profit,research-development-expenses,selling-general-administrative-expenses,operating-expenses,operating-income,total-non-operating-income-expense,pre-tax-income,total-provision-income-taxes,income-after-taxes,income-from-continuous-operations,net-income,ebitda,ebit,basic-shares-outstanding,shares-outstanding,eps-basic-net-earnings-per-share,eps-earnings-per-share-diluted,cash-on-hand,inventory,other-current-assets,total-current-assets,net-property-plant-equipment,long-term-investments,goodwill-intangible-assets-total,other-long-term-assets,total-long-term-assets,total-assets,total-current-liabilities,long-term-debt,other-non-current-liabilities,total-long-term-liabilities,total-liabilities,common-stock-net,retained-earnings-accumulated-deficit,comprehensive-income,total-share-holder-equity,total-liabilities-share-holders-equity,net-income-loss,total-depreciation-amortization-cash-flow,other-non-cash-items,total-non-cash-items,change-in-accounts-receivable,change-in-inventories,change-in-accounts-payable,change-in-assets-liabilities,total-change-in-assets-liabilities,cash-flow-from-operating-activities,net-change-in-property-plant-equipment,net-change-in-intangible-assets,net-acquisitions-divestitures,net-change-in-short-term-investments,net-change-in-long-term-investments,net-change-in-investments-total,investing-activities-other,cash-flow-from-investing-activities,net-long-term-debt,net-current-debt,debt-issuance-retirement-net-total,net-common-equity-issued-repurchased,net-total-equity-issued-repurchased,total-common-preferred-stock-dividends-paid,financial-activities-other,cash-flow-from-financial-activities,net-cash-flow,stock-based-compensation,common-stock-dividends-paid
0,2018-09-30,66.78,$22.81,2.93,$65.32,1.02,$10.11,6.6,$1.57,42.54,$0.74B,$0.27B,2.7,$0.30B,$0.64B,0.46,$1.85B,$0.55B,29.71%,$1.85B,$0.09B,5.03%,$1.85B,$0.09B,5.03%,$1.85B,$0.14B,7.52%,$1.85B,$0.08B,4.33%,$1.85B,$0.04B,2.38%,$0.04B,$0.64B,6.88%,$0.04B,$0.20B,24.48%,$0.04B,$1.43B,3.03%,$0.09B,$0.93B,9.53%,$443,$315,$129,$0,$110,$436,$7,$-2,$5,$4,$1,$1,$1,$19,$7,$28,28,$0.05,$0.05,$26,$303,$169,$738,$189,$0,$443,$41,$694,$1432,$273,$296,$135,$520,$793,$30,$592,$-117,$638,$1432,$31,$35,$23,$58,$46,$-11,$7,$1,$39,$127,$-24,$0,$0,$0,$0,$0,$-0,$-24,$-6,$-85,$-91,$-6,$-6,$-17,$-1,$-114,$-11,$5,$-17
1,2018-06-30,69.69,$22.95,3.04,$65.48,1.06,$7.29,9.56,$2.10,33.19,$0.73B,$0.25B,2.89,$0.32B,$0.64B,0.49,$1.85B,$0.56B,30.13%,$1.85B,$0.12B,6.26%,$1.85B,$0.12B,6.26%,$1.85B,$0.16B,8.69%,$1.85B,$0.10B,5.45%,$1.85B,$0.06B,3.19%,$0.06B,$0.64B,9.29%,$0.06B,$0.19B,35.07%,$0.06B,$1.44B,4.04%,$0.12B,$0.96B,11.65%,$468,$332,$136,$0,$114,$447,$21,$-2,$19,$3,$15,$15,$15,$32,$21,$28,28,$0.54,$0.53,$28,$291,$161,$734,$188,$0,$457,$40,$709,$1442,$254,$316,$124,$545,$799,$29,$596,$-117,$643,$1442,$29,$23,$10,$34,$33,$2,$7,$-7,$31,$94,$-14,$0,$0,$0,$0,$0,$-1,$-15,$-4,$-69,$-73,$-4,$-4,$-11,$-0,$-88,$-9,$4,$-11
2,2018-03-31,61.95,$23.03,2.69,$65.09,0.95,$3.94,15.73,$2.05,30.22,$0.76B,$0.25B,3.07,$0.34B,$0.64B,0.53,$1.83B,$0.56B,30.33%,$1.83B,$0.12B,6.66%,$1.83B,$0.12B,6.66%,$1.83B,$0.17B,9.17%,$1.83B,$0.10B,5.62%,$1.83B,$0.06B,3.11%,$0.06B,$0.64B,9.13%,$0.06B,$0.17B,36.77%,$0.06B,$1.49B,3.90%,$0.12B,$0.98B,12.08%,$463,$329,$134,$0,$112,$443,$21,$-2,$19,$5,$14,$14,$14,$32,$21,$28,28,$0.51,$0.50,$30,$297,$144,$762,$187,$0,$470,$39,$724,$1486,$249,$342,$133,$595,$843,$29,$587,$-108,$642,$1486,$14,$12,$4,$15,$-6,$-2,$10,$24,$28,$57,$-6,$0,$0,$0,$0,$0,$-0,$-7,$-2,$-48,$-50,$-2,$-2,$-6,$-0,$-58,$-7,$1,$-6
3,2017-12-31,58.49,$22.85,2.56,$63.73,0.92,$1.25,46.79,$1.77,33.05,$0.75B,$0.25B,3.04,$0.39B,$0.64B,0.62,$1.81B,$0.55B,30.23%,$1.81B,$0.11B,6.31%,$1.81B,$0.11B,6.31%,$1.81B,$0.16B,8.91%,$1.81B,$0.09B,5.20%,$1.81B,$0.05B,2.71%,$0.05B,$0.64B,8.07%,$0.05B,$0.17B,35.13%,$0.05B,$1.46B,3.38%,$0.11B,$1.03B,11.58%,$474,$324,$150,$0,$106,$429,$44,$-7,$37,$24,$14,$14,$14,$56,$44,$28,28,$0.50,$0.47,$37,$367,$27,$748,$185,$0,$469,$26,$708,$1455,$246,$392,$47,$573,$820,$29,$588,$-116,$636,$1455,$50,$48,$30,$78,$-78,$31,$10,$-15,$-48,$80,$-28,$0,$-1,$0,$0,$0,$-3,$-32,$-7,$-13,$-20,$-4,$-4,$-21,$-9,$-55,$-4,$6,$-21
4,2017-09-30,55.26,$22.23,2.49,$62.48,0.88,$2.19,25.26,$1.81,30.53,$0.73B,$0.26B,2.85,$0.39B,$0.62B,0.64,$1.77B,$0.53B,30.08%,$1.77B,$0.10B,5.50%,$1.77B,$0.10B,5.50%,$1.77B,$0.14B,8.10%,$1.77B,$0.08B,4.53%,$1.77B,$0.05B,2.83%,$0.05B,$0.62B,8.48%,$0.05B,$0.15B,40.65%,$0.05B,$1.46B,3.47%,$0.10B,$1.01B,10.28%,$447,$309,$138,$0,$106,$417,$30,$-4,$26,$9,$16,$16,$16,$41,$30,$28,28,$0.58,$0.58,$35,$386,$31,$733,$183,$0,$470,$25,$727,$1459,$257,$394,$44,$583,$841,$29,$580,$-126,$619,$1459,$36,$36,$11,$47,$-45,$12,$-5,$-13,$-40,$44,$-20,$0,$-1,$0,$0,$0,$-2,$-23,$-5,$2,$-3,$-2,$-2,$-16,$-8,$-28,$-6,$5,$-16
5,2017-06-30,49.21,$21.52,2.29,$62.79,0.78,$2.99,16.48,$1.85,26.6,$0.73B,$0.25B,2.96,$0.42B,$0.60B,0.69,$1.77B,$0.53B,29.81%,$1.77B,$0.10B,5.53%,$1.77B,$0.10B,5.53%,$1.77B,$0.15B,8.19%,$1.77B,$0.08B,4.57%,$1.77B,$0.05B,2.88%,$0.05B,$0.60B,8.80%,$0.05B,$0.13B,46.26%,$0.05B,$1.45B,3.55%,$0.10B,$1.02B,10.77%,$449,$315,$134,$0,$108,$422,$27,$-5,$21,$8,$13,$13,$13,$39,$27,$28,28,$0.49,$0.48,$28,$393,$29,$725,$182,$0,$468,$24,$724,$1449,$245,$415,$42,$604,$849,$29,$569,$-135,$600,$1449,$20,$25,$10,$35,$-35,$4,$2,$-26,$-55,$-0,$-15,$0,$-1,$0,$0,$0,$-1,$-17,$197,$-178,$18,$2,$2,$-10,$-8,$2,$-13,$4,$-10
6,2017-03-31,47.31,$21.09,2.24,$63.50,0.74,$3.89,12.17,$1.96,24.14,$0.71B,$0.35B,2.02,$0.31B,$0.57B,0.54,$1.79B,$0.54B,30.01%,$1.79B,$0.10B,5.63%,$1.79B,$0.10B,5.63%,$1.79B,$0.15B,8.25%,$1.79B,$0.09B,4.74%,$1.79B,$0.05B,3.01%,$0.05B,$0.57B,9.46%,$0.05B,$0.11B,55.53%,$0.05B,$1.43B,3.75%,$0.10B,$0.88B,11.12%,$436,$312,$124,$0,$111,$422,$13,$-3,$10,$4,$6,$6,$6,$25,$13,$27,29,$0.23,$0.22,$25,$390,$28,$705,$178,$0,$463,$28,$724,$1429,$349,$310,$47,$508,$857,$28,$561,$-151,$573,$1429,$6,$12,$4,$16,$-26,$4,$-5,$-15,$-41,$-18,$-7,$0,$0,$0,$0,$0,$-1,$-8,$-1,$17,$16,$-1,$-1,$-5,$-0,$10,$-17,$1,$-5
7,2016-12-31,47.9,$20.87,2.29,$64.65,0.74,$4.71,10.16,$2.09,22.92,$0.70B,$0.35B,1.97,$0.30B,$0.57B,0.52,$1.81B,$0.55B,30.31%,$1.81B,$0.11B,5.86%,$1.81B,$0.11B,5.86%,$1.81B,$0.15B,8.46%,$1.81B,$0.09B,4.92%,$1.81B,$0.06B,3.21%,$0.06B,$0.57B,10.24%,$0.06B,$0.10B,69.46%,$0.06B,$1.43B,4.00%,$0.11B,$0.86B,11.31%,$433,$298,$135,$0,$108,$406,$27,$-4,$23,$8,$15,$15,$15,$38,$27,$27,28,$0.56,$0.54,$41,$394,$27,$699,$177,$0,$464,$28,$728,$1426,$354,$297,$47,$507,$860,$28,$560,$-156,$566,$1426,$59,$47,$17,$64,$-1,$-12,$1,$-1,$-15,$108,$-30,$0,$-7,$0,$0,$0,$-1,$-38,$-5,$-15,$-20,$-4,$-4,$-20,$-0,$-44,$25,$6,$-20
8,2016-09-30,42.84,$21.36,2.01,$65.45,0.65,$4.80,8.93,$1.88,22.79,$0.70B,$0.36B,1.94,$0.30B,$0.58B,0.52,$1.83B,$0.54B,29.56%,$1.83B,$0.10B,5.53%,$1.83B,$0.10B,5.53%,$1.83B,$0.15B,8.05%,$1.83B,$0.08B,4.43%,$1.83B,$0.05B,2.85%,$0.05B,$0.58B,9.27%,$0.05B,$0.10B,74.55%,$0.05B,$1.44B,3.58%,$0.10B,$0.88B,10.45%,$453,$318,$135,$0,$104,$422,$31,$-4,$27,$10,$17,$17,$17,$43,$31,$27,28,$0.64,$0.62,$26,$394,$31,$701,$179,$0,$481,$23,$741,$1442,$361,$302,$52,$501,$863,$28,$550,$-133,$579,$1442,$44,$35,$10,$46,$-12,$-10,$1,$-6,$-19,$70,$-24,$0,$-7,$0,$0,$0,$-0,$-31,$-4,$-10,$-13,$-2,$-2,$-15,$0,$-30,$9,$5,$-15
9,2016-06-30,41.3,$20.83,1.98,$64.92,0.64,$5.36,7.71,$1.88,21.97,$0.72B,$0.26B,2.77,$0.44B,$0.57B,0.79,$1.81B,$0.54B,29.59%,$1.81B,$0.10B,5.53%,$1.81B,$0.10B,5.53%,$1.81B,$0.14B,7.96%,$1.81B,$0.08B,4.42%,$1.81B,$0.05B,2.88%,$0.05B,$0.57B,9.37%,$0.05B,$0.08B,51.87%,$0.05B,$1.47B,3.72%,$0.10B,$1.01B,10.55%,$471,$327,$144,$0,$114,$441,$30,$-4,$25,$9,$16,$16,$16,$42,$30,$27,28,$0.61,$0.59,$20,$397,$31,$717,$176,$0,$485,$24,$748,$1466,$259,$443,$48,$642,$901,$28,$537,$-137,$565,$1466,$26,$24,$4,$27,$-31,$-12,$11,$-8,$-28,$25,$-15,$0,$-6,$0,$0,$0,$0,$-21,$-3,$14,$12,$-2,$-2,$-10,$0,$-0,$4,$4,$-10
10,2016-03-31,41.29,$20.55,2.01,$63.96,0.65,$6.23,6.63,$2.06,20.05,$0.70B,$0.25B,2.76,$0.44B,$0.56B,0.8,$1.78B,$0.52B,29.33%,$1.78B,$0.10B,5.61%,$1.78B,$0.10B,5.61%,$1.78B,$0.14B,7.96%,$1.78B,$0.08B,4.60%,$1.78B,$0.06B,3.25%,$0.06B,$0.56B,10.54%,$0.06B,$0.06B,43.86%,$0.06B,$1.46B,4.34%,$0.10B,$1.00B,11.12%,$451,$317,$134,$0,$116,$433,$18,$-4,$14,$5,$10,$10,$10,$30,$18,$27,28,$0.36,$0.35,$18,$392,$33,$695,$178,$0,$501,$24,$769,$1464,$251,$443,$53,$656,$908,$28,$526,$-131,$556,$1464,$10,$11,$-0,$11,$-14,$-6,$5,$-6,$-15,$6,$-8,$0,$-0,$0,$0,$0,$-0,$-8,$-1,$12,$10,$-2,$-2,$-5,$0,$4,$2,$1,$-5
11,2015-12-31,39.3,$20.09,1.96,$63.62,0.62,$7.21,5.45,$2.17,18.11,$0.68B,$0.24B,2.86,$0.43B,$0.54B,0.8,$1.78B,$0.52B,29.13%,$1.78B,$0.10B,5.86%,$1.78B,$0.10B,5.86%,$1.78B,$0.14B,8.11%,$1.78B,$0.09B,4.90%,$1.78B,$0.06B,3.44%,$0.06B,$0.54B,11.25%,$0.06B,$0.05B,36.91%,$0.06B,$1.44B,4.81%,$0.10B,$0.98B,12.30%,$452,$325,$127,$0,$104,$430,$22,$-7,$15,$7,$9,$9,$9,$32,$22,$27,28,$0.32,$0.32,$16,$386,$32,$676,$176,$0,$497,$24,$764,$1440,$237,$434,$51,$660,$897,$28,$521,$-140,$543,$1440,$60,$40,$7,$46,$5,$-3,$5,$1,$3,$110,$-30,$0,$-201,$0,$0,$0,$-1,$-233,$16,$143,$159,$-8,$-8,$-19,$-5,$128,$4,$6,$-19
12,2015-09-30,34.37,$20.51,1.68,$64.59,0.53,$7.16,4.8,$2.39,14.38,$0.68B,$0.24B,2.83,$0.25B,$0.56B,0.45,$1.80B,$0.53B,29.21%,$1.80B,$0.12B,6.39%,$1.80B,$0.12B,6.39%,$1.80B,$0.16B,8.66%,$1.80B,$0.10B,5.66%,$1.80B,$0.07B,3.72%,$0.07B,$0.56B,12.50%,$0.07B,$0.22B,33.50%,$0.07B,$1.22B,5.54%,$0.12B,$0.81B,14.41%,$434,$304,$130,$0,$100,$404,$30,$-3,$26,$9,$17,$17,$17,$40,$30,$27,28,$0.63,$0.62,$12,$370,$36,$680,$150,$0,$336,$25,$544,$1224,$240,$251,$44,$428,$668,$28,$517,$-125,$556,$1224,$52,$29,$5,$34,$2,$-10,$18,$-2,$-2,$84,$-22,$0,$-12,$0,$0,$0,$-1,$-35,$18,$-47,$-29,$-5,$-5,$-14,$-1,$-49,$-1,$5,$-14
13,2015-06-30,40.02,$20.06,2.0,$65.34,0.61,$5.72,6.99,$2.30,17.4,$0.67B,$0.23B,2.97,$0.27B,$0.55B,0.49,$1.82B,$0.53B,28.80%,$1.82B,$0.11B,6.14%,$1.82B,$0.11B,6.14%,$1.82B,$0.15B,8.39%,$1.82B,$0.10B,5.49%,$1.82B,$0.07B,3.57%,$0.07B,$0.55B,12.17%,$0.07B,$0.21B,33.04%,$0.07B,$1.22B,5.38%,$0.11B,$0.81B,13.75%,$446,$314,$132,$0,$102,$416,$30,$-3,$27,$6,$22,$22,$22,$40,$30,$27,28,$0.80,$0.77,$12,$368,$33,$670,$147,$0,$338,$25,$546,$1216,$226,$268,$44,$445,$670,$28,$505,$-126,$546,$1216,$34,$20,$1,$20,$4,$-7,$16,$-10,$-7,$47,$-13,$0,$-12,$0,$0,$0,$-1,$-25,$19,$-30,$-12,$-1,$-1,$-9,$-1,$-23,$-1,$4,$-9
14,2015-03-31,40.32,$19.25,2.09,$65.73,0.61,$4.29,9.4,$2.13,18.93,$0.65B,$0.23B,2.85,$0.26B,$0.52B,0.5,$1.83B,$0.52B,28.52%,$1.83B,$0.11B,6.01%,$1.83B,$0.11B,6.01%,$1.83B,$0.15B,8.25%,$1.83B,$0.10B,5.36%,$1.83B,$0.06B,3.28%,$0.06B,$0.52B,11.26%,$0.06B,$0.19B,31.01%,$0.06B,$1.19B,4.93%,$0.11B,$0.78B,13.19%,$443,$315,$128,$0,$106,$420,$22,$-3,$19,$6,$13,$13,$13,$32,$22,$27,28,$0.47,$0.46,$10,$367,$32,$654,$146,$0,$337,$23,$540,$1194,$230,$260,$47,$440,$670,$28,$488,$-130,$524,$1194,$13,$10,$1,$11,$17,$-7,$11,$-10,$9,$33,$-7,$0,$-11,$0,$0,$0,$-1,$-19,$-3,$-9,$-12,$0,$0,$-4,$0,$-16,$-2,$2,$-4
15,2014-12-31,37.93,$19.08,1.99,$64.63,0.59,$2.52,15.08,$2.09,18.15,$0.66B,$0.22B,2.99,$0.27B,$0.52B,0.52,$1.80B,$0.51B,28.30%,$1.80B,$0.11B,6.13%,$1.80B,$0.11B,6.13%,$1.80B,$0.15B,8.30%,$1.80B,$0.10B,5.40%,$1.80B,$0.06B,3.23%,$0.06B,$0.52B,10.90%,$0.06B,$0.19B,28.36%,$0.06B,$1.20B,4.81%,$0.11B,$0.79B,13.12%,$478,$342,$136,$0,$103,$445,$33,$-4,$30,$8,$21,$21,$15,$44,$33,$27,28,$0.55,$0.53,$12,$360,$30,$662,$148,$0,$333,$23,$539,$1201,$222,$271,$46,$462,$684,$28,$480,$-126,$518,$1201,$66,$38,$5,$43,$-24,$30,$-4,$-10,$-3,$106,$-28,$0,$-70,$0,$0,$0,$-2,$-100,$-10,$17,$7,$6,$6,$-17,$1,$-4,$2,$5,$-17
16,2014-09-30,37.03,$19.94,1.86,$62.55,0.59,$0.52,70.77,$2.02,18.33,$0.71B,$0.23B,3.06,$0.33B,$0.55B,0.59,$1.73B,$0.49B,28.08%,$1.73B,$0.10B,6.02%,$1.73B,$0.10B,6.02%,$1.73B,$0.14B,8.28%,$1.73B,$0.09B,5.27%,$1.73B,$0.06B,3.24%,$0.06B,$0.55B,10.56%,$0.06B,$0.21B,26.32%,$0.06B,$1.23B,4.70%,$0.10B,$0.87B,12.45%,$456,$327,$129,$0,$102,$429,$27,$-4,$24,$8,$16,$16,$15,$37,$27,$27,28,$0.55,$0.53,$10,$379,$29,$706,$150,$0,$341,$23,$520,$1226,$231,$326,$43,$448,$679,$27,$469,$-83,$548,$1226,$44,$28,$12,$40,$-42,$19,$-6,$-20,$-40,$44,$-22,$0,$-77,$0,$0,$0,$-1,$-100,$-5,$69,$64,$5,$5,$-13,$1,$56,$-1,$4,$-13
17,2014-06-30,40.1,$19.96,2.01,$61.73,0.65,$-0.43,0.0,$2.19,18.31,$0.72B,$0.23B,3.07,$0.35B,$0.54B,0.65,$1.70B,$0.48B,28.02%,$1.70B,$0.11B,6.37%,$1.70B,$0.11B,6.37%,$1.70B,$0.15B,8.61%,$1.70B,$0.10B,5.60%,$1.70B,$0.06B,3.54%,$0.06B,$0.54B,11.78%,$0.06B,$0.20B,29.56%,$0.06B,$1.25B,5.11%,$0.11B,$0.89B,13.47%,$453,$324,$129,$0,$100,$425,$28,$-4,$25,$8,$17,$17,$17,$38,$28,$27,28,$0.61,$0.60,$12,$391,$27,$715,$153,$0,$346,$23,$530,$1246,$233,$350,$42,$472,$705,$27,$459,$-78,$541,$1246,$29,$18,$5,$23,$-38,$10,$-1,$-17,$-40,$12,$-18,$0,$-76,$0,$0,$0,$-1,$-95,$-3,$90,$88,$4,$4,$-9,$1,$84,$1,$3,$-9
18,2014-03-31,38.03,$19.32,1.97,$61.51,0.62,$-1.51,0.0,$2.26,16.83,$0.68B,$0.22B,3.09,$0.28B,$0.52B,0.54,$1.67B,$0.47B,27.90%,$1.67B,$0.11B,6.63%,$1.67B,$0.11B,6.63%,$1.67B,$0.15B,8.78%,$1.67B,$0.10B,5.85%,$1.67B,$0.06B,3.64%,$0.06B,$0.52B,12.60%,$0.06B,$0.23B,31.44%,$0.06B,$1.15B,5.30%,$0.11B,$0.80B,14.60%,$408,$294,$114,$0,$92,$386,$22,$-3,$18,$6,$12,$12,$11,$30,$22,$27,28,$0.43,$0.42,$8,$378,$30,$675,$151,$0,$291,$23,$473,$1148,$218,$279,$50,$408,$626,$27,$447,$-81,$522,$1148,$12,$9,$2,$11,$-23,$12,$-8,$-16,$-35,$-12,$-12,$0,$-0,$0,$0,$0,$-1,$-12,$0,$24,$24,$1,$1,$-4,$1,$22,$-2,$1,$-4
19,2013-12-31,37.0,$19.04,1.94,$61.07,0.61,$-2.37,0.0,$2.10,17.62,$0.67B,$0.23B,2.92,$0.27B,$0.51B,0.52,$1.65B,$0.46B,27.99%,$1.65B,$0.10B,6.23%,$1.65B,$0.10B,6.23%,$1.65B,$0.14B,8.40%,$1.65B,$0.09B,5.44%,$1.65B,$0.06B,3.45%,$0.06B,$0.51B,12.42%,$0.06B,$0.22B,33.14%,$0.06B,$1.14B,4.97%,$0.10B,$0.78B,13.93%,$410,$298,$113,$0,$84,$383,$27,$-3,$24,$9,$15,$15,$13,$38,$27,$27,27,$0.48,$0.47,$10,$390,$26,$665,$149,$0,$293,$23,$475,$1141,$228,$265,$47,$401,$629,$27,$439,$-81,$511,$1141,$59,$35,$7,$43,$-23,$-20,$12,$7,$-39,$63,$-41,$0,$-18,$0,$0,$0,$-2,$-61,$-10,$13,$3,$6,$6,$-17,$0,$-8,$-6,$5,$-17
20,2013-09-30,34.97,$17.30,2.02,$59.84,0.58,$-1.36,0.0,$2.16,16.19,$0.67B,$0.24B,2.86,$0.28B,$0.46B,0.6,$1.61B,$0.45B,28.07%,$1.61B,$0.10B,6.07%,$1.61B,$0.10B,6.07%,$1.61B,$0.13B,8.12%,$1.61B,$0.08B,5.20%,$1.61B,$0.06B,3.59%,$0.06B,$0.46B,13.30%,$0.06B,$0.17B,38.35%,$0.06B,$1.16B,5.10%,$0.10B,$0.74B,13.75%,$424,$305,$119,$0,$87,$392,$31,$-3,$28,$10,$19,$19,$19,$40,$31,$27,27,$0.72,$0.70,$11,$385,$31,$674,$142,$0,$295,$23,$491,$1164,$236,$277,$46,$465,$701,$27,$431,$-117,$463,$1164,$44,$25,$8,$33,$-33,$-14,$-5,$8,$-52,$25,$-30,$0,$-20,$0,$0,$0,$-1,$-51,$-5,$34,$29,$3,$3,$-13,$0,$20,$-6,$4,$-13
21,2013-06-30,31.92,$16.45,1.94,$59.67,0.53,$-0.48,0.0,$2.02,15.8,$0.67B,$0.23B,2.9,$0.29B,$0.44B,0.65,$1.60B,$0.45B,28.00%,$1.60B,$0.09B,5.75%,$1.60B,$0.09B,5.75%,$1.60B,$0.12B,7.69%,$1.60B,$0.08B,4.88%,$1.60B,$0.05B,3.38%,$0.05B,$0.44B,12.70%,$0.05B,$0.16B,37.96%,$0.05B,$1.15B,4.82%,$0.09B,$0.73B,13.15%,$432,$310,$121,$0,$90,$401,$31,$-3,$28,$10,$18,$18,$18,$39,$31,$27,27,$0.67,$0.67,$9,$384,$27,$674,$137,$0,$281,$22,$477,$1151,$232,$285,$46,$479,$711,$27,$416,$-123,$440,$1151,$25,$16,$4,$20,$-45,$-16,$4,$7,$-59,$-13,$-21,$0,$-5,$0,$0,$0,$-1,$-27,$-5,$44,$39,$2,$2,$-9,$0,$33,$-8,$3,$-9
22,2013-03-31,32.6,$15.81,2.06,$58.70,0.56,$0.22,146.51,$1.97,16.55,$0.66B,$0.22B,2.98,$0.29B,$0.42B,0.7,$1.57B,$0.44B,28.13%,$1.57B,$0.09B,5.68%,$1.57B,$0.09B,5.68%,$1.57B,$0.12B,7.59%,$1.57B,$0.08B,4.78%,$1.57B,$0.05B,3.32%,$0.05B,$0.42B,12.53%,$0.05B,$0.14B,35.56%,$0.05B,$1.14B,4.78%,$0.09B,$0.72B,13.21%,$388,$278,$110,$0,$96,$374,$14,$-3,$10,$3,$7,$7,$7,$22,$14,$27,27,$0.27,$0.26,$15,$382,$28,$660,$133,$0,$279,$22,$476,$1136,$221,$294,$50,$493,$714,$27,$402,$-125,$422,$1136,$7,$8,$-0,$8,$-29,$-15,$-5,$-1,$-50,$-35,$-12,$0,$0,$0,$0,$0,$-0,$-12,$-3,$51,$48,$1,$1,$-4,$0,$45,$-1,$1,$-4
23,2012-12-31,33.67,$15.79,2.13,$58.86,0.57,$0.84,40.1,$2.07,16.27,$0.62B,$0.22B,2.76,$0.25B,$0.42B,0.59,$1.56B,$0.44B,27.88%,$1.56B,$0.09B,5.88%,$1.56B,$0.09B,5.88%,$1.56B,$0.12B,7.74%,$1.56B,$0.08B,5.05%,$1.56B,$0.05B,3.45%,$0.05B,$0.42B,13.30%,$0.05B,$0.14B,36.00%,$0.05B,$1.10B,5.10%,$0.09B,$0.67B,14.20%,$370,$267,$103,$0,$81,$348,$22,$-4,$18,$5,$13,$13,$14,$30,$22,$26,27,$0.53,$0.53,$17,$367,$27,$618,$129,$0,$285,$22,$479,$1097,$224,$250,$49,$453,$677,$27,$399,$-122,$420,$1097,$53,$30,$-1,$29,$28,$-19,$0,$6,$-1,$81,$-32,$0,$-79,$0,$0,$0,$-7,$-118,$65,$-14,$51,$7,$7,$-17,$-2,$39,$2,$6,$-17
24,2012-09-30,32.52,$15.78,2.06,$58.48,0.56,$-0.38,0.0,$1.92,16.94,$0.64B,$0.23B,2.84,$0.27B,$0.42B,0.64,$1.55B,$0.43B,27.90%,$1.55B,$0.09B,5.67%,$1.55B,$0.09B,5.67%,$1.55B,$0.12B,7.47%,$1.55B,$0.08B,4.83%,$1.55B,$0.05B,3.22%,$0.05B,$0.42B,12.68%,$0.05B,$0.13B,32.73%,$0.05B,$1.10B,4.84%,$0.09B,$0.69B,14.08%,$410,$295,$114,$0,$89,$385,$25,$-3,$22,$7,$15,$15,$15,$32,$25,$26,27,$0.57,$0.56,$12,$364,$27,$640,$121,$0,$287,$17,$459,$1099,$226,$269,$53,$455,$680,$27,$390,$-110,$419,$1099,$40,$22,$5,$27,$-6,$-16,$-1,$5,$-29,$38,$-20,$0,$-83,$0,$0,$0,$-0,$-103,$-4,$74,$70,$5,$5,$-13,$-0,$62,$-3,$5,$-13
25,2012-06-30,28.06,$15.12,1.86,$56.52,0.5,$-1.22,0.0,$1.83,15.33,$0.63B,$0.21B,3.06,$0.22B,$0.40B,0.56,$1.50B,$0.42B,28.09%,$1.50B,$0.08B,5.60%,$1.50B,$0.08B,5.60%,$1.50B,$0.11B,7.40%,$1.50B,$0.07B,4.80%,$1.50B,$0.05B,3.20%,$0.05B,$0.40B,12.33%,$0.05B,$0.18B,27.27%,$0.05B,$1.02B,4.87%,$0.08B,$0.62B,14.23%,$400,$286,$114,$0,$86,$372,$28,$-3,$25,$9,$16,$16,$16,$35,$28,$26,27,$0.62,$0.62,$15,$352,$23,$627,$113,$0,$224,$17,$390,$1017,$205,$222,$52,$412,$618,$27,$379,$-115,$399,$1017,$25,$14,$5,$19,$-22,$-12,$-3,$8,$-49,$-5,$-11,$0,$-8,$0,$0,$0,$0,$-19,$-3,$32,$30,$2,$2,$-8,$0,$24,$0,$4,$-8
26,2012-03-31,30.63,$14.64,2.09,$55.87,0.55,$-0.88,0.0,$1.71,17.91,$0.63B,$0.21B,2.95,$0.23B,$0.39B,0.59,$1.48B,$0.41B,27.90%,$1.48B,$0.08B,5.39%,$1.48B,$0.08B,5.39%,$1.48B,$0.11B,7.14%,$1.48B,$0.07B,4.58%,$1.48B,$0.05B,3.10%,$0.05B,$0.39B,11.83%,$0.05B,$0.16B,24.24%,$0.05B,$1.02B,4.83%,$0.08B,$0.61B,14.04%,$384,$279,$105,$0,$88,$367,$17,$-3,$14,$5,$9,$9,$9,$24,$17,$26,26,$0.36,$0.36,$16,$353,$26,$627,$113,$0,$227,$17,$395,$1022,$212,$228,$58,$424,$637,$27,$367,$-113,$386,$1022,$9,$7,$1,$8,$-17,$-12,$0,$6,$-41,$-24,$-5,$0,$0,$0,$0,$0,$0,$-5,$-1,$34,$33,$1,$1,$-4,$0,$29,$1,$2,$-4
27,2011-12-31,24.53,$14.22,1.73,$55.71,0.44,$-0.59,0.0,$1.87,13.12,$0.60B,$0.22B,2.74,$0.21B,$0.37B,0.55,$1.48B,$0.41B,28.01%,$1.48B,$0.09B,5.95%,$1.48B,$0.09B,5.95%,$1.48B,$0.11B,7.58%,$1.48B,$0.08B,5.14%,$1.48B,$0.05B,3.45%,$0.05B,$0.37B,13.17%,$0.05B,$0.15B,25.03%,$0.05B,$1.00B,5.54%,$0.09B,$0.58B,16.01%,$358,$258,$100,$0,$82,$340,$18,$-3,$14,$6,$9,$9,$10,$25,$18,$26,27,$0.39,$0.37,$15,$340,$30,$600,$112,$0,$227,$19,$396,$996,$219,$205,$57,$405,$623,$26,$361,$-118,$373,$996,$50,$25,$14,$39,$-5,$-13,$1,$-10,$-44,$45,$-29,$0,$-78,$0,$0,$0,$0,$-106,$-5,$66,$61,$-0,$-0,$-15,$-2,$44,$-17,$7,$-15
28,2011-09-30,24.73,$15.20,1.63,$55.47,0.45,$-0.58,0.0,$2.05,12.06,$0.59B,$0.22B,2.72,$0.15B,$0.40B,0.37,$1.47B,$0.42B,28.43%,$1.47B,$0.09B,6.34%,$1.47B,$0.09B,6.34%,$1.47B,$0.12B,8.32%,$1.47B,$0.08B,5.66%,$1.47B,$0.05B,3.61%,$0.05B,$0.40B,13.78%,$0.05B,$0.23B,24.45%,$0.05B,$0.91B,5.92%,$0.09B,$0.55B,17.42%,$357,$255,$102,$0,$80,$335,$21,$-3,$19,$6,$13,$13,$13,$27,$21,$26,27,$0.49,$0.49,$15,$328,$27,$588,$97,$0,$175,$19,$318,$906,$216,$150,$50,$290,$507,$26,$354,$-84,$399,$906,$41,$18,$10,$27,$-18,$-10,$4,$-5,$-53,$15,$-19,$0,$-13,$0,$0,$0,$0,$-32,$-4,$14,$10,$1,$1,$-11,$-1,$-0,$-17,$6,$-11
29,2011-06-30,31.5,$15.07,2.09,$55.82,0.56,$0.05,644.09,$2.19,14.38,$0.58B,$0.20B,2.87,$0.14B,$0.40B,0.36,$1.47B,$0.41B,27.82%,$1.47B,$0.09B,6.26%,$1.47B,$0.09B,6.26%,$1.47B,$0.12B,8.16%,$1.47B,$0.09B,5.92%,$1.47B,$0.06B,3.81%,$0.06B,$0.40B,15.00%,$0.06B,$0.23B,26.73%,$0.06B,$0.89B,6.33%,$0.09B,$0.54B,17.92%,$385,$279,$107,$0,$82,$361,$24,$-3,$21,$7,$14,$14,$14,$30,$24,$26,27,$0.53,$0.53,$20,$319,$23,$576,$95,$0,$167,$19,$311,$887,$200,$142,$48,$290,$490,$26,$345,$-79,$397,$887,$28,$12,$7,$19,$-11,$-0,$-5,$6,$-41,$6,$-13,$0,$-2,$0,$0,$0,$1,$-14,$-3,$2,$-0,$3,$3,$-8,$-0,$-5,$-12,$5,$-8
30,2011-03-31,31.12,$14.52,2.14,$53.54,0.58,$0.49,62.92,$1.92,16.21,$0.58B,$0.21B,2.75,$0.15B,$0.38B,0.4,$1.40B,$0.39B,27.46%,$1.40B,$0.08B,5.63%,$1.40B,$0.08B,5.63%,$1.40B,$0.11B,7.56%,$1.40B,$0.08B,5.35%,$1.40B,$0.05B,3.42%,$0.05B,$0.38B,13.42%,$0.05B,$0.21B,24.30%,$0.05B,$0.89B,5.51%,$0.08B,$0.53B,16.16%,$378,$273,$105,$0,$80,$353,$25,$-3,$22,$8,$14,$14,$14,$30,$25,$26,26,$0.54,$0.54,$16,$321,$25,$581,$94,$0,$166,$19,$313,$894,$211,$152,$52,$302,$514,$26,$336,$-81,$380,$894,$14,$6,$1,$7,$-20,$-3,$3,$9,$-35,$-14,$-7,$0,$-1,$0,$0,$0,$2,$-5,$-1,$7,$6,$1,$1,$-4,$-0,$2,$-17,$2,$-4
31,2010-12-31,25.59,$13.93,1.84,$49.84,0.51,$0.65,39.5,$1.47,17.4,$0.59B,$0.22B,2.64,$0.15B,$0.36B,0.42,$1.30B,$0.35B,27.13%,$1.30B,$0.06B,4.46%,$1.30B,$0.06B,4.46%,$1.30B,$0.09B,6.53%,$1.30B,$0.06B,4.30%,$1.30B,$0.04B,2.77%,$0.04B,$0.36B,10.40%,$0.04B,$0.20B,18.14%,$0.04B,$0.90B,4.27%,$0.06B,$0.52B,12.54%,$347,$243,$103,$0,$74,$324,$23,$-2,$21,$9,$12,$12,$12,$35,$23,$26,26,$0.46,$0.45,$32,$317,$33,$585,$90,$0,$164,$23,$311,$896,$222,$154,$52,$311,$533,$26,$326,$-86,$363,$896,$35,$27,$17,$44,$-19,$-20,$11,$-22,$-42,$37,$-21,$0,$-67,$0,$0,$0,$1,$-87,$110,$-15,$95,$-9,$-9,$-15,$-6,$65,$14,$4,$-15
32,2010-09-30,22.84,$13.72,1.66,$47.00,0.49,$2.25,10.17,$1.23,18.57,$0.55B,$0.22B,2.49,$0.11B,$0.35B,0.32,$1.22B,$0.32B,26.41%,$1.22B,$0.04B,2.94%,$1.22B,$0.04B,2.94%,$1.22B,$0.06B,4.58%,$1.22B,$0.04B,2.86%,$1.22B,$0.03B,2.04%,$0.03B,$0.35B,7.50%,$0.03B,$0.20B,12.64%,$0.03B,$0.86B,3.07%,$0.04B,$0.47B,8.29%,$360,$266,$94,$0,$74,$340,$20,$4,$23,$7,$16,$16,$16,$25,$20,$26,26,$0.61,$0.61,$12,$308,$30,$553,$87,$0,$157,$19,$307,$860,$222,$113,$49,$284,$507,$26,$315,$-81,$353,$860,$24,$15,$5,$20,$-24,$-11,$12,$-0,$-17,$27,$-15,$0,$-52,$0,$0,$0,$1,$-65,$-4,$49,$45,$2,$2,$-11,$-2,$33,$-6,$4,$-11
33,2010-06-30,19.27,$12.89,1.49,$44.45,0.43,$3.30,5.85,$0.99,19.47,$0.54B,$0.22B,2.47,$0.11B,$0.34B,0.32,$1.15B,$0.31B,26.54%,$1.15B,$0.03B,2.69%,$1.15B,$0.03B,2.69%,$1.15B,$0.05B,4.34%,$1.15B,$0.03B,2.17%,$1.15B,$0.02B,1.65%,$0.02B,$0.34B,5.93%,$0.02B,$0.18B,9.76%,$0.02B,$0.84B,2.40%,$0.03B,$0.44B,7.39%,$317,$234,$83,$0,$72,$306,$11,$-2,$9,$3,$6,$6,$6,$16,$11,$26,26,$0.23,$0.23,$7,$307,$23,$536,$83,$0,$153,$18,$300,$836,$218,$107,$47,$284,$502,$26,$303,$-87,$335,$836,$8,$9,$-1,$8,$-15,$-10,$8,$16,$-3,$14,$-8,$0,$-51,$0,$0,$0,$2,$-57,$-3,$43,$40,$2,$2,$-7,$-0,$34,$-11,$3,$-7
34,2010-03-31,21.67,$12.86,1.68,$43.70,0.5,$3.77,5.75,$1.13,19.17,$0.52B,$0.18B,2.92,$0.09B,$0.33B,0.28,$1.13B,$0.30B,26.66%,$1.13B,$0.04B,3.19%,$1.13B,$0.04B,3.19%,$1.13B,$0.05B,4.78%,$1.13B,$0.03B,2.66%,$1.13B,$0.02B,1.95%,$0.02B,$0.33B,7.10%,$0.02B,$0.22B,11.38%,$0.02B,$0.78B,2.84%,$0.04B,$0.43B,8.75%,$277,$204,$73,$0,$69,$272,$4,$-2,$3,$1,$2,$2,$2,$9,$4,$26,26,$0.07,$0.07,$18,$302,$27,$517,$81,$0,$115,$17,$268,$784,$177,$94,$52,$275,$451,$26,$300,$-84,$333,$784,$2,$4,$-1,$3,$-9,$-15,$5,$6,$-18,$-13,$-4,$0,$-4,$0,$0,$0,$1,$-7,$-1,$26,$24,$1,$1,$-4,$-0,$21,$0,$1,$-4
35,2009-12-31,19.89,$12.14,1.64,$44.55,0.45,$4.18,4.76,$1.27,15.67,$0.48B,$0.15B,3.13,$0.09B,$0.31B,0.29,$1.15B,$0.31B,26.70%,$1.15B,$0.04B,3.58%,$1.15B,$0.04B,3.58%,$1.15B,$0.06B,5.06%,$1.15B,$0.04B,3.05%,$1.15B,$0.03B,2.18%,$0.03B,$0.31B,8.45%,$0.03B,$0.20B,13.89%,$0.03B,$0.77B,3.22%,$0.04B,$0.40B,10.09%,$269,$196,$73,$0,$72,$268,$1,$-2,$-0,$-1,$1,$1,$1,$6,$1,$26,26,$0.02,$0.02,$18,$285,$21,$483,$81,$0,$118,$22,$290,$773,$154,$91,$50,$306,$460,$26,$302,$-104,$313,$773,$25,$16,$4,$20,$-1,$24,$-7,$8,$26,$70,$-14,$0,$-1,$0,$0,$0,$-2,$-16,$-5,$-24,$-29,$2,$2,$-14,$-3,$-45,$10,$3,$-14
36,2009-09-30,18.71,$11.67,1.6,$46.51,0.4,$0.81,23.22,$1.22,15.33,$0.48B,$0.15B,3.27,$0.11B,$0.30B,0.35,$1.19B,$0.31B,26.24%,$1.19B,$0.05B,4.36%,$1.19B,$0.05B,4.36%,$1.19B,$0.07B,5.70%,$1.19B,$0.05B,3.86%,$1.19B,$0.03B,2.60%,$0.03B,$0.30B,10.83%,$0.03B,$0.18B,18.05%,$0.03B,$0.77B,4.01%,$0.05B,$0.41B,13.14%,$290,$213,$77,$0,$62,$275,$15,$-2,$13,$3,$10,$10,$10,$19,$15,$26,26,$0.37,$0.37,$17,$280,$21,$484,$80,$0,$116,$22,$289,$773,$148,$105,$46,$325,$473,$26,$297,$-111,$300,$773,$24,$12,$8,$19,$-11,$30,$-11,$-5,$5,$49,$-9,$0,$-1,$0,$0,$0,$-2,$-11,$-4,$-14,$-17,$1,$1,$-11,$-3,$-30,$8,$2,$-11
37,2009-06-30,14.17,$11.48,1.23,$48.41,0.29,$-2.63,0.0,$1.38,10.27,$0.48B,$0.14B,3.35,$0.12B,$0.29B,0.39,$1.24B,$0.33B,26.25%,$1.24B,$0.06B,4.93%,$1.24B,$0.06B,4.93%,$1.24B,$0.08B,6.22%,$1.24B,$0.05B,4.36%,$1.24B,$0.04B,2.83%,$0.04B,$0.29B,11.10%,$0.04B,$0.18B,17.57%,$0.04B,$0.77B,4.54%,$0.06B,$0.41B,14.41%,$293,$215,$78,$0,$62,$277,$16,$-2,$14,$5,$9,$9,$9,$20,$16,$26,26,$0.37,$0.37,$12,$291,$20,$483,$80,$0,$119,$16,$288,$771,$144,$115,$46,$332,$476,$26,$291,$-110,$294,$771,$15,$8,$4,$12,$-3,$19,$-12,$-9,$-4,$23,$-6,$0,$-1,$0,$0,$0,$-1,$-7,$-3,$-3,$-6,$1,$1,$-7,$-0,$-12,$4,$2,$-7
38,2009-03-31,10.59,$10.82,0.98,$49.41,0.21,$-5.11,0.0,$1.26,8.4,$0.51B,$0.16B,3.26,$0.13B,$0.28B,0.46,$1.26B,$0.33B,26.41%,$1.26B,$0.06B,4.76%,$1.26B,$0.06B,4.76%,$1.26B,$0.08B,6.50%,$1.26B,$0.05B,4.28%,$1.26B,$0.03B,2.54%,$0.03B,$0.28B,9.30%,$0.03B,$0.17B,14.22%,$0.03B,$0.79B,4.17%,$0.06B,$0.41B,13.42%,$294,$216,$78,$0,$68,$285,$9,$-1,$8,$3,$5,$5,$5,$13,$9,$26,26,$0.21,$0.21,$11,$306,$21,$512,$79,$0,$112,$13,$274,$786,$157,$129,$46,$353,$509,$26,$286,$-120,$277,$786,$5,$4,$1,$5,$-14,$1,$-4,$3,$-14,$-4,$-2,$0,$-1,$0,$0,$0,$0,$-3,$-1,$14,$13,$0,$0,$-4,$-0,$10,$3,$1,$-4
39,2008-12-31,15.13,$10.77,1.41,$49.18,0.31,$-6.67,0.0,$1.40,10.81,$0.49B,$0.18B,2.72,$0.09B,$0.27B,0.32,$1.25B,$0.33B,26.50%,$1.25B,$0.07B,5.19%,$1.25B,$0.07B,5.19%,$1.25B,$0.09B,6.78%,$1.25B,$0.06B,4.79%,$1.25B,$0.04B,2.87%,$0.04B,$0.27B,9.57%,$0.04B,$0.16B,13.19%,$0.04B,$0.76B,4.94%,$0.07B,$0.36B,14.46%,$316,$236,$80,$0,$68,$304,$12,$-2,$11,$4,$7,$7,$7,$16,$12,$25,26,$0.27,$0.27,$8,$256,$21,$487,$79,$0,$112,$13,$276,$763,$179,$88,$45,$309,$488,$26,$284,$-120,$274,$763,$35,$21,$12,$33,$-4,$-35,$-5,$-12,$-82,$-14,$-16,$0,$-106,$0,$0,$0,$-4,$-126,$50,$37,$87,$4,$4,$-14,$-1,$75,$-66,$2,$-14
40,2008-09-30,23.48,$0.00,0.0,$47.56,0.49,$-5.04,0.0,$2.08,11.29,$0.52B,$0.19B,2.71,$0.10B,$0.42B,0.24,$1.21B,$0.33B,27.05%,$1.21B,$0.07B,5.71%,$1.21B,$0.07B,5.71%,$1.21B,$0.09B,7.28%,$1.21B,$0.06B,5.21%,$1.21B,$0.05B,4.38%,$0.05B,$0.42B,13.05%,$0.05B,$0.29B,16.59%,$0.05B,$0.77B,7.60%,$0.07B,$0.52B,14.98%,$335,$246,$89,$0,$65,$311,$24,$-3,$21,$8,$14,$14,$14,$28,$24,$25,26,$0.53,$0.53,$15,$247,$22,$519,$79,$0,$122,$11,$247,$765,$191,$99,$51,$158,$350,$25,$281,$0,$416,$765,$28,$17,$3,$20,$-38,$-25,$5,$-8,$-87,$-39,$-10,$0,$-100,$0,$0,$0,$-2,$-112,$0,$97,$97,$3,$3,$-11,$2,$92,$-59,$2,$-11
41,2008-06-30,18.76,$0.00,0.0,$45.29,0.41,$-3.68,0.0,$2.02,9.29,$0.51B,$0.20B,2.57,$0.10B,$0.00B,0.0,$1.15B,$0.31B,27.33%,$1.15B,$0.06B,5.40%,$1.15B,$0.06B,5.40%,$1.15B,$0.08B,6.88%,$1.15B,$0.06B,4.96%,$1.15B,$0.05B,4.44%,$0.05B,$0.41B,13.24%,$0.05B,$0.28B,16.04%,$0.05B,$0.76B,7.54%,$0.06B,$0.51B,14.11%,$316,$230,$86,$0,$64,$302,$15,$-1,$14,$8,$6,$6,$6,$25,$15,$25,25,$0.25,$0.25,$14,$239,$25,$514,$68,$0,$130,$12,$244,$758,$200,$95,$42,$149,$348,$0,$0,$0,$410,$758,$15,$13,$4,$17,$-37,$-16,$5,$0,$-72,$-39,$-7,$0,$-100,$0,$0,$0,$-3,$-109,$0,$92,$92,$3,$3,$-7,$1,$88,$-60,$1,$-7
42,2008-03-31,23.19,$0.00,0.0,$43.69,0.53,$-2.75,0.0,$2.17,10.69,$0.49B,$0.17B,2.9,$0.01B,$0.40B,0.03,$1.11B,$0.30B,27.42%,$1.11B,$0.06B,5.70%,$1.11B,$0.06B,5.70%,$1.11B,$0.07B,6.52%,$1.11B,$0.06B,5.16%,$1.11B,$0.06B,4.98%,$0.06B,$0.40B,15.17%,$0.06B,$0.36B,17.83%,$0.06B,$0.63B,8.37%,$0.06B,$0.42B,15.02%,$286,$209,$77,$0,$63,$272,$14,$-0,$14,$5,$9,$9,$9,$16,$14,$25,25,$0.35,$0.35,$28,$227,$22,$485,$54,$0,$46,$9,$145,$630,$167,$12,$47,$59,$226,$25,$268,$0,$404,$630,$9,$3,$1,$4,$-22,$-17,$5,$-4,$-56,$-43,$-2,$0,$-0,$0,$0,$0,$-1,$-3,$0,$2,$2,$2,$2,$-4,$0,$1,$-46,$0,$-4
43,2007-12-31,30.01,$15.69,1.91,$43.05,0.7,$-1.37,0.0,$2.22,13.52,$0.49B,$0.18B,2.69,$0.01B,$0.40B,0.03,$1.09B,$0.30B,27.72%,$1.09B,$0.07B,5.99%,$1.09B,$0.07B,5.99%,$1.09B,$0.07B,6.81%,$1.09B,$0.06B,5.25%,$1.09B,$0.06B,5.16%,$0.06B,$0.40B,16.56%,$0.06B,$0.35B,20.23%,$0.06B,$0.64B,8.47%,$0.07B,$0.41B,15.68%,$272,$198,$75,$0,$61,$256,$16,$-2,$14,$5,$9,$9,$24,$19,$16,$24,25,$0.98,$0.95,$74,$210,$20,$492,$54,$0,$46,$9,$143,$635,$183,$11,$46,$58,$240,$25,$262,$29,$395,$635,$36,$10,$-7,$2,$4,$-24,$1,$6,$-13,$26,$-14,$0,$109,$0,$0,$0,$1,$96,$-2,$-50,$-52,$5,$5,$-13,$-2,$-61,$61,$4,$-13
44,2007-09-30,27.95,$0.00,0.0,$38.29,0.73,$-2.04,0.0,$1.66,16.84,$0.56B,$0.20B,2.84,$0.10B,$0.33B,0.3,$0.96B,$0.27B,27.70%,$0.96B,$0.06B,6.12%,$0.96B,$0.06B,6.12%,$0.96B,$0.07B,6.95%,$0.96B,$0.05B,5.29%,$0.96B,$0.04B,4.36%,$0.04B,$0.33B,13.39%,$0.04B,$0.29B,16.58%,$0.04B,$0.68B,6.37%,$0.06B,$0.43B,14.56%,$275,$198,$76,$0,$59,$258,$17,$-2,$15,$6,$9,$9,$12,$19,$17,$24,25,$0.48,$0.47,$14,$203,$134,$560,$52,$0,$44,$10,$123,$683,$197,$98,$56,$154,$351,$25,$242,$0,$332,$683,$28,$7,$1,$8,$-18,$-14,$4,$7,$-40,$-4,$-9,$0,$-2,$0,$0,$0,$-3,$-15,$0,$27,$27,$4,$4,$-9,$-2,$20,$2,$3,$-9
45,2007-06-30,25.23,$0.00,0.0,$37.61,0.67,$-2.54,0.0,$1.55,16.27,$0.52B,$0.19B,2.72,$0.11B,$0.00B,0.0,$0.94B,$0.26B,27.63%,$0.94B,$0.05B,5.74%,$0.94B,$0.05B,5.74%,$0.94B,$0.06B,6.59%,$0.94B,$0.05B,4.99%,$0.94B,$0.04B,4.14%,$0.04B,$0.32B,12.88%,$0.04B,$0.24B,16.63%,$0.04B,$0.68B,6.04%,$0.05B,$0.43B,13.81%,$272,$198,$75,$0,$59,$257,$16,$-2,$14,$5,$9,$9,$10,$18,$16,$24,25,$0.41,$0.40,$13,$242,$19,$521,$55,$0,$77,$10,$158,$679,$192,$107,$61,$168,$360,$0,$0,$0,$319,$679,$18,$5,$-1,$4,$-29,$-6,$7,$6,$-38,$-16,$-7,$0,$-1,$0,$0,$0,$-3,$-11,$-4,$34,$29,$3,$3,$-6,$0,$26,$0,$2,$-6
46,2007-03-31,18.78,$0.00,0.0,$38.58,0.49,$-3.24,0.0,$1.45,12.95,$0.49B,$0.19B,2.62,$0.09B,$0.31B,0.29,$0.96B,$0.27B,27.65%,$0.96B,$0.05B,5.41%,$0.96B,$0.05B,5.41%,$0.96B,$0.06B,6.34%,$0.96B,$0.05B,4.68%,$0.96B,$0.04B,3.74%,$0.04B,$0.31B,12.28%,$0.04B,$0.23B,15.95%,$0.04B,$0.65B,5.69%,$0.05B,$0.40B,13.76%,$267,$191,$75,$0,$59,$251,$16,$-2,$14,$5,$9,$9,$10,$18,$16,$24,25,$0.42,$0.41,$10,$232,$19,$492,$54,$0,$77,$8,$155,$647,$188,$89,$64,$152,$340,$25,$227,$0,$307,$647,$9,$2,$-3,$-1,$-15,$-1,$5,$7,$-16,$-8,$-3,$0,$-1,$0,$0,$0,$-1,$-5,$-2,$14,$13,$2,$2,$-3,$-2,$10,$-3,$1,$-3
47,2006-12-31,17.94,$12.28,1.46,$39.88,0.45,$-4.31,0.0,$1.29,13.91,$0.51B,$0.20B,2.58,$0.07B,$0.30B,0.25,$0.99B,$0.27B,27.42%,$0.99B,$0.05B,4.84%,$0.99B,$0.05B,4.84%,$0.99B,$0.06B,5.75%,$0.99B,$0.04B,4.13%,$0.99B,$0.03B,3.23%,$0.03B,$0.30B,11.23%,$0.03B,$0.25B,14.68%,$0.03B,$0.63B,5.12%,$0.05B,$0.37B,12.96%,$150,$109,$41,$0,$30,$140,$10,$-2,$8,$3,$5,$5,$10,$12,$10,$24,25,$0.40,$0.39,$13,$189,$124,$513,$50,$0,$42,$8,$117,$630,$199,$73,$62,$135,$334,$25,$219,$-2,$297,$630,$25,$9,$8,$17,$-11,$-14,$-5,$5,$-35,$7,$-12,$0,$-2,$0,$0,$0,$-2,$-16,$-2,$17,$15,$3,$3,$-12,$2,$8,$-0,$3,$-12
