,Date,Stock Price,Book Value per Share,Price to Book Ratio,TTM Sales per Share,Price to Sales Ratio,TTM FCF per Share,Price to FCF Ratio,TTM Net EPS,PE Ratio,Current Assets,Current Liabilities,Current Ratio,Long Term Debt,Shareholder's Equity_x,Debt to Equity Ratio,TTM Revenue_x,TTM Gross Profit,Gross Margin,TTM Revenue_y,TTM Operating Income,Operating Margin,TTM Revenue_x,TTM EBIT,EBIT Margin,TTM Revenue_y,TTM EBITDA,EBITDA Margin,TTM Revenue_x,TTM Pre-Tax Income,Pre-Tax Margin,TTM Revenue_y,TTM Net Income_x,Net Margin,TTM Net Income_y,Shareholder's Equity_y,Return on Equity,TTM Net Income_x,Tangible Equity,Return on Tangible Equity,TTM Net Income_y,Total Assets,Return on Assets,TTM Net Income,LT Investments & Debt,Return on Investment,revenue,cost-goods-sold,gross-profit,research-development-expenses,selling-general-administrative-expenses,operating-expenses,operating-income,total-non-operating-income-expense,pre-tax-income,total-provision-income-taxes,income-after-taxes,income-from-continuous-operations,net-income,ebitda,ebit,basic-shares-outstanding,shares-outstanding,eps-basic-net-earnings-per-share,eps-earnings-per-share-diluted,cash-on-hand,inventory,other-current-assets,total-current-assets,net-property-plant-equipment,long-term-investments,goodwill-intangible-assets-total,other-long-term-assets,total-long-term-assets,total-assets,total-current-liabilities,long-term-debt,other-non-current-liabilities,total-long-term-liabilities,total-liabilities,common-stock-net,retained-earnings-accumulated-deficit,comprehensive-income,total-share-holder-equity,total-liabilities-share-holders-equity,net-income-loss,total-depreciation-amortization-cash-flow,other-non-cash-items,total-non-cash-items,change-in-accounts-receivable,change-in-inventories,change-in-accounts-payable,change-in-assets-liabilities,total-change-in-assets-liabilities,cash-flow-from-operating-activities,net-change-in-property-plant-equipment,net-change-in-intangible-assets,net-acquisitions-divestitures,net-change-in-short-term-investments,net-change-in-long-term-investments,net-change-in-investments-total,investing-activities-other,cash-flow-from-investing-activities,net-long-term-debt,net-current-debt,debt-issuance-retirement-net-total,net-common-equity-issued-repurchased,net-total-equity-issued-repurchased,total-common-preferred-stock-dividends-paid,financial-activities-other,cash-flow-from-financial-activities,net-cash-flow,stock-based-compensation,common-stock-dividends-paid
0,2018-09-30,59.69,$11.60,5.15,$27.39,2.18,$9.70,6.15,$2.62,22.78,$3.47B,$2.63B,1.32,$2.66B,$1.56B,1.7,$3.73B,$1.61B,43.03%,$3.73B,$0.61B,16.24%,$3.73B,$0.61B,16.24%,$3.73B,$0.89B,23.79%,$3.73B,$0.45B,12.06%,$3.73B,$0.43B,11.63%,$0.43B,$1.56B,28.55%,$0.43B,$-1.32B,-31.47%,$0.43B,$7.30B,6.04%,$0.61B,$4.22B,14.49%,$934,$533,$400,$0,$186,$785,$149,$-46,$103,$25,$78,$78,$78,$217,$149,$135,136,$0.58,$0.57,$478,$0,$177,$3472,$912,$0,$2879,$38,$3829,$7301,$2625,$2658,$267,$3114,$5739,$1,$372,$-37,$1562,$7301,$261,$211,$42,$253,$-144,$0,$0,$0,$72,$586,$-121,$0,$-23,$0,$-90,$-90,$0,$-234,$-26,$14,$-11,$-36,$-36,$-141,$-18,$-206,$141,$18,$-141
1,2018-06-30,54.8,$11.27,4.86,$26.63,2.06,$9.02,6.08,$3.08,17.79,$3.36B,$2.56B,1.31,$2.66B,$1.51B,1.76,$3.64B,$1.57B,43.12%,$3.64B,$0.60B,16.45%,$3.64B,$0.60B,16.45%,$3.64B,$0.88B,24.22%,$3.64B,$0.45B,12.30%,$3.64B,$0.42B,11.51%,$0.42B,$1.51B,28.31%,$0.42B,$-1.38B,-29.85%,$0.42B,$7.19B,5.91%,$0.60B,$4.17B,14.45%,$957,$531,$425,$0,$183,$781,$176,$-47,$128,$35,$93,$93,$93,$245,$176,$135,136,$0.69,$0.69,$391,$0,$186,$3361,$905,$0,$2889,$39,$3833,$7194,$2564,$2661,$265,$3117,$5682,$1,$341,$-44,$1513,$7194,$183,$143,$26,$169,$-138,$0,$0,$0,$35,$387,$-79,$0,$-23,$0,$-63,$-63,$0,$-166,$-18,$14,$-4,$-42,$-42,$-94,$-17,$-158,$54,$12,$-94
2,2018-03-31,53.86,$11.26,4.78,$25.77,2.09,$8.91,6.04,$2.80,19.24,$3.41B,$2.63B,1.3,$2.66B,$1.52B,1.75,$3.54B,$1.52B,42.94%,$3.54B,$0.58B,16.37%,$3.54B,$0.58B,16.37%,$3.54B,$0.86B,24.31%,$3.54B,$0.41B,11.60%,$3.54B,$0.38B,10.81%,$0.38B,$1.52B,26.10%,$0.38B,$-1.39B,-27.29%,$0.38B,$7.27B,5.47%,$0.58B,$4.18B,14.02%,$951,$535,$416,$0,$187,$793,$158,$-41,$116,$26,$90,$90,$90,$231,$158,$135,136,$0.67,$0.66,$351,$0,$176,$3411,$910,$0,$2909,$36,$3855,$7266,$2628,$2664,$259,$3118,$5746,$1,$295,$-32,$1520,$7266,$90,$73,$14,$87,$-250,$0,$0,$0,$-25,$152,$-39,$0,$-23,$0,$-30,$-30,$0,$-92,$-11,$23,$12,$6,$6,$-47,$-13,$-42,$15,$6,$-47
3,2017-12-31,49.88,$11.06,4.51,$25.04,1.99,$8.83,5.65,$2.64,18.89,$3.14B,$2.39B,1.31,$2.67B,$1.49B,1.8,$3.46B,$1.47B,42.51%,$3.46B,$0.57B,16.37%,$3.46B,$0.57B,16.37%,$3.46B,$0.84B,24.32%,$3.46B,$0.40B,11.51%,$3.46B,$0.36B,10.47%,$0.36B,$1.49B,25.05%,$0.36B,$-1.43B,-25.82%,$0.36B,$6.98B,5.30%,$0.57B,$4.15B,14.01%,$890,$525,$365,$0,$173,$767,$123,$-20,$103,$-70,$173,$173,$173,$195,$123,$136,138,$1.27,$1.25,$337,$0,$176,$3137,$908,$0,$2918,$21,$3847,$6984,$2389,$2668,$250,$3110,$5499,$1,$257,$-25,$1485,$6984,$362,$275,$-18,$257,$-57,$0,$0,$0,$-31,$589,$-152,$0,$-73,$0,$-149,$-149,$-7,$-380,$235,$8,$243,$-139,$-139,$-175,$-37,$-108,$115,$24,$-175
4,2017-09-30,46.82,$10.37,4.51,$24.44,1.92,$7.27,6.44,$1.70,27.54,$3.17B,$2.35B,1.35,$2.67B,$1.40B,1.9,$3.38B,$1.43B,42.28%,$3.38B,$0.56B,16.41%,$3.38B,$0.56B,16.41%,$3.38B,$0.83B,24.39%,$3.38B,$0.37B,10.85%,$3.38B,$0.24B,6.95%,$0.24B,$1.40B,16.51%,$0.24B,$-1.42B,-16.73%,$0.24B,$6.91B,3.49%,$0.56B,$4.07B,14.08%,$843,$479,$364,$0,$156,$701,$142,$-41,$101,$38,$63,$63,$63,$211,$142,$136,138,$0.46,$0.46,$451,$0,$165,$3174,$871,$0,$2818,$43,$3732,$6906,$2348,$2671,$188,$3155,$5503,$1,$131,$-23,$1403,$6906,$189,$203,$90,$293,$-92,$0,$0,$0,$6,$488,$-110,$0,$-47,$0,$-39,$-39,$-5,$-200,$154,$32,$186,$-90,$-90,$-132,$-37,$-73,$231,$17,$-132
5,2017-06-30,40.87,$10.65,3.84,$23.97,1.71,$5.75,7.1,$1.63,25.08,$3.14B,$2.26B,1.39,$2.68B,$1.46B,1.83,$3.33B,$1.40B,41.93%,$3.33B,$0.54B,16.10%,$3.33B,$0.54B,16.10%,$3.33B,$0.80B,24.03%,$3.33B,$0.35B,10.57%,$3.33B,$0.23B,6.79%,$0.23B,$1.46B,15.68%,$0.23B,$-1.38B,-16.40%,$0.23B,$6.86B,3.40%,$0.54B,$4.14B,13.80%,$858,$482,$376,$0,$155,$701,$157,$-66,$91,$34,$57,$57,$57,$224,$157,$137,138,$0.42,$0.41,$549,$0,$152,$3136,$841,$0,$2838,$42,$3721,$6857,$2263,$2675,$162,$3132,$5395,$1,$112,$-36,$1462,$6857,$126,$134,$74,$208,$-24,$0,$0,$0,$40,$374,$-75,$0,$-47,$0,$36,$36,$-5,$-91,$137,$17,$154,$7,$7,$-88,$-35,$38,$329,$11,$-88
6,2017-03-31,42.22,$10.43,4.05,$23.43,1.8,$4.24,9.97,$1.66,25.43,$2.89B,$2.33B,1.24,$2.36B,$1.43B,1.65,$3.26B,$1.36B,41.75%,$3.26B,$0.51B,15.77%,$3.26B,$0.51B,15.77%,$3.26B,$0.77B,23.68%,$3.26B,$0.36B,11.07%,$3.26B,$0.23B,7.09%,$0.23B,$1.43B,16.03%,$0.23B,$-1.38B,-16.83%,$0.23B,$6.58B,3.51%,$0.51B,$3.79B,13.49%,$867,$501,$365,$0,$157,$723,$144,$-40,$103,$34,$69,$69,$69,$211,$144,$137,138,$0.51,$0.50,$206,$0,$160,$2888,$838,$0,$2814,$41,$3693,$6580,$2334,$2361,$167,$2816,$5150,$1,$99,$-46,$1430,$6580,$69,$67,$17,$84,$-94,$0,$0,$0,$-11,$142,$-37,$0,$0,$0,$21,$21,$-5,$-21,$-122,$31,$-90,$4,$4,$-44,$-7,$-136,$-13,$6,$-44
7,2016-12-31,40.91,$10.23,4.0,$22.62,1.81,$3.72,10.99,$1.60,25.57,$2.84B,$2.34B,1.22,$2.37B,$1.40B,1.69,$3.15B,$1.32B,41.95%,$3.15B,$0.50B,15.84%,$3.15B,$0.50B,15.84%,$3.15B,$0.75B,23.74%,$3.15B,$0.36B,11.27%,$3.15B,$0.22B,7.08%,$0.22B,$1.40B,15.49%,$0.22B,$-1.44B,-17.20%,$0.22B,$6.56B,3.40%,$0.50B,$3.76B,13.08%,$814,$488,$325,$0,$149,$702,$112,$-40,$72,$27,$46,$46,$46,$179,$112,$138,139,$0.34,$0.33,$220,$0,$158,$2841,$843,$0,$2838,$36,$3716,$6558,$2335,$2365,$169,$2825,$5160,$1,$74,$-49,$1397,$6558,$222,$249,$69,$319,$-195,$0,$0,$0,$-163,$378,$-155,$0,$-432,$0,$-176,$-176,$-2,$-765,$686,$18,$703,$-63,$-63,$-157,$-47,$436,$47,$18,$-157
8,2016-09-30,41.12,$10.70,3.84,$21.92,1.88,$4.56,9.01,$1.62,25.38,$2.93B,$2.28B,1.29,$2.37B,$1.48B,1.61,$3.07B,$1.28B,41.63%,$3.07B,$0.48B,15.77%,$3.07B,$0.48B,15.77%,$3.07B,$0.72B,23.58%,$3.07B,$0.36B,11.66%,$3.07B,$0.23B,7.33%,$0.23B,$1.48B,15.66%,$0.23B,$-1.31B,-18.43%,$0.23B,$6.59B,3.54%,$0.48B,$3.85B,13.27%,$790,$460,$330,$0,$146,$666,$123,$-37,$86,$32,$54,$54,$54,$186,$123,$138,140,$0.39,$0.39,$339,$0,$138,$2934,$828,$0,$2788,$37,$3652,$6586,$2284,$2372,$164,$2825,$5109,$1,$74,$-41,$1478,$6586,$177,$182,$36,$219,$-179,$0,$0,$0,$-105,$291,$-119,$0,$-355,$0,$-159,$-159,$1,$-631,$602,$30,$632,$15,$15,$-117,$-24,$505,$168,$14,$-117
9,2016-06-30,39.49,$10.58,3.73,$20.97,1.88,$4.90,8.05,$1.60,24.68,$2.91B,$2.28B,1.28,$2.38B,$1.46B,1.63,$2.95B,$1.24B,41.97%,$2.95B,$0.47B,15.85%,$2.95B,$0.47B,15.85%,$2.95B,$0.70B,23.75%,$2.95B,$0.35B,12.01%,$2.95B,$0.22B,7.57%,$0.22B,$1.46B,15.80%,$0.22B,$-1.35B,-18.84%,$0.22B,$6.57B,3.63%,$0.47B,$3.84B,13.49%,$789,$448,$341,$0,$147,$654,$135,$-36,$100,$38,$62,$62,$62,$196,$135,$138,139,$0.45,$0.44,$330,$0,$132,$2912,$808,$0,$2813,$35,$3657,$6568,$2276,$2378,$161,$2833,$5109,$1,$60,$-36,$1459,$6568,$123,$120,$24,$144,$-207,$0,$0,$0,$-101,$165,$-76,$0,$-353,$0,$-104,$-104,$1,$-531,$573,$37,$610,$12,$12,$-77,$-24,$521,$160,$10,$-77
10,2016-03-31,35.82,$10.37,3.45,$19.88,1.8,$5.21,6.88,$1.57,22.82,$3.18B,$2.23B,1.43,$2.39B,$1.42B,1.68,$2.82B,$1.19B,42.19%,$2.82B,$0.45B,15.94%,$2.82B,$0.45B,15.94%,$2.82B,$0.67B,23.93%,$2.82B,$0.35B,12.36%,$2.82B,$0.22B,7.85%,$0.22B,$1.42B,15.35%,$0.22B,$-1.08B,-20.21%,$0.22B,$6.49B,3.72%,$0.45B,$3.81B,13.50%,$758,$432,$326,$0,$141,$630,$129,$-31,$97,$37,$61,$61,$61,$187,$129,$137,139,$0.44,$0.44,$691,$0,$130,$3180,$771,$0,$2506,$34,$3310,$6490,$2230,$2386,$153,$2837,$5066,$1,$38,$-32,$1424,$6490,$61,$58,$15,$73,$-152,$0,$0,$0,$-64,$70,$-36,$0,$0,$0,$-66,$-66,$1,$-100,$561,$42,$603,$3,$3,$-37,$-22,$546,$521,$5,$-37
11,2015-12-31,34.51,$10.06,3.43,$18.82,1.83,$5.39,6.41,$1.51,22.86,$2.45B,$2.21B,1.11,$1.71B,$1.39B,1.24,$2.69B,$1.14B,42.45%,$2.69B,$0.43B,15.91%,$2.69B,$0.43B,15.91%,$2.69B,$0.65B,24.09%,$2.69B,$0.34B,12.64%,$2.69B,$0.22B,7.99%,$0.22B,$1.39B,14.61%,$0.22B,$-1.14B,-20.37%,$0.22B,$5.77B,3.78%,$0.43B,$3.10B,13.40%,$733,$452,$281,$0,$129,$636,$97,$-22,$75,$27,$48,$48,$48,$155,$97,$140,142,$0.35,$0.35,$171,$0,$131,$2446,$767,$0,$2524,$34,$3325,$5772,$2214,$1711,$160,$2172,$4385,$1,$17,$-40,$1386,$5772,$215,$220,$38,$258,$-127,$0,$0,$0,$9,$482,$-134,$0,$-118,$0,$-296,$-296,$1,$-548,$448,$11,$459,$-205,$-205,$-152,$-14,$87,$2,$12,$-152
12,2015-09-30,32.84,$10.02,3.28,$18.31,1.79,$5.28,6.22,$1.51,21.75,$2.38B,$2.15B,1.11,$1.72B,$1.38B,1.25,$2.62B,$1.12B,42.93%,$2.62B,$0.43B,16.36%,$2.62B,$0.43B,16.36%,$2.62B,$0.64B,24.58%,$2.62B,$0.34B,13.11%,$2.62B,$0.22B,8.30%,$0.22B,$1.38B,14.36%,$0.22B,$-1.16B,-21.52%,$0.22B,$5.73B,3.89%,$0.43B,$3.10B,13.20%,$667,$378,$289,$0,$129,$561,$106,$-24,$82,$30,$52,$52,$52,$162,$106,$140,142,$0.37,$0.37,$140,$0,$120,$2384,$747,$0,$2538,$35,$3342,$5727,$2148,$1724,$156,$2202,$4350,$1,$6,$-31,$1377,$5727,$166,$162,$5,$167,$-164,$0,$0,$0,$-18,$315,$-92,$0,$-115,$0,$-177,$-177,$2,$-383,$367,$18,$385,$-209,$-209,$-115,$-8,$54,$-28,$9,$-115
13,2015-06-30,34.35,$11.08,3.1,$17.75,1.94,$5.52,6.23,$1.47,23.37,$2.38B,$1.98B,1.21,$1.73B,$1.57B,1.1,$2.54B,$1.10B,43.14%,$2.54B,$0.42B,16.47%,$2.54B,$0.42B,16.47%,$2.54B,$0.63B,24.70%,$2.54B,$0.34B,13.28%,$2.54B,$0.21B,8.39%,$0.21B,$1.57B,13.73%,$0.21B,$-0.99B,-22.10%,$0.21B,$5.76B,3.88%,$0.42B,$3.30B,12.72%,$658,$367,$292,$0,$124,$542,$117,$-22,$94,$35,$60,$60,$60,$170,$117,$142,144,$0.42,$0.41,$221,$0,$117,$2381,$750,$0,$2565,$35,$3374,$5755,$1976,$1728,$151,$2207,$4183,$1,$-9,$-17,$1572,$5755,$114,$106,$2,$109,$-139,$0,$0,$0,$-22,$201,$-64,$0,$-115,$0,$-118,$-118,$1,$-297,$217,$31,$247,$-8,$-8,$-77,$-7,$155,$52,$6,$-77
14,2015-03-31,34.59,$10.93,3.16,$17.31,2.0,$5.87,5.89,$1.42,24.36,$2.22B,$1.72B,1.29,$1.73B,$1.55B,1.12,$2.47B,$1.07B,43.27%,$2.47B,$0.40B,16.30%,$2.47B,$0.40B,16.30%,$2.47B,$0.61B,24.66%,$2.47B,$0.32B,13.14%,$2.47B,$0.20B,8.27%,$0.20B,$1.55B,13.26%,$0.20B,$-0.93B,-21.03%,$0.20B,$5.48B,3.80%,$0.40B,$3.28B,12.27%,$632,$352,$280,$0,$122,$525,$108,$-19,$89,$35,$55,$55,$55,$161,$108,$141,144,$0.39,$0.38,$193,$0,$111,$2217,$728,$0,$2480,$36,$3259,$5476,$1720,$1732,$142,$2206,$3926,$1,$-30,$-20,$1550,$5476,$55,$53,$1,$54,$-128,$0,$0,$0,$-22,$86,$-25,$0,$-22,$0,$6,$6,$3,$-38,$-18,$41,$22,$-1,$-1,$-38,$2,$-15,$26,$3,$-38
15,2014-12-31,31.37,$10.95,2.87,$17.06,1.84,$5.94,5.28,$1.19,26.36,$2.08B,$1.59B,1.3,$1.74B,$1.55B,1.12,$2.42B,$1.05B,43.26%,$2.42B,$0.38B,15.63%,$2.42B,$0.38B,15.63%,$2.42B,$0.58B,24.07%,$2.42B,$0.27B,11.00%,$2.42B,$0.17B,7.03%,$0.17B,$1.55B,11.17%,$0.17B,$-0.95B,-16.90%,$0.17B,$5.35B,3.20%,$0.38B,$3.28B,11.58%,$659,$397,$262,$0,$114,$562,$97,$-19,$78,$27,$50,$50,$50,$150,$97,$140,142,$0.36,$0.35,$170,$0,$100,$2075,$728,$0,$2496,$36,$3277,$5352,$1591,$1737,$144,$2214,$3804,$1,$-46,$-2,$1547,$5352,$169,$204,$50,$254,$-52,$0,$0,$0,$8,$431,$-100,$0,$-32,$0,$-283,$-283,$2,$-413,$62,$10,$72,$28,$28,$-140,$-8,$-49,$-39,$28,$-140
16,2014-09-30,25.72,$10.90,2.36,$16.25,1.58,$6.00,4.29,$0.71,36.23,$2.08B,$1.63B,1.28,$1.74B,$1.54B,1.13,$2.30B,$1.02B,44.30%,$2.30B,$0.31B,13.52%,$2.30B,$0.31B,13.52%,$2.30B,$0.51B,22.30%,$2.30B,$0.19B,8.35%,$2.30B,$0.10B,4.43%,$0.10B,$1.54B,6.77%,$0.10B,$-0.98B,-9.77%,$0.10B,$5.37B,1.94%,$0.31B,$3.28B,9.57%,$589,$328,$261,$0,$117,$493,$96,$-20,$76,$28,$48,$48,$48,$146,$96,$141,142,$0.34,$0.33,$231,$0,$88,$2083,$715,$0,$2518,$37,$3288,$5370,$1632,$1741,$138,$2204,$3836,$1,$-59,$7,$1535,$5370,$119,$151,$39,$190,$-89,$0,$0,$0,$18,$328,$-70,$0,$-31,$0,$-192,$-192,$3,$-290,$61,$22,$83,$21,$21,$-105,$-9,$-9,$23,$27,$-105
17,2014-06-30,28.39,$10.84,2.62,$15.89,1.79,$5.91,4.8,$0.54,52.58,$1.99B,$1.55B,1.29,$1.75B,$1.52B,1.15,$2.25B,$1.00B,44.37%,$2.25B,$0.28B,12.61%,$2.25B,$0.28B,12.61%,$2.25B,$0.49B,21.69%,$2.25B,$0.16B,7.04%,$2.25B,$0.08B,3.43%,$0.08B,$1.52B,5.16%,$0.08B,$-1.02B,-7.17%,$0.08B,$5.28B,1.48%,$0.28B,$3.27B,8.73%,$586,$322,$264,$0,$114,$485,$101,$-20,$81,$30,$51,$51,$51,$151,$101,$140,142,$0.36,$0.36,$301,$0,$92,$1994,$717,$0,$2541,$8,$3285,$5279,$1545,$1745,$134,$2212,$3757,$1,$-71,$18,$1522,$5279,$72,$101,$37,$138,$-48,$0,$0,$0,$22,$231,$-47,$0,$-1,$0,$-70,$-70,$3,$-115,$10,$30,$40,$16,$16,$-70,$-9,$-23,$94,$21,$-70
18,2014-03-31,26.83,$10.62,2.53,$15.61,1.72,$5.83,4.61,$0.42,63.87,$1.95B,$1.55B,1.26,$1.75B,$1.48B,1.18,$2.20B,$0.98B,44.32%,$2.20B,$0.26B,11.95%,$2.20B,$0.26B,11.95%,$2.20B,$0.47B,21.32%,$2.20B,$0.13B,6.05%,$2.20B,$0.06B,2.68%,$0.06B,$1.48B,3.99%,$0.06B,$-1.07B,-5.33%,$0.06B,$5.24B,1.15%,$0.26B,$3.23B,8.13%,$584,$325,$259,$0,$127,$499,$84,$-54,$31,$10,$21,$21,$21,$135,$84,$139,141,$0.15,$0.15,$266,$0,$95,$1954,$694,$0,$2557,$9,$3281,$5235,$1551,$1750,$116,$2200,$3751,$1,$-87,$10,$1484,$5235,$21,$51,$29,$80,$-103,$0,$0,$0,$-9,$92,$-22,$0,$-1,$0,$-7,$-7,$4,$-26,$-22,$55,$34,$8,$8,$-35,$-10,$-3,$60,$15,$-35
19,2013-12-31,25.91,$10.66,2.43,$15.46,1.68,$5.82,4.45,$0.48,53.97,$1.79B,$1.44B,1.25,$1.74B,$1.48B,1.17,$2.17B,$0.94B,43.33%,$2.17B,$0.26B,11.82%,$2.17B,$0.26B,11.82%,$2.17B,$0.46B,21.25%,$2.17B,$0.15B,6.81%,$2.17B,$0.07B,3.08%,$0.07B,$1.48B,4.56%,$0.07B,$-1.10B,-5.97%,$0.07B,$5.13B,1.30%,$0.26B,$3.22B,7.95%,$541,$306,$235,$0,$157,$511,$30,$-25,$4,$22,$-18,$-18,$-18,$81,$30,$138,141,$-0.12,$-0.13,$210,$0,$91,$1792,$704,$0,$2582,$12,$3336,$5127,$1435,$1735,$121,$2211,$3645,$1,$-72,$19,$1482,$5127,$68,$206,$105,$311,$12,$0,$0,$0,$56,$434,$-96,$0,$-46,$0,$-119,$-119,$-7,$-268,$-5,$4,$-1,$25,$25,$-79,$-22,$-77,$83,$67,$-79
20,2013-09-30,24.52,$10.70,2.29,$15.17,1.62,$4.81,5.09,$0.77,31.84,$1.78B,$1.42B,1.26,$1.77B,$1.48B,1.19,$2.13B,$0.91B,42.78%,$2.13B,$0.28B,13.35%,$2.13B,$0.28B,13.35%,$2.13B,$0.49B,22.90%,$2.13B,$0.17B,8.18%,$2.13B,$0.11B,5.08%,$0.11B,$1.48B,7.41%,$0.11B,$-1.11B,-9.49%,$0.11B,$5.12B,2.12%,$0.28B,$3.25B,8.79%,$534,$296,$238,$0,$120,$466,$68,$-25,$42,$20,$23,$23,$23,$120,$68,$138,141,$0.16,$0.16,$205,$0,$91,$1783,$699,$0,$2589,$10,$3339,$5122,$1420,$1770,$105,$2219,$3638,$1,$-20,$26,$1484,$5122,$85,$154,$52,$206,$-21,$0,$0,$0,$27,$318,$-75,$0,$-29,$0,$-80,$-80,$3,$-181,$-29,$39,$9,$21,$21,$-52,$-25,$-47,$87,$17,$-52
21,2013-06-30,19.74,$10.59,1.86,$14.80,1.33,$4.41,4.48,$0.75,26.32,$1.76B,$1.45B,1.21,$1.77B,$1.46B,1.22,$2.07B,$0.88B,42.70%,$2.07B,$0.28B,13.44%,$2.07B,$0.28B,13.44%,$2.07B,$0.48B,23.07%,$2.07B,$0.17B,7.98%,$2.07B,$0.10B,5.03%,$0.10B,$1.46B,7.18%,$0.10B,$-1.15B,-9.01%,$0.10B,$5.12B,2.06%,$0.28B,$3.23B,8.61%,$541,$299,$243,$0,$112,$460,$81,$-25,$56,$23,$33,$33,$33,$133,$81,$138,141,$0.24,$0.24,$177,$0,$89,$1757,$692,$0,$2609,$16,$3360,$5117,$1450,$1773,$99,$2208,$3658,$1,$-16,$21,$1460,$5117,$63,$101,$22,$123,$-35,$0,$0,$0,$37,$223,$-53,$0,$-28,$0,$-73,$-73,$3,$-152,$-11,$43,$32,$13,$13,$-26,$-25,$-6,$59,$4,$-26
22,2013-03-31,17.14,$10.54,1.63,$14.46,1.19,$4.16,4.13,$0.68,25.21,$1.92B,$1.60B,1.2,$1.78B,$1.45B,1.23,$2.02B,$0.87B,42.93%,$2.02B,$0.27B,13.40%,$2.02B,$0.27B,13.40%,$2.02B,$0.47B,23.18%,$2.02B,$0.15B,7.59%,$2.02B,$0.10B,4.71%,$0.10B,$1.45B,6.62%,$0.10B,$-1.14B,-8.09%,$0.10B,$5.24B,1.90%,$0.27B,$3.22B,8.37%,$558,$331,$226,$0,$101,$480,$78,$-32,$46,$17,$29,$29,$29,$128,$78,$137,140,$0.21,$0.21,$330,$0,$86,$1915,$695,$0,$2583,$8,$3325,$5240,$1599,$1775,$101,$2196,$3795,$1,$-24,$29,$1445,$5240,$29,$49,$9,$58,$-120,$0,$0,$0,$3,$91,$-23,$0,$-1,$0,$-4,$-4,$4,$-24,$105,$57,$162,$4,$4,$0,$-16,$149,$213,$-1,$0
23,2012-12-31,17.16,$10.56,1.62,$14.14,1.21,$4.11,4.18,$0.66,26.0,$1.58B,$1.29B,1.23,$1.78B,$1.44B,1.23,$1.96B,$0.88B,44.65%,$1.96B,$0.27B,13.59%,$1.96B,$0.27B,13.59%,$1.96B,$0.46B,23.63%,$1.96B,$0.15B,7.69%,$1.96B,$0.09B,4.68%,$0.09B,$1.44B,6.48%,$0.09B,$-1.16B,-7.61%,$0.09B,$4.92B,1.88%,$0.27B,$3.22B,8.29%,$494,$290,$203,$0,$99,$436,$57,$-27,$30,$7,$23,$23,$23,$106,$57,$137,139,$0.16,$0.16,$121,$0,$87,$1581,$701,$0,$2604,$12,$3341,$4922,$1287,$1775,$99,$2192,$3479,$1,$-27,$35,$1444,$4922,$92,$197,$41,$238,$-80,$0,$0,$0,$-40,$290,$-96,$0,$-1,$0,$-127,$-127,$-4,$-228,$1,$-24,$-23,$3,$3,$-26,$-8,$-54,$11,$23,$-26
24,2012-09-30,16.57,$10.58,1.57,$14.07,1.18,$4.31,3.84,$0.61,27.16,$1.59B,$1.27B,1.25,$1.81B,$1.45B,1.25,$1.95B,$0.89B,45.38%,$1.95B,$0.27B,13.64%,$1.95B,$0.27B,13.64%,$1.95B,$0.46B,23.79%,$1.95B,$0.15B,7.44%,$1.95B,$0.08B,4.31%,$0.08B,$1.45B,6.02%,$0.08B,$-1.17B,-6.71%,$0.08B,$4.93B,1.73%,$0.27B,$3.25B,8.30%,$475,$264,$211,$0,$102,$413,$62,$-29,$33,$14,$19,$19,$19,$110,$62,$137,139,$0.14,$0.14,$171,$0,$63,$1588,$689,$0,$2617,$9,$3338,$4926,$1268,$1805,$101,$2212,$3481,$1,$-24,$38,$1445,$4926,$69,$149,$16,$165,$-95,$0,$0,$0,$4,$238,$-55,$0,$-1,$0,$-57,$-57,$1,$-113,$-72,$11,$-61,$3,$3,$0,$-4,$-62,$66,$21,$0
25,2012-06-30,14.43,$10.32,1.4,$13.91,1.04,$4.02,3.59,$0.70,20.61,$1.52B,$1.24B,1.22,$1.81B,$1.41B,1.29,$1.92B,$0.88B,45.53%,$1.92B,$0.28B,14.66%,$1.92B,$0.28B,14.66%,$1.92B,$0.48B,24.79%,$1.92B,$0.16B,8.26%,$1.92B,$0.10B,5.04%,$0.10B,$1.41B,7.12%,$0.10B,$-1.23B,-7.75%,$0.10B,$4.87B,2.03%,$0.28B,$3.22B,8.88%,$488,$263,$225,$0,$104,$415,$73,$-29,$44,$20,$24,$24,$24,$123,$73,$136,139,$0.18,$0.17,$126,$0,$66,$1515,$684,$0,$2635,$9,$3354,$4869,$1240,$1809,$100,$2220,$3460,$1,$-43,$29,$1408,$4869,$50,$100,$11,$111,$-71,$0,$0,$0,$9,$170,$-37,$0,$-1,$0,$-56,$-56,$-1,$-95,$-60,$8,$-53,$1,$1,$0,$-4,$-55,$20,$13,$0
26,2012-03-31,13.61,$10.15,1.34,$13.87,0.98,$3.94,3.46,$0.42,32.4,$1.48B,$1.24B,1.19,$1.81B,$1.38B,1.31,$1.91B,$0.87B,45.52%,$1.91B,$0.28B,14.88%,$1.91B,$0.28B,14.88%,$1.91B,$0.48B,24.93%,$1.91B,$0.09B,4.92%,$1.91B,$0.06B,3.09%,$0.06B,$1.38B,4.41%,$0.06B,$-1.28B,-4.74%,$0.06B,$4.86B,1.25%,$0.28B,$3.20B,8.99%,$507,$269,$238,$0,$114,$432,$75,$-30,$44,$18,$26,$26,$26,$125,$75,$136,139,$0.19,$0.19,$132,$0,$57,$1476,$684,$0,$2658,$10,$3379,$4855,$1239,$1813,$100,$2233,$3471,$1,$-67,$34,$1383,$4855,$26,$50,$10,$60,$-93,$0,$0,$0,$-12,$75,$-13,$0,$0,$0,$15,$15,$1,$3,$-101,$54,$-47,$0,$0,$0,$-3,$-50,$28,$8,$0
27,2011-12-31,11.33,$9.86,1.15,$13.74,0.82,$3.97,2.86,$0.52,21.79,$1.37B,$1.20B,1.15,$1.82B,$1.34B,1.35,$1.89B,$0.85B,45.10%,$1.89B,$0.28B,14.94%,$1.89B,$0.28B,14.94%,$1.89B,$0.47B,25.01%,$1.89B,$0.09B,4.82%,$1.89B,$0.07B,3.87%,$0.07B,$1.34B,5.54%,$0.07B,$-1.34B,-5.93%,$0.07B,$4.78B,1.56%,$0.28B,$3.16B,8.94%,$480,$269,$211,$0,$107,$424,$56,$-32,$24,$9,$15,$15,$15,$106,$56,$136,138,$0.11,$0.11,$106,$0,$59,$1373,$687,$0,$2679,$11,$3406,$4779,$1196,$1817,$99,$2240,$3436,$1,$-93,$28,$1343,$4779,$72,$190,$80,$270,$2,$0,$0,$0,$-37,$306,$-86,$0,$-215,$0,$-120,$-120,$0,$-420,$88,$33,$121,$6,$6,$0,$-34,$93,$-22,$17,$0
28,2011-09-30,10.16,$9.63,1.05,$13.57,0.75,$5.24,1.94,$0.46,22.1,$1.41B,$1.08B,1.31,$1.82B,$1.31B,1.39,$1.86B,$0.83B,44.77%,$1.86B,$0.27B,14.76%,$1.86B,$0.27B,14.76%,$1.86B,$0.46B,24.84%,$1.86B,$0.07B,3.88%,$1.86B,$0.07B,3.50%,$0.07B,$1.31B,5.02%,$0.07B,$-1.17B,-5.33%,$0.07B,$4.61B,1.40%,$0.27B,$3.13B,8.72%,$449,$247,$202,$0,$80,$372,$78,$-31,$47,$15,$32,$32,$32,$123,$78,$136,138,$0.24,$0.23,$210,$0,$48,$1410,$676,$0,$2483,$12,$3202,$4612,$1080,$1821,$80,$2219,$3299,$1,$-107,$20,$1313,$4612,$58,$140,$59,$199,$-45,$0,$0,$0,$-51,$206,$-64,$0,$-5,$0,$-40,$-40,$2,$-107,$-42,$58,$17,$6,$6,$0,$-34,$-11,$85,$11,$0
29,2011-06-30,15.87,$9.66,1.64,$13.59,1.17,$7.00,2.27,$0.42,37.79,$1.41B,$1.13B,1.26,$1.83B,$1.32B,1.39,$1.85B,$0.83B,44.98%,$1.85B,$0.27B,14.42%,$1.85B,$0.27B,14.42%,$1.85B,$0.46B,24.57%,$1.85B,$0.06B,3.35%,$1.85B,$0.06B,3.19%,$0.06B,$1.32B,4.64%,$0.06B,$-1.20B,-4.73%,$0.06B,$4.65B,1.26%,$0.27B,$3.14B,8.42%,$473,$254,$218,$0,$99,$397,$75,$-97,$-21,$-7,$-14,$-14,$-14,$122,$75,$136,136,$-0.11,$-0.11,$207,$0,$46,$1413,$682,$0,$2511,$12,$3236,$4649,$1126,$1825,$72,$2208,$3334,$1,$-139,$47,$1315,$4649,$26,$94,$69,$163,$-64,$0,$0,$0,$-31,$158,$-39,$0,$-4,$0,$-18,$-18,$2,$-60,$-40,$50,$10,$6,$6,$0,$-33,$-18,$81,$19,$0
30,2011-03-31,12.88,$9.60,1.34,$13.57,0.95,$8.39,1.53,$0.74,17.4,$1.48B,$1.13B,1.31,$1.88B,$1.30B,1.44,$1.85B,$0.83B,45.05%,$1.85B,$0.28B,15.04%,$1.85B,$0.28B,15.04%,$1.85B,$0.46B,25.09%,$1.85B,$0.13B,7.14%,$1.85B,$0.10B,5.52%,$0.10B,$1.30B,8.25%,$0.10B,$-1.22B,-7.96%,$0.10B,$4.74B,2.19%,$0.28B,$3.18B,8.73%,$485,$265,$220,$0,$103,$411,$73,$-33,$41,$1,$40,$40,$40,$121,$73,$136,137,$0.29,$0.29,$248,$0,$49,$1480,$679,$0,$2527,$11,$3255,$4735,$1134,$1876,$97,$2298,$3432,$1,$-125,$36,$1303,$4735,$40,$48,$11,$58,$-130,$0,$0,$0,$-17,$81,$-16,$0,$-4,$0,$25,$25,$3,$7,$-29,$64,$35,$1,$1,$0,$-2,$34,$123,$8,$0
31,2010-12-31,11.58,$9.19,1.26,$13.40,0.86,$9.57,1.21,$0.51,22.71,$1.26B,$0.97B,1.3,$1.88B,$1.25B,1.51,$1.82B,$0.82B,44.73%,$1.82B,$0.27B,14.76%,$1.82B,$0.27B,14.76%,$1.82B,$0.45B,24.92%,$1.82B,$0.10B,5.38%,$1.82B,$0.07B,3.84%,$0.07B,$1.25B,5.83%,$0.07B,$-1.29B,-5.31%,$0.07B,$4.53B,1.51%,$0.27B,$3.12B,8.45%,$449,$258,$191,$0,$99,$401,$48,$-43,$5,$-3,$7,$7,$7,$95,$48,$135,136,$0.06,$0.05,$128,$0,$52,$1255,$681,$0,$2537,$12,$3270,$4525,$967,$1876,$112,$2314,$3280,$1,$-165,$27,$1245,$4525,$70,$185,$76,$261,$-34,$0,$0,$140,$137,$468,$-77,$0,$-49,$0,$-669,$-669,$1,$-794,$94,$-17,$78,$5,$5,$0,$-2,$81,$-245,$20,$0
32,2010-09-30,10.58,$9.01,1.18,$14.02,0.76,$8.48,1.25,$0.51,20.75,$1.53B,$1.07B,1.43,$2.02B,$1.22B,1.66,$1.80B,$0.80B,44.57%,$1.80B,$0.26B,14.69%,$1.80B,$0.26B,14.69%,$1.80B,$0.45B,24.93%,$1.80B,$0.10B,5.45%,$1.80B,$0.07B,3.78%,$0.07B,$1.22B,5.79%,$0.07B,$-1.28B,-5.05%,$0.07B,$4.75B,1.49%,$0.26B,$3.24B,8.25%,$445,$242,$204,$0,$90,$374,$71,$-34,$37,$11,$26,$26,$26,$117,$71,$135,136,$0.19,$0.19,$386,$0,$41,$1530,$667,$0,$2495,$12,$3219,$4749,$1072,$2019,$112,$2459,$3530,$1,$-172,$16,$1219,$4749,$62,$138,$59,$196,$-109,$0,$0,$140,$159,$418,$-40,$-1,$-3,$0,$-609,$-609,$3,$-649,$204,$37,$241,$4,$4,$0,$2,$247,$16,$12,$0
