,Date,Stock Price,Book Value per Share,Price to Book Ratio,TTM Sales per Share,Price to Sales Ratio,TTM FCF per Share,Price to FCF Ratio,TTM Net EPS,PE Ratio,Current Assets,Current Liabilities,Current Ratio,Long Term Debt,Shareholder's Equity_x,Debt to Equity Ratio,TTM Revenue_x,TTM Gross Profit,Gross Margin,TTM Revenue_y,TTM Operating Income,Operating Margin,TTM Revenue_x,TTM EBIT,EBIT Margin,TTM Revenue_y,TTM EBITDA,EBITDA Margin,TTM Revenue_x,TTM Pre-Tax Income,Pre-Tax Margin,TTM Revenue_y,TTM Net Income_x,Net Margin,TTM Net Income_y,Shareholder's Equity_y,Return on Equity,TTM Net Income_x,Tangible Equity,Return on Tangible Equity,TTM Net Income_y,Total Assets,Return on Assets,TTM Net Income,LT Investments & Debt,Return on Investment,revenue,cost-goods-sold,gross-profit,research-development-expenses,selling-general-administrative-expenses,operating-expenses,operating-income,total-non-operating-income-expense,pre-tax-income,total-provision-income-taxes,income-after-taxes,income-from-continuous-operations,net-income,ebitda,ebit,basic-shares-outstanding,shares-outstanding,eps-basic-net-earnings-per-share,eps-earnings-per-share-diluted,cash-on-hand,inventory,other-current-assets,total-current-assets,net-property-plant-equipment,long-term-investments,goodwill-intangible-assets-total,other-long-term-assets,total-long-term-assets,total-assets,total-current-liabilities,long-term-debt,other-non-current-liabilities,total-long-term-liabilities,total-liabilities,common-stock-net,retained-earnings-accumulated-deficit,comprehensive-income,total-share-holder-equity,total-liabilities-share-holders-equity,net-income-loss,total-depreciation-amortization-cash-flow,other-non-cash-items,total-non-cash-items,change-in-accounts-receivable,change-in-inventories,change-in-accounts-payable,change-in-assets-liabilities,total-change-in-assets-liabilities,cash-flow-from-operating-activities,net-change-in-property-plant-equipment,net-change-in-intangible-assets,net-acquisitions-divestitures,net-change-in-short-term-investments,net-change-in-long-term-investments,net-change-in-investments-total,investing-activities-other,cash-flow-from-investing-activities,net-long-term-debt,net-current-debt,debt-issuance-retirement-net-total,net-common-equity-issued-repurchased,net-total-equity-issued-repurchased,total-common-preferred-stock-dividends-paid,financial-activities-other,cash-flow-from-financial-activities,net-cash-flow,stock-based-compensation,common-stock-dividends-paid
0,2018-09-30,48.28,$76.61,0.63,$37.11,1.3,$-70.26,0.0,$5.68,8.5,$402.48B,$244.60B,1.65,$75.11B,$32.03B,2.35,$14.78B,$10.60B,71.68%,$14.78B,$4.43B,29.96%,$14.78B,0,0.00%,$14.78B,0,0.00%,$14.78B,$4.43B,29.96%,$14.78B,$3.23B,21.87%,$3.23B,$32.03B,10.23%,$3.23B,$29.53B,11.16%,$3.23B,$429.94B,0.77%,$4.43B,$107.14B,4.25%,$3904,$1137,$2767,$0,$1571,$2708,$1196,$0,$1196,$337,$859,$859,$858,$0,$0,$396,398,$2.17,$2.16,$117693,$0,$0,$402481,$3740,$2017,$2504,$19201,$27463,$429944,$244601,$75107,$77655,$153313,$397914,$1882,$15367,$207,$32030,$429944,$2582,$399,$1747,$2146,$-25268,$0,$0,$11662,$-13605,$-8877,$-225,$-69,$230,$2010,$-2369,$-359,$179,$-245,$8642,$0,$8642,$-179,$-179,$-690,$-570,$7203,$-1943,$12,$-690
1,2018-06-30,46.48,$74.46,0.62,$35.57,1.31,$-62.86,0.0,$7.64,6.08,$391.07B,$239.20B,1.64,$73.80B,$31.13B,2.37,$14.20B,$10.33B,72.71%,$14.20B,$4.31B,30.36%,$14.20B,0,0.00%,$14.20B,0,0.00%,$14.20B,$4.31B,30.36%,$14.20B,$3.18B,22.41%,$3.18B,$31.13B,10.21%,$3.18B,$28.58B,11.16%,$3.18B,$417.00B,0.78%,$4.31B,$104.93B,4.26%,$3822,$1050,$2772,$0,$1599,$2650,$1173,$0,$1173,$321,$852,$852,$852,$0,$0,$396,397,$2.15,$2.14,$117738,$0,$0,$391072,$3663,$1914,$2551,$17802,$25932,$417004,$239200,$73799,$72412,$146669,$385870,$1882,$14508,$171,$31134,$417004,$1724,$99,$1430,$1528,$-13389,$0,$0,$2162,$-11227,$-7975,$-91,$-51,$-578,$1961,$-2700,$-739,$210,$-1248,$7165,$0,$7165,$-179,$-179,$-690,$588,$6884,$-2318,$2,$-690
2,2018-03-31,57.94,$79.19,0.73,$34.26,1.69,$-54.04,0.0,$7.66,7.56,$396.52B,$244.86B,1.62,$72.25B,$31.38B,2.3,$13.70B,$10.07B,73.48%,$13.70B,$4.26B,31.10%,$13.70B,0,0.00%,$13.70B,0,0.00%,$13.70B,$4.26B,31.10%,$13.70B,$3.22B,23.52%,$3.22B,$31.38B,10.46%,$3.22B,$28.68B,11.47%,$3.22B,$421.37B,0.81%,$4.26B,$103.63B,4.36%,$3578,$981,$2597,$0,$1344,$2324,$1253,$0,$1253,$350,$904,$904,$903,$0,$0,$397,397,$2.27,$2.26,$120964,$0,$0,$396517,$3891,$1123,$2696,$17141,$24851,$421368,$244862,$72251,$72385,$145128,$389990,$1951,$14157,$163,$31378,$421368,$904,$133,$543,$676,$-6272,$0,$0,$-1295,$-7566,$-5987,$-33,$-39,$68,$57,$-321,$-264,$206,$-61,$3508,$0,$3508,$-186,$-186,$0,$528,$3851,$-2193,$3,$0
3,2017-12-31,58.51,$79.93,0.73,$32.44,1.8,$-41.90,0.0,$7.30,8.02,$386.06B,$240.05B,1.61,$69.15B,$31.90B,2.17,$12.99B,$9.55B,73.50%,$12.99B,$3.88B,29.85%,$12.99B,0,0.00%,$12.99B,0,0.00%,$12.99B,$3.88B,29.85%,$12.99B,$3.10B,23.88%,$3.10B,$31.90B,10.32%,$3.10B,$29.14B,11.13%,$3.10B,$409.20B,0.82%,$3.88B,$101.05B,4.18%,$3478,$1018,$2460,$0,$1654,$2672,$806,$0,$806,$185,$622,$622,$620,$0,$0,$399,401,$1.54,$1.54,$114260,$0,$0,$386058,$3936,$1109,$2757,$15333,$23139,$409198,$240050,$69151,$67602,$137253,$377303,$1959,$14094,$504,$31895,$409198,$3132,$516,$2518,$3033,$-21047,$0,$0,$10351,$-10696,$-4531,$-250,$-98,$-380,$0,$-7868,$-7868,$418,$-8178,$13807,$0,$13807,$-171,$-171,$-471,$596,$13761,$928,$69,$-471
4,2017-09-30,47.57,$72.60,0.66,$28.73,1.66,$-28.41,0.0,$7.07,6.73,$365.49B,$226.51B,1.61,$65.08B,$30.35B,2.14,$11.42B,$8.38B,73.37%,$11.42B,$3.32B,29.05%,$11.42B,0,0.00%,$11.42B,0,0.00%,$11.42B,$3.32B,29.05%,$11.42B,$2.80B,24.49%,$2.80B,$30.35B,9.78%,$2.80B,$27.68B,10.38%,$2.80B,$389.53B,0.79%,$3.32B,$95.43B,3.83%,$3326,$827,$2499,$0,$1419,$2246,$1080,$0,$1080,$272,$808,$808,$808,$0,$0,$401,403,$2.02,$2.01,$108134,$0,$0,$365487,$3698,$1153,$2676,$16511,$24041,$389528,$226513,$65079,$67067,$132661,$359173,$1882,$13043,$587,$30354,$389528,$2511,$342,$1954,$2296,$-15196,$0,$0,$4318,$-10879,$-6072,$-151,$-59,$-327,$0,$-4180,$-4180,$163,$-4553,$10952,$0,$10952,$-71,$-71,$-453,$912,$11341,$690,$43,$-453
5,2017-06-30,48.99,$70.77,0.69,$27.12,1.81,$-8.30,0.0,$6.44,7.61,$354.24B,$220.89B,1.6,$60.97B,$29.59B,2.06,$10.61B,$7.60B,71.66%,$10.61B,$2.92B,27.56%,$10.61B,0,0.00%,$10.61B,0,0.00%,$10.61B,$2.92B,27.56%,$10.61B,$2.50B,23.54%,$2.50B,$29.59B,9.00%,$2.50B,$26.86B,9.36%,$2.50B,$380.03B,0.74%,$2.92B,$90.56B,3.61%,$3318,$806,$2511,$0,$1389,$2195,$1122,$0,$1122,$218,$904,$904,$891,$0,$0,$397,398,$2.25,$2.24,$102437,$0,$0,$354237,$3804,$1172,$2727,$18080,$25788,$380025,$220888,$60974,$68042,$129546,$350434,$1882,$12235,$628,$29590,$380025,$1703,$203,$1268,$1471,$-9023,$0,$0,$1341,$-7681,$-4507,$-81,$-41,$-759,$0,$-1459,$-1459,$147,$-2193,$6403,$0,$6403,$-71,$-71,$-453,$79,$5959,$-702,$33,$-453
6,2017-03-31,42.66,$68.03,0.63,$25.43,1.68,$8.86,4.82,$5.51,7.74,$326.00B,$218.22B,1.49,$55.49B,$28.44B,1.95,$9.82B,$6.79B,69.16%,$9.82B,$2.48B,25.23%,$9.82B,0,0.00%,$9.82B,0,0.00%,$9.82B,$2.48B,25.23%,$9.82B,$2.13B,21.67%,$2.13B,$28.44B,7.88%,$2.13B,$27.85B,8.03%,$2.13B,$342.80B,0.66%,$2.48B,$83.94B,3.25%,$2868,$790,$2078,$0,$1209,$1999,$869,$0,$869,$70,$799,$799,$783,$0,$0,$397,399,$1.97,$1.96,$85239,$0,$0,$326002,$3205,$2272,$588,$10709,$16798,$342801,$218216,$55494,$40623,$96142,$314358,$1882,$11341,$395,$28442,$342801,$799,$67,$490,$557,$-2441,$0,$0,$21,$-2420,$-1064,$-138,$25,$-153,$0,$-25,$-25,$19,$-272,$602,$0,$602,$-74,$-74,$-166,$49,$411,$-968,$13,$-166
7,2016-12-31,34.24,$62.11,0.55,$24.04,1.42,$11.01,3.11,$4.69,7.3,$298.87B,$199.52B,1.5,$50.88B,$25.97B,1.96,$9.19B,$6.19B,67.30%,$9.19B,$2.18B,23.76%,$9.19B,0,0.00%,$9.19B,0,0.00%,$9.19B,$2.18B,23.76%,$9.19B,$1.78B,19.38%,$1.78B,$25.97B,6.93%,$1.78B,$25.43B,7.05%,$1.78B,$312.09B,0.59%,$2.18B,$76.85B,3.11%,$1911,$618,$1293,$0,$1046,$1664,$247,$0,$247,$-74,$321,$321,$315,$0,$0,$384,386,$0.78,$0.78,$78317,$0,$0,$298870,$3013,$2098,$542,$7457,$13221,$312091,$199523,$50878,$35634,$86598,$286121,$1737,$10159,$337,$25970,$312091,$1819,$240,$890,$1131,$-13644,$0,$0,$11628,$-2016,$935,$-329,$-86,$320,$0,$-3425,$-3425,$-167,$-3687,$2219,$0,$2219,$-595,$-595,$-319,$1339,$2643,$-36,$32,$-319
8,2016-09-30,32.21,$69.74,0.46,$26.15,1.23,$13.77,2.34,$4.51,7.14,$299.80B,$211.39B,1.42,$45.96B,$26.94B,1.71,$10.02B,$6.96B,69.44%,$10.02B,$3.29B,32.85%,$10.02B,0,0.00%,$10.02B,0,0.00%,$10.02B,$2.23B,22.21%,$10.02B,$1.78B,17.74%,$1.78B,$26.94B,7.00%,$1.78B,$26.51B,7.12%,$1.78B,$316.66B,0.60%,$3.29B,$72.91B,4.86%,$2512,$793,$1720,$0,$1034,$1827,$686,$0,$686,$166,$520,$520,$508,$0,$0,$376,378,$1.35,$1.35,$68022,$0,$0,$299801,$3003,$2903,$433,$10513,$16856,$316656,$211392,$45964,$32183,$78321,$289713,$1739,$10598,$537,$26943,$316656,$1554,$174,$977,$1151,$-11923,$0,$0,$11141,$-783,$1922,$-163,$-56,$-1,$0,$-2959,$-2959,$-246,$-3425,$1822,$0,$1822,$-415,$-415,$-345,$1162,$2223,$777,$20,$-345
9,2016-06-30,26.8,$68.91,0.39,$27.22,0.98,$11.80,2.27,$4.13,6.49,$292.06B,$208.65B,1.4,$44.18B,$26.63B,1.66,$10.51B,$7.33B,69.80%,$10.51B,$3.65B,34.76%,$10.51B,0,0.00%,$10.51B,0,0.00%,$10.51B,$2.04B,19.45%,$10.51B,$1.64B,15.57%,$1.64B,$26.63B,6.52%,$1.64B,$26.20B,6.63%,$1.64B,$308.88B,0.57%,$3.65B,$70.81B,5.50%,$2528,$828,$1700,$0,$1025,$1853,$675,$0,$675,$139,$536,$536,$522,$0,$0,$379,381,$1.38,$1.37,$64279,$0,$0,$292056,$2933,$2905,$428,$10551,$16822,$308878,$208652,$44181,$29246,$73601,$282253,$1739,$10090,$581,$26625,$308878,$1035,$110,$529,$639,$-7453,$0,$0,$7990,$537,$2211,$-62,$-34,$-0,$0,$-1187,$-1187,$-279,$-1563,$-63,$0,$-63,$-270,$-270,$-345,$205,$-474,$247,$8,$-345
10,2016-03-31,25.98,$60.94,0.43,$28.06,0.93,$6.30,4.12,$3.61,7.2,$255.35B,$181.82B,1.4,$37.21B,$23.29B,1.6,$10.88B,$7.60B,69.86%,$10.88B,$3.38B,31.11%,$10.88B,0,0.00%,$10.88B,0,0.00%,$10.88B,$1.76B,16.17%,$10.88B,$1.42B,13.05%,$1.42B,$23.29B,5.73%,$1.42B,$22.92B,5.82%,$1.42B,$268.76B,0.50%,$3.38B,$60.50B,5.16%,$2241,$768,$1473,$0,$897,$1665,$576,$0,$576,$132,$443,$443,$436,$0,$0,$385,387,$1.13,$1.13,$56679,$0,$0,$255354,$2618,$1596,$375,$8810,$13407,$268761,$181819,$37210,$26341,$63648,$245467,$1545,$8504,$482,$23294,$268761,$443,$47,$240,$288,$-2663,$0,$0,$1636,$-1028,$-297,$-36,$-12,$-0,$0,$1081,$1081,$1432,$2465,$-1848,$0,$-1848,$-97,$-97,$0,$244,$-1701,$476,$2,$0
11,2015-12-31,26.24,$0.00,0.0,$30.31,0.87,$1.72,15.26,$3.98,6.59,$268.47B,$191.83B,1.4,$41.77B,$24.72B,1.69,$11.76B,$8.19B,69.65%,$11.76B,$3.73B,31.69%,$11.76B,0,0.00%,$11.76B,0,0.00%,$11.76B,$1.85B,15.75%,$11.76B,$1.54B,13.11%,$1.54B,$24.72B,6.11%,$1.54B,$24.32B,6.21%,$1.54B,$281.43B,0.54%,$3.73B,$66.49B,5.57%,$2741,$675,$2066,$0,$711,$1386,$1355,$0,$289,$51,$239,$312,$312,$0,$0,$388,388,$0.80,$0.80,$58930,$0,$0,$268469,$4907,$1667,$399,$8083,$15057,$281431,$191830,$41771,$23111,$64882,$256712,$1652,$8949,$0,$24719,$281431,$1477,$220,$0,$220,$0,$0,$0,$0,$-1768,$1876,$-194,$0,$-4,$0,$0,$-4194,$51,$-4341,$0,$0,$2890,$0,$0,$-262,$156,$2784,$376,$0,$0
12,2015-09-30,27.67,$0.00,0.0,$30.36,0.91,$6.32,4.38,$3.64,7.6,$245.47B,$201.37B,1.22,$42.20B,$25.73B,1.64,$11.76B,$7.44B,63.25%,$11.76B,$2.12B,18.02%,$11.76B,0,0.00%,$11.76B,0,0.00%,$11.76B,$1.94B,16.48%,$11.76B,$1.41B,11.98%,$1.41B,$25.73B,5.43%,$1.41B,$25.32B,5.52%,$1.41B,$292.17B,0.48%,$2.12B,$67.93B,3.09%,$2996,$902,$2094,$0,$1048,$1950,$1046,$0,$503,$128,$375,$366,$366,$0,$0,$388,388,$0.94,$0.95,$28741,$0,$0,$245470,$0,$36055,$411,$7433,$43900,$292173,$201368,$42198,$22875,$65073,$266441,$1739,$9106,$0,$25731,$292173,$1239,$168,$0,$168,$0,$0,$0,$0,$-1882,$1121,$-81,$0,$-568,$0,$0,$-2993,$1547,$-2095,$0,$0,$1398,$0,$0,$-275,$1671,$2793,$1869,$0,$0
13,2015-06-30,30.95,$0.00,0.0,$29.59,1.05,$8.11,3.81,$3.84,8.06,$237.93B,$195.30B,1.22,$41.80B,$25.38B,1.65,$11.46B,$6.77B,59.09%,$11.46B,$1.46B,12.76%,$11.46B,0,0.00%,$11.46B,0,0.00%,$11.46B,$2.01B,17.50%,$11.46B,$1.49B,12.99%,$1.49B,$25.38B,5.69%,$1.49B,$24.96B,5.79%,$1.49B,$285.60B,0.51%,$1.46B,$67.18B,2.12%,$2900,$934,$1966,$0,$1559,$2494,$407,$0,$391,$80,$312,$306,$306,$0,$0,$388,388,$0.79,$0.79,$26987,$0,$0,$237930,$0,$34252,$415,$10281,$44947,$285599,$195298,$41803,$23121,$64924,$260222,$1739,$8739,$0,$25377,$285599,$864,$109,$0,$109,$0,$0,$0,$0,$0,$96,$-42,$0,$0,$0,$0,$10741,$-10904,$-204,$0,$321,$-23972,$0,$0,$-271,$25054,$1131,$1032,$0,$0
14,2015-03-31,33.09,$0.00,0.0,$31.15,1.06,$16.99,1.95,$4.03,8.21,$239.14B,$195.69B,1.22,$41.07B,$25.14B,1.63,$12.05B,$7.00B,58.05%,$12.05B,$1.76B,14.59%,$12.05B,0,0.00%,$12.05B,0,0.00%,$12.05B,$2.12B,17.60%,$12.05B,$1.56B,12.97%,$1.56B,$25.14B,5.96%,$1.56B,$24.71B,6.07%,$1.56B,$284.18B,0.53%,$1.76B,$66.21B,2.55%,$3119,$1057,$2062,$0,$1144,$2201,$918,$0,$668,$116,$552,$557,$557,$0,$0,$388,388,$1.44,$1.44,$24702,$0,$0,$239142,$0,$32235,$427,$9638,$42300,$284181,$195685,$41069,$22289,$63358,$259043,$1739,$8434,$0,$25137,$284181,$552,$54,$0,$54,$0,$0,$0,$0,$-3148,$-2092,$-18,$0,$5,$0,$0,$373,$1121,$1481,$0,$0,$464,$0,$0,$0,$175,$639,$33,$0,$0
15,2014-12-31,30.71,$0.00,0.0,$31.34,0.98,$25.43,1.21,$3.53,8.7,$257.63B,$215.40B,1.2,$45.07B,$27.51B,1.64,$12.13B,$6.91B,56.96%,$12.13B,$1.67B,13.76%,$12.13B,0,0.00%,$12.13B,0,0.00%,$12.13B,$1.90B,15.69%,$12.13B,$1.37B,11.31%,$1.37B,$27.51B,5.32%,$1.37B,$27.02B,5.41%,$1.37B,$308.36B,0.47%,$1.67B,$72.58B,2.43%,$2742,$1429,$1314,$0,$1566,$2995,$-252,$0,$376,$134,$242,$179,$179,$0,$0,$386,386,$0.47,$0.46,$26182,$0,$0,$257632,$0,$36008,$489,$11144,$47641,$308356,$215397,$45065,$20380,$65446,$280843,$1932,$9067,$0,$27513,$308356,$1415,$261,$0,$261,$0,$0,$0,$0,$0,$3277,$169,$0,$64,$0,$0,$-212,$-1705,$-1684,$0,$0,$1130,$0,$0,$-193,$-1692,$-755,$850,$0,$0
16,2014-09-30,33.4,$0.00,0.0,$33.14,1.01,$1.01,32.94,$3.69,9.05,$249.79B,$203.88B,1.23,$42.81B,$26.58B,1.61,$12.82B,$9.03B,70.44%,$12.82B,$5.36B,41.80%,$12.82B,0,0.00%,$12.82B,0,0.00%,$12.82B,$4.97B,38.72%,$12.82B,$1.43B,11.15%,$1.43B,$26.58B,5.76%,$1.43B,$26.13B,5.87%,$1.43B,$295.64B,0.51%,$5.36B,$69.39B,8.15%,$2698,$1269,$1429,$0,$1039,$2309,$389,$0,$570,$119,$451,$447,$447,$0,$0,$386,388,$1.16,$1.15,$27238,$0,$0,$249788,$0,$34040,$445,$8423,$42909,$295638,$203883,$42813,$22362,$65175,$269058,$1893,$8387,$0,$26579,$295638,$1207,$179,$0,$179,$0,$0,$0,$0,$-605,$1813,$-75,$0,$-199,$0,$0,$1361,$243,$1330,$0,$0,$-746,$0,$0,$-189,$-917,$-1853,$1298,$0,$0
17,2014-06-30,32.06,$0.00,0.0,$34.33,0.93,$-7.37,0.0,$3.53,9.08,$243.21B,$202.40B,1.2,$41.52B,$25.64B,1.62,$13.28B,$9.46B,71.22%,$13.28B,$5.55B,41.82%,$13.28B,0,0.00%,$13.28B,0,0.00%,$13.28B,$4.91B,37.01%,$13.28B,$1.37B,10.30%,$1.37B,$25.64B,5.73%,$1.37B,$25.19B,5.83%,$1.37B,$290.13B,0.50%,$5.55B,$67.16B,8.79%,$3492,$1301,$2191,$0,$1488,$2789,$703,$0,$507,$120,$386,$380,$380,$0,$0,$386,386,$0.98,$0.98,$25516,$0,$0,$243205,$0,$34299,$449,$9256,$44004,$290125,$202402,$41521,$20561,$62082,$264484,$1874,$7859,$0,$25641,$290125,$749,$118,$0,$118,$0,$0,$0,$0,$1705,$3525,$-40,$0,$52,$0,$0,$442,$-821,$-367,$0,$0,$-1454,$0,$0,$-187,$-1330,$-2971,$173,$0,$0
18,2014-03-31,32.42,$0.00,0.0,$33.94,0.96,$-16.39,0.0,$2.93,11.06,$225.82B,$184.66B,1.22,$41.68B,$23.41B,1.78,$13.16B,$10.64B,80.86%,$13.16B,$8.23B,62.51%,$13.16B,0,0.00%,$13.16B,0,0.00%,$13.16B,$7.78B,59.14%,$13.16B,$1.14B,8.63%,$1.14B,$23.41B,4.92%,$1.14B,$22.96B,5.02%,$1.14B,$268.02B,0.43%,$8.23B,$65.09B,13.40%,$3193,$1220,$1973,$0,$1144,$2365,$828,$0,$449,$112,$336,$365,$365,$0,$0,$386,388,$0.94,$0.94,$23897,$0,$0,$225816,$0,$32323,$455,$6705,$39483,$268021,$184658,$41675,$18275,$59950,$244607,$1739,$6939,$0,$23413,$268021,$336,$55,$0,$55,$0,$0,$0,$0,$303,$1172,$-11,$0,$-240,$0,$0,$56,$-253,$-449,$0,$0,$2118,$0,$0,$0,$-1391,$727,$1458,$0,$0
19,2013-12-31,37.36,$0.00,0.0,$34.96,1.07,$-22.44,0.0,$2.98,12.54,$225.35B,$187.68B,1.2,$37.85B,$23.60B,1.6,$13.55B,$10.81B,79.77%,$13.55B,$8.32B,61.40%,$13.55B,0,0.00%,$13.55B,0,0.00%,$13.55B,$7.84B,57.87%,$13.55B,$1.15B,8.52%,$1.15B,$23.60B,5.01%,$1.15B,$23.19B,5.10%,$1.15B,$268.49B,0.43%,$8.32B,$61.45B,13.73%,$3439,$0,$3439,$0,$0,$0,$3439,$0,$3439,$0,$3439,$238,$238,$0,$0,$386,386,$0.62,$0.62,$23866,$0,$0,$225347,$0,$32909,$408,$7011,$40328,$268491,$187684,$37850,$19357,$57207,$244891,$1777,$6928,$0,$23601,$268491,$1163,$264,$0,$264,$0,$0,$0,$0,$-9913,$-5838,$-140,$0,$294,$0,$0,$2318,$1372,$3845,$0,$0,$777,$0,$0,$-213,$1007,$1571,$-385,$0,$0
20,2013-09-30,31.98,$0.00,0.0,$35.27,0.91,$11.13,2.87,$2.70,11.85,$219.48B,$182.81B,1.2,$36.26B,$22.82B,1.59,$13.68B,$9.41B,68.81%,$13.68B,$5.58B,40.79%,$13.68B,0,0.00%,$13.68B,0,0.00%,$13.68B,$4.61B,33.70%,$13.68B,$1.05B,7.66%,$1.05B,$22.82B,4.62%,$1.05B,$22.41B,4.71%,$1.05B,$267.26B,0.40%,$5.58B,$59.09B,9.35%,$3151,$1299,$1852,$0,$1271,$2569,$582,$0,$518,$134,$384,$384,$384,$0,$0,$386,386,$0.99,$0.99,$22553,$0,$0,$219476,$0,$32542,$417,$12083,$45042,$267263,$182812,$36261,$25367,$61627,$244439,$1739,$6544,$0,$22824,$267263,$904,$184,$0,$184,$0,$0,$0,$0,$-4229,$-1232,$-276,$0,$273,$0,$0,$3200,$-27,$3169,$0,$0,$-60,$0,$0,$-209,$-223,$-491,$1487,$0,$0
21,2013-06-30,27.06,$0.00,0.0,$36.22,0.75,$21.35,1.27,$2.65,10.21,$216.72B,$181.68B,1.19,$37.53B,$22.45B,1.67,$14.05B,$9.50B,67.63%,$14.05B,$5.27B,37.48%,$14.05B,0,0.00%,$14.05B,0,0.00%,$14.05B,$4.55B,32.36%,$14.05B,$1.03B,7.32%,$1.03B,$22.45B,4.59%,$1.03B,$22.03B,4.68%,$1.03B,$264.22B,0.40%,$5.27B,$59.98B,8.76%,$3377,$0,$3377,$0,$0,$0,$3377,$0,$3377,$0,$3377,$149,$149,$0,$0,$391,391,$0.38,$0.38,$22288,$0,$0,$216723,$0,$33330,$423,$10990,$44742,$264219,$181684,$37526,$22558,$60084,$241768,$1739,$6160,$0,$22451,$264219,$0,$0,$0,$0,$0,$0,$0,$0,$0,$0,$0,$0,$0,$0,$0,$0,$0,$0,$0,$0,$0,$0,$0,$0,$0,$0,$0,$0,$0
22,2013-03-31,30.17,$0.00,0.0,$36.75,0.82,$29.33,1.03,$3.50,8.62,$215.95B,$184.77B,1.17,$38.66B,$23.33B,1.66,$14.37B,$8.26B,57.52%,$14.37B,$2.58B,17.96%,$14.37B,0,0.00%,$14.37B,0,0.00%,$14.37B,$1.80B,12.56%,$14.37B,$1.38B,9.58%,$1.38B,$23.33B,6.25%,$1.38B,$22.88B,6.38%,$1.38B,$266.60B,0.54%,$2.58B,$61.99B,4.31%,$3585,$1443,$2142,$0,$1220,$2663,$923,$0,$509,$125,$384,$383,$383,$0,$0,$386,388,$0.99,$0.99,$20100,$0,$0,$215953,$0,$35576,$452,$11753,$47780,$266603,$184774,$38659,$19842,$58502,$243276,$1797,$6234,$0,$23328,$266603,$384,$61,$0,$61,$0,$0,$0,$0,$-2315,$-1163,$-23,$0,$-5897,$0,$0,$5180,$-163,$-904,$0,$0,$1150,$0,$0,$0,$912,$2062,$14,$0,$0
23,2012-12-31,32.79,$0.00,0.0,$40.08,0.82,$38.64,0.85,$3.90,8.41,$198.72B,$176.74B,1.12,$35.69B,$21.99B,1.62,$15.65B,$9.39B,59.97%,$15.65B,$3.44B,21.99%,$15.65B,0,0.00%,$15.65B,0,0.00%,$15.65B,$2.01B,12.86%,$15.65B,$1.53B,9.77%,$1.53B,$21.99B,7.15%,$1.53B,$21.54B,7.31%,$1.53B,$250.99B,0.60%,$3.44B,$57.68B,5.81%,$3563,$1523,$2040,$0,$1552,$2867,$696,$0,$205,$64,$142,$131,$131,$0,$0,$386,386,$0.34,$0.34,$9406,$0,$0,$198723,$0,$33807,$445,$15248,$49500,$250986,$176743,$35690,$16566,$52256,$228999,$1719,$5676,$0,$21987,$250986,$1524,$292,$0,$292,$0,$0,$0,$0,$2437,$7109,$-120,$0,$36,$0,$0,$-1330,$-817,$-2230,$0,$0,$-3199,$0,$0,$-248,$201,$-3245,$1622,$0,$0
24,2012-09-30,31.88,$0.00,0.0,$39.17,0.81,$11.90,2.68,$3.98,8.01,$204.65B,$179.03B,1.14,$38.84B,$21.90B,1.77,$15.82B,$9.46B,59.81%,$15.82B,$3.16B,19.96%,$15.82B,0,0.00%,$15.82B,0,0.00%,$15.82B,$2.14B,13.55%,$15.82B,$1.59B,10.05%,$1.59B,$21.90B,7.51%,$1.59B,$21.42B,7.68%,$1.59B,$259.18B,0.63%,$3.16B,$60.74B,5.26%,$3522,$1581,$1941,$0,$1599,$3253,$269,$0,$455,$91,$364,$365,$365,$0,$0,$387,387,$0.94,$0.94,$11248,$0,$0,$204653,$0,$33506,$478,$17766,$51750,$259183,$179028,$38836,$19417,$58254,$237282,$1719,$5549,$0,$21901,$259183,$1393,$210,$0,$210,$0,$0,$0,$0,$-1270,$2521,$-77,$0,$0,$0,$0,$-884,$285,$-676,$0,$0,$-307,$0,$0,$-248,$70,$-485,$1371,$0,$0
25,2012-06-30,29.53,$0.00,0.0,$40.67,0.73,$-6.30,0.0,$4.44,6.65,$198.37B,$175.05B,1.13,$38.02B,$20.87B,1.82,$16.37B,$9.93B,60.68%,$16.37B,$3.88B,23.67%,$16.37B,0,0.00%,$16.37B,0,0.00%,$16.37B,$2.42B,14.77%,$16.37B,$1.76B,10.78%,$1.76B,$20.87B,8.34%,$1.76B,$20.40B,8.51%,$1.76B,$251.63B,0.69%,$3.88B,$58.89B,6.40%,$3698,$1557,$2141,$0,$1381,$3005,$692,$0,$635,$157,$478,$497,$497,$0,$0,$403,403,$1.23,$1.23,$9061,$0,$0,$198374,$0,$32263,$473,$17743,$50479,$251632,$175049,$38020,$17688,$55708,$230757,$1681,$5068,$0,$20874,$251632,$1006,$134,$0,$134,$0,$0,$0,$0,$877,$3262,$-47,$0,$0,$0,$0,$-574,$42,$-579,$0,$0,$-2000,$0,$0,$-242,$1246,$-996,$1703,$0,$0
26,2012-03-31,33.15,$0.00,0.0,$42.82,0.77,$-23.25,0.0,$5.35,6.2,$201.22B,$192.74B,1.04,$38.95B,$20.84B,1.87,$16.65B,$10.22B,61.36%,$16.65B,$4.18B,25.11%,$16.65B,0,0.00%,$16.65B,0,0.00%,$16.65B,$2.78B,16.70%,$16.65B,$2.02B,12.12%,$2.02B,$20.84B,9.70%,$2.02B,$20.34B,9.89%,$2.02B,$253.51B,0.79%,$4.18B,$59.79B,6.91%,$4871,$1605,$3266,$0,$1413,$3085,$1786,$0,$718,$177,$540,$537,$537,$0,$0,$386,387,$1.39,$1.39,$11645,$0,$0,$201216,$0,$32943,$497,$16043,$49483,$253513,$192737,$38945,$991,$39936,$232673,$1719,$4697,$0,$20841,$253513,$540,$67,$0,$67,$0,$0,$0,$0,$1267,$2444,$-22,$0,$36,$0,$0,$-530,$163,$-353,$0,$0,$-25,$0,$0,$0,$-168,$-192,$1903,$0,$0
27,2011-12-31,28.31,$0.00,0.0,$40.68,0.7,$-36.44,0.0,$5.90,4.8,$201.37B,$176.88B,1.14,$39.94B,$21.02B,1.9,$15.42B,$9.18B,59.55%,$15.42B,$3.28B,21.30%,$15.42B,0,0.00%,$15.42B,0,0.00%,$15.42B,$2.97B,19.25%,$15.42B,$2.16B,13.99%,$2.16B,$21.02B,10.63%,$2.16B,$20.60B,10.83%,$2.16B,$252.62B,0.86%,$3.28B,$60.96B,5.49%,$3733,$1617,$2116,$0,$1614,$3321,$412,$0,$336,$133,$202,$191,$191,$0,$0,$445,449,$0.43,$0.42,$8352,$0,$0,$201370,$0,$33102,$426,$14820,$48348,$252617,$176880,$39943,$14772,$54716,$231596,$1758,$4507,$0,$21021,$252617,$2210,$312,$0,$312,$0,$0,$0,$0,$-8091,$-3647,$-238,$0,$0,$0,$0,$721,$143,$627,$0,$0,$3196,$0,$2076,$-80,$-847,$4345,$1355,$0,$0
28,2011-09-30,29.14,$0.00,0.0,$46.48,0.63,$-32.16,0.0,$6.29,4.63,$203.91B,$178.70B,1.14,$40.74B,$21.89B,1.86,$16.52B,$11.90B,72.05%,$16.52B,$7.71B,46.68%,$16.52B,0,0.00%,$16.52B,0,0.00%,$16.52B,$7.47B,45.23%,$16.52B,$2.24B,13.58%,$2.24B,$21.89B,11.79%,$2.24B,$21.55B,11.95%,$2.24B,$260.29B,0.92%,$7.71B,$62.63B,13.33%,$4066,$1657,$2409,$0,$1342,$3081,$985,$0,$728,$179,$549,$539,$539,$0,$0,$384,384,$1.40,$1.40,$8629,$0,$0,$203910,$0,$34665,$349,$18449,$53464,$260291,$178703,$40735,$18959,$59694,$238397,$1797,$4402,$0,$21894,$260291,$2047,$225,$0,$225,$0,$0,$0,$0,$-7655,$-4402,$-159,$0,$0,$0,$0,$68,$814,$724,$0,$0,$3104,$0,$2122,$-73,$-1320,$3833,$1112,$0,$0
29,2011-06-30,42.52,$0.00,0.0,$51.36,0.83,$-20.28,0.0,$5.10,8.34,$198.16B,$174.02B,1.14,$39.36B,$19.50B,2.02,$17.76B,$14.80B,83.32%,$17.76B,$12.03B,67.74%,$17.76B,0,0.00%,$17.76B,0,0.00%,$17.76B,$12.05B,67.83%,$17.76B,$1.78B,10.00%,$1.78B,$19.50B,13.10%,$1.78B,$19.14B,13.28%,$1.78B,$250.04B,0.99%,$12.03B,$58.85B,28.50%,$3984,$1556,$2428,$0,$1356,$2985,$999,$0,$999,$234,$764,$752,$752,$0,$0,$351,352,$2.14,$2.14,$8227,$0,$0,$198155,$0,$32927,$352,$15721,$48999,$250041,$174019,$39358,$17168,$56526,$230545,$1777,$3822,$0,$19496,$250041,$1482,$141,$0,$141,$0,$0,$0,$0,$-52520,$-3056,$-101,$0,$0,$0,$0,$1250,$703,$1853,$0,$0,$-775,$0,$440,$-38,$2800,$2427,$1184,$0,$0
30,2011-03-31,46.41,$0.00,0.0,$56.09,0.83,$-11.11,0.0,$2.14,21.69,$184.79B,$162.61B,1.14,$38.15B,$18.69B,2.04,$19.28B,$17.86B,92.65%,$19.28B,$16.52B,85.67%,$19.28B,0,0.00%,$19.28B,0,0.00%,$19.28B,$10.76B,55.79%,$19.28B,$0.74B,3.85%,$0.74B,$18.69B,5.93%,$0.74B,$18.32B,5.97%,$0.74B,$237.09B,0.62%,$16.52B,$56.84B,52.41%,$3632,$1405,$2226,$0,$1274,$2744,$888,$0,$905,$211,$694,$674,$674,$0,$0,$348,348,$1.94,$1.94,$5697,$0,$0,$184787,$0,$33477,$363,$15638,$49479,$237091,$162612,$38153,$17640,$55792,$218404,$1719,$2970,$0,$18687,$237091,$694,$65,$0,$65,$0,$0,$0,$0,$-3470,$-2350,$-61,$0,$0,$0,$0,$-332,$516,$124,$0,$0,$2067,$0,$426,$0,$-227,$2266,$11,$0,$0
31,2010-12-31,47.05,$0.00,0.0,$64.59,0.73,$-3.95,0.0,$1.70,27.68,$177.12B,$160.66B,1.1,$37.08B,$16.04B,2.31,$22.15B,$22.13B,99.90%,$22.15B,$22.11B,99.84%,$22.15B,0,0.00%,$22.15B,0,0.00%,$22.15B,$10.35B,46.74%,$22.15B,$0.58B,2.64%,$0.58B,$16.04B,4.90%,$0.58B,$16.04B,4.90%,$0.58B,$227.95B,0.89%,$22.11B,$53.12B,102.71%,$4841,$0,$4841,$0,$0,$0,$4841,$0,$4841,$0,$4841,$278,$278,$0,$0,$343,343,$0.81,$0.81,$6124,$0,$0,$177118,$0,$37868,$0,$10167,$48035,$227947,$160660,$37075,$14169,$51244,$211904,$1681,$1037,$0,$16043,$227947,$87,$412,$0,$412,$0,$0,$0,$0,$-5333,$-1406,$-94,$0,$0,$0,$0,$-293,$1296,$909,$0,$8483,$-8210,$0,$0,$-69,$155,$360,$16,$0,$0
32,2010-09-30,38.08,$0.00,0.0,$65.17,0.58,$-1.32,0.0,$0.91,41.85,$0.00B,$0.00B,0.0,$0.00B,$0.00B,0.0,$22.09B,$15.50B,70.18%,$22.09B,$-1.13B,-5.12%,$22.09B,0,0.00%,$22.09B,0,0.00%,$22.09B,$5.55B,25.13%,$22.09B,$0.32B,1.46%,$0.32B,$0.00B,2.81%,$0.32B,$0.00B,2.81%,$0.32B,$0.00B,0.54%,$-1.13B,$0.00B,-5.01%,$5300,$0,$5300,$0,$0,$0,$5300,$0,$5300,$0,$5300,$72,$72,$0,$0,$342,342,$0.21,$0.21,$0,$0,$0,$0,$0,$0,$0,$0,$0,$0,$0,$0,$0,$0,$0,$0,$0,$0,$0,$0,$0,$0,$0,$0,$0,$0,$0,$0,$0,$0,$0,$0,$0,$0,$0,$0,$0,$0,$0,$0,$0,$0,$0,$0,$0,$0,$0,$0,$0
33,2010-06-30,33.66,$0.00,0.0,$66.94,0.5,$-1.20,0.0,$1.15,29.27,$0.87B,$0.00B,0.0,$0.69B,$15.42B,0.05,$22.38B,$15.78B,70.52%,$22.38B,$-0.85B,-3.81%,$22.38B,0,0.00%,$22.38B,0,0.00%,$22.38B,$0.39B,1.75%,$22.38B,$0.40B,1.77%,$0.40B,$15.42B,2.64%,$0.40B,$15.42B,2.64%,$0.40B,$16.20B,0.62%,$-0.85B,$16.10B,-3.25%,$5507,$11,$5496,$0,$7,$18,$5489,$0,$-289,$-1,$-288,$-281,$-281,$0,$0,$343,343,$-0.82,$-0.82,$735,$0,$0,$871,$0,$15211,$0,$114,$15326,$16198,$0,$687,$95,$782,$782,$1661,$1151,$0,$15416,$16198,$204,$1,$0,$1,$0,$0,$0,$0,$78,$67,$-0,$0,$0,$0,$0,$9,$-0,$8,$0,$0,$0,$0,$0,$-68,$0,$-68,$8,$0,$0
34,2010-03-31,42.6,$0.00,0.0,$68.00,0.63,$-1.23,0.0,$2.25,18.93,$0.97B,$0.00B,0.0,$0.70B,$16.19B,0.04,$22.16B,$15.56B,70.22%,$22.16B,$-1.07B,-4.85%,$22.16B,0,0.00%,$22.16B,0,0.00%,$22.16B,$0.77B,3.46%,$22.16B,$0.77B,3.45%,$0.77B,$16.19B,5.36%,$0.77B,$16.19B,5.36%,$0.77B,$17.04B,1.21%,$-1.07B,$16.90B,-4.20%,$6500,$12,$6489,$0,$7,$18,$6482,$0,$499,$-5,$504,$515,$515,$0,$0,$343,343,$1.50,$1.50,$821,$0,$0,$970,$0,$15976,$0,$91,$16067,$17038,$0,$703,$142,$845,$845,$1700,$1472,$0,$16193,$17038,$504,$0,$0,$0,$0,$0,$0,$0,$81,$77,$-0,$0,$0,$0,$0,$0,$0,$0,$0,$0,$0,$0,$0,$0,$0,$0,$77,$0,$0
35,2009-12-31,45.17,$0.00,0.0,$77.41,0.58,$-1.27,0.0,$1.31,34.48,$162.08B,$136.23B,1.19,$43.05B,$14.31B,3.01,$24.66B,$18.06B,73.25%,$24.66B,$1.43B,5.79%,$24.66B,0,0.00%,$24.66B,0,0.00%,$24.66B,$0.44B,1.77%,$24.66B,$0.43B,1.74%,$0.43B,$14.31B,3.29%,$0.43B,$14.31B,3.29%,$0.43B,$207.11B,0.69%,$1.43B,$57.36B,5.87%,$4779,$6565,$-1786,$0,$16616,$23182,$-18402,$0,$40,$20,$21,$16,$16,$0,$0,$325,325,$0.02,$0.02,$7718,$0,$0,$162082,$0,$33603,$0,$8785,$42388,$207113,$136228,$43050,$13528,$56578,$192805,$1526,$930,$0,$14308,$207113,$417,$313,$0,$313,$0,$0,$0,$0,$-3447,$-432,$-134,$0,$0,$0,$0,$-20,$-1160,$-1314,$0,$-6307,$0,$0,$197,$-2,$8046,$1933,$187,$0,$0
36,2009-09-30,45.59,$0.00,0.0,$62.72,0.73,$0.47,97.8,$1.29,35.34,$0.84B,$0.00B,0.0,$0.65B,$14.12B,0.05,$19.88B,$19.85B,99.84%,$19.88B,$19.83B,99.74%,$19.88B,0,0.00%,$19.88B,0,0.00%,$19.88B,$0.40B,1.99%,$19.88B,$0.41B,2.08%,$0.41B,$14.12B,2.99%,$0.41B,$14.12B,2.99%,$0.41B,$14.78B,0.55%,$19.83B,$14.77B,66.62%,$5595,$12,$5583,$0,$5,$17,$5578,$0,$141,$0,$141,$146,$146,$0,$0,$324,324,$0.45,$0.45,$702,$0,$0,$839,$0,$13917,$0,$22,$13940,$14781,$0,$647,$12,$658,$658,$1565,$939,$0,$14122,$14781,$423,$1,$0,$1,$0,$0,$0,$0,$81,$39,$-0,$0,$0,$0,$0,$-282,$-5,$-288,$0,$54,$0,$0,$895,$0,$0,$950,$701,$0,$0
37,2009-06-30,29.5,$0.00,0.0,$76.67,0.38,$0.35,84.9,$2.35,12.55,$0.14B,$0.00B,0.0,$0.80B,$12.51B,0.06,$23.35B,$23.33B,99.91%,$23.35B,$23.31B,99.85%,$23.35B,0,0.00%,$23.35B,0,0.00%,$23.35B,$9.32B,39.90%,$23.35B,$0.70B,3.02%,$0.70B,$12.51B,6.85%,$0.70B,$12.51B,6.85%,$0.70B,$13.32B,0.98%,$23.31B,$13.31B,89.41%,$5287,$11,$5276,$0,$8,$19,$5268,$0,$86,$-0,$86,$88,$88,$0,$0,$309,309,$0.28,$0.28,$7,$0,$0,$139,$0,$13162,$0,$19,$13181,$13322,$0,$802,$11,$813,$813,$1390,$766,$0,$12509,$13322,$272,$1,$0,$1,$0,$0,$0,$0,$79,$50,$-0,$0,$0,$0,$0,$-270,$-6,$-276,$0,$0,$232,$0,$0,$0,$0,$232,$6,$0,$0
38,2009-03-31,21.48,$0.00,0.0,$59.56,0.36,$0.19,115.41,$2.07,10.38,$0.09B,$0.00B,0.0,$0.62B,$11.29B,0.06,$18.06B,$18.05B,99.95%,$18.06B,$18.05B,99.91%,$18.06B,0,0.00%,$18.06B,0,0.00%,$18.06B,$9.23B,51.11%,$18.06B,$0.62B,3.41%,$0.62B,$11.29B,5.49%,$0.62B,$11.29B,5.49%,$0.62B,$11.93B,0.47%,$18.05B,$11.92B,44.75%,$9000,$10,$8991,$0,$6,$16,$8984,$0,$169,$0,$169,$179,$179,$0,$0,$317,317,$0.56,$0.56,$18,$0,$0,$89,$0,$11818,$0,$17,$11834,$11925,$0,$623,$9,$632,$632,$1265,$619,$0,$11293,$11925,$169,$0,$0,$0,$0,$0,$0,$0,$71,$59,$-0,$0,$0,$0,$0,$-142,$-4,$-147,$0,$104,$0,$0,$0,$0,$0,$104,$17,$0,$0
39,2008-12-31,23.2,$0.00,0.0,$55.98,0.41,0,0.0,$3.39,6.84,$206.42B,$158.87B,1.3,$61.76B,$17.31B,3.57,$17.40B,$17.40B,100.00%,$17.40B,$17.40B,100.00%,$17.40B,0,0.00%,$17.40B,0,0.00%,$17.40B,$17.40B,100.00%,$17.40B,$1.07B,6.14%,$1.07B,$17.31B,12.73%,$1.07B,$17.31B,12.73%,$1.07B,$262.09B,0.84%,$17.40B,$79.07B,46.59%,$0,$0,$0,$0,$0,$0,$0,$0,$0,$0,$0,$0,$0,$0,$0,$0,0,$0.00,$0.00,$7728,$0,$0,$206423,$0,$34929,$0,$17248,$52177,$262093,$158868,$61760,$24152,$85911,$244779,$2182,$8418,$0,$17314,$262093,$1511,$458,$0,$458,$0,$0,$0,$0,$-29199,$-26255,$-433,$0,$0,$0,$0,$-451,$-783,$-1667,$0,$10941,$0,$0,$-2912,$-824,$21105,$28309,$386,$0,$0
40,2008-09-30,40.47,$0.00,0.0,$55.98,0.72,0,0.0,$3.39,11.94,$0.00B,$0.00B,0.0,$0.00B,$0.00B,0.0,$17.40B,$17.40B,100.00%,$17.40B,$17.40B,100.00%,$17.40B,0,0.00%,$17.40B,0,0.00%,$17.40B,$17.40B,100.00%,$17.40B,$1.07B,6.14%,$1.07B,$0.00B,12.43%,$1.07B,$0.00B,12.66%,$1.07B,$0.00B,0.89%,$17.40B,$0.00B,48.91%,$9062,$0,$9062,$0,$0,$0,$9062,$0,$9062,$0,$9062,$437,$437,$0,$0,$290,290,$1.51,$1.51,$0,$0,$0,$0,$0,$0,$0,$0,$0,$0,$0,$0,$0,$0,$0,$0,$0,$0,$0,$0,$0,$0,$0,$0,$0,$0,$0,$0,$0,$0,$0,$0,$0,$0,$0,$0,$0,$0,$0,$0,$0,$0,$0,$0,$0,$0,$0,$0,$0
41,2008-06-30,51.82,$0.00,0.0,$36.84,1.41,$-8.02,0.0,$5.40,9.6,$196.31B,$158.17B,1.24,$54.06B,$16.27B,3.32,$12.40B,$10.78B,86.95%,$12.40B,$9.43B,76.06%,$12.40B,0,0.00%,$12.40B,0,0.00%,$12.40B,$10.12B,81.62%,$12.40B,$1.81B,14.63%,$1.81B,$16.27B,14.48%,$1.81B,$16.27B,14.66%,$1.81B,$247.82B,1.04%,$9.43B,$70.33B,18.46%,$0,$0,$0,$0,$0,$0,$0,$0,$0,$0,$0,$0,$0,$0,$0,$0,0,$0.00,$0.00,$6943,$0,$0,$196308,$0,$37230,$0,$12055,$49286,$247820,$158166,$54058,$19241,$73384,$231550,$1665,$8135,$0,$16271,$247820,$0,$0,$0,$0,$0,$0,$0,$0,$0,$0,$0,$0,$0,$0,$0,$0,$0,$0,$0,$0,$0,$0,$0,$0,$0,$0,$0,$0,$0
42,2008-03-31,49.64,$0.00,0.0,$36.84,1.35,$-8.02,0.0,$5.40,9.19,$0.00B,$0.00B,0.0,$0.00B,$0.00B,0.0,$12.40B,$10.78B,86.95%,$12.40B,$9.43B,76.06%,$12.40B,0,0.00%,$12.40B,0,0.00%,$12.40B,$10.12B,81.62%,$12.40B,$1.81B,14.63%,$1.81B,$0.00B,14.59%,$1.81B,$0.00B,14.97%,$1.81B,$0.00B,1.10%,$9.43B,$0.00B,19.58%,$8338,$0,$8338,$0,$0,$0,$8338,$0,$8338,$0,$8338,$632,$632,$0,$0,$336,336,$1.88,$1.88,$0,$0,$0,$0,$0,$0,$0,$0,$0,$0,$0,$0,$0,$0,$0,$0,$0,$0,$0,$0,$0,$0,$0,$0,$0,$0,$0,$0,$0,$0,$0,$0,$0,$0,$0,$0,$0,$0,$0,$0,$0,$0,$0,$0,$0,$0,$0,$0,$0
43,2007-12-31,64.94,$0.00,0.0,$27.47,2.36,$0.44,147.32,$5.91,10.99,$192.44B,$155.54B,1.24,$53.86B,$18.13B,2.97,$9.24B,$6.43B,69.53%,$9.24B,$2.24B,24.24%,$9.24B,0,0.00%,$9.24B,0,0.00%,$9.24B,$2.93B,31.72%,$9.24B,$1.99B,21.48%,$1.99B,$18.13B,12.59%,$1.99B,$17.51B,12.84%,$1.99B,$232.62B,0.93%,$2.24B,$71.99B,3.71%,$0,$0,$0,$0,$0,$0,$0,$0,$0,$0,$0,$0,$0,$0,$0,$0,0,$0.00,$0.00,$7305,$0,$0,$192439,$0,$26378,$618,$11409,$38405,$232617,$155537,$53856,$5073,$58951,$214487,$1797,$10701,$0,$18129,$232617,$4013,$739,$0,$739,$0,$0,$0,$0,$-1924,$1929,$-404,$0,$0,$0,$0,$-21996,$-543,$-22944,$0,$-3338,$14432,$0,$-4,$-1312,$10166,$19944,$-1073,$0,$0
