,Date,Stock Price,Book Value per Share,Price to Book Ratio,TTM Sales per Share,Price to Sales Ratio,TTM FCF per Share,Price to FCF Ratio,TTM Net EPS,PE Ratio,Current Assets,Current Liabilities,Current Ratio,Long Term Debt,Shareholder's Equity_x,Debt to Equity Ratio,TTM Revenue_x,TTM Gross Profit,Gross Margin,TTM Revenue_y,TTM Operating Income,Operating Margin,TTM Revenue_x,TTM EBIT,EBIT Margin,TTM Revenue_y,TTM EBITDA,EBITDA Margin,TTM Revenue_x,TTM Pre-Tax Income,Pre-Tax Margin,TTM Revenue_y,TTM Net Income_x,Net Margin,TTM Net Income_y,Shareholder's Equity_y,Return on Equity,TTM Net Income_x,Tangible Equity,Return on Tangible Equity,TTM Net Income_y,Total Assets,Return on Assets,TTM Net Income,LT Investments & Debt,Return on Investment,revenue,cost-goods-sold,gross-profit,research-development-expenses,selling-general-administrative-expenses,operating-expenses,operating-income,total-non-operating-income-expense,pre-tax-income,total-provision-income-taxes,income-after-taxes,income-from-continuous-operations,net-income,ebitda,ebit,basic-shares-outstanding,shares-outstanding,eps-basic-net-earnings-per-share,eps-earnings-per-share-diluted,cash-on-hand,inventory,other-current-assets,total-current-assets,net-property-plant-equipment,long-term-investments,goodwill-intangible-assets-total,other-long-term-assets,total-long-term-assets,total-assets,total-current-liabilities,long-term-debt,other-non-current-liabilities,total-long-term-liabilities,total-liabilities,common-stock-net,retained-earnings-accumulated-deficit,comprehensive-income,total-share-holder-equity,total-liabilities-share-holders-equity,net-income-loss,total-depreciation-amortization-cash-flow,other-non-cash-items,total-non-cash-items,change-in-accounts-receivable,change-in-inventories,change-in-accounts-payable,change-in-assets-liabilities,total-change-in-assets-liabilities,cash-flow-from-operating-activities,net-change-in-property-plant-equipment,net-change-in-intangible-assets,net-acquisitions-divestitures,net-change-in-short-term-investments,net-change-in-long-term-investments,net-change-in-investments-total,investing-activities-other,cash-flow-from-investing-activities,net-long-term-debt,net-current-debt,debt-issuance-retirement-net-total,net-common-equity-issued-repurchased,net-total-equity-issued-repurchased,total-common-preferred-stock-dividends-paid,financial-activities-other,cash-flow-from-financial-activities,net-cash-flow,stock-based-compensation,common-stock-dividends-paid
0,2018-08-31,24.85,$22.81,1.09,$47.28,0.53,$2.73,9.09,$1.46,17.02,$4.32B,$2.96B,1.46,$0.00B,$2.02B,0.0,$4.60B,$0.81B,17.65%,$4.60B,$0.37B,8.00%,$4.60B,$0.37B,8.00%,$4.60B,$0.38B,8.19%,$4.60B,$0.38B,8.17%,$4.60B,$0.16B,3.43%,$0.16B,$2.02B,8.20%,$0.16B,$2.02B,8.20%,$0.16B,$4.98B,3.15%,$0.37B,$2.02B,19.09%,$1225,$1002,$224,$0,$115,$1116,$109,$6,$115,$27,$87,$87,$87,$111,$109,$88,101,$0.99,$0.87,$354,$3689,$0,$4323,$0,$62,$0,$120,$652,$4975,$2958,$0,$1,$1,$2959,$119,$1803,$-17,$2016,$4975,$74,$7,$196,$203,$-36,$-370,$0,$-5,$-326,$-50,$-4,$0,$0,$0,$-6,$-6,$0,$-10,$-310,$0,$-310,$17,$17,$-7,$-7,$-307,$-366,$12,$-7
1,2018-05-31,26.31,$21.83,1.21,$46.73,0.56,$4.24,6.2,$1.10,23.92,$4.41B,$3.18B,1.39,$0.00B,$1.92B,0.0,$4.52B,$0.78B,17.19%,$4.52B,$0.34B,7.50%,$4.52B,$0.34B,7.50%,$4.52B,$0.35B,7.70%,$4.52B,$0.34B,7.52%,$4.52B,$0.12B,2.68%,$0.12B,$1.92B,6.42%,$0.12B,$1.92B,6.42%,$0.12B,$5.10B,2.40%,$0.34B,$1.92B,18.00%,$1101,$911,$190,$0,$113,$1024,$77,$1,$78,$21,$57,$57,$57,$79,$77,$88,101,$0.65,$0.57,$670,$3464,$0,$4409,$0,$69,$0,$120,$685,$5095,$3179,$0,$1,$1,$3180,$118,$1717,$-17,$1915,$5095,$-14,$4,$163,$167,$-31,$-153,$0,$-7,$-172,$-19,$-3,$0,$0,$0,$-11,$-11,$0,$-14,$-10,$0,$-10,$5,$5,$-5,$-7,$-17,$-50,$9,$-5
2,2018-02-28,27.7,$21.17,1.31,$46.10,0.6,$3.76,7.36,$0.86,32.2,$4.25B,$3.10B,1.37,$0.00B,$1.85B,0.0,$4.42B,$0.74B,16.80%,$4.42B,$0.31B,7.10%,$4.42B,$0.31B,7.10%,$4.42B,$0.32B,7.33%,$4.42B,$0.31B,7.10%,$4.42B,$0.10B,2.17%,$0.10B,$1.85B,5.19%,$0.10B,$1.85B,5.19%,$0.10B,$4.96B,1.91%,$0.31B,$1.85B,16.99%,$872,$729,$142,$0,$96,$825,$46,$-0,$46,$117,$-71,$-71,$-71,$49,$46,$87,87,$-0.82,$-0.82,$560,$3442,$0,$4252,$0,$68,$0,$120,$705,$4957,$3103,$0,$1,$1,$3104,$118,$1662,$-17,$1853,$4957,$-71,$2,$128,$130,$-6,$-135,$0,$-5,$-200,$-142,$-2,$0,$0,$0,$-7,$-7,$0,$-9,$-3,$0,$-3,$3,$3,$-2,$-7,$-10,$-160,$4,$-2
3,2017-11-30,31.27,$22.13,1.41,$44.60,0.7,$4.60,6.8,$1.83,17.09,$4.23B,$3.11B,1.36,$0.00B,$1.93B,0.0,$4.37B,$0.72B,16.53%,$4.37B,$0.30B,6.78%,$4.37B,$0.30B,6.78%,$4.37B,$0.31B,6.98%,$4.37B,$0.29B,6.61%,$4.37B,$0.18B,4.14%,$0.18B,$1.93B,9.95%,$0.18B,$1.93B,9.95%,$0.18B,$5.04B,3.62%,$0.30B,$1.93B,16.27%,$1403,$1147,$256,$0,$120,$1267,$136,$1,$137,$53,$84,$84,$85,$138,$136,$86,98,$0.97,$0.86,$721,$3263,$0,$4228,$0,$65,$0,$115,$813,$5042,$3114,$0,$1,$1,$3115,$118,$1736,$-17,$1926,$5042,$181,$9,$147,$156,$-13,$126,$0,$-4,$176,$513,$-8,$0,$0,$0,$-8,$-8,$0,$-16,$-377,$0,$-377,$16,$16,$-9,$-1,$-370,$128,$15,$-9
4,2017-08-31,21.32,$21.28,1.0,$42.71,0.5,$1.37,15.53,$1.39,15.34,$4.24B,$3.26B,1.3,$0.00B,$1.84B,0.0,$4.16B,$0.64B,15.27%,$4.16B,$0.22B,5.27%,$4.16B,$0.22B,5.27%,$4.16B,$0.23B,5.51%,$4.16B,$0.21B,4.98%,$4.16B,$0.13B,3.22%,$0.13B,$1.84B,7.58%,$0.13B,$1.84B,7.58%,$0.13B,$5.10B,2.66%,$0.22B,$1.84B,9.02%,$1144,$955,$189,$0,$109,$1064,$80,$-1,$79,$29,$50,$50,$50,$82,$80,$86,99,$0.58,$0.51,$494,$3514,$0,$4237,$0,$65,$0,$115,$863,$5100,$3257,$0,$2,$2,$3259,$117,$1654,$-16,$1841,$5100,$96,$7,$89,$96,$2,$-96,$0,$-5,$-89,$103,$-7,$0,$0,$0,$-7,$-7,$0,$-14,$-198,$0,$-198,$21,$21,$-6,$-4,$-188,$-98,$10,$-6
5,2017-05-31,20.88,$20.72,1.01,$40.74,0.51,$-0.71,0.0,$1.30,16.06,$4.07B,$3.19B,1.28,$0.00B,$1.77B,0.0,$3.93B,$0.60B,15.25%,$3.93B,$0.19B,4.94%,$3.93B,$0.19B,4.94%,$3.93B,$0.20B,5.19%,$3.93B,$0.18B,4.61%,$3.93B,$0.12B,3.13%,$0.12B,$1.77B,7.12%,$0.12B,$1.77B,7.12%,$0.12B,$4.96B,2.45%,$0.19B,$1.77B,8.12%,$1003,$847,$156,$0,$104,$951,$52,$-0,$52,$20,$32,$32,$32,$55,$52,$85,98,$0.37,$0.33,$349,$3488,$0,$4072,$0,$64,$0,$111,$887,$4959,$3185,$0,$1,$1,$3186,$117,$1605,$-16,$1772,$4959,$46,$5,$49,$54,$-3,$-101,$0,$-6,$-164,$-65,$-4,$0,$0,$0,$-4,$-4,$0,$-8,$-167,$0,$-167,$3,$3,$-4,$-3,$-171,$-244,$7,$-4
6,2017-02-28,17.64,$20.36,0.87,$39.04,0.45,$-1.81,0.0,$1.14,15.48,$4.01B,$3.19B,1.26,$0.00B,$1.74B,0.0,$3.74B,$0.57B,15.13%,$3.74B,$0.17B,4.58%,$3.74B,$0.17B,4.58%,$3.74B,$0.18B,4.82%,$3.74B,$0.15B,4.12%,$3.74B,$0.11B,2.86%,$0.11B,$1.74B,6.32%,$0.11B,$1.74B,6.32%,$0.11B,$4.92B,2.14%,$0.17B,$1.74B,7.26%,$819,$698,$121,$0,$93,$791,$28,$-6,$21,$7,$14,$14,$14,$30,$28,$85,96,$0.17,$0.15,$352,$3423,$0,$4014,$0,$65,$0,$112,$909,$4923,$3185,$0,$1,$1,$3186,$116,$1576,$-16,$1736,$4923,$14,$2,$19,$22,$-7,$-37,$0,$-5,$-113,$-77,$-1,$0,$0,$0,$-8,$-8,$0,$-9,$-151,$0,$-151,$1,$1,$-2,$-3,$-155,$-241,$3,$-2
7,2016-11-30,15.72,$20.25,0.78,$37.36,0.42,$-2.45,0.0,$1.13,13.91,$4.23B,$0.77B,5.52,$2.64B,$1.72B,1.53,$3.59B,$0.55B,15.41%,$3.59B,$0.17B,4.59%,$3.59B,$0.17B,4.59%,$3.59B,$0.17B,4.84%,$3.59B,$0.15B,4.15%,$3.59B,$0.11B,2.95%,$0.11B,$1.72B,6.37%,$0.11B,$1.72B,6.37%,$0.11B,$5.13B,2.12%,$0.17B,$4.36B,7.10%,$1192,$1023,$169,$0,$110,$1133,$59,$-4,$55,$18,$38,$38,$38,$62,$59,$86,96,$0.44,$0.39,$592,$3403,$0,$4227,$0,$64,$0,$102,$905,$5132,$766,$2640,$2,$2642,$3408,$116,$1564,$-16,$1723,$5132,$106,$11,$118,$130,$19,$-98,$0,$0,$-46,$189,$-5,$0,$0,$0,$-1,$-1,$0,$-6,$-68,$0,$-68,$-83,$-83,$-9,$10,$-150,$33,$17,$-9
8,2016-08-31,15.56,$19.85,0.78,$34.56,0.45,$-2.64,0.0,$1.16,13.41,$4.08B,$3.34B,1.22,$0.00B,$1.68B,0.0,$3.39B,$0.56B,16.44%,$3.39B,$0.18B,5.31%,$3.39B,$0.18B,5.31%,$3.39B,$0.19B,5.58%,$3.39B,$0.16B,4.84%,$3.39B,$0.11B,3.31%,$0.11B,$1.68B,6.76%,$0.11B,$1.68B,6.76%,$0.11B,$5.03B,2.25%,$0.18B,$1.68B,10.87%,$913,$760,$153,$0,$98,$859,$55,$-1,$53,$14,$39,$39,$39,$57,$55,$84,95,$0.46,$0.42,$335,$3598,$0,$4082,$0,$62,$0,$127,$946,$5028,$3342,$0,$3,$3,$3345,$116,$1528,$-17,$1682,$5028,$68,$8,$55,$64,$10,$-266,$0,$-4,$-234,$-103,$-3,$0,$0,$0,$2,$2,$0,$-0,$-42,$0,$-42,$-80,$-80,$-6,$9,$-120,$-223,$10,$-6
9,2016-05-31,13.79,$19.41,0.71,$33.25,0.41,$-1.78,0.0,$0.97,14.22,$3.96B,$3.28B,1.21,$0.00B,$1.64B,0.0,$3.32B,$0.54B,16.21%,$3.32B,$0.16B,4.94%,$3.32B,$0.16B,4.94%,$3.32B,$0.17B,5.24%,$3.32B,$0.15B,4.37%,$3.32B,$0.10B,2.89%,$0.10B,$1.64B,5.83%,$0.10B,$1.64B,5.83%,$0.10B,$4.92B,1.93%,$0.16B,$1.64B,7.12%,$811,$689,$122,$0,$94,$783,$29,$-4,$25,$9,$16,$16,$16,$31,$29,$84,95,$0.18,$0.17,$278,$3525,$0,$3955,$0,$65,$0,$126,$961,$4916,$3279,$0,$2,$2,$3281,$116,$1491,$-17,$1635,$4916,$29,$6,$35,$41,$14,$-220,$0,$-1,$-237,$-167,$-3,$0,$0,$0,$-1,$-1,$0,$-4,$-27,$0,$-27,$-88,$-88,$-4,$6,$-113,$-284,$8,$-4
10,2016-02-29,12.05,$19.22,0.63,$30.82,0.39,$-1.33,0.0,$0.90,13.38,$3.95B,$3.30B,1.2,$0.00B,$1.62B,0.0,$3.13B,$0.52B,16.45%,$3.13B,$0.16B,4.95%,$3.13B,$0.16B,4.95%,$3.13B,$0.17B,5.30%,$3.13B,$0.13B,4.25%,$3.13B,$0.09B,2.88%,$0.09B,$1.62B,5.48%,$0.09B,$1.62B,5.48%,$0.09B,$4.92B,1.80%,$0.16B,$1.62B,6.74%,$678,$569,$110,$0,$88,$657,$22,$-6,$16,$3,$13,$13,$13,$24,$22,$89,99,$0.15,$0.14,$327,$3469,$0,$3948,$0,$69,$0,$126,$974,$4922,$3304,$0,$1,$1,$3305,$116,$1478,$-17,$1617,$4922,$13,$3,$9,$12,$4,$-150,$0,$-1,$-168,$-143,$-1,$0,$0,$0,$-0,$-0,$0,$-2,$-6,$0,$-6,$-88,$-88,$-2,$5,$-90,$-235,$3,$-2
11,2015-11-30,13.88,$18.32,0.76,$29.70,0.47,$-0.36,0.0,$0.84,16.52,$4.13B,$3.39B,1.22,$0.00B,$1.69B,0.0,$3.03B,$0.49B,16.26%,$3.03B,$0.15B,4.95%,$3.03B,$0.15B,4.95%,$3.03B,$0.16B,5.31%,$3.03B,$0.13B,4.19%,$3.03B,$0.09B,2.80%,$0.09B,$1.69B,5.19%,$0.09B,$1.69B,5.19%,$0.09B,$5.09B,1.69%,$0.15B,$1.69B,6.53%,$986,$813,$172,$0,$98,$912,$74,$-4,$70,$26,$44,$44,$44,$77,$74,$92,103,$0.49,$0.44,$568,$3314,$0,$4130,$0,$72,$0,$103,$957,$5087,$3394,$0,$2,$2,$3396,$116,$1467,$-17,$1691,$5087,$85,$11,$67,$78,$9,$35,$0,$2,$18,$181,$-5,$0,$0,$0,$-7,$-7,$0,$-11,$27,$0,$27,$0,$0,$-9,$13,$32,$202,$17,$-9
12,2015-08-31,14.4,$17.81,0.81,$28.13,0.51,$-8.49,0.0,$8.77,1.64,$3.94B,$0.68B,5.83,$2.63B,$1.64B,1.6,$2.84B,$0.44B,15.41%,$2.84B,$0.11B,3.87%,$2.84B,$0.11B,3.87%,$2.84B,$0.12B,4.26%,$2.84B,$0.09B,3.03%,$2.84B,$0.89B,31.35%,$0.89B,$1.64B,55.20%,$0.89B,$1.64B,55.20%,$0.89B,$4.95B,18.06%,$0.11B,$4.27B,4.84%,$843,$709,$134,$0,$95,$804,$39,$-5,$34,$11,$23,$23,$23,$42,$39,$92,102,$0.25,$0.23,$378,$3402,$0,$3939,$0,$73,$0,$126,$1009,$4948,$676,$2631,$2,$2633,$3308,$116,$1425,$-21,$1640,$4948,$41,$8,$28,$37,$-25,$-73,$0,$0,$-99,$-22,$-2,$0,$0,$0,$-7,$-7,$0,$-9,$36,$0,$36,$0,$0,$-7,$-2,$27,$-4,$10,$-7
13,2015-05-31,14.51,$17.56,0.83,$25.63,0.57,$-15.31,0.0,$8.82,1.64,$4.01B,$3.42B,1.17,$0.00B,$1.62B,0.0,$2.59B,$0.41B,15.96%,$2.59B,$0.11B,4.13%,$2.59B,$0.11B,4.13%,$2.59B,$0.12B,4.56%,$2.59B,$0.08B,3.13%,$2.59B,$0.90B,34.62%,$0.90B,$1.62B,64.44%,$0.90B,$1.62B,64.44%,$0.90B,$5.04B,19.19%,$0.11B,$1.62B,5.26%,$623,$524,$99,$0,$79,$603,$20,$-7,$13,$3,$10,$10,$10,$23,$20,$92,102,$0.10,$0.10,$467,$3394,$0,$4012,$0,$78,$0,$129,$1027,$5039,$3421,$0,$2,$2,$3423,$115,$1404,$-21,$1616,$5039,$17,$6,$13,$18,$-18,$-117,$0,$-3,$-171,$-136,$-2,$0,$0,$0,$-13,$-13,$0,$-15,$242,$0,$242,$-0,$-0,$-5,$-3,$234,$83,$7,$-5
14,2015-02-28,13.67,$17.45,0.78,$25.17,0.54,$-19.56,0.0,$8.99,1.52,$3.96B,$3.38B,1.17,$0.00B,$1.61B,0.0,$2.53B,$0.42B,16.68%,$2.53B,$0.12B,4.90%,$2.53B,$0.12B,4.90%,$2.53B,$0.13B,5.30%,$2.53B,$0.10B,3.75%,$2.53B,$0.91B,36.09%,$0.91B,$1.61B,78.44%,$0.91B,$1.61B,78.44%,$0.91B,$4.99B,20.91%,$0.12B,$1.61B,5.06%,$580,$492,$88,$0,$71,$563,$17,$-6,$10,$3,$8,$8,$8,$19,$17,$92,102,$0.08,$0.08,$574,$3246,$0,$3964,$0,$74,$0,$130,$1026,$4990,$3383,$0,$2,$2,$3385,$115,$1397,$-21,$1605,$4990,$8,$3,$6,$9,$-14,$-20,$0,$-3,$-66,$-49,$-1,$0,$0,$0,$-2,$-2,$0,$-3,$247,$0,$247,$-0,$-0,$-2,$-4,$241,$189,$3,$-2
15,2014-11-30,17.18,$17.36,0.99,$24.26,0.71,$-21.44,0.0,$9.03,1.9,$3.73B,$3.16B,1.18,$0.00B,$1.60B,0.0,$2.40B,$0.42B,17.28%,$2.40B,$0.13B,5.29%,$2.40B,$0.13B,5.29%,$2.40B,$0.14B,5.71%,$2.40B,$0.10B,4.00%,$2.40B,$0.92B,38.15%,$0.92B,$1.60B,101.86%,$0.92B,$1.60B,101.86%,$0.92B,$4.76B,23.31%,$0.13B,$1.60B,4.65%,$796,$680,$117,$0,$82,$762,$34,$-6,$29,$-824,$853,$853,$850,$37,$34,$89,99,$9.52,$8.58,$384,$3218,$0,$3727,$0,$79,$0,$125,$1030,$4758,$3159,$0,$3,$3,$3162,$115,$1391,$-21,$1596,$4758,$918,$10,$-778,$-768,$-5,$-780,$0,$-5,$-781,$-631,$-6,$0,$0,$0,$-39,$-39,$0,$-45,$363,$0,$363,$138,$138,$-9,$9,$502,$-174,$9,$-9
16,2014-08-31,17.33,$8.11,2.14,$23.00,0.75,$-19.90,0.0,$0.98,17.68,$3.69B,$0.56B,6.58,$2.58B,$0.75B,3.47,$2.22B,$0.41B,18.53%,$2.22B,$0.14B,6.47%,$2.22B,$0.14B,6.47%,$2.22B,$0.15B,6.88%,$2.22B,$0.10B,4.27%,$2.22B,$0.09B,4.23%,$0.09B,$0.75B,14.82%,$0.09B,$0.75B,14.82%,$0.09B,$3.89B,2.66%,$0.14B,$3.33B,4.79%,$589,$480,$109,$0,$73,$553,$36,$-7,$29,$0,$28,$28,$28,$39,$36,$92,102,$0.31,$0.28,$330,$3240,$0,$3687,$0,$74,$0,$127,$200,$3887,$560,$2581,$2,$2583,$3143,$115,$541,$-18,$745,$3887,$66,$7,$10,$17,$-28,$-784,$0,$-8,$-799,$-717,$-4,$0,$0,$0,$-24,$-24,$0,$-28,$371,$0,$371,$137,$137,$-7,$9,$511,$-234,$6,$-7
17,2014-05-31,16.07,$7.73,2.08,$23.07,0.7,$-17.13,0.0,$1.00,16.07,$3.64B,$0.54B,6.7,$2.57B,$0.71B,3.63,$2.18B,$0.41B,18.59%,$2.18B,$0.15B,6.73%,$2.18B,$0.15B,6.73%,$2.18B,$0.16B,7.10%,$2.18B,$0.09B,4.26%,$2.18B,$0.09B,4.26%,$0.09B,$0.71B,16.24%,$0.09B,$0.71B,16.24%,$0.09B,$3.83B,2.81%,$0.15B,$3.28B,6.40%,$565,$457,$108,$0,$72,$528,$37,$-10,$27,$0,$27,$27,$27,$39,$37,$90,100,$0.30,$0.27,$529,$3006,$0,$3635,$0,$68,$0,$126,$193,$3828,$543,$2574,$2,$2576,$3118,$115,$515,$-18,$710,$3828,$37,$4,$3,$7,$-17,$-579,$0,$-5,$-599,$-555,$-3,$0,$0,$0,$-6,$-6,$0,$-9,$388,$0,$388,$137,$137,$-4,$-2,$518,$-45,$4,$-4
18,2014-02-28,19.86,$6.52,3.04,$23.66,0.84,$-14.73,0.0,$0.69,28.78,$3.07B,$0.52B,5.85,$2.18B,$0.55B,3.98,$2.14B,$0.38B,17.69%,$2.14B,$0.12B,5.65%,$2.14B,$0.12B,5.65%,$2.14B,$0.13B,6.02%,$2.14B,$0.06B,2.89%,$2.14B,$0.06B,2.94%,$0.06B,$0.55B,12.29%,$0.06B,$0.55B,12.29%,$0.06B,$3.25B,2.05%,$0.12B,$2.72B,5.82%,$451,$369,$81,$0,$61,$431,$20,$-9,$11,$0,$11,$11,$11,$22,$20,$84,94,$0.13,$0.12,$345,$2635,$0,$3068,$0,$61,$0,$120,$181,$3248,$524,$2175,$2,$2178,$2702,$115,$490,$-18,$546,$3248,$11,$2,$-0,$2,$-10,$-205,$0,$-4,$-233,$-221,$-2,$0,$0,$0,$1,$1,$0,$-0,$-3,$0,$-3,$0,$0,$-2,$-0,$-5,$-226,$2,$-2
19,2013-11-30,17.04,$6.40,2.66,$23.97,0.71,$-15.03,0.0,$0.41,41.56,$2.95B,$0.50B,5.84,$2.15B,$0.54B,4.01,$2.10B,$0.36B,17.17%,$2.10B,$0.10B,4.96%,$2.10B,$0.10B,4.96%,$2.10B,$0.11B,5.29%,$2.10B,$0.04B,1.86%,$2.10B,$0.04B,1.91%,$0.04B,$0.54B,8.09%,$0.04B,$0.54B,8.09%,$0.04B,$3.19B,1.34%,$0.10B,$2.69B,5.18%,$619,$504,$114,$0,$63,$568,$51,$-23,$28,$0,$28,$28,$28,$53,$51,$83,92,$0.36,$0.36,$572,$2299,$0,$2946,$0,$130,$0,$117,$247,$3194,$504,$2150,$3,$2153,$2658,$115,$482,$-18,$536,$3194,$40,$7,$23,$30,$-11,$-563,$0,$1,$-513,$-443,$-2,$0,$0,$0,$-14,$-14,$0,$-17,$388,$0,$388,$103,$103,$-8,$-16,$467,$7,$6,$-8
20,2013-08-31,15.56,$5.95,2.62,$24.71,0.63,$-9.73,0.0,$0.20,77.79,$2.73B,$2.46B,1.11,$0.00B,$0.50B,0.0,$2.06B,$0.33B,15.95%,$2.06B,$0.07B,3.50%,$2.06B,$0.07B,3.50%,$2.06B,$0.08B,3.84%,$2.06B,$0.01B,0.63%,$2.06B,$0.02B,0.97%,$0.02B,$0.50B,4.40%,$0.02B,$0.50B,4.40%,$0.02B,$2.97B,0.71%,$0.07B,$0.50B,5.03%,$549,$446,$103,$0,$63,$510,$39,$-13,$27,$-1,$27,$27,$27,$41,$39,$84,94,$0.32,$0.30,$425,$2230,$0,$2727,$0,$127,$0,$111,$238,$2965,$2464,$0,$3,$3,$2467,$115,$456,$-28,$498,$2965,$12,$5,$6,$11,$-7,$-491,$0,$1,$-425,$-401,$-1,$0,$0,$0,$-10,$-10,$0,$-11,$176,$0,$176,$104,$104,$-6,$1,$274,$-139,$4,$-6
21,2013-05-31,21.48,$5.62,3.82,$24.36,0.88,$-6.44,0.0,$-0.06,0.0,$2.68B,$0.50B,5.4,$1.94B,$0.47B,4.13,$1.93B,$0.30B,15.42%,$1.93B,$0.05B,2.43%,$1.93B,$0.05B,2.43%,$1.93B,$0.05B,2.74%,$1.93B,$-0.02B,-1.09%,$1.93B,$-0.00B,-0.21%,$-0.00B,$0.47B,-0.95%,$-0.00B,$0.47B,-0.95%,$-0.00B,$2.91B,-0.15%,$0.05B,$2.41B,2.57%,$524,$443,$81,$0,$70,$513,$11,$-15,$-4,$-1,$-3,$-3,$-3,$13,$11,$84,84,$-0.04,$-0.04,$581,$2029,$0,$2676,$0,$123,$0,$113,$236,$2912,$496,$1943,$2,$1945,$2441,$115,$431,$-28,$471,$2912,$-15,$3,$4,$7,$-0,$-291,$0,$-1,$-259,$-268,$-1,$0,$0,$0,$-6,$-6,$0,$-6,$182,$0,$182,$112,$112,$-4,$0,$290,$16,$2,$-4
22,2013-02-28,18.09,$5.66,3.2,$22.02,0.82,$-4.40,0.0,$-0.33,0.0,$2.67B,$0.46B,5.79,$1.96B,$0.47B,4.15,$1.71B,$0.27B,15.60%,$1.71B,$0.02B,1.34%,$1.71B,$0.02B,1.34%,$1.71B,$0.03B,1.64%,$1.71B,$-0.05B,-2.69%,$1.71B,$-0.03B,-1.46%,$-0.03B,$0.47B,-6.28%,$-0.03B,$0.47B,-6.28%,$-0.03B,$2.90B,-0.96%,$0.02B,$2.44B,1.34%,$405,$343,$62,$0,$59,$402,$3,$-15,$-12,$0,$-12,$-12,$-12,$4,$3,$79,79,$-0.16,$-0.16,$669,$1938,$0,$2672,$0,$123,$0,$105,$229,$2901,$461,$1964,$2,$1966,$2428,$115,$436,$-28,$473,$2901,$-12,$1,$2,$3,$0,$-199,$0,$-1,$-202,$-211,$-0,$0,$0,$0,$-0,$-0,$0,$-1,$213,$0,$213,$110,$110,$-2,$-9,$312,$100,$1,$-2
23,2012-11-30,13.88,$4.88,2.85,$20.22,0.69,$-3.17,0.0,$-0.76,0.0,$2.34B,$2.18B,1.07,$0.00B,$0.38B,0.0,$1.56B,$0.23B,14.61%,$1.56B,$-0.01B,-0.51%,$1.56B,$-0.01B,-0.51%,$1.56B,$-0.00B,-0.26%,$1.56B,$-0.08B,-5.06%,$1.56B,$-0.06B,-3.78%,$-0.06B,$0.38B,-15.60%,$-0.06B,$0.38B,-15.60%,$-0.06B,$2.56B,-2.38%,$-0.01B,$0.38B,-0.50%,$578,$496,$82,$0,$63,$559,$19,$-17,$2,$-5,$8,$8,$8,$21,$19,$77,77,$0.10,$0.10,$567,$1707,$0,$2339,$0,$124,$0,$100,$223,$2562,$2182,$0,$3,$3,$2185,$115,$450,$-28,$377,$2562,$-59,$5,$48,$53,$25,$30,$0,$-12,$41,$35,$-2,$0,$0,$0,$1,$1,$0,$-1,$76,$0,$76,$-1,$-1,$-11,$10,$74,$108,$7,$-11
24,2012-08-31,10.66,$4.83,2.21,$18.95,0.56,$-7.06,0.0,$-0.68,0.0,$2.33B,$0.45B,5.22,$1.73B,$0.37B,4.64,$1.46B,$0.19B,13.19%,$1.46B,$-0.02B,-1.50%,$1.46B,$-0.02B,-1.50%,$1.46B,$-0.02B,-1.30%,$1.46B,$-0.07B,-4.78%,$1.46B,$-0.05B,-3.62%,$-0.05B,$0.37B,-13.43%,$-0.05B,$0.37B,-13.43%,$-0.05B,$2.55B,-2.15%,$-0.02B,$2.10B,-1.09%,$425,$351,$73,$0,$59,$411,$14,$-21,$-7,$-11,$3,$3,$3,$15,$14,$77,77,$0.04,$0.04,$467,$1769,$0,$2330,$0,$122,$0,$97,$219,$2549,$446,$1728,$3,$1731,$2177,$115,$444,$-26,$372,$2549,$-67,$3,$40,$43,$-5,$-11,$0,$-6,$-53,$-76,$-1,$0,$0,$0,$3,$3,$0,$2,$81,$0,$81,$0,$0,$-9,$6,$79,$5,$5,$-9
25,2012-05-31,6.98,$4.79,1.46,$18.23,0.38,$-9.05,0.0,$-0.85,0.0,$2.18B,$0.44B,5.0,$1.58B,$0.37B,4.28,$1.41B,$0.18B,13.10%,$1.41B,$-0.03B,-2.28%,$1.41B,$-0.03B,-2.28%,$1.41B,$-0.03B,-2.06%,$1.41B,$-0.07B,-5.20%,$1.41B,$-0.07B,-4.70%,$-0.07B,$0.37B,-16.11%,$-0.07B,$0.37B,-16.11%,$-0.07B,$2.39B,-2.63%,$-0.03B,$1.95B,-1.60%,$303,$253,$50,$0,$63,$316,$-13,$-15,$-29,$-5,$-24,$-24,$-24,$-12,$-13,$77,77,$-0.31,$-0.31,$377,$1728,$0,$2179,$0,$121,$0,$93,$215,$2394,$436,$1583,$6,$1588,$2024,$115,$443,$-26,$370,$2394,$-70,$2,$22,$24,$17,$-16,$0,$-4,$-44,$-90,$-1,$0,$0,$0,$5,$5,$0,$4,$-9,$0,$-9,$0,$0,$-7,$1,$-14,$-100,$3,$-7
26,2012-02-29,10.96,$5.11,2.15,$17.83,0.61,$-10.35,0.0,$-1.43,0.0,$2.19B,$0.42B,5.23,$1.59B,$0.39B,4.03,$1.37B,$0.16B,11.28%,$1.37B,$-0.08B,-5.46%,$1.37B,$-0.08B,-5.46%,$1.37B,$-0.07B,-5.24%,$1.37B,$-0.11B,-8.22%,$1.37B,$-0.11B,-8.08%,$-0.11B,$0.39B,-25.93%,$-0.11B,$0.39B,-25.93%,$-0.11B,$2.41B,-4.23%,$-0.08B,$1.98B,-4.64%,$255,$232,$23,$0,$51,$283,$-28,$-17,$-45,$0,$-46,$-46,$-46,$-28,$-28,$77,77,$-0.59,$-0.59,$368,$1748,$0,$2189,$0,$121,$0,$96,$217,$2406,$419,$1587,$6,$1594,$2012,$115,$469,$-26,$394,$2406,$-46,$1,$10,$11,$18,$-26,$0,$-7,$-75,$-110,$-0,$0,$0,$0,$7,$7,$0,$6,$3,$0,$3,$0,$0,$-5,$-5,$-7,$-111,$2,$-5
27,2011-11-30,7.02,$5.74,1.22,$17.08,0.41,$-10.02,0.0,$-2.33,0.0,$2.28B,$0.48B,4.76,$1.58B,$0.44B,3.58,$1.32B,$0.16B,12.01%,$1.32B,$-0.09B,-7.07%,$1.32B,$-0.09B,-7.07%,$1.32B,$-0.09B,-6.76%,$1.32B,$-0.18B,-13.83%,$1.32B,$-0.18B,-13.68%,$-0.18B,$0.44B,-39.28%,$-0.18B,$0.44B,-39.28%,$-0.18B,$2.51B,-6.55%,$-0.09B,$2.03B,-5.55%,$480,$433,$47,$0,$48,$475,$5,$6,$11,$-3,$14,$14,$14,$6,$5,$77,77,$0.19,$0.19,$480,$1732,$0,$2277,$0,$128,$0,$107,$235,$2513,$479,$1584,$7,$1591,$2070,$115,$520,$-26,$443,$2513,$-179,$4,$97,$102,$-2,$-12,$0,$-2,$-270,$-348,$80,$0,$0,$0,$-67,$-67,$0,$13,$-189,$0,$-189,$2,$2,$-19,$51,$-156,$-490,$8,$-19
28,2011-08-31,6.23,$5.60,1.11,$16.72,0.37,$-8.30,0.0,$-2.28,0.0,$2.57B,$0.70B,3.67,$1.59B,$0.43B,3.67,$1.29B,$0.20B,15.46%,$1.29B,$-0.07B,-5.13%,$1.29B,$-0.07B,-5.13%,$1.29B,$-0.06B,-4.82%,$1.29B,$-0.18B,-13.83%,$1.29B,$-0.18B,-13.75%,$-0.18B,$0.43B,-35.01%,$-0.18B,$0.43B,-35.01%,$-0.18B,$2.72B,-6.11%,$-0.07B,$2.02B,-3.73%,$367,$303,$64,$0,$60,$363,$4,$-14,$-10,$0,$-10,$-10,$-10,$5,$4,$77,77,$-0.13,$-0.13,$591,$1901,$0,$2570,$0,$51,$0,$100,$151,$2722,$700,$1587,$3,$1590,$2290,$115,$511,$-23,$432,$2722,$-193,$3,$117,$120,$-11,$-178,$0,$-2,$-237,$-310,$81,$0,$0,$0,$-2,$-2,$0,$79,$-186,$0,$-186,$1,$1,$-14,$2,$-197,$-428,$6,$-14
29,2011-05-31,11.52,$5.76,2.0,$18.47,0.62,$-7.47,0.0,$-2.17,0.0,$2.70B,$2.41B,1.12,$0.00B,$0.44B,0.0,$1.42B,$0.22B,15.76%,$1.42B,$-0.06B,-4.15%,$1.42B,$-0.06B,-4.15%,$1.42B,$-0.06B,-3.87%,$1.42B,$-0.18B,-12.32%,$1.42B,$-0.17B,-11.82%,$-0.17B,$0.44B,-30.50%,$-0.17B,$0.44B,-30.50%,$-0.17B,$2.86B,-5.58%,$-0.06B,$0.44B,-3.16%,$272,$250,$21,$0,$63,$327,$-56,$-13,$-69,$-0,$-69,$-69,$-69,$-55,$-56,$77,77,$-0.89,$-0.89,$735,$1895,$0,$2701,$0,$51,$0,$109,$160,$2860,$2414,$0,$3,$3,$2417,$115,$525,$-23,$443,$2860,$-183,$2,$113,$115,$-1,$-168,$0,$-6,$-203,$-271,$80,$0,$0,$0,$-2,$-2,$0,$79,$-81,$0,$-81,$0,$0,$-10,$2,$-88,$-281,$4,$-10
30,2011-02-28,12.36,$6.69,1.85,$19.80,0.62,$-6.46,0.0,$-1.68,0.0,$2.74B,$0.68B,4.01,$1.70B,$0.52B,3.31,$1.52B,$0.27B,17.73%,$1.52B,$-0.02B,-1.25%,$1.52B,$-0.02B,-1.25%,$1.52B,$-0.01B,-0.92%,$1.52B,$-0.14B,-9.00%,$1.52B,$-0.13B,-8.54%,$-0.13B,$0.52B,-21.89%,$-0.13B,$0.52B,-21.89%,$-0.13B,$2.90B,-4.20%,$-0.02B,$2.22B,-0.81%,$197,$171,$26,$0,$50,$243,$-46,$-68,$-114,$0,$-115,$-115,$-115,$-45,$-46,$77,77,$-1.49,$-1.49,$857,$1774,$0,$2736,$0,$50,$0,$115,$165,$2901,$683,$1702,$2,$1704,$2387,$115,$599,$-23,$515,$2901,$-115,$1,$70,$71,$5,$-65,$0,$-6,$-122,$-165,$81,$0,$0,$0,$-1,$-1,$0,$80,$-71,$0,$-71,$0,$0,$-5,$-6,$-81,$-166,$2,$-5
31,2010-11-30,10.5,$8.21,1.28,$20.68,0.51,$-5.13,0.0,$-0.90,0.0,$2.83B,$0.70B,4.04,$1.78B,$0.63B,2.81,$1.59B,$0.28B,17.67%,$1.59B,$-0.01B,-0.50%,$1.59B,$-0.01B,-0.50%,$1.59B,$-0.00B,-0.13%,$1.59B,$-0.08B,-4.91%,$1.59B,$-0.07B,-4.40%,$-0.07B,$0.63B,-11.16%,$-0.07B,$0.63B,-11.16%,$-0.07B,$3.11B,-2.19%,$-0.01B,$2.41B,-0.33%,$451,$363,$88,$0,$56,$419,$32,$-17,$15,$-2,$17,$17,$17,$33,$32,$77,77,$0.23,$0.23,$1020,$1697,$0,$2825,$0,$106,$0,$180,$285,$3110,$700,$1776,$3,$1778,$2478,$115,$718,$-23,$632,$3110,$-69,$5,$49,$54,$211,$-129,$0,$-2,$-119,$-134,$-0,$0,$0,$0,$-16,$-16,$0,$-16,$-101,$0,$-101,$2,$2,$-19,$-1,$-119,$-270,$8,$-19
32,2010-08-31,9.53,$7.97,1.19,$23.62,0.4,$1.17,8.16,$0.18,52.92,$2.90B,$0.76B,3.82,$1.80B,$0.61B,2.94,$1.81B,$0.20B,11.03%,$1.81B,$-0.12B,-6.50%,$1.81B,$-0.12B,-6.50%,$1.81B,$-0.11B,-6.17%,$1.81B,$-0.18B,-10.14%,$1.81B,$0.01B,0.77%,$0.01B,$0.61B,2.17%,$0.01B,$0.61B,2.17%,$0.01B,$3.18B,0.43%,$-0.12B,$2.41B,-4.83%,$501,$412,$89,$0,$79,$490,$11,$-17,$-7,$-5,$-1,$-1,$-1,$12,$11,$77,77,$-0.02,$-0.02,$1036,$1721,$0,$2895,$0,$101,$0,$180,$281,$3176,$757,$1801,$5,$1806,$2563,$115,$705,$-22,$613,$3176,$-87,$4,$35,$39,$183,$-149,$0,$-3,$-116,$-164,$-1,$0,$0,$0,$-2,$-2,$0,$-2,$-73,$0,$-73,$1,$1,$-14,$-2,$-88,$-254,$6,$-14
33,2010-05-31,13.31,$8.00,1.66,$23.11,0.58,$4.78,2.79,$-0.67,0.0,$2.92B,$0.83B,3.54,$1.76B,$0.62B,2.85,$1.77B,$0.16B,8.75%,$1.77B,$-0.17B,-9.54%,$1.77B,$-0.17B,-9.54%,$1.77B,$-0.16B,-9.15%,$1.77B,$-0.25B,-14.34%,$1.77B,$-0.05B,-2.88%,$-0.05B,$0.62B,-7.89%,$-0.05B,$0.62B,-7.89%,$-0.05B,$3.20B,-1.53%,$-0.17B,$2.37B,-6.91%,$374,$307,$67,$0,$83,$390,$-16,$-15,$-31,$0,$-31,$-31,$-31,$-14,$-16,$77,77,$-0.40,$-0.40,$1094,$1686,$0,$2917,$0,$104,$0,$182,$285,$3202,$825,$1755,$7,$1762,$2587,$115,$711,$-22,$615,$3202,$-85,$3,$26,$29,$183,$-155,$0,$-3,$-56,$-113,$-0,$0,$0,$0,$-2,$-2,$0,$-2,$-72,$0,$-72,$1,$1,$-10,$7,$-74,$-189,$4,$-10
34,2010-02-28,14.91,$8.43,1.77,$23.28,0.64,$7.33,2.03,$-1.30,0.0,$3.00B,$0.82B,3.67,$1.82B,$0.65B,2.8,$1.78B,$0.10B,5.39%,$1.78B,$-0.22B,-12.24%,$1.78B,$-0.22B,-12.24%,$1.78B,$-0.21B,-11.85%,$1.78B,$-0.31B,-17.24%,$1.78B,$-0.10B,-5.50%,$-0.10B,$0.65B,-14.78%,$-0.10B,$0.65B,-14.78%,$-0.10B,$3.29B,-2.89%,$-0.22B,$2.46B,-8.89%,$264,$227,$37,$0,$72,$299,$-35,$-20,$-55,$0,$-55,$-55,$-55,$-33,$-35,$77,77,$-0.71,$-0.71,$1289,$1580,$0,$2995,$0,$106,$0,$184,$290,$3285,$816,$1815,$6,$1822,$2638,$115,$747,$-22,$648,$3285,$-55,$1,$24,$25,$194,$-48,$0,$-6,$48,$18,$-0,$0,$0,$0,$-2,$-2,$0,$-3,$-11,$0,$-11,$-0,$-0,$-5,$24,$8,$24,$2,$-5
35,2009-11-30,12.36,$9.20,1.34,$23.82,0.52,$8.42,1.47,$-1.34,0.0,$3.13B,$0.90B,3.47,$1.82B,$0.71B,2.57,$1.82B,$0.08B,4.11%,$1.82B,$-0.23B,-12.50%,$1.82B,$-0.23B,-12.50%,$1.82B,$-0.22B,-12.12%,$1.82B,$-0.31B,-17.11%,$1.82B,$-0.10B,-5.54%,$-0.10B,$0.71B,-14.57%,$-0.10B,$0.71B,-14.57%,$-0.10B,$3.44B,-2.91%,$-0.23B,$2.53B,-9.25%,$675,$668,$7,$0,$85,$753,$-78,$-13,$-91,$-192,$101,$101,$101,$-77,$-78,$77,77,$1.32,$1.32,$1289,$1501,$0,$3128,$0,$120,$0,$188,$308,$3436,$901,$1820,$7,$1827,$2729,$115,$806,$-22,$707,$3436,$-102,$7,$220,$227,$36,$433,$0,$8,$224,$350,$-1,$0,$0,$0,$-20,$-20,$0,$-21,$-272,$0,$-272,$2,$2,$-19,$-3,$-292,$36,$4,$-19
36,2009-08-31,16.54,$8.04,2.06,$26.88,0.62,$8.37,1.98,$-6.61,0.0,$3.11B,$0.96B,3.25,$1.81B,$0.61B,2.96,$2.07B,$-0.00B,-0.19%,$2.07B,$-0.39B,-18.71%,$2.07B,$-0.39B,-18.71%,$2.07B,$-0.34B,-16.30%,$2.07B,$-0.51B,-24.85%,$2.07B,$-0.51B,-24.61%,$-0.51B,$0.61B,-70.30%,$-0.51B,$0.61B,-70.30%,$-0.51B,$3.39B,-14.04%,$-0.39B,$2.43B,-15.33%,$458,$415,$44,$0,$84,$498,$-40,$-37,$-77,$-11,$-66,$-66,$-66,$-38,$-40,$76,76,$-0.87,$-0.87,$1058,$1911,$0,$3107,$0,$172,$0,$114,$286,$3393,$956,$1813,$11,$1824,$2780,$115,$711,$-17,$614,$3393,$-203,$5,$145,$151,$236,$170,$0,$8,$165,$113,$-1,$0,$0,$0,$-20,$-20,$0,$-21,$-277,$0,$-277,$2,$2,$-14,$11,$-278,$-186,$2,$-14
37,2009-05-31,13.58,$8.95,1.52,$29.66,0.46,$7.37,1.84,$-7.61,0.0,$3.14B,$1.03B,3.06,$1.71B,$0.68B,2.51,$2.29B,$-0.02B,-0.87%,$2.29B,$-0.45B,-19.72%,$2.29B,$-0.45B,-19.72%,$2.29B,$-0.40B,-17.45%,$2.29B,$-0.59B,-25.70%,$2.29B,$-0.59B,-25.65%,$-0.59B,$0.68B,-68.85%,$-0.59B,$0.68B,-69.75%,$-0.59B,$3.43B,-15.18%,$-0.45B,$2.40B,-16.92%,$384,$377,$8,$0,$73,$449,$-65,$-19,$-84,$-5,$-78,$-78,$-78,$-63,$-65,$76,76,$-1.03,$-1.03,$1100,$1894,$0,$3138,$0,$171,$0,$121,$292,$3430,$1025,$1712,$10,$1722,$2747,$115,$781,$-17,$683,$3430,$-136,$4,$97,$101,$214,$121,$0,$-6,$119,$84,$-1,$0,$0,$0,$7,$7,$0,$6,$-237,$0,$-237,$1,$1,$-10,$13,$-232,$-142,$1,$-10
38,2009-02-28,8.03,$10.07,0.8,$32.87,0.24,$7.21,1.11,$-9.88,0.0,$3.32B,$1.12B,2.95,$1.74B,$0.77B,2.26,$2.55B,$-0.15B,-5.69%,$2.55B,$-0.65B,-25.40%,$2.55B,$-0.65B,-25.40%,$2.55B,$-0.57B,-22.38%,$2.55B,$-0.76B,-29.84%,$2.55B,$-0.77B,-30.07%,$-0.77B,$0.77B,-76.47%,$-0.77B,$0.77B,-78.16%,$-0.77B,$3.64B,-18.13%,$-0.65B,$2.51B,-22.07%,$307,$291,$16,$0,$61,$352,$-45,$-15,$-60,$-2,$-58,$-58,$-58,$-43,$-45,$77,77,$-0.75,$-0.75,$1132,$2022,$0,$3315,$0,$175,$0,$148,$323,$3638,$1124,$1738,$9,$1747,$2870,$115,$864,$-17,$768,$3638,$-58,$2,$36,$38,$197,$57,$0,$2,$124,$104,$-1,$0,$0,$0,$-8,$-8,$0,$-9,$-209,$0,$-209,$0,$0,$-5,$4,$-209,$-114,$0,$-5
39,2008-11-30,10.44,$10.69,0.98,$39.16,0.27,$6.24,1.67,$-12.60,0.0,$3.72B,$1.26B,2.94,$1.94B,$0.83B,2.34,$3.03B,$-0.28B,-9.26%,$3.03B,$-0.85B,-27.98%,$3.03B,$-0.85B,-27.98%,$3.03B,$-0.77B,-25.41%,$3.03B,$-0.97B,-31.91%,$3.03B,$-0.98B,-32.17%,$-0.98B,$0.83B,-81.27%,$-0.98B,$0.83B,-83.98%,$-0.98B,$4.04B,-21.25%,$-0.85B,$2.77B,-26.23%,$919,$991,$-72,$0,$121,$1156,$-237,$-56,$-293,$14,$-307,$-307,$-307,$-193,$-237,$78,78,$-3.95,$-3.95,$1251,$2107,$0,$3715,$0,$178,$0,$151,$329,$4044,$1263,$1942,$9,$1951,$3214,$115,$927,$-17,$831,$4044,$-976,$79,$1003,$1082,$-61,$546,$0,$33,$235,$341,$7,$0,$0,$0,$-60,$-60,$0,$-53,$-319,$0,$-319,$6,$6,$-63,$-115,$-491,$-202,$5,$-63
40,2008-08-31,18.58,$14.61,1.27,$54.13,0.34,$15.32,1.21,$-18.63,0.0,$3.69B,$1.35B,2.73,$1.88B,$1.13B,1.66,$4.19B,$-0.31B,-7.33%,$4.19B,$-0.94B,-22.41%,$4.19B,$-0.94B,-22.41%,$4.19B,$-0.90B,-21.50%,$4.19B,$-1.07B,-25.66%,$4.19B,$-1.44B,-34.45%,$-1.44B,$1.13B,-99.04%,$-1.44B,$1.09B,-102.98%,$-1.44B,$4.38B,-28.79%,$-0.94B,$3.01B,-26.45%,$682,$654,$28,$0,$133,$787,$-105,$-46,$-152,$-7,$-145,$-145,$-145,$-101,$-105,$78,78,$-1.87,$-1.87,$942,$2563,$0,$3693,$0,$250,$43,$168,$685,$4378,$1352,$1877,$15,$1892,$3244,$115,$1239,$-23,$1134,$4378,$-669,$35,$505,$540,$109,$230,$0,$16,$159,$30,$6,$0,$0,$0,$-61,$-61,$0,$-55,$-309,$0,$-309,$5,$5,$-58,$0,$-362,$-388,$4,$-58
41,2008-05-31,18.06,$16.44,1.1,$65.33,0.28,$18.95,0.95,$-17.22,0.0,$4.10B,$1.39B,2.96,$2.16B,$1.27B,1.7,$5.05B,$-0.79B,-15.71%,$5.05B,$-1.60B,-31.64%,$5.05B,$-1.60B,-31.64%,$5.05B,$-1.45B,-28.72%,$5.05B,$-1.71B,-33.84%,$5.05B,$-1.33B,-26.41%,$-1.33B,$1.27B,-72.53%,$-1.33B,$1.23B,-75.07%,$-1.33B,$4.84B,-23.97%,$-1.60B,$3.44B,-39.93%,$639,$756,$-117,$0,$119,$899,$-260,$5,$-255,$1,$-256,$-256,$-256,$-233,$-260,$77,77,$-3.30,$-3.30,$1305,$2609,$0,$4104,$0,$295,$43,$177,$737,$4841,$1388,$2161,$17,$2178,$3567,$115,$1384,$-23,$1274,$4841,$-524,$31,$413,$444,$108,$218,$0,$10,$147,$67,$4,$0,$0,$0,$-59,$-59,$0,$-55,$-1,$0,$-1,$3,$3,$-39,$0,$-37,$-25,$3,$-39
42,2008-02-29,20.87,$20.21,1.03,$75.41,0.28,$19.49,1.07,$-15.85,0.0,$4.36B,$1.37B,3.19,$2.16B,$1.57B,1.38,$5.82B,$-0.74B,-12.74%,$5.82B,$-1.60B,-27.43%,$5.82B,$-1.60B,-27.43%,$5.82B,$-1.47B,-25.28%,$5.82B,$-1.74B,-29.96%,$5.82B,$-1.23B,-21.06%,$-1.23B,$1.57B,-55.37%,$-1.23B,$1.50B,-57.88%,$-1.23B,$5.11B,-18.85%,$-1.60B,$3.73B,-35.19%,$794,$914,$-120,$0,$128,$1041,$-247,$-21,$-268,$0,$-268,$-268,$-268,$-244,$-247,$77,77,$-3.47,$-3.47,$1317,$2854,$0,$4362,$0,$281,$68,$176,$748,$5110,$1369,$2162,$14,$2176,$3546,$115,$1679,$-23,$1565,$5110,$-268,$3,$231,$234,$93,$186,$0,$7,$56,$22,$5,$0,$0,$0,$-24,$-24,$0,$-19,$-0,$0,$-0,$1,$1,$-19,$0,$-18,$-15,$1,$-19
43,2007-11-30,18.03,$23.93,0.75,$82.37,0.22,$16.97,1.06,$-12.04,0.0,$4.93B,$1.68B,2.94,$2.16B,$1.85B,1.17,$6.42B,$-0.41B,-6.37%,$6.42B,$-1.34B,-20.93%,$6.42B,$-1.34B,-20.93%,$6.42B,$-1.22B,-18.93%,$6.42B,$-1.46B,-22.77%,$6.42B,$-0.93B,-14.49%,$-0.93B,$1.85B,-36.39%,$-0.93B,$1.78B,-38.45%,$-0.93B,$5.71B,-12.60%,$-1.34B,$4.01B,-26.17%,$2071,$2168,$-98,$0,$229,$2397,$-326,$-73,$-399,$374,$-773,$-773,$-773,$-322,$-326,$77,77,$-10.01,$-9.99,$1325,$3312,$0,$4933,$0,$297,$68,$185,$773,$5706,$1676,$2162,$18,$2180,$3855,$115,$1969,$-23,$1851,$5706,$-929,$128,$1467,$1595,$-71,$780,$0,$13,$381,$1047,$1,$0,$740,$0,$-85,$-85,$-12,$643,$-773,$0,$-773,$5,$5,$-77,$-306,$-1150,$540,$9,$-77
44,2007-08-31,25.93,$29.42,0.88,$88.16,0.29,$11.04,2.35,$-2.69,0.0,$5.30B,$1.74B,3.05,$2.16B,$2.66B,0.81,$7.05B,$-0.22B,-3.12%,$7.05B,$-1.20B,-17.01%,$7.05B,$-1.20B,-17.01%,$7.05B,$-1.07B,-15.18%,$7.05B,$-1.25B,-17.78%,$7.05B,$-0.21B,-2.94%,$-0.21B,$2.66B,-7.33%,$-0.21B,$2.59B,-7.78%,$-0.21B,$6.59B,-2.50%,$-1.20B,$4.82B,-21.45%,$1544,$2002,$-458,$0,$197,$2307,$-764,$-22,$-786,$-307,$-479,$-479,$-36,$-651,$-764,$77,77,$-0.46,$-0.46,$646,$4422,$0,$5297,$0,$369,$69,$184,$1290,$6588,$1737,$2161,$28,$2190,$3926,$115,$2761,$0,$2661,$6588,$-157,$123,$616,$740,$-3,$205,$0,$33,$-264,$319,$-3,$0,$740,$0,$-57,$-57,$-12,$668,$-773,$0,$-773,$6,$6,$-58,$-306,$-1131,$-143,$6,$-58
45,2007-05-31,38.93,$35.99,1.08,$96.51,0.4,$-1.49,0.0,$-0.33,0.0,$5.75B,$1.67B,3.44,$2.81B,$2.78B,1.01,$7.79B,$0.72B,9.27%,$7.79B,$-0.24B,-3.06%,$7.79B,$-0.24B,-3.06%,$7.79B,$-0.22B,-2.80%,$7.79B,$-0.26B,-3.34%,$7.79B,$-0.02B,-0.23%,$-0.02B,$2.78B,-0.62%,$-0.02B,$2.60B,-0.67%,$-0.02B,$8.61B,-0.20%,$-0.24B,$5.59B,-3.92%,$1413,$1479,$-66,$0,$194,$1673,$-260,$-32,$-291,$-117,$-174,$-174,$-149,$-255,$-260,$77,77,$-1.93,$-1.93,$272,$5238,$0,$5746,$0,$379,$177,$194,$2869,$8614,$1672,$2812,$29,$4163,$5836,$115,$2816,$68,$2779,$8614,$-121,$10,$402,$413,$-9,$76,$0,$25,$-175,$116,$-4,$0,$0,$0,$-87,$-87,$-15,$-105,$-113,$0,$-113,$4,$4,$-39,$-195,$-343,$-333,$4,$-39
46,2007-02-28,41.78,$38.08,1.1,$104.40,0.4,$-8.46,0.0,$4.06,10.29,$7.30B,$2.29B,3.19,$3.17B,$2.93B,1.08,$8.58B,$1.35B,15.79%,$8.58B,$0.32B,3.73%,$8.58B,$0.32B,3.73%,$8.58B,$0.34B,3.96%,$8.58B,$0.32B,3.73%,$8.58B,$0.34B,3.92%,$0.34B,$2.93B,11.37%,$0.34B,$2.70B,12.30%,$0.34B,$8.62B,3.67%,$0.32B,$6.10B,5.06%,$1389,$1176,$213,$0,$205,$1382,$7,$8,$15,$5,$11,$11,$28,$13,$7,$77,81,$0.36,$0.34,$328,$6291,$0,$7297,$0,$430,$234,$244,$1319,$8616,$2290,$3167,$27,$3394,$5684,$115,$2984,$63,$2932,$8616,$28,$5,$48,$53,$21,$69,$0,$3,$-252,$-171,$-3,$0,$0,$0,$-33,$-33,$-4,$-39,$-49,$0,$-49,$-2,$-2,$-19,$-68,$-137,$-348,$2,$-19
47,2006-11-30,43.41,$37.94,1.14,$112.58,0.39,$-11.78,0.0,$5.74,7.56,$6.68B,$2.23B,3.0,$2.92B,$2.92B,1.0,$9.38B,$1.71B,18.27%,$9.38B,$0.59B,6.30%,$9.38B,$0.59B,6.30%,$9.38B,$0.61B,6.50%,$9.38B,$0.57B,6.11%,$9.38B,$0.48B,5.13%,$0.48B,$2.92B,16.32%,$0.48B,$2.75B,17.68%,$0.48B,$9.26B,5.26%,$0.59B,$5.84B,9.37%,$2702,$2611,$91,$0,$273,$2884,$-182,$-9,$-191,$-97,$-94,$-94,$-50,$-177,$-182,$79,83,$-0.58,$-0.54,$700,$5752,$0,$6676,$0,$381,$177,$204,$2588,$9264,$2227,$2920,$26,$4114,$6341,$115,$2975,$63,$2923,$9264,$482,$21,$315,$336,$-24,$-356,$0,$7,$-167,$651,$-18,$0,$0,$0,$-121,$-121,$-4,$-143,$662,$-84,$578,$-329,$-329,$-78,$-200,$-29,$479,$19,$-78
