,Date,Stock Price,Book Value per Share,Price to Book Ratio,TTM Sales per Share,Price to Sales Ratio,TTM FCF per Share,Price to FCF Ratio,TTM Net EPS,PE Ratio,Current Assets,Current Liabilities,Current Ratio,Long Term Debt,Shareholder's Equity_x,Debt to Equity Ratio,TTM Revenue_x,TTM Gross Profit,Gross Margin,TTM Revenue_y,TTM Operating Income,Operating Margin,TTM Revenue_x,TTM EBIT,EBIT Margin,TTM Revenue_y,TTM EBITDA,EBITDA Margin,TTM Revenue_x,TTM Pre-Tax Income,Pre-Tax Margin,TTM Revenue_y,TTM Net Income_x,Net Margin,TTM Net Income_y,Shareholder's Equity_y,Return on Equity,TTM Net Income_x,Tangible Equity,Return on Tangible Equity,TTM Net Income_y,Total Assets,Return on Assets,TTM Net Income,LT Investments & Debt,Return on Investment,revenue,cost-goods-sold,gross-profit,research-development-expenses,selling-general-administrative-expenses,operating-expenses,operating-income,total-non-operating-income-expense,pre-tax-income,total-provision-income-taxes,income-after-taxes,income-from-continuous-operations,net-income,ebitda,ebit,basic-shares-outstanding,shares-outstanding,eps-basic-net-earnings-per-share,eps-earnings-per-share-diluted,cash-on-hand,inventory,other-current-assets,total-current-assets,net-property-plant-equipment,long-term-investments,goodwill-intangible-assets-total,other-long-term-assets,total-long-term-assets,total-assets,total-current-liabilities,long-term-debt,other-non-current-liabilities,total-long-term-liabilities,total-liabilities,common-stock-net,retained-earnings-accumulated-deficit,comprehensive-income,total-share-holder-equity,total-liabilities-share-holders-equity,net-income-loss,total-depreciation-amortization-cash-flow,other-non-cash-items,total-non-cash-items,change-in-accounts-receivable,change-in-inventories,change-in-accounts-payable,change-in-assets-liabilities,total-change-in-assets-liabilities,cash-flow-from-operating-activities,net-change-in-property-plant-equipment,net-change-in-intangible-assets,net-acquisitions-divestitures,net-change-in-short-term-investments,net-change-in-long-term-investments,net-change-in-investments-total,investing-activities-other,cash-flow-from-investing-activities,net-long-term-debt,net-current-debt,debt-issuance-retirement-net-total,net-common-equity-issued-repurchased,net-total-equity-issued-repurchased,total-common-preferred-stock-dividends-paid,financial-activities-other,cash-flow-from-financial-activities,net-cash-flow,stock-based-compensation,common-stock-dividends-paid
0,2018-09-30,21.13,$11.77,1.8,$32.11,0.66,$0.13,156.75,$3.62,5.84,$1.76B,$1.36B,1.29,$1.15B,$1.66B,0.69,$4.52B,$0.40B,8.81%,$4.52B,$0.41B,9.05%,$4.52B,$0.41B,9.05%,$4.52B,$0.47B,10.31%,$4.52B,$0.37B,8.19%,$4.52B,$0.51B,11.35%,$0.51B,$1.66B,33.53%,$0.51B,$-0.13B,-1080.00%,$0.51B,$4.86B,11.65%,$0.41B,$2.81B,17.41%,$1278,$1156,$122,$0,$37,$1175,$103,$-21,$82,$22,$60,$60,$58,$120,$103,$141,141,$0.41,$0.41,$581,$0,$317,$1764,$129,$724,$1791,$148,$3099,$4863,$1364,$1147,$354,$1841,$3205,$0,$1225,$-940,$1658,$4863,$261,$47,$-125,$-78,$-144,$0,$72,$-121,$-147,$36,$-15,$0,$-354,$0,$-59,$-59,$0,$-428,$697,$-7,$690,$-1,$-1,$-34,$-103,$552,$142,$0,$-34
1,2018-06-30,17.92,$11.44,1.57,$30.43,0.59,$1.64,10.91,$3.53,5.08,$1.66B,$1.30B,1.28,$1.07B,$1.61B,0.66,$4.28B,$0.36B,8.49%,$4.28B,$0.38B,8.86%,$4.28B,$0.38B,8.86%,$4.28B,$0.43B,10.06%,$4.28B,$0.35B,8.21%,$4.28B,$0.50B,11.69%,$0.50B,$1.61B,37.59%,$0.50B,$-0.21B,-498.75%,$0.50B,$4.71B,12.23%,$0.38B,$2.68B,19.06%,$1267,$1137,$130,$0,$41,$1169,$98,$-18,$80,$18,$62,$62,$42,$115,$98,$140,141,$0.30,$0.30,$519,$0,$365,$1663,$133,$622,$1815,$158,$3047,$4710,$1297,$1065,$372,$1803,$3100,$0,$1179,$-935,$1610,$4710,$201,$30,$-108,$-78,$-70,$0,$36,$-136,$-159,$-36,$-11,$0,$-357,$0,$36,$36,$0,$-332,$604,$-5,$599,$-2,$-2,$-23,$-102,$472,$80,$0,$-23
2,2018-03-31,16.12,$11.60,1.39,$29.20,0.55,$3.42,4.71,$3.77,4.28,$1.63B,$1.32B,1.24,$0.57B,$1.63B,0.35,$4.10B,$0.34B,8.31%,$4.10B,$0.38B,9.36%,$4.10B,$0.38B,9.36%,$4.10B,$0.43B,10.53%,$4.10B,$0.37B,9.04%,$4.10B,$0.54B,13.04%,$0.54B,$1.63B,47.33%,$0.54B,$0.13B,-365.19%,$0.54B,$4.36B,14.06%,$0.38B,$2.20B,23.30%,$1038,$957,$81,$0,$35,$857,$181,$-8,$173,$34,$139,$139,$138,$194,$181,$140,140,$0.98,$0.97,$486,$0,$337,$1633,$142,$566,$1497,$131,$2731,$4364,$1320,$569,$371,$1413,$2733,$0,$1148,$-912,$1631,$4364,$139,$13,$-113,$-100,$-134,$0,$63,$-74,$-131,$-130,$-9,$0,$0,$0,$133,$133,$1,$125,$70,$0,$70,$-2,$-2,$-11,$-6,$51,$47,$0,$-11
3,2017-12-31,19.65,$8.71,2.26,$29.52,0.67,$3.59,5.47,$3.06,6.42,$1.43B,$1.07B,1.33,$0.50B,$1.22B,0.41,$4.17B,$0.34B,8.20%,$4.17B,$0.27B,6.38%,$4.17B,$0.27B,6.38%,$4.17B,$0.31B,7.53%,$4.17B,$0.25B,5.97%,$4.17B,$0.43B,10.41%,$0.43B,$1.22B,47.16%,$0.43B,$0.01B,-153.63%,$0.43B,$3.67B,11.72%,$0.27B,$1.72B,18.14%,$937,$872,$65,$0,$40,$910,$27,$8,$35,$-243,$278,$278,$275,$37,$27,$141,141,$1.94,$1.94,$439,$0,$476,$1425,$130,$387,$1207,$124,$2249,$3674,$1071,$498,$374,$1382,$2453,$0,$877,$-921,$1221,$3674,$442,$48,$-370,$-322,$92,$0,$-193,$160,$73,$193,$-8,$0,$-4,$0,$2,$2,$-2,$-12,$-180,$-9,$-189,$-53,$-53,$-45,$-3,$-290,$-97,$0,$-45
4,2017-09-30,17.64,$6.13,2.88,$31.26,0.56,$2.63,6.71,$0.51,34.59,$1.52B,$1.17B,1.3,$0.50B,$0.86B,0.59,$4.42B,$0.28B,6.40%,$4.42B,$0.21B,4.66%,$4.42B,$0.21B,4.66%,$4.42B,$0.26B,5.83%,$4.42B,$0.19B,4.18%,$4.42B,$0.07B,1.63%,$0.07B,$0.86B,8.99%,$0.07B,$-0.34B,-17.93%,$0.07B,$3.60B,1.88%,$0.21B,$1.36B,14.77%,$1034,$947,$87,$0,$37,$961,$73,$-10,$63,$16,$47,$47,$45,$84,$73,$140,140,$0.32,$0.32,$511,$0,$506,$1518,$134,$401,$1202,$124,$2083,$3601,$1172,$502,$385,$1571,$2743,$0,$613,$-1024,$858,$3601,$164,$38,$-119,$-81,$100,$0,$-144,$167,$155,$238,$-6,$0,$2,$0,$2,$2,$-2,$-4,$-180,$-5,$-185,$-52,$-52,$-34,$-1,$-272,$-25,$0,$-34
5,2017-06-30,14.95,$5.80,2.58,$31.43,0.48,$0.99,15.13,$-0.25,0.0,$1.50B,$1.20B,1.25,$0.50B,$0.81B,0.62,$4.46B,$0.16B,3.59%,$4.46B,$0.07B,1.48%,$4.46B,$0.07B,1.48%,$4.46B,$0.12B,2.67%,$4.46B,$0.05B,1.21%,$4.46B,$-0.04B,-0.81%,$-0.04B,$0.81B,-4.18%,$-0.04B,$-0.39B,10.47%,$-0.04B,$3.58B,-0.90%,$0.07B,$1.31B,4.40%,$1094,$986,$108,$0,$38,$991,$103,$-3,$100,$21,$79,$79,$77,$117,$103,$141,141,$0.54,$0.54,$491,$0,$477,$1495,$139,$386,$1201,$125,$2086,$3581,$1199,$501,$445,$1571,$2770,$0,$580,$-1030,$811,$3581,$117,$27,$-115,$-88,$70,$0,$-126,$240,$181,$210,$-6,$0,$2,$0,$2,$2,$-1,$-3,$-180,$-5,$-185,$-52,$-52,$-23,$-1,$-261,$-45,$0,$-23
6,2017-03-31,14.68,$5.53,2.66,$30.78,0.48,$-0.58,0.0,$-0.47,0.0,$1.88B,$1.34B,1.4,$0.69B,$0.79B,0.87,$4.38B,$0.13B,2.88%,$4.38B,$0.03B,0.59%,$4.38B,$0.03B,0.59%,$4.38B,$0.08B,1.71%,$4.38B,$0.02B,0.55%,$4.38B,$-0.07B,-1.51%,$-0.07B,$0.79B,-6.99%,$-0.07B,$-0.41B,112.34%,$-0.07B,$3.96B,-1.67%,$0.03B,$1.48B,1.77%,$1106,$1024,$82,$0,$32,$1043,$63,$-12,$51,$13,$38,$38,$37,$76,$63,$143,143,$0.26,$0.26,$410,$0,$509,$1881,$143,$369,$1201,$127,$2081,$3962,$1343,$685,$385,$1828,$3171,$0,$513,$-1030,$791,$3962,$38,$13,$-4,$9,$38,$0,$-75,$-132,$-147,$-115,$-3,$0,$2,$0,$0,$0,$0,$-1,$0,$0,$0,$-2,$-2,$-12,$-1,$-15,$-126,$0,$-12
7,2016-12-31,16.21,$5.22,3.11,$30.06,0.54,$0.08,209.21,$-0.43,0.0,$2.05B,$1.56B,1.31,$0.68B,$0.75B,0.92,$4.27B,$0.11B,2.62%,$4.27B,$0.03B,0.66%,$4.27B,$0.03B,0.66%,$4.27B,$0.07B,1.71%,$4.27B,$0.03B,0.77%,$4.27B,$-0.06B,-1.43%,$-0.06B,$0.75B,-5.96%,$-0.06B,$-0.46B,-27.54%,$-0.06B,$4.14B,-1.61%,$0.03B,$1.43B,2.01%,$1190,$1184,$6,$0,$32,$1223,$-33,$4,$-29,$57,$-86,$-86,$-87,$-19,$-33,$142,142,$-0.61,$-0.61,$536,$0,$519,$2047,$145,$369,$1207,$127,$2097,$4144,$1559,$684,$391,$1840,$3399,$0,$488,$-1050,$745,$4144,$-51,$45,$-61,$-16,$121,$0,$-6,$115,$128,$61,$-11,$0,$-911,$0,$-59,$-59,$0,$-981,$650,$-9,$641,$-4,$-4,$-46,$-7,$584,$-347,$0,$-46
8,2016-09-30,14.63,$7.69,1.9,$29.18,0.5,$-0.02,0.0,$0.47,31.13,$1.79B,$1.55B,1.16,$0.69B,$1.10B,0.63,$4.16B,$0.20B,4.81%,$4.16B,$0.14B,3.27%,$4.16B,$0.14B,3.27%,$4.16B,$0.18B,4.26%,$4.16B,$0.14B,3.25%,$4.16B,$0.07B,1.64%,$0.07B,$1.10B,6.18%,$0.07B,$-0.11B,13.33%,$0.07B,$4.24B,1.88%,$0.14B,$1.79B,10.39%,$1073,$1109,$-36,$0,$43,$1140,$-67,$-1,$-68,$-11,$-57,$-57,$-63,$-55,$-67,$142,142,$-0.44,$-0.44,$569,$0,$513,$1790,$165,$327,$1210,$128,$2452,$4242,$1550,$690,$388,$1595,$3145,$0,$587,$-792,$1097,$4242,$35,$31,$-31,$0,$9,$0,$39,$-37,$-27,$8,$-6,$0,$-911,$0,$-5,$-5,$0,$-922,$650,$-5,$645,$-2,$-2,$-34,$-9,$600,$-314,$0,$-34
9,2016-06-30,12.73,$8.04,1.58,$29.95,0.43,$-0.18,0.0,$1.29,9.87,$1.80B,$1.37B,1.31,$0.04B,$1.15B,0.04,$4.28B,$0.32B,7.54%,$4.28B,$0.28B,6.49%,$4.28B,$0.28B,6.49%,$4.28B,$0.32B,7.40%,$4.28B,$0.28B,6.56%,$4.28B,$0.19B,4.34%,$0.19B,$1.15B,17.39%,$0.19B,$0.75B,26.90%,$0.19B,$3.43B,5.37%,$0.28B,$1.19B,24.84%,$1009,$935,$74,$0,$34,$946,$63,$7,$70,$23,$47,$47,$47,$73,$63,$142,142,$0.32,$0.32,$804,$0,$379,$1801,$153,$316,$395,$140,$1631,$3432,$1374,$41,$389,$913,$2287,$0,$661,$-808,$1145,$3432,$92,$19,$-55,$-36,$25,$0,$32,$-104,$-68,$-12,$-5,$0,$-22,$0,$0,$0,$0,$-27,$0,$-5,$-5,$-2,$-2,$-23,$-8,$-38,$-79,$0,$-23
10,2016-03-31,14.81,$7.78,1.9,$32.43,0.46,$-0.90,0.0,$1.40,10.58,$1.75B,$1.31B,1.33,$0.05B,$1.11B,0.05,$4.66B,$0.32B,6.94%,$4.66B,$0.31B,6.68%,$4.66B,$0.31B,6.68%,$4.66B,$0.35B,7.47%,$4.66B,$0.30B,6.49%,$4.66B,$0.20B,4.32%,$0.20B,$1.11B,19.75%,$0.20B,$0.71B,31.07%,$0.20B,$3.37B,5.64%,$0.31B,$1.16B,29.02%,$996,$928,$68,$0,$34,$931,$65,$-5,$60,$15,$45,$45,$42,$74,$65,$142,142,$0.30,$0.30,$824,$0,$338,$1745,$162,$303,$397,$134,$1625,$3370,$1313,$50,$381,$949,$2262,$0,$626,$-808,$1108,$3370,$45,$9,$-27,$-18,$54,$0,$-9,$-51,$-25,$-21,$-3,$0,$-22,$0,$0,$0,$0,$-25,$0,$0,$0,$-2,$-2,$-11,$-5,$-18,$-59,$0,$-11
11,2015-12-31,16.1,$7.41,2.17,$35.32,0.46,$-1.48,0.0,$1.40,11.5,$1.84B,$1.39B,1.32,$0.05B,$1.05B,0.05,$5.10B,$0.33B,6.38%,$5.10B,$0.31B,6.08%,$5.10B,$0.31B,6.08%,$5.10B,$0.35B,6.85%,$5.10B,$0.31B,6.12%,$5.10B,$0.20B,3.98%,$0.20B,$1.05B,21.18%,$0.20B,$0.69B,34.05%,$0.20B,$3.41B,5.50%,$0.31B,$1.10B,30.54%,$1080,$986,$94,$0,$36,$1005,$75,$-2,$73,$25,$48,$48,$42,$85,$75,$144,144,$0.29,$0.29,$883,$0,$333,$1844,$169,$281,$359,$134,$1568,$3412,$1393,$51,$389,$967,$2360,$0,$595,$-831,$1052,$3412,$226,$39,$-144,$-105,$41,$0,$-274,$141,$-74,$47,$-10,$0,$0,$0,$111,$111,$0,$101,$0,$-11,$-11,$-61,$-61,$-47,$-73,$-192,$-87,$0,$-47
12,2015-09-30,15.78,$6.75,2.34,$37.53,0.42,$-0.94,0.0,$-7.46,0.0,$1.96B,$1.52B,1.29,$0.06B,$0.97B,0.06,$5.43B,$0.07B,1.27%,$5.43B,$-0.60B,-11.12%,$5.43B,$-0.60B,-11.12%,$5.43B,$-0.11B,-2.06%,$5.43B,$-0.60B,-11.06%,$5.43B,$-1.08B,-19.88%,$-1.08B,$0.97B,-116.22%,$-1.08B,$0.61B,-190.98%,$-1.08B,$3.65B,-27.99%,$-0.60B,$1.03B,-61.09%,$1199,$1112,$87,$0,$38,$1124,$75,$3,$78,$19,$59,$59,$55,$85,$75,$144,144,$0.38,$0.38,$768,$0,$427,$1962,$198,$261,$362,$143,$1689,$3651,$1516,$56,$383,$1161,$2677,$0,$565,$-920,$974,$3651,$178,$29,$-59,$-30,$-19,$0,$-239,$37,$-233,$-85,$63,$0,$0,$0,$-15,$-15,$0,$48,$0,$-7,$-7,$-21,$-21,$-35,$-65,$-128,$-202,$0,$-35
13,2015-06-30,18.36,$6.48,2.83,$40.63,0.45,$0.19,97.25,$-7.63,0.0,$2.15B,$1.67B,1.29,$0.06B,$0.94B,0.06,$5.89B,$0.01B,0.20%,$5.89B,$-0.67B,-11.36%,$5.89B,$-0.67B,-11.36%,$5.89B,$-0.17B,-2.85%,$5.89B,$-0.64B,-10.78%,$5.89B,$-1.11B,-18.76%,$-1.11B,$0.94B,-87.35%,$-1.11B,$0.57B,-141.67%,$-1.11B,$3.82B,-25.74%,$-0.67B,$1.00B,-50.38%,$1381,$1307,$74,$0,$42,$1285,$96,$-5,$91,$23,$68,$68,$62,$104,$96,$144,144,$0.43,$0.43,$731,$0,$468,$2154,$229,$165,$364,$166,$1668,$3822,$1671,$59,$407,$1215,$2886,$0,$522,$-916,$936,$3822,$119,$19,$-119,$-100,$-49,$0,$-135,$27,$-168,$-139,$19,$0,$0,$0,$0,$0,$0,$19,$0,$-7,$-7,$-16,$-16,$-23,$-52,$-98,$-239,$0,$-23
14,2015-03-31,13.59,$6.05,2.25,$42.48,0.32,$0.93,14.69,$-8.12,0.0,$2.23B,$1.82B,1.23,$0.06B,$0.87B,0.07,$6.17B,$-0.03B,-0.55%,$6.17B,$-0.74B,-12.00%,$6.17B,$-0.74B,-12.00%,$6.17B,$-0.23B,-3.71%,$6.17B,$-0.71B,-11.48%,$6.17B,$-1.18B,-19.05%,$-1.18B,$0.87B,-72.72%,$-1.18B,$0.51B,-116.54%,$-1.18B,$3.88B,-25.19%,$-0.74B,$0.93B,-43.98%,$1436,$1366,$70,$0,$39,$1372,$64,$6,$70,$19,$51,$51,$44,$75,$64,$145,145,$0.30,$0.30,$758,$0,$555,$2233,$230,$144,$364,$152,$1650,$3883,$1819,$60,$397,$1192,$3011,$0,$471,$-922,$872,$3883,$51,$11,$-35,$-24,$3,$0,$-102,$-4,$-114,$-108,$-1,$0,$0,$0,$0,$0,$0,$-1,$0,$0,$0,$-15,$-15,$-12,$-48,$-75,$-212,$0,$-12
15,2014-12-31,15.83,$6.46,2.45,$43.76,0.36,$1.46,10.86,$-8.71,0.0,$2.45B,$1.98B,1.24,$0.06B,$0.94B,0.07,$6.37B,$-0.07B,-1.02%,$6.37B,$-0.79B,-12.47%,$6.37B,$-0.79B,-12.47%,$6.37B,$-0.28B,-4.34%,$6.37B,$-0.78B,-12.21%,$6.37B,$-1.26B,-19.82%,$-1.26B,$0.94B,-63.48%,$-1.26B,$0.57B,-100.34%,$-1.26B,$4.08B,-25.12%,$-0.79B,$1.00B,-38.93%,$1417,$1579,$-162,$0,$61,$2256,$-839,$-1,$-840,$391,$-1231,$-1231,$-1241,$-376,$-839,$146,146,$-8.52,$-8.52,$970,$0,$637,$2454,$247,$151,$365,$148,$1624,$4078,$1978,$63,$410,$1165,$3143,$0,$439,$-876,$935,$4078,$-1198,$518,$330,$848,$170,$0,$-10,$375,$520,$170,$-53,$0,$0,$0,$9,$9,$0,$-44,$0,$-11,$-11,$-102,$-102,$-47,$-50,$-210,$-136,$0,$-47
16,2014-09-30,17.49,$15.97,1.1,$45.33,0.39,$2.13,8.23,$0.04,437.35,$2.82B,$1.90B,1.49,$0.07B,$2.32B,0.03,$6.63B,$0.10B,1.57%,$6.63B,$0.02B,0.27%,$6.63B,$0.02B,0.27%,$6.63B,$0.09B,1.39%,$6.63B,$0.04B,0.53%,$6.63B,$-0.08B,-1.16%,$-0.08B,$2.32B,-3.26%,$-0.08B,$1.47B,-5.10%,$-0.08B,$5.39B,-1.44%,$0.02B,$2.39B,0.74%,$1657,$1627,$30,$0,$58,$1647,$10,$34,$44,$-1,$45,$45,$30,$29,$10,$145,145,$0.21,$0.21,$1048,$0,$660,$2823,$410,$149,$847,$192,$2563,$5386,$1896,$70,$487,$1173,$3069,$0,$1692,$-744,$2317,$5386,$33,$55,$-152,$-97,$66,$0,$-43,$213,$242,$178,$-37,$0,$0,$0,$0,$0,$0,$-37,$0,$-7,$-7,$-98,$-98,$-35,$-38,$-178,$-58,$0,$-35
17,2014-06-30,22.07,$16.11,1.37,$45.76,0.48,$1.32,16.77,$-0.01,0.0,$2.75B,$1.91B,1.44,$0.07B,$2.34B,0.03,$6.73B,$0.19B,2.79%,$6.73B,$0.09B,1.29%,$6.73B,$0.09B,1.29%,$6.73B,$0.16B,2.38%,$6.73B,$0.07B,0.98%,$6.73B,$-0.15B,-2.29%,$-0.15B,$2.34B,-6.24%,$-0.15B,$1.49B,-9.56%,$-0.15B,$5.31B,-2.87%,$0.09B,$2.41B,3.44%,$1659,$1631,$28,$0,$60,$1634,$25,$-7,$18,$10,$8,$8,$-8,$43,$25,$145,145,$-0.06,$-0.06,$969,$0,$682,$2745,$421,$174,$854,$115,$2566,$5311,$1910,$74,$440,$1062,$2972,$0,$1673,$-701,$2339,$5311,$-12,$36,$-77,$-41,$93,$0,$-31,$-8,$73,$20,$-34,$0,$0,$0,$9,$9,$0,$-25,$0,$-7,$-7,$-92,$-92,$-24,$-24,$-147,$-137,$0,$-24
18,2014-03-31,24.62,$16.12,1.53,$47.49,0.52,$0.49,50.54,$0.66,37.3,$2.78B,$1.89B,1.47,$0.00B,$2.36B,0.0,$7.02B,$0.30B,4.27%,$7.02B,$0.19B,2.64%,$7.02B,$0.19B,2.64%,$7.02B,$0.26B,3.65%,$7.02B,$0.17B,2.48%,$7.02B,$-0.06B,-0.80%,$-0.06B,$2.36B,-2.20%,$-0.06B,$1.51B,-3.33%,$-0.06B,$5.32B,-1.04%,$0.19B,$2.36B,7.11%,$1633,$1594,$39,$0,$60,$1623,$10,$-9,$1,$21,$-20,$-20,$-43,$28,$10,$146,146,$-0.29,$-0.29,$996,$0,$702,$2781,$415,$163,$855,$117,$2542,$5323,$1888,$0,$523,$1074,$2962,$0,$1693,$-723,$2361,$5323,$-20,$18,$-25,$-7,$121,$0,$-20,$-81,$-2,$-17,$-15,$0,$0,$0,$0,$0,$0,$-15,$0,$-2,$-2,$-52,$-52,$-12,$-18,$-84,$-110,$0,$-12
19,2013-12-31,29.34,$16.46,1.78,$48.67,0.6,$-0.06,0.0,$1.54,19.05,$2.93B,$1.91B,1.53,$0.08B,$2.44B,0.03,$7.21B,$0.42B,5.78%,$7.21B,$0.31B,4.27%,$7.21B,$0.31B,4.27%,$7.21B,$0.38B,5.21%,$7.21B,$0.30B,4.16%,$7.21B,$0.08B,1.04%,$0.08B,$2.44B,2.88%,$0.08B,$1.58B,4.31%,$0.08B,$5.44B,1.38%,$0.31B,$2.52B,11.48%,$1680,$1673,$7,$0,$67,$1707,$-27,$-1,$-28,$24,$-52,$-52,$-56,$-8,$-27,$148,149,$-0.38,$-0.38,$1106,$0,$595,$2925,$415,$156,$857,$113,$2513,$5438,$1907,$78,$451,$1092,$2999,$0,$1748,$-740,$2439,$5438,$171,$68,$-121,$-53,$0,$0,$49,$195,$179,$297,$-78,$0,$0,$0,$16,$16,$0,$-62,$-14,$0,$-14,$-1,$-1,$-36,$-97,$-148,$53,$0,$-36
20,2013-09-30,29.95,$18.48,1.62,$48.90,0.61,$-0.23,0.0,$1.56,19.2,$3.22B,$1.76B,1.82,$0.08B,$2.74B,0.03,$7.25B,$0.36B,4.92%,$7.25B,$0.40B,5.57%,$7.25B,$0.40B,5.57%,$7.25B,$0.65B,8.94%,$7.25B,$0.39B,5.42%,$7.25B,$0.16B,2.22%,$0.16B,$2.74B,6.14%,$0.16B,$1.87B,9.19%,$0.16B,$5.42B,2.91%,$0.40B,$2.82B,15.07%,$1755,$1641,$114,$0,$66,$1676,$79,$-4,$75,$60,$15,$15,$-47,$97,$79,$148,148,$-0.32,$-0.32,$959,$0,$320,$3218,$405,$154,$866,$491,$2202,$5420,$1764,$80,$751,$919,$2683,$0,$1887,$-623,$2737,$5420,$223,$49,$-46,$3,$124,$0,$-64,$-41,$-163,$81,$-57,$0,$0,$0,$7,$7,$0,$-50,$0,$-9,$-9,$-2,$-2,$-24,$-48,$-83,$-94,$0,$-24
21,2013-06-30,29.75,$17.85,1.67,$50.59,0.59,$-0.82,0.0,$0.85,35.0,$3.19B,$1.84B,1.73,$0.08B,$2.64B,0.03,$7.49B,$0.47B,6.25%,$7.49B,$0.31B,4.19%,$7.49B,$0.31B,4.19%,$7.49B,$0.56B,7.41%,$7.49B,$0.30B,4.05%,$7.49B,$0.13B,1.70%,$0.13B,$2.64B,4.92%,$0.13B,$1.78B,7.44%,$0.13B,$5.41B,2.26%,$0.31B,$2.72B,11.89%,$1950,$1810,$140,$0,$63,$1827,$123,$3,$126,$15,$111,$111,$90,$139,$123,$147,148,$0.61,$0.61,$800,$0,$288,$3193,$395,$179,$866,$528,$2215,$5408,$1843,$75,$763,$924,$2767,$0,$1875,$-645,$2641,$5408,$208,$31,$27,$58,$-60,$0,$-31,$-108,$-372,$-97,$-40,$0,$0,$0,$6,$6,$0,$-34,$0,$-9,$-9,$-2,$-2,$-12,$-46,$-69,$-253,$0,$-12
22,2013-03-31,29.3,$17.59,1.67,$51.26,0.57,$-0.49,0.0,$0.94,31.17,$3.50B,$2.02B,1.73,$0.08B,$2.60B,0.03,$7.60B,$0.51B,6.73%,$7.60B,$0.32B,4.21%,$7.60B,$0.32B,4.21%,$7.60B,$0.56B,7.40%,$7.60B,$0.31B,4.05%,$7.60B,$0.14B,1.86%,$0.14B,$2.60B,5.47%,$0.14B,$1.73B,8.53%,$0.14B,$5.55B,2.48%,$0.32B,$2.68B,12.13%,$1829,$1673,$156,$0,$52,$1696,$133,$-6,$127,$30,$97,$97,$88,$148,$133,$147,148,$0.59,$0.59,$904,$0,$333,$3495,$390,$202,$872,$424,$2052,$5547,$2023,$79,$771,$925,$2948,$0,$1797,$-611,$2599,$5547,$97,$15,$51,$66,$-95,$0,$17,$-85,$-264,$-93,$-20,$0,$0,$0,$0,$0,$0,$-20,$0,$0,$0,$-4,$-4,$0,$-11,$-15,$-149,$0,$0
23,2012-12-31,27.25,$17.01,1.6,$52.33,0.52,$-0.55,0.0,$0.96,28.39,$3.44B,$2.18B,1.58,$0.00B,$2.51B,0.0,$7.77B,$0.52B,6.67%,$7.77B,$0.30B,3.85%,$7.77B,$0.30B,3.85%,$7.77B,$0.54B,6.98%,$7.77B,$0.29B,3.71%,$7.77B,$0.14B,1.85%,$0.14B,$2.51B,5.62%,$0.14B,$1.63B,9.06%,$0.14B,$5.77B,2.54%,$0.30B,$2.51B,11.39%,$1715,$1768,$-53,$0,$59,$1646,$69,$-4,$65,$13,$52,$52,$30,$264,$69,$148,149,$0.21,$0.21,$1053,$0,$1053,$3444,$390,$217,$878,$635,$2323,$5767,$2184,$0,$604,$1072,$3256,$0,$1709,$-610,$2511,$5767,$202,$243,$-163,$80,$-9,$0,$-14,$-82,$-175,$142,$52,$0,$-3,$0,$3,$3,$0,$52,$0,$-14,$-14,$-33,$-33,$-37,$-32,$-116,$87,$0,$-37
24,2012-09-30,27.12,$17.43,1.56,$53.65,0.51,$1.90,14.25,$1.36,19.94,$3.61B,$2.28B,1.58,$0.09B,$2.57B,0.03,$7.99B,$0.60B,7.49%,$7.99B,$0.37B,4.58%,$7.99B,$0.37B,4.58%,$7.99B,$0.43B,5.39%,$7.99B,$0.35B,4.42%,$7.99B,$0.20B,2.55%,$0.20B,$2.57B,8.02%,$0.20B,$1.69B,13.37%,$0.20B,$5.72B,3.61%,$0.37B,$2.66B,13.92%,$1992,$1767,$225,$0,$56,$2003,$-11,$-4,$-15,$45,$-60,$-60,$-81,$4,$-11,$147,147,$-0.55,$-0.55,$846,$0,$460,$3612,$380,$250,$881,$449,$2106,$5718,$2284,$87,$686,$862,$3146,$0,$1699,$-541,$2572,$5718,$150,$48,$128,$176,$-94,$0,$117,$-333,$-359,$-11,$-53,$0,$-1,$0,$4,$4,$0,$-50,$0,$-10,$-10,$-31,$-31,$-22,$-5,$-68,$-120,$0,$-22
25,2012-06-30,22.43,$17.74,1.26,$55.91,0.4,$3.97,5.65,$3.14,7.14,$3.45B,$2.18B,1.58,$0.08B,$2.62B,0.03,$8.39B,$0.57B,6.83%,$8.39B,$0.52B,6.14%,$8.39B,$0.52B,6.14%,$8.39B,$0.58B,6.96%,$8.39B,$0.51B,6.02%,$8.39B,$0.47B,5.60%,$0.47B,$2.62B,18.66%,$0.47B,$1.56B,32.30%,$0.47B,$5.70B,8.37%,$0.52B,$2.70B,19.76%,$2062,$1879,$183,$0,$52,$1933,$129,$2,$131,$19,$112,$112,$104,$146,$129,$148,149,$0.70,$0.70,$824,$0,$480,$3446,$368,$222,$1060,$476,$2249,$5695,$2178,$83,$721,$896,$3074,$0,$1787,$-550,$2621,$5695,$210,$33,$-13,$20,$44,$0,$52,$-342,$-299,$-55,$-33,$0,$-2,$0,$4,$4,$0,$-31,$0,$-10,$-10,$-22,$-22,$-15,$-2,$-49,$-142,$0,$-15
26,2012-03-31,32.21,$17.11,1.88,$58.24,0.55,$5.72,5.63,$3.09,10.42,$3.27B,$2.09B,1.57,$0.09B,$2.54B,0.04,$8.78B,$0.62B,7.01%,$8.78B,$0.56B,6.32%,$8.78B,$0.56B,6.32%,$8.78B,$0.63B,7.12%,$8.78B,$0.54B,6.15%,$8.78B,$0.47B,5.31%,$0.47B,$2.54B,18.97%,$0.47B,$1.47B,33.54%,$0.47B,$5.54B,8.38%,$0.56B,$2.63B,21.79%,$2001,$1838,$163,$0,$55,$1889,$112,$-5,$107,$9,$98,$98,$91,$128,$112,$148,149,$0.61,$0.61,$837,$0,$463,$3271,$389,$223,$1066,$466,$2265,$5536,$2086,$90,$748,$912,$2998,$0,$1691,$-541,$2538,$5536,$98,$16,$-12,$4,$132,$0,$-4,$-314,$-215,$-107,$-16,$0,$-2,$0,$3,$3,$0,$-15,$0,$0,$0,$-5,$-5,$-7,$-3,$-15,$-129,$0,$-7
27,2011-12-31,25.22,$16.48,1.53,$60.08,0.42,$7.85,3.21,$3.17,7.95,$3.44B,$2.28B,1.51,$0.09B,$2.44B,0.04,$9.10B,$0.64B,7.03%,$9.10B,$0.59B,6.45%,$9.10B,$0.59B,6.45%,$9.10B,$0.66B,7.23%,$9.10B,$0.57B,6.28%,$9.10B,$0.48B,5.27%,$0.48B,$2.44B,20.05%,$0.48B,$1.38B,36.23%,$0.48B,$5.67B,8.66%,$0.59B,$2.53B,23.61%,$1938,$1910,$28,$0,$51,$1802,$136,$-6,$130,$25,$105,$105,$90,$153,$136,$150,151,$0.61,$0.60,$966,$0,$518,$3435,$384,$190,$1064,$465,$2231,$5666,$2277,$88,$788,$947,$3224,$0,$1607,$-548,$2442,$5666,$540,$71,$-334,$-263,$265,$0,$-110,$158,$356,$650,$-83,$0,$0,$0,$-5,$-5,$0,$-88,$0,$-15,$-15,$-111,$-111,$-30,$-221,$-377,$180,$0,$-30
28,2011-09-30,21.34,$16.63,1.28,$62.16,0.34,$7.17,2.97,$3.08,6.93,$3.37B,$2.30B,1.47,$0.09B,$2.48B,0.04,$9.51B,$0.82B,8.59%,$9.51B,$0.60B,6.30%,$9.51B,$0.60B,6.30%,$9.51B,$0.67B,7.05%,$9.51B,$0.58B,6.14%,$9.51B,$0.47B,4.92%,$0.47B,$2.48B,20.04%,$0.47B,$1.41B,37.06%,$0.47B,$5.57B,8.54%,$0.60B,$2.57B,24.68%,$2387,$2188,$199,$0,$61,$2249,$138,$-1,$137,$-54,$191,$191,$185,$157,$138,$150,151,$1.23,$1.22,$690,$0,$487,$3366,$379,$215,$1065,$454,$2203,$5569,$2295,$90,$631,$799,$3094,$0,$1524,$-448,$2475,$5569,$435,$54,$-129,$-75,$124,$0,$-27,$-135,$-48,$312,$-66,$0,$0,$0,$-11,$-11,$0,$-77,$-10,$0,$-10,$-89,$-89,$-23,$-202,$-324,$-96,$0,$-23
29,2011-06-30,33.97,$15.73,2.16,$62.09,0.55,$8.76,3.88,$2.47,13.75,$3.25B,$2.29B,1.42,$0.09B,$2.37B,0.04,$9.58B,$0.84B,8.72%,$9.58B,$0.62B,6.52%,$9.58B,$0.62B,6.52%,$9.58B,$0.69B,7.23%,$9.58B,$0.61B,6.34%,$9.58B,$0.38B,3.97%,$0.38B,$2.37B,16.50%,$0.38B,$1.30B,29.14%,$0.38B,$5.48B,6.96%,$0.62B,$2.46B,26.02%,$2457,$2231,$226,$0,$58,$2288,$169,$-3,$166,$39,$127,$127,$100,$187,$169,$151,152,$0.65,$0.65,$712,$0,$380,$3249,$381,$229,$1073,$445,$2228,$5477,$2288,$92,$623,$818,$3106,$0,$1347,$-436,$2371,$5477,$244,$35,$-32,$3,$-25,$0,$-27,$-9,$-24,$223,$-47,$0,$0,$0,$-11,$-11,$0,$-58,$-10,$0,$-10,$-32,$-32,$-15,$-191,$-248,$-74,$0,$-15
30,2011-03-31,34.0,$15.11,2.25,$62.51,0.54,$10.17,3.34,$2.48,13.71,$3.23B,$2.35B,1.38,$0.10B,$2.29B,0.04,$9.79B,$0.87B,8.84%,$9.79B,$0.65B,6.68%,$9.79B,$0.65B,6.68%,$9.79B,$0.72B,7.33%,$9.79B,$0.63B,6.46%,$9.79B,$0.39B,3.94%,$0.39B,$2.29B,16.74%,$0.39B,$1.21B,27.92%,$0.39B,$5.47B,7.02%,$0.65B,$2.39B,27.24%,$2321,$2134,$187,$0,$44,$2177,$144,$-5,$139,$22,$117,$117,$105,$161,$144,$151,152,$0.69,$0.69,$788,$0,$385,$3229,$374,$241,$1076,$446,$2238,$5467,$2346,$97,$616,$832,$3178,$0,$1254,$-432,$2289,$5467,$117,$17,$-35,$-18,$82,$0,$-29,$34,$125,$225,$-26,$0,$0,$0,$-8,$-8,$0,$-34,$0,$0,$0,$1,$1,$-8,$-195,$-202,$2,$0,$-8
31,2010-12-31,27.39,$14.58,1.88,$63.59,0.43,$8.74,3.13,$2.08,13.17,$3.26B,$2.34B,1.4,$0.09B,$2.20B,0.04,$10.10B,$0.83B,8.18%,$10.10B,$0.61B,6.03%,$10.10B,$0.61B,6.03%,$10.10B,$0.67B,6.64%,$10.10B,$0.59B,5.80%,$10.10B,$0.33B,3.24%,$0.33B,$2.20B,14.08%,$0.33B,$1.13B,22.15%,$0.33B,$5.42B,5.91%,$0.61B,$2.30B,25.19%,$2342,$2137,$205,$0,$55,$2194,$148,$-6,$142,$45,$97,$97,$78,$165,$148,$156,157,$0.51,$0.50,$786,$0,$394,$3262,$355,$219,$1074,$404,$2155,$5417,$2339,$92,$657,$874,$3213,$0,$1157,$-438,$2204,$5417,$395,$62,$-118,$-56,$-181,$0,$-177,$529,$180,$549,$-66,$-20,$-299,$0,$-12,$-12,$0,$-397,$0,$-13,$-13,$-228,$-228,$-32,$-63,$-336,$-155,$0,$-32
32,2010-09-30,22.11,$15.50,1.43,$67.08,0.33,$5.19,4.26,$2.02,10.95,$3.61B,$2.23B,1.62,$0.10B,$2.35B,0.04,$10.72B,$0.80B,7.50%,$10.72B,$0.59B,5.46%,$10.72B,$0.59B,5.46%,$10.72B,$0.64B,6.01%,$10.72B,$0.56B,5.26%,$10.72B,$0.32B,3.00%,$0.32B,$2.35B,13.73%,$0.32B,$1.58B,20.37%,$0.32B,$5.47B,5.85%,$0.59B,$2.45B,24.20%,$2455,$2238,$217,$0,$53,$2292,$163,$-3,$160,$43,$117,$117,$97,$179,$163,$155,156,$0.62,$0.62,$1175,$0,$377,$3607,$348,$217,$772,$405,$1859,$5466,$2231,$98,$670,$887,$3118,$0,$1087,$-428,$2348,$5466,$298,$45,$-63,$-18,$-151,$0,$-125,$447,$230,$541,$-39,$-20,$-10,$0,$-14,$-14,$0,$-83,$-9,$0,$-9,$-214,$-214,$-24,$-11,$-258,$234,$0,$-24
33,2010-06-30,18.21,$15.07,1.21,$68.98,0.26,$1.66,10.94,$1.85,9.85,$3.80B,$2.42B,1.57,$0.09B,$2.38B,0.04,$11.11B,$0.78B,7.01%,$11.11B,$0.55B,4.98%,$11.11B,$0.55B,4.98%,$11.11B,$0.62B,5.54%,$11.11B,$0.53B,4.81%,$11.11B,$0.30B,2.68%,$0.30B,$2.38B,12.80%,$0.30B,$1.61B,19.01%,$0.30B,$5.65B,5.38%,$0.55B,$2.48B,23.29%,$2671,$2415,$256,$0,$55,$2472,$199,$-8,$191,$69,$122,$122,$106,$213,$199,$160,161,$0.66,$0.66,$1235,$0,$404,$3803,$335,$226,$773,$407,$1844,$5647,$2419,$93,$635,$844,$3263,$0,$998,$-439,$2384,$5647,$181,$29,$-67,$-38,$-183,$0,$-65,$467,$269,$432,$-19,$-20,$-10,$0,$-7,$-7,$0,$-56,$-4,$0,$-4,$-57,$-57,$-16,$-6,$-83,$294,$0,$-16
34,2010-03-31,19.8,$14.66,1.35,$71.65,0.28,$-1.05,0.0,$1.61,12.3,$3.79B,$2.43B,1.56,$0.10B,$2.35B,0.04,$11.54B,$0.71B,6.19%,$11.54B,$0.49B,4.26%,$11.54B,$0.49B,4.26%,$11.54B,$0.55B,4.79%,$11.54B,$0.48B,4.12%,$11.54B,$0.26B,2.25%,$0.26B,$2.35B,11.35%,$0.26B,$1.59B,16.99%,$0.26B,$5.59B,4.68%,$0.49B,$2.45B,21.30%,$2631,$2483,$148,$0,$49,$2532,$99,$-6,$93,$34,$59,$59,$46,$114,$99,$160,161,$0.29,$0.29,$908,$0,$508,$3791,$321,$167,$766,$417,$1798,$5589,$2431,$97,$582,$804,$3235,$0,$900,$-436,$2354,$5589,$59,$15,$-23,$-8,$-438,$0,$-28,$328,$-64,$-5,$-14,$0,$0,$0,$-4,$-4,$-20,$-38,$0,$0,$0,$-1,$-1,$-8,$10,$1,$-33,$0,$-8
35,2009-12-31,16.94,$14.32,1.18,$75.06,0.23,$-2.04,0.0,$1.80,9.41,$3.64B,$2.29B,1.59,$0.00B,$2.30B,0.0,$12.11B,$0.76B,6.25%,$12.11B,$0.54B,4.43%,$12.11B,$0.54B,4.43%,$12.11B,$0.60B,4.93%,$12.11B,$0.53B,4.39%,$12.11B,$0.29B,2.40%,$0.29B,$2.30B,13.08%,$0.29B,$1.55B,19.85%,$0.29B,$5.33B,5.22%,$0.54B,$2.30B,24.17%,$2964,$2781,$183,$0,$60,$2840,$124,$-4,$120,$31,$89,$89,$73,$138,$124,$160,161,$0.44,$0.44,$941,$0,$608,$3641,$251,$164,$749,$402,$1686,$5327,$2291,$0,$618,$740,$3031,$0,$854,$-444,$2296,$5327,$364,$61,$20,$81,$107,$0,$-355,$-118,$-495,$-36,$-41,$0,$0,$0,$32,$32,$0,$-9,$0,$0,$0,$-29,$-29,$-32,$-105,$-166,$-204,$0,$-32
36,2009-09-30,20.7,$14.18,1.46,$76.93,0.27,$-1.00,0.0,$1.89,10.95,$3.93B,$2.57B,1.53,$0.00B,$2.28B,0.0,$12.53B,$0.79B,6.27%,$12.53B,$0.57B,4.51%,$12.53B,$0.57B,4.51%,$12.53B,$0.63B,5.01%,$12.53B,$0.56B,4.49%,$12.53B,$0.31B,2.43%,$0.31B,$2.28B,14.17%,$0.31B,$1.52B,21.93%,$0.31B,$5.58B,5.36%,$0.57B,$2.28B,26.25%,$2840,$2648,$192,$0,$54,$2709,$131,$-1,$130,$33,$97,$97,$73,$150,$131,$160,161,$0.46,$0.45,$1020,$0,$507,$3927,$242,$197,$752,$250,$1651,$5578,$2571,$0,$666,$732,$3303,$0,$797,$-421,$2275,$5578,$275,$47,$-25,$22,$-191,$0,$-233,$114,$-334,$-27,$-22,$0,$0,$0,$0,$0,$2,$-20,$0,$0,$0,$-26,$-26,$-24,$-42,$-92,$-125,$0,$-24
37,2009-06-30,16.36,$13.72,1.19,$77.36,0.21,$-0.81,0.0,$1.95,8.39,$3.94B,$2.67B,1.47,$0.00B,$2.20B,0.0,$12.71B,$0.79B,6.24%,$12.71B,$0.58B,4.55%,$12.71B,$0.58B,4.55%,$12.71B,$0.64B,5.02%,$12.71B,$0.58B,4.59%,$12.71B,$0.32B,2.50%,$0.32B,$2.20B,14.73%,$0.32B,$1.44B,22.79%,$0.32B,$5.65B,5.63%,$0.58B,$2.20B,26.85%,$3101,$2910,$191,$0,$54,$2964,$137,$-5,$132,$49,$83,$83,$67,$151,$137,$160,161,$0.42,$0.42,$1077,$0,$530,$3939,$245,$215,$762,$296,$1708,$5647,$2673,$0,$710,$774,$3447,$0,$732,$-428,$2200,$5647,$178,$28,$-63,$-35,$-65,$0,$-125,$33,$-153,$-8,$-16,$0,$0,$0,$0,$0,$3,$-13,$0,$0,$0,$-21,$-21,$-16,$-22,$-59,$-68,$0,$-16
38,2009-03-31,12.22,$13.07,0.93,$73.64,0.17,$-2.42,0.0,$1.81,6.75,$3.98B,$2.81B,1.41,$0.00B,$2.10B,0.0,$12.26B,$0.74B,6.05%,$12.26B,$0.53B,4.33%,$12.26B,$0.53B,4.33%,$12.26B,$0.59B,4.78%,$12.26B,$0.55B,4.49%,$12.26B,$0.30B,2.43%,$0.30B,$2.10B,13.51%,$0.30B,$1.34B,18.98%,$0.30B,$5.66B,5.41%,$0.53B,$2.10B,24.08%,$3200,$3009,$191,$0,$49,$3056,$144,$6,$150,$55,$95,$95,$77,$158,$144,$161,162,$0.48,$0.48,$921,$0,$562,$3975,$240,$189,$763,$336,$1680,$5655,$2812,$0,$706,$744,$3556,$0,$673,$-442,$2099,$5655,$95,$14,$-22,$-8,$-223,$0,$-54,$-12,$-254,$-172,$-7,$0,$0,$0,$2,$2,$0,$-5,$0,$0,$0,$-16,$-16,$-8,$-17,$-41,$-224,$0,$-8
39,2008-12-31,13.4,$12.58,1.07,$68.71,0.19,$-0.96,0.0,$1.91,7.01,$4.14B,$3.04B,1.36,$0.00B,$2.03B,0.0,$11.58B,$0.76B,6.57%,$11.58B,$0.54B,4.67%,$11.58B,$0.54B,4.67%,$11.58B,$0.59B,5.09%,$11.58B,$0.57B,4.90%,$11.58B,$0.32B,2.75%,$0.32B,$2.03B,14.04%,$0.32B,$1.27B,18.08%,$0.32B,$5.88B,5.89%,$0.54B,$2.03B,23.82%,$3386,$3174,$212,$0,$60,$3233,$153,$-3,$150,$61,$89,$89,$88,$169,$153,$166,167,$0.54,$0.53,$1145,$0,$743,$4142,$245,$185,$767,$378,$1742,$5884,$3043,$0,$770,$807,$3850,$0,$596,$-439,$2034,$5884,$367,$49,$0,$49,$-124,$0,$214,$-370,$-320,$124,$-30,$0,$-526,$0,$0,$0,$0,$-556,$0,$0,$0,$-193,$-193,$-25,$-26,$-244,$-716,$0,$-25
40,2008-09-30,13.41,$14.10,0.95,$62.57,0.21,$-0.29,0.0,$1.79,7.49,$3.66B,$2.63B,1.39,$0.00B,$2.28B,0.0,$10.58B,$0.68B,6.42%,$10.58B,$0.47B,4.44%,$10.58B,$0.47B,4.44%,$10.58B,$0.51B,4.86%,$10.58B,$0.52B,4.90%,$10.58B,$0.30B,2.85%,$0.30B,$2.28B,12.96%,$0.30B,$1.52B,15.51%,$0.30B,$5.32B,5.76%,$0.47B,$2.28B,20.17%,$3018,$2819,$199,$0,$55,$2874,$144,$7,$151,$55,$96,$96,$85,$160,$144,$166,167,$0.51,$0.51,$1110,$0,$289,$3659,$262,$177,$753,$380,$1664,$5323,$2630,$0,$373,$416,$3046,$0,$523,$-136,$2277,$5323,$278,$33,$106,$139,$-119,$0,$-102,$-156,$-379,$1,$-21,$0,$-498,$0,$0,$0,$0,$-519,$0,$0,$0,$-193,$-193,$-17,$-21,$-231,$-751,$0,$-17
41,2008-06-30,30.58,$14.20,2.15,$57.30,0.53,$0.66,46.42,$1.65,18.53,$4.01B,$2.38B,1.69,$0.00B,$2.41B,0.0,$9.74B,$0.65B,6.65%,$9.74B,$0.43B,4.39%,$9.74B,$0.43B,4.39%,$9.74B,$0.46B,4.74%,$9.74B,$0.48B,4.89%,$9.74B,$0.28B,2.87%,$0.28B,$2.41B,12.23%,$0.28B,$2.15B,13.77%,$0.28B,$5.18B,5.38%,$0.43B,$2.41B,18.69%,$2658,$2518,$140,$0,$52,$2568,$90,$10,$100,$36,$64,$64,$48,$99,$90,$169,171,$0.28,$0.28,$1556,$0,$320,$4011,$220,$166,$258,$375,$1167,$5178,$2378,$0,$357,$389,$2767,$0,$446,$-117,$2411,$5178,$171,$17,$78,$95,$-234,$0,$63,$-286,$-508,$-284,$-16,$0,$-11,$0,$0,$0,$3,$-24,$0,$0,$0,$2,$2,$-21,$2,$-17,$-305,$0,$-21
42,2008-03-31,24.25,$13.93,1.74,$54.49,0.45,$4.61,5.26,$2.20,11.02,$4.10B,$2.56B,1.6,$0.00B,$2.36B,0.0,$9.24B,$0.63B,6.80%,$9.24B,$0.40B,4.36%,$9.24B,$0.40B,4.36%,$9.24B,$0.44B,4.75%,$9.24B,$0.45B,4.92%,$9.24B,$0.37B,4.03%,$0.37B,$2.36B,16.93%,$0.37B,$2.11B,19.15%,$0.37B,$5.27B,7.13%,$0.40B,$2.36B,18.34%,$2519,$2309,$210,$0,$56,$2365,$154,$13,$167,$60,$107,$107,$98,$162,$154,$169,170,$0.58,$0.58,$1927,$0,$279,$4095,$220,$205,$251,$362,$1172,$5267,$2556,$0,$328,$347,$2903,$0,$407,$-119,$2364,$5267,$98,$8,$39,$47,$-14,$0,$71,$-112,$-46,$68,$-8,$0,$0,$0,$0,$0,$-7,$-15,$0,$0,$0,$1,$1,$0,$-8,$-7,$66,$0,$0
43,2007-12-31,33.88,$13.36,2.54,$51.74,0.65,$4.08,8.31,$1.79,18.93,$4.06B,$2.62B,1.55,$0.00B,$2.27B,0.0,$8.75B,$0.52B,5.95%,$8.75B,$0.29B,3.36%,$8.75B,$0.29B,3.36%,$8.75B,$0.34B,3.83%,$8.75B,$0.34B,3.91%,$8.75B,$0.30B,3.45%,$0.30B,$2.27B,14.65%,$0.30B,$2.00B,16.81%,$0.30B,$5.20B,5.74%,$0.29B,$2.27B,14.26%,$2389,$2258,$131,$0,$49,$2307,$82,$19,$101,$45,$56,$70,$71,$93,$82,$168,169,$0.41,$0.41,$1861,$0,$282,$4056,$220,$294,$266,$228,$1147,$5203,$2623,$0,$308,$313,$2936,$0,$319,$-122,$2267,$5203,$336,$41,$-346,$-305,$-143,$0,$-92,$368,$190,$248,$-40,$0,$334,$0,$0,$0,$-1,$293,$-7,$0,$-7,$6,$6,$-35,$-114,$-150,$400,$0,$-35
44,2007-09-30,33.85,$12.51,2.71,$54.11,0.63,$8.64,3.92,$1.65,20.52,$4.02B,$2.61B,1.54,$0.00B,$2.12B,0.0,$8.87B,$1.02B,11.54%,$8.87B,$2.72B,30.69%,$8.87B,$2.72B,30.69%,$8.87B,$0.74B,8.32%,$8.87B,$2.75B,31.02%,$8.87B,$0.27B,3.09%,$0.27B,$2.12B,14.10%,$0.27B,$1.87B,16.29%,$0.27B,$5.18B,5.16%,$2.72B,$2.12B,140.04%,$2177,$2010,$167,$0,$65,$2075,$102,$6,$108,$35,$73,$60,$63,$108,$102,$168,170,$0.38,$0.37,$1795,$0,$278,$4020,$219,$307,$251,$239,$1157,$5177,$2609,$0,$446,$449,$3058,$0,$248,$-203,$2119,$5177,$231,$30,$-186,$-156,$-247,$0,$-91,$348,$45,$172,$-31,$0,$334,$0,$0,$0,$0,$303,$-7,$0,$-7,$4,$4,$-28,$-117,$-148,$334,$0,$-28
