,Date,Stock Price,Book Value per Share,Price to Book Ratio,TTM Sales per Share,Price to Sales Ratio,TTM FCF per Share,Price to FCF Ratio,TTM Net EPS,PE Ratio,Current Assets,Current Liabilities,Current Ratio,Long Term Debt,Shareholder's Equity_x,Debt to Equity Ratio,TTM Revenue_x,TTM Gross Profit,Gross Margin,TTM Revenue_y,TTM Operating Income,Operating Margin,TTM Revenue_x,TTM EBIT,EBIT Margin,TTM Revenue_y,TTM EBITDA,EBITDA Margin,TTM Revenue_x,TTM Pre-Tax Income,Pre-Tax Margin,TTM Revenue_y,TTM Net Income_x,Net Margin,TTM Net Income_y,Shareholder's Equity_y,Return on Equity,TTM Net Income_x,Tangible Equity,Return on Tangible Equity,TTM Net Income_y,Total Assets,Return on Assets,TTM Net Income,LT Investments & Debt,Return on Investment,revenue,cost-goods-sold,gross-profit,research-development-expenses,selling-general-administrative-expenses,operating-expenses,operating-income,total-non-operating-income-expense,pre-tax-income,total-provision-income-taxes,income-after-taxes,income-from-continuous-operations,net-income,ebitda,ebit,basic-shares-outstanding,shares-outstanding,eps-basic-net-earnings-per-share,eps-earnings-per-share-diluted,cash-on-hand,inventory,other-current-assets,total-current-assets,net-property-plant-equipment,long-term-investments,goodwill-intangible-assets-total,other-long-term-assets,total-long-term-assets,total-assets,total-current-liabilities,long-term-debt,other-non-current-liabilities,total-long-term-liabilities,total-liabilities,common-stock-net,retained-earnings-accumulated-deficit,comprehensive-income,total-share-holder-equity,total-liabilities-share-holders-equity,net-income-loss,total-depreciation-amortization-cash-flow,other-non-cash-items,total-non-cash-items,change-in-accounts-receivable,change-in-inventories,change-in-accounts-payable,change-in-assets-liabilities,total-change-in-assets-liabilities,cash-flow-from-operating-activities,net-change-in-property-plant-equipment,net-change-in-intangible-assets,net-acquisitions-divestitures,net-change-in-short-term-investments,net-change-in-long-term-investments,net-change-in-investments-total,investing-activities-other,cash-flow-from-investing-activities,net-long-term-debt,net-current-debt,debt-issuance-retirement-net-total,net-common-equity-issued-repurchased,net-total-equity-issued-repurchased,total-common-preferred-stock-dividends-paid,financial-activities-other,cash-flow-from-financial-activities,net-cash-flow,stock-based-compensation,common-stock-dividends-paid
0,2018-09-30,3.31,$4.66,0.71,$0.73,4.51,$3.13,1.06,$0.07,47.29,$0.01B,$0.00B,2.82,$0.10B,$0.17B,0.6,$0.03B,$0.03B,100.00%,$0.03B,$0.01B,39.29%,$0.03B,$0.01B,39.29%,$0.03B,$-0.00B,-14.29%,$0.03B,$0.01B,39.29%,$0.03B,$0.00B,14.29%,$0.00B,$0.17B,2.24%,$0.00B,$0.17B,2.24%,$0.00B,$0.28B,1.37%,$0.01B,$0.28B,3.93%,$7,$0,$7,$0,$2,$4,$3,$0,$3,$0,$3,$1,$1,$2,$3,$37,37,$0.04,$0.04,$3,$0,$0,$6,$0,$273,$0,$0,$274,$280,$2,$104,$0,$104,$106,$0,$0,$-144,$174,$280,$3,$-5,$5,$0,$-35,$40,$3,$0,$8,$10,$0,$0,$0,$0,$0,$0,$0,$0,$3,$0,$3,$0,$0,$-11,$-2,$-10,$1,$1,$-11
1,2018-06-30,3.15,$4.72,0.67,$0.71,4.44,$5.13,0.61,$0.05,63.05,$0.01B,$0.00B,2.5,$0.10B,$0.18B,0.58,$0.03B,$0.03B,100.00%,$0.03B,$0.01B,40.74%,$0.03B,$0.01B,40.74%,$0.03B,$-0.00B,-14.81%,$0.03B,$0.01B,40.74%,$0.03B,$0.00B,7.41%,$0.00B,$0.18B,1.10%,$0.00B,$0.18B,1.10%,$0.00B,$0.28B,0.66%,$0.01B,$0.28B,3.90%,$7,$0,$7,$0,$2,$4,$3,$0,$3,$0,$3,$-1,$-1,$1,$3,$37,37,$-0.04,$-0.03,$3,$0,$0,$6,$0,$274,$0,$0,$274,$280,$2,$102,$0,$102,$104,$0,$0,$-142,$176,$280,$1,$-4,$3,$-0,$3,$39,$-34,$0,$8,$9,$0,$0,$0,$0,$0,$0,$0,$0,$1,$0,$1,$0,$0,$-7,$-1,$-8,$1,$0,$-7
2,2018-03-31,2.95,$4.85,0.61,$0.73,4.03,$5.23,0.56,$0.15,19.69,$0.01B,$0.01B,0.9,$0.10B,$0.18B,0.55,$0.03B,$0.03B,100.00%,$0.03B,$0.01B,39.29%,$0.03B,$0.01B,39.29%,$0.03B,$-0.00B,-7.14%,$0.03B,$0.01B,39.29%,$0.03B,$0.01B,21.43%,$0.01B,$0.18B,3.25%,$0.01B,$0.18B,3.25%,$0.01B,$0.29B,1.85%,$0.01B,$0.28B,3.64%,$7,$0,$7,$0,$3,$4,$2,$0,$2,$0,$2,$3,$3,$1,$2,$37,37,$0.07,$0.07,$5,$0,$0,$9,$0,$282,$0,$1,$282,$291,$10,$100,$0,$100,$110,$0,$0,$-149,$181,$291,$3,$-2,$-0,$-2,$1,$33,$-26,$0,$8,$8,$0,$0,$0,$0,$0,$0,$0,$0,$-0,$0,$-0,$0,$0,$-4,$-1,$-5,$3,$0,$-4
3,2017-12-31,3.12,$4.87,0.64,$0.76,4.1,$5.21,0.6,$0.09,34.63,$0.01B,$0.04B,0.2,$0.10B,$0.18B,0.56,$0.03B,$0.03B,100.00%,$0.03B,$0.01B,41.38%,$0.03B,$0.01B,41.38%,$0.03B,0,0.00%,$0.03B,$0.01B,41.38%,$0.03B,$0.00B,10.34%,$0.00B,$0.18B,1.60%,$0.00B,$0.18B,1.60%,$0.00B,$0.32B,0.87%,$0.01B,$0.28B,3.70%,$7,$0,$7,$0,$2,$4,$3,$0,$3,$0,$3,$1,$1,$-8,$3,$37,37,$0.03,$0.03,$2,$0,$0,$7,$0,$312,$0,$1,$312,$320,$37,$101,$0,$101,$138,$0,$0,$-138,$182,$320,$3,$-10,$8,$-3,$-1,$63,$27,$-1,$88,$89,$0,$0,$0,$0,$0,$0,$0,$0,$-76,$0,$-76,$0,$0,$-17,$-3,$-97,$-8,$1,$-17
4,2017-09-30,3.23,$4.95,0.65,$0.80,4.04,$4.20,0.77,$0.06,53.89,$0.01B,$0.04B,0.16,$0.10B,$0.19B,0.55,$0.03B,$0.03B,100.00%,$0.03B,$0.01B,43.33%,$0.03B,$0.01B,43.33%,$0.03B,$0.01B,40.00%,$0.03B,$0.01B,43.33%,$0.03B,$0.00B,6.67%,$0.00B,$0.19B,1.05%,$0.00B,$0.19B,1.05%,$0.00B,$0.32B,0.56%,$0.01B,$0.29B,3.76%,$6,$0,$6,$0,$2,$4,$3,$0,$3,$0,$3,$-1,$-1,$2,$3,$37,37,$-0.02,$-0.02,$2,$0,$0,$6,$0,$317,$0,$0,$317,$323,$37,$101,$0,$101,$138,$0,$0,$-170,$185,$323,$2,$0,$6,$6,$25,$49,$3,$-1,$76,$85,$0,$0,$0,$0,$0,$0,$0,$0,$-76,$0,$-76,$0,$0,$-13,$-3,$-93,$-8,$1,$-13
5,2017-06-30,3.02,$5.10,0.59,$0.88,3.45,$3.24,0.93,$0.15,20.16,$0.01B,$0.00B,2.01,$0.17B,$0.19B,0.9,$0.03B,$0.03B,100.00%,$0.03B,$0.02B,45.45%,$0.03B,$0.02B,45.45%,$0.03B,$0.02B,45.45%,$0.03B,$0.02B,45.45%,$0.03B,$0.01B,18.18%,$0.01B,$0.19B,3.09%,$0.01B,$0.19B,3.09%,$0.01B,$0.36B,1.60%,$0.02B,$0.36B,4.07%,$8,$0,$8,$0,$3,$5,$3,$0,$3,$0,$3,$3,$3,$3,$3,$37,37,$0.07,$0.07,$7,$0,$0,$9,$0,$355,$0,$0,$355,$364,$4,$170,$0,$170,$174,$0,$0,$-147,$190,$364,$3,$1,$3,$4,$3,$10,$-7,$0,$6,$13,$0,$0,$0,$0,$0,$0,$0,$0,$-7,$0,$-7,$0,$0,$-9,$-0,$-15,$-3,$1,$-9
6,2017-03-31,3.38,$5.14,0.66,$0.93,3.65,$3.83,0.88,$0.16,21.15,$0.02B,$0.00B,5.1,$0.18B,$0.19B,0.92,$0.04B,$0.04B,100.00%,$0.04B,$0.02B,48.57%,$0.04B,$0.02B,48.57%,$0.04B,$0.02B,51.43%,$0.04B,$0.02B,48.57%,$0.04B,$0.01B,17.14%,$0.01B,$0.19B,3.05%,$0.01B,$0.19B,3.05%,$0.01B,$0.37B,1.57%,$0.02B,$0.37B,4.55%,$8,$0,$8,$0,$2,$5,$3,$0,$3,$0,$3,$0,$0,$3,$3,$37,37,$0.01,$0.01,$13,$0,$0,$15,$0,$355,$0,$0,$356,$370,$3,$176,$0,$176,$179,$0,$0,$-147,$191,$370,$0,$0,$3,$3,$3,$9,$-8,$0,$4,$8,$0,$0,$0,$0,$0,$0,$0,$0,$0,$0,$0,$0,$0,$-4,$0,$-4,$3,$0,$-4
7,2016-12-31,3.21,$5.23,0.61,$0.97,3.3,$4.23,0.76,$-0.03,0.0,$0.01B,$0.01B,1.33,$0.18B,$0.20B,0.9,$0.04B,$0.04B,100.00%,$0.04B,$0.02B,51.35%,$0.04B,$0.02B,51.35%,$0.04B,$0.02B,59.46%,$0.04B,$0.02B,51.35%,$0.04B,$-0.00B,-2.70%,$-0.00B,$0.20B,-0.50%,$-0.00B,$0.20B,-0.50%,$-0.00B,$0.38B,-0.26%,$0.02B,$0.37B,5.01%,$8,$0,$8,$0,$2,$4,$4,$0,$4,$0,$4,$0,$0,$4,$4,$37,37,$0.00,$0.00,$10,$0,$0,$14,$0,$366,$0,$0,$367,$381,$11,$176,$0,$176,$186,$0,$0,$-159,$195,$381,$-1,$3,$20,$23,$-1,$23,$7,$-0,$29,$52,$0,$0,$0,$0,$0,$0,$0,$0,$-27,$0,$-27,$0,$0,$-21,$-0,$-49,$3,$2,$-21
8,2016-09-30,3.62,$5.38,0.67,$1.03,3.5,$3.85,0.94,$-0.34,0.0,$0.02B,$0.01B,1.25,$0.18B,$0.20B,0.88,$0.04B,$0.04B,100.00%,$0.04B,$0.02B,51.28%,$0.04B,$0.02B,51.28%,$0.04B,$0.03B,69.23%,$0.04B,$0.02B,51.28%,$0.04B,$-0.01B,-30.77%,$-0.01B,$0.20B,-5.84%,$-0.01B,$0.20B,-5.84%,$-0.01B,$0.39B,-3.03%,$0.02B,$0.38B,5.12%,$9,$0,$9,$0,$2,$4,$5,$0,$5,$0,$5,$3,$3,$5,$5,$37,37,$0.07,$0.07,$13,$0,$0,$16,$0,$372,$0,$0,$372,$388,$13,$176,$0,$176,$188,$0,$0,$-164,$200,$388,$-1,$3,$16,$19,$1,$21,$9,$-0,$31,$49,$0,$0,$0,$0,$0,$0,$0,$0,$-27,$0,$-27,$0,$0,$-16,$-4,$-47,$2,$1,$-16
9,2016-06-30,2.95,$5.45,0.54,$1.11,2.66,$3.03,0.97,$-0.84,0.0,$0.02B,$0.01B,2.67,$0.18B,$0.20B,0.89,$0.04B,$0.04B,100.00%,$0.04B,$0.02B,52.38%,$0.04B,$0.02B,52.38%,$0.04B,$0.03B,71.43%,$0.04B,$0.02B,52.38%,$0.04B,$-0.03B,-73.81%,$-0.03B,$0.20B,-14.47%,$-0.03B,$0.20B,-14.47%,$-0.03B,$0.39B,-7.50%,$0.02B,$0.38B,5.37%,$10,$0,$10,$0,$2,$4,$5,$0,$5,$0,$5,$3,$3,$6,$5,$37,37,$0.08,$0.08,$9,$0,$0,$15,$0,$373,$0,$0,$373,$388,$5,$180,$0,$180,$186,$0,$0,$-138,$202,$388,$-4,$3,$14,$17,$-1,$22,$2,$-0,$22,$35,$0,$0,$0,$0,$0,$0,$0,$0,$-22,$0,$-22,$0,$0,$-11,$-0,$-33,$2,$1,$-11
10,2016-03-31,2.59,$5.50,0.47,$1.15,2.25,$2.29,1.13,$-0.89,0.0,$0.01B,$0.00B,5.6,$0.18B,$0.20B,0.89,$0.04B,$0.04B,100.00%,$0.04B,$0.02B,53.49%,$0.04B,$0.02B,53.49%,$0.04B,$0.03B,74.42%,$0.04B,$0.02B,53.49%,$0.04B,$-0.03B,-76.74%,$-0.03B,$0.20B,-14.46%,$-0.03B,$0.20B,-14.46%,$-0.03B,$0.39B,-7.50%,$0.02B,$0.39B,5.29%,$10,$0,$10,$0,$2,$5,$5,$0,$5,$0,$5,$-7,$-7,$7,$5,$37,37,$-0.18,$-0.18,$5,$0,$0,$9,$0,$378,$0,$1,$379,$388,$2,$182,$0,$182,$184,$0,$0,$-159,$204,$388,$-7,$2,$12,$14,$-0,$18,$-1,$-2,$15,$22,$0,$0,$0,$0,$0,$0,$0,$0,$-19,$0,$-19,$0,$0,$-5,$0,$-25,$-2,$0,$-5
11,2015-12-31,2.83,$5.82,0.49,$1.23,2.29,$1.51,1.87,$-0.51,0.0,$0.01B,$0.00B,2.77,$0.20B,$0.22B,0.93,$0.05B,$0.05B,100.00%,$0.05B,$0.03B,55.56%,$0.05B,$0.03B,55.56%,$0.05B,$0.04B,77.78%,$0.05B,$0.03B,55.56%,$0.05B,$-0.02B,-40.00%,$-0.02B,$0.22B,-7.40%,$-0.02B,$0.22B,-7.40%,$-0.02B,$0.42B,-3.83%,$0.03B,$0.42B,5.43%,$10,$0,$10,$0,$2,$5,$5,$0,$5,$0,$5,$-11,$-11,$9,$5,$37,37,$-0.31,$-0.30,$7,$0,$0,$11,$0,$410,$0,$1,$410,$421,$4,$201,$0,$201,$205,$0,$0,$-146,$216,$421,$-19,$11,$43,$54,$1,$20,$-18,$-1,$2,$37,$0,$0,$0,$0,$0,$0,$0,$0,$-19,$0,$-19,$0,$0,$-31,$-0,$-51,$-13,$2,$-31
12,2015-09-30,3.01,$6.33,0.48,$1.27,2.38,$0.31,9.69,$-0.48,0.0,$0.02B,$0.00B,4.97,$0.22B,$0.24B,0.94,$0.05B,$0.05B,100.00%,$0.05B,$0.03B,56.52%,$0.05B,$0.03B,56.52%,$0.05B,$0.04B,82.61%,$0.05B,$0.03B,56.52%,$0.05B,$-0.02B,-34.78%,$-0.02B,$0.24B,-6.32%,$-0.02B,$0.24B,-6.32%,$-0.02B,$0.46B,-3.25%,$0.03B,$0.45B,5.47%,$12,$0,$12,$0,$2,$5,$7,$0,$7,$0,$7,$-16,$-16,$8,$7,$37,37,$-0.43,$-0.43,$10,$0,$0,$15,$0,$437,$0,$5,$442,$457,$3,$219,$0,$219,$222,$0,$0,$-130,$235,$457,$-7,$7,$26,$34,$-0,$11,$-18,$-1,$-8,$18,$0,$0,$0,$0,$0,$0,$0,$0,$-5,$0,$-5,$0,$0,$-24,$11,$-18,$0,$1,$-24
13,2015-06-30,3.85,$6.96,0.55,$1.22,3.16,$0.47,8.12,$0.18,21.4,$0.02B,$0.01B,1.21,$0.22B,$0.26B,0.87,$0.05B,$0.05B,100.00%,$0.05B,$0.03B,55.56%,$0.05B,$0.03B,55.56%,$0.05B,$0.04B,82.22%,$0.05B,$0.03B,55.56%,$0.05B,$0.01B,17.78%,$0.01B,$0.26B,3.09%,$0.01B,$0.26B,3.09%,$0.01B,$0.50B,1.62%,$0.03B,$0.48B,5.26%,$11,$0,$11,$0,$2,$5,$6,$0,$6,$0,$6,$1,$1,$8,$6,$37,37,$0.03,$0.03,$11,$0,$0,$16,$0,$474,$0,$5,$479,$495,$13,$224,$0,$224,$237,$0,$0,$-106,$258,$495,$9,$6,$3,$9,$0,$-2,$-9,$-0,$-11,$7,$0,$0,$0,$0,$0,$0,$0,$0,$0,$0,$0,$-0,$-0,$-16,$11,$-6,$2,$1,$-16
14,2015-03-31,4.2,$7.16,0.59,$1.16,3.62,$0.68,6.17,$0.49,8.57,$0.01B,$0.02B,0.69,$0.22B,$0.26B,0.85,$0.04B,$0.04B,100.00%,$0.04B,$0.02B,54.55%,$0.04B,$0.02B,54.55%,$0.04B,$0.04B,79.55%,$0.04B,$0.02B,54.55%,$0.04B,$0.02B,43.18%,$0.02B,$0.26B,7.33%,$0.02B,$0.26B,7.33%,$0.02B,$0.51B,3.92%,$0.02B,$0.49B,5.13%,$12,$0,$12,$0,$3,$6,$7,$0,$7,$0,$7,$8,$8,$10,$7,$37,37,$0.21,$0.20,$5,$0,$0,$12,$0,$488,$0,$5,$493,$505,$17,$224,$0,$224,$241,$0,$0,$-100,$264,$505,$8,$3,$-1,$2,$-1,$-9,$-5,$-0,$-16,$-7,$0,$0,$0,$0,$0,$0,$0,$0,$0,$0,$0,$0,$0,$-9,$15,$7,$0,$0,$-9
15,2014-12-31,4.25,$6.94,0.61,$1.13,3.78,$1.15,3.68,$0.39,10.91,$0.03B,$0.03B,0.81,$0.22B,$0.26B,0.88,$0.04B,$0.04B,100.00%,$0.04B,$0.02B,50.00%,$0.04B,$0.02B,50.00%,$0.04B,$0.03B,76.19%,$0.04B,$0.02B,50.00%,$0.04B,$0.01B,33.33%,$0.01B,$0.26B,5.45%,$0.01B,$0.26B,5.45%,$0.01B,$0.51B,2.97%,$0.02B,$0.48B,4.59%,$11,$0,$11,$0,$2,$5,$6,$0,$6,$0,$6,$-9,$-9,$12,$6,$34,34,$-0.27,$-0.24,$21,$0,$0,$25,$0,$480,$0,$5,$485,$510,$31,$224,$0,$224,$255,$0,$0,$-107,$255,$510,$15,$12,$6,$18,$0,$-54,$14,$-1,$-40,$-7,$0,$0,$0,$0,$0,$0,$0,$0,$30,$0,$30,$24,$24,$-33,$-16,$4,$-2,$1,$-33
16,2014-09-30,4.85,$7.67,0.63,$0.94,5.18,$-1.93,0.0,$0.71,6.83,$0.02B,$0.01B,1.36,$0.19B,$0.26B,0.75,$0.04B,$0.04B,100.00%,$0.04B,$0.01B,40.00%,$0.04B,$0.01B,40.00%,$0.04B,$0.02B,60.00%,$0.04B,$0.01B,40.00%,$0.04B,$0.03B,71.43%,$0.03B,$0.26B,9.78%,$0.03B,$0.26B,9.78%,$0.03B,$0.46B,5.44%,$0.01B,$0.45B,3.12%,$11,$0,$11,$0,$2,$5,$6,$0,$6,$0,$6,$8,$8,$7,$6,$34,40,$0.24,$0.23,$9,$0,$0,$15,$0,$442,$0,$6,$448,$463,$11,$193,$0,$193,$204,$0,$0,$-114,$259,$463,$24,$5,$-9,$-3,$-0,$3,$3,$-1,$6,$26,$0,$0,$0,$0,$0,$0,$0,$0,$0,$0,$0,$0,$0,$-24,$-1,$-26,$1,$1,$-24
17,2014-06-30,4.81,$7.67,0.63,$1.05,4.6,$-5.88,0.0,$0.48,10.02,$0.02B,$0.01B,2.11,$0.19B,$0.26B,0.75,$0.04B,$0.04B,100.00%,$0.04B,$0.02B,43.24%,$0.04B,$0.02B,43.24%,$0.04B,$0.02B,56.76%,$0.04B,$0.02B,43.24%,$0.04B,$0.02B,45.95%,$0.02B,$0.26B,6.61%,$0.02B,$0.26B,6.61%,$0.02B,$0.46B,3.69%,$0.02B,$0.45B,3.56%,$10,$0,$10,$0,$2,$5,$5,$0,$5,$0,$5,$12,$12,$6,$5,$33,40,$0.37,$0.34,$7,$0,$0,$15,$0,$437,$0,$6,$443,$459,$7,$193,$0,$193,$200,$0,$0,$-113,$259,$459,$16,$4,$-6,$-2,$-3,$6,$-1,$-0,$2,$16,$0,$0,$0,$0,$0,$0,$0,$0,$0,$0,$0,$0,$0,$-16,$-1,$-17,$-1,$0,$-16
18,2014-03-31,4.77,$7.62,0.63,$1.09,4.39,$-7.55,0.0,$0.39,12.22,$0.02B,$0.01B,2.21,$0.19B,$0.25B,0.76,$0.04B,$0.04B,100.00%,$0.04B,$0.02B,47.37%,$0.04B,$0.02B,47.37%,$0.04B,$0.02B,57.89%,$0.04B,$0.02B,47.37%,$0.04B,$0.01B,36.84%,$0.01B,$0.25B,5.37%,$0.01B,$0.25B,5.37%,$0.01B,$0.46B,2.91%,$0.02B,$0.45B,3.96%,$10,$0,$10,$0,$3,$6,$4,$0,$4,$0,$4,$3,$3,$7,$4,$33,33,$0.10,$0.10,$9,$0,$0,$21,$0,$429,$0,$6,$435,$456,$10,$193,$0,$193,$202,$0,$0,$-117,$254,$456,$3,$3,$1,$4,$-7,$8,$2,$-0,$2,$10,$0,$0,$0,$0,$0,$0,$0,$0,$0,$0,$0,$0,$0,$-8,$-2,$-10,$-0,$0,$-8
19,2013-12-31,4.44,$7.51,0.59,$1.10,4.05,$-8.92,0.0,$0.53,8.38,$0.01B,$0.02B,0.78,$0.19B,$0.25B,0.77,$0.04B,$0.04B,100.00%,$0.04B,$0.02B,53.85%,$0.04B,$0.02B,53.85%,$0.04B,$0.02B,56.41%,$0.04B,$0.02B,53.85%,$0.04B,$0.02B,46.15%,$0.02B,$0.25B,6.82%,$0.02B,$0.25B,6.82%,$0.02B,$0.46B,3.92%,$0.02B,$0.44B,4.83%,$4,$0,$4,$0,$2,$5,$-1,$0,$-1,$0,$-1,$2,$2,$1,$-1,$32,32,$0.02,$0.04,$8,$0,$0,$13,$0,$441,$0,$6,$447,$459,$16,$193,$0,$193,$209,$0,$0,$-96,$250,$459,$17,$3,$3,$6,$-2,$-134,$5,$2,$-129,$-106,$0,$0,$0,$0,$0,$0,$0,$0,$100,$0,$100,$50,$50,$-34,$-8,$109,$3,$1,$-34
20,2013-09-30,4.65,$7.96,0.58,$1.10,4.23,$-6.26,0.0,$1.00,4.65,$0.02B,$0.01B,2.03,$0.19B,$0.27B,0.73,$0.04B,$0.04B,100.00%,$0.04B,$0.02B,56.41%,$0.04B,$0.02B,56.41%,$0.04B,$0.03B,64.10%,$0.04B,$0.02B,56.41%,$0.04B,$0.03B,79.49%,$0.03B,$0.27B,12.24%,$0.03B,$0.27B,12.24%,$0.03B,$0.47B,7.30%,$0.02B,$0.46B,5.48%,$13,$0,$13,$0,$2,$5,$8,$0,$8,$0,$8,$-0,$-0,$7,$8,$33,33,$-0.00,$-0.00,$16,$0,$0,$21,$0,$440,$0,$6,$447,$468,$10,$193,$0,$193,$203,$0,$0,$-106,$265,$468,$16,$1,$6,$7,$-2,$-135,$8,$-2,$-132,$-110,$0,$0,$0,$0,$0,$0,$0,$0,$102,$0,$102,$50,$50,$-25,$-8,$119,$9,$0,$-25
21,2013-06-30,5.69,$8.24,0.69,$1.02,5.56,$-3.18,0.0,$1.32,4.31,$0.10B,$0.07B,1.36,$0.20B,$0.27B,0.72,$0.04B,$0.04B,100.00%,$0.04B,$0.02B,58.33%,$0.04B,$0.02B,58.33%,$0.04B,$0.03B,69.44%,$0.04B,$0.02B,58.33%,$0.04B,$0.04B,111.11%,$0.04B,$0.27B,16.75%,$0.04B,$0.27B,16.75%,$0.04B,$0.54B,10.43%,$0.02B,$0.47B,5.82%,$11,$0,$11,$0,$2,$5,$7,$0,$7,$0,$7,$9,$9,$7,$7,$33,39,$0.26,$0.25,$87,$0,$0,$95,$0,$436,$0,$10,$447,$541,$70,$198,$0,$198,$267,$0,$0,$-96,$274,$541,$16,$1,$-2,$-1,$-5,$-125,$67,$-2,$-65,$-50,$0,$0,$0,$0,$0,$0,$0,$0,$102,$0,$102,$50,$50,$-16,$-79,$57,$7,$0,$-16
22,2013-03-31,5.3,$8.33,0.64,$1.10,4.84,$-2.40,0.0,$1.13,4.69,$0.01B,$0.00B,2.72,$0.10B,$0.27B,0.38,$0.03B,$0.03B,100.00%,$0.03B,$0.02B,58.82%,$0.03B,$0.02B,58.82%,$0.03B,$0.02B,70.59%,$0.03B,$0.02B,58.82%,$0.03B,$0.03B,97.06%,$0.03B,$0.27B,14.92%,$0.03B,$0.27B,14.92%,$0.03B,$0.37B,10.16%,$0.02B,$0.37B,6.36%,$11,$0,$11,$0,$2,$4,$7,$0,$7,$0,$7,$7,$7,$7,$7,$29,37,$0.25,$0.24,$5,$0,$0,$11,$0,$357,$0,$4,$361,$371,$4,$101,$0,$101,$105,$0,$0,$-96,$266,$371,$7,$0,$-0,$-0,$-2,$-44,$-2,$2,$-46,$-39,$0,$0,$0,$0,$0,$0,$0,$0,$0,$0,$0,$51,$51,$-7,$-0,$43,$4,$0,$-7
23,2012-12-31,4.52,$7.85,0.58,$1.09,4.15,$-1.18,0.0,$0.91,4.97,$0.00B,$0.01B,0.37,$0.10B,$0.21B,0.49,$0.03B,$0.03B,100.00%,$0.03B,$0.02B,56.67%,$0.03B,$0.02B,56.67%,$0.03B,$0.02B,66.67%,$0.03B,$0.02B,56.67%,$0.03B,$0.03B,90.00%,$0.03B,$0.21B,13.08%,$0.03B,$0.21B,13.08%,$0.03B,$0.32B,8.79%,$0.02B,$0.31B,5.88%,$4,$0,$4,$0,$2,$4,$0,$0,$0,$0,$0,$15,$15,$4,$0,$26,33,$0.57,$0.55,$1,$0,$0,$4,$0,$312,$0,$4,$316,$319,$10,$101,$0,$101,$111,$0,$0,$-103,$208,$319,$26,$3,$-10,$-7,$-2,$-37,$-1,$-0,$-40,$-21,$0,$0,$0,$0,$0,$0,$0,$0,$41,$0,$41,$0,$0,$-21,$-1,$19,$-2,$-0,$-21
24,2012-09-30,4.31,$7.82,0.55,$1.28,3.37,$-1.92,0.0,$0.34,12.68,$0.01B,$0.01B,1.39,$0.09B,$0.21B,0.43,$0.03B,$0.03B,100.00%,$0.03B,$0.02B,63.64%,$0.03B,$0.02B,63.64%,$0.03B,$0.02B,60.61%,$0.03B,$0.02B,63.64%,$0.03B,$0.01B,33.33%,$0.01B,$0.21B,5.51%,$0.01B,$0.21B,5.51%,$0.01B,$0.30B,3.80%,$0.02B,$0.30B,7.71%,$10,$0,$10,$0,$2,$3,$7,$0,$7,$0,$7,$9,$9,$7,$7,$27,34,$0.35,$0.32,$9,$0,$0,$11,$0,$290,$0,$2,$292,$303,$8,$88,$0,$88,$96,$0,$0,$-104,$207,$303,$12,$-1,$5,$4,$-1,$-20,$-1,$-0,$-23,$-7,$0,$0,$0,$0,$0,$0,$0,$0,$28,$0,$28,$0,$0,$-15,$-6,$7,$-0,$-0,$-15
25,2012-06-30,3.28,$7.66,0.43,$1.29,2.53,$-3.32,0.0,$-0.04,0.0,$0.01B,$0.02B,0.26,$0.08B,$0.20B,0.4,$0.03B,$0.03B,100.00%,$0.03B,$0.02B,60.00%,$0.03B,$0.02B,60.00%,$0.03B,$0.02B,56.67%,$0.03B,$0.02B,60.00%,$0.03B,$0.00B,3.33%,$0.00B,$0.20B,0.51%,$0.00B,$0.20B,0.51%,$0.00B,$0.31B,0.36%,$0.02B,$0.29B,6.90%,$9,$0,$9,$0,$2,$3,$6,$0,$6,$0,$6,$2,$2,$6,$6,$27,27,$0.06,$0.06,$2,$0,$0,$5,$0,$299,$0,$2,$301,$306,$21,$82,$0,$82,$102,$0,$0,$-107,$204,$306,$2,$-1,$8,$7,$-2,$-20,$-0,$-0,$-22,$-13,$0,$0,$0,$0,$0,$0,$0,$0,$22,$0,$22,$0,$0,$-9,$-1,$12,$-1,$0,$-9
26,2012-03-31,3.04,$7.78,0.39,$1.20,2.53,$-4.61,0.0,$-0.06,0.0,$0.01B,$0.03B,0.21,$0.06B,$0.21B,0.29,$0.03B,$0.03B,100.00%,$0.03B,$0.02B,55.56%,$0.03B,$0.02B,55.56%,$0.03B,$0.01B,51.85%,$0.03B,$0.02B,55.56%,$0.03B,0,0.00%,$0.00B,$0.21B,0.00%,$0.00B,$0.21B,0.00%,$0.00B,$0.30B,0.00%,$0.02B,$0.27B,5.92%,$7,$0,$7,$0,$2,$4,$4,$0,$4,$0,$4,$1,$1,$3,$4,$24,24,$0.02,$0.02,$2,$0,$0,$7,$0,$291,$0,$3,$293,$300,$33,$60,$0,$60,$93,$0,$0,$-104,$207,$300,$1,$-1,$3,$3,$-0,$3,$-2,$-0,$0,$4,$0,$0,$0,$0,$0,$0,$0,$0,$0,$0,$0,$0,$0,$-4,$-0,$-4,$-1,$0,$-4
27,2011-12-31,2.77,$7.85,0.35,$1.20,2.31,$-3.66,0.0,$0.32,8.67,$0.00B,$0.01B,0.52,$0.06B,$0.18B,0.33,$0.03B,$0.03B,100.00%,$0.03B,$0.02B,59.26%,$0.03B,$0.02B,59.26%,$0.03B,$0.02B,59.26%,$0.03B,$0.02B,59.26%,$0.03B,$0.01B,33.33%,$0.01B,$0.18B,4.72%,$0.01B,$0.18B,4.72%,$0.01B,$0.25B,3.45%,$0.02B,$0.24B,6.38%,$7,$0,$7,$0,$2,$3,$4,$0,$4,$0,$4,$-1,$-1,$4,$4,$23,23,$-0.07,$-0.05,$3,$0,$0,$4,$0,$242,$0,$2,$244,$248,$8,$60,$0,$60,$68,$0,$0,$-104,$181,$248,$8,$0,$8,$9,$0,$-49,$1,$-0,$-47,$-31,$0,$0,$0,$0,$0,$0,$0,$0,$-27,$0,$-27,$0,$0,$-15,$65,$23,$-8,$1,$-15
28,2011-09-30,2.43,$8.29,0.29,$1.20,2.03,$6.54,0.37,$0.08,30.36,$0.01B,$0.01B,0.38,$0.06B,$0.19B,0.32,$0.03B,$0.03B,100.00%,$0.03B,$0.02B,62.96%,$0.03B,$0.02B,62.96%,$0.03B,$0.02B,62.96%,$0.03B,$0.02B,62.96%,$0.03B,$0.00B,11.11%,$0.00B,$0.19B,1.56%,$0.00B,$0.19B,1.56%,$0.00B,$0.26B,1.12%,$0.02B,$0.25B,6.56%,$7,$0,$7,$0,$2,$3,$4,$0,$4,$0,$4,$-1,$-1,$4,$4,$23,23,$-0.06,$-0.06,$0,$0,$0,$5,$0,$255,$0,$2,$257,$262,$12,$60,$0,$60,$72,$0,$0,$-95,$190,$262,$9,$0,$3,$3,$-1,$-50,$1,$0,$-50,$-37,$0,$0,$0,$0,$0,$0,$0,$0,$-27,$0,$-27,$0,$0,$-11,$65,$27,$-10,$1,$-11
29,2011-06-30,3.23,$8.52,0.38,$1.23,2.62,$11.39,0.28,$0.31,10.43,$0.00B,$0.01B,0.66,$0.06B,$0.20B,0.31,$0.03B,$0.03B,100.00%,$0.03B,$0.02B,60.71%,$0.03B,$0.02B,60.71%,$0.03B,$0.02B,60.71%,$0.03B,$0.02B,60.71%,$0.03B,$0.00B,3.57%,$0.00B,$0.20B,0.51%,$0.00B,$0.20B,0.51%,$0.00B,$0.26B,0.35%,$0.02B,$0.26B,6.05%,$6,$0,$6,$0,$2,$3,$3,$0,$3,$0,$3,$1,$1,$3,$3,$23,23,$0.04,$0.04,$0,$0,$0,$4,$0,$254,$0,$2,$257,$261,$6,$60,$0,$60,$66,$0,$0,$-89,$195,$261,$10,$0,$-2,$-2,$-0,$-50,$1,$0,$-49,$-41,$0,$0,$0,$0,$0,$0,$0,$0,$-27,$0,$-27,$0,$0,$-7,$65,$31,$-10,$0,$-7
30,2011-03-31,3.29,$8.64,0.38,$1.30,2.54,$15.73,0.21,$0.28,11.75,$0.07B,$0.01B,5.31,$0.06B,$0.20B,0.3,$0.03B,$0.03B,100.00%,$0.03B,$0.01B,48.28%,$0.03B,$0.01B,48.28%,$0.03B,$0.01B,48.28%,$0.03B,$0.01B,48.28%,$0.03B,$-0.01B,-20.69%,$-0.01B,$0.20B,-3.03%,$-0.01B,$0.20B,-3.03%,$-0.01B,$0.27B,-1.92%,$0.01B,$0.26B,4.58%,$7,$0,$7,$0,$2,$2,$5,$0,$5,$0,$5,$10,$10,$5,$5,$23,24,$0.42,$0.40,$71,$0,$0,$74,$0,$194,$0,$3,$197,$271,$14,$60,$0,$60,$74,$0,$0,$-86,$197,$271,$10,$0,$-4,$-4,$0,$21,$-0,$0,$21,$26,$0,$0,$0,$0,$0,$0,$0,$0,$-27,$0,$-27,$0,$0,$-4,$65,$34,$61,$0,$-4
31,2010-12-31,2.78,$8.21,0.34,$1.30,2.13,$14.79,0.19,$-0.05,0.0,$0.09B,$0.01B,14.36,$0.09B,$0.19B,0.46,$0.03B,$0.03B,100.00%,$0.03B,$0.01B,41.38%,$0.03B,$0.01B,41.38%,$0.03B,$0.01B,41.38%,$0.03B,$0.01B,41.38%,$0.03B,$-0.01B,-48.28%,$-0.01B,$0.19B,-6.91%,$-0.01B,$0.19B,-6.91%,$-0.01B,$0.28B,-4.02%,$0.01B,$0.27B,3.48%,$7,$0,$7,$0,$1,$2,$5,$0,$5,$0,$5,$-7,$-7,$5,$5,$23,23,$-0.30,$-0.30,$77,$0,$0,$88,$0,$191,$0,$0,$192,$280,$6,$87,$0,$87,$93,$0,$0,$-96,$187,$280,$-14,$0,$26,$26,$1,$188,$-2,$-0,$188,$200,$0,$0,$0,$0,$0,$0,$0,$0,$-131,$0,$-131,$0,$0,$-14,$-48,$-194,$6,$1,$-14
32,2010-09-30,2.54,$8.84,0.29,$1.33,1.91,$9.73,0.26,$0.37,6.85,$0.02B,$0.00B,8.91,$0.14B,$0.20B,0.68,$0.03B,$0.03B,100.00%,$0.03B,$0.01B,34.48%,$0.03B,$0.01B,34.48%,$0.03B,$0.01B,34.48%,$0.03B,$0.01B,34.48%,$0.03B,$-0.01B,-17.24%,$-0.01B,$0.20B,-2.39%,$-0.01B,$0.20B,-2.39%,$-0.01B,$0.34B,-1.29%,$0.01B,$0.34B,2.60%,$8,$0,$8,$0,$3,$4,$4,$0,$4,$0,$4,$-3,$-3,$4,$4,$23,23,$-0.15,$-0.15,$4,$0,$0,$16,$0,$324,$0,$0,$324,$340,$2,$137,$0,$137,$139,$0,$0,$-84,$201,$340,$-7,$0,$11,$11,$1,$70,$-1,$0,$70,$73,$0,$0,$0,$0,$0,$0,$0,$0,$-81,$0,$-81,$0,$0,$-11,$16,$-75,$-2,$1,$-11
33,2010-06-30,1.83,$9.20,0.2,$1.34,1.36,$8.60,0.21,$0.36,5.09,$0.00B,$0.00B,1.2,$0.15B,$0.21B,0.7,$0.03B,$0.03B,100.00%,$0.03B,$0.01B,31.03%,$0.03B,$0.01B,31.03%,$0.03B,$0.01B,31.03%,$0.03B,$0.01B,31.03%,$0.03B,$0.01B,31.03%,$0.01B,$0.21B,4.20%,$0.01B,$0.21B,4.20%,$0.01B,$0.36B,2.16%,$0.01B,$0.35B,2.18%,$7,$0,$7,$0,$5,$7,$0,$0,$0,$0,$0,$-6,$-6,$0,$0,$23,23,$-0.25,$-0.25,$1,$0,$0,$4,$0,$352,$0,$0,$352,$356,$3,$145,$0,$145,$148,$0,$0,$-64,$207,$356,$-4,$0,$5,$5,$1,$56,$-0,$-0,$57,$58,$0,$0,$0,$0,$0,$0,$0,$0,$-73,$0,$-73,$0,$0,$-7,$18,$-62,$-4,$0,$-7
34,2010-03-31,2.01,$9.62,0.21,$1.42,1.42,$7.73,0.26,$0.64,3.14,$0.01B,$0.00B,3.0,$0.20B,$0.22B,0.92,$0.03B,$0.03B,100.00%,$0.03B,$0.02B,48.39%,$0.03B,$0.02B,48.39%,$0.03B,$0.01B,45.16%,$0.03B,$0.02B,48.39%,$0.03B,$0.03B,90.32%,$0.03B,$0.22B,12.56%,$0.03B,$0.22B,12.56%,$0.03B,$0.42B,6.27%,$0.02B,$0.42B,3.39%,$7,$0,$7,$0,$2,$4,$3,$0,$3,$0,$3,$2,$2,$3,$3,$22,22,$0.07,$0.07,$3,$0,$0,$7,$0,$410,$0,$1,$410,$417,$2,$199,$0,$199,$201,$0,$0,$-68,$216,$417,$2,$0,$-2,$-1,$0,$4,$-1,$-0,$3,$3,$0,$0,$0,$0,$0,$0,$0,$0,$-19,$0,$-19,$0,$0,$-4,$16,$-7,$-4,$0,$-4
35,2009-12-31,1.62,$9.56,0.17,$1.54,1.05,$9.08,0.18,$0.89,1.82,$0.03B,$0.01B,3.97,$0.22B,$0.21B,1.02,$0.03B,$0.03B,100.00%,$0.03B,$0.02B,54.55%,$0.03B,$0.02B,54.55%,$0.03B,$0.02B,51.52%,$0.03B,$0.02B,54.55%,$0.03B,$0.04B,106.06%,$0.04B,$0.21B,15.14%,$0.04B,$0.21B,15.14%,$0.04B,$0.44B,7.51%,$0.02B,$0.43B,3.89%,$7,$0,$7,$0,$2,$5,$3,$0,$3,$0,$3,$2,$2,$3,$3,$22,22,$0.08,$0.08,$23,$0,$0,$30,$0,$409,$0,$1,$410,$439,$7,$218,$0,$218,$226,$0,$0,$-69,$214,$439,$34,$-1,$-19,$-20,$1,$68,$-0,$0,$69,$84,$0,$0,$0,$0,$0,$0,$0,$0,$-44,$0,$-44,$0,$0,$-19,$-17,$-80,$4,$1,$-19
36,2009-09-30,1.98,$9.93,0.2,$1.76,1.13,$4.98,0.4,$1.22,1.62,$0.01B,$0.00B,2.39,$0.23B,$0.22B,1.03,$0.04B,$0.04B,100.00%,$0.04B,$0.02B,59.46%,$0.04B,$0.02B,59.46%,$0.04B,$0.02B,54.05%,$0.04B,$0.02B,59.46%,$0.04B,$-0.04B,-110.81%,$-0.04B,$0.22B,-18.06%,$-0.04B,$0.22B,-18.06%,$-0.04B,$0.45B,-8.65%,$0.02B,$0.45B,4.69%,$8,$0,$8,$0,$2,$5,$3,$0,$3,$0,$3,$11,$11,$3,$3,$22,22,$0.48,$0.48,$1,$0,$0,$7,$0,$444,$0,$1,$445,$452,$3,$228,$0,$228,$231,$0,$0,$-62,$221,$452,$33,$-1,$-20,$-21,$1,$34,$0,$0,$35,$47,$0,$0,$0,$0,$0,$0,$0,$0,$-34,$0,$-34,$0,$0,$-15,$2,$-47,$-0,$1,$-15
37,2009-06-30,1.99,$11.08,0.18,$1.91,1.04,$2.01,0.99,$1.24,1.61,$0.01B,$0.00B,5.01,$0.23B,$0.24B,0.97,$0.04B,$0.04B,100.00%,$0.04B,$0.03B,65.00%,$0.04B,$0.03B,65.00%,$0.04B,$0.02B,60.00%,$0.04B,$0.03B,65.00%,$0.04B,$-0.05B,-122.50%,$-0.05B,$0.24B,-20.33%,$-0.05B,$0.24B,-20.33%,$-0.05B,$0.48B,-9.68%,$0.03B,$0.48B,5.27%,$9,$0,$9,$0,$1,$3,$6,$0,$6,$0,$6,$13,$13,$5,$6,$22,22,$0.59,$0.59,$2,$0,$0,$13,$0,$463,$0,$1,$464,$478,$3,$234,$0,$234,$236,$0,$0,$-43,$241,$478,$22,$-1,$-11,$-12,$-1,$28,$-0,$-0,$27,$37,$0,$0,$0,$0,$0,$0,$0,$0,$-28,$0,$-28,$0,$0,$-10,$1,$-37,$-0,$0,$-10
38,2009-03-31,0.91,$11.42,0.08,$2.11,0.43,$0.91,1.0,$1.33,0.68,$0.02B,$0.00B,10.09,$0.25B,$0.25B,0.99,$0.04B,$0.04B,100.00%,$0.04B,$0.03B,65.12%,$0.04B,$0.03B,65.12%,$0.04B,$0.03B,60.47%,$0.04B,$0.03B,65.12%,$0.04B,$-0.06B,-127.91%,$-0.06B,$0.25B,-21.96%,$-0.06B,$0.25B,-21.96%,$-0.06B,$0.50B,-10.58%,$0.03B,$0.49B,5.58%,$9,$0,$9,$0,$1,$3,$6,$0,$6,$0,$6,$9,$9,$6,$6,$22,22,$0.41,$0.41,$13,$0,$0,$20,$0,$474,$0,$2,$476,$496,$2,$245,$0,$245,$247,$0,$0,$-34,$249,$496,$9,$-0,$-2,$-3,$-1,$29,$-1,$-0,$27,$33,$0,$0,$0,$0,$0,$0,$0,$0,$-17,$0,$-17,$0,$0,$-5,$-7,$-29,$4,$0,$-5
39,2008-12-31,1.08,$9.03,0.12,$2.47,0.44,$-0.05,0.0,$1.50,0.72,$0.01B,$0.01B,0.64,$0.26B,$0.20B,1.33,$0.05B,$0.05B,100.00%,$0.05B,$0.03B,64.58%,$0.05B,$0.03B,64.58%,$0.05B,$0.03B,58.33%,$0.05B,$0.03B,64.58%,$0.05B,$-0.06B,-133.33%,$-0.06B,$0.20B,-25.45%,$-0.06B,$0.20B,-25.45%,$-0.06B,$0.47B,-12.21%,$0.03B,$0.46B,6.15%,$11,$0,$11,$0,$2,$4,$7,$0,$7,$0,$7,$-74,$-74,$6,$7,$20,20,$-3.62,$-3.62,$2,$0,$0,$7,$0,$461,$0,$2,$462,$469,$11,$262,$0,$262,$273,$0,$0,$-84,$197,$469,$-63,$-2,$93,$92,$2,$-34,$-3,$0,$-35,$-7,$0,$0,$0,$0,$0,$0,$0,$0,$7,$0,$7,$27,$27,$-28,$-1,$5,$-2,$1,$-28
40,2008-09-30,2.24,$12.97,0.17,$2.64,0.85,$-12.67,0.0,$1.45,1.55,$0.05B,$0.03B,1.55,$0.27B,$0.28B,0.98,$0.05B,$0.05B,100.00%,$0.05B,$0.03B,62.00%,$0.05B,$0.03B,62.00%,$0.05B,$0.03B,58.00%,$0.05B,$0.03B,62.00%,$0.05B,$0.01B,20.00%,$0.01B,$0.28B,3.75%,$0.01B,$0.28B,3.75%,$0.01B,$0.58B,1.85%,$0.03B,$0.55B,5.98%,$11,$0,$11,$0,$1,$4,$7,$0,$7,$0,$7,$3,$3,$7,$7,$22,22,$0.16,$0.16,$48,$0,$0,$53,$0,$526,$0,$2,$528,$581,$34,$270,$0,$270,$304,$0,$0,$-5,$277,$581,$9,$-1,$14,$13,$1,$-40,$-2,$0,$-41,$-19,$0,$0,$0,$0,$0,$0,$0,$0,$15,$0,$15,$27,$27,$-21,$-1,$20,$2,$1,$-21
41,2008-06-30,2.49,$13.14,0.19,$2.70,0.93,$-21.80,0.0,$1.64,1.52,$0.03B,$0.02B,1.03,$0.23B,$0.28B,0.82,$0.05B,$0.05B,100.00%,$0.05B,$0.03B,61.22%,$0.05B,$0.03B,61.22%,$0.05B,$0.03B,57.14%,$0.05B,$0.03B,61.22%,$0.05B,$0.00B,4.08%,$0.00B,$0.28B,0.76%,$0.00B,$0.28B,0.76%,$0.00B,$0.53B,0.39%,$0.03B,$0.51B,6.12%,$12,$0,$12,$0,$2,$5,$8,$0,$8,$0,$8,$7,$7,$7,$8,$20,20,$0.36,$0.36,$20,$0,$0,$25,$0,$506,$0,$2,$508,$533,$24,$230,$0,$230,$254,$0,$0,$-2,$279,$533,$7,$-1,$9,$8,$2,$-3,$-2,$0,$-3,$12,$0,$0,$0,$0,$0,$0,$0,$0,$-25,$0,$-25,$27,$27,$-13,$1,$-10,$2,$0,$-13
42,2008-03-31,2.49,$13.98,0.18,$2.57,0.97,$-28.51,0.0,$1.59,1.57,$0.02B,$0.01B,2.1,$0.25B,$0.25B,0.99,$0.05B,$0.05B,100.00%,$0.05B,$0.03B,58.70%,$0.05B,$0.03B,58.70%,$0.05B,$0.03B,56.52%,$0.05B,$0.03B,58.70%,$0.05B,$0.01B,26.09%,$0.01B,$0.25B,4.55%,$0.01B,$0.25B,4.55%,$0.01B,$0.51B,2.53%,$0.03B,$0.50B,5.90%,$14,$0,$14,$0,$2,$6,$9,$0,$9,$0,$9,$0,$0,$8,$9,$18,18,$0.01,$0.01,$20,$0,$0,$24,$0,$488,$0,$2,$490,$514,$11,$250,$0,$250,$261,$0,$0,$-1,$253,$514,$0,$-0,$8,$8,$2,$1,$-2,$0,$2,$10,$0,$0,$0,$0,$0,$0,$0,$0,$-5,$0,$-5,$0,$0,$-6,$1,$-10,$-0,$0,$-6
43,2007-12-31,2.88,$14.38,0.2,$2.14,1.35,$-31.35,0.0,$1.88,1.53,$0.01B,$0.02B,0.51,$0.26B,$0.26B,0.98,$0.04B,$0.04B,100.00%,$0.04B,$0.02B,58.97%,$0.04B,$0.02B,58.97%,$0.04B,$0.02B,58.97%,$0.04B,$0.02B,58.97%,$0.04B,$0.03B,66.67%,$0.03B,$0.26B,9.76%,$0.03B,$0.26B,9.76%,$0.03B,$0.53B,6.18%,$0.02B,$0.51B,5.73%,$13,$0,$13,$0,$3,$6,$7,$0,$7,$0,$7,$-0,$-0,$7,$7,$18,18,$-0.01,$-0.01,$4,$0,$0,$10,$0,$521,$0,$2,$524,$533,$19,$255,$0,$255,$274,$0,$0,$6,$259,$533,$26,$-0,$-3,$-4,$-6,$-254,$4,$-0,$-255,$-233,$0,$0,$0,$0,$0,$0,$0,$0,$255,$0,$255,$0,$0,$-17,$-4,$234,$2,$1,$-17
