,Date,Stock Price,Book Value per Share,Price to Book Ratio,TTM Sales per Share,Price to Sales Ratio,TTM FCF per Share,Price to FCF Ratio,TTM Net EPS,PE Ratio,Current Assets,Current Liabilities,Current Ratio,Long Term Debt,Shareholder's Equity_x,Debt to Equity Ratio,TTM Revenue_x,TTM Gross Profit,Gross Margin,TTM Revenue_y,TTM Operating Income,Operating Margin,TTM Revenue_x,TTM EBIT,EBIT Margin,TTM Revenue_y,TTM EBITDA,EBITDA Margin,TTM Revenue_x,TTM Pre-Tax Income,Pre-Tax Margin,TTM Revenue_y,TTM Net Income_x,Net Margin,TTM Net Income_y,Shareholder's Equity_y,Return on Equity,TTM Net Income_x,Tangible Equity,Return on Tangible Equity,TTM Net Income_y,Total Assets,Return on Assets,TTM Net Income,LT Investments & Debt,Return on Investment,revenue,cost-goods-sold,gross-profit,research-development-expenses,selling-general-administrative-expenses,operating-expenses,operating-income,total-non-operating-income-expense,pre-tax-income,total-provision-income-taxes,income-after-taxes,income-from-continuous-operations,net-income,ebitda,ebit,basic-shares-outstanding,shares-outstanding,eps-basic-net-earnings-per-share,eps-earnings-per-share-diluted,cash-on-hand,inventory,other-current-assets,total-current-assets,net-property-plant-equipment,long-term-investments,goodwill-intangible-assets-total,other-long-term-assets,total-long-term-assets,total-assets,total-current-liabilities,long-term-debt,other-non-current-liabilities,total-long-term-liabilities,total-liabilities,common-stock-net,retained-earnings-accumulated-deficit,comprehensive-income,total-share-holder-equity,total-liabilities-share-holders-equity,net-income-loss,total-depreciation-amortization-cash-flow,other-non-cash-items,total-non-cash-items,change-in-accounts-receivable,change-in-inventories,change-in-accounts-payable,change-in-assets-liabilities,total-change-in-assets-liabilities,cash-flow-from-operating-activities,net-change-in-property-plant-equipment,net-change-in-intangible-assets,net-acquisitions-divestitures,net-change-in-short-term-investments,net-change-in-long-term-investments,net-change-in-investments-total,investing-activities-other,cash-flow-from-investing-activities,net-long-term-debt,net-current-debt,debt-issuance-retirement-net-total,net-common-equity-issued-repurchased,net-total-equity-issued-repurchased,total-common-preferred-stock-dividends-paid,financial-activities-other,cash-flow-from-financial-activities,net-cash-flow,stock-based-compensation,common-stock-dividends-paid
0,2018-09-30,23.17,$16.05,1.44,$33.49,0.69,$7.51,3.08,$4.07,5.69,$2.39B,$5.97B,0.4,$14.58B,$22.29B,0.65,$8.46B,$4.83B,57.10%,$8.46B,$1.45B,17.20%,$8.46B,$1.45B,17.20%,$8.46B,$1.72B,20.33%,$8.46B,$1.21B,14.35%,$8.46B,$1.14B,13.45%,$1.14B,$22.29B,13.03%,$1.14B,$-21.43B,-12.24%,$1.14B,$49.06B,5.34%,$1.45B,$36.87B,9.27%,$2732,$1371,$1361,$0,$1025,$2388,$344,$-150,$194,$46,$148,$148,$148,$551,$344,$1362,1374,$0.11,$0.11,$112,$720,$0,$2385,$2345,$193,$43727,$315,$46673,$49058,$5967,$14580,$244,$20798,$26765,$14,$1122,$137,$22293,$49058,$323,$294,$-50,$244,$48,$91,$0,$-101,$463,$1063,$-104,$0,$-18974,$0,$-23,$-23,$31,$-19070,$-683,$9386,$8703,$9003,$9003,$-23,$401,$18084,$27,$21,$-23
1,2018-06-30,21.5,$15.10,1.42,$32.94,0.65,$8.43,2.55,$5.07,4.24,$1.42B,$1.53B,0.93,$4.13B,$2.72B,1.52,$6.86B,$4.02B,58.60%,$6.86B,$1.35B,19.64%,$6.86B,$1.35B,19.64%,$6.86B,$1.52B,22.10%,$6.86B,$1.18B,17.22%,$6.86B,$1.11B,16.10%,$1.11B,$2.72B,30.00%,$1.11B,$-4.62B,-21.10%,$1.11B,$10.25B,9.57%,$1.35B,$6.85B,16.66%,$1886,$790,$1096,$0,$721,$1524,$362,$-41,$321,$83,$238,$235,$235,$406,$362,$180,181,$1.30,$1.30,$89,$265,$0,$1416,$1183,$34,$7339,$214,$8830,$10246,$1526,$4126,$206,$5998,$7524,$2,$2920,$-200,$2722,$10246,$394,$87,$68,$155,$-158,$-37,$121,$-85,$-132,$418,$-78,$-5,$-73,$0,$-19,$-19,$-4,$-179,$-7,$-66,$-73,$7,$7,$-209,$-21,$-296,$-57,$21,$-209
2,2018-03-31,20.86,$13.79,1.51,$32.31,0.65,$8.57,2.43,$5.82,3.58,$1.25B,$1.62B,0.77,$4.14B,$2.49B,1.66,$6.77B,$4.01B,59.12%,$6.77B,$1.36B,20.09%,$6.77B,$1.36B,20.09%,$6.77B,$1.53B,22.51%,$6.77B,$1.14B,16.89%,$6.77B,$1.06B,15.62%,$1.06B,$2.49B,29.87%,$1.06B,$-4.86B,-19.66%,$1.06B,$10.18B,9.14%,$1.36B,$6.62B,16.98%,$1594,$681,$913,$0,$626,$1335,$259,$-40,$219,$54,$165,$159,$159,$302,$259,$180,181,$0.88,$0.88,$29,$243,$0,$1246,$1198,$36,$7348,$286,$8933,$10179,$1624,$4135,$273,$6069,$7693,$2,$2667,$-183,$2486,$10179,$159,$43,$41,$84,$-37,$-13,$17,$-143,$-149,$103,$-40,$0,$-2,$0,$-22,$-22,$-4,$-68,$-4,$54,$50,$2,$2,$-104,$-21,$-73,$-37,$10,$-104
3,2017-12-31,17.02,$9.36,1.82,$31.67,0.54,$8.66,1.96,$5.90,2.88,$1.06B,$2.02B,0.52,$4.98B,$7.40B,0.67,$6.69B,$4.00B,59.72%,$6.69B,$1.39B,20.75%,$6.69B,$1.39B,20.75%,$6.69B,$1.55B,23.21%,$6.69B,$1.17B,17.53%,$6.69B,$1.08B,16.08%,$1.08B,$7.40B,31.02%,$1.08B,$-6.26B,-19.73%,$1.08B,$15.74B,9.33%,$1.39B,$12.37B,17.29%,$2243,$785,$1458,$0,$937,$1754,$489,$-10,$479,$-116,$595,$594,$595,$460,$489,$182,183,$3.77,$3.77,$95,$384,$0,$1056,$790,$97,$13653,$121,$14688,$15744,$2018,$4976,$56,$6328,$8346,$8,$914,$99,$7398,$15744,$1076,$165,$-154,$11,$-38,$0,$24,$-39,$-45,$1038,$-199,$0,$-1552,$0,$-9,$-9,$-3,$-1763,$-574,$466,$-108,$-379,$-379,$-414,$-6,$-907,$-1629,$36,$-414
4,2017-09-30,15.42,$11.79,1.31,$27.86,0.55,$8.29,1.86,$3.99,3.86,$1.27B,$1.36B,0.93,$4.40B,$2.13B,2.07,$6.03B,$3.49B,57.89%,$6.03B,$1.23B,20.48%,$6.03B,$1.23B,20.48%,$6.03B,$1.47B,24.40%,$6.03B,$0.95B,15.78%,$6.03B,$0.65B,10.72%,$0.65B,$2.13B,30.01%,$0.65B,$-5.22B,-13.54%,$0.65B,$10.04B,6.43%,$1.23B,$6.53B,18.74%,$1140,$585,$555,$0,$318,$902,$238,$-75,$163,$46,$117,$117,$116,$349,$238,$791,791,$0.15,$0.14,$155,$261,$0,$1266,$1129,$24,$7345,$215,$8773,$10039,$1359,$4399,$204,$6551,$7910,$2,$2311,$-184,$2129,$10039,$238,$194,$191,$385,$-9,$-39,$0,$-7,$657,$1321,$-45,$0,$0,$0,$250,$250,$-4,$201,$-958,$-200,$-1158,$0,$0,$-46,$-84,$-1288,$252,$36,$-46
5,2017-06-30,15.78,$11.83,1.33,$35.47,0.44,$9.90,1.59,$4.17,3.78,$1.56B,$1.58B,0.98,$4.39B,$2.16B,2.04,$6.57B,$3.93B,59.86%,$6.57B,$1.37B,20.85%,$6.57B,$1.37B,20.85%,$6.57B,$1.53B,23.35%,$6.57B,$1.13B,17.23%,$6.57B,$0.77B,11.73%,$0.77B,$2.16B,35.77%,$0.77B,$-5.20B,-17.72%,$0.77B,$10.32B,7.94%,$1.37B,$6.55B,22.00%,$1797,$718,$1079,$0,$681,$1422,$375,$-92,$283,$94,$189,$188,$188,$414,$375,$183,184,$1.02,$1.02,$375,$267,$0,$1555,$1120,$23,$7352,$208,$8764,$10319,$1580,$4391,$248,$6584,$8164,$2,$2346,$-193,$2155,$10319,$365,$83,$92,$175,$-62,$-35,$24,$-100,$-136,$410,$-40,$-5,$-1547,$0,$-1,$-1,$-2,$-1595,$147,$0,$147,$-158,$-158,$-204,$-5,$-220,$-1400,$16,$-204
6,2017-03-31,16.85,$11.93,1.41,$34.77,0.48,$9.83,1.71,$4.54,3.71,$1.25B,$1.15B,1.09,$4.47B,$2.19B,2.04,$6.46B,$3.88B,59.97%,$6.46B,$1.41B,21.75%,$6.46B,$1.41B,21.75%,$6.46B,$1.57B,24.29%,$6.46B,$1.25B,19.34%,$6.46B,$0.84B,13.03%,$0.84B,$2.19B,39.17%,$0.84B,$-5.15B,-21.47%,$0.84B,$10.01B,9.13%,$1.41B,$6.66B,24.02%,$1510,$607,$903,$0,$620,$1224,$286,$-38,$248,$71,$177,$177,$177,$330,$286,$183,185,$0.97,$0.96,$160,$246,$0,$1247,$1125,$23,$7344,$206,$8761,$10008,$1147,$4467,$258,$6668,$7815,$2,$2336,$-206,$2193,$10008,$177,$44,$3,$47,$23,$-16,$19,$-177,$-131,$97,$-15,$0,$-1545,$0,$-2,$-2,$-7,$-1569,$-3,$0,$-3,$-11,$-11,$-97,$-31,$-142,$-1611,$6,$-97
7,2016-12-31,15.51,$11.65,1.33,$34.46,0.45,$10.29,1.51,$4.54,3.42,$2.74B,$1.05B,2.6,$4.47B,$2.13B,2.09,$6.44B,$3.86B,59.91%,$6.44B,$1.43B,22.25%,$6.44B,$1.43B,22.25%,$6.44B,$1.59B,24.74%,$6.44B,$1.28B,19.92%,$6.44B,$0.85B,13.15%,$0.85B,$2.13B,39.83%,$0.85B,$-3.52B,-24.05%,$0.85B,$9.79B,9.62%,$1.43B,$6.60B,26.34%,$1578,$627,$951,$0,$590,$1243,$335,$-78,$257,$91,$166,$165,$165,$377,$335,$185,187,$0.90,$0.90,$1787,$202,$0,$2736,$1138,$23,$5649,$183,$7055,$9791,$1051,$4468,$209,$6606,$7657,$2,$2266,$-229,$2134,$9791,$847,$160,$39,$199,$-28,$3,$32,$-103,$-98,$961,$-174,$0,$2,$0,$-9,$-9,$-8,$-189,$-900,$1950,$1050,$-505,$-505,$-386,$-51,$108,$876,$45,$-386
8,2016-09-30,15.53,$11.58,1.34,$34.04,0.46,$10.52,1.48,$4.61,3.37,$1.60B,$1.48B,1.08,$2.96B,$2.13B,1.39,$6.41B,$3.84B,59.97%,$6.41B,$1.42B,22.16%,$6.41B,$1.42B,22.16%,$6.41B,$1.58B,24.67%,$6.41B,$1.32B,20.55%,$6.41B,$0.87B,13.53%,$0.87B,$2.13B,40.53%,$0.87B,$-3.52B,-24.70%,$0.87B,$8.67B,10.11%,$1.42B,$5.09B,28.10%,$1680,$683,$997,$0,$603,$1307,$373,$-30,$343,$102,$241,$240,$240,$412,$373,$185,186,$1.30,$1.29,$620,$226,$0,$1602,$1124,$24,$5651,$210,$7071,$8673,$1483,$2956,$190,$5061,$6544,$2,$2246,$-213,$2129,$8673,$682,$118,$-34,$84,$-19,$-19,$35,$-109,$-66,$705,$-106,$0,$2,$0,$-8,$-8,$-7,$-119,$-506,$400,$-106,$-446,$-446,$-288,$-36,$-876,$-291,$33,$-288
9,2016-06-30,16.33,$11.55,1.41,$33.50,0.49,$10.76,1.52,$4.37,3.74,$1.33B,$1.17B,1.13,$2.92B,$2.14B,1.36,$6.36B,$3.80B,59.81%,$6.36B,$1.38B,21.77%,$6.36B,$1.38B,21.77%,$6.36B,$1.55B,24.32%,$6.36B,$1.28B,20.16%,$6.36B,$0.83B,13.04%,$0.83B,$2.14B,38.45%,$0.83B,$-3.50B,-23.72%,$0.83B,$8.41B,9.79%,$1.38B,$5.06B,28.45%,$1695,$670,$1025,$0,$590,$1283,$412,$-10,$402,$142,$260,$260,$260,$451,$412,$186,187,$1.40,$1.39,$245,$236,$0,$1325,$1129,$35,$5644,$209,$7081,$8406,$1170,$2921,$212,$5094,$6264,$2,$2248,$-202,$2142,$8406,$442,$79,$0,$79,$-79,$-29,$81,$-113,$-95,$428,$-65,$0,$0,$0,$-7,$-7,$-7,$-79,$-504,$0,$-504,$-291,$-291,$-190,$-31,$-1016,$-666,$0,$-190
10,2016-03-31,15.03,$11.26,1.33,$33.02,0.46,$10.47,1.44,$4.12,3.65,$1.28B,$1.18B,1.09,$2.91B,$2.10B,1.38,$6.32B,$3.76B,59.50%,$6.32B,$1.34B,21.23%,$6.32B,$1.34B,21.23%,$6.32B,$1.50B,23.81%,$6.32B,$1.22B,19.33%,$6.32B,$0.79B,12.49%,$0.79B,$2.10B,36.09%,$0.79B,$-3.55B,-22.73%,$0.79B,$8.36B,9.36%,$1.34B,$5.01B,28.60%,$1487,$602,$885,$0,$546,$1174,$313,$-32,$281,$99,$182,$182,$182,$353,$313,$188,189,$0.97,$0.96,$275,$235,$0,$1283,$1136,$36,$5650,$193,$7081,$8364,$1176,$2907,$216,$5086,$6262,$2,$2194,$-187,$2102,$8364,$182,$40,$20,$60,$-4,$-25,$81,$-152,$-47,$197,$-26,$0,$0,$0,$-6,$-6,$-8,$-40,$-502,$0,$-502,$-172,$-172,$-90,$-31,$-795,$-636,$11,$-90
11,2015-12-31,15.57,$11.62,1.34,$32.61,0.48,$9.99,1.56,$3.97,3.92,$1.82B,$1.58B,1.15,$2.88B,$2.18B,1.32,$6.28B,$3.72B,59.26%,$6.28B,$1.30B,20.66%,$6.28B,$1.30B,20.66%,$6.28B,$1.46B,23.26%,$6.28B,$1.18B,18.85%,$6.28B,$0.76B,12.16%,$0.76B,$2.18B,34.48%,$0.76B,$-3.47B,-22.17%,$0.76B,$8.87B,9.09%,$1.30B,$5.06B,28.72%,$1546,$610,$936,$0,$583,$1224,$322,$-31,$291,$106,$185,$185,$185,$365,$322,$191,192,$0.97,$0.97,$911,$209,$0,$1817,$1156,$31,$5651,$150,$7052,$8869,$1583,$2875,$260,$5103,$6686,$2,$2165,$-195,$2183,$8869,$764,$163,$85,$248,$-25,$-11,$-9,$-3,$-6,$1014,$-159,$0,$0,$0,$-36,$-36,$1,$-194,$-5,$750,$745,$-491,$-491,$-355,$-36,$-137,$674,$44,$-355
12,2015-09-30,13.14,$11.62,1.13,$32.21,0.41,$9.90,1.33,$3.77,3.49,$1.22B,$1.59B,0.77,$2.13B,$2.20B,0.97,$6.25B,$3.68B,58.96%,$6.25B,$1.23B,19.73%,$6.25B,$1.23B,19.73%,$6.25B,$1.40B,22.35%,$6.25B,$1.12B,17.98%,$6.25B,$0.73B,11.67%,$0.73B,$2.20B,32.49%,$0.73B,$-3.46B,-21.29%,$0.73B,$8.23B,8.83%,$1.23B,$4.33B,27.54%,$1630,$673,$957,$0,$592,$1293,$337,$-29,$308,$106,$202,$202,$202,$377,$337,$190,192,$1.06,$1.05,$207,$201,$0,$1222,$1077,$31,$5661,$172,$7003,$8225,$1589,$2130,$265,$4439,$6028,$2,$2072,$-190,$2197,$8225,$579,$120,$65,$185,$-22,$-2,$25,$-68,$-29,$723,$-59,$-1,$0,$0,$-35,$-35,$0,$-95,$-3,$0,$-3,$-376,$-376,$-264,$-5,$-648,$-30,$0,$-264
13,2015-06-30,12.04,$11.85,1.02,$31.77,0.38,$9.86,1.22,$3.68,3.27,$1.26B,$1.56B,0.81,$2.10B,$2.26B,0.93,$6.20B,$3.65B,58.89%,$6.20B,$1.21B,19.54%,$6.20B,$1.21B,19.54%,$6.20B,$1.38B,22.20%,$6.20B,$1.10B,17.75%,$6.20B,$0.72B,11.54%,$0.72B,$2.26B,31.29%,$0.72B,$-3.41B,-21.11%,$0.72B,$8.27B,8.65%,$1.21B,$4.36B,26.23%,$1655,$674,$981,$0,$586,$1286,$369,$-28,$341,$121,$220,$220,$220,$409,$369,$191,192,$1.15,$1.14,$127,$217,$0,$1259,$1095,$13,$5668,$165,$7008,$8267,$1563,$2097,$298,$4442,$6005,$2,$1962,$-149,$2262,$8267,$377,$80,$40,$120,$-80,$-16,$18,$-118,$-127,$349,$-31,$-1,$0,$0,$-15,$-15,$0,$-47,$-2,$0,$-2,$-229,$-229,$-172,$-6,$-409,$-110,$0,$-172
14,2015-03-31,12.88,$11.55,1.12,$31.41,0.41,$10.10,1.28,$3.60,3.58,$1.19B,$1.56B,0.77,$2.11B,$2.22B,0.95,$6.17B,$3.64B,58.88%,$6.17B,$1.19B,19.27%,$6.17B,$1.19B,19.27%,$6.17B,$1.36B,21.96%,$6.17B,$1.08B,17.51%,$6.17B,$0.71B,11.42%,$0.71B,$2.22B,30.83%,$0.71B,$-3.45B,-20.81%,$0.71B,$8.25B,8.54%,$1.19B,$4.33B,25.16%,$1451,$602,$849,$0,$552,$1181,$270,$-26,$244,$87,$157,$157,$157,$310,$270,$193,195,$0.82,$0.81,$93,$228,$0,$1194,$1115,$13,$5670,$193,$7058,$8252,$1555,$2113,$303,$4476,$6031,$2,$1835,$-162,$2221,$8252,$157,$40,$24,$64,$-23,$-26,$67,$-180,$-103,$101,$-19,$0,$0,$0,$-15,$-15,$-6,$-40,$-1,$0,$-1,$-116,$-116,$-79,$-6,$-202,$-144,$9,$-79
15,2014-12-31,11.69,$11.89,0.98,$30.97,0.38,$10.14,1.15,$3.57,3.27,$1.21B,$1.04B,1.17,$2.58B,$2.29B,1.13,$6.12B,$3.63B,59.30%,$6.12B,$1.18B,19.28%,$6.12B,$1.18B,19.28%,$6.12B,$1.35B,22.06%,$6.12B,$1.07B,17.53%,$6.12B,$0.70B,11.49%,$0.70B,$2.29B,30.73%,$0.70B,$-3.38B,-20.74%,$0.70B,$8.27B,8.53%,$1.18B,$4.87B,24.42%,$1509,$614,$895,$0,$607,$1253,$256,$-26,$230,$80,$150,$150,$150,$300,$256,$196,197,$0.77,$0.76,$237,$204,$0,$1211,$1141,$14,$5674,$151,$7054,$8265,$1038,$2580,$302,$4933,$5971,$2,$1771,$-137,$2294,$8265,$703,$170,$104,$274,$-5,$-8,$29,$33,$37,$1022,$-162,$-1,$-19,$0,$0,$0,$-3,$-185,$-1,$-65,$-66,$-359,$-359,$-317,$-5,$-747,$84,$48,$-317
16,2014-09-30,10.43,$12.15,0.86,$30.48,0.34,$9.15,1.14,$3.58,2.91,$1.24B,$1.02B,1.21,$2.54B,$2.36B,1.07,$6.08B,$3.62B,59.51%,$6.08B,$1.19B,19.56%,$6.08B,$1.19B,19.56%,$6.08B,$1.36B,22.35%,$6.08B,$1.08B,17.78%,$6.08B,$0.71B,11.67%,$0.71B,$2.36B,31.05%,$0.71B,$-3.31B,-20.88%,$0.71B,$8.26B,8.62%,$1.19B,$4.90B,24.70%,$1583,$658,$925,$0,$581,$1267,$316,$-31,$285,$97,$188,$188,$188,$357,$316,$195,196,$0.97,$0.96,$266,$191,$0,$1241,$1108,$15,$5675,$145,$7020,$8261,$1024,$2539,$283,$4874,$5898,$2,$1702,$-99,$2363,$8261,$553,$126,$68,$194,$9,$8,$49,$-25,$42,$769,$-96,$-1,$0,$0,$0,$0,$-3,$-100,$0,$-65,$-65,$-244,$-244,$-237,$-7,$-553,$113,$35,$-237
17,2014-06-30,9.44,$11.60,0.81,$29.95,0.32,$8.19,1.15,$3.63,2.6,$1.19B,$1.06B,1.12,$2.54B,$2.27B,1.12,$6.04B,$3.58B,59.37%,$6.04B,$1.17B,19.42%,$6.04B,$1.17B,19.42%,$6.04B,$1.34B,22.25%,$6.04B,$0.64B,10.57%,$6.04B,$0.73B,12.06%,$0.73B,$2.27B,32.07%,$0.73B,$-3.41B,-21.34%,$0.73B,$8.23B,8.88%,$1.17B,$4.81B,24.46%,$1631,$665,$966,$0,$592,$1283,$348,$-26,$322,$113,$209,$210,$210,$389,$348,$197,198,$1.07,$1.06,$135,$213,$0,$1189,$1122,$15,$5681,$137,$7037,$8226,$1063,$2537,$295,$4894,$5957,$2,$1594,$-85,$2269,$8226,$365,$85,$44,$129,$-20,$-13,$48,$-77,$-33,$438,$-64,$-1,$0,$0,$0,$0,$-3,$-68,$0,$5,$5,$-228,$-228,$-157,$-8,$-388,$-18,$22,$-157
18,2014-03-31,8.71,$11.24,0.78,$29.54,0.29,$7.35,1.19,$3.33,2.62,$1.17B,$1.11B,1.06,$2.52B,$2.23B,1.13,$6.02B,$3.55B,59.05%,$6.02B,$1.11B,18.44%,$6.02B,$1.11B,18.44%,$6.02B,$1.28B,21.30%,$6.02B,$0.61B,10.17%,$6.02B,$0.67B,11.19%,$0.67B,$2.23B,29.53%,$0.67B,$-3.45B,-19.77%,$0.67B,$8.23B,8.09%,$1.11B,$4.75B,23.12%,$1398,$554,$844,$0,$554,$1138,$260,$-24,$236,$81,$155,$155,$155,$304,$260,$198,200,$0.78,$0.78,$120,$226,$0,$1173,$1149,$15,$5680,$130,$7054,$8227,$1105,$2523,$301,$4896,$6001,$2,$1466,$-91,$2226,$8227,$155,$44,$25,$69,$1,$-26,$32,$-121,$-76,$129,$-37,$0,$0,$0,$0,$0,$-1,$-38,$0,$85,$85,$-126,$-126,$-75,$-7,$-123,$-33,$11,$-75
19,2013-12-31,7.73,$11.50,0.67,$29.22,0.26,$7.04,1.1,$3.06,2.53,$1.12B,$1.03B,1.09,$2.51B,$2.28B,1.1,$6.00B,$3.50B,58.33%,$6.00B,$1.05B,17.44%,$6.00B,$1.05B,17.44%,$6.00B,$1.22B,20.26%,$6.00B,$0.54B,9.04%,$6.00B,$0.62B,10.41%,$0.62B,$2.28B,27.34%,$0.62B,$-3.41B,-18.33%,$0.62B,$8.20B,7.36%,$1.05B,$4.79B,21.76%,$1463,$583,$880,$0,$527,$1199,$264,$-27,$237,$81,$156,$156,$156,$308,$264,$203,205,$0.78,$0.77,$153,$200,$0,$1119,$1173,$15,$5682,$127,$7082,$8201,$1030,$2508,$313,$4894,$5924,$2,$1393,$-88,$2277,$8201,$624,$169,$175,$344,$-22,$-3,$-6,$-100,$-137,$866,$-178,$0,$-10,$0,$-5,$-5,$-2,$-195,$-251,$65,$-186,$-385,$-385,$-302,$-7,$-880,$-213,$37,$-302
20,2013-09-30,7.06,$11.47,0.62,$29.06,0.24,$4.95,1.42,$3.09,2.28,$1.06B,$0.96B,1.11,$2.52B,$2.31B,1.09,$6.02B,$3.50B,58.11%,$6.02B,$1.07B,17.85%,$6.02B,$1.07B,17.85%,$6.02B,$1.24B,20.62%,$6.02B,$0.57B,9.44%,$6.02B,$0.64B,10.60%,$0.64B,$2.31B,27.95%,$0.64B,$-3.38B,-18.77%,$0.64B,$8.13B,7.37%,$1.07B,$4.83B,22.29%,$1543,$650,$893,$0,$563,$1243,$300,$-457,$-157,$-364,$207,$207,$207,$342,$300,$203,205,$1.02,$1.01,$119,$196,$0,$1059,$1155,$14,$5684,$129,$7070,$8129,$956,$2521,$265,$4865,$5821,$2,$1313,$-103,$2308,$8129,$468,$125,$175,$300,$15,$1,$-1,$-165,$-168,$616,$-110,$0,$-10,$0,$-5,$-5,$-3,$-128,$-250,$0,$-250,$-250,$-250,$-225,$-7,$-732,$-247,$28,$-225
21,2013-06-30,7.17,$11.30,0.63,$28.73,0.25,$3.08,2.33,$2.92,2.46,$1.21B,$1.06B,1.14,$2.52B,$2.30B,1.09,$6.00B,$3.51B,58.40%,$6.00B,$1.08B,18.02%,$6.00B,$1.08B,18.02%,$6.00B,$1.25B,20.77%,$6.00B,$1.01B,16.76%,$6.00B,$0.61B,10.16%,$0.61B,$2.30B,26.69%,$0.61B,$-3.38B,-17.98%,$0.61B,$8.71B,6.87%,$1.08B,$4.83B,22.99%,$1611,$676,$935,$0,$619,$1326,$285,$11,$296,$142,$154,$155,$155,$327,$285,$204,206,$0.76,$0.76,$113,$222,$0,$1213,$1169,$14,$5686,$540,$7496,$8709,$1064,$2521,$799,$5341,$6405,$2,$1184,$-104,$2304,$8709,$261,$83,$81,$164,$-79,$-25,$32,$-94,$-146,$295,$-79,$-5,$-10,$0,$0,$0,$0,$-94,$-250,$68,$-182,$-114,$-114,$-148,$-7,$-451,$-253,$19,$-148
22,2013-03-31,7.27,$10.97,0.66,$28.49,0.26,$1.44,5.03,$2.99,2.43,$1.28B,$1.21B,1.06,$2.55B,$2.24B,1.14,$6.01B,$3.51B,58.32%,$6.01B,$1.10B,18.24%,$6.01B,$1.10B,18.24%,$6.01B,$1.27B,21.10%,$6.01B,$0.98B,16.31%,$6.01B,$0.63B,10.53%,$0.63B,$2.24B,27.73%,$0.63B,$-3.45B,-18.67%,$0.63B,$8.87B,7.09%,$1.10B,$4.79B,23.95%,$1380,$590,$790,$0,$563,$1183,$197,$-31,$166,$60,$106,$106,$106,$238,$197,$205,206,$0.52,$0.51,$208,$216,$0,$1280,$1186,$15,$5693,$572,$7592,$8872,$1212,$2547,$853,$5421,$6633,$2,$1107,$-97,$2239,$8872,$106,$41,$24,$65,$-30,$-18,$51,$-97,$-99,$77,$-46,$0,$-10,$0,$-5,$-5,$0,$-61,$0,$0,$0,$-98,$-98,$-70,$-7,$-175,$-158,$9,$-70
23,2012-12-31,6.78,$11.11,0.61,$28.16,0.24,$-0.44,0.0,$2.96,2.29,$1.34B,$1.23B,1.08,$2.55B,$2.28B,1.12,$6.00B,$3.50B,58.30%,$6.00B,$1.09B,18.22%,$6.00B,$1.09B,18.22%,$6.00B,$1.27B,21.13%,$6.00B,$0.98B,16.31%,$6.00B,$0.63B,10.49%,$0.63B,$2.28B,27.49%,$0.63B,$-3.39B,-18.61%,$0.63B,$8.93B,7.07%,$1.09B,$4.83B,24.21%,$1484,$605,$879,$0,$555,$1192,$292,$-29,$263,$93,$170,$170,$170,$334,$292,$211,212,$0.82,$0.81,$366,$197,$0,$1335,$1202,$14,$5667,$580,$7593,$8928,$1232,$2554,$846,$5416,$6648,$2,$1080,$-110,$2280,$8928,$629,$175,$126,$301,$37,$17,$12,$-28,$-430,$482,$-210,$-7,$0,$0,$0,$0,$0,$-217,$0,$50,$50,$-378,$-378,$-284,$9,$-603,$-335,$35,$-284
24,2012-09-30,6.79,$11.12,0.61,$27.78,0.24,$0.75,9.03,$2.92,2.32,$1.40B,$1.74B,0.8,$2.07B,$2.32B,0.89,$5.97B,$3.47B,58.15%,$5.97B,$1.07B,17.93%,$5.97B,$1.07B,17.93%,$5.97B,$1.25B,20.91%,$5.97B,$0.96B,16.09%,$5.97B,$0.63B,10.47%,$0.63B,$2.32B,27.36%,$0.63B,$-3.35B,-18.49%,$0.63B,$8.99B,6.95%,$1.07B,$4.38B,24.17%,$1528,$626,$902,$0,$561,$1220,$308,$-27,$281,$102,$179,$179,$179,$348,$308,$210,212,$0.85,$0.84,$383,$207,$0,$1396,$1194,$14,$5668,$583,$7593,$8989,$1736,$2065,$833,$4935,$6671,$2,$981,$-98,$2318,$8989,$459,$133,$84,$217,$41,$7,$33,$12,$-373,$282,$-155,$0,$0,$0,$-7,$-7,$0,$-162,$0,$0,$0,$-241,$-241,$-213,$12,$-442,$-318,$26,$-213
25,2012-06-30,6.62,$10.90,0.61,$27.58,0.24,$2.14,3.09,$2.79,2.37,$1.39B,$1.73B,0.8,$2.02B,$2.30B,0.88,$5.97B,$3.43B,57.39%,$5.97B,$1.02B,17.14%,$5.97B,$1.02B,17.14%,$5.97B,$1.20B,20.12%,$5.97B,$0.92B,15.34%,$5.97B,$0.60B,10.05%,$0.60B,$2.30B,26.45%,$0.60B,$-3.37B,-17.68%,$0.60B,$8.91B,6.64%,$1.02B,$4.32B,23.00%,$1621,$685,$936,$0,$599,$1321,$300,$-29,$271,$93,$178,$178,$178,$349,$300,$212,213,$0.84,$0.83,$303,$217,$0,$1391,$1141,$13,$5665,$565,$7516,$8907,$1734,$2020,$820,$4878,$6612,$2,$874,$-105,$2295,$8907,$280,$93,$59,$152,$-16,$-4,$71,$-54,$-461,$-41,$-84,$0,$0,$0,$-7,$-7,$0,$-91,$0,$0,$0,$-140,$-140,$-141,$13,$-268,$-398,$17,$-141
26,2012-03-31,6.03,$10.67,0.57,$27.03,0.22,$3.41,1.77,$2.73,2.21,$1.26B,$1.41B,0.89,$2.25B,$2.26B,0.99,$5.93B,$3.41B,57.50%,$5.93B,$1.01B,17.09%,$5.93B,$1.01B,17.09%,$5.93B,$1.18B,19.94%,$5.93B,$0.91B,15.34%,$5.93B,$0.59B,10.01%,$0.59B,$2.26B,26.06%,$0.59B,$-3.41B,-17.55%,$0.59B,$8.78B,6.51%,$1.01B,$4.51B,22.52%,$1362,$584,$778,$0,$553,$1170,$192,$-29,$163,$61,$102,$102,$102,$236,$192,$213,214,$0.48,$0.48,$192,$225,$0,$1261,$1149,$14,$5670,$558,$7523,$8784,$1412,$2247,$829,$5112,$6524,$2,$769,$-86,$2260,$8784,$102,$44,$36,$80,$39,$-11,$46,$-89,$-491,$-325,$-47,$-6,$0,$0,$0,$0,$0,$-53,$0,$0,$0,$-79,$-79,$-68,$13,$-134,$-509,$8,$-68
27,2011-12-31,5.87,$10.67,0.55,$26.54,0.22,$5.13,1.14,$2.75,2.14,$1.76B,$1.92B,0.92,$2.26B,$2.26B,1.0,$5.90B,$3.42B,57.90%,$5.90B,$1.02B,17.35%,$5.90B,$1.02B,17.35%,$5.90B,$1.19B,20.18%,$5.90B,$0.93B,15.67%,$5.90B,$0.61B,10.27%,$0.61B,$2.26B,26.10%,$0.61B,$-3.39B,-18.12%,$0.61B,$9.28B,6.55%,$1.02B,$4.52B,22.61%,$1461,$604,$857,$0,$553,$1190,$271,$-25,$246,$80,$166,$166,$166,$316,$271,$219,221,$0.77,$0.76,$701,$212,$0,$1757,$1152,$13,$5657,$573,$7526,$9283,$1915,$2256,$814,$5105,$7020,$2,$740,$-110,$2263,$9283,$606,$167,$-464,$-297,$-73,$29,$-9,$-18,$450,$783,$-235,$-3,$0,$0,$-2,$-2,$0,$-240,$0,$600,$600,$-502,$-502,$-251,$1,$-152,$386,$34,$-251
28,2011-09-30,5.72,$10.40,0.55,$25.76,0.22,$12.17,0.47,$2.47,2.32,$1.70B,$1.73B,0.98,$2.21B,$2.26B,0.98,$5.85B,$3.42B,58.40%,$5.85B,$1.02B,17.44%,$5.85B,$1.02B,17.44%,$5.85B,$1.19B,20.28%,$5.85B,$0.83B,14.14%,$5.85B,$0.55B,9.43%,$0.55B,$2.26B,23.29%,$0.55B,$-3.40B,-16.73%,$0.55B,$9.19B,6.03%,$1.02B,$4.47B,23.01%,$1529,$672,$857,$0,$559,$1268,$261,$-25,$236,$82,$154,$154,$154,$301,$261,$216,218,$0.71,$0.71,$651,$260,$0,$1695,$1121,$11,$5657,$574,$7494,$9189,$1726,$2210,$811,$5207,$6933,$2,$643,$-97,$2256,$9189,$440,$122,$-337,$-215,$-27,$-19,$-7,$14,$343,$580,$-146,$0,$0,$0,$0,$0,$0,$-146,$0,$500,$500,$-413,$-413,$-183,$4,$-92,$336,$24,$-183
29,2011-06-30,6.13,$10.77,0.57,$24.81,0.25,$15.94,0.38,$2.36,2.6,$1.70B,$1.56B,1.09,$2.18B,$2.34B,0.94,$5.78B,$3.42B,59.13%,$5.78B,$1.02B,17.64%,$5.78B,$1.02B,17.64%,$5.78B,$1.19B,20.65%,$5.78B,$0.82B,14.23%,$5.78B,$0.54B,9.37%,$0.54B,$2.34B,22.10%,$0.54B,$-3.34B,-16.82%,$0.54B,$9.23B,5.99%,$1.02B,$4.52B,22.13%,$1582,$662,$920,$0,$598,$1292,$290,$-25,$265,$94,$171,$172,$172,$330,$290,$222,224,$0.78,$0.77,$550,$275,$0,$1695,$1147,$12,$5674,$554,$7533,$9228,$1561,$2184,$796,$5330,$6891,$2,$559,$-22,$2337,$9228,$286,$82,$-212,$-130,$-81,$-30,$0,$-32,$99,$256,$-103,$0,$0,$0,$0,$0,$0,$-103,$0,$500,$500,$-313,$-313,$-111,$3,$79,$235,$17,$-111
30,2011-03-31,5.39,$10.98,0.49,$23.92,0.23,$19.99,0.27,$2.33,2.31,$1.77B,$1.41B,1.26,$2.18B,$2.43B,0.9,$5.72B,$3.43B,59.89%,$5.72B,$1.04B,18.18%,$5.72B,$1.04B,18.18%,$5.72B,$1.22B,21.35%,$5.72B,$0.84B,14.72%,$5.72B,$0.55B,9.67%,$0.55B,$2.43B,21.48%,$0.55B,$-3.25B,-17.83%,$0.55B,$9.31B,6.15%,$1.04B,$4.61B,21.55%,$1331,$547,$784,$0,$547,$1129,$202,$-24,$178,$64,$114,$114,$114,$244,$202,$224,226,$0.51,$0.50,$657,$264,$0,$1773,$1153,$12,$5675,$554,$7541,$9314,$1413,$2182,$791,$5471,$6884,$2,$458,$-26,$2430,$9314,$114,$42,$-78,$-36,$-26,$-19,$29,$-120,$-26,$51,$-54,$0,$0,$0,$0,$0,$0,$-54,$0,$500,$500,$-98,$-98,$-56,$-3,$343,$342,$8,$-56
31,2010-12-31,5.07,$10.98,0.46,$22.93,0.22,$23.66,0.21,$2.18,2.33,$1.31B,$1.34B,0.98,$1.69B,$2.46B,0.69,$5.64B,$3.39B,60.20%,$5.64B,$1.03B,18.19%,$5.64B,$1.03B,18.19%,$5.64B,$1.22B,21.58%,$5.64B,$0.82B,14.57%,$5.64B,$0.53B,9.37%,$0.53B,$2.46B,19.32%,$0.53B,$-3.22B,-17.92%,$0.53B,$8.86B,5.91%,$1.03B,$4.15B,20.18%,$1412,$554,$858,$0,$551,$1144,$268,$-119,$149,$37,$112,$112,$112,$312,$268,$240,243,$0.48,$0.48,$315,$244,$0,$1309,$1168,$11,$5675,$552,$7550,$8859,$1338,$1687,$777,$5062,$6400,$2,$400,$-28,$2459,$8859,$528,$191,$166,$357,$-2,$19,$37,$1567,$1643,$2535,$-228,$0,$0,$0,$-1,$-1,$4,$-225,$0,$-978,$-978,$-1107,$-1107,$-194,$-1,$-2280,$35,$29,$-194
32,2010-09-30,5.09,$11.27,0.45,$22.42,0.23,$16.32,0.31,$2.13,2.39,$1.30B,$0.98B,1.32,$2.57B,$2.59B,1.0,$5.58B,$3.36B,60.27%,$5.58B,$1.01B,18.06%,$5.58B,$1.01B,18.06%,$5.58B,$1.21B,21.76%,$5.58B,$0.84B,14.98%,$5.58B,$0.53B,9.50%,$0.53B,$2.59B,18.19%,$0.53B,$-3.09B,-19.15%,$0.53B,$8.79B,5.94%,$1.01B,$5.16B,18.06%,$1457,$600,$857,$0,$564,$1197,$260,$-29,$231,$87,$144,$144,$144,$308,$260,$238,240,$0.61,$0.60,$224,$283,$0,$1299,$1123,$11,$5677,$541,$7491,$8790,$984,$2571,$724,$5221,$6205,$2,$346,$-40,$2585,$8790,$416,$147,$68,$215,$9,$-21,$0,$833,$896,$1539,$-154,$0,$0,$0,$-1,$-1,$4,$-151,$0,$-405,$-405,$-905,$-905,$-136,$-1,$-1447,$-56,$21,$-136
33,2010-06-30,5.32,$11.82,0.45,$21.98,0.24,$12.45,0.43,$2.12,2.51,$1.50B,$0.96B,1.57,$2.57B,$2.82B,0.91,$5.56B,$3.36B,60.48%,$5.56B,$1.02B,18.36%,$5.56B,$1.02B,18.36%,$5.56B,$1.24B,22.22%,$5.56B,$0.85B,15.24%,$5.56B,$0.54B,9.66%,$0.54B,$2.82B,17.68%,$0.54B,$-2.86B,-20.29%,$0.54B,$8.98B,6.03%,$1.02B,$5.39B,17.52%,$1519,$593,$926,$0,$587,$1209,$310,$-26,$284,$102,$182,$183,$183,$357,$310,$245,247,$0.75,$0.74,$411,$269,$0,$1503,$1110,$10,$5678,$542,$7475,$8978,$960,$2568,$734,$5195,$6155,$2,$260,$-56,$2823,$8978,$272,$99,$26,$125,$-38,$-7,$0,$851,$862,$1266,$-98,$0,$0,$0,$0,$0,$0,$-98,$0,$-405,$-405,$-557,$-557,$-76,$0,$-1038,$131,$13,$-76
34,2010-03-31,4.97,$12.32,0.4,$21.62,0.23,$8.64,0.58,$2.00,2.48,$1.63B,$0.85B,1.92,$2.57B,$3.06B,0.84,$5.52B,$3.32B,60.16%,$5.52B,$1.01B,18.25%,$5.52B,$1.01B,18.25%,$5.52B,$1.23B,22.27%,$5.52B,$0.81B,14.69%,$5.52B,$0.51B,9.28%,$0.51B,$3.06B,16.72%,$0.51B,$-2.62B,-19.50%,$0.51B,$9.12B,5.79%,$1.01B,$5.63B,16.75%,$1248,$496,$752,$0,$531,$1061,$187,$-30,$157,$68,$89,$89,$89,$239,$187,$253,255,$0.35,$0.35,$571,$270,$0,$1630,$1106,$10,$5686,$543,$7487,$9117,$850,$2566,$736,$5205,$6055,$3,$138,$-41,$3062,$9117,$89,$52,$18,$70,$10,$-7,$0,$848,$825,$987,$-55,$0,$0,$0,$0,$0,$0,$-55,$0,$-405,$-405,$-202,$-202,$-38,$0,$-645,$291,$0,$-38
35,2009-12-31,3.98,$12.54,0.32,$21.69,0.18,$5.38,0.74,$2.17,1.83,$1.28B,$0.85B,1.5,$2.96B,$3.19B,0.93,$5.53B,$3.30B,59.61%,$5.53B,$1.09B,19.62%,$5.53B,$1.09B,19.62%,$5.53B,$1.31B,23.67%,$5.53B,$0.87B,15.69%,$5.53B,$0.56B,10.03%,$0.56B,$3.19B,18.62%,$0.56B,$-2.50B,-20.50%,$0.56B,$8.78B,6.36%,$1.09B,$6.15B,17.70%,$1356,$528,$828,$0,$539,$1105,$251,$-87,$164,$50,$114,$114,$114,$310,$251,$254,255,$0.45,$0.44,$280,$262,$0,$1279,$1109,$9,$5685,$543,$7497,$8776,$854,$2960,$737,$4735,$5589,$3,$87,$-59,$3187,$8776,$555,$224,$122,$346,$5,$3,$0,$-32,$-22,$865,$-312,$0,$0,$0,$61,$61,$0,$-251,$0,$-550,$-550,$1,$1,$0,$-5,$-554,$66,$19,$0
36,2009-09-30,4.02,$12.12,0.33,$21.79,0.18,$4.82,0.83,$-0.71,0.0,$1.28B,$0.87B,1.47,$3.04B,$3.08B,0.99,$5.55B,$3.22B,58.06%,$5.55B,$-0.00B,-0.04%,$5.55B,$-0.00B,-0.04%,$5.55B,$1.26B,22.77%,$5.55B,$-0.18B,-3.21%,$5.55B,$-0.18B,-3.24%,$-0.18B,$3.08B,-6.35%,$-0.18B,$-2.61B,6.31%,$-0.18B,$8.74B,-2.07%,$-0.00B,$6.12B,-0.03%,$1434,$579,$855,$0,$547,$1162,$272,$-30,$242,$92,$150,$151,$151,$329,$272,$254,256,$0.59,$0.59,$282,$275,$0,$1283,$1041,$14,$5686,$566,$7457,$8740,$872,$3039,$747,$4790,$5662,$3,$11,$-83,$3078,$8740,$441,$165,$-2,$163,$0,$-11,$0,$-34,$93,$701,$-218,$-7,$0,$0,$68,$68,$0,$-157,$0,$-480,$-480,$0,$0,$0,$-3,$-483,$68,$0,$0
37,2009-06-30,2.97,$11.50,0.26,$22.05,0.13,$4.20,0.71,$-0.89,0.0,$1.31B,$0.82B,1.61,$3.24B,$2.92B,1.11,$5.61B,$3.15B,56.19%,$5.61B,$-0.06B,-1.09%,$5.61B,$-0.06B,-1.09%,$5.61B,$1.20B,21.30%,$5.61B,$-0.26B,-4.56%,$5.61B,$-0.23B,-4.01%,$-0.23B,$2.92B,-7.76%,$-0.23B,$-2.77B,7.35%,$-0.23B,$8.73B,-2.51%,$-0.06B,$6.16B,-0.96%,$1481,$596,$885,$0,$550,$1184,$297,$-49,$248,$91,$157,$158,$158,$351,$297,$254,255,$0.62,$0.62,$235,$284,$0,$1310,$1013,$14,$5691,$562,$7420,$8730,$816,$3240,$751,$4994,$5810,$3,$-140,$-86,$2920,$8730,$290,$108,$-16,$92,$-44,$-21,$0,$-22,$-15,$371,$-134,$-7,$0,$0,$68,$68,$0,$-73,$0,$-280,$-280,$0,$0,$0,$-1,$-281,$21,$0,$0
38,2009-03-31,2.37,$10.78,0.22,$22.33,0.11,$3.82,0.62,$-1.09,0.0,$1.25B,$0.82B,1.52,$3.37B,$2.74B,1.23,$5.68B,$3.12B,54.96%,$5.68B,$-0.09B,-1.57%,$5.68B,$-0.09B,-1.57%,$5.68B,$1.16B,20.51%,$5.68B,$-0.32B,-5.57%,$5.68B,$-0.28B,-4.85%,$-0.28B,$2.74B,-9.23%,$-0.28B,$-2.95B,8.46%,$-0.28B,$8.64B,-2.96%,$-0.09B,$6.10B,-1.37%,$1260,$531,$729,$0,$499,$995,$265,$-51,$214,$82,$132,$132,$132,$319,$265,$254,254,$0.52,$0.52,$219,$286,$0,$1251,$1001,$12,$5686,$558,$7389,$8640,$821,$3366,$725,$5083,$5904,$3,$-298,$-112,$2736,$8640,$132,$54,$-42,$12,$-9,$-24,$0,$3,$33,$178,$-78,$-5,$0,$0,$68,$68,$0,$-15,$0,$-155,$-155,$0,$0,$0,$-1,$-156,$5,$0,$0
