,Date,Stock Price,Book Value per Share,Price to Book Ratio,TTM Sales per Share,Price to Sales Ratio,TTM FCF per Share,Price to FCF Ratio,TTM Net EPS,PE Ratio,Current Assets,Current Liabilities,Current Ratio,Long Term Debt,Shareholder's Equity_x,Debt to Equity Ratio,TTM Revenue_x,TTM Gross Profit,Gross Margin,TTM Revenue_y,TTM Operating Income,Operating Margin,TTM Revenue_x,TTM EBIT,EBIT Margin,TTM Revenue_y,TTM EBITDA,EBITDA Margin,TTM Revenue_x,TTM Pre-Tax Income,Pre-Tax Margin,TTM Revenue_y,TTM Net Income_x,Net Margin,TTM Net Income_y,Shareholder's Equity_y,Return on Equity,TTM Net Income_x,Tangible Equity,Return on Tangible Equity,TTM Net Income_y,Total Assets,Return on Assets,TTM Net Income,LT Investments & Debt,Return on Investment,revenue,cost-goods-sold,gross-profit,research-development-expenses,selling-general-administrative-expenses,operating-expenses,operating-income,total-non-operating-income-expense,pre-tax-income,total-provision-income-taxes,income-after-taxes,income-from-continuous-operations,net-income,ebitda,ebit,basic-shares-outstanding,shares-outstanding,eps-basic-net-earnings-per-share,eps-earnings-per-share-diluted,cash-on-hand,inventory,other-current-assets,total-current-assets,net-property-plant-equipment,long-term-investments,goodwill-intangible-assets-total,other-long-term-assets,total-long-term-assets,total-assets,total-current-liabilities,long-term-debt,other-non-current-liabilities,total-long-term-liabilities,total-liabilities,common-stock-net,retained-earnings-accumulated-deficit,comprehensive-income,total-share-holder-equity,total-liabilities-share-holders-equity,net-income-loss,total-depreciation-amortization-cash-flow,other-non-cash-items,total-non-cash-items,change-in-accounts-receivable,change-in-inventories,change-in-accounts-payable,change-in-assets-liabilities,total-change-in-assets-liabilities,cash-flow-from-operating-activities,net-change-in-property-plant-equipment,net-change-in-intangible-assets,net-acquisitions-divestitures,net-change-in-short-term-investments,net-change-in-long-term-investments,net-change-in-investments-total,investing-activities-other,cash-flow-from-investing-activities,net-long-term-debt,net-current-debt,debt-issuance-retirement-net-total,net-common-equity-issued-repurchased,net-total-equity-issued-repurchased,total-common-preferred-stock-dividends-paid,financial-activities-other,cash-flow-from-financial-activities,net-cash-flow,stock-based-compensation,common-stock-dividends-paid
0,2018-09-30,18.55,$8.92,2.08,$22.07,0.84,$1.25,14.87,$1.59,11.67,$0.67B,$0.26B,2.6,$0.30B,$0.51B,0.58,$1.30B,$0.39B,29.98%,$1.30B,$0.14B,10.68%,$1.30B,$0.14B,10.68%,$1.30B,$0.19B,14.53%,$1.30B,$0.10B,7.99%,$1.30B,$0.09B,7.23%,$0.09B,$0.51B,19.96%,$0.09B,$0.42B,25.25%,$0.09B,$1.21B,7.86%,$0.14B,$0.81B,17.98%,$349,$236,$114,$11,$52,$299,$50,$-11,$39,$2,$37,$37,$37,$63,$50,$58,59,$0.64,$0.63,$263,$213,$0,$670,$408,$12,$96,$12,$540,$1210,$258,$296,$128,$439,$697,$1,$76,$-29,$513,$1210,$72,$26,$13,$39,$0,$0,$0,$-78,$-78,$33,$-40,$0,$0,$0,$-1,$-1,$1,$-41,$-8,$0,$-8,$0,$0,$0,$0,$-8,$-24,$8,$0
1,2018-06-30,24.15,$8.18,2.95,$21.33,1.13,$1.76,13.73,$1.18,20.47,$0.65B,$0.27B,2.44,$0.30B,$0.47B,0.64,$1.25B,$0.36B,28.79%,$1.25B,$0.12B,9.65%,$1.25B,$0.12B,9.65%,$1.25B,$0.17B,13.64%,$1.25B,$0.08B,6.38%,$1.25B,$0.07B,5.58%,$0.07B,$0.47B,15.67%,$0.07B,$0.37B,20.22%,$0.07B,$1.18B,5.93%,$0.12B,$0.77B,16.07%,$328,$233,$95,$11,$49,$292,$35,$5,$40,$5,$35,$35,$35,$48,$35,$57,59,$0.61,$0.60,$245,$206,$0,$651,$397,$11,$98,$11,$528,$1179,$267,$300,$129,$443,$710,$1,$39,$-31,$469,$1179,$35,$13,$7,$20,$0,$0,$0,$-71,$-71,$-16,$-16,$0,$0,$0,$0,$0,$1,$-15,$-4,$0,$-4,$0,$0,$0,$0,$-4,$-42,$4,$0
2,2018-03-31,18.13,$8.19,2.21,$20.53,0.88,$2.35,7.73,$4.42,4.1,$0.68B,$0.29B,2.36,$0.30B,$0.46B,0.66,$1.20B,$0.34B,28.33%,$1.20B,$0.11B,9.50%,$1.20B,$0.11B,9.50%,$1.20B,$0.16B,13.58%,$1.20B,$0.19B,15.50%,$1.20B,$0.26B,21.25%,$0.26B,$0.46B,59.89%,$0.26B,$0.36B,78.76%,$0.26B,$1.22B,21.92%,$0.11B,$0.77B,15.50%,$318,$229,$89,$11,$48,$296,$22,$-17,$5,$3,$2,$3,$3,$35,$22,$53,59,$-0.42,$-0.02,$287,$204,$0,$679,$405,$12,$100,$13,$544,$1223,$288,$304,$152,$471,$759,$1,$3,$-3,$464,$1223,$255,$50,$-192,$-142,$30,$-14,$-16,$7,$9,$121,$-61,$0,$164,$0,$-3,$-3,$3,$102,$-65,$0,$-65,$14,$14,$0,$-5,$-56,$177,$8,$0
3,2017-12-31,15.06,$7.74,1.95,$18.67,0.81,$2.16,6.96,$5.31,2.84,$0.66B,$0.27B,2.49,$0.31B,$0.44B,0.7,$1.08B,$0.30B,27.87%,$1.08B,$0.10B,9.35%,$1.08B,$0.10B,9.35%,$1.08B,$0.15B,13.52%,$1.08B,$0.19B,17.78%,$1.08B,$0.31B,28.24%,$0.31B,$0.44B,87.58%,$0.31B,$0.34B,120.20%,$0.31B,$1.17B,29.30%,$0.10B,$0.75B,14.88%,$306,$214,$92,$10,$48,$274,$32,$-12,$20,$2,$18,$19,$19,$43,$32,$57,59,$0.33,$0.32,$284,$201,$0,$664,$375,$9,$101,$11,$508,$1172,$267,$308,$153,$467,$734,$1,$0,$-23,$438,$1172,$252,$37,$-207,$-170,$0,$0,$0,$-0,$-0,$83,$-30,$0,$167,$0,$0,$0,$3,$140,$-61,$0,$-61,$14,$14,$0,$-5,$-52,$174,$5,$0
4,2017-09-30,21.13,$7.39,2.86,$16.87,1.25,$1.76,12.04,$5.21,4.06,$0.64B,$0.25B,2.51,$0.31B,$0.42B,0.75,$0.96B,$0.26B,26.61%,$0.96B,$0.08B,8.63%,$0.96B,$0.08B,8.63%,$0.96B,$0.13B,13.10%,$0.96B,$0.19B,19.33%,$0.96B,$0.30B,30.98%,$0.30B,$0.42B,114.07%,$0.30B,$0.31B,170.77%,$0.30B,$1.15B,32.61%,$0.08B,$0.73B,13.57%,$302,$217,$85,$10,$42,$270,$32,$-16,$15,$3,$13,$13,$13,$45,$32,$50,58,$0.26,$0.22,$254,$200,$0,$639,$372,$12,$103,$10,$508,$1147,$254,$311,$151,$477,$731,$1,$-18,$-25,$416,$1147,$233,$26,$-206,$-180,$0,$0,$0,$-14,$-14,$40,$-17,$0,$167,$0,$0,$0,$1,$150,$-22,$-34,$-56,$13,$13,$0,$-5,$-48,$144,$3,$0
5,2017-06-30,12.8,$8.10,1.58,$15.73,0.81,$1.64,7.79,$4.88,2.62,$0.61B,$0.25B,2.47,$0.32B,$0.39B,0.82,$0.85B,$0.22B,25.74%,$0.85B,$0.05B,6.38%,$0.85B,$0.05B,6.38%,$0.85B,$0.09B,11.10%,$0.85B,$0.17B,19.72%,$0.85B,$0.28B,33.06%,$0.28B,$0.39B,157.30%,$0.28B,$0.28B,282.12%,$0.28B,$1.11B,35.16%,$0.05B,$0.70B,9.88%,$274,$200,$74,$9,$36,$246,$28,$119,$146,$1,$145,$220,$220,$40,$28,$47,58,$4.65,$3.82,$226,$192,$0,$607,$367,$12,$104,$10,$504,$1111,$246,$315,$152,$480,$725,$0,$-31,$-31,$385,$1111,$220,$12,$-208,$-196,$0,$0,$0,$-14,$-14,$10,$-7,$0,$167,$0,$0,$0,$0,$160,$-57,$0,$-57,$2,$2,$0,$0,$-55,$116,$1,$0
6,2017-03-31,12.0,$3.31,3.63,$14.98,0.8,$1.40,8.59,$0.78,15.38,$0.38B,$0.13B,2.91,$0.39B,$0.15B,2.5,$0.76B,$0.19B,24.67%,$0.76B,$0.04B,4.62%,$0.76B,$0.04B,4.62%,$0.76B,$0.07B,9.63%,$0.76B,$0.01B,1.32%,$0.76B,$0.05B,6.33%,$0.05B,$0.15B,46.27%,$0.05B,$0.08B,146.56%,$0.05B,$0.73B,6.99%,$0.04B,$0.54B,7.14%,$198,$147,$50,$6,$30,$189,$9,$2,$11,$-0,$12,$53,$53,$18,$9,$47,55,$1.14,$1.02,$110,$148,$0,$379,$209,$63,$70,$4,$355,$734,$130,$386,$60,$450,$580,$0,$-252,$-42,$154,$734,$48,$37,$-34,$4,$-0,$17,$6,$-3,$20,$72,$-26,$0,$0,$0,$0,$0,$0,$-26,$-12,$12,$-0,$-0,$-0,$0,$0,$-0,$45,$5,$0
7,2016-12-31,6.63,$1.95,3.4,$15.41,0.43,$0.84,7.85,$-0.48,0.0,$0.35B,$0.11B,3.17,$0.39B,$0.09B,4.27,$0.74B,$0.18B,24.19%,$0.74B,$0.04B,4.84%,$0.74B,$0.04B,4.84%,$0.74B,$0.08B,10.08%,$0.74B,$-0.00B,-0.27%,$0.74B,$-0.02B,-2.69%,$-0.02B,$0.09B,-21.45%,$-0.02B,$0.02B,-93.02%,$-0.02B,$0.66B,-2.95%,$0.04B,$0.48B,7.51%,$188,$141,$47,$7,$27,$174,$14,$0,$14,$2,$12,$12,$12,$23,$14,$47,55,$0.26,$0.22,$87,$155,$0,$348,$212,$21,$70,$3,$314,$663,$110,$386,$73,$462,$572,$0,$-305,$-51,$90,$663,$-5,$28,$17,$45,$0,$0,$0,$3,$3,$42,$-15,$0,$0,$0,$0,$0,$0,$-15,$-2,$0,$-2,$-1,$-1,$0,$0,$-3,$22,$3,$0
8,2016-09-30,3.57,$1.79,1.99,$15.85,0.23,$0.05,65.27,$-0.89,0.0,$0.36B,$0.12B,2.93,$0.39B,$0.08B,4.66,$0.73B,$0.17B,23.47%,$0.73B,$0.03B,4.09%,$0.73B,$0.03B,4.09%,$0.73B,$0.07B,9.55%,$0.73B,$-0.02B,-2.05%,$0.73B,$-0.04B,-5.59%,$-0.04B,$0.08B,-40.29%,$-0.04B,$0.01B,-140.17%,$-0.04B,$0.68B,-5.95%,$0.03B,$0.47B,6.14%,$187,$141,$47,$7,$26,$184,$3,$-8,$-4,$1,$-5,$-5,$-5,$13,$3,$47,47,$-0.11,$-0.11,$75,$165,$0,$359,$221,$15,$71,$2,$318,$677,$122,$386,$83,$472,$594,$0,$-317,$-46,$83,$677,$-17,$19,$22,$41,$0,$0,$0,$-0,$-0,$23,$-10,$0,$0,$0,$0,$0,$0,$-10,$-2,$0,$-2,$-1,$-1,$0,$0,$-2,$10,$2,$0
9,2016-06-30,2.93,$1.91,1.53,$15.56,0.19,$-0.62,0.0,$-0.64,0.0,$0.34B,$0.11B,3.13,$0.39B,$0.09B,4.37,$0.73B,$0.17B,22.95%,$0.73B,$0.04B,5.60%,$0.73B,$0.04B,5.60%,$0.73B,$0.08B,10.93%,$0.73B,$-0.00B,-0.41%,$0.73B,$-0.03B,-3.96%,$-0.03B,$0.09B,-25.55%,$-0.03B,$0.02B,-72.05%,$-0.03B,$0.67B,-4.12%,$0.04B,$0.47B,8.18%,$185,$142,$43,$7,$26,$176,$9,$-20,$-11,$2,$-12,$-12,$-12,$19,$9,$46,46,$-0.26,$-0.26,$53,$168,$0,$341,$232,$15,$73,$3,$330,$671,$109,$386,$85,$474,$583,$0,$-312,$-44,$88,$671,$-12,$10,$15,$25,$0,$0,$0,$-15,$-15,$-3,$-6,$0,$0,$0,$0,$0,$0,$-6,$-2,$0,$-2,$-1,$-1,$0,$0,$-2,$-12,$1,$0
10,2016-03-31,1.93,$2.45,0.79,$15.68,0.12,$-1.02,0.0,$-1.19,0.0,$0.35B,$0.12B,2.85,$0.39B,$0.11B,3.43,$0.74B,$0.17B,22.45%,$0.74B,$0.03B,4.49%,$0.74B,$0.03B,4.49%,$0.74B,$0.07B,9.80%,$0.74B,$-0.03B,-4.22%,$0.74B,$-0.05B,-7.35%,$-0.05B,$0.11B,-43.46%,$-0.05B,$0.04B,-107.46%,$-0.05B,$0.70B,-7.46%,$0.03B,$0.50B,6.43%,$184,$141,$43,$6,$25,$174,$10,$-12,$-1,$2,$-4,$-15,$-15,$20,$10,$46,46,$-0.33,$-0.31,$65,$169,$0,$353,$242,$20,$74,$3,$347,$700,$124,$386,$75,$464,$587,$0,$-300,$-31,$112,$700,$-54,$39,$52,$91,$-2,$3,$-6,$0,$-5,$32,$-19,$0,$-3,$0,$0,$0,$2,$-21,$-10,$10,$-0,$-1,$-1,$0,$-3,$-4,$9,$5,$0
11,2015-12-31,2.37,$2.71,0.87,$15.95,0.15,$-1.14,0.0,$-1.30,0.0,$0.35B,$0.11B,3.05,$0.39B,$0.12B,3.13,$0.75B,$0.16B,21.21%,$0.75B,$0.02B,3.22%,$0.75B,$0.02B,3.22%,$0.75B,$0.07B,8.72%,$0.75B,$-0.05B,-6.44%,$0.75B,$-0.06B,-7.92%,$-0.06B,$0.12B,-42.91%,$-0.06B,$0.05B,-91.47%,$-0.06B,$0.71B,-8.02%,$0.02B,$0.51B,4.55%,$177,$138,$39,$6,$22,$169,$8,$-8,$1,$3,$-2,$-9,$-9,$18,$8,$46,46,$-0.19,$-0.19,$43,$175,$0,$348,$236,$36,$74,$8,$359,$707,$114,$390,$71,$469,$583,$0,$-284,$-34,$124,$707,$-38,$29,$37,$66,$0,$0,$0,$-28,$-28,$-1,$-13,$0,$-3,$0,$0,$0,$0,$-16,$-0,$5,$4,$-1,$-1,$0,$0,$3,$-13,$4,$0
12,2015-09-30,1.84,$2.85,0.65,$15.96,0.12,$-1.16,0.0,$-1.05,0.0,$0.37B,$0.13B,2.76,$0.39B,$0.13B,2.99,$0.77B,$0.16B,21.20%,$0.77B,$0.03B,3.25%,$0.77B,$0.03B,3.25%,$0.77B,$0.07B,8.45%,$0.77B,$-0.05B,-5.98%,$0.77B,$-0.05B,-6.11%,$-0.05B,$0.13B,-29.28%,$-0.05B,$0.06B,-53.26%,$-0.05B,$0.74B,-6.19%,$0.03B,$0.52B,4.54%,$186,$143,$43,$6,$23,$172,$14,$-6,$8,$1,$7,$7,$7,$23,$14,$46,50,$0.16,$0.14,$37,$184,$0,$365,$0,$42,$75,$6,$373,$739,$132,$390,$79,$476,$609,$0,$-276,$-35,$130,$739,$-30,$20,$28,$48,$0,$0,$0,$-29,$-29,$-11,$-9,$0,$-3,$0,$0,$0,$0,$-12,$-0,$5,$4,$-1,$-1,$0,$0,$3,$-19,$3,$0
13,2015-06-30,2.88,$2.85,1.01,$16.34,0.18,$-0.91,0.0,$-1.07,0.0,$0.37B,$0.14B,2.63,$0.39B,$0.13B,2.99,$0.80B,$0.17B,20.80%,$0.80B,$0.02B,3.01%,$0.80B,$0.02B,3.01%,$0.80B,$0.07B,8.27%,$0.80B,$-0.04B,-5.51%,$0.80B,$-0.05B,-6.02%,$-0.05B,$0.13B,-26.41%,$-0.05B,$0.06B,-43.54%,$-0.05B,$0.75B,-6.17%,$0.02B,$0.52B,4.22%,$188,$148,$40,$6,$30,$186,$1,$-40,$-39,$-0,$-39,$-37,$-37,$11,$1,$46,46,$-0.81,$-0.81,$31,$183,$0,$366,$251,$46,$75,$7,$384,$750,$139,$390,$82,$480,$619,$0,$-283,$-27,$131,$750,$-37,$10,$28,$38,$0,$0,$0,$-23,$-23,$-22,$-6,$0,$-3,$0,$0,$0,$0,$-9,$-0,$6,$5,$-1,$-1,$0,$0,$4,$-25,$1,$0
14,2015-03-31,4.14,$3.62,1.14,$16.92,0.24,$-0.64,0.0,$-0.34,0.0,$0.36B,$0.13B,2.73,$0.39B,$0.17B,2.37,$0.82B,$0.16B,19.32%,$0.82B,$0.02B,2.67%,$0.82B,$0.02B,2.67%,$0.82B,$0.07B,8.02%,$0.82B,$-0.01B,-1.58%,$0.82B,$-0.02B,-1.82%,$-0.02B,$0.17B,-7.37%,$-0.02B,$0.10B,-11.28%,$-0.02B,$0.75B,-1.87%,$0.02B,$0.56B,3.75%,$194,$157,$36,$7,$25,$193,$1,$-19,$-18,$0,$-18,$-20,$-20,$13,$1,$45,45,$-0.44,$-0.41,$56,$172,$0,$361,$250,$45,$69,$13,$386,$747,$132,$390,$57,$450,$582,$0,$-246,$-29,$165,$747,$-14,$43,$-2,$41,$8,$9,$-3,$-8,$5,$24,$-17,$0,$0,$0,$0,$0,$21,$4,$-22,$15,$-7,$-1,$-1,$0,$-20,$-27,$-2,$5,$0
15,2014-12-31,4.2,$4.75,0.88,$17.44,0.24,$-1.59,0.0,$-0.24,0.0,$0.38B,$0.13B,2.85,$0.39B,$0.22B,1.82,$0.85B,$0.16B,18.58%,$0.85B,$0.02B,1.89%,$0.85B,$0.02B,1.89%,$0.85B,$0.06B,7.22%,$0.85B,$-0.01B,-0.95%,$0.85B,$-0.01B,-1.07%,$-0.01B,$0.22B,-4.13%,$-0.01B,$0.15B,-6.15%,$-0.01B,$0.80B,-1.09%,$0.02B,$0.61B,2.66%,$201,$157,$44,$6,$23,$192,$9,$-6,$3,$1,$2,$3,$3,$18,$9,$45,52,$0.07,$0.06,$56,$188,$0,$381,$265,$52,$70,$25,$419,$800,$134,$392,$50,$450,$584,$0,$-226,$4,$216,$800,$6,$31,$-15,$16,$0,$0,$0,$-25,$-25,$-3,$-13,$0,$0,$0,$0,$0,$21,$8,$-22,$28,$6,$0,$0,$0,$-12,$-6,$-2,$3,$0
16,2014-09-30,4.12,$4.73,0.87,$18.18,0.23,$-2.42,0.0,$-0.43,0.0,$0.38B,$0.17B,2.32,$0.38B,$0.22B,1.75,$0.85B,$0.15B,17.74%,$0.85B,$0.01B,1.29%,$0.85B,$0.01B,1.29%,$0.85B,$0.06B,6.93%,$0.85B,$-0.02B,-1.88%,$0.85B,$-0.02B,-2.12%,$-0.02B,$0.22B,-8.06%,$-0.02B,$0.14B,-11.92%,$-0.02B,$0.82B,-2.14%,$0.01B,$0.59B,1.82%,$215,$170,$46,$6,$26,$203,$13,$-3,$10,$3,$7,$8,$6,$24,$13,$45,53,$0.14,$0.12,$52,$189,$0,$383,$275,$48,$71,$33,$434,$817,$165,$376,$52,$437,$602,$0,$-229,$7,$215,$817,$3,$22,$-12,$10,$0,$0,$0,$-11,$-11,$2,$-10,$0,$0,$0,$0,$0,$11,$1,$-3,$7,$4,$0,$0,$0,$-12,$-8,$-6,$2,$0
17,2014-06-30,5.75,$4.81,1.2,$18.71,0.31,$-3.37,0.0,$-0.84,0.0,$0.40B,$0.18B,2.18,$0.38B,$0.22B,1.73,$0.84B,$0.14B,16.11%,$0.84B,0,0.00%,$0.84B,0,0.00%,$0.84B,$0.05B,5.81%,$0.84B,$-0.04B,-4.15%,$0.84B,$-0.04B,-4.38%,$-0.04B,$0.22B,-16.16%,$-0.04B,$0.15B,-23.72%,$-0.04B,$0.84B,-4.32%,$0.00B,$0.60B,0.00%,$213,$180,$33,$7,$25,$213,$-1,$-7,$-8,$1,$-9,$-10,$-4,$11,$-1,$45,45,$-0.08,$-0.08,$58,$189,$0,$397,$291,$45,$72,$27,$442,$839,$182,$376,$56,$438,$620,$0,$-235,$18,$218,$839,$-4,$11,$-9,$2,$0,$0,$0,$-10,$-10,$-12,$-3,$0,$0,$0,$0,$0,$10,$8,$-2,$8,$5,$0,$0,$0,$-0,$5,$0,$1,$0
18,2014-03-31,5.81,$4.91,1.18,$18.49,0.31,$-4.00,0.0,$-1.54,0.0,$0.40B,$0.17B,2.4,$0.39B,$0.22B,1.76,$0.83B,$0.12B,14.65%,$0.83B,$-0.02B,-2.04%,$0.83B,$-0.02B,-2.04%,$0.83B,$0.03B,4.08%,$0.83B,$-0.06B,-6.60%,$0.83B,$-0.07B,-8.16%,$-0.07B,$0.22B,-28.87%,$-0.07B,$0.15B,-41.98%,$-0.07B,$0.84B,-7.85%,$-0.02B,$0.61B,-2.77%,$216,$182,$34,$7,$0,$221,$-5,$-8,$-13,$-3,$-10,$-15,$-14,$8,$-5,$45,45,$-0.32,$-0.32,$58,$188,$0,$401,$293,$46,$73,$24,$443,$844,$167,$391,$56,$455,$622,$0,$-232,$18,$222,$844,$-69,$53,$9,$63,$-5,$15,$-2,$-9,$-0,$-7,$-29,$0,$0,$0,$0,$0,$4,$-25,$-4,$18,$15,$0,$0,$0,$-22,$-7,$-38,$3,$0
19,2013-12-31,5.64,$5.27,1.07,$17.86,0.32,$-4.73,0.0,$-1.73,0.0,$0.40B,$0.19B,2.19,$0.37B,$0.24B,1.57,$0.80B,$0.12B,14.30%,$0.80B,$-0.03B,-3.23%,$0.80B,$-0.03B,-3.23%,$0.80B,$0.03B,3.11%,$0.80B,$-0.07B,-8.08%,$0.80B,$-0.08B,-9.83%,$-0.08B,$0.24B,-31.70%,$-0.08B,$0.17B,-45.01%,$-0.08B,$0.86B,-8.94%,$-0.03B,$0.61B,-4.17%,$207,$170,$38,$6,$22,$204,$4,$-9,$-5,$1,$-6,$-5,$-6,$16,$4,$45,45,$-0.13,$-0.13,$56,$201,$0,$404,$304,$50,$73,$23,$459,$862,$185,$374,$55,$440,$624,$0,$-217,$20,$238,$862,$-54,$40,$7,$47,$0,$0,$0,$-20,$-20,$-26,$-25,$0,$0,$0,$0,$0,$4,$-21,$-3,$21,$18,$0,$0,$0,$-12,$7,$-40,$2,$0
20,2013-09-30,4.18,$5.27,0.79,$17.67,0.24,$-5.43,0.0,$-1.92,0.0,$0.42B,$0.20B,2.09,$0.37B,$0.24B,1.57,$0.80B,$0.11B,14.09%,$0.80B,$-0.03B,-4.15%,$0.80B,$-0.03B,-4.15%,$0.80B,$0.02B,2.14%,$0.80B,$-0.07B,-9.06%,$0.80B,$-0.09B,-10.94%,$-0.09B,$0.24B,-32.74%,$-0.09B,$0.16B,-45.49%,$-0.09B,$0.88B,-9.67%,$-0.03B,$0.61B,-5.16%,$208,$178,$31,$6,$22,$207,$2,$-11,$-9,$1,$-11,$-12,$-13,$14,$2,$45,45,$-0.29,$-0.29,$58,$209,$0,$417,$311,$47,$74,$22,$463,$880,$199,$374,$61,$443,$642,$0,$-211,$15,$238,$880,$-48,$28,$8,$36,$0,$0,$0,$-19,$-19,$-32,$-18,$0,$0,$0,$0,$0,$3,$-15,$-1,$21,$20,$0,$0,$0,$-11,$8,$-38,$2,$0
21,2013-06-30,4.11,$5.42,0.76,$17.85,0.23,$-5.59,0.0,$-2.18,0.0,$0.42B,$0.18B,2.27,$0.38B,$0.24B,1.54,$0.80B,$0.11B,14.20%,$0.80B,$-0.05B,-6.10%,$0.80B,$-0.05B,-6.10%,$0.80B,$0.00B,0.37%,$0.80B,$-0.09B,-10.71%,$0.80B,$-0.10B,-12.33%,$-0.10B,$0.24B,-34.80%,$-0.10B,$0.17B,-47.20%,$-0.10B,$0.88B,-10.82%,$-0.05B,$0.62B,-7.48%,$202,$184,$19,$6,$26,$220,$-18,$-10,$-28,$2,$-30,$-34,$-35,$-4,$-18,$45,45,$-0.78,$-0.78,$53,$218,$0,$416,$310,$49,$74,$25,$466,$881,$183,$376,$70,$454,$637,$0,$-198,$9,$244,$881,$-35,$15,$3,$17,$0,$0,$0,$-9,$-9,$-28,$-15,$0,$0,$0,$0,$0,$2,$-14,$-0,$0,$-0,$0,$0,$0,$-1,$-1,$-43,$1,$0
22,2013-03-31,6.25,$6.16,1.02,$18.36,0.34,$-5.40,0.0,$-1.80,0.0,$0.44B,$0.18B,2.44,$0.37B,$0.28B,1.35,$0.83B,$0.13B,15.39%,$0.83B,$-0.04B,-4.24%,$0.83B,$-0.04B,-4.24%,$0.83B,$0.02B,1.94%,$0.83B,$-0.07B,-8.97%,$0.83B,$-0.08B,-9.94%,$-0.08B,$0.28B,-26.69%,$-0.08B,$0.20B,-35.42%,$-0.08B,$0.91B,-8.78%,$-0.04B,$0.65B,-5.19%,$187,$160,$27,$6,$29,$200,$-14,$-9,$-23,$-1,$-22,$-23,$-25,$-1,$-14,$45,45,$-0.56,$-0.56,$96,$199,$0,$443,$304,$53,$74,$28,$468,$912,$181,$373,$69,$453,$635,$0,$-163,$8,$277,$912,$-82,$50,$20,$70,$5,$-0,$0,$-11,$-7,$-23,$-46,$0,$0,$0,$-51,$-51,$-15,$-112,$-2,$40,$38,$0,$0,$0,$-17,$21,$-115,$5,$0
23,2012-12-31,5.03,$6.76,0.74,$17.07,0.29,$-3.27,0.0,$-1.53,0.0,$0.50B,$0.16B,3.2,$0.38B,$0.30B,1.24,$0.79B,$0.11B,14.09%,$0.79B,$-0.04B,-5.20%,$0.79B,$-0.04B,-5.20%,$0.79B,$0.01B,1.02%,$0.79B,$-0.08B,-9.77%,$0.79B,$-0.07B,-8.76%,$-0.07B,$0.30B,-21.05%,$-0.07B,$0.23B,-27.49%,$-0.07B,$0.93B,-7.25%,$-0.04B,$0.68B,-5.96%,$198,$163,$35,$6,$25,$201,$-3,$-9,$-12,$1,$-13,$-13,$-14,$8,$-3,$45,45,$-0.32,$-0.32,$138,$221,$0,$497,$313,$0,$75,$41,$429,$926,$156,$376,$86,$467,$623,$0,$-138,$10,$304,$926,$-54,$38,$11,$49,$0,$0,$0,$-39,$-39,$-44,$-38,$0,$0,$0,$0,$0,$-24,$-62,$38,$0,$38,$0,$0,$0,$-7,$31,$-73,$4,$0
24,2012-09-30,4.4,$6.98,0.63,$17.57,0.25,$-0.53,0.0,$-1.83,0.0,$0.53B,$0.17B,3.07,$0.36B,$0.31B,1.15,$0.81B,$0.12B,14.34%,$0.81B,$-0.06B,-6.92%,$0.81B,$-0.06B,-6.92%,$0.81B,$-0.01B,-0.87%,$0.81B,$-0.09B,-11.25%,$0.81B,$-0.08B,-10.26%,$-0.08B,$0.31B,-24.20%,$-0.08B,$0.24B,-29.62%,$-0.08B,$0.94B,-9.02%,$-0.06B,$0.67B,-8.40%,$216,$183,$33,$7,$26,$230,$-14,$-9,$-23,$2,$-25,$-25,$-25,$-0,$-14,$45,45,$-0.55,$-0.55,$160,$225,$0,$531,$316,$0,$76,$18,$410,$941,$173,$360,$90,$455,$627,$0,$-124,$7,$313,$941,$-43,$26,$6,$32,$0,$0,$0,$-17,$-17,$-27,$-30,$0,$0,$0,$0,$0,$0,$-30,$-2,$16,$14,$0,$0,$0,$-7,$7,$-50,$3,$0
25,2012-06-30,6.01,$7.45,0.81,$17.84,0.34,$1.33,4.53,$-1.01,0.0,$0.55B,$0.16B,3.45,$0.36B,$0.34B,1.08,$0.86B,$0.15B,16.88%,$0.86B,$-0.02B,-1.98%,$0.86B,$-0.02B,-1.98%,$0.86B,$0.03B,3.61%,$0.86B,$-0.05B,-6.05%,$0.86B,$-0.04B,-5.12%,$-0.04B,$0.34B,-12.06%,$-0.04B,$0.26B,-13.96%,$-0.04B,$0.96B,-4.86%,$-0.02B,$0.69B,-2.59%,$224,$191,$32,$8,$27,$228,$-4,$-12,$-16,$2,$-18,$-18,$-18,$9,$-4,$45,45,$-0.40,$-0.40,$188,$216,$0,$552,$311,$0,$77,$17,$405,$957,$160,$360,$97,$462,$622,$0,$-99,$4,$335,$957,$-18,$13,$1,$14,$0,$0,$0,$-18,$-18,$-21,$-13,$0,$0,$0,$0,$0,$0,$-13,$14,$0,$14,$0,$0,$0,$-2,$13,$-23,$1,$0
26,2012-03-31,9.36,$8.04,1.16,$18.39,0.51,$2.08,4.49,0,0.0,$0.56B,$0.17B,3.36,$0.35B,$0.36B,0.96,$0.93B,$0.19B,20.76%,$0.93B,$0.03B,3.03%,$0.93B,$0.03B,3.03%,$0.93B,$0.08B,8.11%,$0.93B,$-0.00B,-0.22%,$0.93B,$0.01B,0.65%,$0.01B,$0.36B,1.58%,$0.01B,$0.28B,1.74%,$0.01B,$0.98B,0.67%,$0.03B,$0.70B,4.39%,$150,$139,$11,$6,$23,$170,$-20,$-6,$-26,$-5,$-21,$-21,$-12,$-9,$-20,$43,52,$-0.35,$-0.13,$211,$212,$0,$564,$316,$0,$78,$15,$417,$981,$168,$345,$101,$454,$622,$0,$-81,$12,$359,$981,$7,$47,$13,$60,$43,$-1,$-16,$-11,$13,$81,$-49,$0,$-43,$0,$0,$0,$0,$-92,$75,$-3,$72,$0,$0,$0,$-2,$70,$58,$3,$0
27,2011-12-31,7.05,$8.18,0.86,$20.60,0.34,$3.12,2.26,$0.66,10.68,$0.48B,$0.14B,3.38,$0.23B,$0.37B,0.63,$1.04B,$0.24B,23.46%,$1.04B,$0.07B,7.14%,$1.04B,$0.07B,7.14%,$1.04B,$0.12B,11.78%,$1.04B,$0.05B,4.34%,$1.04B,$0.04B,3.76%,$0.04B,$0.37B,10.26%,$0.04B,$0.35B,10.86%,$0.04B,$0.80B,4.49%,$0.07B,$0.60B,12.13%,$219,$178,$40,$7,$25,$237,$-18,$-8,$-26,$2,$-28,$-28,$-28,$-7,$-18,$45,45,$-0.62,$-0.62,$136,$212,$0,$478,$290,$0,$20,$13,$324,$802,$142,$230,$58,$295,$436,$0,$-69,$8,$365,$802,$18,$36,$18,$54,$0,$0,$0,$-2,$-2,$72,$-32,$0,$-12,$0,$0,$0,$0,$-43,$-41,$-3,$-44,$0,$0,$0,$-0,$-44,$-16,$1,$0
28,2011-09-30,7.15,$8.95,0.8,$20.79,0.34,$3.40,2.11,$1.80,3.97,$0.54B,$0.19B,2.81,$0.23B,$0.40B,0.58,$1.08B,$0.28B,25.51%,$1.08B,$0.13B,11.92%,$1.08B,$0.13B,11.92%,$1.08B,$0.18B,16.64%,$1.08B,$0.10B,9.15%,$1.08B,$0.09B,8.69%,$0.09B,$0.40B,25.30%,$0.09B,$0.38B,26.84%,$0.09B,$0.88B,10.73%,$0.13B,$0.63B,21.45%,$266,$203,$62,$7,$28,$241,$25,$-9,$16,$2,$14,$14,$14,$38,$25,$44,52,$0.32,$0.27,$164,$225,$0,$540,$310,$0,$21,$11,$342,$882,$192,$230,$52,$290,$482,$0,$-42,$14,$400,$882,$46,$25,$3,$28,$0,$0,$0,$-24,$-24,$51,$-20,$0,$-12,$0,$0,$0,$0,$-32,$-4,$-3,$-7,$0,$0,$0,$-37,$-44,$-25,$2,$0
29,2011-06-30,14.29,$8.97,1.59,$20.57,0.69,$3.74,3.82,$2.22,6.44,$0.56B,$0.22B,2.58,$0.23B,$0.40B,0.58,$1.07B,$0.28B,26.67%,$1.07B,$0.14B,13.33%,$1.07B,$0.14B,13.33%,$1.07B,$0.20B,18.31%,$1.07B,$0.12B,11.17%,$1.07B,$0.12B,10.80%,$0.12B,$0.40B,33.07%,$0.12B,$0.37B,35.20%,$0.12B,$0.91B,13.40%,$0.14B,$0.63B,24.16%,$290,$211,$79,$7,$30,$249,$41,$-7,$34,$2,$32,$32,$32,$53,$41,$39,52,$0.81,$0.61,$134,$240,$0,$557,$317,$0,$23,$9,$348,$905,$216,$230,$55,$293,$509,$0,$-56,$26,$396,$905,$32,$12,$2,$14,$0,$0,$0,$-40,$-40,$5,$-6,$0,$-12,$0,$0,$0,$0,$-17,$-3,$-3,$-6,$0,$0,$0,$-0,$-6,$-18,$1,$0
30,2011-03-31,14.83,$9.69,1.53,$24.04,0.62,$3.64,4.07,$1.61,9.21,$0.54B,$0.23B,2.4,$0.23B,$0.36B,0.64,$1.02B,$0.27B,26.10%,$1.02B,$0.13B,12.76%,$1.02B,$0.13B,12.76%,$1.02B,$0.19B,18.35%,$1.02B,$0.07B,6.48%,$1.02B,$0.06B,6.18%,$0.06B,$0.36B,20.18%,$0.06B,$0.34B,21.58%,$0.06B,$0.88B,7.76%,$0.13B,$0.59B,23.15%,$261,$199,$62,$7,$28,$236,$26,$-4,$21,$0,$21,$21,$21,$38,$26,$30,51,$0.60,$0.76,$152,$206,$0,$542,$310,$0,$20,$12,$342,$884,$226,$231,$60,$299,$525,$0,$-88,$23,$360,$884,$63,$58,$33,$91,$-15,$-49,$10,$13,$-38,$114,$-30,$0,$0,$0,$0,$0,$0,$-30,$-3,$-2,$-5,$0,$0,$0,$-8,$-13,$73,$2,$0
31,2010-12-31,14.58,$8.89,1.64,$26.86,0.54,$3.61,4.04,$1.21,12.05,$0.50B,$0.21B,2.46,$0.23B,$0.33B,0.7,$0.97B,$0.25B,25.44%,$0.97B,$0.11B,11.43%,$0.97B,$0.11B,11.43%,$0.97B,$0.17B,17.82%,$0.97B,$0.05B,4.94%,$0.97B,$0.04B,4.33%,$0.04B,$0.33B,14.32%,$0.04B,$0.31B,15.41%,$0.04B,$0.83B,5.41%,$0.11B,$0.56B,20.45%,$265,$192,$73,$7,$27,$228,$37,$-9,$28,$1,$27,$27,$27,$51,$37,$28,52,$0.96,$0.52,$128,$208,$0,$504,$298,$0,$20,$11,$329,$834,$205,$231,$58,$299,$504,$0,$-109,$15,$330,$834,$42,$45,$37,$82,$0,$0,$0,$-47,$-47,$75,$-14,$0,$0,$0,$0,$0,$0,$-14,$-230,$225,$-5,$0,$0,$0,$-8,$-13,$49,$1,$0
32,2010-09-30,10.02,$11.25,0.89,$29.18,0.34,$3.48,2.88,$0.63,15.9,$0.47B,$0.17B,2.82,$0.27B,$0.31B,0.88,$0.91B,$0.21B,23.18%,$0.91B,$0.08B,8.83%,$0.91B,$0.08B,8.83%,$0.91B,$0.15B,16.11%,$0.91B,$0.02B,1.99%,$0.91B,$0.01B,1.43%,$0.01B,$0.31B,4.58%,$0.01B,$0.28B,4.96%,$0.01B,$0.81B,1.73%,$0.08B,$0.57B,15.06%,$249,$179,$70,$6,$25,$211,$38,$-2,$36,$1,$35,$35,$35,$53,$38,$27,51,$1.29,$0.68,$117,$184,$0,$470,$308,$0,$21,$11,$339,$809,$167,$269,$59,$337,$504,$1,$-136,$17,$305,$809,$15,$31,$37,$68,$0,$0,$0,$-25,$-25,$56,$-8,$0,$0,$0,$0,$0,$0,$-8,$-229,$226,$-3,$0,$0,$0,$-8,$-11,$38,$0,$0
33,2010-06-30,6.99,$9.38,0.75,$30.76,0.23,$3.18,2.2,$-3.51,0.0,$0.39B,$0.14B,2.85,$0.27B,$0.25B,1.05,$0.83B,$0.17B,19.88%,$0.83B,$0.04B,4.70%,$0.83B,$0.04B,4.70%,$0.83B,$0.11B,12.89%,$0.83B,$-0.11B,-13.13%,$0.83B,$-0.12B,-13.86%,$-0.12B,$0.25B,-40.89%,$-0.12B,$0.23B,-44.49%,$-0.12B,$0.72B,-15.62%,$0.04B,$0.52B,7.50%,$244,$183,$61,$6,$24,$215,$29,$-47,$-19,$1,$-20,$-20,$-20,$45,$29,$27,27,$-0.74,$-0.74,$66,$152,$0,$388,$302,$0,$20,$9,$331,$719,$136,$267,$54,$329,$465,$1,$-171,$1,$254,$719,$-20,$16,$39,$55,$0,$0,$0,$-31,$-31,$4,$-7,$0,$0,$0,$0,$0,$0,$-7,$-229,$225,$-3,$0,$0,$0,$-7,$-10,$-13,$0,$0
34,2010-03-31,4.2,$10.51,0.4,$27.31,0.15,$3.38,1.24,$-2.58,0.0,$0.39B,$0.16B,2.4,$0.23B,$0.28B,0.82,$0.74B,$0.13B,16.98%,$0.74B,$0.01B,0.95%,$0.74B,$0.01B,0.95%,$0.74B,$0.07B,10.05%,$0.74B,$-0.06B,-8.70%,$0.74B,$-0.07B,-9.51%,$-0.07B,$0.28B,-24.50%,$-0.07B,$0.26B,-26.74%,$-0.07B,$0.74B,-9.49%,$0.01B,$0.52B,1.36%,$213,$170,$43,$6,$25,$206,$7,$-4,$3,$2,$0,$0,$0,$24,$7,$27,27,$0.02,$0.02,$79,$151,$0,$388,$320,$0,$22,$11,$353,$741,$161,$232,$56,$295,$457,$0,$-151,$12,$284,$741,$-69,$66,$43,$109,$-18,$7,$27,$-1,$15,$55,$-11,$0,$0,$0,$0,$0,$0,$-11,$-55,$59,$5,$0,$0,$0,$-8,$-3,$40,$2,$0
35,2009-12-31,3.57,$10.82,0.33,$24.90,0.14,$2.18,1.63,$-2.40,0.0,$0.37B,$0.16B,2.3,$0.22B,$0.29B,0.76,$0.66B,$0.08B,12.29%,$0.66B,$-0.00B,-0.46%,$0.66B,$-0.00B,-0.46%,$0.66B,$0.07B,9.86%,$0.66B,$-0.07B,-10.32%,$0.66B,$-0.07B,-10.02%,$-0.07B,$0.29B,-24.02%,$-0.07B,$0.27B,-26.37%,$-0.07B,$0.74B,-9.03%,$-0.00B,$0.51B,-0.58%,$200,$164,$36,$6,$22,$194,$6,$-8,$-2,$-0,$-2,$-2,$-2,$24,$6,$27,27,$-0.07,$-0.07,$65,$150,$0,$366,$339,$0,$23,$15,$378,$744,$159,$222,$63,$293,$452,$1,$-151,$20,$292,$744,$-70,$49,$44,$93,$0,$0,$0,$14,$14,$36,$-8,$0,$0,$0,$0,$0,$-1,$-9,$-52,$58,$7,$0,$0,$0,$-8,$-1,$26,$2,$0
36,2009-09-30,4.59,$10.93,0.42,$24.58,0.19,$1.00,4.59,$-2.76,0.0,$0.35B,$0.14B,2.52,$0.23B,$0.30B,0.79,$0.65B,$0.07B,10.62%,$0.65B,$-0.02B,-2.62%,$0.65B,$-0.02B,-2.62%,$0.65B,$0.05B,7.38%,$0.65B,$-0.08B,-12.00%,$0.65B,$-0.08B,-11.85%,$-0.08B,$0.30B,-29.45%,$-0.08B,$0.27B,-32.63%,$-0.08B,$0.74B,-10.33%,$-0.02B,$0.53B,-3.32%,$173,$149,$25,$6,$21,$176,$-3,$-88,$-91,$2,$-93,$-93,$-93,$14,$-3,$27,27,$-3.45,$-3.45,$57,$147,$0,$348,$352,$0,$24,$17,$393,$741,$138,$233,$66,$308,$446,$1,$-149,$21,$295,$741,$-68,$31,$44,$75,$0,$0,$0,$14,$14,$21,$-4,$0,$0,$0,$0,$0,$0,$-4,$-48,$56,$9,$0,$0,$0,$-8,$1,$18,$2,$0
37,2009-06-30,1.44,$10.08,0.14,$26.91,0.05,$0.41,3.55,$-2.40,0.0,$0.33B,$0.13B,2.61,$0.22B,$0.27B,0.82,$0.71B,$0.07B,10.11%,$0.71B,$-0.09B,-13.06%,$0.71B,$-0.09B,-13.06%,$0.71B,$0.06B,8.01%,$0.71B,$-0.07B,-9.97%,$0.71B,$-0.07B,-9.69%,$-0.07B,$0.27B,-27.33%,$-0.07B,$0.25B,-30.50%,$-0.07B,$0.72B,-8.83%,$-0.09B,$0.49B,-18.80%,$150,$130,$21,$5,$18,$153,$-3,$29,$26,$1,$25,$25,$25,$12,$-3,$27,27,$0.93,$0.93,$34,$151,$0,$326,$357,$0,$24,$16,$398,$723,$125,$223,$97,$327,$451,$1,$-56,$19,$272,$723,$25,$15,$-39,$-24,$0,$0,$0,$3,$3,$4,$-1,$0,$0,$0,$0,$0,$0,$-1,$-48,$48,$-0,$0,$0,$0,$-8,$-8,$-5,$0,$0
38,2009-03-31,0.74,$8.91,0.08,$30.40,0.02,$-0.69,0.0,$-10.32,0.0,$0.33B,$0.13B,2.49,$0.28B,$0.24B,1.17,$0.81B,$0.07B,8.45%,$0.81B,$-0.27B,-33.66%,$0.81B,$-0.27B,-33.66%,$0.81B,$-0.03B,-3.60%,$0.81B,$-0.29B,-35.53%,$0.81B,$-0.28B,-35.16%,$-0.28B,$0.24B,-103.47%,$-0.28B,$0.22B,-126.91%,$-0.28B,$0.71B,-32.88%,$-0.27B,$0.52B,-53.50%,$136,$137,$-1,$6,$21,$139,$-3,$2,$-1,$-5,$4,$4,$4,$15,$-3,$25,25,$0.18,$0.18,$39,$155,$0,$326,$358,$0,$24,$6,$388,$714,$131,$281,$57,$344,$474,$1,$-81,$13,$240,$714,$-285,$242,$0,$243,$45,$71,$-67,$-0,$48,$6,$4,$0,$-1,$0,$0,$0,$4,$7,$-52,$-0,$-52,$0,$0,$0,$-1,$-53,$-42,$1,$0
39,2008-12-31,0.81,$8.89,0.09,$33.39,0.02,$-3.24,0.0,$-11.25,0.0,$0.39B,$0.21B,1.81,$0.27B,$0.24B,1.11,$0.91B,$0.11B,11.65%,$0.91B,$-0.29B,-31.32%,$0.91B,$-0.29B,-31.32%,$0.91B,$-0.04B,-4.18%,$0.91B,$-0.31B,-33.52%,$0.91B,$-0.31B,-33.74%,$-0.31B,$0.24B,-87.90%,$-0.31B,$0.21B,-122.68%,$-0.31B,$0.80B,-30.85%,$-0.29B,$0.51B,-48.47%,$191,$167,$24,$6,$21,$199,$-8,$-4,$-12,$1,$-13,$-13,$-13,$7,$-8,$27,27,$-0.48,$-0.48,$25,$191,$0,$386,$377,$0,$28,$10,$418,$804,$213,$266,$0,$352,$565,$1,$-67,$42,$239,$804,$-288,$224,$37,$262,$0,$0,$0,$15,$15,$-11,$7,$0,$-1,$0,$0,$0,$0,$6,$-71,$21,$-50,$0,$0,$0,$0,$-50,$-56,$1,$0
40,2008-09-30,4.08,$9.66,0.42,$34.47,0.12,$-3.72,0.0,$-11.04,0.0,$0.45B,$0.34B,1.34,$0.20B,$0.26B,0.77,$0.95B,$0.12B,12.87%,$0.95B,$-0.28B,-29.43%,$0.95B,$-0.28B,-29.43%,$0.95B,$-0.03B,-3.59%,$0.95B,$-0.30B,-31.12%,$0.95B,$-0.30B,-31.86%,$-0.30B,$0.26B,-69.83%,$-0.30B,$0.23B,-102.90%,$-0.30B,$0.88B,-27.37%,$-0.28B,$0.46B,-41.04%,$235,$207,$28,$7,$24,$314,$-79,$-4,$-84,$1,$-85,$-85,$-85,$23,$-79,$27,27,$-3.18,$-3.18,$36,$211,$0,$449,$392,$0,$28,$11,$434,$883,$336,$199,$0,$288,$623,$1,$-56,$51,$259,$883,$-274,$210,$37,$246,$0,$0,$0,$17,$17,$-11,$12,$0,$-1,$0,$0,$0,$0,$11,$-65,$20,$-45,$0,$0,$0,$0,$-45,$-45,$1,$0
41,2008-06-30,9.72,$13.28,0.73,$32.74,0.3,$-4.59,0.0,$-7.80,0.0,$0.49B,$0.40B,1.22,$0.19B,$0.36B,0.52,$0.91B,$0.13B,14.51%,$0.91B,$-0.20B,-21.65%,$0.91B,$-0.20B,-21.65%,$0.91B,$-0.04B,-4.40%,$0.91B,$-0.21B,-22.75%,$0.91B,$-0.21B,-23.41%,$-0.21B,$0.36B,-42.03%,$-0.21B,$0.23B,-59.83%,$-0.21B,$1.04B,-19.02%,$-0.20B,$0.54B,-25.91%,$243,$226,$17,$10,$28,$423,$-181,$-9,$-189,$-0,$-189,$-189,$-189,$-74,$-181,$27,27,$-7.08,$-7.08,$36,$236,$0,$490,$414,$0,$122,$11,$552,$1042,$403,$185,$0,$283,$686,$1,$27,$65,$356,$1042,$-189,$107,$65,$172,$0,$0,$0,$2,$2,$-15,$-11,$0,$-1,$0,$0,$0,$0,$-12,$-22,$4,$-18,$0,$0,$0,$0,$-18,$-46,$1,$0
42,2008-03-31,12.12,$20.28,0.6,$30.20,0.4,$-4.81,0.0,$-0.45,0.0,$0.54B,$0.30B,1.79,$0.30B,$0.54B,0.56,$0.85B,$0.16B,18.24%,$0.85B,$-0.01B,-1.18%,$0.85B,$-0.01B,-1.18%,$0.85B,$0.05B,6.12%,$0.85B,$-0.01B,-1.41%,$0.85B,$-0.02B,-2.00%,$-0.02B,$0.54B,-3.06%,$-0.02B,$0.33B,-4.07%,$-0.02B,$1.25B,-1.55%,$-0.01B,$0.85B,-1.22%,$241,$204,$37,$10,$29,$258,$-17,$-3,$-20,$1,$-20,$-20,$-20,$6,$-17,$28,28,$-0.72,$-0.72,$81,$244,$16,$542,$479,$0,$218,$12,$710,$1252,$303,$304,$80,$406,$709,$1,$214,$66,$543,$1252,$-25,$61,$5,$66,$2,$-8,$-15,$4,$-61,$-21,$-41,$0,$-64,$46,$0,$46,$-1,$-59,$-28,$0,$-28,$-18,$-18,$0,$-1,$-46,$-124,$3,$0
43,2007-12-31,19.89,$20.43,0.97,$27.22,0.73,$-2.85,0.0,$0.30,66.3,$0.57B,$0.31B,1.85,$0.30B,$0.57B,0.53,$0.77B,$0.15B,19.58%,$0.77B,$0.01B,0.65%,$0.77B,$0.01B,0.65%,$0.77B,$0.05B,7.05%,$0.77B,$0.01B,0.91%,$0.77B,$0.00B,0.39%,$0.00B,$0.57B,0.54%,$0.00B,$0.38B,0.66%,$0.00B,$1.24B,0.29%,$0.01B,$0.87B,0.62%,$229,$189,$40,$9,$28,$230,$-2,$-1,$-2,$6,$-8,$-8,$-8,$11,$-2,$28,28,$-0.30,$-0.30,$140,$222,$0,$571,$459,$0,$188,$13,$666,$1237,$308,$300,$0,$357,$665,$1,$235,$55,$572,$1237,$3,$39,$10,$49,$0,$0,$0,$-38,$-38,$11,$-28,$0,$-71,$0,$46,$46,$-0,$-53,$-170,$140,$-29,$0,$0,$0,$0,$-29,$-73,$5,$0
44,2007-09-30,22.05,$19.88,1.11,$24.90,0.89,$-2.39,0.0,$0.69,31.96,$0.49B,$0.15B,3.29,$0.23B,$0.56B,0.4,$0.70B,$0.15B,21.05%,$0.70B,$0.01B,1.85%,$0.70B,$0.01B,1.85%,$0.70B,$0.06B,8.53%,$0.70B,$0.02B,2.13%,$0.70B,$0.02B,2.28%,$0.02B,$0.56B,2.98%,$0.02B,$0.48B,3.38%,$0.02B,$0.95B,1.70%,$0.01B,$0.78B,1.69%,$197,$159,$38,$8,$20,$194,$3,$0,$4,$-0,$4,$4,$4,$17,$3,$28,28,$0.15,$0.15,$165,$171,$0,$485,$374,$0,$75,$9,$462,$948,$147,$225,$0,$244,$391,$1,$243,$32,$556,$948,$11,$26,$8,$34,$0,$0,$0,$-41,$-41,$2,$-25,$0,$-39,$0,$46,$46,$0,$-18,$0,$0,$0,$0,$0,$0,$-32,$-31,$-47,$4,$0
45,2007-06-30,21.15,$19.70,1.07,$23.61,0.9,$-1.73,0.0,$0.57,37.11,$0.45B,$0.14B,3.08,$0.22B,$0.55B,0.41,$0.67B,$0.14B,21.40%,$0.67B,$0.01B,1.78%,$0.67B,$0.01B,1.78%,$0.67B,$0.06B,8.17%,$0.67B,$0.01B,1.78%,$0.67B,$0.01B,1.93%,$0.01B,$0.55B,2.46%,$0.01B,$0.48B,2.76%,$0.01B,$0.94B,1.44%,$0.01B,$0.78B,1.67%,$183,$144,$40,$9,$22,$177,$6,$-0,$6,$-1,$7,$7,$7,$18,$6,$28,28,$0.24,$0.24,$117,$184,$0,$445,$371,$41,$72,$8,$495,$940,$144,$224,$0,$245,$389,$1,$239,$32,$551,$940,$7,$12,$-0,$12,$0,$0,$0,$-44,$-44,$-25,$-9,$0,$-36,$0,$0,$0,$1,$-44,$-32,$0,$-32,$0,$0,$0,$0,$-31,$-100,$2,$0
46,2007-03-31,22.95,$19.19,1.2,$22.90,1.0,$-0.77,0.0,$0.24,95.63,$0.49B,$0.15B,3.29,$0.24B,$0.54B,0.45,$0.66B,$0.14B,21.36%,$0.66B,$0.01B,0.91%,$0.66B,$0.01B,0.91%,$0.66B,$0.05B,7.27%,$0.66B,$0.01B,1.06%,$0.66B,$0.01B,1.06%,$0.01B,$0.54B,1.35%,$0.01B,$0.49B,1.50%,$0.01B,$0.94B,0.81%,$0.01B,$0.78B,0.89%,$157,$125,$32,$9,$23,$159,$-2,$1,$-1,$-1,$0,$0,$0,$8,$-2,$29,29,$0.00,$0.00,$212,$154,$7,$487,$349,$46,$51,$7,$457,$944,$148,$239,$0,$260,$408,$1,$228,$30,$536,$944,$7,$41,$10,$51,$-23,$-12,$12,$-9,$-36,$22,$-27,$0,$-105,$0,$28,$28,$-6,$-111,$155,$0,$155,$-24,$-24,$0,$0,$131,$42,$7,$0
47,2006-12-31,21.9,$18.07,1.21,$22.02,0.99,$0.02,1106.06,$0.15,146.0,$0.48B,$0.14B,3.51,$0.24B,$0.50B,0.47,$0.64B,$0.14B,21.54%,$0.64B,$0.01B,0.94%,$0.64B,$0.01B,0.94%,$0.64B,$0.06B,9.28%,$0.64B,$0.01B,0.94%,$0.64B,$0.01B,0.79%,$0.01B,$0.50B,0.97%,$0.01B,$0.45B,1.08%,$0.01B,$0.93B,0.61%,$0.01B,$0.74B,0.96%,$166,$128,$38,$9,$21,$159,$6,$-0,$6,$1,$5,$5,$5,$17,$6,$28,28,$0.18,$0.18,$208,$146,$0,$479,$343,$47,$56,$7,$455,$934,$137,$239,$0,$293,$430,$1,$228,$0,$504,$934,$7,$31,$5,$36,$0,$0,$0,$-21,$-21,$22,$-26,$0,$-105,$5,$22,$26,$1,$-104,$155,$0,$155,$-24,$-24,$0,$-4,$127,$45,$6,$0
