,Date,Stock Price,Book Value per Share,Price to Book Ratio,TTM Sales per Share,Price to Sales Ratio,TTM FCF per Share,Price to FCF Ratio,TTM Net EPS,PE Ratio,Current Assets,Current Liabilities,Current Ratio,Long Term Debt,Shareholder's Equity_x,Debt to Equity Ratio,TTM Revenue_x,TTM Gross Profit,Gross Margin,TTM Revenue_y,TTM Operating Income,Operating Margin,TTM Revenue_x,TTM EBIT,EBIT Margin,TTM Revenue_y,TTM EBITDA,EBITDA Margin,TTM Revenue_x,TTM Pre-Tax Income,Pre-Tax Margin,TTM Revenue_y,TTM Net Income_x,Net Margin,TTM Net Income_y,Shareholder's Equity_y,Return on Equity,TTM Net Income_x,Tangible Equity,Return on Tangible Equity,TTM Net Income_y,Total Assets,Return on Assets,TTM Net Income,LT Investments & Debt,Return on Investment,revenue,cost-goods-sold,gross-profit,research-development-expenses,selling-general-administrative-expenses,operating-expenses,operating-income,total-non-operating-income-expense,pre-tax-income,total-provision-income-taxes,income-after-taxes,income-from-continuous-operations,net-income,ebitda,ebit,basic-shares-outstanding,shares-outstanding,eps-basic-net-earnings-per-share,eps-earnings-per-share-diluted,cash-on-hand,inventory,other-current-assets,total-current-assets,net-property-plant-equipment,long-term-investments,goodwill-intangible-assets-total,other-long-term-assets,total-long-term-assets,total-assets,total-current-liabilities,long-term-debt,other-non-current-liabilities,total-long-term-liabilities,total-liabilities,common-stock-net,retained-earnings-accumulated-deficit,comprehensive-income,total-share-holder-equity,total-liabilities-share-holders-equity,net-income-loss,total-depreciation-amortization-cash-flow,other-non-cash-items,total-non-cash-items,change-in-accounts-receivable,change-in-inventories,change-in-accounts-payable,change-in-assets-liabilities,total-change-in-assets-liabilities,cash-flow-from-operating-activities,net-change-in-property-plant-equipment,net-change-in-intangible-assets,net-acquisitions-divestitures,net-change-in-short-term-investments,net-change-in-long-term-investments,net-change-in-investments-total,investing-activities-other,cash-flow-from-investing-activities,net-long-term-debt,net-current-debt,debt-issuance-retirement-net-total,net-common-equity-issued-repurchased,net-total-equity-issued-repurchased,total-common-preferred-stock-dividends-paid,financial-activities-other,cash-flow-from-financial-activities,net-cash-flow,stock-based-compensation,common-stock-dividends-paid
0,2018-07-31,31.6,$17.66,1.79,$59.72,0.53,$-3.50,0.0,$1.95,16.21,$0.07B,$0.03B,2.23,$0.00B,$0.05B,0.02,$0.17B,$0.03B,19.28%,$0.17B,$0.01B,5.42%,$0.17B,$0.01B,5.42%,$0.17B,$0.01B,6.63%,$0.17B,$0.01B,5.42%,$0.17B,$0.01B,3.01%,$0.01B,$0.05B,10.70%,$0.01B,$0.05B,10.70%,$0.01B,$0.09B,5.92%,$0.01B,$0.05B,18.65%,$42,$35,$7,$0,$0,$40,$2,$0,$2,$0,$1,$1,$1,$2,$2,$3,3,$0.51,$0.50,$10,$15,$0,$65,$15,$0,$0,$4,$20,$85,$29,$1,$1,$8,$37,$7,$44,$-6,$48,$85,$1,$1,$0,$1,$-3,$3,$0,$-2,$-5,$-3,$-1,$0,$0,$0,$0,$0,$0,$-1,$-0,$4,$3,$-0,$-0,$-0,$0,$3,$-1,$0,$-0
1,2018-04-30,34.78,$17.39,2.0,$56.98,0.61,$-2.24,0.0,$1.87,18.6,$0.06B,$0.03B,2.3,$0.00B,$0.05B,0.03,$0.16B,$0.03B,20.25%,$0.16B,$0.01B,5.70%,$0.16B,$0.01B,5.70%,$0.16B,$0.01B,6.96%,$0.16B,$0.01B,5.70%,$0.16B,$0.01B,3.16%,$0.01B,$0.05B,10.93%,$0.01B,$0.05B,10.93%,$0.01B,$0.08B,6.06%,$0.01B,$0.05B,18.95%,$45,$36,$9,$0,$0,$42,$2,$0,$2,$1,$1,$1,$1,$3,$2,$3,3,$0.53,$0.52,$11,$18,$0,$64,$15,$0,$0,$4,$21,$84,$28,$1,$1,$9,$37,$7,$43,$-6,$48,$84,$5,$3,$2,$5,$-3,$-3,$0,$-5,$-7,$3,$-3,$0,$0,$0,$0,$0,$0,$-3,$-1,$0,$-1,$0,$0,$-2,$0,$-2,$-3,$0,$-2
2,2018-01-31,28.49,$16.91,1.68,$53.64,0.53,$1.16,24.58,$1.86,15.32,$0.06B,$0.03B,2.39,$0.00B,$0.05B,0.03,$0.15B,$0.03B,20.27%,$0.15B,$0.01B,6.08%,$0.15B,$0.01B,6.08%,$0.15B,$0.01B,6.76%,$0.15B,$0.01B,6.08%,$0.15B,$0.01B,3.38%,$0.01B,$0.05B,11.24%,$0.01B,$0.05B,11.24%,$0.01B,$0.08B,6.12%,$0.01B,$0.05B,19.25%,$38,$30,$8,$0,$0,$36,$2,$0,$2,$2,$1,$1,$1,$3,$2,$3,3,$0.32,$0.31,$11,$18,$0,$62,$14,$0,$0,$4,$20,$83,$26,$2,$0,$11,$37,$7,$42,$-6,$46,$83,$4,$2,$1,$3,$-1,$-3,$0,$-6,$-8,$-1,$-2,$0,$0,$0,$0,$0,$-0,$-2,$-1,$1,$1,$0,$0,$-1,$0,$-1,$-3,$0,$-1
3,2017-10-31,28.02,$16.65,1.68,$51.03,0.55,$3.42,8.21,$1.67,16.78,$0.07B,$0.03B,2.12,$0.00B,$0.05B,0.04,$0.14B,$0.03B,19.29%,$0.14B,$0.01B,5.00%,$0.14B,$0.01B,5.00%,$0.14B,$0.01B,5.71%,$0.14B,$0.01B,5.00%,$0.14B,$0.00B,2.86%,$0.00B,$0.05B,9.25%,$0.00B,$0.05B,9.25%,$0.00B,$0.09B,5.03%,$0.01B,$0.05B,15.30%,$41,$34,$8,$0,$0,$39,$3,$0,$3,$1,$2,$2,$2,$3,$3,$3,3,$0.64,$0.62,$13,$16,$0,$65,$14,$0,$0,$4,$21,$86,$31,$2,$0,$10,$41,$7,$42,$-6,$45,$86,$3,$1,$0,$2,$-3,$-2,$0,$-5,$-7,$-2,$-1,$0,$0,$0,$0,$0,$0,$-1,$-0,$4,$4,$0,$0,$-1,$0,$3,$-1,$0,$-1
4,2017-07-31,24.8,$16.29,1.52,$49.40,0.5,$4.86,5.11,$1.59,15.6,$0.06B,$0.02B,2.58,$0.00B,$0.04B,0.05,$0.14B,$0.03B,19.26%,$0.14B,$0.01B,4.44%,$0.14B,$0.01B,4.44%,$0.14B,$0.01B,5.93%,$0.14B,$0.01B,4.44%,$0.14B,$0.00B,2.22%,$0.00B,$0.04B,7.10%,$0.00B,$0.04B,7.10%,$0.00B,$0.08B,3.87%,$0.01B,$0.05B,13.33%,$34,$27,$7,$0,$0,$32,$2,$0,$2,$1,$1,$1,$1,$2,$2,$3,3,$0.42,$0.42,$13,$17,$0,$56,$14,$0,$0,$4,$21,$77,$22,$2,$0,$11,$32,$7,$41,$-6,$44,$77,$1,$1,$0,$1,$6,$-2,$0,$-5,$-1,$1,$-0,$0,$0,$0,$0,$0,$0,$-0,$-0,$-0,$-0,$0,$0,$-0,$0,$-1,$-0,$0,$-0
5,2017-04-30,22.23,$15.95,1.39,$50.88,0.44,$4.37,5.09,$1.65,13.47,$0.06B,$0.03B,2.22,$0.00B,$0.04B,0.06,$0.14B,$0.03B,18.84%,$0.14B,$0.01B,4.35%,$0.14B,$0.01B,4.35%,$0.14B,$0.01B,6.52%,$0.14B,$0.01B,4.35%,$0.14B,$0.00B,2.17%,$0.00B,$0.04B,7.27%,$0.00B,$0.04B,7.27%,$0.00B,$0.08B,3.86%,$0.01B,$0.05B,13.56%,$35,$27,$7,$0,$0,$33,$2,$0,$2,$0,$1,$1,$1,$2,$2,$3,3,$0.51,$0.51,$14,$15,$0,$60,$14,$0,$0,$4,$21,$81,$27,$2,$0,$11,$38,$7,$40,$-6,$43,$81,$5,$3,$0,$3,$-2,$1,$0,$5,$4,$12,$-3,$0,$0,$0,$0,$0,$0,$-2,$-0,$-0,$-1,$0,$0,$-2,$0,$-2,$7,$0,$-2
6,2017-01-31,24.31,$15.01,1.62,$50.88,0.48,$2.94,8.28,$1.64,14.82,$0.05B,$0.02B,2.56,$0.00B,$0.04B,0.07,$0.14B,$0.03B,18.98%,$0.14B,$0.01B,4.38%,$0.14B,$0.01B,4.38%,$0.14B,$0.01B,7.30%,$0.14B,$0.01B,4.38%,$0.14B,$0.00B,2.19%,$0.00B,$0.04B,7.45%,$0.00B,$0.04B,7.45%,$0.00B,$0.07B,3.97%,$0.01B,$0.04B,13.87%,$30,$25,$5,$0,$0,$30,$0,$0,$0,$0,$0,$0,$0,$1,$0,$3,3,$0.13,$0.13,$10,$16,$0,$52,$14,$0,$0,$4,$21,$74,$20,$3,$0,$13,$33,$7,$39,$-8,$41,$74,$3,$2,$0,$2,$2,$-0,$0,$-0,$1,$6,$-2,$0,$0,$0,$0,$0,$0,$-2,$-0,$1,$1,$0,$0,$-1,$0,$-0,$3,$0,$-1
7,2016-10-31,21.44,$15.04,1.43,$51.78,0.41,$2.13,10.08,$1.83,11.71,$0.06B,$0.03B,2.28,$0.00B,$0.04B,0.08,$0.14B,$0.03B,18.71%,$0.14B,$0.01B,5.04%,$0.14B,$0.01B,5.04%,$0.14B,$0.01B,7.91%,$0.14B,$0.01B,5.04%,$0.14B,$0.00B,2.88%,$0.00B,$0.04B,10.19%,$0.00B,$0.04B,10.19%,$0.00B,$0.08B,5.32%,$0.01B,$0.04B,16.57%,$36,$29,$7,$0,$0,$34,$2,$0,$2,$1,$2,$2,$1,$3,$2,$3,3,$0.55,$0.54,$9,$17,$0,$56,$15,$0,$0,$3,$21,$78,$25,$3,$0,$12,$37,$7,$39,$-8,$41,$78,$3,$1,$0,$1,$-1,$-1,$0,$-0,$-2,$2,$-2,$0,$0,$0,$0,$0,$-0,$-2,$-0,$3,$3,$0,$0,$-1,$0,$2,$2,$0,$-1
8,2016-07-31,19.3,$14.70,1.31,$50.00,0.39,$2.19,8.82,$1.55,12.45,$0.06B,$0.03B,2.18,$0.00B,$0.04B,0.08,$0.13B,$0.03B,18.66%,$0.13B,$0.01B,4.48%,$0.13B,$0.01B,4.48%,$0.13B,$0.01B,7.46%,$0.13B,$0.01B,4.48%,$0.13B,$0.00B,2.99%,$0.00B,$0.04B,10.53%,$0.00B,$0.04B,10.53%,$0.00B,$0.08B,5.46%,$0.01B,$0.04B,14.55%,$37,$30,$7,$0,$0,$35,$2,$0,$2,$1,$1,$1,$1,$3,$2,$3,3,$0.48,$0.48,$8,$17,$0,$57,$15,$0,$0,$4,$21,$78,$26,$3,$0,$13,$39,$7,$38,$-8,$40,$78,$1,$1,$0,$1,$-3,$-1,$0,$-0,$-2,$-0,$-1,$0,$0,$0,$0,$0,$-0,$-1,$-0,$3,$3,$0,$0,$-0,$0,$3,$1,$0,$-0
9,2016-04-30,15.82,$14.36,1.1,$47.93,0.33,$3.04,5.2,$1.42,11.14,$0.05B,$0.02B,2.43,$0.00B,$0.04B,0.09,$0.13B,$0.02B,18.75%,$0.13B,$0.01B,4.69%,$0.13B,$0.01B,4.69%,$0.13B,$0.01B,7.03%,$0.13B,$0.01B,4.69%,$0.13B,$0.00B,3.13%,$0.00B,$0.04B,10.81%,$0.00B,$0.04B,10.81%,$0.00B,$0.07B,5.61%,$0.01B,$0.04B,14.91%,$34,$27,$7,$0,$0,$32,$2,$-0,$2,$1,$1,$1,$1,$3,$2,$3,3,$0.50,$0.50,$7,$16,$0,$51,$14,$0,$0,$4,$21,$72,$21,$3,$0,$13,$34,$7,$37,$-8,$39,$72,$4,$3,$-0,$3,$1,$-3,$0,$1,$1,$7,$-2,$0,$0,$0,$0,$0,$1,$-1,$-0,$-1,$-2,$0,$0,$-1,$-1,$-3,$2,$0,$-1
10,2016-01-31,15.81,$13.70,1.15,$46.63,0.34,$1.04,15.16,$1.15,13.75,$0.05B,$0.02B,2.29,$0.00B,$0.04B,0.09,$0.12B,$0.02B,17.74%,$0.12B,$0.01B,4.03%,$0.12B,$0.01B,4.03%,$0.12B,$0.01B,6.45%,$0.12B,$0.01B,4.03%,$0.12B,$0.00B,3.23%,$0.00B,$0.04B,11.11%,$0.00B,$0.04B,11.11%,$0.00B,$0.07B,5.67%,$0.01B,$0.04B,12.66%,$32,$27,$5,$0,$0,$31,$1,$0,$1,$0,$1,$1,$1,$2,$1,$3,3,$0.31,$0.31,$5,$16,$0,$52,$14,$0,$0,$4,$20,$73,$23,$3,$0,$13,$36,$7,$36,$-8,$37,$73,$3,$2,$0,$2,$-0,$-3,$0,$1,$-1,$3,$-2,$0,$0,$0,$0,$0,$1,$-1,$-0,$1,$0,$0,$0,$-1,$-1,$-1,$1,$0,$-1
11,2015-10-31,15.52,$13.60,1.14,$45.06,0.34,$2.09,7.41,$1.02,15.22,$0.05B,$0.02B,2.42,$0.00B,$0.04B,0.1,$0.12B,$0.02B,17.50%,$0.12B,$0.01B,4.17%,$0.12B,$0.01B,4.17%,$0.12B,$0.01B,5.83%,$0.12B,$0.01B,4.17%,$0.12B,$0.00B,2.50%,$0.00B,$0.04B,8.39%,$0.00B,$0.04B,8.39%,$0.00B,$0.07B,4.38%,$0.01B,$0.04B,12.66%,$31,$26,$6,$0,$0,$30,$1,$0,$1,$0,$1,$1,$1,$2,$1,$3,3,$0.26,$0.26,$5,$14,$0,$49,$15,$0,$0,$4,$21,$70,$20,$4,$0,$13,$34,$7,$35,$-8,$36,$70,$2,$1,$0,$1,$1,$-1,$0,$0,$-1,$2,$-1,$0,$0,$0,$0,$0,$1,$-1,$-0,$1,$0,$0,$0,$-1,$-1,$-1,$0,$0,$-1
12,2015-07-31,15.36,$13.62,1.13,$44.90,0.34,$3.80,4.04,$1.21,12.7,$0.05B,$0.02B,2.36,$0.00B,$0.04B,0.1,$0.12B,$0.02B,17.65%,$0.12B,$0.01B,5.04%,$0.12B,$0.01B,5.04%,$0.12B,$0.01B,6.72%,$0.12B,$0.01B,5.04%,$0.12B,$0.00B,2.52%,$0.00B,$0.04B,8.39%,$0.00B,$0.04B,8.39%,$0.00B,$0.07B,4.44%,$0.01B,$0.04B,15.19%,$31,$25,$6,$0,$0,$30,$2,$0,$2,$1,$1,$1,$1,$2,$2,$3,3,$0.36,$0.35,$5,$14,$0,$49,$14,$0,$0,$4,$21,$70,$21,$4,$0,$13,$34,$7,$35,$-8,$36,$70,$1,$1,$0,$1,$1,$-1,$0,$-0,$-0,$2,$-0,$0,$0,$0,$0,$0,$0,$-0,$-0,$-0,$-0,$0,$0,$-0,$-1,$-1,$-0,$0,$-0
13,2015-04-30,14.5,$13.38,1.08,$44.73,0.32,$3.13,4.63,$1.33,10.91,$0.05B,$0.02B,2.32,$0.00B,$0.04B,0.11,$0.12B,$0.02B,17.65%,$0.12B,$0.01B,5.04%,$0.12B,$0.01B,5.04%,$0.12B,$0.01B,6.72%,$0.12B,$0.01B,5.04%,$0.12B,$0.00B,2.52%,$0.00B,$0.04B,8.45%,$0.00B,$0.04B,8.45%,$0.00B,$0.07B,4.51%,$0.01B,$0.04B,15.19%,$30,$25,$5,$0,$0,$29,$1,$0,$1,$0,$1,$1,$1,$2,$1,$3,3,$0.23,$0.23,$5,$13,$0,$49,$15,$0,$0,$4,$21,$69,$21,$4,$0,$13,$34,$7,$34,$-8,$35,$69,$4,$3,$-0,$2,$-6,$-1,$0,$-0,$-4,$2,$-3,$0,$0,$0,$0,$0,$-2,$-4,$-0,$2,$1,$0,$0,$-1,$-1,$-1,$-3,$0,$-1
14,2015-01-31,16.06,$13.77,1.17,$43.61,0.37,$5.53,2.9,$1.47,10.93,$0.05B,$0.02B,2.5,$0.00B,$0.04B,0.11,$0.12B,$0.02B,18.97%,$0.12B,$0.01B,5.17%,$0.12B,$0.01B,5.17%,$0.12B,$0.01B,6.90%,$0.12B,$0.01B,5.17%,$0.12B,$0.00B,2.59%,$0.00B,$0.04B,8.51%,$0.00B,$0.04B,8.51%,$0.00B,$0.07B,4.62%,$0.01B,$0.04B,15.29%,$28,$23,$4,$0,$0,$27,$1,$0,$1,$0,$1,$1,$0,$1,$1,$3,3,$0.18,$0.18,$6,$12,$0,$46,$15,$0,$0,$4,$20,$65,$18,$4,$0,$11,$29,$7,$34,$-7,$36,$65,$3,$2,$0,$2,$-2,$-0,$0,$-1,$1,$6,$-2,$0,$0,$0,$0,$0,$-2,$-4,$-0,$-2,$-2,$0,$0,$-1,$-1,$-4,$-2,$0,$-1
15,2014-10-31,15.76,$13.74,1.15,$43.00,0.37,$6.07,2.59,$1.51,10.44,$0.05B,$0.02B,2.55,$0.00B,$0.04B,0.11,$0.11B,$0.02B,20.18%,$0.11B,$0.01B,5.26%,$0.11B,$0.01B,5.26%,$0.11B,$0.01B,7.89%,$0.11B,$0.01B,5.26%,$0.11B,$0.00B,3.51%,$0.00B,$0.04B,11.68%,$0.00B,$0.04B,11.68%,$0.00B,$0.07B,6.15%,$0.01B,$0.04B,15.69%,$30,$24,$6,$0,$0,$28,$2,$0,$2,$1,$1,$1,$1,$3,$2,$3,3,$0.46,$0.45,$8,$12,$0,$46,$15,$0,$0,$4,$20,$66,$18,$4,$0,$12,$30,$7,$34,$-6,$36,$66,$2,$1,$0,$1,$-1,$-0,$0,$-0,$3,$7,$-2,$0,$0,$0,$0,$0,$-3,$-4,$-0,$-2,$-2,$0,$0,$-1,$-1,$-4,$-1,$0,$-1
16,2014-07-31,16.21,$13.43,1.21,$41.53,0.39,$6.04,2.68,$1.34,12.1,$0.05B,$0.02B,2.43,$0.00B,$0.04B,0.12,$0.11B,$0.02B,20.00%,$0.11B,$0.01B,4.55%,$0.11B,$0.01B,4.55%,$0.11B,$0.01B,7.27%,$0.11B,$0.01B,4.55%,$0.11B,$0.00B,3.64%,$0.00B,$0.04B,12.03%,$0.00B,$0.04B,12.03%,$0.00B,$0.07B,6.23%,$0.01B,$0.04B,13.42%,$31,$24,$6,$0,$0,$29,$2,$0,$2,$1,$1,$1,$1,$2,$2,$3,3,$0.47,$0.47,$7,$12,$0,$47,$14,$0,$0,$4,$19,$66,$19,$4,$0,$12,$31,$7,$33,$-6,$35,$66,$1,$1,$0,$1,$-2,$-0,$0,$-0,$-2,$-0,$-1,$0,$0,$0,$0,$0,$-2,$-3,$-0,$2,$2,$0,$0,$-0,$-1,$1,$-2,$0,$-0
17,2014-04-30,14.97,$13.07,1.15,$42.24,0.35,$6.81,2.2,$1.48,10.11,$0.04B,$0.02B,2.68,$0.00B,$0.03B,0.12,$0.11B,$0.02B,20.72%,$0.11B,$0.01B,4.50%,$0.11B,$0.01B,4.50%,$0.11B,$0.01B,8.11%,$0.11B,$0.01B,4.50%,$0.11B,$0.01B,4.50%,$0.01B,$0.03B,15.50%,$0.01B,$0.03B,15.50%,$0.01B,$0.06B,7.78%,$0.01B,$0.04B,13.70%,$27,$21,$6,$0,$0,$26,$1,$0,$1,$0,$1,$1,$1,$2,$1,$3,3,$0.37,$0.37,$7,$12,$0,$43,$15,$0,$0,$3,$19,$63,$16,$4,$1,$12,$28,$7,$32,$-6,$34,$63,$4,$3,$1,$4,$2,$1,$0,$-0,$0,$8,$-2,$0,$0,$0,$0,$0,$0,$-2,$1,$-4,$-3,$0,$0,$-1,$-2,$-6,$0,$0,$-1
18,2014-01-31,14.68,$12.17,1.21,$44.20,0.33,$5.06,2.9,$1.57,9.35,$0.04B,$0.02B,2.42,$0.00B,$0.03B,0.14,$0.12B,$0.02B,20.69%,$0.12B,$0.01B,5.17%,$0.12B,$0.01B,5.17%,$0.12B,$0.01B,8.62%,$0.12B,$0.01B,5.17%,$0.12B,$0.01B,4.31%,$0.01B,$0.03B,15.50%,$0.01B,$0.03B,15.50%,$0.01B,$0.07B,7.60%,$0.01B,$0.04B,16.55%,$26,$21,$5,$0,$0,$25,$1,$-0,$1,$0,$1,$1,$1,$2,$1,$3,3,$0.23,$0.22,$7,$13,$0,$43,$15,$0,$0,$4,$22,$65,$18,$4,$1,$15,$33,$7,$31,$-8,$32,$65,$3,$2,$0,$2,$4,$1,$0,$-0,$2,$7,$-2,$0,$0,$0,$0,$0,$0,$-2,$1,$-3,$-2,$0,$0,$-1,$-2,$-4,$1,$0,$-1
19,2013-10-31,15.3,$12.07,1.27,$44.91,0.34,$4.39,3.48,$1.56,9.81,$0.04B,$0.02B,2.53,$0.00B,$0.03B,0.14,$0.12B,$0.02B,20.51%,$0.12B,$0.01B,5.13%,$0.12B,$0.01B,5.13%,$0.12B,$0.01B,8.55%,$0.12B,$0.01B,5.13%,$0.12B,$0.01B,4.27%,$0.01B,$0.03B,15.38%,$0.01B,$0.03B,15.38%,$0.01B,$0.06B,7.72%,$0.01B,$0.04B,16.55%,$26,$21,$5,$0,$0,$25,$1,$0,$1,$0,$1,$1,$1,$2,$1,$3,3,$0.28,$0.28,$6,$13,$0,$41,$15,$0,$0,$4,$22,$63,$16,$4,$1,$15,$32,$7,$31,$-8,$32,$63,$2,$1,$0,$1,$5,$0,$0,$-1,$2,$6,$-1,$0,$0,$0,$0,$0,$0,$-1,$1,$-4,$-3,$0,$0,$-1,$-2,$-5,$-1,$0,$-1
20,2013-07-31,11.73,$11.90,0.99,$46.99,0.25,$3.08,3.81,$1.53,7.67,$0.04B,$0.02B,2.28,$0.01B,$0.03B,0.15,$0.12B,$0.02B,19.67%,$0.12B,$0.01B,4.92%,$0.12B,$0.01B,4.92%,$0.12B,$0.01B,8.20%,$0.12B,$0.01B,4.92%,$0.12B,$0.01B,4.10%,$0.01B,$0.03B,15.27%,$0.01B,$0.03B,15.27%,$0.01B,$0.07B,7.63%,$0.01B,$0.04B,16.55%,$32,$25,$7,$0,$0,$30,$2,$-0,$2,$1,$2,$2,$2,$3,$2,$3,3,$0.61,$0.61,$5,$12,$0,$44,$15,$0,$0,$4,$22,$66,$19,$5,$1,$15,$35,$7,$31,$-8,$31,$66,$2,$1,$0,$1,$1,$1,$0,$-0,$-0,$2,$-1,$0,$0,$0,$0,$0,$0,$-0,$1,$-2,$-0,$0,$0,$-0,$-2,$-2,$-1,$0,$-0
21,2013-04-30,11.34,$13.00,0.87,$45.09,0.25,$3.48,3.26,$1.17,9.69,$0.05B,$0.02B,2.14,$0.00B,$0.03B,0.1,$0.12B,$0.02B,18.80%,$0.12B,$0.01B,4.27%,$0.12B,$0.01B,4.27%,$0.12B,$0.01B,7.69%,$0.12B,$0.01B,4.27%,$0.12B,$0.00B,3.42%,$0.00B,$0.03B,12.12%,$0.00B,$0.03B,12.12%,$0.00B,$0.07B,6.13%,$0.01B,$0.04B,13.89%,$32,$25,$7,$0,$0,$30,$2,$-0,$2,$1,$1,$1,$1,$3,$2,$3,3,$0.47,$0.46,$7,$13,$0,$47,$15,$0,$0,$4,$22,$69,$22,$3,$0,$13,$35,$7,$31,$-7,$34,$69,$4,$3,$-0,$2,$-3,$-1,$0,$-1,$-2,$4,$-2,$0,$0,$0,$0,$0,$0,$-2,$-0,$0,$-0,$0,$0,$-2,$0,$-2,$-0,$0,$-2
22,2013-01-31,10.67,$12.62,0.85,$44.09,0.24,$5.06,2.11,$1.20,8.89,$0.04B,$0.02B,2.53,$0.00B,$0.03B,0.1,$0.11B,$0.02B,19.30%,$0.11B,$0.01B,5.26%,$0.11B,$0.01B,5.26%,$0.11B,$0.01B,8.77%,$0.11B,$0.01B,5.26%,$0.11B,$0.00B,3.51%,$0.00B,$0.03B,12.31%,$0.00B,$0.03B,12.31%,$0.00B,$0.06B,6.27%,$0.01B,$0.04B,16.90%,$27,$22,$5,$0,$0,$26,$1,$0,$1,$0,$1,$1,$1,$2,$1,$3,3,$0.21,$0.21,$5,$13,$0,$40,$15,$0,$0,$4,$21,$61,$16,$3,$0,$12,$28,$7,$30,$-7,$33,$61,$2,$2,$0,$2,$3,$-1,$0,$-1,$1,$5,$-2,$0,$0,$0,$0,$0,$0,$-2,$-0,$-4,$-4,$0,$0,$-2,$0,$-6,$-2,$0,$-2
23,2012-10-31,9.62,$12.60,0.76,$41.92,0.23,$4.80,2.01,$0.94,10.23,$0.05B,$0.02B,2.09,$0.00B,$0.03B,0.1,$0.11B,$0.02B,19.27%,$0.11B,$0.01B,4.59%,$0.11B,$0.01B,4.59%,$0.11B,$0.01B,7.34%,$0.11B,$0.01B,4.59%,$0.11B,$0.00B,2.75%,$0.00B,$0.03B,9.30%,$0.00B,$0.03B,9.30%,$0.00B,$0.07B,4.76%,$0.01B,$0.04B,14.18%,$31,$26,$5,$0,$0,$30,$1,$0,$1,$0,$1,$1,$1,$2,$1,$3,3,$0.25,$0.25,$7,$12,$0,$46,$15,$0,$0,$4,$20,$66,$22,$3,$0,$12,$34,$7,$30,$-7,$33,$66,$1,$1,$0,$1,$-1,$-1,$0,$-2,$-1,$2,$-1,$0,$0,$0,$0,$0,$0,$-1,$-0,$-1,$-1,$0,$0,$-1,$0,$-2,$-0,$0,$-1
24,2012-07-31,10.05,$12.36,0.81,$39.99,0.25,$4.67,2.15,$0.64,15.7,$0.05B,$0.02B,2.16,$0.00B,$0.03B,0.11,$0.10B,$0.02B,19.23%,$0.10B,$0.00B,3.85%,$0.10B,$0.00B,3.85%,$0.10B,$0.01B,6.73%,$0.10B,$0.00B,3.85%,$0.10B,$0.00B,1.92%,$0.00B,$0.03B,6.25%,$0.00B,$0.03B,6.25%,$0.00B,$0.07B,3.25%,$0.00B,$0.04B,11.35%,$27,$21,$5,$0,$0,$26,$1,$-0,$1,$0,$1,$1,$1,$2,$1,$3,3,$0.25,$0.25,$8,$12,$0,$45,$15,$0,$0,$4,$20,$65,$21,$3,$0,$12,$33,$7,$30,$-7,$32,$65,$1,$1,$0,$1,$1,$0,$0,$-1,$1,$3,$-0,$0,$0,$0,$0,$0,$0,$-0,$-0,$-0,$-0,$0,$0,$-0,$0,$-1,$2,$0,$-0
25,2012-04-30,7.19,$12.28,0.59,$39.87,0.18,$3.32,2.17,$0.40,17.98,$0.04B,$0.02B,2.2,$0.00B,$0.03B,0.11,$0.10B,$0.02B,18.45%,$0.10B,$0.00B,2.91%,$0.10B,$0.00B,2.91%,$0.10B,$0.01B,5.83%,$0.10B,$0.00B,2.91%,$0.10B,$0.00B,0.97%,$0.00B,$0.03B,3.10%,$0.00B,$0.03B,3.10%,$0.00B,$0.06B,1.63%,$0.00B,$0.04B,8.39%,$29,$22,$7,$0,$0,$26,$3,$-0,$3,$1,$2,$2,$1,$4,$3,$3,3,$0.49,$0.49,$7,$12,$0,$43,$15,$0,$0,$4,$21,$63,$19,$3,$0,$12,$32,$7,$29,$-7,$32,$63,$2,$3,$-1,$2,$5,$-1,$0,$1,$4,$7,$-1,$0,$0,$0,$0,$0,$-0,$-2,$-0,$0,$-0,$0,$0,$-1,$0,$-1,$4,$0,$-1
26,2012-01-31,7.74,$12.36,0.63,$39.06,0.2,$-0.35,0.0,$0.01,0.0,$0.04B,$0.02B,2.25,$0.00B,$0.03B,0.11,$0.10B,$0.02B,16.83%,$0.10B,$0.00B,0.99%,$0.10B,$0.00B,0.99%,$0.10B,$0.00B,2.97%,$0.10B,0,0.00%,$0.10B,0,0.00%,$0.00B,$0.03B,0.00%,$0.00B,$0.03B,0.00%,$0.00B,$0.06B,0.00%,$0.00B,$0.04B,2.76%,$22,$18,$4,$0,$0,$22,$-0,$0,$-0,$-0,$0,$0,$-0,$0,$-0,$3,3,$-0.05,$-0.05,$5,$12,$0,$39,$16,$0,$0,$3,$20,$58,$17,$4,$0,$9,$27,$7,$28,$-5,$32,$58,$-0,$2,$-0,$2,$7,$-1,$0,$-1,$2,$4,$-1,$0,$0,$0,$0,$0,$-0,$-1,$-0,$-0,$-0,$0,$0,$-1,$0,$-1,$2,$0,$-1
27,2011-10-31,7.86,$12.48,0.63,$39.40,0.2,$-0.99,0.0,$0.09,87.39,$0.04B,$0.02B,2.17,$0.00B,$0.03B,0.11,$0.10B,$0.02B,16.67%,$0.10B,$0.00B,0.98%,$0.10B,$0.00B,0.98%,$0.10B,$0.00B,3.92%,$0.10B,0,0.00%,$0.10B,0,0.00%,$0.00B,$0.03B,0.00%,$0.00B,$0.03B,0.00%,$0.00B,$0.06B,0.00%,$0.00B,$0.04B,2.74%,$26,$22,$4,$0,$0,$26,$-0,$-0,$-0,$-0,$-0,$-0,$-0,$1,$-0,$3,3,$-0.05,$-0.05,$4,$10,$0,$40,$16,$0,$0,$4,$20,$60,$18,$4,$0,$9,$28,$7,$29,$-5,$32,$60,$-0,$1,$-0,$1,$4,$0,$0,$-1,$1,$2,$-1,$0,$0,$0,$0,$0,$-0,$-1,$-0,$1,$1,$0,$0,$-1,$0,$0,$1,$0,$-1
28,2011-07-31,8.0,$12.77,0.63,$39.27,0.2,$-2.70,0.0,$0.47,17.03,$0.04B,$0.02B,2.03,$0.00B,$0.03B,0.11,$0.10B,$0.02B,17.65%,$0.10B,$0.00B,1.96%,$0.10B,$0.00B,1.96%,$0.10B,$0.01B,4.90%,$0.10B,$0.00B,0.98%,$0.10B,$0.00B,0.98%,$0.00B,$0.03B,3.03%,$0.00B,$0.03B,3.03%,$0.00B,$0.06B,1.63%,$0.00B,$0.04B,5.48%,$26,$22,$4,$0,$0,$26,$0,$-0,$0,$0,$0,$0,$0,$1,$0,$3,3,$0.01,$0.01,$4,$10,$0,$43,$16,$0,$0,$4,$20,$64,$21,$4,$0,$9,$31,$7,$29,$-5,$33,$64,$0,$1,$-0,$1,$0,$0,$0,$-1,$-2,$-1,$-0,$0,$0,$0,$0,$0,$-0,$-1,$-0,$2,$2,$0,$0,$-0,$0,$2,$0,$0,$-0
29,2011-04-30,8.89,$12.81,0.69,$38.72,0.23,$-3.12,0.0,$0.71,12.52,$0.04B,$0.02B,2.09,$0.00B,$0.03B,0.11,$0.10B,$0.02B,18.81%,$0.10B,$0.00B,2.97%,$0.10B,$0.00B,2.97%,$0.10B,$0.01B,5.94%,$0.10B,$0.00B,1.98%,$0.10B,$0.00B,1.98%,$0.00B,$0.03B,6.11%,$0.00B,$0.03B,6.11%,$0.00B,$0.06B,3.33%,$0.00B,$0.04B,8.51%,$27,$22,$5,$0,$0,$26,$1,$-0,$0,$0,$0,$0,$0,$1,$1,$3,3,$0.10,$0.11,$3,$10,$0,$42,$17,$0,$0,$4,$21,$63,$20,$4,$0,$10,$30,$7,$29,$-5,$33,$63,$2,$2,$1,$3,$-1,$-2,$0,$0,$-4,$1,$-5,$0,$0,$0,$0,$0,$-0,$-5,$4,$2,$6,$0,$0,$-1,$0,$5,$1,$0,$-1
30,2011-01-31,10.9,$12.62,0.86,$37.59,0.29,$-1.46,0.0,$0.81,13.45,$0.04B,$0.02B,2.45,$0.00B,$0.03B,0.12,$0.10B,$0.02B,19.39%,$0.10B,$0.00B,3.06%,$0.10B,$0.00B,3.06%,$0.10B,$0.01B,6.12%,$0.10B,$0.00B,3.06%,$0.10B,$0.00B,3.06%,$0.00B,$0.03B,9.23%,$0.00B,$0.03B,9.23%,$0.00B,$0.06B,5.13%,$0.00B,$0.04B,8.82%,$23,$18,$4,$0,$0,$22,$0,$0,$0,$0,$0,$0,$0,$1,$0,$3,3,$0.03,$0.03,$3,$11,$0,$36,$17,$0,$0,$4,$21,$57,$15,$4,$0,$10,$25,$7,$29,$-5,$33,$57,$2,$2,$-0,$2,$5,$-2,$0,$-0,$3,$6,$-5,$0,$0,$0,$0,$0,$0,$-5,$4,$-4,$-0,$0,$0,$-1,$0,$-1,$0,$0,$-1
31,2010-10-31,8.83,$12.67,0.7,$37.33,0.24,$-1.26,0.0,$1.02,8.66,$0.04B,$0.02B,2.19,$0.00B,$0.03B,0.12,$0.10B,$0.02B,20.62%,$0.10B,$0.00B,4.12%,$0.10B,$0.00B,4.12%,$0.10B,$0.01B,7.22%,$0.10B,$0.00B,4.12%,$0.10B,$0.00B,4.12%,$0.00B,$0.03B,12.50%,$0.00B,$0.03B,12.50%,$0.00B,$0.06B,6.99%,$0.00B,$0.04B,12.21%,$26,$20,$5,$0,$0,$24,$1,$-0,$1,$0,$1,$1,$1,$2,$1,$3,3,$0.33,$0.33,$2,$9,$0,$40,$16,$0,$0,$4,$21,$61,$18,$4,$0,$10,$28,$7,$29,$-5,$33,$61,$2,$1,$-0,$1,$-1,$-1,$0,$-1,$-2,$0,$-4,$0,$0,$0,$0,$0,$0,$-4,$4,$-1,$3,$-0,$-0,$-1,$0,$3,$-0,$0,$-1
32,2010-07-31,8.83,$12.44,0.71,$37.93,0.23,$-0.09,0.0,$1.22,7.23,$0.04B,$0.02B,1.91,$0.00B,$0.03B,0.0,$0.10B,$0.02B,21.43%,$0.10B,$0.01B,5.10%,$0.10B,$0.01B,5.10%,$0.10B,$0.01B,8.16%,$0.10B,$0.01B,5.10%,$0.10B,$0.00B,4.08%,$0.00B,$0.03B,12.70%,$0.00B,$0.03B,12.70%,$0.00B,$0.06B,7.14%,$0.01B,$0.03B,15.87%,$25,$20,$5,$0,$0,$24,$1,$-0,$1,$0,$1,$1,$1,$2,$1,$3,3,$0.26,$0.25,$2,$8,$0,$40,$15,$0,$0,$4,$20,$59,$21,$0,$0,$7,$27,$7,$29,$-5,$32,$59,$1,$1,$0,$1,$-1,$0,$0,$0,$-1,$-0,$-2,$0,$0,$0,$0,$0,$0,$-2,$-0,$3,$3,$-0,$-0,$-0,$0,$2,$0,$0,$-0
33,2010-04-30,10.21,$12.31,0.83,$38.55,0.26,$0.49,20.84,$1.39,7.34,$0.04B,$0.02B,2.09,$0.00B,$0.03B,0.0,$0.10B,$0.02B,22.22%,$0.10B,$0.01B,6.06%,$0.10B,$0.01B,6.06%,$0.10B,$0.01B,8.08%,$0.10B,$0.01B,6.06%,$0.10B,$0.00B,4.04%,$0.00B,$0.03B,13.01%,$0.00B,$0.03B,13.01%,$0.00B,$0.06B,7.27%,$0.01B,$0.03B,19.35%,$24,$19,$5,$0,$0,$23,$1,$-0,$1,$0,$0,$0,$1,$1,$1,$3,3,$0.20,$0.20,$2,$8,$0,$39,$14,$0,$0,$4,$18,$57,$18,$0,$0,$6,$25,$7,$28,$-5,$32,$57,$4,$2,$-0,$2,$-2,$-1,$0,$0,$-1,$5,$-4,$0,$0,$0,$0,$0,$-0,$-4,$-0,$-1,$-1,$0,$0,$-1,$0,$-2,$-2,$0,$-1
34,2010-01-31,11.04,$12.16,0.91,$38.94,0.28,$0.61,18.11,$1.55,7.13,$0.04B,$0.01B,2.56,$0.00B,$0.03B,0.0,$0.10B,$0.02B,22.00%,$0.10B,$0.01B,7.00%,$0.10B,$0.01B,7.00%,$0.10B,$0.01B,9.00%,$0.10B,$0.01B,7.00%,$0.10B,$0.00B,4.00%,$0.00B,$0.03B,13.45%,$0.00B,$0.03B,13.45%,$0.00B,$0.05B,7.41%,$0.01B,$0.03B,23.33%,$22,$17,$5,$0,$0,$21,$1,$-0,$1,$0,$1,$1,$1,$2,$1,$3,3,$0.24,$0.24,$2,$8,$0,$35,$13,$0,$0,$4,$17,$52,$14,$0,$0,$7,$20,$7,$28,$-5,$31,$52,$3,$2,$0,$2,$1,$-0,$0,$0,$-0,$5,$-3,$0,$0,$0,$0,$0,$-0,$-3,$-0,$-3,$-3,$0,$0,$-1,$0,$-4,$-2,$0,$-1
35,2009-10-31,10.11,$12.00,0.84,$40.67,0.25,$-0.46,0.0,$1.66,6.09,$0.04B,$0.02B,2.12,$0.00B,$0.03B,0.01,$0.10B,$0.02B,21.15%,$0.10B,$0.01B,6.73%,$0.10B,$0.01B,6.73%,$0.10B,$0.01B,8.65%,$0.10B,$0.01B,6.73%,$0.10B,$0.00B,3.85%,$0.00B,$0.03B,13.68%,$0.00B,$0.03B,13.68%,$0.00B,$0.06B,7.34%,$0.01B,$0.03B,23.73%,$27,$21,$6,$0,$0,$25,$2,$-0,$2,$1,$1,$1,$1,$3,$2,$3,3,$0.53,$0.53,$3,$8,$0,$40,$12,$0,$0,$4,$16,$56,$19,$0,$0,$7,$25,$7,$28,$-5,$31,$56,$3,$1,$0,$1,$-2,$-0,$0,$0,$-2,$2,$-2,$0,$0,$0,$0,$0,$-0,$-2,$-0,$-0,$-0,$0,$0,$-0,$0,$-1,$-1,$0,$-0
36,2009-07-31,9.01,$11.46,0.79,$40.96,0.22,$-0.85,0.0,$1.70,5.3,$0.04B,$0.02B,1.97,$0.00B,$0.03B,0.01,$0.11B,$0.02B,20.95%,$0.11B,$0.01B,6.67%,$0.11B,$0.01B,6.67%,$0.11B,$0.01B,8.57%,$0.11B,$0.01B,6.67%,$0.11B,$0.00B,3.81%,$0.00B,$0.03B,14.04%,$0.00B,$0.03B,14.04%,$0.00B,$0.06B,7.44%,$0.01B,$0.03B,24.14%,$26,$20,$6,$0,$0,$24,$2,$-0,$2,$1,$1,$1,$1,$2,$2,$3,3,$0.42,$0.42,$4,$9,$0,$38,$13,$0,$0,$4,$17,$55,$19,$0,$0,$6,$26,$7,$27,$-5,$29,$55,$1,$1,$0,$1,$1,$-2,$0,$-0,$-1,$1,$-2,$0,$0,$0,$0,$0,$-0,$-2,$-0,$1,$0,$0,$0,$-0,$0,$0,$-1,$0,$-0
37,2009-04-30,7.04,$11.06,0.64,$40.58,0.17,$-1.13,0.0,$1.66,4.24,$0.04B,$0.02B,2.01,$0.00B,$0.03B,0.01,$0.10B,$0.02B,20.19%,$0.10B,$0.01B,6.73%,$0.10B,$0.01B,6.73%,$0.10B,$0.01B,8.65%,$0.10B,$0.01B,6.73%,$0.10B,$0.00B,3.85%,$0.00B,$0.03B,14.16%,$0.00B,$0.03B,14.16%,$0.00B,$0.05B,7.51%,$0.01B,$0.03B,24.56%,$25,$20,$5,$0,$0,$23,$2,$-0,$2,$1,$1,$1,$1,$2,$2,$3,3,$0.36,$0.36,$4,$8,$0,$38,$11,$0,$0,$3,$15,$53,$19,$0,$0,$6,$24,$7,$26,$-6,$28,$53,$5,$2,$1,$3,$-5,$-1,$0,$0,$-5,$2,$-2,$0,$0,$0,$0,$0,$0,$-1,$-0,$1,$1,$0,$0,$-1,$0,$-0,$-0,$0,$-1
38,2009-01-31,6.83,$11.39,0.6,$39.54,0.17,$-1.04,0.0,$1.47,4.65,$0.04B,$0.02B,1.93,$0.00B,$0.03B,0.01,$0.10B,$0.02B,20.79%,$0.10B,$0.01B,5.94%,$0.10B,$0.01B,5.94%,$0.10B,$0.01B,7.92%,$0.10B,$0.01B,5.94%,$0.10B,$0.00B,2.97%,$0.00B,$0.03B,10.71%,$0.00B,$0.03B,10.71%,$0.00B,$0.05B,5.69%,$0.01B,$0.03B,21.24%,$26,$21,$5,$0,$0,$25,$1,$-0,$1,$0,$1,$1,$1,$2,$1,$3,3,$0.35,$0.35,$3,$8,$0,$37,$12,$0,$0,$5,$17,$54,$19,$0,$0,$5,$24,$7,$25,$-3,$29,$54,$3,$2,$0,$2,$-5,$-1,$0,$0,$-5,$0,$-1,$0,$0,$0,$0,$0,$0,$-1,$-0,$1,$1,$0,$0,$-1,$0,$-0,$-1,$0,$-1
39,2008-10-31,6.67,$11.09,0.6,$37.85,0.18,$-0.62,0.0,$1.43,4.66,$0.04B,$0.02B,1.91,$0.00B,$0.03B,0.01,$0.10B,$0.02B,21.65%,$0.10B,$0.01B,7.22%,$0.10B,$0.01B,7.22%,$0.10B,$0.01B,8.25%,$0.10B,$0.01B,6.19%,$0.10B,$0.00B,3.09%,$0.00B,$0.03B,10.91%,$0.00B,$0.03B,10.91%,$0.00B,$0.05B,5.85%,$0.01B,$0.03B,25.23%,$28,$22,$6,$0,$0,$26,$2,$-0,$2,$1,$2,$2,$1,$3,$2,$3,3,$0.57,$0.57,$3,$7,$0,$36,$12,$0,$0,$5,$17,$53,$19,$0,$0,$6,$25,$7,$24,$-3,$28,$53,$2,$1,$0,$1,$-6,$0,$0,$1,$-4,$-1,$-1,$0,$0,$0,$0,$0,$0,$-1,$-0,$0,$0,$0,$0,$-0,$0,$-0,$-2,$0,$-0
40,2008-07-31,8.18,$10.80,0.76,$36.71,0.22,$0.04,225.87,$1.33,6.15,$0.04B,$0.02B,1.87,$0.00B,$0.03B,0.0,$0.09B,$0.02B,22.34%,$0.09B,$0.01B,7.45%,$0.09B,$0.01B,7.45%,$0.09B,$0.01B,8.51%,$0.09B,$0.01B,6.38%,$0.09B,$0.00B,3.19%,$0.00B,$0.03B,11.11%,$0.00B,$0.03B,11.11%,$0.00B,$0.05B,6.03%,$0.01B,$0.03B,25.93%,$25,$20,$5,$0,$0,$24,$2,$-0,$2,$1,$1,$1,$1,$2,$2,$3,3,$0.38,$0.38,$4,$7,$0,$35,$12,$0,$0,$6,$18,$53,$19,$0,$0,$6,$25,$7,$23,$-2,$28,$53,$1,$1,$0,$1,$-3,$-0,$0,$1,$-2,$-1,$-1,$0,$0,$0,$0,$0,$0,$-1,$-0,$1,$1,$0,$0,$-0,$0,$1,$-1,$0,$-0
41,2008-04-30,11.38,$10.56,1.08,$35.07,0.32,$0.05,228.99,$1.22,9.33,$0.03B,$0.02B,1.92,$0.00B,$0.03B,0.01,$0.09B,$0.02B,22.22%,$0.09B,$0.01B,6.67%,$0.09B,$0.01B,6.67%,$0.09B,$0.01B,8.89%,$0.09B,$0.01B,5.56%,$0.09B,$0.00B,3.33%,$0.00B,$0.03B,11.43%,$0.00B,$0.03B,11.43%,$0.00B,$0.05B,6.28%,$0.01B,$0.03B,22.86%,$22,$18,$5,$0,$0,$21,$1,$0,$1,$0,$1,$1,$0,$1,$1,$3,3,$0.17,$0.18,$4,$7,$0,$33,$12,$0,$0,$6,$17,$51,$17,$0,$0,$6,$24,$7,$22,$-2,$27,$51,$4,$2,$1,$3,$-1,$-1,$0,$-2,$-3,$3,$-3,$0,$0,$0,$0,$0,$-0,$-3,$-0,$1,$1,$1,$1,$-1,$0,$1,$2,$0,$-1
42,2008-01-31,12.64,$10.52,1.2,$35.53,0.36,$2.49,5.08,$1.26,10.03,$0.03B,$0.02B,1.96,$0.00B,$0.03B,0.01,$0.09B,$0.02B,20.88%,$0.09B,$0.01B,6.59%,$0.09B,$0.01B,6.59%,$0.09B,$0.01B,8.79%,$0.09B,$0.01B,5.49%,$0.09B,$0.00B,4.40%,$0.00B,$0.03B,15.69%,$0.00B,$0.03B,15.69%,$0.00B,$0.05B,8.65%,$0.01B,$0.03B,23.30%,$22,$17,$5,$0,$0,$20,$2,$-0,$1,$0,$1,$1,$1,$2,$2,$3,3,$0.32,$0.31,$3,$6,$0,$30,$12,$0,$0,$6,$18,$48,$15,$0,$0,$5,$21,$7,$22,$-2,$27,$48,$3,$1,$0,$2,$-1,$-0,$0,$-1,$-2,$2,$-2,$0,$0,$0,$0,$0,$-0,$-2,$-0,$0,$-0,$1,$1,$-1,$0,$-0,$0,$0,$-1
43,2007-10-31,11.27,$10.26,1.1,$34.27,0.33,$3.78,2.98,$1.08,10.44,$0.03B,$0.02B,1.9,$0.00B,$0.03B,0.01,$0.09B,$0.02B,20.69%,$0.09B,$0.01B,5.75%,$0.09B,$0.01B,5.75%,$0.09B,$0.01B,8.05%,$0.09B,$0.01B,5.75%,$0.09B,$0.00B,3.45%,$0.00B,$0.03B,11.88%,$0.00B,$0.03B,11.88%,$0.00B,$0.05B,6.52%,$0.01B,$0.03B,19.42%,$25,$19,$6,$0,$0,$23,$2,$-0,$2,$1,$1,$1,$1,$3,$2,$3,3,$0.48,$0.47,$2,$6,$0,$30,$11,$0,$0,$6,$17,$47,$16,$0,$0,$5,$21,$7,$21,$-2,$26,$47,$2,$1,$0,$1,$-1,$-1,$0,$-1,$-1,$2,$-1,$0,$0,$0,$0,$0,$-0,$-1,$-0,$-1,$-1,$0,$0,$-0,$0,$-1,$-1,$0,$-0
44,2007-07-31,10.45,$9.84,1.06,$33.17,0.32,$3.74,2.79,$0.84,12.44,$0.03B,$0.02B,1.85,$0.00B,$0.03B,0.02,$0.08B,$0.02B,19.28%,$0.08B,$0.00B,4.82%,$0.08B,$0.00B,4.82%,$0.08B,$0.01B,7.23%,$0.08B,$0.00B,4.82%,$0.08B,$0.00B,3.61%,$0.00B,$0.03B,11.88%,$0.00B,$0.03B,11.88%,$0.00B,$0.05B,6.45%,$0.00B,$0.03B,15.38%,$21,$17,$4,$0,$0,$20,$1,$-0,$1,$0,$1,$1,$1,$2,$1,$3,3,$0.27,$0.27,$2,$6,$0,$28,$11,$0,$0,$5,$17,$45,$15,$0,$0,$5,$20,$7,$20,$-2,$25,$45,$1,$0,$0,$1,$0,$0,$0,$-1,$-2,$-1,$-0,$0,$0,$0,$0,$0,$-0,$-0,$-0,$1,$1,$0,$0,$-0,$0,$1,$-0,$0,$-0
45,2007-04-30,7.86,$9.43,0.83,$32.66,0.24,$4.75,1.65,$0.62,12.67,$0.03B,$0.02B,1.76,$0.00B,$0.02B,0.02,$0.08B,$0.02B,18.52%,$0.08B,$0.00B,3.70%,$0.08B,$0.00B,3.70%,$0.08B,$0.01B,6.17%,$0.08B,$0.00B,3.70%,$0.08B,$0.00B,2.47%,$0.00B,$0.02B,7.92%,$0.00B,$0.02B,7.92%,$0.00B,$0.05B,4.23%,$0.00B,$0.03B,11.43%,$23,$18,$4,$0,$0,$22,$1,$-0,$1,$0,$0,$0,$1,$1,$1,$2,2,$0.21,$0.21,$3,$6,$0,$29,$11,$0,$0,$5,$17,$45,$16,$0,$0,$5,$21,$7,$20,$-2,$24,$45,$2,$2,$1,$3,$4,$-0,$0,$1,$4,$9,$-2,$0,$0,$0,$0,$0,$0,$-2,$-0,$-5,$-5,$0,$0,$-1,$0,$-6,$1,$0,$-1
46,2007-01-31,6.96,$10.47,0.67,$33.07,0.21,$2.12,3.28,$0.30,23.2,$0.03B,$0.02B,1.71,$0.00B,$0.03B,0.02,$0.08B,$0.01B,17.07%,$0.08B,$0.00B,2.44%,$0.08B,$0.00B,2.44%,$0.08B,$0.00B,4.88%,$0.08B,$0.00B,2.44%,$0.08B,$0.00B,1.22%,$0.00B,$0.03B,3.88%,$0.00B,$0.03B,3.88%,$0.00B,$0.05B,2.06%,$0.00B,$0.03B,7.55%,$18,$14,$4,$0,$0,$17,$1,$-0,$1,$0,$0,$0,$0,$1,$1,$2,2,$0.13,$0.13,$2,$6,$0,$27,$11,$0,$0,$8,$20,$47,$16,$1,$0,$5,$21,$7,$20,$0,$26,$47,$1,$1,$0,$2,$5,$-0,$0,$0,$2,$5,$-1,$0,$0,$0,$0,$0,$-0,$-1,$-0,$-2,$-2,$0,$0,$-1,$0,$-3,$1,$0,$-1
47,2006-10-31,5.25,$10.40,0.51,$32.94,0.16,$1.52,3.46,$-0.05,0.0,$0.03B,$0.02B,1.63,$0.00B,$0.03B,0.03,$0.08B,$0.01B,14.63%,$0.08B,0,0.00%,$0.08B,0,0.00%,$0.08B,$0.00B,3.66%,$0.08B,0,0.00%,$0.08B,0,0.00%,$0.00B,$0.03B,0.00%,$0.00B,$0.03B,0.00%,$0.00B,$0.05B,0.00%,$0.00B,$0.03B,0.00%,$21,$17,$4,$0,$0,$20,$1,$-0,$1,$0,$1,$1,$1,$2,$1,$2,2,$0.23,$0.23,$1,$5,$0,$30,$11,$0,$0,$8,$19,$49,$18,$1,$0,$5,$23,$7,$20,$0,$26,$49,$1,$1,$0,$1,$1,$1,$0,$-0,$-1,$1,$-1,$0,$0,$0,$0,$0,$-0,$-1,$-0,$-0,$-0,$0,$0,$-0,$0,$-1,$-0,$0,$-0
