,Date,Stock Price,Book Value per Share,Price to Book Ratio,TTM Sales per Share,Price to Sales Ratio,TTM FCF per Share,Price to FCF Ratio,TTM Net EPS,PE Ratio,Current Assets,Current Liabilities,Current Ratio,Long Term Debt,Shareholder's Equity_x,Debt to Equity Ratio,TTM Revenue_x,TTM Gross Profit,Gross Margin,TTM Revenue_y,TTM Operating Income,Operating Margin,TTM Revenue_x,TTM EBIT,EBIT Margin,TTM Revenue_y,TTM EBITDA,EBITDA Margin,TTM Revenue_x,TTM Pre-Tax Income,Pre-Tax Margin,TTM Revenue_y,TTM Net Income_x,Net Margin,TTM Net Income_y,Shareholder's Equity_y,Return on Equity,TTM Net Income_x,Tangible Equity,Return on Tangible Equity,TTM Net Income_y,Total Assets,Return on Assets,TTM Net Income,LT Investments & Debt,Return on Investment,revenue,cost-goods-sold,gross-profit,research-development-expenses,selling-general-administrative-expenses,operating-expenses,operating-income,total-non-operating-income-expense,pre-tax-income,total-provision-income-taxes,income-after-taxes,income-from-continuous-operations,net-income,ebitda,ebit,basic-shares-outstanding,shares-outstanding,eps-basic-net-earnings-per-share,eps-earnings-per-share-diluted,cash-on-hand,inventory,other-current-assets,total-current-assets,net-property-plant-equipment,long-term-investments,goodwill-intangible-assets-total,other-long-term-assets,total-long-term-assets,total-assets,total-current-liabilities,long-term-debt,other-non-current-liabilities,total-long-term-liabilities,total-liabilities,common-stock-net,retained-earnings-accumulated-deficit,comprehensive-income,total-share-holder-equity,total-liabilities-share-holders-equity,net-income-loss,total-depreciation-amortization-cash-flow,other-non-cash-items,total-non-cash-items,change-in-accounts-receivable,change-in-inventories,change-in-accounts-payable,change-in-assets-liabilities,total-change-in-assets-liabilities,cash-flow-from-operating-activities,net-change-in-property-plant-equipment,net-change-in-intangible-assets,net-acquisitions-divestitures,net-change-in-short-term-investments,net-change-in-long-term-investments,net-change-in-investments-total,investing-activities-other,cash-flow-from-investing-activities,net-long-term-debt,net-current-debt,debt-issuance-retirement-net-total,net-common-equity-issued-repurchased,net-total-equity-issued-repurchased,total-common-preferred-stock-dividends-paid,financial-activities-other,cash-flow-from-financial-activities,net-cash-flow,stock-based-compensation,common-stock-dividends-paid
0,2018-09-30,3.4,$-0.45,-7.55,$0.79,4.3,$-2.21,0.0,$-0.62,0.0,$0.13B,$0.06B,2.21,$0.15B,$-0.05B,-2.72,$0.10B,$0.06B,61.05%,$0.10B,$-0.09B,-93.68%,$0.10B,$-0.09B,-93.68%,$0.10B,$-0.09B,-89.47%,$0.10B,$-0.09B,-97.89%,$0.10B,$-0.09B,-95.79%,$-0.09B,$-0.05B,258.16%,$-0.09B,$-0.06B,237.91%,$-0.09B,$0.15B,-60.97%,$-0.09B,$0.09B,-92.23%,$28,$8,$20,$8,$26,$43,$-15,$-2,$-17,$0,$-17,$-17,$-17,$-12,$-15,$120,120,$-0.14,$-0.14,$41,$59,$12,$126,$4,$0,$3,$18,$25,$152,$57,$147,$2,$149,$206,$0,$-1058,$0,$-54,$152,$-60,$4,$19,$23,$-6,$-37,$0,$-8,$-41,$-78,$-0,$0,$0,$0,$0,$0,$0,$-0,$25,$0,$25,$1,$1,$0,$0,$26,$-52,$13,$0
1,2018-06-30,3.76,$-0.34,-10.99,$0.68,5.49,$-2.19,0.0,$-0.82,0.0,$0.13B,$0.06B,2.28,$0.13B,$-0.04B,-3.16,$0.08B,$0.05B,56.10%,$0.08B,$-0.10B,-119.51%,$0.08B,$-0.10B,-119.51%,$0.08B,$-0.10B,-118.29%,$0.08B,$-0.10B,-120.73%,$0.08B,$-0.10B,-118.29%,$-0.10B,$-0.04B,497.44%,$-0.10B,$-0.04B,431.11%,$-0.10B,$0.15B,-62.68%,$-0.10B,$0.09B,-91.80%,$26,$8,$17,$9,$29,$46,$-20,$-1,$-22,$0,$-22,$-22,$-22,$-19,$-20,$120,120,$-0.18,$-0.18,$49,$49,$12,$126,$4,$0,$3,$13,$20,$146,$55,$130,$2,$132,$187,$0,$-1041,$0,$-41,$146,$-43,$2,$13,$15,$-7,$-25,$0,$-3,$-26,$-55,$-0,$0,$0,$0,$0,$0,$0,$-0,$10,$0,$10,$1,$1,$0,$0,$11,$-44,$9,$0
2,2018-03-31,4.09,$-0.26,-15.59,$0.61,6.76,$-2.13,0.0,$-1.41,0.0,$0.12B,$0.05B,2.66,$0.13B,$-0.03B,-3.96,$0.07B,$0.04B,54.93%,$0.07B,$-0.10B,-143.66%,$0.07B,$-0.10B,-143.66%,$0.07B,$-0.04B,-54.93%,$0.07B,$-0.16B,-229.58%,$0.07B,$-0.16B,-226.76%,$-0.16B,$-0.03B,5854.55%,$-0.16B,$-0.04B,2683.33%,$-0.16B,$0.14B,-98.02%,$-0.10B,$0.09B,-83.44%,$22,$10,$11,$8,$26,$45,$-23,$0,$-23,$-1,$-22,$-22,$-22,$-23,$-23,$120,120,$-0.18,$-0.18,$60,$35,$11,$120,$4,$0,$3,$13,$21,$140,$45,$125,$2,$127,$172,$0,$-1020,$0,$-32,$140,$-22,$0,$7,$7,$-5,$-9,$0,$-2,$-19,$-33,$-0,$0,$0,$0,$0,$0,$0,$-0,$0,$0,$0,$0,$0,$0,$0,$0,$-33,$4,$0
3,2017-12-31,4.65,$-0.12,-39.31,$0.53,8.71,$-2.09,0.0,$-1.44,0.0,$0.14B,$0.05B,3.12,$0.13B,$-0.01B,-8.87,$0.06B,$0.04B,57.38%,$0.06B,$-0.10B,-167.21%,$0.06B,$-0.10B,-167.21%,$0.06B,$-0.04B,-63.93%,$0.06B,$-0.16B,-267.21%,$0.06B,$-0.16B,-265.57%,$-0.16B,$-0.01B,32400.00%,$-0.16B,$-0.02B,4320.00%,$-0.16B,$0.16B,-100.47%,$-0.10B,$0.11B,-81.93%,$19,$8,$10,$13,$29,$50,$-31,$0,$-31,$-0,$-30,$-30,$-30,$-31,$-31,$115,115,$-0.25,$-0.25,$94,$29,$11,$142,$5,$0,$3,$10,$17,$159,$45,$125,$2,$128,$173,$0,$-999,$0,$-14,$159,$-163,$64,$21,$85,$-3,$-19,$0,$-17,$-15,$-93,$-1,$0,$0,$0,$0,$0,$0,$-1,$0,$0,$0,$77,$77,$0,$-0,$76,$-18,$18,$0
4,2017-09-30,7.1,$0.08,94.41,$0.46,15.4,$-2.10,0.0,$-1.50,0.0,$0.17B,$0.04B,4.46,$0.13B,$0.01B,13.95,$0.05B,$0.02B,38.46%,$0.05B,$-0.11B,-201.92%,$0.05B,$-0.11B,-201.92%,$0.05B,$-0.04B,-80.77%,$0.05B,$-0.17B,-319.23%,$0.05B,$-0.17B,-319.23%,$-0.17B,$0.01B,-16600.00%,$-0.17B,$0.01B,6640.00%,$-0.17B,$0.17B,-105.90%,$-0.11B,$0.13B,-83.33%,$15,$7,$8,$9,$23,$39,$-24,$0,$-23,$0,$-23,$-23,$-23,$-24,$-24,$119,119,$-0.20,$-0.20,$114,$26,$16,$165,$5,$0,$3,$1,$9,$174,$37,$125,$2,$128,$165,$0,$-968,$0,$9,$174,$-133,$63,$12,$76,$-4,$-12,$0,$-12,$-16,$-73,$-1,$0,$0,$0,$0,$0,$0,$-1,$0,$0,$0,$77,$77,$0,$-0,$77,$2,$11,$0
5,2017-06-30,7.23,$0.22,33.41,$0.39,18.31,$-2.12,0.0,$-1.69,0.0,$0.18B,$0.03B,5.76,$0.13B,$0.03B,4.87,$0.04B,$-0.00B,-2.33%,$0.04B,$-0.12B,-286.05%,$0.04B,$-0.12B,-286.05%,$0.04B,$-0.06B,-139.53%,$0.04B,$-0.19B,-430.23%,$0.04B,$-0.19B,-430.23%,$-0.19B,$0.03B,-4352.94%,$-0.19B,$0.02B,-24666.67%,$-0.19B,$0.18B,-118.97%,$-0.12B,$0.15B,-95.16%,$15,$5,$10,$9,$25,$39,$-24,$-63,$-86,$0,$-86,$-86,$-86,$39,$-24,$113,113,$-0.77,$-0.77,$141,$18,$9,$176,$4,$0,$3,$1,$8,$184,$31,$125,$2,$128,$159,$0,$-945,$0,$26,$184,$-110,$63,$7,$71,$-3,$-5,$0,$-6,$-5,$-44,$-0,$0,$0,$0,$0,$0,$0,$-0,$0,$0,$0,$73,$73,$0,$-0,$73,$29,$7,$0
6,2017-03-31,6.16,$-0.21,-29.45,$0.35,17.7,$-2.15,0.0,$-1.34,0.0,$0.12B,$0.02B,5.39,$0.13B,$-0.02B,-5.55,$0.04B,$-0.01B,-18.92%,$0.04B,$-0.12B,-332.43%,$0.04B,$-0.12B,-332.43%,$0.04B,$-0.10B,-281.08%,$0.04B,$-0.14B,-389.19%,$0.04B,$-0.14B,-389.19%,$-0.14B,$-0.02B,-1129.41%,$-0.14B,$-0.03B,-1515.79%,$-0.14B,$0.13B,-88.62%,$-0.12B,$0.10B,-89.29%,$12,$5,$7,$7,$23,$35,$-23,$0,$-23,$0,$-23,$-23,$-23,$-23,$-23,$107,107,$-0.21,$-0.21,$91,$13,$10,$119,$4,$0,$3,$1,$8,$128,$22,$125,$2,$128,$150,$0,$-858,$0,$-23,$128,$-23,$0,$4,$4,$-1,$1,$0,$-7,$-7,$-26,$0,$0,$0,$0,$0,$0,$0,$0,$0,$0,$0,$5,$5,$0,$-0,$5,$-21,$4,$0
7,2016-12-31,5.86,$-0.08,-74.74,$0.30,19.39,$-2.19,0.0,$-1.52,0.0,$0.13B,$0.02B,6.17,$0.13B,$-0.01B,-15.07,$0.03B,$-0.01B,-28.13%,$0.03B,$-0.12B,-384.38%,$0.03B,$-0.12B,-384.38%,$0.03B,$-0.09B,-275.00%,$0.03B,$-0.16B,-506.25%,$0.03B,$-0.16B,-506.25%,$-0.16B,$-0.01B,-526.83%,$-0.16B,$-0.01B,-589.09%,$-0.16B,$0.14B,-86.17%,$-0.12B,$0.12B,-81.32%,$10,$14,$-5,$6,$23,$43,$-34,$0,$-34,$0,$-34,$-34,$-34,$-34,$-34,$106,106,$-0.32,$-0.32,$112,$13,$3,$133,$4,$0,$3,$1,$9,$141,$22,$125,$2,$128,$150,$0,$-835,$0,$-8,$141,$-161,$35,$47,$82,$-2,$-2,$0,$-4,$-8,$-87,$-2,$0,$0,$0,$0,$0,$0,$-2,$0,$0,$0,$0,$0,$0,$0,$0,$-88,$14,$0
8,2016-09-30,5.31,$0.21,25.59,$0.27,19.83,$-2.60,0.0,$-1.56,0.0,$0.16B,$0.02B,8.75,$0.13B,$0.02B,5.69,$0.03B,$0.00B,0.00%,$0.03B,$-0.11B,-407.14%,$0.03B,$-0.11B,-407.14%,$0.03B,$-0.07B,-242.86%,$0.03B,$-0.17B,-592.86%,$0.03B,$-0.17B,-592.86%,$-0.17B,$0.02B,-304.59%,$-0.17B,$0.02B,-322.33%,$-0.17B,$0.17B,-76.32%,$-0.11B,$0.15B,-68.47%,$6,$19,$-13,$9,$21,$48,$-42,$0,$-42,$0,$-42,$-42,$-42,$-42,$-42,$106,106,$-0.39,$-0.39,$132,$24,$3,$160,$4,$0,$3,$1,$9,$169,$18,$125,$3,$128,$147,$0,$-801,$0,$22,$169,$-127,$35,$32,$67,$4,$-2,$0,$-4,$-6,$-66,$-2,$0,$0,$0,$0,$0,$0,$-2,$0,$0,$0,$0,$0,$0,$0,$0,$-68,$11,$0
9,2016-06-30,6.62,$0.57,11.71,$0.25,26.69,$-2.83,0.0,$-1.46,0.0,$0.20B,$0.02B,8.66,$0.13B,$0.06B,2.09,$0.03B,$0.01B,53.85%,$0.03B,$-0.10B,-396.15%,$0.03B,$-0.10B,-396.15%,$0.03B,$-0.06B,-219.23%,$0.03B,$-0.16B,-596.15%,$0.03B,$-0.16B,-596.15%,$-0.16B,$0.06B,-195.58%,$-0.16B,$0.06B,-203.28%,$-0.16B,$0.21B,-72.43%,$-0.10B,$0.19B,-64.38%,$9,$6,$4,$7,$20,$33,$-24,$-21,$-45,$0,$-45,$-45,$-45,$-5,$-24,$106,106,$-0.42,$-0.42,$156,$40,$2,$203,$5,$0,$3,$1,$9,$212,$23,$125,$3,$128,$152,$0,$-760,$0,$60,$212,$-86,$35,$15,$50,$-1,$-4,$0,$0,$-7,$-43,$-2,$0,$0,$0,$0,$0,$0,$-2,$0,$0,$0,$0,$0,$0,$0,$0,$-44,$7,$0
10,2016-03-31,4.67,$0.47,10.0,$0.18,25.34,$-3.12,0.0,$-1.30,0.0,$0.22B,$0.07B,3.14,$0.11B,$0.05B,2.16,$0.02B,$0.01B,60.00%,$0.02B,$-0.11B,-530.00%,$0.02B,$-0.11B,-530.00%,$0.02B,$-0.08B,-395.00%,$0.02B,$-0.14B,-685.00%,$0.02B,$-0.14B,-685.00%,$-0.14B,$0.05B,-135.64%,$-0.14B,$0.05B,-139.80%,$-0.14B,$0.23B,-66.75%,$-0.11B,$0.16B,-70.43%,$7,$2,$5,$8,$21,$30,$-23,$-18,$-41,$0,$-41,$-41,$-41,$-7,$-23,$106,106,$-0.39,$-0.39,$171,$42,$3,$220,$5,$0,$3,$1,$9,$230,$70,$107,$3,$110,$180,$0,$-715,$0,$49,$230,$-41,$16,$5,$21,$-1,$0,$0,$0,$-8,$-28,$-2,$0,$0,$0,$0,$0,$0,$-2,$0,$0,$0,$0,$0,$0,$0,$0,$-30,$3,$0
11,2015-12-31,5.05,$0.83,6.11,$0.13,38.44,$-3.19,0.0,$-1.19,0.0,$0.25B,$0.08B,3.21,$0.09B,$0.09B,1.04,$0.01B,$0.01B,57.14%,$0.01B,$-0.11B,-792.86%,$0.01B,$-0.11B,-792.86%,$0.01B,$-0.10B,-714.29%,$0.01B,$-0.12B,-885.71%,$0.01B,$-0.12B,-885.71%,$-0.12B,$0.09B,-94.66%,$-0.12B,$0.08B,-97.06%,$-0.12B,$0.26B,-62.23%,$-0.11B,$0.18B,-72.20%,$6,$2,$4,$8,$22,$31,$-25,$-12,$-38,$0,$-38,$-38,$-38,$-14,$-25,$104,104,$-0.36,$-0.36,$200,$42,$3,$249,$5,$0,$3,$1,$9,$259,$78,$91,$3,$94,$172,$0,$-674,$0,$87,$259,$-123,$12,$19,$31,$-3,$-29,$0,$5,$-36,$-127,$-3,$0,$0,$0,$12,$12,$0,$9,$125,$0,$125,$120,$120,$0,$0,$245,$126,$17,$0
12,2015-09-30,3.52,$1.15,3.06,$0.08,42.94,$-2.84,0.0,$-1.27,0.0,$0.15B,$0.03B,4.83,$0.00B,$0.12B,0.0,$0.01B,$0.00B,44.44%,$0.01B,$-0.13B,-1400.00%,$0.01B,$-0.13B,-1400.00%,$0.01B,$-0.13B,-1400.00%,$0.01B,$-0.13B,-1400.00%,$0.01B,$-0.13B,-1400.00%,$-0.13B,$0.12B,-98.82%,$-0.13B,$0.12B,-101.41%,$-0.13B,$0.16B,-78.50%,$-0.13B,$0.12B,-98.82%,$4,$4,$1,$11,$20,$35,$-31,$0,$-31,$0,$-31,$-31,$-31,$-31,$-31,$105,105,$-0.29,$-0.29,$102,$37,$4,$148,$3,$0,$3,$1,$7,$155,$31,$0,$2,$3,$34,$0,$-636,$0,$121,$155,$-85,$0,$13,$13,$-2,$-28,$0,$1,$-31,$-103,$11,$0,$0,$0,$0,$0,$0,$11,$0,$0,$0,$120,$120,$0,$0,$120,$28,$13,$0
13,2015-06-30,9.98,$1.40,7.13,$0.04,222.93,$-2.50,0.0,$-1.36,0.0,$0.17B,$0.03B,6.27,$0.00B,$0.15B,0.0,$0.01B,$0.00B,60.00%,$0.01B,$-0.13B,-2600.00%,$0.01B,$-0.13B,-2600.00%,$0.01B,$-0.13B,-2600.00%,$0.01B,$-0.13B,-2600.00%,$0.01B,$-0.13B,-2600.00%,$-0.13B,$0.15B,-106.56%,$-0.13B,$0.14B,-109.47%,$-0.13B,$0.18B,-84.69%,$-0.13B,$0.15B,-106.56%,$3,$1,$2,$8,$21,$29,$-27,$0,$-27,$0,$-27,$-27,$-27,$-27,$-27,$105,105,$-0.26,$-0.26,$131,$34,$3,$171,$1,$0,$3,$1,$6,$177,$27,$0,$2,$3,$30,$0,$-605,$0,$147,$177,$-55,$0,$8,$9,$-1,$-26,$0,$2,$-28,$-74,$-0,$0,$0,$12,$0,$12,$0,$11,$0,$0,$0,$120,$120,$0,$0,$120,$57,$8,$0
14,2015-03-31,12.73,$1.63,7.83,$0.02,614.23,$-2.10,0.0,$-1.34,0.0,$0.20B,$0.04B,5.52,$0.00B,$0.17B,0.0,$0.00B,$0.00B,50.00%,$0.00B,$-0.13B,-6300.00%,$0.00B,$-0.13B,-6300.00%,$0.00B,$-0.13B,-6250.00%,$0.00B,$-0.13B,-6250.00%,$0.00B,$-0.13B,-6250.00%,$-0.13B,$0.17B,-107.53%,$-0.13B,$0.17B,-110.62%,$-0.13B,$0.21B,-86.21%,$-0.13B,$0.17B,-108.39%,$1,$1,$1,$10,$19,$29,$-28,$0,$-28,$0,$-28,$-28,$-28,$-28,$-28,$101,101,$-0.28,$-0.28,$169,$27,$3,$201,$1,$0,$3,$0,$5,$206,$36,$0,$0,$1,$37,$0,$-579,$0,$169,$206,$-28,$0,$4,$4,$-0,$-19,$0,$1,$-12,$-35,$-0,$0,$0,$12,$0,$12,$0,$11,$0,$0,$0,$118,$118,$0,$0,$118,$95,$4,$0
15,2014-12-31,14.15,$0.79,17.85,$0.12,115.97,$-1.86,0.0,$-1.21,0.0,$0.10B,$0.03B,3.36,$0.00B,$0.07B,0.0,$0.01B,$0.01B,90.91%,$0.01B,$-0.11B,-1018.18%,$0.01B,$-0.11B,-1018.18%,$0.01B,$-0.11B,-1009.09%,$0.01B,$-0.11B,-1009.09%,$0.01B,$-0.11B,-1009.09%,$-0.11B,$0.07B,-100.91%,$-0.11B,$0.07B,-103.74%,$-0.11B,$0.10B,-83.15%,$-0.11B,$0.07B,-101.82%,$1,$0,$0,$6,$34,$40,$-40,$0,$-40,$0,$-40,$-40,$-40,$-40,$-40,$91,91,$-0.46,$-0.46,$86,$8,$4,$99,$2,$0,$3,$0,$5,$104,$29,$0,$0,$1,$30,$0,$-551,$0,$73,$104,$-112,$0,$28,$28,$-1,$-8,$0,$-2,$3,$-81,$-1,$0,$0,$-12,$0,$-12,$0,$-13,$0,$0,$0,$113,$113,$0,$0,$113,$19,$27,$0
16,2014-09-30,13.75,$1.07,12.81,$0.12,118.78,$-1.38,0.0,$-0.98,0.0,$0.12B,$0.03B,4.34,$0.00B,$0.10B,0.0,$0.01B,$0.01B,100.00%,$0.01B,$-0.09B,-900.00%,$0.01B,$-0.09B,-900.00%,$0.01B,$-0.09B,-890.00%,$0.01B,$-0.09B,-890.00%,$0.01B,$-0.09B,-890.00%,$-0.09B,$0.10B,-86.41%,$-0.09B,$0.10B,-89.00%,$-0.09B,$0.13B,-72.51%,$-0.09B,$0.10B,-87.38%,$0,$0,$0,$19,$16,$36,$-35,$0,$-35,$0,$-35,$-35,$-35,$-35,$-35,$92,92,$-0.38,$-0.38,$118,$1,$3,$122,$1,$0,$3,$0,$5,$127,$28,$0,$0,$0,$28,$0,$-511,$0,$99,$127,$-71,$0,$13,$14,$0,$-1,$0,$-2,$10,$-47,$-1,$0,$0,$-50,$16,$-34,$0,$-35,$0,$0,$0,$119,$119,$0,$-8,$111,$28,$13,$0
17,2014-06-30,15.38,$1.36,11.35,$0.11,136.14,$-1.12,0.0,$-0.79,0.0,$0.14B,$0.02B,7.47,$0.00B,$0.12B,0.0,$0.01B,$0.01B,100.00%,$0.01B,$-0.07B,-710.00%,$0.01B,$-0.07B,-710.00%,$0.01B,$-0.07B,-700.00%,$0.01B,$-0.07B,-700.00%,$0.01B,$-0.07B,-700.00%,$-0.07B,$0.12B,-75.27%,$-0.07B,$0.12B,-77.99%,$-0.07B,$0.14B,-63.78%,$-0.07B,$0.12B,-76.34%,$0,$0,$0,$10,$12,$23,$-23,$0,$-22,$0,$-22,$-22,$-22,$-22,$-23,$92,92,$-0.24,$-0.24,$137,$0,$1,$138,$1,$0,$3,$0,$5,$143,$19,$0,$0,$0,$19,$0,$-475,$0,$124,$143,$-36,$0,$5,$5,$0,$0,$0,$0,$3,$-28,$-1,$0,$0,$-45,$0,$-45,$0,$-46,$0,$0,$0,$117,$117,$0,$-8,$110,$36,$5,$0
18,2014-03-31,17.04,$1.58,10.8,$0.11,150.83,$-0.93,0.0,$-0.69,0.0,$0.16B,$0.02B,9.55,$0.00B,$0.14B,0.0,$0.01B,$0.01B,100.00%,$0.01B,$-0.06B,-590.00%,$0.01B,$-0.06B,-590.00%,$0.01B,$-0.06B,-590.00%,$0.01B,$-0.06B,-590.00%,$0.01B,$-0.06B,-590.00%,$-0.06B,$0.14B,-73.52%,$-0.06B,$0.14B,-76.62%,$-0.06B,$0.16B,-61.94%,$-0.06B,$0.14B,-73.52%,$10,$0,$10,$16,$7,$24,$-14,$0,$-14,$0,$-14,$-14,$-14,$-14,$-14,$89,89,$-0.15,$-0.15,$155,$0,$1,$156,$1,$0,$3,$0,$4,$160,$16,$0,$0,$0,$16,$0,$-453,$0,$144,$160,$-14,$0,$3,$3,$0,$0,$0,$0,$1,$-10,$-0,$0,$0,$-50,$0,$-50,$0,$-50,$0,$0,$0,$117,$117,$0,$-7,$109,$50,$3,$0
19,2013-12-31,12.95,$0.55,23.57,$0.09,144.28,$-0.84,0.0,$-0.57,0.0,$0.06B,$0.02B,3.71,$0.00B,$0.05B,0.0,$0.01B,$0.01B,100.00%,$0.01B,$-0.05B,-671.43%,$0.01B,$-0.05B,-671.43%,$0.01B,$-0.05B,-671.43%,$0.01B,$-0.05B,-671.43%,$0.01B,$-0.05B,-671.43%,$-0.05B,$0.05B,-72.03%,$-0.05B,$0.04B,-75.81%,$-0.05B,$0.06B,-59.87%,$-0.05B,$0.05B,-72.03%,$0,$0,$0,$10,$7,$18,$-18,$0,$-18,$0,$-18,$-18,$-18,$-18,$-18,$81,81,$-0.22,$-0.22,$56,$0,$1,$57,$0,$0,$3,$0,$4,$61,$15,$0,$0,$0,$15,$0,$-439,$0,$45,$61,$-47,$0,$6,$6,$0,$0,$0,$-1,$6,$-34,$-0,$0,$0,$0,$0,$0,$0,$-0,$0,$0,$0,$76,$76,$0,$0,$76,$41,$6,$0
20,2013-09-30,10.09,$0.72,14.1,$0.09,112.42,$-0.76,0.0,$-0.45,0.0,$0.07B,$0.02B,4.34,$0.00B,$0.06B,0.0,$0.01B,$0.01B,100.00%,$0.01B,$-0.04B,-514.29%,$0.01B,$-0.04B,-514.29%,$0.01B,$-0.04B,-514.29%,$0.01B,$-0.04B,-514.29%,$0.01B,$-0.04B,-514.29%,$-0.04B,$0.06B,-63.72%,$-0.04B,$0.06B,-67.61%,$-0.04B,$0.08B,-52.94%,$-0.04B,$0.06B,-63.72%,$0,$0,$0,$11,$5,$16,$-16,$0,$-16,$0,$-16,$-16,$-16,$-16,$-16,$82,82,$-0.19,$-0.19,$68,$0,$4,$72,$0,$0,$3,$0,$4,$75,$16,$0,$0,$0,$16,$0,$-422,$0,$59,$75,$-29,$0,$2,$2,$0,$0,$0,$-3,$5,$-22,$-0,$0,$0,$-24,$24,$0,$0,$-0,$0,$0,$0,$81,$81,$0,$-6,$75,$53,$2,$0
21,2013-06-30,7.47,$0.90,8.34,$0.09,83.23,$-0.76,0.0,$-0.34,0.0,$0.08B,$0.01B,6.91,$0.00B,$0.07B,0.0,$0.01B,$0.01B,100.00%,$0.01B,$-0.03B,-371.43%,$0.01B,$-0.03B,-371.43%,$0.01B,$-0.03B,-371.43%,$0.01B,$-0.03B,-357.14%,$0.01B,$-0.03B,-357.14%,$-0.03B,$0.07B,-54.35%,$-0.03B,$0.07B,-58.48%,$-0.03B,$0.09B,-45.25%,$-0.03B,$0.07B,-56.52%,$0,$0,$0,$7,$4,$11,$-11,$0,$-11,$0,$-11,$-11,$-11,$-11,$-11,$82,82,$-0.14,$-0.14,$80,$0,$1,$82,$0,$0,$3,$0,$3,$85,$12,$0,$0,$0,$12,$0,$-406,$0,$73,$85,$-13,$0,$1,$1,$0,$0,$0,$-1,$3,$-9,$-0,$0,$0,$-24,$0,$-24,$0,$-24,$0,$0,$0,$81,$81,$0,$-6,$75,$41,$1,$0
22,2013-03-31,7.05,$1.03,6.86,$0.09,78.49,$-0.81,0.0,$-0.22,0.0,$0.09B,$0.01B,10.29,$0.00B,$0.08B,0.0,$0.01B,$0.01B,100.00%,$0.01B,$-0.02B,-300.00%,$0.01B,$-0.02B,-300.00%,$0.01B,$-0.02B,-300.00%,$0.01B,$-0.02B,-257.14%,$0.01B,$-0.02B,-228.57%,$-0.02B,$0.08B,-48.12%,$-0.02B,$0.08B,-53.78%,$-0.02B,$0.09B,-38.32%,$-0.02B,$0.08B,-63.16%,$7,$0,$7,$6,$3,$9,$-2,$0,$-2,$0,$-2,$-2,$-2,$-2,$-2,$78,78,$-0.03,$-0.03,$87,$0,$2,$89,$0,$0,$3,$0,$3,$93,$9,$0,$0,$0,$9,$0,$-395,$0,$84,$93,$-2,$0,$1,$1,$0,$0,$0,$-1,$-1,$-2,$-0,$0,$0,$0,$0,$0,$0,$-0,$0,$0,$0,$80,$80,$0,$-6,$75,$73,$1,$0
23,2012-12-31,2.62,$0.15,17.96,0,0.0,$-0.91,0.0,$-0.32,0.0,$0.02B,$0.01B,1.88,$0.00B,$0.01B,0.0,$0.00B,0,nan%,$0.00B,$-0.03B,inf%,$0.00B,$-0.03B,inf%,$0.00B,$-0.03B,inf%,$0.00B,$-0.03B,inf%,$0.00B,$-0.02B,inf%,$-0.02B,$0.01B,-127.78%,$-0.02B,$0.01B,-161.40%,$-0.02B,$0.02B,-84.40%,$-0.03B,$0.01B,-155.56%,$0,$0,$0,$5,$2,$7,$-7,$0,$-7,$0,$-7,$-7,$-7,$-7,$-7,$72,72,$-0.09,$-0.09,$15,$0,$0,$15,$0,$0,$3,$0,$3,$19,$8,$0,$0,$0,$8,$0,$-393,$0,$10,$19,$-23,$0,$-0,$-0,$0,$0,$0,$0,$-2,$-25,$-0,$0,$0,$4,$0,$4,$0,$4,$0,$0,$0,$0,$0,$0,$0,$0,$-21,$2,$0
24,2012-09-30,2.82,$0.23,12.23,0,0.0,$-0.90,0.0,$-0.35,0.0,$0.02B,$0.01B,2.71,$0.00B,$0.02B,0.0,$0.00B,0,nan%,$0.00B,$-0.03B,inf%,$0.00B,$-0.03B,inf%,$0.00B,$-0.03B,inf%,$0.00B,$-0.03B,inf%,$0.00B,$-0.02B,inf%,$-0.02B,$0.02B,-103.23%,$-0.02B,$0.01B,-123.08%,$-0.02B,$0.02B,-72.18%,$-0.03B,$0.02B,-129.03%,$0,$0,$0,$4,$2,$6,$-6,$0,$-5,$0,$-5,$-5,$-5,$-6,$-6,$72,72,$-0.08,$-0.08,$20,$0,$1,$21,$0,$0,$3,$0,$3,$24,$8,$0,$0,$0,$8,$0,$-386,$0,$17,$24,$-16,$0,$-1,$-1,$0,$0,$0,$-0,$-2,$-19,$-0,$0,$0,$4,$0,$4,$0,$4,$0,$0,$0,$0,$0,$0,$0,$0,$-15,$2,$0
25,2012-06-30,1.8,$0.30,6.02,0,0.0,$-0.85,0.0,$-0.42,0.0,$0.03B,$0.01B,2.95,$0.00B,$0.02B,0.0,$0.00B,0,nan%,$0.00B,$-0.03B,inf%,$0.00B,$-0.03B,inf%,$0.00B,$-0.03B,inf%,$0.00B,$-0.03B,inf%,$0.00B,$-0.03B,inf%,$-0.03B,$0.02B,-100.87%,$-0.03B,$0.02B,-114.85%,$-0.03B,$0.03B,-72.50%,$-0.03B,$0.02B,-118.26%,$0,$0,$0,$4,$2,$6,$-6,$2,$-4,$0,$-4,$-4,$-2,$-6,$-6,$71,71,$-0.02,$-0.02,$27,$0,$0,$27,$0,$0,$3,$0,$3,$31,$9,$0,$0,$0,$9,$0,$-381,$0,$22,$31,$-11,$0,$-2,$-2,$0,$0,$0,$0,$-0,$-12,$-0,$0,$0,$-2,$0,$-2,$0,$-2,$0,$0,$0,$0,$0,$0,$0,$0,$-14,$1,$0
26,2012-03-31,4.98,$0.32,15.71,$0.08,66.02,$-0.80,0.0,$-0.45,0.0,$0.03B,$0.01B,3.24,$0.00B,$0.02B,0.0,$0.01B,$0.01B,100.00%,$0.01B,$-0.03B,-620.00%,$0.01B,$-0.03B,-620.00%,$0.01B,$-0.03B,-620.00%,$0.01B,$-0.03B,-620.00%,$0.01B,$-0.03B,-600.00%,$-0.03B,$0.02B,-85.71%,$-0.03B,$0.02B,-94.49%,$-0.03B,$0.04B,-64.86%,$-0.03B,$0.02B,-88.57%,$0,$0,$0,$7,$2,$9,$-9,$0,$-9,$0,$-9,$-9,$-9,$-9,$-9,$71,71,$-0.13,$-0.13,$31,$0,$1,$32,$0,$0,$3,$0,$3,$35,$10,$0,$3,$3,$12,$0,$-379,$0,$23,$35,$-9,$0,$1,$1,$0,$0,$0,$-0,$-0,$-9,$-0,$0,$0,$-5,$0,$-5,$0,$-5,$0,$0,$0,$0,$0,$0,$0,$0,$-14,$1,$0
27,2011-12-31,2.53,$0.44,5.79,$0.08,33.54,$-0.77,0.0,$-0.42,0.0,$0.04B,$0.01B,4.1,$0.00B,$0.03B,0.0,$0.01B,$0.01B,100.00%,$0.01B,$-0.03B,-560.00%,$0.01B,$-0.03B,-560.00%,$0.01B,$-0.03B,-560.00%,$0.01B,$-0.03B,-560.00%,$0.01B,$-0.03B,-540.00%,$-0.03B,$0.03B,-80.60%,$-0.03B,$0.03B,-88.52%,$-0.03B,$0.04B,-61.02%,$-0.03B,$0.03B,-83.58%,$0,$0,$0,$7,$2,$9,$-9,$0,$-9,$0,$-9,$-9,$-8,$-9,$-9,$67,67,$-0.12,$-0.12,$39,$0,$1,$40,$0,$0,$3,$0,$3,$43,$10,$0,$3,$3,$12,$0,$-370,$0,$31,$43,$-28,$0,$2,$2,$0,$0,$0,$-0,$3,$-23,$-0,$0,$0,$-4,$0,$-4,$0,$-4,$0,$0,$0,$34,$34,$0,$0,$34,$7,$2,$0
28,2011-09-30,3.0,$0.55,5.48,$0.08,39.77,$-0.70,0.0,$-0.39,0.0,$0.05B,$0.01B,4.84,$0.00B,$0.04B,0.0,$0.01B,$0.01B,100.00%,$0.01B,$-0.03B,-500.00%,$0.01B,$-0.03B,-500.00%,$0.01B,$-0.03B,-500.00%,$0.01B,$-0.02B,-480.00%,$0.01B,$-0.02B,-480.00%,$-0.02B,$0.04B,-76.19%,$-0.02B,$0.04B,-84.21%,$-0.02B,$0.05B,-57.83%,$-0.03B,$0.04B,-79.37%,$0,$0,$0,$9,$2,$10,$-10,$0,$-10,$0,$-10,$-10,$-10,$-10,$-10,$70,70,$-0.15,$-0.15,$47,$0,$1,$48,$0,$0,$3,$0,$3,$51,$10,$0,$3,$3,$13,$0,$-362,$0,$39,$51,$-20,$0,$2,$2,$0,$0,$0,$-1,$3,$-15,$-0,$0,$0,$-9,$0,$-9,$0,$-9,$0,$0,$0,$34,$34,$0,$0,$34,$9,$2,$0
29,2011-06-30,4.73,$0.67,7.02,$0.08,62.71,$-0.66,0.0,$-0.34,0.0,$0.05B,$0.01B,7.84,$0.00B,$0.05B,0.0,$0.01B,$0.01B,100.00%,$0.01B,$-0.02B,-420.00%,$0.01B,$-0.02B,-420.00%,$0.01B,$-0.02B,-420.00%,$0.01B,$-0.02B,-400.00%,$0.01B,$-0.02B,-400.00%,$-0.02B,$0.05B,-69.57%,$-0.02B,$0.04B,-78.43%,$-0.02B,$0.06B,-52.29%,$-0.02B,$0.05B,-73.04%,$5,$0,$5,$7,$2,$8,$-3,$0,$-3,$0,$-3,$-3,$-3,$-3,$-3,$66,66,$-0.05,$-0.05,$53,$0,$0,$53,$0,$0,$3,$0,$3,$56,$7,$0,$3,$3,$9,$0,$-351,$0,$47,$56,$-10,$0,$1,$1,$0,$0,$0,$-0,$0,$-8,$-0,$0,$0,$-10,$0,$-9,$0,$-9,$0,$0,$0,$32,$32,$0,$0,$32,$15,$1,$0
30,2011-03-31,5.0,$0.28,17.67,0,0.0,$-0.65,0.0,$-0.38,0.0,$0.02B,$0.01B,3.53,$0.00B,$0.02B,0.0,$0.00B,0,nan%,$0.00B,$-0.02B,inf%,$0.00B,$-0.02B,inf%,$0.00B,$-0.02B,inf%,$0.00B,$-0.02B,inf%,$0.00B,$-0.02B,inf%,$-0.02B,$0.02B,-92.63%,$-0.02B,$0.01B,-107.32%,$-0.02B,$0.03B,-66.17%,$-0.02B,$0.02B,-96.84%,$0,$0,$0,$5,$2,$6,$-6,$0,$-6,$0,$-6,$-6,$-6,$-6,$-6,$62,62,$-0.10,$-0.10,$23,$0,$0,$23,$0,$0,$3,$0,$3,$27,$7,$0,$3,$3,$9,$0,$-348,$0,$17,$27,$-6,$0,$1,$1,$0,$0,$0,$0,$0,$-5,$-0,$0,$0,$-0,$0,$-0,$0,$-0,$0,$0,$0,$0,$0,$0,$0,$0,$-6,$1,$0
31,2010-12-31,4.58,$0.38,12.1,0,0.0,$-0.63,0.0,$-0.35,0.0,$0.03B,$0.01B,4.64,$0.00B,$0.02B,0.0,$0.00B,0,nan%,$0.00B,$-0.02B,inf%,$0.00B,$-0.02B,inf%,$0.00B,$-0.02B,inf%,$0.00B,$-0.02B,inf%,$0.00B,$-0.02B,inf%,$-0.02B,$0.02B,-74.77%,$-0.02B,$0.02B,-86.02%,$-0.02B,$0.03B,-55.94%,$-0.02B,$0.02B,-78.50%,$0,$0,$0,$4,$2,$6,$-6,$1,$-5,$0,$-5,$-5,$-5,$-6,$-6,$59,59,$-0.08,$-0.08,$29,$0,$0,$29,$0,$0,$3,$0,$3,$32,$6,$0,$3,$3,$9,$0,$-342,$0,$23,$32,$-20,$0,$2,$3,$0,$0,$0,$1,$2,$-16,$-0,$0,$0,$17,$2,$19,$0,$19,$0,$0,$0,$9,$9,$0,$0,$9,$12,$2,$0
32,2010-09-30,4.81,$0.45,10.62,$-0.00,0.0,$-0.46,0.0,$-0.34,0.0,$0.04B,$0.01B,4.49,$0.00B,$0.03B,0.0,$0.00B,0,nan%,$0.00B,$-0.02B,inf%,$0.00B,$-0.02B,inf%,$0.00B,$-0.02B,inf%,$0.00B,$-0.02B,inf%,$0.00B,$-0.02B,inf%,$-0.02B,$0.03B,-68.97%,$-0.02B,$0.02B,-78.43%,$-0.02B,$0.04B,-52.63%,$-0.02B,$0.03B,-68.97%,$0,$0,$0,$4,$2,$6,$-6,$0,$-6,$0,$-6,$-6,$-6,$-6,$-6,$59,59,$-0.10,$-0.10,$34,$0,$0,$35,$0,$0,$3,$0,$3,$38,$8,$0,$3,$3,$10,$0,$-336,$0,$28,$38,$-15,$0,$2,$2,$0,$0,$0,$1,$3,$-10,$-0,$0,$0,$8,$2,$10,$0,$10,$0,$0,$0,$9,$9,$0,$0,$9,$9,$2,$0
33,2010-06-30,3.66,$0.46,7.91,$0.07,51.31,$-0.33,0.0,$-0.23,0.0,$0.03B,$0.01B,5.17,$0.00B,$0.03B,0.0,$0.00B,$0.00B,100.00%,$0.00B,$-0.01B,-350.00%,$0.00B,$-0.01B,-350.00%,$0.00B,$-0.01B,-350.00%,$0.00B,$-0.01B,-325.00%,$0.00B,$-0.01B,-325.00%,$-0.01B,$0.03B,-42.28%,$-0.01B,$0.02B,-47.27%,$-0.01B,$0.04B,-32.70%,$-0.01B,$0.03B,-45.53%,$0,$0,$0,$4,$2,$5,$-5,$0,$-5,$0,$-5,$-5,$-5,$-5,$-5,$58,58,$-0.09,$-0.09,$32,$0,$1,$33,$0,$0,$3,$0,$3,$36,$6,$0,$3,$3,$9,$0,$-331,$0,$27,$36,$-9,$0,$1,$1,$0,$0,$0,$0,$1,$-7,$-0,$0,$0,$7,$2,$9,$0,$9,$0,$0,$0,$3,$3,$0,$0,$3,$5,$1,$0
34,2010-03-31,2.74,$0.50,5.48,$0.45,6.06,$-0.25,0.0,$0.15,18.27,$0.03B,$0.01B,5.76,$0.00B,$0.03B,0.0,$0.02B,$0.02B,100.00%,$0.02B,$0.01B,22.73%,$0.02B,$0.01B,22.73%,$0.02B,$0.01B,22.73%,$0.02B,$0.01B,27.27%,$0.02B,$0.01B,27.27%,$0.01B,$0.03B,21.62%,$0.01B,$0.03B,24.49%,$0.01B,$0.04B,16.33%,$0.01B,$0.03B,18.02%,$0,$0,$0,$3,$1,$4,$-4,$0,$-4,$0,$-4,$-4,$-4,$-4,$-4,$57,57,$-0.07,$-0.07,$30,$0,$1,$32,$0,$2,$3,$0,$5,$37,$5,$0,$3,$3,$8,$0,$-325,$0,$29,$37,$-4,$0,$1,$1,$0,$0,$0,$0,$-0,$-4,$-0,$0,$0,$3,$0,$3,$0,$3,$0,$0,$0,$0,$0,$0,$0,$0,$-0,$1,$0
35,2009-12-31,2.5,$0.57,4.4,$0.52,4.79,$-0.19,0.0,$0.23,10.87,$0.04B,$0.01B,5.89,$0.00B,$0.03B,0.0,$0.03B,$0.03B,100.00%,$0.03B,$0.01B,36.00%,$0.03B,$0.01B,36.00%,$0.03B,$0.01B,36.00%,$0.03B,$0.01B,40.00%,$0.03B,$0.01B,40.00%,$0.01B,$0.03B,48.78%,$0.01B,$0.03B,57.97%,$0.01B,$0.04B,29.41%,$0.01B,$0.03B,43.90%,$-0,$0,$-0,$3,$2,$5,$-5,$0,$-5,$0,$-5,$-5,$-5,$-5,$-5,$50,50,$-0.11,$-0.10,$34,$0,$2,$36,$0,$2,$3,$0,$5,$41,$6,$0,$3,$3,$9,$0,$-321,$0,$32,$41,$10,$0,$3,$3,$0,$0,$0,$-20,$-19,$-6,$-0,$0,$0,$-15,$6,$-10,$0,$-10,$0,$0,$0,$18,$18,$0,$0,$18,$3,$3,$0
36,2009-09-30,2.34,$0.63,3.74,$0.53,4.42,$-0.95,0.0,$0.23,10.17,$0.04B,$0.01B,5.4,$0.00B,$0.04B,0.0,$0.03B,$0.03B,100.00%,$0.03B,$0.01B,40.00%,$0.03B,$0.01B,40.00%,$0.03B,$0.01B,40.00%,$0.03B,$0.01B,44.00%,$0.03B,$0.01B,44.00%,$0.01B,$0.04B,89.80%,$0.01B,$0.03B,125.71%,$0.01B,$0.05B,36.07%,$0.01B,$0.04B,81.63%,$4,$0,$4,$2,$1,$3,$0,$0,$1,$0,$1,$1,$1,$0,$0,$48,49,$0.01,$0.01,$34,$0,$1,$35,$0,$7,$3,$0,$11,$45,$6,$0,$4,$4,$10,$0,$-317,$0,$35,$45,$15,$0,$3,$3,$0,$0,$0,$-19,$-20,$-2,$-0,$0,$0,$-0,$2,$2,$0,$2,$0,$0,$0,$20,$20,$0,$-0,$20,$21,$3,$0
37,2009-06-30,0.9,$0.31,2.86,$0.47,1.93,$-1.69,0.0,$0.07,12.86,$0.01B,$0.01B,2.72,$0.00B,$0.02B,0.0,$0.02B,$0.02B,100.00%,$0.02B,$0.00B,19.05%,$0.02B,$0.00B,19.05%,$0.02B,$0.00B,19.05%,$0.02B,$0.00B,14.29%,$0.02B,$0.00B,14.29%,$0.00B,$0.02B,85.71%,$0.00B,$0.01B,inf%,$0.00B,$0.02B,11.11%,$0.00B,$0.02B,114.29%,$18,$0,$18,$2,$3,$4,$14,$0,$14,$0,$14,$14,$14,$14,$14,$48,48,$0.30,$0.29,$13,$0,$0,$14,$0,$7,$3,$0,$11,$24,$5,$0,$4,$4,$9,$0,$-317,$0,$15,$24,$15,$0,$2,$2,$0,$0,$0,$-18,$-19,$-2,$-0,$0,$0,$2,$0,$2,$0,$2,$0,$0,$0,$0,$0,$0,$0,$0,$0,$2,$0
38,2009-03-31,0.14,$-0.01,-13.98,$0.09,1.46,$-2.29,0.0,$-0.39,0.0,$0.02B,$0.01B,2.73,$0.00B,$0.00B,0.0,$0.00B,$0.00B,100.00%,$0.00B,$-0.02B,-600.00%,$0.00B,$-0.02B,-600.00%,$0.00B,$-0.02B,-600.00%,$0.00B,$-0.02B,-633.33%,$0.00B,$-0.02B,-633.33%,$-0.02B,$0.00B,-1900.00%,$-0.02B,$-0.00B,760.00%,$-0.02B,$0.03B,-61.79%,$-0.02B,$0.00B,-1800.00%,$3,$0,$3,$2,$1,$3,$0,$0,$0,$0,$0,$0,$0,$0,$0,$48,48,$0.01,$0.01,$15,$0,$0,$16,$0,$7,$3,$0,$11,$26,$6,$0,$4,$21,$27,$0,$-331,$0,$-0,$26,$0,$0,$1,$1,$0,$0,$0,$-0,$-1,$-0,$0,$0,$0,$-0,$0,$-0,$0,$-0,$0,$0,$0,$0,$0,$0,$0,$0,$-0,$1,$0
39,2008-12-31,0.22,$-0.03,-7.06,$0.03,7.65,$-2.84,0.0,$-1.19,0.0,$0.02B,$0.01B,2.39,$0.00B,$-0.00B,0.0,$0.00B,0,nan%,$0.00B,$-0.05B,inf%,$0.00B,$-0.05B,inf%,$0.00B,$-0.05B,inf%,$0.00B,$-0.05B,inf%,$0.00B,$-0.05B,inf%,$-0.05B,$-0.00B,-1440.00%,$-0.05B,$-0.01B,-10800.00%,$-0.05B,$0.03B,-144.00%,$-0.05B,$-0.00B,-1360.00%,$0,$0,$0,$1,$3,$4,$-4,$-0,$-4,$0,$-4,$-4,$-4,$-4,$-4,$45,45,$-0.07,$-0.07,$15,$0,$1,$16,$0,$7,$3,$0,$11,$27,$7,$0,$4,$21,$28,$0,$-332,$0,$-1,$27,$-53,$0,$21,$21,$0,$0,$0,$8,$-7,$-39,$-0,$0,$0,$10,$23,$33,$0,$33,$0,$0,$0,$0,$0,$0,$0,$0,$-6,$7,$0
40,2008-09-30,0.35,$0.01,49.3,$0.04,8.59,$-3.36,0.0,$-1.78,0.0,$0.02B,$0.01B,2.09,$0.00B,$0.00B,0.0,$0.00B,$0.00B,100.00%,$0.00B,$-0.08B,-7600.00%,$0.00B,$-0.08B,-7600.00%,$0.00B,$-0.08B,-7600.00%,$0.00B,$-0.08B,-7700.00%,$0.00B,$-0.08B,-7900.00%,$-0.08B,$0.00B,-526.67%,$-0.08B,$-0.00B,-658.33%,$-0.08B,$0.03B,-154.90%,$-0.08B,$0.00B,-506.67%,$0,$0,$0,$3,$4,$7,$-6,$-1,$-7,$0,$-7,$-7,$-7,$-6,$-6,$45,45,$-0.15,$-0.15,$17,$0,$1,$18,$0,$9,$3,$0,$13,$31,$9,$0,$4,$22,$30,$0,$-327,$0,$0,$31,$-49,$0,$19,$19,$0,$0,$0,$8,$-5,$-35,$-0,$0,$0,$10,$13,$23,$0,$23,$0,$0,$0,$0,$0,$0,$0,$0,$-12,$5,$0
41,2008-06-30,0.49,$0.11,4.28,$0.03,14.49,$-3.83,0.0,$-2.08,0.0,$0.03B,$0.01B,2.13,$0.00B,$0.01B,0.0,$0.00B,$0.00B,100.00%,$0.00B,$-0.09B,-9100.00%,$0.00B,$-0.09B,-9100.00%,$0.00B,$-0.09B,-9100.00%,$0.00B,$-0.09B,-9000.00%,$0.00B,$-0.09B,-9200.00%,$-0.09B,$0.01B,-280.92%,$-0.09B,$0.00B,-309.24%,$-0.09B,$0.04B,-135.29%,$-0.09B,$0.01B,-277.86%,$0,$0,$0,$4,$4,$8,$-8,$0,$-8,$0,$-8,$-8,$-8,$-8,$-8,$44,44,$-0.17,$-0.17,$24,$0,$1,$26,$0,$10,$3,$0,$14,$39,$12,$0,$4,$22,$34,$0,$-321,$0,$5,$39,$-42,$0,$16,$16,$0,$0,$0,$8,$-2,$-28,$-0,$0,$0,$23,$-0,$23,$0,$23,$0,$0,$0,$0,$0,$0,$0,$0,$-5,$3,$0
42,2008-03-31,0.6,$0.25,2.42,$0.03,22.95,$-4.04,0.0,$-2.36,0.0,$0.04B,$0.02B,1.89,$0.00B,$0.01B,0.0,$0.00B,$0.00B,100.00%,$0.00B,$-0.10B,-10400.00%,$0.00B,$-0.10B,-10400.00%,$0.00B,$-0.10B,-10400.00%,$0.00B,$-0.10B,-10100.00%,$0.00B,$-0.10B,-10300.00%,$-0.10B,$0.01B,-192.52%,$-0.10B,$0.01B,-203.96%,$-0.10B,$0.05B,-122.62%,$-0.10B,$0.01B,-194.39%,$0,$0,$0,$30,$4,$33,$-33,$-1,$-34,$0,$-34,$-34,$-35,$-33,$-33,$44,44,$-0.79,$-0.79,$27,$0,$2,$37,$0,$12,$3,$0,$16,$53,$19,$0,$4,$22,$42,$0,$-313,$0,$11,$53,$-35,$0,$14,$14,$0,$0,$0,$0,$-3,$-24,$-0,$0,$0,$10,$-0,$10,$0,$10,$0,$0,$0,$0,$0,$0,$0,$0,$-13,$1,$0
43,2007-12-31,8.4,$1.02,8.26,$0.02,372.41,$-3.91,0.0,$-2.07,0.0,$0.06B,$0.02B,2.98,$0.00B,$0.04B,0.0,$0.00B,$0.00B,100.00%,$0.00B,$-0.09B,-9400.00%,$0.00B,$-0.09B,-9400.00%,$0.00B,$-0.09B,-9400.00%,$0.00B,$-0.09B,-8900.00%,$0.00B,$-0.09B,-9000.00%,$-0.09B,$0.04B,-116.88%,$-0.09B,$0.04B,-121.62%,$-0.09B,$0.08B,-88.67%,$-0.09B,$0.04B,-122.08%,$1,$-0,$1,$26,$4,$30,$-29,$1,$-28,$0,$-29,$-29,$-29,$-29,$-29,$44,44,$-0.67,$-0.67,$62,$0,$1,$64,$11,$2,$3,$0,$17,$81,$21,$0,$4,$15,$37,$0,$-279,$0,$44,$81,$-90,$0,$11,$11,$0,$0,$0,$13,$21,$-58,$-3,$0,$0,$37,$-6,$31,$0,$28,$0,$0,$0,$0,$0,$0,$0,$0,$-30,$11,$0
44,2007-09-30,9.94,$1.63,6.1,$0.00,0.0,$-3.95,0.0,$-1.82,0.0,$0.08B,$0.01B,6.56,$0.00B,$0.07B,0.0,$0.00B,0,nan%,$0.00B,$-0.08B,inf%,$0.00B,$-0.08B,inf%,$0.00B,$-0.08B,inf%,$0.00B,$-0.08B,inf%,$0.00B,$-0.08B,inf%,$-0.08B,$0.07B,-81.44%,$-0.08B,$0.07B,-84.04%,$-0.08B,$0.10B,-67.96%,$-0.08B,$0.07B,-86.60%,$0,$0,$0,$17,$4,$21,$-21,$1,$-20,$0,$-20,$-20,$-20,$-21,$-21,$44,44,$-0.45,$-0.45,$68,$0,$1,$82,$11,$2,$3,$0,$17,$99,$12,$0,$4,$15,$28,$0,$-249,$0,$71,$99,$-61,$0,$9,$9,$0,$0,$0,$1,$0,$-52,$-3,$0,$0,$37,$-2,$35,$0,$32,$0,$0,$0,$0,$0,$0,$0,$0,$-20,$8,$0
45,2007-06-30,9.77,$2.02,4.83,$0.00,0.0,$-3.70,0.0,$-1.79,0.0,$0.09B,$0.01B,7.8,$0.00B,$0.09B,0.0,$0.00B,0,nan%,$0.00B,$-0.08B,inf%,$0.00B,$-0.08B,inf%,$0.00B,$-0.08B,inf%,$0.00B,$-0.08B,inf%,$0.00B,$-0.08B,inf%,$-0.08B,$0.09B,-67.25%,$-0.08B,$0.09B,-69.06%,$-0.08B,$0.10B,-59.23%,$-0.08B,$0.09B,-72.49%,$0,$0,$0,$17,$4,$21,$-21,$1,$-19,$0,$-19,$-19,$-19,$-21,$-21,$44,44,$-0.45,$-0.45,$86,$0,$0,$86,$11,$2,$3,$0,$17,$103,$11,$0,$4,$4,$15,$0,$-229,$0,$88,$103,$-41,$0,$6,$6,$0,$0,$0,$2,$1,$-34,$-3,$0,$0,$15,$-2,$13,$0,$10,$0,$0,$0,$-0,$-0,$0,$0,$-0,$-24,$6,$0
46,2007-03-31,10.52,$2.42,4.36,$0.01,0.0,$-3.54,0.0,$-1.75,0.0,$0.09B,$0.01B,6.74,$0.00B,$0.11B,0.0,$0.00B,0,nan%,$0.00B,$-0.08B,inf%,$0.00B,$-0.08B,inf%,$0.00B,$-0.08B,inf%,$0.00B,$-0.08B,inf%,$0.00B,$-0.08B,inf%,$-0.08B,$0.11B,-57.79%,$-0.08B,$0.10B,-59.14%,$-0.08B,$0.12B,-52.05%,$-0.08B,$0.11B,-62.36%,$0,$0,$-0,$18,$5,$23,$-23,$1,$-22,$0,$-22,$-22,$-22,$-23,$-23,$44,44,$-0.50,$-0.50,$93,$0,$1,$94,$11,$15,$3,$0,$29,$123,$14,$0,$4,$4,$18,$0,$-210,$0,$105,$123,$-22,$0,$4,$4,$0,$0,$0,$1,$3,$-15,$-3,$0,$0,$6,$-2,$4,$0,$2,$0,$0,$0,$0,$0,$0,$0,$0,$-13,$3,$0
47,2006-12-31,13.3,$2.85,4.67,$0.01,1286.72,$-3.48,0.0,$-1.76,0.0,$0.12B,$0.01B,9.43,$0.00B,$0.12B,0.0,$0.00B,0,nan%,$0.00B,$-0.08B,inf%,$0.00B,$-0.08B,inf%,$0.00B,$-0.08B,inf%,$0.00B,$-0.07B,inf%,$0.00B,$-0.07B,inf%,$-0.07B,$0.12B,-50.51%,$-0.07B,$0.12B,-51.30%,$-0.07B,$0.14B,-46.32%,$-0.08B,$0.12B,-54.61%,$-0,$0,$-0,$16,$3,$19,$-19,$2,$-17,$0,$-17,$-17,$-18,$-19,$-19,$42,42,$-0.42,$-0.42,$112,$0,$2,$115,$8,$13,$3,$1,$25,$140,$12,$0,$4,$4,$16,$0,$-188,$0,$124,$140,$-74,$0,$15,$15,$0,$0,$0,$1,$7,$-52,$-8,$0,$0,$-27,$-17,$-44,$-0,$-52,$0,$0,$0,$85,$85,$0,$0,$85,$-19,$15,$0
