,Date,Stock Price,Book Value per Share,Price to Book Ratio,TTM Sales per Share,Price to Sales Ratio,TTM FCF per Share,Price to FCF Ratio,TTM Net EPS,PE Ratio,Current Assets,Current Liabilities,Current Ratio,Long Term Debt,Shareholder's Equity_x,Debt to Equity Ratio,TTM Revenue_x,TTM Gross Profit,Gross Margin,TTM Revenue_y,TTM Operating Income,Operating Margin,TTM Revenue_x,TTM EBIT,EBIT Margin,TTM Revenue_y,TTM EBITDA,EBITDA Margin,TTM Revenue_x,TTM Pre-Tax Income,Pre-Tax Margin,TTM Revenue_y,TTM Net Income_x,Net Margin,TTM Net Income_y,Shareholder's Equity_y,Return on Equity,TTM Net Income_x,Tangible Equity,Return on Tangible Equity,TTM Net Income_y,Total Assets,Return on Assets,TTM Net Income,LT Investments & Debt,Return on Investment,revenue,cost-goods-sold,gross-profit,research-development-expenses,selling-general-administrative-expenses,operating-expenses,operating-income,total-non-operating-income-expense,pre-tax-income,total-provision-income-taxes,income-after-taxes,income-from-continuous-operations,net-income,ebitda,ebit,basic-shares-outstanding,shares-outstanding,eps-basic-net-earnings-per-share,eps-earnings-per-share-diluted,cash-on-hand,inventory,other-current-assets,total-current-assets,net-property-plant-equipment,long-term-investments,goodwill-intangible-assets-total,other-long-term-assets,total-long-term-assets,total-assets,total-current-liabilities,long-term-debt,other-non-current-liabilities,total-long-term-liabilities,total-liabilities,common-stock-net,retained-earnings-accumulated-deficit,comprehensive-income,total-share-holder-equity,total-liabilities-share-holders-equity,net-income-loss,total-depreciation-amortization-cash-flow,other-non-cash-items,total-non-cash-items,change-in-accounts-receivable,change-in-inventories,change-in-accounts-payable,change-in-assets-liabilities,total-change-in-assets-liabilities,cash-flow-from-operating-activities,net-change-in-property-plant-equipment,net-change-in-intangible-assets,net-acquisitions-divestitures,net-change-in-short-term-investments,net-change-in-long-term-investments,net-change-in-investments-total,investing-activities-other,cash-flow-from-investing-activities,net-long-term-debt,net-current-debt,debt-issuance-retirement-net-total,net-common-equity-issued-repurchased,net-total-equity-issued-repurchased,total-common-preferred-stock-dividends-paid,financial-activities-other,cash-flow-from-financial-activities,net-cash-flow,stock-based-compensation,common-stock-dividends-paid
0,2018-09-30,82.25,$54.00,1.52,$50.49,1.63,$3.50,23.49,$5.59,14.71,$1.06B,$0.57B,1.86,$1.40B,$3.23B,0.43,$2.96B,$0.81B,27.28%,$2.96B,$0.12B,4.16%,$2.96B,$0.12B,4.16%,$2.96B,$0.39B,13.12%,$2.96B,$0.09B,2.91%,$2.96B,$0.33B,11.29%,$0.33B,$3.23B,10.54%,$0.33B,$2.04B,16.78%,$0.33B,$5.85B,5.93%,$0.12B,$4.63B,2.74%,$705,$498,$206,$0,$81,$637,$68,$-11,$57,$15,$42,$42,$42,$135,$68,$60,60,$0.70,$0.70,$4,$453,$0,$1055,$3562,$0,$1189,$49,$4800,$5854,$568,$1399,$109,$2053,$2621,$7,$2748,$-40,$3233,$5854,$103,$201,$37,$238,$0,$0,$0,$-67,$-67,$272,$-232,$0,$-499,$0,$0,$0,$28,$-703,$499,$-88,$411,$13,$13,$0,$-10,$414,$-16,$0,$0
1,2018-06-30,83.6,$53.24,1.57,$48.57,1.72,$5.12,16.32,$5.41,15.45,$1.04B,$0.56B,1.86,$1.44B,$3.19B,0.45,$2.79B,$0.76B,27.34%,$2.79B,$0.11B,3.87%,$2.79B,$0.11B,3.87%,$2.79B,$0.37B,13.10%,$2.79B,$0.08B,2.76%,$2.79B,$0.32B,11.45%,$0.32B,$3.19B,10.39%,$0.32B,$1.99B,16.26%,$0.32B,$5.83B,5.85%,$0.11B,$4.63B,2.51%,$803,$589,$214,$0,$103,$747,$56,$-11,$45,$16,$29,$29,$28,$123,$56,$60,60,$0.48,$0.48,$4,$384,$0,$1035,$3549,$0,$1196,$49,$4794,$5829,$556,$1443,$111,$2085,$2642,$7,$2706,$-40,$3188,$5829,$61,$134,$23,$158,$0,$0,$0,$-63,$-63,$154,$-153,$0,$-499,$0,$0,$0,$25,$-627,$499,$-45,$454,$13,$13,$0,$-10,$457,$-16,$0,$0
2,2018-03-31,76.95,$52.65,1.46,$43.96,1.75,$7.00,11.0,$5.41,14.22,$1.06B,$0.53B,1.99,$1.42B,$3.14B,0.45,$2.46B,$0.70B,28.37%,$2.46B,$0.10B,4.02%,$2.46B,$0.10B,4.02%,$2.46B,$0.35B,14.08%,$2.46B,$0.08B,3.04%,$2.46B,$0.32B,12.91%,$0.32B,$3.14B,10.96%,$0.32B,$1.98B,16.39%,$0.32B,$5.72B,6.28%,$0.10B,$4.57B,2.53%,$742,$553,$188,$0,$85,$691,$51,$-8,$43,$10,$33,$33,$32,$118,$51,$59,59,$0.54,$0.54,$7,$372,$0,$1057,$3444,$0,$1164,$50,$4658,$5715,$531,$1423,$101,$2041,$2573,$7,$2678,$-39,$3142,$5715,$33,$67,$9,$76,$0,$0,$0,$-88,$-88,$19,$-41,$0,$-430,$0,$0,$0,$12,$-459,$499,$-64,$435,$0,$0,$0,$-8,$427,$-13,$0,$0
3,2017-12-31,66.8,$52.17,1.28,$40.66,1.64,$8.11,8.24,$5.38,12.42,$0.96B,$0.48B,1.99,$0.99B,$3.11B,0.32,$2.21B,$0.66B,29.72%,$2.21B,$0.09B,4.25%,$2.21B,$0.09B,4.25%,$2.21B,$0.33B,14.95%,$2.21B,$0.07B,3.30%,$2.21B,$0.31B,14.14%,$0.31B,$3.11B,11.49%,$0.31B,$1.95B,16.43%,$0.31B,$5.13B,6.66%,$0.09B,$4.11B,2.65%,$708,$509,$199,$0,$86,$760,$-52,$-7,$-59,$-290,$231,$231,$232,$12,$-52,$55,55,$4.11,$4.11,$20,$316,$0,$957,$2959,$0,$1168,$43,$4170,$5127,$480,$992,$72,$1533,$2013,$7,$2647,$-32,$3114,$5127,$314,$237,$-145,$91,$-60,$20,$21,$-17,$-52,$353,$-177,$0,$-470,$0,$0,$0,$54,$-593,$-14,$269,$255,$3,$3,$0,$-4,$254,$14,$0,$0
4,2017-09-30,65.95,$48.19,1.37,$36.01,1.83,$8.38,7.87,$2.11,31.26,$0.89B,$0.46B,1.93,$1.03B,$2.88B,0.36,$1.94B,$0.62B,31.72%,$1.94B,$0.20B,10.45%,$1.94B,$0.20B,10.45%,$1.94B,$0.44B,22.50%,$1.94B,$0.18B,9.47%,$1.94B,$0.11B,5.87%,$0.11B,$2.88B,4.47%,$0.11B,$1.96B,6.16%,$0.11B,$5.20B,2.54%,$0.20B,$3.91B,6.14%,$541,$379,$163,$0,$58,$488,$53,$-5,$48,$19,$29,$29,$28,$113,$53,$55,55,$0.52,$0.52,$5,$323,$0,$891,$3096,$0,$919,$294,$4310,$5200,$462,$1031,$75,$1862,$2324,$7,$2416,$-36,$2876,$5200,$82,$173,$33,$205,$0,$0,$0,$-29,$-29,$259,$-133,$0,$-451,$0,$0,$0,$30,$-555,$-1,$298,$297,$2,$2,$0,$-5,$295,$-1,$0,$0
5,2017-06-30,66.85,$45.87,1.46,$34.26,1.95,$9.23,7.24,$2.18,30.67,$0.60B,$0.34B,1.77,$0.59B,$2.48B,0.24,$1.84B,$0.61B,33.01%,$1.84B,$0.21B,11.22%,$1.84B,$0.21B,11.22%,$1.84B,$0.44B,23.91%,$1.84B,$0.19B,10.24%,$1.84B,$0.12B,6.43%,$0.12B,$2.48B,4.86%,$0.12B,$1.88B,6.52%,$0.12B,$4.23B,2.78%,$0.21B,$3.07B,6.63%,$473,$325,$149,$0,$53,$426,$47,$-4,$43,$17,$26,$26,$26,$104,$47,$54,54,$0.48,$0.48,$2,$181,$0,$604,$2889,$0,$598,$135,$3622,$4225,$342,$592,$73,$1406,$1748,$6,$2387,$-36,$2477,$4225,$54,$113,$19,$132,$0,$0,$0,$9,$9,$194,$-93,$0,$0,$0,$0,$0,$28,$-65,$0,$-132,$-132,$2,$2,$0,$-3,$-133,$-4,$0,$0
6,2017-03-31,70.55,$45.09,1.56,$33.69,2.09,$9.22,7.65,$2.42,29.15,$0.61B,$0.33B,1.83,$0.68B,$2.43B,0.28,$1.81B,$0.62B,34.46%,$1.81B,$0.23B,12.52%,$1.81B,$0.23B,12.52%,$1.81B,$0.46B,25.43%,$1.81B,$0.21B,11.47%,$1.81B,$0.13B,7.26%,$0.13B,$2.43B,5.47%,$0.13B,$1.84B,7.35%,$0.13B,$4.26B,3.08%,$0.23B,$3.11B,7.23%,$492,$345,$147,$0,$53,$446,$46,$-5,$41,$13,$28,$28,$27,$102,$46,$54,54,$0.51,$0.51,$3,$174,$0,$610,$2916,$0,$598,$134,$3648,$4257,$334,$675,$93,$1490,$1824,$6,$2361,$-50,$2434,$4257,$28,$56,$9,$65,$0,$0,$0,$-8,$-8,$85,$-46,$0,$0,$0,$0,$0,$8,$-38,$0,$-48,$-48,$1,$1,$0,$-3,$-50,$-3,$0,$0
7,2016-12-31,66.5,$44.80,1.48,$33.09,2.01,$9.66,6.88,$2.62,25.38,$0.63B,$0.36B,1.77,$0.72B,$2.41B,0.3,$1.77B,$0.65B,36.40%,$1.77B,$0.25B,13.83%,$1.77B,$0.25B,13.83%,$1.77B,$0.48B,26.98%,$1.77B,$0.23B,12.81%,$1.77B,$0.14B,8.01%,$0.14B,$2.41B,6.00%,$0.14B,$1.73B,8.09%,$0.14B,$4.29B,3.36%,$0.25B,$3.14B,7.89%,$436,$279,$157,$0,$47,$379,$57,$-4,$52,$20,$33,$33,$33,$118,$57,$53,54,$0.61,$0.60,$6,$185,$0,$633,$2921,$3,$685,$48,$3657,$4290,$358,$723,$90,$1519,$1877,$6,$2342,$-51,$2413,$4290,$143,$233,$50,$284,$-13,$3,$-2,$-31,$-11,$416,$-231,$0,$-137,$0,$0,$0,$19,$-350,$0,$-53,$-53,$-2,$-2,$0,$-12,$-67,$-0,$0,$0
8,2016-09-30,62.16,$44.32,1.4,$33.78,1.84,$9.47,6.56,$2.96,21.0,$0.58B,$0.32B,1.82,$0.73B,$2.39B,0.3,$1.82B,$0.67B,36.87%,$1.82B,$0.27B,14.95%,$1.82B,$0.27B,14.95%,$1.82B,$0.50B,27.58%,$1.82B,$0.26B,14.01%,$1.82B,$0.16B,8.79%,$0.16B,$2.39B,6.86%,$0.16B,$1.80B,9.16%,$0.16B,$4.22B,3.82%,$0.27B,$3.11B,8.81%,$435,$282,$153,$0,$46,$379,$56,$-5,$52,$19,$32,$32,$32,$115,$56,$53,54,$0.59,$0.59,$5,$179,$0,$579,$2919,$0,$588,$138,$3645,$4224,$318,$726,$79,$1520,$1837,$6,$2310,$-46,$2387,$4224,$110,$172,$46,$218,$0,$0,$0,$10,$10,$338,$-169,$0,$-126,$0,$0,$0,$15,$-280,$0,$-49,$-49,$-2,$-2,$0,$-8,$-59,$-1,$0,$0
9,2016-06-30,62.39,$43.65,1.43,$35.43,1.76,$8.37,7.45,$3.41,18.3,$0.62B,$0.34B,1.8,$0.80B,$2.35B,0.34,$1.92B,$0.72B,37.38%,$1.92B,$0.31B,16.21%,$1.92B,$0.31B,16.21%,$1.92B,$0.54B,28.26%,$1.92B,$0.29B,15.33%,$1.92B,$0.19B,9.65%,$0.19B,$2.35B,8.04%,$0.19B,$1.76B,10.80%,$0.19B,$4.27B,4.43%,$0.31B,$3.15B,10.12%,$442,$277,$165,$0,$48,$375,$67,$-4,$62,$23,$39,$39,$39,$124,$67,$53,54,$0.72,$0.72,$3,$188,$0,$621,$2917,$0,$588,$143,$3648,$4269,$344,$799,$77,$1574,$1918,$6,$2278,$-47,$2351,$4269,$78,$114,$30,$143,$0,$0,$0,$-9,$-9,$212,$-111,$0,$-121,$0,$0,$0,$3,$-229,$23,$0,$23,$-2,$-2,$0,$-8,$14,$-3,$0,$0
10,2016-03-31,60.29,$43.06,1.4,$36.98,1.63,$7.50,8.04,$3.73,16.16,$0.60B,$0.33B,1.83,$0.71B,$2.32B,0.31,$2.02B,$0.75B,37.20%,$2.02B,$0.34B,16.94%,$2.02B,$0.34B,16.94%,$2.02B,$0.57B,28.28%,$2.02B,$0.33B,16.10%,$2.02B,$0.20B,10.10%,$0.20B,$2.32B,8.96%,$0.20B,$1.73B,12.09%,$0.20B,$4.11B,4.92%,$0.34B,$3.03B,11.20%,$459,$289,$170,$0,$56,$393,$65,$-4,$61,$23,$38,$38,$38,$121,$65,$53,53,$0.71,$0.71,$2,$187,$0,$598,$2784,$0,$587,$141,$3511,$4109,$328,$712,$68,$1465,$1792,$6,$2239,$-44,$2317,$4109,$38,$56,$15,$71,$0,$0,$0,$4,$4,$113,$-51,$0,$0,$0,$0,$0,$0,$-50,$0,$-63,$-63,$-2,$-2,$0,$-2,$-67,$-4,$0,$0
11,2015-12-31,52.62,$42.43,1.24,$38.96,1.35,$6.44,8.18,$4.11,12.8,$0.64B,$0.36B,1.77,$0.78B,$2.28B,0.34,$2.15B,$0.78B,36.50%,$2.15B,$0.38B,17.69%,$2.15B,$0.38B,17.69%,$2.15B,$0.61B,28.26%,$2.15B,$0.36B,16.85%,$2.15B,$0.23B,10.57%,$0.23B,$2.28B,10.07%,$0.23B,$1.69B,13.63%,$0.23B,$4.15B,5.46%,$0.38B,$3.05B,12.43%,$484,$301,$183,$0,$50,$400,$84,$-4,$80,$29,$51,$51,$51,$142,$84,$55,55,$0.95,$0.94,$6,$185,$0,$641,$2779,$2,$587,$144,$3512,$4152,$362,$775,$67,$1511,$1873,$6,$2201,$-45,$2279,$4152,$228,$227,$63,$290,$130,$-7,$-82,$-16,$7,$524,$-345,$0,$-41,$0,$0,$0,$24,$-362,$-100,$161,$61,$-237,$-237,$0,$-4,$-180,$-18,$0,$0
12,2015-09-30,61.95,$41.46,1.49,$41.88,1.48,$4.83,12.82,$4.36,14.21,$0.67B,$0.39B,1.72,$0.81B,$2.25B,0.36,$2.33B,$0.82B,35.08%,$2.33B,$0.41B,17.58%,$2.33B,$0.41B,17.58%,$2.33B,$0.63B,27.14%,$2.33B,$0.39B,16.77%,$2.33B,$0.24B,10.38%,$0.24B,$2.25B,10.75%,$0.24B,$1.67B,14.57%,$0.24B,$4.17B,5.83%,$0.41B,$3.06B,13.62%,$533,$333,$199,$0,$54,$438,$95,$-4,$91,$34,$57,$57,$57,$155,$95,$54,54,$1.04,$1.04,$3,$186,$0,$671,$2754,$0,$588,$152,$3495,$4166,$390,$810,$91,$1522,$1912,$6,$2150,$-56,$2254,$4166,$177,$169,$20,$189,$0,$0,$0,$11,$11,$377,$-265,$0,$-41,$0,$0,$0,$13,$-293,$-100,$192,$92,$-198,$-198,$0,$0,$-106,$-22,$0,$0
13,2015-06-30,76.66,$40.82,1.88,$44.06,1.74,$4.38,17.51,$4.66,16.45,$0.68B,$0.39B,1.75,$0.81B,$2.26B,0.36,$2.48B,$0.84B,33.99%,$2.48B,$0.44B,17.86%,$2.48B,$0.44B,17.86%,$2.48B,$0.66B,26.45%,$2.48B,$0.42B,17.06%,$2.48B,$0.26B,10.56%,$0.26B,$2.26B,11.64%,$0.26B,$1.66B,15.78%,$0.26B,$4.16B,6.39%,$0.44B,$3.06B,14.91%,$543,$344,$199,$0,$55,$445,$98,$-5,$93,$35,$58,$58,$58,$153,$98,$55,55,$1.04,$1.04,$5,$191,$0,$677,$2732,$0,$591,$155,$3478,$4155,$388,$808,$89,$1511,$1899,$6,$2093,$-57,$2256,$4155,$120,$109,$14,$123,$0,$0,$0,$3,$3,$246,$-190,$0,$-41,$0,$0,$0,$11,$-221,$-100,$190,$90,$-135,$-135,$0,$0,$-44,$-19,$0,$0
14,2015-03-31,75.05,$40.03,1.87,$45.31,1.66,$4.92,15.25,$4.94,15.19,$0.72B,$0.41B,1.76,$0.82B,$2.23B,0.37,$2.57B,$0.87B,33.88%,$2.57B,$0.47B,18.40%,$2.57B,$0.47B,18.40%,$2.57B,$0.68B,26.59%,$2.57B,$0.45B,17.62%,$2.57B,$0.28B,10.88%,$0.28B,$2.23B,12.51%,$0.28B,$1.64B,17.01%,$0.28B,$4.15B,6.93%,$0.47B,$3.05B,16.22%,$588,$385,$203,$0,$56,$485,$103,$-5,$98,$36,$61,$61,$61,$157,$103,$56,56,$1.09,$1.09,$4,$196,$0,$724,$2683,$0,$591,$154,$3428,$4152,$410,$819,$88,$1512,$1922,$6,$2035,$-60,$2230,$4152,$61,$54,$7,$61,$0,$0,$0,$-19,$-19,$103,$-97,$0,$-41,$0,$0,$0,$10,$-128,$0,$102,$102,$-98,$-98,$0,$1,$5,$-20,$0,$0
15,2014-12-31,80.74,$39.83,2.03,$45.13,1.79,$5.74,14.05,$4.94,16.34,$0.80B,$0.59B,1.35,$0.60B,$2.27B,0.27,$2.57B,$0.87B,33.98%,$2.57B,$0.48B,18.55%,$2.57B,$0.48B,18.55%,$2.57B,$0.68B,26.31%,$2.57B,$0.46B,17.73%,$2.57B,$0.28B,10.91%,$0.28B,$2.27B,12.75%,$0.28B,$1.67B,17.45%,$0.28B,$4.14B,7.10%,$0.48B,$2.87B,16.71%,$668,$451,$217,$0,$59,$554,$114,$-5,$109,$40,$68,$68,$66,$168,$114,$57,57,$1.20,$1.19,$24,$192,$0,$803,$2589,$3,$591,$155,$3339,$4142,$594,$600,$87,$1283,$1877,$6,$1974,$-61,$2265,$4142,$285,$200,$80,$280,$-177,$-56,$45,$-14,$-126,$439,$-345,$0,$-32,$0,$0,$0,$0,$-377,$-32,$0,$-32,$-8,$-8,$0,$-2,$-42,$20,$0,$0
16,2014-09-30,117.85,$39.51,2.98,$43.43,2.71,$10.24,11.51,$4.88,24.15,$0.72B,$0.46B,1.56,$0.65B,$2.25B,0.29,$2.47B,$0.86B,34.79%,$2.47B,$0.47B,19.10%,$2.47B,$0.47B,19.10%,$2.47B,$0.67B,27.13%,$2.47B,$0.45B,18.21%,$2.47B,$0.28B,11.27%,$0.28B,$2.25B,13.02%,$0.28B,$1.66B,18.00%,$0.28B,$3.95B,7.26%,$0.47B,$2.90B,16.68%,$681,$457,$224,$0,$53,$553,$128,$-5,$123,$46,$77,$77,$77,$178,$128,$57,57,$1.34,$1.34,$4,$165,$0,$715,$2485,$0,$591,$161,$3237,$3952,$459,$649,$15,$1239,$1698,$6,$1906,$-16,$2254,$3952,$216,$146,$31,$176,$0,$0,$0,$-66,$-66,$326,$-234,$0,$-7,$0,$0,$0,$8,$-232,$-100,$0,$-100,$7,$7,$0,$-1,$-93,$-0,$0,$0
17,2014-06-30,117.14,$38.10,3.07,$41.21,2.84,$12.94,9.05,$4.75,24.66,$0.66B,$0.47B,1.41,$0.65B,$2.17B,0.3,$2.34B,$0.84B,36.00%,$2.34B,$0.46B,19.73%,$2.34B,$0.46B,19.73%,$2.34B,$0.66B,28.04%,$2.34B,$0.44B,18.75%,$2.34B,$0.27B,11.56%,$0.27B,$2.17B,13.17%,$0.27B,$1.58B,18.51%,$0.27B,$3.87B,7.19%,$0.46B,$2.82B,16.51%,$628,$403,$225,$0,$57,$501,$127,$-5,$122,$46,$76,$76,$75,$179,$127,$57,57,$1.32,$1.31,$3,$136,$0,$661,$2452,$0,$591,$163,$3206,$3868,$471,$649,$15,$1223,$1694,$6,$1829,$-16,$2174,$3868,$139,$95,$14,$110,$0,$0,$0,$3,$3,$251,$-163,$0,$0,$0,$0,$0,$4,$-159,$-66,$-34,$-100,$7,$7,$0,$-1,$-93,$-1,$0,$0
18,2014-03-31,101.25,$36.70,2.76,$40.15,2.52,$13.18,7.68,$4.54,22.3,$0.66B,$0.44B,1.49,$0.71B,$2.09B,0.34,$2.27B,$0.81B,35.65%,$2.27B,$0.44B,19.50%,$2.27B,$0.44B,19.50%,$2.27B,$0.63B,27.64%,$2.27B,$0.42B,18.40%,$2.27B,$0.26B,11.36%,$0.26B,$2.09B,13.13%,$0.26B,$1.50B,18.80%,$0.26B,$3.81B,6.94%,$0.44B,$2.80B,15.93%,$589,$383,$206,$0,$58,$482,$107,$-6,$101,$38,$63,$63,$62,$150,$107,$57,57,$1.09,$1.09,$19,$122,$0,$655,$2394,$0,$591,$166,$3151,$3806,$440,$708,$15,$1275,$1715,$6,$1754,$-17,$2091,$3806,$63,$43,$12,$56,$0,$0,$0,$-3,$-3,$115,$-62,$0,$0,$0,$0,$0,$0,$-62,$0,$-41,$-41,$4,$4,$0,$-1,$-38,$15,$0,$0
19,2013-12-31,99.25,$35.57,2.79,$39.67,2.5,$12.72,7.8,$4.45,22.3,$0.54B,$0.35B,1.57,$0.75B,$2.02B,0.37,$2.24B,$0.79B,35.41%,$2.24B,$0.44B,19.45%,$2.24B,$0.44B,19.45%,$2.24B,$0.62B,27.70%,$2.24B,$0.41B,18.24%,$2.24B,$0.25B,11.24%,$0.25B,$2.02B,13.37%,$0.25B,$1.43B,19.52%,$0.25B,$3.68B,6.83%,$0.44B,$2.77B,15.68%,$568,$366,$203,$0,$53,$460,$109,$-6,$103,$38,$65,$65,$64,$162,$109,$56,57,$1.13,$1.12,$4,$136,$0,$544,$2371,$2,$591,$174,$3139,$3683,$346,$749,$21,$1314,$1660,$6,$1692,$-17,$2022,$3683,$256,$185,$103,$288,$2,$43,$23,$-48,$57,$601,$-253,$0,$-4,$0,$0,$0,$34,$-223,$-235,$-151,$-386,$7,$7,$0,$-6,$-385,$-7,$0,$0
20,2013-09-30,86.55,$33.66,2.57,$38.82,2.23,$6.81,12.71,$4.35,19.9,$0.54B,$0.33B,1.65,$0.86B,$1.91B,0.45,$2.19B,$0.77B,35.16%,$2.19B,$0.43B,19.48%,$2.19B,$0.43B,19.48%,$2.19B,$0.60B,27.39%,$2.19B,$0.40B,18.24%,$2.19B,$0.25B,11.20%,$0.25B,$1.91B,13.57%,$0.25B,$1.32B,20.24%,$0.25B,$3.66B,6.65%,$0.43B,$2.77B,15.31%,$551,$344,$207,$0,$47,$433,$118,$-7,$112,$42,$70,$70,$69,$164,$118,$56,57,$1.22,$1.21,$6,$138,$0,$535,$2367,$0,$591,$168,$3126,$3661,$325,$861,$78,$1424,$1749,$6,$1628,$-57,$1912,$3661,$191,$132,$69,$200,$0,$0,$0,$54,$54,$451,$-207,$0,$-4,$0,$0,$0,$30,$-180,$-131,$-143,$-274,$4,$4,$0,$-5,$-275,$-5,$0,$0
21,2013-06-30,79.54,$32.35,2.46,$38.45,2.07,$2.33,34.13,$4.09,19.45,$0.57B,$0.40B,1.41,$0.94B,$1.84B,0.51,$2.16B,$0.74B,34.21%,$2.16B,$0.40B,18.59%,$2.16B,$0.40B,18.59%,$2.16B,$0.57B,26.24%,$2.16B,$0.37B,17.34%,$2.16B,$0.23B,10.62%,$0.23B,$1.84B,13.21%,$0.23B,$1.24B,19.67%,$0.23B,$3.72B,6.45%,$0.40B,$2.78B,14.99%,$564,$370,$194,$0,$45,$455,$109,$-7,$102,$38,$64,$64,$63,$152,$109,$56,57,$1.11,$1.11,$5,$140,$0,$567,$2384,$0,$599,$174,$3157,$3724,$401,$943,$76,$1487,$1888,$6,$1559,$-58,$1836,$3724,$121,$86,$48,$134,$0,$0,$0,$10,$10,$269,$-168,$0,$-4,$0,$0,$0,$13,$-159,$-1,$-113,$-114,$3,$3,$0,$-5,$-116,$-6,$0,$0
22,2013-03-31,76.8,$31.19,2.46,$37.68,2.04,$0.23,331.03,$3.83,20.05,$0.59B,$0.36B,1.61,$1.03B,$1.77B,0.58,$2.11B,$0.71B,33.73%,$2.11B,$0.38B,17.86%,$2.11B,$0.38B,17.86%,$2.11B,$0.54B,25.42%,$2.11B,$0.35B,16.63%,$2.11B,$0.21B,10.12%,$0.21B,$1.77B,12.80%,$0.21B,$1.17B,18.95%,$0.21B,$3.70B,6.29%,$0.38B,$2.80B,14.79%,$559,$369,$190,$0,$49,$459,$100,$-8,$92,$34,$58,$58,$56,$143,$100,$56,56,$1.00,$1.00,$4,$165,$0,$586,$2345,$0,$595,$172,$3112,$3698,$364,$1032,$86,$1565,$1929,$6,$1496,$-59,$1769,$3698,$58,$43,$21,$65,$0,$0,$0,$-27,$-27,$98,$-71,$0,$-2,$0,$0,$0,$2,$-71,$12,$-44,$-32,$2,$2,$0,$-4,$-34,$-7,$0,$0
23,2012-12-31,61.89,$30.17,2.05,$37.97,1.63,$-0.03,0.0,$3.74,16.55,$0.60B,$0.36B,1.68,$1.07B,$1.71B,0.63,$2.11B,$0.70B,33.27%,$2.11B,$0.37B,17.27%,$2.11B,$0.37B,17.27%,$2.11B,$0.52B,24.56%,$2.11B,$0.34B,16.14%,$2.11B,$0.21B,9.84%,$0.21B,$1.71B,13.00%,$0.21B,$1.11B,19.13%,$0.21B,$3.65B,6.49%,$0.37B,$2.78B,15.24%,$513,$334,$178,$0,$41,$413,$99,$-7,$93,$34,$59,$59,$57,$140,$99,$55,56,$1.04,$1.02,$11,$177,$0,$596,$2315,$2,$596,$144,$3057,$3653,$355,$1070,$95,$1591,$1946,$6,$1439,$-61,$1707,$3653,$213,$155,$83,$238,$-9,$-46,$-10,$-5,$-125,$326,$-312,$0,$-381,$0,$0,$0,$20,$-673,$236,$97,$333,$9,$9,$0,$0,$343,$-5,$0,$0
24,2012-09-30,55.28,$28.99,1.91,$38.87,1.42,$1.30,42.55,$3.71,14.9,$0.56B,$0.33B,1.69,$0.72B,$1.62B,0.45,$2.15B,$0.71B,32.84%,$2.15B,$0.36B,16.70%,$2.15B,$0.36B,16.70%,$2.15B,$0.51B,23.72%,$2.15B,$0.34B,15.58%,$2.15B,$0.21B,9.63%,$0.21B,$1.62B,13.47%,$0.21B,$1.14B,19.67%,$0.21B,$3.13B,6.82%,$0.36B,$2.34B,15.92%,$521,$345,$176,$0,$48,$429,$93,$-6,$87,$33,$54,$54,$53,$131,$93,$55,56,$0.95,$0.95,$5,$167,$0,$555,$1964,$0,$486,$121,$2571,$3126,$328,$723,$96,$1177,$1505,$6,$1381,$-51,$1621,$3126,$154,$115,$60,$174,$0,$0,$0,$-85,$-85,$246,$-256,$0,$0,$0,$0,$0,$15,$-241,$-26,$6,$-20,$3,$3,$0,$0,$-17,$-11,$0,$0
25,2012-06-30,47.08,$27.95,1.68,$39.68,1.19,$2.41,19.5,$3.70,12.72,$0.56B,$0.39B,1.41,$0.69B,$1.56B,0.44,$2.19B,$0.72B,32.60%,$2.19B,$0.36B,16.32%,$2.19B,$0.36B,16.32%,$2.19B,$0.51B,23.30%,$2.19B,$0.33B,15.23%,$2.19B,$0.21B,9.39%,$0.21B,$1.56B,13.87%,$0.21B,$1.08B,20.53%,$0.21B,$3.07B,6.94%,$0.36B,$2.25B,16.16%,$512,$346,$166,$0,$47,$428,$84,$-6,$78,$29,$48,$48,$47,$121,$84,$55,56,$0.85,$0.85,$6,$171,$0,$555,$1903,$0,$484,$125,$2512,$3066,$393,$688,$94,$1112,$1505,$6,$1328,$-54,$1561,$3066,$100,$76,$34,$110,$0,$0,$0,$-76,$-76,$137,$-154,$0,$0,$0,$0,$0,$7,$-147,$-13,$11,$-2,$1,$1,$0,$1,$0,$-10,$0,$0
26,2012-03-31,65.79,$27.04,2.43,$38.66,1.7,$3.10,21.25,$3.62,18.17,$0.53B,$0.37B,1.43,$0.70B,$1.51B,0.47,$2.12B,$0.69B,32.63%,$2.12B,$0.35B,16.29%,$2.12B,$0.35B,16.29%,$2.12B,$0.49B,23.23%,$2.12B,$0.32B,15.30%,$2.12B,$0.20B,9.44%,$0.20B,$1.51B,14.22%,$0.20B,$1.03B,20.99%,$0.20B,$2.98B,7.32%,$0.35B,$2.21B,16.88%,$567,$384,$183,$0,$57,$478,$89,$-6,$83,$31,$52,$52,$51,$127,$89,$55,56,$0.91,$0.91,$5,$135,$0,$528,$1847,$0,$483,$123,$2453,$2981,$369,$702,$88,$1101,$1471,$6,$1281,$-54,$1510,$2981,$52,$38,$18,$57,$0,$0,$0,$-36,$-36,$73,$-62,$0,$0,$0,$0,$0,$3,$-58,$-7,$-23,$-29,$1,$1,$0,$2,$-26,$-11,$0,$0
27,2011-12-31,65.84,$26.09,2.52,$34.08,1.93,$3.50,18.81,$3.31,19.89,$0.53B,$0.36B,1.48,$0.76B,$1.45B,0.53,$1.85B,$0.62B,33.62%,$1.85B,$0.31B,16.86%,$1.85B,$0.31B,16.86%,$1.85B,$0.45B,24.22%,$1.85B,$0.29B,15.89%,$1.85B,$0.18B,9.78%,$0.18B,$1.45B,13.63%,$0.18B,$0.97B,19.33%,$0.18B,$2.96B,7.39%,$0.31B,$2.22B,16.96%,$550,$370,$181,$0,$52,$457,$93,$-6,$87,$31,$57,$57,$56,$131,$93,$54,54,$1.02,$1.02,$16,$130,$0,$529,$1822,$4,$483,$122,$2431,$2960,$359,$763,$92,$1147,$1506,$6,$1230,$-56,$1454,$2960,$185,$135,$70,$205,$-58,$-26,$21,$-7,$-80,$312,$-226,$0,$-860,$0,$0,$0,$-3,$-1089,$499,$95,$594,$4,$4,$0,$-0,$597,$-179,$0,$0
28,2011-09-30,52.64,$25.48,2.07,$29.33,1.79,$3.95,13.32,$2.90,18.15,$0.50B,$0.33B,1.49,$0.76B,$1.42B,0.54,$1.59B,$0.55B,34.68%,$1.59B,$0.27B,17.21%,$1.59B,$0.27B,17.21%,$1.59B,$0.40B,25.03%,$1.59B,$0.26B,16.27%,$1.59B,$0.16B,9.77%,$0.16B,$1.42B,12.36%,$0.16B,$0.94B,16.74%,$0.16B,$2.87B,7.19%,$0.27B,$2.18B,16.79%,$564,$379,$185,$0,$56,$471,$92,$-6,$86,$33,$54,$54,$52,$132,$92,$55,55,$0.95,$0.94,$8,$126,$0,$497,$1764,$0,$479,$127,$2370,$2867,$333,$764,$71,$1115,$1449,$6,$1173,$-30,$1418,$2867,$129,$97,$45,$143,$0,$0,$0,$-56,$-56,$215,$-163,$0,$-817,$0,$0,$0,$-11,$-991,$505,$83,$588,$0,$0,$0,$-0,$588,$-187,$0,$0
29,2011-06-30,56.67,$23.15,2.45,$24.41,2.32,$4.17,13.6,$2.53,22.4,$0.42B,$0.24B,1.77,$0.32B,$1.24B,0.26,$1.30B,$0.47B,36.38%,$1.30B,$0.23B,17.96%,$1.30B,$0.23B,17.96%,$1.30B,$0.34B,26.40%,$1.30B,$0.22B,17.04%,$1.30B,$0.13B,10.28%,$0.13B,$1.24B,11.34%,$0.13B,$0.87B,14.64%,$0.13B,$2.12B,7.13%,$0.23B,$1.56B,16.58%,$437,$295,$142,$0,$43,$366,$71,$-3,$68,$26,$42,$42,$41,$102,$71,$53,53,$0.78,$0.77,$7,$117,$0,$423,$1234,$0,$369,$95,$1699,$2122,$239,$320,$61,$640,$879,$6,$1121,$-32,$1243,$2122,$75,$58,$24,$82,$0,$0,$0,$-39,$-39,$118,$-98,$0,$-330,$0,$0,$0,$2,$-426,$-0,$120,$120,$0,$0,$0,$0,$120,$-188,$0,$0
30,2011-03-31,57.29,$22.32,2.57,$21.32,2.69,$4.45,12.86,$2.30,24.91,$0.41B,$0.16B,2.59,$0.20B,$1.20B,0.17,$1.14B,$0.44B,38.33%,$1.14B,$0.21B,18.77%,$1.14B,$0.21B,18.77%,$1.14B,$0.32B,27.89%,$1.14B,$0.20B,17.72%,$1.14B,$0.12B,10.70%,$0.12B,$1.20B,10.62%,$0.12B,$0.96B,13.29%,$0.12B,$1.84B,6.87%,$0.21B,$1.40B,15.86%,$299,$185,$114,$0,$33,$244,$56,$-3,$53,$20,$33,$33,$32,$83,$56,$53,53,$0.60,$0.60,$172,$36,$0,$409,$1177,$0,$237,$21,$1435,$1844,$158,$200,$43,$489,$646,$6,$1079,$-32,$1198,$1844,$33,$27,$14,$41,$0,$0,$0,$-10,$-10,$64,$-31,$0,$-59,$0,$0,$0,$2,$-88,$-0,$0,$-0,$0,$0,$0,$0,$1,$-24,$0,$0
31,2010-12-31,44.05,$20.89,2.11,$20.73,2.13,$4.26,10.35,$2.16,20.39,$0.43B,$0.16B,2.66,$0.20B,$1.16B,0.17,$1.11B,$0.43B,38.41%,$1.11B,$0.20B,18.12%,$1.11B,$0.20B,18.12%,$1.11B,$0.31B,27.59%,$1.11B,$0.19B,17.04%,$1.11B,$0.12B,10.37%,$0.12B,$1.16B,10.27%,$0.12B,$0.93B,12.90%,$0.12B,$1.80B,6.63%,$0.20B,$1.36B,15.22%,$286,$177,$109,$0,$30,$233,$54,$-2,$51,$19,$32,$32,$30,$80,$54,$53,53,$0.59,$0.58,$196,$39,$0,$426,$1118,$3,$229,$19,$1369,$1795,$160,$200,$44,$476,$636,$6,$1047,$-34,$1159,$1795,$117,$106,$34,$140,$-18,$1,$19,$-3,$-13,$245,$-137,$0,$0,$0,$0,$0,$10,$-127,$-0,$0,$-0,$-19,$-19,$0,$-1,$-20,$98,$0,$0
32,2010-09-30,40.06,$21.00,1.91,$20.24,1.98,$4.62,8.68,$2.12,18.9,$0.39B,$0.15B,2.58,$0.20B,$1.13B,0.18,$1.08B,$0.43B,39.34%,$1.08B,$0.20B,18.19%,$1.08B,$0.20B,18.19%,$1.08B,$0.31B,28.16%,$1.08B,$0.19B,17.08%,$1.08B,$0.11B,10.43%,$0.11B,$1.13B,10.32%,$0.11B,$0.90B,13.06%,$0.11B,$1.76B,6.66%,$0.20B,$1.33B,15.22%,$281,$172,$109,$0,$32,$229,$53,$-3,$50,$19,$31,$31,$31,$79,$53,$53,53,$0.57,$0.57,$149,$37,$0,$392,$1118,$0,$229,$20,$1367,$1758,$152,$200,$56,$481,$633,$6,$1015,$-36,$1126,$1758,$85,$79,$28,$107,$0,$0,$0,$-23,$-23,$170,$-108,$0,$0,$0,$0,$0,$8,$-101,$-0,$0,$-0,$-17,$-17,$0,$-1,$-18,$51,$0,$0
33,2010-06-30,38.25,$20.57,1.86,$20.08,1.91,$4.85,7.89,$2.20,17.39,$0.35B,$0.14B,2.54,$0.20B,$1.11B,0.18,$1.07B,$0.43B,40.22%,$1.07B,$0.20B,18.99%,$1.07B,$0.20B,18.99%,$1.07B,$0.31B,29.14%,$1.07B,$0.19B,17.88%,$1.07B,$0.12B,10.89%,$0.12B,$1.11B,11.00%,$0.12B,$0.88B,14.02%,$0.12B,$1.71B,7.08%,$0.20B,$1.31B,16.14%,$274,$169,$105,$0,$31,$223,$51,$-3,$48,$18,$30,$30,$29,$76,$51,$54,54,$0.54,$0.54,$141,$37,$0,$354,$1102,$0,$229,$21,$1352,$1706,$139,$200,$53,$454,$593,$6,$984,$-35,$1113,$1706,$55,$53,$2,$55,$0,$0,$0,$-7,$-7,$103,$-68,$0,$0,$0,$0,$0,$6,$-61,$-0,$0,$-0,$2,$2,$0,$-1,$1,$43,$0,$0
34,2010-03-31,38.15,$20.05,1.9,$20.10,1.9,$4.85,7.87,$2.29,16.66,$0.34B,$0.15B,2.22,$0.20B,$1.08B,0.19,$1.07B,$0.44B,40.91%,$1.07B,$0.21B,19.66%,$1.07B,$0.21B,19.66%,$1.07B,$0.32B,29.73%,$1.07B,$0.20B,18.55%,$1.07B,$0.12B,11.37%,$0.12B,$1.08B,11.88%,$0.12B,$0.85B,15.30%,$0.12B,$1.68B,7.57%,$0.21B,$1.28B,17.16%,$268,$165,$103,$0,$37,$225,$43,$-3,$40,$15,$25,$25,$25,$71,$43,$53,54,$0.46,$0.46,$121,$36,$0,$337,$1095,$0,$229,$21,$1345,$1682,$152,$200,$44,$447,$599,$6,$955,$-31,$1083,$1682,$25,$28,$2,$30,$0,$0,$0,$1,$1,$57,$-34,$0,$0,$0,$0,$0,$2,$-33,$-0,$0,$-0,$0,$0,$0,$-1,$-1,$24,$0,$0
35,2009-12-31,34.83,$19.62,1.78,$20.30,1.72,$4.74,7.34,$2.35,14.82,$0.30B,$0.14B,2.19,$0.20B,$1.06B,0.19,$1.08B,$0.45B,41.09%,$1.08B,$0.22B,20.04%,$1.08B,$0.22B,20.04%,$1.08B,$0.32B,29.64%,$1.08B,$0.21B,18.93%,$1.08B,$0.13B,11.54%,$0.13B,$1.06B,12.66%,$0.13B,$0.83B,16.50%,$0.13B,$1.64B,7.95%,$0.22B,$1.26B,18.14%,$260,$151,$109,$0,$33,$210,$50,$-2,$47,$18,$30,$30,$28,$79,$50,$53,53,$0.54,$0.54,$98,$40,$0,$300,$1085,$3,$229,$19,$1336,$1636,$137,$200,$42,$443,$580,$6,$930,$-30,$1056,$1636,$128,$106,$39,$145,$59,$9,$-26,$-2,$47,$320,$-193,$0,$0,$0,$0,$0,$7,$-185,$-1,$-46,$-47,$2,$2,$0,$-0,$-45,$89,$0,$0
36,2009-09-30,36.82,$18.65,1.97,$21.54,1.71,$3.72,9.9,$2.52,14.61,$0.25B,$0.13B,1.86,$0.20B,$1.00B,0.2,$1.15B,$0.47B,40.78%,$1.15B,$0.23B,20.26%,$1.15B,$0.23B,20.26%,$1.15B,$0.33B,29.04%,$1.15B,$0.22B,19.22%,$1.15B,$0.13B,11.65%,$0.13B,$1.00B,14.15%,$0.13B,$0.77B,18.70%,$0.13B,$1.58B,8.67%,$0.23B,$1.20B,19.96%,$272,$157,$115,$0,$31,$212,$60,$-3,$57,$22,$35,$35,$35,$87,$60,$53,53,$0.65,$0.65,$40,$40,$0,$246,$1084,$0,$231,$23,$1337,$1584,$133,$200,$69,$447,$579,$6,$901,$-49,$1004,$1584,$98,$76,$32,$108,$55,$0,$0,$-23,$32,$237,$-163,$0,$0,$0,$0,$0,$4,$-159,$-1,$-46,$-47,$2,$2,$0,$-2,$-47,$31,$0,$0
37,2009-06-30,31.79,$17.96,1.77,$23.04,1.38,$3.11,10.22,$2.64,12.04,$0.23B,$0.14B,1.66,$0.21B,$0.97B,0.22,$1.23B,$0.49B,39.58%,$1.23B,$0.25B,19.87%,$1.23B,$0.25B,19.87%,$1.23B,$0.34B,27.82%,$1.23B,$0.23B,18.82%,$1.23B,$0.14B,11.44%,$0.14B,$0.97B,15.36%,$0.14B,$0.74B,20.52%,$0.14B,$1.55B,9.18%,$0.25B,$1.18B,21.21%,$273,$161,$112,$0,$32,$215,$58,$-3,$55,$21,$34,$34,$34,$82,$58,$53,53,$0.63,$0.63,$8,$45,$0,$230,$1064,$0,$231,$23,$1318,$1547,$138,$210,$65,$443,$581,$6,$866,$-49,$966,$1547,$62,$49,$19,$68,$44,$0,$0,$-23,$21,$152,$-117,$0,$0,$0,$0,$0,$1,$-116,$-1,$-36,$-37,$2,$2,$0,$-1,$-36,$-0,$0,$0
38,2009-03-31,26.64,$17.20,1.55,$24.40,1.09,$2.31,11.52,$2.75,9.69,$0.24B,$0.15B,1.58,$0.23B,$0.93B,0.24,$1.31B,$0.50B,38.53%,$1.31B,$0.26B,19.57%,$1.31B,$0.26B,19.57%,$1.31B,$0.36B,27.14%,$1.31B,$0.24B,18.58%,$1.31B,$0.15B,11.24%,$0.15B,$0.93B,16.47%,$0.15B,$0.69B,22.22%,$0.15B,$1.53B,9.60%,$0.26B,$1.15B,22.23%,$278,$169,$109,$0,$38,$229,$49,$-3,$46,$17,$28,$28,$28,$73,$49,$53,53,$0.52,$0.52,$6,$48,$0,$238,$1034,$0,$231,$24,$1288,$1526,$151,$225,$69,$450,$601,$6,$832,$-54,$925,$1526,$28,$24,$10,$34,$35,$0,$0,$-16,$19,$81,$-65,$0,$0,$0,$0,$0,$1,$-64,$-0,$-21,$-21,$1,$1,$0,$0,$-20,$-3,$0,$0
39,2008-12-31,27.36,$16.71,1.64,$25.30,1.08,$2.23,12.25,$2.91,9.4,$0.28B,$0.17B,1.62,$0.25B,$0.89B,0.28,$1.36B,$0.52B,37.99%,$1.36B,$0.27B,19.84%,$1.36B,$0.27B,19.84%,$1.36B,$0.37B,27.19%,$1.36B,$0.26B,18.88%,$1.36B,$0.16B,11.46%,$0.16B,$0.89B,18.08%,$0.16B,$0.66B,24.66%,$0.16B,$1.53B,10.28%,$0.27B,$1.14B,23.76%,$327,$194,$133,$0,$42,$260,$66,$-4,$63,$24,$39,$39,$37,$92,$66,$53,54,$0.71,$0.72,$9,$49,$0,$280,$991,$2,$231,$23,$1247,$1526,$173,$246,$68,$459,$633,$6,$804,$-55,$894,$1526,$158,$100,$42,$142,$-21,$6,$-23,$7,$-55,$246,$-173,$0,$-5,$0,$0,$0,$2,$-177,$-1,$-49,$-50,$-20,$-20,$0,$5,$-66,$4,$0,$0
40,2008-09-30,37.94,$16.57,2.29,$24.98,1.52,$2.22,17.12,$2.83,13.41,$0.30B,$0.19B,1.56,$0.27B,$0.89B,0.3,$1.34B,$0.50B,37.18%,$1.34B,$0.26B,19.67%,$1.34B,$0.26B,19.67%,$1.34B,$0.36B,26.83%,$1.34B,$0.25B,18.63%,$1.34B,$0.15B,11.33%,$0.15B,$0.89B,18.27%,$0.15B,$0.66B,25.25%,$0.15B,$1.54B,10.18%,$0.26B,$1.15B,23.62%,$355,$221,$134,$0,$40,$283,$72,$-4,$68,$26,$42,$42,$42,$96,$72,$53,54,$0.77,$0.77,$2,$51,$0,$302,$984,$0,$231,$26,$1241,$1543,$193,$268,$43,$463,$657,$6,$766,$-21,$886,$1543,$120,$74,$19,$94,$-27,$0,$0,$-4,$-31,$183,$-142,$0,$-5,$0,$0,$0,$1,$-146,$-1,$-27,$-28,$-17,$-17,$0,$4,$-41,$-3,$0,$0
41,2008-06-30,48.0,$16.00,3.0,$24.00,2.0,$2.04,23.48,$2.70,17.78,$0.30B,$0.19B,1.64,$0.30B,$0.87B,0.34,$1.29B,$0.48B,37.29%,$1.29B,$0.25B,19.61%,$1.29B,$0.25B,19.61%,$1.29B,$0.35B,26.98%,$1.29B,$0.24B,18.45%,$1.29B,$0.14B,11.16%,$0.14B,$0.87B,18.15%,$0.14B,$0.63B,25.53%,$0.14B,$1.53B,9.87%,$0.25B,$1.16B,23.09%,$348,$220,$128,$0,$37,$279,$69,$-4,$66,$25,$41,$41,$40,$94,$69,$53,54,$0.75,$0.74,$6,$49,$0,$304,$971,$0,$231,$28,$1230,$1533,$185,$298,$42,$483,$669,$6,$725,$-21,$865,$1533,$77,$50,$10,$60,$-26,$0,$0,$-12,$-38,$99,$-107,$0,$-5,$0,$0,$0,$1,$-110,$-1,$3,$1,$6,$6,$0,$6,$13,$1,$0,$0
42,2008-03-31,57.0,$15.03,3.79,$22.88,2.49,$2.04,27.95,$2.52,22.62,$0.28B,$0.20B,1.4,$0.28B,$0.81B,0.35,$1.23B,$0.46B,37.40%,$1.23B,$0.24B,19.35%,$1.23B,$0.24B,19.35%,$1.23B,$0.33B,26.83%,$1.23B,$0.22B,17.97%,$1.23B,$0.13B,10.89%,$0.13B,$0.81B,17.84%,$0.13B,$0.58B,25.62%,$0.13B,$1.47B,9.40%,$0.24B,$1.09B,22.15%,$331,$208,$122,$0,$36,$267,$63,$-4,$60,$23,$37,$37,$37,$88,$63,$53,54,$0.69,$0.68,$4,$49,$0,$275,$935,$0,$229,$27,$1191,$1466,$196,$282,$45,$463,$659,$6,$684,$-26,$807,$1466,$37,$24,$6,$30,$-10,$0,$0,$4,$-6,$61,$-49,$0,$-2,$0,$0,$0,$0,$-51,$-0,$-14,$-14,$-1,$-1,$0,$3,$-12,$-1,$0,$0
43,2007-12-31,46.48,$14.38,3.23,$21.88,2.12,$1.69,27.58,$2.30,20.21,$0.27B,$0.19B,1.4,$0.30B,$0.77B,0.39,$1.17B,$0.44B,37.25%,$1.17B,$0.22B,18.76%,$1.17B,$0.22B,18.76%,$1.17B,$0.31B,26.26%,$1.17B,$0.20B,17.14%,$1.17B,$0.12B,10.32%,$0.12B,$0.77B,16.93%,$0.12B,$0.54B,24.82%,$0.12B,$1.43B,8.64%,$0.22B,$1.07B,20.80%,$308,$193,$115,$0,$34,$248,$60,$-4,$56,$21,$35,$35,$33,$82,$60,$53,53,$0.63,$0.63,$5,$53,$0,$267,$906,$2,$229,$26,$1163,$1430,$191,$296,$39,$469,$661,$6,$648,$-23,$770,$1430,$124,$87,$3,$90,$2,$-9,$12,$-1,$22,$236,$-164,$0,$-67,$0,$0,$0,$3,$-228,$-1,$-12,$-13,$6,$6,$0,$2,$-5,$2,$0,$0
44,2007-09-30,44.14,$13.70,3.22,$20.82,2.12,$0.55,80.18,$2.11,20.92,$0.27B,$0.17B,1.54,$0.33B,$0.73B,0.45,$1.12B,$0.41B,37.01%,$1.12B,$0.20B,18.19%,$1.12B,$0.20B,18.19%,$1.12B,$0.29B,25.72%,$1.12B,$0.18B,16.40%,$1.12B,$0.11B,9.95%,$0.11B,$0.73B,16.32%,$0.11B,$0.50B,24.42%,$0.11B,$1.41B,8.16%,$0.20B,$1.07B,19.78%,$303,$186,$116,$0,$35,$241,$61,$-5,$56,$21,$34,$34,$34,$84,$61,$53,54,$0.65,$0.64,$4,$47,$0,$266,$880,$2,$229,$30,$1141,$1407,$173,$333,$38,$502,$675,$6,$613,$-23,$732,$1407,$89,$65,$1,$66,$0,$0,$0,$-1,$-1,$156,$-123,$0,$-62,$0,$0,$0,$1,$-184,$-0,$23,$23,$5,$5,$0,$2,$29,$1,$0,$0
45,2007-06-30,38.39,$13.04,2.94,$20.15,1.91,$-0.19,0.0,$1.95,19.69,$0.28B,$0.16B,1.75,$0.38B,$0.70B,0.55,$1.08B,$0.39B,36.46%,$1.08B,$0.19B,17.53%,$1.08B,$0.19B,17.53%,$1.08B,$0.27B,24.86%,$1.08B,$0.17B,15.68%,$1.08B,$0.10B,9.55%,$0.10B,$0.70B,15.75%,$0.10B,$0.47B,23.97%,$0.10B,$1.40B,7.77%,$0.19B,$1.08B,18.93%,$288,$181,$107,$0,$33,$234,$54,$-5,$49,$19,$30,$30,$30,$76,$54,$53,54,$0.57,$0.56,$23,$40,$0,$275,$870,$2,$225,$29,$1127,$1402,$157,$383,$33,$549,$706,$6,$579,$-21,$696,$1402,$55,$43,$2,$45,$0,$0,$0,$-14,$-14,$88,$-96,$0,$-49,$0,$0,$0,$1,$-144,$-0,$73,$73,$3,$3,$0,$2,$78,$21,$0,$0
46,2007-03-31,34.98,$12.42,2.82,$19.34,1.81,$-0.07,0.0,$1.83,19.11,$0.25B,$0.17B,1.47,$0.36B,$0.66B,0.54,$1.03B,$0.37B,36.01%,$1.03B,$0.18B,17.13%,$1.03B,$0.18B,17.13%,$1.03B,$0.25B,24.30%,$1.03B,$0.16B,15.30%,$1.03B,$0.10B,9.39%,$0.10B,$0.66B,15.36%,$0.10B,$0.44B,23.75%,$0.10B,$1.36B,7.60%,$0.18B,$1.02B,18.60%,$274,$176,$99,$0,$34,$229,$45,$-5,$40,$15,$24,$24,$24,$66,$45,$53,54,$0.46,$0.46,$3,$41,$0,$253,$848,$2,$225,$31,$1106,$1360,$173,$360,$34,$526,$699,$6,$549,$-23,$661,$1360,$24,$21,$1,$22,$0,$0,$0,$0,$0,$47,$-54,$0,$-47,$0,$0,$0,$0,$-100,$1,$49,$50,$2,$2,$0,$2,$53,$0,$0,$0
47,2006-12-31,34.13,$11.93,2.86,$18.47,1.85,$0.23,148.91,$1.80,19.01,$0.25B,$0.17B,1.5,$0.31B,$0.63B,0.49,$0.98B,$0.35B,35.87%,$0.98B,$0.17B,17.38%,$0.98B,$0.17B,17.38%,$0.98B,$0.24B,24.39%,$0.98B,$0.15B,15.65%,$0.98B,$0.10B,9.76%,$0.10B,$0.63B,15.75%,$0.10B,$0.41B,23.91%,$0.10B,$1.27B,7.97%,$0.17B,$0.94B,19.21%,$251,$161,$91,$0,$31,$209,$43,$-5,$38,$14,$23,$23,$23,$61,$43,$52,53,$0.45,$0.45,$3,$42,$0,$250,$767,$2,$223,$29,$1022,$1271,$167,$310,$34,$472,$639,$6,$524,$-23,$632,$1271,$95,$71,$-2,$69,$-16,$-5,$11,$4,$-15,$150,$-139,$0,$-144,$0,$0,$0,$-4,$-287,$-0,$107,$107,$8,$8,$0,$6,$122,$-15,$0,$0
