,Date,Stock Price,Book Value per Share,Price to Book Ratio,TTM Sales per Share,Price to Sales Ratio,TTM FCF per Share,Price to FCF Ratio,TTM Net EPS,PE Ratio,Current Assets,Current Liabilities,Current Ratio,Long Term Debt,Shareholder's Equity_x,Debt to Equity Ratio,TTM Revenue_x,TTM Gross Profit,Gross Margin,TTM Revenue_y,TTM Operating Income,Operating Margin,TTM Revenue_x,TTM EBIT,EBIT Margin,TTM Revenue_y,TTM EBITDA,EBITDA Margin,TTM Revenue_x,TTM Pre-Tax Income,Pre-Tax Margin,TTM Revenue_y,TTM Net Income_x,Net Margin,TTM Net Income_y,Shareholder's Equity_y,Return on Equity,TTM Net Income_x,Tangible Equity,Return on Tangible Equity,TTM Net Income_y,Total Assets,Return on Assets,TTM Net Income,LT Investments & Debt,Return on Investment,revenue,cost-goods-sold,gross-profit,research-development-expenses,selling-general-administrative-expenses,operating-expenses,operating-income,total-non-operating-income-expense,pre-tax-income,total-provision-income-taxes,income-after-taxes,income-from-continuous-operations,net-income,ebitda,ebit,basic-shares-outstanding,shares-outstanding,eps-basic-net-earnings-per-share,eps-earnings-per-share-diluted,cash-on-hand,inventory,other-current-assets,total-current-assets,net-property-plant-equipment,long-term-investments,goodwill-intangible-assets-total,other-long-term-assets,total-long-term-assets,total-assets,total-current-liabilities,long-term-debt,other-non-current-liabilities,total-long-term-liabilities,total-liabilities,common-stock-net,retained-earnings-accumulated-deficit,comprehensive-income,total-share-holder-equity,total-liabilities-share-holders-equity,net-income-loss,total-depreciation-amortization-cash-flow,other-non-cash-items,total-non-cash-items,change-in-accounts-receivable,change-in-inventories,change-in-accounts-payable,change-in-assets-liabilities,total-change-in-assets-liabilities,cash-flow-from-operating-activities,net-change-in-property-plant-equipment,net-change-in-intangible-assets,net-acquisitions-divestitures,net-change-in-short-term-investments,net-change-in-long-term-investments,net-change-in-investments-total,investing-activities-other,cash-flow-from-investing-activities,net-long-term-debt,net-current-debt,debt-issuance-retirement-net-total,net-common-equity-issued-repurchased,net-total-equity-issued-repurchased,total-common-preferred-stock-dividends-paid,financial-activities-other,cash-flow-from-financial-activities,net-cash-flow,stock-based-compensation,common-stock-dividends-paid
0,2018-09-30,19.89,$14.71,1.35,$6.76,2.94,$2.39,8.33,$1.44,13.81,$97.93B,$109.75B,0.89,$13.85B,$13.76B,1.01,$7.22B,$6.37B,88.26%,$7.22B,$2.08B,28.75%,$7.22B,0,0.00%,$7.22B,0,0.00%,$7.22B,$2.08B,28.75%,$7.22B,$1.52B,21.06%,$1.52B,$15.21B,10.09%,$1.52B,$12.36B,12.50%,$1.52B,$138.81B,1.10%,$2.08B,$29.06B,7.15%,$1848,$253,$1595,$0,$1003,$1279,$569,$0,$569,$87,$482,$482,$468,$0,$0,$1036,1050,$0.45,$0.45,$3549,$0,$0,$97926,$891,$30891,$2854,$5086,$40879,$138805,$109746,$13849,$0,$13849,$123595,$1257,$11262,$-1166,$15210,$138805,$1382,$290,$259,$549,$-458,$-122,$0,$-84,$-664,$794,$-72,$0,$124,$2175,$-586,$1589,$-3024,$-1383,$-325,$911,$586,$-801,$-389,$-458,$498,$237,$-352,$78,$-458
1,2018-06-30,19.54,$14.26,1.37,$6.56,2.98,$2.64,7.4,$1.31,14.92,$97.40B,$108.84B,0.9,$13.85B,$14.08B,0.98,$7.07B,$6.32B,89.31%,$7.07B,$2.00B,28.33%,$7.07B,0,0.00%,$7.07B,0,0.00%,$7.07B,$2.00B,28.33%,$7.07B,$1.40B,19.83%,$1.40B,$15.10B,9.30%,$1.40B,$12.23B,11.53%,$1.40B,$137.79B,1.02%,$2.00B,$28.96B,6.83%,$1865,$226,$1639,$0,$1032,$1283,$582,$0,$582,$103,$479,$479,$467,$0,$0,$1053,1066,$0.44,$0.44,$4263,$0,$0,$97398,$892,$30353,$2877,$5050,$40394,$137792,$108837,$13853,$0,$13853,$122690,$1257,$10970,$-1085,$15102,$137792,$900,$195,$88,$283,$-308,$3,$0,$-56,$-361,$408,$-35,$0,$119,$1801,$46,$1847,$-1890,$41,$-365,$1295,$930,$-265,$-265,$-268,$-733,$-336,$113,$53,$-268
2,2018-03-31,19.43,$14.03,1.38,$6.43,3.02,$1.73,11.24,$1.23,15.8,$96.15B,$108.35B,0.89,$13.75B,$13.92B,0.99,$6.98B,$6.31B,90.34%,$6.98B,$1.99B,28.47%,$6.98B,0,0.00%,$6.98B,0,0.00%,$6.98B,$1.99B,28.47%,$6.98B,$1.33B,19.11%,$1.33B,$14.95B,8.82%,$1.33B,$12.02B,10.93%,$1.33B,$137.05B,0.97%,$1.99B,$28.70B,6.80%,$1738,$193,$1545,$0,$1038,$1260,$478,$0,$478,$62,$416,$416,$404,$0,$0,$1056,1072,$0.38,$0.38,$3056,$0,$0,$96147,$916,$30792,$2925,$4980,$40902,$137049,$108354,$13749,$0,$13749,$122103,$1257,$10624,$-991,$14946,$137049,$418,$103,$114,$217,$-549,$67,$0,$-28,$-510,$-211,$-18,$0,$0,$2803,$-306,$2497,$-1730,$749,$-504,$738,$234,$-146,$-146,$-127,$-527,$-566,$-28,$27,$-127
3,2017-12-31,19.95,$14.05,1.42,$6.30,3.16,$1.57,12.72,$1.12,17.81,$96.83B,$108.34B,0.89,$14.33B,$14.00B,1.02,$6.87B,$6.26B,91.07%,$6.87B,$1.93B,28.07%,$6.87B,0,0.00%,$6.87B,0,0.00%,$6.87B,$1.93B,28.07%,$6.87B,$1.23B,17.85%,$1.23B,$15.03B,8.10%,$1.23B,$12.07B,10.01%,$1.23B,$137.70B,0.90%,$1.93B,$29.36B,6.68%,$1770,$176,$1594,$0,$1121,$1323,$447,$0,$447,$251,$196,$196,$182,$0,$0,$1072,1089,$0.17,$0.18,$5954,$0,$0,$96826,$930,$30695,$2954,$4953,$40872,$137698,$108340,$14333,$0,$14333,$122673,$1257,$10335,$-779,$15025,$137698,$1298,$407,$653,$1060,$139,$31,$0,$-119,$51,$1815,$-112,$0,$-144,$-1672,$345,$-1327,$-656,$-2239,$2104,$-1299,$805,$-639,$-989,$-480,$1082,$418,$-6,$100,$-480
4,2017-09-30,18.51,$14.13,1.31,$6.47,2.86,$1.65,11.22,$1.14,16.23,$96.04B,$106.15B,0.91,$15.10B,$14.23B,1.06,$6.78B,$6.22B,91.72%,$6.78B,$1.75B,25.83%,$6.78B,0,0.00%,$6.78B,0,0.00%,$6.78B,$1.75B,25.83%,$6.78B,$1.25B,18.49%,$1.25B,$15.25B,8.25%,$1.25B,$12.35B,10.17%,$1.25B,$136.73B,0.92%,$1.75B,$30.35B,6.16%,$1701,$161,$1540,$0,$1018,$1204,$497,$0,$497,$134,$363,$363,$350,$0,$0,$1073,1089,$0.32,$0.32,$5338,$0,$0,$96035,$916,$30016,$2899,$5471,$40698,$136733,$106151,$15100,$232,$15332,$121483,$1257,$10125,$-506,$15250,$136733,$1101,$301,$406,$707,$-118,$84,$0,$-85,$-119,$1079,$-56,$0,$-74,$-1218,$1205,$-13,$-690,$-833,$2807,$-1322,$1485,$-437,$-787,$-353,$-706,$-361,$-115,$74,$-353
5,2017-06-30,18.33,$13.96,1.31,$6.35,2.89,$1.49,12.26,$0.98,18.7,$95.73B,$107.00B,0.9,$13.26B,$14.23B,0.93,$6.52B,$6.01B,92.17%,$6.52B,$1.44B,22.13%,$6.52B,0,0.00%,$6.52B,0,0.00%,$6.52B,$1.44B,22.13%,$6.52B,$1.07B,16.41%,$1.07B,$15.26B,7.07%,$1.07B,$12.36B,8.72%,$1.07B,$135.82B,0.79%,$1.44B,$28.52B,5.19%,$1770,$144,$1626,$0,$1039,$1205,$565,$0,$565,$158,$407,$407,$398,$0,$0,$1076,1093,$0.37,$0.36,$4204,$0,$0,$95727,$919,$29394,$2899,$5427,$40097,$135824,$107000,$13261,$308,$13569,$120569,$1257,$9878,$-506,$15255,$135824,$737,$198,$396,$594,$-495,$-214,$0,$-56,$-765,$-589,$-24,$0,$-74,$253,$1824,$2077,$-711,$1268,$933,$394,$1327,$-171,$-521,$-236,$-1325,$-755,$-76,$51,$-236
6,2017-03-31,17.3,$13.65,1.27,$6.11,2.83,$2.88,6.0,$0.85,20.35,$94.70B,$106.92B,0.89,$12.32B,$13.95B,0.88,$5.90B,$5.45B,92.33%,$5.90B,$1.14B,19.38%,$5.90B,0,0.00%,$5.90B,0,0.00%,$5.90B,$1.14B,19.38%,$5.90B,$0.87B,14.69%,$0.87B,$14.98B,6.13%,$0.87B,$12.19B,7.39%,$0.87B,$134.48B,0.68%,$1.14B,$27.30B,4.35%,$1627,$132,$1495,$0,$1054,$1208,$419,$0,$419,$94,$325,$325,$296,$0,$0,$1069,1087,$0.28,$0.27,$3995,$0,$0,$94698,$935,$29306,$2789,$5228,$39778,$134476,$106919,$12324,$255,$12579,$119498,$1257,$9584,$-554,$14978,$134476,$325,$100,$235,$335,$-220,$-54,$0,$-28,$-302,$-405,$-2,$0,$0,$250,$1873,$2123,$-198,$1923,$-10,$-925,$-935,$-85,$-435,$-118,$-158,$-1646,$-128,$27,$-118
7,2016-12-31,17.7,$14.12,1.25,$5.95,2.97,$3.70,4.79,$0.80,22.12,$94.47B,$108.19B,0.87,$12.38B,$13.58B,0.91,$5.39B,$4.99B,92.58%,$5.39B,$0.97B,17.96%,$5.39B,0,0.00%,$5.39B,0,0.00%,$5.39B,$0.97B,17.96%,$5.39B,$0.75B,13.99%,$0.75B,$15.24B,5.73%,$0.75B,$12.41B,6.75%,$0.75B,$136.45B,0.64%,$0.97B,$27.62B,3.88%,$1680,$124,$1556,$0,$1259,$1410,$270,$0,$270,$38,$232,$232,$209,$0,$0,$928,939,$0.19,$0.18,$4319,$0,$0,$94467,$978,$31182,$2830,$5411,$41986,$136453,$108193,$12384,$636,$13020,$121213,$1257,$9378,$-541,$15240,$136453,$790,$314,$392,$706,$188,$-79,$0,$-111,$-2,$1689,$-145,$0,$-481,$-68,$-2368,$-2436,$-3395,$-6457,$1519,$-1294,$225,$-108,$901,$-335,$4047,$4838,$70,$99,$-335
8,2016-09-30,11.73,$13.86,0.85,$5.53,2.12,$3.30,3.55,$0.87,13.48,$94.17B,$107.34B,0.88,$12.62B,$13.83B,0.91,$4.87B,$4.52B,92.87%,$4.87B,$1.00B,20.44%,$4.87B,0,0.00%,$4.87B,0,0.00%,$4.87B,$1.00B,20.62%,$4.87B,$0.77B,15.71%,$0.77B,$15.00B,6.36%,$0.77B,$12.09B,7.31%,$0.77B,$135.81B,0.71%,$1.00B,$27.62B,4.27%,$1439,$110,$1329,$0,$1128,$1251,$188,$0,$188,$16,$172,$172,$166,$0,$0,$982,995,$0.17,$0.17,$4891,$0,$0,$94171,$1023,$30282,$2906,$5769,$41634,$135805,$107335,$12622,$850,$13472,$120807,$1257,$9260,$-182,$14998,$135805,$562,$293,$226,$519,$-427,$-138,$0,$-76,$-641,$860,$-79,$0,$-481,$-509,$-1011,$-1520,$-2364,$-4444,$1545,$-2193,$-648,$-68,$451,$-224,$4147,$3726,$142,$66,$-224
9,2016-06-30,10.57,$13.43,0.79,$5.43,1.95,$2.77,3.82,$0.96,11.01,$72.42B,$77.70B,0.93,$11.39B,$11.03B,1.03,$4.56B,$4.25B,93.27%,$4.56B,$1.11B,24.30%,$4.56B,0,0.00%,$4.56B,0,0.00%,$4.56B,$1.11B,24.30%,$4.56B,$0.81B,17.81%,$0.81B,$11.32B,7.40%,$0.81B,$10.21B,8.25%,$0.81B,$101.15B,0.83%,$1.11B,$22.71B,5.12%,$1157,$87,$1070,$0,$796,$890,$267,$0,$267,$69,$198,$198,$196,$0,$0,$832,838,$0.23,$0.23,$8060,$0,$0,$72419,$742,$19961,$1110,$5201,$28731,$101150,$77698,$11388,$746,$12134,$89832,$1017,$9166,$-114,$11318,$101150,$389,$124,$199,$323,$218,$-177,$0,$-49,$-8,$724,$-30,$0,$0,$-3892,$68,$-3824,$-2328,$-6182,$1069,$142,$1211,$3,$3,$-146,$4279,$5347,$-111,$36,$-146
10,2016-03-31,10.49,$13.14,0.8,$5.40,1.94,$1.99,5.28,$1.00,10.49,$69.82B,$75.78B,0.92,$10.76B,$10.78B,1.0,$4.54B,$4.26B,93.66%,$4.54B,$1.16B,25.56%,$4.54B,0,0.00%,$4.54B,0,0.00%,$4.54B,$1.16B,25.56%,$4.54B,$0.85B,18.69%,$0.85B,$11.07B,7.87%,$0.85B,$9.95B,8.79%,$0.85B,$98.40B,0.89%,$1.16B,$21.83B,5.49%,$1114,$79,$1035,$0,$784,$871,$243,$0,$243,$56,$187,$187,$183,$0,$0,$827,835,$0.22,$0.22,$6675,$0,$0,$69820,$750,$19950,$1117,$4984,$28582,$98402,$75781,$10760,$790,$11550,$87331,$1017,$9042,$-213,$11071,$98402,$188,$62,$161,$223,$-45,$23,$0,$-25,$-47,$373,$-8,$0,$0,$-2729,$11,$-2718,$-611,$-3337,$478,$84,$562,$1,$1,$-68,$2336,$2831,$-133,$19,$-68
11,2015-12-31,12.45,$12.87,0.97,$5.32,2.34,$0.26,47.47,$1.04,11.97,$67.11B,$73.56B,0.91,$10.18B,$10.47B,0.97,$4.50B,$4.23B,93.91%,$4.50B,$1.22B,27.14%,$4.50B,0,0.00%,$4.50B,0,0.00%,$4.50B,$1.22B,27.14%,$4.50B,$0.89B,19.84%,$0.89B,$10.76B,8.37%,$0.89B,$9.63B,9.37%,$0.89B,$95.13B,0.94%,$1.22B,$20.94B,5.95%,$1158,$71,$1087,$0,$772,$861,$297,$0,$306,$73,$233,$233,$220,$0,$0,$837,844,$0.25,$0.27,$4102,$0,$0,$67111,$779,$19770,$1125,$4500,$28020,$95131,$73556,$10184,$632,$10816,$84372,$1017,$8922,$-405,$10759,$95131,$920,$247,$103,$350,$158,$-38,$0,$-108,$12,$1131,$-74,$0,$0,$1562,$-738,$824,$-2773,$-2023,$2584,$-93,$2491,$-426,$-426,$-267,$-952,$846,$-46,$58,$-267
12,2015-09-30,12.21,$12.83,0.95,$5.24,2.33,$0.40,30.19,$1.06,11.52,$66.80B,$73.72B,0.91,$10.31B,$10.43B,0.99,$4.48B,$4.21B,94.04%,$4.48B,$1.26B,28.15%,$4.48B,0,0.00%,$4.48B,0,0.00%,$4.48B,$1.26B,28.17%,$4.48B,$0.92B,20.56%,$0.92B,$10.72B,8.67%,$0.92B,$9.58B,9.72%,$0.92B,$95.42B,0.97%,$1.26B,$21.03B,6.33%,$1131,$70,$1061,$0,$760,$830,$301,$-9,$292,$72,$220,$220,$213,$0,$0,$831,839,$0.26,$0.25,$3245,$0,$0,$66802,$771,$20003,$1134,$4624,$28618,$95420,$73719,$10308,$676,$10984,$84703,$1017,$8764,$-272,$10717,$95420,$691,$176,$47,$223,$-141,$-61,$0,$-75,$-277,$249,$-39,$0,$0,$2305,$-785,$1520,$-2918,$-1437,$2472,$86,$2558,$-429,$-429,$-199,$-925,$1005,$-183,$47,$-199
13,2015-06-30,14.02,$12.57,1.12,$5.10,2.75,$0.63,22.37,$1.04,13.48,$66.20B,$73.18B,0.91,$10.27B,$10.31B,1.0,$4.41B,$4.14B,94.07%,$4.41B,$1.23B,27.85%,$4.41B,0,0.00%,$4.41B,0,0.00%,$4.41B,$1.24B,28.08%,$4.41B,$0.89B,20.16%,$0.89B,$10.60B,8.41%,$0.89B,$9.46B,9.44%,$0.89B,$94.60B,0.95%,$1.23B,$20.87B,6.43%,$1140,$68,$1072,$0,$743,$820,$320,$0,$320,$84,$236,$236,$233,$0,$0,$839,846,$0.28,$0.27,$4589,$0,$0,$66204,$788,$19969,$1140,$4334,$28400,$94604,$73178,$10265,$560,$10825,$84003,$1017,$8614,$-345,$10601,$94604,$474,$116,$37,$153,$-85,$76,$0,$-50,$-59,$59,$-17,$0,$0,$1047,$-840,$207,$-1025,$-835,$2609,$-26,$2583,$-308,$-308,$-130,$-1329,$816,$40,$33,$-130
14,2015-03-31,13.15,$12.47,1.05,$4.97,2.65,$0.84,15.72,$1.01,13.02,$66.62B,$74.06B,0.9,$8.71B,$10.32B,0.84,$4.36B,$4.10B,94.06%,$4.36B,$1.24B,28.36%,$4.36B,0,0.00%,$4.36B,0,0.00%,$4.36B,$1.25B,28.58%,$4.36B,$0.87B,19.94%,$0.87B,$10.61B,8.24%,$0.87B,$9.46B,9.24%,$0.87B,$94.20B,0.94%,$1.24B,$19.32B,6.67%,$1073,$65,$1008,$0,$695,$769,$304,$0,$304,$74,$230,$230,$227,$0,$0,$849,857,$0.27,$0.26,$4673,$0,$0,$66623,$806,$18855,$1149,$4525,$27581,$94204,$74055,$8711,$825,$9536,$83591,$1017,$8445,$-279,$10613,$94204,$235,$50,$66,$116,$-904,$-39,$0,$-25,$-968,$-1102,$-3,$0,$0,$891,$353,$1244,$-659,$582,$871,$127,$998,$-188,$-188,$-61,$-376,$373,$-147,$13,$-61
15,2014-12-31,12.85,$12.27,1.05,$4.91,2.62,$2.29,5.61,$1.01,12.72,$65.95B,$74.62B,0.88,$7.88B,$10.25B,0.77,$4.35B,$4.09B,94.00%,$4.35B,$1.27B,29.23%,$4.35B,0,0.00%,$4.35B,0,0.00%,$4.35B,$1.27B,29.23%,$4.35B,$0.88B,20.18%,$0.88B,$10.54B,8.36%,$0.88B,$9.38B,9.37%,$0.88B,$93.82B,0.96%,$1.27B,$18.42B,6.97%,$1136,$64,$1072,$0,$716,$800,$336,$0,$346,$94,$252,$252,$248,$0,$0,$871,878,$0.29,$0.28,$5672,$0,$0,$65945,$841,$19135,$1158,$4418,$27876,$93821,$74617,$7875,$784,$8662,$83279,$1017,$8273,$-356,$10542,$93821,$907,$246,$-13,$233,$-86,$-12,$0,$-106,$-204,$1320,$-96,$0,$-114,$1358,$-907,$451,$-3057,$-2816,$372,$-879,$-507,$-457,$-457,$-240,$2736,$1532,$36,$44,$-240
16,2014-09-30,12.26,$12.09,1.01,$4.82,2.54,$2.49,4.93,$0.98,12.51,$63.12B,$71.72B,0.88,$7.17B,$10.21B,0.7,$4.32B,$4.05B,93.91%,$4.32B,$1.23B,28.49%,$4.32B,0,0.00%,$4.32B,0,0.00%,$4.32B,$1.23B,28.52%,$4.32B,$0.85B,19.78%,$0.85B,$10.50B,8.18%,$0.85B,$9.33B,9.16%,$0.85B,$89.78B,0.94%,$1.23B,$17.68B,6.79%,$1056,$64,$992,$0,$715,$789,$267,$0,$267,$64,$203,$203,$180,$0,$0,$867,874,$0.21,$0.21,$3958,$0,$0,$63117,$832,$18064,$1177,$4173,$26667,$89784,$71722,$7172,$384,$7559,$79281,$1017,$8082,$-325,$10503,$89784,$653,$185,$-65,$120,$-138,$-227,$0,$-73,$-438,$465,$-52,$0,$-103,$3285,$207,$3492,$-1842,$1495,$-386,$-224,$-610,$-332,$-332,$-178,$-806,$-1926,$34,$31,$-178
17,2014-06-30,13.12,$12.00,1.09,$4.83,2.72,$2.92,4.5,$1.04,12.62,$62.98B,$70.93B,0.89,$8.21B,$10.23B,0.8,$4.37B,$4.10B,93.86%,$4.37B,$1.26B,28.83%,$4.37B,0,0.00%,$4.37B,0,0.00%,$4.37B,$1.26B,28.78%,$4.37B,$0.94B,21.53%,$0.94B,$10.52B,9.06%,$0.94B,$9.43B,10.14%,$0.94B,$91.80B,1.03%,$1.26B,$18.73B,7.07%,$1094,$66,$1028,$0,$690,$765,$329,$0,$329,$76,$253,$253,$214,$0,$0,$875,902,$0.24,$0.24,$4670,$0,$0,$62981,$844,$18356,$1087,$4293,$28817,$91798,$70933,$8213,$451,$10344,$81277,$1017,$7950,$-289,$10521,$91798,$467,$109,$-42,$67,$171,$-152,$0,$-48,$-29,$263,$-29,$0,$0,$2414,$-129,$2285,$-1174,$1082,$582,$-143,$439,$-217,$-217,$-117,$-1463,$-1358,$-13,$21,$-117
18,2014-03-31,12.97,$11.77,1.1,$4.80,2.7,$3.64,3.57,$1.02,12.72,$62.19B,$70.44B,0.88,$7.71B,$10.13B,0.76,$4.36B,$4.08B,93.62%,$4.36B,$1.21B,27.67%,$4.36B,0,0.00%,$4.36B,0,0.00%,$4.36B,$1.20B,27.51%,$4.36B,$0.92B,21.20%,$0.92B,$10.42B,8.96%,$0.92B,$9.32B,10.05%,$0.92B,$90.80B,1.01%,$1.21B,$18.13B,6.95%,$1065,$67,$998,$0,$658,$725,$340,$-10,$330,$92,$238,$238,$236,$0,$0,$885,892,$0.27,$0.26,$4171,$0,$0,$62187,$862,$18084,$1096,$4146,$28615,$90802,$70444,$7712,$408,$9939,$80383,$1017,$7793,$-324,$10419,$90802,$242,$52,$11,$63,$213,$-102,$0,$-24,$87,$156,$-10,$0,$0,$2668,$69,$2737,$-997,$1730,$68,$4,$72,$-115,$-115,$-55,$-1996,$-2094,$-208,$11,$-55
19,2013-12-31,12.18,$11.59,1.05,$4.79,2.54,$3.72,3.28,$0.97,12.55,$64.18B,$72.70B,0.88,$7.65B,$10.03B,0.76,$4.39B,$4.09B,93.27%,$4.39B,$1.14B,26.01%,$4.39B,0,0.00%,$4.39B,0,0.00%,$4.39B,$1.14B,26.01%,$4.39B,$0.89B,20.22%,$0.89B,$10.32B,8.61%,$0.89B,$9.21B,9.67%,$0.89B,$92.93B,0.98%,$1.14B,$17.97B,6.57%,$1102,$66,$1036,$0,$732,$808,$294,$0,$305,$70,$235,$235,$224,$0,$0,$907,913,$0.25,$0.25,$6945,$0,$0,$64180,$885,$18071,$1106,$4120,$28754,$92934,$72696,$7650,$414,$9918,$82614,$1017,$7606,$-352,$10320,$92934,$910,$221,$278,$499,$40,$-133,$0,$-106,$-199,$1547,$-92,$0,$732,$-1650,$-1395,$-3045,$-1787,$-4192,$1028,$-18,$1010,$-448,$-448,$-217,$2333,$2678,$33,$35,$-217
20,2013-09-30,10.3,$11.40,0.9,$4.77,2.16,$3.33,3.1,$0.93,11.07,$61.26B,$71.83B,0.85,$6.15B,$9.95B,0.62,$4.41B,$4.10B,92.84%,$4.41B,$1.09B,24.80%,$4.41B,0,0.00%,$4.41B,0,0.00%,$4.41B,$1.09B,24.60%,$4.41B,$0.86B,19.38%,$0.86B,$10.24B,8.30%,$0.86B,$9.12B,9.33%,$0.86B,$90.71B,0.95%,$1.09B,$16.39B,6.38%,$1106,$69,$1037,$0,$729,$810,$296,$-3,$293,$59,$234,$234,$266,$0,$0,$902,908,$0.29,$0.29,$5089,$0,$0,$61264,$890,$18448,$1116,$4152,$29444,$90708,$71831,$6154,$450,$8641,$80472,$1017,$7431,$-369,$10236,$90708,$680,$168,$245,$413,$-49,$-201,$0,$-74,$-324,$868,$-52,$0,$948,$405,$-1538,$-1133,$-1056,$-1293,$-527,$26,$-501,$-353,$-353,$-162,$1605,$589,$164,$27,$-162
21,2013-06-30,9.93,$11.24,0.88,$4.82,2.06,$3.01,3.3,$0.87,11.41,$60.36B,$71.09B,0.85,$6.67B,$9.97B,0.67,$4.49B,$4.15B,92.30%,$4.49B,$1.07B,23.70%,$4.49B,0,0.00%,$4.49B,0,0.00%,$4.49B,$1.06B,23.61%,$4.49B,$0.81B,17.98%,$0.81B,$10.26B,7.84%,$0.81B,$9.13B,8.82%,$0.81B,$90.64B,0.91%,$1.07B,$16.93B,6.21%,$1086,$76,$1010,$0,$724,$810,$276,$-5,$271,$72,$199,$199,$198,$0,$0,$914,919,$0.22,$0.22,$4870,$0,$0,$60361,$900,$19040,$1128,$4126,$30278,$90639,$71087,$6666,$456,$9291,$80378,$1017,$7214,$-318,$10261,$90639,$409,$93,$435,$528,$233,$13,$0,$-50,$196,$925,$-26,$0,$573,$357,$-2170,$-1813,$-339,$-1605,$-25,$49,$24,$-163,$-163,$-107,$1038,$792,$112,$19,$-107
22,2013-03-31,8.91,$11.25,0.79,$4.82,1.85,$2.49,3.58,$0.89,10.01,$59.40B,$68.33B,0.87,$7.79B,$10.09B,0.77,$4.53B,$4.13B,91.30%,$4.53B,$1.08B,23.77%,$4.53B,0,0.00%,$4.53B,0,0.00%,$4.53B,$1.07B,23.66%,$4.53B,$0.84B,18.58%,$0.84B,$10.38B,8.18%,$0.84B,$9.24B,9.15%,$0.84B,$89.20B,0.96%,$1.08B,$18.16B,6.20%,$1092,$84,$1008,$0,$721,$817,$275,$-3,$272,$70,$202,$202,$199,$0,$0,$920,926,$0.22,$0.21,$4403,$0,$0,$59402,$930,$18276,$1138,$4270,$29796,$89198,$68334,$7785,$524,$10485,$78819,$1017,$7065,$-162,$10379,$89198,$205,$44,$98,$142,$183,$-96,$0,$-25,$62,$231,$-4,$0,$0,$859,$-1215,$-356,$204,$-156,$977,$433,$1410,$-57,$-57,$-52,$-1339,$-38,$37,$10,$-52
23,2012-12-31,7.49,$11.14,0.67,$4.82,1.55,$1.07,6.98,$0.88,8.52,$60.44B,$69.28B,0.87,$6.85B,$10.02B,0.68,$4.56B,$4.12B,90.33%,$4.56B,$1.08B,23.57%,$4.56B,0,0.00%,$4.56B,0,0.00%,$4.56B,$1.07B,23.53%,$4.56B,$0.84B,18.33%,$0.84B,$10.31B,8.18%,$0.84B,$9.16B,9.11%,$0.84B,$89.24B,0.96%,$1.08B,$17.16B,6.12%,$1127,$87,$1040,$0,$793,$880,$247,$-3,$249,$53,$196,$196,$192,$0,$0,$939,943,$0.22,$0.22,$5129,$0,$0,$60436,$965,$17089,$1150,$4314,$28800,$89236,$69276,$6847,$584,$9651,$78927,$1017,$6913,$-124,$10309,$89236,$865,$235,$155,$390,$202,$18,$0,$-110,$110,$1299,$-163,$0,$776,$-421,$2118,$1697,$-2558,$-248,$-2557,$-152,$-2709,$-249,$-249,$-191,$1989,$-1160,$-109,$49,$-191
24,2012-09-30,7.73,$10.98,0.7,$4.68,1.65,$1.59,4.85,$0.87,8.89,$57.86B,$67.53B,0.86,$6.12B,$9.99B,0.61,$4.43B,$3.93B,88.82%,$4.43B,$1.08B,24.38%,$4.43B,0,0.00%,$4.43B,0,0.00%,$4.43B,$1.09B,24.54%,$4.43B,$0.84B,18.93%,$0.84B,$10.28B,8.28%,$0.84B,$9.12B,9.18%,$0.84B,$86.95B,0.96%,$1.08B,$16.40B,5.95%,$1189,$99,$1090,$0,$820,$922,$267,$2,$269,$51,$218,$218,$219,$0,$0,$936,941,$0.23,$0.23,$3844,$0,$0,$57856,$942,$17221,$1161,$4370,$29094,$86950,$67527,$6119,$657,$9144,$76671,$1017,$6762,$-69,$10279,$86950,$662,$162,$56,$218,$137,$0,$0,$0,$137,$648,$-100,$0,$866,$1311,$2194,$3505,$-1287,$2984,$-3322,$86,$-3236,$-161,$-161,$-139,$184,$-3352,$280,$38,$-139
25,2012-06-30,6.81,$10.76,0.63,$4.67,1.46,$2.88,2.37,$0.86,7.92,$55.95B,$65.64B,0.85,$7.52B,$9.89B,0.76,$4.43B,$3.87B,87.53%,$4.43B,$1.14B,25.79%,$4.43B,0,0.00%,$4.43B,0,0.00%,$4.43B,$1.15B,25.92%,$4.43B,$0.83B,18.78%,$0.83B,$10.18B,8.28%,$0.83B,$9.24B,9.13%,$0.83B,$86.52B,0.94%,$1.14B,$17.70B,5.94%,$1119,$124,$995,$0,$707,$832,$287,$-6,$281,$54,$227,$227,$231,$0,$0,$945,948,$0.24,$0.24,$3611,$0,$0,$55951,$931,$18743,$932,$4421,$30572,$86523,$65635,$7521,$763,$10712,$76347,$1017,$6595,$-72,$10176,$86523,$441,$104,$37,$141,$97,$-57,$0,$0,$40,$373,$61,$0,$0,$1303,$516,$1819,$-193,$1567,$-1990,$30,$-1960,$-81,$-81,$-87,$211,$-1917,$23,$27,$-87
26,2012-03-31,7.43,$10.58,0.7,$4.73,1.57,$3.87,1.92,$0.87,8.54,$56.50B,$65.09B,0.87,$8.90B,$9.83B,0.91,$4.49B,$3.90B,86.85%,$4.49B,$1.19B,26.48%,$4.49B,0,0.00%,$4.49B,0,0.00%,$4.49B,$1.21B,27.02%,$4.49B,$0.83B,18.59%,$0.83B,$10.12B,8.40%,$0.83B,$9.18B,9.28%,$0.83B,$87.43B,0.94%,$1.19B,$19.01B,5.95%,$1126,$131,$995,$0,$720,$852,$274,$0,$274,$73,$201,$201,$194,$0,$0,$949,954,$0.20,$0.20,$4634,$0,$0,$56497,$937,$18840,$932,$4435,$30934,$87431,$65088,$8898,$754,$12227,$77315,$1017,$6411,$-19,$10116,$87431,$200,$48,$21,$69,$-934,$9,$0,$0,$-925,$-1091,$-26,$0,$0,$-86,$463,$377,$1409,$1760,$-572,$122,$-450,$0,$0,$-35,$-462,$-947,$-278,$0,$-35
27,2011-12-31,6.69,$10.41,0.64,$4.92,1.36,$5.47,1.22,$0.86,7.78,$57.21B,$65.77B,0.87,$9.52B,$9.63B,0.99,$4.58B,$3.96B,86.41%,$4.58B,$1.30B,28.47%,$4.58B,0,0.00%,$4.58B,0,0.00%,$4.58B,$1.33B,29.08%,$4.58B,$0.81B,17.76%,$0.81B,$9.92B,8.28%,$0.81B,$8.99B,9.15%,$0.81B,$88.79B,0.91%,$1.30B,$19.44B,6.39%,$992,$141,$851,$0,$597,$741,$251,$11,$262,$64,$198,$198,$194,$0,$0,$932,936,$0.20,$0.21,$4836,$0,$0,$57212,$944,$19284,$934,$4551,$31573,$88785,$65767,$9520,$1026,$13096,$78863,$1017,$6246,$-28,$9922,$88785,$932,$201,$218,$419,$-201,$362,$0,$-111,$50,$1793,$-179,$0,$0,$-2175,$4014,$1839,$63,$1723,$-1169,$-1148,$-2317,$534,$-1966,$-164,$1346,$-3101,$415,$41,$-164
28,2011-09-30,5.14,$10.41,0.49,$5.38,0.95,$6.67,0.77,$0.98,5.24,$56.81B,$64.84B,0.88,$10.72B,$9.63B,1.11,$4.92B,$4.26B,86.53%,$4.92B,$1.55B,31.45%,$4.92B,0,0.00%,$4.92B,0,0.00%,$4.92B,$1.58B,32.04%,$4.92B,$0.90B,18.24%,$0.90B,$9.92B,8.82%,$0.90B,$8.98B,9.71%,$0.90B,$89.26B,1.00%,$1.55B,$20.64B,7.36%,$1188,$156,$1032,$0,$702,$859,$329,$1,$330,$95,$235,$235,$212,$0,$0,$949,951,$0.22,$0.22,$6323,$0,$0,$56812,$924,$19998,$935,$4560,$32450,$89262,$64835,$10717,$1141,$14509,$79344,$1017,$6079,$143,$9918,$89262,$732,$208,$-384,$-176,$18,$256,$0,$0,$274,$1875,$-101,$0,$0,$-3422,$3406,$-16,$1480,$1363,$-65,$-949,$-1014,$534,$-1966,$-130,$422,$-2688,$550,$0,$-130
29,2011-06-30,7.18,$10.21,0.7,$5.65,1.27,$6.94,1.03,$0.96,7.48,$56.14B,$64.11B,0.88,$11.00B,$9.45B,1.16,$5.06B,$4.35B,85.96%,$5.06B,$1.51B,29.72%,$5.06B,0,0.00%,$5.06B,0,0.00%,$5.06B,$1.54B,30.47%,$5.06B,$0.86B,17.06%,$0.86B,$9.74B,8.19%,$0.86B,$8.80B,8.99%,$0.86B,$88.78B,0.95%,$1.51B,$20.73B,6.98%,$1180,$162,$1018,$0,$684,$846,$334,$12,$346,$94,$252,$252,$234,$0,$0,$948,952,$0.25,$0.25,$6185,$0,$0,$56144,$919,$19894,$936,$4561,$32638,$88782,$64107,$10997,$991,$14938,$79045,$1017,$5926,$109,$9737,$88782,$514,$143,$59,$202,$110,$216,$0,$0,$326,$1454,$-74,$0,$0,$-3219,$3394,$175,$1963,$2064,$336,$-1017,$-681,$534,$-1966,$-96,$-200,$-2943,$575,$0,$-96
30,2011-03-31,7.63,$10.17,0.75,$5.96,1.28,$7.21,1.06,$0.74,10.31,$56.65B,$65.66B,0.86,$11.05B,$9.41B,1.18,$5.24B,$4.44B,84.86%,$5.24B,$1.27B,24.31%,$5.24B,0,0.00%,$5.24B,0,0.00%,$5.24B,$1.31B,25.00%,$5.24B,$0.66B,12.58%,$0.66B,$9.70B,6.06%,$0.66B,$8.76B,6.63%,$0.66B,$90.44B,0.71%,$1.27B,$20.75B,5.85%,$1217,$163,$1054,$0,$665,$828,$389,$4,$393,$111,$282,$282,$173,$0,$0,$882,888,$0.20,$0.19,$5286,$0,$0,$56650,$906,$20869,$937,$4683,$33788,$90438,$65658,$11048,$1106,$15083,$80741,$1017,$5721,$-35,$9697,$90438,$271,$74,$40,$114,$61,$-56,$0,$0,$5,$412,$-30,$0,$0,$-2361,$2439,$78,$1344,$1392,$498,$-279,$219,$600,$-1900,$-61,$200,$-1542,$262,$0,$-61
31,2010-12-31,7.6,$12.92,0.59,$6.13,1.24,$7.72,0.98,$0.44,17.27,$55.45B,$65.74B,0.84,$10.59B,$8.64B,1.23,$5.36B,$4.47B,83.27%,$5.36B,$0.76B,14.16%,$5.36B,0,0.00%,$5.36B,0,0.00%,$5.36B,$0.79B,14.79%,$5.36B,$0.39B,7.27%,$0.39B,$11.37B,3.49%,$0.39B,$10.44B,3.81%,$0.39B,$91.84B,0.42%,$0.76B,$21.97B,3.43%,$1337,$182,$1155,$0,$659,$841,$496,$26,$508,$172,$336,$336,$279,$0,$0,$875,878,$0.33,$0.32,$2607,$0,$0,$55453,$908,$23308,$938,$4682,$36390,$91843,$65737,$10592,$1142,$14732,$80469,$946,$5557,$-17,$11374,$91843,$584,$330,$747,$1077,$307,$224,$0,$0,$531,$2724,$-153,$0,$0,$399,$-4924,$-4525,$6652,$1974,$-860,$1114,$254,$0,$0,$-184,$-4961,$-4891,$-193,$0,$-184
32,2010-09-30,6.82,$12.94,0.53,$6.61,1.03,$7.81,0.87,$-0.18,0.0,$57.82B,$66.76B,0.87,$11.44B,$8.66B,1.32,$5.43B,$4.41B,81.24%,$5.43B,$-0.24B,-4.39%,$5.43B,0,0.00%,$5.43B,0,0.00%,$5.43B,$-0.24B,-4.48%,$5.43B,$-0.15B,-2.84%,$-0.15B,$11.39B,-1.39%,$-0.15B,$10.43B,-1.52%,$-0.15B,$94.04B,-0.16%,$-0.24B,$22.83B,-1.07%,$1330,$204,$1126,$0,$840,$1044,$286,$10,$296,$85,$211,$211,$178,$0,$0,$874,874,$0.20,$0.20,$3849,$0,$0,$57819,$888,$22664,$956,$4966,$36224,$94043,$66758,$11443,$1330,$15897,$82655,$946,$5287,$285,$11388,$94043,$261,$254,$800,$1054,$129,$54,$0,$0,$183,$1969,$-101,$0,$0,$-128,$-3899,$-4027,$5681,$1553,$-275,$1396,$1121,$0,$0,$-138,$-4153,$-3170,$352,$0,$-138
33,2010-06-30,6.58,$12.57,0.52,$6.67,0.99,$7.29,0.9,$-0.90,0.0,$59.46B,$68.18B,0.87,$10.45B,$8.34B,1.25,$5.42B,$4.26B,78.56%,$5.42B,$-1.11B,-20.48%,$5.42B,0,0.00%,$5.42B,0,0.00%,$5.42B,$-1.20B,-22.13%,$5.42B,$-0.77B,-14.21%,$-0.77B,$11.07B,-6.98%,$-0.77B,$10.11B,-7.65%,$-0.77B,$94.17B,-0.81%,$-1.11B,$21.52B,-4.92%,$1353,$244,$1109,$0,$1007,$1251,$102,$10,$112,$11,$101,$101,$29,$0,$0,$875,875,$0.03,$0.03,$3589,$0,$0,$59464,$872,$21207,$959,$4851,$34703,$94167,$68184,$10451,$1321,$14911,$83095,$946,$5118,$153,$11072,$94167,$35,$173,$632,$805,$-77,$195,$0,$0,$118,$1553,$-53,$0,$0,$-241,$-2662,$-2903,$4254,$1298,$-1016,$1573,$557,$0,$0,$-92,$-3196,$-2731,$120,$0,$-92
34,2010-03-31,6.63,$12.42,0.53,$7.98,0.83,$6.97,0.95,$-1.61,0.0,$64.19B,$69.61B,0.92,$11.18B,$8.20B,1.36,$5.72B,$4.42B,77.37%,$5.72B,$-1.60B,-28.06%,$5.72B,0,0.00%,$5.72B,0,0.00%,$5.72B,$-1.71B,-29.98%,$5.72B,$-1.19B,-20.80%,$-1.19B,$10.92B,-10.78%,$-1.19B,$9.96B,-11.84%,$-1.19B,$95.30B,-1.24%,$-1.60B,$22.10B,-6.89%,$1342,$267,$1075,$0,$1200,$1467,$-125,$2,$-123,$-82,$-41,$-41,$-96,$0,$0,$874,874,$-0.11,$-0.11,$5998,$0,$0,$64192,$872,$18100,$963,$4802,$31111,$95303,$69611,$11177,$1103,$14770,$84381,$946,$5098,$19,$10922,$95303,$-39,$88,$341,$429,$10,$175,$0,$0,$185,$843,$-20,$0,$0,$-2602,$195,$-2407,$2227,$-200,$-318,$291,$-27,$0,$0,$-46,$-422,$-495,$148,$0,$-46
35,2009-12-31,4.74,$12.44,0.38,$9.40,0.5,$5.82,0.81,$-2.59,0.0,$64.20B,$69.66B,0.92,$11.56B,$8.21B,1.41,$5.83B,$4.42B,75.73%,$5.83B,$-1.99B,-34.13%,$5.83B,0,0.00%,$5.83B,0,0.00%,$5.83B,$-2.30B,-39.42%,$5.83B,$-1.63B,-27.94%,$-1.63B,$10.93B,-15.03%,$-1.63B,$9.97B,-16.55%,$-1.63B,$93.29B,-1.69%,$-1.99B,$22.49B,-8.27%,$1402,$303,$1099,$0,$1600,$1903,$-501,$-27,$-528,$-347,$-181,$-181,$-265,$0,$0,$697,697,$-0.05,$-0.05,$3423,$0,$0,$64198,$880,$18153,$967,$4881,$29089,$93287,$69660,$11558,$1012,$12694,$82354,$946,$5158,$-3,$10933,$93287,$-1311,$389,$1843,$2232,$296,$108,$0,$0,$404,$2320,$-213,$0,$0,$3478,$-8216,$-4738,$11560,$6609,$-2963,$-7952,$-10915,$986,$986,$-213,$439,$-9703,$-774,$0,$-213
36,2009-09-30,5.54,$12.73,0.44,$10.35,0.54,$1.12,4.93,$-3.42,0.0,$68.99B,$71.63B,0.96,$12.87B,$8.47B,1.52,$5.76B,$4.26B,74.01%,$5.76B,$-1.68B,-29.17%,$5.76B,0,0.00%,$5.76B,0,0.00%,$5.76B,$-2.42B,-41.94%,$5.76B,$-1.92B,-33.30%,$-1.92B,$11.19B,-17.80%,$-1.92B,$10.22B,-19.75%,$-1.92B,$96.99B,-1.93%,$-1.68B,$24.05B,-6.76%,$1322,$348,$974,$0,$1560,$1908,$-586,$-74,$-660,$-274,$-386,$-386,$-438,$0,$0,$840,840,$-0.52,$-0.52,$5117,$0,$0,$68991,$863,$16885,$971,$5101,$27998,$96989,$71630,$12865,$1185,$14171,$85801,$946,$5431,$46,$11188,$96989,$-1123,$297,$1633,$1930,$42,$-126,$0,$0,$-84,$1467,$-115,$0,$0,$2235,$-6928,$-4693,$8872,$4064,$-1098,$-7899,$-8997,$987,$987,$-168,$2127,$-6051,$-520,$0,$-168
37,2009-06-30,4.46,$13.87,0.32,$11.94,0.37,$0.08,59.0,$-3.00,0.0,$73.33B,$72.62B,1.01,$13.46B,$8.35B,1.61,$6.00B,$4.36B,72.68%,$6.00B,$-1.10B,-18.32%,$6.00B,0,0.00%,$6.00B,0,0.00%,$6.00B,$-1.76B,-29.42%,$6.00B,$-1.53B,-25.49%,$-1.53B,$11.06B,-14.99%,$-1.53B,$10.04B,-17.07%,$-1.53B,$97.79B,-1.52%,$-1.10B,$24.52B,-4.40%,$1651,$376,$1275,$0,$1667,$2043,$-392,$-11,$-403,$-176,$-227,$-227,$-390,$0,$0,$577,577,$-0.68,$-0.68,$4964,$0,$0,$73328,$858,$13463,$1021,$5040,$24464,$97792,$72620,$13462,$528,$14112,$86732,$865,$5878,$0,$11060,$97792,$-721,$201,$1149,$1350,$-180,$509,$0,$0,$329,$874,$-71,$0,$0,$1734,$-3592,$-1858,$4673,$2744,$-876,$-6794,$-7670,$987,$987,$-122,$2648,$-4157,$-539,$0,$-122
38,2009-03-31,6.69,$20.41,0.33,$12.51,0.53,$-2.01,0.0,$-5.02,0.0,$76.09B,$71.62B,1.06,$14.98B,$7.10B,2.11,$5.77B,$3.99B,69.09%,$5.77B,$-1.23B,-21.23%,$5.77B,0,0.00%,$5.77B,0,0.00%,$5.77B,$-1.88B,-32.58%,$5.77B,$-2.26B,-39.23%,$-2.26B,$10.17B,-23.46%,$-2.26B,$9.15B,-27.53%,$-2.26B,$97.83B,-2.23%,$-1.23B,$25.15B,-4.94%,$1455,$388,$1067,$0,$1578,$1966,$-511,$-196,$-707,$-238,$-469,$-469,$-536,$0,$0,$493,493,$-1.09,$-1.09,$4820,$0,$0,$76093,$847,$9852,$1027,$5590,$21741,$97834,$71618,$14978,$927,$16042,$87660,$584,$6160,$97,$10174,$97834,$-498,$95,$822,$917,$-136,$1,$0,$0,$-135,$-68,$-32,$0,$0,$2304,$60,$2364,$2480,$4812,$145,$-6184,$-6039,$0,$0,$-75,$749,$-5365,$-621,$0,$-75
39,2008-12-31,7.17,$21.58,0.33,$14.27,0.5,$-1.26,0.0,$-3.38,0.0,$82.40B,$77.64B,1.06,$15.00B,$7.61B,1.97,$6.20B,$4.16B,67.15%,$6.20B,$-0.39B,-6.31%,$6.20B,0,0.00%,$6.20B,0,0.00%,$6.20B,$-0.85B,-13.71%,$6.20B,$-1.51B,-24.35%,$-1.51B,$10.68B,-16.24%,$-1.51B,$9.45B,-19.64%,$-1.51B,$104.53B,-1.48%,$-0.39B,$25.68B,-1.61%,$1332,$385,$947,$0,$1138,$1523,$-191,$-439,$-646,$-255,$-391,$-391,$-554,$0,$0,$450,450,$-1.11,$-1.10,$7746,$0,$0,$82396,$840,$9797,$1229,$5856,$22135,$104531,$77642,$14995,$1032,$16208,$93850,$584,$6727,$65,$10681,$104531,$-1460,$429,$140,$569,$1063,$-232,$0,$-64,$767,$-560,$-194,$0,$-157,$-4632,$885,$-3747,$-2067,$-6165,$2581,$-543,$2038,$4194,$4194,$-445,$380,$6167,$-558,$0,$-445
40,2008-09-30,9.99,$17.90,0.56,$15.45,0.65,$-0.17,0.0,$-2.19,0.0,$79.78B,$76.10B,1.05,$15.60B,$8.20B,1.9,$6.51B,$4.34B,66.74%,$6.51B,$-0.19B,-2.92%,$6.51B,0,0.00%,$6.51B,0,0.00%,$6.51B,$-0.24B,-3.72%,$6.51B,$-0.93B,-14.31%,$-0.93B,$8.86B,-10.87%,$-0.93B,$7.16B,-13.46%,$-0.93B,$101.29B,-0.93%,$-0.19B,$24.46B,-0.83%,$1557,$489,$1068,$0,$1072,$1561,$-4,$-4,$-8,$-22,$14,$14,$-48,$0,$0,$491,491,$-0.10,$-0.10,$4029,$0,$0,$79775,$801,$9780,$1700,$4921,$21515,$101290,$76099,$15597,$581,$16333,$92432,$584,$7320,$153,$8858,$101290,$-933,$320,$539,$859,$795,$-393,$0,$-64,$338,$382,$-106,$0,$-157,$-70,$856,$786,$-2238,$-1715,$3768,$-3427,$341,$1694,$1694,$-403,$-175,$1457,$124,$0,$-403
41,2008-06-30,9.04,$18.29,0.49,$17.04,0.53,$-2.55,0.0,$-1.55,0.0,$83.46B,$76.92B,1.09,$15.11B,$8.24B,1.83,$6.82B,$4.41B,64.60%,$6.82B,$0.12B,1.82%,$6.82B,0,0.00%,$6.82B,0,0.00%,$6.82B,$0.08B,1.11%,$6.82B,$-0.67B,-9.87%,$-0.67B,$8.89B,-8.10%,$-0.67B,$7.14B,-9.96%,$-0.67B,$101.54B,-0.68%,$0.12B,$23.99B,0.58%,$1427,$522,$905,$0,$1424,$1946,$-519,$0,$-519,$610,$-1129,$-1129,$-1126,$0,$0,$417,417,$-2.70,$-2.70,$4221,$0,$0,$83457,$748,$9896,$1744,$5699,$18087,$101544,$76916,$15106,$637,$15743,$92659,$577,$7461,$149,$8885,$101544,$-908,$217,$481,$698,$116,$-427,$0,$-64,$-375,$-201,$-86,$0,$-157,$-244,$846,$602,$-1344,$-985,$2990,$-2505,$485,$1607,$1607,$-298,$-510,$1284,$98,$0,$-298
42,2008-03-31,17.77,$21.92,0.81,$18.76,0.95,$-3.08,0.0,$1.99,8.93,$83.54B,$77.92B,1.07,$14.34B,$8.77B,1.64,$7.44B,$4.84B,65.02%,$7.44B,$1.11B,14.92%,$7.44B,0,0.00%,$7.44B,0,0.00%,$7.44B,$1.06B,14.28%,$7.44B,$0.79B,10.58%,$0.79B,$8.77B,9.83%,$0.79B,$7.01B,11.98%,$0.79B,$101.49B,0.81%,$1.11B,$23.11B,5.38%,$1884,$641,$1243,$0,$920,$1561,$323,$0,$323,$104,$219,$219,$218,$0,$0,$399,400,$0.55,$0.54,$3322,$0,$0,$83536,$712,$10009,$1763,$5472,$17956,$101492,$77921,$14337,$465,$14802,$92723,$492,$8737,$393,$8769,$101492,$219,$110,$-79,$31,$-121,$41,$0,$-64,$-144,$262,$-46,$0,$-157,$5,$958,$963,$-1034,$-274,$1885,$-1610,$275,$3,$3,$-148,$-202,$-72,$-84,$0,$-148
43,2007-12-31,18.67,$19.92,0.94,$19.06,0.98,$-4.49,0.0,$2.31,8.08,$81.87B,$78.27B,1.05,$11.96B,$7.75B,1.54,$7.58B,$4.93B,65.03%,$7.58B,$1.29B,17.05%,$7.58B,0,0.00%,$7.58B,0,0.00%,$7.58B,$1.24B,16.42%,$7.58B,$0.92B,12.13%,$0.92B,$7.75B,11.86%,$0.92B,$6.37B,14.32%,$0.92B,$98.23B,0.97%,$1.29B,$19.70B,6.45%,$1639,$512,$1127,$0,$1117,$1629,$10,$0,$-38,$-86,$48,$48,$25,$0,$0,$392,396,$0.08,$0.07,$3386,$0,$0,$81867,$681,$9426,$1375,$4879,$16361,$98228,$78273,$11957,$252,$12209,$90482,$492,$8522,$130,$7746,$98228,$951,$420,$111,$531,$-316,$-144,$0,$343,$-117,$-44,$-187,$0,$119,$-21,$-62,$-83,$-5281,$-5432,$-2929,$4954,$2025,$-483,$-483,$-570,$4043,$5015,$-461,$0,$-570
44,2007-09-30,25.37,$20.12,1.26,$19.73,1.29,$-1.73,0.0,$2.61,9.72,$80.22B,$76.55B,1.05,$11.55B,$7.82B,1.48,$7.91B,$5.07B,64.10%,$7.91B,$1.69B,21.37%,$7.91B,0,0.00%,$7.91B,0,0.00%,$7.91B,$1.69B,21.37%,$7.91B,$1.04B,13.15%,$1.04B,$7.82B,13.44%,$1.04B,$6.51B,16.20%,$1.04B,$96.14B,1.11%,$1.69B,$19.37B,8.18%,$1872,$740,$1132,$0,$822,$1562,$310,$0,$310,$86,$224,$224,$210,$0,$0,$389,393,$0.54,$0.54,$3604,$0,$0,$80220,$631,$9460,$1307,$4519,$15917,$96137,$76550,$11549,$218,$11767,$88317,$492,$8788,$-54,$7820,$96137,$894,$316,$-194,$122,$-1143,$-148,$0,$279,$-1012,$-599,$-114,$0,$199,$-168,$-54,$-222,$-3417,$-3554,$-3097,$3306,$209,$-484,$-484,$-427,$4607,$3905,$-248,$0,$-427
45,2007-06-30,26.66,$19.78,1.35,$19.68,1.35,$-1.34,0.0,$2.83,9.42,$77.29B,$72.44B,1.07,$12.58B,$7.70B,1.63,$7.97B,$5.19B,65.08%,$7.97B,$1.80B,22.63%,$7.97B,0,0.00%,$7.97B,0,0.00%,$7.97B,$1.80B,22.63%,$7.97B,$1.14B,14.33%,$1.14B,$7.70B,14.70%,$1.14B,$6.39B,17.83%,$1.14B,$92.97B,1.22%,$1.80B,$20.28B,8.49%,$2044,$709,$1335,$0,$868,$1577,$467,$0,$467,$130,$337,$337,$334,$0,$0,$392,397,$0.85,$0.84,$3283,$0,$0,$77291,$600,$9458,$1312,$4306,$15676,$92967,$72437,$12581,$248,$12829,$85266,$492,$8720,$-169,$7701,$92967,$684,$209,$-226,$-17,$-951,$-82,$0,$279,$-754,$-430,$-57,$0,$199,$-143,$-105,$-248,$-1033,$-1139,$-1806,$2158,$352,$-434,$-434,$-286,$1491,$1123,$-446,$0,$-286
46,2007-03-31,28.8,$19.57,1.47,$19.09,1.51,$-1.19,0.0,$2.74,10.51,$76.76B,$71.30B,1.08,$13.06B,$7.72B,1.69,$7.80B,$5.10B,65.41%,$7.80B,$1.76B,22.62%,$7.80B,0,0.00%,$7.80B,0,0.00%,$7.80B,$1.76B,22.62%,$7.80B,$1.12B,14.31%,$1.12B,$7.72B,14.35%,$1.12B,$6.40B,17.53%,$1.12B,$92.26B,1.19%,$1.76B,$20.78B,8.17%,$2022,$689,$1333,$0,$828,$1517,$505,$0,$505,$147,$358,$358,$350,$0,$0,$398,403,$0.88,$0.87,$4036,$0,$0,$76764,$590,$9293,$1317,$4292,$15492,$92256,$71303,$13061,$173,$13234,$84537,$492,$8528,$-114,$7719,$92256,$350,$105,$-161,$-56,$-547,$241,$0,$0,$-306,$-327,$-22,$0,$199,$-918,$2,$-916,$65,$-674,$-1543,$2043,$500,$-229,$-229,$-145,$663,$789,$-212,$0,$-145
47,2006-12-31,28.96,$19.30,1.5,$18.28,1.58,$-0.20,0.0,$2.57,11.27,$76.20B,$69.18B,1.1,$14.53B,$7.70B,1.89,$7.51B,$4.94B,65.83%,$7.51B,$1.64B,21.89%,$7.51B,0,0.00%,$7.51B,0,0.00%,$7.51B,$1.64B,21.89%,$7.51B,$1.06B,14.05%,$1.06B,$7.70B,13.60%,$1.06B,$6.38B,16.73%,$1.06B,$92.34B,1.12%,$1.64B,$22.24B,7.53%,$1971,$701,$1270,$0,$862,$1563,$408,$0,$408,$97,$311,$311,$146,$0,$0,$404,410,$0.37,$0.36,$3671,$0,$0,$76203,$595,$9220,$1322,$4997,$16134,$92337,$69179,$14533,$922,$15455,$84634,$492,$8377,$-184,$7703,$92337,$1055,$397,$259,$656,$-356,$-62,$0,$0,$-418,$1005,$-114,$0,$2486,$247,$-468,$-221,$-2030,$121,$378,$-1780,$-1402,$-400,$-400,$-557,$389,$-1970,$-844,$0,$-557
