,Date,Stock Price,Book Value per Share,Price to Book Ratio,TTM Sales per Share,Price to Sales Ratio,TTM FCF per Share,Price to FCF Ratio,TTM Net EPS,PE Ratio,Current Assets,Current Liabilities,Current Ratio,Long Term Debt,Shareholder's Equity_x,Debt to Equity Ratio,TTM Revenue_x,TTM Gross Profit,Gross Margin,TTM Revenue_y,TTM Operating Income,Operating Margin,TTM Revenue_x,TTM EBIT,EBIT Margin,TTM Revenue_y,TTM EBITDA,EBITDA Margin,TTM Revenue_x,TTM Pre-Tax Income,Pre-Tax Margin,TTM Revenue_y,TTM Net Income_x,Net Margin,TTM Net Income_y,Shareholder's Equity_y,Return on Equity,TTM Net Income_x,Tangible Equity,Return on Tangible Equity,TTM Net Income_y,Total Assets,Return on Assets,TTM Net Income,LT Investments & Debt,Return on Investment,revenue,cost-goods-sold,gross-profit,research-development-expenses,selling-general-administrative-expenses,operating-expenses,operating-income,total-non-operating-income-expense,pre-tax-income,total-provision-income-taxes,income-after-taxes,income-from-continuous-operations,net-income,ebitda,ebit,basic-shares-outstanding,shares-outstanding,eps-basic-net-earnings-per-share,eps-earnings-per-share-diluted,cash-on-hand,inventory,other-current-assets,total-current-assets,net-property-plant-equipment,long-term-investments,goodwill-intangible-assets-total,other-long-term-assets,total-long-term-assets,total-assets,total-current-liabilities,long-term-debt,other-non-current-liabilities,total-long-term-liabilities,total-liabilities,common-stock-net,retained-earnings-accumulated-deficit,comprehensive-income,total-share-holder-equity,total-liabilities-share-holders-equity,net-income-loss,total-depreciation-amortization-cash-flow,other-non-cash-items,total-non-cash-items,change-in-accounts-receivable,change-in-inventories,change-in-accounts-payable,change-in-assets-liabilities,total-change-in-assets-liabilities,cash-flow-from-operating-activities,net-change-in-property-plant-equipment,net-change-in-intangible-assets,net-acquisitions-divestitures,net-change-in-short-term-investments,net-change-in-long-term-investments,net-change-in-investments-total,investing-activities-other,cash-flow-from-investing-activities,net-long-term-debt,net-current-debt,debt-issuance-retirement-net-total,net-common-equity-issued-repurchased,net-total-equity-issued-repurchased,total-common-preferred-stock-dividends-paid,financial-activities-other,cash-flow-from-financial-activities,net-cash-flow,stock-based-compensation,common-stock-dividends-paid
0,2018-09-30,8.0,$7.99,1.0,$1.51,5.29,$0.40,19.87,$0.15,53.33,$0.28B,$0.20B,1.42,$0.05B,$0.07B,0.74,$0.01B,$0.01B,75.00%,$0.01B,$0.00B,8.33%,$0.01B,0,0.00%,$0.01B,0,0.00%,$0.01B,$0.00B,8.33%,$0.01B,$0.00B,8.33%,$0.00B,$0.07B,1.48%,$0.00B,$0.05B,1.89%,$0.00B,$0.32B,0.32%,$0.00B,$0.12B,0.85%,$3,$1,$2,$0,$2,$3,$0,$0,$0,$0,$0,$0,$0,$0,$0,$8,8,$0.02,$0.02,$10,$0,$0,$280,$6,$8,$15,$9,$37,$317,$197,$50,$2,$52,$249,$0,$34,$-0,$67,$317,$0,$0,$0,$0,$-0,$0,$0,$0,$0,$0,$-0,$0,$0,$0,$-0,$-0,$2,$2,$-3,$0,$-3,$-0,$-0,$-0,$1,$-2,$-0,$0,$-0
1,2018-06-30,8.35,$7.96,1.05,$1.50,5.55,$0.42,19.85,$0.16,52.2,$0.28B,$0.20B,1.44,$0.05B,$0.07B,0.79,$0.01B,$0.01B,83.33%,$0.01B,$0.00B,8.33%,$0.01B,0,0.00%,$0.01B,0,0.00%,$0.01B,$0.00B,8.33%,$0.01B,$0.00B,8.33%,$0.00B,$0.07B,1.48%,$0.00B,$0.05B,1.89%,$0.00B,$0.32B,0.32%,$0.00B,$0.12B,0.86%,$3,$1,$2,$0,$2,$3,$0,$0,$-0,$-0,$0,$0,$0,$0,$0,$8,8,$0.00,$0.00,$10,$0,$0,$281,$6,$8,$15,$10,$37,$318,$196,$53,$2,$56,$251,$0,$34,$0,$67,$318,$1,$0,$-0,$-0,$-0,$0,$0,$-0,$-0,$1,$-0,$0,$0,$0,$0,$0,$-13,$-13,$-3,$0,$-3,$0,$0,$-1,$13,$9,$-3,$0,$-1
2,2018-03-31,8.65,$7.99,1.08,$1.48,5.85,$0.53,16.19,$0.18,48.04,$0.28B,$0.19B,1.45,$0.05B,$0.07B,0.73,$0.01B,$0.01B,83.33%,$0.01B,$0.00B,8.33%,$0.01B,0,0.00%,$0.01B,0,0.00%,$0.01B,$0.00B,8.33%,$0.01B,$0.00B,8.33%,$0.00B,$0.07B,1.48%,$0.00B,$0.05B,1.89%,$0.00B,$0.31B,0.32%,$0.00B,$0.12B,0.85%,$3,$1,$2,$0,$2,$3,$0,$0,$0,$0,$0,$0,$0,$0,$0,$8,8,$0.02,$0.02,$16,$0,$0,$281,$6,$8,$15,$4,$32,$313,$194,$49,$2,$52,$245,$0,$34,$0,$68,$313,$1,$0,$-0,$0,$-0,$0,$0,$0,$-0,$1,$-0,$0,$0,$0,$0,$0,$-8,$-8,$-6,$0,$-6,$0,$0,$-1,$11,$3,$-3,$0,$-1
3,2017-12-31,8.65,$8.01,1.08,$1.47,5.88,$0.58,14.89,$0.18,48.04,$0.27B,$0.19B,1.42,$0.05B,$0.07B,0.72,$0.01B,$0.01B,91.67%,$0.01B,$0.00B,8.33%,$0.01B,0,0.00%,$0.01B,0,0.00%,$0.01B,$0.00B,8.33%,$0.01B,$0.00B,8.33%,$0.00B,$0.07B,1.49%,$0.00B,$0.05B,1.89%,$0.00B,$0.31B,0.33%,$0.00B,$0.12B,0.85%,$3,$1,$3,$0,$2,$3,$1,$0,$1,$-0,$1,$1,$1,$0,$0,$8,8,$0.11,$0.11,$9,$0,$0,$271,$6,$8,$15,$10,$38,$309,$191,$49,$1,$50,$242,$0,$35,$0,$68,$309,$1,$0,$-0,$0,$-0,$0,$0,$0,$-0,$1,$-0,$0,$0,$0,$0,$0,$-5,$-4,$-7,$0,$-7,$0,$0,$-1,$8,$-0,$-3,$0,$-1
4,2017-09-30,9.37,$7.95,1.18,$1.41,6.66,$0.58,16.02,$0.10,93.71,$0.27B,$0.19B,1.41,$0.05B,$0.07B,0.69,$0.01B,$0.01B,91.67%,$0.01B,0,0.00%,$0.01B,0,0.00%,$0.01B,0,0.00%,$0.01B,0,0.00%,$0.01B,0,0.00%,$0.00B,$0.07B,0.00%,$0.00B,$0.05B,0.00%,$0.00B,$0.31B,0.00%,$0.00B,$0.11B,0.00%,$3,$0,$3,$0,$2,$3,$0,$0,$0,$0,$0,$0,$0,$0,$0,$8,8,$0.03,$0.03,$8,$0,$0,$265,$6,$8,$15,$11,$40,$305,$188,$46,$2,$49,$237,$0,$34,$0,$67,$305,$0,$0,$0,$0,$0,$0,$0,$0,$0,$1,$-0,$0,$0,$0,$0,$0,$-1,$-1,$-10,$0,$-10,$0,$0,$-0,$6,$-4,$-4,$0,$-0
5,2017-06-30,8.94,$7.95,1.12,$1.40,6.39,$0.59,15.19,$0.11,81.25,$0.27B,$0.18B,1.49,$0.06B,$0.07B,0.83,$0.01B,$0.01B,91.67%,$0.01B,0,0.00%,$0.01B,0,0.00%,$0.01B,0,0.00%,$0.01B,0,0.00%,$0.01B,0,0.00%,$0.00B,$0.07B,0.00%,$0.00B,$0.05B,0.00%,$0.00B,$0.31B,0.00%,$0.00B,$0.12B,0.00%,$3,$0,$2,$0,$2,$3,$0,$0,$0,$0,$0,$0,$0,$0,$0,$8,8,$0.02,$0.02,$13,$0,$0,$272,$6,$8,$15,$8,$37,$308,$183,$56,$2,$58,$241,$0,$34,$0,$67,$308,$1,$0,$0,$1,$0,$0,$0,$0,$0,$2,$-0,$0,$0,$0,$3,$3,$-20,$-18,$23,$0,$23,$0,$0,$-1,$-6,$15,$-0,$0,$-1
6,2017-03-31,9.32,$7.96,1.17,$1.41,6.61,$0.38,24.61,$0.14,66.58,$0.27B,$0.18B,1.47,$0.05B,$0.07B,0.8,$0.01B,$0.01B,100.00%,$0.01B,$0.00B,8.33%,$0.01B,0,0.00%,$0.01B,0,0.00%,$0.01B,$0.00B,8.33%,$0.01B,0,0.00%,$0.00B,$0.07B,0.00%,$0.00B,$0.05B,0.00%,$0.00B,$0.31B,0.00%,$0.00B,$0.12B,0.89%,$3,$0,$3,$0,$2,$3,$0,$0,$0,$0,$0,$0,$0,$0,$0,$8,8,$0.02,$0.02,$13,$0,$0,$267,$6,$9,$15,$10,$39,$305,$182,$54,$2,$56,$238,$0,$34,$0,$67,$305,$1,$0,$0,$0,$-0,$0,$0,$1,$0,$2,$-0,$0,$0,$0,$2,$2,$-16,$-14,$21,$0,$21,$0,$0,$-1,$-7,$12,$-0,$0,$-1
7,2016-12-31,8.33,$7.95,1.05,$1.40,5.96,$0.26,32.03,$0.14,59.5,$0.26B,$0.18B,1.42,$0.05B,$0.07B,0.79,$0.01B,$0.01B,91.67%,$0.01B,$0.00B,8.33%,$0.01B,0,0.00%,$0.01B,0,0.00%,$0.01B,$0.00B,8.33%,$0.01B,0,0.00%,$0.00B,$0.07B,0.00%,$0.00B,$0.05B,0.00%,$0.00B,$0.31B,0.00%,$0.00B,$0.12B,0.93%,$3,$0,$3,$0,$2,$2,$0,$0,$0,$0,$0,$0,$0,$0,$0,$8,8,$0.03,$0.03,$13,$0,$0,$261,$6,$16,$15,$9,$45,$306,$183,$53,$1,$55,$238,$0,$35,$0,$67,$306,$1,$0,$0,$0,$-0,$0,$0,$0,$0,$1,$-0,$0,$0,$0,$-5,$-5,$-10,$-15,$20,$0,$20,$0,$0,$-1,$-6,$13,$-1,$0,$-1
8,2016-09-30,7.69,$7.95,0.97,$1.43,5.39,$0.19,41.42,$0.16,48.07,$0.26B,$0.19B,1.38,$0.04B,$0.07B,0.58,$0.01B,$0.01B,91.67%,$0.01B,$0.00B,16.67%,$0.01B,0,0.00%,$0.01B,0,0.00%,$0.01B,$0.00B,16.67%,$0.01B,0,0.00%,$0.00B,$0.07B,0.00%,$0.00B,$0.05B,0.00%,$0.00B,$0.30B,0.00%,$0.00B,$0.11B,1.90%,$3,$0,$3,$0,$2,$3,$0,$0,$0,$0,$0,$0,$0,$0,$0,$8,8,$0.04,$0.04,$14,$0,$0,$256,$6,$10,$15,$9,$39,$295,$186,$39,$2,$42,$228,$0,$35,$0,$67,$295,$0,$-0,$-0,$-0,$-0,$0,$-0,$0,$0,$1,$-0,$0,$0,$0,$1,$1,$-3,$-3,$6,$0,$6,$0,$0,$-0,$-3,$3,$1,$0,$-0
9,2016-06-30,7.42,$7.96,0.93,$1.44,5.14,$0.13,57.02,$0.18,41.21,$0.26B,$0.19B,1.36,$0.03B,$0.07B,0.49,$0.01B,$0.01B,91.67%,$0.01B,$0.00B,25.00%,$0.01B,0,0.00%,$0.01B,0,0.00%,$0.01B,$0.00B,25.00%,$0.01B,$0.00B,8.33%,$0.00B,$0.07B,1.48%,$0.00B,$0.05B,1.89%,$0.00B,$0.29B,0.34%,$0.00B,$0.10B,2.92%,$3,$0,$3,$0,$2,$2,$1,$0,$1,$0,$0,$0,$0,$0,$0,$8,8,$0.05,$0.05,$17,$0,$0,$256,$6,$11,$15,$5,$36,$292,$189,$33,$2,$36,$224,$0,$35,$0,$68,$292,$2,$0,$0,$0,$0,$0,$-0,$-0,$-0,$1,$-1,$0,$0,$0,$2,$2,$3,$4,$7,$0,$7,$0,$0,$-1,$-11,$-6,$-1,$0,$-1
10,2016-03-31,7.83,$7.95,0.99,$1.46,5.36,$0.37,21.02,$0.20,39.16,$0.26B,$0.19B,1.35,$0.03B,$0.07B,0.5,$0.01B,$0.01B,91.67%,$0.01B,$0.00B,25.00%,$0.01B,0,0.00%,$0.01B,0,0.00%,$0.01B,$0.00B,25.00%,$0.01B,$0.00B,16.67%,$0.00B,$0.07B,2.96%,$0.00B,$0.05B,3.77%,$0.00B,$0.29B,0.67%,$0.00B,$0.10B,2.97%,$3,$0,$2,$0,$2,$3,$0,$0,$0,$0,$0,$0,$0,$0,$0,$8,8,$0.02,$0.02,$18,$0,$0,$257,$6,$11,$15,$5,$37,$294,$190,$34,$2,$36,$227,$0,$35,$0,$67,$294,$1,$0,$0,$0,$0,$0,$-0,$0,$0,$2,$-1,$0,$0,$0,$2,$2,$5,$6,$7,$0,$7,$0,$0,$-1,$-9,$-3,$4,$0,$-1
11,2015-12-31,8.27,$7.97,1.04,$1.50,5.5,$0.62,13.26,$0.24,34.46,$0.26B,$0.19B,1.35,$0.05B,$0.07B,0.66,$0.01B,$0.01B,100.00%,$0.01B,$0.00B,33.33%,$0.01B,0,0.00%,$0.01B,0,0.00%,$0.01B,$0.00B,33.33%,$0.01B,$0.00B,25.00%,$0.00B,$0.07B,4.44%,$0.00B,$0.05B,5.66%,$0.00B,$0.31B,1.01%,$0.00B,$0.11B,4.07%,$3,$0,$3,$0,$2,$3,$1,$0,$1,$0,$0,$0,$0,$0,$0,$8,8,$0.05,$0.05,$14,$0,$0,$259,$6,$23,$15,$5,$48,$307,$193,$45,$1,$47,$239,$0,$35,$0,$68,$307,$1,$0,$0,$0,$0,$0,$0,$0,$0,$1,$-1,$0,$0,$0,$-10,$-10,$0,$-10,$18,$0,$18,$0,$0,$-1,$-8,$10,$1,$0,$-1
12,2015-09-30,7.44,$7.96,0.94,$1.54,4.84,$0.73,10.16,$0.26,28.63,$0.26B,$0.20B,1.32,$0.03B,$0.07B,0.43,$0.01B,$0.01B,100.00%,$0.01B,$0.00B,33.33%,$0.01B,0,0.00%,$0.01B,0,0.00%,$0.01B,$0.00B,33.33%,$0.01B,$0.00B,33.33%,$0.00B,$0.07B,5.95%,$0.00B,$0.05B,7.55%,$0.00B,$0.30B,1.34%,$0.00B,$0.10B,4.24%,$3,$0,$3,$0,$2,$2,$1,$0,$1,$0,$1,$1,$1,$0,$0,$8,8,$0.06,$0.06,$13,$0,$0,$259,$6,$12,$15,$5,$37,$296,$196,$29,$2,$32,$228,$0,$35,$0,$68,$296,$1,$0,$0,$0,$-0,$0,$0,$0,$-0,$1,$-1,$0,$0,$0,$1,$1,$-1,$-1,$3,$0,$3,$0,$0,$-0,$-3,$-1,$-1,$0,$-0
13,2015-06-30,7.25,$7.93,0.91,$1.55,4.69,$0.80,9.1,$0.25,29.0,$0.26B,$0.20B,1.29,$0.03B,$0.07B,0.4,$0.01B,$0.01B,100.00%,$0.01B,$0.00B,33.33%,$0.01B,0,0.00%,$0.01B,0,0.00%,$0.01B,$0.00B,33.33%,$0.01B,$0.00B,25.00%,$0.00B,$0.07B,4.48%,$0.00B,$0.05B,5.66%,$0.00B,$0.30B,1.01%,$0.00B,$0.09B,4.43%,$3,$0,$3,$0,$2,$2,$1,$0,$1,$0,$1,$1,$1,$0,$0,$8,8,$0.07,$0.07,$14,$0,$0,$258,$5,$13,$15,$5,$38,$296,$200,$27,$2,$29,$229,$0,$35,$0,$67,$296,$2,$-0,$1,$1,$0,$0,$0,$-0,$0,$3,$-1,$0,$0,$0,$2,$2,$3,$5,$9,$0,$9,$-1,$-1,$-1,$-13,$-6,$2,$0,$-1
14,2015-03-31,7.04,$7.90,0.89,$1.57,4.49,$0.79,8.89,$0.23,30.6,$0.26B,$0.20B,1.26,$0.02B,$0.07B,0.34,$0.01B,$0.01B,100.00%,$0.01B,$0.00B,33.33%,$0.01B,0,0.00%,$0.01B,0,0.00%,$0.01B,$0.00B,33.33%,$0.01B,$0.00B,16.67%,$0.00B,$0.07B,2.99%,$0.00B,$0.05B,3.77%,$0.00B,$0.30B,0.67%,$0.00B,$0.09B,4.56%,$3,$0,$3,$0,$2,$2,$1,$0,$1,$0,$1,$1,$1,$0,$0,$8,8,$0.06,$0.06,$10,$0,$0,$255,$5,$14,$15,$6,$39,$295,$202,$23,$2,$25,$227,$0,$34,$0,$67,$295,$2,$-0,$0,$0,$0,$0,$0,$0,$1,$3,$-0,$0,$0,$0,$1,$1,$2,$3,$5,$0,$5,$-1,$-1,$-1,$-11,$-7,$-2,$0,$-1
15,2014-12-31,6.9,$7.90,0.87,$1.58,4.36,$0.76,9.14,$0.23,29.99,$0.26B,$0.21B,1.24,$0.03B,$0.07B,0.43,$0.01B,$0.01B,100.00%,$0.01B,$0.00B,33.33%,$0.01B,0,0.00%,$0.01B,0,0.00%,$0.01B,$0.00B,33.33%,$0.01B,$0.00B,8.33%,$0.00B,$0.07B,1.49%,$0.00B,$0.05B,1.89%,$0.00B,$0.30B,0.33%,$0.00B,$0.10B,4.62%,$3,$0,$3,$0,$2,$3,$1,$0,$1,$0,$1,$1,$1,$0,$0,$8,8,$0.07,$0.07,$10,$0,$0,$255,$5,$23,$15,$6,$48,$303,$205,$29,$1,$31,$236,$0,$34,$0,$67,$303,$1,$-0,$0,$0,$-0,$0,$-0,$0,$0,$1,$-0,$0,$0,$0,$-7,$-7,$2,$-6,$12,$0,$12,$-0,$-0,$-1,$-8,$2,$-2,$0,$-1
16,2014-09-30,6.71,$7.85,0.86,$1.59,4.22,$0.75,9.0,$0.23,29.19,$0.26B,$0.21B,1.21,$0.01B,$0.07B,0.21,$0.01B,$0.01B,100.00%,$0.01B,$0.00B,33.33%,$0.01B,0,0.00%,$0.01B,0,0.00%,$0.01B,$0.00B,33.33%,$0.01B,$0.00B,8.33%,$0.00B,$0.07B,1.49%,$0.00B,$0.05B,1.90%,$0.00B,$0.30B,0.33%,$0.00B,$0.08B,4.65%,$3,$0,$3,$0,$2,$3,$1,$0,$1,$0,$0,$0,$0,$0,$0,$8,8,$0.05,$0.05,$11,$0,$0,$256,$5,$15,$15,$5,$40,$296,$212,$14,$2,$17,$229,$0,$34,$0,$67,$296,$0,$-0,$0,$0,$-0,$0,$0,$0,$0,$1,$-0,$0,$0,$0,$0,$0,$3,$3,$-3,$0,$-3,$0,$0,$-0,$-1,$-4,$-1,$0,$-0
17,2014-06-30,7.25,$7.84,0.92,$1.61,4.5,$0.78,9.27,$0.23,31.54,$0.26B,$0.21B,1.22,$0.02B,$0.07B,0.26,$0.01B,$0.01B,100.00%,$0.01B,$0.00B,33.33%,$0.01B,0,0.00%,$0.01B,0,0.00%,$0.01B,$0.00B,33.33%,$0.01B,$0.00B,8.33%,$0.00B,$0.07B,1.49%,$0.00B,$0.05B,1.90%,$0.00B,$0.30B,0.32%,$0.00B,$0.08B,4.60%,$3,$0,$3,$0,$2,$3,$1,$0,$1,$0,$0,$0,$0,$0,$0,$8,8,$0.05,$0.05,$12,$0,$0,$259,$5,$16,$15,$6,$40,$300,$213,$17,$2,$19,$232,$0,$34,$0,$67,$300,$2,$-0,$1,$1,$0,$0,$-0,$0,$0,$2,$-0,$0,$0,$0,$3,$3,$16,$18,$-7,$0,$-7,$-0,$-0,$-2,$-17,$-26,$-5,$0,$-2
18,2014-03-31,7.08,$7.83,0.9,$1.70,4.17,$0.99,7.17,$0.27,26.23,$0.27B,$0.22B,1.21,$0.02B,$0.07B,0.27,$0.01B,$0.01B,92.31%,$0.01B,$0.00B,30.77%,$0.01B,0,0.00%,$0.01B,0,0.00%,$0.01B,$0.00B,30.77%,$0.01B,$0.00B,15.38%,$0.00B,$0.07B,2.99%,$0.00B,$0.05B,3.83%,$0.00B,$0.31B,0.63%,$0.00B,$0.09B,4.51%,$3,$0,$3,$0,$2,$3,$1,$0,$1,$0,$0,$0,$0,$0,$0,$8,8,$0.06,$0.06,$13,$0,$0,$265,$5,$17,$15,$5,$41,$306,$219,$18,$2,$20,$239,$0,$34,$0,$67,$306,$2,$-0,$1,$0,$0,$0,$0,$0,$0,$2,$-0,$0,$0,$0,$2,$2,$11,$13,$-6,$0,$-6,$-0,$-0,$-1,$-12,$-19,$-4,$0,$-1
19,2013-12-31,6.45,$7.82,0.82,$1.74,3.71,$0.97,6.62,$0.29,22.23,$0.26B,$0.22B,1.2,$0.03B,$0.07B,0.4,$0.01B,$0.01B,85.71%,$0.01B,$0.00B,28.57%,$0.01B,0,0.00%,$0.01B,0,0.00%,$0.01B,$0.00B,28.57%,$0.01B,$0.00B,21.43%,$0.00B,$0.07B,4.49%,$0.00B,$0.05B,5.77%,$0.00B,$0.32B,0.93%,$0.00B,$0.09B,4.36%,$3,$0,$3,$0,$2,$3,$1,$0,$1,$0,$1,$1,$1,$0,$0,$8,8,$0.07,$0.07,$8,$0,$0,$264,$5,$28,$15,$5,$53,$316,$221,$27,$1,$29,$249,$0,$34,$0,$67,$316,$1,$-0,$1,$0,$0,$0,$0,$-0,$-0,$1,$-0,$0,$0,$0,$-8,$-8,$7,$-2,$3,$0,$3,$0,$0,$-1,$-10,$-8,$-9,$0,$-1
20,2013-09-30,6.52,$7.78,0.84,$1.78,3.67,$0.92,7.11,$0.34,19.17,$0.27B,$0.23B,1.2,$0.02B,$0.07B,0.28,$0.01B,$0.01B,85.71%,$0.01B,$0.00B,28.57%,$0.01B,0,0.00%,$0.01B,0,0.00%,$0.01B,$0.00B,28.57%,$0.01B,$0.00B,21.43%,$0.00B,$0.07B,4.51%,$0.00B,$0.05B,5.80%,$0.00B,$0.32B,0.91%,$0.00B,$0.09B,4.10%,$3,$0,$3,$0,$2,$3,$1,$0,$1,$0,$0,$0,$0,$0,$0,$8,8,$0.05,$0.05,$13,$0,$0,$272,$5,$19,$15,$5,$43,$315,$227,$19,$2,$21,$248,$0,$34,$0,$67,$315,$0,$-0,$0,$0,$0,$0,$0,$0,$0,$1,$-0,$0,$0,$0,$1,$1,$4,$5,$-6,$0,$-6,$0,$0,$-0,$-4,$-9,$-4,$0,$-0
21,2013-06-30,6.34,$7.77,0.82,$1.71,3.7,$0.91,6.99,$0.36,17.61,$0.28B,$0.23B,1.21,$0.02B,$0.07B,0.37,$0.01B,$0.01B,78.57%,$0.01B,$0.00B,28.57%,$0.01B,0,0.00%,$0.01B,0,0.00%,$0.01B,$0.00B,28.57%,$0.01B,$0.00B,28.57%,$0.00B,$0.07B,6.20%,$0.00B,$0.05B,8.00%,$0.00B,$0.32B,1.30%,$0.00B,$0.09B,4.11%,$4,$0,$3,$0,$2,$3,$1,$0,$1,$0,$1,$1,$1,$0,$0,$8,8,$0.10,$0.10,$17,$0,$0,$280,$5,$20,$15,$5,$44,$324,$231,$24,$2,$26,$257,$0,$34,$0,$67,$324,$3,$-0,$-0,$-0,$0,$0,$0,$0,$1,$4,$-0,$0,$-3,$0,$3,$3,$16,$16,$-10,$0,$-10,$7,$7,$-1,$-5,$-9,$11,$0,$-1
22,2013-03-31,6.21,$7.71,0.81,$1.55,4.0,$0.61,10.16,$0.32,19.42,$0.29B,$0.23B,1.23,$0.03B,$0.07B,0.47,$0.01B,$0.01B,83.33%,$0.01B,$0.00B,33.33%,$0.01B,0,0.00%,$0.01B,0,0.00%,$0.01B,$0.00B,33.33%,$0.01B,$0.00B,25.00%,$0.00B,$0.07B,4.80%,$0.00B,$0.05B,6.25%,$0.00B,$0.33B,1.06%,$0.00B,$0.10B,4.17%,$4,$0,$3,$0,$2,$3,$1,$0,$1,$0,$1,$1,$1,$0,$0,$8,8,$0.08,$0.08,$17,$0,$0,$286,$5,$21,$15,$5,$46,$332,$233,$31,$2,$33,$266,$0,$33,$0,$66,$332,$2,$-0,$-0,$-0,$0,$0,$0,$0,$0,$2,$-0,$0,$-3,$0,$2,$2,$9,$8,$-3,$0,$-3,$7,$7,$-1,$-3,$0,$11,$0,$-1
23,2012-12-31,5.71,$7.67,0.74,$1.46,3.91,$0.52,11.0,$0.31,18.43,$0.29B,$0.23B,1.23,$0.05B,$0.07B,0.77,$0.01B,$0.01B,81.82%,$0.01B,$0.00B,36.36%,$0.01B,0,0.00%,$0.01B,0,0.00%,$0.01B,$0.00B,36.36%,$0.01B,$0.00B,27.27%,$0.00B,$0.07B,4.94%,$0.00B,$0.05B,6.49%,$0.00B,$0.35B,1.18%,$0.00B,$0.12B,4.31%,$3,$0,$3,$0,$2,$2,$1,$0,$1,$0,$1,$1,$1,$0,$0,$8,8,$0.12,$0.12,$15,$0,$0,$289,$5,$37,$15,$8,$64,$353,$234,$51,$1,$52,$287,$0,$33,$0,$66,$353,$1,$0,$-0,$-0,$0,$0,$0,$-0,$-0,$1,$-0,$0,$3,$0,$-13,$-13,$5,$-5,$17,$0,$17,$-0,$-0,$-1,$-2,$14,$10,$0,$-1
24,2012-09-30,5.73,$7.61,0.75,$1.35,4.23,$0.49,11.8,$0.24,23.87,$0.19B,$0.13B,1.4,$0.02B,$0.06B,0.42,$0.01B,$0.01B,72.73%,$0.01B,$0.00B,36.36%,$0.01B,0,0.00%,$0.01B,0,0.00%,$0.01B,$0.00B,36.36%,$0.01B,$0.00B,18.18%,$0.00B,$0.06B,3.39%,$0.00B,$0.05B,4.49%,$0.00B,$0.22B,0.89%,$0.00B,$0.08B,4.55%,$3,$0,$2,$0,$1,$2,$1,$0,$1,$0,$1,$1,$1,$0,$0,$8,8,$0.07,$0.07,$7,$0,$0,$187,$3,$10,$15,$6,$33,$220,$133,$24,$2,$27,$161,$0,$32,$0,$59,$220,$1,$0,$0,$0,$-0,$0,$0,$0,$0,$1,$-0,$0,$0,$0,$0,$0,$4,$5,$-3,$0,$-3,$-0,$-0,$-0,$-1,$-4,$2,$0,$-0
25,2012-06-30,6.35,$7.57,0.84,$1.36,4.65,$0.56,11.39,$0.23,27.62,$0.19B,$0.14B,1.41,$0.03B,$0.06B,0.46,$0.01B,$0.01B,72.73%,$0.01B,$0.00B,36.36%,$0.01B,0,0.00%,$0.01B,0,0.00%,$0.01B,$0.00B,36.36%,$0.01B,$0.00B,9.09%,$0.00B,$0.06B,1.69%,$0.00B,$0.04B,2.26%,$0.00B,$0.22B,0.44%,$0.00B,$0.09B,4.56%,$2,$0,$2,$0,$1,$2,$1,$0,$1,$0,$0,$0,$0,$0,$0,$8,8,$0.05,$0.05,$6,$0,$0,$189,$3,$11,$15,$6,$34,$223,$135,$27,$2,$29,$164,$0,$32,$0,$59,$223,$2,$0,$0,$0,$-0,$0,$-0,$0,$-1,$1,$-0,$0,$0,$0,$2,$2,$3,$5,$2,$0,$2,$-0,$-0,$-2,$-5,$-5,$1,$0,$-2
26,2012-03-31,6.57,$7.62,0.86,$1.40,4.71,$0.84,7.84,$0.25,26.29,$0.19B,$0.14B,1.38,$0.03B,$0.06B,0.42,$0.01B,$0.01B,66.67%,$0.01B,$0.00B,33.33%,$0.01B,0,0.00%,$0.01B,0,0.00%,$0.01B,$0.00B,33.33%,$0.01B,$0.00B,16.67%,$0.00B,$0.06B,3.39%,$0.00B,$0.05B,4.52%,$0.00B,$0.22B,0.88%,$0.00B,$0.08B,4.58%,$3,$1,$2,$0,$1,$2,$1,$0,$1,$0,$1,$1,$1,$0,$0,$8,8,$0.07,$0.07,$4,$0,$0,$187,$3,$11,$15,$6,$34,$222,$136,$25,$2,$27,$163,$0,$32,$0,$59,$222,$1,$0,$0,$0,$0,$0,$-0,$-0,$-0,$1,$-0,$0,$0,$0,$2,$2,$3,$4,$-1,$0,$-1,$-0,$-0,$-1,$-5,$-6,$-1,$0,$-1
27,2011-12-31,6.71,$7.58,0.89,$1.41,4.77,$0.90,7.47,$0.24,27.98,$0.19B,$0.14B,1.38,$0.04B,$0.06B,0.66,$0.01B,$0.01B,66.67%,$0.01B,$0.00B,25.00%,$0.01B,0,0.00%,$0.01B,0,0.00%,$0.01B,$0.00B,25.00%,$0.01B,$0.00B,8.33%,$0.00B,$0.06B,1.70%,$0.00B,$0.04B,2.27%,$0.00B,$0.24B,0.44%,$0.00B,$0.10B,3.44%,$3,$1,$2,$0,$1,$2,$1,$0,$1,$0,$0,$0,$0,$0,$0,$8,8,$0.05,$0.05,$4,$0,$0,$189,$3,$24,$15,$6,$48,$236,$137,$39,$1,$41,$177,$0,$32,$0,$59,$236,$1,$0,$-0,$-0,$0,$0,$-0,$-0,$-0,$1,$-0,$0,$0,$0,$-11,$-11,$1,$-11,$13,$0,$13,$-0,$-0,$-1,$-4,$9,$-1,$0,$-1
28,2011-09-30,5.57,$7.56,0.74,$1.44,3.88,$0.97,5.76,$0.25,22.27,$0.19B,$0.14B,1.36,$0.03B,$0.06B,0.42,$0.01B,$0.01B,66.67%,$0.01B,$0.00B,25.00%,$0.01B,0,0.00%,$0.01B,0,0.00%,$0.01B,$0.00B,25.00%,$0.01B,$0.00B,8.33%,$0.00B,$0.06B,1.71%,$0.00B,$0.04B,2.29%,$0.00B,$0.23B,0.43%,$0.00B,$0.08B,3.46%,$3,$1,$2,$0,$1,$2,$1,$0,$1,$0,$0,$0,$0,$0,$0,$8,8,$0.06,$0.06,$9,$0,$0,$192,$3,$12,$15,$6,$36,$228,$141,$25,$2,$27,$169,$0,$32,$0,$59,$228,$0,$0,$0,$0,$-0,$0,$0,$0,$1,$1,$-0,$0,$0,$0,$0,$0,$2,$2,$-1,$0,$-1,$0,$0,$-0,$1,$0,$3,$0,$-0
29,2011-06-30,6.41,$7.54,0.85,$1.47,4.37,$0.86,7.48,$0.23,27.88,$0.19B,$0.14B,1.35,$0.03B,$0.06B,0.43,$0.01B,$0.01B,66.67%,$0.01B,$0.00B,16.67%,$0.01B,0,0.00%,$0.01B,0,0.00%,$0.01B,$0.00B,16.67%,$0.01B,$0.00B,8.33%,$0.00B,$0.06B,1.72%,$0.00B,$0.04B,2.30%,$0.00B,$0.23B,0.43%,$0.00B,$0.08B,2.27%,$3,$1,$2,$0,$1,$2,$1,$0,$1,$0,$1,$1,$1,$0,$0,$8,8,$0.07,$0.07,$5,$0,$0,$188,$3,$13,$15,$8,$38,$226,$140,$25,$1,$27,$167,$0,$32,$0,$59,$226,$2,$0,$1,$1,$0,$0,$-0,$0,$0,$4,$-0,$0,$0,$0,$3,$3,$3,$6,$-7,$0,$-7,$-0,$-0,$-1,$-5,$-13,$-3,$0,$-1
30,2011-03-31,5.99,$6.78,0.88,$1.48,4.05,$0.56,10.75,$0.19,31.52,$0.19B,$0.14B,1.34,$0.03B,$0.06B,0.45,$0.01B,$0.01B,66.67%,$0.01B,$0.00B,8.33%,$0.01B,0,0.00%,$0.01B,0,0.00%,$0.01B,$0.00B,8.33%,$0.01B,0,0.00%,$0.00B,$0.06B,0.00%,$0.00B,$0.04B,0.00%,$0.00B,$0.23B,0.00%,$0.00B,$0.08B,1.11%,$3,$1,$2,$0,$2,$3,$0,$0,$0,$-0,$0,$0,$0,$0,$0,$8,8,$0.06,$0.06,$6,$0,$0,$190,$3,$13,$15,$8,$38,$229,$143,$26,$2,$28,$170,$0,$32,$0,$58,$229,$1,$0,$1,$1,$0,$0,$-1,$0,$-1,$2,$-0,$0,$0,$0,$2,$2,$4,$6,$-6,$0,$-6,$-0,$-0,$-1,$-3,$-10,$-2,$0,$-1
31,2010-12-31,6.44,$6.77,0.95,$1.52,4.25,$0.43,15.08,$0.17,37.88,$0.20B,$0.14B,1.36,$0.04B,$0.06B,0.66,$0.01B,$0.01B,66.67%,$0.01B,$0.00B,8.33%,$0.01B,0,0.00%,$0.01B,0,0.00%,$0.01B,$0.00B,8.33%,$0.01B,0,0.00%,$0.00B,$0.06B,0.00%,$0.00B,$0.04B,0.00%,$0.00B,$0.24B,0.00%,$0.00B,$0.10B,1.09%,$3,$1,$2,$0,$1,$2,$1,$0,$1,$0,$0,$0,$0,$0,$0,$7,7,$0.06,$0.06,$6,$0,$0,$195,$3,$25,$15,$4,$46,$241,$143,$38,$2,$40,$183,$0,$31,$0,$58,$241,$1,$0,$0,$0,$0,$0,$-0,$-0,$-0,$1,$-0,$0,$0,$0,$-9,$-9,$2,$-7,$6,$0,$6,$-0,$-0,$-1,$-2,$4,$-3,$0,$-1
32,2010-09-30,6.63,$6.71,0.99,$1.53,4.33,$0.31,21.53,$0.14,47.33,$0.20B,$0.15B,1.38,$0.03B,$0.06B,0.54,$0.01B,$0.01B,66.67%,$0.01B,0,0.00%,$0.01B,0,0.00%,$0.01B,0,0.00%,$0.01B,0,0.00%,$0.01B,0,0.00%,$0.00B,$0.06B,0.00%,$0.00B,$0.04B,0.00%,$0.00B,$0.24B,0.00%,$0.00B,$0.09B,0.00%,$3,$1,$2,$0,$1,$2,$0,$0,$0,$0,$0,$0,$0,$0,$0,$7,7,$0.04,$0.04,$8,$0,$0,$200,$3,$15,$15,$4,$36,$236,$145,$31,$3,$34,$179,$0,$31,$0,$58,$236,$0,$0,$0,$0,$-0,$0,$0,$0,$0,$0,$-0,$0,$0,$0,$1,$1,$-0,$0,$-1,$0,$-1,$-0,$-0,$-0,$-0,$-1,$-0,$0,$-0
33,2010-06-30,6.15,$7.36,0.83,$1.55,3.98,$0.32,19.02,$0.05,122.95,$0.20B,$0.15B,1.38,$0.03B,$0.06B,0.55,$0.01B,$0.01B,66.67%,$0.01B,$-0.00B,-8.33%,$0.01B,0,0.00%,$0.01B,0,0.00%,$0.01B,$-0.00B,-8.33%,$0.01B,0,0.00%,$0.00B,$0.06B,0.00%,$0.00B,$0.04B,0.00%,$0.00B,$0.24B,0.00%,$-0.00B,$0.09B,-1.08%,$3,$1,$2,$0,$1,$2,$0,$0,$0,$0,$0,$0,$0,$0,$0,$8,8,$0.03,$0.03,$8,$0,$0,$200,$3,$15,$15,$4,$37,$237,$145,$32,$1,$34,$179,$0,$31,$0,$58,$237,$0,$0,$1,$1,$0,$0,$-0,$-1,$-1,$1,$-0,$0,$0,$0,$11,$11,$-3,$7,$-8,$0,$-8,$-1,$-1,$-1,$5,$-4,$4,$0,$-1
34,2010-03-31,7.08,$6.74,1.05,$1.58,4.47,$0.32,21.98,$-0.00,0.0,$0.20B,$0.15B,1.36,$0.03B,$0.06B,0.58,$0.01B,$0.01B,66.67%,$0.01B,$-0.00B,-8.33%,$0.01B,0,0.00%,$0.01B,0,0.00%,$0.01B,$-0.00B,-8.33%,$0.01B,0,0.00%,$0.00B,$0.06B,0.00%,$0.00B,$0.04B,0.00%,$0.00B,$0.24B,0.00%,$-0.00B,$0.09B,-1.06%,$3,$1,$2,$0,$1,$3,$0,$0,$0,$0,$0,$0,$0,$0,$0,$8,8,$0.04,$0.04,$4,$0,$0,$196,$3,$21,$15,$4,$42,$238,$145,$34,$1,$36,$180,$0,$31,$0,$58,$238,$0,$0,$1,$1,$0,$0,$-0,$-1,$-1,$1,$-0,$0,$0,$0,$5,$5,$-4,$1,$-6,$0,$-6,$-0,$-0,$-1,$5,$-3,$-1,$0,$-1
35,2009-12-31,7.35,$7.38,1.0,$1.60,4.59,$0.37,20.01,$0.01,0.0,$0.20B,$0.14B,1.37,$0.04B,$0.06B,0.64,$0.01B,$0.01B,66.67%,$0.01B,0,0.00%,$0.01B,0,0.00%,$0.01B,0,0.00%,$0.01B,0,0.00%,$0.01B,0,0.00%,$0.00B,$0.06B,0.00%,$0.00B,$0.04B,0.00%,$0.00B,$0.24B,0.00%,$0.00B,$0.10B,0.00%,$3,$1,$2,$0,$1,$3,$0,$0,$0,$0,$0,$0,$0,$0,$0,$8,8,$0.03,$0.03,$4,$0,$0,$196,$3,$22,$15,$4,$44,$239,$143,$37,$0,$39,$181,$0,$31,$0,$58,$239,$-0,$0,$1,$1,$0,$0,$-1,$-1,$-1,$0,$-0,$0,$0,$0,$4,$4,$-3,$1,$-3,$0,$-3,$-0,$-0,$-1,$3,$-1,$-0,$0,$-1
36,2009-09-30,8.27,$6.72,1.23,$1.62,5.1,$0.46,17.79,$-0.02,0.0,$0.19B,$0.14B,1.36,$0.03B,$0.06B,0.59,$0.01B,$0.01B,66.67%,$0.01B,0,0.00%,$0.01B,0,0.00%,$0.01B,0,0.00%,$0.01B,0,0.00%,$0.01B,0,0.00%,$0.00B,$0.06B,0.00%,$0.00B,$0.04B,0.00%,$0.00B,$0.24B,0.00%,$0.00B,$0.09B,0.00%,$3,$1,$2,$0,$2,$4,$-1,$0,$-1,$-0,$-0,$-0,$-0,$0,$0,$8,8,$-0.05,$-0.05,$3,$0,$0,$192,$3,$23,$15,$3,$43,$236,$142,$34,$1,$37,$178,$0,$31,$0,$58,$236,$-0,$0,$1,$1,$0,$0,$-0,$-0,$-0,$1,$-0,$0,$0,$0,$4,$4,$-0,$3,$-6,$0,$-6,$0,$0,$-0,$2,$-5,$-1,$0,$-0
37,2009-06-30,7.99,$7.44,1.07,$1.64,4.87,$0.41,19.35,$0.03,266.18,$0.19B,$0.14B,1.39,$0.04B,$0.06B,0.69,$0.01B,$0.01B,66.67%,$0.01B,$0.00B,8.33%,$0.01B,0,0.00%,$0.01B,0,0.00%,$0.01B,$0.00B,8.33%,$0.01B,0,0.00%,$0.00B,$0.06B,0.00%,$0.00B,$0.04B,0.00%,$0.00B,$0.24B,0.00%,$0.00B,$0.10B,0.98%,$3,$1,$2,$0,$1,$3,$0,$0,$0,$1,$-0,$-0,$-0,$0,$0,$7,8,$-0.03,$-0.03,$4,$0,$0,$194,$3,$26,$15,$3,$47,$241,$140,$40,$1,$42,$182,$0,$32,$0,$59,$241,$1,$0,$0,$0,$-0,$0,$0,$-0,$0,$1,$-0,$0,$0,$0,$2,$2,$-7,$-5,$-7,$0,$-7,$-2,$-2,$-1,$2,$-8,$-12,$0,$-1
38,2009-03-31,6.69,$7.47,0.89,$1.64,4.07,$0.41,16.2,$0.05,133.72,$0.19B,$0.14B,1.39,$0.04B,$0.06B,0.69,$0.01B,$0.01B,66.67%,$0.01B,$0.00B,8.33%,$0.01B,0,0.00%,$0.01B,0,0.00%,$0.01B,$0.00B,8.33%,$0.01B,0,0.00%,$0.00B,$0.06B,0.00%,$0.00B,$0.04B,0.00%,$0.00B,$0.24B,0.00%,$0.00B,$0.10B,0.96%,$3,$1,$2,$0,$1,$3,$1,$0,$1,$0,$0,$0,$0,$0,$0,$8,8,$0.05,$0.05,$4,$0,$0,$192,$3,$27,$15,$3,$48,$240,$139,$40,$1,$42,$181,$0,$32,$0,$59,$240,$1,$0,$-0,$0,$0,$0,$-0,$0,$0,$1,$-0,$0,$0,$0,$2,$2,$-6,$-5,$-7,$0,$-7,$-2,$-2,$-1,$1,$-9,$-12,$0,$-1
39,2008-12-31,6.29,$7.48,0.84,$1.66,3.79,$0.34,18.45,0,0.0,$0.20B,$0.14B,1.44,$0.05B,$0.06B,0.8,$0.01B,$0.01B,58.33%,$0.01B,0,0.00%,$0.01B,0,0.00%,$0.01B,0,0.00%,$0.01B,0,0.00%,$0.01B,0,0.00%,$0.00B,$0.06B,0.00%,$0.00B,$0.04B,0.00%,$0.00B,$0.25B,0.00%,$0.00B,$0.11B,0.00%,$3,$1,$2,$0,$1,$3,$0,$0,$0,$0,$0,$0,$0,$0,$0,$8,8,$0.04,$0.04,$5,$0,$0,$197,$3,$27,$15,$3,$48,$245,$136,$47,$1,$49,$186,$0,$32,$0,$59,$245,$1,$0,$0,$0,$0,$0,$0,$0,$-0,$1,$-0,$0,$0,$0,$1,$1,$-9,$-8,$-0,$0,$-0,$-1,$-1,$-1,$-2,$-4,$-11,$0,$-1
40,2008-09-30,6.19,$7.44,0.83,$1.69,3.65,$0.31,20.17,0,0.0,$0.19B,$0.14B,1.41,$0.04B,$0.06B,0.71,$0.01B,$0.01B,50.00%,$0.01B,0,0.00%,$0.01B,0,0.00%,$0.01B,0,0.00%,$0.01B,0,0.00%,$0.01B,0,0.00%,$0.00B,$0.06B,0.00%,$0.00B,$0.05B,0.00%,$0.00B,$0.24B,0.00%,$0.00B,$0.10B,0.00%,$3,$2,$2,$0,$1,$3,$0,$0,$0,$0,$0,$0,$0,$0,$0,$8,8,$0.04,$0.04,$6,$0,$0,$193,$3,$27,$15,$3,$48,$242,$137,$42,$1,$45,$182,$0,$32,$0,$59,$242,$0,$0,$0,$0,$-0,$0,$0,$0,$-0,$0,$-0,$0,$0,$0,$1,$1,$-4,$-3,$-6,$0,$-6,$-0,$-0,$-0,$-0,$-7,$-10,$0,$-0
41,2008-06-30,5.9,$7.44,0.79,$1.71,3.45,$0.31,18.99,0,0.0,$0.20B,$0.14B,1.44,$0.05B,$0.06B,0.8,$0.01B,$0.01B,41.67%,$0.01B,0,0.00%,$0.01B,0,0.00%,$0.01B,0,0.00%,$0.01B,0,0.00%,$0.01B,0,0.00%,$0.00B,$0.06B,0.00%,$0.00B,$0.05B,0.00%,$0.00B,$0.25B,0.00%,$0.00B,$0.11B,0.00%,$3,$2,$2,$0,$1,$3,$0,$0,$0,$0,$0,$0,$0,$0,$0,$8,8,$0.04,$0.04,$16,$0,$0,$199,$3,$28,$15,$3,$49,$248,$138,$48,$1,$50,$188,$0,$32,$0,$60,$248,$1,$0,$-0,$0,$0,$0,$-0,$0,$0,$1,$-0,$0,$0,$0,$51,$51,$-16,$35,$-17,$0,$-17,$-3,$-3,$-1,$-2,$-23,$13,$0,$-1
42,2008-03-31,6.29,$7.46,0.84,$1.72,3.65,$0.28,22.22,0,0.0,$0.20B,$0.14B,1.42,$0.05B,$0.06B,0.89,$0.01B,$0.00B,33.33%,$0.01B,0,0.00%,$0.01B,0,0.00%,$0.01B,0,0.00%,$0.01B,0,0.00%,$0.01B,0,0.00%,$0.00B,$0.06B,0.00%,$0.00B,$0.05B,0.00%,$0.00B,$0.25B,0.00%,$0.00B,$0.11B,0.00%,$3,$2,$1,$0,$1,$3,$0,$0,$0,$0,$0,$0,$0,$0,$0,$8,8,$0.03,$0.03,$18,$0,$0,$196,$3,$37,$15,$3,$58,$254,$138,$54,$1,$56,$193,$0,$32,$0,$60,$254,$1,$0,$-0,$0,$-0,$0,$-0,$0,$-0,$1,$-0,$0,$0,$0,$42,$42,$-11,$31,$-11,$0,$-11,$-2,$-2,$-1,$-3,$-17,$15,$0,$-1
43,2007-12-31,6.12,$7.45,0.82,$1.71,3.59,$0.29,21.07,0,0.0,$0.18B,$0.14B,1.29,$0.07B,$0.06B,1.09,$0.01B,$0.00B,33.33%,$0.01B,0,0.00%,$0.01B,0,0.00%,$0.01B,0,0.00%,$0.01B,0,0.00%,$0.01B,0,0.00%,$0.00B,$0.06B,0.00%,$0.00B,$0.05B,0.00%,$0.00B,$0.27B,0.00%,$0.00B,$0.13B,0.00%,$3,$2,$1,$0,$1,$3,$0,$0,$0,$0,$0,$0,$0,$0,$0,$8,8,$0.03,$0.03,$2,$0,$0,$178,$3,$68,$15,$3,$89,$266,$137,$66,$1,$68,$205,$0,$32,$-0,$61,$266,$0,$0,$0,$0,$-0,$0,$-0,$0,$0,$1,$-0,$0,$0,$0,$11,$11,$-8,$3,$1,$0,$1,$-1,$-1,$-1,$-3,$-4,$-1,$0,$-1
44,2007-09-30,6.12,$7.41,0.83,$1.66,3.69,$0.20,31.35,0,0.0,$0.17B,$0.14B,1.24,$0.07B,$0.06B,1.13,$0.01B,$0.00B,33.33%,$0.01B,0,0.00%,$0.01B,0,0.00%,$0.01B,0,0.00%,$0.01B,0,0.00%,$0.01B,0,0.00%,$0.00B,$0.06B,0.00%,$0.00B,$0.05B,0.00%,$0.00B,$0.27B,0.00%,$0.00B,$0.13B,0.00%,$3,$2,$1,$0,$1,$3,$0,$0,$0,$0,$0,$0,$0,$0,$0,$8,8,$0.02,$0.02,$1,$0,$0,$174,$3,$78,$15,$3,$99,$273,$140,$69,$2,$71,$212,$0,$32,$-0,$61,$273,$0,$0,$-0,$-0,$-0,$0,$0,$0,$0,$0,$-0,$0,$0,$0,$1,$1,$-5,$-5,$4,$0,$4,$-1,$-1,$-0,$0,$3,$-1,$0,$-0
45,2007-06-30,6.15,$7.41,0.83,$1.63,3.78,$0.29,21.08,0,0.0,$0.17B,$0.14B,1.21,$0.07B,$0.06B,1.06,$0.01B,$0.00B,33.33%,$0.01B,0,0.00%,$0.01B,0,0.00%,$0.01B,0,0.00%,$0.01B,0,0.00%,$0.01B,0,0.00%,$0.00B,$0.06B,0.00%,$0.00B,$0.05B,0.00%,$0.00B,$0.27B,0.00%,$0.00B,$0.13B,0.00%,$3,$2,$1,$0,$1,$3,$0,$0,$0,$0,$0,$0,$0,$0,$0,$8,8,$0.03,$0.03,$3,$0,$0,$170,$3,$78,$15,$3,$99,$269,$140,$65,$1,$67,$207,$0,$32,$-0,$61,$269,$1,$0,$0,$0,$-0,$0,$-0,$-0,$-0,$1,$-0,$0,$0,$0,$5,$5,$-11,$-6,$11,$0,$11,$-3,$-3,$-1,$-1,$5,$0,$0,$-1
46,2007-03-31,6.06,$7.44,0.82,$1.60,3.79,$0.37,16.56,0,0.0,$0.17B,$0.14B,1.2,$0.06B,$0.06B,1.02,$0.01B,$0.01B,41.67%,$0.01B,0,0.00%,$0.01B,0,0.00%,$0.01B,0,0.00%,$0.01B,0,0.00%,$0.01B,0,0.00%,$0.00B,$0.06B,0.00%,$0.00B,$0.05B,0.00%,$0.00B,$0.27B,0.00%,$0.00B,$0.13B,0.00%,$3,$2,$1,$0,$1,$3,$0,$0,$0,$0,$0,$0,$0,$0,$0,$8,8,$0.02,$0.02,$2,$0,$0,$167,$3,$79,$15,$3,$100,$267,$139,$64,$1,$65,$205,$0,$32,$-0,$62,$267,$1,$0,$-0,$0,$-0,$0,$0,$-0,$-0,$1,$-0,$0,$0,$0,$4,$4,$-9,$-5,$9,$0,$9,$-2,$-2,$-1,$-2,$4,$-1,$0,$-1
47,2006-12-31,6.1,$7.48,0.82,$1.58,3.86,$0.42,14.46,0,0.0,$0.17B,$0.14B,1.19,$0.06B,$0.06B,0.98,$0.01B,$0.01B,50.00%,$0.01B,0,0.00%,$0.01B,0,0.00%,$0.01B,0,0.00%,$0.01B,0,0.00%,$0.01B,0,0.00%,$0.00B,$0.06B,0.00%,$0.00B,$0.05B,0.00%,$0.00B,$0.27B,0.00%,$0.00B,$0.13B,0.00%,$3,$2,$1,$0,$1,$3,$0,$0,$0,$0,$0,$0,$0,$0,$0,$8,8,$0.03,$0.03,$2,$0,$0,$165,$3,$80,$15,$3,$100,$265,$139,$62,$0,$63,$202,$0,$33,$-0,$63,$265,$0,$0,$-0,$0,$-0,$0,$0,$-1,$-1,$-0,$-0,$0,$0,$0,$4,$4,$-7,$-3,$7,$0,$7,$-1,$-1,$-1,$-3,$3,$-0,$0,$-1
