,Date,Stock Price,Book Value per Share,Price to Book Ratio,TTM Sales per Share,Price to Sales Ratio,TTM FCF per Share,Price to FCF Ratio,TTM Net EPS,PE Ratio,Current Assets,Current Liabilities,Current Ratio,Long Term Debt,Shareholder's Equity_x,Debt to Equity Ratio,TTM Revenue_x,TTM Gross Profit,Gross Margin,TTM Revenue_y,TTM Operating Income,Operating Margin,TTM Revenue_x,TTM EBIT,EBIT Margin,TTM Revenue_y,TTM EBITDA,EBITDA Margin,TTM Revenue_x,TTM Pre-Tax Income,Pre-Tax Margin,TTM Revenue_y,TTM Net Income_x,Net Margin,TTM Net Income_y,Shareholder's Equity_y,Return on Equity,TTM Net Income_x,Tangible Equity,Return on Tangible Equity,TTM Net Income_y,Total Assets,Return on Assets,TTM Net Income,LT Investments & Debt,Return on Investment,revenue,cost-goods-sold,gross-profit,research-development-expenses,selling-general-administrative-expenses,operating-expenses,operating-income,total-non-operating-income-expense,pre-tax-income,total-provision-income-taxes,income-after-taxes,income-from-continuous-operations,net-income,ebitda,ebit,basic-shares-outstanding,shares-outstanding,eps-basic-net-earnings-per-share,eps-earnings-per-share-diluted,cash-on-hand,inventory,other-current-assets,total-current-assets,net-property-plant-equipment,long-term-investments,goodwill-intangible-assets-total,other-long-term-assets,total-long-term-assets,total-assets,total-current-liabilities,long-term-debt,other-non-current-liabilities,total-long-term-liabilities,total-liabilities,common-stock-net,retained-earnings-accumulated-deficit,comprehensive-income,total-share-holder-equity,total-liabilities-share-holders-equity,net-income-loss,total-depreciation-amortization-cash-flow,other-non-cash-items,total-non-cash-items,change-in-accounts-receivable,change-in-inventories,change-in-accounts-payable,change-in-assets-liabilities,total-change-in-assets-liabilities,cash-flow-from-operating-activities,net-change-in-property-plant-equipment,net-change-in-intangible-assets,net-acquisitions-divestitures,net-change-in-short-term-investments,net-change-in-long-term-investments,net-change-in-investments-total,investing-activities-other,cash-flow-from-investing-activities,net-long-term-debt,net-current-debt,debt-issuance-retirement-net-total,net-common-equity-issued-repurchased,net-total-equity-issued-repurchased,total-common-preferred-stock-dividends-paid,financial-activities-other,cash-flow-from-financial-activities,net-cash-flow,stock-based-compensation,common-stock-dividends-paid
0,2018-09-30,37.6,$6.29,5.98,$55.45,0.68,$5.06,7.44,$1.90,19.79,$0.25B,$0.10B,2.66,$0.08B,$0.16B,0.49,$1.40B,$0.41B,29.51%,$1.40B,$0.08B,5.63%,$1.40B,$0.08B,5.63%,$1.40B,$0.09B,6.20%,$1.40B,$0.07B,5.27%,$1.40B,$0.05B,3.35%,$0.05B,$0.16B,32.30%,$0.05B,$0.12B,48.70%,$0.05B,$0.39B,12.06%,$0.08B,$0.25B,31.26%,$355,$251,$104,$0,$80,$333,$23,$-1,$22,$5,$16,$16,$16,$25,$23,$25,25,$0.65,$0.64,$0,$0,$0,$252,$37,$0,$49,$42,$140,$392,$95,$81,$52,$133,$228,$1,$226,$1,$164,$392,$42,$6,$9,$15,$-13,$0,$0,$-1,$8,$65,$-4,$0,$1,$0,$0,$0,$0,$-3,$0,$-37,$-37,$-12,$-12,$-10,$-1,$-62,$0,$7,$-10
1,2018-06-30,34.3,$5.76,5.96,$54.79,0.63,$2.67,12.83,$1.66,20.66,$0.25B,$0.09B,2.77,$0.10B,$0.15B,0.68,$1.39B,$0.41B,29.81%,$1.39B,$0.08B,5.47%,$1.39B,$0.08B,5.47%,$1.39B,$0.09B,6.12%,$1.39B,$0.07B,5.11%,$1.39B,$0.04B,2.95%,$0.04B,$0.15B,29.29%,$0.04B,$0.10B,45.05%,$0.04B,$0.39B,10.43%,$0.08B,$0.25B,29.32%,$359,$251,$107,$0,$82,$336,$23,$-1,$22,$6,$16,$16,$16,$25,$23,$25,25,$0.66,$0.65,$0,$0,$0,$254,$39,$0,$49,$40,$140,$394,$92,$103,$49,$152,$244,$1,$214,$1,$150,$394,$25,$4,$6,$11,$-14,$0,$0,$-1,$2,$38,$-3,$0,$0,$0,$0,$0,$0,$-3,$0,$-16,$-16,$-12,$-12,$-6,$-1,$-35,$0,$5,$-6
2,2018-03-31,26.96,$5.16,5.23,$53.90,0.5,$1.32,20.36,$1.45,18.59,$0.25B,$0.08B,3.07,$0.13B,$0.13B,0.93,$1.37B,$0.41B,30.00%,$1.37B,$0.07B,5.26%,$1.37B,$0.07B,5.26%,$1.37B,$0.08B,5.91%,$1.37B,$0.07B,4.89%,$1.37B,$0.04B,2.63%,$0.04B,$0.13B,26.42%,$0.04B,$0.09B,41.26%,$0.04B,$0.39B,9.18%,$0.07B,$0.26B,27.53%,$346,$246,$100,$0,$85,$333,$14,$-1,$12,$3,$9,$9,$9,$16,$14,$25,25,$0.37,$0.37,$0,$0,$0,$251,$39,$0,$49,$39,$138,$389,$82,$125,$48,$173,$255,$1,$201,$1,$134,$389,$9,$2,$3,$5,$-12,$0,$0,$0,$-4,$10,$-1,$0,$0,$0,$0,$0,$0,$-1,$0,$7,$7,$-12,$-12,$-3,$-1,$-9,$-0,$2,$-3
3,2017-12-31,25.06,$5.10,4.91,$53.19,0.47,$0.47,53.01,$1.31,19.13,$0.25B,$0.08B,2.93,$0.12B,$0.13B,0.89,$1.36B,$0.41B,30.04%,$1.36B,$0.07B,5.01%,$1.36B,$0.07B,5.01%,$1.36B,$0.08B,5.74%,$1.36B,$0.06B,4.71%,$1.36B,$0.03B,2.43%,$0.03B,$0.13B,24.63%,$0.03B,$0.09B,38.82%,$0.03B,$0.38B,8.41%,$0.07B,$0.25B,25.98%,$343,$240,$103,$0,$82,$324,$19,$-1,$18,$12,$6,$6,$6,$21,$19,$25,26,$0.25,$0.23,$0,$0,$0,$245,$40,$0,$49,$39,$139,$384,$84,$119,$47,$166,$250,$1,$195,$0,$134,$384,$33,$9,$20,$28,$-20,$0,$0,$-6,$-32,$29,$-6,$0,$1,$0,$0,$0,$0,$-5,$0,$5,$5,$-15,$-15,$-12,$-4,$-26,$-1,$8,$-12
4,2017-09-30,19.95,$5.35,3.73,$52.21,0.38,$0.60,33.39,$1.43,13.95,$0.26B,$0.09B,2.95,$0.13B,$0.14B,0.91,$1.34B,$0.41B,30.20%,$1.34B,$0.07B,4.85%,$1.34B,$0.07B,4.85%,$1.34B,$0.08B,5.59%,$1.34B,$0.06B,4.55%,$1.34B,$0.04B,2.68%,$0.04B,$0.14B,27.48%,$0.04B,$0.09B,44.04%,$0.04B,$0.41B,9.29%,$0.07B,$0.27B,25.22%,$341,$237,$104,$0,$82,$321,$20,$-1,$19,$9,$10,$10,$10,$23,$20,$25,26,$0.40,$0.40,$1,$0,$0,$259,$41,$0,$49,$37,$147,$406,$88,$129,$47,$176,$264,$1,$192,$-0,$142,$406,$27,$6,$9,$16,$-38,$0,$0,$-4,$-37,$6,$-5,$0,$1,$0,$0,$0,$0,$-4,$0,$15,$15,$-4,$-4,$-9,$-3,$-2,$-1,$6,$-9
5,2017-06-30,19.23,$5.06,3.8,$51.71,0.37,$1.36,14.11,$1.37,14.04,$0.24B,$0.08B,2.98,$0.13B,$0.14B,0.94,$1.34B,$0.41B,30.39%,$1.34B,$0.06B,4.57%,$1.34B,$0.06B,4.57%,$1.34B,$0.07B,5.24%,$1.34B,$0.06B,4.27%,$1.34B,$0.04B,2.62%,$0.04B,$0.14B,27.40%,$0.04B,$0.09B,44.73%,$0.04B,$0.39B,9.25%,$0.06B,$0.26B,24.55%,$340,$236,$104,$0,$83,$321,$19,$-1,$18,$7,$11,$11,$11,$21,$19,$25,25,$0.44,$0.44,$4,$0,$0,$242,$42,$0,$49,$36,$148,$390,$81,$127,$46,$174,$255,$1,$185,$0,$135,$390,$17,$4,$8,$12,$-19,$0,$0,$-2,$-24,$6,$-4,$0,$0,$0,$0,$0,$0,$-4,$0,$13,$13,$-3,$-3,$-6,$-3,$1,$2,$4,$-6
6,2017-03-31,23.15,$4.68,4.94,$51.08,0.45,$1.80,12.86,$1.34,17.28,$0.24B,$0.08B,2.93,$0.14B,$0.13B,1.08,$1.33B,$0.41B,30.65%,$1.33B,$0.06B,4.58%,$1.33B,$0.06B,4.58%,$1.33B,$0.07B,5.26%,$1.33B,$0.06B,4.28%,$1.33B,$0.04B,2.63%,$0.04B,$0.13B,27.61%,$0.04B,$0.08B,45.45%,$0.04B,$0.39B,9.38%,$0.06B,$0.26B,25.34%,$334,$237,$97,$0,$85,$324,$10,$-1,$9,$3,$6,$6,$6,$13,$10,$25,26,$0.23,$0.23,$3,$0,$0,$242,$43,$0,$50,$33,$147,$389,$83,$136,$46,$181,$264,$1,$177,$0,$125,$389,$6,$2,$5,$7,$-22,$0,$0,$-1,$-23,$-11,$-2,$0,$0,$0,$0,$0,$0,$-2,$0,$20,$20,$-3,$-3,$-3,$-1,$14,$1,$2,$-3
7,2016-12-31,22.41,$4.54,4.93,$49.99,0.45,$2.38,9.42,$1.25,17.92,$0.22B,$0.08B,2.62,$0.12B,$0.12B,0.95,$1.32B,$0.41B,30.93%,$1.32B,$0.06B,4.55%,$1.32B,$0.06B,4.55%,$1.32B,$0.07B,5.23%,$1.32B,$0.06B,4.32%,$1.32B,$0.03B,2.50%,$0.03B,$0.12B,26.19%,$0.03B,$0.07B,43.42%,$0.03B,$0.37B,9.02%,$0.06B,$0.24B,25.78%,$326,$226,$100,$0,$82,$310,$16,$-1,$15,$6,$9,$9,$9,$18,$16,$26,26,$0.36,$0.36,$1,$0,$0,$219,$43,$0,$50,$31,$147,$365,$83,$116,$45,$160,$244,$1,$175,$0,$122,$365,$33,$9,$11,$20,$-7,$0,$0,$-2,$-13,$40,$-12,$0,$0,$0,$0,$0,$0,$-12,$0,$31,$31,$-46,$-46,$-12,$-0,$-27,$-0,$7,$-12
8,2016-09-30,19.77,$4.76,4.16,$49.21,0.4,$3.55,5.57,$1.32,14.98,$0.23B,$0.09B,2.49,$0.11B,$0.13B,0.81,$1.32B,$0.41B,31.19%,$1.32B,$0.07B,4.92%,$1.32B,$0.07B,4.92%,$1.32B,$0.07B,5.60%,$1.32B,$0.06B,4.69%,$1.32B,$0.04B,2.73%,$0.04B,$0.13B,27.59%,$0.04B,$0.08B,44.86%,$0.04B,$0.37B,9.92%,$0.07B,$0.23B,28.35%,$336,$231,$105,$0,$88,$321,$16,$-1,$15,$6,$9,$9,$9,$18,$16,$26,26,$0.35,$0.34,$1,$0,$0,$228,$42,$0,$50,$30,$141,$369,$91,$105,$43,$148,$240,$1,$169,$0,$129,$369,$24,$7,$8,$15,$-10,$0,$0,$-3,$-9,$30,$-9,$0,$0,$0,$0,$0,$0,$-9,$0,$21,$21,$-32,$-32,$-9,$-1,$-21,$-1,$5,$-9
9,2016-06-30,16.2,$4.72,3.43,$48.49,0.33,$4.46,3.63,$1.46,11.09,$0.23B,$0.10B,2.41,$0.10B,$0.13B,0.76,$1.33B,$0.42B,31.42%,$1.33B,$0.07B,5.43%,$1.33B,$0.07B,5.43%,$1.33B,$0.08B,6.18%,$1.33B,$0.07B,5.28%,$1.33B,$0.04B,3.09%,$0.04B,$0.13B,30.65%,$0.04B,$0.08B,49.10%,$0.04B,$0.37B,11.27%,$0.07B,$0.23B,31.79%,$335,$229,$106,$0,$85,$316,$19,$-1,$18,$7,$11,$11,$11,$21,$19,$26,26,$0.41,$0.41,$1,$0,$0,$234,$38,$0,$50,$29,$135,$370,$97,$100,$42,$142,$239,$1,$163,$0,$131,$370,$15,$5,$7,$12,$-17,$0,$0,$-4,$-10,$16,$-3,$0,$0,$0,$0,$0,$0,$-3,$0,$15,$15,$-22,$-22,$-6,$-0,$-13,$-0,$4,$-6
10,2016-03-31,18.66,$4.38,4.26,$47.68,0.39,$4.76,3.92,$1.46,12.78,$0.23B,$0.09B,2.53,$0.11B,$0.12B,0.88,$1.33B,$0.42B,31.38%,$1.33B,$0.07B,5.49%,$1.33B,$0.07B,5.49%,$1.33B,$0.08B,6.32%,$1.33B,$0.07B,5.34%,$1.33B,$0.04B,3.16%,$0.04B,$0.12B,31.00%,$0.04B,$0.07B,49.27%,$0.04B,$0.36B,11.53%,$0.07B,$0.23B,32.19%,$322,$225,$97,$0,$85,$313,$9,$-1,$9,$5,$4,$4,$4,$12,$9,$27,27,$0.14,$0.14,$1,$0,$0,$226,$38,$0,$50,$28,$134,$360,$89,$107,$42,$149,$239,$1,$155,$0,$122,$360,$4,$2,$6,$8,$-12,$0,$0,$-0,$-9,$3,$-1,$0,$0,$0,$0,$0,$0,$-1,$0,$23,$23,$-22,$-22,$-3,$-0,$-3,$-1,$2,$-3
11,2015-12-31,23.94,$4.91,4.87,$46.65,0.51,$5.04,4.75,$1.52,15.75,$0.22B,$0.09B,2.45,$0.08B,$0.14B,0.6,$1.32B,$0.42B,31.44%,$1.32B,$0.07B,5.61%,$1.32B,$0.07B,5.61%,$1.32B,$0.08B,6.36%,$1.32B,$0.07B,5.45%,$1.32B,$0.04B,3.33%,$0.04B,$0.14B,31.60%,$0.04B,$0.09B,49.58%,$0.04B,$0.35B,12.08%,$0.07B,$0.22B,32.53%,$328,$224,$104,$0,$80,$307,$21,$-1,$20,$8,$12,$12,$12,$23,$21,$28,28,$0.43,$0.43,$1,$0,$0,$215,$37,$0,$50,$29,$137,$352,$88,$84,$41,$124,$212,$1,$155,$0,$140,$352,$43,$10,$11,$21,$6,$0,$0,$4,$7,$71,$-8,$0,$0,$0,$0,$0,$0,$-8,$0,$-13,$-13,$-38,$-38,$-13,$1,$-62,$0,$6,$-13
12,2015-09-30,24.77,$4.91,5.04,$45.08,0.55,$1.84,13.49,$1.39,17.82,$0.23B,$0.11B,2.15,$0.08B,$0.14B,0.57,$1.31B,$0.41B,31.20%,$1.31B,$0.07B,5.19%,$1.31B,$0.07B,5.19%,$1.31B,$0.08B,5.95%,$1.31B,$0.07B,5.03%,$1.31B,$0.04B,3.13%,$0.04B,$0.14B,29.50%,$0.04B,$0.09B,46.33%,$0.04B,$0.37B,11.16%,$0.07B,$0.22B,29.57%,$342,$232,$110,$0,$84,$319,$23,$-0,$23,$9,$14,$14,$14,$26,$23,$28,28,$0.49,$0.48,$1,$0,$0,$234,$38,$0,$50,$28,$139,$373,$109,$81,$40,$121,$230,$1,$147,$-0,$142,$373,$31,$7,$7,$14,$-11,$0,$0,$3,$10,$55,$-8,$0,$0,$0,$0,$0,$0,$-8,$0,$-12,$-12,$-25,$-25,$-9,$-1,$-47,$0,$4,$-9
13,2015-06-30,21.46,$4.73,4.54,$42.89,0.5,$0.12,174.79,$2.97,7.23,$0.23B,$0.10B,2.32,$0.09B,$0.14B,0.68,$1.28B,$0.40B,30.94%,$1.28B,$0.06B,4.60%,$1.28B,$0.06B,4.60%,$1.28B,$0.07B,5.38%,$1.28B,$0.06B,4.36%,$1.28B,$0.09B,7.17%,$0.09B,$0.14B,62.48%,$0.09B,$0.09B,94.60%,$0.09B,$0.37B,25.36%,$0.06B,$0.23B,26.64%,$337,$231,$106,$0,$83,$317,$20,$-1,$19,$8,$12,$12,$12,$23,$20,$28,28,$0.41,$0.41,$2,$0,$0,$234,$36,$0,$51,$30,$139,$372,$101,$94,$39,$133,$234,$1,$136,$-0,$138,$372,$17,$5,$5,$10,$-11,$0,$0,$0,$-2,$26,$-4,$0,$0,$0,$0,$0,$0,$-4,$0,$0,$0,$-17,$-17,$-6,$1,$-22,$0,$3,$-6
14,2015-03-31,20.84,$4.63,4.5,$40.24,0.52,$-0.39,0.0,$2.89,7.21,$0.22B,$0.09B,2.45,$0.10B,$0.14B,0.69,$1.25B,$0.39B,30.82%,$1.25B,$0.05B,4.24%,$1.25B,$0.05B,4.24%,$1.25B,$0.06B,4.96%,$1.25B,$0.05B,4.00%,$1.25B,$0.09B,7.29%,$0.09B,$0.14B,60.77%,$0.09B,$0.09B,91.92%,$0.09B,$0.36B,25.19%,$0.05B,$0.23B,23.95%,$313,$218,$95,$0,$82,$303,$10,$-0,$10,$4,$6,$6,$6,$12,$10,$28,28,$0.20,$0.20,$2,$0,$0,$221,$35,$0,$51,$31,$139,$360,$90,$95,$38,$133,$223,$1,$128,$-0,$137,$360,$6,$2,$2,$5,$1,$0,$0,$0,$1,$11,$-1,$0,$0,$0,$0,$0,$0,$-1,$0,$1,$1,$-8,$-8,$-3,$1,$-9,$1,$1,$-3
15,2014-12-31,22.43,$4.74,4.73,$37.76,0.59,$-0.60,0.0,$2.88,7.79,$0.22B,$0.09B,2.38,$0.09B,$0.14B,0.67,$1.22B,$0.37B,30.71%,$1.22B,$0.05B,4.11%,$1.22B,$0.05B,4.11%,$1.22B,$0.06B,4.93%,$1.22B,$0.05B,3.86%,$1.22B,$0.09B,7.47%,$0.09B,$0.14B,58.43%,$0.09B,$0.09B,87.08%,$0.09B,$0.36B,25.33%,$0.05B,$0.23B,22.81%,$319,$220,$98,$0,$81,$304,$15,$-0,$14,$5,$9,$9,$9,$17,$15,$31,32,$0.30,$0.29,$1,$0,$0,$224,$35,$0,$51,$30,$140,$364,$94,$94,$36,$130,$225,$1,$125,$-0,$139,$364,$91,$10,$-60,$-50,$-40,$0,$0,$-2,$-66,$-26,$-6,$0,$115,$0,$0,$0,$1,$111,$0,$31,$31,$-101,$-101,$-13,$-2,$-85,$0,$3,$-13
16,2014-09-30,18.11,$5.59,3.24,$34.97,0.52,$0.15,117.72,$2.33,7.77,$0.22B,$0.13B,1.66,$0.01B,$0.18B,0.08,$1.14B,$0.35B,30.88%,$1.14B,$0.02B,1.49%,$1.14B,$0.02B,1.49%,$1.14B,$0.04B,3.67%,$1.14B,$0.01B,1.22%,$1.14B,$0.07B,6.47%,$0.07B,$0.18B,46.18%,$0.07B,$0.13B,68.36%,$0.07B,$0.36B,20.83%,$0.02B,$0.19B,7.86%,$314,$216,$98,$0,$82,$300,$14,$-0,$13,$5,$8,$8,$65,$17,$14,$31,32,$2.07,$2.06,$1,$0,$0,$219,$36,$0,$49,$30,$135,$355,$132,$13,$34,$48,$179,$1,$120,$0,$175,$355,$82,$8,$-61,$-53,$-37,$0,$0,$-2,$-25,$4,$-5,$0,$118,$0,$0,$0,$1,$114,$-1,$-50,$-51,$-58,$-58,$-10,$0,$-118,$0,$2,$-10
17,2014-06-30,19.93,$4.49,4.43,$33.48,0.6,$0.09,219.44,$0.54,36.9,$0.22B,$0.10B,2.32,$0.08B,$0.15B,0.56,$1.11B,$0.35B,31.20%,$1.11B,$0.02B,1.44%,$1.11B,$0.02B,1.44%,$1.11B,$0.04B,3.70%,$1.11B,$0.01B,1.26%,$1.11B,$0.02B,1.62%,$0.02B,$0.15B,11.43%,$0.02B,$0.10B,17.91%,$0.02B,$0.37B,5.04%,$0.02B,$0.23B,7.15%,$303,$208,$94,$0,$78,$289,$14,$-0,$13,$5,$8,$8,$11,$16,$14,$32,33,$0.33,$0.33,$1,$0,$0,$224,$36,$0,$54,$31,$142,$366,$97,$83,$39,$121,$218,$1,$58,$0,$148,$366,$17,$5,$3,$8,$-22,$0,$0,$-2,$-13,$12,$-3,$0,$0,$0,$0,$0,$1,$-2,$-1,$19,$18,$-21,$-21,$-7,$0,$-10,$0,$2,$-7
18,2014-03-31,19.53,$4.76,4.11,$32.60,0.6,$-0.35,0.0,$0.42,46.51,$0.21B,$0.09B,2.28,$0.06B,$0.16B,0.39,$1.09B,$0.35B,31.65%,$1.09B,$0.01B,1.28%,$1.09B,$0.01B,1.28%,$1.09B,$0.04B,3.58%,$1.09B,$0.01B,1.19%,$1.09B,$0.01B,1.28%,$0.01B,$0.16B,8.72%,$0.01B,$0.11B,14.04%,$0.01B,$0.35B,3.98%,$0.01B,$0.22B,6.39%,$282,$198,$84,$0,$74,$275,$7,$-0,$7,$3,$4,$4,$6,$10,$7,$33,33,$0.19,$0.19,$1,$0,$0,$210,$36,$0,$54,$31,$142,$352,$92,$62,$37,$99,$191,$1,$50,$0,$161,$352,$6,$2,$3,$6,$-9,$0,$0,$-2,$-6,$6,$-1,$0,$0,$0,$0,$0,$0,$-1,$-0,$-2,$-2,$0,$0,$-3,$-0,$-5,$-0,$1,$-3
19,2013-12-31,18.66,$4.66,4.0,$31.80,0.59,$-0.81,0.0,$0.32,58.31,$0.20B,$0.09B,2.26,$0.06B,$0.16B,0.41,$1.07B,$0.34B,32.03%,$1.07B,$0.01B,1.12%,$1.07B,$0.01B,1.12%,$1.07B,$0.04B,3.45%,$1.07B,$0.01B,1.02%,$1.07B,$0.01B,1.02%,$0.01B,$0.16B,6.78%,$0.01B,$0.10B,11.28%,$0.01B,$0.35B,3.15%,$0.01B,$0.22B,5.57%,$244,$167,$77,$0,$78,$263,$-18,$-0,$-19,$-6,$-12,$-12,$-8,$-1,$-18,$34,34,$-0.25,$-0.25,$1,$0,$0,$203,$37,$0,$54,$31,$145,$348,$90,$64,$37,$101,$191,$1,$48,$0,$157,$348,$11,$24,$7,$32,$-28,$0,$0,$-3,$-42,$0,$-9,$0,$0,$0,$0,$0,$0,$-9,$-1,$41,$40,$-29,$-29,$-3,$0,$8,$-1,$3,$-3
20,2013-09-30,16.05,$4.95,3.24,$29.92,0.54,$0.91,17.56,$0.74,21.68,$0.21B,$0.10B,2.0,$0.06B,$0.16B,0.34,$1.02B,$0.33B,32.06%,$1.02B,$0.03B,2.83%,$1.02B,$0.03B,2.83%,$1.02B,$0.04B,4.20%,$1.02B,$0.03B,2.83%,$1.02B,$0.03B,2.44%,$0.03B,$0.16B,15.11%,$0.03B,$0.10B,25.77%,$0.03B,$0.36B,7.28%,$0.03B,$0.22B,13.94%,$280,$189,$91,$0,$75,$267,$13,$-0,$13,$5,$8,$8,$9,$16,$13,$33,33,$0.27,$0.27,$1,$0,$0,$205,$37,$0,$69,$31,$157,$362,$103,$55,$40,$95,$198,$1,$59,$-3,$164,$362,$19,$7,$5,$13,$-30,$0,$0,$-2,$-28,$4,$-7,$0,$0,$0,$0,$0,$0,$-7,$-1,$32,$31,$-29,$-29,$0,$0,$2,$-1,$3,$0
21,2013-06-30,13.24,$4.79,2.77,$28.92,0.46,$1.66,7.98,$0.73,18.14,$0.19B,$0.10B,1.99,$0.05B,$0.16B,0.32,$1.01B,$0.33B,32.18%,$1.01B,$0.03B,3.16%,$1.01B,$0.03B,3.16%,$1.01B,$0.05B,4.44%,$1.01B,$0.03B,3.06%,$1.01B,$0.03B,2.47%,$0.03B,$0.16B,13.99%,$0.03B,$0.09B,22.94%,$0.03B,$0.35B,7.33%,$0.03B,$0.21B,15.40%,$284,$191,$93,$0,$79,$272,$12,$-0,$12,$5,$7,$7,$7,$14,$12,$34,34,$0.21,$0.21,$1,$0,$0,$190,$36,$0,$69,$30,$155,$345,$95,$52,$38,$89,$185,$1,$50,$-3,$160,$345,$10,$5,$5,$10,$-13,$0,$0,$-4,$-21,$-1,$-4,$0,$0,$0,$0,$0,$0,$-4,$-1,$29,$28,$-23,$-23,$0,$0,$5,$-0,$2,$0
22,2013-03-31,14.85,$4.86,3.05,$28.01,0.53,$1.95,7.61,$-0.38,0.0,$0.19B,$0.10B,1.94,$0.04B,$0.17B,0.24,$1.00B,$0.32B,32.20%,$1.00B,$-0.03B,-2.99%,$1.00B,$-0.03B,-2.99%,$1.00B,$0.05B,4.89%,$1.00B,$-0.03B,-3.09%,$1.00B,$-0.02B,-1.50%,$-0.02B,$0.17B,-7.78%,$-0.02B,$0.10B,-12.32%,$-0.02B,$0.34B,-4.32%,$-0.03B,$0.21B,-14.15%,$266,$182,$83,$0,$76,$260,$5,$-0,$5,$2,$3,$3,$3,$8,$5,$34,34,$0.09,$0.09,$1,$0,$0,$186,$36,$0,$69,$29,$155,$341,$96,$41,$37,$78,$173,$1,$43,$-3,$168,$341,$3,$2,$2,$4,$-13,$0,$0,$-2,$-16,$-8,$-2,$0,$0,$0,$0,$0,$0,$-2,$-0,$19,$18,$-8,$-8,$0,$0,$10,$-0,$1,$0
23,2012-12-31,13.01,$4.92,2.65,$28.04,0.46,$2.30,5.66,$-0.35,0.0,$0.17B,$0.10B,1.74,$0.02B,$0.17B,0.13,$1.01B,$0.32B,31.94%,$1.01B,$-0.07B,-6.47%,$1.01B,$-0.07B,-6.47%,$1.01B,$0.01B,1.39%,$1.01B,$-0.07B,-6.67%,$1.01B,$-0.01B,-1.39%,$-0.01B,$0.17B,-6.57%,$-0.01B,$0.10B,-11.22%,$-0.01B,$0.33B,-3.85%,$-0.07B,$0.19B,-29.21%,$193,$132,$61,$0,$56,$194,$-1,$-0,$-1,$-1,$-0,$-0,$6,$5,$-1,$36,36,$0.14,$0.14,$1,$0,$0,$172,$35,$0,$69,$28,$154,$325,$99,$22,$34,$56,$155,$1,$40,$-3,$170,$325,$-14,$80,$-23,$57,$6,$0,$0,$-4,$12,$56,$-3,$0,$55,$0,$0,$0,$0,$52,$0,$-28,$-28,$-44,$-44,$-35,$-1,$-108,$0,$28,$-35
24,2012-09-30,9.92,$6.03,1.64,$29.33,0.34,$1.37,7.25,$-0.32,0.0,$0.19B,$0.09B,2.1,$0.00B,$0.22B,0.01,$1.07B,$0.34B,31.93%,$1.07B,$-0.06B,-5.23%,$1.07B,$-0.06B,-5.23%,$1.07B,$0.02B,1.96%,$1.07B,$-0.06B,-5.42%,$1.07B,$-0.01B,-1.21%,$-0.01B,$0.22B,-5.68%,$-0.01B,$0.14B,-10.70%,$-0.01B,$0.35B,-3.37%,$-0.06B,$0.22B,-22.81%,$270,$181,$89,$0,$70,$254,$16,$-0,$15,$6,$9,$9,$9,$18,$16,$36,36,$0.26,$0.26,$5,$0,$0,$188,$35,$0,$73,$31,$165,$353,$89,$1,$45,$47,$136,$1,$69,$-4,$217,$353,$-20,$74,$-24,$50,$-11,$0,$0,$-4,$-3,$28,$-4,$0,$56,$0,$0,$0,$0,$51,$-1,$-50,$-51,$-25,$-25,$0,$2,$-75,$4,$28,$0
25,2012-06-30,11.32,$5.89,1.92,$28.71,0.39,$0.97,11.73,$-0.36,0.0,$0.20B,$0.10B,2.09,$0.01B,$0.22B,0.06,$1.06B,$0.34B,31.83%,$1.06B,$-0.06B,-5.84%,$1.06B,$-0.06B,-5.84%,$1.06B,$0.02B,1.51%,$1.06B,$-0.06B,-5.93%,$1.06B,$-0.01B,-1.32%,$-0.01B,$0.22B,-6.05%,$-0.01B,$0.14B,-13.21%,$-0.01B,$0.37B,-3.48%,$-0.06B,$0.23B,-23.57%,$274,$184,$90,$0,$71,$324,$-50,$-0,$-50,$-17,$-33,$-33,$-33,$18,$-50,$37,37,$-0.90,$-0.90,$1,$0,$0,$202,$36,$0,$73,$31,$167,$369,$97,$12,$44,$56,$153,$1,$60,$-4,$216,$369,$-29,$71,$-26,$46,$-22,$0,$0,$-6,$-9,$8,$-3,$0,$48,$0,$0,$0,$0,$45,$-1,$-38,$-39,$-16,$-16,$0,$2,$-53,$-0,$27,$0
26,2012-03-31,12.53,$6.80,1.84,$27.37,0.46,$1.04,12.05,$0.71,17.65,$0.20B,$0.11B,1.73,$0.00B,$0.25B,0.01,$1.04B,$0.33B,31.66%,$1.04B,$-0.00B,-0.39%,$1.04B,$-0.00B,-0.39%,$1.04B,$0.01B,0.87%,$1.04B,$-0.00B,-0.48%,$1.04B,$0.03B,2.51%,$0.03B,$0.25B,10.74%,$0.03B,$0.11B,26.40%,$0.03B,$0.41B,6.33%,$-0.00B,$0.25B,-1.48%,$268,$188,$81,$0,$108,$299,$-30,$-0,$-31,$-13,$-18,$-18,$4,$-27,$-30,$35,35,$0.12,$0.12,$1,$0,$0,$197,$35,$0,$139,$33,$212,$409,$114,$1,$44,$46,$160,$1,$93,$-4,$250,$409,$4,$3,$-5,$-2,$-15,$0,$0,$-2,$0,$2,$-1,$0,$48,$0,$0,$0,$-1,$46,$-1,$-50,$-50,$-1,$-1,$0,$2,$-49,$-0,$27,$0
27,2011-12-31,10.37,$6.15,1.69,$25.42,0.41,$0.87,11.93,$0.71,14.61,$0.19B,$0.08B,2.24,$0.05B,$0.23B,0.22,$1.00B,$0.32B,31.67%,$1.00B,$0.03B,3.09%,$1.00B,$0.03B,3.09%,$1.00B,$0.04B,4.38%,$1.00B,$0.03B,2.99%,$1.00B,$0.03B,2.69%,$0.03B,$0.23B,11.11%,$0.03B,$0.09B,27.62%,$0.03B,$0.41B,6.59%,$0.03B,$0.28B,11.42%,$259,$177,$82,$0,$71,$251,$8,$-0,$8,$3,$5,$5,$7,$12,$8,$38,39,$0.20,$0.19,$1,$0,$0,$186,$36,$0,$145,$33,$223,$410,$83,$51,$42,$93,$177,$1,$89,$-4,$233,$410,$27,$13,$18,$31,$-26,$0,$0,$-3,$-27,$31,$-10,$0,$0,$0,$0,$0,$-0,$-10,$-2,$39,$37,$-59,$-59,$0,$1,$-21,$-0,$11,$0
28,2011-09-30,8.25,$5.96,1.38,$22.55,0.37,$0.09,87.68,$0.67,12.31,$0.20B,$0.10B,2.03,$0.06B,$0.23B,0.27,$0.90B,$0.29B,32.26%,$0.90B,$0.02B,2.11%,$0.90B,$0.02B,2.11%,$0.90B,$0.03B,3.45%,$0.90B,$0.02B,2.00%,$0.90B,$0.03B,2.89%,$0.03B,$0.23B,10.47%,$0.03B,$0.08B,25.30%,$0.03B,$0.42B,6.42%,$0.02B,$0.29B,7.18%,$261,$177,$85,$0,$71,$251,$10,$-0,$10,$4,$6,$6,$8,$13,$10,$37,38,$0.23,$0.22,$1,$0,$0,$199,$36,$0,$145,$31,$222,$420,$98,$61,$35,$96,$194,$1,$82,$-1,$227,$420,$20,$10,$14,$23,$-38,$0,$0,$-6,$-30,$14,$-4,$0,$0,$0,$0,$0,$-2,$-7,$-2,$49,$47,$-55,$-55,$0,$1,$-7,$-0,$7,$0
29,2011-06-30,11.0,$6.06,1.82,$22.15,0.5,$-0.70,0.0,$0.61,18.03,$0.18B,$0.11B,1.66,$0.00B,$0.26B,0.01,$0.90B,$0.29B,32.07%,$0.90B,$0.02B,2.23%,$0.90B,$0.02B,2.23%,$0.90B,$0.03B,3.56%,$0.90B,$0.02B,2.12%,$0.90B,$0.02B,2.67%,$0.02B,$0.26B,9.47%,$0.02B,$0.11B,22.33%,$0.02B,$0.41B,6.03%,$0.02B,$0.26B,7.69%,$248,$168,$80,$0,$68,$240,$8,$-0,$8,$3,$5,$5,$7,$11,$8,$40,40,$0.17,$0.17,$1,$0,$0,$181,$36,$0,$145,$34,$224,$405,$109,$2,$36,$38,$147,$1,$74,$-1,$258,$405,$12,$7,$10,$17,$-18,$0,$0,$-7,$-18,$11,$-3,$0,$0,$0,$0,$0,$-2,$-5,$-1,$8,$7,$-15,$-15,$0,$1,$-7,$-0,$6,$0
30,2011-03-31,15.39,$5.90,2.61,$22.09,0.7,$-1.77,0.0,$0.57,27.0,$0.18B,$0.11B,1.58,$0.00B,$0.25B,0.01,$0.90B,$0.29B,31.92%,$0.90B,$0.02B,2.34%,$0.90B,$0.02B,2.34%,$0.90B,$0.03B,3.68%,$0.90B,$0.02B,2.23%,$0.90B,$0.02B,2.46%,$0.02B,$0.25B,8.84%,$0.02B,$0.11B,21.46%,$0.02B,$0.40B,5.59%,$0.02B,$0.26B,7.92%,$236,$165,$71,$0,$64,$232,$5,$-0,$4,$1,$3,$3,$5,$8,$5,$40,41,$0.12,$0.12,$0,$0,$0,$177,$37,$0,$146,$34,$226,$403,$112,$2,$35,$37,$149,$1,$67,$-1,$254,$403,$5,$3,$4,$8,$-15,$0,$0,$-6,$-16,$-4,$-2,$0,$0,$0,$0,$0,$-1,$-3,$-0,$15,$14,$-9,$-9,$0,$1,$6,$-1,$4,$0
31,2010-12-31,13.61,$6.08,2.24,$21.92,0.62,$-2.08,0.0,$0.52,26.17,$0.17B,$0.10B,1.65,$0.00B,$0.25B,0.01,$0.89B,$0.28B,31.91%,$0.89B,$0.02B,2.25%,$0.89B,$0.02B,2.25%,$0.89B,$0.03B,3.61%,$0.89B,$0.02B,2.25%,$0.89B,$0.02B,2.25%,$0.02B,$0.25B,8.21%,$0.02B,$0.11B,20.67%,$0.02B,$0.39B,5.23%,$0.02B,$0.26B,7.56%,$154,$101,$54,$0,$55,$158,$-4,$-0,$-4,$-2,$-2,$-2,$6,$-1,$-4,$39,41,$0.16,$0.15,$1,$0,$0,$165,$38,$0,$146,$33,$226,$391,$100,$2,$35,$37,$137,$1,$62,$-1,$254,$391,$21,$13,$15,$27,$-25,$0,$0,$2,$-20,$29,$-38,$0,$0,$0,$0,$0,$2,$-36,$-2,$7,$6,$-2,$-2,$0,$2,$5,$-2,$8,$0
32,2010-09-30,11.54,$6.26,1.84,$23.82,0.48,$-0.86,0.0,$0.45,25.64,$0.17B,$0.09B,1.84,$0.02B,$0.25B,0.09,$0.96B,$0.30B,31.21%,$0.96B,$0.03B,3.13%,$0.96B,$0.03B,3.13%,$0.96B,$0.04B,4.49%,$0.96B,$0.03B,3.13%,$0.96B,$0.02B,1.88%,$0.02B,$0.25B,7.60%,$0.02B,$0.10B,20.11%,$0.02B,$0.39B,4.87%,$0.03B,$0.27B,11.61%,$260,$176,$83,$0,$69,$249,$11,$-0,$11,$4,$6,$6,$6,$14,$11,$40,40,$0.16,$0.16,$0,$0,$0,$168,$39,$0,$146,$31,$225,$393,$92,$22,$31,$54,$145,$1,$56,$-1,$248,$393,$14,$9,$12,$21,$-31,$0,$0,$-2,$-23,$13,$-35,$0,$0,$0,$0,$0,$3,$-32,$-1,$17,$15,$2,$2,$0,$-0,$17,$-2,$6,$0
33,2010-06-30,10.72,$6.06,1.77,$23.19,0.46,$0.40,26.57,$0.35,30.64,$0.16B,$0.08B,2.01,$0.04B,$0.24B,0.17,$0.93B,$0.29B,31.10%,$0.93B,$0.02B,2.48%,$0.93B,$0.02B,2.48%,$0.93B,$0.04B,3.89%,$0.93B,$0.02B,2.48%,$0.93B,$0.01B,1.51%,$0.01B,$0.24B,6.09%,$0.01B,$0.09B,16.97%,$0.01B,$0.39B,3.91%,$0.02B,$0.28B,9.20%,$246,$168,$78,$0,$66,$237,$9,$-0,$9,$4,$5,$5,$5,$12,$9,$40,41,$0.13,$0.13,$0,$0,$0,$158,$38,$0,$147,$33,$228,$386,$79,$40,$28,$68,$147,$1,$49,$-1,$239,$386,$8,$6,$8,$14,$-20,$0,$0,$-3,$-25,$-3,$-33,$0,$0,$0,$0,$0,$-2,$-35,$-1,$35,$34,$2,$2,$0,$-0,$35,$-2,$2,$0
34,2010-03-31,12.79,$5.89,2.17,$22.91,0.56,$1.66,7.7,$0.32,39.98,$0.16B,$0.08B,2.05,$0.02B,$0.23B,0.09,$0.91B,$0.28B,31.13%,$0.91B,$0.02B,2.32%,$0.91B,$0.02B,2.32%,$0.91B,$0.03B,3.75%,$0.91B,$0.02B,2.21%,$0.91B,$0.01B,1.43%,$0.01B,$0.23B,5.80%,$0.01B,$0.09B,17.16%,$0.01B,$0.36B,3.74%,$0.02B,$0.25B,8.73%,$227,$159,$68,$0,$61,$222,$4,$-0,$4,$1,$3,$3,$3,$7,$4,$39,40,$0.07,$0.07,$1,$0,$0,$157,$11,$0,$147,$35,$203,$360,$77,$21,$30,$51,$128,$1,$44,$-1,$233,$360,$3,$3,$3,$6,$-19,$0,$0,$-3,$-25,$-16,$-2,$0,$0,$0,$0,$0,$-2,$-3,$-0,$17,$16,$2,$2,$0,$-0,$18,$-2,$2,$0
35,2009-12-31,10.51,$5.80,1.81,$23.30,0.45,$1.99,5.27,$0.33,31.86,$0.14B,$0.08B,1.73,$0.01B,$0.23B,0.02,$0.91B,$0.29B,31.43%,$0.91B,$0.02B,2.53%,$0.91B,$0.02B,2.53%,$0.91B,$0.04B,3.96%,$0.91B,$0.02B,2.31%,$0.91B,$0.01B,1.43%,$0.01B,$0.23B,5.96%,$0.01B,$0.08B,18.77%,$0.01B,$0.34B,3.77%,$0.02B,$0.23B,9.53%,$225,$155,$70,$0,$61,$218,$6,$-0,$6,$2,$4,$4,$4,$10,$6,$38,39,$0.09,$0.09,$3,$0,$0,$137,$11,$0,$148,$33,$203,$340,$79,$5,$29,$34,$113,$1,$41,$-1,$227,$340,$13,$13,$13,$26,$9,$0,$0,$1,$4,$43,$-4,$0,$0,$0,$0,$0,$-2,$-6,$-2,$-35,$-37,$1,$1,$0,$1,$-35,$2,$10,$0
36,2009-09-30,10.11,$5.69,1.78,$23.69,0.43,$3.05,3.31,$-2.57,0.0,$0.14B,$0.09B,1.68,$0.02B,$0.22B,0.07,$0.93B,$0.30B,32.07%,$0.93B,$-0.10B,-10.91%,$0.93B,$-0.10B,-10.91%,$0.93B,$0.04B,4.43%,$0.93B,$-0.10B,-11.12%,$0.93B,$-0.10B,-10.69%,$-0.10B,$0.22B,-46.48%,$-0.10B,$0.07B,-156.52%,$-0.10B,$0.35B,-28.49%,$-0.10B,$0.24B,-41.27%,$228,$156,$72,$0,$65,$224,$4,$-0,$4,$2,$2,$2,$2,$7,$4,$39,39,$0.06,$0.06,$0,$0,$0,$143,$12,$0,$149,$32,$203,$346,$85,$15,$25,$40,$125,$1,$38,$0,$221,$346,$9,$9,$13,$21,$4,$0,$0,$-1,$1,$32,$-3,$0,$-0,$0,$0,$0,$-1,$-5,$-1,$-25,$-27,$1,$1,$0,$-1,$-27,$-0,$9,$0
37,2009-06-30,6.96,$5.60,1.24,$24.18,0.29,$3.77,1.84,$-2.43,0.0,$0.14B,$0.08B,1.75,$0.03B,$0.22B,0.12,$0.95B,$0.31B,32.88%,$0.95B,$-0.09B,-9.80%,$0.95B,$-0.09B,-9.80%,$0.95B,$0.05B,5.16%,$0.95B,$-0.10B,-10.01%,$0.95B,$-0.09B,-9.80%,$-0.09B,$0.22B,-39.03%,$-0.09B,$0.07B,-144.75%,$-0.09B,$0.34B,-24.93%,$-0.09B,$0.24B,-34.44%,$226,$154,$72,$0,$62,$219,$7,$-0,$6,$2,$4,$4,$4,$10,$7,$38,39,$0.10,$0.10,$0,$0,$0,$141,$13,$0,$149,$30,$203,$344,$81,$27,$22,$49,$129,$1,$36,$0,$215,$344,$7,$6,$5,$11,$5,$0,$0,$-1,$-1,$17,$-2,$0,$0,$0,$0,$0,$-1,$-3,$-1,$-13,$-14,$0,$0,$0,$-0,$-14,$-0,$2,$0
38,2009-03-31,5.91,$5.34,1.11,$24.71,0.24,$4.20,1.41,$-2.31,0.0,$0.15B,$0.07B,1.96,$0.05B,$0.21B,0.22,$0.98B,$0.33B,33.84%,$0.98B,$-0.09B,-9.30%,$0.98B,$-0.09B,-9.30%,$0.98B,$0.05B,5.32%,$0.98B,$-0.09B,-9.51%,$0.98B,$-0.09B,-9.00%,$-0.09B,$0.21B,-33.36%,$-0.09B,$0.06B,-133.84%,$-0.09B,$0.35B,-21.86%,$-0.09B,$0.26B,-30.54%,$231,$159,$72,$0,$63,$226,$6,$-0,$5,$2,$3,$3,$3,$9,$6,$38,39,$0.08,$0.08,$1,$0,$0,$145,$14,$0,$150,$29,$204,$349,$74,$46,$19,$65,$139,$1,$32,$0,$210,$349,$3,$3,$1,$4,$1,$0,$0,$-1,$-11,$-3,$-1,$0,$0,$0,$0,$0,$-1,$-2,$-1,$6,$5,$0,$0,$0,$-0,$5,$0,$0,$0
39,2008-12-31,6.46,$5.41,1.19,$24.82,0.26,$4.61,1.4,$-2.21,0.0,$0.15B,$0.09B,1.71,$0.04B,$0.21B,0.2,$1.00B,$0.35B,34.60%,$1.00B,$-0.09B,-8.53%,$1.00B,$-0.09B,-8.53%,$1.00B,$0.06B,5.92%,$1.00B,$-0.09B,-8.73%,$1.00B,$-0.08B,-8.43%,$-0.08B,$0.21B,-29.12%,$-0.08B,$0.06B,-127.27%,$-0.08B,$0.35B,-19.38%,$-0.09B,$0.25B,-26.13%,$241,$160,$81,$0,$66,$359,$-118,$-0,$-118,$-10,$-108,$-108,$-108,$15,$-118,$39,39,$-2.73,$-2.73,$1,$0,$0,$146,$15,$0,$151,$29,$205,$351,$85,$40,$19,$60,$145,$1,$28,$0,$206,$351,$-84,$143,$-8,$136,$37,$0,$0,$4,$38,$89,$-9,$0,$-26,$0,$0,$0,$-5,$-39,$-3,$-12,$-14,$-36,$-36,$0,$0,$-50,$-0,$6,$0
40,2008-09-30,8.59,$8.19,1.05,$24.17,0.36,$3.44,2.5,$0.84,10.22,$0.16B,$0.08B,1.87,$0.02B,$0.32B,0.05,$0.99B,$0.35B,35.26%,$0.99B,$0.05B,4.76%,$0.99B,$0.05B,4.76%,$0.99B,$0.06B,6.28%,$0.99B,$0.04B,4.46%,$0.99B,$0.03B,3.44%,$0.03B,$0.32B,10.79%,$0.03B,$0.08B,50.00%,$0.03B,$0.45B,7.32%,$0.05B,$0.34B,13.24%,$251,$164,$87,$0,$72,$239,$12,$-0,$12,$5,$7,$7,$8,$15,$12,$39,40,$0.20,$0.20,$1,$0,$0,$157,$15,$0,$245,$31,$291,$448,$84,$15,$21,$42,$126,$1,$136,$-0,$322,$448,$24,$11,$6,$17,$23,$0,$0,$2,$24,$65,$-7,$0,$12,$0,$0,$0,$-4,$1,$-2,$-38,$-40,$-25,$-25,$0,$-1,$-66,$-0,$8,$0
41,2008-06-30,7.14,$8.09,0.88,$23.69,0.3,$2.76,2.59,$0.90,7.93,$0.17B,$0.08B,2.07,$0.04B,$0.32B,0.11,$0.98B,$0.35B,35.85%,$0.98B,$0.05B,5.40%,$0.98B,$0.05B,5.40%,$0.98B,$0.07B,7.03%,$0.98B,$0.05B,4.99%,$0.98B,$0.04B,3.77%,$0.04B,$0.32B,11.95%,$0.04B,$0.07B,59.20%,$0.04B,$0.46B,7.84%,$0.05B,$0.35B,14.72%,$255,$164,$91,$0,$79,$246,$9,$-1,$8,$3,$5,$5,$9,$13,$9,$40,40,$0.22,$0.22,$2,$0,$0,$169,$15,$0,$245,$33,$293,$462,$82,$36,$21,$63,$145,$1,$128,$-0,$317,$462,$16,$8,$6,$13,$12,$0,$0,$0,$9,$38,$-5,$0,$11,$0,$0,$0,$-3,$2,$-1,$-17,$-19,$-21,$-21,$0,$0,$-40,$1,$8,$0
42,2008-03-31,7.43,$7.70,0.97,$23.10,0.32,$2.45,3.04,$0.93,7.99,$0.18B,$0.08B,2.13,$0.06B,$0.31B,0.18,$0.97B,$0.35B,36.08%,$0.97B,$0.06B,6.29%,$0.97B,$0.06B,6.29%,$0.97B,$0.08B,7.94%,$0.97B,$0.06B,5.88%,$0.97B,$0.04B,4.02%,$0.04B,$0.31B,12.89%,$0.04B,$0.06B,71.56%,$0.04B,$0.47B,8.25%,$0.06B,$0.37B,16.92%,$250,$164,$86,$0,$70,$238,$12,$-1,$11,$4,$7,$7,$7,$16,$12,$41,41,$0.18,$0.18,$1,$0,$0,$179,$14,$0,$249,$32,$294,$473,$84,$56,$18,$80,$164,$1,$120,$0,$309,$473,$7,$4,$4,$8,$3,$0,$0,$-2,$-1,$14,$-2,$0,$0,$0,$0,$0,$-2,$-3,$-1,$3,$2,$-13,$-13,$0,$0,$-11,$-0,$1,$0
43,2007-12-31,8.2,$7.52,1.09,$22.97,0.36,$2.30,3.57,$0.96,8.54,$0.18B,$0.09B,2.11,$0.05B,$0.31B,0.17,$0.97B,$0.35B,36.21%,$0.97B,$0.07B,6.69%,$0.97B,$0.07B,6.69%,$0.97B,$0.08B,8.33%,$0.97B,$0.06B,6.28%,$0.97B,$0.04B,4.22%,$0.04B,$0.31B,13.97%,$0.04B,$0.06B,88.17%,$0.04B,$0.48B,8.75%,$0.07B,$0.37B,18.25%,$231,$147,$84,$0,$65,$216,$14,$-1,$13,$5,$8,$8,$10,$18,$14,$41,42,$0.24,$0.23,$1,$0,$0,$181,$13,$0,$250,$32,$295,$476,$86,$53,$18,$78,$164,$1,$113,$0,$312,$476,$40,$15,$13,$28,$-32,$0,$0,$1,$-19,$49,$-11,$0,$0,$0,$0,$0,$-3,$-14,$-4,$-36,$-40,$4,$4,$0,$1,$-35,$-1,$4,$0
44,2007-09-30,10.82,$7.25,1.49,$21.62,0.5,$2.50,4.33,$0.94,11.51,$0.18B,$0.09B,1.93,$0.06B,$0.30B,0.19,$0.91B,$0.33B,36.32%,$0.91B,$0.06B,6.67%,$0.91B,$0.06B,6.67%,$0.91B,$0.08B,8.42%,$0.91B,$0.06B,6.24%,$0.91B,$0.04B,4.38%,$0.04B,$0.30B,14.23%,$0.04B,$0.06B,115.94%,$0.04B,$0.48B,8.69%,$0.06B,$0.36B,17.43%,$246,$155,$91,$0,$70,$228,$18,$-1,$17,$7,$10,$10,$11,$22,$18,$41,43,$0.27,$0.26,$1,$0,$0,$181,$12,$0,$246,$37,$296,$476,$94,$56,$19,$81,$175,$1,$103,$0,$301,$476,$30,$12,$10,$21,$-32,$0,$0,$1,$-10,$42,$-9,$0,$-0,$0,$0,$0,$-3,$-12,$-3,$-32,$-35,$4,$4,$0,$1,$-30,$-1,$4,$0
45,2007-06-30,13.44,$6.95,1.93,$21.50,0.63,$2.20,6.11,$0.89,15.1,$0.17B,$0.09B,1.97,$0.07B,$0.29B,0.24,$0.91B,$0.33B,35.94%,$0.91B,$0.06B,6.50%,$0.91B,$0.06B,6.50%,$0.91B,$0.07B,8.16%,$0.91B,$0.06B,6.06%,$0.91B,$0.04B,4.19%,$0.04B,$0.29B,14.13%,$0.04B,$0.04B,100.00%,$0.04B,$0.47B,8.66%,$0.06B,$0.36B,17.65%,$243,$155,$89,$0,$68,$227,$17,$-1,$16,$6,$9,$9,$11,$21,$17,$41,42,$0.26,$0.25,$1,$0,$0,$170,$13,$0,$248,$34,$295,$465,$86,$68,$18,$91,$177,$1,$92,$0,$288,$465,$19,$8,$8,$16,$-18,$0,$0,$-1,$-8,$27,$-6,$0,$-0,$0,$0,$0,$-2,$-8,$-2,$-21,$-23,$3,$3,$0,$1,$-19,$-0,$3,$0
46,2007-03-31,11.58,$6.64,1.74,$21.31,0.54,$1.89,6.12,$0.84,13.79,$0.16B,$0.09B,1.83,$0.08B,$0.27B,0.28,$0.90B,$0.32B,35.41%,$0.90B,$0.06B,6.35%,$0.90B,$0.06B,6.35%,$0.90B,$0.07B,7.91%,$0.90B,$0.05B,5.90%,$0.90B,$0.04B,3.90%,$0.04B,$0.27B,13.61%,$0.04B,$0.03B,81.87%,$0.04B,$0.46B,8.37%,$0.06B,$0.35B,17.91%,$252,$164,$88,$0,$69,$236,$16,$-2,$15,$6,$9,$9,$9,$20,$16,$41,42,$0.21,$0.21,$1,$0,$0,$164,$13,$0,$245,$35,$293,$457,$90,$75,$17,$95,$185,$1,$81,$0,$273,$457,$9,$4,$5,$9,$-16,$0,$0,$0,$-8,$9,$-3,$0,$-0,$0,$0,$0,$-1,$-4,$-1,$-6,$-7,$1,$1,$0,$0,$-6,$-1,$1,$0
47,2006-12-31,10.24,$6.40,1.6,$20.70,0.49,$1.72,5.95,$0.78,13.12,$0.15B,$0.09B,1.75,$0.08B,$0.26B,0.3,$0.87B,$0.30B,35.02%,$0.87B,$0.05B,5.99%,$0.87B,$0.05B,5.99%,$0.87B,$0.07B,7.49%,$0.87B,$0.05B,5.53%,$0.87B,$0.03B,3.69%,$0.03B,$0.26B,13.06%,$0.03B,$0.02B,70.33%,$0.03B,$0.44B,8.02%,$0.05B,$0.34B,17.13%,$173,$108,$64,$0,$51,$163,$10,$-1,$9,$3,$6,$6,$9,$14,$10,$40,42,$0.23,$0.21,$2,$0,$0,$150,$13,$0,$247,$33,$292,$443,$86,$79,$15,$95,$181,$1,$72,$0,$262,$443,$33,$12,$16,$28,$-12,$0,$0,$1,$-9,$52,$-6,$0,$-137,$0,$0,$0,$-1,$-144,$-4,$51,$48,$5,$5,$0,$4,$57,$-36,$2,$0
