,Date,Stock Price,Book Value per Share,Price to Book Ratio,TTM Sales per Share,Price to Sales Ratio,TTM FCF per Share,Price to FCF Ratio,TTM Net EPS,PE Ratio,Current Assets,Current Liabilities,Current Ratio,Long Term Debt,Shareholder's Equity_x,Debt to Equity Ratio,TTM Revenue_x,TTM Gross Profit,Gross Margin,TTM Revenue_y,TTM Operating Income,Operating Margin,TTM Revenue_x,TTM EBIT,EBIT Margin,TTM Revenue_y,TTM EBITDA,EBITDA Margin,TTM Revenue_x,TTM Pre-Tax Income,Pre-Tax Margin,TTM Revenue_y,TTM Net Income_x,Net Margin,TTM Net Income_y,Shareholder's Equity_y,Return on Equity,TTM Net Income_x,Tangible Equity,Return on Tangible Equity,TTM Net Income_y,Total Assets,Return on Assets,TTM Net Income,LT Investments & Debt,Return on Investment,revenue,cost-goods-sold,gross-profit,research-development-expenses,selling-general-administrative-expenses,operating-expenses,operating-income,total-non-operating-income-expense,pre-tax-income,total-provision-income-taxes,income-after-taxes,income-from-continuous-operations,net-income,ebitda,ebit,basic-shares-outstanding,shares-outstanding,eps-basic-net-earnings-per-share,eps-earnings-per-share-diluted,cash-on-hand,inventory,other-current-assets,total-current-assets,net-property-plant-equipment,long-term-investments,goodwill-intangible-assets-total,other-long-term-assets,total-long-term-assets,total-assets,total-current-liabilities,long-term-debt,other-non-current-liabilities,total-long-term-liabilities,total-liabilities,common-stock-net,retained-earnings-accumulated-deficit,comprehensive-income,total-share-holder-equity,total-liabilities-share-holders-equity,net-income-loss,total-depreciation-amortization-cash-flow,other-non-cash-items,total-non-cash-items,change-in-accounts-receivable,change-in-inventories,change-in-accounts-payable,change-in-assets-liabilities,total-change-in-assets-liabilities,cash-flow-from-operating-activities,net-change-in-property-plant-equipment,net-change-in-intangible-assets,net-acquisitions-divestitures,net-change-in-short-term-investments,net-change-in-long-term-investments,net-change-in-investments-total,investing-activities-other,cash-flow-from-investing-activities,net-long-term-debt,net-current-debt,debt-issuance-retirement-net-total,net-common-equity-issued-repurchased,net-total-equity-issued-repurchased,total-common-preferred-stock-dividends-paid,financial-activities-other,cash-flow-from-financial-activities,net-cash-flow,stock-based-compensation,common-stock-dividends-paid
0,2018-09-30,2.8,$1.49,1.88,$9.09,0.31,$-1.09,0.0,$-0.90,0.0,$0.04B,$0.02B,2.13,$0.24B,$0.03B,8.84,$0.20B,$0.05B,23.35%,$0.20B,$-0.02B,-8.12%,$0.20B,$-0.02B,-7.61%,$0.20B,$-0.01B,-3.55%,$0.20B,$-0.03B,-13.71%,$0.20B,$-0.02B,-10.15%,$-0.02B,$0.03B,-47.90%,$-0.02B,$-0.13B,16.70%,$-0.02B,$0.47B,-4.14%,$-0.02B,$0.27B,-8.43%,$12,$1,$11,$0,$7,$14,$-2,$-2,$-4,$-0,$-4,$-4,$-4,$1,$-0,$22,22,$-0.20,$-0.20,$24,$0,$0,$38,$104,$28,$158,$136,$434,$472,$18,$237,$153,$421,$439,$0,$-370,$37,$32,$472,$-15,$4,$7,$11,$-4,$0,$1,$5,$2,$-4,$-2,$0,$6,$5,$1,$6,$0,$10,$-3,$0,$-3,$0,$0,$0,$0,$-3,$3,$-2,$0
1,2018-06-30,2.75,$1.79,1.53,$9.12,0.3,$-0.94,0.0,$-0.77,0.0,$0.04B,$0.20B,0.19,$0.06B,$0.03B,1.71,$0.20B,$0.05B,23.74%,$0.20B,$-0.02B,-7.58%,$0.20B,$-0.01B,-7.07%,$0.20B,$-0.01B,-3.54%,$0.20B,$-0.03B,-13.13%,$0.20B,$-0.02B,-9.09%,$-0.02B,$0.04B,-39.13%,$-0.02B,$-0.12B,15.58%,$-0.02B,$0.48B,-3.71%,$-0.02B,$0.10B,-10.20%,$14,$4,$10,$0,$9,$14,$-0,$-2,$-3,$0,$-3,$-3,$-9,$1,$-0,$22,22,$-0.40,$-0.40,$25,$0,$0,$38,$105,$31,$160,$142,$445,$483,$201,$57,$154,$243,$444,$0,$-365,$36,$39,$483,$-10,$3,$7,$10,$0,$0,$0,$0,$0,$-2,$-0,$0,$2,$0,$6,$6,$0,$8,$-2,$0,$-2,$0,$0,$0,$0,$-2,$4,$1,$0
2,2018-03-31,4.0,$2.15,1.86,$8.90,0.45,$-1.01,0.0,$-0.74,0.0,$0.09B,$0.31B,0.29,$0.06B,$0.04B,1.41,$0.19B,$0.04B,22.80%,$0.19B,$-0.02B,-9.33%,$0.19B,$-0.02B,-8.81%,$0.19B,$-0.01B,-4.66%,$0.19B,$-0.03B,-15.54%,$0.19B,$-0.02B,-8.81%,$-0.02B,$0.05B,-34.34%,$-0.02B,$-0.12B,15.21%,$-0.02B,$0.49B,-3.49%,$-0.02B,$0.11B,-12.14%,$46,$30,$16,$0,$14,$45,$0,$-2,$-2,$0,$-2,$-2,$-2,$2,$0,$22,22,$-0.11,$-0.11,$47,$0,$0,$92,$107,$101,$167,$15,$401,$493,$314,$58,$41,$132,$446,$0,$-356,$36,$47,$493,$-2,$1,$1,$2,$-5,$0,$3,$2,$-0,$-2,$-0,$0,$0,$0,$6,$6,$0,$5,$-1,$0,$-1,$0,$0,$0,$0,$-1,$3,$0,$0
3,2017-12-31,5.05,$2.27,2.22,$8.98,0.56,$-1.30,0.0,$-0.72,0.0,$0.03B,$0.02B,1.84,$0.24B,$0.04B,5.44,$0.19B,$0.04B,21.65%,$0.19B,$-0.02B,-9.79%,$0.19B,$-0.02B,-9.28%,$0.19B,$-0.01B,-5.15%,$0.19B,$-0.03B,-14.95%,$0.19B,$-0.02B,-8.76%,$-0.02B,$0.05B,-32.08%,$-0.02B,$-0.11B,16.04%,$-0.02B,$0.49B,-3.49%,$-0.02B,$0.29B,-12.77%,$125,$115,$9,$0,$24,$139,$-14,$-5,$-18,$-19,$1,$1,$-5,$-11,$-15,$22,22,$-0.21,$-0.21,$21,$0,$0,$32,$108,$38,$160,$141,$453,$485,$17,$239,$148,$418,$435,$0,$-313,$-4,$49,$485,$-11,$6,$-17,$-11,$-2,$0,$-3,$12,$7,$-19,$5,$0,$-7,$0,$27,$27,$0,$25,$2,$0,$2,$-0,$-0,$0,$0,$2,$8,$1,$0
4,2017-09-30,6.1,$2.28,2.68,$5.83,1.05,$-1.44,0.0,$-0.47,0.0,$0.07B,$0.29B,0.24,$0.05B,$0.04B,1.12,$0.12B,$0.04B,36.07%,$0.12B,$-0.01B,-6.56%,$0.12B,$-0.01B,-4.92%,$0.12B,$-0.00B,-0.82%,$0.12B,$-0.02B,-16.39%,$0.12B,$-0.01B,-9.02%,$-0.01B,$0.05B,-19.47%,$-0.01B,$-0.11B,10.73%,$-0.01B,$0.48B,-2.24%,$-0.01B,$0.10B,-7.73%,$13,$1,$12,$0,$8,$14,$-1,$-2,$-3,$0,$-3,$-3,$-2,$1,$1,$22,22,$-0.07,$-0.07,$31,$0,$0,$70,$109,$124,$159,$4,$410,$479,$291,$49,$37,$139,$430,$0,$-309,$-4,$49,$479,$-11,$3,$6,$10,$-4,$0,$-1,$0,$-5,$-2,$-0,$0,$1,$0,$-5,$-5,$0,$-4,$-2,$0,$-2,$0,$0,$0,$0,$-2,$-9,$1,$0
5,2017-06-30,6.05,$2.48,2.44,$7.22,0.84,$-1.84,0.0,$-0.34,0.0,$0.07B,$0.30B,0.24,$0.05B,$0.05B,1.03,$0.16B,$0.05B,29.03%,$0.16B,$-0.01B,-4.52%,$0.16B,$-0.01B,-4.52%,$0.16B,$-0.00B,-0.65%,$0.16B,$-0.02B,-9.68%,$0.16B,$-0.01B,-5.16%,$-0.01B,$0.05B,-14.16%,$-0.01B,$-0.11B,8.31%,$-0.01B,$0.49B,-1.66%,$-0.01B,$0.10B,-6.95%,$9,$2,$7,$0,$8,$12,$-3,$-4,$-7,$1,$-8,$-8,$-8,$-1,$-3,$21,21,$-0.37,$-0.37,$34,$0,$0,$73,$115,$124,$159,$5,$416,$489,$298,$48,$38,$138,$436,$0,$-307,$-1,$53,$489,$-9,$3,$4,$8,$0,$0,$0,$0,$0,$-3,$-0,$0,$1,$0,$-1,$-1,$0,$-0,$-1,$0,$-1,$0,$0,$0,$0,$-1,$-4,$1,$0
6,2017-03-31,5.8,$2.85,2.03,$8.89,0.65,$-1.98,0.0,0,0.0,$0.08B,$0.30B,0.25,$0.05B,$0.06B,0.83,$0.19B,$0.05B,25.67%,$0.19B,$-0.01B,-2.67%,$0.19B,$-0.01B,-2.67%,$0.19B,$-0.00B,-0.53%,$0.19B,$-0.01B,-5.35%,$0.19B,$-0.00B,-0.53%,$-0.00B,$0.06B,-1.80%,$-0.00B,$-0.10B,1.57%,$-0.00B,$0.50B,-0.24%,$-0.01B,$0.11B,-5.17%,$47,$33,$14,$0,$13,$47,$-1,$-1,$-1,$0,$-1,$-1,$-2,$1,$-1,$21,21,$-0.08,$-0.08,$34,$0,$0,$77,$116,$127,$160,$5,$421,$498,$304,$46,$36,$132,$437,$0,$-299,$-1,$61,$498,$-1,$1,$-1,$1,$-5,$0,$4,$-6,$-7,$-8,$-0,$0,$0,$0,$5,$6,$0,$6,$-1,$0,$-1,$0,$0,$0,$0,$-1,$-3,$0,$0
7,2016-12-31,6.25,$2.95,2.12,$8.58,0.73,$-1.82,0.0,0,0.0,$0.07B,$0.31B,0.24,$0.04B,$0.06B,0.77,$0.18B,$0.04B,23.73%,$0.18B,$-0.01B,-3.95%,$0.18B,$-0.01B,-3.95%,$0.18B,$-0.00B,-2.26%,$0.18B,$-0.01B,-5.65%,$0.18B,$-0.00B,-0.56%,$-0.00B,$0.06B,-1.90%,$-0.00B,$-0.10B,3.01%,$-0.00B,$0.50B,-0.28%,$-0.01B,$0.11B,-7.65%,$53,$41,$11,$0,$13,$55,$-3,$-6,$-9,$-10,$1,$1,$1,$-2,$-3,$20,20,$0.05,$0.06,$36,$0,$0,$73,$117,$132,$160,$5,$428,$501,$308,$44,$49,$130,$438,$0,$-298,$-0,$63,$501,$1,$3,$-19,$-16,$-4,$0,$5,$-2,$-1,$-16,$-1,$0,$1,$0,$-9,$-9,$0,$-9,$-1,$0,$-1,$10,$10,$0,$0,$9,$-15,$1,$0
8,2016-09-30,5.74,$2.47,2.32,$7.88,0.73,$-2.68,0.0,$-0.17,0.0,$0.07B,$0.31B,0.23,$0.04B,$0.04B,0.91,$0.16B,$0.04B,24.69%,$0.16B,$-0.01B,-3.09%,$0.16B,$-0.01B,-3.09%,$0.16B,$-0.00B,-1.23%,$0.16B,$-0.00B,-1.85%,$0.16B,$-0.00B,-2.47%,$-0.00B,$0.05B,-8.12%,$-0.00B,$-0.08B,145.45%,$-0.00B,$0.44B,-1.38%,$-0.01B,$0.09B,-5.73%,$46,$33,$13,$0,$11,$46,$-0,$2,$2,$0,$2,$2,$1,$1,$-0,$20,23,$0.07,$0.06,$31,$0,$0,$71,$91,$124,$133,$5,$367,$439,$306,$39,$37,$84,$390,$0,$-310,$9,$49,$439,$-1,$2,$-7,$-5,$-6,$0,$7,$-6,$-5,$-11,$-1,$0,$1,$-1,$-9,$-9,$0,$-9,$-1,$0,$-1,$-0,$-0,$0,$0,$-1,$-21,$1,$0
9,2016-06-30,5.37,$2.46,2.18,$7.84,0.68,$-2.71,0.0,$-0.28,0.0,$0.08B,$0.12B,0.66,$0.04B,$0.04B,0.86,$0.16B,$0.04B,23.87%,$0.16B,$-0.01B,-4.52%,$0.16B,$-0.01B,-4.52%,$0.16B,$-0.00B,-2.58%,$0.16B,$-0.01B,-3.87%,$0.16B,$-0.01B,-3.87%,$-0.01B,$0.05B,-12.00%,$-0.01B,$0.02B,-24.00%,$-0.01B,$0.24B,-2.42%,$-0.01B,$0.09B,-7.93%,$41,$31,$10,$0,$12,$42,$-1,$-1,$-2,$0,$-2,$-2,$-1,$-1,$-1,$20,20,$-0.03,$-0.03,$40,$0,$0,$77,$5,$117,$25,$3,$164,$241,$117,$36,$36,$75,$192,$0,$-311,$10,$49,$241,$-2,$1,$-4,$-3,$-4,$0,$6,$-3,$-1,$-5,$-1,$0,$1,$-1,$-7,$-7,$0,$-7,$0,$0,$0,$-0,$-0,$0,$0,$-0,$-12,$0,$0
10,2016-03-31,4.75,$2.46,1.93,$7.75,0.61,$-2.82,0.0,$-0.16,0.0,$0.08B,$0.12B,0.67,$0.04B,$0.04B,0.89,$0.15B,$0.04B,23.53%,$0.15B,$-0.01B,-5.23%,$0.15B,$-0.01B,-5.23%,$0.15B,$-0.01B,-3.27%,$0.15B,$-0.01B,-9.15%,$0.15B,$-0.00B,-1.96%,$-0.00B,$0.05B,-5.83%,$-0.00B,$0.02B,-11.43%,$-0.00B,$0.24B,-1.17%,$-0.01B,$0.09B,-8.77%,$37,$29,$8,$0,$10,$40,$-3,$1,$-1,$0,$-1,$-1,$-2,$-2,$-3,$20,20,$-0.08,$-0.08,$41,$0,$0,$79,$5,$116,$25,$3,$162,$242,$118,$37,$35,$75,$193,$0,$-311,$9,$49,$242,$-1,$1,$-1,$-1,$-5,$0,$6,$-3,$-2,$-4,$-0,$0,$0,$-1,$-6,$-7,$0,$-7,$0,$0,$0,$0,$0,$0,$0,$0,$-11,$0,$0
11,2015-12-31,4.57,$2.54,1.8,$7.96,0.57,$-2.60,0.0,$0.02,228.5,$0.09B,$0.11B,0.75,$0.04B,$0.04B,0.91,$0.16B,$0.04B,27.50%,$0.16B,$-0.00B,-0.63%,$0.16B,$-0.00B,-0.63%,$0.16B,$0.00B,0.63%,$0.16B,$-0.01B,-6.88%,$0.16B,$0.00B,0.63%,$0.00B,$0.05B,1.91%,$0.00B,$0.03B,3.74%,$0.00B,$0.24B,0.36%,$-0.00B,$0.09B,-1.08%,$38,$29,$9,$0,$11,$39,$-1,$-1,$-2,$0,$-2,$-2,$-2,$-0,$-1,$20,20,$-0.11,$-0.10,$52,$0,$0,$85,$6,$110,$25,$3,$156,$241,$114,$40,$34,$77,$191,$0,$-297,$-2,$50,$241,$1,$2,$-11,$-9,$5,$0,$-2,$-9,$-5,$-33,$-0,$0,$45,$0,$-19,$-19,$0,$26,$0,$0,$0,$0,$-13,$0,$0,$-13,$-20,$1,$0
12,2015-09-30,4.62,$2.63,1.75,$8.13,0.57,$-1.60,0.0,$0.17,27.16,$0.12B,$0.14B,0.82,$0.04B,$0.05B,0.88,$0.16B,$0.05B,28.30%,$0.16B,$0.01B,3.14%,$0.16B,$0.00B,2.52%,$0.16B,$0.01B,3.77%,$0.16B,$-0.01B,-5.03%,$0.16B,$0.00B,2.52%,$0.00B,$0.05B,7.73%,$0.00B,$0.03B,15.38%,$0.00B,$0.27B,1.38%,$0.01B,$0.09B,5.39%,$39,$29,$10,$0,$11,$40,$-2,$1,$-1,$0,$-1,$-1,$-1,$-1,$-2,$20,20,$-0.05,$-0.05,$76,$0,$0,$115,$6,$108,$25,$3,$154,$269,$139,$40,$35,$78,$217,$0,$-307,$9,$52,$269,$3,$2,$-9,$-7,$-0,$0,$1,$-9,$-8,$-11,$-0,$0,$45,$0,$-17,$-17,$0,$28,$0,$0,$0,$0,$-13,$0,$0,$-13,$5,$1,$0
13,2015-06-30,5.97,$2.78,2.14,$8.45,0.71,$-1.96,0.0,$-0.19,0.0,$0.13B,$0.14B,0.89,$0.04B,$0.05B,0.87,$0.16B,$0.05B,28.93%,$0.16B,$0.01B,3.14%,$0.16B,$0.00B,2.52%,$0.16B,$0.01B,3.77%,$0.16B,$-0.01B,-8.81%,$0.16B,$-0.00B,-1.26%,$-0.00B,$0.06B,-3.98%,$-0.00B,$0.03B,-12.31%,$-0.00B,$0.28B,-0.67%,$0.01B,$0.10B,5.48%,$39,$30,$9,$0,$11,$42,$-2,$-8,$-10,$0,$-10,$-10,$2,$-2,$-2,$20,20,$0.09,$0.09,$86,$0,$0,$125,$6,$102,$25,$3,$150,$275,$140,$42,$35,$80,$220,$0,$-306,$11,$55,$275,$4,$1,$-6,$-5,$-1,$0,$1,$-7,$-6,$-8,$-0,$0,$45,$0,$-9,$-9,$0,$35,$0,$0,$0,$0,$-13,$0,$0,$-13,$15,$0,$0
14,2015-03-31,5.75,$2.62,2.2,$9.05,0.64,$-2.54,0.0,$-0.58,0.0,$0.11B,$0.15B,0.73,$0.04B,$0.05B,0.92,$0.16B,$0.05B,32.10%,$0.16B,$0.01B,4.94%,$0.16B,$0.01B,4.32%,$0.16B,$0.01B,6.17%,$0.16B,$-0.01B,-7.41%,$0.16B,$-0.01B,-5.56%,$-0.01B,$0.05B,-19.57%,$-0.01B,$0.03B,-240.00%,$-0.01B,$0.31B,-2.96%,$0.01B,$0.09B,9.36%,$44,$28,$16,$0,$12,$40,$4,$-2,$2,$0,$2,$2,$2,$4,$4,$20,21,$0.11,$0.10,$64,$0,$0,$107,$6,$101,$26,$58,$204,$311,$147,$42,$55,$112,$259,$0,$-310,$9,$52,$311,$3,$1,$-1,$-0,$-5,$0,$6,$-6,$-4,$0,$-0,$0,$0,$0,$-8,$-8,$0,$-8,$0,$0,$0,$0,$0,$0,$0,$0,$-8,$0,$0
15,2014-12-31,5.55,$2.45,2.27,$9.43,0.59,$-3.04,0.0,$-0.78,0.0,$0.11B,$0.14B,0.79,$0.04B,$0.04B,0.97,$0.16B,$0.05B,31.01%,$0.16B,$0.00B,1.27%,$0.16B,$0.00B,1.27%,$0.16B,$0.01B,3.80%,$0.16B,$-0.02B,-10.76%,$0.16B,$-0.01B,-8.23%,$-0.01B,$0.05B,-29.55%,$-0.01B,$0.02B,200.00%,$-0.01B,$0.30B,-4.31%,$0.00B,$0.09B,2.48%,$37,$26,$10,$0,$9,$31,$5,$-4,$1,$-0,$1,$1,$1,$5,$4,$17,17,$0.06,$0.06,$71,$0,$0,$110,$6,$89,$26,$58,$192,$302,$140,$41,$57,$114,$254,$0,$-312,$9,$48,$302,$-11,$2,$8,$10,$8,$0,$-13,$-20,$-25,$-16,$5,$0,$-2,$-0,$-19,$-19,$0,$-17,$-14,$0,$-14,$15,$21,$0,$0,$7,$-26,$1,$0
16,2014-09-30,6.28,$2.35,2.67,$10.62,0.59,$-5.41,0.0,$-0.81,0.0,$0.15B,$0.15B,0.99,$0.04B,$0.04B,0.99,$0.17B,$0.06B,36.53%,$0.17B,$-0.01B,-4.19%,$0.17B,$-0.00B,-2.40%,$0.17B,0,0.00%,$0.17B,$-0.03B,-16.77%,$0.17B,$-0.03B,-14.97%,$-0.03B,$0.05B,-60.61%,$-0.03B,$-0.01B,140.85%,$-0.03B,$0.31B,-8.14%,$-0.01B,$0.09B,-8.95%,$39,$28,$11,$0,$12,$41,$-2,$-5,$-7,$0,$-7,$-7,$-7,$-1,$-2,$17,17,$-0.41,$-0.41,$87,$0,$0,$149,$1,$76,$58,$9,$157,$306,$151,$39,$50,$109,$260,$0,$-313,$8,$46,$306,$-13,$2,$9,$12,$6,$0,$-11,$-9,$-14,$-14,$-2,$0,$0,$-0,$-3,$-3,$0,$-5,$-14,$0,$-14,$15,$21,$0,$0,$7,$-12,$1,$0
17,2014-06-30,6.27,$2.32,2.7,$11.39,0.55,$-7.37,0.0,$-0.28,0.0,$0.14B,$0.15B,0.89,$0.04B,$0.03B,1.13,$0.17B,$0.06B,37.65%,$0.17B,$-0.01B,-8.24%,$0.17B,$-0.01B,-5.29%,$0.17B,$-0.01B,-2.94%,$0.17B,$-0.03B,-15.29%,$0.17B,$-0.02B,-9.41%,$-0.02B,$0.04B,-38.10%,$-0.02B,$-0.02B,92.75%,$-0.02B,$0.30B,-5.05%,$-0.01B,$0.07B,-17.23%,$42,$27,$15,$0,$12,$41,$1,$-9,$-8,$-1,$-7,$-7,$-5,$2,$1,$16,16,$-0.30,$-0.30,$68,$0,$0,$136,$1,$79,$59,$9,$161,$297,$153,$36,$50,$106,$259,$0,$-306,$10,$38,$297,$-6,$2,$6,$8,$1,$0,$-11,$-4,$-15,$-15,$-1,$0,$0,$-0,$-6,$-6,$0,$-8,$-14,$0,$-14,$0,$6,$0,$0,$-8,$-31,$1,$0
18,2014-03-31,4.06,$2.69,1.51,$11.96,0.34,$-8.36,0.0,$-0.72,0.0,$0.14B,$0.16B,0.88,$0.03B,$0.04B,0.75,$0.17B,$0.06B,35.88%,$0.17B,$-0.03B,-16.47%,$0.17B,$-0.02B,-12.35%,$0.17B,$-0.02B,-9.41%,$0.17B,$-0.03B,-16.47%,$0.17B,$-0.02B,-12.35%,$-0.02B,$0.04B,-49.12%,$-0.02B,$-0.02B,125.37%,$-0.02B,$0.30B,-6.34%,$-0.03B,$0.07B,-32.46%,$40,$28,$13,$0,$13,$43,$-2,$-1,$-3,$0,$-3,$-3,$-2,$0,$-1,$16,16,$-0.10,$-0.10,$72,$0,$0,$140,$2,$77,$59,$10,$161,$301,$159,$28,$49,$97,$256,$0,$-301,$11,$44,$301,$-1,$1,$-0,$1,$1,$0,$-8,$-1,$-8,$-8,$-0,$0,$-8,$-0,$-2,$-2,$0,$-10,$-14,$0,$-14,$0,$6,$0,$0,$-8,$-25,$1,$0
19,2013-12-31,3.9,$2.25,1.74,$12.74,0.31,$-8.74,0.0,$-1.94,0.0,$0.16B,$0.17B,0.94,$0.04B,$0.04B,1.16,$0.17B,$0.06B,35.84%,$0.17B,$-0.04B,-20.23%,$0.17B,$-0.03B,-15.61%,$0.17B,$-0.02B,-12.14%,$0.17B,$-0.04B,-24.86%,$0.17B,$-0.04B,-20.81%,$-0.04B,$0.04B,-82.29%,$-0.04B,$-0.02B,228.57%,$-0.04B,$0.33B,-10.34%,$-0.04B,$0.08B,-37.43%,$46,$24,$22,$0,$22,$51,$-4,$-6,$-10,$0,$-11,$-11,$-11,$-1,$-2,$14,14,$-0.64,$-0.64,$99,$0,$0,$164,$2,$70,$60,$17,$161,$325,$174,$43,$49,$114,$288,$0,$-299,$10,$37,$325,$-36,$6,$4,$10,$-1,$0,$-0,$-17,$-19,$-42,$-1,$0,$-1,$-0,$62,$62,$0,$60,$-13,$0,$-13,$12,$12,$0,$0,$-0,$18,$0,$0
20,2013-09-30,2.5,$2.99,0.84,$13.13,0.19,$-9.26,0.0,$-2.93,0.0,$0.17B,$0.18B,0.93,$0.05B,$0.05B,1.0,$0.18B,$0.06B,36.00%,$0.18B,$-0.03B,-18.29%,$0.18B,$-0.02B,-13.71%,$0.18B,$-0.02B,-9.14%,$0.18B,$-0.04B,-24.00%,$0.18B,$-0.04B,-23.43%,$-0.04B,$0.05B,-80.79%,$-0.04B,$-0.01B,482.35%,$-0.04B,$0.35B,-11.38%,$-0.03B,$0.10B,-31.45%,$42,$28,$14,$0,$20,$51,$-9,$4,$-5,$0,$-6,$-6,$2,$-6,$-7,$14,14,$0.14,$0.14,$86,$0,$0,$165,$2,$89,$60,$20,$181,$345,$177,$49,$49,$120,$296,$309,$-288,$11,$49,$345,$-25,$5,$0,$5,$-15,$0,$2,$-11,$-24,$-39,$-0,$0,$-1,$-0,$34,$34,$0,$32,$12,$0,$12,$0,$0,$0,$0,$12,$5,$0,$0
21,2013-06-30,2.75,$3.11,0.89,$12.73,0.22,$-9.50,0.0,$-4.57,0.0,$0.15B,$0.19B,0.77,$0.05B,$0.04B,1.3,$0.17B,$0.05B,28.57%,$0.17B,$-0.05B,-26.79%,$0.17B,$-0.04B,-22.02%,$0.17B,$-0.03B,-17.26%,$0.17B,$-0.06B,-34.52%,$0.17B,$-0.06B,-36.90%,$-0.06B,$0.04B,-107.36%,$-0.06B,$-0.02B,-1771.43%,$-0.06B,$0.35B,-17.25%,$-0.05B,$0.09B,-41.47%,$42,$30,$12,$0,$20,$54,$-13,$2,$-10,$-1,$-10,$-10,$-10,$-9,$-11,$13,13,$-0.78,$-0.78,$71,$0,$0,$146,$2,$110,$60,$24,$208,$353,$189,$53,$49,$123,$312,$297,$-290,$17,$41,$353,$-27,$4,$11,$15,$-10,$0,$5,$-9,$-14,$-26,$-0,$0,$-1,$-0,$18,$18,$0,$17,$-1,$0,$-1,$0,$0,$0,$0,$-1,$-9,$0,$0
22,2013-03-31,2.79,$3.63,0.77,$12.59,0.22,$-9.92,0.0,$-4.42,0.0,$0.17B,$0.20B,0.84,$0.06B,$0.05B,1.15,$0.17B,$0.05B,28.31%,$0.17B,$-0.04B,-24.10%,$0.17B,$-0.03B,-19.28%,$0.17B,$-0.02B,-14.46%,$0.17B,$-0.06B,-33.73%,$0.17B,$-0.06B,-34.94%,$-0.06B,$0.05B,-80.84%,$-0.06B,$-0.01B,-257.78%,$-0.06B,$0.37B,-16.17%,$-0.04B,$0.10B,-32.99%,$43,$29,$14,$0,$20,$51,$-9,$-9,$-18,$-0,$-17,$-17,$-17,$-5,$-7,$13,13,$-1.33,$-1.33,$91,$0,$0,$167,$2,$106,$59,$23,$203,$370,$198,$55,$49,$125,$323,$297,$-280,$14,$48,$370,$-17,$2,$10,$12,$-12,$0,$13,$-7,$-6,$-11,$-0,$0,$0,$-0,$22,$22,$0,$22,$-1,$0,$-1,$0,$0,$0,$0,$-1,$10,$0,$0
23,2012-12-31,2.32,$4.97,0.47,$12.15,0.19,$-10.36,0.0,$-4.06,0.0,$0.15B,$0.19B,0.76,$0.05B,$0.07B,0.73,$0.16B,$0.04B,26.88%,$0.16B,$-0.04B,-25.63%,$0.16B,$-0.03B,-20.63%,$0.16B,$-0.03B,-16.25%,$0.16B,$-0.05B,-31.25%,$0.16B,$-0.05B,-32.50%,$-0.05B,$0.07B,-60.29%,$-0.05B,$0.01B,-124.55%,$-0.05B,$0.37B,-14.52%,$-0.04B,$0.11B,-30.60%,$48,$25,$23,$0,$21,$49,$-1,$-8,$-9,$4,$-13,$-13,$-16,$4,$1,$13,13,$-0.98,$-0.98,$81,$0,$0,$145,$3,$132,$59,$20,$228,$373,$191,$48,$49,$116,$307,$0,$-262,$15,$65,$373,$-53,$7,$13,$20,$-17,$0,$9,$-16,$-16,$-47,$-0,$0,$15,$-0,$32,$31,$0,$46,$-4,$0,$-4,$0,$0,$0,$0,$-4,$-5,$0,$0
24,2012-09-30,1.11,$5.88,0.19,$12.62,0.09,$-12.64,0.0,$-3.87,0.0,$0.13B,$0.19B,0.68,$0.05B,$0.08B,0.62,$0.17B,$0.04B,21.56%,$0.17B,$-0.04B,-22.75%,$0.17B,$-0.03B,-19.16%,$0.17B,$-0.03B,-15.57%,$0.17B,$-0.05B,-32.34%,$0.17B,$-0.05B,-28.14%,$-0.05B,$0.08B,-47.47%,$-0.05B,$0.04B,-78.99%,$-0.05B,$0.34B,-13.11%,$-0.04B,$0.13B,-26.03%,$35,$36,$-1,$0,$17,$56,$-22,$1,$-21,$-1,$-20,$-20,$-19,$-19,$-20,$13,13,$-1.52,$-1.52,$61,$0,$0,$127,$3,$145,$40,$19,$215,$342,$186,$48,$14,$79,$264,$297,$-248,$14,$77,$342,$-40,$4,$11,$15,$-18,$0,$12,$-12,$-10,$-41,$-0,$0,$0,$0,$20,$20,$0,$20,$-4,$0,$-4,$0,$0,$0,$0,$-4,$-25,$0,$0
25,2012-06-30,1.01,$7.34,0.14,$15.18,0.07,$-14.03,0.0,$-1.87,0.0,$0.13B,$0.18B,0.72,$0.05B,$0.10B,0.5,$0.20B,$0.07B,32.50%,$0.20B,$-0.01B,-3.50%,$0.20B,$-0.00B,-1.00%,$0.20B,$0.00B,2.00%,$0.20B,$-0.02B,-12.00%,$0.20B,$-0.02B,-10.50%,$-0.02B,$0.10B,-18.83%,$-0.02B,$0.06B,-29.47%,$-0.02B,$0.35B,-5.63%,$-0.01B,$0.15B,-4.44%,$40,$28,$11,$0,$17,$47,$-8,$0,$-8,$0,$-8,$-8,$-6,$-4,$-6,$13,13,$-0.59,$-0.59,$63,$0,$0,$128,$12,$157,$40,$5,$222,$350,$177,$49,$14,$77,$253,$297,$-218,$13,$97,$350,$-20,$3,$9,$12,$-10,$0,$5,$-18,$-22,$-31,$-1,$0,$0,$0,$9,$9,$0,$8,$0,$0,$0,$0,$0,$0,$0,$0,$-22,$0,$0
26,2012-03-31,0.8,$8.04,0.1,$17.06,0.05,$-14.39,0.0,$-1.64,0.0,$0.14B,$0.19B,0.75,$0.05B,$0.11B,0.45,$0.22B,$0.07B,33.04%,$0.22B,$-0.00B,-1.79%,$0.22B,$0.00B,0.45%,$0.22B,$0.01B,2.68%,$0.22B,$-0.02B,-8.93%,$0.22B,$-0.02B,-8.04%,$-0.02B,$0.11B,-15.16%,$-0.02B,$0.07B,-23.08%,$-0.02B,$0.37B,-4.58%,$-0.00B,$0.15B,-2.39%,$37,$26,$10,$0,$19,$47,$-10,$-2,$-12,$0,$-13,$-13,$-11,$-7,$-8,$13,13,$-0.96,$-0.96,$73,$0,$0,$142,$13,$161,$40,$4,$226,$368,$189,$47,$12,$73,$262,$297,$-212,$15,$106,$368,$-13,$1,$6,$7,$-14,$0,$7,$-13,$-19,$-17,$-0,$0,$0,$0,$4,$4,$0,$4,$0,$0,$0,$0,$0,$0,$0,$0,$-13,$-0,$0
27,2011-12-31,0.35,$8.90,0.04,$18.48,0.02,$-14.24,0.0,$-2.08,0.0,$0.14B,$0.19B,0.75,$0.05B,$0.12B,0.39,$0.24B,$0.07B,28.93%,$0.24B,$-0.01B,-4.55%,$0.24B,$-0.01B,-2.89%,$0.24B,$-0.00B,-0.83%,$0.24B,$-0.03B,-10.33%,$0.24B,$-0.03B,-10.33%,$-0.03B,$0.12B,-20.08%,$-0.03B,$0.08B,-30.03%,$-0.03B,$0.37B,-5.95%,$-0.01B,$0.16B,-6.06%,$55,$39,$16,$0,$16,$53,$2,$-1,$-13,$-2,$-11,$-11,$-11,$4,$2,$13,13,$-0.80,$-0.80,$85,$0,$0,$142,$13,$168,$40,$3,$232,$374,$190,$45,$11,$67,$258,$296,$-201,$13,$116,$374,$-27,$3,$-23,$4,$22,$0,$-27,$-26,$-31,$-76,$-1,$0,$0,$-2,$32,$30,$-0,$29,$-8,$2,$-11,$0,$0,$0,$0,$-8,$-55,$-0,$0
28,2011-09-30,0.29,$0.00,0.0,$18.52,0.02,$-13.89,0.0,$-4.84,0.0,$0.13B,$0.04B,3.12,$0.05B,$0.13B,0.35,$0.24B,$0.08B,30.99%,$0.24B,$0.00B,0.41%,$0.24B,$0.01B,2.07%,$0.24B,$0.01B,2.48%,$0.24B,$-0.04B,-17.36%,$0.24B,$-0.06B,-24.79%,$-0.06B,$0.13B,-50.31%,$-0.06B,$0.09B,-78.18%,$-0.06B,$0.40B,-13.14%,$0.00B,$0.17B,0.51%,$68,$40,$28,$0,$18,$60,$9,$0,$9,$2,$6,$6,$7,$11,$10,$13,13,$0.48,$0.48,$82,$0,$0,$134,$41,$167,$42,$14,$273,$401,$43,$45,$186,$231,$274,$296,$-194,$0,$127,$401,$-17,$2,$-22,$-19,$19,$0,$-25,$-21,$-22,$-58,$-1,$0,$0,$0,$9,$9,$0,$8,$-8,$0,$-8,$0,$0,$0,$0,$-8,$-58,$-0,$0
29,2011-06-30,0.27,$0.00,0.0,$18.67,0.01,$-21.84,0.0,$-5.12,0.0,$0.16B,$0.04B,3.85,$0.06B,$0.13B,0.46,$0.24B,$0.06B,25.41%,$0.24B,$-0.03B,-11.07%,$0.24B,$-0.02B,-9.84%,$0.24B,$-0.02B,-8.61%,$0.24B,$-0.05B,-21.31%,$0.24B,$-0.07B,-26.64%,$-0.07B,$0.13B,-52.00%,$-0.07B,$0.08B,-80.50%,$-0.07B,$0.43B,-12.01%,$-0.03B,$0.18B,-11.96%,$64,$44,$20,$0,$23,$69,$-5,$0,$-4,$0,$-5,$-5,$-3,$-2,$-3,$13,13,$-0.36,$-0.36,$102,$0,$0,$157,$40,$178,$42,$15,$286,$429,$41,$58,$204,$263,$303,$296,$-201,$0,$126,$429,$-23,$2,$-7,$-5,$17,$0,$-19,$-11,$-9,$-35,$-0,$0,$0,$-0,$5,$5,$0,$4,$-8,$0,$-8,$0,$0,$0,$0,$-8,$-39,$-0,$0
30,2011-03-31,0.18,$0.00,0.0,$20.05,0.01,$-27.29,0.0,$-6.20,0.0,$0.16B,$0.04B,4.17,$0.08B,$0.13B,0.62,$0.26B,$0.07B,24.81%,$0.26B,$-0.04B,-13.36%,$0.26B,$-0.03B,-12.98%,$0.26B,$-0.03B,-10.69%,$0.26B,$-0.07B,-24.81%,$0.26B,$-0.08B,-30.53%,$-0.08B,$0.13B,-60.84%,$-0.08B,$0.09B,-94.12%,$-0.08B,$0.48B,-12.33%,$-0.04B,$0.21B,-13.45%,$55,$49,$6,$0,$22,$72,$-17,$0,$-17,$-0,$-17,$-17,$-18,$-15,$-16,$13,13,$-1.40,$-1.40,$99,$0,$0,$163,$43,$187,$42,$19,$305,$476,$39,$80,$228,$308,$347,$296,$-199,$0,$129,$476,$-18,$1,$4,$5,$10,$0,$-6,$-4,$1,$-15,$-0,$0,$0,$0,$-29,$-29,$0,$-29,$2,$0,$2,$0,$0,$0,$0,$3,$-41,$-0,$0
31,2010-12-31,0.21,$0.00,0.0,$22.24,0.01,$-31.87,0.0,$-2.96,0.0,$0.21B,$0.22B,0.98,$0.13B,$0.10B,1.32,$0.29B,$0.08B,25.86%,$0.29B,$-0.04B,-14.83%,$0.29B,$-0.04B,-14.83%,$0.29B,$-0.03B,-11.72%,$0.29B,$-0.07B,-23.10%,$0.29B,$-0.04B,-13.10%,$-0.04B,$0.10B,-26.81%,$-0.04B,$0.05B,-39.48%,$-0.04B,$0.52B,-4.96%,$-0.04B,$0.22B,-14.51%,$55,$34,$21,$0,$5,$41,$14,$-2,$-30,$-2,$-28,$-45,$-46,$12,$14,$13,13,$-3.56,$-3.56,$141,$0,$0,$213,$0,$196,$44,$41,$294,$520,$217,$125,$83,$208,$425,$296,$-232,$0,$95,$520,$-38,$9,$0,$9,$0,$0,$0,$0,$-4,$-70,$-2,$0,$0,$0,$0,$105,$246,$350,$0,$-66,$-139,$0,$1,$0,$16,$-189,$91,$0,$0
32,2010-09-30,0.18,$0.00,0.0,$-14.35,0.0,$-78.07,0.0,$-5.24,0.0,$0.24B,$0.35B,0.69,$0.14B,$0.15B,0.93,$-0.18B,$0.04B,-21.20%,$-0.18B,$0.02B,-11.96%,$-0.18B,$0.02B,-11.96%,$-0.18B,$0.03B,-17.93%,$-0.18B,$0.06B,-33.15%,$-0.18B,$-0.07B,36.96%,$-0.07B,$0.15B,-42.43%,$-0.07B,$0.10B,-58.37%,$-0.07B,$0.74B,-6.04%,$0.02B,$0.29B,6.29%,$70,$55,$15,$0,$32,$89,$-19,$18,$-1,$-2,$0,$0,$2,$-16,$-19,$13,13,$0.20,$0.20,$146,$0,$0,$242,$0,$310,$49,$91,$472,$739,$350,$140,$100,$239,$589,$296,$-185,$0,$150,$739,$8,$11,$-41,$-30,$0,$0,$0,$0,$-112,$-146,$-16,$0,$-14,$0,$0,$182,$252,$404,$0,$-66,$-140,$0,$1,$0,$13,$-192,$66,$0,$0
33,2010-06-30,0.16,$0.00,0.0,$0.55,0.29,$-83.98,0.0,$-14.20,0.0,$0.33B,$0.43B,0.76,$0.17B,$0.15B,1.12,$0.02B,$0.03B,152.63%,$0.02B,$-0.05B,-268.42%,$0.02B,$-0.05B,-268.42%,$0.02B,$-0.03B,-178.95%,$0.02B,$-0.06B,-305.26%,$0.02B,$-0.19B,-989.47%,$-0.19B,$0.15B,-98.30%,$-0.19B,$0.10B,-127.89%,$-0.19B,$0.86B,-11.02%,$-0.05B,$0.32B,-12.39%,$82,$59,$23,$0,$34,$94,$-13,$-4,$-17,$-0,$-16,$-16,$-18,$-9,$-13,$13,13,$-1.44,$-1.44,$208,$0,$0,$327,$0,$407,$51,$27,$508,$861,$434,$170,$106,$276,$709,$296,$-188,$0,$152,$861,$6,$8,$-39,$-31,$0,$0,$0,$0,$-78,$-107,$-0,$0,$240,$0,$0,$108,$-3,$344,$0,$0,$-108,$0,$-2,$0,$0,$-109,$128,$0,$0
34,2010-03-31,0.12,$0.00,0.0,$15.90,0.01,$-88.61,0.0,$-15.56,0.0,$0.36B,$0.47B,0.76,$0.18B,$0.17B,1.08,$0.24B,$0.06B,24.68%,$0.24B,$-0.08B,-33.19%,$0.24B,$-0.08B,-33.19%,$0.24B,$-0.06B,-25.11%,$0.24B,$-0.10B,-40.43%,$0.24B,$-0.21B,-88.51%,$-0.21B,$0.17B,-84.90%,$-0.21B,$0.13B,-104.52%,$-0.21B,$0.94B,-9.14%,$-0.08B,$0.35B,-15.89%,$83,$67,$16,$0,$40,$109,$-25,$6,$-19,$-3,$-17,$-17,$24,$-21,$-25,$13,13,$1.84,$1.84,$231,$0,$0,$358,$0,$468,$37,$24,$557,$944,$472,$183,$120,$303,$774,$296,$-169,$0,$170,$944,$24,$4,$-41,$-36,$0,$0,$0,$0,$-59,$-75,$0,$0,$253,$0,$0,$52,$-3,$302,$0,$0,$-81,$0,$1,$0,$-1,$-82,$145,$0,$0
35,2009-12-31,0.11,$0.00,0.0,$30.61,0.0,$-90.43,0.0,$-21.64,0.0,$0.18B,$0.50B,0.36,$0.26B,$0.17B,1.56,$0.44B,$0.09B,19.64%,$0.44B,$-0.11B,-24.15%,$0.44B,$-0.11B,-24.15%,$0.44B,$-0.09B,-19.86%,$0.44B,$-0.14B,-30.70%,$0.44B,$-0.29B,-65.46%,$-0.29B,$0.17B,-98.22%,$-0.29B,$0.13B,-119.34%,$-0.29B,$1.96B,-10.30%,$-0.11B,$0.43B,-19.01%,$-419,$-404,$-15,$0,$-90,$-498,$79,$19,$98,$-6,$104,$-65,$-76,$79,$79,$13,13,$-5.84,$-5.84,$59,$0,$0,$177,$0,$512,$38,$1171,$1750,$1957,$496,$264,$1028,$1292,$1788,$295,$-194,$0,$169,$1957,$-290,$20,$184,$204,$0,$0,$0,$0,$-539,$-666,$-2,$0,$44,$0,$0,$593,$1,$636,$0,$-8,$0,$0,$-27,$-2,$0,$-37,$-5,$0,$0
36,2009-09-30,0.2,$0.00,0.0,$78.95,0.0,$-72.60,0.0,$-41.96,0.0,$0.93B,$0.18B,5.07,$0.26B,$0.27B,0.96,$1.08B,$0.08B,7.30%,$1.08B,$-0.38B,-35.12%,$1.08B,$-0.38B,-35.12%,$1.08B,$-0.30B,-27.26%,$1.08B,$-0.49B,-45.19%,$1.08B,$-0.57B,-53.05%,$-0.57B,$0.27B,-156.62%,$-0.57B,$0.22B,-183.97%,$-0.57B,$3.06B,-18.16%,$-0.38B,$0.54B,-59.75%,$273,$268,$5,$0,$90,$365,$-92,$-29,$-120,$-3,$-117,$-117,$-118,$-83,$-92,$13,13,$-8.76,$-8.76,$509,$0,$0,$930,$0,$1758,$51,$171,$2071,$3062,$184,$263,$2342,$2605,$2788,$296,$-118,$0,$274,$3062,$-215,$20,$1,$21,$0,$0,$0,$0,$0,$-246,$-1,$0,$-2,$0,$0,$674,$-2,$669,$0,$-4,$0,$0,$-12,$6,$-3,$-13,$413,$0,$0
37,2009-06-30,0.12,$0.00,0.0,$84.39,0.0,$-77.58,0.0,$-34.40,0.0,$0.68B,$2.04B,0.33,$0.27B,$0.37B,0.74,$1.16B,$0.14B,11.86%,$1.16B,$-0.36B,-30.58%,$1.16B,$-0.36B,-30.58%,$1.16B,$-0.28B,-23.71%,$1.16B,$-0.43B,-36.60%,$1.16B,$-0.47B,-40.64%,$-0.47B,$0.37B,-96.33%,$-0.47B,$0.31B,-112.22%,$-0.47B,$3.14B,-14.04%,$-0.36B,$0.64B,-46.49%,$298,$246,$52,$0,$87,$338,$-40,$-13,$-54,$-15,$-38,$-38,$-38,$-34,$-40,$14,14,$-2.80,$-2.80,$155,$0,$0,$681,$0,$2171,$58,$64,$2401,$3140,$2038,$272,$462,$735,$2773,$322,$0,$0,$367,$3140,$-97,$11,$0,$11,$0,$0,$0,$0,$-111,$-175,$-2,$0,$0,$0,$0,$233,$-7,$224,$0,$2,$0,$0,$-2,$0,$0,$0,$49,$0,$0
38,2009-03-31,0.07,$0.00,0.0,$71.10,0.0,$-66.24,0.0,$-31.49,0.0,$0.69B,$1.96B,0.35,$0.27B,$0.37B,0.73,$1.33B,$0.24B,18.39%,$1.33B,$-0.30B,-22.76%,$1.33B,$-0.30B,-22.76%,$1.33B,$-0.22B,-16.65%,$1.33B,$-0.37B,-27.66%,$1.33B,$-0.43B,-32.33%,$-0.43B,$0.37B,-70.01%,$-0.43B,$0.31B,-81.02%,$-0.43B,$3.10B,-11.61%,$-0.30B,$0.64B,-33.88%,$291,$246,$45,$0,$96,$345,$-54,$-6,$-60,$-6,$-54,$-54,$-58,$-50,$-54,$14,14,$-4.24,$-4.24,$220,$0,$0,$685,$0,$2091,$62,$49,$2320,$3099,$1963,$270,$495,$766,$2728,$322,$39,$0,$371,$3099,$-58,$4,$0,$4,$0,$0,$0,$0,$-73,$-101,$-3,$0,$-2,$0,$0,$220,$2,$217,$0,$-0,$0,$0,$0,$-1,$0,$-1,$114,$0,$0
39,2008-12-31,0.17,$0.00,0.0,$82.93,0.0,$-63.41,0.0,$-29.73,0.0,$0.65B,$2.08B,0.31,$0.27B,$0.45B,0.6,$1.49B,$0.29B,19.22%,$1.49B,$-0.30B,-20.36%,$1.49B,$-0.30B,-20.36%,$1.49B,$-0.22B,-14.87%,$1.49B,$-0.36B,-23.84%,$1.49B,$-0.41B,-27.13%,$-0.41B,$0.45B,-54.47%,$-0.41B,$0.41B,-62.57%,$-0.41B,$3.34B,-9.98%,$-0.30B,$0.73B,-29.62%,$220,$243,$-23,$0,$107,$414,$-194,$-7,$-255,$105,$-360,$-360,$-360,$-128,$-194,$14,14,$-26.16,$-26.16,$106,$0,$0,$646,$0,$2370,$46,$40,$2584,$3343,$2081,$273,$536,$809,$2890,$322,$99,$0,$454,$3343,$-406,$81,$0,$81,$0,$0,$0,$0,$-327,$-462,$-4,$0,$44,$0,$0,$562,$18,$620,$0,$-193,$0,$0,$-5,$-15,$0,$-213,$-56,$0,$0
40,2008-09-30,0.2,$0.00,0.0,$103.58,0.0,$-26.24,0.0,$-10.93,0.0,$0.81B,$2.23B,0.37,$0.28B,$0.77B,0.37,$1.78B,$0.37B,20.75%,$1.78B,$-0.21B,-11.55%,$1.78B,$-0.21B,-11.55%,$1.78B,$-0.18B,-10.32%,$1.78B,$-0.21B,-11.67%,$1.78B,$-0.15B,-8.36%,$-0.15B,$0.77B,-17.22%,$-0.15B,$0.66B,-19.83%,$-0.15B,$3.89B,-3.40%,$-0.21B,$1.06B,-17.80%,$355,$291,$64,$0,$131,$423,$-68,$-9,$-57,$-17,$-41,$-17,$-17,$-64,$-68,$14,14,$-1.20,$-1.20,$197,$0,$0,$813,$0,$2546,$111,$159,$2959,$3891,$2230,$284,$605,$889,$3119,$322,$462,$0,$772,$3891,$-45,$15,$0,$15,$0,$0,$0,$0,$-256,$-319,$-3,$0,$44,$0,$0,$504,$18,$563,$0,$-173,$-18,$0,$-5,$-12,$0,$-208,$36,$0,$0
41,2008-06-30,0.24,$0.00,0.0,$115.65,0.0,$2.58,0.09,$-8.05,0.0,$0.88B,$2.59B,0.34,$0.29B,$0.85B,0.34,$1.96B,$0.49B,25.20%,$1.96B,$-0.10B,-5.32%,$1.96B,$-0.10B,-5.32%,$1.96B,$-0.08B,-4.19%,$1.96B,$-0.13B,-6.49%,$1.96B,$-0.11B,-5.52%,$-0.11B,$0.85B,-11.56%,$-0.11B,$0.74B,-13.18%,$-0.11B,$4.45B,-2.36%,$-0.10B,$1.14B,-8.31%,$461,$303,$158,$0,$143,$447,$14,$-9,$5,$-1,$6,$6,$6,$21,$14,$55,55,$0.11,$0.11,$189,$0,$0,$881,$0,$3016,$114,$146,$3442,$4451,$2589,$288,$719,$1007,$3596,$323,$484,$0,$854,$4451,$-28,$11,$0,$11,$0,$0,$0,$0,$-45,$-79,$-3,$0,$-0,$0,$0,$168,$-13,$151,$0,$-15,$-18,$0,$-4,$-8,$0,$-45,$27,$0,$0
42,2008-03-31,0.32,$0.00,0.0,$145.77,0.0,$6.88,0.05,$-5.20,0.0,$0.86B,$2.64B,0.33,$0.29B,$0.89B,0.32,$2.03B,$0.55B,26.79%,$2.03B,$-0.06B,-2.85%,$2.03B,$-0.06B,-2.85%,$2.03B,$-0.04B,-1.97%,$2.03B,$-0.08B,-4.03%,$2.03B,$-0.07B,-3.54%,$-0.07B,$0.89B,-7.44%,$-0.07B,$0.78B,-8.45%,$-0.07B,$4.55B,-1.56%,$-0.06B,$1.18B,-4.52%,$457,$369,$88,$0,$142,$513,$-56,$-10,$-49,$-14,$-34,$-34,$-34,$-51,$-56,$14,14,$-2.48,$-2.48,$145,$0,$0,$856,$0,$3141,$115,$134,$3560,$4545,$2635,$287,$729,$1016,$3651,$324,$482,$0,$894,$4545,$-34,$5,$0,$5,$0,$0,$0,$0,$-32,$-64,$-1,$0,$-0,$0,$0,$82,$3,$83,$0,$-11,$-17,$0,$-4,$-4,$0,$-36,$-17,$0,$0
43,2007-12-31,0.31,$0.00,0.0,$146.86,0.0,$9.61,0.03,$-1.32,0.0,$0.86B,$2.65B,0.32,$0.31B,$0.94B,0.33,$2.06B,$0.62B,30.16%,$2.06B,$0.04B,1.85%,$2.06B,$0.04B,1.85%,$2.06B,$0.05B,2.58%,$2.06B,$-0.02B,-1.07%,$2.06B,$-0.02B,-0.88%,$-0.02B,$0.94B,-1.84%,$-0.02B,$0.82B,-2.08%,$-0.02B,$4.66B,-0.40%,$0.04B,$1.25B,2.94%,$510,$450,$60,$0,$155,$606,$-96,$-11,$-107,$-3,$-103,$-104,$-104,$-90,$-96,$14,14,$-7.44,$-7.36,$162,$0,$0,$859,$0,$3256,$117,$115,$3665,$4657,$2651,$307,$758,$1066,$3717,$326,$521,$0,$941,$4657,$-19,$16,$0,$16,$0,$0,$0,$0,$166,$67,$-21,$0,$-45,$0,$0,$-61,$-14,$-141,$0,$129,$0,$0,$-7,$-16,$0,$106,$32,$0,$0
44,2007-09-30,0.47,$0.00,0.0,$143.16,0.0,$15.04,0.03,$7.24,0.06,$0.74B,$2.45B,0.3,$0.39B,$1.05B,0.37,$2.01B,$0.71B,35.12%,$2.01B,$0.16B,7.80%,$2.01B,$0.16B,7.80%,$2.01B,$0.17B,8.35%,$2.01B,$0.10B,4.97%,$2.01B,$0.10B,5.12%,$0.10B,$1.05B,10.63%,$0.10B,$0.93B,11.94%,$0.10B,$4.68B,2.35%,$0.16B,$1.43B,12.31%,$528,$342,$187,$0,$151,$494,$34,$-10,$24,$0,$24,$24,$24,$38,$34,$14,14,$1.68,$1.68,$97,$0,$0,$735,$0,$3418,$114,$98,$3814,$4682,$2445,$386,$805,$1190,$3635,$327,$630,$0,$1047,$4682,$85,$10,$0,$10,$0,$0,$0,$0,$75,$94,$-17,$0,$-41,$0,$0,$-148,$-12,$-219,$0,$109,$0,$0,$-5,$-12,$0,$92,$-32,$0,$0
45,2007-06-30,0.46,$0.00,0.0,$140.57,0.0,$17.58,0.03,$8.20,0.06,$0.77B,$2.46B,0.31,$0.28B,$0.99B,0.28,$1.98B,$0.71B,35.70%,$1.98B,$0.18B,8.88%,$1.98B,$0.18B,8.88%,$1.98B,$0.18B,9.28%,$1.98B,$0.12B,6.10%,$1.98B,$0.12B,5.85%,$0.12B,$0.99B,12.43%,$0.12B,$0.87B,13.83%,$0.12B,$4.53B,2.74%,$0.18B,$1.27B,14.49%,$539,$329,$210,$0,$149,$479,$60,$-10,$50,$8,$42,$42,$42,$63,$60,$14,14,$3.00,$2.96,$126,$0,$0,$767,$0,$3239,$114,$100,$3633,$4530,$2460,$281,$801,$1082,$3541,$327,$610,$0,$988,$4530,$61,$6,$0,$6,$0,$0,$0,$0,$45,$54,$-15,$0,$-41,$0,$0,$-89,$-8,$-152,$0,$107,$0,$0,$-5,$-7,$0,$94,$-4,$0,$0
46,2007-03-31,0.45,$0.00,0.0,$137.24,0.0,$20.42,0.02,$8.08,0.06,$0.76B,$2.31B,0.33,$0.28B,$0.94B,0.29,$1.94B,$0.68B,34.88%,$1.94B,$0.17B,8.69%,$1.94B,$0.17B,8.69%,$1.94B,$0.18B,9.00%,$1.94B,$0.12B,5.97%,$1.94B,$0.11B,5.86%,$0.11B,$0.94B,12.60%,$0.11B,$0.84B,13.89%,$0.11B,$4.24B,2.77%,$0.17B,$1.22B,14.24%,$479,$316,$163,$0,$123,$440,$40,$-8,$11,$-9,$20,$20,$20,$42,$40,$14,14,$1.40,$1.40,$169,$0,$0,$764,$0,$3002,$104,$91,$3361,$4237,$2311,$276,$711,$986,$3298,$326,$572,$0,$940,$4237,$20,$3,$0,$3,$0,$0,$0,$0,$-22,$-28,$-0,$0,$-14,$0,$0,$-19,$3,$-30,$0,$107,$0,$0,$-6,$-4,$0,$98,$40,$0,$0
47,2006-12-31,0.5,$0.00,0.0,$138.75,0.0,$22.09,0.02,$8.72,0.06,$0.68B,$2.18B,0.31,$0.28B,$0.90B,0.31,$1.97B,$0.74B,37.37%,$1.97B,$0.23B,11.46%,$1.97B,$0.23B,11.46%,$1.97B,$0.23B,11.82%,$1.97B,$0.14B,7.05%,$1.97B,$0.12B,6.24%,$0.12B,$0.90B,14.04%,$0.12B,$0.81B,15.36%,$0.12B,$4.05B,3.06%,$0.23B,$1.18B,19.48%,$467,$320,$147,$0,$123,$444,$23,$-8,$15,$-2,$17,$17,$17,$25,$23,$14,14,$1.20,$1.20,$130,$0,$0,$684,$0,$2929,$91,$77,$3256,$4048,$2182,$282,$682,$965,$3147,$328,$560,$0,$901,$4048,$123,$8,$0,$8,$0,$0,$0,$0,$85,$167,$-43,$0,$-22,$0,$0,$-116,$18,$-163,$0,$41,$0,$0,$-13,$-13,$0,$15,$19,$0,$0
