,Date,Stock Price,Book Value per Share,Price to Book Ratio,TTM Sales per Share,Price to Sales Ratio,TTM FCF per Share,Price to FCF Ratio,TTM Net EPS,PE Ratio,Current Assets,Current Liabilities,Current Ratio,Long Term Debt,Shareholder's Equity_x,Debt to Equity Ratio,TTM Revenue_x,TTM Gross Profit,Gross Margin,TTM Revenue_y,TTM Operating Income,Operating Margin,TTM Revenue_x,TTM EBIT,EBIT Margin,TTM Revenue_y,TTM EBITDA,EBITDA Margin,TTM Revenue_x,TTM Pre-Tax Income,Pre-Tax Margin,TTM Revenue_y,TTM Net Income_x,Net Margin,TTM Net Income_y,Shareholder's Equity_y,Return on Equity,TTM Net Income_x,Tangible Equity,Return on Tangible Equity,TTM Net Income_y,Total Assets,Return on Assets,TTM Net Income,LT Investments & Debt,Return on Investment,revenue,cost-goods-sold,gross-profit,research-development-expenses,selling-general-administrative-expenses,operating-expenses,operating-income,total-non-operating-income-expense,pre-tax-income,total-provision-income-taxes,income-after-taxes,income-from-continuous-operations,net-income,ebitda,ebit,basic-shares-outstanding,shares-outstanding,eps-basic-net-earnings-per-share,eps-earnings-per-share-diluted,cash-on-hand,inventory,other-current-assets,total-current-assets,net-property-plant-equipment,long-term-investments,goodwill-intangible-assets-total,other-long-term-assets,total-long-term-assets,total-assets,total-current-liabilities,long-term-debt,other-non-current-liabilities,total-long-term-liabilities,total-liabilities,common-stock-net,retained-earnings-accumulated-deficit,comprehensive-income,total-share-holder-equity,total-liabilities-share-holders-equity,net-income-loss,total-depreciation-amortization-cash-flow,other-non-cash-items,total-non-cash-items,change-in-accounts-receivable,change-in-inventories,change-in-accounts-payable,change-in-assets-liabilities,total-change-in-assets-liabilities,cash-flow-from-operating-activities,net-change-in-property-plant-equipment,net-change-in-intangible-assets,net-acquisitions-divestitures,net-change-in-short-term-investments,net-change-in-long-term-investments,net-change-in-investments-total,investing-activities-other,cash-flow-from-investing-activities,net-long-term-debt,net-current-debt,debt-issuance-retirement-net-total,net-common-equity-issued-repurchased,net-total-equity-issued-repurchased,total-common-preferred-stock-dividends-paid,financial-activities-other,cash-flow-from-financial-activities,net-cash-flow,stock-based-compensation,common-stock-dividends-paid
0,2018-09-30,1.0,$5.36,0.19,$37.71,0.03,$16.47,0.06,$0.56,1.78,$1.35B,$0.72B,1.86,$1.38B,$0.35B,3.89,$2.50B,$0.25B,9.79%,$2.50B,$0.24B,9.39%,$2.50B,$0.24B,9.39%,$2.50B,$0.25B,9.87%,$2.50B,$0.07B,2.72%,$2.50B,$0.05B,2.00%,$0.05B,$0.35B,13.19%,$0.05B,$0.35B,13.20%,$0.05B,$2.45B,1.82%,$0.24B,$1.73B,13.53%,$626,$565,$61,$0,$2,$568,$59,$-41,$18,$4,$13,$13,$13,$62,$59,$66,66,$0.20,$0.20,$942,$147,$1,$1345,$6,$1071,$0,$9,$1109,$2454,$721,$1378,$0,$1378,$2099,$0,$345,$-71,$354,$2454,$40,$9,$5,$14,$1,$321,$0,$-1,$408,$461,$-0,$0,$0,$0,$0,$0,$0,$-0,$345,$-785,$-440,$0,$0,$0,$-6,$-446,$11,$0,$0
1,2018-06-30,1.26,$5.64,0.22,$37.03,0.03,$7.28,0.17,$1.00,1.26,$1.62B,$1.01B,1.6,$1.17B,$0.37B,3.14,$2.46B,$0.26B,10.69%,$2.46B,$0.25B,10.20%,$2.46B,$0.25B,10.20%,$2.46B,$0.26B,10.61%,$2.46B,$0.09B,3.62%,$2.46B,$0.07B,2.68%,$0.07B,$0.37B,17.04%,$0.07B,$0.37B,17.05%,$0.07B,$2.56B,2.31%,$0.25B,$1.55B,14.08%,$679,$615,$64,$0,$3,$618,$61,$-43,$18,$5,$14,$14,$14,$64,$61,$66,66,$0.21,$0.20,$1192,$150,$0,$1617,$7,$909,$0,$8,$942,$2559,$1014,$1172,$0,$1172,$2186,$0,$331,$-39,$373,$2559,$27,$5,$2,$7,$1,$331,$0,$-0,$412,$446,$-0,$0,$0,$0,$0,$0,$0,$-0,$91,$-537,$-446,$0,$0,$0,$0,$-446,$-3,$0,$0
2,2018-03-31,1.27,$6.03,0.21,$33.95,0.04,$-3.33,0.0,$0.92,1.38,$1.82B,$1.02B,1.8,$1.52B,$0.40B,3.82,$2.26B,$0.25B,10.94%,$2.26B,$0.24B,10.41%,$2.26B,$0.24B,10.41%,$2.26B,$0.25B,10.85%,$2.26B,$0.08B,3.41%,$2.26B,$0.06B,2.66%,$0.06B,$0.40B,15.98%,$0.06B,$0.40B,15.99%,$0.06B,$2.94B,2.05%,$0.24B,$1.92B,12.29%,$540,$475,$64,$0,$3,$478,$62,$-44,$18,$5,$13,$13,$13,$64,$62,$66,67,$0.20,$0.20,$1185,$307,$1,$1822,$7,$1086,$0,$9,$1115,$2937,$1015,$1523,$0,$1523,$2538,$0,$318,$0,$399,$2937,$13,$3,$1,$4,$1,$155,$0,$1,$194,$211,$-0,$0,$0,$0,$0,$0,$0,$-0,$265,$-475,$-210,$0,$0,$0,$0,$-210,$-1,$0,$0
3,2017-12-31,2.02,$5.90,0.34,$30.27,0.07,$-7.34,0.0,$0.40,5.05,$2.06B,$1.30B,1.59,$1.36B,$0.39B,3.48,$2.01B,$0.20B,9.95%,$2.01B,$0.19B,9.25%,$2.01B,$0.19B,9.25%,$2.01B,$0.20B,9.85%,$2.01B,$0.04B,1.74%,$2.01B,$0.03B,1.29%,$0.03B,$0.39B,7.10%,$0.03B,$0.39B,7.11%,$0.03B,$3.04B,0.89%,$0.19B,$1.75B,9.67%,$657,$601,$56,$0,$3,$604,$53,$-39,$14,$4,$10,$10,$10,$57,$53,$66,66,$0.16,$0.15,$1573,$135,$0,$2063,$7,$957,$0,$8,$979,$3042,$1295,$1357,$0,$1357,$2652,$0,$305,$5,$390,$3042,$26,$13,$-8,$5,$-0,$-7,$0,$1,$-57,$-26,$-1,$0,$0,$0,$-552,$-552,$0,$-553,$1107,$-587,$520,$0,$0,$0,$40,$560,$-16,$0,$0
4,2017-09-30,2.04,$5.86,0.35,$25.78,0.08,$-5.49,0.0,$0.87,2.34,$1.80B,$0.99B,1.83,$1.53B,$0.39B,3.96,$1.71B,$0.17B,9.64%,$1.71B,$0.15B,8.77%,$1.71B,$0.15B,8.77%,$1.71B,$0.16B,9.35%,$1.71B,$0.08B,4.56%,$1.71B,$0.06B,3.39%,$0.06B,$0.39B,17.11%,$0.06B,$0.39B,17.12%,$0.06B,$2.90B,2.14%,$0.15B,$1.92B,7.58%,$585,$506,$79,$0,$4,$510,$75,$-36,$39,$10,$29,$29,$29,$76,$75,$66,66,$0.44,$0.44,$1218,$239,$1,$1801,$8,$1081,$0,$8,$1104,$2904,$986,$1532,$0,$1532,$2517,$0,$294,$13,$387,$2904,$16,$9,$-7,$2,$1,$-120,$0,$0,$-163,$-146,$-2,$0,$0,$0,$-358,$-358,$0,$-360,$126,$316,$442,$0,$0,$0,$-9,$433,$-70,$0,$0
5,2017-06-30,1.66,$4.95,0.34,$22.84,0.07,$0.00,0.0,$0.67,2.48,$1.65B,$0.79B,2.1,$1.74B,$0.33B,5.32,$1.52B,$0.14B,8.97%,$1.52B,$0.12B,8.11%,$1.52B,$0.12B,8.11%,$1.52B,$0.14B,8.90%,$1.52B,$0.06B,3.96%,$1.52B,$0.05B,2.97%,$0.05B,$0.33B,13.47%,$0.05B,$0.33B,13.48%,$0.05B,$2.85B,1.75%,$0.12B,$2.06B,6.77%,$476,$428,$48,$0,$3,$431,$45,$-38,$6,$-2,$8,$8,$8,$48,$45,$66,66,$0.12,$0.12,$991,$310,$0,$1648,$8,$1176,$0,$9,$1201,$2848,$787,$1735,$0,$1735,$2522,$0,$265,$-19,$326,$2848,$-13,$7,$8,$15,$1,$-204,$0,$1,$-259,$-257,$-1,$0,$0,$0,$-271,$-271,$0,$-272,$240,$247,$487,$0,$0,$0,$-6,$481,$-46,$0,$0
6,2017-03-31,1.19,$5.46,0.22,$21.56,0.06,$6.68,0.18,$0.85,1.4,$1.57B,$0.87B,1.8,$1.61B,$0.36B,4.46,$1.43B,$0.13B,9.36%,$1.43B,$0.12B,8.46%,$1.43B,$0.12B,8.46%,$1.43B,$0.13B,9.29%,$1.43B,$0.08B,5.66%,$1.43B,$0.06B,3.98%,$0.06B,$0.36B,16.61%,$0.06B,$0.36B,16.63%,$0.06B,$2.84B,2.52%,$0.12B,$1.97B,7.97%,$292,$275,$17,$0,$4,$279,$13,$-37,$-24,$-2,$-21,$-21,$-21,$17,$13,$66,66,$-0.32,$-0.32,$1134,$89,$1,$1566,$7,$1255,$0,$9,$1273,$2839,$870,$1608,$0,$1608,$2478,$0,$257,$23,$361,$2839,$-21,$4,$-2,$1,$0,$32,$0,$0,$-35,$-55,$-1,$0,$0,$0,$-422,$-422,$0,$-423,$171,$313,$485,$0,$0,$0,$-8,$477,$1,$0,$0
7,2016-12-31,1.29,$4.28,0.3,$21.41,0.06,$9.76,0.13,$1.40,0.92,$0.75B,$0.29B,2.57,$1.69B,$0.28B,5.97,$1.42B,$0.15B,10.20%,$1.42B,$0.13B,9.43%,$1.42B,$0.13B,9.43%,$1.42B,$0.14B,9.99%,$1.42B,$0.13B,8.80%,$1.42B,$0.09B,6.54%,$0.09B,$0.28B,28.35%,$0.09B,$0.28B,28.38%,$0.09B,$2.26B,5.22%,$0.13B,$1.97B,11.26%,$358,$336,$21,$0,$4,$341,$17,$40,$57,$15,$42,$42,$42,$19,$17,$66,66,$0.64,$0.63,$356,$119,$1,$753,$7,$1494,$0,$8,$1509,$2262,$293,$1686,$0,$1687,$1980,$0,$278,$-76,$282,$2262,$93,$9,$-63,$-55,$1,$174,$0,$-21,$-112,$-74,$170,$0,$0,$0,$-1914,$-1914,$-19,$-1763,$1774,$196,$1969,$0,$0,$0,$-113,$1857,$18,$0,$0
8,2016-09-30,2.26,$5.56,0.41,$20.27,0.11,$7.36,0.31,$0.86,2.63,$0.98B,$1.08B,0.9,$0.90B,$0.37B,2.44,$1.34B,$0.13B,9.97%,$1.34B,$0.13B,9.38%,$1.34B,$0.13B,9.38%,$1.34B,$0.13B,9.90%,$1.34B,$0.08B,5.58%,$1.34B,$0.06B,4.24%,$0.06B,$0.37B,17.59%,$0.06B,$0.37B,17.62%,$0.06B,$2.35B,4.27%,$0.13B,$1.26B,16.31%,$391,$340,$50,$0,$2,$342,$48,$-27,$21,$5,$16,$16,$16,$51,$48,$66,67,$0.24,$0.24,$674,$165,$5,$975,$8,$1181,$0,$165,$1372,$2347,$1083,$897,$0,$897,$1980,$0,$236,$51,$367,$2347,$51,$7,$-19,$-13,$1,$127,$0,$147,$181,$219,$-0,$0,$0,$0,$-945,$-945,$-20,$-966,$37,$1173,$1210,$0,$0,$0,$-335,$875,$127,$0,$0
9,2016-06-30,1.8,$5.49,0.33,$18.42,0.1,$3.57,0.5,$0.75,2.4,$0.73B,$0.73B,0.99,$0.51B,$0.36B,1.41,$1.22B,$0.10B,8.22%,$1.22B,$0.09B,7.40%,$1.22B,$0.09B,7.40%,$1.22B,$0.09B,7.72%,$1.22B,$0.07B,5.42%,$1.22B,$0.05B,4.11%,$0.05B,$0.36B,16.74%,$0.05B,$0.36B,16.78%,$0.05B,$1.61B,5.82%,$0.09B,$0.87B,17.21%,$390,$344,$46,$0,$3,$347,$43,$-16,$27,$7,$20,$20,$20,$46,$43,$66,66,$0.30,$0.30,$489,$145,$5,$725,$7,$711,$0,$164,$883,$1608,$732,$511,$0,$513,$1245,$0,$221,$62,$363,$1608,$35,$4,$0,$5,$1,$149,$0,$66,$146,$185,$-0,$0,$0,$0,$-652,$-652,$-20,$-672,$38,$755,$793,$0,$0,$0,$-272,$521,$34,$0,$0
10,2016-03-31,1.25,$4.55,0.27,$16.31,0.08,$0.42,2.98,$0.46,2.72,$0.31B,$0.26B,1.19,$0.36B,$0.30B,1.18,$1.08B,$0.06B,5.20%,$1.08B,$0.05B,4.37%,$1.08B,$0.05B,4.37%,$1.08B,$0.05B,4.55%,$1.08B,$0.04B,3.62%,$1.08B,$0.03B,2.88%,$0.03B,$0.30B,11.28%,$0.03B,$0.30B,11.30%,$0.03B,$0.91B,5.61%,$0.05B,$0.66B,12.66%,$282,$254,$28,$0,$3,$257,$26,$-5,$20,$5,$15,$15,$15,$26,$26,$66,66,$0.23,$0.23,$119,$137,$3,$305,$7,$459,$0,$142,$609,$914,$257,$355,$0,$357,$614,$0,$201,$20,$300,$914,$15,$1,$0,$1,$1,$161,$0,$-2,$132,$148,$-0,$0,$0,$0,$-362,$-362,$-13,$-375,$320,$-6,$313,$0,$0,$0,$-76,$237,$10,$0,$0
11,2015-12-31,0.73,$4.03,0.18,$15.16,0.05,$-1.68,0.0,$0.33,2.2,$0.35B,$0.17B,2.02,$0.03B,$0.27B,0.12,$1.00B,$0.04B,3.90%,$1.00B,$0.03B,3.00%,$1.00B,$0.03B,3.00%,$1.00B,$0.03B,3.20%,$1.00B,$0.03B,2.80%,$1.00B,$0.02B,2.30%,$0.02B,$0.27B,8.64%,$0.02B,$0.27B,8.65%,$0.02B,$0.47B,5.47%,$0.03B,$0.30B,10.96%,$281,$271,$10,$0,$1,$272,$9,$-2,$7,$2,$6,$6,$6,$10,$9,$66,66,$0.09,$0.09,$30,$298,$1,$346,$8,$0,$0,$115,$123,$470,$171,$31,$0,$33,$204,$0,$186,$-0,$266,$470,$22,$2,$2,$4,$-1,$-101,$0,$22,$-88,$-63,$-0,$0,$0,$0,$0,$0,$-28,$-28,$64,$42,$106,$0,$0,$0,$-14,$92,$2,$1,$0
12,2015-09-30,0.53,$4.03,0.13,$14.08,0.04,$-0.43,0.0,$0.36,1.47,$0.34B,$0.18B,1.95,$0.00B,$0.27B,0.0,$0.93B,$0.04B,4.74%,$0.93B,$0.03B,3.56%,$0.93B,$0.03B,3.56%,$0.93B,$0.03B,3.66%,$0.93B,$0.03B,3.56%,$0.93B,$0.03B,2.80%,$0.03B,$0.27B,9.84%,$0.03B,$0.27B,9.85%,$0.03B,$0.44B,6.82%,$0.03B,$0.27B,12.44%,$264,$248,$16,$0,$3,$252,$12,$-0,$12,$3,$9,$9,$9,$12,$12,$66,66,$0.13,$0.13,$58,$273,$0,$343,$8,$0,$0,$91,$100,$443,$176,$0,$0,$1,$178,$0,$180,$6,$266,$443,$16,$1,$2,$3,$0,$-69,$0,$23,$-53,$-34,$-0,$0,$0,$0,$0,$0,$-26,$-26,$0,$39,$39,$0,$0,$0,$50,$89,$28,$0,$0
13,2015-06-30,0.9,$4.05,0.22,$13.87,0.06,$0.18,4.9,$0.31,2.9,$0.28B,$0.11B,2.46,$0.00B,$0.27B,0.0,$0.92B,$0.04B,4.15%,$0.92B,$0.03B,3.17%,$0.92B,$0.03B,3.17%,$0.92B,$0.03B,3.28%,$0.92B,$0.03B,3.06%,$0.92B,$0.02B,2.40%,$0.02B,$0.27B,8.45%,$0.02B,$0.27B,8.46%,$0.02B,$0.38B,6.35%,$0.03B,$0.27B,10.77%,$249,$247,$2,$0,$2,$249,$0,$0,$0,$-0,$1,$1,$1,$1,$0,$66,66,$0.01,$0.01,$26,$241,$0,$280,$9,$0,$0,$93,$102,$382,$114,$0,$0,$1,$114,$0,$171,$16,$267,$382,$7,$1,$9,$10,$0,$-38,$0,$-0,$-41,$-24,$-0,$0,$0,$0,$0,$0,$-24,$-24,$0,$-7,$-7,$0,$0,$0,$55,$48,$0,$0,$0
14,2015-03-31,1.13,$4.03,0.28,$15.23,0.07,$0.67,1.68,$0.55,2.05,$0.30B,$0.12B,2.5,$0.00B,$0.27B,0.0,$1.01B,$0.06B,6.06%,$1.01B,$0.05B,5.17%,$1.01B,$0.05B,5.17%,$1.01B,$0.05B,5.17%,$1.01B,$0.05B,5.07%,$1.01B,$0.04B,3.78%,$0.04B,$0.27B,14.93%,$0.04B,$0.27B,14.95%,$0.04B,$0.39B,11.55%,$0.05B,$0.27B,19.14%,$206,$195,$11,$0,$2,$197,$9,$-0,$9,$2,$7,$7,$7,$9,$9,$66,66,$0.10,$0.10,$85,$213,$0,$304,$9,$0,$0,$74,$84,$387,$121,$0,$0,$0,$121,$0,$171,$16,$266,$387,$7,$0,$2,$2,$1,$-2,$0,$1,$0,$9,$-0,$0,$0,$0,$0,$0,$-6,$-6,$0,$0,$0,$0,$0,$0,$65,$65,$69,$0,$0
15,2014-12-31,0.89,$3.91,0.23,$16.72,0.05,$0.25,3.6,$0.69,1.29,$0.23B,$0.05B,4.69,$0.00B,$0.26B,0.01,$1.11B,$0.08B,6.96%,$1.11B,$0.07B,6.05%,$1.11B,$0.07B,6.05%,$1.11B,$0.07B,6.05%,$1.11B,$0.07B,5.87%,$1.11B,$0.05B,4.25%,$0.05B,$0.26B,19.13%,$0.05B,$0.26B,19.16%,$0.05B,$0.31B,15.15%,$0.07B,$0.26B,24.72%,$209,$194,$15,$0,$3,$198,$12,$0,$12,$3,$9,$9,$9,$12,$12,$66,66,$0.15,$0.15,$16,$212,$0,$234,$9,$0,$0,$68,$78,$312,$50,$4,$0,$4,$54,$0,$164,$15,$258,$312,$47,$1,$3,$5,$0,$-39,$0,$8,$-32,$20,$-0,$0,$0,$0,$0,$0,$-36,$-36,$4,$19,$23,$0,$0,$-5,$-2,$15,$-1,$3,$-5
16,2014-09-30,1.32,$3.79,0.35,$18.52,0.07,$0.06,21.22,$0.69,1.91,$0.25B,$0.02B,10.77,$0.03B,$0.25B,0.13,$1.22B,$0.08B,6.25%,$1.22B,$0.07B,5.51%,$1.22B,$0.07B,5.51%,$1.22B,$0.07B,5.59%,$1.22B,$0.06B,5.26%,$1.22B,$0.05B,3.78%,$0.05B,$0.25B,19.57%,$0.05B,$0.25B,19.64%,$0.05B,$0.31B,14.96%,$0.07B,$0.28B,25.14%,$251,$241,$10,$0,$2,$243,$8,$-1,$7,$2,$5,$5,$5,$8,$8,$66,66,$0.08,$0.08,$23,$216,$1,$248,$10,$0,$0,$47,$58,$305,$23,$32,$0,$32,$55,$0,$156,$14,$250,$305,$39,$1,$7,$8,$1,$-49,$0,$8,$-41,$7,$-0,$0,$0,$0,$0,$0,$-15,$-15,$4,$19,$23,$0,$0,$-5,$-4,$13,$4,$2,$-5
17,2014-06-30,1.24,$3.70,0.33,$19.13,0.06,$0.06,19.62,$0.78,1.59,$0.26B,$0.04B,7.37,$0.03B,$0.24B,0.13,$1.25B,$0.08B,6.65%,$1.25B,$0.07B,5.92%,$1.25B,$0.07B,5.92%,$1.25B,$0.08B,6.08%,$1.25B,$0.07B,5.76%,$1.25B,$0.05B,4.16%,$0.05B,$0.24B,23.24%,$0.05B,$0.24B,23.32%,$0.05B,$0.31B,18.20%,$0.07B,$0.28B,29.93%,$340,$315,$25,$0,$2,$317,$23,$-0,$23,$6,$17,$17,$17,$23,$23,$66,66,$0.25,$0.25,$40,$210,$2,$258,$10,$0,$0,$43,$54,$312,$35,$32,$0,$32,$67,$0,$151,$14,$244,$312,$34,$1,$2,$2,$0,$-36,$0,$8,$-27,$9,$-0,$0,$0,$0,$0,$0,$-10,$-10,$4,$23,$27,$0,$0,$0,$-20,$7,$5,$1,$0
18,2014-03-31,1.55,$3.50,0.44,$19.70,0.08,$-0.24,0.0,$0.63,2.46,$0.26B,$0.05B,5.34,$0.03B,$0.23B,0.14,$1.28B,$0.07B,5.33%,$1.28B,$0.06B,4.70%,$1.28B,$0.06B,4.70%,$1.28B,$0.06B,4.86%,$1.28B,$0.06B,4.55%,$1.28B,$0.04B,3.21%,$0.04B,$0.23B,19.45%,$0.04B,$0.23B,19.52%,$0.04B,$0.31B,15.85%,$0.06B,$0.26B,26.55%,$307,$281,$27,$0,$3,$284,$24,$-1,$23,$7,$16,$16,$16,$24,$24,$66,67,$0.24,$0.24,$33,$218,$2,$261,$10,$0,$1,$41,$52,$312,$49,$32,$0,$32,$81,$0,$138,$14,$231,$312,$16,$0,$1,$1,$0,$-45,$0,$8,$-36,$-19,$-0,$0,$0,$0,$0,$0,$-8,$-8,$4,$42,$45,$0,$0,$0,$-13,$33,$5,$1,$0
19,2013-12-31,1.58,$3.31,0.48,$18.70,0.08,$0.16,9.72,$0.44,3.59,$0.26B,$0.06B,4.49,$0.03B,$0.22B,0.14,$1.19B,$0.05B,3.95%,$1.19B,$0.04B,3.36%,$1.19B,$0.04B,3.36%,$1.19B,$0.04B,3.61%,$1.19B,$0.04B,3.28%,$1.19B,$0.03B,2.35%,$0.03B,$0.22B,14.18%,$0.03B,$0.21B,14.21%,$0.03B,$0.30B,12.29%,$0.04B,$0.24B,19.54%,$318,$303,$14,$0,$2,$305,$12,$-1,$11,$3,$8,$8,$8,$13,$12,$63,64,$0.13,$0.12,$15,$174,$61,$257,$11,$0,$1,$33,$44,$301,$57,$29,$0,$29,$86,$0,$122,$16,$215,$301,$28,$1,$2,$4,$0,$-20,$0,$-8,$-24,$8,$-0,$0,$0,$0,$0,$0,$-32,$-32,$29,$-10,$19,$17,$17,$0,$-13,$23,$-0,$2,$0
20,2013-09-30,1.63,$3.18,0.51,$17.44,0.09,$-0.09,0.0,$0.46,3.53,$0.21B,$0.01B,15.52,$0.00B,$0.21B,0.0,$1.07B,$0.05B,4.19%,$1.07B,$0.04B,3.54%,$1.07B,$0.04B,3.54%,$1.07B,$0.04B,3.82%,$1.07B,$0.04B,3.54%,$1.07B,$0.03B,2.52%,$0.03B,$0.21B,14.65%,$0.03B,$0.20B,14.69%,$0.03B,$0.22B,13.79%,$0.04B,$0.21B,20.62%,$284,$267,$17,$0,$2,$269,$15,$-0,$15,$4,$11,$11,$11,$16,$15,$64,64,$0.17,$0.17,$28,$169,$0,$206,$11,$0,$1,$0,$12,$218,$13,$0,$0,$0,$13,$0,$114,$15,$205,$218,$20,$1,$8,$9,$0,$-22,$0,$-1,$-23,$6,$-0,$0,$0,$0,$0,$0,$0,$-0,$0,$2,$2,$17,$17,$0,$-4,$14,$21,$1,$0
21,2013-06-30,1.06,$2.99,0.36,$17.11,0.06,$-0.32,0.0,$0.44,2.41,$0.19B,$0.01B,16.46,$0.00B,$0.19B,0.0,$1.01B,$0.04B,4.06%,$1.01B,$0.03B,3.37%,$1.01B,$0.03B,3.37%,$1.01B,$0.04B,3.66%,$1.01B,$0.03B,3.37%,$1.01B,$0.02B,2.38%,$0.02B,$0.19B,13.99%,$0.02B,$0.19B,14.01%,$0.02B,$0.20B,13.15%,$0.03B,$0.19B,19.83%,$367,$357,$10,$0,$1,$358,$9,$-0,$9,$2,$6,$6,$6,$9,$9,$64,64,$0.10,$0.10,$8,$163,$9,$192,$11,$0,$1,$0,$12,$204,$12,$0,$0,$0,$12,$0,$103,$14,$192,$204,$9,$1,$5,$5,$1,$-15,$0,$-8,$-26,$-11,$-0,$0,$0,$0,$0,$0,$0,$-0,$0,$0,$0,$17,$17,$0,$-3,$15,$3,$1,$0
22,2013-03-31,1.31,$2.90,0.45,$16.32,0.08,$-0.24,0.0,$0.52,2.51,$0.18B,$0.01B,18.46,$0.00B,$0.18B,0.0,$0.91B,$0.05B,5.05%,$0.91B,$0.04B,4.17%,$0.91B,$0.04B,4.17%,$0.91B,$0.04B,4.61%,$0.91B,$0.04B,4.17%,$0.91B,$0.03B,3.07%,$0.03B,$0.18B,17.55%,$0.03B,$0.18B,17.61%,$0.03B,$0.19B,16.45%,$0.04B,$0.18B,23.82%,$221,$216,$6,$0,$1,$217,$4,$-0,$4,$1,$3,$3,$3,$5,$4,$61,61,$0.05,$0.05,$23,$144,$1,$176,$11,$0,$1,$0,$12,$188,$10,$0,$0,$0,$10,$0,$97,$11,$178,$188,$3,$0,$2,$3,$1,$4,$0,$-1,$2,$8,$-0,$0,$0,$0,$0,$0,$0,$-0,$0,$0,$0,$13,$13,$0,$-3,$10,$18,$0,$0
23,2012-12-31,1.08,$2.96,0.36,$16.83,0.06,$-0.47,0.0,$0.60,1.8,$0.16B,$0.01B,14.27,$0.00B,$0.16B,0.0,$0.92B,$0.05B,5.68%,$0.92B,$0.04B,4.81%,$0.92B,$0.04B,4.81%,$0.92B,$0.05B,5.14%,$0.92B,$0.04B,4.81%,$0.92B,$0.03B,3.50%,$0.03B,$0.16B,21.51%,$0.03B,$0.16B,21.59%,$0.03B,$0.17B,20.06%,$0.04B,$0.16B,29.58%,$201,$190,$12,$0,$2,$191,$10,$-0,$10,$3,$7,$7,$7,$11,$10,$54,54,$0.13,$0.14,$3,$150,$0,$160,$12,$0,$1,$0,$12,$173,$11,$0,$0,$0,$11,$0,$94,$10,$162,$173,$33,$1,$1,$3,$0,$-42,$0,$-2,$-42,$-7,$-0,$0,$0,$0,$0,$0,$0,$-0,$0,$0,$0,$1,$1,$0,$0,$1,$-6,$1,$0
24,2012-09-30,1.33,$2.87,0.46,$16.46,0.08,$-0.77,0.0,$0.52,2.57,$0.15B,$0.01B,14.02,$0.00B,$0.15B,0.0,$0.88B,$0.05B,5.33%,$0.88B,$0.04B,4.42%,$0.88B,$0.04B,4.42%,$0.88B,$0.04B,4.65%,$0.88B,$0.04B,4.42%,$0.88B,$0.03B,3.17%,$0.03B,$0.15B,20.00%,$0.03B,$0.15B,20.07%,$0.03B,$0.17B,18.64%,$0.04B,$0.15B,27.86%,$221,$208,$13,$0,$1,$209,$11,$-0,$11,$3,$8,$8,$8,$12,$11,$54,54,$0.16,$0.15,$2,$142,$0,$152,$12,$0,$1,$0,$13,$165,$11,$0,$0,$0,$11,$0,$86,$11,$154,$165,$25,$1,$1,$2,$1,$-34,$0,$-3,$-34,$-7,$-0,$0,$0,$0,$0,$0,$0,$-0,$0,$0,$0,$0,$0,$0,$0,$0,$-7,$1,$0
25,2012-06-30,1.6,$2.69,0.59,$16.54,0.1,$-1.06,0.0,$0.55,2.9,$0.14B,$0.01B,12.61,$0.00B,$0.14B,0.0,$0.87B,$0.05B,5.50%,$0.87B,$0.04B,4.70%,$0.87B,$0.04B,4.70%,$0.87B,$0.04B,4.82%,$0.87B,$0.04B,4.70%,$0.87B,$0.03B,3.33%,$0.03B,$0.14B,21.97%,$0.03B,$0.14B,22.10%,$0.03B,$0.16B,20.64%,$0.04B,$0.14B,31.06%,$268,$254,$15,$0,$2,$255,$13,$-0,$13,$4,$10,$10,$10,$14,$13,$53,55,$0.18,$0.18,$4,$129,$0,$142,$12,$0,$1,$0,$13,$155,$11,$0,$0,$0,$11,$0,$78,$9,$144,$155,$17,$1,$1,$1,$0,$-22,$0,$-0,$-23,$-5,$-0,$0,$0,$0,$0,$0,$0,$-0,$0,$0,$0,$0,$0,$0,$0,$0,$-5,$1,$0
26,2012-03-31,1.4,$2.54,0.55,$16.56,0.08,$-1.33,0.0,$0.53,2.64,$0.13B,$0.01B,13.31,$0.00B,$0.14B,0.0,$0.86B,$0.05B,5.26%,$0.86B,$0.04B,4.67%,$0.86B,$0.04B,4.67%,$0.86B,$0.04B,4.67%,$0.86B,$0.04B,4.67%,$0.86B,$0.03B,3.15%,$0.03B,$0.14B,21.82%,$0.03B,$0.14B,21.95%,$0.03B,$0.15B,20.69%,$0.04B,$0.14B,32.32%,$225,$213,$12,$0,$1,$215,$10,$-0,$10,$3,$7,$7,$7,$10,$10,$53,54,$0.14,$0.13,$3,$123,$0,$132,$13,$0,$1,$0,$13,$145,$10,$0,$0,$0,$10,$0,$68,$11,$135,$145,$7,$0,$0,$1,$1,$-15,$0,$-0,$-14,$-6,$-0,$0,$0,$0,$0,$0,$0,$-0,$0,$0,$0,$0,$0,$0,$0,$0,$-6,$0,$0
27,2011-12-31,1.07,$2.39,0.45,$15.60,0.07,$-1.67,0.0,$0.51,2.1,$0.12B,$0.01B,13.29,$0.00B,$0.13B,0.0,$0.79B,$0.04B,5.32%,$0.79B,$0.04B,4.82%,$0.79B,$0.04B,4.82%,$0.79B,$0.04B,4.82%,$0.79B,$0.04B,4.82%,$0.79B,$0.03B,3.17%,$0.03B,$0.13B,21.74%,$0.03B,$0.13B,21.88%,$0.03B,$0.14B,20.53%,$0.04B,$0.13B,33.04%,$168,$162,$7,$0,$2,$164,$5,$-0,$5,$1,$3,$3,$3,$5,$5,$50,51,$0.06,$0.07,$9,$108,$0,$123,$13,$0,$1,$0,$14,$136,$9,$0,$0,$0,$9,$0,$61,$10,$127,$136,$27,$1,$1,$2,$0,$-49,$0,$-1,$-51,$-22,$-0,$0,$0,$0,$0,$0,$0,$-0,$0,$0,$0,$20,$20,$0,$1,$21,$-0,$1,$0
28,2011-09-30,1.17,$2.43,0.48,$16.47,0.07,$-1.18,0.0,$0.57,2.06,$0.11B,$0.01B,23.56,$0.00B,$0.12B,0.0,$0.81B,$0.05B,5.58%,$0.81B,$0.04B,5.09%,$0.81B,$0.04B,5.09%,$0.81B,$0.04B,5.09%,$0.81B,$0.04B,5.09%,$0.81B,$0.03B,3.35%,$0.03B,$0.12B,26.54%,$0.03B,$0.12B,26.73%,$0.03B,$0.13B,24.83%,$0.04B,$0.12B,40.29%,$211,$197,$14,$0,$1,$198,$13,$0,$13,$3,$10,$10,$9,$13,$13,$50,51,$0.19,$0.18,$3,$104,$0,$113,$13,$0,$1,$0,$14,$126,$5,$0,$0,$0,$5,$0,$58,$9,$122,$126,$24,$1,$0,$1,$1,$-46,$0,$-1,$-47,$-21,$-0,$0,$0,$0,$0,$0,$0,$-0,$0,$-6,$-6,$20,$20,$0,$1,$15,$-6,$0,$0
29,2011-06-30,1.36,$2.22,0.61,$16.15,0.08,$-0.76,0.0,$0.51,2.67,$0.10B,$0.01B,21.37,$0.00B,$0.11B,0.0,$0.77B,$0.04B,5.23%,$0.77B,$0.04B,4.58%,$0.77B,$0.04B,4.58%,$0.77B,$0.04B,4.58%,$0.77B,$0.04B,4.58%,$0.77B,$0.02B,3.01%,$0.02B,$0.11B,26.14%,$0.02B,$0.11B,26.29%,$0.02B,$0.12B,23.65%,$0.04B,$0.11B,39.77%,$252,$240,$12,$0,$1,$240,$12,$-0,$12,$3,$9,$9,$8,$12,$12,$50,51,$0.17,$0.16,$6,$89,$0,$102,$13,$0,$1,$0,$14,$115,$5,$0,$0,$0,$5,$0,$48,$7,$111,$115,$14,$1,$0,$1,$0,$-32,$0,$0,$-34,$-19,$-0,$0,$0,$0,$0,$0,$0,$-0,$0,$-5,$-5,$20,$20,$0,$0,$15,$-4,$0,$0
30,2011-03-31,2.3,$2.01,1.14,$13.63,0.17,$-0.45,0.0,$0.35,6.58,$0.10B,$0.01B,10.38,$0.00B,$0.10B,0.0,$0.62B,$0.04B,5.64%,$0.62B,$0.03B,4.67%,$0.62B,$0.03B,4.67%,$0.62B,$0.03B,4.83%,$0.62B,$0.03B,4.67%,$0.62B,$0.02B,3.06%,$0.02B,$0.10B,25.17%,$0.02B,$0.10B,25.33%,$0.02B,$0.11B,21.97%,$0.03B,$0.10B,38.41%,$158,$149,$9,$0,$1,$150,$8,$-0,$8,$2,$6,$6,$5,$8,$8,$48,50,$0.11,$0.11,$7,$82,$0,$96,$13,$0,$1,$0,$14,$110,$9,$0,$0,$0,$9,$0,$40,$6,$100,$110,$6,$0,$1,$1,$1,$-26,$0,$0,$-29,$-22,$-0,$0,$0,$0,$0,$0,$0,$-0,$0,$0,$0,$20,$20,$0,$0,$20,$-2,$0,$0
31,2010-12-31,3.83,$1.74,2.21,$11.86,0.32,$0.16,23.66,$0.34,11.27,$0.07B,$0.01B,6.7,$0.00B,$0.07B,0.0,$0.52B,$0.03B,6.11%,$0.52B,$0.03B,5.15%,$0.52B,$0.03B,5.15%,$0.52B,$0.03B,5.34%,$0.52B,$0.03B,4.96%,$0.52B,$0.02B,3.44%,$0.02B,$0.07B,27.91%,$0.02B,$0.07B,28.24%,$0.02B,$0.08B,23.84%,$0.03B,$0.07B,41.86%,$185,$175,$10,$0,$2,$177,$8,$0,$8,$2,$6,$6,$5,$8,$8,$42,44,$0.13,$0.12,$9,$55,$0,$70,$13,$0,$1,$0,$14,$84,$11,$0,$0,$0,$11,$0,$35,$5,$74,$84,$19,$1,$0,$1,$-1,$-22,$0,$2,$-18,$2,$-0,$0,$0,$0,$0,$0,$0,$-0,$0,$-3,$-3,$0,$0,$0,$1,$-1,$1,$1,$0
32,2010-09-30,8.51,$1.58,5.37,$9.41,0.9,$0.05,187.46,$0.31,27.45,$0.07B,$0.01B,5.27,$0.00B,$0.07B,0.0,$0.40B,$0.03B,7.05%,$0.40B,$0.02B,6.05%,$0.40B,$0.02B,6.05%,$0.40B,$0.03B,6.30%,$0.40B,$0.02B,5.79%,$0.40B,$0.02B,4.03%,$0.02B,$0.07B,27.12%,$0.02B,$0.07B,27.47%,$0.02B,$0.08B,22.86%,$0.02B,$0.07B,40.68%,$170,$161,$9,$0,$2,$163,$7,$-0,$7,$2,$5,$5,$5,$7,$7,$42,44,$0.11,$0.10,$9,$51,$0,$65,$14,$0,$1,$0,$14,$80,$12,$0,$0,$0,$12,$0,$30,$4,$67,$80,$13,$1,$1,$2,$0,$-18,$0,$-0,$-15,$0,$-0,$0,$0,$0,$0,$0,$0,$-0,$0,$0,$0,$0,$0,$0,$1,$1,$2,$1,$0
33,2010-06-30,5.17,$0.73,7.11,$8.40,0.61,$0.14,37.09,$0.19,27.19,$0.06B,$0.01B,5.13,$0.00B,$0.06B,0.0,$0.32B,$0.02B,7.17%,$0.32B,$0.02B,6.23%,$0.32B,$0.02B,6.23%,$0.32B,$0.02B,6.85%,$0.32B,$0.02B,5.92%,$0.32B,$0.01B,4.05%,$0.01B,$0.06B,30.77%,$0.01B,$0.06B,31.33%,$0.01B,$0.07B,26.00%,$0.02B,$0.06B,47.34%,$108,$101,$7,$0,$1,$102,$6,$-0,$6,$2,$5,$5,$4,$7,$6,$42,44,$0.10,$0.10,$7,$45,$0,$58,$14,$0,$0,$0,$14,$72,$11,$0,$0,$0,$11,$0,$25,$4,$61,$72,$9,$1,$0,$1,$0,$-13,$0,$-0,$-12,$-3,$-0,$0,$0,$0,$0,$0,$0,$-0,$0,$0,$0,$0,$0,$0,$1,$1,$-1,$0,$0
34,2010-03-31,1.78,$1.34,1.34,$6.89,0.26,$0.45,3.94,$0.19,9.39,$0.05B,$0.01B,4.93,$0.00B,$0.06B,0.0,$0.27B,$0.02B,6.96%,$0.27B,$0.02B,5.86%,$0.27B,$0.02B,5.86%,$0.27B,$0.02B,6.59%,$0.27B,$0.02B,5.49%,$0.27B,$0.01B,3.66%,$0.01B,$0.06B,37.04%,$0.01B,$0.06B,37.74%,$0.01B,$0.07B,31.25%,$0.02B,$0.06B,59.26%,$61,$54,$6,$0,$0,$55,$6,$-0,$5,$1,$4,$4,$4,$6,$6,$42,43,$0.09,$0.09,$17,$30,$0,$52,$14,$0,$0,$0,$14,$66,$11,$0,$0,$0,$11,$0,$20,$3,$56,$66,$4,$0,$0,$0,$0,$2,$0,$0,$3,$7,$-0,$0,$0,$0,$0,$0,$0,$-0,$0,$0,$0,$0,$0,$0,$0,$0,$7,$0,$0
35,2009-12-31,1.11,$1.24,0.9,$6.72,0.17,$0.48,2.33,$0.09,12.32,$0.05B,$0.01B,4.45,$0.00B,$0.05B,0.0,$0.25B,$0.02B,6.40%,$0.25B,$0.01B,5.20%,$0.25B,$0.01B,5.20%,$0.25B,$0.02B,6.00%,$0.25B,$0.01B,4.80%,$0.25B,$0.01B,3.20%,$0.01B,$0.05B,61.54%,$0.01B,$0.05B,62.75%,$0.01B,$0.06B,51.61%,$0.01B,$0.05B,100.00%,$58,$52,$6,$0,$1,$53,$5,$-0,$5,$1,$3,$3,$3,$5,$5,$33,33,$0.11,$0.11,$9,$32,$0,$48,$14,$0,$0,$0,$15,$62,$11,$0,$0,$0,$11,$0,$17,$3,$52,$62,$9,$1,$0,$2,$1,$-7,$0,$0,$-13,$-2,$-0,$0,$0,$0,$0,$0,$0,$-0,$0,$-5,$-5,$5,$5,$0,$11,$10,$8,$0,$0
36,2009-09-30,0.06,$0.06,1.0,$4.97,0.01,$0.54,0.1,0,0.0,$0.00B,$0.00B,59.8,$0.00B,$0.00B,0.0,$0.19B,$0.01B,5.21%,$0.19B,$-0.09B,-47.92%,$0.19B,$0.02B,9.38%,$0.19B,$-0.09B,-46.88%,$0.19B,$0.02B,7.81%,$0.19B,$0.01B,5.73%,$0.01B,$0.00B,157.14%,$0.01B,$0.00B,157.14%,$0.01B,$0.00B,97.78%,$-0.09B,$0.00B,-1314.29%,$94,$90,$4,$0,$0,$90,$3,$-0,$3,$1,$2,$2,$2,$4,$3,$33,33,$0.07,$0.07,$0,$0,$0,$0,$0,$0,$0,$0,$0,$0,$0,$0,$0,$0,$0,$0,$-7,$0,$0,$0,$6,$1,$0,$1,$1,$1,$0,$0,$-4,$3,$-0,$0,$0,$0,$0,$0,$0,$-0,$0,$-5,$-5,$0,$0,$0,$9,$4,$7,$0,$0
37,2009-06-30,0.09,$0.06,1.57,$2.14,0.04,$0.44,0.21,0,0.0,$0.00B,$0.00B,32.27,$0.00B,$0.00B,0.0,$0.10B,$0.01B,6.12%,$0.10B,$-0.10B,-96.94%,$0.10B,$0.02B,15.31%,$0.10B,$-0.09B,-95.92%,$0.10B,$0.01B,12.24%,$0.10B,$0.01B,9.18%,$0.01B,$0.00B,128.57%,$0.01B,$0.00B,128.57%,$0.01B,$0.00B,80.00%,$-0.10B,$0.00B,-1357.14%,$60,$58,$3,$0,$0,$58,$2,$-0,$2,$1,$2,$2,$1,$3,$2,$66,66,$0.02,$0.02,$0,$0,$0,$0,$0,$0,$0,$0,$0,$0,$0,$0,$0,$0,$0,$0,$-7,$0,$0,$0,$3,$1,$0,$1,$1,$13,$0,$0,$13,$17,$-0,$0,$0,$0,$0,$0,$0,$-0,$0,$0,$0,$0,$0,$0,$1,$2,$18,$0,$0
38,2009-03-31,0.09,$0.06,1.53,$1.22,0.08,$0.19,0.49,0,0.0,$0.00B,$0.00B,64.83,$0.00B,$0.00B,0.0,$0.04B,$0.00B,7.89%,$0.04B,$-0.10B,-255.26%,$0.04B,$0.01B,34.21%,$0.04B,$-0.10B,-255.26%,$0.04B,$0.01B,26.32%,$0.04B,$0.01B,21.05%,$0.01B,$0.00B,114.29%,$0.01B,$0.00B,114.29%,$0.01B,$0.00B,71.11%,$-0.10B,$0.00B,-1385.71%,$38,$35,$3,$0,$0,$35,$3,$-0,$2,$1,$2,$2,$2,$3,$3,$31,31,$0.06,$0.06,$0,$0,$0,$0,$0,$0,$0,$0,$0,$0,$0,$0,$0,$0,$0,$0,$-7,$0,$0,$0,$2,$0,$0,$0,$3,$3,$0,$0,$4,$6,$-0,$0,$0,$0,$0,$0,$0,$-0,$0,$0,$0,$0,$0,$0,$0,$0,$6,$0,$0
39,2008-12-31,0.06,$0.85,0.07,0,0.0,0,0.0,0,0.0,$0.03B,$0.02B,1.71,$0.00B,$0.03B,0.0,$0.00B,0,nan%,$0.00B,$-0.10B,inf%,$0.00B,$0.01B,inf%,$0.00B,$-0.10B,inf%,$0.00B,$0.01B,inf%,$0.00B,$0.01B,inf%,$0.01B,$0.03B,85.71%,$0.01B,$0.03B,85.71%,$0.01B,$0.05B,53.33%,$-0.10B,$0.03B,-1428.57%,$0,$0,$0,$0,$1,$100,$-100,$0,$8,$0,$6,$6,$6,$-100,$10,$33,0,$0.19,$0.00,$3,$25,$0,$29,$15,$0,$1,$0,$16,$45,$17,$0,$0,$0,$17,$0,$8,$3,$28,$45,$6,$1,$0,$1,$1,$-14,$0,$3,$-9,$-2,$-0,$0,$0,$0,$0,$0,$0,$-0,$0,$0,$0,$0,$0,$0,$-3,$-3,$-5,$0,$0
40,2008-09-30,0.56,$0.07,8.55,0,0.0,0,0.0,0,0.0,$0.00B,$0.00B,69.7,$0.00B,$0.00B,0.0,$0.00B,0,nan%,$0.00B,0,nan%,$0.00B,0,nan%,$0.00B,0,nan%,$0.00B,0,nan%,$0.00B,0,nan%,$0.00B,$0.00B,nan%,$0.00B,$0.00B,nan%,$0.00B,$0.00B,nan%,$0.00B,$0.00B,nan%,$0,$0,$0,$0,$0,$0,$-0,$0,$-0,$0,$-0,$-0,$-0,$-0,$-0,$3,0,$-0.00,$0.00,$0,$0,$0,$0,$0,$0,$0,$0,$0,$0,$0,$0,$0,$0,$0,$0,$-7,$0,$0,$0,$-0,$0,$0,$0,$0,$0,$0,$0,$-0,$-0,$0,$0,$0,$0,$0,$0,$0,$0,$0,$0,$0,$0,$0,$0,$0,$0,$-0,$0,$0
41,2008-06-30,0.39,$0.07,5.84,0,0.0,0,0.0,0,0.0,$0.00B,$0.00B,71.3,$0.00B,$0.00B,0.0,$0.00B,0,nan%,$0.00B,0,nan%,$0.00B,0,nan%,$0.00B,0,nan%,$0.00B,0,nan%,$0.00B,0,nan%,$0.00B,$0.00B,nan%,$0.00B,$0.00B,nan%,$0.00B,$0.00B,nan%,$0.00B,$0.00B,nan%,$0,$0,$0,$0,$0,$0,$-0,$0,$-0,$0,$-0,$-0,$-0,$-0,$-0,$3,0,$-0.00,$0.00,$0,$0,$0,$0,$0,$0,$0,$0,$0,$0,$0,$0,$0,$0,$0,$0,$-7,$0,$0,$0,$-0,$0,$0,$0,$0,$0,$0,$0,$-0,$-0,$0,$0,$0,$0,$0,$0,$0,$0,$0,$0,$0,$0,$0,$0,$0,$0,$-0,$0,$0
42,2008-03-31,0.39,$0.07,5.64,0,0.0,0,0.0,0,0.0,$0.00B,$0.00B,20.0,$0.00B,$0.00B,0.0,$0.00B,0,nan%,$0.00B,0,nan%,$0.00B,0,nan%,$0.00B,0,nan%,$0.00B,0,nan%,$0.00B,0,nan%,$0.00B,$0.00B,nan%,$0.00B,$0.00B,nan%,$0.00B,$0.00B,nan%,$0.00B,$0.00B,nan%,$0,$0,$0,$0,$0,$0,$-0,$0,$-0,$0,$-0,$-0,$-0,$-0,$-0,$3,0,$-0.00,$0.00,$0,$0,$0,$0,$0,$0,$0,$0,$0,$0,$0,$0,$0,$0,$0,$0,$-7,$0,$0,$0,$-0,$0,$0,$0,$0,$0,$0,$0,$0,$-0,$0,$0,$0,$0,$0,$0,$0,$0,$0,$0,$0,$0,$0,$0,$0,$0,$-0,$0,$0
43,2007-12-31,0.56,$0.07,7.85,0,0.0,0,0.0,0,0.0,$0.00B,$0.00B,27.4,$0.00B,$0.00B,0.0,$0.00B,0,nan%,$0.00B,0,nan%,$0.00B,0,nan%,$0.00B,0,nan%,$0.00B,0,nan%,$0.00B,0,nan%,$0.00B,$0.00B,nan%,$0.00B,$0.00B,nan%,$0.00B,$0.00B,nan%,$0.00B,$0.00B,nan%,$0,$0,$0,$0,$0,$0,$-0,$0,$-0,$0,$-0,$-0,$-0,$-0,$-0,$3,0,$-0.00,$0.00,$0,$0,$0,$0,$0,$0,$0,$0,$0,$0,$0,$0,$0,$0,$0,$0,$-7,$0,$0,$0,$-0,$0,$0,$0,$0,$0,$0,$0,$0,$-0,$0,$0,$0,$0,$0,$0,$0,$0,$0,$0,$0,$0,$0,$0,$0,$0,$-0,$0,$0
44,2007-09-30,1.03,$0.08,13.23,0,0.0,0,0.0,0,0.0,$0.00B,$0.00B,82.33,$0.00B,$0.00B,0.0,$0.00B,0,nan%,$0.00B,0,nan%,$0.00B,0,nan%,$0.00B,0,nan%,$0.00B,0,nan%,$0.00B,0,nan%,$0.00B,$0.00B,nan%,$0.00B,$0.00B,nan%,$0.00B,$0.00B,nan%,$0.00B,$0.00B,nan%,$0,$0,$0,$0,$0,$0,$-0,$0,$-0,$0,$-0,$-0,$-0,$-0,$-0,$3,0,$-0.11,$0.00,$0,$0,$0,$0,$0,$0,$0,$0,$0,$0,$0,$0,$0,$0,$0,$0,$-7,$0,$0,$0,$-0,$0,$0,$0,$0,$0,$0,$0,$-0,$-0,$0,$0,$0,$0,$0,$0,$0,$0,$0,$0,$0,$0,$0,$0,$0,$0,$0,$0,$0
45,2007-06-30,1.03,$0.09,12.06,0,0.0,0,0.0,0,0.0,$0.00B,$0.00B,76.93,$0.00B,$0.00B,0.0,$0.00B,0,nan%,$0.00B,0,nan%,$0.00B,0,nan%,$0.00B,0,nan%,$0.00B,0,nan%,$0.00B,0,nan%,$0.00B,$0.00B,nan%,$0.00B,$0.00B,nan%,$0.00B,$0.00B,nan%,$0.00B,$0.00B,nan%,$0,$0,$0,$0,$0,$0,$-0,$0,$-0,$0,$-0,$-0,$-0,$-0,$-0,$3,0,$-0.00,$0.00,$0,$0,$0,$0,$0,$0,$0,$0,$0,$0,$0,$0,$0,$0,$0,$0,$-7,$0,$0,$0,$-0,$0,$0,$0,$0,$0,$0,$0,$-0,$-0,$0,$0,$0,$0,$0,$0,$0,$0,$0,$0,$0,$0,$0,$0,$0,$0,$-0,$0,$0
46,2007-03-31,1.13,$0.09,12.82,0,0.0,0,0.0,0,0.0,$0.00B,$0.00B,21.31,$0.00B,$0.00B,0.0,$0.00B,0,nan%,$0.00B,0,nan%,$0.00B,0,nan%,$0.00B,0,nan%,$0.00B,0,nan%,$0.00B,0,nan%,$0.00B,$0.00B,nan%,$0.00B,$0.00B,nan%,$0.00B,$0.00B,nan%,$0.00B,$0.00B,nan%,$0,$0,$0,$0,$0,$0,$-0,$0,$-0,$0,$-0,$-0,$-0,$-0,$-0,$3,0,$-0.00,$0.00,$0,$0,$0,$0,$0,$0,$0,$0,$0,$0,$0,$0,$0,$0,$0,$0,$-7,$0,$0,$0,$-0,$0,$0,$0,$0,$0,$0,$0,$0,$-0,$0,$0,$0,$0,$0,$0,$0,$0,$0,$0,$0,$0,$0,$0,$0,$0,$-0,$0,$0
47,2006-12-31,1.03,$0.08,13.52,0,0.0,0,0.0,0,0.0,$0.00B,$0.00B,29.08,$0.00B,$0.00B,0.0,$0.00B,0,nan%,$0.00B,0,nan%,$0.00B,0,nan%,$0.00B,0,nan%,$0.00B,0,nan%,$0.00B,0,nan%,$0.00B,$0.00B,nan%,$0.00B,$0.00B,nan%,$0.00B,$0.00B,nan%,$0.00B,$0.00B,nan%,$0,$0,$0,$0,$0,$0,$-0,$0,$-0,$0,$-0,$-0,$-0,$-0,$-0,$3,0,$-0.09,$0.00,$0,$0,$0,$0,$0,$0,$0,$0,$0,$0,$0,$0,$0,$0,$0,$0,$-7,$0,$0,$0,$-1,$0,$1,$1,$0,$0,$0,$0,$0,$-0,$0,$0,$0,$0,$0,$0,$0,$0,$0,$0,$0,$0,$0,$0,$0,$0,$-0,$1,$0
