,Date,Stock Price,Book Value per Share,Price to Book Ratio,TTM Sales per Share,Price to Sales Ratio,TTM FCF per Share,Price to FCF Ratio,TTM Net EPS,PE Ratio,Current Assets,Current Liabilities,Current Ratio,Long Term Debt,Shareholder's Equity_x,Debt to Equity Ratio,TTM Revenue_x,TTM Gross Profit,Gross Margin,TTM Revenue_y,TTM Operating Income,Operating Margin,TTM Revenue_x,TTM EBIT,EBIT Margin,TTM Revenue_y,TTM EBITDA,EBITDA Margin,TTM Revenue_x,TTM Pre-Tax Income,Pre-Tax Margin,TTM Revenue_y,TTM Net Income_x,Net Margin,TTM Net Income_y,Shareholder's Equity_y,Return on Equity,TTM Net Income_x,Tangible Equity,Return on Tangible Equity,TTM Net Income_y,Total Assets,Return on Assets,TTM Net Income,LT Investments & Debt,Return on Investment,revenue,cost-goods-sold,gross-profit,research-development-expenses,selling-general-administrative-expenses,operating-expenses,operating-income,total-non-operating-income-expense,pre-tax-income,total-provision-income-taxes,income-after-taxes,income-from-continuous-operations,net-income,ebitda,ebit,basic-shares-outstanding,shares-outstanding,eps-basic-net-earnings-per-share,eps-earnings-per-share-diluted,cash-on-hand,inventory,other-current-assets,total-current-assets,net-property-plant-equipment,long-term-investments,goodwill-intangible-assets-total,other-long-term-assets,total-long-term-assets,total-assets,total-current-liabilities,long-term-debt,other-non-current-liabilities,total-long-term-liabilities,total-liabilities,common-stock-net,retained-earnings-accumulated-deficit,comprehensive-income,total-share-holder-equity,total-liabilities-share-holders-equity,net-income-loss,total-depreciation-amortization-cash-flow,other-non-cash-items,total-non-cash-items,change-in-accounts-receivable,change-in-inventories,change-in-accounts-payable,change-in-assets-liabilities,total-change-in-assets-liabilities,cash-flow-from-operating-activities,net-change-in-property-plant-equipment,net-change-in-intangible-assets,net-acquisitions-divestitures,net-change-in-short-term-investments,net-change-in-long-term-investments,net-change-in-investments-total,investing-activities-other,cash-flow-from-investing-activities,net-long-term-debt,net-current-debt,debt-issuance-retirement-net-total,net-common-equity-issued-repurchased,net-total-equity-issued-repurchased,total-common-preferred-stock-dividends-paid,financial-activities-other,cash-flow-from-financial-activities,net-cash-flow,stock-based-compensation,common-stock-dividends-paid
0,2018-09-30,16.74,$12.95,1.29,$2.83,5.92,$4.88,3.43,$1.02,16.41,$0.36B,$0.00B,0.0,$4.89B,$5.46B,0.9,$1.20B,$0.89B,74.06%,$1.20B,$0.37B,30.88%,$1.20B,$0.37B,30.88%,$1.20B,$0.69B,57.74%,$1.20B,$0.18B,14.90%,$1.20B,$0.44B,36.82%,$0.44B,$5.46B,8.01%,$0.44B,$5.46B,8.01%,$0.44B,$11.11B,3.86%,$0.37B,$10.34B,3.47%,$283,$80,$203,$0,$21,$181,$102,$-52,$51,$-0,$51,$72,$86,$177,$102,$419,420,$0.19,$0.19,$146,$0,$0,$359,$9584,$0,$0,$1167,$10750,$11110,$0,$4887,$746,$5653,$5653,$4,$-743,$0,$5456,$11110,$411,$236,$-116,$121,$6,$0,$0,$-47,$-15,$516,$223,$0,$-5,$1,$-8,$-8,$21,$231,$-497,$122,$-375,$-42,$-42,$-397,$-25,$-839,$-92,$0,$-397
1,2018-06-30,16.7,$13.03,1.28,$2.85,5.86,$3.59,4.65,$1.07,15.61,$0.52B,$0.00B,0.0,$5.07B,$5.49B,0.92,$1.21B,$0.90B,74.15%,$1.21B,$0.37B,30.41%,$1.21B,$0.37B,30.41%,$1.21B,$0.70B,58.08%,$1.21B,$0.18B,14.83%,$1.21B,$0.46B,37.78%,$0.46B,$5.49B,8.32%,$0.46B,$5.49B,8.32%,$0.46B,$11.29B,3.95%,$0.37B,$10.56B,3.40%,$293,$81,$212,$0,$24,$209,$84,$-43,$41,$-1,$42,$71,$151,$164,$84,$421,422,$0.36,$0.36,$306,$0,$0,$517,$9657,$0,$0,$1118,$10775,$11292,$0,$5069,$718,$5803,$5803,$4,$-711,$0,$5489,$11292,$310,$161,$-100,$61,$9,$0,$0,$-23,$-19,$352,$221,$0,$-5,$0,$0,$0,$12,$228,$-188,$-8,$-196,$-42,$-42,$-265,$-10,$-513,$67,$0,$-265
2,2018-03-31,13.88,$12.95,1.07,$2.85,4.86,$2.56,5.42,$1.02,13.61,$0.42B,$0.00B,0.0,$5.10B,$5.50B,0.93,$1.21B,$0.90B,73.99%,$1.21B,$0.35B,28.82%,$1.21B,$0.35B,28.82%,$1.21B,$0.70B,57.64%,$1.21B,$0.16B,13.13%,$1.21B,$0.44B,36.09%,$0.44B,$5.50B,8.00%,$0.44B,$5.50B,8.00%,$0.44B,$11.37B,3.77%,$0.35B,$10.60B,3.22%,$304,$87,$217,$0,$22,$200,$104,$-44,$60,$0,$60,$87,$130,$185,$104,$423,425,$0.30,$0.30,$218,$0,$0,$424,$9829,$0,$0,$1120,$10948,$11373,$0,$5097,$757,$5870,$5870,$4,$-744,$-0,$5502,$11373,$144,$81,$-36,$45,$5,$0,$0,$-12,$3,$192,$136,$0,$-55,$0,$-2,$-2,$0,$79,$-165,$0,$-165,$9,$9,$-130,$-6,$-292,$-20,$0,$-130
3,2017-12-31,17.49,$12.97,1.35,$2.83,6.18,$2.10,8.31,$0.87,20.11,$0.45B,$0.00B,0.0,$5.48B,$5.52B,0.99,$1.20B,$0.89B,74.02%,$1.20B,$0.34B,28.14%,$1.20B,$0.34B,28.14%,$1.20B,$0.70B,58.12%,$1.20B,$0.15B,12.16%,$1.20B,$0.37B,30.97%,$0.37B,$5.52B,6.85%,$0.37B,$5.52B,6.85%,$0.37B,$11.76B,3.22%,$0.34B,$11.00B,3.13%,$315,$62,$253,$0,$55,$236,$79,$-53,$26,$1,$24,$53,$73,$164,$79,$424,424,$0.17,$0.17,$239,$0,$0,$450,$10220,$0,$0,$1093,$11314,$11764,$0,$5479,$747,$6242,$6242,$4,$-761,$-1,$5522,$11764,$440,$361,$-143,$218,$-8,$0,$0,$-40,$-43,$614,$-196,$0,$-154,$-7,$61,$54,$1,$-294,$-2,$-17,$-19,$441,$216,$-506,$86,$-224,$96,$0,$-506
4,2017-09-30,18.3,$12.71,1.44,$2.79,6.55,$2.63,6.97,$0.86,21.28,$0.36B,$0.00B,0.0,$5.55B,$5.41B,1.03,$1.18B,$0.85B,71.94%,$1.18B,$0.33B,27.98%,$1.18B,$0.33B,27.98%,$1.18B,$0.70B,58.92%,$1.18B,$0.15B,12.76%,$1.18B,$0.37B,30.94%,$0.37B,$5.41B,6.78%,$0.37B,$5.41B,6.78%,$0.37B,$11.70B,3.20%,$0.33B,$10.96B,3.10%,$295,$81,$213,$0,$22,$195,$100,$-48,$52,$-1,$53,$82,$102,$188,$100,$424,424,$0.24,$0.24,$157,$0,$0,$361,$10133,$0,$0,$1208,$11341,$11702,$0,$5551,$727,$6294,$6294,$4,$-716,$-2,$5408,$11702,$355,$276,$-138,$138,$-0,$0,$0,$-37,$0,$494,$-292,$0,$-10,$-7,$31,$23,$1,$-278,$305,$-0,$305,$219,$-6,$-381,$-119,$-201,$14,$0,$-381
5,2017-06-30,16.93,$12.75,1.33,$2.78,6.1,$3.07,5.51,$0.49,34.56,$0.34B,$0.00B,0.0,$5.39B,$5.43B,0.99,$1.17B,$0.85B,72.46%,$1.17B,$0.31B,26.17%,$1.17B,$0.31B,26.17%,$1.17B,$0.68B,58.14%,$1.17B,$0.09B,7.42%,$1.17B,$0.21B,17.82%,$0.21B,$5.43B,3.87%,$0.21B,$5.43B,3.87%,$0.21B,$11.56B,1.85%,$0.31B,$10.82B,2.91%,$297,$84,$213,$0,$20,$231,$66,$-45,$21,$-1,$22,$135,$132,$161,$66,$424,425,$0.31,$0.31,$143,$0,$0,$343,$9962,$0,$0,$1254,$11216,$11558,$0,$5390,$646,$6133,$6133,$4,$-710,$6,$5426,$11558,$233,$187,$-90,$97,$5,$0,$0,$-25,$-30,$300,$-162,$0,$-10,$-8,$32,$24,$1,$-147,$-322,$450,$128,$1,$1,$-253,$-28,$-152,$1,$0,$-253
6,2017-03-31,20.14,$12.59,1.6,$2.77,7.26,$3.34,6.02,$0.64,31.47,$0.37B,$0.00B,0.0,$5.13B,$5.36B,0.96,$1.17B,$0.86B,73.44%,$1.17B,$0.30B,25.28%,$1.17B,$0.30B,25.28%,$1.17B,$0.66B,56.30%,$1.17B,$0.07B,5.83%,$1.17B,$0.27B,23.05%,$0.27B,$5.36B,4.97%,$0.27B,$5.36B,4.97%,$0.27B,$11.25B,2.39%,$0.30B,$10.48B,2.81%,$294,$84,$210,$0,$22,$201,$93,$-45,$47,$-0,$48,$77,$65,$185,$93,$423,424,$0.15,$0.15,$167,$0,$0,$366,$9737,$0,$0,$1145,$10882,$11248,$0,$5125,$667,$5889,$5889,$4,$-727,$6,$5360,$11248,$78,$92,$-6,$86,$6,$0,$0,$-21,$-7,$157,$-22,$0,$-44,$0,$0,$1,$0,$-65,$86,$-15,$71,$1,$1,$-126,$-12,$-67,$25,$0,$-126
7,2016-12-31,22.94,$12.71,1.8,$2.80,8.19,$3.42,6.71,$0.80,28.67,$0.35B,$0.15B,2.38,$5.07B,$5.40B,0.94,$1.17B,$0.87B,74.53%,$1.17B,$0.30B,25.73%,$1.17B,$0.30B,25.73%,$1.17B,$0.66B,56.07%,$1.17B,$0.07B,5.81%,$1.17B,$0.33B,28.46%,$0.33B,$5.40B,6.17%,$0.33B,$5.40B,6.17%,$0.33B,$11.23B,2.95%,$0.30B,$10.47B,2.87%,$297,$82,$215,$0,$27,$225,$72,$-41,$31,$-1,$32,$70,$67,$163,$72,$418,420,$0.15,$0.15,$142,$0,$0,$348,$9730,$0,$0,$1006,$10883,$11231,$146,$5066,$529,$5682,$5828,$4,$-677,$6,$5403,$11231,$386,$355,$-93,$262,$-7,$0,$0,$-42,$-56,$592,$41,$0,$-203,$-1,$-4,$-5,$332,$165,$-582,$26,$-555,$307,$307,$-474,$-83,$-805,$-47,$0,$-474
8,2016-09-30,25.87,$12.78,2.02,$2.82,9.17,$3.68,7.03,$1.51,17.14,$0.37B,$0.00B,0.0,$5.00B,$5.43B,0.92,$1.17B,$0.88B,74.70%,$1.17B,$0.31B,26.49%,$1.17B,$0.31B,26.49%,$1.17B,$0.66B,56.39%,$1.17B,$0.07B,5.71%,$1.17B,$0.63B,53.32%,$0.63B,$5.43B,11.71%,$0.63B,$5.43B,11.71%,$0.63B,$11.21B,5.54%,$0.31B,$10.43B,2.95%,$285,$73,$212,$0,$28,$209,$76,$-88,$-12,$61,$-73,$-51,$-55,$173,$76,$420,420,$-0.13,$-0.13,$171,$0,$0,$366,$9682,$0,$0,$1158,$10841,$11206,$0,$5000,$687,$5774,$5774,$4,$-629,$6,$5432,$11206,$305,$264,$-92,$172,$4,$0,$0,$-61,$-33,$445,$-58,$0,$-52,$-1,$32,$31,$327,$248,$-829,$226,$-603,$307,$307,$-354,$-62,$-712,$-19,$0,$-354
9,2016-06-30,27.82,$12.96,2.15,$2.84,9.79,$2.69,10.34,$1.79,15.54,$0.53B,$0.00B,0.0,$5.19B,$5.45B,0.95,$1.18B,$0.88B,74.68%,$1.18B,$0.31B,26.34%,$1.18B,$0.31B,26.34%,$1.18B,$0.67B,56.75%,$1.18B,$0.11B,9.09%,$1.18B,$0.74B,63.21%,$0.74B,$5.45B,14.15%,$0.74B,$5.45B,14.15%,$0.74B,$11.39B,6.56%,$0.31B,$10.63B,2.93%,$291,$72,$220,$0,$30,$238,$54,$-51,$2,$-0,$2,$166,$192,$136,$54,$418,419,$0.46,$0.46,$338,$0,$0,$534,$9465,$0,$0,$1393,$10858,$11392,$0,$5189,$672,$5948,$5948,$4,$-465,$7,$5445,$11392,$347,$168,$-192,$-25,$3,$0,$0,$-104,$-106,$216,$35,$0,$-51,$1,$41,$41,$286,$311,$-394,$100,$-294,$157,$157,$-235,$-6,$-379,$148,$0,$-235
10,2016-03-31,25.29,$12.71,1.99,$2.86,8.85,$1.62,15.59,$1.60,15.81,$0.42B,$0.00B,0.0,$5.16B,$5.32B,0.97,$1.18B,$0.88B,74.32%,$1.18B,$0.35B,29.49%,$1.18B,$0.35B,29.49%,$1.18B,$0.70B,59.66%,$1.18B,$0.18B,14.83%,$1.18B,$0.66B,56.27%,$0.66B,$5.32B,12.82%,$0.66B,$5.32B,12.82%,$0.66B,$11.25B,5.84%,$0.35B,$10.48B,3.29%,$297,$72,$225,$0,$32,$198,$99,$-53,$47,$12,$35,$115,$129,$184,$99,$413,414,$0.31,$0.31,$222,$0,$0,$420,$9346,$0,$0,$1483,$10829,$11249,$0,$5162,$683,$5932,$5932,$4,$-550,$7,$5317,$11249,$142,$85,$-71,$14,$1,$0,$0,$-29,$-19,$137,$27,$0,$-5,$2,$14,$15,$91,$128,$-407,$180,$-227,$111,$111,$-117,$1,$-232,$32,$0,$-117
11,2015-12-31,23.25,$12.53,1.86,$2.82,8.24,$0.44,52.27,$2.00,11.63,$0.39B,$0.15B,2.59,$5.38B,$5.18B,1.04,$1.17B,$0.86B,73.93%,$1.17B,$0.34B,29.42%,$1.17B,$0.34B,29.42%,$1.17B,$0.69B,59.09%,$1.17B,$0.17B,14.58%,$1.17B,$0.83B,71.27%,$0.83B,$5.18B,16.12%,$0.83B,$5.18B,16.12%,$0.83B,$11.34B,7.23%,$0.34B,$10.56B,3.21%,$301,$81,$220,$0,$33,$218,$82,$-53,$30,$48,$-18,$339,$360,$169,$82,$411,413,$0.87,$0.87,$190,$0,$0,$389,$9453,$0,$0,$1350,$10956,$11344,$150,$5376,$549,$6012,$6162,$4,$-572,$6,$5182,$11344,$900,$345,$-644,$-299,$-3,$0,$0,$-104,$-107,$494,$237,$0,$-661,$76,$42,$118,$327,$21,$166,$-100,$66,$19,$-156,$-456,$34,$-513,$2,$0,$-456
12,2015-09-30,21.06,$12.32,1.71,$2.74,7.69,$1.54,13.71,$1.22,17.26,$0.38B,$0.00B,0.0,$5.50B,$5.09B,1.08,$1.13B,$0.84B,73.89%,$1.13B,$0.34B,30.27%,$1.13B,$0.34B,30.27%,$1.13B,$0.67B,59.65%,$1.13B,$0.17B,14.87%,$1.13B,$0.51B,45.04%,$0.51B,$5.09B,10.01%,$0.51B,$5.09B,10.01%,$0.51B,$11.41B,4.54%,$0.34B,$10.59B,3.28%,$288,$74,$214,$0,$27,$213,$75,$-47,$28,$3,$25,$53,$63,$179,$75,$411,413,$0.15,$0.15,$181,$0,$0,$380,$9414,$0,$0,$1620,$11034,$11414,$0,$5499,$733,$6324,$6324,$4,$-833,$-15,$5090,$11414,$521,$258,$-293,$-34,$-0,$0,$0,$-63,$-25,$463,$-493,$0,$-3,$71,$104,$175,$-145,$-465,$-67,$325,$258,$16,$16,$-341,$63,$-4,$-6,$0,$-341
13,2015-06-30,19.23,$12.43,1.55,$2.66,7.23,$2.43,7.92,$1.51,12.73,$0.35B,$0.00B,0.0,$5.54B,$5.14B,1.08,$1.10B,$0.81B,73.93%,$1.10B,$0.36B,32.54%,$1.10B,$0.36B,32.54%,$1.10B,$0.66B,59.80%,$1.10B,$0.18B,16.23%,$1.10B,$0.63B,57.06%,$0.63B,$5.14B,12.47%,$0.63B,$5.14B,12.47%,$0.63B,$11.47B,5.72%,$0.36B,$10.67B,3.51%,$294,$76,$218,$0,$29,$202,$92,$-23,$70,$-4,$73,$101,$112,$172,$92,$411,413,$0.27,$0.27,$146,$0,$0,$347,$9427,$0,$0,$1694,$11121,$11467,$0,$5538,$703,$6332,$6332,$4,$-797,$-2,$5136,$11467,$440,$155,$-271,$-116,$-5,$0,$0,$-33,$-38,$286,$-480,$0,$0,$59,$7,$66,$-65,$-479,$177,$125,$302,$13,$13,$-227,$64,$152,$-41,$0,$-227
14,2015-03-31,22.7,$12.62,1.8,$2.54,8.93,$3.07,7.38,$1.42,15.98,$0.47B,$0.00B,0.0,$5.72B,$5.21B,1.1,$1.05B,$0.78B,73.98%,$1.05B,$0.33B,31.36%,$1.05B,$0.33B,31.36%,$1.05B,$0.62B,58.72%,$1.05B,$0.12B,11.44%,$1.05B,$0.59B,56.15%,$0.59B,$5.21B,11.96%,$0.59B,$5.21B,11.96%,$0.59B,$11.73B,5.55%,$0.33B,$10.93B,3.34%,$283,$74,$210,$0,$33,$189,$94,$-52,$42,$13,$29,$281,$296,$169,$94,$410,415,$0.72,$0.71,$221,$0,$0,$473,$9492,$0,$0,$1769,$11261,$11734,$0,$5721,$714,$6527,$6527,$4,$-810,$51,$5207,$11734,$313,$75,$-229,$-154,$-6,$0,$0,$-1,$5,$163,$-488,$0,$0,$1,$-4,$-4,$-116,$-607,$444,$40,$484,$10,$10,$-113,$98,$478,$34,$0,$-113
15,2014-12-31,21.25,$11.90,1.79,$2.42,8.79,$4.19,5.07,$0.89,23.88,$0.43B,$0.13B,3.35,$4.60B,$4.90B,0.94,$0.99B,$0.74B,73.94%,$0.99B,$0.31B,31.19%,$0.99B,$0.31B,31.19%,$0.99B,$0.58B,58.65%,$0.99B,$0.10B,10.26%,$0.99B,$0.37B,36.72%,$0.37B,$4.90B,7.59%,$0.37B,$4.90B,7.59%,$0.37B,$10.26B,3.60%,$0.31B,$9.50B,3.29%,$265,$71,$193,$0,$28,$184,$81,$-53,$28,$8,$20,$74,$38,$154,$81,$409,411,$0.09,$0.09,$187,$0,$0,$434,$8063,$0,$0,$1607,$9828,$10261,$130,$4596,$543,$5230,$5360,$4,$-1007,$45,$4902,$10261,$436,$273,$-2,$271,$-8,$0,$0,$-68,$-77,$629,$547,$0,$-385,$-8,$103,$95,$-130,$127,$-222,$-94,$-316,$24,$24,$-428,$3,$-717,$39,$0,$-428
16,2014-09-30,18.16,$11.76,1.54,$2.23,8.15,$2.54,7.16,$0.92,19.74,$0.34B,$0.00B,0.0,$4.70B,$4.84B,0.97,$0.92B,$0.68B,73.99%,$0.92B,$0.34B,36.72%,$0.92B,$0.34B,36.72%,$0.92B,$0.60B,65.90%,$0.92B,$0.14B,15.52%,$0.92B,$0.37B,40.87%,$0.37B,$4.84B,7.83%,$0.37B,$4.84B,7.83%,$0.37B,$10.29B,3.74%,$0.34B,$9.53B,3.62%,$255,$66,$190,$0,$29,$165,$90,$-52,$38,$5,$33,$105,$180,$161,$90,$409,411,$0.44,$0.44,$154,$0,$0,$338,$7963,$0,$0,$1992,$9955,$10293,$0,$4697,$669,$5458,$5458,$4,$-946,$-69,$4836,$10293,$385,$200,$-72,$128,$3,$0,$0,$-41,$-3,$510,$-173,$0,$0,$-1,$141,$140,$-39,$-72,$-171,$56,$-115,$16,$16,$-321,$-13,$-432,$5,$0,$-321
17,2014-06-30,18.86,$11.55,1.63,$2.15,8.78,$2.99,6.31,$0.58,32.52,$0.38B,$0.00B,0.0,$4.73B,$4.75B,1.0,$0.88B,$0.65B,74.12%,$0.88B,$0.26B,29.85%,$0.88B,$0.26B,29.85%,$0.88B,$0.52B,59.36%,$0.88B,$0.07B,8.17%,$0.88B,$0.24B,26.67%,$0.24B,$4.75B,4.92%,$0.24B,$4.75B,4.92%,$0.24B,$10.19B,2.37%,$0.26B,$9.48B,2.86%,$246,$63,$183,$0,$29,$181,$64,$-52,$12,$1,$11,$129,$75,$132,$64,$409,413,$0.18,$0.18,$192,$0,$0,$378,$7833,$0,$0,$1980,$9813,$10190,$0,$4730,$620,$5442,$5442,$4,$-1034,$-60,$4749,$10190,$188,$129,$28,$157,$2,$0,$0,$-20,$-19,$326,$-253,$0,$0,$-4,$125,$121,$-40,$-172,$398,$-295,$104,$12,$12,$-214,$-13,$-111,$43,$0,$-214
18,2014-03-31,17.78,$11.55,1.54,$2.11,8.43,$3.26,5.46,$0.49,36.28,$0.45B,$0.00B,0.0,$4.38B,$4.74B,0.92,$0.86B,$0.64B,74.13%,$0.86B,$0.25B,29.00%,$0.86B,$0.25B,29.00%,$0.86B,$0.51B,58.70%,$0.86B,$0.06B,7.19%,$0.86B,$0.20B,22.85%,$0.20B,$4.74B,4.10%,$0.20B,$4.74B,4.10%,$0.20B,$9.83B,2.00%,$0.25B,$9.12B,2.73%,$228,$59,$169,$0,$37,$154,$75,$-51,$24,$9,$15,$76,$72,$136,$75,$408,409,$0.18,$0.18,$269,$0,$0,$451,$7389,$0,$0,$1994,$9383,$9834,$0,$4380,$620,$5091,$5091,$4,$-1016,$-77,$4742,$9834,$96,$62,$14,$76,$6,$0,$0,$-8,$10,$182,$-46,$0,$0,$-4,$57,$52,$-12,$-6,$-79,$132,$54,$3,$3,$-107,$-6,$-56,$120,$0,$-107
19,2013-12-31,16.04,$11.64,1.38,$2.11,7.61,$3.13,5.13,$0.44,36.47,$0.34B,$0.12B,2.76,$4.22B,$4.77B,0.89,$0.86B,$0.64B,74.33%,$0.86B,$0.25B,28.92%,$0.86B,$0.25B,28.92%,$0.86B,$0.51B,58.89%,$0.86B,$0.06B,6.85%,$0.86B,$0.18B,20.67%,$0.18B,$4.77B,3.66%,$0.18B,$4.77B,3.66%,$0.18B,$9.66B,1.79%,$0.25B,$8.99B,2.70%,$186,$51,$135,$0,$31,$79,$107,$-39,$68,$6,$63,$93,$47,$174,$107,$408,409,$0.11,$0.11,$149,$0,$0,$343,$7245,$0,$0,$1900,$9320,$9664,$124,$4221,$462,$4770,$4894,$4,$-996,$-65,$4770,$9664,$241,$258,$142,$400,$7,$0,$0,$-89,$-71,$570,$-76,$0,$0,$-7,$446,$439,$-291,$72,$-169,$-58,$-227,$30,$30,$-400,$-38,$-635,$7,$0,$-400
20,2013-09-30,16.04,$11.82,1.36,$1.95,8.23,$2.85,5.64,$0.46,34.88,$0.61B,$0.00B,0.0,$4.38B,$4.84B,0.91,$0.80B,$0.59B,74.34%,$0.80B,$0.16B,20.13%,$0.80B,$0.16B,20.13%,$0.80B,$0.42B,52.20%,$0.80B,$-0.05B,-5.66%,$0.80B,$0.19B,24.03%,$0.19B,$4.84B,3.90%,$0.19B,$4.84B,3.90%,$0.19B,$9.95B,1.92%,$0.16B,$9.22B,1.73%,$221,$55,$166,$0,$31,$205,$17,$-49,$-32,$24,$-56,$51,$41,$81,$17,$408,409,$0.10,$0.10,$402,$0,$0,$608,$7184,$0,$0,$2162,$9346,$9953,$0,$4381,$646,$5113,$5113,$4,$-951,$-44,$4840,$9953,$181,$191,$117,$309,$11,$0,$0,$-36,$44,$534,$-13,$0,$0,$-23,$406,$383,$-299,$70,$60,$-99,$-39,$29,$29,$-300,$-35,$-344,$260,$0,$-300
21,2013-06-30,16.87,$11.88,1.42,$1.96,8.63,$2.21,7.62,$0.43,39.23,$0.39B,$0.00B,0.0,$4.47B,$4.87B,0.92,$0.80B,$0.59B,74.03%,$0.80B,$0.21B,26.85%,$0.80B,$0.21B,26.85%,$0.80B,$0.47B,59.22%,$0.80B,$0.00B,0.25%,$0.80B,$0.18B,22.21%,$0.18B,$4.87B,3.54%,$0.18B,$4.87B,3.54%,$0.18B,$9.99B,1.77%,$0.21B,$9.33B,2.29%,$227,$58,$169,$0,$31,$176,$51,$-49,$2,$-12,$14,$81,$37,$115,$51,$408,409,$0.09,$0.09,$156,$0,$0,$391,$7381,$0,$0,$2216,$9598,$9988,$0,$4465,$572,$5122,$5122,$4,$-906,$-62,$4866,$9988,$124,$127,$34,$161,$11,$0,$0,$-37,$-19,$266,$-84,$0,$0,$-23,$273,$250,$-263,$-97,$304,$-253,$51,$28,$28,$-199,$-33,$-154,$15,$0,$-199
22,2013-03-31,17.47,$12.13,1.44,$1.96,8.93,$2.29,7.62,$0.46,37.98,$0.40B,$0.00B,0.0,$4.45B,$4.96B,0.9,$0.80B,$0.59B,74.03%,$0.80B,$0.24B,29.99%,$0.80B,$0.24B,29.99%,$0.80B,$0.50B,62.61%,$0.80B,$0.02B,2.76%,$0.80B,$0.19B,23.59%,$0.19B,$4.96B,3.70%,$0.19B,$4.96B,3.70%,$0.19B,$10.06B,1.88%,$0.24B,$9.41B,2.56%,$227,$57,$170,$0,$34,$153,$74,$-53,$21,$16,$6,$64,$53,$137,$74,$407,408,$0.13,$0.13,$167,$0,$0,$404,$7404,$0,$0,$2254,$9658,$10062,$0,$4451,$569,$5106,$5106,$4,$-857,$-28,$4956,$10062,$71,$63,$-15,$47,$7,$0,$0,$7,$32,$150,$-66,$0,$0,$-33,$-1,$-34,$-61,$-162,$-118,$250,$132,$6,$6,$-98,$-4,$37,$25,$0,$-98
23,2012-12-31,15.07,$12.10,1.25,$1.95,7.73,$2.36,6.4,$0.42,35.87,$0.38B,$0.11B,3.43,$4.20B,$4.93B,0.85,$0.79B,$0.59B,73.80%,$0.79B,$0.23B,29.47%,$0.79B,$0.23B,29.47%,$0.79B,$0.50B,62.47%,$0.79B,$0.01B,1.51%,$0.79B,$0.17B,21.79%,$0.17B,$4.93B,3.35%,$0.17B,$4.93B,3.35%,$0.17B,$9.75B,1.74%,$0.23B,$9.13B,2.52%,$120,$34,$86,$0,$28,$102,$18,$-53,$-36,$3,$-38,$4,$60,$82,$18,$406,407,$0.14,$0.14,$142,$0,$0,$384,$7202,$0,$0,$1994,$9367,$9751,$112,$4195,$430,$4707,$4819,$4,$-824,$-66,$4932,$9751,$280,$263,$-5,$258,$3,$0,$0,$-51,$-59,$479,$-103,$0,$0,$0,$213,$214,$-162,$-51,$-111,$9,$-103,$766,$131,$-383,$-44,$-399,$29,$0,$-383
24,2012-09-30,15.49,$12.86,1.2,$2.04,7.6,$2.04,7.6,$0.36,43.02,$0.67B,$0.00B,0.0,$4.22B,$5.24B,0.81,$0.83B,$0.62B,74.58%,$0.83B,$0.26B,30.84%,$0.83B,$0.26B,30.84%,$0.83B,$0.52B,62.29%,$0.83B,$0.05B,5.78%,$0.83B,$0.15B,17.47%,$0.15B,$5.24B,2.81%,$0.15B,$5.24B,2.81%,$0.15B,$10.12B,1.46%,$0.26B,$9.46B,2.76%,$223,$57,$165,$0,$30,$152,$71,$-56,$15,$6,$9,$44,$27,$138,$71,$406,407,$0.07,$0.07,$430,$0,$0,$666,$7210,$0,$0,$2239,$9450,$10116,$0,$4218,$560,$4873,$4873,$4,$-813,$-57,$5243,$10116,$189,$198,$5,$203,$11,$0,$0,$-30,$16,$408,$-147,$0,$0,$0,$158,$159,$-142,$-130,$159,$-227,$-67,$594,$419,$-285,$-28,$39,$317,$0,$-285
25,2012-06-30,14.4,$12.79,1.13,$2.01,7.15,$2.00,7.2,$0.39,36.91,$0.61B,$0.00B,0.0,$4.19B,$5.20B,0.81,$0.82B,$0.61B,74.15%,$0.82B,$0.25B,30.24%,$0.82B,$0.25B,30.24%,$0.82B,$0.50B,61.22%,$0.82B,$0.04B,5.12%,$0.82B,$0.16B,19.27%,$0.16B,$5.21B,3.11%,$0.16B,$5.21B,3.11%,$0.16B,$10.03B,1.62%,$0.25B,$9.40B,2.72%,$227,$58,$169,$0,$31,$151,$76,$-53,$22,$3,$19,$75,$48,$142,$76,$406,406,$0.12,$0.12,$384,$0,$0,$611,$7218,$0,$0,$2201,$9419,$10030,$0,$4192,$538,$4825,$4825,$4,$-771,$-100,$5205,$10030,$132,$131,$15,$146,$18,$0,$0,$-20,$-2,$275,$-63,$0,$0,$0,$21,$21,$-103,$-145,$-32,$0,$-32,$365,$365,$-184,$-9,$140,$271,$0,$-184
26,2012-03-31,14.43,$12.98,1.11,$2.00,7.23,$1.89,7.65,$0.33,43.72,$0.48B,$0.00B,0.0,$3.91B,$5.28B,0.74,$0.81B,$0.60B,73.80%,$0.81B,$0.24B,29.64%,$0.81B,$0.24B,29.64%,$0.81B,$0.49B,60.39%,$0.81B,$0.05B,5.54%,$0.81B,$0.13B,16.48%,$0.13B,$5.28B,2.65%,$0.13B,$5.28B,2.65%,$0.13B,$9.83B,1.38%,$0.24B,$9.20B,2.66%,$224,$58,$166,$0,$34,$155,$69,$-58,$11,$4,$7,$55,$38,$134,$69,$406,407,$0.09,$0.09,$242,$0,$0,$483,$7152,$0,$0,$2192,$9344,$9827,$0,$3914,$534,$4543,$4543,$4,$-742,$-55,$5284,$9827,$59,$65,$10,$75,$14,$0,$0,$-8,$23,$157,$-48,$0,$0,$0,$46,$46,$-31,$-32,$-81,$-186,$-267,$366,$366,$-92,$-2,$5,$129,$0,$-92
27,2011-12-31,12.17,$11.99,1.01,$2.00,6.09,$1.81,6.73,$0.27,45.06,$0.38B,$0.13B,3.03,$4.11B,$4.88B,0.84,$0.81B,$0.59B,72.85%,$0.81B,$0.24B,29.24%,$0.81B,$0.24B,29.24%,$0.81B,$0.49B,60.07%,$0.81B,$0.05B,6.27%,$0.81B,$0.11B,13.51%,$0.11B,$4.88B,2.19%,$0.11B,$4.88B,2.19%,$0.11B,$9.63B,1.13%,$0.24B,$9.00B,2.62%,$156,$38,$119,$0,$28,$116,$40,$-40,$0,$11,$-11,$20,$32,$103,$40,$407,408,$0.08,$0.08,$113,$0,$0,$380,$7078,$0,$0,$2009,$9249,$9629,$126,$4114,$414,$4623,$4749,$4,$-703,$-108,$4880,$9629,$182,$251,$50,$302,$-19,$0,$0,$-8,$-35,$449,$-201,$0,$0,$188,$125,$313,$-133,$-21,$-161,$112,$-49,$1,$1,$-354,$-38,$-440,$-12,$0,$-354
28,2011-09-30,10.99,$12.16,0.9,$2.03,5.42,$2.44,4.51,$0.24,45.78,$0.41B,$0.00B,0.0,$3.99B,$4.95B,0.81,$0.83B,$0.60B,72.64%,$0.83B,$0.22B,26.15%,$0.83B,$0.22B,26.15%,$0.83B,$0.47B,56.42%,$0.83B,$0.03B,3.39%,$0.83B,$0.10B,12.11%,$0.10B,$4.95B,1.97%,$0.10B,$4.95B,1.97%,$0.10B,$9.58B,1.03%,$0.22B,$8.93B,2.37%,$213,$59,$154,$0,$31,$150,$63,$-54,$9,$4,$4,$49,$40,$123,$63,$407,407,$0.10,$0.10,$180,$0,$0,$409,$7010,$0,$0,$2161,$9171,$9581,$0,$3985,$553,$4634,$4634,$4,$-657,$-86,$4947,$9581,$132,$189,$32,$220,$-5,$0,$0,$-12,$16,$368,$-123,$0,$0,$178,$90,$268,$-66,$80,$-116,$13,$-103,$1,$1,$-266,$-25,$-392,$55,$0,$-266
29,2011-06-30,13.5,$12.56,1.07,$2.04,6.62,$2.94,4.59,$0.18,74.99,$0.39B,$0.00B,0.0,$3.98B,$5.11B,0.78,$0.83B,$0.60B,72.62%,$0.83B,$0.22B,26.54%,$0.83B,$0.22B,26.54%,$0.83B,$0.47B,56.94%,$0.83B,$0.03B,3.02%,$0.83B,$0.08B,9.29%,$0.08B,$5.11B,1.50%,$0.08B,$5.11B,1.50%,$0.08B,$9.71B,0.78%,$0.22B,$9.09B,2.39%,$220,$59,$161,$0,$30,$151,$69,$-44,$25,$6,$20,$42,$24,$131,$69,$407,408,$0.06,$0.06,$144,$0,$0,$388,$7052,$0,$0,$2265,$9317,$9705,$0,$3980,$518,$4593,$4593,$4,$-624,$28,$5112,$9705,$73,$128,$25,$153,$-4,$0,$0,$-0,$-11,$216,$-49,$0,$0,$178,$42,$221,$-58,$114,$-23,$-101,$-124,$1,$1,$-178,$-10,$-311,$19,$0,$-178
30,2011-03-31,13.15,$12.58,1.04,$2.04,6.45,$3.34,3.93,$0.16,82.18,$0.40B,$0.00B,0.0,$4.15B,$5.12B,0.81,$0.83B,$0.60B,72.26%,$0.83B,$0.22B,26.78%,$0.83B,$0.22B,26.78%,$0.83B,$0.47B,57.18%,$0.83B,$0.02B,2.29%,$0.83B,$0.07B,7.96%,$0.07B,$5.12B,1.29%,$0.07B,$5.12B,1.29%,$0.07B,$9.90B,0.67%,$0.22B,$9.27B,2.40%,$225,$66,$159,$0,$30,$159,$66,$-49,$17,$4,$13,$31,$14,$132,$66,$406,407,$0.03,$0.03,$148,$0,$0,$397,$7051,$0,$0,$2448,$9498,$9895,$0,$4150,$530,$4776,$4776,$4,$-575,$-7,$5120,$9895,$32,$66,$15,$81,$-9,$0,$0,$-4,$2,$115,$-37,$0,$0,$9,$23,$31,$-47,$-53,$-5,$65,$60,$1,$1,$-90,$-10,$-39,$23,$0,$-90
31,2010-12-31,12.93,$12.70,1.02,$2.04,6.35,$3.44,3.76,$0.23,56.23,$0.36B,$0.15B,2.36,$4.06B,$5.16B,0.79,$0.83B,$0.60B,72.43%,$0.83B,$0.23B,27.81%,$0.83B,$0.23B,27.81%,$0.83B,$0.48B,57.80%,$0.83B,$0.03B,3.39%,$0.83B,$0.09B,11.00%,$0.09B,$5.16B,1.78%,$0.09B,$5.16B,1.78%,$0.09B,$9.83B,0.91%,$0.23B,$9.22B,2.46%,$168,$41,$126,$0,$26,$150,$18,$-41,$-23,$-1,$-23,$8,$22,$80,$18,$406,406,$0.05,$0.05,$125,$0,$0,$364,$7043,$0,$0,$2279,$9470,$9834,$154,$4059,$364,$4518,$4673,$4,$-515,$-24,$5161,$9834,$162,$248,$100,$348,$-17,$0,$0,$-28,$-29,$480,$22,$0,$0,$21,$104,$125,$-109,$38,$-288,$-11,$-300,$178,$178,$-307,$-86,$-515,$3,$0,$-307
32,2010-09-30,11.06,$12.73,0.87,$2.18,5.07,$2.04,5.43,$0.29,38.14,$0.40B,$0.00B,0.0,$4.04B,$5.17B,0.78,$0.86B,$0.61B,71.58%,$0.86B,$0.29B,33.92%,$0.86B,$0.29B,33.92%,$0.86B,$0.54B,62.69%,$0.86B,$0.04B,4.56%,$0.86B,$0.11B,12.75%,$0.11B,$5.17B,2.13%,$0.11B,$5.17B,2.13%,$0.11B,$9.82B,1.09%,$0.29B,$9.20B,3.08%,$216,$60,$156,$0,$28,$149,$67,$-61,$6,$3,$4,$32,$17,$129,$67,$406,406,$0.04,$0.04,$158,$0,$0,$395,$7023,$0,$0,$2396,$9419,$9815,$0,$4037,$516,$4649,$4649,$4,$-464,$-59,$5166,$9815,$115,$185,$31,$216,$-13,$0,$0,$-16,$27,$358,$89,$0,$0,$-3,$74,$71,$-87,$74,$-270,$9,$-260,$171,$171,$-230,$-77,$-396,$36,$0,$-230
33,2010-06-30,9.44,$12.41,0.76,$2.18,4.33,$1.39,6.77,$0.32,29.51,$0.36B,$0.00B,0.0,$4.26B,$5.04B,0.85,$0.84B,$0.60B,71.39%,$0.84B,$0.29B,34.21%,$0.84B,$0.29B,34.21%,$0.84B,$0.53B,62.81%,$0.84B,$0.07B,7.87%,$0.84B,$0.12B,14.30%,$0.12B,$5.04B,2.40%,$0.12B,$5.04B,2.40%,$0.12B,$9.88B,1.21%,$0.29B,$9.30B,3.08%,$220,$61,$158,$0,$26,$149,$71,$-52,$19,$-0,$19,$26,$13,$133,$71,$406,406,$0.03,$0.03,$135,$0,$0,$361,$7127,$0,$0,$2394,$9522,$9883,$0,$4260,$486,$4845,$4845,$4,$-417,$-65,$5038,$9883,$82,$123,$35,$159,$-2,$0,$0,$-29,$-11,$230,$102,$0,$0,$6,$-25,$-19,$22,$105,$-145,$41,$-103,$0,$0,$-153,$-65,$-322,$13,$0,$-153
34,2010-03-31,10.86,$12.60,0.86,$2.18,4.99,$0.83,13.06,$-0.12,0.0,$0.38B,$0.00B,0.0,$4.52B,$5.11B,0.89,$0.82B,$0.59B,71.60%,$0.82B,$0.24B,29.38%,$0.82B,$0.24B,29.38%,$0.82B,$0.47B,57.89%,$0.82B,$-0.06B,-7.22%,$0.82B,$-0.04B,-4.77%,$-0.04B,$5.11B,-0.79%,$-0.04B,$5.11B,-0.79%,$-0.04B,$10.26B,-0.40%,$0.24B,$9.63B,2.61%,$223,$64,$159,$0,$28,$149,$74,$-48,$26,$1,$25,$54,$39,$136,$74,$406,406,$0.10,$0.10,$137,$0,$0,$384,$7590,$0,$0,$2288,$9878,$10262,$0,$4524,$529,$5153,$5153,$4,$-365,$-89,$5110,$10262,$55,$62,$5,$67,$-1,$0,$0,$-13,$22,$143,$-28,$0,$0,$4,$-9,$-5,$2,$-31,$-47,$40,$-7,$0,$0,$-77,$-13,$-96,$15,$0,$-77
35,2009-12-31,9.3,$12.62,0.74,$2.38,3.91,$0.79,11.82,$-0.12,0.0,$0.37B,$0.14B,2.57,$4.43B,$5.12B,0.87,$0.80B,$0.57B,71.55%,$0.80B,$0.22B,27.69%,$0.80B,$0.22B,27.69%,$0.80B,$0.45B,56.14%,$0.80B,$-0.05B,-6.77%,$0.80B,$-0.05B,-6.39%,$-0.05B,$5.12B,-1.09%,$-0.05B,$5.12B,-1.09%,$-0.05B,$10.18B,-0.53%,$0.22B,$9.55B,2.47%,$196,$57,$139,$0,$27,$117,$78,$-90,$-12,$-18,$6,$41,$40,$138,$78,$350,350,$0.08,$0.08,$122,$0,$0,$367,$7539,$0,$0,$2116,$9816,$10183,$143,$4434,$388,$4922,$5065,$4,$-339,$-96,$5118,$10183,$6,$228,$265,$493,$-20,$0,$0,$-80,$-96,$404,$-461,$0,$0,$81,$105,$186,$-69,$-343,$-186,$-577,$-762,$1064,$1064,$-331,$-46,$-74,$-14,$0,$-331
36,2009-09-30,8.82,$12.65,0.7,$2.60,3.4,$1.29,6.82,$-0.47,0.0,$0.40B,$0.00B,0.0,$3.97B,$4.76B,0.83,$0.80B,$0.58B,71.98%,$0.80B,$0.20B,25.40%,$0.80B,$0.20B,25.40%,$0.80B,$0.42B,52.80%,$0.80B,$-0.04B,-4.98%,$0.80B,$-0.15B,-19.18%,$-0.15B,$4.76B,-3.47%,$-0.15B,$4.76B,-3.47%,$-0.15B,$9.29B,-1.65%,$0.20B,$8.74B,2.33%,$200,$58,$143,$0,$28,$137,$64,$-31,$33,$-1,$33,$42,$28,$120,$64,$377,378,$0.07,$0.07,$141,$0,$0,$401,$6585,$0,$0,$2301,$8887,$9288,$0,$3972,$450,$4524,$4524,$4,$-314,$-99,$4764,$9288,$-46,$168,$217,$385,$-9,$0,$0,$-45,$-16,$322,$-149,$0,$0,$71,$-10,$61,$33,$-55,$60,$-716,$-656,$719,$719,$-297,$-28,$-262,$5,$0,$-297
37,2009-06-30,6.76,$12.43,0.54,$2.85,2.37,$1.17,5.77,$-0.17,0.0,$0.47B,$0.00B,0.0,$4.14B,$4.68B,0.89,$0.81B,$0.58B,72.46%,$0.81B,$0.20B,25.31%,$0.81B,$0.20B,25.31%,$0.81B,$0.42B,52.23%,$0.81B,$-0.05B,-6.20%,$0.81B,$-0.09B,-10.55%,$-0.09B,$4.68B,-1.97%,$-0.09B,$4.68B,-1.97%,$-0.09B,$9.34B,-0.90%,$0.20B,$8.82B,2.33%,$198,$54,$144,$0,$26,$175,$24,$-130,$-106,$-1,$-105,$-120,$-146,$79,$24,$368,368,$-0.40,$-0.40,$189,$0,$0,$468,$6572,$0,$0,$2298,$8870,$9338,$0,$4139,$419,$4659,$4659,$4,$-320,$-172,$4679,$9338,$-90,$111,$198,$310,$-5,$0,$0,$-26,$-22,$198,$-105,$0,$0,$17,$-43,$-26,$7,$-123,$224,$-678,$-453,$718,$718,$-262,$-24,$-22,$53,$0,$-262
38,2009-03-31,4.84,$15.07,0.32,$3.07,1.58,$0.95,5.12,$0.55,8.8,$0.44B,$0.00B,0.0,$4.65B,$4.09B,1.14,$0.80B,$0.58B,72.82%,$0.80B,$0.24B,30.42%,$0.80B,$0.24B,30.42%,$0.80B,$0.46B,56.98%,$0.80B,$0.09B,10.85%,$0.80B,$0.14B,17.96%,$0.14B,$4.09B,3.51%,$0.14B,$4.09B,3.51%,$0.14B,$9.39B,1.51%,$0.24B,$8.74B,2.81%,$204,$59,$145,$0,$29,$149,$55,$-24,$31,$-1,$32,$41,$27,$111,$55,$271,271,$0.10,$0.10,$150,$0,$0,$435,$6594,$0,$0,$2364,$8958,$9393,$0,$4652,$539,$5307,$5307,$3,$-151,$-211,$4086,$9393,$42,$56,$14,$70,$-11,$0,$0,$-10,$3,$115,$-50,$0,$0,$8,$-40,$-33,$3,$-80,$-100,$212,$111,$0,$0,$-131,$-1,$-21,$14,$0,$-131
39,2008-12-31,11.61,$15.51,0.75,$3.10,3.75,$0.87,13.41,$0.79,14.69,$0.41B,$0.15B,2.72,$4.56B,$4.20B,1.08,$0.80B,$0.59B,73.43%,$0.80B,$0.27B,33.33%,$0.80B,$0.27B,33.33%,$0.80B,$0.47B,59.15%,$0.80B,$0.11B,13.16%,$0.80B,$0.20B,25.56%,$0.20B,$4.21B,5.04%,$0.20B,$4.21B,5.04%,$0.20B,$9.40B,2.14%,$0.27B,$8.76B,3.09%,$201,$56,$146,$0,$34,$140,$61,$-60,$2,$-32,$34,$-63,$-63,$114,$61,$258,259,$-0.26,$-0.25,$136,$0,$0,$412,$6659,$0,$0,$2204,$8985,$9397,$151,$4557,$369,$5041,$5192,$3,$-58,$-180,$4205,$9397,$276,$207,$138,$345,$-10,$0,$0,$-42,$-54,$568,$-479,$0,$0,$-212,$-107,$-318,$16,$-781,$-183,$531,$349,$451,$451,$-469,$-68,$262,$49,$0,$-469
40,2008-09-30,22.62,$15.98,1.42,$3.05,7.42,$-2.17,0.0,$1.31,17.26,$0.45B,$0.00B,0.0,$4.40B,$4.25B,1.03,$0.78B,$0.58B,73.47%,$0.78B,$0.26B,32.78%,$0.78B,$0.26B,32.78%,$0.78B,$0.46B,59.06%,$0.78B,$0.21B,27.04%,$0.78B,$0.34B,43.24%,$0.34B,$4.26B,8.53%,$0.34B,$4.26B,8.53%,$0.34B,$9.76B,3.58%,$0.26B,$8.65B,3.04%,$203,$54,$149,$0,$31,$139,$64,$-41,$23,$12,$11,$110,$97,$117,$64,$256,259,$0.38,$0.37,$124,$0,$0,$445,$6771,$0,$0,$2541,$9312,$9757,$0,$4396,$573,$5501,$5501,$3,$124,$-12,$4255,$9757,$329,$154,$-39,$115,$-17,$0,$0,$7,$36,$479,$-392,$0,$0,$-212,$-38,$-250,$-0,$-642,$-154,$264,$110,$445,$445,$-340,$-15,$200,$37,$0,$-340
41,2008-06-30,20.89,$15.20,1.37,$2.98,7.0,$-5.03,0.0,$1.23,16.98,$0.42B,$0.00B,0.0,$4.74B,$3.86B,1.23,$0.77B,$0.57B,74.02%,$0.77B,$0.25B,33.16%,$0.77B,$0.25B,33.16%,$0.77B,$0.46B,59.53%,$0.77B,$0.21B,27.55%,$0.77B,$0.32B,41.38%,$0.32B,$3.86B,8.38%,$0.32B,$3.86B,8.38%,$0.32B,$9.59B,3.42%,$0.25B,$8.60B,3.08%,$194,$50,$144,$0,$26,$130,$64,$-33,$31,$-1,$32,$100,$83,$115,$64,$254,257,$0.33,$0.32,$123,$0,$0,$424,$6635,$0,$0,$2534,$9170,$9594,$0,$4740,$509,$5732,$5732,$3,$145,$5,$3862,$9594,$208,$101,$-15,$86,$-11,$0,$0,$-13,$-23,$271,$-264,$0,$0,$-205,$-6,$-211,$-32,$-508,$-19,$503,$484,$23,$23,$-227,$-8,$272,$36,$0,$-227
42,2008-03-31,23.47,$15.31,1.53,$2.94,7.98,$-7.17,0.0,$1.40,16.77,$0.40B,$0.00B,0.0,$4.54B,$3.88B,1.17,$0.76B,$0.56B,74.30%,$0.76B,$0.26B,33.91%,$0.76B,$0.26B,33.91%,$0.76B,$0.45B,60.13%,$0.76B,$0.21B,27.28%,$0.76B,$0.36B,47.55%,$0.36B,$3.88B,9.73%,$0.36B,$3.88B,9.73%,$0.36B,$9.43B,3.98%,$0.26B,$8.42B,3.19%,$200,$54,$147,$0,$25,$123,$77,$-28,$49,$9,$40,$102,$87,$126,$77,$253,256,$0.34,$0.34,$151,$0,$0,$399,$6467,$0,$0,$2565,$9032,$9432,$0,$4539,$548,$5551,$5551,$3,$164,$21,$3881,$9432,$108,$49,$-11,$38,$-7,$0,$0,$-13,$8,$154,$-113,$0,$0,$-192,$-8,$-200,$0,$-313,$19,$312,$331,$8,$8,$-113,$-4,$223,$63,$0,$-113
43,2007-12-31,21.81,$15.41,1.42,$2.84,7.69,$-7.76,0.0,$1.65,13.22,$0.33B,$0.16B,2.04,$4.22B,$3.89B,1.08,$0.73B,$0.55B,74.93%,$0.73B,$0.24B,33.42%,$0.73B,$0.24B,33.42%,$0.73B,$0.44B,59.59%,$0.73B,$0.19B,25.34%,$0.73B,$0.42B,57.95%,$0.42B,$3.90B,11.81%,$0.42B,$3.90B,11.81%,$0.42B,$9.10B,4.89%,$0.24B,$8.11B,3.17%,$187,$51,$136,$0,$25,$135,$52,$57,$109,$1,$108,$115,$72,$105,$52,$252,257,$0.28,$0.28,$87,$0,$0,$329,$6348,$0,$0,$2299,$8768,$9098,$162,$4216,$377,$5042,$5203,$3,$180,$34,$3895,$9098,$487,$191,$69,$261,$-5,$0,$0,$-78,$-81,$666,$-1359,$0,$0,$-20,$-225,$-244,$96,$-1508,$289,$284,$573,$485,$485,$-385,$-89,$584,$-258,$0,$-385
44,2007-09-30,26.56,$13.79,1.93,$2.76,9.61,$-6.57,0.0,$1.88,14.13,$0.30B,$0.00B,0.0,$4.42B,$3.49B,1.27,$0.70B,$0.53B,75.50%,$0.70B,$0.25B,35.75%,$0.70B,$0.25B,35.75%,$0.70B,$0.43B,61.40%,$0.70B,$0.11B,15.81%,$0.70B,$0.48B,68.38%,$0.48B,$3.49B,13.92%,$0.48B,$3.49B,13.92%,$0.48B,$8.90B,5.75%,$0.25B,$7.90B,3.39%,$185,$45,$140,$0,$30,$124,$61,$-39,$22,$0,$22,$75,$75,$110,$61,$252,256,$0.30,$0.29,$45,$0,$0,$302,$6155,$0,$0,$2442,$8597,$8898,$0,$4416,$560,$5413,$5413,$3,$209,$45,$3485,$8898,$360,$138,$85,$223,$-1,$0,$0,$-63,$-22,$560,$-1206,$0,$0,$-2,$-228,$-230,$74,$-1361,$180,$626,$806,$37,$37,$-281,$-61,$501,$-300,$0,$-281
45,2007-06-30,22.16,$13.88,1.6,$2.69,8.25,$-5.33,0.0,$1.95,11.37,$0.38B,$0.00B,0.0,$4.19B,$3.50B,1.2,$0.68B,$0.51B,75.30%,$0.68B,$0.25B,36.98%,$0.68B,$0.25B,36.98%,$0.68B,$0.42B,61.83%,$0.68B,$0.12B,17.90%,$0.68B,$0.49B,73.08%,$0.49B,$3.50B,14.94%,$0.49B,$3.50B,14.94%,$0.49B,$8.63B,6.25%,$0.25B,$7.69B,3.57%,$183,$45,$138,$0,$25,$117,$66,$-40,$26,$-3,$29,$99,$125,$113,$66,$252,257,$0.50,$0.49,$110,$0,$0,$376,$5948,$0,$0,$2302,$8249,$8625,$0,$4191,$513,$5125,$5125,$3,$235,$50,$3500,$8625,$282,$89,$72,$161,$-7,$0,$0,$-51,$-50,$393,$-938,$0,$0,$-21,$-150,$-171,$85,$-1024,$178,$425,$602,$28,$28,$-187,$-47,$396,$-236,$0,$-187
46,2007-03-31,27.96,$13.68,2.04,$2.62,10.67,$-4.32,0.0,$1.89,14.79,$0.41B,$0.00B,0.0,$3.63B,$3.45B,1.05,$0.65B,$0.49B,75.27%,$0.65B,$0.25B,38.25%,$0.65B,$0.25B,38.25%,$0.65B,$0.41B,62.37%,$0.65B,$0.14B,21.51%,$0.65B,$0.48B,72.96%,$0.48B,$3.45B,15.05%,$0.48B,$3.45B,15.05%,$0.48B,$7.99B,6.39%,$0.25B,$7.08B,3.78%,$175,$42,$133,$0,$23,$110,$65,$-37,$28,$-30,$58,$101,$151,$107,$65,$251,257,$0.60,$0.59,$120,$0,$0,$410,$5397,$0,$0,$2178,$7575,$7985,$0,$3630,$483,$4540,$4540,$3,$201,$38,$3446,$7985,$154,$42,$50,$92,$-1,$0,$0,$-64,$-49,$196,$-308,$0,$0,$-14,$-22,$-36,$20,$-324,$8,$-1,$7,$23,$23,$-93,$-33,$-97,$-225,$0,$-93
47,2006-12-31,25.98,$13.42,1.94,$2.56,10.15,$-5.12,0.0,$1.70,15.28,$0.59B,$0.16B,3.61,$3.59B,$3.37B,1.07,$0.62B,$0.47B,74.88%,$0.62B,$0.26B,41.71%,$0.62B,$0.26B,41.71%,$0.62B,$0.40B,64.90%,$0.62B,$0.16B,26.25%,$0.62B,$0.42B,67.15%,$0.42B,$3.37B,13.85%,$0.42B,$3.37B,13.85%,$0.42B,$7.87B,5.93%,$0.26B,$6.95B,4.15%,$159,$41,$119,$0,$21,$101,$59,$-24,$35,$4,$31,$84,$129,$101,$59,$240,245,$0.52,$0.51,$345,$0,$0,$591,$5195,$0,$0,$1988,$7278,$7869,$164,$3587,$326,$4339,$4502,$3,$141,$45,$3367,$7869,$428,$145,$-98,$47,$-18,$0,$0,$-41,$-20,$456,$-823,$0,$0,$-3,$-469,$-471,$1049,$-246,$316,$-336,$-20,$452,$452,$-333,$-40,$59,$269,$0,$-333
