,Date,Stock Price,Book Value per Share,Price to Book Ratio,TTM Sales per Share,Price to Sales Ratio,TTM FCF per Share,Price to FCF Ratio,TTM Net EPS,PE Ratio,Current Assets,Current Liabilities,Current Ratio,Long Term Debt,Shareholder's Equity_x,Debt to Equity Ratio,TTM Revenue_x,TTM Gross Profit,Gross Margin,TTM Revenue_y,TTM Operating Income,Operating Margin,TTM Revenue_x,TTM EBIT,EBIT Margin,TTM Revenue_y,TTM EBITDA,EBITDA Margin,TTM Revenue_x,TTM Pre-Tax Income,Pre-Tax Margin,TTM Revenue_y,TTM Net Income_x,Net Margin,TTM Net Income_y,Shareholder's Equity_y,Return on Equity,TTM Net Income_x,Tangible Equity,Return on Tangible Equity,TTM Net Income_y,Total Assets,Return on Assets,TTM Net Income,LT Investments & Debt,Return on Investment,revenue,cost-goods-sold,gross-profit,research-development-expenses,selling-general-administrative-expenses,operating-expenses,operating-income,total-non-operating-income-expense,pre-tax-income,total-provision-income-taxes,income-after-taxes,income-from-continuous-operations,net-income,ebitda,ebit,basic-shares-outstanding,shares-outstanding,eps-basic-net-earnings-per-share,eps-earnings-per-share-diluted,cash-on-hand,inventory,other-current-assets,total-current-assets,net-property-plant-equipment,long-term-investments,goodwill-intangible-assets-total,other-long-term-assets,total-long-term-assets,total-assets,total-current-liabilities,long-term-debt,other-non-current-liabilities,total-long-term-liabilities,total-liabilities,common-stock-net,retained-earnings-accumulated-deficit,comprehensive-income,total-share-holder-equity,total-liabilities-share-holders-equity,net-income-loss,total-depreciation-amortization-cash-flow,other-non-cash-items,total-non-cash-items,change-in-accounts-receivable,change-in-inventories,change-in-accounts-payable,change-in-assets-liabilities,total-change-in-assets-liabilities,cash-flow-from-operating-activities,net-change-in-property-plant-equipment,net-change-in-intangible-assets,net-acquisitions-divestitures,net-change-in-short-term-investments,net-change-in-long-term-investments,net-change-in-investments-total,investing-activities-other,cash-flow-from-investing-activities,net-long-term-debt,net-current-debt,debt-issuance-retirement-net-total,net-common-equity-issued-repurchased,net-total-equity-issued-repurchased,total-common-preferred-stock-dividends-paid,financial-activities-other,cash-flow-from-financial-activities,net-cash-flow,stock-based-compensation,common-stock-dividends-paid
0,2018-09-30,19.0,$8.54,2.23,$10.25,1.85,$4.28,4.44,$0.54,35.19,$0.09B,$0.00B,0.0,$0.03B,$0.09B,0.32,$0.11B,$0.11B,100.00%,$0.11B,$0.01B,7.21%,$0.11B,$0.01B,7.21%,$0.11B,$0.01B,9.91%,$0.11B,$0.01B,5.41%,$0.11B,$0.01B,5.41%,$0.01B,$0.09B,6.61%,$0.01B,$0.09B,6.67%,$0.01B,$0.26B,2.34%,$0.01B,$0.12B,6.67%,$31,$0,$31,$0,$0,$26,$5,$-0,$4,$0,$4,$4,$4,$5,$5,$11,11,$0.37,$0.36,$30,$0,$0,$86,$6,$167,$1,$4,$178,$263,$0,$29,$0,$29,$172,$0,$28,$-3,$91,$263,$4,$2,$1,$3,$-0,$0,$0,$13,$12,$18,$-2,$0,$0,$0,$-30,$-30,$0,$-32,$0,$0,$0,$-0,$-0,$-3,$-1,$-4,$-18,$0,$-3
1,2018-06-30,16.9,$8.32,2.03,$9.66,1.75,$4.53,3.73,$0.56,30.18,$0.08B,$0.14B,0.57,$0.03B,$0.09B,0.33,$0.11B,$0.11B,100.00%,$0.11B,$0.01B,8.57%,$0.11B,$0.01B,8.57%,$0.11B,$0.01B,12.38%,$0.11B,$0.01B,7.62%,$0.11B,$0.01B,5.71%,$0.01B,$0.09B,6.56%,$0.01B,$0.09B,6.63%,$0.01B,$0.26B,2.45%,$0.01B,$0.12B,7.95%,$28,$0,$28,$0,$0,$24,$4,$-0,$4,$1,$3,$3,$3,$5,$4,$11,11,$0.26,$0.25,$19,$0,$0,$78,$5,$167,$1,$4,$178,$255,$137,$29,$0,$29,$167,$0,$25,$-2,$89,$255,$0,$1,$1,$2,$-1,$0,$0,$7,$4,$6,$-1,$0,$0,$0,$-31,$-31,$0,$-32,$0,$0,$0,$-0,$-0,$-2,$-0,$-3,$-29,$0,$-2
2,2018-03-31,16.71,$8.26,2.02,$9.12,1.83,$4.66,3.58,$0.54,30.94,$0.09B,$0.14B,0.67,$0.03B,$0.09B,0.33,$0.10B,$0.10B,100.00%,$0.10B,$0.01B,9.09%,$0.10B,$0.01B,9.09%,$0.10B,$0.01B,12.12%,$0.10B,$0.01B,8.08%,$0.10B,$0.01B,6.06%,$0.01B,$0.09B,6.54%,$0.01B,$0.09B,6.61%,$0.01B,$0.25B,2.57%,$0.01B,$0.12B,8.47%,$26,$0,$26,$0,$0,$29,$-3,$-0,$-4,$-1,$-3,$-3,$-3,$-2,$-3,$11,11,$-0.25,$-0.25,$32,$0,$0,$92,$5,$153,$1,$4,$163,$254,$137,$29,$0,$29,$166,$0,$24,$-1,$88,$254,$-3,$1,$1,$1,$0,$0,$0,$5,$2,$0,$-1,$0,$0,$0,$-15,$-15,$0,$-15,$0,$0,$0,$-0,$-0,$-1,$-0,$-2,$-17,$0,$-1
3,2017-12-31,18.6,$8.90,2.09,$8.81,2.11,$4.84,3.84,$0.94,19.79,$0.11B,$0.13B,0.82,$0.03B,$0.10B,0.31,$0.09B,$0.09B,100.00%,$0.09B,$0.01B,14.89%,$0.09B,$0.01B,14.89%,$0.09B,$0.02B,18.09%,$0.09B,$0.01B,14.89%,$0.09B,$0.01B,10.64%,$0.01B,$0.10B,10.90%,$0.01B,$0.09B,11.02%,$0.01B,$0.26B,4.52%,$0.01B,$0.12B,14.14%,$26,$0,$26,$0,$0,$23,$2,$0,$2,$0,$2,$2,$2,$3,$2,$10,11,$0.19,$0.18,$48,$0,$0,$107,$5,$139,$1,$3,$148,$255,$131,$29,$0,$29,$160,$0,$27,$1,$95,$255,$10,$2,$0,$2,$-2,$0,$0,$15,$16,$28,$-3,$0,$0,$0,$-43,$-43,$-2,$-48,$29,$0,$29,$30,$30,$-3,$-0,$56,$36,$0,$-3
4,2017-09-30,16.06,$8.83,1.82,$8.97,1.79,$4.33,3.71,$1.02,15.75,$0.08B,$0.12B,0.65,$0.00B,$0.09B,0.0,$0.09B,$0.09B,100.00%,$0.09B,$0.02B,17.05%,$0.09B,$0.02B,17.05%,$0.09B,$0.02B,20.45%,$0.09B,$0.02B,17.05%,$0.09B,$0.01B,11.36%,$0.01B,$0.09B,12.16%,$0.01B,$0.09B,12.35%,$0.01B,$0.22B,5.01%,$0.02B,$0.09B,18.24%,$25,$0,$25,$0,$0,$18,$6,$0,$6,$2,$4,$4,$4,$7,$6,$11,11,$0.38,$0.38,$26,$0,$0,$79,$4,$130,$1,$2,$137,$215,$120,$0,$0,$1,$122,$0,$26,$1,$94,$215,$8,$1,$0,$2,$-2,$0,$0,$11,$11,$21,$-2,$0,$0,$0,$-33,$-33,$0,$-35,$0,$0,$0,$30,$30,$-2,$-0,$28,$14,$0,$-2
5,2017-06-30,15.0,$8.50,1.76,$9.18,1.63,$4.21,3.56,$1.07,14.01,$0.08B,$0.12B,0.63,$0.00B,$0.09B,0.0,$0.08B,$0.08B,100.00%,$0.08B,$0.01B,16.87%,$0.08B,$0.01B,16.87%,$0.08B,$0.02B,20.48%,$0.08B,$0.01B,16.87%,$0.08B,$0.01B,10.84%,$0.01B,$0.09B,12.33%,$0.01B,$0.09B,12.59%,$0.01B,$0.21B,4.79%,$0.01B,$0.09B,19.18%,$22,$0,$22,$0,$0,$18,$4,$0,$4,$1,$3,$3,$3,$4,$4,$11,11,$0.24,$0.23,$14,$0,$0,$75,$4,$129,$1,$1,$135,$211,$120,$0,$0,$0,$120,$0,$23,$1,$90,$211,$4,$1,$-0,$1,$-1,$0,$0,$5,$3,$7,$-1,$0,$0,$0,$-32,$-32,$0,$-34,$0,$0,$0,$30,$30,$-2,$-0,$29,$2,$0,$-2
6,2017-03-31,15.55,$8.29,1.87,$9.59,1.62,$4.60,3.38,$1.20,12.96,$0.08B,$0.11B,0.71,$0.00B,$0.09B,0.0,$0.08B,$0.08B,100.00%,$0.08B,$0.01B,17.50%,$0.08B,$0.01B,17.50%,$0.08B,$0.02B,22.50%,$0.08B,$0.01B,17.50%,$0.08B,$0.01B,11.25%,$0.01B,$0.09B,14.06%,$0.01B,$0.09B,14.46%,$0.01B,$0.20B,5.08%,$0.01B,$0.09B,21.88%,$21,$0,$21,$0,$0,$18,$2,$0,$2,$1,$1,$1,$1,$3,$2,$10,10,$0.15,$0.15,$23,$0,$0,$81,$3,$116,$1,$1,$122,$203,$114,$0,$0,$0,$115,$0,$21,$0,$88,$203,$1,$0,$0,$1,$-0,$0,$0,$2,$-0,$2,$-1,$0,$0,$0,$-20,$-20,$0,$-20,$0,$0,$0,$30,$30,$-1,$0,$30,$11,$0,$-1
7,2016-12-31,13.35,$7.15,1.87,$9.99,1.34,$4.79,2.79,$1.12,11.92,$0.07B,$0.11B,0.6,$0.00B,$0.06B,0.0,$0.08B,$0.08B,100.00%,$0.08B,$0.01B,16.88%,$0.08B,$0.01B,16.88%,$0.08B,$0.02B,20.78%,$0.08B,$0.01B,16.88%,$0.08B,$0.01B,11.69%,$0.01B,$0.06B,16.82%,$0.01B,$0.06B,17.39%,$0.01B,$0.17B,5.42%,$0.01B,$0.06B,24.30%,$20,$0,$20,$0,$0,$17,$3,$0,$3,$1,$2,$2,$2,$4,$3,$8,8,$0.28,$0.28,$12,$0,$0,$68,$3,$96,$1,$1,$101,$169,$113,$0,$0,$0,$113,$0,$21,$0,$57,$169,$9,$2,$-1,$1,$-1,$0,$0,$6,$5,$15,$-1,$0,$0,$0,$-19,$-19,$0,$-20,$0,$0,$0,$5,$5,$-2,$0,$3,$-2,$0,$-2
8,2016-09-30,8.92,$7.16,1.24,$9.75,0.91,$5.51,1.62,$1.11,8.03,$0.07B,$0.11B,0.6,$0.00B,$0.06B,0.0,$0.07B,$0.07B,100.00%,$0.07B,$0.01B,17.57%,$0.07B,$0.01B,17.57%,$0.07B,$0.02B,20.27%,$0.07B,$0.01B,17.57%,$0.07B,$0.01B,12.16%,$0.01B,$0.06B,17.82%,$0.01B,$0.06B,18.37%,$0.01B,$0.17B,5.59%,$0.01B,$0.06B,25.74%,$20,$0,$20,$0,$0,$15,$5,$0,$5,$2,$3,$3,$3,$6,$5,$8,8,$0.44,$0.43,$12,$0,$0,$67,$3,$97,$1,$1,$102,$169,$113,$0,$0,$0,$113,$0,$19,$2,$57,$169,$7,$1,$-1,$0,$0,$0,$0,$6,$6,$13,$-1,$0,$0,$0,$-18,$-18,$0,$-18,$0,$0,$0,$5,$5,$-1,$0,$3,$-1,$0,$-1
9,2016-06-30,8.49,$6.80,1.25,$9.52,0.89,$5.45,1.56,$1.00,8.49,$0.07B,$0.11B,0.64,$0.00B,$0.05B,0.0,$0.07B,$0.07B,100.00%,$0.07B,$0.01B,15.49%,$0.07B,$0.01B,15.49%,$0.07B,$0.01B,18.31%,$0.07B,$0.01B,15.49%,$0.07B,$0.01B,11.27%,$0.01B,$0.05B,16.93%,$0.01B,$0.05B,17.49%,$0.01B,$0.17B,5.16%,$0.01B,$0.05B,23.28%,$19,$0,$19,$0,$0,$15,$4,$0,$4,$1,$3,$3,$3,$5,$4,$8,8,$0.36,$0.36,$15,$0,$0,$73,$3,$89,$2,$1,$95,$168,$114,$0,$0,$0,$114,$0,$16,$2,$54,$168,$3,$1,$-0,$0,$0,$0,$0,$4,$4,$8,$-0,$0,$0,$0,$-10,$-10,$0,$-10,$0,$0,$0,$5,$5,$-1,$0,$4,$1,$0,$-1
10,2016-03-31,7.87,$6.32,1.25,$9.23,0.85,$4.87,1.62,$0.96,8.2,$0.05B,$0.11B,0.47,$0.00B,$0.05B,0.0,$0.07B,$0.07B,100.00%,$0.07B,$0.01B,16.18%,$0.07B,$0.01B,16.18%,$0.07B,$0.01B,17.65%,$0.07B,$0.01B,16.18%,$0.07B,$0.01B,10.29%,$0.01B,$0.05B,15.82%,$0.01B,$0.05B,16.37%,$0.01B,$0.16B,4.71%,$0.01B,$0.05B,24.86%,$18,$0,$18,$0,$0,$18,$1,$0,$1,$0,$1,$1,$1,$1,$1,$7,7,$0.07,$0.07,$6,$0,$0,$52,$3,$88,$2,$12,$106,$158,$110,$0,$0,$1,$111,$0,$14,$1,$46,$158,$1,$0,$-0,$0,$0,$0,$0,$3,$2,$3,$-0,$0,$0,$0,$-10,$-10,$0,$-10,$0,$0,$0,$-0,$-0,$-0,$0,$-1,$-8,$0,$-0
11,2015-12-31,8.51,$6.18,1.38,$8.71,0.98,$4.62,1.84,$0.94,9.05,$0.07B,$0.10B,0.64,$0.00B,$0.05B,0.0,$0.07B,$0.07B,100.00%,$0.07B,$0.01B,16.92%,$0.07B,$0.01B,16.92%,$0.07B,$0.01B,18.46%,$0.07B,$0.01B,16.92%,$0.07B,$0.01B,9.23%,$0.01B,$0.05B,13.95%,$0.01B,$0.04B,14.55%,$0.01B,$0.15B,4.19%,$0.01B,$0.05B,25.58%,$17,$0,$17,$0,$0,$15,$3,$0,$3,$1,$2,$2,$2,$3,$3,$7,7,$0.26,$0.25,$14,$0,$0,$66,$3,$77,$2,$1,$83,$149,$103,$0,$0,$1,$104,$0,$14,$0,$45,$149,$7,$1,$-0,$1,$-2,$0,$0,$13,$12,$20,$-1,$0,$0,$0,$-14,$-14,$0,$-15,$0,$0,$0,$-0,$-0,$-2,$-0,$-2,$4,$0,$-2
12,2015-09-30,8.12,$6.00,1.35,$8.39,0.97,$4.27,1.9,$0.93,8.73,$0.05B,$0.10B,0.51,$0.00B,$0.04B,0.0,$0.06B,$0.06B,100.00%,$0.06B,$0.01B,17.46%,$0.06B,$0.01B,17.46%,$0.06B,$0.01B,19.05%,$0.06B,$0.01B,17.46%,$0.06B,$0.01B,9.52%,$0.01B,$0.04B,14.29%,$0.01B,$0.04B,15.09%,$0.01B,$0.15B,4.29%,$0.01B,$0.04B,26.19%,$17,$0,$17,$0,$0,$13,$3,$0,$3,$1,$2,$2,$2,$4,$3,$7,7,$0.32,$0.32,$7,$0,$0,$51,$3,$77,$2,$12,$94,$145,$100,$0,$0,$1,$101,$0,$12,$1,$44,$145,$5,$1,$-0,$1,$0,$0,$0,$6,$7,$13,$-1,$0,$0,$0,$-13,$-13,$0,$-15,$0,$0,$0,$-0,$-0,$-1,$-0,$-1,$-3,$0,$-1
13,2015-06-30,7.1,$5.73,1.24,$8.03,0.88,$4.01,1.77,$0.87,8.16,$0.06B,$0.10B,0.56,$0.00B,$0.04B,0.0,$0.06B,$0.06B,100.00%,$0.06B,$0.01B,18.33%,$0.06B,$0.01B,18.33%,$0.06B,$0.01B,18.33%,$0.06B,$0.01B,18.33%,$0.06B,$0.01B,10.00%,$0.01B,$0.04B,14.72%,$0.01B,$0.04B,15.58%,$0.01B,$0.14B,4.42%,$0.01B,$0.04B,26.99%,$16,$0,$16,$0,$0,$12,$4,$0,$4,$1,$2,$2,$2,$4,$4,$7,7,$0.32,$0.32,$4,$0,$0,$55,$3,$71,$2,$11,$87,$142,$100,$0,$0,$1,$100,$0,$10,$1,$42,$142,$3,$1,$-0,$0,$0,$0,$0,$0,$0,$3,$-1,$0,$0,$0,$-8,$-8,$0,$-8,$0,$0,$0,$0,$0,$-1,$-0,$-1,$-6,$0,$-1
14,2015-03-31,6.99,$5.57,1.25,$7.41,0.94,$4.23,1.65,$0.73,9.57,$0.06B,$0.10B,0.66,$0.00B,$0.04B,0.0,$0.06B,$0.06B,100.00%,$0.06B,$0.01B,16.36%,$0.06B,$0.01B,16.36%,$0.06B,$0.01B,16.36%,$0.06B,$0.01B,16.36%,$0.06B,$0.01B,9.09%,$0.01B,$0.04B,12.58%,$0.01B,$0.04B,13.42%,$0.01B,$0.14B,3.76%,$0.01B,$0.04B,22.64%,$15,$0,$15,$0,$0,$14,$1,$0,$1,$0,$0,$0,$0,$1,$1,$7,7,$0.05,$0.05,$6,$0,$0,$63,$2,$69,$2,$1,$75,$137,$95,$0,$0,$1,$96,$0,$8,$1,$41,$137,$0,$0,$-0,$0,$0,$0,$0,$2,$0,$1,$-0,$0,$0,$0,$-4,$-4,$0,$-4,$0,$0,$0,$-0,$-0,$-0,$-0,$-1,$-4,$0,$-0
15,2014-12-31,7.51,$5.54,1.36,$6.79,1.11,$4.20,1.79,$0.72,10.43,$0.07B,$0.09B,0.69,$0.00B,$0.04B,0.0,$0.05B,$0.05B,100.00%,$0.05B,$0.01B,16.00%,$0.05B,$0.01B,16.00%,$0.05B,$0.01B,18.00%,$0.05B,$0.01B,16.00%,$0.05B,$0.01B,10.00%,$0.01B,$0.04B,12.99%,$0.01B,$0.04B,13.89%,$0.01B,$0.14B,3.85%,$0.01B,$0.04B,20.78%,$15,$0,$15,$0,$0,$12,$3,$0,$3,$1,$2,$2,$2,$3,$3,$7,7,$0.23,$0.24,$10,$0,$0,$65,$2,$64,$2,$1,$70,$135,$94,$0,$0,$0,$94,$0,$8,$1,$41,$135,$5,$1,$-1,$1,$0,$0,$0,$11,$11,$17,$-1,$0,$0,$0,$-25,$-25,$0,$-26,$0,$0,$0,$-0,$-0,$-1,$0,$-1,$-10,$0,$-1
16,2014-09-30,7.41,$5.35,1.39,$7.45,0.99,$3.77,1.97,$0.49,15.13,$0.06B,$0.09B,0.68,$0.00B,$0.04B,0.0,$0.05B,$0.05B,100.00%,$0.05B,$0.01B,10.87%,$0.05B,$0.01B,10.87%,$0.05B,$0.01B,13.04%,$0.05B,$0.01B,10.87%,$0.05B,$0.00B,6.52%,$0.00B,$0.04B,8.05%,$0.00B,$0.04B,8.63%,$0.00B,$0.13B,2.40%,$0.01B,$0.04B,13.42%,$14,$0,$14,$0,$0,$11,$3,$0,$3,$1,$2,$2,$2,$3,$3,$7,7,$0.26,$0.26,$5,$0,$0,$60,$2,$62,$2,$2,$69,$129,$89,$0,$0,$1,$90,$0,$7,$1,$39,$129,$4,$1,$-0,$1,$0,$0,$0,$6,$6,$10,$-1,$0,$0,$0,$-24,$-24,$0,$-24,$0,$0,$0,$-0,$-0,$-1,$0,$-1,$-15,$0,$-1
17,2014-06-30,6.07,$5.18,1.17,$8.21,0.74,$3.80,1.6,$0.66,9.2,$0.07B,$0.09B,0.75,$0.00B,$0.04B,0.0,$0.04B,$0.04B,100.00%,$0.04B,$0.00B,9.52%,$0.04B,$0.00B,9.52%,$0.04B,$0.01B,11.90%,$0.04B,$0.00B,9.52%,$0.04B,$0.00B,7.14%,$0.00B,$0.04B,9.45%,$0.00B,$0.04B,10.34%,$0.00B,$0.13B,2.57%,$0.00B,$0.04B,12.60%,$11,$0,$11,$0,$0,$9,$2,$0,$2,$1,$1,$1,$1,$2,$2,$7,7,$0.19,$0.18,$7,$0,$0,$70,$2,$56,$2,$1,$62,$131,$93,$0,$0,$1,$94,$0,$5,$1,$38,$131,$2,$0,$-1,$-0,$0,$0,$0,$3,$3,$4,$0,$0,$0,$0,$-16,$-16,$-1,$-17,$0,$0,$0,$-0,$-0,$-1,$0,$-1,$-13,$0,$-1
18,2014-03-31,6.3,$4.98,1.26,$8.71,0.72,$3.64,1.73,$0.50,12.6,$0.07B,$0.09B,0.78,$0.00B,$0.04B,0.0,$0.04B,$0.04B,100.00%,$0.04B,$0.00B,5.13%,$0.04B,$0.00B,5.13%,$0.04B,$0.00B,7.69%,$0.04B,$0.00B,5.13%,$0.04B,$0.00B,5.13%,$0.00B,$0.04B,7.62%,$0.00B,$0.03B,8.51%,$0.00B,$0.12B,1.88%,$0.00B,$0.04B,7.62%,$10,$0,$10,$0,$0,$10,$0,$0,$0,$0,$0,$0,$0,$1,$0,$7,7,$0.05,$0.04,$9,$0,$0,$68,$2,$50,$3,$1,$56,$124,$87,$0,$0,$1,$88,$0,$4,$1,$36,$124,$0,$0,$-0,$0,$-1,$0,$0,$1,$0,$0,$0,$0,$0,$0,$-11,$-11,$-0,$-11,$0,$0,$0,$0,$0,$-0,$0,$-0,$-11,$0,$-0
19,2013-12-31,6.54,$4.91,1.33,$9.26,0.71,$4.16,1.57,$0.51,12.82,$0.07B,$0.08B,0.91,$0.00B,$0.04B,0.0,$0.04B,$0.04B,100.00%,$0.04B,$0.00B,5.41%,$0.04B,$0.00B,5.41%,$0.04B,$0.00B,8.11%,$0.04B,$0.00B,5.41%,$0.04B,$0.00B,5.41%,$0.00B,$0.04B,9.30%,$0.00B,$0.03B,10.81%,$0.00B,$0.12B,2.05%,$0.00B,$0.04B,9.30%,$11,$0,$11,$0,$0,$11,$0,$-0,$0,$-0,$0,$0,$0,$0,$0,$4,4,$0.00,$0.00,$20,$0,$0,$73,$2,$38,$3,$1,$44,$117,$80,$0,$0,$1,$81,$0,$4,$0,$36,$117,$2,$1,$-1,$-0,$0,$0,$0,$6,$6,$7,$0,$0,$0,$0,$-6,$-6,$-0,$-7,$-0,$-1,$-1,$19,$19,$-1,$0,$17,$18,$0,$-1
20,2013-09-30,4.71,$4.47,1.05,$8.24,0.57,$3.99,1.18,$0.11,42.79,$0.06B,$0.08B,0.72,$0.00B,$0.02B,0.0,$0.03B,$0.03B,100.00%,$0.03B,0,0.00%,$0.03B,0,0.00%,$0.03B,$0.00B,6.25%,$0.03B,0,0.00%,$0.03B,$0.00B,3.13%,$0.00B,$0.02B,6.06%,$0.00B,$0.01B,7.41%,$0.00B,$0.10B,1.09%,$0.00B,$0.02B,0.00%,$10,$0,$10,$0,$0,$8,$2,$-0,$2,$1,$2,$2,$2,$2,$2,$4,4,$0.44,$0.43,$4,$0,$0,$55,$2,$34,$3,$1,$39,$95,$77,$0,$0,$1,$78,$0,$4,$0,$17,$95,$2,$1,$-1,$-0,$0,$0,$0,$3,$4,$5,$0,$0,$0,$0,$-2,$-2,$-0,$-2,$0,$-1,$-0,$-0,$-0,$-0,$0,$-1,$2,$0,$-0
21,2013-06-30,4.63,$4.09,1.13,$7.53,0.61,$3.41,1.36,$-0.09,0.0,$0.05B,$0.07B,0.73,$0.00B,$0.02B,0.0,$0.03B,$0.03B,100.00%,$0.03B,$-0.00B,-3.33%,$0.03B,$-0.00B,-3.33%,$0.03B,$0.00B,3.33%,$0.03B,$-0.00B,-3.33%,$0.03B,$-0.00B,-3.33%,$-0.00B,$0.02B,-5.97%,$-0.00B,$0.01B,-7.41%,$-0.00B,$0.09B,-1.14%,$-0.00B,$0.02B,-5.97%,$8,$0,$8,$0,$0,$8,$0,$-0,$0,$0,$0,$0,$0,$0,$0,$4,4,$0.02,$0.02,$4,$0,$0,$53,$2,$30,$3,$1,$36,$90,$73,$0,$0,$1,$74,$0,$3,$0,$16,$90,$0,$0,$-1,$-0,$0,$0,$0,$2,$2,$2,$0,$0,$0,$0,$1,$1,$-0,$1,$0,$-1,$-0,$-0,$-0,$-0,$0,$-1,$2,$0,$-0
22,2013-03-31,5.01,$4.33,1.16,$7.48,0.67,$3.09,1.62,$0.04,125.3,$0.05B,$0.07B,0.71,$0.00B,$0.02B,0.0,$0.03B,$0.03B,100.00%,$0.03B,0,0.00%,$0.03B,0,0.00%,$0.03B,$0.00B,6.67%,$0.03B,0,0.00%,$0.03B,0,0.00%,$0.00B,$0.02B,0.00%,$0.00B,$0.01B,0.00%,$0.00B,$0.09B,0.00%,$0.00B,$0.02B,0.00%,$8,$0,$8,$0,$0,$7,$0,$-0,$0,$0,$0,$0,$0,$1,$0,$4,4,$0.05,$0.05,$3,$0,$0,$50,$2,$34,$3,$1,$39,$89,$70,$0,$0,$2,$72,$0,$3,$1,$17,$89,$0,$0,$-0,$-0,$0,$0,$0,$2,$2,$2,$0,$0,$0,$0,$-1,$-1,$-0,$-1,$0,$-1,$-0,$0,$0,$-0,$0,$-1,$1,$0,$-0
23,2012-12-31,4.25,$4.24,1.0,$7.52,0.56,$2.46,1.72,$0.19,22.35,$0.05B,$0.08B,0.72,$0.00B,$0.02B,0.0,$0.03B,$0.03B,100.00%,$0.03B,$0.00B,3.45%,$0.03B,$0.00B,3.45%,$0.03B,$0.00B,6.90%,$0.03B,$0.00B,3.45%,$0.03B,$0.00B,3.45%,$0.00B,$0.02B,5.97%,$0.00B,$0.01B,7.41%,$0.00B,$0.09B,1.24%,$0.00B,$0.02B,5.97%,$6,$0,$6,$0,$0,$8,$-2,$-0,$-2,$-1,$-1,$-1,$-1,$-1,$-2,$4,4,$-0.27,$-0.26,$2,$0,$0,$54,$2,$32,$3,$2,$39,$93,$75,$0,$0,$2,$77,$0,$3,$1,$16,$93,$1,$1,$-1,$-0,$-2,$0,$0,$9,$6,$6,$0,$0,$0,$0,$-4,$-4,$-0,$-4,$1,$-0,$0,$0,$0,$-1,$0,$-0,$2,$0,$-1
24,2012-09-30,4.4,$4.61,0.96,$7.88,0.56,$2.67,1.65,$0.94,4.68,$0.05B,$0.06B,0.75,$0.00B,$0.02B,0.0,$0.03B,$0.03B,100.00%,$0.03B,$0.01B,16.13%,$0.03B,$0.01B,16.13%,$0.03B,$0.01B,16.13%,$0.03B,$0.01B,16.13%,$0.03B,$0.00B,9.68%,$0.00B,$0.02B,18.18%,$0.00B,$0.01B,22.64%,$0.00B,$0.08B,4.01%,$0.01B,$0.02B,30.30%,$8,$0,$8,$0,$0,$7,$1,$-0,$1,$0,$0,$0,$0,$1,$1,$4,4,$0.12,$0.11,$2,$0,$0,$45,$2,$29,$3,$1,$35,$80,$60,$0,$0,$2,$62,$0,$4,$1,$18,$80,$2,$1,$-0,$0,$0,$0,$0,$2,$1,$3,$0,$0,$0,$0,$-0,$-0,$-0,$-0,$0,$0,$0,$0,$0,$-0,$0,$-0,$2,$0,$-0
25,2012-06-30,4.49,$4.45,1.01,$7.69,0.58,$3.40,1.32,$0.77,5.83,$0.04B,$0.06B,0.75,$0.00B,$0.02B,0.0,$0.03B,$0.03B,100.00%,$0.03B,$0.00B,13.33%,$0.03B,$0.00B,13.33%,$0.03B,$0.00B,13.33%,$0.03B,$0.00B,13.33%,$0.03B,$0.00B,10.00%,$0.00B,$0.02B,19.35%,$0.00B,$0.01B,24.49%,$0.00B,$0.08B,4.17%,$0.00B,$0.02B,25.81%,$8,$0,$8,$0,$0,$7,$1,$-0,$1,$0,$1,$1,$1,$1,$1,$4,4,$0.15,$0.15,$1,$0,$0,$43,$2,$27,$3,$1,$33,$76,$58,$0,$0,$2,$59,$0,$4,$1,$17,$76,$1,$0,$-0,$0,$0,$0,$0,$0,$-1,$0,$0,$0,$0,$0,$1,$1,$-0,$1,$0,$-0,$-0,$0,$0,$-0,$0,$-0,$1,$0,$-0
26,2012-03-31,2.71,$4.32,0.63,$7.46,0.36,$3.80,0.71,$0.82,3.31,$0.04B,$0.05B,0.72,$0.00B,$0.02B,0.0,$0.03B,$0.03B,100.00%,$0.03B,$0.00B,13.79%,$0.03B,$0.00B,13.79%,$0.03B,$0.00B,13.79%,$0.03B,$0.00B,13.79%,$0.03B,$0.00B,10.34%,$0.00B,$0.02B,20.34%,$0.00B,$0.01B,26.67%,$0.00B,$0.07B,4.33%,$0.00B,$0.02B,27.12%,$7,$0,$7,$0,$0,$6,$1,$-0,$1,$0,$1,$1,$1,$1,$1,$4,4,$0.20,$0.20,$0,$0,$0,$39,$2,$27,$4,$1,$34,$73,$54,$0,$0,$2,$56,$0,$3,$1,$16,$73,$1,$0,$-0,$0,$0,$0,$0,$0,$-1,$-0,$0,$0,$0,$0,$0,$0,$-0,$0,$0,$-0,$-0,$0,$0,$-0,$0,$-0,$0,$0,$-0
27,2011-12-31,3.03,$4.07,0.75,$7.10,0.43,$4.17,0.73,$0.65,4.67,$0.04B,$0.05B,0.66,$0.00B,$0.02B,0.0,$0.03B,$0.03B,100.00%,$0.03B,$0.00B,10.71%,$0.03B,$0.00B,10.71%,$0.03B,$0.00B,10.71%,$0.03B,$0.00B,10.71%,$0.03B,$0.00B,7.14%,$0.00B,$0.02B,14.29%,$0.00B,$0.01B,19.51%,$0.00B,$0.07B,3.00%,$0.00B,$0.02B,21.43%,$8,$0,$8,$0,$0,$6,$2,$-0,$2,$1,$1,$1,$1,$2,$2,$4,4,$0.36,$0.35,$0,$0,$0,$36,$2,$27,$4,$1,$34,$70,$54,$0,$0,$0,$54,$0,$3,$0,$15,$70,$3,$1,$-1,$0,$-1,$0,$0,$4,$5,$7,$0,$0,$0,$0,$-7,$-7,$0,$-7,$-0,$0,$-0,$-0,$-0,$-0,$0,$-1,$-0,$0,$-0
28,2011-09-30,2.91,$3.05,0.96,$6.80,0.43,$3.41,0.86,$0.29,10.04,$0.04B,$0.05B,0.76,$0.00B,$0.01B,0.0,$0.03B,$0.03B,100.00%,$0.03B,$0.00B,7.69%,$0.03B,$0.00B,7.69%,$0.03B,$0.00B,7.69%,$0.03B,$0.00B,7.69%,$0.03B,$0.00B,3.85%,$0.00B,$0.01B,7.41%,$0.00B,$0.01B,10.53%,$0.00B,$0.07B,1.56%,$0.00B,$0.01B,14.81%,$7,$0,$7,$0,$0,$7,$0,$-0,$0,$-0,$0,$0,$0,$0,$0,$4,4,$0.06,$0.06,$3,$0,$0,$40,$2,$23,$4,$1,$29,$69,$53,$0,$0,$2,$55,$0,$1,$0,$14,$69,$1,$1,$-1,$-0,$0,$0,$0,$5,$5,$6,$0,$0,$0,$0,$-3,$-3,$0,$-2,$-1,$0,$-1,$0,$0,$-0,$0,$-1,$3,$0,$-0
29,2011-06-30,2.48,$3.04,0.81,$6.56,0.38,$2.47,1.0,$0.28,8.85,$0.04B,$0.05B,0.75,$0.00B,$0.01B,0.0,$0.03B,$0.03B,100.00%,$0.03B,$0.00B,8.00%,$0.03B,$0.00B,8.00%,$0.03B,$0.00B,12.00%,$0.03B,$0.00B,8.00%,$0.03B,$0.00B,4.00%,$0.00B,$0.01B,7.55%,$0.00B,$0.01B,10.81%,$0.00B,$0.07B,1.63%,$0.00B,$0.01B,15.09%,$7,$0,$7,$0,$0,$6,$1,$-0,$1,$0,$1,$1,$1,$1,$1,$4,4,$0.20,$0.20,$0,$0,$0,$37,$2,$22,$4,$1,$28,$65,$49,$0,$0,$2,$51,$0,$1,$0,$14,$65,$1,$0,$-0,$0,$0,$0,$0,$1,$1,$2,$0,$0,$0,$0,$-2,$-2,$0,$-2,$-1,$0,$-1,$0,$0,$0,$0,$-1,$-0,$0,$0
30,2011-03-31,2.56,$3.42,0.75,$6.49,0.39,$2.48,1.03,$0.19,13.48,$0.03B,$0.05B,0.71,$0.00B,$0.01B,0.0,$0.02B,$0.02B,100.00%,$0.02B,$0.00B,8.70%,$0.02B,$0.00B,8.70%,$0.02B,$0.00B,13.04%,$0.02B,$0.00B,8.70%,$0.02B,0,0.00%,$0.00B,$0.01B,0.00%,$0.00B,$0.01B,0.00%,$0.00B,$0.06B,0.00%,$0.00B,$0.01B,15.38%,$6,$0,$6,$0,$0,$6,$0,$-0,$0,$0,$0,$0,$0,$0,$0,$4,4,$0.03,$0.03,$0,$0,$0,$34,$2,$21,$4,$2,$29,$63,$48,$0,$0,$2,$50,$0,$0,$0,$13,$63,$0,$0,$0,$0,$0,$0,$0,$1,$1,$1,$0,$0,$0,$0,$-1,$-1,$0,$-1,$-0,$0,$-0,$0,$0,$0,$0,$-0,$0,$0,$0
31,2010-12-31,2.9,$3.37,0.86,$6.49,0.45,$2.08,1.4,$0.24,12.09,$0.03B,$0.05B,0.67,$0.00B,$0.01B,0.0,$0.02B,$0.02B,100.00%,$0.02B,$0.00B,9.09%,$0.02B,$0.00B,9.09%,$0.02B,$0.00B,18.18%,$0.02B,$0.00B,9.09%,$0.02B,0,0.00%,$0.00B,$0.01B,0.00%,$0.00B,$0.01B,0.00%,$0.00B,$0.06B,0.00%,$0.00B,$0.01B,16.00%,$6,$0,$6,$0,$0,$5,$1,$-0,$1,$0,$0,$0,$0,$1,$1,$3,3,$0.04,$0.04,$0,$0,$0,$31,$2,$20,$4,$1,$28,$59,$46,$0,$0,$0,$46,$0,$0,$0,$13,$59,$1,$1,$1,$2,$-1,$0,$0,$1,$1,$4,$0,$0,$0,$0,$-5,$-5,$0,$-4,$0,$0,$0,$0,$0,$0,$0,$0,$-0,$0,$0
32,2010-09-30,2.01,$3.44,0.58,$6.08,0.33,$1.39,1.44,$0.24,8.36,$0.03B,$0.04B,0.74,$0.00B,$0.01B,0.0,$0.02B,$0.02B,100.00%,$0.02B,$0.00B,5.00%,$0.02B,$0.00B,5.00%,$0.02B,$0.00B,15.00%,$0.02B,$0.00B,5.00%,$0.02B,0,0.00%,$0.00B,$0.01B,0.00%,$0.00B,$0.01B,0.00%,$0.00B,$0.06B,0.00%,$0.00B,$0.01B,8.51%,$6,$0,$6,$0,$0,$5,$0,$-0,$0,$0,$0,$0,$0,$1,$0,$4,4,$0.06,$0.06,$1,$0,$0,$32,$2,$18,$4,$1,$26,$58,$43,$0,$0,$1,$45,$0,$0,$1,$13,$58,$1,$1,$0,$1,$0,$0,$0,$1,$0,$2,$0,$0,$0,$0,$-3,$-3,$0,$-2,$0,$0,$0,$0,$0,$0,$0,$0,$0,$0,$0
33,2010-06-30,2.4,$3.28,0.73,$5.71,0.42,$1.01,2.38,$1.93,1.24,$0.03B,$0.04B,0.77,$0.00B,$0.01B,0.0,$0.02B,$0.02B,100.00%,$0.02B,$0.00B,5.56%,$0.02B,$0.00B,5.56%,$0.02B,$0.00B,16.67%,$0.02B,$0.01B,38.89%,$0.02B,$0.01B,33.33%,$0.01B,$0.01B,53.33%,$0.01B,$0.01B,92.31%,$0.01B,$0.06B,11.16%,$0.00B,$0.01B,8.89%,$5,$0,$5,$0,$0,$4,$1,$-0,$1,$0,$0,$0,$0,$1,$1,$3,3,$0.11,$0.11,$1,$0,$0,$32,$2,$17,$4,$0,$24,$56,$42,$0,$0,$1,$43,$0,$-0,$0,$13,$56,$1,$0,$0,$1,$0,$0,$0,$1,$0,$2,$0,$0,$0,$0,$-2,$-2,$0,$-2,$0,$0,$0,$0,$0,$0,$0,$0,$0,$0,$0
34,2010-03-31,2.49,$3.57,0.7,$4.14,0.6,$0.22,11.54,$1.74,1.43,$0.03B,$0.04B,0.79,$0.00B,$0.01B,0.0,$0.01B,$0.01B,100.00%,$0.01B,0,0.00%,$0.01B,0,0.00%,$0.01B,$0.00B,15.38%,$0.01B,$0.01B,46.15%,$0.01B,$0.01B,46.15%,$0.01B,$0.01B,64.86%,$0.01B,$0.01B,104.35%,$0.01B,$0.05B,14.46%,$0.00B,$0.01B,0.00%,$5,$0,$5,$0,$0,$4,$0,$-0,$0,$0,$0,$0,$0,$1,$0,$3,3,$0.08,$0.08,$1,$0,$0,$32,$2,$15,$4,$1,$22,$53,$40,$0,$0,$2,$42,$0,$-0,$0,$11,$53,$0,$0,$-0,$0,$0,$0,$0,$-0,$-1,$-0,$0,$0,$0,$0,$-0,$-0,$0,$-0,$0,$0,$0,$0,$0,$0,$0,$0,$0,$0,$0
35,2009-12-31,2.06,$3.47,0.59,$2.57,0.8,$0.32,6.44,$1.60,1.29,$0.03B,$0.04B,0.72,$0.00B,$0.01B,0.0,$0.01B,$0.01B,100.00%,$0.01B,0,0.00%,$0.01B,0,0.00%,$0.01B,$0.00B,12.50%,$0.01B,$0.01B,75.00%,$0.01B,$0.01B,75.00%,$0.01B,$0.01B,77.42%,$0.01B,$0.01B,109.09%,$0.01B,$0.05B,19.67%,$0.00B,$0.01B,0.00%,$4,$0,$4,$0,$0,$4,$-0,$-0,$-0,$-0,$-0,$-0,$-0,$0,$-0,$3,3,$-0.11,$0.22,$1,$0,$0,$30,$2,$15,$5,$1,$23,$53,$41,$0,$0,$1,$42,$0,$-1,$0,$10,$53,$5,$0,$-5,$-5,$0,$0,$0,$1,$2,$1,$0,$0,$3,$0,$-3,$-3,$-0,$-0,$-0,$0,$-0,$0,$0,$0,$0,$-0,$0,$0,$0
36,2009-09-30,1.78,$3.59,0.5,$1.29,1.38,$-0.34,0.0,$1.60,1.11,$0.03B,$0.04B,0.82,$0.00B,$0.01B,0.0,$0.00B,$0.00B,100.00%,$0.00B,0,0.00%,$0.00B,0,0.00%,$0.00B,$0.00B,25.00%,$0.00B,$0.01B,150.00%,$0.00B,$0.01B,125.00%,$0.01B,$0.01B,76.92%,$0.01B,$0.01B,95.24%,$0.01B,$0.05B,25.64%,$0.00B,$0.01B,0.00%,$4,$0,$4,$0,$0,$4,$0,$5,$6,$0,$6,$6,$6,$1,$0,$3,4,$1.87,$1.54,$3,$0,$0,$32,$2,$12,$5,$0,$20,$53,$39,$0,$0,$3,$42,$0,$-0,$0,$11,$53,$5,$0,$-5,$-5,$0,$0,$0,$0,$1,$1,$0,$0,$3,$0,$-1,$-1,$-0,$2,$-1,$0,$-1,$0,$0,$0,$0,$-1,$2,$0,$0
37,2009-06-30,1.86,$1.64,1.14,$0.19,9.71,$-0.70,0.0,$-0.17,0.0,$0.00B,$0.00B,0.81,$0.00B,$0.01B,0.11,$0.00B,0,nan%,$0.00B,0,nan%,$0.00B,0,nan%,$0.00B,0,nan%,$0.00B,0,nan%,$0.00B,$-0.00B,inf%,$-0.00B,$0.01B,-19.05%,$-0.00B,$0.01B,-22.22%,$-0.00B,$0.01B,-11.43%,$0.00B,$0.01B,0.00%,$0,$0,$0,$0,$0,$0,$-0,$-0,$-0,$-0,$-0,$-0,$-0,$-0,$-0,$3,3,$-0.08,$-0.08,$0,$0,$0,$1,$0,$0,$0,$0,$7,$7,$1,$1,$0,$2,$3,$0,$-6,$0,$5,$7,$-0,$0,$-0,$-0,$0,$0,$0,$0,$-0,$-1,$0,$0,$2,$0,$0,$0,$-0,$2,$-1,$0,$-1,$0,$0,$0,$0,$-1,$0,$0,$0
38,2009-03-31,0.3,$1.71,0.17,$0.15,2.01,$-0.79,0.0,$-0.13,0.0,$0.00B,$0.00B,1.18,$0.00B,$0.01B,0.11,$0.00B,0,nan%,$0.00B,0,nan%,$0.00B,0,nan%,$0.00B,0,nan%,$0.00B,0,nan%,$0.00B,$-0.00B,inf%,$-0.00B,$0.01B,-18.18%,$-0.00B,$0.01B,-25.00%,$-0.00B,$0.01B,-10.53%,$0.00B,$0.01B,0.00%,$0,$0,$0,$0,$0,$0,$-0,$-0,$-0,$-0,$-0,$-0,$-0,$-0,$-0,$3,3,$-0.06,$-0.06,$0,$0,$0,$3,$0,$0,$0,$0,$6,$9,$3,$1,$0,$1,$4,$0,$-6,$0,$5,$9,$-0,$0,$0,$0,$0,$0,$0,$-0,$0,$0,$0,$0,$-0,$0,$0,$0,$-0,$-0,$-0,$0,$-0,$0,$0,$0,$0,$-0,$0,$0,$0
39,2008-12-31,0.4,$1.77,0.23,$0.14,2.75,$-1.19,0.0,$-0.15,0.0,$0.00B,$0.00B,0.98,$0.00B,$0.01B,0.0,$0.00B,0,nan%,$0.00B,0,nan%,$0.00B,0,nan%,$0.00B,0,nan%,$0.00B,0,nan%,$0.00B,$-0.00B,inf%,$-0.00B,$0.01B,-17.39%,$-0.00B,$0.01B,-28.57%,$-0.00B,$0.01B,-10.26%,$0.00B,$0.01B,0.00%,$0,$0,$0,$0,$0,$0,$-0,$-0,$-0,$-0,$-0,$-0,$-1,$-0,$-0,$3,3,$-0.18,$-0.18,$0,$0,$0,$3,$0,$0,$0,$0,$6,$9,$3,$0,$0,$1,$4,$0,$-6,$0,$5,$9,$-1,$-1,$0,$-0,$0,$0,$0,$-0,$1,$-1,$0,$0,$1,$0,$0,$0,$-0,$1,$-1,$0,$-1,$0,$0,$0,$-1,$-1,$-1,$0,$0
40,2008-09-30,0.66,$1.95,0.34,$-1.18,0.0,$-1.08,0.0,$-0.15,0.0,$0.00B,$0.00B,0.35,$0.00B,$0.01B,0.08,$-0.00B,$-0.00B,100.00%,$-0.00B,$-0.00B,25.00%,$-0.00B,$-0.00B,25.00%,$-0.00B,$-0.00B,50.00%,$-0.00B,$-0.00B,25.00%,$-0.00B,0,0.00%,$0.00B,$0.01B,0.00%,$0.00B,$0.00B,0.00%,$0.00B,$0.01B,0.00%,$-0.00B,$0.01B,-14.81%,$0,$0,$0,$0,$0,$0,$-0,$0,$-0,$-0,$-0,$-0,$-0,$-0,$-0,$3,3,$-0.03,$-0.03,$1,$0,$0,$1,$0,$0,$3,$0,$9,$10,$4,$0,$0,$1,$5,$0,$-5,$0,$6,$10,$-0,$-1,$-0,$-1,$0,$0,$0,$0,$1,$-1,$-0,$0,$1,$0,$0,$0,$-0,$1,$-0,$0,$-0,$0,$0,$0,$-1,$-1,$-1,$0,$0
41,2008-06-30,0.84,$1.97,0.43,$-0.81,0.0,$-0.88,0.0,$-0.10,0.0,$0.00B,$0.00B,1.08,$0.00B,$0.01B,0.33,$-0.00B,$-0.00B,100.00%,$-0.00B,$-0.00B,33.33%,$-0.00B,$-0.00B,33.33%,$-0.00B,$-0.00B,66.67%,$-0.00B,$-0.00B,33.33%,$-0.00B,0,0.00%,$0.00B,$0.01B,0.00%,$0.00B,$0.00B,0.00%,$0.00B,$0.01B,0.00%,$-0.00B,$0.01B,-14.29%,$0,$0,$0,$0,$0,$0,$-0,$0,$0,$-0,$0,$0,$-0,$-0,$-0,$3,3,$-0.04,$-0.04,$0,$0,$0,$1,$0,$0,$3,$0,$9,$10,$1,$2,$0,$3,$4,$0,$-5,$0,$6,$10,$-0,$-0,$-0,$-1,$-0,$0,$0,$0,$0,$-1,$0,$0,$1,$0,$0,$0,$-0,$1,$-0,$0,$-0,$0,$0,$0,$-1,$-1,$-1,$0,$0
42,2008-03-31,1.38,$2.00,0.69,$-0.39,0.0,$-0.52,0.0,$-0.02,0.0,$0.00B,$0.00B,0.54,$0.00B,$0.01B,0.08,$-0.00B,$-0.00B,100.00%,$-0.00B,$-0.00B,100.00%,$-0.00B,$-0.00B,100.00%,$-0.00B,$-0.00B,200.00%,$-0.00B,$-0.00B,100.00%,$-0.00B,0,0.00%,$0.00B,$0.01B,0.00%,$0.00B,$0.00B,0.00%,$0.00B,$0.01B,0.00%,$-0.00B,$0.01B,-14.29%,$0,$0,$0,$0,$0,$0,$-0,$0,$0,$-0,$0,$0,$-0,$-0,$-0,$3,3,$-0.08,$-0.08,$0,$0,$0,$2,$0,$0,$3,$0,$9,$10,$3,$0,$0,$1,$4,$0,$-5,$0,$6,$10,$-0,$-0,$-1,$-1,$-0,$0,$0,$-0,$-0,$-1,$0,$0,$1,$0,$0,$0,$-0,$1,$-0,$0,$-0,$0,$0,$0,$-1,$-1,$-1,$0,$0
43,2007-12-31,1.38,$2.07,0.67,$0.07,19.93,$0.03,47.41,$0.09,15.38,$0.02B,$0.02B,1.1,$0.00B,$0.01B,0.08,$0.00B,$0.00B,100.00%,$0.00B,$-0.00B,-100.00%,$0.00B,$-0.00B,-100.00%,$0.00B,$-0.00B,-200.00%,$0.00B,$-0.00B,-100.00%,$0.00B,0,0.00%,$0.00B,$0.01B,0.00%,$0.00B,$0.01B,0.00%,$0.00B,$0.02B,0.00%,$-0.00B,$0.01B,-13.33%,$-4,$0,$-4,$0,$-2,$-3,$-1,$0,$-1,$-0,$-1,$-1,$-0,$-2,$-1,$3,3,$-0.12,$-0.11,$1,$0,$0,$18,$0,$0,$0,$0,$5,$23,$16,$0,$0,$1,$17,$0,$-5,$0,$6,$23,$-0,$-1,$1,$-0,$0,$0,$0,$-0,$-0,$-0,$-0,$0,$2,$0,$0,$0,$0,$2,$-1,$0,$-1,$0,$0,$0,$-1,$-2,$-0,$0,$0
44,2007-09-30,1.91,$2.16,0.88,$0.95,2.01,$0.02,90.37,$0.09,21.19,$0.02B,$0.02B,0.95,$0.00B,$0.01B,0.1,$0.00B,$0.00B,100.00%,$0.00B,$-0.00B,-25.00%,$0.00B,$-0.00B,-25.00%,$0.00B,$-0.00B,-50.00%,$0.00B,$-0.00B,-25.00%,$0.00B,0,0.00%,$0.00B,$0.01B,0.00%,$0.00B,$0.00B,0.00%,$0.00B,$0.02B,0.00%,$-0.00B,$0.01B,-12.90%,$1,$0,$1,$0,$1,$2,$-0,$0,$-0,$-0,$-0,$-0,$0,$-0,$-0,$3,3,$0.02,$0.02,$1,$0,$0,$16,$0,$0,$3,$0,$8,$24,$17,$1,$0,$1,$18,$0,$-4,$0,$6,$24,$0,$-0,$0,$-0,$0,$0,$0,$-0,$-0,$0,$-0,$0,$1,$0,$0,$0,$0,$1,$-0,$0,$-0,$0,$0,$0,$-1,$-2,$-0,$0,$0
45,2007-06-30,2.22,$2.14,1.04,$1.33,1.67,$-0.06,0.0,$0.11,20.2,$0.02B,$0.02B,1.05,$0.00B,$0.01B,0.34,$0.01B,$0.01B,100.00%,$0.01B,$-0.00B,-16.67%,$0.01B,$-0.00B,-16.67%,$0.01B,$-0.00B,-33.33%,$0.01B,$-0.00B,-16.67%,$0.01B,0,0.00%,$0.00B,$0.01B,0.00%,$0.00B,$0.00B,0.00%,$0.00B,$0.02B,0.00%,$-0.00B,$0.01B,-12.90%,$2,$0,$2,$0,$2,$2,$-0,$0,$0,$0,$0,$0,$0,$-0,$-0,$3,3,$0.05,$0.04,$1,$0,$0,$16,$1,$0,$3,$0,$8,$24,$15,$2,$0,$3,$18,$0,$-4,$0,$6,$24,$0,$-0,$0,$-0,$0,$0,$0,$-0,$0,$0,$-0,$0,$1,$0,$0,$0,$0,$1,$-0,$0,$-0,$0,$0,$0,$-1,$-1,$-0,$0,$0
46,2007-03-31,1.99,$2.09,0.95,$1.80,1.1,$-0.04,0.0,$0.16,12.44,$0.02B,$0.02B,1.12,$0.00B,$0.01B,0.37,$0.01B,$0.01B,100.00%,$0.01B,$-0.00B,-14.29%,$0.01B,$-0.00B,-14.29%,$0.01B,$-0.00B,-28.57%,$0.01B,$-0.00B,-14.29%,$0.01B,0,0.00%,$0.00B,$0.01B,0.00%,$0.00B,$0.00B,0.00%,$0.00B,$0.03B,0.00%,$-0.00B,$0.01B,-12.90%,$2,$0,$2,$0,$2,$2,$-0,$0,$0,$0,$0,$0,$0,$-0,$-0,$3,3,$0.03,$0.03,$1,$0,$0,$17,$0,$0,$3,$0,$8,$25,$15,$2,$0,$3,$19,$0,$-4,$0,$6,$25,$0,$-0,$0,$0,$0,$0,$0,$-0,$0,$1,$-0,$0,$0,$0,$0,$0,$0,$0,$-0,$0,$-0,$0,$0,$0,$-1,$-1,$-0,$0,$0
47,2006-12-31,2.54,$2.07,1.23,$2.20,1.15,$0.10,24.8,$0.17,14.92,$0.02B,$0.02B,1.14,$0.00B,$0.01B,0.4,$0.01B,$0.01B,100.00%,$0.01B,$-0.00B,-12.50%,$0.01B,$-0.00B,-12.50%,$0.01B,$-0.00B,-25.00%,$0.01B,$-0.00B,-12.50%,$0.01B,0,0.00%,$0.00B,$0.01B,0.00%,$0.00B,$0.00B,0.00%,$0.00B,$0.03B,0.00%,$-0.00B,$0.01B,-12.90%,$-1,$0,$-1,$0,$1,$0,$-1,$1,$-1,$-0,$-0,$-0,$-0,$-2,$-1,$3,3,$0.00,$0.00,$1,$0,$0,$18,$0,$0,$3,$0,$7,$25,$16,$2,$0,$4,$19,$0,$-4,$0,$6,$25,$1,$-1,$-0,$-1,$0,$0,$0,$0,$0,$-0,$-0,$0,$1,$0,$0,$0,$-3,$-2,$1,$0,$1,$0,$0,$0,$1,$2,$-1,$0,$0
