,Date,Stock Price,Book Value per Share,Price to Book Ratio,TTM Sales per Share,Price to Sales Ratio,TTM FCF per Share,Price to FCF Ratio,TTM Net EPS,PE Ratio,Current Assets,Current Liabilities,Current Ratio,Long Term Debt,Shareholder's Equity_x,Debt to Equity Ratio,TTM Revenue_x,TTM Gross Profit,Gross Margin,TTM Revenue_y,TTM Operating Income,Operating Margin,TTM Revenue_x,TTM EBIT,EBIT Margin,TTM Revenue_y,TTM EBITDA,EBITDA Margin,TTM Revenue_x,TTM Pre-Tax Income,Pre-Tax Margin,TTM Revenue_y,TTM Net Income_x,Net Margin,TTM Net Income_y,Shareholder's Equity_y,Return on Equity,TTM Net Income_x,Tangible Equity,Return on Tangible Equity,TTM Net Income_y,Total Assets,Return on Assets,TTM Net Income,LT Investments & Debt,Return on Investment,revenue,cost-goods-sold,gross-profit,research-development-expenses,selling-general-administrative-expenses,operating-expenses,operating-income,total-non-operating-income-expense,pre-tax-income,total-provision-income-taxes,income-after-taxes,income-from-continuous-operations,net-income,ebitda,ebit,basic-shares-outstanding,shares-outstanding,eps-basic-net-earnings-per-share,eps-earnings-per-share-diluted,cash-on-hand,inventory,other-current-assets,total-current-assets,net-property-plant-equipment,long-term-investments,goodwill-intangible-assets-total,other-long-term-assets,total-long-term-assets,total-assets,total-current-liabilities,long-term-debt,other-non-current-liabilities,total-long-term-liabilities,total-liabilities,common-stock-net,retained-earnings-accumulated-deficit,comprehensive-income,total-share-holder-equity,total-liabilities-share-holders-equity,net-income-loss,total-depreciation-amortization-cash-flow,other-non-cash-items,total-non-cash-items,change-in-accounts-receivable,change-in-inventories,change-in-accounts-payable,change-in-assets-liabilities,total-change-in-assets-liabilities,cash-flow-from-operating-activities,net-change-in-property-plant-equipment,net-change-in-intangible-assets,net-acquisitions-divestitures,net-change-in-short-term-investments,net-change-in-long-term-investments,net-change-in-investments-total,investing-activities-other,cash-flow-from-investing-activities,net-long-term-debt,net-current-debt,debt-issuance-retirement-net-total,net-common-equity-issued-repurchased,net-total-equity-issued-repurchased,total-common-preferred-stock-dividends-paid,financial-activities-other,cash-flow-from-financial-activities,net-cash-flow,stock-based-compensation,common-stock-dividends-paid
0,2018-07-31,11.38,$8.26,1.38,$40.47,0.28,$-5.01,0.0,$0.15,75.87,$0.15B,$0.09B,1.79,$0.00B,$0.13B,0.0,$0.65B,$0.21B,32.04%,$0.65B,$0.01B,0.93%,$0.65B,$0.01B,0.93%,$0.65B,$0.03B,4.02%,$0.65B,$0.01B,1.08%,$0.65B,$0.00B,0.46%,$0.00B,$0.13B,2.24%,$0.00B,$0.13B,2.24%,$0.00B,$0.28B,1.05%,$0.01B,$0.13B,4.48%,$134,$97,$37,$0,$26,$143,$-9,$0,$-9,$-2,$-7,$-7,$-7,$-4,$-9,$16,16,$-0.43,$-0.43,$35,$95,$0,$152,$117,$0,$0,$7,$126,$278,$85,$0,$9,$63,$147,$168,$-38,$0,$130,$278,$-8,$9,$2,$12,$0,$-14,$-4,$-1,$-27,$-23,$-18,$0,$0,$0,$0,$0,$0,$-18,$0,$0,$0,$-4,$-4,$0,$-0,$-4,$-45,$1,$0
1,2018-04-30,10.59,$8.76,1.21,$40.20,0.26,$-3.37,0.0,$0.34,31.15,$0.16B,$0.08B,1.91,$0.00B,$0.14B,0.0,$0.64B,$0.21B,32.61%,$0.64B,$0.01B,1.40%,$0.64B,$0.01B,1.40%,$0.64B,$0.03B,4.50%,$0.64B,$0.01B,1.55%,$0.64B,$0.01B,0.93%,$0.01B,$0.14B,4.48%,$0.01B,$0.14B,4.48%,$0.01B,$0.28B,2.14%,$0.01B,$0.14B,6.72%,$142,$97,$45,$0,$28,$144,$-2,$0,$-1,$-0,$-1,$-1,$-1,$3,$-2,$16,16,$-0.06,$-0.06,$58,$83,$0,$157,$117,$0,$0,$7,$125,$283,$83,$0,$8,$63,$145,$168,$-31,$0,$137,$283,$-1,$5,$1,$5,$0,$-2,$-10,$0,$-12,$-8,$-11,$0,$0,$0,$0,$0,$0,$-11,$0,$0,$0,$-3,$-3,$0,$0,$-3,$-22,$0,$0
2,2018-01-31,10.61,$8.81,1.2,$39.54,0.27,$-2.43,0.0,$0.31,34.23,$0.18B,$0.10B,1.83,$0.00B,$0.14B,0.0,$0.64B,$0.21B,32.76%,$0.64B,$0.01B,1.42%,$0.64B,$0.01B,1.42%,$0.64B,$0.03B,4.41%,$0.64B,$0.01B,1.42%,$0.64B,$0.01B,0.94%,$0.01B,$0.14B,4.51%,$0.01B,$0.14B,4.51%,$0.01B,$0.30B,2.18%,$0.01B,$0.14B,6.77%,$225,$151,$74,$0,$36,$204,$21,$0,$21,$8,$13,$13,$13,$26,$21,$16,16,$0.81,$0.81,$80,$81,$0,$177,$113,$0,$0,$7,$122,$299,$97,$0,$8,$61,$158,$168,$-27,$0,$141,$299,$5,$19,$1,$20,$0,$-8,$14,$-2,$20,$45,$-28,$0,$0,$0,$0,$0,$0,$-28,$0,$0,$0,$-0,$-0,$0,$-0,$-0,$16,$2,$0
3,2017-10-31,11.7,$7.99,1.46,$38.23,0.31,$-2.24,0.0,$0.42,27.86,$0.16B,$0.09B,1.83,$0.00B,$0.13B,0.0,$0.61B,$0.19B,31.65%,$0.61B,$0.01B,1.79%,$0.61B,$0.01B,1.79%,$0.61B,$0.03B,4.89%,$0.61B,$0.01B,1.79%,$0.61B,$0.01B,1.31%,$0.01B,$0.13B,6.10%,$0.01B,$0.13B,6.10%,$0.01B,$0.28B,2.98%,$0.01B,$0.13B,8.38%,$145,$94,$51,$0,$28,$149,$-4,$0,$-4,$-1,$-2,$-2,$-2,$1,$-4,$16,16,$-0.15,$-0.15,$28,$107,$0,$158,$115,$0,$0,$7,$123,$281,$86,$0,$10,$67,$153,$167,$-39,$0,$128,$281,$-8,$14,$4,$18,$0,$-32,$13,$-4,$-23,$-12,$-24,$0,$0,$0,$0,$0,$0,$-24,$0,$0,$0,$0,$0,$0,$-0,$-0,$-36,$2,$0
4,2017-07-31,9.35,$8.11,1.15,$37.87,0.25,$-0.99,0.0,$0.52,17.98,$0.14B,$0.07B,2.18,$0.00B,$0.13B,0.0,$0.61B,$0.19B,31.85%,$0.61B,$0.01B,2.15%,$0.61B,$0.01B,2.15%,$0.61B,$0.03B,5.28%,$0.61B,$0.01B,2.15%,$0.61B,$0.01B,1.49%,$0.01B,$0.13B,6.98%,$0.01B,$0.13B,6.98%,$0.01B,$0.26B,3.40%,$0.01B,$0.13B,10.08%,$132,$92,$40,$0,$26,$137,$-6,$0,$-6,$-2,$-4,$-4,$-4,$-1,$-6,$16,16,$-0.24,$-0.24,$49,$71,$0,$142,$111,$0,$0,$6,$118,$260,$65,$0,$10,$65,$130,$166,$-37,$0,$130,$260,$-5,$9,$3,$12,$0,$2,$-4,$-1,$-9,$-1,$-14,$0,$0,$0,$0,$0,$0,$-14,$0,$0,$0,$0,$0,$0,$-0,$-0,$-15,$1,$0
5,2017-04-30,11.76,$8.37,1.4,$37.39,0.31,$-0.95,0.0,$0.54,21.78,$0.15B,$0.07B,2.19,$0.00B,$0.13B,0.0,$0.60B,$0.20B,32.66%,$0.60B,$0.01B,2.18%,$0.60B,$0.01B,2.18%,$0.60B,$0.03B,5.36%,$0.60B,$0.01B,2.18%,$0.60B,$0.01B,1.51%,$0.01B,$0.13B,7.13%,$0.01B,$0.13B,7.13%,$0.01B,$0.26B,3.47%,$0.01B,$0.13B,10.30%,$133,$90,$43,$0,$27,$135,$-2,$0,$-2,$-1,$-1,$-1,$-1,$2,$-2,$16,16,$-0.09,$-0.09,$60,$73,$0,$145,$111,$0,$0,$6,$118,$263,$66,$0,$9,$63,$130,$166,$-33,$0,$133,$263,$-1,$5,$1,$6,$0,$1,$-9,$2,$-3,$1,$-6,$0,$0,$0,$0,$0,$0,$-6,$0,$0,$0,$0,$0,$0,$0,$0,$-4,$1,$0
6,2017-01-31,13.88,$8.41,1.65,$37.11,0.37,$-1.06,0.0,$0.69,20.12,$0.15B,$0.07B,2.06,$0.00B,$0.13B,0.0,$0.59B,$0.20B,34.01%,$0.59B,$0.02B,2.86%,$0.59B,$0.02B,2.86%,$0.59B,$0.04B,6.06%,$0.59B,$0.02B,2.86%,$0.59B,$0.01B,1.85%,$0.01B,$0.13B,8.91%,$0.01B,$0.13B,8.91%,$0.01B,$0.27B,4.37%,$0.02B,$0.13B,13.77%,$203,$143,$60,$0,$33,$180,$23,$0,$23,$8,$15,$15,$15,$28,$23,$16,16,$0.91,$0.89,$64,$73,$0,$153,$111,$0,$0,$5,$117,$270,$74,$0,$9,$62,$136,$165,$-31,$0,$134,$270,$11,$20,$1,$21,$0,$-7,$10,$-1,$20,$52,$-32,$0,$0,$0,$0,$0,$0,$-32,$0,$0,$0,$0,$0,$0,$-1,$-0,$20,$3,$0
7,2016-10-31,12.21,$7.46,1.64,$35.85,0.34,$-2.39,0.0,$0.76,16.07,$0.15B,$0.08B,1.79,$0.00B,$0.12B,0.0,$0.59B,$0.21B,34.92%,$0.59B,$0.02B,3.56%,$0.59B,$0.02B,3.56%,$0.59B,$0.04B,6.61%,$0.59B,$0.02B,3.56%,$0.59B,$0.01B,2.20%,$0.01B,$0.12B,10.83%,$0.01B,$0.12B,10.83%,$0.01B,$0.27B,5.36%,$0.02B,$0.12B,17.50%,$138,$88,$50,$0,$27,$140,$-2,$-0,$-2,$-1,$-1,$-1,$-1,$3,$-2,$16,16,$-0.05,$-0.05,$28,$100,$0,$148,$114,$0,$0,$3,$117,$265,$82,$0,$8,$64,$146,$165,$-46,$0,$119,$265,$-3,$15,$3,$18,$0,$-32,$25,$-0,$-2,$12,$-28,$0,$0,$0,$0,$0,$0,$-28,$0,$0,$0,$0,$0,$0,$-1,$-0,$-16,$3,$0
8,2016-07-31,15.24,$7.46,2.04,$34.65,0.44,$-3.39,0.0,$0.79,19.29,$0.12B,$0.06B,2.1,$0.00B,$0.12B,0.0,$0.58B,$0.20B,35.11%,$0.58B,$0.02B,3.79%,$0.58B,$0.02B,3.79%,$0.58B,$0.04B,6.88%,$0.58B,$0.02B,3.79%,$0.58B,$0.01B,2.41%,$0.01B,$0.12B,11.62%,$0.01B,$0.12B,11.62%,$0.01B,$0.24B,5.83%,$0.02B,$0.12B,18.26%,$123,$81,$42,$0,$25,$129,$-6,$-0,$-6,$-2,$-4,$-4,$-4,$-1,$-6,$16,16,$-0.22,$-0.22,$30,$74,$0,$124,$112,$0,$0,$3,$115,$239,$59,$0,$8,$62,$120,$164,$-45,$0,$119,$239,$-3,$10,$2,$12,$0,$-6,$4,$-1,$-4,$5,$-20,$0,$0,$0,$0,$0,$0,$-20,$0,$0,$0,$0,$0,$0,$-1,$-0,$-15,$2,$0
9,2016-04-30,16.42,$7.70,2.13,$33.56,0.49,$-3.69,0.0,$0.88,18.66,$0.12B,$0.05B,2.31,$0.00B,$0.12B,0.0,$0.57B,$0.21B,35.78%,$0.57B,$0.02B,4.19%,$0.57B,$0.02B,4.19%,$0.57B,$0.04B,7.16%,$0.57B,$0.02B,4.19%,$0.57B,$0.02B,2.79%,$0.02B,$0.12B,13.14%,$0.02B,$0.12B,13.14%,$0.02B,$0.23B,6.74%,$0.02B,$0.12B,19.71%,$130,$80,$50,$0,$26,$128,$2,$-0,$2,$1,$1,$1,$1,$6,$2,$16,16,$0.06,$0.06,$38,$69,$0,$121,$109,$0,$0,$3,$111,$232,$52,$0,$7,$58,$111,$163,$-42,$0,$122,$232,$1,$5,$1,$6,$0,$-1,$-4,$1,$-4,$3,$-9,$0,$0,$0,$0,$0,$0,$-9,$0,$0,$0,$0,$0,$0,$-0,$-0,$-6,$1,$0
10,2016-01-31,11.83,$7.59,1.56,$32.14,0.37,$-3.50,0.0,$0.96,12.32,$0.13B,$0.06B,2.15,$0.00B,$0.12B,0.0,$0.56B,$0.20B,36.19%,$0.56B,$0.03B,4.63%,$0.56B,$0.03B,4.63%,$0.56B,$0.04B,7.66%,$0.56B,$0.03B,4.63%,$0.56B,$0.02B,3.21%,$0.02B,$0.12B,13.93%,$0.02B,$0.12B,13.93%,$0.02B,$0.24B,7.44%,$0.03B,$0.12B,20.12%,$199,$135,$64,$0,$29,$172,$27,$-0,$27,$10,$17,$17,$17,$31,$27,$17,18,$0.97,$0.95,$44,$68,$0,$128,$106,$0,$0,$2,$107,$235,$59,$0,$6,$56,$116,$162,$-42,$0,$120,$235,$17,$17,$5,$22,$0,$-12,$2,$-7,$-5,$33,$-35,$0,$0,$0,$0,$0,$0,$-35,$0,$0,$0,$-25,$-25,$-26,$-2,$-53,$-55,$4,$-26
11,2015-10-31,22.99,$7.07,3.25,$30.86,0.75,$-2.55,0.0,$0.86,26.73,$0.15B,$0.08B,1.8,$0.00B,$0.12B,0.0,$0.54B,$0.22B,39.93%,$0.54B,$0.02B,4.44%,$0.54B,$0.02B,4.44%,$0.54B,$0.04B,7.58%,$0.54B,$0.02B,4.44%,$0.54B,$0.02B,3.14%,$0.02B,$0.12B,12.41%,$0.02B,$0.12B,12.41%,$0.02B,$0.26B,6.85%,$0.02B,$0.12B,17.52%,$129,$81,$48,$0,$26,$130,$-1,$-0,$-1,$-1,$-0,$-0,$-0,$4,$-1,$17,17,$-0.02,$-0.02,$32,$95,$0,$146,$107,$0,$0,$2,$109,$255,$81,$0,$6,$53,$134,$161,$-40,$0,$121,$255,$-0,$12,$2,$14,$0,$-40,$23,$4,$-23,$-9,$-26,$0,$0,$0,$0,$0,$0,$-26,$0,$0,$0,$-6,$-6,$-26,$-1,$-32,$-67,$3,$-26
12,2015-07-31,27.28,$7.19,3.8,$30.15,0.9,$-2.22,0.0,$0.95,28.72,$0.13B,$0.05B,2.43,$0.00B,$0.12B,0.0,$0.53B,$0.21B,40.45%,$0.53B,$0.03B,5.10%,$0.53B,$0.03B,5.10%,$0.53B,$0.04B,8.13%,$0.53B,$0.03B,5.10%,$0.53B,$0.02B,3.40%,$0.02B,$0.12B,12.79%,$0.02B,$0.12B,12.79%,$0.02B,$0.23B,7.35%,$0.03B,$0.12B,19.18%,$115,$73,$43,$0,$24,$119,$-4,$-0,$-4,$-1,$-2,$-2,$-2,$0,$-4,$17,17,$-0.13,$-0.13,$49,$66,$0,$130,$95,$0,$0,$3,$97,$227,$53,$0,$6,$49,$103,$160,$-36,$0,$124,$227,$0,$8,$1,$9,$0,$-10,$-0,$1,$-19,$-10,$-11,$0,$0,$0,$0,$0,$0,$-11,$0,$0,$0,$-2,$-2,$-26,$-1,$-29,$-50,$2,$-26
13,2015-04-30,22.44,$8.84,2.54,$29.45,0.76,$-2.12,0.0,$1.02,22.0,$0.16B,$0.05B,3.14,$0.00B,$0.15B,0.0,$0.52B,$0.21B,40.43%,$0.52B,$0.03B,5.61%,$0.52B,$0.03B,5.61%,$0.52B,$0.04B,8.51%,$0.52B,$0.03B,5.61%,$0.52B,$0.02B,3.68%,$0.02B,$0.15B,13.22%,$0.02B,$0.15B,13.22%,$0.02B,$0.25B,7.74%,$0.03B,$0.15B,20.17%,$118,$71,$48,$0,$23,$114,$4,$-0,$4,$2,$3,$3,$3,$8,$4,$17,18,$0.15,$0.14,$93,$58,$0,$160,$88,$0,$0,$2,$91,$251,$51,$0,$6,$47,$98,$160,$-7,$0,$152,$251,$3,$4,$0,$4,$0,$-3,$1,$1,$-7,$-1,$-3,$0,$0,$0,$0,$0,$0,$-3,$0,$0,$0,$-2,$-2,$0,$-1,$-2,$-6,$1,$0
14,2015-01-31,21.99,$8.82,2.49,$28.88,0.76,$-2.31,0.0,$1.00,21.99,$0.17B,$0.06B,2.92,$0.00B,$0.15B,0.0,$0.51B,$0.20B,40.24%,$0.51B,$0.03B,5.52%,$0.51B,$0.03B,5.52%,$0.51B,$0.04B,8.28%,$0.51B,$0.03B,5.52%,$0.51B,$0.02B,3.55%,$0.02B,$0.15B,12.83%,$0.02B,$0.15B,12.83%,$0.02B,$0.26B,7.50%,$0.03B,$0.15B,19.96%,$179,$102,$77,$0,$29,$154,$25,$0,$25,$10,$16,$16,$16,$29,$25,$17,18,$0.90,$0.87,$99,$56,$0,$167,$91,$0,$0,$2,$93,$260,$57,$0,$6,$52,$109,$159,$-8,$0,$151,$260,$18,$13,$3,$16,$0,$-3,$2,$8,$10,$44,$-30,$0,$0,$0,$0,$0,$0,$-30,$0,$0,$0,$-5,$-5,$0,$-0,$-5,$10,$3,$0
15,2014-10-31,16.82,$7.90,2.13,$27.66,0.61,$-1.94,0.0,$0.82,20.52,$0.15B,$0.06B,2.61,$0.00B,$0.14B,0.0,$0.48B,$0.19B,39.67%,$0.48B,$0.02B,4.96%,$0.48B,$0.02B,4.96%,$0.48B,$0.04B,7.44%,$0.48B,$0.02B,4.96%,$0.48B,$0.01B,2.89%,$0.01B,$0.14B,10.28%,$0.01B,$0.14B,10.28%,$0.01B,$0.24B,5.99%,$0.02B,$0.14B,17.61%,$117,$71,$46,$0,$23,$115,$2,$-0,$2,$1,$1,$1,$1,$6,$2,$17,17,$0.07,$0.07,$57,$77,$0,$150,$91,$0,$0,$2,$93,$242,$57,$0,$5,$49,$107,$158,$-23,$0,$136,$242,$2,$9,$2,$11,$0,$-25,$9,$5,$-18,$-4,$-24,$0,$0,$0,$0,$0,$0,$-24,$0,$0,$0,$-4,$-4,$0,$-0,$-4,$-32,$2,$0
16,2014-07-31,17.78,$7.87,2.26,$26.84,0.66,$-1.09,0.0,$0.81,21.95,$0.14B,$0.05B,3.15,$0.00B,$0.14B,0.0,$0.47B,$0.19B,39.53%,$0.47B,$0.02B,5.07%,$0.47B,$0.02B,5.07%,$0.47B,$0.03B,7.19%,$0.47B,$0.02B,5.07%,$0.47B,$0.01B,2.96%,$0.01B,$0.14B,10.53%,$0.01B,$0.14B,10.53%,$0.01B,$0.23B,6.14%,$0.02B,$0.14B,18.05%,$103,$66,$38,$0,$21,$105,$-2,$0,$-2,$-1,$-1,$-1,$-1,$1,$-2,$17,17,$-0.06,$-0.06,$68,$57,$0,$141,$86,$0,$0,$2,$88,$229,$45,$0,$5,$48,$93,$158,$-21,$0,$136,$229,$1,$6,$1,$7,$0,$-5,$-1,$3,$-13,$-5,$-15,$0,$0,$0,$0,$0,$0,$-15,$0,$0,$0,$-1,$-1,$0,$-0,$-1,$-21,$1,$0
17,2014-04-30,16.17,$7.97,2.03,$26.53,0.61,$-0.26,0.0,$0.84,19.25,$0.15B,$0.04B,3.35,$0.00B,$0.14B,0.0,$0.47B,$0.19B,39.61%,$0.47B,$0.03B,5.35%,$0.47B,$0.03B,5.35%,$0.47B,$0.03B,7.28%,$0.47B,$0.03B,5.35%,$0.47B,$0.01B,3.00%,$0.01B,$0.14B,10.83%,$0.01B,$0.14B,10.83%,$0.01B,$0.23B,6.26%,$0.03B,$0.14B,19.34%,$108,$66,$43,$0,$21,$105,$3,$0,$3,$1,$2,$2,$2,$6,$3,$17,18,$0.12,$0.12,$82,$51,$0,$145,$83,$0,$0,$2,$85,$229,$43,$0,$5,$48,$91,$157,$-19,$0,$138,$229,$2,$3,$1,$4,$0,$2,$-4,$2,$-5,$0,$-7,$0,$0,$0,$0,$0,$0,$-7,$0,$0,$0,$0,$0,$0,$0,$0,$-7,$1,$0
18,2014-01-31,17.8,$7.81,2.28,$26.26,0.68,$0.48,37.18,$0.82,21.7,$0.15B,$0.05B,2.91,$0.00B,$0.14B,0.0,$0.46B,$0.18B,39.35%,$0.46B,$0.03B,5.43%,$0.46B,$0.03B,5.43%,$0.46B,$0.03B,7.17%,$0.46B,$0.03B,5.43%,$0.46B,$0.01B,3.04%,$0.01B,$0.14B,11.22%,$0.01B,$0.14B,11.22%,$0.01B,$0.24B,6.40%,$0.03B,$0.14B,20.04%,$156,$91,$65,$0,$25,$136,$21,$0,$21,$8,$12,$12,$12,$23,$21,$17,18,$0.71,$0.69,$89,$53,$0,$153,$80,$0,$0,$2,$82,$235,$53,$0,$5,$48,$100,$156,$-21,$0,$135,$235,$15,$10,$2,$12,$0,$-3,$1,$7,$13,$39,$-18,$0,$0,$0,$0,$0,$0,$-18,$0,$0,$0,$0,$0,$0,$-0,$-0,$21,$3,$0
19,2013-10-31,16.78,$7.13,2.35,$26.56,0.63,$-0.67,0.0,$0.95,17.66,$0.14B,$0.05B,2.83,$0.00B,$0.12B,0.0,$0.47B,$0.18B,38.97%,$0.47B,$0.03B,5.78%,$0.47B,$0.03B,5.78%,$0.47B,$0.04B,7.71%,$0.47B,$0.03B,5.78%,$0.47B,$0.02B,3.43%,$0.02B,$0.12B,13.28%,$0.02B,$0.12B,13.28%,$0.02B,$0.22B,7.54%,$0.03B,$0.12B,22.41%,$106,$65,$41,$0,$21,$104,$2,$-0,$2,$1,$1,$1,$1,$4,$2,$17,18,$0.06,$0.06,$55,$69,$0,$138,$80,$0,$0,$2,$81,$219,$49,$0,$5,$47,$96,$156,$-33,$0,$123,$219,$2,$8,$1,$8,$0,$-19,$3,$5,$-11,$-1,$-13,$0,$0,$0,$0,$0,$0,$-13,$0,$0,$0,$0,$0,$0,$1,$1,$-13,$2,$0
20,2013-07-31,16.61,$7.02,2.37,$26.25,0.63,$-1.77,0.0,$0.87,19.1,$0.13B,$0.04B,3.06,$0.00B,$0.12B,0.0,$0.46B,$0.18B,38.21%,$0.46B,$0.02B,5.24%,$0.46B,$0.02B,5.24%,$0.46B,$0.03B,7.42%,$0.46B,$0.02B,5.24%,$0.46B,$0.02B,3.28%,$0.02B,$0.12B,12.99%,$0.02B,$0.12B,12.99%,$0.02B,$0.21B,7.29%,$0.02B,$0.12B,20.78%,$97,$61,$36,$0,$20,$98,$-1,$-0,$-1,$-1,$-1,$-1,$-1,$1,$-1,$17,17,$-0.03,$-0.03,$63,$54,$0,$131,$78,$0,$0,$2,$79,$211,$43,$0,$5,$47,$90,$155,$-34,$0,$121,$211,$1,$5,$0,$5,$0,$-4,$-0,$3,$-5,$2,$-7,$0,$0,$0,$0,$0,$0,$-7,$0,$0,$0,$0,$0,$0,$0,$1,$-4,$1,$0
21,2013-04-30,11.4,$7.05,1.62,$25.80,0.44,$-2.47,0.0,$0.79,14.43,$0.13B,$0.04B,3.08,$0.00B,$0.12B,0.0,$0.45B,$0.17B,37.39%,$0.45B,$0.02B,4.65%,$0.45B,$0.02B,4.65%,$0.45B,$0.03B,6.86%,$0.45B,$0.02B,4.65%,$0.45B,$0.01B,3.10%,$0.01B,$0.12B,12.61%,$0.01B,$0.12B,12.61%,$0.01B,$0.21B,7.02%,$0.02B,$0.12B,18.92%,$101,$62,$39,$0,$20,$98,$3,$-0,$3,$1,$2,$2,$2,$5,$3,$17,17,$0.10,$0.10,$74,$48,$0,$131,$77,$0,$0,$2,$79,$210,$43,$0,$5,$47,$89,$154,$-34,$0,$120,$210,$2,$2,$1,$3,$0,$2,$-1,$3,$4,$9,$-2,$0,$0,$0,$0,$0,$0,$-2,$0,$0,$0,$0,$0,$0,$0,$0,$6,$1,$0
22,2013-01-31,10.93,$6.90,1.58,$25.21,0.43,$-3.19,0.0,$0.79,13.84,$0.13B,$0.04B,2.94,$0.00B,$0.12B,0.0,$0.45B,$0.17B,37.42%,$0.45B,$0.02B,4.68%,$0.45B,$0.02B,4.68%,$0.45B,$0.03B,6.90%,$0.45B,$0.02B,4.68%,$0.45B,$0.01B,3.12%,$0.01B,$0.12B,12.70%,$0.01B,$0.12B,12.70%,$0.01B,$0.21B,7.15%,$0.02B,$0.12B,19.05%,$163,$97,$66,$0,$26,$140,$23,$0,$23,$9,$14,$14,$14,$26,$23,$17,18,$0.81,$0.80,$68,$50,$0,$129,$78,$0,$0,$2,$80,$209,$44,$0,$5,$47,$91,$153,$-35,$0,$118,$209,$14,$9,$7,$16,$0,$-2,$0,$8,$3,$32,$-31,$0,$0,$0,$0,$0,$0,$-31,$0,$0,$0,$-16,$-16,$0,$0,$-16,$-15,$3,$0
23,2012-10-31,9.06,$6.03,1.5,$23.46,0.39,$-2.50,0.0,$0.75,12.08,$0.11B,$0.05B,2.4,$0.00B,$0.10B,0.0,$0.44B,$0.17B,38.16%,$0.44B,$0.02B,5.06%,$0.44B,$0.02B,5.06%,$0.44B,$0.03B,7.13%,$0.44B,$0.02B,5.06%,$0.44B,$0.02B,3.45%,$0.02B,$0.10B,13.61%,$0.02B,$0.10B,13.61%,$0.02B,$0.19B,7.72%,$0.02B,$0.10B,19.95%,$97,$63,$34,$0,$19,$97,$-1,$-0,$-1,$-0,$-0,$-0,$-0,$2,$-1,$17,17,$-0.02,$-0.02,$34,$64,$0,$114,$76,$0,$0,$1,$78,$193,$48,$0,$5,$42,$90,$153,$-50,$0,$103,$193,$-0,$6,$2,$9,$0,$-17,$6,$4,$-16,$-7,$-25,$0,$0,$0,$0,$0,$0,$-25,$0,$0,$0,$-16,$-16,$0,$0,$-16,$-49,$2,$0
24,2012-07-31,10.22,$6.02,1.7,$22.59,0.45,$-1.74,0.0,$0.83,12.31,$0.12B,$0.04B,2.65,$0.00B,$0.10B,0.0,$0.44B,$0.17B,38.62%,$0.44B,$0.03B,5.75%,$0.44B,$0.03B,5.75%,$0.44B,$0.03B,7.59%,$0.44B,$0.03B,5.75%,$0.44B,$0.02B,3.68%,$0.02B,$0.10B,14.07%,$0.02B,$0.10B,14.07%,$0.02B,$0.19B,8.18%,$0.03B,$0.10B,21.98%,$91,$61,$30,$0,$19,$95,$-4,$-0,$-4,$-2,$-2,$-2,$-2,$-2,$-4,$17,17,$-0.11,$-0.11,$50,$50,$0,$115,$69,$0,$0,$1,$71,$186,$43,$0,$5,$40,$84,$152,$-49,$0,$103,$186,$-0,$4,$1,$6,$0,$-2,$1,$1,$-8,$-2,$-15,$0,$0,$0,$0,$0,$0,$-15,$0,$0,$0,$-16,$-16,$0,$0,$-16,$-34,$1,$0
25,2012-04-30,13.84,$6.46,2.14,$21.88,0.63,$-1.63,0.0,$0.92,15.04,$0.13B,$0.04B,3.38,$0.00B,$0.12B,0.0,$0.43B,$0.17B,38.94%,$0.43B,$0.03B,6.45%,$0.43B,$0.03B,6.45%,$0.43B,$0.04B,8.29%,$0.43B,$0.03B,6.45%,$0.43B,$0.02B,4.15%,$0.02B,$0.12B,15.16%,$0.02B,$0.12B,15.16%,$0.02B,$0.20B,9.13%,$0.03B,$0.12B,23.58%,$98,$59,$38,$0,$19,$95,$3,$0,$3,$1,$2,$2,$2,$5,$3,$18,19,$0.11,$0.10,$73,$47,$0,$130,$61,$0,$0,$1,$64,$195,$39,$0,$4,$39,$77,$151,$-34,$0,$117,$195,$2,$2,$1,$3,$0,$-0,$-4,$1,$-7,$-3,$-4,$0,$0,$0,$0,$0,$0,$-4,$0,$0,$0,$-3,$-3,$0,$0,$-3,$-10,$1,$0
26,2012-01-31,14.17,$6.41,2.21,$21.24,0.67,$-1.32,0.0,$0.97,14.6,$0.14B,$0.05B,3.01,$0.00B,$0.12B,0.0,$0.43B,$0.17B,39.30%,$0.43B,$0.03B,6.98%,$0.43B,$0.03B,6.98%,$0.43B,$0.04B,8.84%,$0.43B,$0.03B,6.98%,$0.43B,$0.02B,4.42%,$0.02B,$0.12B,15.83%,$0.02B,$0.12B,15.83%,$0.02B,$0.20B,9.64%,$0.03B,$0.12B,25.00%,$149,$85,$64,$0,$24,$125,$24,$0,$24,$9,$15,$15,$15,$26,$24,$20,20,$0.77,$0.76,$83,$47,$0,$140,$60,$0,$0,$1,$63,$203,$47,$0,$4,$38,$85,$150,$-33,$0,$118,$203,$19,$8,$4,$12,$0,$-3,$1,$10,$11,$42,$-27,$0,$0,$0,$0,$0,$0,$-27,$0,$0,$0,$-23,$-23,$0,$-0,$-23,$-8,$3,$0
27,2011-10-31,10.62,$5.99,1.77,$20.65,0.51,$-1.38,0.0,$0.89,11.94,$0.14B,$0.05B,2.96,$0.00B,$0.12B,0.0,$0.42B,$0.16B,38.95%,$0.42B,$0.03B,6.65%,$0.42B,$0.03B,6.65%,$0.42B,$0.04B,8.55%,$0.42B,$0.03B,6.65%,$0.42B,$0.02B,4.28%,$0.02B,$0.12B,15.00%,$0.02B,$0.12B,15.00%,$0.02B,$0.20B,9.23%,$0.03B,$0.12B,23.33%,$97,$61,$36,$0,$19,$95,$2,$-0,$2,$1,$1,$1,$1,$4,$2,$20,20,$0.06,$0.06,$60,$60,$0,$136,$58,$0,$0,$1,$62,$198,$46,$0,$4,$35,$81,$149,$-32,$0,$117,$198,$4,$5,$2,$7,$0,$-15,$5,$3,$-13,$-2,$-21,$0,$0,$0,$0,$0,$0,$-21,$0,$0,$0,$-8,$-8,$0,$-0,$-8,$-31,$2,$0
28,2011-07-31,10.2,$6.08,1.68,$20.37,0.5,$-1.12,0.0,$0.94,10.85,$0.14B,$0.04B,3.61,$0.00B,$0.12B,0.0,$0.42B,$0.16B,39.33%,$0.42B,$0.03B,7.19%,$0.42B,$0.03B,7.19%,$0.42B,$0.04B,9.11%,$0.42B,$0.03B,7.19%,$0.42B,$0.02B,4.56%,$0.02B,$0.12B,16.31%,$0.02B,$0.12B,16.31%,$0.02B,$0.19B,9.96%,$0.03B,$0.12B,25.75%,$90,$59,$31,$0,$18,$90,$-1,$0,$-1,$-0,$-0,$-0,$-0,$1,$-1,$20,20,$-0.02,$-0.02,$75,$48,$0,$139,$52,$0,$0,$1,$54,$193,$39,$0,$4,$32,$71,$149,$-26,$0,$123,$193,$3,$3,$1,$4,$0,$-3,$-3,$1,$-13,$-6,$-12,$0,$0,$0,$0,$0,$0,$-12,$0,$0,$0,$0,$0,$0,$1,$1,$-16,$2,$0
29,2011-04-30,14.26,$6.14,2.32,$20.21,0.71,$-0.79,0.0,$1.12,12.73,$0.15B,$0.04B,3.57,$0.00B,$0.12B,0.0,$0.42B,$0.17B,40.29%,$0.42B,$0.04B,8.63%,$0.42B,$0.04B,8.63%,$0.42B,$0.04B,10.55%,$0.42B,$0.04B,8.63%,$0.42B,$0.02B,5.28%,$0.02B,$0.12B,19.86%,$0.02B,$0.12B,19.86%,$0.02B,$0.19B,11.92%,$0.04B,$0.12B,32.51%,$94,$56,$38,$0,$19,$89,$5,$-0,$5,$2,$3,$3,$3,$7,$5,$20,21,$0.16,$0.15,$90,$45,$0,$145,$46,$0,$0,$1,$48,$194,$41,$0,$4,$31,$71,$148,$-25,$0,$122,$194,$3,$2,$1,$2,$0,$-0,$-0,$1,$-3,$2,$-3,$0,$0,$0,$0,$0,$0,$-3,$0,$0,$0,$0,$0,$0,$0,$0,$-1,$1,$0
30,2011-01-31,12.52,$5.94,2.11,$20.18,0.62,$-0.88,0.0,$1.29,9.7,$0.15B,$0.05B,3.2,$0.00B,$0.12B,0.0,$0.42B,$0.17B,41.11%,$0.42B,$0.04B,10.10%,$0.42B,$0.04B,10.10%,$0.42B,$0.05B,11.78%,$0.42B,$0.04B,10.10%,$0.42B,$0.03B,6.25%,$0.03B,$0.12B,25.00%,$0.03B,$0.12B,25.00%,$0.03B,$0.20B,14.71%,$0.04B,$0.12B,40.38%,$140,$81,$59,$0,$22,$117,$22,$0,$22,$8,$14,$14,$14,$24,$22,$20,21,$0.73,$0.69,$91,$44,$0,$147,$46,$0,$0,$1,$48,$195,$46,$0,$4,$31,$77,$147,$-28,$0,$118,$195,$26,$6,$6,$12,$0,$-5,$5,$6,$-2,$37,$-23,$0,$0,$0,$0,$0,$0,$-23,$0,$0,$0,$1,$1,$0,$0,$1,$15,$3,$0
31,2010-10-31,12.71,$5.17,2.46,$20.44,0.62,$0.39,32.22,$1.67,7.61,$0.13B,$0.05B,2.76,$0.00B,$0.10B,0.0,$0.42B,$0.18B,42.24%,$0.42B,$0.05B,11.93%,$0.42B,$0.05B,11.93%,$0.42B,$0.06B,13.60%,$0.42B,$0.05B,11.93%,$0.42B,$0.03B,8.11%,$0.03B,$0.10B,35.23%,$0.03B,$0.10B,35.23%,$0.03B,$0.18B,20.06%,$0.05B,$0.10B,51.81%,$93,$57,$36,$0,$18,$89,$4,$0,$4,$2,$2,$2,$2,$6,$4,$20,21,$0.11,$0.11,$59,$57,$0,$131,$45,$0,$0,$1,$49,$181,$48,$0,$3,$30,$78,$146,$-43,$0,$103,$181,$12,$5,$2,$7,$0,$-17,$10,$2,$-19,$-0,$-18,$0,$0,$0,$0,$0,$0,$-18,$0,$0,$0,$0,$0,$0,$0,$1,$-18,$2,$0
32,2010-07-31,15.93,$5.02,3.17,$20.47,0.78,$1.30,12.29,$1.83,8.71,$0.12B,$0.04B,3.06,$0.00B,$0.10B,0.0,$0.42B,$0.18B,42.82%,$0.42B,$0.05B,12.92%,$0.42B,$0.05B,12.92%,$0.42B,$0.06B,14.59%,$0.42B,$0.05B,12.92%,$0.42B,$0.04B,9.09%,$0.04B,$0.10B,43.55%,$0.04B,$0.10B,43.55%,$0.04B,$0.17B,23.75%,$0.05B,$0.10B,61.89%,$90,$55,$35,$0,$17,$84,$5,$0,$5,$2,$3,$3,$3,$7,$5,$20,21,$0.16,$0.16,$66,$43,$0,$123,$40,$0,$0,$1,$45,$168,$40,$0,$3,$28,$68,$145,$-45,$0,$100,$168,$10,$3,$1,$4,$0,$-4,$3,$-4,$-16,$-2,$-9,$0,$0,$0,$0,$0,$0,$-9,$0,$0,$0,$0,$0,$0,$0,$0,$-11,$1,$0
33,2010-04-30,21.05,$4.82,4.37,$20.47,1.03,$1.93,10.88,$1.84,11.44,$0.12B,$0.04B,3.04,$0.00B,$0.10B,0.0,$0.42B,$0.18B,42.55%,$0.42B,$0.05B,12.98%,$0.42B,$0.05B,12.98%,$0.42B,$0.06B,14.66%,$0.42B,$0.05B,12.98%,$0.42B,$0.04B,9.13%,$0.04B,$0.10B,49.19%,$0.04B,$0.10B,49.19%,$0.04B,$0.16B,25.29%,$0.05B,$0.10B,69.90%,$93,$53,$41,$0,$18,$83,$11,$0,$11,$4,$7,$7,$7,$12,$11,$20,21,$0.33,$0.32,$74,$38,$0,$121,$36,$0,$0,$1,$42,$163,$40,$0,$3,$27,$67,$144,$-48,$0,$95,$163,$7,$1,$1,$2,$0,$1,$0,$-2,$-8,$-0,$-3,$0,$0,$0,$0,$0,$0,$-3,$0,$0,$0,$0,$0,$0,$0,$0,$-3,$0,$0
34,2010-01-31,14.61,$4.48,3.26,$20.10,0.73,$1.81,8.09,$1.69,8.65,$0.12B,$0.05B,2.57,$0.00B,$0.09B,0.0,$0.41B,$0.17B,41.38%,$0.41B,$0.05B,11.58%,$0.41B,$0.05B,11.58%,$0.41B,$0.06B,13.55%,$0.41B,$0.05B,11.58%,$0.41B,$0.03B,8.37%,$0.03B,$0.09B,50.37%,$0.03B,$0.09B,50.37%,$0.03B,$0.17B,24.33%,$0.05B,$0.09B,69.63%,$143,$78,$65,$0,$21,$112,$30,$-0,$30,$8,$22,$22,$22,$32,$30,$20,20,$1.12,$1.10,$76,$39,$0,$124,$37,$0,$0,$1,$42,$166,$48,$0,$4,$29,$77,$143,$-55,$0,$88,$166,$35,$7,$-1,$5,$0,$-1,$2,$5,$10,$50,$-10,$0,$0,$0,$0,$0,$0,$-10,$0,$0,$0,$0,$0,$0,$0,$0,$40,$1,$0
35,2009-10-31,11.89,$3.35,3.55,$19.84,0.6,$1.39,8.53,$1.37,8.68,$0.10B,$0.05B,2.12,$0.00B,$0.07B,0.0,$0.40B,$0.15B,38.79%,$0.40B,$0.03B,8.31%,$0.40B,$0.03B,8.31%,$0.40B,$0.04B,10.33%,$0.40B,$0.03B,8.31%,$0.40B,$0.03B,6.80%,$0.03B,$0.07B,46.15%,$0.03B,$0.07B,46.15%,$0.03B,$0.14B,20.77%,$0.03B,$0.07B,56.41%,$92,$54,$38,$0,$17,$85,$8,$0,$8,$2,$6,$6,$6,$10,$8,$20,20,$0.28,$0.27,$37,$54,$0,$101,$39,$0,$0,$1,$42,$143,$48,$0,$3,$29,$77,$143,$-77,$0,$66,$143,$12,$5,$1,$7,$0,$-15,$11,$-2,$-11,$8,$-8,$0,$0,$0,$0,$0,$0,$-8,$0,$0,$0,$0,$0,$0,$0,$0,$1,$1,$0
36,2009-07-31,13.05,$3.05,4.29,$19.67,0.66,$1.18,11.08,$1.03,12.67,$0.09B,$0.04B,2.15,$0.00B,$0.06B,0.0,$0.39B,$0.15B,37.08%,$0.39B,$0.02B,5.88%,$0.39B,$0.02B,5.88%,$0.39B,$0.03B,8.18%,$0.39B,$0.02B,5.88%,$0.39B,$0.02B,5.12%,$0.02B,$0.06B,39.02%,$0.02B,$0.06B,39.02%,$0.02B,$0.13B,16.29%,$0.02B,$0.06B,44.88%,$88,$54,$33,$0,$17,$83,$5,$0,$5,$1,$3,$3,$3,$7,$5,$20,20,$0.18,$0.17,$38,$39,$0,$85,$39,$0,$0,$1,$44,$129,$40,$0,$2,$29,$69,$143,$-83,$0,$60,$129,$7,$3,$-1,$3,$0,$0,$4,$-1,$-3,$7,$-5,$0,$0,$0,$0,$0,$0,$-5,$0,$0,$0,$0,$0,$0,$0,$0,$2,$1,$0
37,2009-04-30,6.47,$2.85,2.27,$19.79,0.33,$1.02,6.33,$0.77,8.41,$0.08B,$0.04B,2.11,$0.00B,$0.06B,0.0,$0.39B,$0.14B,35.81%,$0.39B,$0.02B,4.09%,$0.39B,$0.02B,4.09%,$0.39B,$0.03B,6.65%,$0.39B,$0.02B,4.09%,$0.39B,$0.02B,3.84%,$0.02B,$0.06B,32.61%,$0.02B,$0.06B,32.61%,$0.02B,$0.12B,12.74%,$0.02B,$0.06B,34.78%,$83,$51,$32,$0,$16,$79,$4,$0,$4,$1,$3,$3,$3,$6,$4,$20,20,$0.18,$0.17,$31,$39,$0,$77,$40,$0,$0,$1,$44,$121,$36,$0,$2,$29,$65,$142,$-86,$0,$56,$121,$3,$2,$-1,$1,$0,$-0,$1,$-0,$-7,$-3,$-2,$0,$0,$0,$0,$0,$0,$-2,$0,$0,$0,$0,$0,$0,$0,$0,$-5,$0,$0
38,2009-01-31,2.49,$2.66,0.93,$19.92,0.12,$1.28,1.93,$0.47,5.29,$0.08B,$0.04B,1.86,$0.00B,$0.05B,0.0,$0.39B,$0.14B,34.44%,$0.39B,$0.01B,2.30%,$0.39B,$0.01B,2.30%,$0.39B,$0.02B,4.85%,$0.39B,$0.01B,2.30%,$0.39B,$0.01B,2.30%,$0.01B,$0.05B,21.43%,$0.01B,$0.05B,21.43%,$0.01B,$0.13B,7.76%,$0.01B,$0.05B,21.43%,$134,$83,$51,$0,$20,$118,$16,$0,$16,$1,$15,$15,$15,$18,$16,$20,20,$0.76,$0.76,$36,$39,$0,$81,$42,$0,$0,$1,$45,$127,$44,$0,$3,$31,$74,$142,$-89,$0,$52,$127,$9,$10,$-3,$7,$0,$3,$-2,$4,$13,$30,$1,$0,$0,$0,$0,$0,$0,$1,$0,$0,$0,$0,$0,$0,$0,$0,$31,$0,$0
39,2008-10-31,1.98,$1.89,1.05,$20.22,0.1,$-1.27,0.0,$-0.21,0.0,$0.07B,$0.04B,1.51,$0.00B,$0.04B,0.0,$0.40B,$0.13B,32.07%,$0.40B,$-0.00B,-0.51%,$0.40B,$-0.00B,-0.51%,$0.40B,$0.01B,2.53%,$0.40B,$-0.00B,-0.51%,$0.40B,$-0.01B,-1.26%,$-0.01B,$0.04B,-12.58%,$-0.01B,$0.04B,-12.58%,$-0.01B,$0.11B,-4.36%,$-0.00B,$0.04B,-5.03%,$86,$57,$29,$0,$17,$87,$-2,$-0,$-2,$-0,$-1,$-1,$-1,$1,$-2,$20,20,$-0.07,$-0.07,$2,$59,$0,$66,$47,$0,$0,$1,$48,$114,$44,$0,$3,$33,$77,$142,$-104,$0,$37,$114,$-6,$8,$1,$9,$0,$-18,$6,$3,$-9,$-5,$2,$0,$0,$0,$0,$0,$0,$2,$0,$0,$0,$0,$0,$0,$0,$0,$-4,$0,$0
40,2008-07-31,2.03,$1.96,1.04,$20.39,0.1,$-3.43,0.0,$-0.69,0.0,$0.06B,$0.04B,1.57,$0.00B,$0.04B,0.0,$0.40B,$0.12B,30.83%,$0.40B,$-0.01B,-2.26%,$0.40B,$-0.01B,-2.26%,$0.40B,$0.00B,1.00%,$0.40B,$-0.01B,-2.26%,$0.40B,$-0.02B,-3.76%,$-0.02B,$0.04B,-36.81%,$-0.02B,$0.04B,-36.81%,$-0.02B,$0.11B,-12.20%,$-0.01B,$0.04B,-22.09%,$88,$60,$28,$0,$17,$89,$-2,$0,$-2,$0,$-2,$-2,$-2,$1,$-2,$20,20,$-0.09,$-0.09,$5,$43,$3,$57,$51,$0,$0,$1,$52,$109,$36,$0,$3,$35,$71,$142,$-103,$0,$39,$109,$-4,$5,$1,$6,$0,$-1,$-2,$1,$-2,$-0,$-1,$0,$0,$0,$0,$0,$0,$-1,$0,$0,$0,$0,$0,$0,$0,$0,$-1,$0,$0
41,2008-04-30,1.64,$2.04,0.8,$20.40,0.08,$-5.21,0.0,$-1.07,0.0,$0.06B,$0.04B,1.51,$0.00B,$0.04B,0.0,$0.40B,$0.12B,29.90%,$0.40B,$-0.02B,-4.27%,$0.40B,$-0.02B,-4.27%,$0.40B,$-0.00B,-1.01%,$0.40B,$-0.02B,-4.27%,$0.40B,$-0.02B,-5.53%,$-0.02B,$0.04B,-50.00%,$-0.02B,$0.04B,-50.00%,$-0.02B,$0.11B,-16.96%,$-0.02B,$0.04B,-38.64%,$84,$57,$27,$0,$16,$87,$-3,$0,$-3,$0,$-3,$-3,$-3,$-1,$-3,$20,20,$-0.13,$-0.13,$6,$42,$3,$57,$55,$0,$0,$1,$56,$114,$38,$0,$3,$36,$74,$141,$-101,$0,$40,$114,$-3,$2,$0,$2,$0,$-0,$-1,$2,$0,$0,$-0,$0,$0,$0,$0,$0,$0,$-0,$0,$0,$0,$0,$0,$0,$0,$0,$-0,$0,$0
42,2008-01-31,0.87,$2.17,0.4,$20.34,0.04,$-6.56,0.0,$-1.33,0.0,$0.06B,$0.04B,1.4,$0.00B,$0.04B,0.0,$0.40B,$0.11B,28.79%,$0.40B,$-0.03B,-6.82%,$0.40B,$-0.03B,-6.82%,$0.40B,$-0.01B,-3.03%,$0.40B,$-0.03B,-6.57%,$0.40B,$-0.03B,-6.57%,$-0.03B,$0.04B,-52.79%,$-0.03B,$0.04B,-52.79%,$-0.03B,$0.12B,-19.26%,$-0.03B,$0.04B,-54.82%,$138,$95,$43,$0,$20,$133,$5,$-0,$5,$4,$1,$1,$1,$9,$5,$20,20,$0.07,$0.07,$6,$41,$0,$58,$63,$0,$0,$1,$64,$122,$41,$0,$4,$38,$80,$141,$-99,$0,$43,$122,$-26,$14,$5,$19,$0,$4,$-5,$-3,$2,$-5,$-15,$0,$0,$0,$0,$0,$0,$-15,$0,$0,$0,$0,$0,$0,$-0,$0,$-20,$0,$0
43,2007-10-31,0.94,$2.10,0.45,$21.87,0.04,$-5.04,0.0,$-0.83,0.0,$0.08B,$0.07B,1.13,$0.00B,$0.04B,0.0,$0.43B,$0.13B,31.29%,$0.43B,$-0.01B,-2.82%,$0.43B,$-0.01B,-2.82%,$0.43B,$0.00B,0.24%,$0.43B,$-0.01B,-2.59%,$0.43B,$-0.02B,-3.76%,$-0.02B,$0.04B,-28.83%,$-0.02B,$0.04B,-28.83%,$-0.02B,$0.15B,-11.25%,$-0.01B,$0.04B,-21.62%,$89,$64,$25,$0,$17,$97,$-9,$-0,$-9,$2,$-11,$-11,$-11,$-5,$-9,$20,20,$-0.55,$-0.55,$0,$63,$0,$77,$67,$0,$0,$2,$70,$147,$68,$0,$3,$37,$106,$142,$-100,$0,$41,$147,$-27,$10,$2,$12,$0,$-18,$4,$-3,$-19,$-34,$-12,$0,$0,$0,$0,$0,$0,$-12,$0,$21,$21,$0,$0,$0,$-0,$21,$-25,$1,$0
44,2007-07-31,2.09,$2.63,0.79,$22.25,0.09,$-3.76,0.0,$-0.43,0.0,$0.07B,$0.05B,1.42,$0.00B,$0.05B,0.0,$0.43B,$0.14B,31.71%,$0.43B,$-0.01B,-1.85%,$0.43B,$-0.01B,-1.85%,$0.43B,$0.00B,0.93%,$0.43B,$-0.01B,-1.62%,$0.43B,$-0.01B,-1.85%,$-0.01B,$0.05B,-13.50%,$-0.01B,$0.05B,-13.50%,$-0.01B,$0.14B,-5.54%,$-0.01B,$0.05B,-13.50%,$87,$64,$24,$0,$18,$97,$-10,$-0,$-10,$-1,$-9,$-9,$-9,$-7,$-10,$20,20,$-0.47,$-0.47,$2,$47,$3,$69,$65,$0,$0,$2,$67,$136,$48,$0,$3,$36,$84,$141,$-90,$0,$52,$136,$-17,$6,$2,$9,$0,$-3,$-9,$-3,$-20,$-28,$-8,$0,$0,$0,$0,$0,$0,$-8,$0,$13,$13,$0,$0,$0,$0,$13,$-23,$0,$0
45,2007-04-30,4.58,$3.09,1.48,$22.45,0.2,$-2.71,0.0,$-0.25,0.0,$0.07B,$0.04B,1.68,$0.00B,$0.06B,0.0,$0.44B,$0.14B,30.96%,$0.44B,$-0.01B,-1.83%,$0.44B,$-0.01B,-1.83%,$0.44B,$0.00B,0.92%,$0.44B,$-0.01B,-1.61%,$0.44B,$-0.01B,-1.15%,$-0.01B,$0.06B,-8.20%,$-0.01B,$0.06B,-8.20%,$-0.01B,$0.14B,-3.46%,$-0.01B,$0.06B,-13.11%,$82,$60,$22,$0,$18,$95,$-13,$0,$-12,$-5,$-7,$-7,$-7,$-9,$-13,$19,19,$-0.38,$-0.38,$0,$49,$3,$66,$67,$0,$0,$3,$69,$135,$39,$0,$3,$35,$74,$141,$-80,$0,$61,$135,$-7,$3,$-2,$2,$0,$-4,$-5,$-1,$-17,$-23,$-4,$0,$0,$0,$0,$0,$0,$-4,$0,$1,$1,$0,$0,$0,$0,$1,$-25,$0,$0
46,2007-01-31,4.91,$3.46,1.42,$23.00,0.21,$-1.99,0.0,$-0.02,0.0,$0.08B,$0.05B,1.65,$0.00B,$0.07B,0.0,$0.45B,$0.14B,31.54%,$0.45B,0,0.00%,$0.45B,0,0.00%,$0.45B,$0.01B,2.46%,$0.45B,0,0.00%,$0.45B,$-0.00B,-0.22%,$-0.00B,$0.07B,-1.62%,$-0.00B,$0.07B,-1.62%,$-0.00B,$0.15B,-0.69%,$0.00B,$0.07B,0.00%,$167,$106,$62,$0,$23,$148,$20,$0,$20,$8,$11,$11,$11,$22,$20,$19,19,$0.59,$0.59,$25,$45,$0,$78,$71,$0,$0,$2,$73,$151,$47,$0,$3,$36,$83,$141,$-73,$0,$68,$151,$-0,$11,$2,$14,$0,$4,$-4,$1,$16,$29,$-19,$0,$0,$0,$0,$0,$0,$-19,$0,$0,$0,$0,$0,$0,$0,$0,$10,$1,$0
47,2006-10-31,4.2,$2.87,1.46,$22.22,0.19,$-2.70,0.0,$-0.09,0.0,$0.08B,$0.06B,1.38,$0.00B,$0.06B,0.0,$0.43B,$0.13B,30.48%,$0.43B,$-0.00B,-0.69%,$0.43B,$-0.00B,-0.69%,$0.43B,$0.01B,2.08%,$0.43B,$-0.00B,-0.69%,$0.43B,$-0.00B,-0.46%,$-0.00B,$0.06B,-3.27%,$-0.00B,$0.06B,-3.27%,$-0.00B,$0.16B,-1.39%,$-0.00B,$0.06B,-4.90%,$96,$67,$29,$0,$18,$101,$-5,$-0,$-5,$-2,$-3,$-3,$-3,$-2,$-5,$19,19,$-0.15,$-0.15,$0,$63,$0,$81,$73,$0,$0,$2,$75,$156,$59,$0,$1,$41,$99,$141,$-84,$0,$56,$156,$-12,$9,$-0,$9,$0,$-14,$9,$-1,$-3,$-6,$-15,$0,$0,$0,$0,$0,$0,$-15,$0,$6,$6,$0,$0,$0,$0,$6,$-15,$1,$0
