,Date,Stock Price,Book Value per Share,Price to Book Ratio,TTM Sales per Share,Price to Sales Ratio,TTM FCF per Share,Price to FCF Ratio,TTM Net EPS,PE Ratio,Current Assets,Current Liabilities,Current Ratio,Long Term Debt,Shareholder's Equity_x,Debt to Equity Ratio,TTM Revenue_x,TTM Gross Profit,Gross Margin,TTM Revenue_y,TTM Operating Income,Operating Margin,TTM Revenue_x,TTM EBIT,EBIT Margin,TTM Revenue_y,TTM EBITDA,EBITDA Margin,TTM Revenue_x,TTM Pre-Tax Income,Pre-Tax Margin,TTM Revenue_y,TTM Net Income_x,Net Margin,TTM Net Income_y,Shareholder's Equity_y,Return on Equity,TTM Net Income_x,Tangible Equity,Return on Tangible Equity,TTM Net Income_y,Total Assets,Return on Assets,TTM Net Income,LT Investments & Debt,Return on Investment,revenue,cost-goods-sold,gross-profit,research-development-expenses,selling-general-administrative-expenses,operating-expenses,operating-income,total-non-operating-income-expense,pre-tax-income,total-provision-income-taxes,income-after-taxes,income-from-continuous-operations,net-income,ebitda,ebit,basic-shares-outstanding,shares-outstanding,eps-basic-net-earnings-per-share,eps-earnings-per-share-diluted,cash-on-hand,inventory,other-current-assets,total-current-assets,net-property-plant-equipment,long-term-investments,goodwill-intangible-assets-total,other-long-term-assets,total-long-term-assets,total-assets,total-current-liabilities,long-term-debt,other-non-current-liabilities,total-long-term-liabilities,total-liabilities,common-stock-net,retained-earnings-accumulated-deficit,comprehensive-income,total-share-holder-equity,total-liabilities-share-holders-equity,net-income-loss,total-depreciation-amortization-cash-flow,other-non-cash-items,total-non-cash-items,change-in-accounts-receivable,change-in-inventories,change-in-accounts-payable,change-in-assets-liabilities,total-change-in-assets-liabilities,cash-flow-from-operating-activities,net-change-in-property-plant-equipment,net-change-in-intangible-assets,net-acquisitions-divestitures,net-change-in-short-term-investments,net-change-in-long-term-investments,net-change-in-investments-total,investing-activities-other,cash-flow-from-investing-activities,net-long-term-debt,net-current-debt,debt-issuance-retirement-net-total,net-common-equity-issued-repurchased,net-total-equity-issued-repurchased,total-common-preferred-stock-dividends-paid,financial-activities-other,cash-flow-from-financial-activities,net-cash-flow,stock-based-compensation,common-stock-dividends-paid
0,2018-09-30,27.27,$30.25,0.9,$6.20,4.4,$-29.39,0.0,$3.05,8.94,$3.98B,$3.94B,1.01,$20.27B,$24.59B,0.82,$3.32B,$3.32B,100.00%,$3.32B,$0.84B,25.12%,$3.32B,$0.84B,25.12%,$3.32B,$0.84B,25.12%,$3.32B,$4.13B,124.34%,$3.32B,$1.66B,49.82%,$1.66B,$25.07B,7.40%,$1.66B,$25.07B,7.40%,$1.66B,$50.34B,3.44%,$0.84B,$45.34B,1.93%,$1130,$0,$1130,$0,$740,$740,$390,$833,$1223,$-129,$1352,$1352,$640,$390,$390,$525,546,$1.22,$1.17,$3295,$0,$0,$3977,$0,$44120,$0,$2248,$46367,$50344,$3938,$20266,$0,$21337,$25275,$8,$551,$-40,$25069,$50344,$3522,$0,$-3297,$-3297,$0,$-6185,$732,$-11,$-5465,$-5240,$-43,$0,$0,$0,$0,$0,$0,$-43,$3535,$0,$3535,$-134,$-134,$-2483,$3951,$4869,$-441,$263,$-2458
1,2018-06-30,24.69,$44.48,0.56,$5.61,4.4,$-24.95,0.0,$2.18,11.33,$3.90B,$4.31B,0.9,$19.97B,$22.84B,0.87,$2.94B,$2.94B,100.00%,$2.94B,$0.66B,22.55%,$2.94B,$0.66B,22.55%,$2.94B,$0.66B,22.55%,$2.94B,$3.31B,112.33%,$2.94B,$1.17B,39.74%,$1.17B,$23.33B,5.59%,$1.17B,$23.33B,5.59%,$1.17B,$48.57B,2.51%,$0.66B,$43.30B,1.59%,$972,$0,$972,$0,$675,$675,$297,$1331,$1627,$61,$1566,$1566,$680,$297,$297,$511,549,$1.33,$1.24,$3282,$0,$0,$3896,$0,$42623,$0,$2054,$44676,$48573,$4313,$19972,$0,$20935,$25248,$7910,$0,$0,$23325,$48573,$2169,$0,$-2015,$-2015,$0,$-5375,$373,$308,$-4693,$-4538,$-19,$0,$0,$0,$0,$0,$0,$-19,$3224,$0,$3224,$-106,$-106,$-1740,$2737,$4115,$-454,$181,$-1724
2,2018-03-31,20.02,$43.08,0.46,$5.87,3.41,$-20.86,0.0,$1.75,11.44,$3.37B,$3.77B,0.9,$22.04B,$20.60B,1.07,$2.99B,$2.99B,100.00%,$2.99B,$0.75B,25.20%,$2.99B,$0.75B,25.20%,$2.99B,$0.75B,25.20%,$2.99B,$2.57B,85.91%,$2.99B,$0.90B,29.99%,$0.90B,$21.08B,4.51%,$0.90B,$21.08B,4.51%,$0.90B,$47.58B,1.98%,$0.75B,$43.12B,1.85%,$473,$0,$473,$0,$437,$437,$36,$585,$621,$18,$603,$603,$170,$36,$36,$488,536,$0.36,$0.32,$2808,$0,$0,$3374,$0,$42102,$0,$2103,$44205,$47579,$3769,$22041,$0,$22732,$26501,$6918,$0,$0,$21078,$47579,$603,$0,$-381,$-381,$0,$-2687,$-41,$348,$-2380,$-2158,$-9,$0,$0,$0,$0,$0,$0,$-9,$838,$0,$838,$0,$0,$-933,$1313,$1218,$-927,$96,$-924
3,2017-12-31,20.61,$41.24,0.5,$6.53,3.16,$-19.18,0.0,$1.95,10.57,$4.29B,$3.98B,1.08,$21.19B,$19.57B,1.08,$3.28B,$3.28B,100.00%,$3.28B,$0.95B,28.78%,$3.28B,$0.95B,28.78%,$3.28B,$0.95B,28.78%,$3.28B,$2.78B,84.80%,$3.28B,$0.99B,30.00%,$0.99B,$20.05B,5.19%,$0.99B,$20.05B,5.19%,$0.99B,$45.84B,2.26%,$0.95B,$41.25B,2.42%,$749,$0,$749,$0,$637,$637,$112,$549,$662,$147,$515,$515,$166,$112,$112,$468,506,$0.33,$0.32,$3735,$0,$0,$4290,$0,$39014,$0,$2531,$41545,$45835,$3978,$21194,$0,$21804,$25782,$6723,$0,$-19,$20052,$45835,$2560,$0,$-2660,$-2660,$0,$-4913,$1582,$-199,$-3530,$-3630,$-98,$0,$0,$0,$0,$0,$156,$58,$2143,$0,$2143,$-59,$-59,$-2472,$3327,$2940,$-632,$335,$-2439
4,2017-09-30,19.73,$40.78,0.48,$6.05,3.26,$-15.18,0.0,$1.98,9.96,$4.29B,$4.15B,1.04,$20.29B,$18.81B,1.08,$3.02B,$3.02B,100.00%,$3.02B,$0.86B,28.59%,$3.02B,$0.86B,28.59%,$3.02B,$0.86B,28.59%,$3.02B,$2.59B,85.94%,$3.02B,$0.99B,32.84%,$0.99B,$19.30B,5.48%,$0.99B,$19.30B,5.48%,$0.99B,$44.31B,2.36%,$0.86B,$39.59B,2.30%,$750,$0,$750,$0,$530,$530,$219,$178,$397,$18,$379,$379,$154,$219,$219,$472,507,$0.33,$0.30,$3810,$0,$0,$4294,$0,$37252,$0,$2759,$40011,$44306,$4149,$20291,$0,$20861,$25010,$6381,$0,$0,$19295,$44306,$2045,$0,$-2023,$-2023,$0,$-3483,$1176,$-299,$-2606,$-2584,$-72,$0,$0,$0,$0,$0,$0,$-72,$1291,$0,$1291,$-37,$-37,$-1867,$2663,$2050,$-535,$271,$-1842
5,2017-06-30,17.89,$40.49,0.44,$6.00,2.98,$-11.12,0.0,$2.41,7.42,$4.11B,$3.90B,1.05,$19.43B,$18.55B,1.05,$2.95B,$2.95B,100.00%,$2.95B,$0.82B,27.74%,$2.95B,$0.82B,27.74%,$2.95B,$0.82B,27.74%,$2.95B,$3.18B,107.72%,$2.95B,$1.19B,40.24%,$1.19B,$19.03B,6.84%,$1.19B,$19.03B,6.84%,$1.19B,$42.87B,2.94%,$0.82B,$38.46B,2.27%,$1016,$0,$1016,$0,$630,$630,$386,$501,$887,$19,$869,$869,$406,$386,$386,$466,501,$0.87,$0.81,$3712,$0,$0,$4107,$0,$36268,$0,$2494,$38761,$42868,$3900,$19425,$0,$19938,$23838,$6213,$0,$0,$19030,$42868,$1666,$0,$-1630,$-1630,$0,$-3003,$883,$22,$-2098,$-2062,$-49,$0,$0,$0,$0,$0,$0,$-49,$534,$0,$534,$-37,$-37,$-969,$1900,$1427,$-634,$199,$-953
6,2017-03-31,17.37,$38.43,0.45,$5.17,3.36,$-9.38,0.0,$1.79,9.71,$4.81B,$3.72B,1.29,$19.63B,$17.02B,1.15,$2.51B,$2.51B,100.00%,$2.51B,$0.59B,23.36%,$2.51B,$0.59B,23.36%,$2.51B,$0.59B,23.36%,$2.51B,$2.57B,102.35%,$2.51B,$0.88B,34.86%,$0.88B,$17.51B,5.33%,$0.88B,$17.51B,5.33%,$0.88B,$41.64B,2.24%,$0.59B,$37.13B,1.68%,$768,$0,$768,$0,$540,$540,$228,$611,$838,$41,$798,$798,$259,$228,$228,$454,497,$0.57,$0.52,$4487,$0,$0,$4810,$0,$34225,$0,$2600,$36825,$41636,$3722,$19625,$0,$20407,$24129,$5755,$0,$0,$17506,$41636,$798,$0,$-745,$-745,$0,$-2005,$311,$491,$-1203,$-1151,$-22,$0,$0,$0,$0,$0,$0,$-22,$1007,$0,$1007,$0,$0,$-343,$643,$1306,$141,$111,$-335
7,2016-12-31,14.54,$36.44,0.4,$3.99,3.65,$-8.67,0.0,$0.54,26.92,$4.60B,$3.34B,1.38,$18.54B,$16.00B,1.16,$1.91B,$1.91B,100.00%,$1.91B,$0.21B,11.16%,$1.91B,$0.21B,11.16%,$1.91B,$0.21B,11.16%,$1.91B,$0.98B,51.15%,$1.91B,$0.29B,15.04%,$0.29B,$16.49B,1.82%,$0.29B,$16.49B,1.82%,$0.29B,$39.00B,0.77%,$0.21B,$35.03B,0.64%,$481,$0,$481,$0,$453,$453,$29,$440,$469,$6,$463,$463,$171,$29,$29,$449,483,$0.37,$0.40,$4346,$0,$0,$4596,$0,$31410,$0,$2997,$34407,$39003,$3341,$18544,$0,$19176,$22517,$5457,$0,$0,$16486,$39003,$951,$0,$-916,$-916,$0,$-1611,$649,$-635,$-1597,$-1562,$-64,$0,$0,$0,$0,$0,$1,$-63,$2413,$0,$2413,$-347,$135,$-2421,$2959,$3086,$1461,$265,$-2399
8,2016-09-30,13.32,$36.82,0.36,$3.63,3.67,$-5.05,0.0,$0.26,51.23,$4.00B,$3.57B,1.12,$17.59B,$15.95B,1.1,$1.74B,$1.74B,100.00%,$1.74B,$-0.03B,-1.90%,$1.74B,$-0.03B,-1.90%,$1.74B,$-0.03B,-1.90%,$1.74B,$1.78B,102.48%,$1.74B,$0.15B,8.53%,$0.15B,$16.43B,0.62%,$0.15B,$16.43B,0.62%,$0.15B,$37.99B,0.33%,$-0.03B,$34.02B,-0.08%,$687,$0,$687,$0,$511,$511,$176,$810,$986,$11,$975,$975,$352,$176,$176,$446,480,$0.79,$0.73,$3654,$0,$0,$3997,$0,$31278,$0,$2710,$33988,$37985,$3573,$17589,$0,$17985,$21558,$5334,$0,$0,$16427,$37985,$488,$0,$-396,$-396,$0,$-881,$442,$-208,$-647,$-556,$-10,$0,$0,$0,$0,$0,$33,$23,$987,$0,$987,$-320,$162,$-1414,$1947,$1682,$1149,$186,$-1400
9,2016-06-30,11.4,$34.39,0.33,$2.61,4.36,$-0.25,0.0,$-0.89,0.0,$3.94B,$3.93B,1.0,$17.89B,$14.86B,1.2,$1.24B,$1.24B,100.00%,$1.24B,$-0.30B,-24.01%,$1.24B,$-0.30B,-24.01%,$1.24B,$-0.30B,-24.01%,$1.24B,$-0.43B,-35.00%,$1.24B,$-0.40B,-31.93%,$-0.40B,$15.34B,-1.23%,$-0.40B,$15.34B,-1.23%,$-0.40B,$37.51B,-0.75%,$-0.30B,$33.24B,-0.60%,$577,$0,$577,$0,$423,$423,$154,$126,$279,$6,$273,$273,$94,$154,$154,$448,482,$0.21,$0.19,$3627,$0,$0,$3936,$0,$30375,$0,$3195,$33571,$37507,$3929,$17894,$0,$18234,$22163,$5002,$0,$0,$15344,$37507,$-487,$0,$664,$664,$0,$-1556,$251,$-62,$-1368,$-1191,$-5,$0,$0,$0,$0,$0,$80,$75,$1185,$0,$1185,$-293,$189,$-986,$1192,$1580,$465,$124,$-980
10,2016-03-31,13.41,$32.90,0.41,$1.95,6.89,$4.15,3.23,$-0.30,0.0,$2.46B,$2.69B,0.91,$16.83B,$14.35B,1.17,$0.92B,$0.92B,100.00%,$0.92B,$-0.75B,-81.77%,$0.92B,$-0.75B,-81.77%,$0.92B,$-0.75B,-81.77%,$0.92B,$2.62B,286.46%,$0.92B,$-0.11B,-12.34%,$-0.11B,$14.68B,-0.27%,$-0.11B,$14.68B,-0.27%,$-0.11B,$34.43B,-0.18%,$-0.75B,$31.51B,-1.28%,$163,$0,$163,$0,$308,$308,$-146,$-613,$-758,$2,$-760,$-760,$-330,$-146,$-146,$450,450,$-0.73,$-0.73,$2138,$0,$0,$2456,$0,$29785,$0,$2187,$31972,$34429,$2693,$16828,$0,$17058,$19751,$5060,$0,$-24,$14678,$34429,$-760,$0,$951,$951,$0,$-961,$-4,$36,$-929,$-739,$-2,$0,$0,$0,$0,$0,$65,$63,$594,$0,$594,$-195,$138,$-387,$564,$909,$233,$64,$-387
11,2015-12-31,14.06,$107.63,0.13,$2.20,6.38,$7.70,1.82,$1.00,14.06,$2.93B,$2.86B,1.02,$18.72B,$49.28B,0.38,$1.04B,$1.04B,100.00%,$1.04B,$-0.83B,-79.21%,$1.04B,$-0.83B,-79.21%,$1.04B,$-0.83B,-79.21%,$1.04B,$5.34B,511.59%,$1.04B,$0.49B,46.74%,$0.49B,$49.28B,0.96%,$0.49B,$49.28B,0.96%,$0.49B,$71.04B,0.70%,$-0.83B,$67.99B,-1.25%,$308,$0,$308,$0,$525,$525,$-217,$1489,$1271,$27,$1244,$1244,$32,$-217,$-217,$449,483,$0.05,$0.08,$2787,$0,$0,$2927,$0,$65306,$0,$2809,$68115,$71042,$2860,$18715,$0,$18903,$21763,$5547,$0,$0,$49279,$71042,$5275,$0,$-4490,$-4490,$0,$-833,$-188,$621,$-400,$385,$-261,$0,$0,$0,$0,$0,$-165,$-425,$8088,$0,$8088,$-147,$-147,$-14194,$6422,$169,$130,$262,$-14194
12,2015-09-30,14.85,$108.86,0.14,$2.08,7.13,$10.66,1.39,$0.93,15.97,$3.43B,$2.97B,1.15,$16.59B,$49.34B,0.34,$0.95B,$0.95B,100.00%,$0.95B,$-1.03B,-108.54%,$0.95B,$-1.03B,-108.54%,$0.95B,$-1.03B,-108.54%,$0.95B,$4.54B,478.71%,$0.95B,$0.46B,47.95%,$0.46B,$49.34B,0.89%,$0.46B,$49.34B,0.89%,$0.46B,$69.06B,0.66%,$-1.03B,$65.93B,-1.59%,$189,$0,$189,$0,$277,$277,$-88,$-1137,$-1225,$-7,$-1218,$-1218,$-191,$-88,$-88,$452,452,$-0.42,$-0.42,$3310,$0,$0,$3426,$0,$62706,$0,$2925,$65630,$69057,$2969,$16588,$0,$16748,$19717,$5690,$0,$-31,$49340,$69057,$4031,$0,$-3334,$-3334,$0,$696,$-150,$489,$1035,$1733,$-95,$0,$0,$0,$0,$0,$-170,$-264,$5834,$0,$5834,$41,$41,$-11288,$4784,$-629,$839,$214,$-11288
13,2015-06-30,19.87,$115.45,0.17,$2.43,8.19,$10.38,1.91,$1.55,12.82,$4.18B,$3.69B,1.13,$15.89B,$52.00B,0.31,$1.11B,$1.11B,100.00%,$1.11B,$-1.10B,-99.73%,$1.11B,$-1.10B,-99.73%,$1.11B,$-1.10B,-99.73%,$1.11B,$6.67B,603.53%,$1.11B,$0.74B,66.61%,$0.74B,$52.00B,1.42%,$0.74B,$52.00B,1.42%,$0.74B,$71.69B,1.09%,$-1.10B,$67.89B,-1.72%,$256,$0,$256,$0,$554,$554,$-298,$3635,$3336,$31,$3306,$3306,$376,$-298,$-298,$447,483,$0.84,$0.78,$4068,$0,$0,$4177,$0,$64515,$0,$3002,$67517,$71694,$3688,$15890,$0,$16008,$19696,$5977,$0,$-30,$51998,$71694,$5249,$0,$-4979,$-4979,$0,$-258,$270,$717,$730,$999,$-76,$0,$0,$0,$0,$0,$-55,$-131,$5023,$0,$5023,$41,$41,$-7788,$2763,$38,$907,$146,$-7788
14,2015-03-31,19.44,$118.37,0.16,$2.50,7.76,$13.01,1.49,$1.20,16.2,$2.81B,$3.41B,0.82,$11.72B,$51.85B,0.23,$1.10B,$1.10B,100.00%,$1.10B,$-1.14B,-103.83%,$1.10B,$-1.14B,-103.83%,$1.10B,$-1.14B,-103.83%,$1.10B,$5.39B,491.07%,$1.10B,$0.54B,49.00%,$0.54B,$51.85B,1.04%,$0.54B,$51.85B,1.04%,$0.54B,$67.29B,0.81%,$-1.14B,$63.57B,-1.82%,$291,$0,$291,$0,$515,$515,$-224,$2183,$1959,$16,$1943,$1943,$271,$-224,$-224,$435,472,$0.62,$0.57,$2695,$0,$0,$2805,$0,$60971,$0,$3511,$64482,$67287,$3412,$11718,$0,$12021,$15433,$5634,$0,$-32,$51854,$67287,$1943,$0,$-1885,$-1885,$0,$379,$265,$241,$885,$943,$-42,$0,$0,$0,$0,$0,$50,$8,$971,$0,$971,$0,$0,$-3409,$1876,$-562,$389,$77,$-3409
15,2014-12-31,19.5,$118.63,0.16,$2.82,6.92,$8.32,2.34,$1.28,15.23,$2.54B,$3.33B,0.76,$10.84B,$51.40B,0.21,$1.11B,$1.11B,100.00%,$1.11B,$-1.09B,-97.84%,$1.11B,$-1.09B,-97.84%,$1.11B,$-1.09B,-97.84%,$1.11B,$5.46B,491.80%,$1.11B,$0.48B,42.97%,$0.48B,$51.40B,0.94%,$0.48B,$51.40B,0.94%,$0.48B,$65.87B,0.75%,$-1.09B,$62.24B,-1.82%,$213,$0,$213,$0,$633,$633,$-420,$893,$473,$7,$466,$466,$-1,$-420,$-420,$381,412,$-0.15,$-0.12,$2394,$0,$0,$2541,$0,$60168,$0,$3164,$63332,$65873,$3331,$10838,$0,$11138,$14469,$5403,$0,$-20,$51404,$65873,$5395,$0,$-4395,$-4395,$0,$798,$-156,$-153,$488,$1489,$-164,$0,$151,$0,$0,$0,$-11,$-23,$1705,$0,$1705,$-9,$-9,$-14861,$11310,$-1854,$-388,$310,$-14861
16,2014-09-30,18.35,$122.19,0.15,$3.05,6.01,$13.64,1.35,$2.17,8.45,$3.43B,$3.91B,0.88,$10.31B,$51.81B,0.2,$1.12B,$1.12B,100.00%,$1.12B,$-1.02B,-91.00%,$1.12B,$-1.02B,-91.00%,$1.12B,$-1.02B,-91.00%,$1.12B,$8.28B,737.88%,$1.12B,$0.76B,67.38%,$0.76B,$51.81B,1.53%,$0.76B,$51.81B,1.53%,$0.76B,$66.33B,1.26%,$-1.02B,$62.12B,-1.82%,$345,$0,$345,$0,$504,$504,$-160,$1061,$901,$29,$872,$872,$90,$-160,$-160,$420,452,$0.21,$0.20,$3296,$0,$0,$3427,$0,$59928,$0,$2978,$62906,$66333,$3912,$10307,$0,$10608,$14520,$5500,$0,$-14,$51813,$66333,$4929,$0,$-4104,$-4104,$0,$885,$220,$-412,$693,$1518,$-6,$0,$151,$0,$0,$0,$21,$166,$1044,$0,$1044,$28,$28,$-12195,$9605,$-1518,$166,$254,$-12195
17,2014-06-30,19.45,$123.93,0.16,$3.00,6.48,$16.09,1.21,$2.63,7.39,$5.29B,$3.31B,1.6,$10.56B,$51.49B,0.21,$1.00B,$1.00B,100.00%,$1.00B,$-1.10B,-109.93%,$1.00B,$-1.10B,-109.93%,$1.00B,$-1.10B,-109.93%,$1.00B,$9.58B,961.28%,$1.00B,$0.87B,87.36%,$0.87B,$51.49B,1.84%,$0.87B,$51.49B,1.84%,$0.87B,$65.63B,1.57%,$-1.10B,$62.05B,-2.12%,$249,$0,$249,$0,$585,$585,$-336,$2395,$2059,$6,$2052,$2052,$178,$-336,$-336,$378,410,$0.47,$0.43,$5153,$0,$0,$5288,$0,$57379,$0,$2968,$60347,$65634,$3312,$10558,$0,$10835,$14147,$5497,$0,$-5,$51488,$65634,$4057,$0,$-3831,$-3831,$0,$1708,$-106,$40,$1641,$1867,$-5,$0,$151,$0,$0,$0,$1,$148,$1082,$0,$1082,$-2,$-2,$-9118,$7221,$-817,$1198,$170,$-9118
18,2014-03-31,17.91,$162.75,0.11,$2.95,6.06,$19.38,0.92,$2.25,7.96,$2.47B,$3.61B,0.68,$3.24B,$48.88B,0.07,$0.91B,$0.91B,100.00%,$0.91B,$-0.89B,-96.94%,$0.91B,$-0.89B,-96.94%,$0.91B,$-0.89B,-96.94%,$0.91B,$7.81B,854.60%,$0.91B,$0.71B,77.46%,$0.71B,$48.88B,1.59%,$0.71B,$48.88B,1.59%,$0.71B,$56.40B,1.41%,$-0.89B,$52.12B,-1.90%,$303,$0,$303,$0,$473,$473,$-170,$2196,$2026,$22,$2004,$2004,$210,$-170,$-170,$293,325,$0.72,$0.65,$2307,$0,$0,$2469,$0,$51433,$0,$2500,$53934,$56403,$3613,$3242,$0,$3907,$7520,$3017,$0,$-5,$48883,$56403,$2004,$0,$-1911,$-1911,$0,$-1337,$403,$-62,$-996,$-903,$-2,$0,$-59,$0,$0,$0,$-8,$-68,$175,$0,$175,$28,$28,$-3823,$4610,$990,$19,$78,$-3823
19,2013-12-31,18.71,$159.49,0.12,$2.56,7.32,$27.52,0.68,$2.29,8.17,$1.95B,$2.93B,0.66,$1.91B,$45.96B,0.04,$0.76B,$0.76B,100.00%,$0.76B,$-1.00B,-131.76%,$0.76B,$-1.00B,-131.76%,$0.76B,$-1.00B,-131.76%,$0.76B,$7.89B,1035.83%,$0.76B,$0.69B,90.68%,$0.69B,$45.96B,1.62%,$0.69B,$45.96B,1.62%,$0.69B,$51.43B,1.46%,$-1.00B,$47.87B,-2.26%,$225,$0,$225,$0,$580,$580,$-355,$3648,$3293,$12,$3281,$3281,$278,$-355,$-355,$275,300,$0.97,$0.90,$1805,$0,$0,$1949,$0,$47384,$0,$2095,$49478,$51427,$2934,$1909,$0,$2536,$5470,$2728,$0,$-6,$45957,$51427,$7854,$0,$-7615,$-7615,$0,$1536,$579,$223,$2338,$2578,$-14,$0,$0,$0,$0,$0,$30,$15,$779,$0,$779,$-8,$-8,$-10936,$7647,$-2517,$76,$308,$-10936
20,2013-09-30,15.66,$150.62,0.1,$2.51,6.24,$43.24,0.36,$1.76,8.9,$1.73B,$2.63B,0.66,$2.03B,$42.93B,0.05,$0.72B,$0.72B,100.00%,$0.72B,$-0.83B,-116.08%,$0.72B,$-0.83B,-116.08%,$0.72B,$-0.83B,-116.08%,$0.72B,$6.05B,846.71%,$0.72B,$0.51B,71.33%,$0.51B,$42.93B,1.23%,$0.51B,$42.93B,1.23%,$0.51B,$48.16B,1.12%,$-0.83B,$44.96B,-1.93%,$220,$0,$220,$0,$455,$455,$-235,$2441,$2206,$8,$2198,$2198,$205,$-235,$-235,$282,308,$0.73,$0.66,$1595,$0,$0,$1728,$0,$44263,$0,$2169,$46432,$48160,$2625,$2027,$0,$2601,$5226,$2502,$0,$-6,$42934,$48160,$4574,$0,$-4400,$-4400,$0,$1074,$476,$72,$1622,$1796,$-8,$0,$0,$0,$0,$0,$42,$34,$901,$0,$901,$17,$17,$-7495,$4629,$-1948,$-118,$247,$-7495
21,2013-06-30,14.66,$145.14,0.1,$2.42,6.05,$55.26,0.27,$1.59,9.22,$1.79B,$2.20B,0.81,$1.71B,$40.32B,0.04,$0.66B,$0.66B,100.00%,$0.66B,$-0.88B,-133.79%,$0.66B,$-0.88B,-133.79%,$0.66B,$-0.88B,-133.79%,$0.66B,$5.96B,907.15%,$0.66B,$0.43B,65.75%,$0.43B,$40.32B,1.06%,$0.43B,$40.32B,1.06%,$0.43B,$44.81B,0.97%,$-0.88B,$42.03B,-2.09%,$166,$0,$166,$0,$292,$292,$-126,$411,$286,$9,$277,$277,$15,$-126,$-126,$272,298,$0.06,$0.05,$1654,$0,$0,$1789,$0,$41143,$0,$1876,$43018,$44808,$2197,$1706,$0,$2287,$4484,$2294,$0,$-6,$40324,$44808,$2375,$0,$-2242,$-2242,$0,$1737,$233,$235,$2205,$2339,$-5,$0,$0,$0,$0,$0,$66,$62,$584,$0,$584,$17,$17,$-5405,$2341,$-2463,$-63,$162,$-5405
22,2013-03-31,14.22,$157.61,0.09,$2.31,6.16,$58.20,0.24,$2.12,6.71,$2.15B,$2.13B,1.01,$1.63B,$41.26B,0.04,$0.60B,$0.60B,100.00%,$0.60B,$-0.99B,-164.01%,$0.60B,$-0.99B,-164.01%,$0.60B,$-0.99B,-164.01%,$0.60B,$7.19B,1192.37%,$0.60B,$0.56B,93.37%,$0.56B,$41.26B,1.39%,$0.56B,$41.26B,1.39%,$0.56B,$45.54B,1.28%,$-0.99B,$42.89B,-2.37%,$151,$0,$151,$0,$439,$439,$-288,$2396,$2108,$9,$2098,$2098,$193,$-288,$-288,$257,282,$0.75,$0.69,$1997,$0,$0,$2147,$0,$41778,$0,$1618,$43396,$45543,$2132,$1634,$0,$2151,$4284,$2161,$0,$-5,$41259,$45543,$2098,$0,$-2212,$-2212,$0,$1199,$208,$218,$1624,$1510,$-1,$0,$0,$0,$0,$0,$62,$60,$514,$0,$514,$15,$15,$-2574,$745,$-1300,$270,$82,$-2574
23,2012-12-31,10.79,$161.60,0.07,$2.26,4.77,$54.35,0.2,$2.23,4.84,$2.03B,$1.90B,1.07,$1.12B,$40.94B,0.03,$0.57B,$0.57B,100.00%,$0.57B,$-1.03B,-181.34%,$0.57B,$-1.03B,-181.34%,$0.57B,$-1.03B,-181.34%,$0.57B,$8.07B,1420.95%,$0.57B,$0.56B,98.59%,$0.56B,$40.94B,1.40%,$0.56B,$40.94B,1.40%,$0.56B,$44.43B,1.29%,$-1.03B,$42.07B,-2.49%,$178,$0,$178,$0,$358,$358,$-181,$1635,$1454,$6,$1448,$1448,$97,$-181,$-181,$239,254,$0.37,$0.34,$1905,$0,$0,$2027,$0,$40698,$0,$1701,$42399,$44426,$1897,$1123,$0,$1586,$3483,$2009,$0,$-5,$40943,$44426,$8028,$0,$-7508,$-7508,$0,$5424,$255,$3,$5682,$6202,$-37,$0,$-187,$0,$0,$0,$3,$-221,$-446,$0,$-446,$-12,$-12,$-9717,$4581,$-5594,$387,$400,$-9717
24,2012-09-30,10.54,$166.39,0.06,$2.50,4.21,$29.07,0.36,$2.07,5.09,$1.80B,$1.69B,1.06,$1.32B,$40.17B,0.03,$0.60B,$0.60B,100.00%,$0.60B,$-0.97B,-161.94%,$0.60B,$-0.97B,-161.94%,$0.60B,$-0.97B,-161.94%,$0.60B,$7.21B,1203.84%,$0.60B,$0.51B,84.97%,$0.51B,$40.17B,1.30%,$0.51B,$40.17B,1.30%,$0.51B,$43.65B,1.20%,$-0.97B,$41.48B,-2.39%,$162,$0,$162,$0,$447,$447,$-284,$2397,$2112,$10,$2103,$2103,$127,$-284,$-284,$240,258,$0.53,$0.49,$1673,$0,$0,$1798,$0,$40941,$0,$910,$41851,$43649,$1693,$1315,$0,$1788,$3481,$1844,$0,$-2,$40168,$43649,$6580,$0,$-6702,$-6702,$0,$4353,$372,$17,$4742,$4619,$-29,$0,$0,$0,$0,$0,$20,$-8,$-251,$0,$-251,$0,$0,$-6373,$2448,$-4176,$435,$330,$-6373
25,2012-06-30,8.91,$165.60,0.05,$2.61,3.41,$15.24,0.58,$0.49,18.18,$1.23B,$1.59B,0.77,$1.12B,$39.44B,0.03,$0.60B,$0.60B,100.00%,$0.60B,$-0.65B,-107.97%,$0.60B,$-0.65B,-107.97%,$0.60B,$-0.65B,-107.97%,$0.60B,$1.91B,317.94%,$0.60B,$0.14B,23.09%,$0.14B,$39.44B,0.36%,$0.14B,$39.44B,0.36%,$0.14B,$42.61B,0.34%,$-0.65B,$40.56B,-1.64%,$112,$0,$112,$0,$349,$349,$-236,$1753,$1516,$11,$1505,$1505,$146,$-236,$-236,$236,253,$0.62,$0.58,$1128,$0,$0,$1233,$0,$40435,$0,$942,$41378,$42610,$1594,$1121,$0,$1578,$3172,$1699,$0,$-4,$39438,$42610,$4477,$0,$-4504,$-4504,$0,$2491,$223,$49,$2763,$2736,$-17,$0,$0,$0,$0,$0,$56,$39,$-441,$0,$-441,$0,$0,$-3940,$1501,$-2880,$-104,$208,$-3940
26,2012-03-31,10.13,$170.91,0.06,$2.70,3.75,$14.45,0.7,$0.09,112.6,$1.34B,$1.78B,0.75,$1.72B,$39.60B,0.04,$0.61B,$0.61B,100.00%,$0.61B,$-0.63B,-103.29%,$0.61B,$-0.63B,-103.29%,$0.61B,$-0.63B,-103.29%,$0.61B,$1.61B,264.14%,$0.61B,$0.03B,5.43%,$0.03B,$39.60B,0.09%,$0.03B,$39.60B,0.09%,$0.03B,$43.52B,0.08%,$-0.63B,$41.32B,-1.60%,$116,$0,$116,$0,$445,$445,$-329,$3318,$2989,$17,$2972,$2972,$190,$-329,$-329,$229,238,$0.83,$0.80,$1189,$0,$0,$1340,$0,$41263,$0,$917,$42181,$43520,$1784,$1721,$0,$2137,$3921,$1512,$0,$-1,$39600,$43520,$2972,$0,$-2975,$-2975,$0,$136,$274,$-43,$367,$364,$-6,$0,$0,$0,$0,$0,$-20,$-26,$156,$0,$156,$0,$0,$-1599,$873,$-570,$-232,$114,$-1599
27,2011-12-31,8.58,$164.69,0.05,$3.30,2.6,$20.35,0.42,$0.04,214.56,$2.01B,$1.13B,1.79,$1.57B,$37.41B,0.04,$0.72B,$0.72B,100.00%,$0.72B,$-0.49B,-67.82%,$0.72B,$-0.49B,-67.82%,$0.72B,$-0.49B,-67.82%,$0.72B,$0.97B,133.29%,$0.72B,$0.00B,0.41%,$0.00B,$37.41B,0.01%,$0.00B,$37.41B,0.01%,$0.00B,$40.38B,0.01%,$-0.49B,$38.97B,-1.27%,$209,$0,$209,$0,$330,$330,$-121,$715,$594,$21,$573,$573,$46,$-121,$-121,$220,223,$0.17,$0.17,$1864,$0,$0,$2014,$0,$37495,$0,$869,$38364,$40378,$1128,$1565,$0,$1840,$2969,$1331,$0,$-2,$37409,$40378,$876,$0,$-594,$-594,$0,$-469,$274,$-296,$-491,$-209,$-18,$0,$0,$0,$0,$0,$-29,$-48,$91,$0,$91,$0,$0,$-6220,$6489,$361,$105,$470,$-6220
28,2011-09-30,6.9,$161.09,0.04,$3.07,2.25,$24.86,0.28,$0.70,9.86,$1.51B,$1.15B,1.31,$1.57B,$35.91B,0.04,$0.66B,$0.66B,100.00%,$0.66B,$-0.64B,-97.28%,$0.66B,$-0.64B,-97.28%,$0.66B,$-0.64B,-97.28%,$0.66B,$3.56B,539.18%,$0.66B,$0.14B,20.88%,$0.14B,$35.91B,0.38%,$0.14B,$35.91B,0.38%,$0.14B,$38.63B,0.35%,$-0.64B,$37.48B,-1.68%,$165,$0,$165,$0,$129,$129,$36,$-3221,$-3185,$12,$-3196,$-3196,$-243,$36,$36,$223,223,$-1.09,$-1.09,$1353,$0,$0,$1511,$0,$36358,$0,$765,$37123,$38634,$1154,$1565,$0,$1565,$2719,$1265,$0,$1,$35914,$38634,$303,$0,$-137,$-137,$0,$559,$213,$-46,$725,$892,$-5,$0,$0,$0,$0,$0,$-31,$-36,$78,$0,$78,$0,$0,$-4655,$3803,$-773,$83,$387,$-4655
29,2011-06-30,10.72,$170.00,0.06,$2.80,3.83,$26.53,0.4,$1.83,5.86,$1.64B,$1.23B,1.34,$1.53B,$37.83B,0.04,$0.59B,$0.59B,100.00%,$0.59B,$-1.03B,-174.49%,$0.59B,$-1.03B,-174.49%,$0.59B,$-1.03B,-174.49%,$0.59B,$8.12B,1371.62%,$0.59B,$0.39B,65.88%,$0.39B,$37.83B,1.09%,$0.39B,$37.83B,1.09%,$0.39B,$40.59B,1.01%,$-1.03B,$39.36B,-2.76%,$118,$0,$118,$0,$331,$331,$-214,$1422,$1208,$26,$1182,$1182,$40,$-214,$-214,$219,220,$0.18,$0.18,$1499,$0,$0,$1644,$0,$38579,$0,$365,$38944,$40588,$1228,$1530,$0,$1530,$2758,$1522,$0,$3,$37830,$40588,$3500,$0,$-3584,$-3584,$0,$2151,$195,$-63,$2283,$2200,$-1,$0,$0,$0,$0,$0,$-32,$-33,$43,$0,$43,$0,$0,$-3862,$1847,$-1971,$195,$263,$-3862
