,Date,Stock Price,Book Value per Share,Price to Book Ratio,TTM Sales per Share,Price to Sales Ratio,TTM FCF per Share,Price to FCF Ratio,TTM Net EPS,PE Ratio,Current Assets,Current Liabilities,Current Ratio,Long Term Debt,Shareholder's Equity_x,Debt to Equity Ratio,TTM Revenue_x,TTM Gross Profit,Gross Margin,TTM Revenue_y,TTM Operating Income,Operating Margin,TTM Revenue_x,TTM EBIT,EBIT Margin,TTM Revenue_y,TTM EBITDA,EBITDA Margin,TTM Revenue_x,TTM Pre-Tax Income,Pre-Tax Margin,TTM Revenue_y,TTM Net Income_x,Net Margin,TTM Net Income_y,Shareholder's Equity_y,Return on Equity,TTM Net Income_x,Tangible Equity,Return on Tangible Equity,TTM Net Income_y,Total Assets,Return on Assets,TTM Net Income,LT Investments & Debt,Return on Investment,revenue,cost-goods-sold,gross-profit,research-development-expenses,selling-general-administrative-expenses,operating-expenses,operating-income,total-non-operating-income-expense,pre-tax-income,total-provision-income-taxes,income-after-taxes,income-from-continuous-operations,net-income,ebitda,ebit,basic-shares-outstanding,shares-outstanding,eps-basic-net-earnings-per-share,eps-earnings-per-share-diluted,cash-on-hand,inventory,other-current-assets,total-current-assets,net-property-plant-equipment,long-term-investments,goodwill-intangible-assets-total,other-long-term-assets,total-long-term-assets,total-assets,total-current-liabilities,long-term-debt,other-non-current-liabilities,total-long-term-liabilities,total-liabilities,common-stock-net,retained-earnings-accumulated-deficit,comprehensive-income,total-share-holder-equity,total-liabilities-share-holders-equity,net-income-loss,total-depreciation-amortization-cash-flow,other-non-cash-items,total-non-cash-items,change-in-accounts-receivable,change-in-inventories,change-in-accounts-payable,change-in-assets-liabilities,total-change-in-assets-liabilities,cash-flow-from-operating-activities,net-change-in-property-plant-equipment,net-change-in-intangible-assets,net-acquisitions-divestitures,net-change-in-short-term-investments,net-change-in-long-term-investments,net-change-in-investments-total,investing-activities-other,cash-flow-from-investing-activities,net-long-term-debt,net-current-debt,debt-issuance-retirement-net-total,net-common-equity-issued-repurchased,net-total-equity-issued-repurchased,total-common-preferred-stock-dividends-paid,financial-activities-other,cash-flow-from-financial-activities,net-cash-flow,stock-based-compensation,common-stock-dividends-paid
0,2018-07-31,71.8,$26.83,2.68,$31.41,2.29,$9.78,7.34,$4.16,17.26,$0.16B,$0.06B,2.62,$0.31B,$0.42B,0.74,$0.47B,$0.20B,42.06%,$0.47B,$0.09B,18.88%,$0.47B,$0.09B,18.88%,$0.47B,$0.12B,25.75%,$0.47B,$0.06B,13.73%,$0.47B,$0.07B,13.95%,$0.07B,$0.42B,16.73%,$0.07B,$-0.12B,-44.07%,$0.07B,$0.82B,8.09%,$0.09B,$0.72B,12.25%,$122,$71,$51,$0,$25,$100,$22,$-4,$18,$0,$18,$18,$18,$30,$22,$15,15,$1.29,$1.26,$24,$54,$0,$155,$117,$0,$534,$12,$663,$818,$59,$306,$5,$343,$402,$0,$204,$-10,$416,$818,$65,$31,$5,$36,$-13,$-8,$10,$-1,$-13,$88,$-24,$0,$-1,$0,$0,$0,$-1,$-25,$-228,$0,$-228,$176,$176,$-2,$-4,$-58,$4,$8,$-2
1,2018-04-30,61.47,$25.71,2.39,$31.15,1.97,$8.12,7.57,$3.46,17.76,$0.15B,$0.05B,2.7,$0.32B,$0.40B,0.81,$0.44B,$0.18B,41.36%,$0.44B,$0.08B,17.27%,$0.44B,$0.08B,17.27%,$0.44B,$0.11B,24.32%,$0.44B,$0.05B,11.82%,$0.44B,$0.05B,11.82%,$0.05B,$0.40B,15.85%,$0.05B,$-0.13B,-24.67%,$0.05B,$0.81B,6.52%,$0.08B,$0.72B,10.67%,$119,$68,$50,$0,$23,$95,$24,$-3,$21,$5,$16,$16,$16,$32,$24,$16,16,$1.01,$0.98,$22,$54,$0,$147,$115,$0,$531,$13,$658,$805,$54,$324,$5,$352,$407,$0,$186,$-8,$399,$805,$47,$23,$-2,$22,$-8,$-7,$8,$-1,$-11,$58,$-16,$0,$-1,$0,$0,$0,$-1,$-17,$-210,$0,$-210,$176,$176,$-1,$-4,$-40,$1,$6,$-1
2,2018-01-31,60.7,$24.77,2.45,$30.32,2.0,$6.98,8.69,$2.97,20.44,$0.14B,$0.05B,2.95,$0.34B,$0.38B,0.88,$0.40B,$0.17B,40.94%,$0.40B,$0.06B,15.14%,$0.40B,$0.06B,15.14%,$0.40B,$0.09B,21.84%,$0.40B,$0.04B,9.93%,$0.40B,$0.04B,10.42%,$0.04B,$0.38B,15.63%,$0.04B,$-0.15B,-27.45%,$0.04B,$0.80B,6.38%,$0.06B,$0.72B,10.51%,$114,$65,$49,$0,$24,$92,$22,$-5,$17,$-8,$25,$25,$25,$30,$22,$15,16,$1.64,$1.59,$22,$50,$0,$138,$109,$0,$538,$11,$658,$796,$47,$337,$5,$365,$412,$0,$171,$-5,$384,$796,$31,$16,$-5,$10,$-0,$-2,$3,$0,$-5,$36,$-9,$0,$0,$0,$0,$0,$-1,$-10,$-196,$0,$-196,$176,$176,$-1,$-4,$-25,$1,$4,$-1
3,2017-10-31,55.06,$23.10,2.38,$29.60,1.86,$6.42,8.57,$1.91,28.83,$0.14B,$0.05B,2.87,$0.35B,$0.36B,0.99,$0.37B,$0.15B,39.95%,$0.37B,$0.05B,13.04%,$0.37B,$0.05B,13.04%,$0.37B,$0.07B,19.29%,$0.37B,$0.03B,8.70%,$0.37B,$0.02B,6.25%,$0.02B,$0.36B,10.87%,$0.02B,$-0.19B,-25.70%,$0.02B,$0.80B,4.40%,$0.05B,$0.71B,10.68%,$111,$64,$46,$0,$23,$91,$20,$-12,$8,$3,$6,$6,$6,$28,$20,$12,13,$0.47,$0.46,$30,$46,$0,$140,$107,$0,$541,$7,$654,$795,$49,$353,$5,$391,$440,$0,$146,$-10,$355,$795,$6,$8,$4,$12,$2,$0,$3,$0,$3,$21,$-6,$0,$0,$0,$0,$0,$-1,$-7,$-178,$0,$-178,$176,$176,$-0,$-2,$-4,$9,$2,$-0
4,2017-07-31,50.53,$14.61,3.46,$27.20,1.86,$5.95,8.5,$1.92,26.32,$0.13B,$0.05B,2.52,$0.52B,$0.17B,3.01,$0.33B,$0.13B,39.34%,$0.33B,$0.04B,11.11%,$0.33B,$0.04B,11.11%,$0.33B,$0.06B,16.52%,$0.33B,$0.03B,9.91%,$0.33B,$0.02B,6.91%,$0.02B,$0.17B,14.40%,$0.02B,$-0.37B,-116.46%,$0.02B,$0.79B,6.01%,$0.04B,$0.70B,11.65%,$96,$60,$37,$0,$24,$86,$10,$-4,$6,$1,$5,$5,$5,$17,$10,$12,12,$0.45,$0.43,$21,$46,$0,$133,$105,$0,$545,$9,$659,$792,$53,$523,$5,$566,$619,$0,$141,$-10,$174,$792,$24,$17,$4,$22,$-3,$3,$-1,$-2,$-1,$45,$-13,$0,$-512,$0,$0,$0,$0,$-524,$504,$0,$504,$0,$0,$-1,$-16,$487,$7,$6,$-1
5,2017-04-30,52.42,$13.65,3.84,$25.67,2.04,$5.59,9.38,$1.80,29.12,$0.10B,$0.04B,2.42,$0.03B,$0.16B,0.21,$0.31B,$0.12B,39.42%,$0.31B,$0.03B,10.90%,$0.31B,$0.03B,10.90%,$0.31B,$0.05B,15.71%,$0.31B,$0.03B,10.90%,$0.31B,$0.02B,7.05%,$0.02B,$0.16B,14.47%,$0.02B,$0.10B,23.22%,$0.02B,$0.25B,9.02%,$0.03B,$0.20B,18.09%,$82,$49,$33,$0,$22,$72,$9,$-0,$9,$3,$6,$6,$6,$13,$9,$12,12,$0.51,$0.49,$14,$39,$0,$102,$82,$0,$63,$5,$150,$252,$42,$34,$4,$48,$90,$0,$136,$-14,$162,$252,$18,$11,$2,$13,$-1,$1,$-1,$-1,$-4,$27,$-9,$0,$-17,$0,$0,$0,$1,$-24,$-2,$0,$-2,$0,$0,$-1,$-0,$-3,$1,$4,$-1
6,2017-01-31,36.74,$13.03,2.82,$25.31,1.45,$5.56,6.6,$1.84,19.97,$0.11B,$0.04B,2.8,$0.04B,$0.16B,0.27,$0.31B,$0.12B,39.02%,$0.31B,$0.03B,10.49%,$0.31B,$0.03B,10.49%,$0.31B,$0.05B,15.41%,$0.31B,$0.03B,11.15%,$0.31B,$0.02B,7.21%,$0.02B,$0.16B,14.99%,$0.02B,$0.10B,24.18%,$0.02B,$0.25B,9.10%,$0.03B,$0.20B,17.32%,$79,$48,$31,$0,$22,$70,$9,$-0,$9,$2,$6,$6,$6,$13,$9,$12,12,$0.55,$0.53,$32,$36,$0,$113,$77,$0,$55,$5,$136,$250,$41,$41,$4,$55,$95,$0,$130,$-15,$155,$250,$12,$7,$2,$9,$-1,$1,$1,$-0,$-2,$19,$-5,$0,$0,$0,$0,$0,$0,$-5,$5,$0,$5,$0,$0,$-1,$-0,$4,$18,$3,$-1
7,2016-10-31,27.03,$12.43,2.18,$24.83,1.09,$5.10,5.3,$1.64,16.48,$0.10B,$0.04B,2.36,$0.03B,$0.15B,0.23,$0.30B,$0.12B,39.06%,$0.30B,$0.03B,9.76%,$0.30B,$0.03B,9.76%,$0.30B,$0.04B,14.81%,$0.30B,$0.03B,10.44%,$0.30B,$0.02B,6.73%,$0.02B,$0.15B,14.21%,$0.02B,$0.09B,23.67%,$0.02B,$0.24B,8.38%,$0.03B,$0.18B,16.09%,$76,$47,$30,$0,$20,$68,$9,$0,$9,$3,$6,$6,$6,$12,$9,$12,12,$0.48,$0.47,$18,$35,$0,$98,$78,$0,$55,$6,$139,$237,$42,$33,$4,$48,$89,$0,$124,$-14,$148,$237,$6,$4,$2,$5,$-0,$2,$1,$-0,$-0,$11,$-3,$0,$0,$0,$0,$0,$0,$-2,$-3,$0,$-3,$0,$0,$-0,$-0,$-3,$5,$1,$-0
8,2016-07-31,27.35,$12.06,2.27,$24.99,1.09,$4.78,5.72,$1.56,17.53,$0.10B,$0.04B,2.18,$0.04B,$0.14B,0.25,$0.30B,$0.12B,38.59%,$0.30B,$0.03B,9.06%,$0.30B,$0.03B,9.06%,$0.30B,$0.04B,14.43%,$0.30B,$0.03B,9.73%,$0.30B,$0.02B,6.38%,$0.02B,$0.14B,14.00%,$0.02B,$0.09B,24.13%,$0.02B,$0.24B,7.94%,$0.03B,$0.18B,15.00%,$75,$46,$29,$0,$20,$68,$7,$-1,$7,$3,$4,$4,$4,$11,$7,$12,12,$0.32,$0.32,$12,$37,$0,$95,$80,$0,$56,$6,$142,$237,$44,$36,$4,$50,$94,$0,$119,$-12,$143,$237,$19,$15,$3,$18,$3,$4,$-9,$1,$4,$41,$-14,$0,$-3,$0,$0,$0,$0,$-17,$-17,$0,$-17,$0,$0,$-1,$0,$-19,$5,$5,$-1
9,2016-04-30,23.54,$12.03,1.96,$25.13,0.94,$3.08,7.64,$1.53,15.39,$0.09B,$0.05B,2.07,$0.04B,$0.14B,0.3,$0.30B,$0.11B,37.79%,$0.30B,$0.03B,8.70%,$0.30B,$0.03B,8.70%,$0.30B,$0.05B,15.72%,$0.30B,$0.03B,9.36%,$0.30B,$0.02B,6.02%,$0.02B,$0.14B,13.77%,$0.02B,$0.08B,24.66%,$0.02B,$0.24B,7.48%,$0.03B,$0.18B,14.50%,$75,$46,$29,$0,$22,$68,$7,$1,$9,$2,$6,$6,$6,$11,$7,$12,12,$0.54,$0.53,$11,$39,$0,$93,$86,$0,$57,$6,$150,$243,$45,$42,$5,$57,$102,$0,$115,$-9,$141,$243,$15,$11,$2,$13,$3,$3,$-7,$1,$2,$29,$-11,$0,$-3,$0,$0,$0,$0,$-14,$-11,$0,$-11,$0,$0,$-1,$0,$-12,$3,$4,$-1
10,2016-01-31,22.89,$11.19,2.04,$25.12,0.91,$1.58,14.44,$1.18,19.4,$0.09B,$0.05B,2.02,$0.05B,$0.13B,0.36,$0.30B,$0.11B,37.25%,$0.30B,$0.02B,8.05%,$0.30B,$0.02B,8.05%,$0.30B,$0.04B,14.77%,$0.30B,$0.02B,7.38%,$0.30B,$0.01B,4.70%,$0.01B,$0.13B,11.13%,$0.01B,$0.07B,18.86%,$0.01B,$0.24B,6.02%,$0.02B,$0.18B,13.91%,$71,$43,$28,$0,$22,$65,$6,$-0,$6,$2,$4,$4,$4,$10,$6,$12,12,$0.34,$0.33,$9,$40,$0,$92,$81,$0,$57,$6,$145,$238,$46,$47,$4,$61,$106,$0,$109,$-12,$131,$238,$9,$7,$1,$8,$-1,$1,$-6,$3,$-3,$14,$-6,$0,$0,$0,$0,$0,$0,$-6,$-6,$0,$-6,$0,$0,$-1,$0,$-7,$1,$2,$-1
11,2015-10-31,20.85,$10.94,1.91,$25.95,0.8,$0.86,24.15,$1.32,15.8,$0.10B,$0.04B,2.15,$0.05B,$0.13B,0.4,$0.31B,$0.11B,36.48%,$0.31B,$0.02B,6.84%,$0.31B,$0.02B,6.84%,$0.31B,$0.04B,13.36%,$0.31B,$0.03B,8.14%,$0.31B,$0.02B,4.89%,$0.02B,$0.13B,12.24%,$0.02B,$0.07B,19.42%,$0.02B,$0.24B,6.60%,$0.02B,$0.18B,12.56%,$77,$47,$29,$0,$21,$69,$7,$-0,$7,$3,$5,$5,$5,$11,$7,$12,12,$0.39,$0.39,$10,$40,$0,$95,$80,$0,$58,$6,$145,$239,$44,$52,$2,$67,$111,$0,$106,$-10,$128,$239,$5,$4,$1,$5,$1,$2,$-8,$0,$-1,$8,$-4,$0,$0,$0,$0,$0,$0,$-4,$-2,$0,$-2,$0,$0,$-0,$0,$-2,$3,$1,$-0
12,2015-07-31,21.6,$10.56,2.05,$27.25,0.79,$0.96,22.51,$1.03,20.97,$0.10B,$0.05B,1.92,$0.05B,$0.12B,0.43,$0.32B,$0.11B,34.58%,$0.32B,$0.02B,5.30%,$0.32B,$0.02B,5.30%,$0.32B,$0.04B,11.21%,$0.32B,$0.02B,6.23%,$0.32B,$0.01B,3.43%,$0.01B,$0.12B,9.19%,$0.01B,$0.06B,13.88%,$0.01B,$0.24B,4.79%,$0.02B,$0.18B,10.27%,$76,$49,$27,$0,$20,$70,$6,$-0,$6,$2,$3,$3,$3,$15,$6,$12,12,$0.29,$0.28,$8,$42,$0,$97,$81,$0,$59,$6,$146,$242,$50,$53,$2,$69,$119,$0,$101,$-10,$123,$242,$12,$19,$-5,$14,$-1,$-1,$1,$-1,$-9,$18,$-11,$0,$-7,$0,$0,$0,$0,$-18,$-7,$0,$-7,$0,$0,$-1,$-1,$-9,$-12,$3,$-1
13,2015-04-30,28.94,$10.38,2.79,$28.65,1.01,$3.09,9.38,$0.68,42.56,$0.09B,$0.05B,1.9,$0.04B,$0.12B,0.29,$0.34B,$0.11B,33.33%,$0.34B,$0.01B,3.27%,$0.34B,$0.01B,3.27%,$0.34B,$0.03B,8.63%,$0.34B,$0.01B,3.87%,$0.34B,$0.01B,2.08%,$0.01B,$0.12B,5.88%,$0.01B,$0.09B,8.43%,$0.01B,$0.21B,3.02%,$0.01B,$0.16B,6.61%,$74,$47,$27,$0,$21,$69,$5,$-2,$3,$1,$2,$2,$2,$8,$5,$12,12,$0.18,$0.18,$7,$39,$0,$93,$81,$0,$32,$6,$119,$212,$49,$35,$2,$42,$91,$0,$98,$-8,$121,$212,$9,$10,$-1,$9,$-2,$1,$-5,$-1,$-9,$8,$-8,$0,$15,$0,$0,$0,$0,$7,$-25,$0,$-25,$0,$0,$-1,$0,$-26,$-12,$2,$-1
14,2015-01-31,20.65,$10.10,2.04,$29.63,0.7,$4.70,4.4,$0.61,33.85,$0.10B,$0.05B,1.96,$0.04B,$0.12B,0.33,$0.35B,$0.11B,31.79%,$0.35B,$0.01B,2.60%,$0.35B,$0.01B,2.60%,$0.35B,$0.03B,7.80%,$0.35B,$0.01B,3.47%,$0.35B,$0.01B,1.73%,$0.01B,$0.12B,5.03%,$0.01B,$0.09B,7.38%,$0.01B,$0.22B,2.47%,$0.01B,$0.16B,5.26%,$80,$51,$29,$0,$23,$77,$3,$5,$9,$3,$5,$5,$5,$7,$3,$12,12,$0.47,$0.47,$10,$40,$2,$97,$81,$0,$32,$6,$119,$216,$49,$39,$2,$49,$98,$0,$97,$-9,$118,$216,$7,$7,$-1,$5,$0,$-0,$-6,$0,$-6,$6,$-7,$0,$15,$0,$0,$0,$0,$8,$-21,$0,$-21,$0,$0,$-1,$0,$-22,$-9,$1,$-1
15,2014-10-31,17.45,$10.08,1.73,$30.10,0.58,$5.30,3.29,$-0.10,0.0,$0.11B,$0.06B,1.79,$0.06B,$0.12B,0.48,$0.35B,$0.11B,30.29%,$0.35B,$0.00B,1.14%,$0.35B,$0.00B,1.14%,$0.35B,$0.02B,6.29%,$0.35B,$0.00B,0.29%,$0.35B,$-0.00B,-0.57%,$-0.00B,$0.12B,-1.67%,$-0.00B,$0.08B,-2.52%,$-0.00B,$0.25B,-0.79%,$0.00B,$0.17B,2.27%,$91,$63,$28,$0,$22,$88,$3,$-1,$2,$1,$1,$1,$1,$6,$3,$12,12,$0.10,$0.10,$20,$45,$0,$113,$89,$0,$40,$6,$135,$248,$63,$56,$2,$67,$130,$0,$91,$-3,$117,$248,$1,$3,$2,$6,$-3,$-1,$4,$-0,$3,$10,$-4,$0,$0,$0,$0,$0,$0,$-4,$-4,$0,$-4,$0,$0,$-0,$0,$-4,$0,$0,$-0
16,2014-07-31,16.5,$10.32,1.6,$30.40,0.54,$4.95,3.33,$-0.08,0.0,$0.11B,$0.06B,1.92,$0.06B,$0.12B,0.5,$0.35B,$0.10B,29.46%,$0.35B,$0.00B,1.13%,$0.35B,$0.00B,1.13%,$0.35B,$0.02B,6.52%,$0.35B,$0.00B,0.28%,$0.35B,$-0.00B,-0.57%,$-0.00B,$0.12B,-1.66%,$-0.00B,$0.08B,-2.49%,$-0.00B,$0.25B,-0.78%,$0.00B,$0.18B,2.17%,$91,$63,$28,$0,$23,$92,$-0,$-1,$-1,$-0,$-1,$-1,$-1,$8,$-0,$12,12,$-0.08,$-0.08,$19,$45,$0,$112,$92,$0,$41,$5,$139,$251,$58,$60,$3,$72,$131,$0,$91,$1,$120,$251,$-1,$18,$3,$22,$3,$8,$0,$1,$20,$40,$-9,$0,$0,$0,$0,$0,$0,$-9,$-25,$0,$-25,$0,$0,$-1,$0,$-26,$5,$2,$-1
17,2014-04-30,15.33,$10.49,1.46,$29.55,0.52,$3.56,4.31,$0.05,306.58,$0.12B,$0.07B,1.67,$0.05B,$0.12B,0.43,$0.34B,$0.10B,29.15%,$0.34B,$0.01B,2.04%,$0.34B,$0.01B,2.04%,$0.34B,$0.02B,5.83%,$0.34B,$0.00B,1.17%,$0.34B,0,0.00%,$0.00B,$0.12B,0.00%,$0.00B,$0.08B,0.00%,$0.00B,$0.26B,0.00%,$0.01B,$0.17B,3.69%,$84,$60,$25,$0,$21,$82,$3,$-1,$2,$1,$1,$1,$1,$6,$3,$12,12,$0.11,$0.11,$19,$47,$0,$115,$95,$0,$40,$5,$141,$256,$69,$52,$3,$65,$134,$0,$92,$2,$122,$256,$-0,$10,$4,$14,$2,$7,$-4,$0,$12,$26,$-7,$0,$0,$0,$0,$0,$0,$-7,$-13,$0,$-13,$0,$0,$-1,$0,$-14,$5,$2,$-1
18,2014-01-31,15.35,$10.26,1.5,$27.49,0.56,$2.45,6.28,$0.19,80.78,$0.11B,$0.07B,1.72,$0.06B,$0.12B,0.5,$0.32B,$0.09B,28.53%,$0.32B,$0.01B,2.51%,$0.32B,$0.01B,2.51%,$0.32B,$0.02B,6.27%,$0.32B,$0.01B,1.88%,$0.32B,$0.00B,0.63%,$0.00B,$0.12B,1.69%,$0.00B,$0.08B,2.39%,$0.00B,$0.26B,0.84%,$0.01B,$0.18B,4.43%,$84,$59,$25,$0,$23,$86,$-2,$-1,$-2,$0,$-3,$-3,$-3,$2,$-2,$12,12,$-0.24,$-0.24,$15,$52,$0,$113,$96,$0,$40,$5,$143,$256,$66,$59,$2,$71,$136,$0,$91,$0,$119,$256,$-1,$7,$3,$10,$3,$2,$-6,$2,$3,$12,$-5,$0,$0,$0,$0,$0,$0,$-5,$-6,$0,$-6,$0,$0,$-1,$0,$-6,$1,$1,$-1
19,2013-10-31,19.55,$10.48,1.86,$25.16,0.78,$2.39,8.17,$0.57,34.29,$0.11B,$0.04B,2.82,$0.08B,$0.12B,0.68,$0.29B,$0.08B,28.08%,$0.29B,$0.01B,4.45%,$0.29B,$0.01B,4.45%,$0.29B,$0.02B,7.88%,$0.29B,$0.01B,3.77%,$0.29B,$0.01B,2.40%,$0.01B,$0.12B,5.97%,$0.01B,$0.08B,7.95%,$0.01B,$0.26B,3.23%,$0.01B,$0.21B,7.64%,$94,$68,$26,$0,$23,$91,$3,$-1,$2,$1,$1,$1,$1,$7,$3,$12,12,$0.12,$0.12,$13,$49,$0,$113,$98,$0,$40,$5,$144,$257,$40,$83,$2,$95,$135,$0,$94,$-0,$122,$257,$1,$3,$0,$4,$-0,$5,$-10,$2,$-1,$4,$-3,$0,$0,$0,$0,$0,$0,$-3,$-2,$0,$-2,$0,$0,$-0,$0,$-2,$-1,$1,$-0
20,2013-07-31,22.06,$10.18,2.17,$22.75,0.97,$2.69,8.19,$0.81,27.24,$0.12B,$0.05B,2.59,$0.09B,$0.12B,0.73,$0.26B,$0.08B,28.90%,$0.26B,$0.02B,6.46%,$0.26B,$0.02B,6.46%,$0.26B,$0.03B,9.51%,$0.26B,$0.02B,6.08%,$0.26B,$0.01B,3.80%,$0.01B,$0.12B,8.71%,$0.01B,$0.08B,10.99%,$0.01B,$0.26B,5.10%,$0.02B,$0.20B,11.15%,$81,$57,$24,$0,$22,$79,$3,$-1,$2,$1,$1,$1,$1,$5,$3,$11,12,$0.06,$0.06,$14,$53,$0,$119,$97,$0,$40,$5,$143,$262,$46,$85,$2,$99,$145,$0,$93,$-3,$117,$262,$9,$8,$1,$9,$-1,$-1,$5,$-1,$1,$20,$-6,$0,$-63,$0,$0,$0,$0,$-68,$61,$0,$61,$0,$0,$-1,$0,$60,$12,$0,$-1
21,2013-04-30,17.91,$10.10,1.77,$21.61,0.83,$3.16,5.67,$1.08,16.59,$0.09B,$0.03B,2.88,$0.02B,$0.12B,0.19,$0.25B,$0.07B,29.20%,$0.25B,$0.02B,8.40%,$0.25B,$0.02B,8.40%,$0.25B,$0.03B,11.20%,$0.25B,$0.02B,8.00%,$0.25B,$0.01B,5.20%,$0.01B,$0.12B,11.58%,$0.01B,$0.10B,13.87%,$0.01B,$0.18B,7.53%,$0.02B,$0.14B,15.58%,$60,$44,$16,$0,$12,$56,$4,$-0,$4,$1,$3,$3,$3,$6,$4,$12,12,$0.25,$0.25,$5,$45,$0,$86,$67,$0,$19,$5,$92,$177,$30,$22,$2,$31,$61,$0,$93,$-3,$116,$177,$9,$5,$1,$6,$-1,$-3,$1,$-2,$-5,$10,$-4,$0,$0,$0,$0,$0,$0,$-4,$-2,$0,$-2,$0,$0,$-1,$1,$-2,$3,$0,$-1
22,2013-01-31,19.05,$9.95,1.91,$22.20,0.86,$4.32,4.41,$1.17,16.28,$0.08B,$0.03B,2.91,$0.02B,$0.11B,0.19,$0.26B,$0.08B,30.35%,$0.26B,$0.02B,9.34%,$0.26B,$0.02B,9.34%,$0.26B,$0.03B,12.06%,$0.26B,$0.02B,8.56%,$0.26B,$0.01B,5.45%,$0.01B,$0.11B,12.79%,$0.01B,$0.10B,15.43%,$0.01B,$0.17B,8.14%,$0.02B,$0.14B,17.98%,$57,$41,$16,$0,$13,$54,$3,$-0,$3,$1,$2,$2,$2,$5,$3,$11,12,$0.14,$0.14,$5,$43,$0,$79,$69,$0,$19,$4,$93,$172,$27,$22,$2,$31,$58,$0,$90,$-2,$114,$172,$6,$4,$-0,$3,$2,$-2,$-1,$1,$-0,$9,$-3,$0,$0,$0,$0,$0,$0,$-3,$-2,$0,$-2,$0,$0,$-1,$0,$-2,$4,$0,$-1
23,2012-10-31,16.61,$9.80,1.7,$23.10,0.72,$4.84,3.44,$1.24,13.4,$0.08B,$0.03B,2.55,$0.02B,$0.11B,0.2,$0.27B,$0.08B,29.59%,$0.27B,$0.03B,9.74%,$0.27B,$0.03B,9.74%,$0.27B,$0.03B,12.36%,$0.27B,$0.02B,8.61%,$0.27B,$0.01B,5.24%,$0.01B,$0.11B,13.18%,$0.01B,$0.09B,16.23%,$0.01B,$0.17B,8.07%,$0.03B,$0.13B,19.26%,$65,$45,$20,$0,$13,$58,$7,$-0,$7,$2,$4,$4,$4,$9,$7,$11,12,$0.36,$0.36,$4,$46,$0,$81,$69,$0,$19,$4,$93,$174,$32,$22,$1,$30,$62,$0,$89,$-3,$112,$174,$4,$2,$-0,$2,$2,$-5,$2,$0,$1,$6,$-2,$0,$0,$0,$0,$0,$0,$-2,$-2,$0,$-2,$0,$0,$-0,$0,$-2,$3,$0,$-0
24,2012-07-31,17.36,$9.36,1.85,$23.67,0.73,$5.44,3.19,$1.19,14.59,$0.08B,$0.03B,2.64,$0.02B,$0.11B,0.23,$0.27B,$0.08B,28.47%,$0.27B,$0.03B,9.49%,$0.27B,$0.03B,9.49%,$0.27B,$0.03B,12.04%,$0.27B,$0.02B,8.03%,$0.27B,$0.01B,5.11%,$0.01B,$0.11B,13.56%,$0.01B,$0.09B,17.07%,$0.01B,$0.17B,7.95%,$0.03B,$0.13B,18.91%,$68,$47,$21,$0,$14,$61,$7,$-1,$6,$2,$4,$4,$4,$8,$7,$11,12,$0.34,$0.34,$2,$41,$0,$76,$68,$0,$19,$4,$92,$168,$29,$24,$1,$32,$61,$0,$85,$-4,$107,$168,$14,$7,$2,$9,$9,$-6,$-3,$-0,$2,$25,$-5,$0,$10,$0,$0,$0,$-1,$4,$-28,$0,$-28,$0,$0,$-1,$0,$-29,$-0,$1,$-1
25,2012-04-30,16.71,$9.20,1.82,$23.60,0.71,$4.09,4.08,$0.96,17.41,$0.08B,$0.03B,2.35,$0.03B,$0.11B,0.27,$0.27B,$0.07B,26.74%,$0.27B,$0.02B,8.06%,$0.27B,$0.02B,8.06%,$0.27B,$0.03B,10.62%,$0.27B,$0.02B,6.59%,$0.27B,$0.01B,4.03%,$0.01B,$0.11B,10.92%,$0.01B,$0.09B,14.06%,$0.01B,$0.17B,6.10%,$0.02B,$0.13B,15.80%,$67,$46,$21,$0,$14,$60,$7,$-1,$6,$2,$4,$4,$4,$9,$7,$11,12,$0.35,$0.34,$5,$40,$0,$81,$70,$0,$19,$4,$94,$174,$34,$28,$1,$35,$70,$0,$81,$-3,$105,$174,$10,$5,$1,$7,$7,$-5,$2,$-1,$6,$23,$-4,$0,$10,$0,$0,$0,$-1,$5,$-24,$0,$-24,$0,$0,$-1,$0,$-25,$3,$1,$-1
26,2012-01-31,17.81,$8.85,2.01,$23.22,0.77,$2.81,6.35,$0.85,20.96,$0.08B,$0.03B,2.83,$0.04B,$0.10B,0.41,$0.27B,$0.07B,25.75%,$0.27B,$0.02B,7.09%,$0.27B,$0.02B,7.09%,$0.27B,$0.03B,9.70%,$0.27B,$0.02B,5.97%,$0.27B,$0.01B,3.73%,$0.01B,$0.10B,10.15%,$0.01B,$0.08B,13.33%,$0.01B,$0.18B,5.49%,$0.02B,$0.14B,13.48%,$67,$50,$17,$0,$12,$62,$5,$-1,$4,$2,$3,$3,$2,$7,$5,$11,12,$0.22,$0.21,$2,$43,$0,$80,$70,$0,$23,$3,$97,$178,$28,$41,$1,$49,$77,$0,$78,$-3,$101,$178,$6,$4,$1,$5,$6,$-2,$-2,$1,$4,$14,$-3,$0,$0,$0,$0,$0,$0,$-3,$-11,$0,$-11,$0,$0,$-1,$0,$-12,$0,$0,$-1
27,2011-10-31,14.05,$8.78,1.6,$23.05,0.61,$2.35,5.99,$0.85,16.53,$0.09B,$0.03B,2.55,$0.04B,$0.10B,0.44,$0.27B,$0.07B,26.32%,$0.27B,$0.02B,7.14%,$0.27B,$0.02B,7.14%,$0.27B,$0.03B,9.40%,$0.27B,$0.02B,6.02%,$0.27B,$0.01B,3.76%,$0.01B,$0.10B,10.39%,$0.01B,$0.08B,13.79%,$0.01B,$0.18B,5.50%,$0.02B,$0.14B,13.60%,$72,$53,$19,$0,$12,$65,$7,$-1,$6,$3,$4,$4,$4,$9,$7,$11,12,$0.31,$0.31,$5,$41,$0,$85,$72,$0,$23,$3,$99,$184,$33,$44,$1,$51,$85,$0,$76,$-2,$100,$184,$4,$2,$1,$3,$4,$1,$1,$0,$7,$14,$-2,$0,$0,$0,$0,$0,$0,$-2,$-8,$0,$-8,$0,$0,$-0,$-0,$-8,$3,$0,$-0
28,2011-07-31,16.16,$8.53,1.9,$22.25,0.73,$1.71,9.46,$0.85,19.02,$0.09B,$0.04B,2.11,$0.04B,$0.10B,0.43,$0.26B,$0.07B,26.56%,$0.26B,$0.02B,7.03%,$0.26B,$0.02B,7.03%,$0.26B,$0.02B,9.38%,$0.26B,$0.02B,5.86%,$0.26B,$0.01B,3.91%,$0.01B,$0.10B,10.67%,$0.01B,$0.07B,14.29%,$0.01B,$0.19B,5.55%,$0.02B,$0.14B,13.07%,$67,$51,$16,$0,$13,$64,$3,$-1,$2,$1,$1,$1,$1,$4,$3,$11,11,$0.11,$0.10,$2,$42,$0,$86,$72,$0,$23,$3,$99,$185,$41,$41,$1,$48,$89,$0,$72,$-1,$97,$185,$10,$7,$3,$10,$-7,$-2,$4,$-1,$-7,$13,$-8,$0,$0,$0,$0,$0,$0,$-8,$-7,$0,$-7,$0,$0,$-1,$0,$-8,$-3,$1,$-1
29,2011-04-30,19.83,$8.53,2.33,$20.99,0.94,$2.36,8.39,$1.05,18.89,$0.08B,$0.04B,2.27,$0.04B,$0.10B,0.45,$0.24B,$0.07B,28.22%,$0.24B,$0.02B,8.71%,$0.24B,$0.02B,8.71%,$0.24B,$0.03B,11.62%,$0.24B,$0.02B,7.47%,$0.24B,$0.01B,4.98%,$0.01B,$0.10B,13.22%,$0.01B,$0.07B,17.98%,$0.01B,$0.18B,6.74%,$0.02B,$0.14B,15.30%,$62,$45,$17,$0,$13,$58,$4,$-1,$4,$1,$2,$2,$3,$6,$4,$11,11,$0.23,$0.23,$1,$41,$0,$82,$71,$0,$23,$3,$99,$181,$36,$43,$1,$48,$84,$0,$71,$-0,$96,$181,$9,$6,$1,$7,$-2,$-2,$0,$-1,$-5,$10,$-6,$0,$0,$0,$0,$0,$0,$-6,$-8,$0,$-8,$0,$0,$-1,$0,$-8,$-4,$0,$-1
30,2011-01-31,16.38,$8.15,2.01,$20.12,0.81,$2.78,5.9,$1.11,14.76,$0.08B,$0.04B,2.22,$0.04B,$0.09B,0.48,$0.23B,$0.07B,29.00%,$0.23B,$0.02B,9.96%,$0.23B,$0.02B,9.96%,$0.23B,$0.03B,12.55%,$0.23B,$0.02B,8.23%,$0.23B,$0.01B,5.19%,$0.01B,$0.09B,13.75%,$0.01B,$0.07B,19.12%,$0.01B,$0.18B,6.86%,$0.02B,$0.14B,16.91%,$65,$47,$18,$0,$13,$60,$5,$-1,$4,$2,$2,$2,$2,$6,$5,$11,11,$0.21,$0.21,$4,$40,$0,$79,$70,$0,$24,$3,$98,$177,$36,$44,$1,$49,$85,$0,$69,$-2,$92,$177,$6,$4,$1,$5,$-0,$-1,$2,$1,$-0,$10,$-4,$0,$0,$0,$0,$0,$0,$-4,$-7,$0,$-7,$0,$0,$-0,$0,$-7,$-0,$0,$-0
31,2010-10-31,13.44,$7.97,1.69,$18.42,0.73,$2.63,5.12,$1.25,10.75,$0.08B,$0.04B,2.17,$0.05B,$0.09B,0.51,$0.21B,$0.07B,31.28%,$0.21B,$0.03B,11.85%,$0.21B,$0.03B,11.85%,$0.21B,$0.03B,14.69%,$0.21B,$0.02B,9.95%,$0.21B,$0.01B,6.64%,$0.01B,$0.09B,16.67%,$0.01B,$0.07B,23.43%,$0.01B,$0.18B,8.40%,$0.03B,$0.14B,19.16%,$62,$45,$17,$0,$12,$57,$6,$-1,$5,$2,$4,$4,$4,$8,$6,$11,11,$0.31,$0.31,$5,$41,$0,$80,$70,$0,$24,$3,$98,$178,$37,$46,$1,$51,$88,$0,$67,$-2,$90,$178,$4,$2,$-0,$2,$1,$-2,$1,$0,$1,$7,$-2,$0,$0,$0,$0,$0,$0,$-2,$-5,$0,$-5,$0,$0,$-0,$0,$-5,$0,$0,$-0
32,2010-07-31,14.55,$7.55,1.93,$17.35,0.84,$2.78,5.23,$1.35,10.78,$0.08B,$0.04B,2.2,$0.05B,$0.09B,0.61,$0.20B,$0.07B,33.84%,$0.20B,$0.03B,13.64%,$0.20B,$0.03B,13.64%,$0.20B,$0.03B,16.16%,$0.20B,$0.02B,11.62%,$0.20B,$0.02B,7.58%,$0.02B,$0.09B,18.58%,$0.02B,$0.06B,26.55%,$0.02B,$0.18B,9.39%,$0.03B,$0.14B,21.60%,$52,$36,$16,$0,$10,$46,$6,$-1,$5,$2,$3,$3,$3,$8,$6,$11,11,$0.30,$0.29,$5,$39,$0,$79,$69,$0,$24,$3,$97,$176,$36,$51,$1,$55,$91,$0,$64,$-3,$85,$176,$15,$7,$2,$9,$-10,$-4,$4,$-0,$-9,$15,$-3,$0,$-27,$0,$0,$0,$0,$-30,$13,$0,$13,$0,$0,$-1,$0,$13,$-2,$1,$-1
33,2010-04-30,17.67,$7.28,2.43,$17.12,1.03,$3.83,4.61,$1.49,11.86,$0.07B,$0.03B,2.32,$0.05B,$0.08B,0.65,$0.19B,$0.07B,36.60%,$0.19B,$0.03B,15.46%,$0.19B,$0.03B,15.46%,$0.19B,$0.04B,18.04%,$0.19B,$0.03B,13.92%,$0.19B,$0.02B,8.76%,$0.02B,$0.08B,22.01%,$0.02B,$0.06B,31.92%,$0.02B,$0.17B,11.20%,$0.03B,$0.14B,25.32%,$52,$36,$16,$0,$10,$46,$6,$-1,$5,$2,$3,$3,$3,$7,$6,$11,11,$0.30,$0.29,$4,$35,$0,$71,$69,$0,$25,$3,$98,$169,$31,$53,$1,$56,$87,$0,$61,$-3,$82,$169,$12,$5,$1,$6,$-6,$0,$0,$-1,$-7,$10,$-1,$0,$-27,$0,$0,$0,$0,$-28,$15,$0,$15,$0,$0,$-1,$0,$15,$-3,$0,$-1
34,2010-01-31,13.15,$7.08,1.86,$16.70,0.79,$3.64,3.62,$1.45,9.07,$0.06B,$0.03B,2.39,$0.04B,$0.08B,0.45,$0.19B,$0.07B,37.23%,$0.19B,$0.03B,15.43%,$0.19B,$0.03B,15.43%,$0.19B,$0.04B,18.62%,$0.19B,$0.03B,14.36%,$0.19B,$0.02B,9.04%,$0.02B,$0.08B,23.29%,$0.02B,$0.06B,34.52%,$0.02B,$0.14B,11.62%,$0.03B,$0.12B,25.49%,$45,$28,$17,$0,$10,$38,$7,$-1,$6,$2,$4,$4,$4,$8,$7,$11,11,$0.36,$0.35,$9,$30,$0,$64,$53,$0,$23,$3,$80,$144,$27,$35,$1,$38,$65,$0,$57,$-2,$79,$144,$9,$3,$1,$4,$-1,$-2,$-2,$1,$-7,$5,$-1,$0,$0,$0,$0,$0,$0,$-0,$-3,$0,$-3,$0,$0,$-0,$0,$-3,$2,$0,$-0
35,2009-10-31,11.75,$6.86,1.71,$16.69,0.7,$3.00,3.92,$1.18,9.96,$0.07B,$0.03B,2.03,$0.04B,$0.08B,0.49,$0.19B,$0.07B,35.83%,$0.19B,$0.03B,13.37%,$0.19B,$0.03B,13.37%,$0.19B,$0.03B,16.58%,$0.19B,$0.02B,11.76%,$0.19B,$0.01B,7.49%,$0.01B,$0.08B,20.44%,$0.01B,$0.05B,31.46%,$0.01B,$0.15B,9.43%,$0.03B,$0.11B,21.65%,$49,$31,$18,$0,$10,$41,$8,$-1,$7,$3,$5,$5,$5,$9,$8,$11,11,$0.41,$0.41,$12,$29,$0,$67,$55,$0,$24,$3,$82,$150,$33,$37,$1,$40,$73,$0,$54,$-0,$77,$150,$5,$1,$0,$2,$-2,$-1,$2,$0,$-0,$6,$-0,$0,$0,$0,$0,$0,$0,$-0,$-1,$0,$-1,$0,$0,$-0,$0,$-2,$5,$0,$-0
36,2009-07-31,6.98,$6.39,1.09,$17.00,0.41,$3.24,2.15,$0.91,7.67,$0.06B,$0.03B,1.96,$0.04B,$0.07B,0.55,$0.19B,$0.07B,34.21%,$0.19B,$0.02B,11.05%,$0.19B,$0.02B,11.05%,$0.19B,$0.03B,14.21%,$0.19B,$0.02B,9.47%,$0.19B,$0.01B,5.79%,$0.01B,$0.07B,17.05%,$0.01B,$0.05B,27.33%,$0.01B,$0.14B,7.27%,$0.02B,$0.11B,18.26%,$48,$29,$20,$0,$10,$39,$9,$-1,$9,$4,$5,$5,$5,$11,$9,$11,11,$0.44,$0.44,$7,$28,$0,$61,$55,$0,$24,$3,$83,$144,$31,$39,$1,$41,$73,$0,$49,$-1,$71,$144,$10,$6,$3,$9,$17,$-3,$-6,$-1,$7,$27,$-3,$0,$-3,$0,$0,$0,$-0,$-6,$-15,$0,$-15,$0,$0,$-1,$0,$-15,$5,$0,$-1
37,2009-04-30,5.19,$5.85,0.89,$17.26,0.3,$2.30,2.26,$0.52,9.99,$0.06B,$0.03B,2.16,$0.05B,$0.07B,0.79,$0.19B,$0.06B,31.09%,$0.19B,$0.01B,7.25%,$0.19B,$0.01B,7.25%,$0.19B,$0.02B,10.36%,$0.19B,$0.01B,5.18%,$0.19B,$0.01B,3.63%,$0.01B,$0.07B,11.16%,$0.01B,$0.04B,18.42%,$0.01B,$0.15B,4.54%,$0.01B,$0.12B,11.99%,$46,$31,$15,$0,$10,$40,$5,$-1,$5,$2,$3,$3,$3,$7,$5,$11,11,$0.25,$0.25,$2,$29,$0,$63,$55,$0,$24,$3,$84,$147,$29,$51,$1,$53,$82,$0,$45,$-3,$65,$147,$5,$5,$0,$5,$10,$-4,$-7,$-1,$-1,$9,$-2,$0,$-3,$0,$0,$0,$0,$-6,$-3,$0,$-3,$0,$0,$-1,$0,$-4,$-1,$0,$-1
38,2009-01-31,4.93,$5.54,0.89,$17.64,0.28,$2.39,2.06,$0.42,11.74,$0.07B,$0.03B,2.32,$0.06B,$0.06B,0.99,$0.20B,$0.06B,30.46%,$0.20B,$0.01B,6.60%,$0.20B,$0.01B,6.60%,$0.20B,$0.02B,9.64%,$0.20B,$0.01B,4.06%,$0.20B,$0.01B,3.05%,$0.01B,$0.06B,9.64%,$0.01B,$0.04B,16.33%,$0.01B,$0.15B,3.80%,$0.01B,$0.12B,11.09%,$44,$30,$14,$0,$11,$42,$3,$-1,$1,$1,$1,$1,$1,$4,$3,$11,11,$0.08,$0.08,$1,$35,$0,$69,$55,$0,$24,$3,$84,$153,$30,$61,$1,$62,$92,$0,$42,$-4,$61,$153,$3,$3,$-0,$3,$7,$-10,$-4,$1,$-6,$-0,$-2,$0,$-3,$0,$0,$0,$0,$-5,$5,$0,$5,$0,$0,$-0,$0,$5,$-1,$0,$-0
39,2008-10-31,3.82,$5.51,0.69,$16.50,0.23,$2.84,1.35,$0.48,7.96,$0.08B,$0.05B,1.62,$0.05B,$0.06B,0.83,$0.18B,$0.06B,30.43%,$0.18B,$0.01B,7.07%,$0.18B,$0.01B,7.07%,$0.18B,$0.02B,10.33%,$0.18B,$0.01B,5.43%,$0.18B,$0.01B,3.80%,$0.01B,$0.06B,11.29%,$0.01B,$0.04B,19.58%,$0.01B,$0.16B,4.44%,$0.01B,$0.11B,11.09%,$52,$37,$16,$0,$12,$49,$4,$-1,$3,$1,$2,$2,$2,$5,$4,$11,11,$0.15,$0.14,$3,$32,$0,$77,$55,$0,$25,$3,$84,$161,$47,$51,$1,$52,$99,$0,$41,$-3,$61,$161,$2,$2,$-0,$2,$-1,$-7,$12,$0,$7,$10,$-1,$0,$-3,$0,$0,$0,$0,$-4,$-5,$0,$-5,$0,$0,$-0,$-0,$-5,$1,$0,$-0
40,2008-07-31,10.52,$5.77,1.82,$13.74,0.77,$2.55,4.12,$0.48,21.93,$0.07B,$0.04B,1.83,$0.05B,$0.06B,0.84,$0.15B,$0.05B,30.72%,$0.15B,$0.01B,7.84%,$0.15B,$0.01B,7.84%,$0.15B,$0.02B,11.76%,$0.15B,$0.01B,6.54%,$0.15B,$0.01B,4.58%,$0.01B,$0.06B,11.43%,$0.01B,$0.04B,20.14%,$0.01B,$0.16B,5.05%,$0.01B,$0.12B,11.27%,$51,$37,$15,$0,$13,$49,$2,$-1,$1,$1,$1,$1,$1,$4,$2,$11,11,$0.06,$0.05,$3,$25,$0,$68,$58,$0,$26,$3,$88,$156,$37,$54,$1,$55,$92,$0,$40,$1,$64,$156,$5,$6,$-0,$6,$-14,$1,$15,$-1,$5,$16,$-3,$0,$-72,$0,$0,$0,$-0,$-76,$47,$0,$47,$1,$1,$-1,$-0,$46,$-13,$1,$-1
41,2008-04-30,13.01,$5.71,2.28,$11.31,1.15,$2.16,6.02,$0.61,21.34,$0.07B,$0.04B,1.76,$0.06B,$0.06B,0.89,$0.13B,$0.04B,30.95%,$0.13B,$0.01B,10.32%,$0.13B,$0.01B,10.32%,$0.13B,$0.02B,14.29%,$0.13B,$0.01B,9.52%,$0.13B,$0.01B,6.35%,$0.01B,$0.06B,13.50%,$0.01B,$0.04B,24.62%,$0.01B,$0.16B,6.68%,$0.01B,$0.12B,13.83%,$50,$35,$15,$0,$11,$46,$4,$-1,$3,$1,$2,$2,$2,$6,$4,$11,11,$0.15,$0.15,$2,$27,$0,$74,$57,$0,$26,$2,$88,$162,$42,$56,$1,$57,$99,$0,$40,$1,$63,$162,$5,$4,$-0,$4,$-18,$-2,$18,$-1,$1,$9,$-2,$0,$-70,$0,$0,$0,$0,$-72,$49,$0,$49,$0,$0,$-1,$-0,$48,$-14,$1,$-1
42,2008-01-31,15.1,$5.48,2.75,$9.24,1.63,$1.36,11.14,$0.80,18.88,$0.07B,$0.03B,2.26,$0.06B,$0.06B,1.03,$0.10B,$0.03B,33.01%,$0.10B,$0.02B,14.56%,$0.10B,$0.02B,14.56%,$0.10B,$0.02B,18.45%,$0.10B,$0.02B,14.56%,$0.10B,$0.01B,9.71%,$0.01B,$0.06B,17.62%,$0.01B,$0.03B,33.61%,$0.01B,$0.15B,10.05%,$0.02B,$0.12B,18.52%,$31,$21,$10,$0,$7,$28,$3,$-0,$3,$1,$2,$2,$2,$4,$3,$11,11,$0.14,$0.14,$4,$25,$0,$65,$57,$0,$28,$2,$87,$152,$29,$62,$1,$63,$92,$0,$38,$0,$60,$152,$3,$2,$0,$2,$-10,$-1,$8,$-1,$-2,$3,$-1,$0,$-70,$0,$0,$0,$-0,$-70,$55,$0,$55,$0,$0,$-0,$-0,$55,$-12,$0,$-0
43,2007-10-31,14.2,$5.35,2.66,$8.16,1.74,$1.13,12.59,$0.79,17.98,$0.05B,$0.02B,3.03,$0.01B,$0.06B,0.17,$0.09B,$0.03B,34.07%,$0.09B,$0.02B,16.48%,$0.09B,$0.02B,16.48%,$0.09B,$0.02B,20.88%,$0.09B,$0.02B,16.48%,$0.09B,$0.01B,9.89%,$0.01B,$0.06B,16.59%,$0.01B,$0.03B,33.64%,$0.01B,$0.08B,11.11%,$0.02B,$0.07B,22.64%,$21,$15,$7,$0,$4,$19,$3,$0,$3,$1,$2,$2,$2,$4,$3,$11,11,$0.14,$0.14,$21,$15,$0,$46,$8,$0,$27,$2,$38,$84,$15,$10,$0,$10,$26,$0,$37,$0,$58,$84,$2,$1,$-0,$1,$4,$-2,$1,$-0,$3,$6,$-0,$0,$0,$0,$0,$0,$-0,$-0,$-0,$0,$-0,$0,$0,$-0,$0,$-0,$5,$0,$-0
44,2007-07-31,19.43,$5.24,3.71,$7.78,2.5,$0.81,24.08,$0.79,24.6,$0.04B,$0.01B,3.06,$0.01B,$0.06B,0.19,$0.09B,$0.03B,34.48%,$0.09B,$0.02B,17.24%,$0.09B,$0.02B,17.24%,$0.09B,$0.02B,21.84%,$0.09B,$0.02B,17.24%,$0.09B,$0.01B,10.34%,$0.01B,$0.06B,17.39%,$0.01B,$0.03B,38.30%,$0.01B,$0.08B,11.46%,$0.02B,$0.07B,23.26%,$24,$16,$7,$0,$4,$20,$3,$-0,$3,$1,$2,$2,$2,$4,$3,$11,11,$0.19,$0.19,$16,$13,$0,$43,$8,$0,$27,$2,$39,$81,$14,$10,$0,$11,$25,$0,$35,$0,$56,$81,$9,$4,$-2,$2,$-4,$-3,$2,$0,$-2,$9,$-1,$0,$0,$0,$0,$0,$-0,$-1,$-4,$0,$-4,$0,$0,$-1,$1,$-3,$5,$1,$-1
45,2007-04-30,10.93,$5.05,2.17,$7.37,1.48,$0.57,19.11,$0.66,16.57,$0.04B,$0.01B,2.86,$0.01B,$0.05B,0.24,$0.08B,$0.03B,36.71%,$0.08B,$0.02B,20.25%,$0.08B,$0.02B,20.25%,$0.08B,$0.02B,25.32%,$0.08B,$0.02B,20.25%,$0.08B,$0.01B,10.13%,$0.01B,$0.05B,16.16%,$0.01B,$0.03B,39.02%,$0.01B,$0.08B,10.46%,$0.02B,$0.07B,25.40%,$27,$17,$10,$0,$4,$20,$6,$-0,$6,$2,$4,$4,$4,$7,$6,$11,11,$0.36,$0.34,$8,$16,$0,$41,$9,$0,$28,$2,$40,$81,$14,$13,$0,$13,$27,$0,$33,$0,$53,$81,$7,$3,$-0,$2,$-8,$-6,$1,$0,$-10,$-1,$-0,$0,$0,$0,$0,$0,$-0,$-0,$-1,$0,$-1,$0,$0,$-1,$0,$-2,$-3,$0,$-1
46,2007-01-31,8.75,$4.72,1.85,$7.20,1.22,$1.06,8.24,$0.52,16.83,$0.04B,$0.01B,2.58,$0.01B,$0.05B,0.26,$0.07B,$0.03B,35.62%,$0.07B,$0.01B,17.81%,$0.07B,$0.01B,17.81%,$0.07B,$0.02B,23.29%,$0.07B,$0.01B,17.81%,$0.07B,$0.01B,8.22%,$0.01B,$0.05B,13.26%,$0.01B,$0.02B,39.34%,$0.01B,$0.08B,8.22%,$0.01B,$0.06B,21.85%,$19,$12,$7,$0,$4,$16,$3,$-0,$3,$1,$2,$2,$1,$4,$3,$11,11,$0.14,$0.13,$10,$17,$0,$37,$9,$0,$29,$2,$40,$78,$14,$13,$0,$14,$28,$0,$30,$0,$50,$78,$3,$2,$-0,$2,$-1,$-7,$3,$0,$-5,$0,$-0,$0,$0,$0,$0,$0,$-0,$-0,$-1,$0,$-1,$0,$0,$-0,$0,$-1,$-1,$0,$-0
47,2006-10-31,8.75,$4.57,1.92,$7.16,1.22,$1.39,6.31,$0.47,18.62,$0.03B,$0.01B,2.69,$0.01B,$0.05B,0.28,$0.07B,$0.03B,35.71%,$0.07B,$0.01B,15.71%,$0.07B,$0.01B,15.71%,$0.07B,$0.02B,21.43%,$0.07B,$0.01B,15.71%,$0.07B,$0.01B,8.57%,$0.01B,$0.05B,14.55%,$0.01B,$0.02B,54.55%,$0.01B,$0.07B,8.70%,$0.01B,$0.06B,19.47%,$17,$11,$6,$0,$3,$14,$3,$-0,$3,$1,$2,$2,$2,$4,$3,$11,11,$0.15,$0.14,$12,$12,$0,$33,$9,$0,$30,$2,$41,$74,$12,$14,$0,$14,$26,$0,$29,$0,$48,$74,$2,$1,$-0,$1,$1,$-2,$1,$0,$-0,$2,$-0,$0,$0,$0,$0,$0,$-0,$-0,$-0,$0,$-0,$0,$0,$-0,$0,$-1,$1,$0,$-0
