,Date,Stock Price,Book Value per Share,Price to Book Ratio,TTM Sales per Share,Price to Sales Ratio,TTM FCF per Share,Price to FCF Ratio,TTM Net EPS,PE Ratio,Current Assets,Current Liabilities,Current Ratio,Long Term Debt,Shareholder's Equity_x,Debt to Equity Ratio,TTM Revenue_x,TTM Gross Profit,Gross Margin,TTM Revenue_y,TTM Operating Income,Operating Margin,TTM Revenue_x,TTM EBIT,EBIT Margin,TTM Revenue_y,TTM EBITDA,EBITDA Margin,TTM Revenue_x,TTM Pre-Tax Income,Pre-Tax Margin,TTM Revenue_y,TTM Net Income_x,Net Margin,TTM Net Income_y,Shareholder's Equity_y,Return on Equity,TTM Net Income_x,Tangible Equity,Return on Tangible Equity,TTM Net Income_y,Total Assets,Return on Assets,TTM Net Income,LT Investments & Debt,Return on Investment,revenue,cost-goods-sold,gross-profit,research-development-expenses,selling-general-administrative-expenses,operating-expenses,operating-income,total-non-operating-income-expense,pre-tax-income,total-provision-income-taxes,income-after-taxes,income-from-continuous-operations,net-income,ebitda,ebit,basic-shares-outstanding,shares-outstanding,eps-basic-net-earnings-per-share,eps-earnings-per-share-diluted,cash-on-hand,inventory,other-current-assets,total-current-assets,net-property-plant-equipment,long-term-investments,goodwill-intangible-assets-total,other-long-term-assets,total-long-term-assets,total-assets,total-current-liabilities,long-term-debt,other-non-current-liabilities,total-long-term-liabilities,total-liabilities,common-stock-net,retained-earnings-accumulated-deficit,comprehensive-income,total-share-holder-equity,total-liabilities-share-holders-equity,net-income-loss,total-depreciation-amortization-cash-flow,other-non-cash-items,total-non-cash-items,change-in-accounts-receivable,change-in-inventories,change-in-accounts-payable,change-in-assets-liabilities,total-change-in-assets-liabilities,cash-flow-from-operating-activities,net-change-in-property-plant-equipment,net-change-in-intangible-assets,net-acquisitions-divestitures,net-change-in-short-term-investments,net-change-in-long-term-investments,net-change-in-investments-total,investing-activities-other,cash-flow-from-investing-activities,net-long-term-debt,net-current-debt,debt-issuance-retirement-net-total,net-common-equity-issued-repurchased,net-total-equity-issued-repurchased,total-common-preferred-stock-dividends-paid,financial-activities-other,cash-flow-from-financial-activities,net-cash-flow,stock-based-compensation,common-stock-dividends-paid
0,2018-09-30,17.73,$15.99,1.11,$6.33,2.8,$1.76,10.06,$-0.02,0.0,$5.77B,$5.49B,1.05,$35.27B,$35.27B,1.0,$14.00B,$9.57B,68.35%,$14.00B,$3.56B,25.43%,$14.00B,$3.56B,25.43%,$14.00B,$5.93B,42.34%,$14.00B,$2.06B,14.68%,$14.00B,$-0.05B,-0.34%,$-0.05B,$35.27B,-0.13%,$-0.05B,$10.37B,-0.48%,$-0.05B,$79.06B,-0.06%,$3.56B,$70.53B,5.06%,$3517,$1135,$2382,$0,$886,$2002,$1515,$-314,$1201,$196,$1005,$1005,$693,$2105,$1515,$2205,2205,$0.31,$0.31,$3560,$383,$278,$5766,$37795,$7432,$24900,$0,$73297,$79063,$5489,$35268,$2407,$38308,$43797,$22,$-7744,$-495,$35266,$79063,$1417,$1787,$108,$1895,$67,$38,$-27,$169,$49,$3375,$-2230,$0,$3003,$0,$10,$10,$-97,$686,$616,$0,$616,$-250,$-250,$-1280,$61,$-853,$3234,$0,$-1163
1,2018-06-30,17.47,$15.65,1.12,$6.20,2.82,$1.78,9.84,$-0.18,0.0,$2.63B,$5.38B,0.49,$35.37B,$34.49B,1.03,$13.76B,$9.46B,68.74%,$13.76B,$2.87B,20.86%,$13.76B,$2.87B,20.86%,$13.76B,$5.22B,37.97%,$13.76B,$1.40B,10.18%,$13.76B,$-0.41B,-2.95%,$-0.41B,$34.49B,-1.15%,$-0.41B,$9.35B,-4.02%,$-0.41B,$78.32B,-0.51%,$2.87B,$69.86B,4.07%,$3428,$1068,$2360,$0,$866,$3156,$272,$-448,$-176,$-46,$-130,$-130,$-180,$867,$272,$2204,2204,$-0.08,$-0.08,$347,$420,$347,$2634,$39905,$7293,$25142,$0,$75681,$78315,$5379,$35366,$2495,$38442,$43821,$22,$-7993,$-690,$34494,$78315,$412,$1197,$884,$2081,$116,$6,$-77,$-133,$-114,$2468,$-1487,$0,$0,$0,$17,$17,$38,$-1432,$-10,$0,$-10,$-250,$-250,$-797,$47,$-1010,$21,$0,$-719
2,2018-03-31,14.71,$15.94,0.92,$6.16,2.39,$1.73,8.49,$0.05,294.16,$2.63B,$5.43B,0.48,$35.54B,$35.14B,1.01,$13.70B,$9.40B,68.59%,$13.70B,$3.52B,25.67%,$13.70B,$3.52B,25.67%,$13.70B,$5.87B,42.83%,$13.70B,$2.18B,15.88%,$13.70B,$0.11B,0.81%,$0.11B,$35.14B,0.31%,$0.11B,$9.93B,1.06%,$0.11B,$79.01B,0.14%,$3.52B,$70.68B,4.96%,$3418,$1019,$2399,$0,$880,$2469,$949,$-243,$706,$164,$542,$542,$485,$1551,$949,$2207,2207,$0.22,$0.22,$363,$442,$311,$2628,$40333,$7420,$25201,$0,$76383,$79011,$5429,$35543,$2381,$38447,$43876,$22,$-7365,$-667,$35135,$79011,$542,$602,$127,$729,$126,$-15,$-140,$-132,$-356,$974,$-726,$0,$0,$0,$25,$25,$-24,$-725,$355,$0,$355,$-250,$-250,$-316,$2,$-209,$37,$0,$-277
3,2017-12-31,17.53,$15.84,1.11,$6.15,2.85,$1.75,10.02,$0.01,1752.72,$2.72B,$6.18B,0.44,$35.02B,$35.12B,1.0,$13.71B,$9.36B,68.30%,$13.71B,$3.54B,25.86%,$13.71B,$3.54B,25.86%,$13.71B,$5.87B,42.80%,$13.71B,$2.16B,15.77%,$13.71B,$0.03B,0.20%,$0.03B,$35.12B,0.08%,$0.03B,$9.86B,0.26%,$0.03B,$79.06B,0.03%,$3.54B,$70.14B,5.00%,$3632,$1207,$2425,$0,$1039,$2809,$823,$-499,$324,$1316,$-992,$-992,$-1045,$1403,$823,$2230,2230,$-0.47,$-0.47,$326,$424,$352,$2715,$40155,$7298,$25261,$0,$76340,$79055,$6181,$35015,$2735,$37750,$43931,$22,$-7754,$-541,$35124,$79055,$223,$2322,$2036,$4358,$-78,$-90,$73,$83,$-2,$4601,$-3074,$0,$0,$0,$0,$0,$-288,$-3362,$-2196,$0,$-2196,$-250,$170,$-1276,$1621,$-1681,$-420,$0,$-1120
4,2017-09-30,18.48,$16.37,1.13,$6.04,3.06,$1.92,9.61,$0.56,32.99,$2.61B,$6.17B,0.42,$35.12B,$36.52B,0.96,$13.46B,$9.35B,69.45%,$13.46B,$3.66B,27.15%,$13.46B,$3.66B,27.15%,$13.46B,$5.97B,44.33%,$13.46B,$2.23B,16.53%,$13.46B,$1.24B,9.23%,$1.24B,$36.52B,3.49%,$1.24B,$11.21B,12.12%,$1.24B,$80.35B,1.55%,$3.66B,$71.64B,5.12%,$3281,$1007,$2274,$0,$879,$2455,$826,$-279,$547,$160,$387,$387,$334,$1403,$826,$2231,2231,$0.15,$0.15,$620,$428,$351,$2613,$39867,$7484,$25317,$0,$77738,$80351,$6174,$35116,$2537,$37653,$43827,$22,$-6429,$-469,$36524,$80351,$1215,$1742,$458,$2200,$174,$-86,$-62,$119,$-13,$3307,$-2117,$0,$0,$0,$-16,$-16,$-375,$-2508,$-1864,$0,$-1864,$0,$230,$-957,$1597,$-994,$-167,$0,$-840
5,2017-06-30,18.35,$16.24,1.13,$6.06,3.03,$1.98,9.28,$0.31,59.18,$2.73B,$6.36B,0.43,$35.10B,$36.21B,0.97,$13.51B,$9.43B,69.82%,$13.51B,$3.71B,27.47%,$13.51B,$3.71B,27.47%,$13.51B,$6.01B,44.49%,$13.51B,$1.87B,13.86%,$13.51B,$0.68B,5.04%,$0.68B,$36.21B,1.93%,$0.68B,$10.85B,6.95%,$0.68B,$80.20B,0.85%,$3.71B,$71.31B,5.16%,$3368,$1070,$2298,$0,$804,$2450,$918,$-319,$599,$216,$383,$383,$337,$1510,$918,$2230,2230,$0.15,$0.15,$518,$438,$417,$2726,$39423,$7442,$25367,$0,$77477,$80203,$6363,$35100,$2526,$37626,$43989,$22,$-6482,$-483,$36214,$80203,$828,$1165,$318,$1483,$185,$-93,$-59,$-96,$-107,$2166,$-1269,$0,$0,$0,$-7,$-7,$-334,$-1610,$-1794,$0,$-1794,$0,$1247,$-638,$350,$-835,$-269,$0,$-560
6,2017-03-31,20.69,$15.70,1.32,$5.96,3.47,$1.92,10.8,$0.31,66.74,$2.68B,$6.69B,0.4,$35.46B,$35.01B,1.01,$13.29B,$9.53B,71.71%,$13.29B,$3.73B,28.10%,$13.29B,$3.73B,28.10%,$13.29B,$6.01B,45.22%,$13.29B,$1.86B,14.01%,$13.29B,$0.68B,5.10%,$0.68B,$35.01B,1.93%,$0.68B,$9.59B,7.40%,$0.68B,$79.79B,0.83%,$3.73B,$70.47B,5.12%,$3424,$1061,$2363,$0,$821,$2447,$977,$-286,$691,$246,$445,$445,$401,$1550,$977,$2230,2230,$0.18,$0.18,$486,$380,$369,$2675,$39023,$7136,$25417,$0,$77118,$79793,$6689,$35464,$2635,$38099,$44788,$22,$-6540,$-593,$35005,$79793,$445,$573,$165,$738,$105,$-35,$-35,$-136,$-266,$886,$-597,$0,$0,$0,$0,$0,$-53,$-650,$-605,$0,$-605,$0,$0,$-319,$386,$-538,$-301,$0,$-280
7,2016-12-31,19.6,$15.61,1.26,$5.86,3.35,$1.74,11.25,$0.25,78.39,$3.23B,$5.92B,0.55,$37.35B,$34.80B,1.07,$13.06B,$9.63B,73.74%,$13.06B,$3.57B,27.35%,$13.06B,$3.57B,27.35%,$13.06B,$5.84B,44.72%,$13.06B,$1.64B,12.54%,$13.06B,$0.55B,4.23%,$0.55B,$34.80B,1.57%,$0.55B,$9.33B,6.27%,$0.55B,$80.31B,0.67%,$3.57B,$72.16B,4.78%,$3389,$975,$2414,$0,$844,$2455,$934,$-546,$388,$173,$215,$215,$170,$1505,$934,$2230,2230,$0.08,$0.08,$787,$357,$535,$3229,$38705,$7027,$25470,$0,$77076,$80305,$5924,$37354,$2225,$39579,$45503,$22,$-6669,$-661,$34802,$80305,$721,$2268,$2014,$4282,$-107,$49,$144,$-150,$-82,$4795,$-2885,$0,$1401,$0,$0,$0,$-221,$-1705,$-1431,$0,$-1431,$0,$0,$-1272,$66,$-2637,$455,$0,$-1118
8,2016-09-30,21.76,$15.68,1.39,$6.00,3.63,$0.60,36.13,$-0.12,0.0,$3.36B,$6.04B,0.56,$38.52B,$34.97B,1.1,$13.31B,$10.07B,75.71%,$13.31B,$2.39B,17.99%,$13.31B,$2.39B,17.99%,$13.31B,$5.84B,43.87%,$13.31B,$0.56B,4.19%,$13.31B,$-0.34B,-2.55%,$-0.34B,$34.97B,-0.96%,$-0.34B,$9.42B,-3.99%,$-0.34B,$81.60B,-0.41%,$2.39B,$73.49B,3.14%,$3330,$971,$2359,$0,$853,$2448,$882,$-688,$194,$377,$-183,$-183,$-227,$1446,$882,$2230,2230,$-0.10,$-0.10,$1245,$325,$511,$3363,$38780,$7358,$25547,$0,$78241,$81604,$6044,$38518,$2074,$40592,$46636,$22,$-6560,$-557,$34968,$81604,$506,$1697,$1442,$3139,$26,$68,$-46,$128,$18,$3503,$-2192,$0,$1402,$0,$0,$0,$-257,$-1047,$-650,$0,$-650,$0,$0,$-954,$-728,$-2332,$128,$0,$-839
9,2016-06-30,17.5,$15.91,1.1,$6.18,2.83,$-0.61,0.0,$0.06,291.65,$2.47B,$6.57B,0.38,$40.20B,$35.47B,1.13,$13.68B,$10.32B,75.39%,$13.68B,$2.23B,16.32%,$13.68B,$2.23B,16.32%,$13.68B,$5.74B,41.97%,$13.68B,$0.65B,4.78%,$13.68B,$0.07B,0.54%,$0.07B,$35.47B,0.21%,$0.07B,$8.23B,0.93%,$0.07B,$84.32B,0.09%,$2.23B,$75.67B,2.89%,$3144,$752,$2392,$0,$902,$2204,$940,$-352,$588,$213,$375,$375,$333,$1508,$940,$2229,2229,$0.15,$0.15,$180,$361,$651,$2470,$41199,$6202,$27242,$0,$81847,$84317,$6566,$40201,$2077,$42278,$48844,$22,$-6053,$-554,$35473,$84317,$689,$1133,$627,$1760,$81,$49,$-144,$80,$17,$2345,$-1583,$0,$0,$0,$0,$0,$-297,$-1880,$47,$0,$47,$0,$0,$-635,$69,$-519,$-49,$0,$-559
10,2016-03-31,16.58,$15.95,1.04,$6.36,2.61,$-1.54,0.0,$0.06,276.3,$2.48B,$4.40B,0.56,$42.11B,$35.55B,1.19,$14.00B,$10.30B,73.57%,$14.00B,$2.19B,15.61%,$14.00B,$2.19B,15.61%,$14.00B,$5.71B,40.78%,$14.00B,$0.60B,4.26%,$14.00B,$0.07B,0.53%,$0.07B,$35.55B,0.21%,$0.07B,$8.25B,0.97%,$0.07B,$84.23B,0.09%,$2.19B,$77.65B,2.82%,$3195,$731,$2464,$0,$863,$2379,$816,$-348,$468,$154,$314,$314,$276,$1381,$816,$2229,2229,$0.12,$0.12,$175,$364,$739,$2481,$41042,$6035,$27297,$0,$81748,$84229,$4396,$42105,$2182,$44287,$48683,$22,$-6106,$-414,$35546,$84229,$314,$565,$412,$977,$116,$46,$-172,$-9,$-178,$1050,$-1147,$0,$0,$0,$0,$0,$3,$-1144,$274,$0,$274,$0,$0,$-316,$77,$35,$-54,$0,$-279
11,2015-12-31,13.74,$15.88,0.86,$6.60,2.08,$-2.19,0.0,$0.16,85.85,$2.82B,$4.07B,0.7,$42.41B,$35.40B,1.2,$14.40B,$10.34B,71.82%,$14.40B,$2.45B,16.99%,$14.40B,$2.45B,16.99%,$14.40B,$5.96B,41.36%,$14.40B,$0.77B,5.36%,$14.40B,$0.23B,1.58%,$0.23B,$35.40B,0.64%,$0.23B,$8.06B,3.14%,$0.23B,$84.10B,0.27%,$2.45B,$77.81B,3.16%,$3636,$778,$2858,$0,$936,$3880,$-244,$-449,$-693,$43,$-736,$-736,$-721,$1502,$-244,$2187,2193,$-0.33,$-0.33,$289,$407,$773,$2824,$40547,$6040,$27341,$0,$81280,$84104,$4065,$42406,$2230,$44636,$48701,$22,$-6103,$-461,$35403,$84104,$208,$3510,$1380,$4890,$382,$34,$-154,$187,$486,$5313,$-5936,$0,$0,$0,$0,$0,$230,$-5706,$-800,$0,$-800,$3858,$5399,$-4224,$-58,$317,$-86,$0,$-4224
12,2015-09-30,25.02,$16.09,1.55,$8.41,2.97,$-2.38,0.0,$0.53,47.2,$3.07B,$6.19B,0.5,$41.63B,$35.84B,1.16,$14.72B,$10.05B,68.31%,$14.72B,$3.65B,24.78%,$14.72B,$3.65B,24.78%,$14.72B,$5.95B,40.39%,$14.72B,$2.06B,13.96%,$14.72B,$1.07B,7.30%,$1.07B,$35.84B,3.04%,$1.07B,$7.27B,15.18%,$1.07B,$85.68B,1.26%,$3.65B,$77.47B,4.77%,$3707,$1106,$2601,$0,$880,$2986,$721,$-430,$291,$108,$183,$183,$186,$1351,$721,$2203,2203,$0.08,$0.08,$179,$445,$989,$3067,$40608,$5943,$28571,$0,$82610,$85677,$6191,$41630,$2014,$43644,$49835,$22,$-4242,$-328,$35842,$85677,$944,$1764,$923,$2687,$304,$2,$-264,$283,$253,$3507,$-4873,$0,$0,$0,$0,$0,$151,$-4722,$388,$0,$388,$3821,$3821,$-3084,$-39,$1086,$-136,$0,$-3084
13,2015-06-30,34.22,$16.23,2.11,$10.90,3.14,$-1.10,0.0,$0.77,44.44,$2.94B,$6.50B,0.45,$41.40B,$35.51B,1.17,$15.30B,$10.10B,66.02%,$15.30B,$4.26B,27.83%,$15.30B,$4.26B,27.83%,$15.30B,$6.46B,42.20%,$15.30B,$2.79B,18.23%,$15.30B,$1.22B,7.95%,$1.22B,$35.51B,3.63%,$1.22B,$6.86B,21.34%,$1.22B,$85.61B,1.47%,$4.26B,$76.90B,5.81%,$3463,$1085,$2378,$0,$870,$2571,$892,$-361,$531,$189,$342,$342,$333,$1476,$892,$2175,2187,$0.15,$0.15,$163,$474,$894,$2936,$40586,$6028,$28642,$0,$82674,$85610,$6499,$41399,$2207,$43606,$50105,$22,$-3350,$-291,$35505,$85610,$761,$1134,$518,$1652,$366,$-34,$-222,$238,$357,$2538,$-3824,$0,$0,$0,$0,$0,$80,$-3744,$544,$0,$544,$2557,$2557,$-2006,$-37,$1058,$-152,$0,$-2006
14,2015-03-31,37.08,$16.33,2.27,$13.15,2.82,$-0.07,0.0,$0.89,41.66,$3.29B,$6.78B,0.49,$41.82B,$35.36B,1.18,$15.78B,$10.05B,63.71%,$15.78B,$4.38B,27.76%,$15.78B,$4.38B,27.76%,$15.78B,$6.51B,41.25%,$15.78B,$2.93B,18.59%,$15.78B,$1.17B,7.40%,$1.17B,$35.36B,3.67%,$1.17B,$6.69B,26.57%,$1.17B,$86.16B,1.45%,$4.38B,$77.18B,6.27%,$3597,$1090,$2507,$0,$836,$2519,$1078,$-435,$643,$224,$419,$419,$429,$1628,$1078,$2141,2151,$0.20,$0.20,$259,$453,$1101,$3289,$40289,$6011,$28669,$0,$82875,$86164,$6784,$41824,$2197,$44021,$50805,$22,$-2639,$-193,$35359,$86164,$419,$550,$351,$901,$216,$6,$-241,$183,$75,$1256,$-2761,$0,$0,$0,$0,$0,$-14,$-2775,$831,$0,$831,$1626,$1626,$-962,$-27,$1468,$-56,$0,$-962
15,2014-12-31,36.89,$16.20,2.28,$15.41,2.39,$0.87,42.62,$0.95,38.83,$3.75B,$6.36B,0.59,$40.10B,$34.43B,1.17,$16.23B,$9.95B,61.31%,$16.23B,$4.45B,27.41%,$16.23B,$4.45B,27.41%,$16.23B,$6.53B,40.26%,$16.23B,$3.09B,19.05%,$16.23B,$1.03B,6.32%,$1.03B,$34.43B,3.41%,$1.03B,$7.47B,33.20%,$1.03B,$83.05B,1.31%,$4.45B,$74.52B,6.71%,$3951,$1383,$2568,$0,$818,$2995,$956,$-366,$590,$24,$566,$566,$126,$1490,$956,$1137,1137,$0.02,$0.02,$315,$459,$1281,$3752,$38564,$6036,$26956,$0,$79297,$83049,$6362,$40097,$2164,$42261,$48623,$21,$-2106,$-17,$34426,$83049,$2443,$2085,$496,$2581,$-84,$-30,$-1,$-104,$-158,$4467,$-5000,$0,$0,$0,$0,$0,$-210,$-5210,$6772,$0,$6772,$-192,$-192,$-1760,$-4349,$471,$-283,$0,$-1760
16,2014-09-30,33.05,$27.98,1.18,$15.67,2.11,$2.25,14.67,$1.20,27.54,$3.49B,$6.09B,0.57,$35.64B,$28.77B,1.24,$16.15B,$9.77B,60.48%,$16.15B,$4.65B,28.81%,$16.15B,$4.65B,28.81%,$16.15B,$6.69B,41.44%,$16.15B,$3.27B,20.28%,$16.15B,$1.24B,7.67%,$1.24B,$28.77B,4.34%,$1.24B,$1.79B,79.41%,$1.24B,$77.12B,1.63%,$4.65B,$64.41B,7.36%,$4291,$1642,$2649,$0,$797,$2959,$1332,$-307,$1025,$246,$779,$779,$329,$1864,$1332,$1028,1028,$0.32,$0.32,$472,$461,$635,$3486,$38100,$6041,$26979,$0,$73632,$77118,$6085,$35636,$2023,$42264,$48349,$10,$-1776,$-50,$28769,$77118,$1877,$1551,$281,$1832,$23,$-29,$-90,$3,$22,$3492,$-2817,$0,$-961,$0,$0,$0,$-242,$-4020,$1814,$0,$1814,$-192,$-192,$-1304,$93,$411,$-126,$0,$-1304
17,2014-06-30,30.9,$27.88,1.11,$15.13,2.04,$1.89,16.36,$1.15,26.87,$3.37B,$6.49B,0.52,$34.52B,$28.66B,1.21,$15.61B,$9.33B,59.76%,$15.61B,$4.36B,27.93%,$15.61B,$4.36B,27.93%,$15.61B,$6.35B,40.65%,$15.61B,$2.97B,19.03%,$15.61B,$1.20B,7.65%,$1.20B,$28.66B,4.20%,$1.20B,$1.64B,82.70%,$1.20B,$76.36B,1.58%,$4.36B,$63.18B,6.98%,$3937,$1610,$2327,$0,$805,$2924,$1013,$-338,$675,$178,$497,$497,$284,$1526,$1013,$1028,1028,$0.27,$0.27,$363,$460,$582,$3367,$37607,$5862,$27020,$0,$72997,$76364,$6487,$34521,$2147,$41222,$47709,$10,$-1661,$-68,$28655,$76364,$1098,$1019,$164,$1183,$94,$-24,$-117,$-36,$52,$2203,$-1749,$0,$-961,$0,$0,$0,$3,$-2707,$936,$0,$936,$-192,$-192,$-860,$389,$273,$-235,$0,$-860
18,2014-03-31,27.33,$27.66,0.99,$14.56,1.88,$1.57,17.42,$1.15,23.77,$3.66B,$6.07B,0.6,$34.80B,$28.43B,1.22,$15.06B,$9.13B,60.64%,$15.06B,$4.12B,27.36%,$15.06B,$4.12B,27.36%,$15.06B,$6.05B,40.16%,$15.06B,$3.30B,21.93%,$15.06B,$1.19B,7.89%,$1.19B,$28.43B,4.18%,$1.19B,$1.47B,83.28%,$1.19B,$76.05B,1.58%,$4.12B,$63.23B,6.68%,$4047,$1643,$2404,$0,$765,$2900,$1147,$-346,$801,$200,$601,$601,$287,$1653,$1147,$1029,1029,$0.28,$0.28,$513,$417,$446,$3662,$36952,$5962,$26966,$0,$72392,$76054,$6068,$34799,$2154,$41552,$47620,$10,$-1510,$-62,$28434,$76054,$601,$506,$30,$536,$178,$10,$-140,$19,$8,$1118,$-875,$0,$-960,$0,$0,$0,$16,$-1819,$1007,$0,$1007,$-149,$-149,$-425,$193,$626,$-85,$0,$-425
19,2013-12-31,29.93,$27.44,1.09,$13.58,2.2,$1.49,20.09,$1.15,26.02,$3.87B,$6.08B,0.64,$33.89B,$28.29B,1.2,$14.07B,$8.82B,62.67%,$14.07B,$3.99B,28.36%,$14.07B,$3.99B,28.36%,$14.07B,$5.84B,41.47%,$14.07B,$3.44B,24.43%,$14.07B,$1.19B,8.48%,$1.19B,$28.29B,4.36%,$1.19B,$1.34B,124.73%,$1.19B,$75.19B,1.63%,$3.99B,$62.17B,6.67%,$3872,$1486,$2386,$0,$765,$2712,$1160,$-387,$773,$67,$706,$706,$338,$1649,$1160,$1036,1036,$0.33,$0.33,$598,$430,$552,$3868,$35847,$5951,$26942,$0,$71317,$75185,$6075,$33887,$2287,$40825,$46900,$10,$-1372,$-24,$28285,$75185,$2692,$1845,$-17,$1828,$-131,$-53,$-36,$-132,$-302,$4122,$-3171,$0,$0,$0,$0,$0,$49,$-3122,$1188,$0,$1188,$-637,$-637,$-1622,$-24,$-1095,$-116,$0,$-1622
20,2013-09-30,29.23,$27.32,1.07,$12.12,2.41,$1.20,24.27,$1.14,25.64,$3.59B,$6.42B,0.56,$33.04B,$28.30B,1.17,$13.28B,$8.52B,64.20%,$13.28B,$3.80B,28.58%,$13.28B,$3.80B,28.58%,$13.28B,$5.57B,41.98%,$13.28B,$3.12B,23.46%,$13.28B,$1.08B,8.10%,$1.08B,$28.30B,4.09%,$1.08B,$1.33B,241.57%,$1.08B,$74.58B,1.51%,$3.80B,$61.34B,6.50%,$3756,$1543,$2213,$0,$770,$2715,$1041,$-319,$722,$171,$551,$551,$286,$1519,$1041,$1036,1036,$0.27,$0.27,$816,$435,$492,$3591,$35275,$6044,$26968,$0,$70984,$74575,$6415,$33038,$2506,$39858,$46273,$10,$-1284,$-97,$28302,$74575,$1988,$1356,$-88,$1268,$126,$-57,$-232,$53,$-223,$2792,$-2488,$0,$0,$0,$490,$490,$-55,$-2053,$856,$0,$856,$-463,$-463,$-1196,$178,$-625,$102,$0,$-1196
21,2013-06-30,31.03,$27.55,1.13,$10.44,2.97,$1.25,24.86,$1.04,29.83,$3.77B,$7.33B,0.51,$31.58B,$28.54B,1.11,$12.39B,$8.33B,67.20%,$12.39B,$3.61B,29.10%,$12.39B,$3.61B,29.10%,$12.39B,$5.32B,42.89%,$12.39B,$2.84B,22.91%,$12.39B,$0.99B,7.98%,$0.99B,$28.54B,3.92%,$0.99B,$1.56B,-976.79%,$0.99B,$74.12B,1.41%,$3.61B,$60.12B,6.31%,$3382,$1254,$2128,$0,$928,$2610,$772,$234,$1006,$225,$781,$781,$277,$1226,$772,$1036,1036,$0.27,$0.27,$1017,$428,$481,$3772,$34599,$6085,$26978,$402,$70348,$74120,$7333,$31582,$2553,$38248,$45581,$10,$-1153,$-148,$28539,$74120,$1437,$878,$-186,$692,$7,$-50,$-181,$-37,$-325,$1734,$-1608,$0,$0,$0,$491,$491,$0,$-1117,$311,$0,$311,$-131,$-131,$-779,$305,$-294,$303,$0,$-779
22,2013-03-31,31.16,$23.47,1.33,$8.77,3.55,$1.27,24.5,$0.62,50.25,$3.69B,$5.58B,0.66,$31.51B,$24.31B,1.3,$11.18B,$7.73B,69.16%,$11.18B,$3.09B,27.68%,$11.18B,$3.09B,27.68%,$11.18B,$4.68B,41.91%,$11.18B,$1.88B,16.81%,$11.18B,$0.59B,5.24%,$0.59B,$24.31B,2.45%,$0.59B,$-0.41B,-69.53%,$0.59B,$68.31B,0.85%,$3.09B,$55.82B,5.49%,$3060,$970,$2090,$0,$657,$2043,$1017,$-80,$937,$279,$658,$658,$292,$1441,$1017,$1036,1036,$0.28,$0.28,$1106,$389,$379,$3686,$31201,$5773,$24720,$618,$64622,$68308,$5582,$31514,$2685,$38418,$44000,$10,$-1035,$-157,$24308,$68308,$656,$424,$-112,$312,$7,$-13,$-152,$33,$-69,$767,$-605,$0,$0,$0,$491,$491,$-2,$-116,$128,$0,$128,$-80,$-80,$-384,$83,$-253,$392,$0,$-384
23,2012-12-31,28.18,$23.27,1.21,$7.31,3.86,$1.26,22.42,$0.35,80.51,$3.67B,$5.23B,0.7,$32.00B,$24.10B,1.33,$9.97B,$6.92B,69.35%,$9.97B,$2.59B,26.00%,$9.97B,$2.59B,26.00%,$9.97B,$4.04B,40.53%,$9.97B,$1.34B,13.47%,$9.97B,$0.32B,3.16%,$0.32B,$24.10B,1.59%,$0.32B,$-0.70B,-151.81%,$0.32B,$68.25B,0.53%,$2.59B,$56.10B,5.38%,$3079,$986,$2093,$0,$710,$2114,$965,$-515,$450,$-26,$476,$476,$220,$1388,$965,$907,1354,$0.28,$0.28,$714,$374,$714,$3674,$30996,$5804,$24803,$0,$64571,$68245,$5228,$32000,$2846,$38917,$44145,$10,$-943,$-118,$24100,$68245,$427,$1449,$1216,$2665,$-231,$-92,$70,$32,$-315,$2808,$-1951,$0,$-3179,$0,$0,$0,$33,$-5097,$3393,$0,$3393,$-157,$-157,$-1184,$532,$2584,$303,$0,$-1184
24,2012-09-30,28.04,$21.17,1.32,$6.52,4.3,$0.63,44.4,$0.23,121.91,$5.12B,$6.86B,0.75,$32.48B,$23.90B,1.36,$8.83B,$6.03B,68.30%,$8.83B,$2.07B,23.43%,$8.83B,$2.07B,23.43%,$8.83B,$3.38B,38.30%,$8.83B,$1.23B,13.96%,$8.83B,$0.25B,2.83%,$0.25B,$23.90B,1.57%,$0.25B,$-0.85B,45.83%,$0.25B,$70.05B,0.50%,$2.07B,$56.37B,5.18%,$2870,$854,$2016,$0,$765,$2018,$852,$-406,$446,$60,$386,$386,$200,$1260,$852,$1037,1471,$0.19,$0.14,$831,$322,$2673,$5122,$30881,$6135,$24749,$784,$64931,$70053,$6860,$32475,$2900,$39295,$46155,$11,$-733,$-56,$23898,$70053,$-61,$1026,$1132,$2158,$-25,$-99,$-47,$40,$-227,$1927,$-1431,$0,$-4970,$0,$0,$0,$36,$-6365,$5306,$0,$5306,$-136,$-136,$-810,$429,$4789,$364,$0,$-810
25,2012-06-30,25.19,$20.47,1.23,$6.20,4.06,$0.17,150.11,$0.25,100.75,$5.33B,$6.13B,0.87,$33.83B,$23.19B,1.46,$8.08B,$5.22B,64.63%,$8.08B,$1.60B,19.77%,$8.08B,$1.60B,19.77%,$8.08B,$2.79B,34.54%,$8.08B,$0.88B,10.91%,$8.08B,$0.20B,2.50%,$0.20B,$23.19B,1.66%,$0.20B,$-1.41B,14.33%,$0.20B,$69.58B,0.50%,$1.60B,$57.02B,5.08%,$2167,$637,$1530,$0,$957,$1907,$260,$-214,$46,$9,$37,$37,$-126,$595,$260,$842,1365,$-0.15,$-0.09,$728,$313,$3015,$5331,$30613,$6114,$24595,$793,$64244,$69575,$6132,$33833,$2793,$40253,$46385,$11,$-556,$-42,$23190,$69575,$-316,$618,$812,$1430,$-95,$-84,$4,$-5,$-96,$1013,$-815,$0,$-4970,$0,$0,$0,$-5,$-5790,$5924,$0,$5924,$-110,$-110,$-446,$-325,$5043,$264,$0,$-446
26,2012-03-31,29.95,$10.11,2.96,$6.11,4.9,$0.27,111.28,$0.57,52.54,$3.90B,$3.71B,1.05,$15.23B,$8.12B,1.88,$7.87B,$4.80B,61.04%,$7.87B,$1.57B,20.01%,$7.87B,$1.57B,20.01%,$7.87B,$2.70B,34.30%,$7.87B,$0.97B,12.26%,$7.87B,$0.46B,5.85%,$0.46B,$8.12B,5.37%,$0.46B,$2.13B,17.23%,$0.46B,$30.37B,1.53%,$1.57B,$23.35B,6.87%,$1857,$580,$1277,$0,$485,$1341,$516,$-115,$401,$96,$305,$305,$21,$799,$516,$707,1244,$0.03,$0.02,$525,$177,$2439,$3902,$17304,$2180,$5993,$580,$26468,$30370,$3708,$15230,$1071,$18540,$22248,$8,$-202,$-128,$8122,$30370,$-73,$283,$413,$696,$89,$-77,$-54,$49,$-24,$560,$-384,$0,$0,$0,$0,$0,$19,$-365,$234,$0,$234,$0,$0,$-220,$-133,$-119,$83,$0,$-220
27,2011-12-31,24.69,$10.67,2.31,$6.10,4.05,$0.24,102.36,$0.68,36.31,$1.66B,$4.53B,0.37,$14.36B,$8.57B,1.68,$7.94B,$4.67B,58.73%,$7.94B,$1.42B,17.92%,$7.94B,$1.42B,17.92%,$7.94B,$2.52B,31.75%,$7.94B,$0.81B,10.20%,$7.94B,$0.59B,7.48%,$0.59B,$8.57B,6.92%,$0.59B,$2.31B,20.46%,$0.59B,$30.72B,2.01%,$1.42B,$22.92B,6.30%,$1937,$728,$1209,$0,$483,$1496,$441,$-101,$340,$112,$228,$228,$155,$728,$441,$707,1297,$0.22,$0.12,$411,$172,$166,$1663,$17926,$3744,$6259,$698,$29054,$30717,$4529,$14356,$1065,$17620,$22149,$8,$-3,$-115,$8568,$30717,$660,$1099,$469,$1568,$8,$-36,$29,$-10,$-25,$2366,$-2356,$0,$0,$0,$0,$0,$-36,$-2392,$779,$0,$779,$0,$0,$-770,$-66,$-57,$-91,$0,$-770
