,Date,Stock Price,Book Value per Share,Price to Book Ratio,TTM Sales per Share,Price to Sales Ratio,TTM FCF per Share,Price to FCF Ratio,TTM Net EPS,PE Ratio,Current Assets,Current Liabilities,Current Ratio,Long Term Debt,Shareholder's Equity_x,Debt to Equity Ratio,TTM Revenue_x,TTM Gross Profit,Gross Margin,TTM Revenue_y,TTM Operating Income,Operating Margin,TTM Revenue_x,TTM EBIT,EBIT Margin,TTM Revenue_y,TTM EBITDA,EBITDA Margin,TTM Revenue_x,TTM Pre-Tax Income,Pre-Tax Margin,TTM Revenue_y,TTM Net Income_x,Net Margin,TTM Net Income_y,Shareholder's Equity_y,Return on Equity,TTM Net Income_x,Tangible Equity,Return on Tangible Equity,TTM Net Income_y,Total Assets,Return on Assets,TTM Net Income,LT Investments & Debt,Return on Investment,revenue,cost-goods-sold,gross-profit,research-development-expenses,selling-general-administrative-expenses,operating-expenses,operating-income,total-non-operating-income-expense,pre-tax-income,total-provision-income-taxes,income-after-taxes,income-from-continuous-operations,net-income,ebitda,ebit,basic-shares-outstanding,shares-outstanding,eps-basic-net-earnings-per-share,eps-earnings-per-share-diluted,cash-on-hand,inventory,other-current-assets,total-current-assets,net-property-plant-equipment,long-term-investments,goodwill-intangible-assets-total,other-long-term-assets,total-long-term-assets,total-assets,total-current-liabilities,long-term-debt,other-non-current-liabilities,total-long-term-liabilities,total-liabilities,common-stock-net,retained-earnings-accumulated-deficit,comprehensive-income,total-share-holder-equity,total-liabilities-share-holders-equity,net-income-loss,total-depreciation-amortization-cash-flow,other-non-cash-items,total-non-cash-items,change-in-accounts-receivable,change-in-inventories,change-in-accounts-payable,change-in-assets-liabilities,total-change-in-assets-liabilities,cash-flow-from-operating-activities,net-change-in-property-plant-equipment,net-change-in-intangible-assets,net-acquisitions-divestitures,net-change-in-short-term-investments,net-change-in-long-term-investments,net-change-in-investments-total,investing-activities-other,cash-flow-from-investing-activities,net-long-term-debt,net-current-debt,debt-issuance-retirement-net-total,net-common-equity-issued-repurchased,net-total-equity-issued-repurchased,total-common-preferred-stock-dividends-paid,financial-activities-other,cash-flow-from-financial-activities,net-cash-flow,stock-based-compensation,common-stock-dividends-paid
0,2018-08-31,78.05,$19.86,3.93,$97.91,0.8,$-3.82,0.0,$4.05,19.27,$3.02B,$1.28B,2.36,$13.18B,$3.48B,3.78,$17.75B,$2.39B,13.45%,$17.75B,$1.12B,6.29%,$17.75B,$1.12B,6.29%,$17.75B,$1.30B,7.32%,$17.75B,$1.04B,5.88%,$17.75B,$0.73B,4.12%,$0.73B,$3.48B,21.68%,$0.73B,$3.48B,21.68%,$0.73B,$18.18B,4.13%,$1.12B,$16.66B,6.88%,$4766,$4115,$651,$0,$454,$4459,$307,$-17,$289,$69,$221,$221,$221,$352,$307,$176,178,$1.25,$1.24,$485,$2357,$75,$3022,$2767,$0,$0,$191,$15154,$18177,$1283,$13177,$234,$13411,$14694,$88,$2183,$-54,$3482,$18177,$460,$90,$168,$258,$28,$33,$0,$-726,$-607,$111,$-171,$0,$0,$0,$-4,$-4,$0,$-175,$447,$3,$450,$-334,$-334,$0,$-8,$108,$44,$54,$0
1,2018-05-31,68.92,$19.15,3.6,$94.92,0.73,$-3.89,0.0,$3.79,18.18,$2.96B,$1.29B,2.3,$12.86B,$3.38B,3.8,$17.37B,$2.34B,13.48%,$17.37B,$1.12B,6.43%,$17.37B,$1.12B,6.43%,$17.37B,$1.30B,7.47%,$17.37B,$1.05B,6.02%,$17.37B,$0.69B,3.98%,$0.69B,$3.38B,20.93%,$0.69B,$3.38B,20.93%,$0.69B,$17.76B,3.98%,$1.12B,$16.25B,7.01%,$4793,$4131,$661,$0,$438,$4454,$339,$-19,$320,$81,$239,$239,$239,$384,$339,$178,179,$1.34,$1.33,$508,$2260,$88,$2957,$2714,$0,$0,$186,$14799,$17756,$1288,$12861,$223,$13084,$14372,$88,$2116,$-55,$3384,$17756,$239,$45,$85,$130,$32,$131,$0,$-383,$-138,$231,$-79,$0,$0,$0,$-5,$-5,$0,$-84,$125,$0,$126,$-202,$-202,$0,$-4,$-80,$66,$29,$0
2,2018-02-28,61.92,$18.45,3.36,$92.52,0.67,$-4.13,0.0,$3.59,17.25,$3.06B,$1.17B,2.61,$12.75B,$3.32B,3.85,$17.12B,$2.33B,13.60%,$17.12B,$1.13B,6.62%,$17.12B,$1.13B,6.62%,$17.12B,$1.31B,7.67%,$17.12B,$1.06B,6.21%,$17.12B,$0.66B,3.88%,$0.66B,$3.32B,20.48%,$0.66B,$3.32B,20.48%,$0.66B,$17.49B,3.90%,$1.13B,$16.07B,7.25%,$4084,$3547,$537,$0,$409,$3855,$229,$-19,$210,$88,$122,$122,$122,$276,$229,$183,184,$0.69,$0.68,$444,$2391,$93,$3061,$2667,$0,$0,$159,$14425,$17486,$1174,$12753,$243,$12995,$14169,$90,$2047,$-54,$3317,$17486,$664,$180,$345,$524,$19,$-130,$0,$-1196,$-1269,$-81,$-297,$0,$0,$0,$-7,$-7,$-23,$-327,$936,$0,$936,$-506,$-506,$0,$-16,$413,$6,$62,$0
3,2017-11-30,68.91,$18.19,3.79,$91.45,0.75,$-6.62,0.0,$3.73,18.47,$3.01B,$1.11B,2.7,$12.65B,$3.30B,3.83,$17.09B,$2.35B,13.78%,$17.09B,$1.16B,6.81%,$17.09B,$1.16B,6.81%,$17.09B,$1.34B,7.84%,$17.09B,$1.10B,6.41%,$17.09B,$0.70B,4.07%,$0.70B,$3.30B,21.78%,$0.70B,$3.30B,21.78%,$0.70B,$17.30B,4.15%,$1.16B,$15.95B,7.58%,$4107,$3568,$539,$0,$400,$3865,$242,$-17,$225,$76,$149,$149,$149,$287,$242,$182,184,$0.82,$0.81,$415,$2441,$53,$3005,$2634,$0,$0,$154,$14298,$17303,$1112,$12651,$240,$12891,$14003,$91,$2028,$-51,$3301,$17303,$542,$133,$218,$351,$57,$-180,$0,$-953,$-1086,$-193,$-227,$0,$0,$0,$-8,$-8,$-12,$-248,$828,$1,$828,$-388,$-388,$0,$-12,$428,$-12,$52,$0
4,2017-08-31,67.15,$17.60,3.82,$88.53,0.76,$-7.75,0.0,$3.64,18.45,$2.80B,$1.20B,2.33,$12.23B,$3.20B,3.82,$16.68B,$2.32B,13.90%,$16.68B,$1.16B,6.94%,$16.68B,$1.16B,6.94%,$16.68B,$1.33B,7.98%,$16.68B,$1.09B,6.53%,$16.68B,$0.68B,4.09%,$0.68B,$3.20B,21.90%,$0.68B,$3.20B,21.90%,$0.68B,$16.88B,4.18%,$1.16B,$15.44B,7.73%,$4387,$3783,$604,$0,$405,$4080,$307,$-17,$290,$109,$181,$181,$181,$351,$307,$183,185,$0.99,$0.98,$430,$2232,$42,$2803,$2602,$0,$0,$147,$14072,$16876,$1202,$12234,$239,$12473,$13675,$91,$1976,$-60,$3201,$16876,$393,$88,$136,$224,$53,$29,$0,$-684,$-536,$81,$-155,$0,$0,$0,$-1,$-1,$0,$-156,$420,$0,$420,$-321,$-321,$0,$-8,$91,$16,$37,$0
5,2017-05-31,62.83,$17.14,3.67,$85.42,0.74,$-8.63,0.0,$3.50,17.95,$2.74B,$1.17B,2.34,$11.93B,$3.15B,3.78,$16.29B,$2.26B,13.87%,$16.29B,$1.13B,6.91%,$16.29B,$1.13B,6.91%,$16.29B,$1.30B,7.96%,$16.29B,$1.06B,6.52%,$16.29B,$0.66B,4.08%,$0.66B,$3.15B,21.53%,$0.66B,$3.15B,21.53%,$0.66B,$16.48B,4.15%,$1.13B,$15.08B,7.67%,$4542,$3893,$649,$0,$404,$4188,$355,$-17,$338,$126,$212,$212,$212,$399,$355,$185,187,$1.14,$1.13,$446,$2148,$36,$2735,$2558,$0,$0,$146,$13741,$16476,$1167,$11926,$231,$12157,$13324,$92,$1934,$-58,$3152,$16476,$212,$44,$72,$116,$48,$112,$0,$-349,$-136,$191,$-79,$0,$0,$0,$-1,$-1,$0,$-80,$104,$1,$104,$-181,$-181,$0,$-3,$-79,$32,$19,$0
6,2017-02-28,64.54,$16.66,3.87,$82.25,0.78,$-9.28,0.0,$3.27,19.74,$2.87B,$1.11B,2.6,$11.83B,$3.11B,3.8,$15.88B,$2.18B,13.75%,$15.88B,$1.06B,6.70%,$15.88B,$1.06B,6.70%,$15.88B,$1.23B,7.76%,$15.88B,$1.01B,6.34%,$15.88B,$0.63B,3.95%,$0.63B,$3.11B,20.63%,$0.63B,$3.11B,20.63%,$0.63B,$16.28B,4.02%,$1.06B,$14.94B,7.45%,$4050,$3488,$562,$0,$385,$3790,$260,$-17,$242,$90,$153,$153,$153,$303,$260,$190,192,$0.81,$0.80,$419,$2261,$42,$2874,$2518,$0,$0,$140,$13406,$16279,$1106,$11826,$239,$12065,$13171,$93,$1883,$-57,$3109,$16279,$627,$169,$313,$482,$-20,$-329,$0,$-1290,$-1564,$-455,$-417,$0,$0,$0,$-6,$-6,$-43,$-466,$1444,$-0,$1443,$-504,$-504,$0,$-17,$922,$1,$92,$0
7,2016-11-30,57.79,$16.09,3.59,$79.21,0.73,$-6.84,0.0,$3.17,18.23,$2.68B,$1.03B,2.61,$11.49B,$3.02B,3.81,$15.53B,$2.11B,13.59%,$15.53B,$1.05B,6.77%,$15.53B,$1.05B,6.77%,$15.53B,$1.21B,7.82%,$15.53B,$0.99B,6.38%,$15.53B,$0.62B,3.96%,$0.62B,$3.02B,20.58%,$0.62B,$3.02B,20.58%,$0.62B,$15.76B,4.07%,$1.05B,$14.50B,7.60%,$3702,$3198,$503,$0,$357,$3466,$236,$-16,$220,$83,$137,$137,$137,$278,$236,$189,191,$0.72,$0.72,$381,$2170,$41,$2684,$2449,$0,$0,$137,$13076,$15760,$1028,$11485,$232,$11717,$12745,$94,$1821,$-60,$3015,$15760,$474,$126,$230,$355,$40,$-238,$0,$-970,$-1166,$-336,$-315,$0,$0,$0,$-7,$-7,$-17,$-338,$1102,$0,$1103,$-430,$-430,$0,$-13,$661,$-14,$72,$0
8,2016-08-31,58.95,$16.03,3.68,$77.23,0.76,$-6.48,0.0,$3.08,19.14,$2.76B,$1.08B,2.54,$11.13B,$3.06B,3.64,$15.37B,$2.07B,13.47%,$15.37B,$1.04B,6.73%,$15.37B,$1.04B,6.73%,$15.37B,$1.19B,7.74%,$15.37B,$0.98B,6.37%,$15.37B,$0.61B,3.94%,$0.61B,$3.06B,20.45%,$0.61B,$3.06B,20.45%,$0.61B,$15.50B,4.10%,$1.04B,$14.19B,7.65%,$3997,$3452,$545,$0,$366,$3722,$275,$-13,$262,$99,$162,$162,$162,$317,$275,$192,194,$0.85,$0.84,$697,$1919,$45,$2755,$2326,$0,$0,$139,$12749,$15504,$1084,$11131,$227,$11358,$12442,$96,$1858,$-67,$3062,$15504,$338,$83,$166,$249,$38,$13,$0,$-723,$-620,$-33,$-215,$0,$0,$0,$-6,$-6,$-42,$-262,$816,$-0,$816,$-233,$-233,$0,$-9,$574,$279,$61,$0
9,2016-05-31,53.66,$15.44,3.48,$75.12,0.71,$-6.29,0.0,$3.06,17.54,$2.42B,$1.08B,2.23,$10.51B,$2.97B,3.54,$15.26B,$2.05B,13.41%,$15.26B,$1.05B,6.87%,$15.26B,$1.05B,6.87%,$15.26B,$1.20B,7.83%,$15.26B,$1.00B,6.53%,$15.26B,$0.62B,4.04%,$0.62B,$2.97B,20.53%,$0.62B,$2.97B,20.53%,$0.62B,$14.79B,4.28%,$1.05B,$13.48B,7.97%,$4126,$3554,$573,$0,$380,$3833,$293,$-10,$283,$107,$175,$175,$175,$334,$293,$194,195,$0.91,$0.90,$417,$1865,$32,$2417,$2234,$0,$0,$133,$12373,$14790,$1083,$10511,$223,$10734,$11818,$96,$1806,$-67,$2972,$14790,$175,$41,$84,$125,$30,$67,$0,$-379,$-213,$88,$-97,$0,$0,$0,$-2,$-2,$-23,$-123,$-905,$1095,$189,$-134,$-134,$0,$-5,$51,$15,$31,$0
10,2016-02-29,46.26,$14.92,3.1,$72.96,0.63,$-5.96,0.0,$3.02,15.32,$2.47B,$1.01B,2.46,$10.32B,$2.91B,3.55,$15.15B,$2.02B,13.32%,$15.15B,$1.06B,6.99%,$15.15B,$1.06B,6.99%,$15.15B,$1.20B,7.89%,$15.15B,$1.01B,6.67%,$15.15B,$0.62B,4.11%,$0.62B,$2.91B,20.26%,$0.62B,$2.91B,20.26%,$0.62B,$14.46B,4.41%,$1.06B,$13.23B,8.20%,$3706,$3217,$489,$0,$334,$3458,$248,$-22,$226,$85,$141,$141,$141,$285,$248,$203,206,$0.73,$0.72,$381,$1932,$26,$2472,$2162,$0,$0,$128,$11988,$14460,$1005,$10321,$229,$10550,$11555,$97,$1747,$-70,$2905,$14460,$623,$137,$260,$397,$6,$155,$0,$-1275,$-1137,$-117,$-314,$0,$0,$0,$-11,$-11,$-54,$-379,$1446,$-0,$1445,$-937,$-937,$0,$-3,$505,$10,$51,$0
11,2015-11-30,57.3,$14.74,3.89,$70.99,0.81,$-9.68,0.0,$2.98,19.23,$2.64B,$0.92B,2.85,$10.32B,$2.91B,3.54,$14.96B,$2.01B,13.40%,$14.96B,$1.05B,7.00%,$14.96B,$1.05B,7.00%,$14.96B,$1.18B,7.87%,$14.96B,$1.02B,6.80%,$14.96B,$0.63B,4.18%,$0.63B,$2.91B,19.91%,$0.63B,$2.91B,19.91%,$0.63B,$14.38B,4.53%,$1.05B,$13.23B,8.31%,$3544,$3080,$464,$0,$338,$3325,$219,$-11,$208,$80,$128,$128,$128,$254,$219,$201,203,$0.64,$0.63,$350,$2153,$33,$2635,$2106,$0,$0,$148,$11746,$14381,$924,$10316,$230,$10546,$11469,$99,$1743,$-67,$2912,$14381,$482,$101,$171,$272,$49,$-66,$0,$-1009,$-1136,$-382,$-239,$0,$0,$0,$-11,$-11,$-25,$-275,$1406,$-1,$1405,$-771,$-771,$0,$28,$662,$6,$45,$0
12,2015-08-31,61.0,$15.67,3.89,$69.26,0.88,$-11.32,0.0,$2.95,20.68,$2.50B,$1.00B,2.5,$9.51B,$3.21B,2.96,$14.82B,$1.99B,13.42%,$14.82B,$1.05B,7.07%,$14.82B,$1.05B,7.07%,$14.82B,$1.17B,7.91%,$14.82B,$1.02B,6.88%,$14.82B,$0.63B,4.23%,$0.63B,$3.21B,19.56%,$0.63B,$3.21B,19.56%,$0.63B,$13.95B,4.67%,$1.05B,$12.73B,8.58%,$3885,$3364,$521,$0,$331,$3596,$289,$-9,$280,$108,$172,$172,$172,$322,$289,$207,210,$0.83,$0.82,$436,$1912,$45,$2504,$2017,$0,$0,$149,$11449,$13953,$1002,$9514,$226,$9740,$10742,$102,$2013,$-66,$3211,$13953,$354,$65,$116,$181,$37,$175,$0,$-774,$-620,$-85,$-144,$0,$0,$0,$-10,$-10,$-45,$-199,$663,$1,$664,$-332,$-332,$0,$25,$357,$73,$34,$0
13,2015-05-31,71.04,$15.69,4.53,$67.01,1.06,$-12.79,0.0,$2.83,25.1,$2.67B,$1.00B,2.67,$9.18B,$3.28B,2.8,$14.53B,$1.93B,13.28%,$14.53B,$1.02B,7.00%,$14.53B,$1.02B,7.00%,$14.53B,$1.14B,7.82%,$14.53B,$0.99B,6.82%,$14.53B,$0.61B,4.20%,$0.61B,$3.28B,18.81%,$0.61B,$3.28B,18.81%,$0.61B,$13.67B,4.68%,$1.02B,$12.45B,8.57%,$4015,$3471,$544,$0,$350,$3712,$303,$-7,$296,$114,$182,$182,$182,$335,$303,$209,212,$0.87,$0.86,$680,$1844,$29,$2666,$1896,$0,$0,$139,$11005,$13671,$1000,$9176,$220,$9396,$10396,$104,$2067,$-66,$3275,$13671,$182,$32,$68,$100,$34,$243,$0,$-410,$-164,$118,$-58,$0,$0,$0,$-4,$-4,$-35,$-97,$377,$-0,$377,$-100,$-100,$0,$27,$304,$324,$23,$0
14,2015-02-28,67.11,$15.11,4.44,$64.81,1.04,$-14.24,0.0,$2.73,24.58,$2.59B,$1.00B,2.6,$8.82B,$3.16B,2.79,$14.27B,$1.89B,13.23%,$14.27B,$1.00B,6.99%,$14.27B,$1.00B,6.99%,$14.27B,$1.11B,7.79%,$14.27B,$0.97B,6.80%,$14.27B,$0.60B,4.19%,$0.60B,$3.16B,18.36%,$0.60B,$3.16B,18.36%,$0.60B,$13.20B,4.73%,$1.00B,$11.98B,8.66%,$3514,$3038,$476,$0,$330,$3278,$236,$-3,$233,$90,$143,$143,$143,$266,$236,$216,219,$0.68,$0.67,$322,$2087,$45,$2591,$1863,$0,$0,$133,$10607,$13198,$997,$8819,$225,$9044,$10041,$104,$1994,$-65,$3157,$13198,$597,$115,$235,$350,$-58,$-445,$0,$-1464,$-1915,$-968,$-304,$0,$0,$0,$-12,$-12,$-45,$-361,$1514,$0,$1514,$-835,$-835,$0,$49,$729,$-600,$82,$0
15,2014-11-30,56.98,$15.09,3.78,$62.26,0.92,$-12.46,0.0,$2.50,22.79,$2.57B,$0.93B,2.77,$8.55B,$3.18B,2.69,$13.83B,$1.80B,12.99%,$13.83B,$0.93B,6.72%,$13.83B,$0.93B,6.72%,$13.83B,$1.04B,7.53%,$13.83B,$0.90B,6.49%,$13.83B,$0.55B,4.01%,$0.55B,$3.18B,16.81%,$0.55B,$3.18B,16.81%,$0.55B,$12.84B,4.51%,$0.93B,$11.73B,8.31%,$3405,$2959,$447,$0,$317,$3186,$220,$-9,$211,$81,$130,$130,$130,$249,$220,$214,217,$0.61,$0.60,$466,$1965,$48,$2573,$1834,$0,$0,$131,$10270,$12843,$928,$8550,$183,$8733,$9661,$105,$2042,$-46,$3182,$12843,$454,$85,$160,$245,$-8,$-323,$0,$-1136,$-1484,$-785,$-233,$0,$0,$0,$-12,$-12,$-21,$-266,$1219,$2,$1221,$-641,$-641,$0,$33,$613,$-438,$57,$0
16,2014-08-31,52.4,$15.50,3.38,$59.50,0.88,$-10.85,0.0,$2.37,22.11,$2.52B,$0.91B,2.78,$7.96B,$3.36B,2.37,$13.37B,$1.73B,12.95%,$13.37B,$0.89B,6.66%,$13.37B,$0.89B,6.66%,$13.37B,$1.00B,7.47%,$13.37B,$0.86B,6.43%,$13.37B,$0.53B,3.97%,$0.53B,$3.36B,15.95%,$0.53B,$3.36B,15.95%,$0.53B,$12.40B,4.46%,$0.89B,$11.32B,8.21%,$3599,$3136,$463,$0,$298,$3341,$258,$-8,$251,$96,$155,$155,$155,$287,$258,$218,221,$0.71,$0.70,$652,$1709,$39,$2516,$1754,$0,$0,$128,$9883,$12400,$907,$7959,$176,$8135,$9042,$108,$2205,$-44,$3358,$12400,$324,$56,$107,$163,$-29,$-68,$0,$-791,$-923,$-437,$-129,$0,$0,$0,$-12,$-12,$-43,$-184,$652,$2,$653,$-336,$-336,$0,$30,$347,$-273,$38,$0
17,2014-05-31,44.31,$15.24,2.91,$57.48,0.77,$-10.03,0.0,$2.29,19.35,$2.64B,$0.96B,2.74,$7.69B,$3.33B,2.31,$13.01B,$1.70B,13.09%,$13.01B,$0.87B,6.67%,$13.01B,$0.87B,6.67%,$13.01B,$0.97B,7.47%,$13.01B,$0.84B,6.42%,$13.01B,$0.52B,3.96%,$0.52B,$3.33B,15.70%,$0.52B,$3.33B,15.70%,$0.52B,$12.15B,4.47%,$0.87B,$11.02B,8.25%,$3750,$3248,$502,$0,$313,$3467,$283,$-8,$275,$105,$170,$170,$170,$310,$283,$220,224,$0.77,$0.76,$823,$1682,$26,$2637,$1697,$0,$0,$117,$9512,$12149,$962,$7689,$169,$7857,$8820,$109,$2230,$-46,$3329,$12149,$170,$27,$54,$81,$-18,$-40,$0,$-442,$-460,$-209,$-54,$0,$0,$0,$-6,$-6,$-35,$-94,$374,$1,$375,$-172,$-172,$0,$4,$207,$-96,$15,$0
18,2014-02-28,48.43,$14.96,3.24,$55.20,0.88,$-9.36,0.0,$2.17,22.32,$2.64B,$0.88B,3.02,$7.34B,$3.32B,2.21,$12.57B,$1.65B,13.11%,$12.57B,$0.83B,6.60%,$12.57B,$0.83B,6.60%,$12.57B,$0.93B,7.40%,$12.57B,$0.80B,6.34%,$12.57B,$0.49B,3.91%,$0.49B,$3.32B,15.30%,$0.49B,$3.32B,15.30%,$0.49B,$11.71B,4.43%,$0.83B,$10.66B,8.17%,$3076,$2692,$384,$0,$297,$2909,$168,$-8,$160,$60,$99,$99,$99,$195,$168,$224,228,$0.44,$0.43,$887,$1641,$27,$2643,$1653,$0,$0,$111,$9064,$11707,$875,$7340,$174,$7515,$8390,$111,$2214,$-46,$3317,$11707,$493,$102,$201,$303,$12,$-124,$0,$-1414,$-1409,$-613,$-305,$0,$0,$0,$-5,$-5,$-26,$-337,$1374,$0,$1374,$-268,$-268,$0,$23,$1128,$179,$66,$0
19,2013-11-30,50.35,$14.73,3.42,$53.88,0.93,$-9.69,0.0,$2.19,22.99,$2.56B,$0.75B,3.42,$7.08B,$3.29B,2.15,$12.33B,$1.63B,13.26%,$12.33B,$0.84B,6.83%,$12.33B,$0.84B,6.83%,$12.33B,$0.94B,7.63%,$12.33B,$0.81B,6.56%,$12.33B,$0.50B,4.06%,$0.50B,$3.29B,15.91%,$0.50B,$3.29B,15.91%,$0.50B,$11.30B,4.70%,$0.84B,$10.37B,8.64%,$2941,$2560,$382,$0,$284,$2760,$181,$-8,$173,$67,$106,$106,$106,$206,$181,$223,227,$0.48,$0.47,$912,$1556,$20,$2559,$1589,$0,$0,$113,$8745,$11304,$749,$7076,$191,$7267,$8016,$112,$2220,$-57,$3288,$11304,$393,$74,$136,$210,$24,$-38,$0,$-1084,$-1097,$-493,$-208,$0,$0,$0,$-6,$-6,$-15,$-229,$1100,$1,$1101,$-177,$-177,$0,$13,$937,$215,$55,$0
20,2013-08-31,47.56,$14.26,3.34,$52.13,0.91,$-9.55,0.0,$2.13,22.33,$2.48B,$0.73B,3.4,$6.84B,$3.19B,2.15,$11.99B,$1.60B,13.32%,$11.99B,$0.82B,6.85%,$11.99B,$0.82B,6.85%,$11.99B,$0.92B,7.67%,$11.99B,$0.79B,6.57%,$11.99B,$0.49B,4.08%,$0.49B,$3.19B,15.90%,$0.49B,$3.19B,15.90%,$0.49B,$10.93B,4.82%,$0.82B,$10.02B,8.83%,$3246,$2811,$435,$0,$283,$3010,$236,$-9,$227,$87,$140,$140,$140,$261,$236,$224,228,$0.63,$0.62,$1001,$1364,$26,$2481,$1535,$0,$0,$105,$8452,$10934,$730,$6838,$181,$7019,$7749,$112,$2127,$-54,$3185,$10934,$287,$49,$83,$133,$6,$154,$0,$-829,$-683,$-264,$-131,$0,$0,$0,$-0,$-0,$-17,$-149,$864,$1,$866,$-165,$-165,$0,$12,$713,$301,$38,$0
21,2013-05-31,46.77,$13.72,3.41,$49.78,0.94,$-9.50,0.0,$1.99,23.5,$2.46B,$0.71B,3.46,$6.49B,$3.08B,2.11,$11.50B,$1.53B,13.31%,$11.50B,$0.77B,6.73%,$11.50B,$0.77B,6.73%,$11.50B,$0.87B,7.57%,$11.50B,$0.74B,6.45%,$11.50B,$0.46B,4.01%,$0.46B,$3.08B,15.28%,$0.46B,$3.08B,15.28%,$0.46B,$10.45B,4.79%,$0.77B,$9.57B,8.75%,$3311,$2863,$448,$0,$290,$3066,$245,$-8,$237,$91,$147,$147,$147,$269,$245,$225,229,$0.65,$0.64,$966,$1398,$15,$2455,$1444,$0,$0,$103,$7996,$10450,$710,$6493,$172,$6665,$7375,$112,$2030,$-58,$3075,$10450,$147,$24,$50,$74,$22,$120,$0,$-440,$-298,$-78,$-37,$0,$0,$0,$0,$0,$-9,$-47,$508,$1,$509,$-119,$-119,$0,$10,$400,$276,$23,$0
22,2013-02-28,38.41,$13.36,2.87,$47.26,0.81,$-9.70,0.0,$1.87,20.54,$2.31B,$0.68B,3.38,$6.01B,$3.02B,1.99,$10.96B,$1.46B,13.36%,$10.96B,$0.73B,6.68%,$10.96B,$0.73B,6.68%,$10.96B,$0.83B,7.54%,$10.96B,$0.70B,6.39%,$10.96B,$0.44B,3.97%,$0.44B,$3.02B,14.73%,$0.44B,$3.02B,14.73%,$0.44B,$9.89B,4.75%,$0.73B,$9.03B,8.70%,$2828,$2459,$369,$0,$265,$2648,$180,$-8,$172,$65,$107,$107,$107,$204,$180,$228,232,$0.47,$0.46,$674,$1518,$22,$2310,$1429,$0,$0,$108,$7578,$9889,$684,$6010,$176,$6185,$6869,$113,$1994,$-60,$3019,$9889,$434,$95,$156,$251,$-6,$-425,$0,$-1032,$-1464,$-778,$-236,$0,$0,$0,$-4,$-4,$-16,$-255,$1157,$-1,$1156,$-140,$-140,$0,$24,$1040,$7,$62,$0
23,2012-11-30,36.26,$13.25,2.74,$45.79,0.79,$-6.34,0.0,$1.82,19.92,$2.09B,$0.58B,3.62,$5.55B,$3.02B,1.84,$10.61B,$1.43B,13.51%,$10.61B,$0.71B,6.72%,$10.61B,$0.71B,6.72%,$10.61B,$0.81B,7.60%,$10.61B,$0.68B,6.43%,$10.61B,$0.42B,3.99%,$0.42B,$3.02B,14.76%,$0.42B,$3.02B,14.76%,$0.42B,$9.30B,4.82%,$0.71B,$8.58B,8.87%,$2602,$2257,$345,$0,$257,$2442,$160,$-8,$152,$58,$95,$95,$95,$185,$160,$229,233,$0.41,$0.41,$649,$1339,$0,$2085,$1412,$0,$0,$101,$7212,$9298,$576,$5552,$0,$5698,$6274,$114,$2019,$-52,$3024,$9298,$327,$71,$82,$152,$24,$-246,$0,$-653,$-979,$-499,$-185,$0,$0,$0,$-3,$-3,$9,$-179,$686,$-0,$686,$-22,$-22,$0,$17,$681,$2,$47,$0
24,2012-08-31,30.59,$12.91,2.37,$44.40,0.69,$-3.84,0.0,$1.77,17.28,$1.96B,$0.53B,3.73,$5.26B,$2.95B,1.78,$10.27B,$1.39B,13.55%,$10.27B,$0.69B,6.75%,$10.27B,$0.69B,6.75%,$10.27B,$0.78B,7.62%,$10.27B,$0.66B,6.45%,$10.27B,$0.41B,3.99%,$0.41B,$2.95B,14.80%,$0.41B,$2.95B,14.80%,$0.41B,$8.87B,4.91%,$0.69B,$8.21B,9.07%,$2758,$2390,$368,$0,$255,$2569,$189,$-8,$181,$69,$112,$112,$112,$212,$189,$228,232,$0.49,$0.48,$663,$1198,$0,$1962,$1347,$0,$0,$104,$6910,$8871,$526,$5255,$0,$5396,$5922,$114,$1977,$-53,$2950,$8871,$232,$46,$53,$99,$16,$-105,$0,$-396,$-617,$-286,$-104,$0,$0,$0,$-3,$-3,$4,$-103,$390,$0,$390,$4,$4,$0,$10,$404,$16,$30,$0
25,2012-05-31,28.21,$12.35,2.28,$43.72,0.65,$-2.83,0.0,$1.78,15.85,$1.93B,$0.62B,3.12,$5.02B,$2.82B,1.78,$10.10B,$1.38B,13.64%,$10.10B,$0.69B,6.85%,$10.10B,$0.69B,6.85%,$10.10B,$0.78B,7.70%,$10.10B,$0.66B,6.55%,$10.10B,$0.41B,4.05%,$0.41B,$2.82B,15.32%,$0.41B,$2.82B,15.32%,$0.41B,$8.60B,5.12%,$0.69B,$7.84B,9.51%,$2774,$2393,$382,$0,$254,$2571,$203,$-8,$196,$75,$121,$121,$121,$226,$203,$228,232,$0.53,$0.52,$639,$1210,$0,$1931,$1305,$0,$0,$99,$6667,$8598,$619,$5023,$0,$5159,$5778,$114,$1865,$-61,$2820,$8598,$121,$23,$32,$55,$21,$-118,$0,$-187,$-292,$-116,$-48,$0,$0,$0,$-1,$-1,$28,$-20,$138,$-0,$138,$3,$3,$0,$10,$150,$14,$16,$0
26,2012-02-29,30.69,$11.77,2.61,$43.39,0.71,$-2.15,0.0,$1.81,16.96,$1.85B,$0.65B,2.87,$4.86B,$2.67B,1.82,$10.00B,$1.38B,13.77%,$10.00B,$0.70B,7.00%,$10.00B,$0.70B,7.00%,$10.00B,$0.78B,7.83%,$10.00B,$0.67B,6.68%,$10.00B,$0.41B,4.13%,$0.41B,$2.67B,16.05%,$0.41B,$2.67B,16.05%,$0.41B,$8.33B,5.42%,$0.70B,$7.54B,10.10%,$2476,$2138,$338,$0,$243,$2315,$161,$-8,$153,$58,$95,$95,$95,$183,$161,$226,231,$0.42,$0.41,$647,$1093,$18,$1853,$1279,$0,$0,$106,$6478,$8332,$646,$4863,$149,$5012,$5658,$114,$1745,$-62,$2673,$8332,$414,$83,$109,$192,$33,$-43,$0,$-701,$-668,$-62,$-173,$0,$0,$0,$-3,$-3,$-44,$-219,$658,$-0,$658,$16,$16,$0,$10,$683,$402,$48,$0
27,2011-11-30,28.76,$11.64,2.47,$42.55,0.68,$-1.50,0.0,$1.79,16.07,$1.65B,$0.53B,3.1,$4.35B,$2.64B,1.65,$9.78B,$1.36B,13.91%,$9.78B,$0.71B,7.23%,$9.78B,$0.71B,7.23%,$9.78B,$0.80B,8.18%,$9.78B,$0.65B,6.65%,$9.78B,$0.40B,4.13%,$0.40B,$2.64B,16.39%,$0.40B,$2.64B,16.39%,$0.40B,$7.63B,5.52%,$0.71B,$6.98B,10.60%,$2261,$1957,$303,$0,$226,$2120,$140,$-8,$132,$50,$82,$82,$82,$161,$140,$226,231,$0.36,$0.36,$558,$1013,$0,$1648,$988,$0,$0,$101,$5985,$7633,$531,$4346,$0,$4465,$4997,$113,$1704,$-39,$2637,$7633,$319,$61,$58,$119,$65,$36,$0,$-511,$-431,$6,$-106,$0,$0,$0,$-3,$-3,$-10,$-119,$442,$-0,$442,$5,$5,$0,$7,$454,$342,$37,$0
28,2011-08-31,28.11,$11.27,2.49,$42.03,0.67,$-1.34,0.0,$1.79,15.7,$1.50B,$0.49B,3.05,$4.20B,$2.55B,1.64,$9.64B,$1.36B,14.07%,$9.64B,$0.70B,7.27%,$9.64B,$0.70B,7.27%,$9.64B,$0.79B,8.18%,$9.64B,$0.65B,6.75%,$9.64B,$0.40B,4.19%,$0.40B,$2.55B,17.18%,$0.40B,$2.55B,17.18%,$0.40B,$7.36B,5.70%,$0.70B,$6.75B,10.87%,$2588,$2234,$354,$0,$230,$2400,$188,$-8,$180,$69,$111,$111,$111,$208,$188,$226,231,$0.49,$0.48,$337,$1061,$22,$1496,$977,$0,$0,$99,$5863,$7359,$490,$4197,$119,$4316,$4807,$113,$1621,$-33,$2552,$7359,$237,$39,$41,$80,$55,$-12,$0,$-394,$-393,$-76,$-80,$0,$0,$0,$-2,$-2,$9,$-74,$279,$0,$279,$4,$4,$0,$7,$291,$141,$26,$0
29,2011-05-31,29.66,$10.75,2.76,$41.16,0.72,$-0.77,0.0,$1.78,16.66,$1.54B,$0.58B,2.67,$4.03B,$2.43B,1.66,$9.39B,$1.35B,14.38%,$9.39B,$0.69B,7.34%,$9.39B,$0.69B,7.34%,$9.39B,$0.77B,8.21%,$9.39B,$0.65B,6.88%,$9.39B,$0.40B,4.26%,$0.40B,$2.43B,17.94%,$0.40B,$2.43B,17.94%,$0.40B,$7.16B,5.81%,$0.69B,$6.46B,11.02%,$2679,$2296,$383,$0,$242,$2468,$211,$-8,$203,$77,$126,$126,$125,$231,$211,$226,230,$0.56,$0.54,$326,$1116,$9,$1541,$950,$0,$0,$99,$5619,$7160,$577,$4029,$124,$4153,$4730,$113,$1509,$-28,$2430,$7160,$126,$20,$23,$42,$35,$-67,$0,$-151,$-143,$25,$-31,$0,$0,$0,$0,$0,$-8,$-39,$125,$0,$126,$-2,$-2,$0,$6,$129,$115,$15,$0
30,2011-02-28,35.37,$9.91,3.57,$39.53,0.89,$-0.54,0.0,$1.67,21.18,$1.41B,$0.52B,2.7,$4.25B,$2.24B,1.9,$8.98B,$1.30B,14.51%,$8.98B,$0.64B,7.15%,$8.98B,$0.64B,7.15%,$8.98B,$0.72B,8.01%,$8.98B,$0.61B,6.76%,$8.98B,$0.38B,4.19%,$0.38B,$2.24B,17.80%,$0.38B,$2.24B,17.80%,$0.38B,$7.13B,5.62%,$0.64B,$6.49B,10.60%,$2253,$1932,$321,$0,$207,$2085,$168,$-32,$135,$49,$86,$86,$86,$200,$168,$223,228,$0.38,$0.37,$202,$1049,$34,$1410,$1175,$0,$0,$96,$5715,$7126,$523,$4249,$115,$4364,$4886,$113,$1331,$-25,$2239,$7126,$377,$76,$90,$166,$-41,$-206,$0,$-295,$-551,$-7,$-77,$0,$0,$0,$4,$4,$0,$-72,$55,$0,$55,$38,$38,$0,$9,$102,$23,$44,$0
31,2010-11-30,32.9,$9.68,3.4,$37.88,0.87,$-0.00,0.0,$1.61,20.43,$1.34B,$0.47B,2.85,$3.92B,$2.18B,1.79,$8.56B,$1.25B,14.56%,$8.56B,$0.62B,7.27%,$8.56B,$0.62B,7.27%,$8.56B,$0.70B,8.17%,$8.56B,$0.59B,6.87%,$8.56B,$0.36B,4.22%,$0.36B,$2.18B,17.73%,$0.36B,$2.18B,17.73%,$0.36B,$6.70B,6.50%,$0.62B,$6.10B,12.62%,$2119,$1821,$298,$0,$220,$1985,$134,$-1,$133,$51,$82,$82,$82,$149,$134,$224,228,$0.37,$0.36,$240,$1003,$20,$1338,$893,$0,$0,$95,$5358,$6695,$469,$3915,$127,$4043,$4512,$113,$1294,$-29,$2183,$6695,$291,$44,$67,$111,$13,$-160,$0,$-229,$-424,$-22,$-39,$0,$0,$0,$4,$4,$-3,$-38,$77,$-0,$77,$32,$32,$0,$7,$116,$56,$34,$0
32,2010-08-31,19.93,$9.24,2.16,$36.32,0.55,$0.44,45.64,$1.58,12.61,$1.24B,$0.49B,2.54,$3.90B,$2.07B,1.88,$8.16B,$1.19B,14.59%,$8.16B,$0.61B,7.41%,$8.16B,$0.61B,7.41%,$8.16B,$0.68B,8.34%,$8.16B,$0.57B,6.99%,$8.16B,$0.35B,4.32%,$0.35B,$2.07B,18.09%,$0.35B,$2.07B,18.09%,$0.35B,$6.58B,7.88%,$0.61B,$5.97B,15.63%,$2342,$1993,$349,$0,$225,$2165,$176,$-1,$175,$67,$108,$108,$107,$191,$176,$223,226,$0.48,$0.48,$222,$929,$9,$1235,$880,$0,$0,$99,$5343,$6577,$486,$3896,$127,$4022,$4508,$112,$1211,$-26,$2069,$6577,$209,$29,$42,$72,$13,$-86,$0,$-191,$-290,$-9,$-15,$0,$0,$0,$0,$0,$-6,$-21,$59,$-0,$58,$6,$6,$0,$3,$67,$37,$22,$0
33,2010-05-31,21.73,$8.75,2.48,$35.34,0.61,$0.25,87.02,$1.57,13.84,$1.16B,$0.57B,2.03,$3.73B,$1.96B,1.9,$7.90B,$1.16B,14.65%,$7.90B,$0.60B,7.57%,$7.90B,$0.60B,7.57%,$7.90B,$0.67B,8.52%,$7.90B,$0.56B,7.13%,$7.90B,$0.35B,4.41%,$0.35B,$1.96B,18.60%,$0.35B,$1.96B,18.60%,$0.35B,$6.37B,10.00%,$0.60B,$5.69B,20.91%,$2262,$1928,$334,$0,$227,$2098,$164,$0,$164,$63,$101,$101,$101,$179,$164,$222,226,$0.45,$0.44,$161,$895,$0,$1156,$887,$0,$0,$98,$5216,$6372,$568,$3727,$0,$3845,$4414,$112,$1103,$-20,$1958,$6372,$101,$14,$30,$44,$-6,$-52,$0,$-57,$-90,$56,$-9,$0,$0,$0,$0,$0,$13,$4,$-71,$-1,$-72,$5,$5,$0,$2,$-65,$-5,$13,$0
34,2010-02-28,20.19,$8.67,2.33,$33.72,0.6,$-0.34,0.0,$1.26,16.02,$1.56B,$0.48B,3.26,$0.03B,$1.93B,0.01,$7.47B,$1.10B,14.71%,$7.47B,$0.48B,6.45%,$7.47B,$0.48B,6.45%,$7.47B,$0.56B,7.46%,$7.47B,$0.45B,5.97%,$7.47B,$0.28B,3.68%,$0.28B,$1.93B,15.38%,$0.28B,$1.93B,15.38%,$0.28B,$2.56B,10.89%,$0.48B,$1.96B,25.50%,$1833,$1568,$265,$0,$176,$1685,$148,$-33,$116,$44,$72,$72,$71,$180,$148,$220,222,$0.31,$0.32,$18,$843,$0,$1556,$893,$0,$0,$49,$1000,$2556,$477,$27,$0,$145,$623,$112,$1095,$-20,$1934,$2556,$278,$75,$68,$143,$-24,$-140,$0,$-232,$-361,$60,$-22,$0,$0,$0,$0,$0,$0,$-21,$-196,$0,$-196,$31,$31,$0,$4,$-161,$-122,$38,$0
35,2009-11-30,19.88,$8.30,2.4,$32.18,0.62,$0.00,0.0,$1.10,18.07,$1.39B,$0.43B,3.26,$0.03B,$1.85B,0.02,$7.11B,$1.06B,14.97%,$7.11B,$0.40B,5.57%,$7.11B,$0.40B,5.57%,$7.11B,$0.45B,6.36%,$7.11B,$0.39B,5.50%,$7.11B,$0.24B,3.39%,$0.24B,$1.85B,14.16%,$0.24B,$1.85B,14.16%,$0.24B,$2.41B,9.71%,$0.40B,$1.87B,21.49%,$1726,$1483,$243,$0,$192,$1609,$117,$-1,$116,$41,$75,$75,$74,$131,$117,$220,224,$0.34,$0.33,$15,$751,$0,$1392,$906,$0,$0,$49,$1018,$2410,$428,$28,$0,$137,$564,$111,$1020,$-17,$1846,$2410,$206,$44,$51,$95,$8,$-48,$0,$-194,$-245,$56,$-18,$0,$0,$0,$0,$0,$0,$-18,$-189,$-1,$-190,$23,$23,$0,$3,$-164,$-125,$31,$0
36,2009-08-31,17.31,$7.90,2.19,$31.15,0.56,$0.62,28.06,$0.67,25.84,$1.52B,$0.56B,2.74,$0.18B,$1.74B,0.1,$6.84B,$1.02B,14.92%,$6.84B,$0.25B,3.58%,$6.84B,$0.25B,3.58%,$6.84B,$0.30B,4.40%,$6.84B,$0.24B,3.52%,$6.84B,$0.15B,2.12%,$0.15B,$1.74B,8.89%,$0.15B,$1.74B,8.89%,$0.15B,$2.59B,5.96%,$0.25B,$1.92B,13.54%,$2077,$1762,$315,$0,$218,$1908,$169,$-1,$167,$64,$103,$103,$102,$183,$169,$219,221,$0.47,$0.46,$122,$790,$0,$1522,$916,$0,$0,$49,$1066,$2587,$556,$178,$0,$287,$843,$110,$946,$-17,$1744,$2587,$132,$30,$5,$35,$-3,$-87,$0,$-163,$-218,$-51,$-14,$0,$0,$0,$0,$0,$0,$-14,$41,$1,$42,$4,$4,$0,$1,$47,$-18,$23,$0
37,2009-05-31,11.21,$7.39,1.52,$30.13,0.37,$1.29,8.7,$0.26,43.12,$1.45B,$0.64B,2.27,$0.18B,$1.63B,0.11,$6.60B,$0.96B,14.56%,$6.60B,$0.10B,1.52%,$6.60B,$0.10B,1.52%,$6.60B,$0.16B,2.36%,$6.60B,$0.10B,1.47%,$6.60B,$0.06B,0.86%,$0.06B,$1.63B,3.59%,$0.06B,$1.63B,3.59%,$0.06B,$2.55B,2.42%,$0.10B,$1.80B,5.67%,$1834,$1558,$276,$0,$206,$1786,$48,$-1,$47,$19,$29,$29,$28,$63,$48,$218,219,$0.13,$0.13,$134,$781,$0,$1454,$923,$0,$0,$49,$1097,$2551,$640,$178,$0,$284,$924,$110,$843,$-17,$1626,$2551,$29,$15,$-10,$5,$1,$-78,$0,$-108,$-113,$-79,$-6,$0,$0,$0,$0,$0,$0,$-5,$80,$0,$81,$-3,$-3,$0,$0,$78,$-7,$12,$0
38,2009-02-28,9.43,$7.23,1.3,$31.77,0.3,$1.69,5.56,$0.26,36.27,$1.29B,$0.49B,2.62,$0.18B,$1.59B,0.11,$6.98B,$0.97B,13.88%,$6.98B,$0.10B,1.46%,$6.98B,$0.10B,1.46%,$6.98B,$0.16B,2.24%,$6.98B,$0.10B,1.41%,$6.98B,$0.06B,0.85%,$0.06B,$1.59B,3.77%,$0.06B,$1.59B,3.77%,$0.06B,$2.38B,2.55%,$0.10B,$1.77B,5.82%,$1471,$1240,$230,$0,$197,$1409,$62,$-1,$61,$23,$38,$38,$37,$75,$62,$218,219,$0.18,$0.18,$141,$703,$0,$1288,$938,$0,$0,$50,$1091,$2379,$491,$178,$0,$295,$786,$110,$814,$-17,$1593,$2379,$59,$55,$5,$59,$-3,$273,$0,$-84,$146,$265,$-151,$0,$0,$0,$-4,$-4,$0,$-155,$28,$-20,$8,$10,$10,$0,$0,$18,$128,$35,$0
39,2008-11-30,7.61,$7.09,1.07,$34.36,0.22,$0.39,19.29,$0.19,40.05,$1.13B,$0.38B,2.98,$0.18B,$1.56B,0.11,$7.55B,$1.00B,13.18%,$7.55B,$0.08B,1.01%,$7.55B,$0.08B,1.01%,$7.55B,$0.13B,1.72%,$7.55B,$0.07B,0.95%,$7.55B,$0.04B,0.56%,$0.04B,$1.56B,2.73%,$0.04B,$1.56B,2.73%,$0.04B,$2.22B,1.83%,$0.08B,$1.74B,4.37%,$1456,$1256,$199,$0,$217,$1489,$-34,$-1,$-34,$-13,$-22,$-22,$-22,$-20,$-34,$218,218,$-0.10,$-0.10,$138,$602,$0,$1130,$948,$0,$0,$51,$1088,$2218,$379,$177,$0,$275,$654,$110,$776,$-0,$1564,$2218,$22,$41,$1,$42,$27,$374,$0,$-54,$243,$307,$-136,$0,$0,$0,$-4,$-4,$0,$-140,$-43,$-9,$-52,$10,$10,$0,$0,$-42,$125,$27,$0
40,2008-08-31,14.8,$7.08,2.09,$36.22,0.41,$-0.54,0.0,$0.43,34.42,$1.16B,$0.39B,2.97,$0.18B,$1.56B,0.11,$7.98B,$1.04B,13.02%,$7.98B,$0.16B,1.99%,$7.98B,$0.16B,1.99%,$7.98B,$0.21B,2.64%,$7.98B,$0.16B,1.94%,$7.98B,$0.09B,1.18%,$0.09B,$1.56B,6.22%,$0.09B,$1.56B,6.22%,$0.09B,$2.26B,4.14%,$0.16B,$1.74B,9.49%,$1839,$1583,$256,$0,$225,$1815,$24,$-1,$23,$8,$14,$14,$14,$38,$24,$218,220,$0.06,$0.06,$11,$736,$0,$1163,$961,$0,$0,$51,$1101,$2264,$392,$177,$0,$311,$703,$110,$798,$-16,$1561,$2264,$44,$27,$-2,$25,$14,$240,$0,$-55,$150,$219,$-136,$0,$0,$0,$-4,$-4,$0,$-140,$-82,$-8,$-90,$9,$9,$0,$0,$-81,$-2,$19,$0
41,2008-05-31,19.66,$6.98,2.82,$37.48,0.52,$-0.72,0.0,$0.66,29.79,$1.32B,$0.48B,2.77,$0.23B,$1.54B,0.15,$8.26B,$1.07B,12.96%,$8.26B,$0.24B,2.93%,$8.26B,$0.24B,2.93%,$8.26B,$0.29B,3.53%,$8.26B,$0.24B,2.89%,$8.26B,$0.15B,1.76%,$0.15B,$1.54B,9.85%,$0.15B,$1.54B,9.85%,$0.15B,$2.38B,6.59%,$0.24B,$1.76B,15.13%,$2209,$1926,$283,$0,$243,$2159,$50,$-2,$48,$18,$30,$30,$30,$63,$50,$217,220,$0.13,$0.13,$12,$934,$0,$1323,$926,$0,$0,$47,$1053,$2376,$478,$227,$0,$361,$839,$110,$784,$-17,$1537,$2376,$30,$13,$-4,$9,$-2,$42,$0,$0,$40,$79,$-76,$0,$0,$0,$-1,$-1,$0,$-76,$0,$-13,$-12,$8,$8,$0,$0,$-4,$-1,$10,$0
42,2008-02-29,18.36,$6.81,2.7,$37.22,0.49,$-0.67,0.0,$0.83,22.12,$1.36B,$0.49B,2.77,$0.23B,$1.49B,0.15,$8.20B,$1.07B,13.07%,$8.20B,$0.30B,3.65%,$8.20B,$0.30B,3.65%,$8.20B,$0.35B,4.23%,$8.20B,$0.30B,3.62%,$8.20B,$0.18B,2.20%,$0.18B,$1.49B,12.67%,$0.18B,$1.49B,12.67%,$0.18B,$2.33B,8.57%,$0.30B,$1.72B,19.94%,$2045,$1787,$257,$0,$220,$2008,$36,$-1,$35,$13,$22,$22,$20,$49,$36,$216,220,$0.10,$0.09,$13,$976,$0,$1357,$862,$0,$0,$47,$976,$2333,$490,$227,$0,$354,$844,$109,$755,$-17,$1489,$2333,$182,$47,$10,$57,$-2,$-140,$0,$-33,$-160,$80,$-252,$0,$0,$0,$-5,$-5,$0,$-257,$131,$18,$149,$15,$15,$0,$7,$171,$-6,$33,$0
43,2007-11-30,22.87,$6.66,3.43,$36.61,0.62,$-0.12,0.0,$0.92,24.86,$1.21B,$0.51B,2.38,$0.03B,$1.45B,0.02,$8.04B,$1.06B,13.14%,$8.04B,$0.33B,4.16%,$8.04B,$0.33B,4.16%,$8.04B,$0.38B,4.70%,$8.04B,$0.33B,4.13%,$8.04B,$0.20B,2.51%,$0.20B,$1.45B,14.85%,$0.20B,$1.45B,14.85%,$0.20B,$2.11B,10.16%,$0.33B,$1.48B,24.02%,$1885,$1642,$243,$0,$211,$1837,$49,$0,$49,$19,$30,$30,$30,$61,$49,$216,221,$0.14,$0.14,$8,$892,$0,$1212,$805,$0,$0,$47,$897,$2109,$510,$27,$0,$145,$655,$109,$733,$-19,$1454,$2109,$160,$34,$23,$57,$19,$-56,$0,$-9,$-58,$159,$-191,$0,$0,$0,$-5,$-5,$0,$-196,$7,$-0,$7,$13,$13,$0,$6,$26,$-11,$26,$0
44,2007-08-31,22.66,$6.48,3.5,$36.18,0.63,$0.15,155.53,$0.99,22.89,$1.13B,$0.42B,2.67,$0.03B,$1.41B,0.02,$7.92B,$1.04B,13.15%,$7.92B,$0.36B,4.52%,$7.92B,$0.36B,4.52%,$7.92B,$0.40B,5.04%,$7.92B,$0.36B,4.51%,$7.92B,$0.22B,2.74%,$0.22B,$1.41B,16.74%,$0.22B,$1.41B,16.74%,$0.22B,$1.98B,11.50%,$0.36B,$1.44B,26.95%,$2123,$1834,$288,$0,$214,$2015,$107,$0,$107,$42,$65,$65,$65,$119,$107,$216,221,$0.30,$0.29,$8,$820,$0,$1133,$755,$0,$0,$47,$845,$1978,$424,$27,$0,$143,$567,$109,$703,$-19,$1411,$1978,$130,$22,$16,$38,$15,$16,$0,$-0,$4,$173,$-131,$0,$0,$0,$-5,$-5,$0,$-136,$-62,$-1,$-63,$10,$10,$0,$4,$-49,$-12,$18,$0
45,2007-05-31,24.0,$6.11,3.93,$35.52,0.68,$0.12,198.18,$0.95,25.26,$1.19B,$0.50B,2.36,$0.03B,$1.33B,0.03,$7.73B,$1.01B,13.03%,$7.73B,$0.34B,4.41%,$7.73B,$0.34B,4.41%,$7.73B,$0.38B,4.89%,$7.73B,$0.34B,4.37%,$7.73B,$0.21B,2.67%,$0.21B,$1.33B,16.80%,$0.21B,$1.33B,16.80%,$0.21B,$1.98B,11.44%,$0.34B,$1.36B,27.05%,$2147,$1863,$284,$0,$214,$2040,$107,$-2,$106,$40,$65,$65,$65,$118,$107,$215,220,$0.30,$0.30,$22,$864,$0,$1188,$702,$0,$0,$43,$789,$1977,$503,$33,$0,$146,$649,$109,$638,$-20,$1328,$1977,$65,$11,$3,$14,$3,$-27,$0,$10,$-4,$75,$-61,$0,$0,$0,$0,$0,$0,$-61,$-17,$0,$-17,$4,$4,$0,$1,$-12,$3,$9,$0
46,2007-02-28,26.35,$5.77,4.56,$34.57,0.76,$0.16,162.15,$0.92,28.8,$1.15B,$0.51B,2.25,$0.03B,$1.25B,0.03,$7.47B,$0.97B,13.01%,$7.47B,$0.33B,4.39%,$7.47B,$0.33B,4.39%,$7.47B,$0.36B,4.85%,$7.47B,$0.32B,4.34%,$7.47B,$0.20B,2.65%,$0.20B,$1.25B,17.10%,$0.20B,$1.25B,17.10%,$0.20B,$1.89B,11.57%,$0.33B,$1.28B,26.95%,$1883,$1642,$241,$0,$202,$1812,$71,$-1,$70,$28,$42,$42,$42,$80,$71,$212,217,$0.19,$0.19,$19,$836,$0,$1151,$652,$0,$0,$43,$735,$1886,$512,$34,$0,$126,$638,$108,$572,$-20,$1247,$1886,$199,$35,$23,$57,$5,$-166,$0,$-43,$-119,$137,$-187,$0,$0,$0,$0,$0,$0,$-187,$-12,$3,$-10,$35,$35,$0,$22,$48,$-2,$32,$0
47,2006-11-30,23.07,$5.59,4.13,$33.51,0.69,$0.40,57.43,$0.92,25.21,$1.05B,$0.44B,2.4,$0.03B,$1.20B,0.03,$7.21B,$0.94B,13.00%,$7.21B,$0.32B,4.41%,$7.21B,$0.32B,4.41%,$7.21B,$0.35B,4.86%,$7.21B,$0.31B,4.34%,$7.21B,$0.19B,2.68%,$0.19B,$1.20B,17.69%,$0.19B,$1.20B,17.69%,$0.19B,$1.71B,11.94%,$0.32B,$1.23B,27.05%,$1768,$1540,$229,$0,$187,$1695,$73,$0,$74,$28,$45,$45,$45,$82,$73,$213,218,$0.21,$0.21,$12,$761,$0,$1046,$585,$0,$0,$48,$659,$1705,$437,$34,$0,$69,$506,$54,$530,$0,$1199,$1705,$156,$25,$11,$36,$24,$-91,$0,$-45,$-55,$138,$-111,$0,$0,$0,$0,$0,$0,$-111,$-76,$3,$-74,$27,$27,$0,$10,$-36,$-9,$26,$0
