,Date,Stock Price,Book Value per Share,Price to Book Ratio,TTM Sales per Share,Price to Sales Ratio,TTM FCF per Share,Price to FCF Ratio,TTM Net EPS,PE Ratio,Current Assets,Current Liabilities,Current Ratio,Long Term Debt,Shareholder's Equity_x,Debt to Equity Ratio,TTM Revenue_x,TTM Gross Profit,Gross Margin,TTM Revenue_y,TTM Operating Income,Operating Margin,TTM Revenue_x,TTM EBIT,EBIT Margin,TTM Revenue_y,TTM EBITDA,EBITDA Margin,TTM Revenue_x,TTM Pre-Tax Income,Pre-Tax Margin,TTM Revenue_y,TTM Net Income_x,Net Margin,TTM Net Income_y,Shareholder's Equity_y,Return on Equity,TTM Net Income_x,Tangible Equity,Return on Tangible Equity,TTM Net Income_y,Total Assets,Return on Assets,TTM Net Income,LT Investments & Debt,Return on Investment,revenue,cost-goods-sold,gross-profit,research-development-expenses,selling-general-administrative-expenses,operating-expenses,operating-income,total-non-operating-income-expense,pre-tax-income,total-provision-income-taxes,income-after-taxes,income-from-continuous-operations,net-income,ebitda,ebit,basic-shares-outstanding,shares-outstanding,eps-basic-net-earnings-per-share,eps-earnings-per-share-diluted,cash-on-hand,inventory,other-current-assets,total-current-assets,net-property-plant-equipment,long-term-investments,goodwill-intangible-assets-total,other-long-term-assets,total-long-term-assets,total-assets,total-current-liabilities,long-term-debt,other-non-current-liabilities,total-long-term-liabilities,total-liabilities,common-stock-net,retained-earnings-accumulated-deficit,comprehensive-income,total-share-holder-equity,total-liabilities-share-holders-equity,net-income-loss,total-depreciation-amortization-cash-flow,other-non-cash-items,total-non-cash-items,change-in-accounts-receivable,change-in-inventories,change-in-accounts-payable,change-in-assets-liabilities,total-change-in-assets-liabilities,cash-flow-from-operating-activities,net-change-in-property-plant-equipment,net-change-in-intangible-assets,net-acquisitions-divestitures,net-change-in-short-term-investments,net-change-in-long-term-investments,net-change-in-investments-total,investing-activities-other,cash-flow-from-investing-activities,net-long-term-debt,net-current-debt,debt-issuance-retirement-net-total,net-common-equity-issued-repurchased,net-total-equity-issued-repurchased,total-common-preferred-stock-dividends-paid,financial-activities-other,cash-flow-from-financial-activities,net-cash-flow,stock-based-compensation,common-stock-dividends-paid
0,2018-09-30,4.85,$4.47,1.08,$2.12,2.29,$-0.16,0.0,$0.09,53.89,$0.16B,$0.18B,0.93,$0.03B,$0.23B,0.13,$0.11B,$0.01B,13.33%,$0.11B,$-0.00B,-0.95%,$0.11B,$-0.00B,-0.95%,$0.11B,$0.00B,2.86%,$0.11B,$0.00B,3.81%,$0.11B,$0.00B,2.86%,$0.00B,$0.23B,1.26%,$0.00B,$0.20B,1.40%,$0.00B,$0.45B,0.67%,$-0.00B,$0.26B,-0.37%,$38,$32,$6,$6,$3,$40,$-2,$-5,$-7,$-1,$-7,$-7,$-7,$-2,$-2,$51,51,$-0.13,$-0.13,$10,$16,$9,$163,$84,$146,$33,$6,$284,$447,$175,$29,$13,$42,$217,$0,$-5,$-20,$230,$447,$-1,$2,$-1,$1,$-51,$2,$132,$-80,$-0,$-1,$-1,$-0,$-3,$0,$1,$1,$2,$-1,$-0,$-3,$-4,$0,$0,$0,$0,$-4,$-6,$0,$0
1,2018-06-30,4.25,$4.76,0.89,$1.97,2.16,$-0.19,0.0,$0.26,16.35,$0.14B,$0.15B,0.94,$0.03B,$0.24B,0.12,$0.10B,$0.01B,13.68%,$0.10B,$0.00B,3.16%,$0.10B,$0.00B,3.16%,$0.10B,$0.01B,8.42%,$0.10B,$0.01B,14.74%,$0.10B,$0.01B,12.63%,$0.01B,$0.24B,5.14%,$0.01B,$0.22B,5.50%,$0.01B,$0.43B,2.70%,$0.00B,$0.27B,1.14%,$16,$14,$2,$1,$4,$19,$-3,$4,$1,$-0,$1,$1,$1,$-2,$-3,$51,51,$0.03,$0.03,$9,$12,$15,$144,$13,$155,$29,$7,$289,$432,$152,$30,$6,$36,$188,$0,$1,$-11,$244,$432,$5,$2,$-6,$-4,$-35,$5,$67,$-36,$-1,$-0,$-0,$-0,$-4,$0,$1,$1,$2,$-1,$-0,$-6,$-6,$0,$0,$0,$0,$-6,$-7,$0,$0
2,2018-03-31,4.85,$4.97,0.98,$2.22,2.19,$-0.24,0.0,$-0.01,0.0,$0.22B,$0.17B,1.29,$0.03B,$0.25B,0.13,$0.11B,$0.02B,14.15%,$0.11B,$0.00B,2.83%,$0.11B,$0.00B,2.83%,$0.11B,$0.01B,7.55%,$0.11B,$0.00B,0.94%,$0.11B,$-0.00B,-0.94%,$-0.00B,$0.25B,-0.45%,$-0.00B,$0.22B,-0.46%,$-0.00B,$0.47B,-0.23%,$0.00B,$0.29B,1.18%,$8,$7,$1,$1,$0,$8,$0,$4,$4,$0,$4,$4,$4,$1,$0,$51,51,$0.07,$0.07,$9,$17,$12,$224,$14,$76,$31,$30,$242,$466,$174,$32,$7,$38,$212,$0,$-0,$1,$253,$466,$4,$1,$-5,$-4,$13,$0,$17,$-30,$-0,$-1,$-0,$-0,$-4,$0,$0,$0,$0,$-4,$0,$-3,$-3,$0,$0,$0,$0,$-3,$-8,$-2,$0
3,2017-12-31,6.8,$4.64,1.46,$2.14,3.17,$-0.53,0.0,$-0.59,0.0,$0.24B,$0.19B,1.29,$0.03B,$0.22B,0.14,$0.10B,$0.02B,14.71%,$0.10B,$-0.03B,-25.49%,$0.10B,$-0.03B,-25.49%,$0.10B,$-0.02B,-20.59%,$0.10B,$-0.03B,-31.37%,$0.10B,$-0.03B,-28.43%,$-0.03B,$0.22B,-13.58%,$-0.03B,$0.22B,-13.63%,$-0.03B,$0.44B,-6.74%,$-0.03B,$0.25B,-10.68%,$43,$38,$5,$1,$-0,$39,$4,$2,$6,$1,$5,$5,$5,$6,$4,$48,48,$0.12,$0.12,$16,$16,$15,$238,$12,$72,$1,$29,$200,$438,$185,$31,$0,$31,$215,$0,$-4,$-6,$223,$438,$-28,$5,$12,$17,$-7,$-3,$69,$-62,$8,$-3,$-1,$-0,$0,$5,$0,$5,$0,$3,$0,$-10,$-10,$0,$0,$0,$3,$-7,$-7,$5,$0
4,2017-09-30,5.75,$4.43,1.3,$1.61,3.56,$-1.61,0.0,$-0.90,0.0,$0.25B,$0.20B,1.23,$0.03B,$0.21B,0.14,$0.08B,$0.01B,15.79%,$0.08B,$-0.06B,-73.68%,$0.08B,$-0.06B,-73.68%,$0.08B,$-0.05B,-68.42%,$0.08B,$-0.05B,-60.53%,$0.08B,$-0.04B,-56.58%,$-0.04B,$0.21B,-19.93%,$-0.04B,$0.21B,-19.98%,$-0.04B,$0.44B,-9.99%,$-0.06B,$0.24B,-22.83%,$28,$24,$5,$1,$2,$27,$2,$1,$3,$1,$2,$2,$2,$3,$2,$48,48,$0.04,$0.04,$24,$15,$15,$246,$13,$69,$1,$35,$198,$444,$201,$30,$0,$30,$231,$0,$-9,$-11,$213,$444,$-34,$4,$13,$17,$-8,$-3,$55,$-33,$16,$-1,$-2,$0,$0,$5,$0,$5,$0,$3,$0,$-4,$-4,$0,$0,$0,$0,$-4,$-1,$5,$0
5,2017-06-30,4.45,$4.29,1.04,$1.16,3.85,$-2.12,0.0,$-0.95,0.0,$0.25B,$0.19B,1.3,$0.03B,$0.21B,0.14,$0.05B,$0.01B,14.81%,$0.05B,$-0.06B,-109.26%,$0.05B,$-0.06B,-109.26%,$0.05B,$-0.05B,-100.00%,$0.05B,$-0.05B,-90.74%,$0.05B,$-0.05B,-85.19%,$-0.05B,$0.21B,-20.47%,$-0.05B,$0.21B,-20.51%,$-0.05B,$0.43B,-10.82%,$-0.06B,$0.24B,-23.91%,$27,$24,$4,$5,$2,$31,$-3,$-8,$-12,$-0,$-12,$-12,$-12,$-2,$-3,$48,48,$-0.24,$-0.24,$30,$13,$15,$249,$14,$67,$1,$38,$179,$427,$192,$30,$0,$30,$221,$0,$-11,$-15,$206,$427,$-36,$2,$13,$15,$-3,$-1,$25,$-2,$19,$-2,$-1,$0,$0,$5,$0,$5,$0,$3,$0,$3,$3,$0,$0,$0,$0,$3,$5,$4,$0
6,2017-03-31,3.8,$4.45,0.85,$1.75,2.18,$-2.16,0.0,$-0.65,0.0,$0.23B,$0.16B,1.4,$0.03B,$0.21B,0.14,$0.08B,$0.01B,14.63%,$0.08B,$-0.06B,-70.73%,$0.08B,$-0.06B,-70.73%,$0.08B,$-0.05B,-64.63%,$0.08B,$-0.03B,-39.02%,$0.08B,$-0.03B,-37.80%,$-0.03B,$0.21B,-13.12%,$-0.03B,$0.21B,-13.15%,$-0.03B,$0.41B,-7.32%,$-0.06B,$0.24B,-23.13%,$4,$4,$1,$21,$9,$33,$-29,$-0,$-29,$-5,$-24,$-24,$-24,$-28,$-29,$48,48,$-0.51,$-0.51,$16,$15,$17,$230,$14,$74,$1,$40,$181,$411,$164,$29,$5,$34,$198,$0,$0,$-18,$212,$411,$-24,$1,$3,$4,$-2,$-3,$10,$2,$6,$-14,$-2,$0,$0,$4,$0,$4,$0,$3,$0,$2,$2,$0,$0,$0,$0,$2,$-9,$2,$0
7,2016-12-31,4.9,$4.87,1.01,$2.73,1.79,$-1.95,0.0,$-0.14,0.0,$0.26B,$0.18B,1.49,$0.03B,$0.23B,0.12,$0.13B,$0.02B,13.95%,$0.13B,$-0.03B,-24.03%,$0.13B,$-0.03B,-24.03%,$0.13B,$-0.03B,-19.38%,$0.13B,$-0.01B,-4.65%,$0.13B,$-0.01B,-5.43%,$-0.01B,$0.23B,-2.85%,$-0.01B,$0.23B,-2.86%,$-0.01B,$0.44B,-1.68%,$-0.03B,$0.26B,-12.28%,$17,$15,$2,$25,$3,$44,$-26,$18,$-8,$0,$-9,$-9,$-9,$-25,$-26,$47,47,$-0.19,$-0.19,$30,$12,$38,$264,$15,$79,$1,$42,$176,$440,$178,$29,$0,$30,$207,$0,$25,$-20,$232,$440,$-7,$5,$22,$27,$-85,$5,$108,$-128,$-70,$-50,$-6,$-0,$0,$-3,$0,$-3,$10,$1,$0,$42,$42,$0,$0,$0,$2,$45,$-5,$15,$0
8,2016-09-30,5.49,$5.22,1.05,$3.62,1.52,$-0.91,0.0,$0.07,78.43,$0.24B,$0.17B,1.38,$0.00B,$0.25B,0.0,$0.17B,$0.02B,14.04%,$0.17B,$-0.01B,-5.85%,$0.17B,$-0.01B,-5.85%,$0.17B,$-0.00B,-2.34%,$0.17B,$0.01B,3.51%,$0.17B,$0.00B,1.75%,$0.00B,$0.25B,1.21%,$0.00B,$0.25B,1.22%,$0.00B,$0.42B,0.75%,$-0.01B,$0.25B,-4.05%,$6,$6,$1,$1,$1,$7,$-1,$1,$-0,$1,$-1,$-1,$-1,$1,$-1,$48,48,$-0.01,$-0.01,$18,$16,$31,$237,$17,$89,$1,$9,$185,$422,$171,$0,$0,$1,$172,$0,$33,$-11,$249,$422,$2,$4,$8,$11,$-60,$2,$117,$-125,$-36,$-23,$-4,$0,$0,$2,$0,$2,$10,$8,$0,$0,$0,$0,$0,$0,$2,$2,$-13,$14,$0
9,2016-06-30,7.15,$5.28,1.35,$4.57,1.57,$-0.38,0.0,$0.13,55.0,$0.24B,$0.17B,1.4,$0.00B,$0.25B,0.0,$0.22B,$0.03B,13.89%,$0.22B,$-0.01B,-5.09%,$0.22B,$-0.01B,-5.09%,$0.22B,$-0.01B,-2.78%,$0.22B,$0.01B,4.17%,$0.22B,$0.01B,2.78%,$0.01B,$0.25B,2.47%,$0.01B,$0.25B,2.48%,$0.01B,$0.42B,1.55%,$-0.01B,$0.25B,-4.53%,$55,$47,$8,$0,$10,$58,$-2,$8,$5,$2,$3,$3,$3,$-1,$-2,$48,48,$0.06,$0.06,$34,$8,$13,$237,$18,$90,$1,$9,$185,$422,$170,$0,$0,$0,$170,$0,$34,$-10,$252,$422,$3,$2,$7,$9,$-55,$9,$98,$-101,$-16,$-4,$-1,$0,$0,$2,$0,$2,$5,$5,$0,$0,$0,$0,$0,$0,$1,$2,$3,$15,$0
10,2016-03-31,7.2,$5.27,1.37,$4.43,1.63,$-0.55,0.0,$0.19,37.89,$0.21B,$0.14B,1.52,$0.00B,$0.25B,0.0,$0.21B,$0.03B,13.40%,$0.21B,$-0.01B,-3.35%,$0.21B,$-0.01B,-3.35%,$0.21B,$-0.00B,-0.96%,$0.21B,$0.01B,5.26%,$0.21B,$0.01B,3.83%,$0.01B,$0.25B,3.37%,$0.01B,$0.25B,3.39%,$0.01B,$0.39B,2.11%,$-0.01B,$0.25B,-2.95%,$51,$44,$7,$0,$8,$52,$-2,$-1,$-3,$-3,$0,$0,$0,$-0,$-2,$47,47,$0.00,$0.00,$33,$26,$0,$211,$20,$88,$1,$0,$176,$387,$139,$0,$0,$0,$139,$0,$31,$-3,$248,$387,$0,$1,$4,$5,$-43,$-8,$52,$-48,$-10,$-5,$-0,$0,$0,$-1,$0,$-1,$3,$1,$0,$0,$0,$0,$0,$0,$0,$0,$-3,$7,$0
11,2015-12-31,10.9,$5.09,2.14,$4.30,2.54,$-0.65,0.0,$0.32,34.06,$0.20B,$0.13B,1.52,$0.00B,$0.24B,0.0,$0.20B,$0.03B,13.37%,$0.20B,$-0.00B,-1.49%,$0.20B,$-0.00B,-1.49%,$0.20B,$0.00B,0.50%,$0.20B,$0.02B,10.40%,$0.20B,$0.01B,6.93%,$0.01B,$0.24B,6.08%,$0.01B,$0.24B,6.11%,$0.01B,$0.37B,3.72%,$-0.00B,$0.24B,-1.30%,$59,$50,$8,$2,$12,$64,$-5,$9,$4,$3,$1,$1,$1,$-4,$-5,$47,47,$0.01,$0.01,$35,$18,$8,$198,$21,$92,$1,$0,$173,$371,$131,$0,$0,$2,$133,$0,$31,$-5,$239,$371,$15,$6,$4,$9,$-16,$-3,$170,$-137,$-30,$-6,$0,$2,$0,$-2,$-2,$-3,$-3,$-4,$0,$3,$3,$0,$0,$0,$-4,$-1,$-10,$22,$0
12,2015-09-30,5.25,$4.94,1.06,$4.28,1.23,$-1.87,0.0,$0.33,15.91,$0.19B,$0.14B,1.4,$0.00B,$0.23B,0.0,$0.20B,$0.03B,12.76%,$0.20B,$0.01B,2.55%,$0.20B,$0.01B,2.55%,$0.20B,$0.01B,4.59%,$0.20B,$0.02B,10.20%,$0.20B,$0.02B,7.65%,$0.02B,$0.23B,6.71%,$0.02B,$0.23B,6.74%,$0.02B,$0.37B,4.12%,$0.01B,$0.23B,2.21%,$51,$43,$7,$1,$9,$53,$-2,$6,$3,$1,$2,$2,$2,$-1,$-2,$47,47,$0.05,$0.05,$27,$32,$0,$190,$22,$84,$1,$0,$178,$368,$135,$0,$0,$0,$136,$0,$30,$-1,$232,$368,$14,$4,$-3,$1,$-20,$-17,$44,$-24,$-16,$-1,$-0,$0,$0,$0,$-2,$-2,$-10,$-12,$0,$1,$1,$0,$0,$0,$-3,$-3,$-15,$12,$0
13,2015-06-30,9.04,$4.89,1.85,$4.22,2.14,$-2.92,0.0,$0.59,15.32,$0.21B,$0.16B,1.3,$0.00B,$0.23B,0.0,$0.19B,$0.02B,12.70%,$0.19B,$0.01B,5.29%,$0.19B,$0.01B,5.29%,$0.19B,$0.01B,7.41%,$0.19B,$0.03B,16.40%,$0.19B,$0.03B,14.29%,$0.03B,$0.23B,12.39%,$0.03B,$0.23B,12.44%,$0.03B,$0.39B,7.59%,$0.01B,$0.23B,4.41%,$48,$41,$6,$1,$4,$46,$2,$5,$7,$1,$5,$5,$5,$3,$2,$47,47,$0.12,$0.12,$32,$28,$7,$210,$24,$84,$1,$0,$184,$394,$162,$1,$0,$2,$164,$0,$28,$6,$230,$394,$12,$3,$-4,$-1,$-14,$-12,$53,$-50,$-23,$-13,$-0,$0,$0,$0,$0,$0,$-1,$-2,$0,$7,$7,$0,$0,$0,$-10,$-3,$-17,$5,$0
14,2015-03-31,12.39,$4.76,2.6,$4.00,3.1,$-3.55,0.0,$0.74,16.74,$0.19B,$0.15B,1.28,$0.00B,$0.22B,0.01,$0.17B,$0.03B,14.37%,$0.17B,$0.01B,6.32%,$0.17B,$0.01B,6.32%,$0.17B,$0.02B,8.62%,$0.17B,$0.04B,20.11%,$0.17B,$0.03B,18.97%,$0.03B,$0.22B,16.97%,$0.03B,$0.22B,17.05%,$0.03B,$0.37B,10.17%,$0.01B,$0.22B,5.31%,$44,$37,$6,$1,$4,$42,$2,$5,$7,$1,$6,$6,$6,$3,$2,$46,46,$0.13,$0.13,$41,$27,$7,$186,$25,$84,$1,$0,$185,$371,$146,$3,$0,$5,$151,$0,$23,$5,$220,$371,$6,$1,$-3,$-2,$-13,$-11,$30,$-20,$-14,$-9,$-0,$0,$0,$0,$0,$0,$-2,$-2,$0,$13,$13,$0,$0,$0,$-12,$1,$-11,$2,$0
15,2014-12-31,14.01,$4.57,3.06,$4.07,3.44,$-3.42,0.0,$0.25,56.04,$0.14B,$0.10B,1.4,$0.01B,$0.21B,0.05,$0.17B,$0.02B,14.12%,$0.17B,$0.01B,3.53%,$0.17B,$0.01B,3.53%,$0.17B,$0.01B,6.47%,$0.17B,$0.01B,8.24%,$0.17B,$0.01B,7.65%,$0.01B,$0.21B,7.68%,$0.01B,$0.21B,7.73%,$0.01B,$0.32B,4.40%,$0.01B,$0.22B,3.23%,$53,$47,$6,$0,$3,$50,$3,$-0,$3,$1,$2,$2,$2,$4,$3,$43,43,$0.07,$0.07,$39,$15,$7,$138,$26,$83,$1,$0,$185,$323,$99,$10,$0,$12,$111,$0,$16,$5,$212,$323,$12,$6,$-10,$-4,$14,$-6,$46,$-59,$-5,$3,$-61,$-2,$-0,$0,$0,$0,$6,$-57,$-13,$-13,$-26,$108,$108,$0,$-13,$69,$14,$0,$0
16,2014-09-30,12.99,$4.53,2.87,$4.29,3.03,$-1.66,0.0,$0.22,59.05,$0.21B,$0.10B,2.07,$0.02B,$0.21B,0.11,$0.17B,$0.03B,17.26%,$0.17B,$0.00B,0.60%,$0.17B,$0.00B,0.60%,$0.17B,$0.01B,4.17%,$0.17B,$-0.00B,-1.19%,$0.17B,$-0.00B,-2.38%,$-0.00B,$0.21B,-2.89%,$-0.00B,$0.21B,-2.91%,$-0.00B,$0.33B,-1.51%,$0.00B,$0.23B,0.63%,$44,$39,$6,$0,$3,$42,$3,$12,$14,$1,$14,$14,$14,$4,$3,$43,44,$0.31,$0.31,$62,$15,$59,$209,$26,$83,$1,$0,$125,$334,$101,$22,$0,$24,$125,$0,$15,$6,$210,$334,$11,$4,$-10,$-6,$17,$-5,$35,$-99,$-51,$-46,$-1,$-2,$-0,$0,$0,$0,$8,$5,$0,$-15,$-15,$107,$107,$0,$-13,$79,$37,$0,$0
17,2014-06-30,14.14,$3.23,4.37,$3.73,3.79,$-0.01,0.0,$-0.30,0.0,$0.15B,$0.12B,1.25,$0.02B,$0.14B,0.12,$0.14B,$0.03B,19.15%,$0.14B,$-0.00B,-0.71%,$0.14B,$-0.00B,-0.71%,$0.14B,$0.01B,4.26%,$0.14B,$-0.02B,-17.02%,$0.14B,$-0.03B,-18.44%,$-0.03B,$0.14B,-23.80%,$-0.03B,$0.14B,-24.02%,$-0.03B,$0.27B,-10.99%,$-0.00B,$0.15B,-0.79%,$33,$26,$7,$1,$4,$30,$3,$9,$11,$0,$11,$11,$11,$4,$3,$41,41,$0.27,$0.27,$11,$18,$53,$146,$27,$80,$1,$0,$124,$270,$117,$16,$0,$17,$135,$0,$1,$6,$136,$270,$-3,$3,$3,$5,$12,$-9,$33,$-76,$-40,$-37,$-0,$-2,$0,$0,$0,$0,$5,$3,$0,$-4,$-4,$38,$38,$0,$0,$34,$-1,$0,$0
18,2014-03-31,16.4,$2.93,5.61,$3.31,4.96,$0.40,41.06,$-0.60,0.0,$0.13B,$0.12B,1.12,$0.02B,$0.12B,0.14,$0.12B,$0.02B,19.17%,$0.12B,$-0.00B,-2.50%,$0.12B,$-0.00B,-2.50%,$0.12B,$0.01B,4.17%,$0.12B,$-0.04B,-30.00%,$0.12B,$-0.04B,-31.67%,$-0.04B,$0.12B,-39.79%,$-0.04B,$0.12B,-40.21%,$-0.04B,$0.26B,-15.95%,$-0.00B,$0.14B,-2.67%,$40,$35,$5,$1,$7,$43,$-3,$-11,$-14,$0,$-14,$-14,$-14,$-1,$-3,$40,40,$-0.36,$-0.36,$20,$14,$16,$131,$28,$80,$1,$0,$124,$255,$118,$17,$0,$18,$136,$0,$-10,$6,$119,$255,$-14,$1,$11,$12,$8,$-5,$23,$-26,$-1,$-3,$-0,$0,$0,$0,$0,$0,$-22,$-22,$0,$-2,$-2,$35,$35,$0,$0,$33,$8,$0,$0
19,2013-12-31,11.79,$2.39,4.93,$2.74,4.3,$0.47,25.05,$-0.17,0.0,$0.08B,$0.09B,0.92,$0.03B,$0.09B,0.32,$0.10B,$0.02B,22.11%,$0.10B,$0.00B,2.11%,$0.10B,$0.00B,2.11%,$0.10B,$0.01B,10.53%,$0.10B,$-0.02B,-21.05%,$0.10B,$-0.02B,-23.16%,$-0.02B,$0.09B,-25.58%,$-0.02B,$0.09B,-25.88%,$-0.02B,$0.20B,-10.21%,$0.00B,$0.12B,1.97%,$51,$39,$11,$2,$11,$52,$-2,$-12,$-13,$1,$-15,$-15,$-15,$-0,$-2,$35,35,$-0.44,$-0.44,$13,$9,$9,$80,$29,$79,$1,$0,$124,$204,$87,$28,$0,$29,$116,$0,$4,$8,$89,$204,$-21,$8,$20,$28,$3,$-1,$13,$-7,$8,$15,$-0,$0,$65,$0,$-81,$-81,$-44,$-60,$0,$-9,$-9,$39,$39,$0,$16,$46,$1,$0,$0
20,2013-09-30,7.78,$2.51,3.1,$2.17,3.58,$-0.61,0.0,$-0.10,0.0,$0.09B,$0.11B,0.79,$0.01B,$0.09B,0.11,$0.07B,$0.02B,21.43%,$0.07B,$0.01B,8.57%,$0.07B,$0.01B,8.57%,$0.07B,$0.01B,18.57%,$0.07B,$-0.00B,-5.71%,$0.07B,$-0.01B,-7.14%,$-0.01B,$0.09B,-6.06%,$-0.01B,$0.09B,-6.15%,$-0.01B,$0.22B,-2.44%,$0.01B,$0.10B,6.37%,$17,$13,$4,$1,$3,$17,$1,$-8,$-8,$0,$-8,$-8,$-8,$3,$1,$37,37,$-0.21,$-0.21,$24,$23,$12,$89,$31,$81,$1,$0,$128,$217,$113,$10,$0,$11,$124,$0,$19,$7,$93,$217,$-6,$6,$8,$14,$16,$-15,$-1,$14,$13,$21,$-0,$0,$13,$-80,$0,$-80,$23,$-44,$-13,$3,$-10,$30,$30,$0,$5,$25,$0,$0,$0
21,2013-06-30,5.62,$2.48,2.26,$2.12,2.65,$-1.70,0.0,$0.13,43.23,$0.15B,$0.18B,0.81,$0.01B,$0.08B,0.16,$0.07B,$0.01B,21.21%,$0.07B,$0.01B,9.09%,$0.07B,$0.01B,9.09%,$0.07B,$0.01B,19.70%,$0.07B,$0.01B,7.58%,$0.07B,$0.00B,6.06%,$0.00B,$0.08B,5.23%,$0.00B,$0.08B,5.32%,$0.00B,$0.28B,2.19%,$0.01B,$0.09B,6.94%,$12,$9,$3,$1,$1,$11,$1,$-2,$-1,$0,$-1,$-1,$-1,$3,$1,$33,33,$-0.03,$-0.03,$21,$18,$71,$149,$32,$81,$1,$0,$129,$277,$183,$13,$0,$13,$197,$0,$26,$7,$81,$277,$1,$4,$0,$5,$9,$-10,$2,$-27,$-22,$-16,$-0,$0,$0,$-80,$0,$-80,$44,$-36,$0,$43,$43,$4,$4,$0,$5,$51,$-2,$0,$0
22,2013-03-31,3.88,$2.48,1.57,$2.10,1.85,$-1.68,0.0,$0.19,20.42,$0.11B,$0.07B,1.62,$0.01B,$0.08B,0.16,$0.07B,$0.01B,20.00%,$0.07B,$0.01B,7.69%,$0.07B,$0.01B,7.69%,$0.07B,$0.01B,16.92%,$0.07B,$0.01B,10.77%,$0.07B,$0.01B,9.23%,$0.01B,$0.08B,8.16%,$0.01B,$0.08B,8.30%,$0.01B,$0.16B,4.09%,$0.01B,$0.09B,6.19%,$15,$11,$3,$1,$1,$13,$2,$0,$2,$0,$2,$2,$2,$4,$2,$32,33,$0.07,$0.07,$12,$11,$41,$114,$34,$0,$1,$0,$49,$164,$70,$13,$0,$13,$83,$0,$27,$6,$81,$164,$2,$2,$-1,$1,$-5,$-3,$2,$2,$-4,$-0,$-0,$0,$-14,$0,$0,$0,$-2,$-16,$0,$-3,$-3,$3,$3,$0,$8,$8,$-8,$0,$0
23,2012-12-31,3.99,$2.35,1.7,$2.15,1.86,$-1.82,0.0,$0.20,19.95,$0.11B,$0.07B,1.49,$0.01B,$0.08B,0.17,$0.06B,$0.01B,20.31%,$0.06B,$0.01B,7.81%,$0.06B,$0.01B,7.81%,$0.06B,$0.01B,15.63%,$0.06B,$0.01B,12.50%,$0.06B,$0.01B,9.38%,$0.01B,$0.08B,8.82%,$0.01B,$0.07B,8.96%,$0.01B,$0.16B,4.44%,$0.01B,$0.09B,6.85%,$26,$22,$5,$1,$2,$25,$2,$1,$3,$1,$2,$2,$2,$3,$2,$29,30,$0.07,$0.07,$28,$8,$29,$109,$36,$0,$1,$0,$51,$160,$73,$13,$0,$13,$86,$0,$25,$6,$75,$160,$6,$5,$-1,$4,$-19,$-1,$4,$-5,$-20,$-11,$-9,$0,$0,$0,$0,$0,$4,$-5,$13,$15,$28,$7,$7,$0,$-9,$26,$10,$0,$0
24,2012-09-30,4.02,$2.32,1.73,$1.65,2.43,$-1.08,0.0,$0.13,30.92,$0.08B,$0.06B,1.45,$0.00B,$0.07B,0.04,$0.05B,$0.01B,20.41%,$0.05B,$0.00B,8.16%,$0.05B,$0.00B,8.16%,$0.05B,$0.01B,18.37%,$0.05B,$0.00B,8.16%,$0.05B,$0.00B,6.12%,$0.00B,$0.07B,4.74%,$0.00B,$0.07B,4.78%,$0.00B,$0.13B,2.44%,$0.00B,$0.07B,6.04%,$13,$10,$3,$1,$1,$11,$1,$-1,$1,$0,$1,$1,$1,$3,$1,$30,31,$0.02,$0.02,$21,$14,$4,$84,$18,$0,$1,$0,$46,$130,$58,$3,$0,$3,$61,$0,$23,$8,$69,$130,$4,$4,$-1,$3,$-13,$-8,$4,$-4,$-20,$-14,$-3,$0,$0,$0,$0,$0,$22,$20,$0,$2,$2,$4,$4,$0,$-13,$-7,$-1,$0,$0
25,2012-06-30,3.09,$2.30,1.34,$1.61,1.92,$-0.55,0.0,$0.12,25.75,$0.09B,$0.06B,1.37,$0.00B,$0.07B,0.03,$0.05B,$0.01B,19.57%,$0.05B,$0.00B,8.70%,$0.05B,$0.00B,8.70%,$0.05B,$0.01B,17.39%,$0.05B,$0.00B,8.70%,$0.05B,$0.00B,4.35%,$0.00B,$0.07B,3.33%,$0.00B,$0.07B,3.35%,$0.00B,$0.13B,1.69%,$0.00B,$0.07B,6.37%,$11,$9,$2,$1,$1,$11,$0,$1,$1,$0,$1,$1,$1,$1,$0,$30,31,$0.03,$0.03,$31,$14,$1,$86,$19,$0,$1,$0,$47,$133,$63,$2,$0,$2,$65,$0,$22,$8,$69,$133,$3,$2,$-2,$1,$-10,$-7,$1,$-1,$-16,$-12,$-3,$0,$0,$0,$0,$0,$23,$21,$0,$9,$9,$4,$4,$0,$-20,$-7,$2,$0,$0
26,2012-03-31,3.42,$2.14,1.6,$1.61,2.13,$-0.23,0.0,$0.22,15.55,$0.08B,$0.06B,1.36,$0.00B,$0.06B,0.05,$0.05B,$0.01B,20.00%,$0.05B,$0.01B,11.11%,$0.05B,$0.01B,11.11%,$0.05B,$0.01B,20.00%,$0.05B,$0.01B,15.56%,$0.05B,$0.01B,11.11%,$0.01B,$0.06B,8.85%,$0.01B,$0.06B,8.85%,$0.01B,$0.12B,4.32%,$0.01B,$0.06B,8.44%,$14,$11,$3,$1,$1,$13,$2,$1,$3,$1,$2,$2,$2,$3,$2,$27,29,$0.09,$0.08,$27,$8,$2,$75,$20,$0,$0,$0,$42,$117,$55,$3,$0,$3,$58,$0,$22,$5,$59,$117,$2,$1,$-1,$0,$-2,$-1,$-2,$-2,$-7,$-4,$-0,$0,$0,$0,$0,$0,$18,$18,$0,$5,$5,$0,$0,$0,$-16,$-11,$3,$0,$0
27,2011-12-31,3.7,$2.03,1.82,$1.40,2.65,$-0.40,0.0,$0.34,10.88,$0.07B,$0.05B,1.33,$0.00B,$0.06B,0.07,$0.04B,$0.01B,20.51%,$0.04B,$0.00B,10.26%,$0.04B,$0.00B,10.26%,$0.04B,$0.01B,20.51%,$0.04B,$0.01B,25.64%,$0.04B,$0.01B,23.08%,$0.01B,$0.06B,16.51%,$0.01B,$0.06B,16.51%,$0.01B,$0.11B,7.68%,$0.00B,$0.06B,6.96%,$11,$9,$2,$1,$1,$11,$1,$-1,$-1,$0,$-1,$-1,$-1,$2,$1,$27,29,$-0.03,$-0.02,$9,$7,$1,$70,$21,$0,$0,$0,$42,$112,$53,$4,$0,$4,$56,$0,$19,$5,$56,$112,$9,$5,$-5,$-0,$3,$-1,$1,$0,$4,$13,$-10,$0,$0,$0,$0,$0,$-12,$-22,$0,$-7,$-7,$0,$0,$0,$11,$4,$-5,$0,$0
28,2011-09-30,2.16,$2.05,1.05,$1.64,1.31,$-0.44,0.0,$0.33,6.55,$0.07B,$0.05B,1.36,$0.00B,$0.06B,0.03,$0.04B,$0.01B,21.43%,$0.04B,$0.00B,9.52%,$0.04B,$0.00B,9.52%,$0.04B,$0.01B,21.43%,$0.04B,$0.01B,26.19%,$0.04B,$0.01B,23.81%,$0.01B,$0.06B,19.42%,$0.01B,$0.06B,19.42%,$0.01B,$0.11B,8.57%,$0.00B,$0.06B,7.14%,$10,$8,$2,$1,$1,$10,$1,$-0,$1,$0,$0,$0,$0,$2,$1,$27,29,$0.01,$0.01,$28,$9,$3,$72,$22,$0,$0,$0,$39,$111,$53,$2,$0,$2,$55,$0,$20,$5,$56,$111,$10,$4,$-7,$-4,$7,$-3,$-2,$-3,$0,$7,$-6,$0,$0,$0,$0,$0,$5,$-1,$0,$-3,$-3,$0,$0,$0,$-8,$-11,$-6,$0,$0
29,2011-06-30,1.81,$2.02,0.9,$1.75,1.04,$-0.15,0.0,$0.24,7.54,$0.09B,$0.07B,1.35,$0.00B,$0.06B,0.03,$0.04B,$0.01B,21.43%,$0.04B,$0.00B,9.52%,$0.04B,$0.00B,9.52%,$0.04B,$0.01B,21.43%,$0.04B,$0.01B,19.05%,$0.04B,$0.01B,19.05%,$0.01B,$0.06B,17.88%,$0.01B,$0.06B,17.88%,$0.01B,$0.12B,7.24%,$0.00B,$0.06B,8.16%,$10,$8,$2,$1,$1,$9,$1,$3,$4,$0,$4,$4,$4,$2,$1,$27,29,$0.13,$0.13,$36,$11,$10,$89,$22,$0,$0,$0,$34,$123,$66,$2,$0,$2,$68,$0,$20,$4,$55,$123,$10,$2,$-8,$-5,$7,$-5,$-2,$-9,$-8,$-4,$-0,$0,$0,$0,$0,$0,$5,$4,$0,$10,$10,$0,$0,$0,$-9,$1,$2,$0,$0
30,2011-03-31,3.07,$1.86,1.65,$1.80,1.71,$0.16,19.3,$0.16,19.19,$0.09B,$0.07B,1.3,$0.00B,$0.05B,0.08,$0.04B,$0.01B,21.43%,$0.04B,$0.00B,9.52%,$0.04B,$0.00B,9.52%,$0.04B,$0.01B,21.43%,$0.04B,$0.01B,11.90%,$0.04B,$0.01B,11.90%,$0.01B,$0.05B,13.16%,$0.01B,$0.05B,13.16%,$0.01B,$0.12B,4.99%,$0.00B,$0.06B,9.52%,$8,$6,$2,$1,$1,$8,$1,$5,$6,$0,$6,$6,$6,$2,$1,$27,29,$0.22,$0.20,$35,$10,$7,$89,$23,$0,$0,$0,$35,$123,$69,$4,$0,$4,$72,$0,$16,$4,$51,$123,$6,$1,$-5,$-4,$1,$-4,$-2,$-7,$-11,$-9,$-0,$0,$0,$0,$0,$0,$5,$5,$0,$14,$14,$0,$0,$0,$-9,$5,$-0,$0,$0
31,2010-12-31,5.27,$1.62,3.25,$1.92,2.74,$0.53,9.95,$-0.05,0.0,$0.07B,$0.06B,1.33,$0.01B,$0.04B,0.21,$0.04B,$0.01B,21.43%,$0.04B,$0.00B,7.14%,$0.04B,$0.00B,7.14%,$0.04B,$0.01B,19.05%,$0.04B,$-0.00B,-2.38%,$0.04B,$-0.00B,-2.38%,$-0.00B,$0.04B,-3.20%,$-0.00B,$0.04B,-3.20%,$-0.00B,$0.11B,-1.14%,$0.00B,$0.05B,8.70%,$14,$11,$3,$1,$1,$13,$1,$-1,$-0,$0,$-0,$-0,$-0,$3,$1,$22,22,$-0.01,$0.00,$25,$6,$0,$74,$24,$0,$0,$0,$35,$110,$56,$9,$0,$9,$65,$0,$10,$3,$44,$110,$-1,$5,$2,$7,$-2,$-0,$0,$1,$-1,$4,$-4,$0,$0,$0,$-0,$-0,$-22,$-26,$27,$12,$38,$2,$2,$0,$-11,$29,$8,$0,$0
32,2010-09-30,4.22,$1.27,3.32,$1.96,2.15,$-0.10,0.0,0,0.0,$0.05B,$0.05B,1.06,$0.00B,$0.03B,0.03,$0.04B,$0.01B,20.93%,$0.04B,$0.00B,6.98%,$0.04B,$0.00B,6.98%,$0.04B,$0.01B,16.28%,$0.04B,0,0.00%,$0.04B,0,0.00%,$0.00B,$0.03B,0.00%,$0.00B,$0.03B,0.00%,$0.00B,$0.09B,0.00%,$0.00B,$0.03B,11.32%,$10,$8,$2,$0,$1,$9,$1,$-3,$-2,$0,$-2,$-2,$-2,$2,$1,$23,23,$-0.08,$-0.08,$13,$11,$0,$54,$22,$0,$0,$0,$33,$86,$51,$1,$6,$7,$57,$0,$10,$3,$29,$86,$-1,$3,$5,$8,$0,$-5,$5,$1,$0,$7,$-1,$0,$0,$0,$0,$0,$-11,$-12,$0,$13,$13,$-1,$-1,$0,$-4,$8,$3,$0,$0
33,2010-06-30,3.13,$1.39,2.26,$1.96,1.6,$-0.82,0.0,$0.11,28.45,$0.05B,$0.05B,1.01,$0.00B,$0.03B,0.04,$0.04B,$0.01B,20.93%,$0.04B,$0.00B,6.98%,$0.04B,$0.00B,6.98%,$0.04B,$0.01B,16.28%,$0.04B,$0.00B,6.98%,$0.04B,$0.00B,6.98%,$0.00B,$0.03B,12.77%,$0.00B,$0.03B,12.77%,$0.00B,$0.08B,4.18%,$0.00B,$0.03B,12.50%,$10,$8,$2,$0,$1,$9,$1,$1,$1,$0,$1,$1,$1,$2,$1,$21,25,$0.06,$0.05,$9,$10,$1,$49,$22,$0,$0,$0,$33,$82,$48,$1,$5,$6,$54,$0,$12,$2,$28,$82,$1,$2,$-0,$2,$3,$-4,$3,$1,$2,$5,$-1,$0,$0,$0,$0,$0,$-15,$-16,$0,$13,$13,$1,$1,$0,$-2,$12,$1,$0,$0
34,2010-03-31,4.92,$1.19,4.15,$1.81,2.71,$-1.41,0.0,$0.07,70.28,$0.04B,$0.04B,0.96,$0.00B,$0.02B,0.05,$0.04B,$0.01B,21.05%,$0.04B,$0.00B,5.26%,$0.04B,$0.00B,5.26%,$0.04B,$0.01B,15.79%,$0.04B,$0.00B,5.26%,$0.04B,$0.00B,5.26%,$0.00B,$0.02B,9.41%,$0.00B,$0.02B,9.41%,$0.00B,$0.07B,2.95%,$0.00B,$0.03B,9.30%,$8,$6,$2,$0,$2,$8,$0,$-0,$-0,$0,$-0,$-0,$-0,$1,$0,$20,20,$-0.01,$-0.01,$9,$9,$1,$40,$22,$0,$0,$0,$33,$73,$41,$1,$7,$8,$49,$0,$11,$2,$24,$73,$-0,$1,$-0,$1,$3,$-3,$0,$1,$0,$1,$-0,$0,$0,$0,$0,$0,$-7,$-7,$0,$9,$9,$0,$0,$0,$-1,$9,$2,$0,$0
35,2009-12-31,4.4,$1.10,4.0,$1.60,2.75,$-1.69,0.0,$0.05,88.0,$0.03B,$0.04B,0.71,$0.00B,$0.02B,0.0,$0.03B,$0.01B,20.59%,$0.03B,$0.00B,5.88%,$0.03B,$0.00B,5.88%,$0.03B,$0.01B,14.71%,$0.03B,$0.00B,2.94%,$0.03B,$0.00B,2.94%,$0.00B,$0.02B,5.06%,$0.00B,$0.02B,5.06%,$0.00B,$0.06B,1.53%,$0.00B,$0.02B,10.13%,$15,$11,$3,$1,$1,$13,$1,$-1,$1,$0,$1,$1,$1,$2,$1,$20,21,$0.04,$0.04,$6,$5,$1,$30,$23,$0,$0,$0,$34,$64,$42,$0,$0,$0,$42,$0,$11,$2,$22,$64,$1,$3,$2,$5,$-7,$-2,$-4,$-2,$-15,$-9,$-4,$-1,$0,$0,$0,$0,$11,$6,$0,$-5,$-5,$0,$0,$0,$7,$2,$0,$0,$0
36,2009-09-30,2.35,$0.98,2.4,$1.38,1.7,$-0.78,0.0,$0.03,78.33,$0.04B,$0.05B,0.72,$0.00B,$0.02B,0.0,$0.03B,$0.01B,21.43%,$0.03B,$0.00B,7.14%,$0.03B,$0.00B,7.14%,$0.03B,$0.00B,14.29%,$0.03B,0,0.00%,$0.03B,0,0.00%,$0.00B,$0.02B,0.00%,$0.00B,$0.02B,0.00%,$0.00B,$0.07B,0.00%,$0.00B,$0.02B,10.67%,$10,$7,$2,$1,$1,$9,$1,$-0,$1,$0,$1,$1,$1,$2,$1,$20,21,$0.03,$0.03,$9,$14,$1,$35,$22,$0,$0,$0,$33,$68,$49,$0,$0,$0,$49,$0,$10,$1,$20,$68,$0,$3,$1,$3,$1,$-11,$3,$-1,$-9,$-5,$-4,$0,$0,$0,$0,$0,$9,$6,$0,$-5,$-5,$0,$0,$0,$5,$0,$1,$0,$0
37,2009-06-30,1.51,$0.93,1.62,$1.39,1.08,$-0.30,0.0,$0.05,30.2,$0.03B,$0.05B,0.7,$0.00B,$0.02B,0.0,$0.03B,$0.01B,22.22%,$0.03B,$0.00B,11.11%,$0.03B,$0.00B,11.11%,$0.03B,$0.00B,14.81%,$0.03B,0,0.00%,$0.03B,0,0.00%,$0.00B,$0.02B,0.00%,$0.00B,$0.02B,0.00%,$0.00B,$0.07B,0.00%,$0.00B,$0.02B,16.44%,$5,$4,$1,$1,$1,$5,$0,$0,$0,$0,$0,$0,$0,$1,$0,$20,21,$0.01,$0.01,$9,$10,$2,$33,$19,$0,$0,$0,$33,$66,$47,$0,$0,$0,$47,$0,$10,$1,$19,$66,$-0,$2,$1,$2,$-0,$-7,$1,$-3,$-9,$-7,$-2,$0,$0,$0,$0,$0,$10,$8,$0,$-4,$-4,$0,$0,$0,$3,$-1,$-0,$0,$0
38,2009-03-31,1.05,$0.91,1.16,$1.76,0.6,$0.28,3.74,$0.16,6.56,$0.03B,$0.04B,0.7,$0.00B,$0.02B,0.0,$0.03B,$0.01B,23.53%,$0.03B,$0.01B,14.71%,$0.03B,$0.01B,14.71%,$0.03B,$0.01B,17.65%,$0.03B,$0.00B,5.88%,$0.03B,$0.00B,5.88%,$0.00B,$0.02B,11.27%,$0.00B,$0.02B,11.27%,$0.00B,$0.06B,3.07%,$0.01B,$0.02B,28.17%,$4,$3,$1,$1,$1,$4,$-0,$-0,$-1,$0,$-1,$-1,$-1,$0,$-0,$20,20,$-0.03,$-0.03,$13,$4,$0,$31,$20,$0,$0,$0,$32,$63,$44,$0,$0,$0,$44,$0,$9,$1,$18,$63,$-1,$1,$0,$1,$1,$-1,$-4,$-1,$-5,$-5,$-0,$0,$0,$0,$0,$0,$6,$6,$0,$-2,$-2,$0,$0,$0,$2,$0,$2,$0,$0
39,2008-12-31,0.78,$0.92,0.85,$2.03,0.39,$0.60,1.3,$0.25,3.14,$0.04B,$0.05B,0.73,$0.00B,$0.02B,0.0,$0.04B,$0.01B,23.08%,$0.04B,$0.01B,17.95%,$0.04B,$0.01B,17.95%,$0.04B,$0.01B,20.51%,$0.04B,$0.00B,10.26%,$0.04B,$0.00B,10.26%,$0.00B,$0.02B,23.88%,$0.00B,$0.02B,23.88%,$0.00B,$0.07B,6.23%,$0.01B,$0.02B,41.79%,$9,$8,$2,$0,$1,$9,$1,$-0,$0,$0,$0,$0,$0,$1,$1,$20,20,$0.02,$0.02,$13,$3,$0,$37,$21,$0,$0,$0,$32,$70,$51,$0,$0,$0,$51,$0,$10,$1,$18,$70,$5,$2,$0,$2,$4,$0,$4,$0,$8,$15,$-9,$0,$-0,$0,$0,$0,$-13,$-22,$0,$17,$17,$0,$0,$0,$-11,$6,$-1,$0,$0
40,2008-09-30,1.94,$0.90,2.16,$2.07,0.94,$0.51,3.78,$0.23,8.43,$0.04B,$0.05B,0.79,$0.00B,$0.02B,0.0,$0.04B,$0.01B,23.68%,$0.04B,$0.01B,18.42%,$0.04B,$0.01B,18.42%,$0.04B,$0.01B,23.68%,$0.04B,$0.01B,13.16%,$0.04B,$0.01B,13.16%,$0.01B,$0.02B,32.26%,$0.01B,$0.02B,32.26%,$0.01B,$0.07B,8.16%,$0.01B,$0.02B,45.16%,$9,$7,$2,$0,$1,$8,$2,$-1,$1,$-0,$1,$1,$1,$2,$2,$20,20,$0.05,$0.05,$14,$9,$0,$39,$18,$0,$0,$0,$28,$67,$49,$0,$0,$0,$49,$0,$10,$1,$18,$67,$4,$1,$0,$2,$0,$-5,$3,$1,$-1,$5,$-4,$0,$-0,$0,$0,$0,$-4,$-8,$0,$15,$15,$0,$0,$0,$-10,$6,$2,$0,$0
41,2008-06-30,4.12,$0.85,4.86,$2.05,2.01,$0.52,7.86,$0.22,18.73,$0.03B,$0.04B,0.77,$0.00B,$0.02B,0.0,$0.04B,$0.01B,21.05%,$0.04B,$0.01B,15.79%,$0.04B,$0.01B,15.79%,$0.04B,$0.01B,21.05%,$0.04B,$0.01B,13.16%,$0.04B,$0.01B,13.16%,$0.01B,$0.02B,35.71%,$0.01B,$0.02B,35.71%,$0.01B,$0.06B,8.81%,$0.01B,$0.02B,42.86%,$12,$9,$3,$0,$1,$10,$2,$-0,$2,$-0,$2,$2,$2,$3,$2,$20,20,$0.12,$0.12,$7,$5,$0,$33,$16,$0,$0,$0,$27,$61,$44,$0,$0,$0,$44,$0,$9,$1,$17,$61,$4,$1,$0,$1,$-3,$-2,$5,$0,$1,$5,$-2,$0,$-0,$0,$0,$0,$-6,$-9,$0,$8,$8,$0,$0,$0,$-5,$3,$-1,$0,$0
