,Date,Stock Price,Book Value per Share,Price to Book Ratio,TTM Sales per Share,Price to Sales Ratio,TTM FCF per Share,Price to FCF Ratio,TTM Net EPS,PE Ratio,Current Assets,Current Liabilities,Current Ratio,Long Term Debt,Shareholder's Equity_x,Debt to Equity Ratio,TTM Revenue_x,TTM Gross Profit,Gross Margin,TTM Revenue_y,TTM Operating Income,Operating Margin,TTM Revenue_x,TTM EBIT,EBIT Margin,TTM Revenue_y,TTM EBITDA,EBITDA Margin,TTM Revenue_x,TTM Pre-Tax Income,Pre-Tax Margin,TTM Revenue_y,TTM Net Income_x,Net Margin,TTM Net Income_y,Shareholder's Equity_y,Return on Equity,TTM Net Income_x,Tangible Equity,Return on Tangible Equity,TTM Net Income_y,Total Assets,Return on Assets,TTM Net Income,LT Investments & Debt,Return on Investment,revenue,cost-goods-sold,gross-profit,research-development-expenses,selling-general-administrative-expenses,operating-expenses,operating-income,total-non-operating-income-expense,pre-tax-income,total-provision-income-taxes,income-after-taxes,income-from-continuous-operations,net-income,ebitda,ebit,basic-shares-outstanding,shares-outstanding,eps-basic-net-earnings-per-share,eps-earnings-per-share-diluted,cash-on-hand,inventory,other-current-assets,total-current-assets,net-property-plant-equipment,long-term-investments,goodwill-intangible-assets-total,other-long-term-assets,total-long-term-assets,total-assets,total-current-liabilities,long-term-debt,other-non-current-liabilities,total-long-term-liabilities,total-liabilities,common-stock-net,retained-earnings-accumulated-deficit,comprehensive-income,total-share-holder-equity,total-liabilities-share-holders-equity,net-income-loss,total-depreciation-amortization-cash-flow,other-non-cash-items,total-non-cash-items,change-in-accounts-receivable,change-in-inventories,change-in-accounts-payable,change-in-assets-liabilities,total-change-in-assets-liabilities,cash-flow-from-operating-activities,net-change-in-property-plant-equipment,net-change-in-intangible-assets,net-acquisitions-divestitures,net-change-in-short-term-investments,net-change-in-long-term-investments,net-change-in-investments-total,investing-activities-other,cash-flow-from-investing-activities,net-long-term-debt,net-current-debt,debt-issuance-retirement-net-total,net-common-equity-issued-repurchased,net-total-equity-issued-repurchased,total-common-preferred-stock-dividends-paid,financial-activities-other,cash-flow-from-financial-activities,net-cash-flow,stock-based-compensation,common-stock-dividends-paid
0,2018-09-30,34.48,$30.73,1.12,$29.68,1.16,$3.76,9.16,$4.00,8.62,$0.97B,$0.68B,1.43,$0.67B,$5.40B,0.13,$5.31B,$3.36B,63.19%,$5.31B,$0.67B,12.64%,$5.31B,$0.67B,12.64%,$5.31B,$1.09B,20.59%,$5.31B,$0.49B,9.19%,$5.31B,$0.72B,13.47%,$0.72B,$5.40B,13.40%,$0.72B,$1.05B,72.61%,$0.72B,$7.93B,9.22%,$0.67B,$6.07B,11.29%,$1347,$492,$854,$0,$543,$1202,$144,$-3,$141,$35,$106,$106,$106,$253,$144,$177,178,$0.60,$0.60,$160,$0,$78,$972,$2558,$0,$4351,$51,$6960,$7932,$680,$673,$456,$1856,$2536,$2,$1155,$0,$5396,$7932,$269,$319,$22,$341,$-17,$0,$0,$-10,$-29,$581,$-352,$0,$0,$-19,$21,$2,$-117,$-467,$1,$0,$1,$-88,$-88,$-32,$-4,$-123,$-10,$0,$-32
1,2018-06-30,38.21,$30.21,1.26,$27.13,1.41,$3.19,11.97,$3.44,11.11,$0.94B,$0.64B,1.47,$0.58B,$5.40B,0.11,$4.48B,$2.83B,63.18%,$4.48B,$0.53B,11.89%,$4.48B,$0.53B,11.89%,$4.48B,$0.89B,19.89%,$4.48B,$0.35B,7.81%,$4.48B,$0.61B,13.67%,$0.61B,$5.40B,11.82%,$0.61B,$1.04B,71.76%,$0.61B,$7.75B,8.00%,$0.53B,$5.97B,9.21%,$1332,$499,$833,$0,$535,$1207,$124,$-5,$119,$27,$92,$92,$91,$231,$124,$178,179,$0.51,$0.51,$188,$0,$66,$941,$2403,$0,$4360,$49,$6812,$7754,$641,$578,$454,$1716,$2357,$2,$1160,$0,$5396,$7754,$162,$211,$-10,$201,$9,$0,$0,$-1,$13,$376,$-141,$0,$-102,$-17,$18,$1,$9,$-233,$-107,$-5,$-112,$11,$11,$-22,$-4,$-127,$17,$0,$-22
2,2018-03-31,45.94,$29.78,1.54,$23.07,1.99,$3.09,14.87,$3.21,14.32,$0.90B,$0.62B,1.45,$0.57B,$5.31B,0.11,$3.43B,$2.18B,63.68%,$3.43B,$0.44B,12.76%,$3.43B,$0.44B,12.76%,$3.43B,$0.72B,20.99%,$3.43B,$0.26B,7.59%,$3.43B,$0.54B,15.77%,$0.54B,$5.31B,13.45%,$0.54B,$0.95B,83.56%,$0.54B,$7.66B,8.48%,$0.44B,$5.87B,9.31%,$1271,$469,$802,$0,$529,$1177,$94,$-4,$90,$19,$71,$71,$70,$198,$94,$178,179,$0.39,$0.39,$157,$0,$54,$896,$2346,$0,$4363,$40,$6761,$7656,$618,$565,$493,$1729,$2347,$2,$1080,$0,$5309,$7656,$71,$105,$-18,$87,$22,$0,$0,$-3,$52,$209,$-14,$0,$-102,$-5,$6,$0,$4,$-111,$-34,$-70,$-104,$4,$4,$-11,$-3,$-114,$-15,$2,$-11
3,2017-12-31,43.6,$29.44,1.48,$19.31,2.26,$2.66,16.37,$2.87,15.17,$0.92B,$0.61B,1.52,$0.62B,$5.24B,0.12,$2.43B,$1.56B,64.16%,$2.43B,$0.37B,15.09%,$2.43B,$0.37B,15.09%,$2.43B,$0.57B,23.63%,$2.43B,$0.19B,7.96%,$2.43B,$0.49B,20.00%,$0.49B,$5.24B,16.97%,$0.49B,$0.91B,107.48%,$0.49B,$7.68B,9.48%,$0.37B,$5.86B,10.08%,$1359,$493,$866,$0,$537,$1050,$309,$-5,$138,$-310,$448,$448,$448,$411,$309,$178,179,$2.52,$2.50,$173,$0,$63,$923,$2384,$0,$4329,$47,$6760,$7683,$610,$617,$538,$1834,$2443,$2,$1017,$0,$5240,$7683,$485,$207,$-287,$-80,$-48,$0,$0,$-5,$-87,$319,$-304,$0,$0,$-2,$11,$9,$22,$-274,$62,$-18,$44,$13,$13,$-25,$-8,$24,$69,$6,$-25
4,2017-09-30,41.38,$26.97,1.53,$15.29,2.71,$4.49,9.22,$0.90,45.92,$0.93B,$0.70B,1.33,$0.65B,$4.80B,0.14,$1.36B,$0.88B,64.87%,$1.36B,$0.11B,8.27%,$1.36B,$0.11B,8.27%,$1.36B,$0.25B,18.15%,$1.36B,$0.09B,6.64%,$1.36B,$0.06B,4.35%,$0.06B,$4.80B,3.38%,$0.06B,$0.52B,14.46%,$0.06B,$7.55B,1.70%,$0.11B,$5.45B,4.73%,$522,$190,$332,$0,$222,$516,$6,$-3,$3,$-1,$4,$4,$4,$52,$6,$103,104,$0.04,$0.04,$221,$0,$49,$928,$2297,$0,$4275,$36,$6620,$7548,$701,$650,$489,$2049,$2750,$2,$581,$0,$4798,$7548,$38,$105,$12,$117,$-6,$0,$0,$-8,$-18,$136,$-62,$0,$0,$-3,$3,$-0,$99,$36,$33,$0,$33,$10,$10,$-15,$-9,$19,$191,$0,$-15
5,2017-06-30,51.25,$7.42,6.91,$13.72,3.73,$5.20,9.85,$1.25,40.99,$0.60B,$0.41B,1.45,$0.89B,$0.72B,1.24,$1.11B,$0.74B,66.07%,$1.11B,$0.14B,12.84%,$1.11B,$0.14B,12.84%,$1.11B,$0.18B,15.89%,$1.11B,$0.13B,11.22%,$1.11B,$0.08B,7.09%,$0.08B,$0.72B,11.29%,$0.08B,$0.20B,26.40%,$0.08B,$2.59B,3.49%,$0.14B,$1.60B,9.93%,$273,$92,$181,$0,$113,$245,$28,$1,$29,$11,$18,$18,$18,$58,$28,$81,81,$0.22,$0.22,$124,$17,$2,$598,$1459,$0,$511,$23,$1992,$2591,$412,$887,$178,$1464,$1876,$1,$18,$0,$715,$2591,$33,$59,$8,$67,$15,$0,$0,$2,$21,$121,$-23,$0,$0,$0,$0,$0,$6,$-16,$0,$-18,$-18,$6,$6,$-10,$-2,$-24,$81,$0,$-10
6,2017-03-31,43.36,$7.11,6.1,$20.73,2.09,$6.52,6.65,$1.42,30.61,$0.62B,$0.43B,1.43,$0.94B,$0.68B,1.37,$1.85B,$1.20B,64.54%,$1.85B,$0.19B,10.20%,$1.85B,$0.19B,10.20%,$1.85B,$0.26B,14.14%,$1.85B,$0.16B,8.69%,$1.85B,$0.10B,5.61%,$0.10B,$0.68B,15.45%,$0.10B,$0.17B,38.73%,$0.10B,$2.64B,4.50%,$0.19B,$1.62B,12.76%,$271,$94,$177,$0,$116,$249,$23,$1,$23,$8,$15,$15,$15,$52,$23,$80,81,$0.19,$0.18,$140,$17,$5,$615,$1483,$0,$515,$24,$2022,$2637,$429,$937,$180,$1526,$1955,$1,$-8,$0,$682,$2637,$15,$30,$3,$32,$15,$0,$0,$-1,$18,$65,$-12,$0,$0,$0,$0,$0,$6,$-6,$-18,$0,$-18,$2,$2,$-5,$-2,$-23,$37,$1,$-5
7,2016-12-31,45.71,$9.83,4.65,$27.15,1.68,$7.18,6.36,$1.68,27.2,$0.19B,$0.08B,2.42,$0.02B,$0.79B,0.03,$2.55B,$1.65B,64.51%,$2.55B,$0.22B,8.55%,$2.55B,$0.22B,8.55%,$2.55B,$0.33B,13.10%,$2.55B,$0.18B,7.18%,$2.55B,$0.12B,4.75%,$0.12B,$0.79B,18.49%,$0.12B,$0.74B,49.24%,$0.12B,$1.08B,5.11%,$0.22B,$0.81B,14.11%,$289,$100,$189,$0,$115,$234,$55,$0,$35,$12,$22,$22,$22,$84,$55,$80,81,$0.28,$0.27,$8,$0,$18,$190,$803,$0,$50,$33,$888,$1079,$79,$20,$13,$211,$290,$1,$562,$0,$789,$1079,$95,$116,$-2,$114,$-11,$0,$0,$11,$34,$243,$-89,$0,$0,$-14,$0,$-14,$2,$-101,$0,$-94,$-94,$-27,$-27,$-20,$-3,$-143,$-1,$4,$-20
8,2016-09-30,39.68,$6.42,6.18,$34.28,1.16,$5.83,6.8,$1.86,21.32,$0.65B,$0.42B,1.55,$1.12B,$0.61B,1.83,$3.35B,$2.16B,64.43%,$3.35B,$0.29B,8.50%,$3.35B,$0.29B,8.50%,$3.35B,$0.28B,8.33%,$3.35B,$0.26B,7.85%,$3.35B,$0.17B,5.13%,$0.17B,$0.61B,28.14%,$0.17B,$0.09B,211.69%,$0.17B,$2.75B,6.08%,$0.29B,$1.73B,15.67%,$281,$92,$189,$0,$116,$244,$37,$1,$38,$14,$24,$24,$24,$-17,$37,$80,81,$0.30,$0.29,$154,$16,$12,$654,$1554,$0,$524,$23,$2100,$2754,$422,$1119,$162,$1720,$2142,$1,$-80,$0,$612,$2754,$73,$86,$-3,$83,$-0,$0,$0,$7,$36,$192,$-76,$0,$0,$-14,$0,$-14,$1,$-89,$0,$-60,$-60,$-31,$-31,$-15,$-3,$-108,$-5,$3,$-15
9,2016-06-30,36.76,$6.33,5.81,$41.07,0.9,$6.07,6.05,$1.82,20.21,$0.69B,$0.40B,1.73,$1.16B,$0.61B,1.9,$4.14B,$2.63B,63.65%,$4.14B,$0.32B,7.81%,$4.14B,$0.32B,7.81%,$4.14B,$0.44B,10.69%,$4.14B,$0.28B,6.84%,$4.14B,$0.18B,4.45%,$0.18B,$0.61B,30.10%,$0.18B,$0.08B,238.19%,$0.18B,$2.77B,6.38%,$0.32B,$1.76B,17.84%,$1012,$371,$641,$0,$439,$938,$74,$-9,$65,$22,$43,$43,$43,$143,$74,$97,98,$0.44,$0.44,$196,$16,$8,$694,$1529,$0,$528,$23,$2079,$2773,$400,$1156,$162,$1764,$2164,$1,$-92,$0,$609,$2773,$75,$141,$-26,$115,$6,$3,$0,$15,$54,$244,$2,$0,$0,$0,$0,$0,$3,$6,$-38,$-115,$-153,$-86,$-86,$0,$-0,$-239,$11,$4,$0
10,2016-03-31,36.17,$6.20,5.83,$40.92,0.88,$4.78,7.56,$1.86,19.44,$0.73B,$0.38B,1.94,$1.27B,$0.61B,2.09,$4.18B,$2.64B,63.10%,$4.18B,$0.35B,8.30%,$4.18B,$0.35B,8.30%,$4.18B,$0.47B,11.12%,$4.18B,$0.30B,7.20%,$4.18B,$0.19B,4.59%,$0.19B,$0.61B,31.89%,$0.19B,$0.08B,301.18%,$0.19B,$2.87B,6.58%,$0.35B,$1.87B,18.82%,$968,$342,$626,$0,$445,$915,$52,$-7,$45,$14,$32,$32,$32,$124,$52,$98,99,$0.32,$0.32,$223,$18,$10,$728,$1583,$0,$532,$25,$2140,$2868,$375,$1266,$160,$1886,$2261,$1,$-120,$0,$607,$2868,$32,$72,$-10,$61,$15,$-0,$0,$11,$39,$132,$-0,$0,$0,$0,$-0,$-0,$-2,$-3,$-51,$0,$-51,$-44,$-44,$0,$-0,$-94,$35,$1,$0
11,2015-12-31,33.51,$6.18,5.43,$40.95,0.82,$4.22,7.94,$1.90,17.61,$0.71B,$0.40B,1.77,$1.29B,$0.62B,2.09,$4.23B,$2.63B,62.24%,$4.23B,$0.37B,8.75%,$4.23B,$0.37B,8.75%,$4.23B,$0.48B,11.37%,$4.23B,$0.32B,7.52%,$4.23B,$0.20B,4.68%,$0.20B,$0.62B,34.20%,$0.20B,$0.08B,542.47%,$0.20B,$2.92B,6.78%,$0.37B,$1.91B,20.19%,$1090,$387,$703,$0,$450,$968,$122,$-7,$115,$42,$73,$73,$73,$29,$122,$101,102,$0.72,$0.71,$186,$18,$9,$706,$1651,$0,$536,$27,$2214,$2920,$399,$1290,$150,$1904,$2303,$1,$-139,$0,$617,$2920,$118,$111,$3,$114,$10,$0,$0,$-2,$-26,$206,$-149,$-4,$0,$13,$0,$13,$2,$-138,$0,$-22,$-22,$-35,$-35,$-20,$2,$-76,$-8,$7,$-20
12,2015-09-30,33.2,$5.95,5.58,$41.29,0.8,$5.82,5.7,$1.76,18.82,$0.73B,$0.66B,1.09,$1.09B,$0.61B,1.77,$4.28B,$2.60B,60.81%,$4.28B,$0.38B,8.88%,$4.28B,$0.38B,8.88%,$4.28B,$0.65B,15.12%,$4.28B,$0.29B,6.87%,$4.28B,$0.18B,4.28%,$0.18B,$0.61B,33.75%,$0.18B,$0.07B,-4066.67%,$0.18B,$2.97B,6.28%,$0.38B,$1.70B,20.78%,$1065,$403,$662,$0,$459,$990,$75,$-17,$58,$21,$36,$36,$36,$146,$75,$103,104,$0.35,$0.35,$135,$19,$11,$725,$1679,$0,$541,$30,$2249,$2974,$664,$1085,$153,$1698,$2362,$1,$-185,$0,$612,$2974,$125,$204,$-13,$191,$25,$-0,$0,$5,$41,$357,$-184,$0,$0,$0,$1,$1,$-21,$-204,$-354,$143,$-211,$8,$8,$0,$-1,$-204,$-51,$5,$0
13,2015-06-30,36.99,$5.57,6.64,$41.44,0.89,$6.08,6.08,$1.90,19.44,$0.72B,$0.40B,1.8,$1.33B,$0.57B,2.32,$4.29B,$2.54B,59.17%,$4.29B,$0.40B,9.37%,$4.29B,$0.40B,9.37%,$4.29B,$0.66B,15.39%,$4.29B,$0.31B,7.23%,$4.29B,$0.20B,4.59%,$0.20B,$0.57B,40.22%,$0.20B,$0.03B,-321.63%,$0.20B,$2.91B,6.85%,$0.40B,$1.90B,21.71%,$1059,$411,$648,$0,$428,$961,$98,$-16,$83,$32,$51,$51,$51,$166,$98,$103,104,$0.50,$0.49,$136,$19,$8,$715,$1615,$0,$545,$35,$2194,$2909,$398,$1326,$149,$1939,$2337,$1,$-221,$0,$572,$2909,$89,$132,$-22,$110,$24,$0,$0,$23,$49,$248,$-120,$0,$0,$0,$6,$6,$-22,$-136,$-114,$-57,$-171,$5,$5,$0,$2,$-163,$-51,$3,$0
14,2015-03-31,44.61,$5.02,8.88,$41.66,1.07,$6.06,7.36,$1.81,24.71,$0.72B,$0.43B,1.68,$1.32B,$0.52B,2.56,$4.31B,$2.47B,57.41%,$4.31B,$0.40B,9.24%,$4.31B,$0.40B,9.24%,$4.31B,$0.65B,15.10%,$4.31B,$0.29B,6.78%,$4.31B,$0.19B,4.32%,$0.19B,$0.52B,42.88%,$0.19B,$-0.03B,-153.09%,$0.19B,$2.88B,6.52%,$0.40B,$1.83B,21.84%,$1015,$396,$619,$0,$418,$940,$75,$-13,$62,$24,$38,$38,$38,$140,$75,$102,104,$0.38,$0.36,$149,$18,$3,$721,$1569,$0,$549,$38,$2156,$2877,$429,$1315,$153,$1933,$2362,$1,$-272,$-1,$515,$2877,$38,$65,$-8,$57,$24,$1,$0,$18,$33,$128,$-49,$0,$0,$0,$6,$6,$-14,$-57,$-55,$-57,$-112,$3,$3,$0,$1,$-108,$-36,$1,$0
15,2014-12-31,46.56,$4.60,10.13,$41.66,1.12,$5.73,8.13,$1.57,29.67,$0.76B,$0.42B,1.8,$1.42B,$0.47B,3.02,$4.30B,$2.39B,55.50%,$4.30B,$0.37B,8.58%,$4.30B,$0.37B,8.58%,$4.30B,$0.62B,14.40%,$4.30B,$0.25B,5.82%,$4.30B,$0.16B,3.72%,$0.16B,$0.47B,42.05%,$0.16B,$-0.08B,-89.39%,$0.16B,$2.89B,5.63%,$0.37B,$1.89B,20.45%,$1140,$467,$673,$0,$415,$1007,$132,$-41,$91,$33,$58,$58,$58,$195,$132,$102,103,$0.58,$0.56,$175,$19,$3,$756,$1542,$0,$553,$42,$2137,$2893,$421,$1421,$144,$2002,$2422,$1,$-310,$-2,$470,$2893,$161,$248,$-12,$237,$-63,$-1,$0,$33,$-2,$396,$-173,$0,$0,$0,$1,$1,$32,$-140,$-215,$0,$-215,$13,$13,$0,$-8,$-210,$46,$5,$0
16,2014-09-30,37.89,$3.95,9.6,$41.13,0.92,$6.25,6.06,$1.44,26.23,$0.74B,$0.45B,1.64,$1.39B,$0.40B,3.44,$4.23B,$2.30B,54.35%,$4.23B,$0.34B,8.03%,$4.23B,$0.34B,8.03%,$4.23B,$0.59B,13.91%,$4.23B,$0.24B,5.60%,$4.23B,$0.15B,3.47%,$0.15B,$0.40B,44.01%,$0.15B,$-0.16B,-63.98%,$0.15B,$2.83B,5.21%,$0.34B,$1.79B,19.05%,$1075,$477,$598,$0,$384,$977,$97,$-23,$74,$24,$50,$50,$50,$159,$97,$102,103,$0.49,$0.49,$147,$21,$6,$744,$1484,$0,$557,$47,$2088,$2832,$453,$1386,$143,$1977,$2430,$1,$-369,$-3,$402,$2832,$103,$186,$-36,$150,$-38,$-2,$0,$30,$40,$293,$-94,$0,$0,$0,$0,$0,$21,$-73,$-206,$0,$-206,$8,$8,$0,$-10,$-208,$11,$4,$0
17,2014-06-30,32.88,$3.41,9.63,$40.79,0.81,$6.23,5.28,$1.25,26.3,$0.75B,$0.44B,1.73,$1.44B,$0.35B,4.13,$4.19B,$2.26B,53.83%,$4.19B,$0.33B,7.80%,$4.19B,$0.33B,7.80%,$4.19B,$0.58B,13.84%,$4.19B,$0.22B,5.23%,$4.19B,$0.13B,3.03%,$0.13B,$0.35B,43.46%,$0.13B,$-0.21B,-46.06%,$0.13B,$2.82B,4.49%,$0.33B,$1.78B,18.18%,$1076,$494,$582,$0,$373,$982,$94,$-29,$65,$25,$40,$40,$40,$156,$94,$102,103,$0.39,$0.39,$152,$21,$9,$752,$1450,$0,$562,$51,$2063,$2815,$436,$1435,$142,$2031,$2467,$1,$-419,$-4,$348,$2815,$53,$124,$-24,$100,$-44,$-2,$0,$35,$31,$183,$-58,$0,$0,$0,$-0,$-0,$12,$-46,$-120,$0,$-120,$6,$6,$0,$-9,$-123,$14,$2,$0
18,2014-03-31,31.99,$2.97,10.76,$40.44,0.79,$6.27,5.1,$1.28,25.04,$0.74B,$0.46B,1.6,$1.45B,$0.30B,4.81,$4.14B,$2.23B,53.91%,$4.14B,$0.33B,8.04%,$4.14B,$0.33B,8.04%,$4.14B,$0.59B,14.14%,$4.14B,$0.23B,5.57%,$4.14B,$0.14B,3.31%,$0.14B,$0.30B,48.71%,$0.14B,$-0.26B,-47.12%,$0.14B,$2.82B,4.92%,$0.33B,$1.76B,18.65%,$1008,$475,$533,$0,$371,$962,$46,$-26,$20,$8,$12,$12,$12,$109,$46,$102,103,$0.13,$0.13,$119,$18,$18,$735,$1469,$0,$566,$51,$2085,$2820,$460,$1454,$134,$2058,$2518,$1,$-459,$-5,$302,$2820,$12,$63,$-7,$56,$-37,$1,$0,$21,$8,$76,$-32,$0,$0,$0,$-0,$-0,$7,$-25,$-52,$-17,$-69,$3,$3,$0,$1,$-64,$-13,$1,$0
19,2013-12-31,25.37,$2.80,9.07,$40.30,0.63,$6.46,3.93,$1.39,18.26,$0.73B,$0.38B,1.91,$1.53B,$0.28B,5.39,$4.12B,$2.22B,53.96%,$4.12B,$0.36B,8.67%,$4.12B,$0.36B,8.67%,$4.12B,$0.61B,14.74%,$4.12B,$0.26B,6.22%,$4.12B,$0.16B,3.76%,$0.16B,$0.28B,57.41%,$0.16B,$-0.29B,-50.61%,$0.16B,$2.81B,5.66%,$0.36B,$1.81B,20.14%,$1075,$487,$588,$0,$377,$973,$103,$-24,$78,$33,$45,$45,$45,$165,$103,$101,102,$0.44,$0.44,$136,$18,$19,$734,$1448,$0,$570,$57,$2075,$2809,$384,$1528,$129,$2141,$2525,$1,$-471,$-6,$284,$2809,$155,$250,$86,$337,$-17,$-1,$0,$-6,$-18,$474,$-199,$0,$-150,$0,$-4,$-4,$41,$-312,$-136,$0,$-136,$14,$14,$0,$-34,$-156,$6,$5,$0
20,2013-09-30,22.77,$2.32,9.81,$42.57,0.53,$6.52,3.49,$1.42,16.08,$0.73B,$0.43B,1.68,$1.61B,$0.24B,6.85,$4.33B,$2.31B,53.48%,$4.33B,$0.38B,8.87%,$4.33B,$0.38B,8.87%,$4.33B,$0.64B,14.79%,$4.33B,$0.27B,6.31%,$4.33B,$0.18B,4.09%,$0.18B,$0.24B,65.19%,$0.18B,$-0.34B,-57.28%,$0.18B,$2.86B,6.47%,$0.38B,$1.84B,21.53%,$1032,$479,$553,$0,$359,$948,$84,$-28,$56,$26,$30,$30,$30,$150,$84,$101,102,$0.29,$0.29,$126,$18,$10,$728,$1505,$0,$574,$57,$2136,$2864,$433,$1608,$116,$2197,$2630,$1,$-516,$-7,$235,$2864,$110,$188,$56,$243,$-19,$-1,$0,$-17,$2,$356,$-161,$0,$-150,$0,$0,$0,$35,$-276,$-58,$0,$-58,$10,$10,$0,$-35,$-82,$-2,$3,$0
21,2013-06-30,23.1,$3.01,7.67,$42.38,0.55,$6.31,3.66,$1.40,16.47,$0.61B,$0.37B,1.66,$1.43B,$0.30B,4.7,$4.29B,$2.28B,53.15%,$4.29B,$0.38B,8.79%,$4.29B,$0.38B,8.79%,$4.29B,$0.64B,14.86%,$4.29B,$0.27B,6.20%,$4.29B,$0.18B,4.22%,$0.18B,$0.30B,70.02%,$0.18B,$-0.27B,-55.48%,$0.18B,$2.64B,6.77%,$0.38B,$1.73B,21.34%,$1029,$469,$560,$0,$355,$929,$100,$-23,$77,$27,$50,$50,$50,$162,$100,$101,102,$0.50,$0.49,$113,$16,$17,$613,$1400,$0,$578,$51,$2030,$2643,$370,$1429,$114,$1968,$2339,$1,$-594,$-7,$304,$2643,$80,$122,$32,$154,$-31,$0,$0,$9,$12,$246,$-117,$0,$0,$0,$-5,$-5,$33,$-89,$-138,$0,$-138,$6,$6,$0,$-35,$-167,$-10,$1,$0
22,2013-03-31,22.03,$2.55,8.64,$40.98,0.54,$5.97,3.69,$1.32,16.7,$0.67B,$0.37B,1.8,$1.45B,$0.26B,5.64,$4.13B,$2.19B,53.07%,$4.13B,$0.36B,8.81%,$4.13B,$0.36B,8.81%,$4.13B,$0.62B,15.00%,$4.13B,$0.24B,5.91%,$4.13B,$0.17B,3.99%,$0.17B,$0.26B,76.57%,$0.17B,$-0.33B,-44.18%,$0.17B,$2.64B,6.21%,$0.36B,$1.70B,20.57%,$982,$460,$521,$0,$348,$912,$70,$-25,$45,$15,$30,$30,$30,$130,$70,$101,102,$0.31,$0.29,$114,$16,$16,$667,$1338,$0,$583,$52,$1973,$2640,$371,$1447,$114,$2013,$2383,$1,$-637,$-8,$257,$2640,$30,$60,$11,$72,$-22,$-0,$0,$3,$9,$111,$-47,$0,$-7,$0,$0,$0,$29,$-26,$-71,$0,$-71,$3,$3,$0,$-32,$-100,$-15,$1,$0
23,2012-12-31,19.95,$2.89,6.91,$39.51,0.5,$5.94,3.36,$1.14,17.51,$0.74B,$0.38B,1.94,$1.56B,$0.29B,5.39,$3.98B,$2.11B,53.13%,$3.98B,$0.35B,8.85%,$3.98B,$0.35B,8.85%,$3.98B,$0.61B,15.29%,$3.98B,$0.20B,5.08%,$3.98B,$0.14B,3.55%,$0.14B,$0.29B,80.46%,$0.14B,$-0.30B,-33.73%,$0.14B,$2.79B,5.33%,$0.35B,$1.85B,19.89%,$1284,$604,$680,$0,$418,$1154,$130,$-35,$95,$28,$67,$67,$67,$198,$130,$100,101,$0.67,$0.67,$128,$18,$32,$742,$1398,$0,$587,$66,$2050,$2792,$383,$1564,$113,$2118,$2502,$1,$-602,$-8,$290,$2792,$140,$256,$58,$314,$-18,$1,$0,$2,$-7,$447,$-171,$0,$-22,$0,$0,$0,$25,$-169,$-283,$0,$-283,$0,$0,$0,$-24,$-306,$-28,$5,$0
24,2012-09-30,18.77,$1.82,10.32,$39.72,0.47,$4.87,3.86,$1.03,18.26,$0.65B,$0.34B,1.91,$1.59B,$0.18B,8.72,$4.00B,$2.12B,52.91%,$4.00B,$0.34B,8.38%,$4.00B,$0.34B,8.38%,$4.00B,$0.60B,14.95%,$4.00B,$0.18B,4.48%,$4.00B,$0.12B,3.08%,$0.12B,$0.18B,94.80%,$0.12B,$-0.41B,-26.30%,$0.12B,$2.62B,4.72%,$0.34B,$1.78B,19.03%,$993,$475,$518,$0,$341,$915,$77,$-28,$49,$15,$34,$34,$34,$147,$77,$100,100,$0.33,$0.33,$116,$18,$15,$645,$1311,$0,$591,$69,$1971,$2616,$337,$1594,$117,$2096,$2433,$1,$-707,$-8,$183,$2616,$85,$188,$42,$230,$-42,$-1,$0,$-20,$-30,$285,$-115,$0,$-18,$0,$0,$0,$24,$-109,$-195,$0,$-195,$0,$0,$0,$-20,$-215,$-39,$4,$0
25,2012-06-30,20.9,$1.32,15.87,$38.44,0.54,$4.13,5.06,$1.06,19.8,$0.61B,$0.32B,1.9,$1.61B,$0.13B,12.18,$3.87B,$2.07B,53.41%,$3.87B,$0.35B,8.99%,$3.87B,$0.35B,8.99%,$3.87B,$0.60B,15.56%,$3.87B,$0.18B,4.68%,$3.87B,$0.12B,3.10%,$0.12B,$0.13B,125.65%,$0.12B,$-0.46B,-23.70%,$0.12B,$2.57B,4.63%,$0.35B,$1.74B,19.81%,$873,$399,$474,$0,$304,$786,$87,$-31,$55,$22,$34,$34,$34,$145,$87,$100,101,$0.33,$0.33,$107,$18,$13,$605,$1302,$0,$595,$71,$1968,$2573,$319,$1611,$116,$2121,$2441,$1,$-756,$-8,$132,$2573,$40,$118,$30,$148,$-26,$-0,$0,$-1,$-22,$166,$-74,$0,$-15,$0,$0,$0,$23,$-65,$-138,$0,$-138,$0,$0,$0,$-9,$-147,$-47,$3,$0
26,2012-03-31,23.0,$0.95,24.13,$38.16,0.6,$3.49,6.6,$0.92,25.09,$0.65B,$0.38B,1.69,$1.61B,$0.10B,16.81,$3.85B,$2.05B,53.31%,$3.85B,$0.33B,8.68%,$3.85B,$0.33B,8.68%,$3.85B,$0.59B,15.39%,$3.85B,$0.16B,4.13%,$3.85B,$0.11B,2.76%,$0.11B,$0.10B,160.61%,$0.11B,$-0.50B,-19.63%,$0.11B,$2.60B,4.09%,$0.33B,$1.71B,18.80%,$827,$386,$441,$0,$302,$769,$58,$-55,$3,$-4,$6,$6,$6,$118,$58,$100,101,$0.06,$0.06,$120,$22,$21,$646,$1288,$0,$599,$66,$1954,$2599,$383,$1609,$114,$2121,$2504,$1,$-790,$-9,$96,$2599,$6,$60,$12,$72,$-15,$-5,$0,$-3,$-8,$70,$-10,$0,$0,$0,$-11,$-11,$10,$-11,$-88,$0,$-88,$0,$0,$0,$-6,$-93,$-34,$1,$0
27,2011-12-31,20.3,$1.07,18.96,$37.57,0.54,$3.16,6.43,$0.89,22.84,$0.67B,$0.32B,2.11,$1.71B,$0.11B,15.9,$3.78B,$2.03B,53.59%,$3.78B,$0.32B,8.55%,$3.78B,$0.32B,8.55%,$3.78B,$0.58B,15.40%,$3.78B,$0.16B,4.29%,$3.78B,$0.10B,2.73%,$0.10B,$0.11B,260.76%,$0.10B,$-0.50B,-18.05%,$0.10B,$2.64B,3.99%,$0.32B,$1.82B,18.00%,$1306,$623,$683,$0,$434,$1193,$113,$-41,$72,$23,$49,$49,$49,$188,$113,$100,101,$0.50,$0.50,$154,$17,$14,$668,$1300,$0,$604,$69,$1973,$2640,$317,$1710,$110,$2216,$2533,$1,$-775,$-11,$108,$2640,$103,$259,$49,$308,$-55,$-8,$0,$-14,$-70,$340,$-172,$0,$0,$0,$0,$0,$23,$-150,$-199,$0,$-199,$63,$63,$0,$-21,$-157,$33,$7,$0
28,2011-09-30,17.21,$0.46,37.58,$41.70,0.41,$0.01,0.0,$-0.39,0.0,$0.57B,$0.33B,1.73,$1.71B,$0.05B,37.26,$3.25B,$1.79B,55.12%,$3.25B,$0.29B,8.82%,$3.25B,$0.29B,8.82%,$3.25B,$0.53B,16.26%,$3.25B,$0.00B,0.00%,$3.25B,$0.01B,0.18%,$0.01B,$0.05B,-72.73%,$0.01B,$-0.56B,-0.96%,$0.01B,$2.54B,0.23%,$0.29B,$1.76B,16.04%,$864,$394,$469,$0,$297,$774,$90,$-39,$51,$20,$31,$31,$31,$151,$90,$100,100,$0.31,$0.31,$115,$18,$27,$574,$1292,$0,$608,$70,$1971,$2544,$331,$1714,$122,$2167,$2498,$1,$-833,$-13,$46,$2544,$54,$184,$34,$218,$-57,$-8,$0,$-17,$-55,$217,$-121,$0,$0,$0,$0,$0,$18,$-103,$-181,$0,$-181,$63,$63,$0,$-4,$-121,$-7,$6,$0
29,2011-06-30,21.88,$0.14,153.63,$50.61,0.43,$-0.11,0.0,$-0.71,0.0,$0.60B,$0.34B,1.77,$1.81B,$0.01B,126.49,$3.15B,$1.77B,56.12%,$3.15B,$0.28B,8.87%,$3.15B,$0.28B,8.87%,$3.15B,$0.52B,16.43%,$3.15B,$-0.05B,-1.56%,$3.15B,$-0.03B,-0.83%,$-0.03B,$0.01B,11.49%,$-0.03B,$-0.60B,3.07%,$-0.03B,$2.59B,-1.00%,$0.28B,$1.82B,15.83%,$850,$392,$458,$0,$305,$778,$73,$-39,$33,$13,$20,$20,$20,$135,$73,$100,101,$0.19,$0.19,$141,$18,$24,$595,$1318,$0,$613,$66,$1997,$2592,$336,$1809,$118,$2242,$2577,$1,$-864,$-13,$14,$2592,$23,$124,$18,$142,$-55,$-8,$0,$-12,$-42,$122,$-95,$0,$0,$0,$0,$0,$-7,$-101,$-83,$0,$-83,$63,$63,$0,$-3,$-24,$-3,$5,$0
30,2011-03-31,24.7,$-0.10,-253.83,$59.23,0.42,$-0.61,0.0,$-1.33,0.0,$0.53B,$0.33B,1.62,$1.79B,$-0.01B,-183.06,$3.03B,$1.73B,57.07%,$3.03B,$0.27B,8.80%,$3.03B,$0.27B,8.80%,$3.03B,$0.50B,16.49%,$3.03B,$-0.10B,-3.30%,$3.03B,$-0.07B,-2.27%,$-0.07B,$-0.01B,15.77%,$-0.07B,$-0.63B,6.50%,$-0.07B,$2.56B,-2.66%,$0.27B,$1.78B,15.57%,$759,$344,$415,$0,$291,$712,$47,$-41,$6,$2,$3,$3,$3,$108,$47,$99,100,$0.03,$0.03,$107,$12,$12,$534,$1315,$0,$617,$54,$2021,$2556,$330,$1788,$143,$2236,$2565,$1,$-883,$-15,$-10,$2556,$3,$61,$3,$64,$-38,$-2,$0,$1,$-7,$60,$-34,$0,$0,$0,$0,$0,$2,$-32,$-117,$0,$-117,$63,$63,$0,$0,$-54,$-26,$2,$0
31,2010-12-31,24.3,$-0.87,-28.07,$66.77,0.36,$-0.81,0.0,$-2.35,0.0,$0.51B,$0.33B,1.57,$1.88B,$-0.08B,-22.6,$2.93B,$1.69B,57.66%,$2.93B,$0.24B,8.30%,$2.93B,$0.24B,8.30%,$2.93B,$0.49B,16.56%,$2.93B,$-0.17B,-5.77%,$2.93B,$-0.13B,-4.27%,$-0.13B,$-0.08B,19.55%,$-0.13B,$-0.71B,9.85%,$-0.13B,$2.57B,-4.78%,$0.24B,$1.80B,14.42%,$780,$329,$451,$0,$298,$704,$77,$-167,$-90,$-42,$-48,$-48,$-48,$135,$77,$46,46,$-0.97,$-0.97,$132,$10,$9,$512,$1340,$0,$622,$59,$2056,$2568,$326,$1880,$142,$2325,$2651,$1,$-887,$-20,$-83,$2568,$-125,$241,$73,$315,$-27,$0,$0,$-50,$-131,$58,$-126,$0,$0,$0,$0,$0,$-52,$-179,$-648,$0,$-648,$764,$764,$0,$-65,$52,$-68,$23,$0
32,2010-09-30,23.72,$-15.27,-1.55,$65.10,0.36,$3.30,7.18,$-2.29,0.0,$0.56B,$0.46B,1.22,$2.48B,$-0.83B,-3.0,$2.82B,$1.57B,55.88%,$2.82B,$0.21B,7.56%,$2.82B,$0.21B,7.56%,$2.82B,$0.46B,16.33%,$2.82B,$-0.12B,-4.08%,$2.82B,$-0.11B,-4.05%,$-0.11B,$-0.83B,13.65%,$-0.11B,$-1.45B,7.76%,$-0.11B,$2.67B,-4.38%,$0.21B,$1.65B,13.11%,$758,$316,$442,$0,$284,$676,$82,$-80,$2,$3,$-1,$-1,$-1,$139,$82,$43,43,$-0.03,$-0.03,$130,$10,$16,$560,$1347,$0,$627,$97,$2106,$2666,$459,$2479,$191,$3033,$3492,$0,$-838,$-26,$-826,$2666,$-77,$183,$-3,$180,$-55,$0,$0,$9,$11,$114,$-78,$0,$0,$0,$0,$0,$-43,$-120,$-51,$0,$-51,$0,$0,$0,$-1,$-52,$-58,$0,$0
33,2010-06-30,24.76,$-15.37,-1.61,$59.77,0.41,$4.91,5.04,$-2.28,0.0,$0.49B,$0.40B,1.24,$2.47B,$-0.83B,-2.97,$2.72B,$1.53B,56.31%,$2.72B,$0.18B,6.51%,$2.72B,$0.18B,6.51%,$2.72B,$0.43B,15.85%,$2.72B,$-0.12B,-4.30%,$2.72B,$-0.12B,-4.30%,$-0.12B,$-0.83B,23.34%,$-0.12B,$-1.46B,11.95%,$-0.12B,$2.59B,-5.56%,$0.18B,$1.63B,13.22%,$736,$313,$423,$0,$284,$675,$61,$-79,$-18,$5,$-23,$-23,$-23,$118,$61,$43,43,$-0.53,$-0.53,$88,$9,$12,$489,$1326,$0,$632,$103,$2102,$2592,$395,$2466,$201,$3028,$3423,$0,$-836,$-33,$-831,$2592,$-76,$127,$-10,$117,$-35,$1,$0,$5,$-8,$33,$-43,$0,$0,$0,$0,$0,$-32,$-75,$-47,$0,$-47,$0,$0,$0,$0,$-46,$-89,$0,$0
34,2010-03-31,25.72,$-15.13,-1.7,$54.38,0.47,$5.37,4.79,$-1.85,0.0,$0.53B,$0.43B,1.24,$2.48B,$-0.82B,-3.03,$2.61B,$1.50B,57.24%,$2.61B,$0.14B,5.47%,$2.61B,$0.14B,5.47%,$2.61B,$0.41B,15.62%,$2.61B,$-0.13B,-4.90%,$2.61B,$-0.13B,-4.79%,$-0.13B,$-0.82B,74.07%,$-0.13B,$-1.46B,25.59%,$-0.13B,$2.64B,-7.70%,$0.14B,$1.66B,13.55%,$655,$282,$373,$0,$259,$632,$23,$-86,$-63,$-10,$-53,$-53,$-53,$93,$23,$43,43,$-1.22,$-1.22,$136,$9,$13,$527,$1327,$0,$637,$107,$2112,$2639,$426,$2476,$195,$3031,$3457,$0,$-813,$-43,$-818,$2639,$-53,$70,$-15,$55,$-18,$1,$0,$-2,$13,$15,$-12,$0,$0,$0,$0,$0,$-23,$-35,$-9,$0,$-9,$0,$0,$0,$0,$-9,$-29,$0,$0
35,2009-12-31,23.46,$-20.00,-1.17,$50.61,0.46,$5.25,4.47,$-0.86,0.0,$0.35B,$0.37B,0.96,$2.42B,$-0.87B,-2.8,$2.57B,$1.52B,58.90%,$2.57B,$0.13B,5.13%,$2.57B,$0.13B,5.13%,$2.57B,$0.40B,15.44%,$2.57B,$-0.11B,-4.20%,$2.57B,$-0.12B,-4.51%,$-0.12B,$-0.87B,-73.42%,$-0.12B,$-1.51B,4640.00%,$-0.12B,$2.51B,-10.27%,$0.13B,$1.55B,17.30%,$668,$332,$336,$0,$293,$621,$47,$-83,$-36,$321,$-357,$-37,$-37,$110,$47,$43,43,$-0.86,$-0.86,$141,$10,$4,$354,$1365,$0,$642,$107,$2160,$2514,$370,$2420,$205,$3009,$3380,$0,$-760,$-54,$-866,$2514,$-436,$264,$321,$264,$7,$-0,$0,$7,$-35,$115,$-1,$0,$0,$0,$0,$0,$0,$-1,$-31,$-6,$-31,$0,$0,$0,$-19,$-56,$58,$0,$0
36,2009-09-30,20.35,$0.00,0.0,$35.17,0.58,$2.62,7.75,0,0.0,$0.18B,$0.04B,4.54,$0.00B,$0.40B,0.0,$1.90B,$1.18B,61.92%,$1.90B,$0.09B,4.46%,$1.90B,$0.09B,4.46%,$1.90B,$0.29B,15.07%,$1.90B,$-0.07B,-3.78%,$1.90B,$-0.08B,-4.15%,$-0.08B,$0.51B,-29.98%,$-0.08B,$0.51B,-81.44%,$-0.08B,$0.67B,-6.79%,$0.09B,$0.51B,9.66%,$660,$261,$399,$0,$267,$614,$46,$-46,$-0,$4,$-4,$-4,$-4,$110,$46,$54,54,$-0.07,$-0.07,$72,$0,$0,$183,$0,$0,$0,$0,$0,$671,$40,$0,$0,$0,$161,$0,$395,$0,$510,$0,$-79,$201,$2,$203,$5,$1,$0,$-8,$-24,$101,$32,$0,$0,$0,$0,$0,$2,$34,$195,$-6,$189,$0,$0,$0,$0,$189,$324,$0,$0
