,Date,Stock Price,Book Value per Share,Price to Book Ratio,TTM Sales per Share,Price to Sales Ratio,TTM FCF per Share,Price to FCF Ratio,TTM Net EPS,PE Ratio,Current Assets,Current Liabilities,Current Ratio,Long Term Debt,Shareholder's Equity_x,Debt to Equity Ratio,TTM Revenue_x,TTM Gross Profit,Gross Margin,TTM Revenue_y,TTM Operating Income,Operating Margin,TTM Revenue_x,TTM EBIT,EBIT Margin,TTM Revenue_y,TTM EBITDA,EBITDA Margin,TTM Revenue_x,TTM Pre-Tax Income,Pre-Tax Margin,TTM Revenue_y,TTM Net Income_x,Net Margin,TTM Net Income_y,Shareholder's Equity_y,Return on Equity,TTM Net Income_x,Tangible Equity,Return on Tangible Equity,TTM Net Income_y,Total Assets,Return on Assets,TTM Net Income,LT Investments & Debt,Return on Investment,revenue,cost-goods-sold,gross-profit,research-development-expenses,selling-general-administrative-expenses,operating-expenses,operating-income,total-non-operating-income-expense,pre-tax-income,total-provision-income-taxes,income-after-taxes,income-from-continuous-operations,net-income,ebitda,ebit,basic-shares-outstanding,shares-outstanding,eps-basic-net-earnings-per-share,eps-earnings-per-share-diluted,cash-on-hand,inventory,other-current-assets,total-current-assets,net-property-plant-equipment,long-term-investments,goodwill-intangible-assets-total,other-long-term-assets,total-long-term-assets,total-assets,total-current-liabilities,long-term-debt,other-non-current-liabilities,total-long-term-liabilities,total-liabilities,common-stock-net,retained-earnings-accumulated-deficit,comprehensive-income,total-share-holder-equity,total-liabilities-share-holders-equity,net-income-loss,total-depreciation-amortization-cash-flow,other-non-cash-items,total-non-cash-items,change-in-accounts-receivable,change-in-inventories,change-in-accounts-payable,change-in-assets-liabilities,total-change-in-assets-liabilities,cash-flow-from-operating-activities,net-change-in-property-plant-equipment,net-change-in-intangible-assets,net-acquisitions-divestitures,net-change-in-short-term-investments,net-change-in-long-term-investments,net-change-in-investments-total,investing-activities-other,cash-flow-from-investing-activities,net-long-term-debt,net-current-debt,debt-issuance-retirement-net-total,net-common-equity-issued-repurchased,net-total-equity-issued-repurchased,total-common-preferred-stock-dividends-paid,financial-activities-other,cash-flow-from-financial-activities,net-cash-flow,stock-based-compensation,common-stock-dividends-paid
0,2018-09-30,46.19,$4.74,9.74,$7.51,6.15,$2.91,15.89,$0.65,71.06,$33.41B,$31.43B,1.06,$25.52B,$20.18B,1.27,$32.31B,$20.57B,63.67%,$32.31B,$8.32B,25.75%,$32.31B,$8.32B,25.75%,$32.31B,$9.46B,29.28%,$32.31B,$8.50B,26.31%,$32.31B,$2.81B,8.70%,$2.81B,$20.18B,13.90%,$2.81B,$3.32B,82.86%,$2.81B,$86.88B,3.14%,$8.32B,$45.70B,17.02%,$8245,$3059,$5186,$0,$2505,$5719,$2526,$321,$2847,$528,$2319,$2319,$1880,$2780,$2526,$4255,4295,$0.44,$0.44,$18847,$2627,$0,$33413,$7404,$21950,$16855,$4535,$53464,$86877,$31430,$25523,$7246,$35269,$66699,$1760,$64028,$-12070,$20178,$86877,$5549,$807,$773,$1580,$0,$0,$0,$-1649,$-1649,$5480,$-822,$0,$756,$0,$4270,$4270,$33,$4237,$-2193,$0,$-2193,$-705,$-705,$-3321,$-165,$-6384,$2692,$167,$-3321
1,2018-06-30,43.86,$4.74,9.25,$7.69,5.7,$2.92,15.02,$0.54,81.22,$36.02B,$31.40B,1.15,$28.06B,$20.18B,1.39,$33.14B,$21.07B,63.57%,$33.14B,$8.04B,24.26%,$33.14B,$8.04B,24.26%,$33.14B,$9.22B,27.83%,$33.14B,$7.33B,22.11%,$33.14B,$2.38B,7.18%,$2.38B,$20.18B,11.48%,$2.38B,$3.31B,60.08%,$2.38B,$89.59B,2.63%,$8.04B,$48.24B,15.73%,$8927,$3252,$5675,$0,$2723,$6200,$2727,$156,$2883,$594,$2289,$2289,$2316,$3010,$2727,$4255,4290,$0.54,$0.54,$19354,$2881,$0,$36024,$7688,$21619,$16862,$4401,$53569,$89593,$31398,$28063,$7367,$38019,$69417,$1760,$63808,$-11774,$20176,$89593,$3731,$553,$485,$1038,$0,$0,$0,$-2161,$-2161,$2608,$-550,$0,$86,$0,$2788,$2788,$17,$2341,$-453,$0,$-453,$-717,$-717,$-1662,$-58,$-2890,$1602,$121,$-1662
2,2018-03-31,43.04,$5.08,8.48,$7.85,5.48,$3.03,14.21,$0.32,134.52,$38.04B,$31.48B,1.21,$29.79B,$21.62B,1.38,$33.92B,$21.44B,63.20%,$33.92B,$7.35B,21.67%,$33.92B,$7.35B,21.67%,$33.92B,$8.55B,25.21%,$33.92B,$7.07B,20.84%,$33.92B,$1.43B,4.23%,$1.43B,$21.62B,6.76%,$1.43B,$4.60B,32.92%,$1.43B,$93.28B,1.58%,$7.35B,$51.41B,13.99%,$7626,$2738,$4888,$0,$2541,$5815,$1811,$22,$1833,$506,$1327,$1327,$1368,$2081,$1811,$4265,4306,$0.32,$0.32,$21373,$2937,$213,$38042,$7977,$22517,$17020,$4428,$55240,$93282,$31480,$29792,$8079,$40185,$71665,$1760,$63150,$-10038,$21617,$93282,$1400,$270,$255,$525,$0,$0,$0,$-1312,$-1312,$613,$-231,$0,$-180,$0,$1710,$1710,$22,$1321,$806,$0,$806,$-450,$-450,$0,$-72,$284,$1918,$72,$0
3,2017-12-31,45.07,$4.46,10.12,$8.18,5.51,$3.02,14.93,$0.27,166.93,$36.55B,$27.19B,1.34,$31.18B,$18.98B,1.64,$35.41B,$22.15B,62.56%,$35.41B,$7.50B,21.18%,$35.41B,$7.50B,21.18%,$35.41B,$8.76B,24.74%,$35.41B,$6.74B,19.04%,$35.41B,$1.25B,3.52%,$1.25B,$18.98B,5.79%,$1.25B,$2.34B,29.15%,$1.25B,$87.90B,1.38%,$7.50B,$50.16B,14.07%,$7512,$2690,$4822,$0,$2719,$6256,$1256,$-319,$937,$3755,$-2818,$-2818,$-2752,$1590,$1256,$4272,4324,$-0.65,$-0.63,$20675,$2655,$219,$36545,$8203,$21952,$16636,$4230,$51351,$87896,$27194,$31182,$8021,$41725,$68919,$1760,$60430,$-10305,$18977,$87896,$1283,$1260,$923,$2183,$0,$0,$0,$3529,$3529,$6995,$-1571,$0,$-79,$-609,$0,$-609,$-126,$-2385,$1089,$0,$1089,$-2087,$-2087,$-6320,$-91,$-7409,$-2549,$219,$-6320
4,2017-09-30,43.86,$5.20,8.44,$8.60,5.1,$3.30,13.31,$1.05,41.77,$38.40B,$27.63B,1.39,$32.47B,$22.15B,1.47,$37.31B,$22.95B,61.51%,$37.31B,$7.60B,20.37%,$37.31B,$7.60B,20.37%,$37.31B,$8.99B,24.10%,$37.31B,$6.32B,16.94%,$37.31B,$4.55B,12.20%,$4.55B,$22.15B,20.10%,$4.55B,$5.59B,107.84%,$4.55B,$90.52B,5.05%,$7.60B,$54.62B,14.07%,$9078,$3394,$5684,$0,$3245,$6833,$2245,$-571,$1674,$230,$1444,$1444,$1447,$2542,$2245,$4266,4320,$0.34,$0.33,$27357,$2608,$1782,$38404,$8306,$22761,$16564,$4480,$52111,$90515,$27633,$32471,$3946,$40730,$68363,$1760,$64759,$-9843,$22152,$90515,$4000,$926,$2387,$3313,$0,$0,$0,$-1451,$-1451,$5862,$-1122,$0,$2252,$0,$-758,$-758,$-101,$271,$2475,$0,$2475,$-1767,$-1767,$-3165,$-42,$-2499,$3678,$167,$-3165
5,2017-06-30,43.36,$5.18,8.38,$8.94,4.85,$3.40,12.74,$0.96,45.17,$38.96B,$28.83B,1.35,$31.81B,$22.09B,1.44,$38.86B,$23.77B,61.15%,$38.86B,$7.63B,19.62%,$38.86B,$7.63B,19.62%,$38.86B,$9.14B,23.52%,$38.86B,$6.07B,15.63%,$38.86B,$4.15B,10.68%,$4.15B,$22.09B,17.54%,$4.15B,$4.90B,108.56%,$4.15B,$91.15B,4.57%,$7.63B,$53.89B,13.91%,$9702,$3659,$6043,$0,$3180,$7665,$2037,$587,$2624,$1252,$1372,$1372,$1371,$2338,$2037,$4273,4327,$0.32,$0.32,$27224,$2790,$2057,$38961,$8672,$22003,$17192,$4318,$52185,$91146,$28830,$31805,$4092,$40227,$69057,$1760,$64890,$-10489,$22089,$91146,$2556,$629,$1625,$2254,$0,$0,$0,$-1468,$-1468,$3342,$-790,$0,$1535,$0,$-1706,$-1706,$-240,$-1201,$3676,$0,$3676,$-1280,$-1280,$-1584,$-15,$797,$2868,$114,$-1584
6,2017-03-31,40.69,$5.40,7.54,$9.33,4.36,$3.45,11.81,$1.43,28.46,$40.25B,$28.66B,1.41,$31.54B,$23.07B,1.37,$40.70B,$24.79B,60.91%,$40.70B,$8.45B,20.76%,$40.70B,$8.45B,20.76%,$40.70B,$10.11B,24.83%,$40.70B,$7.75B,19.04%,$40.70B,$6.23B,15.30%,$6.23B,$23.07B,25.06%,$6.23B,$4.30B,183.93%,$6.23B,$91.20B,6.80%,$8.45B,$54.61B,15.26%,$9118,$3513,$5605,$0,$3352,$7155,$1963,$-456,$1507,$323,$1184,$1184,$1182,$2291,$1963,$4287,4334,$0.28,$0.27,$25205,$2885,$5789,$40251,$9746,$17983,$18767,$4454,$50950,$91201,$28656,$31538,$4041,$39478,$68134,$1760,$65099,$-10206,$23067,$91201,$1184,$328,$786,$1114,$0,$0,$0,$-1534,$-1534,$764,$-424,$0,$1093,$0,$631,$631,$31,$1331,$2481,$0,$2481,$-910,$-910,$0,$-36,$1535,$3270,$55,$0
7,2016-12-31,39.41,$5.42,7.28,$9.57,4.12,$3.39,11.62,$1.50,26.27,$34.01B,$26.53B,1.28,$29.68B,$23.22B,1.28,$41.86B,$25.40B,60.67%,$41.86B,$8.63B,20.61%,$41.86B,$8.63B,20.61%,$41.86B,$10.41B,24.87%,$41.86B,$8.14B,19.43%,$41.86B,$6.53B,15.59%,$6.53B,$23.22B,25.74%,$6.53B,$2.09B,252.52%,$6.53B,$87.27B,7.12%,$8.63B,$52.90B,15.75%,$9409,$3794,$5615,$0,$3580,$8054,$1355,$-840,$515,$-32,$547,$547,$550,$1819,$1355,$4317,4367,$0.13,$0.12,$22201,$2675,$2797,$34010,$10635,$17249,$21128,$4248,$53260,$87270,$26532,$29684,$4081,$37518,$64050,$1760,$65502,$-11205,$23220,$87270,$6550,$1787,$680,$2467,$0,$0,$0,$-221,$-221,$8796,$-2112,$0,$197,$1125,$0,$1125,$-209,$-999,$1666,$0,$1666,$-2247,$-2247,$-6043,$79,$-6545,$1246,$258,$-6043
8,2016-09-30,39.89,$6.09,6.55,$9.69,4.12,$3.69,10.81,$1.65,24.17,$37.96B,$27.79B,1.37,$31.66B,$26.25B,1.21,$42.45B,$25.73B,60.60%,$42.45B,$8.79B,20.70%,$42.45B,$8.79B,20.70%,$42.45B,$10.64B,25.06%,$42.45B,$9.16B,21.57%,$42.45B,$7.21B,16.99%,$7.21B,$26.25B,27.75%,$7.21B,$4.00B,292.09%,$7.21B,$93.93B,7.81%,$8.79B,$57.91B,15.97%,$10633,$4131,$6502,$0,$4009,$8362,$2271,$-843,$1428,$378,$1050,$1050,$1046,$2691,$2271,$4315,4364,$0.24,$0.24,$25569,$2751,$2463,$37956,$11172,$18027,$22246,$4526,$55971,$93927,$27792,$31663,$3984,$39890,$67682,$1760,$66457,$-10209,$26245,$93927,$6003,$1323,$305,$1628,$0,$0,$0,$-908,$-908,$6723,$-1469,$0,$-22,$477,$0,$477,$-319,$-1333,$2261,$0,$2261,$-1214,$-1214,$-3028,$198,$-1783,$3838,$191,$-3028
9,2016-06-30,42.37,$6.22,6.81,$9.85,4.3,$4.03,10.53,$1.74,24.35,$35.87B,$29.54B,1.21,$29.25B,$26.84B,1.09,$43.25B,$26.08B,60.30%,$43.25B,$8.90B,20.57%,$43.25B,$8.90B,20.57%,$43.25B,$10.81B,24.99%,$43.25B,$9.46B,21.86%,$43.25B,$7.62B,17.61%,$7.62B,$26.84B,29.30%,$7.62B,$3.15B,394.25%,$7.62B,$94.09B,8.27%,$8.90B,$56.09B,16.59%,$11539,$4471,$7068,$0,$3912,$8680,$2859,$1440,$4299,$839,$3460,$3460,$3448,$3304,$2859,$4323,4377,$0.80,$0.79,$24075,$3005,$693,$35873,$12663,$17499,$23689,$4370,$58221,$94094,$29544,$29252,$3963,$37712,$67256,$1760,$66921,$-10153,$26838,$94094,$4953,$903,$-842,$61,$0,$0,$0,$-1194,$-1194,$3820,$-1044,$0,$-303,$0,$473,$473,$-63,$-937,$3197,$0,$3197,$-1048,$-1048,$-3017,$85,$-783,$2338,$119,$-3017
10,2016-03-31,43.03,$5.80,7.42,$9.97,4.32,$4.31,9.99,$1.66,25.92,$36.51B,$30.99B,1.18,$26.99B,$25.13B,1.07,$43.87B,$26.42B,60.22%,$43.87B,$8.57B,19.54%,$43.87B,$8.57B,19.54%,$43.87B,$10.53B,24.00%,$43.87B,$9.52B,21.70%,$43.87B,$7.28B,16.59%,$7.28B,$25.13B,27.51%,$7.28B,$1.10B,407.68%,$7.28B,$91.26B,7.91%,$8.57B,$52.12B,16.10%,$10282,$4069,$6213,$0,$3761,$8141,$2141,$-247,$1894,$401,$1493,$1493,$1483,$2599,$2141,$4328,4382,$0.34,$0.34,$22211,$3052,$3786,$36510,$12613,$13796,$24030,$4314,$54753,$91263,$30987,$26990,$3820,$35147,$66134,$1760,$64985,$-10789,$25129,$91263,$1493,$458,$333,$791,$0,$0,$0,$-1680,$-1680,$604,$-507,$0,$-397,$0,$1247,$1247,$5,$348,$1747,$0,$1747,$24,$24,$-1505,$133,$399,$1439,$69,$-1505
11,2015-12-31,39.54,$5.96,6.64,$10.05,3.94,$4.53,8.73,$1.67,23.68,$33.40B,$26.93B,1.24,$28.31B,$25.76B,1.1,$44.29B,$26.81B,60.53%,$44.29B,$8.73B,19.70%,$44.29B,$8.73B,19.70%,$44.29B,$10.70B,24.15%,$44.29B,$9.61B,21.68%,$44.29B,$7.35B,16.60%,$7.35B,$25.76B,26.79%,$7.35B,$1.63B,324.37%,$7.35B,$90.00B,8.00%,$8.73B,$54.08B,16.16%,$10000,$4054,$5946,$0,$3937,$8482,$1518,$20,$1538,$302,$1236,$1236,$1237,$2045,$1518,$4352,4405,$0.29,$0.28,$19900,$2902,$3900,$33395,$12571,$15788,$24132,$4110,$56601,$89996,$26929,$28311,$4301,$37303,$64232,$1760,$65018,$-10174,$25764,$89996,$7366,$1970,$1349,$3319,$0,$0,$0,$-157,$-157,$10528,$-2468,$0,$-1926,$-1752,$0,$-1752,$-40,$-6186,$2696,$0,$2696,$-2319,$-2319,$-5741,$251,$-5113,$-1649,$236,$-5741
12,2015-09-30,36.65,$6.05,6.06,$10.22,3.59,$4.59,7.98,$1.56,23.49,$36.59B,$31.55B,1.16,$25.95B,$26.27B,0.99,$45.17B,$27.38B,60.62%,$45.17B,$8.66B,19.18%,$45.17B,$8.66B,19.18%,$45.17B,$10.60B,23.48%,$45.17B,$9.14B,20.24%,$45.17B,$6.88B,15.24%,$6.88B,$26.27B,24.04%,$6.88B,$1.85B,236.93%,$6.88B,$93.01B,7.45%,$8.66B,$52.22B,16.37%,$11427,$4577,$6850,$0,$4207,$9048,$2379,$-654,$1725,$272,$1453,$1453,$1449,$2861,$2379,$4349,4399,$0.33,$0.33,$22774,$2910,$3853,$36594,$12615,$14934,$24419,$4446,$56414,$93008,$31545,$25949,$4194,$35196,$66741,$1760,$65209,$-10813,$26267,$93008,$6130,$1443,$1163,$2606,$0,$0,$0,$-346,$-346,$8390,$-1620,$0,$-2073,$-1603,$0,$-1603,$-117,$-5413,$4139,$0,$4139,$-1234,$-1234,$-4313,$230,$-1178,$1025,$171,$-4313
13,2015-06-30,35.53,$6.59,5.39,$10.32,3.44,$4.52,7.86,$1.71,20.78,$32.80B,$28.85B,1.14,$25.98B,$28.64B,0.91,$45.72B,$27.88B,60.98%,$45.72B,$8.99B,19.67%,$45.72B,$8.99B,19.67%,$45.72B,$10.96B,23.98%,$45.72B,$10.08B,22.05%,$45.72B,$7.55B,16.51%,$7.55B,$28.64B,24.76%,$7.55B,$2.56B,183.14%,$7.55B,$93.54B,8.10%,$8.99B,$54.62B,16.87%,$12156,$4748,$7408,$0,$4204,$9621,$2535,$1826,$4361,$1250,$3111,$3111,$3108,$3023,$2535,$4355,4408,$0.71,$0.71,$20947,$3224,$497,$32803,$14365,$15773,$26080,$4517,$60735,$93538,$28852,$25977,$4283,$36045,$64897,$1760,$65196,$-8736,$28641,$93538,$4677,$961,$444,$1405,$0,$0,$0,$-964,$-964,$5118,$-1081,$0,$-1871,$0,$-665,$-665,$-139,$-3756,$2520,$0,$2520,$-888,$-888,$-2877,$115,$-1130,$-153,$117,$-2877
14,2015-03-31,36.42,$6.67,5.46,$10.38,3.51,$4.41,8.27,$1.58,23.05,$32.12B,$26.12B,1.23,$26.09B,$29.08B,0.9,$46.13B,$28.22B,61.18%,$46.13B,$9.63B,20.87%,$46.13B,$9.63B,20.87%,$46.13B,$11.60B,25.15%,$46.13B,$9.10B,19.73%,$46.13B,$7.04B,15.25%,$7.04B,$29.08B,22.05%,$7.04B,$3.02B,135.37%,$7.04B,$91.02B,7.51%,$9.63B,$55.17B,18.21%,$10711,$4103,$6608,$0,$4079,$8415,$2296,$-315,$1981,$415,$1566,$1566,$1557,$2769,$2296,$4365,4422,$0.36,$0.35,$20049,$3219,$785,$32119,$14346,$13895,$26054,$4602,$58897,$91016,$26123,$26087,$4296,$35815,$61938,$1760,$63524,$-7069,$29078,$91016,$1566,$473,$724,$1197,$0,$0,$0,$-1189,$-1189,$1574,$-495,$0,$-374,$0,$-257,$-257,$314,$-812,$618,$0,$618,$-375,$-375,$-1441,$21,$-1177,$-747,$60,$-1441
15,2014-12-31,37.62,$7.00,5.37,$10.33,3.64,$4.32,8.72,$1.59,23.66,$32.99B,$32.37B,1.02,$19.06B,$30.56B,0.62,$46.00B,$28.11B,61.11%,$46.00B,$9.71B,21.11%,$46.00B,$9.71B,21.11%,$46.00B,$11.68B,25.40%,$46.00B,$9.33B,20.27%,$46.00B,$7.10B,15.43%,$7.10B,$30.56B,21.60%,$7.10B,$4.19B,122.94%,$7.10B,$92.02B,7.57%,$9.71B,$49.62B,18.68%,$10872,$4357,$6515,$0,$4338,$9421,$1451,$-375,$1076,$305,$771,$771,$770,$1950,$1451,$4387,4450,$0.18,$0.18,$21675,$3100,$679,$32986,$14633,$13625,$26372,$4407,$59037,$92023,$32374,$19063,$4389,$29088,$61462,$1760,$63408,$-5777,$30561,$92023,$7124,$1976,$1954,$3930,$0,$0,$0,$-439,$-439,$10615,$-2183,$0,$-241,$-4814,$0,$-4814,$-268,$-7506,$4712,$0,$4712,$-2630,$-2630,$-5350,$-363,$-3631,$-1456,$209,$-5350
16,2014-09-30,37.75,$7.70,4.91,$10.33,3.65,$4.22,8.95,$1.80,20.97,$35.45B,$32.76B,1.08,$20.11B,$33.67B,0.6,$46.17B,$28.32B,61.34%,$46.17B,$10.36B,22.45%,$46.17B,$10.36B,22.45%,$46.17B,$12.37B,26.80%,$46.17B,$10.48B,22.69%,$46.17B,$8.04B,17.41%,$8.04B,$33.67B,23.93%,$8.04B,$6.71B,129.99%,$8.04B,$96.31B,8.62%,$10.36B,$53.78B,19.65%,$11976,$4630,$7346,$0,$4507,$9265,$2711,$-51,$2660,$538,$2122,$2122,$2114,$3221,$2711,$4383,4445,$0.48,$0.48,$23714,$3277,$103,$35452,$14738,$14319,$26955,$4850,$60862,$96314,$32760,$20111,$3383,$29885,$62645,$1760,$63972,$-3843,$33669,$96314,$6353,$1477,$650,$2127,$0,$0,$0,$-501,$-501,$7979,$-1468,$0,$-270,$-4540,$0,$-4540,$-280,$-6558,$4798,$0,$4798,$-1905,$-1905,$-2680,$-409,$-196,$670,$143,$-2680
17,2014-06-30,37.21,$7.82,4.76,$10.32,3.61,$4.12,9.03,$1.86,20.01,$33.87B,$32.63B,1.04,$18.64B,$34.30B,0.54,$46.22B,$28.21B,61.03%,$46.22B,$10.12B,21.90%,$46.22B,$10.12B,21.90%,$46.22B,$12.12B,26.22%,$46.22B,$11.20B,24.23%,$46.22B,$8.37B,18.11%,$8.37B,$34.30B,25.15%,$8.37B,$6.86B,145.70%,$8.37B,$95.49B,9.14%,$10.12B,$52.94B,19.87%,$12574,$4819,$7755,$0,$4384,$9404,$3170,$214,$3384,$779,$2605,$2605,$2595,$3664,$3170,$4391,4454,$0.59,$0.58,$21609,$3536,$0,$33871,$14918,$14458,$27437,$4805,$61618,$95489,$32629,$18643,$3447,$28559,$61188,$1760,$63194,$-2986,$34301,$95489,$4231,$967,$447,$1414,$0,$0,$0,$-1175,$-1175,$4470,$-896,$0,$-287,$0,$-1703,$-1703,$-242,$-3128,$3145,$0,$3145,$-1303,$-1303,$-1342,$-438,$62,$1204,$112,$-1342
18,2014-03-31,33.71,$7.50,4.5,$10.31,3.27,$3.97,8.49,$1.87,18.03,$31.05B,$30.06B,1.03,$18.64B,$32.92B,0.57,$46.40B,$28.22B,60.81%,$46.40B,$10.20B,21.98%,$46.40B,$10.20B,21.98%,$46.40B,$12.17B,26.24%,$46.40B,$11.34B,24.44%,$46.40B,$8.45B,18.22%,$8.45B,$32.92B,25.72%,$8.45B,$5.33B,160.66%,$8.45B,$91.29B,9.38%,$10.20B,$51.56B,20.64%,$10576,$4083,$6493,$0,$3989,$8200,$2376,$-171,$2205,$579,$1626,$1626,$1619,$2849,$2376,$4401,4464,$0.37,$0.36,$19433,$3357,$0,$31052,$14860,$13127,$27595,$4655,$60237,$91289,$30056,$18640,$3414,$28311,$58367,$1760,$61937,$-3594,$32922,$91289,$1626,$473,$397,$870,$0,$0,$0,$-1430,$-1430,$1066,$-381,$0,$-85,$-1774,$0,$-1774,$27,$-2213,$1359,$0,$1359,$-684,$-684,$0,$-470,$205,$-1283,$39,$0
19,2013-12-31,35.73,$7.60,4.7,$10.38,3.44,$3.82,9.36,$1.90,18.81,$31.30B,$27.81B,1.13,$19.15B,$33.44B,0.57,$46.85B,$28.43B,60.68%,$46.85B,$10.23B,21.83%,$46.85B,$10.23B,21.83%,$46.85B,$12.21B,26.05%,$46.85B,$11.48B,24.50%,$46.85B,$8.58B,18.32%,$8.58B,$33.44B,26.12%,$8.58B,$5.83B,161.80%,$8.58B,$90.06B,9.61%,$10.23B,$52.59B,21.17%,$11040,$4315,$6725,$0,$4319,$8935,$2105,$123,$2228,$520,$1708,$1708,$1710,$2638,$2105,$4434,4509,$0.40,$0.38,$20268,$3277,$0,$31304,$14967,$11512,$27611,$4661,$58751,$90055,$27811,$19154,$3498,$28804,$56615,$1760,$61660,$-3432,$33440,$90055,$8626,$1977,$871,$2848,$0,$0,$0,$-932,$-932,$10542,$-2439,$0,$519,$-1991,$0,$-1991,$-303,$-4214,$4711,$0,$4711,$-3504,$-3504,$-4969,$17,$-3745,$1972,$227,$-4969
20,2013-09-30,32.54,$7.35,4.43,$10.43,3.12,$3.77,8.64,$1.93,16.86,$31.58B,$33.04B,0.96,$14.17B,$32.47B,0.44,$47.27B,$28.54B,60.37%,$47.27B,$10.31B,21.80%,$47.27B,$10.31B,21.80%,$47.27B,$12.26B,25.94%,$47.27B,$11.63B,24.60%,$47.27B,$8.74B,18.49%,$8.74B,$32.47B,26.65%,$8.74B,$4.96B,164.73%,$8.74B,$89.43B,9.89%,$10.31B,$46.64B,21.87%,$12030,$4793,$7237,$0,$4424,$9558,$2472,$908,$3380,$925,$2455,$2455,$2447,$2969,$2472,$4426,4498,$0.55,$0.54,$20459,$3321,$0,$31576,$14548,$11535,$27503,$4270,$57856,$89432,$33042,$14173,$4445,$23925,$56967,$1760,$61187,$-4699,$32465,$89432,$6918,$1444,$2,$1446,$0,$0,$0,$-652,$-652,$7712,$-1561,$0,$-326,$-1850,$869,$-981,$-115,$-2983,$3854,$0,$3854,$-2813,$-2813,$-2494,$70,$-1383,$2676,$155,$-2494
21,2013-06-30,34.21,$7.36,4.65,$10.44,3.28,$3.70,9.26,$1.89,18.1,$32.57B,$32.47B,1.0,$14.18B,$32.63B,0.44,$47.58B,$28.79B,60.50%,$47.58B,$10.63B,22.34%,$47.58B,$10.63B,22.34%,$47.58B,$12.60B,26.48%,$47.58B,$11.33B,23.81%,$47.58B,$8.60B,18.08%,$8.60B,$32.63B,26.02%,$8.60B,$4.93B,155.90%,$8.60B,$89.51B,9.81%,$10.63B,$46.81B,22.18%,$12749,$4989,$7760,$0,$4385,$9506,$3243,$282,$3525,$831,$2694,$2694,$2676,$3717,$3243,$4446,4527,$0.60,$0.59,$19213,$3643,$1145,$32572,$14549,$10829,$27706,$3855,$56939,$89511,$32469,$14179,$4934,$24411,$56880,$1760,$59978,$-4083,$32631,$89511,$4463,$947,$301,$1248,$0,$0,$0,$-1755,$-1755,$3956,$-1012,$0,$382,$-1853,$0,$-1853,$-225,$-2708,$3325,$0,$3325,$-2027,$-2027,$-1249,$87,$136,$964,$92,$-1249
22,2013-03-31,34.25,$7.40,4.63,$10.47,3.27,$3.68,9.3,$1.91,17.98,$31.52B,$31.10B,1.01,$14.29B,$32.89B,0.43,$47.92B,$28.89B,60.29%,$47.92B,$10.68B,22.29%,$47.92B,$10.68B,22.29%,$47.92B,$12.69B,26.48%,$47.92B,$11.43B,23.85%,$47.92B,$8.72B,18.19%,$8.72B,$32.89B,26.36%,$8.72B,$5.51B,117.12%,$8.72B,$88.45B,10.06%,$10.68B,$47.19B,22.03%,$11035,$4324,$6711,$0,$4182,$8627,$2408,$-64,$2344,$575,$1769,$1769,$1751,$2881,$2408,$4455,4530,$0.39,$0.39,$18428,$3607,$1183,$31519,$14543,$11077,$27389,$3922,$56931,$88450,$31102,$14291,$4949,$24454,$55556,$1760,$58549,$-3211,$32894,$88450,$1769,$473,$420,$893,$0,$0,$0,$-2184,$-2184,$478,$-463,$0,$662,$2225,$-3506,$-1281,$-136,$-1218,$2520,$0,$2520,$-1106,$-1106,$0,$21,$1435,$720,$47,$0
23,2012-12-31,30.48,$7.42,4.11,$10.46,2.91,$3.66,8.32,$1.96,15.55,$30.33B,$27.82B,1.09,$14.74B,$33.17B,0.44,$48.02B,$28.96B,60.32%,$48.02B,$10.78B,22.45%,$48.02B,$10.78B,22.45%,$48.02B,$12.76B,26.58%,$48.02B,$11.81B,24.59%,$48.02B,$9.02B,18.78%,$9.02B,$33.17B,27.21%,$9.02B,$5.83B,121.93%,$9.02B,$86.17B,10.55%,$10.78B,$47.90B,21.97%,$11455,$4628,$6827,$0,$4430,$9272,$2183,$194,$2377,$487,$1890,$1890,$1866,$2696,$2183,$4504,4584,$0.42,$0.41,$16551,$3264,$2973,$30328,$14476,$10448,$27337,$3585,$55846,$86174,$27821,$14736,$5468,$25185,$53006,$1760,$58045,$-3385,$33168,$86174,$9086,$1982,$657,$2639,$0,$0,$0,$-1080,$-1080,$10645,$-2637,$0,$-1466,$-7033,$0,$-7033,$-268,$-11404,$4218,$0,$4218,$-3070,$-3070,$-4595,$100,$-3347,$-4361,$259,$-4595
24,2012-09-30,31.68,$7.49,4.23,$10.34,3.06,$3.35,9.46,$1.91,16.59,$29.71B,$27.01B,1.1,$16.18B,$33.59B,0.48,$47.60B,$28.77B,60.45%,$47.60B,$10.55B,22.17%,$47.60B,$10.55B,22.17%,$47.60B,$12.55B,26.37%,$47.60B,$11.65B,24.47%,$47.60B,$8.81B,18.51%,$8.81B,$33.59B,26.83%,$8.81B,$5.82B,125.82%,$8.81B,$86.65B,10.50%,$10.55B,$49.77B,21.76%,$12340,$4853,$7487,$0,$4630,$9547,$2793,$291,$3084,$755,$2329,$2329,$2311,$3307,$2793,$4502,4587,$0.51,$0.50,$18083,$3447,$0,$29712,$15388,$10150,$27775,$3629,$56942,$86654,$27008,$16181,$4678,$26056,$53064,$1760,$57320,$-2941,$33590,$86654,$7196,$1469,$17,$1486,$0,$0,$0,$-842,$-842,$7840,$-1898,$0,$-1148,$-7331,$19,$-7312,$-41,$-10399,$4098,$0,$4098,$-2300,$-2300,$-2304,$107,$-399,$-3188,$254,$-2304
25,2012-06-30,32.43,$7.25,4.47,$10.28,3.16,$3.12,10.4,$1.89,17.21,$29.33B,$26.48B,1.11,$16.39B,$32.63B,0.5,$47.51B,$28.66B,60.32%,$47.51B,$10.51B,22.13%,$47.51B,$10.51B,22.13%,$47.51B,$12.47B,26.24%,$47.51B,$11.49B,24.19%,$47.51B,$8.72B,18.36%,$8.72B,$32.63B,26.58%,$8.72B,$12.62B,123.70%,$8.72B,$85.15B,10.55%,$10.51B,$49.02B,21.97%,$13085,$5224,$7861,$0,$4497,$9791,$3294,$329,$3623,$823,$2800,$2800,$2788,$3802,$3294,$4511,4592,$0.62,$0.61,$16966,$3587,$0,$29325,$15174,$16974,$20013,$3663,$55824,$85149,$26482,$16390,$4658,$26038,$52520,$880,$56159,$-3369,$32629,$85149,$4867,$955,$19,$974,$0,$0,$0,$-1663,$-1663,$4178,$-1248,$0,$-744,$-6579,$0,$-6579,$11,$-8560,$3863,$0,$3863,$-1615,$-1615,$-1155,$55,$1148,$-3466,$166,$-1155
26,2012-03-31,30.49,$7.36,4.14,$10.16,3.0,$3.02,10.11,$1.88,16.22,$28.02B,$24.85B,1.13,$16.35B,$33.22B,0.49,$47.16B,$28.55B,60.53%,$47.16B,$10.40B,22.05%,$47.16B,$10.40B,22.05%,$47.16B,$12.31B,26.11%,$47.16B,$11.67B,24.74%,$47.16B,$8.74B,18.52%,$8.74B,$33.22B,26.06%,$8.74B,$5.33B,112.15%,$8.74B,$83.90B,10.73%,$10.40B,$49.57B,21.99%,$11137,$4348,$6789,$0,$4181,$8628,$2509,$216,$2725,$658,$2067,$2067,$2054,$2956,$2509,$4525,4601,$0.45,$0.45,$15779,$3442,$0,$28023,$15300,$8911,$27893,$3770,$55874,$83897,$24846,$16351,$4663,$25833,$50679,$880,$54520,$-1775,$33218,$83897,$2067,$447,$-175,$272,$0,$0,$0,$-1846,$-1846,$493,$-565,$0,$-109,$556,$-4664,$-4108,$-101,$-4883,$2523,$0,$2523,$-643,$-643,$0,$42,$1922,$-2139,$77,$0
27,2011-12-31,28.62,$7.05,4.06,$10.00,2.86,$3.01,9.51,$1.85,15.51,$25.50B,$24.28B,1.05,$13.66B,$31.92B,0.43,$46.54B,$28.33B,60.86%,$46.54B,$10.17B,21.86%,$46.54B,$10.17B,21.86%,$46.54B,$12.13B,26.06%,$46.54B,$11.46B,24.62%,$46.54B,$8.58B,18.44%,$8.58B,$31.92B,25.73%,$8.58B,$4.25B,88.88%,$8.58B,$79.97B,10.80%,$10.17B,$45.58B,22.01%,$11040,$4403,$6637,$0,$4406,$9084,$1956,$260,$2216,$539,$1677,$1677,$1657,$2487,$1956,$4568,4646,$0.37,$0.36,$14035,$3092,$0,$25497,$14939,$8374,$27669,$3495,$54477,$79974,$24283,$13656,$5420,$23770,$48053,$1760,$53621,$-2774,$31921,$79974,$8646,$1954,$767,$2721,$0,$0,$0,$-1893,$-1893,$9474,$-2819,$0,$-573,$1013,$0,$1013,$-145,$-2524,$4965,$0,$4965,$-2944,$-2944,$-4300,$45,$-2234,$4286,$354,$-4300
28,2011-09-30,27.44,$7.38,3.72,$9.87,2.78,$3.17,8.65,$2.72,10.11,$28.19B,$25.58B,1.1,$13.71B,$33.50B,0.41,$46.00B,$27.91B,60.67%,$46.00B,$9.34B,20.31%,$46.00B,$9.34B,20.31%,$46.00B,$11.27B,24.51%,$46.00B,$15.45B,33.58%,$46.00B,$12.68B,27.56%,$12.68B,$33.50B,38.17%,$12.68B,$6.02B,109.52%,$12.68B,$81.75B,16.31%,$9.34B,$47.21B,20.23%,$12248,$4875,$7373,$0,$4523,$9494,$2754,$173,$2927,$681,$2246,$2246,$2224,$3220,$2754,$4571,4653,$0.49,$0.48,$16497,$3172,$0,$28191,$14522,$8337,$27484,$3219,$53562,$81753,$25581,$13708,$4404,$22673,$48254,$880,$52965,$-1174,$33499,$81753,$6969,$1423,$84,$1507,$0,$0,$0,$-1676,$-1676,$6800,$-1849,$0,$158,$-1010,$-611,$-1621,$-102,$-3414,$5528,$0,$5528,$-2226,$-2226,$-2159,$33,$1176,$4165,$268,$-2159
29,2011-06-30,27.14,$7.72,3.51,$9.04,3.0,$3.39,8.01,$2.68,10.13,$26.54B,$24.19B,1.1,$11.37B,$35.42B,0.32,$42.17B,$26.04B,61.74%,$42.17B,$8.93B,21.17%,$42.17B,$8.93B,21.17%,$42.17B,$10.72B,25.42%,$42.17B,$15.22B,36.09%,$42.17B,$12.51B,29.66%,$12.51B,$35.42B,39.23%,$12.51B,$15.56B,88.98%,$12.51B,$80.09B,17.67%,$8.93B,$46.80B,21.00%,$12737,$4989,$7748,$0,$4417,$9558,$3179,$620,$3799,$992,$2807,$2807,$2800,$3650,$3179,$4580,4660,$0.61,$0.60,$14017,$3237,$0,$26539,$14933,$16056,$19861,$2701,$53551,$80090,$24194,$11373,$4393,$20472,$44666,$880,$51816,$287,$35424,$80090,$4723,$957,$134,$1091,$0,$0,$0,$-2172,$-2172,$3642,$-1144,$0,$135,$-993,$-7,$-1000,$-319,$-2328,$2736,$0,$2736,$-569,$-569,$-2143,$6,$30,$1649,$181,$-2143
30,2011-03-31,26.57,$7.13,3.73,$8.17,3.25,$3.60,7.37,$2.59,10.26,$23.54B,$21.92B,1.07,$12.68B,$32.60B,0.39,$38.11B,$24.01B,63.00%,$38.11B,$8.51B,22.34%,$38.11B,$8.51B,22.34%,$38.11B,$10.15B,26.63%,$38.11B,$14.54B,38.16%,$38.11B,$12.08B,31.69%,$12.08B,$32.60B,40.96%,$12.08B,$12.80B,88.86%,$12.08B,$76.06B,19.21%,$8.51B,$45.28B,22.18%,$10517,$3948,$6569,$0,$4076,$8233,$2284,$232,$2516,$600,$1916,$1916,$1903,$2770,$2284,$4584,4662,$0.42,$0.41,$12277,$3033,$0,$23542,$14834,$15147,$19795,$2740,$52516,$76058,$21923,$12681,$4437,$21539,$43462,$880,$50097,$-535,$32596,$76058,$1916,$486,$114,$600,$0,$0,$0,$-2058,$-2058,$458,$-566,$0,$206,$-1398,$1039,$-359,$-328,$-1047,$2718,$0,$2718,$-689,$-689,$-1065,$22,$986,$558,$76,$-1065
31,2010-12-31,26.15,$6.83,3.83,$7.53,3.47,$3.83,6.83,$2.53,10.36,$21.58B,$18.51B,1.17,$14.04B,$31.32B,0.45,$35.12B,$22.43B,63.86%,$35.12B,$8.41B,23.96%,$35.12B,$8.41B,23.96%,$35.12B,$9.86B,28.06%,$35.12B,$14.21B,40.45%,$35.12B,$11.79B,33.56%,$11.79B,$31.32B,42.67%,$11.79B,$11.92B,86.67%,$11.79B,$72.92B,21.16%,$8.41B,$45.36B,24.42%,$10494,$4279,$6215,$0,$4547,$9371,$1123,$5082,$6205,$443,$5762,$5762,$5749,$1632,$1123,$4616,4667,$1.24,$1.24,$11337,$2650,$0,$21579,$14727,$15096,$19398,$2121,$51342,$72921,$18508,$14041,$4794,$23096,$41604,$880,$49278,$-1450,$31317,$72921,$11837,$1443,$-4118,$-2675,$0,$0,$0,$370,$370,$9532,$-2081,$0,$-1539,$-547,$-132,$-679,$-106,$-4405,$1848,$0,$1848,$-1295,$-1295,$-4068,$50,$-3465,$1496,$380,$-4068
32,2010-09-30,23.11,$6.09,3.79,$6.90,3.35,$3.59,6.45,$1.63,14.22,$23.11B,$17.27B,1.34,$4.46B,$28.20B,0.16,$32.14B,$21.07B,65.57%,$32.14B,$9.07B,28.22%,$32.14B,$9.07B,28.22%,$32.14B,$10.34B,32.16%,$32.14B,$9.96B,31.00%,$32.14B,$7.58B,23.59%,$7.58B,$28.20B,29.01%,$7.58B,$15.94B,53.24%,$7.58B,$54.09B,15.27%,$9.07B,$32.66B,29.53%,$8426,$2918,$5508,$0,$3064,$6082,$2344,$356,$2700,$633,$2067,$2067,$2055,$2667,$2344,$4620,4672,$0.45,$0.44,$13265,$2259,$613,$23105,$9145,$7480,$12259,$2100,$30984,$54089,$17271,$4456,$2777,$8617,$25888,$880,$44541,$-1381,$28201,$54089,$6075,$934,$-77,$857,$0,$0,$0,$292,$292,$7224,$-1241,$0,$-748,$-510,$-65,$-575,$-149,$-2713,$1628,$0,$1628,$532,$532,$-3034,$-11,$-885,$3488,$185,$-3034
33,2010-06-30,19.64,$5.59,3.51,$6.82,2.88,$3.36,5.85,$1.59,12.35,$18.57B,$13.93B,1.33,$4.43B,$25.81B,0.17,$31.75B,$20.67B,65.10%,$31.75B,$8.88B,27.95%,$31.75B,$8.88B,27.95%,$31.75B,$10.14B,31.93%,$31.75B,$9.71B,30.56%,$31.75B,$7.42B,23.37%,$7.42B,$25.81B,29.47%,$7.42B,$13.70B,56.22%,$7.42B,$48.44B,15.49%,$8.88B,$30.24B,29.67%,$8674,$2955,$5719,$0,$2878,$5911,$2763,$360,$3123,$741,$2382,$2382,$2369,$3079,$2763,$4612,4650,$0.52,$0.51,$10166,$2363,$0,$18574,$8931,$6738,$12109,$2092,$29870,$48444,$13934,$4427,$2719,$8702,$22636,$880,$43490,$-2298,$25808,$48444,$4008,$611,$129,$740,$0,$0,$0,$-438,$-438,$4310,$-828,$0,$-113,$-225,$-36,$-261,$-136,$-1338,$-50,$0,$-50,$202,$202,$-2030,$3,$-1875,$714,$114,$-2030
34,2010-03-31,21.37,$5.45,3.92,$6.73,3.17,$3.19,6.7,$1.52,14.06,$17.21B,$13.58B,1.27,$4.42B,$25.16B,0.18,$31.35B,$20.31B,64.78%,$31.35B,$8.55B,27.28%,$31.35B,$8.55B,27.28%,$31.35B,$9.80B,31.26%,$31.35B,$9.31B,29.70%,$31.35B,$7.09B,22.62%,$7.09B,$25.16B,28.81%,$7.09B,$12.84B,56.72%,$7.09B,$47.40B,14.99%,$8.55B,$29.58B,29.00%,$7525,$2541,$4984,$0,$2705,$5342,$2183,$-4,$2179,$553,$1626,$1626,$1614,$2478,$2183,$4608,4654,$0.35,$0.35,$8794,$2327,$0,$17208,$9036,$6749,$12315,$2095,$30195,$47403,$13583,$4419,$2763,$8663,$22246,$880,$42136,$-1445,$25157,$47403,$1626,$295,$192,$487,$0,$0,$0,$-787,$-787,$1326,$-377,$0,$8,$-907,$-8,$-915,$-84,$-1368,$-149,$0,$-149,$119,$119,$-1015,$2,$-1043,$-1337,$53,$-1015
35,2009-12-31,21.97,$5.50,3.99,$6.66,3.3,$3.08,7.14,$1.47,15.0,$17.55B,$13.72B,1.28,$5.06B,$25.35B,0.2,$30.99B,$19.90B,64.22%,$30.99B,$8.23B,26.56%,$30.99B,$8.23B,26.56%,$30.99B,$9.47B,30.55%,$30.99B,$8.95B,28.87%,$30.99B,$6.82B,22.02%,$6.82B,$25.35B,28.92%,$6.82B,$14.47B,59.53%,$6.82B,$48.67B,14.76%,$8.23B,$30.41B,28.75%,$7510,$2651,$4859,$0,$2978,$5730,$1780,$180,$1960,$382,$1578,$1578,$1543,$2111,$1780,$4628,4658,$0.34,$0.33,$9213,$2354,$0,$17551,$9561,$8708,$10875,$1976,$31120,$48671,$13721,$5059,$2965,$9604,$23325,$880,$41537,$-757,$25346,$48671,$6906,$1236,$608,$1844,$0,$0,$0,$-564,$-564,$8186,$-1889,$0,$-60,$-2130,$-22,$-2152,$-48,$-4149,$2363,$0,$2363,$-854,$-854,$-3800,$-2,$-2293,$2320,$241,$-3800
36,2009-09-30,20.55,$5.28,3.89,$6.58,3.13,$2.95,6.96,$1.35,15.22,$16.99B,$13.41B,1.27,$5.03B,$24.42B,0.21,$30.61B,$19.60B,64.04%,$30.61B,$8.16B,26.65%,$30.61B,$8.16B,26.65%,$30.61B,$9.35B,30.54%,$30.61B,$8.15B,26.62%,$30.61B,$6.28B,20.51%,$6.28B,$24.42B,27.92%,$6.28B,$11.80B,63.17%,$6.28B,$47.11B,14.20%,$8.16B,$29.45B,30.28%,$8044,$2934,$5110,$0,$2912,$5894,$2150,$293,$2443,$523,$1920,$1920,$1896,$2470,$2150,$4632,4664,$0.41,$0.41,$9125,$2341,$0,$16992,$9099,$6481,$12625,$1910,$30115,$47107,$13410,$5028,$3124,$9275,$22685,$880,$40944,$-1753,$24422,$47107,$5328,$905,$43,$948,$0,$0,$0,$-6,$-6,$6270,$-1365,$0,$-184,$0,$-20,$-20,$9,$-1560,$1741,$0,$1741,$226,$226,$-2850,$-1,$-884,$4145,$142,$-2850
37,2009-06-30,18.22,$5.08,3.59,$6.65,2.74,$2.83,6.43,$1.35,13.5,$16.37B,$13.57B,1.21,$5.02B,$23.52B,0.21,$30.96B,$19.86B,64.17%,$30.96B,$8.19B,26.47%,$30.96B,$8.19B,26.47%,$30.96B,$9.37B,30.27%,$30.96B,$8.17B,26.40%,$30.96B,$6.27B,20.26%,$6.27B,$23.52B,28.11%,$6.27B,$10.89B,64.47%,$6.27B,$46.05B,14.10%,$8.19B,$28.53B,31.24%,$8267,$2913,$5354,$0,$2844,$5829,$2438,$290,$2728,$679,$2049,$2049,$2037,$2740,$2438,$4626,4646,$0.44,$0.44,$7945,$2483,$0,$16372,$8904,$6292,$12627,$1859,$29682,$46054,$13567,$5017,$3051,$8970,$22537,$880,$39999,$-1740,$23517,$46054,$3408,$585,$66,$651,$0,$0,$0,$-397,$-397,$3662,$-948,$0,$-248,$0,$28,$28,$4,$-1164,$1971,$0,$1971,$70,$70,$-1899,$0,$142,$2946,$107,$-1899
38,2009-03-31,16.55,$4.56,3.62,$6.80,2.43,$2.75,6.01,$1.22,13.62,$14.71B,$13.17B,1.12,$5.02B,$21.11B,0.24,$31.73B,$20.39B,64.27%,$31.73B,$8.44B,26.58%,$31.73B,$8.44B,26.58%,$31.73B,$9.64B,30.37%,$31.73B,$7.36B,23.20%,$31.73B,$5.66B,17.82%,$5.66B,$21.11B,25.45%,$5.66B,$8.69B,59.12%,$5.66B,$43.10B,12.60%,$8.44B,$26.13B,32.93%,$7169,$2590,$4579,$0,$2624,$5306,$1863,$-48,$1815,$456,$1359,$1359,$1348,$2146,$1863,$4626,4638,$0.29,$0.29,$7079,$2298,$0,$14714,$8425,$5757,$12414,$1793,$28389,$43103,$13169,$5017,$2944,$8826,$21995,$880,$38911,$-2893,$21108,$43103,$1359,$283,$241,$524,$0,$0,$0,$-1010,$-1010,$873,$-460,$0,$-179,$0,$31,$31,$9,$-599,$2757,$0,$2757,$10,$10,$-950,$0,$1817,$2115,$53,$-950
39,2008-12-31,16.87,$4.51,3.74,$6.83,2.47,$2.82,5.97,$1.25,13.55,$12.18B,$12.99B,0.94,$2.78B,$20.86B,0.13,$31.94B,$20.57B,64.39%,$31.94B,$8.45B,26.44%,$31.94B,$8.45B,26.44%,$31.94B,$9.67B,30.28%,$31.94B,$7.51B,23.50%,$31.94B,$5.81B,18.18%,$5.81B,$20.86B,25.58%,$5.81B,$8.36B,58.09%,$5.81B,$40.52B,12.66%,$8.45B,$23.64B,32.92%,$7126,$2568,$4558,$0,$2744,$5420,$1706,$-546,$1160,$155,$1005,$1005,$995,$1991,$1706,$4630,4672,$0.22,$0.22,$4979,$2187,$0,$12176,$8326,$5779,$12505,$1733,$28343,$40519,$12988,$2781,$3011,$6669,$19657,$880,$38513,$-2674,$20862,$40519,$5874,$1228,$1224,$2452,$0,$0,$0,$-755,$-755,$7571,$-1839,$0,$-280,$0,$-240,$-240,$-4,$-2363,$29,$0,$29,$-484,$-484,$-3521,$-9,$-3985,$608,$266,$-3521
40,2008-09-30,19.54,$5.14,3.81,$6.87,2.84,$2.83,6.91,$1.29,15.15,$16.82B,$16.59B,1.01,$2.88B,$23.75B,0.12,$32.15B,$20.70B,64.39%,$32.15B,$8.27B,25.71%,$32.15B,$8.27B,25.71%,$32.15B,$9.58B,29.79%,$32.15B,$8.02B,24.93%,$32.15B,$6.03B,18.74%,$6.03B,$23.75B,26.28%,$6.03B,$10.96B,58.57%,$6.03B,$48.18B,12.95%,$8.27B,$26.62B,31.80%,$8393,$3020,$5373,$0,$3139,$6206,$2187,$283,$2470,$555,$1915,$1915,$1890,$2493,$2187,$4622,4658,$0.41,$0.41,$8084,$2321,$0,$16820,$8527,$7421,$12787,$2625,$31360,$48180,$16587,$2877,$2803,$7848,$24435,$880,$38397,$759,$23745,$48180,$4869,$943,$671,$1614,$0,$0,$0,$-815,$-815,$5668,$-1324,$0,$-655,$0,$242,$242,$-57,$-1794,$2097,$0,$2097,$-509,$-509,$-1764,$0,$-176,$3704,$223,$-1764
41,2008-06-30,19.07,$5.02,3.8,$6.72,2.84,$2.87,6.64,$1.24,15.38,$16.09B,$16.62B,0.97,$2.87B,$23.18B,0.12,$31.45B,$20.14B,64.03%,$31.45B,$7.91B,25.15%,$31.45B,$7.91B,25.15%,$31.45B,$9.19B,29.23%,$31.45B,$7.66B,24.35%,$31.45B,$5.79B,18.41%,$5.79B,$23.18B,26.43%,$5.79B,$10.25B,60.90%,$5.79B,$47.73B,12.89%,$7.91B,$26.06B,32.07%,$9046,$3162,$5884,$0,$3095,$6367,$2679,$-762,$1917,$474,$1443,$1443,$1422,$3009,$2679,$4632,4686,$0.31,$0.31,$6857,$2531,$0,$16089,$8712,$7367,$12929,$2634,$31642,$47731,$16620,$2874,$3267,$7929,$24549,$880,$37386,$1352,$23182,$47731,$2954,$637,$825,$1462,$0,$0,$0,$-1198,$-1198,$3218,$-850,$0,$-621,$0,$247,$247,$-10,$-1234,$1839,$0,$1839,$-572,$-572,$-884,$0,$383,$2478,$152,$-884
42,2008-03-31,22.19,$4.96,4.47,$6.45,3.44,$2.94,7.55,$1.34,16.62,$14.89B,$15.59B,0.96,$3.26B,$23.03B,0.14,$30.13B,$19.25B,63.88%,$30.13B,$7.50B,24.89%,$30.13B,$7.50B,24.89%,$30.13B,$8.73B,28.96%,$30.13B,$8.15B,27.04%,$30.13B,$6.22B,20.64%,$6.22B,$23.03B,29.82%,$6.22B,$10.42B,69.60%,$6.22B,$47.00B,14.47%,$7.50B,$26.29B,32.20%,$7379,$2624,$4755,$0,$2796,$5505,$1874,$85,$1959,$448,$1511,$1511,$1500,$2181,$1874,$4644,4702,$0.33,$0.32,$6420,$2447,$0,$14888,$8675,$8122,$12617,$2702,$32116,$47004,$15588,$3259,$3287,$8384,$23972,$880,$36843,$1199,$23032,$47004,$1511,$307,$8,$315,$0,$0,$0,$-706,$-706,$1120,$-372,$0,$-238,$0,$55,$55,$-2,$-557,$1379,$0,$1379,$62,$62,$0,$0,$1441,$2106,$75,$0
43,2007-12-31,22.23,$4.69,4.74,$6.20,3.59,$2.93,7.59,$1.29,17.3,$12.11B,$13.23B,0.92,$3.28B,$21.74B,0.15,$28.86B,$18.45B,63.94%,$28.86B,$7.25B,25.13%,$28.86B,$7.25B,25.13%,$28.86B,$8.42B,29.16%,$28.86B,$7.92B,27.44%,$28.86B,$5.98B,20.73%,$5.98B,$21.74B,30.83%,$5.98B,$9.53B,65.48%,$5.98B,$43.27B,15.14%,$7.25B,$25.02B,33.92%,$7331,$2641,$4690,$0,$3039,$5805,$1526,$143,$1669,$409,$1260,$1260,$1214,$1895,$1526,$4626,4662,$0.26,$0.26,$4308,$2220,$0,$12105,$8493,$7777,$12219,$2675,$31164,$43269,$13225,$3277,$3133,$8300,$21525,$880,$36235,$626,$21744,$43269,$6027,$1163,$0,$1163,$0,$0,$0,$-40,$-40,$7150,$-1409,$0,$-5653,$0,$349,$349,$-6,$-6719,$4341,$0,$4341,$-219,$-219,$-3149,$0,$973,$1653,$313,$-3149
44,2007-09-30,20.7,$4.26,4.86,$5.89,3.52,$2.80,7.39,$1.17,17.7,$12.10B,$15.57B,0.78,$1.59B,$19.67B,0.08,$27.46B,$17.63B,64.21%,$27.46B,$6.94B,25.27%,$27.46B,$6.94B,25.27%,$27.46B,$8.00B,29.15%,$27.46B,$7.14B,25.99%,$27.46B,$5.45B,19.83%,$5.45B,$19.67B,29.93%,$5.45B,$7.84B,56.14%,$5.45B,$41.67B,15.05%,$6.94B,$21.26B,35.25%,$7690,$2884,$4806,$0,$2896,$5861,$1829,$284,$2113,$459,$1654,$1654,$1654,$2108,$1829,$4622,4662,$0.36,$0.36,$4811,$2048,$0,$12095,$8003,$7106,$11832,$2634,$29575,$41670,$15566,$1594,$3438,$6435,$22001,$880,$35809,$-470,$19669,$41670,$4767,$794,$-176,$618,$0,$0,$0,$72,$72,$5457,$-912,$0,$-3935,$0,$237,$237,$-2,$-4612,$3495,$0,$3495,$-686,$-686,$-1575,$0,$1234,$2176,$241,$-1575
45,2007-06-30,18.73,$4.10,4.56,$5.62,3.33,$2.63,7.13,$1.13,16.65,$11.91B,$15.25B,0.78,$1.60B,$18.97B,0.08,$26.22B,$17.01B,64.88%,$26.22B,$6.77B,25.82%,$26.22B,$6.77B,25.82%,$26.22B,$7.79B,29.71%,$26.22B,$6.85B,26.12%,$26.22B,$5.25B,20.03%,$5.25B,$18.97B,29.54%,$5.25B,$7.96B,47.89%,$5.25B,$39.99B,15.63%,$6.77B,$20.57B,35.31%,$7733,$2736,$4997,$0,$2685,$5463,$2270,$138,$2408,$557,$1851,$1851,$1851,$2544,$2270,$4624,4652,$0.40,$0.40,$4541,$2086,$0,$11912,$7579,$6832,$11010,$2656,$28077,$39989,$15248,$1599,$2863,$5769,$21017,$880,$34941,$-473,$18972,$39989,$3113,$515,$-38,$477,$0,$0,$0,$-295,$-295,$3295,$-619,$0,$-3649,$0,$217,$217,$5,$-4046,$3682,$0,$3682,$-315,$-315,$-787,$0,$2580,$1924,$155,$-787
46,2007-03-31,17.07,$3.73,4.58,$5.33,3.2,$2.52,6.78,$1.12,15.31,$10.49B,$11.25B,0.93,$1.45B,$17.21B,0.08,$24.97B,$16.38B,65.62%,$24.97B,$6.54B,26.20%,$24.97B,$6.54B,26.20%,$24.97B,$7.51B,30.08%,$24.97B,$6.83B,27.37%,$24.97B,$5.24B,20.97%,$5.24B,$17.21B,30.24%,$5.24B,$11.21B,42.90%,$5.24B,$33.12B,16.79%,$6.54B,$18.67B,35.16%,$6103,$2145,$3958,$0,$2325,$4476,$1627,$102,$1729,$467,$1262,$1262,$1262,$1868,$1627,$4628,4642,$0.28,$0.27,$3783,$1909,$0,$10487,$7333,$6507,$5997,$2796,$22633,$33120,$11252,$1454,$2687,$4657,$15909,$878,$33877,$-897,$17211,$33120,$1262,$241,$-110,$131,$0,$0,$0,$-444,$-444,$949,$-261,$0,$-767,$0,$237,$237,$-4,$-795,$1632,$0,$1632,$-625,$-625,$0,$0,$1007,$1192,$76,$0
47,2006-12-31,17.04,$3.65,4.67,$5.12,3.33,$2.47,6.91,$1.08,15.78,$8.44B,$8.89B,0.95,$1.31B,$16.92B,0.08,$24.09B,$15.92B,66.11%,$24.09B,$6.31B,26.19%,$24.09B,$6.31B,26.19%,$24.09B,$7.25B,30.08%,$24.09B,$6.58B,27.31%,$24.09B,$5.08B,21.09%,$5.08B,$16.92B,29.69%,$5.08B,$11.79B,40.72%,$5.08B,$29.96B,16.73%,$6.31B,$18.23B,34.42%,$5932,$2063,$3869,$0,$2587,$4720,$1212,$-326,$886,$208,$678,$678,$678,$1484,$1212,$4696,4700,$0.15,$0.15,$2590,$1641,$0,$8441,$6903,$6783,$5135,$2701,$21522,$29963,$8890,$1314,$2231,$4153,$13043,$878,$33468,$-1291,$16920,$29963,$5080,$938,$554,$1492,$0,$0,$0,$-615,$-615,$5957,$-767,$0,$-901,$0,$30,$30,$-62,$-1700,$-1404,$0,$-1404,$-2268,$-2268,$-2911,$0,$-6583,$-2261,$324,$-2911
