,Date,Stock Price,Book Value per Share,Price to Book Ratio,TTM Sales per Share,Price to Sales Ratio,TTM FCF per Share,Price to FCF Ratio,TTM Net EPS,PE Ratio,Current Assets,Current Liabilities,Current Ratio,Long Term Debt,Shareholder's Equity_x,Debt to Equity Ratio,TTM Revenue_x,TTM Gross Profit,Gross Margin,TTM Revenue_y,TTM Operating Income,Operating Margin,TTM Revenue_x,TTM EBIT,EBIT Margin,TTM Revenue_y,TTM EBITDA,EBITDA Margin,TTM Revenue_x,TTM Pre-Tax Income,Pre-Tax Margin,TTM Revenue_y,TTM Net Income_x,Net Margin,TTM Net Income_y,Shareholder's Equity_y,Return on Equity,TTM Net Income_x,Tangible Equity,Return on Tangible Equity,TTM Net Income_y,Total Assets,Return on Assets,TTM Net Income,LT Investments & Debt,Return on Investment,revenue,cost-goods-sold,gross-profit,research-development-expenses,selling-general-administrative-expenses,operating-expenses,operating-income,total-non-operating-income-expense,pre-tax-income,total-provision-income-taxes,income-after-taxes,income-from-continuous-operations,net-income,ebitda,ebit,basic-shares-outstanding,shares-outstanding,eps-basic-net-earnings-per-share,eps-earnings-per-share-diluted,cash-on-hand,inventory,other-current-assets,total-current-assets,net-property-plant-equipment,long-term-investments,goodwill-intangible-assets-total,other-long-term-assets,total-long-term-assets,total-assets,total-current-liabilities,long-term-debt,other-non-current-liabilities,total-long-term-liabilities,total-liabilities,common-stock-net,retained-earnings-accumulated-deficit,comprehensive-income,total-share-holder-equity,total-liabilities-share-holders-equity,net-income-loss,total-depreciation-amortization-cash-flow,other-non-cash-items,total-non-cash-items,change-in-accounts-receivable,change-in-inventories,change-in-accounts-payable,change-in-assets-liabilities,total-change-in-assets-liabilities,cash-flow-from-operating-activities,net-change-in-property-plant-equipment,net-change-in-intangible-assets,net-acquisitions-divestitures,net-change-in-short-term-investments,net-change-in-long-term-investments,net-change-in-investments-total,investing-activities-other,cash-flow-from-investing-activities,net-long-term-debt,net-current-debt,debt-issuance-retirement-net-total,net-common-equity-issued-repurchased,net-total-equity-issued-repurchased,total-common-preferred-stock-dividends-paid,financial-activities-other,cash-flow-from-financial-activities,net-cash-flow,stock-based-compensation,common-stock-dividends-paid
0,2018-09-30,61.24,$32.95,1.86,$47.79,1.28,$5.47,11.19,$-4.79,0.0,$4.17B,$2.75B,1.52,$4.22B,$0.00B,0.0,$10.04B,$4.53B,45.06%,$10.04B,$-0.11B,-1.12%,$10.04B,$-0.11B,-1.12%,$10.04B,$-0.11B,-1.12%,$10.04B,$-0.49B,-4.87%,$10.04B,$-0.80B,-7.92%,$-0.80B,$6.92B,-11.42%,$-0.80B,$0.93B,-113.13%,$-0.80B,$14.72B,-5.43%,$-0.11B,$11.14B,-1.03%,$2331,$1263,$1069,$0,$0,$2026,$305,$-73,$232,$73,$159,$159,$172,$305,$305,$211,211,$0.82,$0.82,$975,$544,$472,$4165,$3080,$572,$5993,$910,$10556,$14721,$2746,$4216,$836,$5052,$7798,$0,$0,$0,$6923,$14721,$0,$0,$0,$0,$0,$0,$0,$0,$0,$0,$0,$0,$0,$0,$0,$0,$0,$0,$0,$0,$0,$0,$0,$0,$0,$0,$0,$0,$0
1,2018-06-30,56.43,$32.69,1.73,$49.94,1.13,$5.47,10.31,$-4.79,0.0,$2.94B,$2.56B,1.15,$4.20B,$0.00B,0.0,$10.49B,$4.69B,44.75%,$10.49B,$-0.11B,-1.03%,$10.49B,$-0.11B,-1.03%,$10.49B,$-0.11B,-1.03%,$10.49B,$-0.46B,-4.40%,$10.49B,$-0.79B,-7.53%,$-0.79B,$6.87B,-11.08%,$-0.79B,$0.54B,-124.12%,$-0.79B,$14.55B,-5.29%,$-0.11B,$11.07B,-0.98%,$2693,$1506,$1187,$0,$0,$2368,$325,$-73,$251,$86,$165,$165,$144,$325,$325,$211,211,$0.68,$0.68,$1213,$589,$431,$2944,$3749,$586,$6328,$945,$11607,$14552,$2561,$4201,$922,$5123,$7685,$0,$0,$0,$6867,$14552,$0,$0,$0,$0,$0,$0,$0,$0,$0,$0,$0,$0,$0,$0,$0,$0,$0,$0,$0,$0,$0,$0,$0,$0,$0,$0,$0,$0,$0
2,2018-03-31,65.49,$32.78,2.0,$50.12,1.31,$5.47,11.97,$-4.90,0.0,$2.95B,$3.19B,0.92,$3.60B,$0.00B,0.0,$10.49B,$4.74B,45.13%,$10.49B,$-0.08B,-0.79%,$10.49B,$-0.08B,-0.79%,$10.49B,$-0.08B,-0.79%,$10.49B,$-0.53B,-5.02%,$10.49B,$-0.81B,-7.76%,$-0.81B,$6.89B,-11.41%,$-0.81B,$0.50B,-132.30%,$-0.81B,$14.73B,-5.42%,$-0.08B,$10.49B,-0.74%,$2655,$1484,$1170,$0,$0,$2341,$314,$-115,$200,$64,$136,$136,$129,$314,$314,$210,210,$0.61,$0.61,$1044,$648,$554,$2948,$3804,$643,$6383,$948,$11778,$14726,$3189,$3603,$1049,$4651,$7840,$0,$0,$0,$6886,$14726,$0,$0,$0,$0,$0,$0,$0,$0,$0,$0,$0,$0,$0,$0,$0,$0,$0,$0,$0,$0,$0,$0,$0,$0,$0,$0,$0,$0,$0
3,2017-12-31,68.63,$34.11,2.01,$49.72,1.38,$5.47,12.54,$-4.11,0.0,$2.83B,$2.83B,1.0,$3.63B,$7.17B,0.51,$10.38B,$4.67B,44.98%,$10.38B,$-0.10B,-0.93%,$10.38B,$-0.10B,-0.93%,$10.38B,$-0.10B,-0.93%,$10.38B,$-0.37B,-3.53%,$10.38B,$-0.65B,-6.28%,$-0.65B,$7.17B,-9.27%,$-0.65B,$0.84B,-117.06%,$-0.65B,$14.55B,-4.39%,$-0.10B,$10.79B,-0.86%,$2364,$1265,$1099,$0,$0,$3420,$-1056,$-117,$-1172,$51,$-1223,$-1220,$-1240,$-1056,$-1056,$209,209,$-5.92,$-5.92,$994,$579,$366,$2834,$3861,$704,$6326,$413,$11712,$14546,$2831,$3625,$684,$4550,$7381,$105,$3146,$695,$7165,$14546,$-362,$594,$1819,$2413,$-180,$-25,$189,$-343,$-359,$1692,$-548,$-191,$206,$0,$-47,$-47,$25,$-555,$-32,$0,$-32,$208,$208,$-356,$-369,$-549,$422,$0,$-356
4,2017-09-30,75.06,$36.23,2.07,$47.76,1.57,$5.25,14.29,$2.83,26.52,$3.03B,$2.37B,1.28,$4.30B,$0.00B,0.0,$9.95B,$4.40B,44.19%,$9.95B,$1.02B,10.28%,$9.95B,$1.02B,10.28%,$9.95B,$1.02B,10.28%,$9.95B,$0.98B,9.89%,$9.95B,$0.70B,7.07%,$0.70B,$7.61B,10.32%,$0.70B,$0.67B,171.05%,$0.70B,$15.92B,4.82%,$1.02B,$11.91B,9.25%,$2774,$1537,$1237,$0,$0,$2465,$309,$-48,$260,$73,$188,$188,$177,$309,$309,$210,210,$0.84,$0.84,$1136,$632,$588,$3034,$4242,$635,$6947,$1058,$12881,$15915,$2371,$4300,$1632,$5932,$8303,$0,$0,$0,$7611,$15915,$0,$0,$0,$0,$0,$0,$0,$0,$0,$0,$0,$0,$0,$0,$0,$0,$0,$0,$0,$0,$0,$0,$0,$0,$0,$0,$0,$0,$0
5,2017-06-30,82.4,$33.21,2.48,$46.17,1.78,$5.25,15.69,$3.41,24.16,$2.97B,$2.10B,1.41,$4.61B,$0.00B,0.0,$9.59B,$4.24B,44.17%,$9.59B,$1.04B,10.80%,$9.59B,$1.04B,10.80%,$9.59B,$1.04B,10.80%,$9.59B,$0.89B,9.32%,$9.59B,$0.66B,6.83%,$0.66B,$6.89B,9.92%,$0.66B,$0.45B,130.61%,$0.66B,$14.83B,4.66%,$1.04B,$11.50B,9.62%,$2701,$1471,$1230,$0,$0,$2351,$350,$-165,$185,$46,$140,$140,$120,$350,$350,$208,208,$0.58,$0.58,$1302,$591,$514,$2970,$3850,$592,$6430,$991,$11863,$14833,$2100,$4611,$1237,$5848,$7948,$0,$0,$0,$6885,$14833,$0,$0,$0,$0,$0,$0,$0,$0,$0,$0,$0,$0,$0,$0,$0,$0,$0,$0,$0,$0,$0,$0,$0,$0,$0,$0,$0,$0,$0
6,2017-03-31,68.94,$31.29,2.2,$43.91,1.57,$5.25,13.12,$3.37,20.46,$2.41B,$2.34B,1.03,$3.90B,$0.00B,0.0,$9.10B,$4.03B,44.25%,$9.10B,$1.02B,11.19%,$9.10B,$1.02B,11.19%,$9.10B,$1.02B,11.19%,$9.10B,$0.87B,9.55%,$9.10B,$0.65B,7.10%,$0.65B,$6.49B,10.00%,$0.65B,$0.27B,110.14%,$0.65B,$14.11B,4.78%,$1.02B,$10.39B,9.77%,$2537,$1436,$1101,$0,$0,$2236,$301,$60,$361,$62,$299,$299,$291,$301,$301,$207,207,$1.40,$1.40,$644,$663,$530,$2406,$3928,$541,$6217,$1014,$11700,$14106,$2336,$3904,$1378,$5283,$7619,$0,$0,$0,$6487,$14106,$0,$0,$0,$0,$0,$0,$0,$0,$0,$0,$0,$0,$0,$0,$0,$0,$0,$0,$0,$0,$0,$0,$0,$0,$0,$0,$0,$0,$0
7,2016-12-31,61.1,$30.24,2.02,$41.57,1.47,$5.25,11.63,$2.61,23.41,$2.21B,$1.94B,1.14,$4.16B,$6.27B,0.66,$8.62B,$3.86B,44.83%,$8.62B,$0.99B,11.47%,$8.62B,$0.99B,11.47%,$8.62B,$0.99B,11.47%,$8.62B,$0.70B,8.06%,$8.62B,$0.49B,5.66%,$0.49B,$6.27B,7.73%,$0.49B,$0.26B,70.65%,$0.49B,$13.55B,3.75%,$0.99B,$10.43B,9.72%,$1938,$1109,$829,$0,$0,$1876,$63,$115,$178,$61,$116,$123,$115,$63,$63,$207,207,$0.60,$0.60,$581,$521,$375,$2205,$3167,$1314,$6013,$557,$11341,$13546,$1935,$4164,$1008,$5343,$7278,$99,$3957,$-121,$6268,$13546,$701,$421,$420,$841,$-132,$-104,$543,$-275,$32,$1574,$-485,$-116,$-640,$0,$-99,$-99,$35,$-1305,$150,$0,$150,$0,$0,$-340,$-282,$-472,$-268,$0,$-340
8,2016-09-30,71.32,$32.72,2.18,$43.28,1.65,$3.61,19.75,$2.63,27.12,$2.71B,$2.12B,1.28,$3.98B,$0.00B,0.0,$8.98B,$4.35B,48.48%,$8.98B,$1.63B,18.19%,$8.98B,$1.63B,18.19%,$8.98B,$1.63B,18.19%,$8.98B,$0.72B,7.98%,$8.98B,$0.55B,6.16%,$0.55B,$6.78B,8.74%,$0.55B,$1.03B,62.24%,$0.55B,$13.69B,4.36%,$1.63B,$10.76B,16.22%,$2414,$1338,$1076,$0,$0,$2092,$322,$-152,$170,$39,$130,$130,$129,$322,$322,$208,208,$0.62,$0.62,$1146,$540,$478,$2712,$3271,$1251,$5756,$698,$10977,$13689,$2124,$3979,$804,$4783,$6906,$0,$0,$0,$6783,$13689,$0,$0,$0,$0,$0,$0,$0,$0,$0,$0,$0,$0,$0,$0,$0,$0,$0,$0,$0,$0,$0,$0,$0,$0,$0,$0,$0,$0,$0
9,2016-06-30,78.89,$30.46,2.59,$42.74,1.85,$3.61,21.84,$2.63,30.0,$2.33B,$1.84B,1.27,$3.76B,$0.00B,0.0,$8.86B,$4.37B,49.29%,$8.86B,$1.64B,18.53%,$8.86B,$1.64B,18.53%,$8.86B,$1.64B,18.53%,$8.86B,$0.73B,8.25%,$8.86B,$0.55B,6.15%,$0.55B,$6.31B,8.77%,$0.55B,$0.79B,64.33%,$0.55B,$12.70B,4.36%,$1.64B,$10.08B,16.40%,$2209,$1189,$1020,$0,$0,$1877,$332,$-172,$160,$42,$118,$118,$111,$332,$332,$206,206,$0.54,$0.54,$865,$483,$496,$2332,$3039,$1178,$5519,$629,$10365,$12697,$1838,$3762,$785,$4546,$6384,$0,$0,$0,$6314,$12697,$0,$0,$0,$0,$0,$0,$0,$0,$0,$0,$0,$0,$0,$0,$0,$0,$0,$0,$0,$0,$0,$0,$0,$0,$0,$0,$0,$0,$0
10,2016-03-31,78.14,$28.36,2.76,$43.43,1.8,$3.61,21.63,$2.93,26.67,$2.45B,$2.04B,1.2,$3.55B,$5.88B,0.6,$9.03B,$4.48B,49.65%,$9.03B,$1.66B,18.38%,$9.03B,$1.66B,18.38%,$9.03B,$1.66B,18.38%,$9.03B,$0.83B,9.16%,$9.03B,$0.61B,6.76%,$0.61B,$5.88B,9.62%,$0.61B,$0.69B,73.60%,$0.61B,$12.07B,4.80%,$1.66B,$9.43B,16.15%,$2059,$1120,$939,$0,$0,$1786,$272,$-86,$187,$49,$138,$138,$133,$272,$272,$208,208,$0.64,$0.64,$1011,$450,$524,$2453,$2821,$1081,$5191,$520,$9613,$12065,$2039,$3549,$598,$4148,$6187,$0,$0,$0,$5878,$12065,$0,$0,$0,$0,$0,$0,$0,$0,$0,$0,$0,$0,$0,$0,$0,$0,$0,$0,$0,$0,$0,$0,$0,$0,$0,$0,$0,$0,$0
11,2015-12-31,66.62,$0.00,0.0,$44.33,1.5,$3.61,18.44,$2.98,22.36,$2.46B,$1.77B,1.39,$3.68B,$6.32B,0.58,$9.20B,$4.53B,49.25%,$9.20B,$1.62B,17.63%,$9.20B,$1.62B,17.63%,$9.20B,$1.62B,17.63%,$9.20B,$0.86B,9.31%,$9.20B,$0.62B,6.74%,$0.62B,$6.32B,9.47%,$0.62B,$1.05B,78.18%,$0.62B,$12.23B,4.74%,$1.62B,$10.00B,15.17%,$2295,$978,$1317,$0,$610,$1587,$707,$-91,$199,$57,$142,$180,$180,$707,$707,$207,207,$0.87,$0.87,$1002,$469,$424,$2456,$0,$1178,$5278,$139,$6833,$12228,$1773,$3679,$387,$4131,$5904,$119,$4563,$0,$6324,$12228,$865,$416,$0,$416,$0,$0,$0,$0,$-476,$1349,$-600,$0,$0,$0,$0,$-2,$-35,$-637,$0,$0,$-408,$0,$0,$-373,$283,$-498,$176,$0,$0
12,2015-09-30,64.49,$0.00,0.0,$45.93,1.4,$7.98,8.08,$3.09,20.87,$2.33B,$1.99B,1.17,$4.20B,$0.00B,0.0,$9.54B,$5.84B,61.27%,$9.54B,$3.54B,37.15%,$9.54B,$3.54B,37.15%,$9.54B,$3.54B,37.15%,$9.54B,$3.28B,34.44%,$9.54B,$0.64B,6.75%,$0.64B,$6.33B,9.43%,$0.64B,$0.86B,85.50%,$0.64B,$12.98B,4.73%,$3.54B,$10.53B,31.74%,$2294,$1203,$1090,$0,$760,$1964,$330,$-149,$185,$63,$122,$121,$121,$330,$330,$207,207,$0.58,$0.58,$1063,$468,$369,$2332,$0,$1081,$5466,$1171,$7717,$12979,$1992,$4198,$461,$4659,$6651,$0,$0,$0,$6328,$12979,$0,$0,$0,$0,$0,$0,$0,$0,$0,$0,$0,$0,$0,$0,$0,$0,$0,$0,$0,$0,$0,$0,$0,$0,$0,$0,$0,$0,$0
13,2015-06-30,73.86,$0.00,0.0,$49.74,1.48,$7.98,9.25,$3.70,19.96,$2.25B,$1.89B,1.19,$4.31B,$0.00B,0.0,$10.33B,$6.15B,59.50%,$10.33B,$3.58B,34.66%,$10.33B,$3.58B,34.66%,$10.33B,$3.58B,34.66%,$10.33B,$3.41B,33.03%,$10.33B,$0.77B,7.46%,$0.77B,$6.84B,10.33%,$0.77B,$0.72B,97.87%,$0.77B,$13.56B,5.28%,$3.58B,$11.15B,30.15%,$2380,$1244,$1136,$0,$786,$2031,$350,$-100,$256,$79,$176,$176,$176,$350,$350,$209,209,$0.84,$0.84,$883,$473,$392,$2247,$0,$1152,$6120,$857,$8128,$13555,$1886,$4305,$525,$4830,$6716,$0,$0,$0,$6840,$13555,$0,$0,$0,$0,$0,$0,$0,$0,$0,$0,$0,$0,$0,$0,$0,$0,$0,$0,$0,$0,$0,$0,$0,$0,$0,$0,$0,$0,$0
14,2015-03-31,73.31,$0.00,0.0,$53.82,1.36,$7.98,9.18,$3.86,18.99,$2.27B,$1.97B,1.15,$4.42B,$0.00B,0.0,$11.15B,$8.21B,73.65%,$11.15B,$6.44B,57.70%,$11.15B,$6.44B,57.70%,$11.15B,$6.44B,57.70%,$11.15B,$6.36B,57.03%,$11.15B,$0.80B,7.18%,$0.80B,$6.69B,10.10%,$0.80B,$0.54B,28.61%,$0.80B,$13.58B,5.20%,$6.44B,$11.11B,51.88%,$2235,$1245,$990,$0,$754,$1999,$236,$-83,$217,$66,$151,$143,$143,$236,$236,$207,207,$0.69,$0.69,$895,$488,$416,$2269,$0,$1146,$6149,$869,$8163,$13584,$1971,$4421,$500,$4920,$6892,$0,$0,$0,$6693,$13584,$0,$0,$0,$0,$0,$0,$0,$0,$0,$0,$0,$0,$0,$0,$0,$0,$0,$0,$0,$0,$0,$0,$0,$0,$0,$0,$0,$0,$0
15,2014-12-31,79.42,$0.00,0.0,$57.21,1.39,$7.98,9.95,$4.02,19.76,$2.59B,$1.93B,1.34,$4.40B,$7.47B,0.59,$11.87B,$8.61B,72.48%,$11.87B,$6.60B,55.55%,$11.87B,$6.60B,55.55%,$11.87B,$6.60B,55.55%,$11.87B,$6.42B,54.04%,$11.87B,$0.83B,7.02%,$0.83B,$7.47B,10.03%,$0.83B,$0.89B,17.67%,$0.83B,$14.40B,5.20%,$6.60B,$11.86B,51.56%,$2626,$0,$2626,$0,$0,$0,$2626,$0,$2626,$0,$2626,$204,$204,$2626,$2626,$207,207,$0.98,$0.98,$879,$530,$198,$2585,$0,$1175,$6578,$434,$8387,$14398,$1926,$4395,$538,$5007,$6933,$139,$5059,$0,$7465,$14398,$1006,$470,$0,$470,$0,$0,$0,$0,$0,$1655,$0,$0,$0,$0,$0,$0,$-755,$-755,$0,$0,$0,$0,$0,$-409,$-361,$-770,$-159,$0,$0
16,2014-09-30,91.54,$0.00,0.0,$60.29,1.52,$4.30,21.3,$4.16,22.0,$3.59B,$2.74B,1.31,$4.57B,$0.00B,0.0,$12.51B,$7.40B,59.17%,$12.51B,$4.33B,34.61%,$12.51B,$4.33B,34.61%,$12.51B,$4.33B,34.61%,$12.51B,$4.13B,33.01%,$12.51B,$0.86B,6.88%,$0.86B,$8.81B,9.91%,$0.86B,$1.00B,17.77%,$0.86B,$16.78B,5.19%,$4.33B,$13.38B,32.93%,$3087,$1694,$1393,$0,$1025,$2719,$368,$-156,$312,$44,$268,$247,$247,$368,$368,$207,207,$1.19,$1.19,$1648,$643,$634,$3585,$0,$1275,$7811,$194,$9280,$16778,$2736,$4571,$664,$5235,$7971,$0,$0,$0,$8807,$16778,$0,$0,$0,$0,$0,$0,$0,$0,$0,$0,$0,$0,$0,$0,$0,$0,$0,$0,$0,$0,$0,$0,$0,$0,$0,$0,$0,$0,$0
17,2014-06-30,103.26,$0.00,0.0,$59.40,1.74,$4.30,24.02,$4.08,25.31,$3.40B,$2.66B,1.28,$4.49B,$0.00B,0.0,$12.32B,$7.37B,59.76%,$12.32B,$4.35B,35.27%,$12.32B,$4.35B,35.27%,$12.32B,$4.35B,35.27%,$12.32B,$4.17B,33.87%,$12.32B,$0.84B,6.84%,$0.84B,$8.77B,9.73%,$0.84B,$8.77B,12.44%,$0.84B,$16.84B,5.22%,$4.35B,$13.26B,34.27%,$3205,$0,$3205,$0,$0,$0,$3205,$0,$3205,$0,$3205,$207,$207,$3205,$3205,$207,207,$1.00,$1.00,$1481,$691,$602,$3403,$0,$0,$0,$9493,$9493,$16837,$2656,$4492,$918,$5410,$8066,$0,$0,$0,$8771,$16837,$0,$0,$0,$0,$0,$0,$0,$0,$0,$0,$0,$0,$0,$0,$0,$0,$0,$0,$0,$0,$0,$0,$0,$0,$0,$0,$0,$0,$0
18,2014-03-31,94.92,$0.00,0.0,$57.94,1.64,$4.30,22.08,$4.16,22.82,$3.24B,$2.66B,1.22,$4.44B,$0.00B,0.0,$11.99B,$5.50B,45.86%,$11.99B,$1.50B,12.53%,$11.99B,$1.50B,12.53%,$11.99B,$1.50B,12.53%,$11.99B,$1.29B,10.74%,$11.99B,$0.86B,7.16%,$0.86B,$8.22B,9.92%,$0.86B,$8.22B,12.69%,$0.86B,$16.16B,5.53%,$1.50B,$12.66B,12.37%,$2954,$1573,$1381,$0,$984,$2558,$396,$-95,$273,$92,$181,$176,$176,$396,$396,$208,208,$0.85,$0.85,$1442,$610,$593,$3240,$0,$0,$0,$9195,$9195,$16159,$2657,$4442,$839,$5281,$7939,$0,$0,$0,$8221,$16159,$0,$0,$0,$0,$0,$0,$0,$0,$0,$0,$0,$0,$0,$0,$0,$0,$0,$0,$0,$0,$0,$0,$0,$0,$0,$0,$0,$0,$0
19,2013-12-31,109.54,$0.00,0.0,$57.20,1.91,$4.30,25.48,$4.29,25.53,$3.30B,$2.47B,1.34,$4.34B,$8.95B,0.49,$11.77B,$5.42B,46.10%,$11.77B,$1.51B,12.79%,$11.77B,$1.51B,12.79%,$11.77B,$1.51B,12.79%,$11.77B,$1.32B,11.18%,$11.77B,$0.88B,7.48%,$0.88B,$8.95B,10.36%,$0.88B,$1.39B,13.32%,$0.88B,$16.54B,6.01%,$1.51B,$13.29B,13.26%,$3262,$1841,$1422,$0,$1062,$2903,$360,$-194,$339,$121,$217,$231,$231,$360,$360,$207,207,$1.12,$1.12,$1169,$697,$675,$3301,$0,$1280,$7556,$350,$9287,$16542,$2473,$4342,$714,$5124,$7597,$156,$5352,$0,$8945,$16542,$1337,$545,$0,$545,$0,$0,$0,$0,$-138,$1686,$-795,$0,$-2195,$0,$0,$-686,$-103,$-3779,$0,$0,$2291,$0,$0,$-458,$-38,$1795,$-604,$0,$0
20,2013-09-30,111.34,$0.00,0.0,$56.78,1.96,$8.98,12.39,$4.83,23.05,$3.62B,$2.83B,1.28,$2.80B,$0.00B,0.0,$11.61B,$5.34B,45.94%,$11.61B,$1.39B,11.96%,$11.61B,$1.39B,11.96%,$11.61B,$1.39B,11.96%,$11.61B,$1.51B,13.00%,$11.61B,$0.99B,8.49%,$0.99B,$8.73B,11.91%,$0.99B,$8.73B,14.11%,$0.99B,$15.06B,7.19%,$1.39B,$11.53B,13.19%,$2903,$1546,$1357,$0,$971,$2517,$386,$-36,$357,$124,$233,$229,$229,$386,$386,$207,207,$1.11,$1.11,$1844,$639,$557,$3617,$0,$0,$0,$7908,$7908,$15061,$2826,$2799,$705,$3503,$6329,$0,$0,$0,$8732,$15061,$0,$0,$0,$0,$0,$0,$0,$0,$0,$0,$0,$0,$0,$0,$0,$0,$0,$0,$0,$0,$0,$0,$0,$0,$0,$0,$0,$0,$0
21,2013-06-30,123.99,$0.00,0.0,$56.52,2.19,$8.98,13.8,$5.07,24.46,$3.34B,$2.71B,1.23,$2.39B,$0.00B,0.0,$11.50B,$5.31B,46.16%,$11.50B,$1.46B,12.65%,$11.50B,$1.46B,12.65%,$11.50B,$1.46B,12.65%,$11.50B,$1.56B,13.58%,$11.50B,$1.03B,8.95%,$1.03B,$8.70B,12.91%,$1.03B,$8.70B,15.40%,$1.03B,$14.35B,8.09%,$1.46B,$11.09B,14.71%,$2869,$1532,$1338,$0,$977,$2509,$360,$-84,$319,$91,$228,$222,$222,$360,$360,$205,205,$1.08,$1.08,$1600,$633,$573,$3338,$0,$0,$0,$7610,$7610,$14346,$2706,$2392,$551,$2943,$5649,$0,$0,$0,$8697,$14346,$0,$0,$0,$0,$0,$0,$0,$0,$0,$0,$0,$0,$0,$0,$0,$0,$0,$0,$0,$0,$0,$0,$0,$0,$0,$0,$0,$0,$0
22,2013-03-31,142.65,$0.00,0.0,$55.72,2.56,$12.56,11.36,$4.98,28.64,$2.73B,$2.59B,1.05,$1.88B,$0.00B,0.0,$11.29B,$5.18B,45.86%,$11.29B,$1.41B,12.52%,$11.29B,$1.41B,12.52%,$11.29B,$1.41B,12.52%,$11.29B,$1.52B,13.48%,$11.29B,$1.01B,8.92%,$1.01B,$7.61B,13.22%,$1.01B,$7.61B,15.91%,$1.01B,$12.63B,8.53%,$1.41B,$9.50B,15.22%,$2732,$1425,$1307,$0,$908,$2332,$399,$-22,$300,$101,$199,$198,$198,$399,$399,$203,203,$0.98,$0.98,$1123,$567,$463,$2726,$0,$0,$0,$6742,$6742,$12630,$2594,$1884,$540,$2424,$5018,$0,$0,$0,$7612,$12630,$0,$0,$0,$0,$0,$0,$0,$0,$0,$0,$0,$0,$0,$0,$0,$0,$0,$0,$0,$0,$0,$0,$0,$0,$0,$0,$0,$0,$0
23,2012-12-31,129.82,$0.00,0.0,$55.12,2.36,$14.68,8.84,$5.01,25.91,$3.54B,$2.28B,1.55,$1.91B,$8.09B,0.24,$11.11B,$5.01B,45.07%,$11.11B,$1.31B,11.80%,$11.11B,$1.31B,11.80%,$11.11B,$1.31B,11.80%,$11.11B,$1.54B,13.88%,$11.11B,$1.01B,9.08%,$1.01B,$8.09B,13.61%,$1.01B,$2.92B,16.48%,$1.01B,$12.81B,8.96%,$1.31B,$10.00B,14.69%,$3110,$1777,$1333,$0,$1090,$2866,$244,$31,$534,$178,$356,$337,$337,$244,$244,$203,203,$1.66,$1.66,$1792,$625,$404,$3541,$0,$413,$5169,$289,$5993,$12814,$2279,$1911,$461,$2448,$4727,$157,$4976,$0,$8087,$12814,$1542,$439,$0,$439,$0,$0,$0,$0,$100,$1824,$0,$0,$-86,$0,$0,$-17,$-745,$-848,$0,$0,$614,$0,$0,$-442,$-167,$5,$877,$0,$0
24,2012-09-30,112.36,$0.00,0.0,$54.36,2.07,$8.81,12.75,$4.64,24.22,$2.38B,$1.75B,1.36,$1.44B,$0.00B,0.0,$10.80B,$5.45B,50.42%,$10.80B,$2.32B,21.51%,$10.80B,$2.32B,21.51%,$10.80B,$2.32B,21.51%,$10.80B,$1.27B,11.77%,$10.80B,$0.92B,8.52%,$0.92B,$7.53B,12.78%,$0.92B,$7.53B,15.51%,$0.92B,$11.11B,8.54%,$2.32B,$8.97B,27.22%,$2792,$1460,$1332,$0,$880,$2340,$452,$-2,$409,$130,$279,$273,$273,$452,$452,$203,203,$1.35,$1.35,$848,$619,$316,$2377,$0,$0,$0,$5763,$5763,$11107,$1747,$1444,$387,$1832,$3579,$0,$0,$0,$7528,$11107,$0,$0,$0,$0,$0,$0,$0,$0,$0,$0,$0,$0,$0,$0,$0,$0,$0,$0,$0,$0,$0,$0,$0,$0,$0,$0,$0,$0,$0
25,2012-06-30,114.0,$0.00,0.0,$53.05,2.15,$8.81,12.93,$4.22,27.01,$2.11B,$1.61B,1.31,$1.43B,$0.00B,0.0,$10.30B,$5.08B,49.26%,$10.30B,$2.07B,20.07%,$10.30B,$2.07B,20.07%,$10.30B,$2.07B,20.07%,$10.30B,$1.18B,11.41%,$10.30B,$0.82B,7.95%,$0.82B,$7.25B,11.81%,$0.82B,$7.25B,14.45%,$0.82B,$10.68B,7.74%,$2.07B,$8.68B,25.02%,$2659,$1452,$1207,$0,$888,$2340,$319,$-70,$279,$68,$211,$199,$199,$319,$319,$201,201,$0.99,$0.99,$681,$578,$332,$2106,$0,$0,$0,$5665,$5665,$10677,$1611,$1432,$381,$1813,$3424,$0,$0,$0,$7252,$10677,$591,$0,$0,$0,$0,$0,$0,$0,$-134,$720,$0,$0,$0,$0,$0,$0,$0,$-314,$0,$0,$-102,$0,$0,$-414,$-77,$-592,$-221,$0,$0
26,2012-03-31,88.98,$0.00,0.0,$52.99,1.68,$5.24,16.97,$4.45,20.0,$2.25B,$2.01B,1.12,$1.25B,$0.00B,0.0,$10.07B,$4.99B,49.51%,$10.07B,$2.14B,21.26%,$10.07B,$2.14B,21.26%,$10.07B,$2.14B,21.26%,$10.07B,$1.23B,12.23%,$10.07B,$0.85B,8.39%,$0.85B,$6.79B,12.57%,$0.85B,$6.79B,15.48%,$0.85B,$10.45B,8.07%,$2.14B,$8.04B,26.61%,$2550,$1414,$1136,$0,$840,$2253,$296,$-13,$320,$108,$212,$200,$200,$296,$296,$198,198,$1.01,$1.01,$878,$588,$277,$2254,$0,$0,$0,$5341,$5341,$10445,$2011,$1246,$399,$1645,$3656,$0,$0,$0,$6790,$10445,$320,$0,$0,$0,$0,$0,$0,$0,$-8,$422,$0,$0,$0,$0,$0,$0,$0,$-86,$0,$0,$-271,$0,$0,$0,$-43,$-314,$-61,$0,$0
27,2011-12-31,79.99,$0.00,0.0,$51.58,1.55,$3.12,25.68,$4.48,17.86,$2.30B,$1.80B,1.28,$1.22B,$7.22B,0.17,$9.75B,$4.91B,50.37%,$9.75B,$2.25B,23.10%,$9.75B,$2.25B,23.10%,$9.75B,$2.25B,23.10%,$9.75B,$1.20B,12.33%,$9.75B,$0.85B,8.70%,$0.85B,$7.22B,13.03%,$0.85B,$2.16B,16.17%,$0.85B,$10.87B,8.28%,$2.25B,$8.45B,28.99%,$2799,$1029,$1770,$0,$514,$1543,$1256,$-85,$263,$94,$169,$248,$248,$1256,$1256,$192,192,$1.29,$1.29,$907,$543,$230,$2299,$0,$262,$5066,$233,$5593,$10867,$1798,$1221,$374,$1845,$3643,$228,$4313,$0,$7224,$10867,$1202,$326,$0,$326,$0,$0,$0,$0,$-226,$1098,$-499,$0,$-310,$0,$0,$-68,$-137,$-1014,$0,$299,$0,$0,$0,$-313,$-144,$-158,$-14,$0,$0
28,2011-09-30,74.55,$0.00,0.0,$49.60,1.5,$6.28,11.88,$4.55,16.38,$2.70B,$1.81B,1.49,$1.42B,$6.47B,0.22,$9.27B,$4.22B,45.53%,$9.27B,$1.42B,15.36%,$9.27B,$1.42B,15.36%,$9.27B,$1.42B,15.36%,$9.27B,$1.31B,14.07%,$9.27B,$0.85B,9.18%,$0.85B,$6.47B,13.81%,$0.85B,$6.47B,13.81%,$0.85B,$10.35B,8.71%,$1.42B,$7.90B,19.19%,$2296,$1333,$963,$0,$766,$2099,$197,$-68,$314,$111,$203,$172,$172,$197,$197,$185,185,$0.93,$0.93,$1526,$488,$191,$2698,$0,$0,$0,$4833,$4833,$10345,$1807,$1424,$644,$2067,$3875,$0,$0,$0,$6471,$10345,$0,$0,$0,$0,$0,$0,$0,$0,$0,$0,$0,$0,$0,$0,$0,$0,$0,$0,$0,$0,$0,$0,$0,$0,$0,$0,$0,$0,$0
29,2011-06-30,78.14,$0.00,0.0,$48.33,1.62,$6.28,12.45,$4.54,17.21,$2.49B,$1.80B,1.39,$1.41B,$6.41B,0.22,$9.04B,$4.26B,47.15%,$9.04B,$1.61B,17.85%,$9.04B,$1.61B,17.85%,$9.04B,$1.61B,17.85%,$9.04B,$1.25B,13.82%,$9.04B,$0.85B,9.40%,$0.85B,$6.41B,14.33%,$0.85B,$6.41B,14.33%,$0.85B,$10.21B,9.11%,$1.61B,$7.82B,22.64%,$2428,$1310,$1118,$0,$724,$2034,$393,$-57,$335,$102,$233,$225,$225,$393,$393,$185,185,$1.22,$1.22,$1428,$453,$178,$2490,$0,$0,$0,$4935,$4935,$10214,$1797,$1408,$597,$2005,$3802,$0,$0,$0,$6411,$10214,$0,$0,$0,$0,$0,$0,$0,$0,$0,$0,$0,$0,$0,$0,$0,$0,$0,$0,$0,$0,$0,$0,$0,$0,$0,$0,$0,$0,$0
30,2011-03-31,61.61,$0.00,0.0,$45.83,1.34,$9.21,6.69,$4.37,14.1,$2.22B,$2.05B,1.08,$0.98B,$0.22B,4.37,$8.58B,$4.03B,47.01%,$8.58B,$1.51B,17.56%,$8.58B,$1.51B,17.56%,$8.58B,$1.51B,17.56%,$8.58B,$1.19B,13.89%,$8.58B,$0.82B,9.55%,$0.82B,$5.93B,14.43%,$0.82B,$5.93B,14.43%,$0.82B,$9.52B,9.24%,$1.51B,$6.91B,22.13%,$2225,$1166,$1059,$0,$654,$1819,$406,$-32,$290,$95,$195,$203,$203,$406,$406,$195,195,$1.04,$1.04,$1118,$452,$217,$2220,$0,$0,$0,$4689,$4689,$9520,$2050,$975,$561,$1537,$3587,$0,$0,$0,$5933,$95202,$0,$0,$0,$0,$0,$0,$0,$0,$0,$0,$0,$0,$0,$0,$0,$0,$0,$0,$0,$0,$0,$0,$0,$0,$0,$0,$0,$0,$0
31,2010-12-31,65.96,$0.00,0.0,$44.87,1.47,$9.21,7.16,$4.32,15.27,$2.09B,$1.39B,1.5,$1.23B,$5.84B,0.21,$8.29B,$3.90B,47.06%,$8.29B,$1.46B,17.66%,$8.29B,$1.46B,17.66%,$8.29B,$1.46B,17.66%,$8.29B,$1.15B,13.88%,$8.29B,$0.80B,9.64%,$0.80B,$5.84B,14.49%,$0.80B,$5.84B,14.49%,$0.80B,$9.01B,9.30%,$1.46B,$7.06B,21.75%,$2324,$1242,$1082,$0,$654,$1895,$428,$-49,$366,$109,$257,$251,$251,$428,$428,$185,185,$1.36,$1.36,$990,$405,$190,$2088,$4529,$0,$0,$4386,$8916,$9011,$1394,$1225,$555,$1780,$3174,$252,$4353,$0,$5837,$9011,$1176,$325,$0,$325,$0,$0,$0,$0,$-432,$1159,$0,$0,$0,$0,$0,$89,$-642,$-553,$0,$196,$0,$0,$0,$-211,$-148,$-163,$379,$0,$0
32,2010-09-30,62.59,$0.00,0.0,$44.25,1.41,$7.80,8.02,$4.13,15.16,$1.83B,$1.33B,1.38,$1.16B,$0.19B,6.09,$8.17B,$3.67B,44.95%,$8.17B,$1.14B,13.90%,$8.17B,$1.14B,13.90%,$8.17B,$1.22B,14.91%,$8.17B,$1.15B,14.07%,$8.17B,$0.78B,9.53%,$0.78B,$5.55B,14.52%,$0.78B,$5.55B,17.74%,$0.78B,$8.59B,9.21%,$1.14B,$6.71B,17.55%,$2061,$1059,$1002,$0,$616,$1676,$386,$-75,$258,$82,$176,$171,$171,$386,$386,$185,185,$0.92,$0.92,$879,$395,$182,$1827,$0,$0,$0,$4300,$4300,$8585,$1328,$1164,$543,$1707,$3035,$0,$0,$0,$5550,$8585,$0,$0,$0,$0,$0,$0,$0,$0,$0,$0,$0,$0,$0,$0,$0,$0,$0,$0,$0,$0,$0,$0,$0,$0,$0,$0,$0,$0,$0
33,2010-06-30,50.09,$0.00,0.0,$43.84,1.14,$11.99,4.18,$4.09,12.25,$1.66B,$1.24B,1.34,$1.16B,$0.18B,6.5,$8.10B,$3.60B,44.51%,$8.10B,$1.07B,13.23%,$8.10B,$1.07B,13.23%,$8.10B,$1.36B,16.81%,$8.10B,$1.14B,14.05%,$8.10B,$0.77B,9.52%,$0.77B,$5.38B,14.76%,$0.77B,$5.38B,18.14%,$0.77B,$8.34B,9.26%,$1.07B,$6.54B,17.17%,$1966,$1078,$889,$0,$603,$1681,$286,$-49,$277,$71,$206,$194,$194,$286,$286,$185,185,$1.05,$1.05,$748,$400,$181,$1658,$0,$0,$0,$4319,$4319,$8339,$1240,$1158,$563,$1720,$2960,$0,$0,$0,$5379,$8339,$533,$0,$0,$0,$0,$0,$0,$0,$-209,$542,$0,$0,$0,$0,$0,$-218,$0,$-218,$0,$0,$47,$0,$0,$-208,$-74,$-235,$-46,$0,$0
34,2010-03-31,51.45,$0.00,0.0,$43.12,1.19,$12.33,4.17,$3.93,13.09,$2.02B,$1.33B,1.53,$1.30B,$0.19B,6.89,$7.96B,$3.59B,45.08%,$7.96B,$1.08B,13.54%,$7.96B,$1.08B,13.54%,$7.96B,$1.37B,17.18%,$7.96B,$1.10B,13.87%,$7.96B,$0.74B,9.31%,$0.74B,$5.29B,14.83%,$0.74B,$5.29B,18.42%,$0.74B,$8.44B,9.03%,$1.08B,$6.59B,18.20%,$1935,$1009,$926,$0,$564,$1572,$363,$-26,$249,$74,$175,$183,$183,$363,$363,$185,185,$0.99,$0.99,$1150,$359,$164,$2021,$0,$0,$0,$4193,$4193,$8436,$1325,$1297,$525,$1822,$3147,$0,$0,$0,$5289,$8436,$0,$0,$0,$0,$0,$0,$0,$0,$0,$0,$0,$0,$0,$0,$0,$0,$0,$0,$0,$0,$0,$0,$0,$0,$0,$0,$0,$0,$0
35,2009-12-31,50.88,$0.00,0.0,$64.57,0.79,$12.33,4.13,$4.94,10.3,$1.81B,$1.80B,1.01,$0.80B,$5.24B,0.15,$7.60B,$3.39B,44.63%,$7.60B,$0.95B,12.44%,$7.60B,$0.95B,12.44%,$7.60B,$1.24B,16.25%,$7.60B,$1.00B,13.12%,$7.60B,$0.66B,8.64%,$0.66B,$5.24B,14.08%,$0.66B,$1.35B,23.26%,$0.66B,$8.48B,8.33%,$0.95B,$6.05B,17.23%,$2209,$1352,$856,$0,$755,$2108,$101,$-40,$366,$118,$248,$231,$231,$183,$101,$185,185,$1.17,$1.17,$746,$383,$227,$1810,$0,$166,$3898,$130,$4272,$8475,$1796,$804,$427,$1435,$3231,$0,$3578,$0,$5244,$8475,$997,$290,$0,$290,$0,$0,$0,$0,$-100,$1290,$-391,$0,$-55,$0,$0,$-153,$-82,$-681,$0,$0,$-209,$0,$0,$-103,$-150,$-462,$127,$0,$0
36,2009-09-30,37.24,$0.00,0.0,$62.94,0.59,$11.21,3.32,$4.07,9.15,$1.58B,$1.64B,0.96,$0.80B,$4.99B,0.16,$7.15B,$3.88B,54.29%,$7.15B,$2.02B,28.21%,$7.15B,$2.02B,28.21%,$7.15B,$2.22B,31.12%,$7.15B,$0.55B,7.72%,$7.15B,$0.48B,6.67%,$0.48B,$4.99B,10.85%,$0.48B,$4.99B,17.86%,$0.48B,$8.06B,6.32%,$2.02B,$5.78B,38.45%,$1985,$1053,$932,$0,$612,$1665,$321,$-54,$245,$76,$169,$163,$163,$529,$321,$185,185,$0.88,$0.88,$675,$383,$180,$1579,$0,$0,$0,$4188,$4188,$8059,$1641,$795,$635,$1430,$3071,$0,$2883,$0,$4988,$8059,$634,$208,$0,$208,$0,$0,$0,$0,$-3,$973,$-200,$0,$-50,$0,$0,$0,$-48,$-298,$0,$-217,$0,$0,$0,$-100,$-143,$-460,$205,$0,$0
37,2009-06-30,31.06,$0.00,0.0,$62.61,0.5,$7.03,4.42,$3.85,8.07,$1.69B,$1.87B,0.91,$0.80B,$4.47B,0.18,$7.08B,$3.86B,54.53%,$7.08B,$2.01B,28.34%,$7.08B,$2.01B,28.34%,$7.08B,$2.01B,28.34%,$7.08B,$0.51B,7.23%,$7.08B,$0.44B,6.16%,$0.44B,$4.47B,9.88%,$0.44B,$4.47B,28.51%,$0.44B,$7.86B,5.70%,$2.01B,$5.27B,37.66%,$1833,$958,$875,$0,$582,$1540,$293,$-32,$244,$73,$171,$164,$164,$293,$293,$185,185,$0.89,$0.89,$853,$365,$172,$1692,$0,$0,$0,$4014,$4014,$7859,$1870,$800,$573,$1521,$3391,$234,$3131,$0,$4468,$7859,$393,$0,$0,$0,$0,$0,$0,$0,$-19,$605,$0,$0,$0,$0,$0,$0,$0,$-178,$0,$0,$185,$0,$0,$0,$-210,$-25,$388,$0,$0
38,2009-03-31,25.63,$0.00,0.0,$62.73,0.41,$3.75,6.84,$3.96,6.47,$1.47B,$1.67B,0.88,$0.90B,$3.96B,0.23,$7.03B,$3.85B,54.72%,$7.03B,$2.02B,28.71%,$7.03B,$2.02B,28.71%,$7.03B,$2.02B,28.71%,$7.03B,$0.52B,7.40%,$7.03B,$0.45B,6.39%,$0.45B,$3.96B,9.88%,$0.45B,$0.50B,86.55%,$0.45B,$7.17B,5.74%,$2.02B,$4.86B,36.00%,$1577,$846,$731,$0,$500,$1345,$231,$-89,$143,$44,$99,$99,$99,$231,$231,$49,49,$2.00,$2.00,$683,$331,$173,$1465,$0,$136,$3469,$0,$3691,$7173,$1674,$895,$512,$1535,$3209,$0,$2673,$0,$3963,$7173,$0,$0,$0,$0,$0,$0,$0,$0,$0,$0,$0,$0,$0,$0,$0,$0,$0,$0,$0,$0,$0,$0,$0,$0,$0,$0,$0,$0,$0
39,2008-12-31,32.74,$0.00,0.0,$39.32,0.83,$3.75,8.73,$2.76,11.86,$1.30B,$1.54B,0.84,$0.90B,$4.17B,0.22,$7.06B,$3.88B,55.04%,$7.06B,$2.05B,29.04%,$7.06B,$2.05B,29.04%,$7.06B,$2.05B,29.04%,$7.06B,$0.60B,8.52%,$7.06B,$0.50B,7.10%,$0.50B,$4.17B,10.57%,$0.50B,$0.73B,93.25%,$0.50B,$7.08B,6.21%,$2.05B,$5.07B,34.70%,$1752,$410,$1342,$0,$172,$581,$1171,$-194,$-80,$-41,$-40,$51,$51,$1171,$1171,$170,170,$0.30,$0.30,$448,$312,$162,$1300,$0,$130,$3431,$95,$3746,$7082,$1543,$900,$353,$1374,$2917,$0,$2453,$0,$4165,$7082,$601,$219,$0,$219,$0,$0,$0,$0,$877,$877,$-241,$0,$-278,$0,$0,$0,$-24,$-543,$0,$-133,$0,$0,$0,$-68,$-163,$-364,$-69,$0,$0
40,2008-09-30,37.97,$0.00,0.0,$38.21,0.99,$3.04,12.5,$3.43,11.07,$1.35B,$1.65B,0.82,$1.07B,$5.06B,0.21,$7.00B,$3.24B,46.25%,$7.00B,$0.96B,13.73%,$7.00B,$0.96B,13.73%,$7.00B,$0.96B,13.73%,$7.00B,$1.01B,14.36%,$7.00B,$0.63B,8.98%,$0.63B,$5.06B,12.93%,$0.63B,$0.42B,115.63%,$0.63B,$8.50B,7.59%,$0.96B,$6.13B,15.69%,$1920,$1006,$914,$0,$602,$1608,$312,$-104,$205,$79,$127,$122,$122,$312,$312,$184,184,$0.66,$0.66,$342,$427,$168,$1346,$3918,$147,$4637,$0,$8832,$8498,$1647,$1066,$569,$1793,$3440,$0,$3823,$0,$5058,$8498,$0,$0,$0,$0,$0,$0,$0,$0,$0,$0,$0,$0,$0,$0,$0,$0,$0,$0,$0,$0,$0,$0,$0,$0,$0,$0,$0,$0,$0
41,2008-06-30,42.43,$0.00,0.0,$35.99,1.18,$3.04,13.97,$3.70,11.47,$1.55B,$1.50B,1.04,$1.38B,$4.99B,0.28,$6.60B,$3.07B,46.52%,$6.60B,$0.91B,13.73%,$6.60B,$0.91B,13.73%,$6.60B,$0.91B,13.73%,$6.60B,$1.05B,15.85%,$6.60B,$0.68B,10.29%,$0.68B,$4.99B,14.60%,$0.68B,$0.43B,139.50%,$0.68B,$8.56B,8.43%,$0.91B,$6.38B,15.15%,$1780,$921,$859,$0,$555,$1476,$304,$-53,$252,$71,$180,$177,$177,$304,$304,$177,177,$1.00,$1.00,$477,$435,$234,$1551,$3889,$147,$4567,$0,$8724,$8559,$1495,$1383,$527,$2072,$3567,$0,$3328,$0,$4992,$8559,$0,$0,$0,$0,$0,$0,$0,$0,$0,$0,$0,$0,$0,$0,$0,$0,$0,$0,$0,$0,$0,$0,$0,$0,$0,$0,$0,$0,$0
42,2008-03-31,41.62,$0.00,0.0,$34.16,1.22,$3.04,13.7,$3.57,11.66,$1.63B,$1.41B,1.16,$1.30B,$4.75B,0.27,$6.34B,$2.95B,46.48%,$6.34B,$0.87B,13.64%,$6.34B,$0.87B,13.64%,$6.34B,$0.87B,13.64%,$6.34B,$1.01B,15.99%,$6.34B,$0.66B,10.45%,$0.66B,$4.75B,15.01%,$0.66B,$0.57B,167.42%,$0.66B,$8.13B,8.54%,$0.87B,$6.06B,14.93%,$1605,$836,$769,$0,$507,$1343,$262,$-38,$224,$70,$154,$151,$151,$262,$262,$188,188,$0.80,$0.80,$710,$358,$197,$1631,$3664,$138,$4183,$0,$8101,$8125,$1408,$1303,$509,$1963,$3372,$0,$3224,$0,$4753,$8125,$0,$0,$0,$0,$0,$0,$0,$0,$0,$0,$0,$0,$0,$0,$0,$0,$0,$0,$0,$0,$0,$0,$0,$0,$0,$0,$0,$0,$0
43,2007-12-31,36.41,$0.00,0.0,$26.38,1.38,$3.04,11.99,$2.83,12.87,$1.60B,$1.48B,1.08,$1.29B,$4.65B,0.28,$6.11B,$2.82B,46.16%,$6.11B,$0.81B,13.27%,$6.11B,$0.81B,13.27%,$6.11B,$0.81B,13.27%,$6.11B,$0.96B,15.66%,$6.11B,$0.62B,10.09%,$0.62B,$4.65B,14.76%,$0.62B,$0.76B,272.27%,$0.62B,$7.99B,8.16%,$0.81B,$5.94B,14.33%,$1696,$1000,$696,$0,$613,$1614,$83,$-6,$324,$123,$202,$179,$179,$83,$83,$184,184,$0.97,$0.97,$754,$313,$101,$1599,$0,$135,$3890,$239,$4379,$7986,$1484,$1292,$423,$1851,$3335,$0,$2558,$0,$4651,$7986,$651,$305,$0,$305,$0,$0,$0,$0,$0,$822,$-263,$0,$0,$0,$0,$-98,$-74,$-435,$0,$-30,$0,$0,$0,$-76,$-54,$-160,$227,$0,$0
44,2007-09-30,31.71,$0.00,0.0,$24.71,1.28,$3.22,9.84,$2.61,12.15,$1.43B,$1.34B,1.07,$1.33B,$4.21B,0.32,$5.80B,$2.69B,46.42%,$5.80B,$0.83B,14.28%,$5.80B,$0.83B,14.28%,$5.80B,$0.83B,14.28%,$5.80B,$0.86B,14.77%,$5.80B,$0.58B,9.92%,$0.58B,$4.21B,14.50%,$0.58B,$0.19B,724.53%,$0.58B,$7.56B,7.90%,$0.83B,$5.54B,15.07%,$1520,$773,$747,$0,$490,$1263,$257,$-11,$246,$70,$176,$172,$172,$257,$257,$185,185,$0.93,$0.93,$744,$324,$92,$1430,$3342,$39,$4020,$0,$7564,$7555,$1339,$1326,$538,$2004,$3343,$0,$2492,$0,$4212,$7555,$0,$0,$0,$0,$0,$0,$0,$0,$0,$0,$0,$0,$0,$0,$0,$0,$0,$0,$0,$0,$0,$0,$0,$0,$0,$0,$0,$0,$0
45,2007-06-30,32.72,$0.00,0.0,$30.85,1.06,$3.22,10.15,$2.02,16.2,$1.32B,$1.11B,1.19,$1.60B,$4.05B,0.39,$4.41B,$1.39B,31.52%,$4.41B,$-0.39B,-8.91%,$4.41B,$-0.39B,-8.91%,$4.41B,$-0.39B,-8.91%,$4.41B,$0.84B,18.99%,$4.41B,$0.41B,9.22%,$0.41B,$4.05B,10.78%,$0.41B,$0.06B,-1030.38%,$0.41B,$7.39B,5.78%,$-0.39B,$5.64B,-7.43%,$1522,$786,$736,$0,$473,$1259,$263,$-36,$220,$56,$164,$161,$161,$263,$263,$185,185,$0.87,$0.87,$643,$311,$129,$1319,$3283,$43,$3985,$0,$7476,$7386,$1109,$1595,$503,$2229,$3338,$278,$2743,$0,$4048,$7386,$0,$0,$0,$0,$0,$0,$0,$0,$0,$0,$0,$0,$0,$0,$0,$0,$0,$0,$0,$0,$0,$0,$0,$0,$0,$0,$0,$0,$0
46,2007-03-31,26.14,$0.00,0.0,$29.47,0.89,$3.22,8.11,$1.48,17.67,$1.34B,$1.18B,1.13,$1.70B,$3.79B,0.45,$4.16B,$1.27B,30.47%,$4.16B,$-0.44B,-10.62%,$4.16B,$-0.44B,-10.62%,$4.16B,$-0.44B,-10.62%,$4.16B,$0.74B,17.66%,$4.16B,$0.31B,7.38%,$0.31B,$3.79B,8.60%,$0.31B,$-0.11B,-199.67%,$0.31B,$7.27B,4.52%,$-0.44B,$5.49B,-8.84%,$1367,$728,$639,$0,$432,$1160,$207,$-41,$166,$57,$110,$104,$104,$207,$207,$1847,1847,$0.06,$0.06,$706,$282,$96,$1337,$3276,$40,$3896,$0,$7372,$7271,$1183,$1704,$476,$2302,$3485,$276,$2546,$0,$3786,$7271,$0,$0,$0,$0,$0,$0,$0,$0,$0,$0,$0,$0,$0,$0,$0,$0,$0,$0,$0,$0,$0,$0,$0,$0,$0,$0,$0,$0,$0
47,2006-12-31,27.51,$0.00,0.0,$29.39,0.94,$3.22,8.53,$1.47,18.71,$1.03B,$1.12B,0.92,$1.50B,$3.84B,0.39,$4.01B,$1.21B,30.22%,$4.01B,$-0.47B,-11.60%,$4.01B,$-0.47B,-11.60%,$4.01B,$-0.47B,-11.60%,$4.01B,$0.71B,17.69%,$4.01B,$0.29B,7.21%,$0.29B,$3.84B,8.32%,$0.29B,$0.17B,-124.84%,$0.29B,$6.95B,4.37%,$-0.47B,$5.34B,-9.58%,$1395,$822,$572,$0,$470,$1293,$102,$-39,$225,$69,$156,$139,$139,$102,$102,$185,185,$0.75,$0.75,$414,$259,$102,$1025,$0,$38,$3667,$218,$4082,$6947,$1115,$1499,$345,$1991,$3106,$0,$2064,$0,$3841,$6947,$468,$328,$0,$328,$0,$0,$0,$0,$-12,$784,$-189,$0,$0,$0,$0,$-42,$-53,$-284,$0,$-127,$0,$0,$0,$-66,$-89,$-282,$218,$0,$0
