,Date,Stock Price,Book Value per Share,Price to Book Ratio,TTM Sales per Share,Price to Sales Ratio,TTM FCF per Share,Price to FCF Ratio,TTM Net EPS,PE Ratio,Current Assets,Current Liabilities,Current Ratio,Long Term Debt,Shareholder's Equity_x,Debt to Equity Ratio,TTM Revenue_x,TTM Gross Profit,Gross Margin,TTM Revenue_y,TTM Operating Income,Operating Margin,TTM Revenue_x,TTM EBIT,EBIT Margin,TTM Revenue_y,TTM EBITDA,EBITDA Margin,TTM Revenue_x,TTM Pre-Tax Income,Pre-Tax Margin,TTM Revenue_y,TTM Net Income_x,Net Margin,TTM Net Income_y,Shareholder's Equity_y,Return on Equity,TTM Net Income_x,Tangible Equity,Return on Tangible Equity,TTM Net Income_y,Total Assets,Return on Assets,TTM Net Income,LT Investments & Debt,Return on Investment,revenue,cost-goods-sold,gross-profit,research-development-expenses,selling-general-administrative-expenses,operating-expenses,operating-income,total-non-operating-income-expense,pre-tax-income,total-provision-income-taxes,income-after-taxes,income-from-continuous-operations,net-income,ebitda,ebit,basic-shares-outstanding,shares-outstanding,eps-basic-net-earnings-per-share,eps-earnings-per-share-diluted,cash-on-hand,inventory,other-current-assets,total-current-assets,net-property-plant-equipment,long-term-investments,goodwill-intangible-assets-total,other-long-term-assets,total-long-term-assets,total-assets,total-current-liabilities,long-term-debt,other-non-current-liabilities,total-long-term-liabilities,total-liabilities,common-stock-net,retained-earnings-accumulated-deficit,comprehensive-income,total-share-holder-equity,total-liabilities-share-holders-equity,net-income-loss,total-depreciation-amortization-cash-flow,other-non-cash-items,total-non-cash-items,change-in-accounts-receivable,change-in-inventories,change-in-accounts-payable,change-in-assets-liabilities,total-change-in-assets-liabilities,cash-flow-from-operating-activities,net-change-in-property-plant-equipment,net-change-in-intangible-assets,net-acquisitions-divestitures,net-change-in-short-term-investments,net-change-in-long-term-investments,net-change-in-investments-total,investing-activities-other,cash-flow-from-investing-activities,net-long-term-debt,net-current-debt,debt-issuance-retirement-net-total,net-common-equity-issued-repurchased,net-total-equity-issued-repurchased,total-common-preferred-stock-dividends-paid,financial-activities-other,cash-flow-from-financial-activities,net-cash-flow,stock-based-compensation,common-stock-dividends-paid
0,2018-09-30,2.3,$0.21,10.72,$14.67,0.16,$-0.93,0.0,$-1.94,0.0,$0.01B,$0.02B,0.47,$0.03B,$0.00B,11.37,$0.16B,$0.12B,74.85%,$0.16B,$-0.02B,-11.04%,$0.16B,$-0.02B,-11.04%,$0.16B,$-0.00B,-2.45%,$0.16B,$-0.02B,-12.27%,$0.16B,$-0.02B,-12.27%,$-0.02B,$0.00B,-400.00%,$-0.02B,$0.00B,-400.00%,$-0.02B,$0.08B,-23.32%,$-0.02B,$0.04B,-46.75%,$37,$10,$28,$0,$16,$42,$-4,$-1,$-5,$0,$-5,$-5,$-5,$-1,$-4,$13,13,$-0.39,$-0.39,$4,$2,$0,$7,$71,$0,$0,$1,$72,$79,$15,$32,$0,$61,$76,$0,$-88,$0,$3,$79,$-9,$10,$1,$11,$1,$0,$0,$-1,$-4,$-1,$-1,$0,$0,$0,$0,$0,$0,$-1,$-1,$-4,$-4,$6,$6,$0,$-0,$1,$-1,$0,$0
1,2018-06-30,2.35,$0.59,3.97,$16.24,0.14,$-1.51,0.0,$-1.88,0.0,$0.01B,$0.01B,0.67,$0.03B,$0.01B,4.15,$0.17B,$0.13B,74.12%,$0.17B,$-0.02B,-10.00%,$0.17B,$-0.02B,-10.00%,$0.17B,$-0.00B,-1.18%,$0.17B,$-0.02B,-10.59%,$0.17B,$-0.02B,-10.59%,$-0.02B,$0.01B,-205.71%,$-0.02B,$0.01B,-205.71%,$-0.02B,$0.09B,-19.57%,$-0.02B,$0.04B,-39.08%,$42,$11,$32,$0,$18,$43,$-0,$-1,$-1,$0,$-1,$-1,$-1,$3,$-0,$12,12,$-0.08,$-0.08,$5,$2,$0,$9,$75,$0,$0,$1,$76,$85,$13,$33,$0,$64,$77,$0,$-83,$0,$8,$85,$-3,$7,$0,$7,$1,$-0,$-1,$-1,$-4,$-0,$-1,$0,$0,$0,$0,$0,$0,$-1,$-0,$-4,$-4,$6,$6,$0,$-0,$1,$0,$0,$0
2,2018-03-31,1.9,$0.31,6.07,$17.40,0.11,$-2.19,0.0,$-2.23,0.0,$0.01B,$0.02B,0.39,$0.03B,$0.00B,10.38,$0.18B,$0.13B,73.14%,$0.18B,$-0.02B,-11.43%,$0.18B,$-0.02B,-11.43%,$0.18B,$-0.01B,-2.86%,$0.18B,$-0.02B,-12.00%,$0.18B,$-0.02B,-12.00%,$-0.02B,$0.00B,-175.00%,$-0.02B,$0.00B,-175.00%,$-0.02B,$0.09B,-21.54%,$-0.02B,$0.04B,-41.88%,$42,$11,$31,$0,$19,$44,$-2,$-1,$-2,$-0,$-2,$-2,$-2,$2,$-2,$10,10,$-0.24,$-0.24,$4,$2,$0,$7,$79,$0,$0,$1,$80,$87,$19,$33,$0,$65,$84,$0,$-82,$0,$3,$87,$-2,$3,$0,$4,$0,$-0,$-1,$-0,$-2,$-1,$-0,$0,$0,$0,$0,$0,$-0,$-0,$-0,$0,$-0,$0,$0,$0,$-0,$-0,$-1,$0,$0
3,2017-12-31,1.75,$0.56,3.12,$17.69,0.1,$-2.48,0.0,$-2.32,0.0,$0.01B,$0.02B,0.55,$0.04B,$0.01B,6.52,$0.18B,$0.13B,73.03%,$0.18B,$-0.02B,-11.80%,$0.18B,$-0.02B,-11.80%,$0.18B,$-0.01B,-3.37%,$0.18B,$-0.02B,-12.36%,$0.18B,$-0.02B,-12.36%,$-0.02B,$0.01B,-125.71%,$-0.02B,$0.01B,-125.71%,$-0.02B,$0.09B,-21.57%,$-0.02B,$0.04B,-39.62%,$42,$11,$31,$0,$19,$54,$-12,$-1,$-12,$0,$-12,$-12,$-12,$-8,$-12,$10,10,$-1.23,$-1.23,$5,$2,$0,$9,$82,$0,$0,$1,$83,$92,$17,$37,$0,$70,$86,$0,$-80,$0,$6,$92,$-23,$15,$12,$27,$0,$0,$0,$2,$2,$6,$-12,$0,$0,$0,$0,$0,$0,$-12,$13,$-2,$11,$-3,$-3,$0,$-0,$7,$2,$1,$0
4,2017-09-30,3.8,$1.78,2.14,$17.53,0.22,$-3.84,0.0,$-2.67,0.0,$0.01B,$0.02B,0.54,$0.04B,$0.02B,2.07,$0.18B,$0.13B,72.78%,$0.18B,$-0.03B,-13.89%,$0.18B,$-0.03B,-13.89%,$0.18B,$-0.01B,-5.56%,$0.18B,$-0.03B,-15.00%,$0.18B,$-0.03B,-15.00%,$-0.03B,$0.02B,-112.50%,$-0.03B,$0.02B,-112.50%,$-0.03B,$0.10B,-25.47%,$-0.03B,$0.06B,-44.25%,$44,$12,$32,$0,$20,$47,$-3,$-1,$-3,$0,$-3,$-3,$-3,$1,$-3,$10,10,$-0.33,$-0.33,$4,$2,$0,$8,$94,$0,$0,$1,$95,$104,$15,$37,$0,$71,$86,$0,$-67,$0,$18,$104,$-11,$11,$3,$14,$-0,$0,$-0,$3,$1,$4,$-11,$0,$0,$0,$0,$0,$0,$-11,$13,$-2,$11,$-3,$-3,$0,$-0,$8,$0,$1,$0
5,2017-06-30,3.7,$2.08,1.78,$17.26,0.21,$-4.82,0.0,$-2.58,0.0,$0.01B,$0.02B,0.48,$0.04B,$0.02B,1.73,$0.18B,$0.13B,73.18%,$0.18B,$-0.02B,-13.41%,$0.18B,$-0.02B,-13.41%,$0.18B,$-0.01B,-5.59%,$0.18B,$-0.03B,-15.08%,$0.18B,$-0.03B,-15.08%,$-0.03B,$0.02B,-85.04%,$-0.03B,$0.02B,-85.04%,$-0.03B,$0.11B,-24.49%,$-0.02B,$0.06B,-39.18%,$47,$13,$34,$0,$20,$50,$-3,$-1,$-4,$0,$-4,$-4,$-4,$0,$-3,$10,10,$-0.43,$-0.43,$3,$2,$0,$8,$98,$0,$0,$1,$99,$107,$17,$36,$0,$69,$86,$0,$-64,$0,$21,$107,$-8,$7,$2,$10,$-1,$0,$0,$2,$-1,$1,$-9,$0,$0,$0,$0,$0,$-0,$-9,$12,$-2,$10,$-3,$-3,$0,$-0,$7,$-1,$0,$0
6,2017-03-31,6.3,$2.49,2.53,$16.57,0.38,$-5.31,0.0,$-2.23,0.0,$0.01B,$0.02B,0.37,$0.03B,$0.03B,1.27,$0.18B,$0.13B,73.71%,$0.18B,$-0.02B,-12.57%,$0.18B,$-0.02B,-12.57%,$0.18B,$-0.01B,-4.00%,$0.18B,$-0.02B,-13.71%,$0.18B,$-0.02B,-13.71%,$-0.02B,$0.03B,-61.15%,$-0.02B,$0.03B,-61.15%,$-0.02B,$0.11B,-21.62%,$-0.02B,$0.06B,-34.24%,$45,$13,$33,$0,$20,$48,$-3,$-0,$-3,$0,$-3,$-3,$-3,$1,$-3,$10,10,$-0.33,$-0.33,$2,$2,$0,$6,$98,$0,$0,$1,$99,$105,$16,$32,$0,$64,$80,$0,$-60,$0,$25,$105,$-3,$4,$0,$4,$1,$0,$0,$1,$-0,$1,$-4,$0,$0,$0,$0,$0,$0,$-4,$8,$-2,$6,$-3,$-3,$0,$-0,$3,$-1,$0,$0
7,2016-12-31,12.55,$2.99,4.2,$15.62,0.8,$-5.80,0.0,$-2.05,0.0,$0.01B,$0.02B,0.45,$0.03B,$0.03B,0.82,$0.17B,$0.13B,73.96%,$0.17B,$-0.02B,-12.43%,$0.17B,$-0.02B,-12.43%,$0.17B,$-0.01B,-3.55%,$0.17B,$-0.02B,-13.61%,$0.17B,$-0.02B,-13.61%,$-0.02B,$0.03B,-47.92%,$-0.02B,$0.03B,-47.92%,$-0.02B,$0.11B,-20.81%,$-0.02B,$0.06B,-31.70%,$44,$12,$32,$0,$20,$60,$-16,$-0,$-17,$0,$-17,$-17,$-17,$-12,$-16,$11,11,$-1.53,$-1.53,$4,$2,$0,$9,$98,$0,$0,$1,$100,$108,$19,$26,$0,$58,$77,$0,$-56,$0,$32,$108,$-22,$15,$14,$28,$-0,$-0,$1,$10,$14,$21,$-42,$0,$0,$0,$0,$0,$-0,$-42,$29,$-3,$27,$-11,$-11,$0,$-1,$16,$-6,$1,$0
8,2016-09-30,12.57,$4.64,2.71,$14.96,0.84,$-6.32,0.0,$-0.65,0.0,$0.01B,$0.02B,0.65,$0.03B,$0.05B,0.51,$0.16B,$0.12B,74.23%,$0.16B,$-0.01B,-4.29%,$0.16B,$-0.01B,-4.29%,$0.16B,$0.01B,4.29%,$0.16B,$-0.01B,-4.91%,$0.16B,$-0.01B,-4.91%,$-0.01B,$0.05B,-14.35%,$-0.01B,$0.05B,-14.35%,$-0.01B,$0.12B,-7.34%,$-0.01B,$0.07B,-10.33%,$43,$12,$32,$0,$19,$46,$-2,$-0,$-3,$0,$-3,$-3,$-3,$1,$-2,$11,11,$-0.24,$-0.24,$6,$2,$0,$12,$108,$0,$0,$1,$109,$121,$19,$25,$0,$54,$72,$0,$-40,$0,$49,$121,$-5,$10,$1,$11,$-1,$-0,$-0,$8,$8,$14,$-33,$0,$0,$0,$0,$0,$-0,$-33,$25,$0,$25,$-9,$-9,$0,$-0,$15,$-3,$1,$0
9,2016-06-30,10.72,$4.88,2.19,$14.01,0.76,$-6.47,0.0,$-0.54,0.0,$0.01B,$0.02B,0.53,$0.02B,$0.05B,0.35,$0.16B,$0.12B,73.72%,$0.16B,$-0.01B,-3.85%,$0.16B,$-0.01B,-3.85%,$0.16B,$0.01B,4.49%,$0.16B,$-0.01B,-3.85%,$0.16B,$-0.01B,-3.85%,$-0.01B,$0.05B,-10.04%,$-0.01B,$0.05B,-10.04%,$-0.01B,$0.11B,-5.76%,$-0.01B,$0.07B,-9.16%,$43,$11,$32,$0,$19,$44,$-1,$-0,$-1,$0,$-1,$-1,$-1,$3,$-1,$11,11,$-0.08,$-0.08,$4,$2,$0,$9,$101,$0,$0,$1,$102,$110,$16,$18,$0,$43,$59,$0,$-37,$0,$51,$110,$-2,$7,$1,$7,$-1,$-0,$0,$5,$4,$9,$-23,$0,$0,$0,$0,$0,$-0,$-23,$18,$0,$18,$-10,$-10,$0,$0,$8,$-5,$1,$0
10,2016-03-31,12.95,$5.39,2.4,$13.27,0.98,$-6.06,0.0,$-0.47,0.0,$0.01B,$0.02B,0.37,$0.01B,$0.06B,0.08,$0.15B,$0.11B,73.83%,$0.15B,$-0.01B,-3.36%,$0.15B,$-0.01B,-3.36%,$0.15B,$0.01B,4.03%,$0.15B,$-0.01B,-3.36%,$0.15B,$-0.01B,-3.36%,$-0.01B,$0.06B,-7.87%,$-0.01B,$0.06B,-7.87%,$-0.01B,$0.10B,-4.93%,$-0.01B,$0.07B,-7.72%,$39,$11,$29,$0,$18,$41,$-2,$-0,$-2,$0,$-2,$-2,$-2,$2,$-2,$11,11,$-0.15,$-0.15,$4,$2,$0,$6,$96,$0,$0,$1,$97,$103,$17,$5,$0,$26,$43,$0,$-36,$0,$60,$103,$-2,$3,$0,$3,$1,$0,$-0,$1,$1,$3,$-13,$0,$0,$0,$0,$0,$-0,$-13,$5,$0,$5,$-1,$-1,$0,$0,$4,$-6,$0,$0
11,2015-12-31,15.86,$5.56,2.85,$12.70,1.25,$-5.64,0.0,$-0.40,0.0,$0.01B,$0.02B,0.71,$0.00B,$0.06B,0.0,$0.14B,$0.11B,73.43%,$0.14B,$-0.00B,-2.80%,$0.14B,$-0.00B,-2.80%,$0.14B,$0.01B,3.50%,$0.14B,$-0.00B,-2.80%,$0.14B,$-0.00B,-2.80%,$-0.00B,$0.06B,-6.18%,$-0.00B,$0.06B,-6.18%,$-0.00B,$0.10B,-4.01%,$-0.00B,$0.06B,-6.18%,$38,$10,$28,$0,$17,$40,$-2,$-0,$-2,$0,$-2,$-2,$-2,$1,$-2,$11,11,$-0.18,$-0.18,$9,$2,$0,$13,$87,$0,$0,$1,$88,$102,$19,$0,$0,$20,$39,$0,$-35,$0,$63,$102,$-4,$10,$2,$11,$-1,$-0,$0,$4,$3,$10,$-38,$0,$0,$0,$0,$0,$-0,$-38,$0,$0,$0,$0,$0,$0,$0,$0,$-28,$1,$0
12,2015-09-30,15.75,$5.72,2.75,$12.39,1.27,$-3.87,0.0,$-0.30,0.0,$0.02B,$0.02B,1.16,$0.00B,$0.07B,0.0,$0.14B,$0.10B,72.99%,$0.14B,$-0.00B,-2.19%,$0.14B,$-0.00B,-2.19%,$0.14B,$0.01B,3.65%,$0.14B,$-0.00B,-2.19%,$0.14B,$-0.00B,-2.19%,$-0.00B,$0.07B,-4.60%,$-0.00B,$0.07B,-4.60%,$-0.00B,$0.10B,-3.07%,$-0.00B,$0.07B,-4.60%,$36,$10,$26,$0,$16,$37,$-1,$-0,$-1,$0,$-1,$-1,$-1,$1,$-1,$11,11,$-0.13,$-0.13,$16,$0,$2,$20,$81,$0,$0,$1,$82,$102,$17,$0,$0,$20,$37,$0,$-33,$0,$65,$102,$-2,$7,$1,$8,$-2,$-0,$-1,$3,$1,$7,$-28,$0,$0,$0,$0,$0,$-0,$-28,$0,$0,$0,$1,$1,$0,$0,$1,$-21,$1,$0
13,2015-06-30,19.41,$5.82,3.34,$11.87,1.63,$-2.47,0.0,$-0.14,0.0,$0.03B,$0.02B,2.16,$0.00B,$0.07B,0.0,$0.13B,$0.10B,73.28%,$0.13B,$-0.00B,-1.53%,$0.13B,$-0.00B,-1.53%,$0.13B,$0.01B,4.58%,$0.13B,$-0.00B,-1.53%,$0.13B,$-0.00B,-1.53%,$-0.00B,$0.07B,-3.05%,$-0.00B,$0.07B,-3.05%,$-0.00B,$0.10B,-2.09%,$-0.00B,$0.07B,-3.05%,$36,$10,$27,$0,$16,$36,$-0,$-0,$-0,$0,$-0,$-0,$-0,$2,$-0,$11,11,$-0.01,$-0.01,$28,$0,$2,$31,$67,$0,$0,$1,$68,$99,$15,$0,$0,$19,$34,$0,$-31,$0,$66,$99,$-1,$5,$1,$5,$-1,$-0,$-0,$2,$1,$5,$-14,$0,$0,$0,$0,$0,$-0,$-15,$0,$0,$0,$1,$1,$0,$0,$1,$-9,$1,$0
14,2015-03-31,28.42,$5.79,4.91,$11.95,2.38,$-1.79,0.0,$-0.02,0.0,$0.04B,$0.01B,2.62,$0.00B,$0.07B,0.0,$0.13B,$0.09B,72.80%,$0.13B,$-0.00B,-0.80%,$0.13B,$-0.00B,-0.80%,$0.13B,$0.01B,5.60%,$0.13B,$-0.00B,-0.80%,$0.13B,$-0.00B,-0.80%,$-0.00B,$0.07B,-1.53%,$-0.00B,$0.07B,-1.53%,$-0.00B,$0.10B,-1.07%,$-0.00B,$0.07B,-1.53%,$33,$9,$24,$0,$15,$34,$-1,$-0,$-1,$-0,$-1,$-1,$-1,$1,$-1,$11,11,$-0.08,$-0.08,$32,$0,$2,$35,$60,$0,$0,$1,$61,$96,$13,$0,$0,$18,$31,$0,$-31,$0,$65,$96,$-1,$2,$0,$3,$-1,$0,$-0,$1,$0,$2,$-7,$0,$0,$0,$0,$0,$-0,$-7,$0,$0,$0,$0,$0,$0,$0,$0,$-5,$0,$0
15,2014-12-31,23.09,$5.84,3.96,$12.14,1.9,$-1.45,0.0,$0.09,256.56,$0.04B,$0.01B,3.21,$0.00B,$0.07B,0.0,$0.12B,$0.09B,72.50%,$0.12B,0,0.00%,$0.12B,0,0.00%,$0.12B,$0.01B,6.67%,$0.12B,0,0.00%,$0.12B,0,0.00%,$0.00B,$0.07B,0.00%,$0.00B,$0.07B,0.00%,$0.00B,$0.09B,0.00%,$0.00B,$0.07B,0.00%,$32,$9,$23,$0,$14,$32,$-1,$-0,$-1,$0,$-1,$-1,$-1,$1,$-1,$10,10,$-0.11,$-0.10,$37,$0,$2,$39,$54,$0,$0,$1,$55,$94,$12,$0,$0,$17,$29,$0,$-30,$0,$65,$94,$1,$7,$1,$8,$0,$-0,$0,$4,$6,$15,$-22,$0,$0,$0,$0,$0,$-0,$-22,$0,$-4,$-4,$42,$42,$0,$-1,$38,$31,$1,$0
16,2014-09-30,19.73,$5.98,3.3,$11.86,1.66,$-1.33,0.0,$0.11,179.36,$0.04B,$0.01B,3.73,$0.00B,$0.07B,0.0,$0.11B,$0.08B,73.21%,$0.11B,0,0.00%,$0.11B,0,0.00%,$0.11B,$0.01B,7.14%,$0.11B,0,0.00%,$0.11B,0,0.00%,$0.00B,$0.07B,0.00%,$0.00B,$0.07B,0.00%,$0.00B,$0.09B,0.00%,$0.00B,$0.07B,0.00%,$30,$8,$22,$0,$13,$30,$0,$-0,$0,$-0,$0,$0,$0,$2,$0,$11,11,$0.03,$0.03,$38,$0,$2,$41,$51,$0,$0,$1,$52,$93,$11,$0,$0,$16,$27,$0,$-29,$0,$66,$93,$2,$5,$1,$6,$0,$0,$-0,$3,$3,$11,$-16,$0,$0,$0,$0,$0,$-0,$-16,$-4,$0,$-4,$41,$41,$0,$0,$38,$32,$1,$0
17,2014-06-30,19.41,$5.93,3.27,$11.98,1.62,$-0.64,0.0,$0.16,121.31,$0.04B,$0.01B,4.46,$0.00B,$0.07B,0.0,$0.11B,$0.08B,72.90%,$0.11B,$0.00B,0.93%,$0.11B,$0.00B,0.93%,$0.11B,$0.01B,7.48%,$0.11B,$0.00B,0.93%,$0.11B,$0.00B,0.93%,$0.00B,$0.07B,3.01%,$0.00B,$0.07B,3.01%,$0.00B,$0.09B,1.72%,$0.00B,$0.07B,2.94%,$30,$8,$22,$0,$12,$29,$1,$-0,$1,$0,$1,$1,$1,$3,$1,$9,9,$0.12,$0.11,$42,$0,$2,$44,$45,$0,$0,$1,$46,$90,$10,$0,$0,$15,$25,$0,$-30,$0,$65,$90,$1,$3,$0,$4,$0,$0,$-0,$2,$3,$8,$-10,$0,$0,$0,$0,$0,$-0,$-10,$-4,$0,$-4,$41,$41,$0,$0,$38,$36,$0,$0
18,2014-03-31,20.37,$2.65,7.68,$11.66,1.75,$-0.16,0.0,$0.23,88.57,$0.01B,$0.01B,0.7,$0.00B,$0.02B,0.15,$0.10B,$0.08B,72.82%,$0.10B,$0.00B,1.94%,$0.10B,$0.00B,1.94%,$0.10B,$0.01B,7.77%,$0.10B,$0.00B,1.94%,$0.10B,$0.00B,1.94%,$0.00B,$0.02B,8.89%,$0.00B,$0.02B,8.89%,$0.00B,$0.05B,4.37%,$0.00B,$0.03B,8.60%,$28,$8,$20,$0,$12,$27,$0,$-0,$0,$0,$0,$0,$0,$2,$0,$9,9,$0.03,$0.03,$5,$0,$1,$7,$41,$0,$0,$1,$43,$49,$9,$4,$0,$17,$26,$0,$-31,$0,$23,$49,$0,$2,$0,$2,$1,$0,$-0,$1,$2,$4,$-5,$0,$0,$0,$0,$0,$-0,$-5,$0,$0,$0,$0,$0,$0,$0,$0,$-1,$0,$0
19,2013-12-31,18.52,$2.60,7.13,$11.27,1.64,$0.00,0.0,$0.32,57.88,$0.01B,$0.02B,0.57,$0.00B,$0.02B,0.0,$0.10B,$0.07B,73.47%,$0.10B,$0.00B,3.06%,$0.10B,$0.00B,3.06%,$0.10B,$0.01B,9.18%,$0.10B,$0.00B,3.06%,$0.10B,$0.00B,3.06%,$0.00B,$0.02B,13.79%,$0.00B,$0.02B,13.79%,$0.00B,$0.05B,6.94%,$0.00B,$0.02B,13.79%,$24,$7,$18,$0,$11,$25,$-1,$-0,$-1,$-0,$-1,$-1,$-1,$1,$-1,$9,9,$-0.06,$-0.07,$6,$0,$1,$8,$40,$0,$0,$1,$41,$50,$15,$0,$0,$13,$28,$0,$-31,$0,$22,$50,$3,$6,$1,$7,$-1,$0,$0,$1,$0,$9,$-14,$0,$0,$0,$0,$0,$-0,$-15,$3,$0,$3,$0,$0,$0,$-0,$3,$-2,$1,$0
20,2013-09-30,11.62,$2.64,4.41,$11.07,1.05,$1.20,9.7,$0.48,24.21,$0.01B,$0.01B,1.11,$0.00B,$0.02B,0.0,$0.10B,$0.07B,73.20%,$0.10B,$0.01B,5.15%,$0.10B,$0.01B,5.15%,$0.10B,$0.01B,10.31%,$0.10B,$0.01B,5.15%,$0.10B,$0.01B,5.15%,$0.01B,$0.02B,23.81%,$0.01B,$0.02B,23.81%,$0.01B,$0.04B,12.35%,$0.01B,$0.02B,23.81%,$25,$7,$18,$0,$10,$24,$1,$-0,$1,$0,$1,$1,$1,$2,$1,$9,9,$0.08,$0.08,$9,$0,$1,$11,$32,$0,$0,$1,$33,$44,$10,$0,$0,$11,$21,$0,$-30,$0,$23,$44,$3,$4,$0,$5,$0,$0,$-0,$-1,$-1,$7,$-5,$0,$0,$0,$0,$0,$-0,$-5,$-0,$0,$-0,$0,$0,$0,$-0,$-1,$1,$0,$0
21,2013-06-30,11.72,$2.54,4.62,$10.99,1.07,$1.38,8.49,$0.51,22.98,$0.01B,$0.01B,1.5,$0.00B,$0.02B,0.0,$0.10B,$0.07B,72.92%,$0.10B,$0.01B,5.21%,$0.10B,$0.01B,5.21%,$0.10B,$0.01B,11.46%,$0.10B,$0.01B,5.21%,$0.10B,$0.01B,5.21%,$0.01B,$0.02B,25.00%,$0.01B,$0.02B,25.00%,$0.01B,$0.04B,12.82%,$0.01B,$0.02B,25.00%,$26,$7,$19,$0,$10,$24,$2,$-0,$2,$0,$2,$2,$2,$3,$2,$9,9,$0.18,$0.18,$10,$0,$1,$12,$28,$0,$0,$1,$29,$40,$8,$0,$0,$11,$19,$0,$-31,$0,$22,$40,$3,$3,$0,$3,$0,$0,$-0,$-1,$-2,$4,$-1,$0,$0,$0,$0,$0,$0,$-1,$-0,$0,$-0,$-0,$-0,$0,$-0,$-1,$2,$0,$0
22,2013-03-31,9.13,$2.30,3.97,$10.83,0.84,$1.45,6.29,$0.53,17.23,$0.01B,$0.01B,1.36,$0.00B,$0.02B,0.01,$0.10B,$0.07B,72.63%,$0.10B,$0.01B,5.26%,$0.10B,$0.01B,5.26%,$0.10B,$0.01B,11.58%,$0.10B,$0.01B,5.26%,$0.10B,$0.01B,5.26%,$0.01B,$0.02B,25.97%,$0.01B,$0.02B,25.97%,$0.01B,$0.04B,12.74%,$0.01B,$0.02B,25.97%,$23,$6,$17,$0,$10,$22,$1,$-0,$1,$0,$1,$1,$1,$3,$1,$9,9,$0.12,$0.12,$8,$0,$1,$10,$28,$0,$0,$1,$29,$39,$7,$0,$0,$11,$19,$0,$-33,$0,$20,$39,$1,$1,$0,$2,$0,$0,$-0,$-1,$-2,$1,$-0,$0,$0,$0,$0,$0,$-0,$-0,$-0,$0,$-0,$-0,$-0,$0,$0,$-0,$0,$0,$0
23,2012-12-31,8.7,$2.21,3.94,$10.82,0.8,$1.48,5.88,$0.54,16.11,$0.01B,$0.01B,1.12,$0.00B,$0.02B,0.01,$0.10B,$0.07B,72.92%,$0.10B,$0.01B,5.21%,$0.10B,$0.01B,5.21%,$0.10B,$0.01B,11.46%,$0.10B,$0.01B,5.21%,$0.10B,$0.01B,5.21%,$0.01B,$0.02B,27.03%,$0.01B,$0.02B,27.03%,$0.01B,$0.04B,12.66%,$0.01B,$0.02B,26.67%,$23,$6,$17,$0,$9,$22,$1,$-0,$1,$-0,$1,$1,$1,$2,$1,$9,9,$0.11,$0.10,$8,$0,$1,$10,$29,$0,$0,$1,$30,$39,$9,$0,$0,$12,$20,$0,$-34,$0,$19,$39,$5,$6,$0,$6,$0,$0,$0,$-2,$-3,$7,$-2,$0,$0,$0,$0,$0,$0,$-2,$0,$0,$0,$-4,$-4,$0,$-0,$-4,$2,$0,$0
24,2012-09-30,8.95,$2.15,4.16,$10.68,0.84,$1.51,5.93,$0.52,17.21,$0.01B,$0.01B,1.09,$0.00B,$0.02B,0.01,$0.10B,$0.07B,72.92%,$0.10B,$0.01B,5.21%,$0.10B,$0.01B,5.21%,$0.10B,$0.01B,11.46%,$0.10B,$0.01B,5.21%,$0.10B,$0.01B,5.21%,$0.01B,$0.02B,27.40%,$0.01B,$0.02B,27.40%,$0.01B,$0.04B,12.50%,$0.01B,$0.02B,27.03%,$24,$7,$17,$0,$10,$23,$1,$-0,$1,$0,$1,$1,$1,$3,$1,$9,9,$0.11,$0.11,$7,$0,$1,$8,$30,$0,$0,$1,$30,$38,$8,$0,$0,$12,$20,$0,$-34,$0,$19,$38,$4,$4,$0,$5,$-0,$0,$-0,$-1,$-4,$4,$-1,$0,$0,$0,$0,$0,$0,$-1,$0,$0,$0,$-3,$-3,$0,$-0,$-3,$0,$0,$0
25,2012-06-30,9.02,$2.15,4.19,$10.49,0.86,$1.48,6.12,$0.47,19.19,$0.01B,$0.01B,1.08,$0.00B,$0.02B,0.02,$0.10B,$0.07B,72.92%,$0.10B,$0.01B,5.21%,$0.10B,$0.01B,5.21%,$0.10B,$0.01B,10.42%,$0.10B,$0.01B,5.21%,$0.10B,$0.01B,5.21%,$0.01B,$0.02B,27.40%,$0.01B,$0.02B,27.40%,$0.01B,$0.04B,12.20%,$0.01B,$0.02B,27.03%,$25,$7,$18,$0,$10,$23,$2,$-0,$2,$0,$2,$2,$2,$3,$2,$9,9,$0.20,$0.20,$8,$0,$1,$10,$30,$0,$0,$1,$31,$41,$9,$0,$0,$13,$22,$0,$-35,$0,$19,$41,$3,$3,$0,$3,$-0,$0,$0,$-1,$-2,$4,$-1,$0,$0,$0,$0,$0,$0,$-1,$0,$0,$0,$-2,$-2,$0,$-0,$-2,$2,$0,$0
26,2012-03-31,5.44,$1.97,2.76,$10.29,0.53,$1.29,4.21,$0.35,15.54,$0.01B,$0.01B,0.83,$0.00B,$0.02B,0.02,$0.10B,$0.07B,72.92%,$0.10B,$0.00B,4.17%,$0.10B,$0.00B,4.17%,$0.10B,$0.01B,9.38%,$0.10B,$0.00B,4.17%,$0.10B,$0.00B,4.17%,$0.00B,$0.02B,22.22%,$0.00B,$0.02B,22.22%,$0.00B,$0.04B,9.70%,$0.00B,$0.02B,21.92%,$24,$6,$18,$0,$10,$23,$1,$-0,$1,$0,$1,$1,$1,$3,$1,$9,9,$0.13,$0.13,$6,$0,$1,$7,$32,$0,$0,$1,$33,$40,$9,$0,$0,$14,$22,$0,$-37,$0,$17,$40,$1,$1,$0,$2,$-0,$0,$-0,$-0,$-2,$1,$-0,$0,$0,$0,$0,$0,$0,$-0,$0,$0,$0,$-2,$-2,$0,$-0,$-1,$-1,$0,$0
27,2011-12-31,6.12,$1.97,3.1,$9.99,0.61,$1.30,4.72,$0.21,29.14,$0.01B,$0.01B,0.76,$0.00B,$0.02B,0.0,$0.09B,$0.07B,72.34%,$0.09B,$0.00B,3.19%,$0.09B,$0.00B,3.19%,$0.09B,$0.01B,7.45%,$0.09B,$0.00B,3.19%,$0.09B,$0.00B,3.19%,$0.00B,$0.02B,16.67%,$0.00B,$0.02B,16.67%,$0.00B,$0.04B,7.19%,$0.00B,$0.02B,16.67%,$23,$6,$17,$0,$10,$22,$1,$-0,$1,$-0,$1,$1,$1,$2,$1,$9,9,$0.09,$0.08,$7,$0,$1,$8,$33,$0,$0,$1,$34,$41,$10,$0,$0,$14,$24,$0,$-38,$0,$18,$41,$2,$6,$1,$7,$0,$0,$-0,$-3,$-1,$8,$-1,$0,$0,$0,$0,$0,$-0,$-2,$-1,$0,$-1,$-2,$-2,$0,$0,$-2,$4,$1,$0
28,2011-09-30,5.55,$2.04,2.72,$9.56,0.58,$0.68,8.12,$0.08,69.38,$0.01B,$0.01B,0.86,$0.00B,$0.02B,0.0,$0.09B,$0.06B,71.91%,$0.09B,$0.00B,2.25%,$0.09B,$0.00B,2.25%,$0.09B,$0.01B,6.74%,$0.09B,$0.00B,2.25%,$0.09B,$0.00B,2.25%,$0.00B,$0.02B,11.27%,$0.00B,$0.02B,11.27%,$0.00B,$0.04B,4.76%,$0.00B,$0.02B,11.27%,$24,$6,$17,$0,$10,$23,$1,$-0,$1,$0,$1,$1,$1,$2,$1,$9,9,$0.06,$0.06,$6,$0,$1,$7,$34,$0,$0,$1,$35,$42,$8,$0,$0,$14,$23,$0,$-39,$0,$19,$42,$1,$4,$0,$5,$0,$0,$-0,$-2,$-2,$4,$-1,$0,$0,$0,$0,$0,$-0,$-1,$-0,$0,$-0,$1,$1,$0,$0,$0,$3,$0,$0
29,2011-06-30,5.59,$1.95,2.87,$9.28,0.6,$0.32,17.71,$-0.03,0.0,$0.01B,$0.01B,0.73,$0.00B,$0.02B,0.0,$0.09B,$0.06B,72.09%,$0.09B,$0.00B,1.16%,$0.09B,$0.00B,1.16%,$0.09B,$0.01B,5.81%,$0.09B,$0.00B,1.16%,$0.09B,$0.00B,1.16%,$0.00B,$0.02B,5.80%,$0.00B,$0.02B,5.80%,$0.00B,$0.04B,2.38%,$0.00B,$0.02B,5.71%,$25,$7,$18,$0,$10,$24,$1,$-0,$1,$0,$1,$1,$1,$2,$1,$9,9,$0.08,$0.08,$4,$0,$1,$6,$35,$0,$0,$1,$36,$42,$8,$0,$0,$16,$24,$0,$-40,$0,$18,$42,$1,$3,$0,$3,$-0,$0,$-0,$-1,$-1,$3,$-1,$0,$0,$0,$0,$0,$-0,$-1,$-0,$0,$-0,$0,$0,$0,$0,$-0,$2,$0,$0
30,2011-03-31,5.25,$1.85,2.84,$9.12,0.58,$0.18,29.17,$-0.08,0.0,$0.01B,$0.01B,0.55,$0.00B,$0.02B,0.0,$0.08B,$0.06B,72.62%,$0.08B,0,0.00%,$0.08B,0,0.00%,$0.08B,$0.01B,5.95%,$0.08B,0,0.00%,$0.08B,0,0.00%,$0.00B,$0.02B,0.00%,$0.00B,$0.02B,0.00%,$0.00B,$0.04B,0.00%,$0.00B,$0.02B,0.00%,$22,$6,$16,$0,$9,$22,$-0,$-0,$-0,$0,$-0,$-0,$-0,$1,$-0,$9,9,$-0.01,$-0.01,$3,$0,$1,$5,$36,$0,$0,$1,$37,$42,$8,$0,$0,$16,$25,$0,$-40,$0,$17,$42,$-0,$1,$0,$2,$0,$0,$0,$-0,$-0,$1,$-1,$0,$0,$0,$0,$0,$-0,$-1,$-0,$0,$-0,$0,$0,$0,$0,$-0,$1,$0,$0
31,2010-12-31,4.1,$1.85,2.22,$9.00,0.46,$0.11,36.54,$-0.17,0.0,$0.00B,$0.01B,0.45,$0.00B,$0.02B,0.01,$0.08B,$0.06B,72.29%,$0.08B,$-0.00B,-1.20%,$0.08B,$-0.00B,-1.20%,$0.08B,$0.01B,6.02%,$0.08B,$-0.00B,-1.20%,$0.08B,$-0.00B,-1.20%,$-0.00B,$0.02B,-5.80%,$-0.00B,$0.02B,-5.80%,$-0.00B,$0.04B,-2.29%,$-0.00B,$0.02B,-5.63%,$18,$5,$13,$0,$8,$19,$-0,$-0,$-0,$0,$-0,$-0,$-0,$1,$-0,$9,9,$-0.05,$-0.05,$3,$0,$1,$4,$37,$0,$0,$1,$38,$42,$9,$0,$0,$16,$25,$0,$-40,$0,$17,$42,$-2,$6,$1,$6,$0,$0,$-0,$-0,$0,$5,$-4,$0,$0,$0,$6,$6,$0,$2,$-6,$0,$-6,$0,$0,$0,$0,$-6,$0,$0,$0
32,2010-09-30,3.46,$1.89,1.84,$8.72,0.4,$-0.70,0.0,$-2.22,0.0,$0.00B,$0.01B,0.41,$0.00B,$0.02B,0.01,$0.08B,$0.06B,72.50%,$0.08B,$-0.02B,-18.75%,$0.08B,$-0.02B,-18.75%,$0.08B,$-0.01B,-10.00%,$0.08B,$-0.02B,-18.75%,$0.08B,$-0.02B,-25.00%,$-0.02B,$0.02B,-114.29%,$-0.02B,$0.02B,-114.29%,$-0.02B,$0.04B,-43.72%,$-0.02B,$0.02B,-82.19%,$21,$6,$15,$0,$9,$21,$-0,$-0,$-0,$0,$-0,$-0,$-0,$1,$-0,$9,9,$-0.05,$-0.05,$2,$0,$1,$3,$38,$0,$0,$1,$39,$42,$9,$0,$0,$17,$25,$0,$-40,$0,$17,$42,$-1,$4,$0,$5,$0,$0,$-1,$0,$-0,$3,$-3,$0,$0,$0,$6,$6,$0,$3,$-1,$-6,$-6,$0,$0,$0,$0,$-6,$-0,$0,$0
33,2010-06-30,3.67,$1.92,1.91,$8.68,0.42,$-1.41,0.0,$-2.28,0.0,$0.01B,$0.01B,0.52,$0.00B,$0.02B,0.02,$0.08B,$0.06B,73.42%,$0.08B,$-0.02B,-20.25%,$0.08B,$-0.02B,-20.25%,$0.08B,$-0.01B,-10.13%,$0.08B,$-0.02B,-20.25%,$0.08B,$-0.02B,-26.58%,$-0.02B,$0.02B,-93.33%,$-0.02B,$0.02B,-93.33%,$-0.02B,$0.04B,-40.19%,$-0.02B,$0.02B,-68.82%,$23,$6,$17,$0,$10,$22,$0,$-0,$0,$0,$0,$0,$0,$2,$0,$9,9,$0.03,$0.03,$3,$0,$1,$5,$38,$0,$0,$1,$38,$43,$9,$0,$0,$17,$25,$0,$-39,$0,$18,$43,$-1,$3,$0,$3,$-0,$0,$-0,$0,$-0,$2,$-2,$0,$0,$0,$6,$6,$0,$5,$-0,$-6,$-6,$0,$0,$0,$0,$-6,$1,$0,$0
34,2010-03-31,3.86,$1.88,2.06,$8.83,0.44,$-2.02,0.0,$-2.34,0.0,$0.01B,$0.02B,0.67,$0.00B,$0.02B,0.03,$0.08B,$0.06B,74.03%,$0.08B,$-0.02B,-22.08%,$0.08B,$-0.02B,-22.08%,$0.08B,$-0.01B,-11.69%,$0.08B,$-0.02B,-22.08%,$0.08B,$-0.02B,-27.27%,$-0.02B,$0.02B,-76.36%,$-0.02B,$0.02B,-76.36%,$-0.02B,$0.05B,-35.59%,$-0.02B,$0.02B,-59.65%,$21,$6,$15,$0,$10,$22,$-1,$-0,$-1,$0,$-1,$-1,$-1,$1,$-1,$9,9,$-0.10,$-0.10,$9,$0,$1,$10,$38,$0,$0,$1,$39,$48,$15,$0,$0,$16,$31,$0,$-40,$0,$17,$48,$-1,$1,$0,$2,$0,$0,$-0,$-0,$0,$1,$-1,$0,$0,$0,$-0,$-0,$0,$-1,$-0,$-0,$-0,$0,$0,$0,$0,$-0,$0,$0,$0
35,2009-12-31,2.93,$1.97,1.49,$8.95,0.33,$-2.38,0.0,$-2.41,0.0,$0.01B,$0.02B,0.67,$0.00B,$0.02B,0.04,$0.08B,$0.06B,74.67%,$0.08B,$-0.02B,-22.67%,$0.08B,$-0.02B,-22.67%,$0.08B,$-0.01B,-12.00%,$0.08B,$-0.02B,-22.67%,$0.08B,$-0.02B,-28.00%,$-0.02B,$0.02B,-65.63%,$-0.02B,$0.02B,-65.63%,$-0.02B,$0.05B,-32.94%,$-0.02B,$0.02B,-51.52%,$15,$4,$11,$0,$7,$29,$-14,$0,$-14,$0,$-14,$-14,$-19,$-12,$-14,$9,9,$-2.21,$-2.21,$9,$0,$1,$10,$39,$0,$0,$1,$40,$50,$15,$1,$0,$17,$32,$0,$-39,$0,$18,$50,$-22,$7,$17,$25,$1,$0,$1,$-0,$2,$5,$-12,$0,$0,$0,$1,$1,$0,$-11,$-1,$3,$3,$3,$3,$0,$0,$6,$-0,$1,$0
36,2009-09-30,3.32,$4.05,0.82,$9.53,0.35,$-2.91,0.0,$-1.14,0.0,$0.01B,$0.01B,0.74,$0.00B,$0.04B,0.02,$0.08B,$0.06B,74.68%,$0.08B,$-0.01B,-10.13%,$0.08B,$-0.01B,-10.13%,$0.08B,$-0.00B,-1.27%,$0.08B,$-0.01B,-10.13%,$0.08B,$-0.01B,-8.86%,$-0.01B,$0.04B,-19.18%,$-0.01B,$0.04B,-19.18%,$-0.01B,$0.07B,-10.33%,$-0.01B,$0.04B,-21.33%,$20,$5,$15,$0,$9,$21,$-1,$0,$-1,$0,$-1,$-1,$-1,$1,$-1,$9,9,$-0.11,$-0.11,$9,$0,$1,$10,$57,$0,$0,$1,$57,$68,$14,$1,$0,$17,$31,$0,$-20,$0,$37,$68,$-2,$5,$0,$6,$0,$0,$-0,$-1,$1,$4,$-11,$0,$0,$0,$1,$1,$0,$-10,$-1,$3,$3,$3,$3,$0,$0,$6,$0,$0,$0
37,2009-06-30,3.36,$4.15,0.81,$9.76,0.34,$-3.19,0.0,$-1.63,0.0,$0.01B,$0.02B,0.9,$0.00B,$0.04B,0.03,$0.08B,$0.06B,74.36%,$0.08B,$-0.01B,-10.26%,$0.08B,$-0.01B,-10.26%,$0.08B,$-0.00B,-1.28%,$0.08B,$-0.01B,-10.26%,$0.08B,$-0.01B,-12.82%,$-0.01B,$0.04B,-26.85%,$-0.01B,$0.04B,-26.85%,$-0.01B,$0.07B,-14.76%,$-0.01B,$0.04B,-20.78%,$21,$5,$16,$0,$10,$22,$-1,$-0,$-1,$0,$-1,$-1,$-0,$1,$-1,$8,8,$-0.03,$-0.03,$12,$0,$1,$14,$55,$0,$0,$1,$56,$70,$15,$1,$0,$16,$32,$0,$-19,$0,$38,$70,$-1,$4,$0,$4,$1,$0,$0,$-1,$1,$3,$-8,$0,$0,$0,$-0,$-0,$0,$-8,$-0,$4,$4,$3,$3,$0,$0,$7,$3,$0,$0
38,2009-03-31,1.65,$5.32,0.31,$9.60,0.17,$-3.02,0.0,$-1.68,0.0,$0.01B,$0.02B,0.3,$0.00B,$0.04B,0.03,$0.08B,$0.06B,72.73%,$0.08B,$-0.01B,-9.09%,$0.08B,$-0.01B,-9.09%,$0.08B,$-0.00B,-1.30%,$0.08B,$-0.01B,-9.09%,$0.08B,$-0.01B,-14.29%,$-0.01B,$0.04B,-28.39%,$-0.01B,$0.04B,-28.39%,$-0.01B,$0.07B,-16.36%,$-0.01B,$0.04B,-17.39%,$19,$5,$14,$0,$9,$21,$-1,$0,$-1,$0,$-1,$-1,$-1,$1,$-1,$8,8,$-0.14,$-0.14,$3,$0,$1,$5,$55,$7,$0,$1,$63,$67,$15,$1,$0,$18,$32,$0,$-18,$0,$35,$67,$-1,$2,$0,$2,$1,$0,$-0,$0,$1,$2,$-4,$0,$0,$0,$-0,$-0,$0,$-5,$1,$2,$3,$0,$0,$0,$0,$3,$0,$0,$0
39,2008-12-31,2.2,$5.47,0.4,$9.91,0.22,$-2.93,0.0,$-1.61,0.0,$0.01B,$0.01B,0.38,$0.00B,$0.04B,0.04,$0.08B,$0.06B,72.37%,$0.08B,$-0.01B,-9.21%,$0.08B,$-0.01B,-9.21%,$0.08B,$-0.00B,-1.32%,$0.08B,$-0.01B,-7.89%,$0.08B,$-0.01B,-14.47%,$-0.01B,$0.04B,-26.51%,$-0.01B,$0.04B,-26.51%,$-0.01B,$0.07B,-16.24%,$-0.01B,$0.04B,-16.28%,$19,$5,$14,$0,$9,$24,$-5,$-0,$-5,$0,$-5,$-5,$-5,$-4,$-5,$8,8,$-0.64,$-0.64,$3,$0,$1,$5,$54,$6,$0,$1,$61,$66,$12,$1,$0,$18,$30,$0,$-17,$0,$36,$66,$-11,$7,$6,$13,$0,$0,$-0,$4,$4,$7,$-17,$0,$0,$0,$7,$7,$-0,$-10,$-1,$2,$2,$-1,$-1,$0,$0,$1,$-3,$1,$0
40,2008-09-30,5.92,$6.07,0.98,$9.76,0.61,$-2.59,0.0,$-0.92,0.0,$0.01B,$0.01B,0.75,$0.00B,$0.04B,0.04,$0.07B,$0.05B,71.23%,$0.07B,$-0.00B,-2.74%,$0.07B,$-0.00B,-2.74%,$0.07B,$0.00B,5.48%,$0.07B,$-0.00B,-1.37%,$0.07B,$-0.01B,-9.59%,$-0.01B,$0.04B,-15.91%,$-0.01B,$0.04B,-15.91%,$-0.01B,$0.07B,-10.22%,$-0.00B,$0.04B,-4.37%,$19,$5,$14,$0,$9,$20,$-1,$0,$-1,$0,$-1,$-1,$-4,$1,$-1,$8,8,$-0.49,$-0.49,$3,$0,$1,$8,$54,$6,$0,$1,$60,$68,$10,$2,$0,$18,$28,$0,$-12,$-1,$40,$68,$-5,$5,$3,$8,$-2,$0,$1,$3,$2,$4,$-13,$0,$0,$0,$7,$7,$-0,$-5,$-0,$0,$-0,$-1,$-1,$0,$0,$-1,$-2,$0,$0
41,2008-06-30,8.43,$6.66,1.27,$10.32,0.82,$-2.33,0.0,$-0.25,0.0,$0.01B,$0.01B,1.4,$0.00B,$0.04B,0.04,$0.07B,$0.05B,69.86%,$0.07B,0,0.00%,$0.07B,0,0.00%,$0.07B,$0.01B,6.85%,$0.07B,$0.00B,1.37%,$0.07B,$-0.00B,-4.11%,$-0.00B,$0.04B,-6.94%,$-0.00B,$0.04B,-6.94%,$-0.00B,$0.07B,-4.55%,$0.00B,$0.05B,0.00%,$20,$5,$14,$0,$8,$20,$-0,$0,$-0,$0,$-0,$-0,$-1,$1,$-0,$8,8,$-0.07,$-0.07,$8,$0,$1,$12,$50,$6,$0,$1,$57,$68,$8,$2,$0,$16,$24,$0,$-8,$-0,$44,$68,$-1,$3,$0,$4,$-1,$0,$1,$1,$1,$4,$-7,$0,$0,$0,$7,$7,$-0,$1,$-0,$0,$-0,$-1,$-1,$0,$0,$-1,$3,$0,$0
42,2008-03-31,8.88,$6.89,1.29,$10.99,0.81,$-2.67,0.0,$-0.12,0.0,$0.01B,$0.01B,1.67,$0.00B,$0.05B,0.04,$0.07B,$0.05B,70.83%,$0.07B,0,0.00%,$0.07B,0,0.00%,$0.07B,$0.01B,8.33%,$0.07B,$0.00B,1.39%,$0.07B,$-0.00B,-2.78%,$-0.00B,$0.05B,-4.85%,$-0.00B,$0.05B,-4.85%,$-0.00B,$0.07B,-3.17%,$0.00B,$0.05B,0.00%,$18,$5,$13,$0,$8,$19,$-1,$0,$-0,$0,$-1,$-1,$-1,$1,$-1,$7,7,$-0.10,$-0.10,$11,$0,$1,$13,$48,$6,$0,$1,$55,$69,$8,$2,$0,$15,$23,$0,$-7,$-0,$46,$69,$-1,$2,$0,$2,$-0,$0,$1,$0,$1,$2,$-3,$0,$0,$0,$0,$0,$-0,$-3,$-0,$0,$-0,$0,$0,$0,$0,$-0,$-2,$0,$0
43,2007-12-31,14.6,$7.03,2.08,$10.92,1.34,$-3.18,0.0,$-0.11,0.0,$0.02B,$0.01B,2.7,$0.00B,$0.05B,0.04,$0.07B,$0.05B,70.00%,$0.07B,0,0.00%,$0.07B,0,0.00%,$0.07B,$0.01B,8.57%,$0.07B,0,0.00%,$0.07B,$-0.00B,-2.86%,$-0.00B,$0.05B,-5.19%,$-0.00B,$0.05B,-5.19%,$-0.00B,$0.07B,-3.33%,$0.00B,$0.05B,0.00%,$16,$4,$11,$0,$7,$16,$-0,$0,$-0,$0,$-1,$-1,$-1,$1,$-0,$7,7,$-0.13,$-0.12,$19,$0,$1,$22,$47,$0,$0,$0,$48,$69,$8,$2,$0,$15,$23,$0,$-7,$0,$46,$69,$-1,$6,$0,$6,$-0,$0,$-1,$1,$0,$6,$-13,$0,$0,$0,$0,$0,$-0,$-13,$-1,$0,$-1,$11,$11,$0,$0,$10,$3,$1,$0
44,2007-09-30,17.75,$6.22,2.85,$11.26,1.58,$-4.31,0.0,$-0.16,0.0,$0.01B,$0.01B,1.94,$0.00B,$0.04B,0.06,$0.07B,$0.05B,70.59%,$0.07B,$-0.00B,-1.47%,$0.07B,$-0.00B,-1.47%,$0.07B,$0.01B,8.82%,$0.07B,$-0.00B,-1.47%,$0.07B,$-0.00B,-2.94%,$-0.00B,$0.04B,-5.56%,$-0.00B,$0.04B,-5.56%,$-0.00B,$0.06B,-3.48%,$-0.00B,$0.04B,-2.60%,$19,$5,$13,$0,$7,$18,$1,$0,$1,$0,$1,$1,$0,$2,$1,$6,6,$0.08,$0.07,$11,$0,$1,$13,$44,$0,$0,$0,$44,$58,$7,$2,$0,$14,$21,$0,$-6,$0,$37,$58,$0,$4,$0,$5,$0,$0,$-1,$-0,$-0,$5,$-9,$0,$0,$0,$6,$6,$-0,$-4,$-0,$0,$-0,$0,$0,$0,$0,$-0,$1,$0,$0
45,2007-06-30,18.23,$6.14,2.97,$10.65,1.71,$-5.10,0.0,$-0.31,0.0,$0.01B,$0.01B,2.09,$0.00B,$0.04B,0.07,$0.06B,$0.05B,71.43%,$0.06B,$-0.00B,-4.76%,$0.06B,$-0.00B,-4.76%,$0.06B,$0.01B,7.94%,$0.06B,$-0.00B,-3.17%,$0.06B,$-0.00B,-3.17%,$-0.00B,$0.04B,-5.59%,$-0.00B,$0.04B,-5.59%,$-0.00B,$0.06B,-3.46%,$-0.00B,$0.04B,-7.79%,$19,$5,$14,$0,$8,$19,$0,$0,$0,$0,$0,$0,$0,$2,$0,$6,6,$0.05,$0.05,$12,$0,$1,$13,$43,$0,$0,$0,$43,$56,$6,$2,$0,$14,$20,$0,$-6,$0,$36,$56,$-0,$3,$0,$3,$1,$0,$-1,$-1,$-1,$2,$-7,$0,$0,$0,$6,$6,$-0,$-1,$-0,$0,$-0,$0,$0,$0,$0,$-0,$1,$0,$0
46,2007-03-31,15.4,$6.06,2.54,$9.60,1.6,$-5.64,0.0,$-0.41,0.0,$0.01B,$0.01B,1.96,$0.00B,$0.04B,0.07,$0.06B,$0.04B,71.43%,$0.06B,$-0.00B,-5.36%,$0.06B,$-0.00B,-5.36%,$0.06B,$0.00B,5.36%,$0.06B,$-0.00B,-3.57%,$0.06B,$-0.00B,-3.57%,$-0.00B,$0.04B,-5.56%,$-0.00B,$0.04B,-5.56%,$-0.00B,$0.06B,-3.46%,$-0.00B,$0.04B,-7.69%,$16,$5,$11,$0,$7,$16,$-1,$0,$-1,$0,$-1,$-1,$-1,$1,$-1,$6,6,$-0.09,$-0.09,$12,$0,$1,$14,$43,$0,$0,$0,$43,$57,$7,$3,$0,$14,$21,$0,$-7,$-0,$35,$57,$-1,$1,$0,$1,$0,$0,$-0,$-0,$-1,$0,$-5,$0,$0,$0,$4,$4,$-0,$-1,$-0,$0,$-0,$0,$0,$0,$0,$-0,$-1,$0,$0
47,2006-12-31,20.55,$6.13,3.35,$8.70,2.36,$-5.34,0.0,$-0.48,0.0,$0.02B,$0.01B,2.05,$0.00B,$0.04B,0.08,$0.05B,$0.04B,72.00%,$0.05B,$-0.00B,-6.00%,$0.05B,$-0.00B,-6.00%,$0.05B,$0.00B,4.00%,$0.05B,$-0.00B,-4.00%,$0.05B,$-0.00B,-4.00%,$-0.00B,$0.04B,-5.48%,$-0.00B,$0.04B,-5.48%,$-0.00B,$0.06B,-3.51%,$-0.00B,$0.04B,-7.59%,$14,$4,$10,$0,$6,$15,$-1,$0,$-1,$0,$-1,$-1,$-1,$1,$-1,$6,6,$-0.18,$-0.18,$16,$0,$1,$18,$41,$0,$0,$0,$41,$59,$9,$3,$0,$14,$23,$0,$-6,$-0,$36,$59,$-3,$4,$1,$5,$-1,$0,$2,$4,$7,$9,$-21,$0,$0,$0,$10,$10,$0,$-11,$-1,$0,$-1,$0,$0,$0,$0,$-0,$-3,$1,$0
