,Date,Stock Price,Book Value per Share,Price to Book Ratio,TTM Sales per Share,Price to Sales Ratio,TTM FCF per Share,Price to FCF Ratio,TTM Net EPS,PE Ratio,Current Assets,Current Liabilities,Current Ratio,Long Term Debt,Shareholder's Equity_x,Debt to Equity Ratio,TTM Revenue_x,TTM Gross Profit,Gross Margin,TTM Revenue_y,TTM Operating Income,Operating Margin,TTM Revenue_x,TTM EBIT,EBIT Margin,TTM Revenue_y,TTM EBITDA,EBITDA Margin,TTM Revenue_x,TTM Pre-Tax Income,Pre-Tax Margin,TTM Revenue_y,TTM Net Income_x,Net Margin,TTM Net Income_y,Shareholder's Equity_y,Return on Equity,TTM Net Income_x,Tangible Equity,Return on Tangible Equity,TTM Net Income_y,Total Assets,Return on Assets,TTM Net Income,LT Investments & Debt,Return on Investment,revenue,cost-goods-sold,gross-profit,research-development-expenses,selling-general-administrative-expenses,operating-expenses,operating-income,total-non-operating-income-expense,pre-tax-income,total-provision-income-taxes,income-after-taxes,income-from-continuous-operations,net-income,ebitda,ebit,basic-shares-outstanding,shares-outstanding,eps-basic-net-earnings-per-share,eps-earnings-per-share-diluted,cash-on-hand,inventory,other-current-assets,total-current-assets,net-property-plant-equipment,long-term-investments,goodwill-intangible-assets-total,other-long-term-assets,total-long-term-assets,total-assets,total-current-liabilities,long-term-debt,other-non-current-liabilities,total-long-term-liabilities,total-liabilities,common-stock-net,retained-earnings-accumulated-deficit,comprehensive-income,total-share-holder-equity,total-liabilities-share-holders-equity,net-income-loss,total-depreciation-amortization-cash-flow,other-non-cash-items,total-non-cash-items,change-in-accounts-receivable,change-in-inventories,change-in-accounts-payable,change-in-assets-liabilities,total-change-in-assets-liabilities,cash-flow-from-operating-activities,net-change-in-property-plant-equipment,net-change-in-intangible-assets,net-acquisitions-divestitures,net-change-in-short-term-investments,net-change-in-long-term-investments,net-change-in-investments-total,investing-activities-other,cash-flow-from-investing-activities,net-long-term-debt,net-current-debt,debt-issuance-retirement-net-total,net-common-equity-issued-repurchased,net-total-equity-issued-repurchased,total-common-preferred-stock-dividends-paid,financial-activities-other,cash-flow-from-financial-activities,net-cash-flow,stock-based-compensation,common-stock-dividends-paid
0,2018-09-30,31.15,$3.87,8.05,$75.14,0.41,$-6.44,0.0,$0.13,239.62,$0.61B,$0.28B,2.14,$1.03B,$0.08B,12.97,$1.65B,$0.34B,20.35%,$1.65B,$0.11B,6.48%,$1.65B,$0.11B,6.48%,$1.65B,$0.16B,9.75%,$1.65B,$0.06B,3.51%,$1.65B,$0.01B,0.73%,$0.01B,$0.08B,11.82%,$0.01B,$-0.41B,-3.79%,$0.01B,$1.54B,0.86%,$0.11B,$1.11B,11.06%,$443,$360,$83,$0,$38,$412,$31,$-16,$16,$9,$7,$7,$8,$44,$31,$21,22,$0.36,$0.35,$63,$289,$32,$606,$398,$0,$490,$23,$930,$1536,$283,$1030,$90,$1173,$1456,$0,$30,$-74,$79,$1536,$32,$39,$23,$62,$-36,$-20,$18,$-8,$-85,$8,$-81,$0,$-262,$0,$0,$0,$2,$-342,$370,$0,$370,$-29,$-29,$0,$-3,$338,$2,$9,$0
1,2018-06-30,38.35,$4.82,7.95,$72.30,0.53,$-3.06,0.0,$1.04,36.88,$0.61B,$0.30B,2.03,$0.99B,$0.10B,9.65,$1.59B,$0.34B,21.59%,$1.59B,$0.11B,6.97%,$1.59B,$0.11B,6.97%,$1.59B,$0.16B,10.30%,$1.59B,$0.07B,4.21%,$1.59B,$0.02B,1.51%,$0.02B,$0.10B,21.82%,$0.02B,$-0.39B,-9.03%,$0.02B,$1.53B,1.84%,$0.11B,$1.09B,12.47%,$436,$353,$83,$0,$46,$414,$22,$-15,$7,$7,$1,$1,$1,$36,$22,$21,22,$0.03,$0.03,$63,$296,$33,$609,$385,$0,$495,$25,$922,$1532,$300,$985,$92,$1130,$1430,$0,$22,$-65,$102,$1532,$25,$26,$18,$43,$-29,$-26,$23,$-3,$-65,$3,$-54,$0,$-263,$0,$0,$0,$1,$-316,$325,$0,$325,$-5,$-5,$0,$-3,$317,$2,$6,$0
2,2018-03-31,41.1,$5.62,7.32,$69.80,0.59,$-0.90,0.0,$1.91,21.52,$0.55B,$0.27B,2.07,$0.78B,$0.12B,6.6,$1.54B,$0.34B,22.41%,$1.54B,$0.13B,8.27%,$1.54B,$0.13B,8.27%,$1.54B,$0.18B,11.60%,$1.54B,$0.09B,5.73%,$1.54B,$0.04B,2.80%,$0.04B,$0.12B,41.75%,$0.04B,$-0.25B,-18.68%,$0.04B,$1.32B,3.54%,$0.13B,$0.90B,15.74%,$406,$311,$95,$0,$38,$363,$43,$-10,$33,$9,$24,$24,$18,$55,$43,$21,22,$0.86,$0.81,$52,$243,$40,$550,$353,$0,$368,$25,$766,$1316,$266,$783,$95,$932,$1197,$0,$22,$-44,$119,$1316,$24,$12,$7,$18,$-42,$-11,$2,$-1,$-71,$-29,$-23,$0,$-63,$0,$0,$0,$0,$-85,$113,$0,$113,$-6,$-6,$0,$-1,$106,$-8,$3,$0
3,2017-12-31,50.9,$5.09,10.0,$67.42,0.76,$-0.37,0.0,$1.30,39.15,$0.51B,$0.28B,1.8,$0.67B,$0.11B,6.29,$1.48B,$0.32B,21.75%,$1.48B,$0.11B,7.59%,$1.48B,$0.11B,7.59%,$1.48B,$0.16B,10.98%,$1.48B,$0.06B,4.13%,$1.48B,$0.03B,1.96%,$0.03B,$0.11B,33.82%,$0.03B,$-0.21B,-12.22%,$0.03B,$1.20B,2.48%,$0.11B,$0.77B,14.58%,$366,$291,$75,$0,$38,$355,$11,$-9,$2,$17,$-14,$-14,$-15,$26,$11,$21,22,$-0.71,$-0.69,$60,$237,$49,$507,$328,$0,$318,$29,$694,$1200,$281,$666,$94,$813,$1094,$0,$7,$-40,$106,$1200,$31,$50,$39,$89,$-16,$1,$-14,$-20,$-18,$102,$-68,$0,$2,$0,$0,$0,$10,$-57,$8,$0,$8,$-3,$-3,$0,$-11,$-6,$40,$11,$0
4,2017-09-30,46.15,$5.45,8.46,$65.65,0.7,$1.38,33.56,$2.31,19.98,$0.51B,$0.25B,2.02,$0.69B,$0.11B,6.08,$1.42B,$0.32B,22.35%,$1.42B,$0.12B,8.43%,$1.42B,$0.12B,8.43%,$1.42B,$0.17B,11.67%,$1.42B,$0.07B,4.64%,$1.42B,$0.05B,3.51%,$0.05B,$0.11B,73.53%,$0.05B,$-0.21B,-19.40%,$0.05B,$1.18B,4.38%,$0.12B,$0.80B,16.24%,$385,$294,$91,$0,$33,$350,$35,$-10,$25,$5,$20,$20,$20,$47,$35,$21,22,$0.96,$0.91,$50,$227,$53,$514,$312,$0,$322,$13,$667,$1181,$254,$688,$77,$814,$1068,$0,$19,$-39,$113,$1181,$44,$35,$33,$68,$-38,$11,$-14,$-21,$-64,$49,$-49,$0,$1,$0,$0,$0,$10,$-38,$33,$0,$33,$-3,$-3,$0,$-11,$19,$29,$8,$0
5,2017-06-30,36.15,$3.54,10.2,$65.62,0.55,$3.76,9.62,$1.98,18.26,$0.50B,$0.28B,1.81,$0.68B,$0.07B,9.26,$1.41B,$0.30B,21.58%,$1.41B,$0.11B,8.02%,$1.41B,$0.11B,8.02%,$1.41B,$0.16B,11.43%,$1.41B,$0.06B,4.05%,$1.41B,$0.04B,2.98%,$0.04B,$0.07B,91.30%,$0.04B,$-0.25B,-14.84%,$0.04B,$1.17B,3.74%,$0.11B,$0.75B,16.02%,$378,$295,$83,$0,$32,$340,$38,$-11,$28,$7,$21,$21,$20,$50,$38,$21,22,$0.94,$0.90,$40,$230,$47,$501,$303,$0,$324,$13,$667,$1168,$277,$680,$80,$818,$1095,$0,$-1,$-56,$74,$1168,$24,$23,$18,$41,$-39,$5,$2,$-10,$-34,$31,$-34,$0,$1,$0,$0,$0,$10,$-24,$26,$0,$26,$-3,$-3,$0,$-11,$12,$19,$5,$0
6,2017-03-31,42.35,$2.38,17.76,$66.74,0.63,$4.51,9.39,$1.65,25.67,$0.48B,$0.25B,1.91,$0.70B,$0.05B,14.03,$1.42B,$0.30B,21.33%,$1.42B,$0.11B,7.56%,$1.42B,$0.11B,7.56%,$1.42B,$0.16B,11.02%,$1.42B,$0.05B,3.32%,$1.42B,$0.03B,2.40%,$0.03B,$0.05B,115.25%,$0.03B,$-0.28B,-11.24%,$0.03B,$1.13B,3.06%,$0.11B,$0.75B,15.59%,$347,$275,$72,$0,$31,$319,$28,$-22,$6,$1,$5,$5,$4,$39,$28,$21,22,$0.21,$0.20,$23,$240,$40,$477,$290,$0,$326,$14,$656,$1133,$250,$696,$80,$833,$1084,$0,$-21,$-61,$50,$1133,$5,$11,$14,$25,$-28,$-9,$-8,$0,$-54,$-24,$-15,$0,$1,$0,$0,$0,$10,$-5,$42,$0,$42,$0,$0,$0,$-11,$32,$3,$2,$0
7,2016-12-31,40.3,$1.67,24.07,$67.65,0.6,$6.01,6.71,$1.39,28.99,$0.44B,$0.29B,1.5,$0.62B,$0.04B,17.91,$1.42B,$0.29B,20.34%,$1.42B,$0.09B,6.14%,$1.42B,$0.09B,6.14%,$1.42B,$0.14B,9.89%,$1.42B,$0.04B,2.68%,$1.42B,$0.03B,2.05%,$0.03B,$0.04B,181.25%,$0.03B,$-0.29B,-9.08%,$0.03B,$1.09B,2.61%,$0.09B,$0.65B,12.99%,$313,$242,$72,$0,$34,$294,$19,$-12,$7,$1,$6,$6,$6,$30,$19,$21,21,$0.31,$0.30,$21,$229,$48,$438,$281,$0,$328,$13,$649,$1088,$293,$620,$82,$760,$1053,$0,$-25,$-69,$35,$1088,$28,$53,$22,$75,$13,$-3,$5,$-6,$17,$120,$-50,$0,$-4,$0,$0,$0,$0,$-54,$-61,$0,$-61,$0,$0,$0,$-1,$-63,$-1,$9,$0
8,2016-09-30,32.18,$1.20,26.92,$70.48,0.46,$6.94,4.64,$-3.18,0.0,$0.45B,$0.28B,1.57,$0.64B,$0.03B,25.99,$1.47B,$0.27B,18.40%,$1.47B,$-0.02B,-1.57%,$1.47B,$-0.02B,-1.57%,$1.47B,$0.03B,2.25%,$1.47B,$-0.07B,-4.91%,$1.47B,$-0.07B,-4.43%,$-0.07B,$0.03B,-1529.41%,$-0.07B,$-0.31B,19.42%,$-0.07B,$1.10B,-5.82%,$-0.02B,$0.67B,-3.41%,$371,$294,$77,$0,$33,$343,$28,$-12,$16,$4,$12,$12,$12,$42,$28,$21,21,$0.59,$0.58,$18,$216,$40,$445,$277,$0,$334,$11,$656,$1101,$284,$642,$93,$792,$1076,$0,$-31,$-70,$25,$1101,$21,$42,$16,$58,$-18,$14,$1,$-9,$3,$83,$-32,$0,$-5,$0,$0,$0,$0,$-37,$-43,$0,$-43,$0,$0,$0,$-1,$-45,$-4,$6,$0
9,2016-06-30,30.73,$0.39,79.32,$73.97,0.42,$7.89,3.9,$-3.27,0.0,$0.46B,$0.29B,1.6,$0.67B,$0.01B,83.83,$1.53B,$0.27B,17.52%,$1.53B,$-0.02B,-1.57%,$1.53B,$-0.02B,-1.57%,$1.53B,$0.03B,2.03%,$1.53B,$-0.07B,-4.84%,$1.53B,$-0.07B,-4.38%,$-0.07B,$0.01B,-400.00%,$-0.07B,$-0.33B,19.63%,$-0.07B,$1.12B,-5.82%,$-0.02B,$0.68B,-3.40%,$385,$304,$81,$0,$30,$353,$32,$-14,$18,$7,$11,$11,$12,$45,$32,$21,21,$0.58,$0.57,$16,$223,$42,$461,$279,$0,$337,$10,$660,$1121,$288,$671,$96,$825,$1113,$0,$-43,$-72,$8,$1121,$10,$28,$11,$39,$-20,$6,$5,$-9,$-15,$34,$-21,$0,$1,$0,$0,$0,$0,$-21,$-13,$0,$-13,$-0,$-0,$0,$-1,$-15,$-5,$3,$0
10,2016-03-31,22.47,$-0.21,-107.77,$76.49,0.29,$10.21,2.2,$-3.40,0.0,$0.47B,$0.29B,1.6,$0.68B,$-0.00B,-159.0,$1.58B,$0.26B,16.74%,$1.58B,$-0.03B,-1.90%,$1.58B,$-0.03B,-1.90%,$1.58B,$0.03B,1.90%,$1.58B,$-0.08B,-5.01%,$1.58B,$-0.07B,-4.44%,$-0.07B,$-0.00B,-202.90%,$-0.07B,$-0.35B,20.30%,$-0.07B,$1.13B,-5.87%,$-0.03B,$0.68B,-4.04%,$347,$289,$58,$0,$30,$339,$8,$-11,$-3,$-1,$-2,$-2,$-1,$23,$8,$21,21,$-0.06,$-0.06,$16,$236,$37,$465,$279,$0,$341,$10,$665,$1130,$291,$684,$100,$843,$1134,$0,$-55,$-71,$-4,$1130,$-2,$15,$5,$20,$-10,$-5,$7,$-1,$-15,$3,$-9,$0,$0,$0,$0,$0,$0,$-8,$3,$0,$3,$-0,$-0,$0,$0,$2,$-6,$1,$0
11,2015-12-31,18.25,$-0.60,-30.26,$79.04,0.23,$11.13,1.64,$-3.50,0.0,$0.44B,$0.28B,1.58,$0.68B,$-0.01B,-55.03,$1.63B,$0.26B,15.97%,$1.63B,$-0.03B,-1.84%,$1.63B,$-0.03B,-1.84%,$1.63B,$0.03B,1.78%,$1.63B,$-0.08B,-4.98%,$1.63B,$-0.07B,-4.42%,$-0.07B,$-0.01B,-138.46%,$-0.07B,$-0.36B,20.79%,$-0.07B,$1.11B,-5.90%,$-0.03B,$0.67B,-3.84%,$364,$309,$54,$0,$31,$454,$-91,$-12,$-103,$-14,$-89,$-89,$-88,$-77,$-91,$21,21,$-4.28,$-4.28,$22,$226,$37,$444,$278,$0,$343,$12,$669,$1113,$281,$682,$103,$845,$1125,$0,$-54,$-80,$-12,$1113,$-76,$59,$106,$165,$34,$-4,$25,$4,$39,$128,$-41,$0,$-0,$0,$0,$0,$0,$-41,$-113,$0,$-113,$-0,$-0,$-9,$-1,$-123,$-29,$4,$-9
12,2015-09-30,20.17,$3.66,5.51,$82.18,0.25,$4.53,4.45,$-0.86,0.0,$0.50B,$0.29B,1.71,$0.72B,$0.08B,9.54,$1.69B,$0.26B,15.55%,$1.69B,$0.06B,3.73%,$1.69B,$0.06B,3.73%,$1.69B,$0.12B,7.21%,$1.69B,$0.01B,0.65%,$1.69B,$-0.02B,-1.06%,$-0.02B,$0.08B,-23.68%,$-0.02B,$-0.34B,5.29%,$-0.02B,$1.24B,-1.42%,$0.06B,$0.79B,7.52%,$434,$359,$75,$0,$31,$407,$27,$-13,$14,$5,$9,$9,$10,$40,$27,$21,21,$0.49,$0.49,$33,$209,$49,$502,$289,$1,$412,$25,$735,$1237,$294,$718,$88,$868,$1162,$0,$34,$-81,$75,$1237,$13,$45,$39,$85,$-9,$14,$34,$-13,$-4,$95,$-26,$0,$-1,$0,$0,$0,$0,$-27,$-86,$0,$-86,$-0,$-0,$-9,$-1,$-96,$-18,$3,$-9
13,2015-06-30,24.72,$3.84,6.44,$82.63,0.3,$-1.15,0.0,$-1.49,0.0,$0.54B,$0.31B,1.73,$0.75B,$0.08B,9.49,$1.70B,$0.25B,14.79%,$1.70B,$0.05B,3.12%,$1.70B,$0.05B,3.12%,$1.70B,$0.11B,6.54%,$1.70B,$0.00B,0.12%,$1.70B,$-0.03B,-1.83%,$-0.03B,$0.08B,-31.47%,$-0.03B,$-0.34B,9.70%,$-0.03B,$1.29B,-2.39%,$0.05B,$0.83B,5.96%,$432,$355,$77,$0,$31,$406,$26,$-13,$13,$5,$8,$8,$9,$44,$26,$21,21,$0.44,$0.44,$51,$223,$43,$538,$292,$4,$422,$26,$752,$1290,$312,$749,$87,$900,$1211,$0,$24,$-67,$79,$1290,$4,$33,$36,$69,$-11,$5,$44,$-2,$8,$78,$-17,$0,$-3,$0,$0,$0,$0,$-20,$-57,$0,$-57,$-0,$-0,$-9,$-1,$-67,$0,$2,$-9
14,2015-03-31,19.68,$3.23,6.09,$79.05,0.25,$-6.25,0.0,$-1.85,0.0,$0.50B,$0.30B,1.67,$0.77B,$0.07B,11.61,$1.62B,$0.22B,13.50%,$1.62B,$0.04B,2.47%,$1.62B,$0.04B,2.47%,$1.62B,$0.09B,5.55%,$1.62B,$-0.01B,-0.31%,$1.62B,$-0.04B,-2.34%,$-0.04B,$0.07B,-30.16%,$-0.04B,$-0.35B,18.49%,$-0.04B,$1.24B,-3.24%,$0.04B,$0.84B,4.88%,$398,$344,$54,$0,$32,$390,$8,$-13,$-5,$-1,$-4,$-4,$-3,$22,$8,$21,21,$-0.16,$-0.16,$26,$223,$41,$495,$294,$5,$418,$25,$749,$1244,$297,$771,$47,$881,$1177,$0,$15,$-71,$66,$1244,$-4,$14,$1,$15,$3,$5,$24,$-3,$7,$20,$-7,$0,$-3,$0,$0,$0,$0,$-10,$-35,$0,$-35,$-0,$-0,$-7,$-0,$-42,$-25,$1,$-7
15,2014-12-31,25.98,$4.09,6.35,$75.76,0.34,$-8.25,0.0,$-1.58,0.0,$0.54B,$0.29B,1.85,$0.81B,$0.08B,9.61,$1.56B,$0.21B,13.57%,$1.56B,$0.03B,2.12%,$1.56B,$0.03B,2.12%,$1.56B,$0.08B,4.95%,$1.56B,$-0.01B,-0.39%,$1.56B,$-0.03B,-2.12%,$-0.03B,$0.08B,-21.15%,$-0.03B,$-0.33B,36.67%,$-0.03B,$1.29B,-3.10%,$0.03B,$0.89B,4.45%,$427,$370,$57,$0,$41,$425,$2,$-14,$-11,$25,$-36,$-36,$-34,$16,$2,$20,20,$-1.63,$-1.63,$51,$241,$40,$541,$300,$0,$415,$30,$753,$1294,$292,$807,$46,$918,$1210,$0,$18,$-60,$84,$1294,$-39,$44,$17,$61,$13,$-14,$-11,$-6,$13,$36,$-84,$0,$-496,$0,$0,$0,$0,$-580,$548,$0,$548,$-1,$-1,$-20,$-10,$516,$-31,$5,$-20
16,2014-09-30,32.88,$8.05,4.08,$71.33,0.46,$-3.74,0.0,$-0.15,0.0,$0.61B,$0.26B,2.34,$0.84B,$0.17B,5.08,$1.47B,$0.20B,13.67%,$1.47B,$0.04B,2.65%,$1.47B,$0.04B,2.65%,$1.47B,$0.08B,5.24%,$1.47B,$0.01B,0.48%,$1.47B,$-0.00B,-0.20%,$-0.00B,$0.17B,-1.64%,$-0.00B,$-0.25B,-15.79%,$-0.00B,$1.35B,-0.32%,$0.04B,$1.00B,6.07%,$440,$377,$63,$0,$32,$423,$17,$-12,$5,$10,$-4,$-4,$-3,$29,$17,$20,20,$-0.14,$-0.14,$75,$228,$49,$608,$287,$6,$418,$25,$746,$1354,$260,$838,$43,$929,$1189,$0,$57,$-20,$165,$1354,$-4,$30,$10,$40,$-16,$5,$-6,$-11,$-24,$11,$-59,$0,$-496,$0,$0,$0,$0,$-555,$564,$0,$564,$-1,$-1,$-15,$-10,$538,$-7,$5,$-15
17,2014-06-30,37.67,$9.20,4.09,$68.85,0.55,$0.35,107.28,$0.91,41.39,$0.46B,$0.17B,2.7,$0.36B,$0.19B,1.9,$1.43B,$0.20B,14.25%,$1.43B,$0.06B,4.28%,$1.43B,$0.06B,4.28%,$1.43B,$0.09B,6.60%,$1.43B,$0.04B,2.53%,$1.43B,$0.02B,1.33%,$0.02B,$0.19B,10.13%,$0.02B,$0.11B,17.27%,$0.02B,$0.81B,2.41%,$0.06B,$0.55B,11.92%,$357,$312,$45,$0,$22,$344,$13,$-7,$6,$6,$1,$1,$2,$23,$13,$20,21,$0.08,$0.08,$54,$189,$38,$463,$215,$6,$75,$32,$343,$806,$171,$358,$41,$446,$617,$0,$65,$-5,$189,$806,$1,$19,$3,$21,$-0,$-2,$-16,$-8,$-31,$-9,$-36,$0,$-30,$0,$0,$0,$0,$-65,$56,$0,$56,$-1,$-1,$-10,$1,$45,$-28,$3,$-10
18,2014-03-31,40.33,$9.11,4.43,$69.22,0.58,$2.71,14.89,$1.52,26.53,$0.47B,$0.18B,2.61,$0.34B,$0.19B,1.82,$1.44B,$0.21B,14.59%,$1.44B,$0.08B,5.35%,$1.44B,$0.08B,5.35%,$1.44B,$0.11B,7.44%,$1.44B,$0.05B,3.68%,$1.44B,$0.03B,2.15%,$0.03B,$0.19B,16.80%,$0.03B,$0.11B,28.77%,$0.03B,$0.80B,3.99%,$0.08B,$0.53B,15.56%,$331,$285,$46,$0,$21,$331,$1,$-7,$-6,$-6,$-0,$-0,$2,$9,$1,$20,21,$0.11,$0.11,$55,$193,$41,$470,$203,$7,$75,$33,$332,$801,$180,$340,$42,$435,$615,$0,$68,$-7,$186,$801,$-0,$9,$-1,$8,$2,$-7,$-17,$-3,$-22,$-14,$-15,$0,$-30,$0,$0,$0,$0,$-44,$37,$0,$37,$-2,$-2,$-5,$0,$30,$-28,$1,$-5
19,2013-12-31,44.46,$9.34,4.76,$70.83,0.63,$4.06,10.95,$1.94,22.92,$0.47B,$0.20B,2.43,$0.30B,$0.19B,1.6,$1.48B,$0.21B,14.48%,$1.48B,$0.10B,6.83%,$1.48B,$0.10B,6.83%,$1.48B,$0.13B,8.80%,$1.48B,$0.08B,5.28%,$1.48B,$0.04B,2.71%,$0.04B,$0.19B,22.07%,$0.04B,$0.11B,38.37%,$0.04B,$0.79B,5.19%,$0.10B,$0.49B,21.02%,$342,$295,$47,$0,$20,$334,$8,$-6,$2,$8,$-6,$-6,$-4,$16,$8,$21,21,$-0.19,$-0.20,$82,$169,$45,$473,$197,$7,$85,$14,$312,$785,$195,$303,$41,$400,$595,$0,$71,$-10,$190,$785,$40,$30,$34,$63,$3,$22,$5,$-23,$14,$118,$-73,$0,$1,$0,$0,$0,$0,$-72,$7,$0,$7,$-17,$-17,$-21,$2,$-30,$16,$4,$-21
20,2013-09-30,41.01,$9.08,4.51,$72.32,0.57,$4.25,9.65,$2.79,14.7,$0.47B,$0.17B,2.83,$0.30B,$0.19B,1.61,$1.51B,$0.22B,14.63%,$1.51B,$0.12B,7.88%,$1.51B,$0.12B,7.88%,$1.51B,$0.15B,9.66%,$1.51B,$0.10B,6.29%,$1.51B,$0.06B,3.84%,$0.06B,$0.19B,33.00%,$0.06B,$0.11B,57.28%,$0.06B,$0.76B,7.54%,$0.12B,$0.48B,25.15%,$395,$331,$65,$0,$18,$356,$39,$-5,$34,$14,$20,$20,$19,$46,$39,$21,21,$0.93,$0.92,$74,$166,$35,$472,$169,$6,$73,$27,$289,$761,$167,$296,$42,$409,$576,$0,$81,$-26,$185,$761,$46,$22,$15,$37,$-18,$26,$-8,$-14,$-17,$66,$-29,$0,$2,$0,$0,$0,$0,$-27,$0,$0,$0,$-17,$-17,$-15,$1,$-32,$6,$5,$-15
21,2013-06-30,36.25,$8.54,4.24,$71.88,0.5,$4.36,8.31,$2.64,13.73,$0.47B,$0.16B,2.88,$0.30B,$0.18B,1.7,$1.50B,$0.21B,14.16%,$1.50B,$0.11B,7.38%,$1.50B,$0.11B,7.38%,$1.50B,$0.14B,9.18%,$1.50B,$0.09B,5.72%,$1.50B,$0.06B,3.66%,$0.06B,$0.18B,32.88%,$0.06B,$0.10B,59.14%,$0.06B,$0.76B,7.13%,$0.11B,$0.48B,23.87%,$371,$319,$52,$0,$16,$342,$29,$-6,$23,$8,$15,$15,$14,$36,$29,$21,21,$0.69,$0.69,$65,$184,$41,$472,$161,$6,$73,$28,$291,$763,$164,$301,$43,$422,$585,$0,$67,$-33,$177,$763,$26,$15,$5,$20,$-6,$6,$-0,$-9,$-25,$20,$-16,$0,$1,$0,$0,$0,$0,$-15,$5,$0,$5,$-1,$-1,$-10,$1,$-5,$-4,$3,$-10
22,2013-03-31,41.25,$8.34,4.95,$73.80,0.56,$3.87,10.65,$2.93,14.08,$0.48B,$0.18B,2.7,$0.30B,$0.17B,1.72,$1.54B,$0.23B,14.70%,$1.54B,$0.12B,7.97%,$1.54B,$0.12B,7.97%,$1.54B,$0.15B,9.72%,$1.54B,$0.10B,6.28%,$1.54B,$0.06B,3.95%,$0.06B,$0.17B,38.92%,$0.06B,$0.10B,73.72%,$0.06B,$0.77B,7.91%,$0.12B,$0.47B,26.89%,$370,$321,$50,$0,$18,$346,$25,$-6,$19,$7,$11,$11,$11,$32,$25,$21,21,$0.53,$0.53,$57,$193,$38,$477,$160,$6,$75,$30,$298,$774,$177,$296,$45,$425,$602,$0,$58,$-24,$173,$774,$12,$7,$2,$10,$-13,$2,$-3,$-4,$-16,$6,$-6,$0,$0,$0,$0,$0,$0,$-6,$0,$0,$0,$-1,$-1,$-5,$-1,$-8,$-10,$1,$-5
23,2012-12-31,35.35,$8.15,4.34,$74.32,0.48,$2.99,11.83,$3.15,11.22,$0.48B,$0.18B,2.66,$0.30B,$0.17B,1.76,$1.56B,$0.23B,14.86%,$1.56B,$0.13B,8.17%,$1.56B,$0.13B,8.17%,$1.56B,$0.15B,9.90%,$1.56B,$0.10B,6.50%,$1.56B,$0.07B,4.24%,$0.07B,$0.17B,45.60%,$0.07B,$0.09B,92.31%,$0.07B,$0.78B,8.61%,$0.13B,$0.46B,28.21%,$375,$321,$54,$0,$21,$349,$26,$-7,$19,$5,$14,$14,$14,$32,$26,$21,21,$0.66,$0.63,$67,$196,$39,$481,$161,$6,$76,$29,$299,$780,$181,$296,$42,$431,$612,$0,$52,$-22,$168,$780,$67,$28,$17,$44,$-0,$-27,$-0,$-11,$-32,$78,$-29,$0,$-13,$0,$0,$0,$2,$-40,$-6,$0,$-6,$-7,$-7,$-20,$5,$-27,$13,$7,$-20
24,2012-09-30,31.89,$7.33,4.35,$74.12,0.43,$2.75,11.6,$1.81,17.62,$0.48B,$0.19B,2.58,$0.30B,$0.15B,1.97,$1.55B,$0.23B,14.59%,$1.55B,$0.12B,8.01%,$1.55B,$0.12B,8.01%,$1.55B,$0.17B,11.17%,$1.55B,$0.10B,6.39%,$1.55B,$0.04B,2.45%,$0.04B,$0.15B,29.34%,$0.04B,$0.08B,66.67%,$0.04B,$0.77B,5.04%,$0.12B,$0.45B,28.41%,$388,$331,$57,$0,$19,$357,$31,$-6,$25,$8,$16,$16,$16,$38,$31,$21,21,$0.77,$0.77,$69,$191,$35,$480,$152,$6,$73,$21,$287,$767,$186,$297,$41,$430,$616,$0,$44,$-23,$151,$767,$53,$21,$13,$34,$-11,$-30,$7,$-8,$-32,$55,$-16,$0,$1,$0,$0,$0,$0,$-15,$-5,$0,$-5,$-7,$-7,$-15,$-0,$-27,$15,$5,$-15
25,2012-06-30,30.58,$6.49,4.71,$73.93,0.41,$2.10,14.58,$2.12,14.42,$0.47B,$0.18B,2.71,$0.31B,$0.14B,2.33,$1.54B,$0.24B,15.24%,$1.54B,$0.13B,8.63%,$1.54B,$0.13B,8.63%,$1.54B,$0.18B,11.80%,$1.54B,$0.11B,7.00%,$1.54B,$0.04B,2.85%,$0.04B,$0.14B,34.58%,$0.04B,$0.06B,80.00%,$0.04B,$0.77B,5.91%,$0.13B,$0.45B,30.38%,$411,$345,$66,$0,$18,$371,$41,$-7,$34,$13,$21,$21,$20,$48,$41,$21,21,$0.99,$0.98,$50,$188,$31,$474,$151,$6,$72,$25,$291,$765,$175,$314,$44,$456,$630,$0,$33,$-31,$135,$765,$37,$14,$8,$22,$-35,$-31,$13,$-5,$-54,$3,$-9,$0,$0,$0,$0,$0,$0,$-9,$12,$0,$12,$-1,$-1,$-10,$0,$1,$-4,$3,$-10
26,2012-03-31,34.25,$6.03,5.68,$72.37,0.47,$3.04,11.28,$2.10,16.31,$0.46B,$0.16B,2.79,$0.31B,$0.13B,2.51,$1.51B,$0.23B,15.41%,$1.51B,$0.13B,8.63%,$1.51B,$0.13B,8.63%,$1.51B,$0.18B,11.89%,$1.51B,$0.11B,7.04%,$1.51B,$0.04B,2.92%,$0.04B,$0.13B,34.44%,$0.04B,$0.05B,80.37%,$0.04B,$0.75B,5.92%,$0.13B,$0.44B,29.73%,$381,$327,$54,$0,$18,$352,$29,$-6,$23,$7,$16,$16,$16,$36,$29,$21,21,$0.75,$0.75,$43,$178,$32,$455,$154,$5,$73,$26,$299,$754,$163,$314,$47,$466,$629,$0,$17,$-24,$125,$754,$16,$7,$3,$10,$-29,$-17,$-7,$2,$-42,$-16,$-3,$0,$0,$0,$0,$0,$0,$-3,$12,$0,$12,$-1,$-1,$-5,$0,$7,$-12,$2,$-5
27,2011-12-31,30.13,$5.20,5.79,$70.62,0.43,$3.28,9.18,$1.78,16.93,$0.43B,$0.17B,2.51,$0.30B,$0.11B,2.82,$1.47B,$0.22B,15.20%,$1.47B,$0.12B,8.32%,$1.47B,$0.12B,8.32%,$1.47B,$0.17B,11.66%,$1.47B,$0.10B,6.61%,$1.47B,$0.04B,2.52%,$0.04B,$0.11B,29.66%,$0.04B,$0.04B,71.50%,$0.04B,$0.73B,5.03%,$0.12B,$0.41B,28.01%,$369,$320,$49,$0,$19,$346,$23,$-6,$17,$11,$5,$5,$-14,$51,$23,$21,21,$-0.68,$-0.70,$54,$159,$34,$427,$156,$5,$72,$26,$303,$731,$170,$302,$47,$453,$624,$0,$7,$-30,$107,$731,$38,$49,$-5,$44,$-33,$5,$15,$7,$-2,$77,$-33,$0,$0,$0,$0,$0,$-12,$-45,$5,$0,$5,$0,$0,$-18,$-1,$-13,$19,$5,$-18
28,2011-09-30,22.17,$6.89,3.22,$65.14,0.34,$4.83,4.59,$2.72,8.15,$0.44B,$0.16B,2.69,$0.31B,$0.14B,2.19,$1.35B,$0.21B,15.54%,$1.35B,$0.11B,8.44%,$1.35B,$0.11B,8.44%,$1.35B,$0.14B,10.58%,$1.35B,$0.09B,6.59%,$1.35B,$0.06B,4.15%,$0.06B,$0.14B,45.53%,$0.06B,$0.07B,112.00%,$0.06B,$0.73B,7.78%,$0.11B,$0.45B,26.39%,$381,$315,$66,$0,$19,$341,$40,$-7,$34,$11,$23,$23,$22,$47,$40,$21,21,$1.08,$1.08,$59,$167,$24,$435,$169,$5,$72,$28,$294,$729,$162,$311,$38,$426,$587,$0,$26,$-12,$142,$729,$52,$21,$9,$30,$-51,$-3,$10,$-3,$-34,$45,$-20,$0,$-0,$0,$0,$0,$0,$-20,$14,$0,$14,$0,$0,$-14,$-1,$-0,$24,$4,$-14
29,2011-06-30,32.37,$6.63,4.89,$63.05,0.51,$6.08,5.32,$2.39,13.54,$0.44B,$0.19B,2.27,$0.31B,$0.14B,2.27,$1.31B,$0.20B,15.31%,$1.31B,$0.11B,8.27%,$1.31B,$0.11B,8.27%,$1.31B,$0.14B,10.49%,$1.31B,$0.08B,6.28%,$1.31B,$0.05B,3.83%,$0.05B,$0.14B,44.74%,$0.05B,$0.06B,127.39%,$0.05B,$0.76B,7.12%,$0.11B,$0.45B,25.90%,$375,$311,$63,$0,$19,$336,$38,$-7,$32,$11,$20,$20,$20,$45,$38,$21,21,$0.96,$0.96,$54,$162,$27,$438,$172,$24,$75,$29,$323,$761,$193,$310,$39,$432,$625,$0,$8,$2,$137,$761,$29,$14,$5,$19,$-55,$7,$15,$0,$-19,$26,$-12,$0,$-1,$0,$0,$0,$0,$-13,$14,$0,$14,$0,$0,$-9,$-1,$4,$18,$2,$-9
30,2011-03-31,36.05,$5.48,6.57,$60.84,0.59,$6.63,5.44,$2.21,16.31,$0.42B,$0.17B,2.57,$0.32B,$0.11B,2.83,$1.26B,$0.19B,15.26%,$1.26B,$0.10B,8.19%,$1.26B,$0.10B,8.19%,$1.26B,$0.13B,10.41%,$1.26B,$0.08B,6.04%,$1.26B,$0.05B,3.66%,$0.05B,$0.11B,49.20%,$0.05B,$0.04B,200.00%,$0.05B,$0.72B,6.87%,$0.10B,$0.43B,25.85%,$342,$296,$45,$0,$18,$320,$21,$-7,$14,$5,$9,$9,$9,$28,$21,$21,21,$0.43,$0.43,$41,$173,$22,$423,$169,$5,$73,$27,$299,$722,$165,$320,$39,$444,$609,$0,$-7,$-5,$113,$722,$9,$7,$1,$8,$-40,$-6,$12,$1,$-27,$-10,$-4,$0,$-1,$0,$0,$0,$0,$-5,$24,$0,$24,$0,$0,$-5,$-1,$19,$5,$1,$-5
31,2010-12-31,29.88,$4.85,6.16,$57.65,0.52,$7.97,3.75,$2.14,13.96,$0.37B,$0.15B,2.48,$0.30B,$0.10B,2.96,$1.19B,$0.19B,15.80%,$1.19B,$0.10B,8.32%,$1.19B,$0.10B,8.32%,$1.19B,$0.13B,10.67%,$1.19B,$0.07B,6.22%,$1.19B,$0.04B,3.70%,$0.04B,$0.10B,54.32%,$0.04B,$0.03B,382.61%,$0.04B,$0.67B,6.77%,$0.10B,$0.40B,25.75%,$253,$217,$36,$0,$15,$238,$15,$-6,$9,$4,$5,$5,$5,$23,$15,$21,21,$0.24,$0.24,$35,$165,$23,$370,$168,$5,$72,$28,$299,$669,$149,$295,$38,$420,$569,$0,$-12,$-12,$100,$669,$45,$28,$9,$37,$-19,$8,$10,$-3,$23,$105,$-30,$0,$-34,$0,$0,$0,$0,$-63,$-40,$0,$-40,$-1,$-1,$-23,$-0,$-64,$-23,$3,$-23
32,2010-09-30,22.13,$4.70,4.71,$58.57,0.38,$8.91,2.48,$1.23,17.99,$0.38B,$0.15B,2.56,$0.30B,$0.10B,3.06,$1.21B,$0.19B,15.41%,$1.21B,$0.09B,7.79%,$1.21B,$0.09B,7.79%,$1.21B,$0.12B,10.02%,$1.21B,$0.05B,3.81%,$1.21B,$0.03B,2.15%,$0.03B,$0.10B,37.28%,$0.03B,$0.03B,945.45%,$0.03B,$0.66B,4.04%,$0.09B,$0.39B,24.53%,$336,$280,$56,$0,$15,$303,$34,$-7,$27,$11,$16,$16,$16,$41,$34,$21,21,$0.76,$0.75,$33,$151,$21,$380,$155,$5,$70,$26,$277,$657,$149,$296,$35,$412,$560,$0,$-12,$-14,$97,$657,$39,$20,$7,$27,$-35,$13,$7,$-6,$-3,$64,$-14,$0,$-18,$0,$0,$0,$0,$-32,$-40,$0,$-40,$-1,$-1,$-19,$-0,$-60,$-25,$3,$-19
33,2010-06-30,18.16,$3.10,5.86,$56.37,0.32,$10.41,1.74,$1.28,14.19,$0.36B,$0.14B,2.58,$0.31B,$0.06B,4.86,$1.16B,$0.18B,15.68%,$1.16B,$0.09B,8.01%,$1.16B,$0.09B,8.01%,$1.16B,$0.12B,10.34%,$1.16B,$0.04B,3.62%,$1.16B,$0.03B,2.24%,$0.03B,$0.06B,40.94%,$0.03B,$-0.00B,-1733.33%,$0.03B,$0.63B,3.93%,$0.09B,$0.37B,26.33%,$327,$272,$55,$0,$15,$294,$33,$-7,$26,$10,$16,$16,$16,$39,$33,$21,21,$0.78,$0.78,$18,$154,$18,$361,$150,$5,$66,$26,$271,$632,$140,$310,$37,$428,$568,$0,$-23,$-35,$64,$632,$24,$13,$2,$15,$-36,$1,$15,$-2,$-7,$33,$-8,$0,$-21,$0,$0,$0,$0,$-28,$-26,$0,$-26,$-1,$-1,$-14,$-0,$-41,$-40,$2,$-14
34,2010-03-31,22.58,$3.05,7.4,$54.72,0.41,$11.93,1.89,$1.07,21.1,$0.36B,$0.14B,2.56,$0.32B,$0.06B,5.02,$1.13B,$0.18B,15.99%,$1.13B,$0.09B,8.26%,$1.13B,$0.09B,8.26%,$1.13B,$0.12B,10.75%,$1.13B,$0.04B,3.46%,$1.13B,$0.02B,1.95%,$0.02B,$0.06B,36.36%,$0.02B,$-0.01B,-733.33%,$0.02B,$0.64B,3.26%,$0.09B,$0.38B,25.22%,$274,$234,$41,$0,$17,$258,$17,$-5,$12,$4,$7,$7,$7,$24,$17,$20,21,$0.36,$0.36,$24,$158,$18,$362,$155,$5,$69,$26,$279,$640,$141,$315,$40,$436,$578,$0,$-35,$-24,$63,$640,$7,$7,$0,$7,$-22,$2,$7,$-1,$1,$16,$-3,$0,$-21,$0,$0,$0,$0,$-23,$-21,$0,$-21,$-1,$-1,$-5,$-0,$-27,$-35,$1,$-5
35,2009-12-31,23.88,$2.68,8.91,$54.74,0.44,$12.14,1.97,$0.91,26.24,$0.38B,$0.13B,2.89,$0.34B,$0.06B,6.12,$1.13B,$0.18B,15.82%,$1.13B,$0.09B,8.36%,$1.13B,$0.09B,8.36%,$1.13B,$0.12B,10.84%,$1.13B,$0.04B,3.11%,$1.13B,$0.02B,1.69%,$0.02B,$0.06B,37.62%,$0.02B,$-0.01B,-185.37%,$0.02B,$0.64B,2.81%,$0.09B,$0.39B,25.05%,$270,$237,$34,$0,$17,$260,$10,$-29,$-19,$-6,$-13,$-13,$-13,$17,$10,$20,21,$-0.65,$-0.66,$63,$153,$17,$381,$149,$5,$62,$22,$263,$644,$132,$335,$41,$458,$590,$0,$-37,$-23,$55,$644,$21,$27,$67,$93,$16,$32,$-17,$7,$-3,$112,$-18,$0,$-3,$0,$0,$0,$0,$-21,$-71,$0,$-71,$0,$0,$-18,$-8,$-97,$-5,$3,$-18
36,2009-09-30,22.91,$3.54,6.47,$55.50,0.41,$8.26,2.77,$5.23,4.38,$0.44B,$0.34B,1.28,$0.20B,$0.07B,2.77,$1.14B,$0.17B,14.86%,$1.14B,$0.09B,7.43%,$1.14B,$0.09B,7.43%,$1.14B,$0.12B,10.23%,$1.14B,$0.05B,4.11%,$1.14B,$0.11B,9.35%,$0.11B,$0.07B,247.40%,$0.11B,$0.01B,-648.48%,$0.11B,$0.73B,15.72%,$0.09B,$0.27B,22.49%,$290,$238,$52,$0,$13,$257,$33,$-10,$23,$6,$17,$17,$16,$40,$33,$20,21,$0.80,$0.80,$135,$163,$15,$438,$145,$5,$62,$19,$292,$730,$342,$201,$35,$315,$657,$0,$-19,$-23,$72,$730,$34,$20,$13,$33,$-2,$20,$-5,$9,$25,$93,$-11,$0,$-1,$0,$0,$0,$0,$-12,$-0,$0,$-0,$0,$0,$-14,$0,$-14,$68,$2,$-14
37,2009-06-30,20.06,$2.54,7.91,$59.34,0.34,$5.85,3.43,$5.67,3.54,$0.39B,$0.13B,2.95,$0.38B,$0.05B,7.39,$1.22B,$0.19B,15.70%,$1.22B,$0.10B,8.50%,$1.22B,$0.10B,8.50%,$1.22B,$0.13B,10.96%,$1.22B,$0.07B,5.31%,$1.22B,$0.12B,9.57%,$0.12B,$0.05B,477.55%,$0.12B,$-0.01B,-334.29%,$0.12B,$0.68B,17.48%,$0.10B,$0.44B,24.85%,$292,$239,$53,$0,$14,$258,$33,$-10,$23,$11,$13,$13,$12,$40,$33,$20,21,$0.57,$0.57,$110,$145,$16,$392,$144,$6,$61,$22,$291,$682,$133,$384,$36,$498,$631,$0,$-31,$-30,$52,$682,$17,$13,$10,$23,$-2,$35,$-19,$7,$22,$63,$-7,$0,$-1,$0,$0,$0,$0,$-8,$-0,$0,$-0,$0,$0,$-9,$0,$-9,$47,$2,$-9
38,2009-03-31,10.94,$1.14,9.59,$63.08,0.17,$3.38,3.24,$6.26,1.75,$0.36B,$0.14B,2.7,$0.38B,$0.02B,16.29,$1.31B,$0.21B,15.93%,$1.31B,$0.12B,8.96%,$1.31B,$0.12B,8.96%,$1.31B,$0.15B,11.33%,$1.31B,$0.08B,5.90%,$1.31B,$0.13B,9.88%,$0.13B,$0.02B,806.25%,$0.13B,$-0.04B,-289.89%,$0.13B,$0.65B,18.99%,$0.12B,$0.40B,27.69%,$273,$234,$39,$0,$14,$254,$18,$-10,$8,$3,$5,$5,$4,$25,$18,$20,20,$0.20,$0.20,$81,$155,$14,$364,$142,$7,$58,$23,$286,$650,$135,$380,$36,$492,$627,$0,$-38,$-50,$23,$650,$5,$7,$4,$10,$-1,$15,$-14,$4,$7,$22,$-4,$0,$0,$0,$0,$0,$0,$-4,$0,$0,$0,$0,$0,$-5,$0,$-5,$13,$1,$-5
39,2008-12-31,15.88,$1.27,12.48,$65.61,0.24,$2.41,6.58,$6.69,2.37,$0.37B,$0.15B,2.51,$0.38B,$0.03B,14.41,$1.36B,$0.23B,16.50%,$1.36B,$0.13B,9.60%,$1.36B,$0.13B,9.60%,$1.36B,$0.16B,11.95%,$1.36B,$0.09B,6.60%,$1.36B,$0.14B,10.12%,$0.14B,$0.03B,1672.73%,$0.14B,$-0.03B,-257.94%,$0.14B,$0.66B,19.95%,$0.13B,$0.40B,30.61%,$289,$263,$26,$0,$15,$288,$1,$-7,$-7,$6,$-12,$-12,$75,$12,$1,$21,21,$3.64,$3.62,$69,$172,$13,$372,$145,$6,$58,$24,$289,$661,$149,$375,$36,$487,$635,$0,$-38,$-47,$26,$661,$139,$32,$-106,$-74,$19,$-15,$-17,$0,$-14,$52,$-37,$0,$158,$0,$0,$0,$0,$121,$-83,$0,$-83,$-21,$-21,$-17,$-2,$-123,$49,$4,$-17
40,2008-09-30,26.89,$-0.15,-182.65,$65.65,0.41,$3.70,7.26,$3.27,8.22,$0.42B,$0.18B,2.3,$0.44B,$-0.00B,-145.9,$1.37B,$0.25B,17.94%,$1.37B,$0.15B,10.61%,$1.37B,$0.15B,10.61%,$1.37B,$0.18B,12.81%,$1.37B,$0.10B,7.32%,$1.37B,$0.07B,4.98%,$0.07B,$-0.00B,-1700.00%,$0.07B,$-0.06B,-101.49%,$0.07B,$0.69B,9.80%,$0.15B,$0.44B,33.98%,$369,$295,$74,$0,$16,$318,$52,$-11,$41,$16,$25,$25,$26,$57,$52,$21,21,$1.25,$1.24,$21,$182,$13,$418,$148,$6,$61,$22,$267,$685,$182,$438,$59,$506,$688,$0,$-108,$2,$-3,$685,$65,$21,$25,$45,$-24,$-17,$-14,$-1,$-55,$58,$-27,$0,$0,$0,$0,$0,$0,$-26,$-3,$0,$-3,$-20,$-20,$-13,$0,$-36,$-4,$3,$-13
41,2008-06-30,29.82,$0.86,34.7,$63.49,0.47,$3.78,7.88,$3.25,9.17,$0.44B,$0.20B,2.18,$0.43B,$0.02B,24.21,$1.33B,$0.23B,17.57%,$1.33B,$0.13B,9.95%,$1.33B,$0.13B,9.95%,$1.33B,$0.17B,12.44%,$1.33B,$0.09B,6.56%,$1.33B,$0.07B,5.13%,$0.07B,$0.02B,-591.30%,$0.07B,$-0.05B,-90.67%,$0.07B,$0.72B,9.83%,$0.13B,$0.45B,31.67%,$375,$306,$69,$0,$17,$329,$46,$-11,$35,$13,$23,$23,$24,$54,$46,$21,21,$1.16,$1.16,$11,$180,$15,$436,$149,$6,$65,$23,$285,$721,$200,$433,$62,$503,$703,$0,$-129,$25,$18,$721,$39,$16,$12,$28,$-50,$-3,$0,$-1,$-49,$20,$-14,$0,$0,$0,$0,$0,$0,$-14,$-4,$0,$-4,$-1,$-1,$-8,$0,$-13,$-8,$2,$-8
42,2008-03-31,31.27,$-0.36,-85.71,$61.21,0.51,$4.39,7.13,$3.16,9.89,$0.42B,$0.20B,2.07,$0.43B,$-0.01B,-56.93,$1.28B,$0.23B,18.15%,$1.28B,$0.13B,10.17%,$1.28B,$0.13B,10.17%,$1.28B,$0.16B,12.83%,$1.28B,$0.08B,6.57%,$1.28B,$0.07B,5.16%,$0.07B,$-0.01B,-216.39%,$0.07B,$-0.07B,-70.40%,$0.07B,$0.70B,9.62%,$0.13B,$0.43B,32.26%,$331,$276,$56,$0,$17,$299,$32,$-11,$21,$8,$13,$13,$13,$40,$32,$21,21,$0.63,$0.63,$13,$191,$20,$420,$155,$4,$64,$24,$280,$700,$203,$433,$62,$505,$708,$0,$-149,$20,$-8,$700,$14,$8,$5,$13,$-26,$-7,$1,$-0,$-25,$2,$-4,$0,$0,$0,$0,$0,$0,$-4,$-1,$0,$-1,$-0,$-0,$-4,$0,$-5,$-7,$1,$-4
43,2007-12-31,30.14,$-1.12,-26.94,$60.17,0.5,$4.45,6.78,$3.03,9.95,$0.39B,$0.20B,1.98,$0.42B,$-0.02B,-17.98,$1.26B,$0.23B,17.99%,$1.26B,$0.13B,9.95%,$1.26B,$0.13B,9.95%,$1.26B,$0.16B,12.74%,$1.26B,$0.08B,6.29%,$1.26B,$0.06B,5.10%,$0.06B,$-0.02B,-129.95%,$0.06B,$-0.09B,-56.89%,$0.06B,$0.67B,9.43%,$0.13B,$0.40B,32.01%,$291,$245,$47,$0,$25,$277,$15,$-11,$3,$2,$2,$4,$5,$24,$15,$21,21,$0.23,$0.24,$19,$172,$22,$393,$145,$4,$63,$25,$276,$669,$199,$419,$38,$494,$693,$0,$-158,$13,$-23,$669,$67,$35,$3,$38,$-18,$-29,$16,$0,$-38,$66,$-24,$0,$8,$0,$0,$0,$0,$-17,$-45,$0,$-45,$-1,$-1,$-14,$1,$-59,$-5,$2,$-14
44,2007-09-30,26.68,$-1.59,-16.79,$55.18,0.48,$2.46,10.83,$2.97,8.98,$0.38B,$0.20B,1.94,$0.43B,$-0.03B,-12.93,$1.15B,$0.21B,18.17%,$1.15B,$0.12B,10.39%,$1.15B,$0.12B,10.39%,$1.15B,$0.15B,13.36%,$1.15B,$0.07B,6.46%,$1.15B,$0.06B,5.50%,$0.06B,$-0.03B,-94.74%,$0.06B,$-0.10B,-48.55%,$0.06B,$0.68B,9.35%,$0.12B,$0.40B,31.11%,$329,$268,$62,$0,$15,$290,$39,$-11,$28,$11,$17,$17,$26,$47,$39,$21,21,$1.23,$1.22,$21,$179,$7,$384,$152,$5,$63,$31,$292,$676,$198,$428,$75,$512,$709,$0,$-159,$4,$-33,$676,$58,$26,$6,$31,$-27,$-28,$7,$-11,$-38,$50,$-16,$0,$8,$0,$0,$0,$0,$-8,$-37,$0,$-37,$0,$0,$-11,$1,$-46,$-6,$2,$-11
45,2007-06-30,23.04,$-2.81,-8.19,$53.92,0.43,$1.14,20.17,$2.35,9.8,$0.40B,$0.21B,1.95,$0.46B,$-0.06B,-7.79,$1.12B,$0.20B,17.89%,$1.12B,$0.11B,10.02%,$1.12B,$0.11B,10.02%,$1.12B,$0.14B,12.34%,$1.12B,$0.07B,5.99%,$1.12B,$0.05B,4.38%,$0.05B,$-0.06B,-59.39%,$0.05B,$-0.12B,-33.62%,$0.05B,$0.70B,7.38%,$0.11B,$0.40B,30.09%,$327,$258,$68,$0,$17,$283,$44,$-12,$32,$12,$20,$20,$22,$53,$44,$21,21,$1.08,$1.07,$26,$183,$9,$402,$157,$3,$64,$29,$297,$699,$206,$455,$83,$552,$758,$0,$-181,$1,$-58,$699,$33,$17,$11,$28,$-24,$-25,$13,$-2,$-33,$29,$-11,$0,$-3,$0,$0,$0,$0,$-14,$-6,$0,$-6,$0,$0,$-7,$-0,$-14,$0,$0,$-7
46,2007-03-31,17.45,$-4.01,-4.35,$52.57,0.33,$-0.38,0.0,$1.52,11.48,$0.37B,$0.20B,1.9,$0.46B,$-0.08B,-5.51,$1.09B,$0.18B,16.44%,$1.09B,$0.09B,8.26%,$1.09B,$0.09B,8.26%,$1.09B,$0.11B,9.83%,$1.09B,$0.05B,4.22%,$1.09B,$0.03B,2.94%,$0.03B,$-0.08B,-33.68%,$0.03B,$-0.15B,-20.29%,$0.03B,$0.67B,4.96%,$0.09B,$0.38B,25.16%,$309,$258,$50,$0,$15,$281,$27,$-11,$16,$5,$11,$10,$11,$36,$27,$21,21,$0.51,$0.50,$18,$171,$12,$373,$158,$2,$63,$29,$298,$671,$197,$459,$86,$558,$754,$0,$-200,$-4,$-83,$671,$11,$9,$3,$12,$-15,$-16,$4,$0,$-18,$4,$-5,$0,$0,$0,$0,$0,$0,$-5,$-2,$0,$-2,$0,$0,$-4,$0,$-6,$-7,$0,$-4
47,2006-12-31,17.5,$-4.46,-3.93,$55.94,0.31,$-1.37,0.0,$0.73,23.97,$0.35B,$0.19B,1.87,$0.46B,$-0.09B,-4.94,$1.05B,$0.17B,16.46%,$1.05B,$0.08B,7.56%,$1.05B,$0.08B,7.56%,$1.05B,$0.09B,8.33%,$1.05B,$0.02B,1.82%,$1.05B,$0.02B,1.44%,$0.02B,$-0.09B,-14.67%,$0.02B,$-0.16B,-9.48%,$0.02B,$0.65B,2.43%,$0.08B,$0.36B,23.03%,$180,$152,$28,$0,$13,$171,$9,$-11,$-2,$2,$-4,$-4,$4,$17,$9,$19,20,$0.36,$0.33,$24,$156,$18,$350,$159,$3,$63,$30,$300,$649,$187,$456,$36,$555,$742,$0,$-207,$-7,$-92,$649,$15,$33,$10,$43,$-18,$-22,$19,$0,$-35,$29,$-29,$0,$-43,$0,$0,$0,$0,$-71,$-56,$0,$-56,$121,$121,$-17,$-10,$38,$-4,$0,$-17
