,Date,Stock Price,Book Value per Share,Price to Book Ratio,TTM Sales per Share,Price to Sales Ratio,TTM FCF per Share,Price to FCF Ratio,TTM Net EPS,PE Ratio,Current Assets,Current Liabilities,Current Ratio,Long Term Debt,Shareholder's Equity_x,Debt to Equity Ratio,TTM Revenue_x,TTM Gross Profit,Gross Margin,TTM Revenue_y,TTM Operating Income,Operating Margin,TTM Revenue_x,TTM EBIT,EBIT Margin,TTM Revenue_y,TTM EBITDA,EBITDA Margin,TTM Revenue_x,TTM Pre-Tax Income,Pre-Tax Margin,TTM Revenue_y,TTM Net Income_x,Net Margin,TTM Net Income_y,Shareholder's Equity_y,Return on Equity,TTM Net Income_x,Tangible Equity,Return on Tangible Equity,TTM Net Income_y,Total Assets,Return on Assets,TTM Net Income,LT Investments & Debt,Return on Investment,revenue,cost-goods-sold,gross-profit,research-development-expenses,selling-general-administrative-expenses,operating-expenses,operating-income,total-non-operating-income-expense,pre-tax-income,total-provision-income-taxes,income-after-taxes,income-from-continuous-operations,net-income,ebitda,ebit,basic-shares-outstanding,shares-outstanding,eps-basic-net-earnings-per-share,eps-earnings-per-share-diluted,cash-on-hand,inventory,other-current-assets,total-current-assets,net-property-plant-equipment,long-term-investments,goodwill-intangible-assets-total,other-long-term-assets,total-long-term-assets,total-assets,total-current-liabilities,long-term-debt,other-non-current-liabilities,total-long-term-liabilities,total-liabilities,common-stock-net,retained-earnings-accumulated-deficit,comprehensive-income,total-share-holder-equity,total-liabilities-share-holders-equity,net-income-loss,total-depreciation-amortization-cash-flow,other-non-cash-items,total-non-cash-items,change-in-accounts-receivable,change-in-inventories,change-in-accounts-payable,change-in-assets-liabilities,total-change-in-assets-liabilities,cash-flow-from-operating-activities,net-change-in-property-plant-equipment,net-change-in-intangible-assets,net-acquisitions-divestitures,net-change-in-short-term-investments,net-change-in-long-term-investments,net-change-in-investments-total,investing-activities-other,cash-flow-from-investing-activities,net-long-term-debt,net-current-debt,debt-issuance-retirement-net-total,net-common-equity-issued-repurchased,net-total-equity-issued-repurchased,total-common-preferred-stock-dividends-paid,financial-activities-other,cash-flow-from-financial-activities,net-cash-flow,stock-based-compensation,common-stock-dividends-paid
0,2018-09-30,2.42,$0.81,2.99,$0.39,6.18,$-0.98,0.0,$-0.37,0.0,$0.06B,$0.01B,5.66,$0.00B,$0.06B,0.0,$0.03B,$0.01B,35.71%,$0.03B,$-0.03B,-121.43%,$0.03B,$-0.03B,-121.43%,$0.03B,$-0.03B,-110.71%,$0.03B,$-0.03B,-100.00%,$0.03B,$-0.03B,-96.43%,$-0.03B,$0.06B,-38.57%,$-0.03B,$0.06B,-39.71%,$-0.03B,$0.07B,-32.83%,$-0.03B,$0.06B,-48.57%,$5,$4,$1,$5,$7,$15,$-10,$0,$-10,$-0,$-10,$-10,$-10,$-10,$-10,$73,73,$-0.13,$-0.13,$46,$5,$0,$57,$5,$6,$2,$2,$15,$72,$10,$0,$2,$2,$12,$1,$-262,$3,$59,$72,$-25,$2,$2,$3,$2,$-2,$0,$2,$1,$-20,$-1,$0,$0,$17,$-1,$16,$-0,$15,$0,$0,$0,$0,$0,$0,$-0,$-0,$-5,$4,$0
1,2018-06-30,2.86,$0.93,3.08,$0.41,7.03,$-0.99,0.0,$-0.35,0.0,$0.06B,$0.01B,6.9,$0.00B,$0.07B,0.0,$0.03B,$0.01B,37.93%,$0.03B,$-0.03B,-113.79%,$0.03B,$-0.03B,-113.79%,$0.03B,$-0.03B,-100.00%,$0.03B,$-0.03B,-89.66%,$0.03B,$-0.03B,-86.21%,$-0.03B,$0.07B,-33.33%,$-0.03B,$0.07B,-34.48%,$-0.03B,$0.08B,-28.41%,$-0.03B,$0.07B,-44.00%,$6,$3,$2,$5,$7,$15,$-9,$-0,$-9,$0,$-9,$-9,$-9,$-8,$-9,$73,73,$-0.13,$-0.13,$53,$4,$0,$64,$5,$6,$2,$2,$15,$79,$9,$0,$2,$2,$11,$1,$-252,$3,$68,$79,$-15,$1,$1,$2,$1,$-1,$0,$2,$-0,$-13,$-1,$0,$0,$13,$-1,$12,$-0,$11,$0,$0,$0,$0,$0,$0,$-0,$-0,$-2,$3,$0
2,2018-03-31,3.12,$1.04,3.0,$0.41,7.62,$-0.99,0.0,$-0.32,0.0,$0.07B,$0.01B,8.12,$0.00B,$0.08B,0.0,$0.03B,$0.01B,37.93%,$0.03B,$-0.03B,-110.34%,$0.03B,$-0.03B,-110.34%,$0.03B,$-0.03B,-96.55%,$0.03B,$-0.02B,-82.76%,$0.03B,$-0.02B,-79.31%,$-0.02B,$0.08B,-28.93%,$-0.02B,$0.07B,-30.07%,$-0.02B,$0.09B,-24.53%,$-0.03B,$0.08B,-40.25%,$6,$4,$2,$4,$7,$15,$-10,$4,$-5,$0,$-5,$-5,$-6,$-9,$-10,$73,73,$-0.08,$-0.08,$61,$4,$0,$71,$5,$4,$2,$4,$16,$87,$9,$0,$2,$2,$11,$1,$-243,$3,$76,$87,$-5,$1,$-1,$-1,$1,$-0,$0,$2,$0,$-6,$-1,$0,$0,$7,$-1,$6,$-0,$5,$0,$0,$0,$0,$0,$0,$0,$0,$-1,$1,$0
3,2017-12-31,3.2,$1.06,3.02,$0.40,8.0,$-1.01,0.0,$-0.37,0.0,$0.08B,$0.01B,6.59,$0.00B,$0.08B,0.0,$0.03B,$0.01B,37.04%,$0.03B,$-0.03B,-114.81%,$0.03B,$-0.03B,-114.81%,$0.03B,$-0.03B,-100.00%,$0.03B,$-0.03B,-103.70%,$0.03B,$-0.03B,-92.59%,$-0.03B,$0.08B,-32.15%,$-0.03B,$0.08B,-33.78%,$-0.03B,$0.09B,-26.88%,$-0.03B,$0.08B,-39.87%,$11,$7,$5,$5,$4,$16,$-5,$1,$-4,$-2,$-2,$-2,$-2,$-4,$-5,$70,70,$-0.03,$-0.03,$69,$5,$0,$80,$5,$0,$3,$4,$12,$91,$12,$0,$1,$2,$14,$1,$-240,$4,$77,$91,$-25,$3,$-0,$3,$-2,$-2,$0,$-1,$-3,$-26,$-3,$0,$-4,$18,$0,$18,$-0,$11,$0,$0,$0,$25,$25,$0,$-2,$23,$9,$2,$0
4,2017-09-30,4.17,$1.09,3.83,$0.34,12.4,$-0.88,0.0,$-0.41,0.0,$0.09B,$0.02B,5.37,$0.00B,$0.08B,0.0,$0.02B,$0.01B,31.82%,$0.02B,$-0.03B,-145.45%,$0.02B,$-0.03B,-145.45%,$0.02B,$-0.03B,-131.82%,$0.02B,$-0.03B,-127.27%,$0.02B,$-0.03B,-127.27%,$-0.03B,$0.08B,-36.36%,$-0.03B,$0.08B,-38.10%,$-0.03B,$0.10B,-30.35%,$-0.03B,$0.08B,-41.56%,$6,$4,$2,$5,$5,$15,$-9,$0,$-8,$0,$-8,$-8,$-8,$-8,$-9,$72,72,$-0.11,$-0.11,$77,$6,$0,$87,$4,$0,$4,$1,$8,$95,$16,$0,$0,$0,$16,$1,$-238,$2,$79,$95,$-24,$2,$3,$5,$0,$-3,$0,$-0,$-1,$-20,$-1,$0,$-4,$10,$0,$10,$-0,$5,$0,$0,$0,$25,$25,$0,$0,$25,$10,$3,$0
5,2017-06-30,3.71,$1.20,3.1,$0.34,10.86,$-0.78,0.0,$-0.42,0.0,$0.09B,$0.02B,6.19,$0.00B,$0.09B,0.0,$0.02B,$0.01B,27.27%,$0.02B,$-0.03B,-136.36%,$0.02B,$-0.03B,-136.36%,$0.02B,$-0.03B,-127.27%,$0.02B,$-0.03B,-127.27%,$0.02B,$-0.03B,-127.27%,$-0.03B,$0.09B,-36.13%,$-0.03B,$0.08B,-37.46%,$-0.03B,$0.10B,-30.43%,$-0.03B,$0.09B,-38.71%,$6,$4,$2,$5,$5,$14,$-8,$1,$-7,$0,$-7,$-7,$-7,$-7,$-8,$71,71,$-0.10,$-0.10,$85,$4,$0,$93,$4,$0,$4,$1,$9,$102,$15,$0,$0,$0,$15,$1,$-230,$3,$86,$102,$-15,$1,$2,$3,$0,$-1,$0,$-0,$-0,$-13,$-1,$0,$-4,$8,$0,$8,$-0,$3,$0,$0,$0,$25,$25,$0,$0,$25,$15,$2,$0
6,2017-03-31,4.1,$1.06,3.85,$0.33,12.58,$-0.66,0.0,$-0.37,0.0,$0.08B,$0.02B,5.0,$0.00B,$0.07B,0.0,$0.02B,$0.00B,20.00%,$0.02B,$-0.02B,-115.00%,$0.02B,$-0.02B,-115.00%,$0.02B,$-0.02B,-110.00%,$0.02B,$-0.02B,-110.00%,$0.02B,$-0.02B,-120.00%,$-0.02B,$0.07B,-30.87%,$-0.02B,$0.06B,-31.68%,$-0.02B,$0.08B,-26.16%,$-0.02B,$0.07B,-29.58%,$4,$3,$1,$4,$6,$13,$-9,$-0,$-9,$-1,$-8,$-8,$-8,$-8,$-9,$65,65,$-0.12,$-0.12,$68,$4,$0,$76,$3,$0,$5,$1,$8,$84,$15,$0,$0,$0,$15,$1,$-222,$3,$69,$84,$-8,$0,$1,$2,$-0,$-0,$0,$0,$-0,$-7,$-0,$0,$-3,$13,$0,$13,$-0,$9,$0,$0,$0,$0,$0,$0,$0,$0,$3,$1,$0
7,2016-12-31,2.84,$1.15,2.47,$0.35,8.03,$-0.63,0.0,$-0.36,0.0,$0.08B,$0.01B,6.24,$0.00B,$0.07B,0.0,$0.02B,$0.00B,18.18%,$0.02B,$-0.02B,-90.91%,$0.02B,$-0.02B,-90.91%,$0.02B,$-0.02B,-90.91%,$0.02B,$-0.02B,-90.91%,$0.02B,$-0.02B,-104.55%,$-0.02B,$0.07B,-27.79%,$-0.02B,$0.07B,-28.13%,$-0.02B,$0.09B,-23.96%,$-0.02B,$0.07B,-24.17%,$6,$4,$2,$4,$5,$13,$-6,$2,$-4,$1,$-5,$-5,$-5,$-6,$-6,$64,64,$-0.08,$-0.08,$77,$3,$0,$83,$3,$0,$1,$1,$4,$88,$13,$0,$0,$0,$14,$1,$-214,$2,$74,$88,$-23,$1,$-3,$-2,$-0,$-2,$0,$-0,$-1,$-26,$8,$0,$15,$-1,$1,$0,$0,$23,$0,$0,$0,$0,$0,$0,$-1,$-1,$-4,$2,$0
8,2016-09-30,2.18,$1.27,1.72,$0.33,6.67,$-0.62,0.0,$-0.39,0.0,$0.09B,$0.01B,6.83,$0.00B,$0.08B,0.0,$0.02B,$0.00B,9.52%,$0.02B,$-0.02B,-104.76%,$0.02B,$-0.02B,-104.76%,$0.02B,$-0.02B,-104.76%,$0.02B,$-0.02B,-109.52%,$0.02B,$-0.03B,-119.05%,$-0.03B,$0.08B,-28.49%,$-0.03B,$0.08B,-28.74%,$-0.03B,$0.09B,-24.88%,$-0.02B,$0.08B,-25.07%,$6,$5,$1,$4,$4,$13,$-7,$-1,$-8,$0,$-8,$-8,$-8,$-7,$-7,$64,64,$-0.13,$-0.13,$84,$3,$0,$90,$3,$0,$1,$1,$4,$94,$13,$0,$0,$0,$13,$1,$-209,$3,$81,$94,$-18,$1,$-3,$-2,$-1,$-1,$0,$0,$-0,$-20,$8,$0,$15,$-2,$0,$-2,$-0,$21,$0,$0,$0,$0,$0,$0,$-0,$-0,$1,$1,$0
9,2016-06-30,2.22,$1.36,1.63,$0.36,6.11,$-0.61,0.0,$-0.34,0.0,$0.10B,$0.01B,7.0,$0.00B,$0.09B,0.0,$0.02B,$0.00B,17.39%,$0.02B,$-0.02B,-91.30%,$0.02B,$-0.02B,-91.30%,$0.02B,$-0.02B,-86.96%,$0.02B,$-0.02B,-86.96%,$0.02B,$-0.02B,-95.65%,$-0.02B,$0.09B,-23.59%,$-0.02B,$0.09B,-23.85%,$-0.02B,$0.10B,-20.80%,$-0.02B,$0.09B,-22.52%,$4,$5,$-0,$4,$4,$5,$-1,$0,$-1,$2,$-3,$-3,$-3,$-1,$-1,$64,64,$-0.05,$-0.05,$92,$3,$0,$97,$3,$0,$1,$1,$4,$101,$14,$0,$0,$0,$14,$1,$-201,$2,$87,$101,$-10,$1,$-5,$-4,$0,$-1,$0,$0,$1,$-12,$8,$0,$15,$-5,$0,$-5,$-0,$18,$0,$0,$0,$0,$0,$0,$-0,$-0,$6,$1,$0
10,2016-03-31,1.66,$1.40,1.19,$0.47,3.56,$-0.69,0.0,$-0.28,0.0,$0.10B,$0.01B,8.19,$0.00B,$0.09B,0.0,$0.03B,$0.01B,26.67%,$0.03B,$-0.03B,-83.33%,$0.03B,$-0.03B,-83.33%,$0.03B,$-0.02B,-80.00%,$0.03B,$-0.02B,-60.00%,$0.03B,$-0.02B,-60.00%,$-0.02B,$0.09B,-18.27%,$-0.02B,$0.09B,-18.46%,$-0.02B,$0.10B,-16.14%,$-0.03B,$0.09B,-25.38%,$6,$5,$1,$4,$4,$12,$-6,$-0,$-7,$0,$-7,$-7,$-7,$-6,$-6,$64,64,$-0.11,$-0.11,$91,$3,$0,$96,$3,$0,$1,$2,$5,$101,$12,$0,$0,$0,$12,$1,$-198,$2,$89,$101,$-7,$0,$1,$1,$-0,$-0,$0,$0,$0,$-6,$1,$0,$15,$-2,$0,$-2,$-0,$13,$0,$0,$0,$0,$0,$0,$-0,$-0,$8,$0,$0
11,2015-12-31,2.72,$1.48,1.84,$0.51,5.36,$-0.70,0.0,$-0.23,0.0,$0.10B,$0.01B,8.97,$0.00B,$0.09B,0.0,$0.03B,$0.01B,30.30%,$0.03B,$-0.03B,-75.76%,$0.03B,$-0.03B,-75.76%,$0.03B,$-0.02B,-69.70%,$0.03B,$-0.02B,-45.45%,$0.03B,$-0.02B,-45.45%,$-0.02B,$0.09B,-14.56%,$-0.02B,$0.09B,-14.71%,$-0.02B,$0.11B,-12.93%,$-0.03B,$0.09B,-24.27%,$5,$5,$0,$4,$4,$12,$-8,$1,$-7,$0,$-7,$-7,$-7,$-8,$-8,$63,63,$-0.11,$-0.11,$81,$3,$0,$101,$3,$0,$1,$1,$5,$106,$11,$0,$0,$0,$12,$1,$-191,$1,$94,$106,$-15,$2,$-5,$-3,$3,$-0,$0,$1,$1,$-17,$-1,$0,$0,$15,$9,$24,$-0,$23,$0,$0,$0,$0,$0,$0,$-1,$-1,$5,$3,$0
12,2015-09-30,3.14,$1.62,1.94,$0.60,5.2,$-0.75,0.0,$-0.20,0.0,$0.11B,$0.01B,9.02,$0.00B,$0.10B,0.0,$0.04B,$0.02B,38.46%,$0.04B,$-0.02B,-58.97%,$0.04B,$-0.02B,-58.97%,$0.04B,$-0.02B,-53.85%,$0.04B,$-0.01B,-33.33%,$0.04B,$-0.01B,-33.33%,$-0.01B,$0.10B,-12.18%,$-0.01B,$0.10B,-12.32%,$-0.01B,$0.12B,-10.81%,$-0.02B,$0.10B,-21.55%,$8,$5,$3,$4,$5,$14,$-6,$1,$-5,$-0,$-5,$-5,$-5,$-5,$-6,$63,63,$-0.07,$-0.07,$87,$3,$0,$108,$4,$0,$1,$2,$6,$115,$12,$0,$0,$0,$12,$1,$-184,$2,$103,$115,$-8,$2,$-5,$-3,$1,$0,$0,$1,$0,$-10,$-1,$0,$0,$4,$8,$12,$0,$11,$0,$0,$0,$0,$0,$0,$-0,$-0,$0,$3,$0
13,2015-06-30,3.45,$1.71,2.01,$0.63,5.48,$-0.87,0.0,$-0.21,0.0,$0.12B,$0.02B,7.59,$0.00B,$0.11B,0.0,$0.04B,$0.02B,39.02%,$0.04B,$-0.02B,-56.10%,$0.04B,$-0.02B,-56.10%,$0.04B,$-0.02B,-51.22%,$0.04B,$-0.01B,-31.71%,$0.04B,$-0.01B,-31.71%,$-0.01B,$0.11B,-11.85%,$-0.01B,$0.11B,-11.98%,$-0.01B,$0.12B,-10.55%,$-0.02B,$0.11B,-20.96%,$11,$6,$4,$5,$5,$16,$-5,$6,$1,$0,$1,$1,$1,$-5,$-5,$63,63,$0.01,$0.01,$88,$3,$0,$116,$4,$0,$1,$3,$8,$124,$15,$0,$0,$0,$16,$1,$-179,$4,$108,$124,$-3,$1,$-5,$-3,$-4,$-0,$0,$3,$-3,$-9,$-1,$0,$0,$4,$7,$12,$-0,$11,$0,$0,$0,$0,$0,$0,$-0,$-0,$2,$2,$0
14,2015-03-31,3.52,$1.69,2.08,$0.57,6.19,$-0.95,0.0,$-0.36,0.0,$0.11B,$0.01B,9.27,$0.00B,$0.11B,0.0,$0.04B,$0.02B,40.54%,$0.04B,$-0.03B,-67.57%,$0.04B,$-0.03B,-67.57%,$0.04B,$-0.02B,-59.46%,$0.04B,$-0.02B,-62.16%,$0.04B,$-0.02B,-62.16%,$-0.02B,$0.11B,-20.44%,$-0.02B,$0.11B,-20.72%,$-0.02B,$0.12B,-18.40%,$-0.03B,$0.11B,-22.22%,$9,$5,$3,$5,$4,$15,$-6,$2,$-4,$0,$-4,$-4,$-4,$-5,$-6,$63,63,$-0.06,$-0.06,$87,$4,$0,$111,$4,$0,$1,$2,$8,$119,$12,$0,$0,$0,$12,$1,$-180,$4,$107,$119,$-4,$1,$-1,$0,$-1,$-0,$0,$2,$-2,$-5,$-0,$0,$0,$2,$2,$4,$-0,$3,$0,$0,$0,$0,$0,$0,$0,$0,$-2,$1,$0
15,2014-12-31,3.62,$1.73,2.09,$0.51,7.13,$-0.96,0.0,$-0.45,0.0,$0.10B,$0.01B,7.55,$0.00B,$0.11B,0.0,$0.03B,$0.01B,36.36%,$0.03B,$-0.03B,-87.88%,$0.03B,$-0.03B,-87.88%,$0.03B,$-0.03B,-78.79%,$0.03B,$-0.03B,-84.85%,$0.03B,$-0.03B,-84.85%,$-0.03B,$0.11B,-23.88%,$-0.03B,$0.11B,-24.24%,$-0.03B,$0.12B,-21.62%,$-0.03B,$0.11B,-24.73%,$11,$6,$5,$6,$5,$17,$-6,$1,$-5,$-0,$-5,$-5,$-5,$-6,$-6,$63,63,$-0.08,$-0.08,$91,$4,$0,$100,$5,$0,$2,$2,$23,$123,$13,$0,$0,$0,$14,$1,$-176,$3,$109,$123,$-29,$3,$7,$10,$-1,$-2,$0,$0,$-1,$-20,$-1,$0,$0,$20,$0,$20,$-0,$19,$0,$0,$0,$-0,$-0,$0,$-1,$-1,$-2,$5,$0
16,2014-09-30,3.4,$1.84,1.85,$0.43,7.96,$-0.94,0.0,$-0.53,0.0,$0.10B,$0.01B,9.04,$0.00B,$0.12B,0.0,$0.03B,$0.01B,32.14%,$0.03B,$-0.03B,-107.14%,$0.03B,$-0.03B,-107.14%,$0.03B,$-0.03B,-89.29%,$0.03B,$-0.03B,-117.86%,$0.03B,$-0.03B,-117.86%,$-0.03B,$0.12B,-26.67%,$-0.03B,$0.11B,-27.16%,$-0.03B,$0.13B,-24.40%,$-0.03B,$0.12B,-24.24%,$10,$5,$4,$5,$5,$15,$-6,$0,$-5,$0,$-5,$-5,$-5,$-5,$-6,$63,63,$-0.08,$-0.08,$94,$4,$0,$103,$5,$0,$2,$2,$24,$127,$11,$0,$0,$0,$12,$1,$-171,$4,$115,$127,$-23,$3,$5,$8,$-1,$-1,$0,$-0,$-2,$-17,$-1,$0,$0,$19,$0,$19,$-0,$18,$0,$0,$0,$-0,$-0,$0,$-0,$-0,$0,$4,$0
17,2014-06-30,3.26,$1.90,1.71,$0.35,9.24,$-0.85,0.0,$-0.59,0.0,$0.11B,$0.01B,9.31,$0.00B,$0.12B,0.0,$0.02B,$0.01B,21.74%,$0.02B,$-0.03B,-147.83%,$0.02B,$-0.03B,-147.83%,$0.02B,$-0.03B,-126.09%,$0.02B,$-0.04B,-160.87%,$0.02B,$-0.04B,-160.87%,$-0.04B,$0.12B,-28.14%,$-0.04B,$0.12B,-28.79%,$-0.04B,$0.13B,-25.83%,$-0.03B,$0.12B,-25.86%,$7,$4,$3,$5,$5,$14,$-7,$-2,$-9,$0,$-9,$-9,$-9,$-6,$-7,$63,63,$-0.14,$-0.14,$99,$3,$0,$108,$5,$0,$2,$1,$24,$131,$12,$0,$0,$0,$12,$1,$-166,$4,$119,$131,$-18,$2,$4,$6,$-1,$-1,$0,$-0,$-1,$-13,$-1,$0,$0,$11,$0,$11,$-0,$10,$0,$0,$0,$-0,$-0,$0,$0,$-0,$-3,$2,$0
18,2014-03-31,3.78,$2.01,1.88,$0.34,11.14,$-0.75,0.0,$-0.57,0.0,$0.11B,$0.01B,10.3,$0.00B,$0.13B,0.0,$0.02B,$0.00B,9.09%,$0.02B,$-0.04B,-163.64%,$0.02B,$-0.04B,-163.64%,$0.02B,$-0.03B,-140.91%,$0.02B,$-0.04B,-163.64%,$0.02B,$-0.04B,-163.64%,$-0.04B,$0.13B,-25.49%,$-0.04B,$0.12B,-26.18%,$-0.04B,$0.14B,-23.53%,$-0.04B,$0.13B,-25.49%,$5,$4,$0,$5,$5,$14,$-10,$0,$-9,$-0,$-9,$-9,$-9,$-9,$-10,$63,63,$-0.15,$-0.15,$106,$2,$0,$112,$5,$0,$2,$3,$25,$137,$11,$0,$0,$0,$11,$1,$-157,$3,$126,$137,$-9,$1,$1,$2,$0,$0,$0,$1,$1,$-6,$-0,$0,$0,$5,$0,$5,$-0,$4,$0,$0,$0,$-0,$-0,$0,$0,$-0,$-2,$1,$0
19,2013-12-31,4.22,$2.15,1.96,$0.36,11.62,$-0.70,0.0,$-0.08,0.0,$0.12B,$0.01B,10.64,$0.00B,$0.14B,0.0,$0.02B,$0.00B,8.70%,$0.02B,$-0.04B,-156.52%,$0.02B,$-0.04B,-156.52%,$0.02B,$-0.03B,-134.78%,$0.02B,$-0.04B,-169.57%,$0.02B,$-0.01B,-21.74%,$-0.01B,$0.14B,-3.29%,$-0.01B,$0.13B,-3.38%,$-0.01B,$0.15B,-3.05%,$-0.04B,$0.14B,-23.68%,$6,$4,$2,$4,$3,$13,$-7,$-2,$-10,$-0,$-10,$-10,$-10,$-5,$-7,$62,62,$-0.15,$-0.15,$113,$3,$0,$120,$6,$0,$3,$3,$27,$146,$11,$0,$0,$0,$12,$1,$-148,$3,$135,$146,$-6,$6,$-24,$-19,$5,$2,$0,$-1,$5,$-19,$-1,$0,$55,$-32,$-1,$-33,$-0,$21,$0,$0,$0,$-8,$-8,$0,$-5,$-13,$-10,$4,$0
20,2013-09-30,4.02,$2.34,1.72,$0.41,9.83,$-0.48,0.0,$0.02,201.0,$0.13B,$0.01B,9.77,$0.00B,$0.15B,0.0,$0.03B,$0.00B,15.38%,$0.03B,$-0.03B,-126.92%,$0.03B,$-0.03B,-126.92%,$0.03B,$-0.03B,-111.54%,$0.03B,$-0.03B,-130.77%,$0.03B,$0.00B,3.85%,$0.00B,$0.15B,0.64%,$0.00B,$0.14B,0.65%,$0.00B,$0.16B,0.58%,$-0.03B,$0.15B,-21.02%,$5,$5,$0,$6,$5,$15,$-10,$1,$-9,$-0,$-9,$-9,$-9,$-9,$-10,$64,64,$-0.14,$-0.14,$123,$3,$0,$130,$6,$0,$4,$19,$30,$159,$13,$0,$0,$0,$14,$1,$-138,$2,$146,$159,$4,$3,$-27,$-24,$4,$2,$0,$1,$7,$-13,$-1,$0,$55,$-33,$-1,$-34,$-0,$21,$0,$0,$0,$-6,$-6,$0,$-4,$-10,$-2,$4,$0
21,2013-06-30,3.71,$2.49,1.49,$0.46,8.06,$-0.38,0.0,$0.05,74.2,$0.14B,$0.01B,11.19,$0.00B,$0.16B,0.0,$0.03B,$0.01B,24.14%,$0.03B,$-0.03B,-100.00%,$0.03B,$-0.03B,-100.00%,$0.03B,$-0.02B,-82.76%,$0.03B,$-0.03B,-110.34%,$0.03B,$0.00B,10.34%,$0.00B,$0.16B,1.87%,$0.00B,$0.15B,1.92%,$0.00B,$0.17B,1.69%,$-0.03B,$0.16B,-18.10%,$6,$6,$-0,$4,$5,$15,$-9,$1,$-8,$0,$-8,$-8,$-8,$-8,$-9,$62,62,$-0.13,$-0.13,$130,$4,$0,$138,$6,$0,$5,$21,$32,$170,$12,$0,$0,$0,$13,$1,$-129,$3,$158,$170,$13,$2,$-28,$-26,$4,$2,$0,$0,$5,$-7,$-1,$0,$55,$-33,$-3,$-36,$-0,$19,$0,$0,$0,$-2,$-2,$0,$-4,$-6,$6,$2,$0
22,2013-03-31,3.7,$2.65,1.4,$0.47,7.81,$-0.33,0.0,$0.08,46.25,$0.15B,$0.01B,13.49,$0.00B,$0.17B,0.0,$0.03B,$0.01B,30.00%,$0.03B,$-0.03B,-90.00%,$0.03B,$-0.03B,-90.00%,$0.03B,$-0.02B,-60.00%,$0.03B,$-0.03B,-100.00%,$0.03B,$0.01B,20.00%,$0.01B,$0.17B,3.72%,$0.01B,$0.17B,3.79%,$0.01B,$0.18B,3.33%,$-0.03B,$0.17B,-16.74%,$6,$6,$0,$4,$6,$16,$-10,$-2,$-12,$-13,$1,$1,$22,$-9,$-10,$64,64,$0.34,$0.34,$137,$5,$0,$147,$7,$0,$5,$22,$34,$181,$11,$0,$0,$0,$11,$1,$-121,$5,$169,$181,$21,$1,$-29,$-28,$4,$1,$0,$0,$4,$-3,$-0,$0,$55,$-33,$-3,$-36,$0,$19,$0,$0,$0,$0,$0,$0,$-4,$-4,$12,$2,$0
23,2012-12-31,3.33,$2.43,1.37,$0.54,6.12,$-0.31,0.0,$-0.29,0.0,$0.13B,$0.02B,6.29,$0.00B,$0.16B,0.0,$0.04B,$0.01B,37.14%,$0.04B,$-0.02B,-57.14%,$0.04B,$-0.02B,-57.14%,$0.04B,$-0.01B,-28.57%,$0.04B,$-0.02B,-57.14%,$0.04B,$-0.02B,-54.29%,$-0.02B,$0.16B,-11.75%,$-0.02B,$0.15B,-11.97%,$-0.02B,$0.18B,-10.38%,$-0.02B,$0.16B,-12.36%,$9,$5,$4,$4,$4,$13,$-4,$-0,$-5,$1,$-6,$-6,$-4,$-3,$-4,$64,64,$-0.28,$-0.28,$92,$6,$22,$127,$8,$0,$3,$38,$49,$176,$20,$0,$1,$1,$21,$1,$-143,$7,$155,$176,$-19,$11,$9,$19,$4,$3,$0,$-1,$4,$4,$-10,$0,$0,$-3,$-1,$-4,$-2,$-16,$0,$0,$0,$-3,$-3,$0,$-1,$-4,$-16,$4,$0
24,2012-09-30,3.76,$2.50,1.5,$0.69,5.47,$-0.03,0.0,$-0.23,0.0,$0.13B,$0.02B,6.34,$0.00B,$0.16B,0.0,$0.04B,$0.02B,38.64%,$0.04B,$-0.02B,-47.73%,$0.04B,$-0.02B,-47.73%,$0.04B,$-0.00B,-9.09%,$0.04B,$-0.02B,-45.45%,$0.04B,$-0.02B,-34.09%,$-0.02B,$0.16B,-9.06%,$-0.02B,$0.16B,-9.24%,$-0.02B,$0.18B,-8.00%,$-0.02B,$0.16B,-12.69%,$8,$5,$3,$5,$5,$14,$-6,$-1,$-7,$0,$-7,$-7,$-7,$-4,$-6,$63,63,$0.11,$0.11,$95,$20,$0,$131,$34,$0,$3,$9,$49,$181,$21,$0,$1,$1,$22,$1,$-139,$6,$159,$181,$-15,$9,$6,$15,$3,$0,$0,$-0,$1,$1,$-8,$0,$0,$-6,$-1,$-8,$0,$-16,$0,$0,$0,$-3,$-3,$0,$-0,$-4,$-18,$4,$0
25,2012-06-30,3.44,$2.55,1.35,$1.01,3.41,$0.16,21.17,$-0.11,0.0,$0.13B,$0.02B,7.07,$0.00B,$0.16B,0.0,$0.07B,$0.02B,36.36%,$0.07B,$-0.02B,-24.24%,$0.07B,$-0.02B,-24.24%,$0.07B,$0.00B,1.52%,$0.07B,$-0.01B,-19.70%,$0.07B,$-0.01B,-12.12%,$-0.01B,$0.16B,-4.75%,$-0.01B,$0.16B,-4.89%,$-0.01B,$0.18B,-4.22%,$-0.02B,$0.16B,-9.51%,$7,$5,$2,$3,$4,$14,$-7,$0,$-6,$-0,$-6,$-6,$-5,$-2,$-7,$63,63,$-0.08,$-0.08,$96,$20,$0,$133,$33,$0,$2,$10,$49,$182,$19,$0,$1,$1,$20,$1,$-132,$5,$162,$182,$-8,$7,$3,$9,$3,$0,$0,$0,$-0,$1,$-6,$0,$0,$-3,$-1,$-4,$0,$-10,$0,$0,$0,$-3,$-3,$0,$-0,$-4,$-12,$2,$0
26,2012-03-31,4.07,$2.66,1.53,$1.38,2.96,$0.23,17.77,$-0.01,0.0,$0.14B,$0.02B,6.72,$0.00B,$0.17B,0.0,$0.09B,$0.03B,37.78%,$0.09B,$-0.01B,-10.00%,$0.09B,$-0.01B,-10.00%,$0.09B,$0.01B,5.56%,$0.09B,$-0.01B,-6.67%,$0.09B,$-0.00B,-2.22%,$-0.00B,$0.17B,-1.17%,$-0.00B,$0.17B,-1.22%,$-0.00B,$0.19B,-1.04%,$-0.01B,$0.17B,-5.26%,$11,$7,$4,$3,$4,$14,$-3,$1,$-2,$0,$-3,$-3,$-3,$-1,$-3,$64,64,$-0.04,$-0.04,$102,$23,$0,$142,$34,$0,$4,$10,$51,$193,$21,$0,$1,$1,$22,$1,$-126,$6,$171,$193,$-2,$2,$1,$4,$3,$-1,$0,$0,$-2,$-1,$-2,$0,$-1,$4,$1,$5,$0,$2,$0,$0,$0,$-1,$-1,$0,$0,$-1,$0,$1,$0
27,2011-12-31,3.88,$2.64,1.47,$1.74,2.23,$0.26,15.16,$0.05,77.6,$0.15B,$0.02B,6.48,$0.00B,$0.17B,0.0,$0.11B,$0.04B,37.72%,$0.11B,$-0.00B,-3.51%,$0.11B,$-0.00B,-3.51%,$0.11B,$0.01B,8.77%,$0.11B,$-0.00B,-1.75%,$0.11B,$0.00B,2.63%,$0.00B,$0.17B,1.75%,$0.00B,$0.17B,1.83%,$0.00B,$0.19B,1.56%,$-0.00B,$0.17B,-2.33%,$18,$10,$8,$4,$4,$22,$-5,$0,$-5,$-0,$-5,$-5,$0,$3,$-5,$64,64,$0.00,$0.00,$105,$20,$0,$146,$32,$0,$4,$8,$48,$194,$22,$0,$1,$1,$24,$1,$-125,$4,$170,$194,$4,$13,$-0,$13,$0,$1,$0,$0,$2,$19,$-7,$0,$-10,$-2,$-2,$-3,$0,$-20,$0,$0,$0,$-4,$-4,$0,$-1,$-5,$-7,$4,$0
28,2011-09-30,3.43,$2.64,1.3,$1.97,1.74,$0.04,91.47,$0.12,28.58,$0.14B,$0.02B,7.88,$0.00B,$0.17B,0.0,$0.13B,$0.05B,36.43%,$0.13B,$0.01B,3.88%,$0.13B,$0.01B,3.88%,$0.13B,$0.01B,9.30%,$0.13B,$0.01B,6.20%,$0.13B,$0.01B,6.20%,$0.01B,$0.17B,4.66%,$0.01B,$0.16B,4.86%,$0.01B,$0.19B,4.17%,$0.01B,$0.17B,2.91%,$30,$20,$10,$6,$4,$30,$-1,$1,$0,$0,$0,$0,$0,$1,$-1,$64,65,$0.00,$0.00,$103,$19,$0,$142,$34,$0,$9,$4,$47,$189,$18,$0,$1,$1,$19,$1,$-124,$2,$170,$189,$3,$6,$2,$8,$1,$3,$0,$-0,$0,$11,$-6,$0,$-10,$-2,$0,$-2,$0,$-17,$0,$0,$0,$-3,$-3,$0,$-0,$-3,$-10,$2,$0
29,2011-06-30,4.71,$2.69,1.75,$1.99,2.37,$-0.10,0.0,$0.13,36.23,$0.14B,$0.02B,8.08,$0.00B,$0.17B,0.0,$0.13B,$0.05B,35.88%,$0.13B,$0.01B,6.11%,$0.13B,$0.01B,6.11%,$0.13B,$0.01B,10.69%,$0.13B,$0.01B,7.63%,$0.13B,$0.01B,6.87%,$0.01B,$0.17B,5.27%,$0.01B,$0.16B,5.42%,$0.01B,$0.19B,4.71%,$0.01B,$0.17B,4.69%,$31,$19,$12,$7,$5,$31,$0,$0,$1,$0,$1,$1,$1,$2,$0,$65,66,$0.01,$0.01,$99,$19,$0,$141,$36,$0,$9,$6,$51,$192,$18,$0,$1,$1,$19,$1,$-125,$6,$173,$192,$3,$4,$1,$5,$-2,$3,$0,$-0,$-4,$4,$-4,$0,$-10,$-5,$0,$-4,$-0,$-18,$0,$0,$0,$-2,$-2,$0,$-0,$-2,$-17,$1,$0
30,2011-03-31,4.58,$2.68,1.71,$1.96,2.34,$-0.15,0.0,$0.15,30.53,$0.14B,$0.02B,7.31,$0.00B,$0.17B,0.0,$0.13B,$0.04B,33.08%,$0.13B,$0.01B,5.38%,$0.13B,$0.01B,5.38%,$0.13B,$0.01B,10.00%,$0.13B,$0.01B,8.46%,$0.13B,$0.01B,7.69%,$0.01B,$0.17B,5.91%,$0.01B,$0.16B,6.00%,$0.01B,$0.19B,5.28%,$0.01B,$0.17B,4.14%,$35,$22,$13,$6,$4,$33,$2,$0,$2,$0,$2,$2,$2,$4,$2,$65,66,$0.03,$0.03,$99,$22,$0,$142,$34,$0,$10,$7,$52,$194,$19,$0,$1,$1,$20,$1,$-126,$7,$173,$194,$2,$2,$1,$3,$-1,$0,$0,$1,$-4,$0,$-1,$0,$-10,$-0,$0,$-0,$-0,$-12,$0,$0,$0,$-1,$-1,$0,$-0,$-1,$-12,$1,$0
31,2010-12-31,4.16,$2.63,1.58,$1.81,2.3,$-0.11,0.0,$0.14,29.71,$0.15B,$0.02B,7.44,$0.00B,$0.17B,0.0,$0.12B,$0.04B,31.67%,$0.12B,$0.01B,4.17%,$0.12B,$0.01B,4.17%,$0.12B,$0.01B,9.17%,$0.12B,$0.01B,8.33%,$0.12B,$0.01B,7.50%,$0.01B,$0.17B,5.36%,$0.01B,$0.17B,5.36%,$0.01B,$0.19B,4.81%,$0.01B,$0.17B,2.98%,$33,$21,$12,$6,$3,$30,$4,$1,$5,$-0,$5,$5,$5,$5,$4,$65,65,$0.07,$0.07,$111,$21,$0,$153,$33,$0,$0,$7,$39,$192,$21,$0,$1,$1,$21,$1,$-128,$6,$171,$192,$9,$7,$1,$8,$2,$-4,$0,$-1,$-2,$14,$-16,$0,$0,$-1,$4,$3,$0,$-12,$0,$0,$0,$-7,$-7,$0,$-1,$-7,$-5,$3,$0
32,2010-09-30,3.55,$2.56,1.39,$1.79,1.99,$0.22,16.28,$0.15,23.67,$0.15B,$0.02B,7.96,$0.00B,$0.17B,0.0,$0.12B,$0.04B,31.67%,$0.12B,$0.01B,4.17%,$0.12B,$0.01B,4.17%,$0.12B,$0.01B,10.00%,$0.12B,$0.01B,8.33%,$0.12B,$0.01B,7.50%,$0.01B,$0.17B,5.41%,$0.01B,$0.17B,5.41%,$0.01B,$0.19B,4.87%,$0.01B,$0.17B,3.01%,$32,$21,$10,$5,$4,$30,$2,$-0,$2,$0,$1,$1,$1,$3,$2,$66,67,$0.02,$0.02,$111,$19,$0,$153,$26,$0,$0,$7,$33,$186,$19,$0,$1,$1,$20,$1,$-132,$5,$166,$186,$4,$5,$-0,$5,$-1,$-2,$0,$-1,$-4,$6,$-10,$0,$0,$-3,$4,$2,$0,$-8,$0,$0,$0,$-5,$-5,$0,$-0,$-5,$-7,$2,$0
33,2010-06-30,3.39,$2.51,1.35,$1.79,1.89,$0.46,7.4,$0.26,13.04,$0.16B,$0.02B,9.02,$0.00B,$0.17B,0.0,$0.12B,$0.04B,32.50%,$0.12B,$0.01B,5.83%,$0.12B,$0.01B,5.83%,$0.12B,$0.01B,11.67%,$0.12B,$0.02B,13.33%,$0.12B,$0.02B,14.17%,$0.02B,$0.17B,10.37%,$0.02B,$0.17B,10.37%,$0.02B,$0.19B,9.29%,$0.01B,$0.17B,4.27%,$30,$22,$8,$5,$4,$31,$-1,$3,$2,$0,$2,$2,$2,$1,$-1,$67,67,$0.03,$0.03,$115,$18,$0,$157,$21,$0,$0,$7,$28,$185,$17,$0,$1,$1,$18,$1,$-134,$3,$167,$185,$3,$4,$-1,$3,$-2,$-1,$0,$-2,$-5,$1,$-4,$0,$0,$-13,$4,$-8,$0,$-13,$0,$0,$0,$0,$0,$0,$-0,$-0,$-12,$1,$0
34,2010-03-31,3.7,$2.53,1.46,$1.76,2.1,$0.68,5.46,$0.28,13.21,$0.16B,$0.02B,9.76,$0.00B,$0.17B,0.0,$0.12B,$0.04B,33.90%,$0.12B,$0.01B,8.47%,$0.12B,$0.01B,8.47%,$0.12B,$0.02B,14.41%,$0.12B,$0.02B,15.25%,$0.12B,$0.02B,16.10%,$0.02B,$0.17B,12.03%,$0.02B,$0.17B,12.03%,$0.02B,$0.19B,10.73%,$0.01B,$0.17B,6.33%,$25,$18,$8,$4,$4,$25,$-0,$1,$1,$-0,$1,$1,$1,$2,$-0,$67,67,$0.02,$0.02,$119,$17,$0,$155,$20,$0,$0,$10,$30,$185,$16,$0,$1,$1,$17,$1,$-136,$7,$168,$185,$1,$2,$0,$2,$2,$-1,$0,$-0,$-0,$3,$-1,$0,$0,$1,$2,$3,$0,$2,$0,$0,$0,$0,$0,$0,$-0,$-0,$5,$1,$0
35,2009-12-31,4.18,$2.47,1.69,$1.70,2.46,$0.75,5.56,$0.29,14.41,$0.15B,$0.02B,8.45,$0.00B,$0.16B,0.0,$0.11B,$0.04B,34.21%,$0.11B,$0.01B,7.89%,$0.11B,$0.01B,7.89%,$0.11B,$0.02B,14.04%,$0.11B,$0.02B,17.54%,$0.11B,$0.02B,17.54%,$0.02B,$0.16B,13.22%,$0.02B,$0.16B,13.22%,$0.02B,$0.18B,11.75%,$0.01B,$0.16B,5.95%,$33,$21,$12,$4,$4,$29,$4,$1,$5,$-0,$5,$5,$5,$6,$4,$67,67,$0.07,$0.08,$115,$16,$0,$152,$21,$0,$0,$10,$31,$183,$18,$0,$1,$1,$19,$1,$-137,$5,$164,$183,$19,$6,$1,$7,$4,$-3,$0,$0,$-3,$23,$-3,$0,$0,$-17,$0,$-17,$-0,$-20,$0,$0,$0,$-5,$-5,$0,$-1,$-6,$-3,$2,$0
36,2009-09-30,4.8,$2.39,2.01,$1.64,2.94,$0.58,8.33,$0.24,20.0,$0.15B,$0.02B,7.36,$0.00B,$0.16B,0.0,$0.11B,$0.04B,33.64%,$0.11B,$0.01B,7.27%,$0.11B,$0.01B,7.27%,$0.11B,$0.01B,12.73%,$0.11B,$0.02B,15.45%,$0.11B,$0.02B,15.45%,$0.02B,$0.16B,11.68%,$0.02B,$0.16B,11.68%,$0.02B,$0.18B,10.33%,$0.01B,$0.16B,5.50%,$32,$21,$11,$4,$3,$28,$4,$4,$8,$0,$8,$8,$9,$5,$4,$66,67,$0.13,$0.13,$108,$16,$0,$149,$21,$0,$0,$8,$29,$179,$20,$0,$1,$1,$21,$1,$-142,$3,$157,$179,$14,$4,$1,$5,$-0,$-2,$0,$-2,$-5,$14,$-2,$0,$0,$-15,$0,$-15,$-0,$-16,$0,$0,$0,$-5,$-5,$0,$-0,$-6,$-8,$2,$0
37,2009-06-30,3.69,$2.17,1.7,$1.61,2.3,$0.43,8.57,$0.13,28.38,$0.14B,$0.02B,8.45,$0.00B,$0.14B,0.0,$0.11B,$0.04B,33.94%,$0.11B,$0.01B,6.42%,$0.11B,$0.01B,6.42%,$0.11B,$0.01B,11.93%,$0.11B,$0.01B,11.01%,$0.11B,$0.01B,8.26%,$0.01B,$0.14B,6.42%,$0.01B,$0.14B,6.42%,$0.01B,$0.16B,5.63%,$0.01B,$0.14B,4.99%,$28,$19,$9,$4,$3,$26,$2,$2,$4,$0,$4,$3,$4,$4,$2,$67,68,$0.06,$0.05,$106,$13,$0,$137,$17,$0,$0,$7,$23,$161,$16,$0,$1,$1,$17,$1,$-150,$-1,$143,$161,$6,$3,$2,$5,$4,$0,$0,$-1,$1,$12,$-1,$0,$0,$-8,$0,$-8,$-0,$-9,$0,$0,$0,$-5,$-5,$0,$-0,$-5,$-2,$1,$0
38,2009-03-31,2.32,$2.08,1.12,$1.57,1.48,$0.12,20.03,$0.06,38.67,$0.13B,$0.02B,8.31,$0.00B,$0.14B,0.0,$0.11B,$0.04B,32.71%,$0.11B,$0.00B,2.80%,$0.11B,$0.00B,2.80%,$0.11B,$0.01B,8.41%,$0.11B,$0.01B,6.54%,$0.11B,$0.00B,2.80%,$0.00B,$0.14B,2.17%,$0.00B,$0.14B,2.17%,$0.00B,$0.16B,1.89%,$0.00B,$0.14B,2.17%,$21,$15,$7,$3,$4,$22,$-1,$3,$3,$0,$2,$2,$2,$1,$-1,$68,69,$0.03,$0.03,$104,$13,$0,$133,$18,$0,$0,$6,$24,$158,$16,$0,$1,$1,$17,$1,$-156,$-2,$141,$158,$2,$2,$1,$3,$4,$-0,$0,$-1,$2,$7,$-0,$0,$0,$-9,$0,$-9,$-0,$-10,$0,$0,$0,$-1,$-1,$0,$-0,$-1,$-4,$0,$0
39,2008-12-31,2.04,$2.07,0.98,$1.69,1.21,$-0.03,0.0,$0.04,51.0,$0.13B,$0.02B,7.71,$0.00B,$0.14B,0.0,$0.12B,$0.04B,32.17%,$0.12B,$0.00B,3.48%,$0.12B,$0.00B,3.48%,$0.12B,$0.01B,7.83%,$0.12B,$0.01B,4.35%,$0.12B,$0.00B,1.74%,$0.00B,$0.14B,1.45%,$0.00B,$0.14B,1.45%,$0.00B,$0.16B,1.25%,$0.00B,$0.14B,2.90%,$29,$20,$10,$3,$3,$26,$3,$-1,$2,$-0,$2,$2,$2,$4,$3,$68,68,$0.03,$0.03,$100,$13,$0,$134,$19,$0,$0,$6,$25,$160,$17,$0,$1,$1,$18,$1,$-158,$-0,$141,$160,$3,$5,$7,$12,$-8,$3,$0,$3,$-4,$12,$-3,$0,$0,$20,$3,$23,$-2,$17,$0,$0,$0,$0,$0,$0,$-0,$-0,$27,$3,$0
40,2008-09-30,3.12,$2.01,1.55,$1.69,1.85,$-0.33,0.0,$0.01,312.0,$0.13B,$0.02B,6.54,$0.00B,$0.14B,0.0,$0.12B,$0.03B,29.57%,$0.12B,0,0.00%,$0.12B,0,0.00%,$0.12B,$0.01B,4.35%,$0.12B,$0.00B,2.61%,$0.12B,0,0.00%,$0.00B,$0.14B,0.00%,$0.00B,$0.14B,0.00%,$0.00B,$0.16B,0.00%,$0.00B,$0.14B,0.00%,$31,$19,$11,$4,$4,$27,$3,$-1,$3,$0,$2,$2,$1,$4,$3,$68,69,$0.02,$0.02,$92,$14,$0,$130,$21,$0,$0,$9,$30,$160,$20,$0,$1,$4,$24,$1,$-160,$0,$136,$160,$1,$4,$4,$8,$-8,$2,$0,$2,$-4,$5,$-3,$0,$0,$12,$0,$12,$-2,$7,$0,$0,$0,$0,$0,$0,$0,$0,$11,$2,$0
41,2008-06-30,2.87,$2.01,1.43,$1.67,1.72,$-0.54,0.0,$-0.02,0.0,$0.13B,$0.02B,7.17,$0.00B,$0.14B,0.0,$0.11B,$0.03B,26.55%,$0.11B,$-0.00B,-3.54%,$0.11B,$-0.00B,-3.54%,$0.11B,$0.00B,0.88%,$0.11B,0,0.00%,$0.11B,$-0.00B,-0.88%,$-0.00B,$0.14B,-0.73%,$-0.00B,$0.14B,-0.73%,$-0.00B,$0.16B,-0.62%,$-0.00B,$0.14B,-2.91%,$26,$19,$7,$4,$5,$27,$-2,$1,$-1,$0,$-1,$-1,$-2,$-0,$-2,$68,68,$-0.02,$-0.02,$82,$17,$0,$125,$22,$0,$0,$11,$33,$158,$17,$0,$1,$4,$22,$1,$-161,$2,$136,$158,$-0,$3,$2,$5,$-10,$-0,$0,$2,$-12,$-7,$-2,$0,$0,$13,$0,$13,$-1,$10,$0,$0,$0,$0,$0,$0,$0,$0,$2,$1,$0
42,2008-03-31,2.66,$2.04,1.3,$1.62,1.65,$-0.47,0.0,$-0.05,0.0,$0.13B,$0.02B,5.98,$0.00B,$0.14B,0.0,$0.11B,$0.03B,23.85%,$0.11B,$-0.01B,-5.50%,$0.11B,$-0.01B,-5.50%,$0.11B,$-0.00B,-1.83%,$0.11B,$-0.00B,-1.83%,$0.11B,$-0.00B,-1.83%,$-0.00B,$0.14B,-1.45%,$-0.00B,$0.14B,-1.45%,$-0.00B,$0.16B,-1.23%,$-0.01B,$0.14B,-4.36%,$29,$20,$9,$5,$4,$29,$-0,$1,$1,$0,$1,$1,$1,$1,$-0,$68,68,$0.01,$0.01,$89,$17,$0,$130,$22,$0,$0,$12,$34,$164,$22,$0,$1,$4,$26,$1,$-159,$3,$138,$164,$1,$1,$0,$2,$-6,$-1,$0,$-1,$-5,$-3,$-1,$0,$0,$4,$0,$4,$-1,$2,$0,$0,$0,$0,$0,$0,$0,$0,$-1,$1,$0
43,2007-12-31,3.16,$2.03,1.56,$1.45,2.17,$-0.46,0.0,$-0.11,0.0,$0.13B,$0.02B,6.62,$0.00B,$0.14B,0.0,$0.10B,$0.02B,20.41%,$0.10B,$-0.01B,-10.20%,$0.10B,$-0.01B,-10.20%,$0.10B,$-0.01B,-7.14%,$0.10B,$-0.01B,-6.12%,$0.10B,$-0.01B,-6.12%,$-0.01B,$0.14B,-4.36%,$-0.01B,$0.14B,-4.36%,$-0.01B,$0.16B,-3.69%,$-0.01B,$0.14B,-7.26%,$29,$22,$7,$3,$4,$30,$-1,$1,$0,$-0,$0,$1,$0,$0,$-1,$68,68,$0.01,$0.01,$93,$17,$0,$127,$22,$0,$0,$12,$34,$161,$19,$0,$1,$4,$24,$1,$-160,$4,$137,$161,$-6,$4,$4,$7,$-4,$-5,$0,$0,$-5,$-4,$-8,$0,$0,$16,$-1,$15,$-0,$7,$0,$0,$0,$0,$0,$0,$-0,$-0,$3,$2,$0
44,2007-09-30,3.81,$2.04,1.87,$1.29,2.96,$-0.39,0.0,$-0.15,0.0,$0.13B,$0.02B,5.78,$0.00B,$0.14B,0.0,$0.09B,$0.02B,20.69%,$0.09B,$-0.01B,-16.09%,$0.09B,$-0.01B,-16.09%,$0.09B,$-0.01B,-12.64%,$0.09B,$-0.01B,-10.34%,$0.09B,$-0.01B,-10.34%,$-0.01B,$0.14B,-6.49%,$-0.01B,$0.14B,-6.49%,$-0.01B,$0.17B,-5.53%,$-0.01B,$0.14B,-10.09%,$29,$23,$7,$3,$4,$30,$-1,$1,$0,$0,$-0,$-0,$-0,$0,$-1,$68,68,$-0.01,$-0.01,$94,$18,$0,$131,$21,$0,$0,$13,$34,$165,$23,$0,$1,$4,$27,$1,$-161,$4,$138,$165,$-7,$3,$2,$5,$-3,$-6,$0,$-1,$-4,$-6,$-6,$0,$0,$3,$0,$3,$-0,$-3,$0,$0,$0,$0,$0,$0,$0,$0,$-8,$2,$0
45,2007-06-30,3.9,$2.03,1.92,$1.09,3.59,$-0.27,0.0,$-0.15,0.0,$0.13B,$0.02B,5.93,$0.00B,$0.14B,0.0,$0.07B,$0.02B,21.62%,$0.07B,$-0.02B,-20.27%,$0.07B,$-0.02B,-20.27%,$0.07B,$-0.01B,-16.22%,$0.07B,$-0.01B,-12.16%,$0.07B,$-0.01B,-13.51%,$-0.01B,$0.14B,-7.14%,$-0.01B,$0.14B,-7.14%,$-0.01B,$0.16B,-6.17%,$-0.02B,$0.14B,-10.71%,$22,$19,$3,$3,$4,$26,$-4,$1,$-3,$0,$-3,$-3,$-3,$-3,$-4,$68,68,$-0.05,$-0.05,$100,$15,$0,$129,$20,$0,$0,$13,$33,$163,$22,$0,$1,$4,$26,$1,$-160,$4,$137,$163,$-6,$2,$1,$3,$0,$-3,$0,$-1,$2,$-1,$-4,$0,$0,$1,$-1,$-0,$-0,$-4,$0,$0,$0,$0,$0,$0,$0,$0,$-5,$1,$0
46,2007-03-31,3.38,$2.05,1.65,$1.04,3.25,$-0.26,0.0,$-0.07,0.0,$0.13B,$0.02B,7.15,$0.00B,$0.14B,0.0,$0.07B,$0.02B,26.76%,$0.07B,$-0.01B,-16.90%,$0.07B,$-0.01B,-16.90%,$0.07B,$-0.01B,-12.68%,$0.07B,$-0.00B,-5.63%,$0.07B,$-0.01B,-7.04%,$-0.01B,$0.14B,-3.52%,$-0.01B,$0.14B,-3.52%,$-0.01B,$0.16B,-3.09%,$-0.01B,$0.14B,-8.45%,$18,$15,$3,$2,$5,$23,$-4,$1,$-3,$0,$-3,$-3,$-3,$-4,$-4,$67,67,$-0.05,$-0.05,$103,$12,$0,$130,$19,$0,$0,$13,$32,$162,$18,$0,$1,$5,$23,$1,$-157,$3,$139,$162,$-3,$1,$1,$2,$-0,$-0,$0,$-1,$0,$-1,$-1,$0,$0,$-2,$0,$-2,$-0,$-3,$0,$0,$0,$0,$0,$0,$0,$0,$-5,$1,$0
47,2006-12-31,3.57,$2.09,1.71,$1.04,3.43,$-0.21,0.0,$-0.02,0.0,$0.13B,$0.02B,8.63,$0.00B,$0.14B,0.0,$0.07B,$0.02B,30.56%,$0.07B,$-0.01B,-12.50%,$0.07B,$-0.01B,-12.50%,$0.07B,$-0.01B,-6.94%,$0.07B,$-0.00B,-1.39%,$0.07B,$-0.00B,-2.78%,$-0.00B,$0.14B,-1.39%,$-0.00B,$0.14B,-1.39%,$-0.00B,$0.16B,-1.23%,$-0.01B,$0.14B,-6.26%,$18,$13,$5,$2,$8,$22,$-5,$1,$-3,$-1,$-3,$-3,$-3,$-4,$-5,$68,68,$-0.04,$-0.04,$105,$12,$0,$131,$17,$0,$0,$13,$30,$161,$15,$0,$1,$5,$20,$1,$-154,$3,$141,$161,$-2,$3,$2,$5,$1,$-2,$0,$-1,$-2,$1,$-8,$0,$0,$11,$-2,$9,$0,$1,$0,$0,$0,$-6,$-6,$0,$-0,$-7,$-4,$3,$0
