,Date,Stock Price,Book Value per Share,Price to Book Ratio,TTM Sales per Share,Price to Sales Ratio,TTM FCF per Share,Price to FCF Ratio,TTM Net EPS,PE Ratio,Current Assets,Current Liabilities,Current Ratio,Long Term Debt,Shareholder's Equity_x,Debt to Equity Ratio,TTM Revenue_x,TTM Gross Profit,Gross Margin,TTM Revenue_y,TTM Operating Income,Operating Margin,TTM Revenue_x,TTM EBIT,EBIT Margin,TTM Revenue_y,TTM EBITDA,EBITDA Margin,TTM Revenue_x,TTM Pre-Tax Income,Pre-Tax Margin,TTM Revenue_y,TTM Net Income_x,Net Margin,TTM Net Income_y,Shareholder's Equity_y,Return on Equity,TTM Net Income_x,Tangible Equity,Return on Tangible Equity,TTM Net Income_y,Total Assets,Return on Assets,TTM Net Income,LT Investments & Debt,Return on Investment,revenue,cost-goods-sold,gross-profit,research-development-expenses,selling-general-administrative-expenses,operating-expenses,operating-income,total-non-operating-income-expense,pre-tax-income,total-provision-income-taxes,income-after-taxes,income-from-continuous-operations,net-income,ebitda,ebit,basic-shares-outstanding,shares-outstanding,eps-basic-net-earnings-per-share,eps-earnings-per-share-diluted,cash-on-hand,inventory,other-current-assets,total-current-assets,net-property-plant-equipment,long-term-investments,goodwill-intangible-assets-total,other-long-term-assets,total-long-term-assets,total-assets,total-current-liabilities,long-term-debt,other-non-current-liabilities,total-long-term-liabilities,total-liabilities,common-stock-net,retained-earnings-accumulated-deficit,comprehensive-income,total-share-holder-equity,total-liabilities-share-holders-equity,net-income-loss,total-depreciation-amortization-cash-flow,other-non-cash-items,total-non-cash-items,change-in-accounts-receivable,change-in-inventories,change-in-accounts-payable,change-in-assets-liabilities,total-change-in-assets-liabilities,cash-flow-from-operating-activities,net-change-in-property-plant-equipment,net-change-in-intangible-assets,net-acquisitions-divestitures,net-change-in-short-term-investments,net-change-in-long-term-investments,net-change-in-investments-total,investing-activities-other,cash-flow-from-investing-activities,net-long-term-debt,net-current-debt,debt-issuance-retirement-net-total,net-common-equity-issued-repurchased,net-total-equity-issued-repurchased,total-common-preferred-stock-dividends-paid,financial-activities-other,cash-flow-from-financial-activities,net-cash-flow,stock-based-compensation,common-stock-dividends-paid
0,2018-09-30,68.56,$14.54,4.72,$33.07,2.07,$13.41,5.11,$2.93,23.4,$1.47B,$1.00B,1.48,$0.51B,$2.18B,0.23,$5.08B,$3.11B,61.22%,$5.08B,$0.81B,15.86%,$5.08B,$0.81B,15.86%,$5.08B,$1.03B,20.25%,$5.08B,$0.71B,13.98%,$5.08B,$0.59B,11.56%,$0.59B,$2.18B,28.20%,$0.59B,$0.23B,882.71%,$0.59B,$4.11B,14.37%,$0.81B,$2.69B,29.13%,$1254,$491,$763,$0,$496,$1064,$189,$-37,$152,$15,$137,$137,$138,$243,$189,$150,152,$0.92,$0.91,$155,$768,$0,$1474,$552,$0,$1956,$79,$2633,$4107,$998,$505,$240,$926,$1924,$0,$4488,$-63,$2183,$4107,$323,$110,$36,$146,$-55,$-126,$10,$-46,$-206,$264,$-90,$-1,$-2,$0,$0,$0,$30,$-62,$0,$-115,$-115,$-87,$-87,$0,$0,$-202,$-8,$26,$0
1,2018-06-30,66.6,$13.69,4.87,$32.25,2.07,$14.03,4.75,$4.25,15.67,$1.29B,$0.95B,1.37,$0.55B,$2.04B,0.27,$4.97B,$3.04B,61.09%,$4.97B,$0.82B,16.40%,$4.97B,$0.82B,16.40%,$4.97B,$1.03B,20.78%,$4.97B,$0.80B,16.04%,$4.97B,$0.65B,13.12%,$0.65B,$2.04B,32.81%,$0.65B,$0.06B,197.88%,$0.65B,$3.96B,17.66%,$0.82B,$2.60B,32.06%,$1203,$452,$751,$0,$464,$987,$215,$-10,$206,$19,$186,$186,$186,$272,$215,$150,152,$1.25,$1.22,$170,$697,$0,$1294,$561,$0,$1984,$75,$2667,$3961,$946,$554,$237,$974,$1919,$0,$4350,$-41,$2042,$3961,$186,$57,$24,$81,$24,$-52,$-4,$4,$-61,$206,$-41,$0,$0,$0,$0,$0,$0,$-41,$-54,$0,$-54,$-100,$-100,$0,$0,$-153,$7,$13,$0
2,2018-03-31,62.08,$13.50,4.6,$30.43,2.04,$14.08,4.41,$3.83,16.21,$1.26B,$0.96B,1.31,$0.67B,$2.02B,0.33,$4.72B,$2.86B,60.61%,$4.72B,$0.75B,15.87%,$4.72B,$0.75B,15.87%,$4.72B,$0.96B,20.30%,$4.72B,$0.74B,15.70%,$4.72B,$0.59B,12.55%,$0.59B,$2.02B,31.62%,$0.59B,$-0.06B,102.60%,$0.59B,$4.06B,17.91%,$0.75B,$2.70B,32.73%,$1180,$470,$710,$0,$498,$1092,$87,$-13,$74,$30,$45,$45,$44,$161,$87,$152,155,$0.30,$0.28,$163,$661,$0,$1262,$583,$0,$2083,$74,$2797,$4059,$960,$674,$217,$1077,$2038,$0,$4152,$51,$2022,$4059,$592,$209,$104,$313,$19,$46,$-21,$56,$157,$1063,$-120,$-3,$-1415,$0,$0,$0,$5,$-1533,$0,$737,$737,$-347,$-347,$0,$-0,$390,$-66,$50,$0
3,2017-12-31,62.95,$13.67,4.6,$29.16,2.16,$13.18,4.78,$3.37,18.68,$1.45B,$0.72B,2.0,$0.99B,$2.08B,0.48,$4.60B,$2.77B,60.17%,$4.60B,$0.62B,13.44%,$4.60B,$0.62B,13.44%,$4.60B,$0.82B,17.81%,$4.60B,$0.63B,13.60%,$4.60B,$0.52B,11.32%,$0.52B,$2.08B,29.51%,$0.52B,$0.04B,60.81%,$0.52B,$4.22B,18.01%,$0.62B,$3.07B,30.74%,$1440,$556,$884,$0,$486,$1127,$314,$-35,$278,$59,$219,$219,$219,$352,$314,$152,155,$1.44,$1.42,$317,$677,$0,$1445,$599,$0,$2037,$71,$2772,$4217,$722,$992,$205,$1414,$2137,$0,$4108,$-18,$2080,$4217,$548,$135,$87,$222,$17,$21,$-21,$33,$104,$873,$-84,$-3,$-1415,$0,$0,$0,$5,$-1497,$857,$0,$857,$-156,$-156,$0,$-0,$701,$88,$30,$0
4,2017-09-30,47.85,$11.87,4.03,$28.03,1.71,$12.60,3.8,$3.59,13.33,$1.33B,$0.48B,2.8,$0.00B,$1.81B,0.0,$4.52B,$2.69B,59.60%,$4.52B,$0.65B,14.32%,$4.52B,$0.65B,14.32%,$4.52B,$0.87B,19.15%,$4.52B,$0.69B,15.28%,$4.52B,$0.57B,12.69%,$0.57B,$1.81B,33.53%,$0.57B,$1.28B,49.13%,$0.57B,$2.53B,22.63%,$0.65B,$1.81B,37.86%,$1147,$456,$691,$0,$405,$948,$199,$40,$239,$36,$203,$203,$203,$248,$199,$152,154,$1.34,$1.32,$178,$697,$0,$1331,$563,$0,$525,$44,$1201,$2532,$475,$0,$173,$252,$727,$0,$3889,$-60,$1805,$2532,$328,$96,$40,$137,$-2,$-128,$-5,$-22,$-136,$329,$-58,$0,$-1,$0,$0,$0,$-37,$-96,$0,$-133,$-133,$-158,$-158,$0,$-0,$-291,$-51,$21,$0
5,2017-06-30,36.25,$10.43,3.48,$27.04,1.34,$12.32,2.94,$3.22,11.26,$1.19B,$0.58B,2.04,$0.00B,$1.58B,0.0,$4.46B,$2.65B,59.35%,$4.46B,$0.65B,14.63%,$4.46B,$0.65B,14.63%,$4.46B,$0.88B,19.69%,$4.46B,$0.65B,14.67%,$4.46B,$0.53B,11.91%,$0.53B,$1.58B,31.64%,$0.53B,$1.05B,47.36%,$0.53B,$2.41B,20.52%,$0.65B,$1.58B,38.84%,$952,$378,$575,$0,$378,$803,$149,$1,$150,$25,$126,$126,$126,$197,$149,$154,157,$0.81,$0.80,$274,$616,$0,$1185,$586,$0,$534,$41,$1228,$2413,$581,$0,$172,$251,$832,$0,$3686,$-68,$1581,$2413,$126,$48,$22,$70,$98,$-56,$-24,$-2,$-1,$194,$-15,$0,$-1,$0,$0,$0,$0,$-16,$23,$0,$23,$-160,$-160,$0,$-0,$-138,$44,$11,$0
6,2017-03-31,38.11,$10.24,3.72,$26.56,1.43,$12.74,2.99,$3.25,11.73,$1.17B,$0.57B,2.06,$0.00B,$1.60B,0.0,$4.49B,$2.66B,59.23%,$4.49B,$0.69B,15.35%,$4.49B,$0.69B,15.35%,$4.49B,$0.92B,20.47%,$4.49B,$0.69B,15.35%,$4.49B,$0.55B,12.28%,$0.55B,$1.60B,32.04%,$0.55B,$1.06B,47.91%,$0.55B,$2.41B,20.78%,$0.69B,$1.60B,40.05%,$1065,$445,$620,$0,$400,$1107,$-43,$1,$-41,$-15,$-27,$-27,$-27,$23,$-43,$166,168,$-0.14,$-0.13,$228,$549,$0,$1165,$592,$0,$538,$42,$1245,$2410,$566,$0,$169,$249,$815,$0,$3560,$-81,$1595,$2410,$552,$230,$172,$402,$60,$21,$38,$18,$81,$1035,$-165,$-6,$-481,$0,$0,$0,$0,$-651,$0,$146,$146,$-996,$-996,$0,$0,$-850,$-472,$34,$0
7,2016-12-31,42.98,$11.42,3.76,$26.57,1.62,$12.22,3.52,$4.40,9.77,$1.37B,$0.67B,2.04,$0.00B,$1.86B,0.0,$4.63B,$2.74B,59.18%,$4.63B,$0.98B,21.11%,$4.63B,$0.98B,21.11%,$4.63B,$1.19B,25.78%,$4.63B,$0.98B,21.11%,$4.63B,$0.76B,16.34%,$0.76B,$1.86B,41.45%,$0.76B,$1.28B,55.37%,$0.76B,$2.77B,28.04%,$0.98B,$1.86B,53.55%,$1353,$547,$806,$0,$408,$1011,$342,$-0,$342,$70,$271,$271,$271,$397,$342,$163,165,$1.66,$1.64,$369,$586,$0,$1368,$771,$0,$573,$38,$1403,$2771,$672,$0,$156,$245,$917,$0,$3587,$-90,$1855,$2771,$578,$165,$35,$199,$74,$-20,$74,$-22,$118,$896,$-148,$-6,$-481,$0,$0,$0,$0,$-634,$162,$0,$162,$-747,$-747,$0,$0,$-585,$-332,$27,$0
8,2016-09-30,46.79,$10.25,4.57,$25.94,1.8,$11.32,4.13,$4.35,10.76,$1.32B,$0.83B,1.58,$0.00B,$1.68B,0.0,$4.67B,$2.77B,59.18%,$4.67B,$1.04B,22.35%,$4.67B,$1.04B,22.35%,$4.67B,$1.25B,26.78%,$4.67B,$1.04B,22.35%,$4.67B,$0.78B,16.70%,$0.78B,$1.68B,42.04%,$0.78B,$1.10B,51.40%,$0.78B,$2.76B,29.58%,$1.04B,$1.68B,56.23%,$1088,$444,$645,$0,$380,$885,$204,$-1,$203,$42,$161,$161,$161,$261,$204,$167,169,$0.97,$0.95,$186,$696,$0,$1316,$801,$0,$583,$36,$1439,$2755,$832,$0,$151,$240,$1072,$0,$3316,$-80,$1683,$2755,$307,$109,$31,$141,$45,$-120,$38,$-18,$-100,$348,$-99,$-6,$-481,$0,$0,$0,$0,$-586,$0,$376,$376,$-649,$-649,$0,$0,$-273,$-516,$21,$0
9,2016-06-30,49.48,$10.40,4.76,$25.39,1.95,$10.89,4.54,$4.41,11.22,$1.26B,$0.70B,1.79,$0.00B,$1.76B,0.0,$4.71B,$2.79B,59.08%,$4.71B,$1.11B,23.61%,$4.71B,$1.11B,23.61%,$4.71B,$1.31B,27.81%,$4.71B,$1.11B,23.59%,$4.71B,$0.81B,17.23%,$0.81B,$1.76B,42.59%,$0.81B,$1.17B,48.03%,$0.81B,$2.69B,31.81%,$1.11B,$1.76B,58.30%,$988,$397,$591,$0,$354,$801,$187,$-1,$186,$39,$146,$146,$147,$239,$187,$174,177,$0.84,$0.83,$337,$607,$0,$1256,$799,$0,$587,$33,$1435,$2691,$702,$0,$143,$231,$933,$0,$3155,$-78,$1758,$2691,$146,$52,$19,$71,$128,$-32,$26,$15,$106,$323,$-47,$-0,$-481,$0,$0,$0,$0,$-528,$0,$244,$244,$-401,$-401,$0,$0,$-157,$-365,$10,$0
10,2016-03-31,56.96,$11.33,5.03,$24.73,2.3,$10.19,5.59,$4.45,12.8,$1.67B,$0.44B,3.83,$0.00B,$2.00B,0.0,$4.71B,$2.80B,59.38%,$4.71B,$1.18B,24.94%,$4.71B,$1.18B,24.94%,$4.71B,$1.36B,28.93%,$4.71B,$1.17B,24.89%,$4.71B,$0.84B,17.81%,$0.84B,$2.00B,42.17%,$0.84B,$1.91B,44.17%,$0.84B,$2.57B,33.30%,$1.18B,$2.00B,58.99%,$1199,$502,$697,$0,$392,$955,$244,$1,$246,$69,$176,$176,$177,$296,$244,$186,189,$0.97,$0.97,$702,$547,$0,$1670,$758,$0,$91,$24,$897,$2567,$436,$2,$126,$132,$567,$0,$3008,$-81,$2000,$2567,$838,$187,$43,$230,$53,$-16,$14,$6,$182,$1250,$-369,$-11,$1,$-1,$0,$-1,$0,$-381,$0,$-7,$-7,$-1140,$-1140,$0,$-3,$-1149,$-277,$48,$0
11,2015-12-31,40.06,$11.04,3.63,$23.64,1.69,$7.97,5.02,$4.37,9.17,$1.66B,$0.42B,3.93,$0.00B,$1.98B,0.0,$4.59B,$2.73B,59.47%,$4.59B,$1.19B,25.84%,$4.59B,$1.19B,25.84%,$4.59B,$1.36B,29.65%,$4.59B,$1.19B,25.82%,$4.59B,$0.85B,18.39%,$0.85B,$1.98B,41.22%,$0.85B,$1.89B,43.03%,$0.85B,$2.53B,33.15%,$1.19B,$1.98B,57.85%,$1397,$566,$832,$0,$378,$988,$409,$-1,$409,$114,$294,$294,$295,$455,$409,$182,185,$1.62,$1.59,$697,$588,$0,$1662,$740,$0,$90,$19,$873,$2534,$423,$4,$123,$131,$554,$0,$2831,$-98,$1980,$2534,$661,$135,$34,$169,$55,$-66,$47,$43,$130,$961,$-290,$-9,$4,$0,$-1,$-1,$0,$-297,$-6,$0,$-6,$-946,$-946,$0,$11,$-941,$-282,$39,$0
12,2015-09-30,42.24,$10.26,4.12,$22.47,1.88,$6.42,6.58,$4.26,9.92,$1.62B,$0.39B,4.2,$0.00B,$1.89B,0.0,$4.51B,$2.70B,59.84%,$4.51B,$1.20B,26.51%,$4.51B,$1.20B,26.51%,$4.51B,$1.36B,30.23%,$4.51B,$1.19B,26.46%,$4.51B,$0.85B,18.93%,$0.85B,$1.89B,40.81%,$0.85B,$1.79B,42.49%,$0.85B,$2.42B,33.19%,$1.20B,$1.89B,57.13%,$1130,$466,$665,$0,$345,$857,$273,$-2,$271,$78,$193,$193,$193,$321,$273,$189,192,$1.02,$1.01,$432,$714,$0,$1624,$672,$0,$95,$17,$796,$2420,$387,$4,$124,$144,$531,$0,$2536,$-81,$1889,$2420,$367,$90,$18,$107,$15,$-180,$59,$15,$-82,$393,$-193,$-9,$1,$0,$-1,$-1,$0,$-203,$0,$0,$0,$-745,$-745,$0,$9,$-736,$-547,$26,$0
13,2015-06-30,42.09,$10.80,3.9,$21.67,1.94,$5.58,7.55,$4.25,9.9,$1.81B,$0.34B,5.35,$0.00B,$2.09B,0.0,$4.44B,$2.68B,60.37%,$4.44B,$1.23B,27.69%,$4.44B,$1.23B,27.69%,$4.44B,$1.38B,31.18%,$4.44B,$1.23B,27.64%,$4.44B,$0.87B,19.55%,$0.87B,$2.09B,39.79%,$0.87B,$2.01B,41.22%,$0.87B,$2.56B,32.87%,$1.23B,$2.09B,56.34%,$986,$382,$604,$0,$313,$737,$249,$-2,$247,$73,$174,$174,$174,$291,$249,$197,200,$0.89,$0.87,$809,$606,$0,$1814,$624,$0,$83,$31,$743,$2557,$339,$0,$115,$128,$467,$0,$2343,$-68,$2089,$2557,$174,$42,$8,$50,$113,$-81,$29,$0,$55,$280,$-106,$-7,$0,$0,$-1,$-1,$0,$-114,$0,$0,$0,$-346,$-346,$0,$8,$-338,$-170,$13,$0
14,2015-03-31,65.75,$11.22,5.86,$21.17,3.11,$5.43,12.11,$4.29,15.33,$1.99B,$0.33B,6.1,$0.00B,$2.24B,0.0,$4.37B,$2.65B,60.57%,$4.37B,$1.26B,28.75%,$4.37B,$1.26B,28.75%,$4.37B,$1.40B,32.02%,$4.37B,$1.26B,28.73%,$4.37B,$0.88B,20.17%,$0.88B,$2.24B,40.71%,$0.88B,$2.17B,42.09%,$0.88B,$2.69B,33.71%,$1.26B,$2.24B,58.02%,$1081,$450,$631,$0,$336,$825,$256,$2,$259,$76,$183,$183,$183,$295,$256,$203,206,$0.92,$0.89,$979,$520,$0,$1990,$563,$0,$76,$34,$695,$2685,$326,$0,$110,$117,$444,$0,$2169,$-67,$2241,$2685,$881,$144,$17,$161,$-83,$-112,$-9,$-16,$-184,$858,$-356,$-29,$0,$-3,$0,$-3,$0,$-388,$0,$0,$0,$-480,$-480,$0,$45,$-435,$8,$49,$0
15,2014-12-31,75.1,$10.70,7.02,$20.38,3.68,$5.17,14.52,$4.17,18.01,$1.98B,$0.36B,5.49,$0.00B,$2.15B,0.0,$4.21B,$2.57B,60.98%,$4.21B,$1.25B,29.63%,$4.21B,$1.25B,29.63%,$4.21B,$1.38B,32.70%,$4.21B,$1.24B,29.54%,$4.21B,$0.86B,20.44%,$0.86B,$2.15B,41.79%,$0.86B,$2.07B,43.21%,$0.86B,$2.63B,34.40%,$1.25B,$2.15B,60.60%,$1315,$515,$800,$0,$344,$896,$418,$-1,$417,$113,$304,$304,$304,$457,$418,$203,206,$1.50,$1.48,$950,$538,$0,$1983,$532,$0,$78,$34,$647,$2631,$361,$0,$118,$118,$479,$0,$1986,$-40,$2151,$2631,$698,$105,$-13,$92,$-23,$-125,$35,$-32,$-81,$709,$-283,$-26,$0,$-3,$0,$-3,$0,$-312,$0,$0,$0,$-393,$-393,$0,$40,$-353,$32,$33,$0
16,2014-09-30,71.39,$10.91,6.54,$18.90,3.78,$4.67,15.3,$3.80,18.79,$2.13B,$0.33B,6.55,$0.00B,$2.25B,0.0,$3.91B,$2.39B,61.08%,$3.91B,$1.17B,30.01%,$3.91B,$1.17B,30.01%,$3.91B,$1.29B,32.93%,$3.91B,$1.17B,29.94%,$3.91B,$0.79B,20.13%,$0.79B,$2.25B,40.81%,$0.79B,$2.18B,42.17%,$0.79B,$2.69B,33.54%,$1.17B,$2.25B,60.85%,$1057,$412,$645,$0,$305,$751,$306,$-1,$304,$97,$207,$207,$207,$341,$306,$204,207,$1.01,$1.00,$1012,$619,$0,$2133,$454,$0,$67,$29,$556,$2689,$326,$0,$115,$118,$444,$0,$1682,$-20,$2245,$2689,$395,$67,$-8,$58,$-39,$-201,$42,$-53,$-254,$199,$-157,$-12,$0,$-3,$0,$-3,$0,$-172,$0,$0,$0,$7,$7,$0,$30,$37,$58,$22,$0
17,2014-06-30,88.65,$9.89,8.97,$17.42,5.09,$4.99,17.75,$3.51,25.26,$1.97B,$0.32B,6.09,$0.00B,$2.03B,0.0,$3.59B,$2.19B,61.04%,$3.59B,$1.09B,30.30%,$3.59B,$1.09B,30.30%,$3.59B,$1.19B,33.08%,$3.59B,$1.09B,30.27%,$3.59B,$0.73B,20.21%,$0.73B,$2.03B,42.37%,$0.73B,$1.97B,43.85%,$0.73B,$2.46B,34.55%,$1.09B,$2.03B,63.52%,$919,$348,$572,$0,$266,$642,$277,$-1,$276,$88,$188,$188,$188,$307,$277,$204,207,$0.92,$0.91,$1125,$527,$0,$1965,$404,$0,$65,$25,$498,$2462,$323,$0,$107,$110,$433,$0,$1475,$-2,$2029,$2462,$188,$31,$-11,$20,$86,$-100,$10,$4,$15,$222,$-73,$-5,$0,$0,$0,$0,$0,$-78,$0,$0,$0,$4,$4,$0,$19,$23,$171,$8,$0
18,2014-03-31,93.27,$8.84,10.55,$16.12,5.79,$5.00,18.64,$3.21,29.06,$1.78B,$0.31B,5.76,$0.00B,$1.81B,0.0,$3.31B,$2.02B,60.88%,$3.31B,$1.01B,30.45%,$3.31B,$1.01B,30.45%,$3.31B,$1.10B,33.08%,$3.31B,$1.01B,30.42%,$3.31B,$0.66B,20.00%,$0.66B,$1.81B,44.01%,$0.66B,$1.74B,45.59%,$0.66B,$2.22B,35.64%,$1.01B,$1.81B,67.01%,$917,$368,$549,$0,$278,$671,$246,$0,$246,$85,$161,$161,$161,$271,$246,$203,206,$0.80,$0.79,$971,$427,$0,$1777,$351,$0,$62,$23,$440,$2217,$308,$0,$97,$102,$411,$0,$1288,$-6,$1806,$2217,$662,$87,$-49,$38,$-104,$-158,$54,$16,$-67,$633,$-185,$-29,$0,$0,$-2,$-2,$0,$-216,$0,$0,$0,$17,$17,$0,$55,$71,$484,$29,$0
19,2013-12-31,81.19,$7.97,10.19,$14.62,5.55,$4.03,20.16,$2.93,27.71,$1.60B,$0.28B,5.81,$0.00B,$1.62B,0.0,$2.99B,$1.82B,60.94%,$2.99B,$0.92B,30.67%,$2.99B,$0.92B,30.67%,$2.99B,$1.00B,33.31%,$2.99B,$0.92B,30.64%,$2.99B,$0.60B,20.13%,$0.60B,$1.62B,45.80%,$0.60B,$1.57B,47.44%,$0.60B,$2.01B,37.03%,$0.92B,$1.62B,69.76%,$1012,$393,$619,$0,$255,$669,$343,$-0,$343,$113,$230,$230,$230,$367,$343,$203,206,$1.13,$1.11,$828,$432,$0,$1600,$322,$0,$56,$19,$407,$2007,$275,$0,$88,$108,$383,$0,$1127,$-4,$1624,$2007,$500,$61,$-19,$42,$-84,$-162,$62,$6,$-93,$450,$-127,$-22,$0,$0,$0,$0,$0,$-149,$0,$0,$0,$11,$11,$0,$45,$56,$356,$21,$0
20,2013-09-30,74.52,$6.80,10.96,$12.85,5.8,$3.32,22.45,$2.46,30.29,$1.35B,$0.22B,6.17,$0.00B,$1.39B,0.0,$2.62B,$1.59B,60.65%,$2.62B,$0.78B,29.79%,$2.62B,$0.78B,29.79%,$2.62B,$0.85B,32.43%,$2.62B,$0.78B,29.67%,$2.62B,$0.50B,19.20%,$0.50B,$1.39B,44.05%,$0.50B,$1.34B,45.63%,$0.50B,$1.71B,35.33%,$0.78B,$1.39B,68.36%,$740,$290,$450,$0,$210,$519,$221,$-0,$221,$76,$146,$146,$146,$242,$221,$203,205,$0.72,$0.71,$619,$404,$0,$1346,$285,$0,$50,$19,$362,$1708,$218,$0,$84,$103,$321,$0,$897,$-2,$1386,$1708,$271,$38,$-24,$14,$-20,$-135,$36,$-2,$-103,$181,$-74,$-15,$0,$0,$0,$0,$0,$-88,$0,$0,$0,$13,$13,$0,$40,$53,$146,$13,$0
21,2013-06-30,62.02,$5.92,10.48,$11.90,5.21,$3.15,19.7,$2.24,27.69,$1.17B,$0.21B,5.61,$0.00B,$1.20B,0.0,$2.41B,$1.45B,60.30%,$2.41B,$0.72B,29.73%,$2.41B,$0.72B,29.73%,$2.41B,$0.78B,32.27%,$2.41B,$0.71B,29.61%,$2.41B,$0.45B,18.85%,$0.45B,$1.20B,45.97%,$0.45B,$1.16B,47.60%,$0.45B,$1.50B,35.65%,$0.72B,$1.20B,72.51%,$641,$244,$397,$0,$184,$443,$198,$-0,$197,$72,$125,$125,$125,$215,$198,$201,204,$0.62,$0.61,$639,$319,$0,$1174,$258,$0,$41,$19,$323,$1497,$209,$0,$72,$87,$296,$0,$751,$-5,$1201,$1497,$125,$17,$-12,$5,$36,$-53,$22,$3,$53,$183,$-33,$-6,$0,$0,$0,$0,$0,$-39,$0,$0,$0,$6,$6,$0,$18,$25,$167,$6,$0
22,2013-03-31,56.79,$5.20,10.92,$10.85,5.24,$2.62,21.65,$1.97,28.83,$0.99B,$0.16B,6.02,$0.00B,$1.05B,0.0,$2.18B,$1.31B,59.85%,$2.18B,$0.63B,28.87%,$2.18B,$0.63B,28.87%,$2.18B,$0.69B,31.53%,$2.18B,$0.63B,28.78%,$2.18B,$0.40B,18.24%,$0.40B,$1.05B,48.46%,$0.40B,$1.01B,50.33%,$0.40B,$1.29B,36.31%,$0.63B,$1.05B,76.71%,$597,$241,$356,$0,$185,$442,$155,$-1,$155,$53,$101,$101,$101,$172,$155,$197,202,$0.51,$0.50,$473,$267,$0,$989,$242,$0,$35,$19,$300,$1290,$164,$0,$65,$78,$242,$0,$626,$-3,$1047,$1290,$398,$58,$-118,$-60,$-73,$-81,$18,$11,$26,$364,$-121,$-9,$0,$-6,$-3,$-9,$0,$-139,$0,$-23,$-23,$30,$30,$0,$143,$151,$374,$21,$0
23,2012-12-31,51.03,$4.61,11.06,$9.81,5.2,$1.56,32.76,$1.69,30.2,$0.93B,$0.19B,4.81,$0.00B,$0.92B,0.0,$1.97B,$1.17B,59.49%,$1.97B,$0.55B,28.19%,$1.97B,$0.55B,28.19%,$1.97B,$0.61B,30.84%,$1.97B,$0.55B,27.99%,$1.97B,$0.34B,17.35%,$0.34B,$0.92B,50.63%,$0.34B,$0.89B,52.89%,$0.34B,$1.19B,36.19%,$0.55B,$0.92B,82.26%,$637,$253,$383,$0,$165,$432,$205,$-2,$203,$73,$130,$130,$130,$219,$205,$199,203,$0.65,$0.64,$406,$290,$0,$926,$218,$0,$31,$11,$261,$1188,$193,$0,$59,$71,$263,$0,$525,$1,$924,$1188,$297,$42,$-112,$-70,$-45,$-103,$38,$58,$22,$249,$-75,$-4,$0,$0,$-3,$-3,$0,$-82,$0,$-23,$-23,$26,$26,$0,$129,$132,$299,$15,$0
24,2012-09-30,53.18,$3.89,13.65,$8.60,6.18,$1.01,52.6,$1.25,42.54,$0.89B,$0.28B,3.2,$0.00B,$0.78B,0.0,$1.70B,$1.01B,59.22%,$1.70B,$0.41B,24.32%,$1.70B,$0.41B,24.32%,$1.70B,$0.46B,27.20%,$1.70B,$0.41B,24.27%,$1.70B,$0.24B,14.28%,$0.24B,$0.78B,45.31%,$0.24B,$0.75B,47.81%,$0.24B,$1.12B,30.65%,$0.41B,$0.78B,77.20%,$533,$217,$316,$0,$146,$375,$158,$-0,$158,$60,$98,$98,$98,$171,$158,$194,200,$0.50,$0.49,$312,$278,$0,$887,$194,$0,$28,$7,$232,$1119,$277,$0,$56,$64,$342,$0,$395,$1,$778,$1119,$166,$28,$-111,$-83,$-59,$-91,$20,$0,$31,$114,$-43,$0,$0,$0,$0,$0,$0,$-43,$0,$-9,$-9,$24,$24,$0,$120,$135,$206,$10,$0
