,Date,Stock Price,Book Value per Share,Price to Book Ratio,TTM Sales per Share,Price to Sales Ratio,TTM FCF per Share,Price to FCF Ratio,TTM Net EPS,PE Ratio,Current Assets,Current Liabilities,Current Ratio,Long Term Debt,Shareholder's Equity_x,Debt to Equity Ratio,TTM Revenue_x,TTM Gross Profit,Gross Margin,TTM Revenue_y,TTM Operating Income,Operating Margin,TTM Revenue_x,TTM EBIT,EBIT Margin,TTM Revenue_y,TTM EBITDA,EBITDA Margin,TTM Revenue_x,TTM Pre-Tax Income,Pre-Tax Margin,TTM Revenue_y,TTM Net Income_x,Net Margin,TTM Net Income_y,Shareholder's Equity_y,Return on Equity,TTM Net Income_x,Tangible Equity,Return on Tangible Equity,TTM Net Income_y,Total Assets,Return on Assets,TTM Net Income,LT Investments & Debt,Return on Investment,revenue,cost-goods-sold,gross-profit,research-development-expenses,selling-general-administrative-expenses,operating-expenses,operating-income,total-non-operating-income-expense,pre-tax-income,total-provision-income-taxes,income-after-taxes,income-from-continuous-operations,net-income,ebitda,ebit,basic-shares-outstanding,shares-outstanding,eps-basic-net-earnings-per-share,eps-earnings-per-share-diluted,cash-on-hand,inventory,other-current-assets,total-current-assets,net-property-plant-equipment,long-term-investments,goodwill-intangible-assets-total,other-long-term-assets,total-long-term-assets,total-assets,total-current-liabilities,long-term-debt,other-non-current-liabilities,total-long-term-liabilities,total-liabilities,common-stock-net,retained-earnings-accumulated-deficit,comprehensive-income,total-share-holder-equity,total-liabilities-share-holders-equity,net-income-loss,total-depreciation-amortization-cash-flow,other-non-cash-items,total-non-cash-items,change-in-accounts-receivable,change-in-inventories,change-in-accounts-payable,change-in-assets-liabilities,total-change-in-assets-liabilities,cash-flow-from-operating-activities,net-change-in-property-plant-equipment,net-change-in-intangible-assets,net-acquisitions-divestitures,net-change-in-short-term-investments,net-change-in-long-term-investments,net-change-in-investments-total,investing-activities-other,cash-flow-from-investing-activities,net-long-term-debt,net-current-debt,debt-issuance-retirement-net-total,net-common-equity-issued-repurchased,net-total-equity-issued-repurchased,total-common-preferred-stock-dividends-paid,financial-activities-other,cash-flow-from-financial-activities,net-cash-flow,stock-based-compensation,common-stock-dividends-paid
0,2018-09-30,9.35,$2.16,4.34,$1.96,4.76,$0.32,29.56,$-1.01,0.0,$0.64B,$0.63B,1.02,$2.10B,$0.94B,2.24,$0.78B,$0.28B,36.20%,$0.78B,$-0.11B,-13.61%,$0.78B,$-0.11B,-13.61%,$0.78B,$0.19B,23.88%,$0.78B,$-0.46B,-59.18%,$0.78B,$-0.40B,-51.48%,$-0.40B,$0.94B,-46.91%,$-0.40B,$0.94B,-46.91%,$-0.40B,$4.33B,-11.92%,$-0.11B,$3.03B,-4.59%,$250,$203,$47,$0,$26,$322,$-71,$-43,$-115,$11,$-126,$-126,$-126,$11,$-71,$405,405,$-0.31,$-0.31,$198,$90,$62,$641,$3510,$89,$0,$27,$3689,$4329,$628,$2095,$270,$2766,$3395,$4,$-1353,$0,$935,$4329,$-280,$216,$188,$404,$59,$4,$-15,$-83,$-35,$90,$-139,$0,$-962,$0,$0,$0,$143,$-958,$825,$0,$825,$-18,$-18,$0,$-37,$771,$-97,$26,$0
1,2018-06-30,8.27,$1.87,4.43,$1.73,4.77,$0.99,8.37,$-0.86,0.0,$0.42B,$0.44B,0.96,$1.17B,$0.74B,1.57,$0.68B,$0.31B,45.59%,$0.68B,$-0.05B,-7.35%,$0.68B,$-0.05B,-7.35%,$0.68B,$0.24B,34.85%,$0.68B,$-0.41B,-60.44%,$0.68B,$-0.34B,-49.71%,$-0.34B,$0.74B,-38.71%,$-0.34B,$0.74B,-38.71%,$-0.34B,$2.90B,-11.18%,$-0.05B,$1.91B,-2.41%,$215,$127,$88,$0,$17,$220,$-5,$-144,$-149,$-45,$-103,$-103,$-103,$72,$-5,$397,397,$-0.26,$-0.26,$137,$71,$21,$418,$2263,$151,$0,$20,$2486,$2903,$436,$1168,$162,$1723,$2159,$4,$-1227,$0,$744,$2903,$-153,$133,$111,$244,$10,$1,$-13,$-88,$-91,$0,$-95,$0,$0,$0,$0,$0,$80,$-15,$-100,$0,$-100,$-18,$-18,$0,$-26,$-143,$-159,$17,$0
2,2018-03-31,6.3,$2.13,2.96,$1.57,4.01,$1.64,3.84,$-0.62,0.0,$0.45B,$0.36B,1.25,$1.27B,$0.84B,1.5,$0.61B,$0.33B,53.43%,$0.61B,$-0.03B,-4.41%,$0.61B,$-0.03B,-4.41%,$0.61B,$0.26B,42.16%,$0.61B,$-0.25B,-40.36%,$0.61B,$-0.24B,-39.71%,$-0.24B,$0.84B,-25.50%,$-0.24B,$0.84B,-25.50%,$-0.24B,$3.03B,-7.92%,$-0.03B,$2.11B,-1.26%,$127,$68,$59,$0,$22,$153,$-25,$-49,$-75,$-24,$-50,$-50,$-50,$31,$-25,$396,396,$-0.13,$-0.13,$234,$80,$6,$449,$2307,$190,$0,$33,$2582,$3031,$359,$1265,$112,$1829,$2187,$4,$-1123,$0,$843,$3031,$-50,$57,$11,$68,$68,$-8,$-4,$-91,$-34,$-17,$-36,$0,$0,$0,$0,$0,$41,$5,$0,$0,$0,$-12,$-12,$0,$-25,$-37,$-49,$8,$0
3,2017-12-31,6.85,$2.30,2.97,$1.64,4.18,$2.14,3.2,$-0.56,0.0,$0.53B,$0.43B,1.25,$1.28B,$0.90B,1.43,$0.64B,$0.29B,46.15%,$0.64B,$-0.03B,-4.55%,$0.64B,$-0.03B,-4.55%,$0.64B,$0.24B,37.36%,$0.64B,$-0.18B,-28.10%,$0.64B,$-0.22B,-34.85%,$-0.22B,$0.90B,-22.03%,$-0.22B,$0.90B,-22.03%,$-0.22B,$3.19B,-7.15%,$-0.03B,$2.18B,-1.33%,$187,$100,$88,$0,$18,$192,$-5,$-117,$-122,$1,$-122,$-122,$-122,$72,$-5,$388,388,$-0.32,$-0.32,$290,$72,$2,$534,$2318,$237,$0,$45,$2659,$3193,$429,$1283,$107,$1867,$2295,$4,$-1073,$0,$897,$3193,$-223,$265,$197,$462,$29,$2,$-94,$55,$-9,$237,$79,$0,$0,$0,$-231,$-231,$0,$-153,$-50,$0,$-50,$-2,$-2,$0,$-0,$-52,$32,$40,$0
4,2017-09-30,7.96,$2.59,3.07,$1.71,4.67,$0.07,116.03,$-0.40,0.0,$0.47B,$0.28B,1.66,$1.08B,$1.01B,1.07,$0.66B,$0.30B,44.93%,$0.66B,$-0.04B,-6.66%,$0.66B,$-0.04B,-6.66%,$0.66B,$0.22B,33.74%,$0.66B,$-0.11B,-17.25%,$0.66B,$-0.16B,-23.75%,$-0.16B,$1.01B,-14.90%,$-0.16B,$1.01B,-14.90%,$-0.16B,$2.97B,-5.00%,$-0.04B,$2.09B,-1.97%,$151,$76,$75,$0,$20,$166,$-15,$-50,$-65,$-2,$-63,$-63,$-63,$62,$-15,$389,389,$-0.16,$-0.16,$220,$74,$23,$469,$2258,$123,$0,$35,$2501,$2970,$283,$1080,$86,$1678,$1961,$4,$-951,$0,$1009,$2970,$-101,$189,$98,$286,$3,$0,$-120,$22,$-95,$94,$120,$0,$0,$0,$0,$0,$0,$120,$-250,$0,$-250,$-2,$-2,$0,$0,$-252,$-38,$30,$0
5,2017-06-30,6.41,$2.73,2.35,$1.49,4.3,$-1.97,0.0,$-0.39,0.0,$0.51B,$0.28B,1.82,$1.13B,$1.06B,1.06,$0.58B,$0.21B,36.22%,$0.58B,$-0.09B,-15.25%,$0.58B,$-0.09B,-15.25%,$0.58B,$0.12B,21.32%,$0.58B,$-0.10B,-17.50%,$0.58B,$-0.15B,-26.69%,$-0.15B,$1.06B,-14.22%,$-0.15B,$1.06B,-14.22%,$-0.15B,$3.08B,-4.77%,$-0.09B,$2.19B,-3.79%,$147,$42,$105,$0,$15,$129,$18,$-2,$15,$24,$-8,$-8,$-8,$93,$18,$388,388,$-0.02,$-0.02,$203,$80,$63,$513,$2297,$127,$0,$56,$2563,$3076,$282,$1128,$86,$1731,$2014,$4,$-888,$0,$1063,$3076,$-37,$113,$32,$144,$-28,$-6,$-131,$39,$-127,$-18,$178,$0,$0,$0,$0,$0,$0,$178,$-200,$0,$-200,$-2,$-2,$0,$0,$-202,$-42,$20,$0
6,2017-03-31,6.66,$2.74,2.43,$1.23,5.41,$-3.53,0.0,$-0.65,0.0,$0.55B,$0.35B,1.58,$1.18B,$1.06B,1.11,$0.48B,$0.08B,17.02%,$0.48B,$-0.17B,-34.87%,$0.48B,$-0.17B,-34.87%,$0.48B,$-0.01B,-2.31%,$0.48B,$-0.24B,-50.42%,$0.48B,$-0.25B,-53.36%,$-0.25B,$1.06B,-22.84%,$-0.25B,$1.06B,-22.84%,$-0.25B,$3.18B,-7.74%,$-0.17B,$2.24B,-7.02%,$152,$126,$26,$0,$16,$179,$-27,$20,$-7,$22,$-29,$-29,$-29,$11,$-27,$387,387,$-0.07,$-0.07,$219,$84,$57,$546,$2345,$134,$0,$67,$2637,$3183,$345,$1175,$96,$1777,$2122,$4,$-879,$0,$1061,$3183,$-29,$38,$5,$43,$-45,$-10,$-3,$13,$-45,$-30,$172,$0,$0,$0,$0,$0,$0,$172,$-150,$0,$-150,$-1,$-1,$0,$0,$-151,$-10,$10,$0
7,2016-12-31,7.01,$2.80,2.51,$1.00,7.01,$-4.44,0.0,$-0.73,0.0,$0.48B,$0.37B,1.28,$1.32B,$1.08B,1.22,$0.39B,$0.06B,16.58%,$0.39B,$-0.18B,-46.37%,$0.39B,$-0.18B,-46.37%,$0.39B,$-0.03B,-7.25%,$0.39B,$-0.29B,-76.17%,$0.39B,$-0.28B,-73.58%,$-0.28B,$1.08B,-24.36%,$-0.28B,$1.08B,-24.36%,$-0.28B,$3.34B,-8.63%,$-0.18B,$2.40B,-7.53%,$211,$120,$91,$0,$28,$231,$-20,$-37,$-57,$-1,$-57,$-57,$-57,$57,$-20,$385,385,$-0.16,$-0.16,$219,$74,$32,$475,$2709,$0,$0,$69,$2866,$3341,$370,$1322,$86,$1890,$2260,$4,$-850,$0,$1081,$3341,$-284,$151,$258,$409,$-21,$-4,$-75,$14,$-86,$52,$-538,$0,$0,$0,$0,$0,$0,$-538,$450,$0,$450,$-2,$-2,$0,$0,$448,$-38,$40,$0
8,2016-09-30,6.41,$2.92,2.2,$0.77,8.31,$-4.11,0.0,$-0.52,0.0,$0.39B,$0.28B,1.37,$1.32B,$1.13B,1.17,$0.30B,$0.04B,13.80%,$0.30B,$-0.17B,-56.23%,$0.30B,$-0.17B,-56.23%,$0.30B,$-0.05B,-15.15%,$0.30B,$-0.17B,-57.58%,$0.30B,$-0.20B,-68.35%,$-0.20B,$1.13B,-16.54%,$-0.20B,$1.13B,-16.54%,$-0.20B,$3.30B,-6.23%,$-0.17B,$2.45B,-7.19%,$67,$80,$-13,$0,$22,$126,$-59,$7,$-52,$8,$-60,$-60,$-60,$-38,$-59,$386,386,$-0.15,$-0.15,$135,$82,$68,$387,$2758,$0,$0,$72,$2915,$3302,$282,$1319,$88,$1891,$2174,$4,$-794,$0,$1128,$3302,$-227,$74,$198,$272,$30,$-12,$-122,$-19,$-123,$-66,$-507,$0,$0,$0,$0,$0,$0,$-507,$450,$0,$450,$-2,$-2,$0,$0,$448,$-125,$30,$0
9,2016-06-30,5.45,$3.05,1.79,$0.84,6.47,$-3.29,0.0,$-0.22,0.0,$0.45B,$0.36B,1.25,$1.19B,$1.18B,1.01,$0.33B,$0.11B,32.92%,$0.33B,$-0.12B,-36.00%,$0.33B,$-0.12B,-36.00%,$0.33B,$0.02B,6.77%,$0.33B,$0.00B,0.92%,$0.33B,$-0.08B,-25.54%,$-0.08B,$1.18B,-6.55%,$-0.08B,$1.18B,-6.55%,$-0.08B,$3.29B,-2.59%,$-0.12B,$2.37B,-5.18%,$46,$69,$-23,$0,$20,$106,$-60,$-64,$-124,$-16,$-108,$-108,$-108,$-41,$-60,$385,385,$-0.28,$-0.28,$140,$71,$97,$453,$2686,$0,$0,$75,$2840,$3293,$363,$1191,$82,$1751,$2115,$4,$-734,$0,$1179,$3293,$-167,$53,$159,$212,$-11,$-1,$-80,$9,$-84,$-24,$-418,$0,$0,$0,$0,$0,$0,$-418,$325,$0,$325,$-2,$-2,$0,$0,$323,$-119,$21,$0
10,2016-03-31,5.82,$3.31,1.76,$1.04,5.58,$-2.85,0.0,$-0.14,0.0,$0.57B,$0.38B,1.5,$1.01B,$1.28B,0.79,$0.40B,$0.22B,54.11%,$0.40B,$-0.05B,-12.22%,$0.40B,$-0.05B,-12.22%,$0.40B,$0.11B,27.68%,$0.40B,$0.08B,19.20%,$0.40B,$-0.05B,-12.47%,$-0.05B,$1.28B,-3.92%,$-0.05B,$1.28B,-3.92%,$-0.05B,$3.24B,-1.63%,$-0.05B,$2.29B,-2.26%,$62,$53,$9,$0,$18,$102,$-40,$-21,$-61,$-2,$-59,$-59,$-59,$-6,$-40,$384,384,$-0.15,$-0.15,$241,$67,$156,$570,$2536,$0,$0,$51,$2664,$3235,$381,$1014,$66,$1578,$1959,$4,$-624,$0,$1276,$3235,$-59,$34,$65,$99,$40,$2,$-59,$-23,$-40,$16,$-227,$0,$0,$0,$0,$0,$0,$-227,$150,$0,$150,$-1,$-1,$0,$0,$149,$-62,$11,$0
11,2015-12-31,5.2,$3.44,1.51,$1.23,4.23,$-2.82,0.0,$-0.20,0.0,$0.73B,$0.46B,1.61,$0.86B,$1.33B,0.65,$0.47B,$0.21B,44.49%,$0.47B,$-0.08B,-17.58%,$0.47B,$-0.08B,-17.58%,$0.47B,$0.08B,17.37%,$0.47B,$0.09B,18.01%,$0.47B,$-0.07B,-14.83%,$-0.07B,$1.33B,-5.47%,$-0.07B,$1.33B,-5.47%,$-0.07B,$3.20B,-2.36%,$-0.08B,$2.19B,-3.92%,$122,$54,$68,$0,$30,$129,$-8,$73,$66,$42,$24,$24,$24,$40,$-8,$383,383,$0.07,$0.08,$304,$85,$183,$734,$2323,$0,$0,$67,$2469,$3203,$457,$861,$58,$1421,$1878,$4,$-565,$0,$1326,$3203,$-70,$166,$270,$436,$2,$-30,$111,$-17,$66,$441,$-796,$0,$0,$0,$0,$0,$0,$-796,$-100,$0,$-100,$189,$189,$0,$-9,$80,$-276,$75,$0
12,2015-09-30,5.58,$3.35,1.67,$1.37,4.07,$-1.69,0.0,$0.07,79.71,$0.82B,$0.46B,1.8,$0.90B,$1.29B,0.7,$0.53B,$0.24B,45.27%,$0.53B,$-0.06B,-12.12%,$0.53B,$-0.06B,-12.12%,$0.53B,$0.10B,19.13%,$0.53B,$0.28B,52.46%,$0.53B,$0.04B,6.63%,$0.04B,$1.29B,2.73%,$0.04B,$1.29B,2.73%,$0.04B,$3.11B,1.21%,$-0.06B,$2.19B,-3.06%,$95,$42,$53,$0,$27,$105,$-9,$132,$122,$62,$60,$60,$60,$29,$-9,$384,391,$0.16,$0.15,$403,$76,$164,$817,$2121,$0,$0,$71,$2288,$3105,$455,$899,$63,$1361,$1816,$4,$-589,$0,$1289,$3105,$-94,$118,$228,$346,$18,$-21,$75,$-58,$13,$272,$-531,$0,$0,$0,$0,$0,$-10,$-541,$-100,$0,$-100,$189,$189,$0,$-9,$80,$-189,$62,$0
13,2015-06-30,8.43,$3.16,2.67,$1.49,5.66,$-0.67,0.0,$-0.03,0.0,$0.64B,$0.30B,2.09,$0.80B,$1.22B,0.66,$0.57B,$0.29B,50.44%,$0.57B,$-0.03B,-4.38%,$0.57B,$-0.03B,-4.38%,$0.57B,$0.14B,24.69%,$0.57B,$0.21B,37.30%,$0.57B,$-0.01B,-1.05%,$-0.01B,$1.22B,-0.48%,$-0.01B,$1.22B,-0.48%,$-0.01B,$2.74B,-0.22%,$-0.03B,$2.01B,-1.22%,$122,$35,$87,$0,$41,$113,$8,$-58,$-50,$25,$-75,$-75,$-75,$48,$8,$382,382,$-0.20,$-0.20,$284,$70,$111,$636,$1961,$0,$0,$54,$2105,$2741,$304,$799,$65,$1222,$1526,$4,$-649,$0,$1215,$2741,$-154,$80,$239,$318,$9,$-15,$-35,$-46,$-87,$83,$-356,$0,$0,$0,$0,$0,$-10,$-366,$-200,$0,$-200,$189,$189,$0,$-9,$-20,$-302,$49,$0
14,2015-03-31,7.91,$3.32,2.39,$2.03,3.89,$0.46,17.26,$0.32,24.72,$0.83B,$0.33B,2.51,$0.79B,$1.29B,0.62,$0.78B,$0.48B,62.21%,$0.78B,$0.14B,17.48%,$0.78B,$0.14B,17.48%,$0.78B,$0.33B,42.93%,$0.78B,$0.40B,51.41%,$0.78B,$0.13B,16.20%,$0.13B,$1.29B,10.14%,$0.13B,$1.29B,10.14%,$0.13B,$2.82B,4.61%,$0.14B,$2.08B,6.71%,$133,$131,$2,$0,$39,$207,$-74,$21,$-53,$26,$-79,$-79,$-79,$-35,$-74,$380,380,$-0.21,$-0.21,$376,$74,$164,$831,$1821,$0,$0,$94,$1990,$2822,$332,$794,$64,$1205,$1537,$4,$-574,$1,$1285,$2822,$-79,$40,$111,$150,$36,$-18,$-58,$-41,$-82,$-9,$-185,$0,$0,$0,$0,$0,$-0,$-185,$0,$0,$0,$-0,$-0,$0,$0,$-0,$-194,$25,$0
15,2014-12-31,8.39,$3.46,2.42,$2.31,3.64,$1.10,7.6,$0.72,11.65,$1.01B,$0.45B,2.25,$0.75B,$1.34B,0.56,$0.88B,$0.69B,78.23%,$0.88B,$0.34B,39.00%,$0.88B,$0.34B,39.00%,$0.88B,$0.55B,62.59%,$0.88B,$0.58B,65.65%,$0.88B,$0.28B,31.75%,$0.28B,$1.34B,23.49%,$0.28B,$1.34B,23.49%,$0.28B,$2.93B,10.65%,$0.34B,$2.09B,17.40%,$178,$82,$97,$0,$40,$167,$11,$246,$258,$129,$129,$129,$129,$59,$11,$379,386,$0.33,$0.33,$571,$55,$163,$1010,$1785,$0,$0,$105,$1916,$2927,$449,$748,$53,$1139,$1588,$4,$-495,$1,$1339,$2927,$279,$209,$9,$218,$-156,$-8,$90,$24,$-50,$444,$-369,$0,$0,$0,$0,$0,$0,$-369,$-400,$0,$-400,$283,$283,$0,$-22,$-139,$-64,$80,$0
16,2014-09-30,9.96,$3.08,3.24,$2.42,4.12,$1.44,6.92,$0.40,24.9,$0.85B,$0.29B,2.93,$0.79B,$1.19B,0.67,$0.92B,$0.76B,82.15%,$0.92B,$0.42B,45.27%,$0.92B,$0.42B,45.27%,$0.92B,$0.63B,68.12%,$0.92B,$0.37B,40.04%,$0.92B,$0.16B,16.87%,$0.16B,$1.19B,14.02%,$0.16B,$1.19B,14.02%,$0.16B,$2.60B,6.24%,$0.42B,$1.99B,21.57%,$138,$36,$102,$0,$35,$108,$30,$28,$58,$38,$19,$19,$19,$69,$30,$380,382,$0.05,$0.05,$635,$58,$7,$846,$1654,$0,$0,$20,$1757,$2603,$289,$794,$58,$1123,$1412,$4,$-624,$1,$1191,$2603,$151,$161,$122,$283,$-105,$-10,$-4,$62,$-57,$372,$-233,$0,$0,$0,$0,$0,$2,$-231,$-400,$0,$-400,$283,$283,$0,$-22,$-139,$3,$60,$0
17,2014-06-30,11.23,$2.98,3.77,$2.62,4.28,$1.16,9.65,$0.23,48.83,$0.91B,$0.33B,2.77,$0.80B,$1.15B,0.69,$1.00B,$0.76B,76.31%,$1.00B,$0.39B,39.56%,$1.00B,$0.39B,39.56%,$1.00B,$0.63B,62.85%,$1.00B,$0.30B,30.12%,$1.00B,$0.09B,9.24%,$0.09B,$1.15B,8.76%,$0.09B,$1.15B,8.76%,$0.09B,$2.58B,3.82%,$0.39B,$1.95B,20.74%,$329,$46,$283,$0,$32,$160,$169,$-32,$137,$81,$57,$57,$57,$241,$169,$379,382,$0.15,$0.15,$641,$40,$0,$906,$1564,$0,$0,$35,$1673,$2578,$327,$800,$73,$1098,$1425,$4,$-643,$1,$1153,$2578,$131,$121,$99,$221,$-136,$8,$-5,$72,$-62,$286,$-129,$0,$0,$0,$0,$0,$-2,$-131,$-100,$0,$-100,$-11,$-11,$0,$-21,$-132,$24,$41,$0
18,2014-03-31,11.0,$2.80,3.93,$2.28,4.83,$1.04,10.6,$-0.11,0.0,$0.76B,$0.26B,2.9,$0.80B,$1.09B,0.74,$0.86B,$0.55B,64.34%,$0.86B,$0.20B,23.11%,$0.86B,$0.20B,23.11%,$0.86B,$0.42B,48.78%,$0.86B,$0.14B,16.03%,$0.86B,$-0.04B,-4.18%,$-0.04B,$1.09B,-3.56%,$-0.04B,$1.09B,-3.56%,$-0.04B,$2.41B,-1.55%,$0.20B,$1.89B,10.55%,$237,$29,$208,$0,$27,$103,$134,$-8,$126,$51,$75,$75,$75,$183,$134,$378,381,$0.20,$0.19,$548,$42,$1,$760,$1545,$0,$0,$35,$1653,$2413,$262,$800,$61,$1066,$1329,$4,$-699,$2,$1085,$2413,$75,$49,$25,$74,$-64,$5,$9,$18,$-31,$114,$-62,$0,$0,$0,$0,$0,$-2,$-65,$-100,$0,$-100,$-0,$-0,$0,$-19,$-119,$-70,$18,$0
19,2013-12-31,11.18,$2.56,4.37,$2.26,4.94,$0.86,13.05,$-0.25,0.0,$0.74B,$0.22B,3.35,$0.90B,$0.99B,0.91,$0.85B,$0.53B,61.74%,$0.85B,$0.14B,16.90%,$0.85B,$0.14B,16.90%,$0.85B,$0.38B,44.37%,$0.85B,$0.08B,8.92%,$0.85B,$-0.09B,-10.68%,$-0.09B,$0.99B,-9.03%,$-0.09B,$0.99B,-9.03%,$-0.09B,$2.35B,-3.95%,$0.14B,$1.89B,7.45%,$215,$53,$162,$0,$40,$131,$83,$-37,$47,$42,$4,$4,$4,$133,$83,$377,377,$0.02,$0.02,$620,$47,$0,$735,$1523,$0,$0,$32,$1611,$2346,$219,$900,$64,$1134,$1353,$4,$-774,$2,$992,$2346,$-91,$234,$249,$482,$112,$-17,$-35,$66,$126,$522,$-322,$0,$0,$0,$0,$0,$-2,$-324,$-100,$0,$-100,$-13,$-13,$0,$-2,$-115,$83,$69,$0
20,2013-09-30,10.28,$2.50,4.11,$2.28,4.51,$0.31,33.63,$-0.18,0.0,$0.71B,$0.22B,3.17,$0.90B,$0.97B,0.93,$0.86B,$0.55B,64.60%,$0.86B,$0.16B,18.34%,$0.86B,$0.16B,18.34%,$0.86B,$0.40B,46.73%,$0.86B,$0.10B,11.33%,$0.86B,$-0.06B,-7.36%,$-0.06B,$0.97B,-6.20%,$-0.06B,$0.97B,-6.20%,$-0.06B,$2.30B,-2.73%,$0.16B,$1.87B,7.98%,$215,$108,$107,$0,$38,$207,$8,$-18,$-10,$34,$-44,$-44,$-44,$69,$8,$378,378,$-0.12,$-0.12,$460,$33,$1,$709,$1502,$0,$0,$26,$1586,$2295,$224,$900,$55,$1101,$1325,$4,$-778,$3,$970,$2295,$-95,$184,$199,$382,$-57,$-2,$-30,$79,$-10,$281,$-248,$0,$0,$0,$0,$0,$7,$-241,$-100,$0,$-100,$-13,$-13,$0,$-2,$-115,$-75,$51,$0
21,2013-06-30,10.16,$2.58,3.93,$2.31,4.4,$-0.13,0.0,$-0.16,0.0,$0.65B,$0.14B,4.57,$0.90B,$1.00B,0.9,$0.86B,$0.59B,67.82%,$0.86B,$0.18B,21.18%,$0.86B,$0.18B,21.18%,$0.86B,$0.43B,49.88%,$0.86B,$0.10B,11.23%,$0.86B,$-0.06B,-6.37%,$-0.06B,$1.00B,-5.41%,$-0.06B,$1.00B,-5.41%,$-0.06B,$2.23B,-2.37%,$0.18B,$1.90B,9.19%,$194,$117,$77,$0,$42,$220,$-26,$2,$-25,$46,$-71,$-71,$-71,$35,$-26,$377,377,$-0.19,$-0.19,$528,$53,$1,$652,$1482,$0,$0,$32,$1573,$2226,$143,$900,$52,$1082,$1224,$4,$-734,$3,$1001,$2226,$-51,$123,$157,$280,$88,$-12,$-65,$34,$45,$277,$-170,$0,$0,$0,$0,$0,$2,$-168,$-100,$0,$-100,$-13,$-13,$0,$-2,$-115,$-6,$37,$0
22,2013-03-31,11.3,$2.75,4.11,$2.10,5.39,$-0.51,0.0,$-0.04,0.0,$0.73B,$0.13B,5.81,$1.00B,$1.07B,0.94,$0.78B,$0.59B,74.71%,$0.78B,$0.22B,27.46%,$0.78B,$0.22B,27.46%,$0.78B,$0.44B,55.81%,$0.78B,$0.12B,15.33%,$0.78B,$-0.01B,-1.15%,$-0.01B,$1.07B,-0.89%,$-0.01B,$1.07B,-0.89%,$-0.01B,$2.36B,-0.38%,$0.22B,$2.07B,10.53%,$228,$49,$180,$0,$39,$149,$79,$-15,$64,$44,$20,$20,$20,$141,$79,$375,376,$0.05,$0.05,$518,$30,$3,$727,$1542,$0,$0,$30,$1632,$2359,$125,$1000,$52,$1166,$1291,$4,$-663,$3,$1067,$2359,$20,$61,$45,$107,$-2,$4,$-80,$18,$-61,$67,$-84,$0,$0,$0,$0,$0,$1,$-83,$0,$0,$0,$-0,$-0,$0,$-1,$-1,$-18,$19,$0
23,2012-12-31,12.35,$2.65,4.67,$1.81,6.84,$-0.27,0.0,$-0.19,0.0,$0.75B,$0.19B,3.94,$1.00B,$1.03B,0.97,$0.67B,$0.48B,70.68%,$0.67B,$0.13B,19.64%,$0.67B,$0.13B,19.64%,$0.67B,$0.33B,48.51%,$0.67B,$0.04B,5.21%,$0.67B,$-0.07B,-9.97%,$-0.07B,$1.03B,-6.71%,$-0.07B,$1.03B,-6.71%,$-0.07B,$2.37B,-2.79%,$0.13B,$2.03B,6.43%,$219,$29,$189,$0,$43,$123,$96,$-28,$68,$36,$32,$32,$32,$155,$96,$372,372,$0.09,$0.09,$537,$33,$1,$750,$1526,$0,$0,$30,$1616,$2366,$190,$1000,$43,$1147,$1337,$4,$-683,$4,$1029,$2366,$-67,$195,$191,$386,$177,$-7,$-126,$2,$45,$372,$-379,$0,$0,$0,$0,$0,$-24,$-403,$-110,$0,$-110,$-8,$-8,$0,$-8,$-127,$-158,$83,$0
24,2012-09-30,11.39,$2.50,4.56,$1.82,6.26,$-0.57,0.0,$-0.18,0.0,$0.74B,$0.22B,3.41,$1.00B,$0.97B,1.03,$0.68B,$0.46B,68.00%,$0.68B,$0.12B,17.19%,$0.68B,$0.12B,17.19%,$0.68B,$0.30B,45.04%,$0.68B,$0.03B,4.44%,$0.68B,$-0.06B,-9.19%,$-0.06B,$0.97B,-6.22%,$-0.06B,$0.97B,-6.22%,$-0.06B,$2.32B,-2.53%,$0.12B,$1.97B,5.58%,$223,$83,$140,$0,$40,$189,$34,$-45,$-10,$26,$-36,$-36,$-36,$100,$34,$373,373,$-0.10,$-0.10,$421,$38,$3,$742,$1490,$0,$0,$29,$1577,$2319,$218,$1000,$41,$1129,$1347,$4,$-715,$4,$972,$2319,$-99,$135,$125,$260,$89,$-8,$-127,$27,$-19,$150,$-282,$0,$0,$0,$0,$0,$-23,$-305,$-110,$0,$-110,$-8,$-8,$0,$-0,$-119,$-273,$58,$0
25,2012-06-30,11.05,$2.54,4.35,$1.85,5.97,$-0.26,0.0,$0.05,221.0,$0.94B,$0.25B,3.78,$1.11B,$0.99B,1.12,$0.69B,$0.52B,75.47%,$0.69B,$0.20B,28.61%,$0.69B,$0.20B,28.61%,$0.69B,$0.36B,52.99%,$0.69B,$0.14B,20.73%,$0.69B,$0.02B,3.36%,$0.02B,$0.99B,2.31%,$0.02B,$0.99B,2.31%,$0.02B,$2.46B,0.94%,$0.20B,$2.10B,9.43%,$113,$36,$76,$0,$35,$106,$6,$-9,$-2,$23,$-25,$-25,$-25,$41,$6,$371,371,$-0.07,$-0.07,$653,$50,$2,$939,$1460,$0,$0,$4,$1523,$2462,$248,$1110,$38,$1224,$1472,$4,$-679,$4,$989,$2462,$-62,$69,$84,$154,$156,$-14,$-67,$-11,$65,$161,$-195,$0,$0,$0,$0,$0,$1,$-194,$0,$0,$0,$-8,$-8,$0,$-1,$-10,$-43,$39,$0
26,2012-03-31,13.24,$2.57,5.14,$1.55,8.56,$-0.17,0.0,$0.09,147.11,$1.01B,$0.27B,3.8,$1.11B,$1.01B,1.11,$0.70B,$0.47B,66.95%,$0.70B,$0.17B,24.75%,$0.70B,$0.17B,24.75%,$0.70B,$0.33B,47.21%,$0.70B,$0.15B,20.89%,$0.70B,$0.03B,4.43%,$0.03B,$1.01B,3.19%,$0.03B,$1.01B,3.19%,$0.03B,$2.47B,1.28%,$0.17B,$2.12B,8.24%,$117,$47,$70,$0,$39,$120,$-4,$-18,$-21,$16,$-38,$-38,$-38,$30,$-4,$369,369,$-0.10,$-0.10,$769,$40,$0,$1006,$1394,$0,$0,$4,$1459,$2465,$265,$1110,$37,$1195,$1460,$4,$-654,$4,$1005,$2465,$-38,$34,$37,$71,$183,$-6,$-72,$4,$109,$145,$-71,$0,$0,$0,$0,$0,$0,$-71,$0,$0,$0,$0,$0,$0,$-2,$-2,$72,$21,$0
