,Date,Stock Price,Book Value per Share,Price to Book Ratio,TTM Sales per Share,Price to Sales Ratio,TTM FCF per Share,Price to FCF Ratio,TTM Net EPS,PE Ratio,Current Assets,Current Liabilities,Current Ratio,Long Term Debt,Shareholder's Equity_x,Debt to Equity Ratio,TTM Revenue_x,TTM Gross Profit,Gross Margin,TTM Revenue_y,TTM Operating Income,Operating Margin,TTM Revenue_x,TTM EBIT,EBIT Margin,TTM Revenue_y,TTM EBITDA,EBITDA Margin,TTM Revenue_x,TTM Pre-Tax Income,Pre-Tax Margin,TTM Revenue_y,TTM Net Income_x,Net Margin,TTM Net Income_y,Shareholder's Equity_y,Return on Equity,TTM Net Income_x,Tangible Equity,Return on Tangible Equity,TTM Net Income_y,Total Assets,Return on Assets,TTM Net Income,LT Investments & Debt,Return on Investment,revenue,cost-goods-sold,gross-profit,research-development-expenses,selling-general-administrative-expenses,operating-expenses,operating-income,total-non-operating-income-expense,pre-tax-income,total-provision-income-taxes,income-after-taxes,income-from-continuous-operations,net-income,ebitda,ebit,basic-shares-outstanding,shares-outstanding,eps-basic-net-earnings-per-share,eps-earnings-per-share-diluted,cash-on-hand,inventory,other-current-assets,total-current-assets,net-property-plant-equipment,long-term-investments,goodwill-intangible-assets-total,other-long-term-assets,total-long-term-assets,total-assets,total-current-liabilities,long-term-debt,other-non-current-liabilities,total-long-term-liabilities,total-liabilities,common-stock-net,retained-earnings-accumulated-deficit,comprehensive-income,total-share-holder-equity,total-liabilities-share-holders-equity,net-income-loss,total-depreciation-amortization-cash-flow,other-non-cash-items,total-non-cash-items,change-in-accounts-receivable,change-in-inventories,change-in-accounts-payable,change-in-assets-liabilities,total-change-in-assets-liabilities,cash-flow-from-operating-activities,net-change-in-property-plant-equipment,net-change-in-intangible-assets,net-acquisitions-divestitures,net-change-in-short-term-investments,net-change-in-long-term-investments,net-change-in-investments-total,investing-activities-other,cash-flow-from-investing-activities,net-long-term-debt,net-current-debt,debt-issuance-retirement-net-total,net-common-equity-issued-repurchased,net-total-equity-issued-repurchased,total-common-preferred-stock-dividends-paid,financial-activities-other,cash-flow-from-financial-activities,net-cash-flow,stock-based-compensation,common-stock-dividends-paid
0,2018-09-30,17.03,$2.82,6.04,$0.59,28.69,$-5.47,0.0,$-2.18,0.0,$0.21B,$0.04B,5.09,$0.00B,$0.17B,0.0,$0.03B,$0.03B,100.00%,$0.03B,$-0.16B,-503.13%,$0.03B,$-0.16B,-503.13%,$0.03B,$-0.16B,-503.13%,$0.03B,$-0.16B,-496.88%,$0.03B,$-0.16B,-496.88%,$-0.16B,$0.17B,-104.43%,$-0.16B,$0.17B,-104.43%,$-0.16B,$0.22B,-79.20%,$-0.16B,$0.17B,-105.75%,$0,$0,$0,$36,$13,$49,$-49,$1,$-48,$0,$-48,$-48,$-48,$-49,$-49,$61,61,$-0.79,$-0.79,$207,$0,$0,$212,$3,$5,$0,$1,$8,$220,$42,$0,$0,$7,$49,$0,$-616,$-0,$171,$220,$-120,$1,$13,$14,$0,$0,$-3,$-10,$-5,$-111,$-1,$0,$0,$0,$-3,$-3,$0,$-5,$0,$0,$0,$148,$148,$0,$0,$148,$33,$13,$0
1,2018-06-30,16.99,$3.53,4.82,$0.59,28.81,$-5.06,0.0,$-2.83,0.0,$0.25B,$0.04B,6.69,$0.00B,$0.21B,0.0,$0.03B,$0.03B,100.00%,$0.03B,$-0.14B,-446.88%,$0.03B,$-0.14B,-446.88%,$0.03B,$-0.14B,-446.88%,$0.03B,$-0.14B,-443.75%,$0.03B,$-0.14B,-443.75%,$-0.14B,$0.21B,-98.10%,$-0.14B,$0.21B,-98.10%,$-0.14B,$0.26B,-76.04%,$-0.14B,$0.21B,-98.79%,$20,$0,$20,$45,$9,$54,$-34,$1,$-34,$-0,$-34,$-34,$-34,$-34,$-34,$56,56,$-0.60,$-0.60,$241,$0,$0,$245,$3,$9,$0,$1,$12,$257,$37,$0,$0,$7,$43,$0,$-567,$-0,$213,$257,$-72,$1,$9,$9,$0,$0,$-2,$-9,$-9,$-72,$-1,$0,$0,$0,$-24,$-24,$0,$-25,$0,$0,$0,$148,$148,$0,$0,$148,$50,$9,$0
2,2018-03-31,13.42,$1.92,6.98,$0.24,57.09,$-4.77,0.0,$-2.87,0.0,$0.13B,$0.05B,2.85,$0.00B,$0.10B,0.0,$0.01B,$0.01B,100.00%,$0.01B,$-0.14B,-1158.33%,$0.01B,$-0.14B,-1158.33%,$0.01B,$-0.14B,-1150.00%,$0.01B,$-0.14B,-1141.67%,$0.01B,$-0.14B,-1141.67%,$-0.14B,$0.10B,-102.81%,$-0.14B,$0.10B,-102.81%,$-0.14B,$0.15B,-81.07%,$-0.14B,$0.10B,-104.32%,$10,$0,$10,$41,$8,$49,$-39,$0,$-38,$0,$-38,$-38,$-38,$-39,$-39,$50,50,$-0.78,$-0.78,$131,$0,$0,$133,$2,$10,$0,$0,$13,$146,$47,$0,$0,$4,$51,$0,$-534,$-0,$96,$146,$-38,$0,$4,$4,$0,$0,$-1,$-0,$-1,$-35,$-0,$0,$0,$0,$3,$3,$0,$2,$0,$0,$0,$0,$0,$0,$0,$0,$-32,$4,$0
3,2017-12-31,9.6,$2.61,3.67,$0.04,273.43,$-4.66,0.0,$-2.80,0.0,$0.15B,$0.05B,3.0,$0.00B,$0.13B,0.0,$0.00B,$0.00B,100.00%,$0.00B,$-0.13B,-6500.00%,$0.00B,$-0.13B,-6500.00%,$0.00B,$-0.13B,-6450.00%,$0.00B,$-0.13B,-6450.00%,$0.00B,$-0.13B,-6450.00%,$-0.13B,$0.13B,-89.74%,$-0.13B,$0.13B,-89.74%,$-0.13B,$0.18B,-75.33%,$-0.13B,$0.13B,-90.43%,$2,$0,$2,$35,$6,$41,$-39,$0,$-39,$0,$-39,$-39,$-39,$-39,$-39,$46,46,$-0.81,$-0.81,$147,$0,$0,$148,$2,$29,$0,$0,$32,$180,$49,$0,$0,$1,$51,$0,$-495,$-0,$129,$180,$-129,$2,$20,$22,$0,$0,$1,$22,$33,$-74,$-0,$0,$0,$0,$17,$17,$0,$17,$0,$0,$0,$76,$76,$0,$0,$76,$19,$20,$0
4,2017-09-30,10.98,$2.99,3.67,$0.00,0.0,$-5.30,0.0,$-2.65,0.0,$0.12B,$0.02B,5.75,$0.00B,$0.14B,0.0,$0.00B,0,nan%,$0.00B,$-0.12B,inf%,$0.00B,$-0.12B,inf%,$0.00B,$-0.12B,inf%,$0.00B,$-0.12B,inf%,$0.00B,$-0.12B,inf%,$-0.12B,$0.14B,-76.97%,$-0.12B,$0.14B,-76.97%,$-0.12B,$0.16B,-68.32%,$-0.12B,$0.14B,-77.63%,$0,$0,$0,$25,$6,$31,$-31,$0,$-31,$0,$-31,$-31,$-31,$-31,$-31,$47,47,$-0.65,$-0.65,$120,$0,$0,$122,$2,$39,$0,$0,$42,$164,$21,$0,$0,$1,$23,$0,$-456,$-0,$141,$164,$-90,$1,$16,$17,$0,$0,$-3,$1,$4,$-68,$-0,$0,$0,$0,$20,$20,$0,$20,$0,$0,$0,$53,$53,$0,$0,$53,$5,$16,$0
5,2017-06-30,9.05,$3.54,2.56,$0.00,0.0,$-5.60,0.0,$-2.69,0.0,$0.15B,$0.02B,8.32,$0.00B,$0.17B,0.0,$0.00B,0,nan%,$0.00B,$-0.11B,inf%,$0.00B,$-0.11B,inf%,$0.00B,$-0.11B,inf%,$0.00B,$-0.11B,inf%,$0.00B,$-0.11B,inf%,$-0.11B,$0.17B,-70.03%,$-0.11B,$0.17B,-70.03%,$-0.11B,$0.19B,-62.98%,$-0.11B,$0.17B,-71.29%,$0,$0,$0,$23,$7,$30,$-30,$0,$-29,$0,$-29,$-29,$-29,$-29,$-30,$46,46,$-0.64,$-0.64,$144,$0,$0,$146,$2,$37,$0,$0,$40,$186,$18,$0,$0,$2,$19,$0,$-426,$-0,$167,$186,$-59,$1,$11,$12,$0,$0,$-2,$1,$1,$-46,$0,$0,$0,$0,$-1,$-1,$0,$-1,$0,$0,$0,$53,$53,$0,$0,$53,$6,$11,$0
6,2017-03-31,12.84,$3.30,3.89,$0.01,0.0,$-5.82,0.0,$-2.89,0.0,$0.11B,$0.02B,7.25,$0.00B,$0.14B,0.0,$0.00B,0,nan%,$0.00B,$-0.11B,inf%,$0.00B,$-0.11B,inf%,$0.00B,$-0.11B,inf%,$0.00B,$-0.11B,inf%,$0.00B,$-0.11B,inf%,$-0.11B,$0.14B,-72.14%,$-0.11B,$0.14B,-72.14%,$-0.11B,$0.16B,-64.93%,$-0.11B,$0.14B,-72.79%,$0,$0,$0,$24,$6,$30,$-30,$0,$-30,$0,$-30,$-30,$-30,$-30,$-30,$42,42,$-0.71,$-0.71,$110,$0,$0,$112,$3,$40,$0,$0,$43,$155,$15,$0,$0,$2,$17,$0,$-396,$-0,$138,$155,$-30,$0,$6,$6,$0,$0,$-1,$-0,$-1,$-25,$0,$0,$0,$0,$1,$1,$0,$1,$0,$0,$0,$0,$0,$0,$0,$0,$-24,$6,$0
7,2016-12-31,9.4,$3.87,2.43,$0.00,0.0,$-5.87,0.0,$-2.93,0.0,$0.13B,$0.02B,7.99,$0.00B,$0.16B,0.0,$0.00B,0,nan%,$0.00B,$-0.11B,inf%,$0.00B,$-0.11B,inf%,$0.00B,$-0.11B,inf%,$0.00B,$-0.11B,inf%,$0.00B,$-0.11B,inf%,$-0.11B,$0.16B,-66.06%,$-0.11B,$0.16B,-66.06%,$-0.11B,$0.18B,-59.97%,$-0.11B,$0.16B,-66.67%,$0,$0,$0,$21,$7,$27,$-27,$0,$-27,$0,$-27,$-27,$-27,$-27,$-27,$38,38,$-0.64,$-0.64,$130,$0,$0,$132,$3,$45,$0,$0,$49,$180,$16,$0,$0,$2,$18,$0,$-366,$-0,$162,$180,$-110,$2,$22,$24,$0,$0,$1,$-0,$1,$-84,$-0,$0,$0,$0,$25,$25,$0,$25,$0,$0,$0,$51,$51,$0,$-0,$51,$-9,$22,$0
8,2016-09-30,9.73,$4.20,2.32,$0.00,0.0,$-6.30,0.0,$-3.09,0.0,$0.13B,$0.02B,8.71,$0.00B,$0.17B,0.0,$0.00B,0,nan%,$0.00B,$-0.11B,inf%,$0.00B,$-0.11B,inf%,$0.00B,$-0.11B,inf%,$0.00B,$-0.11B,inf%,$0.00B,$-0.11B,inf%,$-0.11B,$0.17B,-63.79%,$-0.11B,$0.17B,-63.79%,$-0.11B,$0.18B,-58.27%,$-0.11B,$0.17B,-64.37%,$0,$0,$0,$20,$6,$26,$-26,$0,$-25,$0,$-25,$-25,$-25,$-25,$-26,$37,37,$-0.69,$-0.69,$127,$0,$0,$130,$3,$50,$0,$1,$53,$184,$15,$0,$0,$2,$17,$0,$-339,$-0,$167,$184,$-83,$1,$17,$19,$0,$0,$-2,$0,$-0,$-64,$-0,$0,$0,$0,$18,$18,$0,$18,$0,$0,$0,$32,$32,$0,$0,$32,$-14,$17,$0
9,2016-06-30,6.71,$4.27,1.57,$0.00,0.0,$-6.64,0.0,$-3.25,0.0,$0.12B,$0.02B,8.0,$0.00B,$0.15B,0.0,$0.00B,0,nan%,$0.00B,$-0.12B,inf%,$0.00B,$-0.12B,inf%,$0.00B,$-0.12B,inf%,$0.00B,$-0.12B,inf%,$0.00B,$-0.12B,inf%,$-0.12B,$0.15B,-61.87%,$-0.12B,$0.15B,-61.87%,$-0.12B,$0.17B,-56.93%,$-0.12B,$0.15B,-62.40%,$0,$0,$0,$25,$6,$31,$-30,$0,$-30,$0,$-30,$-30,$-30,$-30,$-30,$36,36,$-0.84,$-0.84,$123,$0,$0,$124,$3,$43,$0,$1,$47,$171,$16,$0,$0,$2,$17,$0,$-314,$0,$154,$171,$-57,$1,$12,$13,$0,$0,$0,$0,$1,$-44,$-0,$0,$0,$0,$23,$23,$0,$23,$0,$0,$0,$0,$0,$0,$0,$0,$-21,$12,$0
10,2016-03-31,8.92,$4.93,1.81,$0.01,0.0,$-6.79,0.0,$-3.33,0.0,$0.14B,$0.01B,10.45,$0.00B,$0.18B,0.0,$0.00B,0,nan%,$0.00B,$-0.12B,inf%,$0.00B,$-0.12B,inf%,$0.00B,$-0.12B,inf%,$0.00B,$-0.12B,inf%,$0.00B,$-0.12B,inf%,$-0.12B,$0.18B,-56.47%,$-0.12B,$0.18B,-56.47%,$-0.12B,$0.19B,-52.48%,$-0.12B,$0.18B,-56.94%,$0,$0,$0,$22,$6,$27,$-27,$0,$-27,$0,$-27,$-27,$-27,$-27,$-27,$36,36,$-0.75,$-0.75,$136,$0,$0,$138,$3,$50,$0,$0,$54,$192,$13,$0,$0,$2,$15,$0,$-284,$0,$177,$192,$-27,$0,$5,$6,$0,$0,$0,$0,$-2,$-23,$-0,$0,$0,$0,$7,$7,$0,$7,$0,$0,$0,$0,$0,$0,$0,$0,$-16,$5,$0
11,2015-12-31,13.25,$5.53,2.4,$0.01,0.0,$-6.72,0.0,$-3.32,0.0,$0.18B,$0.02B,11.74,$0.00B,$0.20B,0.0,$0.00B,0,nan%,$0.00B,$-0.12B,inf%,$0.00B,$-0.12B,inf%,$0.00B,$-0.12B,inf%,$0.00B,$-0.12B,inf%,$0.00B,$-0.12B,inf%,$-0.12B,$0.20B,-50.11%,$-0.12B,$0.20B,-50.11%,$-0.12B,$0.22B,-46.87%,$-0.12B,$0.20B,-50.53%,$0,$0,$0,$24,$5,$29,$-29,$0,$-29,$0,$-29,$-29,$-29,$-29,$-29,$36,36,$-0.81,$-0.81,$176,$0,$0,$178,$3,$34,$0,$0,$38,$215,$15,$0,$0,$2,$17,$0,$-257,$-0,$198,$215,$-118,$2,$17,$19,$0,$0,$-2,$1,$5,$-94,$-1,$0,$0,$0,$-89,$-89,$-0,$-91,$0,$0,$0,$93,$93,$0,$0,$93,$-92,$17,$0
12,2015-09-30,10.53,$6.18,1.7,$0.01,0.0,$-5.78,0.0,$-3.30,0.0,$0.20B,$0.01B,13.74,$0.00B,$0.22B,0.0,$0.00B,0,nan%,$0.00B,$-0.12B,inf%,$0.00B,$-0.12B,inf%,$0.00B,$-0.11B,inf%,$0.00B,$-0.12B,inf%,$0.00B,$-0.12B,inf%,$-0.12B,$0.22B,-48.37%,$-0.12B,$0.22B,-48.37%,$-0.12B,$0.24B,-45.45%,$-0.12B,$0.22B,-48.79%,$0,$0,$0,$26,$5,$31,$-31,$0,$-30,$0,$-30,$-30,$-30,$-30,$-31,$36,36,$-0.85,$-0.85,$195,$0,$0,$198,$4,$34,$0,$1,$39,$237,$14,$0,$0,$2,$16,$0,$-227,$-0,$221,$237,$-89,$2,$12,$14,$0,$0,$-2,$0,$2,$-74,$-1,$0,$0,$0,$-124,$-124,$-0,$-125,$0,$0,$0,$91,$91,$0,$0,$91,$-107,$12,$0
13,2015-06-30,27.21,$6.93,3.93,$0.01,0.0,$-4.97,0.0,$-3.06,0.0,$0.23B,$0.01B,15.98,$0.00B,$0.25B,0.0,$0.00B,0,nan%,$0.00B,$-0.11B,inf%,$0.00B,$-0.11B,inf%,$0.00B,$-0.10B,inf%,$0.00B,$-0.11B,inf%,$0.00B,$-0.11B,inf%,$-0.11B,$0.25B,-43.84%,$-0.11B,$0.25B,-43.84%,$-0.11B,$0.26B,-41.58%,$-0.11B,$0.25B,-43.84%,$0,$0,$0,$27,$6,$33,$-33,$0,$-33,$0,$-33,$-33,$-33,$-32,$-33,$36,36,$-0.92,$-0.92,$221,$0,$0,$225,$3,$34,$0,$0,$38,$263,$14,$0,$0,$2,$16,$0,$-197,$-0,$247,$263,$-59,$1,$8,$9,$0,$0,$-2,$-1,$1,$-48,$-1,$0,$0,$0,$-168,$-168,$0,$-169,$0,$0,$0,$91,$91,$0,$0,$91,$-126,$8,$0
14,2015-03-31,30.61,$7.72,3.96,$0.00,0.0,$-4.37,0.0,$-2.69,0.0,$0.25B,$0.02B,16.96,$0.00B,$0.28B,0.0,$0.00B,0,nan%,$0.00B,$-0.09B,inf%,$0.00B,$-0.09B,inf%,$0.00B,$-0.09B,inf%,$0.00B,$-0.09B,inf%,$0.00B,$-0.09B,inf%,$-0.09B,$0.28B,-41.76%,$-0.09B,$0.28B,-41.76%,$-0.09B,$0.29B,-39.77%,$-0.09B,$0.28B,-41.76%,$0,$0,$0,$21,$5,$26,$-26,$0,$-26,$0,$-26,$-26,$-26,$-26,$-26,$35,35,$-0.74,$-0.74,$246,$0,$0,$249,$3,$39,$0,$1,$43,$292,$15,$0,$0,$2,$17,$0,$-164,$0,$276,$292,$-26,$0,$4,$4,$0,$0,$0,$-0,$2,$-20,$-0,$0,$0,$0,$-170,$-170,$0,$-170,$0,$0,$0,$91,$91,$0,$0,$91,$-99,$4,$0
15,2014-12-31,37.43,$6.32,5.92,$0.01,0.0,$-4.15,0.0,$-2.41,0.0,$0.21B,$0.01B,16.89,$0.00B,$0.21B,0.0,$0.00B,0,nan%,$0.00B,$-0.08B,inf%,$0.00B,$-0.08B,inf%,$0.00B,$-0.08B,inf%,$0.00B,$-0.08B,inf%,$0.00B,$-0.08B,inf%,$-0.08B,$0.21B,-42.76%,$-0.08B,$0.21B,-42.76%,$-0.08B,$0.22B,-40.97%,$-0.08B,$0.21B,-42.76%,$0,$0,$0,$20,$6,$26,$-26,$0,$-26,$0,$-26,$-26,$-26,$-26,$-26,$31,31,$-0.81,$-0.81,$206,$0,$0,$208,$3,$9,$0,$1,$13,$220,$12,$0,$0,$1,$14,$0,$-138,$-0,$207,$220,$-76,$0,$14,$15,$0,$0,$4,$1,$10,$-51,$-3,$0,$0,$0,$-64,$-64,$-0,$-67,$0,$0,$0,$113,$113,$0,$0,$113,$-5,$14,$0
16,2014-09-30,34.94,$6.98,5.0,$0.01,3299.5,$-7.41,0.0,$-1.62,0.0,$0.23B,$0.01B,37.11,$0.00B,$0.23B,0.0,$0.00B,0,nan%,$0.00B,$-0.06B,inf%,$0.00B,$-0.06B,inf%,$0.00B,$-0.06B,inf%,$0.00B,$-0.06B,inf%,$0.00B,$-0.06B,inf%,$-0.06B,$0.23B,-37.63%,$-0.06B,$0.23B,-37.63%,$-0.06B,$0.24B,-36.47%,$-0.06B,$0.23B,-37.63%,$0,$0,$0,$16,$4,$20,$-20,$0,$-20,$0,$-20,$-20,$-20,$-20,$-20,$33,33,$-0.61,$-0.61,$227,$0,$0,$231,$3,$0,$0,$1,$4,$235,$6,$0,$0,$1,$7,$0,$-112,$0,$228,$235,$-50,$0,$10,$10,$0,$0,$0,$-2,$1,$-39,$-3,$0,$0,$0,$0,$0,$-0,$-3,$0,$0,$0,$113,$113,$0,$0,$113,$71,$10,$0
