,Date,Stock Price,Book Value per Share,Price to Book Ratio,TTM Sales per Share,Price to Sales Ratio,TTM FCF per Share,Price to FCF Ratio,TTM Net EPS,PE Ratio,Current Assets,Current Liabilities,Current Ratio,Long Term Debt,Shareholder's Equity_x,Debt to Equity Ratio,TTM Revenue_x,TTM Gross Profit,Gross Margin,TTM Revenue_y,TTM Operating Income,Operating Margin,TTM Revenue_x,TTM EBIT,EBIT Margin,TTM Revenue_y,TTM EBITDA,EBITDA Margin,TTM Revenue_x,TTM Pre-Tax Income,Pre-Tax Margin,TTM Revenue_y,TTM Net Income_x,Net Margin,TTM Net Income_y,Shareholder's Equity_y,Return on Equity,TTM Net Income_x,Tangible Equity,Return on Tangible Equity,TTM Net Income_y,Total Assets,Return on Assets,TTM Net Income,LT Investments & Debt,Return on Investment,revenue,cost-goods-sold,gross-profit,research-development-expenses,selling-general-administrative-expenses,operating-expenses,operating-income,total-non-operating-income-expense,pre-tax-income,total-provision-income-taxes,income-after-taxes,income-from-continuous-operations,net-income,ebitda,ebit,basic-shares-outstanding,shares-outstanding,eps-basic-net-earnings-per-share,eps-earnings-per-share-diluted,cash-on-hand,inventory,other-current-assets,total-current-assets,net-property-plant-equipment,long-term-investments,goodwill-intangible-assets-total,other-long-term-assets,total-long-term-assets,total-assets,total-current-liabilities,long-term-debt,other-non-current-liabilities,total-long-term-liabilities,total-liabilities,common-stock-net,retained-earnings-accumulated-deficit,comprehensive-income,total-share-holder-equity,total-liabilities-share-holders-equity,net-income-loss,total-depreciation-amortization-cash-flow,other-non-cash-items,total-non-cash-items,change-in-accounts-receivable,change-in-inventories,change-in-accounts-payable,change-in-assets-liabilities,total-change-in-assets-liabilities,cash-flow-from-operating-activities,net-change-in-property-plant-equipment,net-change-in-intangible-assets,net-acquisitions-divestitures,net-change-in-short-term-investments,net-change-in-long-term-investments,net-change-in-investments-total,investing-activities-other,cash-flow-from-investing-activities,net-long-term-debt,net-current-debt,debt-issuance-retirement-net-total,net-common-equity-issued-repurchased,net-total-equity-issued-repurchased,total-common-preferred-stock-dividends-paid,financial-activities-other,cash-flow-from-financial-activities,net-cash-flow,stock-based-compensation,common-stock-dividends-paid
0,2018-07-31,28.87,$9.21,3.14,$144.38,0.2,$6.23,4.64,$4.39,6.58,$9.75B,$13.35B,0.73,$12.12B,$7.34B,1.65,$124.18B,$27.12B,21.84%,$124.18B,$2.35B,1.89%,$124.18B,$2.35B,1.89%,$124.18B,$4.91B,3.95%,$124.18B,$3.76B,3.03%,$124.18B,$3.79B,3.05%,$3.79B,$7.34B,55.27%,$3.79B,$3.03B,139.00%,$3.79B,$36.96B,10.25%,$2.35B,$19.46B,12.24%,$27869,$21930,$5939,$0,$4612,$27320,$549,$79,$628,$127,$501,$501,$508,$1123,$549,$797,805,$0.63,$0.62,$1378,$6241,$179,$9746,$21316,$0,$4305,$1590,$27211,$36957,$13349,$12121,$1695,$16270,$29619,$1918,$19331,$-450,$7338,$36957,$2519,$1315,$-1764,$-449,$-73,$252,$94,$320,$1190,$3260,$-1420,$0,$1928,$0,$-392,$-392,$12,$128,$767,$-1946,$-1179,$-1939,$-1939,$-211,$-45,$-3374,$14,$81,$-211
1,2018-04-30,24.95,$8.72,2.86,$140.26,0.18,$6.04,4.13,$4.16,6.0,$10.29B,$13.48B,0.76,$12.06B,$6.94B,1.74,$123.91B,$27.16B,21.92%,$123.91B,$2.48B,2.00%,$123.91B,$2.48B,2.00%,$123.91B,$5.03B,4.06%,$123.91B,$3.67B,2.96%,$123.91B,$3.63B,2.93%,$3.63B,$6.94B,55.42%,$3.63B,$2.92B,147.86%,$3.63B,$36.56B,9.85%,$2.48B,$19.00B,12.98%,$37530,$29362,$8168,$0,$6122,$36501,$1029,$1605,$2634,$616,$2018,$2018,$2026,$1770,$1029,$839,846,$2.39,$2.37,$1744,$6387,$42,$10286,$21195,$0,$4025,$1055,$26275,$36561,$13476,$12059,$1706,$16144,$29620,$1918,$18924,$-455,$6941,$36561,$2018,$741,$-1703,$-962,$-123,$134,$345,$355,$1312,$2368,$-711,$0,$2098,$0,$0,$0,$-38,$1349,$796,$-2120,$-1324,$-1799,$-1799,$-110,$-140,$-3373,$344,$45,$-110
2,2018-01-31,29.94,$7.94,3.77,$135.12,0.22,$5.78,5.18,$2.11,14.19,$11.12B,$14.20B,0.78,$12.03B,$6.91B,1.74,$122.66B,$27.00B,22.01%,$122.66B,$2.09B,1.70%,$122.66B,$2.09B,1.70%,$122.66B,$4.63B,3.78%,$122.66B,$1.48B,1.21%,$122.66B,$1.91B,1.55%,$1.91B,$6.91B,30.04%,$1.91B,$2.88B,86.03%,$1.91B,$37.20B,5.20%,$2.09B,$18.93B,11.09%,$31031,$24240,$6791,$0,$5976,$31001,$30,$-135,$-105,$-957,$852,$852,$854,$705,$30,$895,904,$0.95,$0.94,$1508,$6533,$604,$11117,$21071,$0,$4025,$984,$26080,$37197,$14197,$12029,$1706,$16095,$30292,$1918,$17007,$-471,$6905,$37197,$1889,$2546,$119,$2665,$61,$-23,$158,$-1201,$-1141,$3413,$-2671,$0,$-16,$0,$0,$0,$-20,$-2707,$1431,$0,$1431,$-1582,$-1582,$-443,$-87,$-681,$25,$151,$-443
3,2017-10-31,20.3,$7.05,2.88,$129.62,0.16,$5.70,3.56,$1.68,12.08,$10.93B,$12.89B,0.85,$13.12B,$6.21B,2.11,$119.24B,$26.34B,22.09%,$119.24B,$2.91B,2.44%,$119.24B,$2.91B,2.44%,$119.24B,$5.36B,4.49%,$119.24B,$2.32B,1.95%,$119.24B,$1.56B,1.31%,$1.56B,$6.21B,24.73%,$1.56B,$2.06B,73.21%,$1.56B,$37.03B,4.27%,$2.91B,$19.33B,15.57%,$27749,$21532,$6217,$0,$4708,$27009,$740,$-136,$604,$215,$389,$389,$397,$1312,$740,$887,893,$0.44,$0.44,$1515,$6917,$604,$10925,$20966,$0,$4148,$989,$26103,$37028,$12890,$13118,$1835,$17927,$30817,$1918,$16263,$-706,$6211,$37028,$1036,$1871,$504,$2375,$45,$-466,$620,$-725,$-357,$3054,$-2017,$0,$-16,$0,$0,$0,$-2,$-2035,$734,$-45,$689,$-1261,$-1261,$-333,$-84,$-989,$30,$118,$-333
4,2017-07-31,23.91,$6.88,3.48,$126.41,0.19,$5.11,4.68,$1.65,14.49,$10.15B,$11.62B,0.87,$13.10B,$6.14B,2.13,$118.05B,$26.02B,22.04%,$118.05B,$2.89B,2.44%,$118.05B,$2.89B,2.44%,$118.05B,$5.31B,4.49%,$118.05B,$2.31B,1.95%,$118.05B,$1.55B,1.31%,$1.55B,$6.14B,24.23%,$1.55B,$1.96B,69.90%,$1.55B,$36.60B,4.27%,$2.89B,$19.24B,15.82%,$27597,$21609,$5988,$0,$4517,$26913,$684,$-144,$540,$189,$351,$351,$353,$1247,$684,$897,905,$0.39,$0.39,$1796,$6363,$0,$10147,$21308,$0,$4183,$962,$26453,$36600,$11618,$13100,$1825,$18838,$30456,$1918,$15978,$-726,$6144,$36600,$648,$1299,$406,$1705,$25,$154,$186,$458,$972,$3325,$-1428,$0,$-16,$0,$0,$0,$-6,$-1450,$1347,$-1425,$-78,$-1002,$-1002,$-221,$-77,$-1378,$497,$85,$-221
5,2017-04-30,28.8,$6.81,4.23,$123.62,0.23,$4.14,6.95,$1.66,17.35,$9.54B,$12.52B,0.76,$11.59B,$6.14B,1.89,$117.02B,$25.90B,22.14%,$117.02B,$2.87B,2.45%,$117.02B,$2.87B,2.45%,$117.02B,$5.25B,4.49%,$117.02B,$2.31B,1.98%,$117.02B,$1.58B,1.35%,$1.58B,$6.14B,24.27%,$1.58B,$1.96B,65.02%,$1.58B,$35.80B,4.41%,$2.87B,$17.73B,16.39%,$36285,$28281,$8004,$0,$6367,$35654,$631,$-186,$445,$148,$297,$297,$303,$1367,$631,$914,925,$0.33,$0.32,$1308,$6359,$0,$9538,$21133,$0,$4172,$956,$26261,$35799,$12515,$11590,$1826,$17149,$29664,$1918,$15735,$-738,$6135,$35799,$297,$736,$69,$805,$149,$177,$260,$554,$1207,$2309,$-734,$0,$0,$0,$0,$0,$-10,$-744,$-83,$-545,$-628,$-755,$-755,$-111,$-37,$-1531,$34,$53,$-111
6,2017-01-31,32.87,$7.26,4.53,$120.21,0.27,$3.54,9.3,$2.04,16.11,$10.34B,$12.86B,0.8,$11.83B,$6.71B,1.76,$115.34B,$25.84B,22.40%,$115.34B,$3.44B,2.98%,$115.34B,$3.44B,2.98%,$115.34B,$5.78B,5.01%,$115.34B,$2.91B,2.53%,$115.34B,$1.98B,1.71%,$1.98B,$6.71B,29.94%,$1.98B,$2.53B,75.74%,$1.98B,$36.51B,5.58%,$3.44B,$18.54B,20.10%,$27611,$21483,$6128,$0,$4483,$26753,$858,$-127,$731,$230,$501,$501,$505,$1430,$858,$942,958,$0.55,$0.53,$1232,$6561,$0,$10340,$21016,$0,$4184,$965,$26165,$36505,$12860,$11825,$1659,$16935,$29795,$1918,$15543,$-715,$6710,$36505,$1957,$2340,$453,$2793,$-110,$-382,$16,$-145,$-478,$4272,$-3567,$0,$-401,$0,$0,$0,$93,$-3875,$1861,$0,$1861,$-1698,$-1698,$-429,$-86,$-352,$45,$141,$-429
7,2016-10-31,29.88,$7.10,4.21,$118.09,0.25,$4.45,6.72,$2.08,14.37,$10.40B,$14.12B,0.74,$10.82B,$6.63B,1.63,$113.89B,$25.68B,22.55%,$113.89B,$3.51B,3.08%,$113.89B,$3.51B,3.08%,$113.89B,$5.78B,5.08%,$113.89B,$3.00B,2.63%,$113.89B,$2.03B,1.78%,$2.03B,$6.63B,30.65%,$2.03B,$2.43B,74.28%,$2.03B,$36.51B,5.84%,$3.51B,$17.45B,21.14%,$26557,$20653,$5904,$0,$4443,$25844,$713,$-124,$589,$206,$383,$383,$391,$1262,$713,$940,953,$0.41,$0.41,$1417,$6976,$0,$10403,$20966,$0,$4199,$939,$26104,$36507,$14124,$10817,$1796,$15753,$29877,$1918,$15150,$-728,$6630,$36507,$1455,$1768,$169,$1937,$48,$-798,$509,$182,$64,$3456,$-2911,$0,$-401,$0,$0,$0,$39,$-3273,$453,$1200,$1653,$-1350,$-1350,$-316,$-73,$-86,$97,$110,$-316
8,2016-07-31,32.85,$6.99,4.7,$115.83,0.28,$5.25,6.26,$2.10,15.64,$9.24B,$13.52B,0.68,$9.64B,$6.60B,1.46,$112.41B,$25.37B,22.57%,$112.41B,$3.57B,3.17%,$112.41B,$3.57B,3.17%,$112.41B,$5.78B,5.14%,$112.41B,$3.07B,2.73%,$112.41B,$2.07B,1.84%,$2.07B,$6.60B,31.67%,$2.07B,$2.81B,70.66%,$2.07B,$34.66B,6.15%,$3.57B,$16.24B,22.24%,$26565,$20697,$5868,$0,$4473,$25900,$665,$-116,$549,$171,$378,$378,$383,$1190,$665,$943,959,$0.40,$0.40,$1278,$6120,$0,$9244,$20687,$0,$3788,$943,$25418,$34662,$13521,$9641,$1866,$14540,$28061,$1918,$14874,$-782,$6601,$34662,$1073,$1219,$72,$1291,$113,$35,$-19,$288,$668,$3032,$-1947,$0,$0,$0,$0,$0,$7,$-1940,$234,$0,$234,$-1027,$-1027,$-202,$-55,$-1050,$42,$77,$-202
9,2016-04-30,33.9,$6.85,4.95,$114.27,0.3,$5.31,6.39,$2.14,15.84,$9.22B,$13.15B,0.7,$9.71B,$6.45B,1.51,$111.38B,$24.98B,22.43%,$111.38B,$3.67B,3.30%,$111.38B,$3.67B,3.30%,$111.38B,$5.84B,5.24%,$111.38B,$3.19B,2.86%,$111.38B,$2.12B,1.90%,$2.12B,$6.45B,33.36%,$2.12B,$2.66B,72.21%,$2.12B,$33.80B,6.49%,$3.67B,$16.16B,23.14%,$34604,$26669,$7935,$0,$5779,$33404,$1200,$-155,$1045,$350,$695,$695,$696,$1894,$1200,$954,966,$0.72,$0.71,$1283,$6066,$0,$9216,$20161,$0,$3787,$637,$24585,$33801,$13145,$9710,$1364,$14208,$27353,$1918,$14589,$-703,$6448,$33801,$695,$694,$82,$776,$85,$101,$104,$288,$608,$2079,$-1019,$0,$0,$0,$0,$0,$-32,$-1051,$213,$0,$213,$-1012,$-1012,$-102,$-13,$-914,$114,$43,$-102
10,2016-01-31,37.07,$7.03,5.27,$112.07,0.33,$5.10,7.26,$2.07,17.95,$9.89B,$12.97B,0.76,$9.71B,$6.80B,1.43,$109.83B,$24.33B,22.16%,$109.83B,$3.58B,3.26%,$109.83B,$3.58B,3.26%,$109.83B,$5.67B,5.16%,$109.83B,$3.09B,2.82%,$109.83B,$2.04B,1.86%,$2.04B,$6.80B,33.34%,$2.04B,$3.02B,70.61%,$2.04B,$33.90B,6.42%,$3.58B,$16.51B,22.85%,$26165,$20193,$5972,$0,$4355,$25237,$928,$-113,$815,$250,$565,$565,$559,$1436,$928,$966,980,$0.58,$0.57,$1200,$6168,$0,$9892,$19619,$0,$3777,$609,$24005,$33897,$12971,$9709,$1287,$14128,$27099,$1918,$14011,$-680,$6798,$33897,$2049,$2089,$713,$2802,$-59,$-184,$440,$-47,$66,$4917,$-3304,$0,$-168,$0,$0,$0,$-98,$-3570,$-349,$0,$-349,$-583,$-583,$-385,$-21,$-1338,$9,$165,$-385
11,2015-10-31,36.01,$6.46,5.57,$110.76,0.33,$4.89,7.36,$2.02,17.87,$9.28B,$12.95B,0.72,$8.96B,$6.25B,1.44,$108.87B,$24.02B,22.06%,$108.87B,$3.56B,3.27%,$108.87B,$3.56B,3.27%,$108.87B,$5.61B,5.15%,$108.87B,$3.08B,2.83%,$108.87B,$2.00B,1.84%,$2.00B,$6.25B,34.59%,$2.00B,$3.20B,73.25%,$2.00B,$31.91B,6.46%,$3.56B,$15.21B,23.25%,$25075,$19478,$5597,$0,$4169,$24303,$772,$-107,$665,$238,$427,$427,$428,$1256,$772,$965,979,$0.44,$0.43,$1236,$6324,$0,$9277,$18926,$0,$3044,$660,$22630,$31907,$12952,$8964,$1192,$12710,$25662,$1918,$13554,$-749,$6245,$31907,$1484,$1581,$185,$1766,$1,$-693,$814,$188,$595,$3845,$-2498,$0,$0,$0,$0,$0,$-82,$-2580,$-389,$0,$-389,$-565,$-565,$-283,$-22,$-1259,$6,$130,$-283
12,2015-07-31,37.28,$6.10,6.12,$110.54,0.34,$4.87,7.65,$1.95,19.12,$8.53B,$11.36B,0.75,$9.74B,$5.88B,1.66,$108.78B,$23.65B,21.74%,$108.78B,$3.44B,3.16%,$108.78B,$3.44B,3.16%,$108.78B,$5.46B,5.02%,$108.78B,$2.95B,2.71%,$108.78B,$1.93B,1.78%,$1.93B,$5.88B,34.80%,$1.93B,$2.84B,77.34%,$1.93B,$30.78B,6.34%,$3.44B,$15.63B,22.51%,$25539,$20065,$5474,$0,$4068,$24765,$774,$-114,$660,$227,$433,$433,$433,$1251,$774,$963,977,$0.44,$0.44,$1202,$5548,$0,$8526,$18573,$0,$3043,$639,$22255,$30781,$11363,$9743,$1176,$13536,$24899,$1918,$13228,$-759,$5882,$30781,$1057,$1097,$171,$1268,$-26,$92,$210,$207,$507,$2832,$-1672,$0,$0,$0,$0,$0,$-38,$-1710,$-357,$0,$-357,$-554,$-554,$-181,$-30,$-1122,$0,$95,$-181
13,2015-04-30,32.65,$5.75,5.67,$110.17,0.3,$4.97,6.57,$1.86,17.55,$8.58B,$11.32B,0.76,$9.72B,$5.54B,1.76,$108.56B,$23.35B,21.51%,$108.56B,$3.31B,3.05%,$108.56B,$3.31B,3.05%,$108.56B,$5.30B,4.88%,$108.56B,$2.82B,2.60%,$108.56B,$1.85B,1.70%,$1.85B,$5.54B,34.60%,$1.85B,$2.49B,79.02%,$1.85B,$30.47B,6.14%,$3.31B,$15.25B,21.98%,$33051,$25760,$7291,$0,$5354,$31949,$1102,$-148,$954,$330,$624,$624,$619,$1722,$1102,$969,983,$0.63,$0.62,$1214,$5722,$0,$8583,$18212,$0,$3047,$626,$21885,$30468,$11318,$9716,$1260,$13614,$24932,$959,$12895,$-773,$5536,$30468,$624,$620,$92,$712,$43,$-62,$380,$285,$419,$1755,$-875,$0,$0,$0,$0,$0,$17,$-858,$-294,$0,$-294,$-539,$-539,$-91,$11,$-913,$-16,$52,$-91
14,2015-01-31,32.63,$5.59,5.84,$109.06,0.3,$5.09,6.41,$1.73,18.91,$8.91B,$11.39B,0.78,$9.72B,$5.44B,1.79,$108.47B,$22.95B,21.16%,$108.47B,$3.14B,2.89%,$108.47B,$3.14B,2.89%,$108.47B,$5.09B,4.69%,$108.47B,$2.65B,2.44%,$108.47B,$1.73B,1.59%,$1.73B,$5.44B,33.59%,$1.73B,$2.38B,78.61%,$1.73B,$30.50B,5.82%,$3.14B,$15.17B,21.12%,$25207,$19547,$5660,$0,$4119,$24295,$912,$-115,$797,$274,$523,$523,$518,$1379,$912,$981,993,$0.53,$0.52,$1256,$5688,$0,$8911,$17912,$0,$3061,$613,$21586,$30497,$11392,$9723,$1268,$13663,$25055,$1918,$12367,$-812,$5442,$30497,$1747,$1948,$539,$2487,$-141,$-147,$135,$-47,$-19,$4215,$-2794,$0,$-252,$0,$0,$0,$-14,$-3060,$226,$0,$226,$-1173,$-1173,$-338,$-3,$-1288,$-133,$155,$-338
15,2014-10-31,26.24,$5.50,4.77,$106.00,0.25,$4.88,5.38,$1.61,16.3,$8.89B,$11.68B,0.76,$9.74B,$5.34B,1.82,$106.48B,$22.12B,20.77%,$106.48B,$2.94B,2.76%,$106.48B,$2.94B,2.76%,$106.48B,$4.83B,4.53%,$106.48B,$2.46B,2.31%,$106.48B,$1.63B,1.53%,$1.63B,$5.34B,31.80%,$1.63B,$2.28B,72.78%,$1.63B,$30.22B,5.56%,$2.94B,$15.08B,19.85%,$24987,$19764,$5223,$0,$3954,$24336,$651,$-114,$537,$172,$365,$365,$362,$1107,$651,$972,984,$0.37,$0.36,$1206,$6130,$0,$8886,$17586,$0,$3061,$689,$21336,$30222,$11680,$9735,$1304,$13198,$24878,$959,$11940,$-435,$5344,$30222,$1224,$1481,$219,$1700,$-28,$-580,$482,$364,$460,$3384,$-2046,$0,$-252,$0,$0,$0,$0,$-2298,$514,$-355,$159,$-1166,$-1166,$-247,$31,$-1223,$-137,$115,$-247
16,2014-07-31,23.0,$5.17,4.45,$102.17,0.23,$4.62,4.98,$1.53,15.03,$8.30B,$10.84B,0.77,$9.71B,$5.02B,1.93,$103.96B,$21.50B,20.68%,$103.96B,$2.83B,2.72%,$103.96B,$2.83B,2.72%,$103.96B,$4.65B,4.47%,$103.96B,$2.35B,2.26%,$103.96B,$1.57B,1.51%,$1.57B,$5.02B,31.10%,$1.57B,$2.19B,60.10%,$1.57B,$29.08B,5.57%,$2.83B,$14.73B,20.05%,$25310,$20136,$5174,$0,$3920,$24666,$644,$-112,$532,$182,$350,$350,$347,$1088,$644,$970,982,$0.35,$0.35,$1204,$5495,$0,$8295,$17263,$0,$2830,$691,$20784,$29079,$10840,$9706,$1332,$13217,$24057,$959,$11667,$-449,$5022,$29079,$859,$1025,$101,$1126,$-47,$102,$194,$343,$607,$2592,$-1329,$0,$0,$0,$0,$0,$16,$-1313,$22,$-160,$-138,$-1155,$-1155,$-166,$27,$-1432,$-153,$76,$-166
17,2014-04-30,21.54,$4.92,4.38,$98.17,0.22,$4.78,4.5,$1.48,14.55,$8.37B,$10.92B,0.77,$9.66B,$4.77B,2.03,$101.34B,$20.95B,20.68%,$101.34B,$2.78B,2.74%,$101.34B,$2.78B,2.74%,$101.34B,$4.54B,4.48%,$101.34B,$2.32B,2.28%,$101.34B,$1.54B,1.52%,$1.54B,$4.77B,30.78%,$1.54B,$1.94B,51.88%,$1.54B,$28.91B,5.69%,$2.78B,$14.43B,20.71%,$32961,$26065,$6896,$0,$5168,$32031,$930,$-147,$783,$274,$509,$509,$501,$1511,$930,$1002,1014,$0.50,$0.49,$1202,$5648,$0,$8368,$17030,$0,$2833,$682,$20545,$28913,$10924,$9664,$1330,$13219,$24143,$959,$11398,$-457,$4770,$28913,$509,$581,$48,$629,$20,$-25,$375,$382,$613,$1751,$-721,$0,$0,$0,$0,$0,$18,$-703,$3,$-5,$-2,$-1110,$-1110,$-84,$12,$-1184,$-136,$40,$-84
18,2014-01-31,16.81,$5.31,3.17,$94.51,0.18,$4.73,3.55,$1.45,11.6,$8.83B,$10.71B,0.83,$9.65B,$5.40B,1.79,$98.38B,$20.24B,20.57%,$98.38B,$2.73B,2.77%,$98.38B,$2.73B,2.77%,$98.38B,$4.43B,4.50%,$98.38B,$2.28B,2.32%,$98.38B,$1.52B,1.54%,$1.52B,$5.40B,30.64%,$1.52B,$2.56B,45.72%,$1.52B,$29.28B,5.87%,$2.73B,$15.05B,21.82%,$23222,$18396,$4826,$0,$3560,$22505,$717,$-107,$610,$184,$426,$426,$422,$1119,$717,$1028,1040,$0.41,$0.41,$1359,$5651,$0,$8830,$16893,$0,$2837,$721,$20451,$29281,$10705,$9653,$1246,$13181,$23886,$959,$10981,$-464,$5395,$29281,$1531,$1703,$391,$2094,$-8,$-131,$196,$-139,$-52,$3573,$-2306,$0,$-2344,$0,$0,$0,$-121,$-4771,$2488,$-395,$2093,$-413,$-413,$-319,$0,$1361,$163,$107,$-319
19,2013-10-31,19.87,$4.85,4.09,$94.55,0.21,$4.39,4.53,$1.49,13.38,$8.21B,$10.19B,0.81,$7.15B,$4.99B,1.43,$99.17B,$20.46B,20.63%,$99.17B,$2.83B,2.85%,$99.17B,$2.83B,2.85%,$99.17B,$4.52B,4.55%,$99.17B,$2.38B,2.40%,$99.17B,$1.56B,1.57%,$1.56B,$4.99B,33.44%,$1.56B,$3.76B,45.91%,$1.56B,$25.48B,6.31%,$2.83B,$12.14B,24.98%,$22470,$17866,$4604,$0,$3537,$21936,$534,$-108,$426,$125,$301,$301,$299,$929,$534,$1030,1042,$0.29,$0.29,$1225,$5628,$0,$8212,$15456,$0,$1234,$578,$17268,$25480,$10193,$7148,$1126,$10297,$20490,$959,$10651,$-713,$4990,$25480,$1104,$1301,$260,$1561,$5,$-524,$402,$216,$252,$2917,$-1771,$0,$0,$0,$0,$0,$-47,$-1818,$594,$-1164,$-570,$-198,$-198,$-233,$8,$-993,$106,$78,$-233
20,2013-07-31,18.15,$4.70,3.86,$93.87,0.19,$4.08,4.45,$1.50,12.1,$7.52B,$9.35B,0.8,$7.16B,$4.85B,1.48,$98.51B,$20.28B,20.59%,$98.51B,$2.89B,2.93%,$98.51B,$2.89B,2.93%,$98.51B,$4.56B,4.63%,$98.51B,$2.45B,2.48%,$98.51B,$1.58B,1.60%,$1.58B,$4.85B,36.21%,$1.58B,$3.61B,50.77%,$1.58B,$24.47B,6.44%,$2.89B,$12.01B,26.47%,$22686,$18059,$4627,$0,$3506,$22091,$595,$-99,$496,$176,$320,$320,$317,$982,$595,$1030,1042,$0.31,$0.30,$1290,$4954,$0,$7518,$15084,$0,$1234,$636,$16954,$24472,$9354,$7158,$1125,$10270,$19624,$959,$10430,$-724,$4848,$24472,$804,$906,$141,$1047,$107,$162,$180,$230,$762,$2613,$-1103,$0,$0,$0,$0,$0,$-34,$-1137,$592,$-1635,$-1043,$-81,$-81,$-155,$5,$-1274,$202,$47,$-155
21,2013-04-30,15.82,$4.47,3.54,$92.18,0.17,$3.62,4.38,$1.46,10.87,$7.43B,$10.37B,0.72,$6.16B,$4.60B,1.34,$97.55B,$20.10B,20.61%,$97.55B,$2.83B,2.90%,$97.55B,$2.83B,2.90%,$97.55B,$4.50B,4.61%,$97.55B,$2.38B,2.44%,$97.55B,$1.54B,1.58%,$1.54B,$4.60B,37.62%,$1.54B,$3.36B,53.82%,$1.54B,$24.23B,6.34%,$2.83B,$10.76B,26.79%,$29997,$23817,$6180,$0,$4593,$29118,$879,$-129,$750,$266,$484,$484,$481,$1398,$879,$1028,1040,$0.47,$0.46,$1098,$5076,$0,$7434,$14967,$0,$1234,$592,$16793,$24227,$10367,$6162,$1127,$9264,$19631,$959,$10190,$-749,$4596,$24227,$484,$519,$90,$609,$88,$53,$279,$241,$524,$1617,$-612,$0,$0,$0,$0,$0,$-14,$-626,$-407,$-452,$-859,$-51,$-51,$-78,$6,$-982,$9,$24,$-78
22,2013-01-31,12.68,$4.10,3.09,$89.33,0.14,$3.33,3.8,$1.39,9.15,$7.96B,$11.06B,0.72,$6.15B,$4.21B,1.46,$96.62B,$19.89B,20.59%,$96.62B,$2.76B,2.86%,$96.62B,$2.76B,2.86%,$96.62B,$4.42B,4.57%,$96.62B,$2.30B,2.38%,$96.62B,$1.50B,1.55%,$1.50B,$4.21B,37.81%,$1.50B,$2.85B,54.41%,$1.50B,$24.63B,6.20%,$2.76B,$10.36B,26.13%,$24021,$18970,$5051,$0,$3689,$23202,$819,$-112,$707,$239,$468,$468,$462,$1206,$819,$1066,1074,$0.44,$0.44,$1193,$5146,$0,$7959,$14848,$0,$1364,$463,$16675,$24634,$11061,$6145,$1127,$9359,$20420,$959,$9787,$-753,$4214,$24634,$1508,$1652,$443,$2095,$-126,$-78,$188,$-864,$-649,$2954,$-2013,$0,$-122,$0,$0,$0,$-48,$-2183,$-582,$1275,$693,$-1151,$-1151,$-267,$4,$-721,$50,$82,$-267
23,2012-10-31,11.47,$3.66,3.14,$84.93,0.14,$3.14,3.65,$0.68,17.0,$8.28B,$10.55B,0.79,$6.78B,$3.76B,1.8,$93.90B,$19.29B,20.54%,$93.90B,$1.52B,1.62%,$93.90B,$1.52B,1.62%,$93.90B,$3.18B,3.38%,$93.90B,$1.07B,1.14%,$93.90B,$0.73B,0.78%,$0.73B,$3.76B,18.68%,$0.73B,$2.60B,26.51%,$0.73B,$24.66B,3.05%,$1.52B,$10.54B,14.20%,$21807,$17383,$4424,$0,$3305,$21211,$596,$-103,$493,$175,$318,$318,$317,$977,$596,$1036,1044,$0.31,$0.30,$1355,$5550,$0,$8277,$14690,$0,$1164,$527,$16381,$24658,$10548,$6780,$1417,$10348,$20896,$959,$9404,$-808,$3762,$24658,$1039,$1265,$392,$1657,$-131,$-531,$386,$-324,$-428,$2268,$-1448,$0,$-12,$0,$0,$0,$-28,$-1488,$673,$115,$788,$-1132,$-1132,$-189,$0,$-533,$247,$61,$-189
24,2012-07-31,10.03,$3.60,2.79,$81.61,0.12,$3.25,3.09,$0.54,18.58,$7.25B,$9.34B,0.78,$6.79B,$3.79B,1.79,$92.69B,$19.10B,20.61%,$92.69B,$1.33B,1.43%,$92.69B,$1.33B,1.43%,$92.69B,$2.98B,3.21%,$92.69B,$0.88B,0.95%,$92.69B,$0.61B,0.65%,$0.61B,$3.79B,14.52%,$0.61B,$2.63B,19.99%,$0.61B,$23.55B,2.56%,$1.33B,$10.58B,12.19%,$21726,$17278,$4448,$0,$3391,$21191,$535,$-106,$429,$148,$281,$281,$279,$918,$535,$1076,1082,$0.26,$0.26,$1138,$4837,$0,$7251,$14600,$0,$1164,$532,$16296,$23547,$9342,$6787,$1482,$10412,$19754,$959,$9164,$-825,$3793,$23547,$721,$884,$206,$1090,$-26,$198,$-28,$-136,$220,$2031,$-963,$0,$-12,$0,$0,$0,$-14,$-989,$-48,$20,$-28,$-829,$-829,$-128,$-7,$-992,$50,$41,$-128
25,2012-04-30,10.48,$3.70,2.83,$78.96,0.13,$3.32,3.15,$0.52,20.35,$7.60B,$9.35B,0.81,$6.77B,$4.07B,1.67,$91.87B,$19.01B,20.69%,$91.87B,$1.28B,1.39%,$91.87B,$1.28B,1.39%,$91.87B,$2.92B,3.18%,$91.87B,$0.84B,0.92%,$91.87B,$0.61B,0.66%,$0.61B,$4.07B,13.43%,$0.61B,$2.93B,17.93%,$0.61B,$23.79B,2.57%,$1.28B,$10.84B,11.49%,$29065,$23095,$5970,$0,$4464,$28251,$814,$-141,$673,$232,$441,$441,$439,$1315,$814,$1112,1118,$0.39,$0.39,$1350,$4977,$0,$7596,$14522,$0,$1138,$535,$16195,$23791,$9354,$6771,$1499,$10370,$19724,$959,$8945,$-838,$4067,$23791,$441,$501,$156,$657,$3,$91,$214,$-152,$201,$1299,$-533,$0,$0,$0,$0,$0,$6,$-527,$319,$-389,$-70,$-307,$-307,$-65,$-7,$-449,$323,$24,$-65
26,2012-01-31,10.65,$3.53,3.01,$75.40,0.14,$3.23,3.3,$0.48,22.42,$7.33B,$9.11B,0.81,$6.85B,$3.97B,1.73,$90.27B,$18.88B,20.92%,$90.27B,$1.28B,1.42%,$90.27B,$1.28B,1.42%,$90.27B,$2.92B,3.23%,$90.27B,$0.84B,0.93%,$90.27B,$0.60B,0.67%,$0.60B,$3.97B,12.49%,$0.60B,$2.83B,16.36%,$0.60B,$23.48B,2.56%,$1.28B,$10.82B,11.17%,$21301,$16852,$4449,$0,$4339,$21727,$-426,$-101,$-527,$-221,$-306,$-306,$-307,$-34,$-426,$1180,1186,$-0.25,$-0.24,$974,$5114,$0,$7325,$14464,$0,$1138,$549,$16151,$23476,$9105,$6850,$1515,$10405,$19510,$959,$8571,$-844,$3966,$23476,$596,$1638,$438,$2076,$-63,$-361,$83,$218,$-14,$2658,$-1847,$0,$-51,$0,$0,$0,$-10,$-1908,$276,$19,$295,$-1429,$-1429,$-257,$4,$-1387,$-637,$81,$-257
27,2011-10-31,10.34,$4.28,2.41,$73.02,0.14,$3.72,2.78,$0.97,10.71,$7.82B,$9.49B,0.83,$6.43B,$4.90B,1.31,$88.85B,$18.77B,21.12%,$88.85B,$2.26B,2.55%,$88.85B,$2.26B,2.55%,$88.85B,$3.91B,4.40%,$88.85B,$1.82B,2.05%,$88.85B,$1.19B,1.34%,$1.19B,$4.90B,23.04%,$1.19B,$3.76B,29.58%,$1.19B,$23.96B,5.05%,$2.26B,$11.33B,19.03%,$20594,$16358,$4236,$0,$3318,$20189,$405,$-99,$306,$108,$198,$198,$196,$778,$405,$1166,1172,$0.17,$0.17,$1095,$5507,$0,$7823,$14451,$0,$1138,$548,$16137,$23960,$9488,$6428,$1149,$9573,$19061,$959,$8944,$-527,$4899,$23960,$901,$1246,$626,$1872,$21,$-681,$452,$-284,$-363,$2410,$-1362,$0,$-51,$0,$0,$0,$-6,$-1419,$-209,$-25,$-234,$-1181,$-1181,$-191,$6,$-1600,$-609,$62,$-191
28,2011-07-31,11.04,$4.39,2.51,$70.12,0.16,$3.72,2.96,$0.96,11.5,$7.43B,$9.02B,0.82,$6.42B,$5.21B,1.23,$86.93B,$18.65B,21.45%,$86.93B,$2.26B,2.60%,$86.93B,$2.26B,2.60%,$86.93B,$3.91B,4.50%,$86.93B,$1.82B,2.09%,$86.93B,$1.19B,1.37%,$1.19B,$5.21B,22.75%,$1.19B,$4.07B,29.11%,$1.19B,$23.40B,5.09%,$2.26B,$11.63B,18.58%,$20913,$16555,$4358,$0,$3353,$20425,$488,$-97,$391,$108,$283,$283,$281,$862,$488,$1192,1200,$0.24,$0.23,$1449,$4764,$0,$7429,$14267,$0,$1140,$562,$15969,$23398,$9016,$6419,$1123,$9172,$18188,$959,$8811,$-527,$5210,$23398,$704,$873,$128,$1001,$10,$122,$107,$-191,$488,$2193,$-919,$0,$0,$0,$0,$0,$-7,$-926,$-530,$-85,$-615,$-712,$-712,$-129,$7,$-1449,$-182,$44,$-129
29,2011-04-30,10.75,$4.34,2.48,$67.35,0.16,$3.74,2.87,$0.94,11.49,$7.20B,$8.32B,0.87,$6.79B,$5.20B,1.31,$84.77B,$18.50B,21.82%,$84.77B,$2.27B,2.68%,$84.77B,$2.27B,2.68%,$84.77B,$3.91B,4.61%,$84.77B,$1.82B,2.14%,$84.77B,$1.17B,1.38%,$1.17B,$5.20B,22.44%,$1.17B,$4.06B,28.75%,$1.17B,$23.11B,5.01%,$2.27B,$12.00B,18.32%,$27461,$21624,$5837,$0,$4335,$26650,$811,$-138,$673,$252,$421,$421,$432,$1310,$811,$1216,1224,$0.36,$0.35,$1147,$4835,$0,$7203,$14192,$0,$1140,$576,$15908,$23111,$8320,$6793,$1126,$9587,$17907,$959,$8592,$-536,$5204,$23111,$421,$499,$76,$575,$-3,$86,$68,$-95,$239,$1235,$-518,$0,$0,$0,$0,$0,$9,$-509,$-504,$-70,$-574,$-484,$-484,$-65,$3,$-1120,$-394,$24,$-65
30,2011-01-31,9.42,$4.27,2.2,$64.09,0.15,$3.95,2.38,$0.88,10.76,$7.62B,$8.07B,0.94,$7.30B,$5.30B,1.38,$82.05B,$18.25B,22.24%,$82.05B,$2.18B,2.66%,$82.05B,$2.18B,2.66%,$82.05B,$3.80B,4.63%,$82.05B,$1.73B,2.11%,$82.05B,$1.12B,1.36%,$1.12B,$5.30B,21.43%,$1.12B,$4.16B,27.52%,$1.12B,$23.51B,4.78%,$2.18B,$12.60B,17.57%,$19884,$15548,$4336,$0,$3253,$19325,$559,$-111,$448,$165,$283,$283,$278,$963,$559,$1270,1276,$0.22,$0.22,$1491,$4966,$0,$7621,$14147,$0,$1140,$597,$15884,$23505,$8070,$7304,$1137,$10137,$18207,$959,$8225,$-550,$5298,$23505,$1133,$1618,$271,$1889,$-11,$-88,$315,$-76,$344,$3366,$-1864,$0,$-7,$0,$0,$0,$-90,$-1961,$-172,$0,$-172,$-516,$-516,$-250,$-66,$-1004,$401,$79,$-250
31,2010-10-31,9.64,$4.16,2.31,$62.69,0.15,$3.27,2.95,$0.85,11.34,$7.91B,$8.34B,0.95,$7.26B,$5.26B,1.38,$80.60B,$18.07B,22.42%,$80.60B,$2.13B,2.64%,$80.60B,$2.13B,2.64%,$80.60B,$3.71B,4.60%,$80.60B,$1.67B,2.08%,$80.60B,$1.09B,1.36%,$1.09B,$5.26B,21.37%,$1.09B,$4.10B,27.62%,$1.09B,$23.76B,4.70%,$2.13B,$12.52B,17.21%,$18667,$14550,$4117,$0,$3189,$18261,$406,$-103,$303,$96,$207,$207,$202,$774,$406,$1266,1272,$0.16,$0.16,$1513,$5256,$0,$7907,$14106,$0,$1158,$584,$15848,$23755,$8340,$7261,$1327,$10154,$18494,$959,$8013,$-565,$5261,$23755,$850,$1214,$167,$1381,$-2,$-359,$288,$24,$303,$2534,$-1389,$0,$-7,$0,$0,$0,$-4,$-1400,$-269,$1,$-268,$-268,$-268,$-183,$-81,$-800,$334,$62,$-183
32,2010-07-31,9.24,$4.07,2.27,$61.68,0.15,$2.84,3.25,$0.01,615.74,$7.55B,$7.93B,0.95,$7.28B,$5.17B,1.41,$79.59B,$17.95B,22.55%,$79.59B,$0.97B,1.21%,$79.59B,$0.97B,1.21%,$79.59B,$3.65B,4.58%,$79.59B,$0.51B,0.64%,$79.59B,$0.02B,0.02%,$0.02B,$5.17B,0.32%,$0.02B,$4.01B,0.42%,$0.02B,$23.28B,0.07%,$0.97B,$12.45B,7.83%,$18760,$14550,$4210,$0,$3199,$18266,$494,$-102,$392,$124,$268,$268,$262,$862,$494,$1274,1280,$0.21,$0.21,$1785,$4650,$0,$7546,$14003,$0,$1158,$569,$15730,$23276,$7925,$7278,$1335,$10184,$18109,$959,$7877,$-573,$5167,$23276,$643,$846,$109,$955,$33,$258,$53,$64,$721,$2319,$-935,$0,$-7,$0,$0,$0,$3,$-939,$-259,$-92,$-351,$-212,$-212,$-123,$-81,$-767,$613,$44,$-123
33,2010-04-30,9.65,$3.99,2.42,$60.64,0.16,$2.50,3.86,$0.00,0.0,$7.18B,$7.80B,0.92,$7.00B,$5.11B,1.37,$78.56B,$17.82B,22.69%,$78.56B,$0.97B,1.23%,$78.56B,$0.97B,1.23%,$78.56B,$3.63B,4.62%,$78.56B,$0.50B,0.64%,$78.56B,$0.01B,0.01%,$0.01B,$5.11B,0.17%,$0.01B,$3.95B,0.24%,$0.01B,$22.88B,0.04%,$0.97B,$12.10B,7.82%,$24738,$19155,$5583,$0,$4182,$24015,$723,$-132,$591,$216,$375,$375,$374,$1201,$723,$1282,1290,$0.29,$0.29,$1277,$4772,$3,$7182,$13976,$0,$1158,$565,$15699,$22881,$7801,$6997,$1342,$9974,$17775,$959,$7676,$-577,$5106,$22881,$375,$478,$65,$543,$12,$148,$156,$209,$635,$1553,$-534,$0,$-7,$0,$0,$0,$-3,$-544,$-541,$-83,$-624,$-68,$-68,$-61,$-78,$-831,$178,$26,$-61
34,2010-01-31,9.26,$3.84,2.41,$58.97,0.16,$2.22,4.18,$0.05,205.86,$7.48B,$7.73B,0.97,$7.48B,$4.93B,1.52,$76.61B,$17.76B,23.18%,$76.61B,$1.09B,1.42%,$76.61B,$1.09B,1.42%,$76.61B,$3.73B,4.87%,$76.61B,$0.59B,0.77%,$76.61B,$0.07B,0.09%,$0.07B,$4.93B,1.32%,$0.07B,$3.77B,1.95%,$0.07B,$23.13B,0.30%,$1.09B,$12.40B,8.71%,$18430,$14274,$4156,$0,$3164,$17924,$506,$-119,$387,$136,$251,$251,$255,$874,$506,$1294,1300,$0.20,$0.21,$1078,$4935,$300,$7483,$13929,$0,$1158,$556,$15643,$23126,$7727,$7477,$1346,$10473,$18200,$958,$7364,$-593,$4926,$23126,$57,$2638,$486,$3124,$-21,$-45,$54,$-250,$-259,$2922,$-2277,$0,$-36,$0,$0,$0,$-14,$-2327,$-50,$0,$-50,$-167,$-167,$-238,$21,$-434,$161,$83,$-238
35,2009-10-31,9.96,$3.76,2.65,$57.93,0.17,$2.33,4.27,$0.12,86.59,$7.53B,$8.16B,0.92,$7.48B,$4.85B,1.54,$75.47B,$17.81B,23.60%,$75.47B,$1.24B,1.65%,$75.47B,$1.24B,1.65%,$75.47B,$3.86B,5.12%,$75.47B,$0.74B,0.99%,$75.47B,$0.16B,0.22%,$0.16B,$4.85B,3.04%,$0.16B,$3.69B,4.82%,$0.16B,$23.08B,0.71%,$1.24B,$12.33B,9.84%,$17662,$13662,$4000,$0,$3137,$18420,$-758,$-105,$-863,$13,$-876,$-876,$-875,$711,$-758,$1292,1292,$-0.68,$-0.68,$1186,$5245,$0,$7530,$13818,$0,$1158,$578,$15554,$23084,$8164,$7476,$1242,$10068,$18232,$957,$7123,$-491,$4852,$23084,$-194,$2270,$246,$2516,$-4,$-434,$351,$-88,$53,$2375,$-1759,$0,$-23,$0,$0,$0,$-13,$-1795,$-50,$-4,$-54,$-100,$-100,$-176,$4,$-326,$254,$64,$-176
36,2009-07-31,9.17,$4.49,2.04,$57.71,0.16,$2.46,3.72,$0.97,9.45,$6.71B,$7.71B,0.87,$6.96B,$5.80B,1.2,$75.43B,$17.88B,23.71%,$75.43B,$2.48B,3.29%,$75.43B,$2.48B,3.29%,$75.43B,$3.96B,5.26%,$75.43B,$1.98B,2.63%,$75.43B,$1.28B,1.69%,$1.28B,$5.80B,23.19%,$1.28B,$3.53B,39.41%,$1.28B,$23.15B,5.49%,$2.48B,$12.75B,19.71%,$17728,$13646,$4082,$0,$3085,$17229,$499,$-115,$384,$133,$251,$251,$255,$847,$499,$1296,1302,$0.20,$0.20,$997,$4635,$0,$6706,$13606,$0,$2271,$562,$16439,$23145,$7707,$6957,$1231,$9641,$17348,$955,$8060,$-496,$5797,$23145,$682,$801,$219,$1020,$39,$186,$151,$-20,$464,$2166,$-1204,$0,$-13,$0,$0,$0,$-5,$-1222,$-539,$-116,$-655,$-72,$-72,$-117,$6,$-838,$106,$45,$-117
37,2009-04-30,9.23,$4.36,2.12,$57.84,0.16,$2.58,3.58,$0.99,9.37,$7.24B,$8.17B,0.89,$6.97B,$5.65B,1.24,$75.79B,$17.83B,23.52%,$75.79B,$2.53B,3.33%,$75.79B,$2.53B,3.33%,$75.79B,$3.99B,5.26%,$75.79B,$2.03B,2.68%,$75.79B,$1.30B,1.71%,$1.30B,$5.65B,24.31%,$1.30B,$3.37B,42.13%,$1.30B,$23.43B,5.63%,$2.53B,$12.62B,20.37%,$22789,$17266,$5523,$0,$4026,$21945,$844,$-163,$681,$250,$431,$431,$435,$1297,$844,$1296,1302,$0.34,$0.33,$1295,$4811,$37,$7239,$13347,$0,$2271,$572,$16190,$23429,$8170,$6972,$1233,$9614,$17784,$955,$7865,$-494,$5645,$23429,$431,$453,$120,$573,$18,$25,$245,$-83,$284,$1288,$-629,$0,$0,$0,$0,$0,$-5,$-634,$-151,$-53,$-204,$-18,$-18,$-59,$2,$-279,$375,$25,$-59
38,2009-01-31,9.57,$4.08,2.34,$57.79,0.17,$2.67,3.59,$0.95,10.12,$7.25B,$7.65B,0.95,$7.51B,$5.30B,1.42,$76.15B,$17.60B,23.12%,$76.15B,$2.45B,3.22%,$76.15B,$2.45B,3.22%,$76.15B,$3.90B,5.12%,$76.15B,$1.97B,2.58%,$76.15B,$1.25B,1.64%,$1.25B,$5.30B,24.15%,$1.25B,$3.03B,42.78%,$1.25B,$23.26B,5.48%,$2.45B,$12.81B,19.91%,$17295,$13088,$4207,$0,$3052,$16637,$658,$-116,$542,$195,$347,$347,$349,$1006,$658,$1304,1316,$0.28,$0.27,$894,$4905,$300,$7252,$13161,$0,$2271,$573,$16005,$23257,$7646,$7505,$1248,$10311,$17957,$955,$7518,$-495,$5300,$23257,$1250,$1443,$635,$2078,$-28,$-193,$-53,$81,$-432,$2896,$-2090,$0,$-80,$0,$0,$0,$-9,$-2179,$-112,$2,$-110,$-465,$-465,$-227,$33,$-769,$21,$91,$-227
39,2008-10-31,11.64,$4.07,2.86,$57.09,0.2,$2.42,4.82,$0.92,12.65,$7.32B,$8.62B,0.85,$6.89B,$5.27B,1.31,$76.19B,$17.57B,23.07%,$76.19B,$2.48B,3.26%,$76.19B,$2.48B,3.26%,$76.19B,$3.90B,5.12%,$76.19B,$2.00B,2.63%,$76.19B,$1.25B,1.64%,$1.25B,$5.27B,24.65%,$1.25B,$3.02B,43.82%,$1.25B,$23.18B,5.55%,$2.48B,$12.16B,20.75%,$17615,$13545,$4070,$0,$3104,$17136,$479,$-106,$373,$136,$237,$237,$237,$814,$479,$1298,1310,$0.18,$0.18,$890,$5368,$0,$7319,$13085,$0,$2246,$531,$15862,$23181,$8616,$6894,$1789,$9296,$17912,$954,$7203,$-115,$5269,$23181,$903,$1095,$434,$1529,$-20,$-669,$293,$330,$-75,$2357,$-1562,$0,$-80,$0,$0,$0,$-10,$-1652,$-106,$-19,$-125,$-462,$-462,$-168,$23,$-732,$38,$69,$-168
40,2008-07-31,11.95,$3.95,3.02,$55.42,0.22,$2.32,5.16,$0.93,12.91,$6.70B,$7.87B,0.85,$6.90B,$5.15B,1.34,$74.71B,$17.24B,23.07%,$74.71B,$2.45B,3.28%,$74.71B,$2.45B,3.28%,$74.71B,$3.85B,5.15%,$74.71B,$1.96B,2.63%,$74.71B,$1.27B,1.70%,$1.27B,$5.15B,25.61%,$1.27B,$2.90B,46.02%,$1.27B,$22.30B,5.70%,$2.45B,$12.04B,21.18%,$18094,$14066,$4028,$0,$3004,$17548,$546,$-111,$435,$159,$276,$276,$277,$873,$546,$1302,1316,$0.21,$0.21,$932,$4730,$0,$6704,$12825,$0,$2246,$525,$15596,$22300,$7872,$6895,$1813,$9283,$17155,$954,$7024,$-116,$5145,$22300,$666,$760,$273,$1033,$16,$40,$33,$304,$427,$2126,$-1004,$0,$-80,$0,$0,$0,$0,$-1084,$-500,$-92,$-592,$-382,$-382,$-109,$4,$-1079,$28,$48,$-109
41,2008-04-30,11.47,$3.81,3.01,$53.05,0.22,$2.24,5.12,$0.91,12.68,$6.95B,$7.84B,0.89,$7.28B,$4.97B,1.46,$72.75B,$17.03B,23.41%,$72.75B,$2.44B,3.36%,$72.75B,$2.44B,3.36%,$72.75B,$3.83B,5.26%,$72.75B,$1.96B,2.70%,$72.75B,$1.26B,1.73%,$1.26B,$4.97B,25.64%,$1.26B,$2.73B,45.98%,$1.26B,$22.43B,5.74%,$2.44B,$12.25B,21.86%,$23144,$17845,$5299,$0,$3890,$22375,$769,$-152,$617,$227,$390,$390,$386,$1202,$769,$1314,1326,$0.29,$0.29,$968,$4870,$63,$6950,$12698,$0,$2246,$536,$15480,$22430,$7841,$7275,$1815,$9615,$17456,$950,$6807,$-117,$4974,$22430,$390,$433,$143,$576,$6,$-48,$311,$250,$376,$1342,$-554,$0,$-80,$0,$0,$0,$1,$-633,$-327,$-28,$-355,$-301,$-301,$-50,$-3,$-709,$65,$25,$-50
42,2008-01-31,10.68,$3.71,2.88,$50.09,0.21,$2.01,5.32,$0.85,12.57,$7.11B,$8.68B,0.82,$6.53B,$4.91B,1.33,$70.34B,$16.63B,23.64%,$70.34B,$2.36B,3.36%,$70.34B,$2.36B,3.36%,$70.34B,$3.72B,5.28%,$70.34B,$1.89B,2.68%,$70.34B,$1.21B,1.72%,$1.21B,$4.91B,24.29%,$1.21B,$2.77B,42.58%,$1.21B,$22.29B,5.61%,$2.36B,$11.44B,22.04%,$17336,$13160,$4176,$0,$3006,$16646,$690,$-114,$576,$210,$366,$366,$351,$1015,$690,$1380,1394,$0.26,$0.26,$918,$4849,$300,$7108,$12498,$0,$2144,$543,$15185,$22293,$8683,$6529,$1246,$8696,$17379,$947,$6480,$-122,$4914,$22293,$1224,$1355,$232,$1587,$-17,$-381,$165,$-214,$-230,$2581,$-2077,$0,$-90,$0,$0,$0,$-51,$-2218,$1030,$61,$1091,$-1233,$-1233,$-202,$34,$-310,$53,$87,$-202
43,2007-10-31,12.31,$3.54,3.47,$49.31,0.25,$2.21,5.58,$0.88,13.98,$6.90B,$8.94B,0.77,$5.78B,$4.77B,1.21,$69.86B,$16.58B,23.73%,$69.86B,$2.37B,3.39%,$69.86B,$2.37B,3.39%,$69.86B,$3.70B,5.29%,$69.86B,$1.89B,2.71%,$69.86B,$1.24B,1.78%,$1.24B,$4.77B,24.96%,$1.24B,$2.63B,43.93%,$1.24B,$21.90B,5.84%,$2.37B,$10.54B,22.28%,$16135,$12402,$3733,$0,$2823,$15690,$445,$-110,$335,$81,$254,$254,$254,$760,$445,$1356,1370,$0.19,$0.19,$746,$5186,$0,$6903,$12331,$0,$2144,$525,$15000,$21903,$8939,$5775,$2103,$8195,$17134,$946,$6205,$-246,$4769,$21903,$858,$1030,$119,$1149,$34,$-659,$349,$337,$270,$2277,$-1582,$0,$-86,$0,$0,$0,$-46,$-1714,$421,$78,$499,$-971,$-971,$-151,$37,$-586,$-23,$68,$-151
44,2007-07-31,10.84,$3.61,3.0,$47.74,0.23,$2.24,4.84,$0.85,12.82,$6.24B,$8.02B,0.78,$5.47B,$4.97B,1.1,$68.42B,$16.42B,23.99%,$68.42B,$2.37B,3.47%,$68.42B,$2.37B,3.47%,$68.42B,$3.68B,5.38%,$68.42B,$1.90B,2.77%,$68.42B,$1.20B,1.76%,$1.20B,$4.97B,24.37%,$1.20B,$2.82B,43.34%,$1.20B,$21.06B,5.72%,$2.37B,$10.44B,22.21%,$16139,$12315,$3824,$0,$2827,$15602,$537,$-104,$433,$166,$267,$267,$267,$848,$537,$1404,1418,$0.19,$0.19,$728,$4577,$0,$6240,$12121,$0,$2143,$557,$14821,$21061,$8021,$5472,$2306,$8075,$16096,$945,$6003,$-237,$4965,$21061,$604,$715,$153,$868,$90,$-11,$26,$326,$683,$2155,$-1052,$0,$-86,$0,$0,$0,$-32,$-1170,$-386,$4,$-382,$-559,$-559,$-99,$30,$-1010,$-25,$48,$-99
45,2007-04-30,12.29,$3.71,3.31,$46.80,0.26,$2.26,5.44,$0.80,15.36,$6.45B,$8.00B,0.81,$5.18B,$5.26B,0.98,$67.42B,$16.13B,23.93%,$67.42B,$2.28B,3.38%,$67.42B,$2.28B,3.38%,$67.42B,$3.57B,5.30%,$67.42B,$1.80B,2.67%,$67.42B,$1.15B,1.70%,$1.15B,$5.26B,23.57%,$1.15B,$3.14B,42.63%,$1.15B,$21.00B,5.45%,$2.28B,$10.44B,21.19%,$20726,$15834,$4892,$0,$3609,$20036,$690,$-146,$544,$207,$337,$337,$337,$1094,$690,$1412,1430,$0.24,$0.24,$759,$4696,$19,$6447,$11907,$0,$2120,$522,$14549,$20996,$8002,$5177,$2262,$7734,$15736,$943,$5789,$-247,$5260,$20996,$337,$404,$54,$458,$50,$-109,$90,$287,$314,$1109,$-594,$0,$0,$0,$0,$0,$-7,$-601,$-456,$-29,$-485,$-9,$-9,$-46,$31,$-509,$-1,$22,$-46
46,2007-01-31,10.63,$3.49,3.05,$45.62,0.23,$2.32,4.58,$0.78,13.72,$6.76B,$7.58B,0.89,$6.15B,$4.92B,1.25,$66.11B,$16.00B,24.20%,$66.11B,$2.24B,3.38%,$66.11B,$2.24B,3.38%,$66.11B,$3.51B,5.31%,$66.11B,$1.75B,2.64%,$66.11B,$1.12B,1.69%,$1.12B,$4.92B,23.73%,$1.12B,$2.73B,44.49%,$1.12B,$21.22B,5.32%,$2.24B,$11.08B,20.48%,$16859,$12727,$4132,$0,$2977,$16164,$695,$-116,$579,$194,$385,$385,$385,$994,$695,$1430,1446,$0.28,$0.27,$803,$4609,$300,$6755,$11779,$0,$2192,$489,$14460,$21215,$7581,$6154,$1835,$8711,$16292,$937,$5501,$-259,$4923,$21215,$1115,$1272,$175,$1447,$-90,$-173,$220,$-298,$-211,$2351,$-1540,$0,$0,$0,$0,$0,$-47,$-1587,$-194,$1,$-193,$-465,$-465,$-140,$13,$-785,$-21,$72,$-140
47,2006-10-31,9.31,$3.26,2.86,$44.03,0.21,$2.42,3.85,$0.70,13.3,$6.67B,$7.59B,0.88,$6.15B,$4.61B,1.33,$63.97B,$15.52B,24.26%,$63.97B,$2.11B,3.30%,$63.97B,$2.11B,3.30%,$63.97B,$3.38B,5.28%,$63.97B,$1.62B,2.53%,$63.97B,$1.01B,1.58%,$1.01B,$4.61B,22.19%,$1.01B,$2.42B,42.69%,$1.01B,$20.92B,4.88%,$2.11B,$10.76B,19.32%,$14699,$11131,$3568,$0,$2685,$14250,$449,$-107,$342,$127,$215,$215,$215,$744,$449,$1424,1440,$0.15,$0.15,$737,$4968,$0,$6673,$11553,$0,$2192,$503,$14248,$20921,$7589,$6147,$1796,$8721,$16310,$934,$5162,$-238,$4611,$20921,$730,$973,$147,$1120,$-38,$-535,$332,$-17,$-19,$1831,$-1052,$0,$0,$0,$0,$0,$-40,$-1092,$-263,$-35,$-298,$-438,$-438,$-94,$22,$-808,$-69,$55,$-94
