,Date,Stock Price,Book Value per Share,Price to Book Ratio,TTM Sales per Share,Price to Sales Ratio,TTM FCF per Share,Price to FCF Ratio,TTM Net EPS,PE Ratio,Current Assets,Current Liabilities,Current Ratio,Long Term Debt,Shareholder's Equity_x,Debt to Equity Ratio,TTM Revenue_x,TTM Gross Profit,Gross Margin,TTM Revenue_y,TTM Operating Income,Operating Margin,TTM Revenue_x,TTM EBIT,EBIT Margin,TTM Revenue_y,TTM EBITDA,EBITDA Margin,TTM Revenue_x,TTM Pre-Tax Income,Pre-Tax Margin,TTM Revenue_y,TTM Net Income_x,Net Margin,TTM Net Income_y,Shareholder's Equity_y,Return on Equity,TTM Net Income_x,Tangible Equity,Return on Tangible Equity,TTM Net Income_y,Total Assets,Return on Assets,TTM Net Income,LT Investments & Debt,Return on Investment,revenue,cost-goods-sold,gross-profit,research-development-expenses,selling-general-administrative-expenses,operating-expenses,operating-income,total-non-operating-income-expense,pre-tax-income,total-provision-income-taxes,income-after-taxes,income-from-continuous-operations,net-income,ebitda,ebit,basic-shares-outstanding,shares-outstanding,eps-basic-net-earnings-per-share,eps-earnings-per-share-diluted,cash-on-hand,inventory,other-current-assets,total-current-assets,net-property-plant-equipment,long-term-investments,goodwill-intangible-assets-total,other-long-term-assets,total-long-term-assets,total-assets,total-current-liabilities,long-term-debt,other-non-current-liabilities,total-long-term-liabilities,total-liabilities,common-stock-net,retained-earnings-accumulated-deficit,comprehensive-income,total-share-holder-equity,total-liabilities-share-holders-equity,net-income-loss,total-depreciation-amortization-cash-flow,other-non-cash-items,total-non-cash-items,change-in-accounts-receivable,change-in-inventories,change-in-accounts-payable,change-in-assets-liabilities,total-change-in-assets-liabilities,cash-flow-from-operating-activities,net-change-in-property-plant-equipment,net-change-in-intangible-assets,net-acquisitions-divestitures,net-change-in-short-term-investments,net-change-in-long-term-investments,net-change-in-investments-total,investing-activities-other,cash-flow-from-investing-activities,net-long-term-debt,net-current-debt,debt-issuance-retirement-net-total,net-common-equity-issued-repurchased,net-total-equity-issued-repurchased,total-common-preferred-stock-dividends-paid,financial-activities-other,cash-flow-from-financial-activities,net-cash-flow,stock-based-compensation,common-stock-dividends-paid
0,2018-09-30,47.15,$22.64,2.08,$64.29,0.73,$6.69,7.05,$3.69,12.78,$0.78B,$0.34B,2.33,$1.53B,$0.72B,2.11,$2.03B,$0.59B,29.18%,$2.03B,$0.25B,12.52%,$2.03B,$0.25B,12.52%,$2.03B,$0.41B,20.01%,$2.03B,$0.07B,3.40%,$2.03B,$0.12B,5.86%,$0.12B,$0.72B,17.31%,$0.12B,$-0.42B,-24.99%,$0.12B,$2.91B,4.06%,$0.25B,$2.25B,11.25%,$523,$369,$154,$11,$36,$451,$72,$-21,$52,$8,$43,$43,$42,$109,$72,$31,32,$1.33,$1.31,$52,$432,$31,$780,$932,$12,$1145,$39,$2133,$2913,$335,$1527,$175,$1855,$2190,$0,$403,$-96,$723,$2913,$51,$112,$92,$204,$-63,$-47,$0,$5,$-118,$137,$-68,$-5,$0,$0,$0,$0,$0,$-72,$-89,$0,$-89,$-3,$-3,$0,$-9,$-101,$-38,$8,$0
1,2018-06-30,46.14,$20.94,2.2,$64.54,0.71,$6.23,7.41,$2.25,20.51,$0.79B,$0.33B,2.4,$1.61B,$0.67B,2.41,$2.02B,$0.57B,28.11%,$2.02B,$0.22B,11.11%,$2.02B,$0.22B,11.11%,$2.02B,$0.38B,18.69%,$2.02B,$0.01B,0.50%,$2.02B,$0.07B,3.62%,$0.07B,$0.67B,11.18%,$0.07B,$-0.49B,-13.98%,$0.07B,$2.94B,2.47%,$0.22B,$2.28B,9.92%,$538,$368,$170,$10,$42,$456,$83,$-99,$-16,$-2,$-14,$-14,$-15,$120,$83,$31,31,$-0.47,$-0.47,$55,$422,$29,$792,$930,$12,$1157,$39,$2146,$2938,$330,$1607,$190,$1940,$2271,$0,$361,$-105,$668,$2938,$8,$76,$83,$159,$-80,$-35,$0,$2,$-118,$48,$-43,$-3,$0,$0,$0,$0,$0,$-46,$-24,$0,$-24,$-4,$-4,$0,$-8,$-36,$-34,$5,$0
2,2018-03-31,47.71,$21.71,2.2,$64.33,0.74,$4.91,9.72,$3.53,13.52,$0.75B,$0.33B,2.24,$1.57B,$0.69B,2.27,$2.00B,$0.55B,27.20%,$2.00B,$0.20B,10.13%,$2.00B,$0.20B,10.13%,$2.00B,$0.36B,17.86%,$2.00B,$0.05B,2.64%,$2.00B,$0.11B,5.64%,$0.11B,$0.69B,18.01%,$0.11B,$-0.48B,-20.28%,$0.11B,$2.94B,3.79%,$0.20B,$2.27B,8.92%,$502,$355,$147,$11,$39,$440,$62,$-38,$24,$2,$22,$22,$22,$101,$62,$31,32,$0.69,$0.68,$65,$397,$30,$745,$960,$12,$1172,$41,$2195,$2940,$333,$1573,$193,$1915,$2248,$0,$376,$-94,$692,$2940,$22,$38,$11,$49,$-43,$2,$0,$11,$-51,$20,$-24,$-0,$0,$0,$0,$0,$0,$-24,$-16,$0,$-16,$-4,$-4,$0,$-1,$-21,$-24,$3,$0
3,2017-12-31,48.17,$21.09,2.28,$63.41,0.76,$4.06,11.86,$3.05,15.79,$0.73B,$0.35B,2.08,$1.58B,$0.67B,2.36,$1.96B,$0.54B,27.65%,$1.96B,$0.20B,10.26%,$1.96B,$0.20B,10.26%,$1.96B,$0.36B,18.11%,$1.96B,$0.03B,1.73%,$1.96B,$0.10B,4.95%,$0.10B,$0.67B,16.65%,$0.10B,$-0.52B,-15.91%,$0.10B,$2.93B,3.24%,$0.20B,$2.24B,8.83%,$466,$345,$121,$11,$38,$429,$37,$-28,$9,$-61,$70,$70,$70,$76,$37,$31,31,$2.22,$2.19,$89,$393,$37,$730,$959,$12,$1181,$42,$2203,$2933,$351,$1575,$192,$1915,$2266,$0,$357,$-98,$667,$2933,$93,$152,$-23,$129,$19,$-22,$0,$15,$34,$255,$-116,$-6,$0,$0,$0,$0,$0,$-123,$-168,$0,$-168,$9,$9,$0,$-16,$-175,$-33,$8,$0
4,2017-09-30,40.44,$18.69,2.16,$62.01,0.65,$2.59,15.63,$0.76,53.21,$0.81B,$0.36B,2.27,$1.67B,$0.58B,2.85,$1.91B,$0.54B,28.23%,$1.91B,$0.20B,10.42%,$1.91B,$0.20B,10.42%,$1.91B,$0.35B,18.49%,$1.91B,$0.01B,0.58%,$1.91B,$0.03B,1.36%,$0.03B,$0.58B,4.83%,$0.03B,$-0.61B,-3.93%,$0.03B,$2.99B,0.87%,$0.20B,$2.25B,8.80%,$511,$382,$129,$10,$42,$469,$42,$-49,$-7,$-2,$-5,$-5,$-4,$80,$42,$31,31,$-0.13,$-0.13,$89,$388,$46,$813,$943,$12,$1190,$26,$2180,$2993,$358,$1667,$168,$2050,$2408,$0,$282,$-97,$584,$2993,$23,$113,$39,$153,$-39,$-19,$0,$-11,$-40,$135,$-83,$-5,$0,$0,$0,$0,$0,$-88,$-75,$0,$-75,$1,$1,$0,$-16,$-90,$-33,$7,$0
5,2017-06-30,34.44,$18.16,1.9,$60.08,0.57,$4.76,7.24,$1.38,24.96,$0.89B,$0.33B,2.71,$1.78B,$0.57B,3.14,$1.85B,$0.55B,29.43%,$1.85B,$0.21B,11.23%,$1.85B,$0.21B,11.23%,$1.85B,$0.36B,19.38%,$1.85B,$0.04B,1.89%,$1.85B,$0.05B,2.43%,$0.05B,$0.57B,8.56%,$0.05B,$-0.63B,-6.65%,$0.05B,$3.06B,1.52%,$0.21B,$2.34B,9.21%,$525,$377,$148,$10,$41,$463,$62,$-35,$27,$4,$23,$23,$25,$101,$62,$31,31,$0.82,$0.81,$129,$419,$48,$887,$935,$12,$1196,$25,$2176,$3063,$327,$1777,$176,$2169,$2496,$0,$286,$-117,$567,$3063,$28,$76,$25,$100,$-42,$-56,$0,$-1,$-102,$26,$-62,$-3,$0,$0,$0,$0,$0,$-65,$47,$0,$47,$0,$0,$0,$-10,$38,$7,$5,$0
6,2017-03-31,30.92,$16.42,1.88,$58.03,0.53,$7.88,3.92,$0.81,38.17,$0.81B,$0.33B,2.47,$1.75B,$0.51B,3.43,$1.78B,$0.53B,29.69%,$1.78B,$0.19B,10.83%,$1.78B,$0.19B,10.83%,$1.78B,$0.34B,19.08%,$1.78B,$0.02B,0.90%,$1.78B,$0.03B,1.52%,$0.03B,$0.51B,5.28%,$0.03B,$-0.69B,-3.89%,$0.03B,$2.98B,0.92%,$0.19B,$2.27B,8.63%,$458,$314,$144,$10,$40,$398,$60,$-55,$5,$1,$4,$4,$6,$98,$60,$30,31,$0.21,$0.20,$104,$411,$39,$807,$921,$11,$1201,$25,$2168,$2975,$327,$1753,$172,$2136,$2463,$0,$261,$-146,$512,$2975,$4,$38,$22,$59,$-13,$-57,$0,$4,$-60,$3,$-33,$-2,$0,$0,$0,$0,$0,$-34,$21,$0,$21,$-0,$-0,$0,$-9,$11,$-18,$3,$0
7,2016-12-31,28.48,$15.83,1.8,$57.05,0.5,$9.45,3.01,$3.45,8.26,$0.75B,$0.34B,2.22,$1.70B,$0.49B,3.46,$1.74B,$0.48B,27.47%,$1.74B,$0.14B,7.80%,$1.74B,$0.14B,7.80%,$1.74B,$0.28B,16.00%,$1.74B,$0.01B,0.69%,$1.74B,$0.11B,6.14%,$0.11B,$0.49B,20.96%,$0.11B,$-0.72B,-15.29%,$0.11B,$2.91B,3.64%,$0.14B,$2.19B,6.09%,$415,$297,$118,$9,$42,$380,$35,$-49,$-14,$-9,$-5,$-5,$-1,$74,$35,$30,31,$-0.13,$-0.14,$122,$350,$38,$747,$907,$11,$1209,$23,$2160,$2907,$337,$1698,$170,$2079,$2416,$0,$254,$-159,$490,$2907,$105,$142,$-105,$38,$-18,$26,$0,$-2,$-4,$138,$-47,$-6,$-1312,$0,$0,$0,$0,$-1365,$1339,$0,$1339,$3,$3,$0,$-63,$1280,$52,$8,$0
8,2016-09-30,35.04,$17.30,2.03,$51.60,0.68,$5.72,6.12,$3.44,10.19,$0.76B,$0.33B,2.32,$1.70B,$0.54B,3.18,$1.58B,$0.43B,27.14%,$1.58B,$0.11B,6.66%,$1.58B,$0.11B,6.66%,$1.58B,$0.23B,14.27%,$1.58B,$0.02B,1.52%,$1.58B,$0.10B,6.59%,$0.10B,$0.54B,21.39%,$0.10B,$-0.67B,-24.06%,$0.10B,$2.92B,4.18%,$0.11B,$2.23B,5.56%,$454,$319,$135,$10,$43,$403,$51,$-34,$17,$2,$15,$15,$15,$86,$51,$30,31,$0.50,$0.49,$144,$343,$68,$764,$905,$12,$1206,$23,$2155,$2919,$330,$1699,$141,$2054,$2384,$0,$258,$-117,$535,$2919,$109,$104,$-110,$-6,$-18,$44,$0,$-0,$22,$126,$-7,$-5,$-1312,$0,$0,$0,$0,$-1324,$1327,$0,$1327,$2,$2,$0,$-63,$1266,$73,$7,$0
9,2016-06-30,27.93,$16.55,1.69,$45.57,0.61,$1.63,17.12,$3.22,8.67,$0.74B,$0.28B,2.68,$1.75B,$0.51B,3.42,$1.39B,$0.36B,25.93%,$1.39B,$0.07B,5.10%,$1.39B,$0.07B,5.10%,$1.39B,$0.17B,12.43%,$1.39B,$0.02B,1.29%,$1.39B,$0.10B,6.97%,$0.10B,$0.51B,21.48%,$0.10B,$-0.70B,-55.04%,$0.10B,$2.98B,4.80%,$0.07B,$2.26B,4.64%,$455,$323,$132,$10,$43,$408,$47,$-39,$8,$1,$7,$7,$7,$82,$47,$30,31,$0.24,$0.24,$111,$351,$65,$738,$897,$11,$1205,$124,$2246,$2984,$276,$1746,$239,$2198,$2473,$0,$243,$-121,$510,$2984,$94,$69,$-113,$-44,$-21,$36,$0,$-3,$-10,$40,$20,$-1,$-1312,$0,$0,$0,$0,$-1293,$1357,$0,$1357,$-1,$-1,$0,$-63,$1294,$41,$5,$0
10,2016-03-31,17.3,$16.44,1.05,$39.02,0.44,$-0.93,0.0,$2.80,6.18,$0.72B,$0.24B,2.94,$1.75B,$0.51B,3.45,$1.19B,$0.28B,23.13%,$1.19B,$0.03B,2.10%,$1.19B,$0.03B,2.10%,$1.19B,$0.11B,9.05%,$1.19B,$0.01B,0.42%,$1.19B,$0.08B,7.04%,$0.08B,$0.51B,19.58%,$0.08B,$-0.71B,92.31%,$0.08B,$2.96B,5.45%,$0.03B,$2.26B,2.13%,$420,$326,$94,$11,$50,$417,$3,$-2,$1,$-86,$88,$88,$86,$37,$3,$30,30,$2.87,$2.84,$78,$365,$66,$716,$879,$12,$1221,$120,$2244,$2960,$243,$1751,$239,$2210,$2453,$0,$235,$-115,$507,$2960,$88,$34,$-118,$-84,$-16,$26,$0,$-3,$-30,$-27,$45,$-0,$-1317,$0,$0,$0,$0,$-1272,$1365,$0,$1365,$-1,$-1,$0,$-62,$1302,$8,$3,$0
11,2015-12-31,16.61,$12.86,1.29,$33.57,0.49,$-2.74,0.0,$-0.34,0.0,$0.48B,$0.17B,2.92,$0.42B,$0.39B,1.06,$1.03B,$0.23B,22.15%,$1.03B,$0.02B,1.74%,$1.03B,$0.02B,1.74%,$1.03B,$0.08B,8.03%,$1.03B,$-0.01B,-0.58%,$1.03B,$-0.01B,-1.06%,$-0.01B,$0.39B,-2.71%,$-0.01B,$0.35B,-3.04%,$-0.01B,$1.08B,-1.04%,$0.02B,$0.81B,2.23%,$248,$181,$67,$8,$40,$244,$4,$-6,$-2,$3,$-5,$-5,$-4,$20,$4,$31,31,$-0.13,$-0.13,$70,$276,$23,$481,$518,$12,$42,$22,$598,$1079,$165,$416,$97,$522,$686,$0,$147,$-139,$393,$1079,$-13,$64,$6,$70,$-5,$48,$0,$-10,$46,$104,$-126,$-3,$0,$0,$0,$0,$0,$-129,$80,$0,$80,$-31,$-31,$0,$-2,$47,$16,$9,$0
12,2015-09-30,17.9,$12.97,1.38,$33.95,0.53,$-4.50,0.0,$-0.75,0.0,$0.48B,$0.15B,3.28,$0.41B,$0.40B,1.02,$1.06B,$0.21B,19.40%,$1.06B,$0.00B,0.38%,$1.06B,$0.00B,0.38%,$1.06B,$0.07B,6.59%,$1.06B,$-0.02B,-1.88%,$1.06B,$-0.02B,-2.26%,$-0.02B,$0.40B,-5.65%,$-0.02B,$0.35B,-6.35%,$-0.02B,$1.06B,-2.27%,$0.00B,$0.80B,0.49%,$269,$201,$68,$8,$27,$252,$17,$-6,$11,$3,$8,$8,$8,$34,$17,$31,31,$0.27,$0.27,$64,$275,$27,$484,$494,$12,$43,$21,$580,$1064,$148,$405,$103,$521,$668,$0,$151,$-138,$396,$1064,$-8,$48,$4,$53,$-10,$50,$0,$-3,$37,$82,$-88,$-2,$0,$0,$0,$0,$0,$-90,$56,$0,$56,$-31,$-31,$0,$0,$25,$10,$7,$0
13,2015-06-30,23.88,$13.41,1.78,$35.01,0.68,$-7.34,0.0,$-0.52,0.0,$0.49B,$0.13B,3.77,$0.40B,$0.42B,0.94,$1.11B,$0.20B,18.17%,$1.11B,$0.01B,0.90%,$1.11B,$0.01B,0.90%,$1.11B,$0.08B,6.92%,$1.11B,$-0.01B,-1.26%,$1.11B,$-0.02B,-1.44%,$-0.02B,$0.42B,-3.44%,$-0.02B,$0.37B,-3.85%,$-0.02B,$1.06B,-1.49%,$0.01B,$0.82B,1.19%,$256,$208,$47,$8,$24,$255,$1,$-6,$-5,$1,$-6,$-6,$-6,$17,$1,$31,31,$-0.18,$-0.18,$60,$278,$33,$487,$479,$12,$46,$25,$570,$1058,$129,$395,$101,$508,$637,$0,$149,$-123,$420,$1058,$-16,$32,$2,$33,$-7,$50,$0,$-11,$27,$44,$-62,$-1,$0,$0,$0,$0,$0,$-63,$43,$0,$43,$-14,$-14,$0,$0,$29,$6,$5,$0
14,2015-03-31,20.21,$13.23,1.53,$36.58,0.55,$-9.95,0.0,$0.00,0.0,$0.48B,$0.11B,4.39,$0.39B,$0.42B,0.95,$1.18B,$0.23B,19.24%,$1.18B,$0.03B,2.37%,$1.18B,$0.03B,2.37%,$1.18B,$0.10B,8.14%,$1.18B,$0.00B,0.34%,$1.18B,$0.00B,0.08%,$0.00B,$0.42B,0.20%,$0.00B,$0.37B,0.22%,$0.00B,$1.03B,0.09%,$0.03B,$0.81B,3.24%,$261,$215,$47,$8,$27,$265,$-4,$-6,$-10,$0,$-10,$-10,$-9,$12,$-4,$31,31,$-0.30,$-0.30,$40,$290,$22,$481,$456,$11,$49,$27,$551,$1031,$110,$393,$102,$507,$616,$0,$155,$-132,$415,$1031,$-10,$16,$1,$16,$-20,$35,$0,$-4,$-13,$-6,$-31,$-1,$0,$0,$0,$0,$0,$-31,$40,$0,$40,$-13,$-13,$0,$0,$27,$-14,$3,$0
15,2014-12-31,20.79,$14.71,1.41,$37.85,0.55,$-11.04,0.0,$0.06,346.5,$0.52B,$0.14B,3.69,$0.35B,$0.47B,0.75,$1.23B,$0.24B,19.25%,$1.23B,$0.03B,2.44%,$1.23B,$0.03B,2.44%,$1.23B,$0.10B,8.04%,$1.23B,$0.01B,0.49%,$1.23B,$0.00B,0.16%,$0.00B,$0.47B,0.37%,$0.00B,$0.42B,0.41%,$0.00B,$1.08B,0.18%,$0.03B,$0.82B,3.38%,$276,$232,$44,$8,$25,$286,$-10,$-6,$-16,$2,$-18,$-18,$-17,$7,$-10,$32,32,$-0.54,$-0.52,$54,$338,$25,$524,$452,$13,$50,$28,$553,$1077,$142,$352,$104,$467,$609,$0,$168,$-99,$468,$1077,$1,$68,$14,$82,$13,$-16,$0,$-15,$-53,$30,$-111,$-4,$0,$0,$0,$0,$0,$-114,$-6,$0,$-6,$-18,$-18,$0,$-0,$-24,$-122,$10,$0
16,2014-09-30,17.81,$16.95,1.05,$38.40,0.46,$-7.79,0.0,$0.75,23.75,$0.59B,$0.14B,4.17,$0.35B,$0.56B,0.63,$1.25B,$0.25B,20.24%,$1.25B,$0.04B,3.37%,$1.25B,$0.04B,3.37%,$1.25B,$0.11B,8.92%,$1.25B,$0.02B,1.45%,$1.25B,$0.02B,1.93%,$0.02B,$0.56B,4.31%,$0.02B,$0.50B,4.78%,$0.02B,$1.14B,2.06%,$0.04B,$0.91B,4.62%,$319,$255,$64,$7,$16,$296,$23,$-6,$17,$1,$16,$16,$16,$41,$23,$32,33,$0.51,$0.50,$62,$357,$24,$587,$449,$13,$53,$25,$550,$1137,$141,$352,$72,$440,$580,$0,$191,$-47,$556,$1137,$19,$51,$5,$57,$-11,$-29,$0,$-18,$-94,$-19,$-81,$-3,$0,$0,$0,$0,$0,$-84,$-6,$0,$-6,$1,$1,$0,$-0,$-6,$-114,$8,$0
17,2014-06-30,22.39,$17.28,1.3,$38.81,0.58,$-4.72,0.0,$0.08,279.88,$0.62B,$0.15B,4.15,$0.35B,$0.57B,0.62,$1.25B,$0.24B,18.75%,$1.25B,$0.02B,1.68%,$1.25B,$0.02B,1.68%,$1.25B,$0.09B,7.02%,$1.25B,$-0.00B,-0.24%,$1.25B,$0.00B,0.16%,$0.00B,$0.57B,0.36%,$0.00B,$0.51B,0.41%,$0.00B,$1.16B,0.17%,$0.02B,$0.92B,2.33%,$324,$252,$72,$8,$28,$305,$19,$-6,$13,$2,$11,$11,$11,$36,$19,$32,33,$0.34,$0.33,$66,$363,$25,$617,$441,$14,$54,$26,$545,$1161,$149,$352,$76,$446,$595,$0,$174,$-18,$567,$1161,$3,$34,$3,$37,$-22,$-23,$0,$-9,$-91,$-52,$-53,$-2,$0,$0,$0,$0,$0,$-55,$-4,$0,$-4,$0,$0,$0,$0,$-4,$-110,$6,$0
18,2014-03-31,26.14,$16.82,1.55,$39.27,0.67,$-2.74,0.0,$-0.14,0.0,$0.63B,$0.17B,3.64,$0.35B,$0.55B,0.64,$1.26B,$0.22B,17.64%,$1.26B,$0.01B,1.03%,$1.26B,$0.01B,1.03%,$1.26B,$0.08B,6.25%,$1.26B,$-0.01B,-0.87%,$1.26B,$-0.01B,-0.40%,$-0.01B,$0.55B,-0.94%,$-0.01B,$0.50B,-1.06%,$-0.01B,$1.17B,-0.43%,$0.01B,$0.90B,1.47%,$312,$255,$57,$8,$34,$314,$-2,$-6,$-8,$0,$-8,$-8,$-8,$15,$-2,$32,32,$-0.24,$-0.24,$97,$355,$20,$633,$434,$14,$56,$26,$539,$1172,$174,$352,$77,$447,$621,$0,$163,$-19,$551,$1172,$-8,$17,$2,$18,$-21,$-14,$0,$2,$-64,$-54,$-20,$-1,$0,$0,$0,$0,$0,$-21,$-3,$0,$-3,$0,$0,$0,$0,$-3,$-79,$4,$0
19,2013-12-31,23.05,$17.03,1.35,$40.19,0.57,$-1.54,0.0,$-0.02,0.0,$0.67B,$0.20B,3.45,$0.35B,$0.55B,0.63,$1.29B,$0.23B,17.49%,$1.29B,$0.03B,2.01%,$1.29B,$0.03B,2.01%,$1.29B,$0.10B,7.43%,$1.29B,$-0.01B,-0.39%,$1.29B,$-0.00B,-0.08%,$-0.00B,$0.55B,-0.19%,$-0.00B,$0.50B,-0.22%,$-0.00B,$1.20B,-0.09%,$0.03B,$0.91B,2.96%,$290,$232,$59,$8,$32,$289,$2,$-5,$-4,$-8,$5,$5,$5,$19,$2,$32,32,$0.15,$0.15,$176,$340,$21,$673,$414,$14,$57,$25,$522,$1195,$195,$351,$76,$445,$640,$0,$171,$-21,$554,$1195,$-1,$70,$-8,$63,$-1,$11,$0,$18,$44,$105,$-81,$-5,$0,$0,$0,$0,$-2,$-89,$-100,$0,$-100,$1,$1,$0,$37,$-62,$-47,$8,$0
20,2013-09-30,19.59,$16.00,1.22,$40.42,0.48,$0.24,80.88,$-1.09,0.0,$0.64B,$0.16B,4.1,$0.35B,$0.52B,0.68,$1.30B,$0.21B,15.95%,$1.30B,$0.02B,1.31%,$1.30B,$0.02B,1.31%,$1.30B,$0.09B,6.70%,$1.30B,$-0.02B,-1.23%,$1.30B,$-0.04B,-2.70%,$-0.04B,$0.52B,-6.97%,$-0.04B,$0.46B,-7.92%,$-0.04B,$1.15B,-2.99%,$0.02B,$0.87B,1.92%,$327,$280,$47,$7,$22,$325,$2,$-6,$-4,$2,$-6,$-6,$-6,$18,$2,$32,32,$-0.17,$-0.17,$145,$324,$20,$641,$403,$14,$58,$26,$511,$1152,$156,$351,$103,$475,$632,$0,$166,$-38,$520,$1152,$-6,$53,$4,$57,$-19,$26,$0,$20,$7,$58,$-58,$-3,$0,$0,$0,$0,$-2,$-64,$-98,$0,$-98,$0,$0,$0,$25,$-72,$-79,$6,$0
21,2013-06-30,21.2,$15.36,1.38,$40.95,0.52,$2.11,10.06,$-1.41,0.0,$0.64B,$0.16B,4.02,$0.35B,$0.50B,0.7,$1.31B,$0.20B,15.45%,$1.31B,$0.00B,0.38%,$1.31B,$0.00B,0.38%,$1.31B,$0.08B,5.78%,$1.31B,$-0.03B,-2.21%,$1.31B,$-0.04B,-3.35%,$-0.04B,$0.50B,-8.70%,$-0.04B,$0.44B,-9.92%,$-0.04B,$1.13B,-3.69%,$0.00B,$0.85B,0.55%,$335,$275,$60,$8,$25,$324,$11,$-6,$5,$1,$4,$4,$4,$27,$11,$32,32,$0.12,$0.12,$89,$347,$27,$635,$388,$13,$60,$25,$497,$1133,$158,$351,$103,$475,$633,$0,$172,$-47,$500,$1133,$0,$37,$3,$40,$-42,$-1,$0,$10,$-45,$-4,$-35,$-2,$0,$0,$0,$0,$-2,$-39,$-98,$0,$-98,$0,$0,$0,$10,$-87,$-134,$5,$0
22,2013-03-31,23.4,$15.31,1.53,$42.29,0.55,$4.75,4.92,$-1.15,0.0,$0.69B,$0.16B,4.19,$0.39B,$0.50B,0.79,$1.36B,$0.22B,15.94%,$1.36B,$0.02B,1.25%,$1.36B,$0.02B,1.25%,$1.36B,$0.09B,6.57%,$1.36B,$-0.02B,-1.33%,$1.36B,$-0.04B,-2.66%,$-0.04B,$0.50B,-6.99%,$-0.04B,$0.44B,-7.95%,$-0.04B,$1.18B,-2.91%,$0.02B,$0.89B,1.78%,$340,$280,$60,$8,$26,$329,$11,$-13,$-2,$1,$-4,$-4,$-4,$32,$11,$32,32,$-0.12,$-0.12,$136,$360,$27,$685,$379,$13,$62,$26,$490,$1175,$163,$391,$101,$513,$677,$0,$168,$-43,$498,$1175,$-4,$21,$2,$23,$-32,$-14,$0,$9,$-40,$-21,$-14,$-1,$0,$0,$0,$0,$-2,$-17,$-58,$0,$-58,$0,$0,$0,$12,$-45,$-87,$3,$0
23,2012-12-31,24.03,$15.25,1.58,$44.35,0.54,$7.32,3.28,$-0.53,0.0,$0.74B,$0.18B,4.04,$0.43B,$0.49B,0.88,$1.42B,$0.23B,16.30%,$1.42B,$0.03B,2.25%,$1.42B,$0.03B,2.25%,$1.42B,$0.10B,6.96%,$1.42B,$0.00B,0.21%,$1.42B,$-0.02B,-1.12%,$-0.02B,$0.49B,-3.03%,$-0.02B,$0.43B,-3.45%,$-0.02B,$1.23B,-1.26%,$0.03B,$0.93B,3.24%,$296,$257,$40,$8,$22,$304,$-7,$-7,$-15,$15,$-29,$-29,$-29,$10,$-7,$32,32,$-0.91,$-0.90,$223,$351,$28,$735,$381,$14,$63,$25,$495,$1229,$182,$433,$100,$555,$737,$0,$171,$-35,$492,$1229,$-16,$67,$22,$90,$17,$54,$0,$0,$73,$146,$-65,$-5,$0,$0,$0,$0,$-0,$-70,$56,$0,$56,$1,$1,$0,$-3,$53,$135,$7,$0
24,2012-09-30,26.1,$16.47,1.58,$44.51,0.59,$4.91,5.31,$-0.27,0.0,$0.75B,$0.16B,4.83,$0.45B,$0.53B,0.84,$1.43B,$0.21B,14.74%,$1.43B,$0.01B,0.98%,$1.43B,$0.01B,0.98%,$1.43B,$0.08B,5.66%,$1.43B,$-0.01B,-0.91%,$1.43B,$-0.01B,-0.56%,$-0.01B,$0.53B,-1.50%,$-0.01B,$0.47B,-1.70%,$-0.01B,$1.24B,-0.64%,$0.01B,$0.98B,1.42%,$343,$300,$43,$7,$23,$352,$-10,$-8,$-17,$-2,$-15,$-15,$-15,$7,$-10,$32,32,$-0.48,$-0.48,$202,$349,$28,$754,$366,$13,$62,$25,$484,$1238,$156,$448,$89,$550,$706,$0,$201,$-23,$532,$1238,$13,$50,$5,$55,$-23,$53,$0,$5,$34,$102,$-42,$-2,$0,$0,$0,$0,$2,$-43,$56,$0,$56,$1,$1,$0,$-3,$53,$114,$5,$0
25,2012-06-30,21.91,$16.72,1.31,$46.27,0.47,$1.70,12.88,$1.55,14.14,$0.83B,$0.20B,4.14,$0.48B,$0.54B,0.89,$1.49B,$0.27B,18.05%,$1.49B,$0.08B,5.10%,$1.49B,$0.08B,5.10%,$1.49B,$0.14B,9.66%,$1.49B,$0.05B,3.42%,$1.49B,$0.05B,3.36%,$0.05B,$0.54B,9.20%,$0.05B,$0.48B,10.46%,$0.05B,$1.31B,4.02%,$0.08B,$1.02B,7.77%,$376,$302,$73,$8,$26,$352,$23,$-8,$16,$3,$12,$12,$12,$40,$23,$32,32,$0.38,$0.38,$228,$393,$28,$834,$365,$13,$64,$24,$478,$1313,$202,$481,$86,$572,$774,$0,$216,$-29,$539,$1313,$29,$33,$4,$37,$-44,$7,$0,$17,$3,$69,$-23,$-2,$0,$0,$0,$0,$3,$-22,$98,$0,$98,$0,$0,$0,$-3,$95,$139,$4,$0
26,2012-03-31,26.57,$16.95,1.57,$46.53,0.57,$-0.38,0.0,$2.61,10.18,$0.82B,$0.19B,4.37,$0.48B,$0.55B,0.89,$1.50B,$0.30B,20.27%,$1.50B,$0.11B,7.40%,$1.50B,$0.11B,7.40%,$1.50B,$0.18B,11.87%,$1.50B,$0.09B,5.73%,$1.50B,$0.09B,5.67%,$0.09B,$0.55B,15.52%,$0.09B,$0.48B,17.65%,$0.09B,$1.31B,6.99%,$0.11B,$1.03B,11.57%,$408,$333,$76,$8,$26,$383,$26,$-7,$19,$3,$16,$16,$16,$42,$26,$32,32,$0.51,$0.50,$233,$366,$31,$820,$371,$13,$66,$25,$488,$1307,$187,$483,$84,$573,$761,$0,$204,$-7,$546,$1307,$16,$17,$2,$19,$-42,$42,$0,$11,$21,$56,$-9,$-2,$0,$0,$0,$0,$0,$-10,$99,$0,$99,$0,$0,$0,$-3,$97,$145,$2,$0
27,2011-12-31,20.3,$16.13,1.26,$44.58,0.46,$-3.73,0.0,$2.79,7.28,$0.67B,$0.16B,4.13,$0.39B,$0.52B,0.74,$1.44B,$0.32B,21.92%,$1.44B,$0.12B,8.56%,$1.44B,$0.12B,8.56%,$1.44B,$0.19B,13.50%,$1.44B,$0.09B,6.33%,$1.44B,$0.09B,6.33%,$0.09B,$0.52B,16.98%,$0.09B,$0.45B,19.40%,$0.09B,$1.15B,7.75%,$0.12B,$0.90B,13.31%,$304,$285,$19,$8,$21,$329,$-25,$-6,$-31,$-10,$-21,$-21,$-21,$-8,$-25,$32,32,$-0.65,$-0.64,$89,$405,$27,$666,$373,$13,$66,$25,$488,$1154,$161,$385,$84,$475,$636,$0,$188,$-18,$518,$1154,$91,$69,$-2,$68,$-8,$-75,$0,$-2,$-94,$65,$-60,$-4,$0,$0,$0,$0,$0,$-64,$7,$0,$7,$8,$8,$0,$-15,$-0,$-4,$5,$0
28,2011-09-30,16.18,$17.81,0.91,$44.32,0.37,$-3.81,0.0,$3.77,4.29,$0.71B,$0.16B,4.5,$0.39B,$0.57B,0.68,$1.42B,$0.36B,24.98%,$1.42B,$0.17B,11.61%,$1.42B,$0.17B,11.61%,$1.42B,$0.23B,16.33%,$1.42B,$0.13B,9.36%,$1.42B,$0.12B,8.59%,$0.12B,$0.57B,23.48%,$0.12B,$0.50B,27.02%,$0.12B,$1.20B,10.56%,$0.17B,$0.96B,18.20%,$402,$301,$101,$7,$26,$350,$52,$-6,$47,$3,$43,$43,$43,$70,$52,$32,32,$1.34,$1.33,$46,$445,$37,$707,$376,$14,$67,$24,$492,$1200,$157,$387,$65,$471,$628,$0,$209,$16,$571,$1200,$112,$53,$12,$65,$-43,$-108,$0,$-11,$-174,$4,$-47,$-3,$0,$0,$0,$0,$0,$-50,$9,$0,$9,$8,$8,$0,$-15,$2,$-47,$4,$0
29,2011-06-30,39.17,$17.36,2.26,$42.46,0.92,$-2.77,0.0,$3.32,11.8,$0.69B,$0.17B,4.03,$0.39B,$0.56B,0.7,$1.35B,$0.34B,24.89%,$1.35B,$0.15B,11.23%,$1.35B,$0.15B,11.23%,$1.35B,$0.21B,15.81%,$1.35B,$0.12B,8.79%,$1.35B,$0.11B,7.90%,$0.11B,$0.56B,21.83%,$0.11B,$0.49B,25.42%,$0.11B,$1.20B,9.53%,$0.15B,$0.95B,17.36%,$386,$278,$108,$7,$28,$329,$58,$-7,$51,$4,$47,$47,$47,$74,$58,$32,32,$1.47,$1.44,$67,$412,$35,$694,$390,$13,$67,$28,$510,$1204,$172,$389,$69,$475,$648,$0,$166,$46,$556,$1204,$69,$36,$11,$46,$-37,$-65,$0,$1,$-101,$14,$-35,$-1,$0,$0,$0,$0,$0,$-36,$11,$0,$11,$8,$8,$0,$-15,$3,$-26,$3,$0
30,2011-03-31,38.25,$15.65,2.44,$41.19,0.93,$-4.33,0.0,$3.12,12.26,$0.64B,$0.16B,3.98,$0.39B,$0.50B,0.78,$1.30B,$0.32B,24.46%,$1.30B,$0.14B,11.08%,$1.30B,$0.14B,11.08%,$1.30B,$0.20B,15.54%,$1.30B,$0.11B,8.62%,$1.30B,$0.10B,7.62%,$0.10B,$0.50B,22.09%,$0.10B,$0.43B,26.24%,$0.10B,$1.14B,9.25%,$0.14B,$0.89B,17.31%,$345,$258,$87,$7,$27,$306,$38,$-14,$24,$3,$22,$22,$22,$58,$38,$32,32,$0.69,$0.68,$36,$374,$47,$635,$381,$13,$68,$27,$503,$1137,$160,$391,$73,$478,$638,$0,$119,$39,$499,$1137,$22,$19,$5,$25,$-37,$-31,$0,$-6,$-91,$-44,$-17,$-0,$0,$0,$0,$0,$0,$-17,$14,$4,$19,$6,$6,$0,$-15,$10,$-57,$1,$0
31,2010-12-31,30.95,$14.41,2.15,$39.35,0.79,$-5.02,0.0,$3.08,10.05,$0.60B,$0.17B,3.55,$0.38B,$0.45B,0.84,$1.23B,$0.30B,24.43%,$1.23B,$0.14B,11.07%,$1.23B,$0.14B,11.07%,$1.23B,$0.19B,15.15%,$1.23B,$0.11B,9.12%,$1.23B,$0.10B,7.90%,$0.10B,$0.45B,23.22%,$0.10B,$0.38B,28.12%,$0.10B,$1.08B,9.43%,$0.14B,$0.83B,17.02%,$288,$229,$59,$6,$24,$272,$17,$-5,$11,$1,$10,$10,$10,$30,$17,$31,31,$0.34,$0.31,$93,$335,$39,$602,$365,$14,$70,$26,$478,$1081,$170,$380,$64,$459,$628,$0,$97,$21,$452,$1081,$97,$51,$9,$60,$-22,$-47,$0,$-25,$-102,$55,$-53,$-2,$0,$0,$0,$0,$0,$-56,$-2,$0,$-2,$19,$19,$0,$-1,$16,$23,$3,$0
32,2010-09-30,27.15,$14.55,1.87,$42.83,0.63,$-3.14,0.0,$2.69,10.09,$0.59B,$0.17B,3.51,$0.38B,$0.45B,0.84,$1.19B,$0.30B,25.36%,$1.19B,$0.13B,10.58%,$1.19B,$0.13B,10.58%,$1.19B,$0.19B,15.95%,$1.19B,$0.10B,8.31%,$1.19B,$0.09B,7.14%,$0.09B,$0.45B,21.68%,$0.09B,$0.38B,26.75%,$0.09B,$1.07B,8.48%,$0.13B,$0.84B,16.28%,$335,$253,$83,$6,$25,$297,$39,$-6,$33,$5,$28,$28,$28,$52,$39,$31,32,$0.90,$0.88,$78,$347,$15,$594,$352,$13,$72,$30,$472,$1067,$169,$381,$47,$444,$613,$0,$86,$36,$454,$1067,$86,$38,$10,$47,$-39,$-56,$0,$-6,$-113,$21,$-30,$-2,$0,$0,$0,$0,$0,$-32,$-2,$1,$-0,$17,$17,$0,$-1,$16,$9,$3,$0
