,Date,Stock Price,Book Value per Share,Price to Book Ratio,TTM Sales per Share,Price to Sales Ratio,TTM FCF per Share,Price to FCF Ratio,TTM Net EPS,PE Ratio,Current Assets,Current Liabilities,Current Ratio,Long Term Debt,Shareholder's Equity_x,Debt to Equity Ratio,TTM Revenue_x,TTM Gross Profit,Gross Margin,TTM Revenue_y,TTM Operating Income,Operating Margin,TTM Revenue_x,TTM EBIT,EBIT Margin,TTM Revenue_y,TTM EBITDA,EBITDA Margin,TTM Revenue_x,TTM Pre-Tax Income,Pre-Tax Margin,TTM Revenue_y,TTM Net Income_x,Net Margin,TTM Net Income_y,Shareholder's Equity_y,Return on Equity,TTM Net Income_x,Tangible Equity,Return on Tangible Equity,TTM Net Income_y,Total Assets,Return on Assets,TTM Net Income,LT Investments & Debt,Return on Investment,revenue,cost-goods-sold,gross-profit,research-development-expenses,selling-general-administrative-expenses,operating-expenses,operating-income,total-non-operating-income-expense,pre-tax-income,total-provision-income-taxes,income-after-taxes,income-from-continuous-operations,net-income,ebitda,ebit,basic-shares-outstanding,shares-outstanding,eps-basic-net-earnings-per-share,eps-earnings-per-share-diluted,cash-on-hand,inventory,other-current-assets,total-current-assets,net-property-plant-equipment,long-term-investments,goodwill-intangible-assets-total,other-long-term-assets,total-long-term-assets,total-assets,total-current-liabilities,long-term-debt,other-non-current-liabilities,total-long-term-liabilities,total-liabilities,common-stock-net,retained-earnings-accumulated-deficit,comprehensive-income,total-share-holder-equity,total-liabilities-share-holders-equity,net-income-loss,total-depreciation-amortization-cash-flow,other-non-cash-items,total-non-cash-items,change-in-accounts-receivable,change-in-inventories,change-in-accounts-payable,change-in-assets-liabilities,total-change-in-assets-liabilities,cash-flow-from-operating-activities,net-change-in-property-plant-equipment,net-change-in-intangible-assets,net-acquisitions-divestitures,net-change-in-short-term-investments,net-change-in-long-term-investments,net-change-in-investments-total,investing-activities-other,cash-flow-from-investing-activities,net-long-term-debt,net-current-debt,debt-issuance-retirement-net-total,net-common-equity-issued-repurchased,net-total-equity-issued-repurchased,total-common-preferred-stock-dividends-paid,financial-activities-other,cash-flow-from-financial-activities,net-cash-flow,stock-based-compensation,common-stock-dividends-paid
0,2018-09-30,71.69,$40.45,1.77,$7.35,9.75,$-11.70,0.0,$1.24,57.81,$0.37B,$0.36B,1.01,$2.87B,$4.08B,0.71,$0.74B,$0.53B,71.70%,$0.74B,$0.20B,26.94%,$0.74B,$0.20B,26.94%,$0.74B,$0.45B,60.54%,$0.74B,$0.14B,19.59%,$0.74B,$0.13B,17.28%,$0.13B,$4.08B,3.17%,$0.13B,$4.08B,3.17%,$0.13B,$7.56B,1.77%,$0.20B,$6.95B,2.98%,$187,$54,$132,$0,$21,$138,$49,$-11,$38,$0,$38,$38,$34,$112,$49,$101,101,$0.34,$0.33,$87,$0,$0,$365,$6918,$0,$0,$96,$7197,$7562,$361,$2874,$253,$3127,$3487,$1,$-162,$0,$4075,$7562,$111,$188,$-10,$178,$0,$0,$0,$28,$28,$317,$-842,$0,$0,$0,$0,$0,$36,$-805,$167,$360,$527,$114,$114,$-133,$-1,$508,$20,$0,$-133
1,2018-06-30,75.64,$40.41,1.87,$7.34,10.3,$-5.24,0.0,$1.58,47.87,$0.32B,$0.28B,1.16,$2.79B,$4.06B,0.69,$0.73B,$0.53B,72.05%,$0.73B,$0.20B,27.53%,$0.73B,$0.20B,27.53%,$0.73B,$0.45B,61.23%,$0.73B,$0.14B,19.73%,$0.73B,$0.16B,21.78%,$0.16B,$4.06B,4.01%,$0.16B,$4.06B,4.01%,$0.16B,$7.39B,2.27%,$0.20B,$6.85B,3.09%,$187,$52,$135,$0,$27,$143,$44,$-12,$32,$0,$32,$32,$28,$109,$44,$100,100,$0.27,$0.27,$51,$0,$0,$323,$6777,$0,$0,$99,$7062,$7385,$279,$2790,$253,$3042,$3321,$1,$-149,$0,$4064,$7385,$73,$125,$-5,$120,$0,$0,$0,$-4,$-4,$189,$-700,$0,$0,$0,$0,$0,$36,$-664,$118,$325,$443,$111,$111,$-86,$-8,$460,$-16,$0,$-86
2,2018-03-31,70.53,$39.94,1.77,$7.30,9.66,$-0.25,0.0,$1.61,43.81,$0.32B,$0.22B,1.44,$2.55B,$3.95B,0.65,$0.72B,$0.52B,71.82%,$0.72B,$0.21B,28.87%,$0.72B,$0.21B,28.87%,$0.72B,$0.45B,62.43%,$0.72B,$0.15B,20.30%,$0.72B,$0.16B,22.24%,$0.16B,$3.95B,4.08%,$0.16B,$3.95B,4.08%,$0.16B,$6.97B,2.33%,$0.21B,$6.49B,3.26%,$183,$50,$132,$0,$15,$128,$54,$-13,$41,$0,$41,$41,$36,$114,$54,$99,99,$0.36,$0.36,$53,$0,$0,$322,$6333,$0,$0,$129,$6644,$6966,$224,$2545,$249,$2794,$3018,$1,$-131,$0,$3947,$6966,$41,$60,$-6,$54,$0,$0,$0,$-1,$-1,$94,$-258,$0,$0,$0,$0,$0,$10,$-248,$119,$80,$199,$-14,$-14,$-43,$-3,$140,$-14,$0,$-43
3,2017-12-31,73.76,$40.16,1.84,$7.29,10.12,$1.59,46.27,$1.51,48.85,$0.33B,$0.25B,1.32,$2.35B,$3.96B,0.59,$0.72B,$0.52B,71.67%,$0.72B,$0.21B,28.61%,$0.72B,$0.21B,28.61%,$0.72B,$0.45B,62.36%,$0.72B,$0.14B,19.58%,$0.72B,$0.15B,20.97%,$0.15B,$3.96B,3.83%,$0.15B,$3.96B,3.83%,$0.15B,$6.80B,2.19%,$0.21B,$6.31B,3.21%,$178,$50,$128,$0,$17,$127,$51,$-18,$33,$0,$33,$33,$29,$110,$51,$98,99,$0.28,$0.28,$67,$0,$0,$330,$6154,$0,$0,$135,$6473,$6803,$250,$2347,$246,$2593,$2843,$1,$-123,$0,$3960,$6803,$181,$243,$-65,$178,$0,$0,$0,$-12,$-12,$347,$-323,$0,$0,$0,$0,$0,$-36,$-359,$25,$0,$25,$325,$125,$-348,$27,$-171,$-183,$0,$-341
4,2017-09-30,69.87,$39.60,1.76,$7.31,9.57,$-1.01,0.0,$1.52,45.97,$0.50B,$0.27B,1.85,$2.44B,$3.90B,0.63,$0.71B,$0.51B,71.87%,$0.71B,$0.20B,28.69%,$0.71B,$0.20B,28.69%,$0.71B,$0.45B,62.73%,$0.71B,$0.14B,20.11%,$0.71B,$0.15B,21.24%,$0.15B,$3.90B,3.88%,$0.15B,$3.90B,3.88%,$0.15B,$6.84B,2.19%,$0.20B,$6.33B,3.20%,$182,$51,$131,$0,$16,$129,$52,$-15,$38,$0,$38,$75,$66,$114,$52,$98,99,$0.67,$0.67,$244,$0,$0,$502,$6023,$0,$0,$128,$6336,$6838,$271,$2435,$236,$2671,$2942,$1,$-109,$0,$3896,$6838,$148,$183,$-63,$121,$0,$0,$0,$8,$8,$277,$-150,$0,$0,$0,$0,$0,$-30,$-181,$55,$60,$115,$308,$108,$-305,$-19,$-102,$-6,$0,$-298
5,2017-06-30,73.39,$40.29,1.82,$7.28,10.08,$-0.31,0.0,$1.39,52.8,$0.64B,$0.22B,2.93,$2.57B,$3.87B,0.66,$0.70B,$0.50B,72.17%,$0.70B,$0.21B,29.41%,$0.70B,$0.21B,29.41%,$0.70B,$0.44B,63.41%,$0.70B,$0.14B,20.52%,$0.70B,$0.14B,19.51%,$0.14B,$3.96B,3.55%,$0.14B,$3.96B,3.55%,$0.14B,$7.00B,2.01%,$0.21B,$6.53B,3.28%,$181,$51,$129,$0,$15,$128,$52,$-17,$35,$0,$35,$35,$30,$114,$52,$98,99,$0.30,$0.30,$396,$0,$0,$643,$6042,$0,$0,$115,$6352,$6995,$219,$2565,$249,$2813,$3033,$1,$-133,$0,$3962,$6995,$73,$122,$-16,$106,$0,$0,$0,$0,$0,$178,$-190,$0,$0,$0,$0,$0,$-26,$-216,$246,$0,$246,$309,$209,$-261,$-11,$183,$146,$0,$-255
6,2017-03-31,70.0,$40.36,1.73,$7.18,9.75,$0.86,81.31,$1.40,50.0,$0.73B,$0.22B,3.37,$2.57B,$3.87B,0.66,$0.68B,$0.49B,72.49%,$0.68B,$0.20B,29.73%,$0.68B,$0.20B,29.73%,$0.68B,$0.43B,63.76%,$0.68B,$0.14B,21.01%,$0.68B,$0.14B,20.12%,$0.14B,$3.97B,3.68%,$0.14B,$3.97B,3.68%,$0.14B,$6.99B,2.07%,$0.20B,$6.53B,3.30%,$179,$51,$128,$0,$16,$128,$51,$-16,$35,$0,$35,$37,$26,$111,$51,$97,98,$0.27,$0.26,$486,$0,$0,$725,$5973,$0,$0,$93,$6268,$6994,$215,$2566,$246,$2812,$3028,$1,$-120,$0,$3966,$6994,$37,$60,$-9,$51,$0,$0,$0,$8,$8,$96,$-78,$0,$0,$0,$0,$0,$-9,$-86,$247,$0,$247,$306,$206,$-222,$-6,$225,$235,$0,$-218
7,2016-12-31,70.74,$40.33,1.75,$6.92,10.22,$3.01,23.47,$2.98,23.74,$0.48B,$0.20B,2.38,$2.32B,$3.57B,0.65,$0.64B,$0.47B,73.21%,$0.64B,$0.19B,30.22%,$0.64B,$0.19B,30.22%,$0.64B,$0.42B,64.64%,$0.64B,$0.14B,21.65%,$0.64B,$0.28B,43.77%,$0.28B,$3.76B,7.89%,$0.28B,$3.76B,7.89%,$0.28B,$6.71B,4.40%,$0.19B,$6.08B,3.30%,$169,$45,$123,$0,$16,$119,$49,$-14,$35,$0,$35,$35,$29,$107,$49,$92,93,$0.29,$0.28,$250,$0,$0,$483,$5921,$0,$0,$95,$6224,$6707,$202,$2320,$425,$2745,$2947,$1,$-108,$0,$3759,$6707,$304,$221,$-194,$27,$0,$0,$0,$14,$14,$345,$-565,$0,$0,$0,$0,$0,$-14,$-579,$96,$0,$96,$34,$34,$-151,$448,$427,$193,$0,$-137
8,2016-09-30,64.9,$39.47,1.64,$6.74,9.63,$4.67,13.9,$2.96,21.93,$0.53B,$0.25B,2.1,$2.22B,$3.45B,0.64,$0.62B,$0.45B,73.23%,$0.62B,$0.19B,30.32%,$0.62B,$0.19B,30.32%,$0.62B,$0.40B,64.84%,$0.62B,$0.13B,21.45%,$0.62B,$0.28B,44.68%,$0.28B,$3.64B,8.07%,$0.28B,$3.64B,8.07%,$0.28B,$6.33B,4.47%,$0.19B,$5.86B,3.28%,$168,$45,$123,$0,$14,$116,$53,$-14,$38,$0,$38,$56,$51,$110,$53,$92,93,$0.54,$0.54,$308,$0,$0,$530,$5537,$0,$0,$84,$5802,$6332,$252,$2217,$221,$2438,$2690,$1,$78,$0,$3642,$6332,$268,$163,$-187,$-24,$0,$0,$0,$8,$8,$253,$-68,$0,$0,$0,$0,$0,$1,$-67,$-7,$0,$-7,$-5,$-5,$-111,$189,$66,$251,$0,$-102
9,2016-06-30,61.7,$37.14,1.66,$6.45,9.56,$2.77,22.26,$3.51,17.58,$0.51B,$0.21B,2.42,$2.44B,$3.23B,0.75,$0.59B,$0.43B,72.90%,$0.59B,$0.18B,29.80%,$0.59B,$0.18B,29.80%,$0.59B,$0.38B,64.31%,$0.59B,$0.12B,20.71%,$0.59B,$0.33B,55.05%,$0.33B,$3.43B,9.82%,$0.33B,$3.43B,9.82%,$0.33B,$6.30B,5.28%,$0.18B,$5.87B,3.09%,$160,$44,$116,$0,$14,$112,$48,$-14,$34,$0,$34,$34,$30,$103,$48,$92,93,$0.32,$0.31,$292,$0,$0,$510,$5499,$0,$0,$103,$5788,$6298,$211,$2439,$221,$2661,$2872,$1,$63,$0,$3427,$6298,$212,$106,$-164,$-58,$0,$0,$0,$-16,$-16,$138,$-40,$0,$0,$0,$0,$0,$1,$-39,$-5,$220,$215,$-5,$-5,$-73,$-1,$137,$235,$0,$-66
10,2016-03-31,57.26,$37.13,1.54,$6.38,8.98,$1.50,38.26,$3.81,15.03,$0.51B,$0.27B,1.92,$2.30B,$3.23B,0.71,$0.58B,$0.42B,72.93%,$0.58B,$0.17B,29.48%,$0.58B,$0.17B,29.48%,$0.58B,$0.37B,63.79%,$0.58B,$0.12B,20.00%,$0.58B,$0.35B,60.52%,$0.35B,$3.43B,10.96%,$0.35B,$3.43B,10.96%,$0.35B,$6.20B,5.81%,$0.17B,$5.72B,3.06%,$145,$38,$108,$0,$13,$102,$44,$-12,$32,$0,$32,$178,$171,$95,$44,$92,93,$1.85,$1.84,$300,$0,$0,$509,$5464,$0,$0,$45,$5695,$6204,$266,$2298,$215,$2514,$2779,$1,$68,$0,$3425,$6204,$178,$51,$-155,$-104,$0,$0,$0,$4,$4,$78,$139,$0,$0,$0,$0,$0,$-5,$134,$-2,$75,$73,$-5,$-5,$-36,$-0,$31,$243,$0,$-33
11,2015-12-31,58.23,$35.06,1.66,$6.48,8.99,$-1.81,0.0,$2.42,24.06,$0.26B,$0.25B,1.05,$2.23B,$3.04B,0.73,$0.58B,$0.42B,72.81%,$0.58B,$0.17B,29.26%,$0.58B,$0.17B,29.26%,$0.58B,$0.37B,63.51%,$0.58B,$0.11B,19.10%,$0.58B,$0.22B,37.87%,$0.22B,$3.24B,7.19%,$0.22B,$3.24B,7.19%,$0.22B,$5.93B,3.71%,$0.17B,$5.46B,3.10%,$147,$41,$107,$0,$12,$105,$43,$-13,$29,$0,$29,$29,$25,$94,$43,$90,90,$0.28,$0.27,$57,$0,$0,$258,$5334,$0,$0,$158,$5668,$5926,$246,$2225,$220,$2446,$2692,$1,$-70,$0,$3235,$5926,$239,$200,$-171,$29,$0,$0,$0,$4,$4,$272,$-336,$0,$0,$0,$0,$0,$-1,$-337,$-87,$-140,$-227,$395,$395,$-140,$-4,$23,$-42,$0,$-127
12,2015-09-30,59.63,$35.10,1.7,$6.52,9.15,$-3.79,0.0,$2.47,24.14,$0.77B,$0.25B,3.08,$2.66B,$3.05B,0.87,$0.58B,$0.42B,72.74%,$0.58B,$0.16B,28.47%,$0.58B,$0.16B,28.47%,$0.58B,$0.37B,63.37%,$0.58B,$0.10B,17.53%,$0.58B,$0.22B,38.37%,$0.22B,$3.24B,7.53%,$0.22B,$3.24B,7.53%,$0.22B,$6.35B,3.78%,$0.16B,$5.89B,3.03%,$142,$40,$102,$0,$11,$100,$42,$-14,$28,$0,$28,$107,$101,$90,$42,$92,93,$1.10,$1.09,$576,$0,$0,$771,$5354,$0,$0,$36,$5582,$6353,$250,$2657,$209,$2866,$3116,$1,$-63,$0,$3237,$6353,$209,$149,$-162,$-14,$0,$0,$0,$7,$7,$203,$-195,$0,$0,$0,$0,$0,$58,$-137,$330,$-140,$190,$396,$396,$-104,$-4,$478,$544,$0,$-94
13,2015-06-30,61.12,$32.95,1.85,$6.50,9.4,$-4.17,0.0,$1.56,39.18,$0.22B,$0.20B,1.11,$2.36B,$2.72B,0.87,$0.56B,$0.41B,72.47%,$0.56B,$0.15B,27.00%,$0.56B,$0.15B,27.00%,$0.56B,$0.36B,63.06%,$0.56B,$0.09B,15.28%,$0.56B,$0.14B,24.16%,$0.14B,$2.91B,4.89%,$0.14B,$2.91B,4.89%,$0.14B,$5.69B,2.41%,$0.15B,$5.28B,2.92%,$146,$40,$106,$0,$13,$105,$42,$-14,$27,$0,$27,$59,$54,$91,$42,$88,89,$0.61,$0.61,$36,$0,$0,$221,$5148,$0,$0,$127,$5466,$5687,$199,$2363,$212,$2575,$2774,$1,$-132,$0,$2913,$5687,$103,$100,$-77,$23,$0,$0,$0,$-9,$-9,$117,$-137,$0,$0,$0,$0,$0,$52,$-85,$-65,$-40,$-105,$147,$147,$-69,$-1,$-27,$4,$0,$-62
14,2015-03-31,68.98,$32.48,2.12,$6.36,10.85,$-3.61,0.0,$1.27,54.31,$0.24B,$0.22B,1.08,$2.43B,$2.67B,0.91,$0.54B,$0.39B,72.24%,$0.54B,$0.14B,25.37%,$0.54B,$0.14B,25.37%,$0.54B,$0.34B,62.68%,$0.54B,$0.07B,13.05%,$0.54B,$0.11B,20.04%,$0.11B,$2.86B,4.03%,$0.11B,$2.86B,4.03%,$0.11B,$5.73B,1.97%,$0.14B,$5.29B,2.71%,$146,$38,$108,$0,$13,$103,$43,$-17,$27,$0,$27,$44,$40,$94,$43,$87,87,$0.45,$0.45,$58,$0,$0,$235,$5064,$0,$0,$227,$5490,$5725,$217,$2430,$219,$2649,$2866,$1,$-154,$0,$2859,$5725,$44,$51,$-37,$14,$0,$0,$0,$-3,$-3,$55,$-139,$0,$0,$0,$0,$0,$62,$-77,$-28,$-10,$-38,$122,$122,$-34,$-0,$49,$26,$0,$-31
15,2014-12-31,62.26,$31.58,1.97,$6.16,10.11,$-0.95,0.0,$1.96,31.77,$0.26B,$0.23B,1.16,$2.47B,$2.53B,0.98,$0.52B,$0.37B,71.46%,$0.52B,$0.12B,23.56%,$0.52B,$0.12B,23.56%,$0.52B,$0.32B,62.07%,$0.52B,$0.06B,10.54%,$0.52B,$0.17B,31.80%,$0.17B,$2.72B,6.29%,$0.17B,$2.72B,6.29%,$0.17B,$5.63B,3.09%,$0.12B,$5.19B,2.48%,$142,$38,$103,$0,$12,$105,$37,$-18,$19,$0,$19,$19,$26,$90,$37,$83,85,$0.31,$0.31,$99,$0,$0,$263,$5110,$0,$0,$41,$5371,$5634,$226,$2469,$215,$2684,$2910,$1,$-163,$0,$2724,$5634,$184,$202,$-157,$44,$0,$0,$0,$17,$17,$245,$-474,$0,$0,$0,$0,$0,$-27,$-501,$169,$95,$264,$120,$120,$-132,$-8,$245,$-12,$0,$-118
16,2014-09-30,53.32,$31.42,1.7,$5.97,8.92,$-4.64,0.0,$1.87,28.51,$0.36B,$0.24B,1.5,$2.43B,$2.43B,1.0,$0.50B,$0.35B,70.91%,$0.50B,$0.11B,21.62%,$0.50B,$0.11B,21.62%,$0.50B,$0.31B,61.62%,$0.50B,$0.04B,8.08%,$0.50B,$0.16B,31.92%,$0.16B,$2.62B,6.11%,$0.16B,$2.62B,6.11%,$0.16B,$5.49B,3.01%,$0.11B,$5.05B,2.21%,$129,$38,$91,$0,$11,$99,$30,$-17,$13,$0,$13,$13,$16,$80,$30,$83,85,$0.18,$0.18,$218,$0,$0,$364,$4838,$0,$0,$82,$5123,$5487,$244,$2429,$195,$2623,$2867,$1,$-160,$0,$2620,$5487,$152,$149,$-129,$20,$0,$0,$0,$25,$25,$197,$-222,$0,$0,$0,$0,$0,$33,$-189,$268,$-45,$223,$40,$40,$-98,$-8,$157,$165,$0,$-89
17,2014-06-30,55.53,$31.64,1.76,$5.94,9.35,$-8.53,0.0,$1.76,31.55,$0.26B,$0.22B,1.22,$2.25B,$2.43B,0.92,$0.48B,$0.34B,70.42%,$0.48B,$0.10B,20.42%,$0.48B,$0.10B,20.42%,$0.48B,$0.30B,61.67%,$0.48B,$0.03B,6.25%,$0.48B,$0.15B,30.83%,$0.15B,$2.62B,5.78%,$0.15B,$2.62B,5.78%,$0.15B,$5.27B,2.88%,$0.10B,$4.87B,2.06%,$127,$37,$91,$0,$12,$99,$28,$-16,$12,$0,$12,$16,$27,$77,$28,$82,85,$0.33,$0.32,$118,$0,$0,$263,$4781,$0,$0,$34,$5011,$5274,$216,$2245,$189,$2435,$2650,$1,$-146,$0,$2623,$5274,$133,$98,$-116,$-18,$0,$0,$0,$-9,$-9,$107,$-78,$0,$0,$0,$0,$0,$-44,$-122,$-5,$45,$40,$33,$33,$-65,$-4,$4,$-11,$0,$-59
18,2014-03-31,51.94,$31.45,1.65,$5.96,8.72,$-10.71,0.0,$1.52,34.17,$0.27B,$0.19B,1.45,$2.16B,$2.39B,0.9,$0.47B,$0.33B,70.06%,$0.47B,$0.10B,20.59%,$0.47B,$0.10B,20.59%,$0.47B,$0.29B,62.42%,$0.47B,$0.03B,5.31%,$0.47B,$0.13B,27.18%,$0.13B,$2.59B,5.19%,$0.13B,$2.59B,5.19%,$0.13B,$5.12B,2.55%,$0.10B,$4.74B,2.09%,$124,$36,$88,$0,$11,$96,$28,$-17,$11,$0,$11,$11,$97,$77,$28,$82,84,$1.17,$1.14,$129,$0,$0,$271,$4579,$0,$0,$61,$4843,$5115,$188,$2158,$184,$2341,$2529,$1,$-144,$0,$2586,$5115,$102,$49,$-94,$-45,$0,$0,$0,$-12,$-12,$45,$98,$0,$0,$0,$0,$0,$-1,$97,$-2,$-45,$-47,$-1,$-1,$-33,$-0,$-82,$60,$0,$-30
19,2013-12-31,44.23,$30.63,1.44,$5.96,7.42,$-14.12,0.0,$0.36,122.85,$0.22B,$0.20B,1.12,$2.21B,$2.32B,0.95,$0.46B,$0.32B,69.87%,$0.46B,$0.09B,19.43%,$0.46B,$0.09B,19.43%,$0.46B,$0.29B,62.45%,$0.46B,$0.01B,3.06%,$0.46B,$0.03B,6.55%,$0.03B,$2.52B,1.26%,$0.03B,$2.52B,1.26%,$0.03B,$5.11B,0.61%,$0.09B,$4.72B,1.95%,$115,$34,$81,$0,$10,$93,$21,$-17,$4,$0,$4,$4,$18,$71,$21,$77,77,$0.24,$0.24,$85,$0,$0,$223,$4446,$0,$0,$239,$4888,$5111,$198,$2205,$191,$2396,$2595,$1,$-211,$0,$2516,$5111,$45,$197,$-36,$160,$0,$0,$0,$36,$36,$241,$-734,$0,$0,$0,$0,$0,$228,$-507,$206,$-140,$66,$348,$348,$-125,$-4,$285,$19,$0,$-112
20,2013-09-30,43.72,$30.74,1.42,$5.70,7.67,$-15.12,0.0,$2.58,16.95,$0.35B,$0.21B,1.66,$2.16B,$2.33B,0.93,$0.43B,$0.30B,69.86%,$0.43B,$0.08B,18.93%,$0.43B,$0.08B,18.93%,$0.43B,$0.27B,64.02%,$0.43B,$0.00B,0.93%,$0.43B,$0.20B,45.79%,$0.20B,$2.52B,8.49%,$0.20B,$2.52B,8.49%,$0.20B,$5.09B,4.08%,$0.08B,$4.69B,1.82%,$114,$35,$78,$0,$10,$92,$21,$-18,$3,$0,$3,$3,$6,$71,$21,$77,77,$0.07,$0.07,$215,$0,$0,$349,$4267,$0,$0,$266,$4741,$5089,$210,$2162,$193,$2355,$2565,$1,$-201,$0,$2524,$5089,$22,$147,$-19,$128,$0,$0,$0,$36,$36,$186,$-508,$0,$0,$0,$0,$0,$226,$-282,$209,$-185,$24,$348,$348,$-92,$-4,$276,$180,$0,$-82
21,2013-06-30,46.08,$29.56,1.56,$5.60,8.23,$-16.23,0.0,$2.47,18.65,$0.26B,$0.19B,1.42,$2.17B,$2.05B,1.06,$0.41B,$0.29B,69.98%,$0.41B,$0.08B,18.64%,$0.41B,$0.08B,18.64%,$0.41B,$0.27B,64.41%,$0.41B,$-0.00B,-0.24%,$0.41B,$0.19B,45.28%,$0.19B,$2.24B,8.53%,$0.19B,$2.24B,8.53%,$0.19B,$4.78B,4.07%,$0.08B,$4.41B,1.81%,$118,$34,$83,$0,$10,$91,$27,$-19,$7,$0,$7,$7,$7,$75,$27,$75,77,$0.08,$0.08,$127,$0,$0,$262,$4281,$0,$0,$24,$4513,$4776,$185,$2166,$186,$2352,$2537,$1,$-177,$0,$2238,$4776,$12,$98,$-13,$85,$0,$0,$0,$10,$10,$107,$-249,$0,$0,$0,$0,$0,$229,$-21,$213,$-185,$28,$41,$41,$-61,$-4,$5,$91,$0,$-54
22,2013-03-31,45.24,$29.63,1.53,$5.50,8.23,$-17.26,0.0,$2.37,19.09,$0.29B,$0.17B,1.68,$2.17B,$2.04B,1.06,$0.39B,$0.27B,69.90%,$0.39B,$0.07B,17.60%,$0.39B,$0.07B,17.60%,$0.39B,$0.25B,64.03%,$0.39B,$-0.01B,-2.04%,$0.39B,$0.18B,45.66%,$0.18B,$2.23B,8.67%,$0.18B,$2.23B,8.67%,$0.18B,$4.76B,4.11%,$0.07B,$4.40B,1.72%,$111,$33,$78,$0,$10,$91,$20,$-19,$0,$0,$0,$0,$-1,$69,$20,$75,75,$-0.02,$-0.02,$155,$0,$0,$288,$4226,$0,$0,$25,$4467,$4755,$172,$2167,$184,$2351,$2523,$1,$-157,$0,$2233,$4755,$2,$50,$-7,$43,$0,$0,$0,$11,$11,$56,$-185,$0,$0,$0,$0,$0,$228,$43,$215,$-185,$30,$22,$22,$-30,$-3,$19,$119,$0,$-27
23,2012-12-31,40.63,$29.84,1.36,$5.47,7.43,$-16.24,0.0,$3.45,11.78,$0.39B,$0.16B,2.51,$2.04B,$2.04B,1.0,$0.37B,$0.26B,70.78%,$0.37B,$0.07B,19.30%,$0.37B,$0.07B,19.30%,$0.37B,$0.24B,65.15%,$0.37B,$-0.01B,-1.61%,$0.37B,$0.25B,66.49%,$0.25B,$2.24B,12.78%,$0.25B,$2.24B,12.78%,$0.25B,$4.62B,5.96%,$0.07B,$4.28B,1.89%,$85,$25,$60,$0,$10,$72,$13,$-19,$-6,$0,$-6,$-6,$184,$59,$13,$70,70,$2.56,$2.56,$264,$0,$0,$389,$4001,$0,$0,$17,$4227,$4616,$155,$2041,$184,$2225,$2380,$1,$-130,$0,$2236,$4616,$277,$170,$-283,$-112,$0,$0,$0,$16,$16,$181,$-695,$0,$0,$0,$0,$0,$-12,$-707,$-7,$3,$-4,$671,$661,$-112,$-8,$538,$12,$0,$-97
24,2012-09-30,38.12,$27.60,1.38,$5.16,7.38,$-17.53,0.0,$1.68,22.69,$0.14B,$0.13B,1.09,$1.84B,$1.87B,0.99,$0.34B,$0.24B,70.88%,$0.34B,$0.06B,18.82%,$0.34B,$0.06B,18.82%,$0.34B,$0.23B,67.65%,$0.34B,$-0.02B,-4.41%,$0.34B,$0.10B,30.59%,$0.10B,$2.06B,6.07%,$0.10B,$2.06B,6.07%,$0.10B,$4.22B,2.69%,$0.06B,$3.90B,1.82%,$99,$31,$68,$0,$9,$82,$17,$-20,$-2,$0,$-2,$-2,$-3,$63,$17,$72,72,$-0.04,$-0.04,$22,$0,$0,$139,$3674,$0,$0,$197,$4077,$4216,$127,$1842,$185,$2027,$2154,$1,$-289,$0,$2061,$4216,$83,$125,$-90,$34,$0,$0,$0,$29,$29,$147,$-528,$0,$0,$0,$0,$0,$-13,$-541,$-6,$-155,$-161,$662,$653,$-81,$-5,$405,$11,$0,$-71
25,2012-06-30,40.89,$25.14,1.63,$5.23,7.83,$-19.35,0.0,$1.89,21.64,$0.14B,$0.10B,1.38,$1.78B,$1.64B,1.09,$0.33B,$0.23B,71.25%,$0.33B,$0.07B,20.18%,$0.33B,$0.07B,20.18%,$0.33B,$0.23B,68.81%,$0.33B,$-0.02B,-4.89%,$0.33B,$0.12B,35.78%,$0.12B,$1.73B,7.69%,$0.12B,$1.73B,7.69%,$0.12B,$3.85B,3.20%,$0.07B,$3.51B,2.00%,$97,$29,$68,$0,$9,$78,$19,$-19,$0,$0,$0,$0,$-1,$60,$19,$68,68,$-0.02,$-0.02,$18,$0,$0,$137,$3471,$0,$0,$53,$3711,$3848,$99,$1776,$166,$2016,$2114,$1,$-259,$0,$1733,$3848,$81,$79,$-84,$-5,$0,$0,$0,$3,$3,$79,$-275,$0,$0,$0,$0,$0,$-27,$-302,$-4,$-80,$-84,$408,$378,$-53,$-4,$236,$13,$0,$-46
26,2012-03-31,39.08,$25.31,1.54,$5.34,7.32,$-22.77,0.0,$1.90,20.57,$0.53B,$0.09B,5.73,$1.79B,$1.63B,1.1,$0.32B,$0.23B,71.38%,$0.32B,$0.07B,21.70%,$0.32B,$0.07B,21.70%,$0.32B,$0.22B,70.13%,$0.32B,$-0.02B,-4.72%,$0.32B,$0.12B,37.11%,$0.12B,$1.73B,8.35%,$0.12B,$1.73B,8.35%,$0.12B,$3.96B,3.36%,$0.07B,$3.52B,2.17%,$92,$25,$68,$0,$9,$70,$23,$-21,$2,$0,$2,$2,$68,$61,$23,$64,64,$1.06,$1.06,$418,$0,$0,$531,$3223,$0,$0,$28,$3429,$3959,$93,$1790,$147,$2137,$2229,$1,$-234,$0,$1730,$3959,$79,$38,$-79,$-41,$0,$0,$0,$11,$11,$49,$-92,$0,$0,$0,$0,$0,$-5,$-97,$148,$-182,$-34,$382,$478,$-25,$-2,$418,$370,$0,$-21
27,2011-12-31,31.68,$22.57,1.4,$5.49,5.77,$-22.31,0.0,$0.85,37.27,$0.12B,$0.08B,1.4,$1.82B,$1.21B,1.51,$0.31B,$0.22B,70.00%,$0.31B,$0.07B,22.26%,$0.31B,$0.07B,22.26%,$0.31B,$0.22B,70.00%,$0.31B,$-0.02B,-4.84%,$0.31B,$0.05B,16.45%,$0.05B,$1.33B,4.06%,$0.05B,$1.33B,4.06%,$0.05B,$3.45B,1.58%,$0.07B,$3.15B,2.35%,$52,$15,$37,$0,$8,$47,$5,$-20,$-15,$0,$-15,$-15,$40,$46,$5,$57,57,$0.70,$0.70,$5,$0,$0,$115,$3056,$0,$0,$102,$3332,$3447,$82,$1821,$143,$2038,$2119,$1,$-277,$0,$1327,$3447,$67,$146,$-73,$73,$0,$0,$0,$-3,$-3,$138,$-630,$0,$0,$0,$0,$0,$-4,$-634,$332,$23,$355,$233,$233,$-95,$-6,$486,$-10,$0,$-80
28,2011-09-30,25.8,$22.14,1.17,$5.31,4.86,$-25.67,0.0,$0.19,135.81,$0.15B,$0.09B,1.63,$1.76B,$1.17B,1.5,$0.29B,$0.20B,69.39%,$0.29B,$0.06B,21.43%,$0.29B,$0.06B,21.43%,$0.29B,$0.20B,68.71%,$0.29B,$-0.02B,-5.10%,$0.29B,$0.01B,3.74%,$0.01B,$1.29B,0.91%,$0.01B,$1.29B,0.91%,$0.01B,$3.37B,0.36%,$0.06B,$3.05B,2.26%,$86,$26,$60,$0,$6,$67,$19,$-23,$-3,$0,$-3,$-3,$10,$58,$19,$60,60,$0.17,$0.17,$41,$0,$0,$151,$3016,$0,$0,$25,$3216,$3368,$93,$1760,$147,$1980,$2073,$1,$-296,$0,$1294,$3368,$23,$106,$-29,$77,$0,$0,$0,$14,$14,$114,$-542,$0,$0,$0,$0,$0,$-12,$-553,$454,$-159,$295,$221,$221,$-70,$-6,$440,$1,$0,$-59
29,2011-06-30,32.2,$22.30,1.44,$5.39,5.98,$-25.24,0.0,$0.01,3219.69,$0.13B,$0.07B,1.94,$1.68B,$1.18B,1.42,$0.29B,$0.20B,69.69%,$0.29B,$0.06B,21.95%,$0.29B,$0.06B,21.95%,$0.29B,$0.20B,68.29%,$0.29B,$-0.01B,-3.14%,$0.29B,$0.00B,0.35%,$0.00B,$1.30B,0.09%,$0.00B,$1.30B,0.09%,$0.00B,$3.27B,0.03%,$0.06B,$2.98B,2.43%,$88,$26,$62,$0,$8,$66,$22,$-21,$1,$0,$1,$1,$-0,$58,$22,$58,58,$-0.01,$-0.01,$27,$0,$0,$129,$2932,$0,$0,$31,$3135,$3265,$67,$1680,$141,$1895,$1961,$1,$-286,$0,$1304,$3265,$8,$67,$-9,$59,$0,$0,$0,$-11,$-11,$56,$-419,$0,$0,$0,$0,$0,$-16,$-436,$132,$86,$218,$221,$221,$-45,$-3,$390,$11,$0,$-38
30,2011-03-31,31.37,$21.03,1.49,$5.30,5.93,$-26.07,0.0,$-0.02,0.0,$0.11B,$0.08B,1.36,$1.46B,$0.98B,1.49,$0.27B,$0.19B,69.74%,$0.27B,$0.06B,22.51%,$0.27B,$0.06B,22.51%,$0.27B,$0.18B,67.90%,$0.27B,$-0.01B,-2.95%,$0.27B,$-0.00B,-0.37%,$-0.00B,$1.10B,-0.09%,$-0.00B,$1.10B,-0.09%,$-0.00B,$2.84B,-0.04%,$0.06B,$2.56B,2.52%,$84,$26,$58,$0,$7,$61,$23,$-21,$2,$0,$2,$2,$1,$55,$23,$52,52,$0.01,$0.01,$9,$0,$0,$107,$2571,$0,$0,$19,$2735,$2842,$79,$1461,$126,$1661,$1739,$1,$-265,$0,$1103,$2842,$5,$32,$0,$32,$-4,$0,$0,$11,$7,$44,$-56,$0,$0,$0,$0,$0,$-5,$-61,$133,$-102,$31,$-0,$-0,$-23,$1,$9,$-8,$0,$-19
31,2010-12-31,29.2,$21.35,1.37,$5.25,5.57,$-25.91,0.0,$0.08,365.01,$0.11B,$0.07B,1.63,$1.43B,$1.00B,1.43,$0.25B,$0.18B,70.87%,$0.25B,$0.06B,22.83%,$0.25B,$0.06B,22.83%,$0.25B,$0.17B,68.11%,$0.25B,$-0.00B,-0.39%,$0.25B,$0.00B,1.18%,$0.00B,$1.12B,0.28%,$0.00B,$1.12B,0.28%,$0.00B,$2.82B,0.12%,$0.06B,$2.55B,2.57%,$36,$13,$24,$0,$8,$37,$-1,$-14,$-15,$0,$-15,$-15,$0,$31,$-1,$49,49,$0.01,$0.01,$16,$0,$0,$112,$2544,$0,$0,$13,$2705,$2817,$69,$1428,$129,$1630,$1699,$1,$-247,$0,$1118,$2817,$20,$114,$-11,$103,$0,$0,$0,$-4,$-4,$120,$-716,$0,$0,$0,$0,$0,$14,$-702,$328,$62,$390,$297,$297,$-84,$-16,$587,$5,$0,$-69
32,2010-09-30,26.28,$21.65,1.21,$5.87,4.48,$-11.92,0.0,$-0.02,0.0,$0.10B,$0.07B,1.49,$1.15B,$1.01B,1.14,$0.27B,$0.19B,71.59%,$0.27B,$0.06B,22.51%,$0.27B,$0.06B,22.51%,$0.27B,$0.17B,62.73%,$0.27B,$0.01B,2.58%,$0.27B,0,0.00%,$0.00B,$1.13B,0.00%,$0.00B,$1.13B,0.00%,$0.00B,$2.54B,0.00%,$0.06B,$2.28B,2.93%,$79,$24,$56,$0,$6,$60,$19,$-16,$3,$0,$3,$3,$-0,$52,$19,$52,52,$-0.01,$-0.01,$12,$0,$0,$99,$2312,$0,$0,$13,$2436,$2536,$67,$1149,$112,$1335,$1402,$1,$-230,$0,$1133,$2536,$15,$83,$4,$86,$-9,$0,$0,$0,$-6,$95,$-445,$0,$0,$0,$0,$0,$10,$-435,$5,$108,$113,$297,$297,$-62,$-10,$338,$-2,$0,$-50
33,2010-06-30,23.33,$22.03,1.06,$5.95,3.92,$-3.77,0.0,$0.18,129.6,$0.13B,$0.06B,2.2,$1.16B,$1.03B,1.12,$0.26B,$0.19B,71.92%,$0.26B,$0.06B,23.85%,$0.26B,$0.06B,23.85%,$0.26B,$0.16B,62.31%,$0.26B,$0.02B,6.15%,$0.26B,$0.01B,3.08%,$0.01B,$1.15B,0.84%,$0.01B,$1.15B,0.84%,$0.01B,$2.56B,0.36%,$0.06B,$2.31B,3.14%,$72,$21,$51,$0,$7,$53,$20,$-18,$2,$0,$2,$2,$-2,$46,$20,$50,50,$-0.04,$-0.04,$33,$0,$0,$127,$2309,$0,$0,$12,$2429,$2557,$58,$1155,$118,$1347,$1404,$1,$-212,$0,$1152,$2557,$11,$49,$5,$54,$-5,$0,$0,$2,$-7,$57,$-415,$0,$0,$0,$0,$0,$1,$-414,$68,$53,$121,$298,$298,$-39,$-3,$376,$20,$0,$-31
34,2010-03-31,23.93,$20.28,1.18,$6.49,3.69,$4.38,5.46,$0.47,50.92,$0.10B,$0.06B,1.73,$1.00B,$0.75B,1.33,$0.26B,$0.19B,72.59%,$0.26B,$0.06B,24.71%,$0.26B,$0.06B,24.71%,$0.26B,$0.16B,63.32%,$0.26B,$0.03B,9.65%,$0.26B,$0.02B,7.34%,$0.02B,$0.87B,2.14%,$0.02B,$0.87B,2.14%,$0.02B,$2.11B,0.91%,$0.06B,$1.87B,3.43%,$67,$18,$49,$0,$7,$46,$20,$-12,$9,$0,$9,$9,$5,$44,$20,$43,43,$0.11,$0.11,$11,$0,$0,$101,$1932,$0,$0,$15,$2012,$2112,$58,$1000,$106,$1180,$1238,$0,$-191,$0,$874,$2112,$9,$23,$0,$23,$-2,$0,$0,$-0,$1,$34,$-37,$0,$0,$0,$0,$0,$-1,$-37,$-28,$53,$25,$-2,$-2,$-20,$1,$5,$1,$0,$-16
35,2009-12-31,23.53,$20.48,1.15,$7.14,3.3,$4.88,4.82,$0.59,39.88,$0.10B,$0.05B,1.91,$0.97B,$0.76B,1.28,$0.27B,$0.19B,72.83%,$0.27B,$0.07B,25.66%,$0.27B,$0.07B,25.66%,$0.27B,$0.17B,63.40%,$0.27B,$0.03B,10.57%,$0.27B,$0.02B,8.30%,$0.02B,$0.88B,2.60%,$0.02B,$0.88B,2.60%,$0.02B,$2.08B,1.05%,$0.07B,$1.86B,3.65%,$53,$15,$38,$0,$18,$51,$2,$-9,$-7,$0,$-7,$-7,$-3,$28,$2,$39,39,$-0.12,$-0.12,$12,$0,$0,$100,$1914,$0,$0,$10,$1984,$2084,$53,$972,$102,$1148,$1200,$0,$-181,$0,$884,$2084,$38,$100,$-7,$93,$-7,$0,$0,$1,$-6,$125,$-49,$0,$0,$0,$0,$0,$-1,$-50,$0,$-155,$-155,$189,$189,$-87,$-21,$-74,$0,$0,$-72
36,2009-09-30,21.04,$20.69,1.02,$7.99,2.63,$4.46,4.72,$0.85,24.76,$0.10B,$0.04B,2.32,$0.97B,$0.77B,1.25,$0.28B,$0.21B,73.24%,$0.28B,$0.09B,30.63%,$0.28B,$0.09B,30.63%,$0.28B,$0.19B,65.49%,$0.28B,$0.04B,15.14%,$0.28B,$0.03B,10.56%,$0.03B,$0.89B,3.73%,$0.03B,$0.89B,3.73%,$0.03B,$2.08B,1.43%,$0.09B,$1.86B,4.67%,$68,$19,$49,$0,$8,$49,$20,$-7,$12,$0,$12,$12,$8,$44,$20,$43,43,$0.17,$0.17,$12,$0,$0,$99,$1917,$0,$0,$9,$1980,$2079,$43,$965,$105,$1144,$1186,$0,$-162,$0,$893,$2079,$37,$74,$-5,$69,$-3,$0,$0,$-5,$-8,$98,$-35,$0,$0,$0,$0,$0,$-2,$-37,$-55,$-126,$-181,$189,$189,$-67,$-1,$-61,$-0,$0,$-56
37,2009-06-30,15.39,$20.81,0.74,$8.77,1.75,$4.24,3.63,$1.06,14.52,$0.10B,$0.03B,3.06,$0.97B,$0.78B,1.25,$0.29B,$0.22B,74.06%,$0.29B,$0.10B,32.42%,$0.29B,$0.10B,32.42%,$0.29B,$0.19B,65.19%,$0.29B,$0.05B,16.38%,$0.29B,$0.03B,11.60%,$0.03B,$0.90B,4.55%,$0.03B,$0.90B,4.55%,$0.03B,$2.09B,1.62%,$0.10B,$1.87B,5.12%,$71,$19,$52,$0,$6,$49,$22,$-11,$11,$0,$11,$11,$9,$48,$22,$36,36,$0.25,$0.25,$14,$0,$0,$99,$1924,$0,$0,$10,$1989,$2088,$32,$973,$111,$1157,$1190,$0,$-155,$0,$898,$2088,$25,$50,$-2,$47,$-2,$0,$0,$-2,$-12,$61,$-24,$0,$0,$0,$0,$0,$0,$-24,$-15,$-158,$-173,$189,$189,$-48,$-1,$-34,$4,$0,$-40
38,2009-03-31,12.66,$21.47,0.59,$8.94,1.42,$3.61,3.51,$0.98,12.92,$0.10B,$0.04B,2.42,$1.16B,$0.59B,1.98,$0.29B,$0.22B,74.57%,$0.29B,$0.09B,31.27%,$0.29B,$0.09B,31.27%,$0.29B,$0.19B,64.26%,$0.29B,$0.05B,15.46%,$0.29B,$0.03B,9.97%,$0.03B,$0.71B,4.21%,$0.03B,$0.71B,4.21%,$0.03B,$2.10B,1.38%,$0.09B,$1.87B,4.94%,$73,$19,$54,$0,$8,$49,$24,$-12,$12,$0,$12,$12,$8,$48,$24,$33,33,$0.23,$0.23,$17,$0,$0,$100,$1935,$0,$0,$11,$2003,$2103,$42,$1164,$115,$1352,$1394,$0,$-149,$0,$710,$2103,$12,$24,$1,$25,$-1,$0,$0,$-6,$-8,$29,$-15,$0,$0,$0,$0,$0,$-0,$-15,$-3,$23,$20,$-3,$-3,$-24,$-0,$-7,$7,$0,$-20
39,2008-12-31,23.84,$21.61,1.1,$8.92,2.67,$3.31,7.19,$1.05,22.7,$0.09B,$0.06B,1.71,$1.14B,$0.59B,1.93,$0.29B,$0.22B,74.74%,$0.29B,$0.09B,31.49%,$0.29B,$0.09B,31.49%,$0.29B,$0.19B,64.36%,$0.29B,$0.05B,15.92%,$0.29B,$0.03B,10.38%,$0.03B,$0.72B,4.41%,$0.03B,$0.72B,4.41%,$0.03B,$2.10B,1.43%,$0.09B,$1.86B,4.98%,$72,$19,$53,$0,$11,$51,$21,$-13,$8,$0,$8,$9,$5,$46,$21,$32,33,$0.13,$0.13,$10,$0,$0,$94,$1943,$0,$0,$7,$2009,$2103,$55,$1142,$117,$1333,$1388,$0,$-137,$0,$715,$2103,$47,$95,$4,$98,$-5,$0,$0,$5,$-0,$144,$-94,$0,$0,$0,$0,$0,$1,$-94,$-83,$141,$58,$-15,$-15,$-95,$-1,$-53,$-2,$0,$-80
40,2008-09-30,33.41,$20.16,1.66,$8.84,3.78,$-2.83,0.0,$2.88,11.6,$0.09B,$0.06B,1.55,$1.16B,$0.55B,2.12,$0.29B,$0.22B,75.17%,$0.29B,$0.09B,32.17%,$0.29B,$0.09B,32.17%,$0.29B,$0.19B,66.08%,$0.29B,$0.05B,16.08%,$0.29B,$0.09B,30.77%,$0.09B,$0.67B,13.03%,$0.09B,$0.67B,13.03%,$0.09B,$2.10B,4.22%,$0.09B,$1.82B,5.08%,$77,$19,$58,$0,$10,$49,$28,$-11,$17,$0,$17,$17,$12,$49,$28,$32,32,$0.37,$0.37,$12,$0,$0,$92,$1939,$0,$0,$8,$2008,$2099,$59,$1156,$115,$1374,$1433,$0,$-116,$0,$667,$2099,$38,$70,$3,$73,$-1,$0,$0,$1,$4,$115,$-75,$0,$0,$0,$0,$0,$-0,$-76,$-81,$126,$45,$-15,$-15,$-71,$-1,$-42,$-2,$0,$-60
41,2008-06-30,32.49,$20.31,1.6,$8.46,3.84,$-7.89,0.0,$2.76,11.77,$0.09B,$0.05B,1.93,$1.15B,$0.54B,2.13,$0.27B,$0.21B,74.82%,$0.27B,$0.09B,31.02%,$0.27B,$0.09B,31.02%,$0.27B,$0.18B,66.79%,$0.27B,$0.04B,14.96%,$0.27B,$0.09B,31.02%,$0.09B,$0.66B,12.71%,$0.09B,$0.66B,12.71%,$0.09B,$2.09B,4.14%,$0.09B,$1.82B,4.78%,$69,$17,$52,$0,$12,$51,$18,$-10,$8,$0,$8,$8,$4,$44,$18,$32,32,$0.14,$0.14,$5,$0,$0,$86,$1932,$0,$0,$10,$2001,$2088,$45,$1152,$117,$1380,$1424,$0,$-110,$0,$663,$2088,$22,$48,$3,$51,$-2,$0,$0,$-1,$-9,$64,$-51,$0,$0,$0,$0,$0,$0,$-51,$-6,$48,$42,$-15,$-15,$-47,$-1,$-21,$-7,$0,$-40
42,2008-03-31,33.52,$20.73,1.62,$8.23,4.07,$-11.64,0.0,$2.99,11.21,$0.09B,$0.05B,1.81,$1.13B,$0.56B,2.03,$0.27B,$0.20B,74.91%,$0.27B,$0.09B,32.58%,$0.27B,$0.09B,32.58%,$0.27B,$0.18B,67.42%,$0.27B,$0.05B,16.85%,$0.27B,$0.09B,35.21%,$0.09B,$0.68B,14.13%,$0.09B,$0.68B,14.13%,$0.09B,$2.09B,4.67%,$0.09B,$1.81B,4.99%,$71,$17,$53,$0,$10,$47,$24,$-11,$13,$0,$13,$13,$9,$47,$24,$32,32,$0.27,$0.27,$5,$0,$0,$89,$1926,$0,$0,$10,$1997,$2086,$49,$1132,$115,$1358,$1408,$0,$-97,$0,$678,$2086,$13,$23,$0,$24,$-1,$0,$0,$-2,$-5,$32,$-27,$0,$0,$0,$0,$0,$1,$-27,$-4,$26,$22,$-11,$-11,$-23,$-0,$-12,$-7,$0,$-19
43,2007-12-31,37.07,$21.16,1.75,$7.94,4.67,$-14.25,0.0,$3.20,11.58,$0.10B,$0.06B,1.64,$1.11B,$0.57B,1.94,$0.26B,$0.19B,75.49%,$0.26B,$0.08B,32.68%,$0.26B,$0.08B,32.68%,$0.26B,$0.17B,67.70%,$0.26B,$0.04B,17.12%,$0.26B,$0.10B,39.30%,$0.10B,$0.69B,15.32%,$0.10B,$0.69B,15.32%,$0.10B,$2.07B,5.17%,$0.08B,$1.80B,4.98%,$69,$17,$52,$0,$10,$47,$22,$-14,$8,$0,$8,$14,$63,$49,$22,$32,32,$1.90,$1.90,$12,$0,$0,$95,$1905,$0,$0,$6,$1973,$2069,$58,$1107,$98,$1317,$1375,$0,$-88,$0,$693,$2069,$123,$90,$-74,$16,$-6,$0,$0,$5,$9,$148,$-297,$0,$0,$0,$0,$0,$52,$-245,$392,$-165,$227,$-3,$-3,$-92,$-36,$97,$-0,$0,$-77
44,2007-09-30,40.48,$19.61,2.06,$7.54,5.37,$-12.00,0.0,$1.47,27.53,$0.09B,$0.07B,1.28,$1.05B,$0.52B,2.02,$0.24B,$0.19B,76.45%,$0.24B,$0.08B,33.47%,$0.24B,$0.08B,33.47%,$0.24B,$0.16B,67.77%,$0.24B,$0.05B,19.01%,$0.24B,$0.05B,19.42%,$0.05B,$0.64B,7.18%,$0.05B,$0.64B,7.18%,$0.05B,$1.96B,2.49%,$0.08B,$1.69B,4.99%,$65,$17,$48,$0,$9,$44,$21,$-9,$12,$0,$12,$10,$9,$43,$21,$32,33,$0.28,$0.28,$5,$0,$0,$86,$1805,$0,$0,$7,$1877,$1964,$67,$1050,$95,$1255,$1322,$0,$-135,$0,$642,$1964,$46,$63,$-11,$52,$-3,$0,$0,$9,$19,$117,$-241,$0,$0,$0,$0,$0,$51,$-190,$394,$-224,$170,$-3,$-3,$-69,$-35,$65,$-8,$0,$-57
45,2007-06-30,46.86,$19.80,2.37,$7.47,6.27,$-9.95,0.0,$2.17,21.6,$0.09B,$0.06B,1.46,$1.02B,$0.53B,1.94,$0.24B,$0.18B,76.25%,$0.24B,$0.08B,34.58%,$0.24B,$0.08B,34.58%,$0.24B,$0.16B,67.50%,$0.24B,$0.05B,19.58%,$0.24B,$0.07B,29.17%,$0.07B,$0.65B,10.53%,$0.07B,$0.65B,10.53%,$0.07B,$1.93B,3.81%,$0.08B,$1.67B,5.25%,$62,$16,$47,$0,$9,$42,$20,$-8,$12,$0,$12,$10,$13,$41,$20,$32,32,$0.40,$0.40,$12,$0,$0,$90,$1775,$0,$0,$7,$1838,$1928,$61,$1018,$90,$1218,$1280,$0,$-126,$0,$648,$1928,$34,$41,$-12,$30,$0,$0,$0,$6,$10,$75,$-183,$0,$0,$0,$0,$0,$52,$-132,$397,$-258,$139,$-3,$-3,$-45,$-34,$56,$-1,$0,$-38
46,2007-03-31,48.41,$19.99,2.42,$7.57,6.4,$-8.31,0.0,$2.35,20.6,$0.09B,$0.09B,0.95,$0.93B,$0.53B,1.75,$0.24B,$0.18B,75.93%,$0.24B,$0.09B,36.10%,$0.24B,$0.09B,36.10%,$0.24B,$0.16B,68.05%,$0.24B,$0.05B,19.92%,$0.24B,$0.08B,31.12%,$0.08B,$0.65B,11.23%,$0.08B,$0.65B,11.23%,$0.08B,$1.86B,4.21%,$0.09B,$1.58B,5.68%,$61,$15,$47,$0,$9,$41,$21,$-9,$12,$0,$12,$10,$16,$41,$21,$32,32,$0.51,$0.51,$5,$0,$0,$86,$1707,$0,$0,$8,$1769,$1855,$91,$930,$70,$1110,$1201,$0,$-121,$0,$654,$1855,$19,$20,$-8,$12,$-2,$0,$0,$6,$3,$35,$-115,$0,$0,$0,$0,$0,$47,$-68,$-4,$55,$51,$-3,$-3,$-22,$-0,$26,$-7,$0,$-18
47,2006-12-31,50.81,$20.81,2.44,$7.77,6.54,$-7.76,0.0,$2.30,22.09,$0.14B,$0.07B,2.0,$0.88B,$0.55B,1.59,$0.24B,$0.18B,75.62%,$0.24B,$0.09B,37.19%,$0.24B,$0.09B,37.19%,$0.24B,$0.17B,68.18%,$0.24B,$0.05B,19.83%,$0.24B,$0.07B,30.17%,$0.07B,$0.67B,11.48%,$0.07B,$0.67B,11.48%,$0.07B,$1.80B,4.20%,$0.09B,$1.55B,6.00%,$54,$12,$43,$0,$8,$35,$19,$-9,$10,$0,$10,$8,$9,$39,$19,$31,31,$0.29,$0.28,$56,$0,$0,$135,$1597,$0,$0,$13,$1664,$1799,$68,$879,$65,$1057,$1125,$0,$-119,$0,$674,$1799,$82,$75,$-26,$49,$-8,$0,$0,$10,$-69,$62,$-136,$0,$0,$0,$0,$0,$-0,$-136,$-14,$51,$37,$134,$134,$-86,$-2,$83,$8,$0,$-71
