,Date,Stock Price,Book Value per Share,Price to Book Ratio,TTM Sales per Share,Price to Sales Ratio,TTM FCF per Share,Price to FCF Ratio,TTM Net EPS,PE Ratio,Current Assets,Current Liabilities,Current Ratio,Long Term Debt,Shareholder's Equity_x,Debt to Equity Ratio,TTM Revenue_x,TTM Gross Profit,Gross Margin,TTM Revenue_y,TTM Operating Income,Operating Margin,TTM Revenue_x,TTM EBIT,EBIT Margin,TTM Revenue_y,TTM EBITDA,EBITDA Margin,TTM Revenue_x,TTM Pre-Tax Income,Pre-Tax Margin,TTM Revenue_y,TTM Net Income_x,Net Margin,TTM Net Income_y,Shareholder's Equity_y,Return on Equity,TTM Net Income_x,Tangible Equity,Return on Tangible Equity,TTM Net Income_y,Total Assets,Return on Assets,TTM Net Income,LT Investments & Debt,Return on Investment,revenue,cost-goods-sold,gross-profit,research-development-expenses,selling-general-administrative-expenses,operating-expenses,operating-income,total-non-operating-income-expense,pre-tax-income,total-provision-income-taxes,income-after-taxes,income-from-continuous-operations,net-income,ebitda,ebit,basic-shares-outstanding,shares-outstanding,eps-basic-net-earnings-per-share,eps-earnings-per-share-diluted,cash-on-hand,inventory,other-current-assets,total-current-assets,net-property-plant-equipment,long-term-investments,goodwill-intangible-assets-total,other-long-term-assets,total-long-term-assets,total-assets,total-current-liabilities,long-term-debt,other-non-current-liabilities,total-long-term-liabilities,total-liabilities,common-stock-net,retained-earnings-accumulated-deficit,comprehensive-income,total-share-holder-equity,total-liabilities-share-holders-equity,net-income-loss,total-depreciation-amortization-cash-flow,other-non-cash-items,total-non-cash-items,change-in-accounts-receivable,change-in-inventories,change-in-accounts-payable,change-in-assets-liabilities,total-change-in-assets-liabilities,cash-flow-from-operating-activities,net-change-in-property-plant-equipment,net-change-in-intangible-assets,net-acquisitions-divestitures,net-change-in-short-term-investments,net-change-in-long-term-investments,net-change-in-investments-total,investing-activities-other,cash-flow-from-investing-activities,net-long-term-debt,net-current-debt,debt-issuance-retirement-net-total,net-common-equity-issued-repurchased,net-total-equity-issued-repurchased,total-common-preferred-stock-dividends-paid,financial-activities-other,cash-flow-from-financial-activities,net-cash-flow,stock-based-compensation,common-stock-dividends-paid
0,2018-09-30,16.25,$7.54,2.16,$15.24,1.07,$4.86,3.34,$1.69,9.62,$1.24B,$0.25B,4.96,$0.52B,$0.87B,0.6,$1.77B,$0.63B,35.81%,$1.77B,$0.39B,22.10%,$1.77B,$0.39B,22.10%,$1.77B,$0.44B,24.76%,$1.77B,$0.37B,20.96%,$1.77B,$0.23B,12.97%,$0.23B,$0.87B,27.77%,$0.23B,$0.87B,27.77%,$0.23B,$1.94B,12.01%,$0.39B,$1.40B,28.62%,$410,$291,$119,$0,$57,$352,$58,$-11,$47,$14,$33,$33,$33,$71,$58,$116,116,$0.28,$0.28,$433,$446,$0,$1238,$492,$84,$0,$5,$697,$1935,$250,$523,$22,$812,$1062,$1,$-141,$-386,$873,$1935,$181,$37,$41,$78,$-9,$-70,$0,$-6,$-60,$199,$-35,$0,$0,$0,$0,$0,$14,$-22,$-1,$0,$-1,$0,$0,$-59,$0,$-60,$110,$0,$-59
1,2018-06-30,22.53,$7.36,3.06,$15.70,1.43,$4.98,4.52,$2.33,9.67,$1.23B,$0.27B,4.64,$0.53B,$0.85B,0.62,$1.82B,$0.67B,36.70%,$1.82B,$0.43B,23.52%,$1.82B,$0.43B,23.52%,$1.82B,$0.47B,25.99%,$1.82B,$0.40B,22.14%,$1.82B,$0.27B,14.84%,$0.27B,$0.85B,34.43%,$0.27B,$0.85B,34.43%,$0.27B,$1.93B,14.59%,$0.43B,$1.38B,32.73%,$472,$300,$172,$0,$58,$352,$120,$-10,$110,$32,$78,$78,$78,$132,$120,$116,116,$0.67,$0.67,$433,$412,$0,$1231,$487,$89,$0,$5,$700,$1930,$265,$525,$22,$811,$1077,$1,$-153,$-393,$854,$1930,$148,$25,$30,$55,$-36,$-40,$0,$-1,$-33,$170,$-25,$0,$0,$0,$0,$0,$14,$-11,$-0,$0,$-0,$0,$0,$-39,$0,$-40,$110,$0,$-39
2,2018-03-31,22.45,$7.06,3.18,$15.44,1.45,$4.38,5.13,$3.36,6.68,$1.20B,$0.26B,4.58,$0.56B,$0.82B,0.68,$1.79B,$0.63B,35.10%,$1.79B,$0.38B,21.35%,$1.79B,$0.38B,21.35%,$1.79B,$0.43B,23.76%,$1.79B,$0.36B,20.01%,$1.79B,$0.39B,21.74%,$0.39B,$0.82B,53.58%,$0.39B,$0.82B,53.58%,$0.39B,$1.94B,22.40%,$0.38B,$1.38B,31.67%,$430,$256,$175,$0,$58,$323,$108,$-8,$100,$29,$71,$71,$71,$120,$108,$116,116,$0.61,$0.61,$366,$430,$0,$1196,$514,$90,$0,$7,$743,$1939,$261,$558,$23,$859,$1120,$1,$-211,$-371,$818,$1939,$71,$12,$17,$29,$-38,$-41,$0,$2,$-42,$58,$-15,$0,$0,$0,$0,$0,$14,$-2,$-0,$0,$-0,$0,$0,$-20,$0,$-20,$42,$0,$-20
3,2017-12-31,25.4,$6.51,3.9,$14.92,1.7,$4.26,5.96,$3.07,8.27,$1.06B,$0.23B,4.59,$0.54B,$0.75B,0.72,$1.73B,$0.56B,32.33%,$1.73B,$0.33B,19.09%,$1.73B,$0.33B,19.09%,$1.73B,$0.37B,21.52%,$1.73B,$0.31B,17.70%,$1.73B,$0.36B,20.53%,$0.36B,$0.75B,56.51%,$0.36B,$0.75B,56.51%,$0.36B,$1.82B,22.63%,$0.33B,$1.30B,31.16%,$453,$288,$166,$0,$60,$350,$104,$9,$113,$65,$47,$47,$47,$114,$104,$116,116,$0.40,$0.40,$324,$382,$0,$1063,$506,$97,$0,$6,$762,$1824,$232,$544,$22,$839,$1070,$1,$-267,$-379,$754,$1824,$355,$41,$-139,$-98,$-11,$-5,$0,$-4,$20,$276,$-64,$0,$0,$0,$0,$0,$-14,$-78,$137,$0,$137,$0,$0,$-70,$-9,$59,$271,$0,$-70
4,2017-09-30,22.38,$6.13,3.65,$13.89,1.61,$2.75,8.13,$2.86,7.83,$1.02B,$0.24B,4.26,$0.47B,$0.71B,0.66,$1.61B,$0.48B,29.75%,$1.61B,$0.27B,16.71%,$1.61B,$0.27B,16.71%,$1.61B,$0.31B,19.32%,$1.61B,$0.23B,14.35%,$1.61B,$0.33B,20.56%,$0.33B,$0.71B,61.47%,$0.33B,$0.71B,61.47%,$0.33B,$1.71B,23.51%,$0.27B,$1.18B,29.33%,$465,$310,$155,$0,$51,$368,$96,$-16,$80,$6,$74,$74,$74,$107,$96,$116,116,$0.64,$0.64,$318,$335,$0,$1021,$486,$79,$0,$4,$689,$1710,$240,$468,$22,$760,$1000,$1,$-297,$-392,$711,$1710,$307,$31,$-121,$-91,$-92,$40,$0,$-5,$2,$218,$-41,$0,$0,$0,$0,$0,$0,$-41,$137,$0,$137,$0,$0,$-52,$-8,$77,$266,$0,$-52
5,2017-06-30,17.74,$5.36,3.31,$12.95,1.37,$1.52,11.7,$2.41,7.36,$0.80B,$0.21B,3.79,$0.35B,$0.62B,0.57,$1.50B,$0.40B,26.65%,$1.50B,$0.20B,13.39%,$1.50B,$0.20B,13.39%,$1.50B,$0.24B,16.12%,$1.50B,$0.17B,11.59%,$1.50B,$0.28B,18.59%,$0.28B,$0.62B,58.80%,$0.28B,$0.62B,58.80%,$0.28B,$1.47B,21.61%,$0.20B,$0.97B,24.50%,$441,$309,$132,$0,$51,$367,$74,$-9,$65,$-131,$197,$197,$197,$84,$74,$116,116,$1.70,$1.70,$115,$342,$0,$800,$466,$76,$0,$3,$673,$1473,$211,$351,$29,$641,$852,$1,$-354,$-426,$621,$1473,$233,$20,$-130,$-110,$-73,$23,$0,$6,$-22,$102,$-27,$0,$0,$0,$0,$0,$0,$-27,$15,$0,$15,$0,$0,$-35,$-0,$-20,$63,$0,$-35
6,2017-03-31,15.86,$3.68,4.31,$12.21,1.3,$0.81,19.64,$0.72,22.03,$0.73B,$0.21B,3.57,$0.36B,$0.43B,0.85,$1.42B,$0.32B,22.88%,$1.42B,$0.14B,9.75%,$1.42B,$0.14B,9.75%,$1.42B,$0.18B,12.64%,$1.42B,$0.12B,8.12%,$1.42B,$0.08B,5.93%,$0.08B,$0.43B,19.60%,$0.08B,$0.43B,19.60%,$0.08B,$1.27B,6.82%,$0.14B,$0.79B,17.91%,$370,$264,$106,$0,$45,$313,$56,$-9,$48,$11,$37,$37,$37,$67,$56,$116,116,$0.32,$0.32,$91,$361,$0,$734,$439,$88,$0,$2,$535,$1269,$206,$361,$25,$637,$842,$1,$-533,$-440,$427,$1269,$37,$10,$4,$14,$-28,$-12,$0,$4,$-9,$42,$-12,$0,$0,$0,$0,$0,$0,$-12,$25,$0,$25,$0,$0,$-17,$-0,$8,$39,$0,$-17
7,2016-12-31,11.4,$3.41,3.35,$11.77,0.97,$0.30,38.54,$0.37,30.82,$0.65B,$0.18B,3.57,$0.34B,$0.40B,0.85,$1.36B,$0.26B,18.91%,$1.36B,$0.08B,6.01%,$1.36B,$0.08B,6.01%,$1.36B,$0.12B,8.94%,$1.36B,$0.06B,4.55%,$1.36B,$0.04B,3.15%,$0.04B,$0.40B,9.87%,$0.04B,$0.40B,9.87%,$0.04B,$1.18B,3.51%,$0.08B,$0.73B,10.60%,$334,$248,$86,$0,$43,$291,$43,$-5,$38,$15,$23,$23,$23,$53,$43,$116,116,$0.20,$0.20,$52,$344,$0,$650,$434,$85,$0,$2,$529,$1180,$182,$335,$22,$603,$785,$1,$-552,$-453,$395,$1180,$43,$41,$20,$61,$-43,$39,$0,$-1,$-14,$90,$-53,$0,$0,$0,$0,$0,$0,$-53,$-4,$0,$-4,$0,$0,$-70,$0,$-73,$-42,$0,$-70
8,2016-09-30,7.82,$3.92,1.99,$11.37,0.69,$0.02,336.99,$-0.01,0.0,$0.69B,$0.21B,3.34,$0.34B,$0.46B,0.74,$1.32B,$0.20B,14.96%,$1.32B,$0.02B,1.44%,$1.32B,$0.02B,1.44%,$1.32B,$0.06B,4.48%,$1.32B,$-0.00B,-0.08%,$1.32B,0,0.00%,$0.00B,$0.46B,0.00%,$0.00B,$0.46B,0.00%,$0.00B,$1.24B,0.00%,$0.02B,$0.79B,2.40%,$356,$281,$76,$0,$44,$328,$28,$-5,$23,$1,$22,$22,$22,$38,$28,$116,116,$0.19,$0.19,$93,$317,$0,$691,$447,$84,$0,$3,$551,$1242,$207,$336,$25,$580,$787,$1,$-558,$-387,$455,$1242,$20,$31,$5,$35,$-55,$81,$0,$-5,$13,$69,$-34,$0,$0,$0,$0,$0,$0,$-34,$16,$0,$16,$0,$0,$-52,$0,$-37,$-1,$0,$-52
9,2016-06-30,4.87,$3.77,1.29,$11.20,0.43,$-0.11,0.0,$-0.30,0.0,$0.70B,$0.22B,3.19,$0.34B,$0.44B,0.77,$1.30B,$0.16B,12.63%,$1.30B,$-0.01B,-0.92%,$1.30B,$-0.01B,-0.92%,$1.30B,$0.03B,2.16%,$1.30B,$-0.04B,-3.31%,$1.30B,$-0.03B,-2.62%,$-0.03B,$0.44B,-7.30%,$-0.03B,$0.44B,-7.30%,$-0.03B,$1.23B,-2.70%,$-0.01B,$0.77B,-1.49%,$356,$301,$56,$0,$45,$346,$11,$-5,$6,$4,$2,$2,$2,$21,$11,$116,116,$0.01,$0.01,$81,$338,$0,$697,$440,$79,$0,$3,$537,$1234,$219,$337,$25,$579,$798,$1,$-563,$-401,$437,$1234,$-2,$21,$8,$29,$-57,$58,$0,$3,$-10,$17,$-24,$0,$0,$0,$0,$0,$0,$-24,$28,$0,$28,$0,$0,$-35,$0,$-7,$-14,$0,$-35
10,2016-03-31,5.17,$3.92,1.32,$11.23,0.46,$-0.15,0.0,$-1.69,0.0,$0.70B,$0.19B,3.68,$0.35B,$0.46B,0.76,$1.30B,$0.16B,11.90%,$1.30B,$-0.03B,-2.53%,$1.30B,$-0.03B,-2.53%,$1.30B,$0.01B,0.54%,$1.30B,$-0.06B,-4.92%,$1.30B,$-0.20B,-15.05%,$-0.20B,$0.46B,-39.66%,$-0.20B,$0.46B,-39.66%,$-0.20B,$1.24B,-15.18%,$-0.03B,$0.80B,-3.94%,$318,$278,$40,$0,$41,$319,$-0,$-5,$-5,$-1,$-4,$-4,$-4,$10,$-0,$116,116,$-0.03,$-0.03,$57,$378,$0,$695,$441,$86,$0,$3,$546,$1241,$189,$346,$29,$598,$786,$1,$-547,$-398,$455,$1241,$-4,$10,$-1,$10,$-34,$20,$0,$1,$-21,$-15,$-14,$0,$0,$0,$0,$0,$0,$-14,$8,$0,$8,$0,$0,$-17,$0,$-9,$-38,$0,$-17
11,2015-12-31,4.99,$3.99,1.25,$11.64,0.43,$-0.08,0.0,$-1.50,0.0,$0.71B,$0.20B,3.52,$0.34B,$0.46B,0.73,$1.35B,$0.19B,14.23%,$1.35B,$-0.00B,-0.07%,$1.35B,$-0.00B,-0.07%,$1.35B,$0.04B,2.97%,$1.35B,$-0.03B,-2.30%,$1.35B,$-0.17B,-12.90%,$-0.17B,$0.46B,-31.06%,$-0.17B,$0.46B,-31.06%,$-0.17B,$1.24B,-12.82%,$-0.00B,$0.80B,-0.11%,$287,$262,$25,$0,$41,$307,$-20,$-5,$-25,$-4,$-20,$-20,$-20,$-10,$-20,$116,116,$-0.18,$-0.18,$94,$387,$0,$711,$430,$85,$0,$3,$532,$1243,$202,$337,$24,$579,$781,$1,$-526,$-412,$462,$1243,$-174,$42,$168,$211,$39,$-10,$0,$-1,$15,$52,$-47,$0,$0,$0,$0,$0,$0,$-47,$-3,$0,$-3,$0,$0,$-70,$0,$-72,$-76,$0,$-70
12,2015-09-30,5.36,$4.38,1.22,$12.38,0.43,$0.11,50.88,$-1.15,0.0,$0.78B,$0.21B,3.82,$0.34B,$0.51B,0.68,$1.44B,$0.25B,17.20%,$1.44B,$0.05B,3.55%,$1.44B,$0.05B,3.55%,$1.44B,$0.09B,6.48%,$1.44B,$0.02B,1.46%,$1.44B,$-0.13B,-9.33%,$-0.13B,$0.51B,-20.94%,$-0.13B,$0.51B,-20.94%,$-0.13B,$1.31B,-9.21%,$0.05B,$0.85B,5.19%,$337,$293,$43,$0,$42,$340,$-3,$-16,$-19,$-7,$-12,$-12,$-12,$7,$-3,$116,116,$-0.10,$-0.10,$128,$385,$0,$781,$431,$85,$0,$9,$532,$1313,$205,$343,$30,$600,$805,$1,$-488,$-404,$508,$1313,$-153,$32,$168,$201,$8,$2,$0,$-0,$3,$50,$-32,$0,$0,$1,$0,$1,$0,$-31,$-2,$0,$-2,$0,$0,$-52,$0,$-54,$-41,$0,$-52
13,2015-06-30,9.26,$4.76,1.94,$13.06,0.71,$-0.17,0.0,$-0.77,0.0,$0.82B,$0.21B,3.87,$0.34B,$0.55B,0.62,$1.51B,$0.30B,19.82%,$1.51B,$0.10B,6.74%,$1.51B,$0.10B,6.74%,$1.51B,$0.15B,9.64%,$1.51B,$0.08B,5.55%,$1.51B,$-0.09B,-5.94%,$-0.09B,$0.55B,-12.19%,$-0.09B,$0.55B,-12.19%,$-0.09B,$1.37B,-5.85%,$0.10B,$0.90B,9.43%,$360,$314,$47,$0,$52,$371,$-10,$-4,$-15,$145,$-160,$-160,$-160,$0,$-10,$116,116,$-1.38,$-1.38,$118,$399,$0,$820,$441,$94,$0,$9,$548,$1368,$212,$344,$28,$604,$816,$1,$-459,$-389,$552,$1368,$-141,$22,$154,$175,$-20,$-3,$0,$0,$-26,$8,$-19,$0,$0,$1,$0,$1,$0,$-19,$-1,$0,$-1,$0,$0,$-35,$0,$-35,$-52,$0,$-35
14,2015-03-31,10.55,$6.20,1.7,$13.78,0.77,$-0.14,0.0,$0.90,11.72,$0.82B,$0.19B,4.22,$0.35B,$0.72B,0.48,$1.60B,$0.35B,21.71%,$1.60B,$0.16B,9.76%,$1.60B,$0.16B,9.76%,$1.60B,$0.20B,12.70%,$1.60B,$0.14B,8.70%,$1.60B,$0.10B,6.45%,$0.10B,$0.72B,12.36%,$0.10B,$0.72B,12.36%,$0.10B,$1.51B,6.32%,$0.16B,$1.06B,13.25%,$365,$288,$77,$0,$43,$333,$32,$-4,$28,$9,$18,$18,$18,$43,$32,$116,116,$0.16,$0.16,$123,$394,$0,$817,$430,$89,$0,$9,$687,$1505,$194,$345,$25,$592,$786,$1,$-282,$-399,$719,$1505,$18,$11,$17,$28,$-27,$-8,$0,$-0,$-56,$-10,$-12,$0,$0,$1,$0,$1,$0,$-11,$0,$0,$0,$0,$0,$-17,$0,$-17,$-46,$0,$-17
15,2014-12-31,10.73,$6.74,1.59,$14.25,0.75,$-0.12,0.0,$0.86,12.47,$0.88B,$0.23B,3.76,$0.34B,$0.78B,0.44,$1.65B,$0.35B,21.23%,$1.65B,$0.15B,9.07%,$1.65B,$0.15B,9.07%,$1.65B,$0.20B,12.04%,$1.65B,$0.13B,8.05%,$1.65B,$0.10B,5.99%,$0.10B,$0.78B,11.21%,$0.10B,$0.78B,11.21%,$0.10B,$1.63B,5.85%,$0.15B,$1.12B,12.21%,$374,$294,$80,$0,$46,$342,$32,$-4,$27,$8,$20,$20,$20,$43,$32,$116,116,$0.17,$0.17,$170,$424,$0,$880,$480,$100,$0,$6,$753,$1633,$234,$340,$27,$618,$852,$1,$-283,$-336,$781,$1633,$99,$49,$41,$91,$-32,$-52,$0,$-3,$-102,$88,$-61,$0,$0,$0,$0,$0,$0,$-61,$165,$0,$165,$0,$0,$-70,$-6,$90,$106,$0,$-70
16,2014-09-30,11.22,$7.77,1.44,$14.21,0.79,$0.20,57.28,$0.72,15.58,$0.90B,$0.21B,4.25,$0.35B,$0.90B,0.38,$1.65B,$0.32B,19.60%,$1.65B,$0.12B,7.10%,$1.65B,$0.12B,7.10%,$1.65B,$0.17B,10.19%,$1.65B,$0.10B,6.19%,$1.65B,$0.08B,4.98%,$0.08B,$0.90B,8.89%,$0.08B,$0.90B,8.89%,$0.08B,$1.65B,4.85%,$0.12B,$1.25B,9.54%,$415,$319,$96,$0,$48,$367,$48,$-4,$44,$12,$32,$32,$32,$60,$48,$116,116,$0.28,$0.28,$153,$400,$0,$898,$501,$100,$0,$17,$754,$1651,$211,$346,$31,$539,$751,$1,$-285,$-214,$901,$1651,$79,$38,$36,$74,$-72,$-7,$0,$-5,$-127,$27,$-40,$0,$0,$8,$0,$8,$0,$-32,$166,$0,$166,$0,$0,$-52,$-6,$108,$97,$0,$-52
17,2014-06-30,12.63,$8.04,1.57,$14.25,0.89,$0.41,31.16,$0.18,70.19,$0.94B,$0.25B,3.79,$0.35B,$0.93B,0.37,$1.65B,$0.27B,16.59%,$1.65B,$0.03B,1.94%,$1.65B,$0.03B,1.94%,$1.65B,$0.08B,5.08%,$1.65B,$0.01B,0.85%,$1.65B,$0.02B,1.21%,$0.02B,$0.93B,2.16%,$0.02B,$0.93B,2.16%,$0.02B,$1.73B,1.18%,$0.03B,$1.28B,2.68%,$444,$350,$94,$0,$49,$399,$44,$-4,$40,$7,$33,$33,$33,$57,$44,$116,116,$0.29,$0.29,$180,$399,$0,$944,$529,$100,$0,$19,$789,$1733,$249,$346,$32,$553,$802,$1,$-300,$-169,$931,$1733,$47,$25,$20,$46,$-76,$15,$0,$2,$-73,$20,$-28,$0,$0,$7,$0,$7,$0,$-21,$166,$0,$166,$0,$0,$-35,$-6,$125,$124,$0,$-35
18,2014-03-31,13.31,$7.94,1.68,$14.57,0.91,$0.05,257.41,$-0.40,0.0,$0.94B,$0.28B,3.41,$0.35B,$0.92B,0.38,$1.69B,$0.19B,11.25%,$1.69B,$-0.06B,-3.55%,$1.69B,$-0.06B,-3.55%,$1.69B,$-0.01B,-0.47%,$1.69B,$-0.08B,-4.68%,$1.69B,$-0.05B,-2.78%,$-0.05B,$0.92B,-5.06%,$-0.05B,$0.92B,-5.06%,$-0.05B,$1.76B,-2.77%,$-0.06B,$1.27B,-5.07%,$420,$340,$81,$0,$49,$394,$26,$-4,$22,$8,$14,$14,$14,$39,$26,$116,116,$0.12,$0.12,$181,$405,$0,$938,$534,$113,$0,$25,$818,$1756,$275,$347,$34,$561,$835,$1,$-316,$-163,$921,$1756,$14,$13,$13,$26,$-54,$9,$0,$-2,$-43,$-3,$-16,$0,$0,$1,$0,$1,$0,$-16,$167,$0,$167,$0,$0,$-17,$-6,$144,$125,$0,$-17
19,2013-12-31,15.05,$8.07,1.87,$14.95,1.01,$-0.29,0.0,$-0.87,0.0,$0.78B,$0.28B,2.81,$0.18B,$0.94B,0.19,$1.73B,$0.11B,6.52%,$1.73B,$-0.13B,-7.67%,$1.73B,$-0.13B,-7.67%,$1.73B,$-0.08B,-4.67%,$1.73B,$-0.16B,-9.29%,$1.73B,$-0.10B,-5.89%,$-0.10B,$0.94B,-10.81%,$-0.10B,$0.94B,-10.81%,$-0.10B,$1.62B,-5.92%,$-0.13B,$1.12B,-11.26%,$369,$317,$52,$0,$47,$370,$-1,$-3,$-4,$-7,$3,$3,$3,$12,$-1,$116,116,$0.02,$0.02,$56,$417,$0,$781,$536,$133,$0,$21,$838,$1619,$278,$180,$35,$406,$684,$1,$-313,$-152,$935,$1619,$-102,$50,$-31,$20,$-12,$222,$0,$4,$213,$130,$-68,$0,$0,$-1,$0,$-1,$-0,$-68,$-222,$0,$-222,$-1,$-1,$-70,$0,$-292,$-229,$0,$-70
20,2013-09-30,12.01,$7.94,1.51,$15.19,0.79,$-0.81,0.0,$-1.05,0.0,$0.82B,$0.30B,2.76,$0.20B,$0.92B,0.22,$1.76B,$0.11B,6.30%,$1.76B,$-0.13B,-7.44%,$1.76B,$-0.13B,-7.44%,$1.76B,$-0.08B,-4.49%,$1.76B,$-0.16B,-9.31%,$1.76B,$-0.12B,-6.98%,$-0.12B,$0.92B,-12.61%,$-0.12B,$0.92B,-12.61%,$-0.12B,$1.67B,-6.74%,$-0.13B,$1.12B,-10.38%,$419,$372,$47,$0,$45,$456,$-37,$-7,$-44,$-14,$-30,$-30,$-30,$-24,$-37,$116,116,$-0.26,$-0.26,$62,$393,$0,$822,$524,$140,$0,$25,$852,$1674,$297,$203,$31,$456,$753,$1,$-298,$-181,$921,$1674,$-105,$38,$-42,$-4,$-78,$243,$0,$-2,$170,$61,$-50,$0,$0,$1,$0,$1,$-0,$-49,$-182,$0,$-182,$-1,$-1,$-52,$0,$-235,$-223,$0,$-52
21,2013-06-30,12.34,$8.08,1.53,$15.65,0.79,$-0.80,0.0,$-0.49,0.0,$0.93B,$0.28B,3.36,$0.29B,$0.94B,0.31,$1.82B,$0.15B,8.26%,$1.82B,$-0.06B,-3.03%,$1.82B,$-0.06B,-3.03%,$1.82B,$-0.01B,-0.28%,$1.82B,$-0.09B,-4.74%,$1.82B,$-0.06B,-3.20%,$-0.06B,$0.94B,-5.66%,$-0.06B,$0.94B,-5.66%,$-0.06B,$1.74B,-3.03%,$-0.06B,$1.22B,-4.03%,$481,$472,$10,$0,$49,$529,$-48,$-5,$-53,$-19,$-34,$-34,$-34,$-35,$-48,$116,116,$-0.29,$-0.29,$104,$450,$0,$926,$508,$119,$0,$25,$817,$1742,$276,$287,$31,$530,$805,$1,$-251,$-213,$937,$1742,$-75,$25,$-26,$-1,$-114,$177,$0,$4,$60,$-15,$-34,$0,$0,$0,$0,$0,$-0,$-34,$-96,$0,$-96,$0,$0,$-35,$0,$-131,$-181,$0,$-35
22,2013-03-31,11.67,$8.48,1.38,$16.21,0.72,$-1.23,0.0,$0.36,32.42,$1.04B,$0.33B,3.14,$0.28B,$0.98B,0.28,$1.88B,$0.30B,16.13%,$1.88B,$0.10B,5.53%,$1.88B,$0.10B,5.53%,$1.88B,$0.15B,8.14%,$1.88B,$0.07B,3.51%,$1.88B,$0.04B,2.18%,$0.04B,$0.98B,3.89%,$0.04B,$0.98B,3.89%,$0.04B,$1.86B,2.04%,$0.10B,$1.26B,7.22%,$464,$460,$4,$0,$49,$511,$-47,$-13,$-60,$-19,$-41,$-41,$-41,$-34,$-47,$116,116,$-0.35,$-0.35,$104,$531,$0,$1036,$503,$128,$0,$25,$825,$1860,$330,$279,$31,$548,$878,$1,$-200,$-218,$983,$1860,$-41,$13,$-13,$0,$-143,$93,$0,$2,$2,$-39,$-19,$0,$0,$1,$0,$1,$0,$-18,$-104,$0,$-104,$0,$0,$-17,$0,$-121,$-181,$0,$-17
23,2012-12-31,14.3,$9.16,1.56,$17.05,0.84,$-1.84,0.0,$1.89,7.56,$1.22B,$0.33B,3.73,$0.38B,$1.06B,0.36,$1.98B,$0.56B,28.39%,$1.98B,$0.36B,18.22%,$1.98B,$0.36B,18.22%,$1.98B,$0.41B,20.65%,$1.98B,$0.33B,16.75%,$1.98B,$0.22B,11.08%,$0.22B,$1.06B,20.43%,$0.22B,$1.06B,20.43%,$0.22B,$2.03B,10.63%,$0.36B,$1.44B,23.86%,$397,$347,$50,$0,$44,$396,$1,$-8,$-7,$11,$-18,$-18,$-18,$14,$1,$116,116,$-0.15,$-0.15,$285,$638,$0,$1223,$523,$132,$0,$29,$804,$2027,$328,$379,$30,$637,$965,$1,$-141,$-197,$1062,$2027,$219,$48,$4,$52,$67,$-185,$0,$-1,$-193,$77,$-75,$0,$0,$-3,$0,$-3,$227,$150,$49,$0,$49,$0,$0,$-70,$-7,$-28,$200,$0,$-70
24,2012-09-30,10.75,$9.63,1.12,$17.40,0.62,$0.10,102.98,$2.78,3.87,$1.06B,$0.31B,3.45,$0.42B,$1.12B,0.37,$2.02B,$0.71B,34.97%,$2.02B,$0.50B,24.90%,$2.02B,$0.50B,24.90%,$2.02B,$0.55B,27.23%,$2.02B,$0.48B,23.66%,$2.02B,$0.32B,16.02%,$0.32B,$1.12B,31.14%,$0.32B,$1.12B,31.14%,$0.32B,$2.04B,16.07%,$0.50B,$1.53B,34.14%,$473,$387,$86,$0,$43,$434,$39,$-5,$34,$-1,$35,$35,$35,$50,$39,$116,116,$0.30,$0.30,$113,$604,$0,$1055,$491,$195,$0,$23,$982,$2036,$306,$416,$29,$615,$921,$1,$-106,$-179,$1116,$2036,$237,$35,$-1,$34,$2,$-158,$0,$-5,$-213,$58,$-46,$0,$0,$-2,$0,$-2,$-10,$-58,$87,$0,$87,$0,$0,$-52,$-7,$27,$28,$0,$-52
25,2012-06-30,11.17,$9.09,1.23,$18.05,0.62,$1.77,6.32,$3.22,3.47,$1.19B,$0.39B,3.03,$0.48B,$1.05B,0.45,$2.09B,$0.83B,39.69%,$2.09B,$0.62B,29.65%,$2.09B,$0.62B,29.65%,$2.09B,$0.67B,31.95%,$2.09B,$0.59B,28.36%,$2.09B,$0.37B,17.89%,$0.37B,$1.05B,38.14%,$0.37B,$1.05B,38.14%,$0.37B,$2.12B,19.23%,$0.62B,$1.53B,43.97%,$545,$382,$163,$0,$47,$435,$111,$-12,$99,$34,$65,$65,$65,$123,$111,$116,116,$0.56,$0.56,$94,$641,$0,$1189,$467,$178,$0,$21,$927,$2116,$392,$475,$28,$670,$1062,$1,$-124,$-223,$1054,$2116,$201,$24,$11,$35,$-133,$-218,$0,$2,$-304,$-67,$-32,$0,$0,$-2,$0,$-2,$2,$-32,$148,$0,$148,$0,$0,$-35,$-5,$109,$9,$0,$-35
26,2012-03-31,17.33,$9.10,1.9,$17.98,0.96,$3.10,5.59,$3.43,5.05,$1.08B,$0.32B,3.43,$0.48B,$1.06B,0.46,$2.08B,$0.86B,41.46%,$2.08B,$0.65B,31.33%,$2.08B,$0.65B,31.33%,$2.08B,$0.70B,33.64%,$2.08B,$0.63B,30.28%,$2.08B,$0.40B,19.10%,$0.40B,$1.06B,42.84%,$0.40B,$1.06B,42.84%,$0.40B,$2.06B,21.37%,$0.65B,$1.53B,47.77%,$561,$300,$262,$0,$49,$352,$209,$-4,$205,$69,$137,$137,$137,$221,$209,$116,116,$1.18,$1.18,$50,$585,$0,$1084,$497,$196,$0,$18,$979,$2062,$316,$480,$29,$691,$1007,$1,$-171,$-175,$1055,$2062,$137,$12,$6,$18,$-133,$-126,$0,$1,$-259,$-105,$-23,$0,$0,$-2,$21,$20,$-16,$-20,$107,$0,$107,$0,$0,$-17,$0,$90,$-35,$0,$-17
27,2011-12-31,12.38,$7.98,1.55,$16.77,0.74,$4.27,2.9,$2.77,4.47,$0.87B,$0.33B,2.64,$0.36B,$0.92B,0.39,$1.94B,$0.75B,38.50%,$1.94B,$0.55B,28.10%,$1.94B,$0.55B,28.10%,$1.94B,$0.59B,30.57%,$1.94B,$0.52B,26.61%,$1.94B,$0.32B,16.52%,$0.32B,$0.92B,37.46%,$0.32B,$0.92B,37.46%,$0.32B,$1.82B,17.91%,$0.55B,$1.29B,41.45%,$437,$243,$194,$0,$50,$294,$143,$-5,$139,$53,$86,$86,$86,$155,$143,$116,116,$0.74,$0.74,$105,$444,$0,$865,$486,$188,$0,$17,$959,$1824,$328,$363,$27,$572,$900,$1,$-290,$-186,$924,$1824,$321,$48,$76,$124,$-78,$-184,$0,$-1,$-149,$296,$-69,$0,$0,$246,$0,$246,$-395,$-218,$-175,$0,$-175,$0,$0,$-125,$-0,$-300,$-222,$0,$-125
28,2011-09-30,10.86,$7.67,1.42,$16.70,0.65,$3.19,3.41,$2.36,4.6,$0.84B,$0.30B,2.85,$0.40B,$0.89B,0.45,$1.88B,$0.66B,34.97%,$1.88B,$0.46B,24.69%,$1.88B,$0.46B,24.69%,$1.88B,$0.51B,27.20%,$1.88B,$0.43B,22.88%,$1.88B,$0.27B,14.42%,$0.27B,$0.89B,33.20%,$0.27B,$0.89B,33.20%,$0.27B,$1.78B,15.37%,$0.46B,$1.29B,35.14%,$548,$337,$211,$0,$50,$391,$157,$-7,$150,$64,$86,$86,$86,$169,$157,$116,116,$0.74,$0.74,$158,$337,$0,$840,$479,$189,$0,$11,$936,$1777,$295,$401,$27,$593,$888,$1,$-359,$-153,$889,$1777,$235,$36,$56,$92,$-97,$-60,$0,$-1,$-84,$243,$-39,$0,$0,$1,$227,$228,$-362,$-174,$-156,$0,$-156,$0,$0,$-107,$-0,$-263,$-193,$0,$-107
29,2011-06-30,20.96,$7.31,2.87,$15.82,1.33,$1.87,11.23,$1.95,10.75,$0.83B,$0.23B,3.67,$0.51B,$0.85B,0.6,$1.71B,$0.54B,31.73%,$1.71B,$0.36B,21.31%,$1.71B,$0.36B,21.31%,$1.71B,$0.41B,24.00%,$1.71B,$0.33B,19.20%,$1.71B,$0.22B,12.70%,$0.22B,$0.85B,31.19%,$0.22B,$0.85B,31.19%,$0.22B,$1.79B,13.14%,$0.36B,$1.36B,29.49%,$538,$341,$197,$0,$51,$393,$144,$-7,$137,$48,$89,$89,$89,$156,$144,$116,116,$0.77,$0.77,$154,$309,$0,$830,$498,$200,$0,$13,$957,$1787,$226,$509,$28,$713,$939,$1,$-427,$-126,$848,$1787,$149,$24,$33,$57,$-118,$-17,$0,$2,$-126,$80,$-25,$0,$0,$0,$162,$162,$-297,$-159,$-66,$0,$-66,$0,$0,$-90,$-0,$-156,$-233,$0,$-90
30,2011-03-31,19.26,$6.62,2.91,$15.06,1.28,$1.19,16.12,$1.38,14.01,$0.92B,$0.25B,3.66,$0.57B,$0.77B,0.74,$1.55B,$0.43B,27.74%,$1.55B,$0.26B,16.71%,$1.55B,$0.26B,16.71%,$1.55B,$0.30B,19.61%,$1.55B,$0.22B,14.19%,$1.55B,$0.15B,9.48%,$0.15B,$0.77B,25.60%,$0.15B,$0.77B,25.60%,$0.15B,$1.78B,9.67%,$0.26B,$1.34B,23.16%,$420,$274,$146,$0,$44,$318,$102,$-11,$91,$31,$60,$60,$60,$114,$102,$116,116,$0.52,$0.52,$234,$327,$0,$916,$491,$174,$0,$9,$866,$1782,$251,$568,$27,$764,$1015,$1,$-499,$-134,$767,$1782,$60,$12,$10,$22,$-48,$-38,$0,$-2,$-61,$21,$-13,$0,$0,$1,$92,$93,$-209,$-129,$-1,$0,$-1,$0,$0,$-72,$-0,$-73,$-178,$0,$-72
31,2010-12-31,13.35,$6.57,2.03,$14.69,0.91,$0.88,15.23,$1.29,10.35,$0.82B,$0.22B,3.75,$0.54B,$0.76B,0.71,$1.45B,$0.35B,23.79%,$1.45B,$0.18B,12.34%,$1.45B,$0.18B,12.34%,$1.45B,$0.22B,15.38%,$1.45B,$0.14B,9.66%,$1.45B,$0.13B,8.97%,$0.13B,$0.76B,27.64%,$0.13B,$0.76B,27.64%,$0.13B,$1.71B,9.26%,$0.18B,$1.30B,17.55%,$373,$270,$103,$0,$43,$312,$61,$-9,$52,$16,$36,$36,$36,$72,$61,$101,101,$0.33,$0.33,$307,$276,$0,$824,$474,$146,$0,$10,$883,$1708,$220,$537,$26,$726,$946,$1,$-487,$-152,$761,$1708,$131,$45,$-17,$27,$-53,$7,$0,$16,$-32,$126,$-38,$0,$0,$-0,$0,$-0,$-108,$-146,$-27,$0,$-27,$338,$338,$-15,$-1,$295,$274,$0,$-15
32,2010-09-30,12.36,$4.16,2.97,$14.08,0.88,$0.64,19.33,$1.02,12.18,$0.57B,$0.21B,2.78,$0.54B,$0.41B,1.33,$1.38B,$0.30B,21.39%,$1.38B,$0.13B,9.35%,$1.38B,$0.13B,9.35%,$1.38B,$0.18B,12.69%,$1.38B,$0.09B,6.45%,$1.38B,$0.10B,7.18%,$0.10B,$0.41B,27.63%,$0.10B,$0.41B,27.63%,$0.10B,$1.33B,7.57%,$0.13B,$0.95B,13.93%,$377,$280,$96,$0,$42,$320,$57,$-9,$48,$16,$32,$32,$32,$68,$57,$98,98,$0.33,$0.33,$48,$252,$0,$569,$463,$97,$0,$9,$761,$1329,$205,$540,$23,$717,$922,$1,$-509,$-147,$407,$1329,$94,$33,$-15,$19,$-79,$30,$0,$2,$-45,$68,$-24,$0,$0,$1,$0,$1,$0,$-24,$-27,$0,$-27,$0,$0,$0,$0,$-27,$15,$0,$0
33,2010-06-30,6.05,$3.70,1.64,$13.39,0.45,$0.67,9.05,$0.77,7.86,$0.54B,$0.20B,2.63,$0.53B,$0.36B,1.47,$1.31B,$0.26B,19.74%,$1.31B,$0.09B,7.09%,$1.31B,$0.09B,7.09%,$1.31B,$0.14B,10.67%,$1.31B,$0.05B,3.96%,$1.31B,$0.08B,5.79%,$0.08B,$0.36B,22.91%,$0.08B,$0.36B,22.91%,$0.08B,$1.26B,5.79%,$0.09B,$0.89B,10.05%,$380,$295,$85,$0,$41,$341,$39,$-10,$29,$10,$19,$19,$19,$50,$39,$98,98,$0.20,$0.20,$35,$240,$0,$535,$438,$97,$0,$9,$728,$1262,$203,$530,$23,$697,$900,$1,$-541,$-160,$362,$1262,$62,$23,$-25,$-3,$-84,$28,$0,$4,$-63,$-3,$-15,$0,$0,$0,$0,$0,$0,$-15,$25,$0,$25,$0,$0,$0,$0,$25,$3,$0,$0
34,2010-03-31,4.55,$3.59,1.27,$12.39,0.37,$1.16,3.9,$0.35,12.99,$0.53B,$0.20B,2.7,$0.59B,$0.35B,1.68,$1.21B,$0.19B,15.49%,$1.21B,$0.03B,2.64%,$1.21B,$0.03B,2.64%,$1.21B,$0.08B,6.51%,$1.21B,$-0.01B,-0.74%,$1.21B,$0.04B,2.88%,$0.04B,$0.35B,11.24%,$0.04B,$0.35B,11.24%,$0.04B,$1.32B,2.63%,$0.03B,$0.94B,3.47%,$320,$259,$61,$0,$40,$298,$22,$-10,$11,$-32,$43,$43,$43,$33,$22,$98,98,$0.44,$0.44,$24,$277,$0,$532,$472,$98,$0,$10,$785,$1317,$197,$590,$22,$769,$965,$1,$-560,$-151,$351,$1317,$43,$12,$-31,$-20,$-38,$7,$0,$-1,$-39,$-16,$-9,$0,$0,$1,$0,$1,$0,$-8,$18,$0,$18,$0,$0,$0,$0,$18,$-8,$0,$0
35,2009-12-31,5.04,$3.19,1.58,$11.66,0.43,$1.12,4.5,$-0.36,0.0,$0.53B,$0.22B,2.46,$0.61B,$0.31B,1.96,$1.14B,$0.13B,11.47%,$1.14B,$-0.02B,-1.40%,$1.14B,$-0.02B,-1.40%,$1.14B,$0.03B,2.71%,$1.14B,$-0.06B,-4.90%,$1.14B,$-0.04B,-3.06%,$-0.04B,$0.31B,-11.77%,$-0.04B,$0.31B,-11.77%,$-0.04B,$1.33B,-2.64%,$-0.02B,$0.92B,-1.76%,$302,$249,$53,$0,$40,$291,$11,$-11,$1,$-5,$5,$5,$5,$24,$11,$98,98,$0.06,$0.06,$33,$295,$0,$530,$500,$99,$0,$11,$795,$1325,$215,$611,$23,$797,$1013,$1,$-603,$-147,$313,$1325,$-35,$47,$-10,$37,$-9,$99,$0,$-12,$84,$86,$-24,$0,$0,$0,$0,$0,$0,$-24,$-49,$0,$-49,$0,$0,$0,$-1,$-50,$18,$0,$0
36,2009-09-30,3.2,$3.07,1.04,$11.09,0.29,$-0.19,0.0,$-0.34,0.0,$0.53B,$0.20B,2.67,$0.64B,$0.30B,2.13,$1.09B,$0.13B,12.14%,$1.09B,$-0.00B,-0.28%,$1.09B,$-0.00B,-0.28%,$1.09B,$0.04B,3.86%,$1.09B,$-0.05B,-4.23%,$1.09B,$-0.03B,-3.04%,$-0.03B,$0.30B,-11.06%,$-0.03B,$0.30B,-11.06%,$-0.03B,$1.35B,-2.47%,$-0.00B,$0.94B,-0.33%,$310,$251,$60,$0,$39,$289,$21,$-10,$11,$2,$9,$9,$9,$33,$21,$98,98,$0.09,$0.09,$42,$256,$0,$533,$500,$104,$0,$12,$814,$1347,$200,$642,$29,$846,$1046,$1,$-608,$-154,$301,$1347,$-40,$34,$-20,$15,$-40,$138,$0,$-4,$89,$64,$-17,$0,$0,$1,$0,$1,$0,$-17,$-24,$0,$-24,$0,$0,$0,$-1,$-25,$27,$0,$0
37,2009-06-30,2.06,$2.87,0.72,$11.45,0.18,$-1.07,0.0,$-0.46,0.0,$0.54B,$0.26B,2.1,$0.60B,$0.28B,2.13,$1.12B,$0.12B,10.86%,$1.12B,$-0.02B,-1.87%,$1.12B,$-0.02B,-1.87%,$1.12B,$0.03B,2.23%,$1.12B,$-0.06B,-5.34%,$1.12B,$-0.05B,-4.10%,$-0.05B,$0.28B,-14.59%,$-0.05B,$0.28B,-14.59%,$-0.05B,$1.34B,-3.39%,$-0.02B,$0.88B,-2.26%,$282,$268,$14,$0,$35,$304,$-22,$-10,$-32,$-10,$-22,$-22,$-22,$-11,$-22,$98,98,$-0.23,$-0.23,$75,$248,$0,$543,$487,$101,$0,$11,$794,$1338,$259,$599,$29,$798,$1057,$1,$-616,$-165,$281,$1338,$-48,$22,$-22,$0,$-33,$135,$0,$1,$93,$45,$-15,$0,$0,$1,$0,$1,$0,$-14,$28,$0,$28,$0,$0,$0,$0,$28,$60,$0,$0
38,2009-03-31,2.39,$3.00,0.79,$12.58,0.19,$-2.05,0.0,$-0.17,0.0,$0.52B,$0.22B,2.42,$0.59B,$0.29B,2.0,$1.23B,$0.17B,13.54%,$1.23B,$0.01B,0.97%,$1.23B,$0.01B,0.97%,$1.23B,$0.06B,4.87%,$1.23B,$-0.03B,-2.35%,$1.23B,$-0.02B,-1.46%,$-0.02B,$0.29B,-5.21%,$-0.02B,$0.29B,-5.21%,$-0.02B,$1.30B,-1.28%,$0.01B,$0.88B,1.23%,$248,$244,$4,$0,$34,$274,$-26,$-10,$-36,$-9,$-27,$-27,$-27,$-15,$-26,$98,98,$-0.27,$-0.27,$29,$295,$0,$524,$474,$107,$0,$11,$771,$1295,$217,$588,$28,$784,$1000,$1,$-595,$-173,$294,$1295,$-27,$11,$-18,$-7,$-26,$80,$0,$4,$16,$-18,$-11,$0,$0,$1,$0,$1,$0,$-11,$43,$0,$43,$0,$0,$0,$0,$43,$14,$0,$0
39,2008-12-31,3.62,$3.24,1.11,$13.44,0.27,$-2.23,0.0,$0.10,38.06,$0.59B,$0.20B,2.88,$0.64B,$0.32B,2.01,$1.32B,$0.22B,16.69%,$1.32B,$0.05B,3.64%,$1.32B,$0.05B,3.64%,$1.32B,$0.10B,7.44%,$1.32B,$0.01B,0.46%,$1.32B,$0.01B,0.68%,$0.01B,$0.32B,2.40%,$0.01B,$0.32B,2.40%,$0.01B,$1.36B,0.62%,$0.05B,$0.96B,4.73%,$247,$193,$54,$0,$33,$223,$24,$-13,$11,$4,$7,$7,$7,$35,$24,$98,98,$0.07,$0.07,$15,$385,$0,$590,$486,$106,$0,$12,$769,$1359,$204,$638,$29,$836,$1041,$1,$-568,$-177,$318,$1359,$9,$51,$-10,$41,$24,$-94,$0,$4,$-47,$3,$-68,$0,$0,$0,$0,$0,$0,$-68,$61,$0,$61,$0,$0,$-49,$-1,$10,$-59,$0,$-49
40,2008-09-30,3.91,$3.76,1.04,$14.09,0.28,$-1.12,0.0,$0.04,111.68,$0.60B,$0.21B,2.87,$0.64B,$0.37B,1.72,$1.38B,$0.22B,15.71%,$1.38B,$0.04B,2.61%,$1.38B,$0.04B,2.61%,$1.38B,$0.09B,6.37%,$1.38B,$-0.00B,-0.29%,$1.38B,$0.00B,0.29%,$0.00B,$0.37B,1.01%,$0.00B,$0.37B,1.01%,$0.00B,$1.43B,0.27%,$0.04B,$1.00B,3.51%,$346,$295,$50,$0,$44,$343,$3,$-6,$-3,$1,$-4,$-4,$-4,$16,$3,$98,98,$-0.04,$-0.04,$32,$302,$0,$604,$523,$114,$0,$20,$827,$1431,$210,$635,$31,$852,$1062,$1,$-563,$-131,$368,$1431,$2,$40,$-5,$35,$-37,$3,$0,$-2,$-23,$14,$-54,$0,$0,$1,$0,$1,$0,$-54,$37,$0,$37,$0,$0,$-37,$-1,$-1,$-42,$0,$-37
41,2008-06-30,4.38,$4.11,1.07,$14.06,0.31,$-0.31,0.0,$-0.76,0.0,$0.65B,$0.24B,2.75,$0.66B,$0.40B,1.64,$1.38B,$0.23B,16.98%,$1.38B,$0.06B,4.21%,$1.38B,$0.06B,4.21%,$1.38B,$0.11B,7.91%,$1.38B,$0.01B,0.87%,$1.38B,$-0.07B,-5.30%,$-0.07B,$0.40B,-18.26%,$-0.07B,$0.40B,-18.26%,$-0.07B,$1.53B,-4.88%,$0.06B,$1.06B,5.73%,$392,$333,$59,$0,$47,$381,$11,$-12,$-1,$-7,$6,$6,$6,$24,$11,$98,98,$0.06,$0.06,$19,$311,$0,$648,$559,$116,$0,$21,$882,$1530,$236,$659,$32,$892,$1128,$1,$-547,$-113,$403,$1530,$5,$27,$-9,$18,$-70,$17,$0,$1,$-55,$-31,$-35,$0,$0,$0,$0,$0,$0,$-34,$35,$0,$35,$0,$0,$-25,$-1,$10,$-55,$0,$-25
42,2008-03-31,6.72,$4.17,1.61,$13.56,0.5,$0.20,33.93,$-0.82,0.0,$0.64B,$0.23B,2.74,$0.63B,$0.41B,1.55,$1.33B,$0.24B,17.98%,$1.33B,$0.07B,4.97%,$1.33B,$0.07B,4.97%,$1.33B,$0.12B,8.73%,$1.33B,$0.03B,2.03%,$1.33B,$-0.08B,-5.94%,$-0.08B,$0.41B,-19.17%,$-0.08B,$0.41B,-19.17%,$-0.08B,$1.51B,-5.32%,$0.07B,$1.04B,6.60%,$333,$275,$57,$0,$43,$323,$10,$-10,$-1,$-0,$-0,$-0,$-0,$23,$10,$98,98,$-0.01,$-0.01,$27,$332,$0,$641,$555,$117,$0,$20,$873,$1513,$234,$633,$33,$871,$1105,$1,$-541,$-114,$408,$1513,$-0,$13,$0,$13,$-35,$-4,$0,$0,$-42,$-29,$-17,$0,$0,$1,$0,$1,$0,$-16,$10,$0,$10,$0,$0,$-12,$0,$-2,$-46,$0,$-12
43,2007-12-31,4.72,$4.19,1.13,$13.37,0.35,$0.44,10.64,$-0.69,0.0,$0.62B,$0.23B,2.77,$0.59B,$0.41B,1.44,$1.31B,$0.25B,19.24%,$1.31B,$0.09B,6.49%,$1.31B,$0.09B,6.49%,$1.31B,$0.13B,10.23%,$1.31B,$0.05B,3.66%,$1.31B,$-0.07B,-5.04%,$-0.07B,$0.41B,-15.61%,$-0.07B,$0.41B,-15.61%,$-0.07B,$1.46B,-4.47%,$0.09B,$1.00B,8.55%,$310,$260,$51,$0,$40,$299,$12,$-11,$1,$-1,$2,$2,$2,$25,$12,$98,98,$0.02,$0.02,$74,$313,$0,$622,$527,$119,$0,$20,$833,$1455,$225,$590,$31,$820,$1044,$1,$-528,$-123,$411,$1455,$-67,$49,$106,$155,$4,$6,$0,$-2,$2,$90,$-47,$0,$0,$-0,$0,$-0,$0,$-47,$9,$0,$9,$0,$0,$-49,$0,$-40,$9,$0,$-49
44,2007-09-30,4.96,$3.85,1.29,$13.25,0.37,$0.22,22.27,$-0.28,0.0,$0.66B,$0.25B,2.62,$0.57B,$0.38B,1.51,$1.30B,$0.28B,21.49%,$1.30B,$0.11B,8.47%,$1.30B,$0.11B,8.47%,$1.30B,$0.16B,12.10%,$1.30B,$0.08B,5.78%,$1.30B,$-0.03B,-2.08%,$-0.03B,$0.38B,-6.25%,$-0.03B,$0.38B,-6.25%,$-0.03B,$1.48B,-1.84%,$0.11B,$0.95B,11.11%,$343,$276,$67,$0,$42,$319,$25,$-12,$13,$94,$-81,$-81,$-81,$37,$25,$98,98,$-0.83,$-0.83,$88,$289,$0,$656,$497,$118,$0,$19,$827,$1483,$251,$568,$30,$856,$1106,$1,$-514,$-172,$377,$1483,$-68,$36,$99,$135,$-50,$21,$0,$-6,$2,$69,$-29,$0,$0,$1,$0,$1,$0,$-29,$16,$0,$16,$0,$0,$-37,$0,$-21,$24,$0,$-37
45,2007-06-30,6.54,$4.61,1.42,$13.13,0.5,$0.06,106.76,$0.67,9.77,$0.61B,$0.19B,3.16,$0.56B,$0.45B,1.25,$1.29B,$0.29B,22.38%,$1.29B,$0.12B,9.32%,$1.29B,$0.12B,9.32%,$1.29B,$0.17B,12.90%,$1.29B,$0.09B,6.84%,$1.29B,$0.07B,5.13%,$0.07B,$0.45B,14.77%,$0.07B,$0.45B,14.77%,$0.07B,$1.49B,4.57%,$0.12B,$1.02B,12.06%,$343,$279,$64,$0,$41,$323,$19,$-5,$14,$14,$0,$0,$0,$31,$19,$98,98,$0.00,$0.00,$42,$295,$0,$610,$469,$115,$0,$18,$876,$1486,$193,$564,$31,$841,$1034,$1,$-420,$-190,$452,$1486,$13,$24,$6,$30,$-53,$-0,$0,$0,$-43,$-0,$-17,$0,$0,$0,$0,$0,$0,$-16,$18,$0,$18,$0,$0,$-25,$0,$-7,$-22,$0,$-25
46,2007-03-31,8.25,$4.61,1.79,$13.16,0.63,$-0.10,0.0,$0.81,10.19,$0.61B,$0.19B,3.22,$0.57B,$0.45B,1.25,$1.29B,$0.31B,23.66%,$1.29B,$0.14B,10.63%,$1.29B,$0.14B,10.63%,$1.29B,$0.18B,14.12%,$1.29B,$0.08B,5.90%,$1.29B,$0.08B,6.13%,$0.08B,$0.45B,17.85%,$0.08B,$0.45B,17.85%,$0.08B,$1.48B,5.57%,$0.14B,$1.02B,13.91%,$314,$244,$70,$0,$39,$285,$29,$-9,$20,$8,$13,$13,$13,$41,$29,$98,98,$0.13,$0.13,$56,$303,$0,$610,$460,$113,$0,$18,$871,$1480,$189,$565,$32,$840,$1029,$1,$-408,$-203,$451,$1480,$13,$12,$1,$13,$-37,$-16,$0,$-0,$-42,$-16,$-6,$0,$0,$1,$0,$1,$0,$-5,$24,$0,$24,$0,$0,$-12,$0,$12,$-9,$0,$-12
47,2006-12-31,8.17,$4.58,1.78,$13.07,0.62,$-0.10,0.0,$0.84,9.78,$0.56B,$0.18B,3.14,$0.54B,$0.45B,1.19,$1.28B,$0.31B,24.32%,$1.28B,$0.14B,11.18%,$1.28B,$0.14B,11.18%,$1.28B,$0.19B,14.62%,$1.28B,$0.08B,6.33%,$1.28B,$0.08B,6.41%,$0.08B,$0.45B,18.89%,$0.08B,$0.45B,18.89%,$0.08B,$1.42B,5.94%,$0.14B,$0.98B,14.92%,$298,$221,$78,$0,$40,$261,$37,$-9,$28,$-13,$41,$41,$41,$48,$37,$98,98,$0.42,$0.42,$65,$287,$0,$563,$462,$114,$0,$19,$859,$1422,$180,$535,$15,$794,$973,$1,$-406,$-207,$448,$1422,$82,$44,$-22,$22,$1,$-6,$0,$1,$-32,$72,$-51,$0,$0,$0,$0,$0,$0,$-51,$23,$0,$23,$0,$0,$-49,$-9,$-35,$-9,$0,$-49
