,Date,Stock Price,Book Value per Share,Price to Book Ratio,TTM Sales per Share,Price to Sales Ratio,TTM FCF per Share,Price to FCF Ratio,TTM Net EPS,PE Ratio,Current Assets,Current Liabilities,Current Ratio,Long Term Debt,Shareholder's Equity_x,Debt to Equity Ratio,TTM Revenue_x,TTM Gross Profit,Gross Margin,TTM Revenue_y,TTM Operating Income,Operating Margin,TTM Revenue_x,TTM EBIT,EBIT Margin,TTM Revenue_y,TTM EBITDA,EBITDA Margin,TTM Revenue_x,TTM Pre-Tax Income,Pre-Tax Margin,TTM Revenue_y,TTM Net Income_x,Net Margin,TTM Net Income_y,Shareholder's Equity_y,Return on Equity,TTM Net Income_x,Tangible Equity,Return on Tangible Equity,TTM Net Income_y,Total Assets,Return on Assets,TTM Net Income,LT Investments & Debt,Return on Investment,revenue,cost-goods-sold,gross-profit,research-development-expenses,selling-general-administrative-expenses,operating-expenses,operating-income,total-non-operating-income-expense,pre-tax-income,total-provision-income-taxes,income-after-taxes,income-from-continuous-operations,net-income,ebitda,ebit,basic-shares-outstanding,shares-outstanding,eps-basic-net-earnings-per-share,eps-earnings-per-share-diluted,cash-on-hand,inventory,other-current-assets,total-current-assets,net-property-plant-equipment,long-term-investments,goodwill-intangible-assets-total,other-long-term-assets,total-long-term-assets,total-assets,total-current-liabilities,long-term-debt,other-non-current-liabilities,total-long-term-liabilities,total-liabilities,common-stock-net,retained-earnings-accumulated-deficit,comprehensive-income,total-share-holder-equity,total-liabilities-share-holders-equity,net-income-loss,total-depreciation-amortization-cash-flow,other-non-cash-items,total-non-cash-items,change-in-accounts-receivable,change-in-inventories,change-in-accounts-payable,change-in-assets-liabilities,total-change-in-assets-liabilities,cash-flow-from-operating-activities,net-change-in-property-plant-equipment,net-change-in-intangible-assets,net-acquisitions-divestitures,net-change-in-short-term-investments,net-change-in-long-term-investments,net-change-in-investments-total,investing-activities-other,cash-flow-from-investing-activities,net-long-term-debt,net-current-debt,debt-issuance-retirement-net-total,net-common-equity-issued-repurchased,net-total-equity-issued-repurchased,total-common-preferred-stock-dividends-paid,financial-activities-other,cash-flow-from-financial-activities,net-cash-flow,stock-based-compensation,common-stock-dividends-paid
0,2018-09-30,33.91,$13.09,2.59,$34.77,0.98,$2.35,14.43,$3.48,9.74,$0.89B,$0.39B,2.28,$1.41B,$1.28B,1.1,$3.47B,$1.09B,31.57%,$3.47B,$0.32B,9.35%,$3.47B,$0.32B,9.35%,$3.47B,$0.52B,14.86%,$3.47B,$0.27B,7.73%,$3.47B,$0.35B,10.01%,$0.35B,$1.28B,28.90%,$0.35B,$0.29B,178.87%,$0.35B,$3.37B,10.34%,$0.32B,$2.69B,12.21%,$894,$593,$300,$0,$144,$786,$107,$-13,$95,$22,$73,$73,$73,$154,$107,$98,100,$0.74,$0.72,$22,$348,$0,$894,$1457,$0,$995,$28,$2479,$3374,$393,$1406,$32,$1699,$2092,$0,$1023,$-48,$1282,$3374,$158,$142,$-1,$142,$-46,$-33,$6,$-6,$-111,$189,$-96,$0,$0,$0,$0,$0,$0,$-96,$-70,$2,$-67,$10,$10,$-29,$-12,$-99,$-6,$7,$-29
1,2018-06-30,34.5,$12.42,2.78,$34.64,1.0,$2.11,16.35,$3.06,11.27,$0.89B,$0.40B,2.24,$1.48B,$1.21B,1.22,$3.44B,$1.04B,30.21%,$3.44B,$0.28B,8.00%,$3.44B,$0.28B,8.00%,$3.44B,$0.47B,13.61%,$3.44B,$0.22B,6.34%,$3.44B,$0.30B,8.84%,$0.30B,$1.21B,27.23%,$0.30B,$0.21B,297.31%,$0.30B,$3.39B,9.06%,$0.28B,$2.69B,10.55%,$913,$635,$277,$0,$146,$831,$82,$-13,$69,$16,$53,$53,$53,$130,$82,$98,100,$0.54,$0.53,$9,$342,$0,$894,$1465,$0,$1003,$26,$2494,$3388,$399,$1480,$32,$1774,$2174,$0,$960,$-48,$1214,$3388,$86,$96,$-2,$94,$-59,$-26,$-6,$-9,$-147,$33,$-64,$0,$0,$0,$0,$0,$0,$-64,$31,$5,$35,$8,$8,$-19,$-12,$12,$-19,$5,$-19
2,2018-03-31,34.21,$11.97,2.86,$33.87,1.01,$2.17,15.76,$2.73,12.53,$0.83B,$0.40B,2.07,$1.47B,$1.17B,1.26,$3.35B,$0.99B,29.59%,$3.35B,$0.23B,6.96%,$3.35B,$0.23B,6.96%,$3.35B,$0.43B,12.69%,$3.35B,$0.18B,5.34%,$3.35B,$0.27B,8.09%,$0.27B,$1.17B,25.96%,$0.27B,$0.16B,1260.47%,$0.27B,$3.34B,8.09%,$0.23B,$2.64B,9.12%,$799,$555,$244,$0,$140,$747,$52,$-11,$41,$8,$33,$33,$33,$99,$52,$97,100,$0.34,$0.33,$19,$334,$0,$833,$1467,$0,$1010,$26,$2503,$3336,$402,$1468,$32,$1765,$2167,$0,$917,$-48,$1169,$3336,$33,$48,$-4,$43,$5,$-18,$9,$-9,$-71,$5,$-22,$0,$0,$0,$0,$0,$0,$-22,$15,$7,$22,$7,$7,$-10,$-11,$8,$-9,$3,$-10
3,2017-12-31,22.56,$11.72,1.93,$33.63,0.67,$2.28,9.88,$2.46,9.17,$0.83B,$0.42B,1.96,$1.46B,$1.14B,1.29,$3.32B,$0.95B,28.65%,$3.32B,$0.20B,6.03%,$3.32B,$0.20B,6.03%,$3.32B,$0.39B,11.79%,$3.32B,$0.15B,4.46%,$3.32B,$0.24B,7.36%,$0.24B,$1.14B,24.94%,$0.24B,$0.12B,-471.50%,$0.24B,$3.32B,7.29%,$0.20B,$2.60B,8.02%,$859,$585,$273,$0,$143,$776,$83,$-20,$63,$-125,$188,$188,$188,$132,$83,$97,99,$1.94,$1.91,$28,$316,$0,$828,$1454,$0,$1018,$24,$2496,$3324,$423,$1461,$37,$1764,$2187,$0,$894,$-49,$1137,$3324,$244,$192,$-123,$68,$-51,$7,$10,$-8,$14,$325,$-138,$0,$-34,$0,$0,$0,$0,$-171,$-116,$0,$-116,$3,$3,$-39,$-3,$-155,$-1,$15,$-39
4,2017-09-30,21.27,$9.76,2.18,$32.88,0.65,$2.02,10.55,$0.75,28.36,$0.84B,$0.41B,2.07,$1.55B,$0.95B,1.64,$3.23B,$0.89B,27.55%,$3.23B,$0.16B,4.79%,$3.23B,$0.16B,4.79%,$3.23B,$0.34B,10.64%,$3.23B,$0.11B,3.46%,$3.23B,$0.07B,2.29%,$0.07B,$0.95B,8.04%,$0.07B,$-0.08B,-66.97%,$0.07B,$3.37B,2.22%,$0.16B,$2.50B,6.35%,$868,$623,$245,$0,$140,$810,$58,$-13,$45,$15,$30,$30,$30,$107,$58,$97,99,$0.31,$0.30,$11,$334,$0,$844,$1472,$0,$1026,$25,$2523,$3367,$407,$1552,$32,$2014,$2421,$0,$716,$-59,$946,$3367,$56,$142,$20,$162,$-76,$-11,$24,$-7,$-42,$176,$-108,$0,$-34,$0,$0,$0,$0,$-142,$-24,$2,$-22,$2,$2,$-29,$-3,$-52,$-18,$13,$-29
5,2017-06-30,20.33,$9.53,2.13,$32.01,0.63,$2.53,8.02,$0.77,26.4,$0.84B,$0.38B,2.19,$1.57B,$0.92B,1.7,$3.14B,$0.87B,27.81%,$3.14B,$0.15B,4.84%,$3.14B,$0.15B,4.84%,$3.14B,$0.34B,10.75%,$3.14B,$0.11B,3.53%,$3.14B,$0.08B,2.39%,$0.08B,$0.92B,8.27%,$0.08B,$-0.11B,-60.48%,$0.08B,$3.37B,2.27%,$0.15B,$2.49B,6.30%,$823,$594,$229,$0,$143,$783,$40,$-10,$30,$10,$20,$20,$20,$87,$40,$97,99,$0.20,$0.20,$7,$349,$0,$840,$1473,$0,$1034,$26,$2533,$3373,$384,$1565,$62,$2065,$2450,$0,$696,$-59,$923,$3373,$26,$94,$15,$109,$-58,$-25,$13,$-7,$-85,$49,$-74,$0,$-34,$0,$0,$0,$0,$-107,$51,$4,$55,$1,$1,$-19,$-1,$36,$-22,$10,$-19
6,2017-03-31,22.65,$9.37,2.42,$31.70,0.71,$3.01,7.53,$0.78,29.04,$0.80B,$0.42B,1.94,$1.48B,$0.91B,1.63,$3.11B,$0.86B,27.73%,$3.11B,$0.16B,5.02%,$3.11B,$0.16B,5.02%,$3.11B,$0.34B,11.01%,$3.11B,$0.11B,3.67%,$3.11B,$0.08B,2.45%,$0.08B,$0.91B,8.51%,$0.08B,$-0.14B,-55.47%,$0.08B,$3.32B,2.33%,$0.16B,$2.39B,6.53%,$766,$562,$203,$0,$139,$747,$19,$-8,$10,$4,$6,$6,$6,$65,$19,$97,98,$0.06,$0.06,$8,$341,$0,$803,$1453,$0,$1041,$26,$2520,$3323,$415,$1482,$79,$2001,$2416,$0,$686,$-60,$907,$3323,$6,$47,$9,$56,$-21,$-18,$41,$-13,$-29,$33,$-39,$0,$-34,$0,$0,$0,$0,$-72,$21,$6,$28,$1,$1,$-10,$-1,$18,$-21,$5,$-10
7,2016-12-31,21.53,$9.36,2.3,$31.50,0.68,$3.35,6.43,$0.89,24.19,$0.77B,$0.34B,2.26,$1.49B,$0.90B,1.64,$3.08B,$0.86B,28.05%,$3.08B,$0.17B,5.59%,$3.08B,$0.17B,5.59%,$3.08B,$0.36B,11.60%,$3.08B,$0.13B,4.19%,$3.08B,$0.09B,2.79%,$0.09B,$0.90B,9.76%,$0.09B,$-0.12B,-57.53%,$0.09B,$3.26B,2.66%,$0.17B,$2.39B,7.20%,$777,$564,$214,$0,$123,$740,$38,$-10,$27,$9,$18,$18,$18,$85,$38,$97,98,$0.19,$0.18,$29,$323,$0,$769,$1442,$0,$1020,$25,$2487,$3256,$341,$1485,$86,$2011,$2352,$0,$690,$-61,$904,$3256,$86,$187,$3,$190,$-27,$14,$-13,$19,$6,$282,$-122,$-3,$-15,$0,$-12,$-12,$0,$-152,$-67,$0,$-67,$2,$2,$-39,$-3,$-108,$23,$9,$-39
8,2016-09-30,18.39,$9.25,1.99,$31.37,0.59,$3.10,5.93,$0.82,22.42,$0.78B,$0.36B,2.18,$1.48B,$0.89B,1.66,$3.06B,$0.85B,27.81%,$3.06B,$0.16B,5.32%,$3.06B,$0.16B,5.32%,$3.06B,$0.35B,11.42%,$3.06B,$0.12B,3.92%,$3.06B,$0.08B,2.61%,$0.08B,$0.89B,9.24%,$0.08B,$-0.13B,-46.65%,$0.08B,$3.24B,2.48%,$0.16B,$2.38B,6.83%,$777,$549,$228,$0,$128,$722,$55,$-11,$44,$13,$31,$31,$31,$101,$55,$97,98,$0.32,$0.32,$9,$347,$0,$775,$1419,$0,$1028,$23,$2469,$3244,$356,$1484,$53,$1995,$2351,$0,$681,$-62,$894,$3244,$68,$139,$14,$154,$-23,$-11,$17,$15,$-9,$212,$-94,$-2,$-15,$0,$-12,$-12,$0,$-124,$-56,$0,$-56,$2,$2,$-29,$-3,$-86,$3,$7,$-29
9,2016-06-30,12.58,$9.00,1.4,$31.71,0.4,$2.73,4.6,$0.85,14.8,$0.78B,$0.33B,2.4,$1.54B,$0.87B,1.77,$3.10B,$0.86B,27.85%,$3.10B,$0.17B,5.49%,$3.10B,$0.17B,5.49%,$3.10B,$0.35B,11.44%,$3.10B,$0.13B,4.10%,$3.10B,$0.08B,2.68%,$0.08B,$0.87B,9.70%,$0.08B,$-0.16B,-43.97%,$0.08B,$3.24B,2.57%,$0.17B,$2.41B,7.07%,$785,$569,$216,$0,$127,$741,$44,$-11,$33,$12,$21,$21,$21,$91,$44,$97,98,$0.21,$0.21,$8,$332,$0,$782,$1411,$0,$1032,$11,$2454,$3236,$327,$1537,$45,$2041,$2367,$0,$660,$-62,$869,$3236,$37,$93,$9,$102,$-51,$4,$-6,$18,$-49,$90,$-68,$-2,$0,$0,$-1,$-1,$0,$-70,$4,$0,$4,$1,$1,$-19,$-3,$-18,$1,$5,$-19
10,2016-03-31,13.29,$8.87,1.5,$30.54,0.43,$2.60,5.11,$0.99,13.42,$0.75B,$0.33B,2.25,$1.52B,$0.86B,1.78,$2.98B,$0.85B,28.41%,$2.98B,$0.19B,6.27%,$2.98B,$0.19B,6.27%,$2.98B,$0.36B,12.18%,$2.98B,$0.15B,4.93%,$2.98B,$0.10B,3.22%,$0.10B,$0.86B,11.36%,$0.10B,$-0.19B,-46.43%,$0.10B,$3.21B,2.96%,$0.19B,$2.38B,7.76%,$738,$533,$205,$0,$126,$704,$35,$-10,$25,$9,$16,$16,$16,$80,$35,$96,98,$0.17,$0.17,$7,$335,$0,$751,$1412,$0,$1040,$9,$2462,$3213,$334,$1524,$39,$2023,$2357,$0,$649,$-63,$856,$3213,$16,$46,$6,$51,$-8,$1,$8,$10,$-9,$59,$-31,$-1,$0,$0,$0,$0,$0,$-32,$-14,$0,$-14,$1,$1,$-10,$-3,$-27,$0,$3,$-10
11,2015-12-31,21.5,$8.78,2.45,$28.57,0.75,$1.98,10.84,$1.09,19.73,$0.75B,$0.35B,2.16,$1.54B,$0.85B,1.83,$2.79B,$0.81B,28.90%,$2.79B,$0.20B,7.14%,$2.79B,$0.20B,7.14%,$2.79B,$0.37B,13.12%,$2.79B,$0.16B,5.81%,$2.79B,$0.11B,3.80%,$0.11B,$0.85B,12.76%,$0.11B,$-0.20B,-87.60%,$0.11B,$3.22B,3.43%,$0.20B,$2.39B,8.73%,$764,$561,$203,$0,$127,$735,$29,$-11,$18,$6,$12,$12,$12,$78,$29,$96,98,$0.12,$0.12,$7,$336,$0,$754,$1406,$0,$1049,$13,$2468,$3222,$350,$1544,$24,$2027,$2377,$0,$642,$-63,$845,$3222,$106,$168,$14,$182,$9,$-7,$-13,$-14,$-26,$262,$-127,$0,$-617,$0,$0,$0,$0,$-744,$508,$0,$508,$2,$2,$-39,$-12,$460,$-22,$10,$-39
12,2015-09-30,15.65,$8.86,1.77,$26.52,0.59,$2.40,6.52,$1.32,11.85,$0.77B,$0.34B,2.26,$1.59B,$0.85B,1.86,$2.59B,$0.78B,30.10%,$2.59B,$0.23B,8.96%,$2.59B,$0.23B,8.96%,$2.59B,$0.39B,14.95%,$2.59B,$0.20B,7.57%,$2.59B,$0.13B,4.95%,$0.13B,$0.85B,15.72%,$0.13B,$-0.20B,-350.68%,$0.13B,$3.25B,4.38%,$0.23B,$2.44B,10.85%,$808,$569,$238,$0,$134,$746,$62,$-11,$51,$16,$34,$34,$34,$105,$62,$96,98,$0.36,$0.35,$8,$334,$0,$774,$1406,$0,$1056,$13,$2476,$3250,$343,$1590,$20,$2054,$2397,$0,$640,$-51,$853,$3250,$95,$119,$7,$126,$-27,$-6,$-11,$-0,$-44,$177,$-95,$0,$-617,$0,$0,$0,$0,$-712,$552,$2,$554,$2,$2,$-29,$-12,$515,$-21,$8,$-29
13,2015-06-30,21.78,$8.58,2.54,$24.38,0.89,$2.52,8.63,$1.53,14.23,$0.82B,$0.41B,1.99,$1.61B,$0.83B,1.94,$2.38B,$0.75B,31.54%,$2.38B,$0.26B,11.10%,$2.38B,$0.26B,11.10%,$2.38B,$0.41B,17.37%,$2.38B,$0.23B,9.55%,$2.38B,$0.15B,6.22%,$0.15B,$0.83B,18.41%,$0.15B,$-0.24B,266.67%,$0.15B,$3.31B,5.26%,$0.26B,$2.43B,13.00%,$671,$470,$201,$0,$102,$610,$61,$-9,$53,$19,$34,$34,$34,$100,$61,$96,98,$0.36,$0.35,$29,$339,$0,$824,$1408,$0,$1061,$12,$2481,$3305,$414,$1605,$17,$2064,$2479,$0,$616,$-52,$826,$3305,$60,$75,$3,$78,$-59,$-10,$9,$3,$-66,$73,$-64,$0,$-617,$0,$0,$0,$0,$-680,$634,$4,$638,$1,$1,$-19,$-12,$608,$0,$7,$-19
14,2015-03-31,30.81,$8.30,3.71,$23.57,1.31,$2.79,11.04,$1.71,18.02,$0.55B,$0.28B,1.96,$1.06B,$0.80B,1.32,$2.30B,$0.75B,32.52%,$2.30B,$0.29B,12.54%,$2.30B,$0.29B,12.54%,$2.30B,$0.43B,18.89%,$2.30B,$0.25B,10.93%,$2.30B,$0.17B,7.18%,$0.17B,$0.80B,20.99%,$0.17B,$0.16B,117.44%,$0.17B,$2.59B,6.18%,$0.29B,$1.85B,15.12%,$546,$382,$164,$0,$82,$499,$47,$-7,$40,$14,$26,$26,$26,$83,$47,$96,98,$0.27,$0.27,$11,$256,$0,$552,$1385,$0,$641,$10,$2036,$2588,$282,$1055,$8,$1508,$1789,$0,$591,$-52,$799,$2588,$26,$36,$2,$38,$-27,$-17,$-0,$-11,$-68,$-4,$-29,$0,$0,$0,$0,$0,$0,$-29,$18,$7,$25,$1,$1,$-10,$-1,$15,$-18,$4,$-10
15,2014-12-31,27.41,$8.10,3.38,$23.62,1.16,$3.19,8.59,$1.77,15.49,$0.52B,$0.28B,1.86,$1.05B,$0.78B,1.34,$2.30B,$0.75B,32.57%,$2.30B,$0.30B,13.00%,$2.30B,$0.30B,13.00%,$2.30B,$0.44B,19.26%,$2.30B,$0.26B,11.30%,$2.30B,$0.17B,7.43%,$0.17B,$0.78B,22.45%,$0.17B,$0.13B,149.34%,$0.17B,$2.56B,6.34%,$0.30B,$1.82B,15.64%,$563,$387,$176,$0,$79,$501,$62,$-10,$52,$18,$34,$34,$34,$99,$62,$96,97,$0.34,$0.34,$28,$238,$0,$516,$1387,$0,$644,$10,$2041,$2556,$277,$1046,$8,$1501,$1778,$0,$575,$-52,$778,$2556,$172,$142,$5,$147,$4,$-23,$-6,$-4,$-6,$313,$-137,$0,$0,$0,$0,$0,$0,$-137,$-162,$0,$-162,$1,$1,$-0,$-0,$-160,$16,$7,$-0
16,2014-09-30,26.07,$8.46,3.08,$23.66,1.1,$3.47,7.5,$1.87,13.94,$0.61B,$0.27B,2.29,$1.20B,$0.81B,1.48,$2.30B,$0.75B,32.74%,$2.30B,$0.31B,13.52%,$2.30B,$0.31B,13.52%,$2.30B,$0.45B,19.65%,$2.30B,$0.27B,11.83%,$2.30B,$0.18B,7.83%,$0.18B,$0.81B,24.53%,$0.18B,$0.17B,213.02%,$0.18B,$2.80B,6.62%,$0.31B,$2.01B,16.19%,$598,$389,$209,$0,$80,$504,$94,$-12,$82,$28,$54,$54,$54,$131,$94,$96,98,$0.57,$0.56,$106,$233,$0,$614,$1399,$0,$647,$135,$2182,$2796,$269,$1200,$9,$1715,$1984,$0,$550,$8,$812,$2796,$138,$106,$-4,$102,$-24,$-17,$-4,$-2,$-34,$206,$-112,$0,$0,$0,$0,$0,$0,$-112,$-4,$1,$-2,$1,$1,$0,$0,$-1,$93,$6,$0
17,2014-06-30,30.88,$7.88,3.92,$23.08,1.34,$3.68,8.4,$1.77,17.45,$0.56B,$0.29B,1.92,$1.17B,$0.76B,1.55,$2.24B,$0.73B,32.57%,$2.24B,$0.30B,13.30%,$2.24B,$0.30B,13.30%,$2.24B,$0.43B,19.28%,$2.24B,$0.26B,11.65%,$2.24B,$0.17B,7.59%,$0.17B,$0.76B,24.88%,$0.17B,$0.11B,601.77%,$0.17B,$2.74B,6.33%,$0.30B,$1.93B,15.93%,$590,$392,$198,$0,$79,$505,$85,$-8,$77,$26,$51,$51,$51,$121,$85,$96,97,$0.54,$0.53,$49,$225,$0,$556,$1396,$0,$651,$133,$2180,$2735,$290,$1172,$9,$1690,$1980,$0,$496,$8,$755,$2735,$84,$70,$-2,$67,$-31,$-10,$-1,$-1,$-42,$109,$-74,$0,$0,$0,$0,$0,$0,$-74,$-2,$3,$1,$1,$1,$0,$0,$1,$36,$4,$0
18,2014-03-31,26.88,$7.32,3.67,$20.40,1.32,$3.71,7.25,$1.46,18.41,$0.52B,$0.29B,1.81,$1.18B,$0.70B,1.68,$1.98B,$0.63B,32.02%,$1.98B,$0.25B,12.54%,$1.98B,$0.25B,12.54%,$1.98B,$0.36B,18.41%,$1.98B,$0.22B,10.93%,$1.98B,$0.14B,7.08%,$0.14B,$0.70B,22.04%,$0.14B,$0.05B,191.78%,$0.14B,$2.69B,6.12%,$0.25B,$1.89B,15.48%,$549,$383,$166,$0,$75,$491,$58,$-9,$49,$17,$32,$32,$32,$92,$58,$96,97,$0.34,$0.33,$24,$231,$0,$518,$1395,$0,$648,$132,$2176,$2694,$286,$1183,$9,$1706,$1992,$0,$444,$8,$702,$2694,$32,$34,$1,$35,$-5,$-13,$5,$-7,$-28,$39,$-32,$0,$0,$0,$0,$0,$0,$-32,$0,$5,$5,$0,$0,$0,$-1,$4,$11,$3,$0
19,2013-12-31,26.03,$6.96,3.74,$18.07,1.44,$3.63,7.17,$1.32,19.72,$0.48B,$0.27B,1.78,$1.19B,$0.67B,1.79,$1.75B,$0.56B,32.15%,$1.75B,$0.22B,12.64%,$1.75B,$0.22B,12.64%,$1.75B,$0.32B,18.36%,$1.75B,$0.20B,11.16%,$1.75B,$0.13B,7.21%,$0.13B,$0.67B,21.19%,$0.13B,$0.01B,101.41%,$0.13B,$2.65B,6.64%,$0.22B,$1.86B,16.50%,$563,$384,$180,$0,$73,$490,$74,$-10,$64,$20,$43,$43,$43,$108,$74,$95,97,$0.46,$0.45,$13,$217,$0,$481,$1390,$0,$652,$129,$2171,$2652,$270,$1192,$9,$1716,$1986,$0,$412,$8,$666,$2652,$127,$100,$59,$159,$-11,$3,$-6,$15,$13,$299,$-97,$0,$-538,$0,$0,$0,$0,$-635,$347,$0,$347,$2,$2,$0,$-17,$333,$-4,$5,$0
20,2013-09-30,19.95,$6.39,3.12,$15.40,1.29,$2.49,8.01,$0.98,20.35,$0.50B,$0.33B,1.49,$1.20B,$0.61B,1.97,$1.49B,$0.46B,31.16%,$1.49B,$0.17B,11.17%,$1.49B,$0.17B,11.17%,$1.49B,$0.25B,16.76%,$1.49B,$0.15B,9.89%,$1.49B,$0.09B,6.26%,$0.09B,$0.61B,16.67%,$0.09B,$-0.06B,51.81%,$0.09B,$2.66B,6.12%,$0.17B,$1.81B,15.40%,$539,$352,$186,$0,$77,$458,$81,$-9,$71,$27,$44,$44,$44,$111,$81,$95,97,$0.47,$0.46,$12,$223,$0,$498,$1366,$0,$670,$122,$2159,$2657,$334,$1202,$13,$1713,$2047,$0,$369,$-3,$610,$2657,$84,$66,$38,$104,$-21,$-4,$-16,$2,$-19,$169,$-56,$0,$-537,$0,$0,$0,$0,$-594,$435,$1,$437,$2,$2,$0,$-18,$421,$-4,$4,$0
21,2013-06-30,18.72,$5.90,3.17,$13.08,1.43,$2.12,8.82,$0.71,26.37,$0.28B,$0.16B,1.8,$0.29B,$0.56B,0.52,$1.26B,$0.37B,29.20%,$1.26B,$0.12B,9.23%,$1.26B,$0.12B,9.23%,$1.26B,$0.19B,14.80%,$1.26B,$0.10B,8.27%,$1.26B,$0.07B,5.33%,$0.07B,$0.56B,12.04%,$0.07B,$0.28B,24.47%,$0.07B,$1.14B,5.87%,$0.12B,$0.85B,13.65%,$326,$226,$101,$0,$49,$292,$35,$-3,$32,$11,$21,$21,$21,$53,$35,$95,96,$0.22,$0.22,$8,$114,$0,$281,$578,$0,$279,$4,$861,$1142,$156,$290,$11,$423,$579,$0,$324,$-3,$563,$1142,$39,$36,$16,$52,$-28,$-1,$-8,$6,$-21,$71,$-33,$0,$0,$0,$0,$0,$0,$-33,$-50,$2,$-48,$1,$1,$0,$1,$-46,$-8,$3,$0
22,2013-03-31,12.96,$5.68,2.28,$12.91,1.0,$2.25,5.76,$0.69,18.91,$0.28B,$0.18B,1.54,$0.30B,$0.54B,0.55,$1.24B,$0.36B,29.02%,$1.24B,$0.11B,9.14%,$1.24B,$0.11B,9.14%,$1.24B,$0.18B,14.71%,$1.24B,$0.10B,8.16%,$1.24B,$0.06B,5.17%,$0.06B,$0.54B,11.39%,$0.06B,$0.26B,23.25%,$0.06B,$1.14B,5.63%,$0.11B,$0.84B,13.20%,$320,$225,$95,$0,$47,$289,$31,$-3,$28,$9,$18,$18,$18,$49,$31,$95,96,$0.19,$0.19,$8,$111,$0,$277,$577,$0,$281,$4,$863,$1140,$179,$295,$12,$421,$600,$0,$303,$-3,$540,$1140,$18,$18,$7,$25,$-25,$3,$-8,$4,$-28,$16,$-17,$0,$0,$0,$0,$0,$0,$-17,$-11,$3,$-9,$1,$1,$0,$0,$-8,$-9,$2,$0
23,2012-12-31,10.34,$5.46,1.9,$12.72,0.81,$2.35,4.39,$0.66,15.67,$0.27B,$0.20B,1.34,$0.29B,$0.52B,0.57,$1.22B,$0.35B,28.76%,$1.22B,$0.11B,8.96%,$1.22B,$0.11B,8.96%,$1.22B,$0.18B,14.54%,$1.22B,$0.10B,7.97%,$1.22B,$0.06B,5.09%,$0.06B,$0.52B,10.91%,$0.06B,$0.24B,22.38%,$0.06B,$1.14B,5.45%,$0.11B,$0.81B,12.51%,$301,$220,$81,$0,$46,$282,$19,$-2,$16,$6,$10,$10,$10,$36,$19,$93,95,$0.12,$0.10,$16,$114,$0,$272,$576,$0,$283,$4,$864,$1136,$203,$294,$11,$415,$618,$0,$285,$-3,$518,$1136,$63,$67,$23,$90,$-2,$-1,$9,$-5,$6,$158,$-67,$0,$-0,$0,$0,$0,$0,$-68,$14,$0,$14,$2,$2,$-95,$-2,$-82,$8,$5,$-95
24,2012-09-30,9.47,$6.46,1.47,$12.40,0.76,$2.39,3.96,$1.33,7.12,$0.29B,$0.13B,2.25,$0.29B,$0.61B,0.49,$1.19B,$0.34B,28.78%,$1.19B,$0.11B,9.37%,$1.19B,$0.11B,9.37%,$1.19B,$0.18B,14.94%,$1.19B,$0.10B,8.35%,$1.19B,$0.13B,10.63%,$0.13B,$0.61B,21.90%,$0.13B,$0.32B,45.08%,$0.13B,$1.15B,11.11%,$0.11B,$0.90B,12.49%,$310,$219,$90,$0,$44,$278,$31,$-3,$28,$10,$18,$18,$18,$48,$31,$93,96,$0.20,$0.19,$36,$105,$0,$290,$566,$0,$288,$5,$858,$1148,$129,$294,$11,$414,$543,$0,$370,$-2,$605,$1148,$52,$49,$26,$75,$-14,$5,$-3,$0,$-10,$117,$-41,$0,$-0,$0,$0,$0,$0,$-42,$-50,$1,$-49,$1,$1,$0,$1,$-47,$28,$4,$0
25,2012-06-30,6.71,$6.26,1.07,$11.44,0.59,$2.42,2.77,$1.32,5.1,$0.26B,$0.13B,2.02,$0.29B,$0.59B,0.5,$1.09B,$0.32B,29.42%,$1.09B,$0.11B,10.08%,$1.09B,$0.11B,10.08%,$1.09B,$0.17B,15.67%,$1.09B,$0.10B,9.17%,$1.09B,$0.12B,11.37%,$0.12B,$0.59B,22.87%,$0.12B,$0.29B,41.33%,$0.12B,$1.13B,11.89%,$0.11B,$0.88B,13.72%,$306,$213,$93,$0,$45,$274,$32,$-4,$29,$10,$18,$18,$18,$49,$32,$93,95,$0.20,$0.20,$10,$110,$0,$260,$566,$0,$295,$4,$865,$1125,$129,$293,$11,$411,$540,$0,$352,$-2,$585,$1125,$34,$32,$17,$50,$-6,$-0,$4,$2,$-7,$77,$-27,$0,$-0,$0,$0,$0,$0,$-28,$-50,$2,$-48,$1,$1,$0,$0,$-48,$2,$4,$0
26,2012-03-31,8.34,$6.07,1.37,$10.50,0.79,$2.32,3.59,$1.31,6.36,$0.27B,$0.13B,2.03,$0.33B,$0.57B,0.58,$1.00B,$0.30B,30.00%,$1.00B,$0.11B,10.90%,$1.00B,$0.11B,10.90%,$1.00B,$0.17B,16.60%,$1.00B,$0.10B,10.10%,$1.00B,$0.12B,12.40%,$0.12B,$0.57B,24.33%,$0.12B,$0.27B,38.45%,$0.12B,$1.14B,13.05%,$0.11B,$0.90B,15.20%,$300,$214,$86,$0,$43,$272,$27,$-3,$24,$9,$16,$16,$16,$44,$27,$93,96,$0.17,$0.17,$20,$113,$0,$273,$564,$0,$299,$5,$867,$1140,$134,$329,$12,$440,$575,$0,$334,$-2,$565,$1140,$16,$16,$8,$24,$-6,$-3,$-1,$0,$-20,$20,$-11,$0,$-0,$0,$0,$0,$0,$-11,$0,$2,$2,$1,$1,$0,$0,$3,$12,$2,$0
27,2011-12-31,6.66,$5.88,1.13,$9.55,0.7,$2.31,2.88,$1.31,5.1,$0.25B,$0.14B,1.86,$0.34B,$0.55B,0.61,$0.91B,$0.28B,30.65%,$0.91B,$0.11B,11.80%,$0.91B,$0.11B,11.80%,$0.91B,$0.16B,17.64%,$0.91B,$0.10B,11.25%,$0.91B,$0.12B,13.56%,$0.12B,$0.55B,25.76%,$0.12B,$0.25B,35.55%,$0.12B,$1.12B,14.52%,$0.11B,$0.88B,17.14%,$269,$197,$72,$0,$37,$248,$21,$-3,$18,$-57,$74,$74,$74,$36,$21,$93,95,$0.80,$0.79,$8,$110,$0,$252,$567,$0,$301,$4,$872,$1124,$136,$336,$12,$442,$578,$0,$318,$-2,$546,$1124,$124,$54,$46,$100,$-6,$-4,$-9,$-4,$-87,$136,$-43,$0,$-381,$0,$0,$0,$0,$-424,$240,$0,$240,$1,$1,$0,$-14,$228,$-59,$4,$0
28,2011-09-30,5.88,$5.10,1.15,$8.84,0.66,$2.36,2.49,$0.67,8.84,$0.23B,$0.12B,1.96,$0.08B,$0.47B,0.17,$0.84B,$0.26B,31.03%,$0.84B,$0.10B,12.41%,$0.84B,$0.10B,12.41%,$0.84B,$0.15B,18.38%,$0.84B,$0.10B,11.93%,$0.84B,$0.06B,7.40%,$0.06B,$0.47B,13.91%,$0.06B,$0.40B,16.21%,$0.06B,$0.78B,8.31%,$0.10B,$0.55B,19.57%,$216,$146,$70,$0,$28,$186,$30,$-1,$29,$12,$16,$16,$16,$42,$30,$93,95,$0.18,$0.18,$67,$78,$0,$234,$458,$0,$74,$17,$549,$783,$119,$79,$64,$191,$310,$0,$244,$0,$473,$783,$50,$38,$33,$71,$-12,$-5,$2,$-2,$-16,$104,$-26,$0,$-50,$0,$0,$0,$-15,$-91,$-14,$1,$-14,$1,$1,$0,$-1,$-13,$-0,$3,$0
29,2011-06-30,7.01,$4.91,1.43,$8.77,0.8,$2.26,3.1,$0.90,7.79,$0.22B,$0.11B,2.01,$0.08B,$0.46B,0.19,$0.83B,$0.26B,30.76%,$0.83B,$0.10B,12.18%,$0.83B,$0.10B,12.18%,$0.83B,$0.15B,18.09%,$0.83B,$0.10B,11.70%,$0.83B,$0.08B,10.13%,$0.08B,$0.46B,19.61%,$0.08B,$0.38B,22.31%,$0.08B,$0.76B,11.60%,$0.10B,$0.54B,19.47%,$215,$143,$72,$0,$29,$184,$31,$-1,$30,$11,$18,$18,$18,$44,$31,$93,95,$0.20,$0.19,$50,$75,$0,$220,$456,$0,$75,$4,$535,$755,$109,$84,$71,$191,$300,$0,$227,$-0,$455,$755,$33,$25,$16,$42,$-15,$-2,$-3,$-1,$-22,$53,$-13,$0,$-50,$0,$0,$0,$0,$-63,$-9,$1,$-8,$1,$1,$0,$-0,$-8,$-18,$3,$0
30,2011-03-31,7.27,$4.73,1.54,$8.63,0.84,$2.29,3.17,$0.79,9.25,$0.19B,$0.10B,1.81,$0.09B,$0.44B,0.2,$0.81B,$0.24B,28.91%,$0.81B,$0.08B,10.21%,$0.81B,$0.08B,10.21%,$0.81B,$0.13B,15.99%,$0.81B,$0.08B,9.59%,$0.81B,$0.07B,8.98%,$0.07B,$0.44B,17.99%,$0.07B,$0.36B,19.97%,$0.07B,$0.73B,10.34%,$0.08B,$0.52B,16.57%,$207,$143,$64,$0,$27,$181,$25,$-1,$25,$10,$15,$15,$15,$38,$25,$92,95,$0.17,$0.16,$22,$74,$0,$187,$460,$0,$76,$4,$540,$727,$103,$88,$69,$188,$291,$0,$209,$-0,$436,$727,$15,$12,$9,$21,$-7,$-1,$-1,$-2,$-24,$12,$-5,$0,$-50,$0,$0,$0,$0,$-54,$-5,$2,$-3,$0,$0,$0,$-0,$-3,$-45,$2,$0
31,2010-12-31,6.47,$4.54,1.43,$8.34,0.78,$2.38,2.72,$0.70,9.31,$0.22B,$0.12B,1.92,$0.09B,$0.42B,0.22,$0.78B,$0.22B,27.75%,$0.78B,$0.07B,8.95%,$0.78B,$0.07B,8.95%,$0.78B,$0.12B,14.83%,$0.78B,$0.06B,8.06%,$0.78B,$0.06B,8.18%,$0.06B,$0.42B,16.59%,$0.06B,$0.39B,17.93%,$0.06B,$0.72B,9.23%,$0.07B,$0.51B,14.40%,$200,$146,$54,$0,$25,$182,$18,$-1,$16,$3,$13,$13,$13,$30,$18,$92,94,$0.15,$0.14,$67,$73,$0,$222,$466,$0,$27,$4,$497,$720,$116,$93,$68,$186,$301,$0,$194,$-0,$419,$720,$65,$47,$-20,$27,$-8,$-12,$3,$48,$44,$136,$-38,$0,$1,$0,$0,$0,$3,$-35,$-37,$0,$-37,$1,$1,$0,$0,$-36,$65,$4,$0
32,2010-09-30,5.14,$4.38,1.17,$8.57,0.6,$3.79,1.36,$0.83,6.19,$0.20B,$0.11B,1.84,$0.10B,$0.40B,0.24,$0.75B,$0.25B,32.80%,$0.75B,$0.10B,12.99%,$0.75B,$0.10B,12.99%,$0.75B,$0.15B,19.68%,$0.75B,$0.09B,11.91%,$0.75B,$0.08B,10.17%,$0.08B,$0.40B,20.64%,$0.08B,$0.38B,22.45%,$0.08B,$0.70B,11.17%,$0.10B,$0.50B,20.39%,$207,$142,$65,$0,$28,$181,$27,$-1,$26,$-13,$38,$38,$38,$38,$27,$92,94,$0.42,$0.41,$42,$72,$0,$200,$463,$0,$28,$4,$495,$695,$108,$97,$59,$183,$291,$0,$181,$-1,$403,$695,$52,$35,$-16,$20,$-14,$-10,$-0,$11,$20,$91,$-24,$0,$1,$0,$0,$0,$3,$-21,$-33,$1,$-32,$1,$1,$0,$-0,$-31,$39,$3,$0
33,2010-06-30,4.71,$3.97,1.19,$8.67,0.54,$4.50,1.05,$0.77,6.16,$0.18B,$0.11B,1.67,$0.10B,$0.37B,0.28,$0.71B,$0.26B,37.18%,$0.71B,$0.12B,16.34%,$0.71B,$0.12B,16.34%,$0.71B,$0.17B,24.23%,$0.71B,$0.10B,14.65%,$0.71B,$0.06B,9.01%,$0.06B,$0.37B,18.38%,$0.06B,$0.34B,20.21%,$0.06B,$0.68B,9.52%,$0.12B,$0.47B,24.27%,$199,$147,$52,$0,$29,$187,$13,$-2,$11,$4,$7,$7,$7,$24,$13,$92,94,$0.08,$0.08,$24,$70,$0,$183,$464,$0,$29,$4,$497,$681,$110,$104,$52,$206,$316,$0,$143,$-0,$365,$681,$13,$24,$9,$33,$-12,$-9,$5,$10,$12,$58,$-16,$0,$1,$0,$0,$0,$0,$-15,$-25,$1,$-24,$1,$1,$0,$-0,$-24,$19,$2,$0
34,2010-03-31,5.02,$3.89,1.29,$9.28,0.54,$4.92,1.02,$1.01,5.0,$0.18B,$0.11B,1.56,$0.11B,$0.36B,0.3,$0.67B,$0.28B,41.98%,$0.67B,$0.14B,20.39%,$0.67B,$0.14B,20.39%,$0.67B,$0.20B,29.39%,$0.67B,$0.12B,18.29%,$0.67B,$0.08B,11.24%,$0.08B,$0.36B,24.21%,$0.08B,$0.33B,27.17%,$0.08B,$0.68B,11.14%,$0.14B,$0.46B,27.42%,$176,$130,$46,$0,$23,$165,$12,$-2,$10,$4,$6,$6,$6,$24,$12,$91,93,$0.07,$0.07,$6,$70,$0,$175,$467,$0,$30,$5,$502,$677,$112,$108,$54,$209,$321,$0,$135,$-0,$356,$677,$6,$12,$4,$16,$-1,$-8,$6,$1,$1,$23,$-7,$0,$1,$0,$0,$0,$0,$-7,$-17,$2,$-15,$0,$0,$0,$0,$-15,$1,$1,$0
35,2009-12-31,4.16,$3.84,1.08,$9.86,0.42,$4.57,0.91,$1.13,3.68,$0.16B,$0.11B,1.52,$0.12B,$0.35B,0.35,$0.63B,$0.28B,43.99%,$0.63B,$0.15B,23.73%,$0.63B,$0.15B,23.73%,$0.63B,$0.21B,33.70%,$0.63B,$0.13B,20.89%,$0.63B,$0.08B,12.66%,$0.08B,$0.35B,29.77%,$0.08B,$0.32B,34.45%,$0.08B,$0.67B,11.79%,$0.15B,$0.47B,28.85%,$165,$83,$82,$0,$23,$120,$45,$-3,$42,$17,$25,$25,$25,$61,$45,$69,70,$0.30,$0.29,$5,$61,$0,$162,$470,$0,$32,$5,$507,$669,$107,$121,$48,$214,$320,$0,$129,$-0,$349,$669,$80,$61,$6,$67,$10,$23,$11,$27,$54,$201,$-29,$0,$32,$0,$0,$0,$-3,$0,$-288,$0,$-288,$85,$85,$0,$-0,$-203,$-2,$2,$0
36,2009-09-30,3.44,$3.55,0.97,$10.14,0.34,$2.47,1.39,$0.89,3.87,$0.15B,$0.09B,1.75,$0.19B,$0.32B,0.58,$0.65B,$0.25B,38.37%,$0.65B,$0.12B,18.03%,$0.65B,$0.12B,18.03%,$0.65B,$0.18B,27.43%,$0.65B,$0.09B,14.33%,$0.65B,$0.06B,8.78%,$0.06B,$0.32B,25.14%,$0.06B,$0.29B,30.77%,$0.06B,$0.66B,8.22%,$0.12B,$0.51B,21.47%,$170,$87,$84,$0,$23,$124,$46,$-5,$41,$16,$26,$26,$26,$63,$46,$73,74,$0.35,$0.35,$6,$62,$0,$154,$470,$0,$35,$2,$507,$661,$88,$187,$24,$250,$338,$0,$104,$-0,$323,$661,$55,$45,$-0,$45,$9,$23,$-5,$-15,$24,$124,$-19,$0,$32,$0,$0,$0,$-3,$11,$-220,$0,$-220,$85,$85,$0,$-0,$-136,$-1,$2,$0
37,2009-06-30,1.98,$3.72,0.53,$10.57,0.19,$1.25,1.59,$0.58,3.45,$0.17B,$0.10B,1.65,$0.33B,$0.21B,1.56,$0.69B,$0.22B,32.31%,$0.69B,$0.09B,12.37%,$0.69B,$0.09B,12.37%,$0.69B,$0.14B,20.82%,$0.69B,$0.06B,8.30%,$0.69B,$0.03B,4.80%,$0.03B,$0.21B,17.32%,$0.03B,$0.17B,23.04%,$0.03B,$0.69B,4.58%,$0.09B,$0.54B,14.83%,$156,$88,$68,$0,$21,$123,$33,$-5,$29,$10,$18,$18,$18,$48,$33,$57,57,$0.32,$0.32,$22,$66,$0,$170,$476,$0,$38,$3,$517,$687,$103,$329,$6,$373,$476,$0,$78,$-0,$211,$687,$29,$29,$-4,$25,$10,$19,$-6,$-12,$9,$63,$-13,$0,$33,$0,$0,$0,$-3,$18,$-62,$0,$-62,$0,$0,$0,$-0,$-63,$18,$1,$0
38,2009-03-31,1.04,$3.39,0.31,$8.76,0.12,$0.60,1.73,$0.37,2.81,$0.17B,$0.10B,1.68,$0.37B,$0.19B,1.91,$0.60B,$0.18B,30.22%,$0.60B,$0.07B,10.85%,$0.60B,$0.07B,10.85%,$0.60B,$0.11B,18.53%,$0.60B,$0.04B,6.84%,$0.60B,$0.02B,3.84%,$0.02B,$0.19B,12.92%,$0.02B,$0.15B,16.64%,$0.02B,$0.70B,3.79%,$0.07B,$0.56B,13.38%,$141,$96,$44,$0,$22,$114,$26,$-6,$20,$9,$11,$11,$11,$41,$26,$57,57,$0.20,$0.20,$2,$79,$0,$174,$479,$0,$42,$4,$524,$698,$103,$367,$6,$402,$505,$0,$60,$-0,$192,$698,$11,$14,$-9,$5,$12,$6,$-3,$-26,$-20,$-4,$-6,$0,$36,$0,$0,$0,$-3,$27,$-26,$0,$-26,$0,$0,$0,$-0,$-26,$-3,$1,$0
39,2008-12-31,1.01,$3.19,0.32,$7.27,0.14,$0.88,1.14,$0.28,3.6,$0.19B,$0.13B,1.5,$0.39B,$0.18B,2.15,$0.53B,$0.16B,31.05%,$0.53B,$0.05B,9.71%,$0.53B,$0.05B,9.71%,$0.53B,$0.08B,16.00%,$0.53B,$0.03B,6.10%,$0.53B,$0.02B,3.62%,$0.02B,$0.18B,11.31%,$0.02B,$0.13B,13.92%,$0.02B,$0.73B,3.88%,$0.05B,$0.57B,13.03%,$182,$129,$53,$0,$28,$170,$12,$-9,$3,$1,$2,$2,$2,$26,$12,$53,69,$0.02,$0.04,$4,$90,$0,$191,$484,$0,$52,$1,$536,$727,$127,$389,$6,$420,$546,$0,$49,$-0,$181,$727,$20,$34,$19,$52,$-1,$-14,$2,$-6,$-25,$47,$-23,$0,$-467,$0,$0,$0,$0,$-491,$388,$0,$388,$15,$15,$0,$-13,$391,$-52,$2,$0
40,2008-09-30,2.69,$3.15,0.85,$5.53,0.49,$1.09,2.46,$0.36,7.46,$0.23B,$0.12B,1.91,$0.44B,$0.18B,2.49,$0.41B,$0.14B,33.33%,$0.41B,$0.05B,12.75%,$0.41B,$0.05B,12.75%,$0.41B,$0.08B,18.38%,$0.41B,$0.04B,10.29%,$0.41B,$0.03B,6.37%,$0.03B,$0.18B,16.38%,$0.03B,$0.12B,18.81%,$0.03B,$0.77B,7.13%,$0.05B,$0.62B,17.73%,$208,$151,$57,$0,$30,$194,$14,$-9,$5,$3,$2,$2,$2,$28,$14,$54,76,$0.05,$0.03,$42,$74,$0,$227,$482,$0,$58,$2,$542,$769,$119,$443,$7,$472,$590,$0,$47,$0,$178,$769,$18,$20,$14,$34,$-17,$0,$-4,$-5,$-24,$28,$-13,$0,$-470,$0,$0,$0,$0,$-483,$438,$0,$438,$15,$15,$0,$-13,$440,$-15,$1,$0
41,2008-06-30,2.82,$3.17,0.89,$3.70,0.76,$1.26,2.24,$0.44,6.49,$0.12B,$0.04B,3.26,$0.03B,$0.16B,0.18,$0.27B,$0.11B,39.47%,$0.27B,$0.05B,19.17%,$0.27B,$0.05B,19.17%,$0.27B,$0.06B,23.68%,$0.27B,$0.05B,18.42%,$0.27B,$0.03B,12.03%,$0.03B,$0.16B,21.66%,$0.03B,$0.15B,22.86%,$0.03B,$0.23B,14.16%,$0.05B,$0.19B,27.91%,$68,$41,$27,$0,$11,$55,$13,$-0,$13,$5,$8,$8,$8,$16,$13,$51,73,$0.16,$0.11,$57,$17,$3,$115,$104,$0,$8,$7,$120,$234,$35,$30,$0,$38,$73,$0,$45,$0,$161,$234,$15,$6,$2,$8,$-4,$-0,$2,$-1,$-2,$21,$-5,$0,$-2,$0,$0,$0,$0,$-7,$-15,$0,$-15,$1,$1,$0,$0,$-14,$-0,$1,$0
42,2008-03-31,2.8,$3.00,0.93,$3.59,0.78,$1.35,2.08,$0.37,7.57,$0.11B,$0.04B,2.77,$0.03B,$0.15B,0.21,$0.26B,$0.10B,37.60%,$0.26B,$0.04B,17.05%,$0.26B,$0.04B,17.05%,$0.26B,$0.06B,21.71%,$0.26B,$0.04B,15.89%,$0.26B,$0.03B,10.47%,$0.03B,$0.15B,19.42%,$0.03B,$0.14B,20.30%,$0.03B,$0.23B,12.26%,$0.04B,$0.18B,24.65%,$67,$42,$26,$0,$12,$55,$12,$-0,$11,$4,$7,$7,$7,$14,$12,$51,69,$0.15,$0.11,$60,$14,$4,$112,$105,$0,$8,$5,$118,$230,$40,$31,$0,$38,$78,$0,$36,$0,$152,$230,$7,$3,$2,$4,$1,$2,$0,$-2,$-2,$10,$-2,$0,$-0,$0,$0,$0,$0,$-3,$-4,$0,$-4,$0,$0,$0,$0,$-4,$4,$0,$0
43,2007-12-31,2.96,$2.85,1.04,$3.59,0.83,$1.42,2.08,$0.37,8.01,$0.11B,$0.04B,2.49,$0.03B,$0.14B,0.23,$0.26B,$0.09B,36.72%,$0.26B,$0.04B,17.19%,$0.26B,$0.04B,17.19%,$0.26B,$0.06B,21.88%,$0.26B,$0.04B,16.02%,$0.26B,$0.03B,10.55%,$0.03B,$0.14B,20.53%,$0.03B,$0.14B,21.22%,$0.03B,$0.23B,12.59%,$0.04B,$0.18B,25.04%,$65,$39,$26,$0,$10,$51,$13,$-0,$13,$4,$9,$9,$9,$17,$13,$50,72,$0.18,$0.12,$57,$20,$0,$109,$105,$0,$8,$4,$117,$225,$44,$33,$0,$38,$81,$0,$29,$0,$144,$225,$27,$12,$1,$12,$-4,$6,$3,$0,$13,$52,$-12,$0,$-151,$0,$0,$0,$115,$-47,$53,$0,$53,$1,$1,$0,$-2,$52,$57,$1,$0
