,Date,Stock Price,Book Value per Share,Price to Book Ratio,TTM Sales per Share,Price to Sales Ratio,TTM FCF per Share,Price to FCF Ratio,TTM Net EPS,PE Ratio,Current Assets,Current Liabilities,Current Ratio,Long Term Debt,Shareholder's Equity_x,Debt to Equity Ratio,TTM Revenue_x,TTM Gross Profit,Gross Margin,TTM Revenue_y,TTM Operating Income,Operating Margin,TTM Revenue_x,TTM EBIT,EBIT Margin,TTM Revenue_y,TTM EBITDA,EBITDA Margin,TTM Revenue_x,TTM Pre-Tax Income,Pre-Tax Margin,TTM Revenue_y,TTM Net Income_x,Net Margin,TTM Net Income_y,Shareholder's Equity_y,Return on Equity,TTM Net Income_x,Tangible Equity,Return on Tangible Equity,TTM Net Income_y,Total Assets,Return on Assets,TTM Net Income,LT Investments & Debt,Return on Investment,revenue,cost-goods-sold,gross-profit,research-development-expenses,selling-general-administrative-expenses,operating-expenses,operating-income,total-non-operating-income-expense,pre-tax-income,total-provision-income-taxes,income-after-taxes,income-from-continuous-operations,net-income,ebitda,ebit,basic-shares-outstanding,shares-outstanding,eps-basic-net-earnings-per-share,eps-earnings-per-share-diluted,cash-on-hand,inventory,other-current-assets,total-current-assets,net-property-plant-equipment,long-term-investments,goodwill-intangible-assets-total,other-long-term-assets,total-long-term-assets,total-assets,total-current-liabilities,long-term-debt,other-non-current-liabilities,total-long-term-liabilities,total-liabilities,common-stock-net,retained-earnings-accumulated-deficit,comprehensive-income,total-share-holder-equity,total-liabilities-share-holders-equity,net-income-loss,total-depreciation-amortization-cash-flow,other-non-cash-items,total-non-cash-items,change-in-accounts-receivable,change-in-inventories,change-in-accounts-payable,change-in-assets-liabilities,total-change-in-assets-liabilities,cash-flow-from-operating-activities,net-change-in-property-plant-equipment,net-change-in-intangible-assets,net-acquisitions-divestitures,net-change-in-short-term-investments,net-change-in-long-term-investments,net-change-in-investments-total,investing-activities-other,cash-flow-from-investing-activities,net-long-term-debt,net-current-debt,debt-issuance-retirement-net-total,net-common-equity-issued-repurchased,net-total-equity-issued-repurchased,total-common-preferred-stock-dividends-paid,financial-activities-other,cash-flow-from-financial-activities,net-cash-flow,stock-based-compensation,common-stock-dividends-paid
0,2018-07-31,73.87,$32.86,2.25,$116.34,0.63,$14.06,5.25,$5.72,12.91,$5.04B,$2.77B,1.82,$3.81B,$5.49B,0.69,$19.41B,$7.09B,36.52%,$19.41B,$1.49B,7.65%,$19.41B,$1.49B,7.65%,$19.41B,$2.48B,12.76%,$19.41B,$1.16B,5.98%,$19.41B,$0.95B,4.90%,$0.95B,$5.49B,17.89%,$0.95B,$5.49B,17.89%,$0.95B,$12.92B,7.17%,$1.49B,$9.30B,15.74%,$4628,$2752,$1876,$0,$1375,$4370,$258,$-63,$195,$34,$161,$161,$161,$692,$258,$164,165,$0.98,$0.98,$1066,$3572,$404,$5042,$7635,$0,$0,$238,$7873,$12915,$2770,$3810,$660,$4658,$7428,$4,$13163,$-8,$5487,$12915,$368,$483,$80,$563,$0,$-24,$133,$89,$116,$1047,$-312,$0,$0,$0,$0,$0,$6,$-306,$-627,$0,$-627,$-133,$-133,$-202,$-21,$-983,$-242,$50,$-202
1,2018-04-30,61.64,$31.88,1.93,$114.97,0.54,$9.50,6.49,$5.20,11.85,$4.98B,$2.83B,1.76,$3.86B,$5.36B,0.72,$19.24B,$6.99B,36.36%,$19.24B,$1.44B,7.49%,$19.24B,$1.44B,7.49%,$19.24B,$2.44B,12.67%,$19.24B,$1.11B,5.74%,$19.24B,$0.87B,4.51%,$0.87B,$5.36B,16.67%,$0.87B,$5.36B,16.67%,$0.87B,$12.92B,6.52%,$1.44B,$9.22B,15.20%,$4570,$2605,$1965,$0,$1272,$4118,$452,$-65,$387,$95,$292,$292,$292,$453,$452,$165,166,$1.77,$1.76,$822,$3726,$435,$4983,$7694,$0,$0,$239,$7933,$12916,$2830,$3864,$668,$4730,$7560,$4,$12972,$-8,$5356,$12916,$75,$243,$62,$305,$0,$-181,$183,$68,$7,$387,$-133,$0,$0,$0,$0,$0,$0,$-133,$-568,$0,$-568,$-54,$-54,$-101,$-17,$-740,$-486,$30,$-101
2,2018-01-31,63.66,$32.26,1.97,$113.55,0.56,$6.98,9.12,$5.14,12.39,$5.38B,$2.71B,1.99,$4.39B,$5.42B,0.81,$19.10B,$6.92B,36.23%,$19.10B,$1.42B,7.42%,$19.10B,$1.42B,7.42%,$19.10B,$2.41B,12.61%,$19.10B,$1.12B,5.85%,$19.10B,$0.86B,4.50%,$0.86B,$5.42B,16.80%,$0.86B,$5.42B,16.80%,$0.86B,$13.39B,6.40%,$1.42B,$9.81B,14.85%,$4208,$2496,$1712,$0,$1259,$3998,$210,$-113,$97,$22,$75,$75,$75,$834,$210,$165,167,$0.46,$0.45,$1308,$3542,$530,$5380,$7773,$0,$0,$236,$8009,$13389,$2709,$4388,$662,$5261,$7970,$4,$12999,$-11,$5419,$13389,$859,$991,$-4,$987,$0,$264,$-236,$-83,$-155,$1691,$-672,$0,$0,$0,$0,$0,$23,$-649,$-138,$0,$-138,$-288,$-288,$-368,$-14,$-808,$234,$55,$-368
3,2017-10-31,40.58,$29.93,1.36,$110.69,0.37,$8.65,4.69,$3.77,10.77,$5.70B,$3.51B,1.63,$4.42B,$5.03B,0.88,$19.00B,$7.18B,37.77%,$19.00B,$1.32B,6.96%,$19.00B,$1.32B,6.96%,$19.00B,$2.29B,12.03%,$19.00B,$1.02B,5.39%,$19.00B,$0.64B,3.39%,$0.64B,$5.03B,12.74%,$0.64B,$5.03B,12.74%,$0.64B,$13.90B,4.78%,$1.32B,$9.45B,13.93%,$6303,$4486,$1817,$0,$983,$5736,$567,$-74,$493,$25,$468,$468,$468,$499,$567,$167,168,$2.81,$2.79,$736,$4632,$332,$5700,$7974,$0,$0,$226,$8200,$13900,$3505,$4418,$673,$5366,$8871,$4,$12631,$-12,$5029,$13900,$391,$724,$32,$756,$0,$-829,$606,$47,$-278,$869,$-529,$0,$0,$0,$0,$0,$0,$-529,$-101,$0,$-101,$-288,$-288,$-277,$-12,$-678,$-338,$34,$-277
4,2017-07-31,39.64,$29.71,1.33,$109.04,0.36,$10.56,3.75,$3.90,10.16,$4.79B,$2.67B,1.79,$4.43B,$5.02B,0.88,$18.99B,$7.19B,37.84%,$18.99B,$1.37B,7.20%,$18.99B,$1.37B,7.20%,$18.99B,$2.32B,12.21%,$18.99B,$1.07B,5.61%,$18.99B,$0.67B,3.54%,$0.67B,$5.02B,13.27%,$0.67B,$5.02B,13.27%,$0.67B,$13.08B,4.98%,$1.37B,$9.45B,14.33%,$4332,$2737,$1595,$0,$1095,$4075,$257,$-74,$183,$66,$117,$117,$117,$651,$257,$166,166,$0.70,$0.70,$552,$3853,$381,$4786,$8068,$0,$0,$230,$8298,$13084,$2671,$4433,$691,$5392,$8063,$4,$12599,$-12,$5021,$13084,$274,$482,$14,$496,$0,$-53,$-137,$36,$-394,$376,$-399,$0,$0,$0,$0,$0,$16,$-383,$-67,$0,$-67,$-250,$-250,$-186,$-12,$-515,$-522,$21,$-186
5,2017-04-30,36.88,$29.16,1.26,$105.99,0.35,$13.51,2.73,$3.43,10.75,$4.99B,$2.90B,1.72,$4.45B,$4.99B,0.89,$18.78B,$6.97B,37.10%,$18.78B,$1.26B,6.72%,$18.78B,$1.26B,6.72%,$18.78B,$2.20B,11.74%,$18.78B,$0.96B,5.10%,$18.78B,$0.61B,3.22%,$0.61B,$4.99B,11.81%,$0.61B,$4.99B,11.81%,$0.61B,$13.29B,4.46%,$1.26B,$9.44B,13.14%,$4395,$2525,$1870,$0,$1220,$3988,$407,$-75,$332,$124,$208,$208,$208,$423,$407,$168,168,$1.24,$1.24,$625,$3991,$378,$4994,$8069,$0,$0,$231,$8300,$13294,$2898,$4452,$674,$5409,$8307,$4,$12486,$-13,$4987,$13294,$66,$238,$11,$249,$0,$-193,$-27,$42,$-269,$46,$-216,$0,$0,$0,$0,$0,$13,$-203,$-32,$0,$-32,$-156,$-156,$-94,$-10,$-292,$-449,$10,$-94
6,2017-01-31,37.12,$29.75,1.25,$103.80,0.36,$14.32,2.59,$3.13,11.86,$5.25B,$2.97B,1.76,$4.48B,$5.18B,0.87,$18.69B,$6.74B,36.08%,$18.69B,$1.18B,6.33%,$18.69B,$1.18B,6.33%,$18.69B,$2.12B,11.35%,$18.69B,$0.88B,4.68%,$18.69B,$0.56B,2.98%,$0.56B,$5.18B,10.69%,$0.56B,$5.18B,10.69%,$0.56B,$13.57B,4.09%,$1.18B,$9.66B,12.18%,$4065,$2428,$1637,$0,$1214,$3880,$185,$-76,$109,$43,$66,$66,$66,$712,$185,$170,171,$0.39,$0.39,$1074,$3795,$378,$5247,$8103,$0,$0,$224,$8327,$13574,$2974,$4480,$671,$5423,$8397,$4,$12522,$-14,$5177,$13574,$556,$938,$141,$1079,$0,$249,$256,$-45,$518,$2153,$-768,$0,$0,$0,$0,$0,$12,$-756,$-116,$0,$-116,$-539,$-539,$-358,$-17,$-1030,$367,$41,$-358
7,2016-10-31,40.4,$29.02,1.39,$101.89,0.4,$10.65,3.79,$3.27,12.36,$5.65B,$3.53B,1.6,$4.50B,$5.11B,0.88,$18.87B,$6.78B,35.93%,$18.87B,$1.25B,6.62%,$18.87B,$1.25B,6.62%,$18.87B,$2.19B,11.60%,$18.87B,$0.94B,4.98%,$18.87B,$0.60B,3.17%,$0.60B,$5.11B,11.35%,$0.60B,$5.11B,11.35%,$0.60B,$14.08B,4.41%,$1.25B,$9.60B,12.74%,$6205,$4132,$2073,$0,$1361,$5731,$474,$-75,$399,$146,$253,$253,$253,$533,$474,$178,179,$1.43,$1.42,$597,$4721,$336,$5654,$8203,$0,$0,$219,$8422,$14076,$3526,$4496,$649,$5443,$8969,$4,$12358,$-15,$5107,$14076,$303,$700,$148,$848,$0,$-679,$846,$20,$133,$1284,$-584,$0,$0,$0,$0,$0,$0,$-584,$-90,$0,$-90,$-435,$-435,$-270,$-15,$-810,$-110,$31,$-270
8,2016-07-31,37.97,$28.97,1.31,$100.50,0.38,$5.95,6.38,$3.07,12.37,$4.96B,$2.80B,1.77,$4.50B,$5.22B,0.86,$18.97B,$6.82B,35.93%,$18.97B,$1.26B,6.63%,$18.97B,$1.26B,6.63%,$18.97B,$2.20B,11.60%,$18.97B,$0.90B,4.76%,$18.97B,$0.57B,3.02%,$0.57B,$5.22B,10.67%,$0.57B,$5.22B,10.67%,$0.57B,$13.36B,4.16%,$1.26B,$9.72B,12.65%,$4327,$2720,$1607,$0,$1080,$4026,$301,$-76,$225,$79,$146,$146,$146,$536,$301,$177,177,$0.83,$0.83,$700,$3928,$327,$4955,$8192,$0,$0,$213,$8405,$13360,$2803,$4502,$656,$5342,$8145,$4,$12301,$-16,$5215,$13360,$157,$468,$19,$487,$0,$114,$124,$8,$202,$846,$-337,$0,$0,$0,$0,$0,$0,$-337,$-59,$0,$-59,$-261,$-261,$-182,$-14,$-516,$-7,$22,$-182
9,2016-04-30,39.91,$28.63,1.39,$99.06,0.4,$3.02,13.24,$2.96,13.48,$4.86B,$2.65B,1.83,$4.56B,$5.30B,0.86,$19.05B,$6.83B,35.84%,$19.05B,$1.38B,7.24%,$19.05B,$1.38B,7.24%,$19.05B,$2.32B,12.18%,$19.05B,$0.89B,4.66%,$19.05B,$0.56B,2.95%,$0.56B,$5.30B,10.26%,$0.56B,$5.30B,10.26%,$0.56B,$13.30B,4.02%,$1.38B,$9.86B,13.69%,$4182,$2532,$1650,$0,$986,$3880,$302,$-78,$224,$84,$140,$140,$140,$340,$302,$180,181,$0.77,$0.77,$423,$4084,$348,$4855,$8230,$0,$0,$219,$8449,$13304,$2647,$4563,$558,$5360,$8007,$4,$12254,$-16,$5297,$13304,$17,$234,$65,$299,$0,$-44,$95,$-15,$-176,$140,$-174,$0,$0,$0,$0,$0,$0,$-174,$-27,$0,$-27,$-120,$-120,$-91,$-12,$-250,$-284,$12,$-91
10,2016-01-31,44.37,$29.52,1.5,$97.88,0.45,$2.83,15.66,$3.50,12.68,$5.08B,$2.71B,1.87,$4.58B,$5.49B,0.83,$19.20B,$6.94B,36.13%,$19.20B,$1.55B,8.09%,$19.20B,$1.55B,8.09%,$19.20B,$2.49B,12.95%,$19.20B,$1.06B,5.50%,$19.20B,$0.67B,3.50%,$0.67B,$5.49B,11.88%,$0.67B,$5.49B,11.88%,$0.67B,$13.61B,4.71%,$1.55B,$10.07B,15.12%,$3972,$2560,$1412,$0,$1008,$3866,$106,$-79,$27,$10,$17,$17,$17,$780,$106,$183,184,$0.09,$0.09,$707,$4038,$331,$5076,$8308,$0,$0,$222,$8530,$13606,$2714,$4581,$563,$5401,$8115,$4,$12329,$-17,$5491,$13606,$673,$934,$203,$1137,$0,$-215,$-260,$43,$-326,$1484,$-690,$0,$0,$0,$0,$0,$9,$-681,$-113,$0,$-113,$-854,$-854,$-349,$-187,$-1503,$-700,$48,$-349
11,2015-10-31,40.74,$28.66,1.42,$96.19,0.42,$5.34,7.63,$3.75,10.86,$6.07B,$3.94B,1.54,$4.61B,$5.47B,0.84,$19.15B,$6.98B,36.42%,$19.15B,$1.67B,8.70%,$19.15B,$1.67B,8.70%,$19.15B,$2.58B,13.48%,$19.15B,$1.16B,6.07%,$19.15B,$0.75B,3.89%,$0.75B,$5.47B,12.87%,$0.75B,$5.47B,12.87%,$0.75B,$14.79B,5.15%,$1.67B,$10.08B,16.00%,$6387,$4276,$2111,$0,$1332,$5846,$541,$-78,$463,$167,$296,$296,$296,$544,$541,$193,195,$1.55,$1.54,$501,$5254,$312,$6067,$8499,$0,$0,$228,$8727,$14794,$3939,$4609,$556,$5381,$9320,$4,$12118,$-18,$5474,$14794,$377,$695,$134,$829,$0,$-1433,$630,$74,$-799,$407,$-551,$0,$0,$0,$0,$0,$3,$-548,$158,$0,$158,$-643,$-643,$-264,$-16,$-765,$-906,$36,$-264
12,2015-07-31,53.69,$28.96,1.85,$94.68,0.57,$7.91,6.79,$3.82,14.06,$5.50B,$3.18B,1.73,$4.61B,$5.68B,0.81,$19.10B,$6.96B,36.44%,$19.10B,$1.66B,8.70%,$19.10B,$1.66B,8.70%,$19.10B,$2.57B,13.45%,$19.10B,$1.19B,6.25%,$19.10B,$0.77B,4.02%,$0.77B,$5.68B,13.06%,$0.77B,$5.68B,13.06%,$0.77B,$14.26B,5.28%,$1.66B,$10.29B,15.82%,$4427,$2784,$1643,$0,$1099,$4119,$308,$-119,$189,$69,$120,$120,$120,$656,$308,$191,192,$0.63,$0.63,$934,$4252,$310,$5496,$8528,$0,$0,$232,$8760,$14256,$3178,$4612,$554,$5401,$8579,$4,$12085,$-18,$5677,$14256,$257,$459,$97,$556,$0,$-433,$55,$60,$-460,$353,$-377,$0,$0,$0,$0,$0,$3,$-374,$142,$0,$142,$-403,$-403,$-178,$-13,$-452,$-473,$24,$-178
13,2015-04-30,62.29,$29.79,2.09,$93.71,0.66,$9.77,6.38,$4.29,14.52,$5.70B,$2.99B,1.91,$4.62B,$6.02B,0.77,$19.08B,$6.95B,36.44%,$19.08B,$1.69B,8.85%,$19.08B,$1.69B,8.85%,$19.08B,$2.59B,13.56%,$19.08B,$1.35B,7.08%,$19.08B,$0.87B,4.56%,$0.87B,$6.02B,14.72%,$0.87B,$6.02B,14.72%,$0.87B,$14.45B,6.01%,$1.69B,$10.64B,16.00%,$4267,$2605,$1662,$0,$1005,$3843,$424,$-215,$209,$79,$130,$130,$130,$507,$424,$196,197,$0.66,$0.66,$1195,$4165,$338,$5698,$8518,$0,$0,$237,$8755,$14453,$2985,$4620,$556,$5451,$8436,$4,$12044,$-19,$6017,$14453,$127,$227,$-8,$219,$0,$-349,$134,$28,$-244,$102,$-176,$0,$0,$0,$0,$0,$1,$-175,$-27,$0,$-27,$-13,$-13,$-90,$-9,$-139,$-212,$14,$-90
14,2015-01-31,51.6,$29.81,1.73,$92.87,0.56,$10.15,5.09,$4.26,12.11,$5.58B,$2.86B,1.95,$4.64B,$5.99B,0.77,$19.02B,$6.93B,36.40%,$19.02B,$1.69B,8.88%,$19.02B,$1.69B,8.88%,$19.02B,$2.58B,13.54%,$19.02B,$1.35B,7.09%,$19.02B,$0.87B,4.56%,$0.87B,$5.99B,14.78%,$0.87B,$5.99B,14.78%,$0.87B,$14.33B,6.03%,$1.69B,$10.63B,16.03%,$4123,$2600,$1523,$0,$1016,$3843,$280,$-84,$196,$69,$127,$127,$127,$875,$280,$200,202,$0.64,$0.63,$1407,$3814,$359,$5580,$8515,$0,$0,$238,$8753,$14333,$2859,$4638,$547,$5483,$8342,$4,$12008,$-20,$5991,$14333,$867,$886,$125,$1011,$0,$68,$146,$-30,$146,$2024,$-682,$0,$0,$0,$82,$82,$7,$-593,$-108,$0,$-108,$-554,$-554,$-317,$-16,$-995,$436,$48,$-317
15,2014-10-31,46.53,$28.60,1.63,$89.53,0.52,$9.21,5.05,$3.99,11.66,$6.10B,$3.68B,1.66,$4.67B,$5.81B,0.8,$18.79B,$6.85B,36.48%,$18.79B,$1.64B,8.75%,$18.79B,$1.64B,8.75%,$18.79B,$2.53B,13.48%,$18.79B,$1.30B,6.93%,$18.79B,$0.83B,4.43%,$0.83B,$5.81B,14.21%,$0.83B,$5.81B,14.21%,$0.83B,$15.01B,5.79%,$1.64B,$10.47B,15.58%,$6337,$4190,$2147,$0,$1272,$5683,$654,$-85,$569,$201,$368,$368,$368,$531,$654,$203,204,$1.84,$1.81,$631,$4973,$295,$6100,$8671,$0,$0,$243,$8914,$15014,$3679,$4665,$572,$5530,$9209,$4,$11718,$-21,$5805,$15014,$498,$665,$18,$683,$0,$-1093,$1019,$-1,$-251,$930,$-561,$0,$0,$0,$59,$59,$6,$-496,$-82,$0,$-82,$-438,$-438,$-239,$-15,$-774,$-340,$38,$-239
16,2014-07-31,45.64,$28.48,1.6,$88.37,0.52,$9.91,4.61,$4.10,11.13,$5.10B,$2.71B,1.88,$4.67B,$5.81B,0.81,$18.86B,$6.89B,36.54%,$18.86B,$1.71B,9.04%,$18.86B,$1.71B,9.04%,$18.86B,$2.59B,13.75%,$18.86B,$1.36B,7.23%,$18.86B,$0.87B,4.60%,$0.87B,$5.81B,14.73%,$0.87B,$5.81B,14.73%,$0.87B,$14.07B,6.01%,$1.71B,$10.48B,16.08%,$4374,$2746,$1628,$0,$1097,$4070,$304,$-85,$219,$77,$142,$142,$142,$673,$304,$202,203,$0.70,$0.70,$746,$3899,$323,$5100,$8686,$0,$0,$281,$8967,$14067,$2707,$4674,$562,$5551,$8258,$4,$11656,$-30,$5809,$14067,$357,$438,$16,$454,$0,$-20,$114,$2,$-81,$730,$-374,$0,$0,$0,$0,$0,$6,$-368,$-58,$0,$-58,$-355,$-355,$-160,$-14,$-587,$-225,$24,$-160
17,2014-04-30,46.37,$28.16,1.65,$87.00,0.53,$10.33,4.49,$4.01,11.56,$5.14B,$2.65B,1.94,$4.71B,$5.86B,0.8,$18.90B,$6.91B,36.57%,$18.90B,$1.71B,9.02%,$18.90B,$1.71B,9.02%,$18.90B,$2.60B,13.73%,$18.90B,$1.37B,7.22%,$18.90B,$0.87B,4.59%,$0.87B,$5.86B,14.56%,$0.87B,$5.86B,14.56%,$0.87B,$14.11B,6.00%,$1.71B,$10.57B,16.07%,$4242,$2588,$1654,$0,$981,$3791,$451,$-85,$366,$134,$232,$232,$232,$496,$451,$204,205,$1.14,$1.13,$717,$3981,$304,$5139,$8677,$0,$0,$298,$8975,$14114,$2645,$4711,$562,$5612,$8257,$4,$11506,$-33,$5857,$14114,$125,$216,$19,$235,$0,$-105,$17,$15,$-181,$179,$-176,$0,$0,$0,$0,$0,$4,$-172,$-26,$0,$-26,$-143,$-143,$-80,$-12,$-261,$-254,$11,$-80
18,2014-01-31,42.55,$28.33,1.5,$86.26,0.49,$11.07,3.84,$4.07,10.45,$5.31B,$2.76B,1.93,$4.72B,$5.98B,0.79,$19.03B,$6.94B,36.49%,$19.03B,$1.74B,9.15%,$19.03B,$1.74B,9.15%,$19.03B,$2.63B,13.82%,$19.03B,$1.40B,7.38%,$19.03B,$0.89B,4.67%,$0.89B,$5.98B,14.83%,$0.89B,$5.98B,14.83%,$0.89B,$14.36B,6.16%,$1.74B,$10.70B,16.47%,$4070,$2574,$1496,$0,$1000,$3790,$280,$-85,$195,$70,$125,$125,$125,$833,$280,$206,208,$0.60,$0.60,$971,$3874,$327,$5314,$8745,$0,$0,$298,$9043,$14357,$2758,$4722,$560,$5621,$8379,$4,$11462,$-34,$5978,$14357,$889,$889,$91,$980,$0,$-116,$58,$-7,$15,$1884,$-643,$0,$0,$0,$1,$1,$19,$-623,$186,$0,$186,$-697,$-697,$-302,$-14,$-827,$434,$55,$-302
19,2013-10-31,47.43,$27.68,1.71,$85.29,0.56,$7.46,6.36,$4.17,11.37,$5.99B,$3.64B,1.64,$4.74B,$5.92B,0.8,$19.27B,$6.98B,36.23%,$19.27B,$1.82B,9.44%,$19.27B,$1.82B,9.44%,$19.27B,$2.70B,14.00%,$19.27B,$1.48B,7.69%,$19.27B,$0.93B,4.84%,$0.93B,$5.92B,15.50%,$0.93B,$5.92B,15.50%,$0.93B,$15.25B,6.51%,$1.82B,$10.67B,17.29%,$6099,$4025,$2074,$0,$1243,$5490,$609,$-87,$522,$188,$334,$334,$334,$591,$609,$218,220,$1.55,$1.54,$598,$4959,$283,$5987,$8925,$0,$0,$333,$9258,$15245,$3641,$4742,$548,$5680,$9321,$4,$11204,$-39,$5924,$15245,$555,$665,$67,$732,$0,$-1204,$954,$11,$-273,$1014,$-465,$0,$0,$0,$1,$1,$13,$-451,$213,$0,$213,$-472,$-472,$-229,$-14,$-502,$61,$41,$-229
20,2013-07-31,43.95,$27.77,1.58,$84.01,0.52,$5.20,8.44,$4.27,10.29,$4.88B,$2.68B,1.82,$4.44B,$6.05B,0.73,$19.32B,$7.03B,36.38%,$19.32B,$1.88B,9.73%,$19.32B,$1.88B,9.73%,$19.32B,$2.74B,14.19%,$19.32B,$1.55B,8.00%,$19.32B,$0.97B,5.02%,$0.97B,$6.05B,16.01%,$0.97B,$6.05B,16.01%,$0.97B,$14.10B,6.78%,$1.88B,$10.49B,17.89%,$4444,$2778,$1666,$0,$1073,$4079,$365,$-84,$281,$104,$177,$177,$177,$676,$365,$216,218,$0.82,$0.81,$592,$3856,$284,$4882,$8891,$0,$0,$324,$9215,$14097,$2683,$4440,$540,$5361,$8044,$4,$11103,$-39,$6053,$14097,$378,$439,$31,$470,$0,$-103,$89,$22,$-86,$762,$-284,$0,$0,$0,$0,$0,$14,$-270,$-52,$0,$-52,$-220,$-220,$-153,$-12,$-437,$55,$27,$-153
21,2013-04-30,38.78,$27.24,1.42,$82.29,0.47,$3.69,10.5,$4.23,9.17,$4.91B,$2.70B,1.82,$4.43B,$6.02B,0.74,$19.24B,$6.99B,36.36%,$19.24B,$1.89B,9.81%,$19.24B,$1.89B,9.81%,$19.24B,$2.73B,14.20%,$19.24B,$1.56B,8.09%,$19.24B,$0.98B,5.09%,$0.98B,$6.02B,16.07%,$0.98B,$6.02B,16.07%,$0.98B,$14.05B,6.87%,$1.89B,$10.45B,18.02%,$4289,$2613,$1676,$0,$1000,$3838,$451,$-84,$367,$136,$231,$231,$231,$531,$451,$220,222,$1.05,$1.04,$518,$3961,$294,$4911,$8822,$0,$0,$317,$9139,$14050,$2699,$4430,$532,$5330,$8029,$4,$10948,$-40,$6021,$14050,$147,$214,$6,$220,$0,$-210,$145,$21,$-62,$305,$-135,$0,$0,$0,$0,$0,$12,$-123,$-24,$0,$-24,$-93,$-93,$-77,$-7,$-201,$-19,$9,$-77
22,2013-01-31,37.86,$27.24,1.39,$80.77,0.47,$3.91,9.69,$4.20,9.01,$4.72B,$2.54B,1.86,$4.45B,$6.05B,0.74,$19.28B,$6.99B,36.26%,$19.28B,$1.89B,9.80%,$19.28B,$1.89B,9.80%,$19.28B,$2.72B,14.12%,$19.28B,$1.56B,8.10%,$19.28B,$0.99B,5.11%,$0.99B,$6.05B,16.01%,$0.99B,$6.05B,16.01%,$0.99B,$13.91B,6.90%,$1.89B,$10.50B,18.06%,$4199,$2671,$1528,$0,$997,$3882,$317,$-83,$234,$87,$147,$147,$147,$900,$317,$222,223,$0.66,$0.66,$537,$3748,$312,$4719,$8872,$53,$0,$261,$9186,$13905,$2535,$4448,$512,$5322,$7857,$4,$10878,$-45,$6048,$13905,$986,$833,$-4,$829,$0,$-523,$74,$-37,$-550,$1265,$-785,$0,$0,$0,$109,$109,$16,$-660,$248,$0,$248,$-1216,$-1216,$-300,$-5,$-1273,$-668,$50,$-300
23,2012-10-31,43.26,$26.43,1.64,$76.23,0.57,$6.36,6.81,$4.35,9.94,$5.81B,$3.70B,1.57,$4.48B,$6.11B,0.73,$18.96B,$7.06B,37.22%,$18.96B,$2.01B,10.59%,$18.96B,$2.01B,10.59%,$18.96B,$2.82B,14.89%,$18.96B,$1.69B,8.92%,$18.96B,$1.07B,5.62%,$1.07B,$6.11B,16.97%,$1.07B,$6.11B,16.97%,$1.07B,$15.16B,7.42%,$2.01B,$10.58B,19.12%,$6341,$4229,$2112,$0,$1213,$5654,$687,$-87,$600,$223,$377,$377,$377,$634,$687,$235,237,$1.63,$1.63,$550,$4851,$281,$5806,$9009,$90,$0,$256,$9355,$15161,$3704,$4478,$478,$5351,$9055,$4,$10575,$-48,$6106,$15161,$609,$620,$14,$634,$0,$-1628,$1196,$30,$-540,$703,$-641,$0,$0,$0,$68,$68,$5,$-568,$270,$0,$270,$-833,$-833,$-227,$0,$-790,$-655,$37,$-227
24,2012-07-31,40.12,$26.33,1.52,$73.63,0.54,$7.38,5.44,$4.24,9.46,$4.49B,$2.65B,1.69,$4.14B,$6.19B,0.67,$18.84B,$7.03B,37.32%,$18.84B,$2.00B,10.60%,$18.84B,$2.00B,10.60%,$18.84B,$2.81B,14.89%,$18.84B,$1.69B,8.94%,$18.84B,$1.06B,5.63%,$1.06B,$6.19B,16.66%,$1.06B,$6.19B,16.66%,$1.06B,$13.86B,7.45%,$2.00B,$10.33B,19.01%,$4490,$2778,$1712,$0,$1077,$4065,$425,$-80,$345,$130,$215,$215,$215,$667,$425,$233,235,$0.92,$0.91,$600,$3521,$260,$4490,$9010,$102,$0,$254,$9366,$13856,$2650,$4138,$469,$5018,$7668,$4,$10434,$-51,$6188,$13856,$394,$411,$16,$427,$0,$-300,$298,$40,$-239,$582,$-429,$0,$0,$0,$51,$51,$2,$-376,$-57,$0,$-57,$-604,$-604,$-153,$3,$-811,$-605,$24,$-153
25,2012-04-30,40.16,$26.03,1.54,$71.32,0.56,$8.18,4.91,$4.33,9.28,$4.88B,$2.92B,1.67,$4.15B,$6.30B,0.66,$18.89B,$7.12B,37.69%,$18.89B,$2.09B,11.06%,$18.89B,$2.09B,11.06%,$18.89B,$2.88B,15.23%,$18.89B,$1.78B,9.44%,$18.89B,$1.12B,5.93%,$1.12B,$6.30B,17.00%,$1.12B,$6.30B,17.00%,$1.12B,$14.26B,7.85%,$2.09B,$10.45B,19.75%,$4205,$2563,$1642,$0,$975,$3748,$457,$-80,$377,$137,$240,$240,$240,$522,$457,$238,239,$1.01,$1.00,$1029,$3454,$277,$4879,$8961,$156,$0,$266,$9383,$14262,$2919,$4149,$473,$5043,$7962,$4,$10271,$-50,$6300,$14262,$154,$201,$-4,$197,$0,$-236,$376,$17,$66,$417,$-177,$0,$0,$0,$1,$1,$0,$-176,$-24,$0,$-24,$-317,$-317,$-77,$1,$-417,$-176,$12,$-77
26,2012-01-31,36.6,$26.35,1.39,$68.35,0.54,$7.70,4.75,$4.43,8.26,$4.83B,$2.61B,1.85,$4.15B,$6.51B,0.64,$18.80B,$7.18B,38.18%,$18.80B,$2.16B,11.48%,$18.80B,$2.16B,11.48%,$18.80B,$2.94B,15.61%,$18.80B,$1.86B,9.89%,$18.80B,$1.17B,6.21%,$1.17B,$6.51B,16.90%,$1.17B,$6.51B,16.90%,$1.17B,$14.15B,8.15%,$2.16B,$10.66B,20.13%,$4243,$2719,$1524,$0,$1002,$3922,$321,$-82,$239,$85,$154,$154,$154,$1000,$321,$243,245,$0.63,$0.63,$1205,$3216,$299,$4829,$8905,$153,$0,$261,$9319,$14148,$2607,$4150,$460,$5033,$7640,$4,$10195,$-53,$6508,$14148,$1167,$778,$238,$1016,$0,$-160,$96,$-42,$-44,$2139,$-927,$0,$0,$0,$145,$145,$-20,$-802,$169,$0,$169,$-2248,$-2248,$-271,$-59,$-2409,$-1072,$57,$-271
27,2011-10-31,41.98,$25.48,1.65,$65.88,0.64,$6.33,6.63,$4.28,9.81,$5.38B,$3.20B,1.68,$4.14B,$6.47B,0.64,$18.82B,$7.22B,38.38%,$18.82B,$2.25B,11.95%,$18.82B,$2.25B,11.95%,$18.82B,$3.02B,16.04%,$18.82B,$1.91B,10.15%,$18.82B,$1.20B,6.38%,$1.20B,$6.47B,16.59%,$1.20B,$6.47B,16.59%,$1.20B,$14.72B,8.28%,$2.25B,$10.62B,20.65%,$6018,$3841,$2177,$0,$1177,$5213,$805,$-76,$729,$273,$456,$456,$456,$616,$805,$270,271,$1.75,$1.73,$760,$4130,$257,$5380,$8918,$158,$0,$263,$9339,$14719,$3200,$4144,$459,$5048,$8248,$4,$9803,$-52,$6471,$14719,$711,$583,$206,$789,$0,$-1091,$942,$-1,$-404,$1096,$-755,$0,$0,$0,$143,$143,$-20,$-632,$189,$0,$189,$-1909,$-1909,$-207,$-54,$-1981,$-1517,$43,$-207
28,2011-07-31,43.08,$26.21,1.64,$63.06,0.68,$5.44,7.92,$4.11,10.48,$4.64B,$2.62B,1.77,$3.48B,$7.08B,0.49,$18.67B,$7.16B,38.35%,$18.67B,$2.19B,11.74%,$18.67B,$2.19B,11.74%,$18.67B,$2.97B,15.90%,$18.67B,$1.85B,9.90%,$18.67B,$1.17B,6.25%,$1.17B,$7.08B,15.14%,$1.17B,$7.08B,15.14%,$1.17B,$13.97B,7.87%,$2.19B,$10.56B,19.57%,$4376,$2688,$1688,$0,$1071,$3961,$415,$-75,$340,$129,$211,$211,$211,$738,$415,$264,265,$0.80,$0.80,$1169,$3095,$256,$4635,$8876,$208,$0,$255,$9339,$13974,$2617,$3481,$460,$4279,$6896,$4,$9660,$-35,$7078,$13974,$500,$382,$83,$465,$0,$-57,$208,$-14,$-85,$880,$-479,$0,$0,$0,$97,$97,$-1,$-383,$-338,$0,$-338,$-1123,$-1123,$-142,$-2,$-1605,$-1108,$29,$-142
29,2011-04-30,41.3,$26.72,1.55,$61.09,0.68,$4.73,8.74,$3.86,10.7,$5.23B,$2.64B,1.98,$3.49B,$7.56B,0.46,$18.52B,$7.08B,38.24%,$18.52B,$2.13B,11.51%,$18.52B,$2.13B,11.51%,$18.52B,$2.92B,15.78%,$18.52B,$1.78B,9.63%,$18.52B,$1.12B,6.06%,$1.12B,$7.56B,14.10%,$1.12B,$7.56B,14.10%,$1.12B,$14.45B,7.44%,$2.13B,$11.05B,18.57%,$4248,$2520,$1728,$0,$991,$3701,$547,$-72,$475,$176,$299,$299,$299,$582,$547,$276,278,$1.08,$1.08,$1668,$3193,$253,$5227,$8718,$250,$0,$258,$9226,$14453,$2636,$3490,$456,$4255,$6891,$4,$9430,$-31,$7562,$14453,$201,$191,$33,$224,$0,$-156,$260,$-21,$-58,$367,$-221,$0,$0,$41,$0,$41,$0,$-180,$-322,$0,$-322,$-403,$-403,$-72,$1,$-796,$-609,$15,$-72
30,2011-01-31,39.61,$26.98,1.47,$59.80,0.66,$4.54,8.73,$3.77,10.51,$5.64B,$2.78B,2.03,$3.51B,$7.85B,0.45,$18.39B,$7.03B,38.24%,$18.39B,$2.09B,11.38%,$18.39B,$2.09B,11.38%,$18.39B,$2.84B,15.45%,$18.39B,$1.79B,9.72%,$18.39B,$1.12B,6.09%,$1.12B,$7.85B,13.84%,$1.12B,$7.85B,13.93%,$1.12B,$14.85B,7.55%,$2.09B,$11.36B,18.71%,$4162,$2576,$1586,$0,$1004,$3771,$391,$-76,$315,$114,$201,$201,$201,$1084,$391,$288,290,$0.70,$0.69,$2277,$3036,$252,$5642,$8692,$277,$0,$238,$9207,$14849,$2781,$3512,$450,$4218,$6999,$4,$9301,$-37,$7850,$14849,$1120,$750,$138,$888,$0,$-107,$-50,$-50,$-258,$1750,$-801,$0,$0,$0,$42,$42,$2,$-757,$-57,$0,$-57,$-929,$-929,$0,$3,$-983,$10,$66,$0
31,2010-10-31,39.95,$26.90,1.48,$58.64,0.68,$6.70,5.96,$3.51,11.38,$6.80B,$3.54B,1.92,$3.50B,$8.31B,0.42,$18.04B,$6.88B,38.15%,$18.04B,$2.07B,11.45%,$18.04B,$2.07B,11.45%,$18.04B,$2.88B,15.97%,$18.04B,$1.67B,9.26%,$18.04B,$1.04B,5.79%,$1.04B,$8.31B,12.90%,$1.04B,$8.31B,13.06%,$1.04B,$16.01B,7.24%,$2.07B,$11.81B,19.09%,$6038,$3816,$2222,$0,$1113,$5141,$897,$-116,$781,$291,$490,$490,$490,$564,$897,$304,306,$1.64,$1.62,$2441,$4030,$215,$6803,$8698,$275,$0,$229,$9202,$16005,$3542,$3499,$435,$4150,$7692,$4,$8806,$-40,$8313,$16005,$626,$563,$62,$625,$0,$-1107,$937,$1,$-457,$794,$-673,$0,$0,$40,$0,$40,$4,$-629,$-36,$0,$-36,$48,$48,$0,$-3,$9,$174,$47,$0
32,2010-07-31,37.2,$26.33,1.41,$58.09,0.64,$8.95,4.16,$3.51,10.6,$5.77B,$2.77B,2.09,$3.59B,$8.11B,0.44,$17.87B,$6.80B,38.04%,$17.87B,$2.05B,11.46%,$17.87B,$2.05B,11.46%,$17.87B,$2.81B,15.70%,$17.87B,$1.70B,9.52%,$17.87B,$1.06B,5.94%,$1.06B,$8.11B,13.49%,$1.06B,$8.11B,13.76%,$1.06B,$15.01B,7.72%,$2.05B,$11.70B,20.03%,$4218,$2596,$1622,$0,$1059,$3862,$356,$-79,$277,$101,$176,$176,$176,$692,$356,$307,308,$0.57,$0.57,$2518,$2930,$227,$5770,$8792,$298,$0,$151,$9241,$15011,$2768,$3589,$351,$4134,$6902,$4,$8631,$-38,$8109,$15011,$449,$355,$10,$365,$0,$-5,$158,$-6,$-150,$664,$-439,$0,$0,$20,$0,$20,$2,$-417,$-27,$0,$-27,$33,$33,$0,$-2,$4,$251,$32,$0
33,2010-04-30,42.89,$26.29,1.63,$57.22,0.75,$10.39,4.13,$3.42,12.54,$5.71B,$2.74B,2.08,$1.75B,$8.10B,0.22,$17.58B,$6.67B,37.93%,$17.58B,$1.96B,11.15%,$17.58B,$1.96B,11.15%,$17.58B,$2.66B,15.12%,$17.58B,$1.66B,9.44%,$17.58B,$1.04B,5.89%,$1.04B,$8.10B,13.58%,$1.04B,$7.90B,13.95%,$1.04B,$13.47B,7.96%,$1.96B,$9.85B,20.41%,$4100,$2449,$1651,$0,$983,$3612,$488,$-78,$410,$155,$255,$255,$255,$502,$488,$307,308,$0.83,$0.83,$2388,$3017,$209,$5705,$7109,$318,$201,$133,$7761,$13466,$2738,$1754,$497,$2631,$5369,$4,$8638,$-36,$8097,$13466,$199,$151,$9,$160,$0,$-92,$224,$12,$-72,$287,$-191,$0,$0,$4,$0,$4,$-1,$-188,$-5,$0,$-5,$29,$29,$0,$-2,$22,$121,$14,$0
34,2010-01-31,39.29,$25.58,1.54,$56.05,0.7,$10.76,3.65,$3.23,12.16,$5.49B,$2.39B,2.3,$2.05B,$7.85B,0.26,$17.18B,$6.50B,37.83%,$17.18B,$1.86B,10.82%,$17.18B,$1.86B,10.82%,$17.18B,$2.55B,14.83%,$17.18B,$1.56B,9.07%,$17.18B,$0.97B,5.66%,$0.97B,$7.85B,13.30%,$0.97B,$7.65B,13.67%,$0.97B,$13.16B,7.76%,$1.86B,$9.91B,19.84%,$4035,$2498,$1537,$0,$1035,$3684,$351,$-31,$320,$121,$199,$199,$199,$1123,$351,$307,309,$0.65,$0.64,$2267,$2923,$222,$5485,$7018,$321,$204,$132,$7675,$13160,$2390,$2052,$488,$2917,$5307,$4,$8439,$-36,$7853,$13160,$973,$688,$142,$830,$0,$-119,$306,$-13,$483,$2286,$-675,$0,$0,$0,$28,$28,$-2,$-649,$-60,$0,$-60,$50,$50,$0,$-3,$-13,$1624,$64,$0
35,2009-10-31,44.63,$24.09,1.85,$54.53,0.82,$7.72,5.78,$2.93,15.23,$5.59B,$3.02B,1.85,$2.05B,$7.40B,0.28,$16.73B,$6.25B,37.35%,$16.73B,$1.56B,9.34%,$16.73B,$1.56B,9.34%,$16.73B,$2.14B,12.79%,$16.73B,$1.44B,8.59%,$16.73B,$0.90B,5.35%,$0.90B,$7.40B,12.72%,$0.90B,$7.20B,13.08%,$0.90B,$13.32B,7.41%,$1.56B,$9.45B,17.19%,$5683,$3612,$2071,$0,$974,$4813,$870,$-207,$663,$249,$414,$414,$414,$489,$870,$305,306,$1.35,$1.34,$1503,$3807,$208,$5587,$7082,$326,$198,$130,$7736,$13323,$3020,$2054,$464,$2908,$5928,$4,$8008,$-38,$7395,$13323,$560,$435,$157,$592,$0,$-1005,$1190,$4,$211,$1363,$-550,$0,$0,$0,$20,$20,$-1,$-531,$-12,$0,$-12,$43,$43,$0,$-3,$28,$860,$45,$0
36,2009-07-31,37.87,$23.32,1.62,$53.85,0.7,$5.03,7.53,$2.82,13.43,$4.31B,$2.13B,2.02,$2.05B,$7.14B,0.29,$16.48B,$6.13B,37.21%,$16.48B,$1.51B,9.15%,$16.48B,$1.51B,9.15%,$16.48B,$2.07B,12.57%,$16.48B,$1.39B,8.41%,$16.48B,$0.86B,5.23%,$0.86B,$7.14B,12.70%,$0.86B,$6.94B,13.08%,$0.86B,$12.09B,7.35%,$1.51B,$9.19B,17.06%,$4051,$2512,$1539,$0,$1050,$3712,$339,$-31,$308,$115,$193,$193,$193,$543,$339,$305,308,$0.63,$0.63,$1310,$2724,$201,$4307,$7142,$326,$196,$115,$7779,$12086,$2128,$2053,$436,$2822,$4950,$4,$7816,$-45,$7136,$12086,$368,$285,$78,$363,$0,$77,$272,$9,$270,$1001,$-336,$0,$0,$0,$8,$8,$-1,$-329,$-8,$0,$-8,$3,$3,$0,$0,$-5,$667,$27,$0
37,2009-04-30,35.37,$22.50,1.57,$53.55,0.66,$3.89,9.1,$2.84,12.45,$3.92B,$1.88B,2.09,$2.06B,$6.89B,0.3,$16.40B,$6.09B,37.12%,$16.40B,$1.52B,9.24%,$16.40B,$1.52B,9.24%,$16.40B,$2.07B,12.61%,$16.40B,$1.40B,8.53%,$16.40B,$0.87B,5.30%,$0.87B,$6.89B,13.24%,$0.87B,$6.69B,13.67%,$0.87B,$11.56B,7.61%,$1.52B,$8.94B,17.59%,$3806,$2286,$1520,$0,$966,$3407,$399,$-31,$368,$139,$229,$229,$229,$392,$399,$305,306,$0.76,$0.75,$856,$2804,$188,$3922,$7001,$327,$198,$115,$7641,$11563,$1879,$2056,$420,$2799,$4678,$4,$7585,$-46,$6885,$11563,$137,$141,$39,$180,$0,$-5,$122,$21,$77,$394,$-186,$0,$0,$7,$0,$7,$2,$-177,$-4,$0,$-4,$0,$0,$0,$0,$-4,$213,$11,$0
38,2009-01-31,28.63,$22.10,1.3,$53.39,0.54,$3.47,8.26,$2.88,9.94,$3.73B,$1.84B,2.02,$2.05B,$6.74B,0.31,$16.39B,$6.06B,36.95%,$16.39B,$1.54B,9.37%,$16.39B,$1.54B,9.37%,$16.39B,$2.08B,12.67%,$16.39B,$1.43B,8.69%,$16.39B,$0.89B,5.40%,$0.89B,$6.74B,13.90%,$0.89B,$6.54B,14.37%,$0.89B,$11.36B,7.91%,$1.54B,$8.79B,18.25%,$3638,$2270,$1368,$0,$961,$3387,$251,$-32,$219,$82,$137,$137,$137,$716,$251,$305,306,$0.45,$0.45,$643,$2799,$212,$3728,$6984,$333,$201,$117,$7635,$11363,$1844,$2053,$407,$2780,$4624,$4,$7448,$-46,$6739,$11363,$885,$541,$188,$729,$0,$60,$48,$-40,$84,$1698,$-1014,$0,$0,$0,$40,$40,$11,$-963,$-16,$0,$-16,$-257,$-257,$0,$0,$-273,$462,$55,$0
39,2008-10-31,27.4,$20.99,1.31,$53.48,0.51,$0.19,147.39,$3.09,8.87,$4.23B,$2.73B,1.55,$2.06B,$6.40B,0.32,$16.64B,$6.12B,36.75%,$16.64B,$1.65B,9.89%,$16.64B,$1.65B,9.89%,$16.64B,$2.17B,13.05%,$16.64B,$1.54B,9.27%,$16.64B,$0.96B,5.77%,$0.96B,$6.40B,15.49%,$0.96B,$6.19B,16.03%,$0.96B,$11.89B,8.75%,$1.65B,$8.45B,19.92%,$5236,$3414,$1822,$0,$1143,$4662,$574,$-31,$543,$207,$336,$336,$336,$421,$574,$306,307,$1.09,$1.11,$279,$3712,$165,$4232,$6991,$345,$208,$110,$7654,$11886,$2733,$2057,$387,$2758,$5491,$4,$7112,$-38,$6395,$11886,$549,$399,$128,$527,$0,$-854,$811,$-30,$-248,$828,$-843,$0,$0,$-6,$40,$34,$6,$-803,$-9,$302,$293,$-256,$-256,$0,$0,$37,$62,$39,$0
40,2008-07-31,32.69,$20.47,1.6,$53.02,0.62,$-2.68,0.0,$3.18,10.28,$3.21B,$1.94B,1.66,$2.05B,$6.23B,0.33,$16.66B,$6.11B,36.67%,$16.66B,$1.69B,10.15%,$16.66B,$1.69B,10.15%,$16.66B,$2.20B,13.18%,$16.66B,$1.60B,9.59%,$16.66B,$1.00B,5.97%,$1.00B,$6.23B,16.42%,$1.00B,$6.02B,17.03%,$1.00B,$10.88B,9.22%,$1.69B,$8.28B,20.86%,$3804,$2381,$1423,$0,$982,$3519,$285,$-28,$257,$97,$160,$160,$160,$539,$285,$305,305,$0.53,$0.52,$288,$2718,$134,$3212,$6951,$391,$211,$111,$7664,$10876,$1935,$2050,$379,$2708,$4643,$4,$6952,$-20,$6233,$10876,$389,$263,$65,$328,$0,$139,$190,$-4,$157,$874,$-558,$0,$0,$-40,$24,$-16,$3,$-571,$-6,$0,$-6,$-261,$-261,$0,$0,$-267,$36,$23,$0
41,2008-04-30,38.1,$19.87,1.92,$51.99,0.73,$-4.82,0.0,$3.24,11.76,$3.30B,$1.85B,1.79,$2.05B,$6.09B,0.34,$16.53B,$6.03B,36.49%,$16.53B,$1.73B,10.46%,$16.53B,$1.73B,10.46%,$16.53B,$2.21B,13.35%,$16.53B,$1.65B,9.99%,$16.53B,$1.03B,6.22%,$1.03B,$6.09B,17.25%,$1.03B,$5.88B,17.91%,$1.03B,$10.63B,9.78%,$1.73B,$8.14B,22.29%,$3725,$2250,$1475,$0,$930,$3319,$406,$-26,$380,$144,$236,$236,$236,$401,$406,$306,307,$0.77,$0.77,$273,$2817,$141,$3296,$6619,$395,$213,$107,$7334,$10630,$1847,$2048,$371,$2689,$4536,$4,$6716,$-18,$6094,$10630,$153,$130,$36,$166,$0,$39,$112,$-6,$34,$353,$-273,$0,$0,$-3,$23,$20,$2,$-251,$-3,$109,$106,$-150,$-150,$0,$0,$-44,$58,$8,$0
42,2008-01-31,35.51,$19.62,1.81,$51.25,0.69,$-5.67,0.0,$3.39,10.48,$3.72B,$1.77B,2.1,$2.05B,$6.10B,0.34,$16.47B,$6.01B,36.51%,$16.47B,$1.80B,10.95%,$16.47B,$1.80B,10.95%,$16.47B,$2.26B,13.70%,$16.47B,$1.74B,10.57%,$16.47B,$1.08B,6.58%,$1.08B,$6.10B,18.33%,$1.08B,$5.88B,19.05%,$1.08B,$10.56B,10.66%,$1.80B,$8.15B,24.19%,$3624,$2289,$1335,$0,$923,$3353,$271,$-26,$245,$92,$153,$153,$153,$810,$271,$309,309,$0.50,$0.49,$664,$2856,$133,$3724,$6510,$0,$219,$107,$6836,$10560,$1771,$2052,$373,$2687,$4458,$4,$6563,$0,$6102,$10560,$1084,$453,$70,$523,$0,$-275,$-98,$-78,$-402,$1205,$-1542,$0,$0,$0,$-80,$-80,$26,$-1596,$969,$0,$969,$-650,$-650,$0,$6,$325,$-66,$54,$0
43,2007-10-31,42.88,$18.52,2.32,$50.36,0.85,$1.22,35.0,$3.56,12.04,$4.44B,$2.73B,1.62,$2.05B,$5.81B,0.35,$16.44B,$6.06B,36.88%,$16.44B,$1.91B,11.62%,$16.44B,$1.91B,11.62%,$16.44B,$2.34B,14.24%,$16.44B,$1.86B,11.31%,$16.44B,$1.16B,7.04%,$1.16B,$5.81B,19.99%,$1.16B,$5.59B,20.79%,$1.16B,$11.11B,11.82%,$1.91B,$7.85B,26.96%,$5488,$3606,$1882,$0,$1067,$4804,$683,$-23,$661,$249,$412,$412,$412,$446,$683,$318,320,$1.31,$1.31,$321,$3909,$144,$4435,$6384,$0,$223,$73,$6679,$11114,$2732,$2046,$269,$2573,$5305,$4,$6152,$0,$5809,$11114,$672,$327,$52,$379,$0,$-1329,$775,$-19,$-751,$300,$-1228,$0,$0,$406,$0,$406,$-5,$-827,$979,$170,$1149,$-516,$-516,$0,$-1,$633,$106,$39,$0
44,2007-07-31,47.42,$18.35,2.58,$49.43,0.96,$8.46,5.61,$3.63,13.06,$3.28B,$2.37B,1.38,$1.04B,$5.83B,0.18,$16.26B,$5.99B,36.86%,$16.26B,$1.95B,11.97%,$16.26B,$1.95B,11.97%,$16.26B,$2.36B,14.50%,$16.26B,$1.91B,11.72%,$16.26B,$1.19B,7.30%,$1.19B,$5.83B,20.76%,$1.19B,$5.61B,21.61%,$1.19B,$9.75B,12.66%,$1.95B,$6.87B,28.80%,$3825,$2407,$1418,$0,$934,$3494,$331,$-19,$312,$118,$194,$194,$194,$550,$331,$317,319,$0.61,$0.61,$265,$2803,$163,$3278,$6190,$0,$223,$61,$6474,$9752,$2374,$1041,$258,$1546,$3920,$4,$5958,$0,$5832,$9752,$478,$211,$32,$243,$0,$-224,$141,$-37,$-308,$413,$-772,$0,$0,$396,$0,$396,$-2,$-379,$-14,$295,$281,$-282,$-282,$0,$7,$6,$41,$25,$0
45,2007-04-30,57.75,$18.32,3.15,$48.16,1.2,$14.22,4.06,$3.49,16.55,$3.39B,$1.80B,1.89,$1.04B,$5.91B,0.18,$15.97B,$5.84B,36.54%,$15.97B,$1.88B,11.76%,$15.97B,$1.88B,11.76%,$15.97B,$2.28B,14.27%,$15.97B,$1.84B,11.53%,$15.97B,$1.15B,7.20%,$1.15B,$5.91B,20.57%,$1.15B,$5.69B,21.46%,$1.15B,$9.25B,12.63%,$1.88B,$6.95B,28.32%,$3589,$2193,$1396,$0,$838,$3145,$444,$-11,$433,$164,$269,$269,$269,$451,$444,$320,323,$0.84,$0.83,$504,$2699,$174,$3389,$5577,$0,$226,$60,$5863,$9252,$1796,$1041,$249,$1545,$3341,$4,$5688,$0,$5910,$9252,$209,$105,$51,$156,$0,$-121,$88,$-46,$-282,$83,$-276,$0,$0,$178,$0,$178,$-0,$-98,$-12,$0,$-12,$82,$82,$0,$7,$77,$62,$9,$0
46,2007-01-31,55.31,$17.46,3.17,$46.37,1.19,$19.05,2.9,$3.33,16.61,$3.39B,$1.91B,1.78,$1.04B,$5.60B,0.19,$15.60B,$5.67B,36.38%,$15.60B,$1.81B,11.63%,$15.60B,$1.81B,11.63%,$15.60B,$2.21B,14.14%,$15.60B,$1.77B,11.37%,$15.60B,$1.11B,7.10%,$1.11B,$5.60B,19.67%,$1.11B,$5.38B,20.50%,$1.11B,$9.03B,12.19%,$1.81B,$6.64B,27.18%,$3572,$2254,$1318,$0,$858,$3226,$346,$-10,$336,$127,$209,$209,$209,$893,$346,$322,325,$0.65,$0.64,$620,$2578,$155,$3394,$5353,$0,$229,$59,$5640,$9034,$1912,$1040,$236,$1519,$3431,$3,$5480,$0,$5603,$9034,$1109,$389,$51,$440,$1652,$-350,$104,$-65,$1571,$3120,$-1163,$0,$0,$0,$-270,$-270,$-7,$-1440,$-111,$0,$-111,$-1533,$-1533,$0,$26,$-1618,$62,$45,$0
47,2006-10-31,55.07,$17.14,3.21,$43.64,1.26,$13.36,4.12,$2.93,18.79,$3.92B,$2.44B,1.61,$1.04B,$5.53B,0.19,$14.84B,$5.34B,35.99%,$14.84B,$1.65B,11.10%,$14.84B,$1.65B,11.10%,$14.84B,$2.03B,13.64%,$14.84B,$1.60B,10.77%,$14.84B,$1.00B,6.72%,$1.00B,$5.53B,17.44%,$1.00B,$5.30B,18.16%,$1.00B,$9.48B,10.95%,$1.65B,$6.57B,24.36%,$5449,$3519,$1929,$0,$1035,$4661,$788,$-11,$777,$292,$485,$485,$485,$464,$788,$332,335,$1.47,$1.46,$518,$3235,$149,$3923,$5266,$0,$232,$57,$5555,$9478,$2436,$1040,$228,$1513,$3949,$3,$4995,$0,$5529,$9478,$624,$284,$40,$324,$1652,$-1006,$819,$-64,$1442,$2391,$-965,$0,$0,$-159,$0,$-159,$-4,$-1127,$-107,$0,$-107,$-1105,$-1105,$0,$20,$-1191,$72,$31,$0
