,Date,Stock Price,Book Value per Share,Price to Book Ratio,TTM Sales per Share,Price to Sales Ratio,TTM FCF per Share,Price to FCF Ratio,TTM Net EPS,PE Ratio,Current Assets,Current Liabilities,Current Ratio,Long Term Debt,Shareholder's Equity_x,Debt to Equity Ratio,TTM Revenue_x,TTM Gross Profit,Gross Margin,TTM Revenue_y,TTM Operating Income,Operating Margin,TTM Revenue_x,TTM EBIT,EBIT Margin,TTM Revenue_y,TTM EBITDA,EBITDA Margin,TTM Revenue_x,TTM Pre-Tax Income,Pre-Tax Margin,TTM Revenue_y,TTM Net Income_x,Net Margin,TTM Net Income_y,Shareholder's Equity_y,Return on Equity,TTM Net Income_x,Tangible Equity,Return on Tangible Equity,TTM Net Income_y,Total Assets,Return on Assets,TTM Net Income,LT Investments & Debt,Return on Investment,revenue,cost-goods-sold,gross-profit,research-development-expenses,selling-general-administrative-expenses,operating-expenses,operating-income,total-non-operating-income-expense,pre-tax-income,total-provision-income-taxes,income-after-taxes,income-from-continuous-operations,net-income,ebitda,ebit,basic-shares-outstanding,shares-outstanding,eps-basic-net-earnings-per-share,eps-earnings-per-share-diluted,cash-on-hand,inventory,other-current-assets,total-current-assets,net-property-plant-equipment,long-term-investments,goodwill-intangible-assets-total,other-long-term-assets,total-long-term-assets,total-assets,total-current-liabilities,long-term-debt,other-non-current-liabilities,total-long-term-liabilities,total-liabilities,common-stock-net,retained-earnings-accumulated-deficit,comprehensive-income,total-share-holder-equity,total-liabilities-share-holders-equity,net-income-loss,total-depreciation-amortization-cash-flow,other-non-cash-items,total-non-cash-items,change-in-accounts-receivable,change-in-inventories,change-in-accounts-payable,change-in-assets-liabilities,total-change-in-assets-liabilities,cash-flow-from-operating-activities,net-change-in-property-plant-equipment,net-change-in-intangible-assets,net-acquisitions-divestitures,net-change-in-short-term-investments,net-change-in-long-term-investments,net-change-in-investments-total,investing-activities-other,cash-flow-from-investing-activities,net-long-term-debt,net-current-debt,debt-issuance-retirement-net-total,net-common-equity-issued-repurchased,net-total-equity-issued-repurchased,total-common-preferred-stock-dividends-paid,financial-activities-other,cash-flow-from-financial-activities,net-cash-flow,stock-based-compensation,common-stock-dividends-paid
0,2018-09-30,113.28,$50.06,2.26,$25.99,4.36,$6.86,16.51,$9.88,11.47,$0.62B,$0.47B,1.32,$2.68B,$5.09B,0.53,$2.68B,$2.18B,81.34%,$2.68B,$0.97B,36.12%,$2.68B,$0.97B,36.12%,$2.68B,$1.30B,48.66%,$2.68B,$0.86B,32.01%,$2.68B,$1.02B,37.99%,$1.02B,$5.09B,20.48%,$1.02B,$5.09B,20.48%,$1.02B,$9.41B,11.01%,$0.97B,$7.77B,13.03%,$699,$133,$566,$0,$222,$434,$265,$-18,$247,$73,$174,$174,$174,$353,$265,$102,102,$1.71,$1.70,$107,$155,$82,$616,$8645,$47,$0,$102,$8793,$9409,$466,$2681,$103,$3852,$4318,$1,$3818,$-3,$5091,$9409,$468,$257,$44,$301,$-39,$1,$-23,$-3,$-63,$706,$-489,$0,$0,$0,$-34,$-34,$-2,$-525,$421,$-348,$73,$-162,$-162,$-111,$-8,$-208,$-27,$16,$-111
1,2018-06-30,105.96,$48.92,2.17,$25.42,4.17,$7.13,14.86,$9.41,11.26,$0.53B,$0.44B,1.2,$2.68B,$4.99B,0.54,$2.64B,$2.16B,81.69%,$2.64B,$0.94B,35.52%,$2.64B,$0.94B,35.52%,$2.64B,$1.27B,48.03%,$2.64B,$0.82B,31.20%,$2.64B,$0.97B,36.88%,$0.97B,$5.00B,20.27%,$0.97B,$5.00B,20.27%,$0.97B,$9.26B,10.61%,$0.94B,$7.68B,13.11%,$682,$127,$555,$0,$223,$437,$246,$-50,$196,$47,$149,$149,$148,$332,$246,$102,102,$1.45,$1.45,$61,$154,$63,$528,$8596,$46,$0,$94,$8735,$9263,$441,$2682,$123,$3826,$4267,$1,$3732,$-8,$4996,$9263,$294,$170,$30,$200,$-17,$2,$-41,$-11,$-68,$426,$-361,$0,$0,$0,$-27,$-27,$3,$-384,$423,$-348,$75,$-108,$-108,$-74,$-8,$-115,$-73,$12,$-74
2,2018-03-31,109.49,$48.06,2.28,$24.97,4.39,$7.58,14.44,$9.23,11.86,$0.57B,$0.82B,0.69,$2.23B,$4.93B,0.45,$2.61B,$2.14B,81.89%,$2.61B,$0.93B,35.60%,$2.61B,$0.93B,35.60%,$2.61B,$1.26B,48.05%,$2.61B,$0.86B,32.85%,$2.61B,$0.96B,36.72%,$0.96B,$4.93B,20.50%,$0.96B,$4.93B,20.50%,$0.96B,$9.13B,10.51%,$0.93B,$7.16B,13.45%,$639,$119,$519,$0,$217,$420,$219,$3,$222,$77,$145,$145,$144,$302,$219,$103,103,$1.41,$1.40,$47,$161,$87,$566,$8431,$47,$0,$85,$8562,$9128,$824,$2230,$130,$3373,$4197,$1,$3670,$-8,$4931,$9128,$145,$83,$15,$98,$-37,$-8,$-19,$-39,$-103,$141,$-120,$0,$0,$0,$-4,$-4,$-0,$-124,$-9,$-4,$-13,$-54,$-54,$-37,$0,$-104,$-87,$6,$-37
3,2017-12-31,104.54,$47.22,2.21,$24.50,4.27,$7.14,14.65,$9.21,11.35,$0.68B,$0.97B,0.7,$2.24B,$4.86B,0.46,$2.58B,$2.12B,81.96%,$2.58B,$0.92B,35.69%,$2.58B,$0.92B,35.69%,$2.58B,$1.24B,48.12%,$2.58B,$0.87B,33.84%,$2.58B,$0.96B,37.24%,$0.96B,$4.87B,21.09%,$0.96B,$4.87B,21.09%,$0.96B,$9.20B,10.62%,$0.92B,$7.10B,13.54%,$660,$120,$540,$0,$223,$423,$238,$-45,$193,$-359,$552,$552,$552,$317,$238,$105,105,$5.29,$5.28,$134,$151,$157,$680,$8404,$45,$0,$70,$8519,$9199,$972,$2236,$139,$3362,$4333,$1,$3611,$-13,$4865,$9199,$964,$321,$-334,$-13,$-47,$1,$160,$-38,$78,$1028,$-619,$0,$0,$0,$-46,$-46,$-16,$-681,$-25,$159,$134,$-375,$-375,$-143,$0,$-384,$-37,$18,$-143
4,2017-09-30,107.61,$42.49,2.53,$23.77,4.53,$6.34,16.98,$5.09,21.14,$0.64B,$0.93B,0.69,$2.24B,$4.40B,0.51,$2.52B,$2.07B,82.15%,$2.52B,$0.90B,35.50%,$2.52B,$0.90B,35.50%,$2.52B,$1.22B,48.20%,$2.52B,$0.85B,33.60%,$2.52B,$0.54B,21.42%,$0.54B,$4.41B,12.14%,$0.54B,$4.41B,12.14%,$0.54B,$9.10B,6.02%,$0.90B,$6.65B,13.36%,$657,$115,$541,$0,$226,$423,$234,$-22,$212,$82,$130,$130,$129,$316,$234,$104,105,$1.24,$1.23,$88,$151,$164,$641,$8336,$52,$0,$72,$8460,$9100,$925,$2238,$98,$3769,$4694,$1,$3161,$-8,$4406,$9100,$412,$242,$61,$303,$-47,$1,$109,$-44,$20,$734,$-483,$0,$0,$0,$-44,$-44,$-15,$-542,$-20,$171,$151,$-320,$-320,$-105,$0,$-274,$-82,$15,$-105
5,2017-06-30,103.26,$42.78,2.41,$23.10,4.47,$6.31,16.36,$4.98,20.74,$0.71B,$0.82B,0.87,$2.24B,$4.50B,0.5,$2.47B,$2.03B,82.14%,$2.47B,$0.86B,34.87%,$2.47B,$0.86B,34.87%,$2.47B,$1.18B,47.63%,$2.47B,$0.79B,32.12%,$2.47B,$0.53B,21.55%,$0.53B,$4.51B,11.98%,$0.53B,$4.51B,11.98%,$0.53B,$9.07B,5.98%,$0.86B,$6.75B,12.84%,$656,$118,$539,$0,$219,$417,$239,$-8,$231,$97,$135,$135,$134,$320,$239,$105,106,$1.27,$1.27,$166,$155,$157,$711,$8247,$36,$0,$73,$8356,$9068,$821,$2244,$110,$3739,$4560,$1,$3238,$-7,$4508,$9068,$282,$160,$17,$177,$-42,$-3,$34,$-30,$-42,$417,$-302,$0,$0,$0,$-26,$-26,$-9,$-337,$-13,$120,$107,$-120,$-120,$-70,$0,$-84,$-4,$11,$-70
6,2017-03-31,84.34,$42.13,2.0,$22.16,3.81,$6.67,12.64,$4.82,17.5,$0.63B,$0.71B,0.89,$2.26B,$4.46B,0.51,$2.38B,$1.98B,82.96%,$2.38B,$0.84B,35.35%,$2.38B,$0.84B,35.35%,$2.38B,$1.15B,48.36%,$2.38B,$0.74B,30.90%,$2.38B,$0.52B,21.75%,$0.52B,$4.47B,11.78%,$0.52B,$4.47B,11.78%,$0.52B,$8.88B,5.89%,$0.84B,$6.73B,12.62%,$610,$113,$497,$0,$207,$399,$211,$27,$238,$91,$147,$147,$147,$290,$211,$106,106,$1.38,$1.38,$123,$155,$147,$633,$8133,$38,$0,$75,$8245,$8878,$708,$2264,$106,$3701,$4409,$1,$3197,$-5,$4469,$8878,$147,$79,$-50,$29,$-16,$-3,$-10,$-18,$-47,$130,$-155,$0,$0,$0,$-4,$-4,$-3,$-162,$-7,$83,$76,$-56,$-56,$-35,$0,$-15,$-48,$5,$-35
7,2016-12-31,83.13,$41.32,2.01,$21.63,3.84,$7.23,11.49,$4.43,18.77,$0.65B,$0.74B,0.87,$2.27B,$4.40B,0.52,$2.34B,$1.93B,82.83%,$2.34B,$0.82B,35.07%,$2.34B,$0.82B,35.07%,$2.34B,$1.12B,48.14%,$2.34B,$0.66B,28.39%,$2.34B,$0.48B,20.51%,$0.48B,$4.41B,11.03%,$0.48B,$4.41B,11.03%,$0.48B,$8.82B,5.53%,$0.82B,$6.68B,12.48%,$599,$104,$495,$0,$206,$388,$211,$-45,$166,$35,$130,$130,$130,$289,$211,$108,108,$1.20,$1.21,$171,$153,$134,$648,$8070,$33,$0,$67,$8170,$8818,$744,$2272,$108,$3669,$4413,$1,$3134,$-6,$4405,$8818,$480,$305,$55,$360,$-18,$-14,$102,$10,$79,$919,$-585,$0,$0,$0,$-34,$-34,$-9,$-628,$-28,$101,$73,$-185,$-185,$-143,$-3,$-257,$34,$19,$-143
8,2016-09-30,91.07,$40.77,2.23,$21.51,4.23,$4.88,18.67,$4.50,20.24,$0.77B,$0.75B,1.02,$2.28B,$4.38B,0.52,$2.34B,$1.92B,82.10%,$2.34B,$0.83B,35.42%,$2.34B,$0.83B,35.42%,$2.34B,$1.13B,48.31%,$2.34B,$0.68B,29.29%,$2.34B,$0.49B,20.90%,$0.49B,$4.39B,11.35%,$0.49B,$4.39B,11.35%,$0.49B,$8.83B,5.71%,$0.83B,$6.66B,12.80%,$605,$107,$498,$0,$221,$405,$200,$-42,$158,$37,$121,$121,$121,$277,$200,$108,108,$1.12,$1.12,$293,$146,$136,$769,$7951,$38,$0,$71,$8061,$8830,$752,$2276,$108,$3692,$4444,$1,$3117,$-6,$4386,$8830,$350,$227,$55,$282,$-22,$-6,$86,$-7,$52,$684,$-428,$0,$0,$0,$-32,$-32,$-6,$-466,$228,$-80,$148,$-99,$-99,$-107,$-3,$-61,$157,$15,$-107
9,2016-06-30,87.62,$40.14,2.18,$21.66,4.05,$2.56,34.26,$4.58,19.13,$0.72B,$0.68B,1.06,$2.28B,$4.33B,0.53,$2.36B,$1.92B,81.08%,$2.36B,$0.85B,35.86%,$2.36B,$0.85B,35.86%,$2.36B,$1.14B,48.35%,$2.36B,$0.70B,29.55%,$2.36B,$0.50B,21.13%,$0.50B,$4.33B,11.75%,$0.50B,$4.33B,11.75%,$0.50B,$8.68B,5.93%,$0.85B,$6.61B,13.19%,$569,$81,$487,$0,$192,$349,$220,$-46,$174,$53,$121,$121,$120,$296,$220,$108,108,$1.12,$1.11,$294,$141,$112,$724,$7848,$35,$0,$71,$7954,$8677,$681,$2282,$115,$3665,$4346,$1,$3069,$-5,$4332,$8677,$229,$150,$14,$164,$-5,$-2,$26,$6,$25,$418,$-262,$0,$0,$0,$-17,$-17,$-5,$-283,$236,$-80,$155,$-59,$-59,$-72,$-3,$22,$157,$11,$-72
10,2016-03-31,82.81,$39.38,2.1,$21.69,3.82,$0.89,92.74,$4.48,18.48,$0.45B,$0.68B,0.66,$2.04B,$4.25B,0.48,$2.38B,$1.88B,78.98%,$2.38B,$0.81B,34.22%,$2.38B,$0.81B,34.22%,$2.38B,$1.10B,46.41%,$2.38B,$0.69B,28.84%,$2.38B,$0.49B,20.64%,$0.49B,$4.25B,11.65%,$0.49B,$4.25B,11.65%,$0.49B,$8.32B,5.95%,$0.81B,$6.29B,12.98%,$563,$108,$455,$0,$193,$375,$188,$-23,$165,$57,$108,$108,$108,$262,$188,$108,108,$1.00,$0.99,$39,$141,$96,$452,$7757,$38,$0,$69,$7865,$8316,$681,$2039,$116,$3383,$4064,$1,$2992,$-5,$4252,$8316,$108,$74,$-19,$56,$-2,$-4,$2,$0,$-4,$160,$-126,$0,$0,$0,$-7,$-7,$-4,$-137,$-8,$-26,$-34,$-51,$-51,$-36,$-0,$-121,$-97,$6,$-36
11,2015-12-31,72.07,$38.95,1.85,$21.95,3.28,$-0.04,0.0,$4.40,16.38,$0.54B,$0.76B,0.71,$2.05B,$4.22B,0.49,$2.42B,$1.89B,78.05%,$2.42B,$0.80B,33.24%,$2.42B,$0.80B,33.24%,$2.42B,$1.09B,45.02%,$2.42B,$0.67B,27.82%,$2.42B,$0.48B,20.01%,$0.48B,$4.23B,11.56%,$0.48B,$4.23B,11.56%,$0.48B,$8.34B,5.93%,$0.80B,$6.27B,12.98%,$598,$121,$477,$0,$184,$379,$219,$-32,$187,$47,$140,$140,$139,$293,$219,$110,110,$1.29,$1.28,$137,$138,$91,$537,$7705,$35,$0,$64,$7804,$8341,$758,$2045,$123,$3359,$4116,$1,$2965,$-5,$4225,$8341,$485,$285,$195,$479,$12,$-26,$-27,$-14,$-55,$909,$-828,$0,$0,$0,$-18,$-18,$-27,$-873,$474,$-371,$103,$-190,$-190,$-140,$-20,$-248,$-211,$11,$-140
12,2015-09-30,87.33,$38.34,2.28,$22.32,3.91,$-1.37,0.0,$4.40,19.85,$0.58B,$0.47B,1.25,$2.32B,$4.18B,0.56,$2.46B,$1.90B,76.95%,$2.46B,$0.80B,32.43%,$2.46B,$0.80B,32.43%,$2.46B,$1.08B,43.71%,$2.46B,$0.66B,26.62%,$2.46B,$0.49B,19.72%,$0.49B,$4.18B,11.72%,$0.49B,$4.18B,11.72%,$0.49B,$8.32B,6.02%,$0.80B,$6.50B,13.10%,$632,$136,$496,$0,$205,$412,$220,$-48,$172,$40,$132,$132,$132,$291,$220,$110,110,$1.20,$1.20,$117,$128,$71,$582,$7617,$40,$0,$85,$7741,$8323,$465,$2320,$143,$3673,$4138,$1,$2913,$-5,$4184,$8323,$345,$211,$131,$342,$-13,$-15,$5,$7,$-16,$671,$-666,$0,$0,$0,$-7,$-7,$-21,$-694,$479,$-451,$28,$-132,$-132,$-104,$-1,$-209,$-231,$12,$-104
13,2015-06-30,87.33,$38.05,2.3,$22.71,3.85,$-1.58,0.0,$4.45,19.62,$0.52B,$0.70B,0.75,$1.83B,$4.19B,0.44,$2.51B,$1.90B,75.86%,$2.51B,$0.81B,32.19%,$2.51B,$0.81B,32.19%,$2.51B,$1.08B,43.03%,$2.51B,$0.69B,27.41%,$2.51B,$0.49B,19.60%,$0.49B,$4.20B,12.03%,$0.49B,$4.20B,12.03%,$0.49B,$8.05B,6.19%,$0.81B,$6.03B,13.64%,$586,$135,$451,$0,$194,$399,$187,$-24,$162,$50,$112,$112,$112,$258,$187,$110,111,$1.01,$1.01,$51,$134,$72,$524,$7419,$37,$0,$73,$7529,$8052,$701,$1829,$146,$3154,$3855,$1,$2923,$-4,$4198,$8052,$213,$139,$79,$218,$-12,$-23,$-18,$19,$-34,$398,$-422,$0,$0,$0,$-4,$-4,$-18,$-444,$-12,$-159,$-171,$-17,$-17,$-68,$4,$-251,$-297,$8,$-68
14,2015-03-31,97.4,$37.44,2.6,$23.29,4.18,$-2.83,0.0,$4.62,21.08,$0.52B,$0.66B,0.78,$1.83B,$4.13B,0.44,$2.57B,$1.93B,75.02%,$2.57B,$0.83B,32.13%,$2.57B,$0.83B,32.13%,$2.57B,$1.09B,42.42%,$2.57B,$0.72B,28.05%,$2.57B,$0.51B,19.81%,$0.51B,$4.14B,12.75%,$0.51B,$4.14B,12.75%,$0.51B,$7.94B,6.50%,$0.83B,$5.97B,14.16%,$603,$139,$464,$0,$208,$425,$178,$-27,$152,$50,$101,$101,$101,$247,$178,$110,111,$0.91,$0.91,$38,$127,$62,$515,$7306,$40,$0,$79,$7425,$7941,$658,$1834,$145,$3144,$3802,$1,$2866,$-4,$4139,$7941,$101,$69,$36,$104,$-23,$-16,$-25,$20,$-43,$163,$-231,$0,$0,$0,$-2,$-2,$-1,$-234,$23,$-238,$-215,$4,$4,$-31,$4,$-238,$-310,$4,$-31
15,2014-12-31,116.11,$36.82,3.15,$23.34,4.97,$-2.95,0.0,$4.56,25.46,$0.72B,$0.90B,0.8,$1.83B,$4.06B,0.45,$2.58B,$1.92B,74.28%,$2.58B,$0.81B,31.38%,$2.58B,$0.81B,31.38%,$2.58B,$1.07B,41.39%,$2.58B,$0.71B,27.66%,$2.58B,$0.50B,19.51%,$0.50B,$4.06B,12.90%,$0.50B,$4.06B,12.90%,$0.50B,$7.98B,6.53%,$0.81B,$5.89B,14.08%,$643,$157,$485,$0,$204,$429,$214,$-44,$170,$29,$142,$142,$141,$281,$214,$110,110,$1.28,$1.27,$348,$111,$78,$718,$7155,$36,$0,$67,$7258,$7976,$899,$1827,$131,$3014,$3912,$1,$2802,$-3,$4064,$7976,$504,$258,$166,$424,$17,$9,$-26,$-23,$-23,$906,$-970,$0,$0,$0,$-27,$-27,$14,$-983,$-333,$449,$116,$2,$2,$-117,$-6,$-5,$-82,$10,$-117
16,2014-09-30,115.06,$35.82,3.21,$23.10,4.98,$-2.37,0.0,$4.31,26.7,$0.78B,$0.76B,1.03,$1.85B,$3.95B,0.47,$2.55B,$1.89B,73.89%,$2.55B,$0.79B,31.01%,$2.55B,$0.79B,31.01%,$2.55B,$1.04B,40.77%,$2.55B,$0.72B,28.38%,$2.55B,$0.48B,18.66%,$0.48B,$3.95B,12.52%,$0.48B,$3.95B,12.52%,$0.48B,$7.82B,6.29%,$0.79B,$5.80B,13.99%,$678,$173,$504,$0,$210,$448,$229,$-26,$204,$65,$138,$138,$138,$294,$229,$110,110,$1.25,$1.25,$286,$123,$48,$780,$6909,$43,$0,$84,$7037,$7817,$761,$1846,$129,$3103,$3864,$1,$2692,$-2,$3953,$7817,$363,$191,$106,$296,$-9,$-1,$33,$-1,$23,$682,$-700,$0,$0,$0,$-26,$-26,$2,$-723,$-328,$311,$-17,$1,$1,$-86,$-1,$-103,$-144,$6,$-86
17,2014-06-30,101.82,$34.82,2.92,$22.60,4.51,$-1.83,0.0,$4.13,24.65,$0.71B,$0.73B,0.97,$1.85B,$3.84B,0.48,$2.50B,$1.84B,73.87%,$2.50B,$0.76B,30.54%,$2.50B,$0.76B,30.54%,$2.50B,$1.00B,40.24%,$2.50B,$0.70B,28.14%,$2.50B,$0.46B,18.28%,$0.46B,$3.84B,12.29%,$0.46B,$3.84B,12.29%,$0.46B,$7.65B,6.22%,$0.76B,$5.69B,13.77%,$650,$172,$478,$0,$200,$444,$206,$-10,$196,$66,$130,$130,$130,$270,$206,$110,110,$1.18,$1.18,$190,$126,$56,$708,$6826,$39,$0,$78,$6943,$7651,$729,$1852,$130,$3080,$3809,$1,$2585,$-2,$3842,$7651,$224,$126,$71,$197,$-12,$-4,$-11,$3,$-25,$396,$-559,$0,$0,$0,$-25,$-25,$4,$-580,$-320,$320,$0,$0,$0,$-55,$-2,$-56,$-239,$4,$-55
18,2014-03-31,96.4,$33.89,2.84,$21.96,4.39,$-1.18,0.0,$3.09,31.2,$0.69B,$0.57B,1.2,$1.86B,$3.73B,0.5,$2.42B,$1.80B,74.26%,$2.42B,$0.74B,30.32%,$2.42B,$0.74B,30.32%,$2.42B,$0.97B,39.93%,$2.42B,$0.54B,22.11%,$2.42B,$0.34B,14.07%,$0.34B,$3.74B,9.42%,$0.34B,$3.74B,9.42%,$0.34B,$7.36B,4.80%,$0.74B,$5.60B,13.55%,$607,$159,$448,$0,$197,$447,$160,$-17,$143,$49,$94,$94,$94,$222,$160,$110,110,$0.85,$0.85,$168,$132,$71,$692,$6541,$41,$0,$88,$6669,$7361,$574,$1857,$123,$3047,$3622,$1,$2486,$-2,$3739,$7361,$94,$62,$34,$96,$4,$-11,$-27,$-13,$-46,$143,$-225,$0,$0,$0,$-20,$-20,$4,$-240,$-315,$175,$-141,$0,$0,$-24,$-1,$-165,$-262,$2,$-24
19,2013-12-31,116.63,$33.35,3.5,$21.48,5.43,$-0.30,0.0,$3.18,36.68,$0.94B,$0.73B,1.29,$1.86B,$3.67B,0.51,$2.37B,$1.76B,74.35%,$2.37B,$0.74B,31.14%,$2.37B,$0.74B,31.14%,$2.37B,$0.96B,40.59%,$2.37B,$0.55B,23.29%,$2.37B,$0.35B,14.81%,$0.35B,$3.68B,9.87%,$0.35B,$3.68B,9.87%,$0.35B,$7.44B,5.10%,$0.74B,$5.53B,14.05%,$616,$160,$455,$0,$201,$420,$196,$-15,$181,$67,$114,$114,$114,$254,$196,$110,110,$1.03,$1.03,$430,$121,$62,$942,$6356,$41,$0,$96,$6493,$7435,$731,$1857,$127,$3028,$3759,$1,$2423,$-2,$3677,$7435,$353,$223,$234,$457,$-14,$7,$0,$-5,$-12,$798,$-798,$0,$0,$0,$-32,$-32,$-3,$-833,$575,$0,$575,$2,$2,$-71,$-114,$392,$357,$14,$-71
20,2013-09-30,102.82,$32.51,3.16,$21.06,4.88,$1.05,98.2,$2.98,34.5,$0.62B,$0.46B,1.36,$1.73B,$3.58B,0.48,$2.32B,$1.73B,74.50%,$2.32B,$0.72B,30.84%,$2.32B,$0.72B,30.84%,$2.32B,$0.93B,39.88%,$2.32B,$0.52B,22.44%,$2.32B,$0.33B,14.17%,$0.33B,$3.58B,9.43%,$0.33B,$3.58B,9.43%,$0.33B,$6.88B,4.97%,$0.72B,$5.31B,14.02%,$622,$160,$462,$0,$204,$421,$200,$-18,$182,$63,$119,$119,$118,$258,$200,$110,110,$1.08,$1.07,$96,$135,$78,$618,$6120,$43,$0,$100,$6263,$6881,$455,$1729,$130,$2844,$3298,$1,$2333,$-2,$3583,$6881,$239,$165,$201,$366,$-29,$-7,$17,$-13,$-32,$573,$-531,$0,$0,$0,$-25,$-25,$-8,$-564,$167,$0,$167,$1,$1,$-48,$-106,$15,$23,$11,$-48
21,2013-06-30,99.43,$31.61,3.15,$20.67,4.81,$2.57,38.74,$2.73,36.42,$0.54B,$0.41B,1.34,$1.77B,$3.48B,0.51,$2.28B,$1.70B,74.70%,$2.28B,$0.70B,30.61%,$2.28B,$0.70B,30.61%,$2.28B,$0.90B,39.48%,$2.28B,$0.50B,22.13%,$2.28B,$0.30B,13.22%,$0.30B,$3.48B,8.80%,$0.30B,$3.48B,8.80%,$0.30B,$6.73B,4.63%,$0.70B,$5.25B,13.95%,$579,$144,$435,$0,$201,$400,$179,$-149,$30,$14,$16,$16,$15,$234,$179,$110,110,$0.14,$0.14,$30,$139,$86,$544,$6064,$38,$0,$85,$6186,$6730,$405,$1766,$132,$2842,$3247,$1,$2238,$-2,$3483,$6730,$120,$108,$167,$275,$-14,$-12,$-27,$-16,$-69,$326,$-417,$0,$0,$0,$-23,$-23,$-5,$-444,$201,$0,$201,$1,$1,$-24,$-102,$75,$-43,$8,$-24
22,2013-03-31,103.86,$31.65,3.28,$20.37,5.1,$4.31,24.1,$3.68,28.22,$0.54B,$0.52B,1.05,$1.43B,$3.48B,0.41,$2.24B,$1.66B,74.19%,$2.24B,$0.72B,32.19%,$2.24B,$0.72B,32.19%,$2.24B,$0.92B,40.93%,$2.24B,$0.65B,28.89%,$2.24B,$0.41B,18.10%,$0.41B,$3.49B,12.09%,$0.41B,$3.49B,12.09%,$0.41B,$6.47B,6.35%,$0.72B,$4.92B,14.78%,$553,$143,$410,$0,$194,$390,$163,$-4,$159,$54,$104,$104,$104,$216,$163,$110,110,$0.94,$0.94,$64,$140,$49,$543,$5746,$57,$0,$128,$5931,$6474,$519,$1431,$127,$2467,$2986,$1,$2247,$-2,$3487,$6474,$104,$53,$18,$71,$-19,$-13,$-25,$7,$-50,$126,$-110,$0,$0,$0,$-13,$-13,$-0,$-123,$-15,$0,$-15,$0,$0,$0,$2,$-12,$-9,$5,$0
23,2012-12-31,78.02,$30.88,2.53,$20.34,3.84,$4.55,17.13,$3.42,22.81,$0.52B,$0.43B,1.23,$1.55B,$3.40B,0.46,$2.24B,$1.66B,74.13%,$2.24B,$0.72B,32.04%,$2.24B,$0.72B,32.04%,$2.24B,$0.92B,40.93%,$2.24B,$0.62B,27.57%,$2.24B,$0.38B,16.85%,$0.38B,$3.40B,11.53%,$0.38B,$3.40B,11.53%,$0.38B,$6.40B,5.95%,$0.72B,$4.95B,14.83%,$568,$145,$423,$0,$198,$395,$174,$-23,$150,$58,$93,$93,$92,$218,$174,$110,110,$0.84,$0.84,$73,$126,$48,$522,$5685,$52,$0,$137,$5874,$6396,$425,$1548,$129,$2570,$2995,$1,$2167,$-2,$3401,$6396,$379,$199,$149,$348,$-22,$-9,$-3,$-21,$-54,$673,$-525,$0,$0,$0,$-35,$-35,$9,$-552,$-46,$0,$-46,$2,$2,$-86,$9,$-121,$0,$11,$-86
24,2012-09-30,70.65,$30.11,2.35,$20.00,3.53,$4.60,15.34,$3.46,20.42,$0.68B,$0.49B,1.4,$1.56B,$3.31B,0.47,$2.20B,$1.63B,73.95%,$2.20B,$0.69B,31.50%,$2.20B,$0.69B,31.50%,$2.20B,$0.90B,40.86%,$2.20B,$0.56B,25.64%,$2.20B,$0.38B,17.32%,$0.38B,$3.31B,11.97%,$0.38B,$3.31B,11.97%,$0.38B,$6.42B,6.07%,$0.69B,$4.87B,14.55%,$577,$144,$433,$0,$203,$397,$181,$-16,$165,$74,$91,$91,$90,$231,$181,$110,110,$0.82,$0.82,$187,$124,$35,$682,$5552,$60,$0,$131,$5742,$6424,$488,$1557,$174,$2623,$3111,$1,$2096,$-2,$3313,$6424,$287,$154,$91,$245,$-39,$-10,$50,$-17,$-16,$516,$-307,$0,$0,$0,$-31,$-31,$10,$-328,$-34,$0,$-34,$1,$1,$-43,$3,$-73,$115,$8,$-43
25,2012-06-30,64.69,$29.38,2.2,$19.72,3.28,$4.42,14.65,$3.55,18.22,$0.63B,$0.45B,1.41,$1.57B,$3.23B,0.49,$2.17B,$1.60B,73.85%,$2.17B,$0.69B,32.01%,$2.17B,$0.69B,32.01%,$2.17B,$0.91B,41.74%,$2.17B,$0.54B,25.05%,$2.17B,$0.39B,18.04%,$0.39B,$3.23B,12.64%,$0.39B,$3.23B,12.64%,$0.39B,$6.29B,6.32%,$0.69B,$4.80B,14.76%,$545,$147,$398,$0,$189,$342,$204,$-30,$174,$53,$121,$121,$120,$253,$204,$110,110,$1.10,$1.09,$106,$117,$55,$627,$5479,$55,$0,$130,$5663,$6291,$445,$1571,$174,$2613,$3058,$1,$2028,$-3,$3232,$6291,$196,$104,$40,$144,$-21,$-7,$-1,$-2,$-30,$310,$-208,$0,$0,$0,$-27,$-27,$4,$-231,$-20,$0,$-20,$1,$1,$-22,$-5,$-46,$33,$6,$-22
26,2012-03-31,66.3,$28.46,2.33,$19.63,3.38,$4.42,14.99,$3.10,21.39,$0.68B,$0.45B,1.53,$1.59B,$3.12B,0.51,$2.16B,$1.59B,73.73%,$2.16B,$0.64B,29.75%,$2.16B,$0.64B,29.75%,$2.16B,$0.85B,39.53%,$2.16B,$0.48B,22.43%,$2.16B,$0.34B,15.85%,$0.34B,$3.13B,11.40%,$0.34B,$3.13B,11.40%,$0.34B,$6.25B,5.63%,$0.64B,$4.72B,13.90%,$548,$143,$405,$0,$199,$390,$158,$-30,$128,$52,$75,$75,$75,$214,$158,$110,110,$0.68,$0.68,$102,$121,$70,$684,$5388,$58,$0,$125,$5570,$6254,$447,$1586,$228,$2677,$3124,$1,$1929,$-2,$3130,$6254,$75,$56,$32,$88,$-21,$-12,$0,$9,$-24,$140,$-97,$0,$0,$0,$-7,$-7,$2,$-101,$-7,$0,$-7,$0,$0,$-0,$-2,$-9,$29,$3,$-0
27,2011-12-31,62.89,$27.83,2.26,$19.11,3.29,$4.25,14.81,$3.00,20.96,$0.64B,$0.44B,1.47,$1.60B,$3.05B,0.53,$2.10B,$1.55B,73.70%,$2.10B,$0.61B,29.16%,$2.10B,$0.61B,29.16%,$2.10B,$0.82B,38.97%,$2.10B,$0.46B,21.72%,$2.10B,$0.33B,15.72%,$0.33B,$3.06B,11.33%,$0.33B,$3.06B,11.33%,$0.33B,$6.15B,5.56%,$0.61B,$4.66B,13.48%,$530,$140,$391,$0,$193,$380,$150,$-54,$97,$1,$96,$96,$96,$201,$150,$108,110,$0.88,$0.87,$72,$110,$70,$643,$5322,$50,$0,$131,$5503,$6145,$437,$1603,$185,$2649,$3086,$1,$1875,$-2,$3059,$6145,$332,$206,$179,$385,$-2,$-7,$-8,$-62,$-79,$638,$-485,$0,$0,$0,$-23,$-23,$-2,$-510,$-103,$0,$-103,$2,$2,$-3,$-36,$-141,$-13,$9,$-3
28,2011-09-30,46.2,$26.90,1.72,$18.73,2.47,$4.87,9.48,$2.63,17.57,$0.72B,$0.44B,1.66,$1.68B,$2.95B,0.57,$2.05B,$1.52B,73.97%,$2.05B,$0.60B,29.15%,$2.05B,$0.60B,29.15%,$2.05B,$0.80B,38.96%,$2.05B,$0.45B,21.73%,$2.05B,$0.29B,13.96%,$0.29B,$2.96B,10.12%,$0.29B,$2.96B,10.12%,$0.29B,$6.07B,4.92%,$0.60B,$4.63B,13.39%,$545,$137,$407,$0,$203,$363,$182,$-38,$144,$44,$100,$100,$100,$237,$182,$110,110,$0.91,$0.91,$217,$116,$72,$724,$5160,$55,$0,$128,$5342,$6066,$437,$1676,$230,$2674,$3111,$1,$1780,$-2,$2955,$6066,$236,$155,$145,$300,$-27,$-12,$15,$-47,$-71,$465,$-277,$0,$0,$0,$-29,$-29,$14,$-292,$-22,$0,$-22,$2,$2,$-3,$-18,$-41,$132,$6,$-3
29,2011-06-30,54.87,$25.99,2.11,$17.78,3.09,$4.68,11.73,$2.20,24.94,$0.66B,$0.41B,1.63,$1.62B,$2.85B,0.57,$1.94B,$1.44B,74.03%,$1.94B,$0.53B,27.36%,$1.94B,$0.53B,27.36%,$1.94B,$0.72B,37.25%,$1.94B,$0.39B,20.04%,$1.94B,$0.24B,12.16%,$0.24B,$2.85B,8.57%,$0.24B,$2.85B,8.57%,$0.24B,$5.83B,4.14%,$0.53B,$4.47B,12.15%,$535,$147,$388,$0,$191,$383,$152,$-37,$115,$43,$72,$72,$71,$201,$152,$109,110,$0.65,$0.64,$156,$115,$58,$662,$4994,$49,$0,$121,$5164,$5826,$406,$1615,$222,$2567,$2972,$1,$1680,$-1,$2853,$5826,$136,$100,$111,$211,$-36,$-14,$-5,$-23,$-78,$269,$-167,$0,$0,$0,$-24,$-24,$17,$-174,$-10,$0,$-10,$1,$1,$-3,$-13,$-24,$71,$5,$-3
30,2011-03-31,50.35,$25.32,1.99,$17.50,2.88,$4.77,10.55,$1.90,26.5,$0.61B,$0.39B,1.56,$1.62B,$2.77B,0.58,$1.87B,$1.39B,74.63%,$1.87B,$0.51B,27.09%,$1.87B,$0.51B,27.09%,$1.87B,$0.70B,37.26%,$1.87B,$0.33B,17.72%,$1.87B,$0.20B,10.71%,$0.20B,$2.78B,7.42%,$0.20B,$2.78B,7.42%,$0.20B,$5.70B,3.55%,$0.51B,$4.40B,11.74%,$489,$128,$361,$0,$188,$361,$128,$-28,$100,$36,$64,$64,$63,$179,$128,$104,110,$0.60,$0.58,$102,$108,$73,$605,$4934,$50,$0,$111,$5096,$5700,$389,$1617,$223,$2533,$2922,$1,$1609,$-1,$2779,$5700,$64,$51,$45,$95,$-21,$-6,$-13,$-3,$-42,$117,$-94,$0,$0,$0,$-7,$-7,$8,$-93,$-6,$0,$-6,$0,$0,$-3,$0,$-8,$16,$4,$-3
31,2010-12-31,44.26,$26.44,1.67,$17.58,2.52,$5.19,8.53,$1.66,26.66,$0.58B,$0.42B,1.37,$1.62B,$2.71B,0.6,$1.82B,$1.36B,75.15%,$1.82B,$0.49B,26.78%,$1.82B,$0.49B,26.78%,$1.82B,$0.67B,36.97%,$1.82B,$0.29B,15.92%,$1.82B,$0.17B,9.37%,$0.17B,$2.71B,6.56%,$0.17B,$2.71B,6.56%,$0.17B,$5.64B,3.04%,$0.49B,$4.34B,11.35%,$479,$120,$359,$0,$177,$344,$135,$-49,$86,$31,$56,$56,$52,$181,$135,$100,108,$0.51,$0.51,$85,$101,$91,$576,$4902,$46,$0,$116,$5065,$5641,$421,$1622,$230,$2506,$2927,$1,$1548,$-1,$2714,$5641,$180,$185,$164,$349,$-20,$6,$22,$-41,$-33,$496,$-279,$0,$-25,$0,$-25,$-25,$18,$-312,$-359,$0,$-359,$217,$217,$-11,$-64,$-217,$-32,$9,$-11
32,2010-09-30,34.6,$26.04,1.33,$17.47,1.98,$2.71,12.75,$1.49,23.22,$0.67B,$0.44B,1.51,$1.61B,$2.67B,0.6,$1.74B,$1.31B,75.22%,$1.74B,$0.44B,25.42%,$1.74B,$0.44B,25.42%,$1.74B,$0.63B,35.86%,$1.74B,$0.26B,14.69%,$1.74B,$0.15B,8.61%,$0.15B,$2.67B,6.01%,$0.15B,$2.67B,6.01%,$0.15B,$5.63B,2.71%,$0.44B,$4.28B,10.41%,$438,$110,$329,$0,$166,$322,$116,$-29,$88,$35,$53,$53,$50,$162,$116,$102,110,$0.49,$0.48,$97,$106,$86,$666,$4822,$47,$0,$95,$4963,$5629,$442,$1611,$230,$2516,$2958,$1,$1496,$-2,$2672,$5629,$124,$139,$120,$259,$-34,$1,$55,$-45,$-24,$360,$-194,$0,$-25,$0,$-18,$-18,$12,$-226,$-361,$0,$-361,$216,$216,$-8,$-29,$-183,$-49,$6,$-8
33,2010-06-30,33.62,$25.55,1.32,$17.52,1.92,$0.39,85.71,$1.28,26.26,$0.62B,$0.47B,1.33,$1.62B,$2.61B,0.62,$1.69B,$1.28B,75.75%,$1.69B,$0.41B,24.31%,$1.69B,$0.41B,24.31%,$1.69B,$0.59B,35.01%,$1.69B,$0.21B,12.48%,$1.69B,$0.13B,7.39%,$0.13B,$2.62B,5.20%,$0.13B,$2.62B,5.20%,$0.13B,$5.55B,2.28%,$0.41B,$4.23B,9.69%,$462,$117,$345,$0,$170,$334,$127,$-70,$57,$20,$37,$37,$35,$174,$127,$100,100,$0.35,$0.34,$115,$106,$57,$621,$4790,$46,$0,$89,$4925,$5546,$465,$1615,$242,$2462,$2927,$1,$1446,$-3,$2619,$5546,$72,$93,$82,$174,$-37,$0,$24,$-13,$-26,$220,$-117,$0,$-25,$0,$-11,$-11,$8,$-145,$-293,$0,$-293,$216,$216,$-6,$-25,$-108,$-33,$5,$0
34,2010-03-31,33.45,$24.44,1.37,$16.35,2.05,$-1.97,0.0,$1.01,33.12,$0.66B,$0.45B,1.48,$1.91B,$2.36B,0.81,$1.57B,$1.19B,75.86%,$1.57B,$0.33B,20.83%,$1.57B,$0.33B,20.83%,$1.57B,$0.51B,32.42%,$1.57B,$0.16B,10.38%,$1.57B,$0.10B,6.18%,$0.10B,$2.36B,4.20%,$0.10B,$2.36B,4.20%,$0.10B,$5.55B,1.78%,$0.33B,$4.27B,7.70%,$436,$106,$331,$0,$177,$328,$108,$-50,$58,$24,$34,$34,$33,$154,$108,$96,96,$0.34,$0.34,$160,$108,$62,$662,$4758,$54,$0,$76,$4887,$5549,$446,$1907,$249,$2739,$3185,$1,$1411,$-4,$2364,$5549,$34,$46,$25,$71,$-30,$-1,$30,$7,$6,$112,$-51,$0,$-25,$0,$-5,$-5,$-1,$-82,$-10,$0,$-10,$1,$1,$-3,$-9,$-21,$9,$3,$0
35,2009-12-31,30.79,$24.17,1.27,$15.64,1.97,$-2.95,0.0,$0.59,52.18,$0.61B,$0.41B,1.49,$1.91B,$2.32B,0.82,$1.48B,$1.12B,75.47%,$1.48B,$0.27B,18.04%,$1.48B,$0.27B,18.04%,$1.48B,$0.45B,30.41%,$1.48B,$0.10B,6.89%,$1.48B,$0.06B,3.78%,$0.06B,$2.33B,2.47%,$0.06B,$2.33B,2.47%,$0.06B,$5.45B,1.03%,$0.27B,$4.24B,6.30%,$407,$101,$306,$0,$204,$315,$92,$-39,$53,$18,$35,$35,$32,$135,$92,$93,94,$0.35,$0.35,$153,$106,$63,$614,$4722,$47,$0,$71,$4841,$5454,$411,$1912,$247,$2718,$3129,$1,$1379,$-4,$2326,$5454,$68,$182,$44,$226,$23,$-12,$-20,$6,$-3,$291,$-333,$0,$0,$0,$-11,$-11,$0,$-344,$-117,$0,$-117,$77,$77,$-11,$-8,$-59,$-112,$10,$0
36,2009-09-30,24.5,$24.00,1.02,$15.60,1.57,$-3.51,0.0,$0.66,37.12,$0.54B,$0.47B,1.15,$1.91B,$2.30B,0.83,$1.50B,$1.11B,74.28%,$1.50B,$0.26B,17.57%,$1.50B,$0.26B,17.57%,$1.50B,$0.45B,29.79%,$1.50B,$0.08B,5.54%,$1.50B,$0.06B,3.87%,$0.06B,$2.30B,2.60%,$0.06B,$2.30B,2.60%,$0.06B,$5.41B,1.07%,$0.26B,$4.22B,6.44%,$386,$87,$299,$0,$159,$302,$84,$-41,$43,$15,$29,$29,$25,$129,$84,$95,95,$0.27,$0.27,$148,$104,$29,$542,$3581,$53,$0,$1222,$4864,$5406,$473,$1914,$206,$2630,$3102,$1,$1363,$-5,$2304,$5406,$33,$139,$18,$157,$4,$-9,$23,$-1,$17,$206,$-283,$0,$0,$0,$-18,$-18,$-9,$-310,$-75,$0,$-75,$75,$75,$-8,$-9,$-17,$-121,$6,$0
37,2009-06-30,14.9,$23.76,0.63,$16.51,0.9,$-3.36,0.0,$0.91,16.37,$0.53B,$0.39B,1.38,$2.01B,$2.25B,0.9,$1.60B,$1.16B,72.55%,$1.60B,$0.29B,18.09%,$1.60B,$0.29B,18.09%,$1.60B,$0.47B,29.38%,$1.60B,$0.12B,7.30%,$1.60B,$0.08B,5.12%,$0.08B,$2.25B,3.86%,$0.08B,$2.25B,3.86%,$0.08B,$5.37B,1.52%,$0.29B,$4.27B,7.59%,$341,$87,$255,$0,$156,$298,$43,$-35,$9,$2,$7,$7,$7,$91,$43,$92,99,$0.07,$0.07,$107,$114,$45,$533,$3544,$51,$0,$1227,$4834,$5367,$386,$2013,$214,$2727,$3113,$1,$1337,$-4,$2254,$5367,$4,$94,$4,$98,$-1,$-17,$-16,$17,$-17,$85,$-218,$0,$0,$0,$-12,$-12,$1,$-230,$-60,$0,$-60,$52,$52,$-6,$-9,$-23,$-168,$5,$0
38,2009-03-31,11.75,$23.80,0.49,$17.98,0.65,$-3.24,0.0,$1.40,8.4,$0.59B,$0.48B,1.22,$2.04B,$2.17B,0.94,$1.75B,$1.25B,71.51%,$1.75B,$0.35B,20.14%,$1.75B,$0.35B,20.14%,$1.75B,$0.53B,30.03%,$1.75B,$0.19B,10.87%,$1.75B,$0.13B,7.21%,$0.13B,$2.18B,6.25%,$0.13B,$2.18B,6.25%,$0.13B,$5.42B,2.35%,$0.35B,$4.22B,9.99%,$346,$89,$257,$0,$150,$298,$48,$-50,$-3,$0,$-3,$-3,$-8,$95,$48,$91,91,$-0.09,$-0.09,$180,$95,$93,$592,$3501,$58,$0,$1221,$4827,$5419,$484,$2039,$214,$2755,$3239,$1,$1330,$-7,$2180,$5419,$-3,$47,$4,$51,$4,$1,$21,$6,$32,$79,$-112,$0,$0,$0,$-18,$-18,$-2,$-131,$-25,$0,$-25,$0,$0,$-3,$-9,$-37,$-88,$2,$0
39,2008-12-31,17.62,$23.89,0.74,$18.79,0.94,$-2.59,0.0,$1.87,9.42,$0.69B,$1.09B,0.63,$1.45B,$2.18B,0.67,$1.85B,$1.32B,70.97%,$1.85B,$0.39B,20.89%,$1.85B,$0.39B,20.89%,$1.85B,$0.55B,29.90%,$1.85B,$0.25B,13.33%,$1.85B,$0.17B,9.01%,$0.17B,$2.19B,8.74%,$0.17B,$2.19B,8.74%,$0.17B,$5.44B,3.17%,$0.39B,$3.63B,12.08%,$424,$123,$301,$0,$229,$335,$88,$-55,$34,$-3,$37,$37,$34,$131,$88,$84,99,$0.37,$0.37,$264,$96,$99,$686,$4598,$61,$0,$58,$4754,$5439,$1093,$1449,$220,$2161,$3254,$1,$1338,$-6,$2185,$5439,$182,$166,$68,$234,$53,$-6,$-43,$-10,$-7,$409,$-509,$0,$0,$0,$-30,$-30,$5,$-534,$317,$0,$317,$9,$9,$-15,$-11,$299,$174,$7,$0
40,2008-09-30,41.02,$20.56,2.0,$19.21,2.14,$-1.70,0.0,$2.03,20.21,$0.77B,$1.09B,0.7,$1.28B,$1.87B,0.69,$1.89B,$1.34B,70.83%,$1.89B,$0.41B,21.60%,$1.89B,$0.41B,21.60%,$1.89B,$0.57B,30.23%,$1.89B,$0.29B,15.56%,$1.89B,$0.18B,9.69%,$0.18B,$1.88B,10.19%,$0.18B,$1.88B,10.19%,$0.18B,$5.35B,3.56%,$0.41B,$3.16B,13.59%,$492,$141,$350,$0,$173,$381,$111,$-34,$77,$25,$52,$52,$49,$154,$111,$88,99,$0.55,$0.52,$114,$98,$115,$767,$3227,$69,$0,$1289,$4585,$5352,$1094,$1283,$213,$2382,$3476,$1,$1301,$2,$1876,$5352,$145,$123,$82,$205,$25,$-8,$19,$-52,$-17,$333,$-398,$0,$0,$0,$-19,$-19,$0,$-417,$141,$0,$141,$7,$7,$-12,$-11,$125,$41,$5,$0
41,2008-06-30,40.68,$21.79,1.87,$18.79,2.17,$-0.10,0.0,$1.99,20.44,$0.71B,$1.07B,0.67,$1.27B,$1.81B,0.7,$1.84B,$1.32B,71.59%,$1.84B,$0.40B,21.46%,$1.84B,$0.40B,21.46%,$1.84B,$0.55B,30.09%,$1.84B,$0.28B,15.26%,$1.84B,$0.18B,9.56%,$0.18B,$1.82B,10.08%,$0.18B,$1.82B,10.08%,$0.18B,$5.21B,3.52%,$0.40B,$3.09B,13.37%,$486,$145,$342,$0,$178,$382,$105,$-23,$82,$26,$56,$56,$51,$145,$105,$79,99,$0.64,$0.56,$50,$105,$112,$712,$3129,$66,$0,$1305,$4500,$5212,$1065,$1267,$215,$2328,$3393,$1,$1252,$2,$1819,$5212,$93,$81,$63,$143,$1,$-14,$-7,$-51,$-71,$165,$-286,$0,$0,$0,$-17,$-17,$7,$-295,$123,$0,$123,$1,$1,$-10,$-11,$104,$-26,$3,$0
42,2008-03-31,37.09,$22.70,1.63,$18.59,2.0,$1.50,24.7,$1.73,21.44,$0.76B,$1.12B,0.68,$1.17B,$1.76B,0.66,$1.78B,$1.29B,72.62%,$1.78B,$0.37B,20.93%,$1.78B,$0.37B,20.93%,$1.78B,$0.53B,29.91%,$1.78B,$0.24B,13.64%,$1.78B,$0.15B,8.42%,$0.15B,$1.77B,8.83%,$0.15B,$1.77B,8.83%,$0.15B,$5.08B,3.08%,$0.37B,$2.93B,12.40%,$451,$129,$322,$0,$179,$367,$83,$-30,$54,$16,$38,$38,$33,$124,$83,$76,97,$0.43,$0.39,$90,$96,$154,$760,$3003,$56,$0,$1264,$4323,$5083,$1119,$1167,$261,$2199,$3318,$1,$1202,$0,$1766,$5083,$38,$40,$22,$62,$10,$-6,$6,$8,$19,$119,$-90,$0,$0,$0,$-17,$-17,$-48,$-155,$58,$0,$58,$1,$1,$-5,$-1,$53,$17,$3,$-5
43,2007-12-31,31.75,$22.43,1.42,$18.52,1.71,$1.22,26.09,$1.56,20.35,$0.65B,$1.10B,0.59,$1.11B,$1.72B,0.64,$1.74B,$1.27B,73.13%,$1.74B,$0.36B,20.78%,$1.74B,$0.36B,20.78%,$1.74B,$0.52B,29.85%,$1.74B,$0.22B,12.69%,$1.74B,$0.13B,7.69%,$0.13B,$1.73B,8.09%,$0.13B,$1.73B,8.09%,$0.13B,$4.93B,2.81%,$0.36B,$2.83B,11.73%,$460,$136,$324,$0,$158,$352,$109,$-27,$81,$27,$55,$55,$50,$148,$109,$76,98,$0.67,$0.58,$67,$90,$67,$646,$2918,$79,$0,$1285,$4283,$4928,$1099,$1105,$256,$2103,$3202,$1,$1169,$0,$1726,$4928,$154,$157,$69,$226,$81,$-12,$-65,$-15,$-12,$368,$-380,$0,$0,$0,$-118,$-118,$131,$-367,$15,$0,$15,$1,$1,$-23,$-17,$-25,$-24,$11,$-23
44,2007-09-30,29.75,$21.74,1.37,$18.60,1.6,$1.95,15.28,$1.41,21.1,$0.59B,$0.93B,0.64,$1.30B,$1.67B,0.78,$1.73B,$1.29B,74.55%,$1.73B,$0.34B,19.77%,$1.73B,$0.34B,19.77%,$1.73B,$0.50B,29.10%,$1.73B,$0.20B,11.36%,$1.73B,$0.12B,6.96%,$0.12B,$1.67B,7.41%,$0.12B,$1.67B,7.41%,$0.12B,$4.78B,2.56%,$0.34B,$2.97B,10.69%,$444,$115,$330,$0,$177,$346,$98,$-34,$64,$18,$47,$47,$42,$137,$98,$76,98,$0.55,$0.48,$147,$88,$74,$593,$2692,$67,$0,$1304,$4182,$4776,$933,$1296,$246,$2171,$3104,$1,$1119,$1,$1672,$4776,$99,$118,$56,$174,$50,$-15,$-46,$35,$23,$296,$-204,$0,$0,$0,$-88,$-88,$96,$-196,$-26,$0,$-26,$1,$1,$-18,$-20,$-64,$37,$17,$-18
45,2007-06-30,34.72,$21.18,1.64,$18.59,1.87,$1.22,28.55,$1.25,27.77,$0.57B,$0.54B,1.06,$1.67B,$1.62B,1.03,$1.70B,$1.25B,73.60%,$1.70B,$0.32B,18.86%,$1.70B,$0.32B,18.86%,$1.70B,$0.48B,28.29%,$1.70B,$0.18B,10.49%,$1.70B,$0.10B,6.13%,$0.10B,$1.63B,6.56%,$0.10B,$1.63B,6.57%,$0.10B,$4.71B,2.25%,$0.32B,$3.30B,9.97%,$427,$109,$318,$0,$177,$344,$83,$-39,$44,$14,$30,$30,$25,$124,$83,$76,91,$0.33,$0.30,$134,$80,$60,$572,$2604,$64,$0,$1353,$4140,$4712,$540,$1670,$254,$2544,$3084,$1,$1077,$1,$1628,$4712,$52,$79,$35,$114,$36,$-8,$-65,$32,$-6,$160,$-125,$0,$0,$0,$-48,$-48,$58,$-115,$-26,$0,$-26,$1,$1,$-14,$-19,$-58,$-13,$10,$-14
46,2007-03-31,32.9,$20.83,1.58,$18.34,1.79,$0.32,104.19,$1.19,27.65,$0.60B,$0.59B,1.01,$1.65B,$1.59B,1.03,$1.68B,$1.23B,73.02%,$1.68B,$0.32B,18.72%,$1.68B,$0.32B,18.72%,$1.68B,$0.47B,27.93%,$1.68B,$0.17B,9.92%,$1.68B,$0.10B,5.82%,$0.10B,$1.60B,6.31%,$0.10B,$1.60B,6.33%,$0.10B,$4.65B,2.15%,$0.32B,$3.25B,9.98%,$411,$109,$302,$0,$172,$339,$72,$-41,$32,$9,$22,$22,$17,$111,$72,$76,90,$0.22,$0.21,$108,$77,$112,$597,$2506,$61,$0,$1362,$4054,$4651,$591,$1646,$258,$2461,$3052,$1,$1052,$1,$1599,$4651,$22,$38,$13,$51,$35,$-5,$-50,$-2,$-22,$51,$-50,$0,$0,$0,$-19,$-19,$31,$-38,$-15,$0,$-15,$0,$0,$-9,$0,$-24,$-11,$5,$-9
47,2006-12-31,26.8,$20.84,1.29,$18.92,1.42,$0.34,78.27,$1.08,24.81,$0.61B,$0.64B,0.95,$1.66B,$1.58B,1.06,$1.66B,$1.20B,72.41%,$1.66B,$0.30B,18.31%,$1.66B,$0.30B,18.31%,$1.66B,$0.46B,27.65%,$1.66B,$0.16B,9.34%,$1.66B,$0.09B,5.36%,$0.09B,$1.58B,5.85%,$0.09B,$1.58B,5.88%,$0.09B,$4.64B,1.97%,$0.30B,$3.25B,9.72%,$443,$107,$336,$0,$192,$354,$88,$-32,$56,$15,$41,$41,$36,$130,$88,$75,92,$0.48,$0.41,$106,$73,$86,$606,$2452,$65,$0,$1386,$4031,$4637,$637,$1664,$236,$2418,$3055,$1,$1051,$1,$1582,$4637,$109,$155,$46,$201,$-19,$0,$45,$-68,$-42,$268,$-212,$0,$0,$0,$-38,$-38,$84,$-166,$-42,$0,$-42,$9,$9,$-4,$-16,$-54,$48,$10,$-4
