,Date,Stock Price,Book Value per Share,Price to Book Ratio,TTM Sales per Share,Price to Sales Ratio,TTM FCF per Share,Price to FCF Ratio,TTM Net EPS,PE Ratio,Current Assets,Current Liabilities,Current Ratio,Long Term Debt,Shareholder's Equity_x,Debt to Equity Ratio,TTM Revenue_x,TTM Gross Profit,Gross Margin,TTM Revenue_y,TTM Operating Income,Operating Margin,TTM Revenue_x,TTM EBIT,EBIT Margin,TTM Revenue_y,TTM EBITDA,EBITDA Margin,TTM Revenue_x,TTM Pre-Tax Income,Pre-Tax Margin,TTM Revenue_y,TTM Net Income_x,Net Margin,TTM Net Income_y,Shareholder's Equity_y,Return on Equity,TTM Net Income_x,Tangible Equity,Return on Tangible Equity,TTM Net Income_y,Total Assets,Return on Assets,TTM Net Income,LT Investments & Debt,Return on Investment,revenue,cost-goods-sold,gross-profit,research-development-expenses,selling-general-administrative-expenses,operating-expenses,operating-income,total-non-operating-income-expense,pre-tax-income,total-provision-income-taxes,income-after-taxes,income-from-continuous-operations,net-income,ebitda,ebit,basic-shares-outstanding,shares-outstanding,eps-basic-net-earnings-per-share,eps-earnings-per-share-diluted,cash-on-hand,inventory,other-current-assets,total-current-assets,net-property-plant-equipment,long-term-investments,goodwill-intangible-assets-total,other-long-term-assets,total-long-term-assets,total-assets,total-current-liabilities,long-term-debt,other-non-current-liabilities,total-long-term-liabilities,total-liabilities,common-stock-net,retained-earnings-accumulated-deficit,comprehensive-income,total-share-holder-equity,total-liabilities-share-holders-equity,net-income-loss,total-depreciation-amortization-cash-flow,other-non-cash-items,total-non-cash-items,change-in-accounts-receivable,change-in-inventories,change-in-accounts-payable,change-in-assets-liabilities,total-change-in-assets-liabilities,cash-flow-from-operating-activities,net-change-in-property-plant-equipment,net-change-in-intangible-assets,net-acquisitions-divestitures,net-change-in-short-term-investments,net-change-in-long-term-investments,net-change-in-investments-total,investing-activities-other,cash-flow-from-investing-activities,net-long-term-debt,net-current-debt,debt-issuance-retirement-net-total,net-common-equity-issued-repurchased,net-total-equity-issued-repurchased,total-common-preferred-stock-dividends-paid,financial-activities-other,cash-flow-from-financial-activities,net-cash-flow,stock-based-compensation,common-stock-dividends-paid
0,2018-06-30,13.28,$0.00,0.0,$21.39,0.62,$3.28,4.04,0,0.0,$9.63B,$8.19B,1.18,$4.20B,$12.87B,0.33,$22.09B,$20.72B,93.78%,$22.09B,$1.26B,5.69%,$22.09B,$1.26B,5.69%,$22.09B,$1.26B,5.69%,$22.09B,$1.11B,5.01%,$22.09B,$0.68B,3.08%,$0.68B,$12.87B,5.67%,$0.68B,$10.67B,6.73%,$0.68B,$26.97B,2.57%,$1.26B,$17.07B,7.43%,$5226,$0,$5226,$0,$0,$4867,$359,$-7,$352,$99,$253,$253,$226,$359,$359,$490,490,$0.46,$0.46,$2025,$535,$2283,$9627,$11700,$246,$2205,$1165,$17344,$26971,$8191,$4198,$1474,$5907,$14099,$1408,$9876,$27,$12873,$26971,$454,$1519,$218,$1737,$-44,$-159,$-254,$41,$-416,$1775,$-906,$-306,$0,$0,$23,$23,$165,$-1024,$-163,$0,$-163,$0,$0,$-263,$-38,$-463,$289,$0,$-263
1,2017-09-30,13.47,$0.00,0.0,$10.73,1.25,$1.51,8.91,0,0.0,$8.42B,$7.93B,1.06,$4.74B,$0.00B,0.0,$21.79B,$19.25B,88.34%,$21.79B,$1.26B,5.76%,$21.79B,$1.26B,5.76%,$21.79B,$1.26B,5.76%,$21.79B,$1.03B,4.74%,$21.79B,$0.64B,2.95%,$0.64B,$11.96B,5.53%,$0.64B,$11.96B,6.26%,$0.64B,$26.44B,2.43%,$1.26B,$16.69B,7.45%,$5244,$1375,$3869,$0,$3530,$4904,$339,$-55,$285,$103,$182,$182,$162,$339,$339,$0,0,$0.00,$0.00,$1952,$312,$3058,$8419,$11960,$0,$0,$5490,$18017,$26436,$7934,$4736,$1807,$6543,$14477,$0,$0,$0,$11958,$26436,$0,$0,$0,$0,$0,$0,$0,$0,$0,$0,$0,$0,$0,$0,$0,$0,$0,$0,$0,$0,$0,$0,$0,$0,$0,$0,$0,$0,$0
2,2017-06-30,16.15,$0.00,0.0,$10.73,1.51,$1.51,10.69,0,0.0,$6.83B,$6.55B,1.04,$4.98B,$11.75B,0.42,$21.66B,$19.20B,88.68%,$21.66B,$1.30B,6.00%,$21.66B,$1.30B,6.00%,$21.66B,$1.30B,6.00%,$21.66B,$1.04B,4.81%,$21.66B,$0.69B,3.18%,$0.69B,$11.75B,6.02%,$0.69B,$9.09B,6.82%,$0.69B,$25.04B,2.62%,$1.30B,$16.73B,7.74%,$5258,$0,$5258,$0,$0,$4856,$403,$-118,$284,$52,$232,$232,$200,$403,$403,$490,490,$0.41,$0.41,$1491,$378,$941,$6834,$12069,$210,$2656,$862,$18209,$25043,$6548,$4983,$1556,$6746,$13294,$1408,$8890,$6,$11749,$25043,$434,$1554,$135,$1690,$-15,$-39,$-71,$-312,$-438,$1686,$-946,$-416,$0,$0,$49,$49,$-31,$-1343,$-1300,$0,$-1300,$0,$0,$-219,$57,$-1461,$-1119,$0,$-219
3,2016-12-31,13.68,$22.03,0.62,0,0.0,0,0.0,0,0.0,$8.74B,$8.57B,1.02,$5.67B,$11.50B,0.49,$20.81B,$17.25B,82.88%,$20.81B,$1.21B,5.79%,$20.81B,$1.21B,5.79%,$20.81B,$1.21B,5.79%,$20.81B,$1.01B,4.86%,$20.81B,$0.64B,3.06%,$0.64B,$11.50B,5.83%,$0.64B,$8.78B,6.21%,$0.64B,$27.60B,2.46%,$1.21B,$17.18B,7.34%,$6365,$0,$6365,$0,$0,$6209,$156,$30,$186,$81,$105,$105,$93,$156,$156,$0,0,$0.00,$0.00,$2610,$409,$929,$8744,$12881,$256,$2721,$694,$18853,$27598,$8571,$5671,$1651,$7523,$16093,$1408,$8680,$-1,$11504,$27598,$716,$3208,$480,$3688,$227,$151,$-103,$-385,$-110,$4294,$-2404,$-394,$0,$0,$-33,$-33,$-305,$-3136,$-581,$0,$-581,$0,$0,$-166,$-102,$-849,$307,$0,$-166
4,2016-09-30,15.2,$0.00,0.0,0,0.0,0,0.0,0,0.0,$8.99B,$8.25B,1.09,$5.49B,$0.00B,0.0,$14.44B,$10.88B,75.33%,$14.44B,$1.05B,7.26%,$14.44B,$1.05B,7.26%,$14.44B,$1.05B,7.26%,$14.44B,$0.83B,5.71%,$14.44B,$0.54B,3.77%,$0.54B,$11.27B,5.04%,$0.54B,$11.27B,5.31%,$0.54B,$26.82B,2.12%,$1.05B,$16.76B,6.39%,$4922,$1164,$3757,$0,$3400,$4564,$357,$-81,$277,$68,$209,$209,$188,$357,$357,$0,0,$0.00,$0.00,$3080,$325,$2641,$8994,$12344,$0,$0,$4977,$17827,$26821,$8252,$5489,$1806,$7295,$15547,$0,$0,$0,$11274,$26821,$0,$0,$0,$0,$0,$0,$0,$0,$0,$0,$0,$0,$0,$0,$0,$0,$0,$0,$0,$0,$0,$0,$0,$0,$0,$0,$0,$0,$0
5,2016-06-30,13.51,$0.00,0.0,0,0.0,0,0.0,0,0.0,$7.96B,$7.75B,1.03,$5.35B,$0.00B,0.0,$14.41B,$10.75B,74.61%,$14.41B,$0.98B,6.78%,$14.41B,$0.98B,6.78%,$14.41B,$0.98B,6.78%,$14.41B,$0.73B,5.04%,$14.41B,$0.50B,3.46%,$0.50B,$11.19B,4.64%,$0.50B,$11.19B,4.90%,$0.50B,$25.76B,1.92%,$0.98B,$16.53B,5.87%,$5110,$1286,$3824,$0,$3440,$4726,$384,$-90,$294,$64,$230,$230,$207,$384,$384,$0,0,$0.00,$0.00,$2739,$391,$1807,$7955,$12464,$0,$0,$4765,$17807,$25762,$7748,$5346,$1481,$6827,$14575,$0,$0,$0,$11187,$25762,$0,$0,$0,$0,$0,$0,$0,$0,$0,$0,$0,$0,$0,$0,$0,$0,$0,$0,$0,$0,$0,$0,$0,$0,$0,$0,$0,$0,$0
6,2016-03-31,12.71,$0.00,0.0,0,0.0,0,0.0,0,0.0,$7.55B,$7.17B,1.05,$5.41B,$0.00B,0.0,$14.19B,$10.49B,73.89%,$14.19B,$0.88B,6.21%,$14.19B,$0.88B,6.21%,$14.19B,$0.88B,6.21%,$14.19B,$0.81B,5.67%,$14.19B,$0.54B,3.83%,$0.54B,$9.75B,5.11%,$0.54B,$9.75B,5.40%,$0.54B,$23.59B,1.99%,$0.88B,$15.17B,5.13%,$4412,$1112,$3300,$0,$2992,$4104,$308,$-54,$254,$82,$172,$172,$149,$308,$308,$0,0,$0.00,$0.00,$2234,$428,$2222,$7549,$11208,$0,$0,$4380,$16039,$23588,$7169,$5413,$1252,$6665,$13834,$0,$0,$0,$9754,$23588,$0,$0,$0,$0,$0,$0,$0,$0,$0,$0,$0,$0,$0,$0,$0,$0,$0,$0,$0,$0,$0,$0,$0,$0,$0,$0,$0,$0,$0
7,2015-12-31,11.28,$0.00,0.0,0,0.0,0,0.0,0,0.0,$7.73B,$7.78B,0.99,$6.30B,$10.80B,0.58,$14.25B,$16.29B,114.27%,$14.25B,$0.31B,2.19%,$14.25B,$0.31B,2.19%,$14.25B,$0.31B,2.19%,$14.25B,$0.38B,2.65%,$14.25B,$0.18B,1.25%,$0.18B,$10.95B,1.64%,$0.18B,$8.73B,1.87%,$0.18B,$26.41B,0.61%,$0.31B,$17.25B,1.70%,$0,$0,$0,$0,$0,$0,$0,$0,$0,$0,$0,$0,$0,$0,$0,$0,0,$0.00,$0.00,$2304,$473,$520,$7725,$38990,$244,$2218,$1236,$43410,$26407,$7776,$6299,$1126,$7618,$15458,$1335,$8153,$0,$10949,$25089,$533,$3384,$0,$3384,$0,$0,$0,$0,$-534,$3609,$-2634,$0,$0,$0,$0,$-8,$593,$-2049,$0,$0,$-830,$0,$0,$-35,$-128,$-993,$572,$0,$0
8,2015-06-30,12.0,$0.00,0.0,0,0.0,0,0.0,0,0.0,$9.08B,$8.63B,1.05,$6.58B,$0.00B,0.0,$20.21B,$20.70B,102.44%,$20.21B,$0.65B,3.20%,$20.21B,$0.65B,3.20%,$20.21B,$0.65B,3.20%,$20.21B,$0.47B,2.32%,$20.21B,$0.25B,1.25%,$0.25B,$11.01B,2.27%,$0.25B,$11.01B,2.44%,$0.25B,$27.92B,0.81%,$0.65B,$17.59B,3.33%,$4888,$1261,$3627,$0,$2589,$4603,$285,$-107,$178,$36,$142,$142,$142,$285,$285,$0,0,$0.00,$0.00,$1843,$394,$3597,$9083,$0,$0,$0,$6084,$6084,$27923,$8629,$6576,$1708,$8284,$16914,$0,$0,$0,$11010,$27923,$0,$0,$0,$0,$0,$0,$0,$0,$0,$0,$0,$0,$0,$0,$0,$0,$0,$0,$0,$0,$0,$0,$0,$0,$0,$0,$0,$0,$0
9,2015-03-31,12.39,$0.00,0.0,0,0.0,0,0.0,0,0.0,$11.10B,$10.67B,1.04,$7.93B,$0.00B,0.0,$21.22B,$21.32B,100.46%,$21.22B,$-0.45B,-2.13%,$21.22B,$-0.45B,-2.13%,$21.22B,$-0.45B,-2.13%,$21.22B,$-0.70B,-3.31%,$21.22B,$-0.65B,-3.05%,$-0.65B,$10.84B,-5.71%,$-0.65B,$10.84B,-6.15%,$-0.65B,$31.16B,-1.99%,$-0.45B,$18.77B,-2.21%,$4893,$1333,$3560,$0,$2513,$4604,$289,$84,$373,$112,$261,$261,$253,$289,$289,$0,0,$0.00,$0.00,$1718,$433,$5820,$11100,$0,$0,$0,$7273,$7273,$31157,$10667,$7932,$1720,$9652,$20319,$0,$0,$0,$10838,$31157,$0,$0,$0,$0,$0,$0,$0,$0,$0,$0,$0,$0,$0,$0,$0,$0,$0,$0,$0,$0,$0,$0,$0,$0,$0,$0,$0,$0,$0
10,2014-12-31,13.37,$0.00,0.0,0,0.0,0,0.0,0,0.0,$7.98B,$9.09B,0.88,$9.00B,$10.72B,0.84,$21.59B,$21.59B,100.00%,$21.59B,$-0.60B,-2.79%,$21.59B,$-0.60B,-2.79%,$21.59B,$-0.60B,-2.79%,$21.59B,$-1.10B,-5.09%,$21.59B,$-0.94B,-4.34%,$-0.94B,$10.72B,-8.18%,$-0.94B,$7.50B,-8.80%,$-0.94B,$30.75B,-2.88%,$-0.60B,$19.73B,-2.96%,$4473,$-4627,$9101,$0,$12084,$4735,$-262,$89,$-173,$-36,$-136,$-136,$-217,$-262,$-262,$0,0,$0.00,$0.00,$1718,$381,$621,$7982,$39737,$840,$3224,$1775,$46558,$30749,$9086,$9002,$1673,$10939,$20025,$1423,$7795,$0,$10724,$30749,$-847,$3564,$0,$3564,$0,$0,$0,$0,$-1814,$1743,$-2525,$0,$0,$0,$0,$-37,$-323,$-2885,$0,$0,$1164,$0,$31,$-203,$-18,$975,$-166,$0,$0
11,2014-09-30,15.35,$0.00,0.0,0,0.0,0,0.0,0,0.0,$9.68B,$10.34B,0.94,$9.78B,$0.00B,0.0,$23.23B,$16.80B,72.33%,$23.23B,$-0.98B,-4.20%,$23.23B,$-0.98B,-4.20%,$23.23B,$-0.98B,-4.20%,$23.23B,$-1.59B,-6.86%,$23.23B,$-1.24B,-5.34%,$-1.24B,$11.93B,-10.50%,$-1.24B,$11.93B,-11.38%,$-1.24B,$34.12B,-3.75%,$-0.98B,$21.70B,-4.75%,$5956,$1540,$4416,$0,$3136,$5620,$335,$-245,$90,$16,$74,$74,$74,$335,$335,$0,0,$0.00,$0.00,$2041,$400,$3637,$9681,$0,$0,$0,$8270,$8270,$34120,$10340,$9775,$2079,$11854,$22194,$0,$0,$0,$11926,$34120,$0,$0,$0,$0,$0,$0,$0,$0,$0,$0,$0,$0,$0,$0,$0,$0,$0,$0,$0,$0,$0,$0,$0,$0,$0,$0,$0,$0,$0
12,2014-06-30,14.34,$0.00,0.0,0,0.0,0,0.0,0,0.0,$9.56B,$10.71B,0.89,$9.52B,$0.00B,0.0,$22.43B,$16.20B,72.21%,$22.43B,$-1.03B,-4.61%,$22.43B,$-1.03B,-4.61%,$22.43B,$-1.03B,-4.61%,$22.43B,$-1.51B,-6.72%,$22.43B,$-1.19B,-5.32%,$-1.19B,$11.83B,-10.10%,$-1.19B,$11.83B,-10.94%,$-1.19B,$34.12B,-3.70%,$-1.03B,$21.35B,-5.16%,$5896,$1657,$4239,$0,$4114,$6709,$-813,$-180,$-993,$-236,$-757,$-757,$-757,$-813,$-813,$0,0,$0.00,$0.00,$2316,$500,$3157,$9556,$0,$0,$0,$8171,$8171,$34116,$10706,$9517,$2061,$11579,$22285,$0,$0,$0,$11832,$34116,$0,$0,$0,$0,$0,$0,$0,$0,$0,$0,$0,$0,$0,$0,$0,$0,$0,$0,$0,$0,$0,$0,$0,$0,$0,$0,$0,$0,$0
13,2014-03-31,13.15,$0.00,0.0,0,0.0,0,0.0,0,0.0,$9.12B,$10.22B,0.89,$7.51B,$0.00B,0.0,$21.72B,$15.78B,72.66%,$21.72B,$0.09B,0.43%,$21.72B,$0.09B,0.43%,$21.72B,$0.09B,0.43%,$21.72B,$-0.33B,-1.53%,$21.72B,$-0.32B,-1.46%,$-0.32B,$11.34B,-2.68%,$-0.32B,$11.34B,-2.90%,$-0.32B,$31.00B,-1.01%,$0.09B,$18.85B,0.48%,$5261,$1431,$3831,$0,$2855,$5125,$137,$-160,$-23,$14,$-37,$-37,$-37,$137,$137,$0,0,$0.00,$0.00,$1525,$573,$3847,$9120,$0,$0,$0,$7369,$7369,$30996,$10217,$7505,$1931,$9436,$19653,$0,$0,$0,$11343,$30996,$0,$0,$0,$0,$0,$0,$0,$0,$0,$0,$0,$0,$0,$0,$0,$0,$0,$0,$0,$0,$0,$0,$0,$0,$0,$0,$0,$0,$0
14,2013-12-31,14.08,$0.00,0.0,0,0.0,0,0.0,0,0.0,$9.45B,$10.64B,0.89,$8.02B,$12.17B,0.66,$22.13B,$15.87B,71.69%,$22.13B,$0.30B,1.34%,$22.13B,$0.30B,1.34%,$22.13B,$0.30B,1.34%,$22.13B,$-0.04B,-0.16%,$22.13B,$-0.08B,-0.37%,$-0.08B,$12.17B,-0.68%,$-0.08B,$8.54B,-0.73%,$-0.08B,$33.02B,-0.26%,$0.30B,$20.18B,1.51%,$6114,$1800,$4314,$0,$4075,$6748,$-634,$-33,$-668,$-148,$-520,$-521,$-521,$-634,$-634,$0,0,$0.00,$0.00,$2417,$638,$634,$9449,$0,$2030,$3627,$1720,$8046,$33024,$10636,$8020,$1903,$10223,$20859,$1483,$9494,$0,$12165,$33024,$-81,$3331,$0,$3331,$0,$0,$0,$0,$-1,$3782,$-2749,$0,$6,$0,$0,$-256,$-481,$-3480,$0,$0,$224,$0,$0,$-470,$-40,$-287,$12,$0,$0
15,2013-09-30,15.57,$0.00,0.0,0,0.0,0,0.0,0,0.0,$9.05B,$8.85B,1.02,$7.80B,$0.00B,0.0,$21.67B,$18.34B,84.60%,$21.67B,$3.51B,16.21%,$21.67B,$3.51B,16.21%,$21.67B,$3.51B,16.21%,$21.67B,$0.63B,2.91%,$21.67B,$0.40B,1.85%,$0.40B,$11.92B,3.38%,$0.40B,$11.92B,3.60%,$0.40B,$30.71B,1.30%,$3.51B,$19.72B,18.15%,$5162,$1347,$3814,$0,$2740,$4885,$276,$-100,$177,$55,$122,$122,$122,$276,$276,$0,0,$0.00,$0.00,$1830,$698,$3229,$9051,$0,$0,$0,$7429,$7429,$30714,$8846,$7802,$2146,$9948,$18795,$0,$0,$0,$11920,$30714,$0,$0,$0,$0,$0,$0,$0,$0,$0,$0,$0,$0,$0,$0,$0,$0,$0,$0,$0,$0,$0,$0,$0,$0,$0,$0,$0,$0,$0
16,2013-06-30,14.41,$0.00,0.0,0,0.0,0,0.0,0,0.0,$9.10B,$9.58B,0.95,$7.21B,$0.00B,0.0,$22.31B,$18.60B,83.34%,$22.31B,$3.72B,16.65%,$22.31B,$3.72B,16.65%,$22.31B,$3.72B,16.65%,$22.31B,$0.87B,3.91%,$22.31B,$0.61B,2.73%,$0.61B,$11.77B,5.16%,$0.61B,$11.77B,5.49%,$0.61B,$30.14B,1.99%,$3.72B,$18.98B,19.30%,$5181,$1361,$3821,$0,$2714,$4867,$314,$-132,$181,$61,$120,$120,$120,$314,$314,$0,0,$0.00,$0.00,$1694,$779,$2952,$9097,$0,$0,$0,$6902,$6902,$30141,$9576,$7211,$1581,$8792,$18368,$0,$0,$0,$11773,$30141,$0,$0,$0,$0,$0,$0,$0,$0,$0,$0,$0,$0,$0,$0,$0,$0,$0,$0,$0,$0,$0,$0,$0,$0,$0,$0,$0,$0,$0
17,2013-03-31,14.58,$0.00,0.0,0,0.0,0,0.0,0,0.0,$9.81B,$10.40B,0.94,$7.66B,$0.00B,0.0,$22.16B,$18.41B,83.07%,$22.16B,$-0.11B,-0.50%,$22.16B,$-0.11B,-0.50%,$22.16B,$-0.11B,-0.50%,$22.16B,$0.95B,4.30%,$22.16B,$0.70B,3.15%,$0.70B,$12.03B,5.99%,$0.70B,$12.03B,6.38%,$0.70B,$31.69B,2.32%,$-0.11B,$19.69B,-0.58%,$5677,$1759,$3918,$0,$2759,$5335,$341,$-67,$274,$77,$197,$198,$198,$341,$341,$0,0,$0.00,$0.00,$1388,$1130,$3371,$9808,$0,$0,$0,$7245,$7245,$31690,$10401,$7655,$1600,$9254,$19656,$0,$0,$0,$12033,$31690,$0,$0,$0,$0,$0,$0,$0,$0,$0,$0,$0,$0,$0,$0,$0,$0,$0,$0,$0,$0,$0,$0,$0,$0,$0,$0,$0,$0,$0
18,2012-12-31,15.54,$0.00,0.0,$10.41,1.49,0,0.0,$0.70,22.2,$9.33B,$10.01B,0.93,$7.33B,$11.72B,0.63,$21.54B,$18.00B,83.54%,$21.54B,$1.17B,5.42%,$21.54B,$1.17B,5.42%,$21.54B,$1.17B,5.42%,$21.54B,$1.27B,5.87%,$21.54B,$0.84B,3.89%,$0.84B,$11.72B,7.49%,$0.84B,$8.86B,8.00%,$0.84B,$30.69B,2.95%,$1.17B,$19.05B,6.36%,$5653,$-1129,$6782,$136,$3249,$3072,$2582,$-2581,$-1,$11,$-12,$-11,$-39,$2582,$2582,$0,0,$0.00,$0.00,$1829,$832,$1438,$9330,$0,$1394,$2859,$2557,$7353,$30687,$10010,$7331,$1369,$8960,$18970,$1392,$9475,$0,$11716,$30687,$989,$2944,$0,$2944,$0,$0,$0,$0,$1647,$5092,$-2316,$0,$-5,$0,$0,$-617,$-483,$-3421,$0,$0,$-286,$0,$-264,$-433,$-144,$-1127,$542,$0,$0
19,2012-09-30,13.94,$0.00,0.0,$10.41,1.34,0,0.0,$0.70,19.92,$9.33B,$9.11B,1.03,$7.52B,$0.00B,0.0,$19.82B,$15.17B,76.53%,$19.82B,$-2.94B,-14.83%,$19.82B,$-2.94B,-14.83%,$19.82B,$-2.94B,-14.83%,$19.82B,$1.46B,7.35%,$19.82B,$1.08B,5.45%,$1.08B,$11.75B,9.71%,$1.08B,$11.75B,10.26%,$1.08B,$30.02B,3.85%,$-2.94B,$19.27B,-15.91%,$5802,$1728,$4074,$0,$2818,$5324,$478,$-61,$418,$86,$332,$331,$331,$478,$478,$0,0,$0.00,$0.00,$1134,$713,$3273,$9333,$0,$0,$0,$7018,$7018,$30019,$9106,$7520,$1639,$9159,$18265,$0,$0,$0,$11754,$30019,$0,$0,$0,$0,$0,$0,$0,$0,$0,$0,$0,$0,$0,$0,$0,$0,$0,$0,$0,$0,$0,$0,$0,$0,$0,$0,$0,$0,$0
20,2012-06-30,11.75,$0.00,0.0,$19.95,0.59,0,0.0,$1.19,9.87,$8.55B,$8.34B,1.03,$7.11B,$0.00B,0.0,$18.67B,$14.23B,76.22%,$18.67B,$-2.94B,-15.74%,$18.67B,$-2.94B,-15.74%,$18.67B,$-2.94B,-15.74%,$18.67B,$1.38B,7.38%,$18.67B,$0.99B,5.29%,$0.99B,$11.05B,8.95%,$0.99B,$11.05B,9.46%,$0.99B,$27.99B,3.60%,$-2.94B,$18.15B,-16.01%,$5023,$1391,$3631,$0,$6470,$8534,$-3511,$3772,$261,$54,$207,$207,$207,$-3511,$-3511,$0,0,$0.00,$0.00,$1219,$820,$2228,$8553,$0,$0,$0,$6826,$6826,$27988,$8339,$7105,$1499,$8604,$16943,$0,$0,$0,$11046,$27989,$0,$0,$0,$0,$0,$0,$0,$0,$0,$0,$0,$0,$0,$0,$0,$0,$0,$0,$0,$0,$0,$0,$0,$0,$0,$0,$0,$0,$0
21,2012-03-31,12.2,$0.00,0.0,$19.95,0.61,0,0.0,$1.19,10.26,$7.08B,$7.12B,1.0,$6.67B,$0.00B,0.0,$18.56B,$13.68B,73.72%,$18.56B,$0.97B,5.23%,$18.56B,$0.97B,5.23%,$18.56B,$0.97B,5.23%,$18.56B,$1.45B,7.81%,$18.56B,$1.17B,6.29%,$1.17B,$10.29B,10.58%,$1.17B,$10.29B,11.19%,$1.17B,$25.14B,4.30%,$0.97B,$16.96B,5.33%,$5063,$1554,$3509,$0,$1249,$3445,$1618,$-663,$587,$97,$490,$340,$340,$1618,$1618,$487,487,$0.70,$0.70,$1015,$656,$1369,$7083,$0,$0,$0,$5991,$5991,$25138,$7120,$6665,$1062,$7727,$14847,$0,$0,$0,$10291,$25138,$0,$0,$0,$0,$0,$0,$0,$0,$0,$0,$0,$0,$0,$0,$0,$0,$0,$0,$0,$0,$0,$0,$0,$0,$0,$0,$0,$0,$0
22,2011-12-31,13.94,$0.00,0.0,$9.54,1.46,0,0.0,$0.49,28.45,$8.91B,$7.96B,1.12,$8.09B,$11.41B,0.71,$18.22B,$13.33B,73.19%,$18.22B,$-0.00B,-0.01%,$18.22B,$-0.00B,-0.01%,$18.22B,$-0.00B,-0.01%,$18.22B,$1.46B,7.99%,$18.22B,$1.32B,7.25%,$1.32B,$11.41B,11.98%,$1.32B,$9.00B,12.67%,$1.32B,$29.20B,4.87%,$-0.00B,$19.50B,-0.01%,$3936,$-22,$3958,$160,$4655,$5460,$-1524,$1714,$191,$-5,$195,$195,$202,$-1524,$-1524,$0,0,$0.00,$0.00,$1950,$614,$514,$8909,$0,$2549,$2406,$2091,$7528,$29198,$7958,$8086,$1484,$9830,$17788,$1424,$9300,$0,$11409,$29198,$1321,$2722,$0,$2722,$0,$0,$0,$0,$-1791,$1864,$-2267,$0,$181,$0,$0,$33,$-243,$-2296,$0,$0,$1040,$0,$0,$-508,$134,$666,$246,$0,$0
23,2011-09-30,12.61,$0.00,0.0,$9.54,1.32,0,0.0,$0.49,25.74,$7.84B,$7.19B,1.09,$7.43B,$0.00B,0.0,$14.28B,$9.37B,65.65%,$14.28B,$1.52B,10.67%,$14.28B,$1.52B,10.67%,$14.28B,$1.52B,10.67%,$14.28B,$1.26B,8.85%,$14.28B,$1.12B,7.84%,$1.12B,$11.38B,10.46%,$1.12B,$11.38B,10.80%,$1.12B,$27.41B,4.32%,$1.52B,$18.81B,8.73%,$4643,$1514,$3129,$0,$1951,$4164,$479,$-140,$339,$100,$238,$238,$238,$479,$479,$487,487,$0.49,$0.49,$1159,$601,$1539,$7844,$0,$0,$0,$6803,$6803,$27410,$7190,$7429,$1409,$8838,$16028,$0,$0,$0,$11382,$27410,$0,$0,$0,$0,$0,$0,$0,$0,$0,$0,$0,$0,$0,$0,$0,$0,$0,$0,$0,$0,$0,$0,$0,$0,$0,$0,$0,$0,$0
24,2011-06-30,16.59,$0.00,0.0,$8.61,1.93,0,0.0,$0.59,28.11,$7.53B,$7.73B,0.97,$6.56B,$0.00B,0.0,$13.83B,$10.43B,75.47%,$13.83B,$5.23B,37.85%,$13.83B,$5.23B,37.85%,$13.83B,$5.23B,37.85%,$13.83B,$5.11B,36.99%,$13.83B,$1.17B,8.46%,$1.17B,$11.04B,14.89%,$1.17B,$11.04B,15.57%,$1.17B,$26.75B,6.14%,$5.23B,$17.60B,41.05%,$4916,$1831,$3085,$0,$2005,$4517,$398,$-66,$332,$94,$238,$238,$387,$398,$398,$0,0,$0.00,$0.00,$1029,$671,$1445,$7527,$0,$0,$0,$6731,$6731,$26754,$7725,$6560,$1428,$7987,$15713,$0,$0,$0,$11041,$26754,$0,$0,$0,$0,$0,$0,$0,$0,$0,$0,$0,$0,$0,$0,$0,$0,$0,$0,$0,$0,$0,$0,$0,$0,$0,$0,$0,$0,$0
25,2011-03-31,16.66,$0.00,0.0,$17.68,0.94,$1.34,12.45,$-0.23,0.0,$7.08B,$7.12B,1.0,$6.67B,$0.00B,0.0,$13.04B,$11.48B,88.04%,$13.04B,$8.97B,68.76%,$13.04B,$8.97B,68.76%,$13.04B,$8.97B,68.76%,$13.04B,$8.91B,68.35%,$13.04B,$0.41B,3.13%,$0.41B,$10.29B,5.52%,$0.41B,$10.29B,6.09%,$0.41B,$25.10B,2.26%,$8.97B,$16.96B,73.14%,$4720,$1560,$3160,$0,$1868,$4074,$646,$-53,$593,$99,$494,$494,$494,$646,$646,$0,0,$0.00,$0.00,$1015,$656,$1368,$7082,$0,$0,$0,$5949,$5949,$25097,$7120,$6665,$1020,$7685,$14805,$0,$0,$0,$10291,$25097,$0,$0,$0,$0,$0,$0,$0,$0,$0,$0,$0,$0,$0,$0,$0,$0,$0,$0,$0,$0,$0,$0,$0,$0,$0,$0,$0,$0,$0
26,2010-12-31,17.75,$0.00,0.0,$26.35,0.67,$1.34,13.26,$0.40,44.37,$7.09B,$6.52B,1.09,$6.34B,$10.09B,0.63,$12.39B,$10.61B,85.59%,$12.39B,$8.86B,71.54%,$12.39B,$8.86B,71.54%,$12.39B,$8.86B,71.54%,$12.39B,$8.68B,70.08%,$12.39B,$0.21B,1.70%,$0.21B,$10.09B,3.05%,$0.21B,$8.73B,3.52%,$0.21B,$24.33B,1.27%,$8.86B,$16.43B,75.87%,$0,$0,$0,$0,$0,$0,$0,$0,$0,$0,$0,$0,$0,$0,$0,$0,0,$0.00,$0.00,$1327,$576,$573,$7088,$0,$710,$1365,$1637,$3875,$24334,$6524,$6338,$1376,$7716,$14240,$1374,$8223,$0,$10094,$24334,$1047,$2885,$0,$2885,$0,$0,$0,$0,$-1694,$2849,$-2820,$0,$0,$0,$0,$139,$-335,$-3017,$0,$185,$123,$0,$-0,$-441,$19,$-113,$-303,$0,$0
27,2010-06-30,15.7,$0.00,0.0,$33.40,0.47,$1.34,11.73,$1.30,12.08,$0.00B,$0.00B,0.0,$0.00B,$0.00B,0.0,$15.28B,$13.50B,88.32%,$15.28B,$11.75B,76.92%,$15.28B,$11.75B,76.92%,$15.28B,$11.75B,76.92%,$15.28B,$11.57B,75.73%,$15.28B,$0.58B,3.80%,$0.58B,$0.00B,13.20%,$0.58B,$0.00B,15.23%,$0.58B,$0.00B,5.52%,$11.75B,$0.00B,155.15%,$4189,$0,$4189,$0,$0,$0,$4189,$0,$4189,$0,$4189,$289,$289,$4189,$4189,$486,486,$0.59,$0.59,$0,$0,$0,$0,$0,$0,$0,$0,$0,$0,$0,$0,$0,$0,$0,$0,$0,$0,$0,$0,$0,$0,$0,$0,$0,$0,$0,$0,$0,$0,$0,$0,$0,$0,$0,$0,$0,$0,$0,$0,$0,$0,$0,$0,$0,$0,$0,$0,$0
28,2009-12-31,13.78,$0.00,0.0,$29.86,0.46,$2.22,6.22,$0.97,14.2,$6.85B,$5.97B,1.15,$6.48B,$9.17B,0.71,$13.14B,$11.36B,86.42%,$13.14B,$7.23B,54.99%,$13.14B,$7.23B,54.99%,$13.14B,$7.73B,58.78%,$13.14B,$7.56B,57.51%,$13.14B,$0.40B,3.01%,$0.40B,$9.17B,6.05%,$0.40B,$7.76B,6.78%,$0.40B,$22.88B,2.59%,$7.23B,$15.64B,64.13%,$4130,$0,$4130,$0,$0,$0,$4130,$0,$4130,$0,$4130,$-375,$-375,$4130,$4130,$456,456,$-0.82,$-0.82,$1704,$601,$600,$6851,$0,$682,$1404,$1146,$3329,$22877,$5965,$6476,$1267,$7744,$13709,$1344,$8227,$0,$9167,$22877,$524,$2889,$0,$2889,$0,$0,$0,$0,$-1619,$2920,$-2310,$0,$0,$0,$0,$17,$-174,$-2467,$0,$85,$45,$0,$-454,$-197,$-279,$-800,$-303,$0,$0
29,2009-09-30,13.67,$0.00,0.0,$28.37,0.48,$0.07,195.91,$1.72,7.95,$5.37B,$3.42B,1.57,$6.22B,$8.44B,0.74,$11.89B,$6.13B,51.56%,$11.89B,$-3.14B,-26.40%,$11.89B,$-3.14B,-26.40%,$11.89B,$-1.29B,-10.83%,$11.89B,$3.38B,28.42%,$11.89B,$0.74B,6.25%,$0.74B,$8.44B,11.54%,$0.74B,$7.50B,13.00%,$0.74B,$19.22B,5.06%,$-3.14B,$14.66B,-28.21%,$4072,$1784,$2287,$49,$1093,$3527,$545,$34,$364,$83,$281,$297,$297,$545,$545,$470,470,$0.63,$0.63,$1692,$419,$567,$5370,$0,$980,$939,$929,$2849,$19224,$3418,$6221,$1148,$7369,$10787,$1252,$8021,$0,$8437,$19224,$0,$0,$0,$0,$0,$0,$0,$0,$0,$0,$0,$0,$0,$0,$0,$0,$0,$0,$0,$0,$0,$0,$0,$0,$0,$0,$0,$0,$0
30,2009-06-30,11.3,$0.00,0.0,$26.92,0.42,$0.87,12.94,$1.49,7.58,$0.00B,$0.00B,0.0,$0.00B,$0.00B,0.0,$10.73B,$6.76B,62.96%,$10.73B,$-3.36B,-31.27%,$10.73B,$-3.36B,-31.27%,$10.73B,$-0.93B,-8.64%,$10.73B,$3.21B,29.95%,$10.73B,$0.61B,5.66%,$0.61B,$0.00B,9.26%,$0.61B,$0.00B,10.23%,$0.61B,$0.00B,4.18%,$-3.36B,$0.00B,-30.36%,$2889,$0,$2889,$0,$0,$0,$2889,$0,$2889,$0,$2889,$370,$370,$2889,$2889,$410,410,$0.90,$0.90,$0,$0,$0,$0,$0,$0,$0,$0,$0,$0,$0,$0,$0,$0,$0,$0,$0,$0,$0,$0,$0,$0,$0,$0,$0,$0,$0,$0,$0,$0,$0,$0,$0,$0,$0,$0,$0,$0,$0,$0,$0,$0,$0,$0,$0,$0,$0,$0,$0
31,2009-03-31,10.85,$0.00,0.0,$27.32,0.4,$1.16,9.33,$0.99,10.96,$4.21B,$2.69B,1.57,$6.24B,$8.53B,0.73,$10.87B,$6.90B,63.44%,$10.87B,$-5.88B,-54.08%,$10.87B,$-5.88B,-54.08%,$10.87B,$-2.94B,-27.07%,$10.87B,$0.52B,4.77%,$10.87B,$0.40B,3.66%,$0.40B,$8.53B,4.55%,$0.40B,$8.03B,4.98%,$0.40B,$18.84B,2.10%,$-5.88B,$14.78B,-40.44%,$2052,$0,$2052,$0,$2389,$2389,$-337,$-209,$176,$36,$140,$103,$103,$162,$-337,$404,404,$0.26,$0.26,$1763,$166,$546,$4208,$0,$3542,$503,$296,$4526,$18842,$2686,$6244,$1380,$7624,$10310,$1561,$9727,$0,$8531,$18842,$140,$499,$0,$499,$0,$0,$0,$0,$-359,$490,$-136,$0,$0,$0,$0,$-31,$119,$-47,$0,$395,$0,$0,$-164,$-226,$-9,$-5,$438,$0,$0
32,2008-12-31,11.54,$0.00,0.0,$29.56,0.39,$0.14,81.4,$1.11,10.4,$5.61B,$4.15B,1.35,$6.30B,$8.79B,0.72,$11.79B,$7.16B,60.78%,$11.79B,$-5.16B,-43.76%,$11.79B,$-5.16B,-43.76%,$11.79B,$-2.22B,-18.86%,$11.79B,$0.54B,4.58%,$11.79B,$0.45B,3.81%,$0.45B,$8.79B,5.12%,$0.45B,$7.34B,5.61%,$0.45B,$20.71B,2.41%,$-5.16B,$15.08B,-36.15%,$2875,$3975,$-1099,$207,$2037,$9111,$-6236,$2404,$-50,$19,$-69,$-27,$-27,$-4884,$-6236,$380,380,$-0.07,$-0.07,$1989,$337,$355,$5605,$0,$604,$1448,$833,$3071,$20712,$4153,$6297,$1474,$7773,$11926,$1237,$7777,$0,$8786,$20712,$407,$2934,$0,$2934,$0,$0,$0,$0,$-1697,$2313,$-2620,$0,$0,$0,$0,$-100,$-78,$-2798,$0,$34,$1276,$0,$-58,$-324,$-94,$833,$401,$0,$0
33,2008-09-30,12.94,$0.00,0.0,$29.30,0.44,$11.77,1.1,$1.46,8.86,$3.62B,$2.65B,1.37,$5.46B,$8.89B,0.61,$11.92B,$8.75B,73.35%,$11.92B,$-6.92B,-58.06%,$11.92B,$-6.92B,-58.06%,$11.92B,$-2.95B,-24.70%,$11.92B,$1.03B,8.63%,$11.92B,$0.59B,4.97%,$0.59B,$8.89B,6.18%,$0.59B,$8.37B,6.88%,$0.59B,$18.48B,2.96%,$-6.92B,$14.35B,-45.80%,$2914,$0,$2914,$0,$2584,$2584,$329,$-131,$199,$38,$161,$161,$161,$906,$329,$404,404,$0.40,$0.40,$1362,$148,$433,$3616,$0,$3517,$523,$219,$4411,$18478,$2649,$5456,$1479,$6935,$9584,$1561,$9840,$0,$8894,$18478,$476,$1582,$0,$1582,$0,$0,$0,$0,$-702,$1858,$-1534,$0,$0,$0,$0,$27,$0,$-1506,$0,$0,$354,$0,$-74,$-407,$-25,$-152,$200,$0,$0
34,2008-06-30,16.43,$0.00,0.0,$29.32,0.56,$12.49,1.32,$1.68,9.78,$3.08B,$2.40B,1.29,$5.17B,$8.78B,0.59,$11.96B,$8.78B,73.43%,$11.96B,$-6.94B,-58.02%,$11.96B,$-6.94B,-58.02%,$11.96B,$-3.54B,-29.59%,$11.96B,$1.14B,9.54%,$11.96B,$0.68B,5.72%,$0.68B,$8.78B,7.14%,$0.68B,$8.24B,7.92%,$0.68B,$17.80B,3.45%,$-6.94B,$13.94B,-46.58%,$3029,$0,$3029,$0,$2664,$2664,$365,$-171,$193,$33,$161,$161,$161,$873,$365,$406,406,$0.40,$0.40,$829,$120,$256,$3084,$0,$3482,$539,$115,$4215,$17801,$2400,$5167,$1459,$6626,$9026,$1561,$9753,$0,$8775,$17801,$315,$1006,$0,$1006,$0,$0,$0,$0,$-535,$1146,$-1028,$0,$0,$0,$0,$100,$-4,$-931,$0,$-66,$11,$0,$-13,$-407,$-16,$-491,$-277,$0,$0
35,2008-03-31,18.3,$0.00,0.0,$21.87,0.84,$12.20,1.5,$1.28,14.3,$3.06B,$2.46B,1.25,$5.08B,$8.61B,0.59,$11.94B,$7.47B,62.60%,$11.94B,$-6.71B,-56.21%,$11.94B,$-6.71B,-56.21%,$11.94B,$-3.82B,-31.98%,$11.94B,$1.24B,10.35%,$11.94B,$0.75B,6.25%,$0.75B,$8.61B,7.81%,$0.75B,$8.05B,8.64%,$0.75B,$17.60B,3.74%,$-6.71B,$13.69B,-45.54%,$2967,$648,$2319,$57,$1394,$2582,$385,$-187,$198,$44,$154,$154,$154,$882,$385,$405,405,$0.38,$0.38,$885,$105,$255,$3059,$37756,$3469,$558,$82,$41923,$17596,$2456,$5075,$1453,$6528,$8984,$1561,$3947,$0,$8612,$17596,$154,$497,$0,$497,$0,$0,$0,$0,$-514,$319,$-377,$0,$0,$0,$0,$10,$-15,$-382,$0,$364,$-206,$0,$0,$-407,$-8,$-258,$-321,$0,$0
36,2007-12-31,19.88,$0.00,0.0,$14.55,1.37,$12.35,1.61,$0.90,22.09,$6.09B,$5.49B,1.11,$6.45B,$12.03B,0.54,$11.92B,$6.83B,57.27%,$11.92B,$-6.35B,-53.21%,$11.92B,$-6.35B,-53.21%,$11.92B,$-3.95B,-33.12%,$11.92B,$1.56B,13.11%,$11.92B,$0.97B,8.13%,$0.97B,$12.03B,10.19%,$0.97B,$9.78B,11.24%,$0.97B,$26.06B,4.85%,$-6.35B,$18.48B,-43.53%,$3013,$2530,$483,$206,$5356,$11015,$-8002,$211,$439,$114,$325,$116,$116,$-5606,$-8002,$413,413,$0.28,$0.28,$2004,$323,$429,$6094,$0,$512,$2249,$592,$3452,$26057,$5485,$6451,$2090,$8543,$14028,$1686,$10631,$0,$12029,$26057,$1265,$3949,$0,$3949,$0,$0,$0,$0,$-1154,$4606,$-142,$0,$0,$0,$0,$242,$-3825,$-3725,$0,$54,$943,$0,$376,$511,$-3360,$-1478,$-479,$0,$0
37,2007-09-30,19.3,$0.00,0.0,$7.24,2.66,$1.52,12.66,$0.62,31.13,$3.56B,$2.99B,1.19,$4.59B,$8.90B,0.52,$8.91B,$6.35B,71.22%,$8.91B,$1.66B,18.59%,$8.91B,$1.66B,18.59%,$8.91B,$1.66B,18.59%,$8.91B,$1.12B,12.61%,$8.91B,$0.85B,9.58%,$0.85B,$8.90B,11.15%,$0.85B,$8.48B,12.07%,$0.85B,$17.94B,5.46%,$1.66B,$13.49B,14.51%,$2953,$0,$2953,$0,$2640,$2640,$312,$-1,$311,$59,$253,$253,$253,$312,$312,$408,408,$0.62,$0.62,$1220,$97,$442,$3560,$37207,$3509,$420,$217,$41353,$17943,$2985,$4592,$1468,$6060,$9045,$1561,$8918,$0,$8898,$17943,$853,$1554,$0,$1554,$0,$0,$0,$0,$-771,$1876,$-1255,$0,$0,$0,$0,$66,$-76,$-1265,$0,$324,$-541,$0,$-92,$-416,$-19,$-743,$-131,$0,$0
38,2007-06-30,18.08,$0.00,0.0,0,0.0,0,0.0,0,0.0,$3.82B,$3.59B,1.07,$4.63B,$8.65B,0.54,$8.96B,$5.15B,57.47%,$8.96B,$2.04B,22.75%,$8.96B,$2.04B,22.75%,$8.96B,$2.04B,22.75%,$8.96B,$1.23B,13.71%,$8.96B,$0.92B,10.26%,$0.92B,$8.65B,12.20%,$0.92B,$8.21B,13.22%,$0.92B,$18.25B,5.90%,$2.04B,$13.28B,17.93%,$3004,$1286,$1718,$71,$562,$2409,$595,$-308,$287,$64,$223,$223,$223,$595,$595,$0,0,$0.00,$0.00,$0,$81,$3742,$3823,$0,$3768,$434,$0,$4202,$18254,$3590,$4633,$1384,$6017,$9606,$1561,$9538,$0,$8648,$18254,$0,$0,$0,$0,$0,$0,$0,$0,$0,$0,$0,$0,$0,$0,$0,$0,$0,$0,$0,$0,$0,$0,$0,$0,$0,$0,$0,$0,$0
39,2007-03-31,17.25,$0.00,0.0,0,0.0,0,0.0,0,0.0,$3.31B,$3.29B,1.01,$4.54B,$8.51B,0.53,$15.23B,$12.71B,83.43%,$15.23B,$3.04B,19.94%,$15.23B,$3.04B,19.94%,$15.23B,$3.04B,19.94%,$15.23B,$2.23B,14.66%,$15.23B,$1.52B,9.95%,$1.52B,$8.51B,20.29%,$1.52B,$8.06B,21.66%,$1.52B,$17.75B,8.75%,$3.04B,$13.05B,25.42%,$2954,$1278,$1675,$38,$411,$2204,$750,$-224,$526,$149,$378,$378,$378,$750,$750,$0,0,$0.00,$0.00,$0,$106,$3205,$3311,$0,$3777,$453,$0,$4229,$17746,$3289,$4537,$1410,$5947,$9237,$1561,$9315,$0,$8509,$17746,$0,$0,$0,$0,$0,$0,$0,$0,$0,$0,$0,$0,$0,$0,$0,$0,$0,$0,$0,$0,$0,$0,$0,$0,$0,$0,$0,$0,$0
