,Date,Stock Price,Book Value per Share,Price to Book Ratio,TTM Sales per Share,Price to Sales Ratio,TTM FCF per Share,Price to FCF Ratio,TTM Net EPS,PE Ratio,Current Assets,Current Liabilities,Current Ratio,Long Term Debt,Shareholder's Equity_x,Debt to Equity Ratio,TTM Revenue_x,TTM Gross Profit,Gross Margin,TTM Revenue_y,TTM Operating Income,Operating Margin,TTM Revenue_x,TTM EBIT,EBIT Margin,TTM Revenue_y,TTM EBITDA,EBITDA Margin,TTM Revenue_x,TTM Pre-Tax Income,Pre-Tax Margin,TTM Revenue_y,TTM Net Income_x,Net Margin,TTM Net Income_y,Shareholder's Equity_y,Return on Equity,TTM Net Income_x,Tangible Equity,Return on Tangible Equity,TTM Net Income_y,Total Assets,Return on Assets,TTM Net Income,LT Investments & Debt,Return on Investment,revenue,cost-goods-sold,gross-profit,research-development-expenses,selling-general-administrative-expenses,operating-expenses,operating-income,total-non-operating-income-expense,pre-tax-income,total-provision-income-taxes,income-after-taxes,income-from-continuous-operations,net-income,ebitda,ebit,basic-shares-outstanding,shares-outstanding,eps-basic-net-earnings-per-share,eps-earnings-per-share-diluted,cash-on-hand,inventory,other-current-assets,total-current-assets,net-property-plant-equipment,long-term-investments,goodwill-intangible-assets-total,other-long-term-assets,total-long-term-assets,total-assets,total-current-liabilities,long-term-debt,other-non-current-liabilities,total-long-term-liabilities,total-liabilities,common-stock-net,retained-earnings-accumulated-deficit,comprehensive-income,total-share-holder-equity,total-liabilities-share-holders-equity,net-income-loss,total-depreciation-amortization-cash-flow,other-non-cash-items,total-non-cash-items,change-in-accounts-receivable,change-in-inventories,change-in-accounts-payable,change-in-assets-liabilities,total-change-in-assets-liabilities,cash-flow-from-operating-activities,net-change-in-property-plant-equipment,net-change-in-intangible-assets,net-acquisitions-divestitures,net-change-in-short-term-investments,net-change-in-long-term-investments,net-change-in-investments-total,investing-activities-other,cash-flow-from-investing-activities,net-long-term-debt,net-current-debt,debt-issuance-retirement-net-total,net-common-equity-issued-repurchased,net-total-equity-issued-repurchased,total-common-preferred-stock-dividends-paid,financial-activities-other,cash-flow-from-financial-activities,net-cash-flow,stock-based-compensation,common-stock-dividends-paid
0,2018-09-30,17.5,$4.59,3.81,0.0,0.0,$-3.42,0.0,$-1.28,0.0,$0.19B,$0.01B,14.75,$0.00B,$0.18B,0.02,$0.00B,0,nan%,$0.00B,$-0.06B,inf%,$0.00B,$-0.06B,inf%,$0.00B,$-0.06B,inf%,$0.00B,$-0.06B,inf%,$0.00B,$-0.06B,inf%,$-0.06B,$0.18B,-45.53%,$-0.06B,$0.18B,-45.53%,$-0.06B,$0.19B,-40.07%,$-0.06B,$0.18B,-44.71%,$0,$0,$0,$12,$4,$16,$-16,$1,$-15,$0,$-15,$-15,$-15,$-17,$-16,$38,38,$-0.40,$-0.40,$187,$0,$0,$190,$0,$0,$0,$1,$1,$192,$13,$3,$1,$4,$17,$0,$-134,$-0,$175,$192,$-44,$-1,$7,$6,$-0,$0,$0,$-1,$0,$-38,$0,$0,$0,$-84,$0,$-84,$0,$-84,$-1,$0,$-1,$132,$132,$0,$0,$131,$9,$7,$0
1,2018-06-30,18.2,$3.39,5.37,0.0,0.0,$-3.26,0.0,$-1.66,0.0,$0.13B,$0.01B,10.22,$0.00B,$0.11B,0.04,$0.00B,0,nan%,$0.00B,$-0.05B,inf%,$0.00B,$-0.05B,inf%,$0.00B,$-0.05B,inf%,$0.00B,$-0.05B,inf%,$0.00B,$-0.05B,inf%,$-0.05B,$0.11B,-49.26%,$-0.05B,$0.11B,-49.26%,$-0.05B,$0.13B,-42.55%,$-0.05B,$0.12B,-46.84%,$0,$0,$0,$11,$4,$15,$-15,$1,$-15,$0,$-15,$-15,$-15,$-16,$-15,$33,33,$-0.45,$-0.45,$126,$0,$0,$129,$0,$0,$0,$1,$1,$130,$13,$4,$1,$5,$17,$0,$-119,$-0,$112,$130,$-29,$-1,$5,$4,$-0,$0,$0,$-1,$0,$-25,$0,$0,$0,$-26,$0,$-26,$0,$-26,$-0,$0,$-0,$58,$58,$0,$0,$58,$6,$4,$0
2,2018-03-31,18.75,$3.80,4.94,0.0,0.0,$-3.23,0.0,$-1.61,0.0,$0.14B,$0.01B,12.37,$0.01B,$0.13B,0.04,$0.00B,0,nan%,$0.00B,$-0.04B,inf%,$0.00B,$-0.04B,inf%,$0.00B,$-0.04B,inf%,$0.00B,$-0.04B,inf%,$0.00B,$-0.04B,inf%,$-0.04B,$0.13B,-50.89%,$-0.04B,$0.13B,-50.89%,$-0.04B,$0.14B,-43.43%,$-0.04B,$0.13B,-47.78%,$0,$0,$0,$12,$3,$15,$-15,$0,$-15,$0,$-15,$-15,$-15,$-15,$-15,$32,32,$-0.46,$-0.46,$138,$0,$0,$140,$0,$0,$0,$1,$1,$141,$11,$5,$0,$5,$17,$0,$-104,$-0,$125,$141,$-15,$-0,$2,$2,$-0,$0,$0,$-1,$-0,$-13,$0,$0,$0,$-30,$0,$-30,$0,$-30,$0,$0,$0,$58,$58,$0,$0,$58,$15,$2,$0
3,2017-12-31,15.3,$2.71,5.64,0.0,0.0,$-3.27,0.0,$-1.54,0.0,$0.10B,$0.01B,9.44,$0.01B,$0.08B,0.07,$0.00B,0,nan%,$0.00B,$-0.04B,inf%,$0.00B,$-0.04B,inf%,$0.00B,$-0.04B,inf%,$0.00B,$-0.04B,inf%,$0.00B,$-0.04B,inf%,$-0.04B,$0.08B,-54.75%,$-0.04B,$0.08B,-54.75%,$-0.04B,$0.10B,-45.43%,$-0.04B,$0.09B,-50.00%,$0,$0,$0,$8,$3,$11,$-11,$0,$-11,$0,$-11,$-11,$-11,$-11,$-11,$23,23,$-0.35,$-0.35,$93,$0,$0,$95,$0,$0,$0,$1,$1,$96,$10,$6,$0,$6,$16,$0,$-89,$-0,$80,$96,$-35,$-0,$5,$4,$0,$0,$0,$-1,$3,$-28,$0,$0,$0,$-23,$0,$-23,$0,$-23,$0,$0,$0,$54,$54,$0,$-0,$54,$2,$5,$0
4,2017-09-30,14.95,$3.06,4.88,0.0,0.0,$-3.40,0.0,$-1.55,0.0,$0.10B,$0.01B,13.48,$0.01B,$0.09B,0.07,$0.00B,0,nan%,$0.00B,$-0.03B,inf%,$0.00B,$-0.03B,inf%,$0.00B,$-0.03B,inf%,$0.00B,$-0.03B,inf%,$0.00B,$-0.03B,inf%,$-0.03B,$0.09B,-53.33%,$-0.03B,$0.09B,-53.33%,$-0.03B,$0.10B,-43.99%,$-0.03B,$0.10B,-47.94%,$0,$0,$0,$7,$2,$9,$-9,$0,$-9,$0,$-9,$-9,$-9,$-10,$-9,$24,24,$-0.38,$-0.38,$101,$0,$0,$102,$0,$0,$0,$1,$1,$103,$8,$6,$0,$6,$14,$0,$-79,$-0,$89,$103,$-25,$-0,$3,$3,$0,$0,$0,$-0,$1,$-21,$0,$0,$0,$-19,$0,$-19,$0,$-19,$0,$0,$0,$54,$54,$0,$0,$54,$14,$3,$0
5,2017-06-30,9.3,$2.18,4.26,0.0,0.0,$-3.53,0.0,$-1.54,0.0,$0.06B,$0.01B,10.78,$0.01B,$0.04B,0.16,$0.00B,0,nan%,$0.00B,$-0.03B,inf%,$0.00B,$-0.03B,inf%,$0.00B,$-0.03B,inf%,$0.00B,$-0.03B,inf%,$0.00B,$-0.03B,inf%,$-0.03B,$0.04B,-55.81%,$-0.03B,$0.04B,-55.81%,$-0.03B,$0.06B,-45.45%,$-0.03B,$0.05B,-49.38%,$0,$0,$0,$6,$2,$8,$-8,$0,$-8,$0,$-8,$-8,$-8,$-8,$-8,$20,20,$-0.40,$-0.40,$53,$0,$0,$55,$0,$0,$0,$1,$1,$56,$5,$7,$0,$7,$12,$0,$-69,$-0,$44,$56,$-15,$0,$2,$2,$-0,$0,$0,$-0,$-1,$-15,$0,$0,$0,$17,$0,$17,$0,$17,$0,$0,$0,$0,$0,$0,$0,$0,$2,$2,$0
6,2017-03-31,8.8,$2.55,3.44,0.0,0.0,$-3.49,0.0,$-1.50,0.0,$0.06B,$0.00B,14.73,$0.01B,$0.05B,0.15,$0.00B,0,nan%,$0.00B,$-0.03B,inf%,$0.00B,$-0.03B,inf%,$0.00B,$-0.03B,inf%,$0.00B,$-0.03B,inf%,$0.00B,$-0.03B,inf%,$-0.03B,$0.05B,-48.13%,$-0.03B,$0.05B,-48.13%,$-0.03B,$0.06B,-40.00%,$-0.03B,$0.06B,-42.96%,$0,$0,$0,$6,$2,$8,$-8,$0,$-8,$0,$-8,$-8,$-8,$-8,$-8,$19,19,$-0.39,$-0.39,$59,$0,$0,$61,$0,$0,$0,$1,$1,$62,$4,$7,$0,$8,$12,$0,$-61,$-0,$50,$62,$-8,$0,$1,$1,$-0,$0,$0,$-1,$-2,$-9,$0,$0,$0,$10,$0,$10,$0,$10,$0,$0,$0,$0,$0,$0,$0,$0,$1,$1,$0
7,2016-12-31,5.9,$2.94,2.01,0.0,0.0,$-3.45,0.0,$-1.47,0.0,$0.07B,$0.01B,12.62,$0.01B,$0.06B,0.13,$0.00B,0,nan%,$0.00B,$-0.03B,inf%,$0.00B,$-0.03B,inf%,$0.00B,$-0.03B,inf%,$0.00B,$-0.03B,inf%,$0.00B,$-0.03B,inf%,$-0.03B,$0.06B,-41.95%,$-0.03B,$0.06B,-41.95%,$-0.03B,$0.07B,-36.36%,$-0.03B,$0.06B,-38.89%,$0,$0,$0,$6,$2,$7,$-7,$0,$-7,$0,$-7,$-7,$-7,$-7,$-7,$19,19,$-0.38,$-0.38,$68,$0,$0,$69,$0,$0,$0,$1,$1,$70,$5,$7,$0,$7,$13,$0,$-54,$-0,$57,$70,$-28,$0,$2,$2,$0,$0,$0,$-1,$-0,$-25,$0,$0,$0,$12,$0,$12,$0,$12,$7,$0,$7,$0,$0,$0,$0,$7,$-6,$2,$0
8,2016-09-30,6.25,$3.34,1.87,0.0,0.0,$-3.91,0.0,$-1.51,0.0,$0.08B,$0.01B,14.36,$0.01B,$0.06B,0.12,$0.00B,0,nan%,$0.00B,$-0.03B,inf%,$0.00B,$-0.03B,inf%,$0.00B,$-0.03B,inf%,$0.00B,$-0.03B,inf%,$0.00B,$-0.03B,inf%,$-0.03B,$0.06B,-36.99%,$-0.03B,$0.06B,-36.99%,$-0.03B,$0.08B,-33.23%,$-0.03B,$0.07B,-36.60%,$0,$0,$0,$5,$2,$7,$-7,$0,$-7,$0,$-7,$-7,$-7,$-7,$-7,$19,19,$-0.37,$-0.37,$75,$0,$0,$76,$0,$0,$0,$1,$1,$76,$5,$7,$0,$7,$13,$0,$-47,$0,$64,$76,$-20,$0,$2,$2,$0,$0,$0,$-0,$-0,$-19,$0,$0,$0,$2,$0,$2,$0,$2,$7,$0,$7,$0,$0,$0,$0,$7,$-9,$2,$0
