,Date,Stock Price,Book Value per Share,Price to Book Ratio,TTM Sales per Share,Price to Sales Ratio,TTM FCF per Share,Price to FCF Ratio,TTM Net EPS,PE Ratio,Current Assets,Current Liabilities,Current Ratio,Long Term Debt,Shareholder's Equity_x,Debt to Equity Ratio,TTM Revenue_x,TTM Gross Profit,Gross Margin,TTM Revenue_y,TTM Operating Income,Operating Margin,TTM Revenue_x,TTM EBIT,EBIT Margin,TTM Revenue_y,TTM EBITDA,EBITDA Margin,TTM Revenue_x,TTM Pre-Tax Income,Pre-Tax Margin,TTM Revenue_y,TTM Net Income_x,Net Margin,TTM Net Income_y,Shareholder's Equity_y,Return on Equity,TTM Net Income_x,Tangible Equity,Return on Tangible Equity,TTM Net Income_y,Total Assets,Return on Assets,TTM Net Income,LT Investments & Debt,Return on Investment,revenue,cost-goods-sold,gross-profit,research-development-expenses,selling-general-administrative-expenses,operating-expenses,operating-income,total-non-operating-income-expense,pre-tax-income,total-provision-income-taxes,income-after-taxes,income-from-continuous-operations,net-income,ebitda,ebit,basic-shares-outstanding,shares-outstanding,eps-basic-net-earnings-per-share,eps-earnings-per-share-diluted,cash-on-hand,inventory,other-current-assets,total-current-assets,net-property-plant-equipment,long-term-investments,goodwill-intangible-assets-total,other-long-term-assets,total-long-term-assets,total-assets,total-current-liabilities,long-term-debt,other-non-current-liabilities,total-long-term-liabilities,total-liabilities,common-stock-net,retained-earnings-accumulated-deficit,comprehensive-income,total-share-holder-equity,total-liabilities-share-holders-equity,net-income-loss,total-depreciation-amortization-cash-flow,other-non-cash-items,total-non-cash-items,change-in-accounts-receivable,change-in-inventories,change-in-accounts-payable,change-in-assets-liabilities,total-change-in-assets-liabilities,cash-flow-from-operating-activities,net-change-in-property-plant-equipment,net-change-in-intangible-assets,net-acquisitions-divestitures,net-change-in-short-term-investments,net-change-in-long-term-investments,net-change-in-investments-total,investing-activities-other,cash-flow-from-investing-activities,net-long-term-debt,net-current-debt,debt-issuance-retirement-net-total,net-common-equity-issued-repurchased,net-total-equity-issued-repurchased,total-common-preferred-stock-dividends-paid,financial-activities-other,cash-flow-from-financial-activities,net-cash-flow,stock-based-compensation,common-stock-dividends-paid
0,2018-09-30,21.5,$10.00,2.15,$5.72,3.76,$8.56,2.51,$1.53,14.05,$0.53B,$0.53B,0.98,$5.41B,$1.44B,3.75,$0.79B,$0.73B,93.38%,$0.79B,$0.07B,9.43%,$0.79B,$0.07B,9.43%,$0.79B,$0.29B,37.32%,$0.79B,$0.30B,38.34%,$0.79B,$0.22B,27.90%,$0.22B,$1.44B,14.51%,$0.22B,$1.44B,14.51%,$0.22B,$7.38B,2.87%,$0.07B,$6.85B,1.04%,$186,$6,$180,$0,$51,$153,$33,$-13,$20,$7,$13,$13,$12,$84,$33,$141,142,$0.09,$0.09,$419,$0,$0,$525,$0,$790,$0,$247,$6857,$7381,$534,$5405,$0,$5405,$5940,$0,$-57,$-443,$1442,$7381,$179,$159,$-298,$-139,$-15,$0,$0,$-7,$52,$92,$741,$0,$0,$7,$-245,$-238,$10,$513,$-70,$-100,$-170,$-160,$-160,$-84,$-107,$-521,$68,$28,$-84
1,2018-06-30,21.15,$10.04,2.11,$6.85,3.09,$2.16,9.78,$1.36,15.55,$0.54B,$0.52B,1.05,$5.54B,$1.45B,3.82,$0.87B,$0.76B,87.39%,$0.87B,$0.10B,11.47%,$0.87B,$0.10B,11.47%,$0.87B,$0.32B,37.04%,$0.87B,$0.29B,32.91%,$0.87B,$0.20B,22.71%,$0.20B,$1.45B,11.33%,$0.20B,$1.45B,11.33%,$0.20B,$7.51B,2.50%,$0.10B,$6.99B,1.35%,$218,$31,$187,$0,$61,$202,$17,$180,$197,$29,$167,$167,$110,$71,$17,$141,143,$0.77,$0.77,$447,$0,$0,$541,$0,$614,$0,$253,$6965,$7505,$517,$5539,$0,$5539,$6056,$0,$-41,$-437,$1450,$7505,$166,$108,$-254,$-146,$-3,$0,$0,$-4,$39,$60,$509,$0,$0,$7,$-83,$-76,$-5,$429,$42,$-100,$-58,$-156,$-156,$-58,$-113,$-384,$96,$19,$-58
2,2018-03-31,17.24,$10.42,1.65,$6.93,2.49,$-1.59,0.0,$0.67,25.74,$0.51B,$0.51B,1.01,$5.89B,$1.57B,3.76,$0.83B,$0.75B,89.45%,$0.83B,$0.10B,11.51%,$0.83B,$0.10B,11.51%,$0.83B,$0.32B,37.89%,$0.83B,$0.12B,14.51%,$0.83B,$0.10B,11.63%,$0.10B,$1.57B,4.92%,$0.10B,$1.57B,4.92%,$0.10B,$7.96B,1.19%,$0.10B,$7.46B,1.26%,$191,$8,$182,$0,$52,$163,$28,$-31,$-4,$-3,$-1,$-1,$-3,$82,$28,$148,148,$-0.02,$-0.02,$433,$0,$0,$511,$0,$544,$0,$242,$7452,$7963,$505,$5891,$0,$5891,$6396,$0,$-122,$-404,$1567,$7963,$-1,$54,$-42,$13,$15,$0,$0,$-0,$37,$49,$-160,$0,$0,$7,$108,$115,$-10,$-55,$240,$-100,$140,$-22,$-22,$-29,$-10,$79,$82,$10,$-29
3,2017-12-31,17.01,$10.41,1.63,$7.14,2.38,$-1.16,0.0,$0.69,24.65,$0.50B,$0.49B,1.03,$5.66B,$1.58B,3.59,$0.81B,$0.73B,90.14%,$0.81B,$0.11B,13.44%,$0.81B,$0.11B,13.44%,$0.81B,$0.32B,39.95%,$0.81B,$0.12B,15.04%,$0.81B,$0.10B,12.45%,$0.10B,$1.58B,4.66%,$0.10B,$1.58B,4.66%,$0.10B,$7.73B,1.26%,$0.11B,$7.24B,1.44%,$190,$7,$184,$0,$76,$194,$-4,$92,$88,$-17,$106,$106,$100,$56,$-4,$119,119,$0.83,$0.83,$351,$0,$0,$499,$0,$519,$0,$263,$7226,$7725,$485,$5662,$0,$5662,$6147,$0,$-91,$-427,$1578,$7725,$138,$215,$-222,$-7,$-14,$0,$0,$-15,$-58,$73,$-138,$0,$0,$0,$54,$54,$14,$-70,$109,$300,$409,$-68,$-68,$-59,$-847,$-565,$-534,$38,$-59
4,2017-09-30,17.99,$20.96,0.86,$7.20,2.5,$-3.43,0.0,$0.13,138.39,$1.41B,$0.51B,2.74,$5.63B,$2.39B,2.35,$0.80B,$0.72B,89.65%,$0.80B,$0.17B,20.70%,$0.80B,$0.17B,20.70%,$0.80B,$0.37B,45.76%,$0.80B,$0.09B,11.35%,$0.80B,$0.02B,1.87%,$0.02B,$2.39B,0.64%,$0.02B,$2.39B,0.64%,$0.02B,$8.54B,0.19%,$0.17B,$8.02B,2.19%,$273,$63,$209,$0,$48,$214,$59,$-53,$6,$-4,$10,$10,$-9,$114,$59,$112,112,$-0.08,$-0.08,$1233,$0,$0,$1405,$0,$508,$0,$303,$7132,$8537,$513,$5629,$0,$5629,$6142,$0,$-160,$-51,$2394,$8537,$33,$155,$-64,$90,$-5,$0,$0,$-5,$7,$130,$-189,$0,$0,$0,$27,$27,$19,$-143,$116,$350,$466,$-36,$-36,$-57,$-64,$309,$347,$29,$-57
5,2017-06-30,18.31,$20.59,0.89,$6.37,2.87,$-6.61,0.0,$0.18,101.71,$1.45B,$0.45B,3.2,$5.48B,$2.35B,2.33,$0.70B,$0.68B,97.01%,$0.70B,$0.15B,20.91%,$0.70B,$0.15B,20.91%,$0.70B,$0.35B,49.36%,$0.70B,$0.10B,14.79%,$0.70B,$0.02B,2.99%,$0.02B,$2.35B,0.88%,$0.02B,$2.35B,0.88%,$0.02B,$8.28B,0.27%,$0.15B,$7.83B,1.97%,$180,$10,$171,$0,$57,$168,$13,$18,$31,$9,$22,$22,$9,$64,$13,$112,112,$0.08,$0.08,$1265,$0,$0,$1445,$0,$499,$0,$278,$6839,$8284,$452,$5480,$0,$5480,$5933,$0,$-132,$-56,$2352,$8284,$23,$100,$-28,$72,$-12,$0,$0,$-7,$-26,$68,$-42,$0,$0,$-0,$32,$32,$9,$-1,$66,$350,$416,$-36,$-36,$-38,$-62,$280,$379,$20,$-38
6,2017-03-31,21.15,$20.41,1.04,$6.37,3.32,$-10.86,0.0,$0.09,234.95,$0.97B,$0.39B,2.47,$4.90B,$2.34B,2.1,$0.70B,$0.68B,96.86%,$0.70B,$0.15B,21.43%,$0.70B,$0.15B,21.43%,$0.70B,$0.35B,50.14%,$0.70B,$0.07B,9.57%,$0.70B,$0.01B,1.43%,$0.01B,$2.34B,0.41%,$0.01B,$2.34B,0.41%,$0.01B,$7.63B,0.13%,$0.15B,$7.23B,2.05%,$168,$1,$167,$0,$45,$127,$41,$-44,$-3,$-4,$1,$1,$1,$90,$41,$112,112,$0.00,$0.00,$808,$0,$0,$971,$0,$568,$0,$255,$6655,$7626,$393,$4896,$0,$4896,$5289,$0,$-122,$-66,$2337,$7626,$1,$49,$-12,$37,$8,$0,$0,$-5,$-26,$11,$-47,$0,$0,$-0,$29,$29,$9,$-9,$-33,$0,$-33,$-29,$-29,$-19,$-8,$-88,$-77,$11,$-19
7,2016-12-31,19.37,$20.24,0.96,$6.45,3.0,$-11.55,0.0,$0.02,968.62,$1.02B,$0.42B,2.4,$4.89B,$2.34B,2.09,$0.70B,$0.68B,96.88%,$0.70B,$0.14B,19.60%,$0.70B,$0.14B,19.60%,$0.70B,$0.34B,48.30%,$0.70B,$0.09B,12.93%,$0.70B,$0.00B,0.28%,$0.00B,$2.34B,0.08%,$0.00B,$2.34B,0.08%,$0.00B,$7.66B,0.03%,$0.14B,$7.23B,1.89%,$181,$9,$172,$0,$73,$127,$53,$4,$57,$12,$45,$45,$14,$99,$53,$109,109,$0.13,$0.13,$886,$0,$0,$1017,$0,$556,$0,$269,$6639,$7657,$423,$4890,$0,$4890,$5314,$0,$-112,$-71,$2343,$7657,$77,$201,$-130,$72,$-23,$0,$0,$-11,$-45,$103,$-410,$0,$0,$-3,$-35,$-39,$161,$-287,$832,$0,$832,$-65,$-65,$-65,$-282,$420,$154,$65,$-65
8,2016-09-30,21.16,$22.31,0.95,$6.32,3.35,$-19.03,0.0,$0.14,151.16,$1.15B,$0.46B,2.53,$4.98B,$2.53B,1.97,$0.69B,$0.68B,98.11%,$0.69B,$0.14B,20.32%,$0.69B,$0.14B,20.32%,$0.69B,$0.35B,50.22%,$0.69B,$0.08B,12.05%,$0.69B,$0.02B,2.47%,$0.02B,$2.53B,0.63%,$0.02B,$2.53B,0.63%,$0.02B,$7.97B,0.22%,$0.14B,$7.51B,1.92%,$174,$3,$172,$0,$55,$134,$40,$-21,$19,$6,$13,$13,$-3,$94,$40,$109,109,$-0.03,$-0.03,$975,$0,$0,$1149,$0,$433,$0,$256,$6818,$7967,$455,$4984,$0,$4984,$5439,$0,$-107,$-62,$2528,$7967,$31,$156,$-57,$99,$-15,$0,$0,$-20,$-52,$78,$-482,$0,$0,$-1,$-7,$-8,$167,$-323,$776,$0,$776,$-43,$-43,$-48,$-150,$536,$244,$48,$-48
9,2016-06-30,17.69,$22.79,0.78,$6.19,2.86,$-28.53,0.0,$0.30,58.95,$1.09B,$0.44B,2.49,$4.70B,$2.56B,1.83,$0.67B,$0.66B,98.22%,$0.67B,$0.13B,19.44%,$0.67B,$0.13B,19.44%,$0.67B,$0.33B,48.96%,$0.67B,$0.07B,10.98%,$0.67B,$0.04B,5.19%,$0.04B,$2.56B,1.26%,$0.04B,$2.56B,1.26%,$0.04B,$7.70B,0.46%,$0.13B,$7.26B,1.83%,$177,$9,$167,$0,$54,$160,$16,$-22,$-6,$-4,$-2,$-2,$-2,$68,$16,$109,109,$-0.02,$-0.02,$856,$0,$0,$1086,$0,$453,$0,$262,$6610,$7696,$437,$4696,$0,$4696,$5132,$0,$-88,$-57,$2564,$7696,$18,$102,$-53,$49,$-30,$0,$0,$-14,$-57,$11,$-448,$0,$0,$-1,$173,$172,$156,$-119,$379,$100,$479,$-43,$-43,$-31,$-132,$273,$124,$32,$-31
10,2016-03-31,20.27,$24.27,0.83,$5.84,3.47,$-33.04,0.0,$0.58,34.94,$1.13B,$0.42B,2.67,$4.47B,$2.77B,1.62,$0.64B,$0.64B,99.69%,$0.64B,$0.13B,20.53%,$0.64B,$0.13B,20.53%,$0.64B,$0.31B,49.22%,$0.64B,$0.15B,22.88%,$0.64B,$0.07B,10.66%,$0.07B,$2.77B,2.34%,$0.07B,$2.77B,2.34%,$0.07B,$7.66B,0.91%,$0.13B,$7.24B,1.85%,$172,$1,$171,$0,$58,$144,$29,$-8,$21,$1,$21,$21,$-7,$79,$29,$109,109,$-0.07,$-0.07,$898,$0,$0,$1132,$0,$457,$0,$244,$6527,$7658,$424,$4469,$0,$4469,$4893,$0,$-68,$-47,$2766,$7658,$21,$51,$-27,$24,$-12,$0,$0,$-12,$-53,$-9,$-102,$0,$0,$-1,$109,$108,$143,$148,$85,$50,$135,$-13,$-13,$-14,$-82,$26,$167,$18,$-14
11,2015-12-31,22.14,$25.02,0.89,$5.76,3.84,$-40.10,0.0,$0.61,36.3,$1.09B,$0.41B,2.62,$4.32B,$2.87B,1.51,$0.60B,$0.60B,99.50%,$0.60B,$0.13B,21.52%,$0.60B,$0.13B,21.52%,$0.60B,$0.30B,48.84%,$0.60B,$0.11B,18.71%,$0.60B,$0.07B,11.75%,$0.07B,$2.87B,2.39%,$0.07B,$2.87B,2.39%,$0.07B,$7.60B,0.98%,$0.13B,$7.18B,1.89%,$166,$0,$166,$0,$65,$112,$55,$-6,$49,$21,$28,$28,$29,$105,$55,$103,110,$0.29,$0.31,$732,$0,$0,$1086,$0,$445,$0,$267,$6510,$7596,$414,$4316,$0,$4316,$4731,$0,$-44,$-48,$2865,$7596,$59,$167,$-138,$29,$2,$0,$0,$-15,$91,$178,$-1305,$0,$0,$1,$-4,$-3,$-176,$-1484,$1407,$-125,$1282,$204,$204,$-52,$-315,$1119,$-206,$31,$-52
12,2015-09-30,20.28,$25.91,0.78,$5.79,3.5,$-50.17,0.0,$0.01,2028.46,$1.02B,$0.37B,2.76,$4.00B,$2.93B,1.37,$0.58B,$0.57B,98.45%,$0.58B,$0.09B,14.68%,$0.58B,$0.09B,14.68%,$0.58B,$0.23B,39.03%,$0.58B,$0.04B,6.04%,$0.58B,$0.01B,2.25%,$0.01B,$2.93B,0.43%,$0.01B,$2.93B,0.43%,$0.01B,$7.29B,0.19%,$0.09B,$6.92B,1.29%,$159,$1,$158,$0,$46,$129,$31,$-21,$10,$5,$5,$5,$15,$78,$31,$107,107,$0.13,$0.13,$542,$0,$0,$1019,$0,$500,$0,$311,$6274,$7293,$369,$3999,$0,$3999,$4368,$0,$-59,$-36,$2925,$7293,$31,$116,$-97,$19,$0,$0,$0,$-0,$64,$114,$-1534,$0,$0,$6,$460,$466,$-188,$-1255,$1012,$-125,$887,$204,$204,$-38,$-274,$779,$-396,$20,$-38
13,2015-06-30,22.38,$26.99,0.83,$5.58,4.01,$-53.23,0.0,$-0.15,0.0,$1.51B,$0.32B,4.72,$3.98B,$3.05B,1.31,$0.53B,$0.53B,98.31%,$0.53B,$0.07B,12.36%,$0.53B,$0.07B,12.36%,$0.53B,$0.20B,36.52%,$0.53B,$0.03B,5.43%,$0.53B,$-0.00B,-0.75%,$-0.00B,$3.05B,-0.13%,$-0.00B,$3.05B,-0.13%,$-0.00B,$7.35B,-0.06%,$0.07B,$7.03B,1.06%,$141,$0,$141,$0,$58,$125,$16,$50,$66,$36,$30,$30,$31,$52,$16,$104,111,$0.29,$0.27,$993,$0,$0,$1510,$0,$551,$0,$299,$5837,$7347,$320,$3980,$0,$3980,$4300,$0,$-60,$-34,$3047,$7347,$26,$69,$-80,$-11,$-4,$0,$0,$1,$23,$37,$-987,$0,$0,$6,$409,$416,$-202,$-773,$969,$-125,$844,$204,$204,$-24,$-214,$810,$55,$14,$-24
14,2015-03-31,23.68,$29.59,0.8,$5.22,4.53,$-56.55,0.0,$-0.04,0.0,$1.06B,$0.24B,4.39,$3.38B,$3.06B,1.1,$0.49B,$0.47B,97.32%,$0.49B,$0.08B,17.32%,$0.49B,$0.08B,17.32%,$0.49B,$0.20B,41.86%,$0.49B,$0.05B,10.72%,$0.49B,0,0.00%,$0.00B,$3.06B,0.00%,$0.00B,$3.06B,0.00%,$0.00B,$6.68B,0.00%,$0.08B,$6.44B,1.46%,$138,$2,$136,$0,$37,$110,$28,$-40,$-12,$-8,$-4,$-4,$-4,$60,$28,$92,92,$-0.05,$-0.05,$670,$0,$0,$1064,$0,$487,$0,$354,$5617,$6681,$242,$3375,$0,$3375,$3617,$0,$-78,$-49,$3063,$6681,$-4,$32,$-7,$26,$-2,$0,$-37,$1,$-38,$-17,$-723,$0,$0,$6,$-7,$-1,$-69,$-792,$597,$-125,$472,$184,$184,$-11,$-76,$570,$-268,$7,$-11
15,2014-12-31,22.81,$31.68,0.72,$4.29,5.31,$-52.89,0.0,$0.12,190.09,$1.31B,$0.27B,4.93,$3.02B,$3.04B,0.99,$0.40B,$0.38B,94.74%,$0.40B,$0.05B,12.28%,$0.40B,$0.05B,12.28%,$0.40B,$0.14B,36.09%,$0.40B,$0.12B,30.83%,$0.40B,$0.01B,3.51%,$0.01B,$3.04B,0.50%,$0.01B,$3.04B,0.50%,$0.01B,$6.33B,0.26%,$0.05B,$6.07B,0.94%,$141,$6,$135,$0,$50,$131,$10,$-39,$-29,$-8,$-21,$-21,$-29,$36,$10,$89,92,$-0.34,$-0.33,$938,$0,$0,$1307,$0,$492,$0,$305,$5025,$6332,$265,$3023,$0,$3023,$3288,$0,$-62,$-28,$3044,$6332,$90,$94,$-146,$-52,$-29,$0,$0,$-23,$60,$98,$-1962,$0,$0,$-3,$-31,$-34,$-477,$-2473,$1195,$125,$1320,$2010,$2010,$-39,$-128,$3163,$760,$16,$-39
16,2014-09-30,21.53,$28.52,0.75,$3.18,6.77,$-34.34,0.0,$0.42,51.26,$1.14B,$0.25B,4.48,$2.76B,$2.70B,1.02,$0.29B,$0.27B,94.79%,$0.29B,$0.04B,12.50%,$0.29B,$0.04B,12.50%,$0.29B,$0.11B,38.54%,$0.29B,$0.18B,61.46%,$0.29B,$0.04B,13.54%,$0.04B,$2.70B,1.74%,$0.04B,$2.70B,1.74%,$0.04B,$5.71B,0.90%,$0.04B,$5.46B,0.88%,$114,$1,$113,$0,$41,$102,$12,$-8,$4,$7,$-3,$-3,$-2,$47,$12,$89,89,$-0.03,$-0.03,$828,$0,$0,$1137,$0,$505,$0,$232,$4577,$5713,$254,$2756,$0,$2756,$3010,$0,$-23,$-13,$2704,$5713,$111,$68,$-122,$-53,$-18,$0,$46,$0,$29,$86,$-1538,$0,$0,$-12,$-24,$-36,$-375,$-1949,$1050,$0,$1050,$1539,$1539,$-28,$-99,$2461,$609,$9,$-28
17,2014-06-30,24.01,$30.48,0.79,$2.37,10.15,$-19.91,0.0,$0.39,61.56,$1.08B,$0.29B,3.79,$2.28B,$2.79B,0.81,$0.21B,$0.19B,92.79%,$0.21B,$0.03B,15.87%,$0.21B,$0.03B,15.87%,$0.21B,$0.08B,37.50%,$0.21B,$0.17B,82.21%,$0.21B,$0.04B,17.79%,$0.04B,$2.79B,2.11%,$0.04B,$2.79B,2.12%,$0.04B,$5.36B,1.12%,$0.03B,$5.07B,1.08%,$92,$4,$88,$0,$42,$58,$34,$55,$89,$25,$64,$64,$35,$60,$34,$89,102,$0.39,$0.38,$642,$0,$0,$1081,$0,$532,$0,$188,$4273,$5355,$286,$2275,$0,$2275,$2560,$0,$-12,$2,$2794,$5355,$114,$33,$-113,$-80,$-16,$0,$0,$-4,$32,$65,$-1275,$0,$0,$-7,$-50,$-57,$-355,$-1687,$578,$0,$578,$1539,$1539,$-18,$-76,$2024,$422,$3,$-18
18,2014-03-31,20.08,$28.62,0.7,$1.98,10.16,$-9.80,0.0,$-0.02,0.0,$1.80B,$0.16B,11.66,$1.63B,$2.62B,0.62,$0.15B,$0.14B,89.47%,$0.15B,$0.01B,6.58%,$0.15B,$0.01B,6.58%,$0.15B,$0.03B,22.37%,$0.15B,$0.08B,52.63%,$0.15B,$-0.00B,-0.66%,$-0.00B,$2.62B,-0.08%,$-0.00B,$2.62B,-0.08%,$-0.00B,$4.41B,-0.04%,$0.01B,$4.25B,0.48%,$52,$10,$42,$0,$30,$58,$-7,$65,$59,$9,$50,$50,$10,$1,$-7,$88,89,$0.12,$0.12,$1573,$0,$0,$1804,$0,$620,$0,$105,$2604,$4407,$155,$1628,$0,$1628,$1783,$0,$-40,$8,$2624,$4407,$50,$8,$-68,$-60,$-8,$0,$0,$-1,$-27,$-37,$-358,$0,$0,$-5,$-56,$-61,$-158,$-577,$488,$0,$488,$1539,$1539,$-8,$-10,$2009,$1395,$2,$-8
19,2013-12-31,19.77,$9.91,1.99,$1.77,11.17,$-6.03,0.0,$-0.20,0.0,$0.25B,$0.13B,1.95,$0.85B,$0.82B,1.04,$0.12B,$0.12B,93.50%,$0.12B,$0.01B,11.38%,$0.12B,$0.01B,11.38%,$0.12B,$0.03B,27.64%,$0.12B,$0.02B,13.82%,$0.12B,$-0.02B,-12.20%,$-0.02B,$0.82B,-2.08%,$-0.02B,$0.82B,-2.13%,$-0.02B,$1.80B,-0.95%,$0.01B,$1.67B,1.10%,$30,$0,$30,$0,$32,$33,$-3,$27,$25,$4,$21,$21,$-4,$3,$-3,$71,71,$-0.06,$-0.06,$178,$0,$0,$252,$0,$786,$0,$73,$1547,$1799,$129,$851,$0,$851,$980,$0,$-42,$9,$819,$1799,$14,$18,$-24,$-5,$11,$0,$0,$-1,$23,$31,$-160,$0,$0,$6,$-182,$-176,$-13,$-349,$111,$0,$111,$286,$286,$-24,$-1,$371,$57,$8,$-24
20,2013-09-30,16.44,$9.53,1.72,$1.81,9.09,$-5.74,0.0,$-0.01,0.0,$0.25B,$0.08B,3.25,$0.45B,$0.78B,0.58,$0.12B,$0.11B,92.44%,$0.12B,$0.01B,11.76%,$0.12B,$0.01B,11.76%,$0.12B,$0.03B,26.05%,$0.12B,$0.01B,5.88%,$0.12B,$-0.00B,-1.68%,$-0.00B,$0.78B,-0.31%,$-0.00B,$0.75B,-0.32%,$-0.00B,$1.64B,-0.14%,$0.01B,$1.23B,1.28%,$34,$1,$33,$0,$28,$24,$9,$-11,$-2,$1,$-3,$-3,$-4,$14,$9,$73,73,$-0.06,$-0.06,$181,$0,$0,$247,$0,$801,$24,$51,$1394,$1641,$76,$449,$340,$790,$866,$0,$-32,$6,$776,$1641,$-7,$13,$3,$16,$-11,$0,$0,$-10,$-26,$-17,$-117,$0,$0,$10,$-161,$-151,$13,$-255,$71,$0,$71,$279,$279,$-16,$-1,$333,$61,$6,$-16
21,2013-06-30,14.68,$8.80,1.67,$1.61,9.12,$-3.96,0.0,$-0.06,0.0,$0.19B,$0.09B,2.03,$0.45B,$0.65B,0.69,$0.10B,$0.09B,91.00%,$0.10B,$0.01B,5.00%,$0.10B,$0.01B,5.00%,$0.10B,$0.02B,18.00%,$0.10B,$0.00B,2.00%,$0.10B,$-0.00B,-4.00%,$-0.00B,$0.65B,-0.69%,$-0.00B,$0.63B,-0.72%,$-0.00B,$1.51B,-0.32%,$0.01B,$1.10B,0.51%,$36,$5,$31,$0,$26,$25,$11,$-13,$-2,$-1,$-1,$-1,$-3,$16,$11,$71,71,$-0.03,$-0.03,$140,$0,$0,$191,$0,$763,$24,$47,$1323,$1513,$94,$449,$319,$768,$862,$0,$-22,$0,$651,$1513,$-4,$8,$-9,$-1,$-4,$0,$0,$-8,$-19,$-24,$-99,$0,$0,$10,$-125,$-115,$19,$-195,$68,$30,$98,$153,$153,$-9,$-1,$241,$19,$3,$-9
22,2013-03-31,13.63,$8.80,1.55,$1.37,9.94,$-1.81,0.0,$-0.09,0.0,$0.26B,$0.05B,5.68,$0.45B,$0.64B,0.7,$0.08B,$0.07B,94.87%,$0.08B,$-0.00B,-2.56%,$0.08B,$-0.00B,-2.56%,$0.08B,$0.01B,8.97%,$0.08B,$0.00B,2.56%,$0.08B,$-0.00B,-5.13%,$-0.00B,$0.64B,-0.77%,$-0.00B,$0.62B,-0.81%,$-0.00B,$1.39B,-0.37%,$-0.00B,$1.09B,-0.23%,$23,$2,$21,$0,$20,$25,$-3,$-2,$-4,$-2,$-3,$-3,$-4,$1,$-3,$62,62,$-0.06,$-0.06,$208,$0,$0,$256,$0,$659,$24,$43,$1130,$1386,$45,$449,$251,$701,$746,$0,$-15,$2,$640,$1386,$-3,$3,$-12,$-9,$0,$0,$0,$6,$-16,$-28,$-12,$0,$0,$0,$-23,$-23,$19,$-17,$-0,$0,$-0,$134,$134,$-7,$-0,$126,$78,$2,$-7
23,2012-12-31,12.23,$8.14,1.5,$1.23,9.91,$-1.59,0.0,$-0.10,0.0,$0.29B,$0.08B,3.72,$0.45B,$0.52B,0.87,$0.07B,$0.07B,97.01%,$0.07B,$0.00B,4.48%,$0.07B,$0.00B,4.48%,$0.07B,$0.01B,14.93%,$0.07B,$0.01B,8.96%,$0.07B,$-0.00B,-4.48%,$-0.00B,$0.52B,-0.65%,$-0.00B,$0.50B,-0.69%,$-0.00B,$1.28B,-0.32%,$0.00B,$0.97B,0.38%,$26,$1,$25,$0,$32,$28,$-3,$18,$15,$5,$10,$10,$9,$-0,$-3,$55,55,$0.17,$0.17,$131,$0,$0,$294,$0,$639,$24,$38,$990,$1284,$79,$450,$237,$686,$765,$0,$-6,$13,$519,$1284,$7,$6,$7,$14,$-8,$0,$0,$-3,$-4,$17,$-100,$0,$0,$24,$-155,$-131,$-169,$-400,$318,$0,$318,$105,$105,$-22,$-12,$388,$5,$8,$-22
24,2012-09-30,12.17,$7.94,1.53,$1.54,7.92,$0.11,111.18,$-0.10,0.0,$0.24B,$0.06B,4.38,$0.29B,$0.51B,0.57,$0.07B,$0.07B,98.65%,$0.07B,$0.02B,28.38%,$0.07B,$0.02B,28.38%,$0.07B,$0.03B,35.14%,$0.07B,$0.00B,1.35%,$0.07B,$-0.00B,-5.41%,$-0.00B,$0.51B,-0.92%,$-0.00B,$0.48B,-0.97%,$-0.00B,$0.88B,-0.49%,$0.02B,$0.80B,2.90%,$15,$1,$14,$0,$18,$15,$-0,$-7,$-7,$-3,$-4,$-4,$-6,$1,$-0,$58,58,$-0.11,$-0.11,$137,$0,$0,$243,$0,$483,$24,$20,$639,$882,$56,$289,$31,$320,$376,$0,$-12,$12,$506,$882,$-4,$4,$-20,$-16,$-4,$0,$-0,$43,$33,$12,$-16,$0,$0,$21,$-91,$-69,$-1,$-86,$0,$0,$0,$105,$105,$-13,$-6,$85,$11,$5,$-13
25,2012-06-30,12.16,$7.34,1.66,$1.56,7.78,$-0.19,0.0,$-0.15,0.0,$0.17B,$0.08B,2.04,$0.29B,$0.40B,0.72,$0.07B,$0.07B,100.00%,$0.07B,$0.02B,26.39%,$0.07B,$0.02B,26.39%,$0.07B,$0.02B,33.33%,$0.07B,0,0.00%,$0.07B,$-0.01B,-6.94%,$-0.01B,$0.40B,-1.26%,$-0.01B,$0.38B,-1.34%,$-0.01B,$0.81B,-0.64%,$0.02B,$0.69B,2.77%,$14,$0,$14,$0,$17,$10,$4,$-6,$-2,$-1,$-1,$-1,$-3,$5,$4,$51,51,$-0.06,$-0.06,$97,$0,$0,$168,$0,$482,$24,$20,$639,$807,$82,$289,$31,$320,$402,$0,$-2,$10,$404,$807,$0,$3,$-15,$-13,$-1,$0,$-1,$46,$31,$19,$2,$0,$0,$21,$-79,$-57,$-10,$-65,$0,$34,$34,$-1,$-1,$-9,$-6,$18,$-29,$2,$-9
26,2012-03-31,11.68,$7.97,1.47,$1.51,7.75,$-0.94,0.0,$-0.15,0.0,$0.20B,$0.05B,3.78,$0.29B,$0.41B,0.7,$0.07B,$0.07B,100.00%,$0.07B,$0.02B,22.39%,$0.07B,$0.02B,22.39%,$0.07B,$0.02B,29.85%,$0.07B,$0.00B,4.48%,$0.07B,$-0.00B,-5.97%,$-0.00B,$0.41B,-1.04%,$-0.00B,$0.39B,-1.10%,$-0.00B,$0.79B,-0.52%,$0.02B,$0.70B,2.22%,$12,$0,$12,$0,$14,$9,$2,$-2,$0,$-1,$2,$2,$-3,$4,$2,$51,51,$-0.07,$-0.07,$136,$0,$0,$202,$0,$428,$24,$20,$584,$786,$53,$289,$31,$320,$374,$0,$4,$12,$413,$786,$1,$1,$-8,$-7,$-4,$0,$-1,$14,$-1,$-6,$-15,$0,$0,$21,$17,$39,$-2,$22,$0,$0,$0,$-0,$-0,$-4,$-5,$-9,$6,$1,$-4
27,2011-12-31,9.12,$7.98,1.14,$1.49,6.1,$-0.81,0.0,$-0.10,0.0,$0.20B,$0.06B,3.37,$0.29B,$0.41B,0.7,$0.06B,$0.06B,98.44%,$0.06B,$0.02B,26.56%,$0.06B,$0.02B,26.56%,$0.06B,$0.02B,32.81%,$0.06B,$0.01B,9.38%,$0.06B,$-0.00B,-3.13%,$-0.00B,$0.41B,-0.55%,$-0.00B,$0.39B,-0.59%,$-0.00B,$0.79B,-0.29%,$0.02B,$0.70B,2.89%,$33,$0,$33,$0,$23,$17,$15,$-6,$10,$0,$9,$9,$8,$16,$15,$42,42,$0.19,$0.19,$139,$0,$0,$199,$0,$433,$24,$21,$594,$793,$59,$289,$31,$320,$379,$0,$10,$5,$414,$793,$8,$4,$-26,$-22,$-10,$0,$0,$12,$18,$3,$4,$0,$0,$-33,$-82,$-115,$-97,$-208,$229,$-53,$176,$117,$117,$-12,$-8,$273,$69,$5,$-12
28,2011-09-30,9.1,$7.86,1.16,$1.21,7.52,$-1.55,0.0,$-0.23,0.0,$0.21B,$0.06B,3.48,$0.29B,$0.35B,0.82,$0.05B,$0.04B,80.00%,$0.05B,$0.01B,10.00%,$0.05B,$0.01B,10.00%,$0.05B,$0.01B,18.00%,$0.05B,$-0.00B,-4.00%,$0.05B,$-0.01B,-20.00%,$-0.01B,$0.35B,-2.98%,$-0.01B,$0.33B,-3.21%,$-0.01B,$0.74B,-1.62%,$0.01B,$0.64B,1.00%,$13,$0,$13,$0,$13,$15,$-2,$-5,$-8,$-3,$-5,$-5,$-7,$-1,$-2,$44,44,$-0.16,$-0.16,$153,$0,$0,$205,$0,$377,$24,$21,$535,$740,$59,$289,$38,$328,$386,$0,$4,$7,$354,$740,$-2,$2,$-18,$-15,$-3,$0,$-1,$0,$3,$-14,$-2,$0,$0,$-7,$-80,$-87,$-24,$-112,$236,$-53,$184,$49,$49,$-8,$-6,$219,$100,$4,$-8
29,2011-06-30,10.48,$8.08,1.3,$1.22,8.57,$-1.69,0.0,$-0.24,0.0,$0.22B,$0.05B,4.4,$0.29B,$0.36B,0.8,$0.05B,$0.04B,79.59%,$0.05B,$0.01B,22.45%,$0.05B,$0.01B,22.45%,$0.05B,$0.01B,28.57%,$0.05B,$0.00B,6.12%,$0.05B,$-0.01B,-20.41%,$-0.01B,$0.36B,-3.08%,$-0.01B,$0.34B,-3.36%,$-0.01B,$0.74B,-1.78%,$0.01B,$0.65B,2.40%,$9,$0,$9,$0,$12,$8,$0,$1,$1,$0,$1,$1,$-2,$1,$0,$39,39,$-0.06,$-0.06,$191,$0,$0,$220,$0,$362,$24,$19,$521,$741,$50,$289,$38,$328,$378,$0,$13,$9,$363,$741,$3,$1,$-16,$-15,$-0,$0,$-1,$0,$-1,$-13,$-0,$0,$0,$0,$-63,$-63,$-4,$-67,$236,$-53,$184,$50,$50,$-4,$-6,$224,$144,$2,$-4
30,2011-03-31,9.26,$7.80,1.19,$1.21,7.63,$-1.64,0.0,$0.02,462.98,$0.07B,$0.11B,0.61,$0.04B,$0.31B,0.13,$0.05B,$0.04B,79.59%,$0.05B,$0.01B,20.41%,$0.05B,$0.01B,20.41%,$0.05B,$0.01B,24.49%,$0.05B,$0.02B,36.73%,$0.05B,0,0.00%,$0.00B,$0.31B,0.00%,$0.00B,$0.29B,0.00%,$0.00B,$0.50B,0.00%,$0.01B,$0.35B,2.42%,$9,$0,$8,$0,$11,$5,$4,$-1,$3,$1,$2,$2,$-1,$5,$4,$40,40,$-0.02,$-0.02,$35,$0,$0,$66,$0,$315,$24,$8,$435,$501,$109,$40,$39,$79,$188,$0,$17,$8,$313,$501,$2,$1,$-6,$-6,$-1,$0,$-1,$1,$-9,$-12,$0,$0,$0,$0,$-14,$-14,$-3,$-16,$4,$18,$22,$-0,$-0,$-2,$-0,$20,$-11,$1,$-2
31,2010-12-31,8.52,$7.79,1.09,$1.27,6.69,$-1.43,0.0,$-0.04,0.0,$0.08B,$0.10B,0.81,$0.04B,$0.31B,0.13,$0.05B,$0.04B,76.47%,$0.05B,$0.00B,5.88%,$0.05B,$0.00B,5.88%,$0.05B,$0.01B,9.80%,$0.05B,$0.01B,19.61%,$0.05B,$-0.00B,-3.92%,$-0.00B,$0.31B,-0.73%,$-0.00B,$0.29B,-0.83%,$-0.00B,$0.49B,-0.44%,$0.00B,$0.35B,0.75%,$19,$9,$10,$0,$13,$16,$3,$-1,$2,$-1,$3,$3,$0,$4,$3,$39,39,$0.00,$0.02,$47,$0,$0,$80,$0,$292,$24,$9,$408,$488,$100,$40,$35,$75,$175,$0,$18,$9,$313,$488,$6,$2,$-24,$-22,$-4,$0,$1,$8,$18,$2,$-24,$0,$0,$0,$-77,$-77,$-14,$-115,$-37,$16,$-21,$-23,$109,$-5,$7,$91,$-11,$8,$-5
32,2010-09-30,9.04,$7.69,1.18,$1.75,5.16,$-3.15,0.0,$-0.39,0.0,$0.09B,$0.04B,2.16,$0.16B,$0.31B,0.52,$0.06B,$0.04B,70.69%,$0.06B,$-0.01B,-13.79%,$0.06B,$-0.01B,-13.79%,$0.06B,$-0.01B,-12.07%,$0.06B,$-0.00B,-3.45%,$0.06B,$-0.01B,-22.41%,$-0.01B,$0.31B,-5.44%,$-0.01B,$0.28B,-6.24%,$-0.01B,$0.51B,-3.09%,$-0.01B,$0.47B,-2.14%,$12,$0,$12,$0,$16,$8,$4,$-7,$-3,$0,$-4,$-4,$-7,$4,$4,$39,39,$-0.17,$-0.17,$51,$0,$0,$90,$0,$258,$35,$0,$423,$513,$42,$162,$0,$162,$204,$0,$17,$8,$310,$513,$4,$2,$-14,$-12,$-4,$0,$-0,$4,$8,$-1,$-19,$0,$0,$0,$-68,$-68,$-22,$-109,$-32,$12,$-20,$-19,$114,$-3,$4,$95,$-7,$6,$-3
33,2010-06-30,8.61,$7.04,1.22,$3.01,2.86,$-4.73,0.0,$-0.22,0.0,$0.14B,$0.03B,5.01,$0.18B,$0.29B,0.63,$0.09B,$0.05B,55.17%,$0.09B,$-0.00B,-3.45%,$0.09B,$-0.00B,-3.45%,$0.09B,$-0.00B,-2.30%,$0.09B,$0.01B,5.75%,$0.09B,$-0.01B,-6.90%,$-0.01B,$0.29B,-2.71%,$-0.01B,$0.26B,-3.01%,$-0.01B,$0.50B,-1.69%,$-0.00B,$0.47B,-0.95%,$9,$0,$9,$0,$12,$10,$-1,$17,$16,$6,$10,$10,$8,$-1,$-1,$39,43,$0.22,$0.20,$92,$0,$0,$135,$0,$203,$32,$0,$366,$501,$27,$183,$0,$183,$210,$0,$24,$5,$291,$501,$7,$1,$-20,$-19,$-3,$0,$-0,$6,$4,$-9,$-4,$0,$0,$0,$-36,$-36,$-24,$-64,$0,$6,$6,$-3,$97,$-1,$2,$104,$34,$4,$-1
34,2010-03-31,8.65,$4.27,2.03,$3.06,2.83,$-5.89,0.0,$-0.42,0.0,$0.06B,$0.03B,2.13,$0.13B,$0.18B,0.72,$0.09B,$0.05B,54.12%,$0.09B,$-0.00B,-4.71%,$0.09B,$-0.00B,-4.71%,$0.09B,$-0.00B,-3.53%,$0.09B,$-0.02B,-18.82%,$0.09B,$-0.02B,-20.00%,$-0.02B,$0.18B,-8.17%,$-0.02B,$0.15B,-8.74%,$-0.02B,$0.33B,-5.83%,$-0.00B,$0.30B,-1.56%,$11,$3,$8,$0,$12,$14,$-3,$-2,$-5,$-2,$-3,$-3,$-3,$-2,$-3,$39,39,$-0.08,$-0.08,$44,$0,$0,$64,$0,$198,$31,$0,$270,$333,$30,$127,$0,$127,$157,$0,$16,$2,$176,$333,$-3,$0,$-3,$-2,$0,$0,$-0,$0,$1,$-3,$-0,$0,$0,$0,$-8,$-8,$1,$-8,$-3,$3,$-1,$0,$0,$0,$-2,$-3,$-14,$2,$0
35,2009-12-31,7.63,$4.36,1.75,$3.28,2.33,$-6.01,0.0,$-0.34,0.0,$0.08B,$0.07B,1.18,$0.07B,$0.18B,0.38,$0.09B,$0.05B,52.33%,$0.09B,$-0.00B,-1.16%,$0.09B,$-0.00B,-1.16%,$0.09B,$-0.00B,-1.16%,$0.09B,$-0.01B,-15.12%,$0.09B,$-0.02B,-17.44%,$-0.02B,$0.18B,-6.70%,$-0.02B,$0.16B,-6.89%,$-0.02B,$0.34B,-5.54%,$-0.00B,$0.25B,-0.42%,$26,$14,$12,$0,$12,$34,$-8,$-2,$-10,$-2,$-8,$-8,$-11,$-8,$-8,$27,27,$-0.39,$-0.39,$58,$0,$0,$77,$0,$185,$24,$7,$259,$336,$65,$67,$24,$91,$157,$0,$19,$3,$179,$336,$-10,$4,$-16,$-12,$1,$0,$1,$-2,$-4,$-25,$-36,$0,$89,$0,$22,$22,$-7,$69,$-6,$1,$-4,$-4,$-4,$-3,$-5,$-16,$32,$2,$-3
36,2009-09-30,8.44,$7.62,1.11,$2.32,3.64,$-6.05,0.0,0,0.0,$0.25B,$0.01B,22.57,$0.00B,$0.24B,0.0,$0.06B,$0.03B,55.00%,$0.06B,$-0.01B,-23.33%,$0.06B,$0.02B,30.00%,$0.06B,$-0.01B,-23.33%,$0.06B,$-0.00B,-6.67%,$0.06B,$-0.01B,-8.33%,$-0.01B,$0.24B,-2.43%,$-0.01B,$0.24B,-2.51%,$-0.01B,$0.25B,-1.99%,$-0.01B,$0.24B,-6.30%,$41,$22,$19,$0,$9,$32,$9,$-6,$4,$0,$3,$3,$0,$9,$9,$26,26,$0.00,$0.00,$248,$0,$0,$248,$0,$0,$0,$0,$1,$249,$11,$0,$0,$0,$11,$0,$1,$0,$238,$249,$0,$0,$0,$0,$0,$0,$0,$0,$0,$-13,$-42,$0,$0,$0,$30,$30,$-3,$-15,$-5,$12,$7,$-4,$-4,$-2,$5,$6,$-16,$0,$-2
37,2009-06-30,8.25,$7.65,1.08,$0.76,10.9,$-4.05,0.0,$0.01,824.5,$0.25B,$0.01B,24.45,$0.00B,$0.24B,0.0,$0.02B,$0.01B,73.68%,$0.02B,$-0.02B,-126.32%,$0.02B,$0.01B,42.11%,$0.02B,$-0.02B,-126.32%,$0.02B,$-0.01B,-42.11%,$0.02B,$-0.01B,-26.32%,$-0.01B,$0.24B,-2.43%,$-0.01B,$0.24B,-2.50%,$-0.01B,$0.25B,-1.99%,$-0.02B,$0.24B,-10.79%,$7,$0,$7,$0,$8,$9,$-2,$-3,$-5,$-2,$-3,$-3,$-3,$-2,$-2,$26,26,$-0.12,$-0.12,$249,$0,$0,$249,$0,$0,$0,$0,$0,$249,$10,$0,$0,$0,$10,$0,$2,$0,$239,$249,$0,$0,$0,$0,$0,$0,$0,$0,$0,$-3,$-35,$0,$0,$0,$-1,$-1,$-3,$-39,$26,$5,$31,$-2,$-2,$-2,$5,$32,$-10,$0,$-2
38,2009-03-31,8.07,$7.65,1.05,$0.50,16.28,$-2.66,0.0,$0.02,403.3,$0.25B,$0.01B,24.18,$0.00B,$0.24B,0.0,$0.01B,$0.01B,58.33%,$0.01B,$-0.02B,-183.33%,$0.01B,$0.01B,83.33%,$0.01B,$-0.02B,-183.33%,$0.01B,$-0.00B,-16.67%,$0.01B,$-0.00B,-16.67%,$-0.00B,$0.24B,-0.97%,$-0.00B,$0.24B,-1.00%,$-0.00B,$0.25B,-0.80%,$-0.02B,$0.24B,-9.89%,$12,$6,$7,$0,$6,$12,$0,$-2,$-2,$-1,$-1,$-1,$-1,$0,$0,$25,25,$-0.06,$-0.06,$249,$0,$0,$249,$0,$0,$0,$0,$0,$249,$10,$0,$0,$0,$10,$0,$2,$0,$239,$249,$0,$0,$0,$0,$0,$0,$0,$0,$0,$-5,$-0,$0,$0,$0,$-1,$-1,$-0,$-1,$-2,$-1,$-4,$-2,$-2,$-1,$0,$-6,$-13,$0,$-1
39,2008-12-31,7.8,$4.01,1.95,0,0.0,$-2.48,0.0,$0.05,156.03,$0.04B,$0.05B,0.7,$0.07B,$0.11B,0.64,$0.00B,0,nan%,$0.00B,$-0.02B,inf%,$0.00B,$0.01B,inf%,$0.00B,$-0.02B,inf%,$0.00B,$0.00B,inf%,$0.00B,0,nan%,$0.00B,$0.11B,0.00%,$0.00B,$0.08B,0.00%,$0.00B,$0.26B,0.00%,$-0.02B,$0.17B,-9.89%,$0,$0,$0,$0,$0,$21,$-21,$-12,$-1,$-0,$-1,$-1,$-1,$-21,$11,$23,24,$-0.02,$-0.02,$26,$0,$0,$38,$0,$142,$24,$4,$219,$257,$54,$67,$30,$97,$151,$0,$45,$0,$106,$257,$1,$3,$-7,$-4,$-0,$0,$-0,$-1,$-11,$-15,$-41,$0,$0,$0,$-55,$-55,$-0,$-97,$49,$20,$69,$46,$46,$-2,$-1,$113,$2,$0,$-2
40,2008-09-30,7.76,$7.66,1.01,0,0.0,$-0.17,0.0,$0.05,155.18,$0.25B,$0.01B,24.73,$0.00B,$0.24B,0.0,$0.00B,0,nan%,$0.00B,$-0.00B,inf%,$0.00B,$-0.00B,inf%,$0.00B,$-0.00B,inf%,$0.00B,$0.00B,inf%,$0.00B,$0.00B,inf%,$0.00B,$0.24B,0.56%,$0.00B,$0.24B,0.56%,$0.00B,$0.25B,0.54%,$-0.00B,$0.24B,-0.56%,$0,$0,$0,$0,$0,$1,$-1,$1,$0,$0,$0,$0,$0,$-1,$-1,$31,31,$0.01,$0.01,$249,$0,$0,$249,$0,$0,$0,$0,$0,$249,$10,$0,$0,$0,$10,$0,$2,$0,$239,$249,$2,$0,$-3,$-3,$0,$0,$0,$-1,$-1,$-3,$0,$0,$0,$0,$0,$0,$3,$3,$0,$0,$0,$0,$0,$0,$-0,$-0,$-0,$0,$0
