,Date,Stock Price,Book Value per Share,Price to Book Ratio,TTM Sales per Share,Price to Sales Ratio,TTM FCF per Share,Price to FCF Ratio,TTM Net EPS,PE Ratio,Current Assets,Current Liabilities,Current Ratio,Long Term Debt,Shareholder's Equity_x,Debt to Equity Ratio,TTM Revenue_x,TTM Gross Profit,Gross Margin,TTM Revenue_y,TTM Operating Income,Operating Margin,TTM Revenue_x,TTM EBIT,EBIT Margin,TTM Revenue_y,TTM EBITDA,EBITDA Margin,TTM Revenue_x,TTM Pre-Tax Income,Pre-Tax Margin,TTM Revenue_y,TTM Net Income_x,Net Margin,TTM Net Income_y,Shareholder's Equity_y,Return on Equity,TTM Net Income_x,Tangible Equity,Return on Tangible Equity,TTM Net Income_y,Total Assets,Return on Assets,TTM Net Income,LT Investments & Debt,Return on Investment,revenue,cost-goods-sold,gross-profit,research-development-expenses,selling-general-administrative-expenses,operating-expenses,operating-income,total-non-operating-income-expense,pre-tax-income,total-provision-income-taxes,income-after-taxes,income-from-continuous-operations,net-income,ebitda,ebit,basic-shares-outstanding,shares-outstanding,eps-basic-net-earnings-per-share,eps-earnings-per-share-diluted,cash-on-hand,inventory,other-current-assets,total-current-assets,net-property-plant-equipment,long-term-investments,goodwill-intangible-assets-total,other-long-term-assets,total-long-term-assets,total-assets,total-current-liabilities,long-term-debt,other-non-current-liabilities,total-long-term-liabilities,total-liabilities,common-stock-net,retained-earnings-accumulated-deficit,comprehensive-income,total-share-holder-equity,total-liabilities-share-holders-equity,net-income-loss,total-depreciation-amortization-cash-flow,other-non-cash-items,total-non-cash-items,change-in-accounts-receivable,change-in-inventories,change-in-accounts-payable,change-in-assets-liabilities,total-change-in-assets-liabilities,cash-flow-from-operating-activities,net-change-in-property-plant-equipment,net-change-in-intangible-assets,net-acquisitions-divestitures,net-change-in-short-term-investments,net-change-in-long-term-investments,net-change-in-investments-total,investing-activities-other,cash-flow-from-investing-activities,net-long-term-debt,net-current-debt,debt-issuance-retirement-net-total,net-common-equity-issued-repurchased,net-total-equity-issued-repurchased,total-common-preferred-stock-dividends-paid,financial-activities-other,cash-flow-from-financial-activities,net-cash-flow,stock-based-compensation,common-stock-dividends-paid
0,2018-09-30,202.21,$32.45,6.23,$65.27,3.1,$8.47,23.88,$3.13,64.6,$0.43B,$0.16B,2.72,$0.05B,$0.43B,0.11,$0.87B,$0.31B,35.87%,$0.87B,$0.09B,9.80%,$0.87B,$0.09B,9.80%,$0.87B,$0.11B,12.11%,$0.87B,$0.08B,9.34%,$0.87B,$0.04B,4.84%,$0.04B,$0.43B,9.95%,$0.04B,$0.28B,15.70%,$0.04B,$0.73B,5.76%,$0.09B,$0.48B,17.68%,$222,$141,$81,$0,$53,$197,$25,$-2,$23,$4,$19,$20,$20,$30,$25,$13,13,$1.48,$1.47,$100,$97,$0,$428,$82,$22,$150,$32,$301,$729,$157,$47,$83,$139,$297,$13,$402,$-80,$433,$729,$52,$15,$2,$17,$-14,$-13,$0,$2,$-18,$51,$-8,$0,$-1,$0,$0,$0,$0,$-8,$-12,$0,$-12,$-0,$-0,$-14,$-1,$-27,$9,$3,$-14
1,2018-06-30,154.51,$31.71,4.87,$64.67,2.39,$7.73,20.0,$2.49,62.05,$0.42B,$0.15B,2.78,$0.06B,$0.42B,0.14,$0.86B,$0.31B,35.55%,$0.86B,$0.07B,8.62%,$0.86B,$0.07B,8.62%,$0.86B,$0.09B,10.96%,$0.86B,$0.07B,8.39%,$0.86B,$0.03B,3.85%,$0.03B,$0.42B,7.73%,$0.03B,$0.27B,12.22%,$0.03B,$0.72B,4.47%,$0.07B,$0.48B,15.05%,$222,$141,$81,$0,$54,$199,$23,$-1,$22,$4,$18,$19,$19,$28,$23,$13,13,$1.44,$1.44,$90,$96,$0,$422,$83,$22,$152,$32,$302,$724,$152,$58,$83,$149,$301,$13,$387,$-74,$423,$724,$32,$10,$1,$11,$-11,$-11,$0,$-2,$-23,$20,$-5,$0,$-1,$0,$0,$0,$0,$-5,$-0,$0,$-0,$-0,$-0,$-9,$-1,$-11,$-0,$2,$-9
2,2018-03-31,147.44,$31.73,4.65,$63.17,2.33,$7.80,18.91,$1.94,76.0,$0.43B,$0.16B,2.73,$0.07B,$0.42B,0.17,$0.84B,$0.30B,35.36%,$0.84B,$0.07B,8.24%,$0.84B,$0.07B,8.24%,$0.84B,$0.09B,10.63%,$0.84B,$0.07B,7.89%,$0.84B,$0.03B,3.11%,$0.03B,$0.42B,6.03%,$0.03B,$0.27B,9.55%,$0.03B,$0.74B,3.51%,$0.07B,$0.49B,13.81%,$212,$137,$75,$0,$50,$192,$20,$-2,$19,$6,$13,$13,$13,$25,$20,$13,13,$0.96,$0.95,$93,$96,$0,$429,$88,$25,$158,$32,$315,$744,$157,$70,$86,$164,$322,$13,$373,$-59,$423,$744,$13,$5,$1,$6,$-6,$-8,$0,$-1,$-17,$3,$-3,$0,$-1,$0,$0,$0,$0,$-4,$8,$0,$8,$-1,$-1,$-5,$-1,$2,$3,$1,$-5
3,2017-12-31,149.74,$30.72,4.87,$61.94,2.42,$8.29,18.07,$1.51,99.16,$0.41B,$0.16B,2.61,$0.06B,$0.41B,0.15,$0.82B,$0.29B,35.61%,$0.82B,$0.06B,7.68%,$0.82B,$0.06B,7.68%,$0.82B,$0.08B,10.12%,$0.82B,$0.06B,7.44%,$0.82B,$0.02B,2.44%,$0.02B,$0.41B,4.64%,$0.02B,$0.25B,7.33%,$0.02B,$0.72B,2.73%,$0.06B,$0.47B,12.63%,$211,$137,$74,$0,$50,$194,$17,$-0,$17,$27,$-11,$-9,$-10,$22,$17,$13,13,$-0.74,$-0.72,$90,$87,$0,$407,$87,$26,$158,$30,$316,$722,$156,$61,$87,$158,$313,$13,$365,$-65,$409,$722,$22,$20,$25,$45,$-2,$-6,$0,$-4,$-3,$65,$-9,$0,$-5,$0,$0,$0,$1,$-14,$-3,$0,$-3,$-2,$-2,$-19,$-32,$-55,$1,$4,$-19
4,2017-09-30,146.57,$33.99,4.31,$60.54,2.42,$8.96,16.36,$3.55,41.29,$0.44B,$0.16B,2.83,$0.07B,$0.45B,0.16,$0.80B,$0.29B,36.00%,$0.80B,$0.07B,8.38%,$0.80B,$0.07B,8.38%,$0.80B,$0.09B,10.88%,$0.80B,$0.07B,8.13%,$0.80B,$0.05B,5.88%,$0.05B,$0.45B,10.89%,$0.05B,$0.29B,17.09%,$0.05B,$0.77B,6.49%,$0.07B,$0.52B,13.38%,$213,$138,$75,$0,$51,$199,$14,$0,$14,$3,$11,$12,$11,$19,$14,$13,13,$0.84,$0.83,$109,$90,$0,$442,$86,$25,$159,$30,$323,$765,$156,$72,$71,$156,$312,$13,$380,$-67,$452,$765,$32,$15,$11,$25,$-13,$-9,$0,$-6,$-16,$41,$-8,$0,$-5,$0,$0,$0,$0,$-13,$4,$0,$4,$-3,$-3,$-14,$0,$-13,$20,$3,$-14
5,2017-06-30,143.53,$33.03,4.35,$58.92,2.44,$10.02,14.32,$3.93,36.52,$0.41B,$0.13B,3.05,$0.07B,$0.44B,0.17,$0.78B,$0.28B,36.55%,$0.78B,$0.08B,9.65%,$0.78B,$0.08B,9.65%,$0.78B,$0.10B,12.23%,$0.78B,$0.07B,9.40%,$0.78B,$0.05B,6.69%,$0.05B,$0.44B,12.31%,$0.05B,$0.28B,19.40%,$0.05B,$0.73B,7.36%,$0.08B,$0.51B,15.24%,$201,$129,$72,$0,$50,$183,$18,$-2,$16,$4,$12,$12,$12,$23,$18,$13,13,$0.90,$0.89,$99,$88,$0,$410,$87,$25,$159,$29,$321,$730,$134,$74,$70,$156,$291,$13,$374,$-73,$440,$730,$20,$10,$4,$14,$1,$-8,$0,$-5,$-13,$21,$-5,$0,$-5,$0,$0,$0,$0,$-11,$6,$0,$6,$-1,$-1,$-9,$0,$-4,$10,$2,$-9
6,2017-03-31,129.8,$31.75,4.09,$57.95,2.24,$11.25,11.53,$4.17,31.13,$0.40B,$0.14B,2.84,$0.07B,$0.42B,0.16,$0.76B,$0.28B,37.09%,$0.76B,$0.08B,10.48%,$0.76B,$0.08B,10.48%,$0.76B,$0.10B,13.11%,$0.76B,$0.08B,10.35%,$0.76B,$0.06B,7.21%,$0.06B,$0.42B,13.34%,$0.06B,$0.27B,21.13%,$0.06B,$0.71B,7.89%,$0.08B,$0.49B,16.50%,$195,$124,$71,$0,$48,$181,$14,$-0,$14,$7,$7,$8,$7,$19,$14,$13,13,$0.53,$0.52,$91,$87,$0,$395,$85,$24,$154,$29,$314,$709,$139,$66,$70,$148,$287,$13,$367,$-82,$422,$709,$8,$5,$6,$10,$-4,$-9,$0,$1,$-10,$8,$-3,$0,$0,$0,$0,$0,$0,$-3,$-0,$0,$-0,$-1,$-1,$-5,$0,$-6,$2,$1,$-5
7,2016-12-31,125.8,$31.07,4.05,$56.77,2.22,$11.48,10.96,$4.63,27.17,$0.38B,$0.13B,2.96,$0.07B,$0.41B,0.16,$0.75B,$0.28B,37.53%,$0.75B,$0.09B,11.53%,$0.75B,$0.09B,11.53%,$0.75B,$0.11B,14.21%,$0.75B,$0.09B,11.39%,$0.75B,$0.06B,8.18%,$0.06B,$0.41B,15.07%,$0.06B,$0.26B,24.11%,$0.06B,$0.69B,8.79%,$0.09B,$0.48B,17.73%,$191,$121,$70,$0,$49,$170,$21,$-0,$21,$4,$17,$18,$17,$26,$21,$13,13,$1.32,$1.31,$89,$77,$0,$376,$86,$23,$154,$29,$316,$692,$127,$66,$36,$152,$279,$13,$364,$-87,$413,$692,$63,$20,$2,$21,$-12,$-2,$0,$-6,$-11,$74,$-10,$0,$-15,$0,$0,$0,$1,$-24,$-15,$0,$-15,$-7,$-7,$-18,$1,$-38,$8,$6,$-18
8,2016-09-30,103.82,$31.21,3.33,$56.11,1.85,$11.35,9.15,$4.18,24.84,$0.39B,$0.13B,3.16,$0.08B,$0.41B,0.18,$0.74B,$0.28B,37.80%,$0.74B,$0.08B,11.11%,$0.74B,$0.08B,11.11%,$0.74B,$0.10B,13.82%,$0.74B,$0.08B,10.43%,$0.74B,$0.06B,7.45%,$0.06B,$0.41B,13.86%,$0.06B,$0.27B,22.40%,$0.06B,$0.70B,7.96%,$0.08B,$0.49B,17.04%,$190,$120,$71,$0,$48,$169,$22,$-0,$22,$6,$16,$16,$16,$27,$22,$13,13,$1.21,$1.21,$99,$80,$0,$394,$84,$23,$149,$29,$303,$697,$125,$76,$72,$159,$284,$13,$352,$-72,$414,$697,$45,$15,$4,$19,$-6,$-4,$0,$-5,$-11,$53,$-6,$0,$-3,$0,$0,$0,$1,$-9,$-7,$0,$-7,$-6,$-6,$-13,$0,$-26,$18,$5,$-13
9,2016-06-30,87.1,$30.21,2.88,$55.96,1.56,$11.19,7.79,$4.05,21.51,$0.38B,$0.12B,3.21,$0.08B,$0.40B,0.21,$0.74B,$0.28B,37.86%,$0.74B,$0.08B,10.72%,$0.74B,$0.08B,10.72%,$0.74B,$0.10B,13.43%,$0.74B,$0.07B,10.04%,$0.74B,$0.05B,7.19%,$0.05B,$0.40B,13.69%,$0.05B,$0.25B,22.58%,$0.05B,$0.69B,7.65%,$0.08B,$0.48B,16.46%,$187,$116,$71,$0,$49,$164,$23,$-1,$22,$7,$15,$15,$15,$28,$23,$13,13,$1.13,$1.13,$96,$78,$0,$383,$85,$22,$151,$32,$310,$692,$119,$84,$77,$173,$292,$13,$340,$-72,$400,$692,$29,$10,$3,$13,$4,$-2,$0,$-5,$-6,$36,$-4,$0,$-3,$0,$0,$0,$1,$-7,$1,$0,$1,$-6,$-6,$-8,$0,$-13,$15,$3,$-8
10,2016-03-31,82.56,$29.58,2.79,$55.62,1.48,$10.52,7.85,$4.05,20.38,$0.38B,$0.12B,3.31,$0.10B,$0.39B,0.25,$0.73B,$0.28B,38.01%,$0.73B,$0.08B,10.49%,$0.73B,$0.08B,10.49%,$0.73B,$0.10B,13.22%,$0.73B,$0.07B,9.95%,$0.73B,$0.05B,7.22%,$0.05B,$0.39B,13.87%,$0.05B,$0.24B,22.89%,$0.05B,$0.70B,7.77%,$0.08B,$0.49B,16.42%,$178,$110,$68,$0,$48,$158,$20,$-0,$20,$6,$13,$13,$13,$25,$20,$13,13,$0.98,$0.98,$94,$78,$0,$381,$87,$21,$152,$32,$313,$695,$115,$98,$79,$188,$303,$13,$330,$-68,$392,$695,$13,$5,$-0,$5,$3,$-2,$0,$1,$-7,$11,$-2,$0,$-1,$0,$0,$0,$0,$-3,$15,$0,$15,$-6,$-6,$-4,$0,$4,$13,$2,$-4
11,2015-12-31,74.82,$28.69,2.61,$55.78,1.34,$10.29,7.27,$3.85,19.43,$0.36B,$0.13B,2.88,$0.08B,$0.38B,0.21,$0.74B,$0.28B,37.58%,$0.74B,$0.08B,10.18%,$0.74B,$0.08B,10.18%,$0.74B,$0.10B,12.89%,$0.74B,$0.07B,9.50%,$0.74B,$0.05B,6.78%,$0.05B,$0.38B,13.32%,$0.05B,$0.23B,21.98%,$0.05B,$0.68B,7.48%,$0.08B,$0.46B,16.44%,$183,$114,$69,$0,$46,$167,$17,$-3,$13,$2,$11,$12,$11,$22,$17,$13,13,$0.85,$0.85,$81,$75,$0,$358,$88,$20,$152,$32,$323,$681,$125,$81,$43,$175,$299,$13,$327,$-73,$381,$681,$53,$19,$12,$31,$-0,$1,$0,$-1,$-10,$73,$-11,$0,$-24,$0,$0,$0,$1,$-34,$6,$0,$6,$-6,$-6,$-17,$0,$-17,$16,$6,$-17
12,2015-09-30,74.36,$28.27,2.63,$56.67,1.31,$8.74,8.51,$3.94,18.87,$0.39B,$0.12B,3.18,$0.11B,$0.38B,0.29,$0.75B,$0.28B,37.17%,$0.75B,$0.07B,9.89%,$0.75B,$0.07B,9.89%,$0.75B,$0.09B,12.57%,$0.75B,$0.07B,9.89%,$0.75B,$0.05B,6.95%,$0.05B,$0.38B,14.01%,$0.05B,$0.22B,23.16%,$0.05B,$0.70B,7.83%,$0.07B,$0.48B,16.43%,$189,$118,$71,$0,$53,$170,$19,$-0,$19,$5,$14,$15,$14,$24,$19,$13,13,$1.08,$1.08,$96,$79,$0,$390,$86,$20,$154,$32,$314,$704,$123,$108,$86,$205,$328,$13,$322,$-72,$376,$704,$41,$14,$7,$21,$-4,$-1,$0,$-4,$-11,$51,$-6,$0,$-24,$0,$0,$0,$1,$-29,$30,$0,$30,$-4,$-4,$-12,$0,$14,$31,$5,$-12
13,2015-06-30,85.38,$28.38,3.01,$57.48,1.49,$7.63,11.2,$4.04,21.13,$0.35B,$0.11B,3.08,$0.06B,$0.38B,0.16,$0.76B,$0.28B,36.54%,$0.76B,$0.08B,10.03%,$0.76B,$0.08B,10.03%,$0.76B,$0.10B,12.53%,$0.76B,$0.08B,10.03%,$0.76B,$0.05B,7.12%,$0.05B,$0.38B,14.63%,$0.05B,$0.24B,23.63%,$0.05B,$0.65B,8.31%,$0.08B,$0.44B,17.40%,$184,$113,$71,$0,$49,$162,$21,$-0,$21,$6,$15,$15,$15,$26,$21,$13,13,$1.13,$1.13,$66,$77,$0,$351,$81,$20,$142,$33,$297,$648,$114,$62,$86,$156,$270,$13,$315,$-61,$379,$648,$26,$9,$7,$16,$-2,$-2,$0,$-4,$-15,$27,$-4,$0,$1,$0,$0,$0,$0,$-3,$-13,$0,$-13,$-1,$-1,$-8,$0,$-21,$1,$3,$-8
14,2015-03-31,82.02,$27.39,2.99,$58.16,1.41,$6.10,13.44,$4.07,20.15,$0.34B,$0.11B,3.13,$0.07B,$0.37B,0.2,$0.77B,$0.27B,35.82%,$0.77B,$0.08B,9.93%,$0.77B,$0.08B,9.93%,$0.77B,$0.09B,12.29%,$0.77B,$0.08B,9.93%,$0.77B,$0.05B,7.06%,$0.05B,$0.37B,14.77%,$0.05B,$0.22B,22.64%,$0.05B,$0.64B,8.48%,$0.08B,$0.44B,17.92%,$181,$115,$66,$0,$48,$163,$18,$-0,$17,$5,$12,$11,$10,$23,$18,$13,13,$0.78,$0.78,$64,$77,$0,$340,$82,$21,$142,$34,$300,$640,$109,$73,$86,$166,$275,$13,$306,$-63,$365,$640,$11,$5,$4,$9,$3,$-3,$0,$-3,$-11,$8,$-2,$0,$1,$0,$0,$0,$0,$-2,$-1,$0,$-1,$-0,$-0,$-4,$0,$-5,$-0,$2,$-4
15,2014-12-31,87.83,$27.45,3.2,$58.29,1.51,$5.30,16.58,$4.25,20.67,$0.35B,$0.13B,2.81,$0.08B,$0.37B,0.21,$0.77B,$0.27B,35.64%,$0.77B,$0.08B,10.05%,$0.77B,$0.08B,10.05%,$0.77B,$0.09B,12.27%,$0.77B,$0.08B,10.18%,$0.77B,$0.06B,7.44%,$0.06B,$0.37B,15.67%,$0.06B,$0.22B,22.80%,$0.06B,$0.67B,9.13%,$0.08B,$0.44B,18.86%,$194,$124,$70,$0,$53,$178,$16,$0,$17,$5,$12,$13,$13,$21,$16,$13,13,$0.96,$0.96,$65,$78,$0,$352,$86,$22,$148,$34,$314,$666,$125,$75,$45,$175,$300,$13,$300,$-54,$365,$666,$58,$17,$4,$21,$-25,$-5,$0,$2,$-25,$55,$-13,$0,$-74,$0,$0,$0,$2,$-84,$57,$0,$57,$1,$1,$-15,$-13,$30,$-4,$5,$-15
16,2014-09-30,68.12,$27.66,2.46,$57.63,1.18,$6.93,9.83,$4.37,15.59,$0.35B,$0.13B,2.7,$0.06B,$0.37B,0.17,$0.76B,$0.27B,35.45%,$0.76B,$0.08B,10.05%,$0.76B,$0.08B,10.05%,$0.76B,$0.09B,12.17%,$0.76B,$0.08B,10.19%,$0.76B,$0.06B,7.67%,$0.06B,$0.37B,16.17%,$0.06B,$0.24B,22.35%,$0.06B,$0.64B,9.61%,$0.08B,$0.43B,19.55%,$199,$129,$70,$0,$50,$178,$21,$1,$21,$6,$16,$16,$16,$25,$21,$13,13,$1.18,$1.18,$64,$81,$0,$354,$84,$21,$129,$34,$291,$644,$131,$62,$78,$146,$277,$13,$291,$-41,$367,$644,$45,$12,$2,$14,$-23,$-9,$0,$1,$-21,$38,$-8,$0,$-52,$0,$0,$0,$1,$-59,$44,$0,$44,$-0,$-0,$-11,$-14,$20,$-4,$4,$-11
17,2014-06-30,72.67,$27.54,2.64,$56.58,1.28,$8.07,9.01,$4.14,17.55,$0.35B,$0.12B,2.87,$0.03B,$0.37B,0.07,$0.74B,$0.26B,35.63%,$0.74B,$0.07B,9.99%,$0.74B,$0.07B,9.99%,$0.74B,$0.09B,12.15%,$0.74B,$0.07B,9.99%,$0.74B,$0.05B,7.29%,$0.05B,$0.37B,15.51%,$0.05B,$0.28B,20.89%,$0.05B,$0.60B,9.23%,$0.07B,$0.39B,20.15%,$191,$123,$68,$0,$47,$170,$21,$0,$21,$7,$15,$16,$15,$25,$21,$13,13,$1.17,$1.16,$60,$79,$0,$346,$83,$21,$89,$35,$251,$597,$121,$25,$80,$111,$232,$13,$279,$-32,$365,$597,$29,$8,$2,$10,$-21,$-8,$0,$1,$-31,$8,$-5,$0,$0,$0,$0,$0,$1,$-4,$7,$0,$7,$-0,$-0,$-7,$-13,$-12,$-8,$3,$-7
18,2014-03-31,74.37,$27.07,2.75,$56.17,1.32,$9.56,7.78,$4.20,17.71,$0.34B,$0.13B,2.66,$0.02B,$0.36B,0.05,$0.74B,$0.26B,35.78%,$0.74B,$0.07B,9.93%,$0.74B,$0.07B,9.93%,$0.74B,$0.09B,12.11%,$0.74B,$0.08B,10.20%,$0.74B,$0.06B,7.48%,$0.06B,$0.36B,16.42%,$0.06B,$0.27B,22.47%,$0.06B,$0.59B,9.59%,$0.07B,$0.38B,20.64%,$182,$117,$65,$0,$46,$162,$19,$-1,$19,$7,$12,$13,$13,$23,$19,$13,13,$0.96,$0.96,$60,$78,$0,$340,$84,$20,$89,$36,$250,$590,$128,$17,$80,$104,$232,$13,$268,$-33,$358,$590,$13,$4,$1,$5,$-13,$-6,$0,$-0,$-20,$-2,$-3,$0,$0,$0,$0,$0,$0,$-3,$-0,$0,$-0,$-0,$-0,$-3,$0,$-3,$-8,$1,$-3
19,2013-12-31,72.46,$26.12,2.77,$55.84,1.3,$10.59,6.85,$4.28,16.93,$0.33B,$0.13B,2.51,$0.02B,$0.35B,0.05,$0.73B,$0.26B,35.80%,$0.73B,$0.07B,9.74%,$0.73B,$0.07B,9.74%,$0.73B,$0.09B,11.93%,$0.73B,$0.07B,10.01%,$0.73B,$0.06B,7.68%,$0.06B,$0.35B,17.45%,$0.06B,$0.26B,24.35%,$0.06B,$0.58B,9.98%,$0.07B,$0.36B,20.73%,$184,$119,$65,$0,$50,$169,$15,$1,$16,$4,$13,$15,$14,$19,$15,$13,13,$1.07,$1.06,$68,$72,$0,$329,$85,$19,$89,$36,$255,$584,$131,$17,$48,$109,$239,$13,$258,$-35,$345,$584,$59,$16,$-2,$14,$-12,$0,$0,$-1,$1,$74,$-11,$0,$-2,$0,$0,$0,$1,$-12,$-13,$0,$-13,$-0,$-0,$-13,$-0,$-26,$36,$4,$-13
20,2013-09-30,68.46,$24.63,2.78,$55.11,1.24,$9.65,7.09,$4.20,16.3,$0.31B,$0.13B,2.47,$0.02B,$0.33B,0.06,$0.72B,$0.26B,35.52%,$0.72B,$0.07B,9.75%,$0.72B,$0.07B,9.75%,$0.72B,$0.09B,11.98%,$0.72B,$0.07B,10.17%,$0.72B,$0.06B,7.66%,$0.06B,$0.33B,17.90%,$0.06B,$0.23B,25.49%,$0.06B,$0.57B,10.01%,$0.07B,$0.34B,21.08%,$184,$118,$66,$0,$47,$165,$19,$-1,$18,$6,$12,$13,$12,$23,$19,$13,13,$0.95,$0.95,$54,$77,$0,$314,$84,$18,$91,$36,$256,$570,$127,$18,$94,$118,$245,$13,$248,$-43,$325,$570,$44,$12,$-1,$11,$-13,$-5,$0,$1,$-4,$52,$-7,$0,$-2,$0,$0,$0,$1,$-9,$-12,$0,$-12,$-1,$-1,$-10,$1,$-22,$21,$3,$-10
21,2013-06-30,57.89,$23.72,2.44,$54.99,1.05,$8.80,6.58,$4.05,14.29,$0.29B,$0.12B,2.52,$0.02B,$0.31B,0.07,$0.72B,$0.25B,34.69%,$0.72B,$0.07B,9.37%,$0.72B,$0.07B,9.37%,$0.72B,$0.08B,11.61%,$0.72B,$0.07B,9.79%,$0.72B,$0.05B,7.55%,$0.05B,$0.31B,18.17%,$0.05B,$0.22B,26.31%,$0.05B,$0.55B,10.01%,$0.07B,$0.34B,20.49%,$185,$118,$67,$0,$48,$165,$20,$2,$22,$7,$15,$17,$16,$24,$20,$13,13,$1.22,$1.22,$39,$74,$0,$292,$85,$17,$91,$36,$257,$549,$116,$23,$92,$121,$237,$13,$239,$-45,$312,$549,$31,$8,$-2,$5,$-10,$-2,$0,$-0,$-9,$27,$-5,$0,$-2,$0,$0,$0,$1,$-7,$-8,$0,$-8,$0,$0,$-6,$0,$-13,$6,$2,$-6
22,2013-03-31,54.87,$22.98,2.39,$54.51,1.01,$8.30,6.61,$3.64,15.07,$0.28B,$0.11B,2.51,$0.03B,$0.30B,0.09,$0.71B,$0.24B,34.23%,$0.71B,$0.06B,9.05%,$0.71B,$0.06B,9.05%,$0.71B,$0.08B,11.32%,$0.71B,$0.06B,9.05%,$0.71B,$0.05B,6.93%,$0.05B,$0.30B,17.04%,$0.05B,$0.21B,24.94%,$0.05B,$0.54B,9.21%,$0.06B,$0.33B,19.83%,$176,$114,$63,$0,$45,$159,$17,$-0,$17,$4,$13,$14,$14,$21,$17,$13,13,$1.04,$1.04,$35,$74,$0,$284,$85,$16,$92,$35,$256,$541,$113,$28,$92,$126,$239,$13,$226,$-42,$302,$541,$14,$4,$-1,$3,$-4,$-2,$0,$-0,$-5,$11,$-3,$0,$-1,$0,$0,$0,$0,$-3,$-2,$1,$-2,$-0,$-0,$-3,$0,$-5,$3,$1,$-3
23,2012-12-31,49.86,$22.12,2.25,$54.81,0.91,$7.92,6.3,$3.51,14.21,$0.28B,$0.11B,2.58,$0.03B,$0.29B,0.1,$0.71B,$0.24B,33.71%,$0.71B,$0.06B,9.03%,$0.71B,$0.06B,9.03%,$0.71B,$0.08B,11.28%,$0.71B,$0.06B,8.89%,$0.71B,$0.05B,6.63%,$0.05B,$0.29B,16.80%,$0.05B,$0.20B,24.87%,$0.05B,$0.54B,8.91%,$0.06B,$0.32B,20.00%,$173,$114,$59,$0,$45,$159,$14,$2,$16,$3,$13,$14,$13,$18,$14,$13,13,$0.98,$1.00,$33,$72,$0,$278,$85,$17,$92,$34,$259,$537,$108,$30,$53,$139,$247,$13,$215,$-42,$290,$537,$50,$15,$-3,$13,$1,$3,$0,$1,$-0,$63,$-13,$0,$-6,$0,$0,$0,$2,$-17,$-18,$-0,$-18,$-1,$-1,$-13,$1,$-31,$16,$4,$-13
24,2012-09-30,42.98,$21.80,1.97,$55.51,0.77,$4.65,9.23,$3.27,13.14,$0.28B,$0.11B,2.51,$0.04B,$0.29B,0.13,$0.71B,$0.24B,33.43%,$0.71B,$0.06B,8.60%,$0.71B,$0.06B,8.60%,$0.71B,$0.08B,10.86%,$0.71B,$0.06B,8.32%,$0.71B,$0.05B,6.49%,$0.05B,$0.29B,16.88%,$0.05B,$0.19B,25.24%,$0.05B,$0.53B,8.83%,$0.06B,$0.32B,19.24%,$181,$122,$59,$0,$43,$165,$16,$-1,$15,$4,$11,$12,$11,$20,$16,$13,13,$0.84,$0.83,$30,$76,$0,$281,$84,$8,$93,$36,$250,$531,$112,$38,$86,$133,$246,$13,$199,$-30,$285,$531,$36,$11,$-0,$11,$-1,$-1,$0,$-2,$-6,$42,$-9,$0,$-3,$0,$0,$0,$1,$-10,$-10,$0,$-10,$-1,$-1,$-9,$2,$-18,$13,$3,$-9
25,2012-06-30,42.33,$21.01,2.01,$55.84,0.76,$1.75,24.17,$3.50,12.09,$0.28B,$0.11B,2.56,$0.05B,$0.27B,0.17,$0.71B,$0.24B,33.38%,$0.71B,$0.06B,8.87%,$0.71B,$0.06B,8.87%,$0.71B,$0.08B,10.99%,$0.71B,$0.06B,8.87%,$0.71B,$0.05B,6.76%,$0.05B,$0.27B,18.05%,$0.05B,$0.19B,26.97%,$0.05B,$0.52B,9.36%,$0.06B,$0.32B,20.19%,$177,$116,$61,$0,$44,$160,$17,$-1,$16,$5,$11,$12,$11,$21,$17,$13,13,$0.86,$0.85,$25,$78,$0,$277,$83,$8,$87,$36,$242,$519,$108,$45,$86,$138,$246,$13,$192,$-32,$273,$519,$25,$7,$-1,$7,$-7,$-4,$0,$-2,$-10,$22,$-6,$0,$0,$0,$0,$0,$1,$-6,$-2,$0,$-2,$-1,$-1,$-6,$1,$-8,$8,$2,$-6
26,2012-03-31,35.92,$20.90,1.72,$55.90,0.64,$0.02,1694.27,$3.48,10.32,$0.27B,$0.11B,2.5,$0.05B,$0.27B,0.18,$0.70B,$0.23B,32.81%,$0.70B,$0.06B,8.70%,$0.70B,$0.06B,8.70%,$0.70B,$0.08B,10.70%,$0.70B,$0.06B,8.84%,$0.70B,$0.05B,6.70%,$0.05B,$0.27B,17.85%,$0.05B,$0.18B,26.52%,$0.05B,$0.52B,9.29%,$0.06B,$0.32B,19.92%,$178,$118,$60,$0,$43,$161,$17,$-1,$16,$3,$13,$13,$12,$21,$17,$13,13,$0.96,$0.95,$19,$76,$0,$274,$84,$7,$90,$37,$248,$522,$110,$48,$87,$142,$252,$13,$185,$-26,$271,$522,$13,$4,$-2,$2,$-10,$0,$0,$-1,$-8,$7,$-3,$0,$0,$0,$0,$0,$0,$-3,$1,$0,$1,$-1,$-1,$-3,$1,$-3,$2,$1,$-3
27,2011-12-31,35.21,$20.24,1.74,$56.02,0.63,$-1.18,0.0,$3.48,10.12,$0.26B,$0.11B,2.43,$0.05B,$0.26B,0.18,$0.68B,$0.22B,32.65%,$0.68B,$0.06B,8.49%,$0.68B,$0.06B,8.49%,$0.68B,$0.07B,10.40%,$0.68B,$0.06B,8.78%,$0.68B,$0.05B,6.59%,$0.05B,$0.26B,18.31%,$0.05B,$0.17B,27.57%,$0.05B,$0.51B,9.10%,$0.06B,$0.31B,19.48%,$173,$117,$57,$0,$45,$162,$11,$0,$12,$1,$10,$13,$12,$15,$11,$12,12,$0.95,$0.93,$17,$75,$0,$260,$83,$14,$90,$35,$252,$511,$107,$47,$55,$143,$250,$13,$181,$-29,$261,$511,$48,$14,$-1,$13,$-32,$-9,$0,$-3,$-41,$20,$-12,$0,$-25,$0,$0,$0,$2,$-35,$-27,$-0,$-28,$49,$49,$-12,$-1,$9,$-9,$4,$-12
28,2011-09-30,23.28,$20.13,1.16,$54.59,0.43,$0.71,32.67,$3.32,7.01,$0.26B,$0.11B,2.35,$0.04B,$0.26B,0.17,$0.65B,$0.21B,32.82%,$0.65B,$0.06B,9.05%,$0.65B,$0.06B,9.05%,$0.65B,$0.07B,10.74%,$0.65B,$0.06B,9.05%,$0.65B,$0.04B,6.13%,$0.04B,$0.26B,17.60%,$0.04B,$0.18B,27.03%,$0.04B,$0.50B,8.35%,$0.06B,$0.30B,20.63%,$182,$123,$59,$0,$42,$165,$18,$2,$19,$6,$14,$14,$13,$21,$18,$13,13,$1.04,$1.03,$21,$79,$0,$263,$80,$8,$84,$42,$237,$500,$112,$43,$78,$129,$241,$13,$169,$-19,$259,$500,$36,$10,$1,$12,$-29,$-16,$0,$-3,$-43,$5,$-9,$0,$-11,$0,$0,$0,$1,$-18,$-31,$-0,$-31,$49,$49,$-8,$0,$10,$-5,$3,$-8
29,2011-06-30,38.43,$20.41,1.88,$52.50,0.73,$2.24,17.14,$2.84,13.53,$0.25B,$0.11B,2.28,$0.03B,$0.26B,0.13,$0.61B,$0.20B,33.55%,$0.61B,$0.05B,8.22%,$0.61B,$0.05B,8.22%,$0.61B,$0.06B,10.03%,$0.61B,$0.05B,7.89%,$0.61B,$0.03B,5.43%,$0.03B,$0.26B,15.79%,$0.03B,$0.18B,24.13%,$0.03B,$0.49B,7.15%,$0.05B,$0.30B,18.42%,$168,$114,$54,$0,$39,$153,$15,$-0,$15,$4,$10,$11,$10,$18,$15,$12,12,$0.80,$0.79,$24,$77,$0,$254,$80,$9,$78,$44,$237,$491,$111,$34,$78,$118,$229,$13,$159,$-6,$262,$491,$22,$6,$1,$7,$-17,$-14,$0,$-4,$-29,$0,$-7,$0,$-1,$0,$0,$0,$1,$-6,$-40,$0,$-40,$48,$48,$-5,$0,$3,$-2,$2,$-5
30,2011-03-31,35.68,$17.41,2.05,$50.93,0.7,$3.39,10.53,$2.85,12.52,$0.24B,$0.11B,2.25,$0.08B,$0.20B,0.42,$0.58B,$0.20B,34.55%,$0.58B,$0.05B,8.33%,$0.58B,$0.05B,8.33%,$0.58B,$0.06B,10.24%,$0.58B,$0.05B,7.99%,$0.58B,$0.03B,5.56%,$0.03B,$0.20B,17.27%,$0.03B,$0.12B,26.61%,$0.03B,$0.48B,7.26%,$0.05B,$0.29B,18.84%,$160,$107,$53,$0,$39,$146,$14,$-0,$14,$3,$11,$11,$10,$17,$14,$11,11,$0.92,$0.91,$24,$70,$0,$239,$78,$9,$77,$45,$237,$476,$106,$84,$79,$169,$275,$12,$152,$-9,$201,$476,$11,$3,$-3,$0,$-12,$-8,$0,$-2,$-19,$-7,$-3,$0,$0,$0,$0,$0,$1,$-3,$10,$0,$10,$-0,$-0,$-3,$0,$7,$-2,$1,$-3
31,2010-12-31,36.81,$16.28,2.26,$48.66,0.76,$3.69,9.97,$2.78,13.24,$0.22B,$0.10B,2.13,$0.07B,$0.19B,0.4,$0.54B,$0.19B,35.48%,$0.54B,$0.05B,8.82%,$0.54B,$0.05B,8.82%,$0.54B,$0.06B,10.85%,$0.54B,$0.05B,8.27%,$0.54B,$0.03B,5.70%,$0.03B,$0.19B,17.64%,$0.03B,$0.11B,26.44%,$0.03B,$0.45B,7.32%,$0.05B,$0.26B,19.83%,$142,$94,$48,$0,$36,$130,$12,$-0,$11,$4,$8,$8,$7,$14,$12,$11,11,$0.62,$0.61,$26,$61,$0,$215,$77,$9,$77,$43,$234,$449,$101,$74,$51,$161,$262,$11,$144,$-14,$187,$449,$34,$11,$-1,$10,$-4,$-7,$0,$-1,$-6,$38,$-9,$0,$-36,$0,$0,$0,$4,$-41,$9,$-1,$8,$6,$6,$-10,$2,$4,$1,$3,$-10
32,2010-09-30,28.58,$16.39,1.74,$48.14,0.59,$3.74,7.64,$2.90,9.86,$0.22B,$0.10B,2.19,$0.06B,$0.19B,0.31,$0.53B,$0.19B,36.14%,$0.53B,$0.05B,8.99%,$0.53B,$0.05B,8.99%,$0.53B,$0.06B,11.24%,$0.53B,$0.05B,8.43%,$0.53B,$0.03B,5.99%,$0.03B,$0.19B,19.05%,$0.03B,$0.13B,27.65%,$0.03B,$0.43B,7.80%,$0.05B,$0.25B,20.71%,$138,$89,$49,$0,$35,$128,$9,$-1,$8,$2,$6,$7,$6,$12,$9,$11,11,$0.56,$0.55,$27,$59,$0,$217,$66,$10,$57,$47,$211,$429,$99,$58,$48,$143,$242,$11,$140,$-8,$186,$429,$27,$8,$-1,$7,$-8,$-9,$0,$-3,$-14,$20,$-6,$0,$-7,$0,$0,$0,$4,$-9,$-5,$-1,$-7,$4,$4,$-8,$2,$-8,$2,$2,$-8
33,2010-06-30,23.59,$14.79,1.6,$46.84,0.5,$4.99,4.73,$2.80,8.43,$0.21B,$0.10B,2.07,$0.06B,$0.17B,0.37,$0.52B,$0.19B,36.50%,$0.52B,$0.05B,9.32%,$0.52B,$0.05B,9.32%,$0.52B,$0.06B,11.46%,$0.52B,$0.05B,8.74%,$0.52B,$0.03B,6.02%,$0.03B,$0.17B,19.62%,$0.03B,$0.12B,29.04%,$0.03B,$0.41B,7.74%,$0.05B,$0.23B,21.50%,$136,$87,$49,$0,$35,$123,$13,$0,$13,$4,$9,$10,$9,$16,$13,$11,11,$0.82,$0.80,$28,$55,$0,$210,$63,$9,$49,$46,$199,$409,$102,$61,$45,$141,$243,$11,$136,$-20,$167,$409,$20,$6,$-2,$4,$-11,$-7,$0,$-2,$-13,$10,$-3,$0,$0,$0,$0,$0,$3,$-0,$-3,$1,$-1,$2,$2,$-5,$1,$-4,$3,$2,$-5
34,2010-03-31,23.43,$14.63,1.6,$44.11,0.53,$6.52,3.59,$2.29,10.23,$0.20B,$0.09B,2.23,$0.07B,$0.16B,0.44,$0.48B,$0.18B,36.38%,$0.48B,$0.04B,8.52%,$0.48B,$0.04B,8.52%,$0.48B,$0.05B,10.60%,$0.48B,$0.04B,7.69%,$0.48B,$0.03B,5.20%,$0.03B,$0.16B,16.61%,$0.03B,$0.11B,25.19%,$0.03B,$0.41B,6.41%,$0.04B,$0.23B,18.83%,$128,$81,$47,$0,$34,$115,$14,$-0,$13,$3,$10,$10,$9,$17,$14,$11,11,$0.85,$0.84,$25,$54,$0,$203,$66,$9,$51,$47,$204,$407,$91,$71,$46,$152,$244,$11,$130,$-14,$163,$407,$10,$3,$-2,$1,$-4,$-5,$0,$-1,$-16,$-5,$-2,$0,$0,$0,$0,$0,$2,$0,$7,$0,$7,$0,$0,$-3,$0,$5,$-0,$1,$-3
35,2009-12-31,17.65,$14.10,1.25,$41.61,0.42,$7.83,2.25,$1.45,12.18,$0.20B,$0.10B,1.99,$0.06B,$0.16B,0.41,$0.45B,$0.16B,34.73%,$0.45B,$0.03B,5.97%,$0.45B,$0.03B,5.97%,$0.45B,$0.04B,7.96%,$0.45B,$0.02B,5.31%,$0.45B,$0.02B,3.54%,$0.02B,$0.16B,11.29%,$0.02B,$0.10B,17.53%,$0.02B,$0.40B,4.21%,$0.03B,$0.22B,12.81%,$132,$84,$48,$0,$36,$120,$12,$-1,$11,$3,$8,$8,$8,$15,$12,$11,11,$0.73,$0.73,$27,$50,$0,$199,$67,$9,$52,$40,$196,$395,$100,$64,$42,$139,$239,$11,$123,$-10,$156,$395,$17,$11,$-6,$5,$-7,$10,$0,$-5,$19,$42,$-14,$0,$-2,$0,$0,$0,$9,$-7,$-20,$-2,$-22,$0,$0,$-10,$-1,$-33,$4,$2,$-10
36,2009-09-30,18.55,$13.21,1.4,$40.58,0.46,$5.45,3.41,$0.49,37.86,$0.19B,$0.09B,2.09,$0.07B,$0.15B,0.44,$0.44B,$0.14B,31.42%,$0.44B,$0.01B,2.98%,$0.44B,$0.01B,2.98%,$0.44B,$0.02B,5.05%,$0.44B,$0.01B,2.29%,$0.44B,$0.01B,1.15%,$0.01B,$0.15B,3.70%,$0.01B,$0.09B,5.83%,$0.01B,$0.39B,1.32%,$0.01B,$0.21B,6.21%,$119,$74,$44,$0,$35,$110,$9,$-1,$8,$3,$5,$5,$5,$11,$9,$11,11,$0.46,$0.45,$29,$47,$0,$188,$67,$9,$52,$39,$203,$391,$90,$65,$45,$155,$245,$11,$118,$-15,$146,$391,$9,$8,$-5,$3,$1,$13,$0,$-1,$23,$35,$-8,$0,$-1,$0,$0,$0,$6,$-4,$-23,$2,$-21,$0,$0,$-8,$-0,$-29,$4,$2,$-8
37,2009-06-30,11.07,$12.42,0.89,$44.59,0.25,$3.20,3.46,$0.45,24.6,$0.17B,$0.07B,2.35,$0.07B,$0.14B,0.5,$0.48B,$0.14B,29.35%,$0.48B,$0.01B,2.31%,$0.48B,$0.01B,2.31%,$0.48B,$0.02B,4.40%,$0.48B,$0.01B,1.47%,$0.48B,$0.00B,0.84%,$0.00B,$0.14B,2.93%,$0.00B,$0.09B,4.58%,$0.00B,$0.37B,1.04%,$0.01B,$0.21B,5.10%,$102,$66,$36,$0,$29,$97,$6,$-1,$5,$2,$3,$3,$3,$8,$6,$11,11,$0.29,$0.29,$31,$43,$0,$172,$61,$8,$51,$39,$196,$368,$73,$69,$44,$157,$230,$11,$115,$-20,$137,$368,$4,$5,$-4,$1,$13,$15,$0,$-0,$22,$27,$-3,$0,$-1,$0,$0,$0,$3,$-2,$-16,$-2,$-17,$0,$0,$-5,$-0,$-22,$4,$1,$-5
38,2009-03-31,6.45,$11.66,0.55,$50.25,0.13,$1.16,5.56,$0.57,11.32,$0.18B,$0.07B,2.43,$0.08B,$0.13B,0.61,$0.53B,$0.15B,27.95%,$0.53B,$0.01B,2.06%,$0.53B,$0.01B,2.06%,$0.53B,$0.02B,4.13%,$0.53B,$0.01B,1.50%,$0.53B,$0.01B,0.94%,$0.01B,$0.13B,3.56%,$0.01B,$0.08B,5.56%,$0.01B,$0.37B,1.24%,$0.01B,$0.21B,4.91%,$99,$70,$29,$0,$27,$99,$-0,$0,$0,$-0,$0,$0,$0,$2,$-0,$11,11,$0.00,$0.00,$25,$46,$0,$176,$59,$7,$48,$40,$191,$367,$72,$78,$44,$166,$239,$11,$117,$-29,$128,$367,$0,$3,$-3,$-1,$7,$10,$0,$-3,$9,$8,$-1,$0,$-1,$0,$0,$0,$1,$-1,$-6,$-2,$-8,$0,$0,$-2,$0,$-10,$-3,$0,$-2
39,2008-12-31,13.12,$11.99,1.09,$55.67,0.24,$-0.33,0.0,$1.07,12.26,$0.20B,$0.08B,2.4,$0.08B,$0.13B,0.65,$0.58B,$0.16B,28.18%,$0.58B,$0.02B,3.44%,$0.58B,$0.02B,3.44%,$0.58B,$0.03B,5.50%,$0.58B,$0.02B,2.75%,$0.58B,$0.01B,1.72%,$0.01B,$0.13B,6.98%,$0.01B,$0.08B,10.93%,$0.01B,$0.39B,2.41%,$0.02B,$0.21B,8.71%,$116,$88,$28,$0,$27,$118,$-2,$-2,$-3,$-1,$-3,$-3,$-3,$1,$-2,$10,10,$-0.27,$-0.27,$29,$57,$0,$201,$61,$8,$47,$34,$185,$385,$84,$84,$43,$172,$256,$11,$117,$-27,$130,$385,$12,$12,$3,$15,$16,$-0,$0,$-0,$-13,$13,$-12,$0,$-2,$0,$0,$0,$-7,$-20,$7,$1,$7,$12,$12,$-10,$-0,$9,$1,$4,$-10
40,2008-09-30,22.37,$13.91,1.61,$58.73,0.38,$1.34,16.64,$1.78,12.57,$0.24B,$0.11B,2.2,$0.09B,$0.15B,0.57,$0.61B,$0.18B,29.61%,$0.61B,$0.03B,4.93%,$0.61B,$0.03B,4.93%,$0.61B,$0.04B,7.07%,$0.61B,$0.03B,4.44%,$0.61B,$0.02B,2.96%,$0.02B,$0.15B,12.57%,$0.02B,$0.10B,19.83%,$0.02B,$0.43B,4.29%,$0.03B,$0.24B,13.13%,$160,$113,$47,$0,$38,$153,$7,$-1,$5,$1,$5,$5,$4,$10,$7,$11,11,$0.41,$0.41,$33,$68,$0,$238,$62,$8,$50,$35,$187,$425,$108,$85,$68,$166,$275,$11,$122,$-10,$151,$425,$15,$9,$-1,$9,$-4,$-9,$0,$-1,$-12,$11,$-9,$0,$-1,$0,$0,$0,$-8,$-18,$7,$-1,$5,$14,$14,$-7,$-0,$12,$4,$4,$-7
41,2008-06-30,20.78,$14.41,1.44,$57.71,0.36,$2.26,9.19,$1.68,12.37,$0.23B,$0.11B,2.23,$0.09B,$0.15B,0.57,$0.59B,$0.18B,29.88%,$0.59B,$0.03B,4.41%,$0.59B,$0.03B,4.41%,$0.59B,$0.04B,6.79%,$0.59B,$0.02B,4.07%,$0.59B,$0.02B,2.89%,$0.02B,$0.15B,12.52%,$0.02B,$0.10B,20.42%,$0.02B,$0.43B,4.12%,$0.03B,$0.24B,11.71%,$158,$113,$45,$0,$37,$152,$6,$1,$6,$2,$4,$5,$4,$9,$6,$10,10,$0.42,$0.41,$31,$67,$0,$234,$67,$8,$55,$40,$200,$434,$105,$87,$75,$176,$281,$11,$120,$3,$153,$434,$10,$6,$-0,$6,$1,$-4,$0,$-1,$-8,$8,$-7,$0,$-1,$0,$0,$0,$-9,$-17,$8,$-1,$6,$8,$8,$-5,$0,$9,$2,$2,$-5
42,2008-03-31,24.21,$13.58,1.78,$56.21,0.43,$1.46,16.56,$1.68,14.41,$0.22B,$0.10B,2.22,$0.09B,$0.14B,0.64,$0.57B,$0.17B,30.58%,$0.57B,$0.03B,4.75%,$0.57B,$0.03B,4.75%,$0.57B,$0.04B,7.21%,$0.57B,$0.03B,4.39%,$0.57B,$0.02B,2.99%,$0.02B,$0.14B,13.41%,$0.02B,$0.09B,22.52%,$0.02B,$0.42B,4.23%,$0.03B,$0.23B,12.54%,$148,$104,$44,$0,$35,$139,$9,$-1,$8,$3,$5,$5,$5,$12,$9,$10,10,$0.50,$0.50,$21,$65,$0,$221,$64,$8,$53,$40,$198,$419,$100,$89,$78,$180,$280,$10,$119,$-1,$139,$419,$5,$3,$-1,$2,$1,$-2,$0,$-3,$-14,$-6,$-2,$0,$-1,$0,$0,$0,$0,$-3,$10,$-0,$9,$1,$1,$-2,$0,$9,$0,$0,$-2
43,2007-12-31,16.8,$12.85,1.31,$54.08,0.31,$1.49,11.3,$1.53,10.98,$0.21B,$0.11B,2.01,$0.08B,$0.13B,0.6,$0.55B,$0.17B,30.95%,$0.55B,$0.03B,4.58%,$0.55B,$0.03B,4.58%,$0.55B,$0.04B,7.14%,$0.55B,$0.02B,4.21%,$0.55B,$0.02B,2.93%,$0.02B,$0.13B,13.39%,$0.02B,$0.08B,23.02%,$0.02B,$0.40B,4.09%,$0.03B,$0.21B,12.00%,$142,$99,$44,$0,$35,$134,$8,$0,$8,$4,$5,$6,$5,$12,$8,$10,10,$0.43,$0.45,$20,$61,$0,$214,$62,$7,$52,$34,$186,$399,$106,$78,$41,$162,$269,$10,$116,$-6,$130,$399,$17,$13,$0,$13,$-4,$-5,$0,$0,$-3,$28,$-9,$0,$-2,$0,$0,$0,$2,$-9,$-8,$-1,$-9,$3,$3,$-9,$-1,$-16,$4,$2,$-9
44,2007-09-30,17.82,$11.96,1.49,$51.66,0.34,$-0.78,0.0,$1.37,13.01,$0.22B,$0.10B,2.13,$0.09B,$0.12B,0.74,$0.52B,$0.16B,31.15%,$0.52B,$0.02B,4.23%,$0.52B,$0.02B,4.23%,$0.52B,$0.04B,6.73%,$0.52B,$0.02B,3.65%,$0.52B,$0.01B,2.69%,$0.01B,$0.12B,12.20%,$0.01B,$0.07B,21.29%,$0.01B,$0.40B,3.68%,$0.02B,$0.21B,10.73%,$141,$98,$43,$0,$37,$137,$3,$-1,$2,$-1,$3,$3,$3,$7,$3,$10,10,$0.32,$0.31,$24,$58,$0,$216,$60,$7,$51,$31,$183,$399,$101,$89,$75,$176,$278,$10,$113,$-11,$121,$399,$11,$9,$1,$10,$-6,$-3,$0,$-2,$-5,$16,$-5,$0,$-2,$0,$0,$0,$1,$-6,$2,$-2,$0,$3,$3,$-6,$-1,$-4,$8,$1,$-6
45,2007-06-30,17.72,$11.56,1.53,$49.59,0.36,$-2.39,0.0,$1.38,12.84,$0.21B,$0.09B,2.25,$0.10B,$0.12B,0.82,$0.50B,$0.16B,31.52%,$0.50B,$0.02B,4.85%,$0.50B,$0.02B,4.85%,$0.50B,$0.04B,7.27%,$0.50B,$0.02B,4.44%,$0.50B,$0.01B,2.83%,$0.01B,$0.12B,12.39%,$0.01B,$0.07B,21.46%,$0.01B,$0.39B,3.78%,$0.02B,$0.21B,11.90%,$138,$95,$43,$0,$35,$130,$7,$-1,$7,$2,$4,$4,$4,$10,$7,$10,10,$0.42,$0.41,$15,$57,$0,$210,$61,$7,$49,$32,$182,$391,$93,$96,$74,$181,$274,$10,$112,$-14,$117,$391,$8,$6,$-0,$6,$-15,$-4,$0,$-1,$-17,$-3,$-4,$0,$-2,$0,$0,$0,$1,$-5,$10,$-3,$8,$3,$3,$-4,$-0,$6,$-2,$1,$-4
46,2007-03-31,17.72,$10.93,1.62,$48.07,0.37,$-2.75,0.0,$1.27,13.95,$0.20B,$0.09B,2.13,$0.09B,$0.11B,0.82,$0.48B,$0.15B,31.30%,$0.48B,$0.02B,4.83%,$0.48B,$0.02B,4.83%,$0.48B,$0.04B,7.35%,$0.48B,$0.02B,4.20%,$0.48B,$0.01B,2.73%,$0.01B,$0.11B,11.61%,$0.01B,$0.06B,19.92%,$0.01B,$0.37B,3.61%,$0.02B,$0.20B,11.65%,$125,$86,$39,$0,$32,$118,$7,$-1,$6,$2,$4,$4,$4,$10,$7,$10,10,$0.36,$0.35,$11,$55,$0,$197,$61,$7,$48,$27,$177,$374,$93,$91,$71,$171,$264,$10,$110,$-18,$110,$374,$4,$3,$0,$3,$-11,$-3,$0,$-1,$-12,$-5,$-3,$0,$-1,$0,$0,$0,$0,$-3,$5,$-1,$4,$2,$2,$-2,$-0,$3,$-5,$0,$-2
47,2006-12-31,16.26,$11.17,1.46,$46.79,0.35,$-3.34,0.0,$1.18,13.78,$0.19B,$0.09B,2.07,$0.09B,$0.11B,0.77,$0.46B,$0.14B,30.80%,$0.46B,$0.02B,4.56%,$0.46B,$0.02B,4.56%,$0.46B,$0.03B,7.16%,$0.46B,$0.02B,3.90%,$0.46B,$0.01B,2.60%,$0.01B,$0.11B,10.71%,$0.01B,$0.06B,18.25%,$0.01B,$0.36B,3.41%,$0.02B,$0.20B,10.78%,$116,$78,$37,$0,$32,$111,$5,$-1,$4,$1,$3,$3,$3,$8,$5,$10,10,$0.30,$0.30,$16,$52,$0,$186,$61,$7,$47,$28,$171,$357,$90,$85,$23,$156,$247,$10,$114,$-19,$111,$357,$12,$12,$-7,$5,$-9,$-4,$0,$-0,$-8,$8,$-12,$0,$-2,$0,$0,$0,$1,$-13,$14,$-1,$13,$1,$1,$-8,$-1,$4,$-0,$1,$-8
