,Date,Stock Price,Book Value per Share,Price to Book Ratio,TTM Sales per Share,Price to Sales Ratio,TTM FCF per Share,Price to FCF Ratio,TTM Net EPS,PE Ratio,Current Assets,Current Liabilities,Current Ratio,Long Term Debt,Shareholder's Equity_x,Debt to Equity Ratio,TTM Revenue_x,TTM Gross Profit,Gross Margin,TTM Revenue_y,TTM Operating Income,Operating Margin,TTM Revenue_x,TTM EBIT,EBIT Margin,TTM Revenue_y,TTM EBITDA,EBITDA Margin,TTM Revenue_x,TTM Pre-Tax Income,Pre-Tax Margin,TTM Revenue_y,TTM Net Income_x,Net Margin,TTM Net Income_y,Shareholder's Equity_y,Return on Equity,TTM Net Income_x,Tangible Equity,Return on Tangible Equity,TTM Net Income_y,Total Assets,Return on Assets,TTM Net Income,LT Investments & Debt,Return on Investment,revenue,cost-goods-sold,gross-profit,research-development-expenses,selling-general-administrative-expenses,operating-expenses,operating-income,total-non-operating-income-expense,pre-tax-income,total-provision-income-taxes,income-after-taxes,income-from-continuous-operations,net-income,ebitda,ebit,basic-shares-outstanding,shares-outstanding,eps-basic-net-earnings-per-share,eps-earnings-per-share-diluted,cash-on-hand,inventory,other-current-assets,total-current-assets,net-property-plant-equipment,long-term-investments,goodwill-intangible-assets-total,other-long-term-assets,total-long-term-assets,total-assets,total-current-liabilities,long-term-debt,other-non-current-liabilities,total-long-term-liabilities,total-liabilities,common-stock-net,retained-earnings-accumulated-deficit,comprehensive-income,total-share-holder-equity,total-liabilities-share-holders-equity,net-income-loss,total-depreciation-amortization-cash-flow,other-non-cash-items,total-non-cash-items,change-in-accounts-receivable,change-in-inventories,change-in-accounts-payable,change-in-assets-liabilities,total-change-in-assets-liabilities,cash-flow-from-operating-activities,net-change-in-property-plant-equipment,net-change-in-intangible-assets,net-acquisitions-divestitures,net-change-in-short-term-investments,net-change-in-long-term-investments,net-change-in-investments-total,investing-activities-other,cash-flow-from-investing-activities,net-long-term-debt,net-current-debt,debt-issuance-retirement-net-total,net-common-equity-issued-repurchased,net-total-equity-issued-repurchased,total-common-preferred-stock-dividends-paid,financial-activities-other,cash-flow-from-financial-activities,net-cash-flow,stock-based-compensation,common-stock-dividends-paid
0,2018-09-30,50.23,$69.49,0.72,$44.04,1.14,$19.71,2.55,$3.92,12.81,$8.41B,$36.86B,0.23,$11.31B,$21.89B,0.52,$14.33B,$9.10B,63.48%,$14.33B,$2.10B,14.64%,$14.33B,$2.10B,14.64%,$14.33B,$2.10B,14.64%,$14.33B,$1.53B,10.65%,$14.33B,$1.28B,8.94%,$1.28B,$21.89B,5.56%,$1.28B,$21.23B,5.73%,$1.28B,$78.73B,1.60%,$2.10B,$33.20B,6.12%,$3608,$1312,$2296,$0,$337,$3108,$500,$-146,$354,$65,$289,$289,$278,$500,$500,$316,317,$0.88,$0.88,$571,$0,$0,$8407,$15467,$48695,$657,$4845,$70318,$78725,$36864,$11311,$7753,$19975,$56839,$3,$16790,$-758,$21886,$78725,$917,$0,$1121,$1121,$18,$1499,$0,$-160,$1357,$3395,$-621,$0,$-14,$-126,$217,$91,$-173,$-717,$-87,$0,$-87,$-2393,$-2393,$-170,$75,$-2575,$99,$0,$-170
1,2018-06-30,48.28,$69.03,0.7,$43.08,1.12,$14.34,3.37,$3.50,13.79,$8.67B,$37.56B,0.23,$11.29B,$21.86B,0.52,$14.25B,$8.84B,62.08%,$14.25B,$2.09B,14.64%,$14.25B,$2.09B,14.64%,$14.25B,$2.09B,14.64%,$14.25B,$1.44B,10.09%,$14.25B,$1.16B,8.15%,$1.16B,$21.86B,4.91%,$1.16B,$21.20B,5.05%,$1.16B,$80.73B,1.45%,$2.09B,$33.15B,5.97%,$3590,$1327,$2263,$0,$359,$3140,$450,$-143,$307,$59,$248,$248,$230,$450,$450,$319,320,$0.72,$0.72,$453,$0,$0,$8670,$15471,$50469,$658,$4791,$72062,$80732,$37559,$11290,$9146,$21315,$58874,$3,$16532,$-625,$21858,$80732,$628,$0,$494,$494,$-507,$1282,$0,$254,$1029,$2151,$-478,$0,$-10,$-1104,$500,$-604,$-145,$-1237,$-72,$0,$-72,$-799,$-799,$-140,$83,$-928,$-19,$0,$-140
2,2018-03-31,49.67,$78.86,0.63,$41.80,1.19,$11.54,4.3,$3.47,14.31,$8.34B,$37.60B,0.22,$11.26B,$23.85B,0.47,$14.02B,$8.66B,61.79%,$14.02B,$2.12B,15.14%,$14.02B,$2.12B,15.14%,$14.02B,$2.12B,15.14%,$14.02B,$1.48B,10.54%,$14.02B,$1.16B,8.29%,$1.16B,$23.85B,4.80%,$1.16B,$23.19B,4.93%,$1.16B,$80.79B,1.46%,$2.12B,$35.10B,5.99%,$3581,$1339,$2242,$0,$296,$3035,$546,$-141,$405,$25,$380,$380,$293,$546,$546,$328,329,$0.89,$0.89,$451,$0,$0,$8344,$15461,$51065,$661,$4590,$72442,$80786,$37599,$11255,$7350,$19339,$56938,$3,$16321,$-417,$23848,$80786,$380,$0,$185,$185,$-147,$84,$0,$11,$-52,$513,$-228,$0,$0,$-25,$423,$398,$-114,$56,$-70,$0,$-70,$-497,$-497,$-98,$74,$-591,$-21,$0,$-98
3,2017-12-31,49.9,$73.97,0.67,$40.68,1.23,$10.06,4.96,$3.45,14.46,$8.09B,$37.55B,0.22,$11.25B,$24.57B,0.46,$13.74B,$8.43B,61.34%,$13.74B,$2.23B,16.22%,$13.74B,$2.23B,16.22%,$13.74B,$2.23B,16.22%,$13.74B,$1.58B,11.52%,$13.74B,$1.16B,8.47%,$1.16B,$24.57B,4.81%,$1.16B,$23.91B,4.93%,$1.16B,$79.59B,1.48%,$2.23B,$35.82B,6.33%,$3555,$1257,$2298,$0,$307,$2952,$603,$-142,$461,$-70,$531,$531,$481,$603,$603,$337,338,$1.43,$1.43,$472,$0,$0,$8085,$15427,$52226,$659,$2555,$71501,$79586,$37552,$11253,$5466,$17468,$55020,$3,$16096,$-26,$24566,$79586,$1412,$834,$126,$960,$93,$108,$0,$17,$218,$2590,$-952,$0,$-1218,$-167,$55,$-112,$-373,$-2655,$656,$0,$656,$-216,$-216,$-223,$-16,$201,$145,$0,$-223
4,2017-09-30,47.68,$72.37,0.66,$40.01,1.19,$8.55,5.58,$2.81,16.97,$8.21B,$37.83B,0.22,$11.24B,$24.36B,0.46,$13.52B,$8.13B,60.15%,$13.52B,$2.22B,16.42%,$13.52B,$2.22B,16.42%,$13.52B,$2.22B,16.42%,$13.52B,$1.58B,11.70%,$13.52B,$0.97B,7.20%,$0.97B,$24.36B,4.07%,$0.97B,$23.71B,4.16%,$0.97B,$79.53B,1.25%,$2.22B,$35.60B,6.38%,$3521,$1480,$2041,$0,$309,$3034,$487,$-223,$264,$52,$212,$212,$157,$487,$487,$337,338,$0.46,$0.46,$416,$0,$0,$8208,$15475,$52134,$648,$2419,$71319,$79527,$37827,$11239,$5195,$17339,$55166,$3,$15811,$32,$24361,$79527,$881,$0,$959,$959,$19,$-62,$0,$13,$-30,$1810,$-667,$0,$-1218,$-85,$19,$-66,$-136,$-2087,$559,$0,$559,$-6,$-6,$-180,$-16,$357,$89,$0,$-180
5,2017-06-30,46.57,$71.62,0.65,$39.32,1.18,$7.56,6.16,$3.32,14.03,$8.33B,$37.78B,0.22,$11.09B,$24.11B,0.46,$13.28B,$8.18B,61.54%,$13.28B,$2.42B,18.20%,$13.28B,$2.42B,18.20%,$13.28B,$2.42B,18.20%,$13.28B,$1.87B,14.11%,$13.28B,$1.14B,8.60%,$1.14B,$24.11B,4.83%,$1.14B,$23.46B,4.92%,$1.14B,$79.10B,1.47%,$2.42B,$35.20B,7.03%,$3359,$1280,$2079,$0,$312,$2873,$486,$-139,$347,$69,$278,$278,$231,$486,$486,$337,338,$0.69,$0.69,$357,$0,$0,$8334,$15447,$51606,$647,$2420,$70767,$79101,$37780,$11094,$5269,$17215,$54995,$3,$15677,$-36,$24106,$79101,$669,$0,$614,$614,$-223,$137,$0,$34,$-52,$1231,$-407,$0,$-1222,$-29,$144,$115,$-40,$-1554,$493,$0,$493,$-6,$-6,$-138,$-1,$348,$30,$0,$-138
6,2017-03-31,46.47,$70.49,0.66,$39.14,1.19,$5.56,8.35,$2.44,19.04,$8.20B,$37.12B,0.22,$10.53B,$23.73B,0.44,$13.23B,$8.06B,60.94%,$13.23B,$1.79B,13.50%,$13.23B,$1.79B,13.50%,$13.23B,$1.79B,13.50%,$13.23B,$1.25B,9.45%,$13.23B,$0.85B,6.40%,$0.85B,$23.73B,3.62%,$0.85B,$23.39B,3.68%,$0.85B,$77.11B,1.09%,$1.79B,$34.27B,5.24%,$3300,$1293,$2007,$0,$305,$2648,$652,$-142,$510,$119,$391,$391,$295,$652,$652,$337,338,$0.88,$0.87,$412,$0,$0,$8195,$15160,$51022,$346,$1765,$68919,$77114,$37121,$10534,$4940,$16259,$53380,$3,$15466,$-149,$23734,$77114,$391,$0,$318,$318,$51,$-567,$0,$-194,$-710,$-1,$-209,$0,$0,$366,$129,$495,$-13,$273,$-91,$0,$-91,$0,$0,$-97,$0,$-188,$85,$0,$-97
7,2016-12-31,46.47,$69.40,0.67,$38.72,1.2,$6.41,7.25,$1.87,24.85,$7.97B,$36.69B,0.22,$10.67B,$23.36B,0.46,$13.11B,$7.82B,59.69%,$13.11B,$1.47B,11.23%,$13.11B,$1.47B,11.23%,$13.11B,$1.47B,11.23%,$13.11B,$0.94B,7.14%,$13.11B,$0.65B,4.99%,$0.65B,$23.36B,2.82%,$0.65B,$23.02B,2.86%,$0.65B,$76.59B,0.84%,$1.47B,$34.03B,4.34%,$3338,$1334,$2004,$0,$309,$2744,$594,$-133,$461,$49,$412,$412,$290,$594,$594,$338,338,$0.85,$0.85,$327,$0,$0,$7971,$15230,$50711,$346,$1736,$68623,$76594,$36691,$10668,$5238,$16542,$53233,$3,$15196,$-223,$23361,$76594,$716,$814,$1043,$1857,$24,$-528,$0,$184,$-320,$2253,$-1120,$0,$-79,$158,$-1304,$-1146,$158,$-2187,$196,$0,$196,$-142,$-142,$-218,$-2,$-166,$-113,$0,$-218
8,2016-09-30,40.77,$69.46,0.59,$38.04,1.07,$8.65,4.72,$0.50,81.55,$8.20B,$38.39B,0.21,$10.74B,$23.41B,0.46,$13.10B,$7.78B,59.35%,$13.10B,$0.50B,3.82%,$13.10B,$0.50B,3.82%,$13.10B,$0.50B,3.82%,$13.10B,$-0.03B,-0.22%,$13.10B,$0.16B,1.24%,$0.16B,$23.41B,0.71%,$0.16B,$23.06B,0.72%,$0.16B,$78.51B,0.21%,$0.50B,$34.14B,1.50%,$3287,$1202,$2085,$0,$314,$2601,$686,$-130,$556,$163,$393,$393,$327,$686,$686,$337,338,$0.97,$0.97,$344,$0,$0,$8197,$15200,$52385,$347,$1760,$70311,$78508,$38389,$10737,$5241,$16713,$55102,$3,$15031,$144,$23406,$78508,$304,$0,$1676,$1676,$-165,$-468,$0,$369,$-264,$1716,$-908,$0,$-79,$104,$-1087,$-983,$124,$-1846,$344,$0,$344,$-123,$-123,$-177,$-2,$42,$-96,$0,$-177
9,2016-06-30,40.65,$68.26,0.6,$37.08,1.1,$8.40,4.84,$0.03,1355.11,$8.96B,$39.62B,0.23,$10.74B,$23.03B,0.47,$12.98B,$7.66B,59.00%,$12.98B,$0.29B,2.24%,$12.98B,$0.29B,2.24%,$12.98B,$0.29B,2.24%,$12.98B,$-0.24B,-1.83%,$12.98B,$0.02B,0.14%,$0.02B,$23.03B,0.08%,$0.02B,$22.68B,0.08%,$0.02B,$79.18B,0.02%,$0.29B,$33.77B,0.87%,$3307,$1339,$1968,$0,$305,$3453,$-146,$-130,$-276,$12,$-288,$-288,$-65,$-146,$-146,$339,339,$-0.19,$-0.19,$348,$0,$0,$8964,$15126,$52359,$348,$1766,$70219,$79183,$39620,$10735,$5193,$16532,$56152,$3,$14724,$119,$23031,$79183,$-89,$0,$1389,$1389,$-429,$-548,$0,$448,$-529,$771,$-621,$0,$-79,$148,$-713,$-565,$148,$-1117,$491,$0,$491,$-94,$-94,$-136,$-1,$260,$-92,$0,$-136
10,2016-03-31,37.8,$68.21,0.55,$36.60,1.03,$7.63,4.95,$0.68,55.58,$8.54B,$37.96B,0.23,$10.58B,$23.13B,0.46,$13.11B,$7.66B,58.41%,$13.11B,$0.87B,6.61%,$13.11B,$0.87B,6.61%,$13.11B,$0.87B,6.61%,$13.11B,$0.33B,2.55%,$13.11B,$0.25B,1.93%,$0.25B,$23.13B,1.07%,$0.25B,$22.78B,1.09%,$0.25B,$77.22B,0.33%,$0.87B,$33.71B,2.59%,$3173,$1408,$1765,$0,$307,$2835,$338,$-143,$195,$-4,$199,$199,$102,$338,$338,$339,339,$0.30,$0.30,$308,$0,$0,$8535,$15351,$50650,$350,$1716,$68689,$77224,$37958,$10584,$5017,$16141,$54099,$3,$14812,$-126,$23125,$77224,$199,$0,$585,$585,$-275,$-541,$0,$181,$-635,$149,$-72,$0,$0,$16,$-107,$-91,$6,$-157,$15,$0,$15,$-41,$-41,$-96,$-1,$-123,$-132,$0,$-96
11,2015-12-31,37.87,$67.11,0.56,$36.57,1.04,$6.32,5.99,$0.67,56.52,$8.48B,$38.09B,0.22,$9.52B,$22.81B,0.42,$13.42B,$8.03B,59.87%,$13.42B,$0.76B,5.70%,$13.42B,$0.76B,5.70%,$13.42B,$0.76B,5.70%,$13.42B,$0.24B,1.82%,$13.42B,$0.26B,1.94%,$0.26B,$22.81B,1.08%,$0.26B,$22.46B,1.10%,$0.26B,$76.01B,0.34%,$0.76B,$32.33B,2.27%,$3333,$1376,$1957,$0,$604,$3710,$-377,$-127,$-504,$-213,$-291,$-291,$-201,$-377,$-377,$362,363,$-0.53,$-0.53,$440,$0,$0,$8481,$15477,$49400,$351,$1699,$67525,$76006,$38093,$9520,$5201,$15103,$53196,$3,$14731,$-357,$22810,$76006,$287,$992,$998,$1990,$120,$674,$0,$476,$1270,$3547,$-1522,$0,$-157,$120,$-204,$-84,$-172,$-1935,$-101,$0,$-101,$-1173,$-1173,$-255,$4,$-1525,$76,$0,$-255
12,2015-09-30,35.58,$67.68,0.53,$36.58,0.97,$4.05,8.78,$1.80,19.77,$8.41B,$38.10B,0.22,$9.49B,$24.15B,0.39,$13.60B,$8.25B,60.61%,$13.60B,$1.68B,12.36%,$13.60B,$1.68B,12.36%,$13.60B,$1.68B,12.36%,$13.60B,$1.16B,8.52%,$13.60B,$0.67B,4.92%,$0.67B,$24.15B,2.74%,$0.67B,$23.80B,2.78%,$0.67B,$77.53B,0.86%,$1.68B,$33.65B,4.90%,$3169,$1200,$1969,$0,$319,$2693,$476,$-128,$348,$66,$282,$282,$182,$476,$476,$361,361,$0.50,$0.50,$328,$0,$0,$8407,$15902,$50550,$352,$1715,$69125,$77532,$38104,$9492,$4987,$15275,$53379,$4,$15906,$-23,$24153,$77532,$578,$0,$1370,$1370,$31,$199,$0,$17,$247,$2195,$-1419,$0,$0,$298,$-328,$-30,$-138,$-1587,$90,$0,$90,$-525,$-525,$-207,$4,$-638,$-36,$0,$-207
13,2015-06-30,37.85,$66.55,0.57,$37.05,1.02,$5.45,6.95,$1.85,20.46,$8.35B,$38.17B,0.22,$9.79B,$24.33B,0.4,$13.96B,$8.45B,60.51%,$13.96B,$1.67B,11.93%,$13.96B,$1.67B,11.93%,$13.96B,$1.67B,11.93%,$13.96B,$1.15B,8.24%,$13.96B,$0.70B,4.98%,$0.70B,$24.33B,2.82%,$0.70B,$23.96B,2.86%,$0.70B,$78.02B,0.89%,$1.67B,$34.12B,4.80%,$3435,$1469,$1966,$0,$314,$3006,$429,$-134,$295,$48,$247,$247,$170,$429,$429,$370,370,$0.46,$0.46,$249,$0,$0,$8346,$15917,$51048,$373,$1710,$69669,$78015,$38170,$9791,$4949,$15513,$53683,$4,$15747,$53,$24332,$78015,$296,$0,$803,$803,$-243,$10,$0,$221,$-12,$1087,$-1207,$0,$0,$119,$141,$260,$-87,$-1034,$174,$0,$174,$-190,$-190,$-156,$6,$-166,$-115,$0,$-156
14,2015-03-31,40.07,$66.31,0.6,$37.07,1.08,$5.95,6.73,$1.69,23.71,$8.43B,$38.32B,0.22,$9.86B,$24.63B,0.4,$14.12B,$8.63B,61.15%,$14.12B,$1.91B,13.52%,$14.12B,$1.91B,13.52%,$14.12B,$1.91B,13.52%,$14.12B,$1.40B,9.93%,$14.12B,$0.64B,4.54%,$0.64B,$24.63B,2.57%,$0.64B,$24.26B,2.61%,$0.64B,$78.62B,0.81%,$1.91B,$34.49B,5.46%,$3478,$1339,$2139,$0,$303,$3242,$236,$-131,$105,$56,$49,$49,$109,$236,$236,$373,373,$0.29,$0.29,$271,$0,$0,$8428,$15376,$52192,$371,$1640,$70195,$78623,$38318,$9863,$4882,$15675,$53993,$4,$15600,$298,$24630,$78623,$49,$0,$510,$510,$-153,$-371,$0,$7,$-517,$42,$-448,$0,$0,$197,$355,$552,$-10,$94,$-123,$0,$-123,$0,$0,$-105,$5,$-223,$-93,$0,$-105
15,2014-12-31,41.17,$66.10,0.62,$37.25,1.11,$6.21,6.64,$1.55,26.56,$8.13B,$37.39B,0.22,$10.33B,$24.65B,0.42,$14.33B,$8.73B,60.97%,$14.33B,$2.31B,16.11%,$14.33B,$2.31B,16.11%,$14.33B,$2.31B,16.11%,$14.33B,$1.81B,12.64%,$14.33B,$0.59B,4.13%,$0.59B,$24.65B,2.36%,$0.59B,$24.28B,2.39%,$0.59B,$78.37B,0.74%,$2.31B,$34.98B,6.55%,$3521,$1350,$2171,$0,$321,$2981,$540,$-129,$411,$110,$301,$301,$208,$540,$540,$382,383,$0.55,$0.55,$364,$0,$0,$8134,$15611,$52032,$374,$1616,$70233,$78367,$37388,$10333,$5103,$16329,$53717,$4,$15515,$280,$24650,$78367,$962,$902,$841,$1743,$738,$-129,$0,$-324,$285,$2990,$-1722,$0,$-448,$1396,$-588,$808,$-108,$-1470,$-265,$0,$-265,$-760,$-760,$-433,$16,$-1442,$70,$0,$-433
16,2014-09-30,40.76,$66.46,0.61,$37.58,1.08,$3.81,10.69,$0.49,83.19,$8.82B,$37.61B,0.24,$10.05B,$25.12B,0.4,$14.52B,$8.73B,60.13%,$14.52B,$2.51B,17.28%,$14.52B,$2.51B,17.28%,$14.52B,$2.51B,17.28%,$14.52B,$2.04B,14.02%,$14.52B,$0.19B,1.27%,$0.19B,$25.12B,0.74%,$0.19B,$24.76B,0.75%,$0.19B,$78.53B,0.23%,$2.51B,$35.17B,7.15%,$3523,$1354,$2169,$0,$332,$3063,$460,$-121,$339,$99,$240,$240,$208,$460,$460,$381,381,$0.55,$0.55,$637,$0,$0,$8822,$14411,$52644,$353,$1672,$69707,$78529,$37608,$10051,$4724,$15805,$53413,$4,$15817,$638,$25116,$78529,$668,$0,$1491,$1491,$571,$-147,$0,$-487,$-63,$2096,$-745,$0,$0,$489,$-657,$-168,$-52,$-965,$9,$0,$9,$-475,$-475,$-333,$14,$-785,$343,$0,$-333
17,2014-06-30,43.0,$66.20,0.65,$37.61,1.14,$0.67,63.94,$0.67,64.18,$8.72B,$38.36B,0.23,$9.83B,$25.36B,0.39,$14.59B,$8.78B,60.17%,$14.59B,$2.73B,18.71%,$14.59B,$2.73B,18.71%,$14.59B,$2.73B,18.71%,$14.59B,$2.27B,15.58%,$14.59B,$0.26B,1.77%,$0.26B,$25.36B,1.03%,$0.26B,$25.00B,1.06%,$0.26B,$82.89B,0.32%,$2.73B,$35.18B,7.82%,$3593,$1441,$2152,$0,$335,$2921,$672,$-126,$546,$145,$401,$401,$116,$672,$672,$386,386,$0.30,$0.30,$277,$0,$0,$8718,$14133,$52951,$355,$1681,$74176,$82894,$38359,$9828,$4410,$19180,$57539,$4,$15633,$807,$25355,$82894,$399,$0,$1112,$1112,$-142,$-117,$0,$-60,$-319,$1192,$-1122,$0,$0,$3,$-36,$-33,$-4,$-1159,$435,$0,$435,$-261,$-261,$-232,$17,$-41,$-17,$0,$-232
18,2014-03-31,42.98,$64.92,0.66,$37.59,1.14,$-1.11,0.0,$1.06,40.54,$8.66B,$37.79B,0.23,$10.46B,$25.12B,0.42,$14.62B,$8.76B,59.93%,$14.62B,$2.73B,18.69%,$14.62B,$2.73B,18.69%,$14.62B,$2.73B,18.69%,$14.62B,$2.29B,15.69%,$14.62B,$0.41B,2.82%,$0.41B,$25.12B,1.66%,$0.41B,$24.76B,1.70%,$0.41B,$81.80B,0.51%,$2.73B,$35.57B,7.85%,$3688,$1446,$2242,$0,$329,$3052,$636,$-122,$514,$103,$411,$411,$59,$636,$636,$387,388,$0.15,$0.15,$301,$0,$0,$8656,$14974,$52063,$354,$5104,$73147,$81803,$37787,$10456,$7545,$18899,$56686,$4,$15541,$563,$25117,$81803,$184,$0,$746,$746,$38,$-225,$0,$-320,$-507,$423,$-747,$0,$0,$-222,$330,$108,$2,$-637,$461,$0,$461,$-99,$-99,$-130,$1,$233,$6,$0,$-130
19,2013-12-31,47.0,$64.32,0.73,$37.48,1.25,$-0.24,0.0,$1.53,30.72,$9.63B,$39.35B,0.25,$9.53B,$24.91B,0.38,$14.61B,$8.81B,60.27%,$14.61B,$2.70B,18.49%,$14.61B,$2.70B,18.49%,$14.61B,$2.70B,18.49%,$14.61B,$2.28B,15.58%,$14.61B,$0.60B,4.07%,$0.60B,$24.91B,2.40%,$0.60B,$24.55B,2.49%,$0.60B,$79.94B,0.74%,$2.70B,$34.43B,7.84%,$3714,$1547,$2167,$0,$358,$2973,$741,$-104,$637,$229,$408,$408,$-198,$741,$741,$389,390,$-0.51,$-0.51,$294,$0,$0,$9632,$13524,$52945,$357,$1816,$70307,$79939,$39347,$9525,$4813,$15686,$55033,$4,$15508,$339,$24906,$79939,$1069,$1483,$-26,$1457,$87,$-901,$0,$384,$-430,$2096,$-1737,$0,$-53,$-101,$-1150,$-1251,$-257,$-3298,$1761,$0,$1761,$147,$147,$-597,$-40,$1271,$66,$0,$-597
20,2013-09-30,45.48,$64.11,0.71,$36.09,1.26,$3.05,14.9,$1.96,23.2,$9.28B,$39.19B,0.24,$9.71B,$24.82B,0.39,$14.12B,$8.30B,58.77%,$14.12B,$2.71B,19.22%,$14.12B,$2.71B,19.22%,$14.12B,$2.71B,19.22%,$14.12B,$2.30B,16.27%,$14.12B,$0.76B,5.39%,$0.76B,$24.82B,3.08%,$0.76B,$23.83B,3.21%,$0.76B,$79.51B,0.95%,$2.71B,$34.53B,7.91%,$3597,$1378,$2219,$0,$341,$2916,$681,$-105,$576,$155,$421,$421,$282,$681,$681,$387,388,$0.73,$0.73,$257,$0,$0,$9280,$14381,$52358,$991,$1858,$70230,$79510,$39186,$9705,$4967,$15503,$54689,$4,$15911,$20,$24821,$79510,$1194,$0,$925,$925,$146,$-898,$0,$-38,$-790,$1329,$-1172,$0,$-235,$611,$-934,$-323,$-135,$-1865,$895,$0,$895,$146,$146,$-444,$-29,$568,$29,$0,$-444
21,2013-06-30,43.14,$63.51,0.68,$36.22,1.19,$5.86,7.37,$1.68,25.68,$9.69B,$39.68B,0.24,$10.04B,$24.64B,0.41,$14.24B,$8.36B,58.71%,$14.24B,$2.55B,17.91%,$14.24B,$2.55B,17.91%,$14.24B,$2.55B,17.91%,$14.24B,$2.13B,14.96%,$14.24B,$0.66B,4.61%,$0.66B,$24.64B,2.65%,$0.66B,$23.65B,2.76%,$0.66B,$80.05B,0.82%,$2.55B,$34.68B,7.48%,$3616,$1485,$2131,$0,$335,$2942,$674,$-108,$566,$163,$403,$403,$269,$674,$674,$389,390,$0.69,$0.69,$166,$0,$0,$9685,$14525,$52332,$989,$1865,$70361,$80046,$39681,$10039,$4935,$15723,$55404,$4,$15654,$37,$24642,$80046,$810,$0,$613,$613,$-180,$-879,$0,$139,$-920,$503,$-1126,$0,$0,$616,$-700,$-84,$-83,$-1293,$856,$0,$856,$193,$193,$-292,$-23,$734,$-64,$0,$-292
22,2013-03-31,42.76,$63.40,0.67,$35.48,1.21,$8.43,5.07,$1.13,37.84,$9.78B,$40.65B,0.24,$9.42B,$24.72B,0.38,$14.01B,$8.27B,59.01%,$14.01B,$2.20B,15.71%,$14.01B,$2.20B,15.71%,$14.01B,$2.20B,15.71%,$14.01B,$1.78B,12.69%,$14.01B,$0.44B,3.16%,$0.44B,$24.72B,1.80%,$0.44B,$23.73B,1.87%,$0.44B,$80.61B,0.56%,$2.20B,$34.14B,6.52%,$3686,$1396,$2290,$0,$328,$3080,$606,$-108,$498,$109,$389,$389,$242,$606,$606,$391,392,$0.62,$0.62,$179,$0,$0,$9784,$14204,$53184,$993,$1808,$70830,$80614,$40650,$9418,$4933,$15246,$55896,$4,$15410,$566,$24718,$80614,$398,$0,$335,$335,$-68,$8,$0,$-65,$-125,$608,$-597,$0,$0,$375,$-389,$-14,$-22,$-633,$224,$0,$224,$-92,$-92,$-146,$-3,$-17,$-49,$0,$-146
23,2012-12-31,39.42,$62.98,0.63,$35.50,1.11,$8.73,4.51,$1.43,27.57,$9.59B,$40.23B,0.24,$9.19B,$24.68B,0.37,$14.07B,$8.34B,59.29%,$14.07B,$2.45B,17.40%,$14.07B,$2.45B,17.40%,$14.07B,$2.45B,17.40%,$14.07B,$2.02B,14.37%,$14.07B,$0.57B,4.04%,$0.57B,$24.68B,2.32%,$0.57B,$23.68B,2.41%,$0.57B,$80.02B,0.72%,$2.45B,$33.87B,7.31%,$3225,$1565,$1660,$0,$337,$2472,$753,$-95,$658,$176,$482,$482,$-32,$753,$753,$395,396,$-0.08,$-0.08,$228,$0,$0,$9594,$13935,$53048,$996,$1850,$70427,$80021,$40229,$9191,$5085,$15116,$55345,$4,$15192,$678,$24676,$80021,$1110,$855,$553,$1408,$327,$-406,$0,$415,$336,$2854,$-1184,$0,$-987,$-192,$-590,$-782,$-142,$-3095,$242,$0,$242,$650,$650,$-549,$-7,$336,$99,$0,$-549
24,2012-09-30,39.86,$63.17,0.63,$35.94,1.11,$11.55,3.45,$2.18,18.28,$9.64B,$39.98B,0.24,$8.85B,$24.86B,0.36,$14.33B,$8.81B,61.46%,$14.33B,$2.29B,16.00%,$14.33B,$2.29B,16.00%,$14.33B,$2.29B,16.00%,$14.33B,$1.85B,12.88%,$14.33B,$0.87B,6.08%,$0.87B,$24.86B,3.61%,$0.87B,$23.92B,3.76%,$0.87B,$79.55B,1.13%,$2.29B,$33.71B,6.94%,$3715,$1435,$2280,$0,$333,$3197,$518,$-109,$409,$99,$310,$310,$177,$518,$518,$394,395,$0.45,$0.45,$169,$0,$0,$9643,$13564,$52914,$939,$1891,$69911,$79554,$39977,$8848,$4745,$14715,$54692,$4,$15415,$964,$24862,$79554,$1027,$0,$1110,$1110,$522,$-422,$0,$-135,$-35,$2102,$-834,$0,$-367,$-637,$44,$-593,$-108,$-1902,$-180,$0,$-180,$427,$427,$-404,$-6,$-163,$40,$0,$-404
25,2012-06-30,39.46,$61.28,0.64,$35.10,1.12,$12.20,3.23,$2.13,18.52,$9.28B,$38.49B,0.24,$9.05B,$24.24B,0.37,$14.05B,$8.56B,60.95%,$14.05B,$2.34B,16.65%,$14.05B,$2.34B,16.65%,$14.05B,$2.34B,16.65%,$14.05B,$1.88B,13.35%,$14.05B,$0.86B,6.09%,$0.86B,$24.24B,3.60%,$0.86B,$23.33B,3.74%,$0.86B,$77.33B,1.12%,$2.34B,$33.29B,7.20%,$3388,$1348,$2040,$0,$309,$3063,$325,$-111,$214,$16,$198,$198,$56,$325,$325,$396,397,$0.14,$0.14,$136,$0,$0,$9281,$13709,$51075,$908,$1771,$68047,$77328,$38487,$9048,$4600,$14600,$53087,$4,$15263,$746,$24241,$77328,$717,$0,$673,$673,$257,$-477,$0,$-64,$-284,$1106,$-718,$0,$0,$-116,$-234,$-350,$-90,$-1158,$129,$0,$129,$200,$200,$-266,$-4,$59,$7,$0,$-266
26,2012-03-31,38.39,$60.78,0.63,$35.23,1.09,$12.75,3.01,$2.61,14.71,$9.51B,$38.72B,0.25,$8.95B,$24.12B,0.37,$14.21B,$8.70B,61.24%,$14.21B,$2.69B,18.95%,$14.21B,$2.69B,18.95%,$14.21B,$2.69B,18.95%,$14.21B,$2.21B,15.56%,$14.21B,$1.05B,7.39%,$1.05B,$24.12B,4.45%,$1.05B,$23.21B,4.62%,$1.05B,$77.24B,1.38%,$2.69B,$33.08B,8.32%,$3744,$1381,$2363,$0,$295,$2892,$852,$-111,$741,$222,$519,$519,$367,$852,$852,$397,397,$0.93,$0.92,$99,$0,$0,$9508,$13522,$50958,$908,$1768,$67732,$77240,$38722,$8954,$4506,$14397,$53119,$4,$15232,$654,$24121,$77240,$519,$0,$270,$270,$142,$-494,$0,$-109,$-461,$328,$-197,$0,$0,$-88,$-192,$-280,$-36,$-513,$39,$0,$39,$250,$250,$-133,$-2,$154,$-30,$0,$-133
27,2011-12-31,36.2,$58.54,0.62,$34.68,1.04,$14.79,2.45,$2.61,13.87,$9.39B,$37.80B,0.25,$8.91B,$23.20B,0.38,$14.13B,$8.64B,61.15%,$14.13B,$2.75B,19.45%,$14.13B,$2.75B,19.45%,$14.13B,$2.75B,19.45%,$14.13B,$2.23B,15.75%,$14.13B,$1.06B,7.52%,$1.06B,$23.20B,4.53%,$1.06B,$22.30B,4.71%,$1.06B,$75.27B,1.40%,$2.75B,$32.12B,8.51%,$3481,$1358,$2123,$0,$296,$2883,$598,$-116,$482,$70,$412,$412,$271,$598,$598,$405,405,$0.68,$0.69,$129,$0,$0,$9388,$13618,$49028,$908,$1774,$65880,$75268,$37804,$8913,$4726,$14261,$52065,$4,$14890,$384,$23203,$75268,$1694,$769,$446,$1215,$1085,$354,$0,$-383,$1056,$3965,$-1113,$0,$-548,$1461,$-1576,$-115,$-127,$-1903,$-511,$0,$-511,$-556,$-556,$-500,$-486,$-2053,$9,$0,$-500
28,2011-09-30,33.16,$59.30,0.56,$34.94,0.95,$7.37,4.5,$3.06,10.84,$10.24B,$39.62B,0.26,$8.03B,$23.57B,0.34,$14.36B,$9.05B,62.97%,$14.36B,$3.23B,22.47%,$14.36B,$3.23B,22.47%,$14.36B,$3.23B,22.47%,$14.36B,$2.69B,18.72%,$14.36B,$1.26B,8.76%,$1.26B,$23.57B,5.38%,$1.26B,$22.71B,5.58%,$1.26B,$76.31B,1.65%,$3.23B,$31.59B,10.02%,$3438,$1400,$2038,$0,$297,$2873,$565,$-126,$439,$123,$316,$316,$162,$565,$565,$401,402,$0.41,$0.40,$128,$0,$0,$10237,$12935,$49625,$856,$1869,$66068,$76305,$39624,$8026,$4288,$13116,$52740,$4,$15282,$735,$23565,$76305,$1282,$0,$975,$975,$224,$-231,$0,$-226,$-233,$2024,$-474,$0,$0,$1295,$-388,$907,$-786,$-353,$-279,$0,$-279,$-524,$-524,$-373,$-486,$-1662,$8,$0,$-373
29,2011-06-30,40.33,$58.00,0.7,$35.23,1.14,$5.94,6.79,$2.75,14.66,$10.28B,$38.36B,0.27,$9.16B,$23.48B,0.39,$14.63B,$9.37B,64.03%,$14.63B,$3.05B,20.84%,$14.63B,$3.05B,20.84%,$14.63B,$3.05B,20.84%,$14.63B,$2.51B,17.15%,$14.63B,$1.13B,7.74%,$1.13B,$23.48B,4.84%,$1.13B,$22.63B,5.03%,$1.13B,$76.07B,1.48%,$3.05B,$32.65B,9.40%,$3542,$1367,$2175,$0,$286,$2865,$677,$-129,$548,$144,$404,$404,$250,$677,$677,$408,409,$0.61,$0.61,$148,$0,$0,$10281,$12456,$48884,$856,$2486,$65788,$76069,$38356,$9163,$4429,$14230,$52586,$4,$15145,$581,$23483,$76069,$966,$0,$443,$443,$203,$-521,$0,$-175,$-493,$916,$-291,$0,$0,$1580,$-142,$1438,$-774,$373,$-332,$0,$-332,$-246,$-246,$-247,$-438,$-1263,$28,$0,$-247
30,2011-03-31,41.22,$57.14,0.72,$34.88,1.18,$6.60,6.25,$3.00,13.74,$10.31B,$38.30B,0.27,$9.30B,$23.45B,0.4,$14.57B,$9.53B,65.40%,$14.57B,$3.30B,22.66%,$14.57B,$3.30B,22.66%,$14.57B,$3.30B,22.66%,$14.57B,$2.76B,18.96%,$14.57B,$1.25B,8.57%,$1.25B,$23.45B,5.38%,$1.25B,$22.59B,5.59%,$1.25B,$75.97B,1.64%,$3.30B,$32.74B,10.27%,$3668,$1364,$2304,$0,$297,$2760,$908,$-151,$757,$195,$562,$562,$379,$908,$908,$413,414,$0.92,$0.92,$123,$0,$0,$10305,$12543,$48632,$856,$2408,$65662,$75967,$38296,$9296,$4930,$14226,$52522,$4,$14919,$294,$23445,$75967,$562,$0,$164,$164,$138,$522,$0,$-257,$403,$1129,$-150,$0,$0,$277,$-528,$-251,$-415,$-816,$-9,$0,$-9,$-178,$-178,$-124,$-1,$-312,$3,$0,$-124
31,2010-12-31,37.17,$55.74,0.67,$34.78,1.07,$4.43,8.4,$3.07,12.11,$10.26B,$38.92B,0.26,$8.83B,$23.11B,0.38,$14.62B,$9.63B,65.89%,$14.62B,$3.42B,23.39%,$14.62B,$3.42B,23.39%,$14.62B,$3.42B,23.39%,$14.62B,$2.90B,19.86%,$14.62B,$1.29B,8.82%,$1.29B,$23.11B,5.65%,$1.29B,$22.25B,5.87%,$1.29B,$76.28B,1.70%,$3.42B,$31.94B,10.74%,$3715,$1187,$2528,$0,$130,$2637,$1078,$-133,$945,$275,$670,$670,$467,$1078,$1078,$419,420,$1.12,$1.12,$120,$0,$0,$10262,$12636,$48907,$856,$2537,$66015,$76277,$38922,$8830,$4857,$14249,$53171,$4,$14564,$230,$23106,$76277,$1988,$698,$107,$805,$-335,$-1778,$0,$-727,$-2840,$-47,$-112,$0,$0,$1892,$-1116,$776,$0,$664,$-14,$0,$-14,$-53,$-53,$-597,$-24,$-688,$-70,$0,$-597
32,2010-09-30,36.15,$56.46,0.64,$34.74,1.04,$9.76,3.7,$2.89,12.51,$11.22B,$39.20B,0.29,$8.83B,$23.50B,0.38,$14.72B,$9.55B,64.89%,$14.72B,$3.35B,22.77%,$14.72B,$3.35B,22.77%,$14.72B,$3.35B,22.77%,$14.72B,$2.84B,19.30%,$14.72B,$1.23B,8.32%,$1.23B,$23.50B,5.49%,$1.23B,$22.64B,5.71%,$1.23B,$76.82B,1.62%,$3.35B,$32.33B,10.64%,$3701,$1343,$2358,$0,$351,$3316,$385,$-127,$258,$84,$174,$174,$36,$385,$385,$418,418,$0.09,$0.09,$132,$0,$0,$11223,$12619,$48842,$856,$2185,$65598,$76821,$39199,$8829,$4737,$14123,$53322,$4,$14433,$1017,$23499,$76821,$1317,$0,$551,$551,$-583,$243,$0,$-633,$-973,$895,$119,$0,$0,$629,$-704,$-75,$-470,$-426,$-14,$0,$-14,$-9,$-9,$-476,$-28,$-527,$-58,$0,$-476
33,2010-06-30,31.71,$54.34,0.58,$34.52,0.92,$8.79,3.61,$3.88,8.17,$9.86B,$38.22B,0.26,$8.81B,$22.73B,0.39,$14.76B,$9.65B,65.39%,$14.76B,$4.04B,27.39%,$14.76B,$4.04B,27.39%,$14.76B,$4.04B,27.39%,$14.76B,$3.54B,23.99%,$14.76B,$1.66B,11.23%,$1.66B,$22.73B,7.62%,$1.66B,$21.87B,7.93%,$1.66B,$75.06B,2.21%,$4.04B,$31.54B,13.09%,$3486,$1147,$2339,$0,$345,$2556,$930,$-127,$803,$262,$541,$541,$366,$930,$930,$419,419,$0.88,$0.87,$91,$0,$0,$9856,$12626,$47710,$856,$2355,$65203,$75059,$38215,$8809,$5308,$14117,$52332,$4,$14426,$295,$22727,$75059,$1164,$0,$446,$446,$334,$-589,$0,$-555,$-810,$800,$118,$0,$0,$1058,$-1158,$-100,$-170,$-152,$-431,$0,$-431,$68,$68,$-356,$-26,$-745,$-99,$0,$-356
34,2010-03-31,35.42,$52.40,0.68,$34.32,1.03,$7.24,4.89,$3.79,9.35,$10.14B,$38.83B,0.26,$9.55B,$21.99B,0.43,$14.81B,$9.55B,64.50%,$14.81B,$3.98B,26.87%,$14.81B,$3.98B,26.87%,$14.81B,$3.98B,26.87%,$14.81B,$3.49B,23.60%,$14.81B,$1.63B,11.02%,$1.63B,$21.99B,7.86%,$1.63B,$21.14B,8.20%,$1.63B,$75.86B,2.20%,$3.98B,$31.54B,13.33%,$3713,$1308,$2405,$0,$342,$2687,$1026,$-130,$896,$273,$623,$623,$420,$1026,$1026,$423,424,$0.99,$0.99,$135,$0,$0,$10135,$13249,$47502,$856,$2135,$65720,$75855,$38833,$9549,$5480,$15029,$53862,$4,$14085,$-75,$21993,$75855,$623,$0,$175,$175,$250,$-584,$0,$-170,$-504,$294,$-212,$0,$0,$1628,$-1785,$-157,$-42,$-411,$124,$0,$124,$146,$146,$-192,$-14,$64,$-55,$0,$-192
35,2009-12-31,34.48,$49.60,0.7,$32.50,1.06,$8.36,4.12,$1.31,26.32,$10.40B,$38.81B,0.27,$9.48B,$21.09B,0.45,$14.12B,$8.83B,62.53%,$14.12B,$3.21B,22.77%,$14.12B,$3.21B,22.77%,$14.12B,$3.21B,22.77%,$14.12B,$1.73B,12.25%,$14.12B,$0.56B,4.00%,$0.56B,$21.09B,2.89%,$0.56B,$20.23B,3.03%,$0.56B,$74.07B,0.78%,$3.21B,$30.56B,11.36%,$3822,$1371,$2451,$0,$354,$2811,$1011,$-127,$884,$277,$607,$607,$403,$1011,$1011,$433,433,$0.93,$0.93,$190,$0,$0,$10402,$13274,$46034,$856,$1769,$63668,$74070,$38813,$9475,$4697,$14172,$52985,$4,$13693,$-419,$21085,$74070,$1383,$585,$1826,$2411,$691,$760,$0,$-654,$797,$4591,$-2444,$0,$0,$-1620,$-860,$-2480,$61,$-4863,$1226,$0,$1226,$-146,$-146,$-756,$-3,$321,$59,$0,$-756
36,2009-09-30,32.43,$49.20,0.66,$28.37,1.14,$2.49,13.03,$-1.83,0.0,$11.68B,$40.82B,0.29,$8.70B,$21.19B,0.41,$13.04B,$7.78B,59.64%,$13.04B,$1.64B,12.57%,$13.04B,$1.64B,12.57%,$13.04B,$1.64B,12.57%,$13.04B,$-0.50B,-3.80%,$13.04B,$-0.80B,-6.11%,$-0.80B,$21.19B,-4.31%,$-0.80B,$20.33B,-4.52%,$-0.80B,$75.11B,-1.11%,$1.64B,$29.88B,6.07%,$3738,$1282,$2456,$0,$365,$2663,$1075,$-117,$958,$266,$692,$692,$468,$1075,$1075,$433,433,$1.08,$1.08,$156,$0,$0,$11678,$13200,$45261,$856,$1986,$63434,$75112,$40822,$8695,$4409,$13104,$53926,$4,$13563,$-329,$21186,$75112,$777,$0,$2167,$2167,$543,$96,$0,$-819,$-180,$2764,$-2133,$0,$0,$-799,$225,$-574,$20,$-2687,$446,$0,$446,$42,$42,$-563,$15,$-60,$25,$0,$-563
37,2009-06-30,25.9,$43.23,0.6,$26.55,0.98,$-2.54,0.0,$-3.22,0.0,$11.67B,$39.87B,0.29,$8.65B,$18.76B,0.46,$12.27B,$6.77B,55.18%,$12.27B,$0.61B,4.93%,$12.27B,$0.61B,4.93%,$12.27B,$0.61B,4.93%,$12.27B,$-1.49B,-12.18%,$12.27B,$-1.40B,-11.43%,$-1.40B,$18.76B,-8.18%,$-1.40B,$17.91B,-8.68%,$-1.40B,$71.63B,-1.97%,$0.61B,$27.42B,2.39%,$3534,$1295,$2239,$0,$349,$2668,$866,$-110,$756,$197,$559,$559,$340,$866,$866,$435,436,$0.78,$0.78,$136,$0,$0,$11665,$12671,$41313,$856,$1791,$59965,$71630,$39874,$8653,$4341,$12994,$52868,$4,$13122,$-1972,$18762,$71630,$86,$0,$1849,$1849,$42,$177,$0,$-502,$-283,$1652,$-1373,$0,$0,$-897,$605,$-292,$10,$-1655,$406,$0,$406,$-32,$-32,$-375,$4,$3,$5,$0,$-375
38,2009-03-31,20.84,$38.83,0.54,$24.78,0.84,$-1.48,0.0,$5.54,3.76,$11.47B,$39.82B,0.29,$8.45B,$16.90B,0.5,$12.66B,$6.98B,55.16%,$12.66B,$0.93B,7.38%,$12.66B,$0.93B,7.38%,$12.66B,$0.93B,7.38%,$12.66B,$-1.14B,-9.03%,$12.66B,$3.12B,24.62%,$3.12B,$16.90B,18.73%,$3.12B,$16.02B,20.08%,$3.12B,$69.67B,4.33%,$0.93B,$25.35B,3.82%,$3023,$1342,$1681,$0,$349,$2761,$262,$-1130,$-868,$-395,$-473,$-473,$-647,$262,$262,$435,435,$-1.49,$-1.49,$138,$0,$0,$11472,$12160,$39091,$875,$1792,$58195,$69667,$39822,$8453,$4496,$12949,$52771,$4,$12700,$-3229,$16896,$69667,$-473,$0,$1360,$1360,$92,$457,$0,$-298,$251,$1138,$-567,$0,$0,$-1457,$806,$-651,$110,$-1108,$161,$0,$161,$1,$1,$-188,$5,$-21,$7,$0,$-188
39,2008-12-31,26.56,$39.38,0.67,$23.48,1.13,$-1.78,0.0,$8.08,3.29,$11.80B,$39.84B,0.3,$8.19B,$17.14B,0.48,$13.25B,$7.52B,56.80%,$13.25B,$1.62B,12.25%,$13.25B,$1.62B,12.25%,$13.25B,$1.62B,12.25%,$13.25B,$0.59B,4.43%,$13.25B,$4.32B,32.60%,$4.32B,$17.14B,25.82%,$4.32B,$16.28B,27.87%,$4.32B,$69.87B,5.86%,$1.62B,$25.32B,6.65%,$2743,$1343,$1400,$0,$384,$3307,$-564,$-777,$-1341,$-530,$-811,$-811,$-958,$-564,$-564,$586,586,$-1.25,$-1.23,$131,$0,$0,$11803,$12892,$38450,$856,$1816,$58067,$69870,$39836,$8187,$4712,$12899,$52735,$4,$13375,$-3586,$17135,$69870,$5293,$875,$-2554,$-1679,$842,$-84,$0,$-693,$-243,$3371,$-3910,$0,$0,$2942,$-2552,$390,$306,$-3214,$1003,$0,$1003,$148,$148,$-732,$-592,$-173,$-29,$0,$-732
40,2008-09-30,37.04,$36.10,1.03,$25.94,1.43,$4.55,8.14,$11.00,3.37,$12.44B,$41.70B,0.3,$7.41B,$15.74B,0.47,$15.07B,$9.18B,60.90%,$15.07B,$3.13B,20.79%,$15.07B,$3.13B,20.79%,$15.07B,$3.13B,20.79%,$15.07B,$2.88B,19.08%,$15.07B,$5.79B,38.41%,$5.79B,$15.74B,34.37%,$5.79B,$14.38B,37.38%,$5.79B,$73.42B,7.69%,$3.13B,$23.15B,12.94%,$2970,$1519,$1451,$0,$355,$2929,$41,$-82,$-41,$-56,$15,$15,$-137,$41,$41,$436,436,$-0.31,$-0.31,$236,$0,$0,$12437,$12809,$42278,$1358,$1911,$60980,$73417,$41701,$7407,$4400,$15975,$57676,$4,$14435,$-1974,$15741,$73417,$6103,$0,$-3214,$-3214,$560,$-1145,$-34,$-533,$-1512,$1377,$-2937,$0,$0,$1567,$-63,$1504,$487,$-946,$418,$0,$418,$168,$168,$-547,$-388,$-349,$76,$0,$-547
41,2008-06-30,43.93,$38.46,1.14,$24.63,1.78,$12.86,3.42,$12.08,3.64,$12.13B,$42.36B,0.29,$7.14B,$16.78B,0.43,$15.63B,$9.68B,61.93%,$15.63B,$3.81B,24.40%,$15.63B,$3.81B,24.40%,$15.63B,$3.81B,24.40%,$15.63B,$3.55B,22.74%,$15.63B,$6.34B,40.54%,$6.34B,$16.78B,36.77%,$6.34B,$15.42B,39.91%,$6.34B,$74.78B,8.26%,$3.81B,$23.92B,15.54%,$3922,$1472,$2450,$0,$360,$2727,$1195,$-88,$1107,$340,$767,$767,$4859,$1195,$1195,$617,618,$9.56,$9.54,$168,$0,$0,$12133,$11782,$45358,$1357,$1959,$62649,$74782,$42356,$7137,$4254,$15645,$58001,$4,$14598,$-1101,$16781,$74782,$6081,$0,$-4082,$-4082,$176,$1488,$-28,$-772,$832,$2831,$-1779,$0,$0,$-1542,$463,$-1079,$418,$-2440,$139,$0,$139,$177,$177,$-398,$-291,$-373,$17,$0,$-398
42,2008-03-31,37.62,$27.04,1.39,$23.73,1.59,$13.64,2.76,$3.49,10.78,$12.17B,$41.69B,0.29,$7.97B,$17.26B,0.46,$15.22B,$9.27B,60.91%,$15.22B,$3.54B,23.22%,$15.22B,$3.54B,23.22%,$15.22B,$3.54B,23.22%,$15.22B,$3.29B,21.64%,$15.22B,$1.99B,13.07%,$1.99B,$17.26B,11.49%,$1.99B,$15.90B,12.26%,$1.99B,$76.89B,2.55%,$3.54B,$25.23B,14.22%,$3612,$1389,$2223,$0,$368,$2661,$951,$-89,$862,$253,$609,$609,$555,$951,$951,$638,640,$1.05,$1.05,$207,$0,$0,$12166,$11086,$47429,$1354,$2254,$64726,$76892,$41686,$7971,$6190,$17949,$59635,$6,$14269,$-983,$17257,$76892,$862,$0,$534,$534,$23,$421,$-5,$-512,$91,$1487,$-839,$0,$0,$-1170,$41,$-1129,$738,$-1230,$81,$0,$81,$-69,$-69,$-200,$-12,$-200,$56,$0,$-200
43,2007-12-31,47.02,$33.21,1.42,$25.16,1.87,$12.12,3.88,$3.64,12.92,$11.61B,$41.56B,0.28,$6.96B,$17.59B,0.4,$16.22B,$10.21B,62.96%,$16.22B,$4.04B,24.93%,$16.22B,$4.04B,24.93%,$16.22B,$4.04B,24.93%,$16.22B,$3.81B,23.51%,$16.22B,$2.08B,12.85%,$2.08B,$17.59B,12.09%,$2.08B,$16.24B,12.70%,$2.08B,$76.12B,2.68%,$4.04B,$24.55B,16.32%,$4567,$1513,$3054,$0,$383,$3620,$947,$-89,$947,$311,$636,$505,$512,$947,$947,$640,640,$0.72,$0.72,$140,$0,$0,$11609,$10218,$46669,$1353,$1823,$64506,$76115,$41560,$6963,$4466,$16964,$58524,$6,$13691,$-65,$17591,$76115,$3100,$205,$40,$245,$1271,$1797,$-138,$-586,$2326,$5671,$-2210,$0,$-4029,$2151,$703,$2854,$-3430,$-6815,$2137,$0,$2137,$-129,$-129,$-785,$-98,$1125,$-14,$0,$-785
44,2007-09-30,45.1,$27.08,1.67,$25.35,1.78,$7.98,5.65,$4.03,11.19,$13.04B,$45.00B,0.29,$7.15B,$17.28B,0.41,$16.47B,$10.37B,62.97%,$16.47B,$4.44B,26.93%,$16.47B,$4.44B,26.93%,$16.47B,$4.44B,26.93%,$16.47B,$4.21B,25.54%,$16.47B,$2.32B,14.08%,$2.32B,$17.28B,13.67%,$2.32B,$15.93B,14.13%,$2.32B,$78.97B,2.97%,$4.44B,$24.43B,17.69%,$3525,$1575,$1950,$0,$384,$2806,$719,$-81,$638,$182,$456,$309,$409,$719,$719,$640,642,$0.77,$0.77,$127,$0,$0,$13036,$9637,$50657,$1347,$2254,$65929,$78965,$44995,$7151,$5887,$16691,$61686,$7,$13822,$59,$17279,$78965,$1977,$0,$683,$683,$520,$1677,$-56,$-334,$1714,$4374,$-1339,$0,$-4029,$196,$3251,$3447,$-3621,$-5542,$2106,$0,$2106,$-351,$-351,$-588,$-39,$1128,$-40,$0,$-588
45,2007-06-30,47.49,$26.57,1.79,$26.77,1.77,$4.91,9.67,$4.20,11.31,$14.67B,$45.42B,0.32,$8.06B,$17.14B,0.47,$17.45B,$11.40B,65.36%,$17.45B,$4.91B,28.14%,$17.45B,$4.91B,28.14%,$17.45B,$4.91B,28.14%,$17.45B,$4.68B,26.83%,$17.45B,$2.43B,13.90%,$2.43B,$17.14B,14.56%,$2.43B,$16.84B,14.83%,$2.43B,$79.54B,3.14%,$4.91B,$25.20B,19.71%,$3517,$1473,$2044,$0,$372,$2599,$918,$-71,$847,$256,$591,$422,$513,$918,$918,$645,646,$0.95,$0.95,$137,$0,$0,$14665,$5989,$54315,$297,$2276,$64873,$79538,$45415,$8056,$5393,$16983,$62398,$7,$13349,$111,$17140,$79538,$1422,$0,$159,$159,$484,$587,$-11,$-350,$731,$2312,$-705,$0,$0,$-1207,$508,$-699,$-363,$-1767,$-2,$0,$-2,$-60,$-60,$-481,$-37,$-580,$-35,$0,$-481
46,2007-03-31,42.27,$26.21,1.61,$27.98,1.51,$4.28,9.87,$4.10,10.31,$13.19B,$43.03B,0.31,$8.04B,$16.92B,0.48,$18.21B,$12.21B,67.03%,$18.21B,$5.07B,27.86%,$18.21B,$5.07B,27.86%,$18.21B,$5.07B,27.86%,$18.21B,$4.86B,26.68%,$18.21B,$2.39B,13.12%,$2.39B,$16.92B,15.01%,$2.39B,$16.62B,15.29%,$2.39B,$76.74B,3.17%,$5.07B,$24.96B,21.46%,$4613,$1448,$3165,$0,$381,$3153,$1460,$-78,$1382,$453,$929,$763,$650,$1460,$1460,$650,651,$1.20,$1.20,$129,$0,$0,$13193,$5720,$53422,$297,$2313,$63547,$76740,$43027,$8042,$5347,$16795,$59822,$7,$12781,$394,$16918,$76740,$768,$0,$91,$91,$64,$-640,$38,$-600,$-865,$-6,$-323,$0,$0,$-421,$1897,$1476,$-755,$398,$-1,$0,$-1,$-2,$-2,$-374,$-37,$-414,$-22,$0,$-374
47,2006-12-31,38.53,$25.29,1.52,$27.56,1.4,$5.51,6.99,$3.75,10.28,$13.05B,$42.67B,0.31,$9.17B,$16.50B,0.56,$17.84B,$11.79B,66.10%,$17.84B,$4.67B,26.19%,$17.84B,$4.67B,26.19%,$17.84B,$4.67B,26.19%,$17.84B,$4.46B,25.01%,$17.84B,$2.21B,12.39%,$2.21B,$16.50B,14.73%,$2.21B,$16.21B,15.03%,$2.21B,$76.88B,2.99%,$4.67B,$25.67B,20.93%,$4811,$1601,$3210,$0,$402,$3473,$1338,$-80,$1338,$412,$926,$763,$746,$1338,$1338,$657,657,$1.11,$1.11,$118,$0,$0,$13054,$5490,$53870,$294,$2377,$63827,$76881,$42670,$9170,$5643,$17709,$60379,$6,$12099,$387,$16502,$76881,$2491,$-30,$516,$486,$2151,$-2024,$-1097,$-321,$-1262,$1715,$-880,$0,$0,$-2334,$-2133,$-4467,$2710,$-2637,$367,$0,$367,$1562,$1562,$-446,$-569,$914,$-8,$0,$-446
