,Date,Stock Price,Book Value per Share,Price to Book Ratio,TTM Sales per Share,Price to Sales Ratio,TTM FCF per Share,Price to FCF Ratio,TTM Net EPS,PE Ratio,Current Assets,Current Liabilities,Current Ratio,Long Term Debt,Shareholder's Equity_x,Debt to Equity Ratio,TTM Revenue_x,TTM Gross Profit,Gross Margin,TTM Revenue_y,TTM Operating Income,Operating Margin,TTM Revenue_x,TTM EBIT,EBIT Margin,TTM Revenue_y,TTM EBITDA,EBITDA Margin,TTM Revenue_x,TTM Pre-Tax Income,Pre-Tax Margin,TTM Revenue_y,TTM Net Income_x,Net Margin,TTM Net Income_y,Shareholder's Equity_y,Return on Equity,TTM Net Income_x,Tangible Equity,Return on Tangible Equity,TTM Net Income_y,Total Assets,Return on Assets,TTM Net Income,LT Investments & Debt,Return on Investment,revenue,cost-goods-sold,gross-profit,research-development-expenses,selling-general-administrative-expenses,operating-expenses,operating-income,total-non-operating-income-expense,pre-tax-income,total-provision-income-taxes,income-after-taxes,income-from-continuous-operations,net-income,ebitda,ebit,basic-shares-outstanding,shares-outstanding,eps-basic-net-earnings-per-share,eps-earnings-per-share-diluted,cash-on-hand,inventory,other-current-assets,total-current-assets,net-property-plant-equipment,long-term-investments,goodwill-intangible-assets-total,other-long-term-assets,total-long-term-assets,total-assets,total-current-liabilities,long-term-debt,other-non-current-liabilities,total-long-term-liabilities,total-liabilities,common-stock-net,retained-earnings-accumulated-deficit,comprehensive-income,total-share-holder-equity,total-liabilities-share-holders-equity,net-income-loss,total-depreciation-amortization-cash-flow,other-non-cash-items,total-non-cash-items,change-in-accounts-receivable,change-in-inventories,change-in-accounts-payable,change-in-assets-liabilities,total-change-in-assets-liabilities,cash-flow-from-operating-activities,net-change-in-property-plant-equipment,net-change-in-intangible-assets,net-acquisitions-divestitures,net-change-in-short-term-investments,net-change-in-long-term-investments,net-change-in-investments-total,investing-activities-other,cash-flow-from-investing-activities,net-long-term-debt,net-current-debt,debt-issuance-retirement-net-total,net-common-equity-issued-repurchased,net-total-equity-issued-repurchased,total-common-preferred-stock-dividends-paid,financial-activities-other,cash-flow-from-financial-activities,net-cash-flow,stock-based-compensation,common-stock-dividends-paid
0,2018-07-31,13.5,$10.52,1.28,$12.41,1.09,$0.59,22.69,$-0.06,0.0,$0.08B,$0.01B,6.81,$0.00B,$0.09B,0.01,$0.10B,$0.04B,38.38%,$0.10B,$0.01B,8.08%,$0.10B,$0.01B,8.08%,$0.10B,$0.01B,9.09%,$0.10B,$0.01B,8.08%,$0.10B,0,0.00%,$0.00B,$0.09B,0.00%,$0.00B,$0.09B,0.00%,$0.00B,$0.10B,0.00%,$0.01B,$0.09B,9.28%,$26,$16,$9,$0,$0,$24,$2,$-0,$2,$1,$1,$1,$1,$2,$2,$8,8,$0.13,$0.12,$15,$46,$2,$80,$10,$0,$1,$1,$18,$98,$12,$1,$0,$1,$13,$0,$16,$-2,$85,$98,$3,$0,$0,$0,$0,$-4,$2,$-1,$-3,$1,$-1,$0,$0,$0,$0,$0,$0,$-1,$-0,$0,$-0,$0,$0,$0,$0,$-0,$-1,$0,$0
1,2018-04-30,12.95,$10.43,1.24,$12.56,1.03,$1.47,8.83,$0.07,185.0,$0.08B,$0.01B,6.98,$0.00B,$0.09B,0.02,$0.10B,$0.04B,39.18%,$0.10B,$0.01B,8.25%,$0.10B,$0.01B,8.25%,$0.10B,$0.01B,9.28%,$0.10B,$0.01B,8.25%,$0.10B,$0.00B,1.03%,$0.00B,$0.09B,1.21%,$0.00B,$0.08B,1.23%,$0.00B,$0.10B,1.05%,$0.01B,$0.09B,9.55%,$24,$15,$10,$0,$0,$22,$2,$-0,$2,$1,$2,$2,$2,$3,$2,$8,8,$0.23,$0.23,$16,$44,$2,$79,$9,$0,$1,$1,$18,$97,$11,$1,$0,$1,$13,$0,$15,$-2,$85,$97,$2,$0,$1,$1,$-0,$-2,$1,$-1,$-2,$1,$-0,$0,$0,$0,$0,$0,$0,$-0,$-0,$0,$-0,$0,$0,$0,$0,$-0,$0,$0,$0
2,2018-01-31,14.1,$10.21,1.38,$12.70,1.11,$1.95,7.22,$0.07,201.43,$0.08B,$0.01B,7.37,$0.00B,$0.08B,0.02,$0.10B,$0.04B,38.54%,$0.10B,$0.01B,8.33%,$0.10B,$0.01B,8.33%,$0.10B,$0.01B,9.38%,$0.10B,$0.01B,8.33%,$0.10B,$0.00B,1.04%,$0.00B,$0.08B,1.26%,$0.00B,$0.08B,1.27%,$0.00B,$0.10B,1.09%,$0.01B,$0.08B,9.91%,$25,$15,$10,$0,$0,$24,$1,$0,$1,$6,$-5,$-5,$-5,$1,$1,$8,8,$-0.66,$-0.65,$16,$43,$2,$77,$9,$0,$1,$1,$18,$95,$10,$1,$0,$1,$12,$0,$13,$-2,$83,$95,$0,$1,$7,$8,$-3,$-7,$2,$-0,$-8,$1,$-1,$0,$0,$0,$0,$0,$0,$-1,$-4,$-0,$-4,$10,$10,$0,$0,$6,$5,$0,$0
3,2017-10-31,15.85,$10.73,1.48,$12.20,1.3,$3.50,4.53,$0.84,18.87,$0.08B,$0.01B,6.43,$0.00B,$0.09B,0.02,$0.09B,$0.04B,38.46%,$0.09B,$0.01B,9.89%,$0.09B,$0.01B,9.89%,$0.09B,$0.01B,10.99%,$0.09B,$0.01B,9.89%,$0.09B,$0.01B,7.69%,$0.01B,$0.09B,9.12%,$0.01B,$0.09B,9.24%,$0.01B,$0.10B,7.82%,$0.01B,$0.09B,11.58%,$24,$15,$9,$0,$0,$21,$3,$-0,$3,$1,$2,$2,$2,$3,$3,$8,8,$0.23,$0.23,$21,$38,$2,$77,$9,$0,$1,$1,$24,$100,$12,$1,$0,$1,$13,$0,$18,$-2,$87,$100,$5,$1,$1,$1,$-2,$-3,$4,$0,$-1,$6,$-1,$0,$0,$0,$0,$0,$0,$-1,$-3,$-1,$-4,$10,$10,$0,$0,$6,$11,$0,$0
4,2017-07-31,15.05,$10.31,1.46,$12.35,1.22,$3.98,3.78,$0.82,18.35,$0.06B,$0.01B,5.75,$0.00B,$0.08B,0.03,$0.09B,$0.04B,38.89%,$0.09B,$0.01B,8.89%,$0.09B,$0.01B,8.89%,$0.09B,$0.01B,11.11%,$0.09B,$0.01B,8.89%,$0.09B,$0.01B,7.78%,$0.01B,$0.08B,9.62%,$0.01B,$0.07B,9.76%,$0.01B,$0.09B,8.16%,$0.01B,$0.08B,10.88%,$24,$15,$9,$0,$0,$22,$2,$-0,$2,$0,$2,$2,$2,$2,$2,$7,7,$0.25,$0.25,$13,$34,$2,$64,$9,$0,$1,$2,$24,$89,$11,$2,$0,$2,$13,$0,$16,$-2,$75,$89,$4,$0,$0,$1,$-3,$2,$3,$0,$2,$6,$-0,$0,$0,$0,$0,$0,$0,$-0,$-3,$0,$-3,$-0,$-0,$0,$0,$-3,$3,$0,$0
5,2017-04-30,10.65,$10.08,1.06,$12.11,0.88,$3.76,2.83,$0.77,13.83,$0.06B,$0.01B,5.96,$0.00B,$0.07B,0.01,$0.09B,$0.04B,39.77%,$0.09B,$0.01B,10.23%,$0.09B,$0.01B,10.23%,$0.09B,$0.01B,12.50%,$0.09B,$0.01B,9.09%,$0.09B,$0.01B,6.82%,$0.01B,$0.07B,8.42%,$0.01B,$0.07B,8.54%,$0.01B,$0.08B,7.00%,$0.01B,$0.07B,12.54%,$23,$14,$9,$0,$0,$20,$2,$-0,$2,$1,$2,$2,$2,$3,$2,$7,7,$0.24,$0.23,$12,$32,$2,$60,$8,$0,$1,$1,$24,$84,$10,$1,$0,$1,$11,$0,$14,$-2,$73,$84,$2,$0,$1,$1,$-2,$3,$0,$0,$2,$4,$-0,$0,$0,$0,$0,$0,$0,$-0,$-3,$-0,$-3,$-0,$-0,$0,$0,$-3,$1,$0,$0
6,2017-01-31,10.85,$9.84,1.1,$11.77,0.92,$3.67,2.96,$0.54,20.09,$0.06B,$0.01B,4.87,$0.00B,$0.07B,0.01,$0.09B,$0.03B,38.82%,$0.09B,$0.01B,8.24%,$0.09B,$0.01B,8.24%,$0.09B,$0.01B,9.41%,$0.09B,$0.01B,7.06%,$0.09B,$0.00B,4.71%,$0.00B,$0.07B,5.71%,$0.00B,$0.07B,5.80%,$0.00B,$0.09B,4.57%,$0.01B,$0.07B,9.93%,$20,$13,$8,$0,$0,$19,$2,$-0,$2,$1,$1,$1,$1,$2,$2,$7,7,$0.13,$0.12,$10,$36,$2,$60,$9,$0,$1,$2,$24,$85,$12,$1,$0,$1,$13,$0,$12,$-2,$72,$85,$4,$1,$1,$2,$1,$5,$1,$-1,$5,$11,$-0,$0,$0,$0,$0,$0,$0,$-0,$-4,$-3,$-8,$0,$0,$0,$0,$-8,$3,$0,$0
7,2016-10-31,9.9,$9.72,1.02,$11.82,0.84,$2.03,4.88,$0.20,49.5,$0.06B,$0.01B,4.36,$0.00B,$0.07B,0.01,$0.09B,$0.03B,36.47%,$0.09B,$0.01B,5.88%,$0.09B,$0.01B,5.88%,$0.09B,$0.01B,7.06%,$0.09B,$0.00B,3.53%,$0.09B,$0.00B,1.18%,$0.00B,$0.07B,1.45%,$0.00B,$0.07B,1.47%,$0.00B,$0.09B,1.13%,$0.01B,$0.07B,7.19%,$23,$15,$9,$0,$0,$21,$2,$-0,$2,$1,$2,$2,$2,$3,$2,$7,7,$0.21,$0.21,$8,$37,$2,$60,$9,$0,$1,$2,$25,$85,$14,$1,$0,$1,$14,$0,$11,$-2,$71,$85,$3,$1,$-0,$1,$0,$4,$0,$-0,$4,$8,$-0,$0,$0,$0,$0,$0,$0,$-0,$-3,$-3,$-7,$0,$0,$0,$0,$-7,$1,$0,$0
8,2016-07-31,10.14,$9.53,1.06,$12.06,0.84,$0.36,28.4,$0.28,36.21,$0.07B,$0.02B,3.44,$0.00B,$0.07B,0.01,$0.09B,$0.03B,35.63%,$0.09B,$0.01B,6.90%,$0.09B,$0.01B,6.90%,$0.09B,$0.01B,6.90%,$0.09B,$0.00B,4.60%,$0.09B,$0.00B,1.15%,$0.00B,$0.07B,1.46%,$0.00B,$0.07B,1.48%,$0.00B,$0.09B,1.11%,$0.01B,$0.07B,8.66%,$22,$14,$9,$0,$0,$20,$3,$-0,$2,$1,$1,$1,$1,$3,$3,$7,7,$0.20,$0.20,$8,$39,$3,$65,$9,$0,$1,$2,$24,$89,$19,$1,$0,$1,$20,$0,$10,$-2,$69,$89,$1,$1,$0,$1,$-0,$2,$2,$-2,$2,$4,$-0,$0,$0,$0,$0,$0,$0,$-0,$-3,$-0,$-3,$-0,$-0,$0,$0,$-3,$1,$0,$0
9,2016-04-30,8.69,$9.39,0.93,$13.12,0.66,$-0.89,0.0,$0.36,24.14,$0.07B,$0.02B,3.01,$0.00B,$0.07B,0.01,$0.09B,$0.03B,36.17%,$0.09B,$0.01B,9.57%,$0.09B,$0.01B,9.57%,$0.09B,$0.01B,9.57%,$0.09B,$0.01B,7.45%,$0.09B,$0.00B,2.13%,$0.00B,$0.07B,2.93%,$0.00B,$0.07B,2.97%,$0.00B,$0.09B,2.20%,$0.01B,$0.07B,13.09%,$20,$14,$7,$0,$0,$20,$0,$-0,$-0,$-0,$0,$0,$0,$0,$0,$7,7,$0.00,$0.00,$10,$39,$3,$67,$9,$0,$1,$2,$24,$91,$22,$1,$0,$1,$23,$0,$9,$-2,$68,$91,$0,$0,$-0,$-0,$0,$2,$3,$-1,$4,$3,$-0,$0,$0,$0,$0,$0,$0,$-0,$-0,$-0,$-0,$-0,$-0,$0,$0,$-0,$3,$0,$0
10,2016-01-31,12.93,$9.31,1.39,$13.77,0.94,$-1.62,0.0,$0.53,24.4,$0.06B,$0.02B,3.11,$0.00B,$0.07B,0.01,$0.10B,$0.04B,36.36%,$0.10B,$0.01B,12.12%,$0.10B,$0.01B,12.12%,$0.10B,$0.01B,12.12%,$0.10B,$0.01B,10.10%,$0.10B,$0.00B,3.03%,$0.00B,$0.07B,4.44%,$0.00B,$0.07B,4.51%,$0.00B,$0.09B,3.23%,$0.01B,$0.07B,17.65%,$20,$14,$6,$0,$0,$21,$-0,$-0,$-1,$-1,$-0,$-0,$-2,$-0,$-0,$7,7,$-0.20,$-0.21,$7,$41,$2,$62,$9,$0,$1,$2,$26,$88,$20,$1,$0,$1,$21,$0,$9,$-2,$68,$88,$4,$1,$1,$1,$1,$-4,$-3,$-0,$-6,$-1,$-0,$0,$0,$0,$0,$0,$-2,$-3,$3,$1,$4,$-1,$-1,$0,$0,$4,$0,$1,$0
11,2015-10-31,12.35,$9.58,1.29,$14.95,0.83,$-1.18,0.0,$2.34,5.28,$0.07B,$0.02B,3.28,$0.00B,$0.07B,0.01,$0.10B,$0.04B,38.46%,$0.10B,$0.02B,14.42%,$0.10B,$0.02B,14.42%,$0.10B,$0.02B,14.42%,$0.10B,$0.01B,13.46%,$0.10B,$0.02B,15.38%,$0.02B,$0.07B,24.15%,$0.02B,$0.07B,24.52%,$0.02B,$0.09B,16.98%,$0.02B,$0.07B,22.39%,$25,$16,$9,$0,$0,$22,$3,$-0,$3,$1,$2,$2,$2,$3,$3,$7,7,$0.29,$0.29,$4,$44,$3,$70,$10,$0,$1,$1,$22,$92,$21,$1,$0,$1,$22,$0,$10,$-2,$69,$92,$5,$1,$-0,$0,$-2,$-7,$-0,$-2,$-10,$-4,$-0,$0,$0,$0,$0,$0,$0,$-0,$2,$0,$2,$-1,$-1,$0,$0,$2,$-2,$0,$0
12,2015-07-31,10.5,$9.34,1.12,$15.50,0.68,$-0.16,0.0,$1.63,6.44,$0.07B,$0.02B,2.84,$0.00B,$0.07B,0.01,$0.10B,$0.04B,37.86%,$0.10B,$0.01B,12.62%,$0.10B,$0.01B,12.62%,$0.10B,$0.01B,13.59%,$0.10B,$0.01B,9.71%,$0.10B,$0.01B,10.68%,$0.01B,$0.07B,17.53%,$0.01B,$0.07B,17.81%,$0.01B,$0.09B,11.83%,$0.01B,$0.07B,20.47%,$29,$18,$12,$0,$0,$24,$6,$-0,$5,$2,$4,$4,$2,$6,$6,$7,7,$0.28,$0.28,$5,$42,$3,$67,$10,$0,$1,$1,$25,$92,$24,$1,$0,$1,$25,$0,$8,$-1,$68,$92,$3,$0,$-1,$-1,$-3,$-5,$1,$-1,$-7,$-4,$-0,$0,$0,$0,$0,$0,$0,$-0,$3,$0,$3,$-1,$-1,$0,$0,$3,$-2,$0,$0
13,2015-04-30,9.22,$9.18,1.0,$15.24,0.61,$0.37,25.21,$1.28,7.2,$0.08B,$0.03B,2.41,$0.00B,$0.07B,0.01,$0.10B,$0.03B,35.05%,$0.10B,$0.01B,9.28%,$0.10B,$0.01B,9.28%,$0.10B,$0.01B,10.31%,$0.10B,$0.01B,6.19%,$0.10B,$0.01B,9.28%,$0.01B,$0.07B,15.65%,$0.01B,$0.06B,16.00%,$0.01B,$0.10B,9.78%,$0.01B,$0.07B,15.25%,$25,$16,$9,$0,$0,$22,$3,$-0,$3,$1,$2,$2,$1,$3,$3,$7,7,$0.17,$0.17,$9,$39,$3,$75,$10,$0,$1,$0,$25,$100,$31,$1,$3,$4,$35,$0,$6,$-2,$65,$100,$1,$0,$0,$0,$-2,$-2,$1,$0,$-3,$-2,$-0,$0,$0,$0,$0,$0,$0,$-0,$4,$0,$4,$-0,$-0,$0,$0,$4,$2,$0,$0
14,2015-01-31,8.5,$8.96,0.95,$15.48,0.55,$0.87,9.82,$1.11,7.66,$0.07B,$0.03B,2.62,$0.00B,$0.06B,0.01,$0.09B,$0.03B,34.04%,$0.09B,$0.01B,7.45%,$0.09B,$0.01B,7.45%,$0.09B,$0.01B,8.51%,$0.09B,$0.00B,3.19%,$0.09B,$0.01B,8.51%,$0.01B,$0.06B,15.09%,$0.01B,$0.06B,15.53%,$0.01B,$0.09B,8.99%,$0.01B,$0.06B,12.73%,$25,$16,$10,$0,$0,$22,$3,$-0,$3,$-9,$12,$12,$11,$3,$3,$6,6,$1.84,$1.82,$7,$37,$2,$69,$10,$0,$1,$0,$25,$93,$26,$1,$3,$4,$30,$0,$5,$-3,$63,$93,$8,$1,$-10,$-9,$-1,$-1,$0,$4,$3,$3,$-1,$0,$0,$0,$0,$0,$0,$-1,$-10,$0,$-10,$-0,$-0,$0,$10,$0,$2,$1,$0
15,2014-10-31,14.1,$7.80,1.81,$15.39,0.92,$-0.15,0.0,$-0.78,0.0,$0.07B,$0.02B,2.87,$0.00B,$0.06B,0.02,$0.09B,$0.03B,30.77%,$0.09B,$0.00B,4.40%,$0.09B,$0.00B,4.40%,$0.09B,$0.01B,5.49%,$0.09B,$-0.00B,-1.10%,$0.09B,$-0.01B,-5.49%,$-0.01B,$0.06B,-10.36%,$-0.01B,$0.05B,-10.75%,$-0.01B,$0.09B,-5.83%,$0.00B,$0.06B,7.88%,$24,$15,$8,$0,$0,$22,$1,$-3,$-1,$0,$-2,$-2,$-3,$2,$1,$6,6,$-0.42,$-0.42,$7,$39,$3,$70,$12,$0,$1,$4,$17,$87,$24,$1,$7,$7,$32,$0,$-3,$-3,$55,$87,$-3,$1,$-1,$0,$-2,$1,$1,$5,$6,$3,$-0,$0,$0,$0,$0,$0,$0,$-0,$-10,$0,$-10,$-0,$-0,$0,$10,$-0,$2,$1,$0
16,2014-07-31,6.15,$8.76,0.7,$15.28,0.4,$-1.07,0.0,$-0.67,0.0,$0.07B,$0.03B,2.22,$0.00B,$0.05B,0.06,$0.09B,$0.03B,27.78%,$0.09B,$0.00B,2.22%,$0.09B,$0.00B,2.22%,$0.09B,$0.00B,2.22%,$0.09B,$-0.00B,-2.22%,$0.09B,$-0.00B,-4.44%,$-0.00B,$0.05B,-8.56%,$-0.00B,$0.05B,-8.99%,$-0.00B,$0.09B,-4.66%,$0.00B,$0.05B,4.04%,$23,$15,$7,$0,$0,$21,$2,$-1,$1,$1,$1,$1,$-0,$2,$2,$6,6,$-0.07,$-0.07,$6,$40,$2,$70,$12,$0,$2,$4,$18,$88,$31,$3,$7,$10,$41,$0,$-1,$-2,$47,$88,$-0,$1,$-0,$1,$-2,$1,$0,$-0,$-1,$-1,$-0,$0,$0,$0,$0,$0,$0,$-0,$2,$0,$2,$0,$0,$0,$-0,$2,$2,$0,$0
17,2014-04-30,7.08,$8.81,0.8,$15.78,0.45,$-0.79,0.0,$0.14,50.57,$0.07B,$0.03B,2.26,$0.00B,$0.05B,0.07,$0.09B,$0.03B,27.17%,$0.09B,$0.00B,1.09%,$0.09B,$0.00B,1.09%,$0.09B,$0.00B,2.17%,$0.09B,$-0.00B,-2.17%,$0.09B,0,0.00%,$0.00B,$0.05B,0.00%,$0.00B,$0.05B,0.00%,$0.00B,$0.09B,0.00%,$0.00B,$0.05B,2.00%,$22,$15,$7,$0,$0,$21,$1,$-0,$0,$0,$0,$0,$0,$1,$1,$6,6,$0.00,$0.00,$7,$40,$2,$70,$12,$0,$2,$4,$18,$88,$31,$3,$7,$10,$41,$0,$-1,$-2,$47,$88,$0,$0,$0,$0,$-1,$1,$1,$-0,$1,$2,$-0,$0,$0,$0,$0,$0,$0,$-0,$1,$0,$1,$0,$0,$0,$0,$1,$2,$0,$0
18,2014-01-31,6.56,$8.30,0.79,$16.18,0.41,$-0.97,0.0,$-0.02,0.0,$0.07B,$0.03B,2.44,$0.00B,$0.04B,0.06,$0.09B,$0.02B,26.09%,$0.09B,0,0.00%,$0.09B,0,0.00%,$0.09B,$0.00B,1.09%,$0.09B,$-0.00B,-3.26%,$0.09B,$-0.00B,-1.09%,$-0.00B,$0.04B,-2.12%,$-0.00B,$0.04B,-2.22%,$-0.00B,$0.08B,-1.19%,$0.00B,$0.05B,0.00%,$22,$16,$6,$0,$0,$23,$-0,$-1,$-1,$0,$-2,$-2,$-2,$-0,$-0,$6,6,$-0.30,$-0.29,$5,$40,$2,$65,$12,$0,$2,$1,$15,$80,$27,$3,$7,$9,$36,$0,$-4,$-2,$44,$80,$-0,$2,$-5,$-4,$-1,$-5,$2,$3,$0,$-4,$-0,$0,$0,$0,$0,$0,$0,$-0,$17,$-15,$2,$-0,$-0,$0,$-0,$2,$-2,$0,$0
19,2013-10-31,5.58,$9.11,0.61,$16.69,0.33,$-0.12,0.0,$-3.13,0.0,$0.07B,$0.03B,2.39,$0.00B,$0.05B,0.05,$0.09B,$0.02B,25.81%,$0.09B,$-0.00B,-1.08%,$0.09B,$-0.00B,-1.08%,$0.09B,$0.01B,10.75%,$0.09B,$-0.01B,-15.05%,$0.09B,$-0.02B,-18.28%,$-0.02B,$0.05B,-35.60%,$-0.02B,$0.05B,-37.16%,$-0.02B,$0.09B,-20.00%,$-0.00B,$0.05B,-2.03%,$23,$18,$5,$0,$0,$24,$-1,$-0,$-2,$0,$-2,$-2,$-2,$-1,$-1,$6,6,$-0.31,$-0.31,$5,$40,$2,$68,$13,$0,$3,$4,$19,$87,$29,$3,$7,$10,$39,$0,$1,$-2,$49,$87,$1,$1,$-4,$-3,$-1,$-3,$3,$-1,$-1,$-3,$0,$0,$0,$0,$0,$0,$0,$0,$16,$-15,$1,$-0,$-0,$0,$-0,$1,$-2,$0,$0
20,2013-07-31,4.43,$9.46,0.47,$17.36,0.26,$0.42,10.66,$-2.77,0.0,$0.07B,$0.03B,2.55,$0.00B,$0.05B,0.03,$0.09B,$0.03B,27.66%,$0.09B,0,0.00%,$0.09B,0,0.00%,$0.09B,$0.01B,12.77%,$0.09B,$-0.01B,-12.77%,$0.09B,$-0.02B,-15.96%,$-0.02B,$0.05B,-29.41%,$-0.02B,$0.05B,-31.58%,$-0.02B,$0.09B,-16.95%,$0.00B,$0.05B,0.00%,$25,$17,$7,$0,$0,$23,$1,$-1,$1,$-4,$4,$4,$4,$2,$1,$6,6,$0.75,$0.74,$6,$40,$2,$67,$12,$0,$3,$4,$19,$86,$26,$1,$8,$9,$35,$0,$3,$-2,$51,$86,$3,$1,$-4,$-3,$0,$-3,$3,$-1,$0,$0,$0,$0,$0,$0,$0,$0,$0,$0,$-2,$0,$-2,$-0,$-0,$0,$-0,$-2,$-1,$0,$0
21,2013-04-30,3.97,$8.48,0.47,$17.33,0.23,$0.46,8.69,$-3.21,0.0,$0.07B,$0.03B,2.22,$0.00B,$0.05B,0.03,$0.09B,$0.03B,28.26%,$0.09B,$-0.00B,-1.09%,$0.09B,$-0.00B,-1.09%,$0.09B,$0.01B,11.96%,$0.09B,$-0.01B,-11.96%,$0.09B,$-0.02B,-18.48%,$-0.02B,$0.05B,-31.78%,$-0.02B,$0.04B,-35.05%,$-0.02B,$0.08B,-18.43%,$-0.00B,$0.05B,-1.81%,$22,$16,$6,$0,$0,$22,$-0,$-0,$-1,$0,$-1,$-1,$-1,$0,$-0,$5,5,$-0.16,$-0.16,$7,$39,$2,$65,$14,$0,$1,$4,$19,$84,$29,$1,$8,$9,$38,$0,$-1,$-1,$45,$84,$-1,$0,$-0,$0,$-0,$0,$1,$0,$1,$1,$-0,$0,$0,$0,$0,$0,$0,$-0,$-0,$0,$-0,$-0,$-0,$0,$-0,$-0,$0,$0,$0
22,2013-01-31,5.05,$8.63,0.59,$17.85,0.28,$0.39,13.07,$-4.99,0.0,$0.06B,$0.03B,2.29,$0.00B,$0.05B,0.03,$0.09B,$0.03B,28.72%,$0.09B,$-0.00B,-1.06%,$0.09B,$-0.00B,-1.06%,$0.09B,$0.01B,11.70%,$0.09B,$-0.02B,-21.28%,$0.09B,$-0.03B,-27.66%,$-0.03B,$0.05B,-45.22%,$-0.03B,$0.05B,-51.74%,$-0.03B,$0.08B,-26.94%,$-0.00B,$0.05B,-1.69%,$23,$18,$6,$0,$0,$25,$-1,$-10,$-12,$6,$-18,$-18,$-18,$9,$-1,$5,5,$-3.39,$-3.38,$7,$39,$2,$64,$14,$0,$1,$4,$19,$83,$28,$1,$8,$9,$37,$0,$-0,$-1,$46,$83,$-26,$12,$11,$22,$-2,$5,$2,$-0,$5,$1,$-1,$0,$0,$0,$0,$0,$0,$-1,$0,$0,$0,$-0,$-0,$0,$0,$-0,$1,$0,$0
23,2012-10-31,6.14,$11.65,0.53,$17.19,0.36,$-0.68,0.0,$-1.88,0.0,$0.07B,$0.03B,2.53,$0.00B,$0.06B,0.02,$0.09B,$0.03B,28.57%,$0.09B,$-0.00B,-1.10%,$0.09B,$-0.00B,-1.10%,$0.09B,$0.00B,2.20%,$0.09B,$-0.01B,-10.99%,$0.09B,$-0.01B,-10.99%,$-0.01B,$0.06B,-15.56%,$-0.01B,$0.05B,-18.26%,$-0.01B,$0.10B,-9.88%,$-0.00B,$0.06B,-1.43%,$24,$17,$7,$0,$0,$24,$0,$-0,$-0,$-0,$0,$0,$0,$1,$0,$5,5,$0.05,$0.05,$6,$41,$2,$74,$14,$0,$9,$4,$27,$101,$29,$2,$8,$10,$39,$0,$18,$-3,$62,$101,$-8,$1,$7,$8,$-3,$3,$3,$-2,$1,$2,$-1,$0,$0,$0,$0,$0,$0,$-1,$-0,$0,$-0,$-0,$-0,$0,$-0,$-0,$-0,$0,$0
24,2012-07-31,6.6,$11.44,0.58,$17.29,0.38,$-1.67,0.0,$-2.04,0.0,$0.07B,$0.03B,2.46,$0.00B,$0.06B,0.03,$0.09B,$0.03B,28.26%,$0.09B,0,0.00%,$0.09B,0,0.00%,$0.09B,$0.00B,2.17%,$0.09B,$-0.01B,-10.87%,$0.09B,$-0.01B,-11.96%,$-0.01B,$0.06B,-16.30%,$-0.01B,$0.05B,-19.47%,$-0.01B,$0.10B,-10.76%,$0.00B,$0.06B,0.00%,$23,$16,$7,$0,$0,$23,$0,$1,$2,$-0,$2,$2,$2,$1,$0,$5,5,$0.31,$0.30,$6,$43,$2,$74,$14,$0,$9,$4,$27,$101,$30,$2,$9,$10,$40,$0,$17,$-4,$61,$101,$-8,$1,$6,$7,$-2,$1,$5,$-0,$3,$2,$-1,$0,$0,$0,$0,$0,$0,$-1,$-0,$0,$-0,$-0,$-0,$0,$-0,$-0,$1,$0,$0
25,2012-04-30,10.45,$11.75,0.89,$17.81,0.59,$-2.82,0.0,$-2.23,0.0,$0.07B,$0.04B,2.11,$0.00B,$0.06B,0.03,$0.10B,$0.03B,28.42%,$0.10B,$0.00B,1.05%,$0.10B,$0.00B,1.05%,$0.10B,$0.00B,2.11%,$0.10B,$-0.01B,-11.58%,$0.10B,$-0.01B,-12.63%,$-0.01B,$0.06B,-16.78%,$-0.01B,$0.05B,-20.34%,$-0.01B,$0.10B,-11.48%,$0.00B,$0.06B,1.17%,$24,$17,$7,$0,$0,$24,$0,$-10,$-10,$-0,$-10,$-10,$-10,$0,$0,$5,5,$-1.94,$-1.94,$5,$42,$2,$74,$14,$0,$10,$4,$28,$101,$35,$2,$3,$5,$40,$0,$16,$-2,$61,$101,$-10,$0,$10,$10,$-4,$2,$2,$-1,$0,$0,$-0,$0,$0,$0,$0,$0,$0,$-0,$-1,$0,$-1,$0,$0,$0,$0,$-1,$-1,$0,$0
26,2012-01-31,9.42,$14.02,0.67,$18.01,0.52,$-3.64,0.0,$-0.07,0.0,$0.07B,$0.01B,7.8,$0.02B,$0.07B,0.22,$0.10B,$0.03B,28.87%,$0.10B,$0.00B,3.09%,$0.10B,$0.00B,3.09%,$0.10B,$0.00B,4.12%,$0.10B,$0.00B,1.03%,$0.10B,$-0.00B,-1.03%,$-0.00B,$0.07B,-1.32%,$-0.00B,$0.06B,-1.63%,$-0.00B,$0.10B,-0.94%,$0.00B,$0.09B,3.23%,$20,$15,$5,$0,$0,$21,$-1,$-0,$-2,$-1,$-1,$-1,$-2,$-1,$-1,$5,5,$-0.29,$-0.29,$6,$46,$2,$74,$14,$0,$11,$4,$29,$102,$9,$16,$3,$20,$29,$0,$26,$-0,$73,$102,$-0,$2,$-0,$2,$1,$-1,$-2,$2,$-1,$-0,$-5,$0,$0,$0,$0,$0,$0,$-5,$5,$0,$5,$-0,$-0,$0,$-0,$5,$-0,$1,$0
27,2011-10-31,7.52,$14.34,0.52,$18.58,0.4,$-3.23,0.0,$0.42,17.9,$0.08B,$0.01B,7.78,$0.02B,$0.08B,0.23,$0.10B,$0.03B,30.69%,$0.10B,$0.01B,5.94%,$0.10B,$0.01B,5.94%,$0.10B,$0.01B,6.93%,$0.10B,$0.01B,4.95%,$0.10B,$0.00B,1.98%,$0.00B,$0.08B,2.64%,$0.00B,$0.06B,3.25%,$0.00B,$0.11B,1.88%,$0.01B,$0.09B,6.50%,$25,$17,$7,$0,$0,$24,$1,$-1,$0,$-0,$0,$0,$-1,$1,$1,$5,5,$-0.11,$-0.11,$6,$47,$2,$77,$14,$0,$15,$0,$29,$105,$10,$17,$3,$21,$30,$0,$27,$0,$75,$105,$1,$1,$0,$2,$-1,$-2,$-1,$2,$-4,$-1,$-4,$0,$0,$0,$0,$0,$0,$-4,$5,$0,$5,$-0,$-0,$0,$0,$5,$-0,$1,$0
28,2011-07-31,8.23,$14.81,0.56,$18.59,0.44,$-1.54,0.0,$0.65,12.66,$0.08B,$0.01B,7.64,$0.02B,$0.08B,0.24,$0.10B,$0.03B,30.39%,$0.10B,$0.01B,5.88%,$0.10B,$0.01B,5.88%,$0.10B,$0.01B,6.86%,$0.10B,$0.01B,5.88%,$0.10B,$0.00B,3.92%,$0.00B,$0.08B,5.30%,$0.00B,$0.06B,6.50%,$0.00B,$0.11B,3.86%,$0.01B,$0.10B,6.69%,$26,$18,$8,$0,$0,$25,$1,$-0,$1,$0,$1,$1,$1,$1,$1,$5,5,$0.11,$0.11,$7,$51,$2,$80,$14,$0,$16,$0,$30,$110,$10,$19,$3,$22,$33,$0,$28,$2,$77,$110,$2,$1,$0,$1,$-2,$-4,$-0,$0,$-7,$-4,$-1,$0,$0,$0,$0,$0,$0,$-1,$6,$0,$6,$-0,$-0,$0,$0,$6,$1,$0,$0
29,2011-04-30,8.69,$14.66,0.59,$18.20,0.48,$0.20,44.2,$0.64,13.58,$0.08B,$0.01B,7.37,$0.02B,$0.08B,0.23,$0.10B,$0.03B,30.69%,$0.10B,$0.01B,5.94%,$0.10B,$0.01B,5.94%,$0.10B,$0.01B,6.93%,$0.10B,$0.01B,5.94%,$0.10B,$0.00B,3.96%,$0.00B,$0.08B,5.37%,$0.00B,$0.06B,6.58%,$0.00B,$0.11B,4.05%,$0.01B,$0.09B,7.12%,$26,$17,$8,$0,$0,$24,$2,$0,$2,$0,$1,$1,$1,$2,$2,$5,5,$0.22,$0.22,$6,$50,$2,$79,$14,$0,$15,$0,$30,$109,$11,$18,$3,$21,$32,$0,$27,$2,$77,$109,$1,$0,$0,$1,$-2,$-4,$1,$1,$-6,$-4,$-1,$0,$0,$0,$0,$0,$0,$-1,$5,$0,$5,$-0,$-0,$0,$0,$4,$-0,$0,$0
30,2011-01-31,8.85,$14.12,0.63,$18.04,0.49,$1.97,4.48,$0.17,52.06,$0.08B,$0.01B,7.07,$0.01B,$0.07B,0.18,$0.10B,$0.03B,29.00%,$0.10B,$0.00B,4.00%,$0.10B,$0.00B,4.00%,$0.10B,$0.01B,6.00%,$0.10B,$0.00B,3.00%,$0.10B,$0.00B,2.00%,$0.00B,$0.07B,2.73%,$0.00B,$0.06B,3.31%,$0.00B,$0.10B,2.12%,$0.00B,$0.09B,5.05%,$24,$16,$8,$0,$0,$22,$2,$-0,$2,$1,$1,$1,$1,$3,$2,$5,6,$0.20,$0.21,$6,$45,$2,$76,$11,$0,$11,$3,$26,$101,$11,$13,$3,$16,$27,$0,$26,$1,$74,$101,$1,$2,$0,$2,$2,$-7,$2,$-2,$-4,$-1,$-2,$0,$0,$0,$0,$0,$0,$-2,$2,$0,$2,$-2,$-2,$0,$3,$4,$1,$1,$0
31,2010-10-31,9.63,$13.33,0.72,$18.26,0.53,$5.67,1.7,$0.17,56.62,$0.07B,$0.01B,6.64,$0.01B,$0.07B,0.1,$0.10B,$0.03B,28.71%,$0.10B,$0.00B,2.97%,$0.10B,$0.00B,2.97%,$0.10B,$0.01B,4.95%,$0.10B,$0.00B,1.98%,$0.10B,$0.00B,1.98%,$0.00B,$0.07B,2.75%,$0.00B,$0.06B,3.33%,$0.00B,$0.10B,2.18%,$0.00B,$0.08B,3.95%,$26,$18,$7,$0,$0,$25,$1,$-0,$1,$0,$1,$1,$1,$1,$1,$5,6,$0.12,$0.12,$5,$39,$1,$67,$14,$0,$14,$0,$28,$95,$10,$7,$3,$11,$21,$0,$25,$0,$74,$95,$-0,$1,$4,$5,$-1,$0,$0,$-3,$0,$5,$-1,$0,$0,$0,$0,$0,$0,$-1,$-4,$0,$-4,$0,$0,$0,$0,$-4,$0,$1,$0
32,2010-07-31,9.01,$13.09,0.69,$17.71,0.51,$7.10,1.27,$0.02,450.5,$0.06B,$0.01B,5.03,$0.00B,$0.07B,0.02,$0.10B,$0.03B,28.87%,$0.10B,$0.00B,2.06%,$0.10B,$0.00B,2.06%,$0.10B,$0.01B,5.15%,$0.10B,$0.00B,1.03%,$0.10B,$0.00B,1.03%,$0.00B,$0.07B,1.38%,$0.00B,$0.06B,1.67%,$0.00B,$0.09B,1.09%,$0.00B,$0.07B,2.70%,$25,$16,$8,$0,$0,$24,$1,$-0,$1,$0,$1,$1,$1,$1,$1,$5,6,$0.11,$0.10,$7,$34,$2,$63,$14,$0,$14,$0,$28,$90,$13,$2,$3,$5,$18,$0,$24,$-0,$73,$90,$-1,$1,$0,$1,$-0,$5,$0,$-4,$4,$5,$-0,$0,$0,$0,$0,$0,$0,$-0,$-6,$0,$-6,$0,$0,$0,$3,$-3,$2,$0,$0
33,2010-04-30,8.86,$13.00,0.68,$17.51,0.51,$7.85,1.13,$-0.08,0.0,$0.06B,$0.02B,4.36,$0.00B,$0.07B,0.02,$0.10B,$0.03B,27.37%,$0.10B,$0.00B,1.05%,$0.10B,$0.00B,1.05%,$0.10B,$0.01B,5.26%,$0.10B,0,0.00%,$0.10B,0,0.00%,$0.00B,$0.07B,0.00%,$0.00B,$0.06B,0.00%,$0.00B,$0.09B,0.00%,$0.00B,$0.07B,1.36%,$25,$19,$6,$0,$0,$25,$0,$-2,$-1,$-0,$-1,$-1,$-1,$1,$0,$5,5,$-0.25,$-0.25,$6,$34,$3,$64,$14,$0,$12,$0,$28,$92,$15,$2,$3,$5,$20,$0,$24,$0,$72,$92,$-1,$1,$2,$2,$-1,$5,$0,$0,$5,$5,$-0,$0,$0,$0,$0,$0,$0,$-0,$-5,$0,$-5,$0,$0,$0,$0,$-5,$1,$0,$0
34,2010-01-31,8.45,$13.01,0.65,$17.26,0.49,$7.74,1.09,$0.19,44.47,$0.07B,$0.02B,4.07,$0.00B,$0.07B,0.02,$0.09B,$0.03B,27.66%,$0.09B,$0.00B,2.13%,$0.09B,$0.00B,2.13%,$0.09B,$0.01B,5.32%,$0.09B,$0.00B,2.13%,$0.09B,$0.00B,1.06%,$0.00B,$0.07B,1.41%,$0.00B,$0.06B,1.67%,$0.00B,$0.09B,1.04%,$0.00B,$0.07B,2.56%,$25,$17,$8,$0,$0,$23,$1,$-0,$1,$0,$1,$1,$1,$2,$1,$5,5,$0.20,$0.20,$5,$39,$2,$65,$14,$0,$11,$0,$25,$90,$16,$2,$0,$2,$18,$0,$25,$-1,$72,$90,$1,$2,$2,$4,$-3,$18,$0,$-1,$14,$19,$-1,$0,$0,$0,$0,$0,$0,$-1,$-15,$0,$-15,$-0,$-0,$0,$0,$-15,$2,$0,$0
35,2009-10-31,7.36,$12.99,0.57,$16.77,0.44,$4.33,1.7,$0.11,66.91,$0.07B,$0.02B,3.19,$0.00B,$0.07B,0.02,$0.09B,$0.02B,26.37%,$0.09B,$0.00B,2.20%,$0.09B,$0.00B,2.20%,$0.09B,$0.00B,4.40%,$0.09B,$0.00B,2.20%,$0.09B,$0.00B,1.10%,$0.00B,$0.07B,1.43%,$0.00B,$0.06B,1.68%,$0.00B,$0.10B,1.01%,$0.00B,$0.07B,2.41%,$22,$17,$6,$0,$0,$22,$0,$-1,$-0,$-0,$-0,$-0,$-0,$1,$0,$5,5,$-0.03,$-0.03,$5,$44,$0,$70,$14,$0,$12,$0,$26,$96,$22,$2,$0,$2,$24,$0,$24,$-0,$72,$96,$-0,$1,$1,$2,$-3,$13,$0,$-2,$11,$13,$-1,$0,$0,$0,$0,$0,$0,$-1,$-10,$0,$-10,$0,$0,$0,$0,$-10,$2,$0,$0
36,2009-07-31,7.6,$12.80,0.59,$17.30,0.44,$1.66,4.59,$0.39,19.49,$0.07B,$0.03B,2.79,$0.00B,$0.07B,0.02,$0.09B,$0.03B,26.60%,$0.09B,$0.00B,4.26%,$0.09B,$0.00B,4.26%,$0.09B,$0.01B,5.32%,$0.09B,$0.00B,4.26%,$0.09B,$0.00B,2.13%,$0.00B,$0.07B,2.90%,$0.00B,$0.06B,3.38%,$0.00B,$0.10B,1.98%,$0.00B,$0.07B,4.53%,$23,$17,$6,$0,$0,$23,$0,$-0,$0,$-0,$0,$0,$0,$1,$0,$5,5,$0.00,$0.00,$4,$49,$0,$74,$14,$0,$11,$0,$26,$100,$27,$2,$0,$2,$28,$0,$24,$-1,$71,$100,$0,$1,$1,$2,$-1,$8,$0,$-2,$7,$9,$-1,$0,$0,$0,$0,$0,$0,$-1,$-6,$0,$-6,$-0,$-0,$0,$0,$-6,$2,$0,$0
37,2009-04-30,7.55,$12.45,0.61,$18.11,0.42,$0.88,8.59,$0.69,10.94,$0.08B,$0.01B,8.8,$0.02B,$0.07B,0.32,$0.10B,$0.03B,27.27%,$0.10B,$0.01B,6.06%,$0.10B,$0.01B,6.06%,$0.10B,$0.01B,7.07%,$0.10B,$0.01B,6.06%,$0.10B,$0.00B,4.04%,$0.00B,$0.07B,5.80%,$0.00B,$0.06B,6.78%,$0.00B,$0.10B,3.95%,$0.01B,$0.09B,6.43%,$24,$18,$6,$0,$0,$23,$1,$-0,$1,$0,$0,$0,$0,$1,$1,$5,5,$0.02,$0.02,$4,$52,$2,$76,$14,$0,$10,$0,$23,$99,$9,$22,$0,$22,$31,$0,$24,$-4,$69,$99,$0,$0,$0,$1,$-2,$5,$0,$0,$4,$5,$-1,$0,$0,$0,$0,$0,$0,$-1,$-3,$0,$-3,$-0,$-0,$0,$0,$-3,$1,$0,$0
38,2009-01-31,7.71,$12.37,0.62,$18.67,0.41,$1.15,6.71,$0.83,9.29,$0.08B,$0.01B,10.52,$0.03B,$0.07B,0.38,$0.10B,$0.03B,27.45%,$0.10B,$0.01B,5.88%,$0.10B,$0.01B,5.88%,$0.10B,$0.01B,7.84%,$0.10B,$0.01B,5.88%,$0.10B,$0.01B,4.90%,$0.01B,$0.07B,7.25%,$0.01B,$0.06B,8.16%,$0.01B,$0.10B,5.18%,$0.01B,$0.09B,6.74%,$22,$16,$6,$0,$0,$22,$1,$0,$1,$0,$1,$1,$1,$1,$1,$5,5,$0.13,$0.12,$3,$57,$2,$78,$14,$0,$10,$0,$23,$102,$7,$26,$0,$26,$33,$0,$24,$-4,$68,$102,$5,$2,$-0,$1,$3,$-6,$-1,$-0,$-5,$1,$-2,$0,$-14,$0,$0,$0,$0,$-16,$15,$0,$15,$-1,$-1,$0,$0,$14,$-1,$0,$0
39,2008-10-31,11.14,$12.39,0.9,$19.10,0.58,$0.36,30.91,$0.89,12.52,$0.08B,$0.01B,10.55,$0.03B,$0.07B,0.4,$0.11B,$0.03B,26.67%,$0.11B,$0.01B,6.67%,$0.11B,$0.01B,6.67%,$0.11B,$0.01B,8.57%,$0.11B,$0.01B,6.67%,$0.11B,$0.01B,4.76%,$0.01B,$0.07B,7.22%,$0.01B,$0.06B,7.87%,$0.01B,$0.10B,5.42%,$0.01B,$0.10B,8.19%,$25,$18,$7,$0,$0,$23,$2,$-0,$2,$0,$1,$1,$1,$2,$2,$5,5,$0.25,$0.25,$2,$55,$4,$80,$14,$0,$9,$0,$23,$103,$8,$27,$0,$27,$35,$0,$24,$-3,$68,$103,$4,$1,$-0,$1,$-0,$-3,$0,$-2,$-6,$-1,$-2,$0,$-14,$0,$0,$0,$0,$-15,$16,$0,$16,$-1,$-1,$0,$0,$15,$-1,$0,$0
40,2008-07-31,12.75,$12.90,0.99,$18.72,0.68,$0.18,70.36,$0.81,15.74,$0.08B,$0.01B,9.96,$0.02B,$0.07B,0.31,$0.10B,$0.03B,26.21%,$0.10B,$0.01B,5.83%,$0.10B,$0.01B,5.83%,$0.10B,$0.01B,8.74%,$0.10B,$0.01B,5.83%,$0.10B,$0.01B,4.85%,$0.01B,$0.07B,7.22%,$0.01B,$0.06B,7.63%,$0.01B,$0.10B,5.78%,$0.01B,$0.09B,7.43%,$28,$19,$8,$0,$0,$25,$2,$-0,$2,$0,$2,$2,$2,$3,$2,$5,5,$0.30,$0.30,$4,$48,$3,$75,$14,$0,$12,$0,$27,$101,$7,$22,$0,$22,$30,$0,$22,$1,$71,$101,$3,$1,$0,$1,$-1,$3,$0,$-0,$1,$5,$-1,$0,$-14,$0,$0,$0,$0,$-14,$12,$0,$12,$-1,$-1,$0,$0,$10,$1,$0,$0
41,2008-04-30,12.5,$12.46,1.0,$17.59,0.71,$-0.38,0.0,$0.65,19.23,$0.07B,$0.01B,11.72,$0.01B,$0.07B,0.08,$0.10B,$0.02B,24.74%,$0.10B,$0.01B,5.15%,$0.10B,$0.01B,5.15%,$0.10B,$0.01B,7.22%,$0.10B,$0.01B,5.15%,$0.10B,$0.00B,4.12%,$0.00B,$0.07B,5.86%,$0.00B,$0.07B,5.95%,$0.00B,$0.08B,4.98%,$0.01B,$0.07B,6.67%,$27,$21,$7,$0,$0,$26,$1,$-0,$1,$0,$1,$1,$1,$2,$1,$5,6,$0.16,$0.16,$3,$41,$2,$65,$13,$0,$1,$0,$14,$80,$6,$5,$0,$5,$11,$0,$21,$0,$69,$80,$1,$0,$0,$0,$-2,$8,$0,$-0,$5,$6,$-0,$0,$0,$0,$0,$0,$0,$-0,$-5,$0,$-5,$-1,$-1,$0,$0,$-7,$-0,$0,$0
42,2008-01-31,9.86,$12.47,0.79,$17.28,0.57,$-1.25,0.0,$0.59,16.71,$0.07B,$0.01B,14.06,$0.01B,$0.07B,0.16,$0.10B,$0.02B,22.92%,$0.10B,$0.01B,5.21%,$0.10B,$0.01B,5.21%,$0.10B,$0.01B,6.25%,$0.10B,$0.01B,5.21%,$0.10B,$0.00B,4.17%,$0.00B,$0.07B,5.93%,$0.00B,$0.07B,6.02%,$0.00B,$0.09B,5.03%,$0.01B,$0.08B,6.76%,$25,$19,$6,$0,$0,$23,$2,$-0,$2,$1,$1,$1,$1,$2,$2,$6,6,$0.18,$0.17,$3,$48,$2,$70,$13,$0,$1,$0,$14,$85,$5,$11,$0,$11,$16,$0,$20,$-0,$69,$85,$3,$1,$-0,$1,$-0,$-8,$0,$1,$-6,$-2,$-3,$0,$0,$0,$0,$0,$0,$-3,$7,$0,$7,$0,$0,$0,$0,$7,$2,$0,$0
43,2007-10-31,12.09,$12.28,0.98,$17.40,0.69,$0.45,26.87,$0.65,18.6,$0.07B,$0.00B,15.18,$0.01B,$0.07B,0.12,$0.10B,$0.02B,22.68%,$0.10B,$0.00B,4.12%,$0.10B,$0.00B,4.12%,$0.10B,$0.01B,6.19%,$0.10B,$0.01B,5.15%,$0.10B,$0.00B,4.12%,$0.00B,$0.07B,5.99%,$0.00B,$0.07B,6.08%,$0.00B,$0.08B,5.21%,$0.00B,$0.08B,5.59%,$23,$18,$6,$0,$0,$22,$1,$-0,$1,$0,$1,$1,$1,$2,$1,$6,6,$0.17,$0.17,$3,$46,$2,$67,$12,$0,$1,$0,$13,$80,$4,$8,$0,$8,$13,$0,$19,$-0,$68,$80,$2,$1,$0,$1,$0,$-6,$0,$1,$-5,$-2,$-2,$0,$0,$0,$0,$0,$0,$-2,$4,$0,$4,$0,$0,$0,$0,$4,$1,$0,$0
44,2007-07-31,13.37,$12.10,1.11,$17.38,0.77,$1.35,9.92,$0.66,20.26,$0.06B,$0.01B,10.07,$0.00B,$0.07B,0.04,$0.10B,$0.02B,22.68%,$0.10B,$0.00B,4.12%,$0.10B,$0.00B,4.12%,$0.10B,$0.01B,5.15%,$0.10B,$0.01B,5.15%,$0.10B,$0.00B,4.12%,$0.00B,$0.07B,6.06%,$0.00B,$0.07B,6.23%,$0.00B,$0.08B,5.26%,$0.00B,$0.07B,5.65%,$22,$17,$5,$0,$0,$21,$1,$0,$1,$0,$1,$1,$1,$1,$1,$6,6,$0.14,$0.14,$2,$44,$4,$63,$12,$0,$1,$0,$13,$76,$6,$3,$0,$3,$9,$0,$18,$-0,$67,$76,$1,$1,$0,$1,$3,$-3,$0,$-1,$-0,$2,$-1,$0,$0,$0,$0,$0,$0,$-1,$-1,$0,$-1,$0,$0,$0,$0,$-1,$-0,$0,$0
45,2007-04-30,13.07,$12.00,1.09,$17.82,0.73,$1.35,9.67,$0.77,16.97,$0.06B,$0.01B,10.39,$0.00B,$0.07B,0.06,$0.10B,$0.02B,23.23%,$0.10B,$0.01B,5.05%,$0.10B,$0.01B,5.05%,$0.10B,$0.01B,6.06%,$0.10B,$0.01B,6.06%,$0.10B,$0.00B,4.04%,$0.00B,$0.07B,6.13%,$0.00B,$0.07B,6.32%,$0.00B,$0.08B,5.30%,$0.01B,$0.07B,7.04%,$26,$20,$5,$0,$0,$25,$1,$-0,$1,$0,$1,$1,$1,$1,$1,$6,6,$0.11,$0.11,$4,$41,$4,$64,$11,$0,$1,$0,$12,$77,$6,$4,$0,$4,$10,$0,$17,$-0,$66,$77,$1,$0,$0,$0,$-0,$0,$0,$-1,$1,$2,$-0,$0,$0,$0,$0,$0,$0,$-0,$0,$0,$0,$0,$0,$0,$0,$0,$2,$0,$0
46,2007-01-31,14.67,$11.96,1.23,$18.13,0.81,$1.56,9.42,$0.93,15.71,$0.06B,$0.00B,14.36,$0.00B,$0.07B,0.06,$0.10B,$0.03B,25.00%,$0.10B,$0.01B,6.00%,$0.10B,$0.01B,6.00%,$0.10B,$0.01B,7.00%,$0.10B,$0.01B,7.00%,$0.10B,$0.00B,4.00%,$0.00B,$0.07B,6.23%,$0.00B,$0.07B,6.43%,$0.00B,$0.07B,5.37%,$0.01B,$0.07B,8.54%,$26,$20,$6,$0,$0,$24,$1,$0,$2,$0,$1,$1,$1,$2,$1,$6,6,$0.23,$0.23,$2,$41,$2,$62,$11,$0,$1,$0,$12,$74,$4,$4,$0,$4,$8,$0,$17,$0,$66,$74,$5,$1,$-1,$0,$-0,$4,$1,$-2,$3,$8,$-4,$0,$0,$0,$0,$0,$0,$-4,$-3,$0,$-3,$0,$0,$0,$0,$-3,$0,$0,$0
47,2006-10-31,13.63,$11.72,1.16,$18.06,0.75,$-1.84,0.0,$1.02,13.32,$0.07B,$0.00B,15.69,$0.01B,$0.07B,0.12,$0.10B,$0.03B,25.25%,$0.10B,$0.01B,8.08%,$0.10B,$0.01B,8.08%,$0.10B,$0.01B,8.08%,$0.10B,$0.01B,8.08%,$0.10B,$0.01B,5.05%,$0.01B,$0.07B,7.94%,$0.01B,$0.06B,8.20%,$0.01B,$0.08B,6.76%,$0.01B,$0.07B,11.47%,$23,$18,$6,$0,$0,$22,$1,$0,$1,$0,$1,$1,$1,$1,$1,$6,6,$0.18,$0.18,$3,$45,$3,$66,$8,$0,$4,$0,$11,$77,$4,$8,$0,$8,$13,$0,$16,$0,$65,$77,$4,$1,$-0,$0,$1,$0,$0,$-4,$-2,$2,$-1,$0,$0,$0,$0,$0,$0,$-1,$1,$0,$1,$0,$0,$0,$0,$1,$2,$0,$0
