,Date,Stock Price,Book Value per Share,Price to Book Ratio,TTM Sales per Share,Price to Sales Ratio,TTM FCF per Share,Price to FCF Ratio,TTM Net EPS,PE Ratio,Current Assets,Current Liabilities,Current Ratio,Long Term Debt,Shareholder's Equity_x,Debt to Equity Ratio,TTM Revenue_x,TTM Gross Profit,Gross Margin,TTM Revenue_y,TTM Operating Income,Operating Margin,TTM Revenue_x,TTM EBIT,EBIT Margin,TTM Revenue_y,TTM EBITDA,EBITDA Margin,TTM Revenue_x,TTM Pre-Tax Income,Pre-Tax Margin,TTM Revenue_y,TTM Net Income_x,Net Margin,TTM Net Income_y,Shareholder's Equity_y,Return on Equity,TTM Net Income_x,Tangible Equity,Return on Tangible Equity,TTM Net Income_y,Total Assets,Return on Assets,TTM Net Income,LT Investments & Debt,Return on Investment,revenue,cost-goods-sold,gross-profit,research-development-expenses,selling-general-administrative-expenses,operating-expenses,operating-income,total-non-operating-income-expense,pre-tax-income,total-provision-income-taxes,income-after-taxes,income-from-continuous-operations,net-income,ebitda,ebit,basic-shares-outstanding,shares-outstanding,eps-basic-net-earnings-per-share,eps-earnings-per-share-diluted,cash-on-hand,inventory,other-current-assets,total-current-assets,net-property-plant-equipment,long-term-investments,goodwill-intangible-assets-total,other-long-term-assets,total-long-term-assets,total-assets,total-current-liabilities,long-term-debt,other-non-current-liabilities,total-long-term-liabilities,total-liabilities,common-stock-net,retained-earnings-accumulated-deficit,comprehensive-income,total-share-holder-equity,total-liabilities-share-holders-equity,net-income-loss,total-depreciation-amortization-cash-flow,other-non-cash-items,total-non-cash-items,change-in-accounts-receivable,change-in-inventories,change-in-accounts-payable,change-in-assets-liabilities,total-change-in-assets-liabilities,cash-flow-from-operating-activities,net-change-in-property-plant-equipment,net-change-in-intangible-assets,net-acquisitions-divestitures,net-change-in-short-term-investments,net-change-in-long-term-investments,net-change-in-investments-total,investing-activities-other,cash-flow-from-investing-activities,net-long-term-debt,net-current-debt,debt-issuance-retirement-net-total,net-common-equity-issued-repurchased,net-total-equity-issued-repurchased,total-common-preferred-stock-dividends-paid,financial-activities-other,cash-flow-from-financial-activities,net-cash-flow,stock-based-compensation,common-stock-dividends-paid
0,2018-09-30,77.8,$11.06,7.03,$16.17,4.81,$8.93,8.71,$3.00,25.93,$0.37B,$0.26B,1.43,$2.52B,$1.10B,2.3,$1.60B,$1.04B,65.06%,$1.60B,$0.45B,28.18%,$1.60B,$0.45B,28.18%,$1.60B,$0.68B,42.45%,$1.60B,$0.31B,19.10%,$1.60B,$0.30B,18.53%,$0.30B,$1.10B,27.45%,$0.30B,$-1.41B,-20.65%,$0.30B,$4.13B,7.14%,$0.45B,$3.62B,12.40%,$418,$141,$278,$0,$94,$290,$128,$-32,$97,$3,$94,$94,$94,$185,$128,$99,99,$0.95,$0.95,$11,$0,$52,$366,$1193,$0,$2511,$54,$3759,$4125,$256,$2519,$250,$2772,$3028,$0,$-699,$1,$1097,$4125,$210,$171,$53,$223,$-32,$0,$1,$-12,$-63,$370,$-76,$0,$-48,$0,$0,$0,$4,$-120,$-24,$0,$-24,$28,$28,$-351,$-7,$-354,$-105,$23,$-351
1,2018-06-30,68.31,$10.86,6.29,$16.01,4.27,$8.50,8.03,$3.03,22.54,$0.38B,$0.26B,1.48,$2.54B,$1.07B,2.37,$1.58B,$1.03B,64.96%,$1.58B,$0.45B,28.77%,$1.58B,$0.45B,28.77%,$1.58B,$0.68B,42.97%,$1.58B,$0.31B,19.52%,$1.58B,$0.30B,18.88%,$0.30B,$1.07B,27.67%,$0.30B,$-1.42B,-21.14%,$0.30B,$4.12B,7.25%,$0.45B,$3.61B,12.59%,$420,$141,$279,$0,$90,$284,$136,$-32,$104,$4,$100,$100,$100,$192,$136,$99,99,$1.02,$1.02,$20,$0,$58,$382,$1193,$0,$2491,$54,$3738,$4120,$258,$2541,$246,$2788,$3046,$0,$-703,$0,$1074,$4120,$115,$115,$41,$155,$-31,$0,$1,$-8,$-55,$216,$-49,$0,$-16,$0,$0,$0,$4,$-61,$-3,$0,$-3,$22,$22,$-261,$-7,$-250,$-96,$14,$-261
2,2018-03-31,62.86,$10.57,5.95,$15.80,3.98,$8.34,7.54,$2.95,21.31,$0.36B,$0.22B,1.59,$2.60B,$1.04B,2.5,$1.56B,$1.01B,64.82%,$1.56B,$0.45B,28.68%,$1.56B,$0.45B,28.68%,$1.56B,$0.67B,42.89%,$1.56B,$0.30B,19.29%,$1.56B,$0.29B,18.65%,$0.29B,$1.04B,26.95%,$0.29B,$-1.47B,-21.13%,$0.29B,$4.12B,7.13%,$0.45B,$3.64B,12.51%,$361,$138,$223,$0,$91,$295,$66,$-49,$17,$2,$15,$15,$15,$124,$66,$98,99,$0.15,$0.15,$10,$0,$59,$356,$1193,$0,$2508,$58,$3759,$4115,$224,$2604,$246,$2851,$3074,$0,$-714,$1,$1040,$4115,$15,$58,$34,$92,$-10,$0,$1,$-30,$-66,$41,$-23,$0,$-7,$0,$0,$0,$1,$-29,$61,$0,$61,$-0,$-0,$-171,$-6,$-117,$-105,$8,$-171
3,2017-12-31,72.3,$11.23,6.44,$15.67,4.61,$8.33,8.68,$3.22,22.45,$0.42B,$0.33B,1.29,$2.54B,$1.10B,2.3,$1.54B,$1.00B,64.94%,$1.54B,$0.46B,29.55%,$1.54B,$0.46B,29.55%,$1.54B,$0.67B,43.57%,$1.54B,$0.33B,21.23%,$1.54B,$0.32B,20.58%,$0.32B,$1.10B,29.36%,$0.32B,$-1.43B,-23.80%,$0.32B,$4.21B,7.88%,$0.46B,$3.64B,12.95%,$398,$139,$259,$0,$84,$278,$120,$-33,$87,$-0,$87,$87,$87,$177,$120,$98,98,$0.89,$0.89,$115,$0,$52,$421,$1214,$0,$2537,$43,$3794,$4214,$326,$2539,$245,$2785,$3111,$0,$-639,$1,$1103,$4214,$318,$216,$13,$229,$-18,$0,$0,$-13,$-39,$507,$-103,$0,$-297,$0,$0,$0,$1,$-400,$204,$0,$204,$18,$18,$-244,$-6,$-29,$80,$10,$-244
4,2017-09-30,66.02,$11.12,5.94,$15.58,4.24,$8.58,7.69,$3.15,20.96,$0.37B,$0.24B,1.55,$2.43B,$1.09B,2.23,$1.53B,$1.00B,65.08%,$1.53B,$0.45B,29.43%,$1.53B,$0.45B,29.43%,$1.53B,$0.66B,43.36%,$1.53B,$0.32B,21.19%,$1.53B,$0.31B,20.27%,$0.31B,$1.09B,28.93%,$0.31B,$-1.32B,-23.90%,$0.31B,$4.00B,7.86%,$0.45B,$3.52B,13.05%,$399,$135,$264,$0,$84,$268,$132,$-32,$100,$3,$96,$96,$96,$185,$132,$98,98,$0.98,$0.98,$29,$0,$45,$371,$1181,$0,$2409,$43,$3633,$4003,$239,$2432,$242,$2674,$2913,$0,$-645,$1,$1091,$4003,$231,$159,$9,$168,$-38,$0,$0,$-18,$-78,$321,$-71,$0,$-120,$0,$0,$0,$0,$-191,$101,$0,$101,$11,$11,$-244,$-5,$-137,$-6,$7,$-244
5,2017-06-30,69.97,$10.93,6.4,$15.48,4.52,$8.77,7.97,$3.04,23.02,$0.39B,$0.26B,1.48,$2.37B,$1.07B,2.22,$1.52B,$0.99B,65.02%,$1.52B,$0.44B,28.85%,$1.52B,$0.44B,28.85%,$1.52B,$0.65B,42.69%,$1.52B,$0.31B,20.62%,$1.52B,$0.30B,19.70%,$0.30B,$1.07B,28.13%,$0.30B,$-1.27B,-23.26%,$0.30B,$3.95B,7.63%,$0.44B,$3.45B,12.81%,$397,$135,$262,$0,$83,$269,$128,$-32,$96,$4,$92,$92,$92,$181,$128,$98,98,$0.94,$0.94,$43,$0,$49,$385,$1177,$0,$2342,$42,$3561,$3946,$261,$2374,$240,$2614,$2875,$0,$-659,$0,$1071,$3946,$134,$106,$7,$113,$-32,$0,$0,$-11,$-52,$195,$-45,$0,$-28,$0,$0,$0,$0,$-73,$45,$0,$45,$8,$8,$-163,$-5,$-115,$7,$5,$-163
6,2017-03-31,70.25,$10.76,6.53,$15.41,4.56,$8.96,7.84,$2.94,23.9,$0.35B,$0.25B,1.42,$2.39B,$1.05B,2.26,$1.51B,$0.98B,64.94%,$1.51B,$0.43B,28.30%,$1.51B,$0.43B,28.30%,$1.51B,$0.64B,42.21%,$1.51B,$0.30B,20.08%,$1.51B,$0.29B,19.15%,$0.29B,$1.05B,27.39%,$0.29B,$-1.30B,-22.41%,$0.29B,$3.93B,7.39%,$0.43B,$3.44B,12.52%,$346,$132,$215,$0,$89,$271,$75,$-31,$44,$2,$42,$42,$42,$128,$75,$98,98,$0.43,$0.42,$32,$0,$54,$350,$1175,$0,$2358,$42,$3574,$3925,$246,$2385,$239,$2625,$2871,$0,$-670,$-0,$1054,$3925,$42,$53,$3,$55,$-1,$0,$1,$-36,$-63,$34,$-18,$0,$-18,$0,$0,$0,$0,$-35,$74,$0,$74,$4,$4,$-81,$-0,$-3,$-4,$2,$-81
7,2016-12-31,62.52,$10.98,5.7,$15.36,4.07,$9.16,6.83,$3.05,20.5,$0.31B,$0.28B,1.13,$2.32B,$1.07B,2.17,$1.50B,$0.98B,64.91%,$1.50B,$0.44B,29.23%,$1.50B,$0.44B,29.23%,$1.50B,$0.65B,43.21%,$1.50B,$0.31B,20.84%,$1.50B,$0.30B,19.84%,$0.30B,$1.07B,28.47%,$0.30B,$-1.29B,-22.95%,$0.30B,$3.90B,7.64%,$0.44B,$3.39B,12.87%,$387,$132,$254,$0,$90,$271,$115,$-31,$84,$4,$81,$81,$80,$169,$115,$97,98,$0.83,$0.81,$36,$0,$40,$314,$1183,$0,$2364,$38,$3585,$3899,$277,$2315,$236,$2552,$2829,$0,$-631,$-1,$1070,$3899,$299,$210,$23,$233,$-23,$0,$-1,$3,$-10,$522,$-96,$0,$-585,$0,$0,$0,$0,$-681,$459,$0,$459,$17,$17,$-294,$-10,$172,$13,$29,$-294
8,2016-09-30,60.04,$10.85,5.53,$15.09,3.98,$8.72,6.89,$3.03,19.81,$0.36B,$0.26B,1.37,$2.35B,$1.06B,2.23,$1.47B,$0.95B,64.85%,$1.47B,$0.43B,29.16%,$1.47B,$0.43B,29.16%,$1.47B,$0.63B,43.03%,$1.47B,$0.31B,21.01%,$1.47B,$0.29B,19.99%,$0.29B,$1.06B,28.42%,$0.29B,$-1.27B,-24.35%,$0.29B,$3.90B,7.80%,$0.43B,$3.41B,13.05%,$388,$132,$256,$0,$87,$268,$120,$-31,$89,$4,$85,$85,$85,$170,$120,$97,98,$0.87,$0.87,$37,$0,$39,$355,$1180,$0,$2328,$39,$3547,$3903,$259,$2351,$234,$2587,$2846,$0,$-637,$-0,$1056,$3903,$218,$157,$16,$173,$-39,$0,$-1,$-8,$-53,$338,$-71,$0,$-526,$0,$0,$0,$0,$-597,$491,$0,$491,$12,$12,$-220,$-10,$273,$15,$20,$-220
9,2016-06-30,60.18,$10.69,5.63,$14.77,4.08,$8.49,7.09,$3.05,19.73,$0.36B,$0.27B,1.35,$2.37B,$1.04B,2.28,$1.43B,$0.93B,64.64%,$1.43B,$0.42B,29.36%,$1.43B,$0.42B,29.36%,$1.43B,$0.62B,43.38%,$1.43B,$0.31B,21.41%,$1.43B,$0.30B,20.57%,$0.30B,$1.04B,28.86%,$0.30B,$-1.29B,-26.27%,$0.30B,$3.91B,8.09%,$0.42B,$3.41B,13.26%,$388,$133,$255,$0,$87,$270,$117,$-31,$86,$4,$82,$82,$82,$170,$117,$97,98,$0.84,$0.84,$42,$0,$42,$364,$1181,$0,$2329,$39,$3549,$3913,$269,$2369,$233,$2604,$2873,$0,$-648,$0,$1040,$3913,$133,$106,$6,$112,$-37,$0,$0,$-1,$-35,$211,$-45,$0,$-506,$0,$0,$0,$0,$-551,$505,$0,$505,$9,$9,$-146,$-9,$358,$19,$11,$-146
10,2016-03-31,55.17,$10.52,5.24,$14.37,3.84,$8.21,6.72,$2.82,19.56,$0.33B,$0.22B,1.51,$2.42B,$1.02B,2.37,$1.39B,$0.90B,64.75%,$1.39B,$0.40B,28.99%,$1.39B,$0.40B,28.99%,$1.39B,$0.60B,43.24%,$1.39B,$0.30B,21.29%,$1.39B,$0.27B,19.57%,$0.27B,$1.02B,26.99%,$0.27B,$-1.34B,-26.44%,$0.27B,$3.90B,7.75%,$0.40B,$3.44B,13.22%,$339,$129,$210,$0,$83,$252,$87,$-33,$54,$2,$51,$51,$51,$140,$87,$97,97,$0.53,$0.53,$28,$0,$46,$327,$1167,$0,$2361,$39,$3567,$3895,$217,$2420,$235,$2657,$2874,$0,$-657,$0,$1021,$3895,$51,$53,$-3,$49,$-8,$0,$1,$-27,$-49,$52,$-15,$0,$-502,$0,$0,$0,$0,$-518,$551,$0,$551,$2,$2,$-73,$-9,$471,$6,$3,$-73
11,2015-12-31,53.13,$10.56,5.03,$14.05,3.78,$8.15,6.52,$2.71,19.61,$0.28B,$0.24B,1.19,$1.88B,$1.02B,1.84,$1.35B,$0.88B,64.97%,$1.35B,$0.38B,28.31%,$1.35B,$0.38B,28.31%,$1.35B,$0.58B,42.79%,$1.35B,$0.29B,21.06%,$1.35B,$0.26B,19.36%,$0.26B,$1.02B,26.26%,$0.26B,$-0.93B,-28.53%,$0.26B,$3.36B,7.76%,$0.38B,$2.90B,13.12%,$356,$123,$233,$0,$83,$251,$105,$-24,$80,$4,$77,$77,$76,$153,$105,$96,96,$0.80,$0.80,$22,$0,$39,$282,$1095,$0,$1949,$37,$3082,$3364,$237,$1875,$229,$2106,$2343,$0,$-636,$-1,$1021,$3364,$263,$196,$35,$231,$-9,$0,$-0,$-10,$-16,$478,$-100,$0,$-154,$0,$0,$0,$-0,$-254,$20,$0,$20,$22,$22,$-266,$-1,$-225,$-4,$26,$-266
12,2015-09-30,45.7,$10.41,4.39,$13.89,3.29,$7.90,5.79,$4.10,11.15,$0.32B,$0.23B,1.38,$1.95B,$1.01B,1.94,$1.33B,$0.87B,65.07%,$1.33B,$0.37B,27.44%,$1.33B,$0.37B,27.44%,$1.33B,$0.57B,42.80%,$1.33B,$0.27B,20.16%,$1.33B,$0.39B,29.54%,$0.39B,$1.01B,39.89%,$0.39B,$-0.94B,-43.26%,$0.39B,$3.42B,11.71%,$0.37B,$2.96B,12.57%,$351,$122,$229,$0,$76,$239,$112,$-25,$87,$1,$86,$86,$86,$159,$112,$97,97,$0.89,$0.89,$29,$0,$39,$321,$1089,$0,$1940,$37,$3096,$3416,$232,$1949,$229,$2178,$2411,$0,$-646,$-0,$1006,$3416,$186,$148,$25,$173,$-21,$0,$-1,$-16,$-45,$313,$-72,$0,$-123,$0,$0,$0,$-0,$-196,$69,$0,$69,$19,$19,$-199,$-1,$-113,$3,$18,$-199
13,2015-06-30,49.67,$10.19,4.88,$13.76,3.61,$7.72,6.43,$3.58,13.88,$0.32B,$0.23B,1.37,$1.92B,$0.98B,1.96,$1.32B,$0.86B,65.40%,$1.32B,$0.34B,25.80%,$1.32B,$0.34B,25.80%,$1.32B,$0.56B,42.64%,$1.32B,$0.24B,18.51%,$1.32B,$0.34B,26.02%,$0.34B,$0.98B,36.18%,$0.34B,$-0.91B,-36.60%,$0.34B,$3.37B,10.23%,$0.34B,$2.91B,11.86%,$344,$116,$228,$0,$80,$245,$99,$-25,$75,$15,$59,$59,$59,$149,$99,$96,96,$0.61,$0.61,$27,$0,$39,$317,$1086,$0,$1896,$39,$3053,$3370,$231,$1923,$232,$2155,$2386,$0,$-665,$1,$983,$3370,$100,$100,$24,$125,$-18,$0,$2,$-15,$-36,$188,$-51,$0,$-59,$0,$0,$0,$-0,$-110,$40,$0,$40,$16,$16,$-132,$-0,$-76,$1,$11,$-132
14,2015-03-31,50.62,$10.19,4.97,$13.65,3.71,$7.56,6.7,$3.13,16.17,$0.31B,$0.21B,1.5,$1.94B,$0.98B,1.98,$1.30B,$0.85B,65.18%,$1.30B,$0.31B,24.08%,$1.30B,$0.31B,24.08%,$1.30B,$0.56B,42.79%,$1.30B,$0.20B,14.95%,$1.30B,$0.30B,22.93%,$0.30B,$0.98B,32.37%,$0.30B,$-0.90B,-31.25%,$0.30B,$3.36B,8.91%,$0.31B,$2.92B,11.06%,$302,$113,$189,$0,$75,$235,$67,$-25,$43,$2,$41,$41,$41,$118,$67,$96,96,$0.42,$0.42,$33,$0,$43,$310,$1082,$0,$1879,$39,$3045,$3355,$206,$1938,$230,$2168,$2374,$0,$-657,$1,$981,$3355,$41,$50,$3,$53,$-1,$0,$2,$-29,$-39,$55,$-25,$0,$-20,$0,$0,$0,$0,$-44,$53,$0,$53,$9,$9,$-65,$-0,$-3,$7,$4,$-65
15,2014-12-31,45.28,$10.27,4.41,$13.49,3.36,$7.68,5.9,$2.66,17.02,$0.27B,$0.23B,1.21,$1.88B,$0.98B,1.92,$1.29B,$0.83B,64.80%,$1.29B,$0.28B,21.60%,$1.29B,$0.28B,21.60%,$1.29B,$0.54B,42.11%,$1.29B,$0.14B,11.19%,$1.29B,$0.25B,19.66%,$0.25B,$0.98B,27.68%,$0.25B,$-0.90B,-26.04%,$0.25B,$3.32B,7.50%,$0.28B,$2.87B,9.82%,$337,$115,$222,$0,$79,$248,$88,$-24,$64,$-144,$208,$208,$208,$145,$88,$95,95,$2.18,$2.18,$26,$0,$34,$273,$1084,$0,$1880,$37,$3046,$3319,$225,$1884,$228,$2112,$2337,$0,$-633,$2,$981,$3319,$254,$263,$-65,$198,$-14,$0,$1,$5,$1,$453,$-103,$0,$-65,$0,$0,$0,$4,$-164,$-55,$0,$-55,$18,$18,$-239,$-19,$-294,$-7,$24,$-239
16,2014-09-30,40.94,$8.88,4.61,$13.34,3.07,$7.14,5.73,$0.59,69.39,$0.32B,$0.23B,1.4,$1.93B,$0.85B,2.27,$1.27B,$0.82B,64.72%,$1.27B,$0.25B,20.00%,$1.27B,$0.25B,20.00%,$1.27B,$0.55B,42.91%,$1.27B,$0.10B,7.56%,$1.27B,$0.06B,4.33%,$0.06B,$0.85B,6.10%,$0.06B,$-1.04B,-5.53%,$0.06B,$3.37B,1.62%,$0.25B,$2.77B,9.01%,$335,$112,$223,$0,$75,$249,$86,$-24,$62,$27,$35,$35,$35,$150,$86,$95,96,$0.37,$0.37,$28,$0,$35,$315,$1095,$0,$1888,$37,$3055,$3370,$225,$1925,$227,$2298,$2523,$0,$-760,$3,$847,$3370,$46,$207,$74,$280,$-23,$0,$3,$1,$-23,$303,$-81,$0,$-54,$0,$0,$0,$4,$-131,$-13,$0,$-13,$13,$13,$-158,$-18,$-177,$-5,$16,$-158
17,2014-06-30,44.05,$9.30,4.74,$13.22,3.33,$7.16,6.16,$0.41,107.45,$0.33B,$0.24B,1.41,$1.91B,$0.89B,2.16,$1.26B,$0.81B,64.57%,$1.26B,$0.24B,18.71%,$1.26B,$0.24B,18.71%,$1.26B,$0.54B,42.99%,$1.26B,$0.06B,5.10%,$1.26B,$0.04B,2.95%,$0.04B,$0.89B,4.01%,$0.04B,$-0.99B,-3.75%,$0.04B,$3.38B,1.07%,$0.24B,$2.80B,8.40%,$330,$114,$216,$0,$73,$257,$73,$-47,$26,$11,$15,$15,$15,$145,$73,$95,96,$0.16,$0.16,$34,$0,$41,$332,$1096,$0,$1876,$38,$3044,$3376,$235,$1912,$226,$2256,$2491,$0,$-716,$4,$886,$3376,$11,$143,$40,$183,$-25,$0,$3,$0,$-20,$173,$-53,$0,$-9,$0,$0,$0,$4,$-57,$-27,$0,$-27,$9,$9,$-79,$-18,$-115,$1,$11,$-79
18,2014-03-31,42.39,$9.90,4.28,$13.22,3.21,$6.97,6.08,$0.47,90.2,$0.34B,$0.20B,1.69,$1.95B,$0.94B,2.07,$1.25B,$0.81B,64.75%,$1.25B,$0.24B,18.74%,$1.25B,$0.24B,18.74%,$1.25B,$0.55B,43.46%,$1.25B,$0.07B,5.82%,$1.25B,$0.05B,3.59%,$0.05B,$0.94B,4.84%,$0.05B,$-0.96B,-4.52%,$0.05B,$3.43B,1.28%,$0.24B,$2.89B,8.50%,$285,$112,$173,$0,$73,$254,$31,$-39,$-8,$-3,$-5,$-5,$-5,$102,$31,$95,95,$-0.05,$-0.05,$69,$0,$41,$343,$1106,$0,$1899,$42,$3083,$3427,$203,$1946,$224,$2282,$2485,$0,$-653,$3,$942,$3427,$-5,$71,$9,$80,$-2,$0,$3,$-19,$-13,$63,$-22,$0,$-4,$0,$0,$0,$0,$-26,$8,$0,$8,$5,$5,$-0,$-13,$-1,$36,$4,$-0
19,2013-12-31,43.43,$9.84,4.41,$13.16,3.3,$6.84,6.35,$0.45,96.51,$0.28B,$0.25B,1.15,$1.88B,$0.93B,2.02,$1.25B,$0.81B,64.93%,$1.25B,$0.22B,17.90%,$1.25B,$0.22B,17.90%,$1.25B,$0.54B,43.26%,$1.25B,$0.06B,5.06%,$1.25B,$0.04B,3.21%,$0.04B,$0.93B,4.38%,$0.04B,$-0.99B,-3.93%,$0.04B,$3.40B,1.13%,$0.22B,$2.82B,7.98%,$320,$110,$210,$0,$67,$257,$64,$-48,$16,$5,$10,$10,$10,$148,$64,$94,95,$0.11,$0.11,$33,$0,$35,$282,$1122,$0,$1923,$44,$3120,$3402,$245,$1883,$221,$2223,$2469,$0,$-648,$4,$933,$3402,$40,$315,$60,$376,$-7,$0,$-0,$-8,$-21,$395,$-99,$0,$-92,$0,$0,$0,$-1,$-192,$-243,$0,$-243,$17,$17,$-0,$-0,$-227,$-26,$25,$-0
20,2013-09-30,39.09,$9.86,3.96,$13.01,3.0,$6.68,5.85,$0.42,93.08,$0.46B,$0.60B,0.77,$1.75B,$0.93B,1.87,$1.23B,$0.80B,64.74%,$1.23B,$0.22B,17.92%,$1.23B,$0.22B,17.92%,$1.23B,$0.53B,43.40%,$1.23B,$0.06B,4.72%,$1.23B,$0.04B,2.85%,$0.04B,$0.93B,3.91%,$0.04B,$-1.01B,-3.35%,$0.04B,$3.63B,0.99%,$0.22B,$2.68B,7.76%,$321,$110,$212,$0,$72,$254,$67,$-38,$30,$13,$17,$17,$17,$145,$67,$95,95,$0.18,$0.18,$183,$0,$28,$462,$1143,$0,$1944,$44,$3164,$3625,$599,$1749,$218,$2093,$2692,$0,$-641,$5,$933,$3625,$30,$231,$41,$272,$-22,$0,$2,$-5,$-7,$295,$-73,$0,$-84,$0,$0,$0,$-0,$-157,$-24,$0,$-24,$12,$12,$-0,$-0,$-13,$124,$23,$-0
21,2013-06-30,36.07,$9.62,3.75,$12.90,2.8,$6.28,5.75,$0.35,103.05,$0.40B,$0.56B,0.72,$1.77B,$0.91B,1.94,$1.21B,$0.79B,64.72%,$1.21B,$0.22B,17.89%,$1.21B,$0.22B,17.89%,$1.21B,$0.53B,43.69%,$1.21B,$0.05B,4.20%,$1.21B,$0.03B,2.39%,$0.03B,$0.91B,3.30%,$0.03B,$-1.02B,-2.78%,$0.03B,$3.56B,0.83%,$0.22B,$2.67B,7.50%,$328,$111,$217,$0,$72,$254,$73,$-38,$35,$12,$23,$23,$23,$150,$73,$94,95,$0.24,$0.24,$119,$0,$34,$401,$1150,$0,$1929,$43,$3157,$3559,$559,$1765,$213,$2090,$2649,$0,$-659,$4,$909,$3559,$13,$153,$23,$176,$-19,$0,$3,$-18,$-37,$152,$-49,$0,$-33,$0,$0,$0,$0,$-82,$-16,$0,$-16,$8,$8,$-0,$-0,$-9,$60,$17,$-0
22,2013-03-31,40.38,$9.34,4.32,$12.70,3.18,$6.15,6.57,$0.28,144.22,$0.34B,$0.20B,1.69,$2.12B,$0.88B,2.41,$1.19B,$0.77B,64.54%,$1.19B,$0.21B,17.48%,$1.19B,$0.21B,17.48%,$1.19B,$0.52B,43.87%,$1.19B,$0.04B,3.53%,$1.19B,$0.02B,1.68%,$0.02B,$0.88B,2.32%,$0.02B,$-1.05B,-1.91%,$0.02B,$3.51B,0.58%,$0.21B,$3.00B,7.07%,$277,$107,$170,$0,$78,$258,$19,$-37,$-18,$-7,$-10,$-10,$-10,$96,$19,$94,94,$-0.11,$-0.11,$75,$0,$32,$336,$1164,$0,$1931,$43,$3175,$3511,$199,$2122,$209,$2431,$2630,$0,$-680,$5,$881,$3511,$-10,$77,$4,$80,$2,$0,$2,$-31,$-19,$52,$-24,$0,$-5,$0,$0,$0,$0,$-29,$-8,$0,$-8,$3,$3,$-0,$-0,$-5,$17,$11,$-0
23,2012-12-31,32.21,$9.18,3.51,$12.61,2.55,$6.05,5.32,$0.10,322.1,$0.30B,$0.22B,1.38,$2.13B,$0.86B,2.47,$1.18B,$0.76B,64.55%,$1.18B,$0.22B,18.24%,$1.18B,$0.22B,18.24%,$1.18B,$0.53B,44.87%,$1.18B,$0.02B,1.36%,$1.18B,$0.01B,0.59%,$0.01B,$0.86B,0.83%,$0.01B,$-1.09B,-0.67%,$0.01B,$3.51B,0.20%,$0.22B,$2.99B,7.32%,$302,$106,$196,$0,$67,$242,$61,$-50,$11,$6,$5,$5,$5,$142,$61,$93,94,$0.06,$0.06,$59,$0,$31,$301,$1180,$0,$1953,$41,$3213,$3514,$219,$2128,$206,$2433,$2652,$0,$-687,$6,$862,$3514,$8,$314,$54,$368,$-14,$0,$-0,$12,$0,$376,$-97,$0,$-206,$0,$0,$0,$0,$-303,$-37,$0,$-37,$13,$13,$-0,$-23,$-47,$25,$14,$-0
24,2012-09-30,30.8,$9.19,3.35,$12.45,2.47,$5.49,5.61,$0.09,342.22,$0.30B,$0.20B,1.51,$2.04B,$0.86B,2.37,$1.16B,$0.75B,64.29%,$1.16B,$0.20B,16.95%,$1.16B,$0.20B,16.95%,$1.16B,$0.51B,44.15%,$1.16B,$0.01B,0.52%,$1.16B,$0.01B,0.60%,$0.01B,$0.86B,0.83%,$0.01B,$-1.01B,-0.67%,$0.01B,$3.39B,0.20%,$0.20B,$2.90B,6.72%,$306,$104,$202,$0,$66,$243,$64,$-40,$23,$12,$11,$11,$11,$142,$64,$93,94,$0.12,$0.12,$38,$0,$28,$297,$1146,$0,$1873,$41,$3096,$3393,$196,$2040,$201,$2336,$2532,$0,$-681,$6,$861,$3393,$3,$232,$43,$275,$-21,$0,$0,$-8,$-25,$253,$-73,$0,$-55,$0,$0,$0,$0,$-127,$-116,$0,$-116,$9,$9,$-0,$-14,$-122,$5,$11,$-0
25,2012-06-30,23.77,$8.99,2.64,$12.37,1.92,$5.18,4.59,$0.01,2377.27,$0.36B,$0.31B,1.17,$2.03B,$0.84B,2.42,$1.15B,$0.74B,64.09%,$1.15B,$0.19B,16.31%,$1.15B,$0.19B,16.31%,$1.15B,$0.51B,43.89%,$1.15B,$-0.00B,-0.35%,$1.15B,$0.00B,0.00%,$0.00B,$0.84B,0.00%,$0.00B,$-1.02B,0.00%,$0.00B,$3.46B,0.00%,$0.19B,$2.87B,6.33%,$305,$105,$200,$0,$66,$240,$64,$-39,$26,$12,$14,$14,$14,$142,$64,$93,94,$0.15,$0.15,$99,$0,$34,$361,$1157,$0,$1864,$40,$3100,$3461,$309,$2032,$198,$2312,$2621,$0,$-693,$5,$840,$3461,$-9,$154,$25,$179,$-15,$0,$-1,$-12,$-36,$134,$-45,$0,$-14,$0,$0,$0,$0,$-59,$2,$0,$2,$3,$3,$-0,$-14,$-9,$65,$7,$-0
26,2012-03-31,26.94,$8.81,3.06,$12.26,2.2,$4.92,5.47,$-0.02,0.0,$0.28B,$0.17B,1.67,$2.16B,$0.82B,2.63,$1.14B,$0.73B,63.89%,$1.14B,$0.18B,16.04%,$1.14B,$0.18B,16.04%,$1.14B,$0.50B,43.82%,$1.14B,$-0.01B,-1.23%,$1.14B,$-0.00B,-0.26%,$-0.00B,$0.82B,-0.36%,$-0.00B,$-1.06B,0.28%,$-0.00B,$3.42B,-0.09%,$0.18B,$2.98B,6.05%,$266,$103,$163,$0,$66,$240,$26,$-70,$-44,$-21,$-23,$-23,$-23,$103,$26,$93,93,$-0.25,$-0.25,$36,$0,$34,$282,$1170,$0,$1883,$41,$3135,$3417,$169,$2161,$197,$2427,$2596,$0,$-707,$6,$821,$3417,$-23,$77,$11,$88,$1,$0,$-1,$-24,$-28,$37,$-18,$0,$-6,$0,$0,$0,$0,$-24,$2,$0,$2,$2,$2,$-0,$-14,$-11,$2,$3,$-0
27,2011-12-31,22.86,$9.02,2.54,$12.15,1.88,$4.76,4.8,$0.09,253.98,$0.26B,$0.16B,1.59,$2.14B,$0.84B,2.55,$1.13B,$0.72B,63.89%,$1.13B,$0.18B,16.19%,$1.13B,$0.18B,16.19%,$1.13B,$0.50B,44.34%,$1.13B,$0.01B,1.06%,$1.13B,$0.01B,0.62%,$0.01B,$0.84B,0.85%,$0.01B,$-1.07B,-0.63%,$0.01B,$3.43B,0.20%,$0.18B,$2.98B,5.96%,$285,$103,$182,$0,$63,$242,$43,$-42,$1,$-3,$5,$5,$5,$126,$43,$93,93,$0.05,$0.05,$34,$0,$26,$257,$1194,$0,$1904,$39,$3171,$3427,$161,$2141,$193,$2427,$2588,$0,$-684,$5,$839,$3427,$7,$318,$12,$330,$-15,$0,$-0,$-2,$-18,$319,$-94,$0,$-23,$0,$0,$0,$0,$-117,$-261,$0,$-261,$2,$2,$-0,$0,$-259,$-58,$12,$-0
28,2011-09-30,14.16,$8.89,1.59,$12.08,1.17,$5.47,2.59,$-0.06,0.0,$0.29B,$0.18B,1.62,$2.21B,$0.83B,2.68,$1.12B,$0.72B,63.78%,$1.12B,$0.17B,15.43%,$1.12B,$0.17B,15.43%,$1.12B,$0.49B,43.80%,$1.12B,$-0.00B,-0.09%,$1.12B,$-0.01B,-0.45%,$-0.01B,$0.83B,-0.61%,$-0.01B,$-1.10B,0.44%,$-0.01B,$3.50B,-0.14%,$0.17B,$3.04B,5.52%,$297,$103,$194,$0,$64,$241,$55,$-43,$13,$9,$4,$4,$4,$135,$55,$93,93,$0.04,$0.04,$42,$0,$20,$287,$1216,$0,$1924,$38,$3215,$3502,$177,$2214,$192,$2498,$2675,$0,$-690,$5,$827,$3502,$2,$235,$11,$247,$-26,$0,$-1,$-2,$-26,$223,$-73,$0,$-15,$0,$0,$0,$0,$-88,$-184,$0,$-184,$0,$0,$-0,$0,$-184,$-50,$7,$-0
29,2011-06-30,22.75,$8.84,2.57,$11.97,1.9,$5.67,4.01,$-0.09,0.0,$0.28B,$0.15B,1.82,$2.29B,$0.82B,2.78,$1.11B,$0.71B,63.78%,$1.11B,$0.17B,14.86%,$1.11B,$0.17B,14.86%,$1.11B,$0.49B,43.69%,$1.11B,$-0.01B,-1.17%,$1.11B,$-0.01B,-0.72%,$-0.01B,$0.82B,-0.98%,$-0.01B,$-1.13B,0.68%,$-0.01B,$3.54B,-0.22%,$0.17B,$3.11B,5.17%,$293,$103,$190,$0,$59,$234,$59,$-43,$16,$5,$11,$11,$11,$136,$59,$93,93,$0.12,$0.12,$19,$0,$27,$280,$1230,$0,$1948,$41,$3258,$3538,$154,$2285,$192,$2563,$2717,$0,$-694,$7,$821,$3538,$-2,$155,$-1,$154,$-17,$0,$-1,$-17,$-42,$110,$-45,$0,$-9,$0,$0,$0,$0,$-54,$-128,$0,$-128,$-1,$-1,$-0,$0,$-129,$-73,$5,$-0
30,2011-03-31,30.71,$8.68,3.54,$11.93,2.57,$5.86,5.24,$-0.31,0.0,$0.27B,$0.15B,1.85,$2.35B,$0.81B,2.92,$1.10B,$0.71B,63.92%,$1.10B,$0.16B,14.05%,$1.10B,$0.16B,14.05%,$1.10B,$0.48B,43.61%,$1.10B,$-0.04B,-3.90%,$1.10B,$-0.03B,-2.54%,$-0.03B,$0.81B,-3.45%,$-0.03B,$-1.17B,2.34%,$-0.03B,$3.58B,-0.76%,$0.16B,$3.16B,4.77%,$255,$100,$156,$0,$63,$230,$26,$-44,$-18,$-5,$-13,$-13,$-13,$104,$26,$93,93,$-0.14,$-0.14,$32,$0,$29,$274,$1248,$0,$1974,$41,$3303,$3577,$149,$2351,$190,$2623,$2771,$0,$-705,$7,$806,$3577,$-13,$78,$-8,$70,$-4,$0,$0,$-18,$-31,$26,$-22,$0,$-7,$0,$0,$0,$0,$-28,$-55,$0,$-55,$-2,$-2,$-0,$0,$-57,$-59,$2,$-0
31,2010-12-31,33.12,$8.84,3.75,$11.83,2.8,$5.82,5.69,$-0.44,0.0,$0.31B,$0.15B,2.02,$2.40B,$0.82B,2.94,$1.09B,$0.70B,63.64%,$1.09B,$0.14B,12.82%,$1.09B,$0.14B,12.82%,$1.09B,$0.47B,43.04%,$1.09B,$-0.06B,-5.86%,$1.09B,$-0.04B,-3.66%,$-0.04B,$0.82B,-4.92%,$-0.04B,$-1.18B,3.28%,$-0.04B,$3.65B,-1.07%,$0.14B,$3.22B,4.26%,$276,$100,$175,$0,$65,$243,$33,$-45,$-12,$-5,$-7,$-7,$-7,$116,$33,$92,92,$-0.08,$-0.08,$92,$0,$27,$309,$1257,$0,$1996,$43,$3340,$3649,$154,$2403,$186,$2677,$2830,$0,$-692,$6,$819,$3649,$-40,$330,$14,$344,$-5,$0,$2,$21,$19,$323,$-35,$0,$-7,$0,$0,$0,$0,$-41,$-278,$0,$-278,$9,$9,$-0,$-33,$-302,$-21,$18,$-0
32,2010-09-30,26.45,$8.83,2.99,$11.70,2.26,$5.63,4.7,$-0.58,0.0,$0.32B,$0.17B,1.91,$2.46B,$0.82B,3.01,$1.08B,$0.68B,63.36%,$1.08B,$0.13B,11.78%,$1.08B,$0.13B,11.78%,$1.08B,$0.46B,42.86%,$1.08B,$-0.08B,-7.79%,$1.08B,$-0.05B,-4.92%,$-0.05B,$0.82B,-6.49%,$-0.05B,$-1.20B,4.27%,$-0.05B,$3.72B,-1.39%,$0.13B,$3.27B,3.81%,$286,$100,$187,$0,$63,$240,$47,$-45,$1,$0,$1,$1,$1,$129,$47,$92,93,$0.01,$0.01,$38,$0,$59,$321,$1294,$0,$2019,$39,$3398,$3719,$168,$2457,$185,$2734,$2903,$0,$-685,$5,$816,$3719,$-33,$247,$12,$259,$-19,$0,$2,$-14,$-35,$190,$-22,$0,$-3,$0,$0,$0,$0,$-25,$-212,$0,$-212,$5,$5,$-0,$-32,$-239,$-74,$13,$-0
33,2010-06-30,20.38,$8.75,2.33,$11.58,1.76,$5.72,3.56,$-0.64,0.0,$0.32B,$0.15B,2.08,$2.53B,$0.81B,3.14,$1.06B,$0.67B,62.97%,$1.06B,$0.12B,11.18%,$1.06B,$0.12B,11.18%,$1.06B,$0.46B,43.23%,$1.06B,$-0.10B,-9.02%,$1.06B,$-0.06B,-5.55%,$-0.06B,$0.81B,-7.16%,$-0.06B,$-1.24B,4.69%,$-0.06B,$3.78B,-1.52%,$0.12B,$3.34B,3.53%,$286,$100,$187,$0,$61,$237,$49,$-64,$-14,$-5,$-9,$-9,$-9,$132,$49,$92,92,$-0.10,$-0.10,$27,$0,$60,$321,$1331,$0,$2044,$38,$3461,$3781,$154,$2534,$189,$2820,$2974,$0,$-685,$5,$807,$3781,$-34,$165,$6,$171,$-9,$0,$-1,$-22,$-44,$93,$-12,$0,$-1,$0,$0,$0,$0,$-13,$-135,$0,$-135,$2,$2,$-0,$-32,$-166,$-85,$8,$-0
34,2010-03-31,28.55,$8.79,3.25,$11.47,2.49,$5.96,4.79,$-0.67,0.0,$0.31B,$0.21B,1.44,$2.51B,$0.81B,3.1,$1.05B,$0.66B,62.49%,$1.05B,$0.10B,9.88%,$1.05B,$0.10B,9.88%,$1.05B,$0.46B,43.30%,$1.05B,$-0.10B,-9.59%,$1.05B,$-0.06B,-5.89%,$-0.06B,$0.81B,-7.43%,$-0.06B,$-1.26B,4.89%,$-0.06B,$3.82B,-1.56%,$0.10B,$3.32B,3.02%,$244,$99,$146,$0,$58,$233,$11,$-50,$-39,$-14,$-25,$-25,$-25,$93,$11,$92,92,$-0.27,$-0.27,$33,$0,$61,$307,$1375,$0,$2071,$39,$3515,$3822,$214,$2509,$187,$2798,$3012,$0,$-676,$5,$810,$3822,$-25,$82,$-11,$72,$2,$0,$0,$-23,$-39,$8,$-7,$0,$-1,$0,$0,$0,$0,$-8,$-80,$0,$-80,$1,$1,$-0,$-0,$-79,$-79,$3,$-0
35,2009-12-31,25.84,$9.04,2.86,$11.52,2.24,$6.13,4.22,$-0.63,0.0,$0.37B,$0.26B,1.4,$2.55B,$0.83B,3.07,$1.06B,$0.66B,62.31%,$1.06B,$0.10B,9.19%,$1.06B,$0.10B,9.19%,$1.06B,$0.45B,42.99%,$1.06B,$-0.09B,-8.90%,$1.06B,$-0.06B,-5.59%,$-0.06B,$0.83B,-6.98%,$-0.06B,$-1.26B,4.61%,$-0.06B,$3.94B,-1.45%,$0.10B,$3.39B,2.73%,$262,$100,$163,$0,$59,$242,$20,$-52,$-32,$-12,$-20,$-20,$-20,$108,$20,$92,92,$-0.22,$-0.22,$112,$0,$59,$368,$1407,$0,$2095,$41,$3576,$3944,$264,$2554,$178,$2848,$3112,$0,$-651,$5,$832,$3944,$-58,$356,$-5,$351,$-2,$0,$-4,$-2,$1,$294,$-25,$0,$-4,$0,$0,$0,$0,$-29,$-153,$0,$-153,$5,$5,$-0,$-20,$-168,$98,$12,$-0
36,2009-09-30,22.81,$9.19,2.48,$11.68,1.95,$4.92,4.64,$-0.49,0.0,$0.33B,$0.24B,1.34,$2.59B,$0.85B,3.06,$1.07B,$0.67B,62.07%,$1.07B,$0.10B,9.32%,$1.07B,$0.10B,9.32%,$1.07B,$0.47B,43.52%,$1.07B,$-0.08B,-7.55%,$1.07B,$-0.05B,-4.47%,$-0.05B,$0.85B,-5.61%,$-0.05B,$-1.27B,3.71%,$-0.05B,$3.97B,-1.17%,$0.10B,$3.43B,2.77%,$272,$98,$174,$0,$55,$233,$39,$-50,$-11,$-6,$-5,$-5,$-5,$127,$39,$92,92,$-0.05,$-0.05,$48,$0,$53,$325,$1453,$0,$2112,$46,$3646,$3971,$243,$2588,$179,$2884,$3126,$0,$-632,$3,$845,$3971,$-38,$269,$-2,$267,$-14,$0,$-5,$-0,$-37,$191,$-17,$0,$-2,$0,$0,$0,$0,$-19,$-122,$0,$-122,$3,$3,$-0,$-20,$-139,$34,$10,$-0
37,2009-06-30,12.69,$9.28,1.37,$12.14,1.05,$3.98,3.19,$-0.40,0.0,$0.43B,$0.23B,1.88,$2.78B,$0.85B,3.27,$1.11B,$0.69B,62.03%,$1.11B,$0.11B,10.23%,$1.11B,$0.11B,10.23%,$1.11B,$0.48B,42.91%,$1.11B,$-0.06B,-5.30%,$1.11B,$-0.04B,-3.68%,$-0.04B,$0.85B,-4.76%,$-0.04B,$-1.29B,3.12%,$-0.04B,$4.14B,-0.98%,$0.11B,$3.63B,3.09%,$275,$99,$175,$0,$59,$241,$34,$-53,$-19,$-7,$-12,$-12,$-12,$128,$34,$92,92,$-0.13,$-0.13,$158,$0,$40,$425,$1498,$0,$2137,$45,$3718,$4144,$226,$2782,$173,$3066,$3292,$0,$-622,$1,$851,$4144,$-34,$181,$-12,$168,$-2,$0,$-4,$-20,$-18,$116,$-13,$0,$-1,$0,$0,$0,$0,$-14,$59,$0,$59,$1,$1,$-0,$-20,$41,$143,$7,$-0
38,2009-03-31,8.1,$9.32,0.87,$12.64,0.64,$3.19,2.54,$-0.12,0.0,$0.46B,$0.18B,2.59,$2.91B,$0.85B,3.4,$1.16B,$0.73B,62.77%,$1.16B,$0.15B,12.64%,$1.16B,$0.15B,12.64%,$1.16B,$0.50B,43.25%,$1.16B,$-0.02B,-1.29%,$1.16B,$-0.02B,-1.38%,$-0.02B,$0.85B,-1.85%,$-0.02B,$-1.31B,1.20%,$-0.02B,$4.24B,-0.38%,$0.15B,$3.76B,3.96%,$247,$101,$146,$0,$57,$243,$4,$-36,$-32,$-11,$-22,$-22,$-22,$91,$4,$92,92,$-0.24,$-0.24,$194,$0,$39,$456,$1541,$0,$2162,$45,$3779,$4235,$176,$2907,$173,$3204,$3381,$0,$-610,$-2,$854,$4235,$-22,$87,$-8,$79,$6,$0,$-3,$-18,$-38,$19,$-4,$0,$-0,$0,$0,$0,$0,$-4,$171,$0,$171,$1,$1,$-0,$-7,$164,$180,$2,$-0
39,2008-12-31,10.44,$9.51,1.1,$12.96,0.81,$2.75,3.8,$0.09,116.0,$0.26B,$0.18B,1.43,$2.76B,$0.87B,3.17,$1.20B,$0.76B,63.55%,$1.20B,$0.18B,14.93%,$1.20B,$0.18B,14.93%,$1.20B,$0.53B,43.95%,$1.20B,$0.01B,1.00%,$1.20B,$0.00B,0.25%,$0.00B,$0.87B,0.34%,$0.00B,$-1.32B,-0.22%,$0.00B,$4.12B,0.07%,$0.18B,$3.63B,4.86%,$279,$109,$171,$0,$57,$256,$23,$-42,$-19,$-10,$-9,$-9,$-9,$121,$23,$92,92,$-0.10,$-0.10,$14,$0,$38,$261,$1595,$0,$2190,$46,$3856,$4117,$183,$2756,$176,$3064,$3246,$0,$-593,$-1,$871,$4117,$2,$348,$34,$382,$-11,$0,$-4,$-22,$-38,$347,$-188,$0,$-250,$0,$0,$0,$0,$-437,$111,$0,$111,$-82,$-82,$-0,$2,$30,$-62,$9,$-0
40,2008-09-30,25.68,$9.52,2.7,$13.06,1.97,$2.64,9.72,$0.22,116.71,$0.29B,$0.16B,1.79,$2.85B,$0.87B,3.27,$1.23B,$0.79B,64.57%,$1.23B,$0.21B,16.73%,$1.23B,$0.21B,16.73%,$1.23B,$0.55B,44.73%,$1.23B,$0.03B,2.53%,$1.23B,$0.01B,0.90%,$0.01B,$0.87B,1.24%,$0.01B,$-1.35B,-0.84%,$0.01B,$4.19B,0.27%,$0.21B,$3.73B,5.56%,$313,$114,$199,$0,$66,$259,$53,$-42,$11,$10,$2,$2,$2,$138,$53,$91,92,$0.02,$0.02,$22,$0,$21,$285,$1613,$0,$2217,$49,$3904,$4189,$159,$2853,$175,$3159,$3317,$0,$-571,$7,$872,$4189,$11,$250,$26,$276,$-20,$0,$10,$-21,$-49,$238,$-150,$0,$-226,$0,$0,$0,$0,$-376,$167,$0,$167,$-83,$-83,$-0,$-0,$84,$-55,$9,$-0
41,2008-06-30,29.95,$9.43,3.18,$12.88,2.32,$2.66,11.27,$0.33,90.75,$0.28B,$0.15B,1.86,$2.88B,$0.86B,3.34,$1.23B,$0.80B,65.58%,$1.23B,$0.22B,18.11%,$1.23B,$0.22B,18.11%,$1.23B,$0.56B,45.35%,$1.23B,$0.05B,3.92%,$1.23B,$0.02B,1.88%,$0.02B,$0.86B,2.54%,$0.02B,$-1.35B,-1.79%,$0.02B,$4.19B,0.56%,$0.22B,$3.74B,6.09%,$324,$110,$214,$0,$70,$257,$67,$-42,$25,$12,$13,$13,$13,$153,$67,$92,92,$0.14,$0.14,$12,$0,$20,$284,$1616,$0,$2213,$49,$3905,$4189,$153,$2875,$174,$3175,$3328,$0,$-575,$8,$862,$4189,$9,$165,$16,$181,$-25,$0,$-4,$-24,$-59,$131,$-100,$0,$-193,$0,$0,$0,$0,$-292,$185,$0,$185,$-88,$-88,$-0,$-0,$97,$-64,$7,$-0
42,2008-03-31,29.87,$9.49,3.15,$12.58,2.37,$2.87,10.41,$0.37,80.72,$0.26B,$0.13B,2.1,$2.78B,$0.88B,3.17,$1.22B,$0.80B,65.90%,$1.22B,$0.23B,18.90%,$1.22B,$0.23B,18.90%,$1.22B,$0.55B,45.36%,$1.22B,$0.06B,4.52%,$1.22B,$0.03B,2.30%,$0.03B,$0.88B,2.92%,$0.03B,$-1.32B,-2.28%,$0.03B,$4.09B,0.69%,$0.23B,$3.66B,6.38%,$283,$105,$178,$0,$65,$247,$36,$-42,$-5,$-2,$-3,$-3,$-3,$115,$36,$93,94,$-0.04,$-0.04,$19,$0,$28,$263,$1549,$0,$2198,$48,$3823,$4086,$125,$2781,$171,$3085,$3210,$0,$-589,$5,$876,$4086,$-3,$79,$-1,$77,$-3,$0,$2,$-29,$-55,$20,$-45,$0,$-68,$0,$0,$0,$0,$-113,$90,$0,$90,$-50,$-50,$-0,$-0,$40,$-57,$1,$-0
43,2007-12-31,39.96,$9.95,4.02,$12.31,3.25,$3.17,12.59,$0.48,83.24,$0.31B,$0.16B,1.99,$2.69B,$0.93B,2.89,$1.21B,$0.80B,66.00%,$1.21B,$0.23B,18.69%,$1.21B,$0.23B,18.69%,$1.21B,$0.54B,44.91%,$1.21B,$0.08B,6.29%,$1.21B,$0.04B,3.31%,$0.04B,$0.93B,3.93%,$0.04B,$-1.25B,-3.39%,$0.04B,$4.08B,1.00%,$0.23B,$3.63B,6.31%,$305,$105,$200,$0,$66,$256,$49,$-49,$-0,$0,$-1,$-1,$-1,$142,$49,$97,98,$-0.01,$-0.01,$76,$0,$29,$313,$1517,$0,$2179,$44,$3769,$4082,$158,$2694,$163,$2993,$3151,$0,$-588,$9,$931,$4082,$41,$318,$18,$336,$-11,$0,$5,$-19,$-22,$354,$-197,$0,$-154,$0,$0,$0,$9,$-341,$735,$0,$735,$-376,$-376,$-319,$-1,$39,$64,$27,$-319
44,2007-09-30,40.7,$10.12,4.02,$11.96,3.4,$3.05,13.33,$0.50,81.41,$0.25B,$0.15B,1.65,$2.61B,$0.96B,2.73,$1.19B,$0.79B,65.91%,$1.19B,$0.22B,18.56%,$1.19B,$0.22B,18.56%,$1.19B,$0.52B,44.00%,$1.19B,$0.09B,7.47%,$1.19B,$0.05B,4.03%,$0.05B,$0.96B,4.10%,$0.05B,$-1.23B,-4.63%,$0.05B,$4.01B,1.21%,$0.22B,$3.56B,6.22%,$314,$102,$212,$0,$68,$244,$70,$-42,$28,$14,$15,$15,$14,$146,$70,$96,97,$0.15,$0.15,$11,$0,$15,$251,$1508,$0,$2182,$38,$3754,$4005,$152,$2608,$161,$2897,$3049,$0,$-592,$6,$956,$4005,$42,$224,$15,$239,$-30,$0,$9,$-19,$-35,$246,$-151,$0,$-107,$0,$0,$0,$9,$-249,$649,$0,$649,$-324,$-324,$-319,$-3,$3,$-1,$22,$-319
45,2007-06-30,52.17,$11.06,4.72,$11.56,4.51,$3.08,16.93,$0.51,102.29,$0.24B,$0.13B,1.87,$2.49B,$1.08B,2.32,$1.17B,$0.77B,65.53%,$1.17B,$0.21B,17.96%,$1.17B,$0.21B,17.96%,$1.17B,$0.52B,44.05%,$1.17B,$0.09B,7.78%,$1.17B,$0.05B,4.36%,$0.05B,$1.08B,3.80%,$0.05B,$-1.13B,-5.88%,$0.05B,$3.99B,1.30%,$0.21B,$3.57B,5.94%,$315,$103,$212,$0,$66,$241,$75,$-43,$32,$13,$18,$18,$18,$149,$75,$98,98,$0.19,$0.19,$12,$0,$17,$244,$1475,$0,$2202,$38,$3742,$3985,$130,$2493,$159,$2779,$2909,$0,$-606,$4,$1076,$3985,$27,$149,$6,$155,$-15,$0,$6,$-29,$-38,$144,$-89,$0,$-86,$0,$0,$0,$9,$-166,$527,$0,$527,$-183,$-183,$-318,$-3,$23,$0,$16,$-318
46,2007-03-31,52.34,$11.29,4.64,$11.12,4.71,$2.97,17.65,$0.50,104.68,$0.22B,$0.09B,2.35,$2.46B,$1.11B,2.22,$1.14B,$0.75B,65.24%,$1.14B,$0.19B,16.99%,$1.14B,$0.19B,16.99%,$1.14B,$0.50B,43.78%,$1.14B,$0.09B,7.97%,$1.14B,$0.05B,4.47%,$0.05B,$1.11B,3.42%,$0.05B,$-1.11B,-7.06%,$0.05B,$3.94B,1.31%,$0.19B,$3.56B,5.53%,$275,$101,$174,$0,$70,$244,$32,$-16,$16,$7,$9,$9,$9,$106,$32,$99,100,$0.09,$0.09,$0,$0,$18,$220,$1440,$0,$2220,$36,$3722,$3942,$94,$2456,$156,$2742,$2835,$0,$-625,$2,$1107,$3942,$9,$74,$-1,$73,$1,$0,$4,$-27,$-49,$33,$-30,$0,$-60,$0,$0,$0,$9,$-81,$482,$0,$482,$-125,$-125,$-318,$-2,$36,$-12,$9,$-318
47,2006-12-31,51.64,$15.43,3.35,$10.76,4.8,$2.84,18.2,$0.42,122.95,$0.23B,$0.11B,2.08,$1.98B,$1.54B,1.29,$1.12B,$0.73B,65.09%,$1.12B,$0.19B,16.88%,$1.12B,$0.19B,16.88%,$1.12B,$0.50B,44.29%,$1.12B,$0.08B,6.96%,$1.12B,$0.04B,3.84%,$0.04B,$1.54B,2.61%,$0.04B,$-0.68B,-7.62%,$0.04B,$3.92B,1.11%,$0.19B,$3.52B,5.43%,$287,$100,$187,$0,$65,$243,$44,$-31,$13,$6,$7,$7,$7,$123,$44,$103,103,$0.07,$0.07,$12,$0,$19,$231,$1406,$0,$2219,$43,$3693,$3924,$111,$1982,$153,$2275,$2386,$0,$-315,$2,$1539,$3924,$44,$306,$20,$326,$-18,$0,$1,$0,$-6,$365,$-210,$0,$-228,$0,$0,$0,$-1,$-439,$410,$0,$410,$-339,$-339,$-0,$-4,$67,$-8,$18,$-0
