,Date,Stock Price,Book Value per Share,Price to Book Ratio,TTM Sales per Share,Price to Sales Ratio,TTM FCF per Share,Price to FCF Ratio,TTM Net EPS,PE Ratio,Current Assets,Current Liabilities,Current Ratio,Long Term Debt,Shareholder's Equity_x,Debt to Equity Ratio,TTM Revenue_x,TTM Gross Profit,Gross Margin,TTM Revenue_y,TTM Operating Income,Operating Margin,TTM Revenue_x,TTM EBIT,EBIT Margin,TTM Revenue_y,TTM EBITDA,EBITDA Margin,TTM Revenue_x,TTM Pre-Tax Income,Pre-Tax Margin,TTM Revenue_y,TTM Net Income_x,Net Margin,TTM Net Income_y,Shareholder's Equity_y,Return on Equity,TTM Net Income_x,Tangible Equity,Return on Tangible Equity,TTM Net Income_y,Total Assets,Return on Assets,TTM Net Income,LT Investments & Debt,Return on Investment,revenue,cost-goods-sold,gross-profit,research-development-expenses,selling-general-administrative-expenses,operating-expenses,operating-income,total-non-operating-income-expense,pre-tax-income,total-provision-income-taxes,income-after-taxes,income-from-continuous-operations,net-income,ebitda,ebit,basic-shares-outstanding,shares-outstanding,eps-basic-net-earnings-per-share,eps-earnings-per-share-diluted,cash-on-hand,inventory,other-current-assets,total-current-assets,net-property-plant-equipment,long-term-investments,goodwill-intangible-assets-total,other-long-term-assets,total-long-term-assets,total-assets,total-current-liabilities,long-term-debt,other-non-current-liabilities,total-long-term-liabilities,total-liabilities,common-stock-net,retained-earnings-accumulated-deficit,comprehensive-income,total-share-holder-equity,total-liabilities-share-holders-equity,net-income-loss,total-depreciation-amortization-cash-flow,other-non-cash-items,total-non-cash-items,change-in-accounts-receivable,change-in-inventories,change-in-accounts-payable,change-in-assets-liabilities,total-change-in-assets-liabilities,cash-flow-from-operating-activities,net-change-in-property-plant-equipment,net-change-in-intangible-assets,net-acquisitions-divestitures,net-change-in-short-term-investments,net-change-in-long-term-investments,net-change-in-investments-total,investing-activities-other,cash-flow-from-investing-activities,net-long-term-debt,net-current-debt,debt-issuance-retirement-net-total,net-common-equity-issued-repurchased,net-total-equity-issued-repurchased,total-common-preferred-stock-dividends-paid,financial-activities-other,cash-flow-from-financial-activities,net-cash-flow,stock-based-compensation,common-stock-dividends-paid
0,2018-09-30,29.0,$20.85,1.39,$11.44,2.54,$4.25,6.82,$1.78,16.29,$0.52B,$0.78B,0.66,$0.08B,$0.09B,0.94,$0.05B,$0.04B,91.49%,$0.05B,$0.01B,25.53%,$0.05B,0,0.00%,$0.05B,0,0.00%,$0.05B,$0.01B,25.53%,$0.05B,$0.01B,21.28%,$0.01B,$0.09B,11.59%,$0.01B,$0.07B,15.33%,$0.01B,$0.96B,1.05%,$0.01B,$0.17B,7.38%,$13,$1,$12,$0,$8,$10,$4,$0,$4,$1,$3,$3,$3,$0,$0,$4,4,$0.73,$0.72,$16,$0,$0,$515,$21,$381,$21,$24,$447,$962,$780,$82,$14,$96,$876,$0,$36,$-7,$87,$962,$8,$3,$-0,$3,$-1,$0,$0,$0,$0,$11,$-1,$0,$0,$0,$3,$3,$-43,$-40,$29,$0,$29,$1,$1,$-2,$2,$29,$-0,$0,$-2
1,2018-06-30,28.3,$20.83,1.36,$11.09,2.55,$1.25,22.73,$1.14,24.79,$0.51B,$0.78B,0.65,$0.11B,$0.09B,1.24,$0.05B,$0.04B,93.33%,$0.05B,$0.00B,6.67%,$0.05B,0,0.00%,$0.05B,0,0.00%,$0.05B,$0.00B,6.67%,$0.05B,$0.00B,8.89%,$0.00B,$0.09B,4.64%,$0.00B,$0.07B,6.13%,$0.00B,$0.98B,0.42%,$0.00B,$0.19B,1.83%,$12,$1,$11,$0,$8,$9,$3,$0,$3,$0,$3,$3,$3,$0,$0,$4,4,$0.69,$0.68,$20,$0,$0,$507,$21,$404,$21,$24,$471,$978,$776,$107,$8,$116,$892,$0,$34,$-5,$86,$978,$5,$2,$1,$3,$-5,$0,$0,$0,$-4,$3,$-1,$0,$0,$0,$-18,$-18,$-28,$-48,$49,$0,$49,$0,$0,$-2,$-0,$47,$3,$0,$-2
2,2018-03-31,28.74,$20.51,1.4,$10.93,2.63,$0.84,34.21,$1.03,27.82,$0.47B,$0.78B,0.6,$0.06B,$0.08B,0.73,$0.05B,$0.04B,93.33%,$0.05B,$0.00B,6.67%,$0.05B,0,0.00%,$0.05B,0,0.00%,$0.05B,$0.00B,6.67%,$0.05B,$0.00B,6.67%,$0.00B,$0.08B,3.43%,$0.00B,$0.06B,4.53%,$0.00B,$0.94B,0.32%,$0.00B,$0.15B,1.99%,$11,$1,$10,$0,$7,$9,$2,$0,$2,$0,$2,$2,$2,$0,$0,$4,4,$0.51,$0.51,$13,$0,$0,$469,$21,$404,$21,$24,$470,$939,$781,$61,$13,$74,$855,$0,$31,$-5,$84,$939,$2,$1,$0,$1,$1,$0,$0,$0,$-0,$3,$-0,$0,$0,$0,$-15,$-15,$-3,$-18,$7,$0,$7,$0,$0,$-1,$4,$11,$-4,$0,$-1
3,2017-12-31,28.39,$21.47,1.32,$10.90,2.61,$0.13,215.55,$1.06,26.87,$0.47B,$0.78B,0.61,$0.05B,$0.09B,0.61,$0.05B,$0.04B,93.33%,$0.05B,$0.00B,8.89%,$0.05B,0,0.00%,$0.05B,0,0.00%,$0.05B,$0.00B,8.89%,$0.05B,$0.00B,6.67%,$0.00B,$0.09B,3.40%,$0.00B,$0.07B,4.49%,$0.00B,$0.93B,0.32%,$0.00B,$0.14B,2.68%,$11,$1,$10,$0,$7,$8,$3,$0,$3,$0,$2,$2,$2,$0,$0,$4,4,$0.59,$0.59,$17,$0,$0,$470,$21,$393,$21,$24,$460,$929,$775,$53,$14,$67,$842,$0,$30,$-0,$88,$929,$4,$4,$-0,$4,$-3,$0,$0,$0,$-5,$3,$-1,$0,$0,$0,$-2,$-2,$-18,$-21,$-6,$0,$-6,$0,$0,$-3,$24,$15,$-3,$0,$-3
4,2017-09-30,26.16,$21.39,1.22,$10.85,2.41,$4.27,6.13,$0.97,26.94,$0.47B,$0.75B,0.63,$0.09B,$0.09B,0.99,$0.05B,$0.04B,93.33%,$0.05B,$0.00B,6.67%,$0.05B,0,0.00%,$0.05B,0,0.00%,$0.05B,$0.00B,6.67%,$0.05B,$0.00B,6.67%,$0.00B,$0.09B,3.43%,$0.00B,$0.07B,4.55%,$0.00B,$0.93B,0.33%,$0.00B,$0.17B,1.99%,$11,$1,$11,$0,$15,$17,$-5,$0,$-5,$-3,$-3,$-3,$-3,$0,$0,$4,4,$-0.65,$-0.65,$19,$0,$0,$469,$21,$395,$21,$24,$461,$930,$746,$86,$11,$97,$843,$0,$34,$1,$87,$930,$2,$3,$-2,$1,$-4,$0,$0,$0,$-5,$-2,$-1,$0,$0,$0,$0,$0,$-13,$-13,$24,$0,$24,$0,$0,$-2,$-9,$13,$-1,$0,$-2
5,2017-06-30,28.06,$22.40,1.25,$10.74,2.61,$8.61,3.26,$1.61,17.43,$0.46B,$0.76B,0.6,$0.05B,$0.09B,0.58,$0.05B,$0.04B,91.11%,$0.05B,$0.01B,24.44%,$0.05B,0,0.00%,$0.05B,0,0.00%,$0.05B,$0.01B,24.44%,$0.05B,$0.01B,17.78%,$0.01B,$0.09B,9.07%,$0.01B,$0.07B,12.03%,$0.01B,$0.91B,0.88%,$0.01B,$0.14B,7.42%,$12,$1,$11,$0,$7,$9,$3,$0,$3,$1,$2,$2,$2,$0,$0,$4,4,$0.59,$0.58,$11,$0,$0,$455,$20,$395,$21,$20,$456,$911,$756,$52,$11,$64,$820,$0,$37,$2,$91,$911,$5,$2,$0,$2,$-5,$0,$0,$0,$-7,$0,$0,$0,$0,$0,$-0,$-0,$-3,$-3,$-9,$0,$-9,$0,$0,$-2,$4,$-7,$-9,$0,$-2
6,2017-03-31,27.82,$21.33,1.3,$10.70,2.6,$10.31,2.7,$1.59,17.48,$0.46B,$0.77B,0.6,$0.06B,$0.09B,0.63,$0.04B,$0.04B,93.18%,$0.04B,$0.01B,25.00%,$0.04B,0,0.00%,$0.04B,0,0.00%,$0.04B,$0.01B,25.00%,$0.04B,$0.01B,18.18%,$0.01B,$0.09B,9.12%,$0.01B,$0.07B,12.12%,$0.01B,$0.92B,0.88%,$0.01B,$0.14B,7.22%,$11,$1,$10,$0,$7,$8,$3,$0,$3,$1,$2,$2,$2,$0,$0,$4,4,$0.54,$0.54,$20,$0,$0,$460,$20,$402,$21,$19,$463,$923,$768,$55,$13,$68,$836,$0,$36,$-1,$87,$923,$2,$1,$-0,$1,$-4,$0,$0,$0,$-4,$-0,$0,$0,$0,$0,$-8,$-8,$2,$-5,$-5,$0,$-5,$0,$0,$-1,$11,$6,$0,$0,$-1
7,2016-12-31,25.45,$20.92,1.22,$10.84,2.35,$10.75,2.37,$1.62,15.71,$0.46B,$0.75B,0.61,$0.06B,$0.09B,0.71,$0.04B,$0.04B,93.18%,$0.04B,$0.01B,25.00%,$0.04B,0,0.00%,$0.04B,0,0.00%,$0.04B,$0.01B,25.00%,$0.04B,$0.01B,18.18%,$0.01B,$0.09B,9.17%,$0.01B,$0.06B,12.21%,$0.01B,$0.91B,0.89%,$0.01B,$0.15B,7.09%,$11,$1,$10,$0,$7,$8,$2,$0,$2,$0,$2,$2,$2,$0,$0,$4,4,$0.52,$0.51,$20,$0,$0,$459,$20,$391,$22,$20,$452,$911,$754,$60,$12,$73,$826,$0,$34,$-1,$85,$911,$9,$4,$1,$5,$7,$0,$0,$0,$5,$19,$0,$0,$0,$0,$-39,$-39,$-2,$-40,$2,$0,$2,$0,$0,$-3,$29,$28,$6,$0,$-3
8,2016-09-30,22.74,$22.24,1.02,$11.10,2.05,$7.62,2.98,$1.67,13.63,$0.47B,$0.73B,0.64,$0.07B,$0.09B,0.82,$0.04B,$0.04B,95.45%,$0.04B,$0.01B,27.27%,$0.04B,0,0.00%,$0.04B,0,0.00%,$0.04B,$0.01B,27.27%,$0.04B,$0.01B,20.45%,$0.01B,$0.09B,10.43%,$0.01B,$0.07B,13.95%,$0.01B,$0.91B,1.01%,$0.01B,$0.16B,7.80%,$11,$1,$10,$0,$7,$8,$3,$0,$3,$1,$2,$2,$2,$0,$0,$4,4,$0.53,$0.52,$18,$0,$0,$467,$21,$379,$22,$19,$441,$908,$731,$74,$13,$86,$818,$0,$37,$5,$90,$908,$7,$3,$0,$3,$3,$0,$0,$0,$5,$15,$0,$0,$0,$0,$-16,$-16,$-11,$-27,$16,$0,$16,$2,$2,$-2,$1,$16,$4,$0,$-2
9,2016-06-30,21.58,$22.39,0.96,$11.32,1.91,$6.29,3.43,$2.30,9.38,$0.46B,$0.73B,0.64,$0.07B,$0.09B,0.77,$0.05B,$0.04B,95.56%,$0.05B,$0.01B,26.67%,$0.05B,0,0.00%,$0.05B,0,0.00%,$0.05B,$0.01B,26.67%,$0.05B,$0.01B,22.22%,$0.01B,$0.09B,11.98%,$0.01B,$0.07B,16.19%,$0.01B,$0.90B,1.13%,$0.01B,$0.16B,8.01%,$11,$1,$11,$0,$7,$8,$3,$0,$3,$1,$2,$2,$2,$0,$0,$4,4,$0.58,$0.57,$14,$0,$0,$464,$21,$371,$22,$19,$432,$896,$726,$69,$12,$81,$807,$0,$36,$6,$89,$896,$5,$2,$0,$2,$3,$0,$0,$0,$0,$7,$0,$0,$0,$0,$-7,$-7,$-11,$-17,$10,$0,$10,$1,$1,$-1,$1,$11,$1,$0,$-1
10,2016-03-31,21.14,$21.58,0.98,$11.57,1.83,$3.42,6.18,$2.40,8.8,$0.45B,$0.73B,0.63,$0.07B,$0.09B,0.8,$0.05B,$0.04B,93.48%,$0.05B,$0.01B,28.26%,$0.05B,0,0.00%,$0.05B,0,0.00%,$0.05B,$0.01B,28.26%,$0.05B,$0.01B,23.91%,$0.01B,$0.09B,13.75%,$0.01B,$0.06B,18.97%,$0.01B,$0.89B,1.25%,$0.01B,$0.15B,8.57%,$11,$1,$10,$0,$7,$8,$3,$0,$3,$1,$2,$2,$2,$0,$0,$4,4,$0.61,$0.60,$10,$0,$0,$454,$21,$378,$22,$19,$439,$892,$726,$68,$13,$81,$807,$0,$35,$4,$85,$892,$2,$1,$0,$1,$-0,$0,$0,$0,$-2,$1,$0,$0,$0,$0,$-10,$-10,$0,$-9,$11,$0,$11,$1,$1,$-1,$-6,$4,$-4,$0,$-1
11,2015-12-31,22.03,$20.69,1.06,$11.55,1.91,$2.61,8.43,$2.54,8.67,$0.46B,$0.73B,0.63,$0.06B,$0.08B,0.73,$0.05B,$0.04B,93.48%,$0.05B,$0.01B,30.43%,$0.05B,0,0.00%,$0.05B,0,0.00%,$0.05B,$0.01B,30.43%,$0.05B,$0.01B,26.09%,$0.01B,$0.08B,15.48%,$0.01B,$0.06B,21.62%,$0.01B,$0.88B,1.37%,$0.01B,$0.14B,9.57%,$11,$1,$11,$0,$7,$8,$3,$0,$3,$1,$3,$3,$3,$0,$0,$4,4,$0.66,$0.65,$14,$0,$0,$458,$21,$358,$22,$19,$420,$878,$727,$59,$12,$71,$798,$0,$33,$2,$81,$878,$11,$4,$-1,$3,$-6,$0,$0,$0,$-7,$7,$-1,$0,$0,$0,$-4,$-4,$-4,$-8,$-6,$0,$-6,$0,$0,$-3,$11,$2,$1,$0,$-3
12,2015-09-30,20.06,$20.45,0.98,$11.47,1.75,$2.94,6.83,$1.99,10.1,$0.45B,$0.70B,0.64,$0.07B,$0.08B,0.88,$0.05B,$0.04B,91.30%,$0.05B,$0.01B,30.43%,$0.05B,0,0.00%,$0.05B,0,0.00%,$0.05B,$0.01B,30.43%,$0.05B,$0.01B,23.91%,$0.01B,$0.08B,14.62%,$0.01B,$0.06B,20.66%,$0.01B,$0.87B,1.26%,$0.01B,$0.15B,9.62%,$12,$1,$11,$0,$7,$8,$3,$0,$3,$1,$3,$3,$3,$0,$0,$4,4,$0.65,$0.64,$13,$0,$0,$449,$21,$357,$22,$18,$418,$867,$704,$69,$15,$84,$788,$0,$35,$3,$79,$867,$8,$3,$-1,$2,$-1,$0,$0,$0,$0,$10,$-1,$0,$0,$0,$1,$1,$1,$1,$8,$0,$8,$0,$0,$-2,$-17,$-11,$-0,$0,$-2
13,2015-06-30,19.1,$19.46,0.98,$11.32,1.69,$1.37,13.93,$1.91,10.02,$0.47B,$0.71B,0.65,$0.09B,$0.08B,1.22,$0.05B,$0.04B,91.11%,$0.05B,$0.01B,31.11%,$0.05B,0,0.00%,$0.05B,0,0.00%,$0.05B,$0.01B,31.11%,$0.05B,$0.01B,22.22%,$0.01B,$0.08B,13.70%,$0.01B,$0.05B,19.61%,$0.01B,$0.89B,1.15%,$0.01B,$0.17B,10.11%,$12,$1,$11,$0,$7,$8,$4,$0,$4,$1,$3,$3,$3,$0,$0,$4,4,$0.68,$0.65,$15,$0,$0,$465,$21,$363,$22,$18,$424,$890,$712,$92,$11,$103,$815,$0,$33,$1,$75,$890,$5,$2,$-1,$1,$-9,$0,$0,$0,$-10,$-4,$-0,$0,$0,$0,$-10,$-10,$-4,$-14,$26,$0,$26,$0,$0,$-1,$-5,$20,$2,$0,$-1
14,2015-03-31,19.95,$19.48,1.02,$11.12,1.79,$1.99,10.04,$1.79,11.17,$0.47B,$0.73B,0.65,$0.06B,$0.08B,0.74,$0.04B,$0.04B,90.91%,$0.04B,$0.01B,29.55%,$0.04B,0,0.00%,$0.04B,0,0.00%,$0.04B,$0.01B,29.55%,$0.04B,$0.01B,20.45%,$0.01B,$0.08B,12.59%,$0.01B,$0.05B,18.18%,$0.01B,$0.87B,1.05%,$0.01B,$0.13B,10.59%,$11,$1,$10,$0,$6,$7,$4,$0,$4,$1,$3,$3,$3,$0,$0,$4,4,$0.72,$0.70,$26,$0,$0,$470,$21,$341,$22,$18,$402,$872,$728,$56,$13,$69,$797,$0,$31,$3,$75,$872,$3,$1,$-1,$0,$-7,$0,$0,$0,$-4,$-1,$-1,$0,$0,$0,$13,$13,$0,$13,$-7,$0,$-7,$0,$0,$-1,$9,$1,$13,$0,$-1
15,2014-12-31,16.41,$18.57,0.88,$10.98,1.49,$2.44,6.72,$1.52,10.78,$0.45B,$0.72B,0.63,$0.06B,$0.07B,0.9,$0.04B,$0.04B,90.70%,$0.04B,$0.01B,25.58%,$0.04B,0,0.00%,$0.04B,0,0.00%,$0.04B,$0.01B,25.58%,$0.04B,$0.01B,18.60%,$0.01B,$0.07B,11.55%,$0.01B,$0.05B,17.02%,$0.01B,$0.86B,0.95%,$0.01B,$0.14B,9.54%,$11,$1,$10,$0,$7,$8,$3,$0,$3,$1,$2,$2,$2,$0,$0,$4,4,$0.55,$0.53,$13,$0,$0,$450,$21,$353,$22,$18,$414,$863,$715,$64,$12,$77,$792,$0,$29,$2,$72,$863,$8,$4,$-0,$4,$-4,$0,$0,$0,$-3,$9,$-1,$0,$0,$0,$-45,$-45,$-3,$-48,$8,$0,$8,$1,$1,$-2,$17,$23,$-17,$0,$-2
16,2014-09-30,16.94,$18.15,0.93,$10.61,1.6,$4.05,4.19,$1.66,10.19,$0.45B,$0.70B,0.65,$0.05B,$0.07B,0.71,$0.04B,$0.04B,90.24%,$0.04B,$0.01B,24.39%,$0.04B,0,0.00%,$0.04B,0,0.00%,$0.04B,$0.01B,19.51%,$0.04B,$0.01B,17.07%,$0.01B,$0.07B,10.45%,$0.01B,$0.05B,15.73%,$0.01B,$0.85B,0.84%,$0.01B,$0.12B,9.01%,$11,$1,$10,$0,$7,$8,$3,$0,$3,$1,$2,$2,$2,$0,$0,$4,4,$0.56,$0.55,$13,$0,$0,$451,$21,$340,$22,$18,$401,$852,$699,$50,$34,$83,$782,$0,$31,$2,$70,$852,$6,$3,$0,$3,$-5,$0,$0,$0,$-5,$4,$-1,$0,$0,$0,$-32,$-32,$-2,$-34,$14,$0,$14,$1,$1,$-2,$1,$14,$-16,$0,$-2
17,2014-06-30,14.41,$17.80,0.81,$9.96,1.45,$6.08,2.37,$1.45,9.95,$0.45B,$0.70B,0.65,$0.04B,$0.07B,0.52,$0.04B,$0.03B,89.47%,$0.04B,$0.01B,23.68%,$0.04B,0,0.00%,$0.04B,0,0.00%,$0.04B,$0.01B,18.42%,$0.04B,$0.01B,15.79%,$0.01B,$0.07B,9.20%,$0.01B,$0.05B,13.56%,$0.01B,$0.84B,0.77%,$0.01B,$0.10B,8.51%,$11,$1,$10,$0,$7,$8,$3,$0,$3,$1,$2,$2,$2,$0,$0,$4,4,$0.54,$0.54,$18,$0,$0,$453,$21,$322,$22,$18,$383,$836,$699,$36,$33,$69,$767,$0,$30,$2,$69,$836,$4,$2,$0,$2,$-6,$0,$0,$0,$-7,$-1,$-0,$0,$0,$0,$-6,$-6,$0,$-7,$-0,$0,$-0,$1,$1,$-1,$-3,$-4,$-12,$0,$-1
18,2014-03-31,14.02,$16.98,0.83,$9.16,1.53,$8.03,1.75,$1.28,10.95,$0.46B,$0.69B,0.67,$0.04B,$0.07B,0.54,$0.04B,$0.03B,88.57%,$0.04B,$0.01B,22.86%,$0.04B,0,0.00%,$0.04B,0,0.00%,$0.04B,$0.01B,17.14%,$0.04B,$0.01B,14.29%,$0.01B,$0.07B,7.87%,$0.01B,$0.04B,11.30%,$0.01B,$0.83B,0.68%,$0.01B,$0.10B,7.49%,$10,$1,$9,$0,$7,$8,$2,$0,$2,$1,$2,$2,$2,$0,$0,$4,4,$0.44,$0.44,$26,$0,$0,$458,$21,$307,$22,$18,$367,$825,$688,$36,$36,$72,$760,$0,$28,$0,$66,$825,$2,$1,$-0,$1,$-2,$0,$0,$0,$-2,$1,$-1,$0,$0,$0,$0,$0,$3,$3,$3,$0,$3,$1,$1,$-1,$-9,$-7,$-3,$0,$-1
19,2013-12-31,13.93,$16.42,0.85,$8.73,1.6,$12.29,1.13,$1.22,11.41,$0.46B,$0.70B,0.66,$0.06B,$0.06B,0.9,$0.03B,$0.03B,87.88%,$0.03B,$0.01B,24.24%,$0.03B,0,0.00%,$0.03B,0,0.00%,$0.03B,$0.01B,18.18%,$0.03B,$0.00B,12.12%,$0.00B,$0.06B,6.35%,$0.00B,$0.04B,8.74%,$0.00B,$0.83B,0.58%,$0.01B,$0.12B,7.51%,$9,$1,$8,$0,$6,$7,$2,$-2,$0,$-0,$1,$1,$1,$0,$0,$4,4,$0.13,$0.14,$30,$0,$0,$463,$21,$306,$22,$18,$366,$829,$697,$56,$12,$69,$766,$0,$27,$-1,$63,$829,$5,$3,$0,$3,$3,$0,$0,$0,$4,$12,$1,$0,$0,$0,$-39,$-39,$21,$-17,$-3,$0,$-3,$1,$1,$-2,$23,$19,$15,$0,$-2
20,2013-09-30,13.94,$16.87,0.83,$8.59,1.62,$11.97,1.16,$1.51,9.22,$0.34B,$0.51B,0.68,$0.04B,$0.06B,0.57,$0.03B,$0.03B,87.88%,$0.03B,$0.01B,24.24%,$0.03B,0,0.00%,$0.03B,0,0.00%,$0.03B,$0.01B,24.24%,$0.03B,$0.01B,15.15%,$0.01B,$0.06B,7.94%,$0.01B,$0.05B,10.47%,$0.01B,$0.63B,0.79%,$0.01B,$0.10B,7.82%,$8,$1,$7,$0,$5,$6,$2,$-0,$2,$0,$1,$1,$1,$0,$0,$4,4,$0.35,$0.34,$12,$0,$0,$344,$15,$238,$16,$18,$286,$630,$507,$36,$25,$60,$567,$0,$30,$1,$63,$630,$4,$2,$0,$3,$3,$0,$0,$0,$3,$10,$2,$0,$0,$0,$-25,$-25,$-4,$-28,$0,$0,$0,$0,$0,$-2,$17,$15,$-3,$0,$-2
21,2013-06-30,14.41,$16.66,0.87,$8.78,1.64,$10.08,1.43,$1.50,9.63,$0.35B,$0.51B,0.68,$0.05B,$0.06B,0.73,$0.03B,$0.03B,88.24%,$0.03B,$0.01B,20.59%,$0.03B,0,0.00%,$0.03B,0,0.00%,$0.03B,$0.01B,20.59%,$0.03B,$0.01B,14.71%,$0.01B,$0.06B,7.94%,$0.01B,$0.05B,10.42%,$0.01B,$0.64B,0.78%,$0.01B,$0.11B,6.85%,$8,$1,$7,$0,$5,$6,$2,$0,$2,$0,$1,$1,$1,$0,$0,$4,4,$0.38,$0.37,$10,$0,$0,$348,$15,$244,$16,$19,$293,$642,$511,$46,$23,$69,$579,$0,$29,$1,$62,$642,$3,$1,$0,$2,$-0,$0,$0,$0,$2,$6,$-0,$0,$0,$0,$-31,$-31,$-6,$-37,$9,$0,$9,$0,$0,$-1,$18,$26,$-5,$0,$-1
22,2013-03-31,13.48,$17.20,0.78,$9.10,1.48,$10.13,1.33,$1.61,8.36,$0.36B,$0.53B,0.69,$0.04B,$0.06B,0.56,$0.04B,$0.03B,88.57%,$0.04B,$0.01B,20.00%,$0.04B,0,0.00%,$0.04B,0,0.00%,$0.04B,$0.01B,20.00%,$0.04B,$0.01B,17.14%,$0.01B,$0.06B,9.56%,$0.01B,$0.05B,12.57%,$0.01B,$0.65B,0.93%,$0.01B,$0.10B,7.04%,$8,$1,$7,$0,$5,$6,$2,$0,$2,$0,$1,$1,$1,$0,$0,$4,4,$0.39,$0.38,$36,$0,$0,$364,$15,$237,$16,$19,$287,$651,$528,$36,$23,$59,$586,$0,$29,$3,$64,$651,$1,$1,$0,$1,$1,$0,$0,$0,$13,$16,$-0,$0,$0,$0,$-19,$-19,$2,$-18,$-1,$0,$-1,$0,$0,$-1,$25,$23,$21,$0,$-1
23,2012-12-31,12.97,$16.98,0.76,$9.18,1.41,$5.74,2.26,$1.70,7.63,$0.35B,$0.49B,0.71,$0.04B,$0.06B,0.61,$0.04B,$0.03B,88.57%,$0.04B,$0.01B,20.00%,$0.04B,0,0.00%,$0.04B,0,0.00%,$0.04B,$0.01B,20.00%,$0.04B,$0.01B,20.00%,$0.01B,$0.06B,11.34%,$0.01B,$0.05B,14.97%,$0.01B,$0.61B,1.10%,$0.01B,$0.10B,7.11%,$9,$1,$8,$0,$5,$6,$2,$0,$2,$0,$2,$2,$2,$0,$0,$4,4,$0.44,$0.42,$15,$0,$0,$346,$15,$219,$15,$19,$268,$614,$491,$38,$22,$60,$551,$0,$28,$3,$63,$614,$6,$4,$1,$5,$1,$0,$0,$0,$1,$12,$-0,$0,$0,$0,$-0,$-0,$11,$10,$-17,$0,$-17,$0,$0,$-2,$-7,$-25,$-3,$0,$-2
24,2012-09-30,12.59,$16.87,0.75,$9.04,1.39,$6.57,1.92,$1.62,7.77,$0.35B,$0.52B,0.67,$0.04B,$0.06B,0.57,$0.03B,$0.03B,88.24%,$0.03B,$0.01B,17.65%,$0.03B,0,0.00%,$0.03B,0,0.00%,$0.03B,$0.01B,17.65%,$0.03B,$0.01B,17.65%,$0.01B,$0.06B,9.88%,$0.01B,$0.05B,13.11%,$0.01B,$0.64B,0.95%,$0.01B,$0.10B,6.00%,$9,$1,$8,$0,$6,$7,$1,$0,$1,$0,$1,$1,$1,$0,$0,$4,4,$0.32,$0.32,$23,$0,$0,$350,$15,$245,$15,$19,$294,$644,$522,$36,$23,$59,$581,$0,$29,$4,$63,$644,$5,$3,$1,$3,$-2,$0,$0,$0,$-3,$5,$-1,$0,$0,$0,$-25,$-25,$21,$-6,$-18,$0,$-18,$0,$0,$-2,$26,$7,$6,$0,$-2
25,2012-06-30,12.41,$16.48,0.75,$8.94,1.39,$9.26,1.34,$1.70,7.32,$0.35B,$0.54B,0.65,$0.04B,$0.06B,0.58,$0.03B,$0.03B,87.88%,$0.03B,$0.01B,21.21%,$0.03B,0,0.00%,$0.03B,0,0.00%,$0.03B,$0.01B,21.21%,$0.03B,$0.01B,18.18%,$0.01B,$0.06B,10.08%,$0.01B,$0.05B,13.48%,$0.01B,$0.66B,0.98%,$0.01B,$0.10B,7.09%,$9,$1,$8,$0,$5,$6,$2,$0,$2,$1,$2,$2,$2,$0,$0,$4,4,$0.49,$0.49,$31,$0,$0,$351,$15,$260,$15,$19,$310,$660,$542,$36,$22,$57,$599,$0,$29,$3,$61,$660,$4,$1,$-0,$1,$2,$0,$0,$0,$2,$7,$-1,$0,$0,$0,$-41,$-41,$25,$-17,$-19,$0,$-19,$0,$0,$-1,$45,$24,$14,$0,$-1
26,2012-03-31,12.07,$16.11,0.75,$8.68,1.39,$10.78,1.12,$1.40,8.6,$0.35B,$0.50B,0.69,$0.04B,$0.06B,0.6,$0.03B,$0.03B,87.50%,$0.03B,$0.01B,18.75%,$0.03B,0,0.00%,$0.03B,0,0.00%,$0.03B,$0.01B,18.75%,$0.03B,$0.01B,15.63%,$0.01B,$0.06B,8.58%,$0.01B,$0.05B,11.56%,$0.01B,$0.62B,0.84%,$0.01B,$0.10B,6.09%,$8,$1,$7,$0,$5,$6,$2,$0,$2,$1,$2,$2,$2,$0,$0,$4,4,$0.46,$0.46,$29,$0,$0,$347,$15,$224,$15,$19,$272,$620,$500,$36,$24,$59,$559,$0,$27,$3,$60,$620,$2,$1,$-0,$1,$-2,$0,$0,$0,$-2,$0,$-0,$0,$0,$0,$-20,$-20,$11,$-9,$-17,$0,$-17,$0,$0,$-1,$38,$20,$11,$0,$-1
27,2011-12-31,11.19,$15.85,0.71,$8.49,1.32,$14.01,0.8,$1.20,9.3,$0.35B,$0.46B,0.75,$0.05B,$0.06B,0.83,$0.03B,$0.03B,84.38%,$0.03B,$0.01B,15.63%,$0.03B,0,0.00%,$0.03B,0,0.00%,$0.03B,$0.01B,15.63%,$0.03B,$0.00B,12.50%,$0.00B,$0.06B,7.02%,$0.00B,$0.04B,9.52%,$0.00B,$0.60B,0.69%,$0.01B,$0.11B,5.15%,$8,$1,$7,$0,$5,$7,$1,$0,$1,$-0,$1,$1,$1,$0,$0,$4,4,$0.34,$0.34,$18,$0,$0,$345,$15,$205,$15,$18,$253,$598,$463,$49,$27,$77,$539,$0,$26,$4,$59,$598,$4,$2,$1,$3,$3,$0,$0,$0,$5,$13,$2,$0,$0,$0,$-26,$-26,$-9,$-32,$6,$0,$6,$0,$0,$-2,$23,$27,$8,$0,$-2
28,2011-09-30,8.6,$15.57,0.55,$8.66,0.99,$9.76,0.88,$1.08,7.96,$0.34B,$0.46B,0.74,$0.04B,$0.06B,0.62,$0.03B,$0.03B,81.82%,$0.03B,$0.01B,15.15%,$0.03B,0,0.00%,$0.03B,0,0.00%,$0.03B,$0.01B,15.15%,$0.03B,$0.00B,12.12%,$0.00B,$0.06B,7.17%,$0.00B,$0.04B,9.82%,$0.00B,$0.58B,0.70%,$0.01B,$0.09B,5.29%,$8,$1,$7,$0,$5,$6,$2,$0,$2,$0,$1,$1,$1,$0,$0,$4,4,$0.40,$0.40,$15,$0,$0,$339,$15,$193,$15,$19,$242,$580,$459,$36,$27,$63,$522,$0,$27,$3,$58,$580,$3,$2,$1,$2,$4,$0,$0,$0,$6,$12,$2,$0,$0,$0,$-14,$-14,$-6,$-17,$1,$-9,$-7,$0,$0,$-2,$20,$11,$5,$0,$-2
29,2011-06-30,8.57,$15.11,0.57,$8.65,0.99,$5.81,1.48,$0.98,8.74,$0.34B,$0.46B,0.73,$0.04B,$0.06B,0.7,$0.03B,$0.03B,81.82%,$0.03B,$0.00B,12.12%,$0.03B,0,0.00%,$0.03B,0,0.00%,$0.03B,$0.00B,12.12%,$0.03B,$0.00B,12.12%,$0.00B,$0.06B,7.27%,$0.00B,$0.04B,10.00%,$0.00B,$0.58B,0.70%,$0.00B,$0.10B,4.20%,$8,$1,$7,$0,$6,$7,$1,$0,$1,$-0,$1,$1,$1,$0,$0,$4,4,$0.19,$0.19,$11,$0,$0,$335,$15,$194,$15,$19,$242,$577,$456,$40,$25,$65,$521,$0,$26,$3,$56,$577,$2,$1,$1,$2,$5,$0,$0,$0,$7,$10,$2,$0,$0,$0,$-16,$-16,$-6,$-20,$-1,$-5,$-6,$0,$0,$-1,$17,$11,$1,$0,$-1
30,2011-03-31,8.93,$14.70,0.61,$8.81,1.01,$1.66,5.37,$0.50,17.73,$0.33B,$0.46B,0.73,$0.04B,$0.06B,0.66,$0.03B,$0.03B,81.82%,$0.03B,$0.00B,3.03%,$0.03B,0,0.00%,$0.03B,0,0.00%,$0.03B,$0.00B,3.03%,$0.03B,$0.00B,6.06%,$0.00B,$0.06B,3.67%,$0.00B,$0.04B,5.06%,$0.00B,$0.57B,0.35%,$0.00B,$0.09B,1.01%,$8,$1,$6,$0,$5,$6,$1,$0,$1,$0,$1,$1,$1,$0,$0,$4,4,$0.26,$0.26,$11,$0,$0,$334,$15,$190,$15,$19,$238,$572,$456,$36,$25,$61,$517,$0,$26,$1,$55,$572,$1,$1,$0,$1,$9,$0,$0,$0,$10,$12,$-0,$0,$0,$0,$-13,$-13,$-5,$-19,$-1,$-9,$-9,$0,$0,$-1,$18,$8,$1,$0,$-1
31,2010-12-31,9.2,$14.51,0.63,$9.11,1.01,$-1.97,0.0,$0.55,16.66,$0.34B,$0.44B,0.78,$0.04B,$0.05B,0.82,$0.03B,$0.03B,82.35%,$0.03B,$0.00B,2.94%,$0.03B,0,0.00%,$0.03B,0,0.00%,$0.03B,$0.00B,2.94%,$0.03B,$0.00B,5.88%,$0.00B,$0.05B,3.69%,$0.00B,$0.04B,5.10%,$0.00B,$0.56B,0.35%,$0.00B,$0.10B,0.97%,$9,$1,$7,$0,$6,$8,$1,$0,$1,$-0,$1,$1,$1,$0,$0,$4,4,$0.22,$0.22,$10,$0,$0,$339,$15,$176,$15,$16,$222,$562,$437,$44,$26,$70,$508,$0,$26,$1,$54,$562,$2,$2,$5,$8,$-8,$0,$0,$0,$-12,$-2,$1,$0,$0,$0,$-8,$-8,$26,$20,$-12,$0,$-12,$0,$0,$-2,$-7,$-21,$-3,$0,$-2
32,2010-09-30,8.12,$14.90,0.55,$9.02,0.9,$-0.18,0.0,$0.64,12.77,$0.36B,$0.44B,0.8,$0.04B,$0.06B,0.75,$0.03B,$0.03B,81.82%,$0.03B,$0.00B,6.06%,$0.03B,0,0.00%,$0.03B,0,0.00%,$0.03B,$0.00B,3.03%,$0.03B,$0.00B,6.06%,$0.00B,$0.06B,3.69%,$0.00B,$0.04B,5.10%,$0.00B,$0.57B,0.35%,$0.00B,$0.10B,1.89%,$8,$2,$7,$0,$5,$7,$1,$0,$1,$0,$1,$1,$1,$0,$0,$4,4,$0.30,$0.30,$13,$0,$0,$355,$15,$165,$15,$17,$212,$567,$443,$41,$28,$69,$512,$0,$27,$3,$55,$567,$1,$1,$4,$6,$-5,$0,$0,$0,$-8,$-1,$-0,$0,$0,$0,$6,$6,$11,$18,$-13,$1,$-13,$0,$0,$-1,$-2,$-16,$1,$0,$-1
33,2010-06-30,8.75,$14.52,0.6,$9.20,0.95,$1.52,5.76,$0.37,23.6,$0.36B,$0.44B,0.83,$0.06B,$0.05B,1.07,$0.03B,$0.03B,79.41%,$0.03B,$0.00B,2.94%,$0.03B,0,0.00%,$0.03B,0,0.00%,$0.03B,0,0.00%,$0.03B,$0.00B,2.94%,$0.00B,$0.05B,1.85%,$0.00B,$0.04B,2.56%,$0.00B,$0.58B,0.17%,$0.00B,$0.11B,0.91%,$8,$2,$7,$0,$9,$10,$-2,$0,$-2,$-1,$-1,$-1,$-1,$0,$0,$4,4,$-0.28,$-0.28,$10,$0,$0,$364,$15,$165,$15,$16,$212,$576,$439,$57,$26,$84,$522,$0,$27,$2,$54,$576,$0,$1,$4,$5,$-5,$0,$0,$0,$-9,$-4,$-0,$0,$0,$0,$5,$5,$1,$6,$-5,$6,$2,$0,$0,$-1,$-6,$-5,$-3,$0,$-1
34,2010-03-31,9.01,$14.72,0.61,$9.47,0.95,$2.48,3.63,$0.93,9.66,$0.37B,$0.45B,0.82,$0.05B,$0.05B,0.94,$0.04B,$0.03B,77.14%,$0.04B,$0.00B,11.43%,$0.04B,0,0.00%,$0.04B,0,0.00%,$0.04B,$0.00B,8.57%,$0.04B,$0.00B,8.57%,$0.00B,$0.05B,5.58%,$0.00B,$0.04B,7.79%,$0.00B,$0.59B,0.50%,$0.00B,$0.11B,3.60%,$9,$2,$7,$0,$5,$7,$1,$0,$1,$0,$1,$1,$1,$0,$0,$4,4,$0.31,$0.31,$10,$0,$0,$371,$16,$169,$15,$16,$215,$586,$454,$51,$27,$78,$532,$0,$28,$1,$54,$586,$0,$0,$0,$0,$0,$0,$0,$0,$0,$-2,$0,$0,$0,$0,$1,$1,$-4,$-3,$-5,$0,$-5,$0,$0,$-0,$8,$3,$-2,$0,$-0
35,2009-12-31,7.45,$15.38,0.48,$9.43,0.79,$0.76,9.75,$0.89,8.35,$0.37B,$0.45B,0.83,$0.06B,$0.05B,1.04,$0.03B,$0.03B,76.47%,$0.03B,$0.00B,11.76%,$0.03B,0,0.00%,$0.03B,0,0.00%,$0.03B,$0.00B,8.82%,$0.03B,$0.00B,8.82%,$0.00B,$0.05B,5.63%,$0.00B,$0.04B,7.89%,$0.00B,$0.58B,0.50%,$0.00B,$0.11B,3.46%,$8,$2,$6,$0,$4,$7,$2,$0,$1,$0,$1,$1,$1,$0,$0,$4,4,$0.31,$0.31,$12,$0,$0,$370,$16,$170,$15,$14,$215,$584,$448,$56,$26,$82,$530,$0,$28,$2,$54,$584,$3,$2,$3,$5,$-6,$0,$0,$0,$-4,$4,$2,$0,$0,$0,$2,$2,$22,$26,$-16,$-6,$-22,$-0,$-0,$-2,$-7,$-31,$-1,$0,$-2
36,2009-09-30,7.2,$14.80,0.49,$9.65,0.75,$0.78,9.24,$0.79,9.16,$0.38B,$0.46B,0.83,$0.06B,$0.05B,1.12,$0.04B,$0.03B,74.29%,$0.04B,$0.00B,8.57%,$0.04B,0,0.00%,$0.04B,0,0.00%,$0.04B,$0.00B,8.57%,$0.04B,$0.00B,8.57%,$0.00B,$0.05B,5.71%,$0.00B,$0.04B,8.05%,$0.00B,$0.60B,0.49%,$0.00B,$0.12B,2.49%,$9,$2,$7,$0,$7,$9,$-0,$0,$-0,$-0,$0,$0,$0,$0,$0,$4,4,$0.03,$0.03,$21,$0,$0,$381,$16,$179,$15,$12,$223,$604,$459,$61,$30,$91,$549,$0,$29,$3,$54,$604,$0,$0,$0,$0,$0,$0,$0,$0,$0,$4,$1,$0,$-0,$0,$-5,$-5,$16,$13,$-7,$-6,$-13,$-0,$-0,$-1,$5,$-10,$7,$0,$-1
37,2009-06-30,7.38,$14.29,0.52,$9.83,0.75,$0.53,13.96,$1.07,6.91,$0.39B,$0.47B,0.83,$0.06B,$0.05B,1.16,$0.04B,$0.03B,69.44%,$0.04B,$0.00B,11.11%,$0.04B,0,0.00%,$0.04B,0,0.00%,$0.04B,$0.00B,11.11%,$0.04B,$0.00B,11.11%,$0.00B,$0.05B,7.77%,$0.00B,$0.04B,11.03%,$0.00B,$0.61B,0.66%,$0.00B,$0.11B,3.22%,$9,$2,$7,$0,$6,$8,$1,$0,$1,$0,$1,$1,$1,$0,$0,$4,4,$0.28,$0.28,$19,$0,$0,$391,$17,$178,$16,$12,$222,$613,$471,$61,$29,$90,$561,$0,$29,$1,$53,$613,$0,$0,$0,$0,$0,$0,$0,$0,$0,$-1,$1,$0,$-0,$0,$-7,$-7,$12,$5,$-8,$-6,$-14,$-0,$-0,$-1,$16,$1,$5,$0,$-1
38,2009-03-31,6.54,$14.09,0.46,$10.07,0.65,$0.30,21.93,$1.21,5.39,$0.39B,$0.47B,0.84,$0.07B,$0.05B,1.37,$0.04B,$0.03B,67.57%,$0.04B,$0.01B,13.51%,$0.04B,0,0.00%,$0.04B,0,0.00%,$0.04B,$0.01B,13.51%,$0.04B,$0.01B,13.51%,$0.01B,$0.05B,9.85%,$0.01B,$0.04B,14.08%,$0.01B,$0.62B,0.82%,$0.01B,$0.12B,3.88%,$8,$3,$6,$0,$5,$7,$1,$0,$1,$0,$1,$1,$1,$0,$0,$4,4,$0.27,$0.27,$14,$0,$0,$393,$14,$183,$15,$12,$225,$617,$467,$71,$28,$99,$565,$0,$28,$0,$52,$617,$0,$0,$0,$0,$0,$0,$0,$0,$0,$-8,$-0,$0,$0,$0,$-13,$-13,$10,$-3,$1,$-6,$-5,$-0,$-0,$-0,$18,$12,$1,$0,$-0
39,2008-12-31,9.16,$14.43,0.63,$10.44,0.88,$2.72,3.37,$1.22,7.51,$0.39B,$0.45B,0.87,$0.08B,$0.05B,1.5,$0.04B,$0.03B,64.10%,$0.04B,$0.01B,12.82%,$0.04B,0,0.00%,$0.04B,0,0.00%,$0.04B,$0.01B,12.82%,$0.04B,$0.01B,12.82%,$0.01B,$0.05B,9.90%,$0.01B,$0.04B,14.29%,$0.01B,$0.60B,0.82%,$0.01B,$0.13B,3.88%,$9,$3,$6,$0,$5,$8,$1,$0,$1,$-0,$1,$1,$1,$0,$0,$4,4,$0.21,$0.20,$14,$0,$0,$390,$14,$171,$15,$12,$213,$602,$446,$77,$27,$104,$551,$0,$28,$1,$51,$602,$5,$2,$2,$4,$-2,$0,$0,$0,$-3,$5,$1,$0,$0,$0,$-6,$-6,$5,$-0,$17,$-5,$12,$-3,$-3,$-2,$-13,$-6,$-1,$0,$-2
40,2008-09-30,9.09,$13.53,0.67,$10.54,0.86,$2.78,3.27,$1.36,6.7,$0.39B,$0.44B,0.89,$0.08B,$0.05B,1.63,$0.04B,$0.03B,62.50%,$0.04B,$0.01B,15.00%,$0.04B,0,0.00%,$0.04B,0,0.00%,$0.04B,$0.01B,15.00%,$0.04B,$0.01B,12.50%,$0.01B,$0.05B,9.85%,$0.01B,$0.04B,14.29%,$0.01B,$0.60B,0.82%,$0.01B,$0.13B,4.73%,$10,$3,$6,$0,$5,$8,$1,$0,$1,$0,$1,$1,$1,$0,$0,$4,4,$0.31,$0.31,$11,$0,$0,$393,$14,$169,$15,$12,$211,$604,$443,$81,$30,$111,$554,$0,$30,$-1,$50,$604,$0,$0,$0,$0,$0,$0,$0,$0,$0,$4,$1,$0,$0,$0,$-6,$-6,$0,$-5,$27,$-8,$19,$-3,$-3,$-1,$-17,$-3,$-4,$0,$-1
41,2008-06-30,9.32,$13.42,0.7,$10.65,0.88,$2.46,3.79,$1.41,6.63,$0.40B,$0.46B,0.88,$0.08B,$0.05B,1.68,$0.04B,$0.03B,60.98%,$0.04B,$0.01B,17.07%,$0.04B,0,0.00%,$0.04B,0,0.00%,$0.04B,$0.01B,17.07%,$0.04B,$0.01B,12.20%,$0.01B,$0.05B,9.80%,$0.01B,$0.03B,14.29%,$0.01B,$0.62B,0.82%,$0.01B,$0.13B,5.69%,$10,$4,$7,$0,$4,$8,$2,$0,$2,$1,$2,$2,$2,$0,$0,$4,4,$0.43,$0.43,$13,$0,$0,$403,$14,$172,$16,$12,$214,$617,$456,$83,$28,$111,$567,$0,$29,$-0,$50,$617,$0,$0,$0,$0,$0,$0,$0,$0,$0,$-1,$0,$0,$0,$0,$-8,$-8,$-2,$-10,$25,$-6,$19,$-3,$-3,$-1,$-5,$10,$-2,$0,$-1
42,2008-03-31,9.87,$13.74,0.72,$10.51,0.94,$3.38,2.92,$1.32,7.47,$0.40B,$0.46B,0.88,$0.07B,$0.05B,1.41,$0.04B,$0.02B,57.14%,$0.04B,$0.01B,16.67%,$0.04B,0,0.00%,$0.04B,0,0.00%,$0.04B,$0.01B,16.67%,$0.04B,$0.00B,9.52%,$0.00B,$0.05B,7.88%,$0.00B,$0.04B,11.51%,$0.00B,$0.61B,0.66%,$0.01B,$0.12B,5.86%,$10,$4,$6,$0,$5,$9,$1,$0,$1,$0,$1,$1,$1,$0,$0,$4,4,$0.28,$0.28,$13,$0,$0,$402,$14,$164,$16,$12,$206,$608,$457,$72,$29,$100,$558,$0,$28,$2,$51,$608,$0,$0,$0,$0,$0,$0,$0,$0,$0,$1,$-0,$0,$0,$0,$3,$3,$-4,$-2,$16,$-9,$8,$-3,$-3,$-0,$-5,$-2,$-2,$0,$-0
43,2007-12-31,10.54,$14.04,0.75,$10.36,1.02,$3.53,2.99,$1.36,7.78,$0.40B,$0.46B,0.87,$0.07B,$0.05B,1.32,$0.04B,$0.02B,57.14%,$0.04B,$0.01B,19.05%,$0.04B,0,0.00%,$0.04B,0,0.00%,$0.04B,$0.01B,19.05%,$0.04B,$0.00B,9.52%,$0.00B,$0.05B,7.92%,$0.00B,$0.04B,11.68%,$0.00B,$0.61B,0.66%,$0.01B,$0.12B,6.84%,$10,$4,$6,$0,$4,$9,$2,$0,$2,$0,$1,$1,$1,$0,$0,$4,4,$0.35,$0.35,$15,$0,$0,$400,$14,$165,$16,$12,$207,$606,$461,$69,$24,$93,$554,$0,$27,$1,$52,$606,$5,$2,$0,$2,$-1,$0,$0,$0,$0,$8,$-1,$0,$0,$0,$-18,$-18,$2,$-17,$-7,$11,$4,$-1,$-1,$-2,$8,$9,$-0,$0,$-2
44,2007-09-30,10.53,$12.99,0.81,$10.48,1.01,$1.24,8.49,$1.39,7.57,$0.41B,$0.46B,0.88,$0.07B,$0.05B,1.27,$0.04B,$0.02B,55.81%,$0.04B,$0.01B,18.60%,$0.04B,0,0.00%,$0.04B,0,0.00%,$0.04B,$0.01B,18.60%,$0.04B,$0.01B,11.63%,$0.01B,$0.05B,10.05%,$0.01B,$0.04B,15.04%,$0.01B,$0.60B,0.83%,$0.01B,$0.12B,6.99%,$11,$5,$6,$0,$4,$9,$2,$0,$2,$0,$1,$1,$1,$0,$0,$4,4,$0.36,$0.36,$14,$0,$0,$405,$14,$155,$16,$11,$197,$602,$458,$65,$27,$93,$551,$0,$29,$0,$51,$602,$0,$0,$0,$0,$0,$0,$0,$0,$0,$5,$-1,$0,$0,$0,$-9,$-9,$-2,$-12,$-2,$4,$2,$-1,$-1,$0,$6,$7,$-1,$0,$0
45,2007-06-30,10.97,$12.44,0.88,$10.42,1.05,$0.34,31.91,$1.39,7.89,$0.40B,$0.45B,0.89,$0.07B,$0.05B,1.43,$0.04B,$0.02B,55.81%,$0.04B,$0.01B,18.60%,$0.04B,0,0.00%,$0.04B,0,0.00%,$0.04B,$0.01B,18.60%,$0.04B,$0.01B,11.63%,$0.01B,$0.05B,10.15%,$0.01B,$0.03B,15.50%,$0.01B,$0.60B,0.83%,$0.01B,$0.12B,6.88%,$11,$5,$6,$0,$4,$9,$2,$0,$2,$0,$1,$1,$1,$0,$0,$4,4,$0.34,$0.34,$12,$0,$0,$403,$14,$158,$17,$11,$200,$603,$454,$70,$30,$100,$554,$0,$28,$-1,$49,$603,$0,$0,$0,$0,$0,$0,$0,$0,$0,$4,$-1,$0,$0,$0,$-14,$-14,$-1,$-16,$1,$9,$10,$-1,$-1,$-1,$2,$10,$-2,$0,$-1
46,2007-03-31,10.78,$12.57,0.86,$10.35,1.04,$-1.64,0.0,$1.45,7.45,$0.41B,$0.47B,0.88,$0.06B,$0.05B,1.23,$0.04B,$0.02B,57.14%,$0.04B,$0.01B,19.05%,$0.04B,0,0.00%,$0.04B,0,0.00%,$0.04B,$0.01B,19.05%,$0.04B,$0.01B,14.29%,$0.01B,$0.05B,12.37%,$0.01B,$0.03B,19.35%,$0.01B,$0.61B,1.00%,$0.01B,$0.11B,6.78%,$10,$4,$6,$0,$4,$9,$2,$0,$2,$0,$1,$1,$1,$0,$0,$4,4,$0.31,$0.31,$14,$0,$0,$407,$14,$156,$17,$11,$198,$605,$465,$62,$29,$90,$555,$0,$28,$0,$50,$605,$0,$0,$0,$0,$0,$0,$0,$0,$0,$2,$-0,$0,$0,$0,$-10,$-10,$-4,$-14,$0,$0,$0,$-0,$-0,$-0,$13,$13,$-0,$0,$-0
47,2006-12-31,10.42,$12.93,0.81,$10.28,1.01,$-3.74,0.0,$1.49,6.97,$0.40B,$0.45B,0.89,$0.06B,$0.05B,1.26,$0.04B,$0.02B,57.14%,$0.04B,$0.01B,19.05%,$0.04B,0,0.00%,$0.04B,0,0.00%,$0.04B,$0.01B,19.05%,$0.04B,$0.01B,14.29%,$0.01B,$0.05B,12.70%,$0.01B,$0.03B,20.34%,$0.01B,$0.59B,1.00%,$0.01B,$0.11B,6.77%,$11,$4,$6,$0,$4,$9,$2,$0,$2,$0,$2,$2,$2,$0,$0,$4,4,$0.38,$0.39,$15,$0,$0,$403,$14,$146,$17,$11,$188,$591,$451,$62,$28,$90,$541,$0,$27,$-0,$49,$591,$6,$2,$1,$3,$-10,$0,$0,$0,$-11,$-2,$-1,$0,$-9,$0,$6,$6,$3,$-1,$-6,$-3,$-9,$-0,$-0,$-2,$6,$-4,$-7,$0,$-2
