,Date,Stock Price,Book Value per Share,Price to Book Ratio,TTM Sales per Share,Price to Sales Ratio,TTM FCF per Share,Price to FCF Ratio,TTM Net EPS,PE Ratio,Current Assets,Current Liabilities,Current Ratio,Long Term Debt,Shareholder's Equity_x,Debt to Equity Ratio,TTM Revenue_x,TTM Gross Profit,Gross Margin,TTM Revenue_y,TTM Operating Income,Operating Margin,TTM Revenue_x,TTM EBIT,EBIT Margin,TTM Revenue_y,TTM EBITDA,EBITDA Margin,TTM Revenue_x,TTM Pre-Tax Income,Pre-Tax Margin,TTM Revenue_y,TTM Net Income_x,Net Margin,TTM Net Income_y,Shareholder's Equity_y,Return on Equity,TTM Net Income_x,Tangible Equity,Return on Tangible Equity,TTM Net Income_y,Total Assets,Return on Assets,TTM Net Income,LT Investments & Debt,Return on Investment,revenue,cost-goods-sold,gross-profit,research-development-expenses,selling-general-administrative-expenses,operating-expenses,operating-income,total-non-operating-income-expense,pre-tax-income,total-provision-income-taxes,income-after-taxes,income-from-continuous-operations,net-income,ebitda,ebit,basic-shares-outstanding,shares-outstanding,eps-basic-net-earnings-per-share,eps-earnings-per-share-diluted,cash-on-hand,inventory,other-current-assets,total-current-assets,net-property-plant-equipment,long-term-investments,goodwill-intangible-assets-total,other-long-term-assets,total-long-term-assets,total-assets,total-current-liabilities,long-term-debt,other-non-current-liabilities,total-long-term-liabilities,total-liabilities,common-stock-net,retained-earnings-accumulated-deficit,comprehensive-income,total-share-holder-equity,total-liabilities-share-holders-equity,net-income-loss,total-depreciation-amortization-cash-flow,other-non-cash-items,total-non-cash-items,change-in-accounts-receivable,change-in-inventories,change-in-accounts-payable,change-in-assets-liabilities,total-change-in-assets-liabilities,cash-flow-from-operating-activities,net-change-in-property-plant-equipment,net-change-in-intangible-assets,net-acquisitions-divestitures,net-change-in-short-term-investments,net-change-in-long-term-investments,net-change-in-investments-total,investing-activities-other,cash-flow-from-investing-activities,net-long-term-debt,net-current-debt,debt-issuance-retirement-net-total,net-common-equity-issued-repurchased,net-total-equity-issued-repurchased,total-common-preferred-stock-dividends-paid,financial-activities-other,cash-flow-from-financial-activities,net-cash-flow,stock-based-compensation,common-stock-dividends-paid
0,2018-09-30,48.13,$9.47,5.08,$21.48,2.24,$7.02,6.86,$2.46,19.57,$2.83B,$1.55B,1.83,$1.43B,$1.12B,1.28,$2.82B,$2.82B,100.00%,$2.82B,$0.88B,31.37%,$2.82B,$0.88B,31.37%,$2.82B,$1.19B,42.23%,$2.82B,$0.88B,31.37%,$2.82B,$0.33B,11.71%,$0.33B,$1.12B,29.01%,$0.33B,$0.74B,43.87%,$0.33B,$4.95B,6.95%,$0.88B,$2.56B,37.01%,$626,$0,$626,$36,$443,$488,$139,$0,$139,$30,$109,$109,$107,$210,$139,$119,130,$0.90,$0.82,$2186,$0,$0,$2827,$214,$610,$379,$304,$2118,$4945,$1545,$1434,$838,$2278,$3823,$1,$1141,$-260,$1122,$4945,$419,$306,$34,$340,$-82,$0,$0,$-385,$-467,$291,$-38,$0,$0,$0,$0,$0,$0,$-38,$235,$0,$235,$-307,$-307,$-308,$-77,$-456,$-269,$0,$-308
1,2018-06-30,48.51,$9.27,5.23,$21.37,2.27,$10.07,4.82,$2.46,19.72,$2.60B,$1.46B,1.78,$1.19B,$1.11B,1.07,$2.82B,$2.82B,100.00%,$2.82B,$0.89B,31.56%,$2.82B,$0.89B,31.56%,$2.82B,$1.21B,42.88%,$2.82B,$0.89B,31.56%,$2.82B,$0.33B,11.79%,$0.33B,$1.11B,27.69%,$0.33B,$0.73B,40.95%,$0.33B,$4.63B,7.03%,$0.89B,$2.30B,37.20%,$758,$0,$758,$33,$524,$558,$200,$0,$200,$52,$148,$148,$147,$325,$200,$120,130,$1.22,$1.13,$1883,$0,$0,$2597,$216,$505,$382,$308,$2031,$4628,$1459,$1191,$858,$2056,$3515,$1,$1092,$-253,$1113,$4628,$310,$235,$21,$256,$-154,$0,$0,$-346,$-501,$65,$-31,$0,$0,$0,$0,$0,$0,$-31,$-0,$0,$-0,$-224,$-224,$-255,$-80,$-559,$-572,$0,$-255
2,2018-03-31,51.7,$8.77,5.89,$20.98,2.46,$12.56,4.12,$2.24,23.08,$2.54B,$1.29B,1.97,$1.19B,$1.06B,1.13,$2.78B,$2.78B,100.00%,$2.78B,$0.86B,31.05%,$2.78B,$0.86B,31.05%,$2.78B,$1.18B,42.54%,$2.78B,$0.86B,31.05%,$2.78B,$0.31B,10.99%,$0.31B,$1.06B,24.47%,$0.31B,$0.67B,35.62%,$0.31B,$4.49B,6.41%,$0.86B,$2.25B,35.38%,$755,$0,$755,$33,$509,$569,$186,$0,$186,$24,$162,$162,$160,$296,$186,$120,132,$1.33,$1.21,$1864,$0,$0,$2538,$214,$355,$388,$351,$1947,$4485,$1287,$1191,$941,$2141,$3429,$1,$1006,$-219,$1056,$4485,$162,$110,$6,$116,$-95,$0,$0,$-221,$-317,$-39,$-15,$0,$0,$0,$0,$0,$0,$-15,$-0,$0,$-0,$-146,$-146,$-202,$-238,$-587,$-591,$0,$-202
3,2017-12-31,50.05,$10.58,4.73,$19.97,2.51,$13.69,3.66,$1.84,27.2,$3.03B,$1.59B,1.91,$1.19B,$1.26B,0.95,$2.64B,$2.64B,100.00%,$2.64B,$0.83B,31.24%,$2.64B,$0.83B,31.24%,$2.64B,$1.14B,43.08%,$2.64B,$0.83B,31.24%,$2.64B,$0.25B,9.57%,$0.25B,$1.26B,19.68%,$0.25B,$0.87B,28.25%,$0.25B,$4.93B,5.35%,$0.83B,$2.45B,33.35%,$679,$0,$679,$34,$471,$320,$359,$0,$359,$441,$-83,$-83,$-84,$359,$359,$122,132,$-0.67,$-0.63,$2455,$0,$0,$3026,$205,$427,$391,$228,$1902,$4929,$1586,$1190,$884,$2084,$3670,$1,$1080,$-233,$1259,$4929,$343,$313,$51,$364,$112,$0,$0,$-114,$-1,$705,$-15,$0,$0,$0,$0,$0,$0,$-15,$-7,$0,$-7,$-253,$-253,$-292,$68,$-484,$334,$0,$-292
4,2017-09-30,42.73,$11.39,3.75,$20.06,2.13,$12.73,3.36,$3.50,12.21,$2.49B,$1.19B,2.09,$1.19B,$1.37B,0.87,$2.66B,$2.66B,100.00%,$2.66B,$0.62B,23.49%,$2.66B,$0.62B,23.49%,$2.66B,$1.04B,39.29%,$2.66B,$0.62B,23.49%,$2.66B,$0.47B,17.50%,$0.47B,$1.37B,35.92%,$0.47B,$0.98B,51.30%,$0.47B,$4.84B,10.03%,$0.62B,$2.56B,25.11%,$625,$0,$625,$31,$440,$481,$144,$0,$144,$33,$111,$111,$109,$228,$144,$121,132,$0.90,$0.82,$1942,$0,$0,$2494,$201,$427,$392,$223,$2343,$4836,$1193,$1190,$1081,$2275,$3468,$1,$1219,$-262,$1368,$4836,$343,$313,$51,$364,$112,$0,$0,$-141,$-29,$678,$-15,$0,$0,$0,$0,$0,$0,$-15,$-7,$0,$-7,$-253,$-253,$-292,$-81,$-633,$95,$0,$-292
5,2017-06-30,43.39,$10.71,4.05,$19.94,2.18,$9.82,4.42,$3.53,12.29,$2.40B,$1.21B,1.99,$1.19B,$1.30B,0.91,$2.64B,$2.64B,100.00%,$2.64B,$0.63B,23.82%,$2.64B,$0.63B,23.82%,$2.64B,$1.05B,39.80%,$2.64B,$0.63B,23.82%,$2.64B,$0.47B,17.76%,$0.47B,$1.30B,36.71%,$0.47B,$0.91B,52.15%,$0.47B,$4.77B,10.41%,$0.63B,$2.49B,25.98%,$717,$0,$717,$32,$499,$545,$173,$0,$173,$52,$121,$121,$120,$298,$173,$122,132,$0.98,$0.91,$1747,$0,$0,$2401,$200,$422,$389,$244,$2368,$4770,$1208,$1189,$1060,$2259,$3467,$1,$1166,$-278,$1303,$4770,$231,$229,$40,$269,$2,$0,$0,$-130,$-128,$373,$-9,$0,$0,$0,$0,$0,$0,$-9,$-7,$0,$-7,$-185,$-185,$-242,$119,$-315,$139,$0,$-242
6,2017-03-31,42.67,$9.87,4.32,$18.55,2.3,$7.13,5.99,$3.23,13.21,$2.03B,$0.92B,2.21,$1.20B,$1.21B,0.99,$2.46B,$2.46B,100.00%,$2.46B,$0.57B,23.14%,$2.46B,$0.57B,23.14%,$2.46B,$0.96B,38.92%,$2.46B,$0.57B,23.14%,$2.46B,$0.43B,17.45%,$0.43B,$1.21B,34.24%,$0.43B,$0.83B,48.20%,$0.43B,$4.39B,9.83%,$0.57B,$2.41B,24.23%,$623,$0,$623,$24,$436,$473,$150,$0,$150,$40,$110,$110,$108,$254,$150,$123,133,$0.88,$0.81,$1498,$0,$0,$2025,$206,$382,$388,$249,$2360,$4385,$915,$1196,$1053,$2257,$3172,$1,$1102,$-297,$1213,$4385,$110,$104,$18,$122,$115,$0,$0,$-248,$-133,$99,$-4,$0,$0,$0,$0,$0,$0,$-4,$-0,$0,$-0,$-106,$-106,$-192,$75,$-224,$-110,$0,$-192
7,2016-12-31,36.77,$10.59,3.47,$17.61,2.09,$5.61,6.55,$2.92,12.59,$2.25B,$1.01B,2.22,$1.19B,$1.29B,0.92,$2.33B,$2.33B,100.00%,$2.33B,$0.52B,22.15%,$2.33B,$0.52B,22.15%,$2.33B,$0.93B,39.76%,$2.33B,$0.52B,22.15%,$2.33B,$0.39B,16.62%,$0.39B,$1.29B,30.90%,$0.39B,$0.91B,42.81%,$0.39B,$4.56B,9.08%,$0.52B,$2.48B,22.46%,$692,$0,$692,$26,$463,$535,$157,$0,$157,$28,$129,$129,$128,$264,$157,$125,133,$1.04,$0.96,$1607,$0,$0,$2246,$209,$459,$382,$184,$2311,$4557,$1014,$1189,$1051,$2249,$3263,$1,$1134,$-314,$1294,$4557,$394,$410,$54,$464,$-156,$0,$0,$-101,$-257,$601,$-38,$0,$0,$0,$0,$0,$0,$-38,$194,$0,$194,$-300,$-300,$-336,$-44,$-487,$27,$0,$-336
8,2016-09-30,32.22,$10.49,3.07,$16.84,1.91,$7.83,4.12,$3.14,10.26,$1.96B,$0.96B,2.04,$1.00B,$1.30B,0.77,$2.24B,$2.24B,100.00%,$2.24B,$0.50B,22.33%,$2.24B,$0.50B,22.33%,$2.24B,$0.89B,39.78%,$2.24B,$0.50B,22.33%,$2.24B,$0.42B,18.70%,$0.42B,$1.30B,32.82%,$0.42B,$0.95B,44.55%,$0.42B,$4.30B,9.83%,$0.50B,$2.30B,21.96%,$609,$0,$609,$24,$426,$460,$149,$0,$149,$36,$113,$113,$113,$235,$149,$124,132,$0.90,$0.85,$1424,$0,$0,$1962,$204,$463,$354,$213,$2341,$4302,$963,$999,$1031,$2039,$3001,$1,$1058,$-236,$1301,$4302,$265,$303,$49,$352,$-44,$0,$0,$-274,$-318,$299,$-21,$0,$0,$0,$0,$0,$0,$-21,$-1,$0,$-1,$-229,$-229,$-289,$-37,$-556,$-278,$0,$-289
9,2016-06-30,26.1,$9.67,2.7,$16.55,1.58,$9.49,2.75,$5.28,4.94,$1.84B,$0.99B,1.86,$1.00B,$1.20B,0.83,$2.20B,$2.20B,100.00%,$2.20B,$0.92B,41.86%,$2.20B,$0.92B,41.86%,$2.20B,$1.31B,59.45%,$2.20B,$0.92B,41.86%,$2.20B,$0.70B,32.00%,$0.70B,$1.20B,56.25%,$0.70B,$0.88B,76.27%,$0.70B,$4.22B,16.71%,$0.92B,$2.20B,40.89%,$535,$0,$535,$24,$386,$421,$113,$0,$113,$32,$81,$81,$80,$204,$113,$125,132,$0.64,$0.61,$1347,$0,$0,$1843,$202,$491,$328,$228,$2373,$4216,$992,$999,$1011,$2020,$3011,$1,$998,$-237,$1204,$4216,$152,$217,$25,$242,$0,$0,$0,$-376,$-376,$18,$-11,$0,$0,$0,$0,$0,$0,$-11,$-1,$0,$-1,$-195,$-195,$-242,$-57,$-494,$-486,$0,$-242
10,2016-03-31,33.65,$9.65,3.49,$17.10,1.97,$10.93,3.08,$7.49,4.49,$1.64B,$0.76B,2.15,$1.00B,$1.22B,0.82,$2.27B,$2.27B,100.00%,$2.27B,$0.01B,0.31%,$2.27B,$0.01B,0.31%,$2.27B,$0.38B,16.62%,$2.27B,$0.01B,0.31%,$2.27B,$1.00B,43.89%,$1.00B,$1.22B,85.46%,$1.00B,$0.89B,119.20%,$1.00B,$4.01B,23.78%,$0.01B,$2.22B,0.32%,$498,$0,$498,$23,$367,$400,$98,$0,$98,$28,$71,$71,$67,$225,$98,$126,133,$0.53,$0.50,$1123,$0,$0,$1637,$207,$460,$333,$248,$2374,$4012,$760,$999,$1019,$2029,$2789,$1,$971,$-222,$1223,$4012,$71,$126,$12,$138,$-12,$0,$0,$-297,$-308,$-100,$-5,$0,$0,$0,$0,$0,$0,$-5,$-0,$0,$-0,$-83,$-83,$-194,$-60,$-338,$-431,$0,$-194
11,2015-12-31,37.14,$10.89,3.41,$17.67,2.1,$11.95,3.11,$7.41,5.01,$2.05B,$1.08B,1.91,$1.00B,$1.37B,0.73,$2.35B,$2.35B,100.00%,$2.35B,$-0.02B,-0.68%,$2.35B,$-0.02B,-0.68%,$2.35B,$0.34B,14.57%,$2.35B,$-0.02B,-0.68%,$2.35B,$0.99B,41.93%,$0.99B,$1.37B,99.07%,$0.99B,$1.04B,148.42%,$0.99B,$4.48B,25.30%,$-0.02B,$2.37B,-0.80%,$593,$0,$593,$27,$417,$454,$139,$0,$139,$-16,$155,$155,$158,$225,$139,$125,133,$1.30,$1.17,$1557,$0,$0,$2054,$207,$542,$327,$217,$2424,$4478,$1077,$998,$1024,$2033,$3110,$1,$1124,$-234,$1367,$4478,$993,$359,$-517,$-158,$33,$0,$0,$19,$53,$887,$-26,$0,$0,$0,$0,$0,$0,$-26,$-115,$0,$-115,$-173,$-173,$-291,$-169,$-747,$66,$0,$-291
12,2015-09-30,35.46,$9.66,3.67,$17.95,1.98,$10.84,3.27,$7.52,4.72,$1.67B,$0.86B,1.96,$1.01B,$1.21B,0.83,$2.40B,$2.40B,100.00%,$2.40B,$0.04B,1.88%,$2.40B,$0.04B,1.88%,$2.40B,$0.39B,16.45%,$2.40B,$0.04B,1.88%,$2.40B,$1.00B,41.80%,$1.00B,$1.21B,118.18%,$1.00B,$0.89B,195.99%,$1.00B,$4.15B,27.69%,$0.04B,$2.22B,2.41%,$574,$0,$574,$23,$389,$3,$571,$0,$571,$171,$400,$400,$399,$654,$571,$126,133,$3.16,$2.99,$1171,$0,$0,$1674,$210,$575,$326,$250,$2474,$4148,$856,$1008,$1072,$2080,$2936,$1,$1014,$-253,$1212,$4148,$838,$274,$-473,$-199,$34,$0,$0,$-153,$-119,$519,$-18,$0,$0,$0,$0,$0,$0,$-18,$-114,$0,$-114,$-159,$-159,$-247,$-156,$-677,$-207,$0,$-247
13,2015-06-30,45.77,$6.90,6.64,$17.88,2.56,$10.09,4.54,$5.20,8.8,$1.52B,$0.76B,2.0,$1.01B,$0.87B,1.16,$2.39B,$2.39B,100.00%,$2.39B,$-0.41B,-17.26%,$2.39B,$-0.41B,-17.26%,$2.39B,$-0.06B,-2.68%,$2.39B,$-0.41B,-17.26%,$2.39B,$0.69B,28.95%,$0.69B,$0.87B,98.22%,$0.69B,$0.53B,192.21%,$0.69B,$4.15B,20.70%,$-0.41B,$1.88B,-23.70%,$609,$0,$609,$23,$414,$1410,$-801,$0,$-801,$-1177,$375,$375,$374,$-726,$-801,$126,133,$2.96,$2.82,$1023,$0,$0,$1524,$214,$558,$336,$265,$2628,$4152,$763,$1008,$1511,$2519,$3283,$1,$664,$-235,$869,$4152,$438,$190,$-191,$-1,$39,$0,$0,$-265,$-226,$211,$-13,$0,$0,$0,$0,$0,$0,$-13,$-114,$0,$-114,$-118,$-118,$-203,$-107,$-541,$-365,$0,$-203
14,2015-03-31,42.52,$4.26,9.97,$17.54,2.42,$9.52,4.47,$3.02,14.08,$1.47B,$0.72B,2.03,$1.01B,$0.54B,1.88,$2.35B,$2.35B,100.00%,$2.35B,$0.49B,20.81%,$2.35B,$0.49B,20.81%,$2.35B,$0.85B,36.08%,$2.35B,$0.49B,20.81%,$2.35B,$0.40B,17.14%,$0.40B,$0.54B,64.01%,$0.40B,$0.20B,145.78%,$0.40B,$2.83B,13.09%,$0.49B,$1.55B,29.11%,$578,$0,$578,$23,$403,$503,$75,$0,$75,$12,$63,$63,$56,$190,$75,$124,134,$0.45,$0.42,$871,$0,$0,$1465,$209,$487,$336,$331,$1363,$2828,$723,$1009,$559,$1568,$2290,$1,$338,$-233,$537,$2828,$63,$115,$58,$173,$-64,$0,$0,$-136,$-201,$35,$-4,$0,$0,$0,$0,$0,$0,$-4,$-113,$0,$-113,$-83,$-83,$-158,$-99,$-454,$-460,$0,$-158
15,2014-12-31,39.43,$6.52,6.04,$17.20,2.29,$9.67,4.08,$3.21,12.28,$1.88B,$0.92B,2.03,$1.06B,$0.77B,1.38,$2.30B,$2.30B,100.00%,$2.30B,$0.52B,22.61%,$2.30B,$0.52B,22.61%,$2.30B,$0.86B,37.22%,$2.30B,$0.52B,22.61%,$2.30B,$0.43B,18.57%,$0.43B,$0.77B,67.48%,$0.43B,$0.42B,156.55%,$0.43B,$3.33B,13.83%,$0.52B,$1.83B,30.69%,$634,$0,$634,$23,$392,$434,$200,$0,$200,$27,$173,$173,$172,$276,$200,$122,134,$1.41,$1.28,$1318,$0,$0,$1875,$223,$620,$347,$208,$1457,$3332,$923,$1060,$549,$1639,$2562,$1,$465,$-201,$770,$3332,$434,$337,$34,$371,$-76,$0,$0,$8,$-69,$736,$-20,$0,$0,$0,$0,$0,$0,$-20,$-2,$0,$-2,$-193,$-193,$-146,$-94,$-435,$225,$0,$-146
16,2014-09-30,39.71,$4.94,8.04,$17.04,2.33,$7.85,5.06,$2.32,17.12,$1.61B,$0.81B,2.0,$1.06B,$0.64B,1.66,$2.28B,$2.28B,100.00%,$2.28B,$0.39B,17.24%,$2.28B,$0.39B,17.24%,$2.28B,$0.74B,32.47%,$2.28B,$0.39B,17.24%,$2.28B,$0.31B,13.51%,$0.31B,$0.64B,51.53%,$0.31B,$0.28B,131.91%,$0.31B,$3.04B,10.24%,$0.39B,$1.70B,23.67%,$566,$0,$566,$23,$415,$452,$114,$0,$114,$24,$90,$90,$89,$196,$114,$122,134,$0.73,$0.67,$1106,$0,$0,$1614,$227,$550,$356,$295,$1429,$3043,$808,$1061,$536,$1597,$2405,$1,$333,$-152,$638,$3043,$261,$260,$19,$279,$-13,$0,$0,$-112,$-125,$415,$-13,$0,$0,$0,$0,$0,$0,$-13,$-2,$0,$-2,$-193,$-193,$-110,$-92,$-396,$-21,$0,$-110
17,2014-06-30,40.15,$4.64,8.65,$16.38,2.45,$5.73,7.01,$2.10,19.12,$1.62B,$0.89B,1.83,$1.06B,$0.57B,1.88,$2.19B,$2.19B,100.00%,$2.19B,$0.36B,16.42%,$2.19B,$0.36B,16.42%,$2.19B,$0.71B,32.24%,$2.19B,$0.36B,16.42%,$2.19B,$0.28B,12.72%,$0.28B,$0.57B,46.31%,$0.28B,$0.20B,119.49%,$0.28B,$3.08B,9.34%,$0.36B,$1.63B,21.52%,$567,$0,$567,$22,$425,$468,$99,$0,$99,$13,$86,$86,$85,$184,$99,$123,134,$0.69,$0.64,$1074,$0,$0,$1619,$236,$539,$369,$317,$1461,$3079,$885,$1063,$565,$1628,$2513,$1,$285,$-127,$567,$3079,$171,$178,$12,$189,$-29,$0,$0,$-201,$-231,$130,$-5,$0,$0,$0,$0,$0,$0,$-5,$-1,$0,$-1,$-142,$-142,$-73,$-67,$-284,$-157,$0,$-73
18,2014-03-31,36.45,$4.52,8.07,$15.84,2.3,$4.63,7.87,$1.70,21.44,$1.53B,$0.69B,2.21,$1.06B,$0.56B,1.91,$2.12B,$2.12B,100.00%,$2.12B,$0.30B,14.27%,$2.12B,$0.30B,14.27%,$2.12B,$0.65B,30.81%,$2.12B,$0.30B,14.27%,$2.12B,$0.23B,10.63%,$0.23B,$0.56B,36.96%,$0.23B,$0.19B,94.44%,$0.23B,$2.90B,7.64%,$0.30B,$1.62B,17.90%,$533,$0,$533,$23,$392,$426,$107,$0,$107,$22,$85,$85,$81,$200,$107,$122,134,$0.66,$0.61,$1005,$0,$0,$1529,$243,$417,$367,$342,$1370,$2898,$692,$1064,$587,$1651,$2343,$1,$243,$-126,$556,$2898,$85,$93,$0,$93,$-9,$0,$0,$-116,$-125,$54,$-3,$0,$0,$0,$0,$0,$0,$-3,$-1,$0,$-1,$-107,$-107,$-36,$-84,$-228,$-175,$0,$-36
19,2013-12-31,34.84,$5.22,6.68,$14.89,2.34,$3.50,9.95,$1.21,28.79,$1.66B,$0.80B,2.07,$1.06B,$0.63B,1.69,$1.99B,$1.99B,100.00%,$1.99B,$0.22B,10.93%,$1.99B,$0.22B,10.93%,$1.99B,$0.57B,28.77%,$1.99B,$0.22B,10.93%,$1.99B,$0.16B,8.01%,$0.16B,$0.63B,25.90%,$0.16B,$0.27B,67.09%,$0.16B,$3.01B,5.48%,$0.22B,$1.69B,12.77%,$613,$0,$613,$24,$444,$540,$73,$0,$73,$20,$53,$53,$53,$160,$73,$121,134,$0.45,$0.40,$1148,$0,$0,$1661,$249,$478,$364,$259,$1350,$3011,$804,$1064,$513,$1578,$2381,$1,$203,$-133,$630,$3011,$165,$355,$66,$421,$-30,$0,$0,$-30,$-60,$527,$-55,$0,$0,$0,$0,$0,$0,$-55,$-88,$0,$-88,$-132,$-132,$-122,$-145,$-487,$-9,$0,$-122
20,2013-09-30,27.35,$5.09,5.37,$14.64,1.87,$3.04,8.99,$0.76,35.99,$1.56B,$0.68B,2.3,$1.09B,$0.66B,1.66,$1.93B,$1.93B,100.00%,$1.93B,$0.14B,7.19%,$1.93B,$0.14B,7.19%,$1.93B,$0.52B,27.11%,$1.93B,$0.14B,7.19%,$1.93B,$0.10B,5.23%,$0.10B,$0.66B,16.30%,$0.10B,$0.28B,42.93%,$0.10B,$2.96B,3.49%,$0.14B,$1.75B,8.12%,$480,$0,$480,$22,$374,$399,$81,$0,$81,$18,$63,$63,$60,$163,$81,$122,134,$0.49,$0.45,$1021,$0,$0,$1557,$250,$470,$376,$303,$1399,$2956,$677,$1093,$530,$1623,$2299,$1,$219,$-128,$657,$2956,$112,$268,$0,$268,$-56,$0,$0,$-157,$-212,$168,$-49,$0,$0,$0,$0,$0,$0,$-49,$-2,$0,$-2,$-78,$-78,$-61,$-133,$-274,$-162,$0,$-61
21,2013-06-30,24.25,$4.59,5.28,$14.23,1.7,$3.41,7.11,$0.57,42.54,$1.53B,$0.73B,2.11,$1.09B,$0.59B,1.85,$1.88B,$1.88B,100.00%,$1.88B,$0.11B,5.58%,$1.88B,$0.11B,5.58%,$1.88B,$0.50B,26.46%,$1.88B,$0.11B,5.58%,$1.88B,$0.07B,3.93%,$0.07B,$0.59B,11.15%,$0.07B,$0.22B,26.96%,$0.07B,$2.92B,2.54%,$0.11B,$1.69B,5.97%,$490,$0,$490,$20,$422,$449,$41,$0,$41,$9,$32,$32,$31,$129,$41,$122,132,$0.26,$0.24,$1007,$0,$0,$1532,$242,$449,$375,$323,$1389,$2921,$727,$1093,$509,$1602,$2329,$1,$194,$-141,$592,$2921,$50,$185,$0,$185,$-55,$0,$0,$-167,$-221,$14,$-36,$0,$0,$0,$0,$0,$0,$-36,$-2,$0,$-2,$-50,$-50,$-30,$-125,$-207,$-249,$0,$-30
22,2013-03-31,25.54,$4.50,5.68,$13.77,1.85,$3.48,7.33,$0.57,44.82,$1.36B,$0.53B,2.59,$1.09B,$0.58B,1.89,$1.83B,$1.83B,100.00%,$1.83B,$0.11B,5.96%,$1.83B,$0.11B,5.96%,$1.83B,$0.50B,27.50%,$1.83B,$0.11B,5.96%,$1.83B,$0.07B,4.05%,$0.07B,$0.58B,10.25%,$0.07B,$0.18B,22.54%,$0.07B,$2.73B,2.53%,$0.11B,$1.67B,6.00%,$402,$0,$402,$23,$347,$380,$22,$0,$22,$4,$18,$18,$15,$119,$22,$118,133,$0.13,$0.12,$901,$0,$0,$1361,$240,$406,$393,$328,$1368,$2728,$526,$1093,$532,$1625,$2151,$1,$197,$-125,$577,$2728,$18,$97,$0,$97,$11,$0,$0,$-199,$-188,$-73,$-27,$0,$0,$0,$0,$0,$0,$-27,$-1,$0,$-1,$-30,$-30,$0,$-117,$-149,$-264,$0,$0
23,2012-12-31,22.33,$5.65,3.96,$14.31,1.56,$3.45,6.48,$0.65,34.36,$1.69B,$0.74B,2.28,$1.10B,$0.65B,1.68,$1.91B,$1.91B,100.00%,$1.91B,$0.13B,6.53%,$1.91B,$0.13B,6.53%,$1.91B,$0.52B,27.39%,$1.91B,$0.13B,6.53%,$1.91B,$0.09B,4.44%,$0.09B,$0.65B,10.72%,$0.09B,$0.26B,21.33%,$0.09B,$2.99B,2.86%,$0.13B,$1.75B,6.62%,$561,$0,$561,$24,$529,$566,$-5,$0,$-5,$-1,$-4,$-4,$-5,$113,$-5,$117,129,$-0.04,$-0.05,$1208,$0,$0,$1686,$225,$415,$393,$268,$1301,$2987,$741,$1095,$500,$1594,$2335,$1,$183,$-111,$652,$2987,$93,$400,$-4,$396,$31,$0,$0,$-38,$-6,$482,$-85,$0,$0,$0,$0,$0,$0,$-85,$-3,$0,$-3,$-354,$-354,$-135,$-71,$-563,$-154,$0,$-135
24,2012-09-30,21.46,$7.27,2.95,$13.25,1.62,$2.94,7.3,$0.66,32.52,$1.65B,$0.57B,2.91,$1.10B,$0.83B,1.31,$1.80B,$1.80B,100.00%,$1.80B,$0.12B,6.37%,$1.80B,$0.12B,6.37%,$1.80B,$0.48B,26.72%,$1.80B,$0.12B,6.37%,$1.80B,$0.09B,4.71%,$0.09B,$0.83B,10.04%,$0.09B,$0.44B,18.79%,$0.09B,$3.00B,2.84%,$0.12B,$1.93B,5.92%,$429,$0,$429,$21,$350,$382,$47,$0,$47,$13,$34,$34,$33,$137,$47,$116,135,$0.29,$0.26,$1161,$0,$0,$1646,$216,$439,$395,$298,$1349,$2995,$566,$1095,$500,$1595,$2161,$1,$270,$-81,$834,$2995,$97,$281,$0,$281,$23,$0,$0,$-162,$-139,$240,$-70,$0,$0,$0,$0,$0,$0,$-70,$-2,$0,$-2,$-223,$-223,$-66,$-57,$-347,$-171,$0,$-66
25,2012-06-30,18.94,$7.08,2.68,$13.46,1.41,$3.62,5.24,$0.89,21.28,$1.64B,$0.60B,2.75,$1.10B,$0.83B,1.33,$1.84B,$1.84B,100.00%,$1.84B,$0.16B,8.49%,$1.84B,$0.16B,8.49%,$1.84B,$0.50B,27.44%,$1.84B,$0.16B,8.49%,$1.84B,$0.12B,6.26%,$0.12B,$0.83B,13.25%,$0.12B,$0.43B,24.27%,$0.12B,$2.98B,3.80%,$0.16B,$1.92B,7.94%,$437,$0,$437,$21,$360,$392,$45,$0,$45,$10,$34,$34,$31,$134,$45,$118,135,$0.26,$0.24,$1154,$0,$0,$1638,$198,$440,$394,$308,$1340,$2978,$597,$1095,$460,$1555,$2151,$1,$265,$-94,$826,$2978,$63,$192,$0,$192,$17,$0,$0,$-238,$-220,$34,$-47,$0,$0,$0,$0,$0,$0,$-47,$-1,$0,$-1,$-152,$-152,$-43,$-42,$-239,$-253,$0,$-43
26,2012-03-31,20.66,$7.18,2.88,$13.64,1.51,$3.78,5.47,$1.13,18.28,$1.62B,$0.50B,3.27,$1.10B,$0.86B,1.27,$1.88B,$1.88B,100.00%,$1.88B,$0.20B,10.66%,$1.88B,$0.20B,10.66%,$1.88B,$0.53B,28.29%,$1.88B,$0.20B,10.66%,$1.88B,$0.15B,7.78%,$0.15B,$0.86B,16.67%,$0.15B,$0.47B,29.87%,$0.15B,$2.91B,4.78%,$0.20B,$1.96B,9.94%,$486,$0,$486,$20,$416,$448,$38,$0,$38,$9,$29,$29,$26,$140,$38,$119,137,$0.21,$0.20,$1098,$0,$0,$1620,$190,$378,$396,$323,$1288,$2908,$496,$1097,$454,$1551,$2047,$1,$262,$-72,$861,$2908,$29,$102,$0,$102,$-11,$0,$0,$-202,$-213,$-82,$-25,$0,$0,$0,$0,$0,$0,$-25,$-1,$0,$-1,$-71,$-71,$-19,$-48,$-139,$-238,$0,$-19
27,2011-12-31,18.78,$7.25,2.59,$13.25,1.42,$4.05,4.64,$1.33,14.12,$1.87B,$0.68B,2.76,$1.10B,$0.87B,1.27,$1.83B,$1.83B,100.00%,$1.83B,$0.24B,12.85%,$1.83B,$0.24B,12.85%,$1.83B,$0.57B,31.27%,$1.83B,$0.24B,12.85%,$1.83B,$0.18B,9.57%,$0.18B,$0.87B,20.10%,$0.18B,$0.47B,35.57%,$0.18B,$3.08B,5.62%,$0.24B,$1.96B,11.49%,$452,$0,$452,$23,$425,$467,$-15,$0,$-15,$-7,$-8,$-8,$-5,$71,$-15,$118,138,$-0.05,$-0.04,$1365,$0,$0,$1870,$168,$379,$393,$272,$1212,$3082,$678,$1097,$440,$1537,$2215,$1,$259,$-88,$867,$3082,$191,$337,$-11,$326,$61,$0,$0,$-180,$-119,$398,$-45,$0,$0,$0,$0,$0,$0,$-45,$-2,$-132,$-134,$-206,$-206,$-71,$-142,$-552,$-206,$0,$-71
28,2011-09-30,15.09,$7.73,1.95,$14.26,1.06,$2.61,5.78,$2.09,7.22,$1.92B,$0.60B,3.22,$1.10B,$0.92B,1.2,$1.97B,$1.97B,100.00%,$1.97B,$0.38B,19.37%,$1.97B,$0.38B,19.37%,$1.97B,$0.70B,35.50%,$1.97B,$0.38B,19.37%,$1.97B,$0.28B,14.20%,$0.28B,$0.92B,32.83%,$0.28B,$0.52B,58.06%,$0.28B,$3.14B,8.75%,$0.38B,$2.02B,18.50%,$462,$0,$462,$20,$343,$375,$88,$0,$88,$21,$67,$67,$63,$159,$88,$118,137,$0.53,$0.49,$1324,$0,$0,$1919,$151,$347,$394,$325,$1217,$3136,$597,$1098,$523,$1621,$2218,$1,$286,$-58,$918,$3136,$199,$251,$-18,$233,$-29,$0,$0,$-121,$-150,$282,$-17,$0,$0,$0,$0,$0,$0,$-17,$-133,$0,$-133,$-159,$-159,$-51,$-140,$-485,$-220,$0,$-51
29,2011-06-30,26.4,$7.39,3.57,$14.16,1.86,$0.94,27.98,$2.06,12.81,$1.87B,$0.46B,4.05,$1.25B,$0.86B,1.46,$1.96B,$1.96B,100.00%,$1.96B,$0.37B,19.00%,$1.96B,$0.37B,19.00%,$1.96B,$0.68B,34.54%,$1.96B,$0.37B,19.00%,$1.96B,$0.28B,14.31%,$0.28B,$0.86B,35.91%,$0.28B,$0.49B,65.27%,$0.28B,$3.08B,8.79%,$0.37B,$2.11B,18.35%,$477,$0,$477,$21,$357,$388,$89,$0,$89,$18,$72,$72,$62,$161,$89,$119,139,$0.52,$0.48,$1333,$0,$0,$1865,$153,$435,$365,$262,$1216,$3081,$461,$1250,$513,$1763,$2223,$1,$245,$-18,$858,$3081,$132,$180,$0,$180,$52,$0,$0,$-349,$-296,$15,$-5,$0,$0,$0,$0,$0,$0,$-5,$-1,$0,$-1,$-126,$-126,$-33,$-94,$-254,$-226,$0,$-33
30,2011-03-31,29.47,$7.19,4.1,$13.73,2.15,$0.19,158.86,$1.90,15.51,$1.95B,$0.47B,4.18,$1.25B,$0.84B,1.49,$1.91B,$1.91B,100.00%,$1.91B,$0.35B,18.43%,$1.91B,$0.35B,18.43%,$1.91B,$0.65B,33.86%,$1.91B,$0.35B,18.43%,$1.91B,$0.26B,13.86%,$0.26B,$0.84B,36.96%,$0.26B,$0.48B,70.03%,$0.26B,$3.16B,8.44%,$0.35B,$2.09B,17.88%,$438,$0,$438,$20,$334,$365,$73,$0,$73,$13,$60,$60,$55,$181,$73,$115,139,$0.48,$0.43,$1423,$0,$0,$1954,$154,$407,$363,$282,$1206,$3159,$468,$1250,$601,$1851,$2319,$1,$205,$-27,$840,$3159,$60,$108,$0,$108,$47,$0,$0,$-284,$-237,$-70,$-2,$0,$0,$0,$0,$0,$0,$-2,$-1,$0,$-1,$-33,$-33,$-14,$-84,$-132,$-194,$0,$-14
31,2010-12-31,27.91,$7.05,3.96,$15.46,1.81,$-1.90,0.0,$1.13,24.7,$2.23B,$0.86B,2.58,$1.25B,$0.80B,1.57,$1.91B,$1.91B,100.00%,$1.91B,$0.24B,12.81%,$1.91B,$0.24B,12.81%,$1.91B,$0.59B,30.97%,$1.91B,$0.24B,12.81%,$1.91B,$0.18B,9.19%,$0.18B,$0.80B,27.07%,$0.18B,$0.44B,54.56%,$0.18B,$3.42B,5.72%,$0.24B,$2.05B,12.86%,$595,$0,$595,$20,$424,$463,$132,$0,$132,$20,$111,$111,$100,$199,$132,$104,138,$1.05,$0.84,$1659,$0,$0,$2228,$151,$417,$361,$265,$1195,$3423,$863,$1250,$513,$1763,$2626,$1,$166,$-46,$796,$3423,$194,$347,$17,$364,$-53,$0,$0,$-337,$-390,$169,$-13,$0,$0,$0,$425,$425,$0,$412,$-2,$-10,$-13,$-150,$-150,$-51,$-65,$-278,$292,$0,$-51
32,2010-09-30,24.71,$5.74,4.3,$17.48,1.41,$-0.04,0.0,$-0.79,0.0,$1.66B,$0.73B,2.27,$1.25B,$0.64B,1.96,$1.81B,$1.81B,100.00%,$1.81B,$-0.11B,-6.09%,$1.81B,$-0.11B,-6.09%,$1.81B,$0.33B,18.01%,$1.81B,$-0.11B,-6.09%,$1.81B,$-0.07B,-3.82%,$-0.07B,$0.64B,-11.93%,$-0.07B,$0.32B,-26.21%,$-0.07B,$3.12B,-2.31%,$-0.11B,$1.89B,-6.00%,$453,$0,$453,$19,$345,$374,$79,$0,$79,$9,$70,$70,$64,$137,$79,$111,138,$0.58,$0.51,$872,$0,$0,$1659,$154,$712,$319,$279,$1464,$3124,$730,$1249,$509,$1758,$2488,$1,$83,$-71,$636,$3124,$83,$279,$0,$280,$-88,$0,$0,$-228,$-316,$47,$-10,$0,$0,$0,$123,$123,$0,$113,$-2,$-10,$-12,$-111,$-111,$-37,$-66,$-226,$-70,$0,$-37
33,2010-06-30,18.74,$5.37,3.49,$17.33,1.08,$0.61,30.89,$-0.97,0.0,$1.44B,$0.52B,2.79,$1.25B,$0.59B,2.13,$1.76B,$1.76B,100.00%,$1.76B,$-0.12B,-6.58%,$1.76B,$-0.12B,-6.58%,$1.76B,$0.34B,18.99%,$1.76B,$-0.12B,-6.58%,$1.76B,$-0.10B,-5.44%,$-0.10B,$0.59B,-16.68%,$-0.10B,$0.28B,-36.61%,$-0.10B,$2.81B,-3.27%,$-0.12B,$1.83B,-6.33%,$419,$0,$419,$17,$324,$352,$67,$0,$67,$14,$54,$54,$45,$128,$67,$104,140,$0.43,$0.39,$818,$0,$0,$1441,$144,$677,$307,$240,$1367,$2809,$517,$1247,$460,$1707,$2224,$1,$35,$-118,$585,$2809,$13,$221,$0,$222,$46,$0,$0,$-372,$-326,$-91,$-5,$0,$0,$0,$104,$104,$0,$99,$-1,$-10,$-11,$-23,$-23,$-23,$-47,$-104,$-120,$0,$-23
34,2010-03-31,24.97,$5.84,4.27,$17.27,1.45,$1.68,14.82,$-0.95,0.0,$1.45B,$0.52B,2.79,$1.26B,$0.57B,2.21,$1.72B,$1.72B,100.00%,$1.72B,$-0.13B,-7.32%,$1.72B,$-0.13B,-7.32%,$1.72B,$0.34B,19.58%,$1.72B,$-0.13B,-7.32%,$1.72B,$-0.11B,-6.57%,$-0.11B,$0.57B,-21.60%,$-0.11B,$0.25B,-47.23%,$-0.11B,$2.89B,-3.90%,$-0.13B,$1.83B,-7.06%,$438,$0,$438,$18,$357,$473,$-34,$0,$-34,$6,$-41,$-41,$-34,$126,$-34,$90,90,$-0.38,$-0.38,$723,$0,$0,$1450,$155,$723,$316,$241,$1435,$2886,$521,$1259,$537,$1796,$2317,$1,$6,$-75,$569,$2886,$-41,$161,$0,$161,$-43,$0,$0,$-308,$-351,$-231,$-2,$0,$0,$0,$79,$79,$0,$77,$-1,$0,$-1,$-1,$-1,$-11,$-35,$-48,$-213,$0,$-11
35,2009-12-31,26.46,$6.06,4.37,$15.93,1.66,$3.97,6.67,$-1.35,0.0,$1.61B,$0.86B,1.88,$1.26B,$0.52B,2.41,$1.53B,$1.53B,100.00%,$1.53B,$-0.18B,-11.95%,$1.53B,$-0.18B,-11.95%,$1.53B,$0.22B,14.24%,$1.53B,$-0.18B,-11.95%,$1.53B,$-0.13B,-8.62%,$-0.13B,$0.52B,-29.83%,$-0.13B,$0.21B,-68.39%,$-0.13B,$3.15B,-4.76%,$-0.18B,$1.79B,-10.74%,$495,$0,$495,$20,$685,$716,$-222,$0,$-222,$-23,$-198,$-198,$-144,$-66,$-222,$78,78,$-1.76,$-1.66,$1081,$0,$0,$1607,$167,$808,$318,$248,$1541,$3148,$855,$1261,$509,$1770,$2625,$1,$53,$-57,$523,$3148,$-188,$400,$-22,$378,$-26,$0,$0,$81,$55,$245,$-11,$0,$0,$0,$-85,$-85,$0,$-97,$-3,$-1,$-4,$-50,$-50,$-33,$-78,$-166,$8,$0,$-33
36,2009-09-30,28.7,$7.63,3.76,$15.78,1.82,$9.01,3.19,$0.35,81.99,$1.34B,$0.50B,2.69,$1.26B,$0.63B,2.02,$1.41B,$1.41B,100.00%,$1.41B,$0.09B,6.59%,$1.41B,$0.09B,6.59%,$1.41B,$0.40B,28.61%,$1.41B,$0.09B,6.59%,$1.41B,$0.05B,3.54%,$0.05B,$0.63B,12.83%,$0.05B,$0.31B,28.41%,$0.05B,$2.90B,1.85%,$0.09B,$1.89B,5.63%,$412,$0,$412,$18,$311,$339,$73,$0,$73,$20,$53,$53,$37,$147,$73,$81,131,$0.47,$0.41,$815,$0,$0,$1340,$171,$837,$312,$239,$1559,$2900,$498,$1263,$515,$1777,$2275,$1,$205,$-27,$625,$2900,$10,$244,$-0,$244,$196,$0,$0,$-322,$-126,$128,$-8,$0,$-23,$0,$-85,$-85,$0,$-115,$-2,$-1,$-3,$-64,$-64,$-23,$-58,$-148,$-115,$0,$-23
37,2009-06-30,18.64,$4.92,3.79,$18.80,0.99,$10.32,1.81,$-1.10,0.0,$1.43B,$0.54B,2.64,$1.26B,$0.38B,3.36,$1.41B,$1.41B,100.00%,$1.41B,$-0.12B,-8.18%,$1.41B,$-0.12B,-8.18%,$1.41B,$0.20B,13.94%,$1.41B,$-0.12B,-8.18%,$1.41B,$-0.06B,-4.55%,$-0.06B,$0.38B,-20.86%,$-0.06B,$0.19B,-51.41%,$-0.06B,$2.65B,-2.28%,$-0.12B,$1.64B,-7.25%,$376,$0,$376,$16,$295,$319,$57,$0,$57,$14,$43,$43,$28,$130,$57,$75,128,$0.38,$0.34,$904,$0,$0,$1433,$168,$618,$190,$245,$1220,$2653,$543,$1262,$472,$1735,$2277,$1,$179,$-48,$376,$2653,$-43,$171,$-0,$171,$183,$0,$0,$-258,$-74,$53,$-3,$0,$0,$0,$28,$28,$0,$25,$-2,$0,$-2,$-52,$-52,$-13,$-38,$-106,$-14,$0,$-13
38,2009-03-31,20.29,$3.67,5.53,$19.55,1.04,$10.33,1.96,$-0.90,0.0,$1.24B,$0.43B,2.91,$1.26B,$0.25B,5.13,$1.50B,$1.50B,100.00%,$1.50B,$-0.08B,-5.61%,$1.50B,$-0.08B,-5.61%,$1.50B,$0.22B,14.90%,$1.50B,$-0.08B,-5.61%,$1.50B,$-0.06B,-3.87%,$-0.06B,$0.25B,-19.27%,$-0.06B,$0.07B,-50.11%,$-0.06B,$2.40B,-1.90%,$-0.08B,$1.51B,-5.26%,$248,$0,$248,$16,$253,$339,$-91,$0,$-91,$-4,$-87,$-87,$-53,$7,$-91,$70,70,$-0.77,$-0.77,$839,$0,$0,$1238,$162,$559,$178,$260,$1158,$2396,$426,$1262,$462,$1724,$2150,$1,$159,$-98,$246,$2396,$-87,$98,$-0,$97,$287,$0,$0,$-318,$-31,$-20,$-2,$0,$0,$0,$-5,$-5,$0,$-6,$-1,$0,$-1,$-6,$-6,$-7,$-37,$-51,$-83,$0,$-7
39,2008-12-31,20.45,$4.66,4.39,$18.80,1.09,$10.05,2.03,$0.01,2045.37,$1.64B,$0.78B,2.09,$1.27B,$0.31B,4.06,$1.56B,$1.56B,100.00%,$1.56B,$0.03B,1.61%,$1.56B,$0.03B,1.61%,$1.56B,$0.30B,19.14%,$1.56B,$0.03B,1.61%,$1.56B,$0.00B,0.19%,$0.00B,$0.31B,1.21%,$0.00B,$0.14B,5.19%,$0.00B,$2.86B,0.09%,$0.03B,$1.58B,1.50%,$376,$0,$376,$17,$278,$322,$54,$0,$54,$-6,$60,$101,$38,$120,$54,$61,61,$0.46,$0.55,$924,$0,$0,$1637,$171,$620,$175,$260,$1226,$2863,$783,$1265,$504,$1768,$2551,$1,$221,$-79,$312,$2863,$-0,$272,$13,$285,$100,$0,$0,$121,$221,$506,$-18,$0,$0,$0,$-134,$-134,$0,$-152,$-3,$-479,$-482,$160,$160,$-23,$-92,$-437,$-146,$0,$-23
40,2008-09-30,29.31,$4.24,6.91,$22.03,1.33,$2.96,9.92,$0.55,53.29,$1.98B,$1.03B,1.92,$1.33B,$0.29B,4.53,$1.77B,$1.77B,100.00%,$1.77B,$0.10B,5.83%,$1.77B,$0.10B,5.83%,$1.77B,$0.35B,19.88%,$1.77B,$0.10B,5.83%,$1.77B,$0.03B,1.42%,$0.03B,$0.29B,13.30%,$0.03B,$0.11B,-416.67%,$0.03B,$3.33B,0.71%,$0.10B,$1.62B,5.93%,$406,$0,$406,$18,$499,$541,$-135,$0,$-135,$8,$-143,$-143,$-77,$-61,$-135,$66,66,$-1.17,$-1.17,$786,$0,$0,$1980,$180,$736,$186,$243,$1345,$3325,$1033,$1328,$571,$1999,$3031,$1,$192,$-12,$293,$3325,$-60,$207,$64,$271,$-130,$0,$0,$78,$-51,$159,$-12,$0,$-75,$0,$-56,$-56,$0,$-142,$-440,$0,$-440,$226,$226,$-16,$-59,$-289,$-281,$0,$-16
41,2008-06-30,23.35,$5.61,4.16,$20.54,1.14,$-0.39,0.0,$2.45,9.53,$2.09B,$1.23B,1.7,$1.33B,$0.35B,3.77,$1.90B,$1.90B,100.00%,$1.90B,$0.36B,18.77%,$1.90B,$0.36B,18.77%,$1.90B,$0.58B,30.60%,$1.90B,$0.36B,18.77%,$1.90B,$0.14B,7.47%,$0.14B,$0.35B,147.92%,$0.14B,$0.15B,-145.64%,$0.14B,$3.63B,3.96%,$0.36B,$1.68B,20.34%,$467,$0,$467,$17,$350,$380,$88,$0,$88,$18,$70,$34,$34,$157,$88,$56,127,$0.61,$0.54,$776,$0,$0,$2087,$198,$899,$202,$248,$1546,$3632,$1226,$1332,$502,$2054,$3279,$1,$277,$41,$353,$3632,$83,$133,$0,$133,$-158,$0,$0,$1,$-157,$59,$-9,$0,$-75,$0,$-57,$-57,$0,$-141,$-439,$0,$-439,$275,$275,$-10,$-40,$-214,$-297,$0,$-10
42,2008-03-31,26.05,$0.78,33.52,$23.57,1.11,$-5.59,0.0,$2.43,10.72,$1.79B,$0.89B,2.01,$1.77B,$0.04B,48.59,$1.86B,$1.86B,100.00%,$1.86B,$0.36B,19.29%,$1.86B,$0.36B,19.29%,$1.86B,$0.54B,29.26%,$1.86B,$0.36B,19.29%,$1.86B,$0.14B,7.38%,$0.14B,$0.04B,-484.96%,$0.14B,$-0.16B,-78.06%,$0.14B,$3.36B,3.96%,$0.36B,$1.81B,20.58%,$308,$0,$308,$16,$263,$290,$18,$0,$18,$5,$13,$8,$8,$82,$18,$50,110,$0.16,$0.14,$744,$0,$0,$1792,$197,$940,$200,$228,$1565,$3357,$891,$1770,$614,$2430,$3321,$1,$249,$69,$36,$3357,$13,$64,$0,$64,$96,$0,$0,$-236,$-139,$-62,$-3,$0,$-75,$0,$-58,$-58,$0,$-136,$-1,$10,$10,$-117,$-117,$-5,$-15,$-128,$-327,$0,$-5
43,2007-12-31,27.66,$1.41,19.68,$23.90,1.16,$-7.06,0.0,$2.76,10.02,$2.18B,$1.38B,1.57,$1.77B,$0.07B,25.09,$1.92B,$1.92B,100.00%,$1.92B,$0.42B,21.80%,$1.92B,$0.42B,21.80%,$1.92B,$0.57B,29.58%,$1.92B,$0.42B,21.80%,$1.92B,$0.16B,8.09%,$0.16B,$0.07B,-174.16%,$0.16B,$-0.12B,-81.36%,$0.16B,$3.84B,4.74%,$0.42B,$1.84B,26.73%,$585,$0,$585,$17,$401,$453,$132,$0,$132,$15,$117,$242,$60,$173,$132,$51,62,$1.17,$1.07,$1080,$0,$0,$2178,$186,$1089,$188,$201,$1663,$3840,$1383,$1765,$569,$2387,$3770,$1,$249,$52,$70,$3840,$338,$149,$-16,$133,$230,$0,$0,$-628,$-399,$72,$-15,$0,$0,$0,$-208,$-208,$0,$-223,$542,$-96,$446,$-68,$-68,$-18,$-116,$243,$86,$0,$-18
44,2007-09-30,28.77,$-1.49,-19.28,$25.21,1.14,$-2.77,0.0,$2.50,11.51,$2.78B,$1.27B,2.19,$1.77B,$-0.08B,-23.74,$1.81B,$1.81B,100.00%,$1.81B,$0.40B,22.22%,$1.81B,$0.40B,22.22%,$1.81B,$0.52B,28.86%,$1.81B,$0.40B,22.22%,$1.81B,$0.13B,7.31%,$0.13B,$-0.08B,-79.28%,$0.13B,$-0.26B,-58.60%,$0.13B,$3.51B,4.24%,$0.40B,$1.70B,29.23%,$542,$0,$542,$15,$381,$423,$119,$0,$119,$28,$90,$40,$40,$170,$119,$51,116,$0.79,$0.73,$1754,$0,$0,$2775,$180,$189,$184,$186,$739,$3514,$1265,$1769,$505,$2324,$3589,$1,$195,$52,$-75,$3514,$96,$109,$124,$233,$274,$0,$0,$-724,$-449,$-121,$-9,$0,$0,$0,$-135,$-135,$0,$-144,$446,$2,$448,$-90,$-90,$-14,$-87,$258,$-10,$0,$-14
45,2007-06-30,30.49,$-2.80,-10.9,$27.70,1.1,$1.77,17.21,$1.90,16.05,$2.60B,$1.01B,2.58,$1.77B,$-0.14B,-12.27,$1.56B,$1.56B,100.00%,$1.56B,$0.33B,21.20%,$1.56B,$0.33B,21.20%,$1.56B,$0.41B,26.33%,$1.56B,$0.33B,21.20%,$1.56B,$0.11B,6.73%,$0.11B,$-0.14B,-32.21%,$0.11B,$-0.16B,-30.61%,$0.11B,$3.11B,3.83%,$0.33B,$1.62B,30.17%,$421,$0,$421,$14,$308,$332,$89,$0,$89,$20,$69,$29,$29,$118,$89,$51,63,$0.57,$0.52,$1709,$0,$0,$2603,$170,$154,$17,$165,$506,$3110,$1009,$1766,$430,$2245,$3254,$1,$159,$39,$-144,$3110,$56,$57,$74,$132,$359,$0,$0,$-843,$-484,$-296,$-5,$0,$0,$0,$0,$0,$0,$-5,$447,$-0,$447,$-4,$-4,$-9,$-70,$364,$60,$0,$-9
46,2007-03-31,33.92,$-4.02,-8.43,$29.78,1.14,$7.41,4.58,$1.97,17.22,$2.16B,$1.00B,2.17,$1.31B,$-0.21B,-6.33,$1.53B,$1.53B,100.00%,$1.53B,$0.33B,21.41%,$1.53B,$0.33B,21.41%,$1.53B,$0.39B,25.41%,$1.53B,$0.33B,21.41%,$1.53B,$0.10B,6.55%,$0.10B,$-0.21B,-21.00%,$0.10B,$-0.22B,-20.27%,$0.10B,$2.62B,4.01%,$0.33B,$1.10B,39.22%,$369,$0,$369,$13,$269,$291,$78,$0,$78,$17,$61,$26,$26,$106,$78,$51,118,$0.51,$0.47,$1323,$0,$0,$2163,$169,$127,$17,$139,$452,$2615,$997,$1309,$460,$1825,$2822,$1,$135,$33,$-207,$2615,$26,$28,$35,$63,$400,$0,$0,$-729,$-329,$-240,$-3,$0,$0,$0,$0,$0,$0,$-3,$-0,$-4,$-4,$0,$0,$-5,$-34,$-43,$-287,$0,$-5
47,2006-12-31,31.95,$-4.67,-6.84,$34.85,0.92,$8.20,3.9,$1.69,18.9,$2.22B,$1.64B,1.35,$1.31B,$-0.24B,-5.45,$1.49B,$1.49B,100.00%,$1.49B,$0.33B,21.89%,$1.49B,$0.33B,21.89%,$1.49B,$0.37B,24.63%,$1.49B,$0.33B,21.89%,$1.49B,$0.09B,6.29%,$0.09B,$-0.24B,-14.92%,$0.09B,$-0.26B,-14.53%,$0.09B,$3.21B,4.12%,$0.33B,$1.07B,49.36%,$473,$0,$473,$25,$329,$358,$115,$0,$115,$24,$91,$37,$37,$127,$115,$38,44,$0.92,$0.87,$986,$0,$0,$2220,$168,$678,$17,$125,$988,$3209,$1643,$1309,$442,$1806,$3449,$1,$128,$32,$-240,$3209,$93,$41,$147,$188,$-388,$0,$0,$345,$-43,$238,$-8,$0,$0,$0,$0,$0,$0,$-8,$-1,$-31,$-32,$345,$345,$-13,$-69,$230,$477,$0,$-13
