,Date,Stock Price,Book Value per Share,Price to Book Ratio,TTM Sales per Share,Price to Sales Ratio,TTM FCF per Share,Price to FCF Ratio,TTM Net EPS,PE Ratio,Current Assets,Current Liabilities,Current Ratio,Long Term Debt,Shareholder's Equity_x,Debt to Equity Ratio,TTM Revenue_x,TTM Gross Profit,Gross Margin,TTM Revenue_y,TTM Operating Income,Operating Margin,TTM Revenue_x,TTM EBIT,EBIT Margin,TTM Revenue_y,TTM EBITDA,EBITDA Margin,TTM Revenue_x,TTM Pre-Tax Income,Pre-Tax Margin,TTM Revenue_y,TTM Net Income_x,Net Margin,TTM Net Income_y,Shareholder's Equity_y,Return on Equity,TTM Net Income_x,Tangible Equity,Return on Tangible Equity,TTM Net Income_y,Total Assets,Return on Assets,TTM Net Income,LT Investments & Debt,Return on Investment,revenue,cost-goods-sold,gross-profit,research-development-expenses,selling-general-administrative-expenses,operating-expenses,operating-income,total-non-operating-income-expense,pre-tax-income,total-provision-income-taxes,income-after-taxes,income-from-continuous-operations,net-income,ebitda,ebit,basic-shares-outstanding,shares-outstanding,eps-basic-net-earnings-per-share,eps-earnings-per-share-diluted,cash-on-hand,inventory,other-current-assets,total-current-assets,net-property-plant-equipment,long-term-investments,goodwill-intangible-assets-total,other-long-term-assets,total-long-term-assets,total-assets,total-current-liabilities,long-term-debt,other-non-current-liabilities,total-long-term-liabilities,total-liabilities,common-stock-net,retained-earnings-accumulated-deficit,comprehensive-income,total-share-holder-equity,total-liabilities-share-holders-equity,net-income-loss,total-depreciation-amortization-cash-flow,other-non-cash-items,total-non-cash-items,change-in-accounts-receivable,change-in-inventories,change-in-accounts-payable,change-in-assets-liabilities,total-change-in-assets-liabilities,cash-flow-from-operating-activities,net-change-in-property-plant-equipment,net-change-in-intangible-assets,net-acquisitions-divestitures,net-change-in-short-term-investments,net-change-in-long-term-investments,net-change-in-investments-total,investing-activities-other,cash-flow-from-investing-activities,net-long-term-debt,net-current-debt,debt-issuance-retirement-net-total,net-common-equity-issued-repurchased,net-total-equity-issued-repurchased,total-common-preferred-stock-dividends-paid,financial-activities-other,cash-flow-from-financial-activities,net-cash-flow,stock-based-compensation,common-stock-dividends-paid
0,2018-09-30,18.05,$12.79,1.41,$4.79,3.77,$3.93,4.6,$1.27,14.21,$4.49B,$4.69B,0.96,$0.29B,$0.61B,0.48,$0.23B,$0.19B,85.09%,$0.23B,$0.08B,35.09%,$0.23B,0,0.00%,$0.23B,0,0.00%,$0.23B,$0.08B,35.09%,$0.23B,$0.06B,26.75%,$0.06B,$0.61B,10.26%,$0.06B,$0.47B,13.39%,$0.06B,$5.63B,1.11%,$0.08B,$0.90B,9.02%,$60,$11,$49,$0,$29,$39,$20,$0,$20,$4,$17,$17,$17,$0,$0,$48,48,$0.35,$0.35,$180,$0,$0,$4488,$50,$801,$138,$149,$1139,$5627,$4690,$290,$40,$330,$5020,$514,$107,$-13,$608,$5627,$48,$8,$5,$13,$-1,$0,$0,$7,$6,$66,$-4,$0,$0,$0,$-19,$-19,$-179,$-202,$-7,$-78,$-85,$0,$0,$-16,$273,$173,$37,$2,$-16
1,2018-06-30,19.73,$12.59,1.57,$4.67,4.22,$3.60,5.49,$1.21,16.31,$4.40B,$4.60B,0.96,$0.30B,$0.60B,0.5,$0.22B,$0.19B,86.94%,$0.22B,$0.08B,36.49%,$0.22B,0,0.00%,$0.22B,0,0.00%,$0.22B,$0.08B,36.49%,$0.22B,$0.06B,26.13%,$0.06B,$0.60B,9.88%,$0.06B,$0.46B,12.95%,$0.06B,$5.53B,1.06%,$0.08B,$0.90B,9.18%,$58,$9,$49,$0,$29,$38,$20,$0,$20,$4,$16,$16,$16,$0,$0,$48,48,$0.33,$0.33,$143,$0,$0,$4400,$50,$798,$138,$147,$1134,$5534,$4598,$301,$37,$339,$4937,$514,$96,$-11,$598,$5534,$31,$5,$4,$9,$-1,$0,$0,$5,$3,$44,$-3,$0,$0,$0,$-12,$-12,$-128,$-142,$4,$73,$77,$0,$0,$-10,$31,$98,$-0,$1,$-10
2,2018-03-31,19.62,$12.40,1.58,$4.58,4.29,$3.43,5.72,$1.16,16.91,$4.34B,$4.57B,0.95,$0.28B,$0.59B,0.48,$0.22B,$0.19B,88.48%,$0.22B,$0.08B,37.33%,$0.22B,0,0.00%,$0.22B,0,0.00%,$0.22B,$0.08B,37.33%,$0.22B,$0.06B,25.35%,$0.06B,$0.59B,9.50%,$0.06B,$0.45B,12.50%,$0.06B,$5.48B,1.02%,$0.08B,$0.87B,8.97%,$55,$8,$48,$0,$28,$36,$19,$0,$19,$4,$15,$15,$15,$0,$0,$48,48,$0.32,$0.32,$133,$0,$0,$4336,$50,$806,$139,$147,$1142,$5478,$4574,$282,$33,$315,$4889,$513,$85,$-10,$589,$5478,$15,$3,$3,$5,$0,$0,$0,$-1,$-1,$20,$-1,$0,$0,$0,$-16,$-16,$-73,$-90,$-15,$2,$-13,$0,$0,$-5,$79,$61,$-10,$1,$-5
3,2017-12-31,18.93,$12.31,1.54,$4.52,4.18,$3.45,5.48,$1.10,17.21,$4.28B,$4.49B,0.95,$0.30B,$0.58B,0.51,$0.22B,$0.19B,88.84%,$0.22B,$0.08B,37.21%,$0.22B,0,0.00%,$0.22B,0,0.00%,$0.22B,$0.08B,37.21%,$0.22B,$0.05B,24.19%,$0.05B,$0.58B,9.10%,$0.05B,$0.44B,12.03%,$0.05B,$5.41B,0.97%,$0.08B,$0.88B,8.94%,$55,$7,$48,$0,$27,$34,$21,$0,$21,$8,$13,$13,$13,$0,$0,$47,48,$0.27,$0.26,$143,$0,$0,$4275,$50,$798,$139,$143,$1131,$5406,$4494,$297,$32,$329,$4823,$513,$73,$-2,$583,$5406,$53,$10,$22,$32,$1,$0,$0,$-19,$-17,$67,$-2,$0,$0,$0,$-35,$-35,$-318,$-355,$-71,$69,$-2,$0,$0,$-19,$276,$255,$-33,$2,$-19
4,2017-09-30,19.96,$12.19,1.64,$4.50,4.44,$3.16,6.32,$1.09,18.32,$4.27B,$4.49B,0.95,$0.30B,$0.58B,0.52,$0.21B,$0.19B,89.00%,$0.21B,$0.08B,36.84%,$0.21B,0,0.00%,$0.21B,0,0.00%,$0.21B,$0.08B,36.84%,$0.21B,$0.05B,24.40%,$0.05B,$0.58B,9.05%,$0.05B,$0.44B,12.03%,$0.05B,$5.40B,0.97%,$0.08B,$0.88B,8.52%,$54,$7,$48,$0,$27,$33,$21,$0,$21,$7,$14,$14,$14,$0,$0,$47,48,$0.29,$0.29,$203,$0,$0,$4274,$50,$795,$139,$142,$1126,$5399,$4491,$301,$30,$331,$4822,$512,$64,$1,$577,$5399,$39,$8,$6,$14,$-0,$0,$0,$-6,$-6,$47,$-0,$0,$0,$0,$-26,$-26,$-255,$-281,$-67,$78,$11,$0,$0,$-14,$264,$261,$27,$2,$-14
5,2017-06-30,18.35,$11.99,1.53,$4.47,4.11,$2.95,6.21,$1.05,17.48,$4.22B,$4.35B,0.97,$0.42B,$0.57B,0.74,$0.20B,$0.18B,89.71%,$0.20B,$0.08B,36.76%,$0.20B,0,0.00%,$0.20B,0,0.00%,$0.20B,$0.07B,35.78%,$0.20B,$0.05B,23.53%,$0.05B,$0.57B,8.83%,$0.05B,$0.43B,11.87%,$0.05B,$5.36B,0.93%,$0.08B,$0.99B,8.26%,$53,$6,$48,$0,$27,$33,$20,$0,$20,$7,$13,$13,$13,$0,$0,$47,48,$0.28,$0.28,$186,$0,$0,$4218,$50,$831,$139,$125,$1145,$5362,$4346,$417,$32,$449,$4795,$512,$55,$1,$568,$5362,$26,$5,$4,$9,$1,$0,$0,$-3,$-2,$33,$-0,$0,$0,$0,$-60,$-60,$-199,$-259,$49,$62,$111,$0,$0,$-9,$134,$236,$10,$2,$-9
6,2017-03-31,18.98,$11.78,1.61,$4.41,4.3,$2.49,7.62,$1.01,18.8,$4.10B,$4.38B,0.94,$0.28B,$0.56B,0.5,$0.20B,$0.18B,89.74%,$0.20B,$0.07B,36.41%,$0.20B,0,0.00%,$0.20B,0,0.00%,$0.20B,$0.07B,34.87%,$0.20B,$0.05B,23.08%,$0.05B,$0.56B,8.73%,$0.05B,$0.42B,11.87%,$0.05B,$5.25B,0.91%,$0.07B,$0.84B,8.28%,$53,$5,$47,$0,$29,$35,$18,$0,$18,$5,$12,$12,$12,$0,$0,$47,48,$0.26,$0.26,$150,$0,$0,$4104,$51,$848,$139,$106,$1144,$5248,$4378,$278,$34,$312,$4690,$512,$46,$-0,$558,$5248,$12,$3,$3,$5,$1,$0,$0,$1,$2,$20,$0,$0,$0,$0,$-78,$-78,$-101,$-179,$-90,$28,$-62,$0,$0,$-5,$200,$134,$-25,$1,$-5
7,2016-12-31,18.79,$11.65,1.61,$4.33,4.34,$2.23,8.41,$0.95,19.78,$4.03B,$4.15B,0.97,$0.37B,$0.55B,0.67,$0.18B,$0.17B,90.76%,$0.18B,$0.07B,36.41%,$0.18B,0,0.00%,$0.18B,0,0.00%,$0.18B,$0.06B,33.70%,$0.18B,$0.04B,22.28%,$0.04B,$0.55B,8.41%,$0.04B,$0.41B,11.58%,$0.04B,$5.09B,0.87%,$0.07B,$0.92B,7.92%,$49,$6,$43,$0,$25,$31,$18,$0,$18,$6,$12,$12,$12,$0,$0,$43,43,$0.27,$0.26,$176,$0,$0,$4029,$52,$769,$139,$103,$1064,$5093,$4149,$366,$28,$394,$4543,$511,$39,$1,$550,$5093,$42,$9,$4,$13,$-1,$0,$0,$-4,$-4,$50,$-4,$0,$69,$0,$-179,$-179,$-328,$-443,$-3,$-95,$-98,$49,$49,$-16,$515,$450,$57,$2,$-16
8,2016-09-30,13.44,$11.22,1.2,$4.20,3.2,$2.13,6.32,$0.91,14.77,$3.97B,$3.97B,1.0,$0.40B,$0.50B,0.8,$0.17B,$0.16B,91.91%,$0.17B,$0.06B,36.42%,$0.17B,0,0.00%,$0.17B,0,0.00%,$0.17B,$0.06B,32.95%,$0.17B,$0.04B,21.39%,$0.04B,$0.50B,8.21%,$0.04B,$0.36B,11.44%,$0.04B,$4.90B,0.84%,$0.06B,$0.90B,7.95%,$49,$4,$45,$0,$26,$31,$19,$-2,$17,$6,$11,$11,$11,$0,$0,$44,45,$0.25,$0.25,$195,$0,$0,$3971,$52,$638,$140,$103,$934,$4904,$3971,$399,$35,$434,$4406,$461,$31,$6,$499,$4904,$30,$7,$4,$11,$-2,$0,$0,$-0,$-3,$38,$-3,$0,$69,$0,$-37,$-37,$-250,$-221,$29,$-122,$-92,$0,$0,$-12,$364,$260,$77,$1,$-12
9,2016-06-30,10.81,$11.03,0.98,$4.11,2.63,$2.09,5.16,$0.86,12.57,$3.59B,$3.66B,0.98,$0.33B,$0.46B,0.72,$0.16B,$0.15B,92.02%,$0.16B,$0.06B,34.36%,$0.16B,0,0.00%,$0.16B,0,0.00%,$0.16B,$0.05B,31.90%,$0.16B,$0.03B,20.86%,$0.03B,$0.46B,8.00%,$0.03B,$0.33B,11.14%,$0.03B,$4.47B,0.82%,$0.06B,$0.78B,7.60%,$44,$4,$40,$0,$24,$28,$16,$-1,$15,$5,$10,$10,$10,$0,$0,$41,41,$0.24,$0.24,$153,$0,$0,$3591,$49,$602,$128,$98,$877,$4468,$3661,$326,$26,$352,$4013,$424,$24,$7,$455,$4468,$18,$4,$37,$41,$-39,$0,$0,$-9,$-48,$11,$-2,$0,$41,$0,$-14,$-14,$-170,$-145,$-34,$-28,$-62,$0,$0,$-7,$237,$168,$34,$1,$-7
10,2016-03-31,9.56,$10.84,0.88,$4.01,2.39,$2.23,4.28,$0.83,11.51,$3.56B,$3.59B,0.99,$0.34B,$0.45B,0.76,$0.16B,$0.14B,92.90%,$0.16B,$0.05B,33.55%,$0.16B,0,0.00%,$0.16B,0,0.00%,$0.16B,$0.05B,31.61%,$0.16B,$0.03B,20.65%,$0.03B,$0.45B,7.82%,$0.03B,$0.32B,10.91%,$0.03B,$4.40B,0.81%,$0.05B,$0.79B,7.27%,$42,$4,$39,$0,$25,$28,$14,$-2,$12,$4,$8,$8,$8,$0,$0,$41,41,$0.20,$0.20,$214,$0,$0,$3561,$50,$573,$128,$92,$843,$4404,$3591,$341,$25,$366,$3957,$424,$18,$5,$447,$4404,$8,$2,$2,$3,$0,$0,$0,$-4,$-4,$7,$-1,$0,$41,$0,$13,$13,$-83,$-30,$-19,$-22,$-41,$0,$0,$-4,$163,$118,$95,$1,$-4
11,2015-12-31,11.01,$10.57,1.04,$3.91,2.81,$2.28,4.83,$0.85,12.95,$3.06B,$3.15B,0.97,$0.30B,$0.40B,0.76,$0.15B,$0.14B,92.62%,$0.15B,$0.05B,33.56%,$0.15B,0,0.00%,$0.15B,0,0.00%,$0.15B,$0.05B,32.89%,$0.15B,$0.03B,21.48%,$0.03B,$0.40B,8.11%,$0.03B,$0.29B,11.33%,$0.03B,$3.87B,0.86%,$0.05B,$0.70B,7.34%,$38,$3,$35,$0,$21,$24,$14,$-1,$13,$4,$8,$8,$8,$0,$0,$38,38,$0.22,$0.22,$118,$0,$0,$3063,$36,$573,$112,$86,$806,$3870,$3147,$303,$19,$322,$3469,$386,$13,$1,$401,$3870,$32,$8,$0,$8,$-1,$0,$0,$1,$0,$41,$-4,$0,$0,$0,$-2,$-2,$-319,$-325,$59,$42,$101,$0,$0,$-13,$205,$293,$9,$2,$-13
12,2015-09-30,10.3,$10.49,0.98,$3.86,2.67,$2.46,4.19,$0.84,12.26,$2.95B,$3.05B,0.97,$0.28B,$0.40B,0.69,$0.15B,$0.14B,92.52%,$0.15B,$0.05B,31.97%,$0.15B,0,0.00%,$0.15B,0,0.00%,$0.15B,$0.05B,32.65%,$0.15B,$0.03B,21.77%,$0.03B,$0.40B,8.23%,$0.03B,$0.29B,11.54%,$0.03B,$3.74B,0.88%,$0.05B,$0.67B,7.11%,$39,$3,$36,$0,$24,$27,$12,$-0,$12,$4,$8,$8,$8,$0,$0,$38,38,$0.20,$0.20,$123,$0,$0,$2954,$35,$559,$112,$83,$789,$3743,$3051,$276,$19,$294,$3345,$386,$8,$4,$398,$3743,$24,$6,$1,$7,$-1,$0,$0,$2,$0,$31,$-3,$0,$0,$0,$17,$17,$-205,$-191,$31,$22,$54,$0,$0,$-9,$129,$173,$14,$1,$-9
13,2015-06-30,10.94,$10.31,1.06,$3.78,2.9,$2.57,4.26,$0.86,12.72,$2.87B,$2.99B,0.96,$0.30B,$0.39B,0.78,$0.14B,$0.13B,92.36%,$0.14B,$0.05B,32.64%,$0.14B,0,0.00%,$0.14B,0,0.00%,$0.14B,$0.05B,33.33%,$0.14B,$0.03B,22.22%,$0.03B,$0.39B,8.36%,$0.03B,$0.28B,11.82%,$0.03B,$3.70B,0.89%,$0.05B,$0.70B,7.34%,$36,$3,$34,$0,$22,$25,$12,$0,$12,$4,$8,$8,$8,$0,$0,$38,38,$0.21,$0.21,$138,$0,$0,$2874,$36,$598,$112,$80,$825,$3699,$2989,$304,$15,$319,$3308,$386,$3,$2,$391,$3699,$16,$4,$2,$7,$-3,$0,$0,$-4,$-7,$16,$-2,$0,$0,$0,$-23,$-23,$-106,$-131,$60,$37,$98,$0,$0,$-6,$52,$144,$28,$1,$-6
14,2015-03-31,10.5,$10.24,1.03,$3.75,2.8,$2.72,3.87,$0.85,12.36,$2.80B,$2.96B,0.95,$0.26B,$0.39B,0.68,$0.14B,$0.13B,92.31%,$0.14B,$0.05B,32.87%,$0.14B,0,0.00%,$0.14B,0,0.00%,$0.14B,$0.05B,33.57%,$0.14B,$0.03B,22.38%,$0.03B,$0.39B,8.49%,$0.03B,$0.28B,12.08%,$0.03B,$3.63B,0.90%,$0.05B,$0.65B,7.67%,$36,$2,$33,$0,$21,$23,$12,$0,$12,$4,$8,$8,$8,$0,$0,$38,38,$0.22,$0.22,$133,$0,$0,$2803,$36,$600,$112,$77,$825,$3628,$2960,$264,$16,$280,$3240,$385,$-1,$4,$388,$3628,$8,$2,$1,$3,$-1,$0,$0,$-2,$-3,$9,$-1,$0,$0,$0,$-21,$-21,$-40,$-62,$20,$8,$29,$0,$0,$-3,$52,$77,$24,$1,$-3
15,2014-12-31,10.62,$10.01,1.06,$3.70,2.87,$2.79,3.81,$0.82,12.94,$2.74B,$2.90B,0.95,$0.24B,$0.38B,0.64,$0.14B,$0.13B,92.91%,$0.14B,$0.05B,32.62%,$0.14B,0,0.00%,$0.14B,0,0.00%,$0.14B,$0.05B,33.33%,$0.14B,$0.03B,21.99%,$0.03B,$0.38B,8.38%,$0.03B,$0.27B,12.03%,$0.03B,$3.54B,0.89%,$0.05B,$0.62B,7.93%,$36,$2,$33,$0,$22,$24,$11,$0,$12,$4,$8,$8,$8,$0,$0,$38,38,$0.21,$0.21,$109,$0,$0,$2742,$36,$575,$112,$73,$796,$3538,$2900,$244,$15,$259,$3159,$385,$-7,$2,$379,$3538,$31,$7,$7,$14,$1,$0,$0,$-0,$0,$46,$-2,$0,$0,$0,$-28,$-28,$-190,$-221,$83,$27,$110,$0,$0,$-11,$82,$182,$7,$1,$-11
16,2014-09-30,8.79,$9.83,0.89,$3.78,2.33,$3.03,2.9,$0.80,10.98,$2.72B,$2.89B,0.94,$0.22B,$0.37B,0.59,$0.14B,$0.13B,92.91%,$0.14B,$0.05B,32.62%,$0.14B,0,0.00%,$0.14B,0,0.00%,$0.14B,$0.05B,32.62%,$0.14B,$0.03B,21.28%,$0.03B,$0.37B,8.26%,$0.03B,$0.26B,11.98%,$0.03B,$3.50B,0.88%,$0.05B,$0.59B,8.33%,$36,$2,$33,$0,$21,$23,$12,$0,$12,$4,$8,$8,$8,$0,$0,$38,38,$0.22,$0.22,$127,$0,$0,$2719,$36,$558,$112,$74,$780,$3499,$2890,$221,$16,$237,$3126,$384,$-11,$-0,$373,$3499,$23,$6,$5,$11,$-0,$0,$0,$1,$0,$34,$-2,$0,$0,$0,$-12,$-12,$-147,$-161,$61,$31,$92,$0,$0,$-8,$68,$152,$24,$1,$-8
17,2014-06-30,9.66,$9.70,1.0,$3.76,2.57,$3.21,3.01,$0.75,12.84,$2.73B,$2.88B,0.95,$0.22B,$0.37B,0.59,$0.14B,$0.13B,92.86%,$0.14B,$0.05B,32.14%,$0.14B,0,0.00%,$0.14B,0,0.00%,$0.14B,$0.04B,31.43%,$0.14B,$0.03B,20.71%,$0.03B,$0.37B,8.13%,$0.03B,$0.26B,11.87%,$0.03B,$3.48B,0.86%,$0.05B,$0.58B,8.65%,$35,$2,$33,$0,$21,$23,$12,$0,$12,$4,$8,$8,$8,$0,$0,$38,38,$0.20,$0.20,$139,$0,$0,$2726,$36,$531,$112,$74,$753,$3480,$2883,$215,$13,$228,$3112,$383,$-17,$1,$368,$3480,$15,$4,$4,$8,$1,$0,$0,$-3,$-2,$21,$-1,$0,$0,$0,$17,$17,$-143,$-127,$55,$75,$130,$0,$0,$-5,$18,$142,$36,$1,$-5
18,2014-03-31,9.51,$9.48,1.0,$3.85,2.47,$3.49,2.73,$0.73,12.97,$2.63B,$2.85B,0.92,$0.16B,$0.36B,0.45,$0.14B,$0.13B,92.75%,$0.14B,$0.04B,31.16%,$0.14B,0,0.00%,$0.14B,0,0.00%,$0.14B,$0.04B,29.71%,$0.14B,$0.03B,19.57%,$0.03B,$0.36B,7.71%,$0.03B,$0.25B,11.38%,$0.03B,$3.39B,0.81%,$0.04B,$0.52B,8.79%,$34,$2,$32,$0,$21,$23,$11,$0,$11,$4,$7,$7,$7,$0,$0,$38,38,$0.19,$0.19,$148,$0,$0,$2630,$37,$533,$112,$75,$757,$3387,$2853,$160,$14,$174,$3027,$365,$-4,$-2,$360,$3387,$7,$2,$2,$4,$1,$0,$0,$-1,$0,$11,$-1,$0,$0,$0,$12,$12,$-36,$-25,$0,$34,$34,$0,$0,$-2,$28,$59,$45,$0,$-2
19,2013-12-31,10.38,$9.28,1.12,$3.96,2.62,$3.59,2.9,$0.70,14.73,$2.55B,$2.79B,0.91,$0.16B,$0.35B,0.46,$0.14B,$0.13B,91.91%,$0.14B,$0.04B,29.41%,$0.14B,0,0.00%,$0.14B,0,0.00%,$0.14B,$0.04B,27.94%,$0.14B,$0.03B,18.38%,$0.03B,$0.35B,7.55%,$0.03B,$0.24B,11.12%,$0.03B,$3.32B,0.78%,$0.04B,$0.51B,8.67%,$36,$2,$33,$0,$22,$25,$11,$-0,$11,$4,$7,$7,$7,$0,$0,$35,35,$0.19,$0.19,$103,$0,$0,$2552,$37,$541,$112,$76,$766,$3318,$2791,$160,$15,$175,$2966,$365,$-9,$-5,$351,$3318,$25,$9,$7,$16,$1,$0,$0,$8,$10,$51,$-2,$0,$74,$0,$-51,$-51,$-87,$-66,$25,$-35,$-10,$2,$2,$-8,$27,$11,$-5,$1,$-8
20,2013-09-30,9.38,$9.24,1.02,$4.07,2.31,$3.59,2.62,$0.70,13.31,$2.55B,$2.82B,0.91,$0.12B,$0.35B,0.34,$0.13B,$0.12B,91.73%,$0.13B,$0.04B,28.57%,$0.13B,0,0.00%,$0.13B,0,0.00%,$0.13B,$0.04B,27.07%,$0.13B,$0.02B,18.05%,$0.02B,$0.35B,7.66%,$0.02B,$0.24B,11.24%,$0.02B,$3.30B,0.77%,$0.04B,$0.47B,8.68%,$35,$2,$32,$0,$21,$24,$11,$-1,$10,$3,$7,$7,$7,$0,$0,$37,38,$0.18,$0.18,$145,$0,$0,$2552,$37,$521,$113,$76,$747,$3299,$2819,$118,$15,$133,$2952,$363,$-13,$-2,$348,$3299,$18,$6,$6,$13,$2,$0,$0,$8,$10,$40,$-2,$0,$74,$0,$-26,$-26,$-46,$1,$-18,$-7,$-25,$1,$1,$-6,$26,$-4,$38,$1,$-6
21,2013-06-30,8.64,$9.10,0.95,$4.25,2.03,$3.59,2.41,$0.72,11.94,$2.54B,$2.79B,0.91,$0.12B,$0.34B,0.35,$0.13B,$0.12B,90.77%,$0.13B,$0.04B,26.92%,$0.13B,0,0.00%,$0.13B,0,0.00%,$0.13B,$0.03B,26.15%,$0.13B,$0.02B,16.92%,$0.02B,$0.34B,7.43%,$0.02B,$0.23B,10.88%,$0.02B,$3.26B,0.74%,$0.04B,$0.46B,8.06%,$33,$2,$31,$0,$20,$23,$10,$-1,$9,$3,$6,$6,$6,$0,$0,$33,33,$0.18,$0.18,$109,$0,$0,$2537,$38,$500,$113,$74,$725,$3262,$2789,$118,$14,$132,$2921,$362,$-17,$-3,$341,$3262,$11,$5,$4,$9,$0,$0,$0,$7,$8,$28,$-1,$0,$74,$0,$-6,$-6,$-61,$6,$-18,$-1,$-18,$0,$0,$-4,$-10,$-32,$2,$0,$-4
22,2013-03-31,8.1,$9.05,0.89,$4.41,1.84,$3.49,2.32,$0.73,11.05,$2.25B,$2.48B,0.91,$0.13B,$0.28B,0.45,$0.13B,$0.12B,89.23%,$0.13B,$0.03B,25.38%,$0.13B,0,0.00%,$0.13B,0,0.00%,$0.13B,$0.03B,25.38%,$0.13B,$0.02B,16.15%,$0.02B,$0.28B,7.71%,$0.02B,$0.20B,11.34%,$0.02B,$2.91B,0.73%,$0.03B,$0.41B,7.56%,$32,$3,$29,$0,$21,$23,$8,$-1,$8,$2,$5,$5,$5,$0,$0,$31,31,$0.16,$0.16,$97,$0,$0,$2246,$33,$472,$87,$70,$662,$2908,$2483,$127,$15,$141,$2624,$303,$-21,$3,$284,$2908,$5,$2,$3,$5,$0,$0,$0,$1,$1,$12,$-0,$0,$0,$0,$22,$22,$-27,$-5,$-10,$-23,$-33,$0,$0,$-2,$18,$-17,$-10,$0,$-2
23,2012-12-31,8.31,$9.00,0.92,$4.55,1.83,$3.54,2.35,$0.72,11.49,$2.23B,$2.49B,0.9,$0.14B,$0.28B,0.49,$0.13B,$0.12B,88.46%,$0.13B,$0.03B,24.62%,$0.13B,0,0.00%,$0.13B,0,0.00%,$0.13B,$0.03B,24.62%,$0.13B,$0.02B,15.38%,$0.02B,$0.28B,7.63%,$0.02B,$0.19B,11.44%,$0.02B,$2.92B,0.70%,$0.03B,$0.42B,7.15%,$33,$3,$30,$0,$21,$24,$9,$0,$9,$3,$6,$6,$6,$0,$0,$29,29,$0.19,$0.19,$108,$0,$0,$2233,$33,$496,$87,$69,$686,$2919,$2488,$137,$13,$150,$2638,$304,$-24,$4,$281,$2919,$22,$9,$14,$24,$0,$0,$0,$3,$3,$49,$-8,$0,$0,$0,$45,$45,$-119,$-83,$-95,$45,$-50,$25,$3,$-6,$121,$69,$35,$1,$-6
24,2012-09-30,8.39,$8.90,0.94,$4.59,1.83,$3.82,2.2,$0.71,11.9,$2.15B,$2.40B,0.9,$0.17B,$0.28B,0.62,$0.13B,$0.11B,86.92%,$0.13B,$0.03B,23.08%,$0.13B,0,0.00%,$0.13B,0,0.00%,$0.13B,$0.03B,23.08%,$0.13B,$0.02B,14.62%,$0.02B,$0.28B,7.40%,$0.02B,$0.19B,11.21%,$0.02B,$2.86B,0.67%,$0.03B,$0.45B,6.43%,$32,$4,$28,$0,$20,$24,$8,$0,$8,$2,$5,$5,$5,$0,$0,$29,29,$0.19,$0.19,$103,$0,$0,$2147,$33,$521,$87,$71,$712,$2860,$2396,$172,$14,$186,$2582,$304,$-28,$5,$278,$2860,$16,$7,$11,$18,$0,$0,$0,$3,$3,$38,$-8,$0,$0,$0,$22,$22,$-34,$-20,$-60,$-18,$-78,$25,$3,$-4,$91,$13,$30,$1,$-4
25,2012-06-30,8.48,$8.71,0.97,$4.72,1.8,$4.14,2.05,$0.69,12.34,$2.15B,$2.37B,0.91,$0.22B,$0.25B,0.9,$0.13B,$0.11B,86.36%,$0.13B,$0.03B,21.97%,$0.13B,0,0.00%,$0.13B,0,0.00%,$0.13B,$0.03B,21.97%,$0.13B,$0.02B,14.39%,$0.02B,$0.25B,7.57%,$0.02B,$0.16B,11.59%,$0.02B,$2.85B,0.67%,$0.03B,$0.47B,6.25%,$33,$4,$29,$0,$20,$25,$8,$0,$8,$3,$5,$5,$5,$0,$0,$28,28,$0.19,$0.19,$77,$0,$0,$2145,$32,$516,$87,$73,$708,$2853,$2370,$222,$14,$236,$2606,$279,$-32,$4,$247,$2853,$10,$5,$8,$13,$0,$0,$0,$2,$2,$25,$-6,$0,$0,$0,$26,$26,$-55,$-35,$-10,$21,$11,$0,$-22,$-3,$28,$14,$4,$0,$-3
26,2012-03-31,7.89,$8.55,0.92,$4.77,1.65,$4.30,1.83,$0.66,12.01,$2.14B,$2.39B,0.9,$0.21B,$0.24B,0.88,$0.13B,$0.11B,85.71%,$0.13B,$0.03B,21.05%,$0.13B,0,0.00%,$0.13B,0,0.00%,$0.13B,$0.03B,21.05%,$0.13B,$0.02B,14.29%,$0.02B,$0.24B,7.54%,$0.02B,$0.16B,11.53%,$0.02B,$2.85B,0.68%,$0.03B,$0.45B,6.07%,$32,$4,$28,$0,$21,$25,$7,$0,$7,$2,$5,$5,$4,$0,$0,$28,28,$0.15,$0.15,$87,$0,$0,$2140,$29,$523,$87,$73,$712,$2852,$2385,$212,$13,$226,$2610,$279,$-36,$3,$242,$2852,$5,$3,$5,$7,$0,$0,$0,$1,$1,$14,$-2,$0,$0,$0,$20,$20,$-37,$-19,$-20,$24,$4,$0,$-22,$-2,$38,$20,$14,$0,$-2
27,2011-12-31,6.54,$9.22,0.71,$4.84,1.35,$4.44,1.47,$0.63,10.3,$2.09B,$2.32B,0.9,$0.23B,$0.24B,0.96,$0.14B,$0.12B,85.19%,$0.14B,$0.03B,20.74%,$0.14B,0,0.00%,$0.14B,0,0.00%,$0.14B,$0.03B,20.74%,$0.14B,$0.02B,13.33%,$0.02B,$0.26B,7.12%,$0.02B,$0.17B,10.88%,$0.02B,$2.83B,0.65%,$0.03B,$0.49B,6.07%,$33,$5,$28,$0,$21,$25,$7,$0,$7,$2,$5,$5,$5,$0,$0,$28,28,$0.17,$0.17,$73,$0,$0,$2094,$28,$544,$87,$73,$732,$2826,$2322,$232,$12,$244,$2566,$270,$-26,$3,$260,$2826,$20,$10,$18,$28,$0,$0,$0,$3,$3,$50,$-3,$0,$0,$0,$14,$14,$-45,$-34,$-40,$20,$-20,$0,$-20,$-6,$54,$8,$23,$1,$-5
28,2011-09-30,5.9,$9.06,0.65,$4.95,1.19,$4.74,1.24,$0.61,9.63,$2.04B,$2.29B,0.89,$0.19B,$0.24B,0.79,$0.14B,$0.12B,85.40%,$0.14B,$0.03B,21.17%,$0.14B,0,0.00%,$0.14B,0,0.00%,$0.14B,$0.03B,21.17%,$0.14B,$0.02B,12.41%,$0.02B,$0.26B,6.72%,$0.02B,$0.17B,10.26%,$0.02B,$2.74B,0.62%,$0.03B,$0.44B,6.15%,$34,$5,$29,$0,$22,$27,$7,$0,$7,$2,$5,$5,$5,$0,$0,$28,28,$0.17,$0.17,$65,$0,$0,$2038,$27,$515,$87,$74,$704,$2742,$2286,$187,$14,$201,$2487,$270,$-29,$2,$255,$2742,$15,$7,$13,$20,$0,$0,$0,$5,$5,$40,$-2,$0,$0,$0,$42,$42,$8,$48,$-85,$1,$-84,$0,$-20,$-5,$37,$-72,$16,$0,$-5
29,2011-06-30,7.48,$8.91,0.84,$5.07,1.47,$4.83,1.55,$0.56,13.35,$2.04B,$2.27B,0.9,$0.21B,$0.23B,0.89,$0.14B,$0.12B,85.00%,$0.14B,$0.03B,20.71%,$0.14B,0,0.00%,$0.14B,0,0.00%,$0.14B,$0.03B,20.71%,$0.14B,$0.02B,10.71%,$0.02B,$0.25B,5.89%,$0.02B,$0.16B,8.98%,$0.02B,$2.74B,0.54%,$0.03B,$0.46B,6.11%,$34,$5,$29,$0,$22,$27,$7,$0,$7,$2,$5,$5,$5,$0,$0,$28,28,$0.16,$0.16,$72,$0,$0,$2036,$27,$515,$87,$75,$705,$2741,$2273,$207,$11,$218,$2491,$270,$-33,$1,$251,$2741,$10,$5,$10,$15,$0,$0,$0,$1,$1,$26,$-1,$0,$0,$0,$41,$41,$20,$60,$-65,$38,$-27,$0,$-20,$-3,$-13,$-63,$22,$0,$-3
30,2011-03-31,7.73,$8.73,0.89,$5.15,1.5,$5.15,1.5,$0.54,14.32,$2.02B,$2.29B,0.88,$0.21B,$0.23B,0.91,$0.14B,$0.12B,83.80%,$0.14B,$0.03B,20.42%,$0.14B,0,0.00%,$0.14B,0,0.00%,$0.14B,$0.03B,20.42%,$0.14B,$0.01B,9.86%,$0.01B,$0.25B,5.36%,$0.01B,$0.16B,8.06%,$0.01B,$2.75B,0.51%,$0.03B,$0.45B,5.98%,$34,$5,$29,$0,$22,$27,$7,$0,$7,$2,$5,$5,$3,$0,$0,$28,28,$0.12,$0.12,$62,$0,$0,$2020,$28,$540,$87,$77,$732,$2752,$2285,$207,$14,$222,$2507,$270,$-36,$-1,$245,$2752,$5,$3,$5,$7,$0,$0,$0,$5,$5,$16,$-1,$0,$0,$0,$14,$14,$33,$46,$-65,$-6,$-71,$0,$-20,$-2,$43,$-50,$13,$0,$-2
31,2010-12-31,7.78,$9.34,0.83,$5.23,1.49,$5.11,1.52,$0.54,14.41,$2.05B,$2.25B,0.91,$0.27B,$0.22B,1.22,$0.14B,$0.12B,82.64%,$0.14B,$0.03B,20.14%,$0.14B,0,0.00%,$0.14B,0,0.00%,$0.14B,$0.03B,20.14%,$0.14B,$0.02B,10.42%,$0.02B,$0.26B,5.59%,$0.02B,$0.17B,8.32%,$0.02B,$2.79B,0.54%,$0.03B,$0.53B,5.85%,$35,$6,$30,$0,$22,$28,$8,$0,$8,$3,$5,$5,$4,$0,$0,$28,28,$0.15,$0.15,$49,$0,$0,$2047,$28,$554,$87,$79,$747,$2793,$2248,$272,$12,$284,$2532,$272,$-38,$-2,$261,$2793,$19,$9,$17,$26,$0,$0,$0,$11,$11,$56,$-1,$0,$0,$0,$-100,$-100,$-14,$-115,$49,$-12,$38,$1,$-19,$-7,$39,$50,$-9,$1,$-4
32,2010-09-30,5.94,$9.36,0.63,$5.43,1.09,$3.85,1.54,$0.43,13.82,$2.07B,$2.30B,0.9,$0.19B,$0.22B,0.87,$0.15B,$0.12B,81.21%,$0.15B,$0.03B,17.45%,$0.15B,0,0.00%,$0.15B,0,0.00%,$0.15B,$0.03B,17.45%,$0.15B,$0.01B,8.05%,$0.01B,$0.26B,4.44%,$0.01B,$0.17B,6.61%,$0.01B,$2.77B,0.44%,$0.03B,$0.45B,5.36%,$37,$6,$31,$0,$24,$30,$7,$0,$7,$2,$5,$5,$3,$0,$0,$28,28,$0.12,$0.12,$97,$0,$0,$2067,$28,$509,$88,$80,$704,$2769,$2303,$193,$12,$206,$2509,$258,$-28,$2,$261,$2769,$14,$6,$12,$18,$0,$0,$0,$9,$9,$41,$-1,$0,$0,$0,$-48,$-48,$18,$-31,$-30,$5,$-25,$1,$-19,$-5,$78,$28,$38,$0,$-5
33,2010-06-30,5.97,$9.99,0.6,$5.41,1.1,$5.50,1.09,$0.35,17.06,$2.03B,$2.22B,0.91,$0.22B,$0.22B,1.01,$0.15B,$0.12B,78.52%,$0.15B,$0.02B,16.11%,$0.15B,0,0.00%,$0.15B,0,0.00%,$0.15B,$0.02B,16.11%,$0.15B,$0.01B,6.71%,$0.01B,$0.28B,3.68%,$0.01B,$0.19B,5.46%,$0.01B,$2.74B,0.36%,$0.02B,$0.50B,4.72%,$36,$7,$29,$0,$22,$29,$7,$0,$7,$3,$5,$5,$4,$0,$0,$28,28,$0.14,$0.14,$53,$0,$0,$2033,$28,$512,$88,$81,$709,$2739,$2224,$223,$13,$236,$2461,$259,$-30,$3,$278,$2739,$9,$4,$9,$13,$0,$0,$0,$8,$8,$31,$2,$0,$0,$0,$-51,$-51,$13,$-37,$0,$-9,$-9,$0,$0,$-3,$13,$0,$-6,$0,$-3
34,2010-03-31,6.17,$9.82,0.63,$5.44,1.13,$6.33,0.97,$-0.29,0.0,$2.10B,$2.26B,0.93,$0.22B,$0.22B,1.03,$0.15B,$0.11B,76.00%,$0.15B,$-0.01B,-7.33%,$0.15B,0,0.00%,$0.15B,0,0.00%,$0.15B,$-0.01B,-7.33%,$0.15B,$-0.01B,-5.33%,$-0.01B,$0.27B,-2.97%,$-0.01B,$0.18B,-4.45%,$-0.01B,$2.77B,-0.29%,$-0.01B,$0.50B,-2.11%,$36,$7,$29,$0,$21,$29,$7,$0,$7,$2,$5,$5,$4,$0,$0,$28,28,$0.14,$0.14,$101,$0,$0,$2095,$29,$473,$88,$86,$677,$2768,$2260,$223,$12,$235,$2495,$259,$-32,$1,$273,$2768,$5,$2,$5,$7,$0,$0,$0,$2,$2,$14,$1,$0,$0,$0,$-15,$-15,$5,$-9,$0,$-6,$-6,$0,$0,$-2,$46,$38,$42,$0,$-2
35,2009-12-31,4.43,$9.70,0.46,$5.57,0.8,$6.52,0.68,$-0.33,0.0,$2.07B,$2.22B,0.93,$0.22B,$0.21B,1.05,$0.15B,$0.11B,73.86%,$0.15B,$-0.01B,-8.50%,$0.15B,0,0.00%,$0.15B,0,0.00%,$0.15B,$-0.01B,-8.50%,$0.15B,$-0.01B,-5.88%,$-0.01B,$0.27B,-3.33%,$-0.01B,$0.18B,-4.97%,$-0.01B,$2.72B,-0.33%,$-0.01B,$0.49B,-2.41%,$40,$9,$32,$0,$26,$35,$5,$0,$5,$3,$2,$2,$1,$0,$0,$27,27,$0.05,$0.05,$59,$0,$0,$2066,$29,$457,$89,$90,$665,$2724,$2221,$223,$12,$235,$2456,$260,$-35,$-1,$268,$2724,$-5,$9,$49,$57,$0,$0,$0,$-29,$-29,$23,$-3,$0,$0,$0,$-63,$-63,$-36,$-102,$-65,$1,$-64,$-0,$59,$-8,$101,$88,$9,$0,$-6
36,2009-09-30,5.16,$9.75,0.53,$5.56,0.93,$6.84,0.75,$-0.33,0.0,$2.01B,$2.21B,0.91,$0.28B,$0.21B,1.31,$0.15B,$0.11B,70.59%,$0.15B,$-0.02B,-11.11%,$0.15B,0,0.00%,$0.15B,0,0.00%,$0.15B,$-0.02B,-11.76%,$0.15B,$-0.01B,-5.88%,$-0.01B,$0.27B,-3.48%,$-0.01B,$0.18B,-5.32%,$-0.01B,$2.77B,-0.33%,$-0.02B,$0.55B,-3.12%,$37,$10,$27,$0,$22,$32,$5,$0,$5,$3,$2,$2,$1,$0,$0,$27,27,$0.04,$0.04,$45,$0,$0,$2007,$30,$576,$89,$76,$771,$2769,$2206,$278,$16,$294,$2500,$260,$-35,$1,$269,$2769,$-8,$6,$47,$53,$0,$0,$0,$-17,$-17,$29,$56,$0,$0,$0,$-180,$-180,$-40,$-163,$-10,$-0,$-10,$0,$59,$-6,$88,$130,$-5,$0,$-6
37,2009-06-30,6.15,$9.64,0.64,$5.71,1.08,$4.67,1.32,$-0.16,0.0,$2.05B,$2.14B,0.96,$0.29B,$0.21B,1.37,$0.16B,$0.11B,69.23%,$0.16B,$-0.01B,-8.33%,$0.16B,0,0.00%,$0.16B,0,0.00%,$0.16B,$-0.01B,-8.97%,$0.16B,$-0.00B,-2.56%,$-0.00B,$0.27B,-1.62%,$-0.00B,$0.18B,-2.55%,$-0.00B,$2.72B,-0.15%,$-0.01B,$0.55B,-2.37%,$37,$11,$26,$0,$53,$64,$-28,$0,$-28,$-15,$-13,$-13,$-14,$0,$0,$27,27,$-0.50,$-0.50,$43,$0,$0,$2050,$30,$510,$89,$76,$705,$2716,$2137,$288,$25,$313,$2450,$260,$-35,$-2,$266,$2716,$-10,$4,$42,$45,$0,$0,$0,$-10,$-10,$26,$29,$0,$0,$0,$-117,$-117,$-18,$-106,$0,$-14,$-14,$0,$59,$-5,$33,$73,$-7,$0,$-5
38,2009-03-31,5.42,$10.16,0.53,$5.85,0.93,$3.21,1.69,$0.45,12.07,$2.07B,$2.08B,0.99,$0.29B,$0.22B,1.29,$0.16B,$0.11B,68.55%,$0.16B,$0.02B,11.95%,$0.16B,0,0.00%,$0.16B,0,0.00%,$0.16B,$0.02B,11.32%,$0.16B,$0.01B,8.18%,$0.01B,$0.28B,5.55%,$0.01B,$0.19B,9.01%,$0.01B,$2.68B,0.50%,$0.02B,$0.57B,3.53%,$39,$11,$28,$0,$23,$34,$5,$0,$5,$2,$3,$3,$3,$0,$0,$27,27,$0.10,$0.10,$51,$0,$0,$2065,$30,$427,$90,$64,$611,$2676,$2080,$288,$28,$316,$2397,$260,$-19,$-4,$279,$2676,$3,$1,$6,$7,$0,$0,$0,$10,$10,$21,$-1,$0,$0,$0,$-36,$-36,$-1,$-38,$0,$-17,$-17,$0,$59,$-2,$-21,$19,$1,$0,$-2
39,2008-12-31,7.51,$8.06,0.93,$5.93,1.27,$2.78,2.7,$0.56,13.38,$2.07B,$2.12B,0.98,$0.29B,$0.22B,1.31,$0.16B,$0.11B,65.84%,$0.16B,$0.02B,13.66%,$0.16B,0,0.00%,$0.16B,0,0.00%,$0.16B,$0.02B,13.04%,$0.16B,$0.02B,9.94%,$0.02B,$0.22B,7.33%,$0.02B,$0.13B,12.52%,$0.02B,$2.64B,0.62%,$0.02B,$0.51B,4.21%,$40,$13,$27,$0,$26,$40,$1,$0,$0,$-1,$1,$1,$1,$0,$0,$27,27,$0.03,$0.03,$50,$0,$0,$2068,$29,$392,$90,$63,$574,$2643,$2118,$288,$15,$303,$2422,$257,$-19,$-2,$221,$2643,$15,$6,$20,$26,$0,$0,$0,$-10,$-10,$31,$-3,$0,$0,$0,$9,$9,$-161,$-154,$39,$13,$52,$3,$3,$-8,$69,$116,$-7,$0,$-8
40,2008-09-30,7.73,$8.03,0.96,$6.41,1.21,$2.98,2.59,$0.65,11.92,$2.06B,$2.01B,1.03,$0.34B,$0.22B,1.56,$0.16B,$0.10B,62.96%,$0.16B,$0.03B,15.43%,$0.16B,0,0.00%,$0.16B,0,0.00%,$0.16B,$0.03B,15.43%,$0.16B,$0.02B,11.11%,$0.02B,$0.22B,8.33%,$0.02B,$0.13B,14.37%,$0.02B,$2.58B,0.70%,$0.03B,$0.56B,4.89%,$40,$13,$27,$0,$18,$31,$9,$0,$9,$3,$6,$6,$6,$0,$0,$27,27,$0.22,$0.22,$59,$0,$0,$2062,$29,$341,$90,$58,$518,$2581,$2005,$343,$13,$356,$2361,$257,$-18,$-5,$220,$2581,$14,$4,$13,$17,$0,$0,$0,$-5,$-5,$26,$-1,$0,$0,$0,$57,$57,$-140,$-83,$94,$4,$98,$3,$3,$-6,$-36,$59,$2,$0,$-6
41,2008-06-30,7.98,$7.93,1.01,$6.39,1.25,$2.67,2.99,$0.60,13.2,$2.04B,$2.04B,1.0,$0.30B,$0.22B,1.38,$0.16B,$0.10B,60.25%,$0.16B,$0.02B,14.29%,$0.16B,0,0.00%,$0.16B,0,0.00%,$0.16B,$0.02B,14.29%,$0.16B,$0.02B,10.56%,$0.02B,$0.22B,7.98%,$0.02B,$0.13B,13.93%,$0.02B,$2.57B,0.67%,$0.02B,$0.52B,4.88%,$40,$13,$27,$0,$22,$36,$4,$0,$4,$1,$3,$3,$3,$0,$0,$27,27,$0.10,$0.10,$61,$0,$0,$2037,$29,$361,$90,$55,$535,$2572,$2044,$298,$13,$311,$2356,$257,$-21,$-4,$217,$2572,$8,$3,$9,$12,$0,$0,$0,$-5,$-5,$16,$-1,$0,$0,$0,$39,$39,$-105,$-67,$49,$39,$88,$3,$3,$-4,$-31,$55,$4,$0,$-4
42,2008-03-31,8.42,$7.98,1.05,$6.35,1.33,$2.55,3.3,$0.71,11.91,$2.00B,$2.04B,0.98,$0.29B,$0.22B,1.34,$0.16B,$0.09B,58.13%,$0.16B,$0.03B,16.88%,$0.16B,0,0.00%,$0.16B,0,0.00%,$0.16B,$0.03B,16.88%,$0.16B,$0.02B,12.50%,$0.02B,$0.22B,9.54%,$0.02B,$0.12B,16.84%,$0.02B,$2.56B,0.81%,$0.03B,$0.50B,6.16%,$41,$16,$25,$0,$16,$32,$8,$0,$8,$3,$6,$6,$6,$0,$0,$27,27,$0.21,$0.21,$72,$0,$0,$2003,$30,$380,$91,$52,$552,$2555,$2035,$289,$16,$305,$2340,$258,$-22,$-1,$215,$2555,$6,$1,$1,$3,$0,$0,$0,$-0,$-0,$8,$-0,$0,$0,$0,$24,$24,$-52,$-29,$40,$47,$87,$0,$0,$-2,$-49,$36,$15,$0,$-2
43,2007-12-31,7.48,$7.85,0.95,$6.19,1.21,$2.50,3.0,$0.66,11.27,$1.94B,$2.04B,0.95,$0.25B,$0.21B,1.18,$0.16B,$0.09B,57.42%,$0.16B,$0.03B,16.13%,$0.16B,0,0.00%,$0.16B,0,0.00%,$0.16B,$0.03B,16.13%,$0.16B,$0.02B,11.61%,$0.02B,$0.21B,8.71%,$0.02B,$0.12B,15.55%,$0.02B,$2.51B,0.75%,$0.03B,$0.46B,6.29%,$41,$17,$23,$0,$19,$36,$4,$0,$4,$1,$3,$3,$3,$0,$0,$21,21,$0.12,$0.11,$57,$0,$0,$1938,$30,$403,$91,$53,$576,$2514,$2037,$249,$16,$265,$2302,$258,$-24,$-2,$212,$2514,$18,$6,$2,$8,$0,$0,$0,$1,$1,$27,$-1,$0,$0,$0,$24,$24,$-300,$-278,$101,$8,$109,$0,$0,$-8,$127,$228,$-23,$0,$-8
44,2007-09-30,8.35,$7.74,1.08,$5.47,1.53,$2.15,3.88,$0.63,13.35,$1.88B,$2.03B,0.93,$0.20B,$0.21B,0.95,$0.15B,$0.08B,57.14%,$0.15B,$0.02B,16.33%,$0.15B,0,0.00%,$0.15B,0,0.00%,$0.15B,$0.02B,16.33%,$0.15B,$0.02B,11.56%,$0.02B,$0.21B,8.34%,$0.02B,$0.12B,15.14%,$0.02B,$2.45B,0.73%,$0.02B,$0.41B,6.50%,$39,$17,$22,$0,$15,$32,$7,$0,$7,$2,$5,$5,$5,$0,$0,$27,27,$0.18,$0.18,$97,$0,$0,$1878,$31,$395,$91,$51,$568,$2446,$2025,$198,$14,$212,$2237,$258,$-26,$-4,$208,$2446,$15,$4,$0,$4,$0,$0,$0,$-1,$-1,$18,$-1,$0,$0,$0,$29,$29,$-196,$-168,$50,$13,$63,$0,$0,$-6,$111,$168,$17,$0,$-6
45,2007-06-30,8.11,$7.59,1.07,$5.32,1.52,$2.19,3.7,$0.64,12.63,$1.76B,$1.94B,0.91,$0.18B,$0.20B,0.87,$0.14B,$0.08B,58.04%,$0.14B,$0.02B,16.78%,$0.14B,0,0.00%,$0.14B,0,0.00%,$0.14B,$0.02B,16.78%,$0.14B,$0.02B,11.89%,$0.02B,$0.20B,8.46%,$0.02B,$0.11B,15.60%,$0.02B,$2.34B,0.74%,$0.02B,$0.38B,6.78%,$39,$15,$23,$0,$15,$31,$8,$0,$8,$3,$6,$6,$6,$0,$0,$27,27,$0.21,$0.21,$49,$0,$0,$1758,$31,$408,$91,$51,$581,$2339,$1943,$178,$14,$192,$2135,$242,$-12,$-5,$204,$2339,$10,$3,$-1,$2,$0,$0,$0,$1,$1,$13,$-1,$0,$0,$0,$14,$14,$-124,$-111,$30,$24,$54,$0,$0,$-4,$17,$67,$-31,$0,$-4
46,2007-03-31,8.2,$7.57,1.08,$5.12,1.6,$2.14,3.83,$0.62,13.3,$1.71B,$1.93B,0.88,$0.14B,$0.20B,0.68,$0.14B,$0.08B,59.12%,$0.14B,$0.02B,16.79%,$0.14B,0,0.00%,$0.14B,0,0.00%,$0.14B,$0.02B,16.79%,$0.14B,$0.02B,11.68%,$0.02B,$0.20B,8.10%,$0.02B,$0.11B,15.24%,$0.02B,$2.28B,0.71%,$0.02B,$0.34B,6.86%,$36,$15,$21,$0,$15,$30,$6,$0,$6,$2,$4,$4,$4,$0,$0,$27,27,$0.16,$0.16,$55,$0,$0,$1706,$31,$405,$92,$50,$578,$2284,$1929,$138,$14,$152,$2081,$242,$-15,$-3,$203,$2284,$4,$1,$0,$2,$0,$0,$0,$-0,$-0,$6,$0,$0,$0,$0,$19,$19,$-64,$-46,$-10,$18,$7,$0,$0,$-2,$9,$15,$-25,$0,$-2
47,2006-12-31,8.95,$7.44,1.2,$4.97,1.8,$2.24,3.99,$0.62,14.34,$1.67B,$1.90B,0.88,$0.15B,$0.20B,0.74,$0.13B,$0.08B,60.90%,$0.13B,$0.02B,18.05%,$0.13B,0,0.00%,$0.13B,0,0.00%,$0.13B,$0.02B,18.05%,$0.13B,$0.02B,12.78%,$0.02B,$0.20B,8.76%,$0.02B,$0.11B,16.83%,$0.02B,$2.26B,0.76%,$0.02B,$0.35B,7.33%,$33,$15,$18,$0,$15,$30,$3,$0,$3,$1,$2,$2,$2,$0,$0,$27,27,$0.08,$0.08,$80,$0,$0,$1667,$32,$423,$92,$49,$597,$2264,$1902,$148,$14,$162,$2064,$243,$-18,$-3,$200,$2264,$17,$5,$4,$9,$0,$0,$0,$1,$1,$27,$-3,$0,$0,$0,$247,$247,$-287,$-44,$47,$-62,$-15,$-3,$-3,$-9,$71,$44,$27,$0,$-9
