,Date,Stock Price,Book Value per Share,Price to Book Ratio,TTM Sales per Share,Price to Sales Ratio,TTM FCF per Share,Price to FCF Ratio,TTM Net EPS,PE Ratio,Current Assets,Current Liabilities,Current Ratio,Long Term Debt,Shareholder's Equity_x,Debt to Equity Ratio,TTM Revenue_x,TTM Gross Profit,Gross Margin,TTM Revenue_y,TTM Operating Income,Operating Margin,TTM Revenue_x,TTM EBIT,EBIT Margin,TTM Revenue_y,TTM EBITDA,EBITDA Margin,TTM Revenue_x,TTM Pre-Tax Income,Pre-Tax Margin,TTM Revenue_y,TTM Net Income_x,Net Margin,TTM Net Income_y,Shareholder's Equity_y,Return on Equity,TTM Net Income_x,Tangible Equity,Return on Tangible Equity,TTM Net Income_y,Total Assets,Return on Assets,TTM Net Income,LT Investments & Debt,Return on Investment,revenue,cost-goods-sold,gross-profit,research-development-expenses,selling-general-administrative-expenses,operating-expenses,operating-income,total-non-operating-income-expense,pre-tax-income,total-provision-income-taxes,income-after-taxes,income-from-continuous-operations,net-income,ebitda,ebit,basic-shares-outstanding,shares-outstanding,eps-basic-net-earnings-per-share,eps-earnings-per-share-diluted,cash-on-hand,inventory,other-current-assets,total-current-assets,net-property-plant-equipment,long-term-investments,goodwill-intangible-assets-total,other-long-term-assets,total-long-term-assets,total-assets,total-current-liabilities,long-term-debt,other-non-current-liabilities,total-long-term-liabilities,total-liabilities,common-stock-net,retained-earnings-accumulated-deficit,comprehensive-income,total-share-holder-equity,total-liabilities-share-holders-equity,net-income-loss,total-depreciation-amortization-cash-flow,other-non-cash-items,total-non-cash-items,change-in-accounts-receivable,change-in-inventories,change-in-accounts-payable,change-in-assets-liabilities,total-change-in-assets-liabilities,cash-flow-from-operating-activities,net-change-in-property-plant-equipment,net-change-in-intangible-assets,net-acquisitions-divestitures,net-change-in-short-term-investments,net-change-in-long-term-investments,net-change-in-investments-total,investing-activities-other,cash-flow-from-investing-activities,net-long-term-debt,net-current-debt,debt-issuance-retirement-net-total,net-common-equity-issued-repurchased,net-total-equity-issued-repurchased,total-common-preferred-stock-dividends-paid,financial-activities-other,cash-flow-from-financial-activities,net-cash-flow,stock-based-compensation,common-stock-dividends-paid
0,2018-09-30,28.93,$6.34,4.57,$18.43,1.57,$11.44,2.53,$0.23,125.78,$3.58B,$10.03B,0.36,$26.23B,$4.82B,5.45,$15.99B,$9.90B,61.91%,$15.99B,$2.06B,12.86%,$15.99B,$2.06B,12.86%,$15.99B,$7.19B,44.95%,$15.99B,$-0.16B,-1.01%,$15.99B,$-0.29B,-1.83%,$-0.29B,$4.82B,-5.41%,$-0.29B,$-9.14B,2.94%,$-0.29B,$53.72B,-0.52%,$2.06B,$31.05B,5.73%,$2958,$799,$2159,$0,$476,$2750,$209,$-324,$-115,$281,$-397,$-397,$974,$1157,$209,$794,794,$-0.56,$-0.56,$949,$0,$746,$3575,$14048,$5522,$13960,$3529,$50145,$53720,$10033,$26232,$2538,$38872,$48905,$8,$-5197,$973,$4815,$53720,$798,$2995,$-361,$2634,$0,$0,$0,$769,$769,$4200,$-1143,$0,$1980,$0,$-74,$-74,$-356,$408,$-3577,$0,$-3577,$-1823,$-1823,$0,$103,$-5296,$-722,$131,$0
1,2018-06-30,27.54,$6.14,4.49,$18.23,1.51,$11.42,2.41,$-1.55,0.0,$3.57B,$9.99B,0.36,$28.43B,$4.75B,5.98,$15.96B,$9.88B,61.93%,$15.96B,$2.07B,12.97%,$15.96B,$2.07B,12.97%,$15.96B,$7.22B,45.24%,$15.96B,$-0.55B,-3.42%,$15.96B,$-2.06B,-12.90%,$-2.06B,$4.75B,-28.60%,$-2.06B,$-9.25B,17.59%,$-2.06B,$55.71B,-3.40%,$2.07B,$33.18B,4.92%,$3045,$1249,$1796,$0,$532,$2781,$264,$312,$576,$-93,$669,$669,$913,$998,$264,$789,792,$0.80,$0.80,$862,$0,$763,$3572,$14053,$6318,$13999,$3700,$52139,$55711,$9985,$28426,$2423,$40974,$50959,$8,$-6171,$1186,$4752,$55711,$-228,$2047,$561,$2608,$0,$0,$0,$885,$885,$3265,$-798,$0,$-72,$0,$-57,$-57,$-251,$-1177,$-1690,$0,$-1690,$-1276,$-1276,$0,$84,$-2882,$-804,$88,$0
2,2018-03-31,31.31,$7.04,4.45,$17.64,1.78,$10.79,2.9,$-3.45,0.0,$3.46B,$10.39B,0.33,$38.28B,$5.64B,6.79,$15.69B,$9.75B,62.13%,$15.69B,$2.01B,12.84%,$15.69B,$2.01B,12.84%,$15.69B,$7.11B,45.30%,$15.69B,$-1.82B,-11.57%,$15.69B,$-3.65B,-23.24%,$-3.65B,$5.64B,-39.68%,$-3.65B,$-13.37B,27.51%,$-3.65B,$58.31B,-5.69%,$2.01B,$43.91B,4.22%,$4156,$1611,$2545,$0,$692,$3663,$493,$-906,$-413,$766,$-1179,$-1179,$-1187,$1806,$493,$808,808,$-1.47,$-1.47,$555,$0,$1012,$3458,$20196,$6862,$19001,$5529,$54854,$58312,$10389,$38276,$3926,$42288,$52677,$8,$-7084,$2248,$5635,$58312,$-1179,$1313,$494,$1807,$0,$0,$0,$651,$651,$1279,$-646,$0,$0,$0,$-22,$-22,$-3,$-671,$-1213,$0,$-1213,$-480,$-480,$0,$-39,$-1732,$-1110,$46,$0
3,2017-12-31,35.84,$7.84,4.57,$16.44,2.18,$10.54,3.4,$-2.31,0.0,$4.33B,$9.97B,0.44,$29.02B,$6.39B,4.54,$15.05B,$9.39B,62.38%,$15.05B,$1.95B,12.94%,$15.05B,$1.95B,12.94%,$15.05B,$6.87B,45.66%,$15.05B,$-1.56B,-10.34%,$15.05B,$-2.78B,-18.46%,$-2.78B,$6.39B,-24.74%,$-2.78B,$-7.96B,20.99%,$-2.78B,$57.60B,-4.18%,$1.95B,$35.42B,3.86%,$5826,$2430,$3396,$0,$869,$4736,$1090,$-1299,$-209,$77,$-286,$-286,$-992,$3225,$1090,$1020,1020,$-0.77,$-0.77,$1672,$0,$846,$4332,$14245,$6671,$14354,$3720,$53265,$57597,$9966,$29023,$2247,$41238,$51204,$8,$-6218,$1656,$6393,$57597,$-2721,$4925,$3684,$8609,$500,$0,$0,$0,$-180,$5709,$-1953,$0,$-421,$0,$-93,$-93,$1908,$-559,$-436,$0,$-436,$-2976,$-2976,$0,$-1268,$-4681,$596,$174,$0
4,2017-09-30,33.91,$12.06,2.81,$13.12,2.58,$10.60,3.2,$0.82,41.35,$5.20B,$10.99B,0.47,$43.73B,$12.00B,3.64,$11.64B,$7.63B,65.58%,$11.64B,$1.36B,11.71%,$11.64B,$1.36B,11.71%,$11.64B,$4.98B,42.80%,$11.64B,$-0.35B,-2.98%,$11.64B,$0.44B,3.75%,$0.44B,$12.00B,3.28%,$0.44B,$-16.22B,-3.52%,$0.44B,$70.55B,0.63%,$1.36B,$55.73B,2.52%,$2929,$785,$2144,$0,$470,$2707,$222,$-722,$-500,$62,$-562,$-562,$-792,$1190,$222,$830,830,$-0.70,$-0.70,$2110,$0,$895,$5202,$23551,$6807,$28225,$6761,$65344,$70545,$10988,$43727,$3829,$47556,$58543,$10,$-5226,$1279,$12002,$70545,$-1699,$2790,$3035,$5826,$0,$0,$0,$-93,$-93,$4034,$-851,$0,$-440,$0,$-93,$-93,$1435,$51,$-458,$0,$-458,$-2637,$-2637,$0,$-607,$-3702,$503,$102,$0
5,2017-06-30,32.12,$12.61,2.55,$14.36,2.24,$8.70,3.69,$1.19,26.99,$5.41B,$10.51B,0.51,$42.95B,$12.71B,3.38,$13.92B,$8.74B,62.79%,$13.92B,$2.04B,14.69%,$13.92B,$2.04B,14.69%,$13.92B,$6.13B,44.03%,$13.92B,$0.06B,0.41%,$13.92B,$0.98B,7.03%,$0.98B,$12.71B,7.22%,$0.98B,$-15.44B,-8.00%,$0.98B,$69.81B,1.36%,$2.04B,$55.66B,3.80%,$2775,$1114,$1661,$0,$517,$2566,$209,$-902,$-693,$69,$-761,$-761,$-674,$885,$209,$854,854,$-0.90,$-0.90,$2418,$0,$859,$5405,$22769,$6680,$28155,$6800,$64404,$69809,$10508,$42945,$3645,$46590,$57098,$10,$-4434,$738,$12711,$69809,$-920,$1821,$1858,$3679,$0,$0,$0,$-48,$-48,$2712,$-588,$0,$-439,$0,$-65,$-65,$1803,$712,$-100,$0,$-100,$-2109,$-2109,$0,$-548,$-2757,$700,$80,$0
6,2017-03-31,35.87,$13.22,2.71,$16.45,2.18,$7.67,4.67,$2.17,16.53,$5.74B,$9.18B,0.63,$41.40B,$13.80B,3.0,$16.22B,$10.21B,62.99%,$16.22B,$2.32B,14.33%,$16.22B,$2.32B,14.33%,$16.22B,$7.30B,45.03%,$16.22B,$0.92B,5.64%,$16.22B,$1.75B,10.82%,$1.75B,$13.80B,12.64%,$1.75B,$-13.31B,-11.70%,$1.75B,$67.73B,2.37%,$2.32B,$55.20B,4.17%,$3519,$1332,$2187,$0,$620,$3092,$427,$-581,$-154,$102,$-256,$-256,$-320,$1572,$427,$890,890,$-0.35,$-0.35,$2637,$0,$1053,$5742,$21404,$6614,$27106,$6866,$61989,$67731,$9178,$41400,$3352,$44752,$53930,$10,$-3760,$-132,$13801,$67731,$-267,$1145,$263,$1407,$0,$0,$0,$-161,$-161,$979,$-500,$0,$0,$0,$-25,$-25,$2288,$1762,$-423,$0,$-423,$-960,$-960,$0,$-366,$-1749,$1015,$33,$0
7,2016-12-31,30.59,$13.74,2.23,$17.67,1.73,$7.65,4.0,$2.10,14.57,$7.05B,$9.72B,0.73,$34.89B,$14.73B,2.37,$17.29B,$10.89B,62.99%,$17.29B,$2.48B,14.37%,$17.29B,$2.48B,14.37%,$17.29B,$7.77B,44.96%,$17.29B,$0.65B,3.74%,$17.29B,$1.71B,9.86%,$1.71B,$14.73B,13.30%,$1.71B,$-4.76B,-9.41%,$1.71B,$68.68B,2.29%,$2.48B,$49.62B,4.45%,$2416,$774,$1641,$0,$389,$1911,$505,$495,$1000,$-1464,$2463,$2463,$2223,$1335,$505,$1001,1011,$2.24,$2.23,$1077,$0,$643,$7052,$17249,$6389,$19487,$3003,$61632,$68684,$9723,$34887,$2236,$44229,$53952,$11,$-3455,$-372,$14732,$68684,$1767,$5290,$-643,$4647,$395,$0,$0,$0,$-474,$5940,$-2154,$0,$-1402,$0,$7,$7,$-369,$-3918,$772,$0,$772,$-1948,$-1948,$0,$-214,$-1390,$369,$282,$0
8,2016-09-30,34.18,$11.96,2.86,$19.00,1.8,$7.71,4.43,$-0.67,0.0,$3.93B,$8.64B,0.45,$41.79B,$12.97B,3.22,$18.25B,$11.42B,62.56%,$18.25B,$2.35B,12.88%,$18.25B,$2.35B,12.88%,$18.25B,$8.05B,44.10%,$18.25B,$-0.39B,-2.13%,$18.25B,$-0.80B,-4.39%,$-0.80B,$12.97B,-6.86%,$-0.80B,$-15.47B,3.50%,$-0.80B,$80.97B,-1.08%,$2.35B,$54.76B,4.12%,$5207,$1958,$3250,$0,$898,$4305,$903,$-998,$-96,$110,$-205,$-205,$-250,$2335,$903,$1091,1091,$-0.23,$-0.23,$977,$0,$943,$3925,$21606,$2244,$28436,$24763,$77049,$80974,$8637,$41792,$17580,$59372,$68008,$11,$-5677,$-317,$12965,$80974,$-469,$4460,$737,$5197,$0,$0,$0,$-683,$-683,$4046,$-1945,$0,$-1327,$0,$48,$48,$88,$-3137,$752,$0,$752,$-1504,$-1504,$0,$-202,$-954,$-5,$206,$0
9,2016-06-30,29.06,$14.20,2.05,$19.17,1.52,$8.26,3.52,$-0.37,0.0,$4.48B,$9.88B,0.45,$49.50B,$14.02B,3.53,$17.64B,$11.07B,62.72%,$17.64B,$1.99B,11.30%,$17.64B,$1.99B,11.30%,$17.64B,$7.74B,43.89%,$17.64B,$-0.16B,-0.88%,$17.64B,$-0.42B,-2.38%,$-0.42B,$14.02B,-3.69%,$-0.42B,$-26.42B,1.68%,$-0.42B,$78.55B,-0.59%,$1.99B,$63.52B,3.47%,$5074,$1939,$3136,$0,$905,$4586,$488,$-323,$165,$56,$109,$109,$101,$2060,$488,$943,951,$0.11,$0.11,$1286,$0,$1037,$4481,$24705,$2165,$40437,$6766,$74073,$78554,$9884,$49501,$5154,$54655,$64539,$10,$-5428,$-103,$14015,$78554,$-264,$3028,$303,$3330,$0,$0,$0,$-397,$-397,$2670,$-1276,$0,$-1326,$0,$-45,$-45,$79,$-2568,$986,$0,$986,$-718,$-718,$0,$-103,$165,$304,$144,$0
10,2016-03-31,38.5,$10.83,3.56,$18.82,2.05,$8.35,4.61,$-1.13,0.0,$3.57B,$10.17B,0.35,$45.83B,$9.58B,4.79,$17.13B,$10.82B,63.15%,$17.13B,$2.13B,12.43%,$17.13B,$2.13B,12.43%,$17.13B,$7.80B,45.53%,$17.13B,$-0.60B,-3.50%,$17.13B,$-0.99B,-5.75%,$-0.99B,$9.58B,-8.98%,$-0.99B,$-25.82B,4.06%,$-0.99B,$69.85B,-1.42%,$2.13B,$55.41B,3.81%,$4588,$1728,$2860,$0,$813,$4001,$587,$-1008,$-422,$-49,$-373,$-373,$-369,$2042,$587,$887,887,$-0.42,$-0.42,$981,$0,$830,$3569,$22787,$2584,$35400,$5511,$66283,$69852,$10169,$45832,$4273,$50104,$60274,$9,$-5529,$909,$9578,$69852,$-373,$1456,$445,$1901,$0,$0,$0,$-437,$-437,$1091,$-637,$0,$-1341,$0,$-26,$-26,$77,$-1928,$1048,$0,$1048,$-192,$-192,$0,$-76,$781,$-2,$69,$0
11,2015-12-31,42.36,$11.82,3.58,$18.74,2.26,$8.65,4.9,$-1.34,0.0,$3.36B,$9.16B,0.37,$44.21B,$10.17B,4.35,$17.06B,$10.79B,63.22%,$17.06B,$2.10B,12.31%,$17.06B,$2.10B,12.31%,$17.06B,$7.79B,45.63%,$17.06B,$-0.78B,-4.56%,$17.06B,$-1.15B,-6.76%,$-1.15B,$10.17B,-9.89%,$-1.15B,$-23.94B,4.92%,$-1.15B,$67.56B,-1.68%,$2.10B,$54.39B,3.77%,$3382,$1209,$2172,$0,$533,$3009,$373,$-409,$-36,$275,$-310,$-310,$-284,$1612,$373,$909,909,$-0.30,$-0.29,$982,$0,$763,$3357,$21684,$2840,$34113,$5565,$64202,$67559,$9158,$44211,$4016,$48227,$57385,$9,$-5160,$896,$10174,$67559,$-1050,$5686,$1346,$7032,$452,$0,$0,$0,$-250,$5733,$-2272,$0,$-113,$0,$-999,$-999,$-445,$-3829,$1089,$0,$1089,$-2463,$-2463,$0,$-690,$-2065,$-344,$316,$0
12,2015-09-30,42.94,$12.77,3.36,$20.80,2.06,$8.49,5.06,$-1.64,0.0,$3.47B,$8.29B,0.42,$45.10B,$11.64B,3.87,$18.30B,$14.27B,77.97%,$18.30B,$2.00B,10.94%,$18.30B,$2.00B,10.94%,$18.30B,$7.88B,43.09%,$18.30B,$-1.35B,-7.37%,$18.30B,$-1.39B,-7.61%,$-1.39B,$11.64B,-11.01%,$-1.39B,$-23.63B,5.94%,$-1.39B,$69.55B,-1.99%,$2.00B,$56.74B,3.52%,$4597,$1700,$2897,$0,$830,$4052,$546,$-407,$138,$-3,$141,$141,$133,$2029,$546,$917,930,$0.15,$0.14,$1111,$0,$499,$3468,$22256,$2504,$35274,$6051,$66085,$69553,$8292,$45098,$4522,$49620,$57912,$9,$-4877,$1371,$11641,$69553,$-791,$4447,$679,$5126,$0,$0,$0,$-176,$-176,$4159,$-1852,$0,$-281,$0,$-771,$-771,$41,$-2863,$1000,$0,$1000,$-1547,$-1547,$0,$-804,$-1351,$-47,$253,$0
13,2015-06-30,54.07,$14.22,3.8,$21.55,2.51,$8.56,6.32,$-1.56,0.0,$3.25B,$8.03B,0.41,$44.44B,$12.47B,3.56,$18.20B,$14.21B,78.08%,$18.20B,$2.16B,11.87%,$18.20B,$2.16B,11.87%,$18.20B,$7.89B,43.38%,$18.20B,$-1.17B,-6.40%,$18.20B,$-1.37B,-7.52%,$-1.37B,$12.47B,-11.11%,$-1.37B,$-23.69B,6.28%,$-1.37B,$69.99B,-2.01%,$2.16B,$56.91B,3.92%,$4567,$1675,$2891,$0,$763,$3942,$625,$-905,$-280,$130,$-410,$-410,$-465,$2118,$625,$915,915,$-0.51,$-0.51,$820,$0,$555,$3252,$22761,$2192,$36159,$5630,$66742,$69994,$8034,$44440,$5047,$49487,$57521,$9,$-5010,$1885,$12473,$69994,$-932,$2963,$854,$3817,$0,$0,$0,$-200,$-200,$2686,$-1262,$0,$-279,$0,$-161,$-161,$11,$-1692,$475,$0,$475,$-1050,$-1050,$0,$-757,$-1333,$-339,$128,$0
14,2015-03-31,51.47,$13.99,3.68,$22.42,2.3,$8.92,5.77,$-1.35,0.0,$2.96B,$7.84B,0.38,$42.79B,$12.38B,3.46,$18.23B,$14.20B,77.88%,$18.23B,$2.21B,12.09%,$18.23B,$2.21B,12.09%,$18.23B,$7.86B,43.11%,$18.23B,$-1.12B,-6.14%,$18.23B,$-1.15B,-6.33%,$-1.15B,$12.38B,-9.70%,$-1.15B,$-22.47B,5.63%,$-1.15B,$67.68B,-1.72%,$2.21B,$55.17B,4.10%,$4517,$1689,$2828,$0,$803,$3959,$558,$-1157,$-600,$-78,$-522,$-522,$-538,$2027,$558,$887,887,$-0.61,$-0.61,$630,$0,$494,$2962,$21822,$2033,$34848,$6017,$64719,$67681,$7843,$42791,$4671,$47462,$55305,$9,$-4545,$954,$12376,$67681,$-522,$1470,$421,$1891,$0,$0,$0,$4,$4,$1374,$-661,$0,$-3,$0,$-123,$-123,$12,$-775,$152,$0,$152,$-426,$-426,$0,$-837,$-1111,$-528,$71,$0
15,2014-12-31,50.21,$15.83,3.17,$23.09,2.17,$8.85,5.67,$-0.84,0.0,$3.92B,$9.19B,0.43,$44.61B,$14.12B,3.16,$18.25B,$14.21B,77.85%,$18.25B,$2.23B,12.22%,$18.25B,$2.23B,12.22%,$18.25B,$7.81B,42.82%,$18.25B,$-1.06B,-5.79%,$18.25B,$-0.70B,-3.81%,$-0.70B,$14.12B,-6.02%,$-0.70B,$-24.08B,3.57%,$-0.70B,$72.84B,-1.04%,$2.23B,$58.72B,4.21%,$4615,$-1035,$5650,$0,$809,$4342,$273,$-879,$-606,$-103,$-503,$-503,$-523,$1710,$273,$799,799,$-0.65,$-0.65,$1159,$0,$783,$3921,$23841,$1808,$38191,$5081,$68921,$72842,$9190,$44608,$4928,$49536,$58726,$9,$-4008,$1647,$14116,$72842,$-647,$5584,$824,$6408,$861,$0,$0,$0,$-157,$5603,$-2684,$0,$-73,$0,$-1017,$-1017,$971,$-2803,$-1744,$0,$-1744,$-1846,$-1846,$0,$-672,$-4261,$-1543,$257,$0
16,2014-09-30,42.54,$13.21,3.22,$23.96,1.78,$7.35,5.78,$-0.53,0.0,$3.63B,$8.45B,0.43,$39.46B,$10.31B,3.83,$18.10B,$11.30B,62.43%,$18.10B,$2.47B,13.67%,$18.10B,$2.47B,13.67%,$18.10B,$8.00B,44.19%,$18.10B,$-0.64B,-3.52%,$18.10B,$-0.29B,-1.62%,$-0.29B,$10.31B,-2.69%,$-0.29B,$-16.90B,1.63%,$-0.29B,$62.24B,-0.45%,$2.47B,$49.77B,4.75%,$4497,$1660,$2838,$0,$800,$3794,$704,$-382,$321,$146,$176,$176,$157,$2039,$704,$780,790,$0.20,$0.20,$955,$0,$724,$3626,$22120,$4530,$27211,$4753,$58614,$62240,$8450,$39464,$4020,$43483,$51933,$8,$-3484,$2279,$10307,$62240,$-145,$4148,$262,$4410,$0,$0,$0,$-205,$-205,$4061,$-2046,$0,$-35,$0,$-994,$-994,$979,$-2096,$-2398,$0,$-2398,$-961,$-961,$0,$-320,$-3680,$-1747,$183,$0
17,2014-06-30,44.22,$13.82,3.2,$23.63,1.87,$5.65,7.82,$-2.82,0.0,$3.96B,$9.26B,0.43,$40.71B,$10.79B,3.77,$17.88B,$11.09B,62.04%,$17.88B,$2.29B,12.81%,$17.88B,$2.29B,12.81%,$17.88B,$7.88B,44.09%,$17.88B,$-1.55B,-8.65%,$17.88B,$-1.28B,-7.16%,$-1.28B,$10.79B,-11.46%,$-1.28B,$-18.55B,6.99%,$-1.28B,$65.53B,-1.92%,$2.29B,$51.50B,4.30%,$4602,$1719,$2883,$0,$793,$3933,$670,$-904,$-235,$-1,$-234,$-234,$-250,$2083,$670,$785,785,$-0.32,$-0.32,$1110,$0,$763,$3957,$23821,$3593,$29333,$4826,$61572,$65529,$9260,$40709,$4773,$45482,$54742,$8,$-3641,$3068,$10788,$65529,$-321,$2812,$398,$3211,$0,$0,$0,$17,$17,$2907,$-1402,$0,$-32,$0,$-19,$-19,$993,$-460,$-2723,$0,$-2723,$-896,$-896,$0,$-442,$-4061,$-1592,$110,$0
18,2014-03-31,41.6,$13.85,3.0,$23.00,1.81,$4.35,9.57,$-2.54,0.0,$5.90B,$10.67B,0.55,$41.00B,$10.96B,3.74,$16.34B,$10.17B,62.25%,$16.34B,$2.07B,12.65%,$16.34B,$2.07B,12.65%,$16.34B,$7.12B,43.58%,$16.34B,$-1.11B,-6.76%,$16.34B,$-1.04B,-6.38%,$-1.04B,$10.96B,-9.17%,$-1.04B,$-18.39B,5.82%,$-1.04B,$67.26B,-1.57%,$2.07B,$51.96B,3.86%,$4534,$1699,$2835,$0,$763,$3952,$582,$-1119,$-537,$-117,$-420,$-420,$-79,$1981,$582,$788,788,$-0.10,$-0.10,$3092,$0,$748,$5900,$23814,$3438,$29343,$4765,$61361,$67260,$10673,$41001,$4629,$45630,$56303,$8,$-3391,$2651,$10958,$67260,$-79,$1399,$113,$1512,$0,$0,$0,$-122,$-122,$1311,$-735,$0,$0,$0,$-9,$-9,$972,$228,$-504,$0,$-504,$-377,$-377,$0,$-283,$-1164,$390,$55,$0
19,2013-12-31,89.0,$14.64,6.08,$22.44,3.97,$3.73,23.85,$-2.44,0.0,$5.48B,$7.68B,0.71,$43.68B,$11.54B,3.79,$14.48B,$9.04B,62.45%,$14.48B,$2.01B,13.90%,$14.48B,$2.01B,13.90%,$14.48B,$6.37B,43.99%,$14.48B,$-0.53B,-3.65%,$14.48B,$-0.96B,-6.66%,$-0.96B,$11.54B,-10.69%,$-0.96B,$-18.00B,5.71%,$-0.96B,$67.71B,-1.62%,$2.01B,$55.22B,4.16%,$4468,$1723,$2745,$0,$776,$3950,$518,$-703,$-186,$-81,$-104,$-104,$-121,$1895,$518,$672,672,$-0.37,$-0.37,$2702,$0,$489,$5483,$23975,$3491,$29544,$4708,$62232,$67714,$7683,$43681,$4789,$48490,$56173,$8,$-3313,$2529,$11542,$67714,$-906,$4354,$824,$5178,$867,$0,$0,$0,$-341,$3931,$-2482,$0,$-4073,$0,$-1350,$-1350,$-60,$-7965,$1352,$0,$1352,$-1619,$-1619,$0,$4883,$4616,$663,$301,$0
20,2013-09-30,79.35,$28.77,2.76,$20.19,3.93,$3.54,22.4,$-3.40,0.0,$4.73B,$7.06B,0.67,$43.15B,$11.40B,3.79,$12.36B,$7.94B,64.26%,$12.36B,$2.00B,16.14%,$12.36B,$2.00B,16.14%,$12.36B,$5.64B,45.66%,$12.36B,$-0.71B,-5.72%,$12.36B,$-1.17B,-9.50%,$-1.17B,$11.40B,-17.66%,$-1.17B,$-18.32B,7.35%,$-1.17B,$66.00B,-2.25%,$2.00B,$54.54B,4.76%,$4277,$1647,$2630,$0,$740,$3755,$521,$-1109,$-588,$223,$-811,$-811,$-830,$1925,$521,$796,796,$-1.04,$-1.04,$2207,$0,$739,$4732,$23731,$3307,$29714,$4513,$61265,$65996,$7059,$43148,$4392,$47540,$54599,$4,$-3191,$2199,$11397,$65996,$-791,$2978,$769,$3747,$0,$0,$0,$-490,$-490,$2466,$-1791,$0,$-4068,$0,$-1336,$-1336,$-58,$-7253,$1431,$0,$1431,$-1318,$-1318,$0,$4780,$4893,$168,$218,$0
21,2013-06-30,73.49,$28.95,2.54,$24.31,3.02,$4.33,16.96,$-1.39,0.0,$5.01B,$7.15B,0.7,$41.06B,$11.55B,3.56,$10.60B,$6.97B,65.76%,$10.60B,$1.98B,18.71%,$10.60B,$1.98B,18.71%,$10.60B,$4.91B,46.34%,$10.60B,$-0.06B,-0.60%,$10.60B,$-0.37B,-3.45%,$-0.37B,$11.55B,-8.20%,$-0.37B,$-16.91B,2.49%,$-0.37B,$63.71B,-0.82%,$1.98B,$52.61B,5.59%,$3058,$1098,$1960,$0,$613,$2613,$445,$-239,$206,$193,$13,$13,$-12,$1318,$445,$585,585,$-0.02,$-0.02,$2125,$0,$1356,$5014,$22779,$2522,$28457,$4933,$58691,$63706,$7151,$41059,$3948,$45007,$52158,$4,$-2361,$1127,$11547,$63706,$31,$1574,$-6,$1568,$0,$0,$0,$-252,$-252,$1346,$-987,$0,$-4064,$0,$-1203,$-1203,$-24,$-6278,$1506,$0,$1506,$-801,$-801,$0,$4311,$5016,$86,$120,$0
22,2013-03-31,73.38,$6.11,12.01,$28.45,2.58,$5.43,13.51,$1.25,58.7,$4.53B,$5.92B,0.77,$29.60B,$1.57B,18.87,$10.07B,$6.65B,66.03%,$10.07B,$2.02B,20.04%,$10.07B,$2.02B,20.04%,$10.07B,$4.76B,47.27%,$10.07B,$-0.47B,-4.70%,$10.07B,$0.35B,3.46%,$0.35B,$1.57B,15.18%,$0.35B,$-14.28B,-2.54%,$0.35B,$40.97B,0.93%,$2.02B,$31.17B,6.97%,$2672,$967,$1705,$0,$471,$2144,$528,$-488,$40,$20,$20,$20,$-1,$1229,$528,$514,514,$-0.00,$-0.00,$2907,$0,$651,$4529,$13019,$1807,$15848,$5770,$36443,$40972,$5920,$29600,$3884,$33484,$39404,$3,$-2350,$1615,$1569,$40972,$22,$701,$43,$744,$0,$0,$0,$-208,$-208,$558,$-499,$0,$0,$0,$0,$0,$1,$-498,$84,$0,$84,$-640,$-640,$0,$1387,$831,$868,$26,$0
23,2012-12-31,62.96,$8.05,7.82,$32.55,1.93,$6.36,9.9,$1.16,54.28,$3.73B,$4.62B,0.81,$27.16B,$2.09B,13.03,$9.93B,$6.58B,66.27%,$9.93B,$1.98B,19.97%,$9.93B,$1.98B,19.97%,$9.93B,$4.71B,47.43%,$9.93B,$-0.51B,-5.13%,$9.93B,$0.32B,3.26%,$0.32B,$2.09B,12.56%,$0.32B,$-14.37B,-2.39%,$0.32B,$38.31B,0.89%,$1.98B,$29.25B,7.07%,$2350,$706,$1645,$0,$448,$1850,$501,$-866,$-365,$-31,$-334,$-334,$-331,$1170,$501,$535,535,$-1.83,$-1.83,$2039,$0,$517,$3726,$13438,$950,$16459,$3735,$34582,$38308,$4620,$27161,$4441,$31602,$36223,$3,$-2349,$1601,$2085,$38308,$387,$2727,$192,$2919,$785,$0,$0,$0,$-387,$2920,$-1868,$0,$901,$0,$-32,$-32,$-81,$-1081,$1608,$0,$1608,$-970,$-970,$0,$-2107,$-1470,$388,$110,$0
24,2012-09-30,60.75,$10.02,6.07,$35.78,1.7,$7.48,8.12,$0.85,71.47,$4.75B,$3.87B,1.23,$26.17B,$2.65B,9.88,$9.59B,$6.36B,66.30%,$9.59B,$1.90B,19.75%,$9.59B,$1.90B,19.75%,$9.59B,$4.55B,47.46%,$9.59B,$-0.36B,-3.73%,$9.59B,$0.22B,2.29%,$0.22B,$2.65B,7.88%,$0.22B,$-13.28B,-1.66%,$0.22B,$36.62B,0.61%,$1.90B,$28.82B,6.86%,$2519,$859,$1660,$0,$463,$2010,$509,$-454,$55,$61,$-6,$-6,$-22,$1195,$509,$266,266,$-0.08,$-0.08,$3317,$0,$541,$4747,$12924,$977,$15930,$2039,$31870,$36617,$3867,$26169,$3934,$30103,$33970,$3,$-2017,$1599,$2648,$36617,$710,$2058,$-178,$1880,$0,$0,$0,$-703,$-703,$1886,$-1451,$0,$936,$0,$-81,$-81,$-12,$-608,$1547,$0,$1547,$-617,$-617,$0,$-550,$380,$1666,$91,$0
25,2012-06-30,49.63,$10.73,4.63,$34.86,1.42,$7.41,6.69,$-0.25,0.0,$3.18B,$4.18B,0.76,$23.66B,$2.87B,8.25,$9.49B,$6.28B,66.11%,$9.49B,$1.87B,19.69%,$9.49B,$1.87B,19.69%,$9.49B,$4.49B,47.26%,$9.49B,$-0.77B,-8.15%,$9.49B,$-0.09B,-0.96%,$-0.09B,$2.87B,-3.03%,$-0.09B,$-12.78B,0.72%,$-0.09B,$34.44B,-0.26%,$1.87B,$26.53B,6.96%,$2525,$887,$1637,$0,$478,$2046,$479,$-682,$-203,$12,$-215,$-215,$702,$1164,$479,$269,269,$2.60,$2.60,$1921,$0,$369,$3184,$12701,$985,$15643,$1923,$31252,$34436,$4179,$23659,$3730,$27389,$31568,$3,$-1995,$1589,$2868,$34436,$716,$1372,$-324,$1048,$0,$0,$0,$-309,$-309,$1455,$-994,$0,$-49,$0,$-18,$-18,$1030,$-32,$-547,$0,$-547,$-428,$-428,$0,$-170,$-1144,$258,$63,$0
26,2012-03-31,50.08,$10.01,5.0,$35.05,1.43,$7.29,6.87,$-4.22,0.0,$3.41B,$4.43B,0.77,$24.97B,$2.72B,9.2,$9.40B,$6.21B,66.11%,$9.40B,$1.88B,20.05%,$9.40B,$1.88B,20.05%,$9.40B,$4.46B,47.47%,$9.40B,$-0.92B,-9.79%,$9.40B,$-1.14B,-12.13%,$-1.14B,$2.72B,-33.91%,$-1.14B,$-13.89B,9.40%,$-1.14B,$36.79B,-3.20%,$1.88B,$27.68B,6.93%,$2537,$898,$1639,$0,$471,$2043,$494,$-490,$4,$33,$-29,$-29,$-25,$1181,$494,$273,273,$-0.09,$-0.09,$1679,$0,$437,$3405,$13294,$1041,$16601,$1686,$33388,$36794,$4433,$24966,$3930,$29646,$34079,$3,$-2697,$1566,$2715,$36794,$9,$687,$267,$954,$0,$0,$0,$-157,$-157,$806,$-521,$0,$-32,$0,$0,$0,$-41,$-594,$-52,$0,$-52,$-231,$-231,$0,$38,$-245,$11,$28,$0
27,2011-12-31,41.03,$10.66,3.85,$33.57,1.22,$7.09,5.78,$-2.91,0.0,$3.78B,$4.17B,0.91,$24.57B,$2.93B,8.38,$9.12B,$6.02B,66.02%,$9.12B,$1.82B,19.99%,$9.12B,$1.82B,19.99%,$9.12B,$4.33B,47.44%,$9.12B,$-0.56B,-6.15%,$9.12B,$-0.77B,-8.48%,$-0.77B,$2.93B,-21.69%,$-0.77B,$-13.17B,6.79%,$-0.77B,$36.41B,-2.20%,$1.82B,$27.51B,6.77%,$2012,$588,$1424,$0,$390,$1599,$413,$-626,$-214,$219,$-432,$-432,$-435,$1013,$413,$264,264,$-1.80,$-1.60,$1651,$0,$593,$3775,$12868,$975,$16102,$1919,$32634,$36409,$4170,$24574,$3988,$29308,$33478,$3,$-2672,$1510,$2931,$36409,$-671,$2503,$1403,$3906,$671,$0,$0,$0,$-499,$2736,$-1921,$0,$-1981,$0,$-25,$-25,$-84,$-4010,$1104,$0,$1104,$-932,$-932,$0,$-919,$-748,$-2196,$129,$0
28,2011-09-30,36.18,$12.56,2.88,$32.96,1.1,$6.53,5.54,$-1.11,0.0,$4.23B,$3.72B,1.14,$22.23B,$3.49B,6.38,$8.88B,$5.79B,65.17%,$8.88B,$1.73B,19.44%,$8.88B,$1.73B,19.44%,$8.88B,$4.14B,46.64%,$8.88B,$-0.55B,-6.23%,$8.88B,$-0.28B,-3.15%,$-0.28B,$3.49B,-7.58%,$-0.28B,$-10.90B,2.62%,$-0.28B,$32.99B,-0.81%,$1.73B,$25.71B,6.54%,$2419,$843,$1576,$0,$445,$1936,$483,$-844,$-361,$-4,$-357,$-357,$-333,$1128,$483,$282,282,$-1.18,$-1.18,$2823,$0,$418,$4225,$11139,$994,$14386,$2246,$28765,$32991,$3717,$22226,$3562,$25788,$29505,$3,$-2237,$1537,$3486,$32991,$-251,$1903,$788,$2691,$0,$0,$0,$-582,$-582,$1859,$-1416,$0,$-832,$0,$-30,$-30,$-1429,$-3706,$870,$0,$870,$-790,$-790,$0,$-778,$-698,$-2471,$106,$0
29,2011-06-30,45.04,$15.00,3.0,$32.08,1.4,$5.97,7.55,$1.02,44.16,$6.28B,$4.36B,1.44,$23.57B,$4.31B,5.47,$8.71B,$5.66B,64.95%,$8.71B,$1.69B,19.41%,$8.71B,$1.69B,19.41%,$8.71B,$4.07B,46.69%,$8.71B,$0.11B,1.25%,$8.71B,$0.33B,3.81%,$0.33B,$4.31B,9.19%,$0.33B,$-10.54B,-3.11%,$0.33B,$36.26B,0.97%,$1.69B,$27.89B,6.47%,$2430,$856,$1574,$0,$455,$1935,$494,$-843,$-349,$-2,$-347,$-347,$-347,$1139,$494,$254,254,$-1.37,$-1.37,$4946,$0,$341,$6282,$12010,$1080,$14852,$2036,$29979,$36261,$4361,$23574,$4012,$27586,$31947,$3,$-1903,$1582,$4314,$36261,$93,$1258,$344,$1602,$0,$0,$0,$-325,$-325,$1370,$-967,$0,$-66,$0,$0,$0,$-1427,$-2460,$1057,$0,$1057,$-354,$-354,$0,$-288,$415,$-451,$73,$0
30,2011-03-31,41.41,$14.67,2.82,$30.95,1.34,$5.65,7.32,$-0.27,0.0,$5.86B,$4.65B,1.26,$23.14B,$3.52B,6.57,$8.45B,$5.45B,64.52%,$8.45B,$1.52B,18.03%,$8.45B,$1.52B,18.03%,$8.45B,$3.87B,45.79%,$8.45B,$-0.17B,-2.02%,$8.45B,$-0.01B,-0.06%,$-0.01B,$3.52B,-0.15%,$-0.01B,$-10.90B,0.05%,$-0.01B,$34.88B,-0.02%,$1.52B,$26.66B,6.12%,$2258,$812,$1446,$0,$418,$1825,$433,$-70,$363,$29,$335,$335,$342,$1046,$433,$242,289,$1.42,$1.22,$4446,$0,$371,$5864,$11657,$1088,$14420,$1849,$29014,$34878,$4652,$23136,$3567,$26703,$31354,$2,$-1556,$1328,$3524,$34878,$424,$613,$-260,$353,$0,$0,$0,$-42,$-42,$735,$-490,$0,$-51,$0,$0,$0,$-1531,$-2072,$382,$0,$382,$-203,$-203,$0,$-49,$130,$-1060,$34,$0
31,2010-12-31,35.38,$14.25,2.48,$31.27,1.13,$6.30,5.61,$1.26,28.08,$5.43B,$4.29B,1.27,$21.83B,$3.46B,6.31,$8.37B,$5.35B,63.99%,$8.37B,$1.39B,16.66%,$8.37B,$1.39B,16.66%,$8.37B,$3.74B,44.71%,$8.37B,$-1.15B,-13.76%,$8.37B,$0.39B,4.66%,$0.39B,$3.46B,11.36%,$0.39B,$-10.37B,-3.81%,$0.39B,$33.33B,1.21%,$1.39B,$25.29B,5.66%,$1773,$582,$1191,$0,$368,$1457,$316,$-522,$-206,$-225,$19,$19,$58,$829,$316,$253,253,$0.30,$0.46,$3853,$0,$358,$5433,$11112,$1074,$13830,$1880,$27896,$33329,$4290,$21831,$3750,$25581,$29871,$2,$-1899,$1440,$3458,$33329,$564,$2347,$807,$3154,$613,$0,$0,$0,$-1389,$2329,$-1691,$0,$1334,$0,$0,$0,$-1017,$-1374,$-2537,$0,$-2537,$-885,$-885,$3,$3150,$-269,$578,$111,$3
32,2010-09-30,30.81,$13.01,2.37,$29.92,1.03,$10.47,2.94,$1.38,22.33,$4.52B,$4.05B,1.12,$21.46B,$3.16B,6.8,$8.12B,$5.15B,63.50%,$8.12B,$1.29B,15.87%,$8.12B,$1.29B,15.87%,$8.12B,$3.61B,44.46%,$8.12B,$-1.31B,-16.15%,$8.12B,$0.43B,5.32%,$0.43B,$3.16B,10.31%,$0.43B,$-10.88B,-4.37%,$0.43B,$32.38B,1.28%,$1.29B,$24.62B,4.90%,$2247,$802,$1445,$0,$391,$1800,$447,$-146,$301,$-17,$318,$318,$279,$1052,$447,$243,292,$1.15,$0.99,$3208,$0,$366,$4523,$11104,$1002,$14031,$1718,$27855,$32378,$4049,$21463,$2415,$25172,$29221,$2,$-1956,$1215,$3157,$32378,$447,$1834,$718,$2551,$0,$0,$0,$-1407,$-1407,$1592,$-1297,$0,$528,$0,$5,$5,$-97,$-861,$-3161,$0,$-3161,$-805,$-805,$0,$3232,$-734,$-61,$92,$0
33,2010-06-30,25.99,$12.29,2.11,$29.51,0.88,$13.39,1.94,$-0.02,0.0,$4.88B,$4.10B,1.19,$19.87B,$3.05B,6.52,$7.80B,$4.91B,63.00%,$7.80B,$1.15B,14.75%,$7.80B,$1.15B,14.75%,$7.80B,$3.42B,43.79%,$7.80B,$-1.71B,-21.98%,$7.80B,$0.03B,0.42%,$0.03B,$3.05B,0.67%,$0.03B,$-9.73B,-0.34%,$0.03B,$30.17B,0.10%,$1.15B,$22.92B,4.27%,$2169,$800,$1368,$0,$416,$1842,$327,$-956,$-629,$28,$-657,$-657,$-684,$941,$327,$257,257,$-2.66,$-2.66,$3507,$0,$436,$4875,$9971,$818,$12777,$1725,$25291,$30166,$4096,$19869,$2026,$23022,$27118,$3,$-2236,$1188,$3048,$30166,$132,$1228,$835,$2064,$0,$0,$0,$-1029,$-1029,$1166,$-839,$0,$-2636,$0,$5,$5,$3075,$-397,$-3134,$0,$-3134,$-555,$-555,$0,$3417,$-272,$238,$67,$0
34,2010-03-31,29.16,$15.31,1.9,$27.74,1.05,$14.90,1.96,$2.30,12.68,$5.53B,$4.11B,1.35,$21.64B,$4.07B,5.32,$7.44B,$4.67B,62.75%,$7.44B,$0.97B,13.06%,$7.44B,$0.97B,13.06%,$7.44B,$3.15B,42.28%,$7.44B,$-1.17B,-15.75%,$7.44B,$0.62B,8.39%,$0.62B,$4.07B,11.12%,$0.62B,$-9.92B,-6.61%,$0.62B,$33.08B,1.77%,$0.97B,$25.71B,3.51%,$2176,$827,$1349,$0,$408,$1872,$304,$-920,$-617,$16,$-633,$-633,$737,$918,$304,$268,268,$2.75,$2.75,$4184,$0,$410,$5525,$10991,$938,$13983,$1647,$27559,$33084,$4107,$21643,$1994,$24911,$29018,$3,$-1550,$954,$4066,$33084,$807,$615,$76,$691,$0,$0,$0,$-692,$-692,$806,$-405,$0,$538,$0,$0,$0,$-87,$46,$-3200,$0,$-3200,$-102,$-102,$0,$3469,$168,$915,$34,$0
35,2009-12-31,21.89,$24.28,0.9,$25.76,0.85,$14.46,1.51,$-1.53,0.0,$5.28B,$4.54B,1.16,$25.37B,$6.50B,3.9,$6.96B,$4.36B,62.60%,$6.96B,$0.91B,13.00%,$6.96B,$0.91B,13.00%,$6.96B,$2.96B,42.50%,$6.96B,$-0.91B,-13.00%,$6.96B,$-0.41B,-5.92%,$-0.41B,$6.50B,-6.85%,$-0.41B,$-8.99B,4.50%,$-0.41B,$39.90B,-1.18%,$0.91B,$31.86B,3.30%,$1524,$533,$992,$0,$307,$1315,$210,$-576,$-366,$-787,$420,$420,$100,$697,$210,$269,269,$0.34,$0.34,$3270,$0,$488,$5278,$12011,$1009,$15484,$6119,$34622,$39900,$4536,$25365,$3502,$28867,$33403,$3,$-2287,$1299,$6497,$39900,$14,$2054,$1812,$3866,$116,$0,$0,$0,$-488,$3393,$-1591,$0,$-14,$0,$0,$0,$-552,$-2157,$5330,$0,$5330,$-290,$-290,$0,$-4385,$655,$1896,$113,$0
36,2009-09-30,22.57,$22.88,0.99,$28.93,0.78,$12.04,1.87,$-4.47,0.0,$3.49B,$4.15B,0.84,$21.24B,$6.01B,3.53,$8.00B,$4.95B,61.88%,$8.00B,$0.92B,11.51%,$8.00B,$0.92B,11.51%,$8.00B,$2.52B,31.46%,$8.00B,$-1.16B,-14.55%,$8.00B,$-1.27B,-15.82%,$-1.27B,$6.01B,-21.02%,$-1.27B,$-9.68B,13.79%,$-1.27B,$34.61B,-3.80%,$0.92B,$27.25B,3.53%,$1930,$726,$1204,$0,$355,$1621,$309,$-411,$-102,$-8,$-94,$-94,$-120,$859,$309,$265,265,$-0.45,$-0.45,$1969,$0,$441,$3485,$12229,$1050,$15690,$2154,$31122,$34607,$4146,$21240,$2458,$24451,$28598,$3,$-2387,$1338,$6009,$34607,$-278,$1567,$1552,$3119,$0,$0,$0,$-560,$-560,$2280,$-1240,$0,$160,$0,$0,$0,$-391,$-1471,$400,$0,$400,$-366,$-366,$0,$-337,$-304,$595,$98,$0
37,2009-06-30,15.89,$21.93,0.72,$30.25,0.53,$9.93,1.6,$-5.03,0.0,$3.32B,$4.23B,0.79,$20.21B,$5.87B,3.45,$8.70B,$5.37B,61.76%,$8.70B,$1.02B,11.72%,$8.70B,$1.02B,11.72%,$8.70B,$2.79B,32.03%,$8.70B,$-1.32B,-15.16%,$8.70B,$-1.45B,-16.72%,$-1.45B,$5.87B,-26.30%,$-1.45B,$-9.20B,15.36%,$-1.45B,$33.38B,-4.46%,$1.02B,$26.08B,4.08%,$1811,$687,$1124,$0,$345,$1663,$149,$-235,$-87,$-29,$-57,$-57,$-93,$672,$149,$272,272,$-0.34,$-0.34,$1753,$0,$505,$3319,$11720,$1011,$15063,$2088,$30062,$33382,$4225,$20209,$2275,$23291,$27516,$3,$-2267,$1109,$5866,$33382,$-243,$1017,$1091,$2108,$0,$0,$0,$-274,$-274,$1591,$-836,$0,$-3,$0,$0,$0,$-263,$-1101,$402,$0,$402,$-207,$-207,$0,$-263,$-68,$379,$59,$0
38,2009-03-31,14.56,$20.83,0.7,$30.80,0.47,$8.35,1.74,$-3.58,0.0,$2.54B,$3.84B,0.66,$18.79B,$5.70B,3.3,$9.60B,$5.90B,61.49%,$9.60B,$1.23B,12.81%,$9.60B,$1.23B,12.81%,$9.60B,$3.22B,33.56%,$9.60B,$-0.51B,-5.26%,$9.60B,$-0.93B,-9.72%,$-0.93B,$5.70B,-17.44%,$-0.93B,$-8.76B,9.39%,$-0.93B,$31.28B,-2.85%,$1.23B,$24.49B,5.00%,$1698,$658,$1039,$0,$319,$1461,$237,$-586,$-350,$19,$-368,$-368,$-299,$731,$237,$276,276,$-1.08,$-1.08,$1070,$0,$429,$2539,$11182,$904,$14457,$2199,$28742,$31281,$3835,$18789,$2086,$21744,$25579,$3,$-2174,$882,$5702,$31281,$-244,$494,$600,$1094,$0,$0,$0,$-147,$-147,$704,$-413,$0,$0,$0,$0,$0,$-121,$-534,$-190,$0,$-190,$-117,$-117,$0,$-96,$-403,$-305,$26,$0
39,2008-12-31,15.92,$23.09,0.69,$32.25,0.49,$7.66,2.08,$-2.95,0.0,$3.23B,$4.24B,0.76,$19.99B,$6.50B,3.08,$10.51B,$6.45B,61.38%,$10.51B,$1.35B,12.85%,$10.51B,$1.35B,12.85%,$10.51B,$3.56B,33.89%,$10.51B,$-0.18B,-1.72%,$10.51B,$-0.79B,-7.51%,$-0.79B,$6.50B,-14.64%,$-0.79B,$-9.06B,7.58%,$-0.79B,$33.99B,-2.35%,$1.35B,$26.49B,5.46%,$2556,$976,$1580,$0,$506,$2331,$225,$-849,$-624,$-119,$-505,$-743,$-753,$253,$225,$289,289,$-2.60,$-2.60,$1374,$0,$576,$3234,$12035,$980,$15550,$2188,$30752,$33986,$4242,$19990,$2357,$23249,$27491,$3,$-1875,$1141,$6495,$33986,$-602,$2212,$1712,$3923,$259,$0,$0,$0,$-183,$3138,$-1900,$0,$-509,$0,$0,$0,$-637,$-3045,$1707,$0,$1707,$-2272,$-2272,$0,$-262,$-827,$-662,$153,$0
40,2008-09-30,30.3,$13.59,2.23,$29.75,1.02,$4.51,6.73,$-0.89,0.0,$3.31B,$3.63B,0.91,$18.82B,$4.06B,4.64,$10.37B,$6.33B,61.00%,$10.37B,$1.30B,12.54%,$10.37B,$1.30B,12.54%,$10.37B,$4.16B,40.08%,$10.37B,$0.32B,3.12%,$10.37B,$-0.23B,-2.26%,$-0.23B,$4.06B,-4.47%,$-0.23B,$-10.87B,2.23%,$-0.23B,$31.87B,-0.70%,$1.30B,$22.88B,5.40%,$2633,$1004,$1629,$0,$511,$2225,$408,$-666,$-258,$25,$-282,$-282,$-309,$1130,$408,$306,306,$-1.01,$-1.01,$1581,$0,$668,$3305,$10703,$1148,$14921,$1793,$28565,$31870,$3633,$18823,$2619,$24182,$27815,$3,$-1122,$780,$4055,$31870,$137,$2184,$195,$2378,$0,$0,$0,$-291,$-291,$2224,$-1669,$0,$-244,$0,$0,$0,$4,$-1909,$1225,$0,$1225,$-1956,$-1956,$0,$-23,$-754,$-454,$125,$0
41,2008-06-30,31.43,$16.61,1.89,$26.60,1.18,$3.24,9.71,$0.22,142.86,$3.01B,$3.72B,0.81,$19.48B,$5.15B,3.78,$9.99B,$6.03B,60.35%,$9.99B,$0.98B,9.80%,$9.99B,$0.98B,9.80%,$9.99B,$3.74B,37.46%,$9.99B,$0.85B,8.53%,$9.99B,$0.12B,1.15%,$0.12B,$5.15B,1.96%,$0.12B,$-11.05B,-1.17%,$0.12B,$33.89B,0.35%,$0.98B,$24.63B,4.08%,$2714,$1058,$1656,$0,$553,$2354,$360,$367,$727,$189,$538,$538,$428,$1108,$360,$322,376,$1.33,$1.11,$1211,$0,$613,$3014,$11396,$1395,$16200,$1887,$30877,$33891,$3715,$19475,$2852,$25026,$28741,$3,$-813,$1226,$5150,$33891,$416,$1462,$-201,$1262,$0,$0,$0,$-150,$-150,$1527,$-1078,$0,$-136,$0,$0,$0,$12,$-1201,$408,$0,$408,$-1614,$-1614,$0,$-12,$-1218,$-825,$83,$0
42,2008-03-31,34.08,$17.58,1.94,$25.05,1.36,$2.30,14.82,$-1.23,0.0,$3.15B,$3.89B,0.81,$19.10B,$5.88B,3.25,$9.46B,$5.65B,59.73%,$9.46B,$0.83B,8.77%,$9.46B,$0.83B,8.77%,$9.46B,$3.47B,36.73%,$9.46B,$0.08B,0.87%,$9.46B,$-0.44B,-4.68%,$-0.44B,$5.88B,-7.11%,$-0.44B,$-10.72B,5.00%,$-0.44B,$34.76B,-1.38%,$0.83B,$24.98B,3.57%,$2611,$1023,$1588,$0,$528,$2253,$358,$-384,$-26,$101,$-127,$-156,$-156,$1072,$358,$344,344,$-0.45,$-0.45,$1369,$0,$461,$3148,$11639,$1439,$16602,$1929,$31610,$34758,$3890,$19103,$3126,$24988,$28877,$3,$-1242,$1542,$5881,$34758,$-127,$715,$231,$946,$0,$0,$0,$-172,$-172,$648,$-520,$0,$-54,$0,$0,$0,$14,$-560,$-127,$0,$-127,$-730,$-730,$0,$6,$-850,$-667,$40,$0
43,2007-12-31,39.19,$16.48,2.38,$22.84,1.72,$2.08,18.88,$-1.13,0.0,$3.93B,$3.86B,1.02,$17.97B,$5.84B,3.08,$8.95B,$5.29B,59.09%,$8.95B,$0.65B,7.29%,$8.95B,$0.65B,7.29%,$8.95B,$3.21B,35.83%,$8.95B,$0.03B,0.38%,$8.95B,$-0.42B,-4.72%,$-0.42B,$5.84B,-6.48%,$-0.42B,$-9.30B,5.40%,$-0.42B,$32.62B,-1.39%,$0.65B,$23.81B,2.97%,$2411,$958,$1452,$0,$566,$2237,$174,$-292,$-119,$108,$-227,$29,$-197,$846,$174,$380,380,$-0.53,$-0.52,$2036,$0,$471,$3925,$10609,$1172,$15132,$1782,$28694,$32619,$3858,$17970,$1765,$22925,$26783,$4,$-1319,$859,$5836,$32619,$-183,$2556,$302,$2858,$252,$0,$0,$0,$-221,$2453,$-2024,$0,$-668,$0,$0,$0,$-95,$-2787,$2639,$0,$2639,$-1672,$-1672,$-597,$-43,$328,$155,$193,$-597
44,2007-09-30,41.02,$17.79,2.31,$20.56,1.99,$1.87,21.95,$-0.66,0.0,$3.23B,$3.93B,0.82,$15.93B,$6.57B,2.43,$8.32B,$4.86B,58.36%,$8.32B,$0.53B,6.39%,$8.32B,$0.53B,6.39%,$8.32B,$2.98B,35.85%,$8.32B,$0.12B,1.44%,$8.32B,$-0.26B,-3.09%,$-0.26B,$6.57B,-3.73%,$-0.26B,$-8.37B,3.88%,$-0.26B,$31.07B,-0.90%,$0.53B,$22.50B,2.59%,$2255,$921,$1334,$0,$474,$2169,$87,$184,$270,$178,$92,$40,$40,$717,$87,$381,414,$0.11,$0.10,$1546,$0,$850,$3234,$10188,$1374,$14939,$1330,$27831,$31065,$3932,$15934,$1488,$20568,$24500,$4,$-1122,$715,$6565,$31065,$-225,$1884,$266,$2150,$0,$0,$0,$-249,$-249,$1676,$-1451,$0,$-531,$0,$0,$0,$-31,$-2013,$996,$0,$996,$-1149,$-1149,$0,$45,$-108,$-363,$141,$0
45,2007-06-30,41.04,$17.32,2.37,$18.89,2.17,$1.73,23.69,$0.27,152.0,$4.22B,$3.54B,1.19,$14.99B,$6.64B,2.26,$7.69B,$4.46B,58.00%,$7.69B,$0.56B,7.28%,$7.69B,$0.56B,7.28%,$7.69B,$2.86B,37.21%,$7.69B,$-0.32B,-4.12%,$7.69B,$0.15B,1.92%,$0.15B,$6.64B,2.11%,$0.15B,$-7.07B,-2.64%,$0.15B,$29.66B,0.55%,$0.56B,$21.63B,2.91%,$2181,$906,$1275,$0,$454,$1970,$210,$-253,$-43,$-61,$18,$-130,$-130,$839,$210,$385,385,$-0.34,$-0.34,$2891,$0,$501,$4216,$9584,$675,$13704,$1479,$25443,$29658,$3538,$14989,$1338,$19480,$23018,$4,$-1162,$220,$6640,$29658,$-266,$1253,$337,$1590,$0,$0,$0,$-273,$-273,$1051,$-952,$0,$-111,$0,$0,$0,$-31,$-1094,$1201,$0,$1201,$-646,$-646,$0,$91,$647,$634,$84,$0
46,2007-03-31,32.93,$18.11,1.82,$16.69,1.97,$1.85,17.83,$0.66,49.89,$3.28B,$4.13B,0.8,$12.81B,$7.09B,1.81,$7.10B,$4.09B,57.55%,$7.10B,$0.44B,6.25%,$7.10B,$0.44B,6.25%,$7.10B,$2.59B,36.44%,$7.10B,$-0.40B,-5.59%,$7.10B,$0.30B,4.25%,$0.30B,$7.09B,4.15%,$0.30B,$-6.60B,-6.59%,$0.30B,$28.48B,1.18%,$0.44B,$19.90B,2.41%,$2106,$877,$1229,$0,$448,$1924,$182,$-256,$-74,$6,$-80,$-136,$-136,$806,$182,$391,391,$-0.35,$-0.35,$2062,$0,$422,$3279,$9635,$1039,$13684,$846,$25204,$28483,$4126,$12809,$1299,$17267,$21393,$4,$-1032,$235,$7090,$28483,$-136,$624,$125,$749,$0,$0,$0,$-50,$-50,$563,$-505,$0,$-37,$0,$0,$0,$3,$-540,$-92,$0,$-92,$-287,$-287,$0,$23,$-357,$-311,$44,$0
47,2006-12-31,29.15,$18.05,1.61,$14.31,2.04,$2.07,14.09,$1.53,19.05,$3.56B,$3.75B,0.95,$10.85B,$7.25B,1.5,$6.49B,$3.71B,57.24%,$6.49B,$0.35B,5.44%,$6.49B,$0.35B,5.44%,$6.49B,$2.32B,35.77%,$6.49B,$-0.17B,-2.64%,$6.49B,$0.71B,10.89%,$0.71B,$7.25B,9.38%,$0.71B,$-4.45B,-19.54%,$0.71B,$25.57B,2.90%,$0.35B,$18.09B,1.96%,$1782,$762,$1020,$0,$403,$1728,$53,$-86,$-33,$-84,$52,$-31,$-31,$622,$53,$438,438,$-0.04,$0.01,$2377,$0,$218,$3563,$8137,$1540,$11698,$632,$22007,$25569,$3745,$10845,$1284,$14578,$18322,$4,$-1020,$170,$7247,$25569,$706,$1967,$-843,$1124,$220,$0,$0,$0,$81,$1911,$-1508,$0,$1294,$0,$-256,$-256,$306,$-164,$1091,$0,$1091,$-1721,$-1721,$-95,$-461,$-1186,$678,$70,$-95
