,Date,Stock Price,Book Value per Share,Price to Book Ratio,TTM Sales per Share,Price to Sales Ratio,TTM FCF per Share,Price to FCF Ratio,TTM Net EPS,PE Ratio,Current Assets,Current Liabilities,Current Ratio,Long Term Debt,Shareholder's Equity_x,Debt to Equity Ratio,TTM Revenue_x,TTM Gross Profit,Gross Margin,TTM Revenue_y,TTM Operating Income,Operating Margin,TTM Revenue_x,TTM EBIT,EBIT Margin,TTM Revenue_y,TTM EBITDA,EBITDA Margin,TTM Revenue_x,TTM Pre-Tax Income,Pre-Tax Margin,TTM Revenue_y,TTM Net Income_x,Net Margin,TTM Net Income_y,Shareholder's Equity_y,Return on Equity,TTM Net Income_x,Tangible Equity,Return on Tangible Equity,TTM Net Income_y,Total Assets,Return on Assets,TTM Net Income,LT Investments & Debt,Return on Investment,revenue,cost-goods-sold,gross-profit,research-development-expenses,selling-general-administrative-expenses,operating-expenses,operating-income,total-non-operating-income-expense,pre-tax-income,total-provision-income-taxes,income-after-taxes,income-from-continuous-operations,net-income,ebitda,ebit,basic-shares-outstanding,shares-outstanding,eps-basic-net-earnings-per-share,eps-earnings-per-share-diluted,cash-on-hand,inventory,other-current-assets,total-current-assets,net-property-plant-equipment,long-term-investments,goodwill-intangible-assets-total,other-long-term-assets,total-long-term-assets,total-assets,total-current-liabilities,long-term-debt,other-non-current-liabilities,total-long-term-liabilities,total-liabilities,common-stock-net,retained-earnings-accumulated-deficit,comprehensive-income,total-share-holder-equity,total-liabilities-share-holders-equity,net-income-loss,total-depreciation-amortization-cash-flow,other-non-cash-items,total-non-cash-items,change-in-accounts-receivable,change-in-inventories,change-in-accounts-payable,change-in-assets-liabilities,total-change-in-assets-liabilities,cash-flow-from-operating-activities,net-change-in-property-plant-equipment,net-change-in-intangible-assets,net-acquisitions-divestitures,net-change-in-short-term-investments,net-change-in-long-term-investments,net-change-in-investments-total,investing-activities-other,cash-flow-from-investing-activities,net-long-term-debt,net-current-debt,debt-issuance-retirement-net-total,net-common-equity-issued-repurchased,net-total-equity-issued-repurchased,total-common-preferred-stock-dividends-paid,financial-activities-other,cash-flow-from-financial-activities,net-cash-flow,stock-based-compensation,common-stock-dividends-paid
0,2018-09-30,4.75,$8.27,0.57,$17.97,0.26,$6.34,0.75,$-7.25,0.0,$0.52B,$0.18B,2.87,$0.76B,$0.31B,2.44,$0.68B,$0.28B,40.94%,$0.68B,$-0.25B,-36.99%,$0.68B,$-0.25B,-36.99%,$0.68B,$-0.20B,-28.65%,$0.68B,$-0.33B,-48.68%,$0.68B,$-0.27B,-39.77%,$-0.27B,$0.31B,-51.54%,$-0.27B,$-0.10B,178.95%,$-0.27B,$1.26B,-17.87%,$-0.25B,$1.07B,-19.29%,$155,$96,$59,$10,$21,$497,$-342,$-21,$-363,$-76,$-288,$-288,$-288,$-327,$-342,$38,38,$-7.65,$-7.65,$150,$146,$21,$524,$196,$0,$416,$22,$733,$1258,$182,$760,$3,$763,$946,$0,$17,$-1,$312,$1258,$-288,$15,$299,$314,$44,$-10,$0,$-15,$28,$55,$8,$0,$0,$0,$0,$0,$6,$14,$-17,$0,$-17,$-0,$-0,$0,$0,$-17,$52,$3,$0
1,2018-06-30,13.6,$16.02,0.85,$17.95,0.76,$4.30,3.16,$0.75,18.13,$0.53B,$0.20B,2.62,$0.77B,$0.60B,1.29,$0.68B,$0.29B,42.25%,$0.68B,$0.13B,19.01%,$0.68B,$0.13B,19.01%,$0.68B,$0.19B,27.05%,$0.68B,$0.05B,7.46%,$0.68B,$0.03B,4.24%,$0.03B,$0.60B,4.88%,$0.03B,$-0.17B,-16.22%,$0.03B,$1.58B,1.80%,$0.13B,$1.37B,9.31%,$171,$104,$67,$8,$21,$162,$9,$-21,$-12,$-1,$-11,$-11,$-11,$6,$9,$37,38,$-0.31,$-0.30,$99,$142,$19,$527,$233,$0,$764,$29,$1048,$1575,$201,$772,$3,$775,$976,$0,$306,$-1,$599,$1575,$29,$55,$100,$156,$-49,$-19,$-5,$7,$-66,$119,$-52,$-19,$0,$0,$30,$30,$-10,$-51,$-86,$0,$-86,$-1,$-1,$0,$0,$-86,$-19,$10,$0
2,2018-03-31,16.05,$16.27,0.99,$17.25,0.93,$5.74,2.8,$1.20,13.38,$0.52B,$0.20B,2.56,$0.79B,$0.61B,1.29,$0.65B,$0.28B,43.10%,$0.65B,$0.15B,23.01%,$0.65B,$0.15B,23.01%,$0.65B,$0.21B,31.60%,$0.65B,$0.07B,11.04%,$0.65B,$0.05B,7.06%,$0.05B,$0.61B,7.87%,$0.05B,$-0.15B,-23.53%,$0.05B,$1.60B,2.84%,$0.15B,$1.39B,10.68%,$174,$107,$67,$3,$14,$141,$33,$-23,$10,$-2,$13,$13,$13,$54,$33,$37,38,$0.34,$0.33,$123,$133,$10,$522,$267,$0,$760,$29,$1076,$1597,$204,$785,$2,$787,$991,$0,$318,$-0,$607,$1597,$40,$58,$54,$112,$-35,$-11,$6,$-7,$-49,$103,$-41,$-7,$0,$0,$21,$21,$-10,$-37,$0,$-69,$-69,$-1,$-1,$0,$0,$-70,$-4,$7,$0
3,2017-12-31,23.2,$15.98,1.45,$16.98,1.37,$6.45,3.6,$1.27,18.27,$0.57B,$0.25B,2.32,$0.82B,$0.59B,1.38,$0.64B,$0.29B,44.69%,$0.64B,$0.16B,25.16%,$0.64B,$0.16B,25.16%,$0.64B,$0.13B,19.69%,$0.64B,$0.08B,13.13%,$0.64B,$0.05B,7.50%,$0.05B,$0.59B,8.41%,$0.05B,$-0.19B,-21.89%,$0.05B,$1.66B,2.95%,$0.16B,$1.41B,11.43%,$184,$97,$87,$11,$28,$137,$47,$-15,$32,$18,$14,$14,$14,$71,$47,$37,38,$0.38,$0.37,$168,$136,$6,$568,$258,$0,$779,$23,$1091,$1659,$245,$819,$3,$822,$1067,$0,$305,$-0,$593,$1659,$27,$37,$24,$62,$-53,$-13,$29,$-3,$-13,$76,$-26,$-2,$0,$0,$2,$2,$0,$-26,$-27,$0,$-27,$-0,$-0,$0,$0,$-28,$22,$5,$0
4,2017-09-30,18.45,$15.56,1.19,$16.71,1.1,$6.37,2.9,$1.12,16.47,$0.51B,$0.20B,2.52,$0.83B,$0.58B,1.44,$0.63B,$0.29B,45.77%,$0.63B,$0.15B,23.60%,$0.63B,$0.15B,23.60%,$0.63B,$0.14B,21.69%,$0.63B,$0.06B,10.21%,$0.63B,$0.04B,6.70%,$0.04B,$0.58B,7.54%,$0.04B,$-0.21B,-17.43%,$0.04B,$1.62B,2.55%,$0.15B,$1.41B,10.52%,$155,$87,$68,$7,$19,$114,$41,$-20,$21,$7,$13,$13,$13,$54,$41,$37,38,$0.36,$0.35,$116,$125,$9,$508,$249,$0,$787,$23,$1108,$1616,$201,$832,$7,$838,$1040,$0,$291,$-0,$576,$1616,$13,$14,$11,$25,$-39,$-3,$0,$-5,$-39,$-2,$-12,$-2,$0,$0,$4,$4,$0,$-10,$-13,$0,$-13,$-0,$-0,$0,$0,$-14,$-25,$2,$0
5,2017-06-30,20.4,$15.20,1.34,$17.00,1.2,$7.46,2.74,$-0.03,0.0,$0.50B,$0.19B,2.57,$0.84B,$0.56B,1.5,$0.63B,$0.30B,47.48%,$0.63B,$0.09B,13.72%,$0.63B,$0.09B,13.72%,$0.63B,$0.14B,22.24%,$0.63B,$0.00B,0.16%,$0.63B,$-0.00B,0.00%,$-0.00B,$0.56B,0.00%,$-0.00B,$-0.23B,0.00%,$-0.00B,$1.60B,0.00%,$0.09B,$1.41B,6.19%,$139,$80,$59,$11,$17,$110,$29,$-20,$9,$3,$6,$6,$6,$27,$29,$37,37,$0.15,$0.16,$145,$123,$7,$495,$243,$0,$793,$19,$1109,$1603,$192,$844,$6,$850,$1042,$0,$278,$-0,$561,$1603,$-1,$55,$115,$171,$2,$-8,$5,$16,$-5,$165,$-49,$0,$0,$0,$-10,$-10,$0,$-59,$-178,$0,$-178,$1,$1,$0,$-37,$-214,$-107,$8,$0
6,2017-03-31,22.35,$15.02,1.49,$17.74,1.26,$7.25,3.08,$-0.08,0.0,$0.56B,$0.21B,2.63,$0.86B,$0.55B,1.54,$0.66B,$0.32B,48.49%,$0.66B,$0.09B,13.25%,$0.66B,$0.09B,13.25%,$0.66B,$0.16B,23.80%,$0.66B,$-0.01B,-1.05%,$0.66B,$-0.00B,-0.30%,$-0.00B,$0.55B,-0.37%,$-0.00B,$-0.25B,0.67%,$-0.00B,$1.63B,-0.12%,$0.09B,$1.41B,6.23%,$162,$89,$72,$8,$18,$118,$44,$-21,$22,$7,$15,$15,$15,$-26,$44,$37,38,$0.41,$0.40,$155,$124,$7,$555,$232,$0,$802,$19,$1072,$1627,$211,$855,$7,$862,$1073,$0,$272,$-0,$554,$1627,$-6,$57,$86,$143,$-9,$-9,$12,$-7,$-16,$120,$-32,$0,$0,$0,$-6,$-6,$0,$-38,$0,$-140,$-140,$0,$0,$0,$-36,$-175,$-93,$6,$0
7,2016-12-31,22.05,$14.57,1.51,$17.30,1.27,$7.83,2.82,$-0.63,0.0,$0.67B,$0.33B,2.0,$0.87B,$0.54B,1.62,$0.64B,$0.31B,47.82%,$0.64B,$0.06B,9.81%,$0.64B,$0.06B,9.81%,$0.64B,$0.21B,33.02%,$0.64B,$-0.04B,-5.76%,$0.64B,$-0.02B,-3.43%,$-0.02B,$0.54B,-4.06%,$-0.02B,$-0.27B,6.74%,$-0.02B,$1.75B,-1.26%,$0.06B,$1.40B,4.34%,$171,$83,$88,$10,$18,$137,$34,$-23,$12,$4,$8,$8,$8,$81,$34,$37,38,$0.22,$0.22,$259,$130,$8,$666,$227,$0,$810,$19,$1087,$1753,$333,$867,$16,$884,$1216,$0,$257,$-0,$537,$1753,$-21,$127,$-22,$105,$-17,$-15,$9,$4,$-16,$67,$-21,$0,$0,$0,$4,$4,$0,$-17,$-27,$0,$-27,$-0,$-0,$0,$-1,$-27,$22,$4,$0
8,2016-09-30,26.57,$14.34,1.85,$16.16,1.64,$7.98,3.33,$-0.49,0.0,$0.65B,$0.31B,2.07,$0.88B,$0.53B,1.66,$0.60B,$0.29B,48.66%,$0.60B,$0.06B,9.87%,$0.60B,$0.06B,9.87%,$0.60B,$0.17B,28.43%,$0.60B,$-0.03B,-5.02%,$0.60B,$-0.02B,-2.68%,$-0.02B,$0.53B,-2.94%,$-0.02B,$-0.31B,4.53%,$-0.02B,$1.73B,-0.91%,$0.06B,$1.40B,3.96%,$162,$80,$82,$12,$21,$182,$-20,$-22,$-42,$-13,$-29,$-29,$-29,$59,$-20,$37,37,$-0.80,$-0.80,$253,$128,$8,$646,$221,$0,$841,$14,$1088,$1734,$312,$875,$18,$894,$1206,$0,$249,$-0,$528,$1734,$-29,$79,$3,$83,$15,$-13,$9,$-4,$-17,$36,$-10,$0,$0,$0,$4,$4,$0,$-6,$-13,$0,$-13,$-0,$-0,$0,$1,$-13,$17,$2,$0
9,2016-06-30,23.79,$15.15,1.57,$14.60,1.63,$7.51,3.17,$1.20,19.83,$0.61B,$0.31B,2.0,$0.88B,$0.55B,1.59,$0.54B,$0.29B,52.77%,$0.54B,$0.13B,23.99%,$0.54B,$0.13B,23.99%,$0.54B,$0.16B,30.26%,$0.54B,$0.06B,11.44%,$0.54B,$0.05B,8.49%,$0.05B,$0.55B,8.54%,$0.05B,$-0.36B,-29.39%,$0.05B,$1.76B,3.17%,$0.13B,$1.44B,10.27%,$169,$89,$80,$13,$22,$138,$30,$-30,$1,$-3,$4,$4,$4,$44,$30,$36,37,$0.10,$0.10,$239,$115,$6,$613,$217,$0,$909,$14,$1151,$1764,$307,$884,$19,$903,$1210,$0,$278,$-0,$554,$1764,$45,$33,$15,$48,$15,$15,$-4,$36,$42,$135,$-24,$0,$-934,$0,$-1,$-1,$0,$-959,$754,$125,$879,$3,$3,$0,$-33,$848,$24,$12,$0
10,2016-03-31,17.93,$14.97,1.2,$12.76,1.41,$7.15,2.51,$2.01,8.92,$0.60B,$0.18B,3.4,$1.01B,$0.55B,1.84,$0.47B,$0.28B,58.90%,$0.47B,$0.15B,31.99%,$0.47B,$0.15B,31.99%,$0.47B,$0.17B,36.65%,$0.47B,$0.11B,23.73%,$0.47B,$0.08B,16.10%,$0.08B,$0.55B,14.73%,$0.08B,$-0.36B,185.37%,$0.08B,$1.75B,6.67%,$0.15B,$1.56B,14.77%,$140,$83,$57,$16,$16,$121,$19,$-27,$-8,$-3,$-5,$-5,$-5,$28,$19,$36,36,$-0.15,$-0.15,$238,$117,$24,$602,$220,$0,$912,$9,$1151,$1752,$177,$1008,$20,$1028,$1205,$0,$275,$-0,$548,$1752,$41,$20,$38,$58,$51,$13,$-5,$-5,$24,$123,$-17,$0,$-930,$0,$0,$0,$0,$-946,$878,$-34,$844,$3,$3,$0,$2,$848,$25,$8,$0
11,2015-12-31,40.12,$15.08,2.66,$11.59,3.46,$6.04,6.65,$3.13,12.82,$0.61B,$0.15B,4.13,$1.02B,$0.55B,1.85,$0.43B,$0.30B,68.91%,$0.43B,$0.19B,43.16%,$0.43B,$0.19B,43.16%,$0.43B,$0.20B,46.64%,$0.43B,$0.17B,40.37%,$0.43B,$0.12B,27.15%,$0.12B,$0.55B,24.09%,$0.12B,$-0.38B,49.06%,$0.12B,$1.75B,14.32%,$0.19B,$1.57B,25.13%,$127,$55,$72,$9,$15,$97,$30,$-11,$19,$6,$14,$14,$14,$39,$30,$36,37,$0.37,$0.36,$193,$124,$18,$607,$198,$0,$930,$9,$1146,$1753,$147,$1015,$41,$1056,$1203,$0,$280,$-0,$550,$1753,$47,$11,$7,$18,$5,$6,$-5,$5,$-3,$62,$-11,$0,$-930,$0,$-1,$-1,$0,$-941,$888,$0,$888,$2,$2,$0,$-32,$858,$-22,$6,$0
12,2015-09-30,41.52,$13.80,3.01,$11.29,3.68,$5.65,7.34,$3.98,10.43,$0.40B,$0.04B,9.94,$0.00B,$0.50B,0.0,$0.42B,$0.31B,74.46%,$0.42B,$0.22B,53.22%,$0.42B,$0.22B,53.22%,$0.42B,$0.23B,54.89%,$0.42B,$0.22B,52.98%,$0.42B,$0.15B,35.32%,$0.15B,$0.50B,33.39%,$0.15B,$0.47B,34.58%,$0.15B,$0.54B,30.53%,$0.22B,$0.50B,50.20%,$106,$29,$77,$7,$16,$55,$51,$-1,$50,$17,$33,$33,$33,$53,$51,$36,37,$0.91,$0.89,$223,$45,$5,$400,$99,$0,$29,$2,$143,$543,$40,$1,$0,$1,$41,$0,$267,$-0,$502,$543,$33,$2,$5,$7,$-16,$1,$-2,$3,$-25,$16,$-6,$0,$0,$0,$-3,$-3,$0,$-9,$-0,$0,$-0,$-0,$-0,$0,$1,$1,$7,$4,$0
13,2015-06-30,59.44,$12.79,4.65,$10.97,5.42,$5.54,10.73,$4.03,14.75,$0.37B,$0.04B,8.51,$0.00B,$0.46B,0.0,$0.41B,$0.31B,75.62%,$0.41B,$0.23B,55.91%,$0.41B,$0.23B,55.91%,$0.41B,$0.23B,57.39%,$0.41B,$0.23B,55.91%,$0.41B,$0.15B,36.95%,$0.15B,$0.46B,37.41%,$0.15B,$0.44B,38.22%,$0.15B,$0.51B,33.90%,$0.23B,$0.47B,56.47%,$99,$27,$72,$7,$12,$48,$51,$0,$51,$17,$34,$34,$34,$53,$51,$36,37,$0.93,$0.92,$214,$46,$3,$371,$95,$0,$29,$2,$138,$509,$44,$1,$1,$1,$45,$0,$234,$-0,$464,$509,$150,$6,$-6,$0,$-25,$1,$-2,$1,$-22,$129,$-32,$-0,$-42,$0,$28,$28,$0,$-46,$-0,$0,$-0,$5,$5,$0,$8,$12,$95,$6,$0
14,2015-03-31,67.71,$11.82,5.73,$10.58,6.4,$3.47,19.52,$3.76,18.01,$0.37B,$0.04B,10.52,$0.00B,$0.43B,0.0,$0.39B,$0.29B,75.00%,$0.39B,$0.21B,54.90%,$0.39B,$0.21B,54.90%,$0.39B,$0.22B,56.44%,$0.39B,$0.21B,55.15%,$0.39B,$0.14B,36.08%,$0.14B,$0.43B,39.02%,$0.14B,$0.43B,39.19%,$0.14B,$0.46B,34.91%,$0.21B,$0.43B,59.21%,$99,$24,$76,$9,$12,$45,$54,$-0,$54,$18,$36,$36,$36,$56,$54,$36,37,$1.01,$0.97,$225,$42,$3,$367,$80,$0,$1,$2,$96,$463,$35,$1,$0,$1,$36,$0,$200,$-0,$427,$463,$116,$4,$-3,$1,$-18,$2,$-4,$-1,$-28,$90,$-23,$-0,$0,$0,$25,$25,$0,$2,$-0,$0,$-0,$4,$4,$0,$8,$12,$103,$5,$0
15,2014-12-31,42.88,$10.63,4.03,$10.09,4.25,$1.54,27.78,$3.42,12.54,$0.33B,$0.04B,7.74,$0.00B,$0.38B,0.0,$0.37B,$0.27B,73.44%,$0.37B,$0.20B,52.85%,$0.37B,$0.20B,52.85%,$0.37B,$0.20B,54.47%,$0.37B,$0.20B,53.12%,$0.37B,$0.13B,34.42%,$0.13B,$0.38B,39.78%,$0.13B,$0.38B,39.97%,$0.13B,$0.42B,35.08%,$0.20B,$0.38B,60.89%,$115,$28,$87,$8,$11,$48,$67,$1,$67,$22,$45,$45,$45,$68,$67,$36,37,$1.26,$1.21,$185,$43,$4,$334,$75,$0,$1,$0,$90,$424,$43,$1,$0,$1,$44,$0,$163,$-0,$380,$424,$80,$3,$2,$5,$-29,$2,$-2,$3,$-32,$53,$-16,$-0,$0,$0,$27,$27,$0,$11,$-0,$0,$-0,$1,$1,$0,$1,$2,$65,$3,$0
16,2014-09-30,45.68,$9.33,4.9,$8.85,5.16,$0.15,301.72,$2.67,17.11,$0.29B,$0.04B,7.12,$0.00B,$0.33B,0.0,$0.32B,$0.23B,70.09%,$0.32B,$0.15B,47.66%,$0.32B,$0.15B,47.66%,$0.32B,$0.16B,49.84%,$0.32B,$0.16B,48.29%,$0.32B,$0.10B,30.84%,$0.10B,$0.33B,34.95%,$0.10B,$0.33B,35.11%,$0.10B,$0.37B,30.56%,$0.15B,$0.33B,53.83%,$93,$22,$72,$6,$10,$39,$55,$0,$55,$20,$35,$35,$35,$56,$55,$36,37,$0.98,$0.94,$152,$44,$3,$288,$70,$0,$1,$0,$86,$374,$40,$1,$0,$1,$41,$0,$119,$-0,$333,$374,$35,$1,$-1,$1,$-15,$1,$-7,$0,$-21,$14,$-9,$-0,$0,$0,$26,$26,$0,$16,$-0,$0,$-0,$1,$1,$0,$0,$1,$32,$2,$0
17,2014-06-30,49.62,$8.29,5.99,$7.87,6.3,$-0.22,0.0,$1.53,32.43,$0.27B,$0.05B,5.65,$0.00B,$0.30B,0.0,$0.27B,$0.15B,56.20%,$0.27B,$0.09B,31.75%,$0.27B,$0.09B,31.75%,$0.27B,$0.10B,34.67%,$0.27B,$0.09B,32.85%,$0.27B,$0.06B,21.17%,$0.06B,$0.30B,24.55%,$0.06B,$0.29B,24.68%,$0.06B,$0.34B,21.15%,$0.09B,$0.30B,36.48%,$81,$25,$56,$7,$12,$43,$37,$0,$38,$14,$24,$24,$24,$39,$37,$34,35,$0.76,$0.73,$146,$45,$2,$266,$62,$0,$1,$0,$77,$343,$47,$1,$0,$1,$48,$0,$84,$-0,$295,$343,$57,$6,$8,$14,$-35,$-12,$-2,$4,$-26,$45,$-26,$0,$0,$0,$-30,$-30,$0,$-56,$-5,$0,$-5,$73,$73,$0,$7,$74,$63,$9,$0
18,2014-03-31,35.72,$7.60,4.7,$6.97,5.13,$-0.11,0.0,$1.01,35.37,$0.24B,$0.04B,6.37,$0.00B,$0.27B,0.0,$0.23B,$0.11B,48.50%,$0.23B,$0.06B,24.03%,$0.23B,$0.06B,24.03%,$0.23B,$0.06B,27.04%,$0.23B,$0.06B,24.89%,$0.23B,$0.04B,16.31%,$0.04B,$0.27B,19.51%,$0.04B,$0.27B,19.69%,$0.04B,$0.31B,16.49%,$0.06B,$0.27B,28.25%,$80,$24,$56,$11,$10,$44,$36,$0,$36,$13,$23,$23,$23,$38,$36,$35,37,$0.66,$0.63,$123,$41,$2,$237,$57,$0,$1,$0,$70,$307,$37,$1,$0,$1,$38,$0,$60,$-0,$269,$307,$34,$5,$12,$17,$-38,$-9,$-1,$5,$-35,$16,$-20,$0,$0,$0,$-29,$-29,$0,$-49,$-5,$0,$-5,$75,$75,$0,$5,$75,$41,$6,$0
19,2013-12-31,33.1,$6.77,4.89,$6.13,5.4,$0.28,119.11,$0.52,63.65,$0.20B,$0.03B,5.93,$0.00B,$0.24B,0.01,$0.19B,$0.07B,37.50%,$0.19B,$0.03B,13.02%,$0.19B,$0.03B,13.02%,$0.19B,$0.03B,16.15%,$0.19B,$0.03B,14.06%,$0.19B,$0.02B,9.90%,$0.02B,$0.24B,11.99%,$0.02B,$0.24B,12.16%,$0.02B,$0.27B,9.68%,$0.03B,$0.24B,15.31%,$67,$26,$41,$6,$10,$42,$25,$1,$26,$10,$17,$17,$17,$27,$25,$35,36,$0.48,$0.46,$106,$36,$2,$204,$53,$0,$1,$0,$67,$272,$34,$1,$0,$1,$36,$0,$37,$-0,$236,$272,$11,$3,$13,$16,$-26,$-3,$-3,$1,$-26,$0,$-15,$0,$0,$0,$-1,$-1,$0,$-17,$-5,$0,$-5,$73,$73,$0,$0,$68,$52,$3,$0
20,2013-09-30,21.82,$4.75,4.59,$5.56,3.92,$1.00,21.92,$0.16,136.38,$0.12B,$0.02B,5.04,$0.01B,$0.15B,0.04,$0.16B,$0.04B,27.16%,$0.16B,$0.01B,3.09%,$0.16B,$0.01B,3.09%,$0.16B,$0.01B,6.17%,$0.16B,$0.01B,3.70%,$0.16B,$0.01B,3.09%,$0.01B,$0.15B,3.88%,$0.01B,$0.14B,3.96%,$0.01B,$0.18B,2.94%,$0.01B,$0.15B,3.70%,$46,$45,$1,$5,$7,$56,$-11,$0,$-10,$-4,$-6,$-6,$-6,$-9,$-11,$30,30,$-0.20,$-0.20,$46,$35,$3,$122,$41,$0,$2,$0,$53,$175,$24,$6,$0,$6,$30,$0,$21,$-0,$145,$175,$-6,$2,$17,$19,$-3,$-2,$-6,$-0,$-18,$-5,$-2,$0,$0,$0,$-1,$-1,$0,$-3,$-0,$0,$-0,$1,$1,$0,$0,$1,$-7,$1,$0
21,2013-06-30,11.91,$4.46,2.67,$5.25,2.27,$1.30,9.14,$0.46,25.89,$0.12B,$0.03B,3.51,$0.01B,$0.13B,0.05,$0.15B,$0.06B,37.75%,$0.15B,$0.02B,13.25%,$0.15B,$0.02B,13.25%,$0.15B,$0.02B,15.89%,$0.15B,$0.02B,13.91%,$0.15B,$0.01B,9.27%,$0.01B,$0.13B,11.52%,$0.01B,$0.13B,11.84%,$0.01B,$0.17B,8.42%,$0.02B,$0.14B,15.69%,$40,$25,$15,$4,$6,$34,$6,$-0,$6,$2,$4,$4,$4,$7,$6,$28,29,$0.13,$0.12,$51,$33,$1,$116,$40,$0,$3,$1,$52,$168,$33,$6,$0,$6,$39,$0,$27,$-0,$129,$168,$13,$6,$1,$7,$0,$-5,$5,$-0,$6,$27,$-8,$0,$0,$0,$-1,$-1,$0,$-9,$-1,$0,$-1,$3,$3,$0,$0,$2,$20,$1,$0
22,2013-03-31,10.11,$4.32,2.34,$5.12,1.97,$0.85,11.84,$0.39,25.92,$0.12B,$0.04B,2.95,$0.01B,$0.12B,0.05,$0.15B,$0.05B,36.73%,$0.15B,$0.02B,11.56%,$0.15B,$0.02B,11.56%,$0.15B,$0.02B,14.29%,$0.15B,$0.02B,11.56%,$0.15B,$0.01B,7.48%,$0.01B,$0.12B,9.40%,$0.01B,$0.12B,9.69%,$0.01B,$0.17B,6.88%,$0.02B,$0.13B,13.79%,$39,$24,$15,$5,$5,$34,$5,$1,$5,$1,$4,$4,$4,$6,$5,$28,29,$0.14,$0.14,$39,$33,$2,$119,$39,$0,$3,$1,$51,$170,$40,$6,$0,$6,$46,$0,$23,$-0,$124,$170,$10,$5,$1,$6,$1,$-6,$-2,$2,$-2,$13,$-6,$0,$0,$0,$2,$2,$0,$-4,$-0,$0,$-0,$2,$2,$0,$-0,$1,$11,$1,$0
23,2012-12-31,4.96,$4.16,1.19,$4.85,1.02,$0.60,8.21,$0.31,16.0,$0.12B,$0.04B,2.65,$0.01B,$0.12B,0.05,$0.14B,$0.05B,35.97%,$0.14B,$0.01B,10.07%,$0.14B,$0.01B,10.07%,$0.14B,$0.02B,13.67%,$0.14B,$0.02B,10.79%,$0.14B,$0.01B,6.47%,$0.01B,$0.12B,7.93%,$0.01B,$0.12B,8.22%,$0.01B,$0.17B,5.80%,$0.01B,$0.12B,11.69%,$37,$23,$13,$4,$5,$32,$5,$-0,$5,$2,$3,$3,$3,$6,$5,$28,28,$0.10,$0.10,$38,$31,$1,$117,$39,$0,$3,$1,$52,$168,$44,$6,$0,$6,$50,$0,$19,$-0,$118,$168,$6,$3,$1,$4,$3,$-4,$1,$0,$3,$13,$-4,$0,$0,$0,$0,$0,$0,$-4,$-0,$0,$-0,$0,$0,$0,$-0,$-0,$9,$1,$0
24,2012-09-30,4.83,$4.06,1.19,$4.53,1.07,$0.35,13.9,$0.23,21.0,$0.11B,$0.04B,2.88,$0.01B,$0.12B,0.06,$0.13B,$0.04B,33.85%,$0.13B,$0.01B,6.92%,$0.13B,$0.01B,6.92%,$0.13B,$0.02B,11.54%,$0.13B,$0.01B,8.46%,$0.13B,$0.01B,5.38%,$0.01B,$0.12B,6.32%,$0.01B,$0.11B,6.59%,$0.01B,$0.16B,4.66%,$0.01B,$0.12B,7.68%,$35,$22,$14,$4,$6,$32,$4,$2,$5,$2,$3,$3,$3,$5,$4,$28,28,$0.10,$0.10,$31,$28,$2,$108,$37,$0,$4,$1,$51,$159,$38,$6,$0,$6,$44,$0,$16,$-0,$115,$159,$3,$2,$-0,$1,$1,$-1,$-5,$-0,$-1,$3,$-1,$0,$0,$0,$2,$2,$0,$1,$-0,$0,$-0,$-0,$-0,$0,$0,$-0,$4,$1,$0
25,2012-06-30,4.24,$3.94,1.08,$4.30,0.99,$0.25,17.24,$0.14,30.29,$0.09B,$0.03B,3.67,$0.01B,$0.11B,0.06,$0.12B,$0.04B,31.45%,$0.12B,$0.01B,4.84%,$0.12B,$0.01B,4.84%,$0.12B,$0.01B,10.48%,$0.12B,$0.01B,4.84%,$0.12B,$0.00B,3.23%,$0.00B,$0.11B,3.69%,$0.00B,$0.11B,3.86%,$0.00B,$0.14B,2.71%,$0.01B,$0.12B,5.21%,$36,$24,$12,$4,$5,$33,$3,$-0,$2,$1,$1,$1,$1,$4,$3,$28,28,$0.05,$0.05,$29,$27,$1,$91,$37,$0,$4,$1,$52,$143,$25,$7,$0,$7,$31,$0,$13,$-0,$111,$143,$4,$6,$3,$9,$-6,$-0,$-0,$1,$-2,$11,$-5,$0,$0,$0,$13,$13,$0,$7,$-1,$0,$-1,$-0,$-0,$0,$-0,$-1,$17,$2,$0
26,2012-03-31,4.17,$3.84,1.09,$3.99,1.04,$-0.46,0.0,$0.02,208.5,$0.10B,$0.04B,2.84,$0.01B,$0.11B,0.06,$0.11B,$0.03B,27.19%,$0.11B,0,0.00%,$0.11B,0,0.00%,$0.11B,$0.01B,6.14%,$0.11B,$0.00B,0.88%,$0.11B,$0.00B,0.88%,$0.00B,$0.11B,0.93%,$0.00B,$0.11B,0.98%,$0.00B,$0.15B,0.67%,$0.00B,$0.12B,0.00%,$31,$20,$11,$3,$6,$28,$2,$0,$3,$1,$2,$2,$2,$4,$2,$29,29,$0.06,$0.06,$25,$28,$1,$100,$37,$0,$5,$1,$52,$151,$35,$7,$0,$7,$42,$0,$12,$-0,$110,$151,$3,$4,$3,$7,$-4,$-1,$-3,$1,$-5,$5,$-4,$0,$0,$0,$14,$14,$0,$10,$-0,$0,$-0,$-0,$-0,$0,$-0,$-1,$14,$2,$0
27,2011-12-31,4.42,$3.76,1.18,$3.84,1.15,$-0.84,0.0,$-0.05,0.0,$0.10B,$0.03B,2.83,$0.01B,$0.11B,0.06,$0.11B,$0.03B,22.94%,$0.11B,$-0.00B,-2.75%,$0.11B,$-0.00B,-2.75%,$0.11B,$0.00B,2.75%,$0.11B,$-0.00B,-2.75%,$0.11B,$-0.00B,-0.92%,$-0.00B,$0.11B,-0.94%,$-0.00B,$0.10B,-0.99%,$-0.00B,$0.15B,-0.68%,$-0.00B,$0.11B,-2.67%,$28,$20,$7,$3,$4,$27,$0,$1,$1,$1,$1,$1,$1,$2,$0,$29,29,$0.02,$0.02,$25,$24,$2,$96,$36,$0,$5,$1,$52,$148,$34,$7,$0,$7,$41,$0,$10,$-0,$107,$148,$1,$3,$2,$5,$-3,$3,$-5,$2,$-2,$4,$-2,$0,$0,$0,$14,$14,$0,$12,$-0,$0,$-0,$-0,$-0,$0,$-0,$-1,$15,$1,$0
28,2011-09-30,3.83,$3.74,1.02,$4.04,0.95,$-1.26,0.0,$0.02,191.5,$0.10B,$0.04B,2.76,$0.01B,$0.11B,0.07,$0.11B,$0.03B,23.42%,$0.11B,$0.00B,0.90%,$0.11B,$0.00B,0.90%,$0.11B,$0.01B,5.41%,$0.11B,0,0.00%,$0.11B,0,0.00%,$0.00B,$0.11B,0.00%,$0.00B,$0.10B,0.00%,$0.00B,$0.15B,0.00%,$0.00B,$0.11B,0.90%,$29,$20,$9,$2,$5,$27,$1,$-1,$0,$0,$0,$0,$0,$3,$1,$28,29,$0.01,$0.01,$24,$26,$2,$96,$35,$0,$6,$1,$52,$148,$35,$7,$0,$7,$42,$0,$9,$0,$106,$148,$0,$1,$2,$3,$-1,$0,$-3,$0,$-4,$-0,$-1,$0,$0,$0,$12,$12,$0,$11,$-0,$2,$2,$-0,$-0,$0,$0,$2,$12,$1,$0
29,2011-06-30,4.98,$3.74,1.33,$4.05,1.23,$-1.42,0.0,$-0.01,0.0,$0.09B,$0.04B,2.7,$0.01B,$0.11B,0.07,$0.11B,$0.02B,21.50%,$0.11B,$-0.00B,-0.93%,$0.11B,$-0.00B,-0.93%,$0.11B,$0.00B,2.80%,$0.11B,$-0.00B,-0.93%,$0.11B,0,0.00%,$0.00B,$0.11B,0.00%,$0.00B,$0.10B,0.00%,$0.00B,$0.15B,0.00%,$-0.00B,$0.11B,-0.94%,$26,$22,$4,$3,$4,$29,$-3,$1,$-3,$-1,$-2,$-2,$-2,$-2,$-3,$27,27,$-0.07,$-0.07,$25,$27,$1,$94,$36,$0,$6,$2,$54,$148,$35,$7,$0,$7,$42,$0,$9,$0,$106,$148,$-0,$5,$4,$9,$3,$-8,$2,$0,$-15,$-6,$-7,$0,$0,$0,$-18,$-18,$0,$-26,$0,$0,$0,$15,$15,$0,$-0,$15,$-17,$2,$0
30,2011-03-31,5.58,$3.77,1.48,$4.44,1.26,$-1.07,0.0,$0.17,32.82,$0.09B,$0.03B,2.71,$0.00B,$0.11B,0.03,$0.12B,$0.03B,26.09%,$0.12B,$0.01B,5.22%,$0.12B,$0.01B,5.22%,$0.12B,$0.01B,8.70%,$0.12B,$0.01B,5.22%,$0.12B,$0.01B,4.35%,$0.01B,$0.11B,5.10%,$0.01B,$0.10B,5.49%,$0.01B,$0.14B,3.60%,$0.01B,$0.11B,5.94%,$26,$21,$5,$2,$4,$27,$-1,$0,$-1,$-0,$-0,$-0,$-0,$0,$-1,$28,28,$-0.01,$-0.01,$23,$25,$1,$90,$35,$0,$6,$2,$53,$144,$33,$3,$1,$3,$37,$0,$11,$0,$107,$144,$2,$4,$5,$8,$3,$-6,$1,$-1,$-14,$-5,$-6,$0,$0,$0,$-7,$-7,$0,$-13,$-5,$0,$-5,$15,$15,$0,$-0,$10,$-7,$1,$0
31,2010-12-31,5.59,$3.77,1.48,$4.76,1.17,$-0.98,0.0,$0.26,21.5,$0.09B,$0.03B,2.86,$0.00B,$0.11B,0.03,$0.12B,$0.04B,29.17%,$0.12B,$0.01B,8.33%,$0.12B,$0.01B,8.33%,$0.12B,$0.01B,11.67%,$0.12B,$0.01B,8.33%,$0.12B,$0.01B,5.83%,$0.01B,$0.11B,7.55%,$0.01B,$0.10B,8.24%,$0.01B,$0.14B,5.13%,$0.01B,$0.11B,10.44%,$30,$22,$8,$2,$3,$26,$4,$-0,$4,$1,$2,$2,$2,$5,$4,$25,26,$0.09,$0.09,$23,$21,$2,$88,$34,$0,$7,$0,$53,$141,$31,$3,$1,$3,$34,$0,$12,$0,$107,$141,$2,$2,$3,$5,$3,$-2,$-2,$-1,$-12,$-5,$-4,$0,$0,$0,$0,$0,$0,$-4,$-5,$0,$-5,$15,$15,$0,$-0,$10,$1,$1,$0
32,2010-09-30,4.58,$3.57,1.28,$4.74,0.97,$-0.86,0.0,$0.17,26.94,$0.08B,$0.04B,2.0,$0.00B,$0.09B,0.03,$0.12B,$0.04B,29.41%,$0.12B,$0.01B,5.88%,$0.12B,$0.01B,5.88%,$0.12B,$0.01B,9.24%,$0.12B,$0.01B,5.88%,$0.12B,$0.01B,4.20%,$0.01B,$0.09B,5.76%,$0.01B,$0.08B,6.37%,$0.01B,$0.13B,3.77%,$0.01B,$0.09B,7.71%,$25,$19,$6,$2,$5,$26,$-1,$-0,$-1,$-0,$-0,$-0,$-0,$0,$-1,$25,25,$-0.02,$-0.02,$18,$21,$2,$78,$33,$0,$7,$0,$53,$131,$39,$3,$1,$3,$42,$0,$9,$0,$89,$131,$-0,$1,$1,$2,$7,$-2,$-1,$-2,$-4,$-2,$-2,$0,$0,$0,$0,$0,$0,$-2,$-0,$0,$-0,$-0,$-0,$0,$0,$-0,$-4,$0,$0
33,2010-06-30,4.57,$3.58,1.28,$4.97,0.92,$-0.74,0.0,$0.30,15.23,$0.09B,$0.05B,1.84,$0.00B,$0.09B,0.03,$0.13B,$0.04B,32.80%,$0.13B,$0.01B,10.40%,$0.13B,$0.01B,10.40%,$0.13B,$0.02B,13.60%,$0.13B,$0.01B,10.40%,$0.13B,$0.01B,6.40%,$0.01B,$0.09B,9.44%,$0.01B,$0.08B,10.53%,$0.01B,$0.14B,6.12%,$0.01B,$0.09B,14.44%,$34,$22,$11,$2,$5,$30,$4,$0,$4,$1,$3,$3,$3,$5,$4,$25,25,$0.12,$0.12,$23,$19,$3,$88,$32,$0,$8,$0,$52,$140,$48,$3,$1,$3,$51,$0,$10,$0,$89,$140,$8,$5,$2,$7,$-9,$-3,$-1,$0,$-8,$7,$-11,$-1,$0,$0,$0,$0,$0,$-11,$-0,$0,$-0,$1,$1,$0,$-0,$0,$-4,$2,$0
34,2010-03-31,4.25,$3.44,1.23,$5.07,0.84,$0.19,22.91,$0.29,14.66,$0.08B,$0.05B,1.85,$0.00B,$0.09B,0.04,$0.13B,$0.04B,34.92%,$0.13B,$0.01B,10.32%,$0.13B,$0.01B,10.32%,$0.13B,$0.02B,13.49%,$0.13B,$0.01B,10.32%,$0.13B,$0.01B,5.56%,$0.01B,$0.09B,8.54%,$0.01B,$0.08B,9.59%,$0.01B,$0.13B,5.51%,$0.01B,$0.09B,14.73%,$31,$21,$10,$3,$4,$29,$3,$-0,$3,$1,$2,$2,$2,$4,$3,$25,25,$0.08,$0.08,$19,$19,$2,$83,$30,$0,$8,$0,$51,$134,$45,$3,$1,$4,$48,$0,$7,$-0,$86,$134,$5,$3,$3,$6,$-7,$-3,$1,$0,$-10,$2,$-9,$-1,$0,$0,$0,$0,$0,$-9,$-0,$0,$-0,$1,$1,$0,$0,$0,$-7,$2,$0
35,2009-12-31,5.91,$3.33,1.77,$5.00,1.18,$0.81,7.32,$0.26,22.73,$0.07B,$0.03B,2.2,$0.01B,$0.08B,0.09,$0.12B,$0.05B,37.10%,$0.12B,$0.01B,9.68%,$0.12B,$0.01B,9.68%,$0.12B,$0.02B,12.90%,$0.12B,$0.01B,9.68%,$0.12B,$0.01B,4.84%,$0.01B,$0.08B,7.57%,$0.01B,$0.07B,8.57%,$0.01B,$0.13B,4.90%,$0.01B,$0.09B,13.83%,$29,$21,$8,$3,$4,$27,$1,$-0,$1,$1,$0,$0,$0,$2,$1,$25,25,$0.00,$0.00,$20,$19,$1,$74,$28,$0,$9,$0,$50,$125,$34,$8,$1,$8,$42,$0,$5,$0,$83,$125,$3,$2,$2,$4,$1,$-3,$-2,$0,$-7,$0,$-6,$-1,$0,$0,$0,$0,$0,$-7,$-0,$0,$-0,$1,$1,$0,$0,$0,$-6,$1,$0
36,2009-09-30,7.48,$3.29,2.27,$5.05,1.48,$1.31,5.69,$0.32,23.38,$0.08B,$0.04B,2.21,$0.01B,$0.08B,0.09,$0.12B,$0.05B,39.52%,$0.12B,$0.01B,11.29%,$0.12B,$0.01B,11.29%,$0.12B,$0.02B,14.52%,$0.12B,$0.01B,11.29%,$0.12B,$0.01B,6.45%,$0.01B,$0.08B,10.42%,$0.01B,$0.07B,11.90%,$0.01B,$0.12B,6.68%,$0.01B,$0.09B,16.57%,$31,$20,$12,$3,$4,$27,$5,$-0,$5,$2,$3,$3,$3,$6,$5,$25,25,$0.12,$0.11,$24,$17,$1,$77,$24,$0,$9,$0,$47,$124,$35,$8,$1,$8,$43,$0,$5,$0,$81,$124,$3,$1,$1,$2,$-1,$-1,$-1,$-1,$-5,$-1,$-1,$-1,$0,$0,$0,$0,$0,$-2,$-0,$0,$-0,$0,$0,$0,$0,$-0,$-2,$0,$0
37,2009-06-30,6.85,$3.17,2.16,$4.84,1.41,$1.75,3.91,$0.26,26.35,$0.08B,$0.04B,2.0,$0.01B,$0.08B,0.1,$0.12B,$0.05B,38.66%,$0.12B,$0.01B,9.24%,$0.12B,$0.01B,9.24%,$0.12B,$0.02B,12.61%,$0.12B,$0.01B,9.24%,$0.12B,$0.01B,5.04%,$0.01B,$0.08B,8.08%,$0.01B,$0.07B,9.30%,$0.01B,$0.13B,5.11%,$0.01B,$0.09B,13.41%,$35,$22,$14,$3,$7,$32,$4,$-0,$4,$1,$2,$2,$2,$5,$4,$24,25,$0.11,$0.11,$26,$16,$1,$77,$23,$1,$9,$0,$47,$125,$39,$8,$1,$8,$47,$0,$2,$0,$78,$125,$7,$5,$4,$9,$-6,$-5,$4,$4,$5,$21,$-2,$0,$0,$0,$1,$1,$0,$-0,$-1,$0,$-1,$0,$0,$0,$0,$-1,$20,$1,$0
38,2009-03-31,5.48,$3.05,1.79,$4.26,1.29,$1.01,5.4,$0.15,36.53,$0.07B,$0.03B,2.08,$0.01B,$0.08B,0.11,$0.11B,$0.04B,33.33%,$0.11B,$0.00B,3.81%,$0.11B,$0.00B,3.81%,$0.11B,$0.01B,8.57%,$0.11B,$0.00B,3.81%,$0.11B,$0.00B,3.81%,$0.00B,$0.08B,5.56%,$0.00B,$0.07B,6.45%,$0.00B,$0.12B,3.49%,$0.00B,$0.08B,5.00%,$29,$17,$12,$2,$7,$27,$2,$0,$2,$1,$1,$1,$1,$3,$2,$25,25,$0.05,$0.05,$15,$16,$1,$67,$23,$1,$10,$0,$49,$116,$32,$8,$1,$9,$41,$0,$-1,$0,$75,$116,$4,$4,$4,$8,$-5,$-4,$3,$1,$-3,$9,$-1,$0,$0,$0,$1,$1,$0,$1,$-1,$0,$-1,$0,$0,$0,$0,$-0,$9,$1,$0
39,2008-12-31,5.0,$2.99,1.67,$3.78,1.32,$0.71,7.09,$0.05,100.0,$0.06B,$0.03B,2.09,$0.01B,$0.07B,0.11,$0.09B,$0.03B,29.03%,$0.09B,0,0.00%,$0.09B,0,0.00%,$0.09B,$0.01B,5.38%,$0.09B,0,0.00%,$0.09B,$0.00B,2.15%,$0.00B,$0.07B,2.84%,$0.00B,$0.06B,3.32%,$0.00B,$0.11B,1.80%,$0.00B,$0.08B,0.00%,$29,$18,$11,$2,$7,$27,$3,$-0,$3,$1,$2,$2,$2,$4,$3,$24,25,$0.06,$0.06,$13,$14,$1,$61,$24,$2,$10,$0,$54,$114,$29,$8,$1,$12,$41,$0,$-2,$0,$73,$114,$3,$3,$4,$6,$-1,$-2,$-1,$1,$-2,$7,$-0,$0,$0,$0,$-0,$-0,$0,$-0,$-0,$0,$-0,$0,$0,$0,$0,$-0,$6,$1,$0
40,2008-09-30,2.25,$2.91,0.77,$3.31,0.68,$0.28,8.16,$-0.04,0.0,$0.06B,$0.03B,1.87,$0.01B,$0.07B,0.11,$0.08B,$0.02B,24.39%,$0.08B,$-0.00B,-4.88%,$0.08B,$-0.00B,-4.88%,$0.08B,$0.00B,2.44%,$0.08B,$-0.00B,-4.88%,$0.08B,$-0.00B,-1.22%,$-0.00B,$0.07B,-1.43%,$-0.00B,$0.06B,-1.69%,$-0.00B,$0.12B,-0.93%,$-0.00B,$0.08B,-5.11%,$26,$17,$9,$2,$5,$23,$2,$-0,$2,$1,$1,$1,$1,$3,$2,$24,24,$0.05,$0.05,$15,$11,$1,$60,$25,$2,$10,$0,$55,$115,$32,$8,$1,$12,$44,$0,$-4,$0,$71,$115,$1,$1,$1,$3,$5,$0,$-1,$-0,$5,$9,$-0,$0,$0,$0,$0,$0,$0,$-0,$-0,$0,$-0,$0,$0,$0,$0,$-0,$9,$0,$0
41,2008-06-30,3.9,$2.85,1.37,$2.99,1.3,$-0.27,0.0,$-0.10,0.0,$0.06B,$0.04B,1.73,$0.01B,$0.07B,0.12,$0.07B,$0.02B,21.62%,$0.07B,$-0.01B,-8.11%,$0.07B,$-0.01B,-8.11%,$0.07B,0,0.00%,$0.07B,$-0.01B,-8.11%,$0.07B,$-0.00B,-2.70%,$-0.00B,$0.07B,-2.88%,$-0.00B,$0.06B,-3.40%,$-0.00B,$0.11B,-1.92%,$-0.01B,$0.08B,-7.67%,$21,$18,$3,$1,$4,$23,$-3,$-0,$-3,$-3,$-0,$-0,$-0,$-1,$-3,$24,24,$-0.01,$-0.01,$7,$12,$1,$62,$25,$2,$10,$0,$52,$114,$36,$8,$1,$9,$44,$0,$-5,$0,$69,$114,$-2,$5,$-4,$2,$-15,$3,$2,$12,$4,$3,$-2,$0,$0,$0,$1,$1,$0,$-1,$-1,$0,$-1,$0,$0,$0,$0,$-1,$1,$1,$0
42,2008-03-31,2.39,$2.85,0.84,$2.85,0.84,$0.12,20.12,$-0.49,0.0,$0.04B,$0.02B,2.12,$0.01B,$0.07B,0.12,$0.07B,$0.02B,21.43%,$0.07B,$-0.01B,-7.14%,$0.07B,$-0.01B,-7.14%,$0.07B,0,0.00%,$0.07B,$-0.01B,-7.14%,$0.07B,$-0.01B,-7.14%,$-0.01B,$0.07B,-7.17%,$-0.01B,$0.06B,-8.55%,$-0.01B,$0.10B,-4.90%,$-0.01B,$0.08B,-6.35%,$17,$13,$4,$2,$4,$18,$-2,$-0,$-2,$-1,$-1,$-1,$-1,$-1,$-2,$24,24,$-0.05,$-0.05,$7,$12,$1,$43,$26,$3,$11,$0,$58,$101,$20,$9,$0,$12,$32,$0,$-5,$0,$69,$101,$-2,$4,$0,$4,$1,$3,$-1,$-1,$1,$3,$-2,$0,$0,$0,$1,$1,$0,$-1,$-0,$0,$-0,$-0,$-0,$0,$0,$-0,$1,$1,$0
43,2007-12-31,3.09,$2.89,1.07,$3.01,1.03,$0.48,6.46,$-0.43,0.0,$0.04B,$0.02B,2.36,$0.01B,$0.07B,0.12,$0.07B,$0.02B,21.92%,$0.07B,$-0.00B,-4.11%,$0.07B,$-0.00B,-4.11%,$0.07B,$0.00B,2.74%,$0.07B,$-0.01B,-13.70%,$0.07B,$-0.01B,-15.07%,$-0.01B,$0.07B,-15.17%,$-0.01B,$0.06B,-18.11%,$-0.01B,$0.10B,-10.38%,$-0.00B,$0.08B,-3.70%,$18,$13,$4,$1,$4,$18,$-1,$-0,$-1,$-0,$-1,$-1,$-1,$1,$-1,$24,24,$-0.03,$-0.03,$2,$12,$1,$42,$27,$2,$11,$0,$58,$100,$18,$9,$0,$12,$30,$0,$-3,$0,$70,$100,$-1,$3,$0,$3,$-2,$3,$-4,$-1,$-5,$-3,$-1,$0,$0,$0,$1,$1,$0,$-0,$-0,$0,$-0,$0,$0,$0,$0,$-0,$-3,$0,$0
44,2007-09-30,4.8,$2.91,1.65,$3.23,1.49,$0.86,5.59,$-0.36,0.0,$0.04B,$0.02B,2.17,$0.01B,$0.07B,0.13,$0.08B,$0.02B,23.08%,$0.08B,0,0.00%,$0.08B,0,0.00%,$0.08B,$0.00B,5.13%,$0.08B,$-0.01B,-8.97%,$0.08B,$-0.01B,-11.54%,$-0.01B,$0.07B,-12.04%,$-0.01B,$0.06B,-14.40%,$-0.01B,$0.10B,-8.35%,$0.00B,$0.08B,0.00%,$18,$12,$5,$1,$4,$18,$-0,$-0,$-0,$-0,$-0,$-0,$-0,$1,$-0,$24,24,$-0.01,$-0.01,$1,$13,$1,$42,$28,$3,$12,$0,$60,$102,$19,$9,$0,$12,$32,$0,$-3,$-0,$70,$102,$-0,$1,$0,$2,$-2,$2,$-4,$-1,$-5,$-3,$-1,$0,$0,$0,$-0,$-0,$0,$-1,$-0,$0,$-0,$0,$0,$0,$0,$-0,$-4,$0,$0
45,2007-06-30,6.09,$2.90,2.1,$3.41,1.78,$1.11,5.47,$-0.29,0.0,$0.04B,$0.02B,1.99,$0.01B,$0.07B,0.13,$0.08B,$0.02B,26.83%,$0.08B,$0.00B,2.44%,$0.08B,$0.00B,2.44%,$0.08B,$0.01B,7.32%,$0.08B,$-0.01B,-6.10%,$0.08B,$-0.01B,-9.76%,$-0.01B,$0.07B,-10.42%,$-0.01B,$0.06B,-12.55%,$-0.01B,$0.11B,-7.32%,$0.00B,$0.08B,2.37%,$17,$15,$2,$2,$3,$20,$-2,$-0,$-2,$0,$-3,$-3,$-3,$-1,$-2,$24,24,$-0.11,$-0.11,$5,$15,$1,$44,$28,$3,$12,$0,$60,$105,$22,$9,$0,$12,$34,$0,$-2,$-0,$70,$105,$-7,$4,$10,$15,$5,$-3,$9,$-6,$5,$13,$-2,$0,$0,$0,$2,$2,$-7,$-8,$-0,$0,$-0,$0,$0,$0,$0,$-0,$5,$1,$0
46,2007-03-31,5.15,$3.30,1.56,$3.50,1.47,$0.63,8.21,$0.15,34.33,$0.05B,$0.03B,1.88,$0.01B,$0.08B,0.09,$0.08B,$0.03B,33.33%,$0.08B,$0.01B,7.14%,$0.08B,$0.01B,7.14%,$0.08B,$0.01B,11.90%,$0.08B,$-0.00B,-1.19%,$0.08B,$-0.00B,-4.76%,$-0.00B,$0.08B,-5.11%,$-0.00B,$0.07B,-6.18%,$-0.00B,$0.12B,-3.65%,$0.01B,$0.09B,7.04%,$20,$15,$5,$2,$3,$20,$0,$-8,$-7,$-1,$-7,$-7,$-7,$1,$0,$24,24,$-0.27,$-0.27,$4,$13,$2,$53,$22,$4,$12,$0,$65,$117,$28,$7,$0,$10,$38,$0,$7,$-0,$80,$117,$-4,$3,$9,$13,$-5,$-1,$9,$0,$3,$12,$-2,$0,$0,$0,$2,$2,$-7,$-7,$-0,$0,$-0,$0,$0,$0,$0,$-0,$4,$1,$0
47,2006-12-31,6.25,$3.27,1.91,$3.31,1.89,$0.16,39.91,$0.19,32.89,$0.04B,$0.02B,2.39,$0.01B,$0.08B,0.09,$0.08B,$0.03B,36.25%,$0.08B,$0.01B,10.00%,$0.08B,$0.01B,10.00%,$0.08B,$0.01B,15.00%,$0.08B,$0.01B,10.00%,$0.08B,$0.00B,5.00%,$0.00B,$0.08B,5.19%,$0.00B,$0.07B,6.35%,$0.00B,$0.11B,3.76%,$0.01B,$0.09B,9.52%,$23,$17,$6,$2,$2,$21,$2,$0,$2,$1,$1,$1,$1,$3,$2,$24,24,$0.04,$0.04,$2,$9,$2,$44,$21,$4,$13,$0,$63,$107,$19,$7,$0,$10,$28,$0,$7,$-0,$79,$107,$2,$2,$2,$4,$-7,$3,$4,$1,$-0,$6,$-1,$0,$0,$0,$2,$2,$-5,$-5,$-0,$0,$-0,$0,$0,$0,$0,$-0,$2,$1,$0
