,Date,Stock Price,Book Value per Share,Price to Book Ratio,TTM Sales per Share,Price to Sales Ratio,TTM FCF per Share,Price to FCF Ratio,TTM Net EPS,PE Ratio,Current Assets,Current Liabilities,Current Ratio,Long Term Debt,Shareholder's Equity_x,Debt to Equity Ratio,TTM Revenue_x,TTM Gross Profit,Gross Margin,TTM Revenue_y,TTM Operating Income,Operating Margin,TTM Revenue_x,TTM EBIT,EBIT Margin,TTM Revenue_y,TTM EBITDA,EBITDA Margin,TTM Revenue_x,TTM Pre-Tax Income,Pre-Tax Margin,TTM Revenue_y,TTM Net Income_x,Net Margin,TTM Net Income_y,Shareholder's Equity_y,Return on Equity,TTM Net Income_x,Tangible Equity,Return on Tangible Equity,TTM Net Income_y,Total Assets,Return on Assets,TTM Net Income,LT Investments & Debt,Return on Investment,revenue,cost-goods-sold,gross-profit,research-development-expenses,selling-general-administrative-expenses,operating-expenses,operating-income,total-non-operating-income-expense,pre-tax-income,total-provision-income-taxes,income-after-taxes,income-from-continuous-operations,net-income,ebitda,ebit,basic-shares-outstanding,shares-outstanding,eps-basic-net-earnings-per-share,eps-earnings-per-share-diluted,cash-on-hand,inventory,other-current-assets,total-current-assets,net-property-plant-equipment,long-term-investments,goodwill-intangible-assets-total,other-long-term-assets,total-long-term-assets,total-assets,total-current-liabilities,long-term-debt,other-non-current-liabilities,total-long-term-liabilities,total-liabilities,common-stock-net,retained-earnings-accumulated-deficit,comprehensive-income,total-share-holder-equity,total-liabilities-share-holders-equity,net-income-loss,total-depreciation-amortization-cash-flow,other-non-cash-items,total-non-cash-items,change-in-accounts-receivable,change-in-inventories,change-in-accounts-payable,change-in-assets-liabilities,total-change-in-assets-liabilities,cash-flow-from-operating-activities,net-change-in-property-plant-equipment,net-change-in-intangible-assets,net-acquisitions-divestitures,net-change-in-short-term-investments,net-change-in-long-term-investments,net-change-in-investments-total,investing-activities-other,cash-flow-from-investing-activities,net-long-term-debt,net-current-debt,debt-issuance-retirement-net-total,net-common-equity-issued-repurchased,net-total-equity-issued-repurchased,total-common-preferred-stock-dividends-paid,financial-activities-other,cash-flow-from-financial-activities,net-cash-flow,stock-based-compensation,common-stock-dividends-paid
0,2018-09-30,82.8,$29.17,2.84,$97.69,0.85,$3.03,27.36,$5.73,14.45,$0.56B,$0.18B,3.05,$0.24B,$0.74B,0.33,$2.49B,$0.53B,21.49%,$2.49B,$0.21B,8.57%,$2.49B,$0.21B,8.57%,$2.49B,$0.28B,11.19%,$2.49B,$0.21B,8.41%,$2.49B,$0.15B,5.84%,$0.15B,$0.74B,20.86%,$0.15B,$0.40B,37.91%,$0.15B,$1.23B,12.71%,$0.21B,$0.98B,24.23%,$604,$478,$126,$0,$81,$559,$45,$-2,$44,$10,$34,$34,$34,$63,$45,$25,26,$1.34,$1.33,$18,$326,$0,$557,$304,$0,$335,$26,$678,$1234,$183,$244,$72,$316,$499,$0,$559,$1,$736,$1234,$128,$50,$13,$63,$-52,$-16,$-13,$-10,$-83,$108,$-93,$0,$-157,$0,$0,$0,$1,$-248,$5,$190,$195,$-14,$-14,$-44,$-4,$133,$-8,$14,$-44
1,2018-06-30,90.15,$28.28,3.19,$95.79,0.94,$4.30,20.96,$5.66,15.93,$0.55B,$0.20B,2.7,$0.22B,$0.71B,0.3,$2.44B,$0.53B,21.72%,$2.44B,$0.22B,8.87%,$2.44B,$0.22B,8.87%,$2.44B,$0.28B,11.37%,$2.44B,$0.21B,8.74%,$2.44B,$0.14B,5.87%,$0.14B,$0.71B,21.25%,$0.14B,$0.38B,37.68%,$0.14B,$1.21B,13.35%,$0.22B,$0.93B,26.72%,$684,$534,$150,$0,$86,$620,$64,$-2,$62,$15,$47,$47,$47,$81,$64,$25,25,$1.87,$1.86,$18,$324,$0,$549,$282,$0,$333,$23,$656,$1205,$203,$215,$73,$288,$492,$0,$540,$2,$713,$1205,$95,$32,$9,$41,$-52,$-15,$5,$-6,$-57,$79,$-55,$0,$-153,$0,$0,$0,$1,$-207,$5,$162,$167,$0,$0,$-29,$-18,$120,$-8,$10,$-29
2,2018-03-31,103.41,$26.92,3.84,$90.53,1.14,$5.45,18.96,$5.39,19.18,$0.55B,$0.21B,2.63,$0.23B,$0.68B,0.33,$2.30B,$0.51B,22.18%,$2.30B,$0.22B,9.35%,$2.30B,$0.22B,9.35%,$2.30B,$0.27B,11.83%,$2.30B,$0.21B,9.31%,$2.30B,$0.14B,5.92%,$0.14B,$0.68B,20.93%,$0.14B,$0.35B,36.34%,$0.14B,$1.18B,13.58%,$0.22B,$0.91B,28.91%,$650,$510,$141,$0,$81,$591,$60,$-1,$59,$11,$47,$47,$47,$75,$60,$25,25,$1.88,$1.86,$5,$324,$0,$545,$267,$0,$328,$22,$634,$1179,$207,$226,$66,$293,$500,$0,$509,$4,$679,$1179,$47,$15,$4,$20,$-71,$-17,$8,$-3,$-72,$-5,$-26,$0,$-139,$0,$0,$0,$-0,$-164,$0,$177,$177,$-14,$-14,$-14,$-1,$149,$-21,$6,$-14
3,2017-12-31,128.42,$26.12,4.92,$84.72,1.52,$7.06,18.2,$5.24,24.51,$0.42B,$0.18B,2.29,$0.05B,$0.65B,0.08,$2.15B,$0.49B,22.96%,$2.15B,$0.21B,9.97%,$2.15B,$0.21B,9.97%,$2.15B,$0.27B,12.48%,$2.15B,$0.21B,9.97%,$2.15B,$0.13B,6.15%,$0.13B,$0.65B,21.09%,$0.13B,$0.40B,34.78%,$0.13B,$0.95B,14.35%,$0.21B,$0.70B,31.66%,$547,$430,$117,$0,$73,$503,$44,$-0,$44,$26,$17,$17,$17,$59,$44,$25,25,$0.69,$0.68,$26,$275,$0,$417,$229,$0,$254,$21,$529,$946,$182,$50,$61,$111,$293,$0,$476,$2,$653,$946,$133,$55,$31,$86,$-13,$-79,$21,$-11,$-64,$155,$-87,$0,$-61,$0,$0,$0,$1,$-146,$0,$0,$0,$0,$0,$-51,$-18,$-69,$-60,$20,$-51
4,2017-09-30,113.91,$25.94,4.39,$79.32,1.44,$10.76,10.59,$5.61,20.3,$0.43B,$0.20B,2.19,$0.05B,$0.65B,0.08,$2.00B,$0.47B,23.66%,$2.00B,$0.21B,10.53%,$2.00B,$0.21B,10.53%,$2.00B,$0.26B,13.08%,$2.00B,$0.21B,10.48%,$2.00B,$0.14B,7.04%,$0.14B,$0.65B,23.49%,$0.14B,$0.39B,38.42%,$0.14B,$0.96B,16.02%,$0.21B,$0.70B,32.45%,$555,$434,$121,$0,$73,$507,$48,$-0,$48,$15,$32,$32,$32,$62,$48,$25,25,$1.28,$1.26,$20,$230,$0,$434,$210,$0,$258,$21,$522,$956,$198,$50,$61,$111,$309,$0,$472,$2,$647,$956,$115,$40,$19,$59,$-70,$-34,$30,$-19,$-66,$108,$-60,$0,$-68,$0,$0,$0,$0,$-128,$0,$0,$0,$-7,$-7,$-37,$-2,$-46,$-66,$15,$-37
5,2017-06-30,100.16,$24.86,4.03,$73.98,1.35,$14.59,6.87,$5.54,18.08,$0.42B,$0.20B,2.13,$0.05B,$0.62B,0.08,$1.86B,$0.46B,24.68%,$1.86B,$0.21B,11.18%,$1.86B,$0.21B,11.18%,$1.86B,$0.26B,13.82%,$1.86B,$0.21B,11.13%,$1.86B,$0.14B,7.47%,$0.14B,$0.62B,24.33%,$0.14B,$0.36B,39.52%,$0.14B,$0.93B,16.65%,$0.21B,$0.67B,33.48%,$547,$416,$131,$0,$68,$484,$63,$-0,$63,$22,$40,$40,$40,$76,$63,$25,25,$1.61,$1.59,$38,$203,$0,$415,$203,$0,$261,$13,$510,$925,$195,$50,$60,$110,$305,$0,$453,$1,$620,$925,$83,$26,$12,$37,$-61,$-7,$23,$-9,$-24,$97,$-43,$0,$-68,$0,$0,$0,$0,$-111,$0,$0,$0,$0,$0,$-25,$-9,$-34,$-48,$9,$-25
6,2017-03-31,97.08,$23.47,4.14,$70.04,1.39,$17.31,5.61,$5.46,17.78,$0.42B,$0.17B,2.46,$0.05B,$0.58B,0.09,$1.75B,$0.45B,25.37%,$1.75B,$0.20B,11.63%,$1.75B,$0.20B,11.63%,$1.75B,$0.25B,14.37%,$1.75B,$0.20B,11.57%,$1.75B,$0.14B,7.81%,$0.14B,$0.58B,25.28%,$0.14B,$0.37B,40.80%,$0.14B,$0.85B,17.27%,$0.20B,$0.63B,34.46%,$498,$374,$124,$0,$65,$439,$59,$-0,$59,$16,$43,$43,$43,$71,$59,$25,25,$1.73,$1.71,$64,$189,$0,$422,$179,$0,$212,$13,$431,$853,$171,$50,$47,$97,$268,$0,$426,$-1,$584,$853,$43,$12,$5,$17,$-71,$2,$18,$-2,$-39,$22,$-12,$0,$-11,$0,$0,$0,$0,$-23,$0,$0,$0,$-8,$-8,$-12,$-1,$-21,$-22,$4,$-12
7,2016-12-31,104.35,$22.23,4.69,$67.36,1.55,$18.43,5.66,$5.20,20.07,$0.37B,$0.15B,2.46,$0.05B,$0.55B,0.09,$1.68B,$0.43B,25.55%,$1.68B,$0.20B,11.97%,$1.68B,$0.20B,11.97%,$1.68B,$0.25B,14.77%,$1.68B,$0.20B,11.85%,$1.68B,$0.13B,7.74%,$0.13B,$0.55B,25.35%,$0.13B,$0.35B,41.83%,$0.13B,$0.79B,17.17%,$0.20B,$0.60B,35.72%,$403,$305,$98,$0,$57,$362,$41,$-0,$40,$14,$26,$26,$26,$53,$41,$25,25,$1.07,$1.05,$86,$189,$0,$367,$173,$0,$202,$13,$420,$787,$149,$50,$37,$87,$237,$0,$395,$-2,$550,$787,$130,$46,$14,$61,$-14,$-8,$19,$-16,$13,$203,$-44,$0,$-49,$0,$0,$0,$1,$-92,$0,$0,$0,$0,$0,$-34,$-3,$-38,$74,$15,$-34
8,2016-09-30,94.47,$21.58,4.38,$64.76,1.46,$14.81,6.38,$4.80,19.68,$0.38B,$0.15B,2.44,$0.05B,$0.53B,0.09,$1.61B,$0.40B,25.09%,$1.61B,$0.18B,11.43%,$1.61B,$0.18B,11.43%,$1.61B,$0.23B,14.29%,$1.61B,$0.18B,11.30%,$1.61B,$0.12B,7.45%,$0.12B,$0.53B,24.74%,$0.12B,$0.33B,41.78%,$0.12B,$0.78B,16.75%,$0.18B,$0.58B,34.41%,$412,$307,$106,$0,$60,$367,$45,$-0,$45,$15,$30,$30,$30,$57,$45,$25,25,$1.21,$1.19,$95,$161,$0,$375,$153,$0,$203,$14,$400,$775,$153,$50,$40,$90,$243,$0,$382,$-1,$531,$775,$103,$34,$13,$47,$-46,$13,$24,$-8,$14,$164,$-21,$0,$-34,$0,$0,$0,$-0,$-56,$0,$0,$0,$0,$0,$-22,$-4,$-25,$83,$11,$-22
9,2016-06-30,81.52,$20.46,3.98,$62.29,1.31,$10.13,8.05,$4.31,18.91,$0.36B,$0.17B,2.14,$0.05B,$0.50B,0.1,$1.54B,$0.37B,24.11%,$1.54B,$0.17B,10.76%,$1.54B,$0.17B,10.76%,$1.54B,$0.21B,13.67%,$1.54B,$0.16B,10.63%,$1.54B,$0.11B,6.93%,$0.11B,$0.50B,23.43%,$0.11B,$0.30B,40.76%,$0.11B,$0.76B,15.51%,$0.17B,$0.55B,32.12%,$441,$324,$117,$0,$58,$381,$59,$-0,$59,$21,$38,$38,$38,$71,$59,$25,25,$1.52,$1.51,$79,$149,$0,$356,$151,$0,$208,$14,$402,$758,$167,$50,$38,$88,$255,$0,$360,$-1,$503,$758,$74,$22,$8,$30,$-59,$26,$21,$-4,$30,$133,$-13,$0,$-34,$0,$0,$0,$-0,$-47,$0,$0,$0,$-1,$-1,$-15,$-4,$-20,$66,$7,$-15
10,2016-03-31,61.7,$19.07,3.23,$59.31,1.04,$6.26,9.85,$3.65,16.9,$0.32B,$0.16B,2.07,$0.05B,$0.47B,0.11,$1.46B,$0.34B,23.02%,$1.46B,$0.14B,9.63%,$1.46B,$0.14B,9.63%,$1.46B,$0.18B,12.57%,$1.46B,$0.14B,9.43%,$1.46B,$0.09B,6.15%,$0.09B,$0.47B,20.93%,$0.09B,$0.27B,36.92%,$0.09B,$0.71B,13.66%,$0.14B,$0.52B,28.34%,$423,$314,$108,$0,$53,$367,$56,$-0,$55,$19,$36,$36,$36,$67,$56,$25,25,$1.46,$1.45,$28,$165,$0,$321,$150,$0,$195,$13,$388,$709,$155,$50,$36,$86,$242,$0,$330,$0,$467,$709,$36,$11,$3,$14,$-63,$8,$19,$-2,$-6,$44,$-6,$0,$-18,$0,$0,$0,$-0,$-24,$0,$0,$0,$-3,$-3,$0,$-0,$-4,$16,$3,$0
11,2015-12-31,58.01,$18.01,3.22,$56.99,1.02,$4.69,12.36,$3.02,19.21,$0.25B,$0.10B,2.49,$0.05B,$0.44B,0.11,$1.40B,$0.31B,21.75%,$1.40B,$0.12B,8.35%,$1.40B,$0.12B,8.35%,$1.40B,$0.16B,11.34%,$1.40B,$0.12B,8.20%,$1.40B,$0.07B,5.28%,$0.07B,$0.44B,18.24%,$0.07B,$0.25B,32.42%,$0.07B,$0.62B,11.59%,$0.12B,$0.49B,24.72%,$334,$261,$73,$0,$50,$311,$24,$-0,$23,$7,$16,$16,$16,$35,$24,$24,25,$0.66,$0.65,$12,$171,$0,$246,$151,$0,$185,$12,$377,$623,$99,$50,$36,$85,$184,$0,$301,$0,$439,$623,$74,$42,$16,$58,$2,$-31,$-22,$-2,$-37,$95,$-27,$0,$-41,$0,$0,$0,$2,$-66,$50,$-16,$34,$0,$0,$-48,$-3,$-17,$12,$14,$-48
12,2015-09-30,52.03,$17.30,3.01,$55.32,0.94,$4.72,11.02,$2.86,18.19,$0.29B,$0.13B,2.24,$0.09B,$0.42B,0.22,$1.36B,$0.29B,21.30%,$1.36B,$0.11B,8.11%,$1.36B,$0.11B,8.11%,$1.36B,$0.15B,11.05%,$1.36B,$0.11B,8.03%,$1.36B,$0.07B,5.16%,$0.07B,$0.42B,17.73%,$0.07B,$0.23B,31.46%,$0.07B,$0.67B,11.31%,$0.11B,$0.51B,24.23%,$345,$271,$74,$0,$47,$318,$27,$-1,$27,$9,$17,$17,$17,$38,$27,$24,25,$0.71,$0.70,$7,$179,$0,$288,$150,$0,$189,$14,$382,$669,$129,$92,$31,$123,$252,$0,$285,$0,$418,$669,$58,$31,$12,$43,$-41,$-39,$2,$2,$-56,$45,$-20,$0,$-41,$0,$0,$0,$-0,$-61,$50,$26,$76,$-0,$-0,$-48,$-4,$23,$7,$11,$-48
13,2015-06-30,55.28,$16.40,3.37,$53.44,1.03,$5.36,10.31,$2.80,19.74,$0.27B,$0.13B,2.04,$0.08B,$0.40B,0.2,$1.31B,$0.28B,21.21%,$1.31B,$0.11B,8.12%,$1.31B,$0.11B,8.12%,$1.31B,$0.14B,11.03%,$1.31B,$0.11B,8.04%,$1.31B,$0.07B,5.21%,$0.07B,$0.40B,17.69%,$0.07B,$0.22B,31.23%,$0.07B,$0.63B,11.54%,$0.11B,$0.48B,24.59%,$362,$280,$82,$0,$48,$328,$34,$-1,$33,$12,$21,$21,$21,$44,$34,$24,25,$0.86,$0.85,$12,$163,$0,$265,$149,$0,$176,$13,$368,$634,$130,$80,$27,$107,$237,$0,$268,$0,$396,$634,$41,$20,$7,$27,$-31,$-24,$1,$2,$-32,$36,$-13,$0,$-25,$0,$0,$0,$-0,$-38,$50,$14,$64,$-1,$-1,$-48,$-2,$13,$12,$7,$-48
14,2015-03-31,58.63,$15.33,3.82,$51.97,1.13,$6.04,9.7,$2.72,21.56,$0.28B,$0.18B,1.53,$0.05B,$0.37B,0.14,$1.27B,$0.27B,21.09%,$1.27B,$0.10B,7.98%,$1.27B,$0.10B,7.98%,$1.27B,$0.14B,10.82%,$1.27B,$0.10B,7.98%,$1.27B,$0.07B,5.21%,$0.07B,$0.37B,17.59%,$0.07B,$0.21B,30.88%,$0.07B,$0.63B,11.80%,$0.10B,$0.42B,24.80%,$361,$285,$76,$0,$45,$330,$32,$-0,$32,$12,$20,$20,$20,$42,$32,$24,25,$0.83,$0.82,$28,$138,$0,$276,$149,$0,$160,$13,$353,$629,$181,$50,$28,$78,$259,$0,$249,$0,$370,$629,$20,$10,$3,$13,$-52,$-4,$14,$-0,$-26,$7,$-9,$0,$-3,$0,$0,$0,$-0,$-11,$50,$-16,$34,$-2,$-2,$0,$-0,$32,$28,$3,$0
15,2014-12-31,47.11,$16.56,2.85,$49.04,0.96,$6.98,6.75,$2.57,18.33,$0.21B,$0.11B,1.94,$0.02B,$0.40B,0.04,$1.19B,$0.25B,21.34%,$1.19B,$0.10B,7.98%,$1.19B,$0.10B,7.98%,$1.19B,$0.13B,10.76%,$1.19B,$0.10B,7.98%,$1.19B,$0.06B,5.21%,$0.06B,$0.40B,16.88%,$0.06B,$0.23B,28.87%,$0.06B,$0.54B,11.89%,$0.10B,$0.41B,24.41%,$289,$232,$57,$0,$40,$272,$17,$-0,$17,$5,$12,$12,$12,$26,$17,$24,24,$0.49,$0.48,$0,$132,$0,$208,$147,$0,$163,$14,$336,$544,$107,$16,$26,$42,$149,$0,$277,$0,$395,$544,$62,$33,$8,$41,$-1,$-22,$21,$-5,$4,$107,$-39,$0,$-107,$0,$0,$0,$2,$-144,$0,$16,$16,$0,$0,$-47,$2,$-29,$-66,$11,$-47
16,2014-09-30,38.92,$15.96,2.44,$46.62,0.83,$6.34,6.13,$2.54,15.32,$0.22B,$0.11B,2.09,$0.04B,$0.38B,0.11,$1.13B,$0.25B,21.76%,$1.13B,$0.09B,8.35%,$1.13B,$0.09B,8.35%,$1.13B,$0.13B,11.10%,$1.13B,$0.09B,8.35%,$1.13B,$0.06B,5.42%,$0.06B,$0.38B,17.58%,$0.06B,$0.21B,28.34%,$0.06B,$0.55B,12.23%,$0.09B,$0.42B,25.75%,$294,$232,$62,$0,$39,$271,$23,$-0,$23,$7,$15,$15,$15,$32,$23,$24,24,$0.65,$0.64,$0,$127,$0,$223,$134,$0,$167,$26,$327,$549,$107,$40,$26,$66,$172,$0,$265,$0,$377,$549,$50,$23,$11,$34,$-27,$-17,$16,$-4,$-18,$67,$-27,$0,$-100,$0,$0,$0,$1,$-126,$0,$40,$40,$0,$0,$-47,$-0,$-7,$-66,$8,$-47
17,2014-06-30,46.13,$15.19,3.04,$45.03,1.02,$6.24,7.4,$2.52,18.31,$0.21B,$0.11B,1.91,$0.02B,$0.36B,0.06,$1.08B,$0.24B,22.07%,$1.08B,$0.09B,8.68%,$1.08B,$0.09B,8.68%,$1.08B,$0.12B,11.36%,$1.08B,$0.09B,8.68%,$1.08B,$0.06B,5.63%,$0.06B,$0.36B,18.02%,$0.06B,$0.20B,26.78%,$0.06B,$0.52B,12.87%,$0.09B,$0.38B,27.13%,$322,$250,$72,$0,$41,$293,$29,$-0,$29,$10,$19,$19,$19,$37,$29,$24,24,$0.78,$0.77,$0,$108,$0,$208,$127,$0,$155,$26,$307,$516,$109,$22,$26,$48,$157,$0,$249,$0,$359,$516,$35,$15,$8,$23,$-37,$-1,$23,$-1,$-2,$56,$-16,$0,$-82,$0,$0,$0,$1,$-97,$0,$22,$22,$0,$0,$-47,$-0,$-25,$-66,$5,$-47
18,2014-03-31,50.0,$14.29,3.5,$43.94,1.14,$5.25,9.52,$2.42,20.66,$0.20B,$0.11B,1.94,$0.01B,$0.34B,0.03,$1.05B,$0.23B,21.76%,$1.05B,$0.09B,8.68%,$1.05B,$0.09B,8.68%,$1.05B,$0.12B,11.35%,$1.05B,$0.09B,8.68%,$1.05B,$0.06B,5.53%,$0.06B,$0.34B,17.58%,$0.06B,$0.21B,24.52%,$0.06B,$0.48B,12.76%,$0.09B,$0.35B,27.37%,$285,$222,$63,$0,$37,$259,$26,$-0,$26,$10,$16,$16,$16,$33,$26,$24,24,$0.68,$0.67,$6,$99,$0,$203,$129,$0,$124,$21,$274,$477,$105,$10,$25,$35,$140,$0,$231,$0,$338,$477,$16,$7,$3,$11,$-43,$4,$23,$5,$1,$27,$-6,$0,$-47,$0,$0,$0,$-0,$-53,$0,$10,$10,$3,$3,$-47,$-1,$-35,$-60,$3,$-47
19,2013-12-31,47.23,$13.42,3.52,$42.91,1.1,$3.95,11.95,$2.11,22.38,$0.23B,$0.12B,1.91,$0.00B,$0.31B,0.0,$1.02B,$0.21B,20.96%,$1.02B,$0.08B,7.78%,$1.02B,$0.08B,7.78%,$1.02B,$0.11B,10.43%,$1.02B,$0.08B,7.68%,$1.02B,$0.05B,4.92%,$0.05B,$0.31B,15.59%,$0.05B,$0.23B,21.16%,$0.05B,$0.45B,11.41%,$0.08B,$0.31B,24.63%,$225,$177,$48,$0,$32,$209,$16,$-0,$16,$5,$11,$11,$11,$23,$16,$23,24,$0.48,$0.46,$66,$101,$0,$226,$126,$0,$81,$8,$228,$453,$118,$0,$21,$21,$140,$0,$216,$0,$314,$453,$50,$28,$13,$40,$-9,$-3,$2,$-2,$-8,$83,$-31,$0,$-5,$0,$0,$0,$-0,$-36,$0,$0,$0,$0,$0,$0,$10,$10,$56,$11,$0
20,2013-09-30,38.92,$14.79,2.63,$42.21,0.92,$3.80,10.23,$1.86,20.93,$0.22B,$0.09B,2.61,$0.00B,$0.34B,0.0,$0.99B,$0.20B,20.28%,$0.99B,$0.07B,7.06%,$0.99B,$0.07B,7.06%,$0.99B,$0.10B,9.69%,$0.99B,$0.07B,6.96%,$0.99B,$0.04B,4.44%,$0.04B,$0.34B,14.05%,$0.04B,$0.26B,19.43%,$0.04B,$0.45B,10.51%,$0.07B,$0.34B,22.35%,$251,$195,$56,$0,$33,$228,$23,$-0,$23,$8,$15,$15,$15,$30,$23,$23,24,$0.63,$0.62,$53,$96,$0,$222,$121,$0,$83,$23,$227,$450,$85,$0,$21,$21,$106,$0,$252,$0,$343,$450,$39,$20,$10,$30,$-33,$1,$10,$4,$-8,$62,$-25,$0,$-1,$0,$0,$0,$-0,$-26,$0,$0,$0,$12,$12,$0,$-4,$8,$43,$8,$0
21,2013-06-30,33.61,$14.04,2.39,$41.61,0.81,$3.48,9.66,$1.67,20.12,$0.21B,$0.09B,2.33,$0.00B,$0.33B,0.0,$0.97B,$0.19B,19.36%,$0.97B,$0.06B,6.42%,$0.97B,$0.06B,6.42%,$0.97B,$0.09B,9.11%,$0.97B,$0.06B,6.31%,$0.97B,$0.04B,4.04%,$0.04B,$0.33B,12.70%,$0.04B,$0.24B,17.91%,$0.04B,$0.44B,9.50%,$0.06B,$0.33B,20.20%,$287,$226,$61,$0,$35,$261,$26,$-0,$26,$10,$16,$16,$16,$33,$26,$23,24,$0.68,$0.67,$32,$100,$0,$212,$117,$0,$86,$22,$226,$438,$91,$0,$22,$22,$113,$0,$237,$0,$325,$438,$24,$13,$7,$21,$-38,$-2,$12,$4,$-12,$33,$-17,$0,$-1,$0,$0,$0,$-0,$-19,$0,$0,$0,$11,$11,$0,$-3,$8,$22,$6,$0
22,2013-03-31,31.04,$13.13,2.36,$40.51,0.77,$4.47,6.94,$1.52,20.42,$0.19B,$0.09B,2.1,$0.00B,$0.30B,0.0,$0.93B,$0.17B,18.49%,$0.93B,$0.06B,5.91%,$0.93B,$0.06B,5.91%,$0.93B,$0.08B,8.60%,$0.93B,$0.05B,5.81%,$0.93B,$0.04B,3.76%,$0.04B,$0.30B,11.59%,$0.04B,$0.21B,16.63%,$0.04B,$0.41B,8.63%,$0.06B,$0.30B,18.21%,$253,$205,$48,$0,$33,$239,$14,$-0,$13,$5,$8,$8,$8,$20,$14,$23,23,$0.36,$0.36,$4,$110,$0,$188,$113,$0,$88,$7,$223,$412,$90,$0,$21,$21,$111,$0,$221,$0,$301,$412,$8,$7,$4,$10,$-32,$-13,$19,$4,$-20,$-1,$-9,$0,$0,$0,$0,$0,$-0,$-9,$0,$0,$0,$5,$5,$0,$-1,$4,$-6,$3,$0
23,2012-12-31,27.57,$12.53,2.2,$39.61,0.7,$4.79,5.76,$1.65,16.71,$0.15B,$0.07B,2.21,$0.00B,$0.28B,0.0,$0.90B,$0.17B,18.76%,$0.90B,$0.06B,6.44%,$0.90B,$0.06B,6.44%,$0.90B,$0.08B,9.32%,$0.90B,$0.06B,6.44%,$0.90B,$0.04B,4.22%,$0.04B,$0.28B,12.69%,$0.04B,$0.19B,18.47%,$0.04B,$0.37B,9.55%,$0.06B,$0.28B,19.37%,$200,$164,$36,$0,$28,$193,$7,$-0,$7,$2,$5,$5,$5,$13,$7,$23,23,$0.21,$0.20,$10,$97,$0,$154,$108,$0,$90,$7,$220,$374,$70,$0,$20,$20,$90,$0,$213,$0,$284,$374,$37,$26,$6,$32,$1,$-5,$6,$-11,$3,$73,$-27,$0,$-1,$0,$0,$0,$-0,$-28,$0,$0,$0,$8,$8,$-45,$-4,$-41,$3,$6,$-45
24,2012-09-30,22.74,$14.19,1.6,$37.95,0.6,$3.39,6.72,$1.62,14.03,$0.20B,$0.08B,2.52,$0.00B,$0.32B,0.0,$0.86B,$0.16B,18.70%,$0.86B,$0.06B,6.62%,$0.86B,$0.06B,6.62%,$0.86B,$0.08B,9.52%,$0.86B,$0.06B,6.62%,$0.86B,$0.04B,4.30%,$0.04B,$0.32B,12.43%,$0.04B,$0.23B,18.34%,$0.04B,$0.42B,9.44%,$0.06B,$0.32B,19.14%,$226,$185,$42,$0,$27,$211,$15,$-0,$15,$5,$10,$10,$10,$22,$15,$23,23,$0.43,$0.43,$33,$98,$0,$203,$102,$0,$93,$6,$216,$418,$80,$0,$20,$20,$101,$0,$255,$0,$318,$418,$33,$19,$6,$25,$-28,$-6,$0,$-7,$-13,$45,$-17,$0,$-1,$0,$0,$0,$-0,$-18,$0,$0,$0,$3,$3,$0,$-3,$-0,$26,$5,$0
25,2012-06-30,20.96,$13.67,1.53,$35.45,0.59,$2.15,9.75,$1.44,14.56,$0.21B,$0.09B,2.2,$0.00B,$0.31B,0.0,$0.80B,$0.15B,18.83%,$0.80B,$0.05B,6.36%,$0.80B,$0.05B,6.36%,$0.80B,$0.07B,9.23%,$0.80B,$0.05B,6.36%,$0.80B,$0.03B,4.11%,$0.03B,$0.31B,11.51%,$0.03B,$0.21B,17.48%,$0.03B,$0.42B,8.68%,$0.05B,$0.31B,17.66%,$251,$205,$46,$0,$27,$232,$19,$-0,$19,$7,$12,$12,$12,$25,$19,$23,23,$0.52,$0.52,$43,$91,$0,$205,$99,$0,$95,$6,$215,$419,$93,$0,$21,$21,$114,$0,$245,$0,$305,$419,$23,$12,$4,$17,$-28,$1,$29,$-5,$9,$49,$-11,$0,$-1,$0,$0,$0,$-0,$-13,$0,$0,$0,$1,$1,$0,$-2,$-0,$36,$3,$0
26,2012-03-31,20.55,$13.06,1.57,$32.69,0.63,$0.49,41.69,$1.41,14.58,$0.17B,$0.07B,2.44,$0.00B,$0.29B,0.0,$0.74B,$0.15B,19.95%,$0.74B,$0.05B,6.78%,$0.74B,$0.05B,6.78%,$0.74B,$0.07B,9.77%,$0.74B,$0.05B,6.78%,$0.74B,$0.03B,4.34%,$0.03B,$0.29B,11.53%,$0.03B,$0.19B,17.16%,$0.03B,$0.38B,8.79%,$0.05B,$0.29B,17.89%,$224,$179,$45,$0,$27,$206,$17,$-0,$17,$6,$11,$11,$11,$24,$17,$22,23,$0.50,$0.49,$4,$89,$0,$165,$95,$0,$97,$8,$215,$380,$68,$0,$22,$22,$89,$0,$233,$0,$291,$380,$11,$6,$2,$8,$-35,$4,$4,$-1,$-16,$3,$-6,$0,$-1,$0,$0,$0,$-0,$-7,$0,$0,$0,$1,$1,$0,$-0,$1,$-3,$1,$0
27,2011-12-31,18.46,$12.52,1.47,$30.37,0.61,$0.60,30.76,$1.34,13.78,$0.14B,$0.05B,2.65,$0.00B,$0.28B,0.0,$0.68B,$0.14B,20.53%,$0.68B,$0.05B,7.18%,$0.68B,$0.05B,7.18%,$0.68B,$0.07B,9.97%,$0.68B,$0.05B,7.04%,$0.68B,$0.03B,4.40%,$0.03B,$0.28B,11.17%,$0.03B,$0.18B,16.22%,$0.03B,$0.35B,8.46%,$0.05B,$0.28B,18.11%,$160,$132,$28,$0,$22,$154,$6,$-0,$6,$2,$4,$4,$4,$11,$6,$22,22,$0.19,$0.18,$7,$92,$0,$138,$95,$0,$100,$4,$214,$351,$52,$0,$22,$22,$74,$0,$222,$0,$277,$351,$30,$21,$7,$28,$-5,$-15,$4,$-2,$-21,$37,$-23,$0,$-50,$5,$0,$5,$-1,$-69,$0,$0,$0,$1,$1,$0,$-1,$-0,$-32,$5,$0
28,2011-09-30,15.04,$12.41,1.21,$28.02,0.54,$1.50,10.05,$1.30,11.57,$0.16B,$0.07B,2.31,$0.01B,$0.27B,0.03,$0.63B,$0.14B,21.50%,$0.63B,$0.05B,7.64%,$0.63B,$0.05B,7.64%,$0.63B,$0.07B,10.51%,$0.63B,$0.05B,7.48%,$0.63B,$0.03B,4.62%,$0.03B,$0.27B,11.15%,$0.03B,$0.17B,15.65%,$0.03B,$0.37B,8.44%,$0.05B,$0.28B,18.32%,$167,$135,$32,$0,$23,$157,$9,$-0,$9,$4,$6,$6,$6,$14,$9,$22,22,$0.25,$0.25,$1,$98,$0,$160,$91,$0,$101,$4,$211,$371,$70,$8,$20,$28,$98,$0,$218,$0,$274,$371,$26,$15,$4,$19,$-24,$-21,$0,$-2,$-29,$16,$-16,$0,$-49,$5,$0,$5,$-0,$-61,$0,$8,$8,$-0,$-0,$0,$-0,$8,$-37,$3,$0
29,2011-06-30,18.6,$12.12,1.53,$27.19,0.68,$2.08,8.96,$1.41,13.19,$0.18B,$0.07B,2.75,$0.00B,$0.27B,0.0,$0.61B,$0.14B,22.20%,$0.61B,$0.05B,8.55%,$0.61B,$0.05B,8.55%,$0.61B,$0.07B,11.35%,$0.61B,$0.05B,8.39%,$0.61B,$0.03B,5.10%,$0.03B,$0.27B,11.95%,$0.03B,$0.20B,16.04%,$0.03B,$0.35B,9.19%,$0.05B,$0.27B,20.04%,$186,$144,$42,$0,$24,$168,$18,$-0,$18,$7,$11,$11,$11,$23,$18,$22,22,$0.49,$0.49,$37,$84,$0,$183,$85,$0,$67,$4,$172,$354,$66,$0,$20,$20,$87,$0,$212,$0,$268,$354,$20,$10,$3,$13,$-31,$-13,$0,$-2,$-23,$10,$-11,$0,$-7,$5,$0,$5,$0,$-13,$0,$0,$0,$1,$1,$0,$-0,$0,$-2,$2,$0
30,2011-03-31,16.81,$11.57,1.45,$26.70,0.63,$2.68,6.28,$1.35,12.45,$0.17B,$0.07B,2.56,$0.00B,$0.26B,0.0,$0.60B,$0.13B,21.98%,$0.60B,$0.05B,8.39%,$0.60B,$0.05B,8.39%,$0.60B,$0.07B,11.07%,$0.60B,$0.05B,8.22%,$0.60B,$0.03B,5.03%,$0.03B,$0.26B,11.62%,$0.03B,$0.19B,15.65%,$0.03B,$0.34B,8.91%,$0.05B,$0.26B,19.36%,$169,$131,$38,$0,$22,$153,$16,$-0,$15,$6,$9,$9,$9,$20,$16,$22,22,$0.42,$0.42,$37,$78,$0,$174,$81,$0,$68,$4,$169,$343,$68,$0,$19,$19,$88,$0,$201,$0,$255,$343,$9,$5,$1,$6,$-30,$-7,$0,$-0,$-12,$3,$-3,$0,$-7,$5,$0,$5,$-0,$-5,$0,$0,$0,$0,$0,$0,$-0,$0,$-2,$1,$0
31,2010-12-31,17.1,$11.05,1.55,$25.73,0.66,$3.02,5.67,$1.26,13.57,$0.14B,$0.05B,3.17,$0.00B,$0.24B,0.0,$0.57B,$0.13B,22.16%,$0.57B,$0.05B,8.03%,$0.57B,$0.05B,8.03%,$0.57B,$0.06B,10.82%,$0.57B,$0.05B,8.03%,$0.57B,$0.03B,4.89%,$0.03B,$0.24B,10.87%,$0.03B,$0.18B,14.70%,$0.03B,$0.31B,8.39%,$0.05B,$0.24B,17.86%,$106,$83,$23,$0,$18,$102,$5,$-0,$5,$1,$3,$3,$3,$9,$5,$22,22,$0.15,$0.14,$44,$69,$0,$143,$80,$0,$65,$3,$164,$307,$45,$0,$18,$18,$63,$0,$192,$0,$243,$307,$28,$17,$2,$19,$-0,$-12,$0,$-1,$-5,$42,$-8,$0,$-22,$8,$0,$8,$-0,$-23,$0,$0,$0,$0,$0,$-33,$-0,$-33,$-13,$4,$-33
32,2010-09-30,13.84,$12.36,1.12,$25.75,0.54,$4.32,3.2,$1.25,11.07,$0.18B,$0.06B,3.11,$0.00B,$0.27B,0.0,$0.57B,$0.13B,22.38%,$0.57B,$0.05B,8.04%,$0.57B,$0.05B,8.04%,$0.57B,$0.06B,10.84%,$0.57B,$0.05B,8.04%,$0.57B,$0.03B,4.90%,$0.03B,$0.27B,10.86%,$0.03B,$0.21B,14.21%,$0.03B,$0.35B,8.51%,$0.05B,$0.27B,17.85%,$147,$115,$32,$0,$19,$134,$13,$-0,$13,$5,$8,$8,$8,$17,$13,$22,22,$0.36,$0.36,$57,$74,$0,$179,$80,$0,$67,$3,$167,$346,$57,$0,$17,$17,$74,$0,$222,$0,$272,$346,$25,$13,$2,$15,$-19,$-17,$0,$-2,$-19,$20,$-8,$0,$-22,$-3,$0,$-3,$1,$-31,$0,$0,$0,$-0,$-0,$0,$-0,$-0,$-11,$3,$0
33,2010-06-30,13.4,$11.96,1.12,$24.69,0.54,$5.76,2.33,$1.22,10.98,$0.18B,$0.07B,2.57,$0.00B,$0.26B,0.0,$0.55B,$0.12B,22.67%,$0.55B,$0.04B,8.04%,$0.55B,$0.04B,8.04%,$0.55B,$0.06B,11.15%,$0.55B,$0.04B,8.04%,$0.55B,$0.03B,4.94%,$0.03B,$0.26B,10.81%,$0.03B,$0.20B,13.81%,$0.03B,$0.35B,8.58%,$0.04B,$0.26B,17.62%,$174,$136,$38,$0,$22,$158,$16,$-0,$16,$6,$10,$10,$10,$20,$16,$22,22,$0.43,$0.43,$58,$69,$0,$184,$80,$0,$68,$3,$167,$351,$72,$0,$16,$16,$88,$0,$214,$0,$263,$351,$17,$8,$1,$10,$-29,$-12,$0,$-1,$-9,$18,$-4,$0,$-21,$2,$0,$2,$1,$-23,$0,$0,$0,$0,$0,$0,$-0,$0,$-5,$2,$0
34,2010-03-31,14.61,$11.48,1.27,$21.53,0.68,$6.36,2.3,$0.91,16.05,$0.16B,$0.06B,2.76,$0.00B,$0.25B,0.0,$0.47B,$0.11B,22.57%,$0.47B,$0.03B,6.75%,$0.47B,$0.03B,6.75%,$0.47B,$0.05B,10.34%,$0.47B,$0.03B,6.75%,$0.47B,$0.02B,4.22%,$0.02B,$0.25B,8.31%,$0.02B,$0.18B,10.35%,$0.02B,$0.33B,6.79%,$0.03B,$0.25B,13.28%,$146,$113,$34,$0,$21,$134,$12,$-0,$12,$5,$7,$7,$7,$16,$12,$22,22,$0.33,$0.33,$52,$62,$0,$163,$79,$0,$70,$3,$168,$331,$59,$0,$19,$19,$78,$0,$205,$0,$252,$331,$7,$4,$1,$5,$-22,$-4,$0,$-1,$-4,$9,$-1,$0,$-21,$3,$0,$3,$0,$-19,$0,$0,$0,$0,$0,$0,$0,$0,$-11,$1,$0
35,2009-12-31,13.7,$11.11,1.23,$18.24,0.75,$6.39,2.14,$-1.12,0.0,$0.15B,$0.04B,4.19,$0.00B,$0.24B,0.0,$0.40B,$0.08B,19.80%,$0.40B,$-0.04B,-9.02%,$0.40B,$-0.04B,-9.02%,$0.40B,$0.03B,6.77%,$0.40B,$-0.04B,-9.02%,$0.40B,$-0.02B,-6.02%,$-0.02B,$0.24B,-10.27%,$-0.02B,$0.21B,-12.44%,$-0.02B,$0.29B,-8.55%,$-0.04B,$0.24B,-15.37%,$105,$80,$24,$0,$19,$99,$5,$-0,$5,$2,$3,$3,$3,$9,$5,$22,22,$0.15,$0.15,$65,$58,$0,$149,$80,$0,$39,$3,$139,$288,$36,$0,$8,$8,$44,$0,$197,$0,$244,$288,$-24,$64,$-10,$53,$-5,$38,$0,$3,$34,$63,$-2,$0,$-2,$-13,$0,$-13,$-0,$-16,$0,$-9,$-9,$6,$6,$0,$-0,$-3,$44,$3,$0
36,2009-09-30,14.39,$10.95,1.31,$16.93,0.85,$4.07,3.54,$-1.68,0.0,$0.15B,$0.04B,3.59,$0.00B,$0.24B,0.0,$0.37B,$0.06B,17.25%,$0.37B,$-0.06B,-15.09%,$0.37B,$-0.06B,-15.09%,$0.37B,$0.01B,3.50%,$0.37B,$-0.06B,-15.09%,$0.37B,$-0.04B,-9.70%,$-0.04B,$0.24B,-15.16%,$-0.04B,$0.20B,-19.49%,$-0.04B,$0.29B,-12.57%,$-0.06B,$0.24B,-23.46%,$122,$94,$28,$0,$17,$110,$11,$-0,$11,$4,$7,$7,$7,$16,$11,$22,22,$0.33,$0.33,$47,$57,$0,$147,$83,$0,$41,$3,$142,$289,$41,$0,$9,$9,$50,$0,$195,$0,$240,$289,$-27,$59,$-11,$48,$-20,$38,$0,$2,$24,$45,$-1,$0,$-2,$-2,$0,$-2,$-0,$-5,$0,$-9,$-9,$5,$5,$0,$-0,$-4,$36,$3,$0
37,2009-06-30,8.07,$10.52,0.77,$17.10,0.47,$2.20,3.67,$-1.89,0.0,$0.13B,$0.03B,3.72,$0.00B,$0.23B,0.0,$0.37B,$0.06B,16.35%,$0.37B,$-0.06B,-16.62%,$0.37B,$-0.06B,-16.62%,$0.37B,$0.01B,1.61%,$0.37B,$-0.06B,-16.89%,$0.37B,$-0.04B,-10.72%,$-0.04B,$0.23B,-16.38%,$-0.04B,$0.19B,-22.41%,$-0.04B,$0.27B,-13.30%,$-0.06B,$0.23B,-25.13%,$101,$80,$21,$0,$16,$96,$4,$-0,$4,$1,$3,$3,$3,$8,$4,$22,22,$0.12,$0.12,$27,$59,$0,$125,$86,$0,$41,$4,$146,$271,$33,$1,$9,$10,$44,$0,$187,$0,$227,$271,$-34,$54,$-12,$42,$-14,$35,$0,$1,$18,$26,$-0,$0,$-0,$-2,$0,$-2,$-0,$-3,$0,$-7,$-7,$0,$0,$0,$-0,$-7,$16,$2,$0
38,2009-03-31,5.76,$10.36,0.56,$19.29,0.3,$0.97,5.96,$-1.59,0.0,$0.13B,$0.04B,2.99,$0.00B,$0.22B,0.01,$0.42B,$0.08B,18.20%,$0.42B,$-0.05B,-11.82%,$0.42B,$-0.05B,-11.82%,$0.42B,$0.02B,4.02%,$0.42B,$-0.05B,-12.29%,$0.42B,$-0.03B,-8.04%,$-0.03B,$0.22B,-13.37%,$-0.03B,$0.18B,-18.76%,$-0.03B,$0.28B,-10.59%,$-0.05B,$0.23B,-19.36%,$71,$65,$6,$0,$17,$127,$-56,$-0,$-56,$-20,$-37,$-37,$-37,$-6,$-56,$22,22,$-1.70,$-1.70,$14,$75,$0,$125,$87,$0,$41,$6,$150,$275,$42,$2,$7,$9,$51,$0,$185,$0,$224,$275,$-37,$50,$-14,$36,$-9,$19,$0,$-1,$9,$8,$-0,$0,$0,$0,$0,$0,$-0,$-0,$0,$-2,$-2,$0,$0,$0,$-0,$-2,$6,$1,$0
39,2008-12-31,7.96,$12.03,0.66,$23.18,0.34,$0.47,16.95,$0.52,15.31,$0.13B,$0.04B,2.98,$0.00B,$0.26B,0.01,$0.51B,$0.11B,21.14%,$0.51B,$0.02B,4.11%,$0.51B,$0.02B,4.11%,$0.51B,$0.04B,8.22%,$0.51B,$0.02B,3.72%,$0.51B,$0.01B,2.35%,$0.01B,$0.26B,4.55%,$0.01B,$0.17B,6.55%,$0.01B,$0.31B,3.50%,$0.02B,$0.26B,7.74%,$77,$67,$9,$0,$16,$92,$-15,$-0,$-15,$-6,$-9,$-9,$-9,$-5,$-15,$22,22,$-0.41,$-0.42,$9,$94,$0,$127,$89,$0,$87,$8,$184,$311,$43,$3,$7,$10,$52,$0,$221,$0,$259,$311,$12,$23,$-1,$22,$9,$-13,$0,$-2,$-29,$5,$6,$0,$-29,$0,$0,$0,$-3,$-25,$0,$-19,$-19,$-8,$-8,$0,$-0,$-27,$-48,$4,$0
40,2008-09-30,11.35,$12.42,0.91,$25.92,0.44,$4.06,2.79,$1.24,9.15,$0.15B,$0.07B,2.25,$0.01B,$0.27B,0.02,$0.57B,$0.13B,22.90%,$0.57B,$0.05B,8.04%,$0.57B,$0.05B,8.04%,$0.57B,$0.06B,10.66%,$0.57B,$0.04B,7.69%,$0.57B,$0.03B,4.72%,$0.03B,$0.27B,10.31%,$0.03B,$0.17B,14.59%,$0.03B,$0.35B,7.68%,$0.05B,$0.27B,16.83%,$124,$99,$25,$0,$20,$120,$5,$-0,$4,$2,$3,$3,$3,$9,$5,$22,22,$0.12,$0.12,$9,$107,$0,$152,$94,$0,$93,$6,$193,$346,$68,$5,$6,$11,$79,$0,$231,$-0,$267,$346,$21,$13,$0,$13,$-6,$-26,$0,$0,$-37,$-4,$7,$0,$-28,$0,$0,$0,$-3,$-25,$0,$-10,$-10,$-8,$-8,$0,$0,$-18,$-47,$3,$0
41,2008-06-30,10.58,$12.34,0.86,$28.03,0.38,$6.76,1.57,$1.62,6.53,$0.18B,$0.07B,2.5,$0.01B,$0.27B,0.03,$0.62B,$0.15B,23.67%,$0.62B,$0.06B,9.50%,$0.62B,$0.06B,9.50%,$0.62B,$0.08B,12.08%,$0.62B,$0.06B,9.34%,$0.62B,$0.04B,5.64%,$0.04B,$0.27B,13.66%,$0.04B,$0.20B,19.00%,$0.04B,$0.35B,9.82%,$0.06B,$0.27B,21.51%,$151,$114,$37,$0,$21,$135,$16,$-0,$15,$6,$9,$9,$9,$19,$16,$22,22,$0.42,$0.42,$43,$100,$0,$179,$95,$0,$70,$8,$173,$352,$71,$7,$6,$13,$84,$0,$228,$-0,$267,$352,$18,$8,$-1,$7,$-8,$-24,$0,$-0,$-32,$-7,$6,$0,$-0,$0,$0,$0,$-0,$6,$0,$-7,$-7,$-4,$-4,$0,$0,$-12,$-13,$2,$0
42,2008-03-31,16.22,$11.92,1.36,$29.56,0.55,$8.79,1.84,$1.77,9.17,$0.18B,$0.08B,2.31,$0.02B,$0.26B,0.06,$0.65B,$0.16B,23.85%,$0.65B,$0.06B,9.79%,$0.65B,$0.06B,9.79%,$0.65B,$0.08B,12.39%,$0.65B,$0.06B,9.63%,$0.65B,$0.04B,5.96%,$0.04B,$0.26B,15.79%,$0.04B,$0.19B,22.10%,$0.04B,$0.36B,10.99%,$0.06B,$0.28B,23.46%,$159,$123,$37,$0,$22,$144,$15,$-0,$15,$6,$9,$9,$9,$19,$15,$22,22,$0.41,$0.41,$50,$87,$0,$182,$97,$0,$71,$12,$180,$362,$79,$16,$6,$21,$100,$0,$219,$-0,$262,$362,$9,$4,$-0,$4,$-18,$-11,$0,$1,$-19,$-6,$3,$0,$-0,$0,$0,$0,$-0,$3,$0,$-3,$-3,$0,$0,$0,$0,$-3,$-6,$1,$0
43,2007-12-31,18.17,$11.47,1.58,$30.26,0.6,$9.42,1.93,$1.80,10.1,$0.16B,$0.07B,2.26,$0.02B,$0.25B,0.07,$0.67B,$0.16B,23.65%,$0.67B,$0.07B,9.88%,$0.67B,$0.07B,9.88%,$0.67B,$0.08B,12.43%,$0.67B,$0.06B,9.58%,$0.67B,$0.04B,5.99%,$0.04B,$0.25B,16.99%,$0.04B,$0.18B,23.92%,$0.04B,$0.35B,11.47%,$0.07B,$0.27B,24.60%,$138,$105,$32,$0,$22,$128,$10,$-1,$10,$3,$6,$6,$6,$14,$10,$22,22,$0.30,$0.29,$56,$76,$0,$161,$101,$0,$72,$12,$185,$346,$71,$18,$5,$23,$94,$0,$210,$0,$252,$346,$40,$18,$1,$18,$3,$9,$0,$1,$27,$85,$6,$0,$-17,$0,$0,$0,$-0,$-12,$0,$-28,$-28,$5,$5,$0,$0,$-24,$49,$2,$0
44,2007-09-30,26.98,$11.14,2.42,$30.34,0.89,$7.56,3.57,$1.68,16.06,$0.18B,$0.09B,2.06,$0.03B,$0.24B,0.13,$0.67B,$0.15B,23.05%,$0.67B,$0.06B,9.43%,$0.67B,$0.06B,9.43%,$0.67B,$0.08B,11.98%,$0.67B,$0.06B,8.98%,$0.67B,$0.04B,5.69%,$0.04B,$0.24B,16.98%,$0.04B,$0.17B,23.90%,$0.04B,$0.37B,11.18%,$0.06B,$0.28B,23.91%,$173,$132,$41,$0,$23,$155,$18,$-0,$18,$7,$11,$11,$11,$23,$18,$22,22,$0.51,$0.50,$44,$79,$0,$175,$106,$0,$73,$11,$190,$365,$85,$31,$5,$36,$121,$0,$203,$-0,$244,$365,$33,$13,$2,$16,$-20,$6,$0,$1,$12,$61,$2,$0,$-17,$0,$0,$0,$-0,$-16,$0,$-13,$-13,$4,$4,$0,$0,$-9,$37,$2,$0
45,2007-06-30,21.98,$10.56,2.08,$30.84,0.71,$5.74,3.83,$1.50,14.65,$0.16B,$0.08B,2.12,$0.04B,$0.23B,0.16,$0.68B,$0.15B,22.34%,$0.68B,$0.06B,8.58%,$0.68B,$0.06B,8.58%,$0.68B,$0.07B,10.95%,$0.68B,$0.05B,7.84%,$0.68B,$0.03B,5.03%,$0.03B,$0.23B,16.00%,$0.03B,$0.17B,22.52%,$0.03B,$0.35B,10.15%,$0.06B,$0.27B,22.16%,$184,$139,$46,$0,$25,$163,$21,$-1,$20,$8,$13,$13,$13,$25,$21,$22,22,$0.57,$0.57,$39,$75,$0,$160,$115,$0,$65,$7,$187,$347,$75,$37,$4,$41,$117,$0,$192,$0,$230,$347,$22,$9,$3,$11,$-18,$9,$0,$1,$10,$44,$1,$0,$-7,$0,$0,$0,$-0,$-6,$0,$-8,$-8,$2,$2,$0,$0,$-6,$32,$1,$0
46,2007-03-31,19.02,$9.93,1.92,$31.71,0.6,$4.08,4.66,$1.40,13.59,$0.15B,$0.08B,1.95,$0.04B,$0.22B,0.2,$0.69B,$0.15B,21.61%,$0.69B,$0.06B,7.93%,$0.69B,$0.06B,7.93%,$0.69B,$0.07B,10.09%,$0.69B,$0.05B,7.20%,$0.69B,$0.03B,4.47%,$0.03B,$0.22B,15.29%,$0.03B,$0.15B,21.87%,$0.03B,$0.34B,9.16%,$0.06B,$0.26B,20.77%,$173,$134,$39,$0,$23,$156,$17,$-1,$16,$6,$10,$10,$10,$21,$17,$22,22,$0.44,$0.44,$12,$84,$0,$146,$121,$0,$63,$7,$191,$337,$75,$43,$4,$46,$121,$0,$180,$0,$216,$337,$10,$4,$1,$6,$-22,$-0,$0,$1,$-4,$12,$-1,$0,$-3,$0,$0,$0,$-0,$-4,$0,$-3,$-3,$1,$1,$0,$0,$-2,$5,$1,$0
47,2006-12-31,17.25,$9.45,1.83,$33.35,0.52,$3.58,4.82,$1.43,12.06,$0.12B,$0.06B,2.05,$0.05B,$0.21B,0.22,$0.73B,$0.16B,21.26%,$0.73B,$0.06B,7.68%,$0.73B,$0.06B,7.68%,$0.73B,$0.07B,9.60%,$0.73B,$0.05B,7.00%,$0.73B,$0.03B,4.25%,$0.03B,$0.21B,16.00%,$0.03B,$0.15B,22.22%,$0.03B,$0.31B,9.19%,$0.06B,$0.25B,21.35%,$138,$110,$28,$0,$21,$131,$7,$-1,$6,$2,$4,$4,$4,$11,$7,$22,22,$0.17,$0.16,$7,$83,$0,$121,$125,$0,$59,$7,$190,$311,$59,$46,$1,$47,$106,$0,$170,$0,$205,$311,$31,$16,$3,$18,$17,$20,$0,$-2,$18,$67,$-18,$0,$-34,$0,$0,$0,$-0,$-52,$0,$-18,$-18,$3,$3,$0,$2,$-13,$2,$3,$0
