,Date,Stock Price,Book Value per Share,Price to Book Ratio,TTM Sales per Share,Price to Sales Ratio,TTM FCF per Share,Price to FCF Ratio,TTM Net EPS,PE Ratio,Current Assets,Current Liabilities,Current Ratio,Long Term Debt,Shareholder's Equity_x,Debt to Equity Ratio,TTM Revenue_x,TTM Gross Profit,Gross Margin,TTM Revenue_y,TTM Operating Income,Operating Margin,TTM Revenue_x,TTM EBIT,EBIT Margin,TTM Revenue_y,TTM EBITDA,EBITDA Margin,TTM Revenue_x,TTM Pre-Tax Income,Pre-Tax Margin,TTM Revenue_y,TTM Net Income_x,Net Margin,TTM Net Income_y,Shareholder's Equity_y,Return on Equity,TTM Net Income_x,Tangible Equity,Return on Tangible Equity,TTM Net Income_y,Total Assets,Return on Assets,TTM Net Income,LT Investments & Debt,Return on Investment,revenue,cost-goods-sold,gross-profit,research-development-expenses,selling-general-administrative-expenses,operating-expenses,operating-income,total-non-operating-income-expense,pre-tax-income,total-provision-income-taxes,income-after-taxes,income-from-continuous-operations,net-income,ebitda,ebit,basic-shares-outstanding,shares-outstanding,eps-basic-net-earnings-per-share,eps-earnings-per-share-diluted,cash-on-hand,inventory,other-current-assets,total-current-assets,net-property-plant-equipment,long-term-investments,goodwill-intangible-assets-total,other-long-term-assets,total-long-term-assets,total-assets,total-current-liabilities,long-term-debt,other-non-current-liabilities,total-long-term-liabilities,total-liabilities,common-stock-net,retained-earnings-accumulated-deficit,comprehensive-income,total-share-holder-equity,total-liabilities-share-holders-equity,net-income-loss,total-depreciation-amortization-cash-flow,other-non-cash-items,total-non-cash-items,change-in-accounts-receivable,change-in-inventories,change-in-accounts-payable,change-in-assets-liabilities,total-change-in-assets-liabilities,cash-flow-from-operating-activities,net-change-in-property-plant-equipment,net-change-in-intangible-assets,net-acquisitions-divestitures,net-change-in-short-term-investments,net-change-in-long-term-investments,net-change-in-investments-total,investing-activities-other,cash-flow-from-investing-activities,net-long-term-debt,net-current-debt,debt-issuance-retirement-net-total,net-common-equity-issued-repurchased,net-total-equity-issued-repurchased,total-common-preferred-stock-dividends-paid,financial-activities-other,cash-flow-from-financial-activities,net-cash-flow,stock-based-compensation,common-stock-dividends-paid
0,2018-09-30,18.65,$16.05,1.16,$5.52,3.38,$2.78,6.72,$1.12,16.65,$1.19B,$1.38B,0.86,$0.02B,$0.21B,0.11,$0.06B,$0.06B,91.80%,$0.06B,$0.02B,29.51%,$0.06B,0,0.00%,$0.06B,0,0.00%,$0.06B,$0.02B,26.23%,$0.06B,$0.01B,22.95%,$0.01B,$0.21B,7.72%,$0.01B,$0.15B,10.61%,$0.01B,$1.62B,0.96%,$0.02B,$0.24B,9.21%,$18,$2,$16,$0,$10,$13,$5,$-0,$5,$1,$4,$4,$4,$0,$0,$13,13,$0.32,$0.32,$27,$0,$0,$1185,$33,$293,$65,$45,$435,$1620,$1384,$23,$0,$23,$1407,$141,$92,$-7,$214,$1620,$10,$3,$1,$4,$-1,$0,$0,$-1,$-3,$11,$-0,$0,$13,$0,$19,$19,$-26,$5,$-0,$-57,$-57,$0,$0,$-6,$41,$-22,$-6,$0,$-6
1,2018-06-30,19.7,$15.97,1.23,$5.54,3.56,$2.72,7.24,$1.11,17.75,$1.19B,$1.39B,0.86,$0.03B,$0.21B,0.13,$0.06B,$0.05B,92.98%,$0.06B,$0.02B,29.82%,$0.06B,0,0.00%,$0.06B,0,0.00%,$0.06B,$0.02B,26.32%,$0.06B,$0.01B,22.81%,$0.01B,$0.21B,7.87%,$0.01B,$0.15B,10.51%,$0.01B,$1.63B,0.94%,$0.02B,$0.24B,9.78%,$15,$1,$14,$0,$10,$11,$4,$-1,$3,$0,$3,$3,$3,$0,$0,$11,11,$0.25,$0.25,$35,$0,$0,$1190,$33,$301,$65,$42,$441,$1631,$1392,$27,$0,$27,$1419,$141,$90,$-6,$212,$1631,$5,$2,$1,$3,$0,$0,$0,$-2,$-2,$6,$-0,$0,$13,$0,$12,$12,$-25,$-0,$4,$-57,$-53,$0,$0,$-4,$50,$-7,$-0,$0,$-4
2,2018-03-31,18.85,$14.80,1.27,$5.53,3.41,$2.52,7.48,$1.24,15.2,$0.87B,$1.13B,0.77,$0.01B,$0.15B,0.04,$0.06B,$0.05B,92.86%,$0.06B,$0.02B,30.36%,$0.06B,0,0.00%,$0.06B,0,0.00%,$0.06B,$0.02B,28.57%,$0.06B,$0.01B,23.21%,$0.01B,$0.15B,8.71%,$0.01B,$0.12B,11.28%,$0.01B,$1.29B,0.99%,$0.02B,$0.16B,11.26%,$14,$1,$13,$0,$9,$10,$4,$-1,$3,$0,$3,$3,$3,$0,$0,$10,10,$0.27,$0.27,$17,$0,$0,$871,$35,$310,$34,$40,$418,$1289,$1134,$6,$0,$6,$1140,$77,$89,$-6,$149,$1289,$3,$1,$-1,$0,$-1,$0,$0,$-1,$-1,$1,$-0,$0,$0,$0,$3,$3,$-7,$-4,$6,$-47,$-41,$0,$0,$-2,$38,$-5,$-8,$0,$-2
3,2017-12-31,20.11,$14.99,1.34,$5.49,3.67,$2.35,8.55,$1.29,15.59,$0.87B,$1.15B,0.76,$0.00B,$0.15B,0.0,$0.06B,$0.05B,92.73%,$0.06B,$0.02B,30.91%,$0.06B,0,0.00%,$0.06B,0,0.00%,$0.06B,$0.02B,30.91%,$0.06B,$0.01B,23.64%,$0.01B,$0.15B,8.77%,$0.01B,$0.12B,11.38%,$0.01B,$1.30B,0.99%,$0.02B,$0.15B,11.43%,$14,$1,$13,$0,$8,$9,$5,$0,$5,$1,$4,$4,$4,$0,$0,$10,10,$0.37,$0.36,$25,$0,$0,$871,$35,$317,$34,$38,$425,$1296,$1145,$0,$0,$0,$1145,$77,$87,$-2,$150,$1296,$13,$3,$1,$4,$-0,$0,$0,$1,$1,$18,$-5,$0,$0,$0,$50,$50,$-30,$15,$-0,$5,$5,$0,$0,$-6,$-25,$-26,$7,$0,$-6
4,2017-09-30,20.45,$14.94,1.37,$5.46,3.75,$1.72,11.86,$1.30,15.73,$0.85B,$1.16B,0.73,$0.00B,$0.15B,0.0,$0.06B,$0.05B,92.73%,$0.06B,$0.02B,30.91%,$0.06B,0,0.00%,$0.06B,0,0.00%,$0.06B,$0.02B,30.91%,$0.06B,$0.01B,23.64%,$0.01B,$0.15B,8.87%,$0.01B,$0.12B,11.58%,$0.01B,$1.31B,0.99%,$0.02B,$0.15B,11.56%,$14,$1,$13,$0,$8,$10,$4,$0,$4,$1,$3,$3,$3,$0,$0,$10,10,$0.31,$0.31,$21,$0,$0,$852,$35,$354,$34,$40,$462,$1314,$1164,$0,$0,$0,$1165,$77,$85,$-1,$150,$1314,$9,$3,$-0,$2,$-1,$0,$0,$2,$1,$13,$-5,$0,$0,$0,$16,$16,$-15,$-4,$-0,$-12,$-12,$0,$0,$-5,$11,$-6,$2,$0,$-5
5,2017-06-30,19.35,$14.77,1.31,$5.47,3.54,$1.54,12.53,$1.28,15.12,$0.85B,$1.19B,0.72,$0.00B,$0.15B,0.0,$0.06B,$0.05B,92.73%,$0.06B,$0.02B,30.91%,$0.06B,0,0.00%,$0.06B,0,0.00%,$0.06B,$0.02B,30.91%,$0.06B,$0.01B,23.64%,$0.01B,$0.15B,8.92%,$0.01B,$0.11B,11.69%,$0.01B,$1.34B,0.98%,$0.02B,$0.15B,11.60%,$14,$1,$13,$0,$9,$10,$4,$0,$4,$1,$3,$3,$3,$0,$0,$10,10,$0.30,$0.30,$30,$0,$0,$854,$35,$374,$34,$39,$482,$1336,$1187,$0,$0,$0,$1188,$77,$84,$-1,$148,$1336,$6,$2,$1,$2,$0,$0,$0,$-1,$-1,$8,$-4,$0,$0,$0,$-4,$-4,$-8,$-16,$-0,$-10,$-11,$0,$0,$-3,$33,$20,$11,$0,$-3
6,2017-03-31,22.89,$14.52,1.58,$5.48,4.18,$1.52,15.02,$1.27,18.02,$0.84B,$1.17B,0.72,$0.00B,$0.15B,0.0,$0.06B,$0.05B,92.73%,$0.06B,$0.02B,30.91%,$0.06B,0,0.00%,$0.06B,0,0.00%,$0.06B,$0.02B,30.91%,$0.06B,$0.01B,23.64%,$0.01B,$0.15B,8.95%,$0.01B,$0.11B,11.76%,$0.01B,$1.32B,0.99%,$0.02B,$0.15B,11.64%,$13,$1,$12,$0,$8,$9,$4,$0,$4,$1,$3,$3,$3,$0,$0,$10,10,$0.32,$0.32,$33,$0,$0,$840,$33,$372,$35,$39,$479,$1319,$1173,$0,$0,$0,$1174,$77,$82,$-2,$145,$1319,$3,$1,$0,$1,$-1,$0,$0,$-2,$-3,$2,$-2,$0,$0,$0,$-3,$-3,$8,$3,$-0,$-26,$-26,$0,$0,$-2,$37,$10,$14,$0,$-2
7,2016-12-31,22.15,$14.30,1.55,$5.48,4.05,$1.72,12.86,$1.25,17.72,$0.84B,$1.16B,0.72,$0.00B,$0.14B,0.0,$0.06B,$0.05B,92.73%,$0.06B,$0.02B,30.91%,$0.06B,0,0.00%,$0.06B,0,0.00%,$0.06B,$0.02B,30.91%,$0.06B,$0.01B,23.64%,$0.01B,$0.14B,8.98%,$0.01B,$0.11B,11.85%,$0.01B,$1.31B,0.99%,$0.02B,$0.14B,11.68%,$14,$1,$13,$0,$8,$9,$5,$0,$5,$1,$4,$4,$4,$0,$0,$10,10,$0.37,$0.37,$19,$0,$0,$835,$30,$368,$35,$39,$472,$1307,$1163,$1,$0,$1,$1164,$76,$81,$-3,$143,$1307,$12,$3,$1,$3,$-0,$0,$0,$-0,$-0,$15,$-9,$0,$0,$0,$34,$34,$-52,$-28,$-5,$5,$-1,$-1,$-1,$-6,$24,$16,$4,$0,$-6
8,2016-09-30,17.23,$14.70,1.17,$5.46,3.16,$2.40,7.18,$1.17,14.72,$0.84B,$1.19B,0.71,$0.00B,$0.15B,0.01,$0.05B,$0.05B,94.44%,$0.05B,$0.02B,29.63%,$0.05B,0,0.00%,$0.05B,0,0.00%,$0.05B,$0.02B,29.63%,$0.05B,$0.01B,22.22%,$0.01B,$0.15B,8.33%,$0.01B,$0.11B,11.01%,$0.01B,$1.33B,0.92%,$0.02B,$0.15B,10.96%,$14,$1,$13,$0,$9,$10,$4,$0,$4,$1,$3,$3,$3,$0,$0,$10,10,$0.29,$0.29,$33,$0,$0,$841,$26,$395,$35,$36,$492,$1334,$1186,$1,$0,$1,$1187,$76,$79,$4,$147,$1334,$9,$3,$0,$3,$-1,$0,$0,$0,$-1,$11,$-5,$0,$0,$0,$17,$17,$-45,$-33,$-5,$-20,$-26,$-1,$-1,$-5,$72,$40,$18,$0,$-5
9,2016-06-30,14.8,$14.66,1.01,$5.36,2.76,$2.65,5.58,$1.14,12.99,$0.82B,$1.17B,0.7,$0.00B,$0.15B,0.01,$0.05B,$0.05B,94.34%,$0.05B,$0.02B,30.19%,$0.05B,0,0.00%,$0.05B,0,0.00%,$0.05B,$0.02B,30.19%,$0.05B,$0.01B,22.64%,$0.01B,$0.15B,8.42%,$0.01B,$0.11B,11.19%,$0.01B,$1.31B,0.93%,$0.02B,$0.15B,10.98%,$14,$1,$13,$0,$9,$10,$4,$0,$4,$1,$3,$3,$3,$0,$0,$10,10,$0.30,$0.29,$19,$0,$0,$816,$25,$399,$35,$37,$497,$1313,$1166,$1,$0,$1,$1167,$76,$77,$4,$146,$1313,$6,$2,$0,$2,$-0,$0,$0,$-1,$-1,$7,$-4,$0,$0,$0,$14,$14,$-34,$-24,$-5,$-7,$-12,$-2,$-2,$-3,$37,$21,$4,$0,$-3
10,2016-03-31,14.92,$14.39,1.04,$5.42,2.75,$2.82,5.28,$1.17,12.75,$0.80B,$1.14B,0.7,$0.00B,$0.14B,0.01,$0.05B,$0.05B,94.34%,$0.05B,$0.02B,32.08%,$0.05B,0,0.00%,$0.05B,0,0.00%,$0.05B,$0.02B,30.19%,$0.05B,$0.01B,22.64%,$0.01B,$0.14B,8.54%,$0.01B,$0.11B,11.43%,$0.01B,$1.29B,0.94%,$0.02B,$0.14B,11.70%,$13,$1,$12,$0,$8,$9,$4,$0,$4,$1,$3,$3,$3,$0,$0,$10,10,$0.30,$0.30,$21,$0,$0,$797,$22,$394,$35,$38,$489,$1286,$1142,$1,$0,$1,$1143,$75,$76,$3,$143,$1286,$3,$1,$-0,$1,$-1,$0,$0,$-1,$-2,$2,$-0,$0,$0,$0,$17,$17,$-12,$5,$-5,$-26,$-31,$-2,$-2,$-2,$33,$-1,$6,$0,$-2
11,2015-12-31,15.04,$14.12,1.07,$5.41,2.78,$2.72,5.53,$1.17,12.85,$0.78B,$1.13B,0.69,$0.01B,$0.14B,0.04,$0.05B,$0.05B,96.15%,$0.05B,$0.02B,32.69%,$0.05B,0,0.00%,$0.05B,0,0.00%,$0.05B,$0.02B,30.77%,$0.05B,$0.01B,23.08%,$0.01B,$0.14B,8.76%,$0.01B,$0.11B,11.76%,$0.01B,$1.28B,0.97%,$0.02B,$0.15B,11.89%,$13,$1,$13,$0,$8,$10,$4,$-0,$4,$1,$3,$3,$3,$0,$0,$10,10,$0.29,$0.29,$15,$0,$0,$783,$22,$407,$36,$33,$498,$1281,$1134,$6,$0,$6,$1140,$77,$75,$0,$140,$1281,$11,$3,$1,$4,$-0,$0,$0,$-1,$-2,$13,$-0,$0,$9,$0,$-36,$-36,$-38,$-66,$-5,$21,$15,$0,$0,$-6,$42,$51,$-1,$0,$-6
12,2015-09-30,14.74,$14.22,1.04,$5.40,2.73,$3.07,4.8,$1.22,12.08,$0.79B,$1.13B,0.7,$0.01B,$0.14B,0.04,$0.05B,$0.05B,94.23%,$0.05B,$0.02B,32.69%,$0.05B,0,0.00%,$0.05B,0,0.00%,$0.05B,$0.02B,30.77%,$0.05B,$0.01B,23.08%,$0.01B,$0.14B,8.99%,$0.01B,$0.11B,12.12%,$0.01B,$1.28B,1.01%,$0.02B,$0.15B,12.08%,$13,$1,$12,$0,$8,$9,$4,$-0,$4,$1,$3,$3,$3,$0,$0,$10,10,$0.26,$0.26,$33,$0,$0,$793,$22,$391,$36,$32,$482,$1275,$1128,$6,$0,$6,$1134,$77,$73,$2,$141,$1275,$9,$2,$0,$2,$-1,$0,$0,$-1,$-2,$9,$-0,$0,$9,$0,$-17,$-17,$-30,$-38,$-5,$-2,$-7,$0,$0,$-4,$58,$47,$17,$0,$-4
13,2015-06-30,14.6,$13.91,1.05,$5.43,2.69,$3.20,4.57,$1.25,11.68,$0.78B,$1.11B,0.71,$0.01B,$0.14B,0.04,$0.05B,$0.05B,94.12%,$0.05B,$0.02B,33.33%,$0.05B,0,0.00%,$0.05B,0,0.00%,$0.05B,$0.02B,31.37%,$0.05B,$0.01B,23.53%,$0.01B,$0.14B,9.30%,$0.01B,$0.10B,12.40%,$0.01B,$1.25B,1.04%,$0.02B,$0.14B,12.34%,$14,$1,$13,$0,$8,$9,$5,$-1,$4,$1,$3,$3,$3,$0,$0,$10,10,$0.33,$0.32,$28,$0,$0,$780,$23,$379,$36,$32,$470,$1249,$1106,$6,$0,$6,$1112,$77,$72,$0,$138,$1249,$6,$1,$0,$1,$-0,$0,$0,$-2,$-2,$5,$-0,$0,$9,$0,$-7,$-7,$-22,$-20,$-5,$-4,$-9,$0,$0,$-3,$39,$27,$12,$0,$-3
14,2015-03-31,13.65,$13.80,0.99,$5.28,2.59,$3.11,4.39,$1.21,11.28,$0.72B,$1.00B,0.72,$0.01B,$0.13B,0.05,$0.05B,$0.05B,93.88%,$0.05B,$0.02B,32.65%,$0.05B,0,0.00%,$0.05B,0,0.00%,$0.05B,$0.02B,30.61%,$0.05B,$0.01B,24.49%,$0.01B,$0.13B,9.58%,$0.01B,$0.10B,12.63%,$0.01B,$1.13B,1.06%,$0.02B,$0.14B,11.83%,$12,$1,$12,$0,$8,$8,$4,$-0,$4,$1,$3,$3,$3,$0,$0,$9,9,$0.30,$0.30,$18,$0,$0,$716,$20,$329,$32,$31,$413,$1129,$995,$6,$0,$6,$1001,$67,$71,$2,$129,$1129,$3,$1,$-0,$1,$-1,$0,$0,$-2,$-3,$1,$0,$0,$0,$0,$-13,$-13,$-3,$-16,$-5,$-3,$-8,$0,$0,$-1,$28,$18,$2,$0,$-1
15,2014-12-31,13.31,$13.50,0.99,$5.17,2.57,$3.15,4.23,$1.05,12.68,$0.71B,$0.97B,0.73,$0.01B,$0.13B,0.09,$0.05B,$0.04B,91.67%,$0.05B,$0.02B,31.25%,$0.05B,0,0.00%,$0.05B,0,0.00%,$0.05B,$0.01B,27.08%,$0.05B,$0.01B,20.83%,$0.01B,$0.13B,8.13%,$0.01B,$0.09B,10.64%,$0.01B,$1.11B,0.89%,$0.02B,$0.14B,11.17%,$13,$1,$12,$0,$7,$8,$4,$-0,$4,$1,$3,$3,$3,$0,$0,$9,9,$0.34,$0.34,$16,$0,$0,$712,$21,$314,$32,$29,$396,$1108,$971,$11,$0,$11,$982,$67,$69,$1,$126,$1108,$10,$3,$0,$3,$0,$0,$0,$2,$3,$16,$-0,$0,$-9,$0,$5,$5,$-6,$-11,$-1,$7,$7,$0,$0,$-6,$-5,$-4,$1,$0,$-6
16,2014-09-30,13.12,$13.24,0.99,$5.17,2.54,$2.82,4.66,$0.98,13.39,$0.72B,$0.99B,0.72,$0.01B,$0.12B,0.09,$0.05B,$0.04B,91.30%,$0.05B,$0.02B,32.61%,$0.05B,0,0.00%,$0.05B,0,0.00%,$0.05B,$0.01B,26.09%,$0.05B,$0.01B,19.57%,$0.01B,$0.12B,7.42%,$0.01B,$0.10B,9.35%,$0.01B,$1.12B,0.83%,$0.02B,$0.14B,11.30%,$12,$1,$11,$0,$7,$9,$4,$-0,$4,$1,$3,$3,$3,$0,$0,$9,9,$0.30,$0.29,$33,$0,$0,$716,$21,$322,$28,$37,$408,$1123,$989,$11,$0,$11,$1000,$67,$68,$0,$123,$1123,$7,$2,$0,$2,$-1,$0,$0,$1,$0,$9,$0,$0,$-9,$0,$-5,$-5,$7,$-7,$-1,$16,$15,$0,$0,$-4,$6,$16,$18,$0,$-4
17,2014-06-30,13.97,$13.18,1.06,$5.22,2.67,$2.79,5.01,$0.99,14.11,$0.71B,$1.02B,0.7,$0.01B,$0.12B,0.09,$0.04B,$0.04B,93.18%,$0.04B,$0.01B,31.82%,$0.04B,0,0.00%,$0.04B,0,0.00%,$0.04B,$0.01B,25.00%,$0.04B,$0.01B,18.18%,$0.01B,$0.12B,7.05%,$0.01B,$0.10B,8.72%,$0.01B,$1.15B,0.77%,$0.01B,$0.13B,11.18%,$12,$1,$11,$0,$8,$9,$4,$-0,$3,$1,$3,$3,$3,$0,$0,$9,9,$0.28,$0.28,$19,$0,$0,$707,$21,$358,$28,$37,$444,$1151,$1017,$12,$0,$12,$1029,$67,$66,$1,$123,$1151,$4,$1,$0,$2,$0,$0,$0,$-1,$-1,$4,$-1,$0,$-9,$0,$-39,$-39,$1,$-47,$-1,$14,$14,$0,$0,$-3,$36,$47,$4,$0,$-3
18,2014-03-31,14.8,$12.89,1.15,$5.29,2.8,$2.92,5.06,$1.01,14.65,$0.72B,$1.00B,0.71,$0.01B,$0.12B,0.1,$0.04B,$0.04B,93.02%,$0.04B,$0.01B,30.23%,$0.04B,0,0.00%,$0.04B,0,0.00%,$0.04B,$0.01B,25.58%,$0.04B,$0.01B,16.28%,$0.01B,$0.12B,6.65%,$0.01B,$0.09B,8.05%,$0.01B,$1.13B,0.71%,$0.01B,$0.13B,11.06%,$11,$1,$10,$0,$7,$8,$3,$-1,$2,$0,$1,$1,$1,$0,$0,$9,9,$0.14,$0.14,$33,$0,$0,$715,$21,$332,$27,$38,$418,$1134,$1002,$12,$0,$12,$1014,$67,$65,$-1,$120,$1134,$1,$1,$-0,$1,$-1,$0,$0,$-0,$-1,$1,$-0,$0,$-9,$0,$-15,$-15,$8,$-16,$-1,$2,$1,$0,$0,$-1,$33,$33,$19,$0,$-1
19,2013-12-31,15.15,$12.80,1.18,$5.47,2.77,$2.90,5.22,$1.10,13.77,$0.59B,$0.80B,0.73,$0.01B,$0.12B,0.1,$0.04B,$0.04B,90.70%,$0.04B,$0.01B,30.23%,$0.04B,0,0.00%,$0.04B,0,0.00%,$0.04B,$0.01B,25.58%,$0.04B,$0.01B,18.60%,$0.01B,$0.12B,8.10%,$0.01B,$0.10B,9.52%,$0.01B,$0.93B,0.85%,$0.01B,$0.13B,11.66%,$11,$1,$10,$0,$6,$7,$4,$-0,$3,$1,$2,$2,$2,$0,$0,$8,8,$0.27,$0.27,$15,$0,$0,$585,$20,$279,$17,$31,$347,$932,$801,$12,$0,$12,$813,$67,$65,$-2,$119,$932,$9,$2,$-1,$1,$-0,$0,$0,$1,$1,$10,$0,$0,$10,$0,$11,$11,$-21,$-1,$-3,$-5,$-8,$27,$27,$-5,$-22,$-9,$1,$0,$-5
20,2013-09-30,16.11,$12.07,1.33,$5.57,2.89,$3.11,5.18,$1.15,14.01,$0.58B,$0.84B,0.69,$0.01B,$0.09B,0.14,$0.04B,$0.04B,90.48%,$0.04B,$0.01B,28.57%,$0.04B,0,0.00%,$0.04B,0,0.00%,$0.04B,$0.01B,26.19%,$0.04B,$0.01B,19.05%,$0.01B,$0.09B,8.94%,$0.01B,$0.08B,10.32%,$0.01B,$0.94B,0.88%,$0.01B,$0.11B,11.68%,$10,$1,$10,$0,$6,$7,$3,$0,$3,$1,$2,$2,$2,$0,$0,$8,8,$0.31,$0.30,$15,$0,$0,$577,$20,$297,$14,$34,$365,$942,$838,$12,$0,$12,$850,$40,$65,$-1,$92,$942,$6,$2,$-1,$1,$-1,$0,$0,$1,$-0,$7,$0,$0,$10,$0,$-5,$-5,$-13,$-8,$-3,$9,$6,$0,$0,$-3,$0,$3,$1,$0,$-3
21,2013-06-30,18.64,$11.82,1.58,$5.64,3.31,$3.26,5.71,$1.12,16.64,$0.57B,$0.84B,0.68,$0.01B,$0.09B,0.14,$0.04B,$0.04B,85.71%,$0.04B,$0.01B,26.19%,$0.04B,0,0.00%,$0.04B,0,0.00%,$0.04B,$0.01B,23.81%,$0.04B,$0.01B,19.05%,$0.01B,$0.09B,9.20%,$0.01B,$0.08B,10.39%,$0.01B,$0.95B,0.91%,$0.01B,$0.10B,10.95%,$11,$1,$10,$0,$6,$7,$3,$-0,$3,$1,$2,$2,$2,$0,$0,$8,8,$0.31,$0.30,$20,$0,$0,$573,$20,$305,$14,$33,$373,$946,$842,$13,$0,$13,$855,$40,$63,$-1,$90,$946,$4,$1,$-1,$0,$-0,$0,$0,$-0,$-1,$4,$1,$0,$10,$0,$-14,$-14,$-4,$-7,$-3,$23,$20,$0,$0,$-2,$-7,$10,$6,$0,$-2
22,2013-03-31,13.78,$12.35,1.12,$5.65,2.44,$3.43,4.02,$1.11,12.41,$0.58B,$0.84B,0.69,$0.01B,$0.09B,0.14,$0.04B,$0.03B,85.00%,$0.04B,$0.01B,27.50%,$0.04B,0,0.00%,$0.04B,0,0.00%,$0.04B,$0.01B,25.00%,$0.04B,$0.01B,20.00%,$0.01B,$0.09B,9.47%,$0.01B,$0.08B,10.42%,$0.01B,$0.95B,0.95%,$0.01B,$0.11B,11.00%,$11,$1,$9,$0,$6,$7,$3,$-1,$2,$1,$2,$2,$2,$0,$0,$8,8,$0.23,$0.23,$28,$0,$0,$575,$20,$304,$14,$33,$372,$946,$839,$13,$0,$13,$852,$40,$62,$4,$94,$946,$2,$1,$-1,$-0,$-1,$0,$0,$-1,$-2,$-0,$1,$0,$10,$0,$-5,$-5,$3,$8,$-2,$-2,$-5,$0,$0,$-1,$13,$7,$15,$0,$-1
23,2012-12-31,11.21,$12.18,0.92,$5.74,1.95,$3.67,3.06,$1.22,9.19,$0.46B,$0.69B,0.67,$0.01B,$0.08B,0.17,$0.04B,$0.03B,87.18%,$0.04B,$0.01B,28.21%,$0.04B,0,0.00%,$0.04B,0,0.00%,$0.04B,$0.01B,28.21%,$0.04B,$0.01B,20.51%,$0.01B,$0.08B,9.91%,$0.01B,$0.08B,10.67%,$0.01B,$0.79B,0.99%,$0.01B,$0.10B,11.22%,$10,$1,$9,$0,$6,$7,$3,$0,$3,$1,$2,$2,$2,$0,$0,$7,7,$0.32,$0.32,$13,$0,$0,$464,$17,$277,$6,$25,$325,$789,$693,$14,$0,$14,$707,$27,$62,$5,$82,$789,$8,$3,$-1,$2,$-0,$0,$0,$0,$0,$11,$-0,$0,$0,$0,$-9,$-9,$4,$-6,$-8,$-8,$-16,$0,$0,$-4,$8,$-12,$-6,$0,$-4
24,2012-09-30,10.84,$12.21,0.89,$5.73,1.89,$3.31,3.27,$1.18,9.19,$0.49B,$0.72B,0.68,$0.01B,$0.08B,0.17,$0.04B,$0.03B,84.62%,$0.04B,$0.01B,23.08%,$0.04B,0,0.00%,$0.04B,0,0.00%,$0.04B,$0.01B,28.21%,$0.04B,$0.01B,20.51%,$0.01B,$0.08B,10.03%,$0.01B,$0.08B,10.81%,$0.01B,$0.82B,0.99%,$0.01B,$0.10B,9.11%,$10,$1,$8,$0,$6,$7,$2,$0,$2,$1,$2,$2,$2,$0,$0,$7,7,$0.27,$0.27,$33,$0,$0,$488,$17,$281,$6,$26,$330,$817,$721,$14,$0,$14,$735,$27,$61,$6,$82,$817,$6,$2,$-0,$2,$-1,$0,$0,$1,$-0,$8,$-0,$0,$0,$0,$-12,$-12,$1,$-12,$-7,$-10,$-17,$0,$0,$-3,$38,$18,$14,$0,$-3
25,2012-06-30,10.66,$11.97,0.89,$5.80,1.84,$2.92,3.65,$1.19,8.96,$0.49B,$0.73B,0.66,$0.02B,$0.08B,0.25,$0.04B,$0.03B,84.62%,$0.04B,$0.01B,23.08%,$0.04B,0,0.00%,$0.04B,0,0.00%,$0.04B,$0.01B,28.21%,$0.04B,$0.01B,20.51%,$0.01B,$0.08B,10.19%,$0.01B,$0.08B,10.96%,$0.01B,$0.83B,0.99%,$0.01B,$0.10B,9.05%,$9,$1,$8,$0,$5,$7,$3,$0,$3,$1,$2,$2,$2,$0,$0,$7,7,$0.30,$0.29,$27,$0,$0,$486,$17,$300,$6,$24,$346,$832,$731,$20,$0,$20,$751,$27,$60,$5,$80,$832,$4,$2,$-0,$1,$-0,$0,$0,$-0,$-0,$5,$-0,$0,$0,$0,$-32,$-32,$-1,$-33,$-1,$-8,$-9,$0,$0,$-2,$47,$36,$7,$0,$-2
26,2012-03-31,10.46,$11.70,0.89,$5.90,1.77,$2.60,4.02,$1.20,8.72,$0.48B,$0.69B,0.69,$0.02B,$0.08B,0.26,$0.04B,$0.03B,82.50%,$0.04B,$0.01B,22.50%,$0.04B,0,0.00%,$0.04B,0,0.00%,$0.04B,$0.01B,27.50%,$0.04B,$0.01B,20.00%,$0.01B,$0.08B,10.39%,$0.01B,$0.07B,11.23%,$0.01B,$0.79B,1.00%,$0.01B,$0.10B,9.16%,$10,$1,$9,$0,$6,$7,$3,$0,$3,$1,$2,$2,$2,$0,$0,$7,7,$0.34,$0.34,$25,$0,$0,$479,$17,$266,$6,$24,$313,$792,$693,$21,$0,$21,$713,$27,$59,$4,$79,$792,$2,$1,$-0,$1,$-1,$0,$0,$-0,$-1,$2,$-0,$0,$0,$0,$1,$1,$3,$4,$-1,$-11,$-12,$0,$0,$-1,$12,$-1,$6,$0,$-1
27,2011-12-31,10.1,$11.63,0.87,$5.90,1.71,$2.34,4.33,$1.20,8.42,$0.48B,$0.69B,0.69,$0.02B,$0.08B,0.27,$0.04B,$0.03B,80.00%,$0.04B,$0.01B,20.00%,$0.04B,0,0.00%,$0.04B,0,0.00%,$0.04B,$0.01B,25.00%,$0.04B,$0.01B,20.00%,$0.01B,$0.08B,10.67%,$0.01B,$0.07B,11.51%,$0.01B,$0.79B,1.01%,$0.01B,$0.10B,8.25%,$10,$1,$8,$0,$7,$8,$1,$0,$3,$1,$2,$2,$2,$0,$0,$7,7,$0.29,$0.28,$20,$0,$0,$478,$17,$268,$6,$23,$314,$792,$692,$21,$0,$21,$714,$27,$58,$5,$78,$792,$8,$3,$-1,$3,$0,$0,$0,$0,$-0,$11,$-3,$0,$2,$0,$-12,$-21,$-8,$-21,$-2,$-0,$-2,$0,$0,$-4,$50,$19,$9,$0,$-4
28,2011-09-30,10.29,$0.00,0.0,$6.09,1.69,$2.98,3.46,$1.27,8.1,$0.48B,$0.71B,0.68,$0.02B,$0.08B,0.28,$0.04B,$0.03B,80.49%,$0.04B,$0.01B,26.83%,$0.04B,0,0.00%,$0.04B,0,0.00%,$0.04B,$0.01B,24.39%,$0.04B,$0.01B,19.51%,$0.01B,$0.08B,10.92%,$0.01B,$0.07B,11.81%,$0.01B,$0.81B,1.02%,$0.01B,$0.10B,11.49%,$10,$2,$8,$0,$6,$8,$2,$0,$2,$1,$2,$2,$2,$0,$0,$7,7,$0.28,$0.28,$33,$0,$0,$479,$0,$282,$6,$24,$312,$809,$709,$22,$0,$22,$731,$11,$57,$0,$77,$809,$6,$2,$-1,$1,$-1,$0,$0,$-0,$-1,$7,$-2,$0,$0,$0,$-26,$-26,$6,$-22,$-1,$-9,$-11,$0,$0,$-3,$51,$37,$22,$0,$-3
29,2011-06-30,9.07,$0.00,0.0,$6.21,1.46,$3.41,2.66,$1.29,7.03,$0.48B,$0.70B,0.69,$0.02B,$0.07B,0.3,$0.04B,$0.03B,80.95%,$0.04B,$0.01B,28.57%,$0.04B,0,0.00%,$0.04B,0,0.00%,$0.04B,$0.01B,26.19%,$0.04B,$0.01B,19.05%,$0.01B,$0.07B,11.11%,$0.01B,$0.07B,12.08%,$0.01B,$0.79B,1.03%,$0.01B,$0.10B,12.63%,$10,$2,$8,$0,$6,$7,$3,$0,$3,$1,$2,$2,$2,$0,$0,$7,7,$0.30,$0.30,$27,$0,$0,$481,$0,$265,$6,$24,$294,$793,$697,$22,$0,$22,$719,$11,$56,$0,$74,$793,$4,$1,$-1,$0,$-0,$0,$0,$-0,$-0,$4,$-2,$0,$0,$0,$-13,$-13,$-2,$-16,$-1,$-9,$-11,$0,$0,$-2,$40,$28,$16,$0,$-2
30,2011-03-31,8.78,$0.00,0.0,$6.44,1.36,$3.72,2.36,$1.40,6.27,$0.49B,$0.67B,0.73,$0.02B,$0.07B,0.31,$0.04B,$0.04B,81.40%,$0.04B,$0.01B,27.91%,$0.04B,0,0.00%,$0.04B,0,0.00%,$0.04B,$0.01B,25.58%,$0.04B,$0.01B,20.93%,$0.01B,$0.07B,12.68%,$0.01B,$0.07B,13.79%,$0.01B,$0.77B,1.17%,$0.01B,$0.09B,12.70%,$10,$2,$8,$0,$6,$8,$2,$0,$2,$0,$1,$1,$2,$0,$0,$7,7,$0.34,$0.34,$32,$0,$0,$492,$0,$226,$6,$24,$257,$765,$672,$22,$0,$22,$694,$11,$55,$0,$71,$765,$2,$1,$-1,$-0,$-1,$0,$0,$-0,$-1,$1,$-1,$0,$0,$0,$24,$24,$-8,$15,$-1,$-10,$-11,$0,$0,$-1,$17,$4,$21,$0,$-1
31,2010-12-31,8.85,$0.00,0.0,$6.55,1.35,$4.02,2.2,$1.39,6.37,$0.46B,$0.67B,0.7,$0.02B,$0.07B,0.33,$0.04B,$0.04B,81.82%,$0.04B,$0.01B,29.55%,$0.04B,0,0.00%,$0.04B,0,0.00%,$0.04B,$0.01B,27.27%,$0.04B,$0.01B,20.45%,$0.01B,$0.07B,12.86%,$0.01B,$0.07B,14.06%,$0.01B,$0.76B,1.18%,$0.01B,$0.09B,13.87%,$11,$2,$9,$0,$5,$7,$4,$0,$3,$1,$2,$2,$2,$0,$0,$7,7,$0.36,$0.35,$11,$0,$0,$463,$0,$251,$6,$24,$281,$760,$666,$23,$0,$23,$689,$11,$54,$0,$71,$760,$9,$3,$-0,$3,$0,$0,$0,$2,$2,$14,$-1,$0,$0,$0,$-34,$-31,$4,$-31,$-2,$7,$-2,$0,$0,$-4,$29,$16,$-2,$0,$-4
32,2010-09-30,8.55,$0.00,0.0,$6.55,1.31,$3.29,2.6,$1.29,6.63,$0.50B,$0.69B,0.72,$0.02B,$0.07B,0.33,$0.04B,$0.04B,81.82%,$0.04B,$0.01B,27.27%,$0.04B,0,0.00%,$0.04B,0,0.00%,$0.04B,$0.01B,27.27%,$0.04B,$0.01B,20.45%,$0.01B,$0.07B,13.09%,$0.01B,$0.07B,14.34%,$0.01B,$0.78B,1.19%,$0.01B,$0.10B,12.90%,$11,$2,$9,$0,$6,$8,$3,$0,$3,$1,$2,$2,$2,$0,$0,$7,7,$0.30,$0.30,$41,$0,$0,$497,$0,$238,$6,$25,$269,$782,$686,$23,$0,$23,$710,$11,$53,$0,$72,$782,$7,$2,$0,$2,$0,$0,$0,$0,$-1,$8,$-1,$0,$0,$0,$0,$-17,$1,$-17,$0,$-7,$-1,$0,$0,$-3,$48,$36,$28,$0,$0
33,2010-06-30,8.48,$0.00,0.0,$6.58,1.29,$3.13,2.71,$1.26,6.73,$0.51B,$0.68B,0.75,$0.02B,$0.07B,0.34,$0.04B,$0.04B,81.82%,$0.04B,$0.01B,27.27%,$0.04B,0,0.00%,$0.04B,0,0.00%,$0.04B,$0.01B,27.27%,$0.04B,$0.01B,20.45%,$0.01B,$0.07B,12.77%,$0.01B,$0.06B,14.01%,$0.01B,$0.78B,1.20%,$0.01B,$0.09B,12.63%,$11,$2,$9,$0,$6,$8,$3,$0,$3,$1,$3,$3,$3,$0,$0,$7,7,$0.41,$0.41,$53,$0,$0,$509,$0,$219,$6,$25,$250,$775,$681,$24,$0,$24,$705,$11,$52,$0,$70,$775,$5,$1,$0,$1,$0,$0,$0,$0,$-1,$5,$-0,$0,$0,$0,$0,$0,$1,$1,$0,$-11,$-1,$0,$0,$-2,$48,$34,$40,$0,$0
34,2010-03-31,8.54,$0.00,0.0,$6.50,1.31,$2.97,2.88,$1.09,7.84,$0.48B,$0.64B,0.75,$0.02B,$0.07B,0.36,$0.04B,$0.04B,79.55%,$0.04B,$0.01B,25.00%,$0.04B,0,0.00%,$0.04B,0,0.00%,$0.04B,$0.01B,25.00%,$0.04B,$0.01B,18.18%,$0.01B,$0.07B,11.11%,$0.01B,$0.06B,12.21%,$0.01B,$0.73B,1.09%,$0.01B,$0.09B,11.52%,$11,$2,$9,$0,$6,$8,$3,$0,$3,$1,$2,$2,$2,$0,$0,$7,7,$0.33,$0.33,$27,$0,$0,$484,$0,$202,$6,$26,$233,$733,$642,$24,$0,$24,$666,$11,$50,$0,$67,$733,$2,$1,$0,$1,$0,$0,$0,$0,$-0,$2,$-0,$0,$0,$0,$0,$16,$0,$16,$0,$-9,$-1,$0,$-1,$0,$7,$-4,$15,$0,$0
35,2009-12-31,7.37,$0.00,0.0,$6.40,1.15,$2.84,2.6,$0.98,7.52,$0.47B,$0.64B,0.73,$0.03B,$0.07B,0.38,$0.04B,$0.03B,76.74%,$0.04B,$0.01B,23.26%,$0.04B,0,0.00%,$0.04B,0,0.00%,$0.04B,$0.01B,23.26%,$0.04B,$0.01B,18.60%,$0.01B,$0.07B,10.81%,$0.01B,$0.06B,11.90%,$0.01B,$0.73B,1.11%,$0.01B,$0.09B,10.36%,$11,$2,$9,$0,$6,$8,$3,$0,$3,$1,$2,$2,$2,$0,$0,$7,7,$0.26,$0.25,$13,$0,$0,$470,$0,$218,$6,$25,$249,$734,$644,$25,$0,$25,$669,$11,$49,$0,$66,$734,$8,$2,$0,$2,$0,$0,$0,$0,$-1,$9,$-1,$0,$0,$0,$0,$-87,$0,$-88,$0,$12,$20,$0,$0,$-5,$47,$74,$-5,$0,$0
36,2009-09-30,7.61,$0.00,0.0,$4.75,1.6,$1.73,4.39,$0.73,10.42,$0.49B,$0.65B,0.76,$0.03B,$0.07B,0.38,$0.04B,$0.03B,72.09%,$0.04B,$0.01B,20.93%,$0.04B,0,0.00%,$0.04B,0,0.00%,$0.04B,$0.01B,20.93%,$0.04B,$0.01B,18.60%,$0.01B,$0.08B,11.11%,$0.01B,$0.07B,12.31%,$0.01B,$0.75B,1.14%,$0.01B,$0.10B,10.06%,$11,$2,$9,$0,$6,$8,$3,$0,$3,$1,$2,$2,$2,$0,$0,$7,7,$0.27,$0.27,$31,$0,$0,$488,$0,$217,$7,$22,$246,$750,$645,$25,$0,$25,$671,$11,$48,$0,$79,$750,$5,$2,$0,$2,$0,$0,$0,$0,$0,$8,$-1,$0,$0,$0,$0,$-83,$0,$-84,$0,$-2,$20,$0,$13,$-4,$61,$90,$13,$0,$0
37,2009-06-30,6.72,$0.00,0.0,$3.12,2.15,$0.77,8.71,$0.46,14.6,$0.48B,$0.62B,0.77,$0.02B,$0.06B,0.31,$0.04B,$0.03B,69.77%,$0.04B,$0.01B,18.60%,$0.04B,0,0.00%,$0.04B,0,0.00%,$0.04B,$0.01B,18.60%,$0.04B,$0.01B,18.60%,$0.01B,$0.08B,11.94%,$0.01B,$0.07B,13.33%,$0.01B,$0.72B,1.18%,$0.01B,$0.10B,10.06%,$11,$3,$8,$0,$6,$8,$2,$0,$2,$1,$2,$2,$2,$0,$0,$7,7,$0.24,$0.24,$28,$0,$0,$480,$0,$194,$7,$19,$220,$716,$620,$20,$0,$20,$640,$11,$48,$0,$76,$716,$3,$1,$0,$1,$0,$0,$0,$0,$0,$5,$-1,$0,$0,$0,$0,$-56,$0,$-57,$0,$-1,$15,$0,$13,$-2,$37,$62,$10,$0,$0
38,2009-03-31,6.37,$0.00,0.0,$1.50,4.25,$0.22,28.78,$0.22,28.95,$0.47B,$0.60B,0.79,$0.02B,$0.06B,0.32,$0.04B,$0.03B,67.44%,$0.04B,$0.01B,18.60%,$0.04B,0,0.00%,$0.04B,0,0.00%,$0.04B,$0.01B,18.60%,$0.04B,$0.01B,18.60%,$0.01B,$0.08B,12.85%,$0.01B,$0.07B,14.41%,$0.01B,$0.69B,1.21%,$0.01B,$0.10B,11.27%,$10,$3,$7,$0,$5,$8,$2,$0,$2,$0,$2,$2,$2,$0,$0,$7,7,$0.22,$0.22,$25,$0,$0,$469,$0,$180,$7,$19,$205,$689,$595,$20,$0,$20,$615,$11,$47,$0,$75,$689,$2,$0,$0,$0,$0,$0,$0,$0,$-0,$2,$-0,$0,$0,$0,$0,$-33,$0,$-33,$0,$-1,$15,$0,$13,$-1,$13,$38,$7,$0,$0
39,2008-12-31,5.92,$0.00,0.0,0,0.0,0,0.0,0,0.0,$0.47B,$0.59B,0.8,$0.01B,$0.06B,0.09,$0.04B,$0.03B,65.91%,$0.04B,$0.01B,18.18%,$0.04B,0,0.00%,$0.04B,0,0.00%,$0.04B,$0.01B,18.18%,$0.04B,$0.01B,15.91%,$0.01B,$0.06B,12.07%,$0.01B,$0.05B,13.66%,$0.01B,$0.65B,1.10%,$0.01B,$0.06B,12.70%,$11,$3,$7,$0,$5,$8,$2,$0,$2,$1,$2,$2,$2,$0,$0,$0,0,$0.00,$0.00,$18,$0,$0,$469,$0,$139,$7,$19,$165,$650,$587,$5,$0,$5,$592,$11,$47,$0,$58,$650,$7,$2,$0,$2,$0,$0,$0,$0,$-1,$8,$-3,$0,$0,$0,$0,$-57,$-1,$-60,$0,$1,$0,$0,$0,$-4,$42,$38,$-13,$0,$0
40,2008-09-30,6.15,$0.00,0.0,0,0.0,0,0.0,0,0.0,$0.49B,$0.60B,0.81,$0.01B,$0.06B,0.09,$0.04B,$0.03B,67.44%,$0.04B,$0.01B,18.60%,$0.04B,0,0.00%,$0.04B,0,0.00%,$0.04B,$0.01B,18.60%,$0.04B,$0.01B,16.28%,$0.01B,$0.06B,12.12%,$0.01B,$0.05B,13.73%,$0.01B,$0.67B,1.12%,$0.01B,$0.06B,12.75%,$11,$3,$8,$0,$5,$8,$2,$0,$2,$1,$2,$2,$2,$0,$0,$0,0,$0.00,$0.00,$41,$0,$0,$488,$0,$140,$7,$17,$164,$667,$603,$5,$0,$5,$608,$11,$46,$0,$59,$667,$5,$2,$0,$2,$0,$0,$0,$0,$-1,$6,$-1,$0,$0,$0,$0,$-53,$1,$-53,$0,$0,$0,$0,$0,$-3,$60,$57,$9,$0,$0
41,2008-06-30,6.05,$0.00,0.0,0,0.0,0,0.0,0,0.0,$0.49B,$0.57B,0.86,$0.01B,$0.06B,0.09,$0.04B,$0.03B,66.67%,$0.04B,$0.01B,19.05%,$0.04B,0,0.00%,$0.04B,0,0.00%,$0.04B,$0.01B,19.05%,$0.04B,$0.01B,14.29%,$0.01B,$0.06B,10.71%,$0.01B,$0.05B,11.82%,$0.01B,$0.64B,1.00%,$0.01B,$0.06B,13.11%,$11,$3,$7,$0,$5,$8,$2,$0,$2,$1,$2,$2,$2,$0,$0,$0,0,$0.00,$0.00,$49,$0,$0,$492,$0,$105,$7,$17,$129,$635,$573,$5,$0,$5,$578,$11,$45,$0,$57,$635,$3,$1,$0,$1,$0,$0,$0,$0,$-1,$4,$-0,$0,$0,$0,$0,$-16,$1,$-15,$0,$0,$0,$0,$0,$-2,$31,$29,$17,$0,$0
42,2008-03-31,8.13,$0.00,0.0,0,0.0,0,0.0,0,0.0,$0.48B,$0.54B,0.88,$0.01B,$0.06B,0.09,$0.04B,$0.03B,68.29%,$0.04B,$0.01B,19.51%,$0.04B,0,0.00%,$0.04B,0,0.00%,$0.04B,$0.01B,19.51%,$0.04B,$0.01B,14.63%,$0.01B,$0.06B,11.01%,$0.01B,$0.05B,11.88%,$0.01B,$0.61B,1.04%,$0.01B,$0.06B,13.45%,$11,$4,$7,$0,$5,$9,$2,$0,$2,$0,$1,$1,$1,$0,$0,$0,0,$0.00,$0.00,$34,$0,$0,$478,$0,$90,$7,$16,$113,$605,$542,$5,$0,$5,$547,$11,$45,$0,$58,$605,$1,$1,$0,$1,$0,$0,$0,$0,$-1,$1,$-0,$0,$0,$0,$0,$1,$1,$2,$0,$-1,$0,$0,$0,$-1,$1,$-1,$2,$0,$0
43,2007-12-31,7.13,$0.00,0.0,0,0.0,0,0.0,0,0.0,$0.48B,$0.54B,0.88,$0.01B,$0.06B,0.09,$0.04B,$0.03B,67.50%,$0.04B,$0.01B,20.00%,$0.04B,0,0.00%,$0.04B,0,0.00%,$0.04B,$0.01B,20.00%,$0.04B,$0.01B,15.00%,$0.01B,$0.06B,11.37%,$0.01B,$0.05B,11.94%,$0.01B,$0.60B,1.07%,$0.01B,$0.06B,13.85%,$10,$4,$7,$0,$5,$8,$2,$0,$2,$1,$2,$2,$2,$0,$0,$0,0,$0.00,$0.00,$31,$0,$0,$476,$0,$90,$7,$17,$114,$604,$543,$5,$0,$5,$548,$11,$44,$0,$57,$604,$6,$2,$0,$2,$0,$0,$0,$0,$-0,$8,$-2,$0,$-1,$0,$0,$12,$-0,$8,$0,$-14,$5,$0,$-0,$-4,$13,$-0,$16,$0,$0
44,2007-09-30,8.57,$0.00,0.0,0,0.0,0,0.0,0,0.0,$0.44B,$0.51B,0.87,$0.01B,$0.05B,0.1,$0.04B,$0.03B,67.50%,$0.04B,$0.01B,20.00%,$0.04B,0,0.00%,$0.04B,0,0.00%,$0.04B,$0.01B,20.00%,$0.04B,$0.01B,15.00%,$0.01B,$0.05B,11.71%,$0.01B,$0.05B,11.94%,$0.01B,$0.56B,1.10%,$0.01B,$0.06B,14.55%,$10,$4,$7,$0,$5,$8,$2,$0,$2,$0,$1,$1,$1,$0,$0,$0,0,$0.00,$0.00,$43,$0,$0,$437,$0,$93,$1,$17,$112,$562,$505,$5,$0,$5,$510,$11,$44,$0,$52,$562,$4,$2,$0,$2,$0,$0,$0,$0,$-0,$5,$-1,$0,$0,$0,$0,$15,$-0,$14,$0,$-13,$5,$0,$-0,$-3,$20,$9,$28,$0,$0
45,2007-06-30,8.48,$0.00,0.0,0,0.0,0,0.0,0,0.0,$0.41B,$0.48B,0.85,$0.01B,$0.05B,0.1,$0.04B,$0.03B,67.50%,$0.04B,$0.01B,20.00%,$0.04B,0,0.00%,$0.04B,0,0.00%,$0.04B,$0.01B,20.00%,$0.04B,$0.01B,17.50%,$0.01B,$0.05B,13.66%,$0.01B,$0.05B,14.00%,$0.01B,$0.54B,1.28%,$0.01B,$0.06B,14.88%,$10,$3,$7,$0,$4,$8,$2,$0,$2,$1,$2,$2,$2,$0,$0,$0,0,$0.00,$0.00,$18,$0,$0,$411,$0,$98,$1,$17,$116,$540,$484,$5,$0,$5,$489,$11,$43,$0,$51,$540,$3,$1,$0,$1,$0,$0,$0,$0,$-1,$3,$-1,$0,$0,$0,$0,$11,$-0,$10,$0,$-14,$5,$0,$-0,$-2,$1,$-10,$3,$0,$0
46,2007-03-31,9.76,$0.00,0.0,0,0.0,0,0.0,0,0.0,$0.41B,$0.49B,0.84,$0.01B,$0.05B,0.1,$0.04B,$0.03B,67.50%,$0.04B,$0.01B,20.00%,$0.04B,0,0.00%,$0.04B,0,0.00%,$0.04B,$0.01B,20.00%,$0.04B,$0.01B,17.50%,$0.01B,$0.05B,13.59%,$0.01B,$0.05B,14.00%,$0.01B,$0.54B,1.28%,$0.01B,$0.06B,15.17%,$10,$3,$6,$0,$4,$8,$2,$0,$2,$0,$1,$1,$1,$0,$0,$0,0,$0.00,$0.00,$15,$0,$0,$405,$0,$105,$1,$17,$124,$541,$485,$5,$0,$5,$490,$11,$43,$0,$51,$541,$1,$1,$0,$1,$0,$0,$0,$0,$-0,$2,$-1,$0,$0,$0,$0,$8,$0,$7,$0,$-14,$5,$0,$-0,$-1,$2,$-9,$-0,$0,$0
47,2006-12-31,10.68,$0.00,0.0,0,0.0,0,0.0,0,0.0,$0.40B,$0.50B,0.81,$0.00B,$0.05B,0.0,$0.04B,$0.03B,71.79%,$0.04B,$0.01B,20.51%,$0.04B,0,0.00%,$0.04B,0,0.00%,$0.04B,$0.01B,20.51%,$0.04B,$0.01B,20.51%,$0.01B,$0.05B,15.46%,$0.01B,$0.05B,16.00%,$0.01B,$0.55B,1.47%,$0.01B,$0.05B,15.46%,$10,$3,$7,$0,$4,$8,$2,$0,$2,$1,$2,$2,$2,$0,$0,$0,0,$0.00,$0.00,$16,$0,$0,$404,$0,$114,$1,$16,$132,$548,$497,$0,$0,$0,$497,$11,$42,$0,$51,$548,$7,$2,$0,$2,$0,$0,$0,$0,$-0,$8,$-1,$0,$-1,$0,$0,$-9,$0,$-10,$0,$14,$-2,$0,$-3,$-4,$-3,$2,$0,$0,$0
