,Date,Stock Price,Book Value per Share,Price to Book Ratio,TTM Sales per Share,Price to Sales Ratio,TTM FCF per Share,Price to FCF Ratio,TTM Net EPS,PE Ratio,Current Assets,Current Liabilities,Current Ratio,Long Term Debt,Shareholder's Equity_x,Debt to Equity Ratio,TTM Revenue_x,TTM Gross Profit,Gross Margin,TTM Revenue_y,TTM Operating Income,Operating Margin,TTM Revenue_x,TTM EBIT,EBIT Margin,TTM Revenue_y,TTM EBITDA,EBITDA Margin,TTM Revenue_x,TTM Pre-Tax Income,Pre-Tax Margin,TTM Revenue_y,TTM Net Income_x,Net Margin,TTM Net Income_y,Shareholder's Equity_y,Return on Equity,TTM Net Income_x,Tangible Equity,Return on Tangible Equity,TTM Net Income_y,Total Assets,Return on Assets,TTM Net Income,LT Investments & Debt,Return on Investment,revenue,cost-goods-sold,gross-profit,research-development-expenses,selling-general-administrative-expenses,operating-expenses,operating-income,total-non-operating-income-expense,pre-tax-income,total-provision-income-taxes,income-after-taxes,income-from-continuous-operations,net-income,ebitda,ebit,basic-shares-outstanding,shares-outstanding,eps-basic-net-earnings-per-share,eps-earnings-per-share-diluted,cash-on-hand,inventory,other-current-assets,total-current-assets,net-property-plant-equipment,long-term-investments,goodwill-intangible-assets-total,other-long-term-assets,total-long-term-assets,total-assets,total-current-liabilities,long-term-debt,other-non-current-liabilities,total-long-term-liabilities,total-liabilities,common-stock-net,retained-earnings-accumulated-deficit,comprehensive-income,total-share-holder-equity,total-liabilities-share-holders-equity,net-income-loss,total-depreciation-amortization-cash-flow,other-non-cash-items,total-non-cash-items,change-in-accounts-receivable,change-in-inventories,change-in-accounts-payable,change-in-assets-liabilities,total-change-in-assets-liabilities,cash-flow-from-operating-activities,net-change-in-property-plant-equipment,net-change-in-intangible-assets,net-acquisitions-divestitures,net-change-in-short-term-investments,net-change-in-long-term-investments,net-change-in-investments-total,investing-activities-other,cash-flow-from-investing-activities,net-long-term-debt,net-current-debt,debt-issuance-retirement-net-total,net-common-equity-issued-repurchased,net-total-equity-issued-repurchased,total-common-preferred-stock-dividends-paid,financial-activities-other,cash-flow-from-financial-activities,net-cash-flow,stock-based-compensation,common-stock-dividends-paid
0,2018-09-30,10.9,$13.10,0.83,$36.88,0.3,$-0.86,0.0,$-0.92,0.0,$0.38B,$0.12B,3.09,$0.35B,$0.27B,1.29,$0.66B,$0.24B,36.72%,$0.66B,$0.01B,1.06%,$0.66B,$0.01B,1.06%,$0.66B,$0.03B,4.55%,$0.66B,$-0.01B,-0.91%,$0.66B,$-0.01B,-1.67%,$-0.01B,$0.27B,-4.29%,$-0.01B,$-0.09B,27.85%,$-0.01B,$0.80B,-1.65%,$0.01B,$0.62B,1.33%,$209,$136,$74,$0,$59,$197,$12,$-6,$7,$1,$6,$6,$6,$21,$12,$20,20,$0.29,$0.29,$6,$209,$0,$379,$26,$25,$359,$2,$422,$800,$123,$350,$0,$406,$528,$0,$46,$-32,$272,$800,$-12,$20,$3,$23,$-13,$-51,$0,$1,$-42,$-30,$-5,$0,$-218,$0,$0,$0,$0,$-223,$267,$0,$267,$0,$0,$-2,$-13,$252,$-2,$3,$-2
1,2018-06-30,12.61,$12.82,0.98,$37.68,0.33,$-0.79,0.0,$-0.63,0.0,$0.32B,$0.10B,3.22,$0.32B,$0.27B,1.22,$0.62B,$0.23B,36.53%,$0.62B,$0.00B,0.65%,$0.62B,$0.00B,0.65%,$0.62B,$0.02B,3.73%,$0.62B,$-0.00B,-0.81%,$0.62B,$-0.01B,-2.11%,$-0.01B,$0.27B,-5.41%,$-0.01B,$-0.10B,-110.64%,$-0.01B,$0.74B,-2.24%,$0.00B,$0.59B,0.88%,$149,$97,$52,$0,$55,$152,$-3,$-5,$-8,$-2,$-6,$-6,$-6,$4,$-3,$20,20,$-0.30,$-0.30,$6,$198,$0,$316,$26,$24,$366,$2,$426,$742,$98,$323,$0,$378,$476,$0,$41,$-32,$266,$742,$-18,$11,$2,$13,$41,$-40,$0,$-0,$-1,$-6,$-3,$0,$-218,$0,$0,$0,$0,$-221,$239,$0,$239,$0,$0,$-2,$-12,$225,$-2,$2,$-2
2,2018-03-31,12.31,$13.48,0.91,$38.49,0.32,$-0.83,0.0,$-0.47,0.0,$0.29B,$0.09B,3.44,$0.31B,$0.28B,1.11,$0.58B,$0.22B,36.99%,$0.58B,$0.00B,0.68%,$0.58B,$0.00B,0.68%,$0.58B,$0.02B,3.25%,$0.58B,$-0.00B,-0.17%,$0.58B,$-0.01B,-1.54%,$-0.01B,$0.28B,-4.01%,$-0.01B,$-0.09B,-13.85%,$-0.01B,$0.73B,-1.82%,$0.00B,$0.59B,1.05%,$118,$73,$45,$0,$58,$131,$-13,$-2,$-15,$-4,$-12,$-12,$-12,$-9,$-13,$17,17,$-0.70,$-0.70,$12,$178,$0,$293,$27,$25,$371,$2,$434,$727,$85,$309,$0,$364,$449,$0,$48,$-26,$278,$727,$-12,$5,$1,$6,$48,$-17,$0,$-1,$18,$13,$-2,$0,$-218,$0,$0,$0,$0,$-220,$225,$0,$225,$0,$0,$-1,$-12,$212,$4,$1,$-1
3,2017-12-31,16.34,$14.11,1.16,$39.25,0.42,$-1.05,0.0,$0.14,116.74,$0.26B,$0.07B,3.61,$0.10B,$0.21B,0.45,$0.58B,$0.22B,37.13%,$0.58B,$0.02B,2.59%,$0.58B,$0.02B,2.59%,$0.58B,$0.03B,5.18%,$0.58B,$0.01B,1.90%,$0.58B,$0.00B,0.35%,$0.00B,$0.21B,0.98%,$0.00B,$0.12B,1.72%,$0.00B,$0.40B,0.49%,$0.02B,$0.31B,4.91%,$183,$112,$71,$0,$60,$172,$11,$-1,$10,$8,$2,$1,$1,$14,$11,$15,15,$0.08,$0.08,$8,$132,$0,$258,$23,$24,$88,$2,$143,$402,$72,$95,$0,$120,$191,$0,$61,$-29,$210,$402,$2,$15,$4,$18,$1,$11,$0,$-1,$-3,$17,$-6,$0,$-9,$0,$0,$0,$0,$-15,$-239,$238,$-2,$3,$3,$-2,$-1,$-2,$-0,$3,$-2
4,2017-09-30,18.09,$14.06,1.29,$40.33,0.45,$0.05,379.96,$1.06,17.06,$0.31B,$0.09B,3.31,$0.13B,$0.21B,0.62,$0.59B,$0.22B,37.12%,$0.59B,$0.03B,4.41%,$0.59B,$0.03B,4.41%,$0.59B,$0.04B,6.78%,$0.59B,$0.02B,3.73%,$0.59B,$0.02B,2.71%,$0.02B,$0.21B,7.94%,$0.02B,$0.12B,14.19%,$0.02B,$0.45B,3.94%,$0.03B,$0.34B,8.65%,$166,$109,$57,$0,$48,$157,$9,$-1,$8,$4,$5,$4,$4,$14,$9,$15,15,$0.30,$0.29,$6,$176,$0,$309,$20,$24,$90,$2,$145,$454,$93,$128,$0,$152,$246,$0,$60,$-29,$208,$454,$1,$11,$1,$13,$-11,$-33,$0,$2,$-34,$-21,$-4,$0,$-9,$0,$0,$0,$0,$-13,$32,$0,$32,$1,$1,$-2,$-0,$32,$-2,$2,$-2
5,2017-06-30,17.9,$13.60,1.32,$40.92,0.44,$-0.49,0.0,$1.21,14.79,$0.25B,$0.07B,3.53,$0.10B,$0.20B,0.49,$0.59B,$0.22B,37.04%,$0.59B,$0.03B,4.71%,$0.59B,$0.03B,4.71%,$0.59B,$0.04B,7.07%,$0.59B,$0.02B,4.04%,$0.59B,$0.02B,3.03%,$0.02B,$0.20B,9.06%,$0.02B,$0.11B,16.63%,$0.02B,$0.40B,4.40%,$0.03B,$0.30B,9.39%,$117,$75,$43,$0,$46,$121,$-3,$-1,$-4,$-2,$-3,$-2,$-2,$0,$-3,$14,14,$-0.14,$-0.14,$4,$167,$0,$251,$21,$25,$88,$1,$144,$395,$71,$99,$0,$123,$194,$0,$56,$-32,$201,$395,$-3,$7,$0,$7,$38,$-31,$0,$1,$-8,$-4,$-3,$0,$0,$0,$0,$0,$0,$-3,$3,$0,$3,$1,$1,$-1,$-0,$3,$-4,$2,$-1
6,2017-03-31,19.78,$13.64,1.45,$41.14,0.48,$-1.47,0.0,$1.27,15.57,$0.23B,$0.07B,3.3,$0.08B,$0.20B,0.41,$0.60B,$0.22B,36.97%,$0.60B,$0.03B,5.21%,$0.60B,$0.03B,5.21%,$0.60B,$0.05B,7.56%,$0.60B,$0.03B,4.37%,$0.60B,$0.02B,3.19%,$0.02B,$0.20B,9.66%,$0.02B,$0.11B,18.14%,$0.02B,$0.38B,4.62%,$0.03B,$0.28B,10.37%,$113,$69,$44,$0,$46,$115,$-2,$-1,$-3,$-1,$-2,$-1,$-1,$2,$-2,$14,14,$-0.09,$-0.09,$6,$154,$0,$232,$20,$24,$88,$2,$143,$375,$70,$82,$0,$106,$176,$0,$59,$-35,$199,$375,$-1,$4,$0,$4,$43,$-19,$0,$-1,$4,$6,$-0,$0,$0,$0,$0,$0,$0,$-0,$-7,$0,$-7,$0,$0,$-1,$-0,$-7,$-2,$1,$-1
7,2016-12-31,17.42,$13.58,1.28,$41.21,0.42,$-2.54,0.0,$1.05,16.59,$0.26B,$0.09B,2.81,$0.09B,$0.20B,0.44,$0.59B,$0.22B,36.59%,$0.59B,$0.03B,4.72%,$0.59B,$0.03B,4.72%,$0.59B,$0.04B,6.91%,$0.59B,$0.02B,3.88%,$0.59B,$0.02B,2.70%,$0.02B,$0.20B,8.16%,$0.02B,$0.11B,15.65%,$0.02B,$0.40B,3.86%,$0.03B,$0.28B,9.37%,$194,$118,$75,$0,$53,$172,$22,$-1,$21,$7,$14,$15,$15,$24,$22,$14,15,$1.05,$1.03,$8,$135,$0,$256,$21,$23,$89,$2,$143,$400,$91,$86,$0,$111,$202,$0,$61,$-37,$198,$400,$16,$15,$1,$15,$-18,$4,$0,$-1,$-1,$30,$-3,$0,$-22,$1,$0,$1,$0,$-24,$-272,$268,$-4,$2,$2,$-2,$0,$-4,$1,$3,$-2
8,2016-09-30,13.17,$13.67,0.96,$40.94,0.32,$-1.46,0.0,$0.82,16.06,$0.32B,$0.11B,2.85,$0.13B,$0.20B,0.66,$0.59B,$0.21B,36.07%,$0.59B,$0.02B,4.10%,$0.59B,$0.02B,4.10%,$0.59B,$0.04B,6.50%,$0.59B,$0.02B,3.08%,$0.59B,$0.01B,2.05%,$0.01B,$0.20B,6.11%,$0.01B,$0.10B,11.91%,$0.01B,$0.47B,2.90%,$0.02B,$0.33B,8.06%,$170,$112,$58,$0,$48,$159,$11,$-1,$10,$3,$7,$6,$6,$16,$11,$14,15,$0.45,$0.44,$6,$171,$0,$318,$21,$23,$97,$2,$150,$468,$112,$131,$0,$159,$271,$0,$47,$-21,$197,$468,$1,$12,$3,$15,$-42,$-35,$0,$-0,$-46,$-30,$-2,$0,$-9,$0,$0,$0,$0,$-11,$41,$-0,$41,$1,$1,$-2,$-0,$40,$-1,$2,$-2
9,2016-06-30,14.23,$13.35,1.07,$40.72,0.35,$-0.34,0.0,$0.74,19.23,$0.25B,$0.07B,3.59,$0.11B,$0.19B,0.57,$0.58B,$0.21B,36.33%,$0.58B,$0.02B,3.98%,$0.58B,$0.02B,3.98%,$0.58B,$0.04B,6.06%,$0.58B,$0.02B,2.77%,$0.58B,$0.01B,1.90%,$0.01B,$0.19B,5.67%,$0.01B,$0.10B,11.20%,$0.01B,$0.40B,2.69%,$0.02B,$0.30B,7.75%,$118,$75,$43,$0,$42,$118,$-0,$-1,$-2,$-0,$-1,$-1,$-1,$3,$-0,$14,14,$-0.08,$-0.08,$7,$151,$0,$252,$23,$23,$93,$2,$149,$401,$70,$110,$0,$138,$209,$0,$41,$-19,$193,$401,$-5,$7,$2,$9,$8,$-16,$0,$-1,$-23,$-20,$-1,$0,$-0,$0,$0,$0,$0,$-1,$21,$-0,$20,$1,$1,$-1,$-0,$20,$-0,$1,$-1
10,2016-03-31,14.66,$13.78,1.06,$41.12,0.36,$1.68,8.72,$0.70,20.95,$0.24B,$0.08B,2.96,$0.08B,$0.20B,0.43,$0.58B,$0.21B,36.32%,$0.58B,$0.02B,3.79%,$0.58B,$0.02B,3.79%,$0.58B,$0.04B,6.02%,$0.58B,$0.02B,2.75%,$0.58B,$0.01B,1.72%,$0.01B,$0.20B,5.20%,$0.01B,$0.10B,10.55%,$0.01B,$0.39B,2.44%,$0.02B,$0.28B,7.45%,$111,$70,$41,$0,$45,$116,$-5,$-1,$-6,$-2,$-4,$-4,$-4,$-2,$-5,$14,14,$-0.31,$-0.31,$6,$140,$0,$235,$24,$24,$95,$2,$153,$387,$79,$84,$0,$112,$191,$0,$43,$-16,$196,$387,$-4,$4,$1,$5,$16,$-4,$0,$-3,$-9,$-9,$-1,$0,$0,$0,$0,$0,$0,$-1,$9,$-0,$9,$0,$0,$-1,$0,$8,$-1,$1,$-1
11,2015-12-31,12.86,$14.22,0.9,$41.74,0.31,$3.01,4.27,$0.86,14.95,$0.24B,$0.09B,2.66,$0.08B,$0.20B,0.4,$0.59B,$0.22B,36.56%,$0.59B,$0.03B,4.25%,$0.59B,$0.03B,4.25%,$0.59B,$0.04B,6.63%,$0.59B,$0.02B,3.06%,$0.59B,$0.01B,2.04%,$0.01B,$0.20B,6.32%,$0.01B,$0.10B,13.26%,$0.01B,$0.40B,2.91%,$0.03B,$0.28B,8.31%,$186,$117,$69,$0,$51,$168,$18,$-1,$16,$6,$10,$11,$11,$21,$18,$14,14,$0.79,$0.77,$7,$137,$0,$243,$25,$25,$97,$2,$155,$398,$91,$80,$0,$108,$199,$0,$48,$-14,$199,$398,$12,$15,$5,$20,$16,$-0,$0,$1,$14,$47,$-5,$0,$0,$0,$0,$0,$0,$-5,$-300,$263,$-37,$1,$1,$-2,$-1,$-39,$2,$5,$-2
12,2015-09-30,13.52,$13.40,1.01,$42.31,0.32,$0.00,0.0,$0.75,18.02,$0.30B,$0.10B,2.88,$0.14B,$0.19B,0.73,$0.59B,$0.22B,36.49%,$0.59B,$0.03B,4.22%,$0.59B,$0.03B,4.22%,$0.59B,$0.04B,6.76%,$0.59B,$0.02B,3.04%,$0.59B,$0.01B,1.69%,$0.01B,$0.19B,5.35%,$0.01B,$0.09B,11.63%,$0.01B,$0.45B,2.39%,$0.03B,$0.32B,8.06%,$163,$106,$57,$0,$47,$153,$10,$-1,$8,$3,$6,$5,$5,$13,$10,$14,14,$0.37,$0.36,$6,$174,$0,$299,$26,$24,$98,$3,$151,$450,$104,$136,$0,$158,$262,$0,$37,$-15,$188,$450,$1,$11,$4,$15,$-3,$-36,$0,$-1,$-28,$-11,$-4,$0,$0,$0,$0,$0,$0,$-4,$19,$-1,$18,$1,$1,$-2,$0,$17,$1,$2,$-2
13,2015-06-30,14.24,$13.26,1.07,$42.81,0.33,$-0.80,0.0,$0.27,52.75,$0.25B,$0.09B,2.86,$0.11B,$0.19B,0.6,$0.59B,$0.22B,36.72%,$0.59B,$0.02B,3.89%,$0.59B,$0.02B,3.89%,$0.59B,$0.04B,6.60%,$0.59B,$0.02B,2.88%,$0.59B,$0.00B,0.51%,$0.00B,$0.19B,1.62%,$0.00B,$0.09B,3.63%,$0.00B,$0.41B,0.71%,$0.02B,$0.30B,7.37%,$121,$77,$44,$0,$44,$122,$-1,$-1,$-2,$-1,$-2,$-2,$-2,$3,$-1,$14,14,$-0.12,$-0.12,$5,$154,$0,$250,$26,$27,$100,$3,$156,$405,$87,$111,$0,$133,$220,$0,$33,$-11,$186,$405,$-4,$8,$2,$9,$30,$-16,$0,$-2,$5,$11,$-3,$0,$0,$0,$0,$0,$0,$-3,$-6,$-1,$-7,$1,$1,$-1,$0,$-7,$-0,$2,$-1
14,2015-03-31,14.7,$13.39,1.1,$42.63,0.34,$-2.11,0.0,$0.15,97.99,$0.24B,$0.07B,3.26,$0.12B,$0.19B,0.64,$0.59B,$0.21B,36.58%,$0.59B,$0.02B,3.59%,$0.59B,$0.02B,3.59%,$0.59B,$0.04B,6.32%,$0.59B,$0.01B,2.39%,$0.59B,$0.00B,0.34%,$0.00B,$0.19B,1.08%,$0.00B,$0.08B,2.48%,$0.00B,$0.40B,0.47%,$0.02B,$0.30B,6.58%,$118,$73,$45,$0,$47,$120,$-2,$-2,$-4,$-1,$-2,$-2,$-2,$2,$-2,$14,14,$-0.15,$-0.15,$3,$143,$0,$237,$26,$28,$102,$5,$161,$398,$73,$118,$0,$140,$212,$0,$35,$-13,$186,$398,$-2,$4,$1,$5,$27,$-6,$0,$-4,$8,$10,$-1,$0,$0,$0,$0,$0,$0,$-1,$-10,$-0,$-10,$0,$0,$-1,$0,$-10,$-2,$1,$-1
15,2014-12-31,16.51,$13.73,1.2,$42.99,0.38,$-2.77,0.0,$0.08,206.32,$0.26B,$0.08B,3.08,$0.13B,$0.19B,0.68,$0.59B,$0.21B,36.41%,$0.59B,$0.02B,3.59%,$0.59B,$0.02B,3.59%,$0.59B,$0.04B,6.32%,$0.59B,$0.01B,2.39%,$0.59B,$0.00B,0.17%,$0.00B,$0.19B,0.54%,$0.00B,$0.09B,1.27%,$0.00B,$0.42B,0.23%,$0.02B,$0.32B,6.52%,$190,$120,$70,$0,$51,$172,$18,$-2,$16,$5,$10,$9,$9,$22,$18,$14,14,$0.69,$0.69,$5,$138,$0,$258,$27,$28,$104,$5,$163,$421,$84,$128,$0,$149,$233,$0,$38,$-10,$188,$421,$2,$15,$6,$21,$-6,$-6,$0,$-2,$-18,$5,$-6,$0,$-65,$-1,$0,$-1,$0,$-72,$-189,$258,$69,$2,$2,$-2,$-2,$68,$0,$4,$-2
16,2014-09-30,14.66,$13.36,1.1,$42.03,0.35,$-0.21,0.0,$0.14,104.71,$0.29B,$0.09B,3.19,$0.15B,$0.18B,0.82,$0.56B,$0.21B,36.79%,$0.56B,$0.02B,3.57%,$0.56B,$0.02B,3.57%,$0.56B,$0.03B,6.07%,$0.56B,$0.01B,2.32%,$0.56B,$0.00B,0.18%,$0.00B,$0.18B,0.54%,$0.00B,$0.08B,1.13%,$0.00B,$0.46B,0.24%,$0.02B,$0.33B,6.56%,$162,$104,$58,$0,$46,$154,$8,$-2,$7,$3,$4,$-2,$-2,$12,$8,$14,14,$-0.12,$-0.12,$5,$170,$0,$290,$27,$31,$106,$3,$167,$457,$91,$151,$0,$183,$274,$0,$29,$-5,$183,$457,$-8,$11,$10,$22,$1,$-37,$0,$-2,$-35,$-21,$-4,$0,$-65,$0,$0,$0,$0,$-70,$112,$-20,$92,$2,$2,$-2,$-1,$91,$0,$2,$-2
17,2014-06-30,15.02,$13.82,1.09,$41.02,0.37,$1.92,7.84,$0.34,44.17,$0.24B,$0.07B,3.65,$0.14B,$0.19B,0.74,$0.54B,$0.20B,36.85%,$0.54B,$0.02B,4.44%,$0.54B,$0.02B,4.44%,$0.54B,$0.04B,6.67%,$0.54B,$0.02B,2.96%,$0.54B,$0.00B,0.74%,$0.00B,$0.19B,2.20%,$0.00B,$0.08B,4.07%,$0.00B,$0.42B,1.04%,$0.02B,$0.32B,8.40%,$115,$74,$41,$0,$44,$118,$-3,$-2,$-5,$-2,$-3,$-3,$-3,$1,$-3,$13,13,$-0.24,$-0.24,$5,$153,$0,$244,$27,$37,$111,$3,$179,$423,$67,$137,$0,$169,$236,$0,$31,$-2,$187,$423,$-6,$8,$2,$9,$33,$-19,$0,$-4,$-10,$-7,$-3,$0,$-67,$0,$0,$0,$0,$-70,$98,$-20,$78,$1,$1,$-1,$-1,$77,$0,$1,$-1
18,2014-03-31,17.03,$14.00,1.22,$40.03,0.43,$4.64,3.67,$0.54,31.54,$0.24B,$0.07B,3.28,$0.13B,$0.19B,0.67,$0.52B,$0.19B,37.16%,$0.52B,$0.03B,5.17%,$0.52B,$0.03B,5.17%,$0.52B,$0.04B,7.28%,$0.52B,$0.02B,3.83%,$0.52B,$0.01B,1.15%,$0.01B,$0.19B,3.39%,$0.01B,$0.08B,5.59%,$0.01B,$0.42B,1.67%,$0.03B,$0.32B,10.27%,$118,$74,$44,$0,$47,$121,$-2,$-2,$-4,$-1,$-3,$-3,$-3,$2,$-2,$13,13,$-0.22,$-0.22,$4,$136,$0,$239,$28,$37,$112,$3,$180,$419,$73,$127,$0,$158,$231,$0,$35,$-3,$188,$419,$-3,$4,$1,$5,$19,$-3,$0,$-4,$-1,$1,$-1,$0,$-65,$0,$0,$0,$0,$-66,$85,$-21,$65,$1,$1,$-1,$-1,$64,$-1,$1,$-1
19,2013-12-31,14.96,$14.16,1.06,$38.84,0.39,$6.52,2.29,$0.71,21.07,$0.22B,$0.07B,3.09,$0.07B,$0.18B,0.36,$0.50B,$0.19B,36.98%,$0.50B,$0.03B,5.77%,$0.50B,$0.03B,5.77%,$0.50B,$0.04B,7.75%,$0.50B,$0.02B,4.57%,$0.50B,$0.01B,1.59%,$0.01B,$0.18B,4.61%,$0.01B,$0.13B,6.82%,$0.01B,$0.34B,2.40%,$0.03B,$0.25B,11.95%,$165,$102,$63,$0,$47,$148,$17,$-1,$15,$6,$9,$9,$9,$19,$17,$13,13,$0.73,$0.72,$5,$113,$0,$215,$28,$37,$55,$2,$122,$337,$69,$66,$0,$86,$156,$0,$38,$-4,$181,$337,$9,$11,$5,$16,$10,$-8,$0,$-0,$10,$36,$-4,$0,$0,$0,$0,$0,$0,$-4,$-232,$206,$-26,$-2,$-2,$-2,$1,$-29,$3,$3,$-2
20,2013-09-30,14.52,$13.41,1.08,$38.29,0.38,$5.46,2.66,$1.18,12.3,$0.24B,$0.08B,2.85,$0.09B,$0.17B,0.5,$0.49B,$0.18B,36.31%,$0.49B,$0.03B,5.48%,$0.49B,$0.03B,5.48%,$0.49B,$0.04B,7.51%,$0.49B,$0.02B,4.26%,$0.49B,$0.01B,2.84%,$0.01B,$0.17B,8.18%,$0.01B,$0.12B,12.25%,$0.01B,$0.36B,4.17%,$0.03B,$0.26B,11.01%,$142,$91,$51,$0,$40,$131,$12,$-1,$10,$4,$7,$1,$1,$14,$12,$13,13,$0.09,$0.08,$3,$133,$0,$239,$29,$36,$56,$3,$123,$363,$84,$86,$0,$108,$192,$0,$29,$-4,$171,$363,$-0,$8,$11,$19,$0,$-28,$0,$-1,$-13,$6,$-3,$0,$0,$0,$0,$0,$0,$-3,$4,$-4,$1,$-2,$-2,$-1,$0,$-3,$1,$2,$-1
21,2013-06-30,12.87,$13.31,0.97,$37.39,0.34,$4.35,2.96,$1.40,9.19,$0.18B,$0.06B,3.05,$0.06B,$0.17B,0.38,$0.48B,$0.17B,36.12%,$0.48B,$0.02B,4.59%,$0.48B,$0.02B,4.59%,$0.48B,$0.03B,7.10%,$0.48B,$0.02B,3.34%,$0.48B,$0.02B,3.55%,$0.02B,$0.17B,10.18%,$0.02B,$0.11B,15.08%,$0.02B,$0.32B,5.12%,$0.02B,$0.23B,9.31%,$97,$61,$36,$0,$36,$97,$0,$-1,$-1,$-0,$-1,$-1,$-1,$3,$0,$13,13,$-0.04,$-0.04,$1,$113,$0,$183,$30,$43,$56,$3,$132,$316,$60,$64,$0,$87,$147,$0,$29,$-4,$169,$316,$-1,$5,$1,$7,$40,$-8,$0,$-4,$22,$27,$-2,$0,$0,$0,$0,$0,$0,$-2,$-19,$-4,$-23,$-3,$-3,$-1,$1,$-26,$-1,$1,$-1
22,2013-03-31,10.78,$13.52,0.8,$37.25,0.29,$2.76,3.9,$1.48,7.29,$0.18B,$0.06B,3.12,$0.06B,$0.17B,0.35,$0.48B,$0.17B,36.06%,$0.48B,$0.02B,5.03%,$0.48B,$0.02B,5.03%,$0.48B,$0.04B,7.34%,$0.48B,$0.02B,3.56%,$0.48B,$0.02B,3.98%,$0.02B,$0.17B,11.75%,$0.02B,$0.12B,17.23%,$0.02B,$0.32B,5.77%,$0.02B,$0.23B,10.06%,$99,$62,$36,$0,$36,$99,$-0,$-1,$-1,$-0,$-1,$-1,$-1,$3,$-0,$13,13,$-0.05,$-0.05,$2,$104,$0,$179,$31,$46,$57,$3,$137,$316,$57,$61,$0,$85,$142,$0,$33,$-3,$173,$316,$-1,$3,$0,$3,$35,$1,$0,$-0,$23,$25,$-1,$0,$0,$0,$0,$0,$0,$-1,$-23,$0,$-23,$0,$0,$-0,$0,$-23,$1,$1,$-0
23,2012-12-31,10.0,$13.50,0.74,$38.06,0.26,$1.12,8.93,$1.64,6.1,$0.21B,$0.07B,3.18,$0.09B,$0.17B,0.49,$0.49B,$0.18B,36.14%,$0.49B,$0.03B,5.54%,$0.49B,$0.03B,5.54%,$0.49B,$0.04B,7.60%,$0.49B,$0.02B,4.11%,$0.49B,$0.02B,4.31%,$0.02B,$0.17B,13.46%,$0.02B,$0.11B,19.63%,$0.02B,$0.35B,6.36%,$0.03B,$0.26B,11.36%,$155,$99,$56,$0,$42,$140,$15,$-1,$13,$3,$11,$15,$15,$17,$15,$13,13,$1.21,$1.19,$2,$105,$0,$213,$32,$44,$58,$3,$136,$349,$67,$85,$0,$110,$177,$0,$34,$-4,$172,$349,$21,$10,$-4,$6,$-15,$10,$0,$-1,$-4,$23,$-5,$0,$-15,$-3,$0,$-3,$0,$-22,$-185,$184,$-2,$1,$1,$-1,$0,$-2,$-1,$3,$-1
24,2012-09-30,11.21,$12.23,0.92,$36.96,0.3,$0.31,35.9,$0.88,12.73,$0.23B,$0.11B,2.2,$0.07B,$0.15B,0.44,$0.47B,$0.17B,36.38%,$0.47B,$0.02B,4.68%,$0.47B,$0.02B,4.68%,$0.47B,$0.03B,7.02%,$0.47B,$0.02B,3.19%,$0.47B,$0.01B,2.34%,$0.01B,$0.15B,7.36%,$0.01B,$0.11B,10.65%,$0.01B,$0.35B,3.41%,$0.02B,$0.22B,9.53%,$128,$83,$45,$0,$36,$121,$7,$-2,$5,$2,$3,$4,$4,$11,$7,$13,13,$0.31,$0.30,$2,$129,$0,$231,$32,$36,$45,$3,$116,$347,$105,$67,$0,$88,$194,$0,$19,$-5,$154,$347,$6,$8,$1,$9,$-13,$-19,$0,$-1,$-23,$-8,$-3,$0,$0,$0,$0,$0,$0,$-3,$11,$0,$11,$0,$0,$-1,$0,$10,$-1,$2,$-1
25,2012-06-30,11.71,$11.84,0.99,$36.82,0.32,$-1.22,0.0,$1.18,9.92,$0.19B,$0.04B,4.39,$0.09B,$0.15B,0.63,$0.47B,$0.17B,36.40%,$0.47B,$0.03B,5.35%,$0.47B,$0.03B,5.35%,$0.47B,$0.03B,7.28%,$0.47B,$0.02B,4.07%,$0.47B,$0.02B,3.21%,$0.02B,$0.15B,10.36%,$0.02B,$0.10B,14.67%,$0.02B,$0.31B,4.75%,$0.03B,$0.24B,10.59%,$95,$60,$35,$0,$33,$93,$2,$-2,$0,$0,$0,$1,$1,$4,$2,$12,13,$0.04,$0.04,$3,$121,$0,$190,$33,$35,$46,$3,$117,$306,$43,$93,$0,$115,$158,$0,$15,$-6,$148,$306,$2,$4,$1,$6,$21,$-11,$0,$0,$-0,$7,$-2,$0,$0,$0,$0,$0,$0,$-2,$-4,$0,$-4,$0,$0,$-1,$0,$-5,$-0,$1,$-1
26,2012-03-31,10.53,$12.04,0.88,$36.62,0.29,$-1.96,0.0,$1.31,8.04,$0.20B,$0.07B,2.93,$0.08B,$0.15B,0.55,$0.46B,$0.17B,36.58%,$0.46B,$0.03B,5.84%,$0.46B,$0.03B,5.84%,$0.46B,$0.04B,8.01%,$0.46B,$0.02B,4.55%,$0.46B,$0.02B,3.46%,$0.02B,$0.15B,11.39%,$0.02B,$0.10B,15.72%,$0.02B,$0.32B,5.21%,$0.03B,$0.23B,11.82%,$109,$69,$40,$0,$37,$106,$3,$-2,$2,$1,$1,$1,$1,$5,$3,$12,13,$0.11,$0.11,$5,$114,$0,$200,$33,$36,$47,$4,$120,$319,$68,$82,$0,$101,$170,$0,$15,$-4,$150,$319,$1,$2,$0,$2,$5,$-3,$0,$0,$-0,$3,$-0,$0,$0,$0,$0,$0,$0,$-0,$0,$-1,$-1,$0,$0,$-0,$0,$-1,$2,$1,$-0
27,2011-12-31,11.35,$11.76,0.97,$35.69,0.32,$-2.57,0.0,$1.12,10.14,$0.20B,$0.07B,2.84,$0.08B,$0.15B,0.57,$0.45B,$0.16B,36.40%,$0.45B,$0.02B,5.39%,$0.45B,$0.02B,5.39%,$0.45B,$0.03B,7.64%,$0.45B,$0.02B,3.82%,$0.45B,$0.01B,3.15%,$0.01B,$0.15B,10.37%,$0.01B,$0.10B,13.93%,$0.01B,$0.32B,4.75%,$0.02B,$0.23B,10.85%,$138,$87,$51,$0,$41,$128,$10,$-2,$8,$4,$4,$5,$5,$13,$10,$12,13,$0.45,$0.43,$3,$110,$0,$199,$34,$35,$47,$4,$120,$319,$70,$83,$0,$103,$173,$0,$14,$-6,$146,$319,$14,$10,$-1,$8,$3,$-5,$0,$0,$-10,$12,$-5,$0,$-21,$-5,$0,$-5,$0,$-31,$-24,$44,$19,$0,$0,$-1,$-1,$18,$-0,$3,$-1
28,2011-09-30,9.0,$11.20,0.8,$36.23,0.25,$-0.94,0.0,$1.76,5.11,$0.23B,$0.06B,3.78,$0.11B,$0.14B,0.79,$0.45B,$0.17B,36.89%,$0.45B,$0.03B,6.44%,$0.45B,$0.03B,6.44%,$0.45B,$0.04B,8.44%,$0.45B,$0.02B,4.67%,$0.45B,$0.02B,5.11%,$0.02B,$0.14B,17.62%,$0.02B,$0.11B,23.00%,$0.02B,$0.32B,8.08%,$0.03B,$0.24B,13.54%,$125,$80,$44,$0,$34,$114,$10,$-2,$9,$2,$6,$8,$8,$12,$10,$12,13,$0.62,$0.60,$1,$123,$0,$227,$34,$23,$30,$4,$92,$319,$60,$107,$0,$123,$183,$0,$9,$-8,$135,$319,$9,$7,$1,$7,$-23,$-23,$0,$1,$-43,$-27,$-3,$0,$0,$0,$0,$0,$0,$-3,$28,$0,$28,$0,$0,$-1,$0,$28,$-3,$2,$-1
29,2011-06-30,10.93,$10.81,1.01,$35.78,0.31,$0.53,20.47,$1.68,6.51,$0.18B,$0.04B,4.0,$0.08B,$0.13B,0.62,$0.45B,$0.17B,37.33%,$0.45B,$0.03B,6.44%,$0.45B,$0.03B,6.44%,$0.45B,$0.04B,8.67%,$0.45B,$0.02B,4.44%,$0.45B,$0.02B,4.89%,$0.02B,$0.13B,17.64%,$0.02B,$0.10B,23.78%,$0.02B,$0.27B,7.67%,$0.03B,$0.21B,14.50%,$90,$56,$34,$0,$30,$86,$4,$-2,$2,$1,$1,$2,$2,$7,$4,$12,12,$0.17,$0.17,$2,$111,$0,$177,$34,$26,$31,$4,$95,$272,$44,$81,$0,$97,$142,$0,$2,$-4,$131,$272,$1,$4,$1,$5,$14,$-11,$0,$1,$-8,$-2,$-2,$0,$0,$0,$0,$0,$0,$-2,$3,$0,$3,$0,$0,$-0,$0,$3,$-1,$1,$-0
30,2011-03-31,13.94,$10.64,1.31,$35.76,0.39,$1.70,8.2,$1.43,9.75,$0.17B,$0.05B,3.37,$0.07B,$0.13B,0.58,$0.45B,$0.17B,37.58%,$0.45B,$0.03B,6.26%,$0.45B,$0.03B,6.26%,$0.45B,$0.04B,8.50%,$0.45B,$0.02B,3.80%,$0.45B,$0.02B,4.25%,$0.02B,$0.13B,16.10%,$0.02B,$0.10B,22.55%,$0.02B,$0.27B,6.58%,$0.03B,$0.20B,14.29%,$92,$58,$33,$0,$33,$92,$-0,$-2,$-2,$-1,$-1,$-1,$-1,$2,$-0,$12,12,$-0.08,$-0.08,$2,$104,$0,$174,$35,$26,$31,$4,$96,$269,$51,$74,$0,$90,$141,$0,$0,$-4,$128,$269,$-1,$2,$0,$2,$12,$-4,$0,$-0,$-5,$-4,$-1,$0,$0,$0,$0,$0,$0,$-1,$-0,$3,$3,$0,$0,$0,$0,$3,$-2,$1,$0
31,2010-12-31,13.05,$10.58,1.23,$35.36,0.37,$2.47,5.29,$1.57,8.31,$0.18B,$0.06B,3.01,$0.07B,$0.13B,0.58,$0.44B,$0.17B,38.29%,$0.44B,$0.03B,6.98%,$0.44B,$0.03B,6.98%,$0.44B,$0.04B,9.46%,$0.44B,$0.02B,4.28%,$0.44B,$0.02B,4.73%,$0.02B,$0.13B,18.67%,$0.02B,$0.10B,27.27%,$0.02B,$0.28B,7.27%,$0.03B,$0.20B,16.34%,$143,$88,$55,$0,$40,$128,$15,$-2,$12,$2,$11,$11,$14,$17,$15,$12,12,$1.15,$1.14,$3,$100,$0,$182,$36,$24,$31,$4,$95,$278,$61,$74,$0,$89,$150,$0,$1,$-5,$128,$278,$20,$12,$-3,$8,$-12,$4,$0,$4,$1,$30,$-3,$0,$0,$0,$0,$0,$0,$-3,$-22,$0,$-22,$0,$0,$0,$-3,$-25,$3,$3,$0
32,2010-09-30,14.04,$9.29,1.51,$34.44,0.41,$5.40,2.6,$0.92,15.26,$0.23B,$0.12B,1.92,$0.07B,$0.11B,0.66,$0.43B,$0.17B,38.69%,$0.43B,$0.03B,6.53%,$0.43B,$0.03B,6.53%,$0.43B,$0.04B,9.56%,$0.43B,$0.01B,3.03%,$0.43B,$0.01B,2.80%,$0.01B,$0.11B,11.27%,$0.01B,$0.08B,17.33%,$0.01B,$0.33B,4.16%,$0.03B,$0.19B,15.28%,$125,$79,$46,$0,$36,$115,$10,$-2,$8,$2,$6,$7,$7,$13,$10,$12,13,$0.55,$0.52,$2,$126,$0,$226,$38,$23,$37,$5,$102,$328,$117,$73,$0,$99,$216,$0,$-13,$-6,$112,$328,$6,$9,$2,$11,$-27,$-22,$0,$-0,$-27,$-10,$-2,$0,$0,$0,$0,$0,$0,$-2,$17,$0,$17,$0,$0,$0,$-3,$14,$1,$2,$0
33,2010-06-30,13.59,$8.64,1.57,$32.57,0.42,$7.96,1.71,$0.80,16.99,$0.18B,$0.06B,3.03,$0.09B,$0.10B,0.88,$0.42B,$0.16B,39.04%,$0.42B,$0.03B,6.27%,$0.42B,$0.03B,6.27%,$0.42B,$0.04B,9.64%,$0.42B,$0.01B,2.17%,$0.42B,$0.01B,2.41%,$0.01B,$0.10B,9.73%,$0.01B,$0.07B,15.33%,$0.01B,$0.28B,3.51%,$0.03B,$0.20B,14.57%,$87,$53,$34,$0,$31,$84,$3,$-3,$-1,$1,$-1,$-1,$-1,$6,$3,$12,12,$-0.08,$-0.08,$1,$115,$0,$178,$39,$21,$37,$5,$102,$280,$59,$92,$0,$117,$176,$0,$-19,$-6,$104,$280,$-0,$6,$2,$8,$9,$-11,$0,$-1,$3,$11,$-1,$0,$0,$0,$0,$0,$0,$-1,$-7,$0,$-7,$0,$0,$0,$-3,$-10,$0,$1,$0
34,2010-03-31,10.96,$8.83,1.24,$32.46,0.34,$9.81,1.12,$0.78,14.05,$0.17B,$0.07B,2.53,$0.07B,$0.11B,0.67,$0.41B,$0.16B,38.74%,$0.41B,$0.02B,5.81%,$0.41B,$0.02B,5.81%,$0.41B,$0.04B,9.20%,$0.41B,$0.01B,2.18%,$0.41B,$0.01B,2.42%,$0.01B,$0.11B,10.03%,$0.01B,$0.07B,16.13%,$0.01B,$0.27B,3.47%,$0.02B,$0.18B,14.14%,$89,$54,$35,$0,$32,$86,$3,$-2,$0,$0,$0,$1,$1,$6,$3,$12,12,$0.06,$0.06,$1,$102,$0,$166,$40,$22,$37,$3,$103,$269,$66,$71,$0,$97,$163,$0,$-18,$-6,$106,$269,$1,$3,$-1,$2,$7,$2,$0,$-0,$2,$5,$-1,$0,$0,$0,$0,$0,$0,$-1,$-0,$-5,$-5,$0,$0,$0,$0,$-5,$0,$1,$0
35,2009-12-31,6.65,$8.66,0.77,$32.78,0.2,$10.11,0.66,$0.22,30.21,$0.17B,$0.08B,2.25,$0.07B,$0.10B,0.68,$0.41B,$0.16B,37.92%,$0.41B,$0.02B,4.35%,$0.41B,$0.02B,4.35%,$0.41B,$0.03B,7.97%,$0.41B,$0.00B,0.72%,$0.41B,$0.00B,0.72%,$0.00B,$0.10B,3.13%,$0.00B,$0.07B,5.17%,$0.00B,$0.28B,1.00%,$0.02B,$0.18B,10.88%,$128,$77,$51,$0,$40,$116,$12,$-6,$6,$1,$5,$5,$5,$16,$12,$12,12,$0.42,$0.42,$1,$104,$0,$174,$42,$20,$38,$3,$103,$277,$77,$71,$0,$96,$173,$0,$-19,$-7,$104,$277,$3,$14,$2,$16,$6,$38,$0,$-0,$45,$64,$-2,$0,$0,$0,$0,$0,$0,$-2,$-65,$0,$-65,$0,$0,$0,$0,$-65,$-3,$2,$0
36,2009-09-30,5.31,$8.04,0.66,$35.26,0.15,$4.84,1.1,$-3.47,0.0,$0.21B,$0.12B,1.73,$0.07B,$0.10B,0.72,$0.44B,$0.16B,36.12%,$0.44B,$-0.02B,-5.19%,$0.44B,$-0.02B,-5.19%,$0.44B,$0.02B,4.74%,$0.44B,$-0.05B,-10.38%,$0.44B,$-0.04B,-8.80%,$-0.04B,$0.10B,-41.27%,$-0.04B,$0.06B,-69.33%,$-0.04B,$0.31B,-12.31%,$-0.02B,$0.17B,-14.11%,$111,$70,$42,$0,$33,$103,$8,$-4,$4,$0,$4,$5,$5,$12,$8,$12,15,$0.41,$0.40,$1,$126,$0,$208,$45,$19,$38,$4,$106,$313,$120,$70,$0,$97,$217,$0,$-24,$-9,$97,$313,$-2,$10,$-0,$10,$-4,$15,$0,$-1,$17,$25,$-1,$0,$0,$0,$0,$0,$0,$-1,$-27,$0,$-27,$0,$0,$0,$0,$-27,$-3,$1,$0
37,2009-06-30,3.78,$7.62,0.5,$39.46,0.1,$0.19,20.3,$-3.93,0.0,$0.19B,$0.11B,1.76,$0.07B,$0.09B,0.76,$0.47B,$0.17B,36.58%,$0.47B,$-0.02B,-4.86%,$0.47B,$-0.02B,-4.86%,$0.47B,$0.02B,4.23%,$0.47B,$-0.05B,-10.57%,$0.47B,$-0.05B,-9.51%,$-0.05B,$0.09B,-42.96%,$-0.05B,$0.05B,-74.38%,$-0.05B,$0.29B,-13.08%,$-0.02B,$0.16B,-12.20%,$85,$53,$32,$0,$31,$85,$1,$-2,$-1,$0,$-2,$-1,$-1,$4,$1,$12,12,$-0.10,$-0.10,$4,$123,$0,$185,$47,$19,$38,$4,$108,$293,$105,$69,$0,$96,$202,$0,$-29,$-8,$92,$293,$-7,$7,$0,$7,$19,$19,$0,$-2,$34,$33,$-1,$0,$0,$0,$0,$0,$0,$-1,$-32,$0,$-32,$0,$0,$0,$0,$-32,$0,$1,$0
38,2009-03-31,1.29,$7.61,0.17,$40.06,0.03,$-3.82,0.0,$-4.10,0.0,$0.21B,$0.13B,1.6,$0.07B,$0.09B,0.75,$0.48B,$0.18B,37.08%,$0.48B,$-0.03B,-6.46%,$0.48B,$-0.03B,-6.46%,$0.48B,$0.01B,2.71%,$0.48B,$-0.06B,-12.29%,$0.48B,$-0.05B,-10.00%,$-0.05B,$0.09B,-41.29%,$-0.05B,$0.05B,-73.00%,$-0.05B,$0.32B,-13.11%,$-0.03B,$0.16B,-14.40%,$90,$58,$32,$0,$35,$93,$-3,$-4,$-6,$0,$-6,$-6,$-6,$1,$-3,$12,12,$-0.50,$-0.50,$2,$132,$0,$212,$48,$17,$38,$3,$107,$319,$133,$69,$0,$95,$228,$0,$-27,$-9,$91,$319,$-6,$3,$0,$3,$8,$10,$0,$2,$11,$9,$-1,$0,$0,$0,$0,$0,$0,$-1,$-0,$-10,$-10,$0,$0,$0,$0,$-10,$-1,$0,$0
39,2008-12-31,3.29,$8.13,0.4,$40.75,0.08,$-5.18,0.0,$-4.10,0.0,$0.23B,$0.15B,1.55,$0.07B,$0.10B,0.7,$0.49B,$0.19B,37.91%,$0.49B,$-0.03B,-6.97%,$0.49B,$-0.03B,-6.97%,$0.49B,$0.01B,1.84%,$0.49B,$-0.06B,-13.11%,$0.49B,$-0.05B,-9.84%,$-0.05B,$0.10B,-37.35%,$-0.05B,$0.06B,-66.67%,$-0.05B,$0.34B,-12.83%,$-0.03B,$0.17B,-13.99%,$157,$103,$54,$0,$54,$186,$-29,$-14,$-43,$-6,$-37,$-37,$-37,$4,$-29,$12,12,$-3.07,$-3.07,$3,$142,$0,$233,$50,$18,$38,$3,$109,$342,$150,$68,$0,$94,$244,$0,$-22,$-9,$98,$342,$-48,$43,$6,$48,$-4,$26,$0,$-1,$7,$7,$-8,$0,$-16,$0,$0,$0,$0,$-25,$20,$0,$20,$0,$0,$-3,$0,$17,$-1,$3,$-3
40,2008-09-30,8.93,$11.48,0.78,$39.50,0.23,$-3.41,0.0,$-0.43,0.0,$0.28B,$0.13B,2.24,$0.13B,$0.14B,0.95,$0.49B,$0.20B,40.12%,$0.49B,$0.01B,1.23%,$0.49B,$0.01B,1.23%,$0.49B,$0.02B,4.53%,$0.49B,$-0.01B,-2.67%,$0.49B,$-0.01B,-1.44%,$-0.01B,$0.14B,-4.97%,$-0.01B,$0.08B,-8.95%,$-0.01B,$0.42B,-1.83%,$0.01B,$0.27B,2.21%,$141,$86,$55,$0,$47,$133,$8,$-7,$0,$2,$-1,$-1,$-1,$11,$8,$12,12,$-0.09,$-0.09,$0,$171,$0,$282,$50,$24,$62,$3,$139,$422,$126,$130,$0,$158,$284,$0,$22,$-0,$138,$422,$-11,$10,$6,$16,$-20,$-15,$0,$-11,$-34,$-29,$-7,$0,$-12,$0,$0,$0,$0,$-19,$-0,$47,$47,$0,$0,$-2,$0,$45,$-4,$2,$-2
41,2008-06-30,7.42,$11.51,0.64,$36.84,0.2,$-3.74,0.0,$0.10,74.16,$0.24B,$0.09B,2.66,$0.13B,$0.14B,0.95,$0.49B,$0.20B,40.78%,$0.49B,$0.01B,2.46%,$0.49B,$0.01B,2.46%,$0.49B,$0.03B,5.53%,$0.49B,$-0.00B,-0.41%,$0.49B,$0.00B,0.20%,$0.00B,$0.14B,0.70%,$0.00B,$0.08B,1.24%,$0.00B,$0.38B,0.27%,$0.01B,$0.27B,4.52%,$92,$55,$37,$0,$44,$99,$-7,$-3,$-10,$-5,$-4,$-4,$-4,$-3,$-7,$12,12,$-0.30,$-0.30,$1,$161,$0,$238,$54,$24,$62,$3,$144,$382,$89,$130,$0,$154,$244,$0,$23,$-0,$138,$382,$-10,$7,$1,$8,$13,$-5,$0,$-8,$-9,$-11,$-5,$0,$-12,$0,$0,$0,$0,$-17,$-0,$27,$27,$0,$0,$-1,$0,$25,$-3,$1,$-1
42,2008-03-31,8.08,$11.73,0.69,$35.99,0.22,$-4.71,0.0,$0.22,36.71,$0.21B,$0.06B,3.78,$0.13B,$0.14B,0.93,$0.49B,$0.20B,41.27%,$0.49B,$0.02B,3.49%,$0.49B,$0.02B,3.49%,$0.49B,$0.03B,6.37%,$0.49B,$0.01B,1.03%,$0.49B,$0.00B,0.62%,$0.00B,$0.14B,2.02%,$0.00B,$0.08B,3.51%,$0.00B,$0.35B,0.81%,$0.02B,$0.27B,6.48%,$98,$60,$39,$0,$44,$104,$-6,$-6,$-11,$-5,$-7,$-6,$-6,$-3,$-6,$12,12,$-0.53,$-0.53,$1,$137,$0,$207,$55,$23,$63,$3,$144,$351,$55,$130,$0,$155,$210,$0,$27,$-1,$140,$351,$-6,$3,$1,$4,$14,$7,$0,$-2,$-3,$-5,$-3,$0,$0,$0,$0,$0,$0,$-3,$-0,$5,$5,$0,$0,$-1,$0,$4,$-4,$1,$-1
43,2007-12-31,11.65,$12.31,0.95,$35.59,0.33,$-5.47,0.0,$0.62,18.8,$0.23B,$0.07B,3.2,$0.13B,$0.15B,0.88,$0.49B,$0.21B,41.58%,$0.49B,$0.02B,4.46%,$0.49B,$0.02B,4.46%,$0.49B,$0.04B,7.10%,$0.49B,$0.01B,2.84%,$0.49B,$0.01B,1.62%,$0.01B,$0.15B,5.20%,$0.01B,$0.08B,8.89%,$0.01B,$0.37B,2.18%,$0.02B,$0.28B,8.64%,$155,$91,$64,$0,$52,$144,$11,$-3,$8,$4,$4,$4,$4,$17,$11,$13,13,$0.31,$0.35,$4,$144,$0,$228,$54,$23,$63,$3,$143,$371,$71,$130,$0,$153,$224,$0,$33,$-0,$147,$371,$8,$12,$3,$15,$-5,$20,$0,$1,$9,$32,$-10,$0,$-11,$0,$-23,$-23,$0,$-44,$-0,$42,$42,$-22,$-22,$-3,$0,$16,$4,$2,$-3
44,2007-09-30,18.15,$11.91,1.52,$34.44,0.53,$-7.12,0.0,$0.84,21.6,$0.28B,$0.14B,2.04,$0.10B,$0.15B,0.65,$0.50B,$0.21B,41.82%,$0.50B,$0.03B,5.66%,$0.50B,$0.03B,5.66%,$0.50B,$0.03B,6.06%,$0.50B,$0.02B,4.24%,$0.50B,$0.01B,2.63%,$0.01B,$0.15B,8.25%,$0.01B,$0.09B,13.90%,$0.01B,$0.40B,3.62%,$0.03B,$0.25B,11.38%,$143,$85,$59,$0,$45,$130,$14,$-3,$11,$4,$7,$7,$7,$16,$14,$13,16,$0.52,$0.47,$1,$180,$5,$284,$47,$0,$63,$4,$115,$399,$139,$98,$0,$110,$250,$0,$36,$0,$150,$399,$3,$6,$3,$10,$-21,$-16,$0,$-0,$-51,$-38,$-15,$0,$-11,$0,$0,$0,$0,$-26,$-0,$82,$82,$-15,$-15,$-3,$0,$64,$1,$2,$-3
45,2007-06-30,18.23,$11.86,1.54,$34.05,0.54,$-6.57,0.0,$0.82,22.24,$0.24B,$0.09B,2.79,$0.10B,$0.16B,0.62,$0.49B,$0.21B,41.50%,$0.49B,$0.03B,5.26%,$0.49B,$0.03B,5.26%,$0.49B,$0.03B,5.87%,$0.49B,$0.02B,4.25%,$0.49B,$0.01B,2.63%,$0.01B,$0.16B,8.15%,$0.01B,$0.09B,13.54%,$0.01B,$0.36B,3.71%,$0.03B,$0.26B,10.67%,$91,$52,$39,$0,$41,$93,$-2,$-2,$-3,$-1,$-2,$-2,$-2,$1,$-2,$13,13,$-0.15,$-0.15,$1,$166,$5,$240,$46,$0,$64,$5,$115,$355,$86,$98,$0,$111,$197,$0,$45,$0,$158,$355,$-3,$4,$2,$7,$15,$-10,$0,$-5,$-22,$-19,$-12,$0,$-2,$0,$0,$0,$0,$-14,$-0,$36,$35,$0,$0,$-2,$0,$34,$1,$1,$-2
46,2007-03-31,18.57,$12.05,1.54,$33.49,0.55,$-6.04,0.0,$0.86,21.6,$0.23B,$0.09B,2.6,$0.08B,$0.16B,0.5,$0.49B,$0.20B,41.48%,$0.49B,$0.03B,5.34%,$0.49B,$0.03B,5.34%,$0.49B,$0.03B,5.75%,$0.49B,$0.02B,4.52%,$0.49B,$0.01B,2.67%,$0.01B,$0.16B,8.23%,$0.01B,$0.10B,13.68%,$0.01B,$0.34B,3.89%,$0.03B,$0.24B,10.92%,$104,$61,$43,$0,$43,$104,$-1,$-2,$-2,$-1,$-1,$-1,$-1,$1,$-1,$13,13,$-0.10,$-0.10,$1,$154,$5,$228,$43,$0,$64,$5,$112,$340,$88,$80,$0,$92,$180,$0,$48,$0,$160,$340,$-1,$2,$1,$3,$9,$1,$0,$0,$-13,$-12,$-7,$0,$-0,$0,$0,$0,$0,$-7,$-0,$21,$21,$0,$0,$-1,$0,$20,$1,$0,$-1
47,2006-12-31,14.56,$12.17,1.2,$31.34,0.46,$-4.61,0.0,$1.03,14.14,$0.23B,$0.09B,2.58,$0.08B,$0.16B,0.5,$0.46B,$0.19B,42.01%,$0.46B,$0.03B,6.35%,$0.46B,$0.03B,6.35%,$0.46B,$0.03B,6.56%,$0.46B,$0.03B,5.47%,$0.46B,$0.02B,3.28%,$0.02B,$0.16B,9.79%,$0.02B,$0.10B,15.58%,$0.02B,$0.34B,5.00%,$0.03B,$0.24B,13.52%,$157,$91,$66,$0,$49,$140,$17,$-2,$15,$6,$9,$9,$9,$12,$17,$13,15,$0.72,$0.73,$0,$155,$0,$232,$43,$0,$63,$5,$111,$343,$90,$80,$0,$92,$181,$0,$50,$0,$162,$343,$16,$0,$21,$21,$5,$-36,$0,$-0,$-0,$21,$-21,$0,$-44,$0,$0,$0,$0,$-65,$72,$7,$7,$0,$0,$-3,$0,$7,$28,$1,$-3
