,Date,Stock Price,Book Value per Share,Price to Book Ratio,TTM Sales per Share,Price to Sales Ratio,TTM FCF per Share,Price to FCF Ratio,TTM Net EPS,PE Ratio,Current Assets,Current Liabilities,Current Ratio,Long Term Debt,Shareholder's Equity_x,Debt to Equity Ratio,TTM Revenue_x,TTM Gross Profit,Gross Margin,TTM Revenue_y,TTM Operating Income,Operating Margin,TTM Revenue_x,TTM EBIT,EBIT Margin,TTM Revenue_y,TTM EBITDA,EBITDA Margin,TTM Revenue_x,TTM Pre-Tax Income,Pre-Tax Margin,TTM Revenue_y,TTM Net Income_x,Net Margin,TTM Net Income_y,Shareholder's Equity_y,Return on Equity,TTM Net Income_x,Tangible Equity,Return on Tangible Equity,TTM Net Income_y,Total Assets,Return on Assets,TTM Net Income,LT Investments & Debt,Return on Investment,revenue,cost-goods-sold,gross-profit,research-development-expenses,selling-general-administrative-expenses,operating-expenses,operating-income,total-non-operating-income-expense,pre-tax-income,total-provision-income-taxes,income-after-taxes,income-from-continuous-operations,net-income,ebitda,ebit,basic-shares-outstanding,shares-outstanding,eps-basic-net-earnings-per-share,eps-earnings-per-share-diluted,cash-on-hand,inventory,other-current-assets,total-current-assets,net-property-plant-equipment,long-term-investments,goodwill-intangible-assets-total,other-long-term-assets,total-long-term-assets,total-assets,total-current-liabilities,long-term-debt,other-non-current-liabilities,total-long-term-liabilities,total-liabilities,common-stock-net,retained-earnings-accumulated-deficit,comprehensive-income,total-share-holder-equity,total-liabilities-share-holders-equity,net-income-loss,total-depreciation-amortization-cash-flow,other-non-cash-items,total-non-cash-items,change-in-accounts-receivable,change-in-inventories,change-in-accounts-payable,change-in-assets-liabilities,total-change-in-assets-liabilities,cash-flow-from-operating-activities,net-change-in-property-plant-equipment,net-change-in-intangible-assets,net-acquisitions-divestitures,net-change-in-short-term-investments,net-change-in-long-term-investments,net-change-in-investments-total,investing-activities-other,cash-flow-from-investing-activities,net-long-term-debt,net-current-debt,debt-issuance-retirement-net-total,net-common-equity-issued-repurchased,net-total-equity-issued-repurchased,total-common-preferred-stock-dividends-paid,financial-activities-other,cash-flow-from-financial-activities,net-cash-flow,stock-based-compensation,common-stock-dividends-paid
0,2018-09-30,43.1,$21.66,1.99,$43.49,0.99,$0.63,68.79,$2.40,17.96,$0.34B,$0.13B,2.6,$0.33B,$0.38B,0.87,$0.75B,$0.15B,19.89%,$0.75B,$0.05B,6.76%,$0.75B,$0.05B,6.76%,$0.75B,$0.08B,10.61%,$0.75B,$0.05B,6.37%,$0.75B,$0.04B,5.44%,$0.04B,$0.38B,11.15%,$0.04B,$0.04B,20.27%,$0.04B,$0.90B,6.24%,$0.05B,$0.71B,10.05%,$198,$163,$35,$0,$25,$188,$10,$-1,$8,$2,$6,$6,$6,$18,$10,$17,17,$0.36,$0.36,$44,$92,$32,$342,$212,$0,$341,$8,$561,$903,$132,$328,$5,$394,$526,$0,$404,$-29,$377,$903,$28,$22,$5,$27,$-25,$-12,$8,$-11,$-41,$14,$-20,$0,$-270,$0,$0,$0,$0,$-290,$261,$0,$261,$-0,$-0,$0,$-1,$261,$-16,$3,$0
1,2018-06-30,43.65,$21.33,2.05,$42.51,1.03,$2.45,17.79,$2.66,16.41,$0.30B,$0.11B,2.82,$0.08B,$0.37B,0.21,$0.74B,$0.16B,21.06%,$0.74B,$0.06B,7.61%,$0.74B,$0.06B,7.61%,$0.74B,$0.09B,11.55%,$0.74B,$0.05B,7.34%,$0.74B,$0.05B,6.25%,$0.05B,$0.37B,12.89%,$0.05B,$0.27B,18.46%,$0.05B,$0.58B,8.03%,$0.06B,$0.45B,12.79%,$186,$150,$36,$0,$24,$174,$12,$-0,$12,$2,$10,$10,$10,$19,$12,$17,17,$0.61,$0.60,$51,$79,$34,$300,$168,$0,$103,$7,$279,$579,$106,$77,$3,$102,$208,$0,$398,$-28,$371,$579,$22,$14,$4,$18,$-12,$-16,$7,$-10,$-31,$8,$-16,$0,$0,$0,$0,$0,$0,$-16,$-0,$0,$-0,$-0,$-0,$0,$0,$-0,$-9,$3,$0
2,2018-03-31,48.25,$21.29,2.27,$41.89,1.15,$3.66,13.17,$2.82,17.11,$0.30B,$0.11B,2.68,$0.08B,$0.37B,0.21,$0.73B,$0.16B,22.34%,$0.73B,$0.06B,8.83%,$0.73B,$0.06B,8.83%,$0.73B,$0.09B,12.69%,$0.73B,$0.06B,8.28%,$0.73B,$0.05B,6.76%,$0.05B,$0.37B,14.31%,$0.05B,$0.26B,20.96%,$0.05B,$0.59B,8.63%,$0.06B,$0.45B,14.85%,$192,$152,$40,$0,$25,$178,$14,$-1,$13,$2,$11,$11,$11,$21,$14,$17,17,$0.64,$0.64,$49,$74,$32,$300,$171,$0,$108,$7,$286,$586,$112,$77,$4,$105,$217,$0,$387,$-17,$370,$586,$11,$7,$2,$9,$-19,$-9,$9,$-5,$-24,$-4,$-8,$0,$0,$0,$0,$0,$0,$-8,$-0,$0,$-0,$-0,$-0,$0,$0,$-0,$-11,$1,$0
3,2017-12-31,50.75,$20.38,2.49,$40.41,1.26,$4.50,11.29,$2.86,17.74,$0.27B,$0.10B,2.68,$0.08B,$0.35B,0.22,$0.70B,$0.16B,23.21%,$0.70B,$0.07B,9.31%,$0.70B,$0.07B,9.31%,$0.70B,$0.09B,13.32%,$0.70B,$0.06B,8.74%,$0.70B,$0.05B,7.16%,$0.05B,$0.35B,15.54%,$0.05B,$0.24B,23.39%,$0.05B,$0.56B,8.99%,$0.07B,$0.43B,15.46%,$178,$139,$39,$0,$24,$163,$15,$-0,$15,$1,$14,$14,$14,$22,$15,$17,17,$0.80,$0.79,$60,$80,$6,$273,$170,$0,$110,$8,$287,$561,$102,$77,$4,$105,$207,$0,$375,$-20,$353,$561,$49,$27,$2,$29,$-8,$-11,$14,$-6,$-16,$63,$-27,$0,$-0,$0,$0,$0,$0,$-27,$-52,$0,$-52,$-1,$-1,$0,$0,$-53,$-12,$4,$0
4,2017-09-30,57.3,$19.39,2.96,$38.50,1.49,$4.99,11.49,$2.32,24.7,$0.28B,$0.11B,2.67,$0.09B,$0.33B,0.28,$0.66B,$0.16B,23.34%,$0.66B,$0.06B,8.58%,$0.66B,$0.06B,8.58%,$0.66B,$0.08B,12.65%,$0.66B,$0.05B,7.98%,$0.66B,$0.04B,6.02%,$0.04B,$0.33B,13.26%,$0.04B,$0.22B,20.54%,$0.04B,$0.57B,7.31%,$0.06B,$0.43B,13.78%,$180,$140,$40,$0,$25,$165,$15,$-1,$14,$3,$11,$11,$11,$23,$15,$17,17,$0.63,$0.62,$65,$81,$7,$283,$165,$0,$110,$7,$283,$566,$106,$93,$4,$125,$231,$0,$361,$-23,$334,$566,$35,$20,$4,$24,$-12,$-12,$18,$-7,$-13,$46,$-20,$0,$-0,$0,$0,$0,$0,$-20,$-36,$0,$-36,$-2,$-2,$0,$0,$-38,$-7,$3,$0
5,2017-06-30,51.7,$18.17,2.85,$37.16,1.39,$5.12,10.09,$2.45,21.1,$0.28B,$0.10B,2.71,$0.11B,$0.31B,0.34,$0.64B,$0.15B,23.91%,$0.64B,$0.06B,9.38%,$0.64B,$0.06B,9.38%,$0.64B,$0.09B,13.28%,$0.64B,$0.06B,8.91%,$0.64B,$0.04B,6.56%,$0.04B,$0.31B,14.58%,$0.04B,$0.21B,22.05%,$0.04B,$0.56B,7.95%,$0.06B,$0.42B,14.99%,$175,$132,$43,$0,$23,$155,$20,$-2,$18,$5,$13,$13,$13,$26,$20,$17,17,$0.77,$0.76,$64,$82,$7,$279,$164,$0,$108,$6,$279,$558,$103,$107,$5,$142,$245,$0,$350,$-33,$313,$558,$25,$13,$4,$17,$-8,$-14,$15,$-5,$-14,$28,$-15,$0,$-0,$0,$0,$0,$0,$-15,$-22,$0,$-22,$-2,$-2,$0,$0,$-24,$-8,$2,$0
6,2017-03-31,53.6,$16.65,3.22,$35.06,1.53,$5.43,9.87,$2.32,23.1,$0.27B,$0.10B,2.7,$0.12B,$0.29B,0.41,$0.60B,$0.15B,24.25%,$0.60B,$0.06B,9.30%,$0.60B,$0.06B,9.30%,$0.60B,$0.08B,13.12%,$0.60B,$0.06B,9.14%,$0.60B,$0.04B,6.64%,$0.04B,$0.29B,14.48%,$0.04B,$0.18B,19.98%,$0.04B,$0.54B,8.30%,$0.06B,$0.41B,15.37%,$165,$125,$40,$0,$25,$150,$15,$-1,$14,$2,$12,$12,$12,$22,$15,$17,17,$0.69,$0.68,$63,$78,$6,$267,$161,$0,$105,$6,$271,$539,$99,$118,$5,$153,$252,$0,$337,$-45,$287,$539,$12,$7,$3,$9,$-8,$-12,$14,$-2,$-9,$12,$-10,$0,$0,$0,$0,$0,$0,$-10,$-10,$0,$-10,$-2,$-2,$0,$0,$-13,$-9,$1,$0
7,2016-12-31,61.85,$15.87,3.9,$33.10,1.87,$5.46,11.34,$2.18,28.37,$0.26B,$0.09B,2.83,$0.13B,$0.27B,0.47,$0.57B,$0.14B,24.34%,$0.57B,$0.06B,9.70%,$0.57B,$0.06B,9.70%,$0.57B,$0.08B,13.23%,$0.57B,$0.06B,9.70%,$0.57B,$0.04B,6.53%,$0.04B,$0.27B,13.75%,$0.04B,$0.17B,17.31%,$0.04B,$0.53B,8.45%,$0.06B,$0.40B,16.67%,$144,$112,$32,$0,$25,$137,$7,$-0,$7,$3,$4,$4,$4,$13,$7,$17,17,$0.26,$0.24,$72,$66,$0,$256,$161,$0,$105,$5,$271,$527,$90,$128,$4,$163,$254,$0,$325,$-48,$273,$527,$37,$20,$5,$25,$0,$1,$4,$-1,$8,$70,$-25,$0,$-152,$0,$0,$0,$0,$-178,$106,$0,$106,$0,$0,$0,$0,$106,$-4,$4,$0
8,2016-09-30,51.13,$16.25,3.15,$32.43,1.58,$3.79,13.48,$2.23,22.93,$0.26B,$0.08B,3.15,$0.10B,$0.28B,0.34,$0.55B,$0.14B,24.37%,$0.55B,$0.06B,10.65%,$0.55B,$0.06B,10.65%,$0.55B,$0.08B,14.08%,$0.55B,$0.06B,10.47%,$0.55B,$0.04B,6.86%,$0.04B,$0.28B,14.50%,$0.04B,$0.21B,16.70%,$0.04B,$0.49B,9.61%,$0.06B,$0.37B,19.95%,$156,$118,$38,$0,$20,$137,$18,$-0,$18,$5,$13,$13,$13,$24,$18,$17,17,$0.76,$0.75,$77,$62,$5,$263,$150,$0,$72,$4,$225,$488,$83,$95,$3,$126,$209,$0,$321,$-36,$279,$488,$33,$14,$4,$18,$-15,$-0,$11,$-3,$-3,$47,$-19,$0,$-101,$0,$0,$0,$0,$-120,$75,$0,$75,$-0,$-0,$0,$0,$74,$1,$3,$0
9,2016-06-30,38.56,$15.51,2.49,$31.05,1.24,$2.10,18.33,$2.14,18.02,$0.23B,$0.07B,3.29,$0.01B,$0.27B,0.04,$0.53B,$0.13B,24.39%,$0.53B,$0.06B,10.59%,$0.53B,$0.06B,10.59%,$0.53B,$0.07B,13.80%,$0.53B,$0.06B,10.40%,$0.53B,$0.04B,6.81%,$0.04B,$0.27B,14.24%,$0.04B,$0.24B,15.64%,$0.04B,$0.37B,9.75%,$0.06B,$0.28B,20.53%,$137,$101,$36,$0,$20,$122,$16,$0,$16,$5,$11,$11,$11,$20,$16,$17,17,$0.64,$0.63,$83,$47,$3,$231,$118,$0,$22,$2,$142,$373,$70,$10,$3,$37,$107,$0,$308,$-36,$266,$373,$20,$9,$2,$10,$-11,$-1,$8,$4,$3,$33,$-16,$0,$0,$0,$0,$0,$0,$-16,$-10,$0,$-10,$-0,$-0,$0,$0,$-11,$7,$2,$0
10,2016-03-31,32.52,$15.06,2.16,$30.95,1.05,$0.63,51.28,$2.15,15.13,$0.22B,$0.07B,3.28,$0.01B,$0.26B,0.04,$0.53B,$0.13B,24.10%,$0.53B,$0.06B,10.82%,$0.53B,$0.06B,10.82%,$0.53B,$0.07B,14.04%,$0.53B,$0.06B,10.44%,$0.53B,$0.04B,6.83%,$0.04B,$0.26B,14.75%,$0.04B,$0.24B,16.29%,$0.04B,$0.36B,9.74%,$0.06B,$0.27B,20.99%,$130,$97,$32,$0,$19,$116,$14,$0,$14,$5,$9,$9,$9,$18,$14,$17,17,$0.54,$0.54,$70,$51,$3,$222,$117,$0,$22,$2,$141,$363,$68,$10,$3,$37,$105,$0,$297,$-32,$258,$363,$9,$4,$1,$5,$-10,$-4,$7,$3,$-2,$13,$-10,$0,$0,$0,$0,$0,$0,$-10,$-10,$0,$-10,$-0,$-0,$0,$0,$-11,$-6,$1,$0
11,2015-12-31,35.48,$14.31,2.48,$30.78,1.15,$-0.05,0.0,$2.72,13.04,$0.22B,$0.06B,3.6,$0.02B,$0.25B,0.08,$0.52B,$0.12B,23.47%,$0.52B,$0.05B,10.11%,$0.52B,$0.05B,10.11%,$0.52B,$0.07B,13.36%,$0.52B,$0.07B,13.55%,$0.52B,$0.05B,8.78%,$0.05B,$0.25B,19.72%,$0.05B,$0.22B,21.93%,$0.05B,$0.36B,12.41%,$0.05B,$0.27B,19.76%,$131,$102,$29,$0,$19,$121,$11,$-0,$10,$5,$5,$5,$5,$16,$11,$17,17,$0.32,$0.30,$76,$47,$0,$219,$114,$0,$22,$2,$139,$358,$61,$20,$3,$52,$113,$0,$288,$-35,$245,$358,$46,$19,$-12,$6,$-3,$0,$-5,$-6,$-17,$36,$-21,$0,$29,$0,$0,$0,$0,$8,$-21,$0,$-21,$-7,$-7,$0,$1,$-27,$14,$3,$0
12,2015-09-30,28.49,$14.21,2.01,$30.59,0.93,$0.67,42.31,$2.75,10.36,$0.24B,$0.07B,3.35,$0.04B,$0.24B,0.17,$0.52B,$0.12B,23.03%,$0.52B,$0.05B,9.60%,$0.52B,$0.05B,9.60%,$0.52B,$0.07B,12.86%,$0.52B,$0.07B,13.24%,$0.52B,$0.05B,9.02%,$0.05B,$0.24B,20.87%,$0.05B,$0.22B,23.53%,$0.05B,$0.38B,12.64%,$0.05B,$0.28B,18.85%,$131,$100,$32,$0,$17,$116,$15,$-0,$15,$4,$11,$11,$11,$19,$15,$17,17,$0.67,$0.66,$80,$59,$0,$244,$111,$0,$24,$4,$139,$383,$73,$40,$3,$68,$141,$0,$283,$-31,$242,$383,$41,$13,$-17,$-4,$-12,$-12,$3,$-4,$-22,$15,$-15,$0,$29,$0,$0,$0,$0,$13,$-0,$0,$-0,$-7,$-7,$0,$1,$-7,$18,$2,$0
13,2015-06-30,29.56,$13.59,2.17,$30.76,0.96,$1.99,14.86,$2.33,12.69,$0.24B,$0.07B,3.34,$0.04B,$0.23B,0.17,$0.52B,$0.12B,22.33%,$0.52B,$0.04B,7.82%,$0.52B,$0.04B,7.82%,$0.52B,$0.06B,11.07%,$0.52B,$0.06B,11.45%,$0.52B,$0.04B,7.63%,$0.04B,$0.23B,18.33%,$0.04B,$0.21B,20.94%,$0.04B,$0.38B,10.81%,$0.04B,$0.27B,15.57%,$135,$101,$34,$0,$17,$118,$17,$-1,$16,$5,$11,$11,$11,$21,$17,$17,17,$0.65,$0.64,$74,$56,$0,$236,$112,$0,$24,$3,$139,$375,$71,$40,$3,$73,$144,$0,$272,$-30,$231,$375,$30,$9,$-18,$-9,$-14,$-8,$2,$3,$-16,$4,$-12,$0,$29,$0,$0,$0,$0,$17,$-0,$0,$-0,$-7,$-7,$0,$0,$-7,$12,$1,$0
14,2015-03-31,31.72,$12.64,2.51,$31.58,1.0,$2.87,11.06,$2.18,14.55,$0.23B,$0.08B,2.92,$0.04B,$0.22B,0.19,$0.54B,$0.12B,21.93%,$0.54B,$0.04B,6.88%,$0.54B,$0.04B,6.88%,$0.54B,$0.05B,10.04%,$0.54B,$0.06B,10.41%,$0.54B,$0.04B,6.88%,$0.04B,$0.22B,17.29%,$0.04B,$0.19B,20.00%,$0.04B,$0.37B,9.98%,$0.04B,$0.26B,14.00%,$127,$100,$28,$0,$18,$117,$10,$19,$30,$11,$19,$19,$19,$14,$10,$17,17,$1.12,$1.11,$72,$54,$0,$229,$110,$0,$24,$4,$138,$367,$78,$40,$3,$73,$152,$2,$261,$-34,$215,$367,$19,$4,$-20,$-15,$-12,$-6,$4,$6,$-5,$-1,$-7,$0,$28,$0,$0,$0,$0,$21,$-0,$0,$-0,$-7,$-7,$0,$0,$-6,$10,$1,$0
15,2014-12-31,32.82,$12.28,2.67,$31.57,1.04,$3.03,10.83,$1.29,25.44,$0.21B,$0.07B,2.92,$0.04B,$0.21B,0.19,$0.54B,$0.12B,21.64%,$0.54B,$0.04B,6.53%,$0.54B,$0.04B,6.53%,$0.54B,$0.05B,9.51%,$0.54B,$0.03B,6.16%,$0.54B,$0.02B,4.10%,$0.02B,$0.21B,10.41%,$0.02B,$0.18B,12.19%,$0.02B,$0.36B,5.93%,$0.04B,$0.25B,13.12%,$128,$102,$26,$0,$17,$120,$8,$0,$8,$3,$6,$6,$6,$13,$8,$17,17,$0.34,$0.33,$62,$51,$0,$213,$115,$0,$30,$2,$148,$362,$73,$40,$3,$76,$149,$2,$242,$-24,$213,$362,$22,$18,$9,$26,$-7,$5,$1,$-4,$-6,$42,$-14,$0,$-80,$0,$0,$0,$0,$-93,$39,$0,$39,$2,$2,$0,$1,$43,$-13,$3,$0
16,2014-09-30,27.01,$12.46,2.17,$29.99,0.9,$2.38,11.36,$1.20,22.51,$0.23B,$0.07B,3.23,$0.06B,$0.21B,0.28,$0.51B,$0.11B,21.65%,$0.51B,$0.03B,6.30%,$0.51B,$0.03B,6.30%,$0.51B,$0.05B,9.06%,$0.51B,$0.03B,5.91%,$0.51B,$0.02B,3.94%,$0.02B,$0.21B,9.62%,$0.02B,$0.18B,11.16%,$0.02B,$0.38B,5.73%,$0.03B,$0.27B,12.61%,$134,$106,$29,$0,$23,$128,$6,$0,$6,$2,$4,$4,$4,$10,$6,$17,17,$0.25,$0.24,$77,$49,$0,$229,$114,$0,$30,$2,$146,$376,$71,$60,$3,$91,$162,$2,$236,$-15,$214,$376,$16,$13,$5,$18,$-13,$7,$1,$-2,$-3,$30,$-9,$0,$-80,$0,$0,$0,$0,$-88,$60,$0,$60,$1,$1,$0,$1,$62,$1,$2,$0
17,2014-06-30,27.37,$12.56,2.18,$27.97,0.98,$1.18,23.2,$1.23,22.25,$0.23B,$0.07B,3.12,$0.06B,$0.21B,0.28,$0.47B,$0.10B,21.40%,$0.47B,$0.03B,6.99%,$0.47B,$0.03B,6.99%,$0.47B,$0.05B,9.75%,$0.47B,$0.03B,6.57%,$0.47B,$0.02B,4.45%,$0.02B,$0.21B,10.42%,$0.02B,$0.18B,12.00%,$0.02B,$0.38B,6.50%,$0.03B,$0.28B,14.19%,$149,$114,$35,$0,$22,$136,$13,$-1,$12,$4,$8,$8,$8,$17,$13,$17,17,$0.50,$0.49,$64,$51,$0,$229,$115,$0,$31,$2,$148,$378,$74,$61,$3,$90,$163,$2,$232,$-9,$214,$378,$12,$9,$2,$11,$-21,$7,$6,$-4,$-10,$13,$-6,$0,$-79,$0,$0,$0,$0,$-85,$60,$0,$60,$0,$0,$0,$0,$60,$-11,$1,$0
18,2014-03-31,22.87,$12.00,1.91,$25.21,0.91,$0.78,29.3,$1.09,20.98,$0.22B,$0.07B,3.0,$0.06B,$0.20B,0.3,$0.42B,$0.09B,20.99%,$0.42B,$0.03B,7.08%,$0.42B,$0.03B,7.08%,$0.42B,$0.04B,9.91%,$0.42B,$0.03B,6.60%,$0.42B,$0.02B,4.48%,$0.02B,$0.20B,9.84%,$0.02B,$0.17B,11.26%,$0.02B,$0.37B,6.46%,$0.03B,$0.27B,14.35%,$125,$99,$26,$0,$19,$118,$8,$-0,$7,$4,$4,$4,$4,$11,$8,$17,17,$0.22,$0.22,$51,$55,$0,$217,$117,$0,$31,$2,$149,$367,$72,$61,$3,$90,$162,$2,$224,$-9,$204,$367,$4,$4,$2,$6,$-20,$4,$6,$-1,$-13,$-3,$-3,$0,$-79,$0,$0,$0,$0,$-82,$60,$0,$60,$-0,$-0,$0,$0,$60,$-24,$1,$0
19,2013-12-31,17.62,$11.90,1.48,$23.60,0.75,$0.78,22.49,$1.13,15.59,$0.17B,$0.05B,3.54,$0.00B,$0.20B,0.01,$0.40B,$0.08B,21.11%,$0.40B,$0.03B,7.29%,$0.40B,$0.03B,7.29%,$0.40B,$0.04B,10.30%,$0.40B,$0.03B,6.78%,$0.40B,$0.02B,4.77%,$0.02B,$0.20B,10.19%,$0.02B,$0.18B,11.55%,$0.02B,$0.28B,7.12%,$0.03B,$0.20B,15.47%,$100,$80,$20,$0,$15,$95,$5,$-0,$5,$1,$4,$4,$4,$8,$5,$17,17,$0.25,$0.26,$75,$35,$0,$172,$79,$0,$22,$1,$102,$275,$49,$1,$2,$26,$75,$2,$220,$-9,$200,$275,$19,$13,$3,$16,$-4,$-3,$-0,$3,$-5,$30,$-14,$0,$-0,$0,$0,$0,$0,$-14,$-1,$0,$-1,$-5,$-5,$0,$0,$-6,$12,$2,$0
20,2013-09-30,17.17,$11.19,1.53,$23.00,0.75,$1.16,14.76,$1.02,16.83,$0.17B,$0.05B,3.42,$0.00B,$0.19B,0.01,$0.39B,$0.08B,20.88%,$0.39B,$0.03B,6.70%,$0.39B,$0.03B,6.70%,$0.39B,$0.04B,9.79%,$0.39B,$0.02B,6.19%,$0.39B,$0.02B,4.38%,$0.02B,$0.19B,9.44%,$0.02B,$0.17B,10.76%,$0.02B,$0.27B,6.51%,$0.03B,$0.19B,14.34%,$98,$78,$20,$0,$13,$91,$7,$-0,$7,$3,$5,$5,$5,$10,$7,$16,17,$0.28,$0.27,$60,$39,$0,$173,$77,$0,$22,$1,$100,$273,$51,$1,$2,$34,$85,$2,$216,$-16,$188,$273,$15,$10,$4,$14,$-16,$-7,$5,$3,$-18,$11,$-10,$0,$-0,$0,$0,$0,$0,$-10,$-1,$0,$-1,$-5,$-5,$0,$0,$-6,$-4,$1,$0
21,2013-06-30,14.6,$10.73,1.36,$22.70,0.64,$1.74,8.37,$0.98,14.9,$0.16B,$0.05B,3.33,$0.00B,$0.18B,0.01,$0.38B,$0.08B,20.83%,$0.38B,$0.02B,6.25%,$0.38B,$0.02B,6.25%,$0.38B,$0.04B,9.64%,$0.38B,$0.02B,5.73%,$0.38B,$0.02B,4.17%,$0.02B,$0.18B,9.08%,$0.02B,$0.16B,10.37%,$0.02B,$0.26B,6.26%,$0.02B,$0.18B,13.50%,$101,$78,$23,$0,$14,$92,$10,$-0,$9,$3,$6,$6,$6,$13,$10,$17,17,$0.36,$0.35,$59,$38,$0,$163,$75,$0,$22,$1,$98,$261,$49,$1,$1,$33,$82,$2,$212,$-19,$180,$261,$10,$7,$2,$9,$-10,$-7,$2,$2,$-13,$6,$-6,$0,$-0,$0,$0,$0,$0,$-6,$-0,$0,$-0,$-5,$-5,$0,$0,$-6,$-5,$1,$0
22,2013-03-31,15.35,$10.45,1.47,$22.45,0.68,$2.08,7.36,$1.02,15.05,$0.16B,$0.05B,3.25,$0.00B,$0.18B,0.01,$0.38B,$0.08B,20.73%,$0.38B,$0.02B,6.04%,$0.38B,$0.02B,6.04%,$0.38B,$0.04B,9.45%,$0.38B,$0.02B,5.77%,$0.38B,$0.02B,4.46%,$0.02B,$0.18B,9.81%,$0.02B,$0.16B,11.24%,$0.02B,$0.26B,6.74%,$0.02B,$0.18B,13.14%,$99,$78,$21,$0,$15,$93,$7,$-0,$6,$2,$4,$4,$4,$10,$7,$17,17,$0.27,$0.26,$57,$38,$0,$161,$75,$0,$22,$1,$98,$259,$50,$1,$1,$31,$81,$2,$206,$-20,$178,$259,$4,$3,$1,$4,$-10,$-7,$4,$2,$-12,$-3,$-2,$0,$0,$0,$0,$0,$0,$-2,$-0,$0,$-0,$0,$0,$0,$0,$0,$-6,$0,$0
23,2012-12-31,14.34,$10.29,1.39,$22.34,0.64,$2.28,6.29,$0.99,14.48,$0.15B,$0.05B,3.28,$0.00B,$0.17B,0.01,$0.38B,$0.08B,20.32%,$0.38B,$0.02B,5.54%,$0.38B,$0.02B,5.54%,$0.38B,$0.04B,9.23%,$0.38B,$0.02B,5.54%,$0.38B,$0.02B,4.49%,$0.02B,$0.17B,9.97%,$0.02B,$0.15B,11.45%,$0.02B,$0.25B,6.81%,$0.02B,$0.18B,12.17%,$90,$73,$17,$0,$15,$88,$2,$-0,$2,$-1,$2,$2,$2,$5,$2,$17,17,$0.16,$0.14,$64,$31,$0,$152,$76,$0,$22,$1,$100,$252,$46,$2,$0,$31,$77,$2,$201,$-18,$174,$252,$17,$14,$1,$15,$-0,$3,$1,$-1,$3,$34,$-11,$0,$1,$0,$12,$12,$0,$2,$-1,$0,$-1,$-3,$-3,$0,$0,$-4,$33,$1,$0
24,2012-09-30,14.09,$10.20,1.38,$22.29,0.63,$1.27,11.13,$1.01,13.95,$0.15B,$0.05B,2.97,$0.00B,$0.17B,0.01,$0.38B,$0.08B,20.37%,$0.38B,$0.02B,6.08%,$0.38B,$0.02B,6.08%,$0.38B,$0.04B,10.05%,$0.38B,$0.02B,6.08%,$0.38B,$0.02B,4.76%,$0.02B,$0.17B,10.76%,$0.02B,$0.15B,12.41%,$0.02B,$0.25B,7.34%,$0.02B,$0.18B,13.59%,$94,$75,$19,$0,$14,$89,$5,$-0,$5,$1,$4,$4,$4,$9,$5,$17,17,$0.23,$0.23,$52,$33,$0,$150,$77,$0,$22,$2,$101,$251,$51,$2,$1,$27,$78,$2,$199,$-17,$173,$251,$14,$10,$-0,$10,$-11,$1,$6,$-1,$-5,$19,$-8,$0,$1,$0,$12,$12,$0,$5,$-1,$0,$-1,$-3,$-3,$0,$0,$-4,$21,$1,$0
25,2012-06-30,13.52,$9.89,1.37,$22.27,0.61,$0.37,36.31,$0.85,15.91,$0.15B,$0.05B,2.89,$0.00B,$0.17B,0.01,$0.38B,$0.07B,19.31%,$0.38B,$0.02B,5.29%,$0.38B,$0.02B,5.29%,$0.38B,$0.04B,9.26%,$0.38B,$0.02B,5.29%,$0.38B,$0.02B,3.97%,$0.02B,$0.17B,9.05%,$0.02B,$0.15B,10.47%,$0.02B,$0.25B,6.17%,$0.02B,$0.17B,11.92%,$98,$76,$22,$0,$14,$89,$9,$-0,$9,$2,$7,$7,$7,$12,$9,$17,17,$0.39,$0.39,$46,$33,$0,$145,$78,$0,$22,$2,$102,$247,$50,$2,$1,$29,$79,$2,$195,$-18,$168,$247,$11,$7,$-0,$7,$-9,$0,$4,$-1,$-5,$13,$-6,$0,$0,$0,$12,$12,$0,$6,$-1,$0,$-1,$-3,$-3,$0,$0,$-3,$15,$1,$0
26,2012-03-31,10.19,$9.79,1.04,$22.37,0.46,$0.12,85.99,$0.92,11.08,$0.14B,$0.05B,2.79,$0.00B,$0.17B,0.01,$0.38B,$0.07B,18.21%,$0.38B,$0.02B,4.22%,$0.38B,$0.02B,4.22%,$0.38B,$0.03B,8.44%,$0.38B,$0.02B,4.22%,$0.38B,$0.02B,3.96%,$0.02B,$0.17B,8.98%,$0.02B,$0.15B,10.42%,$0.02B,$0.25B,6.13%,$0.02B,$0.17B,9.45%,$97,$78,$19,$0,$14,$91,$5,$-0,$5,$1,$4,$4,$4,$9,$5,$17,17,$0.23,$0.23,$41,$37,$0,$143,$80,$0,$23,$3,$105,$248,$51,$2,$1,$29,$81,$2,$188,$-14,$167,$248,$4,$4,$-0,$4,$-10,$-2,$4,$1,$-7,$1,$-3,$0,$0,$12,$0,$12,$0,$9,$-0,$0,$-0,$0,$0,$0,$0,$-0,$10,$0,$0
27,2011-12-31,9.49,$9.38,1.01,$22.71,0.42,$0.04,239.65,$0.86,11.03,$0.13B,$0.05B,2.92,$0.00B,$0.16B,0.01,$0.38B,$0.07B,17.71%,$0.38B,$0.02B,4.17%,$0.38B,$0.02B,4.17%,$0.38B,$0.03B,8.07%,$0.38B,$0.02B,3.91%,$0.38B,$0.01B,3.65%,$0.01B,$0.16B,8.43%,$0.01B,$0.14B,9.84%,$0.01B,$0.24B,5.74%,$0.02B,$0.16B,9.50%,$89,$72,$17,$0,$13,$85,$4,$0,$4,$2,$3,$3,$3,$8,$4,$17,17,$0.16,$0.16,$43,$34,$0,$131,$79,$0,$23,$2,$104,$235,$45,$2,$1,$30,$74,$2,$184,$-17,$161,$235,$14,$15,$-3,$12,$-4,$-0,$-4,$-3,$-11,$15,$-9,$0,$14,$-12,$0,$-12,$1,$-6,$-2,$0,$-2,$-0,$-0,$0,$0,$-2,$6,$1,$0
28,2011-09-30,8.9,$9.72,0.92,$22.53,0.4,$-0.38,0.0,$0.68,13.09,$0.14B,$0.05B,2.61,$0.00B,$0.17B,0.02,$0.38B,$0.07B,17.06%,$0.38B,$0.01B,3.67%,$0.38B,$0.01B,3.67%,$0.38B,$0.03B,7.61%,$0.38B,$0.01B,3.41%,$0.38B,$0.01B,2.89%,$0.01B,$0.17B,6.70%,$0.01B,$0.14B,7.84%,$0.01B,$0.24B,4.53%,$0.01B,$0.17B,8.37%,$94,$79,$15,$0,$13,$91,$2,$-0,$2,$1,$1,$1,$1,$6,$2,$17,17,$0.07,$0.07,$35,$40,$0,$137,$80,$0,$23,$3,$106,$243,$52,$3,$1,$23,$76,$2,$182,$-8,$167,$243,$11,$12,$-3,$8,$-12,$-6,$2,$-3,$-17,$2,$-6,$0,$14,$-12,$0,$-12,$-0,$-4,$-1,$0,$-1,$0,$0,$0,$0,$-1,$-3,$1,$0
29,2011-06-30,11.96,$10.09,1.19,$21.64,0.55,$-0.68,0.0,$0.70,17.09,$0.14B,$0.05B,2.59,$0.00B,$0.17B,0.02,$0.37B,$0.06B,16.71%,$0.37B,$0.01B,3.29%,$0.37B,$0.01B,3.29%,$0.37B,$0.03B,7.12%,$0.37B,$0.01B,2.74%,$0.37B,$0.01B,3.01%,$0.01B,$0.17B,6.80%,$0.01B,$0.15B,8.00%,$0.01B,$0.25B,4.55%,$0.01B,$0.18B,7.26%,$99,$81,$18,$0,$13,$94,$5,$-0,$5,$2,$3,$3,$7,$9,$5,$17,17,$0.42,$0.42,$42,$35,$0,$141,$84,$0,$24,$3,$111,$252,$54,$3,$1,$25,$79,$2,$182,$-2,$173,$252,$10,$8,$-3,$5,$-11,$-0,$1,$-1,$-9,$6,$-3,$0,$13,$0,$0,$0,$-2,$7,$-1,$0,$-1,$0,$0,$0,$0,$-1,$13,$1,$0
30,2011-03-31,8.89,$9.50,0.94,$20.37,0.44,$-1.00,0.0,$0.38,23.39,$0.13B,$0.06B,2.21,$0.00B,$0.16B,0.02,$0.34B,$0.06B,16.62%,$0.34B,$0.01B,2.92%,$0.34B,$0.01B,2.92%,$0.34B,$0.02B,6.71%,$0.34B,$0.01B,2.04%,$0.34B,$0.01B,1.75%,$0.01B,$0.16B,3.86%,$0.01B,$0.14B,4.57%,$0.01B,$0.25B,2.55%,$0.01B,$0.17B,6.28%,$102,$84,$18,$0,$14,$97,$5,$-0,$4,$2,$3,$3,$3,$8,$5,$17,17,$0.17,$0.17,$22,$37,$0,$131,$88,$0,$24,$3,$115,$246,$59,$3,$0,$24,$83,$2,$175,$-4,$163,$246,$3,$4,$1,$4,$-15,$1,$3,$-1,$-9,$-2,$-2,$0,$0,$0,$0,$0,$1,$-1,$-0,$0,$-0,$0,$0,$0,$0,$-0,$-3,$0,$0
31,2010-12-31,8.05,$8.98,0.9,$18.87,0.43,$-0.89,0.0,$0.18,44.72,$0.12B,$0.05B,2.17,$0.00B,$0.15B,0.02,$0.32B,$0.05B,16.72%,$0.32B,$0.00B,1.26%,$0.32B,$0.00B,1.26%,$0.32B,$0.02B,5.68%,$0.32B,$0.00B,0.63%,$0.32B,$0.00B,0.95%,$0.00B,$0.15B,1.96%,$0.00B,$0.13B,2.33%,$0.00B,$0.23B,1.30%,$0.00B,$0.16B,2.55%,$86,$72,$14,$0,$13,$84,$2,$-0,$2,$2,$0,$0,$-0,$6,$2,$17,17,$-0.02,$-0.01,$25,$37,$0,$115,$88,$0,$24,$2,$116,$231,$53,$3,$1,$24,$77,$2,$171,$-8,$154,$231,$3,$15,$-1,$14,$-9,$-12,$9,$-2,$-6,$11,$-12,$0,$5,$0,$0,$0,$1,$-6,$-1,$0,$-1,$0,$0,$0,$0,$-1,$2,$1,$0
32,2010-09-30,7.36,$9.20,0.8,$17.59,0.42,$-0.32,0.0,$-0.01,0.0,$0.12B,$0.05B,2.25,$0.00B,$0.16B,0.03,$0.29B,$0.05B,17.35%,$0.29B,$0.00B,1.02%,$0.29B,$0.00B,1.02%,$0.29B,$0.02B,5.78%,$0.29B,$0.00B,0.34%,$0.29B,$-0.00B,-0.34%,$-0.00B,$0.16B,-0.65%,$-0.00B,$0.13B,-0.78%,$-0.00B,$0.24B,-0.44%,$0.00B,$0.16B,1.90%,$78,$66,$11,$0,$12,$78,$-0,$-0,$-1,$-1,$0,$0,$1,$3,$-0,$17,17,$0.08,$0.08,$18,$43,$0,$122,$89,$0,$25,$4,$117,$238,$54,$4,$0,$27,$81,$2,$172,$-7,$157,$238,$3,$11,$-2,$9,$-12,$-17,$8,$-0,$-13,$-1,$-7,$0,$5,$0,$0,$0,$0,$-2,$-1,$0,$-1,$0,$0,$0,$0,$-1,$-5,$1,$0
33,2010-06-30,7.64,$8.66,0.88,$16.92,0.45,$0.04,172.46,$-0.12,0.0,$0.11B,$0.05B,2.21,$0.00B,$0.15B,0.03,$0.28B,$0.05B,18.09%,$0.28B,$0.00B,1.06%,$0.28B,$0.00B,1.06%,$0.28B,$0.02B,6.38%,$0.28B,$0.00B,0.35%,$0.28B,$-0.00B,-0.71%,$-0.00B,$0.15B,-1.30%,$-0.00B,$0.12B,-1.55%,$-0.00B,$0.23B,-0.88%,$0.00B,$0.15B,1.88%,$77,$63,$14,$0,$14,$74,$3,$-0,$2,$1,$2,$2,$2,$6,$3,$17,17,$0.13,$0.12,$22,$36,$0,$114,$86,$0,$24,$4,$113,$227,$51,$4,$0,$27,$79,$2,$171,$-15,$148,$227,$2,$7,$-2,$6,$-10,$-11,$8,$2,$-6,$1,$-4,$0,$5,$0,$0,$0,$0,$1,$-1,$0,$-1,$0,$0,$0,$0,$-1,$-1,$1,$0
34,2010-03-31,7.85,$8.92,0.88,$15.73,0.5,$-0.18,0.0,$-0.62,0.0,$0.11B,$0.05B,2.23,$0.01B,$0.15B,0.03,$0.26B,$0.04B,15.71%,$0.26B,$-0.01B,-3.45%,$0.26B,$-0.01B,-3.45%,$0.26B,$0.01B,2.68%,$0.26B,$-0.01B,-3.83%,$0.26B,$-0.01B,-3.83%,$-0.01B,$0.15B,-6.40%,$-0.01B,$0.13B,-7.66%,$-0.01B,$0.23B,-4.41%,$-0.01B,$0.16B,-5.56%,$76,$62,$14,$0,$15,$76,$-1,$-0,$-1,$-0,$-0,$-0,$-0,$3,$-1,$17,17,$-0.03,$-0.03,$20,$31,$0,$109,$90,$0,$26,$5,$120,$229,$49,$5,$0,$28,$77,$2,$169,$-8,$152,$229,$-0,$4,$-0,$4,$-9,$-5,$6,$2,$-3,$0,$-2,$0,$0,$0,$0,$0,$0,$-2,$-0,$0,$-0,$0,$0,$0,$0,$-0,$-2,$0,$0
35,2009-12-31,5.21,$9.15,0.57,$14.48,0.36,$-0.42,0.0,$-0.86,0.0,$0.10B,$0.04B,2.54,$0.01B,$0.16B,0.03,$0.24B,$0.03B,13.81%,$0.24B,$-0.02B,-6.28%,$0.24B,$-0.02B,-6.28%,$0.24B,$0.00B,0.42%,$0.24B,$-0.02B,-6.69%,$0.24B,$-0.02B,-6.28%,$-0.02B,$0.16B,-9.51%,$-0.02B,$0.13B,-11.39%,$-0.02B,$0.22B,-6.61%,$-0.02B,$0.16B,-9.16%,$63,$52,$12,$0,$11,$63,$1,$-0,$1,$3,$-2,$-2,$-4,$5,$1,$17,17,$-0.23,$-0.23,$23,$26,$0,$100,$93,$0,$26,$2,$124,$224,$39,$5,$0,$29,$68,$2,$169,$-3,$156,$224,$-15,$16,$-0,$16,$-5,$15,$5,$1,$13,$14,$-6,$0,$-0,$0,$0,$0,$2,$-4,$-2,$0,$-2,$-0,$-0,$0,$0,$-2,$9,$1,$0
36,2009-09-30,5.26,$9.53,0.55,$14.35,0.37,$-0.42,0.0,$-1.49,0.0,$0.10B,$0.04B,2.5,$0.01B,$0.16B,0.04,$0.24B,$0.03B,12.24%,$0.24B,$-0.04B,-16.03%,$0.24B,$-0.04B,-16.03%,$0.24B,$-0.00B,-1.69%,$0.24B,$-0.04B,-16.46%,$0.24B,$-0.03B,-10.55%,$-0.03B,$0.16B,-15.60%,$-0.03B,$0.13B,-18.66%,$-0.03B,$0.23B,-10.87%,$-0.04B,$0.17B,-22.82%,$66,$55,$11,$0,$12,$66,$-0,$-0,$-1,$-0,$-0,$-0,$-0,$4,$-0,$17,17,$-0.03,$-0.03,$13,$32,$0,$97,$97,$0,$27,$8,$132,$229,$39,$6,$0,$30,$68,$2,$173,$-3,$160,$229,$-11,$12,$-2,$10,$-5,$10,$2,$0,$4,$2,$-5,$0,$0,$0,$0,$0,$2,$-2,$-1,$0,$-1,$-0,$-0,$0,$0,$-1,$-1,$1,$0
37,2009-06-30,3.4,$9.33,0.36,$14.63,0.23,$0.38,8.85,$-1.31,0.0,$0.09B,$0.04B,2.56,$0.01B,$0.16B,0.04,$0.24B,$0.03B,13.64%,$0.24B,$-0.04B,-14.46%,$0.24B,$-0.04B,-14.46%,$0.24B,$-0.00B,-0.41%,$0.24B,$-0.04B,-14.46%,$0.24B,$-0.02B,-9.09%,$-0.02B,$0.16B,-13.13%,$-0.02B,$0.13B,-15.71%,$-0.02B,$0.23B,-9.26%,$-0.04B,$0.16B,-20.11%,$56,$52,$4,$0,$13,$65,$-9,$-0,$-9,$-3,$-6,$-6,$-6,$-5,$-9,$17,17,$-0.36,$-0.36,$9,$38,$0,$90,$98,$0,$26,$10,$134,$225,$35,$6,$0,$32,$68,$2,$173,$-6,$157,$225,$-10,$8,$-2,$6,$2,$4,$1,$-1,$2,$-3,$-4,$0,$0,$0,$0,$0,$2,$-1,$-1,$0,$-1,$0,$0,$0,$0,$-1,$-5,$1,$0
38,2009-03-31,2.97,$9.41,0.32,$16.30,0.18,$1.40,2.12,$-0.78,0.0,$0.10B,$0.04B,2.46,$0.01B,$0.16B,0.04,$0.27B,$0.05B,17.78%,$0.27B,$-0.02B,-8.15%,$0.27B,$-0.02B,-8.15%,$0.27B,$0.01B,4.44%,$0.27B,$-0.02B,-8.15%,$0.27B,$-0.01B,-4.81%,$-0.01B,$0.16B,-7.37%,$-0.01B,$0.13B,-8.80%,$-0.01B,$0.23B,-5.22%,$-0.02B,$0.16B,-11.99%,$54,$48,$6,$0,$13,$61,$-7,$-0,$-7,$-3,$-5,$-5,$-5,$-3,$-7,$17,17,$-0.27,$-0.27,$10,$43,$0,$95,$98,$0,$26,$11,$135,$230,$39,$6,$0,$33,$72,$2,$179,$-11,$158,$230,$-5,$4,$-2,$2,$0,$-3,$3,$-1,$-1,$-4,$-2,$0,$0,$0,$0,$0,$0,$-2,$-0,$0,$-0,$0,$0,$0,$0,$-0,$-6,$0,$0
39,2008-12-31,5.75,$9.93,0.58,$18.49,0.31,$2.07,2.78,$-0.32,0.0,$0.10B,$0.04B,2.71,$0.01B,$0.17B,0.04,$0.31B,$0.06B,20.59%,$0.31B,$-0.01B,-3.27%,$0.31B,$-0.01B,-3.27%,$0.31B,$0.02B,7.84%,$0.31B,$-0.01B,-3.27%,$0.31B,$-0.01B,-1.63%,$-0.01B,$0.17B,-2.71%,$-0.01B,$0.14B,-3.24%,$-0.01B,$0.24B,-1.93%,$-0.01B,$0.17B,-5.21%,$61,$53,$8,$0,$13,$83,$-22,$-0,$-22,$-9,$-14,$-14,$-14,$-0,$-22,$16,16,$-0.83,$-0.82,$14,$41,$0,$96,$102,$0,$27,$8,$140,$236,$35,$7,$0,$34,$70,$2,$184,$-7,$166,$236,$-5,$34,$-5,$29,$12,$-3,$-7,$-4,$-3,$20,$-12,$0,$-7,$0,$0,$0,$-2,$-21,$-1,$0,$-1,$1,$1,$0,$0,$-0,$-2,$1,$0
40,2008-09-30,9.63,$11.32,0.85,$19.18,0.5,$2.04,4.73,$0.67,14.37,$0.12B,$0.04B,2.81,$0.01B,$0.19B,0.04,$0.32B,$0.07B,23.03%,$0.32B,$0.02B,4.73%,$0.32B,$0.02B,4.73%,$0.32B,$0.03B,9.78%,$0.32B,$0.02B,4.73%,$0.32B,$0.01B,3.47%,$0.01B,$0.19B,5.86%,$0.01B,$0.16B,7.02%,$0.01B,$0.26B,4.15%,$0.02B,$0.20B,7.65%,$71,$56,$15,$0,$12,$68,$3,$-0,$3,$1,$2,$2,$3,$7,$3,$16,17,$0.16,$0.16,$28,$39,$0,$115,$102,$0,$31,$11,$144,$259,$41,$7,$0,$29,$70,$2,$197,$2,$189,$259,$9,$12,$2,$14,$4,$-2,$-3,$-4,$-4,$19,$-8,$0,$3,$0,$0,$0,$0,$-5,$-1,$0,$-1,$1,$1,$0,$0,$-0,$13,$1,$0
41,2008-06-30,12.55,$11.59,1.08,$19.61,0.64,$1.48,8.46,$0.62,20.24,$0.12B,$0.05B,2.52,$0.01B,$0.19B,0.04,$0.32B,$0.08B,23.22%,$0.32B,$0.02B,4.95%,$0.32B,$0.02B,4.95%,$0.32B,$0.03B,9.91%,$0.32B,$0.02B,4.95%,$0.32B,$0.01B,3.10%,$0.01B,$0.19B,5.43%,$0.01B,$0.16B,6.53%,$0.01B,$0.27B,3.79%,$0.02B,$0.20B,8.29%,$84,$65,$19,$0,$15,$79,$4,$-0,$4,$2,$3,$3,$3,$8,$4,$16,17,$0.18,$0.17,$27,$38,$0,$120,$108,$0,$31,$12,$151,$271,$48,$8,$0,$31,$78,$2,$195,$9,$193,$271,$6,$8,$2,$9,$1,$1,$-1,$-4,$-0,$15,$-5,$0,$0,$0,$0,$0,$0,$-5,$-1,$0,$-1,$1,$1,$0,$0,$-0,$11,$1,$0
42,2008-03-31,11.45,$11.41,1.0,$19.85,0.58,$0.60,19.24,$0.66,17.35,$0.12B,$0.05B,2.39,$0.01B,$0.19B,0.05,$0.33B,$0.08B,23.24%,$0.33B,$0.02B,5.50%,$0.33B,$0.02B,5.50%,$0.33B,$0.03B,10.40%,$0.33B,$0.02B,5.50%,$0.33B,$0.01B,3.36%,$0.01B,$0.19B,6.16%,$0.01B,$0.16B,7.46%,$0.01B,$0.27B,4.25%,$0.02B,$0.20B,9.59%,$90,$69,$21,$0,$16,$85,$5,$0,$5,$2,$3,$3,$3,$9,$5,$16,16,$0.19,$0.19,$22,$37,$0,$119,$110,$0,$31,$11,$152,$271,$50,$9,$0,$32,$82,$2,$192,$10,$189,$271,$3,$4,$1,$5,$-3,$1,$-0,$1,$-0,$8,$-3,$0,$0,$0,$0,$0,$0,$-3,$-0,$0,$-0,$0,$0,$0,$0,$-0,$6,$0,$0
43,2007-12-31,10.52,$10.89,0.97,$19.48,0.54,$-0.05,0.0,$0.55,19.13,$0.11B,$0.05B,2.37,$0.01B,$0.18B,0.05,$0.32B,$0.07B,22.74%,$0.32B,$0.02B,4.67%,$0.32B,$0.02B,4.67%,$0.32B,$0.03B,9.66%,$0.32B,$0.02B,4.67%,$0.32B,$0.01B,2.80%,$0.01B,$0.18B,5.22%,$0.01B,$0.15B,6.37%,$0.01B,$0.26B,3.55%,$0.02B,$0.19B,8.24%,$72,$55,$18,$0,$14,$69,$3,$-0,$3,$1,$2,$2,$2,$7,$3,$16,16,$0.14,$0.15,$16,$37,$0,$110,$107,$0,$32,$5,$149,$259,$46,$8,$0,$32,$78,$2,$189,$4,$180,$259,$9,$15,$4,$19,$0,$-4,$2,$0,$-6,$22,$-15,$0,$0,$0,$0,$0,$0,$-15,$-1,$0,$-1,$2,$2,$0,$0,$1,$9,$1,$0
44,2007-09-30,9.28,$10.63,0.87,$18.82,0.49,$1.25,7.4,$0.53,17.51,$0.11B,$0.04B,2.45,$0.01B,$0.18B,0.05,$0.31B,$0.07B,22.33%,$0.31B,$0.01B,4.53%,$0.31B,$0.01B,4.53%,$0.31B,$0.03B,9.39%,$0.31B,$0.01B,4.21%,$0.31B,$0.01B,2.91%,$0.01B,$0.18B,5.37%,$0.01B,$0.14B,6.59%,$0.01B,$0.25B,3.62%,$0.01B,$0.18B,7.90%,$77,$61,$17,$0,$13,$73,$4,$-0,$4,$2,$2,$2,$2,$8,$4,$16,16,$0.12,$0.11,$10,$34,$0,$109,$104,$0,$31,$10,$145,$254,$44,$9,$0,$35,$79,$2,$186,$2,$175,$254,$7,$11,$3,$14,$-6,$-2,$1,$-2,$-11,$10,$-9,$0,$0,$0,$0,$0,$0,$-9,$-1,$0,$-1,$2,$2,$0,$0,$2,$3,$1,$0
45,2007-06-30,14.61,$10.31,1.42,$19.07,0.77,$2.25,6.5,$0.65,22.48,$0.11B,$0.05B,2.36,$0.01B,$0.17B,0.06,$0.31B,$0.07B,22.44%,$0.31B,$0.01B,4.49%,$0.31B,$0.01B,4.49%,$0.31B,$0.03B,9.29%,$0.31B,$0.01B,4.17%,$0.31B,$0.01B,3.53%,$0.01B,$0.17B,6.74%,$0.01B,$0.14B,8.30%,$0.01B,$0.25B,4.46%,$0.01B,$0.18B,8.02%,$88,$67,$20,$0,$15,$82,$6,$-0,$6,$2,$4,$4,$4,$10,$6,$16,17,$0.22,$0.21,$6,$34,$0,$108,$102,$0,$31,$12,$145,$252,$46,$11,$0,$37,$83,$2,$184,$-1,$170,$252,$5,$8,$1,$9,$-12,$-2,$1,$2,$-13,$1,$-5,$0,$0,$0,$0,$0,$0,$-5,$2,$0,$2,$2,$2,$0,$0,$4,$-1,$0,$0
46,2007-03-31,15.89,$10.01,1.59,$18.93,0.84,$3.17,5.01,$0.59,26.93,$0.10B,$0.05B,2.16,$0.01B,$0.16B,0.07,$0.31B,$0.07B,22.48%,$0.31B,$0.01B,3.91%,$0.31B,$0.01B,3.91%,$0.31B,$0.03B,8.79%,$0.31B,$0.01B,3.58%,$0.31B,$0.01B,2.93%,$0.01B,$0.16B,5.64%,$0.01B,$0.13B,6.99%,$0.01B,$0.25B,3.65%,$0.01B,$0.18B,6.90%,$84,$66,$18,$0,$16,$82,$2,$-0,$2,$1,$1,$1,$1,$6,$2,$16,16,$0.08,$0.08,$5,$34,$0,$102,$103,$0,$31,$12,$146,$248,$47,$11,$0,$36,$84,$2,$181,$-2,$164,$248,$1,$4,$-0,$4,$-9,$-2,$2,$3,$-7,$-2,$-3,$0,$0,$0,$0,$0,$0,$-3,$2,$0,$2,$1,$1,$0,$0,$3,$-2,$0,$0
47,2006-12-31,10.81,$9.92,1.09,$18.90,0.57,$3.68,2.93,$0.63,17.16,$0.09B,$0.04B,2.16,$0.01B,$0.16B,0.06,$0.31B,$0.07B,22.62%,$0.31B,$0.01B,4.26%,$0.31B,$0.01B,4.26%,$0.31B,$0.03B,9.18%,$0.31B,$0.01B,3.93%,$0.31B,$0.01B,3.28%,$0.01B,$0.16B,6.45%,$0.01B,$0.13B,8.03%,$0.01B,$0.24B,4.04%,$0.01B,$0.17B,7.46%,$60,$47,$14,$0,$12,$59,$2,$-0,$1,$0,$1,$1,$2,$5,$2,$16,16,$0.13,$0.13,$6,$32,$0,$94,$103,$0,$31,$6,$147,$241,$44,$9,$0,$36,$80,$2,$180,$-3,$161,$241,$10,$15,$3,$19,$6,$6,$0,$-1,$11,$40,$-11,$0,$0,$0,$0,$0,$0,$-11,$-25,$0,$-25,$-1,$-1,$0,$0,$-25,$4,$1,$0
