,Date,Stock Price,Book Value per Share,Price to Book Ratio,TTM Sales per Share,Price to Sales Ratio,TTM FCF per Share,Price to FCF Ratio,TTM Net EPS,PE Ratio,Current Assets,Current Liabilities,Current Ratio,Long Term Debt,Shareholder's Equity_x,Debt to Equity Ratio,TTM Revenue_x,TTM Gross Profit,Gross Margin,TTM Revenue_y,TTM Operating Income,Operating Margin,TTM Revenue_x,TTM EBIT,EBIT Margin,TTM Revenue_y,TTM EBITDA,EBITDA Margin,TTM Revenue_x,TTM Pre-Tax Income,Pre-Tax Margin,TTM Revenue_y,TTM Net Income_x,Net Margin,TTM Net Income_y,Shareholder's Equity_y,Return on Equity,TTM Net Income_x,Tangible Equity,Return on Tangible Equity,TTM Net Income_y,Total Assets,Return on Assets,TTM Net Income,LT Investments & Debt,Return on Investment,revenue,cost-goods-sold,gross-profit,research-development-expenses,selling-general-administrative-expenses,operating-expenses,operating-income,total-non-operating-income-expense,pre-tax-income,total-provision-income-taxes,income-after-taxes,income-from-continuous-operations,net-income,ebitda,ebit,basic-shares-outstanding,shares-outstanding,eps-basic-net-earnings-per-share,eps-earnings-per-share-diluted,cash-on-hand,inventory,other-current-assets,total-current-assets,net-property-plant-equipment,long-term-investments,goodwill-intangible-assets-total,other-long-term-assets,total-long-term-assets,total-assets,total-current-liabilities,long-term-debt,other-non-current-liabilities,total-long-term-liabilities,total-liabilities,common-stock-net,retained-earnings-accumulated-deficit,comprehensive-income,total-share-holder-equity,total-liabilities-share-holders-equity,net-income-loss,total-depreciation-amortization-cash-flow,other-non-cash-items,total-non-cash-items,change-in-accounts-receivable,change-in-inventories,change-in-accounts-payable,change-in-assets-liabilities,total-change-in-assets-liabilities,cash-flow-from-operating-activities,net-change-in-property-plant-equipment,net-change-in-intangible-assets,net-acquisitions-divestitures,net-change-in-short-term-investments,net-change-in-long-term-investments,net-change-in-investments-total,investing-activities-other,cash-flow-from-investing-activities,net-long-term-debt,net-current-debt,debt-issuance-retirement-net-total,net-common-equity-issued-repurchased,net-total-equity-issued-repurchased,total-common-preferred-stock-dividends-paid,financial-activities-other,cash-flow-from-financial-activities,net-cash-flow,stock-based-compensation,common-stock-dividends-paid
0,2018-09-30,145.0,$68.72,2.11,$320.21,0.45,$32.60,4.45,$19.59,7.4,$6.57B,$4.78B,1.37,$1.95B,$4.44B,0.44,$21.57B,$2.37B,10.99%,$21.57B,$1.69B,7.84%,$21.57B,$1.69B,7.84%,$21.57B,$2.17B,10.05%,$21.57B,$1.59B,7.36%,$21.57B,$1.32B,6.11%,$1.32B,$4.44B,29.77%,$1.32B,$3.03B,43.89%,$1.32B,$12.01B,10.78%,$1.69B,$6.38B,26.52%,$4892,$4365,$526,$0,$150,$4528,$363,$-34,$329,$58,$271,$275,$250,$483,$363,$65,66,$3.83,$3.80,$1199,$1285,$782,$6568,$2536,$0,$1409,$1496,$5442,$12009,$4780,$1947,$686,$2794,$7574,$1,$4954,$-656,$4436,$12009,$1004,$362,$0,$362,$-173,$-118,$-33,$-9,$-337,$1022,$-493,$0,$0,$0,$0,$0,$-19,$-511,$0,$1,$1,$-488,$-488,$-206,$-60,$-753,$-276,$0,$-206
1,2018-06-30,185.81,$67.42,2.76,$318.32,0.58,$35.53,5.23,$19.75,9.41,$6.83B,$5.05B,1.35,$1.95B,$4.43B,0.44,$21.66B,$2.40B,11.08%,$21.66B,$1.71B,7.91%,$21.66B,$1.71B,7.91%,$21.66B,$2.18B,10.07%,$21.66B,$1.64B,7.59%,$21.66B,$1.34B,6.19%,$1.34B,$4.43B,31.00%,$1.34B,$3.01B,46.13%,$1.34B,$12.28B,11.03%,$1.71B,$6.38B,27.29%,$5581,$4943,$638,$0,$157,$5113,$468,$-25,$444,$98,$346,$355,$322,$590,$468,$66,67,$4.86,$4.83,$1328,$1249,$812,$6829,$2517,$0,$1421,$1516,$5454,$12282,$5050,$1948,$689,$2805,$7855,$1,$4750,$-628,$4427,$12282,$729,$242,$0,$242,$-264,$-69,$153,$-4,$-194,$754,$-332,$0,$0,$0,$0,$0,$-25,$-357,$-3,$0,$-3,$-285,$-285,$-161,$-58,$-507,$-134,$0,$-161
2,2018-03-31,185.45,$68.62,2.7,$308.43,0.6,$37.43,4.95,$19.41,9.55,$7.10B,$5.30B,1.34,$1.95B,$4.56B,0.43,$21.20B,$2.34B,11.04%,$21.20B,$1.65B,7.80%,$21.20B,$1.65B,7.80%,$21.20B,$2.11B,9.93%,$21.20B,$1.58B,7.46%,$21.20B,$1.33B,6.28%,$1.33B,$4.56B,32.01%,$1.33B,$3.09B,47.94%,$1.33B,$12.68B,11.19%,$1.65B,$6.51B,27.16%,$5734,$5102,$631,$0,$155,$5271,$463,$-15,$448,$78,$370,$374,$348,$583,$463,$67,68,$5.19,$5.16,$1269,$1266,$770,$7100,$2561,$0,$1465,$1556,$5582,$12681,$5296,$1950,$710,$2830,$8127,$1,$4475,$-381,$4555,$12681,$374,$120,$0,$120,$-461,$-35,$228,$23,$-230,$237,$-163,$0,$0,$0,$0,$0,$-25,$-188,$-2,$0,$-2,$-145,$-145,$-70,$-56,$-273,$-206,$0,$-70
3,2017-12-31,175.4,$64.19,2.73,$294.64,0.6,$38.59,4.55,$18.60,9.43,$6.61B,$4.85B,1.36,$1.95B,$4.29B,0.46,$20.47B,$2.29B,11.20%,$20.47B,$1.61B,7.86%,$20.47B,$1.61B,7.86%,$20.47B,$2.04B,9.95%,$20.47B,$1.53B,7.46%,$20.47B,$1.29B,6.30%,$1.29B,$4.29B,33.18%,$1.29B,$2.89B,49.82%,$1.29B,$11.95B,11.33%,$1.61B,$6.24B,27.71%,$5364,$4789,$575,$0,$164,$4966,$397,$-30,$367,$-43,$410,$420,$398,$512,$397,$69,69,$5.87,$5.79,$1500,$1206,$676,$6613,$2459,$0,$1401,$1472,$5333,$11946,$4854,$1952,$694,$2799,$7653,$1,$4172,$-513,$4293,$11946,$1381,$428,$-38,$390,$-115,$-76,$195,$-45,$27,$1783,$-595,$0,$-292,$0,$0,$0,$18,$-869,$7,$-9,$-2,$-451,$-451,$-219,$-71,$-742,$229,$70,$-219
4,2017-09-30,171.36,$59.61,2.87,$280.71,0.61,$36.35,4.71,$16.04,10.68,$6.56B,$4.89B,1.34,$1.95B,$4.03B,0.49,$19.75B,$2.23B,11.29%,$19.75B,$1.55B,7.83%,$19.75B,$1.55B,7.83%,$19.75B,$1.96B,9.90%,$19.75B,$1.47B,7.43%,$19.75B,$1.12B,5.68%,$1.12B,$4.03B,31.05%,$1.12B,$2.64B,47.05%,$1.12B,$11.71B,10.32%,$1.55B,$5.98B,28.05%,$4982,$4426,$556,$0,$158,$4596,$385,$0,$385,$78,$308,$315,$273,$497,$385,$68,69,$4.00,$3.96,$1254,$1233,$719,$6563,$2378,$0,$1387,$1384,$5149,$11712,$4893,$1953,$691,$2792,$7685,$1,$3810,$-537,$4027,$11712,$961,$313,$21,$334,$-281,$-115,$246,$-37,$-68,$1184,$-430,$0,$-287,$0,$0,$0,$17,$-700,$-241,$243,$2,$-332,$-332,$-147,$-68,$-546,$-18,$0,$-147
5,2017-06-30,140.18,$55.19,2.54,$271.17,0.52,$36.41,3.85,$15.06,9.31,$6.34B,$4.94B,1.28,$1.88B,$3.76B,0.5,$19.29B,$2.19B,11.34%,$19.29B,$1.51B,7.81%,$19.29B,$1.51B,7.81%,$19.29B,$1.90B,9.86%,$19.29B,$1.39B,7.22%,$19.29B,$1.06B,5.50%,$1.06B,$3.76B,31.11%,$1.06B,$2.48B,46.87%,$1.06B,$11.24B,10.11%,$1.51B,$5.63B,28.40%,$5123,$4545,$578,$0,$157,$4714,$409,$-27,$382,$73,$309,$327,$312,$514,$409,$69,69,$4.53,$4.49,$1167,$1127,$690,$6342,$2267,$0,$1272,$1357,$4895,$11237,$4942,$1877,$662,$2539,$7481,$1,$3573,$-611,$3756,$11237,$646,$202,$0,$202,$-415,$-42,$390,$-8,$12,$845,$-274,$0,$-287,$0,$0,$0,$-6,$-566,$-16,$-5,$-21,$-240,$-240,$-98,$-58,$-417,$-105,$0,$-98
6,2017-03-31,139.23,$50.23,2.77,$261.36,0.53,$36.79,3.78,$14.39,9.68,$6.23B,$4.63B,1.35,$1.89B,$3.46B,0.55,$18.89B,$2.15B,11.37%,$18.89B,$1.47B,7.79%,$18.89B,$1.47B,7.79%,$18.89B,$1.86B,9.82%,$18.89B,$1.39B,7.34%,$18.89B,$1.03B,5.46%,$1.03B,$3.46B,31.62%,$1.03B,$2.33B,47.64%,$1.03B,$10.60B,10.09%,$1.47B,$5.35B,28.47%,$4999,$4416,$583,$0,$156,$4582,$417,$-25,$392,$89,$303,$319,$306,$514,$417,$70,70,$4.39,$4.35,$1210,$1068,$643,$6229,$2071,$0,$1129,$1172,$4372,$10601,$4631,$1889,$617,$2506,$7137,$1,$4031,$-733,$3464,$10601,$319,$97,$0,$97,$-527,$-35,$375,$7,$-138,$279,$-121,$0,$0,$0,$0,$0,$-8,$-129,$-6,$1,$-5,$-116,$-116,$-63,$-42,$-225,$-62,$0,$-63
7,2016-12-31,129.72,$45.99,2.82,$252.07,0.51,$37.20,3.49,$13.33,9.73,$5.65B,$4.18B,1.35,$1.90B,$3.19B,0.59,$18.56B,$2.10B,11.33%,$18.56B,$1.43B,7.69%,$18.56B,$1.43B,7.69%,$18.56B,$1.81B,9.73%,$18.56B,$1.34B,7.21%,$18.56B,$0.97B,5.25%,$0.97B,$3.19B,30.59%,$0.97B,$2.07B,46.33%,$0.97B,$9.90B,9.67%,$1.43B,$5.09B,28.00%,$4644,$4131,$512,$0,$165,$4308,$336,$-28,$308,$83,$225,$249,$230,$431,$336,$72,73,$3.29,$3.24,$1272,$1021,$611,$5649,$2019,$0,$1121,$1111,$4251,$9901,$4182,$1898,$627,$2525,$6708,$1,$3707,$-836,$3193,$9901,$1041,$378,$105,$483,$-176,$-54,$158,$9,$97,$1619,$-528,$0,$-156,$0,$0,$0,$47,$-637,$-22,$9,$-13,$-659,$-659,$-122,$-79,$-873,$75,$68,$-122
8,2016-09-30,118.54,$46.18,2.57,$249.32,0.48,$32.38,3.66,$13.16,9.01,$6.05B,$4.48B,1.35,$1.91B,$3.24B,0.59,$18.64B,$2.08B,11.16%,$18.64B,$1.43B,7.67%,$18.64B,$1.43B,7.67%,$18.64B,$1.80B,9.67%,$18.64B,$1.34B,7.18%,$18.64B,$0.98B,5.25%,$0.98B,$3.24B,31.18%,$0.98B,$2.17B,47.17%,$0.98B,$10.28B,9.84%,$1.43B,$5.15B,28.23%,$4526,$4013,$514,$0,$154,$4181,$345,$-35,$310,$88,$222,$235,$214,$444,$345,$71,72,$3.01,$2.98,$1342,$1063,$540,$6054,$1921,$0,$1069,$1233,$4224,$10277,$4483,$1907,$644,$2551,$7034,$1,$3503,$-704,$3243,$10277,$792,$283,$0,$283,$-440,$-87,$204,$2,$5,$1094,$-300,$0,$0,$0,$0,$0,$52,$-249,$-16,$9,$-7,$-558,$-558,$-83,$-52,$-699,$145,$0,$-83
9,2016-06-30,99.25,$44.13,2.25,$242.44,0.41,$25.99,3.82,$12.52,7.93,$5.94B,$4.43B,1.34,$1.92B,$3.16B,0.61,$18.44B,$2.02B,10.95%,$18.44B,$1.39B,7.52%,$18.44B,$1.39B,7.52%,$18.44B,$1.75B,9.49%,$18.44B,$1.29B,6.99%,$18.44B,$0.95B,5.13%,$0.95B,$3.16B,30.91%,$0.95B,$2.09B,47.35%,$0.95B,$10.14B,9.67%,$1.39B,$5.07B,27.76%,$4725,$4184,$540,$0,$154,$4352,$373,$3,$376,$101,$275,$295,$282,$467,$373,$73,74,$3.85,$3.82,$1395,$1011,$543,$5936,$1890,$0,$1071,$1243,$4204,$10141,$4431,$1916,$637,$2553,$6984,$1,$3311,$-714,$3156,$10141,$557,$185,$0,$185,$-327,$-40,$202,$20,$70,$818,$-182,$0,$0,$0,$0,$0,$51,$-131,$-9,$5,$-4,$-367,$-367,$-61,$-51,$-484,$198,$0,$-61
10,2016-03-31,108.15,$42.63,2.54,$237.84,0.45,$19.88,5.44,$11.03,9.81,$5.78B,$4.27B,1.35,$1.93B,$3.14B,0.61,$18.35B,$1.93B,10.52%,$18.35B,$1.30B,7.08%,$18.35B,$1.30B,7.08%,$18.35B,$1.65B,9.01%,$18.35B,$1.17B,6.37%,$18.35B,$0.85B,4.61%,$0.85B,$3.14B,28.05%,$0.85B,$2.08B,43.21%,$0.85B,$9.96B,8.71%,$1.30B,$5.07B,26.19%,$4663,$4127,$536,$0,$149,$4289,$374,$-30,$344,$98,$246,$263,$248,$464,$374,$75,75,$3.33,$3.29,$1174,$1010,$543,$5776,$1874,$0,$1065,$1245,$4184,$9960,$4270,$1929,$617,$2546,$6815,$1,$3051,$-661,$3144,$9960,$263,$90,$0,$90,$-411,$-42,$241,$5,$-72,$289,$-88,$0,$0,$0,$0,$0,$-2,$-90,$-3,$3,$-1,$-155,$-155,$-25,$-51,$-232,$-23,$0,$-25
11,2015-12-31,119.14,$40.53,2.94,$233.23,0.51,$15.13,7.87,$9.60,12.41,$5.29B,$3.84B,1.38,$1.93B,$3.02B,0.64,$18.21B,$1.82B,9.99%,$18.21B,$1.19B,6.52%,$18.21B,$1.19B,6.52%,$18.21B,$1.53B,8.42%,$18.21B,$1.03B,5.66%,$18.21B,$0.75B,4.09%,$0.75B,$3.02B,25.23%,$0.75B,$1.96B,39.28%,$0.75B,$9.41B,7.74%,$1.19B,$4.95B,24.19%,$4725,$4234,$491,$0,$140,$4387,$338,$-29,$309,$75,$235,$253,$235,$428,$338,$77,78,$3.11,$3.06,$1197,$948,$552,$5287,$1827,$0,$1054,$1239,$4119,$9406,$3840,$1932,$617,$2549,$6388,$1,$2828,$-730,$3018,$9406,$796,$348,$85,$432,$-173,$4,$76,$-34,$24,$1271,$-486,$0,$-499,$0,$0,$0,$20,$-965,$486,$0,$486,$-487,$-487,$-106,$-48,$-156,$103,$66,$-106
12,2015-09-30,105.3,$38.84,2.71,$228.15,0.46,$11.19,9.41,$9.77,10.78,$5.63B,$4.06B,1.39,$1.96B,$2.93B,0.67,$18.04B,$1.72B,9.54%,$18.04B,$1.11B,6.14%,$18.04B,$1.11B,6.14%,$18.04B,$1.44B,7.99%,$18.04B,$0.94B,5.22%,$18.04B,$0.77B,4.28%,$0.77B,$2.93B,26.12%,$0.77B,$1.86B,38.97%,$0.77B,$9.64B,8.08%,$1.11B,$4.89B,23.09%,$4330,$3877,$453,$0,$138,$4028,$303,$-43,$260,$76,$183,$193,$181,$391,$303,$76,77,$2.37,$2.34,$923,$1043,$706,$5632,$1782,$0,$1061,$1164,$4007,$9639,$4056,$1963,$695,$2658,$6714,$1,$2612,$-686,$2925,$9639,$543,$257,$0,$257,$-480,$-76,$103,$-32,$-198,$686,$-328,$0,$-465,$0,$0,$0,$-11,$-804,$492,$0,$492,$-383,$-383,$-76,$-54,$-21,$-171,$0,$-76
13,2015-06-30,108.4,$38.83,2.79,$224.21,0.48,$8.17,13.27,$9.15,11.85,$5.81B,$4.18B,1.39,$1.97B,$2.98B,0.66,$17.94B,$1.63B,9.08%,$17.94B,$1.03B,5.74%,$17.94B,$1.03B,5.74%,$17.94B,$1.35B,7.55%,$17.94B,$0.88B,4.90%,$17.94B,$0.73B,4.07%,$0.73B,$2.98B,24.26%,$0.73B,$1.92B,34.49%,$0.73B,$9.83B,7.85%,$1.03B,$4.95B,22.23%,$4635,$4185,$450,$0,$152,$4350,$286,$-29,$256,$72,$184,$193,$182,$370,$286,$77,78,$2.35,$2.33,$968,$1009,$726,$5808,$1773,$0,$1055,$1191,$4018,$9825,$4175,$1969,$703,$2672,$6847,$1,$2451,$-600,$2978,$9825,$350,$169,$0,$169,$-578,$-25,$242,$-22,$-180,$408,$-213,$0,$-465,$0,$0,$0,$8,$-670,$495,$0,$495,$-235,$-235,$-53,$-49,$159,$-126,$0,$-53
14,2015-03-31,106.78,$37.19,2.87,$220.80,0.48,$5.50,19.42,$8.63,12.37,$5.64B,$4.06B,1.39,$1.97B,$2.89B,0.68,$17.89B,$1.56B,8.71%,$17.89B,$0.98B,5.46%,$17.89B,$0.98B,5.46%,$17.89B,$1.30B,7.24%,$17.89B,$0.82B,4.61%,$17.89B,$0.70B,3.90%,$0.70B,$2.89B,22.70%,$0.70B,$1.83B,30.95%,$0.70B,$9.62B,7.67%,$0.98B,$4.86B,21.86%,$4521,$4096,$426,$0,$152,$4261,$261,$-54,$206,$63,$143,$157,$147,$345,$261,$78,79,$1.88,$1.86,$748,$986,$738,$5642,$1715,$0,$1058,$1204,$3976,$9618,$4060,$1972,$694,$2667,$6727,$1,$2289,$-630,$2892,$9618,$157,$85,$0,$85,$-677,$-10,$278,$-8,$-352,$-67,$-99,$0,$-473,$0,$0,$0,$8,$-564,$-5,$500,$495,$-112,$-112,$-22,$-46,$315,$-346,$0,$-22
15,2014-12-31,94.3,$38.83,2.43,$216.30,0.44,$5.77,16.34,$8.24,11.44,$5.17B,$3.95B,1.31,$1.45B,$3.03B,0.48,$17.73B,$1.49B,8.42%,$17.73B,$0.93B,5.25%,$17.73B,$0.93B,5.25%,$17.73B,$1.24B,6.99%,$17.73B,$0.79B,4.44%,$17.73B,$0.67B,3.80%,$0.67B,$3.03B,21.28%,$0.67B,$2.30B,27.83%,$0.67B,$9.11B,7.53%,$0.93B,$4.48B,21.49%,$4550,$4158,$392,$0,$127,$4293,$257,$-38,$219,$-42,$261,$268,$262,$335,$257,$80,82,$3.30,$3.23,$1094,$854,$746,$5166,$1625,$0,$726,$1597,$3948,$9113,$3945,$1454,$685,$2139,$6084,$1,$2162,$-502,$3029,$9113,$702,$311,$-3,$308,$-359,$-91,$231,$54,$-86,$928,$-425,$0,$-350,$0,$0,$0,$-6,$-781,$398,$0,$398,$-411,$-411,$-91,$-56,$-161,$-44,$71,$-91
16,2014-09-30,82.9,$39.82,2.08,$209.88,0.4,$3.78,21.95,$5.88,14.1,$5.33B,$3.95B,1.35,$1.07B,$3.16B,0.34,$17.43B,$1.42B,8.14%,$17.43B,$0.84B,4.82%,$17.43B,$0.84B,4.82%,$17.43B,$1.15B,6.60%,$17.43B,$0.70B,4.01%,$17.43B,$0.48B,2.78%,$0.48B,$3.16B,15.16%,$0.48B,$2.42B,19.83%,$0.48B,$8.69B,5.53%,$0.84B,$4.23B,19.75%,$4233,$3872,$361,$0,$128,$4008,$225,$-27,$198,$58,$140,$148,$140,$304,$225,$80,81,$1.75,$1.72,$873,$899,$718,$5333,$1614,$0,$740,$1004,$3358,$8691,$3951,$1069,$516,$1585,$5535,$1,$2280,$-268,$3156,$8691,$434,$233,$0,$233,$-653,$-112,$259,$-4,$-326,$412,$-281,$0,$0,$0,$0,$0,$-9,$-290,$-2,$0,$-2,$-259,$-259,$-67,$-43,$-372,$-265,$0,$-67
17,2014-06-30,85.53,$40.16,2.13,$205.81,0.42,$3.40,25.18,$5.54,15.44,$5.53B,$4.14B,1.33,$1.07B,$3.22B,0.33,$17.12B,$1.39B,8.11%,$17.12B,$0.81B,4.73%,$17.12B,$0.81B,4.73%,$17.12B,$1.11B,6.50%,$17.12B,$0.66B,3.86%,$17.12B,$0.46B,2.67%,$0.46B,$3.22B,14.58%,$0.46B,$2.47B,19.22%,$0.46B,$8.96B,5.26%,$0.81B,$4.29B,19.28%,$4585,$4206,$379,$0,$138,$4352,$233,$-31,$201,$53,$149,$158,$149,$311,$233,$81,82,$1.84,$1.81,$865,$882,$717,$5528,$1654,$0,$755,$1025,$3434,$8962,$4144,$1069,$528,$1596,$5741,$1,$2157,$-169,$3221,$8962,$286,$153,$0,$153,$-794,$-63,$393,$15,$-308,$175,$-189,$0,$0,$0,$0,$0,$-15,$-204,$-2,$0,$-2,$-156,$-156,$-40,$-42,$-241,$-273,$0,$-40
18,2014-03-31,79.99,$39.89,2.01,$197.93,0.4,$4.02,19.88,$5.33,15.01,$5.56B,$4.17B,1.33,$1.07B,$3.24B,0.33,$16.65B,$1.35B,8.09%,$16.65B,$0.78B,4.67%,$16.65B,$0.78B,4.67%,$16.65B,$1.07B,6.43%,$16.65B,$0.63B,3.80%,$16.65B,$0.45B,2.67%,$0.45B,$3.24B,14.71%,$0.45B,$2.49B,19.58%,$0.45B,$9.00B,5.24%,$0.78B,$4.31B,19.02%,$4360,$3999,$361,$0,$137,$4145,$215,$-46,$169,$53,$117,$129,$122,$290,$215,$81,83,$1.50,$1.47,$919,$872,$742,$5561,$1635,$0,$756,$1046,$3437,$8998,$4169,$1069,$518,$1586,$5756,$1,$2025,$-175,$3243,$8998,$129,$75,$0,$75,$-755,$-53,$449,$8,$-279,$-54,$-96,$0,$0,$0,$0,$0,$-14,$-110,$-2,$0,$-2,$0,$0,$-23,$-25,$-50,$-218,$0,$-23
19,2013-12-31,77.17,$39.00,1.98,$186.42,0.41,$5.48,14.08,$4.99,15.47,$4.92B,$3.58B,1.38,$1.06B,$3.15B,0.34,$16.23B,$1.30B,8.00%,$16.23B,$0.74B,4.53%,$16.23B,$0.74B,4.53%,$16.23B,$1.02B,6.30%,$16.23B,$0.61B,3.76%,$16.23B,$0.43B,2.66%,$0.43B,$3.15B,14.00%,$0.43B,$2.39B,18.49%,$0.43B,$8.33B,5.11%,$0.74B,$4.21B,17.76%,$4256,$3937,$319,$0,$143,$4088,$168,$-37,$131,$63,$69,$80,$73,$245,$168,$85,86,$0.91,$0.88,$1138,$819,$688,$4923,$1587,$0,$757,$1064,$3408,$8331,$3579,$1057,$545,$1602,$5181,$1,$1920,$-166,$3150,$8331,$456,$286,$81,$367,$-240,$-102,$190,$-10,$-18,$820,$-461,$0,$0,$0,$0,$0,$57,$-404,$428,$0,$428,$-1000,$-1000,$-102,$-24,$-699,$-265,$59,$-102
20,2013-09-30,68.07,$36.19,1.88,$174.43,0.39,$4.04,16.85,$13.11,5.19,$5.00B,$3.75B,1.33,$1.06B,$2.92B,0.36,$15.70B,$1.28B,8.17%,$15.70B,$0.73B,4.63%,$15.70B,$0.73B,4.63%,$15.70B,$1.00B,6.38%,$15.70B,$0.64B,4.05%,$15.70B,$1.24B,7.91%,$1.24B,$2.92B,38.76%,$1.24B,$2.17B,50.54%,$1.24B,$8.46B,14.75%,$0.73B,$3.98B,17.51%,$3918,$3588,$330,$0,$129,$3725,$193,$-34,$159,$51,$108,$117,$113,$266,$193,$81,82,$1.40,$1.38,$884,$839,$684,$5004,$1540,$0,$753,$1168,$3461,$8464,$3750,$1057,$738,$1795,$5544,$1,$2463,$-321,$2920,$8464,$376,$208,$0,$208,$-567,$-122,$320,$-17,$-175,$430,$-329,$0,$0,$0,$0,$0,$48,$-281,$428,$0,$428,$-1000,$-1000,$-78,$-23,$-674,$-518,$0,$-78
21,2013-06-30,57.37,$34.60,1.66,$162.30,0.35,$3.42,16.77,$12.96,4.43,$4.79B,$3.59B,1.33,$1.06B,$2.79B,0.38,$15.32B,$1.24B,8.11%,$15.32B,$0.70B,4.60%,$15.32B,$0.70B,4.60%,$15.32B,$0.97B,6.33%,$15.32B,$0.63B,4.11%,$15.32B,$1.25B,8.15%,$1.25B,$2.79B,39.37%,$1.25B,$2.05B,51.35%,$1.25B,$8.17B,15.30%,$0.70B,$3.85B,17.54%,$4113,$3775,$338,$0,$128,$3912,$201,$-28,$174,$41,$132,$142,$137,$270,$201,$85,86,$1.62,$1.60,$841,$788,$695,$4792,$1481,$0,$745,$1148,$3374,$8167,$3593,$1057,$727,$1784,$5377,$1,$2364,$-353,$2790,$8167,$259,$135,$0,$135,$-475,$-79,$301,$13,$-149,$265,$-226,$0,$0,$0,$0,$0,$48,$-179,$415,$0,$415,$-1000,$-1000,$-44,$-9,$-639,$-561,$0,$-44
22,2013-03-31,51.91,$37.71,1.38,$150.65,0.34,$2.76,18.81,$12.81,4.05,$5.54B,$3.56B,1.55,$1.06B,$3.49B,0.3,$14.87B,$1.22B,8.20%,$14.87B,$0.69B,4.66%,$14.87B,$0.69B,4.66%,$14.87B,$0.95B,6.36%,$14.87B,$0.62B,4.18%,$14.87B,$1.26B,8.45%,$1.26B,$3.49B,39.90%,$1.26B,$2.74B,52.04%,$1.26B,$8.82B,15.72%,$0.69B,$4.54B,17.76%,$3947,$3635,$312,$0,$130,$3773,$174,$-27,$147,$38,$109,$117,$109,$241,$174,$95,96,$1.14,$1.13,$1601,$793,$704,$5536,$1424,$0,$742,$1123,$3288,$8824,$3564,$1057,$718,$1774,$5338,$1,$2241,$-323,$3486,$8824,$117,$66,$0,$66,$-432,$-76,$288,$20,$-140,$64,$-99,$0,$0,$0,$0,$0,$58,$-40,$428,$0,$428,$-200,$-200,$-20,$-19,$189,$199,$0,$-20
23,2012-12-31,44.17,$37.65,1.17,$145.23,0.3,$2.48,17.85,$13.00,3.4,$4.87B,$3.22B,1.52,$0.63B,$3.61B,0.17,$14.57B,$1.22B,8.36%,$14.57B,$0.71B,4.85%,$14.57B,$0.71B,4.85%,$14.57B,$0.95B,6.49%,$14.57B,$0.65B,4.46%,$14.57B,$1.28B,8.80%,$1.28B,$3.61B,43.38%,$1.28B,$2.87B,57.05%,$1.28B,$8.19B,16.71%,$0.71B,$4.24B,19.52%,$3719,$3418,$302,$0,$133,$3561,$159,$-4,$155,$-738,$893,$890,$882,$225,$159,$98,100,$8.98,$8.85,$1402,$727,$704,$4874,$1403,$0,$747,$1171,$3321,$8194,$3217,$626,$739,$1365,$4582,$1,$2149,$-301,$3612,$8194,$1317,$240,$-674,$-435,$-112,$-60,$175,$-80,$-129,$730,$-458,$0,$-244,$0,$0,$0,$14,$-688,$-72,$0,$-72,$-223,$-223,$-78,$-24,$-396,$-352,$40,$-78
24,2012-09-30,35.53,$28.92,1.23,$140.96,0.25,$4.09,8.69,$5.02,7.08,$4.84B,$3.30B,1.47,$0.63B,$2.80B,0.22,$14.36B,$1.16B,8.07%,$14.36B,$0.65B,4.52%,$14.36B,$0.65B,4.52%,$14.36B,$0.88B,6.13%,$14.36B,$0.57B,3.98%,$14.36B,$0.51B,3.53%,$0.51B,$2.80B,18.83%,$0.51B,$2.07B,25.17%,$0.51B,$7.46B,6.87%,$0.65B,$3.43B,19.26%,$3539,$3247,$291,$0,$113,$3369,$170,$-15,$154,$29,$125,$128,$121,$233,$170,$97,99,$1.25,$1.23,$1270,$763,$618,$4844,$1300,$0,$729,$590,$2618,$7462,$3298,$626,$736,$1362,$4660,$1,$1281,$-298,$2802,$7462,$427,$174,$0,$174,$-277,$-100,$224,$-67,$-234,$361,$-301,$0,$-244,$0,$0,$0,$8,$-536,$-72,$0,$-72,$-173,$-173,$-45,$-15,$-305,$-485,$0,$-45
25,2012-06-30,35.34,$27.56,1.28,$137.87,0.26,$6.02,5.87,$4.74,7.46,$4.96B,$3.38B,1.47,$0.70B,$2.70B,0.26,$14.28B,$1.15B,8.05%,$14.28B,$0.64B,4.47%,$14.28B,$0.64B,4.47%,$14.28B,$0.87B,6.09%,$14.28B,$0.56B,3.89%,$14.28B,$0.49B,3.41%,$0.49B,$2.70B,18.19%,$0.49B,$1.98B,24.07%,$0.49B,$7.50B,6.66%,$0.64B,$3.40B,18.91%,$3665,$3350,$315,$0,$117,$3475,$190,$-24,$166,$32,$134,$155,$145,$247,$190,$99,101,$1.47,$1.45,$1332,$750,$589,$4964,$1222,$0,$723,$594,$2539,$7504,$3378,$696,$729,$1425,$4803,$1,$1173,$-343,$2701,$7504,$299,$110,$0,$110,$-399,$-93,$330,$-56,$-238,$160,$-180,$0,$-244,$0,$0,$0,$2,$-422,$0,$0,$0,$-123,$-123,$-32,$2,$-152,$-422,$0,$-32
26,2012-03-31,43.38,$27.15,1.6,$135.67,0.32,$8.13,5.34,$4.94,8.78,$5.25B,$3.44B,1.53,$0.70B,$2.71B,0.26,$14.29B,$1.18B,8.27%,$14.29B,$0.67B,4.67%,$14.29B,$0.67B,4.67%,$14.29B,$0.91B,6.35%,$14.29B,$0.59B,4.14%,$14.29B,$0.52B,3.64%,$0.52B,$2.71B,19.06%,$0.52B,$2.07B,24.87%,$0.52B,$7.54B,7.10%,$0.67B,$3.40B,19.51%,$3644,$3334,$310,$0,$116,$3457,$187,$-13,$174,$39,$135,$144,$134,$241,$187,$100,102,$1.34,$1.32,$1631,$716,$532,$5245,$1107,$0,$635,$550,$2291,$7536,$3437,$696,$698,$1394,$4831,$1,$1042,$-265,$2705,$7536,$144,$54,$0,$54,$-457,$-68,$310,$-37,$-196,$4,$-70,$0,$0,$0,$0,$0,$6,$-64,$0,$0,$0,$-53,$-53,$-17,$-3,$-73,$-123,$0,$-17
27,2011-12-31,37.03,$25.44,1.46,$132.36,0.28,$9.55,3.88,$5.06,7.32,$4.76B,$3.06B,1.55,$0.70B,$2.56B,0.27,$14.16B,$1.19B,8.43%,$14.16B,$0.68B,4.80%,$14.16B,$0.68B,4.80%,$14.16B,$0.93B,6.55%,$14.16B,$0.62B,4.36%,$14.16B,$0.54B,3.83%,$0.54B,$2.56B,19.76%,$0.54B,$1.93B,25.76%,$0.54B,$7.01B,7.44%,$0.68B,$3.26B,19.78%,$3509,$3266,$243,$0,$134,$3407,$102,$-24,$78,$-22,$100,$114,$107,$159,$102,$104,106,$1.06,$1.04,$1754,$638,$489,$4762,$1072,$0,$629,$549,$2249,$7011,$3064,$695,$691,$1386,$4450,$1,$922,$-332,$2561,$7011,$570,$246,$-36,$210,$0,$0,$0,$8,$8,$790,$-330,$0,$-8,$0,$0,$0,$35,$-303,$-1,$-4,$-5,$-279,$-279,$-70,$-19,$-372,$100,$35,$-70
28,2011-09-30,39.79,$26.82,1.48,$128.56,0.31,$9.18,4.33,$5.12,7.77,$4.99B,$3.24B,1.54,$0.70B,$2.74B,0.25,$13.81B,$1.19B,8.59%,$13.81B,$0.70B,5.10%,$13.81B,$0.70B,5.10%,$13.81B,$0.96B,6.93%,$13.81B,$0.62B,4.50%,$13.81B,$0.52B,3.78%,$0.52B,$2.74B,19.02%,$0.52B,$2.11B,24.75%,$0.52B,$7.22B,7.27%,$0.70B,$3.44B,20.47%,$3460,$3180,$281,$0,$115,$3302,$159,$-21,$138,$31,$107,$108,$101,$222,$159,$103,106,$0.97,$0.95,$1677,$709,$524,$4992,$1058,$0,$632,$534,$2224,$7216,$3243,$695,$535,$1230,$4473,$1,$829,$-138,$2743,$7216,$457,$189,$0,$189,$-343,$-163,$372,$-34,$-140,$517,$-248,$0,$-8,$0,$0,$0,$31,$-225,$-1,$-4,$-5,$-194,$-194,$-57,$-8,$-265,$22,$0,$-57
29,2011-06-30,49.47,$27.94,1.77,$121.92,0.41,$9.13,5.42,$5.05,9.8,$5.24B,$3.39B,1.55,$0.70B,$2.90B,0.24,$13.17B,$1.14B,8.67%,$13.17B,$0.66B,5.04%,$13.17B,$0.66B,5.04%,$13.17B,$0.91B,6.93%,$13.17B,$0.59B,4.46%,$13.17B,$0.52B,3.92%,$0.52B,$2.90B,19.16%,$0.52B,$2.25B,25.03%,$0.52B,$7.54B,7.33%,$0.66B,$3.60B,19.60%,$3676,$3330,$347,$0,$119,$3456,$220,$-19,$202,$20,$182,$186,$178,$285,$220,$105,107,$1.70,$1.65,$1771,$658,$530,$5238,$1085,$0,$652,$565,$2301,$7539,$3387,$695,$556,$1251,$4637,$1,$741,$32,$2902,$7539,$348,$126,$0,$126,$-451,$-84,$386,$14,$-123,$361,$-156,$0,$-8,$0,$0,$0,$29,$-136,$-1,$-2,$-3,$-100,$-100,$-44,$-6,$-153,$117,$0,$-44
30,2011-03-31,45.09,$26.39,1.71,$115.82,0.39,$8.98,5.02,$4.88,9.24,$5.05B,$3.36B,1.5,$0.70B,$2.76B,0.25,$12.53B,$1.09B,8.68%,$12.53B,$0.62B,4.92%,$12.53B,$0.62B,4.92%,$12.53B,$0.86B,6.84%,$12.53B,$0.57B,4.53%,$12.53B,$0.50B,3.98%,$0.50B,$2.76B,19.54%,$0.50B,$2.12B,25.80%,$0.50B,$7.36B,7.40%,$0.62B,$3.46B,19.02%,$3512,$3188,$323,$0,$118,$3313,$199,$-1,$199,$40,$159,$163,$156,$261,$199,$105,108,$1.48,$1.44,$1707,$627,$458,$5051,$1045,$0,$642,$626,$2312,$7363,$3358,$695,$547,$1242,$4599,$1,$577,$-6,$2764,$7363,$163,$62,$0,$62,$-448,$-58,$343,$15,$-74,$154,$-71,$0,$0,$0,$0,$0,$-7,$-77,$-1,$-1,$-2,$-27,$-27,$-23,$-1,$-53,$53,$0,$-23
31,2010-12-31,45.43,$24.42,1.86,$110.58,0.41,$8.24,5.51,$4.05,11.22,$4.39B,$2.82B,1.56,$0.70B,$2.57B,0.27,$11.96B,$1.02B,8.52%,$11.96B,$0.54B,4.50%,$11.96B,$0.54B,4.50%,$11.96B,$0.78B,6.48%,$11.96B,$0.45B,3.76%,$11.96B,$0.41B,3.41%,$0.41B,$2.57B,16.88%,$0.41B,$1.95B,22.57%,$0.41B,$6.62B,6.33%,$0.54B,$3.26B,17.28%,$3157,$2922,$235,$0,$102,$3031,$126,$-44,$82,$-5,$87,$124,$87,$188,$126,$95,108,$1.12,$1.08,$1654,$554,$419,$4386,$995,$0,$615,$626,$2236,$6621,$2819,$695,$539,$1234,$4052,$1,$435,$-78,$2569,$6621,$461,$236,$-3,$233,$0,$0,$0,$-76,$-76,$622,$-193,$0,$0,$0,$0,$0,$1,$-192,$-240,$-34,$-274,$0,$0,$-16,$-31,$-321,$100,$23,$-16
32,2010-09-30,36.33,$25.12,1.45,$121.10,0.3,$0.02,2007.06,$10.92,3.33,$4.39B,$2.89B,1.52,$0.70B,$2.46B,0.28,$11.54B,$0.95B,8.21%,$11.54B,$0.46B,3.94%,$11.54B,$0.46B,3.94%,$11.54B,$1.01B,8.78%,$11.54B,$0.42B,3.63%,$11.54B,$0.35B,2.99%,$0.35B,$2.54B,14.86%,$0.35B,$1.92B,20.18%,$0.35B,$6.64B,5.47%,$0.46B,$3.23B,14.80%,$2820,$2585,$236,$0,$110,$2702,$119,$-15,$104,$5,$99,$99,$95,$178,$119,$99,108,$0.92,$0.88,$1514,$583,$359,$4385,$990,$0,$618,$643,$2252,$6636,$2891,$695,$512,$1207,$4098,$1,$317,$10,$2538,$6636,$338,$174,$0,$174,$-442,$-130,$315,$0,$-55,$384,$-115,$0,$0,$0,$0,$0,$2,$-113,$-240,$-34,$-274,$0,$0,$-14,$-21,$-308,$-41,$0,$-14
