,Date,Stock Price,Book Value per Share,Price to Book Ratio,TTM Sales per Share,Price to Sales Ratio,TTM FCF per Share,Price to FCF Ratio,TTM Net EPS,PE Ratio,Current Assets,Current Liabilities,Current Ratio,Long Term Debt,Shareholder's Equity_x,Debt to Equity Ratio,TTM Revenue_x,TTM Gross Profit,Gross Margin,TTM Revenue_y,TTM Operating Income,Operating Margin,TTM Revenue_x,TTM EBIT,EBIT Margin,TTM Revenue_y,TTM EBITDA,EBITDA Margin,TTM Revenue_x,TTM Pre-Tax Income,Pre-Tax Margin,TTM Revenue_y,TTM Net Income_x,Net Margin,TTM Net Income_y,Shareholder's Equity_y,Return on Equity,TTM Net Income_x,Tangible Equity,Return on Tangible Equity,TTM Net Income_y,Total Assets,Return on Assets,TTM Net Income,LT Investments & Debt,Return on Investment,revenue,cost-goods-sold,gross-profit,research-development-expenses,selling-general-administrative-expenses,operating-expenses,operating-income,total-non-operating-income-expense,pre-tax-income,total-provision-income-taxes,income-after-taxes,income-from-continuous-operations,net-income,ebitda,ebit,basic-shares-outstanding,shares-outstanding,eps-basic-net-earnings-per-share,eps-earnings-per-share-diluted,cash-on-hand,inventory,other-current-assets,total-current-assets,net-property-plant-equipment,long-term-investments,goodwill-intangible-assets-total,other-long-term-assets,total-long-term-assets,total-assets,total-current-liabilities,long-term-debt,other-non-current-liabilities,total-long-term-liabilities,total-liabilities,common-stock-net,retained-earnings-accumulated-deficit,comprehensive-income,total-share-holder-equity,total-liabilities-share-holders-equity,net-income-loss,total-depreciation-amortization-cash-flow,other-non-cash-items,total-non-cash-items,change-in-accounts-receivable,change-in-inventories,change-in-accounts-payable,change-in-assets-liabilities,total-change-in-assets-liabilities,cash-flow-from-operating-activities,net-change-in-property-plant-equipment,net-change-in-intangible-assets,net-acquisitions-divestitures,net-change-in-short-term-investments,net-change-in-long-term-investments,net-change-in-investments-total,investing-activities-other,cash-flow-from-investing-activities,net-long-term-debt,net-current-debt,debt-issuance-retirement-net-total,net-common-equity-issued-repurchased,net-total-equity-issued-repurchased,total-common-preferred-stock-dividends-paid,financial-activities-other,cash-flow-from-financial-activities,net-cash-flow,stock-based-compensation,common-stock-dividends-paid
0,2018-09-30,43.79,$8.94,4.9,$30.99,1.41,$3.37,12.98,$2.14,20.46,$1.67B,$0.79B,2.12,$1.35B,$1.17B,1.16,$4.21B,$0.87B,20.65%,$4.21B,$0.44B,10.43%,$4.21B,$0.44B,10.43%,$4.21B,$0.57B,13.54%,$4.21B,$0.43B,10.14%,$4.21B,$0.29B,6.87%,$0.29B,$1.17B,24.69%,$0.29B,$0.14B,192.03%,$0.29B,$3.55B,8.01%,$0.44B,$2.52B,18.16%,$1092,$864,$227,$0,$101,$970,$121,$-8,$113,$23,$90,$90,$90,$155,$121,$134,135,$0.67,$0.67,$364,$634,$44,$1667,$723,$0,$1029,$130,$1882,$3549,$785,$1353,$157,$1598,$2383,$2,$2612,$-59,$1166,$3549,$253,$101,$15,$116,$-76,$-46,$-1,$1,$-122,$251,$-123,$0,$-104,$0,$0,$0,$-14,$-240,$-152,$252,$100,$-108,$-108,$-144,$0,$-152,$-163,$27,$-144
1,2018-06-30,44.64,$8.67,5.15,$30.26,1.48,$3.46,12.9,$2.07,21.57,$1.78B,$0.94B,1.9,$1.30B,$1.13B,1.15,$4.13B,$0.86B,20.81%,$4.13B,$0.43B,10.49%,$4.13B,$0.43B,10.49%,$4.13B,$0.56B,13.64%,$4.13B,$0.42B,10.06%,$4.13B,$0.28B,6.83%,$0.28B,$1.13B,24.06%,$0.28B,$0.11B,174.88%,$0.28B,$3.64B,7.94%,$0.43B,$2.43B,18.49%,$1103,$872,$231,$0,$108,$984,$118,$-11,$108,$22,$85,$85,$85,$152,$118,$134,135,$0.63,$0.63,$446,$634,$52,$1783,$709,$0,$1022,$130,$1861,$3644,$937,$1298,$192,$1579,$2515,$2,$2573,$-49,$1129,$3644,$163,$67,$24,$91,$-86,$-53,$20,$-8,$-133,$125,$-81,$0,$-88,$0,$0,$0,$-3,$-172,$-2,$192,$190,$-107,$-107,$-95,$-8,$-20,$-80,$19,$-95
2,2018-03-31,43.98,$9.11,4.83,$29.29,1.5,$3.70,11.89,$2.08,21.15,$1.81B,$0.98B,1.86,$1.24B,$1.20B,1.04,$4.01B,$0.86B,21.41%,$4.01B,$0.44B,10.86%,$4.01B,$0.44B,10.86%,$4.01B,$0.56B,14.05%,$4.01B,$0.42B,10.47%,$4.01B,$0.29B,7.10%,$0.29B,$1.20B,24.29%,$0.29B,$0.16B,167.89%,$0.29B,$3.69B,8.23%,$0.44B,$2.44B,18.84%,$1029,$811,$217,$0,$105,$921,$108,$-12,$95,$18,$78,$78,$78,$141,$108,$135,136,$0.58,$0.57,$495,$611,$51,$1814,$710,$0,$1039,$130,$1878,$3692,$978,$1239,$186,$1518,$2496,$2,$2538,$10,$1196,$3692,$78,$33,$12,$46,$-39,$-21,$-8,$-1,$-78,$44,$-40,$0,$-84,$0,$0,$0,$-3,$-127,$-1,$145,$144,$-55,$-55,$-48,$-0,$41,$-32,$9,$-48
3,2017-12-31,46.97,$9.03,5.2,$28.70,1.64,$3.84,12.23,$2.13,22.05,$1.77B,$0.98B,1.81,$1.10B,$1.19B,0.92,$3.94B,$0.87B,22.03%,$3.94B,$0.44B,11.26%,$3.94B,$0.44B,11.26%,$3.94B,$0.57B,14.43%,$3.94B,$0.43B,10.95%,$3.94B,$0.29B,7.43%,$0.29B,$1.19B,25.68%,$0.29B,$0.20B,195.66%,$0.29B,$3.55B,8.83%,$0.44B,$2.29B,19.72%,$985,$791,$194,$0,$97,$893,$92,$19,$111,$74,$36,$36,$36,$122,$92,$136,137,$0.27,$0.27,$526,$571,$74,$1767,$664,$0,$991,$129,$1784,$3551,$976,$1098,$203,$1384,$2360,$2,$2511,$-10,$1191,$3551,$293,$126,$114,$240,$-41,$-48,$59,$-37,$-80,$444,$-159,$0,$6,$0,$0,$0,$-12,$-165,$484,$-203,$282,$-155,$-155,$-186,$-5,$-65,$244,$37,$-186
4,2017-09-30,46.6,$8.90,5.24,$27.98,1.67,$4.83,9.64,$2.45,19.02,$1.55B,$0.89B,1.74,$1.04B,$1.17B,0.89,$3.86B,$0.88B,22.75%,$3.86B,$0.45B,11.73%,$3.86B,$0.45B,11.73%,$3.86B,$0.57B,14.86%,$3.86B,$0.43B,11.16%,$3.86B,$0.34B,8.78%,$0.34B,$1.17B,30.36%,$0.34B,$0.18B,252.51%,$0.34B,$3.32B,10.67%,$0.45B,$2.22B,20.66%,$1010,$793,$217,$0,$95,$895,$115,$-14,$101,$17,$84,$84,$83,$148,$115,$136,137,$0.61,$0.60,$343,$558,$63,$1550,$644,$0,$993,$137,$1774,$3324,$892,$1044,$152,$1259,$2151,$2,$2524,$-37,$1173,$3324,$256,$96,$33,$129,$-79,$-40,$14,$-12,$-118,$262,$-119,$0,$-26,$0,$0,$0,$-10,$-156,$-6,$234,$228,$-155,$-155,$-138,$-5,$-69,$61,$28,$-138
5,2017-06-30,50.89,$8.57,5.94,$27.42,1.86,$5.96,8.54,$2.52,20.19,$1.54B,$0.74B,2.08,$1.18B,$1.13B,1.04,$3.80B,$0.89B,23.38%,$3.80B,$0.47B,12.26%,$3.80B,$0.47B,12.26%,$3.80B,$0.58B,15.36%,$3.80B,$0.45B,11.86%,$3.80B,$0.35B,9.21%,$0.35B,$1.13B,31.84%,$0.35B,$0.14B,290.46%,$0.35B,$3.28B,11.24%,$0.47B,$2.32B,21.40%,$989,$759,$231,$0,$105,$868,$121,$-8,$113,$26,$88,$88,$88,$153,$121,$136,137,$0.64,$0.64,$335,$580,$47,$1540,$616,$0,$993,$133,$1741,$3282,$742,$1184,$166,$1406,$2148,$2,$2490,$-64,$1134,$3282,$174,$62,$30,$92,$-72,$-52,$24,$-7,$-110,$156,$-79,$0,$-37,$0,$0,$0,$-8,$-124,$-6,$221,$215,$-113,$-113,$-90,$-4,$7,$53,$20,$-90
6,2017-03-31,48.41,$8.05,6.01,$27.06,1.79,$6.86,7.06,$2.75,17.61,$1.41B,$0.72B,1.97,$1.12B,$1.07B,1.05,$3.77B,$0.89B,23.65%,$3.77B,$0.48B,12.59%,$3.77B,$0.48B,12.59%,$3.77B,$0.59B,15.72%,$3.77B,$0.48B,12.59%,$3.77B,$0.38B,10.15%,$0.38B,$1.07B,35.39%,$0.38B,$0.08B,355.45%,$0.38B,$3.12B,12.55%,$0.48B,$2.19B,22.34%,$960,$734,$227,$0,$106,$845,$116,$-8,$107,$21,$86,$86,$86,$146,$116,$137,138,$0.63,$0.62,$269,$556,$33,$1413,$589,$0,$987,$130,$1706,$3120,$717,$1120,$166,$1338,$2054,$2,$2452,$-96,$1065,$3120,$86,$30,$19,$50,$-60,$-30,$29,$5,$-80,$58,$-34,$0,$-37,$0,$0,$0,$-7,$-78,$-5,$159,$154,$-103,$-103,$-45,$-3,$3,$-13,$10,$-45
7,2016-12-31,46.7,$8.19,5.7,$26.75,1.75,$7.28,6.41,$2.76,16.92,$1.33B,$0.71B,1.88,$0.96B,$1.09B,0.87,$3.75B,$0.90B,23.97%,$3.75B,$0.48B,12.85%,$3.75B,$0.48B,12.85%,$3.75B,$0.60B,15.97%,$3.75B,$0.49B,12.99%,$3.75B,$0.39B,10.32%,$0.39B,$1.09B,35.55%,$0.39B,$0.14B,346.31%,$0.39B,$2.98B,12.78%,$0.48B,$2.05B,22.84%,$904,$700,$204,$0,$98,$802,$101,$9,$110,$27,$83,$83,$82,$127,$101,$138,140,$0.60,$0.59,$282,$520,$37,$1325,$566,$0,$956,$138,$1659,$2984,$707,$956,$173,$1184,$1890,$2,$2411,$-114,$1094,$2984,$386,$115,$29,$144,$3,$-33,$51,$-2,$15,$553,$-124,$0,$57,$0,$0,$0,$-35,$-102,$-5,$12,$7,$-193,$-193,$-177,$-38,$-402,$29,$37,$-177
8,2016-09-30,43.26,$8.26,5.24,$26.91,1.61,$6.01,7.2,$2.74,15.79,$1.41B,$0.69B,2.06,$1.06B,$1.10B,0.96,$3.79B,$0.93B,24.51%,$3.79B,$0.49B,13.03%,$3.79B,$0.49B,13.03%,$3.79B,$0.61B,16.06%,$3.79B,$0.48B,12.77%,$3.79B,$0.39B,10.18%,$0.39B,$1.10B,35.42%,$0.39B,$0.13B,374.76%,$0.39B,$3.07B,12.77%,$0.49B,$2.16B,23.44%,$949,$722,$227,$0,$94,$821,$128,$-7,$121,$28,$94,$94,$94,$158,$128,$137,139,$0.68,$0.67,$317,$519,$34,$1413,$554,$0,$978,$125,$1657,$3070,$687,$1055,$171,$1280,$1967,$2,$2376,$-77,$1104,$3070,$305,$90,$29,$119,$-41,$-20,$28,$1,$-36,$386,$-83,$0,$26,$0,$0,$0,$-9,$-66,$-5,$101,$97,$-177,$-177,$-132,$-38,$-251,$64,$29,$-132
9,2016-06-30,48.17,$7.97,6.04,$27.18,1.77,$5.22,9.24,$2.74,17.58,$1.38B,$0.70B,1.97,$1.04B,$1.07B,0.98,$3.85B,$0.94B,24.49%,$3.85B,$0.51B,13.11%,$3.85B,$0.51B,13.11%,$3.85B,$0.62B,16.05%,$3.85B,$0.50B,12.85%,$3.85B,$0.39B,10.05%,$0.39B,$1.07B,35.55%,$0.39B,$0.09B,416.13%,$0.39B,$3.03B,12.81%,$0.51B,$2.11B,24.16%,$959,$725,$234,$0,$100,$829,$130,$8,$137,$38,$100,$100,$121,$162,$130,$138,140,$0.88,$0.87,$285,$523,$37,$1380,$553,$0,$975,$123,$1652,$3032,$699,$1044,$178,$1267,$1966,$2,$2329,$-77,$1066,$3032,$211,$61,$14,$74,$-26,$-24,$34,$-2,$-26,$262,$-58,$0,$37,$0,$0,$0,$-7,$-28,$-2,$90,$89,$-161,$-161,$-87,$-38,$-197,$32,$22,$-87
10,2016-03-31,45.31,$8.12,5.58,$27.29,1.66,$4.29,10.57,$2.41,18.8,$1.34B,$0.68B,1.97,$1.03B,$1.09B,0.95,$3.89B,$0.94B,24.17%,$3.89B,$0.49B,12.70%,$3.89B,$0.49B,12.70%,$3.89B,$0.60B,15.48%,$3.89B,$0.47B,12.01%,$3.89B,$0.34B,8.85%,$0.34B,$1.09B,31.28%,$0.34B,$0.09B,380.11%,$0.34B,$3.02B,11.28%,$0.49B,$2.12B,24.12%,$938,$705,$234,$0,$105,$815,$123,$-5,$119,$28,$91,$91,$90,$152,$123,$139,141,$0.64,$0.63,$250,$522,$38,$1342,$555,$0,$997,$131,$1683,$3024,$680,$1032,$177,$1253,$1933,$2,$2254,$-62,$1091,$3024,$91,$28,$19,$47,$-4,$-14,$22,$2,$-27,$111,$-28,$0,$-14,$0,$0,$0,$-5,$-47,$-1,$81,$81,$-105,$-105,$-44,$-2,$-70,$-3,$12,$-44
11,2015-12-31,39.07,$8.10,4.83,$27.37,1.43,$3.81,10.25,$2.28,17.13,$1.31B,$0.70B,1.87,$0.94B,$1.10B,0.86,$3.92B,$0.92B,23.59%,$3.92B,$0.49B,12.41%,$3.92B,$0.49B,12.41%,$3.92B,$0.60B,15.29%,$3.92B,$0.45B,11.49%,$3.92B,$0.33B,8.32%,$0.33B,$1.10B,29.48%,$0.33B,$0.10B,359.23%,$0.33B,$2.96B,10.62%,$0.49B,$2.04B,24.35%,$945,$711,$234,$0,$116,$832,$113,$-6,$107,$25,$82,$82,$81,$137,$113,$141,143,$0.57,$0.57,$253,$505,$33,$1311,$541,$0,$995,$117,$1653,$2964,$701,$942,$185,$1165,$1866,$2,$2209,$-91,$1098,$2964,$329,$113,$84,$198,$-16,$-49,$-54,$-0,$-171,$359,$-103,$0,$40,$0,$0,$0,$-7,$-70,$-205,$201,$-3,$-183,$-183,$-172,$9,$-349,$-80,$45,$-172
12,2015-09-30,38.07,$8.09,4.71,$27.41,1.39,$4.03,9.45,$1.85,20.58,$1.38B,$0.75B,1.84,$0.99B,$1.10B,0.9,$3.93B,$0.89B,22.78%,$3.93B,$0.44B,11.21%,$3.93B,$0.44B,11.21%,$3.93B,$0.56B,14.24%,$3.93B,$0.40B,10.24%,$3.93B,$0.27B,6.78%,$0.27B,$1.10B,23.74%,$0.27B,$0.09B,279.27%,$0.27B,$3.07B,8.54%,$0.44B,$2.09B,22.37%,$1009,$768,$241,$0,$97,$870,$139,$-7,$132,$36,$96,$96,$95,$168,$139,$140,143,$0.68,$0.67,$251,$505,$94,$1380,$544,$0,$1016,$127,$1687,$3066,$751,$989,$180,$1215,$1966,$2,$2173,$-68,$1100,$3066,$247,$89,$32,$121,$-25,$-42,$-22,$2,$-111,$257,$-61,$0,$-11,$0,$0,$0,$-5,$-77,$-204,$229,$25,$-155,$-155,$-128,$8,$-250,$-82,$34,$-128
13,2015-06-30,44.6,$8.11,5.5,$27.33,1.63,$3.72,11.97,$1.52,29.34,$1.44B,$0.96B,1.49,$0.83B,$1.11B,0.75,$3.91B,$0.86B,22.03%,$3.91B,$0.37B,9.56%,$3.91B,$0.37B,9.56%,$3.91B,$0.49B,12.62%,$3.91B,$0.34B,8.61%,$3.91B,$0.22B,5.60%,$0.22B,$1.11B,19.00%,$0.22B,$0.08B,182.50%,$0.22B,$3.14B,6.97%,$0.37B,$1.94B,19.62%,$997,$767,$231,$0,$107,$878,$119,$-10,$109,$32,$77,$77,$78,$146,$119,$141,143,$0.55,$0.54,$275,$511,$101,$1436,$539,$0,$1030,$139,$1708,$3144,$964,$832,$187,$1070,$2034,$2,$2123,$-36,$1110,$3144,$151,$61,$33,$93,$-41,$-43,$-9,$-4,$-117,$127,$-51,$0,$4,$0,$0,$0,$-6,$-53,$-3,$66,$63,$-115,$-115,$-86,$12,$-126,$-58,$23,$-86
14,2015-03-31,41.97,$8.10,5.18,$27.06,1.55,$3.51,11.95,$0.81,51.81,$1.41B,$0.95B,1.48,$0.80B,$1.12B,0.72,$3.87B,$0.83B,21.49%,$3.87B,$0.36B,9.22%,$3.87B,$0.36B,9.22%,$3.87B,$0.59B,15.16%,$3.87B,$0.32B,8.29%,$3.87B,$0.12B,3.02%,$0.12B,$1.12B,9.83%,$0.12B,$0.10B,75.85%,$0.12B,$3.10B,3.69%,$0.36B,$1.91B,18.14%,$966,$748,$218,$0,$98,$851,$115,$-13,$102,$29,$73,$73,$72,$149,$115,$142,144,$0.51,$0.50,$262,$506,$109,$1409,$533,$0,$1021,$140,$1694,$3103,$953,$798,$185,$1034,$1987,$2,$2089,$-41,$1116,$3103,$73,$34,$15,$49,$-29,$-37,$-5,$-0,$-94,$32,$-15,$0,$-12,$0,$0,$0,$-5,$-32,$-2,$33,$31,$-60,$-60,$-43,$10,$-63,$-71,$12,$-43
15,2014-12-31,38.53,$8.38,4.6,$26.42,1.46,$3.21,11.99,$0.68,56.66,$1.43B,$0.99B,1.44,$0.77B,$1.16B,0.66,$3.78B,$0.79B,20.91%,$3.78B,$0.32B,8.51%,$3.78B,$0.32B,8.51%,$3.78B,$0.55B,14.46%,$3.78B,$0.30B,7.83%,$3.78B,$0.10B,2.59%,$0.10B,$1.16B,7.81%,$0.10B,$0.12B,51.11%,$0.10B,$3.14B,3.06%,$0.32B,$1.92B,15.82%,$953,$750,$204,$0,$132,$887,$67,$-8,$59,$13,$46,$46,$21,$97,$67,$141,143,$0.15,$0.14,$333,$481,$92,$1429,$549,$0,$1034,$128,$1711,$3141,$992,$767,$185,$994,$1986,$2,$2061,$-3,$1155,$3141,$101,$226,$11,$237,$-98,$-22,$48,$1,$54,$382,$-94,$0,$6,$0,$0,$0,$-15,$-103,$111,$-24,$87,$-128,$-128,$-168,$5,$-204,$60,$42,$-168
16,2014-09-30,31.34,$8.93,3.51,$24.57,1.28,$3.49,8.99,$0.58,54.03,$1.44B,$1.14B,1.25,$0.62B,$1.23B,0.5,$3.54B,$0.73B,20.61%,$3.54B,$0.31B,8.82%,$3.54B,$0.31B,8.82%,$3.54B,$0.60B,17.08%,$3.54B,$0.23B,6.36%,$3.54B,$0.08B,2.35%,$0.08B,$1.23B,6.31%,$0.08B,$0.18B,36.28%,$0.08B,$3.19B,2.60%,$0.31B,$1.85B,15.03%,$997,$788,$209,$0,$131,$925,$73,$-6,$67,$13,$53,$53,$48,$102,$73,$141,143,$0.34,$0.34,$243,$477,$131,$1435,$547,$0,$1045,$159,$1750,$3185,$1144,$619,$130,$812,$1956,$2,$2085,$61,$1229,$3185,$80,$196,$10,$206,$-155,$-6,$35,$0,$-59,$216,$-63,$0,$-58,$0,$0,$0,$-16,$-137,$-7,$140,$133,$-113,$-113,$-125,$4,$-100,$-30,$30,$-125
17,2014-06-30,30.5,$9.20,3.32,$23.54,1.3,$3.63,8.4,$0.73,41.78,$1.49B,$0.87B,1.72,$0.93B,$1.26B,0.73,$3.42B,$0.70B,20.48%,$3.42B,$0.33B,9.60%,$3.42B,$0.33B,9.60%,$3.42B,$0.62B,18.14%,$3.42B,$0.25B,7.28%,$3.42B,$0.11B,3.10%,$0.11B,$1.26B,7.71%,$0.11B,$0.22B,42.74%,$0.11B,$3.24B,3.29%,$0.33B,$2.19B,14.78%,$956,$755,$201,$0,$94,$854,$102,$-9,$93,$24,$70,$70,$-24,$239,$102,$141,143,$-0.17,$-0.17,$304,$527,$55,$1490,$583,$0,$1046,$126,$1754,$3243,$865,$926,$134,$1116,$1981,$2,$2081,$93,$1262,$3243,$31,$166,$15,$181,$-137,$-25,$42,$-5,$-126,$83,$-38,$0,$-41,$0,$0,$0,$-15,$-94,$-7,$244,$238,$-109,$-109,$-84,$2,$46,$32,$20,$-84
18,2014-03-31,28.78,$9.89,2.91,$23.33,1.23,$3.87,7.44,$1.38,20.86,$1.41B,$0.83B,1.69,$0.81B,$1.37B,0.59,$3.42B,$0.70B,20.40%,$3.42B,$0.32B,9.38%,$3.42B,$0.32B,9.38%,$3.42B,$0.51B,14.79%,$3.42B,$0.25B,7.16%,$3.42B,$0.20B,5.88%,$0.20B,$1.37B,14.18%,$0.20B,$0.25B,79.13%,$0.20B,$3.22B,6.23%,$0.32B,$2.18B,14.11%,$876,$699,$177,$0,$92,$796,$80,$-3,$77,$21,$56,$56,$53,$109,$80,$142,144,$0.37,$0.37,$269,$520,$48,$1410,$564,$0,$1126,$122,$1812,$3222,$834,$811,$131,$1017,$1851,$2,$2147,$80,$1371,$3222,$54,$29,$20,$49,$-97,$-28,$18,$-2,$-124,$-20,$-7,$0,$-2,$0,$0,$0,$-6,$-14,$-6,$126,$120,$-46,$-46,$-42,$1,$34,$-4,$11,$-42
19,2013-12-31,27.03,$10.04,2.69,$23.55,1.15,$4.08,6.63,$1.34,20.17,$1.28B,$0.83B,1.55,$0.69B,$1.40B,0.49,$3.48B,$0.71B,20.41%,$3.48B,$0.32B,9.11%,$3.48B,$0.32B,9.11%,$3.48B,$0.50B,14.43%,$3.48B,$0.24B,6.81%,$3.48B,$0.20B,5.66%,$0.20B,$1.40B,13.74%,$0.20B,$0.27B,77.64%,$0.20B,$3.11B,6.01%,$0.32B,$2.09B,13.62%,$708,$566,$142,$0,$77,$651,$57,$-68,$-12,$-17,$5,$5,$6,$154,$57,$145,147,$0.04,$0.04,$273,$496,$46,$1282,$575,$0,$1130,$122,$1826,$3108,$830,$688,$128,$879,$1709,$2,$2136,$95,$1399,$3108,$200,$186,$4,$190,$-13,$-4,$35,$-1,$26,$417,$-81,$0,$-9,$0,$21,$21,$-7,$-75,$-204,$23,$-180,$-133,$-133,$-125,$4,$-434,$-86,$36,$-125
20,2013-09-30,26.07,$10.37,2.52,$22.55,1.16,$4.39,5.94,$1.80,14.48,$1.41B,$0.64B,2.2,$0.96B,$1.46B,0.65,$3.33B,$0.69B,20.87%,$3.33B,$0.32B,9.47%,$3.33B,$0.32B,9.47%,$3.33B,$0.43B,13.02%,$3.33B,$0.30B,8.90%,$3.33B,$0.27B,7.97%,$0.27B,$1.46B,18.34%,$0.27B,$0.26B,107.07%,$0.27B,$3.31B,7.99%,$0.32B,$2.42B,13.24%,$878,$698,$180,$0,$85,$789,$89,$2,$91,$24,$67,$67,$71,$118,$89,$145,147,$0.49,$0.49,$299,$489,$45,$1408,$580,$0,$1203,$114,$1897,$3305,$639,$958,$158,$1203,$1841,$2,$2174,$70,$1464,$3305,$193,$88,$29,$118,$-119,$4,$27,$-2,$-76,$239,$-60,$0,$-10,$0,$21,$21,$-5,$-54,$-203,$111,$-92,$-78,$-78,$-83,$5,$-248,$-60,$29,$-83
21,2013-06-30,26.62,$10.10,2.64,$23.27,1.14,$4.45,5.98,$1.76,15.13,$1.39B,$0.63B,2.2,$0.97B,$1.43B,0.68,$3.43B,$0.72B,20.99%,$3.43B,$0.33B,9.64%,$3.43B,$0.33B,9.64%,$3.43B,$0.45B,13.17%,$3.43B,$0.30B,8.76%,$3.43B,$0.26B,7.59%,$0.26B,$1.43B,18.19%,$0.26B,$0.24B,110.76%,$0.26B,$3.28B,7.87%,$0.33B,$2.41B,14.10%,$959,$760,$199,$0,$99,$864,$95,$-6,$89,$24,$65,$65,$71,$125,$95,$146,148,$0.49,$0.48,$280,$510,$44,$1387,$562,$0,$1193,$137,$1892,$3279,$631,$974,$159,$1214,$1845,$2,$2146,$47,$1434,$3279,$121,$59,$40,$99,$-112,$-35,$54,$-1,$-97,$123,$-42,$0,$4,$0,$0,$0,$-4,$-42,$-202,$129,$-73,$-50,$-50,$-41,$6,$-159,$-79,$20,$-41
22,2013-03-31,28.66,$10.08,2.84,$23.23,1.23,$4.66,6.16,$1.73,16.57,$1.53B,$0.79B,1.92,$0.95B,$1.44B,0.66,$3.40B,$0.71B,20.79%,$3.40B,$0.32B,9.50%,$3.40B,$0.32B,9.50%,$3.40B,$0.44B,13.03%,$3.40B,$0.29B,8.53%,$3.40B,$0.25B,7.47%,$0.25B,$1.44B,18.05%,$0.25B,$0.24B,118.28%,$0.25B,$3.43B,7.73%,$0.32B,$2.39B,14.17%,$933,$744,$189,$0,$107,$857,$76,$-7,$69,$20,$49,$49,$49,$105,$76,$146,148,$0.34,$0.33,$449,$503,$44,$1525,$567,$0,$1196,$141,$1903,$3428,$793,$954,$162,$1195,$1988,$2,$2117,$57,$1440,$3428,$50,$29,$19,$49,$-80,$-17,$34,$2,$-72,$24,$-20,$0,$2,$0,$0,$0,$-3,$-21,$-1,$99,$98,$-13,$-13,$0,$5,$90,$90,$12,$0
23,2012-12-31,22.89,$10.15,2.26,$23.45,0.98,$4.95,4.62,$1.70,13.46,$1.34B,$0.73B,1.83,$0.85B,$1.44B,0.59,$3.42B,$0.70B,20.38%,$3.42B,$0.32B,9.40%,$3.42B,$0.32B,9.40%,$3.42B,$0.44B,12.91%,$3.42B,$0.29B,8.43%,$3.42B,$0.25B,7.29%,$0.25B,$1.44B,18.00%,$0.25B,$0.24B,131.40%,$0.25B,$3.26B,7.70%,$0.32B,$2.30B,14.09%,$555,$429,$126,$0,$64,$500,$55,$-9,$47,$-17,$63,$63,$74,$85,$55,$144,146,$0.50,$0.50,$359,$489,$45,$1339,$573,$0,$1198,$145,$1916,$3255,$731,$854,$158,$1082,$1813,$2,$2110,$71,$1442,$3255,$251,$119,$19,$138,$61,$-39,$27,$-3,$57,$450,$-71,$0,$-196,$0,$-22,$-22,$-5,$-294,$287,$-86,$202,$6,$6,$-200,$-44,$-37,$123,$34,$-200
24,2012-09-30,20.84,$9.92,2.1,$25.34,0.82,$4.09,5.1,$1.26,16.54,$1.38B,$0.80B,1.73,$0.86B,$1.40B,0.61,$3.70B,$0.72B,19.37%,$3.70B,$0.32B,8.63%,$3.70B,$0.32B,8.63%,$3.70B,$0.44B,11.82%,$3.70B,$0.27B,7.38%,$3.70B,$0.18B,4.98%,$0.18B,$1.40B,13.63%,$0.18B,$0.21B,94.48%,$0.18B,$3.25B,5.84%,$0.32B,$2.26B,14.24%,$978,$773,$205,$0,$94,$874,$104,$-9,$95,$29,$67,$67,$66,$136,$104,$144,146,$0.46,$0.45,$265,$471,$53,$1379,$575,$0,$1190,$101,$1867,$3246,$796,$860,$128,$1049,$1845,$2,$2079,$75,$1401,$3246,$177,$89,$33,$122,$-87,$-20,$35,$-3,$-55,$241,$-54,$0,$-181,$0,$-22,$-22,$-6,$-263,$289,$-77,$211,$-1,$-1,$-118,$-43,$50,$29,$26,$-118
25,2012-06-30,17.37,$9.58,1.81,$25.13,0.69,$3.81,4.56,$1.12,15.51,$1.38B,$0.86B,1.6,$0.82B,$1.35B,0.61,$3.66B,$0.68B,18.61%,$3.66B,$0.29B,7.84%,$3.66B,$0.29B,7.84%,$3.66B,$0.40B,10.96%,$3.66B,$0.24B,6.58%,$3.66B,$0.16B,4.45%,$0.16B,$1.35B,12.22%,$0.16B,$0.16B,77.34%,$0.16B,$3.22B,5.27%,$0.29B,$2.17B,12.85%,$935,$748,$187,$0,$92,$846,$89,$-10,$79,$22,$57,$57,$65,$117,$89,$144,145,$0.45,$0.45,$255,$518,$54,$1383,$581,$0,$1186,$73,$1840,$3223,$864,$821,$131,$1012,$1876,$2,$2056,$55,$1347,$3223,$110,$58,$21,$78,$-45,$-66,$65,$-4,$-47,$146,$-37,$0,$-182,$0,$0,$0,$-6,$-226,$-10,$190,$180,$-3,$-3,$-78,$1,$100,$18,$18,$-78
26,2012-03-31,18.66,$9.58,1.95,$25.12,0.74,$3.48,5.35,$1.04,17.94,$1.35B,$0.63B,2.16,$1.05B,$1.34B,0.78,$3.67B,$0.68B,18.42%,$3.67B,$0.28B,7.57%,$3.67B,$0.28B,7.57%,$3.67B,$0.39B,10.71%,$3.67B,$0.23B,6.38%,$3.67B,$0.15B,4.17%,$0.15B,$1.34B,11.24%,$0.15B,$0.14B,58.45%,$0.15B,$3.21B,5.00%,$0.28B,$2.39B,12.25%,$947,$769,$178,$0,$98,$873,$74,$-7,$67,$22,$45,$45,$44,$103,$74,$144,145,$0.31,$0.30,$261,$473,$44,$1350,$592,$0,$1201,$70,$1863,$3213,$626,$1047,$132,$1243,$1870,$2,$2031,$85,$1343,$3213,$45,$29,$17,$46,$-57,$-15,$40,$0,$-27,$65,$-18,$0,$-185,$0,$0,$0,$-5,$-207,$-1,$205,$204,$-3,$-3,$-39,$1,$164,$25,$11,$-39
27,2011-12-31,18.46,$9.38,1.97,$24.53,0.75,$3.36,5.5,$1.04,17.75,$1.22B,$0.59B,2.09,$0.83B,$1.31B,0.64,$3.62B,$0.67B,18.46%,$3.62B,$0.27B,7.54%,$3.62B,$0.27B,7.54%,$3.62B,$0.39B,10.78%,$3.62B,$0.23B,6.44%,$3.62B,$0.15B,4.26%,$0.15B,$1.31B,11.08%,$0.15B,$0.27B,48.35%,$0.15B,$2.92B,5.09%,$0.27B,$2.14B,12.18%,$837,$691,$146,$0,$90,$784,$53,$-21,$32,$5,$27,$27,$9,$81,$53,$145,147,$0.06,$0.06,$236,$441,$43,$1224,$581,$0,$1043,$67,$1691,$2915,$586,$833,$130,$1021,$1607,$2,$2027,$65,$1308,$2915,$156,$117,$77,$194,$-30,$-16,$29,$-2,$-14,$329,$-75,$0,$20,$23,$0,$23,$-5,$-37,$-3,$69,$65,$-205,$-205,$-156,$-8,$-304,$-8,$35,$-156
28,2011-09-30,15.66,$9.62,1.63,$24.07,0.65,$3.55,4.41,$1.19,13.16,$1.29B,$0.60B,2.14,$0.90B,$1.34B,0.67,$3.58B,$0.66B,18.53%,$3.58B,$0.27B,7.56%,$3.58B,$0.27B,7.56%,$3.58B,$0.39B,10.94%,$3.58B,$0.24B,6.75%,$3.58B,$0.18B,4.91%,$0.18B,$1.34B,12.19%,$0.18B,$0.27B,48.52%,$0.18B,$3.02B,5.78%,$0.27B,$2.24B,11.90%,$941,$771,$170,$0,$94,$869,$72,$-8,$63,$18,$45,$45,$45,$100,$72,$144,145,$0.31,$0.31,$219,$457,$39,$1291,$601,$0,$1065,$66,$1731,$3022,$604,$897,$113,$1080,$1684,$2,$2059,$76,$1338,$3022,$147,$88,$45,$133,$-101,$-29,$47,$-1,$-70,$202,$-57,$0,$14,$23,$0,$23,$-3,$-23,$-2,$128,$125,$-208,$-208,$-117,$-8,$-207,$-26,$29,$-117
29,2011-06-30,19.03,$10.27,1.85,$23.25,0.82,$3.60,5.29,$1.19,15.99,$1.32B,$0.58B,2.28,$0.86B,$1.46B,0.59,$3.51B,$0.66B,18.89%,$3.51B,$0.28B,7.83%,$3.51B,$0.28B,7.83%,$3.51B,$0.40B,11.34%,$3.51B,$0.25B,7.04%,$3.51B,$0.18B,5.07%,$0.18B,$1.46B,11.96%,$0.18B,$0.37B,43.95%,$0.18B,$3.10B,5.82%,$0.28B,$2.31B,11.92%,$945,$763,$182,$0,$98,$866,$79,$-7,$72,$17,$56,$56,$55,$109,$79,$146,147,$0.38,$0.37,$203,$507,$40,$1318,$618,$0,$1090,$69,$1777,$3095,$578,$857,$129,$1062,$1640,$2,$2054,$135,$1455,$3095,$102,$60,$34,$94,$-82,$-71,$52,$-2,$-92,$101,$-38,$0,$14,$23,$0,$23,$-2,$-3,$84,$0,$84,$-157,$-157,$-79,$6,$-146,$-41,$21,$-79
30,2011-03-31,18.9,$10.20,1.85,$22.52,0.84,$3.74,5.05,$1.16,16.3,$1.29B,$0.59B,2.2,$0.82B,$1.46B,0.56,$3.44B,$0.66B,19.22%,$3.44B,$0.28B,8.20%,$3.44B,$0.28B,8.20%,$3.44B,$0.40B,11.75%,$3.44B,$0.25B,7.33%,$3.44B,$0.18B,5.12%,$0.18B,$1.46B,11.76%,$0.18B,$0.37B,41.93%,$0.18B,$3.07B,5.76%,$0.28B,$2.28B,12.18%,$896,$726,$170,$0,$96,$826,$69,$-3,$66,$20,$46,$46,$45,$100,$69,$149,151,$0.30,$0.30,$195,$462,$57,$1290,$616,$0,$1088,$72,$1777,$3067,$586,$822,$128,$1023,$1609,$2,$2038,$124,$1458,$3067,$46,$30,$21,$51,$-88,$-27,$64,$2,$-47,$47,$-17,$0,$17,$0,$0,$0,$-1,$-1,$46,$0,$46,$-110,$-110,$-40,$6,$-98,$-49,$13,$-40
31,2010-12-31,17.36,$10.43,1.66,$21.87,0.79,$3.78,4.59,$1.15,15.09,$1.22B,$0.52B,2.33,$0.76B,$1.52B,0.5,$3.36B,$0.66B,19.56%,$3.36B,$0.28B,8.37%,$3.36B,$0.28B,8.37%,$3.36B,$0.40B,12.03%,$3.36B,$0.26B,7.59%,$3.36B,$0.18B,5.24%,$0.18B,$1.52B,11.60%,$0.18B,$0.44B,39.98%,$0.18B,$3.00B,5.75%,$0.28B,$2.29B,12.03%,$802,$660,$142,$0,$86,$751,$51,$-10,$41,$9,$33,$33,$31,$83,$51,$151,153,$0.21,$0.21,$245,$435,$60,$1219,$624,$0,$1083,$75,$1782,$3001,$523,$762,$122,$954,$1477,$2,$2033,$102,$1524,$3001,$183,$123,$78,$201,$-35,$-31,$25,$22,$-18,$363,$-68,$0,$24,$-22,$0,$-22,$0,$-65,$-14,$-32,$-46,$-106,$-106,$-155,$-7,$-314,$-16,$38,$-155
32,2010-09-30,17.15,$10.35,1.66,$21.45,0.8,$4.96,3.46,$1.17,14.66,$1.31B,$0.55B,2.38,$0.83B,$1.52B,0.55,$3.33B,$0.69B,20.59%,$3.33B,$0.31B,9.26%,$3.33B,$0.31B,9.26%,$3.33B,$0.44B,13.07%,$3.33B,$0.28B,8.51%,$3.33B,$0.18B,5.41%,$0.18B,$1.52B,11.76%,$0.18B,$0.44B,40.11%,$0.18B,$3.08B,5.85%,$0.31B,$2.35B,13.08%,$867,$698,$169,$0,$88,$790,$76,$-8,$68,$18,$50,$50,$47,$106,$76,$151,153,$0.31,$0.31,$277,$449,$36,$1308,$621,$0,$1072,$78,$1771,$3079,$550,$834,$122,$1014,$1564,$2,$2039,$64,$1516,$3079,$150,$91,$60,$151,$-103,$-54,$36,$12,$-91,$208,$-49,$0,$27,$1,$0,$1,$1,$-19,$29,$0,$29,$-81,$-81,$-115,$0,$-167,$16,$30,$-115
33,2010-06-30,14.93,$10.16,1.47,$20.83,0.72,$6.19,2.41,$1.20,12.44,$1.31B,$0.57B,2.29,$0.86B,$1.49B,0.57,$3.27B,$0.70B,21.50%,$3.27B,$0.33B,10.06%,$3.27B,$0.33B,10.06%,$3.27B,$0.46B,14.04%,$3.27B,$0.30B,9.24%,$3.27B,$0.19B,5.72%,$0.19B,$1.49B,12.00%,$0.19B,$0.42B,39.64%,$0.19B,$3.08B,6.07%,$0.33B,$2.34B,13.90%,$874,$695,$180,$0,$89,$788,$86,$-9,$77,$24,$54,$54,$53,$115,$86,$152,154,$0.35,$0.34,$244,$452,$75,$1307,$625,$0,$1065,$83,$1772,$3079,$572,$855,$118,$1019,$1591,$2,$2032,$43,$1488,$3079,$101,$61,$28,$89,$-83,$-56,$62,$-2,$-70,$118,$-30,$0,$10,$1,$0,$1,$-1,$-19,$43,$0,$43,$-72,$-72,$-77,$1,$-105,$-17,$22,$-77
34,2010-03-31,15.92,$10.40,1.53,$19.83,0.8,$7.09,2.25,$0.98,16.25,$1.28B,$0.57B,2.26,$0.82B,$1.54B,0.53,$3.15B,$0.67B,21.25%,$3.15B,$0.30B,9.39%,$3.15B,$0.30B,9.39%,$3.15B,$0.43B,13.64%,$3.15B,$0.26B,8.18%,$3.15B,$0.15B,4.85%,$0.15B,$1.54B,9.55%,$0.15B,$0.45B,29.97%,$0.15B,$3.09B,4.97%,$0.30B,$2.36B,12.38%,$816,$651,$166,$0,$92,$748,$68,$1,$69,$22,$48,$48,$45,$100,$68,$153,154,$0.30,$0.29,$247,$439,$70,$1280,$641,$0,$1088,$82,$1811,$3091,$567,$822,$112,$985,$1551,$2,$2019,$81,$1540,$3091,$47,$32,$14,$45,$-59,$-37,$39,$2,$-40,$51,$-14,$0,$10,$0,$0,$0,$-0,$-4,$16,$0,$16,$-32,$-32,$-39,$0,$-55,$-13,$13,$-39
35,2009-12-31,14.83,$10.59,1.4,$18.99,0.78,$7.44,1.99,$0.75,19.77,$1.21B,$0.54B,2.27,$0.79B,$1.58B,0.5,$3.06B,$0.63B,20.59%,$3.06B,$0.25B,8.09%,$3.06B,$0.25B,8.09%,$3.06B,$0.38B,12.44%,$3.06B,$0.20B,6.51%,$3.06B,$0.11B,3.63%,$0.11B,$1.58B,6.84%,$0.11B,$0.48B,20.67%,$0.11B,$3.06B,3.63%,$0.25B,$2.37B,10.27%,$770,$600,$170,$0,$87,$692,$78,$-9,$69,$26,$43,$43,$35,$114,$78,$159,160,$0.22,$0.22,$261,$409,$75,$1214,$669,$0,$1099,$80,$1848,$3061,$535,$789,$112,$951,$1486,$2,$2013,$105,$1576,$3061,$115,$133,$128,$261,$106,$88,$18,$1,$186,$565,$-69,$0,$-3,$-1,$0,$-1,$1,$-73,$-64,$0,$-64,$-188,$-188,$-157,$1,$-409,$96,$38,$-157
36,2009-09-30,13.92,$10.71,1.3,$19.42,0.72,$8.65,1.61,$0.41,33.96,$1.25B,$0.54B,2.32,$0.77B,$1.63B,0.47,$3.17B,$0.57B,17.99%,$3.17B,$0.17B,5.27%,$3.17B,$0.17B,5.27%,$3.17B,$0.33B,10.26%,$3.17B,$0.11B,3.31%,$3.17B,$0.06B,1.83%,$0.06B,$1.63B,3.52%,$0.06B,$0.54B,10.22%,$0.06B,$3.10B,1.88%,$0.17B,$2.40B,6.83%,$810,$623,$187,$0,$85,$713,$97,$-10,$87,$31,$56,$56,$54,$130,$97,$160,161,$0.34,$0.34,$222,$397,$83,$1251,$664,$0,$1094,$86,$1845,$3095,$539,$772,$110,$927,$1467,$2,$2018,$84,$1629,$3095,$78,$97,$99,$196,$26,$100,$30,$6,$157,$430,$-65,$0,$6,$0,$0,$0,$2,$-57,$-102,$0,$-102,$-105,$-105,$-118,$-1,$-325,$57,$30,$-118
37,2009-06-30,10.78,$10.67,1.01,$21.19,0.51,$9.37,1.15,$0.27,39.93,$1.22B,$0.50B,2.43,$0.77B,$1.67B,0.46,$3.49B,$0.59B,16.91%,$3.49B,$0.17B,4.73%,$3.49B,$0.17B,4.73%,$3.49B,$0.33B,9.31%,$3.49B,$0.11B,3.01%,$3.49B,$0.04B,1.06%,$0.04B,$1.67B,2.16%,$0.04B,$0.58B,5.94%,$0.04B,$3.07B,1.14%,$0.17B,$2.44B,6.42%,$757,$610,$147,$0,$89,$705,$53,$-20,$33,$14,$19,$19,$19,$86,$53,$162,162,$0.12,$0.12,$222,$411,$94,$1220,$686,$0,$1087,$77,$1849,$3069,$502,$773,$102,$901,$1404,$2,$2004,$62,$1666,$3069,$22,$65,$62,$127,$60,$86,$8,$3,$140,$288,$-52,$0,$6,$0,$0,$0,$3,$-43,$-93,$0,$-93,$-26,$-26,$-78,$0,$-197,$58,$22,$-78
38,2009-03-31,9.05,$10.34,0.88,$22.71,0.4,$8.36,1.08,$0.42,21.55,$1.20B,$0.49B,2.46,$0.79B,$1.62B,0.49,$3.80B,$0.64B,16.83%,$3.80B,$0.20B,5.14%,$3.80B,$0.20B,5.14%,$3.80B,$0.36B,9.43%,$3.80B,$0.14B,3.77%,$3.80B,$0.06B,1.69%,$0.06B,$1.62B,3.52%,$0.06B,$0.56B,9.05%,$0.06B,$3.02B,1.81%,$0.20B,$2.41B,7.00%,$718,$593,$125,$0,$102,$699,$19,$-9,$10,$7,$3,$3,$3,$50,$19,$161,161,$0.02,$0.02,$160,$453,$98,$1203,$671,$0,$1063,$83,$1817,$3021,$489,$793,$98,$911,$1400,$2,$2025,$-3,$1621,$3021,$3,$31,$27,$59,$47,$40,$-14,$1,$52,$115,$-19,$0,$-0,$0,$0,$0,$4,$-15,$-52,$0,$-52,$-14,$-14,$-39,$1,$-104,$-5,$11,$-39
39,2008-12-31,10.35,$10.72,0.97,$24.03,0.43,$7.96,1.3,$0.61,16.97,$1.31B,$0.52B,2.49,$0.85B,$1.67B,0.51,$4.08B,$0.69B,16.95%,$4.08B,$0.24B,5.96%,$4.08B,$0.24B,5.96%,$4.08B,$0.41B,10.06%,$4.08B,$0.19B,4.71%,$4.08B,$0.10B,2.55%,$0.10B,$1.67B,5.38%,$0.10B,$0.60B,12.98%,$0.10B,$3.16B,2.73%,$0.24B,$2.52B,8.16%,$883,$772,$111,$0,$106,$884,$-2,$-23,$-25,$-17,$-8,$-8,$-18,$59,$-2,$168,168,$-0.10,$-0.10,$165,$495,$97,$1307,$681,$0,$1073,$101,$1855,$3162,$524,$851,$98,$967,$1491,$2,$2062,$11,$1671,$3162,$109,$166,$139,$305,$37,$50,$-47,$10,$33,$436,$289,$0,$-10,$0,$0,$0,$-16,$263,$-276,$0,$-276,$-291,$-291,$-165,$-2,$-734,$-41,$42,$-165
40,2008-09-30,14.6,$12.16,1.2,$24.56,0.59,$6.85,2.13,$-0.49,0.0,$1.72B,$0.69B,2.5,$1.00B,$1.90B,0.53,$4.23B,$0.76B,17.88%,$4.23B,$0.31B,7.21%,$4.23B,$0.31B,7.21%,$4.23B,$0.70B,16.58%,$4.23B,$0.12B,2.76%,$4.23B,$-0.09B,-2.15%,$-0.09B,$1.90B,-4.44%,$-0.09B,$0.76B,-10.18%,$-0.09B,$3.73B,-2.26%,$0.31B,$2.90B,9.74%,$1132,$925,$207,$0,$106,$1037,$95,$-9,$87,$37,$50,$50,$33,$130,$95,$166,166,$0.20,$0.20,$211,$645,$137,$1715,$722,$0,$1143,$150,$2016,$3731,$686,$998,$108,$1145,$1831,$2,$2120,$184,$1900,$3731,$126,$106,$135,$241,$-103,$-68,$27,$5,$-160,$203,$295,$0,$-9,$0,$0,$0,$-18,$268,$-87,$0,$-87,$-252,$-252,$-128,$1,$-465,$6,$34,$-128
41,2008-06-30,11.11,$12.94,0.86,$23.90,0.47,$6.29,1.77,$-0.32,0.0,$1.97B,$0.75B,2.64,$1.23B,$2.08B,0.59,$4.19B,$0.77B,18.27%,$4.19B,$0.31B,7.49%,$4.19B,$0.31B,7.49%,$4.19B,$0.72B,17.20%,$4.19B,$0.12B,2.93%,$4.19B,$-0.06B,-1.38%,$-0.06B,$2.08B,-2.68%,$-0.06B,$0.92B,-6.19%,$-0.06B,$4.22B,-1.39%,$0.31B,$3.31B,9.63%,$1063,$867,$196,$0,$108,$981,$83,$-11,$71,$26,$45,$45,$46,$119,$83,$171,172,$0.27,$0.27,$203,$669,$410,$1966,$740,$0,$1162,$351,$2253,$4219,$745,$1228,$109,$1393,$2138,$2,$2128,$211,$2081,$4219,$93,$71,$61,$132,$-65,$-81,$43,$4,$-95,$127,$-49,$0,$-1,$0,$0,$0,$-8,$-58,$122,$0,$122,$-111,$-111,$-86,$1,$-74,$-2,$24,$-86
42,2008-03-31,9.97,$12.55,0.79,$23.56,0.42,$7.33,1.36,$-0.26,0.0,$1.87B,$0.77B,2.42,$1.10B,$2.09B,0.53,$4.20B,$0.78B,18.50%,$4.20B,$0.32B,7.57%,$4.20B,$0.32B,7.57%,$4.20B,$0.74B,17.52%,$4.20B,$0.13B,3.00%,$4.20B,$-0.04B,-1.05%,$-0.04B,$2.09B,-1.96%,$-0.04B,$0.93B,-4.62%,$-0.04B,$4.10B,-1.04%,$0.32B,$3.18B,9.65%,$998,$821,$177,$0,$104,$931,$67,$-8,$59,$19,$40,$40,$43,$102,$67,$173,173,$0.25,$0.25,$188,$599,$417,$1871,$736,$0,$1155,$341,$2232,$4103,$773,$1096,$103,$1243,$2016,$2,$2124,$183,$2087,$4103,$45,$35,$22,$57,$-65,$-14,$16,$10,$-48,$53,$-20,$0,$-1,$0,$0,$0,$-2,$-23,$56,$0,$56,$-62,$-62,$-43,$1,$-48,$-17,$13,$-43
43,2007-12-31,11.21,$12.64,0.89,$23.50,0.48,$8.18,1.37,$-0.10,0.0,$1.83B,$0.80B,2.29,$1.00B,$2.13B,0.47,$4.25B,$0.80B,18.75%,$4.25B,$0.34B,8.05%,$4.25B,$0.34B,8.05%,$4.25B,$0.77B,18.09%,$4.25B,$0.15B,3.46%,$4.25B,$-0.01B,-0.26%,$-0.01B,$2.13B,-0.48%,$-0.01B,$0.97B,-1.14%,$-0.01B,$4.07B,-0.26%,$0.34B,$3.13B,10.12%,$1040,$863,$177,$0,$110,$980,$60,$-160,$-100,$12,$-112,$-112,$-213,$351,$60,$179,180,$-1.17,$-1.17,$205,$599,$390,$1834,$727,$0,$1164,$348,$2238,$4073,$800,$1001,$97,$1140,$1940,$2,$2122,$194,$2133,$4073,$-6,$426,$32,$459,$90,$66,$13,$11,$173,$614,$-37,$0,$-111,$0,$0,$0,$-10,$-158,$-34,$0,$-34,$-230,$-230,$-125,$-3,$-392,$74,$49,$-125
44,2007-09-30,12.16,$13.80,0.88,$18.90,0.64,$6.81,1.79,$1.49,8.16,$1.89B,$0.76B,2.5,$1.07B,$2.35B,0.46,$3.43B,$0.69B,20.20%,$3.43B,$0.31B,8.95%,$3.43B,$0.31B,8.95%,$3.43B,$0.49B,14.16%,$3.43B,$0.27B,7.90%,$3.43B,$0.27B,7.93%,$0.27B,$2.35B,11.49%,$0.27B,$0.93B,27.87%,$0.27B,$4.34B,6.25%,$0.31B,$3.42B,8.91%,$1092,$877,$216,$0,$106,$988,$104,$-12,$93,$29,$64,$64,$66,$149,$104,$177,177,$0.37,$0.37,$188,$754,$85,$1885,$965,$0,$1417,$76,$2457,$4342,$756,$1068,$116,$1240,$1995,$2,$2378,$134,$2347,$4342,$201,$135,$2,$137,$-9,$64,$12,$2,$87,$436,$-3,$0,$-86,$0,$0,$0,$-10,$-99,$15,$0,$15,$-208,$-208,$-94,$2,$-285,$56,$37,$-94
45,2007-06-30,13.87,$13.86,1.0,$20.08,0.69,$5.50,2.52,$1.57,8.83,$1.93B,$0.76B,2.53,$1.06B,$2.39B,0.44,$3.71B,$0.73B,19.67%,$3.71B,$0.34B,9.06%,$3.71B,$0.34B,9.06%,$3.71B,$0.51B,13.87%,$3.71B,$0.30B,8.07%,$3.71B,$0.29B,7.82%,$0.29B,$2.39B,12.25%,$0.29B,$0.98B,28.95%,$0.29B,$4.38B,6.67%,$0.34B,$3.44B,9.76%,$1071,$864,$207,$0,$113,$983,$87,$-13,$74,$18,$56,$56,$60,$134,$87,$182,183,$0.33,$0.33,$168,$812,$97,$1925,$963,$0,$1412,$79,$2454,$4378,$760,$1055,$113,$1229,$1989,$2,$2343,$116,$2390,$4378,$136,$90,$-12,$78,$-2,$11,$17,$-9,$26,$241,$31,$0,$-84,$0,$0,$0,$-7,$-60,$-3,$0,$-3,$-85,$-85,$-62,$1,$-148,$36,$25,$-62
46,2007-03-31,14.15,$13.44,1.05,$21.44,0.66,$4.81,2.94,$1.69,8.37,$1.98B,$0.74B,2.68,$1.14B,$2.38B,0.48,$3.99B,$0.77B,19.31%,$3.99B,$0.38B,9.39%,$3.99B,$0.38B,9.39%,$3.99B,$0.55B,13.78%,$3.99B,$0.33B,8.32%,$3.99B,$0.31B,7.87%,$0.31B,$2.38B,13.35%,$0.31B,$0.98B,31.09%,$0.31B,$4.43B,7.26%,$0.38B,$3.52B,10.96%,$1048,$851,$197,$0,$100,$956,$91,$-11,$80,$24,$56,$56,$76,$135,$91,$183,184,$0.41,$0.41,$235,$808,$88,$1981,$965,$0,$1404,$84,$2453,$4434,$739,$1139,$110,$1315,$2054,$2,$2316,$79,$2381,$4434,$76,$44,$-12,$31,$-11,$10,$18,$-4,$44,$149,$43,$0,$-83,$0,$0,$0,$-4,$-44,$64,$0,$64,$-36,$-36,$-31,$1,$-2,$103,$14,$-31
47,2006-12-31,14.81,$13.21,1.12,$22.77,0.65,$4.40,3.37,$1.61,9.2,$1.89B,$0.69B,2.74,$1.06B,$2.35B,0.45,$4.27B,$0.80B,18.81%,$4.27B,$0.39B,9.18%,$4.27B,$0.39B,9.18%,$4.27B,$0.57B,13.26%,$4.27B,$0.34B,7.87%,$4.27B,$0.30B,7.03%,$0.30B,$2.35B,12.90%,$0.30B,$1.02B,29.25%,$0.30B,$4.27B,7.06%,$0.39B,$3.41B,11.73%,$220,$147,$73,$0,$32,$195,$25,$-1,$24,$7,$17,$17,$70,$68,$25,$186,187,$0.38,$0.38,$132,$826,$82,$1894,$963,$0,$1332,$76,$2371,$4265,$691,$1060,$96,$1223,$1914,$2,$2271,$76,$2351,$4265,$300,$175,$59,$234,$11,$-61,$-5,$-3,$-64,$479,$-135,$0,$-83,$0,$0,$0,$-14,$-232,$73,$0,$73,$-140,$-140,$-121,$2,$-186,$67,$49,$-121
