,Date,Stock Price,Book Value per Share,Price to Book Ratio,TTM Sales per Share,Price to Sales Ratio,TTM FCF per Share,Price to FCF Ratio,TTM Net EPS,PE Ratio,Current Assets,Current Liabilities,Current Ratio,Long Term Debt,Shareholder's Equity_x,Debt to Equity Ratio,TTM Revenue_x,TTM Gross Profit,Gross Margin,TTM Revenue_y,TTM Operating Income,Operating Margin,TTM Revenue_x,TTM EBIT,EBIT Margin,TTM Revenue_y,TTM EBITDA,EBITDA Margin,TTM Revenue_x,TTM Pre-Tax Income,Pre-Tax Margin,TTM Revenue_y,TTM Net Income_x,Net Margin,TTM Net Income_y,Shareholder's Equity_y,Return on Equity,TTM Net Income_x,Tangible Equity,Return on Tangible Equity,TTM Net Income_y,Total Assets,Return on Assets,TTM Net Income,LT Investments & Debt,Return on Investment,revenue,cost-goods-sold,gross-profit,research-development-expenses,selling-general-administrative-expenses,operating-expenses,operating-income,total-non-operating-income-expense,pre-tax-income,total-provision-income-taxes,income-after-taxes,income-from-continuous-operations,net-income,ebitda,ebit,basic-shares-outstanding,shares-outstanding,eps-basic-net-earnings-per-share,eps-earnings-per-share-diluted,cash-on-hand,inventory,other-current-assets,total-current-assets,net-property-plant-equipment,long-term-investments,goodwill-intangible-assets-total,other-long-term-assets,total-long-term-assets,total-assets,total-current-liabilities,long-term-debt,other-non-current-liabilities,total-long-term-liabilities,total-liabilities,common-stock-net,retained-earnings-accumulated-deficit,comprehensive-income,total-share-holder-equity,total-liabilities-share-holders-equity,net-income-loss,total-depreciation-amortization-cash-flow,other-non-cash-items,total-non-cash-items,change-in-accounts-receivable,change-in-inventories,change-in-accounts-payable,change-in-assets-liabilities,total-change-in-assets-liabilities,cash-flow-from-operating-activities,net-change-in-property-plant-equipment,net-change-in-intangible-assets,net-acquisitions-divestitures,net-change-in-short-term-investments,net-change-in-long-term-investments,net-change-in-investments-total,investing-activities-other,cash-flow-from-investing-activities,net-long-term-debt,net-current-debt,debt-issuance-retirement-net-total,net-common-equity-issued-repurchased,net-total-equity-issued-repurchased,total-common-preferred-stock-dividends-paid,financial-activities-other,cash-flow-from-financial-activities,net-cash-flow,stock-based-compensation,common-stock-dividends-paid
0,2018-08-31,51.67,$42.74,1.21,$61.72,0.84,$5.96,8.67,$4.13,12.51,$18.63B,$1.48B,12.62,$9.41B,$14.12B,0.67,$17.90B,$1.98B,11.06%,$17.90B,$1.51B,8.41%,$17.90B,$1.51B,8.41%,$17.90B,$1.58B,8.81%,$17.90B,$1.69B,9.43%,$17.90B,$1.20B,6.70%,$1.20B,$14.12B,9.79%,$1.20B,$10.66B,12.46%,$1.20B,$28.29B,4.64%,$1.51B,$23.52B,7.07%,$5673,$4993,$679,$0,$96,$5102,$571,$-5,$566,$98,$468,$468,$449,$590,$571,$327,327,$1.37,$1.37,$893,$17569,$0,$18632,$0,$1503,$3458,$4643,$9657,$28289,$1477,$9408,$3289,$12697,$14173,$33,$5705,$-1,$14116,$28289,$919,$49,$218,$267,$-13,$-725,$0,$-41,$-438,$749,$-30,$0,$-1103,$0,$-141,$-141,$241,$-1033,$-1223,$127,$-1096,$-46,$-46,$-36,$-139,$-1318,$-1602,$56,$-36
1,2018-05-31,51.7,$41.58,1.24,$58.12,0.89,$5.17,10.0,$3.82,13.53,$18.59B,$1.58B,11.81,$9.99B,$13.70B,0.73,$15.49B,$1.75B,11.29%,$15.49B,$1.31B,8.45%,$15.49B,$1.31B,8.45%,$15.49B,$1.38B,8.92%,$15.49B,$1.49B,9.62%,$15.49B,$1.00B,6.44%,$1.00B,$13.70B,9.38%,$1.00B,$10.25B,11.28%,$1.00B,$28.35B,4.34%,$1.31B,$23.68B,7.00%,$5459,$4969,$490,$0,$85,$5078,$381,$9,$391,$76,$315,$315,$308,$391,$381,$325,327,$0.95,$0.94,$1005,$17395,$0,$18594,$0,$1467,$3452,$4777,$9757,$28351,$1575,$9986,$3092,$13078,$14652,$33,$5265,$-0,$13699,$28351,$452,$29,$-44,$-15,$44,$-409,$0,$-149,$-402,$34,$-14,$0,$-1103,$0,$-57,$-57,$209,$-965,$-379,$-40,$-418,$-25,$-25,$-23,$-99,$-566,$-1497,$34,$-23
2,2018-02-28,56.5,$40.45,1.4,$55.19,1.02,$4.47,12.64,$3.79,14.91,$18.53B,$1.13B,16.4,$10.38B,$13.17B,0.79,$13.29B,$1.66B,12.48%,$13.29B,$1.26B,9.49%,$13.29B,$1.26B,9.49%,$13.29B,$1.34B,10.11%,$13.29B,$1.41B,10.60%,$13.29B,$0.90B,6.78%,$0.90B,$13.17B,9.94%,$0.90B,$9.74B,11.12%,$0.90B,$27.94B,4.48%,$1.26B,$23.56B,7.84%,$2981,$2698,$283,$0,$68,$2870,$111,$159,$269,$133,$137,$137,$135,$130,$111,$254,254,$0.53,$0.53,$757,$17581,$0,$18532,$0,$991,$3433,$4988,$9412,$27944,$1130,$10383,$3258,$13640,$14770,$33,$4968,$0,$13174,$27944,$137,$20,$-91,$-71,$-22,$-549,$0,$409,$-208,$-143,$-23,$0,$-1102,$0,$73,$73,$24,$-1028,$-116,$-267,$-383,$-25,$-25,$-10,$-32,$-450,$-1621,$18,$-10
3,2017-11-30,62.65,$33.28,1.88,$53.34,1.17,$5.45,11.5,$3.42,18.32,$13.56B,$1.61B,8.42,$6.41B,$7.99B,0.8,$12.65B,$1.63B,12.85%,$12.65B,$1.34B,10.58%,$12.65B,$1.34B,10.58%,$12.65B,$1.42B,11.21%,$12.65B,$1.19B,9.41%,$12.65B,$0.80B,6.36%,$0.80B,$7.99B,10.60%,$0.80B,$7.85B,10.80%,$0.80B,$18.75B,4.68%,$1.34B,$14.40B,9.94%,$3786,$3258,$528,$0,$86,$3343,$442,$20,$462,$164,$298,$298,$307,$466,$442,$237,237,$1.29,$1.29,$2556,$10861,$0,$13555,$0,$1346,$137,$3622,$5190,$18745,$1611,$6410,$2738,$9148,$10759,$24,$4841,$1,$7986,$18745,$772,$78,$335,$412,$253,$-661,$0,$-136,$-187,$997,$35,$0,$-611,$-18,$-24,$-42,$-251,$-870,$1158,$0,$1158,$-26,$-26,$-38,$100,$1194,$1321,$61,$-38
4,2017-08-31,51.62,$32.56,1.59,$51.73,1.0,$3.45,14.96,$3.47,14.87,$11.82B,$1.52B,7.76,$5.52B,$7.66B,0.72,$12.24B,$1.60B,13.09%,$12.24B,$1.33B,10.89%,$12.24B,$1.33B,10.89%,$12.24B,$1.41B,11.48%,$12.24B,$1.19B,9.72%,$12.24B,$0.81B,6.59%,$0.81B,$7.66B,10.92%,$0.81B,$7.52B,11.08%,$0.81B,$16.94B,4.94%,$1.33B,$13.18B,10.41%,$3261,$2814,$448,$0,$73,$2886,$375,$-7,$368,$125,$244,$244,$247,$395,$375,$237,237,$1.04,$1.04,$759,$10922,$0,$11820,$0,$1409,$140,$3446,$5119,$16939,$1524,$5524,$2232,$7756,$9280,$24,$4779,$1,$7659,$16939,$474,$54,$153,$207,$325,$-903,$0,$81,$-353,$328,$6,$0,$-611,$0,$-473,$-473,$121,$-958,$593,$-334,$259,$-26,$-26,$-28,$-66,$138,$-492,$43,$-28
5,2017-05-31,51.13,$31.72,1.61,$50.21,1.02,$2.16,23.7,$3.42,14.95,$11.88B,$1.41B,8.43,$5.77B,$7.44B,0.78,$11.81B,$1.54B,13.03%,$11.81B,$1.28B,10.86%,$11.81B,$1.28B,10.86%,$11.81B,$1.35B,11.44%,$11.81B,$1.16B,9.83%,$11.81B,$0.79B,6.72%,$0.79B,$7.44B,11.08%,$0.79B,$7.30B,11.19%,$0.79B,$16.76B,5.01%,$1.28B,$13.21B,10.32%,$3262,$2862,$400,$0,$67,$2929,$333,$-24,$310,$109,$201,$201,$212,$353,$333,$237,237,$0.89,$0.89,$880,$10433,$0,$11876,$0,$1352,$137,$3229,$4878,$16755,$1408,$5768,$2142,$7909,$9317,$24,$4539,$1,$7437,$16755,$230,$34,$129,$164,$17,$-655,$0,$141,$-554,$-160,$8,$0,$-611,$0,$-372,$-372,$101,$-874,$1274,$-509,$766,$1,$1,$-19,$-60,$688,$-346,$25,$-19
6,2017-02-28,48.58,$30.95,1.57,$48.38,1.0,$2.05,23.68,$3.46,14.04,$11.69B,$1.25B,9.33,$5.78B,$7.26B,0.8,$11.29B,$1.52B,13.43%,$11.29B,$1.27B,11.25%,$11.29B,$1.27B,11.25%,$11.29B,$1.34B,11.83%,$11.29B,$1.18B,10.44%,$11.29B,$0.80B,7.07%,$0.80B,$7.26B,11.57%,$0.80B,$7.11B,11.63%,$0.80B,$16.23B,5.20%,$1.27B,$13.03B,10.55%,$2337,$2089,$249,$0,$61,$2149,$188,$-139,$50,$20,$30,$30,$38,$203,$188,$237,237,$0.16,$0.16,$822,$10469,$0,$11687,$0,$1257,$143,$2933,$4543,$16230,$1253,$5778,$1943,$7721,$8974,$24,$4335,$1,$7256,$16230,$30,$15,$20,$35,$265,$-602,$0,$363,$15,$79,$-2,$0,$-596,$0,$-210,$-210,$42,$-766,$588,$-258,$330,$0,$0,$-9,$-35,$286,$-400,$13,$-9
7,2016-11-30,42.32,$30.76,1.38,$47.22,0.9,$0.79,53.71,$3.93,10.77,$10.82B,$1.21B,8.93,$4.58B,$7.21B,0.64,$10.95B,$1.50B,13.65%,$10.95B,$1.26B,11.52%,$10.95B,$1.26B,11.52%,$10.95B,$1.33B,12.12%,$10.95B,$1.33B,12.15%,$10.95B,$0.90B,8.25%,$0.90B,$7.21B,13.67%,$0.90B,$7.21B,13.67%,$0.90B,$15.36B,6.08%,$1.26B,$11.79B,10.84%,$3377,$2872,$505,$0,$68,$2940,$437,$25,$461,$151,$310,$310,$310,$454,$437,$223,235,$1.32,$1.27,$1215,$9179,$0,$10817,$0,$1129,$0,$3172,$4545,$15362,$1211,$4576,$2363,$6939,$8150,$24,$4306,$-0,$7212,$15362,$913,$65,$215,$280,$-261,$-504,$0,$58,$-685,$508,$47,$0,$-1,$0,$212,$212,$-344,$-86,$144,$0,$144,$-0,$-0,$-35,$-359,$-251,$171,$56,$-35
8,2016-08-31,47.01,$29.69,1.58,$45.39,1.04,$-2.77,0.0,$3.80,12.37,$10.59B,$1.14B,9.26,$4.92B,$6.76B,0.73,$10.52B,$1.44B,13.64%,$10.52B,$1.20B,11.44%,$10.52B,$1.20B,11.44%,$10.52B,$1.27B,12.07%,$10.52B,$1.30B,12.39%,$10.52B,$0.87B,8.29%,$0.87B,$6.76B,13.86%,$0.87B,$6.76B,13.86%,$0.87B,$15.00B,5.97%,$1.20B,$11.68B,10.52%,$2834,$2449,$385,$0,$61,$2510,$324,$15,$340,$106,$233,$233,$234,$341,$324,$224,232,$1.04,$1.01,$713,$9656,$0,$10593,$0,$1099,$0,$3024,$4405,$14999,$1144,$4921,$2171,$7092,$8236,$23,$4002,$1,$6763,$14999,$603,$48,$114,$162,$40,$-892,$0,$109,$-768,$-3,$29,$0,$-1,$0,$-33,$-33,$-112,$-117,$145,$-12,$133,$-0,$-0,$-26,$-329,$-223,$-342,$35,$-26
9,2016-05-31,45.25,$29.03,1.56,$43.97,1.03,$-7.16,0.0,$3.75,12.07,$10.58B,$1.11B,9.52,$5.32B,$6.36B,0.84,$10.18B,$1.40B,13.75%,$10.18B,$1.17B,11.52%,$10.18B,$1.17B,11.52%,$10.18B,$1.24B,12.16%,$10.18B,$1.28B,12.62%,$10.18B,$0.86B,8.44%,$0.86B,$6.36B,14.27%,$0.86B,$6.36B,14.27%,$0.86B,$14.85B,5.96%,$1.17B,$11.68B,10.41%,$2746,$2368,$378,$0,$56,$2423,$322,$5,$328,$104,$224,$224,$216,$338,$322,$214,230,$1.01,$0.95,$719,$9650,$0,$10578,$0,$1085,$0,$2880,$4270,$14848,$1111,$5316,$2058,$7374,$8485,$22,$3775,$1,$6363,$14848,$369,$31,$75,$106,$236,$-869,$0,$80,$-651,$-175,$4,$0,$-1,$0,$-243,$-243,$90,$-150,$408,$-105,$303,$-0,$-0,$-17,$-304,$-18,$-343,$22,$-17
10,2016-02-29,41.61,$28.38,1.47,$42.38,0.98,$-10.62,0.0,$3.59,11.59,$10.23B,$1.07B,9.55,$5.33B,$6.09B,0.88,$9.83B,$1.34B,13.67%,$9.83B,$1.12B,11.41%,$9.83B,$1.12B,11.41%,$9.83B,$1.19B,12.07%,$9.83B,$1.24B,12.58%,$9.83B,$0.82B,8.39%,$0.82B,$6.09B,14.21%,$0.82B,$6.09B,14.21%,$0.82B,$14.20B,5.82%,$1.12B,$11.43B,10.17%,$1994,$1767,$227,$0,$48,$1815,$179,$23,$202,$56,$145,$145,$143,$194,$179,$210,229,$0.68,$0.63,$637,$9368,$0,$10233,$0,$1055,$0,$2582,$3962,$14195,$1072,$5334,$1696,$7030,$8102,$22,$3565,$-0,$6093,$14195,$145,$15,$50,$65,$262,$-677,$0,$238,$-427,$-216,$2,$0,$-1,$0,$-129,$-129,$61,$-67,$-53,$105,$52,$-0,$-0,$-9,$-198,$-156,$-438,$11,$-9
11,2015-11-30,50.76,$28.18,1.8,$40.81,1.24,$-12.86,0.0,$3.46,14.67,$10.21B,$1.30B,7.86,$5.03B,$5.95B,0.85,$9.48B,$1.30B,13.75%,$9.48B,$1.09B,11.45%,$9.48B,$1.09B,11.45%,$9.48B,$1.15B,12.13%,$9.48B,$1.21B,12.78%,$9.48B,$0.80B,8.39%,$0.80B,$5.95B,14.19%,$0.80B,$5.95B,14.19%,$0.80B,$14.42B,5.72%,$1.09B,$10.98B,10.06%,$2946,$2500,$445,$0,$66,$2566,$379,$53,$433,$140,$293,$293,$279,$397,$379,$210,235,$1.26,$1.14,$1072,$8741,$0,$10207,$0,$992,$0,$2884,$4212,$14420,$1299,$5025,$2145,$7170,$8469,$21,$3430,$0,$5950,$14420,$819,$64,$11,$75,$-86,$-1127,$0,$-326,$-1314,$-420,$138,$0,$0,$2,$60,$62,$-298,$-98,$798,$0,$798,$-14,$-14,$-33,$-356,$395,$-123,$44,$-33
12,2015-08-31,50.42,$27.01,1.87,$39.62,1.27,$-13.84,0.0,$3.32,15.19,$9.88B,$1.26B,7.86,$5.26B,$5.68B,0.93,$9.11B,$1.28B,14.02%,$9.11B,$1.07B,11.72%,$9.11B,$1.07B,11.72%,$9.11B,$1.13B,12.41%,$9.11B,$1.16B,12.69%,$9.11B,$0.76B,8.32%,$0.76B,$5.68B,13.97%,$0.76B,$5.68B,13.97%,$0.76B,$14.17B,5.60%,$1.07B,$10.94B,10.16%,$2492,$2143,$349,$0,$56,$2199,$292,$28,$321,$96,$225,$225,$221,$309,$292,$206,231,$1.07,$0.96,$734,$8946,$0,$9879,$0,$871,$0,$3038,$4291,$14169,$1256,$5262,$1976,$7238,$8495,$21,$3157,$-0,$5675,$14169,$527,$46,$17,$63,$44,$-1284,$0,$-487,$-1678,$-1088,$101,$0,$0,$0,$-67,$-67,$-50,$-16,$77,$869,$946,$-14,$-14,$-25,$-280,$628,$-477,$32,$-25
13,2015-05-31,46.15,$26.68,1.73,$37.64,1.23,$-13.55,0.0,$3.14,14.7,$9.77B,$1.12B,8.76,$5.29B,$5.48B,0.97,$8.64B,$1.22B,14.07%,$8.64B,$1.02B,11.80%,$8.64B,$1.02B,11.80%,$8.64B,$1.08B,12.52%,$8.64B,$1.10B,12.70%,$8.64B,$0.71B,8.26%,$0.71B,$5.48B,13.53%,$0.71B,$5.48B,13.53%,$0.71B,$13.90B,5.46%,$1.02B,$10.77B,9.98%,$2393,$2071,$322,$0,$50,$2121,$271,$8,$280,$95,$185,$185,$181,$286,$271,$203,231,$0.89,$0.79,$849,$8754,$0,$9773,$0,$902,$0,$2811,$4122,$13895,$1116,$5291,$2013,$7304,$8420,$21,$2942,$0,$5476,$13895,$302,$29,$17,$46,$15,$-1119,$0,$-268,$-1342,$-995,$23,$0,$0,$0,$-74,$-74,$44,$-7,$782,$-50,$732,$8,$8,$-16,$-84,$640,$-362,$21,$-16
14,2015-02-28,49.65,$25.87,1.92,$35.26,1.41,$-12.55,0.0,$2.96,16.77,$9.35B,$1.08B,8.68,$5.13B,$5.31B,0.97,$8.06B,$1.12B,13.91%,$8.06B,$0.94B,11.64%,$8.06B,$0.94B,11.64%,$8.06B,$1.00B,12.39%,$8.06B,$1.02B,12.67%,$8.06B,$0.67B,8.29%,$0.67B,$5.31B,13.04%,$0.67B,$5.31B,13.04%,$0.67B,$13.12B,5.31%,$0.94B,$10.44B,9.46%,$1644,$1457,$187,$0,$44,$1501,$143,$33,$177,$60,$117,$117,$114,$157,$143,$203,230,$0.56,$0.50,$761,$8407,$0,$9354,$0,$885,$0,$2454,$3767,$13121,$1077,$5133,$1601,$6734,$7812,$21,$2767,$0,$5309,$13121,$117,$14,$30,$44,$211,$-721,$0,$-171,$-891,$-730,$-1,$0,$0,$0,$-86,$-86,$19,$-67,$172,$220,$392,$8,$8,$-8,$-58,$334,$-463,$10,$-8
15,2014-11-30,46.67,$25.61,1.82,$34.11,1.37,$-11.12,0.0,$2.81,16.61,$9.37B,$1.08B,8.72,$4.66B,$5.25B,0.89,$7.78B,$1.10B,14.13%,$7.78B,$0.92B,11.85%,$7.78B,$0.92B,11.85%,$7.78B,$0.98B,12.62%,$7.78B,$0.97B,12.47%,$7.78B,$0.63B,8.11%,$0.63B,$5.25B,12.70%,$0.63B,$5.25B,12.70%,$0.63B,$12.92B,5.18%,$0.92B,$9.91B,9.56%,$2584,$2164,$420,$0,$58,$2222,$362,$16,$378,$125,$253,$253,$242,$379,$362,$202,228,$1.20,$1.06,$1246,$7737,$0,$9367,$0,$850,$0,$2260,$3556,$12923,$1075,$4661,$1936,$6597,$7672,$21,$2660,$0,$5251,$12923,$629,$60,$106,$165,$-113,$-1367,$0,$-428,$-1583,$-788,$291,$0,$-5,$0,$303,$303,$-150,$438,$848,$0,$848,$-7,$-7,$-33,$-147,$661,$311,$41,$-33
16,2014-08-31,38.67,$24.55,1.58,$31.27,1.24,$-10.87,0.0,$2.47,15.66,$8.78B,$1.06B,8.31,$4.69B,$5.04B,0.93,$7.11B,$0.99B,13.95%,$7.11B,$0.83B,11.67%,$7.11B,$0.83B,11.67%,$7.11B,$0.89B,12.49%,$7.11B,$0.87B,12.22%,$7.11B,$0.55B,7.75%,$0.55B,$5.04B,11.45%,$0.55B,$5.04B,11.45%,$0.55B,$12.29B,4.68%,$0.83B,$9.73B,8.85%,$2014,$1728,$286,$0,$43,$1771,$243,$19,$262,$89,$173,$173,$176,$259,$243,$202,228,$0.87,$0.78,$797,$7724,$0,$8779,$0,$874,$0,$2108,$3511,$12290,$1057,$4693,$1503,$6195,$7252,$21,$2423,$0,$5038,$12290,$376,$43,$99,$142,$59,$-1462,$0,$-164,$-1416,$-899,$-12,$0,$-5,$0,$54,$54,$206,$242,$586,$65,$651,$1,$1,$-25,$-109,$519,$-137,$29,$-25
17,2014-05-31,40.33,$23.73,1.7,$29.55,1.36,$-11.42,0.0,$2.23,18.09,$8.75B,$1.03B,8.52,$4.68B,$4.89B,0.96,$6.70B,$0.93B,13.94%,$6.70B,$0.78B,11.60%,$6.70B,$0.78B,11.60%,$6.70B,$0.83B,12.43%,$6.70B,$0.80B,11.88%,$6.70B,$0.49B,7.37%,$0.49B,$4.89B,10.74%,$0.49B,$4.89B,10.74%,$0.49B,$12.00B,4.31%,$0.78B,$9.58B,8.50%,$1819,$1591,$228,$0,$38,$1629,$190,$14,$204,$81,$123,$123,$136,$204,$190,$202,228,$0.67,$0.61,$946,$7395,$0,$8753,$0,$848,$0,$1822,$3241,$11995,$1028,$4683,$1392,$6075,$7103,$21,$2253,$0,$4891,$11995,$203,$27,$120,$147,$-63,$-1036,$0,$-38,$-1071,$-722,$-8,$0,$-5,$0,$52,$52,$149,$188,$597,$0,$597,$13,$13,$-16,$-70,$524,$-10,$17,$-16
18,2014-02-28,43.22,$23.00,1.88,$27.87,1.55,$-10.92,0.0,$2.23,19.38,$8.41B,$1.09B,7.69,$4.67B,$4.70B,0.99,$6.31B,$0.90B,14.28%,$6.31B,$0.75B,11.86%,$6.31B,$0.75B,11.86%,$6.31B,$0.80B,12.73%,$6.31B,$0.75B,11.95%,$6.31B,$0.49B,7.83%,$0.49B,$4.70B,11.26%,$0.49B,$4.70B,11.26%,$0.49B,$11.53B,4.46%,$0.75B,$9.37B,8.41%,$1363,$1198,$165,$0,$38,$1236,$127,$-1,$126,$46,$80,$80,$77,$140,$127,$202,228,$0.38,$0.35,$869,$7147,$0,$8412,$0,$855,$0,$1668,$3115,$11527,$1093,$4665,$1067,$5732,$6826,$22,$2124,$0,$4701,$11527,$80,$13,$43,$57,$69,$-494,$0,$-32,$-531,$-395,$-4,$0,$0,$0,$-21,$-21,$100,$75,$257,$0,$257,$12,$12,$-8,$-38,$223,$-96,$9,$-8
19,2013-11-30,35.19,$22.68,1.55,$26.27,1.34,$-10.60,0.0,$2.14,16.44,$7.98B,$1.15B,6.92,$4.19B,$4.63B,0.91,$5.94B,$0.83B,14.02%,$5.94B,$0.69B,11.56%,$5.94B,$0.69B,11.56%,$5.94B,$0.74B,12.47%,$5.94B,$0.68B,11.47%,$5.94B,$0.47B,7.99%,$0.47B,$4.63B,11.21%,$0.47B,$4.63B,11.21%,$0.47B,$11.27B,4.39%,$0.69B,$8.82B,7.89%,$1915,$1602,$313,$0,$43,$1645,$270,$7,$277,$94,$183,$183,$162,$285,$270,$190,226,$0.85,$0.74,$936,$6601,$0,$7979,$0,$872,$0,$1796,$3294,$11273,$1153,$4194,$1298,$5493,$6646,$22,$2054,$0,$4627,$11273,$505,$54,$102,$155,$-63,$-1627,$0,$40,$-1468,$-808,$372,$0,$-6,$-22,$440,$418,$-95,$689,$12,$0,$12,$22,$22,$-31,$-225,$-222,$-340,$34,$-31
20,2013-08-31,31.26,$22.67,1.38,$23.96,1.3,$-9.78,0.0,$1.97,15.87,$7.52B,$1.06B,7.1,$4.63B,$4.17B,1.11,$5.37B,$0.70B,12.98%,$5.37B,$0.56B,10.34%,$5.37B,$0.56B,10.34%,$5.37B,$0.61B,11.30%,$5.37B,$0.51B,9.48%,$5.37B,$0.43B,8.08%,$0.43B,$4.17B,10.66%,$0.43B,$4.17B,10.66%,$0.43B,$11.02B,4.10%,$0.56B,$8.80B,6.54%,$1603,$1375,$228,$0,$38,$1413,$190,$-1,$189,$67,$122,$122,$119,$204,$190,$191,225,$0.62,$0.54,$602,$6529,$0,$7518,$0,$881,$0,$1733,$3498,$11016,$1060,$4625,$1161,$5785,$6845,$21,$1898,$0,$4171,$11016,$322,$39,$35,$74,$32,$-1313,$0,$-269,$-1414,$-1018,$-5,$0,$0,$0,$202,$202,$237,$434,$-139,$170,$31,$34,$34,$-23,$-197,$-155,$-739,$24,$-23
21,2013-05-31,38.6,$20.96,1.84,$21.86,1.77,$-7.49,0.0,$1.83,21.09,$7.13B,$0.76B,9.43,$4.54B,$4.05B,1.12,$4.87B,$0.59B,12.12%,$4.87B,$0.45B,9.33%,$4.87B,$0.45B,9.33%,$4.87B,$0.51B,10.38%,$4.87B,$0.38B,7.79%,$4.87B,$0.40B,8.24%,$0.40B,$4.05B,10.04%,$0.40B,$4.05B,10.04%,$0.40B,$10.49B,3.91%,$0.45B,$8.58B,5.55%,$1427,$1232,$195,$0,$34,$1266,$161,$2,$162,$19,$143,$143,$136,$174,$161,$190,227,$0.71,$0.61,$866,$5831,$0,$7127,$0,$845,$0,$1839,$3367,$10494,$756,$4538,$1155,$5693,$6449,$21,$1785,$0,$4045,$10494,$200,$25,$-9,$16,$22,$-832,$0,$-33,$-825,$-610,$-3,$0,$0,$0,$222,$222,$183,$402,$-41,$0,$-41,$30,$30,$-15,$-184,$-211,$-419,$13,$-15
22,2013-02-28,37.84,$21.16,1.79,$19.83,1.91,$-5.77,0.0,$3.28,11.54,$7.27B,$0.78B,9.29,$4.51B,$4.07B,1.11,$4.37B,$0.49B,11.28%,$4.37B,$0.36B,8.26%,$4.37B,$0.36B,8.26%,$4.37B,$0.41B,9.38%,$4.37B,$0.27B,6.16%,$4.37B,$0.71B,16.27%,$0.71B,$4.07B,18.10%,$0.71B,$4.07B,18.10%,$0.71B,$10.43B,7.13%,$0.36B,$8.58B,4.60%,$990,$894,$96,$0,$31,$925,$65,$-12,$53,$-4,$57,$57,$57,$77,$65,$190,226,$0.30,$0.26,$1190,$5612,$0,$7266,$0,$684,$0,$1756,$3166,$10432,$782,$4506,$1075,$5581,$6363,$21,$1655,$0,$4070,$10432,$57,$12,$-8,$4,$-0,$-347,$0,$6,$-383,$-321,$-1,$0,$0,$0,$219,$219,$42,$260,$-6,$0,$-6,$22,$22,$-8,$-15,$-7,$-69,$6,$-8
23,2012-11-30,37.27,$20.89,1.78,$18.84,1.98,$-4.96,0.0,$3.10,12.02,$7.02B,$1.09B,6.46,$4.01B,$4.00B,1.0,$4.11B,$0.44B,10.82%,$4.11B,$0.32B,7.70%,$4.11B,$0.32B,7.70%,$4.11B,$0.37B,8.92%,$4.11B,$0.22B,5.41%,$4.11B,$0.67B,16.30%,$0.67B,$4.00B,17.89%,$0.67B,$4.00B,17.89%,$0.67B,$10.36B,6.99%,$0.32B,$8.01B,4.27%,$1350,$1172,$178,$0,$39,$1212,$139,$-34,$105,$-19,$124,$124,$122,$152,$139,$187,219,$0.65,$0.57,$1484,$5046,$0,$7020,$0,$670,$0,$1936,$3342,$10362,$1086,$4005,$1270,$5275,$6361,$21,$1605,$0,$4001,$10362,$657,$50,$-380,$-330,$17,$-766,$0,$-31,$-752,$-425,$181,$0,$0,$0,$-97,$-97,$162,$245,$342,$48,$389,$15,$15,$-30,$-48,$326,$147,$32,$-30
24,2012-08-31,31.74,$20.22,1.57,$17.55,1.81,$-5.22,0.0,$2.70,11.75,$6.54B,$1.05B,6.21,$3.67B,$3.86B,0.95,$3.71B,$0.33B,8.87%,$3.71B,$0.21B,5.72%,$3.71B,$0.21B,5.72%,$3.71B,$0.27B,7.17%,$3.71B,$0.13B,3.48%,$3.71B,$0.58B,15.56%,$0.58B,$3.86B,16.18%,$0.58B,$3.86B,16.18%,$0.58B,$9.72B,6.22%,$0.21B,$7.53B,3.00%,$1100,$978,$121,$0,$32,$1011,$89,$-31,$59,$-13,$71,$71,$86,$102,$89,$187,220,$0.46,$0.40,$957,$5036,$0,$6536,$0,$672,$0,$1747,$3183,$9719,$1052,$3672,$1136,$4808,$5860,$20,$1488,$0,$3858,$9719,$534,$36,$-377,$-341,$49,$-675,$0,$-20,$-683,$-491,$-3,$0,$0,$0,$92,$92,$153,$241,$-12,$0,$-12,$16,$16,$-23,$-51,$-69,$-318,$24,$-23
25,2012-05-31,26.67,$19.97,1.34,$16.74,1.59,$-3.58,0.0,$2.41,11.07,$6.33B,$1.07B,5.92,$3.47B,$3.78B,0.92,$3.43B,$0.27B,7.96%,$3.43B,$0.17B,4.84%,$3.43B,$0.17B,4.84%,$3.43B,$0.22B,6.27%,$3.43B,$0.09B,2.74%,$3.43B,$0.51B,14.91%,$0.51B,$3.78B,14.93%,$0.51B,$3.78B,14.93%,$0.51B,$9.35B,5.66%,$0.17B,$7.25B,2.45%,$930,$833,$98,$0,$29,$862,$68,$-16,$52,$-402,$454,$454,$446,$79,$68,$186,218,$2.39,$2.06,$907,$4799,$0,$6330,$0,$717,$0,$1557,$3021,$9351,$1070,$3470,$1032,$4501,$5571,$20,$1409,$0,$3780,$9351,$462,$23,$-397,$-374,$75,$-295,$0,$-15,$-302,$-214,$0,$0,$0,$0,$108,$108,$70,$178,$-279,$0,$-279,$12,$12,$-15,$-17,$-299,$-334,$16,$-15
26,2012-02-29,22.81,$17.57,1.3,$16.39,1.39,$-2.58,0.0,$0.42,54.32,$6.35B,$1.10B,5.78,$3.47B,$3.32B,1.05,$3.26B,$0.22B,6.74%,$3.26B,$0.12B,3.74%,$3.26B,$0.12B,3.74%,$3.26B,$0.17B,5.15%,$3.26B,$0.07B,2.08%,$3.26B,$0.08B,2.42%,$0.08B,$3.32B,2.40%,$0.08B,$3.32B,2.40%,$0.08B,$8.87B,0.89%,$0.12B,$6.80B,1.86%,$725,$678,$47,$0,$27,$705,$20,$-13,$6,$-2,$8,$8,$15,$33,$20,$186,214,$0.08,$0.08,$986,$4668,$0,$6351,$0,$713,$0,$1072,$2517,$8867,$1099,$3473,$972,$4445,$5544,$20,$964,$0,$3323,$8867,$8,$13,$-10,$3,$102,$-141,$0,$-0,$-143,$-132,$1,$0,$0,$0,$116,$116,$40,$157,$-263,$0,$-263,$11,$11,$-8,$-5,$-265,$-241,$8,$-8
27,2011-11-30,17.93,$17.53,1.02,$15.86,1.13,$-1.92,0.0,$0.48,37.36,$6.46B,$1.32B,4.88,$3.36B,$3.30B,1.02,$3.10B,$0.20B,6.40%,$3.10B,$0.10B,3.36%,$3.10B,$0.10B,3.36%,$3.10B,$0.15B,4.68%,$3.10B,$0.10B,3.17%,$3.10B,$0.09B,2.94%,$0.09B,$3.30B,2.78%,$0.09B,$3.30B,2.78%,$0.09B,$9.16B,1.04%,$0.10B,$6.67B,1.61%,$953,$889,$63,$0,$29,$918,$35,$-23,$12,$-14,$25,$25,$30,$52,$35,$185,195,$0.16,$0.16,$1336,$4361,$0,$6464,$0,$670,$0,$1294,$2691,$9155,$1323,$3363,$1165,$4528,$5851,$20,$956,$0,$3304,$9155,$113,$42,$35,$77,$-132,$-100,$0,$-109,$-448,$-259,$-10,$0,$0,$0,$-226,$-226,$99,$-136,$105,$138,$243,$1,$1,$-30,$-50,$165,$-231,$24,$-30
28,2011-08-31,14.28,$17.54,0.81,$15.54,0.92,$0.88,16.18,$0.49,29.14,$6.18B,$1.32B,4.69,$3.13B,$3.28B,0.95,$3.00B,$0.19B,6.20%,$3.00B,$0.10B,3.16%,$3.00B,$0.10B,3.16%,$3.00B,$0.13B,4.20%,$3.00B,$0.13B,4.16%,$3.00B,$0.09B,3.06%,$0.09B,$3.28B,2.84%,$0.09B,$3.28B,2.84%,$0.09B,$8.72B,1.06%,$0.10B,$6.41B,1.49%,$820,$755,$65,$0,$23,$778,$43,$-18,$24,$1,$24,$24,$20,$51,$43,$185,195,$0.11,$0.11,$1068,$4265,$0,$6182,$0,$796,$0,$1079,$2542,$8724,$1318,$3128,$998,$4126,$5444,$20,$934,$0,$3280,$8724,$87,$25,$15,$40,$11,$-75,$0,$-104,$-243,$-116,$-3,$0,$0,$0,$-221,$-221,$63,$-162,$-138,$0,$-138,$6,$6,$-22,$-35,$-190,$-467,$16,$-22
29,2011-05-31,18.4,$17.43,1.06,$15.60,1.18,$2.47,7.45,$0.54,34.07,$6.49B,$1.30B,5.01,$3.10B,$3.26B,0.95,$3.01B,$0.19B,6.45%,$3.01B,$0.10B,3.36%,$3.01B,$0.10B,3.36%,$3.01B,$0.13B,4.32%,$3.01B,$0.14B,4.66%,$3.01B,$0.10B,3.39%,$0.10B,$3.26B,3.20%,$0.10B,$3.26B,3.20%,$0.10B,$8.70B,1.19%,$0.10B,$6.36B,1.62%,$764,$720,$45,$0,$21,$741,$24,$2,$26,$1,$25,$25,$14,$32,$24,$185,195,$0.07,$0.07,$1183,$4302,$0,$6490,$0,$769,$0,$910,$2209,$8699,$1295,$3104,$1040,$4145,$5440,$20,$920,$0,$3259,$8699,$64,$16,$1,$17,$20,$24,$0,$-38,$-76,$5,$-1,$0,$0,$0,$-138,$-138,$44,$-96,$-144,$0,$-144,$5,$5,$-15,$-18,$-172,$-263,$12,$-15
30,2011-02-28,19.5,$17.29,1.13,$16.06,1.21,$3.92,4.98,$0.68,28.68,$6.61B,$1.28B,5.15,$3.13B,$3.23B,0.97,$3.06B,$0.23B,7.39%,$3.06B,$0.13B,4.32%,$3.06B,$0.13B,4.32%,$3.06B,$0.16B,5.14%,$3.06B,$0.15B,4.91%,$3.06B,$0.13B,4.19%,$0.13B,$3.23B,4.09%,$0.13B,$3.23B,4.09%,$0.13B,$8.58B,1.51%,$0.13B,$6.36B,2.15%,$558,$533,$25,$0,$23,$556,$2,$34,$36,$-2,$39,$39,$27,$10,$2,$184,195,$0.15,$0.14,$1230,$4297,$0,$6614,$0,$743,$0,$777,$1967,$8580,$1284,$3129,$935,$4064,$5347,$20,$914,$0,$3233,$8580,$39,$8,$-4,$4,$44,$29,$0,$-11,$-33,$10,$0,$0,$0,$0,$-57,$-57,$55,$-2,$-177,$0,$-177,$5,$5,$-7,$-15,$-195,$-188,$7,$-7
31,2010-11-30,14.66,$17.12,0.86,$16.34,0.9,$4.35,3.37,$0.50,29.33,$6.86B,$1.32B,5.19,$3.13B,$3.19B,0.98,$3.07B,$0.22B,7.09%,$3.07B,$0.12B,4.04%,$3.07B,$0.12B,4.04%,$3.07B,$0.14B,4.69%,$3.07B,$0.10B,3.09%,$3.07B,$0.09B,3.06%,$0.09B,$3.19B,3.06%,$0.09B,$3.19B,3.06%,$0.09B,$8.79B,1.13%,$0.12B,$6.32B,2.08%,$860,$809,$51,$0,$25,$834,$26,$13,$39,$-4,$43,$43,$31,$33,$26,$183,189,$0.18,$0.18,$1393,$4170,$0,$6864,$0,$711,$0,$955,$1924,$8788,$1323,$3128,$1142,$4271,$5593,$20,$894,$0,$3194,$8788,$120,$20,$60,$80,$340,$-179,$0,$33,$74,$274,$-5,$0,$0,$0,$-701,$-701,$33,$-673,$359,$54,$413,$0,$0,$-30,$-48,$336,$-63,$28,$-30
32,2010-08-31,12.66,$16.59,0.76,$17.14,0.74,$5.39,2.35,$0.52,24.35,$6.60B,$1.23B,5.36,$2.84B,$3.07B,0.93,$3.13B,$-0.03B,-0.96%,$3.13B,$-0.13B,-4.22%,$3.13B,$-0.13B,-4.22%,$3.13B,$-0.11B,-3.61%,$3.13B,$-0.25B,-7.90%,$3.13B,$0.10B,3.17%,$0.10B,$3.07B,3.40%,$0.10B,$3.07B,3.40%,$0.10B,$8.28B,1.24%,$-0.13B,$5.91B,-2.31%,$825,$752,$73,$0,$24,$776,$49,$-10,$39,$1,$39,$39,$30,$55,$49,$183,193,$0.16,$0.16,$1122,$4274,$0,$6603,$0,$744,$0,$875,$1677,$8280,$1232,$2843,$1136,$3979,$5211,$20,$869,$0,$3068,$8280,$78,$13,$47,$60,$348,$-239,$0,$19,$51,$189,$-1,$0,$0,$0,$-465,$-465,$-92,$-557,$7,$0,$7,$-0,$-0,$-22,$-36,$-52,$-420,$17,$-22
33,2010-05-31,16.61,$16.38,1.01,$16.95,0.98,$6.60,2.52,$-0.61,0.0,$6.75B,$1.21B,5.59,$2.89B,$3.03B,0.95,$3.02B,$-0.15B,-5.06%,$3.02B,$-0.26B,-8.57%,$3.02B,$-0.26B,-8.57%,$3.02B,$-0.24B,-7.97%,$3.02B,$-0.46B,-15.15%,$3.02B,$-0.10B,-3.41%,$-0.10B,$3.03B,-3.75%,$-0.10B,$3.03B,-3.75%,$-0.10B,$8.25B,-1.34%,$-0.26B,$5.92B,-4.71%,$814,$737,$77,$0,$22,$759,$55,$-20,$36,$-11,$47,$47,$40,$59,$55,$183,186,$0.21,$0.21,$1319,$4162,$0,$6747,$0,$675,$0,$827,$1502,$8249,$1207,$2890,$1123,$4013,$5220,$20,$847,$0,$3029,$8249,$39,$8,$37,$44,$389,$-119,$0,$18,$191,$275,$-1,$0,$0,$0,$-329,$-329,$-113,$-443,$12,$0,$12,$-0,$-0,$-15,$-29,$-32,$-200,$12,$-15
34,2010-02-28,15.73,$16.11,0.98,$18.00,0.87,$6.66,2.36,$-1.58,0.0,$6.62B,$1.23B,5.4,$2.68B,$2.98B,0.9,$3.10B,$-0.25B,-8.00%,$3.10B,$-0.36B,-11.67%,$3.10B,$-0.36B,-11.67%,$3.10B,$-0.34B,-11.06%,$3.10B,$-0.62B,-20.12%,$3.10B,$-0.27B,-8.64%,$-0.27B,$2.98B,-10.25%,$-0.27B,$2.98B,-10.25%,$-0.27B,$7.98B,-3.61%,$-0.36B,$5.66B,-6.82%,$574,$558,$17,$0,$23,$580,$-6,$-13,$-19,$-12,$-7,$-7,$-7,$-3,$-6,$183,183,$-0.04,$-0.04,$959,$4101,$0,$6618,$0,$651,$0,$713,$1364,$7982,$1225,$2683,$1095,$3778,$5003,$20,$815,$0,$2978,$7982,$-7,$3,$15,$18,$186,$-50,$0,$15,$78,$89,$-2,$0,$0,$0,$-268,$-268,$-155,$-424,$-187,$0,$-187,$-1,$-1,$-7,$-14,$-210,$-544,$6,$-7
35,2009-11-30,12.11,$14.00,0.87,$18.59,0.65,$6.69,1.81,$-2.52,0.0,$5.88B,$0.69B,8.55,$2.76B,$2.59B,1.07,$3.12B,$-0.34B,-10.99%,$3.12B,$-0.46B,-14.78%,$3.12B,$-0.46B,-14.78%,$3.12B,$-0.44B,-14.07%,$3.12B,$-0.76B,-24.39%,$3.12B,$-0.42B,-13.37%,$-0.42B,$2.59B,-16.78%,$-0.42B,$2.59B,-16.78%,$-0.42B,$7.32B,-5.78%,$-0.46B,$5.35B,-8.95%,$914,$1111,$-197,$0,$33,$1143,$-230,$-73,$-303,$-320,$18,$18,$36,$-224,$-230,$171,171,$0.26,$0.26,$1340,$4088,$0,$5884,$0,$609,$0,$821,$1430,$7315,$688,$2761,$1277,$4039,$4727,$20,$828,$0,$2588,$7315,$-446,$22,$635,$656,$-118,$433,$0,$-9,$211,$421,$0,$0,$0,$0,$-275,$-275,$0,$-275,$-40,$-8,$-48,$220,$220,$-28,$-36,$108,$254,$30,$-28
36,2009-08-31,14.44,$13.12,1.1,$21.30,0.68,$11.18,1.29,$-7.83,0.0,$5.68B,$0.75B,7.59,$2.67B,$2.41B,1.11,$3.48B,$-0.25B,-7.26%,$3.48B,$-0.37B,-10.62%,$3.48B,$-0.37B,-10.62%,$3.48B,$-0.35B,-9.96%,$3.48B,$-0.56B,-15.99%,$3.48B,$-1.26B,-36.28%,$-1.26B,$2.41B,-50.67%,$-1.26B,$2.41B,-50.67%,$-1.26B,$7.09B,-17.45%,$-0.37B,$5.07B,-7.24%,$721,$771,$-50,$0,$28,$798,$-78,$-94,$-172,$3,$-174,$-174,$-172,$-73,$-78,$177,177,$-0.97,$-0.97,$1348,$4221,$0,$5682,$0,$651,$0,$755,$1406,$7088,$748,$2666,$1097,$3934,$4682,$20,$800,$0,$2406,$7088,$-464,$15,$352,$368,$281,$311,$0,$5,$483,$387,$-1,$0,$0,$0,$-258,$-258,$24,$-235,$-44,$0,$-44,$220,$220,$-20,$-28,$127,$280,$22,$-20
37,2009-05-31,9.03,$14.16,0.64,$24.21,0.37,$14.37,0.63,$-7.42,0.0,$5.88B,$0.74B,7.91,$2.67B,$2.48B,1.07,$3.87B,$-0.25B,-6.56%,$3.87B,$-0.38B,-9.74%,$3.87B,$-0.38B,-9.74%,$3.87B,$-0.35B,-9.07%,$3.87B,$-0.52B,-13.54%,$3.87B,$-1.18B,-30.52%,$-1.18B,$2.48B,-42.93%,$-1.18B,$2.48B,-42.93%,$-1.18B,$7.28B,-15.69%,$-0.38B,$5.15B,-7.14%,$892,$910,$-18,$0,$30,$940,$-48,$-82,$-130,$2,$-132,$-132,$-125,$-43,$-48,$165,165,$-0.76,$-0.76,$1457,$4342,$0,$5877,$0,$656,$0,$750,$1406,$7283,$743,$2665,$1235,$4058,$4801,$19,$979,$0,$2482,$7283,$-289,$11,$218,$229,$235,$186,$0,$2,$313,$253,$-1,$0,$0,$0,$-101,$-101,$4,$-98,$125,$0,$125,$123,$123,$-13,$-13,$221,$376,$16,$-13
38,2009-02-28,6.31,$15.38,0.41,$25.91,0.24,$17.68,0.36,$-7.42,0.0,$5.71B,$0.76B,7.51,$2.57B,$2.47B,1.04,$4.11B,$-0.31B,-7.62%,$4.11B,$-0.44B,-10.62%,$4.11B,$-0.44B,-10.62%,$4.11B,$-0.41B,-9.86%,$4.11B,$-0.57B,-13.81%,$4.11B,$-1.18B,-28.67%,$-1.18B,$2.47B,-39.03%,$-1.18B,$2.47B,-39.03%,$-1.18B,$7.17B,-15.15%,$-0.44B,$5.04B,-7.99%,$593,$671,$-78,$0,$27,$698,$-105,$-51,$-156,$2,$-158,$-158,$-156,$-99,$-105,$159,159,$-0.98,$-0.98,$1108,$4502,$0,$5714,$0,$777,$0,$680,$1456,$7170,$761,$2574,$1203,$3941,$4703,$17,$1111,$0,$2467,$7170,$-158,$6,$100,$106,$218,$5,$0,$-3,$132,$80,$0,$0,$0,$0,$-7,$-7,$-50,$-57,$-1,$0,$-1,$-1,$-1,$-6,$-3,$-12,$12,$8,$-6
39,2008-11-30,6.68,$16.34,0.41,$28.89,0.23,$22.51,0.3,$-7.00,0.0,$5.95B,$0.84B,7.09,$2.55B,$2.62B,0.97,$4.58B,$-0.31B,-6.75%,$4.58B,$-0.44B,-9.62%,$4.58B,$-0.44B,-9.62%,$4.58B,$-0.41B,-8.85%,$4.58B,$-0.57B,-12.35%,$4.58B,$-1.11B,-24.24%,$-1.11B,$2.62B,-33.41%,$-1.11B,$2.62B,-33.41%,$-1.11B,$7.43B,-13.68%,$-0.44B,$5.17B,-7.74%,$1278,$1386,$-107,$0,$31,$1417,$-139,$40,$-99,$716,$-815,$-815,$-811,$-132,$-139,$158,158,$-5.13,$-5.13,$1100,$4500,$0,$5950,$0,$767,$0,$708,$1475,$7425,$840,$2545,$1252,$3962,$4802,$17,$1273,$0,$2623,$7425,$-1113,$35,$536,$571,$829,$376,$0,$12,$1643,$1101,$1,$0,$0,$0,$-355,$-355,$88,$-266,$-129,$-316,$-444,$-2,$-2,$-83,$103,$-427,$408,$30,$-83
40,2008-08-31,12.31,$21.37,0.58,$34.63,0.36,$18.37,0.67,$-9.80,0.0,$5.74B,$0.87B,6.59,$2.34B,$3.43B,0.68,$5.48B,$-1.69B,-30.78%,$5.48B,$-1.82B,-33.24%,$5.48B,$-1.82B,-33.24%,$5.48B,$-1.77B,-32.40%,$5.48B,$-2.44B,-44.47%,$5.48B,$-1.55B,-28.31%,$-1.55B,$3.43B,-42.83%,$-1.55B,$3.43B,-42.83%,$-1.55B,$8.23B,-18.18%,$-1.82B,$5.77B,-30.72%,$1107,$1157,$-51,$0,$34,$1191,$-85,$-54,$-139,$-50,$-89,$-89,$-89,$-77,$-85,$158,158,$-0.56,$-0.56,$869,$4776,$0,$5740,$0,$799,$0,$1688,$2487,$8227,$871,$2339,$1410,$3924,$4795,$17,$2091,$0,$3432,$8227,$-298,$28,$432,$459,$1112,$70,$0,$-10,$693,$854,$-2,$0,$0,$0,$9,$9,$-263,$-256,$-476,$0,$-476,$-1,$-1,$-77,$101,$-454,$144,$21,$-77
41,2008-05-31,15.61,$22.03,0.71,$42.47,0.37,$12.21,1.28,$-12.49,0.0,$5.56B,$0.85B,6.54,$2.31B,$3.54B,0.65,$6.71B,$-2.29B,-34.08%,$6.71B,$-2.43B,-36.26%,$6.71B,$-2.43B,-36.26%,$6.71B,$-2.38B,-35.48%,$6.71B,$-3.13B,-46.71%,$6.71B,$-1.98B,-29.43%,$-1.98B,$3.54B,-48.95%,$-1.98B,$3.54B,-49.48%,$-1.98B,$8.25B,-21.76%,$-2.43B,$5.85B,-38.02%,$1128,$1205,$-77,$0,$30,$1235,$-107,$-67,$-173,$-52,$-121,$-121,$-121,$-97,$-107,$158,158,$-0.76,$-0.76,$901,$4545,$0,$5557,$0,$870,$0,$1827,$2697,$8254,$850,$2310,$1513,$3864,$4714,$17,$2205,$-3,$3540,$8254,$-209,$20,$278,$298,$1036,$98,$0,$-14,$678,$767,$-1,$0,$0,$0,$-2,$-2,$-177,$-179,$-290,$0,$-290,$-1,$-1,$-51,$-30,$-373,$215,$15,$-51
42,2008-02-29,17.07,$22.89,0.75,$53.58,0.32,$4.66,3.66,$-13.28,0.0,$5.82B,$0.92B,6.3,$2.28B,$3.68B,0.62,$8.46B,$-2.51B,-29.64%,$8.46B,$-2.67B,-31.56%,$8.46B,$-2.67B,-31.56%,$8.46B,$-2.61B,-30.91%,$8.46B,$-3.34B,-39.54%,$8.46B,$-2.10B,-24.80%,$-2.10B,$3.68B,-46.15%,$-2.10B,$3.68B,-47.09%,$-2.10B,$8.52B,-21.20%,$-2.67B,$5.96B,-38.24%,$1063,$1137,$-74,$0,$35,$1172,$-109,$-45,$-154,$-66,$-88,$-88,$-88,$-99,$-109,$158,158,$-0.56,$-0.56,$1114,$4574,$0,$5822,$0,$915,$0,$1778,$2693,$8515,$924,$2279,$1608,$3910,$4834,$17,$2352,$-4,$3681,$8515,$-88,$11,$123,$134,$1009,$60,$0,$-4,$799,$845,$0,$0,$0,$0,$-3,$-3,$-128,$-131,$-293,$0,$-293,$-0,$-0,$-26,$-14,$-333,$381,$6,$-26
43,2007-11-30,14.41,$23.91,0.6,$64.44,0.22,$-3.86,0.0,$-12.29,0.0,$6.27B,$1.10B,5.72,$2.30B,$3.82B,0.6,$10.19B,$-2.45B,-24.07%,$10.19B,$-2.63B,-25.78%,$10.19B,$-2.63B,-25.78%,$10.19B,$-2.57B,-25.21%,$10.19B,$-3.08B,-30.24%,$10.19B,$-1.94B,-19.05%,$-1.94B,$3.82B,-38.29%,$-1.94B,$3.82B,-39.36%,$-1.94B,$9.10B,-18.01%,$-2.63B,$6.12B,-34.65%,$2177,$3660,$-1483,$0,$36,$3696,$-1519,$-450,$-1969,$-717,$-1252,$-1252,$-1252,$-1501,$-1519,$158,158,$-7.95,$-7.94,$678,$4500,$0,$6268,$0,$934,$0,$1901,$2835,$9103,$1095,$2295,$1861,$4185,$5281,$17,$2497,$-2,$3822,$9103,$-1941,$57,$3099,$3156,$-542,$856,$0,$38,$-771,$445,$0,$0,$0,$0,$-590,$-590,$897,$307,$-456,$-608,$-1064,$18,$18,$-101,$413,$-735,$17,$35,$-101
44,2007-08-31,25.52,$31.80,0.8,$77.07,0.33,$-3.42,0.0,$-5.61,0.0,$7.08B,$0.81B,8.74,$2.57B,$5.10B,0.5,$12.28B,$-1.19B,-9.72%,$12.28B,$-1.37B,-11.12%,$12.28B,$-1.37B,-11.12%,$12.28B,$-1.31B,-10.70%,$12.28B,$-1.42B,-11.58%,$12.28B,$-0.89B,-7.21%,$-0.89B,$5.10B,-15.98%,$-0.89B,$4.92B,-16.54%,$-0.89B,$10.43B,-7.63%,$-1.37B,$7.67B,-16.80%,$2342,$2995,$-653,$0,$45,$3040,$-698,$-140,$-838,$-324,$-514,$-514,$-514,$-684,$-698,$158,158,$-3.25,$-3.25,$166,$6720,$0,$7081,$0,$1077,$174,$2101,$3352,$10432,$810,$2571,$1935,$4525,$5335,$17,$3774,$-1,$5097,$10432,$-689,$39,$1225,$1264,$269,$247,$0,$-279,$-694,$-120,$-5,$0,$0,$0,$3,$3,$358,$357,$-669,$0,$-669,$16,$16,$-76,$-35,$-764,$-527,$33,$-76
45,2007-05-31,41.0,$34.84,1.18,$88.52,0.46,$-3.74,0.0,$-1.06,0.0,$8.16B,$0.92B,8.9,$2.59B,$5.58B,0.46,$14.12B,$-0.18B,-1.25%,$14.12B,$-0.35B,-2.51%,$14.12B,$-0.35B,-2.51%,$14.12B,$-0.30B,-2.15%,$14.12B,$-0.26B,-1.81%,$14.12B,$-0.16B,-1.16%,$-0.16B,$5.58B,-2.85%,$-0.16B,$5.39B,-2.95%,$-0.16B,$11.54B,-1.35%,$-0.35B,$8.17B,-4.22%,$2876,$3173,$-297,$0,$46,$3219,$-343,$-40,$-383,$-139,$-244,$-244,$-244,$-330,$-343,$158,158,$-1.55,$-1.55,$271,$7705,$0,$8157,$0,$1236,$190,$1960,$3386,$11542,$916,$2585,$2401,$5043,$5959,$17,$4313,$-1,$5584,$11542,$-176,$26,$368,$394,$203,$-174,$0,$-306,$-639,$-421,$-7,$0,$0,$0,$29,$29,$401,$423,$-348,$0,$-348,$17,$17,$-51,$3,$-379,$-376,$21,$-51
46,2007-02-28,44.01,$36.09,1.22,$98.38,0.45,$-4.84,0.0,$2.49,17.68,$8.76B,$0.99B,8.83,$2.58B,$5.78B,0.45,$15.82B,$0.67B,4.22%,$15.82B,$0.48B,3.03%,$15.82B,$0.48B,3.03%,$15.82B,$0.53B,3.34%,$15.82B,$0.64B,4.06%,$15.82B,$0.41B,2.56%,$0.41B,$5.78B,6.99%,$0.41B,$5.59B,7.23%,$0.41B,$12.04B,3.25%,$0.48B,$8.36B,5.64%,$2792,$2811,$-19,$0,$47,$2858,$-66,$175,$109,$40,$69,$69,$69,$-53,$-66,$157,159,$0.44,$0.43,$288,$8306,$0,$8759,$0,$1216,$190,$1871,$3277,$12036,$992,$2581,$2635,$5269,$6261,$17,$4583,$-2,$5775,$12036,$69,$13,$18,$31,$228,$-452,$0,$-142,$-600,$-501,$-4,$0,$0,$0,$14,$14,$471,$482,$-285,$0,$-285,$16,$16,$-25,$-0,$-295,$-314,$8,$-25
47,2006-11-30,46.84,$36.05,1.3,$100.49,0.47,$-7.40,0.0,$3.64,12.87,$8.68B,$1.09B,8.0,$2.61B,$5.70B,0.46,$16.27B,$1.10B,6.73%,$16.27B,$0.90B,5.54%,$16.27B,$0.90B,5.54%,$16.27B,$0.95B,5.85%,$16.27B,$0.94B,5.80%,$16.27B,$0.59B,3.65%,$0.59B,$5.70B,10.35%,$0.59B,$5.51B,10.72%,$0.59B,$12.41B,4.71%,$0.90B,$8.32B,10.49%,$4266,$4491,$-224,$0,$34,$4525,$-258,$-52,$-310,$-115,$-196,$-196,$-196,$-246,$-258,$158,161,$-1.23,$-1.19,$686,$7831,$0,$8677,$0,$1447,$197,$2087,$3731,$12408,$1085,$2614,$2953,$5622,$6707,$17,$4539,$-2,$5701,$12408,$594,$50,$730,$780,$48,$-292,$0,$7,$-822,$553,$-27,$0,$-33,$0,$45,$45,$-389,$-404,$149,$-121,$28,$-292,$-292,$-101,$-64,$-429,$-281,$37,$-101
