,Date,Stock Price,Book Value per Share,Price to Book Ratio,TTM Sales per Share,Price to Sales Ratio,TTM FCF per Share,Price to FCF Ratio,TTM Net EPS,PE Ratio,Current Assets,Current Liabilities,Current Ratio,Long Term Debt,Shareholder's Equity_x,Debt to Equity Ratio,TTM Revenue_x,TTM Gross Profit,Gross Margin,TTM Revenue_y,TTM Operating Income,Operating Margin,TTM Revenue_x,TTM EBIT,EBIT Margin,TTM Revenue_y,TTM EBITDA,EBITDA Margin,TTM Revenue_x,TTM Pre-Tax Income,Pre-Tax Margin,TTM Revenue_y,TTM Net Income_x,Net Margin,TTM Net Income_y,Shareholder's Equity_y,Return on Equity,TTM Net Income_x,Tangible Equity,Return on Tangible Equity,TTM Net Income_y,Total Assets,Return on Assets,TTM Net Income,LT Investments & Debt,Return on Investment,revenue,cost-goods-sold,gross-profit,research-development-expenses,selling-general-administrative-expenses,operating-expenses,operating-income,total-non-operating-income-expense,pre-tax-income,total-provision-income-taxes,income-after-taxes,income-from-continuous-operations,net-income,ebitda,ebit,basic-shares-outstanding,shares-outstanding,eps-basic-net-earnings-per-share,eps-earnings-per-share-diluted,cash-on-hand,inventory,other-current-assets,total-current-assets,net-property-plant-equipment,long-term-investments,goodwill-intangible-assets-total,other-long-term-assets,total-long-term-assets,total-assets,total-current-liabilities,long-term-debt,other-non-current-liabilities,total-long-term-liabilities,total-liabilities,common-stock-net,retained-earnings-accumulated-deficit,comprehensive-income,total-share-holder-equity,total-liabilities-share-holders-equity,net-income-loss,total-depreciation-amortization-cash-flow,other-non-cash-items,total-non-cash-items,change-in-accounts-receivable,change-in-inventories,change-in-accounts-payable,change-in-assets-liabilities,total-change-in-assets-liabilities,cash-flow-from-operating-activities,net-change-in-property-plant-equipment,net-change-in-intangible-assets,net-acquisitions-divestitures,net-change-in-short-term-investments,net-change-in-long-term-investments,net-change-in-investments-total,investing-activities-other,cash-flow-from-investing-activities,net-long-term-debt,net-current-debt,debt-issuance-retirement-net-total,net-common-equity-issued-repurchased,net-total-equity-issued-repurchased,total-common-preferred-stock-dividends-paid,financial-activities-other,cash-flow-from-financial-activities,net-cash-flow,stock-based-compensation,common-stock-dividends-paid
0,2018-09-30,11.39,$0.00,0.0,$21.64,0.53,$-15.30,0.0,$1.00,11.39,$23.59B,$5.27B,4.48,$2.85B,$49.27B,0.06,$122.68B,$51.23B,41.76%,$122.68B,$6.89B,5.61%,$122.68B,$6.89B,5.61%,$122.68B,$6.89B,5.61%,$122.68B,$6.93B,5.65%,$122.68B,$5.71B,4.66%,$5.71B,$49.27B,11.58%,$5.71B,$48.09B,11.83%,$5.71B,$458.13B,1.29%,$6.89B,$52.12B,12.85%,$19668,$10300,$9368,$0,$1143,$19126,$542,$-7,$535,$5,$530,$530,$507,$542,$542,$5628,5628,$0.09,$0.09,$9934,$0,$0,$23589,$6731,$357924,$1181,$68700,$434536,$458125,$5268,$2845,$400302,$403586,$408854,$4155,$21207,$-302,$49271,$458125,$0,$0,$11236,$11236,$0,$0,$0,$0,$0,$11236,$-1556,$0,$-114,$65978,$0,$65978,$-75880,$-11572,$107,$230,$337,$4751,$4751,$-2163,$-46,$2879,$2543,$0,$-2163
1,2018-03-31,13.68,$0.00,0.0,$21.19,0.65,$-16.77,0.0,$0.99,13.82,$25.97B,$6.22B,4.18,$2.84B,$53.46B,0.05,$120.38B,$48.56B,40.34%,$120.38B,$6.95B,5.77%,$120.38B,$6.95B,5.77%,$120.38B,$6.95B,5.77%,$120.38B,$7.03B,5.84%,$120.38B,$5.67B,4.71%,$5.67B,$53.46B,11.65%,$5.67B,$52.44B,11.88%,$5.67B,$469.75B,1.33%,$6.95B,$56.30B,12.53%,$41668,$26631,$15037,$0,$1169,$38870,$2798,$14,$2811,$663,$2149,$2149,$2126,$2798,$2798,$5633,5633,$0.38,$0.38,$9649,$0,$0,$25969,$6841,$363203,$1019,$72716,$443779,$469748,$6215,$2839,$406358,$410076,$416291,$4446,$24021,$-423,$53457,$469748,$0,$0,$3584,$3584,$0,$0,$0,$0,$0,$3584,$-367,$0,$-118,$32645,$-1346,$31299,$-33044,$-2230,$115,$595,$711,$3,$3,$-300,$0,$413,$1747,$0,$-300
2,2017-09-30,14.72,$0.00,0.0,$19.55,0.75,$-17.35,0.0,$0.75,19.63,$22.15B,$4.35B,5.09,$3.76B,$49.03B,0.08,$112.35B,$46.77B,41.63%,$112.35B,$5.08B,4.52%,$112.35B,$5.08B,4.52%,$112.35B,$5.08B,4.52%,$112.35B,$5.15B,4.58%,$112.35B,$4.35B,3.87%,$4.35B,$49.03B,9.16%,$4.35B,$48.07B,9.34%,$4.35B,$429.99B,1.07%,$5.08B,$52.79B,9.03%,$21920,$10658,$11262,$0,$1134,$19454,$2466,$27,$2493,$286,$2207,$2207,$2186,$2466,$2466,$5465,5465,$0.40,$0.40,$8166,$0,$0,$22153,$5759,$329020,$954,$72106,$407839,$429992,$4349,$3764,$371461,$376616,$380965,$4237,$21047,$544,$49027,$429992,$0,$0,$26950,$26950,$0,$0,$0,$0,$0,$26950,$-137174,$0,$0,$103232,$-1008,$102223,$12734,$-22217,$-4028,$-839,$-4867,$0,$0,$0,$-1801,$-6668,$-1935,$0,$0
3,2017-03-31,14.83,$0.00,0.0,$18.30,0.81,$3.90,3.8,$0.44,33.71,$22.29B,$3.64B,6.13,$7.77B,$45.45B,0.17,$104.81B,$41.79B,39.87%,$104.81B,$3.09B,2.95%,$104.81B,$3.09B,2.95%,$104.81B,$3.09B,2.95%,$104.81B,$3.15B,3.01%,$104.81B,$2.54B,2.42%,$2.54B,$45.45B,5.37%,$2.54B,$44.52B,5.48%,$2.54B,$407.11B,0.65%,$3.09B,$53.22B,5.35%,$39428,$23860,$15567,$0,$984,$38346,$1082,$13,$1095,$183,$912,$912,$892,$1082,$1082,$5856,5856,$0.15,$0.15,$7676,$0,$0,$22292,$4473,$303314,$935,$76094,$384816,$407107,$3640,$7769,$348974,$358017,$361657,$4101,$18675,$540,$45451,$407107,$0,$0,$15378,$15378,$0,$0,$0,$0,$0,$15378,$-289,$0,$170,$28078,$0,$28078,$-47267,$-19309,$0,$1579,$1579,$419,$419,$0,$-164,$1834,$-2094,$0,$0
4,2016-09-30,12.66,$0.00,0.0,$13.37,0.95,$1.32,9.57,$0.64,19.78,$25.15B,$3.06B,8.21,$12.45B,$46.94B,0.27,$96.26B,$37.01B,38.45%,$96.26B,$4.60B,4.78%,$96.26B,$4.60B,4.78%,$96.26B,$4.60B,4.78%,$96.26B,$4.64B,4.82%,$96.26B,$3.61B,3.75%,$3.61B,$46.94B,7.51%,$3.61B,$46.03B,7.66%,$3.61B,$402.17B,0.95%,$4.60B,$59.39B,7.72%,$17368,$10677,$6691,$0,$1003,$16767,$600,$30,$631,$140,$491,$491,$470,$600,$600,$5696,5696,$0.08,$0.08,$10619,$0,$0,$25146,$4097,$289734,$910,$82287,$377027,$402173,$3063,$12448,$337882,$352167,$355230,$4240,$18152,$2272,$46943,$402173,$0,$0,$1759,$1759,$0,$0,$0,$0,$0,$1759,$-344,$0,$0,$67006,$0,$67006,$-73862,$-7200,$1892,$0,$1892,$0,$0,$0,$2682,$4573,$-832,$0,$0
5,2016-03-31,11.55,$0.00,0.0,$13.08,0.88,$3.26,3.54,$0.70,16.5,$30.08B,$3.61B,8.33,$10.79B,$48.68B,0.22,$94.03B,$45.46B,48.34%,$94.03B,$19.14B,20.35%,$94.03B,$19.14B,20.35%,$94.03B,$19.49B,20.72%,$94.03B,$19.15B,20.36%,$94.03B,$3.90B,4.15%,$3.90B,$48.68B,8.11%,$3.90B,$47.74B,8.24%,$3.90B,$388.93B,1.05%,$19.14B,$59.46B,32.28%,$33635,$20384,$13251,$0,$968,$32705,$930,$-4,$926,$106,$820,$820,$803,$930,$930,$5839,5839,$0.14,$0.14,$16550,$0,$0,$30080,$4058,$266527,$942,$87324,$358851,$388931,$3610,$10787,$323835,$336645,$340255,$4322,$19617,$2584,$48676,$388931,$0,$0,$54,$54,$0,$0,$0,$0,$0,$54,$-110,$0,$0,$24897,$0,$24897,$-22907,$1880,$0,$3067,$3067,$0,$0,$0,$-111,$2957,$4887,$0,$0
6,2015-09-30,16.33,$0.00,0.0,$10.28,1.59,$13.96,1.17,$0.82,19.92,$24.13B,$3.10B,7.78,$11.21B,$47.98B,0.23,$77.30B,$37.64B,48.70%,$77.30B,$20.18B,26.10%,$77.30B,$20.18B,26.10%,$77.30B,$20.52B,26.55%,$77.30B,$20.11B,26.01%,$77.30B,$4.58B,5.93%,$4.58B,$47.98B,9.86%,$4.58B,$47.00B,10.02%,$4.58B,$368.56B,1.26%,$20.18B,$59.19B,34.87%,$14378,$8102,$6276,$0,$937,$13896,$481,$20,$501,$110,$391,$391,$373,$481,$481,$5219,5219,$0.07,$0.07,$11184,$0,$0,$24128,$3993,$245008,$986,$94442,$344429,$368557,$3101,$11211,$304447,$317475,$320576,$4486,$20513,$1178,$47982,$368557,$0,$0,$5953,$5953,$0,$0,$0,$0,$0,$5953,$-286,$0,$612,$91517,$0,$91517,$-86021,$5822,$0,$0,$0,$1236,$1236,$0,$-9382,$-8145,$3693,$0,$0
7,2015-03-31,20.42,$0.00,0.0,$9.98,2.05,$12.88,1.59,$1.07,19.14,$19.34B,$2.65B,7.31,$11.30B,$48.95B,0.23,$77.00B,$45.45B,59.02%,$77.00B,$33.77B,43.86%,$77.00B,$33.77B,43.86%,$77.00B,$34.12B,44.31%,$77.00B,$33.68B,43.75%,$77.00B,$6.02B,7.82%,$6.02B,$48.95B,13.58%,$6.02B,$47.94B,13.74%,$6.02B,$368.14B,1.69%,$33.77B,$60.26B,60.65%,$30877,$20088,$10789,$0,$930,$28289,$2588,$-8,$2579,$597,$1983,$1983,$1967,$2588,$2588,$17122,17122,$0.12,$0.12,$8169,$0,$0,$19343,$3998,$234946,$1011,$108837,$348793,$368135,$2647,$11300,$301781,$316534,$319181,$4531,$19590,$4613,$48954,$368135,$0,$0,$63,$63,$0,$0,$0,$0,$0,$63,$-111,$0,$462,$28158,$0,$28158,$-25158,$3350,$0,$-2729,$-2729,$0,$0,$0,$-73,$-2802,$610,$0,$0
8,2014-12-31,18.14,$0.00,0.0,$12.61,1.44,$14.33,1.27,$0.92,19.65,$27.27B,$4.17B,6.54,$11.49B,$46.77B,0.25,$70.78B,$38.96B,55.04%,$70.78B,$32.08B,45.32%,$70.78B,$32.08B,45.32%,$70.78B,$32.42B,45.81%,$70.78B,$32.54B,45.97%,$70.78B,$5.21B,7.37%,$5.21B,$46.77B,12.60%,$5.21B,$46.77B,12.76%,$5.21B,$365.70B,1.50%,$32.08B,$58.27B,60.90%,$15141,$0,$15141,$0,$0,$0,$15141,$0,$15141,$0,$15141,$759,$759,$15487,$15141,$5480,5480,$0.14,$0.14,$7656,$0,$0,$27270,$0,$217630,$0,$116674,$334304,$365701,$4170,$11494,$303264,$314759,$318928,$4601,$17896,$0,$46772,$365701,$6577,$346,$0,$346,$0,$0,$0,$0,$6091,$12737,$-751,$0,$0,$0,$0,$-23137,$12614,$-11274,$0,$0,$467,$0,$0,$-1395,$3647,$2719,$4184,$0,$0
9,2014-09-30,12.89,$0.00,0.0,$11.90,1.08,$14.08,0.92,$0.82,15.78,$20.09B,$36.26B,0.55,$11.49B,$42.28B,0.27,$66.68B,$34.85B,52.27%,$66.68B,$27.97B,41.95%,$66.68B,$27.97B,41.95%,$66.68B,$28.30B,42.44%,$66.68B,$28.43B,42.64%,$66.68B,$4.63B,6.94%,$4.63B,$42.28B,11.97%,$4.63B,$41.25B,12.13%,$4.63B,$348.44B,1.37%,$27.97B,$53.76B,56.13%,$16901,$11464,$5438,$0,$3470,$14933,$1968,$-81,$1887,$388,$1498,$1485,$1485,$1968,$1968,$5716,5716,$0.26,$0.26,$9053,$0,$0,$20090,$0,$203407,$1031,$2168,$206606,$348435,$36257,$11487,$258414,$269901,$306158,$4590,$18149,$0,$42276,$348435,$43028,$0,$0,$0,$0,$0,$0,$0,$0,$6709,$54422,$0,$0,$0,$0,$49410,$-108845,$-5013,$0,$0,$0,$0,$0,$-1743,$5612,$3870,$5569,$0,$0
10,2014-06-30,12.12,$0.00,0.0,$11.78,1.03,$4.96,2.44,$0.78,15.6,$16.77B,$268.92B,0.06,$11.03B,$39.43B,0.28,$65.52B,$33.95B,51.82%,$65.52B,$27.50B,41.97%,$65.52B,$27.50B,41.97%,$65.52B,$27.83B,42.47%,$65.52B,$28.03B,42.78%,$65.52B,$4.36B,6.65%,$4.36B,$39.43B,11.54%,$4.36B,$39.43B,11.70%,$4.36B,$344.10B,1.32%,$27.50B,$50.46B,56.34%,$14077,$0,$14077,$0,$0,$0,$14077,$0,$14077,$0,$14077,$1813,$1813,$14077,$14077,$5733,5733,$0.32,$0.32,$7009,$0,$0,$16773,$0,$201976,$0,$3813,$205789,$344095,$268915,$11034,$24717,$35753,$304668,$4587,$16654,$0,$39426,$344095,$0,$0,$0,$0,$0,$0,$0,$0,$0,$0,$0,$0,$0,$0,$0,$0,$0,$0,$0,$0,$0,$0,$0,$0,$0,$0,$0,$0,$0
11,2014-03-31,12.85,$0.00,0.0,$12.36,1.04,$4.96,2.59,$0.63,20.4,$16.89B,$11.35B,1.49,$11.12B,$37.05B,0.3,$69.06B,$37.49B,54.29%,$69.06B,$31.04B,44.95%,$69.06B,$31.04B,44.95%,$69.06B,$31.37B,45.42%,$69.06B,$31.57B,45.72%,$69.06B,$3.53B,5.12%,$3.53B,$37.05B,9.47%,$3.53B,$35.98B,9.61%,$3.53B,$335.18B,1.09%,$31.04B,$48.17B,64.25%,$24661,$20360,$4301,$0,$3412,$23772,$889,$-9,$1432,$239,$1194,$1156,$1156,$889,$889,$5560,5560,$0.21,$0.21,$8299,$0,$0,$16890,$0,$193524,$1069,$2787,$197380,$335181,$11347,$11116,$275668,$286784,$298131,$4621,$16739,$0,$37050,$335181,$0,$0,$0,$0,$0,$0,$0,$0,$0,$8244,$-202,$0,$0,$0,$0,$-4094,$520,$-3775,$0,$0,$0,$0,$0,$-9,$301,$292,$4763,$0,$0
12,2013-12-31,14.34,$0.00,0.0,$11.86,1.21,$4.04,3.55,$0.71,20.2,$10.65B,$248.40B,0.04,$10.98B,$35.95B,0.31,$66.42B,$38.70B,58.26%,$66.42B,$32.33B,48.67%,$66.42B,$32.33B,48.67%,$66.42B,$32.65B,49.16%,$66.42B,$32.18B,48.44%,$66.42B,$3.98B,5.99%,$3.98B,$35.95B,10.66%,$3.98B,$35.95B,10.81%,$3.98B,$318.63B,1.26%,$32.33B,$46.93B,66.93%,$11037,$0,$11037,$0,$0,$0,$11037,$0,$11037,$0,$11037,$174,$174,$11364,$11037,$5380,5380,$0.03,$0.03,$3445,$0,$0,$10647,$0,$185617,$0,$3472,$189089,$318630,$248404,$10980,$23299,$34279,$282683,$4565,$15367,$0,$35947,$318630,$4756,$327,$0,$327,$0,$0,$0,$0,$3083,$11029,$-576,$0,$-385,$0,$0,$-12705,$3939,$-9728,$0,$-7764,$0,$0,$0,$-652,$-645,$-9061,$-7772,$0,$0
13,2013-09-30,11.8,$0.00,0.0,$11.25,1.05,$5.71,2.07,$0.78,15.12,$13.00B,$8.46B,1.54,$11.03B,$38.66B,0.29,$63.48B,$35.76B,56.33%,$63.48B,$29.38B,46.28%,$63.48B,$29.38B,46.28%,$63.48B,$29.69B,46.77%,$63.48B,$29.23B,46.05%,$63.48B,$4.39B,6.91%,$4.39B,$38.66B,11.78%,$4.39B,$37.62B,11.95%,$4.39B,$318.22B,1.41%,$29.38B,$49.70B,61.05%,$15744,$11207,$4536,$0,$3040,$14247,$1496,$-12,$1484,$257,$1227,$1216,$1216,$1496,$1496,$5549,5549,$0.22,$0.22,$4125,$0,$0,$13002,$0,$176768,$1038,$3838,$181644,$318217,$8460,$11034,$260062,$271095,$279555,$4587,$16070,$0,$38662,$318217,$0,$0,$0,$0,$0,$0,$0,$0,$0,$8713,$10,$0,$0,$0,$0,$-2897,$-2796,$-5684,$0,$0,$0,$0,$0,$-876,$-9290,$-10166,$-7145,$0,$0
14,2013-06-30,10.59,$0.00,0.0,$11.15,0.95,$6.72,1.58,$0.50,21.18,$16.58B,$13.45B,1.23,$10.96B,$37.52B,0.29,$62.80B,$34.76B,55.35%,$62.80B,$29.29B,46.64%,$62.80B,$29.29B,46.64%,$62.80B,$29.60B,47.13%,$62.80B,$27.18B,43.27%,$62.80B,$2.82B,4.49%,$2.82B,$37.52B,7.83%,$2.82B,$37.52B,7.94%,$2.82B,$319.83B,0.93%,$29.29B,$48.48B,63.05%,$17619,$0,$17619,$0,$0,$0,$17619,$0,$17619,$0,$17619,$987,$987,$17619,$17619,$5804,5804,$0.17,$0.17,$8239,$0,$0,$16583,$0,$182450,$0,$4120,$186570,$319826,$13450,$10959,$257899,$268861,$282311,$4556,$14754,$0,$37516,$319826,$0,$0,$0,$0,$0,$0,$0,$0,$0,$0,$0,$0,$0,$0,$0,$0,$0,$0,$0,$0,$0,$0,$0,$0,$0,$0,$0,$0,$0
15,2013-03-31,11.86,$0.00,0.0,$10.23,1.16,$6.72,1.77,$0.44,26.96,$31.29B,$237.64B,0.13,$10.83B,$37.27B,0.29,$57.34B,$29.29B,51.09%,$57.34B,$23.83B,41.55%,$57.34B,$23.83B,41.55%,$57.34B,$24.13B,42.09%,$57.34B,$21.71B,37.87%,$57.34B,$2.47B,4.31%,$2.47B,$37.27B,7.02%,$2.47B,$36.24B,7.12%,$2.47B,$308.73B,0.84%,$23.83B,$48.10B,52.74%,$22023,$16514,$5509,$0,$3335,$19849,$2174,$-136,$2038,$422,$1616,$1605,$1605,$2174,$2174,$5598,5598,$0.29,$0.29,$10403,$0,$0,$31285,$0,$157951,$1030,$3817,$162798,$308725,$237643,$10830,$22983,$33813,$271455,$4503,$14412,$0,$37270,$308725,$0,$0,$0,$0,$0,$0,$0,$0,$0,$3007,$-75,$0,$0,$0,$0,$-1272,$1442,$96,$0,$0,$0,$0,$0,$0,$-3761,$-3761,$-658,$0,$0
16,2012-12-31,14.95,$0.00,0.0,$10.02,1.49,$7.07,2.11,$0.31,47.72,$29.91B,$230.60B,0.13,$10.81B,$35.41B,0.31,$56.23B,$28.58B,50.82%,$56.23B,$23.94B,42.56%,$56.23B,$23.94B,42.56%,$56.23B,$24.24B,43.11%,$56.23B,$20.76B,36.92%,$56.23B,$1.76B,3.12%,$1.76B,$35.41B,5.16%,$1.76B,$35.41B,5.24%,$1.76B,$301.36B,0.62%,$23.94B,$46.22B,56.26%,$8091,$0,$8091,$0,$0,$0,$8091,$0,$8091,$0,$8091,$577,$577,$8400,$8091,$5589,5589,$0.10,$0.10,$11022,$0,$0,$29912,$0,$156763,$0,$3855,$160619,$301358,$230597,$10814,$24537,$35355,$265952,$4486,$12758,$0,$35406,$301358,$1741,$309,$0,$309,$0,$0,$0,$0,$-2666,$20977,$-805,$0,$0,$0,$0,$-21706,$-9832,$-32344,$0,$0,$6029,$0,$0,$-1042,$8517,$13504,$2137,$0,$0
17,2012-09-30,13.05,$0.00,0.0,$10.46,1.25,$7.11,1.83,$0.26,50.84,$26.92B,$218.02B,0.12,$9.17B,$33.87B,0.27,$58.51B,$30.85B,52.73%,$58.51B,$26.21B,44.79%,$58.51B,$26.21B,44.79%,$58.51B,$26.50B,45.30%,$58.51B,$23.04B,39.37%,$58.51B,$1.44B,2.45%,$1.44B,$33.87B,4.39%,$1.44B,$32.84B,4.46%,$1.44B,$282.20B,0.54%,$26.21B,$43.04B,66.10%,$15068,$11528,$3540,$0,$2133,$13660,$1407,$-2124,$-572,$-232,$-340,$-349,$-349,$1407,$1407,$5518,5518,$-0.06,$-0.06,$7604,$0,$0,$26917,$0,$143320,$1028,$2405,$146752,$282198,$218021,$9173,$21137,$30310,$248331,$4472,$12494,$0,$33867,$282198,$0,$0,$0,$0,$0,$0,$0,$0,$0,$14537,$-274,$0,$0,$0,$0,$-19095,$-522,$-19892,$0,$4428,$0,$0,$0,$-1039,$715,$4104,$-1249,$0,$0
18,2012-06-30,11.88,$0.00,0.0,$9.97,1.19,$7.55,1.57,$0.42,28.51,$31.96B,$212.79B,0.15,$9.19B,$34.14B,0.27,$56.39B,$30.32B,53.77%,$56.39B,$25.97B,46.05%,$56.39B,$25.97B,46.05%,$56.39B,$26.26B,46.57%,$56.39B,$24.30B,43.08%,$56.39B,$2.37B,4.20%,$2.37B,$34.14B,7.60%,$2.37B,$34.14B,7.70%,$2.37B,$280.42B,0.92%,$25.97B,$43.33B,72.47%,$12153,$0,$12153,$0,$0,$0,$12153,$0,$12153,$0,$12153,$636,$636,$12153,$12153,$5729,5729,$0.11,$0.11,$13998,$0,$0,$31960,$0,$134651,$0,$11420,$146070,$280424,$212791,$9190,$24301,$33494,$246285,$4480,$12867,$0,$34139,$280424,$0,$0,$0,$0,$0,$0,$0,$0,$0,$0,$0,$0,$0,$0,$0,$0,$0,$0,$0,$0,$0,$0,$0,$0,$0,$0,$0,$0,$0
19,2012-03-31,11.51,$0.00,0.0,$7.85,1.47,$7.55,1.52,$0.31,37.54,$27.16B,$4.39B,6.18,$4.76B,$32.83B,0.15,$44.24B,$18.17B,41.07%,$44.24B,$13.81B,31.23%,$44.24B,$13.81B,31.23%,$44.24B,$14.11B,31.89%,$44.24B,$12.14B,27.45%,$44.24B,$1.74B,3.92%,$1.74B,$32.83B,5.73%,$1.74B,$31.80B,5.80%,$1.74B,$262.35B,0.71%,$13.81B,$37.59B,42.30%,$20922,$16126,$4796,$0,$2512,$18638,$2284,$-1293,$1091,$190,$902,$893,$893,$2284,$2284,$5625,5625,$0.16,$0.16,$10734,$0,$0,$27158,$0,$130998,$1035,$2167,$134200,$262347,$4394,$4763,$220360,$225122,$229517,$4488,$13580,$0,$32830,$262347,$0,$0,$0,$0,$0,$0,$0,$0,$0,$4993,$-40,$0,$0,$0,$0,$-4165,$2206,$-1999,$0,$-1146,$0,$0,$0,$0,$0,$-1146,$1846,$0,$0
20,2011-12-31,10.95,$0.00,0.0,$7.88,1.39,$8.25,1.33,$0.36,30.7,$21.57B,$187.92B,0.12,$4.65B,$29.98B,0.16,$44.63B,$17.78B,39.83%,$44.63B,$13.74B,30.79%,$44.63B,$13.74B,30.79%,$44.63B,$14.04B,31.45%,$44.63B,$12.50B,28.01%,$44.63B,$2.06B,4.60%,$2.06B,$29.98B,6.79%,$2.06B,$29.98B,6.85%,$2.06B,$245.51B,0.86%,$13.74B,$34.62B,43.70%,$10363,$0,$10363,$0,$0,$0,$10363,$0,$10363,$0,$10363,$256,$256,$10659,$10363,$5486,5486,$0.05,$0.05,$8678,$0,$0,$21571,$0,$131646,$0,$8063,$139709,$245506,$187918,$4648,$22848,$27613,$215530,$4381,$12384,$0,$29975,$245506,$3180,$296,$0,$296,$0,$0,$0,$0,$-2811,$20763,$-752,$0,$0,$0,$0,$-14330,$-5625,$-20707,$0,$0,$4648,$0,$0,$-1752,$-1657,$1239,$1260,$0,$0
21,2011-09-30,10.52,$0.00,0.0,$8.11,1.3,$9.25,1.14,$0.54,19.48,$13.62B,$17.31B,0.79,$0.00B,$27.79B,0.0,$46.14B,$19.28B,41.80%,$46.14B,$15.25B,33.06%,$46.14B,$15.25B,33.06%,$46.14B,$15.52B,33.63%,$46.14B,$14.01B,30.36%,$46.14B,$3.08B,6.68%,$3.08B,$27.79B,10.09%,$3.08B,$27.21B,10.18%,$3.08B,$237.73B,1.35%,$15.25B,$27.79B,49.89%,$12954,$9944,$3010,$0,$1843,$11787,$1167,$-478,$689,$95,$594,$586,$586,$1167,$1167,$5774,5774,$0.10,$0.10,$7274,$0,$0,$13621,$0,$136546,$579,$80850,$218290,$237726,$17310,$0,$192626,$192626,$209936,$4415,$17868,$0,$27790,$237726,$0,$0,$0,$0,$0,$0,$0,$0,$0,$17934,$-478,$0,$0,$0,$0,$-20490,$4323,$-16645,$0,$0,$0,$0,$0,$-1775,$349,$-1426,$-199,$0,$0
22,2011-06-30,15.36,$0.00,0.0,$8.15,1.89,$9.91,1.55,$0.62,24.77,$102.02B,$9.55B,10.69,$0.00B,$30.62B,0.0,$46.33B,$19.77B,42.68%,$46.33B,$15.87B,34.26%,$46.33B,$15.87B,34.26%,$46.33B,$16.14B,34.84%,$46.33B,$14.58B,31.47%,$46.33B,$3.52B,7.60%,$3.52B,$30.62B,11.26%,$3.52B,$30.62B,11.36%,$3.52B,$238.22B,1.60%,$15.87B,$30.62B,50.78%,$0,$0,$0,$0,$0,$0,$0,$0,$0,$0,$0,$0,$0,$0,$0,$0,0,$0.00,$0.00,$89113,$0,$0,$102020,$0,$130257,$0,$2974,$133231,$238221,$9545,$0,$198053,$198055,$207599,$4353,$25993,$0,$30622,$238221,$0,$0,$0,$0,$0,$0,$0,$0,$0,$0,$0,$0,$0,$0,$0,$0,$0,$0,$0,$0,$0,$0,$0,$0,$0,$0,$0,$0,$0
23,2011-03-31,16.34,$0.00,0.0,$10.40,1.57,$9.91,1.65,$0.82,19.92,$18.99B,$17.15B,1.11,$0.00B,$32.73B,0.0,$59.06B,$32.50B,55.03%,$59.06B,$28.60B,48.43%,$59.06B,$28.60B,48.43%,$59.06B,$28.87B,48.88%,$59.06B,$27.31B,46.24%,$59.06B,$4.67B,7.90%,$4.67B,$32.73B,15.20%,$4.67B,$32.16B,15.34%,$4.67B,$230.16B,2.23%,$28.60B,$32.73B,93.13%,$21309,$16907,$4402,$0,$2192,$19098,$2211,$-705,$1446,$226,$1219,$1213,$1213,$2211,$2211,$5694,5694,$0.21,$0.21,$12550,$0,$0,$18989,$0,$46788,$567,$160998,$208364,$230159,$17148,$0,$180280,$180280,$197428,$4296,$28161,$0,$32731,$230159,$0,$0,$0,$0,$0,$0,$0,$0,$0,$9236,$-235,$0,$0,$0,$0,$-6918,$0,$-7153,$0,$0,$0,$0,$0,$0,$3212,$3212,$5279,$0,$0
24,2010-12-31,17.83,$0.00,0.0,$9.97,1.79,$8.33,2.14,$0.87,20.49,$16.37B,$12.45B,1.32,$0.00B,$31.13B,0.0,$56.58B,$44.74B,79.07%,$56.58B,$40.46B,71.51%,$56.58B,$40.46B,71.51%,$56.58B,$40.73B,71.98%,$56.58B,$27.68B,48.92%,$56.58B,$4.95B,8.75%,$4.95B,$31.13B,16.18%,$4.95B,$31.13B,16.32%,$4.95B,$208.63B,2.49%,$40.46B,$31.13B,132.30%,$11872,$0,$11872,$0,$0,$0,$11872,$0,$11872,$0,$11872,$1284,$1284,$12138,$11872,$5601,5601,$0.23,$0.23,$7078,$0,$0,$16372,$0,$122018,$0,$2123,$124141,$208625,$12448,$0,$165042,$165047,$177495,$4180,$11822,$0,$31129,$208625,$6065,$266,$0,$266,$0,$0,$0,$0,$324,$26415,$-408,$0,$0,$0,$0,$-10500,$-9197,$-20105,$0,$0,$0,$0,$0,$-2926,$-1612,$-4538,$1724,$0,$0
25,2010-09-30,17.34,$0.00,0.0,$9.21,1.88,$7.50,2.31,$0.98,17.69,$10.63B,$14.33B,0.74,$0.00B,$30.56B,0.0,$52.39B,$40.55B,77.40%,$52.39B,$36.27B,69.23%,$52.39B,$36.27B,69.23%,$52.39B,$36.50B,69.67%,$52.39B,$23.49B,44.84%,$52.39B,$5.59B,10.66%,$5.59B,$30.56B,18.29%,$5.59B,$30.01B,18.45%,$5.59B,$203.03B,2.92%,$36.27B,$30.56B,118.79%,$13149,$9650,$3500,$0,$1709,$11358,$1791,$-531,$1260,$229,$1031,$1022,$1022,$1791,$1791,$5759,5759,$0.18,$0.18,$5809,$0,$0,$10626,$0,$121391,$549,$66338,$188278,$203028,$14329,$0,$157888,$158143,$172472,$4180,$22577,$0,$30556,$203028,$0,$0,$0,$0,$0,$0,$0,$0,$0,$21665,$-416,$0,$0,$0,$0,$-15280,$0,$-15696,$0,$0,$0,$0,$0,$-2926,$-2569,$-5495,$458,$0,$0
26,2010-06-30,19.0,$0.00,0.0,$8.89,2.14,$6.56,2.9,$0.95,20.0,$73.16B,$12.70B,5.76,$0.00B,$28.43B,0.0,$50.83B,$39.62B,77.94%,$50.83B,$35.61B,70.05%,$50.83B,$35.61B,70.05%,$50.83B,$35.84B,70.51%,$50.83B,$23.31B,45.85%,$50.83B,$5.45B,10.72%,$5.45B,$28.43B,19.23%,$5.45B,$28.43B,19.39%,$5.45B,$194.09B,2.99%,$35.61B,$28.43B,125.71%,$12729,$0,$12729,$0,$0,$0,$12729,$0,$12729,$0,$12729,$1149,$1149,$12729,$12729,$5653,5653,$0.20,$0.20,$68489,$0,$0,$73159,$0,$116748,$0,$1552,$118301,$194092,$12700,$0,$152896,$152962,$165662,$4155,$24031,$0,$28430,$194092,$0,$0,$0,$0,$0,$0,$0,$0,$0,$0,$0,$0,$0,$0,$0,$0,$0,$0,$0,$0,$0,$0,$0,$0,$0,$0,$0,$0,$0
27,2010-03-31,20.52,$0.00,0.0,$6.92,2.97,$6.56,3.13,$1.06,19.42,$13.00B,$10.96B,1.19,$0.00B,$32.22B,0.0,$39.71B,$28.49B,71.75%,$39.71B,$24.48B,61.66%,$39.71B,$24.48B,61.66%,$39.71B,$24.71B,62.24%,$39.71B,$12.18B,30.67%,$39.71B,$6.07B,15.28%,$6.07B,$32.22B,21.14%,$6.07B,$31.72B,21.30%,$6.07B,$188.37B,3.45%,$24.48B,$32.22B,85.28%,$18832,$2193,$16639,$0,$2569,$4762,$14070,$-12342,$1819,$312,$1507,$1494,$1494,$14070,$14070,$5674,5674,$0.26,$0.26,$8178,$0,$0,$13003,$0,$44493,$496,$127838,$172838,$188371,$10956,$0,$145198,$145198,$156154,$4155,$25088,$0,$32217,$188371,$0,$0,$0,$0,$0,$0,$0,$0,$0,$0,$0,$0,$0,$0,$0,$0,$0,$0,$0,$0,$0,$0,$0,$0,$0,$0,$0,$0,$0
28,2009-12-31,20.9,$0.00,0.0,$6.47,3.23,$7.94,2.63,$0.96,21.84,$11.77B,$4.92B,2.39,$0.00B,$30.94B,0.0,$36.88B,$23.78B,64.49%,$36.88B,$19.27B,52.25%,$36.88B,$19.27B,52.25%,$36.88B,$19.50B,52.88%,$36.88B,$11.32B,30.68%,$36.88B,$5.47B,14.83%,$5.47B,$30.94B,21.02%,$5.47B,$30.94B,21.19%,$5.47B,$179.77B,3.25%,$19.27B,$30.94B,74.06%,$7683,$0,$7683,$0,$0,$0,$7683,$0,$7683,$0,$7683,$1920,$1920,$7914,$7683,$5653,5653,$0.34,$0.34,$5306,$0,$0,$11773,$0,$112912,$0,$52525,$165436,$179769,$4919,$0,$143093,$143907,$148826,$4144,$26800,$0,$30943,$179769,$6120,$230,$0,$230,$0,$0,$0,$0,$2397,$21946,$-416,$0,$0,$0,$0,$-11147,$-12443,$-24006,$0,$3249,$0,$0,$0,$-953,$74,$2370,$310,$0,$0
29,2009-09-30,18.72,$0.00,0.0,$5.52,3.39,$6.24,3.0,$0.78,24.1,$12.15B,$1.69B,7.2,$0.00B,$21.72B,0.0,$31.45B,$19.02B,60.47%,$31.45B,$19.27B,61.27%,$31.45B,$19.27B,61.27%,$31.45B,$21.16B,67.28%,$31.45B,$6.04B,19.20%,$31.45B,$4.43B,14.08%,$4.43B,$21.72B,17.87%,$4.43B,$21.31B,18.02%,$4.43B,$165.40B,2.75%,$19.27B,$21.72B,77.75%,$11589,$9023,$2566,$0,$1438,$10461,$1128,$-73,$1075,$193,$882,$885,$885,$1128,$1128,$5898,5898,$0.15,$0.15,$8545,$0,$0,$12150,$0,$37911,$403,$69757,$108242,$165401,$1689,$0,$141752,$141997,$143685,$4144,$6018,$0,$21715,$165401,$0,$0,$0,$0,$0,$0,$0,$0,$0,$16353,$-130,$0,$0,$0,$0,$-9086,$-1080,$-10296,$0,$0,$0,$0,$0,$-991,$-1514,$-2505,$3549,$0,$0
30,2009-06-30,15.79,$0.00,0.0,$3.67,4.3,$3.67,4.3,$0.63,25.2,$53.58B,$9.66B,5.55,$0.00B,$29.96B,0.0,$31.10B,$18.69B,60.09%,$31.10B,$18.97B,61.00%,$31.10B,$18.97B,61.00%,$31.10B,$20.86B,67.08%,$31.10B,$5.34B,17.15%,$31.10B,$3.89B,12.51%,$3.89B,$29.96B,16.09%,$3.89B,$29.96B,16.22%,$3.89B,$170.57B,2.53%,$18.97B,$29.96B,78.45%,$1601,$0,$1601,$0,$0,$0,$1601,$0,$1601,$0,$1601,$1769,$1769,$1601,$1601,$5760,5760,$0.31,$0.31,$49644,$0,$0,$53581,$0,$103777,$0,$1622,$114039,$170567,$9658,$0,$130950,$130950,$140608,$4155,$25804,$0,$29959,$170567,$0,$0,$0,$0,$0,$0,$0,$0,$0,$0,$0,$0,$0,$0,$0,$0,$0,$0,$0,$0,$0,$0,$0,$0,$0,$0,$0,$0,$0
31,2009-03-31,13.9,$0.00,0.0,$3.39,4.1,$3.67,3.78,$0.32,43.43,$14.09B,$2.18B,6.45,$0.00B,$21.45B,0.0,$29.50B,$17.09B,57.93%,$29.50B,$17.37B,58.89%,$29.50B,$17.37B,58.89%,$29.50B,$19.26B,65.30%,$29.50B,$3.73B,12.66%,$29.50B,$3.95B,13.37%,$3.95B,$21.45B,17.38%,$3.95B,$21.05B,17.54%,$3.95B,$156.96B,2.70%,$17.37B,$21.45B,76.54%,$16007,$4074,$11933,$0,$3075,$7149,$8858,$-7098,$957,$162,$795,$896,$896,$8858,$8858,$5574,5574,$0.16,$0.16,$8441,$0,$0,$14094,$0,$34781,$408,$64053,$99447,$156964,$2184,$0,$133185,$133326,$135510,$4155,$16740,$0,$21454,$156964,$0,$0,$0,$0,$0,$0,$0,$0,$0,$7762,$-70,$0,$0,$0,$0,$-4935,$0,$-5004,$0,$0,$0,$0,$0,$0,$672,$672,$3430,$0,$0
32,2008-12-31,13.1,$0.00,0.0,$0.71,18.49,$2.35,5.57,$0.16,81.86,$10.31B,$1.64B,6.29,$0.00B,$26.01B,0.0,$29.83B,$16.34B,54.79%,$29.83B,$12.14B,40.70%,$29.83B,$12.14B,40.70%,$29.83B,$14.03B,47.04%,$29.83B,$3.28B,11.01%,$29.83B,$3.55B,11.88%,$3.55B,$26.01B,15.65%,$3.55B,$26.01B,15.78%,$3.55B,$150.46B,2.56%,$12.14B,$26.01B,53.59%,$2255,$-665,$2920,$0,$-4763,$-5428,$7683,$535,$2406,$160,$2246,$880,$880,$9574,$7683,$5607,5607,$0.16,$0.16,$4908,$0,$0,$10309,$0,$94917,$0,$34225,$137532,$150455,$1640,$0,$122428,$122802,$124442,$4070,$21943,$0,$26013,$150455,$3284,$1891,$0,$1891,$0,$0,$0,$0,$6767,$12208,$-380,$0,$0,$0,$0,$-11891,$-10261,$-22532,$0,$1626,$0,$0,$0,$-1709,$11711,$11628,$1263,$0,$0
33,2008-09-30,15.7,$0.00,0.0,$0.31,51.28,$0.43,36.84,0,0.0,$8.31B,$8.00B,1.04,$0.00B,$19.31B,0.0,$27.58B,$13.42B,48.68%,$27.58B,$4.46B,16.17%,$27.58B,$4.46B,16.17%,$27.58B,$4.46B,16.17%,$27.58B,$0.88B,3.18%,$27.58B,$4.63B,16.80%,$4.63B,$19.31B,20.20%,$4.63B,$18.92B,20.37%,$4.63B,$138.18B,3.52%,$4.46B,$19.31B,19.44%,$11238,$9002,$2236,$0,$1405,$10407,$831,$-460,$371,$27,$344,$345,$345,$831,$831,$0,94004,$0.00,$0.00,$4455,$0,$0,$8307,$0,$34635,$388,$63707,$99168,$138177,$8003,$0,$110721,$110865,$118868,$4127,$14775,$0,$19309,$138177,$0,$0,$0,$0,$0,$0,$0,$0,$-7,$17494,$-235,$0,$0,$0,$0,$-15308,$0,$-15543,$0,$0,$0,$0,$0,$-1747,$681,$-1066,$759,$0,$0
34,2008-06-30,14.73,$0.00,0.0,$0.19,78.92,$0.24,60.71,0,0.0,$36.67B,$1.87B,19.57,$0.00B,$24.01B,0.0,$16.34B,$11.19B,68.47%,$16.34B,$3.63B,22.20%,$16.34B,$3.63B,22.20%,$16.34B,$3.63B,22.20%,$16.34B,$0.51B,3.10%,$16.34B,$5.33B,32.63%,$5.33B,$24.01B,29.44%,$5.33B,$24.01B,29.60%,$5.33B,$138.81B,5.50%,$3.63B,$24.01B,20.03%,$0,$0,$0,$0,$0,$0,$0,$0,$0,$0,$0,$1824,$1824,$0,$0,$0,85490,$0.00,$0.02,$31892,$0,$0,$36669,$0,$89446,$0,$1688,$99045,$138814,$1874,$0,$112628,$112930,$114803,$4070,$19940,$0,$24010,$138814,$0,$0,$0,$0,$0,$0,$0,$0,$0,$0,$0,$0,$0,$0,$0,$0,$0,$0,$0,$0,$0,$0,$0,$0,$0,$0,$0,$0,$0
35,2008-03-31,14.48,$0.00,0.0,$0.19,77.59,$0.24,59.69,0,0.0,$8.67B,$9.53B,0.91,$0.00B,$21.30B,0.0,$16.34B,$11.19B,68.47%,$16.34B,$3.63B,22.20%,$16.34B,$3.63B,22.20%,$16.34B,$3.63B,22.20%,$16.34B,$0.51B,3.10%,$16.34B,$3.51B,21.47%,$3.51B,$21.30B,19.96%,$3.51B,$20.93B,20.06%,$3.51B,$125.68B,3.90%,$3.63B,$21.30B,20.64%,$16339,$5151,$11188,$0,$7560,$12711,$3628,$-3121,$507,$13,$493,$496,$496,$3628,$3628,$0,87551,$0.00,$0.01,$5053,$0,$0,$8668,$0,$29709,$373,$80388,$110470,$125676,$9525,$0,$94725,$94852,$104377,$3957,$16043,$0,$21299,$125676,$0,$0,$0,$0,$0,$0,$0,$0,$0,$5113,$-24,$0,$0,$0,$0,$-3536,$0,$-3560,$0,$-30,$0,$0,$0,$0,$0,$-30,$1509,$0,$0
36,2007-12-31,21.28,$0.00,0.0,0,0.0,$0.18,115.33,0,0.0,$6.53B,$0.01B,495.02,$0.00B,$27.13B,0.0,$12.10B,$7.13B,58.91%,$12.10B,$6.08B,50.23%,$12.10B,$6.08B,50.23%,$12.10B,$6.08B,50.23%,$12.10B,$1.28B,10.54%,$12.10B,$4.16B,34.35%,$4.16B,$27.13B,33.94%,$4.16B,$27.13B,33.94%,$4.16B,$123.25B,7.12%,$6.08B,$27.13B,49.62%,$0,$0,$0,$0,$0,$0,$0,$0,$0,$0,$0,$1969,$1969,$0,$0,$0,85622,$0.00,$0.02,$3342,$0,$0,$6534,$0,$84259,$0,$23331,$113834,$123249,$13,$0,$94897,$96110,$96123,$3731,$23395,$0,$27126,$123249,$5992,$1918,$0,$1918,$0,$0,$0,$0,$12745,$16217,$-420,$0,$0,$0,$0,$-18125,$261,$-18284,$0,$-1073,$0,$0,$0,$-522,$443,$-1152,$-3286,$0,$0
37,2007-09-30,23.98,$0.00,0.0,0,0.0,0,0.0,0,0.0,$0.00B,$0.00B,0.0,$0.00B,$0.00B,0.0,$12.10B,$7.13B,58.91%,$12.10B,$6.08B,50.23%,$12.10B,$6.08B,50.23%,$12.10B,$6.08B,50.23%,$12.10B,$1.28B,10.54%,$12.10B,$2.19B,18.08%,$2.19B,$0.00B,22.18%,$2.19B,$0.00B,22.18%,$2.19B,$0.00B,4.23%,$6.08B,$0.00B,61.60%,$0,$0,$0,$0,$0,$0,$0,$0,$0,$0,$0,$1043,$1043,$0,$0,$0,86953,$0.00,$0.01,$0,$0,$0,$0,$0,$0,$0,$0,$0,$0,$0,$0,$0,$0,$0,$0,$0,$0,$0,$0,$0,$0,$0,$0,$0,$0,$0,$0,$0,$0,$0,$0,$0,$0,$0,$0,$0,$0,$0,$0,$0,$0,$0,$0,$0,$0,$0,$0,$0
38,2007-06-30,14.93,$0.00,0.0,0,0.0,0,0.0,0,0.0,$32.80B,$7.83B,4.19,$0.00B,$21.88B,0.0,$12.10B,$7.13B,58.91%,$12.10B,$6.08B,50.23%,$12.10B,$6.08B,50.23%,$12.10B,$6.08B,50.23%,$12.10B,$1.28B,10.54%,$12.10B,$1.15B,9.47%,$1.15B,$21.88B,8.99%,$1.15B,$21.88B,8.99%,$1.15B,$110.48B,1.58%,$6.08B,$21.88B,47.70%,$0,$0,$0,$0,$0,$0,$0,$0,$0,$0,$0,$0,$0,$0,$0,$0,0,$0.00,$0.00,$29882,$0,$0,$32795,$0,$69116,$0,$1166,$75429,$110475,$7834,$0,$80195,$80758,$88592,$3674,$18100,$0,$21882,$110475,$0,$0,$0,$0,$0,$0,$0,$0,$0,$0,$0,$0,$0,$0,$0,$0,$0,$0,$0,$0,$0,$0,$0,$0,$0,$0,$0,$0,$0
