,Date,Stock Price,Book Value per Share,Price to Book Ratio,TTM Sales per Share,Price to Sales Ratio,TTM FCF per Share,Price to FCF Ratio,TTM Net EPS,PE Ratio,Current Assets,Current Liabilities,Current Ratio,Long Term Debt,Shareholder's Equity_x,Debt to Equity Ratio,TTM Revenue_x,TTM Gross Profit,Gross Margin,TTM Revenue_y,TTM Operating Income,Operating Margin,TTM Revenue_x,TTM EBIT,EBIT Margin,TTM Revenue_y,TTM EBITDA,EBITDA Margin,TTM Revenue_x,TTM Pre-Tax Income,Pre-Tax Margin,TTM Revenue_y,TTM Net Income_x,Net Margin,TTM Net Income_y,Shareholder's Equity_y,Return on Equity,TTM Net Income_x,Tangible Equity,Return on Tangible Equity,TTM Net Income_y,Total Assets,Return on Assets,TTM Net Income,LT Investments & Debt,Return on Investment,revenue,cost-goods-sold,gross-profit,research-development-expenses,selling-general-administrative-expenses,operating-expenses,operating-income,total-non-operating-income-expense,pre-tax-income,total-provision-income-taxes,income-after-taxes,income-from-continuous-operations,net-income,ebitda,ebit,basic-shares-outstanding,shares-outstanding,eps-basic-net-earnings-per-share,eps-earnings-per-share-diluted,cash-on-hand,inventory,other-current-assets,total-current-assets,net-property-plant-equipment,long-term-investments,goodwill-intangible-assets-total,other-long-term-assets,total-long-term-assets,total-assets,total-current-liabilities,long-term-debt,other-non-current-liabilities,total-long-term-liabilities,total-liabilities,common-stock-net,retained-earnings-accumulated-deficit,comprehensive-income,total-share-holder-equity,total-liabilities-share-holders-equity,net-income-loss,total-depreciation-amortization-cash-flow,other-non-cash-items,total-non-cash-items,change-in-accounts-receivable,change-in-inventories,change-in-accounts-payable,change-in-assets-liabilities,total-change-in-assets-liabilities,cash-flow-from-operating-activities,net-change-in-property-plant-equipment,net-change-in-intangible-assets,net-acquisitions-divestitures,net-change-in-short-term-investments,net-change-in-long-term-investments,net-change-in-investments-total,investing-activities-other,cash-flow-from-investing-activities,net-long-term-debt,net-current-debt,debt-issuance-retirement-net-total,net-common-equity-issued-repurchased,net-total-equity-issued-repurchased,total-common-preferred-stock-dividends-paid,financial-activities-other,cash-flow-from-financial-activities,net-cash-flow,stock-based-compensation,common-stock-dividends-paid
0,2018-09-30,197.89,$60.40,3.28,$65.48,3.02,$22.68,8.73,$4.74,41.75,$1.05B,$0.30B,3.46,$0.69B,$1.52B,0.46,$1.62B,$0.63B,38.62%,$1.62B,$0.23B,13.88%,$1.62B,$0.23B,13.88%,$1.62B,$0.32B,19.49%,$1.62B,$0.21B,12.89%,$1.62B,$0.12B,7.46%,$0.12B,$1.52B,9.03%,$0.12B,$0.31B,47.17%,$0.12B,$2.66B,5.03%,$0.23B,$2.21B,11.29%,$439,$260,$180,$20,$70,$363,$76,$-8,$68,$15,$54,$54,$54,$102,$76,$25,25,$2.13,$2.10,$498,$247,$0,$1053,$344,$29,$1208,$21,$1611,$2663,$304,$691,$67,$840,$1144,$0,$835,$-98,$1519,$2663,$132,$76,$54,$130,$-21,$-18,$17,$-10,$-10,$252,$-55,$0,$-313,$0,$0,$0,$0,$-369,$207,$0,$207,$18,$18,$-29,$-1,$195,$69,$23,$-29
1,2018-06-30,227.73,$59.77,3.81,$62.09,3.67,$20.75,10.97,$4.51,50.49,$0.96B,$0.27B,3.59,$0.69B,$1.47B,0.47,$1.50B,$0.58B,38.67%,$1.50B,$0.21B,13.87%,$1.50B,$0.21B,13.87%,$1.50B,$0.29B,19.27%,$1.50B,$0.20B,13.13%,$1.50B,$0.11B,7.33%,$0.11B,$1.47B,9.22%,$0.11B,$0.25B,44.58%,$0.11B,$2.59B,5.08%,$0.21B,$2.16B,11.58%,$459,$290,$169,$23,$73,$400,$60,$-7,$52,$10,$42,$42,$42,$86,$60,$25,25,$1.69,$1.67,$408,$239,$0,$958,$339,$31,$1222,$27,$1630,$2588,$267,$688,$76,$851,$1118,$0,$792,$-90,$1470,$2588,$78,$50,$56,$106,$-33,$-2,$14,$-5,$-43,$141,$-40,$0,$-310,$0,$0,$0,$0,$-351,$270,$-60,$210,$6,$6,$-18,$-1,$196,$-22,$16,$-18
2,2018-03-31,207.41,$58.90,3.52,$57.62,3.6,$19.63,10.56,$4.95,41.9,$0.97B,$0.26B,3.68,$0.74B,$1.44B,0.52,$1.35B,$0.54B,40.18%,$1.35B,$0.21B,15.36%,$1.35B,$0.21B,15.36%,$1.35B,$0.28B,20.61%,$1.35B,$0.20B,14.92%,$1.35B,$0.12B,8.64%,$0.12B,$1.44B,11.15%,$0.12B,$0.20B,47.23%,$0.12B,$2.63B,6.08%,$0.21B,$2.19B,13.01%,$418,$268,$150,$23,$78,$380,$38,$7,$45,$9,$36,$36,$36,$61,$38,$24,25,$1.48,$1.45,$412,$264,$0,$973,$337,$31,$1246,$28,$1654,$2628,$264,$743,$81,$921,$1186,$0,$759,$-74,$1442,$2628,$36,$24,$26,$49,$-8,$-0,$3,$-3,$-16,$69,$-18,$0,$-306,$0,$0,$0,$0,$-324,$298,$-47,$251,$-0,$-0,$-9,$-1,$240,$-17,$9,$-9
3,2017-12-31,196.74,$41.64,4.72,$53.17,3.7,$18.02,10.92,$5.19,37.91,$0.79B,$0.23B,3.53,$0.49B,$0.93B,0.53,$1.22B,$0.51B,41.61%,$1.22B,$0.22B,17.94%,$1.22B,$0.22B,17.94%,$1.22B,$0.28B,23.10%,$1.22B,$0.20B,16.71%,$1.22B,$0.12B,9.83%,$0.12B,$0.93B,13.29%,$0.12B,$0.27B,47.71%,$0.12B,$1.74B,7.26%,$0.22B,$1.42B,15.84%,$305,$178,$127,$14,$56,$254,$51,$-7,$44,$55,$-11,$-11,$-11,$67,$51,$23,23,$-0.45,$-0.46,$430,$141,$0,$792,$251,$11,$657,$17,$948,$1740,$225,$489,$63,$588,$813,$0,$722,$-64,$928,$1740,$120,$63,$41,$104,$-11,$-20,$6,$20,$46,$269,$-65,$0,$-39,$4,$0,$4,$4,$-96,$124,$-113,$11,$-2,$-2,$-32,$-2,$-25,$155,$16,$-32
4,2017-09-30,194.47,$41.09,4.73,$52.40,3.71,$15.02,12.95,$6.86,28.35,$0.76B,$0.23B,3.36,$0.49B,$0.93B,0.53,$1.20B,$0.50B,41.22%,$1.20B,$0.21B,17.40%,$1.20B,$0.21B,17.40%,$1.20B,$0.27B,22.56%,$1.20B,$0.19B,15.99%,$1.20B,$0.16B,13.16%,$0.16B,$0.93B,18.06%,$0.16B,$0.27B,67.67%,$0.16B,$1.70B,9.94%,$0.21B,$1.43B,15.54%,$318,$184,$134,$12,$57,$259,$59,$-3,$56,$13,$43,$43,$43,$75,$59,$23,23,$1.88,$1.87,$373,$137,$0,$759,$245,$11,$661,$9,$943,$1702,$226,$492,$26,$543,$769,$0,$741,$-73,$933,$1702,$130,$47,$18,$65,$-27,$-17,$9,$16,$-14,$181,$-48,$0,$-39,$4,$0,$4,$4,$-79,$19,$0,$19,$-2,$-2,$-23,$-0,$-6,$98,$12,$-23
5,2017-06-30,163.47,$39.42,4.15,$50.88,3.21,$12.10,13.51,$6.34,25.78,$0.71B,$0.20B,3.49,$0.47B,$0.90B,0.53,$1.16B,$0.48B,40.84%,$1.16B,$0.18B,15.31%,$1.16B,$0.18B,15.31%,$1.16B,$0.25B,21.58%,$1.16B,$0.17B,14.27%,$1.16B,$0.15B,12.55%,$0.15B,$0.90B,17.33%,$0.15B,$0.25B,70.36%,$0.15B,$1.62B,9.55%,$0.18B,$1.37B,13.72%,$313,$181,$133,$13,$53,$253,$60,$-3,$57,$9,$49,$49,$49,$76,$60,$23,23,$2.13,$2.11,$322,$125,$0,$705,$233,$12,$643,$11,$917,$1622,$202,$474,$26,$525,$727,$0,$707,$-73,$895,$1622,$88,$31,$13,$43,$-32,$-9,$8,$4,$-37,$94,$-28,$0,$-14,$4,$0,$4,$2,$-36,$119,$-113,$7,$-2,$-2,$-15,$-0,$-10,$47,$9,$-15
6,2017-03-31,158.11,$37.71,4.19,$49.26,3.21,$9.94,15.91,$5.43,29.12,$0.63B,$0.18B,3.58,$0.46B,$0.86B,0.54,$1.12B,$0.44B,39.22%,$1.12B,$0.15B,13.19%,$1.12B,$0.15B,13.19%,$1.12B,$0.22B,19.52%,$1.12B,$0.14B,12.75%,$1.12B,$0.12B,11.05%,$0.12B,$0.86B,15.27%,$0.12B,$0.21B,61.85%,$0.12B,$1.54B,8.50%,$0.15B,$1.32B,11.94%,$285,$172,$114,$12,$47,$237,$49,$-1,$47,$9,$39,$39,$39,$64,$49,$23,23,$1.71,$1.69,$278,$118,$0,$634,$224,$12,$644,$10,$910,$1544,$177,$464,$24,$511,$688,$0,$666,$-69,$856,$1544,$39,$15,$5,$20,$-11,$-3,$-3,$-2,$-36,$23,$-12,$0,$-14,$4,$0,$4,$1,$-22,$123,$-113,$10,$0,$0,$-7,$-0,$3,$3,$4,$-7
7,2016-12-31,149.76,$36.68,4.08,$46.54,3.22,$9.49,15.78,$4.59,32.63,$0.61B,$0.19B,3.26,$0.45B,$0.82B,0.55,$1.06B,$0.41B,39.11%,$1.06B,$0.13B,12.41%,$1.06B,$0.13B,12.41%,$1.06B,$0.20B,18.75%,$1.06B,$0.12B,11.65%,$1.06B,$0.10B,9.85%,$0.10B,$0.82B,13.14%,$0.10B,$0.20B,48.65%,$0.10B,$1.49B,7.31%,$0.13B,$1.26B,10.96%,$285,$170,$114,$11,$56,$244,$41,$-9,$32,$5,$27,$27,$27,$56,$41,$23,23,$1.20,$1.20,$279,$114,$0,$612,$217,$14,$617,$11,$879,$1491,$188,$448,$20,$489,$676,$0,$634,$-75,$815,$1491,$104,$68,$15,$83,$-23,$9,$19,$-3,$-7,$180,$-46,$0,$-471,$0,$0,$0,$6,$-511,$256,$36,$292,$20,$20,$-28,$-0,$284,$-54,$12,$-28
8,2016-09-30,126.81,$35.48,3.57,$43.71,2.9,$8.96,14.16,$4.40,28.82,$0.56B,$0.19B,2.96,$0.43B,$0.00B,0.0,$0.99B,$0.38B,38.55%,$0.99B,$0.12B,12.11%,$0.99B,$0.12B,12.11%,$0.99B,$0.18B,18.37%,$0.99B,$0.12B,12.21%,$0.99B,$0.10B,9.89%,$0.10B,$0.80B,12.69%,$0.10B,$0.17B,35.16%,$0.10B,$1.46B,7.44%,$0.12B,$1.24B,11.05%,$280,$167,$114,$10,$57,$253,$28,$3,$30,$-0,$31,$31,$31,$55,$28,$23,23,$1.36,$1.35,$198,$122,$0,$555,$224,$15,$634,$13,$903,$1458,$188,$434,$19,$467,$655,$0,$0,$0,$803,$1458,$77,$53,$16,$69,$-18,$5,$8,$-25,$-46,$100,$-34,$0,$-469,$0,$0,$0,$4,$-498,$271,$0,$271,$11,$11,$-20,$1,$262,$-134,$9,$-20
9,2016-06-30,116.05,$34.36,3.38,$40.87,2.84,$9.53,12.18,$3.55,32.69,$0.52B,$0.18B,2.91,$0.36B,$0.00B,0.0,$0.93B,$0.35B,38.19%,$0.93B,$0.10B,10.90%,$0.93B,$0.10B,10.90%,$0.93B,$0.15B,15.75%,$0.93B,$0.10B,11.22%,$0.93B,$0.08B,8.41%,$0.08B,$0.78B,10.33%,$0.08B,$0.22B,22.33%,$0.08B,$1.34B,6.36%,$0.10B,$1.14B,10.28%,$272,$174,$98,$12,$51,$242,$30,$4,$34,$7,$27,$27,$27,$44,$30,$23,23,$1.21,$1.20,$183,$125,$0,$520,$225,$14,$551,$18,$822,$1342,$179,$362,$13,$388,$567,$0,$0,$0,$775,$1342,$46,$25,$13,$38,$-25,$-1,$3,$-8,$-49,$35,$-20,$0,$-354,$0,$0,$0,$0,$-374,$38,$161,$199,$3,$3,$-13,$-0,$189,$-149,$6,$-13
10,2016-03-31,120.57,$34.41,3.5,$38.60,3.12,$10.41,11.59,$3.61,33.4,$0.61B,$0.23B,2.6,$0.37B,$0.00B,0.0,$0.88B,$0.34B,38.88%,$0.88B,$0.11B,12.20%,$0.88B,$0.11B,12.20%,$0.88B,$0.15B,16.99%,$0.88B,$0.11B,12.31%,$0.88B,$0.08B,9.12%,$0.08B,$0.77B,10.62%,$0.08B,$0.26B,19.39%,$0.08B,$1.40B,6.87%,$0.11B,$1.14B,11.71%,$219,$132,$87,$9,$42,$187,$32,$-5,$27,$8,$19,$19,$19,$43,$32,$22,23,$0.86,$0.85,$277,$133,$0,$606,$230,$14,$510,$23,$797,$1403,$233,$371,$12,$397,$630,$0,$0,$0,$773,$1403,$19,$11,$3,$14,$-10,$-3,$4,$-2,$-24,$9,$-9,$0,$-264,$0,$0,$0,$0,$-273,$40,$168,$208,$4,$4,$-6,$-1,$204,$-56,$2,$-6
11,2015-12-31,104.53,$33.51,3.12,$38.14,2.74,$10.87,9.62,$3.64,28.72,$0.58B,$0.21B,2.77,$0.08B,$0.74B,0.11,$0.87B,$0.33B,38.02%,$0.87B,$0.11B,12.10%,$0.87B,$0.11B,12.10%,$0.87B,$0.15B,16.82%,$0.87B,$0.11B,12.33%,$0.87B,$0.08B,9.33%,$0.08B,$0.74B,10.89%,$0.08B,$0.46B,17.70%,$0.08B,$1.07B,7.51%,$0.11B,$0.82B,12.54%,$220,$137,$83,$9,$42,$190,$30,$0,$30,$9,$21,$21,$21,$40,$30,$23,23,$0.94,$0.92,$333,$99,$0,$584,$163,$15,$281,$14,$482,$1065,$211,$84,$18,$115,$326,$0,$558,$-46,$739,$1065,$81,$42,$41,$82,$-3,$-4,$3,$-6,$3,$166,$-44,$0,$-5,$0,$-4,$-4,$8,$-44,$-17,$-7,$-23,$-22,$-22,$-24,$2,$-68,$31,$10,$-24
12,2015-09-30,88.78,$32.79,2.71,$37.54,2.36,$10.83,8.2,$3.50,25.37,$0.61B,$0.23B,2.65,$0.09B,$0.00B,0.0,$0.86B,$0.32B,37.78%,$0.86B,$0.10B,11.81%,$0.86B,$0.10B,11.81%,$0.86B,$0.14B,16.73%,$0.86B,$0.10B,11.93%,$0.86B,$0.08B,9.12%,$0.08B,$0.73B,10.53%,$0.08B,$0.45B,17.32%,$0.08B,$1.09B,7.22%,$0.10B,$0.83B,12.02%,$216,$129,$86,$7,$37,$207,$9,$4,$13,$1,$11,$11,$11,$19,$9,$23,23,$0.50,$0.50,$341,$99,$0,$614,$163,$11,$283,$16,$478,$1092,$232,$92,$11,$126,$358,$0,$0,$0,$734,$1092,$60,$31,$26,$57,$-18,$-4,$4,$0,$-4,$114,$-35,$0,$0,$0,$0,$0,$6,$-29,$-10,$24,$14,$-25,$-25,$-18,$1,$-27,$39,$8,$-18
13,2015-06-30,92.16,$33.76,2.73,$37.64,2.45,$11.09,8.31,$4.32,21.33,$0.60B,$0.20B,2.96,$0.10B,$0.00B,0.0,$0.86B,$0.32B,37.81%,$0.86B,$0.13B,15.40%,$0.86B,$0.13B,15.40%,$0.86B,$0.18B,20.42%,$0.86B,$0.13B,15.17%,$0.86B,$0.10B,11.32%,$0.10B,$0.77B,13.07%,$0.10B,$0.48B,21.77%,$0.10B,$1.10B,8.89%,$0.13B,$0.86B,15.70%,$222,$137,$85,$7,$39,$186,$36,$2,$38,$9,$29,$29,$29,$47,$36,$23,23,$1.26,$1.26,$316,$98,$6,$603,$166,$15,$290,$19,$496,$1099,$204,$97,$15,$128,$332,$0,$0,$0,$767,$1099,$49,$21,$5,$25,$-21,$-1,$3,$2,$-12,$62,$-26,$0,$0,$0,$0,$0,$4,$-23,$-6,$-10,$-16,$6,$6,$-11,$1,$-20,$14,$6,$-11
14,2015-03-31,96.28,$32.49,2.96,$37.62,2.56,$10.82,8.9,$4.14,23.26,$0.57B,$0.19B,2.98,$0.10B,$0.00B,0.0,$0.86B,$0.32B,37.62%,$0.86B,$0.13B,15.19%,$0.86B,$0.13B,15.19%,$0.86B,$0.17B,20.09%,$0.86B,$0.12B,14.49%,$0.86B,$0.09B,10.86%,$0.09B,$0.74B,12.70%,$0.09B,$0.45B,21.64%,$0.09B,$1.06B,8.47%,$0.13B,$0.84B,15.67%,$210,$134,$76,$7,$36,$181,$30,$-3,$26,$6,$20,$20,$20,$40,$30,$23,23,$0.88,$0.88,$298,$96,$6,$567,$161,$13,$290,$23,$492,$1059,$190,$103,$15,$134,$324,$0,$0,$0,$735,$1059,$20,$10,$1,$12,$-4,$0,$-3,$4,$-8,$23,$-12,$0,$0,$0,$0,$0,$0,$-12,$-1,$-4,$-5,$2,$2,$-6,$1,$-8,$-4,$2,$-6
15,2014-12-31,93.4,$32.51,2.87,$37.50,2.49,$10.56,8.84,$4.38,21.33,$0.55B,$0.20B,2.71,$0.11B,$0.73B,0.15,$0.85B,$0.32B,37.98%,$0.85B,$0.13B,15.71%,$0.85B,$0.13B,15.71%,$0.85B,$0.18B,20.63%,$0.85B,$0.13B,15.47%,$0.85B,$0.10B,11.49%,$0.10B,$0.73B,13.52%,$0.10B,$0.43B,23.52%,$0.10B,$1.07B,8.85%,$0.13B,$0.83B,16.34%,$207,$131,$76,$8,$38,$180,$26,$-1,$25,$7,$18,$18,$18,$37,$26,$23,23,$0.80,$0.80,$302,$97,$6,$554,$159,$12,$300,$23,$517,$1071,$204,$107,$16,$139,$343,$0,$523,$-21,$728,$1071,$98,$42,$6,$48,$-13,$-2,$17,$4,$7,$153,$-32,$0,$-56,$2,$0,$2,$-18,$-104,$13,$-38,$-25,$-0,$-0,$-21,$3,$-43,$-8,$9,$-21
16,2014-09-30,82.09,$32.73,2.51,$37.20,2.21,$8.91,9.22,$4.56,18.0,$0.65B,$0.28B,2.3,$0.09B,$0.00B,0.0,$0.84B,$0.33B,38.51%,$0.84B,$0.14B,16.71%,$0.84B,$0.14B,16.71%,$0.84B,$0.18B,21.33%,$0.84B,$0.14B,16.71%,$0.84B,$0.10B,12.32%,$0.10B,$0.74B,14.56%,$0.10B,$0.43B,25.35%,$0.10B,$1.13B,9.49%,$0.14B,$0.83B,17.48%,$218,$130,$87,$7,$37,$177,$40,$1,$41,$11,$30,$30,$30,$51,$40,$23,23,$1.33,$1.32,$378,$100,$6,$646,$157,$13,$306,$7,$488,$1134,$280,$90,$15,$116,$396,$0,$0,$0,$738,$1134,$80,$31,$8,$39,$-10,$-4,$3,$-2,$-15,$104,$-19,$0,$-53,$7,$0,$7,$0,$-65,$-4,$61,$57,$-2,$-2,$-16,$2,$41,$73,$7,$-16
17,2014-06-30,89.33,$32.30,2.77,$36.49,2.45,$7.86,11.36,$4.43,20.17,$0.63B,$0.28B,2.22,$0.09B,$0.00B,0.0,$0.83B,$0.32B,38.57%,$0.83B,$0.14B,16.81%,$0.83B,$0.14B,16.81%,$0.83B,$0.18B,21.28%,$0.83B,$0.14B,16.57%,$0.83B,$0.10B,12.21%,$0.10B,$0.73B,14.53%,$0.10B,$0.41B,25.47%,$0.10B,$1.13B,9.49%,$0.14B,$0.82B,17.63%,$221,$138,$83,$8,$38,$187,$34,$-2,$32,$7,$25,$25,$25,$44,$34,$23,23,$1.09,$1.08,$353,$97,$6,$629,$159,$16,$313,$7,$499,$1129,$284,$91,$15,$118,$401,$0,$0,$0,$727,$1129,$50,$21,$6,$27,$-18,$0,$3,$-2,$-34,$43,$-13,$0,$-53,$0,$0,$0,$0,$-66,$-3,$78,$76,$-3,$-3,$-10,$2,$65,$41,$5,$-10
18,2014-03-31,89.77,$31.35,2.86,$35.13,2.56,$7.66,11.71,$4.53,19.82,$0.60B,$0.27B,2.23,$0.09B,$0.00B,0.0,$0.79B,$0.31B,39.04%,$0.79B,$0.14B,17.13%,$0.79B,$0.14B,17.13%,$0.79B,$0.17B,21.66%,$0.79B,$0.14B,17.63%,$0.79B,$0.10B,12.97%,$0.10B,$0.71B,15.40%,$0.10B,$0.39B,27.28%,$0.10B,$1.10B,10.08%,$0.14B,$0.80B,17.82%,$207,$128,$78,$8,$34,$173,$34,$0,$34,$8,$25,$25,$25,$44,$34,$22,23,$1.13,$1.12,$327,$99,$6,$598,$159,$14,$313,$7,$498,$1096,$268,$93,$17,$121,$389,$0,$0,$0,$706,$1096,$25,$10,$2,$12,$-7,$-1,$0,$-4,$-26,$12,$-6,$0,$-52,$0,$0,$0,$0,$-58,$-1,$67,$66,$4,$4,$-5,$1,$65,$15,$1,$-5
19,2013-12-31,88.88,$30.57,2.91,$33.66,2.64,$7.91,11.23,$4.07,21.84,$0.57B,$0.21B,2.71,$0.09B,$0.69B,0.14,$0.76B,$0.30B,39.18%,$0.76B,$0.13B,17.15%,$0.76B,$0.13B,17.15%,$0.76B,$0.16B,21.64%,$0.76B,$0.12B,16.36%,$0.76B,$0.09B,11.74%,$0.09B,$0.69B,13.87%,$0.09B,$0.40B,23.18%,$0.09B,$1.02B,9.42%,$0.13B,$0.78B,18.24%,$198,$121,$77,$7,$35,$165,$33,$2,$34,$11,$24,$24,$24,$41,$33,$22,23,$1.07,$1.06,$312,$93,$6,$566,$150,$12,$285,$6,$459,$1024,$209,$94,$15,$129,$337,$0,$445,$20,$687,$1024,$89,$34,$24,$58,$-17,$-5,$2,$2,$-30,$117,$-35,$0,$-144,$-6,$0,$-6,$0,$-186,$259,$-124,$136,$22,$22,$-19,$3,$142,$70,$9,$-19
20,2013-09-30,74.61,$29.46,2.53,$32.06,2.33,$8.65,8.62,$3.47,21.5,$0.56B,$0.22B,2.52,$0.10B,$0.00B,0.0,$0.72B,$0.28B,38.80%,$0.72B,$0.12B,15.99%,$0.72B,$0.12B,15.99%,$0.72B,$0.15B,20.72%,$0.72B,$0.11B,14.60%,$0.72B,$0.08B,10.71%,$0.08B,$0.66B,12.48%,$0.08B,$0.38B,20.01%,$0.08B,$1.01B,8.72%,$0.12B,$0.76B,17.31%,$201,$120,$81,$6,$34,$163,$38,$-1,$37,$10,$27,$27,$27,$47,$38,$22,23,$1.20,$1.19,$302,$92,$6,$557,$146,$11,$284,$5,$450,$1007,$221,$95,$15,$125,$347,$0,$0,$0,$660,$1007,$65,$26,$16,$42,$-16,$-5,$0,$1,$-21,$86,$-25,$0,$-145,$-8,$0,$-8,$0,$-179,$100,$45,$145,$19,$19,$-14,$3,$153,$58,$7,$-14
21,2013-06-30,70.97,$27.76,2.56,$30.97,2.29,$8.85,8.02,$3.36,21.12,$0.52B,$0.21B,2.44,$0.10B,$0.00B,0.0,$0.69B,$0.27B,38.64%,$0.69B,$0.11B,15.63%,$0.69B,$0.11B,15.63%,$0.69B,$0.14B,20.41%,$0.69B,$0.10B,14.04%,$0.69B,$0.07B,10.56%,$0.07B,$0.62B,12.22%,$0.07B,$0.34B,18.73%,$0.07B,$0.96B,8.88%,$0.11B,$0.72B,17.39%,$188,$114,$74,$6,$34,$156,$31,$4,$35,$9,$27,$27,$27,$40,$31,$22,22,$1.19,$1.18,$266,$83,$6,$516,$141,$11,$284,$4,$444,$960,$212,$95,$15,$125,$337,$0,$0,$0,$623,$960,$38,$16,$14,$30,$-20,$3,$5,$1,$-29,$39,$-14,$0,$-145,$-8,$0,$-8,$0,$-168,$100,$49,$149,$15,$15,$-9,$3,$158,$22,$5,$-9
22,2013-03-31,64.36,$26.98,2.39,$30.59,2.1,$8.94,7.2,$3.25,19.8,$0.47B,$0.16B,2.93,$0.00B,$0.00B,0.0,$0.68B,$0.26B,38.73%,$0.68B,$0.11B,16.05%,$0.68B,$0.11B,16.05%,$0.68B,$0.14B,20.77%,$0.68B,$0.09B,13.70%,$0.68B,$0.07B,10.16%,$0.07B,$0.60B,11.93%,$0.07B,$0.42B,17.31%,$0.07B,$0.79B,9.04%,$0.11B,$0.60B,18.85%,$171,$106,$65,$6,$29,$143,$28,$-10,$18,$6,$11,$11,$11,$36,$28,$22,22,$0.52,$0.51,$255,$71,$6,$466,$120,$12,$178,$2,$322,$788,$159,$0,$14,$32,$190,$0,$0,$0,$597,$788,$11,$8,$12,$20,$-10,$4,$2,$1,$-15,$16,$-5,$0,$0,$-8,$0,$-8,$0,$-14,$0,$10,$10,$5,$5,$-4,$0,$11,$11,$2,$-4
23,2012-12-31,58.37,$29.34,1.99,$30.27,1.93,$8.68,6.72,$3.40,17.17,$0.45B,$0.16B,2.87,$0.00B,$0.59B,0.0,$0.67B,$0.26B,38.71%,$0.67B,$0.11B,15.99%,$0.67B,$0.11B,15.99%,$0.67B,$0.14B,20.78%,$0.67B,$0.10B,14.95%,$0.67B,$0.08B,11.36%,$0.08B,$0.59B,13.54%,$0.08B,$0.41B,19.69%,$0.08B,$0.78B,10.19%,$0.11B,$0.59B,19.06%,$159,$99,$59,$6,$34,$141,$18,$-3,$15,$3,$12,$12,$12,$26,$18,$22,22,$0.55,$0.53,$235,$76,$6,$445,$121,$19,$182,$2,$332,$778,$155,$0,$12,$35,$190,$0,$435,$17,$588,$778,$75,$31,$15,$46,$-2,$5,$0,$-0,$-5,$116,$-19,$0,$-34,$-5,$8,$3,$-2,$-52,$23,$-25,$-2,$16,$16,$-17,$3,$1,$71,$7,$-17
24,2012-09-30,53.27,$26.44,2.01,$29.70,1.79,$8.92,5.97,$3.66,14.55,$0.43B,$0.16B,2.68,$0.00B,$0.00B,0.0,$0.66B,$0.25B,38.66%,$0.66B,$0.11B,16.29%,$0.66B,$0.11B,16.29%,$0.66B,$0.14B,21.31%,$0.66B,$0.10B,15.83%,$0.66B,$0.08B,12.02%,$0.08B,$0.58B,14.64%,$0.08B,$0.40B,21.35%,$0.08B,$0.76B,10.96%,$0.11B,$0.58B,19.83%,$173,$104,$69,$6,$31,$142,$31,$-2,$29,$6,$23,$23,$23,$39,$31,$22,22,$1.04,$1.03,$207,$81,$7,$430,$118,$27,$184,$2,$334,$763,$161,$0,$12,$22,$183,$0,$0,$0,$581,$763,$63,$23,$8,$31,$-13,$0,$0,$-1,$-19,$76,$-12,$0,$-34,$-15,$18,$3,$0,$-43,$20,$-18,$3,$13,$13,$-12,$2,$6,$43,$6,$-12
25,2012-06-30,53.41,$24.99,2.14,$29.71,1.8,$9.29,5.75,$3.70,14.43,$0.40B,$0.16B,2.58,$0.00B,$0.00B,0.0,$0.66B,$0.25B,38.45%,$0.66B,$0.11B,16.11%,$0.66B,$0.11B,16.11%,$0.66B,$0.14B,21.12%,$0.66B,$0.11B,16.11%,$0.66B,$0.08B,12.31%,$0.08B,$0.55B,15.63%,$0.08B,$0.37B,22.85%,$0.08B,$0.73B,11.54%,$0.11B,$0.55B,20.45%,$176,$106,$70,$5,$31,$144,$32,$-1,$31,$8,$23,$23,$23,$40,$32,$22,22,$1.05,$1.04,$174,$81,$6,$403,$116,$28,$173,$2,$322,$725,$156,$0,$12,$22,$179,$0,$0,$0,$547,$725,$41,$16,$3,$19,$-22,$-2,$0,$-1,$-27,$33,$-6,$0,$-24,$-15,$12,$-2,$0,$-32,$17,$-18,$-1,$11,$11,$-8,$2,$5,$5,$4,$-8
26,2012-03-31,58.68,$24.43,2.4,$29.56,1.98,$9.68,6.06,$3.74,15.69,$0.42B,$0.16B,2.53,$0.00B,$0.00B,0.0,$0.66B,$0.25B,38.39%,$0.66B,$0.11B,16.54%,$0.66B,$0.11B,16.54%,$0.66B,$0.14B,21.55%,$0.66B,$0.11B,16.69%,$0.66B,$0.08B,12.59%,$0.08B,$0.53B,16.16%,$0.08B,$0.37B,23.46%,$0.08B,$0.72B,11.95%,$0.11B,$0.53B,21.23%,$161,$100,$61,$5,$28,$135,$26,$-1,$25,$7,$18,$18,$18,$34,$26,$22,22,$0.81,$0.80,$198,$78,$7,$417,$117,$17,$161,$2,$300,$717,$164,$0,$12,$23,$187,$0,$0,$0,$529,$717,$18,$8,$2,$10,$-14,$-2,$9,$-0,$-19,$8,$-3,$0,$0,$-5,$0,$-5,$0,$-8,$0,$12,$12,$4,$4,$-4,$0,$12,$15,$1,$-4
27,2011-12-31,40.08,$23.25,1.72,$29.73,1.35,$9.88,4.06,$3.89,10.3,$0.38B,$0.15B,2.54,$0.00B,$0.50B,0.0,$0.67B,$0.26B,38.65%,$0.67B,$0.11B,17.14%,$0.67B,$0.11B,17.14%,$0.67B,$0.15B,22.11%,$0.67B,$0.12B,17.44%,$0.67B,$0.09B,13.08%,$0.09B,$0.50B,17.24%,$0.09B,$0.34B,25.16%,$0.09B,$0.68B,12.80%,$0.11B,$0.50B,22.17%,$147,$94,$54,$5,$29,$129,$18,$1,$19,$3,$15,$15,$15,$27,$18,$22,22,$0.72,$0.71,$178,$76,$7,$378,$119,$15,$160,$2,$300,$678,$149,$0,$13,$28,$177,$0,$377,$9,$501,$678,$87,$32,$7,$40,$5,$3,$0,$2,$-6,$121,$-17,$0,$-11,$-14,$-6,$-20,$0,$-49,$61,$-50,$11,$-14,$-14,$-15,$4,$-14,$54,$6,$-15
28,2011-09-30,37.36,$23.08,1.62,$29.53,1.26,$9.14,4.09,$4.07,9.18,$0.39B,$0.17B,2.26,$0.00B,$0.00B,0.0,$0.66B,$0.26B,38.88%,$0.66B,$0.12B,18.15%,$0.66B,$0.12B,18.15%,$0.66B,$0.15B,23.00%,$0.66B,$0.12B,18.31%,$0.66B,$0.09B,13.77%,$0.09B,$0.50B,18.48%,$0.09B,$0.34B,27.16%,$0.09B,$0.69B,13.68%,$0.12B,$0.50B,23.41%,$174,$106,$68,$5,$32,$144,$30,$1,$31,$6,$25,$25,$25,$38,$30,$22,22,$1.13,$1.12,$163,$82,$7,$388,$120,$12,$161,$2,$299,$687,$172,$0,$14,$19,$191,$0,$0,$0,$496,$687,$72,$24,$6,$30,$-12,$-4,$0,$-2,$-18,$84,$-12,$0,$-11,$0,$-3,$-3,$0,$-26,$61,$-42,$19,$-15,$-15,$-11,$3,$-4,$54,$5,$-11
29,2011-06-30,54.33,$23.65,2.3,$29.04,1.87,$8.76,6.2,$3.99,13.62,$0.39B,$0.15B,2.65,$0.00B,$0.00B,0.0,$0.65B,$0.26B,39.38%,$0.65B,$0.12B,19.08%,$0.65B,$0.12B,19.08%,$0.65B,$0.16B,24.00%,$0.65B,$0.12B,19.08%,$0.65B,$0.09B,13.69%,$0.09B,$0.53B,18.66%,$0.09B,$0.37B,27.15%,$0.09B,$0.70B,13.84%,$0.12B,$0.53B,24.42%,$177,$107,$70,$5,$28,$141,$35,$-1,$35,$10,$25,$25,$25,$43,$35,$22,23,$1.13,$1.11,$164,$80,$7,$394,$127,$13,$158,$3,$303,$696,$149,$0,$14,$20,$168,$0,$0,$0,$528,$696,$47,$16,$3,$18,$-19,$-1,$0,$-1,$-19,$46,$-10,$0,$0,$0,$0,$0,$0,$-10,$36,$-40,$-4,$21,$21,$-7,$3,$13,$54,$3,$-7
30,2011-03-31,52.7,$22.41,2.35,$28.26,1.86,$8.23,6.4,$3.78,13.94,$0.35B,$0.11B,3.28,$0.04B,$0.00B,0.0,$0.63B,$0.25B,38.83%,$0.63B,$0.12B,18.54%,$0.63B,$0.12B,18.54%,$0.63B,$0.15B,23.61%,$0.63B,$0.12B,18.70%,$0.63B,$0.08B,13.31%,$0.08B,$0.49B,18.73%,$0.08B,$0.34B,27.34%,$0.08B,$0.66B,13.75%,$0.12B,$0.53B,23.85%,$167,$102,$65,$5,$27,$136,$31,$-0,$31,$9,$22,$22,$22,$39,$31,$22,22,$0.98,$0.96,$132,$77,$7,$352,$129,$14,$156,$3,$305,$657,$107,$39,$12,$57,$164,$0,$0,$0,$493,$657,$22,$8,$4,$11,$-11,$1,$0,$-3,$-19,$14,$-4,$0,$0,$0,$0,$0,$0,$-4,$13,$-12,$1,$10,$10,$-3,$1,$9,$22,$1,$-3
31,2010-12-31,43.3,$20.81,2.08,$27.27,1.59,$8.23,5.26,$3.51,12.34,$0.32B,$0.11B,2.9,$0.04B,$0.45B,0.09,$0.61B,$0.23B,38.32%,$0.61B,$0.11B,17.76%,$0.61B,$0.11B,17.76%,$0.61B,$0.14B,23.03%,$0.61B,$0.11B,17.76%,$0.61B,$0.08B,12.66%,$0.08B,$0.45B,18.12%,$0.08B,$0.30B,26.55%,$0.08B,$0.62B,13.18%,$0.11B,$0.49B,23.03%,$143,$89,$54,$5,$23,$118,$24,$-0,$24,$5,$20,$20,$19,$32,$24,$22,22,$0.91,$0.89,$110,$80,$7,$319,$130,$12,$155,$3,$302,$621,$110,$41,$12,$59,$168,$0,$304,$21,$453,$621,$79,$32,$14,$46,$-13,$-15,$0,$5,$-21,$104,$-17,$0,$-48,$0,$0,$0,$0,$-66,$31,$-21,$11,$-7,$-7,$-3,$2,$2,$39,$5,$-3
32,2010-09-30,40.08,$20.06,2.0,$26.72,1.5,$5.05,7.94,$3.16,12.68,$0.32B,$0.10B,3.29,$0.04B,$0.00B,0.0,$0.59B,$0.22B,37.77%,$0.59B,$0.10B,17.03%,$0.59B,$0.10B,17.03%,$0.59B,$0.14B,22.77%,$0.59B,$0.10B,16.86%,$0.59B,$0.07B,11.80%,$0.07B,$0.43B,17.22%,$0.07B,$0.31B,25.25%,$0.07B,$0.60B,12.45%,$0.10B,$0.48B,22.32%,$163,$96,$67,$4,$28,$129,$34,$-0,$34,$10,$23,$23,$23,$42,$34,$22,22,$1.06,$1.04,$119,$66,$7,$324,$124,$12,$128,$1,$275,$599,$99,$43,$11,$66,$165,$0,$0,$0,$434,$599,$59,$24,$6,$30,$-29,$-13,$0,$9,$-14,$75,$-11,$0,$0,$0,$0,$0,$0,$-11,$7,$-13,$-6,$-11,$-11,$0,$1,$-15,$49,$4,$0
33,2010-06-30,28.99,$18.78,1.54,$24.72,1.17,$1.61,17.97,$2.49,11.64,$0.29B,$0.09B,3.44,$0.05B,$0.00B,0.0,$0.55B,$0.19B,35.53%,$0.55B,$0.08B,14.10%,$0.55B,$0.08B,14.10%,$0.55B,$0.11B,20.51%,$0.55B,$0.08B,13.74%,$0.55B,$0.06B,10.07%,$0.06B,$0.41B,14.20%,$0.06B,$0.29B,21.44%,$0.06B,$0.57B,10.09%,$0.08B,$0.46B,17.62%,$158,$98,$59,$4,$26,$130,$28,$1,$29,$8,$20,$20,$20,$36,$28,$22,22,$0.91,$0.90,$88,$61,$7,$292,$124,$12,$126,$1,$274,$566,$85,$45,$11,$67,$152,$0,$0,$0,$414,$566,$36,$17,$2,$19,$-31,$-9,$0,$2,$-28,$26,$-2,$0,$0,$0,$0,$0,$0,$-2,$3,$-11,$-8,$7,$7,$0,$1,$-0,$17,$3,$0
34,2010-03-31,34.86,$18.22,1.91,$22.36,1.56,$-0.16,0.0,$1.47,23.71,$0.27B,$0.08B,3.3,$0.05B,$0.00B,0.0,$0.49B,$0.16B,32.72%,$0.49B,$0.05B,9.41%,$0.49B,$0.05B,9.41%,$0.49B,$0.08B,16.77%,$0.49B,$0.04B,8.59%,$0.49B,$0.03B,6.54%,$0.03B,$0.40B,8.70%,$0.03B,$0.27B,13.57%,$0.03B,$0.55B,6.03%,$0.05B,$0.45B,10.92%,$144,$91,$53,$4,$26,$123,$22,$-1,$21,$6,$15,$15,$15,$30,$22,$22,22,$0.70,$0.69,$77,$57,$7,$268,$129,$12,$131,$1,$283,$551,$81,$47,$12,$70,$152,$0,$0,$0,$399,$551,$15,$9,$0,$9,$-14,$-5,$0,$-1,$-18,$7,$2,$0,$0,$0,$0,$0,$0,$2,$-4,$0,$-4,$4,$4,$0,$0,$-0,$7,$1,$0
35,2009-12-31,29.48,$17.37,1.7,$19.74,1.49,$-0.99,0.0,$0.42,70.2,$0.24B,$0.08B,3.23,$0.05B,$0.38B,0.13,$0.43B,$0.13B,29.14%,$0.43B,$0.01B,3.26%,$0.43B,$0.01B,3.26%,$0.43B,$0.05B,11.66%,$0.43B,$0.01B,2.56%,$0.43B,$0.01B,2.10%,$0.01B,$0.38B,2.58%,$0.01B,$0.25B,4.15%,$0.01B,$0.53B,1.73%,$0.01B,$0.43B,3.43%,$128,$83,$45,$4,$22,$111,$17,$-1,$16,$4,$12,$12,$12,$27,$17,$22,22,$0.54,$0.54,$70,$53,$10,$244,$136,$12,$132,$1,$289,$533,$76,$49,$12,$79,$155,$0,$229,$19,$379,$533,$9,$37,$4,$41,$-16,$16,$0,$-1,$-21,$30,$-14,$0,$-1,$0,$0,$0,$0,$-15,$13,$-31,$-18,$2,$2,$0,$0,$-16,$-1,$6,$0
36,2009-09-30,24.06,$16.39,1.47,$18.72,1.29,$-1.99,0.0,$-0.53,0.0,$0.22B,$0.08B,2.82,$0.06B,$0.00B,0.0,$0.41B,$0.10B,25.06%,$0.41B,$-0.02B,-3.93%,$0.41B,$-0.02B,-3.93%,$0.41B,$0.02B,4.42%,$0.41B,$-0.02B,-4.42%,$0.41B,$-0.01B,-2.95%,$-0.01B,$0.36B,-3.55%,$-0.01B,$0.22B,-5.82%,$-0.01B,$0.53B,-2.30%,$-0.02B,$0.42B,-3.97%,$116,$80,$37,$4,$21,$106,$10,$-1,$9,$1,$8,$8,$8,$19,$10,$22,22,$0.37,$0.37,$57,$54,$0,$222,$151,$8,$133,$1,$308,$530,$79,$58,$12,$94,$173,$0,$0,$0,$357,$530,$-2,$27,$6,$33,$-16,$14,$0,$-1,$-30,$1,$-13,$0,$-1,$0,$0,$0,$0,$-14,$-3,$0,$-3,$1,$1,$0,$0,$-2,$-14,$4,$0
37,2009-06-30,18.3,$15.46,1.18,$19.87,0.92,$-1.68,0.0,$-0.72,0.0,$0.20B,$0.07B,3.11,$0.06B,$0.00B,0.0,$0.43B,$0.10B,23.38%,$0.43B,$-0.02B,-5.56%,$0.43B,$-0.02B,-5.56%,$0.43B,$0.01B,2.08%,$0.43B,$-0.02B,-5.09%,$0.43B,$-0.02B,-3.70%,$-0.02B,$0.34B,-4.69%,$-0.02B,$0.21B,-7.37%,$-0.02B,$0.51B,-3.08%,$-0.02B,$0.40B,-6.13%,$101,$76,$25,$5,$23,$105,$-3,$-0,$-4,$-1,$-3,$-3,$-3,$6,$-3,$22,22,$-0.12,$-0.12,$48,$55,$0,$203,$156,$5,$132,$1,$307,$510,$65,$60,$17,$108,$174,$0,$0,$0,$336,$510,$-10,$18,$3,$21,$-6,$12,$0,$-1,$-15,$-4,$-11,$0,$-1,$0,$0,$0,$0,$-12,$-6,$0,$-6,$0,$0,$0,$0,$-6,$-23,$3,$0
38,2009-03-31,10.08,$14.90,0.68,$22.06,0.46,$-1.30,0.0,$-0.18,0.0,$0.20B,$0.06B,3.46,$0.07B,$0.00B,0.0,$0.48B,$0.12B,25.57%,$0.48B,$-0.01B,-1.66%,$0.48B,$-0.01B,-1.66%,$0.48B,$0.02B,4.99%,$0.48B,$-0.01B,-1.04%,$0.48B,$-0.00B,-0.83%,$-0.00B,$0.32B,-1.14%,$-0.00B,$0.19B,-1.73%,$-0.00B,$0.51B,-0.77%,$-0.01B,$0.39B,-2.08%,$84,$66,$18,$5,$22,$95,$-10,$0,$-10,$-2,$-8,$-8,$-8,$-2,$-10,$22,22,$-0.36,$-0.36,$60,$62,$0,$201,$159,$5,$130,$1,$310,$511,$58,$70,$18,$129,$188,$0,$0,$0,$324,$511,$-8,$9,$1,$10,$9,$5,$0,$2,$-4,$-2,$-7,$0,$-1,$0,$0,$0,$0,$-8,$0,$0,$0,$0,$0,$0,$0,$0,$-11,$1,$0
39,2008-12-31,15.22,$15.37,0.99,$24.28,0.63,$-1.45,0.0,$0.37,41.14,$0.23B,$0.07B,3.15,$0.07B,$0.33B,0.22,$0.53B,$0.14B,26.93%,$0.53B,$0.01B,1.51%,$0.53B,$0.01B,1.51%,$0.53B,$0.04B,7.53%,$0.53B,$0.01B,2.07%,$0.53B,$0.01B,1.51%,$0.01B,$0.33B,2.23%,$0.01B,$0.20B,3.25%,$0.01B,$0.54B,1.54%,$0.01B,$0.41B,2.12%,$106,$84,$22,$6,$28,$119,$-13,$0,$-13,$-4,$-9,$-9,$-9,$-5,$-13,$22,22,$-0.42,$-0.42,$71,$67,$0,$229,$160,$3,$130,$1,$310,$539,$73,$72,$19,$132,$205,$0,$219,$-10,$334,$539,$8,$32,$12,$45,$23,$-7,$0,$-6,$-12,$41,$-47,$0,$-47,$0,$0,$0,$0,$-94,$67,$0,$67,$-5,$-5,$0,$0,$62,$6,$5,$0
40,2008-09-30,27.26,$17.07,1.6,$25.46,1.07,$0.16,166.35,$1.15,23.71,$0.25B,$0.11B,2.25,$0.00B,$0.00B,0.0,$0.56B,$0.16B,29.29%,$0.56B,$0.03B,5.54%,$0.56B,$0.03B,5.54%,$0.56B,$0.06B,11.25%,$0.56B,$0.03B,6.07%,$0.56B,$0.03B,4.46%,$0.03B,$0.37B,6.86%,$0.03B,$0.27B,9.65%,$0.03B,$0.52B,4.91%,$0.03B,$0.37B,8.49%,$141,$106,$36,$6,$27,$139,$2,$3,$5,$1,$4,$4,$4,$10,$2,$22,22,$0.18,$0.18,$67,$65,$0,$245,$156,$5,$105,$1,$274,$518,$109,$0,$19,$39,$148,$0,$0,$0,$371,$518,$17,$24,$9,$33,$-6,$-6,$0,$7,$-22,$28,$-34,$0,$-9,$0,$0,$0,$0,$-43,$24,$0,$24,$-5,$-5,$0,$0,$19,$2,$4,$0
41,2008-06-30,28.93,$17.11,1.69,$25.22,1.15,$1.03,28.02,$1.61,17.97,$0.24B,$0.10B,2.39,$0.00B,$0.00B,0.0,$0.56B,$0.17B,31.13%,$0.56B,$0.05B,8.77%,$0.56B,$0.05B,8.77%,$0.56B,$0.08B,14.31%,$0.56B,$0.05B,8.77%,$0.56B,$0.04B,6.26%,$0.04B,$0.37B,9.73%,$0.04B,$0.26B,13.66%,$0.04B,$0.52B,6.98%,$0.05B,$0.37B,13.58%,$150,$102,$47,$6,$27,$137,$13,$-0,$13,$4,$9,$9,$9,$21,$13,$22,22,$0.42,$0.42,$55,$64,$0,$239,$153,$6,$109,$1,$276,$516,$100,$0,$24,$44,$144,$0,$0,$0,$371,$516,$13,$16,$2,$18,$-8,$-4,$0,$3,$-17,$15,$-22,$0,$-9,$0,$0,$0,$0,$-31,$11,$0,$11,$-5,$-5,$0,$0,$5,$-10,$3,$0
42,2008-03-31,32.07,$16.71,1.92,$24.10,1.33,$1.49,21.5,$1.56,20.56,$0.24B,$0.10B,2.29,$0.00B,$0.00B,0.0,$0.54B,$0.17B,31.23%,$0.54B,$0.05B,8.92%,$0.54B,$0.05B,8.92%,$0.54B,$0.08B,14.50%,$0.54B,$0.05B,8.92%,$0.54B,$0.03B,6.32%,$0.03B,$0.36B,9.71%,$0.03B,$0.25B,13.57%,$0.03B,$0.51B,6.96%,$0.05B,$0.36B,13.67%,$134,$95,$38,$6,$26,$127,$6,$-1,$6,$2,$4,$4,$4,$14,$6,$22,22,$0.19,$0.19,$53,$64,$0,$239,$148,$7,$110,$1,$272,$511,$104,$1,$23,$44,$149,$0,$0,$0,$362,$511,$4,$8,$1,$9,$-4,$-4,$0,$-3,$-14,$-1,$-11,$0,$-9,$0,$0,$0,$0,$-21,$15,$0,$15,$-6,$-6,$0,$0,$9,$-12,$1,$0
43,2007-12-31,30.23,$16.16,1.87,$23.90,1.26,$1.88,16.11,$1.65,18.32,$0.24B,$0.10B,2.44,$0.00B,$0.35B,0.0,$0.54B,$0.17B,31.90%,$0.54B,$0.05B,9.51%,$0.54B,$0.05B,9.51%,$0.54B,$0.08B,14.93%,$0.54B,$0.05B,9.51%,$0.54B,$0.04B,6.72%,$0.04B,$0.35B,10.64%,$0.04B,$0.26B,14.81%,$0.04B,$0.49B,7.53%,$0.05B,$0.36B,15.00%,$135,$92,$43,$5,$26,$125,$10,$0,$10,$2,$8,$8,$8,$18,$10,$22,22,$0.36,$0.35,$65,$59,$0,$235,$145,$7,$98,$1,$256,$491,$97,$1,$22,$41,$138,$0,$217,$17,$353,$491,$37,$29,$1,$30,$-0,$9,$0,$-4,$-7,$60,$-30,$0,$-5,$0,$0,$0,$0,$-35,$-13,$0,$-13,$-10,$-10,$0,$1,$-22,$8,$5,$0
44,2007-09-30,32.73,$15.78,2.07,$23.57,1.39,$3.28,9.96,$1.50,21.82,$0.24B,$0.09B,2.76,$0.00B,$0.00B,0.0,$0.53B,$0.17B,31.38%,$0.53B,$0.05B,8.70%,$0.53B,$0.05B,8.70%,$0.53B,$0.07B,13.42%,$0.53B,$0.05B,8.88%,$0.53B,$0.03B,6.24%,$0.03B,$0.35B,10.11%,$0.03B,$0.26B,14.25%,$0.03B,$0.49B,7.00%,$0.05B,$0.35B,14.05%,$140,$94,$46,$6,$28,$120,$20,$-0,$20,$6,$14,$14,$14,$27,$20,$22,22,$0.64,$0.64,$58,$60,$0,$238,$136,$6,$97,$1,$249,$487,$86,$1,$22,$48,$134,$0,$0,$0,$353,$487,$29,$21,$-2,$19,$-5,$7,$0,$-4,$-16,$31,$-18,$0,$-5,$0,$0,$0,$0,$-22,$-18,$0,$-18,$6,$6,$0,$1,$-11,$1,$4,$0
45,2007-06-30,30.97,$14.85,2.09,$23.71,1.31,$4.98,6.22,$1.28,24.2,$0.23B,$0.07B,3.48,$0.00B,$0.00B,0.0,$0.53B,$0.17B,31.39%,$0.53B,$0.04B,7.14%,$0.53B,$0.04B,7.14%,$0.53B,$0.07B,12.41%,$0.53B,$0.04B,7.33%,$0.53B,$0.03B,5.26%,$0.03B,$0.33B,8.87%,$0.03B,$0.24B,12.64%,$0.03B,$0.46B,5.98%,$0.04B,$0.33B,11.99%,$129,$88,$41,$5,$23,$118,$12,$0,$12,$3,$8,$8,$8,$19,$12,$22,23,$0.38,$0.37,$49,$65,$0,$226,$128,$6,$93,$4,$238,$464,$65,$1,$37,$67,$132,$0,$0,$0,$332,$464,$15,$14,$3,$16,$0,$1,$0,$-3,$-15,$16,$-13,$0,$0,$0,$0,$0,$0,$-13,$-18,$0,$-18,$6,$6,$0,$0,$-11,$-7,$3,$0
46,2007-03-31,37.23,$14.22,2.62,$24.05,1.55,$6.70,5.56,$0.93,40.04,$0.23B,$0.09B,2.69,$0.00B,$0.00B,0.0,$0.54B,$0.16B,29.02%,$0.54B,$0.02B,4.25%,$0.54B,$0.02B,4.25%,$0.54B,$0.05B,9.98%,$0.54B,$0.03B,4.62%,$0.54B,$0.02B,3.70%,$0.02B,$0.32B,6.53%,$0.02B,$0.22B,9.36%,$0.02B,$0.47B,4.29%,$0.02B,$0.32B,7.46%,$132,$90,$41,$5,$26,$122,$9,$-0,$9,$3,$6,$6,$6,$16,$9,$22,22,$0.28,$0.28,$59,$66,$0,$233,$125,$6,$94,$4,$237,$470,$87,$2,$36,$68,$154,$0,$0,$0,$316,$470,$6,$6,$1,$8,$-0,$0,$0,$-3,$-13,$1,$-5,$0,$0,$0,$0,$0,$0,$-5,$3,$0,$3,$3,$3,$0,$0,$6,$2,$1,$0
47,2006-12-31,29.24,$13.73,2.13,$23.78,1.23,$7.72,3.78,$1.07,27.32,$0.23B,$0.10B,2.33,$0.00B,$0.30B,0.01,$0.54B,$0.16B,30.09%,$0.54B,$0.03B,5.23%,$0.54B,$0.03B,5.23%,$0.54B,$0.06B,11.03%,$0.54B,$0.03B,5.61%,$0.54B,$0.02B,4.30%,$0.02B,$0.30B,7.65%,$0.02B,$0.21B,10.76%,$0.02B,$0.47B,5.10%,$0.03B,$0.31B,9.27%,$128,$90,$38,$5,$27,$122,$5,$0,$6,$1,$5,$5,$5,$9,$5,$22,22,$0.21,$0.20,$57,$66,$0,$229,$126,$5,$94,$2,$236,$465,$98,$2,$33,$63,$161,$0,$195,$-0,$304,$465,$24,$28,$1,$30,$3,$1,$0,$1,$28,$81,$-20,$0,$-23,$0,$0,$0,$0,$-43,$-2,$0,$-2,$-5,$-5,$0,$0,$-6,$35,$5,$0
