,Date,Stock Price,Book Value per Share,Price to Book Ratio,TTM Sales per Share,Price to Sales Ratio,TTM FCF per Share,Price to FCF Ratio,TTM Net EPS,PE Ratio,Current Assets,Current Liabilities,Current Ratio,Long Term Debt,Shareholder's Equity_x,Debt to Equity Ratio,TTM Revenue_x,TTM Gross Profit,Gross Margin,TTM Revenue_y,TTM Operating Income,Operating Margin,TTM Revenue_x,TTM EBIT,EBIT Margin,TTM Revenue_y,TTM EBITDA,EBITDA Margin,TTM Revenue_x,TTM Pre-Tax Income,Pre-Tax Margin,TTM Revenue_y,TTM Net Income_x,Net Margin,TTM Net Income_y,Shareholder's Equity_y,Return on Equity,TTM Net Income_x,Tangible Equity,Return on Tangible Equity,TTM Net Income_y,Total Assets,Return on Assets,TTM Net Income,LT Investments & Debt,Return on Investment,revenue,cost-goods-sold,gross-profit,research-development-expenses,selling-general-administrative-expenses,operating-expenses,operating-income,total-non-operating-income-expense,pre-tax-income,total-provision-income-taxes,income-after-taxes,income-from-continuous-operations,net-income,ebitda,ebit,basic-shares-outstanding,shares-outstanding,eps-basic-net-earnings-per-share,eps-earnings-per-share-diluted,cash-on-hand,inventory,other-current-assets,total-current-assets,net-property-plant-equipment,long-term-investments,goodwill-intangible-assets-total,other-long-term-assets,total-long-term-assets,total-assets,total-current-liabilities,long-term-debt,other-non-current-liabilities,total-long-term-liabilities,total-liabilities,common-stock-net,retained-earnings-accumulated-deficit,comprehensive-income,total-share-holder-equity,total-liabilities-share-holders-equity,net-income-loss,total-depreciation-amortization-cash-flow,other-non-cash-items,total-non-cash-items,change-in-accounts-receivable,change-in-inventories,change-in-accounts-payable,change-in-assets-liabilities,total-change-in-assets-liabilities,cash-flow-from-operating-activities,net-change-in-property-plant-equipment,net-change-in-intangible-assets,net-acquisitions-divestitures,net-change-in-short-term-investments,net-change-in-long-term-investments,net-change-in-investments-total,investing-activities-other,cash-flow-from-investing-activities,net-long-term-debt,net-current-debt,debt-issuance-retirement-net-total,net-common-equity-issued-repurchased,net-total-equity-issued-repurchased,total-common-preferred-stock-dividends-paid,financial-activities-other,cash-flow-from-financial-activities,net-cash-flow,stock-based-compensation,common-stock-dividends-paid
0,2018-09-30,10.99,$1.67,6.59,$14.56,0.75,$1.25,8.78,$0.41,26.8,$0.04B,$0.02B,1.72,$0.00B,$0.02B,0.12,$0.21B,$0.17B,82.86%,$0.21B,$0.01B,4.29%,$0.21B,$0.01B,4.29%,$0.21B,$0.01B,6.19%,$0.21B,$0.01B,4.29%,$0.21B,$0.01B,2.86%,$0.01B,$0.02B,29.27%,$0.01B,$0.02B,31.58%,$0.01B,$0.05B,12.00%,$0.01B,$0.03B,37.89%,$56,$9,$46,$0,$45,$54,$1,$-0,$1,$0,$1,$1,$1,$2,$1,$14,15,$0.07,$0.06,$17,$13,$0,$41,$6,$0,$1,$1,$11,$52,$24,$3,$2,$5,$28,$0,$-102,$-0,$24,$52,$1,$0,$2,$2,$-0,$0,$0,$1,$-1,$2,$-0,$0,$0,$0,$-1,$-1,$0,$-1,$-1,$0,$-1,$0,$0,$0,$0,$-0,$0,$1,$0
1,2018-06-30,6.37,$1.56,4.08,$14.37,0.44,$1.20,5.33,$0.41,15.54,$0.04B,$0.02B,1.64,$0.00B,$0.02B,0.16,$0.20B,$0.17B,82.76%,$0.20B,$0.01B,4.43%,$0.20B,$0.01B,4.43%,$0.20B,$0.01B,6.40%,$0.20B,$0.01B,4.43%,$0.20B,$0.01B,2.96%,$0.01B,$0.02B,32.43%,$0.01B,$0.02B,34.78%,$0.01B,$0.05B,12.44%,$0.01B,$0.03B,40.00%,$54,$8,$46,$0,$42,$50,$4,$-0,$4,$1,$3,$3,$3,$5,$4,$14,14,$0.21,$0.21,$17,$14,$0,$39,$7,$0,$1,$1,$12,$51,$24,$3,$2,$5,$29,$0,$-103,$0,$22,$51,$6,$1,$4,$5,$-1,$3,$-1,$-1,$2,$13,$-5,$0,$0,$0,$0,$0,$0,$-5,$-2,$0,$-2,$-1,$-1,$0,$-0,$-3,$5,$3,$0
2,2018-03-31,3.61,$1.35,2.68,$14.14,0.26,$0.98,3.69,$0.21,17.19,$0.04B,$0.03B,1.53,$0.00B,$0.02B,0.21,$0.20B,$0.16B,82.00%,$0.20B,$0.01B,3.50%,$0.20B,$0.01B,3.50%,$0.20B,$0.01B,5.00%,$0.20B,$0.01B,3.00%,$0.20B,$0.00B,1.50%,$0.00B,$0.02B,17.91%,$0.00B,$0.02B,19.67%,$0.00B,$0.05B,6.42%,$0.01B,$0.02B,32.94%,$51,$9,$42,$0,$39,$48,$2,$-0,$2,$1,$2,$2,$2,$3,$2,$14,14,$0.12,$0.12,$14,$16,$0,$39,$6,$0,$1,$1,$12,$51,$26,$4,$2,$6,$32,$0,$-105,$0,$19,$51,$3,$1,$3,$4,$0,$1,$-0,$-3,$1,$8,$-3,$0,$0,$0,$0,$0,$0,$-3,$-2,$0,$-2,$-0,$-0,$0,$0,$-2,$2,$2,$0
3,2017-12-31,4.76,$1.16,4.1,$13.76,0.35,$0.96,4.94,$0.09,52.89,$0.04B,$0.02B,1.55,$0.00B,$0.02B,0.27,$0.19B,$0.16B,81.96%,$0.19B,$0.01B,2.58%,$0.19B,$0.01B,2.58%,$0.19B,$0.01B,4.12%,$0.19B,$0.00B,2.06%,$0.19B,$0.00B,0.52%,$0.00B,$0.02B,6.45%,$0.00B,$0.02B,7.27%,$0.00B,$0.05B,2.19%,$0.01B,$0.02B,24.39%,$49,$9,$40,$0,$38,$47,$2,$-0,$2,$2,$0,$0,$0,$3,$2,$14,14,$0.02,$0.02,$13,$17,$0,$35,$5,$0,$1,$1,$10,$46,$23,$4,$2,$6,$29,$0,$-106,$-0,$17,$46,$1,$1,$2,$3,$-0,$-0,$-2,$1,$1,$5,$-2,$0,$0,$0,$0,$0,$0,$-2,$-1,$0,$-1,$-0,$-0,$0,$0,$-1,$1,$1,$0
4,2017-09-30,4.22,$1.11,3.81,$13.73,0.31,$1.13,3.75,$0.09,46.89,$0.03B,$0.02B,1.54,$0.01B,$0.02B,0.31,$0.19B,$0.16B,82.47%,$0.19B,$0.00B,2.06%,$0.19B,$0.00B,2.06%,$0.19B,$0.01B,3.09%,$0.19B,$0.00B,1.03%,$0.19B,$0.00B,0.52%,$0.00B,$0.02B,6.67%,$0.00B,$0.02B,7.55%,$0.00B,$0.05B,2.17%,$0.00B,$0.02B,19.51%,$49,$9,$40,$0,$39,$48,$1,$-0,$1,$0,$1,$1,$1,$2,$1,$14,14,$0.06,$0.06,$12,$15,$0,$34,$4,$0,$1,$1,$11,$45,$22,$5,$2,$7,$29,$0,$-106,$-0,$16,$45,$1,$0,$1,$1,$-0,$1,$-2,$1,$1,$3,$-1,$0,$0,$0,$0,$0,$0,$-1,$-1,$0,$-1,$0,$0,$0,$0,$-1,$1,$1,$0
5,2017-06-30,4.33,$1.02,4.24,$14.04,0.31,$1.22,3.54,$0.11,39.36,$0.04B,$0.02B,1.52,$0.01B,$0.02B,0.37,$0.20B,$0.17B,83.00%,$0.20B,$0.01B,2.50%,$0.20B,$0.01B,2.50%,$0.20B,$0.01B,3.00%,$0.20B,$0.00B,1.50%,$0.20B,$0.00B,0.50%,$0.00B,$0.02B,6.90%,$0.00B,$0.01B,8.00%,$0.00B,$0.05B,2.12%,$0.01B,$0.02B,24.39%,$51,$9,$42,$0,$40,$49,$2,$-1,$1,$1,$0,$0,$0,$2,$2,$14,14,$0.01,$0.01,$11,$17,$0,$36,$3,$0,$1,$1,$10,$45,$23,$5,$2,$7,$31,$0,$-107,$-0,$15,$45,$2,$2,$2,$4,$0,$8,$-6,$3,$1,$7,$-1,$0,$0,$0,$0,$0,$0,$-1,$-2,$0,$-2,$0,$0,$0,$0,$-2,$4,$3,$0
6,2017-03-31,5.37,$0.98,5.5,$14.10,0.38,$1.21,4.44,$0.26,20.65,$0.04B,$0.03B,1.52,$0.01B,$0.01B,0.43,$0.20B,$0.17B,83.17%,$0.20B,$0.01B,3.47%,$0.20B,$0.01B,3.47%,$0.20B,$0.01B,4.46%,$0.20B,$0.01B,2.48%,$0.20B,$0.00B,1.49%,$0.00B,$0.01B,22.22%,$0.00B,$0.01B,26.09%,$0.00B,$0.05B,6.15%,$0.01B,$0.02B,35.00%,$45,$8,$37,$0,$37,$45,$0,$-0,$0,$-0,$0,$0,$0,$1,$0,$14,14,$0.00,$0.00,$9,$19,$0,$38,$3,$0,$2,$1,$9,$47,$25,$6,$2,$8,$33,$0,$-107,$-0,$14,$47,$2,$1,$3,$4,$0,$6,$-5,$1,$-1,$5,$-0,$0,$0,$0,$0,$0,$0,$-0,$-2,$0,$-2,$0,$0,$0,$-1,$-3,$1,$2,$0
7,2016-12-31,8.15,$1.03,7.89,$14.88,0.55,$1.32,6.19,$0.33,24.7,$0.04B,$0.02B,1.56,$0.01B,$0.02B,0.44,$0.21B,$0.18B,83.10%,$0.21B,$0.01B,5.16%,$0.21B,$0.01B,5.16%,$0.21B,$0.01B,5.63%,$0.21B,$0.01B,3.29%,$0.21B,$0.00B,1.88%,$0.00B,$0.02B,32.65%,$0.00B,$0.01B,39.02%,$0.00B,$0.05B,8.33%,$0.01B,$0.02B,57.14%,$49,$8,$41,$0,$41,$48,$1,$-0,$0,$0,$0,$0,$0,$1,$1,$14,14,$0.02,$0.02,$12,$21,$0,$37,$3,$0,$2,$1,$10,$47,$24,$6,$2,$8,$32,$0,$-107,$-0,$15,$47,$1,$1,$2,$2,$0,$3,$-4,$2,$1,$5,$-0,$0,$0,$0,$0,$0,$0,$-0,$-1,$0,$-1,$0,$0,$0,$0,$-1,$4,$2,$0
8,2016-09-30,9.46,$1.00,9.44,$15.13,0.63,$1.56,6.08,$0.42,22.52,$0.04B,$0.03B,1.48,$0.01B,$0.01B,0.49,$0.22B,$0.18B,83.33%,$0.22B,$0.01B,6.02%,$0.22B,$0.01B,6.02%,$0.22B,$0.02B,6.94%,$0.22B,$0.01B,4.17%,$0.22B,$0.01B,2.78%,$0.01B,$0.01B,58.54%,$0.01B,$0.01B,72.73%,$0.01B,$0.05B,12.63%,$0.01B,$0.02B,81.25%,$55,$9,$46,$0,$44,$53,$2,$-0,$2,$1,$1,$1,$1,$2,$2,$14,14,$0.09,$0.08,$10,$24,$0,$40,$3,$0,$2,$1,$10,$50,$27,$7,$2,$9,$36,$0,$-107,$0,$14,$50,$1,$0,$1,$1,$0,$1,$-1,$0,$0,$3,$-0,$0,$0,$0,$0,$0,$0,$-0,$-1,$0,$-1,$0,$0,$0,$0,$-0,$2,$1,$0
9,2016-06-30,13.6,$0.76,17.92,$14.61,0.93,$1.57,8.67,$0.42,32.38,$0.04B,$0.03B,1.41,$0.01B,$0.01B,0.7,$0.21B,$0.17B,83.50%,$0.21B,$0.01B,6.80%,$0.21B,$0.01B,6.80%,$0.21B,$0.02B,7.77%,$0.21B,$0.01B,4.37%,$0.21B,$0.01B,2.91%,$0.01B,$0.01B,75.00%,$0.01B,$0.01B,100.00%,$0.01B,$0.05B,13.33%,$0.01B,$0.02B,105.66%,$53,$9,$44,$0,$40,$49,$4,$-1,$3,$0,$2,$2,$2,$5,$4,$14,15,$0.17,$0.16,$8,$25,$0,$43,$3,$0,$2,$2,$8,$51,$31,$7,$2,$10,$40,$0,$-109,$-0,$11,$51,$6,$2,$3,$6,$-0,$-16,$4,$1,$-6,$6,$-1,$0,$0,$0,$0,$0,$0,$-1,$-12,$0,$-12,$0,$0,$0,$0,$-12,$-6,$3,$0
10,2016-03-31,9.1,$0.63,14.42,$14.17,0.64,$2.04,4.45,$0.26,35.0,$0.04B,$0.03B,1.41,$0.01B,$0.01B,0.89,$0.20B,$0.17B,83.84%,$0.20B,$0.01B,6.06%,$0.20B,$0.01B,6.06%,$0.20B,$0.01B,6.57%,$0.20B,$0.01B,3.54%,$0.20B,$0.00B,2.02%,$0.00B,$0.01B,66.67%,$0.00B,$0.01B,100.00%,$0.00B,$0.04B,9.47%,$0.01B,$0.02B,102.13%,$56,$10,$46,$0,$43,$53,$4,$-2,$2,$1,$1,$1,$1,$4,$4,$14,14,$0.07,$0.07,$8,$17,$0,$36,$5,$0,$2,$1,$8,$44,$25,$8,$2,$10,$35,$0,$-110,$-0,$9,$44,$4,$2,$3,$5,$-1,$-8,$1,$2,$-2,$6,$-0,$0,$0,$0,$0,$0,$0,$-0,$-12,$0,$-12,$0,$0,$0,$0,$-11,$-5,$2,$0
11,2015-12-31,9.52,$0.50,19.01,$13.42,0.71,$2.20,4.32,$0.26,36.62,$0.04B,$0.04B,1.05,$0.00B,$0.01B,0.15,$0.19B,$0.16B,84.49%,$0.19B,$0.01B,4.81%,$0.19B,$0.01B,4.81%,$0.19B,$0.01B,5.88%,$0.19B,$0.01B,3.21%,$0.19B,$0.00B,2.14%,$0.00B,$0.01B,88.89%,$0.00B,$0.01B,160.00%,$0.00B,$0.05B,9.30%,$0.01B,$0.01B,72.00%,$52,$8,$44,$0,$41,$49,$3,$-1,$2,$1,$2,$2,$2,$4,$3,$14,14,$0.12,$0.11,$16,$11,$0,$36,$5,$0,$2,$1,$8,$45,$35,$1,$2,$3,$38,$0,$-111,$-0,$7,$45,$3,$1,$1,$2,$-1,$-1,$1,$2,$4,$9,$-0,$0,$0,$0,$0,$0,$0,$-0,$-7,$0,$-7,$0,$0,$0,$0,$-6,$2,$1,$0
12,2015-09-30,5.67,$0.33,17.32,$13.07,0.43,$2.11,2.68,$0.22,25.77,$0.03B,$0.03B,1.1,$0.01B,$0.01B,1.1,$0.18B,$0.16B,84.70%,$0.18B,$0.01B,4.92%,$0.18B,$0.01B,4.92%,$0.18B,$0.01B,6.01%,$0.18B,$0.01B,3.28%,$0.18B,$0.00B,1.64%,$0.00B,$0.01B,75.00%,$0.00B,$0.00B,150.00%,$0.00B,$0.04B,6.74%,$0.01B,$0.01B,52.17%,$45,$7,$38,$0,$36,$43,$3,$-1,$2,$1,$1,$1,$1,$3,$3,$14,14,$0.08,$0.08,$14,$9,$0,$31,$5,$0,$2,$1,$9,$40,$28,$5,$2,$7,$35,$0,$-113,$-0,$5,$40,$1,$1,$0,$1,$-1,$1,$-0,$-0,$1,$3,$-0,$0,$0,$0,$0,$0,$0,$-0,$-3,$0,$-3,$0,$0,$0,$-0,$-3,$-0,$0,$0
13,2015-06-30,3.71,$0.24,15.58,$13.27,0.28,$2.23,1.66,$0.49,7.57,$0.03B,$0.03B,1.18,$0.01B,$0.00B,2.57,$0.19B,$0.16B,85.79%,$0.19B,$0.01B,7.37%,$0.19B,$0.01B,7.37%,$0.19B,$0.02B,8.42%,$0.19B,$0.01B,5.79%,$0.19B,$0.01B,3.68%,$0.01B,$0.00B,155.56%,$0.01B,$0.00B,280.00%,$0.01B,$0.04B,14.36%,$0.01B,$0.01B,62.22%,$45,$7,$38,$0,$36,$44,$2,$-1,$1,$0,$0,$0,$0,$2,$2,$14,14,$0.03,$0.04,$14,$9,$0,$30,$6,$0,$2,$1,$9,$40,$26,$9,$2,$11,$36,$0,$-114,$-0,$3,$40,$7,$3,$1,$4,$0,$-1,$-0,$2,$2,$13,$-1,$0,$0,$0,$0,$0,$0,$-1,$-9,$0,$-9,$-9,$-9,$0,$0,$-18,$-6,$2,$0
14,2015-03-31,5.53,$0.20,27.08,$13.58,0.41,$2.02,2.73,$0.63,8.78,$0.04B,$0.03B,1.41,$0.02B,$0.00B,6.08,$0.20B,$0.17B,85.57%,$0.20B,$0.02B,8.46%,$0.20B,$0.02B,8.46%,$0.20B,$0.02B,9.45%,$0.20B,$0.01B,6.97%,$0.20B,$0.01B,4.48%,$0.01B,$0.00B,189.47%,$0.01B,$0.00B,327.27%,$0.01B,$0.05B,17.22%,$0.02B,$0.02B,63.55%,$45,$8,$38,$0,$36,$44,$1,$-1,$1,$0,$1,$1,$1,$2,$1,$14,14,$0.04,$0.04,$15,$11,$0,$35,$6,$0,$2,$1,$12,$47,$25,$17,$2,$19,$44,$0,$-114,$-0,$3,$47,$7,$2,$2,$4,$1,$-3,$-0,$2,$-1,$9,$-1,$0,$0,$0,$0,$0,$0,$-1,$-4,$0,$-4,$-9,$-9,$0,$0,$-13,$-5,$2,$0
15,2014-12-31,9.1,$0.32,28.27,$13.96,0.65,$2.02,4.51,$0.70,13.0,$0.04B,$0.02B,1.79,$0.02B,$0.01B,5.02,$0.21B,$0.18B,85.78%,$0.21B,$0.02B,9.48%,$0.21B,$0.02B,9.48%,$0.21B,$0.02B,10.43%,$0.21B,$0.02B,7.58%,$0.21B,$0.01B,4.74%,$0.01B,$0.01B,210.53%,$0.01B,$0.00B,363.64%,$0.01B,$0.05B,17.24%,$0.02B,$0.03B,61.54%,$48,$7,$41,$0,$38,$45,$3,$-1,$2,$1,$1,$1,$1,$4,$3,$14,14,$0.11,$0.10,$19,$12,$0,$39,$7,$0,$2,$1,$12,$51,$22,$23,$2,$25,$47,$0,$-112,$-0,$5,$51,$6,$1,$1,$2,$2,$-4,$1,$1,$-1,$8,$-1,$0,$0,$0,$0,$0,$0,$-1,$-2,$0,$-2,$-6,$-6,$0,$0,$-9,$-2,$1,$0
16,2014-09-30,7.98,$0.50,15.98,$13.82,0.58,$1.91,4.17,$0.84,9.5,$0.04B,$0.02B,1.87,$0.02B,$0.01B,3.33,$0.22B,$0.18B,85.58%,$0.22B,$0.02B,10.23%,$0.22B,$0.02B,10.23%,$0.22B,$0.02B,11.16%,$0.22B,$0.02B,8.84%,$0.22B,$0.01B,5.58%,$0.01B,$0.01B,369.23%,$0.01B,$0.01B,800.00%,$0.01B,$0.06B,19.67%,$0.02B,$0.03B,61.11%,$52,$6,$46,$0,$38,$44,$8,$-1,$7,$2,$5,$5,$5,$8,$8,$14,15,$0.33,$0.32,$22,$11,$0,$44,$7,$0,$2,$2,$13,$57,$23,$24,$2,$26,$49,$0,$-109,$-0,$7,$57,$5,$1,$0,$1,$1,$-2,$1,$-1,$-1,$5,$-0,$0,$0,$0,$0,$0,$0,$-0,$-1,$0,$-1,$-2,$-2,$0,$0,$-3,$2,$0,$0
17,2014-06-30,10.08,$0.27,36.88,$13.25,0.76,$1.85,5.46,$0.70,14.4,$0.04B,$0.02B,1.76,$0.03B,$0.00B,6.28,$0.21B,$0.18B,85.05%,$0.21B,$0.02B,8.88%,$0.21B,$0.02B,8.88%,$0.21B,$0.02B,10.28%,$0.21B,$0.02B,7.94%,$0.21B,$0.01B,4.67%,$0.01B,$0.00B,97.56%,$0.01B,$0.00B,117.65%,$0.01B,$0.05B,16.60%,$0.02B,$0.03B,51.35%,$56,$9,$47,$0,$42,$51,$5,$-1,$4,$1,$2,$2,$2,$5,$5,$15,16,$0.19,$0.15,$20,$9,$0,$40,$7,$0,$2,$2,$14,$54,$23,$25,$2,$27,$50,$0,$-111,$-0,$4,$54,$11,$2,$5,$8,$-2,$2,$-2,$-3,$-7,$12,$-2,$-0,$0,$0,$0,$0,$0,$-2,$30,$0,$30,$-45,$-45,$0,$-1,$-16,$-6,$3,$0
18,2014-03-31,9.17,$0.18,49.97,$12.67,0.72,$1.52,6.02,$0.56,16.38,$0.06B,$0.03B,2.22,$0.04B,$0.00B,14.68,$0.21B,$0.18B,85.24%,$0.21B,$0.02B,7.14%,$0.21B,$0.02B,7.14%,$0.21B,$0.02B,8.57%,$0.21B,$0.01B,6.19%,$0.21B,$0.01B,3.81%,$0.01B,$0.00B,45.07%,$0.01B,$0.00B,50.00%,$0.01B,$0.07B,13.22%,$0.02B,$0.04B,39.22%,$55,$8,$47,$0,$42,$51,$4,$-1,$3,$1,$2,$2,$2,$5,$4,$15,15,$0.14,$0.14,$36,$9,$0,$56,$7,$0,$2,$3,$14,$70,$25,$40,$2,$42,$68,$0,$-111,$-0,$3,$70,$9,$2,$2,$4,$-0,$2,$-3,$-4,$-3,$10,$-2,$0,$0,$0,$0,$0,$0,$-2,$45,$0,$45,$-42,$-42,$0,$-2,$1,$9,$2,$0
19,2013-12-31,11.55,$-0.04,-313.01,$11.87,0.97,$1.27,9.09,$0.63,18.34,$0.05B,$0.02B,2.41,$0.04B,$-0.00B,-75.1,$0.21B,$0.18B,85.85%,$0.21B,$0.02B,7.32%,$0.21B,$0.02B,7.32%,$0.21B,$0.02B,8.29%,$0.21B,$0.01B,6.83%,$0.21B,$0.01B,4.39%,$0.01B,$-0.00B,34.95%,$0.01B,$-0.00B,37.50%,$0.01B,$0.06B,15.93%,$0.02B,$0.04B,41.38%,$52,$8,$44,$0,$38,$46,$5,$-0,$5,$2,$3,$3,$3,$6,$5,$15,16,$0.21,$0.21,$34,$10,$0,$53,$5,$0,$2,$1,$11,$63,$22,$41,$1,$42,$64,$0,$-113,$-1,$-1,$63,$7,$1,$1,$3,$2,$1,$-2,$-2,$-2,$7,$-1,$0,$0,$0,$0,$0,$0,$-1,$46,$0,$46,$-42,$-42,$0,$-2,$2,$8,$1,$0
20,2013-09-30,16.66,$2.09,7.99,$11.60,1.44,$1.02,16.37,$0.42,39.69,$0.05B,$0.02B,2.44,$0.00B,$0.04B,0.0,$0.21B,$0.17B,83.01%,$0.21B,$0.01B,4.85%,$0.21B,$0.01B,4.85%,$0.21B,$0.01B,5.83%,$0.21B,$0.01B,4.37%,$0.21B,$0.01B,2.91%,$0.01B,$0.04B,17.27%,$0.01B,$0.03B,18.32%,$0.01B,$0.05B,11.01%,$0.01B,$0.04B,28.78%,$51,$8,$44,$0,$38,$46,$5,$0,$5,$2,$3,$3,$3,$6,$5,$16,18,$0.21,$0.21,$28,$11,$0,$45,$5,$0,$2,$2,$10,$54,$18,$0,$1,$1,$19,$0,$-76,$-0,$35,$54,$3,$0,$1,$1,$3,$-0,$-2,$-0,$0,$5,$-0,$0,$0,$0,$0,$0,$0,$-0,$0,$0,$0,$-3,$-3,$0,$0,$-3,$2,$1,$0
21,2013-06-30,16.24,$2.03,8.0,$11.64,1.4,$0.72,22.45,$0.42,38.69,$0.05B,$0.02B,2.23,$0.00B,$0.03B,0.0,$0.21B,$0.17B,82.69%,$0.21B,$0.01B,5.77%,$0.21B,$0.01B,5.77%,$0.21B,$0.01B,6.25%,$0.21B,$0.01B,5.29%,$0.21B,$0.01B,3.37%,$0.01B,$0.03B,20.29%,$0.01B,$0.03B,21.54%,$0.01B,$0.06B,13.08%,$0.01B,$0.03B,34.78%,$52,$7,$44,$0,$47,$51,$1,$-1,$-0,$-0,$-0,$-0,$-0,$1,$1,$16,18,$0.00,$0.00,$26,$11,$0,$46,$6,$0,$2,$1,$10,$55,$21,$0,$1,$1,$22,$0,$-76,$-0,$34,$55,$8,$2,$5,$7,$-4,$-3,$2,$-2,$-4,$11,$-5,$0,$0,$0,$0,$0,$0,$-5,$0,$0,$0,$-5,$-5,$0,$1,$-4,$2,$2,$0
22,2013-03-31,16.45,$2.15,7.65,$11.34,1.45,$1.42,11.56,$0.70,23.51,$0.04B,$0.02B,2.36,$0.00B,$0.04B,0.0,$0.20B,$0.17B,82.59%,$0.20B,$0.02B,8.96%,$0.20B,$0.02B,8.96%,$0.20B,$0.02B,9.95%,$0.20B,$0.02B,8.96%,$0.20B,$0.01B,5.97%,$0.01B,$0.04B,36.36%,$0.01B,$0.03B,38.71%,$0.01B,$0.05B,23.53%,$0.02B,$0.04B,54.55%,$50,$7,$44,$1,$38,$46,$4,$0,$4,$1,$3,$3,$3,$4,$4,$16,18,$0.21,$0.21,$27,$8,$0,$44,$6,$0,$2,$1,$11,$54,$19,$0,$1,$1,$20,$0,$-74,$-0,$35,$54,$8,$1,$6,$7,$-1,$-1,$1,$-5,$-5,$10,$-5,$0,$0,$0,$0,$0,$0,$-5,$0,$0,$0,$-3,$-3,$0,$0,$-3,$3,$2,$0
23,2012-12-31,15.33,$2.16,7.11,$10.98,1.4,$1.79,8.56,$0.14,109.5,$0.04B,$0.02B,2.37,$0.00B,$0.04B,0.0,$0.19B,$0.15B,81.82%,$0.19B,$0.02B,10.70%,$0.19B,$0.02B,10.70%,$0.19B,$0.02B,12.30%,$0.19B,$0.01B,5.35%,$0.19B,$0.00B,2.14%,$0.00B,$0.04B,13.33%,$0.00B,$0.03B,14.29%,$0.00B,$0.06B,8.74%,$0.02B,$0.04B,66.67%,$53,$15,$39,$1,$37,$53,$0,$-0,$0,$0,$0,$0,$0,$1,$0,$16,18,$0.00,$0.00,$28,$10,$0,$44,$6,$0,$2,$2,$10,$55,$19,$0,$1,$1,$20,$0,$-73,$0,$35,$55,$4,$1,$5,$6,$-0,$-2,$1,$-4,$-4,$6,$-4,$0,$0,$0,$0,$0,$0,$-4,$0,$0,$0,$1,$1,$0,$0,$1,$4,$1,$0
24,2012-09-30,24.01,$2.12,11.35,$9.50,2.53,$2.06,11.65,$0.49,49.01,$0.04B,$0.02B,2.69,$0.00B,$0.03B,0.0,$0.16B,$0.14B,85.53%,$0.16B,$0.02B,15.09%,$0.16B,$0.02B,15.09%,$0.16B,$0.03B,16.35%,$0.16B,$0.02B,10.69%,$0.16B,$0.01B,8.18%,$0.01B,$0.03B,55.32%,$0.01B,$0.03B,60.47%,$0.01B,$0.05B,33.99%,$0.02B,$0.03B,102.13%,$53,$8,$45,$1,$37,$46,$7,$-0,$7,$3,$4,$4,$4,$7,$7,$16,18,$0.28,$0.21,$25,$13,$0,$42,$3,$0,$2,$2,$8,$50,$15,$0,$0,$0,$16,$0,$-73,$-0,$34,$50,$4,$0,$0,$1,$0,$-2,$-1,$-2,$-4,$1,$-2,$0,$0,$0,$0,$0,$0,$-2,$0,$0,$0,$1,$1,$0,$0,$1,$1,$0,$0
25,2012-06-30,19.81,$1.80,11.03,$7.71,2.57,$2.27,8.74,$0.42,47.17,$0.04B,$0.02B,2.42,$0.00B,$0.03B,0.0,$0.13B,$0.11B,85.71%,$0.13B,$0.02B,15.87%,$0.13B,$0.02B,15.87%,$0.13B,$0.02B,18.25%,$0.13B,$0.01B,11.11%,$0.13B,$0.01B,10.32%,$0.01B,$0.03B,118.18%,$0.01B,$0.03B,144.44%,$0.01B,$0.05B,43.33%,$0.02B,$0.03B,181.82%,$45,$6,$38,$0,$32,$37,$7,$-0,$7,$2,$5,$5,$5,$8,$7,$15,17,$0.28,$0.63,$25,$11,$0,$39,$2,$0,$2,$0,$6,$45,$16,$0,$0,$0,$16,$0,$-77,$-0,$28,$45,$12,$1,$5,$6,$1,$-9,$3,$-1,$1,$19,$-2,$-0,$0,$0,$0,$0,$0,$-2,$0,$-0,$-0,$1,$1,$0,$0,$1,$18,$1,$0
26,2012-03-31,26.32,$1.44,18.23,$6.31,4.17,$1.63,16.18,$-3.78,0.0,$0.03B,$0.01B,2.68,$0.00B,$0.02B,0.0,$0.10B,$0.08B,86.46%,$0.10B,$0.02B,15.63%,$0.10B,$0.02B,15.63%,$0.10B,$0.02B,17.71%,$0.10B,$-0.04B,-41.67%,$0.10B,$-0.04B,-40.63%,$-0.04B,$0.02B,3120.00%,$-0.04B,$0.02B,1200.00%,$-0.04B,$0.03B,-179.31%,$0.02B,$0.02B,-1200.00%,$36,$5,$31,$0,$24,$30,$6,$-11,$-4,$1,$-5,$-5,$-5,$7,$6,$15,15,$-0.35,$-0.35,$17,$7,$0,$29,$2,$0,$2,$0,$4,$33,$11,$0,$0,$0,$11,$0,$-82,$-0,$23,$33,$8,$0,$5,$5,$0,$-5,$-1,$-2,$-1,$12,$-2,$-0,$0,$0,$0,$0,$0,$-1,$0,$-0,$-0,$1,$1,$0,$0,$0,$11,$1,$0
27,2011-12-31,10.01,$0.65,15.3,$4.81,2.08,$1.18,8.48,$-4.34,0.0,$0.02B,$0.02B,1.36,$0.00B,$0.01B,0.0,$0.07B,$0.06B,85.71%,$0.07B,$0.01B,14.29%,$0.07B,$0.01B,14.29%,$0.07B,$0.01B,12.86%,$0.07B,$-0.05B,-65.71%,$0.07B,$-0.04B,-62.86%,$-0.04B,$0.01B,429.27%,$-0.04B,$0.01B,359.18%,$-0.04B,$0.03B,-275.00%,$0.01B,$0.01B,-97.56%,$25,$4,$22,$0,$17,$21,$4,$3,$7,$-1,$9,$9,$9,$4,$4,$14,17,$0.63,$0.35,$13,$3,$0,$21,$1,$0,$2,$0,$4,$25,$15,$0,$0,$0,$15,$0,$-77,$0,$9,$25,$12,$0,$-6,$-6,$0,$-1,$1,$-1,$2,$8,$-1,$-0,$0,$0,$0,$0,$0,$-1,$0,$-0,$-0,$-0,$-0,$0,$0,$-0,$7,$1,$0
28,2011-09-30,10.5,$-1.14,-9.19,$3.92,2.68,$0.86,12.26,$-4.27,0.0,$0.02B,$0.01B,1.04,$0.00B,$-0.02B,-0.0,$0.05B,$0.04B,84.62%,$0.05B,$0.01B,13.46%,$0.05B,$0.01B,13.46%,$0.05B,$0.01B,13.46%,$0.05B,$-0.05B,-90.38%,$0.05B,$-0.05B,-92.31%,$-0.05B,$-0.02B,349.09%,$-0.05B,$-0.02B,304.76%,$-0.05B,$0.02B,-417.39%,$0.01B,$-0.02B,-50.91%,$20,$3,$17,$0,$13,$17,$3,$1,$4,$0,$4,$4,$4,$4,$3,$14,17,$0.28,$0.14,$10,$3,$0,$15,$1,$0,$2,$0,$3,$17,$14,$0,$19,$19,$33,$0,$-85,$0,$-16,$17,$4,$0,$-0,$-0,$-0,$-1,$0,$-0,$-0,$3,$-0,$-0,$0,$0,$0,$0,$0,$-0,$0,$0,$0,$0,$0,$0,$0,$0,$3,$0,$0
29,2011-06-30,10.5,$-1.47,-7.12,$3.27,3.21,$0.74,14.28,$-4.34,0.0,$0.01B,$0.01B,0.77,$0.00B,$-0.02B,0.0,$0.04B,$0.03B,84.21%,$0.04B,$0.00B,10.53%,$0.04B,$0.00B,10.53%,$0.04B,$0.00B,7.89%,$0.04B,$-0.05B,-131.58%,$0.04B,$-0.05B,-134.21%,$-0.05B,$-0.02B,408.00%,$-0.05B,$-0.02B,351.72%,$-0.05B,$0.01B,-566.67%,$0.00B,$-0.02B,-32.00%,$15,$2,$13,$0,$11,$13,$2,$-49,$-47,$0,$-47,$-47,$-47,$2,$2,$12,12,$-3.92,$-3.92,$7,$2,$0,$10,$0,$0,$2,$0,$2,$12,$13,$0,$20,$20,$33,$0,$-88,$-0,$-21,$12,$-51,$0,$55,$0,$-1,$-2,$0,$-0,$49,$5,$-0,$-0,$0,$0,$0,$0,$-0,$-0,$0,$0,$0,$0,$0,$0,$0,$0,$5,$1,$0
30,2011-03-31,4.97,$0.00,0.0,$2.55,1.95,$-0.16,0.0,$-0.98,0.0,$0.01B,$0.01B,0.57,$0.00B,$-0.01B,0.0,$0.03B,$0.02B,85.19%,$0.03B,$0.00B,7.41%,$0.03B,$0.00B,7.41%,$0.03B,0,0.00%,$0.03B,$-0.01B,-29.63%,$0.03B,$-0.01B,-33.33%,$-0.01B,$-0.01B,80.00%,$-0.01B,$-0.02B,67.92%,$-0.01B,$0.01B,-120.00%,$0.00B,$-0.01B,-17.78%,$10,$2,$8,$0,$7,$9,$1,$-11,$-10,$0,$-10,$-10,$-10,$-1,$1,$10,10,$-0.91,$-0.91,$4,$1,$1,$7,$0,$0,$2,$0,$2,$10,$13,$0,$10,$10,$23,$0,$-41,$0,$-13,$10,$-4,$0,$5,$6,$-0,$-1,$0,$-0,$0,$2,$-0,$-0,$0,$0,$0,$0,$0,$-0,$0,$0,$0,$0,$0,$0,$0,$0,$2,$0,$0
31,2010-12-31,2.73,$0.00,0.0,$1.93,1.42,$-0.95,0.0,$-1.05,0.0,$0.01B,$0.01B,0.85,$0.00B,$-0.01B,-0.02,$0.02B,$0.02B,85.00%,$0.02B,0,0.00%,$0.02B,0,0.00%,$0.02B,0,0.00%,$0.02B,$-0.01B,-30.00%,$0.02B,$-0.01B,-35.00%,$-0.01B,$-0.01B,62.22%,$-0.01B,$-0.01B,52.83%,$-0.01B,$0.01B,-107.69%,$0.00B,$-0.01B,0.00%,$7,$1,$6,$0,$6,$7,$1,$5,$6,$0,$5,$5,$5,$2,$1,$10,13,$0.56,$0.42,$3,$1,$0,$5,$0,$0,$2,$0,$2,$7,$6,$0,$6,$6,$12,$0,$-31,$0,$-5,$7,$6,$1,$-7,$-5,$-0,$-0,$-0,$-0,$0,$1,$-0,$-0,$0,$0,$0,$0,$0,$-0,$0,$0,$0,$0,$0,$0,$0,$0,$1,$0,$0
32,2010-09-30,3.5,$0.00,0.0,$1.66,2.11,$-1.43,0.0,$-1.54,0.0,$0.00B,$0.00B,1.01,$0.00B,$-0.01B,-0.01,$0.02B,$0.01B,86.67%,$0.02B,$-0.00B,-26.67%,$0.02B,$-0.00B,-26.67%,$0.02B,$-0.00B,-26.67%,$0.02B,$-0.01B,-86.67%,$0.02B,$-0.01B,-86.67%,$-0.01B,$-0.01B,115.56%,$-0.01B,$-0.01B,98.11%,$-0.01B,$0.01B,-216.67%,$-0.00B,$-0.01B,36.36%,$6,$1,$5,$0,$5,$6,$0,$0,$1,$0,$1,$1,$1,$0,$0,$9,13,$0.07,$0.07,$3,$0,$0,$4,$0,$0,$2,$0,$3,$7,$4,$0,$14,$14,$18,$0,$-37,$0,$-11,$7,$1,$0,$-0,$-0,$-0,$0,$-0,$-0,$0,$1,$-0,$-0,$0,$0,$0,$0,$0,$-0,$0,$0,$0,$0,$0,$0,$0,$0,$1,$0,$0
33,2010-06-30,3.57,$0.00,0.0,$1.39,2.56,$-1.68,0.0,$-1.47,0.0,$0.00B,$0.01B,0.59,$0.00B,$-0.02B,-0.01,$0.01B,$0.01B,90.91%,$0.01B,$-0.01B,-63.64%,$0.01B,$-0.01B,-63.64%,$0.01B,$-0.01B,-63.64%,$0.01B,$-0.01B,-100.00%,$0.01B,$-0.01B,-118.18%,$-0.01B,$-0.02B,133.33%,$-0.01B,$-0.02B,108.33%,$-0.01B,$0.01B,-236.36%,$-0.01B,$-0.02B,73.68%,$4,$1,$4,$0,$4,$5,$-0,$-5,$-5,$0,$-5,$-5,$-5,$-1,$-0,$9,9,$-0.56,$-0.56,$2,$0,$0,$3,$0,$0,$2,$0,$3,$6,$5,$0,$17,$17,$22,$0,$-38,$0,$-16,$6,$-11,$0,$0,$0,$0,$0,$0,$0,$-3,$-4,$-0,$0,$0,$0,$0,$0,$-0,$0,$0,$-0,$5,$0,$1,$0,$-0,$5,$1,$0,$0
34,2010-03-31,2.73,$0.00,0.0,$1.11,2.46,$-1.95,0.0,$-1.68,0.0,$0.00B,$0.01B,0.61,$0.00B,$-0.01B,-0.05,$0.01B,$0.01B,77.78%,$0.01B,$-0.01B,-133.33%,$0.01B,$-0.01B,-133.33%,$0.01B,$-0.01B,-122.22%,$0.01B,$-0.01B,-122.22%,$0.01B,$-0.01B,-144.44%,$-0.01B,$-0.01B,173.33%,$-0.01B,$-0.02B,133.33%,$-0.01B,$0.01B,-236.36%,$-0.01B,$-0.01B,171.43%,$3,$0,$2,$0,$3,$4,$-1,$-7,$-8,$0,$-8,$-8,$-8,$-1,$-1,$8,8,$-0.98,$-0.98,$2,$1,$0,$3,$0,$0,$2,$0,$3,$6,$5,$1,$14,$14,$19,$0,$-32,$0,$-13,$6,$-6,$1,$0,$1,$0,$0,$0,$0,$0,$-5,$-0,$0,$0,$0,$0,$0,$-0,$0,$0,$-0,$5,$0,$1,$0,$-0,$5,$1,$0,$0
35,2009-12-31,1.75,$0.00,0.0,$0.95,1.84,$-1.86,0.0,$-1.54,0.0,$0.00B,$0.01B,0.33,$0.00B,$-0.01B,-0.01,$0.01B,$0.01B,85.71%,$0.01B,$-0.01B,-185.71%,$0.01B,$-0.01B,-185.71%,$0.01B,$-0.01B,-171.43%,$0.01B,$-0.01B,-85.71%,$0.01B,$-0.01B,-114.29%,$-0.01B,$-0.01B,152.38%,$-0.01B,$-0.01B,103.23%,$-0.01B,$0.01B,-145.45%,$-0.01B,$-0.01B,260.00%,$2,$0,$2,$0,$5,$5,$-3,$2,$-1,$0,$-1,$-1,$-1,$-2,$-3,$8,8,$-0.07,$-0.07,$1,$1,$0,$2,$0,$0,$2,$0,$3,$5,$6,$0,$4,$4,$10,$0,$-23,$0,$-5,$5,$2,$1,$0,$1,$0,$0,$0,$0,$-8,$-3,$0,$0,$0,$0,$0,$0,$-0,$0,$0,$-0,$2,$0,$1,$0,$-0,$3,$-0,$0,$0
36,2009-09-30,2.7,$0.00,0.0,$0.81,3.31,$-1.60,0.0,$-1.61,0.0,$0.00B,$0.01B,0.37,$0.00B,$-0.00B,-0.02,$0.01B,$0.00B,66.67%,$0.01B,$-0.01B,-166.67%,$0.01B,$-0.01B,-166.67%,$0.01B,$-0.01B,-166.67%,$0.01B,$-0.01B,-100.00%,$0.01B,$-0.01B,-133.33%,$-0.01B,$-0.01B,246.15%,$-0.01B,$-0.01B,133.33%,$-0.01B,$0.01B,-152.38%,$-0.01B,$-0.01B,333.33%,$2,$0,$2,$0,$4,$5,$-3,$6,$3,$0,$3,$1,$1,$-3,$-3,$8,8,$0.14,$0.14,$1,$1,$0,$2,$0,$0,$2,$0,$2,$5,$5,$0,$4,$4,$10,$0,$-23,$0,$-5,$5,$1,$0,$0,$0,$0,$0,$0,$0,$-4,$-2,$0,$0,$0,$0,$0,$0,$-0,$0,$0,$1,$0,$0,$1,$0,$0,$2,$-0,$0,$0
37,2009-06-30,4.69,$0.00,0.0,$0.93,5.03,$-1.46,0.0,$-1.82,0.0,$0.00B,$0.00B,0.8,$0.00B,$-0.01B,-0.06,$0.01B,$0.00B,60.00%,$0.01B,$-0.01B,-140.00%,$0.01B,$-0.01B,-140.00%,$0.01B,$-0.01B,-140.00%,$0.01B,$-0.01B,-180.00%,$0.01B,$-0.01B,-180.00%,$-0.01B,$-0.01B,720.00%,$-0.01B,$-0.01B,240.00%,$-0.01B,$0.01B,-180.00%,$-0.01B,$-0.01B,700.00%,$2,$0,$1,$0,$6,$7,$-5,$-1,$-5,$0,$-5,$-5,$-5,$-5,$-5,$7,7,$-0.77,$-0.77,$1,$1,$0,$3,$0,$0,$2,$0,$2,$6,$4,$0,$8,$9,$13,$0,$-24,$0,$-7,$6,$-9,$0,$0,$0,$0,$0,$0,$0,$2,$-5,$-0,$0,$0,$0,$0,$0,$-0,$0,$0,$0,$0,$0,$5,$0,$-0,$5,$0,$0,$0
38,2009-03-31,5.43,$0.00,0.0,$0.95,5.71,$-0.91,0.0,$-1.26,0.0,$0.00B,$0.00B,1.17,$0.00B,$-0.00B,-0.08,$0.00B,$0.00B,75.00%,$0.00B,$-0.00B,-75.00%,$0.00B,$-0.00B,-75.00%,$0.00B,$-0.00B,-75.00%,$0.00B,$-0.01B,-125.00%,$0.00B,$-0.01B,-125.00%,$-0.01B,$-0.00B,-400.00%,$-0.01B,$-0.01B,400.00%,$-0.01B,$0.01B,-105.26%,$-0.00B,$-0.00B,-240.00%,$1,$0,$1,$0,$3,$3,$-2,$-1,$-3,$0,$-3,$-3,$-3,$-2,$-2,$4,4,$-0.84,$-0.84,$3,$0,$0,$3,$0,$0,$2,$0,$2,$6,$3,$0,$7,$8,$10,$0,$-19,$0,$-4,$6,$-4,$0,$0,$0,$0,$0,$0,$0,$1,$-2,$-0,$0,$0,$0,$0,$0,$-0,$0,$0,$0,$0,$0,$3,$0,$-0,$2,$1,$0,$0
39,2008-12-31,1.4,$0.00,0.0,$1.02,1.38,$-0.50,0.0,$-0.63,0.0,$0.00B,$0.00B,1.72,$0.00B,$0.00B,0.11,$0.00B,$0.00B,75.00%,$0.00B,$-0.00B,-50.00%,$0.00B,$-0.00B,-50.00%,$0.00B,$-0.00B,-25.00%,$0.00B,$-0.00B,-75.00%,$0.00B,$-0.00B,-75.00%,$-0.00B,$0.00B,-100.00%,$-0.00B,$0.00B,-400.00%,$-0.00B,$0.00B,-66.67%,$-0.00B,$0.00B,-61.54%,$1,$0,$0,$0,$1,$1,$-0,$-0,$-1,$0,$-1,$-1,$-1,$-0,$-0,$4,4,$-0.14,$-0.14,$1,$0,$0,$1,$0,$0,$2,$0,$2,$4,$1,$0,$0,$0,$1,$0,$-15,$0,$3,$4,$-1,$0,$0,$0,$0,$0,$0,$0,$-0,$-1,$-0,$0,$0,$0,$0,$0,$-0,$0,$0,$0,$0,$0,$0,$0,$0,$0,$-0,$0,$0
40,2008-09-30,1.4,$0.00,0.0,$1.10,1.27,$-0.32,0.0,$-0.63,0.0,$0.00B,$0.00B,2.15,$0.00B,$0.00B,0.08,$0.00B,$0.00B,100.00%,$0.00B,$-0.00B,-50.00%,$0.00B,$-0.00B,-50.00%,$0.00B,$-0.00B,-25.00%,$0.00B,$-0.00B,-50.00%,$0.00B,$-0.00B,-50.00%,$-0.00B,$0.00B,-61.54%,$-0.00B,$0.00B,-200.00%,$-0.00B,$0.00B,-42.11%,$-0.00B,$0.00B,-57.14%,$1,$0,$1,$0,$1,$1,$-0,$-0,$-0,$0,$-0,$-0,$-0,$0,$-0,$4,4,$-0.07,$-0.07,$1,$0,$0,$2,$0,$0,$2,$0,$2,$4,$1,$0,$0,$0,$1,$0,$-15,$0,$3,$4,$-0,$0,$0,$0,$0,$0,$0,$0,$-0,$-0,$0,$0,$0,$0,$0,$0,$-0,$0,$0,$0,$0,$0,$0,$0,$0,$0,$-0,$0,$0
41,2008-06-30,1.75,$0.00,0.0,$0.74,2.35,$-0.25,0.0,$-0.56,0.0,$0.00B,$0.00B,1.71,$0.00B,$0.00B,0.07,$0.00B,$0.00B,100.00%,$0.00B,$-0.00B,-50.00%,$0.00B,$-0.00B,-50.00%,$0.00B,$-0.00B,-25.00%,$0.00B,$-0.00B,-50.00%,$0.00B,$-0.00B,-50.00%,$-0.00B,$0.00B,-57.14%,$-0.00B,$0.00B,-200.00%,$-0.00B,$0.01B,-40.00%,$-0.00B,$0.00B,-53.33%,$1,$0,$1,$0,$1,$1,$-1,$-0,$-1,$0,$-1,$-1,$-1,$-1,$-1,$3,3,$-0.21,$-0.21,$1,$0,$0,$2,$0,$0,$2,$0,$3,$5,$1,$0,$0,$0,$1,$0,$-15,$0,$3,$5,$-2,$0,$0,$0,$0,$0,$0,$0,$0,$-1,$-0,$0,$0,$0,$0,$-1,$-0,$-1,$0,$0,$1,$0,$0,$0,$-0,$2,$0,$0,$0
42,2008-03-31,1.65,$0.00,0.0,$0.72,2.29,$-0.81,0.0,$-0.49,0.0,$0.00B,$0.00B,1.63,$0.00B,$0.00B,0.08,$0.00B,$0.00B,100.00%,$0.00B,$-0.00B,-50.00%,$0.00B,$-0.00B,-50.00%,$0.00B,$-0.00B,-25.00%,$0.00B,$-0.00B,-50.00%,$0.00B,$-0.00B,-50.00%,$-0.00B,$0.00B,-57.14%,$-0.00B,$0.00B,-266.67%,$-0.00B,$0.01B,-42.11%,$-0.00B,$0.00B,-53.33%,$1,$0,$1,$0,$1,$1,$-1,$-0,$-1,$0,$-1,$-1,$-1,$-0,$-1,$3,3,$-0.21,$-0.21,$2,$0,$0,$2,$0,$0,$2,$0,$3,$5,$1,$0,$0,$0,$2,$0,$-14,$0,$3,$5,$-1,$0,$0,$0,$0,$0,$0,$0,$1,$-0,$-0,$0,$0,$0,$0,$-1,$-0,$-1,$0,$0,$1,$0,$0,$0,$-0,$2,$0,$0,$0
43,2007-12-31,1.4,$0.00,0.0,$0.47,2.95,$-0.76,0.0,$-0.28,0.0,$0.00B,$0.00B,1.94,$0.00B,$0.00B,0.06,$0.00B,$0.00B,100.00%,$0.00B,$-0.00B,-50.00%,$0.00B,$-0.00B,-50.00%,$0.00B,$-0.00B,-50.00%,$0.00B,$-0.00B,-50.00%,$0.00B,$-0.00B,-50.00%,$-0.00B,$0.00B,-57.14%,$-0.00B,$0.00B,-266.67%,$-0.00B,$0.01B,-42.11%,$-0.00B,$0.00B,-57.14%,$1,$0,$1,$0,$1,$1,$-0,$-0,$-0,$0,$-0,$-0,$-0,$-0,$-0,$3,3,$-0.14,$-0.14,$2,$0,$0,$2,$0,$0,$2,$0,$3,$5,$1,$0,$0,$0,$1,$0,$-13,$0,$4,$5,$-1,$0,$0,$0,$0,$0,$0,$0,$1,$0,$0,$0,$0,$0,$0,$-1,$-0,$-2,$0,$-0,$1,$0,$0,$0,$-0,$1,$-0,$0,$0
44,2007-09-30,1.54,$0.00,0.0,$0.22,6.87,$-0.79,0.0,$-0.14,0.0,$0.00B,$0.00B,1.5,$0.00B,$0.00B,0.04,$0.00B,$0.00B,100.00%,$0.00B,$-0.00B,-100.00%,$0.00B,$-0.00B,-100.00%,$0.00B,$-0.00B,-100.00%,$0.00B,$-0.00B,-100.00%,$0.00B,$-0.00B,-100.00%,$-0.00B,$0.00B,-123.08%,$-0.00B,$0.00B,-533.33%,$-0.00B,$0.01B,-80.00%,$-0.00B,$0.00B,-123.08%,$1,$0,$1,$0,$1,$1,$-0,$0,$-0,$0,$-0,$-0,$-0,$-0,$-0,$0,0,$0.00,$0.00,$1,$0,$1,$2,$0,$0,$2,$0,$3,$5,$1,$0,$0,$0,$2,$0,$-13,$0,$4,$5,$-0,$0,$0,$0,$0,$0,$0,$0,$0,$0,$0,$0,$0,$0,$0,$0,$-0,$-0,$0,$-0,$1,$0,$0,$0,$-0,$1,$1,$0,$0
45,2007-06-30,1.68,$0.00,0.0,$0.22,7.49,$-0.79,0.0,$-0.14,0.0,$0.00B,$0.00B,0.96,$0.00B,$0.00B,0.0,$0.01B,$0.01B,100.00%,$0.01B,$-0.01B,-100.00%,$0.01B,$-0.01B,-100.00%,$0.01B,$-0.01B,-100.00%,$0.01B,$-0.01B,-100.00%,$0.01B,$-0.01B,-100.00%,$-0.01B,$0.00B,-142.86%,$-0.01B,$0.00B,-400.00%,$-0.01B,$0.00B,-90.91%,$-0.01B,$0.00B,-142.86%,$1,$0,$1,$0,$1,$1,$-1,$0,$-1,$0,$-1,$-1,$-1,$-1,$-1,$4,4,$-0.14,$-0.14,$0,$0,$1,$1,$0,$0,$2,$0,$3,$4,$1,$0,$0,$0,$1,$0,$-13,$0,$3,$4,$-4,$0,$0,$0,$0,$0,$0,$0,$-1,$-3,$0,$0,$0,$0,$0,$3,$-0,$3,$0,$-0,$0,$0,$0,$0,$0,$-0,$-0,$0,$0
46,2007-03-31,2.38,$0.00,0.0,0,0.0,0,0.0,0,0.0,$0.00B,$0.00B,1.17,$0.00B,$0.00B,0.0,$0.01B,$0.01B,100.00%,$0.01B,$-0.01B,-120.00%,$0.01B,$-0.01B,-120.00%,$0.01B,$-0.01B,-120.00%,$0.01B,$-0.01B,-120.00%,$0.01B,$-0.01B,-120.00%,$-0.01B,$0.00B,-126.32%,$-0.01B,$0.00B,-300.00%,$-0.01B,$0.01B,-85.71%,$-0.01B,$0.00B,-126.32%,$1,$0,$1,$0,$1,$2,$-1,$0,$-1,$0,$-1,$-1,$-1,$-1,$-1,$0,0,$0.00,$0.00,$1,$0,$1,$2,$0,$0,$2,$0,$3,$5,$2,$0,$0,$0,$2,$0,$-12,$0,$3,$5,$-3,$0,$0,$0,$0,$0,$0,$0,$-1,$-2,$-0,$0,$0,$0,$0,$3,$-0,$3,$0,$-0,$0,$0,$0,$0,$0,$-0,$0,$0,$0
47,2006-12-31,3.08,$0.00,0.0,0,0.0,0,0.0,0,0.0,$0.00B,$0.00B,1.31,$0.00B,$0.00B,0.0,$0.01B,$0.01B,100.00%,$0.01B,$-0.01B,-120.00%,$0.01B,$-0.01B,-120.00%,$0.01B,$-0.01B,-120.00%,$0.01B,$-0.01B,-120.00%,$0.01B,$-0.01B,-120.00%,$-0.01B,$0.00B,-92.31%,$-0.01B,$0.00B,-218.18%,$-0.01B,$0.01B,-68.57%,$-0.01B,$0.00B,-92.31%,$1,$0,$1,$0,$2,$3,$-2,$-0,$-2,$0,$-2,$-2,$-2,$-2,$-2,$0,0,$0.00,$0.00,$2,$0,$1,$3,$0,$0,$2,$0,$3,$6,$2,$0,$0,$0,$2,$0,$-12,$0,$3,$6,$-3,$0,$0,$0,$0,$0,$0,$0,$-1,$-2,$-0,$0,$0,$0,$0,$1,$-0,$1,$0,$1,$0,$0,$0,$0,$0,$1,$-0,$0,$0
