,Date,Stock Price,Book Value per Share,Price to Book Ratio,TTM Sales per Share,Price to Sales Ratio,TTM FCF per Share,Price to FCF Ratio,TTM Net EPS,PE Ratio,Current Assets,Current Liabilities,Current Ratio,Long Term Debt,Shareholder's Equity_x,Debt to Equity Ratio,TTM Revenue_x,TTM Gross Profit,Gross Margin,TTM Revenue_y,TTM Operating Income,Operating Margin,TTM Revenue_x,TTM EBIT,EBIT Margin,TTM Revenue_y,TTM EBITDA,EBITDA Margin,TTM Revenue_x,TTM Pre-Tax Income,Pre-Tax Margin,TTM Revenue_y,TTM Net Income_x,Net Margin,TTM Net Income_y,Shareholder's Equity_y,Return on Equity,TTM Net Income_x,Tangible Equity,Return on Tangible Equity,TTM Net Income_y,Total Assets,Return on Assets,TTM Net Income,LT Investments & Debt,Return on Investment,revenue,cost-goods-sold,gross-profit,research-development-expenses,selling-general-administrative-expenses,operating-expenses,operating-income,total-non-operating-income-expense,pre-tax-income,total-provision-income-taxes,income-after-taxes,income-from-continuous-operations,net-income,ebitda,ebit,basic-shares-outstanding,shares-outstanding,eps-basic-net-earnings-per-share,eps-earnings-per-share-diluted,cash-on-hand,inventory,other-current-assets,total-current-assets,net-property-plant-equipment,long-term-investments,goodwill-intangible-assets-total,other-long-term-assets,total-long-term-assets,total-assets,total-current-liabilities,long-term-debt,other-non-current-liabilities,total-long-term-liabilities,total-liabilities,common-stock-net,retained-earnings-accumulated-deficit,comprehensive-income,total-share-holder-equity,total-liabilities-share-holders-equity,net-income-loss,total-depreciation-amortization-cash-flow,other-non-cash-items,total-non-cash-items,change-in-accounts-receivable,change-in-inventories,change-in-accounts-payable,change-in-assets-liabilities,total-change-in-assets-liabilities,cash-flow-from-operating-activities,net-change-in-property-plant-equipment,net-change-in-intangible-assets,net-acquisitions-divestitures,net-change-in-short-term-investments,net-change-in-long-term-investments,net-change-in-investments-total,investing-activities-other,cash-flow-from-investing-activities,net-long-term-debt,net-current-debt,debt-issuance-retirement-net-total,net-common-equity-issued-repurchased,net-total-equity-issued-repurchased,total-common-preferred-stock-dividends-paid,financial-activities-other,cash-flow-from-financial-activities,net-cash-flow,stock-based-compensation,common-stock-dividends-paid
0,2018-09-30,274.49,$33.16,8.28,$10.00,27.46,$18.56,14.79,$7.29,37.65,$1.75B,$0.79B,2.2,$0.60B,$0.70B,0.86,$0.24B,$0.24B,97.93%,$0.24B,$0.16B,65.29%,$0.24B,$0.16B,65.29%,$0.24B,$0.20B,83.47%,$0.24B,$0.26B,107.85%,$0.24B,$0.18B,73.55%,$0.18B,$0.70B,32.35%,$0.18B,$0.38B,80.63%,$0.18B,$2.11B,13.21%,$0.16B,$1.30B,18.40%,$46,$1,$44,$5,$10,$22,$23,$56,$79,$12,$67,$67,$67,$38,$23,$21,24,$3.19,$2.80,$1156,$8,$535,$1745,$4,$0,$323,$0,$361,$2106,$793,$603,$10,$613,$1406,$0,$-184,$-0,$700,$2106,$186,$37,$-27,$10,$-21,$-4,$0,$-4,$-34,$161,$0,$0,$0,$-1082,$382,$-701,$2,$-699,$728,$0,$728,$56,$56,$0,$-109,$676,$139,$15,$0
1,2018-06-30,207.17,$29.38,7.05,$9.52,21.77,$14.27,14.51,$4.85,42.72,$1.48B,$0.63B,2.34,$0.60B,$0.62B,0.96,$0.23B,$0.22B,97.82%,$0.23B,$0.15B,65.94%,$0.23B,$0.15B,65.94%,$0.23B,$0.19B,80.79%,$0.23B,$0.19B,84.72%,$0.23B,$0.12B,51.97%,$0.12B,$0.62B,25.00%,$0.12B,$0.29B,77.02%,$0.12B,$1.86B,12.06%,$0.15B,$1.22B,23.62%,$90,$1,$89,$6,$9,$20,$70,$25,$96,$22,$73,$73,$73,$86,$70,$21,24,$3.45,$2.99,$1017,$10,$412,$1480,$4,$0,$328,$1,$378,$1858,$633,$596,$10,$606,$1238,$0,$-254,$-0,$620,$1858,$118,$21,$15,$36,$-16,$-4,$0,$0,$-20,$134,$0,$0,$0,$-623,$0,$-623,$2,$-620,$588,$0,$588,$49,$49,$0,$-20,$617,$131,$9,$0
2,2018-03-31,165.16,$22.58,7.31,$7.04,23.47,$10.05,16.43,$2.12,77.91,$0.35B,$0.25B,1.41,$0.02B,$0.48B,0.03,$0.17B,$0.16B,97.01%,$0.17B,$0.09B,56.29%,$0.17B,$0.09B,56.29%,$0.17B,$0.12B,70.06%,$0.17B,$0.11B,63.47%,$0.17B,$0.05B,31.14%,$0.05B,$0.48B,12.46%,$0.05B,$0.15B,49.76%,$0.05B,$0.76B,7.62%,$0.09B,$0.50B,21.49%,$56,$1,$55,$7,$8,$19,$37,$18,$55,$10,$45,$45,$45,$43,$37,$21,25,$2.13,$1.83,$292,$11,$6,$349,$4,$0,$331,$1,$406,$755,$247,$16,$8,$27,$274,$0,$-327,$-0,$481,$755,$45,$6,$26,$32,$-12,$-5,$0,$0,$-16,$61,$0,$0,$0,$-32,$0,$-32,$-1,$-34,$0,$0,$0,$7,$7,$0,$-4,$3,$30,$5,$0
3,2017-12-31,136.93,$18.90,7.24,$6.04,22.66,$8.43,16.23,$0.51,268.49,$0.24B,$0.24B,0.99,$0.02B,$0.40B,0.05,$0.14B,$0.14B,97.14%,$0.14B,$0.07B,47.86%,$0.14B,$0.07B,47.86%,$0.14B,$0.09B,64.29%,$0.14B,$0.06B,40.71%,$0.14B,$0.01B,8.57%,$0.01B,$0.40B,3.08%,$0.01B,$0.07B,14.12%,$0.01B,$0.67B,1.84%,$0.07B,$0.42B,16.22%,$50,$2,$49,$9,$8,$22,$28,$2,$31,$38,$-7,$-7,$-7,$35,$28,$21,23,$-0.33,$-0.31,$202,$4,$5,$237,$4,$6,$334,$5,$434,$671,$239,$19,$14,$32,$271,$0,$-401,$2,$400,$671,$13,$23,$69,$92,$-8,$-1,$0,$-1,$-11,$94,$-2,$7,$-27,$-58,$0,$-58,$-5,$-84,$0,$0,$0,$3,$3,$0,$-10,$-8,$2,$25,$0
4,2017-09-30,136.15,$19.11,7.12,$5.73,23.77,$7.48,18.21,$0.69,197.32,$0.22B,$0.23B,0.97,$0.02B,$0.40B,0.05,$0.13B,$0.12B,95.31%,$0.13B,$0.06B,45.31%,$0.13B,$0.06B,45.31%,$0.13B,$0.08B,62.50%,$0.13B,$0.03B,25.78%,$0.13B,$0.02B,12.50%,$0.02B,$0.40B,4.26%,$0.02B,$0.11B,20.45%,$0.02B,$0.66B,2.53%,$0.06B,$0.43B,14.46%,$33,$2,$31,$5,$7,$17,$16,$-4,$12,$4,$8,$8,$8,$21,$16,$21,24,$0.40,$0.36,$202,$5,$1,$224,$4,$5,$293,$2,$438,$662,$232,$22,$6,$27,$259,$0,$-394,$3,$403,$662,$20,$16,$28,$44,$2,$-2,$0,$-5,$-7,$57,$0,$0,$0,$-122,$76,$-46,$3,$-43,$0,$0,$0,$4,$4,$0,$-4,$-0,$14,$16,$0
5,2017-06-30,121.4,$18.30,6.64,$5.25,23.12,$6.80,17.87,$0.36,337.22,$0.20B,$0.23B,0.87,$0.02B,$0.39B,0.06,$0.12B,$0.11B,95.73%,$0.12B,$0.05B,40.17%,$0.12B,$0.05B,40.17%,$0.12B,$0.07B,59.83%,$0.12B,$0.02B,18.80%,$0.12B,$0.01B,7.69%,$0.01B,$0.39B,2.51%,$0.01B,$0.09B,15.38%,$0.01B,$0.64B,1.46%,$0.05B,$0.41B,12.14%,$28,$1,$27,$5,$7,$15,$13,$-5,$8,$2,$6,$6,$6,$18,$13,$21,23,$0.29,$0.26,$173,$7,$1,$197,$2,$6,$294,$2,$443,$640,$226,$24,$5,$29,$255,$0,$-402,$3,$385,$640,$11,$11,$12,$24,$1,$-4,$0,$0,$-5,$30,$0,$3,$0,$11,$0,$11,$-0,$14,$0,$0,$0,$2,$2,$0,$-4,$-2,$41,$11,$0
6,2017-03-31,105.84,$17.71,5.98,$4.98,21.25,$6.60,16.04,$-0.18,0.0,$0.18B,$0.23B,0.77,$0.03B,$0.37B,0.07,$0.11B,$0.10B,95.41%,$0.11B,$0.04B,34.86%,$0.11B,$0.04B,34.86%,$0.11B,$0.06B,56.88%,$0.11B,$0.00B,3.67%,$0.11B,$-0.00B,-2.75%,$-0.00B,$0.37B,-0.87%,$-0.00B,$0.07B,-7.32%,$-0.00B,$0.63B,-0.50%,$0.04B,$0.40B,10.11%,$29,$0,$29,$9,$7,$19,$10,$-4,$6,$1,$5,$5,$5,$16,$10,$21,23,$0.24,$0.22,$159,$8,$1,$175,$2,$7,$300,$2,$455,$630,$227,$27,$4,$31,$258,$0,$-408,$3,$372,$630,$5,$6,$3,$9,$8,$-1,$0,$0,$4,$19,$0,$0,$0,$-26,$0,$-26,$-0,$-26,$0,$0,$0,$0,$0,$0,$-2,$-2,$-8,$6,$0
7,2016-12-31,101.61,$16.32,6.23,$5.04,20.16,$6.34,16.02,$-0.10,0.0,$0.16B,$0.23B,0.72,$0.03B,$0.34B,0.09,$0.11B,$0.10B,94.55%,$0.11B,$0.04B,39.09%,$0.11B,$0.04B,39.09%,$0.11B,$0.07B,60.91%,$0.11B,$0.01B,7.27%,$0.11B,$-0.00B,-0.91%,$-0.00B,$0.34B,-0.29%,$-0.00B,$0.04B,-2.47%,$-0.00B,$0.60B,-0.17%,$0.04B,$0.37B,10.27%,$38,$3,$35,$6,$7,$19,$19,$-12,$7,$10,$-3,$-3,$-3,$25,$19,$21,21,$-0.15,$-0.13,$141,$2,$2,$163,$2,$8,$303,$2,$439,$602,$227,$30,$4,$33,$260,$0,$-431,$3,$341,$602,$-2,$23,$53,$75,$-9,$-0,$0,$1,$-11,$63,$-2,$-18,$-93,$-21,$-1,$-22,$-8,$-143,$0,$0,$0,$3,$3,$0,$-1,$2,$-79,$19,$0
8,2016-09-30,102.06,$16.19,6.31,$4.21,24.27,$5.37,19.02,$0.34,300.18,$0.14B,$0.23B,0.62,$0.03B,$0.34B,0.1,$0.09B,$0.09B,95.70%,$0.09B,$0.04B,37.63%,$0.09B,$0.04B,37.63%,$0.09B,$0.06B,60.22%,$0.09B,$0.01B,7.53%,$0.09B,$0.01B,8.60%,$0.01B,$0.34B,2.52%,$0.01B,$0.03B,11.00%,$0.01B,$0.60B,1.40%,$0.04B,$0.37B,8.86%,$22,$1,$21,$6,$7,$16,$5,$-4,$1,$0,$1,$1,$1,$11,$5,$21,23,$0.05,$0.05,$124,$4,$3,$141,$2,$17,$306,$2,$460,$601,$226,$32,$4,$36,$263,$0,$-428,$4,$338,$601,$1,$17,$28,$45,$-0,$-2,$0,$1,$-4,$42,$-2,$-18,$-93,$64,$-1,$63,$-7,$-56,$0,$0,$0,$5,$5,$0,$-1,$4,$-11,$14,$0
9,2016-06-30,119.27,$15.81,7.54,$4.09,29.16,$4.92,24.22,$10.77,11.07,$0.13B,$0.22B,0.57,$0.04B,$0.33B,0.11,$0.09B,$0.08B,94.38%,$0.09B,$0.04B,43.82%,$0.09B,$0.04B,43.82%,$0.09B,$0.06B,64.04%,$0.09B,$0.01B,14.61%,$0.09B,$0.21B,231.46%,$0.21B,$0.33B,67.32%,$0.21B,$0.02B,171.31%,$0.21B,$0.59B,37.45%,$0.04B,$0.36B,9.15%,$20,$1,$19,$5,$7,$16,$4,$-14,$-10,$-4,$-6,$-6,$-6,$10,$4,$21,21,$-0.30,$-0.30,$107,$4,$3,$127,$1,$19,$309,$1,$463,$589,$220,$35,$5,$39,$260,$0,$-429,$4,$330,$589,$0,$11,$22,$33,$-4,$-2,$0,$-1,$-10,$23,$-1,$-18,$-93,$56,$0,$56,$-5,$-62,$0,$0,$0,$2,$2,$0,$0,$2,$-36,$9,$0
10,2016-03-31,107.09,$17.52,6.11,$4.02,26.64,$4.67,22.92,$12.16,8.81,$0.13B,$0.01B,10.87,$0.21B,$0.37B,0.56,$0.09B,$0.08B,93.10%,$0.09B,$0.04B,44.83%,$0.09B,$0.04B,44.83%,$0.09B,$0.06B,63.22%,$0.09B,$0.05B,51.72%,$0.09B,$0.24B,271.26%,$0.24B,$0.37B,98.03%,$0.24B,$0.07B,205.66%,$0.24B,$0.59B,49.27%,$0.04B,$0.57B,9.68%,$30,$1,$29,$4,$7,$15,$15,$-6,$10,$4,$6,$6,$7,$21,$15,$21,22,$0.32,$0.30,$113,$2,$2,$133,$1,$28,$294,$0,$453,$586,$12,$205,$4,$209,$221,$0,$-423,$4,$365,$586,$7,$6,$10,$16,$-6,$1,$0,$0,$-9,$13,$-0,$0,$-93,$19,$0,$19,$-5,$-80,$0,$0,$0,$1,$1,$0,$0,$1,$-66,$4,$0
11,2015-12-31,108.42,$11.89,9.12,$3.40,31.92,$4.46,24.3,$11.90,9.11,$0.22B,$0.22B,0.96,$0.04B,$0.24B,0.17,$0.07B,$0.07B,91.67%,$0.07B,$0.03B,37.50%,$0.07B,$0.03B,37.50%,$0.07B,$0.04B,56.94%,$0.07B,$0.04B,48.61%,$0.07B,$0.23B,319.44%,$0.23B,$0.24B,146.03%,$0.23B,$0.17B,259.89%,$0.23B,$0.50B,57.75%,$0.03B,$0.28B,8.48%,$21,$1,$20,$2,$7,$10,$11,$-5,$6,$-1,$6,$6,$6,$14,$11,$20,21,$0.37,$0.40,$200,$2,$2,$215,$0,$30,$69,$0,$288,$503,$223,$40,$3,$43,$266,$0,$-429,$5,$237,$503,$227,$13,$-200,$-187,$6,$-0,$0,$-1,$1,$42,$-0,$-4,$-9,$-93,$0,$-93,$-7,$-113,$0,$0,$0,$8,$8,$0,$0,$8,$-63,$12,$0
12,2015-09-30,85.65,$14.67,5.84,$3.47,24.67,$3.46,24.76,$11.95,7.17,$0.21B,$0.02B,12.94,$0.20B,$0.29B,0.7,$0.07B,$0.07B,87.84%,$0.07B,$0.03B,35.14%,$0.07B,$0.03B,35.14%,$0.07B,$0.04B,54.05%,$0.07B,$0.04B,48.65%,$0.07B,$0.23B,312.16%,$0.23B,$0.29B,221.58%,$0.23B,$0.22B,646.15%,$0.23B,$0.52B,68.55%,$0.03B,$0.50B,8.55%,$18,$1,$16,$2,$5,$9,$9,$-1,$7,$-192,$199,$199,$199,$12,$9,$20,21,$10.01,$9.28,$188,$1,$8,$210,$0,$32,$70,$3,$311,$522,$16,$203,$8,$213,$230,$0,$-410,$6,$292,$522,$221,$10,$-204,$-195,$7,$-0,$0,$-0,$2,$28,$-0,$-4,$-9,$-83,$0,$-83,$-5,$-101,$0,$0,$0,$7,$7,$0,$0,$7,$-66,$10,$0
13,2015-06-30,100.9,$3.48,28.99,$3.35,30.14,$2.64,38.18,$1.55,65.1,$0.20B,$0.02B,10.96,$0.20B,$0.07B,2.91,$0.07B,$0.06B,87.32%,$0.07B,$0.02B,29.58%,$0.07B,$0.02B,29.58%,$0.07B,$0.03B,46.48%,$0.07B,$0.03B,42.25%,$0.07B,$0.03B,46.48%,$0.03B,$0.07B,78.57%,$0.03B,$-0.00B,-126.92%,$0.03B,$0.31B,12.02%,$0.02B,$0.27B,8.75%,$18,$3,$16,$3,$7,$14,$4,$18,$22,$0,$22,$22,$24,$8,$4,$20,21,$1.19,$1.11,$182,$1,$3,$197,$0,$34,$70,$3,$108,$305,$18,$201,$12,$218,$236,$0,$-635,$11,$69,$305,$22,$6,$-14,$-7,$7,$-1,$0,$-1,$3,$18,$-0,$-4,$-9,$-58,$0,$-58,$-4,$-75,$0,$0,$0,$5,$5,$0,$0,$5,$-52,$7,$0
14,2015-03-31,77.11,$1.65,46.79,$2.97,25.97,$2.12,36.31,$0.51,151.2,$0.19B,$0.02B,10.56,$0.20B,$0.03B,6.14,$0.06B,$0.06B,85.94%,$0.06B,$0.02B,28.13%,$0.06B,$0.02B,28.13%,$0.06B,$0.03B,42.19%,$0.06B,$0.01B,14.06%,$0.06B,$0.01B,17.19%,$0.01B,$0.03B,27.16%,$0.01B,$-0.04B,-40.37%,$0.01B,$0.26B,4.93%,$0.02B,$0.23B,9.54%,$15,$1,$14,$3,$6,$11,$3,$-3,$-0,$0,$-0,$-0,$1,$7,$3,$20,21,$0.04,$0.04,$177,$3,$4,$192,$0,$0,$67,$4,$72,$263,$18,$199,$9,$213,$231,$0,$-659,$9,$32,$263,$-0,$3,$3,$7,$5,$-0,$0,$1,$1,$8,$-0,$0,$0,$0,$0,$0,$-3,$-3,$0,$0,$0,$1,$1,$0,$0,$1,$6,$3,$0
15,2014-12-31,53.21,$1.25,42.67,$3.01,17.65,$1.88,28.33,$0.57,93.35,$0.19B,$0.02B,8.13,$0.20B,$0.02B,8.07,$0.07B,$0.06B,84.62%,$0.07B,$0.02B,30.77%,$0.07B,$0.02B,30.77%,$0.07B,$0.03B,40.00%,$0.07B,$0.01B,16.92%,$0.07B,$0.01B,18.46%,$0.01B,$0.02B,24.62%,$0.01B,$-0.04B,-61.54%,$0.01B,$0.26B,6.53%,$0.02B,$0.22B,13.54%,$23,$4,$19,$1,$6,$13,$10,$-3,$7,$0,$7,$7,$7,$13,$10,$20,21,$0.35,$0.33,$167,$0,$5,$185,$0,$0,$68,$5,$73,$258,$23,$197,$9,$211,$234,$0,$-659,$5,$24,$258,$11,$6,$14,$20,$-10,$4,$0,$-2,$-11,$21,$-0,$-1,$0,$2,$0,$2,$-3,$-2,$236,$0,$236,$-52,$-52,$0,$-54,$130,$149,$11,$0
16,2014-09-30,46.99,$2.13,22.1,$2.65,17.72,$1.90,24.76,$0.32,146.84,$0.20B,$0.02B,10.77,$0.20B,$0.04B,4.55,$0.06B,$0.05B,85.96%,$0.06B,$0.02B,28.07%,$0.06B,$0.02B,28.07%,$0.06B,$0.02B,35.09%,$0.06B,$0.01B,10.53%,$0.06B,$0.01B,12.28%,$0.01B,$0.04B,12.67%,$0.01B,$-0.03B,-50.91%,$0.01B,$0.27B,4.81%,$0.02B,$0.24B,15.13%,$15,$1,$13,$3,$7,$11,$4,$-3,$1,$0,$1,$1,$1,$5,$4,$20,21,$0.06,$0.06,$187,$1,$5,$199,$1,$0,$68,$5,$74,$272,$18,$195,$13,$211,$230,$0,$-666,$4,$43,$272,$4,$3,$12,$15,$-4,$0,$0,$-2,$-9,$10,$0,$0,$0,$1,$0,$1,$-2,$-0,$236,$0,$236,$-23,$-23,$0,$-54,$159,$169,$9,$0
17,2014-06-30,62.29,$3.04,20.52,$2.57,24.2,$1.81,34.39,$0.35,177.97,$0.03B,$0.02B,1.54,$0.00B,$0.06B,0.03,$0.06B,$0.05B,83.64%,$0.06B,$0.02B,27.27%,$0.06B,$0.02B,27.27%,$0.06B,$0.02B,34.55%,$0.06B,$0.01B,12.73%,$0.06B,$0.01B,14.55%,$0.01B,$0.06B,14.35%,$0.01B,$-0.01B,-57.14%,$0.01B,$0.10B,7.77%,$0.02B,$0.07B,25.64%,$11,$1,$9,$3,$5,$9,$1,$-0,$1,$-0,$1,$1,$2,$2,$1,$21,22,$0.08,$0.07,$22,$1,$2,$29,$1,$0,$69,$2,$71,$100,$19,$2,$13,$18,$37,$0,$-668,$5,$63,$100,$3,$1,$6,$8,$-1,$1,$0,$-0,$-4,$7,$0,$0,$0,$1,$0,$1,$-2,$-0,$-7,$0,$-7,$4,$4,$0,$0,$-3,$3,$5,$0
18,2014-03-31,67.27,$3.14,21.44,$2.56,26.32,$1.94,34.59,$0.58,115.98,$0.03B,$0.02B,1.59,$0.00B,$0.07B,0.04,$0.05B,$0.05B,83.33%,$0.05B,$0.02B,29.63%,$0.05B,$0.02B,29.63%,$0.05B,$0.02B,35.19%,$0.05B,$0.01B,18.52%,$0.05B,$0.01B,22.22%,$0.01B,$0.07B,24.12%,$0.01B,$-0.00B,-58.54%,$0.01B,$0.11B,11.65%,$0.02B,$0.07B,29.77%,$16,$2,$14,$3,$5,$11,$5,$-3,$2,$0,$2,$2,$2,$6,$5,$21,21,$0.10,$0.10,$25,$2,$2,$33,$1,$1,$69,$0,$72,$105,$21,$2,$16,$19,$40,$0,$-669,$11,$65,$105,$2,$1,$4,$4,$-2,$-1,$0,$0,$-4,$3,$-0,$0,$0,$1,$0,$1,$-2,$-1,$-3,$0,$-3,$3,$3,$0,$0,$-0,$1,$2,$0
19,2013-12-31,52.6,$2.42,21.7,$2.38,22.12,$1.92,27.33,$0.55,95.64,$0.03B,$0.03B,0.86,$0.00B,$0.05B,0.06,$0.05B,$0.04B,84.00%,$0.05B,$0.02B,30.00%,$0.05B,$0.02B,30.00%,$0.05B,$0.02B,36.00%,$0.05B,$0.01B,18.00%,$0.05B,$0.01B,22.00%,$0.01B,$0.05B,26.67%,$0.01B,$-0.02B,-38.26%,$0.01B,$0.11B,10.86%,$0.02B,$0.05B,31.75%,$15,$1,$13,$2,$4,$8,$6,$-4,$2,$0,$2,$2,$2,$7,$6,$20,21,$0.09,$0.09,$16,$1,$1,$25,$1,$0,$70,$2,$80,$105,$29,$3,$20,$26,$55,$0,$-671,$3,$50,$105,$11,$3,$7,$10,$2,$1,$0,$-1,$-1,$21,$-0,$-4,$0,$0,$0,$0,$-1,$-5,$-20,$0,$-20,$3,$3,$0,$0,$-16,$-1,$6,$0
20,2013-09-30,43.28,$2.08,20.79,$2.35,18.38,$0.92,46.83,$0.51,84.86,$0.02B,$0.03B,0.51,$0.00B,$0.05B,0.08,$0.05B,$0.04B,81.63%,$0.05B,$0.01B,26.53%,$0.05B,$0.01B,26.53%,$0.05B,$0.02B,32.65%,$0.05B,$0.01B,16.33%,$0.05B,$0.01B,20.41%,$0.01B,$0.05B,28.37%,$0.01B,$-0.03B,-29.20%,$0.01B,$0.10B,9.90%,$0.01B,$0.05B,28.57%,$13,$3,$10,$2,$5,$10,$3,$-1,$2,$0,$2,$2,$2,$4,$3,$20,21,$0.10,$0.09,$3,$2,$2,$17,$1,$0,$71,$5,$85,$102,$32,$4,$18,$24,$57,$0,$-673,$2,$45,$102,$10,$2,$2,$4,$-1,$0,$0,$-1,$-4,$9,$-0,$-4,$0,$0,$0,$0,$-0,$-4,$-16,$0,$-16,$2,$2,$0,$0,$-14,$-9,$4,$0
21,2013-06-30,37.4,$1.93,19.35,$2.05,18.24,$0.39,96.02,$0.41,91.22,$0.02B,$0.03B,0.45,$0.01B,$0.04B,0.16,$0.04B,$0.04B,85.71%,$0.04B,$0.01B,21.43%,$0.04B,$0.01B,21.43%,$0.04B,$0.01B,26.19%,$0.04B,$0.01B,14.29%,$0.04B,$0.01B,19.05%,$0.01B,$0.04B,27.35%,$0.01B,$-0.03B,-20.13%,$0.01B,$0.10B,8.00%,$0.01B,$0.05B,20.11%,$10,$1,$8,$2,$4,$8,$2,$2,$4,$0,$4,$4,$6,$2,$2,$20,20,$0.30,$0.30,$6,$2,$1,$15,$1,$0,$71,$5,$85,$100,$33,$6,$18,$28,$60,$0,$-675,$1,$39,$100,$8,$1,$-1,$1,$4,$0,$0,$-1,$1,$9,$0,$-4,$0,$0,$0,$0,$-0,$-4,$-13,$0,$-13,$1,$1,$0,$0,$-12,$-6,$3,$0
22,2013-03-31,26.65,$1.51,17.62,$1.87,14.24,$-0.12,0.0,$0.00,0.0,$0.02B,$0.03B,0.54,$0.01B,$0.03B,0.35,$0.04B,$0.03B,86.84%,$0.04B,$0.01B,13.16%,$0.04B,$0.01B,13.16%,$0.04B,$0.01B,21.05%,$0.04B,$-0.00B,-5.26%,$0.04B,$-0.00B,-2.63%,$-0.00B,$0.03B,-4.21%,$-0.00B,$-0.04B,2.23%,$-0.00B,$0.10B,-0.99%,$0.01B,$0.04B,11.11%,$12,$1,$11,$2,$5,$8,$4,$-3,$1,$0,$1,$1,$1,$5,$4,$20,20,$0.07,$0.07,$5,$3,$1,$18,$1,$0,$68,$4,$81,$98,$33,$11,$21,$35,$68,$0,$-681,$1,$31,$98,$1,$1,$2,$3,$-0,$0,$0,$-0,$-2,$2,$-0,$0,$0,$0,$0,$0,$0,$-0,$-10,$0,$-10,$0,$0,$0,$0,$-9,$-7,$1,$0
23,2012-12-31,20.74,$1.31,15.79,$1.58,13.1,$-0.24,0.0,$0.00,0.0,$0.02B,$0.04B,0.67,$0.02B,$0.03B,0.73,$0.03B,$0.03B,84.38%,$0.03B,0,0.00%,$0.03B,0,0.00%,$0.03B,$0.00B,9.38%,$0.03B,$-0.00B,-12.50%,$0.03B,$-0.00B,-3.13%,$-0.00B,$0.03B,-4.82%,$-0.00B,$-0.04B,2.07%,$-0.00B,$0.10B,-0.96%,$0.00B,$0.05B,0.00%,$14,$2,$11,$2,$4,$9,$4,$-3,$1,$-2,$3,$3,$1,$5,$4,$20,20,$0.05,$0.05,$12,$2,$1,$24,$1,$0,$68,$3,$80,$104,$35,$19,$20,$42,$78,$0,$-683,$0,$26,$104,$-1,$3,$1,$3,$2,$1,$0,$-1,$-3,$0,$-1,$0,$0,$10,$0,$10,$-8,$1,$-3,$0,$-3,$6,$6,$0,$0,$4,$5,$4,$0
24,2012-09-30,17.15,$1.01,17.03,$1.55,11.05,$-0.26,0.0,$0.19,90.26,$0.02B,$0.03B,0.58,$0.02B,$0.02B,1.15,$0.03B,$0.03B,87.10%,$0.03B,$0.00B,3.23%,$0.03B,$0.00B,3.23%,$0.03B,$0.00B,9.68%,$0.03B,0,0.00%,$0.03B,$0.00B,9.68%,$0.00B,$0.02B,18.46%,$0.00B,$-0.05B,-5.63%,$0.00B,$0.10B,2.78%,$0.00B,$0.05B,2.19%,$6,$1,$6,$3,$4,$8,$-1,$1,$-0,$0,$-0,$-0,$-0,$-1,$-1,$20,20,$-0.01,$-0.01,$7,$3,$1,$17,$1,$0,$69,$2,$80,$98,$30,$24,$17,$46,$76,$0,$-684,$0,$21,$98,$-2,$2,$-1,$0,$4,$-1,$0,$-1,$-1,$-2,$-1,$0,$0,$10,$0,$10,$-8,$1,$-3,$0,$-3,$3,$3,$0,$0,$1,$0,$3,$0
25,2012-06-30,16.94,$0.88,19.18,$1.52,11.11,$-0.55,0.0,$-0.00,0.0,$0.02B,$0.03B,0.68,$0.03B,$0.02B,1.69,$0.03B,$0.03B,83.87%,$0.03B,$-0.00B,-3.23%,$0.03B,$-0.00B,-3.23%,$0.03B,$0.00B,3.23%,$0.03B,$-0.00B,-12.90%,$0.03B,$-0.00B,-3.23%,$-0.00B,$0.02B,-8.70%,$-0.00B,$-0.05B,1.70%,$-0.00B,$0.10B,-0.88%,$-0.00B,$0.05B,-2.37%,$6,$0,$5,$3,$4,$8,$-2,$-2,$-4,$0,$-4,$-4,$-3,$-1,$-2,$20,20,$-0.13,$-0.13,$10,$3,$2,$21,$1,$0,$69,$2,$82,$103,$31,$30,$20,$55,$85,$0,$-684,$0,$17,$103,$-1,$1,$-0,$1,$5,$-0,$0,$-2,$-1,$-1,$-0,$0,$0,$9,$0,$9,$-5,$4,$-1,$0,$-1,$0,$0,$0,$0,$-1,$2,$2,$0
26,2012-03-31,15.95,$0.94,16.99,$1.61,9.89,$-0.84,0.0,$0.06,265.83,$0.02B,$0.03B,0.87,$0.03B,$0.02B,1.84,$0.03B,$0.03B,84.38%,$0.03B,0,0.00%,$0.03B,0,0.00%,$0.03B,$0.00B,6.25%,$0.03B,0,0.00%,$0.03B,$0.00B,6.25%,$0.00B,$0.02B,23.53%,$0.00B,$-0.05B,-3.16%,$0.00B,$0.11B,1.67%,$0.00B,$0.05B,0.00%,$6,$0,$5,$3,$3,$6,$-1,$0,$-1,$-0,$-1,$-1,$1,$-0,$-1,$20,20,$0.06,$0.06,$11,$1,$3,$24,$0,$0,$70,$2,$86,$110,$27,$34,$24,$64,$92,$0,$-681,$0,$19,$110,$1,$1,$-2,$-1,$4,$-0,$0,$-1,$-0,$-0,$-0,$0,$0,$9,$0,$9,$-5,$4,$-1,$0,$-1,$0,$0,$0,$0,$-1,$3,$1,$0
27,2011-12-31,11.87,$0.40,30.0,$1.53,7.78,$-0.78,0.0,$0.47,25.26,$0.03B,$0.04B,0.74,$0.03B,$0.01B,3.5,$0.03B,$0.03B,83.33%,$0.03B,0,0.00%,$0.03B,0,0.00%,$0.03B,$0.00B,3.33%,$0.03B,$-0.00B,-10.00%,$0.03B,$0.01B,36.67%,$0.01B,$0.01B,220.00%,$0.01B,$-0.06B,-16.06%,$0.01B,$0.12B,8.73%,$0.00B,$0.04B,0.00%,$13,$2,$11,$3,$3,$8,$5,$0,$5,$0,$5,$5,$5,$5,$5,$20,20,$0.23,$0.23,$17,$1,$1,$32,$0,$1,$71,$1,$88,$121,$44,$29,$34,$69,$112,$0,$-682,$0,$8,$121,$10,$1,$-6,$-5,$-4,$1,$0,$8,$-6,$-1,$0,$0,$-32,$9,$0,$9,$-3,$-25,$30,$0,$30,$-0,$-0,$0,$0,$30,$4,$3,$0
28,2011-09-30,13.68,$0.12,113.06,$1.07,12.77,$-2.09,0.0,$0.35,39.09,$0.03B,$0.04B,0.63,$0.03B,$0.00B,12.41,$0.02B,$0.02B,85.71%,$0.02B,$-0.01B,-52.38%,$0.02B,$-0.01B,-52.38%,$0.02B,$-0.01B,-47.62%,$0.02B,$-0.01B,-47.62%,$0.02B,$0.01B,52.38%,$0.01B,$0.00B,628.57%,$0.01B,$-0.07B,-19.13%,$0.01B,$0.12B,9.59%,$-0.01B,$0.03B,-40.37%,$6,$1,$5,$2,$4,$9,$-3,$-1,$-4,$0,$-4,$-4,$-4,$-3,$-3,$20,20,$-0.21,$-0.21,$12,$2,$2,$27,$1,$0,$72,$2,$96,$122,$42,$29,$44,$78,$120,$0,$-687,$0,$2,$122,$5,$1,$-8,$-7,$0,$0,$0,$-0,$-6,$-8,$-0,$0,$-32,$9,$0,$9,$-0,$-23,$30,$0,$30,$-0,$-0,$0,$0,$30,$-1,$3,$0
29,2011-06-30,11.95,$0.27,43.87,$1.18,10.16,$-2.96,0.0,$-3.05,0.0,$0.03B,$0.04B,0.67,$0.03B,$0.01B,5.63,$0.02B,$0.02B,91.30%,$0.02B,$-0.02B,-104.35%,$0.02B,$-0.02B,-104.35%,$0.02B,$-0.02B,-95.65%,$0.02B,$-0.02B,-73.91%,$0.02B,$0.00B,13.04%,$0.00B,$0.01B,-300.00%,$0.00B,$-0.07B,-6.49%,$0.00B,$0.13B,2.67%,$-0.02B,$0.04B,-141.18%,$7,$2,$6,$3,$4,$8,$-1,$1,$-0,$0,$-0,$-0,$-0,$-0,$-1,$20,20,$-0.02,$-0.02,$13,$3,$2,$28,$1,$0,$75,$2,$99,$127,$42,$30,$45,$80,$122,$0,$-683,$0,$5,$127,$9,$0,$-11,$-11,$1,$-0,$0,$2,$-6,$-7,$-0,$0,$-32,$9,$0,$9,$-0,$-23,$30,$0,$30,$-0,$-0,$0,$0,$30,$0,$2,$0
30,2011-03-31,10.0,$0.26,38.99,$1.09,9.14,$-3.51,0.0,$-3.00,0.0,$0.03B,$0.05B,0.7,$0.03B,$0.01B,6.1,$0.02B,$0.02B,95.45%,$0.02B,$-0.03B,-122.73%,$0.02B,$-0.03B,-122.73%,$0.02B,$-0.03B,-113.64%,$0.02B,$-0.02B,-77.27%,$0.02B,$0.00B,13.64%,$0.00B,$0.01B,-200.00%,$0.00B,$-0.07B,-9.38%,$0.00B,$0.13B,2.66%,$-0.03B,$0.04B,-300.00%,$4,$1,$3,$2,$3,$5,$-1,$-3,$-4,$-14,$10,$10,$10,$-1,$-1,$20,20,$0.49,$0.49,$17,$4,$1,$31,$1,$0,$77,$2,$103,$134,$45,$31,$49,$85,$129,$0,$-682,$0,$5,$134,$10,$0,$-11,$-11,$1,$-2,$0,$4,$3,$1,$-0,$0,$-32,$9,$0,$9,$-0,$-23,$25,$0,$25,$-0,$-0,$0,$0,$25,$3,$0,$0
31,2010-12-31,8.92,$-0.25,-35.88,$1.20,7.43,$-4.20,0.0,$-3.60,0.0,$0.04B,$0.03B,1.11,$0.01B,$-0.01B,-2.29,$0.02B,$0.02B,100.00%,$0.02B,$-0.03B,-125.00%,$0.02B,$-0.03B,-125.00%,$0.02B,$-0.03B,-116.67%,$0.02B,$-0.02B,-66.67%,$0.02B,$-0.01B,-41.67%,$-0.01B,$-0.01B,444.44%,$-0.01B,$-0.02B,58.82%,$-0.01B,$0.08B,-8.87%,$-0.03B,$0.01B,-1714.29%,$4,$0,$4,$3,$3,$10,$-6,$4,$-2,$-4,$2,$2,$5,$-6,$-6,$20,20,$0.22,$0.22,$23,$0,$1,$37,$1,$0,$13,$2,$39,$76,$33,$11,$33,$47,$80,$0,$-692,$0,$-5,$76,$-10,$1,$8,$8,$-0,$0,$0,$-11,$-25,$-27,$1,$-1,$-3,$18,$0,$18,$-0,$15,$-0,$0,$-0,$-0,$-0,$0,$0,$-0,$-13,$2,$0
32,2010-09-30,9.48,$-2.90,-3.27,$1.74,5.45,$-4.66,0.0,$-3.54,0.0,$0.04B,$0.04B,0.96,$0.00B,$-0.01B,0.0,$0.03B,$0.03B,100.00%,$0.03B,$-0.02B,-67.65%,$0.03B,$-0.02B,-67.65%,$0.03B,$-0.02B,-55.88%,$0.03B,$-0.01B,-38.24%,$0.03B,$-0.01B,-35.29%,$-0.01B,$-0.01B,-2767011611056432640.00%,$-0.01B,$-0.03B,97.96%,$-0.01B,$0.11B,-9.28%,$-0.02B,$-0.01B,-613.33%,$8,$0,$8,$5,$3,$23,$-16,$4,$-11,$0,$-12,$-12,$-12,$-15,$-16,$20,20,$-0.60,$-0.60,$24,$0,$1,$35,$1,$1,$16,$5,$77,$113,$37,$0,$83,$85,$122,$0,$-696,$0,$-9,$113,$-15,$1,$9,$10,$1,$0,$0,$-7,$-21,$-26,$1,$-1,$-3,$18,$0,$18,$-0,$14,$-0,$0,$-0,$0,$0,$0,$0,$0,$-12,$2,$0
33,2010-06-30,8.76,$0.14,64.36,$3.86,2.27,$-13.89,0.0,$0.18,48.67,$0.04B,$0.04B,1.0,$0.00B,$0.00B,0.0,$0.03B,$0.03B,100.00%,$0.03B,$-0.01B,-17.65%,$0.03B,$-0.01B,-17.65%,$0.03B,$-0.02B,-67.65%,$0.03B,$-0.00B,-2.94%,$0.03B,$0.00B,5.88%,$0.00B,$0.00B,922337203685477632.00%,$0.00B,$-0.01B,-23.53%,$0.00B,$0.13B,1.54%,$-0.01B,$0.00B,-160.00%,$6,$0,$6,$7,$3,$9,$-4,$4,$0,$1,$-0,$-0,$-0,$-3,$-4,$20,20,$-0.01,$-0.01,$32,$0,$1,$43,$7,$1,$16,$5,$84,$128,$44,$0,$79,$81,$125,$0,$-685,$1,$3,$128,$-3,$1,$-3,$-3,$1,$0,$0,$-5,$-12,$-18,$0,$-1,$-3,$9,$0,$9,$0,$5,$-0,$0,$-0,$0,$0,$0,$0,$0,$-13,$1,$0
34,2010-03-31,10.44,$0.10,100.77,$3.96,2.64,$-14.11,0.0,$0.12,87.0,$0.05B,$0.04B,1.22,$0.01B,$0.00B,2.46,$0.04B,$0.04B,100.00%,$0.04B,$-0.01B,-19.44%,$0.04B,$-0.01B,-19.44%,$0.04B,$-0.02B,-66.67%,$0.04B,$-0.01B,-13.89%,$0.04B,0,0.00%,$0.00B,$0.00B,0.00%,$0.00B,$-0.01B,0.00%,$0.00B,$0.13B,0.00%,$-0.01B,$0.01B,-1076060070966390656.00%,$6,$0,$6,$7,$3,$10,$-4,$1,$-3,$0,$-3,$-3,$-3,$-4,$-4,$20,20,$-0.14,$-0.14,$39,$0,$1,$50,$8,$1,$14,$6,$83,$134,$41,$5,$82,$90,$131,$0,$-684,$1,$2,$134,$-3,$0,$-1,$-0,$0,$0,$0,$-3,$-13,$-16,$3,$0,$-3,$3,$0,$3,$1,$4,$-0,$0,$-0,$0,$0,$0,$0,$0,$-12,$1,$0
35,2009-12-31,13.02,$0.19,67.6,$4.16,3.13,$-14.75,0.0,$0.06,217.0,$0.07B,$0.05B,1.31,$0.01B,$0.00B,2.67,$0.04B,$0.04B,100.00%,$0.04B,$-0.01B,-25.64%,$0.04B,$-0.01B,-25.64%,$0.04B,$-0.03B,-69.23%,$0.04B,$-0.01B,-23.08%,$0.04B,$-0.00B,-5.13%,$-0.00B,$0.00B,25.00%,$-0.00B,$0.00B,20.00%,$-0.00B,$0.14B,-1.52%,$-0.01B,$0.01B,181.82%,$14,$0,$14,$10,$3,$13,$1,$-0,$1,$0,$3,$3,$3,$3,$1,$19,19,$-0.34,$-0.34,$53,$0,$5,$68,$9,$0,$3,$7,$74,$142,$52,$10,$44,$86,$138,$0,$-682,$1,$4,$142,$-2,$-17,$4,$-14,$-1,$0,$0,$-7,$-18,$-34,$-0,$0,$10,$15,$0,$15,$0,$25,$-4,$0,$-4,$0,$0,$0,$0,$-4,$-13,$3,$0
36,2009-09-30,13.86,$-0.51,-27.33,$4.20,3.3,$-14.26,0.0,$-4.44,0.0,$0.06B,$0.05B,1.13,$0.00B,$-0.01B,0.0,$0.04B,$0.04B,100.00%,$0.04B,$-0.08B,-227.03%,$0.04B,$-0.08B,-227.03%,$0.04B,$-0.10B,-281.08%,$0.04B,$-0.08B,-227.03%,$0.04B,$-0.08B,-202.70%,$-0.08B,$-0.01B,652.17%,$-0.08B,$-0.01B,526.32%,$-0.08B,$0.12B,-53.86%,$-0.08B,$-0.01B,763.64%,$8,$0,$8,$10,$2,$7,$1,$0,$1,$0,$1,$1,$2,$-19,$1,$3,3,$0.60,$0.60,$44,$0,$2,$60,$10,$1,$0,$0,$57,$117,$53,$0,$69,$74,$127,$0,$-685,$0,$-9,$117,$-5,$-19,$-5,$-25,$-2,$0,$0,$7,$-3,$-33,$-1,$0,$0,$13,$0,$13,$0,$13,$-4,$0,$-4,$0,$0,$0,$0,$-4,$-24,$2,$0
37,2009-06-30,17.16,$-0.65,-26.21,$2.01,8.52,$-5.47,0.0,$-5.70,0.0,$0.07B,$0.05B,1.44,$0.00B,$-0.01B,-0.0,$0.03B,$0.03B,100.00%,$0.03B,$-0.09B,-267.65%,$0.03B,$-0.09B,-267.65%,$0.03B,$-0.09B,-270.59%,$0.03B,$-0.09B,-267.65%,$0.03B,$-0.10B,-279.41%,$-0.10B,$-0.01B,1085.71%,$-0.10B,$-0.01B,844.44%,$-0.10B,$0.13B,-64.74%,$-0.09B,$-0.01B,1103.03%,$8,$0,$8,$9,$3,$12,$-5,$0,$-4,$0,$-4,$-4,$-2,$-4,$-5,$19,19,$-0.06,$-0.06,$56,$0,$1,$69,$10,$1,$2,$0,$60,$129,$48,$0,$85,$93,$141,$0,$-686,$0,$-12,$129,$-7,$1,$-7,$-6,$-1,$0,$0,$5,$-9,$-21,$-0,$0,$0,$-0,$0,$-0,$0,$-0,$-4,$0,$-4,$0,$0,$0,$0,$-4,$-25,$2,$0
38,2009-03-31,17.88,$-0.79,-22.77,$1.91,9.34,$-5.19,0.0,$-6.06,0.0,$0.07B,$0.05B,1.28,$0.00B,$-0.02B,-0.0,$0.03B,$0.03B,100.00%,$0.03B,$-0.09B,-296.77%,$0.03B,$-0.09B,-296.77%,$0.03B,$-0.09B,-303.23%,$0.03B,$-0.09B,-300.00%,$0.03B,$-0.10B,-319.35%,$-0.10B,$-0.02B,9900.00%,$-0.10B,$-0.02B,3300.00%,$-0.10B,$0.14B,-64.08%,$-0.09B,$-0.02B,18400.00%,$9,$0,$9,$10,$7,$17,$-7,$-0,$-7,$0,$-7,$-7,$-5,$-7,$-7,$19,19,$-0.30,$-0.30,$53,$0,$1,$68,$11,$1,$2,$10,$72,$140,$53,$0,$91,$101,$154,$0,$-685,$0,$-15,$140,$-5,$0,$-2,$-2,$-3,$0,$0,$-2,$-17,$-24,$-0,$0,$0,$4,$0,$4,$-0,$4,$-4,$0,$-4,$0,$0,$0,$0,$-4,$-24,$1,$0
39,2008-12-31,16.44,$-0.56,-29.6,$1.72,9.56,$-4.51,0.0,$-6.12,0.0,$0.09B,$0.07B,1.33,$0.00B,$-0.01B,-0.21,$0.03B,$0.03B,100.00%,$0.03B,$-0.10B,-359.26%,$0.03B,$-0.10B,-359.26%,$0.03B,$-0.10B,-366.67%,$0.03B,$-0.10B,-359.26%,$0.03B,$-0.10B,-362.96%,$-0.10B,$-0.01B,-1088.89%,$-0.10B,$-0.02B,-1306.67%,$-0.10B,$0.17B,-60.87%,$-0.10B,$-0.01B,-1021.05%,$12,$0,$12,$11,$3,$86,$-73,$-1,$-74,$-0,$-74,$-74,$-70,$-74,$-73,$16,16,$-4.36,$-4.36,$81,$0,$2,$94,$13,$1,$5,$10,$78,$171,$71,$2,$92,$111,$182,$0,$-680,$0,$-10,$171,$-98,$-1,$80,$79,$0,$0,$0,$6,$-1,$-21,$-0,$0,$4,$-36,$0,$-36,$8,$-24,$-2,$0,$-2,$-1,$-1,$0,$0,$-3,$-48,$4,$0
40,2008-09-30,17.7,$0.12,141.83,$1.29,13.67,$-9.17,0.0,$-1.44,0.0,$0.09B,$0.05B,1.66,$0.00B,$0.00B,0.09,$0.02B,$0.02B,100.00%,$0.02B,$-0.03B,-152.38%,$0.02B,$-0.03B,-152.38%,$0.02B,$-0.03B,-157.14%,$0.02B,$-0.03B,-147.62%,$0.02B,$-0.02B,-104.76%,$-0.02B,$0.00B,-117.33%,$-0.02B,$0.00B,-117.33%,$-0.02B,$0.15B,-13.62%,$-0.03B,$0.00B,-168.42%,$5,$0,$5,$6,$6,$12,$-6,$0,$-6,$3,$-9,$-9,$-18,$-7,$-6,$16,16,$-1.14,$-1.14,$71,$0,$4,$86,$2,$1,$0,$10,$61,$147,$52,$0,$91,$94,$145,$0,$-610,$0,$2,$147,$-28,$-1,$11,$11,$0,$0,$0,$1,$-9,$-27,$-0,$0,$0,$-43,$0,$-43,$8,$-35,$-1,$0,$-1,$-2,$-2,$0,$0,$-3,$-65,$3,$0
41,2008-06-30,15.6,$1.21,12.84,$1.30,11.96,$-12.98,0.0,$-0.24,0.0,$0.10B,$0.05B,2.15,$0.00B,$0.02B,0.01,$0.02B,$0.02B,100.00%,$0.02B,$-0.04B,-166.67%,$0.02B,$-0.04B,-166.67%,$0.02B,$-0.04B,-166.67%,$0.02B,$-0.03B,-152.38%,$0.02B,$-0.00B,-14.29%,$-0.00B,$0.02B,-12.12%,$-0.00B,$0.02B,-12.12%,$-0.00B,$0.16B,-1.69%,$-0.04B,$0.02B,-138.61%,$5,$0,$5,$6,$5,$10,$-6,$-0,$-6,$-1,$-5,$-5,$-6,$-6,$-6,$16,16,$-0.42,$-0.42,$85,$0,$2,$96,$2,$1,$0,$10,$64,$160,$45,$0,$94,$96,$141,$0,$-592,$-0,$19,$160,$-10,$-0,$1,$0,$0,$0,$0,$3,$-3,$-13,$-0,$0,$0,$-39,$0,$-39,$8,$-32,$-1,$0,$-1,$-2,$-2,$0,$0,$-2,$-48,$2,$0
42,2008-03-31,24.0,$1.57,15.32,$1.09,22.11,$-16.61,0.0,$0.18,133.41,$0.10B,$0.04B,2.3,$0.00B,$0.03B,0.02,$0.02B,$0.02B,100.00%,$0.02B,$-0.04B,-252.94%,$0.02B,$-0.04B,-252.94%,$0.02B,$-0.04B,-252.94%,$0.02B,$-0.04B,-223.53%,$0.02B,$0.00B,17.65%,$0.00B,$0.03B,10.53%,$0.00B,$0.03B,10.53%,$0.00B,$0.17B,1.54%,$-0.04B,$0.03B,-147.01%,$5,$0,$5,$7,$10,$17,$-12,$0,$-11,$-2,$-10,$-10,$-4,$-12,$-12,$16,16,$-0.24,$-0.24,$90,$0,$3,$102,$2,$1,$0,$10,$64,$166,$44,$0,$94,$97,$142,$0,$-585,$-0,$25,$166,$-4,$-0,$-3,$-3,$0,$0,$0,$2,$-2,$-9,$-0,$0,$0,$-14,$0,$-14,$8,$-6,$-1,$0,$-1,$-2,$-2,$0,$0,$-2,$-17,$1,$0
43,2007-12-31,28.98,$1.85,15.64,$0.79,36.6,$-18.71,0.0,$16.80,1.73,$0.11B,$0.05B,2.16,$0.00B,$0.03B,0.02,$0.01B,$0.01B,100.00%,$0.01B,$-0.06B,-500.00%,$0.01B,$-0.06B,-500.00%,$0.01B,$-0.06B,-491.67%,$0.01B,$-0.05B,-441.67%,$0.01B,$0.28B,2341.67%,$0.28B,$0.03B,769.86%,$0.28B,$0.03B,769.86%,$0.28B,$0.17B,98.77%,$-0.06B,$0.03B,-158.94%,$6,$0,$6,$10,$4,$14,$-8,$-0,$-8,$-3,$-5,$-5,$6,$-8,$-8,$16,16,$0.83,$0.83,$94,$0,$5,$110,$3,$1,$0,$10,$63,$173,$51,$1,$90,$93,$144,$0,$-582,$0,$29,$173,$282,$1,$-322,$-321,$12,$0,$0,$-15,$-58,$-98,$-0,$0,$0,$-5,$0,$-5,$349,$344,$-2,$0,$-2,$-35,$-35,$-253,$-38,$-328,$-82,$8,$-253
44,2007-09-30,32.04,$1.66,19.27,$0.44,72.96,$-19.68,0.0,$24.96,1.28,$0.12B,$0.06B,1.94,$0.00B,$0.03B,0.03,$0.01B,$0.01B,100.00%,$0.01B,$-0.08B,-1250.00%,$0.01B,$-0.08B,-1250.00%,$0.01B,$-0.07B,-1200.00%,$0.01B,$-0.07B,-1116.67%,$0.01B,$0.42B,6933.33%,$0.42B,$0.03B,1155.56%,$0.42B,$0.03B,1155.56%,$0.42B,$0.21B,128.89%,$-0.08B,$0.03B,-198.68%,$5,$0,$5,$10,$5,$14,$-9,$2,$-7,$-2,$-5,$-5,$1,$-9,$-9,$16,16,$0.06,$0.06,$98,$0,$3,$116,$3,$1,$0,$10,$96,$212,$60,$1,$122,$125,$185,$0,$-587,$-0,$26,$212,$276,$1,$-319,$-318,$12,$1,$0,$-15,$-47,$-89,$-0,$299,$0,$-16,$0,$-16,$39,$323,$-39,$0,$-39,$-31,$-31,$-253,$0,$-323,$-89,$7,$-253
45,2007-06-30,41.28,$2.13,19.39,$0.10,418.29,$-18.42,0.0,$23.76,1.74,$0.13B,$0.07B,1.94,$0.00B,$0.03B,0.04,$0.00B,$0.00B,100.00%,$0.00B,$-0.09B,-8800.00%,$0.00B,$-0.09B,-8800.00%,$0.00B,$-0.08B,-8100.00%,$0.00B,$-0.08B,-8200.00%,$0.00B,$0.40B,40000.00%,$0.40B,$0.03B,-1203.01%,$0.40B,$0.03B,-1203.01%,$0.40B,$0.23B,122.04%,$-0.09B,$0.04B,-2346.67%,$1,$0,$1,$9,$8,$16,$-14,$2,$-12,$-4,$-8,$-8,$0,$-14,$-14,$17,17,$0.01,$0.01,$115,$0,$3,$132,$4,$2,$0,$10,$96,$228,$68,$1,$122,$126,$194,$0,$-589,$-0,$34,$228,$275,$1,$-315,$-314,$11,$1,$0,$-14,$-36,$-75,$-0,$292,$0,$2,$0,$2,$39,$333,$-39,$0,$-39,$-21,$-21,$-253,$0,$-313,$-55,$6,$-253
46,2007-03-31,45.45,$3.44,13.19,$0.10,477.46,$-16.00,0.0,$22.56,2.02,$0.43B,$0.34B,1.26,$0.00B,$0.06B,0.03,$0.00B,$0.00B,100.00%,$0.00B,$-0.09B,-9200.00%,$0.00B,$-0.09B,-9200.00%,$0.00B,$-0.08B,-8000.00%,$0.00B,$-0.09B,-8700.00%,$0.00B,$0.38B,38400.00%,$0.38B,$0.06B,-378.33%,$0.38B,$0.06B,-378.33%,$0.38B,$0.53B,112.20%,$-0.09B,$0.06B,317.24%,$0,$0,$0,$16,$14,$29,$-29,$3,$-26,$-9,$-17,$-17,$274,$-28,$-29,$17,17,$16.32,$16.32,$410,$0,$5,$428,$4,$2,$0,$10,$97,$525,$341,$2,$123,$127,$467,$0,$-589,$-0,$57,$525,$274,$1,$-304,$-303,$10,$1,$0,$-15,$-17,$-45,$-0,$280,$0,$7,$0,$7,$39,$326,$-38,$0,$-38,$3,$3,$0,$0,$-35,$246,$6,$0
47,2006-12-31,49.37,$1.65,29.93,$0.31,160.95,$-14.86,0.0,$-4.86,0.0,$0.24B,$0.17B,1.38,$0.00B,$0.03B,0.08,$0.00B,$0.00B,100.00%,$0.00B,$-0.08B,-1925.00%,$0.00B,$-0.08B,-1925.00%,$0.00B,$-0.06B,-1550.00%,$0.00B,$-0.08B,-1875.00%,$0.00B,$-0.03B,-800.00%,$-0.03B,$0.03B,18.63%,$-0.03B,$0.03B,18.63%,$-0.03B,$0.33B,-11.30%,$-0.08B,$0.03B,120.31%,$0,$0,$0,$13,$14,$23,$-23,$1,$-22,$0,$-4,$-4,$141,$-21,$-23,$13,13,$11.04,$11.04,$211,$4,$10,$236,$6,$2,$0,$83,$90,$326,$171,$2,$123,$128,$299,$0,$-863,$-0,$27,$326,$-32,$16,$-114,$-98,$9,$2,$0,$7,$-9,$-139,$45,$0,$0,$7,$0,$7,$145,$197,$-13,$0,$-13,$9,$9,$0,$38,$33,$92,$5,$0
