,Date,Stock Price,Book Value per Share,Price to Book Ratio,TTM Sales per Share,Price to Sales Ratio,TTM FCF per Share,Price to FCF Ratio,TTM Net EPS,PE Ratio,Current Assets,Current Liabilities,Current Ratio,Long Term Debt,Shareholder's Equity_x,Debt to Equity Ratio,TTM Revenue_x,TTM Gross Profit,Gross Margin,TTM Revenue_y,TTM Operating Income,Operating Margin,TTM Revenue_x,TTM EBIT,EBIT Margin,TTM Revenue_y,TTM EBITDA,EBITDA Margin,TTM Revenue_x,TTM Pre-Tax Income,Pre-Tax Margin,TTM Revenue_y,TTM Net Income_x,Net Margin,TTM Net Income_y,Shareholder's Equity_y,Return on Equity,TTM Net Income_x,Tangible Equity,Return on Tangible Equity,TTM Net Income_y,Total Assets,Return on Assets,TTM Net Income,LT Investments & Debt,Return on Investment,revenue,cost-goods-sold,gross-profit,research-development-expenses,selling-general-administrative-expenses,operating-expenses,operating-income,total-non-operating-income-expense,pre-tax-income,total-provision-income-taxes,income-after-taxes,income-from-continuous-operations,net-income,ebitda,ebit,basic-shares-outstanding,shares-outstanding,eps-basic-net-earnings-per-share,eps-earnings-per-share-diluted,cash-on-hand,inventory,other-current-assets,total-current-assets,net-property-plant-equipment,long-term-investments,goodwill-intangible-assets-total,other-long-term-assets,total-long-term-assets,total-assets,total-current-liabilities,long-term-debt,other-non-current-liabilities,total-long-term-liabilities,total-liabilities,common-stock-net,retained-earnings-accumulated-deficit,comprehensive-income,total-share-holder-equity,total-liabilities-share-holders-equity,net-income-loss,total-depreciation-amortization-cash-flow,other-non-cash-items,total-non-cash-items,change-in-accounts-receivable,change-in-inventories,change-in-accounts-payable,change-in-assets-liabilities,total-change-in-assets-liabilities,cash-flow-from-operating-activities,net-change-in-property-plant-equipment,net-change-in-intangible-assets,net-acquisitions-divestitures,net-change-in-short-term-investments,net-change-in-long-term-investments,net-change-in-investments-total,investing-activities-other,cash-flow-from-investing-activities,net-long-term-debt,net-current-debt,debt-issuance-retirement-net-total,net-common-equity-issued-repurchased,net-total-equity-issued-repurchased,total-common-preferred-stock-dividends-paid,financial-activities-other,cash-flow-from-financial-activities,net-cash-flow,stock-based-compensation,common-stock-dividends-paid
0,2018-09-30,173.68,$71.48,2.43,$110.64,1.57,$21.36,8.13,$13.85,12.54,$3.27B,$2.11B,1.56,$6.05B,$7.25B,0.83,$11.42B,$3.59B,31.45%,$11.42B,$1.41B,12.32%,$11.42B,$1.41B,12.32%,$11.42B,$1.97B,17.22%,$11.42B,$1.38B,12.07%,$11.42B,$1.46B,12.74%,$1.46B,$7.25B,20.73%,$1.46B,$-4.11B,-31.92%,$1.46B,$16.66B,8.73%,$1.41B,$13.29B,10.65%,$2831,$2041,$790,$0,$382,$2488,$343,$156,$500,$181,$319,$319,$319,$477,$343,$102,103,$3.14,$3.10,$893,$233,$0,$3274,$1734,$58,$11354,$239,$13387,$16661,$2106,$6045,$343,$7307,$9413,$12,$6922,$-408,$7248,$16661,$726,$415,$-123,$292,$-14,$-9,$-80,$-135,$-198,$819,$-208,$0,$-79,$0,$-14,$-14,$655,$354,$-302,$0,$-302,$-233,$-233,$0,$-52,$-587,$576,$71,$0
1,2018-06-30,179.53,$69.00,2.6,$108.35,1.66,$22.33,8.04,$12.49,14.37,$3.02B,$2.12B,1.42,$6.04B,$7.04B,0.86,$11.21B,$3.59B,31.99%,$11.21B,$1.39B,12.41%,$11.21B,$1.39B,12.41%,$11.21B,$1.95B,17.40%,$11.21B,$1.15B,10.22%,$11.21B,$1.31B,11.67%,$1.31B,$7.04B,19.41%,$1.31B,$-4.44B,-26.50%,$1.31B,$16.51B,7.84%,$1.39B,$13.08B,10.52%,$2866,$2031,$835,$0,$395,$2497,$369,$-57,$313,$79,$234,$234,$234,$508,$369,$102,103,$2.29,$2.27,$221,$231,$411,$3021,$1711,$59,$11473,$239,$13483,$16505,$2122,$6039,$372,$7345,$9467,$12,$6603,$-407,$7038,$16505,$407,$281,$89,$370,$-23,$-5,$-91,$-19,$-255,$522,$-159,$0,$-79,$0,$-7,$-7,$49,$-196,$-300,$0,$-300,$-107,$-107,$0,$-6,$-413,$-95,$52,$0
2,2018-03-31,161.75,$68.40,2.36,$104.91,1.54,$22.62,7.15,$12.04,13.43,$2.90B,$2.10B,1.38,$6.36B,$6.98B,0.91,$10.88B,$3.53B,32.46%,$10.88B,$1.35B,12.43%,$10.88B,$1.35B,12.43%,$10.88B,$1.90B,17.47%,$10.88B,$1.11B,10.23%,$10.88B,$1.26B,11.58%,$1.26B,$6.98B,19.53%,$1.26B,$-4.93B,-25.57%,$1.26B,$16.83B,7.74%,$1.35B,$13.34B,10.54%,$2848,$2069,$779,$0,$397,$2543,$305,$-64,$242,$69,$173,$173,$173,$448,$305,$102,103,$1.70,$1.67,$362,$226,$0,$2897,$1750,$58,$11913,$212,$13935,$16832,$2104,$6359,$373,$7744,$9848,$12,$6369,$-281,$6984,$16832,$173,$143,$65,$208,$-76,$1,$-60,$-8,$-226,$155,$-72,$0,$0,$0,$-2,$-2,$0,$-74,$12,$0,$12,$-47,$-47,$0,$-6,$-40,$45,$26,$0
3,2017-12-31,159.51,$66.77,2.39,$100.50,1.59,$23.31,6.84,$12.21,13.06,$2.73B,$2.19B,1.25,$6.35B,$6.80B,0.93,$10.44B,$3.46B,33.18%,$10.44B,$1.37B,13.07%,$10.44B,$1.37B,13.07%,$10.44B,$1.90B,18.18%,$10.44B,$1.14B,10.87%,$10.44B,$1.27B,12.15%,$1.27B,$6.80B,20.75%,$1.27B,$-4.76B,-26.60%,$1.27B,$16.67B,8.10%,$1.37B,$13.15B,11.14%,$2878,$1689,$1189,$0,$731,$2489,$390,$-66,$324,$-408,$731,$731,$729,$535,$390,$102,104,$7.12,$7.03,$317,$227,$34,$2734,$1707,$58,$11567,$605,$13939,$16673,$2186,$6345,$442,$7683,$9869,$12,$6196,$-334,$6804,$16673,$1274,$534,$-391,$143,$-10,$-16,$86,$-1,$43,$1459,$-307,$-3,$-1883,$0,$-36,$-36,$0,$-2229,$915,$0,$915,$-265,$-265,$0,$-19,$632,$-117,$110,$0
4,2017-09-30,150.97,$60.00,2.52,$96.08,1.57,$21.11,7.15,$7.15,21.11,$2.90B,$1.54B,1.89,$7.20B,$6.13B,1.18,$9.99B,$3.06B,30.66%,$9.99B,$1.30B,12.99%,$9.99B,$1.30B,12.99%,$9.99B,$1.82B,18.19%,$9.99B,$1.09B,10.89%,$9.99B,$0.72B,7.25%,$0.72B,$6.13B,12.50%,$0.72B,$-5.62B,-15.54%,$0.72B,$16.69B,4.81%,$1.30B,$13.33B,11.12%,$2621,$1837,$784,$0,$381,$2295,$327,$-60,$267,$93,$174,$174,$172,$460,$327,$102,104,$1.68,$1.65,$409,$217,$0,$2901,$1736,$65,$11740,$248,$13791,$16692,$1537,$7200,$403,$9029,$10566,$12,$5517,$-343,$6126,$16692,$543,$389,$111,$500,$-125,$-6,$109,$32,$-109,$933,$-216,$-2,$-1799,$0,$-33,$-33,$0,$-2050,$1369,$0,$1369,$-233,$-233,$0,$-63,$1074,$-24,$86,$0
5,2017-06-30,154.14,$57.63,2.67,$93.82,1.64,$19.40,7.94,$7.12,21.65,$2.52B,$1.81B,1.39,$5.61B,$5.88B,0.95,$9.79B,$3.07B,31.34%,$9.79B,$1.30B,13.23%,$9.79B,$1.30B,13.23%,$9.79B,$1.80B,18.43%,$9.79B,$1.08B,11.08%,$9.79B,$0.73B,7.48%,$0.73B,$5.88B,12.98%,$0.73B,$-4.39B,-16.88%,$0.73B,$14.90B,5.04%,$1.30B,$11.49B,11.68%,$2528,$1750,$778,$0,$358,$2198,$330,$-51,$279,$94,$185,$185,$185,$457,$330,$102,104,$1.80,$1.78,$300,$210,$0,$2516,$1718,$67,$10263,$337,$12387,$14903,$1806,$5608,$401,$7219,$9024,$12,$5337,$-384,$5878,$14903,$368,$255,$60,$315,$-87,$-1,$9,$-5,$-147,$536,$-141,$-2,$-568,$0,$-26,$-26,$0,$-737,$282,$0,$282,$-225,$-225,$0,$-2,$55,$-134,$53,$0
6,2017-03-31,143.47,$55.08,2.6,$92.79,1.55,$19.04,7.53,$7.21,19.9,$2.49B,$1.75B,1.42,$5.40B,$5.65B,0.96,$9.69B,$3.12B,32.16%,$9.69B,$1.33B,13.74%,$9.69B,$1.33B,13.74%,$9.69B,$1.84B,18.95%,$9.69B,$1.12B,11.53%,$9.69B,$0.75B,7.75%,$0.75B,$5.65B,13.66%,$0.75B,$-4.32B,-17.44%,$0.75B,$14.43B,5.24%,$1.33B,$11.05B,12.06%,$2414,$1701,$713,$0,$343,$2096,$318,$-53,$265,$82,$183,$183,$183,$446,$318,$103,104,$1.79,$1.75,$366,$200,$0,$2486,$1720,$58,$9971,$190,$11942,$14428,$1753,$5402,$394,$7024,$8777,$12,$5148,$-527,$5651,$14428,$183,$128,$47,$175,$-36,$5,$2,$-19,$-133,$226,$-71,$-1,$-152,$0,$-21,$-21,$0,$-246,$71,$0,$71,$-121,$-121,$0,$-2,$-52,$-68,$28,$0
7,2016-12-31,128.38,$53.61,2.39,$92.46,1.39,$18.13,7.08,$6.92,18.55,$2.48B,$1.83B,1.36,$5.30B,$5.51B,0.96,$9.64B,$3.18B,32.98%,$9.64B,$1.31B,13.62%,$9.64B,$1.31B,13.62%,$9.64B,$1.81B,18.79%,$9.64B,$1.11B,11.47%,$9.64B,$0.73B,7.59%,$0.73B,$5.51B,13.61%,$0.73B,$-4.32B,-16.83%,$0.73B,$14.25B,5.11%,$1.31B,$10.81B,11.88%,$2428,$1640,$788,$0,$406,$2105,$323,$-47,$277,$92,$185,$185,$184,$454,$323,$103,104,$1.79,$1.77,$434,$205,$0,$2479,$1719,$58,$9825,$165,$11768,$14247,$1828,$5300,$392,$6914,$8741,$12,$4956,$-581,$5506,$14247,$733,$501,$156,$657,$-119,$-10,$-9,$9,$-214,$1176,$-248,$0,$-549,$14,$-13,$1,$0,$-796,$-667,$0,$-667,$27,$27,$0,$-10,$-650,$-283,$110,$0
8,2016-09-30,137.48,$53.73,2.56,$92.05,1.49,$16.46,8.35,$6.28,21.89,$2.66B,$1.91B,1.39,$5.47B,$5.52B,0.99,$9.52B,$3.13B,32.93%,$9.52B,$1.22B,12.85%,$9.52B,$1.22B,12.85%,$9.52B,$1.71B,17.97%,$9.52B,$1.01B,10.56%,$9.52B,$0.66B,6.92%,$0.66B,$5.52B,12.56%,$0.66B,$-4.32B,-14.90%,$0.66B,$14.48B,4.60%,$1.22B,$11.00B,11.04%,$2415,$1626,$788,$0,$401,$2091,$324,$-61,$263,$84,$180,$180,$180,$446,$324,$103,105,$1.74,$1.71,$568,$199,$0,$2655,$1731,$60,$9846,$189,$11828,$14483,$1912,$5473,$331,$7047,$8960,$12,$4771,$-378,$5523,$14483,$549,$370,$85,$455,$-169,$-5,$-56,$4,$-277,$727,$-181,$0,$-397,$0,$1,$1,$0,$-576,$-363,$0,$-363,$67,$67,$0,$-7,$-302,$-149,$82,$0
9,2016-06-30,130.27,$51.99,2.51,$91.55,1.42,$15.41,8.45,$6.06,21.5,$2.64B,$1.27B,2.08,$5.97B,$5.31B,1.12,$9.42B,$3.11B,33.03%,$9.42B,$1.21B,12.82%,$9.42B,$1.21B,12.82%,$9.42B,$1.69B,17.98%,$9.42B,$0.99B,10.56%,$9.42B,$0.63B,6.72%,$0.63B,$5.31B,12.45%,$0.63B,$-4.26B,-14.02%,$0.63B,$14.20B,4.43%,$1.21B,$11.28B,10.92%,$2431,$1604,$827,$0,$409,$2065,$366,$-54,$312,$108,$204,$204,$204,$490,$366,$102,104,$2.00,$1.96,$640,$190,$0,$2644,$1742,$62,$9576,$173,$11555,$14199,$1272,$5968,$320,$7614,$8886,$12,$4581,$-357,$5313,$14199,$369,$248,$66,$314,$-150,$1,$-54,$36,$-205,$477,$-117,$0,$-144,$13,$-10,$3,$0,$-258,$-342,$0,$-342,$41,$41,$0,$-7,$-308,$-77,$58,$0
10,2016-03-31,117.13,$50.60,2.31,$90.34,1.3,$13.97,8.38,$5.79,20.23,$2.75B,$1.64B,1.67,$5.97B,$5.17B,1.16,$9.26B,$3.06B,33.02%,$9.26B,$1.16B,12.58%,$9.26B,$1.16B,12.58%,$9.26B,$1.64B,17.75%,$9.26B,$0.95B,10.24%,$9.26B,$0.60B,6.47%,$0.60B,$5.17B,12.10%,$0.60B,$-4.50B,-12.74%,$0.60B,$14.41B,4.17%,$1.16B,$11.14B,10.62%,$2368,$1591,$777,$0,$414,$2069,$300,$-46,$254,$89,$164,$164,$164,$422,$300,$102,104,$1.61,$1.58,$696,$188,$0,$2745,$1772,$61,$9663,$168,$11666,$14410,$1643,$5970,$323,$7601,$9244,$12,$4383,$-258,$5167,$14410,$164,$123,$42,$165,$-121,$2,$-34,$-3,$-202,$128,$-69,$0,$-93,$0,$11,$11,$0,$-152,$-2,$0,$-2,$12,$12,$0,$-11,$-1,$-20,$32,$0
11,2015-12-31,123.64,$48.82,2.53,$86.64,1.43,$12.12,10.2,$4.25,29.09,$2.62B,$1.70B,1.54,$5.94B,$4.95B,1.2,$8.68B,$2.90B,33.46%,$8.68B,$1.00B,11.47%,$8.68B,$1.00B,11.47%,$8.68B,$1.46B,16.77%,$8.68B,$0.73B,8.38%,$8.68B,$0.44B,5.05%,$0.44B,$4.95B,9.15%,$0.44B,$-4.58B,-8.90%,$0.44B,$14.11B,3.07%,$1.00B,$10.89B,9.10%,$2301,$1560,$741,$0,$410,$2068,$233,$-57,$176,$66,$110,$110,$110,$352,$233,$99,101,$1.17,$1.15,$716,$191,$0,$2621,$1747,$58,$9526,$150,$11484,$14105,$1701,$5940,$323,$7459,$9160,$12,$4224,$-287,$4945,$14105,$439,$460,$112,$572,$-89,$-0,$31,$68,$-29,$982,$-255,$0,$-3736,$8,$-12,$-4,$0,$-3995,$3109,$0,$3109,$99,$99,$0,$-24,$3185,$136,$102,$0
12,2015-09-30,108.47,$48.55,2.23,$81.28,1.33,$11.11,9.76,$4.53,23.94,$2.71B,$1.84B,1.47,$6.01B,$4.91B,1.22,$7.89B,$2.71B,34.34%,$7.89B,$0.98B,12.37%,$7.89B,$0.98B,12.37%,$7.89B,$1.38B,17.50%,$7.89B,$0.73B,9.28%,$7.89B,$0.45B,5.68%,$0.45B,$4.91B,10.53%,$0.45B,$-4.72B,-10.63%,$0.45B,$14.42B,3.56%,$0.98B,$10.92B,10.16%,$2317,$1552,$765,$0,$386,$2009,$308,$-57,$252,$97,$155,$155,$155,$429,$308,$101,103,$1.53,$1.50,$713,$182,$0,$2707,$1807,$62,$9630,$217,$11715,$14422,$1844,$6007,$351,$7664,$9509,$12,$4109,$-169,$4914,$14422,$329,$341,$78,$419,$-113,$10,$-24,$25,$-149,$598,$-170,$0,$-3693,$8,$-11,$-3,$0,$-3866,$3362,$0,$3362,$89,$89,$0,$-27,$3424,$133,$78,$0
13,2015-06-30,121.22,$47.32,2.56,$76.70,1.58,$11.22,10.8,$4.63,26.18,$2.59B,$1.82B,1.42,$6.11B,$4.77B,1.28,$7.13B,$2.52B,35.30%,$7.13B,$0.91B,12.75%,$7.13B,$0.91B,12.75%,$7.13B,$1.25B,17.57%,$7.13B,$0.70B,9.81%,$7.13B,$0.43B,6.03%,$0.43B,$4.77B,11.56%,$0.43B,$-5.01B,-12.36%,$0.43B,$14.47B,3.99%,$0.91B,$10.88B,10.96%,$2269,$1496,$773,$0,$391,$1946,$323,$-57,$266,$96,$170,$170,$170,$440,$323,$101,103,$1.69,$1.66,$619,$182,$0,$2586,$1832,$69,$9781,$197,$11879,$14465,$1823,$6113,$370,$7872,$9696,$12,$3956,$-100,$4770,$14465,$174,$220,$62,$282,$-79,$10,$-34,$18,$-146,$310,$-102,$0,$-3684,$0,$3,$3,$0,$-3784,$3488,$0,$3488,$56,$56,$0,$-33,$3511,$39,$54,$0
14,2015-03-31,126.09,$44.95,2.81,$72.14,1.75,$12.04,10.47,$4.63,27.23,$2.33B,$1.41B,1.65,$6.60B,$4.52B,1.46,$6.37B,$2.31B,36.27%,$6.37B,$0.83B,13.07%,$6.37B,$0.83B,13.07%,$6.37B,$1.12B,17.60%,$6.37B,$0.67B,10.45%,$6.37B,$0.40B,6.29%,$0.40B,$4.52B,12.56%,$0.40B,$-5.37B,-14.76%,$0.40B,$14.15B,4.48%,$0.83B,$11.12B,11.95%,$1793,$1168,$625,$0,$442,$1661,$132,$-100,$33,$29,$3,$3,$3,$236,$132,$92,94,$0.04,$0.04,$446,$187,$0,$2329,$1597,$89,$9886,$251,$11822,$14151,$1412,$6598,$338,$8221,$9633,$12,$3787,$-131,$4518,$14151,$3,$103,$56,$159,$-66,$4,$-49,$6,$-249,$-87,$-34,$0,$-3622,$8,$-4,$4,$0,$-3651,$3634,$0,$3634,$31,$31,$0,$-35,$3630,$-134,$26,$0
15,2014-12-31,107.9,$33.34,3.24,$69.54,1.55,$14.32,7.54,$5.93,18.2,$1.69B,$0.98B,1.73,$2.68B,$2.82B,0.95,$6.01B,$2.20B,36.66%,$6.01B,$0.90B,15.04%,$6.01B,$0.90B,15.04%,$6.01B,$1.15B,19.15%,$6.01B,$0.82B,13.66%,$6.01B,$0.51B,8.50%,$0.51B,$2.82B,19.02%,$0.51B,$-1.76B,-26.88%,$0.51B,$7.30B,7.13%,$0.90B,$5.50B,16.32%,$1513,$966,$547,$0,$316,$1300,$213,$-32,$181,$62,$120,$120,$120,$277,$213,$85,86,$1.41,$1.37,$580,$140,$0,$1693,$787,$93,$4575,$155,$5609,$7302,$976,$2683,$274,$3505,$4481,$10,$3786,$-11,$2821,$7302,$513,$248,$55,$303,$-31,$-0,$-21,$-13,$-76,$739,$-202,$0,$-159,$0,$11,$11,$0,$-350,$-20,$0,$-20,$-154,$-154,$0,$-26,$-201,$176,$46,$0
16,2014-09-30,101.75,$32.64,3.12,$67.69,1.5,$14.83,6.86,$5.97,17.04,$1.69B,$0.75B,2.25,$2.92B,$2.77B,1.05,$5.94B,$2.18B,36.78%,$5.94B,$0.91B,15.26%,$5.94B,$0.91B,15.26%,$5.94B,$1.15B,19.36%,$5.94B,$0.83B,14.05%,$5.94B,$0.52B,8.71%,$0.52B,$2.77B,19.85%,$0.52B,$-1.79B,-26.01%,$0.52B,$7.23B,7.30%,$0.91B,$5.69B,16.44%,$1552,$981,$571,$0,$306,$1310,$241,$-22,$219,$82,$138,$138,$137,$300,$241,$85,87,$1.62,$1.59,$576,$139,$0,$1688,$755,$95,$4556,$139,$5544,$7232,$749,$2917,$224,$3712,$4461,$10,$3686,$40,$2771,$7232,$393,$184,$12,$196,$-60,$-1,$-16,$2,$-63,$525,$-156,$0,$-65,$0,$19,$19,$0,$-203,$-17,$0,$-17,$-124,$-124,$0,$-1,$-142,$172,$35,$0
17,2014-06-30,102.4,$31.29,3.27,$65.83,1.56,$15.27,6.7,$6.01,17.04,$1.57B,$0.74B,2.11,$2.91B,$2.66B,1.1,$5.85B,$2.16B,36.95%,$5.85B,$0.91B,15.57%,$5.85B,$0.91B,15.57%,$5.85B,$1.15B,19.71%,$5.85B,$0.85B,14.45%,$5.85B,$0.53B,9.03%,$0.53B,$2.66B,20.68%,$0.53B,$-1.96B,-25.77%,$0.53B,$7.15B,7.60%,$0.91B,$5.57B,16.95%,$1516,$948,$569,$0,$298,$1270,$247,$-14,$233,$91,$142,$142,$141,$310,$247,$85,86,$1.67,$1.64,$480,$135,$0,$1566,$741,$97,$4615,$126,$5579,$7145,$741,$2910,$250,$3748,$4488,$10,$3553,$59,$2656,$7145,$255,$125,$3,$128,$-48,$3,$-26,$24,$-33,$350,$-104,$0,$-66,$0,$23,$23,$0,$-147,$-16,$0,$-16,$-105,$-105,$0,$-2,$-123,$76,$24,$0
18,2014-03-31,98.21,$29.50,3.33,$63.93,1.54,$15.05,6.52,$5.99,16.4,$1.42B,$0.75B,1.89,$2.90B,$2.50B,1.16,$5.80B,$2.17B,37.39%,$5.80B,$0.93B,16.07%,$5.80B,$0.93B,16.07%,$5.80B,$1.17B,20.16%,$5.80B,$0.86B,14.87%,$5.80B,$0.54B,9.30%,$0.54B,$2.50B,21.09%,$0.54B,$-2.10B,-26.41%,$0.54B,$6.99B,7.92%,$0.93B,$5.40B,17.79%,$1431,$914,$517,$0,$285,$1227,$203,$-16,$188,$74,$114,$114,$113,$265,$203,$85,87,$1.33,$1.31,$339,$135,$0,$1421,$733,$87,$4606,$146,$5572,$6992,$754,$2903,$254,$3738,$4491,$10,$3409,$46,$2501,$6992,$114,$61,$13,$75,$-39,$3,$-27,$12,$-46,$142,$-56,$0,$-66,$0,$14,$14,$0,$-108,$-7,$0,$-7,$-91,$-91,$0,$0,$-98,$-65,$12,$0
19,2013-12-31,91.37,$29.07,3.14,$62.66,1.46,$15.72,5.81,$6.24,14.64,$1.43B,$0.74B,1.95,$2.89B,$2.49B,1.16,$5.81B,$2.22B,38.27%,$5.81B,$0.99B,17.06%,$5.81B,$0.99B,17.06%,$5.81B,$1.22B,21.06%,$5.81B,$0.92B,15.75%,$5.81B,$0.57B,9.87%,$0.57B,$2.49B,21.83%,$0.57B,$-2.10B,-29.30%,$0.57B,$6.97B,8.55%,$0.99B,$5.38B,19.33%,$1437,$911,$526,$0,$286,$1222,$215,$-21,$194,$67,$127,$127,$126,$275,$215,$90,92,$1.47,$1.44,$404,$137,$0,$1432,$707,$89,$4595,$143,$5534,$6966,$736,$2889,$267,$3739,$4475,$11,$3374,$66,$2491,$6966,$575,$232,$85,$318,$-68,$-15,$61,$-32,$-75,$819,$-201,$0,$-160,$8,$-7,$1,$0,$-360,$328,$0,$328,$-842,$-842,$0,$-5,$-518,$-63,$37,$0
20,2013-09-30,99.14,$29.22,3.39,$61.43,1.61,$15.88,6.24,$6.07,16.33,$1.21B,$0.68B,1.78,$2.55B,$2.57B,1.0,$5.78B,$2.24B,38.69%,$5.78B,$0.99B,17.16%,$5.78B,$0.99B,17.16%,$5.78B,$1.22B,21.17%,$5.78B,$0.91B,15.81%,$5.78B,$0.57B,9.82%,$0.57B,$2.57B,21.15%,$0.57B,$-2.03B,-29.96%,$0.57B,$6.69B,8.51%,$0.99B,$5.12B,19.80%,$1462,$915,$548,$0,$279,$1218,$245,$-15,$230,$81,$149,$149,$148,$303,$245,$89,91,$1.66,$1.63,$174,$127,$0,$1213,$673,$87,$4592,$122,$5474,$6687,$681,$2554,$304,$3441,$4121,$11,$3462,$52,$2566,$6687,$449,$172,$51,$223,$-96,$-6,$25,$-5,$-102,$570,$-142,$0,$-109,$8,$-3,$4,$0,$-247,$1,$0,$1,$-617,$-617,$0,$3,$-614,$-293,$29,$0
21,2013-06-30,100.1,$29.43,3.4,$60.01,1.67,$16.10,6.22,$5.97,16.77,$1.15B,$0.66B,1.75,$2.39B,$2.66B,0.9,$5.73B,$2.24B,39.12%,$5.73B,$0.99B,17.29%,$5.73B,$0.99B,17.29%,$5.73B,$1.22B,21.33%,$5.73B,$0.91B,15.87%,$5.73B,$0.57B,9.89%,$0.57B,$2.66B,20.86%,$0.57B,$-1.93B,-30.75%,$0.57B,$6.59B,8.47%,$0.99B,$5.05B,20.03%,$1468,$891,$577,$0,$281,$1199,$269,$-19,$250,$98,$152,$152,$152,$327,$269,$92,94,$1.65,$1.62,$111,$126,$0,$1148,$647,$88,$4593,$117,$5444,$6592,$655,$2390,$304,$3273,$3929,$11,$3575,$37,$2663,$6592,$300,$114,$47,$161,$-100,$-6,$17,$-1,$-125,$336,$-90,$0,$-106,$0,$-3,$-3,$0,$-200,$-146,$0,$-146,$-348,$-348,$0,$8,$-487,$-356,$22,$0
22,2013-03-31,90.2,$29.94,3.01,$58.86,1.53,$16.71,5.4,$5.91,15.26,$1.19B,$0.74B,1.61,$2.18B,$2.78B,0.78,$5.69B,$2.25B,39.49%,$5.69B,$1.00B,17.55%,$5.69B,$1.00B,17.55%,$5.69B,$1.23B,21.61%,$5.69B,$0.92B,16.10%,$5.69B,$0.57B,9.99%,$0.57B,$2.78B,20.95%,$0.57B,$-1.76B,-32.01%,$0.57B,$6.57B,8.65%,$1.00B,$4.95B,20.64%,$1441,$869,$572,$0,$283,$1179,$262,$-21,$241,$94,$148,$148,$147,$318,$262,$93,95,$1.58,$1.56,$186,$124,$0,$1190,$635,$87,$4539,$119,$5379,$6569,$741,$2175,$302,$3051,$3791,$11,$3668,$54,$2778,$6569,$148,$56,$21,$77,$-76,$-3,$10,$7,$-27,$198,$-42,$0,$-18,$-2,$0,$-2,$0,$-62,$-333,$0,$-333,$-85,$-85,$0,$5,$-413,$-281,$11,$0
23,2012-12-31,86.62,$29.06,2.98,$57.98,1.49,$16.70,5.19,$5.98,14.48,$1.39B,$1.03B,1.35,$2.18B,$2.72B,0.8,$5.67B,$2.25B,39.68%,$5.67B,$1.02B,18.04%,$5.67B,$1.02B,18.04%,$5.67B,$1.26B,22.15%,$5.67B,$0.95B,16.67%,$5.67B,$0.58B,10.28%,$0.58B,$2.72B,21.87%,$0.58B,$-1.85B,-33.15%,$0.58B,$6.80B,9.03%,$1.02B,$4.89B,21.57%,$1405,$867,$538,$0,$279,$1190,$215,$-24,$192,$71,$121,$121,$120,$275,$215,$96,97,$1.28,$1.27,$467,$121,$0,$1392,$631,$78,$4569,$125,$5403,$6795,$1029,$2175,$307,$3049,$4078,$11,$3589,$69,$2717,$6795,$585,$233,$99,$332,$1,$-6,$-30,$7,$-75,$841,$-171,$-3,$-335,$0,$-26,$-26,$0,$-534,$432,$0,$432,$-431,$-431,$0,$-2,$-1,$308,$41,$0
24,2012-09-30,92.47,$28.63,3.23,$56.97,1.62,$16.82,5.5,$6.06,15.26,$1.46B,$1.12B,1.3,$2.18B,$2.72B,0.8,$5.63B,$2.26B,40.17%,$5.63B,$1.06B,18.75%,$5.63B,$1.06B,18.74%,$5.63B,$1.29B,22.86%,$5.63B,$0.98B,17.37%,$5.63B,$0.60B,10.62%,$0.60B,$2.72B,22.89%,$0.60B,$-1.83B,-34.26%,$0.60B,$6.81B,9.51%,$1.06B,$4.89B,22.62%,$1419,$863,$556,$0,$285,$1174,$245,$-18,$227,$79,$148,$148,$148,$303,$245,$95,97,$1.56,$1.53,$466,$119,$0,$1456,$612,$81,$4550,$116,$5359,$6814,$1119,$2175,$223,$2978,$4098,$11,$3588,$70,$2717,$6814,$464,$172,$82,$255,$-49,$-4,$-19,$4,$-132,$587,$-110,$-2,$-286,$0,$-15,$-15,$0,$-412,$438,$0,$438,$-305,$-305,$0,$-2,$130,$307,$35,$0
25,2012-06-30,92.61,$27.47,3.37,$56.05,1.65,$16.44,5.63,$5.84,15.86,$1.06B,$0.72B,1.48,$1.98B,$2.63B,0.75,$5.62B,$2.28B,40.50%,$5.62B,$1.05B,18.69%,$5.62B,$1.05B,18.68%,$5.62B,$1.28B,22.82%,$5.62B,$0.97B,17.29%,$5.62B,$0.58B,10.40%,$0.58B,$2.63B,22.73%,$0.58B,$-1.65B,-34.15%,$0.58B,$6.10B,9.58%,$1.05B,$4.61B,23.21%,$1423,$844,$580,$0,$280,$1147,$276,$-20,$256,$102,$154,$154,$153,$333,$276,$96,98,$1.59,$1.56,$124,$114,$0,$1063,$576,$79,$4283,$97,$5035,$6098,$719,$1975,$227,$2748,$3467,$12,$3523,$49,$2632,$6098,$316,$114,$60,$174,$-35,$-3,$-23,$12,$-107,$383,$-67,$-2,$-28,$0,$-5,$-5,$0,$-102,$-113,$0,$-113,$-209,$-209,$0,$5,$-317,$-35,$24,$0
26,2012-03-31,91.54,$26.75,3.42,$55.18,1.66,$16.40,5.58,$5.48,16.7,$1.08B,$0.77B,1.41,$1.99B,$2.60B,0.76,$5.60B,$2.28B,40.79%,$5.60B,$1.00B,17.87%,$5.60B,$1.00B,17.85%,$5.60B,$1.23B,22.05%,$5.60B,$0.92B,16.47%,$5.60B,$0.55B,9.90%,$0.55B,$2.60B,21.67%,$0.55B,$-1.70B,-31.98%,$0.55B,$6.13B,9.06%,$1.00B,$4.58B,22.41%,$1423,$847,$576,$0,$271,$1136,$287,$-18,$270,$108,$162,$162,$162,$345,$287,$97,99,$1.66,$1.63,$130,$107,$0,$1082,$577,$80,$4297,$95,$5049,$6131,$769,$1985,$236,$2764,$3533,$12,$3470,$60,$2598,$6131,$162,$57,$33,$91,$-51,$4,$-32,$10,$-55,$197,$-34,$-1,$-2,$0,$0,$0,$0,$-36,$-100,$0,$-100,$-96,$-96,$0,$5,$-192,$-29,$12,$0
27,2011-12-31,85.97,$25.60,3.36,$54.07,1.59,$16.56,5.19,$5.08,16.92,$1.06B,$0.73B,1.45,$2.09B,$2.50B,0.83,$5.54B,$2.28B,41.05%,$5.54B,$0.95B,17.12%,$5.54B,$0.95B,17.11%,$5.54B,$1.18B,21.36%,$5.54B,$0.87B,15.63%,$5.54B,$0.52B,9.36%,$0.52B,$2.50B,20.70%,$0.52B,$-1.80B,-29.16%,$0.52B,$6.11B,8.46%,$0.95B,$4.59B,21.72%,$1366,$817,$550,$0,$270,$1119,$248,$-23,$225,$87,$138,$138,$135,$306,$248,$100,102,$1.37,$1.37,$159,$111,$0,$1060,$578,$77,$4303,$94,$5052,$6112,$733,$2086,$292,$2876,$3608,$12,$3387,$46,$2504,$6112,$533,$235,$60,$295,$-37,$-6,$-9,$10,$28,$856,$-142,$0,$-138,$0,$0,$0,$0,$-280,$29,$0,$29,$-526,$-526,$0,$-149,$-645,$-71,$49,$0
28,2011-09-30,79.05,$25.51,3.1,$52.94,1.49,$16.78,4.71,$5.00,15.81,$1.07B,$0.98B,1.09,$1.77B,$2.54B,0.7,$5.47B,$2.26B,41.22%,$5.47B,$0.94B,17.18%,$5.47B,$0.94B,17.18%,$5.47B,$1.17B,21.40%,$5.47B,$0.86B,15.66%,$5.47B,$0.52B,9.43%,$0.52B,$2.54B,20.66%,$0.52B,$-1.69B,-28.95%,$0.52B,$6.05B,8.39%,$0.94B,$4.31B,21.88%,$1405,$836,$569,$0,$284,$1165,$239,$-19,$220,$83,$138,$138,$134,$298,$239,$101,102,$1.34,$1.31,$86,$104,$0,$1073,$577,$75,$4234,$94,$4981,$6053,$982,$1769,$169,$2528,$3510,$12,$3402,$70,$2543,$6053,$395,$177,$27,$204,$-66,$-1,$-41,$11,$-22,$577,$-112,$0,$-47,$0,$0,$0,$0,$-159,$-208,$0,$-208,$-358,$-358,$0,$4,$-562,$-145,$37,$0
29,2011-06-30,96.79,$25.44,3.8,$51.46,1.88,$17.37,5.57,$5.03,19.24,$1.08B,$1.03B,1.06,$1.79B,$2.58B,0.69,$5.34B,$2.21B,41.44%,$5.34B,$0.94B,17.52%,$5.34B,$0.94B,17.52%,$5.34B,$1.16B,21.71%,$5.34B,$0.85B,15.98%,$5.34B,$0.52B,9.77%,$0.52B,$2.58B,21.49%,$0.52B,$-1.74B,-31.70%,$0.52B,$6.17B,8.85%,$0.94B,$4.37B,23.31%,$1403,$815,$588,$0,$323,$1178,$226,$-18,$207,$81,$127,$127,$123,$285,$226,$101,103,$1.22,$1.20,$119,$107,$0,$1084,$586,$79,$4320,$99,$5085,$6168,$1026,$1788,$166,$2563,$3589,$12,$3327,$109,$2580,$6168,$257,$118,$7,$125,$-58,$-3,$-57,$25,$18,$400,$-72,$0,$-45,$0,$0,$0,$0,$-117,$-187,$6,$-181,$-220,$-220,$0,$6,$-395,$-112,$26,$0
30,2011-03-31,92.13,$23.96,3.85,$49.56,1.86,$17.89,5.15,$5.29,17.42,$1.15B,$1.20B,0.96,$1.81B,$2.40B,0.75,$5.18B,$2.16B,41.71%,$5.18B,$0.98B,18.95%,$5.18B,$0.98B,18.95%,$5.18B,$1.20B,23.12%,$5.18B,$0.91B,17.52%,$5.18B,$0.55B,10.68%,$0.55B,$2.40B,23.67%,$0.55B,$-1.89B,-36.82%,$0.55B,$6.20B,9.88%,$0.98B,$4.21B,26.44%,$1368,$800,$568,$0,$283,$1133,$236,$-22,$214,$83,$131,$131,$127,$295,$236,$100,103,$1.27,$1.23,$195,$98,$0,$1148,$580,$83,$4290,$102,$5054,$6202,$1200,$1808,$155,$2602,$3801,$12,$3204,$105,$2400,$6202,$131,$60,$11,$71,$-69,$6,$-43,$17,$14,$215,$-29,$0,$-16,$0,$0,$0,$0,$-45,$15,$0,$15,$-224,$-224,$0,$2,$-207,$-35,$13,$0
31,2010-12-31,87.92,$24.09,3.65,$47.51,1.85,$18.05,4.87,$5.31,16.56,$1.14B,$1.12B,1.02,$1.83B,$2.47B,0.74,$5.00B,$2.10B,41.95%,$5.00B,$0.98B,19.56%,$5.00B,$0.98B,19.56%,$5.00B,$1.19B,23.74%,$5.00B,$0.92B,18.31%,$5.00B,$0.56B,11.17%,$0.56B,$2.47B,24.56%,$0.56B,$-1.81B,-42.56%,$0.56B,$6.19B,10.58%,$0.98B,$4.29B,28.48%,$1295,$766,$530,$0,$272,$1057,$239,$-23,$216,$81,$135,$135,$132,$293,$239,$103,105,$1.30,$1.24,$231,$103,$0,$1144,$587,$79,$4275,$103,$5044,$6188,$1121,$1827,$151,$2601,$3722,$12,$3247,$89,$2466,$6188,$572,$209,$63,$273,$-25,$-6,$50,$-14,$39,$884,$-121,$-0,$-1186,$0,$-10,$-10,$0,$-1318,$787,$0,$787,$-255,$-255,$0,$-17,$515,$82,$40,$0
32,2010-09-30,78.43,$22.32,3.51,$45.90,1.71,$17.68,4.44,$5.38,14.58,$0.95B,$0.95B,1.0,$0.92B,$2.27B,0.41,$4.87B,$2.05B,41.96%,$4.87B,$0.96B,19.61%,$4.87B,$0.96B,19.61%,$4.87B,$1.16B,23.84%,$4.87B,$0.90B,18.53%,$4.87B,$0.57B,11.69%,$0.57B,$2.27B,26.08%,$0.57B,$-1.15B,-49.80%,$0.57B,$5.05B,11.53%,$0.96B,$3.19B,30.50%,$1277,$749,$528,$0,$271,$1041,$235,$-19,$217,$74,$143,$143,$140,$287,$235,$102,104,$1.37,$1.34,$97,$88,$0,$949,$505,$80,$3417,$98,$4099,$5048,$951,$921,$143,$1826,$2777,$12,$3115,$78,$2270,$5048,$437,$155,$30,$186,$-49,$2,$-9,$11,$2,$624,$-89,$-0,$-223,$0,$-10,$-10,$0,$-323,$-54,$0,$-54,$-294,$-294,$0,$-6,$-354,$-52,$30,$0
33,2010-06-30,75.35,$21.43,3.52,$44.53,1.69,$17.70,4.26,$5.25,14.35,$0.92B,$0.90B,1.02,$0.94B,$2.21B,0.43,$4.78B,$2.02B,42.14%,$4.78B,$0.96B,19.99%,$4.78B,$0.96B,19.99%,$4.78B,$1.16B,24.28%,$4.78B,$0.91B,19.01%,$4.78B,$0.56B,11.73%,$0.56B,$2.21B,26.39%,$0.56B,$-1.16B,-48.79%,$0.56B,$4.96B,11.47%,$0.96B,$3.15B,30.21%,$1238,$705,$534,$0,$245,$968,$271,$-11,$260,$103,$157,$157,$154,$322,$271,$104,105,$1.48,$1.46,$104,$86,$0,$916,$499,$71,$3372,$100,$4043,$4958,$896,$939,$159,$1854,$2749,$12,$3073,$59,$2209,$4958,$293,$103,$24,$127,$-37,$4,$9,$11,$28,$448,$-57,$-0,$-177,$0,$0,$0,$0,$-234,$-76,$0,$-76,$-180,$-180,$0,$-3,$-258,$-45,$19,$0
34,2010-03-31,75.71,$20.71,3.66,$43.64,1.74,$17.06,4.44,$5.03,15.05,$0.98B,$0.89B,1.11,$0.96B,$2.16B,0.44,$4.73B,$1.99B,42.00%,$4.73B,$0.93B,19.65%,$4.73B,$0.93B,19.65%,$4.73B,$1.14B,23.98%,$4.73B,$0.88B,18.61%,$4.73B,$0.54B,11.47%,$0.54B,$2.16B,26.16%,$0.54B,$-1.14B,-48.94%,$0.54B,$4.93B,11.25%,$0.93B,$3.12B,29.04%,$1194,$687,$507,$0,$246,$959,$234,$-11,$223,$87,$136,$136,$133,$286,$234,$105,107,$1.27,$1.25,$172,$83,$0,$981,$488,$69,$3293,$102,$3953,$4934,$886,$958,$161,$1889,$2776,$12,$3003,$78,$2158,$4934,$136,$52,$20,$71,$-38,$8,$-15,$5,$25,$232,$-23,$0,$-34,$0,$0,$0,$0,$-57,$-69,$0,$-69,$-82,$-82,$0,$-2,$-153,$24,$9,$0
35,2009-12-31,74.84,$20.00,3.74,$43.05,1.74,$16.74,4.47,$5.00,14.97,$0.94B,$1.02B,0.92,$0.98B,$2.11B,0.46,$4.70B,$1.97B,41.96%,$4.70B,$0.94B,19.96%,$4.70B,$0.94B,19.96%,$4.70B,$1.14B,24.28%,$4.70B,$0.88B,18.83%,$4.70B,$0.54B,11.57%,$0.54B,$2.11B,27.28%,$0.54B,$-1.13B,-48.69%,$0.54B,$4.84B,11.31%,$0.94B,$3.08B,28.61%,$1165,$689,$476,$0,$241,$949,$216,$-13,$203,$57,$146,$146,$143,$267,$216,$107,109,$1.35,$1.31,$149,$90,$0,$936,$501,$71,$3239,$91,$3902,$4838,$1018,$977,$158,$1713,$2732,$13,$2928,$62,$2106,$4838,$556,$203,$51,$254,$74,$-4,$23,$6,$53,$862,$-114,$0,$-216,$0,$-4,$-4,$0,$-334,$-337,$-5,$-342,$-248,$-248,$0,$-11,$-601,$-71,$36,$0
36,2009-09-30,65.7,$19.05,3.45,$42.38,1.55,$15.46,4.25,$4.75,13.83,$0.98B,$0.60B,1.62,$1.28B,$2.03B,0.63,$4.65B,$1.94B,41.82%,$4.65B,$0.93B,19.90%,$4.65B,$0.93B,19.90%,$4.65B,$1.13B,24.22%,$4.65B,$0.87B,18.71%,$4.65B,$0.52B,11.14%,$0.52B,$2.03B,27.47%,$0.52B,$-1.17B,-44.70%,$0.52B,$4.83B,10.88%,$0.93B,$3.31B,27.80%,$1185,$687,$498,$0,$247,$950,$235,$-12,$223,$89,$135,$135,$131,$286,$235,$108,109,$1.22,$1.21,$127,$82,$0,$978,$494,$75,$3197,$87,$3853,$4830,$603,$1280,$200,$2199,$2801,$13,$2785,$35,$2029,$4830,$410,$152,$37,$189,$14,$3,$14,$11,$39,$638,$-76,$0,$-169,$0,$-4,$-4,$0,$-250,$-328,$-5,$-333,$-141,$-141,$0,$-8,$-482,$-93,$26,$0
37,2009-06-30,67.79,$18.47,3.67,$41.62,1.63,$14.28,4.75,$4.54,14.93,$1.06B,$0.55B,1.91,$1.29B,$2.01B,0.64,$4.60B,$1.91B,41.49%,$4.60B,$0.89B,19.40%,$4.60B,$0.89B,19.40%,$4.60B,$1.09B,23.70%,$4.60B,$0.84B,18.20%,$4.60B,$0.50B,10.85%,$0.50B,$2.01B,27.82%,$0.50B,$-1.00B,-40.71%,$0.50B,$4.71B,10.60%,$0.89B,$3.30B,28.10%,$1189,$681,$507,$0,$237,$944,$245,$-13,$232,$93,$139,$139,$136,$296,$245,$108,110,$1.26,$1.24,$227,$71,$0,$1055,$497,$69,$3011,$81,$3658,$4713,$554,$1291,$161,$2150,$2704,$13,$2654,$2,$2009,$4713,$275,$101,$26,$127,$-22,$12,$6,$17,$-11,$391,$-54,$0,$-8,$0,$-4,$-4,$0,$-67,$-316,$-5,$-321,$8,$8,$0,$-5,$-318,$7,$17,$0
38,2009-03-31,58.49,$16.79,3.48,$40.86,1.43,$13.78,4.25,$4.22,13.86,$1.21B,$0.60B,2.03,$1.59B,$1.82B,0.88,$4.56B,$1.89B,41.53%,$4.56B,$0.84B,18.47%,$4.56B,$0.84B,18.47%,$4.56B,$1.04B,22.75%,$4.56B,$0.79B,17.24%,$4.56B,$0.47B,10.25%,$0.47B,$1.82B,26.81%,$0.47B,$-1.16B,-36.14%,$0.47B,$4.83B,9.93%,$0.84B,$3.41B,27.49%,$1156,$666,$489,$0,$234,$915,$241,$-14,$226,$90,$136,$136,$133,$291,$241,$108,109,$1.23,$1.22,$373,$78,$0,$1214,$502,$64,$2976,$72,$3614,$4828,$598,$1591,$155,$2412,$3010,$13,$2517,$-30,$1818,$4828,$136,$50,$18,$69,$-38,$8,$15,$14,$5,$209,$-31,$0,$-6,$0,$-4,$-4,$0,$-41,$-13,$-4,$-16,$6,$6,$0,$-2,$-13,$154,$7,$0
39,2008-12-31,64.41,$15.60,4.13,$39.88,1.61,$13.35,4.82,$4.14,15.56,$1.03B,$0.55B,1.89,$1.60B,$1.69B,0.95,$4.51B,$1.87B,41.60%,$4.51B,$0.84B,18.69%,$4.51B,$0.84B,18.69%,$4.51B,$1.03B,22.93%,$4.51B,$0.79B,17.45%,$4.51B,$0.46B,10.30%,$0.46B,$1.69B,27.08%,$0.46B,$-1.31B,-34.56%,$0.46B,$4.67B,10.00%,$0.84B,$3.29B,29.01%,$1119,$669,$450,$0,$226,$915,$204,$-16,$189,$68,$121,$121,$118,$253,$204,$110,112,$1.09,$1.10,$220,$91,$0,$1033,$496,$72,$2995,$74,$3637,$4670,$547,$1601,$190,$2434,$2981,$13,$2385,$-17,$1688,$4670,$478,$191,$106,$297,$28,$-9,$16,$-15,$6,$781,$-156,$-1,$-349,$110,$0,$110,$0,$-396,$44,$5,$49,$-269,$-269,$0,$2,$-219,$163,$36,$0
40,2008-09-30,69.5,$15.37,4.52,$38.17,1.82,$12.45,5.58,$4.04,17.2,$0.89B,$1.12B,0.79,$1.04B,$1.66B,0.63,$4.39B,$1.83B,41.64%,$4.39B,$0.82B,18.67%,$4.39B,$0.82B,18.67%,$4.39B,$1.01B,22.95%,$4.39B,$0.78B,17.85%,$4.39B,$0.46B,10.47%,$0.46B,$1.66B,26.71%,$0.46B,$-1.44B,-40.08%,$0.46B,$4.62B,10.08%,$0.82B,$2.70B,29.48%,$1135,$674,$462,$0,$227,$933,$202,$-12,$190,$75,$115,$115,$112,$250,$202,$110,112,$1.02,$1.00,$49,$87,$0,$885,$494,$74,$3096,$73,$3736,$4621,$1123,$1040,$99,$1838,$2961,$13,$2482,$95,$1660,$4621,$357,$142,$55,$197,$-0,$-5,$11,$6,$12,$566,$-120,$-1,$-340,$110,$0,$110,$0,$-351,$52,$3,$55,$-280,$-280,$0,$5,$-221,$-7,$27,$0
41,2008-06-30,69.63,$16.19,4.3,$36.44,1.91,$11.45,6.08,$3.96,17.58,$0.99B,$1.04B,0.95,$1.05B,$1.80B,0.58,$4.28B,$1.79B,41.82%,$4.28B,$0.80B,18.63%,$4.28B,$0.80B,18.63%,$4.28B,$0.98B,22.91%,$4.28B,$0.78B,18.26%,$4.28B,$0.46B,10.73%,$0.46B,$1.80B,25.43%,$0.46B,$-1.27B,-54.68%,$0.46B,$4.69B,10.29%,$0.80B,$2.85B,28.93%,$1148,$656,$492,$0,$266,$953,$195,$-14,$181,$74,$108,$108,$104,$243,$195,$111,114,$0.94,$0.92,$155,$85,$0,$988,$484,$74,$3070,$73,$3700,$4688,$1043,$1052,$97,$1843,$2886,$13,$2478,$114,$1802,$4688,$242,$94,$34,$128,$-11,$-2,$11,$12,$2,$371,$-79,$-1,$-268,$110,$0,$110,$0,$-238,$-13,$0,$-13,$-29,$-29,$0,$6,$-35,$99,$18,$0
42,2008-03-31,73.68,$15.30,4.82,$34.90,2.11,$11.06,6.66,$4.09,18.01,$0.91B,$1.04B,0.88,$1.07B,$1.70B,0.63,$4.17B,$1.74B,41.67%,$4.17B,$0.82B,19.53%,$4.17B,$0.82B,19.53%,$4.17B,$0.99B,23.77%,$4.17B,$0.82B,19.63%,$4.17B,$0.48B,11.60%,$0.48B,$1.70B,26.36%,$0.48B,$-1.36B,-86.04%,$0.48B,$4.58B,11.28%,$0.82B,$2.77B,30.48%,$1103,$633,$471,$0,$216,$862,$241,$-16,$226,$92,$134,$134,$130,$287,$241,$110,114,$1.18,$1.14,$50,$83,$0,$908,$474,$75,$3062,$61,$3673,$4581,$1037,$1065,$95,$1841,$2878,$13,$2374,$106,$1703,$4581,$134,$46,$41,$87,$-53,$-0,$3,$11,$-45,$177,$-38,$0,$-250,$110,$0,$110,$0,$-178,$14,$0,$14,$-30,$-30,$0,$10,$-6,$-6,$9,$0
43,2007-12-31,75.53,$15.54,4.86,$33.41,2.26,$11.03,6.85,$3.93,19.22,$0.94B,$0.97B,0.97,$1.08B,$1.73B,0.63,$4.07B,$1.69B,41.56%,$4.07B,$0.78B,19.10%,$4.07B,$0.78B,19.10%,$4.07B,$0.95B,23.37%,$4.07B,$0.80B,19.71%,$4.07B,$0.48B,11.72%,$0.48B,$1.73B,25.68%,$0.48B,$-0.53B,-159.80%,$0.48B,$4.37B,11.53%,$0.78B,$2.80B,30.13%,$1006,$600,$405,$0,$197,$824,$182,$5,$187,$73,$114,$114,$114,$228,$182,$117,121,$1.02,$0.98,$166,$80,$0,$938,$439,$683,$2253,$56,$3431,$4368,$968,$1078,$91,$1675,$2643,$13,$2244,$120,$1725,$4368,$477,$174,$54,$227,$-79,$5,$34,$-16,$6,$710,$-141,$-1,$-225,$26,$0,$26,$0,$-342,$500,$-35,$465,$-844,$-844,$0,$15,$-364,$5,$35,$0
44,2007-09-30,78.23,$17.09,4.58,$31.79,2.46,$10.19,7.68,$3.75,20.86,$0.85B,$1.03B,0.83,$0.60B,$1.99B,0.3,$3.96B,$1.67B,42.02%,$3.96B,$0.76B,19.13%,$3.96B,$0.76B,19.13%,$3.96B,$0.93B,23.42%,$3.96B,$0.79B,19.81%,$3.96B,$0.47B,11.79%,$0.47B,$1.99B,24.32%,$0.47B,$-0.20B,-238.57%,$0.47B,$4.21B,11.55%,$0.76B,$2.59B,30.04%,$1021,$599,$422,$0,$198,$842,$179,$8,$187,$76,$111,$111,$111,$222,$179,$117,121,$0.95,$0.92,$35,$83,$0,$852,$431,$688,$2194,$50,$3362,$4214,$1028,$603,$86,$1195,$2223,$14,$2129,$120,$1991,$4214,$362,$129,$35,$164,$-118,$2,$25,$-19,$-57,$469,$-108,$-1,$-146,$113,$0,$113,$0,$-142,$100,$-34,$66,$-451,$-451,$0,$18,$-367,$-39,$26,$0
45,2007-06-30,78.26,$16.41,4.77,$30.04,2.61,$10.10,7.75,$3.64,21.5,$0.82B,$0.91B,0.9,$0.60B,$1.93B,0.31,$3.85B,$1.63B,42.27%,$3.85B,$0.76B,19.61%,$3.85B,$0.76B,19.61%,$3.85B,$0.92B,23.97%,$3.85B,$0.78B,20.28%,$3.85B,$0.47B,12.10%,$0.47B,$1.93B,23.79%,$0.47B,$-0.16B,-358.46%,$0.47B,$4.00B,11.56%,$0.76B,$2.53B,29.47%,$1043,$601,$442,$0,$209,$831,$213,$7,$219,$91,$129,$129,$129,$255,$213,$117,122,$1.10,$1.05,$52,$82,$0,$820,$414,$640,$2086,$43,$3183,$4004,$910,$603,$87,$1168,$2078,$14,$2018,$92,$1926,$4004,$251,$85,$13,$99,$-93,$3,$32,$9,$-11,$339,$-73,$-0,$-21,$92,$0,$92,$0,$-2,$0,$-30,$-30,$-362,$-362,$0,$13,$-380,$-43,$17,$0
46,2007-03-31,72.63,$15.20,4.78,$28.12,2.58,$9.87,7.36,$3.46,20.99,$0.82B,$1.03B,0.8,$0.60B,$1.79B,0.34,$3.71B,$1.58B,42.54%,$3.71B,$0.73B,19.72%,$3.71B,$0.73B,19.72%,$3.71B,$0.90B,24.22%,$3.71B,$0.76B,20.42%,$3.71B,$0.45B,12.20%,$0.45B,$1.79B,22.88%,$0.45B,$-0.30B,-404.46%,$0.45B,$3.96B,11.20%,$0.73B,$2.39B,28.34%,$999,$577,$422,$0,$205,$795,$203,$6,$209,$86,$123,$123,$123,$246,$203,$123,123,$1.01,$0.98,$77,$78,$0,$824,$407,$592,$2091,$45,$3135,$3959,$1032,$603,$81,$1140,$2172,$14,$1889,$62,$1787,$3959,$123,$43,$-1,$42,$-69,$7,$-4,$5,$21,$186,$-41,$0,$-12,$65,$0,$65,$0,$13,$80,$-6,$75,$-326,$-326,$0,$8,$-244,$-45,$8,$0
47,2006-12-31,73.47,$16.18,4.54,$26.38,2.78,$9.84,7.46,$3.24,22.68,$0.89B,$0.93B,0.95,$0.60B,$1.98B,0.31,$3.59B,$1.53B,42.59%,$3.59B,$0.70B,19.43%,$3.59B,$0.70B,19.43%,$3.59B,$0.86B,24.03%,$3.59B,$0.72B,20.07%,$3.59B,$0.43B,12.03%,$0.43B,$1.98B,21.60%,$0.43B,$-0.12B,-447.67%,$0.43B,$4.00B,10.73%,$0.70B,$2.58B,26.81%,$899,$520,$379,$0,$203,$736,$163,$7,$170,$66,$104,$104,$104,$205,$163,$124,135,$0.84,$0.80,$187,$84,$0,$887,$393,$578,$2094,$49,$3114,$4001,$931,$603,$81,$1093,$2024,$14,$1768,$59,$1977,$4001,$432,$166,$89,$255,$-48,$-19,$-18,$-16,$-54,$632,$-115,$-1,$-40,$-118,$0,$-118,$0,$-273,$-3,$35,$32,$-395,$-395,$0,$9,$-354,$6,$53,$0
