,Date,Stock Price,Book Value per Share,Price to Book Ratio,TTM Sales per Share,Price to Sales Ratio,TTM FCF per Share,Price to FCF Ratio,TTM Net EPS,PE Ratio,Current Assets,Current Liabilities,Current Ratio,Long Term Debt,Shareholder's Equity_x,Debt to Equity Ratio,TTM Revenue_x,TTM Gross Profit,Gross Margin,TTM Revenue_y,TTM Operating Income,Operating Margin,TTM Revenue_x,TTM EBIT,EBIT Margin,TTM Revenue_y,TTM EBITDA,EBITDA Margin,TTM Revenue_x,TTM Pre-Tax Income,Pre-Tax Margin,TTM Revenue_y,TTM Net Income_x,Net Margin,TTM Net Income_y,Shareholder's Equity_y,Return on Equity,TTM Net Income_x,Tangible Equity,Return on Tangible Equity,TTM Net Income_y,Total Assets,Return on Assets,TTM Net Income,LT Investments & Debt,Return on Investment,revenue,cost-goods-sold,gross-profit,research-development-expenses,selling-general-administrative-expenses,operating-expenses,operating-income,total-non-operating-income-expense,pre-tax-income,total-provision-income-taxes,income-after-taxes,income-from-continuous-operations,net-income,ebitda,ebit,basic-shares-outstanding,shares-outstanding,eps-basic-net-earnings-per-share,eps-earnings-per-share-diluted,cash-on-hand,inventory,other-current-assets,total-current-assets,net-property-plant-equipment,long-term-investments,goodwill-intangible-assets-total,other-long-term-assets,total-long-term-assets,total-assets,total-current-liabilities,long-term-debt,other-non-current-liabilities,total-long-term-liabilities,total-liabilities,common-stock-net,retained-earnings-accumulated-deficit,comprehensive-income,total-share-holder-equity,total-liabilities-share-holders-equity,net-income-loss,total-depreciation-amortization-cash-flow,other-non-cash-items,total-non-cash-items,change-in-accounts-receivable,change-in-inventories,change-in-accounts-payable,change-in-assets-liabilities,total-change-in-assets-liabilities,cash-flow-from-operating-activities,net-change-in-property-plant-equipment,net-change-in-intangible-assets,net-acquisitions-divestitures,net-change-in-short-term-investments,net-change-in-long-term-investments,net-change-in-investments-total,investing-activities-other,cash-flow-from-investing-activities,net-long-term-debt,net-current-debt,debt-issuance-retirement-net-total,net-common-equity-issued-repurchased,net-total-equity-issued-repurchased,total-common-preferred-stock-dividends-paid,financial-activities-other,cash-flow-from-financial-activities,net-cash-flow,stock-based-compensation,common-stock-dividends-paid
0,2018-09-30,34.59,$20.63,1.68,$9.72,3.56,$2.78,12.44,$-0.51,0.0,$0.31B,$0.16B,1.97,$1.08B,$2.28B,0.47,$1.08B,$0.35B,32.66%,$1.08B,$0.12B,10.61%,$1.08B,$0.12B,10.61%,$1.08B,$0.31B,28.23%,$1.08B,$-0.03B,-3.14%,$1.08B,$-0.05B,-4.98%,$-0.05B,$2.28B,-2.28%,$-0.05B,$2.28B,-2.28%,$-0.05B,$3.66B,-1.46%,$0.12B,$3.36B,3.33%,$298,$193,$105,$0,$6,$256,$42,$-122,$-80,$3,$-83,$-83,$-87,$90,$42,$110,110,$-0.79,$-0.79,$263,$0,$0,$305,$3273,$0,$0,$80,$3355,$3659,$155,$1078,$149,$1228,$1382,$1,$-447,$23,$2277,$3659,$-54,$146,$116,$261,$-6,$0,$0,$-21,$-5,$202,$-99,$0,$0,$0,$0,$0,$2,$-97,$-43,$0,$-43,$-76,$-76,$-138,$-1,$-257,$-152,$0,$-126
1,2018-06-30,34.23,$21.40,1.6,$9.54,3.59,$3.19,10.75,$0.55,62.24,$0.28B,$0.15B,1.86,$1.08B,$2.36B,0.46,$1.07B,$0.35B,32.46%,$1.07B,$0.12B,11.10%,$1.07B,$0.12B,11.10%,$1.07B,$0.31B,28.73%,$1.07B,$0.08B,7.74%,$1.07B,$0.06B,5.97%,$0.06B,$2.36B,2.64%,$0.06B,$2.36B,2.64%,$0.06B,$3.65B,1.71%,$0.12B,$3.44B,3.38%,$305,$190,$114,$0,$7,$254,$51,$-10,$41,$5,$36,$36,$32,$100,$51,$110,111,$0.29,$0.28,$235,$0,$0,$279,$3303,$0,$0,$67,$3373,$3652,$150,$1078,$61,$1139,$1290,$1,$-360,$22,$2362,$3652,$29,$97,$3,$99,$-8,$0,$0,$-8,$-1,$127,$-81,$0,$0,$0,$0,$0,$1,$-80,$-43,$0,$-43,$-75,$-75,$-109,$-0,$-227,$-180,$0,$-101
2,2018-03-31,28.82,$21.30,1.35,$9.49,3.04,$3.75,7.69,$0.76,37.92,$0.27B,$0.15B,1.87,$1.08B,$2.35B,0.46,$1.07B,$0.35B,32.77%,$1.07B,$0.13B,12.38%,$1.07B,$0.13B,12.38%,$1.07B,$0.32B,29.80%,$1.07B,$0.10B,9.12%,$1.07B,$0.09B,8.19%,$0.09B,$2.35B,3.57%,$0.09B,$2.35B,3.57%,$0.09B,$3.66B,2.31%,$0.13B,$3.43B,3.72%,$223,$169,$54,$0,$7,$225,$-2,$-9,$-11,$-4,$-7,$-7,$-11,$46,$-2,$112,112,$-0.10,$-0.10,$243,$0,$0,$274,$3315,$0,$0,$62,$3383,$3657,$147,$1078,$81,$1159,$1306,$1,$-367,$19,$2351,$3657,$-7,$48,$-4,$44,$5,$0,$0,$-7,$2,$40,$-39,$0,$0,$0,$0,$0,$0,$-39,$-43,$0,$-43,$-75,$-75,$-55,$-0,$-173,$-172,$0,$-51
3,2017-12-31,27.45,$21.88,1.25,$9.75,2.82,$6.28,4.37,$1.53,17.94,$0.45B,$0.14B,3.3,$1.12B,$2.48B,0.45,$1.11B,$0.37B,33.30%,$1.11B,$0.15B,13.48%,$1.11B,$0.15B,13.48%,$1.11B,$0.34B,30.59%,$1.11B,$0.11B,10.05%,$1.11B,$0.18B,15.84%,$0.18B,$2.48B,6.93%,$0.18B,$2.48B,6.93%,$0.18B,$3.82B,4.50%,$0.15B,$3.60B,4.09%,$258,$177,$81,$0,$7,$233,$24,$-9,$16,$-1,$16,$16,$12,$70,$24,$113,113,$0.11,$0.11,$415,$0,$0,$451,$3315,$0,$0,$47,$3364,$3815,$137,$1120,$82,$1202,$1338,$1,$-306,$11,$2476,$3815,$195,$188,$-84,$104,$-6,$0,$0,$-9,$-24,$282,$-120,$0,$0,$0,$0,$0,$407,$287,$0,$0,$0,$-5,$-74,$-223,$-5,$-302,$266,$0,$-204
4,2017-09-30,27.93,$22.15,1.26,$10.03,2.78,$7.83,3.57,$1.62,17.24,$0.50B,$0.16B,3.22,$1.12B,$2.51B,0.45,$1.14B,$0.38B,33.45%,$1.14B,$0.16B,14.35%,$1.14B,$0.16B,14.35%,$1.14B,$0.36B,31.34%,$1.14B,$0.12B,10.83%,$1.14B,$0.18B,16.20%,$0.18B,$2.51B,7.23%,$0.18B,$2.51B,7.23%,$0.18B,$3.87B,4.69%,$0.16B,$3.63B,4.45%,$286,$187,$99,$0,$6,$240,$46,$-9,$37,$2,$35,$35,$31,$92,$46,$113,113,$0.27,$0.27,$459,$0,$0,$502,$3314,$0,$0,$53,$3368,$3871,$156,$1120,$87,$1207,$1362,$1,$-267,$4,$2508,$3871,$179,$142,$-82,$60,$-13,$0,$0,$-15,$-21,$219,$-67,$0,$0,$0,$0,$0,$404,$337,$0,$0,$0,$-4,$-73,$-168,$-5,$-247,$309,$0,$-153
5,2017-06-30,28.25,$22.33,1.26,$10.40,2.72,$8.26,3.42,$2.69,10.5,$0.52B,$0.16B,3.35,$1.12B,$2.53B,0.44,$1.18B,$0.40B,34.24%,$1.18B,$0.18B,15.55%,$1.18B,$0.18B,15.55%,$1.18B,$0.38B,32.37%,$1.18B,$0.14B,12.06%,$1.18B,$0.31B,25.91%,$0.31B,$2.53B,11.90%,$0.31B,$2.53B,11.90%,$0.31B,$3.89B,7.73%,$0.18B,$3.65B,4.97%,$307,$189,$118,$0,$7,$242,$65,$-9,$56,$5,$51,$62,$56,$112,$65,$113,113,$0.49,$0.49,$475,$0,$0,$518,$3324,$0,$0,$50,$3376,$3894,$155,$1119,$92,$1211,$1366,$1,$-246,$3,$2528,$3894,$144,$96,$-83,$13,$-13,$0,$0,$-7,$-10,$148,$-38,$0,$0,$0,$0,$0,$403,$366,$0,$0,$0,$-2,$-71,$-113,$-5,$-189,$325,$0,$-102
6,2017-03-31,27.04,$22.87,1.18,$10.80,2.5,$8.33,3.25,$2.69,10.05,$0.41B,$0.15B,2.79,$1.12B,$2.59B,0.43,$1.22B,$0.42B,34.48%,$1.22B,$0.20B,15.97%,$1.22B,$0.20B,15.97%,$1.22B,$0.40B,32.60%,$1.22B,$0.15B,12.53%,$1.22B,$0.30B,24.90%,$0.30B,$2.59B,11.93%,$0.30B,$2.59B,11.93%,$0.30B,$3.97B,7.61%,$0.20B,$3.71B,5.25%,$254,$185,$70,$0,$7,$241,$14,$-11,$2,$-5,$7,$82,$76,$64,$14,$113,113,$0.67,$0.67,$374,$0,$0,$407,$3471,$0,$0,$84,$3562,$3969,$146,$1119,$115,$1235,$1380,$1,$-251,$4,$2589,$3969,$82,$50,$-78,$-28,$-1,$0,$0,$-7,$-6,$48,$239,$0,$0,$0,$0,$0,$0,$240,$0,$0,$0,$-2,$-2,$-56,$-5,$-63,$224,$0,$-51
7,2016-12-31,28.02,$22.65,1.24,$10.85,2.58,$6.00,4.67,$2.07,13.54,$0.19B,$0.17B,1.06,$1.12B,$2.56B,0.44,$1.23B,$0.42B,34.23%,$1.23B,$0.20B,15.89%,$1.23B,$0.20B,15.89%,$1.23B,$0.40B,32.44%,$1.23B,$0.15B,12.55%,$1.23B,$0.23B,19.07%,$0.23B,$2.56B,9.43%,$0.23B,$2.56B,9.43%,$0.23B,$3.94B,5.83%,$0.20B,$3.68B,5.22%,$289,$196,$93,$0,$7,$252,$38,$-10,$28,$1,$27,$27,$21,$88,$38,$113,113,$0.19,$0.19,$150,$0,$0,$185,$3693,$0,$0,$64,$3759,$3944,$174,$1119,$90,$1209,$1383,$1,$-276,$2,$2561,$3944,$253,$203,$-103,$100,$0,$0,$0,$6,$6,$359,$-23,$0,$0,$0,$0,$0,$177,$154,$-307,$0,$-307,$-2,$148,$-220,$-5,$-384,$129,$0,$-204
8,2016-09-30,21.63,$22.77,0.95,$10.90,1.98,$4.75,4.56,$2.09,10.35,$0.20B,$0.19B,1.02,$1.12B,$2.58B,0.43,$1.23B,$0.42B,34.14%,$1.23B,$0.20B,15.82%,$1.23B,$0.20B,15.82%,$1.23B,$0.40B,32.12%,$1.23B,$0.15B,12.25%,$1.23B,$0.24B,19.14%,$0.24B,$2.58B,9.69%,$0.24B,$2.58B,9.69%,$0.24B,$3.98B,5.83%,$0.20B,$3.69B,5.18%,$327,$205,$122,$0,$6,$261,$66,$-10,$56,$3,$53,$158,$152,$117,$66,$113,113,$1.34,$1.34,$150,$0,$0,$197,$3736,$0,$0,$43,$3781,$3978,$192,$1118,$92,$1211,$1403,$1,$-246,$-12,$2575,$3978,$226,$153,$-100,$53,$-11,$0,$0,$1,$-3,$276,$-75,$0,$0,$80,$0,$80,$176,$181,$-307,$0,$-307,$-2,$148,$-163,$-5,$-328,$129,$0,$-153
9,2016-06-30,20.97,$21.83,0.96,$10.92,1.92,$4.50,4.66,$1.14,18.4,$0.20B,$0.20B,0.96,$1.31B,$2.47B,0.53,$1.24B,$0.42B,33.98%,$1.24B,$0.19B,15.21%,$1.24B,$0.19B,15.21%,$1.24B,$0.39B,31.31%,$1.24B,$0.14B,11.49%,$1.24B,$0.13B,10.36%,$0.13B,$2.47B,5.35%,$0.13B,$2.47B,5.35%,$0.13B,$4.08B,3.14%,$0.19B,$3.78B,4.96%,$351,$215,$136,$0,$8,$274,$77,$-10,$67,$8,$60,$60,$55,$129,$77,$113,113,$0.49,$0.49,$66,$0,$0,$196,$3767,$0,$0,$112,$3882,$4078,$204,$1308,$97,$1405,$1609,$1,$-347,$-17,$2468,$4078,$69,$102,$1,$104,$-14,$0,$0,$1,$3,$176,$-58,$0,$0,$0,$0,$0,$1,$-56,$-117,$0,$-117,$-2,$148,$-108,$-5,$-82,$37,$0,$-102
10,2016-03-31,22.06,$20.53,1.07,$10.84,2.04,$4.37,5.05,$1.14,19.35,$0.16B,$0.19B,0.8,$1.46B,$2.32B,0.63,$1.23B,$0.42B,33.93%,$1.23B,$0.19B,15.42%,$1.23B,$0.19B,15.42%,$1.23B,$0.39B,31.40%,$1.23B,$0.14B,11.42%,$1.23B,$0.13B,10.52%,$0.13B,$2.32B,5.43%,$0.13B,$2.32B,5.43%,$0.13B,$4.06B,3.17%,$0.19B,$3.78B,4.99%,$260,$191,$69,$0,$6,$246,$14,$-10,$3,$-6,$9,$9,$6,$64,$14,$113,113,$0.05,$0.05,$34,$0,$0,$155,$3855,$0,$0,$41,$3905,$4060,$193,$1460,$86,$1546,$1739,$1,$-351,$-13,$2321,$4060,$9,$50,$-6,$45,$-2,$0,$0,$5,$6,$60,$-36,$0,$0,$0,$0,$0,$0,$-36,$36,$0,$36,$-1,$-1,$-54,$-0,$-20,$4,$0,$-51
11,2015-12-31,21.55,$21.05,1.02,$10.76,2.0,$4.39,4.91,$1.09,19.77,$0.15B,$0.19B,0.82,$1.42B,$2.38B,0.6,$1.22B,$0.41B,33.69%,$1.22B,$0.19B,15.37%,$1.22B,$0.19B,15.37%,$1.22B,$0.38B,31.06%,$1.22B,$0.14B,11.09%,$1.22B,$0.12B,10.11%,$0.12B,$2.38B,5.13%,$0.12B,$2.38B,5.13%,$0.12B,$4.07B,3.03%,$0.19B,$3.80B,4.94%,$295,$200,$94,$0,$6,$257,$38,$-13,$25,$-2,$27,$27,$23,$86,$38,$113,113,$0.21,$0.21,$32,$0,$0,$151,$3872,$0,$0,$43,$3918,$4069,$185,$1424,$82,$1507,$1692,$1,$-306,$-0,$2377,$4069,$136,$191,$-1,$190,$-7,$0,$0,$4,$11,$338,$-143,$0,$-494,$0,$0,$0,$-5,$-642,$409,$0,$409,$-7,$-7,$-199,$-6,$196,$-108,$0,$-187
12,2015-09-30,23.9,$21.23,1.13,$10.74,2.23,$4.39,5.44,$1.09,21.93,$0.18B,$0.21B,0.89,$1.41B,$2.40B,0.59,$1.19B,$0.40B,33.81%,$1.19B,$0.19B,15.86%,$1.19B,$0.19B,15.86%,$1.19B,$0.37B,31.38%,$1.19B,$0.14B,11.49%,$1.19B,$0.12B,10.32%,$0.12B,$2.40B,5.09%,$0.12B,$2.40B,5.09%,$0.12B,$4.10B,3.10%,$0.19B,$3.81B,5.11%,$330,$209,$121,$0,$6,$271,$59,$-12,$47,$-0,$48,$48,$44,$108,$59,$113,113,$0.39,$0.39,$49,$0,$0,$182,$3867,$0,$0,$44,$3920,$4102,$205,$1413,$88,$1500,$1705,$1,$-279,$-5,$2397,$4102,$109,$143,$2,$144,$-21,$0,$0,$3,$12,$266,$-93,$0,$-494,$0,$0,$0,$-6,$-593,$391,$0,$391,$-7,$-7,$-145,$-3,$236,$-91,$0,$-136
13,2015-06-30,29.38,$21.31,1.38,$10.78,2.73,$4.24,6.92,$1.64,17.92,$0.11B,$0.19B,0.57,$1.34B,$2.41B,0.56,$1.17B,$0.40B,33.93%,$1.17B,$0.20B,17.01%,$1.17B,$0.20B,17.01%,$1.17B,$0.38B,32.14%,$1.17B,$0.15B,12.39%,$1.17B,$0.18B,15.13%,$0.18B,$2.41B,7.55%,$0.18B,$2.41B,7.55%,$0.18B,$4.03B,4.63%,$0.20B,$3.75B,5.57%,$341,$209,$132,$0,$7,$263,$78,$-14,$65,$6,$59,$59,$56,$127,$78,$113,113,$0.49,$0.49,$48,$0,$0,$108,$3879,$0,$0,$33,$3919,$4027,$188,$1340,$88,$1428,$1616,$1,$-272,$-1,$2411,$4027,$62,$94,$0,$94,$-28,$0,$0,$17,$9,$164,$-61,$0,$-414,$0,$0,$0,$-2,$-477,$319,$0,$319,$-2,$-2,$-91,$-1,$225,$-88,$0,$-85
14,2015-03-31,31.8,$21.27,1.5,$10.77,2.95,$4.92,6.46,$1.97,16.14,$0.08B,$0.18B,0.46,$1.36B,$2.40B,0.57,$1.14B,$0.38B,33.45%,$1.14B,$0.19B,16.46%,$1.14B,$0.19B,16.46%,$1.14B,$0.36B,31.26%,$1.14B,$0.13B,11.56%,$1.14B,$0.21B,18.13%,$0.21B,$2.40B,9.17%,$0.21B,$2.40B,9.17%,$0.21B,$4.02B,5.58%,$0.19B,$3.77B,5.44%,$251,$187,$63,$0,$6,$239,$12,$-14,$-2,$-5,$3,$3,$-0,$57,$12,$113,113,$0.00,$0.00,$40,$0,$0,$82,$3893,$0,$0,$30,$3936,$4018,$178,$1362,$75,$1437,$1615,$1,$-277,$-3,$2403,$4018,$3,$45,$-5,$40,$-10,$0,$0,$14,$9,$52,$-27,$0,$-414,$0,$0,$0,$-1,$-442,$341,$0,$341,$-2,$-2,$-45,$-1,$293,$-97,$0,$-42
15,2014-12-31,32.8,$21.70,1.51,$10.66,3.08,$4.76,6.88,$1.88,17.45,$0.17B,$0.17B,1.0,$1.02B,$2.45B,0.42,$1.11B,$0.37B,33.24%,$1.11B,$0.18B,16.13%,$1.11B,$0.18B,16.13%,$1.11B,$0.34B,30.81%,$1.11B,$0.12B,11.08%,$1.11B,$0.20B,17.84%,$0.20B,$2.45B,9.11%,$0.20B,$2.45B,9.11%,$0.20B,$3.70B,5.53%,$0.18B,$3.47B,5.36%,$270,$183,$87,$0,$6,$230,$40,$-14,$27,$1,$26,$69,$23,$82,$40,$104,105,$0.22,$0.21,$136,$0,$0,$166,$3464,$0,$0,$62,$3534,$3700,$166,$1021,$65,$1086,$1252,$1,$-234,$1,$2448,$3700,$213,$163,$-91,$72,$-0,$0,$0,$-1,$-2,$283,$-103,$0,$-216,$72,$0,$72,$169,$-78,$-234,$0,$-234,$349,$291,$-152,$-9,$-104,$101,$0,$-137
16,2014-09-30,27.5,$20.37,1.35,$10.67,2.58,$4.33,6.35,$1.81,15.19,$0.09B,$0.17B,0.55,$1.18B,$2.12B,0.56,$1.09B,$0.36B,32.88%,$1.09B,$0.17B,15.38%,$1.09B,$0.17B,15.38%,$1.09B,$0.33B,30.04%,$1.09B,$0.11B,10.35%,$1.09B,$0.19B,17.40%,$0.19B,$2.12B,9.09%,$0.19B,$2.12B,9.09%,$0.19B,$3.54B,5.35%,$0.17B,$3.30B,5.07%,$308,$193,$115,$0,$6,$239,$69,$-14,$55,$3,$52,$102,$98,$110,$69,$104,104,$0.94,$0.94,$40,$0,$0,$93,$3398,$0,$0,$37,$3443,$3535,$169,$1180,$66,$1246,$1415,$1,$-214,$3,$2120,$3535,$188,$121,$-91,$31,$-23,$0,$0,$6,$-12,$206,$-62,$0,$-127,$72,$0,$72,$166,$49,$-75,$0,$-75,$-3,$-62,$-110,$-5,$-252,$4,$0,$-98
17,2014-06-30,28.05,$19.78,1.42,$10.52,2.67,$3.81,7.36,$1.17,23.97,$0.08B,$0.17B,0.48,$1.22B,$2.06B,0.59,$1.05B,$0.34B,32.45%,$1.05B,$0.15B,13.95%,$1.05B,$0.15B,13.95%,$1.05B,$0.31B,29.22%,$1.05B,$0.09B,8.82%,$1.05B,$0.12B,11.48%,$0.12B,$2.06B,5.95%,$0.12B,$2.06B,5.95%,$0.12B,$3.58B,3.39%,$0.15B,$3.28B,4.41%,$313,$196,$117,$0,$6,$246,$67,$-15,$52,$5,$47,$47,$86,$108,$67,$104,104,$0.82,$0.82,$36,$0,$0,$83,$3439,$0,$0,$44,$3495,$3578,$172,$1220,$70,$1349,$1520,$1,$-273,$1,$2057,$3578,$86,$80,$-43,$37,$-17,$0,$0,$-1,$-12,$112,$54,$0,$-127,$72,$0,$72,$-3,$-4,$-35,$0,$-35,$-2,$-2,$-67,$-5,$-109,$-1,$0,$-58
18,2014-03-31,24.62,$19.90,1.24,$10.27,2.4,$2.63,9.36,$0.72,34.2,$0.07B,$0.16B,0.47,$1.23B,$2.07B,0.59,$1.01B,$0.32B,32.14%,$1.01B,$0.14B,13.63%,$1.01B,$0.14B,13.63%,$1.01B,$0.29B,29.05%,$1.01B,$0.09B,8.66%,$1.01B,$0.07B,6.97%,$0.07B,$2.07B,3.52%,$0.07B,$2.07B,3.52%,$0.07B,$3.52B,2.00%,$0.14B,$3.30B,4.16%,$219,$169,$50,$0,$5,$215,$3,$-15,$-11,$-6,$-5,$-5,$-9,$42,$3,$104,104,$-0.09,$-0.09,$37,$0,$0,$74,$3375,$0,$0,$50,$3441,$3515,$158,$1229,$57,$1287,$1444,$1,$-320,$4,$2071,$3515,$-5,$39,$-4,$35,$-7,$0,$0,$5,$-7,$23,$-16,$0,$-10,$72,$0,$72,$0,$46,$-26,$0,$-26,$-1,$-1,$-33,$-5,$-65,$4,$0,$-29
19,2013-12-31,24.05,$20.29,1.19,$10.17,2.36,$2.63,9.14,$0.73,32.95,$0.14B,$0.17B,0.82,$1.26B,$2.11B,0.6,$0.98B,$0.32B,32.31%,$0.98B,$0.14B,14.11%,$0.98B,$0.14B,14.11%,$0.98B,$0.29B,29.55%,$0.98B,$0.09B,9.30%,$0.98B,$0.07B,7.36%,$0.07B,$2.11B,3.68%,$0.07B,$2.11B,3.68%,$0.07B,$3.58B,2.10%,$0.14B,$3.37B,4.26%,$252,$175,$77,$0,$6,$223,$29,$-13,$17,$-2,$19,$19,$15,$68,$29,$97,97,$0.14,$0.14,$33,$0,$0,$135,$3399,$0,$0,$40,$3446,$3581,$165,$1255,$52,$1307,$1472,$1,$-282,$5,$2109,$3581,$90,$149,$-0,$149,$-2,$0,$0,$-8,$6,$246,$-120,$0,$-302,$0,$0,$0,$-0,$-422,$3,$0,$3,$251,$261,$-102,$-7,$155,$-22,$0,$-85
20,2013-09-30,22.03,$19.65,1.12,$10.09,2.18,$3.03,7.27,$0.70,31.47,$0.15B,$0.16B,0.93,$1.50B,$1.89B,0.79,$0.94B,$0.31B,32.38%,$0.94B,$0.14B,14.54%,$0.94B,$0.14B,14.54%,$0.94B,$0.29B,30.36%,$0.94B,$0.09B,9.55%,$0.94B,$0.07B,7.11%,$0.07B,$1.89B,3.53%,$0.07B,$1.89B,3.53%,$0.07B,$3.61B,2.00%,$0.14B,$3.39B,4.32%,$270,$172,$98,$0,$6,$222,$48,$-12,$35,$3,$33,$33,$29,$90,$48,$96,96,$0.30,$0.30,$34,$0,$0,$151,$3403,$0,$0,$43,$3453,$3605,$163,$1497,$53,$1549,$1713,$1,$-267,$2,$1892,$3605,$71,$111,$1,$112,$-19,$0,$0,$-9,$-13,$171,$-88,$0,$-302,$0,$0,$0,$0,$-390,$244,$0,$244,$20,$30,$-71,$-4,$199,$-20,$0,$-58
21,2013-06-30,18.9,$19.65,0.96,$10.04,1.88,$3.34,5.66,$0.71,26.61,$0.14B,$0.11B,1.29,$1.22B,$1.89B,0.64,$0.91B,$0.29B,32.23%,$0.91B,$0.14B,15.07%,$0.91B,$0.14B,15.07%,$0.91B,$0.28B,30.25%,$0.91B,$0.09B,10.01%,$0.91B,$0.07B,7.15%,$0.07B,$1.89B,3.54%,$0.07B,$1.89B,3.54%,$0.07B,$3.27B,2.04%,$0.14B,$3.11B,4.50%,$264,$166,$98,$0,$6,$206,$57,$-11,$46,$5,$41,$41,$35,$92,$57,$95,96,$0.37,$0.37,$31,$0,$0,$142,$3064,$0,$0,$50,$3123,$3265,$110,$1217,$47,$1264,$1374,$1,$-269,$5,$1891,$3265,$39,$69,$-1,$69,$-13,$0,$0,$-8,$-12,$96,$-57,$0,$-3,$0,$0,$0,$1,$-59,$-35,$0,$-35,$20,$30,$-48,$-4,$-57,$-20,$0,$-38
22,2013-03-31,19.26,$20.32,0.95,$10.11,1.91,$3.59,5.36,$0.63,30.57,$0.14B,$0.11B,1.32,$1.15B,$1.94B,0.59,$0.89B,$0.29B,32.13%,$0.89B,$0.13B,14.99%,$0.89B,$0.13B,14.99%,$0.89B,$0.27B,30.10%,$0.89B,$0.09B,9.58%,$0.89B,$0.06B,6.20%,$0.06B,$1.94B,3.09%,$0.06B,$1.94B,3.09%,$0.06B,$3.24B,1.76%,$0.13B,$3.09B,4.47%,$192,$148,$43,$0,$5,$187,$4,$-12,$-7,$-5,$-2,$-2,$-7,$39,$4,$95,95,$-0.08,$-0.08,$38,$0,$0,$143,$3057,$0,$0,$29,$3100,$3244,$108,$1149,$45,$1194,$1302,$1,$-285,$-6,$1942,$3244,$-2,$34,$-5,$29,$-8,$0,$0,$3,$-4,$22,$-16,$0,$0,$0,$0,$0,$-1,$-17,$-103,$0,$-103,$-0,$110,$-23,$-4,$-21,$-15,$0,$-19
23,2012-12-31,19.11,$19.48,0.98,$10.13,1.89,$3.55,5.38,$0.52,36.75,$0.15B,$0.11B,1.41,$1.25B,$1.86B,0.67,$0.87B,$0.28B,32.41%,$0.87B,$0.13B,14.88%,$0.87B,$0.13B,14.88%,$0.87B,$0.26B,29.87%,$0.87B,$0.08B,9.23%,$0.87B,$0.05B,5.31%,$0.05B,$1.86B,2.64%,$0.05B,$1.86B,2.64%,$0.05B,$3.26B,1.51%,$0.13B,$3.11B,4.43%,$216,$150,$66,$0,$5,$187,$28,$-12,$16,$2,$14,$14,$10,$65,$28,$86,86,$0.11,$0.11,$53,$0,$0,$149,$3070,$0,$0,$28,$3107,$3257,$106,$1252,$40,$1292,$1398,$1,$-258,$-8,$1859,$3257,$72,$130,$4,$134,$-4,$0,$0,$2,$11,$216,$-71,$0,$-454,$0,$0,$0,$1,$-524,$301,$0,$301,$281,$114,$-78,$-14,$323,$15,$0,$-53
24,2012-09-30,19.93,$19.22,1.04,$9.82,2.03,$3.22,6.19,$0.42,47.46,$0.13B,$0.10B,1.27,$1.21B,$1.66B,0.73,$0.83B,$0.27B,32.41%,$0.83B,$0.12B,14.46%,$0.83B,$0.12B,14.46%,$0.83B,$0.24B,29.04%,$0.83B,$0.07B,8.80%,$0.83B,$0.04B,4.46%,$0.04B,$1.66B,2.15%,$0.04B,$1.66B,2.15%,$0.04B,$3.01B,1.26%,$0.12B,$2.87B,4.26%,$237,$151,$86,$0,$5,$189,$48,$-12,$36,$5,$31,$31,$27,$79,$48,$86,86,$0.31,$0.31,$22,$0,$0,$131,$2833,$0,$0,$34,$2878,$3008,$103,$1210,$37,$1248,$1351,$1,$-249,$-9,$1658,$3008,$57,$94,$7,$101,$-16,$0,$0,$-4,$-6,$153,$-51,$0,$-210,$0,$0,$0,$1,$-261,$259,$0,$259,$64,$-103,$-57,$-5,$94,$-15,$0,$-36
25,2012-06-30,21.6,$19.14,1.13,$9.42,2.29,$3.15,6.86,$0.29,74.47,$0.08B,$0.10B,0.81,$1.18B,$1.65B,0.72,$0.79B,$0.25B,31.69%,$0.79B,$0.11B,13.51%,$0.79B,$0.11B,13.51%,$0.79B,$0.23B,28.41%,$0.79B,$0.06B,7.83%,$0.79B,$0.03B,3.16%,$0.03B,$1.65B,1.43%,$0.03B,$1.65B,1.43%,$0.03B,$2.97B,0.88%,$0.11B,$2.83B,3.94%,$242,$152,$90,$0,$5,$189,$53,$-12,$40,$5,$35,$35,$25,$84,$53,$85,86,$0.29,$0.29,$42,$0,$0,$78,$2850,$0,$0,$31,$2892,$2970,$97,$1182,$40,$1222,$1319,$1,$-258,$-5,$1651,$2970,$27,$62,$4,$66,$-13,$0,$0,$2,$-0,$93,$-36,$0,$-143,$0,$0,$0,$1,$-179,$231,$0,$231,$64,$-103,$-35,$-3,$90,$4,$0,$-19
26,2012-03-31,20.71,$20.93,0.99,$9.05,2.29,$3.05,6.79,$0.20,103.54,$0.06B,$0.09B,0.65,$1.05B,$1.79B,0.59,$0.75B,$0.23B,30.94%,$0.75B,$0.09B,12.35%,$0.75B,$0.09B,12.35%,$0.75B,$0.21B,27.62%,$0.75B,$0.05B,6.77%,$0.75B,$0.02B,2.26%,$0.02B,$1.79B,0.95%,$0.02B,$1.79B,0.95%,$0.02B,$2.96B,0.62%,$0.09B,$2.85B,3.54%,$172,$133,$39,$0,$5,$172,$0,$-12,$-12,$-3,$-9,$-9,$-16,$31,$0,$85,85,$-0.19,$-0.19,$28,$0,$0,$56,$2863,$0,$0,$31,$2908,$2964,$86,$1054,$32,$1085,$1172,$1,$-266,$0,$1792,$2964,$-9,$31,$-2,$28,$-4,$0,$0,$-1,$-0,$19,$-17,$0,$-143,$0,$0,$0,$1,$-159,$102,$0,$102,$46,$46,$-17,$-1,$131,$-8,$0,$-9
27,2011-12-31,17.75,$21.14,0.84,$8.87,2.0,$3.09,5.74,$0.13,136.51,$0.06B,$0.08B,0.74,$0.95B,$1.77B,0.54,$0.72B,$0.22B,31.15%,$0.72B,$0.09B,12.52%,$0.72B,$0.09B,12.52%,$0.72B,$0.20B,28.09%,$0.72B,$0.05B,6.95%,$0.72B,$0.01B,1.95%,$0.01B,$1.77B,0.82%,$0.01B,$1.77B,0.82%,$0.01B,$2.83B,0.54%,$0.09B,$2.72B,3.61%,$179,$125,$54,$0,$4,$160,$19,$-10,$9,$1,$7,$7,$1,$47,$19,$81,81,$0.04,$0.04,$37,$0,$0,$61,$2734,$0,$0,$27,$2772,$2833,$82,$951,$29,$980,$1062,$1,$-240,$0,$1771,$2833,$44,$112,$8,$120,$-3,$0,$0,$7,$2,$165,$-55,$0,$-534,$0,$0,$0,$19,$-570,$143,$0,$143,$304,$345,$-64,$-11,$412,$7,$0,$-35
28,2011-09-30,14.01,$21.13,0.66,$9.00,1.56,$3.14,4.47,$-0.11,0.0,$0.25B,$0.09B,2.87,$0.69B,$1.78B,0.39,$0.70B,$0.22B,31.20%,$0.70B,$0.08B,10.68%,$0.70B,$0.08B,10.68%,$0.70B,$0.19B,26.64%,$0.70B,$0.04B,4.99%,$0.70B,$-0.00B,-0.57%,$-0.00B,$1.78B,-0.24%,$-0.00B,$1.78B,-0.24%,$-0.00B,$2.58B,-0.16%,$0.08B,$2.47B,3.16%,$199,$132,$68,$0,$4,$164,$35,$-10,$25,$3,$22,$22,$15,$63,$35,$85,85,$0.18,$0.18,$217,$0,$0,$245,$2279,$0,$0,$50,$2336,$2581,$85,$687,$30,$718,$803,$1,$-231,$0,$1778,$2581,$36,$84,$6,$90,$-6,$0,$0,$4,$2,$128,$-34,$0,$-102,$0,$0,$0,$18,$-119,$-121,$0,$-121,$310,$351,$-48,$-6,$176,$185,$0,$-26
29,2011-06-30,19.11,$21.04,0.91,$8.96,2.13,$3.09,6.18,$-0.15,0.0,$0.27B,$0.08B,3.21,$0.69B,$1.79B,0.39,$0.67B,$0.21B,30.84%,$0.67B,$0.06B,9.43%,$0.67B,$0.06B,9.43%,$0.67B,$0.18B,26.20%,$0.67B,$0.02B,3.59%,$0.67B,$-0.01B,-1.35%,$-0.01B,$1.79B,-0.58%,$-0.01B,$1.79B,-0.58%,$-0.01B,$2.59B,-0.37%,$0.06B,$2.48B,2.72%,$203,$131,$72,$0,$4,$163,$39,$-10,$29,$5,$24,$24,$17,$67,$39,$82,82,$0.20,$0.20,$231,$0,$0,$265,$2292,$0,$0,$25,$2327,$2593,$83,$688,$32,$720,$803,$1,$-237,$0,$1790,$2593,$13,$56,$3,$59,$-13,$0,$0,$6,$-4,$69,$-22,$0,$-80,$0,$0,$0,$19,$-83,$-121,$0,$-121,$328,$369,$-31,$-6,$212,$197,$0,$-16
30,2011-03-31,19.5,$20.17,0.97,$8.89,2.19,$3.11,6.28,$-0.24,0.0,$0.06B,$0.08B,0.69,$0.77B,$1.53B,0.5,$0.63B,$0.19B,30.43%,$0.63B,$0.05B,8.08%,$0.63B,$0.05B,8.08%,$0.63B,$0.16B,25.83%,$0.63B,$0.01B,2.22%,$0.63B,$-0.02B,-2.85%,$-0.02B,$1.53B,-1.24%,$-0.02B,$1.53B,-1.24%,$-0.02B,$2.41B,-0.78%,$0.05B,$2.30B,2.32%,$138,$108,$30,$0,$5,$142,$-3,$-10,$-13,$-3,$-11,$-11,$-19,$25,$-3,$74,74,$-0.26,$-0.26,$32,$0,$0,$56,$2310,$0,$0,$25,$2349,$2405,$81,$765,$28,$793,$874,$1,$-244,$0,$1531,$2405,$-11,$28,$-2,$26,$-3,$0,$0,$4,$-0,$15,$-10,$0,$-80,$0,$0,$0,$19,$-71,$-44,$0,$-44,$76,$117,$-15,$-4,$54,$-2,$0,$-8
31,2010-12-31,18.99,$19.76,0.96,$8.69,2.19,$3.04,6.26,$-0.38,0.0,$0.05B,$0.08B,0.68,$0.81B,$1.44B,0.56,$0.60B,$0.18B,30.45%,$0.60B,$0.04B,7.15%,$0.60B,$0.04B,7.15%,$0.60B,$0.16B,25.79%,$0.60B,$0.01B,1.16%,$0.60B,$-0.03B,-4.16%,$-0.03B,$1.44B,-1.76%,$-0.03B,$1.44B,-1.76%,$-0.03B,$2.36B,-1.12%,$0.04B,$2.25B,2.02%,$162,$113,$49,$0,$7,$157,$4,$-10,$-6,$0,$-6,$-6,$-17,$32,$4,$70,70,$-0.21,$-0.21,$32,$0,$0,$52,$2245,$0,$0,$46,$2303,$2355,$77,$809,$26,$835,$912,$1,$-217,$0,$1444,$2355,$2,$112,$16,$128,$-0,$0,$0,$-6,$3,$132,$-34,$0,$-456,$0,$0,$0,$119,$-372,$101,$0,$101,$190,$190,$-37,$-9,$245,$5,$0,$-10
32,2010-09-30,16.76,$20.06,0.84,$7.96,2.1,$3.15,5.33,$-0.33,0.0,$0.07B,$0.08B,0.95,$0.76B,$1.47B,0.52,$0.53B,$0.16B,30.99%,$0.53B,$0.04B,7.79%,$0.53B,$0.04B,7.79%,$0.53B,$0.15B,29.09%,$0.53B,$0.01B,1.14%,$0.53B,$-0.03B,-4.94%,$-0.03B,$1.47B,-1.88%,$-0.03B,$1.47B,-1.88%,$-0.03B,$2.33B,-1.21%,$0.04B,$2.23B,2.00%,$165,$110,$55,$0,$4,$142,$23,$-9,$14,$2,$12,$12,$10,$51,$23,$71,71,$0.14,$0.14,$47,$0,$0,$74,$2206,$0,$0,$40,$2258,$2332,$78,$760,$26,$788,$866,$1,$-192,$0,$1466,$2332,$12,$84,$1,$84,$-7,$0,$0,$-8,$-2,$94,$-19,$0,$-397,$0,$0,$0,$65,$-351,$116,$0,$116,$190,$190,$-22,$-7,$277,$21,$0,$-2
33,2010-06-30,14.67,$19.88,0.74,$8.08,1.82,$3.05,4.8,$-0.42,0.0,$0.08B,$0.07B,1.08,$0.63B,$1.39B,0.45,$0.51B,$0.16B,30.54%,$0.51B,$0.04B,7.39%,$0.51B,$0.04B,7.39%,$0.51B,$0.15B,29.18%,$0.51B,$0.00B,0.58%,$0.51B,$-0.03B,-6.42%,$-0.03B,$1.39B,-2.46%,$-0.03B,$1.39B,-2.46%,$-0.03B,$2.11B,-1.59%,$0.04B,$2.01B,1.92%,$166,$108,$58,$0,$4,$138,$27,$-9,$19,$4,$14,$14,$8,$55,$27,$69,69,$0.11,$0.11,$43,$0,$0,$78,$1996,$0,$0,$22,$2031,$2109,$72,$625,$22,$650,$722,$1,$-194,$0,$1388,$2109,$-4,$56,$4,$60,$-16,$0,$0,$5,$-4,$50,$-10,$0,$-94,$0,$0,$0,$-1,$-105,$-19,$0,$-19,$113,$113,$-15,$-5,$75,$20,$0,$-1
34,2010-03-31,16.61,$19.76,0.84,$9.11,1.82,$2.90,5.72,$-0.37,0.0,$0.05B,$0.06B,0.72,$0.64B,$1.38B,0.46,$0.52B,$0.16B,31.42%,$0.52B,$0.04B,8.24%,$0.52B,$0.04B,8.24%,$0.52B,$0.16B,29.69%,$0.52B,$0.01B,1.15%,$0.52B,$-0.03B,-6.32%,$-0.03B,$1.38B,-2.50%,$-0.03B,$1.38B,-2.50%,$-0.03B,$2.10B,-1.59%,$0.04B,$2.02B,2.17%,$108,$87,$21,$0,$4,$119,$-11,$-9,$-20,$-2,$-18,$-18,$-26,$17,$-11,$65,65,$-0.40,$-0.40,$19,$0,$0,$45,$2016,$0,$0,$22,$2056,$2101,$63,$636,$20,$659,$722,$1,$-201,$0,$1379,$2101,$-19,$28,$-1,$26,$-7,$0,$0,$4,$-5,$2,$-2,$0,$-94,$0,$0,$0,$-0,$-97,$-8,$0,$-8,$113,$113,$-7,$-5,$93,$-1,$0,$-1
35,2009-12-31,15.13,$20.38,0.74,$10.60,1.43,$2.79,5.43,$-0.43,0.0,$0.04B,$0.06B,0.62,$0.64B,$1.30B,0.5,$0.54B,$0.17B,31.18%,$0.54B,$0.05B,8.86%,$0.54B,$0.05B,8.86%,$0.54B,$0.16B,29.52%,$0.54B,$0.01B,1.85%,$0.54B,$-0.02B,-3.51%,$-0.02B,$1.30B,-1.54%,$-0.02B,$1.30B,-1.54%,$-0.02B,$2.02B,-0.92%,$0.05B,$1.94B,2.43%,$87,$59,$29,$0,$4,$85,$2,$-9,$-7,$-1,$-6,$-6,$-18,$30,$2,$54,54,$-0.09,$-0.09,$20,$0,$0,$39,$1947,$0,$0,$23,$1984,$2024,$63,$644,$17,$664,$727,$1,$-174,$0,$1296,$2024,$8,$111,$7,$118,$4,$0,$0,$5,$-14,$112,$-30,$0,$0,$0,$0,$0,$-2,$-32,$-318,$0,$-318,$272,$272,$-32,$-12,$-90,$-10,$0,$-5
36,2009-09-30,14.0,$20.58,0.68,$11.02,1.27,$3.01,4.65,$-0.44,0.0,$0.05B,$0.07B,0.73,$0.66B,$1.31B,0.51,$0.54B,$0.17B,31.28%,$0.54B,$0.05B,8.94%,$0.54B,$0.05B,8.94%,$0.54B,$0.16B,29.80%,$0.54B,$0.01B,1.30%,$0.54B,$-0.02B,-2.98%,$-0.02B,$1.31B,-1.36%,$-0.02B,$1.31B,-1.36%,$-0.02B,$2.06B,-0.76%,$0.05B,$1.97B,2.41%,$153,$104,$49,$0,$2,$133,$20,$-9,$11,$2,$9,$9,$3,$48,$20,$63,63,$0.05,$0.05,$23,$0,$0,$54,$1968,$0,$0,$27,$2010,$2064,$74,$661,$19,$682,$756,$1,$-162,$0,$1307,$2064,$13,$83,$6,$89,$-8,$0,$0,$1,$-19,$83,$-22,$0,$0,$0,$0,$0,$-1,$-23,$-302,$0,$-302,$272,$272,$-25,$-12,$-66,$-6,$0,$-5
37,2009-06-30,8.78,$20.53,0.43,$13.44,0.65,$2.50,3.51,$-0.19,0.0,$0.05B,$0.07B,0.67,$0.69B,$1.30B,0.53,$0.58B,$0.19B,32.59%,$0.58B,$0.06B,10.52%,$0.58B,$0.06B,10.52%,$0.58B,$0.17B,29.66%,$0.58B,$0.02B,2.76%,$0.58B,0,0.00%,$0.00B,$1.31B,0.00%,$0.00B,$1.31B,0.00%,$0.00B,$2.09B,0.00%,$0.06B,$1.99B,3.04%,$174,$109,$65,$0,$4,$142,$32,$-10,$22,$7,$15,$15,$8,$60,$32,$51,51,$0.16,$0.16,$15,$0,$0,$48,$1988,$0,$0,$34,$2039,$2087,$72,$687,$21,$710,$783,$1,$-165,$0,$1305,$2087,$3,$56,$7,$63,$-11,$0,$0,$-3,$-27,$38,$-16,$0,$0,$0,$0,$0,$0,$-16,$-276,$0,$-276,$272,$272,$-17,$-12,$-33,$-11,$0,$-4
38,2009-03-31,4.15,$25.23,0.16,$15.04,0.28,$1.95,2.13,$0.16,25.96,$0.04B,$0.08B,0.48,$0.97B,$1.04B,0.93,$0.61B,$0.20B,32.78%,$0.61B,$0.07B,12.03%,$0.61B,$0.07B,12.03%,$0.61B,$0.18B,30.15%,$0.61B,$0.03B,4.12%,$0.61B,$0.01B,2.14%,$0.01B,$1.04B,1.27%,$0.01B,$1.04B,1.27%,$0.01B,$2.11B,0.60%,$0.07B,$2.00B,3.65%,$128,$102,$26,$0,$4,$134,$-6,$-10,$-16,$-4,$-12,$-12,$-12,$22,$-6,$41,41,$-0.46,$-0.46,$14,$0,$0,$39,$2012,$0,$0,$31,$2067,$2106,$82,$966,$20,$989,$1071,$0,$-173,$0,$1035,$2106,$-12,$28,$-0,$27,$-3,$0,$0,$-1,$-8,$7,$-12,$0,$0,$0,$0,$0,$0,$-11,$4,$0,$4,$-0,$-0,$-10,$0,$-7,$-11,$0,$-3
39,2008-12-31,7.85,$25.67,0.31,$15.13,0.52,$1.36,5.75,$0.25,31.38,$0.05B,$0.09B,0.55,$0.96B,$1.05B,0.91,$0.61B,$0.20B,33.17%,$0.61B,$0.08B,12.97%,$0.61B,$0.08B,12.97%,$0.61B,$0.19B,30.54%,$0.61B,$0.03B,4.76%,$0.61B,$0.01B,1.64%,$0.01B,$1.05B,0.98%,$0.01B,$1.05B,0.98%,$0.01B,$2.13B,0.46%,$0.08B,$2.02B,3.96%,$82,$53,$28,$0,$4,$80,$2,$-12,$-10,$-2,$-8,$-8,$-15,$30,$2,$40,40,$-0.19,$-0.19,$28,$0,$0,$50,$2034,$0,$0,$28,$2081,$2131,$91,$963,$21,$987,$1077,$0,$-153,$0,$1054,$2131,$38,$108,$4,$112,$6,$0,$0,$1,$9,$159,$-89,$0,$-51,$0,$0,$0,$4,$-137,$87,$0,$87,$-1,$-15,$-105,$2,$-30,$-8,$0,$-76
40,2008-09-30,16.15,$24.62,0.66,$17.16,0.94,$2.24,7.21,$0.60,26.92,$0.10B,$0.10B,1.02,$1.01B,$1.01B,1.0,$0.69B,$0.23B,32.95%,$0.69B,$0.10B,14.80%,$0.69B,$0.10B,14.80%,$0.69B,$0.20B,29.61%,$0.69B,$0.05B,7.69%,$0.69B,$0.03B,4.50%,$0.03B,$1.01B,3.06%,$0.03B,$1.01B,3.06%,$0.03B,$2.22B,1.43%,$0.10B,$2.02B,5.18%,$196,$126,$70,$0,$5,$163,$33,$-12,$20,$1,$19,$19,$19,$60,$33,$40,40,$0.30,$0.30,$58,$0,$0,$101,$2045,$0,$0,$58,$2122,$2223,$99,$1009,$27,$1113,$1213,$0,$-135,$1145,$1010,$2223,$39,$80,$1,$80,$-14,$0,$0,$-23,$-26,$93,$-75,$0,$-51,$0,$0,$0,$3,$-123,$133,$0,$133,$-1,$-1,$-83,$2,$51,$21,$0,$-62
41,2008-06-30,17.03,$24.82,0.69,$16.86,1.01,$3.79,4.5,$0.80,21.29,$0.06B,$0.10B,0.63,$0.97B,$1.00B,0.96,$0.68B,$0.23B,33.43%,$0.68B,$0.11B,16.42%,$0.68B,$0.11B,16.42%,$0.68B,$0.21B,30.92%,$0.68B,$0.06B,9.32%,$0.68B,$0.03B,4.73%,$0.03B,$1.00B,3.13%,$0.03B,$1.00B,3.13%,$0.03B,$2.19B,1.49%,$0.11B,$1.97B,5.73%,$201,$126,$75,$0,$4,$157,$44,$-12,$31,$4,$28,$28,$21,$71,$44,$40,40,$0.51,$0.51,$18,$0,$0,$62,$2053,$0,$0,$55,$2128,$2190,$100,$966,$30,$1087,$1186,$0,$-126,$0,$1004,$2190,$20,$52,$0,$53,$-15,$0,$0,$-17,$-21,$51,$-56,$0,$-51,$0,$0,$0,$3,$-104,$90,$0,$90,$-1,$-1,$-55,$2,$36,$-17,$0,$-41
42,2008-03-31,19.15,$25.00,0.77,$16.44,1.16,$5.59,3.42,$0.77,24.87,$0.05B,$0.09B,0.58,$0.97B,$1.00B,0.97,$0.66B,$0.22B,33.33%,$0.66B,$0.11B,16.52%,$0.66B,$0.11B,16.52%,$0.66B,$0.20B,30.76%,$0.66B,$0.06B,9.39%,$0.66B,$0.03B,4.55%,$0.03B,$1.00B,2.90%,$0.03B,$1.00B,2.90%,$0.03B,$2.18B,1.41%,$0.11B,$1.97B,5.69%,$130,$101,$29,$0,$4,$130,$-0,$-11,$-12,$-4,$-8,$-8,$-15,$25,$-0,$40,40,$-0.37,$-0.37,$23,$0,$0,$52,$2058,$0,$0,$43,$2124,$2177,$90,$968,$25,$1083,$1174,$0,$-126,$0,$1003,$2177,$-9,$25,$-2,$23,$0,$0,$0,$-9,$-13,$1,$-29,$0,$-51,$0,$0,$0,$3,$-78,$92,$0,$92,$-1,$-1,$-28,$2,$65,$-12,$0,$-21
43,2007-12-31,20.9,$25.86,0.81,$16.50,1.27,$7.48,2.79,$1.53,13.66,$0.07B,$0.09B,0.75,$0.88B,$1.04B,0.84,$0.66B,$0.22B,33.69%,$0.66B,$0.11B,17.22%,$0.66B,$0.11B,17.22%,$0.66B,$0.21B,31.12%,$0.66B,$0.07B,10.42%,$0.66B,$0.06B,9.21%,$0.06B,$1.04B,5.83%,$0.06B,$1.04B,5.83%,$0.06B,$2.11B,2.91%,$0.11B,$1.91B,6.02%,$162,$109,$53,$0,$3,$138,$25,$-11,$14,$0,$13,$18,$6,$48,$25,$40,40,$0.16,$0.15,$38,$0,$0,$67,$1997,$0,$0,$29,$2044,$2111,$89,$876,$20,$984,$1073,$0,$-91,$0,$1038,$2111,$96,$93,$-25,$68,$-3,$0,$0,$1,$4,$168,$-63,$0,$0,$0,$0,$0,$3,$-61,$66,$0,$66,$-1,$-101,$-109,$-1,$-144,$-37,$0,$-77
44,2007-09-30,27.18,$26.23,1.04,$16.24,1.67,$7.16,3.8,$1.48,18.37,$0.05B,$0.10B,0.55,$0.85B,$1.05B,0.8,$0.65B,$0.22B,33.49%,$0.65B,$0.11B,17.05%,$0.65B,$0.11B,17.05%,$0.65B,$0.20B,31.18%,$0.65B,$0.07B,10.14%,$0.65B,$0.06B,9.06%,$0.06B,$1.05B,5.49%,$0.06B,$1.05B,5.49%,$0.06B,$2.10B,2.80%,$0.11B,$1.90B,5.83%,$183,$114,$69,$0,$3,$141,$42,$-12,$30,$3,$27,$26,$20,$65,$42,$40,40,$0.50,$0.50,$13,$0,$0,$52,$1977,$0,$0,$55,$2051,$2103,$95,$845,$23,$956,$1052,$0,$-77,$0,$1051,$2103,$78,$69,$-24,$46,$-13,$0,$0,$-23,$-27,$96,$-16,$0,$0,$0,$0,$0,$4,$-12,$36,$0,$36,$-1,$-101,$-81,$-1,$-147,$-63,$0,$-57
45,2007-06-30,27.7,$26.21,1.06,$15.87,1.75,$6.75,4.1,$1.41,19.64,$0.06B,$0.09B,0.6,$0.84B,$1.05B,0.79,$0.64B,$0.21B,33.02%,$0.64B,$0.11B,16.51%,$0.64B,$0.11B,16.51%,$0.64B,$0.20B,30.66%,$0.64B,$0.06B,9.43%,$0.64B,$0.06B,8.81%,$0.06B,$1.05B,5.21%,$0.06B,$1.05B,5.21%,$0.06B,$2.09B,2.68%,$0.11B,$1.89B,5.54%,$185,$116,$69,$0,$3,$143,$42,$-12,$30,$4,$27,$25,$19,$65,$42,$40,40,$0.48,$0.48,$16,$0,$0,$55,$1971,$0,$0,$44,$2036,$2091,$92,$835,$25,$948,$1040,$0,$-77,$0,$1051,$2091,$52,$46,$-27,$19,$-13,$0,$0,$-8,$-15,$56,$11,$0,$0,$0,$0,$0,$4,$16,$25,$0,$25,$-1,$-101,$-54,$-1,$-130,$-59,$0,$-36
46,2007-03-31,29.24,$26.14,1.12,$15.41,1.9,$5.73,5.11,$1.39,21.04,$0.05B,$0.09B,0.62,$0.84B,$1.05B,0.8,$0.62B,$0.20B,32.69%,$0.62B,$0.10B,16.34%,$0.62B,$0.10B,16.34%,$0.62B,$0.19B,30.42%,$0.62B,$0.06B,9.39%,$0.62B,$0.06B,8.90%,$0.06B,$1.05B,5.10%,$0.06B,$1.05B,5.10%,$0.06B,$2.08B,2.68%,$0.10B,$1.88B,5.40%,$132,$100,$32,$0,$4,$126,$5,$-11,$-5,$-3,$-2,$-3,$16,$28,$5,$40,40,$0.39,$0.39,$23,$0,$0,$53,$1960,$0,$0,$44,$2028,$2081,$85,$836,$21,$948,$1033,$0,$-76,$0,$1048,$2081,$27,$23,$-32,$-9,$-3,$0,$0,$-11,$-13,$5,$42,$0,$0,$0,$0,$0,$2,$44,$26,$0,$26,$-1,$-101,$-27,$-0,$-102,$-53,$0,$-17
47,2006-12-31,28.66,$28.55,1.0,$14.95,1.92,$4.39,6.52,$1.87,15.33,$0.11B,$0.09B,1.27,$0.81B,$1.15B,0.71,$0.60B,$0.20B,32.94%,$0.60B,$0.10B,17.14%,$0.60B,$0.10B,17.14%,$0.60B,$0.18B,30.92%,$0.60B,$0.06B,10.25%,$0.60B,$0.07B,12.10%,$0.07B,$1.15B,6.67%,$0.07B,$1.15B,6.67%,$0.07B,$2.15B,3.58%,$0.10B,$1.96B,5.51%,$151,$103,$48,$0,$3,$128,$22,$-11,$11,$-1,$12,$11,$4,$45,$22,$39,40,$0.10,$0.09,$81,$0,$0,$108,$1993,$0,$0,$30,$2043,$2151,$85,$810,$20,$921,$1006,$0,$-75,$0,$1145,$2151,$99,$81,$-31,$50,$-5,$0,$0,$-8,$7,$157,$-66,$0,$-525,$0,$0,$0,$44,$-547,$211,$0,$211,$142,$330,$-87,$-11,$443,$53,$0,$-60
