,Date,Stock Price,Book Value per Share,Price to Book Ratio,TTM Sales per Share,Price to Sales Ratio,TTM FCF per Share,Price to FCF Ratio,TTM Net EPS,PE Ratio,Current Assets,Current Liabilities,Current Ratio,Long Term Debt,Shareholder's Equity_x,Debt to Equity Ratio,TTM Revenue_x,TTM Gross Profit,Gross Margin,TTM Revenue_y,TTM Operating Income,Operating Margin,TTM Revenue_x,TTM EBIT,EBIT Margin,TTM Revenue_y,TTM EBITDA,EBITDA Margin,TTM Revenue_x,TTM Pre-Tax Income,Pre-Tax Margin,TTM Revenue_y,TTM Net Income_x,Net Margin,TTM Net Income_y,Shareholder's Equity_y,Return on Equity,TTM Net Income_x,Tangible Equity,Return on Tangible Equity,TTM Net Income_y,Total Assets,Return on Assets,TTM Net Income,LT Investments & Debt,Return on Investment,revenue,cost-goods-sold,gross-profit,research-development-expenses,selling-general-administrative-expenses,operating-expenses,operating-income,total-non-operating-income-expense,pre-tax-income,total-provision-income-taxes,income-after-taxes,income-from-continuous-operations,net-income,ebitda,ebit,basic-shares-outstanding,shares-outstanding,eps-basic-net-earnings-per-share,eps-earnings-per-share-diluted,cash-on-hand,inventory,other-current-assets,total-current-assets,net-property-plant-equipment,long-term-investments,goodwill-intangible-assets-total,other-long-term-assets,total-long-term-assets,total-assets,total-current-liabilities,long-term-debt,other-non-current-liabilities,total-long-term-liabilities,total-liabilities,common-stock-net,retained-earnings-accumulated-deficit,comprehensive-income,total-share-holder-equity,total-liabilities-share-holders-equity,net-income-loss,total-depreciation-amortization-cash-flow,other-non-cash-items,total-non-cash-items,change-in-accounts-receivable,change-in-inventories,change-in-accounts-payable,change-in-assets-liabilities,total-change-in-assets-liabilities,cash-flow-from-operating-activities,net-change-in-property-plant-equipment,net-change-in-intangible-assets,net-acquisitions-divestitures,net-change-in-short-term-investments,net-change-in-long-term-investments,net-change-in-investments-total,investing-activities-other,cash-flow-from-investing-activities,net-long-term-debt,net-current-debt,debt-issuance-retirement-net-total,net-common-equity-issued-repurchased,net-total-equity-issued-repurchased,total-common-preferred-stock-dividends-paid,financial-activities-other,cash-flow-from-financial-activities,net-cash-flow,stock-based-compensation,common-stock-dividends-paid
0,2018-09-30,218.4,$-2.16,-101.35,$94.58,2.31,$5.07,43.1,$7.92,27.58,$1.19B,$0.69B,1.72,$1.10B,$-0.09B,-12.71,$3.93B,$1.15B,29.17%,$3.93B,$0.50B,12.64%,$3.93B,$0.50B,12.64%,$3.93B,$0.56B,14.32%,$3.93B,$0.46B,11.67%,$3.93B,$0.33B,8.32%,$0.33B,$-0.09B,-408.75%,$0.33B,$-0.27B,-120.66%,$0.33B,$1.91B,16.37%,$0.50B,$1.02B,45.88%,$1030,$728,$302,$0,$149,$885,$145,$-11,$134,$26,$108,$108,$108,$162,$145,$40,41,$2.68,$2.65,$46,$502,$59,$1187,$374,$0,$187,$67,$724,$1911,$691,$1104,$130,$1307,$1998,$1,$1805,$-176,$-87,$1911,$283,$49,$29,$79,$-114,$-74,$47,$-9,$-115,$231,$-61,$0,$116,$0,$0,$0,$4,$59,$122,$-2,$120,$-369,$-369,$-68,$0,$-317,$-22,$21,$-68
1,2018-06-30,200.15,$-4.48,-44.71,$94.08,2.13,$2.50,80.1,$7.71,25.96,$1.39B,$0.74B,1.86,$1.32B,$-0.18B,-7.32,$3.95B,$1.16B,29.31%,$3.95B,$0.51B,12.82%,$3.95B,$0.51B,12.82%,$3.95B,$0.57B,14.47%,$3.95B,$0.47B,11.94%,$3.95B,$0.32B,8.17%,$0.32B,$-0.18B,-646.00%,$0.32B,$-0.37B,-132.11%,$0.32B,$2.10B,15.89%,$0.51B,$1.14B,49.18%,$1175,$814,$362,$0,$161,$980,$195,$-11,$185,$45,$139,$139,$138,$211,$195,$41,41,$3.38,$3.35,$39,$540,$65,$1386,$371,$0,$187,$67,$714,$2099,$744,$1319,$128,$1536,$2280,$1,$1723,$-181,$-180,$2099,$176,$33,$28,$61,$-272,$-116,$109,$-2,$-262,$-35,$-43,$0,$112,$0,$0,$0,$0,$69,$345,$3,$348,$-368,$-368,$-42,$0,$-62,$-29,$14,$-42
2,2018-03-31,203.7,$-2.48,-82.03,$91.17,2.23,$2.27,89.7,$7.05,28.89,$1.35B,$0.71B,1.89,$1.26B,$-0.10B,-12.26,$3.88B,$1.14B,29.32%,$3.88B,$0.49B,12.55%,$3.88B,$0.49B,12.55%,$3.88B,$0.55B,14.25%,$3.88B,$0.45B,11.70%,$3.88B,$0.30B,7.76%,$0.30B,$-0.10B,-13377.78%,$0.30B,$-0.29B,-150.69%,$0.30B,$2.09B,14.72%,$0.49B,$1.16B,49.72%,$835,$612,$223,$0,$155,$782,$53,$-9,$44,$6,$38,$38,$38,$70,$53,$42,42,$0.91,$0.90,$57,$562,$200,$1347,$390,$0,$190,$65,$739,$2086,$713,$1258,$129,$1476,$2189,$1,$1610,$-181,$-103,$2086,$38,$17,$13,$30,$-45,$-124,$78,$-3,$-151,$-84,$-23,$0,$0,$0,$0,$0,$0,$-23,$285,$-0,$285,$-167,$-167,$-21,$0,$96,$-11,$5,$-21
3,2017-12-31,207.06,$1.20,172.79,$89.58,2.31,$1.75,118.49,$7.15,28.96,$1.14B,$0.66B,1.74,$0.97B,$0.05B,19.37,$3.84B,$1.13B,29.33%,$3.84B,$0.50B,12.89%,$3.84B,$0.50B,12.89%,$3.84B,$0.56B,14.59%,$3.84B,$0.46B,12.06%,$3.84B,$0.31B,8.00%,$0.31B,$0.05B,1320.43%,$0.31B,$-0.15B,-174.18%,$0.31B,$1.89B,15.26%,$0.50B,$1.02B,57.31%,$892,$632,$260,$0,$158,$788,$104,$-7,$96,$53,$43,$43,$43,$120,$104,$42,43,$1.03,$1.01,$68,$484,$78,$1137,$398,$0,$201,$62,$754,$1892,$655,$971,$129,$1187,$1841,$1,$1576,$-157,$50,$1892,$306,$65,$69,$134,$-28,$-56,$-19,$-6,$-116,$325,$-98,$0,$0,$0,$0,$0,$0,$-98,$136,$-2,$135,$-273,$-273,$-80,$-0,$-218,$18,$25,$-80
4,2017-09-30,177.51,$0.78,228.13,$89.14,1.99,$3.03,58.58,$7.06,25.14,$1.27B,$1.02B,1.24,$0.78B,$0.03B,23.87,$3.84B,$1.13B,29.50%,$3.84B,$0.46B,11.94%,$3.84B,$0.46B,11.94%,$3.84B,$0.52B,13.61%,$3.84B,$0.43B,11.13%,$3.84B,$0.31B,7.93%,$0.31B,$0.03B,1506.17%,$0.31B,$-0.17B,-171.35%,$0.31B,$2.06B,15.42%,$0.46B,$0.81B,59.46%,$1052,$739,$314,$0,$159,$898,$155,$-8,$147,$43,$104,$104,$104,$171,$155,$42,42,$2.47,$2.44,$61,$531,$81,$1271,$375,$0,$201,$67,$785,$2056,$1024,$776,$132,$1000,$2023,$1,$1554,$-157,$33,$2056,$263,$48,$14,$63,$-118,$-103,$31,$-7,$-200,$129,$-60,$0,$0,$0,$0,$0,$0,$-60,$256,$-1,$255,$-264,$-264,$-58,$0,$-67,$11,$19,$-58
5,2017-06-30,181.61,$0.25,722.69,$87.43,2.08,$2.95,61.47,$6.95,26.13,$1.37B,$0.99B,1.38,$0.92B,$0.01B,87.04,$3.80B,$1.13B,29.72%,$3.80B,$0.46B,12.13%,$3.80B,$0.46B,12.13%,$3.80B,$0.52B,13.78%,$3.80B,$0.43B,11.34%,$3.80B,$0.30B,7.97%,$0.30B,$0.01B,1683.33%,$0.30B,$-0.19B,-168.80%,$0.30B,$2.15B,15.57%,$0.46B,$0.93B,65.46%,$1102,$761,$341,$0,$169,$927,$175,$-8,$167,$51,$116,$116,$116,$192,$175,$42,43,$2.73,$2.69,$61,$539,$77,$1367,$372,$0,$199,$67,$779,$2146,$990,$923,$132,$1146,$2135,$1,$1472,$-167,$11,$2146,$159,$32,$1,$33,$-214,$-114,$81,$-6,$-246,$-48,$-43,$0,$0,$0,$0,$0,$0,$-43,$321,$-1,$320,$-188,$-188,$-37,$0,$95,$11,$13,$-37
6,2017-03-31,165.0,$-0.02,-7051.15,$84.85,1.94,$3.57,46.24,$6.77,24.37,$1.19B,$1.04B,1.14,$0.69B,$-0.00B,-693.97,$3.72B,$1.10B,29.69%,$3.72B,$0.45B,12.02%,$3.72B,$0.45B,12.02%,$3.72B,$0.51B,13.63%,$3.72B,$0.42B,11.24%,$3.72B,$0.30B,8.01%,$0.30B,$-0.00B,1295.65%,$0.30B,$-0.20B,-171.02%,$0.30B,$1.95B,15.56%,$0.45B,$0.69B,70.56%,$793,$583,$211,$0,$152,$733,$61,$-7,$53,$10,$44,$44,$44,$77,$61,$43,44,$1.02,$1.00,$49,$523,$101,$1186,$366,$0,$198,$67,$764,$1951,$1038,$694,$130,$914,$1952,$1,$1378,$-177,$-1,$1951,$44,$16,$-0,$16,$-41,$-101,$47,$-2,$-167,$-108,$-25,$0,$0,$0,$0,$0,$0,$-25,$235,$-1,$235,$-88,$-88,$-19,$0,$128,$-1,$5,$-19
7,2016-12-31,150.68,$0.88,170.41,$82.61,1.82,$3.81,39.59,$6.33,23.8,$1.01B,$0.89B,1.13,$0.62B,$0.04B,16.2,$3.64B,$1.08B,29.58%,$3.64B,$0.43B,11.81%,$3.64B,$0.43B,11.81%,$3.64B,$0.49B,13.40%,$3.64B,$0.40B,11.07%,$3.64B,$0.28B,7.66%,$0.28B,$0.04B,5580.00%,$0.28B,$-0.16B,-145.31%,$0.28B,$1.76B,14.74%,$0.43B,$0.65B,64.86%,$897,$630,$268,$0,$165,$829,$68,$-7,$61,$20,$41,$41,$41,$83,$68,$43,44,$0.93,$0.92,$50,$419,$67,$1006,$361,$0,$195,$61,$754,$1760,$889,$616,$128,$834,$1722,$1,$1353,$-195,$38,$1760,$278,$58,$9,$67,$-51,$0,$40,$2,$28,$374,$-84,$0,$0,$0,$0,$0,$0,$-84,$132,$-2,$129,$-331,$-331,$-69,$-4,$-275,$11,$32,$-69
8,2016-09-30,154.05,$0.56,274.01,$80.51,1.91,$3.44,44.73,$5.65,27.26,$1.17B,$1.19B,0.98,$0.51B,$0.02B,21.18,$3.58B,$1.04B,28.98%,$3.58B,$0.38B,10.68%,$3.58B,$0.38B,10.68%,$3.58B,$0.44B,12.35%,$3.58B,$0.36B,9.98%,$3.58B,$0.25B,6.96%,$0.25B,$0.02B,1185.71%,$0.25B,$-0.17B,-141.28%,$0.25B,$1.93B,13.30%,$0.38B,$0.54B,58.63%,$1010,$700,$310,$0,$157,$853,$157,$-7,$150,$48,$102,$102,$102,$172,$157,$43,44,$2.35,$2.33,$48,$474,$74,$1167,$346,$0,$199,$68,$760,$1927,$1188,$513,$127,$714,$1902,$1,$1331,$-187,$24,$1927,$237,$43,$-37,$7,$-146,$-50,$56,$-4,$-118,$127,$-59,$0,$0,$0,$0,$0,$0,$-59,$316,$-2,$314,$-324,$-324,$-51,$-1,$-62,$9,$25,$-51
9,2016-06-30,139.51,$0.72,193.98,$78.35,1.78,$3.21,43.43,$5.08,27.46,$1.27B,$1.12B,1.13,$0.62B,$0.03B,19.71,$3.52B,$1.00B,28.38%,$3.52B,$0.35B,9.99%,$3.52B,$0.35B,9.99%,$3.52B,$0.41B,11.72%,$3.52B,$0.33B,9.34%,$3.52B,$0.23B,6.44%,$0.23B,$0.03B,574.68%,$0.23B,$-0.17B,-143.44%,$0.23B,$2.02B,12.20%,$0.35B,$0.65B,49.66%,$1019,$704,$315,$0,$159,$859,$161,$-7,$154,$43,$111,$111,$111,$175,$161,$44,44,$2.54,$2.51,$55,$506,$66,$1270,$345,$0,$199,$65,$754,$2024,$1123,$619,$126,$870,$1993,$1,$1248,$-187,$31,$2024,$136,$29,$6,$35,$-216,$-81,$83,$-7,$-199,$-25,$-42,$0,$0,$0,$0,$0,$0,$-42,$332,$1,$333,$-220,$-220,$-32,$0,$81,$16,$15,$-32
10,2016-03-31,131.85,$-1.68,-78.43,$77.00,1.71,$2.86,46.08,$4.35,30.31,$1.12B,$0.80B,1.4,$0.89B,$-0.07B,-12.07,$3.50B,$0.97B,27.68%,$3.50B,$0.32B,9.21%,$3.50B,$0.32B,9.21%,$3.50B,$0.38B,10.98%,$3.50B,$0.30B,8.58%,$3.50B,$0.20B,5.63%,$0.20B,$-0.07B,430.60%,$0.20B,$-0.27B,-128.34%,$0.20B,$1.86B,10.58%,$0.32B,$0.81B,42.16%,$715,$532,$184,$0,$140,$672,$44,$-6,$38,$13,$25,$25,$25,$58,$44,$44,45,$0.57,$0.56,$41,$518,$93,$1122,$339,$0,$197,$63,$739,$1861,$803,$885,$121,$1131,$1934,$1,$1156,$-191,$-73,$1861,$25,$14,$2,$16,$-45,$-96,$68,$-6,$-144,$-102,$-24,$0,$0,$0,$0,$0,$0,$-24,$358,$-0,$358,$-216,$-216,$-16,$0,$126,$2,$6,$-16
11,2015-12-31,121.49,$2.27,53.43,$76.07,1.6,$2.59,46.99,$4.10,29.63,$0.94B,$0.82B,1.14,$0.51B,$0.10B,4.98,$3.47B,$0.95B,27.31%,$3.47B,$0.31B,8.79%,$3.47B,$0.31B,8.79%,$3.47B,$0.37B,10.64%,$3.47B,$0.28B,8.16%,$3.47B,$0.19B,5.36%,$0.19B,$0.10B,310.00%,$0.19B,$-0.09B,-131.68%,$0.19B,$1.68B,9.97%,$0.31B,$0.61B,39.39%,$834,$607,$228,$0,$150,$814,$21,$-6,$15,$4,$11,$11,$11,$37,$21,$45,46,$0.27,$0.24,$39,$419,$58,$938,$340,$0,$195,$59,$739,$1677,$824,$506,$121,$752,$1576,$1,$1147,$-205,$102,$1677,$187,$63,$63,$126,$-24,$29,$-3,$0,$40,$354,$-70,$0,$0,$0,$0,$0,$0,$-70,$-181,$-2,$-182,$-30,$-30,$-59,$0,$-271,$1,$27,$-59
12,2015-09-30,109.93,$2.16,50.79,$74.51,1.48,$-1.63,0.0,$4.81,22.85,$1.15B,$0.85B,1.35,$0.67B,$0.10B,6.85,$3.45B,$0.94B,27.39%,$3.45B,$0.36B,10.44%,$3.45B,$0.36B,10.44%,$3.45B,$0.42B,12.27%,$3.45B,$0.34B,9.78%,$3.45B,$0.22B,6.38%,$0.22B,$0.10B,598.64%,$0.22B,$-0.10B,-131.15%,$0.22B,$1.88B,11.65%,$0.36B,$0.77B,45.38%,$955,$682,$273,$0,$144,$828,$127,$-5,$122,$42,$80,$80,$80,$143,$127,$45,46,$1.78,$1.76,$35,$488,$59,$1152,$345,$0,$200,$87,$730,$1882,$853,$668,$126,$931,$1784,$1,$1152,$-210,$98,$1882,$175,$47,$21,$68,$-136,$-41,$23,$3,$-137,$107,$-47,$0,$0,$0,$0,$0,$0,$-47,$-8,$1,$-7,$-22,$-22,$-43,$19,$-53,$-2,$19,$-43
13,2015-06-30,104.12,$1.25,83.26,$71.90,1.45,$-3.68,0.0,$4.43,23.5,$1.29B,$0.90B,1.43,$0.81B,$0.06B,14.44,$3.39B,$0.92B,27.08%,$3.39B,$0.34B,10.03%,$3.39B,$0.34B,10.03%,$3.39B,$0.40B,11.86%,$3.39B,$0.32B,9.38%,$3.39B,$0.21B,6.11%,$0.21B,$0.06B,150.27%,$0.21B,$-0.15B,-294.66%,$0.21B,$2.03B,10.97%,$0.34B,$0.87B,41.54%,$993,$709,$283,$0,$153,$862,$131,$-6,$125,$43,$82,$82,$81,$146,$131,$45,46,$1.80,$1.78,$48,$541,$58,$1287,$352,$0,$205,$88,$740,$2026,$899,$813,$122,$1071,$1970,$1,$1087,$-179,$56,$2026,$95,$31,$8,$38,$-199,$-85,$87,$-0,$-192,$-52,$-33,$0,$0,$0,$0,$0,$0,$-33,$131,$0,$131,$-21,$-21,$-27,$17,$101,$10,$11,$-27
14,2015-03-31,107.63,$-0.36,-298.9,$69.50,1.55,$-4.12,0.0,$4.14,26.0,$1.14B,$0.77B,1.48,$0.87B,$-0.02B,-53.64,$3.36B,$0.90B,26.74%,$3.36B,$0.33B,9.77%,$3.36B,$0.33B,9.77%,$3.36B,$0.39B,11.61%,$3.36B,$0.31B,9.17%,$3.36B,$0.20B,5.96%,$0.20B,$-0.02B,78.97%,$0.20B,$-0.22B,484.85%,$0.20B,$1.88B,10.68%,$0.33B,$0.85B,39.26%,$686,$523,$163,$0,$133,$659,$27,$-6,$21,$7,$14,$14,$14,$43,$27,$45,46,$0.31,$0.31,$37,$533,$88,$1140,$356,$0,$205,$87,$739,$1880,$771,$869,$121,$1125,$1896,$1,$1023,$-179,$-16,$1880,$14,$16,$0,$16,$-40,$-79,$30,$6,$-152,$-122,$-18,$0,$0,$0,$0,$0,$0,$-18,$162,$-0,$161,$-20,$-20,$-13,$16,$144,$-1,$4,$-13
15,2014-12-31,91.37,$0.20,453.22,$68.37,1.34,$-3.89,0.0,$4.23,21.6,$0.98B,$0.83B,1.19,$0.68B,$0.01B,75.0,$3.37B,$0.90B,26.82%,$3.37B,$0.34B,9.95%,$3.37B,$0.34B,9.95%,$3.37B,$0.40B,11.76%,$3.37B,$0.32B,9.44%,$3.37B,$0.21B,6.12%,$0.21B,$0.01B,54.17%,$0.21B,$-0.20B,125.04%,$0.21B,$1.76B,11.14%,$0.34B,$0.68B,39.70%,$813,$587,$226,$0,$148,$738,$75,$-6,$69,$23,$46,$46,$45,$91,$75,$48,49,$0.98,$0.96,$38,$463,$59,$982,$359,$0,$209,$85,$783,$1764,$827,$675,$119,$928,$1755,$1,$1022,$-154,$9,$1764,$206,$61,$20,$81,$-33,$-97,$46,$-9,$-102,$185,$-87,$0,$0,$0,$0,$0,$0,$-87,$523,$2,$524,$-571,$-571,$-53,$10,$-90,$-1,$23,$-53
16,2014-09-30,73.65,$10.44,7.05,$66.45,1.11,$-3.24,0.0,$3.97,18.55,$1.14B,$0.83B,1.38,$0.37B,$0.50B,0.73,$3.30B,$0.89B,26.82%,$3.30B,$0.32B,9.53%,$3.30B,$0.32B,9.53%,$3.30B,$0.38B,11.38%,$3.30B,$0.30B,9.08%,$3.30B,$0.20B,5.93%,$0.20B,$0.50B,39.24%,$0.20B,$0.29B,69.50%,$0.20B,$1.88B,10.80%,$0.32B,$0.87B,36.95%,$898,$651,$247,$0,$141,$792,$107,$-4,$103,$35,$68,$68,$67,$122,$107,$48,49,$1.40,$1.38,$48,$502,$62,$1137,$351,$0,$214,$89,$740,$1877,$825,$366,$121,$550,$1375,$1,$991,$-77,$502,$1877,$161,$45,$16,$61,$-104,$-128,$51,$-15,$-199,$24,$-60,$0,$0,$0,$0,$0,$0,$-60,$190,$3,$194,$-111,$-111,$-38,$5,$50,$10,$17,$-38
17,2014-06-30,85.48,$10.63,8.04,$65.31,1.31,$-2.03,0.0,$3.86,22.15,$1.22B,$0.85B,1.44,$0.42B,$0.52B,0.81,$3.27B,$0.88B,26.76%,$3.27B,$0.31B,9.53%,$3.27B,$0.31B,9.53%,$3.27B,$0.37B,11.36%,$3.27B,$0.30B,9.07%,$3.27B,$0.19B,5.89%,$0.19B,$0.52B,39.03%,$0.19B,$0.30B,69.99%,$0.19B,$1.97B,10.81%,$0.31B,$0.94B,37.92%,$961,$698,$263,$0,$149,$842,$119,$-4,$115,$41,$75,$75,$74,$134,$119,$49,50,$1.51,$1.49,$50,$515,$58,$1223,$351,$0,$220,$91,$747,$1970,$847,$420,$121,$605,$1452,$1,$938,$-51,$518,$1970,$94,$30,$6,$36,$-168,$-133,$114,$-4,$-194,$-73,$-41,$0,$0,$0,$0,$0,$0,$-41,$205,$-1,$205,$-60,$-60,$-24,$4,$125,$12,$11,$-24
18,2014-03-31,86.47,$10.00,8.64,$63.88,1.35,$-1.91,0.0,$3.63,23.82,$1.06B,$0.72B,1.47,$0.39B,$0.49B,0.8,$3.23B,$0.87B,26.88%,$3.23B,$0.30B,9.14%,$3.23B,$0.30B,9.14%,$3.23B,$0.36B,11.00%,$3.23B,$0.28B,8.71%,$3.23B,$0.18B,5.67%,$0.18B,$0.49B,38.38%,$0.18B,$0.27B,70.72%,$0.18B,$1.79B,10.43%,$0.30B,$0.89B,36.75%,$695,$527,$168,$0,$136,$662,$34,$-3,$31,$11,$20,$20,$20,$49,$34,$49,50,$0.41,$0.40,$39,$490,$60,$1058,$341,$0,$219,$88,$730,$1788,$720,$394,$118,$576,$1296,$1,$879,$-61,$492,$1788,$20,$15,$1,$16,$-34,$-123,$60,$-14,$-174,$-125,$-17,$0,$0,$0,$0,$0,$0,$-17,$160,$3,$162,$-10,$-10,$-12,$4,$144,$1,$4,$-12
19,2013-12-31,80.69,$9.89,8.16,$63.05,1.28,$-1.99,0.0,$3.39,23.8,$0.90B,$0.71B,1.26,$0.23B,$0.49B,0.48,$3.20B,$0.86B,26.91%,$3.20B,$0.29B,9.03%,$3.20B,$0.29B,9.03%,$3.20B,$0.35B,10.88%,$3.20B,$0.27B,8.57%,$3.20B,$0.17B,5.35%,$0.17B,$0.49B,36.64%,$0.17B,$0.27B,69.02%,$0.17B,$1.63B,9.85%,$0.29B,$0.72B,35.38%,$750,$542,$208,$0,$146,$695,$55,$-4,$51,$17,$34,$34,$35,$71,$55,$50,51,$0.72,$0.70,$38,$379,$53,$902,$336,$0,$217,$84,$724,$1627,$714,$233,$119,$427,$1141,$1,$871,$-61,$486,$1627,$172,$59,$29,$88,$-49,$-20,$-11,$-12,$-54,$210,$-76,$0,$9,$0,$0,$0,$0,$-67,$11,$2,$13,$-135,$-135,$-34,$6,$-150,$-14,$29,$-34
20,2013-09-30,70.96,$9.73,7.3,$61.56,1.15,$-1.31,0.0,$3.12,22.74,$1.04B,$0.80B,1.3,$0.27B,$0.48B,0.55,$3.13B,$0.82B,26.20%,$3.13B,$0.27B,8.71%,$3.13B,$0.27B,8.71%,$3.13B,$0.33B,10.56%,$3.13B,$0.26B,8.26%,$3.13B,$0.16B,5.04%,$0.16B,$0.48B,33.63%,$0.16B,$0.26B,63.39%,$0.16B,$1.76B,9.01%,$0.27B,$0.75B,32.15%,$868,$631,$237,$0,$137,$764,$104,$-4,$100,$34,$66,$66,$64,$118,$104,$50,51,$1.29,$1.27,$38,$430,$51,$1037,$315,$0,$219,$73,$718,$1756,$796,$266,$70,$478,$1274,$1,$847,$-94,$482,$1756,$137,$43,$17,$60,$-125,$-76,$29,$-7,$-146,$65,$-41,$0,$8,$0,$0,$0,$-0,$-33,$44,$4,$48,$-72,$-72,$-22,$5,$-42,$-14,$21,$-22
21,2013-06-30,60.86,$8.96,6.79,$60.15,1.01,$-1.08,0.0,$2.42,25.15,$1.13B,$0.78B,1.45,$0.41B,$0.45B,0.92,$3.08B,$0.79B,25.65%,$3.08B,$0.25B,8.13%,$3.08B,$0.25B,8.13%,$3.08B,$0.31B,10.01%,$3.08B,$0.24B,7.67%,$3.08B,$0.12B,4.00%,$0.12B,$0.45B,25.81%,$0.12B,$0.23B,48.24%,$0.12B,$1.85B,6.98%,$0.25B,$0.86B,27.72%,$913,$659,$254,$0,$151,$811,$102,$-3,$99,$35,$64,$64,$64,$117,$102,$50,51,$1.28,$1.26,$45,$469,$41,$1130,$309,$0,$218,$80,$720,$1850,$780,$411,$70,$623,$1402,$1,$795,$-103,$447,$1850,$72,$29,$8,$37,$-177,$-118,$80,$2,$-211,$-88,$-23,$0,$5,$0,$0,$0,$-0,$-19,$150,$2,$151,$-38,$-38,$-10,$3,$107,$-7,$15,$-10
22,2013-03-31,59.64,$8.97,6.65,$58.50,1.02,$0.59,100.49,$2.03,29.38,$1.00B,$0.56B,1.79,$0.49B,$0.45B,1.08,$3.00B,$0.74B,24.74%,$3.00B,$0.23B,7.59%,$3.00B,$0.23B,7.59%,$3.00B,$0.28B,9.46%,$3.00B,$0.21B,7.06%,$3.00B,$0.10B,3.46%,$0.10B,$0.45B,21.31%,$0.10B,$0.23B,42.45%,$0.10B,$1.71B,5.87%,$0.23B,$0.94B,24.27%,$668,$506,$162,$0,$136,$641,$28,$-4,$24,$9,$16,$16,$8,$42,$28,$50,51,$0.16,$0.16,$35,$464,$68,$1004,$295,$0,$223,$82,$710,$1714,$562,$490,$68,$700,$1262,$1,$742,$-72,$452,$1714,$8,$14,$-1,$13,$-36,$-101,$19,$3,$-168,$-137,$-12,$0,$5,$0,$0,$0,$-0,$-7,$129,$1,$130,$-4,$-4,$0,$2,$129,$-17,$8,$0
23,2012-12-31,49.18,$9.92,4.96,$57.47,0.86,$2.72,18.07,$1.75,28.1,$0.99B,$0.60B,1.65,$0.35B,$0.50B,0.7,$2.95B,$0.72B,24.48%,$2.95B,$0.22B,7.43%,$2.95B,$0.22B,7.43%,$2.95B,$0.28B,9.33%,$2.95B,$0.20B,6.85%,$2.95B,$0.09B,3.05%,$0.09B,$0.50B,18.20%,$0.09B,$0.28B,39.22%,$0.09B,$1.69B,5.03%,$0.22B,$0.85B,23.03%,$685,$517,$168,$0,$127,$645,$40,$-4,$36,$9,$27,$27,$22,$54,$40,$51,51,$0.43,$0.43,$52,$375,$61,$987,$298,$0,$224,$80,$705,$1692,$600,$351,$102,$594,$1194,$1,$744,$-22,$498,$1692,$90,$55,$29,$84,$13,$-56,$37,$-4,$45,$221,$-50,$0,$10,$0,$0,$0,$-0,$-40,$-79,$0,$-79,$-57,$-57,$-48,$4,$-180,$7,$15,$-48
24,2012-09-30,44.92,$10.13,4.43,$52.68,0.85,$0.04,1020.92,$1.64,27.39,$1.11B,$0.64B,1.74,$0.45B,$0.51B,0.88,$2.72B,$0.63B,23.13%,$2.72B,$0.24B,8.64%,$2.72B,$0.24B,8.64%,$2.72B,$0.29B,10.66%,$2.72B,$0.22B,7.94%,$2.72B,$0.09B,3.13%,$0.09B,$0.51B,17.45%,$0.09B,$0.29B,38.29%,$0.09B,$1.79B,4.74%,$0.24B,$0.96B,24.21%,$810,$605,$205,$0,$126,$729,$81,$-4,$77,$27,$50,$50,$29,$95,$81,$51,51,$0.58,$0.57,$49,$398,$73,$1112,$289,$0,$224,$82,$682,$1794,$638,$450,$63,$646,$1284,$1,$733,$-10,$509,$1794,$68,$41,$38,$79,$-62,$-81,$21,$-9,$-86,$64,$-28,$0,$10,$0,$0,$0,$-0,$-18,$14,$1,$15,$-38,$-38,$-28,$2,$-49,$4,$11,$-28
25,2012-06-30,43.31,$9.65,4.49,$52.07,0.83,$-1.19,0.0,$1.71,25.33,$1.11B,$0.68B,1.64,$0.51B,$0.49B,1.04,$2.71B,$0.61B,22.54%,$2.71B,$0.21B,7.78%,$2.71B,$0.21B,7.78%,$2.71B,$0.27B,9.77%,$2.71B,$0.19B,7.08%,$2.71B,$0.09B,3.32%,$0.09B,$0.49B,18.58%,$0.09B,$0.19B,45.34%,$0.09B,$1.89B,4.99%,$0.21B,$1.01B,21.55%,$840,$632,$208,$0,$131,$761,$80,$-4,$75,$26,$50,$50,$45,$93,$80,$51,52,$0.88,$0.87,$69,$427,$72,$1113,$293,$0,$302,$84,$776,$1888,$679,$514,$65,$717,$1396,$1,$713,$-40,$493,$1888,$39,$27,$28,$55,$-120,$-113,$100,$2,$-109,$-11,$-16,$0,$7,$0,$0,$0,$-0,$-10,$54,$10,$64,$-2,$-2,$-18,$1,$44,$24,$8,$-18
26,2012-03-31,37.27,$9.38,3.98,$52.62,0.71,$-3.61,0.0,$1.67,22.32,$1.00B,$0.60B,1.67,$0.51B,$0.48B,1.07,$2.79B,$0.65B,23.23%,$2.79B,$0.21B,7.36%,$2.79B,$0.21B,7.36%,$2.79B,$0.26B,9.37%,$2.79B,$0.19B,6.71%,$2.79B,$0.09B,3.23%,$0.09B,$0.48B,17.60%,$0.09B,$0.17B,40.96%,$0.09B,$1.79B,4.90%,$0.21B,$0.99B,20.09%,$614,$474,$141,$0,$123,$596,$19,$-5,$14,$5,$9,$9,$-6,$33,$19,$51,51,$-0.12,$-0.12,$55,$402,$82,$998,$299,$0,$311,$83,$792,$1790,$596,$512,$64,$716,$1312,$1,$678,$-15,$478,$1790,$-6,$14,$13,$27,$4,$-75,$34,$5,$-56,$-34,$-7,$0,$0,$0,$0,$0,$-0,$-7,$52,$7,$58,$-2,$-2,$-9,$1,$48,$10,$4,$-9
27,2011-12-31,31.07,$9.20,3.38,$53.04,0.59,$-5.71,0.0,$1.66,18.72,$1.01B,$0.58B,1.76,$0.46B,$0.47B,0.98,$2.84B,$0.67B,23.59%,$2.84B,$0.19B,6.51%,$2.84B,$0.19B,6.51%,$2.84B,$0.24B,8.49%,$2.84B,$0.17B,5.92%,$2.84B,$0.09B,3.13%,$0.09B,$0.47B,16.68%,$0.09B,$0.25B,37.20%,$0.09B,$1.71B,4.77%,$0.19B,$0.93B,17.84%,$456,$381,$75,$0,$17,$401,$55,$-5,$50,$16,$34,$34,$17,$69,$55,$53,53,$0.31,$0.31,$45,$318,$69,$1013,$301,$0,$223,$78,$693,$1706,$577,$460,$58,$661,$1238,$1,$693,$-37,$468,$1706,$88,$57,$19,$76,$-3,$-30,$-4,$-1,$-90,$76,$-41,$0,$-147,$0,$0,$0,$11,$-178,$142,$4,$146,$-121,$-121,$-37,$-1,$-12,$-115,$14,$-37
28,2011-09-30,23.6,$9.67,2.44,$48.99,0.48,$-3.81,0.0,$1.85,12.76,$1.03B,$0.67B,1.53,$0.50B,$0.50B,0.99,$2.64B,$0.62B,23.68%,$2.64B,$0.19B,7.13%,$2.64B,$0.19B,7.13%,$2.64B,$0.24B,9.07%,$2.64B,$0.17B,6.53%,$2.64B,$0.10B,3.80%,$0.10B,$0.50B,17.73%,$0.10B,$0.19B,38.83%,$0.10B,$1.83B,5.37%,$0.19B,$0.99B,18.22%,$801,$615,$187,$0,$122,$745,$57,$-4,$53,$18,$35,$35,$34,$70,$57,$52,53,$0.65,$0.64,$58,$394,$48,$1029,$333,$0,$307,$81,$806,$1834,$673,$496,$63,$663,$1336,$1,$685,$-29,$499,$1834,$72,$42,$6,$49,$-67,$-83,$62,$-5,$-119,$-2,$-26,$0,$-147,$0,$0,$0,$11,$-162,$178,$3,$180,$-89,$-89,$-27,$2,$65,$-102,$13,$-27
29,2011-06-30,39.18,$11.31,3.46,$48.69,0.8,$-3.03,0.0,$1.97,19.89,$1.17B,$0.68B,1.72,$0.57B,$0.60B,0.95,$2.65B,$0.67B,25.26%,$2.65B,$0.20B,7.47%,$2.65B,$0.20B,7.47%,$2.65B,$0.25B,9.39%,$2.65B,$0.18B,6.86%,$2.65B,$0.11B,4.07%,$0.11B,$0.60B,18.67%,$0.11B,$0.28B,38.33%,$0.11B,$2.02B,5.91%,$0.20B,$1.17B,19.54%,$914,$670,$244,$0,$170,$840,$74,$-4,$70,$24,$46,$46,$45,$89,$74,$53,54,$0.85,$0.83,$77,$460,$59,$1165,$347,$0,$326,$93,$854,$2019,$679,$571,$64,$740,$1418,$1,$661,$47,$601,$2019,$38,$29,$2,$31,$-97,$-137,$79,$-4,$-210,$-142,$-17,$0,$-147,$0,$0,$0,$11,$-153,$254,$5,$259,$-35,$-35,$-18,$2,$207,$-84,$9,$-18
30,2011-03-31,47.64,$10.62,4.48,$47.35,1.01,$-0.90,0.0,$2.00,23.82,$1.05B,$0.68B,1.55,$0.49B,$0.57B,0.86,$2.61B,$0.69B,26.48%,$2.61B,$0.20B,7.78%,$2.61B,$0.20B,7.78%,$2.61B,$0.25B,9.69%,$2.61B,$0.19B,7.20%,$2.61B,$0.11B,4.25%,$0.11B,$0.57B,19.86%,$0.11B,$0.25B,39.61%,$0.11B,$1.90B,6.38%,$0.20B,$1.06B,21.64%,$669,$505,$164,$0,$167,$671,$-1,$-4,$-5,$-2,$-4,$-4,$-7,$13,$-1,$54,54,$-0.13,$-0.13,$66,$453,$82,$1047,$348,$0,$321,$95,$853,$1900,$677,$489,$64,$657,$1334,$1,$625,$41,$566,$1900,$-7,$14,$-1,$14,$17,$-135,$50,$-3,$-155,$-148,$-7,$0,$-144,$0,$0,$0,$1,$-150,$221,$1,$223,$-24,$-24,$-8,$1,$192,$-105,$5,$-8
31,2010-12-31,42.69,$10.98,3.89,$46.36,0.92,$1.09,39.25,$2.10,20.33,$0.95B,$0.62B,1.54,$0.32B,$0.59B,0.54,$2.59B,$0.70B,27.12%,$2.59B,$0.21B,7.93%,$2.59B,$0.21B,7.93%,$2.59B,$0.25B,9.79%,$2.59B,$0.19B,7.39%,$2.59B,$0.12B,4.49%,$0.12B,$0.59B,20.71%,$0.12B,$0.32B,39.12%,$0.12B,$1.69B,6.98%,$0.21B,$0.91B,23.07%,$251,$221,$29,$0,$-21,$193,$58,$-5,$54,$17,$37,$37,$28,$67,$58,$55,56,$0.50,$0.49,$172,$286,$67,$947,$324,$0,$272,$62,$745,$1692,$616,$317,$66,$487,$1102,$1,$642,$30,$590,$1692,$116,$49,$32,$81,$-31,$-35,$27,$-15,$-14,$186,$-43,$0,$-4,$0,$0,$0,$-15,$-61,$-112,$199,$87,$-150,$-150,$-32,$3,$-94,$36,$15,$-32
32,2010-09-30,37.52,$10.42,3.6,$54.83,0.68,$1.48,25.28,$1.70,22.07,$0.98B,$0.63B,1.57,$0.36B,$0.56B,0.65,$3.07B,$0.87B,28.46%,$3.07B,$0.17B,5.38%,$3.07B,$0.17B,5.38%,$3.07B,$0.22B,7.11%,$3.07B,$0.15B,4.99%,$3.07B,$0.10B,3.10%,$0.10B,$0.56B,16.85%,$0.10B,$0.29B,31.28%,$0.10B,$1.70B,5.85%,$0.17B,$0.92B,19.15%,$818,$585,$233,$0,$164,$752,$67,$-4,$63,$21,$42,$42,$42,$80,$67,$54,55,$0.78,$0.76,$106,$348,$64,$983,$321,$0,$268,$60,$714,$1697,$628,$362,$67,$513,$1141,$1,$623,$20,$557,$1697,$89,$40,$16,$56,$-72,$-103,$44,$-10,$-111,$44,$-30,$0,$-3,$0,$0,$0,$-13,$-46,$-67,$206,$138,$-148,$-148,$-24,$1,$-33,$-32,$12,$-24
33,2010-06-30,37.28,$9.60,3.88,$53.08,0.7,$4.39,8.49,$1.48,25.19,$0.97B,$0.64B,1.51,$0.35B,$0.52B,0.67,$3.00B,$0.86B,28.74%,$3.00B,$0.16B,5.20%,$3.00B,$0.16B,5.20%,$3.00B,$0.21B,6.97%,$3.00B,$0.15B,4.83%,$3.00B,$0.08B,2.80%,$0.08B,$0.52B,14.76%,$0.08B,$0.27B,26.88%,$0.08B,$1.67B,5.28%,$0.16B,$0.87B,19.12%,$872,$607,$265,$0,$181,$793,$79,$-3,$76,$27,$49,$49,$48,$93,$79,$55,56,$0.88,$0.86,$86,$338,$48,$970,$318,$0,$254,$59,$698,$1667,$644,$350,$69,$501,$1145,$1,$589,$-25,$523,$1667,$47,$26,$8,$34,$-115,$-108,$82,$-4,$-121,$-26,$-20,$0,$-3,$0,$0,$0,$-24,$-46,$-80,$204,$124,$-98,$-98,$-16,$-0,$10,$-62,$8,$-16
34,2010-03-31,39.6,$10.23,3.87,$51.44,0.77,$6.29,6.3,$1.18,33.56,$0.88B,$0.58B,1.53,$0.29B,$0.57B,0.5,$2.91B,$0.83B,28.34%,$2.91B,$0.14B,4.71%,$2.91B,$0.14B,4.71%,$2.91B,$0.19B,6.49%,$2.91B,$0.13B,4.36%,$2.91B,$0.07B,2.34%,$0.07B,$0.57B,12.04%,$0.07B,$0.31B,21.86%,$0.07B,$1.59B,4.32%,$0.14B,$0.86B,17.25%,$644,$470,$174,$0,$169,$644,$1,$-3,$-2,$-1,$-1,$-1,$-2,$13,$1,$56,56,$-0.03,$-0.03,$88,$326,$85,$883,$327,$0,$261,$51,$708,$1591,$577,$287,$75,$444,$1020,$1,$549,$7,$571,$1591,$-2,$13,$6,$19,$4,$-86,$49,$-0,$-67,$-40,$-11,$0,$-4,$0,$0,$0,$-25,$-39,$58,$2,$60,$-38,$-38,$-8,$2,$16,$-61,$4,$-8
35,2009-12-31,34.77,$10.74,3.24,$50.45,0.69,$7.31,4.75,$0.88,39.51,$0.83B,$0.59B,1.4,$0.19B,$0.60B,0.32,$2.85B,$0.79B,27.70%,$2.85B,$0.11B,3.86%,$2.85B,$0.11B,3.86%,$2.85B,$0.16B,5.72%,$2.85B,$0.10B,3.55%,$2.85B,$0.05B,1.83%,$0.05B,$0.60B,9.81%,$0.05B,$0.35B,18.29%,$0.05B,$1.54B,3.30%,$0.11B,$0.80B,13.98%,$733,$533,$201,$0,$168,$715,$18,$-2,$16,$6,$10,$10,$7,$32,$18,$56,57,$0.13,$0.13,$124,$250,$68,$834,$330,$0,$257,$48,$710,$1544,$594,$194,$72,$346,$940,$1,$559,$-1,$604,$1544,$51,$53,$67,$120,$11,$52,$-5,$-7,$47,$226,$-58,$0,$10,$33,$1,$34,$0,$-14,$-185,$-4,$-189,$4,$4,$-31,$5,$-212,$2,$13,$-31
36,2009-09-30,31.93,$10.32,3.09,$49.80,0.64,$6.54,4.89,$0.95,33.61,$0.83B,$0.64B,1.3,$0.16B,$0.58B,0.28,$2.83B,$0.78B,27.58%,$2.83B,$0.12B,4.17%,$2.83B,$0.12B,4.17%,$2.83B,$0.17B,5.97%,$2.83B,$0.11B,3.78%,$2.83B,$0.06B,1.94%,$0.06B,$0.58B,11.13%,$0.06B,$0.32B,21.65%,$0.06B,$1.56B,3.43%,$0.12B,$0.74B,14.65%,$750,$528,$222,$0,$157,$692,$58,$-2,$55,$22,$34,$34,$31,$71,$58,$56,57,$0.55,$0.54,$102,$275,$52,$825,$330,$0,$253,$50,$737,$1563,$636,$160,$75,$349,$985,$1,$560,$-25,$578,$1563,$45,$39,$79,$119,$-19,$21,$37,$-6,$32,$213,$-33,$0,$1,$33,$1,$34,$0,$2,$-219,$-1,$-220,$5,$5,$-23,$3,$-235,$-20,$9,$-23
37,2009-06-30,28.38,$9.13,3.11,$53.51,0.53,$5.17,5.49,$1.37,20.72,$0.87B,$0.62B,1.41,$0.28B,$0.51B,0.55,$3.04B,$0.83B,27.22%,$3.04B,$0.15B,4.96%,$3.04B,$0.15B,4.96%,$3.04B,$0.20B,6.64%,$3.04B,$0.14B,4.57%,$3.04B,$0.08B,2.60%,$0.08B,$0.51B,15.78%,$0.08B,$0.26B,30.36%,$0.08B,$1.60B,4.69%,$0.15B,$0.78B,17.39%,$784,$557,$228,$0,$164,$724,$60,$-2,$58,$22,$36,$36,$32,$73,$60,$55,57,$0.57,$0.56,$99,$269,$48,$874,$329,$0,$244,$52,$726,$1600,$619,$277,$74,$474,$1093,$1,$537,$-54,$507,$1600,$14,$26,$59,$84,$-61,$23,$27,$-4,$-33,$83,$-21,$0,$1,$-0,$0,$-0,$0,$-21,$-102,$1,$-101,$-1,$-1,$-16,$0,$-117,$-57,$5,$-16
38,2009-03-31,23.28,$7.80,2.98,$56.89,0.41,$4.11,5.67,$1.69,13.78,$0.89B,$0.56B,1.59,$0.40B,$0.43B,0.92,$3.26B,$0.88B,26.95%,$3.26B,$0.18B,5.49%,$3.26B,$0.18B,5.49%,$3.26B,$0.23B,7.06%,$3.26B,$0.17B,5.10%,$3.26B,$0.10B,3.01%,$0.10B,$0.43B,18.73%,$0.10B,$0.20B,35.41%,$0.10B,$1.60B,5.55%,$0.18B,$0.83B,19.17%,$581,$443,$138,$0,$155,$607,$-26,$-2,$-28,$-10,$-18,$-18,$-18,$-13,$-26,$55,55,$-0.33,$-0.33,$134,$321,$80,$889,$324,$0,$229,$51,$710,$1599,$559,$396,$88,$608,$1167,$1,$513,$-99,$432,$1599,$-18,$13,$43,$56,$26,$-32,$25,$4,$-27,$16,$-10,$0,$1,$1,$0,$1,$0,$-8,$-18,$2,$-15,$-2,$-2,$-8,$-0,$-25,$-20,$2,$-8
39,2008-12-31,28.27,$8.17,3.46,$58.57,0.48,$3.32,8.51,$2.12,13.34,$0.94B,$0.58B,1.62,$0.41B,$0.46B,0.9,$3.44B,$0.93B,27.14%,$3.44B,$0.22B,6.33%,$3.44B,$0.22B,6.33%,$3.44B,$0.27B,7.82%,$3.44B,$0.21B,5.96%,$3.44B,$0.12B,3.54%,$0.12B,$0.46B,20.94%,$0.12B,$0.23B,37.28%,$0.12B,$1.66B,6.64%,$0.22B,$0.87B,22.15%,$717,$524,$193,$0,$147,$691,$26,$-4,$22,$11,$11,$11,$10,$38,$26,$57,58,$0.17,$0.17,$156,$297,$95,$935,$329,$0,$232,$49,$724,$1660,$576,$414,$91,$625,$1201,$1,$539,$-99,$459,$1660,$123,$51,$17,$68,$84,$15,$-44,$-5,$6,$183,$-56,$0,$-5,$-6,$0,$-6,$0,$-67,$192,$1,$194,$-304,$-304,$-32,$11,$-132,$-23,$12,$-32
40,2008-09-30,28.99,$10.93,2.65,$58.21,0.5,$3.60,8.05,$2.53,11.46,$1.13B,$0.73B,1.56,$0.39B,$0.61B,0.64,$3.55B,$0.96B,26.96%,$3.55B,$0.25B,7.09%,$3.55B,$0.25B,7.09%,$3.55B,$0.30B,8.55%,$3.55B,$0.24B,6.78%,$3.55B,$0.15B,4.25%,$0.15B,$0.61B,22.54%,$0.15B,$0.35B,37.08%,$0.15B,$1.87B,8.05%,$0.25B,$0.99B,24.96%,$960,$691,$269,$0,$169,$869,$91,$-4,$87,$32,$55,$55,$55,$104,$91,$55,57,$0.99,$0.96,$141,$353,$49,$1127,$335,$0,$256,$74,$747,$1874,$725,$385,$110,$544,$1269,$1,$536,$41,$605,$1874,$112,$38,$8,$47,$-78,$-34,$69,$-3,$-29,$140,$-38,$0,$0,$-7,$0,$-7,$0,$-45,$177,$0,$177,$-292,$-292,$-32,$12,$-135,$-38,$8,$-32
41,2008-06-30,25.14,$10.82,2.32,$56.12,0.45,$2.76,9.1,$2.45,10.26,$1.19B,$0.73B,1.63,$0.45B,$0.60B,0.75,$3.62B,$0.98B,27.12%,$3.62B,$0.26B,7.17%,$3.62B,$0.26B,7.17%,$3.62B,$0.31B,8.58%,$3.62B,$0.25B,6.93%,$3.62B,$0.16B,4.33%,$0.16B,$0.60B,21.32%,$0.16B,$0.33B,33.28%,$0.16B,$1.94B,8.30%,$0.26B,$1.05B,25.91%,$1000,$722,$278,$0,$187,$911,$88,$-4,$85,$33,$51,$51,$51,$101,$88,$56,58,$0.91,$0.88,$130,$368,$60,$1189,$321,$0,$268,$73,$746,$1935,$731,$449,$107,$607,$1338,$1,$489,$86,$597,$1935,$58,$26,$2,$28,$-112,$-41,$87,$1,$-74,$24,$-22,$0,$0,$-7,$0,$-7,$0,$-29,$257,$5,$262,$-294,$-294,$-25,$11,$-46,$-50,$7,$-25
42,2008-03-31,31.09,$11.40,2.73,$53.52,0.58,$2.32,13.42,$2.42,12.85,$1.14B,$0.69B,1.64,$0.36B,$0.67B,0.54,$3.67B,$0.99B,27.11%,$3.67B,$0.26B,7.17%,$3.67B,$0.26B,7.17%,$3.67B,$0.31B,8.54%,$3.67B,$0.26B,6.96%,$3.67B,$0.17B,4.53%,$0.17B,$0.67B,20.50%,$0.17B,$0.41B,30.22%,$0.17B,$1.88B,8.75%,$0.26B,$1.03B,26.16%,$765,$571,$194,$0,$184,$751,$13,$-3,$11,$4,$7,$7,$6,$26,$13,$60,63,$0.10,$0.10,$155,$380,$86,$1136,$319,$0,$265,$73,$744,$1880,$692,$360,$110,$520,$1211,$1,$445,$82,$669,$1880,$6,$13,$3,$16,$6,$-55,$34,$-2,$-66,$-33,$-10,$0,$0,$-7,$0,$-7,$0,$-16,$193,$1,$194,$-171,$-171,$-9,$11,$25,$-25,$3,$-9
43,2007-12-31,35.67,$13.03,2.74,$52.49,0.68,$1.79,19.92,$2.44,14.62,$1.07B,$0.68B,1.57,$0.17B,$0.81B,0.21,$3.69B,$1.01B,27.21%,$3.69B,$0.27B,7.18%,$3.69B,$0.27B,7.18%,$3.69B,$0.31B,8.48%,$3.69B,$0.26B,6.99%,$3.69B,$0.17B,4.58%,$0.17B,$0.81B,19.87%,$0.17B,$0.55B,28.38%,$0.17B,$1.82B,9.02%,$0.27B,$0.98B,26.79%,$829,$612,$217,$0,$148,$768,$60,$-2,$58,$22,$36,$36,$39,$73,$60,$66,69,$0.61,$0.58,$173,$325,$49,$1071,$318,$0,$263,$69,$744,$1815,$684,$167,$104,$322,$1006,$1,$447,$64,$809,$1815,$169,$49,$50,$99,$31,$-5,$-1,$-28,$-27,$240,$-69,$0,$0,$-27,$-1,$-28,$0,$-98,$95,$3,$98,$-232,$-232,$-35,$16,$-153,$1,$21,$-35
44,2007-09-30,29.01,$13.50,2.15,$52.24,0.56,$1.09,26.51,$2.43,11.94,$1.18B,$0.79B,1.5,$0.10B,$0.87B,0.11,$3.72B,$1.01B,27.05%,$3.72B,$0.24B,6.50%,$3.72B,$0.24B,6.50%,$3.72B,$0.29B,7.74%,$3.72B,$0.24B,6.31%,$3.72B,$0.17B,4.59%,$0.17B,$0.87B,20.14%,$0.17B,$0.61B,28.49%,$0.17B,$1.94B,9.25%,$0.24B,$0.97B,24.93%,$1030,$736,$294,$0,$194,$931,$99,$-2,$97,$36,$61,$61,$61,$111,$99,$67,70,$0.92,$0.88,$119,$359,$51,$1179,$306,$0,$262,$78,$756,$1935,$786,$95,$124,$279,$1065,$1,$418,$62,$870,$1935,$130,$36,$21,$57,$-111,$-45,$67,$1,$-87,$111,$-44,$0,$0,$-25,$0,$-25,$0,$-69,$49,$3,$51,$-132,$-132,$-35,$14,$-101,$-51,$17,$-35
45,2007-06-30,29.27,$13.17,2.22,$51.48,0.57,$0.63,46.26,$2.04,14.35,$1.23B,$0.73B,1.69,$0.16B,$0.89B,0.18,$3.71B,$0.97B,26.12%,$3.71B,$0.20B,5.39%,$3.71B,$0.20B,5.39%,$3.71B,$0.25B,6.65%,$3.71B,$0.19B,5.22%,$3.71B,$0.15B,3.93%,$0.15B,$0.89B,17.44%,$0.15B,$0.64B,24.51%,$0.15B,$1.96B,7.95%,$0.20B,$1.05B,20.79%,$1042,$753,$289,$0,$197,$951,$91,$-2,$89,$29,$60,$60,$60,$103,$91,$68,71,$0.89,$0.85,$144,$378,$52,$1232,$295,$0,$252,$76,$729,$1961,$727,$162,$117,$343,$1070,$1,$365,$34,$891,$1961,$69,$24,$15,$39,$-129,$-72,$106,$3,$-123,$-5,$-25,$0,$0,$-24,$0,$-24,$0,$-49,$65,$4,$69,$-30,$-30,$-26,$13,$25,$-24,$13,$-26
46,2007-03-31,30.41,$12.19,2.49,$50.32,0.6,$0.17,174.98,$2.04,14.91,$1.08B,$0.64B,1.68,$0.13B,$0.83B,0.16,$3.68B,$0.95B,25.81%,$3.68B,$0.21B,5.59%,$3.68B,$0.21B,5.59%,$3.68B,$0.25B,6.81%,$3.68B,$0.20B,5.43%,$3.68B,$0.15B,4.18%,$0.15B,$0.83B,18.58%,$0.15B,$0.59B,26.00%,$0.15B,$1.78B,8.47%,$0.21B,$0.96B,21.83%,$792,$587,$205,$0,$191,$777,$15,$-1,$14,$5,$9,$9,$9,$26,$15,$68,71,$0.13,$0.12,$94,$398,$60,$1075,$288,$0,$242,$74,$706,$1782,$640,$132,$114,$310,$950,$1,$314,$8,$832,$1782,$9,$12,$4,$15,$3,$-93,$60,$1,$-103,$-75,$-10,$0,$0,$0,$0,$0,$0,$-10,$36,$-0,$35,$-5,$-5,$-9,$11,$33,$-51,$6,$-9
47,2006-12-31,25.98,$11.98,2.17,$49.87,0.52,$0.52,50.23,$2.20,11.81,$1.02B,$0.65B,1.56,$0.10B,$0.80B,0.12,$3.70B,$0.96B,25.81%,$3.70B,$0.23B,6.08%,$3.70B,$0.23B,6.08%,$3.70B,$0.27B,7.27%,$3.70B,$0.22B,5.95%,$3.70B,$0.17B,4.49%,$0.17B,$0.80B,20.12%,$0.17B,$0.57B,28.03%,$0.17B,$1.72B,9.15%,$0.23B,$0.90B,24.10%,$859,$640,$219,$0,$182,$822,$37,$-1,$35,$-7,$42,$42,$41,$48,$37,$70,74,$0.61,$0.58,$144,$306,$44,$1018,$288,$0,$240,$69,$701,$1720,$651,$97,$105,$264,$915,$1,$313,$-5,$804,$1720,$166,$44,$32,$76,$11,$-47,$-26,$-1,$-56,$201,$-71,$0,$0,$0,$-24,$-24,$0,$-96,$-11,$-0,$-12,$-144,$-144,$-31,$11,$-176,$-69,$24,$-31
