,Date,Stock Price,Book Value per Share,Price to Book Ratio,TTM Sales per Share,Price to Sales Ratio,TTM FCF per Share,Price to FCF Ratio,TTM Net EPS,PE Ratio,Current Assets,Current Liabilities,Current Ratio,Long Term Debt,Shareholder's Equity_x,Debt to Equity Ratio,TTM Revenue_x,TTM Gross Profit,Gross Margin,TTM Revenue_y,TTM Operating Income,Operating Margin,TTM Revenue_x,TTM EBIT,EBIT Margin,TTM Revenue_y,TTM EBITDA,EBITDA Margin,TTM Revenue_x,TTM Pre-Tax Income,Pre-Tax Margin,TTM Revenue_y,TTM Net Income_x,Net Margin,TTM Net Income_y,Shareholder's Equity_y,Return on Equity,TTM Net Income_x,Tangible Equity,Return on Tangible Equity,TTM Net Income_y,Total Assets,Return on Assets,TTM Net Income,LT Investments & Debt,Return on Investment,revenue,cost-goods-sold,gross-profit,research-development-expenses,selling-general-administrative-expenses,operating-expenses,operating-income,total-non-operating-income-expense,pre-tax-income,total-provision-income-taxes,income-after-taxes,income-from-continuous-operations,net-income,ebitda,ebit,basic-shares-outstanding,shares-outstanding,eps-basic-net-earnings-per-share,eps-earnings-per-share-diluted,cash-on-hand,inventory,other-current-assets,total-current-assets,net-property-plant-equipment,long-term-investments,goodwill-intangible-assets-total,other-long-term-assets,total-long-term-assets,total-assets,total-current-liabilities,long-term-debt,other-non-current-liabilities,total-long-term-liabilities,total-liabilities,common-stock-net,retained-earnings-accumulated-deficit,comprehensive-income,total-share-holder-equity,total-liabilities-share-holders-equity,net-income-loss,total-depreciation-amortization-cash-flow,other-non-cash-items,total-non-cash-items,change-in-accounts-receivable,change-in-inventories,change-in-accounts-payable,change-in-assets-liabilities,total-change-in-assets-liabilities,cash-flow-from-operating-activities,net-change-in-property-plant-equipment,net-change-in-intangible-assets,net-acquisitions-divestitures,net-change-in-short-term-investments,net-change-in-long-term-investments,net-change-in-investments-total,investing-activities-other,cash-flow-from-investing-activities,net-long-term-debt,net-current-debt,debt-issuance-retirement-net-total,net-common-equity-issued-repurchased,net-total-equity-issued-repurchased,total-common-preferred-stock-dividends-paid,financial-activities-other,cash-flow-from-financial-activities,net-cash-flow,stock-based-compensation,common-stock-dividends-paid
0,2014-12-31,25.0,$20.78,1.2,$41.46,0.6,$9.59,2.61,$5.74,4.36,$2.84B,$2.49B,1.14,$8.64B,$6.01B,1.44,$12.27B,$5.31B,43.27%,$12.27B,$2.61B,21.25%,$12.27B,$2.61B,21.25%,$12.27B,$3.78B,30.78%,$12.27B,$2.40B,19.51%,$12.27B,$1.69B,13.80%,$1.69B,$6.01B,24.86%,$1.69B,$2.29B,56.53%,$1.69B,$19.77B,8.30%,$2.61B,$14.65B,17.07%,$3024,$1714,$1310,$23,$294,$2355,$669,$-46,$623,$156,$467,$480,$461,$975,$669,$288,292,$1.60,$1.58,$600,$622,$0,$3305,$11725,$0,$3714,$1235,$16674,$19979,$3860,$6615,$2754,$9384,$13244,$4,$13913,$-4656,$6735,$19979,$1403,$928,$100,$1028,$-121,$-29,$0,$-33,$-82,$2349,$-1056,$0,$71,$0,$0,$0,$0,$-985,$-503,$-122,$-625,$68,$68,$-712,$-33,$-1302,$-17,$40,$-712
1,2014-09-30,22.2,$23.82,0.93,$41.41,0.54,$8.54,2.6,$6.30,3.52,$3.06B,$2.96B,1.03,$8.09B,$6.94B,1.17,$12.29B,$5.32B,43.28%,$12.29B,$2.77B,22.56%,$12.29B,$2.77B,22.56%,$12.29B,$3.94B,32.04%,$12.29B,$2.58B,21.01%,$12.29B,$1.87B,15.18%,$1.87B,$6.94B,26.42%,$1.87B,$3.14B,57.80%,$1.87B,$20.38B,9.09%,$2.77B,$15.03B,18.04%,$3061,$1723,$1338,$24,$307,$2372,$689,$-46,$643,$158,$485,$499,$480,$1000,$689,$288,291,$1.67,$1.65,$479,$606,$0,$3164,$11701,$0,$3725,$1246,$16672,$19836,$3279,$7229,$2786,$10029,$13308,$4,$13690,$-4596,$6528,$19836,$942,$622,$65,$687,$-147,$-10,$0,$12,$-151,$1478,$-676,$0,$69,$0,$0,$0,$0,$-607,$-505,$13,$-492,$43,$43,$-474,$-22,$-945,$-138,$21,$-474
2,2014-06-30,27.25,$25.02,1.09,$40.86,0.67,$7.03,3.87,$6.17,4.42,$3.16B,$2.55B,1.24,$8.57B,$7.31B,1.17,$12.16B,$5.27B,43.36%,$12.16B,$2.73B,22.46%,$12.16B,$2.73B,22.46%,$12.16B,$3.88B,31.89%,$12.16B,$2.55B,20.93%,$12.16B,$1.83B,15.08%,$1.83B,$7.31B,26.31%,$1.83B,$3.42B,58.47%,$1.83B,$20.93B,8.97%,$2.73B,$15.87B,17.94%,$2999,$1677,$1322,$24,$310,$2346,$653,$-48,$605,$148,$457,$472,$462,$964,$653,$288,291,$1.61,$1.59,$545,$619,$0,$3329,$12113,$0,$3821,$1329,$17263,$20592,$3534,$7336,$2825,$10174,$13708,$4,$13447,$-3980,$6884,$20592,$462,$311,$35,$346,$-82,$-2,$0,$31,$-120,$688,$-325,$0,$7,$0,$0,$0,$0,$-318,$-503,$288,$-215,$29,$29,$-237,$-6,$-429,$-72,$4,$-237
3,2014-03-31,26.5,$23.89,1.11,$40.44,0.66,$5.19,5.11,$6.08,4.36,$3.05B,$2.43B,1.25,$8.56B,$7.00B,1.22,$12.06B,$5.23B,43.36%,$12.06B,$2.70B,22.38%,$12.06B,$2.70B,22.38%,$12.06B,$3.83B,31.73%,$12.06B,$2.52B,20.86%,$12.06B,$1.81B,15.02%,$1.81B,$7.00B,26.98%,$1.81B,$3.14B,62.06%,$1.81B,$20.54B,8.99%,$2.70B,$15.56B,18.24%,$2953,$1655,$1298,$24,$312,$2310,$643,$-48,$595,$558,$37,$49,$33,$950,$643,$286,289,$0.12,$0.11,$617,$614,$0,$3285,$12057,$0,$3786,$1308,$17151,$20436,$3307,$7783,$2824,$10618,$13925,$4,$13224,$-4098,$6511,$20436,$1247,$1184,$700,$1884,$-92,$-22,$0,$2,$-90,$3041,$-1311,$0,$-3,$0,$0,$0,$0,$-1314,$-572,$-199,$-771,$108,$108,$-901,$-92,$-1656,$93,$59,$-901
4,2013-12-31,28.71,$23.81,1.21,$39.89,0.72,$4.73,6.07,$5.87,4.89,$2.92B,$2.66B,1.1,$8.03B,$7.00B,1.15,$11.93B,$5.18B,43.45%,$11.93B,$2.63B,22.01%,$11.93B,$2.63B,22.01%,$11.93B,$3.73B,31.31%,$11.93B,$2.45B,20.52%,$11.93B,$1.76B,14.72%,$1.76B,$7.00B,26.60%,$1.76B,$3.21B,61.47%,$1.76B,$20.26B,8.81%,$2.63B,$15.03B,18.12%,$2922,$1652,$1270,$23,$300,$2290,$632,$-47,$585,$162,$423,$435,$419,$930,$632,$286,289,$1.46,$1.45,$607,$587,$0,$3243,$11992,$0,$3797,$1343,$17132,$20375,$2922,$8243,$2468,$10722,$13644,$4,$13417,$-4025,$6731,$20375,$1214,$877,$124,$1001,$-83,$-11,$0,$73,$-10,$2205,$-972,$0,$4,$0,$0,$0,$0,$-968,$-149,$-353,$-502,$79,$79,$-675,$-85,$-1183,$83,$44,$-675
5,2013-09-30,20.29,$22.34,0.91,$39.10,0.52,$3.62,5.6,$5.66,3.58,$2.98B,$2.93B,1.02,$7.88B,$6.58B,1.2,$11.71B,$5.09B,43.42%,$11.71B,$2.55B,21.78%,$11.71B,$2.55B,21.78%,$11.71B,$3.63B,30.96%,$11.71B,$2.39B,20.44%,$11.71B,$1.70B,14.47%,$1.70B,$6.58B,26.27%,$1.70B,$2.77B,56.75%,$1.70B,$20.06B,8.75%,$2.55B,$14.46B,18.22%,$2834,$1599,$1235,$23,$305,$2228,$606,$-40,$566,$157,$409,$420,$406,$898,$606,$286,289,$1.42,$1.41,$535,$568,$0,$3119,$11806,$0,$3750,$1290,$16846,$19965,$3043,$8177,$2475,$10662,$13705,$4,$13223,$-4244,$6260,$19965,$795,$579,$116,$695,$-95,$-5,$0,$45,$-79,$1411,$-652,$0,$15,$0,$0,$0,$0,$-637,$-148,$-157,$-305,$59,$59,$-450,$-84,$-780,$11,$28,$-450
6,2013-06-30,15.3,$21.32,0.72,$38.19,0.4,$3.04,5.03,$5.60,2.73,$3.01B,$2.99B,1.01,$7.86B,$6.29B,1.25,$11.48B,$4.95B,43.13%,$11.48B,$2.44B,21.25%,$11.48B,$2.44B,21.25%,$11.48B,$3.48B,30.34%,$11.48B,$2.29B,19.93%,$11.48B,$1.68B,14.64%,$1.68B,$6.29B,26.27%,$1.68B,$2.55B,51.72%,$1.68B,$19.77B,8.95%,$2.44B,$14.15B,17.97%,$2728,$1549,$1179,$23,$290,$2161,$567,$-26,$541,$149,$392,$404,$389,$854,$567,$286,287,$1.36,$1.35,$519,$561,$0,$3014,$11692,$0,$3715,$1244,$16651,$19665,$2249,$8947,$2494,$11451,$13700,$4,$13041,$-4285,$5965,$19665,$389,$287,$52,$339,$-49,$-2,$0,$75,$-18,$710,$-327,$0,$3,$0,$0,$0,$0,$-324,$-149,$-24,$-173,$15,$15,$-225,$-13,$-396,$-5,$12,$-225
7,2013-03-31,10.99,$22.07,0.5,$37.40,0.29,$3.10,3.54,$5.53,1.99,$2.93B,$2.69B,1.09,$7.77B,$6.53B,1.19,$11.27B,$4.85B,43.06%,$11.27B,$2.41B,21.38%,$11.27B,$2.41B,21.38%,$11.27B,$3.43B,30.39%,$11.27B,$2.27B,20.10%,$11.27B,$1.66B,14.76%,$1.66B,$6.53B,26.43%,$1.66B,$2.88B,48.12%,$1.66B,$19.59B,9.24%,$2.41B,$14.30B,18.54%,$2644,$1478,$1166,$23,$272,$2045,$599,$-38,$561,$152,$409,$419,$406,$884,$599,$286,288,$1.41,$1.40,$524,$550,$0,$2880,$11477,$717,$3700,$558,$16452,$19332,$2478,$8917,$1213,$11413,$13891,$4,$12879,$-4600,$5441,$19332,$1500,$1122,$93,$1215,$-33,$-13,$0,$12,$58,$2773,$-1465,$0,$-305,$0,$0,$0,$0,$-1770,$166,$191,$357,$-89,$-89,$-856,$-55,$-643,$377,$39,$-856
8,2012-12-31,7.53,$21.68,0.35,$37.14,0.2,$2.82,2.67,$5.61,1.34,$2.79B,$2.48B,1.13,$6.69B,$6.42B,1.04,$11.22B,$4.83B,43.01%,$11.22B,$2.44B,21.71%,$11.22B,$2.44B,21.71%,$11.22B,$3.44B,30.63%,$11.22B,$2.30B,20.46%,$11.22B,$1.69B,15.07%,$1.69B,$6.42B,27.15%,$1.69B,$3.74B,46.24%,$1.69B,$18.09B,9.75%,$2.44B,$13.11B,19.35%,$2716,$1533,$1183,$22,$291,$2219,$497,$-43,$454,$120,$334,$344,$339,$781,$497,$286,288,$1.19,$1.18,$627,$538,$0,$3262,$11635,$0,$3758,$1231,$16624,$19886,$2434,$9225,$2578,$11814,$14248,$4,$12686,$-4211,$5638,$19886,$1094,$837,$116,$953,$-44,$11,$0,$27,$0,$2047,$-1056,$0,$-304,$0,$0,$0,$0,$-1360,$197,$359,$556,$-24,$-24,$-642,$-122,$-232,$480,$36,$-642
9,2012-09-30,4.4,$21.36,0.21,$36.98,0.12,$3.07,1.43,$5.61,0.78,$2.85B,$2.55B,1.12,$6.39B,$6.35B,1.01,$11.22B,$4.81B,42.87%,$11.22B,$2.44B,21.74%,$11.22B,$2.44B,21.74%,$11.22B,$3.44B,30.61%,$11.22B,$2.30B,20.45%,$11.22B,$1.70B,15.13%,$1.70B,$6.35B,27.95%,$1.70B,$3.82B,47.98%,$1.70B,$17.64B,10.04%,$2.44B,$12.74B,19.95%,$2665,$1468,$1197,$24,$308,$2077,$588,$-44,$544,$146,$398,$409,$399,$869,$588,$286,288,$1.40,$1.39,$567,$559,$0,$3263,$11578,$0,$3761,$1209,$16548,$19811,$2458,$9190,$2604,$11806,$14264,$4,$12559,$-4174,$5547,$19811,$755,$553,$40,$593,$-61,$-8,$0,$43,$-89,$1259,$-680,$0,$-317,$0,$0,$0,$0,$-997,$182,$508,$690,$-23,$-23,$-428,$-109,$130,$420,$22,$-428
10,2012-06-30,3.02,$19.77,0.15,$37.26,0.08,$3.58,0.84,$5.58,0.54,$2.65B,$2.73B,0.97,$5.96B,$5.89B,1.01,$11.34B,$4.84B,42.70%,$11.34B,$2.51B,22.15%,$11.34B,$2.51B,22.15%,$11.34B,$3.52B,31.01%,$11.34B,$2.37B,20.89%,$11.34B,$1.70B,14.96%,$1.70B,$5.89B,28.19%,$1.70B,$3.39B,47.53%,$1.70B,$16.69B,10.30%,$2.51B,$11.86B,20.90%,$2509,$1381,$1128,$23,$274,$1955,$554,$-65,$489,$133,$356,$366,$356,$826,$554,$285,287,$1.25,$1.24,$221,$553,$0,$2870,$11314,$0,$3647,$1194,$16155,$19025,$1799,$9222,$2580,$11921,$13720,$4,$12371,$-4250,$5305,$19025,$356,$272,$25,$297,$-20,$-7,$0,$4,$-100,$553,$-323,$0,$-61,$0,$0,$0,$0,$-384,$172,$-77,$95,$2,$2,$-214,$-2,$-119,$74,$8,$-214
11,2012-03-31,4.05,$20.98,0.19,$37.24,0.11,$3.85,1.05,$5.54,0.73,$2.76B,$2.15B,1.28,$6.42B,$6.27B,1.02,$11.39B,$4.85B,42.60%,$11.39B,$2.50B,21.98%,$11.39B,$2.50B,21.98%,$11.39B,$3.52B,30.86%,$11.39B,$2.36B,20.69%,$11.39B,$1.69B,14.86%,$1.69B,$6.27B,27.14%,$1.69B,$3.69B,43.96%,$1.69B,$16.99B,10.31%,$2.50B,$12.69B,20.56%,$2595,$1426,$1169,$23,$275,$1971,$624,$-42,$582,$163,$419,$431,$422,$899,$624,$287,289,$1.48,$1.46,$147,$531,$0,$2626,$10998,$665,$3554,$476,$15693,$18319,$1893,$8975,$1155,$11633,$13526,$4,$12229,$-4596,$4793,$18319,$1547,$1106,$200,$1306,$1,$-23,$0,$-96,$-158,$2695,$-1541,$0,$238,$0,$0,$0,$0,$-1303,$497,$-329,$168,$-637,$-637,$-819,$-22,$-1310,$21,$30,$-819
12,2011-12-31,4.23,$19.42,0.22,$36.62,0.12,$4.20,1.01,$5.45,0.78,$2.61B,$2.54B,1.03,$5.84B,$5.80B,1.01,$11.25B,$4.79B,42.61%,$11.25B,$2.47B,21.93%,$11.25B,$2.47B,21.93%,$11.25B,$3.47B,30.85%,$11.25B,$2.32B,20.65%,$11.25B,$1.67B,14.86%,$1.67B,$5.80B,26.51%,$1.67B,$3.26B,41.75%,$1.67B,$16.36B,10.37%,$2.47B,$11.64B,20.55%,$2686,$1488,$1198,$23,$281,$2092,$594,$-35,$559,$156,$403,$413,$401,$870,$594,$286,287,$1.40,$1.40,$136,$526,$0,$2726,$10970,$0,$3564,$1196,$15730,$18456,$2122,$9057,$2464,$11690,$13812,$4,$11966,$-4456,$4644,$18456,$1125,$831,$211,$1042,$-57,$-14,$0,$-172,$-263,$1904,$-1154,$0,$202,$0,$0,$0,$0,$-952,$497,$-126,$371,$-630,$-630,$-615,$-26,$-900,$10,$25,$-615
13,2011-09-30,2.18,$20.42,0.11,$35.93,0.06,$3.71,0.59,$4.50,0.48,$2.70B,$2.17B,1.25,$5.81B,$6.12B,0.95,$11.08B,$4.73B,42.67%,$11.08B,$2.36B,21.26%,$11.08B,$2.36B,21.26%,$11.08B,$3.35B,30.23%,$11.08B,$2.22B,20.04%,$11.08B,$1.39B,12.50%,$1.39B,$6.12B,21.66%,$1.39B,$3.95B,33.16%,$1.39B,$15.90B,8.74%,$2.36B,$11.93B,19.75%,$2738,$1516,$1222,$23,$297,$2258,$480,$-40,$440,$131,$309,$319,$308,$758,$480,$288,290,$1.07,$1.06,$136,$548,$0,$2820,$11363,$0,$3647,$1237,$16247,$19067,$2246,$8813,$2489,$11477,$13723,$4,$11768,$-3742,$5344,$19067,$724,$555,$146,$701,$-44,$-15,$0,$-75,$-197,$1228,$-749,$0,$197,$0,$0,$0,$0,$-552,$254,$-53,$201,$-408,$-408,$-412,$-21,$-640,$10,$17,$-412
14,2011-06-30,4.87,$22.41,0.22,$34.60,0.14,$4.45,1.09,$4.31,1.13,$2.76B,$2.00B,1.38,$5.69B,$6.77B,0.84,$10.72B,$4.61B,42.99%,$10.72B,$2.27B,21.21%,$10.72B,$2.27B,21.21%,$10.72B,$3.24B,30.21%,$10.72B,$2.15B,20.02%,$10.72B,$1.33B,12.43%,$1.33B,$6.77B,20.68%,$1.33B,$4.51B,31.57%,$1.33B,$16.41B,8.52%,$2.27B,$12.46B,19.39%,$2757,$1530,$1227,$24,$299,$2134,$623,$-44,$579,$162,$417,$428,$416,$900,$623,$289,292,$1.44,$1.43,$117,$535,$0,$2726,$11593,$0,$3598,$1206,$16397,$19123,$2335,$8771,$2454,$11395,$13730,$4,$11668,$-3815,$5393,$19123,$416,$277,$22,$299,$-50,$-6,$0,$-85,$-207,$508,$-397,$0,$-3,$0,$0,$0,$0,$-400,$252,$38,$290,$-191,$-191,$-207,$8,$-100,$-9,$7,$-207
15,2011-03-31,5.93,$21.55,0.28,$33.45,0.18,$5.22,1.14,$4.12,1.44,$2.60B,$1.92B,1.35,$5.48B,$6.54B,0.84,$10.39B,$4.48B,43.13%,$10.39B,$2.19B,21.12%,$10.39B,$2.19B,21.12%,$10.39B,$3.14B,30.17%,$10.39B,$2.07B,19.95%,$10.39B,$1.28B,12.31%,$1.28B,$6.54B,20.65%,$1.28B,$4.30B,31.99%,$1.28B,$15.83B,8.46%,$2.19B,$12.02B,19.50%,$2990,$1689,$1301,$24,$320,$2465,$525,$-79,$446,$145,$301,$313,$302,$816,$525,$292,296,$1.05,$1.02,$126,$551,$0,$2839,$11997,$693,$3724,$516,$16930,$19769,$2490,$8636,$1176,$11269,$13759,$4,$11461,$-3185,$6010,$19769,$1694,$1170,$162,$1332,$-80,$-42,$0,$-30,$-139,$2887,$-1689,$0,$-114,$0,$0,$0,$0,$-1803,$782,$-193,$589,$-759,$-759,$-759,$-98,$-1027,$-12,$51,$-759
16,2010-12-31,5.3,$20.21,0.26,$32.49,0.16,$5.77,0.92,$3.84,1.38,$2.38B,$2.11B,1.13,$5.16B,$6.15B,0.84,$10.12B,$4.36B,43.12%,$10.12B,$2.08B,20.58%,$10.12B,$2.08B,20.58%,$10.12B,$3.01B,29.73%,$10.12B,$1.96B,19.41%,$10.12B,$1.20B,11.81%,$1.20B,$6.15B,19.94%,$1.20B,$3.95B,31.37%,$1.20B,$15.27B,8.05%,$2.08B,$11.30B,19.16%,$3144,$1780,$1364,$25,$327,$2433,$711,$-45,$666,$187,$479,$490,$477,$1012,$711,$292,295,$1.63,$1.62,$168,$545,$0,$3058,$12268,$0,$3799,$1259,$17326,$20384,$2960,$8089,$2205,$10484,$13444,$4,$11348,$-2411,$6940,$20384,$1392,$879,$51,$930,$-144,$-52,$0,$-27,$-226,$2096,$-1207,$0,$-105,$0,$0,$0,$0,$-1312,$555,$-161,$394,$-477,$-477,$-570,$-95,$-748,$30,$42,$-570
17,2010-09-30,4.44,$20.66,0.21,$31.78,0.14,$6.72,0.66,$4.50,0.99,$2.45B,$1.86B,1.32,$4.82B,$6.33B,0.76,$9.90B,$4.27B,43.11%,$9.90B,$2.09B,21.10%,$9.90B,$2.09B,21.10%,$9.90B,$3.00B,30.27%,$9.90B,$1.97B,19.86%,$9.90B,$1.40B,14.16%,$1.40B,$6.33B,23.89%,$1.40B,$4.13B,38.08%,$1.40B,$15.06B,9.60%,$2.09B,$11.15B,19.63%,$3113,$1767,$1346,$24,$335,$2416,$697,$-43,$654,$183,$471,$481,$467,$990,$697,$293,296,$1.59,$1.58,$173,$542,$0,$3159,$12552,$0,$3889,$1325,$17766,$20925,$2546,$8565,$2314,$11073,$13619,$4,$11060,$-1845,$7306,$20925,$915,$578,$73,$651,$-169,$-33,$0,$51,$-183,$1383,$-777,$0,$-99,$0,$0,$0,$0,$-876,$550,$-186,$364,$-377,$-377,$-381,$-87,$-481,$35,$28,$-381
18,2010-06-30,5.41,$18.84,0.29,$30.96,0.17,$6.02,0.9,$4.33,1.25,$2.28B,$1.76B,1.29,$4.78B,$5.77B,0.83,$9.65B,$4.19B,43.37%,$9.65B,$1.71B,17.74%,$9.65B,$1.71B,17.74%,$9.65B,$2.61B,27.05%,$9.65B,$1.59B,16.44%,$9.65B,$1.35B,13.99%,$1.35B,$5.77B,23.94%,$1.35B,$3.62B,39.12%,$1.35B,$14.29B,9.39%,$1.71B,$10.55B,16.48%,$3026,$1726,$1300,$23,$326,$2351,$675,$-46,$629,$176,$453,$462,$448,$960,$675,$294,297,$1.52,$1.51,$144,$520,$0,$3049,$12326,$0,$3855,$1308,$17489,$20538,$2434,$8564,$2347,$11106,$13540,$4,$10784,$-1998,$6998,$20538,$448,$285,$52,$337,$-136,$-16,$0,$19,$-249,$536,$-393,$0,$-58,$0,$0,$0,$0,$-451,$544,$-80,$464,$-237,$-237,$-191,$-120,$-84,$6,$15,$-191
19,2010-03-31,5.75,$18.73,0.31,$29.68,0.19,$5.52,1.04,$4.10,1.4,$2.62B,$2.19B,1.2,$4.73B,$5.73B,0.83,$9.26B,$4.04B,43.66%,$9.26B,$1.61B,17.41%,$9.26B,$1.61B,17.41%,$9.26B,$2.49B,26.85%,$9.26B,$1.48B,16.00%,$9.26B,$1.28B,13.80%,$1.28B,$5.73B,23.52%,$1.28B,$3.55B,39.14%,$1.28B,$14.73B,9.00%,$1.61B,$10.46B,16.13%,$3010,$1699,$1311,$26,$332,$2320,$690,$-56,$634,$136,$498,$507,$474,$977,$690,$296,299,$1.61,$1.59,$138,$506,$0,$2916,$12278,$702,$3790,$569,$17339,$20255,$2664,$8026,$859,$10588,$13252,$4,$10528,$-1981,$7003,$20255,$1755,$1109,$135,$1244,$-84,$-54,$0,$-51,$-82,$2917,$-2020,$0,$-1217,$0,$0,$0,$0,$-3237,$1312,$149,$1461,$-436,$-436,$-708,$11,$328,$-19,$70,$-708
20,2009-12-31,4.46,$18.43,0.24,$28.70,0.16,$5.07,0.88,$4.02,1.11,$2.22B,$1.81B,1.23,$4.76B,$5.65B,0.84,$8.96B,$3.92B,43.81%,$8.96B,$1.58B,17.59%,$8.96B,$1.58B,17.59%,$8.96B,$2.42B,27.03%,$8.96B,$1.44B,16.10%,$8.96B,$1.25B,14.00%,$1.25B,$5.65B,24.62%,$1.25B,$3.44B,42.15%,$1.25B,$14.32B,9.13%,$1.58B,$10.41B,16.73%,$3013,$1697,$1316,$24,$336,$2343,$670,$-41,$629,$175,$454,$462,$445,$951,$670,$295,298,$1.51,$1.49,$134,$519,$0,$2977,$12099,$0,$3802,$1184,$17085,$20062,$2929,$7883,$2385,$10558,$13487,$4,$10243,$-2139,$6575,$20062,$1281,$822,$188,$1010,$-139,$-63,$0,$-177,$-361,$1953,$-1504,$0,$-1246,$0,$0,$0,$0,$-2750,$1166,$504,$1670,$-350,$-350,$-531,$7,$796,$-23,$52,$-531
21,2009-09-30,4.73,$17.62,0.27,$28.54,0.17,$3.80,1.25,$3.57,1.32,$2.30B,$2.04B,1.13,$4.73B,$5.41B,0.87,$8.95B,$3.87B,43.25%,$8.95B,$1.38B,15.38%,$8.95B,$1.38B,15.38%,$8.95B,$2.21B,24.64%,$8.95B,$1.23B,13.72%,$8.95B,$1.11B,12.44%,$1.11B,$5.41B,23.40%,$1.11B,$3.21B,41.47%,$1.11B,$14.17B,8.30%,$1.38B,$10.13B,15.62%,$3014,$1710,$1304,$24,$344,$2349,$665,$-41,$624,$174,$450,$461,$445,$940,$665,$296,299,$1.50,$1.49,$102,$480,$0,$3013,$11867,$0,$3735,$1156,$16758,$19771,$2990,$7863,$2374,$10496,$13486,$4,$10002,$-2235,$6285,$19771,$836,$541,$121,$662,$-164,$-27,$0,$-275,$-472,$1049,$-988,$0,$-1231,$0,$0,$0,$0,$-2219,$1153,$602,$1755,$-269,$-269,$-355,$7,$1138,$-55,$34,$-355
22,2009-06-30,1.68,$16.12,0.1,$30.14,0.06,$3.16,0.53,$3.64,0.46,$2.19B,$2.48B,0.89,$4.02B,$4.95B,0.81,$9.52B,$3.98B,41.81%,$9.52B,$1.75B,18.36%,$9.52B,$1.75B,18.36%,$9.52B,$2.58B,27.08%,$9.52B,$1.58B,16.60%,$9.52B,$1.14B,12.02%,$1.14B,$4.95B,24.70%,$1.14B,$2.87B,44.46%,$1.14B,$13.59B,8.57%,$1.75B,$8.97B,20.76%,$2888,$1638,$1250,$24,$337,$2288,$600,$-40,$560,$164,$396,$406,$391,$866,$600,$297,300,$1.32,$1.30,$113,$477,$0,$2929,$11841,$0,$3642,$1174,$16657,$19586,$2686,$7772,$2347,$10374,$13060,$4,$9743,$-1849,$6526,$19586,$406,$266,$18,$284,$-161,$-16,$0,$-64,$-241,$472,$-466,$0,$-1067,$0,$0,$0,$0,$-1533,$1376,$-60,$1316,$-117,$-117,$-178,$9,$1030,$-44,$17,$-178
23,2009-03-31,1.12,$14.23,0.08,$32.23,0.03,$2.50,0.45,$3.76,0.3,$2.18B,$2.67B,0.82,$3.77B,$4.38B,0.86,$10.26B,$4.16B,40.57%,$10.26B,$1.84B,17.97%,$10.26B,$1.84B,17.97%,$10.26B,$2.68B,26.15%,$10.26B,$1.66B,16.16%,$10.26B,$1.19B,11.64%,$1.19B,$4.38B,24.81%,$1.19B,$2.38B,43.93%,$1.19B,$12.86B,8.81%,$1.84B,$8.15B,21.65%,$2799,$1583,$1216,$25,$319,$2183,$616,$-35,$581,$162,$419,$428,$414,$870,$616,$298,302,$1.40,$1.38,$157,$476,$0,$2792,$11453,$654,$2680,$511,$15298,$18090,$2479,$6685,$1276,$9190,$11669,$4,$9534,$-1852,$6421,$18090,$1692,$1001,$69,$1070,$-36,$-18,$0,$35,$-53,$2752,$-2180,$0,$-198,$0,$0,$0,$0,$-2378,$514,$293,$807,$-459,$-459,$-655,$4,$-303,$67,$70,$-655
24,2008-12-31,1.09,$14.05,0.08,$33.72,0.03,$2.43,0.45,$3.79,0.29,$2.30B,$2.98B,0.77,$3.71B,$4.31B,0.86,$10.80B,$4.30B,39.84%,$10.80B,$1.88B,17.44%,$10.80B,$1.88B,17.44%,$10.80B,$2.73B,25.31%,$10.80B,$1.69B,15.61%,$10.80B,$1.21B,11.22%,$1.21B,$4.31B,24.12%,$1.21B,$2.28B,42.06%,$1.21B,$13.05B,8.75%,$1.88B,$8.02B,21.71%,$2774,$1595,$1179,$24,$306,$2216,$558,$-36,$522,$90,$432,$440,$430,$806,$558,$298,302,$1.44,$1.43,$108,$483,$0,$2853,$11074,$0,$2527,$1185,$14786,$17639,$2548,$6389,$2113,$8745,$11293,$4,$9285,$-1753,$6346,$17639,$1316,$747,$142,$889,$-107,$-30,$0,$-172,$-384,$1873,$-1594,$0,$-32,$0,$0,$0,$0,$-1626,$340,$243,$583,$-312,$-312,$-492,$-5,$-226,$18,$52,$-492
25,2008-09-30,5.16,$15.86,0.33,$33.94,0.15,$2.88,1.79,$4.13,1.25,$2.59B,$3.09B,0.84,$3.64B,$4.89B,0.75,$10.92B,$4.35B,39.81%,$10.92B,$2.05B,18.81%,$10.92B,$2.05B,18.81%,$10.92B,$2.90B,26.60%,$10.92B,$1.85B,16.98%,$10.92B,$1.33B,12.16%,$1.33B,$4.89B,25.38%,$1.33B,$2.75B,43.23%,$1.33B,$13.88B,9.53%,$2.05B,$8.53B,23.35%,$2811,$1602,$1209,$25,$310,$2175,$636,$-33,$603,$169,$434,$444,$429,$883,$636,$299,302,$1.43,$1.42,$104,$469,$0,$2652,$10466,$0,$2505,$1065,$14036,$16688,$2728,$5961,$1873,$8066,$10794,$4,$9024,$-1992,$5894,$16688,$876,$499,$9,$508,$-47,$-14,$0,$-78,$-257,$1127,$-1047,$0,$20,$0,$0,$0,$0,$-1027,$670,$-218,$452,$-206,$-206,$-328,$3,$-79,$14,$35,$-328
26,2008-06-30,5.96,$18.00,0.33,$32.31,0.18,$3.26,1.83,$3.96,1.51,$2.75B,$2.72B,1.01,$3.67B,$5.67B,0.65,$10.44B,$4.21B,40.30%,$10.44B,$1.97B,18.87%,$10.44B,$1.97B,18.87%,$10.44B,$2.80B,26.81%,$10.44B,$1.78B,17.02%,$10.44B,$1.28B,12.24%,$1.28B,$5.67B,24.46%,$1.28B,$3.46B,41.21%,$1.28B,$14.43B,9.36%,$1.97B,$9.35B,22.60%,$2840,$1616,$1224,$24,$335,$2213,$627,$-37,$590,$165,$425,$432,$419,$879,$627,$299,303,$1.40,$1.38,$107,$482,$0,$2762,$10523,$0,$2578,$1124,$14225,$16987,$2154,$6420,$1914,$8566,$10720,$4,$8762,$-1472,$6267,$16987,$419,$252,$-7,$245,$-143,$-31,$0,$7,$-262,$402,$-483,$0,$52,$0,$0,$0,$0,$-431,$366,$-88,$278,$-102,$-102,$-164,$32,$44,$17,$17,$-164
27,2008-03-31,9.61,$16.64,0.58,$30.53,0.31,$3.63,2.65,$3.77,2.55,$2.63B,$2.88B,0.92,$3.58B,$5.21B,0.69,$9.89B,$4.02B,40.65%,$9.89B,$1.87B,18.86%,$9.89B,$1.87B,18.86%,$9.89B,$2.67B,26.97%,$9.89B,$1.68B,17.02%,$9.89B,$1.22B,12.33%,$1.22B,$5.21B,24.30%,$1.22B,$3.03B,41.16%,$1.22B,$14.00B,9.31%,$1.87B,$8.79B,22.10%,$2796,$1598,$1198,$23,$315,$2178,$618,$-38,$580,$156,$424,$431,$420,$867,$618,$302,307,$1.40,$1.38,$90,$456,$0,$2607,$10131,$523,$2539,$556,$13749,$16356,$2535,$5838,$1228,$8024,$10559,$4,$8510,$-1746,$5797,$16356,$1672,$1003,$38,$1041,$-108,$-31,$0,$-158,$-253,$2455,$-1797,$0,$-208,$0,$0,$0,$0,$-2005,$961,$-47,$914,$-742,$-742,$-602,$50,$-380,$51,$62,$-602
28,2007-12-31,12.17,$16.30,0.75,$28.87,0.42,$3.56,3.42,$3.62,3.36,$2.41B,$2.65B,0.91,$3.36B,$5.14B,0.65,$9.40B,$3.85B,40.90%,$9.40B,$1.79B,19.00%,$9.40B,$1.79B,19.00%,$9.40B,$2.56B,27.23%,$9.40B,$1.61B,17.16%,$9.40B,$1.18B,12.52%,$1.18B,$5.14B,24.37%,$1.18B,$3.04B,41.36%,$1.18B,$13.38B,9.39%,$1.79B,$8.51B,21.76%,$2896,$1684,$1212,$22,$307,$2264,$632,$-36,$596,$166,$430,$443,$429,$888,$632,$302,306,$1.42,$1.40,$125,$445,$0,$2704,$9754,$0,$2175,$1269,$13198,$15902,$2169,$5809,$1803,$7612,$9781,$4,$8275,$-1372,$6121,$15902,$1252,$754,$31,$785,$-202,$-43,$0,$-80,$-373,$1664,$-1225,$0,$-59,$0,$0,$0,$0,$-1284,$624,$101,$725,$-594,$-594,$-453,$43,$-279,$86,$46,$-453
29,2007-09-30,13.01,$15.39,0.85,$27.55,0.47,$3.75,3.47,$3.46,3.76,$2.41B,$2.53B,0.95,$3.34B,$4.86B,0.69,$9.00B,$3.67B,40.81%,$9.00B,$1.70B,18.83%,$9.00B,$1.70B,18.83%,$9.00B,$2.44B,27.11%,$9.00B,$1.53B,17.04%,$9.00B,$1.13B,12.55%,$1.13B,$4.86B,24.13%,$1.13B,$2.87B,40.32%,$1.13B,$12.75B,9.45%,$1.70B,$8.20B,21.28%,$2858,$1640,$1218,$23,$309,$2231,$627,$-36,$591,$163,$428,$439,$425,$881,$627,$304,308,$1.40,$1.38,$80,$450,$0,$2758,$10079,$0,$2257,$1316,$13652,$16410,$1996,$5685,$1959,$7644,$9640,$4,$7997,$-675,$6770,$16410,$823,$498,$52,$550,$-267,$-50,$0,$29,$-441,$932,$-767,$0,$-43,$0,$0,$0,$0,$-810,$495,$26,$521,$-343,$-343,$-303,$40,$-85,$41,$30,$-303
30,2007-06-30,18.81,$15.16,1.24,$26.62,0.71,$3.71,5.08,$3.27,5.75,$2.31B,$1.91B,1.21,$3.41B,$4.85B,0.7,$8.73B,$3.54B,40.51%,$8.73B,$1.63B,18.64%,$8.73B,$1.63B,18.64%,$8.73B,$2.35B,26.91%,$8.73B,$1.47B,16.86%,$8.73B,$1.07B,12.28%,$1.07B,$4.85B,23.35%,$1.07B,$2.91B,38.40%,$1.07B,$12.25B,9.32%,$1.63B,$8.26B,21.01%,$2702,$1536,$1166,$22,$308,$2111,$591,$-35,$556,$156,$400,$409,$398,$835,$591,$304,309,$1.31,$1.29,$86,$416,$0,$2598,$9784,$0,$2235,$1217,$13236,$15834,$1921,$5481,$1895,$7376,$9297,$4,$7721,$-794,$6537,$15834,$398,$244,$51,$295,$-178,$-17,$8,$-4,$-334,$359,$-334,$0,$30,$0,$0,$0,$0,$-304,$309,$-46,$263,$-138,$-138,$-152,$17,$-10,$47,$14,$-152
31,2007-03-31,15.9,$14.02,1.13,$25.77,0.62,$3.53,4.5,$3.13,5.08,$2.20B,$1.86B,1.19,$3.40B,$4.47B,0.76,$8.47B,$3.43B,40.48%,$8.47B,$1.57B,18.53%,$8.47B,$1.57B,18.53%,$8.47B,$2.28B,26.87%,$8.47B,$1.42B,16.70%,$8.47B,$1.03B,12.13%,$1.03B,$4.47B,23.12%,$1.03B,$2.57B,37.85%,$1.03B,$11.75B,9.22%,$1.57B,$7.87B,21.24%,$2623,$1492,$1131,$23,$301,$2118,$505,$-28,$477,$346,$131,$142,$133,$745,$505,$307,311,$0.45,$0.43,$39,$399,$0,$2378,$9532,$564,$2198,$602,$12896,$15274,$2110,$5155,$953,$7019,$9129,$4,$7475,$-1018,$6145,$15274,$1195,$925,$160,$1085,$-114,$-26,$0,$-398,$-375,$1905,$-1388,$0,$-96,$0,$0,$0,$0,$-1484,$375,$115,$490,$-404,$-404,$-551,$46,$-419,$-6,$47,$-551
32,2006-12-31,9.95,$14.19,0.7,$25.25,0.39,$3.45,2.88,$3.00,3.32,$2.06B,$1.76B,1.17,$2.98B,$4.55B,0.66,$8.32B,$3.36B,40.32%,$8.32B,$1.52B,18.25%,$8.32B,$1.52B,18.25%,$8.32B,$2.22B,26.61%,$8.32B,$1.36B,16.39%,$8.32B,$0.99B,11.87%,$0.99B,$4.55B,22.66%,$0.99B,$2.87B,36.66%,$0.99B,$11.10B,9.09%,$1.52B,$7.54B,21.24%,$2538,$1444,$1094,$19,$299,$1987,$551,$-29,$522,$146,$376,$388,$377,$778,$551,$307,312,$1.22,$1.21,$71,$403,$0,$2453,$9294,$0,$2204,$1106,$12604,$15057,$1864,$4815,$2048,$6863,$8727,$4,$7480,$-1064,$6330,$15057,$1062,$685,$176,$861,$-139,$-27,$-93,$-133,$-331,$1615,$-937,$0,$-90,$0,$0,$0,$0,$-1027,$13,$-32,$-19,$-139,$-139,$-414,$21,$-551,$26,$35,$-414
