,Date,Stock Price,Book Value per Share,Price to Book Ratio,TTM Sales per Share,Price to Sales Ratio,TTM FCF per Share,Price to FCF Ratio,TTM Net EPS,PE Ratio,Current Assets,Current Liabilities,Current Ratio,Long Term Debt,Shareholder's Equity_x,Debt to Equity Ratio,TTM Revenue_x,TTM Gross Profit,Gross Margin,TTM Revenue_y,TTM Operating Income,Operating Margin,TTM Revenue_x,TTM EBIT,EBIT Margin,TTM Revenue_y,TTM EBITDA,EBITDA Margin,TTM Revenue_x,TTM Pre-Tax Income,Pre-Tax Margin,TTM Revenue_y,TTM Net Income_x,Net Margin,TTM Net Income_y,Shareholder's Equity_y,Return on Equity,TTM Net Income_x,Tangible Equity,Return on Tangible Equity,TTM Net Income_y,Total Assets,Return on Assets,TTM Net Income,LT Investments & Debt,Return on Investment,revenue,cost-goods-sold,gross-profit,research-development-expenses,selling-general-administrative-expenses,operating-expenses,operating-income,total-non-operating-income-expense,pre-tax-income,total-provision-income-taxes,income-after-taxes,income-from-continuous-operations,net-income,ebitda,ebit,basic-shares-outstanding,shares-outstanding,eps-basic-net-earnings-per-share,eps-earnings-per-share-diluted,cash-on-hand,inventory,other-current-assets,total-current-assets,net-property-plant-equipment,long-term-investments,goodwill-intangible-assets-total,other-long-term-assets,total-long-term-assets,total-assets,total-current-liabilities,long-term-debt,other-non-current-liabilities,total-long-term-liabilities,total-liabilities,common-stock-net,retained-earnings-accumulated-deficit,comprehensive-income,total-share-holder-equity,total-liabilities-share-holders-equity,net-income-loss,total-depreciation-amortization-cash-flow,other-non-cash-items,total-non-cash-items,change-in-accounts-receivable,change-in-inventories,change-in-accounts-payable,change-in-assets-liabilities,total-change-in-assets-liabilities,cash-flow-from-operating-activities,net-change-in-property-plant-equipment,net-change-in-intangible-assets,net-acquisitions-divestitures,net-change-in-short-term-investments,net-change-in-long-term-investments,net-change-in-investments-total,investing-activities-other,cash-flow-from-investing-activities,net-long-term-debt,net-current-debt,debt-issuance-retirement-net-total,net-common-equity-issued-repurchased,net-total-equity-issued-repurchased,total-common-preferred-stock-dividends-paid,financial-activities-other,cash-flow-from-financial-activities,net-cash-flow,stock-based-compensation,common-stock-dividends-paid
0,2018-09-30,24.78,$15.85,1.56,$11.49,2.16,$1.74,14.22,$1.70,14.58,$4.23B,$4.21B,1.0,$0.12B,$0.43B,0.28,$0.31B,$0.28B,90.10%,$0.31B,$0.06B,17.57%,$0.31B,0,0.00%,$0.31B,0,0.00%,$0.31B,$0.06B,17.57%,$0.31B,$0.05B,14.70%,$0.05B,$0.43B,11.04%,$0.05B,$0.32B,15.46%,$0.05B,$4.81B,0.96%,$0.06B,$0.55B,10.24%,$81,$8,$72,$0,$56,$64,$16,$0,$16,$4,$13,$13,$13,$0,$0,$27,27,$0.47,$0.47,$183,$0,$0,$4230,$91,$230,$117,$144,$582,$4812,$4214,$121,$46,$166,$4380,$227,$208,$-2,$432,$4812,$34,$13,$10,$23,$-38,$0,$0,$2,$-36,$21,$-6,$13,$0,$0,$-93,$-93,$-129,$-215,$25,$-12,$13,$5,$5,$-10,$183,$191,$-4,$4,$-10
1,2018-06-30,25.28,$15.48,1.63,$11.25,2.25,$7.24,3.49,$1.53,16.53,$4.36B,$4.31B,1.01,$0.12B,$0.42B,0.29,$0.31B,$0.28B,90.82%,$0.31B,$0.05B,17.05%,$0.31B,0,0.00%,$0.31B,0,0.00%,$0.31B,$0.05B,17.05%,$0.31B,$0.04B,13.44%,$0.04B,$0.42B,10.11%,$0.04B,$0.30B,14.25%,$0.04B,$4.89B,0.87%,$0.05B,$0.54B,9.89%,$82,$8,$73,$0,$61,$69,$12,$0,$12,$3,$9,$9,$9,$0,$0,$27,27,$0.35,$0.34,$158,$0,$0,$4364,$90,$169,$126,$144,$529,$4892,$4308,$121,$43,$164,$4471,$224,$198,$-1,$421,$4892,$21,$6,$10,$16,$-102,$0,$0,$3,$-99,$-62,$-4,$0,$0,$0,$-34,$-34,$-215,$-253,$95,$-8,$87,$3,$3,$-6,$202,$287,$-29,$3,$-6
2,2018-03-31,22.84,$15.19,1.5,$11.06,2.06,$13.55,1.68,$1.52,15.02,$4.31B,$4.24B,1.02,$0.12B,$0.41B,0.29,$0.30B,$0.27B,91.61%,$0.30B,$0.05B,18.12%,$0.30B,0,0.00%,$0.30B,0,0.00%,$0.30B,$0.05B,18.12%,$0.30B,$0.04B,13.76%,$0.04B,$0.41B,10.38%,$0.04B,$0.29B,14.55%,$0.04B,$4.81B,0.89%,$0.05B,$0.53B,10.48%,$79,$7,$72,$0,$57,$64,$15,$0,$15,$3,$12,$12,$12,$0,$0,$27,27,$0.44,$0.43,$200,$0,$0,$4309,$89,$146,$120,$148,$502,$4812,$4238,$121,$42,$163,$4401,$219,$192,$-1,$411,$4812,$12,$1,$4,$5,$-73,$0,$0,$4,$-68,$-52,$-1,$0,$0,$0,$-14,$-14,$-136,$-151,$200,$-13,$187,$0,$0,$-3,$33,$217,$14,$1,$-3
3,2017-12-31,21.47,$14.86,1.44,$10.99,1.95,$20.36,1.05,$1.49,14.41,$4.10B,$4.02B,1.02,$0.12B,$0.40B,0.3,$0.29B,$0.27B,92.18%,$0.29B,$0.06B,19.05%,$0.29B,0,0.00%,$0.29B,0,0.00%,$0.29B,$0.06B,19.05%,$0.29B,$0.04B,13.61%,$0.04B,$0.40B,10.39%,$0.04B,$0.29B,14.52%,$0.04B,$4.58B,0.88%,$0.06B,$0.52B,11.07%,$71,$6,$65,$0,$53,$59,$12,$0,$12,$-1,$12,$12,$12,$0,$0,$27,27,$0.46,$0.46,$186,$0,$0,$4095,$88,$142,$113,$139,$482,$4577,$4018,$121,$37,$157,$4175,$218,$184,$0,$402,$4577,$40,$24,$12,$36,$74,$0,$0,$5,$80,$155,$-5,$0,$0,$0,$21,$21,$-273,$-257,$-100,$7,$-93,$8,$8,$-13,$237,$139,$37,$5,$-13
4,2017-09-30,23.16,$14.47,1.6,$11.66,1.99,$13.36,1.73,$1.60,14.47,$4.03B,$3.95B,1.02,$0.12B,$0.39B,0.31,$0.31B,$0.29B,92.86%,$0.31B,$0.07B,21.75%,$0.31B,0,0.00%,$0.31B,0,0.00%,$0.31B,$0.07B,21.75%,$0.31B,$0.04B,13.96%,$0.04B,$0.39B,11.46%,$0.04B,$0.28B,15.99%,$0.04B,$4.51B,0.95%,$0.07B,$0.51B,13.51%,$73,$6,$67,$0,$54,$60,$13,$0,$13,$5,$8,$8,$8,$0,$0,$27,27,$0.30,$0.30,$312,$0,$0,$4031,$88,$140,$112,$134,$474,$4505,$3953,$121,$44,$164,$4117,$213,$174,$1,$388,$4505,$27,$17,$16,$33,$99,$0,$0,$8,$107,$167,$-5,$0,$0,$0,$30,$30,$-103,$-79,$-225,$-4,$-229,$4,$4,$-10,$308,$74,$162,$3,$-10
5,2017-06-30,22.27,$14.21,1.57,$11.99,1.86,$6.41,3.47,$1.78,12.51,$4.13B,$4.07B,1.02,$0.12B,$0.38B,0.32,$0.31B,$0.29B,93.31%,$0.31B,$0.07B,23.57%,$0.31B,0,0.00%,$0.31B,0,0.00%,$0.31B,$0.07B,23.57%,$0.31B,$0.05B,15.29%,$0.05B,$0.38B,13.14%,$0.05B,$0.27B,18.01%,$0.05B,$4.61B,1.07%,$0.07B,$0.50B,15.23%,$75,$6,$69,$0,$55,$61,$14,$0,$14,$5,$9,$9,$9,$0,$0,$26,27,$0.34,$0.33,$431,$0,$0,$4127,$87,$146,$108,$141,$482,$4609,$4065,$121,$45,$165,$4230,$209,$170,$1,$379,$4609,$19,$11,$7,$18,$54,$0,$0,$14,$68,$105,$-2,$0,$0,$0,$17,$17,$-26,$-10,$-75,$-3,$-78,$2,$2,$-6,$269,$186,$281,$2,$-6
6,2017-03-31,21.68,$14.09,1.54,$11.75,1.85,$0.96,22.69,$1.71,12.68,$4.04B,$4.00B,1.01,$0.12B,$0.37B,0.33,$0.31B,$0.29B,93.46%,$0.31B,$0.07B,23.20%,$0.31B,0,0.00%,$0.31B,0,0.00%,$0.31B,$0.07B,23.20%,$0.31B,$0.05B,15.03%,$0.05B,$0.37B,12.98%,$0.05B,$0.27B,17.49%,$0.05B,$4.53B,1.05%,$0.07B,$0.49B,14.96%,$75,$5,$70,$0,$53,$58,$17,$0,$17,$6,$11,$11,$11,$0,$0,$26,26,$0.40,$0.40,$351,$0,$0,$4036,$87,$155,$105,$148,$495,$4531,$3995,$120,$45,$165,$4160,$207,$164,$1,$371,$4531,$11,$4,$9,$13,$96,$0,$0,$9,$105,$129,$-1,$0,$0,$0,$5,$5,$-51,$-46,$0,$-4,$-4,$1,$1,$-3,$125,$118,$201,$1,$-3
7,2016-12-31,22.82,$13.78,1.66,$11.30,2.02,$-3.66,0.0,$1.49,15.31,$3.89B,$3.87B,1.0,$0.12B,$0.36B,0.33,$0.29B,$0.27B,93.10%,$0.29B,$0.06B,21.03%,$0.29B,0,0.00%,$0.29B,0,0.00%,$0.29B,$0.06B,21.03%,$0.29B,$0.04B,13.79%,$0.04B,$0.36B,11.62%,$0.04B,$0.26B,15.49%,$0.04B,$4.39B,0.93%,$0.06B,$0.48B,13.14%,$85,$5,$80,$0,$57,$62,$23,$0,$23,$8,$15,$15,$15,$0,$0,$25,26,$0.59,$0.58,$150,$0,$0,$3887,$88,$161,$99,$154,$502,$4390,$3874,$120,$33,$153,$4027,$205,$157,$1,$363,$4390,$39,$27,$18,$44,$-100,$0,$0,$-13,$-112,$-30,$-7,$0,$38,$0,$22,$22,$-259,$-205,$60,$-26,$34,$9,$9,$-12,$267,$298,$64,$4,$-12
8,2016-09-30,17.61,$13.32,1.32,$10.57,1.67,$-2.65,0.0,$1.20,14.68,$3.90B,$3.89B,1.0,$0.12B,$0.35B,0.35,$0.27B,$0.25B,92.51%,$0.27B,$0.05B,17.98%,$0.27B,0,0.00%,$0.27B,0,0.00%,$0.27B,$0.05B,17.98%,$0.27B,$0.03B,11.99%,$0.03B,$0.35B,9.73%,$0.03B,$0.27B,12.97%,$0.03B,$4.40B,0.77%,$0.05B,$0.47B,10.69%,$79,$5,$74,$0,$54,$59,$20,$0,$20,$7,$13,$13,$13,$0,$0,$26,26,$0.48,$0.48,$144,$0,$0,$3898,$89,$170,$82,$157,$498,$4396,$3892,$120,$36,$156,$4048,$200,$145,$3,$348,$4396,$24,$33,$7,$40,$-77,$0,$0,$-5,$-82,$-18,$-6,$0,$38,$0,$16,$16,$-289,$-241,$90,$53,$143,$7,$7,$-9,$176,$316,$58,$1,$-9
9,2016-06-30,14.9,$13.17,1.13,$10.05,1.48,$-0.14,0.0,$1.11,13.43,$3.77B,$3.79B,1.0,$0.12B,$0.34B,0.36,$0.25B,$0.23B,92.34%,$0.25B,$0.04B,16.94%,$0.25B,0,0.00%,$0.25B,0,0.00%,$0.25B,$0.04B,16.94%,$0.25B,$0.03B,11.29%,$0.03B,$0.34B,8.87%,$0.03B,$0.26B,11.99%,$0.03B,$4.28B,0.71%,$0.04B,$0.46B,9.63%,$67,$5,$62,$0,$51,$56,$11,$0,$11,$4,$7,$7,$7,$0,$0,$25,26,$0.26,$0.26,$149,$0,$0,$3770,$87,$186,$79,$160,$511,$4282,$3785,$120,$40,$161,$3946,$197,$136,$3,$336,$4282,$11,$25,$3,$28,$-75,$0,$0,$-2,$-78,$-39,$-2,$0,$38,$0,$4,$4,$-149,$-109,$35,$-29,$6,$4,$4,$-6,$206,$210,$63,$1,$-6
10,2016-03-31,15.14,$12.96,1.17,$10.26,1.48,$-2.92,0.0,$1.39,10.89,$3.59B,$3.61B,0.99,$0.12B,$0.33B,0.37,$0.25B,$0.23B,93.06%,$0.25B,$0.05B,20.82%,$0.25B,0,0.00%,$0.25B,0,0.00%,$0.25B,$0.05B,20.82%,$0.25B,$0.03B,13.47%,$0.03B,$0.33B,10.89%,$0.03B,$0.25B,14.92%,$0.03B,$4.10B,0.89%,$0.05B,$0.45B,12.04%,$59,$5,$54,$0,$47,$52,$7,$0,$7,$3,$5,$5,$5,$0,$0,$24,25,$0.19,$0.18,$125,$0,$0,$3588,$88,$183,$83,$160,$513,$4101,$3611,$120,$41,$161,$3772,$195,$132,$3,$330,$4101,$5,$9,$-1,$8,$-3,$0,$0,$-1,$-5,$8,$-2,$0,$38,$0,$8,$8,$-49,$-6,$10,$-30,$-20,$2,$2,$-3,$58,$37,$39,$0,$-3
11,2015-12-31,20.89,$13.03,1.6,$10.35,2.02,$-4.35,0.0,$1.66,12.59,$3.35B,$3.39B,0.99,$0.12B,$0.30B,0.4,$0.25B,$0.23B,93.88%,$0.25B,$0.06B,24.90%,$0.25B,0,0.00%,$0.25B,0,0.00%,$0.25B,$0.06B,24.90%,$0.25B,$0.04B,15.92%,$0.04B,$0.30B,13.48%,$0.04B,$0.22B,18.46%,$0.04B,$3.85B,1.12%,$0.06B,$0.42B,15.59%,$62,$5,$57,$0,$46,$51,$10,$0,$10,$4,$7,$7,$7,$0,$0,$22,24,$0.28,$0.26,$86,$0,$0,$3354,$80,$187,$85,$143,$495,$3849,$3389,$120,$38,$158,$3548,$170,$130,$2,$301,$3849,$39,$22,$10,$32,$-71,$0,$0,$3,$-68,$3,$-12,$0,$215,$0,$13,$13,$-446,$-229,$45,$-66,$-21,$6,$6,$-9,$265,$241,$15,$1,$-9
12,2015-09-30,19.71,$12.83,1.54,$9.96,1.98,$-10.58,0.0,$1.69,11.66,$3.04B,$3.05B,1.0,$0.12B,$0.30B,0.41,$0.23B,$0.22B,94.44%,$0.23B,$0.06B,26.50%,$0.23B,0,0.00%,$0.23B,0,0.00%,$0.23B,$0.06B,26.50%,$0.23B,$0.04B,16.67%,$0.04B,$0.30B,13.92%,$0.04B,$0.21B,18.84%,$0.04B,$3.50B,1.19%,$0.06B,$0.42B,17.06%,$60,$4,$56,$0,$41,$46,$14,$0,$14,$5,$9,$9,$9,$0,$0,$23,24,$0.41,$0.39,$87,$0,$0,$3044,$69,$169,$83,$135,$455,$3499,$3049,$120,$35,$155,$3204,$167,$126,$3,$295,$3499,$32,$5,$8,$13,$-5,$0,$0,$6,$1,$47,$-8,$0,$147,$0,$-11,$-11,$-339,$-212,$-5,$-74,$-79,$3,$3,$-6,$264,$181,$16,$1,$-6
13,2015-06-30,16.17,$12.90,1.25,$9.73,1.66,$-17.34,0.0,$1.68,9.63,$2.94B,$2.94B,1.0,$0.12B,$0.29B,0.42,$0.23B,$0.22B,94.74%,$0.23B,$0.06B,27.19%,$0.23B,0,0.00%,$0.23B,0,0.00%,$0.23B,$0.06B,27.19%,$0.23B,$0.04B,17.11%,$0.04B,$0.29B,14.39%,$0.04B,$0.21B,19.24%,$0.04B,$3.38B,1.25%,$0.06B,$0.41B,18.47%,$64,$4,$61,$0,$41,$44,$20,$0,$20,$7,$12,$12,$12,$0,$0,$21,23,$0.58,$0.54,$81,$0,$0,$2943,$65,$152,$78,$137,$432,$3375,$2943,$120,$26,$146,$3089,$165,$119,$2,$286,$3375,$23,$9,$-2,$7,$-124,$0,$0,$0,$-124,$-94,$-7,$0,$31,$0,$-3,$-3,$-145,$-124,$125,$-38,$87,$1,$1,$-4,$142,$227,$9,$1,$-4
14,2015-03-31,15.56,$12.85,1.21,$9.06,1.72,$-19.05,0.0,$1.48,10.52,$2.79B,$2.85B,0.98,$0.05B,$0.28B,0.17,$0.21B,$0.20B,94.84%,$0.21B,$0.05B,25.35%,$0.21B,0,0.00%,$0.21B,0,0.00%,$0.21B,$0.05B,25.35%,$0.21B,$0.04B,16.43%,$0.04B,$0.28B,13.35%,$0.04B,$0.21B,17.59%,$0.04B,$3.21B,1.18%,$0.05B,$0.32B,17.50%,$59,$3,$56,$0,$39,$42,$17,$0,$17,$6,$11,$11,$11,$0,$0,$21,24,$0.50,$0.45,$86,$0,$0,$2785,$61,$150,$68,$142,$420,$3205,$2854,$46,$30,$77,$2930,$163,$108,$3,$275,$3205,$11,$7,$-1,$6,$-45,$0,$0,$1,$-44,$-27,$-1,$0,$31,$0,$3,$3,$-56,$-24,$-10,$-80,$-90,$0,$0,$-2,$157,$65,$14,$0,$-2
15,2014-12-31,14.77,$12.40,1.19,$8.40,1.76,$-17.42,0.0,$1.29,11.45,$2.67B,$2.75B,0.97,$0.05B,$0.27B,0.18,$0.20B,$0.19B,94.90%,$0.20B,$0.05B,23.47%,$0.20B,0,0.00%,$0.20B,0,0.00%,$0.20B,$0.05B,23.47%,$0.20B,$0.03B,15.31%,$0.03B,$0.27B,11.81%,$0.03B,$0.20B,15.46%,$0.03B,$3.09B,1.07%,$0.05B,$0.31B,15.31%,$51,$3,$48,$0,$37,$40,$11,$0,$11,$4,$7,$7,$7,$0,$0,$21,23,$0.35,$0.30,$72,$0,$0,$2668,$61,$157,$65,$134,$417,$3085,$2749,$46,$25,$71,$2820,$163,$100,$3,$265,$3085,$30,$16,$15,$32,$-211,$0,$0,$8,$-204,$-142,$-13,$0,$162,$0,$-11,$-11,$-352,$-215,$150,$82,$232,$2,$2,$-6,$85,$312,$-45,$2,$-6
16,2014-09-30,12.49,$12.11,1.03,$8.21,1.52,$-4.52,0.0,$1.14,10.96,$2.46B,$2.54B,0.97,$0.05B,$0.26B,0.18,$0.19B,$0.18B,94.65%,$0.19B,$0.03B,17.65%,$0.19B,0,0.00%,$0.19B,0,0.00%,$0.19B,$0.04B,21.93%,$0.19B,$0.03B,14.44%,$0.03B,$0.26B,10.94%,$0.03B,$0.20B,14.23%,$0.03B,$2.86B,1.01%,$0.03B,$0.31B,11.24%,$54,$3,$51,$0,$38,$40,$14,$0,$14,$5,$9,$9,$9,$0,$0,$21,23,$0.41,$0.38,$92,$0,$0,$2462,$60,$164,$62,$114,$400,$2862,$2536,$46,$21,$68,$2604,$162,$94,$2,$258,$2862,$23,$9,$1,$10,$-138,$0,$0,$-4,$-143,$-110,$-11,$0,$162,$0,$11,$11,$-178,$-15,$15,$2,$17,$2,$2,$-4,$86,$100,$-25,$0,$-4
17,2014-06-30,11.76,$11.76,1.0,$8.08,1.46,$5.05,2.33,$1.06,11.13,$2.34B,$2.41B,0.97,$0.05B,$0.25B,0.19,$0.18B,$0.17B,94.02%,$0.18B,$0.03B,16.85%,$0.18B,0,0.00%,$0.18B,0,0.00%,$0.18B,$0.04B,21.20%,$0.18B,$0.03B,13.59%,$0.03B,$0.25B,10.40%,$0.03B,$0.19B,13.44%,$0.03B,$2.74B,0.96%,$0.03B,$0.30B,10.17%,$49,$3,$47,$0,$34,$37,$12,$0,$12,$4,$8,$8,$8,$0,$0,$21,23,$0.37,$0.34,$55,$0,$0,$2335,$50,$172,$58,$123,$403,$2738,$2413,$46,$27,$74,$2487,$161,$87,$3,$251,$2738,$14,$5,$-0,$5,$-164,$0,$0,$11,$-153,$-134,$-8,$0,$0,$0,$2,$2,$-71,$-77,$65,$64,$129,$1,$1,$-3,$23,$150,$-61,$0,$-3
18,2014-03-31,12.58,$11.39,1.1,$8.77,1.43,$8.72,1.44,$1.18,10.63,$2.17B,$2.24B,0.97,$0.05B,$0.24B,0.19,$0.19B,$0.17B,93.05%,$0.19B,$0.03B,18.18%,$0.19B,0,0.00%,$0.19B,0,0.00%,$0.19B,$0.04B,22.46%,$0.19B,$0.03B,13.90%,$0.03B,$0.24B,10.57%,$0.03B,$0.19B,13.35%,$0.03B,$2.56B,1.00%,$0.03B,$0.29B,9.80%,$42,$3,$40,$0,$30,$33,$9,$0,$9,$3,$6,$6,$6,$0,$0,$21,23,$0.28,$0.26,$167,$0,$0,$2165,$49,$168,$55,$120,$392,$2557,$2244,$46,$24,$70,$2314,$160,$81,$2,$242,$2557,$6,$3,$-1,$2,$1,$0,$0,$5,$6,$14,$-4,$0,$0,$0,$8,$8,$51,$55,$-15,$-1,$-16,$0,$0,$-1,$-2,$-18,$50,$0,$-1
19,2013-12-31,14.85,$11.07,1.34,$9.86,1.51,$7.29,2.04,$1.25,11.88,$2.16B,$2.26B,0.96,$0.05B,$0.24B,0.2,$0.20B,$0.18B,92.31%,$0.20B,$0.04B,17.95%,$0.20B,0,0.00%,$0.20B,0,0.00%,$0.20B,$0.04B,22.05%,$0.20B,$0.03B,13.33%,$0.03B,$0.24B,11.05%,$0.03B,$0.18B,13.77%,$0.03B,$2.56B,1.01%,$0.04B,$0.28B,9.49%,$42,$3,$39,$0,$41,$44,$-2,$0,$6,$2,$4,$4,$4,$0,$0,$19,21,$0.13,$0.12,$117,$0,$0,$2163,$45,$173,$53,$130,$401,$2564,$2262,$46,$20,$66,$2328,$159,$76,$1,$236,$2564,$28,$9,$8,$17,$88,$0,$0,$7,$96,$141,$-10,$0,$0,$0,$-14,$-14,$-113,$-137,$-65,$-23,$-88,$68,$20,$-3,$134,$64,$68,$1,$-1
20,2013-09-30,13.65,$10.94,1.25,$10.87,1.26,$-6.96,0.0,$1.36,10.05,$2.16B,$2.19B,0.99,$0.12B,$0.23B,0.5,$0.20B,$0.19B,92.12%,$0.20B,$0.04B,18.72%,$0.20B,0,0.00%,$0.20B,0,0.00%,$0.20B,$0.05B,22.66%,$0.20B,$0.03B,13.30%,$0.03B,$0.23B,12.03%,$0.03B,$0.18B,14.69%,$0.03B,$2.57B,1.05%,$0.04B,$0.35B,10.46%,$51,$3,$47,$0,$35,$39,$12,$0,$12,$4,$8,$8,$7,$0,$0,$21,24,$0.33,$0.30,$141,$0,$0,$2163,$42,$181,$52,$108,$404,$2567,$2189,$116,$29,$146,$2334,$156,$75,$2,$233,$2567,$24,$8,$6,$14,$60,$0,$0,$13,$73,$111,$-7,$0,$0,$0,$-16,$-16,$-54,$-77,$-22,$-37,$-59,$68,$20,$-2,$100,$58,$92,$1,$-0
21,2013-06-30,10.94,$12.91,0.85,$11.80,0.93,$-16.83,0.0,$1.50,7.31,$2.26B,$2.18B,1.04,$0.19B,$0.23B,0.85,$0.20B,$0.19B,92.16%,$0.20B,$0.04B,19.12%,$0.20B,0,0.00%,$0.20B,0,0.00%,$0.20B,$0.05B,23.04%,$0.20B,$0.03B,13.24%,$0.03B,$0.27B,12.66%,$0.03B,$0.23B,14.56%,$0.03B,$2.68B,1.07%,$0.04B,$0.47B,10.70%,$52,$4,$48,$0,$34,$37,$15,$0,$15,$5,$9,$9,$9,$0,$0,$17,19,$0.52,$0.46,$159,$0,$0,$2264,$42,$177,$45,$125,$411,$2675,$2176,$193,$34,$226,$2402,$153,$71,$1,$273,$2675,$16,$4,$4,$7,$-51,$0,$0,$-10,$-62,$-39,$-6,$0,$0,$0,$-13,$-13,$-2,$-20,$0,$18,$18,$67,$67,$-1,$85,$169,$110,$1,$-0
22,2013-03-31,10.09,$13.12,0.77,$11.46,0.88,$-18.06,0.0,$1.36,7.41,$2.16B,$2.14B,1.01,$0.18B,$0.15B,1.17,$0.19B,$0.18B,91.71%,$0.19B,$0.03B,17.62%,$0.19B,0,0.00%,$0.19B,0,0.00%,$0.19B,$0.04B,21.76%,$0.19B,$0.02B,12.44%,$0.02B,$0.20B,12.65%,$0.02B,$0.16B,13.85%,$0.02B,$2.53B,0.97%,$0.03B,$0.38B,10.77%,$50,$4,$46,$0,$36,$40,$10,$0,$10,$4,$6,$6,$6,$0,$0,$15,17,$0.37,$0.33,$40,$0,$0,$2158,$39,$167,$37,$111,$374,$2532,$2136,$178,$20,$197,$2333,$85,$64,$3,$199,$2532,$6,$3,$4,$6,$-30,$0,$0,$2,$-28,$-16,$-2,$0,$0,$0,$1,$1,$-43,$-43,$0,$60,$60,$0,$0,$-1,$-10,$50,$-9,$0,$-0
23,2012-12-31,8.3,$13.05,0.64,$11.14,0.74,$-19.04,0.0,$1.30,6.37,$2.10B,$2.19B,0.96,$0.07B,$0.15B,0.46,$0.19B,$0.17B,90.81%,$0.19B,$0.03B,17.30%,$0.19B,0,0.00%,$0.19B,0,0.00%,$0.19B,$0.04B,21.62%,$0.19B,$0.02B,11.89%,$0.02B,$0.19B,12.02%,$0.02B,$0.16B,12.54%,$0.02B,$2.48B,0.92%,$0.03B,$0.26B,11.10%,$50,$4,$46,$0,$46,$50,$1,$0,$9,$3,$5,$5,$5,$0,$0,$15,17,$0.30,$0.27,$49,$0,$0,$2096,$38,$161,$30,$153,$381,$2477,$2194,$68,$23,$91,$2284,$82,$60,$4,$193,$2477,$25,$10,$8,$18,$-191,$0,$0,$22,$-168,$-125,$-9,$0,$30,$0,$129,$129,$-103,$47,$20,$0,$20,$2,$2,$-2,$50,$70,$-8,$1,$-0
24,2012-09-30,8.14,$12.53,0.65,$10.78,0.75,$-3.93,0.0,$1.23,6.63,$2.03B,$2.06B,0.99,$0.17B,$0.14B,1.19,$0.18B,$0.16B,89.71%,$0.18B,$0.03B,16.57%,$0.18B,0,0.00%,$0.18B,0,0.00%,$0.18B,$0.04B,21.14%,$0.18B,$0.02B,11.43%,$0.02B,$0.19B,11.33%,$0.02B,$0.19B,11.33%,$0.02B,$2.44B,0.86%,$0.03B,$0.36B,9.55%,$52,$4,$48,$0,$35,$39,$13,$0,$13,$5,$8,$8,$7,$0,$0,$15,17,$0.49,$0.44,$47,$0,$0,$2029,$37,$182,$0,$178,$414,$2443,$2056,$167,$32,$199,$2255,$80,$56,$4,$188,$2443,$20,$6,$7,$13,$-105,$0,$-1,$-11,$-118,$-85,$-7,$0,$30,$0,$115,$115,$-93,$46,$0,$45,$45,$1,$1,$-2,$-14,$30,$-10,$0,$-0
25,2012-06-30,7.31,$12.01,0.61,$9.79,0.75,$9.04,0.81,$0.87,8.38,$1.98B,$2.12B,0.93,$0.09B,$0.13B,0.7,$0.16B,$0.14B,87.82%,$0.16B,$0.02B,12.18%,$0.16B,0,0.00%,$0.16B,0,0.00%,$0.16B,$0.03B,17.31%,$0.16B,$0.01B,8.97%,$0.01B,$0.18B,8.22%,$0.01B,$0.18B,8.22%,$0.01B,$2.42B,0.62%,$0.02B,$0.27B,6.65%,$41,$4,$37,$0,$27,$31,$10,$0,$10,$4,$6,$6,$6,$0,$0,$15,17,$0.38,$0.34,$38,$0,$0,$1980,$36,$209,$0,$173,$436,$2416,$2121,$93,$24,$116,$2237,$77,$51,$4,$179,$2416,$12,$3,$4,$7,$-68,$0,$-0,$-5,$-74,$-55,$-6,$0,$30,$0,$88,$88,$-96,$17,$0,$51,$51,$1,$1,$-1,$-31,$19,$-19,$0,$-0
26,2012-03-31,5.61,$11.59,0.48,$9.89,0.57,$22.25,0.25,$0.73,7.66,$1.85B,$1.93B,0.96,$0.10B,$0.13B,0.76,$0.15B,$0.13B,86.18%,$0.15B,$0.01B,9.21%,$0.15B,0,0.00%,$0.15B,0,0.00%,$0.15B,$0.02B,14.47%,$0.15B,$0.01B,7.24%,$0.01B,$0.17B,6.65%,$0.01B,$0.17B,6.65%,$0.01B,$2.22B,0.51%,$0.01B,$0.27B,4.86%,$42,$5,$37,$0,$29,$34,$8,$0,$8,$3,$5,$5,$4,$0,$0,$15,16,$0.31,$0.28,$39,$0,$0,$1851,$30,$199,$0,$134,$364,$2215,$1926,$95,$22,$117,$2043,$75,$47,$3,$172,$2215,$5,$2,$4,$6,$-35,$0,$-1,$-6,$-41,$-30,$-2,$0,$0,$0,$78,$78,$-39,$37,$0,$-22,$-22,$0,$0,$-1,$-3,$-26,$-19,$0,$-0
27,2011-12-31,4.98,$12.27,0.41,$9.89,0.5,$32.25,0.15,$0.53,9.33,$1.80B,$1.89B,0.95,$0.16B,$0.12B,1.28,$0.15B,$0.12B,84.83%,$0.15B,$0.01B,6.21%,$0.15B,0,0.00%,$0.15B,0,0.00%,$0.15B,$0.02B,11.72%,$0.15B,$0.01B,5.52%,$0.01B,$0.17B,5.06%,$0.01B,$0.17B,5.06%,$0.01B,$2.24B,0.38%,$0.01B,$0.32B,3.09%,$40,$5,$35,$0,$37,$42,$-2,$0,$6,$2,$4,$4,$3,$0,$0,$14,15,$0.21,$0.20,$57,$0,$0,$1796,$29,$278,$0,$116,$439,$2235,$1893,$155,$20,$175,$2068,$74,$43,$4,$167,$2235,$11,$6,$20,$26,$76,$0,$0,$3,$79,$116,$-9,$0,$34,$0,$-48,$-48,$-171,$-195,$0,$-13,$-13,$15,$15,$-3,$88,$88,$10,$0,$-0
28,2011-09-30,5.29,$11.40,0.46,$10.07,0.53,$22.39,0.24,$0.50,10.53,$1.72B,$1.81B,0.95,$0.12B,$0.12B,1.03,$0.14B,$0.12B,83.80%,$0.14B,$0.02B,10.56%,$0.14B,0,0.00%,$0.14B,0,0.00%,$0.14B,$0.02B,10.56%,$0.14B,$0.01B,4.93%,$0.01B,$0.16B,4.62%,$0.01B,$0.16B,4.62%,$0.01B,$2.11B,0.35%,$0.02B,$0.28B,5.33%,$33,$5,$28,$0,$25,$30,$3,$0,$3,$1,$2,$2,$1,$0,$0,$14,16,$0.09,$0.08,$118,$0,$0,$1722,$22,$255,$0,$111,$388,$2110,$1808,$120,$19,$139,$1947,$72,$41,$3,$163,$2110,$8,$4,$15,$19,$97,$0,$-1,$0,$96,$123,$-4,$0,$0,$0,$-68,$-68,$-129,$-201,$0,$-15,$-15,$14,$14,$-2,$152,$149,$70,$0,$-0
29,2011-06-30,5.62,$11.20,0.5,$10.64,0.53,$13.21,0.43,$0.51,11.02,$1.73B,$1.75B,0.99,$0.12B,$0.11B,1.06,$0.14B,$0.12B,82.64%,$0.14B,$0.02B,10.42%,$0.14B,0,0.00%,$0.14B,0,0.00%,$0.14B,$0.02B,10.42%,$0.14B,$0.01B,4.86%,$0.01B,$0.16B,4.81%,$0.01B,$0.16B,4.81%,$0.01B,$2.04B,0.36%,$0.02B,$0.28B,5.34%,$37,$6,$31,$0,$26,$32,$5,$0,$5,$2,$4,$4,$3,$0,$0,$13,14,$0.22,$0.19,$195,$0,$0,$1730,$21,$189,$0,$105,$314,$2044,$1747,$120,$17,$137,$1884,$72,$40,$1,$160,$2044,$5,$2,$11,$13,$120,$0,$-0,$3,$123,$141,$-3,$0,$0,$0,$-5,$-5,$-75,$-83,$0,$-20,$-20,$14,$14,$-1,$95,$89,$147,$0,$-0
30,2011-03-31,6.5,$11.98,0.54,$10.72,0.61,$1.99,3.27,$0.63,10.31,$1.65B,$1.71B,0.97,$0.14B,$0.10B,1.44,$0.14B,$0.12B,80.42%,$0.14B,$0.02B,12.59%,$0.14B,0,0.00%,$0.14B,0,0.00%,$0.14B,$0.02B,12.59%,$0.14B,$0.01B,5.59%,$0.01B,$0.14B,5.72%,$0.01B,$0.14B,5.72%,$0.01B,$2.00B,0.42%,$0.02B,$0.28B,6.55%,$35,$6,$29,$0,$26,$33,$3,$0,$3,$1,$2,$2,$1,$0,$0,$12,14,$0.09,$0.08,$126,$0,$0,$1651,$20,$229,$0,$99,$348,$1999,$1706,$138,$13,$151,$1857,$58,$38,$0,$142,$1999,$2,$1,$7,$8,$95,$0,$-1,$6,$100,$110,$-1,$0,$0,$0,$-48,$-48,$-35,$-84,$0,$-12,$-12,$0,$0,$-1,$65,$52,$78,$0,$0
31,2010-12-31,5.64,$11.78,0.48,$10.73,0.53,$-3.87,0.0,$0.51,11.06,$1.64B,$1.65B,1.0,$0.14B,$0.10B,1.5,$0.14B,$0.11B,77.54%,$0.14B,$0.02B,10.87%,$0.14B,0,0.00%,$0.14B,0,0.00%,$0.14B,$0.02B,10.87%,$0.14B,$0.01B,4.35%,$0.01B,$0.14B,4.38%,$0.01B,$0.14B,4.38%,$0.01B,$1.95B,0.32%,$0.02B,$0.28B,5.62%,$37,$6,$31,$0,$27,$34,$4,$0,$4,$1,$3,$3,$2,$0,$0,$12,13,$0.19,$0.18,$48,$0,$0,$1641,$20,$182,$0,$103,$304,$1945,$1649,$143,$13,$156,$1805,$58,$37,$0,$141,$1945,$10,$4,$15,$18,$-65,$0,$-2,$5,$-61,$-33,$-3,$0,$0,$0,$-17,$-17,$-149,$-169,$25,$-9,$16,$2,$2,$-2,$63,$79,$-123,$0,$-0
32,2010-09-30,5.15,$11.77,0.44,$11.16,0.46,$-5.77,0.0,$0.45,11.43,$1.59B,$1.59B,1.0,$0.14B,$0.09B,1.52,$0.14B,$0.10B,74.64%,$0.14B,$0.01B,10.14%,$0.14B,0,0.00%,$0.14B,0,0.00%,$0.14B,$0.01B,10.14%,$0.14B,$0.01B,3.62%,$0.01B,$0.14B,3.72%,$0.01B,$0.14B,3.72%,$0.01B,$1.88B,0.27%,$0.01B,$0.28B,5.43%,$35,$7,$28,$0,$25,$32,$3,$0,$3,$1,$2,$2,$1,$0,$0,$12,13,$0.11,$0.09,$68,$0,$0,$1590,$19,$175,$0,$96,$290,$1879,$1587,$143,$11,$154,$1740,$57,$36,$2,$139,$1879,$7,$3,$9,$12,$-56,$0,$-2,$19,$-39,$-20,$-2,$0,$0,$0,$-8,$-8,$-90,$-100,$0,$6,$6,$2,$2,$-2,$10,$17,$-103,$0,$-0
33,2010-06-30,5.25,$11.62,0.45,$11.37,0.46,$-7.90,0.0,$0.32,16.4,$1.59B,$1.62B,0.98,$0.12B,$0.09B,1.28,$0.14B,$0.10B,71.11%,$0.14B,$0.01B,8.15%,$0.14B,0,0.00%,$0.14B,0,0.00%,$0.14B,$0.01B,8.15%,$0.14B,$0.00B,2.96%,$0.00B,$0.14B,3.02%,$0.00B,$0.14B,3.02%,$0.00B,$1.89B,0.21%,$0.01B,$0.26B,4.29%,$36,$8,$27,$0,$20,$28,$8,$0,$8,$3,$5,$5,$4,$0,$0,$12,13,$0.35,$0.30,$111,$0,$0,$1585,$19,$188,$0,$93,$300,$1885,$1617,$118,$13,$130,$1747,$56,$35,$1,$137,$1885,$5,$2,$6,$8,$-53,$0,$-1,$18,$-35,$-22,$0,$0,$0,$0,$-21,$-21,$-39,$-60,$8,$0,$8,$2,$2,$-1,$13,$22,$-60,$0,$-0
34,2010-03-31,4.58,$11.24,0.41,$11.60,0.39,$-15.01,0.0,$-0.31,0.0,$1.49B,$1.63B,0.92,$0.12B,$0.09B,1.37,$0.13B,$0.09B,67.94%,$0.13B,$-0.00B,-1.53%,$0.13B,0,0.00%,$0.13B,0,0.00%,$0.13B,$-0.00B,-1.53%,$0.13B,$-0.00B,-3.05%,$-0.00B,$0.13B,-3.06%,$-0.00B,$0.13B,-3.06%,$-0.00B,$1.88B,-0.21%,$-0.00B,$0.25B,-0.77%,$30,$9,$21,$0,$21,$30,$0,$0,$0,$-0,$0,$0,$-1,$0,$0,$11,11,$-0.06,$-0.06,$113,$0,$0,$1491,$19,$277,$0,$98,$394,$1884,$1628,$118,$8,$126,$1754,$54,$31,$0,$131,$1884,$0,$1,$5,$6,$13,$0,$-1,$8,$20,$26,$-1,$0,$0,$0,$-113,$-113,$-3,$-117,$17,$0,$17,$1,$1,$-1,$15,$33,$-59,$0,$-0
35,2009-12-31,2.85,$11.45,0.25,$11.71,0.24,$-21.09,0.0,$-0.64,0.0,$1.57B,$1.60B,0.98,$0.12B,$0.09B,1.38,$0.13B,$0.09B,65.65%,$0.13B,$-0.01B,-6.11%,$0.13B,0,0.00%,$0.13B,0,0.00%,$0.13B,$-0.01B,-6.11%,$0.13B,$-0.01B,-5.34%,$-0.01B,$0.13B,-5.32%,$-0.01B,$0.13B,-5.32%,$-0.01B,$1.85B,-0.37%,$-0.01B,$0.25B,-2.98%,$37,$10,$27,$0,$24,$34,$3,$0,$3,$1,$2,$2,$1,$0,$0,$11,11,$0.10,$0.10,$171,$0,$0,$1570,$18,$163,$0,$100,$282,$1852,$1597,$118,$7,$125,$1722,$53,$32,$-0,$130,$1852,$-4,$3,$30,$33,$-75,$0,$-3,$-3,$-80,$-51,$-1,$0,$0,$0,$-2,$-2,$38,$36,$3,$-13,$-11,$1,$1,$-2,$107,$95,$79,$0,$-0
36,2009-09-30,2.41,$11.74,0.21,$11.02,0.22,$-13.92,0.0,$-1.43,0.0,$1.56B,$1.63B,0.96,$0.14B,$0.09B,1.63,$0.12B,$0.07B,59.84%,$0.12B,$-0.02B,-16.39%,$0.12B,0,0.00%,$0.12B,0,0.00%,$0.12B,$-0.02B,-19.67%,$0.12B,$-0.02B,-13.11%,$-0.02B,$0.13B,-12.01%,$-0.02B,$0.13B,-12.01%,$-0.02B,$1.91B,-0.86%,$-0.02B,$0.28B,-7.42%,$32,$11,$21,$0,$21,$32,$0,$0,$0,$-0,$0,$0,$-0,$0,$0,$11,11,$-0.04,$-0.04,$147,$0,$0,$1559,$18,$251,$0,$84,$354,$1912,$1630,$143,$8,$150,$1780,$53,$31,$4,$132,$1912,$-6,$2,$26,$28,$-69,$0,$-3,$7,$-64,$-42,$-0,$0,$0,$0,$-88,$-88,$33,$-56,$28,$-37,$-9,$0,$0,$-2,$164,$153,$55,$0,$-0
37,2009-06-30,2.27,$11.55,0.2,$10.90,0.21,$-7.66,0.0,$-1.84,0.0,$1.52B,$1.62B,0.94,$0.14B,$0.09B,1.67,$0.12B,$0.07B,56.67%,$0.12B,$-0.03B,-23.33%,$0.12B,0,0.00%,$0.12B,0,0.00%,$0.12B,$-0.03B,-26.67%,$0.12B,$-0.02B,-17.50%,$-0.02B,$0.13B,-17.00%,$-0.02B,$0.13B,-17.00%,$-0.02B,$1.90B,-1.15%,$-0.03B,$0.27B,-11.08%,$32,$13,$20,$0,$25,$37,$-5,$0,$-5,$-2,$-3,$-3,$-4,$0,$0,$11,11,$-0.32,$-0.32,$66,$0,$0,$1521,$19,$265,$0,$89,$374,$1895,$1615,$143,$8,$151,$1765,$53,$32,$1,$130,$1895,$-6,$1,$18,$19,$-114,$0,$-1,$4,$-111,$-98,$-0,$0,$0,$0,$-107,$-107,$42,$-65,$28,$-12,$15,$0,$0,$-1,$122,$137,$-26,$0,$-0
38,2009-03-31,1.87,$12.04,0.16,$10.82,0.17,$1.48,1.26,$-1.60,0.0,$1.50B,$1.59B,0.94,$0.15B,$0.09B,1.61,$0.12B,$0.06B,53.78%,$0.12B,$-0.03B,-21.01%,$0.12B,0,0.00%,$0.12B,0,0.00%,$0.12B,$-0.03B,-24.37%,$0.12B,$-0.02B,-15.13%,$-0.02B,$0.13B,-15.62%,$-0.02B,$0.13B,-15.62%,$-0.02B,$1.88B,-1.00%,$-0.03B,$0.28B,-10.52%,$30,$12,$18,$0,$24,$36,$-6,$0,$-6,$-2,$-3,$-3,$-4,$0,$0,$11,11,$-0.38,$-0.38,$80,$0,$0,$1495,$19,$283,$0,$78,$380,$1875,$1590,$145,$7,$152,$1741,$52,$35,$2,$134,$1875,$-3,$1,$12,$13,$-51,$0,$-1,$-1,$-53,$-43,$-0,$0,$0,$0,$-123,$-123,$40,$-83,$30,$-3,$27,$0,$0,$-0,$87,$114,$-12,$0,$-0
39,2008-12-31,2.8,$12.33,0.23,$11.16,0.25,$6.34,0.44,$-1.13,0.0,$1.51B,$1.51B,1.0,$0.12B,$0.09B,1.24,$0.12B,$0.06B,51.64%,$0.12B,$-0.02B,-14.75%,$0.12B,0,0.00%,$0.12B,0,0.00%,$0.12B,$-0.02B,-18.03%,$0.12B,$-0.01B,-10.66%,$-0.01B,$0.14B,-12.15%,$-0.01B,$0.14B,-12.15%,$-0.01B,$1.76B,-0.74%,$-0.02B,$0.25B,-8.13%,$28,$14,$14,$0,$24,$37,$-9,$0,$-13,$-5,$-8,$-8,$-8,$0,$0,$11,11,$-0.72,$-0.72,$92,$0,$0,$1510,$19,$159,$0,$75,$253,$1763,$1506,$115,$6,$121,$1627,$52,$40,$1,$137,$1763,$-12,$3,$29,$32,$9,$0,$0,$1,$11,$31,$-3,$0,$0,$0,$-16,$-16,$-37,$-55,$23,$-21,$2,$1,$49,$-2,$38,$87,$62,$0,$-2
40,2008-09-30,3.43,$8.54,0.4,$11.64,0.29,$4.13,0.83,$-0.41,0.0,$1.51B,$1.55B,0.98,$0.12B,$0.09B,1.23,$0.13B,$0.07B,51.18%,$0.13B,$-0.01B,-7.09%,$0.13B,0,0.00%,$0.13B,0,0.00%,$0.13B,$-0.01B,-7.09%,$0.13B,$-0.01B,-3.94%,$-0.01B,$0.09B,-5.12%,$-0.01B,$0.09B,-5.12%,$-0.01B,$1.76B,-0.29%,$-0.01B,$0.21B,-4.36%,$30,$14,$16,$0,$24,$38,$-8,$0,$-8,$-3,$-5,$-5,$-5,$0,$0,$11,11,$-0.44,$-0.44,$53,$0,$0,$1511,$20,$158,$0,$71,$249,$1760,$1546,$115,$6,$121,$1667,$47,$48,$-1,$93,$1760,$-5,$2,$17,$19,$12,$0,$0,$3,$15,$30,$-3,$0,$0,$0,$-20,$-20,$-64,$-86,$23,$-3,$20,$1,$1,$-2,$60,$79,$23,$0,$-2
41,2008-06-30,3.61,$8.92,0.4,$12.05,0.3,$3.23,1.12,$0.20,18.16,$1.54B,$1.56B,0.99,$0.12B,$0.10B,1.18,$0.13B,$0.07B,50.38%,$0.13B,$0.00B,0.76%,$0.13B,0,0.00%,$0.13B,0,0.00%,$0.13B,$0.00B,0.76%,$0.13B,$0.00B,1.53%,$0.00B,$0.10B,2.02%,$0.00B,$0.10B,2.02%,$0.00B,$1.78B,0.12%,$0.00B,$0.21B,0.49%,$31,$14,$16,$0,$18,$32,$-2,$0,$-2,$-1,$-1,$-1,$-1,$0,$0,$11,11,$-0.08,$-0.08,$41,$0,$0,$1539,$20,$156,$0,$63,$239,$1778,$1560,$115,$6,$121,$1681,$47,$53,$-2,$97,$1778,$0,$1,$7,$9,$-3,$0,$-1,$1,$-3,$6,$-2,$0,$0,$0,$-18,$-18,$-68,$-88,$23,$26,$49,$0,$0,$-2,$46,$93,$11,$0,$-2
42,2008-03-31,6.4,$9.30,0.69,$12.27,0.52,$2.96,2.16,$0.47,13.49,$1.51B,$1.52B,1.0,$0.11B,$0.10B,1.11,$0.13B,$0.07B,49.62%,$0.13B,$0.01B,4.51%,$0.13B,0,0.00%,$0.13B,0,0.00%,$0.13B,$0.01B,4.51%,$0.13B,$0.01B,3.76%,$0.01B,$0.10B,5.04%,$0.01B,$0.10B,5.04%,$0.01B,$1.74B,0.30%,$0.01B,$0.21B,3.03%,$33,$16,$17,$0,$16,$32,$1,$0,$1,$0,$1,$1,$1,$0,$0,$11,11,$0.11,$0.11,$42,$0,$0,$1508,$19,$153,$0,$56,$228,$1736,$1516,$113,$6,$119,$1635,$46,$54,$1,$101,$1736,$1,$1,$3,$4,$6,$0,$0,$-0,$6,$11,$-1,$0,$0,$0,$-12,$-12,$-33,$-45,$20,$30,$50,$0,$0,$-1,$-3,$47,$12,$0,$-1
43,2007-12-31,7.03,$9.30,0.76,$12.17,0.58,$4.33,1.63,$0.61,11.48,$1.48B,$1.49B,0.99,$0.09B,$0.10B,0.93,$0.13B,$0.07B,49.24%,$0.13B,$0.01B,6.82%,$0.13B,0,0.00%,$0.13B,0,0.00%,$0.13B,$0.01B,6.82%,$0.13B,$0.01B,5.30%,$0.01B,$0.10B,7.12%,$0.01B,$0.10B,7.12%,$0.01B,$1.69B,0.42%,$0.01B,$0.19B,4.75%,$33,$17,$16,$0,$16,$33,$0,$0,$0,$-0,$0,$0,$0,$0,$0,$11,11,$0.03,$0.03,$30,$0,$0,$1475,$19,$138,$0,$55,$212,$1686,$1488,$93,$6,$98,$1587,$46,$55,$-1,$100,$1686,$7,$3,$6,$9,$-5,$0,$-0,$-4,$-10,$6,$-2,$0,$0,$0,$10,$10,$-72,$-64,$9,$4,$13,$1,$1,$-3,$19,$29,$-29,$0,$-3
44,2007-09-30,11.17,$9.16,1.22,$12.09,0.92,$2.01,5.56,$0.85,13.08,$1.45B,$1.45B,1.0,$0.11B,$0.10B,1.05,$0.13B,$0.07B,49.62%,$0.13B,$0.01B,9.92%,$0.13B,0,0.00%,$0.13B,0,0.00%,$0.13B,$0.01B,9.92%,$0.13B,$0.01B,7.63%,$0.01B,$0.10B,10.31%,$0.01B,$0.10B,10.31%,$0.01B,$1.66B,0.61%,$0.01B,$0.20B,6.98%,$34,$17,$17,$0,$15,$32,$2,$0,$2,$0,$2,$2,$2,$0,$0,$11,11,$0.16,$0.16,$29,$0,$0,$1448,$19,$143,$0,$51,$213,$1662,$1452,$105,$6,$110,$1562,$46,$55,$-2,$99,$1662,$6,$2,$4,$6,$10,$0,$-0,$-3,$7,$18,$-2,$0,$0,$0,$3,$3,$-56,$-54,$21,$-10,$10,$1,$1,$-3,$-3,$6,$-30,$0,$-3
45,2007-06-30,12.68,$8.96,1.42,$11.71,1.08,$-0.32,0.0,$0.96,13.23,$1.43B,$1.45B,0.98,$0.08B,$0.10B,0.87,$0.13B,$0.06B,49.61%,$0.13B,$0.02B,11.81%,$0.13B,0,0.00%,$0.13B,0,0.00%,$0.13B,$0.02B,11.81%,$0.13B,$0.01B,8.66%,$0.01B,$0.10B,11.55%,$0.01B,$0.10B,11.55%,$0.01B,$1.63B,0.68%,$0.02B,$0.18B,8.24%,$33,$17,$16,$0,$13,$30,$3,$0,$3,$1,$2,$2,$2,$0,$0,$11,11,$0.19,$0.19,$23,$0,$0,$1425,$19,$142,$0,$48,$209,$1634,$1448,$84,$5,$89,$1537,$45,$54,$-3,$97,$1634,$5,$1,$2,$3,$-2,$0,$0,$-4,$-5,$2,$-1,$0,$0,$0,$2,$2,$-20,$-19,$0,$-22,$-22,$1,$1,$-2,$5,$-18,$-36,$0,$-2
46,2007-03-31,14.1,$8.98,1.57,$11.20,1.26,$-1.24,0.0,$1.01,13.96,$1.41B,$1.43B,0.99,$0.08B,$0.10B,0.87,$0.12B,$0.06B,50.41%,$0.12B,$0.02B,13.22%,$0.12B,0,0.00%,$0.12B,0,0.00%,$0.12B,$0.02B,13.22%,$0.12B,$0.01B,9.92%,$0.01B,$0.10B,12.90%,$0.01B,$0.10B,12.90%,$0.01B,$1.62B,0.76%,$0.02B,$0.18B,8.77%,$32,$16,$16,$0,$12,$28,$4,$0,$4,$1,$3,$3,$3,$0,$0,$11,11,$0.24,$0.24,$47,$0,$0,$1413,$18,$148,$0,$42,$208,$1621,$1434,$84,$6,$90,$1524,$45,$53,$-1,$97,$1621,$3,$1,$1,$1,$22,$0,$0,$-1,$21,$25,$-0,$0,$0,$0,$-1,$-1,$-4,$-4,$0,$-47,$-47,$0,$0,$-1,$15,$-32,$-12,$0,$-1
47,2006-12-31,13.71,$8.80,1.56,$10.56,1.3,$-3.58,0.0,$0.97,14.18,$1.44B,$1.47B,0.99,$0.08B,$0.10B,0.89,$0.11B,$0.06B,51.75%,$0.11B,$0.02B,13.16%,$0.11B,0,0.00%,$0.11B,0,0.00%,$0.11B,$0.02B,13.16%,$0.11B,$0.01B,9.65%,$0.01B,$0.10B,12.15%,$0.01B,$0.10B,12.15%,$0.01B,$1.65B,0.72%,$0.02B,$0.18B,8.21%,$32,$16,$16,$0,$12,$28,$4,$0,$4,$1,$3,$3,$3,$0,$0,$11,11,$0.27,$0.27,$59,$0,$0,$1443,$19,$147,$0,$40,$206,$1649,$1466,$84,$5,$89,$1555,$45,$51,$-2,$95,$1649,$10,$2,$2,$5,$-30,$0,$3,$-2,$-30,$-15,$-7,$0,$0,$0,$20,$20,$-234,$-221,$-11,$-20,$-31,$1,$1,$-3,$263,$229,$-6,$0,$-3
