,Date,Stock Price,Book Value per Share,Price to Book Ratio,TTM Sales per Share,Price to Sales Ratio,TTM FCF per Share,Price to FCF Ratio,TTM Net EPS,PE Ratio,Current Assets,Current Liabilities,Current Ratio,Long Term Debt,Shareholder's Equity_x,Debt to Equity Ratio,TTM Revenue_x,TTM Gross Profit,Gross Margin,TTM Revenue_y,TTM Operating Income,Operating Margin,TTM Revenue_x,TTM EBIT,EBIT Margin,TTM Revenue_y,TTM EBITDA,EBITDA Margin,TTM Revenue_x,TTM Pre-Tax Income,Pre-Tax Margin,TTM Revenue_y,TTM Net Income_x,Net Margin,TTM Net Income_y,Shareholder's Equity_y,Return on Equity,TTM Net Income_x,Tangible Equity,Return on Tangible Equity,TTM Net Income_y,Total Assets,Return on Assets,TTM Net Income,LT Investments & Debt,Return on Investment,revenue,cost-goods-sold,gross-profit,research-development-expenses,selling-general-administrative-expenses,operating-expenses,operating-income,total-non-operating-income-expense,pre-tax-income,total-provision-income-taxes,income-after-taxes,income-from-continuous-operations,net-income,ebitda,ebit,basic-shares-outstanding,shares-outstanding,eps-basic-net-earnings-per-share,eps-earnings-per-share-diluted,cash-on-hand,inventory,other-current-assets,total-current-assets,net-property-plant-equipment,long-term-investments,goodwill-intangible-assets-total,other-long-term-assets,total-long-term-assets,total-assets,total-current-liabilities,long-term-debt,other-non-current-liabilities,total-long-term-liabilities,total-liabilities,common-stock-net,retained-earnings-accumulated-deficit,comprehensive-income,total-share-holder-equity,total-liabilities-share-holders-equity,net-income-loss,total-depreciation-amortization-cash-flow,other-non-cash-items,total-non-cash-items,change-in-accounts-receivable,change-in-inventories,change-in-accounts-payable,change-in-assets-liabilities,total-change-in-assets-liabilities,cash-flow-from-operating-activities,net-change-in-property-plant-equipment,net-change-in-intangible-assets,net-acquisitions-divestitures,net-change-in-short-term-investments,net-change-in-long-term-investments,net-change-in-investments-total,investing-activities-other,cash-flow-from-investing-activities,net-long-term-debt,net-current-debt,debt-issuance-retirement-net-total,net-common-equity-issued-repurchased,net-total-equity-issued-repurchased,total-common-preferred-stock-dividends-paid,financial-activities-other,cash-flow-from-financial-activities,net-cash-flow,stock-based-compensation,common-stock-dividends-paid
0,2018-06-30,12.56,$20.15,0.62,$48.94,0.26,$1.15,10.95,$2.79,4.5,$0.06B,$0.04B,1.75,$0.07B,$0.04B,1.65,$0.19B,$0.07B,37.97%,$0.19B,$0.01B,6.95%,$0.19B,$0.01B,6.95%,$0.19B,$0.02B,10.70%,$0.19B,$0.01B,5.88%,$0.19B,$0.01B,3.74%,$0.01B,$0.04B,19.18%,$0.01B,$-0.00B,-127.27%,$0.01B,$0.14B,5.19%,$0.01B,$0.11B,17.22%,$55,$36,$19,$0,$18,$54,$1,$1,$2,$-0,$2,$2,$2,$4,$1,$2,4,$1.05,$0.56,$2,$44,$0,$64,$28,$0,$44,$2,$78,$142,$37,$65,$0,$66,$102,$0,$-23,$0,$40,$142,$6,$5,$-3,$2,$-1,$0,$2,$0,$1,$10,$-8,$-1,$0,$0,$0,$0,$0,$-8,$1,$-3,$-1,$-0,$-0,$0,$-1,$-3,$-2,$0,$0
1,2018-03-31,12.16,$18.84,0.65,$45.02,0.27,$0.95,12.78,$2.78,4.37,$0.06B,$0.07B,0.91,$0.03B,$0.04B,0.84,$0.17B,$0.07B,39.88%,$0.17B,$0.02B,9.83%,$0.17B,$0.02B,9.83%,$0.17B,$0.02B,13.29%,$0.17B,$0.01B,6.94%,$0.17B,$0.01B,4.05%,$0.01B,$0.04B,20.14%,$0.01B,$-0.00B,-103.70%,$0.01B,$0.14B,5.34%,$0.02B,$0.07B,23.94%,$52,$33,$20,$0,$16,$48,$4,$-2,$2,$0,$2,$2,$2,$5,$4,$2,4,$0.98,$0.50,$2,$45,$0,$63,$28,$0,$41,$1,$75,$137,$69,$31,$0,$31,$100,$0,$-25,$0,$37,$137,$4,$3,$0,$3,$-0,$0,$0,$1,$-0,$7,$-7,$-0,$0,$0,$0,$0,$0,$-7,$-1,$0,$-1,$-0,$-0,$0,$0,$-1,$-1,$0,$0
2,2017-12-31,15.98,$17.89,0.89,$41.17,0.39,$0.47,33.88,$2.27,7.04,$0.06B,$0.07B,0.87,$0.03B,$0.04B,0.9,$0.16B,$0.07B,40.63%,$0.16B,$0.02B,11.25%,$0.16B,$0.02B,11.25%,$0.16B,$0.02B,15.00%,$0.16B,$0.01B,8.13%,$0.16B,$0.01B,4.38%,$0.01B,$0.04B,21.05%,$0.01B,$-0.01B,-82.35%,$0.01B,$0.13B,5.51%,$0.02B,$0.07B,23.76%,$40,$24,$16,$0,$12,$36,$4,$1,$5,$3,$2,$2,$2,$5,$4,$2,4,$0.95,$0.50,$2,$44,$0,$57,$27,$0,$41,$2,$76,$132,$65,$32,$0,$32,$97,$0,$-27,$0,$35,$132,$2,$1,$-0,$1,$3,$0,$-2,$2,$3,$6,$-5,$-0,$0,$0,$0,$0,$0,$-5,$-5,$2,$-3,$-0,$-0,$0,$0,$-3,$-2,$0,$0
3,2017-09-30,12.4,$16.86,0.74,$38.80,0.32,$0.24,52.1,$1.69,7.34,$0.06B,$0.07B,0.84,$0.03B,$0.03B,0.85,$0.15B,$0.06B,40.79%,$0.15B,$0.02B,11.84%,$0.15B,$0.02B,11.84%,$0.15B,$0.02B,15.79%,$0.15B,$0.01B,6.58%,$0.15B,$0.01B,3.95%,$0.01B,$0.03B,18.90%,$0.01B,$-0.01B,-58.54%,$0.01B,$0.13B,4.84%,$0.02B,$0.06B,22.50%,$40,$24,$16,$0,$13,$36,$4,$-2,$2,$1,$1,$1,$1,$6,$4,$2,4,$0.30,$0.22,$4,$35,$0,$56,$23,$0,$41,$0,$73,$129,$66,$29,$0,$29,$95,$0,$-29,$0,$34,$129,$7,$5,$3,$8,$-3,$0,$-2,$-6,$-7,$8,$-6,$-0,$-47,$0,$0,$0,$0,$-54,$17,$34,$51,$-1,$-1,$-0,$-1,$49,$3,$0,$0
4,2017-06-30,10.34,$16.23,0.64,$34.68,0.3,$1.45,7.11,$2.17,4.76,$0.05B,$0.04B,1.39,$0.06B,$0.03B,1.68,$0.13B,$0.05B,37.40%,$0.13B,$0.01B,9.92%,$0.13B,$0.01B,9.92%,$0.13B,$0.02B,14.50%,$0.13B,$0.01B,5.34%,$0.13B,$0.01B,6.11%,$0.01B,$0.03B,27.35%,$0.01B,$-0.01B,-320.00%,$0.01B,$0.13B,7.62%,$0.01B,$0.09B,17.45%,$41,$24,$17,$0,$12,$36,$5,$-2,$3,$1,$2,$2,$2,$7,$5,$2,4,$1.04,$0.55,$4,$34,$0,$53,$21,$0,$42,$0,$73,$126,$38,$55,$0,$55,$93,$0,$-30,$0,$33,$126,$5,$3,$2,$6,$-3,$0,$0,$-2,$-4,$7,$-6,$-0,$-47,$0,$0,$0,$0,$-53,$17,$34,$51,$-0,$-0,$-0,$-1,$50,$4,$0,$0
5,2017-03-31,15.9,$15.02,1.06,$30.05,0.53,$2.49,6.39,$5.82,2.73,$0.05B,$0.04B,1.36,$0.06B,$0.03B,1.8,$0.11B,$0.04B,33.64%,$0.11B,$0.01B,8.18%,$0.11B,$0.01B,8.18%,$0.11B,$0.01B,12.73%,$0.11B,$0.01B,4.55%,$0.11B,$0.02B,17.27%,$0.02B,$0.03B,72.38%,$0.02B,$-0.01B,422.22%,$0.02B,$0.12B,21.97%,$0.01B,$0.09B,14.34%,$39,$22,$16,$0,$11,$33,$5,$-2,$3,$2,$2,$2,$2,$6,$5,$2,4,$0.89,$0.47,$1,$34,$0,$47,$21,$0,$42,$0,$74,$121,$35,$56,$0,$56,$91,$0,$-32,$0,$31,$121,$3,$2,$2,$4,$-1,$0,$-1,$-2,$-4,$3,$-5,$-0,$-47,$0,$0,$0,$0,$-53,$15,$35,$50,$0,$0,$-0,$-1,$49,$-0,$0,$0
6,2016-12-31,24.02,$14.11,1.7,$26.29,0.91,$3.98,6.03,$5.77,4.16,$0.05B,$0.04B,1.28,$0.06B,$0.03B,1.9,$0.09B,$0.03B,29.67%,$0.09B,$0.01B,5.49%,$0.09B,$0.01B,5.49%,$0.09B,$0.01B,10.99%,$0.09B,$0.00B,3.30%,$0.09B,$0.02B,19.78%,$0.02B,$0.03B,87.80%,$0.02B,$-0.01B,205.71%,$0.02B,$0.12B,27.17%,$0.01B,$0.08B,10.42%,$32,$20,$13,$0,$9,$29,$4,$-1,$2,$1,$1,$1,$1,$5,$4,$2,4,$0.71,$0.37,$2,$32,$0,$46,$20,$0,$42,$0,$74,$120,$36,$55,$0,$55,$91,$0,$-34,$0,$29,$120,$1,$1,$1,$2,$0,$0,$-0,$-1,$-0,$3,$-3,$0,$-47,$0,$0,$0,$0,$-50,$14,$35,$49,$0,$0,$0,$-1,$48,$1,$0,$0
7,2016-09-30,11.46,$8.68,1.32,$23.97,0.48,$4.75,2.41,$5.46,2.1,$0.03B,$0.01B,1.83,$0.02B,$0.02B,0.64,$0.08B,$0.02B,25.32%,$0.08B,$0.00B,2.53%,$0.08B,$0.00B,2.53%,$0.08B,$0.01B,8.86%,$0.08B,$0.00B,2.53%,$0.08B,$0.02B,21.52%,$0.02B,$0.02B,113.33%,$0.02B,$0.02B,130.77%,$0.02B,$0.05B,36.96%,$0.00B,$0.04B,5.93%,$19,$16,$3,$0,$4,$20,$-1,$0,$-1,$-4,$3,$3,$3,$1,$-1,$3,3,$1.08,$0.93,$1,$11,$0,$25,$14,$0,$2,$0,$28,$53,$14,$15,$0,$15,$29,$0,$-35,$0,$24,$53,$18,$3,$-13,$-10,$-0,$0,$-0,$-0,$0,$8,$-3,$0,$0,$0,$0,$0,$0,$-3,$2,$-6,$-5,$-0,$-0,$-0,$-2,$-7,$-2,$0,$0
8,2016-06-30,9.0,$7.61,1.18,$25.12,0.36,$2.74,3.28,$3.00,3.0,$0.02B,$0.01B,2.02,$0.02B,$0.02B,0.89,$0.08B,$0.02B,28.21%,$0.08B,$-0.00B,-1.28%,$0.08B,$-0.00B,-1.28%,$0.08B,$0.00B,3.85%,$0.08B,$-0.00B,-1.28%,$0.08B,$0.01B,12.82%,$0.01B,$0.02B,90.91%,$0.01B,$0.02B,114.29%,$0.01B,$0.05B,23.26%,$-0.00B,$0.04B,-3.23%,$20,$15,$5,$0,$4,$19,$1,$0,$1,$-12,$13,$13,$13,$2,$1,$3,3,$4.76,$4.05,$3,$11,$0,$24,$14,$0,$2,$0,$28,$52,$12,$19,$0,$19,$31,$0,$-32,$0,$21,$52,$15,$2,$-11,$-10,$-0,$0,$1,$2,$2,$7,$-3,$0,$0,$0,$0,$0,$0,$-3,$-2,$1,$-1,$-0,$-0,$-0,$-2,$-4,$0,$0,$0
9,2016-03-31,8.34,$2.81,2.97,$20.15,0.41,$0.85,9.84,$-2.76,0.0,$0.03B,$0.01B,2.23,$0.02B,$0.01B,2.61,$0.06B,$0.02B,29.51%,$0.06B,$-0.01B,-9.84%,$0.06B,$-0.01B,-9.84%,$0.06B,$-0.00B,-4.92%,$0.06B,$-0.01B,-9.84%,$0.06B,$-0.01B,-11.48%,$-0.01B,$0.01B,-82.35%,$-0.01B,$0.01B,-127.27%,$-0.01B,$0.04B,-20.74%,$-0.01B,$0.03B,-25.26%,$20,$14,$6,$0,$4,$19,$1,$0,$1,$0,$1,$1,$1,$2,$1,$3,3,$0.43,$0.37,$3,$12,$0,$26,$12,$0,$2,$0,$14,$40,$12,$21,$0,$21,$32,$0,$-45,$0,$8,$40,$2,$1,$-0,$1,$-1,$0,$1,$1,$1,$3,$-0,$0,$0,$0,$0,$0,$0,$-0,$1,$-1,$-1,$-0,$-0,$-0,$-2,$-3,$1,$0,$0
10,2015-12-31,8.76,$2.37,3.7,$15.67,0.56,$-0.53,0.0,$-3.60,0.0,$0.03B,$0.01B,2.15,$0.02B,$0.01B,3.08,$0.05B,$0.01B,31.11%,$0.05B,$-0.01B,-17.78%,$0.05B,$-0.01B,-17.78%,$0.05B,$-0.01B,-13.33%,$0.05B,$-0.01B,-17.78%,$0.05B,$-0.01B,-20.00%,$-0.01B,$0.01B,-94.74%,$-0.01B,$0.00B,-156.52%,$-0.01B,$0.04B,-32.14%,$-0.01B,$0.03B,-40.00%,$20,$14,$6,$0,$5,$19,$1,$-0,$1,$0,$0,$0,$0,$2,$1,$3,3,$0.06,$0.05,$3,$13,$0,$25,$12,$0,$2,$0,$14,$39,$11,$21,$0,$21,$32,$0,$-46,$0,$7,$39,$0,$1,$0,$1,$1,$0,$1,$1,$2,$3,$-0,$0,$0,$0,$0,$0,$0,$-0,$1,$-1,$-1,$0,$0,$0,$-2,$-2,$1,$0,$0
11,2015-09-30,10.08,$2.93,3.43,$12.77,0.79,$-1.85,0.0,$-5.64,0.0,$0.03B,$0.01B,2.35,$0.02B,$0.01B,2.55,$0.03B,$0.01B,33.33%,$0.03B,$-0.01B,-30.30%,$0.03B,$-0.01B,-30.30%,$0.03B,$-0.01B,-27.27%,$0.03B,$-0.01B,-42.42%,$0.03B,$-0.01B,-42.42%,$-0.01B,$0.01B,-127.27%,$-0.01B,$0.01B,-215.38%,$-0.01B,$0.04B,-61.54%,$-0.01B,$0.03B,-60.61%,$18,$13,$5,$0,$6,$22,$-4,$-0,$-4,$0,$-4,$-4,$-4,$-3,$-4,$3,3,$-1.62,$-1.62,$3,$13,$0,$26,$12,$0,$2,$0,$15,$41,$11,$21,$0,$21,$32,$0,$-47,$0,$8,$41,$-15,$1,$11,$12,$-0,$0,$-1,$2,$2,$-1,$0,$-0,$-6,$0,$0,$0,$0,$-6,$0,$-1,$-1,$1,$1,$-0,$1,$1,$-5,$3,$0
12,2015-06-30,15.18,$3.77,4.02,$7.38,2.06,$-3.87,0.0,$-4.68,0.0,$0.01B,$0.00B,2.4,$0.00B,$0.01B,0.02,$0.02B,$0.01B,38.89%,$0.02B,$-0.01B,-44.44%,$0.02B,$-0.01B,-44.44%,$0.02B,$-0.01B,-38.89%,$0.02B,$-0.01B,-66.67%,$0.02B,$-0.01B,-66.67%,$-0.01B,$0.01B,-97.96%,$-0.01B,$0.01B,-165.52%,$-0.01B,$0.02B,-70.59%,$-0.01B,$0.01B,-62.75%,$3,$2,$1,$0,$5,$7,$-4,$-0,$-4,$0,$-4,$-4,$-4,$-4,$-4,$3,3,$-1.56,$-1.56,$7,$3,$0,$10,$0,$0,$5,$0,$5,$15,$4,$0,$0,$0,$5,$0,$-42,$0,$11,$15,$-10,$1,$8,$8,$-0,$0,$-1,$2,$1,$-1,$-0,$-0,$0,$0,$0,$0,$0,$-0,$0,$-1,$-0,$1,$1,$0,$0,$0,$-2,$3,$0
13,2015-03-31,18.9,$4.57,4.14,$7.45,2.54,$-5.07,0.0,$-3.78,0.0,$0.01B,$0.00B,2.69,$0.00B,$0.01B,0.02,$0.02B,$0.01B,33.33%,$0.02B,$-0.01B,-27.78%,$0.02B,$-0.01B,-27.78%,$0.02B,$-0.00B,-22.22%,$0.02B,$-0.01B,-55.56%,$0.02B,$-0.01B,-55.56%,$-0.01B,$0.01B,-76.92%,$-0.01B,$0.01B,-117.65%,$-0.01B,$0.02B,-57.97%,$-0.01B,$0.01B,-37.04%,$4,$2,$2,$0,$3,$5,$-1,$-0,$-1,$0,$-1,$-1,$-1,$-1,$-1,$3,3,$-0.42,$-0.42,$7,$3,$0,$11,$0,$0,$5,$0,$6,$17,$4,$0,$0,$0,$5,$0,$-38,$0,$12,$17,$-6,$0,$4,$5,$-0,$0,$-1,$1,$0,$-1,$-0,$-0,$0,$0,$0,$0,$0,$-0,$0,$-1,$-0,$1,$1,$0,$0,$0,$-1,$0,$0
14,2014-12-31,18.84,$4.81,3.91,$6.17,3.06,$-5.40,0.0,$-3.78,0.0,$0.01B,$0.00B,2.88,$0.00B,$0.01B,0.05,$0.02B,$0.00B,26.67%,$0.02B,$-0.01B,-33.33%,$0.02B,$-0.01B,-33.33%,$0.02B,$-0.00B,-26.67%,$0.02B,$-0.01B,-66.67%,$0.02B,$-0.01B,-66.67%,$-0.01B,$0.01B,-76.92%,$-0.01B,$0.01B,-111.11%,$-0.01B,$0.02B,-61.54%,$-0.01B,$0.01B,-37.74%,$8,$5,$3,$0,$4,$9,$-1,$-4,$-5,$0,$-5,$-5,$-5,$-1,$-1,$3,3,$-1.98,$-1.98,$7,$4,$0,$12,$0,$0,$6,$0,$6,$18,$4,$1,$0,$1,$5,$0,$-37,$0,$13,$18,$-5,$0,$4,$4,$-1,$0,$-1,$1,$-1,$-1,$-0,$-0,$0,$0,$0,$0,$0,$-0,$0,$-0,$-0,$0,$0,$0,$0,$-0,$-2,$0,$0
15,2014-09-30,17.88,$5.40,3.31,$3.32,5.39,$-5.01,0.0,$-2.04,0.0,$0.01B,$0.00B,3.19,$0.00B,$0.01B,0.05,$0.01B,$0.00B,12.50%,$0.01B,$-0.00B,-50.00%,$0.01B,$-0.00B,-50.00%,$0.01B,$-0.00B,-37.50%,$0.01B,$-0.01B,-62.50%,$0.01B,$-0.01B,-62.50%,$-0.01B,$0.01B,-47.62%,$-0.01B,$0.01B,-68.97%,$-0.01B,$0.02B,-39.22%,$-0.00B,$0.01B,-37.21%,$3,$2,$1,$0,$2,$5,$-2,$-0,$-2,$0,$-2,$-2,$-2,$-1,$-2,$2,2,$-0.78,$-0.78,$8,$4,$0,$14,$0,$0,$4,$0,$4,$18,$4,$1,$0,$1,$5,$0,$-32,$0,$13,$18,$-5,$0,$1,$1,$-0,$0,$1,$-3,$-2,$-5,$-0,$-0,$-1,$0,$0,$0,$0,$-1,$1,$-1,$0,$14,$14,$-0,$0,$14,$7,$0,$0
16,2014-06-30,26.22,$5.88,4.46,$2.20,11.93,$-3.78,0.0,$-1.86,0.0,$0.01B,$0.00B,5.88,$0.00B,$0.01B,0.0,$0.01B,0,0.00%,$0.01B,$-0.00B,-50.00%,$0.01B,$-0.00B,-50.00%,$0.01B,$-0.00B,-50.00%,$0.01B,$-0.00B,-66.67%,$0.01B,$-0.00B,-66.67%,$-0.00B,$0.01B,-50.00%,$-0.00B,$0.01B,-80.00%,$-0.00B,$0.02B,-43.24%,$-0.00B,$0.01B,-37.50%,$3,$2,$0,$0,$2,$4,$-1,$-0,$-2,$0,$-2,$-2,$-2,$-1,$-1,$2,2,$-0.66,$-0.66,$10,$1,$0,$13,$0,$0,$3,$0,$3,$16,$2,$0,$0,$0,$2,$0,$-30,$0,$14,$16,$-3,$0,$0,$1,$-1,$0,$0,$-1,$-2,$-4,$-0,$-0,$-0,$0,$0,$0,$0,$-0,$1,$0,$1,$13,$13,$-0,$0,$14,$10,$0,$0
17,2014-03-31,41.04,$5.37,7.64,$1.39,29.56,$-2.85,0.0,$-1.50,0.0,$0.01B,$0.00B,8.16,$0.00B,$0.01B,0.0,$0.00B,0,0.00%,$0.00B,$-0.00B,-75.00%,$0.00B,$-0.00B,-75.00%,$0.00B,$-0.00B,-50.00%,$0.00B,$-0.00B,-75.00%,$0.00B,$-0.00B,-75.00%,$-0.00B,$0.01B,-57.14%,$-0.00B,$0.01B,-120.00%,$-0.00B,$0.01B,-48.00%,$-0.00B,$0.01B,-57.14%,$1,$0,$0,$0,$1,$2,$-1,$-0,$-1,$0,$-1,$-1,$-1,$-1,$-1,$2,2,$-0.42,$-0.42,$10,$0,$0,$11,$0,$0,$3,$0,$3,$13,$1,$0,$0,$0,$1,$0,$-29,$0,$12,$13,$-1,$0,$0,$1,$-0,$0,$-0,$-0,$-1,$-2,$-0,$-0,$-0,$0,$0,$0,$0,$-0,$1,$0,$1,$10,$10,$0,$0,$11,$9,$0,$0
18,2013-12-31,7.96,$1.51,5.29,$1.48,5.39,$-2.98,0.0,$-3.38,0.0,$0.00B,$0.00B,0.95,$0.00B,$0.00B,0.0,$0.00B,0,0.00%,$0.00B,$-0.00B,-75.00%,$0.00B,$-0.00B,-75.00%,$0.00B,$-0.00B,-50.00%,$0.00B,$-0.01B,-125.00%,$0.00B,$-0.01B,-125.00%,$-0.01B,$0.00B,-166.67%,$-0.01B,$0.00B,-1000.00%,$-0.01B,$0.00B,-125.00%,$-0.00B,$0.00B,-100.00%,$1,$0,$0,$0,$1,$1,$-0,$0,$-0,$0,$-0,$-0,$-0,$-0,$-0,$2,2,$-0.24,$-0.24,$1,$0,$0,$1,$0,$0,$3,$0,$3,$4,$1,$0,$0,$0,$1,$0,$-28,$0,$3,$4,$-0,$0,$0,$0,$0,$0,$-0,$-0,$-0,$-0,$-0,$-0,$0,$0,$0,$0,$0,$-0,$0,$0,$0,$0,$0,$0,$0,$0,$-0,$0,$0
19,2013-09-30,6.87,$1.68,4.1,$1.58,4.36,$-3.05,0.0,$-3.94,0.0,$0.00B,$0.00B,1.22,$0.00B,$0.00B,0.0,$0.00B,0,0.00%,$0.00B,$-0.00B,-75.00%,$0.00B,$-0.00B,-75.00%,$0.00B,$-0.00B,-50.00%,$0.00B,$-0.01B,-150.00%,$0.00B,$-0.01B,-150.00%,$-0.01B,$0.00B,-200.00%,$-0.01B,$0.00B,-800.00%,$-0.01B,$0.00B,-150.00%,$-0.00B,$0.00B,-100.00%,$1,$1,$0,$0,$1,$2,$-1,$0,$-1,$0,$-1,$-1,$-1,$-1,$-1,$2,2,$-0.30,$-0.30,$1,$0,$0,$1,$0,$0,$3,$0,$3,$4,$1,$0,$0,$0,$1,$0,$-27,$0,$3,$4,$-6,$0,$3,$4,$1,$0,$-0,$-0,$0,$-2,$-0,$-0,$0,$0,$0,$0,$0,$-0,$1,$0,$1,$0,$0,$0,$0,$1,$-1,$0,$0
20,2013-06-30,5.44,$1.63,3.34,$1.78,3.06,$-1.88,0.0,$-4.22,0.0,$0.00B,$0.00B,1.6,$0.00B,$0.00B,0.0,$0.00B,0,0.00%,$0.00B,$-0.00B,-50.00%,$0.00B,$-0.00B,-50.00%,$0.00B,$-0.00B,-25.00%,$0.00B,$-0.01B,-150.00%,$0.00B,$-0.01B,-150.00%,$-0.01B,$0.00B,-200.00%,$-0.01B,$0.00B,-600.00%,$-0.01B,$0.00B,-150.00%,$-0.00B,$0.00B,-66.67%,$1,$0,$0,$0,$1,$1,$-1,$0,$-1,$0,$-1,$-1,$-1,$-0,$-1,$2,2,$-0.30,$-0.30,$1,$0,$0,$1,$0,$0,$2,$0,$2,$4,$1,$0,$0,$0,$1,$0,$-26,$0,$3,$4,$-5,$0,$4,$4,$0,$0,$-0,$-0,$-0,$-1,$-0,$-0,$0,$0,$0,$0,$0,$-0,$1,$0,$1,$0,$0,$0,$0,$1,$-0,$0,$0
21,2013-03-31,7.34,$1.85,3.96,$2.08,3.54,$-0.94,0.0,$-4.16,0.0,$0.00B,$0.00B,1.74,$0.00B,$0.00B,0.0,$0.00B,$0.00B,25.00%,$0.00B,$-0.00B,-25.00%,$0.00B,$-0.00B,-25.00%,$0.00B,$-0.00B,-25.00%,$0.00B,$-0.01B,-125.00%,$0.00B,$-0.01B,-125.00%,$-0.01B,$0.00B,-166.67%,$-0.01B,$0.00B,-500.00%,$-0.01B,$0.00B,-125.00%,$-0.00B,$0.00B,-33.33%,$1,$0,$0,$0,$1,$1,$-1,$-2,$-3,$0,$-3,$-3,$-3,$-1,$-1,$1,1,$-2.28,$-2.28,$1,$0,$0,$2,$0,$0,$2,$0,$2,$4,$1,$0,$0,$0,$1,$0,$-26,$0,$3,$4,$-4,$0,$3,$4,$0,$0,$-0,$-0,$-0,$-1,$-0,$-0,$0,$0,$0,$0,$0,$-0,$1,$0,$1,$0,$0,$0,$0,$1,$-0,$0,$0
22,2012-12-31,7.6,$2.03,3.74,$2.38,3.2,$-0.11,0.0,$-2.08,0.0,$0.00B,$0.00B,1.17,$0.00B,$0.00B,0.0,$0.00B,$0.00B,50.00%,$0.00B,0,0.00%,$0.00B,0,0.00%,$0.00B,0,0.00%,$0.00B,$-0.00B,-50.00%,$0.00B,$-0.00B,-50.00%,$-0.00B,$0.00B,-66.67%,$-0.00B,$0.00B,-200.00%,$-0.00B,$0.00B,-50.00%,$0.00B,$0.00B,0.00%,$1,$0,$0,$0,$1,$1,$-0,$-1,$-1,$0,$-1,$-1,$-1,$-0,$-0,$1,1,$-0.78,$-0.78,$1,$0,$0,$2,$0,$0,$2,$0,$3,$4,$2,$0,$0,$0,$2,$0,$-23,$0,$3,$4,$-1,$0,$1,$1,$0,$0,$0,$-0,$-0,$-0,$-0,$-0,$0,$0,$0,$0,$0,$-0,$0,$0,$0,$0,$0,$0,$0,$0,$-0,$0,$0
23,2012-09-30,10.34,$2.16,4.79,$3.58,2.89,$0.19,55.09,$-1.64,0.0,$0.00B,$0.00B,1.26,$0.00B,$0.00B,0.0,$0.00B,$0.00B,75.00%,$0.00B,0,0.00%,$0.00B,0,0.00%,$0.00B,0,0.00%,$0.00B,$-0.00B,-25.00%,$0.00B,$-0.00B,-25.00%,$-0.00B,$0.00B,-33.33%,$-0.00B,$0.00B,-100.00%,$-0.00B,$0.00B,-23.53%,$0.00B,$0.00B,0.00%,$1,$0,$0,$0,$1,$1,$-0,$-0,$-1,$0,$-1,$-1,$-1,$-0,$-0,$1,1,$-0.70,$-0.70,$1,$0,$0,$2,$0,$0,$2,$0,$2,$4,$1,$0,$0,$0,$1,$0,$-22,$0,$3,$4,$-2,$0,$1,$1,$0,$0,$0,$0,$1,$0,$-0,$-0,$0,$0,$0,$0,$0,$-1,$0,$-1,$-1,$2,$2,$0,$0,$2,$1,$0,$0
24,2012-06-30,23.92,$2.18,10.97,$5.51,4.34,$-12.73,0.0,$-1.76,0.0,$0.00B,$0.00B,1.57,$0.00B,$0.00B,0.0,$0.00B,$0.00B,100.00%,$0.00B,0,0.00%,$0.00B,0,0.00%,$0.00B,0,0.00%,$0.00B,0,0.00%,$0.00B,0,0.00%,$0.00B,$0.00B,0.00%,$0.00B,$0.00B,0.00%,$0.00B,$0.00B,0.00%,$0.00B,$0.00B,0.00%,$1,$0,$1,$0,$1,$1,$-0,$-0,$-0,$0,$-0,$-0,$-0,$0,$-0,$1,1,$-0.24,$-0.24,$2,$0,$0,$2,$0,$0,$1,$0,$2,$4,$1,$0,$0,$0,$1,$0,$-21,$0,$3,$4,$-1,$0,$0,$0,$0,$0,$0,$0,$0,$0,$-0,$-0,$0,$0,$0,$0,$0,$-0,$0,$-1,$-1,$2,$2,$0,$0,$2,$1,$0,$0
25,2012-03-31,8.3,$2.12,3.92,$8.16,1.02,$-24.52,0.0,$-4.88,0.0,$0.00B,$0.00B,1.47,$0.00B,$0.00B,0.0,$0.00B,$0.00B,75.00%,$0.00B,$-0.00B,-25.00%,$0.00B,$-0.00B,-25.00%,$0.00B,$-0.00B,-25.00%,$0.00B,$-0.00B,-25.00%,$0.00B,$-0.00B,-25.00%,$-0.00B,$0.00B,-50.00%,$-0.00B,$0.00B,-200.00%,$-0.00B,$0.00B,-26.67%,$-0.00B,$0.00B,-50.00%,$1,$0,$1,$0,$1,$1,$-0,$-0,$-0,$0,$-0,$-0,$-0,$-0,$-0,$1,1,$-0.22,$-0.22,$2,$0,$0,$3,$0,$0,$1,$0,$2,$4,$2,$0,$0,$0,$2,$0,$-20,$0,$3,$4,$-0,$0,$0,$0,$0,$0,$0,$0,$0,$0,$0,$-0,$0,$0,$0,$0,$0,$-0,$-0,$-0,$-0,$2,$2,$0,$0,$2,$2,$0,$0
26,2011-12-31,7.98,$2.23,3.59,$10.85,0.74,$-33.04,0.0,$-11.69,0.0,$0.00B,$0.00B,1.45,$0.00B,$0.00B,0.0,$0.00B,$0.00B,50.00%,$0.00B,$-0.00B,-75.00%,$0.00B,$-0.00B,-75.00%,$0.00B,$-0.00B,-75.00%,$0.00B,$-0.00B,-75.00%,$0.00B,$-0.00B,-75.00%,$-0.00B,$0.00B,-171.43%,$-0.00B,$0.00B,-600.00%,$-0.00B,$0.01B,-80.00%,$-0.00B,$0.00B,-171.43%,$1,$0,$1,$0,$1,$1,$-0,$-0,$-0,$0,$-0,$-0,$-0,$-0,$-0,$1,1,$-0.36,$-0.36,$2,$0,$0,$3,$0,$0,$1,$0,$2,$5,$2,$0,$0,$0,$2,$0,$-20,$0,$3,$5,$-0,$0,$0,$0,$0,$0,$0,$0,$0,$0,$0,$0,$0,$0,$0,$0,$0,$0,$-0,$-0,$-0,$2,$2,$0,$0,$2,$2,$0,$0
27,2011-09-30,3.2,$2.15,1.49,$12.34,0.26,$-37.71,0.0,$-16.77,0.0,$0.00B,$0.00B,0.49,$0.00B,$0.00B,0.0,$0.00B,$0.00B,25.00%,$0.00B,$-0.01B,-125.00%,$0.00B,$-0.01B,-125.00%,$0.00B,$-0.01B,-125.00%,$0.00B,$-0.01B,-125.00%,$0.00B,$-0.01B,-125.00%,$-0.01B,$0.00B,-250.00%,$-0.01B,$0.00B,-500.00%,$-0.01B,$0.00B,-133.33%,$-0.01B,$0.00B,-250.00%,$1,$0,$1,$0,$1,$1,$-0,$-0,$-0,$0,$-0,$-0,$-0,$-0,$-0,$0,0,$-0.94,$-0.94,$0,$0,$0,$1,$0,$0,$1,$0,$2,$3,$2,$0,$0,$0,$2,$0,$-20,$0,$1,$3,$-6,$1,$1,$1,$-0,$0,$0,$0,$-0,$-4,$-0,$0,$0,$0,$0,$0,$0,$0,$0,$1,$0,$0,$0,$0,$0,$1,$-3,$0,$0
28,2011-06-30,6.0,$0.00,0.0,$13.10,0.46,$-37.42,0.0,$-21.59,0.0,$0.00B,$0.00B,0.71,$0.00B,$0.00B,0.0,$0.00B,$0.00B,50.00%,$0.00B,$-0.01B,-125.00%,$0.00B,$-0.01B,-125.00%,$0.00B,$-0.01B,-125.00%,$0.00B,$-0.01B,-200.00%,$0.00B,$-0.01B,-175.00%,$-0.01B,$0.00B,-215.38%,$-0.01B,$0.00B,-350.00%,$-0.01B,$0.00B,-147.37%,$-0.01B,$0.00B,-153.85%,$1,$1,$0,$0,$1,$2,$-1,$-0,$-1,$0,$-1,$-1,$-1,$-1,$-1,$0,0,$-3.36,$-3.36,$1,$0,$0,$2,$0,$0,$1,$0,$2,$3,$2,$0,$0,$0,$2,$0,$-20,$0,$1,$3,$-5,$0,$1,$1,$-0,$0,$0,$0,$-0,$-4,$-0,$0,$0,$0,$0,$0,$0,$0,$0,$1,$1,$0,$0,$0,$0,$1,$-3,$0,$0
29,2011-03-31,7.11,$0.00,0.0,$10.32,0.69,$-26.66,0.0,$-18.64,0.0,$0.00B,$0.00B,1.17,$0.00B,$0.00B,0.0,$0.01B,$0.00B,60.00%,$0.01B,$-0.01B,-100.00%,$0.01B,$-0.01B,-100.00%,$0.01B,$-0.01B,-100.00%,$0.01B,$-0.01B,-160.00%,$0.01B,$-0.01B,-140.00%,$-0.01B,$0.00B,-140.00%,$-0.01B,$0.00B,-200.00%,$-0.01B,$0.00B,-112.00%,$-0.01B,$0.00B,-100.00%,$1,$2,$-0,$0,$2,$3,$-2,$0,$-2,$0,$-2,$-2,$-2,$-2,$-2,$0,0,$-7.02,$-7.02,$1,$0,$0,$2,$0,$0,$1,$0,$2,$4,$2,$0,$0,$0,$2,$0,$-19,$0,$2,$4,$-4,$0,$1,$1,$-0,$0,$0,$0,$0,$-3,$0,$0,$0,$0,$0,$0,$0,$0,$0,$-0,$-0,$0,$0,$0,$0,$0,$-3,$0,$0
30,2010-12-31,12.96,$0.00,0.0,$13.79,0.94,$-23.02,0.0,$-17.31,0.0,$0.00B,$0.00B,2.68,$0.00B,$0.00B,0.01,$0.01B,$0.00B,66.67%,$0.01B,$-0.01B,-83.33%,$0.01B,$-0.01B,-83.33%,$0.01B,$-0.01B,-83.33%,$0.01B,$-0.01B,-133.33%,$0.01B,$-0.01B,-116.67%,$-0.01B,$0.00B,-103.70%,$-0.01B,$0.00B,-140.00%,$-0.01B,$0.01B,-87.50%,$-0.01B,$0.00B,-74.07%,$1,$1,$0,$0,$2,$3,$-2,$0,$-2,$0,$-2,$-2,$-2,$-2,$-2,$0,0,$-5.44,$-5.44,$2,$0,$0,$3,$0,$0,$2,$0,$2,$5,$1,$0,$0,$0,$1,$0,$-16,$0,$4,$5,$-2,$0,$0,$0,$-0,$0,$0,$0,$-0,$-1,$0,$0,$0,$0,$0,$0,$0,$0,$0,$-0,$-0,$0,$0,$0,$0,$0,$-1,$0,$0
31,2010-09-30,9.39,$18.48,0.51,$10.67,0.88,$-18.44,0.0,$-11.88,0.0,$0.00B,$0.00B,3.48,$0.00B,$0.01B,0.01,$0.01B,$0.01B,85.71%,$0.01B,$-0.01B,-71.43%,$0.01B,$-0.01B,-71.43%,$0.01B,$-0.01B,-71.43%,$0.01B,$-0.01B,-114.29%,$0.01B,$-0.01B,-114.29%,$-0.01B,$0.01B,-94.12%,$-0.01B,$0.00B,-128.00%,$-0.01B,$0.01B,-80.00%,$-0.01B,$0.01B,-58.82%,$1,$-1,$2,$0,$2,$1,$0,$-0,$-3,$0,$-3,$-2,$-2,$0,$0,$0,0,$-5.76,$-5.76,$3,$0,$0,$4,$1,$0,$2,$0,$4,$7,$1,$0,$0,$0,$1,$0,$-15,$0,$6,$7,$-7,$1,$1,$1,$0,$0,$-0,$0,$2,$-4,$-0,$-0,$0,$0,$0,$0,$-0,$-0,$0,$-0,$0,$-0,$-0,$0,$0,$-0,$-4,$0,$0
32,2010-06-30,9.88,$0.00,0.0,$7.38,1.34,$-5.79,0.0,$-6.12,0.0,$0.01B,$0.00B,4.81,$0.00B,$0.01B,0.01,$0.01B,$0.00B,50.00%,$0.01B,$-0.01B,-100.00%,$0.01B,$-0.01B,-100.00%,$0.01B,$-0.01B,-100.00%,$0.01B,0,0.00%,$0.01B,$-0.01B,-100.00%,$-0.01B,$0.01B,-78.05%,$-0.01B,$0.01B,-100.00%,$-0.01B,$0.01B,-66.67%,$-0.01B,$0.01B,-78.05%,$2,$1,$1,$0,$2,$3,$-1,$0,$-1,$0,$-1,$-1,$-1,$-1,$-1,$3,3,$-0.42,$-0.42,$4,$0,$0,$6,$0,$0,$2,$0,$3,$9,$1,$0,$0,$0,$1,$0,$-13,$0,$8,$9,$-6,$1,$0,$1,$0,$0,$0,$0,$1,$-3,$-0,$0,$0,$0,$0,$0,$-0,$-0,$0,$-0,$0,$0,$-0,$-0,$0,$-0,$-3,$0,$0
33,2010-03-31,11.4,$0.00,0.0,$14.62,0.78,$-9.44,0.0,$-12.35,0.0,$0.01B,$0.00B,4.2,$0.00B,$0.01B,0.01,$0.01B,$0.01B,62.50%,$0.01B,$-0.01B,-112.50%,$0.01B,$-0.01B,-112.50%,$0.01B,$-0.01B,-112.50%,$0.01B,$-0.00B,-12.50%,$0.01B,$-0.01B,-112.50%,$-0.01B,$0.01B,-73.47%,$-0.01B,$0.01B,-92.31%,$-0.01B,$0.01B,-63.16%,$-0.01B,$0.01B,-73.47%,$2,$1,$1,$0,$3,$4,$-2,$-0,$-2,$-0,$-2,$-2,$-2,$-2,$-2,$0,0,$-5.70,$-5.70,$6,$0,$0,$8,$0,$0,$2,$1,$3,$11,$2,$0,$0,$0,$2,$0,$-11,$0,$9,$11,$-4,$1,$0,$1,$0,$0,$0,$0,$2,$-1,$-0,$0,$0,$0,$0,$-0,$-0,$-1,$0,$-0,$0,$0,$-0,$0,$0,$-0,$-2,$0,$0
34,2009-12-31,22.8,$0.00,0.0,$19.02,1.2,$-7.58,0.0,$-67.25,0.0,$0.01B,$0.00B,4.26,$0.00B,$0.01B,0.01,$0.01B,$0.01B,60.00%,$0.01B,$-0.01B,-100.00%,$0.01B,$-0.01B,-100.00%,$0.01B,$-0.01B,-90.00%,$0.01B,$-0.01B,-140.00%,$0.01B,$-0.03B,-260.00%,$-0.03B,$0.01B,-179.31%,$-0.03B,$0.01B,-221.28%,$-0.03B,$0.01B,-155.22%,$-0.01B,$0.01B,-68.97%,$2,$1,$2,$0,$4,$5,$-2,$0,$-2,$0,$-3,$-3,$-3,$-2,$-2,$0,0,$0.00,$0.00,$6,$0,$2,$9,$0,$0,$2,$1,$3,$13,$2,$0,$0,$0,$2,$0,$-10,$0,$11,$13,$-3,$0,$0,$0,$0,$0,$0,$0,$1,$-1,$-0,$0,$0,$0,$0,$0,$-0,$-0,$0,$-0,$0,$0,$-0,$0,$0,$-0,$-1,$0,$0
35,2009-09-30,30.4,$0.00,0.0,$35.07,0.87,$-8.48,0.0,$-64.40,0.0,$0.01B,$0.00B,6.41,$0.00B,$0.01B,0.01,$0.01B,$0.01B,61.54%,$0.01B,$-0.01B,-76.92%,$0.01B,$-0.01B,-76.92%,$0.01B,$-0.01B,-61.54%,$0.01B,$-0.01B,-84.62%,$0.01B,$-0.02B,-169.23%,$-0.02B,$0.01B,-104.76%,$-0.02B,$0.01B,-151.72%,$-0.02B,$0.02B,-92.63%,$-0.01B,$0.01B,-47.62%,$2,$3,$-0,$0,$3,$5,$-3,$8,$5,$-1,$6,$6,$-2,$-3,$-3,$0,0,$0.00,$0.00,$8,$0,$2,$11,$0,$0,$2,$1,$3,$15,$2,$0,$0,$0,$2,$0,$-7,$0,$13,$15,$-23,$2,$0,$2,$0,$0,$0,$0,$1,$-3,$-0,$0,$0,$0,$0,$0,$7,$6,$0,$-0,$0,$0,$-1,$0,$0,$-1,$3,$0,$0
36,2009-06-30,23.56,$0.00,0.0,$35.07,0.67,$-8.48,0.0,$-64.40,0.0,$0.01B,$0.00B,5.04,$0.00B,$0.02B,0.01,$0.02B,$0.01B,76.47%,$0.02B,$-0.01B,-47.06%,$0.02B,$-0.01B,-47.06%,$0.02B,$-0.00B,-23.53%,$0.02B,$-0.02B,-94.12%,$0.02B,$-0.02B,-117.65%,$-0.02B,$0.02B,-74.77%,$-0.02B,$0.01B,-123.08%,$-0.02B,$0.02B,-66.67%,$-0.01B,$0.02B,-29.63%,$2,$1,$2,$0,$4,$5,$-2,$0,$-2,$-0,$-2,$-2,$-2,$-2,$-2,$0,0,$-6.65,$-6.65,$9,$0,$1,$12,$0,$0,$2,$3,$5,$18,$2,$0,$0,$0,$3,$0,$-5,$0,$16,$18,$-20,$2,$0,$2,$0,$0,$0,$0,$3,$-1,$-0,$0,$0,$0,$0,$0,$7,$6,$0,$-0,$0,$0,$-0,$-0,$0,$-1,$5,$0,$0
37,2009-03-31,38.0,$0.00,0.0,$45.06,0.84,$-7.22,0.0,$-62.50,0.0,$0.02B,$0.00B,5.15,$0.00B,$0.02B,0.01,$0.02B,$0.02B,76.19%,$0.02B,$-0.01B,-38.10%,$0.02B,$-0.01B,-38.10%,$0.02B,$-0.00B,-14.29%,$0.02B,$-0.02B,-76.19%,$0.02B,$-0.02B,-95.24%,$-0.02B,$0.02B,-62.50%,$-0.02B,$0.02B,-114.29%,$-0.02B,$0.02B,-56.34%,$-0.01B,$0.02B,-24.81%,$4,$1,$2,$0,$5,$6,$-3,$-13,$-15,$4,$-19,$-19,$-19,$-2,$-3,$0,0,$-60.60,$-60.60,$10,$0,$2,$15,$0,$0,$2,$3,$5,$21,$3,$0,$0,$0,$3,$0,$-3,$0,$18,$21,$-18,$2,$0,$2,$0,$0,$0,$0,$2,$-1,$-0,$0,$0,$0,$0,$0,$7,$7,$0,$-0,$0,$0,$-0,$-0,$0,$-1,$5,$0,$0
38,2008-12-31,28.5,$0.00,0.0,$53.63,0.53,$-1.66,0.0,$-1.90,0.0,$0.02B,$0.00B,3.89,$0.00B,$0.04B,0.01,$0.02B,$0.02B,83.33%,$0.02B,$-0.01B,-20.83%,$0.02B,$-0.01B,-20.83%,$0.02B,0,0.00%,$0.02B,$-0.00B,-4.17%,$0.02B,$-0.00B,-4.17%,$-0.00B,$0.04B,-2.70%,$-0.00B,$0.02B,-5.33%,$-0.00B,$0.04B,-2.45%,$-0.01B,$0.04B,-13.42%,$5,$2,$4,$0,$6,$8,$-2,$4,$1,$0,$1,$1,$1,$-1,$-2,$0,0,$2.85,$2.85,$8,$0,$2,$16,$0,$0,$18,$2,$24,$41,$4,$0,$0,$0,$4,$0,$16,$0,$37,$41,$1,$1,$0,$1,$0,$0,$0,$0,$1,$-0,$-0,$0,$0,$0,$0,$0,$4,$4,$0,$-0,$0,$0,$-0,$0,$0,$-1,$3,$0,$0
39,2008-09-30,28.5,$0.00,0.0,$53.63,0.53,$1.29,22.02,$-1.90,0.0,$0.01B,$0.00B,4.6,$0.00B,$0.04B,0.01,$0.02B,$0.02B,83.33%,$0.02B,$-0.00B,-16.67%,$0.02B,$-0.00B,-16.67%,$0.02B,0,0.00%,$0.02B,$-0.00B,-4.17%,$0.02B,$-0.00B,-4.17%,$-0.00B,$0.04B,-2.68%,$-0.00B,$0.02B,-5.33%,$-0.00B,$0.04B,-2.47%,$-0.00B,$0.04B,-10.67%,$6,$1,$5,$0,$5,$6,$-1,$0,$-0,$-0,$-0,$-0,$-0,$1,$-1,$0,0,$0.00,$0.00,$5,$0,$3,$14,$0,$0,$18,$2,$24,$40,$3,$0,$0,$0,$3,$0,$16,$0,$36,$40,$-2,$4,$0,$4,$0,$0,$0,$0,$-2,$1,$-1,$0,$0,$0,$0,$0,$-1,$-2,$0,$-0,$0,$0,$-1,$-0,$0,$-1,$-1,$0,$0
40,2008-06-30,44.84,$0.00,0.0,$53.63,0.84,$1.29,34.65,$-1.90,0.0,$0.01B,$0.00B,4.94,$0.00B,$0.04B,0.0,$0.02B,$0.02B,83.33%,$0.02B,$-0.00B,-8.33%,$0.02B,$-0.00B,-8.33%,$0.02B,$0.00B,8.33%,$0.02B,0,0.00%,$0.02B,$-0.00B,-4.17%,$-0.00B,$0.04B,-2.65%,$-0.00B,$0.02B,-5.26%,$-0.00B,$0.04B,-2.47%,$-0.00B,$0.04B,-5.30%,$6,$1,$5,$0,$7,$8,$-2,$-0,$-2,$-0,$-2,$-2,$-2,$-1,$-2,$0,0,$-4.75,$-4.75,$4,$0,$3,$14,$0,$0,$18,$2,$24,$40,$3,$0,$0,$0,$3,$0,$16,$0,$37,$40,$-1,$2,$0,$2,$0,$0,$0,$0,$-2,$-0,$-1,$0,$0,$0,$0,$0,$-0,$-1,$0,$0,$0,$0,$-1,$-0,$0,$-1,$-2,$0,$0
41,2008-03-31,63.65,$0.00,0.0,$57.51,1.11,$8.38,7.59,$4.75,13.4,$0.02B,$0.00B,3.76,$0.00B,$0.04B,0.0,$0.02B,$0.02B,83.33%,$0.02B,$0.00B,4.17%,$0.02B,$0.00B,4.17%,$0.02B,$0.00B,12.50%,$0.02B,$0.00B,12.50%,$0.02B,$0.00B,4.17%,$0.00B,$0.04B,2.65%,$0.00B,$0.02B,5.00%,$0.00B,$0.04B,2.47%,$0.00B,$0.04B,2.65%,$7,$1,$6,$0,$6,$7,$0,$0,$0,$0,$0,$0,$0,$1,$0,$0,0,$0.00,$0.00,$6,$0,$1,$15,$0,$0,$19,$2,$27,$42,$4,$0,$0,$0,$4,$0,$17,$0,$38,$42,$0,$1,$0,$1,$0,$0,$0,$0,$-0,$2,$-1,$0,$0,$0,$0,$0,$-0,$-1,$0,$0,$0,$0,$-0,$0,$0,$-0,$0,$0,$0
42,2007-12-31,81.7,$0.00,0.0,$61.83,1.32,$6.16,13.26,$6.65,12.29,$0.01B,$0.00B,6.97,$0.00B,$0.04B,0.0,$0.02B,$0.02B,82.61%,$0.02B,$0.00B,8.70%,$0.02B,$0.00B,8.70%,$0.02B,$0.00B,17.39%,$0.02B,$0.00B,17.39%,$0.02B,$0.00B,8.70%,$0.00B,$0.04B,5.84%,$0.00B,$0.02B,10.13%,$0.00B,$0.04B,5.48%,$0.00B,$0.04B,5.84%,$5,$1,$4,$0,$6,$7,$-1,$0,$1,$0,$0,$1,$1,$-1,$-1,$0,0,$2.85,$2.85,$6,$0,$1,$14,$0,$0,$19,$2,$25,$40,$2,$0,$0,$0,$2,$0,$17,$0,$38,$40,$0,$1,$0,$1,$0,$0,$0,$0,$-0,$1,$-0,$0,$-0,$0,$0,$0,$-0,$-0,$0,$0,$0,$0,$-0,$0,$0,$-0,$0,$0,$0
43,2007-09-30,132.81,$0.00,0.0,$77.44,1.72,$2.64,50.21,$5.70,23.3,$0.01B,$0.00B,5.86,$0.00B,$0.04B,0.0,$0.03B,$0.02B,80.77%,$0.03B,$0.00B,15.38%,$0.03B,$0.00B,15.38%,$0.03B,$0.01B,23.08%,$0.03B,$0.00B,15.38%,$0.03B,$0.00B,3.85%,$0.00B,$0.04B,3.28%,$0.00B,$0.02B,5.19%,$0.00B,$0.04B,3.03%,$0.00B,$0.04B,13.11%,$6,$1,$5,$0,$5,$6,$1,$0,$1,$1,$0,$0,$0,$3,$1,$0,0,$0.00,$0.00,$6,$0,$1,$14,$0,$0,$19,$2,$26,$40,$2,$0,$0,$0,$2,$0,$17,$0,$38,$40,$2,$3,$0,$3,$0,$0,$0,$0,$-5,$2,$-0,$0,$-4,$0,$0,$0,$2,$-2,$0,$0,$0,$0,$-0,$-0,$0,$-0,$-1,$0,$0
44,2007-06-30,142.5,$0.00,0.0,$120.82,1.18,$11.64,12.24,$-7.60,0.0,$0.02B,$0.00B,6.26,$0.00B,$0.04B,0.0,$0.03B,$0.02B,76.67%,$0.03B,$0.00B,3.33%,$0.03B,$0.00B,3.33%,$0.03B,$0.00B,6.67%,$0.03B,$-0.00B,-6.67%,$0.03B,$-0.00B,-10.00%,$-0.00B,$0.04B,-11.32%,$-0.00B,$0.02B,-16.00%,$-0.00B,$0.04B,-10.08%,$0.00B,$0.04B,3.77%,$6,$1,$5,$0,$5,$5,$1,$0,$1,$0,$0,$0,$0,$0,$1,$0,0,$1.90,$1.90,$10,$0,$1,$19,$0,$0,$15,$2,$21,$40,$3,$0,$0,$0,$3,$0,$17,$0,$37,$40,$1,$1,$0,$1,$0,$0,$0,$0,$-4,$1,$-0,$0,$0,$0,$0,$0,$2,$3,$0,$0,$0,$0,$0,$0,$0,$0,$4,$0,$0
45,2007-03-31,150.1,$0.00,0.0,$140.72,1.07,$10.70,14.02,$-3.80,0.0,$0.02B,$0.00B,9.77,$0.00B,$0.02B,0.0,$0.03B,$0.03B,76.47%,$0.03B,$0.00B,5.88%,$0.03B,$0.00B,5.88%,$0.03B,$0.01B,14.71%,$0.03B,$-0.00B,-2.94%,$0.03B,$-0.00B,-5.88%,$-0.00B,$0.02B,-8.33%,$-0.00B,$0.02B,-10.67%,$-0.00B,$0.03B,-7.34%,$0.00B,$0.02B,8.33%,$6,$1,$5,$0,$4,$5,$1,$0,$1,$1,$1,$1,$1,$2,$1,$0,0,$1.90,$1.90,$9,$0,$2,$17,$0,$0,$6,$2,$9,$26,$2,$0,$0,$0,$2,$0,$16,$0,$24,$26,$1,$2,$0,$2,$0,$0,$0,$0,$-2,$0,$-0,$0,$0,$0,$0,$0,$-1,$-1,$0,$0,$0,$0,$0,$0,$0,$0,$-0,$0,$0
46,2006-12-31,202.35,$0.00,0.0,$158.56,1.28,$14.31,14.14,$-1.90,0.0,$0.02B,$0.00B,5.49,$0.00B,$0.02B,0.0,$0.04B,$0.03B,75.68%,$0.04B,$0.00B,5.41%,$0.04B,$0.00B,5.41%,$0.04B,$0.01B,13.51%,$0.04B,$-0.00B,-2.70%,$0.04B,$-0.00B,-5.41%,$-0.00B,$0.02B,-8.16%,$-0.00B,$0.02B,-10.53%,$-0.00B,$0.03B,-7.27%,$0.00B,$0.02B,8.16%,$8,$1,$6,$0,$5,$7,$1,$0,$1,$0,$0,$0,$0,$1,$1,$0,0,$1.90,$1.90,$9,$0,$2,$17,$0,$0,$6,$2,$9,$26,$3,$0,$0,$0,$3,$0,$16,$0,$23,$26,$0,$1,$0,$1,$0,$0,$0,$0,$-1,$-0,$-0,$0,$0,$0,$0,$0,$-0,$-0,$0,$0,$0,$0,$0,$0,$0,$0,$-1,$0,$0
