,Date,Stock Price,Book Value per Share,Price to Book Ratio,TTM Sales per Share,Price to Sales Ratio,TTM FCF per Share,Price to FCF Ratio,TTM Net EPS,PE Ratio,Current Assets,Current Liabilities,Current Ratio,Long Term Debt,Shareholder's Equity_x,Debt to Equity Ratio,TTM Revenue_x,TTM Gross Profit,Gross Margin,TTM Revenue_y,TTM Operating Income,Operating Margin,TTM Revenue_x,TTM EBIT,EBIT Margin,TTM Revenue_y,TTM EBITDA,EBITDA Margin,TTM Revenue_x,TTM Pre-Tax Income,Pre-Tax Margin,TTM Revenue_y,TTM Net Income_x,Net Margin,TTM Net Income_y,Shareholder's Equity_y,Return on Equity,TTM Net Income_x,Tangible Equity,Return on Tangible Equity,TTM Net Income_y,Total Assets,Return on Assets,TTM Net Income,LT Investments & Debt,Return on Investment,revenue,cost-goods-sold,gross-profit,research-development-expenses,selling-general-administrative-expenses,operating-expenses,operating-income,total-non-operating-income-expense,pre-tax-income,total-provision-income-taxes,income-after-taxes,income-from-continuous-operations,net-income,ebitda,ebit,basic-shares-outstanding,shares-outstanding,eps-basic-net-earnings-per-share,eps-earnings-per-share-diluted,cash-on-hand,inventory,other-current-assets,total-current-assets,net-property-plant-equipment,long-term-investments,goodwill-intangible-assets-total,other-long-term-assets,total-long-term-assets,total-assets,total-current-liabilities,long-term-debt,other-non-current-liabilities,total-long-term-liabilities,total-liabilities,common-stock-net,retained-earnings-accumulated-deficit,comprehensive-income,total-share-holder-equity,total-liabilities-share-holders-equity,net-income-loss,total-depreciation-amortization-cash-flow,other-non-cash-items,total-non-cash-items,change-in-accounts-receivable,change-in-inventories,change-in-accounts-payable,change-in-assets-liabilities,total-change-in-assets-liabilities,cash-flow-from-operating-activities,net-change-in-property-plant-equipment,net-change-in-intangible-assets,net-acquisitions-divestitures,net-change-in-short-term-investments,net-change-in-long-term-investments,net-change-in-investments-total,investing-activities-other,cash-flow-from-investing-activities,net-long-term-debt,net-current-debt,debt-issuance-retirement-net-total,net-common-equity-issued-repurchased,net-total-equity-issued-repurchased,total-common-preferred-stock-dividends-paid,financial-activities-other,cash-flow-from-financial-activities,net-cash-flow,stock-based-compensation,common-stock-dividends-paid
0,2018-09-30,46.48,$19.84,2.34,$8.90,5.22,$7.96,5.84,$2.74,16.96,$4.00B,$4.12B,0.97,$0.11B,$0.50B,0.22,$0.23B,$0.19B,81.22%,$0.23B,$0.10B,41.48%,$0.23B,0,0.00%,$0.23B,0,0.00%,$0.23B,$0.10B,41.48%,$0.23B,$0.07B,31.00%,$0.07B,$0.50B,14.74%,$0.07B,$0.49B,14.88%,$0.07B,$4.76B,1.50%,$0.10B,$0.61B,15.93%,$61,$12,$48,$0,$23,$36,$25,$0,$25,$5,$21,$21,$21,$0,$0,$25,26,$0.81,$0.80,$182,$0,$0,$3996,$58,$584,$5,$114,$761,$4758,$4122,$111,$26,$137,$4259,$111,$404,$-13,$499,$4758,$59,$7,$8,$15,$-5,$0,$6,$0,$1,$75,$-5,$0,$0,$0,$-46,$-46,$-30,$-81,$-80,$107,$27,$-3,$-3,$-19,$7,$12,$6,$4,$-19
1,2018-06-30,47.94,$19.36,2.48,$8.57,5.59,$7.01,6.84,$2.56,18.73,$4.01B,$4.05B,0.99,$0.21B,$0.49B,0.42,$0.22B,$0.18B,82.73%,$0.22B,$0.09B,42.27%,$0.22B,0,0.00%,$0.22B,0,0.00%,$0.22B,$0.09B,42.27%,$0.22B,$0.07B,30.00%,$0.07B,$0.49B,13.96%,$0.07B,$0.48B,14.10%,$0.07B,$4.76B,1.42%,$0.09B,$0.69B,16.39%,$58,$11,$47,$0,$22,$33,$25,$0,$25,$5,$20,$20,$20,$0,$0,$25,26,$0.80,$0.78,$180,$0,$0,$4013,$57,$577,$5,$109,$748,$4761,$4049,$206,$20,$226,$4274,$109,$390,$-10,$486,$4761,$38,$5,$6,$11,$-6,$0,$2,$-0,$-4,$46,$-4,$0,$0,$0,$-36,$-36,$-44,$-84,$0,$131,$131,$-3,$-3,$-12,$-74,$42,$4,$3,$-12
2,2018-03-31,45.74,$18.84,2.43,$8.23,5.56,$6.51,7.02,$2.38,19.22,$3.98B,$4.20B,0.95,$0.03B,$0.47B,0.07,$0.21B,$0.18B,83.96%,$0.21B,$0.09B,42.92%,$0.21B,0,0.00%,$0.21B,0,0.00%,$0.21B,$0.09B,42.92%,$0.21B,$0.06B,28.77%,$0.06B,$0.47B,13.15%,$0.06B,$0.47B,13.30%,$0.06B,$4.73B,1.34%,$0.09B,$0.50B,17.69%,$56,$10,$46,$0,$25,$34,$22,$0,$22,$3,$18,$18,$18,$0,$0,$25,26,$0.73,$0.71,$168,$0,$0,$3984,$56,$574,$5,$108,$743,$4727,$4202,$31,$21,$52,$4254,$108,$377,$-8,$473,$4727,$18,$2,$4,$6,$-0,$0,$2,$-0,$2,$26,$-1,$0,$0,$0,$-29,$-29,$-32,$-61,$-80,$24,$-56,$-3,$-3,$-6,$91,$27,$-9,$1,$-6
3,2017-12-31,47.77,$18.73,2.55,$7.87,6.07,$6.25,7.64,$2.24,21.33,$3.97B,$4.09B,0.97,$0.11B,$0.47B,0.24,$0.20B,$0.17B,85.15%,$0.20B,$0.09B,44.06%,$0.20B,0,0.00%,$0.20B,0,0.00%,$0.20B,$0.09B,44.06%,$0.20B,$0.06B,28.71%,$0.06B,$0.47B,12.75%,$0.06B,$0.46B,12.90%,$0.06B,$4.68B,1.30%,$0.09B,$0.58B,17.61%,$54,$9,$45,$0,$21,$30,$23,$0,$23,$12,$12,$12,$12,$0,$0,$25,26,$0.46,$0.44,$176,$0,$0,$3965,$56,$552,$5,$104,$718,$4683,$4086,$111,$18,$129,$4214,$109,$364,$-1,$469,$4683,$57,$9,$6,$15,$2,$0,$3,$0,$5,$77,$-10,$0,$0,$0,$-39,$-39,$-348,$-396,$-180,$101,$-79,$-2,$-2,$-21,$431,$328,$9,$6,$-21
4,2017-09-30,47.78,$18.48,2.59,$7.55,6.33,$5.67,8.42,$2.32,20.6,$3.74B,$3.94B,0.95,$0.03B,$0.46B,0.07,$0.19B,$0.17B,86.53%,$0.19B,$0.09B,45.08%,$0.19B,0,0.00%,$0.19B,0,0.00%,$0.19B,$0.09B,44.56%,$0.19B,$0.06B,31.09%,$0.06B,$0.46B,13.51%,$0.06B,$0.46B,13.66%,$0.06B,$4.45B,1.37%,$0.09B,$0.49B,16.73%,$52,$8,$44,$0,$21,$29,$23,$0,$23,$8,$16,$16,$16,$0,$0,$25,26,$0.63,$0.62,$130,$0,$0,$3737,$56,$550,$5,$105,$717,$4454,$3943,$31,$17,$48,$3992,$108,$358,$0,$463,$4454,$46,$6,$3,$10,$-2,$0,$-1,$0,$-2,$53,$-8,$0,$0,$0,$-30,$-30,$-164,$-202,$-180,$14,$-166,$-2,$-2,$-16,$296,$112,$-37,$5,$-16
5,2017-06-30,44.78,$18.00,2.49,$7.25,6.18,$5.52,8.11,$2.23,20.08,$3.69B,$3.90B,0.95,$0.03B,$0.45B,0.07,$0.19B,$0.16B,87.57%,$0.19B,$0.08B,45.41%,$0.19B,0,0.00%,$0.19B,0,0.00%,$0.19B,$0.08B,44.86%,$0.19B,$0.06B,30.81%,$0.06B,$0.45B,13.10%,$0.06B,$0.45B,13.25%,$0.06B,$4.39B,1.33%,$0.08B,$0.48B,16.43%,$50,$7,$43,$0,$20,$27,$23,$0,$23,$7,$15,$15,$15,$0,$0,$25,26,$0.61,$0.60,$137,$0,$0,$3686,$56,$542,$5,$104,$707,$4393,$3896,$31,$16,$47,$3943,$106,$347,$0,$450,$4393,$30,$4,$2,$6,$3,$0,$-3,$0,$0,$36,$-7,$0,$0,$0,$-23,$-23,$-106,$-137,$0,$45,$45,$-2,$-2,$-10,$38,$71,$-30,$3,$-10
6,2017-03-31,41.88,$17.48,2.4,$6.98,6.0,$5.58,7.51,$2.14,19.6,$3.62B,$3.83B,0.94,$0.03B,$0.44B,0.07,$0.18B,$0.16B,88.14%,$0.18B,$0.08B,45.20%,$0.18B,0,0.00%,$0.18B,0,0.00%,$0.18B,$0.08B,44.63%,$0.18B,$0.06B,31.07%,$0.06B,$0.44B,12.87%,$0.06B,$0.43B,13.02%,$0.06B,$4.32B,1.31%,$0.08B,$0.47B,15.89%,$46,$6,$40,$0,$20,$26,$20,$0,$20,$6,$15,$15,$15,$0,$0,$25,26,$0.58,$0.57,$112,$0,$0,$3616,$53,$540,$5,$106,$703,$4319,$3830,$31,$21,$52,$3882,$105,$338,$-2,$437,$4319,$15,$2,$0,$2,$2,$0,$2,$0,$4,$21,$-2,$0,$0,$0,$-22,$-22,$-62,$-86,$-175,$90,$-85,$-2,$-2,$-5,$101,$10,$-56,$2,$-5
7,2016-12-31,45.8,$17.13,2.67,$6.76,6.77,$5.47,8.37,$2.05,22.3,$3.61B,$3.63B,0.99,$0.21B,$0.43B,0.49,$0.17B,$0.15B,88.89%,$0.17B,$0.08B,45.61%,$0.17B,0,0.00%,$0.17B,0,0.00%,$0.17B,$0.08B,45.03%,$0.17B,$0.05B,30.41%,$0.05B,$0.43B,12.38%,$0.05B,$0.42B,12.53%,$0.05B,$4.29B,1.28%,$0.08B,$0.64B,15.73%,$45,$5,$40,$0,$18,$24,$21,$0,$20,$7,$14,$14,$14,$0,$0,$25,25,$0.54,$0.54,$167,$0,$0,$3612,$52,$516,$5,$105,$678,$4290,$3634,$211,$18,$229,$3863,$104,$328,$-2,$427,$4290,$52,$8,$3,$11,$-5,$0,$4,$0,$-1,$62,$-10,$0,$0,$0,$-39,$-39,$-394,$-442,$110,$-20,$90,$0,$0,$-18,$394,$467,$87,$4,$-18
8,2016-09-30,34.06,$17.15,1.99,$6.56,5.19,$5.28,6.45,$2.01,16.95,$3.53B,$3.72B,0.95,$0.03B,$0.43B,0.07,$0.17B,$0.15B,89.16%,$0.17B,$0.08B,45.18%,$0.17B,0,0.00%,$0.17B,0,0.00%,$0.17B,$0.08B,45.18%,$0.17B,$0.05B,30.12%,$0.05B,$0.43B,12.15%,$0.05B,$0.42B,12.30%,$0.05B,$4.20B,1.27%,$0.08B,$0.46B,16.95%,$44,$5,$39,$0,$19,$24,$20,$0,$20,$6,$13,$13,$13,$0,$0,$25,25,$0.54,$0.53,$278,$0,$0,$3532,$52,$511,$5,$98,$666,$4197,$3717,$31,$22,$53,$3770,$103,$319,$8,$427,$4197,$39,$6,$2,$7,$-4,$0,$8,$0,$4,$49,$-9,$0,$0,$0,$-19,$-19,$-200,$-227,$-0,$-79,$-79,$-0,$-0,$-13,$469,$376,$198,$3,$-13
9,2016-06-30,29.97,$16.83,1.78,$6.37,4.7,$5.19,5.77,$1.94,15.45,$3.28B,$3.46B,0.95,$0.03B,$0.42B,0.07,$0.16B,$0.14B,89.44%,$0.16B,$0.07B,44.72%,$0.16B,0,0.00%,$0.16B,0,0.00%,$0.16B,$0.07B,44.72%,$0.16B,$0.05B,30.43%,$0.05B,$0.42B,12.20%,$0.05B,$0.41B,12.36%,$0.05B,$3.94B,1.29%,$0.07B,$0.45B,16.65%,$42,$5,$37,$0,$18,$24,$19,$0,$19,$6,$13,$13,$13,$0,$0,$25,25,$0.51,$0.50,$109,$0,$0,$3278,$49,$508,$5,$97,$659,$3937,$3464,$31,$23,$54,$3518,$101,$310,$10,$419,$3937,$25,$4,$1,$4,$-3,$0,$9,$0,$5,$35,$-4,$0,$0,$0,$-12,$-12,$-118,$-134,$-0,$-83,$-83,$-0,$-0,$-9,$220,$128,$28,$2,$-9
10,2016-03-31,29.01,$16.35,1.77,$6.21,4.67,$4.92,5.9,$1.89,15.38,$3.16B,$3.35B,0.94,$0.03B,$0.41B,0.08,$0.16B,$0.14B,89.81%,$0.16B,$0.07B,44.59%,$0.16B,0,0.00%,$0.16B,0,0.00%,$0.16B,$0.07B,44.59%,$0.16B,$0.05B,29.94%,$0.05B,$0.41B,12.03%,$0.05B,$0.40B,12.18%,$0.05B,$3.81B,1.27%,$0.07B,$0.44B,16.60%,$40,$5,$36,$0,$17,$22,$18,$0,$18,$6,$12,$12,$12,$0,$0,$25,25,$0.49,$0.48,$81,$0,$0,$3163,$49,$493,$5,$99,$646,$3809,$3349,$31,$22,$52,$3402,$100,$302,$7,$407,$3809,$12,$2,$0,$2,$-2,$0,$7,$0,$4,$18,$-3,$0,$0,$0,$-0,$-0,$-33,$-36,$-0,$-45,$-45,$-0,$-0,$-4,$67,$18,$0,$1,$-4
11,2015-12-31,29.36,$15.83,1.85,$6.10,4.81,$4.90,5.99,$1.84,15.96,$3.13B,$3.33B,0.94,$0.03B,$0.39B,0.08,$0.15B,$0.14B,89.61%,$0.15B,$0.07B,44.81%,$0.15B,0,0.00%,$0.15B,0,0.00%,$0.15B,$0.07B,44.81%,$0.15B,$0.05B,29.87%,$0.05B,$0.39B,12.05%,$0.05B,$0.39B,12.21%,$0.05B,$3.77B,1.27%,$0.07B,$0.42B,16.72%,$40,$4,$36,$0,$17,$22,$18,$0,$18,$6,$12,$12,$12,$0,$0,$25,25,$0.49,$0.49,$81,$0,$0,$3131,$47,$486,$5,$98,$636,$3766,$3327,$31,$16,$47,$3373,$99,$294,$2,$393,$3766,$46,$9,$1,$10,$-3,$0,$2,$0,$-0,$56,$-8,$0,$0,$0,$-8,$-8,$-323,$-339,$35,$-56,$-21,$-0,$-0,$-16,$310,$273,$-10,$3,$-16
12,2015-09-30,28.28,$15.59,1.81,$6.01,4.71,$4.94,5.73,$1.79,15.77,$3.04B,$3.23B,0.94,$0.03B,$0.39B,0.08,$0.15B,$0.14B,89.40%,$0.15B,$0.07B,45.03%,$0.15B,0,0.00%,$0.15B,0,0.00%,$0.15B,$0.07B,45.03%,$0.15B,$0.05B,29.80%,$0.05B,$0.39B,12.04%,$0.05B,$0.38B,12.20%,$0.05B,$3.67B,1.27%,$0.07B,$0.42B,16.80%,$39,$4,$35,$0,$17,$21,$17,$0,$17,$6,$12,$12,$12,$0,$0,$25,25,$0.46,$0.46,$98,$0,$0,$3038,$44,$485,$5,$94,$628,$3666,$3232,$31,$17,$48,$3280,$98,$286,$5,$387,$3666,$34,$7,$1,$7,$-2,$0,$4,$0,$2,$43,$-5,$0,$0,$0,$-1,$-1,$-212,$-218,$-0,$-80,$-80,$-1,$-1,$-12,$274,$182,$7,$2,$-12
13,2015-06-30,27.02,$15.16,1.78,$5.97,4.53,$4.85,5.57,$1.79,15.07,$2.95B,$3.15B,0.94,$0.03B,$0.38B,0.08,$0.15B,$0.13B,89.33%,$0.15B,$0.07B,45.33%,$0.15B,0,0.00%,$0.15B,0,0.00%,$0.15B,$0.07B,45.33%,$0.15B,$0.05B,30.00%,$0.05B,$0.38B,12.33%,$0.05B,$0.37B,12.50%,$0.05B,$3.57B,1.30%,$0.07B,$0.41B,17.17%,$38,$4,$34,$0,$17,$21,$17,$0,$17,$6,$11,$11,$11,$0,$0,$25,25,$0.46,$0.45,$89,$0,$0,$2951,$43,$478,$5,$95,$621,$3572,$3151,$31,$15,$46,$3196,$97,$278,$3,$376,$3572,$23,$5,$0,$5,$-2,$0,$1,$0,$-1,$26,$-3,$0,$0,$0,$3,$3,$-133,$-133,$-0,$-34,$-34,$-1,$-1,$-8,$147,$105,$-1,$1,$-8
14,2015-03-31,25.13,$14.96,1.68,$5.93,4.24,$4.88,5.15,$1.79,14.01,$2.85B,$3.06B,0.93,$0.03B,$0.37B,0.08,$0.15B,$0.13B,89.26%,$0.15B,$0.07B,45.64%,$0.15B,0,0.00%,$0.15B,0,0.00%,$0.15B,$0.07B,45.64%,$0.15B,$0.05B,30.20%,$0.05B,$0.37B,12.61%,$0.05B,$0.37B,12.78%,$0.05B,$3.48B,1.31%,$0.07B,$0.40B,17.53%,$37,$4,$33,$0,$17,$21,$17,$0,$17,$5,$11,$11,$11,$0,$0,$25,25,$0.45,$0.44,$113,$0,$0,$2851,$42,$487,$5,$93,$627,$3478,$3058,$31,$18,$48,$3107,$96,$271,$6,$371,$3478,$11,$2,$-0,$2,$-1,$0,$4,$0,$3,$16,$-1,$0,$0,$0,$1,$1,$-11,$-11,$-0,$-100,$-100,$-1,$-1,$-3,$121,$17,$22,$0,$-3
15,2014-12-31,26.78,$14.63,1.83,$5.86,4.57,$4.83,5.54,$1.75,15.33,$2.82B,$3.04B,0.93,$0.03B,$0.36B,0.09,$0.15B,$0.13B,89.19%,$0.15B,$0.07B,44.59%,$0.15B,0,0.00%,$0.15B,0,0.00%,$0.15B,$0.07B,44.59%,$0.15B,$0.04B,29.73%,$0.04B,$0.36B,12.67%,$0.04B,$0.36B,12.86%,$0.04B,$3.44B,1.31%,$0.07B,$0.39B,17.45%,$37,$4,$33,$0,$17,$21,$17,$0,$17,$6,$11,$11,$11,$0,$0,$25,25,$0.45,$0.43,$91,$0,$0,$2817,$42,$485,$5,$94,$626,$3443,$3036,$31,$14,$45,$3082,$96,$263,$4,$361,$3443,$44,$9,$1,$11,$-3,$0,$3,$0,$-0,$54,$-6,$0,$0,$0,$-0,$-0,$-232,$-238,$-0,$-101,$-101,$-0,$-0,$-14,$327,$212,$28,$3,$-14
16,2014-09-30,22.97,$14.25,1.61,$5.83,3.94,$5.14,4.47,$1.73,13.3,$2.74B,$2.96B,0.92,$0.03B,$0.35B,0.09,$0.15B,$0.13B,89.12%,$0.15B,$0.07B,44.22%,$0.15B,0,0.00%,$0.15B,0,0.00%,$0.15B,$0.07B,44.22%,$0.15B,$0.04B,29.93%,$0.04B,$0.35B,13.04%,$0.04B,$0.35B,13.23%,$0.04B,$3.36B,1.33%,$0.07B,$0.38B,17.64%,$38,$4,$34,$0,$17,$20,$17,$0,$17,$6,$12,$12,$12,$0,$0,$25,25,$0.47,$0.46,$70,$0,$0,$2737,$41,$484,$5,$90,$619,$3356,$2961,$31,$12,$43,$3004,$96,$256,$3,$352,$3356,$33,$7,$1,$8,$-2,$0,$0,$0,$-1,$40,$-4,$0,$0,$0,$-0,$-0,$-168,$-172,$-0,$-193,$-193,$-0,$-0,$-10,$344,$140,$7,$2,$-10
17,2014-06-30,23.24,$13.92,1.67,$5.72,4.06,$5.49,4.23,$1.66,14.0,$2.80B,$3.03B,0.92,$0.03B,$0.34B,0.09,$0.14B,$0.13B,88.89%,$0.14B,$0.06B,43.75%,$0.14B,0,0.00%,$0.14B,0,0.00%,$0.14B,$0.06B,43.75%,$0.14B,$0.04B,29.17%,$0.04B,$0.34B,12.80%,$0.04B,$0.34B,12.99%,$0.04B,$3.42B,1.31%,$0.06B,$0.38B,17.54%,$37,$4,$33,$0,$16,$20,$17,$0,$17,$6,$11,$11,$11,$0,$0,$25,25,$0.45,$0.45,$160,$0,$0,$2798,$40,$487,$5,$90,$621,$3419,$3034,$31,$11,$42,$3076,$94,$248,$3,$344,$3419,$21,$5,$1,$5,$-0,$0,$-1,$0,$-1,$26,$-2,$0,$0,$0,$-0,$-0,$-142,$-144,$-0,$-59,$-59,$-0,$-0,$-7,$282,$216,$97,$1,$-7
18,2014-03-31,24.36,$13.47,1.81,$5.63,4.33,$5.73,4.25,$1.58,15.42,$2.62B,$2.86B,0.92,$0.03B,$0.33B,0.09,$0.14B,$0.12B,87.94%,$0.14B,$0.06B,42.55%,$0.14B,0,0.00%,$0.14B,0,0.00%,$0.14B,$0.06B,42.55%,$0.14B,$0.04B,28.37%,$0.04B,$0.33B,12.53%,$0.04B,$0.33B,12.73%,$0.04B,$3.23B,1.29%,$0.06B,$0.36B,17.13%,$36,$4,$32,$0,$17,$20,$15,$0,$15,$5,$10,$10,$10,$0,$0,$25,25,$0.40,$0.39,$77,$0,$0,$2616,$40,$482,$5,$91,$618,$3234,$2856,$31,$15,$46,$2902,$94,$240,$0,$332,$3234,$10,$2,$0,$3,$-1,$0,$3,$0,$2,$15,$-1,$0,$0,$0,$1,$1,$-42,$-43,$-0,$-148,$-148,$-0,$-0,$-3,$193,$42,$14,$1,$-3
19,2013-12-31,23.5,$13.11,1.79,$5.57,4.22,$6.10,3.85,$1.56,15.07,$2.56B,$2.81B,0.91,$0.03B,$0.32B,0.1,$0.14B,$0.12B,87.05%,$0.14B,$0.06B,42.45%,$0.14B,0,0.00%,$0.14B,0,0.00%,$0.14B,$0.06B,42.45%,$0.14B,$0.04B,28.06%,$0.04B,$0.32B,12.46%,$0.04B,$0.32B,12.66%,$0.04B,$3.18B,1.29%,$0.06B,$0.35B,17.15%,$36,$4,$32,$0,$17,$20,$16,$0,$16,$5,$11,$11,$11,$0,$0,$25,25,$0.43,$0.41,$63,$0,$0,$2560,$39,$480,$5,$92,$616,$3176,$2811,$31,$12,$43,$2854,$93,$233,$-2,$322,$3176,$39,$12,$0,$12,$13,$0,$-1,$0,$12,$63,$-8,$0,$0,$0,$-25,$-25,$-280,$-313,$-15,$140,$125,$1,$1,$-9,$-36,$80,$-169,$2,$-9
20,2013-09-30,19.57,$12.82,1.53,$5.50,3.56,$5.80,3.37,$1.49,13.16,$2.43B,$2.69B,0.9,$0.03B,$0.32B,0.1,$0.14B,$0.12B,85.40%,$0.14B,$0.06B,42.34%,$0.14B,0,0.00%,$0.14B,0,0.00%,$0.14B,$0.06B,40.15%,$0.14B,$0.04B,27.01%,$0.04B,$0.32B,12.05%,$0.04B,$0.31B,12.25%,$0.04B,$3.04B,1.23%,$0.06B,$0.35B,16.97%,$35,$4,$31,$0,$16,$20,$15,$0,$15,$5,$10,$10,$10,$0,$0,$25,25,$0.39,$0.39,$81,$0,$0,$2434,$39,$463,$5,$101,$608,$3041,$2694,$31,$2,$33,$2727,$92,$226,$-1,$315,$3041,$28,$10,$-0,$10,$14,$0,$-1,$0,$12,$50,$-6,$0,$0,$0,$-15,$-15,$-136,$-157,$-15,$114,$99,$0,$0,$-6,$-137,$-44,$-151,$1,$-6
21,2013-06-30,16.53,$12.55,1.32,$5.52,3.0,$5.42,3.05,$1.47,11.22,$2.36B,$2.64B,0.9,$0.03B,$0.31B,0.1,$0.14B,$0.11B,83.21%,$0.14B,$0.06B,41.61%,$0.14B,0,0.00%,$0.14B,0,0.00%,$0.14B,$0.05B,39.42%,$0.14B,$0.04B,26.28%,$0.04B,$0.31B,11.92%,$0.04B,$0.30B,12.12%,$0.04B,$2.98B,1.21%,$0.06B,$0.34B,16.74%,$34,$5,$29,$0,$15,$20,$14,$0,$14,$5,$9,$9,$9,$0,$0,$25,25,$0.37,$0.37,$64,$0,$0,$2362,$35,$473,$5,$100,$613,$2975,$2635,$31,$2,$33,$2668,$91,$219,$-1,$308,$2975,$18,$7,$-0,$7,$3,$0,$0,$2,$6,$31,$-2,$0,$0,$0,$-21,$-21,$-78,$-101,$-15,$18,$3,$-0,$-0,$-3,$-98,$-99,$-169,$1,$-3
22,2013-03-31,15.78,$12.52,1.26,$5.57,2.83,$5.16,3.06,$1.46,10.81,$2.30B,$2.58B,0.89,$0.03B,$0.31B,0.1,$0.14B,$0.11B,81.88%,$0.14B,$0.06B,40.58%,$0.14B,0,0.00%,$0.14B,0,0.00%,$0.14B,$0.05B,38.41%,$0.14B,$0.04B,26.09%,$0.04B,$0.31B,12.12%,$0.04B,$0.30B,12.33%,$0.04B,$2.93B,1.21%,$0.06B,$0.34B,16.51%,$34,$5,$29,$0,$15,$20,$14,$0,$14,$5,$9,$9,$9,$0,$0,$25,25,$0.37,$0.37,$76,$0,$0,$2303,$35,$483,$5,$102,$625,$2928,$2583,$31,$7,$38,$2621,$90,$213,$5,$307,$2928,$9,$4,$0,$4,$2,$0,$9,$0,$10,$23,$-0,$0,$0,$0,$-19,$-19,$-6,$-25,$-15,$-8,$-23,$-0,$-0,$0,$-131,$-154,$-157,$0,$0
23,2012-12-31,15.28,$12.19,1.25,$5.65,2.7,$4.77,3.2,$1.43,10.66,$2.46B,$2.71B,0.91,$0.05B,$0.30B,0.15,$0.14B,$0.11B,80.00%,$0.14B,$0.06B,39.29%,$0.14B,0,0.00%,$0.14B,0,0.00%,$0.14B,$0.05B,37.14%,$0.14B,$0.04B,25.71%,$0.04B,$0.30B,12.39%,$0.04B,$0.29B,12.61%,$0.04B,$3.06B,1.21%,$0.06B,$0.34B,16.34%,$34,$6,$28,$0,$14,$19,$15,$0,$12,$4,$9,$9,$9,$0,$0,$24,25,$0.35,$0.35,$232,$0,$0,$2456,$35,$478,$5,$90,$608,$3064,$2708,$46,$12,$58,$2766,$90,$204,$6,$298,$3064,$35,$12,$4,$16,$-2,$0,$2,$0,$-1,$51,$-3,$0,$0,$0,$-9,$-9,$-47,$-59,$-0,$-20,$-20,$0,$0,$-14,$169,$136,$128,$1,$-14
24,2012-09-30,16.1,$12.09,1.33,$5.73,2.81,$4.67,3.45,$1.42,11.34,$2.35B,$2.61B,0.9,$0.05B,$0.30B,0.16,$0.14B,$0.11B,78.87%,$0.14B,$0.05B,38.03%,$0.14B,0,0.00%,$0.14B,0,0.00%,$0.14B,$0.05B,36.62%,$0.14B,$0.04B,24.65%,$0.04B,$0.30B,12.31%,$0.04B,$0.29B,12.53%,$0.04B,$2.95B,1.19%,$0.05B,$0.34B,16.35%,$35,$7,$28,$0,$14,$21,$14,$0,$14,$5,$9,$9,$9,$0,$0,$25,25,$0.38,$0.38,$181,$0,$0,$2349,$35,$481,$5,$82,$603,$2952,$2610,$46,$1,$47,$2657,$89,$201,$7,$295,$2952,$27,$8,$3,$11,$-4,$0,$0,$2,$-1,$37,$-2,$0,$0,$0,$-18,$-18,$29,$8,$-0,$-23,$-23,$-0,$-0,$-8,$63,$32,$77,$1,$-8
25,2012-06-30,15.55,$11.80,1.32,$5.81,2.68,$4.72,3.3,$1.39,11.22,$2.37B,$2.64B,0.9,$0.05B,$0.29B,0.16,$0.14B,$0.11B,79.02%,$0.14B,$0.05B,37.06%,$0.14B,0,0.00%,$0.14B,0,0.00%,$0.14B,$0.05B,35.66%,$0.14B,$0.03B,23.78%,$0.03B,$0.29B,12.24%,$0.03B,$0.28B,12.47%,$0.03B,$2.97B,1.17%,$0.05B,$0.33B,16.37%,$35,$7,$28,$0,$15,$22,$13,$0,$13,$4,$9,$9,$9,$0,$0,$24,25,$0.36,$0.36,$195,$0,$0,$2372,$35,$478,$5,$84,$602,$2974,$2639,$46,$2,$48,$2687,$88,$194,$6,$288,$2974,$17,$5,$2,$7,$-2,$0,$0,$1,$-0,$24,$-2,$0,$0,$0,$-13,$-13,$17,$2,$-0,$-43,$-43,$-0,$-0,$-5,$113,$64,$90,$1,$-5
26,2012-03-31,14.99,$11.54,1.3,$5.88,2.55,$4.91,3.05,$1.35,11.07,$2.35B,$2.63B,0.9,$0.05B,$0.28B,0.16,$0.14B,$0.11B,79.17%,$0.14B,$0.05B,36.11%,$0.14B,0,0.00%,$0.14B,0,0.00%,$0.14B,$0.05B,34.72%,$0.14B,$0.03B,22.92%,$0.03B,$0.28B,12.20%,$0.03B,$0.28B,12.43%,$0.03B,$2.96B,1.16%,$0.05B,$0.33B,16.43%,$36,$7,$28,$0,$15,$23,$13,$0,$13,$4,$9,$9,$9,$0,$0,$24,25,$0.35,$0.35,$167,$0,$0,$2354,$35,$476,$5,$85,$601,$2955,$2626,$46,$2,$48,$2674,$88,$188,$6,$281,$2955,$9,$2,$1,$3,$-2,$0,$0,$-0,$2,$14,$-1,$0,$0,$0,$-9,$-9,$7,$-3,$-0,$-17,$-17,$-0,$-0,$-3,$71,$52,$62,$0,$-3
27,2011-12-31,14.81,$11.28,1.31,$5.89,2.51,$5.17,2.86,$1.25,11.82,$2.30B,$2.57B,0.9,$0.05B,$0.27B,0.17,$0.14B,$0.11B,79.17%,$0.14B,$0.05B,33.33%,$0.14B,0,0.00%,$0.14B,0,0.00%,$0.14B,$0.05B,31.94%,$0.14B,$0.03B,20.83%,$0.03B,$0.27B,11.41%,$0.03B,$0.27B,11.63%,$0.03B,$2.89B,1.07%,$0.05B,$0.32B,15.53%,$36,$7,$28,$0,$14,$21,$14,$0,$12,$4,$8,$8,$8,$0,$0,$24,24,$0.34,$0.33,$105,$0,$0,$2297,$35,$467,$5,$85,$592,$2890,$2568,$46,$2,$48,$2616,$87,$182,$5,$273,$2890,$31,$7,$15,$22,$2,$0,$0,$-3,$-1,$51,$-7,$0,$0,$0,$-22,$-22,$-148,$-177,$-0,$-32,$-32,$0,$0,$-10,$212,$170,$44,$1,$-10
28,2011-09-30,11.75,$11.10,1.06,$5.93,1.98,$5.10,2.3,$1.16,10.13,$2.25B,$2.51B,0.89,$0.05B,$0.27B,0.17,$0.14B,$0.11B,79.17%,$0.14B,$0.04B,29.86%,$0.14B,0,0.00%,$0.14B,0,0.00%,$0.14B,$0.04B,29.86%,$0.14B,$0.03B,19.44%,$0.03B,$0.27B,10.92%,$0.03B,$0.26B,11.13%,$0.03B,$2.83B,1.02%,$0.04B,$0.32B,14.21%,$36,$8,$29,$0,$16,$23,$13,$0,$13,$4,$8,$8,$8,$0,$0,$24,24,$0.35,$0.35,$101,$0,$0,$2245,$32,$464,$5,$82,$583,$2827,$2511,$46,$2,$48,$2559,$87,$176,$7,$269,$2827,$22,$4,$12,$16,$-0,$0,$0,$-2,$-1,$38,$-3,$0,$0,$0,$-15,$-15,$-95,$-113,$-0,$-32,$-32,$0,$0,$-8,$155,$115,$41,$1,$-8
29,2011-06-30,12.58,$10.72,1.17,$5.98,2.1,$4.93,2.55,$1.08,11.64,$2.17B,$2.43B,0.89,$0.05B,$0.26B,0.18,$0.15B,$0.11B,78.62%,$0.15B,$0.04B,27.59%,$0.15B,0,0.00%,$0.15B,0,0.00%,$0.15B,$0.04B,27.59%,$0.15B,$0.03B,18.62%,$0.03B,$0.26B,10.77%,$0.03B,$0.25B,11.00%,$0.03B,$2.74B,0.99%,$0.04B,$0.31B,13.21%,$36,$8,$29,$0,$17,$24,$12,$0,$12,$4,$8,$8,$8,$0,$0,$24,24,$0.33,$0.33,$60,$0,$0,$2169,$31,$447,$5,$83,$566,$2735,$2428,$46,$2,$48,$2476,$86,$170,$4,$259,$2735,$14,$3,$9,$12,$2,$0,$0,$-1,$3,$28,$-1,$0,$0,$0,$-2,$-2,$-60,$-63,$-0,$-36,$-36,$0,$0,$-5,$75,$35,$0,$1,$-5
30,2011-03-31,12.72,$10.40,1.22,$5.97,2.13,$4.72,2.69,$0.91,13.93,$2.26B,$2.45B,0.92,$0.05B,$0.25B,0.18,$0.15B,$0.11B,78.62%,$0.15B,$0.04B,25.52%,$0.15B,0,0.00%,$0.15B,0,0.00%,$0.15B,$0.04B,25.52%,$0.15B,$0.02B,15.86%,$0.02B,$0.25B,9.37%,$0.02B,$0.25B,9.57%,$0.02B,$2.75B,0.85%,$0.04B,$0.30B,12.18%,$36,$7,$28,$0,$20,$27,$9,$0,$9,$3,$6,$6,$6,$0,$0,$24,24,$0.25,$0.25,$197,$0,$0,$2263,$31,$368,$5,$83,$487,$2749,$2450,$46,$2,$48,$2498,$86,$165,$1,$251,$2749,$6,$1,$6,$7,$5,$0,$0,$1,$7,$20,$-1,$0,$0,$0,$74,$74,$-16,$57,$-0,$-29,$-29,$0,$0,$-3,$91,$60,$137,$0,$-3
31,2010-12-31,11.95,$10.25,1.17,$5.97,2.0,$4.61,2.59,$0.88,13.58,$2.12B,$2.39B,0.89,$0.05B,$0.25B,0.19,$0.14B,$0.11B,79.17%,$0.14B,$0.04B,25.69%,$0.14B,0,0.00%,$0.14B,0,0.00%,$0.14B,$0.04B,25.69%,$0.14B,$0.02B,15.28%,$0.02B,$0.25B,8.64%,$0.02B,$0.24B,8.84%,$0.02B,$2.68B,0.83%,$0.04B,$0.29B,11.60%,$36,$8,$28,$0,$20,$28,$9,$0,$9,$3,$6,$6,$6,$0,$0,$24,24,$0.24,$0.24,$60,$0,$0,$2120,$30,$443,$5,$84,$562,$2682,$2387,$46,$2,$48,$2435,$86,$161,$1,$247,$2682,$25,$5,$25,$30,$-5,$0,$0,$-1,$-8,$46,$-3,$0,$0,$0,$-24,$-24,$-93,$-120,$-25,$-180,$-205,$1,$-55,$-12,$350,$78,$4,$1,$-10
32,2010-09-30,10.31,$10.21,1.01,$6.29,1.64,$4.04,2.55,$0.85,12.08,$2.15B,$2.39B,0.9,$0.07B,$0.25B,0.29,$0.14B,$0.11B,79.72%,$0.14B,$0.04B,25.17%,$0.14B,0,0.00%,$0.14B,0,0.00%,$0.14B,$0.04B,25.17%,$0.14B,$0.02B,14.69%,$0.02B,$0.25B,7.99%,$0.02B,$0.24B,8.16%,$0.02B,$2.71B,0.80%,$0.04B,$0.32B,10.79%,$37,$8,$29,$0,$20,$28,$10,$0,$10,$3,$7,$7,$7,$0,$0,$24,24,$0.27,$0.27,$127,$0,$0,$2152,$29,$443,$5,$81,$558,$2710,$2393,$71,$1,$72,$2465,$85,$158,$4,$246,$2710,$19,$3,$18,$22,$-4,$0,$0,$-3,$-8,$32,$-1,$0,$0,$0,$-18,$-18,$-52,$-71,$-0,$-245,$-245,$0,$-56,$-9,$419,$110,$71,$1,$-8
33,2010-06-30,10.95,$9.90,1.11,$6.61,1.66,$4.11,2.66,$0.83,13.25,$2.09B,$2.32B,0.9,$0.07B,$0.24B,0.3,$0.14B,$0.11B,79.43%,$0.14B,$0.03B,24.11%,$0.14B,0,0.00%,$0.14B,0,0.00%,$0.14B,$0.03B,24.11%,$0.14B,$0.02B,12.77%,$0.02B,$0.24B,7.02%,$0.02B,$0.23B,7.18%,$0.02B,$2.63B,0.70%,$0.03B,$0.31B,10.39%,$36,$8,$29,$0,$19,$27,$9,$0,$9,$3,$6,$6,$4,$0,$0,$24,24,$0.16,$0.16,$57,$0,$0,$2088,$29,$432,$5,$79,$546,$2634,$2323,$71,$1,$72,$2395,$85,$154,$1,$238,$2634,$12,$2,$12,$14,$-1,$0,$0,$-3,$-4,$23,$-1,$0,$0,$0,$-12,$-12,$-51,$-64,$-0,$-175,$-175,$0,$-56,$-7,$280,$42,$1,$1,$-5
34,2010-03-31,10.36,$11.95,0.87,$6.98,1.49,$4.00,2.59,$0.86,12.05,$2.08B,$2.26B,0.92,$0.07B,$0.23B,0.31,$0.14B,$0.11B,77.86%,$0.14B,$0.03B,22.14%,$0.14B,0,0.00%,$0.14B,0,0.00%,$0.14B,$0.03B,22.14%,$0.14B,$0.02B,12.86%,$0.02B,$0.29B,7.21%,$0.02B,$0.28B,7.37%,$0.02B,$2.62B,0.72%,$0.03B,$0.36B,9.66%,$35,$7,$28,$0,$19,$26,$9,$0,$9,$3,$6,$6,$5,$0,$0,$24,24,$0.21,$0.21,$97,$0,$0,$2083,$29,$423,$5,$79,$536,$2619,$2258,$71,$3,$74,$2332,$85,$153,$-3,$287,$2619,$6,$1,$6,$7,$-0,$0,$0,$2,$3,$17,$0,$0,$0,$0,$-9,$-9,$-1,$-9,$-0,$-143,$-143,$0,$0,$-3,$180,$34,$41,$1,$-2
35,2009-12-31,9.3,$11.69,0.8,$7.32,1.27,$3.63,2.56,$0.84,11.07,$2.05B,$2.22B,0.92,$0.07B,$0.23B,0.31,$0.14B,$0.10B,74.82%,$0.14B,$0.03B,19.42%,$0.14B,0,0.00%,$0.14B,0,0.00%,$0.14B,$0.03B,19.42%,$0.14B,$0.02B,12.23%,$0.02B,$0.28B,7.38%,$0.02B,$0.28B,7.56%,$0.02B,$2.57B,0.69%,$0.03B,$0.35B,8.96%,$35,$8,$28,$0,$20,$27,$8,$0,$8,$3,$5,$5,$5,$0,$0,$19,19,$0.22,$0.21,$56,$0,$0,$2046,$30,$410,$5,$81,$525,$2572,$2219,$71,$1,$72,$2291,$83,$150,$-6,$280,$2572,$19,$4,$22,$25,$-2,$0,$0,$-15,$-20,$24,$-1,$0,$0,$0,$-14,$-14,$-189,$-204,$-50,$151,$101,$58,$115,$-10,$-34,$172,$-8,$0,$-8
36,2009-09-30,11.05,$11.87,0.93,$7.33,1.51,$3.76,2.94,$0.86,12.85,$1.96B,$2.18B,0.9,$0.07B,$0.17B,0.43,$0.14B,$0.10B,70.29%,$0.14B,$0.03B,18.84%,$0.14B,0,0.00%,$0.14B,0,0.00%,$0.14B,$0.03B,18.84%,$0.14B,$0.02B,11.59%,$0.02B,$0.22B,8.09%,$0.02B,$0.21B,8.31%,$0.02B,$2.47B,0.66%,$0.03B,$0.29B,9.24%,$35,$8,$27,$0,$19,$27,$8,$0,$8,$3,$5,$5,$4,$0,$0,$19,19,$0.24,$0.24,$39,$0,$0,$1963,$30,$407,$5,$65,$507,$2470,$2178,$71,$1,$72,$2250,$1,$147,$-5,$220,$2470,$14,$3,$15,$18,$-3,$0,$0,$-1,$-5,$27,$-1,$0,$0,$0,$-10,$-10,$-113,$-124,$-50,$138,$88,$1,$57,$-7,$-64,$73,$-25,$0,$-6
37,2009-06-30,10.09,$11.48,0.88,$7.47,1.35,$3.16,3.19,$0.90,11.21,$1.91B,$2.12B,0.9,$0.07B,$0.16B,0.45,$0.14B,$0.09B,66.43%,$0.14B,$0.03B,18.57%,$0.14B,0,0.00%,$0.14B,0,0.00%,$0.14B,$0.03B,18.57%,$0.14B,$0.02B,12.14%,$0.02B,$0.21B,9.39%,$0.02B,$0.21B,9.66%,$0.02B,$2.40B,0.72%,$0.03B,$0.28B,9.39%,$35,$9,$26,$0,$19,$28,$6,$0,$6,$2,$4,$4,$4,$0,$0,$19,19,$0.19,$0.19,$42,$0,$0,$1913,$30,$390,$5,$65,$491,$2404,$2120,$71,$1,$72,$2192,$1,$145,$-10,$212,$2404,$8,$2,$9,$11,$-6,$0,$0,$0,$-4,$16,$-1,$0,$0,$0,$0,$0,$-52,$-53,$-50,$163,$113,$0,$56,$-4,$-150,$15,$-22,$0,$-4
38,2009-03-31,10.11,$11.31,0.89,$7.48,1.35,$2.82,3.58,$0.97,10.46,$1.95B,$2.17B,0.9,$0.07B,$0.16B,0.46,$0.14B,$0.09B,62.86%,$0.14B,$0.03B,19.29%,$0.14B,0,0.00%,$0.14B,0,0.00%,$0.14B,$0.03B,19.29%,$0.14B,$0.02B,12.86%,$0.02B,$0.21B,10.86%,$0.02B,$0.20B,11.21%,$0.02B,$2.45B,0.77%,$0.03B,$0.28B,9.85%,$34,$11,$23,$0,$17,$28,$5,$0,$5,$2,$4,$4,$4,$0,$0,$19,19,$0.19,$0.19,$93,$0,$0,$1949,$30,$396,$5,$66,$498,$2447,$2165,$71,$2,$73,$2238,$1,$143,$-11,$209,$2447,$4,$1,$5,$5,$-4,$0,$0,$0,$-3,$6,$-0,$0,$0,$0,$-8,$-8,$-33,$-41,$-50,$-12,$-62,$0,$56,$-2,$71,$64,$29,$0,$-2
39,2008-12-31,12.45,$8.15,1.53,$7.59,1.64,$2.73,4.56,$1.05,11.82,$1.89B,$2.11B,0.9,$0.12B,$0.15B,0.81,$0.14B,$0.09B,60.28%,$0.14B,$0.03B,21.28%,$0.14B,0,0.00%,$0.14B,0,0.00%,$0.14B,$0.03B,21.28%,$0.14B,$0.02B,13.48%,$0.02B,$0.15B,12.56%,$0.02B,$0.15B,13.01%,$0.02B,$2.38B,0.84%,$0.03B,$0.27B,12.01%,$34,$13,$21,$0,$15,$28,$7,$0,$7,$2,$4,$4,$4,$0,$0,$18,19,$0.24,$0.23,$64,$0,$0,$1887,$31,$387,$5,$67,$490,$2377,$2105,$121,$1,$122,$2227,$22,$141,$-12,$150,$2377,$20,$3,$8,$11,$0,$0,$0,$-2,$-1,$29,$-5,$0,$0,$0,$-77,$-77,$-329,$-410,$90,$-114,$-24,$2,$2,$-7,$406,$377,$-4,$0,$-7
40,2008-09-30,11.39,$8.38,1.36,$7.66,1.49,$2.98,3.82,$1.09,10.48,$1.77B,$1.98B,0.9,$0.12B,$0.15B,0.79,$0.14B,$0.08B,58.04%,$0.14B,$0.03B,20.98%,$0.14B,0,0.00%,$0.14B,0,0.00%,$0.14B,$0.03B,20.98%,$0.14B,$0.02B,13.99%,$0.02B,$0.15B,13.31%,$0.02B,$0.15B,13.79%,$0.02B,$2.25B,0.92%,$0.03B,$0.27B,13.26%,$37,$14,$23,$0,$16,$29,$8,$0,$8,$3,$5,$5,$5,$0,$0,$18,19,$0.29,$0.28,$62,$0,$0,$1773,$27,$387,$5,$62,$482,$2254,$1979,$121,$1,$122,$2101,$1,$139,$-5,$153,$2254,$15,$2,$6,$8,$-2,$0,$0,$-4,$-8,$15,$-1,$0,$0,$0,$-66,$-66,$-209,$-276,$90,$-59,$31,$1,$1,$-6,$229,$256,$-5,$0,$-6
41,2008-06-30,9.82,$8.26,1.19,$7.57,1.3,$3.29,2.99,$1.04,9.45,$1.77B,$1.98B,0.89,$0.12B,$0.15B,0.8,$0.14B,$0.08B,56.03%,$0.14B,$0.03B,19.86%,$0.14B,0,0.00%,$0.14B,0,0.00%,$0.14B,$0.03B,19.86%,$0.14B,$0.02B,13.48%,$0.02B,$0.15B,12.88%,$0.02B,$0.15B,13.38%,$0.02B,$2.25B,0.91%,$0.03B,$0.27B,13.93%,$35,$14,$21,$0,$15,$28,$7,$0,$7,$2,$5,$5,$5,$0,$0,$18,19,$0.26,$0.26,$100,$0,$0,$1767,$27,$389,$5,$60,$482,$2249,$1976,$121,$1,$122,$2098,$1,$136,$-4,$151,$2249,$10,$1,$3,$4,$-1,$0,$0,$-4,$-5,$9,$-1,$0,$0,$0,$-66,$-66,$-164,$-231,$90,$40,$130,$1,$1,$-4,$126,$254,$32,$0,$-4
42,2008-03-31,11.58,$8.30,1.4,$7.55,1.53,$3.62,3.2,$1.06,10.93,$1.77B,$2.02B,0.88,$0.03B,$0.15B,0.21,$0.14B,$0.08B,54.61%,$0.14B,$0.03B,20.57%,$0.14B,0,0.00%,$0.14B,0,0.00%,$0.14B,$0.03B,20.57%,$0.14B,$0.02B,13.48%,$0.02B,$0.15B,13.19%,$0.02B,$0.15B,13.72%,$0.02B,$2.21B,0.96%,$0.03B,$0.18B,16.57%,$35,$15,$20,$0,$13,$28,$8,$0,$8,$2,$5,$5,$5,$0,$0,$18,19,$0.29,$0.28,$179,$0,$0,$1774,$27,$341,$6,$57,$431,$2205,$2022,$31,$1,$32,$2054,$1,$133,$-0,$151,$2205,$5,$1,$0,$1,$-0,$0,$0,$-2,$-2,$4,$-0,$0,$0,$0,$-11,$-11,$-90,$-102,$-0,$113,$113,$0,$0,$-2,$98,$209,$111,$0,$-2
43,2007-12-31,10.61,$8.05,1.32,$7.42,1.43,$3.90,2.72,$1.03,10.27,$1.59B,$1.81B,0.88,$0.03B,$0.15B,0.21,$0.14B,$0.08B,53.96%,$0.14B,$0.03B,20.14%,$0.14B,0,0.00%,$0.14B,0,0.00%,$0.14B,$0.03B,20.14%,$0.14B,$0.02B,13.67%,$0.02B,$0.15B,13.57%,$0.02B,$0.14B,14.15%,$0.02B,$1.99B,1.01%,$0.03B,$0.18B,16.37%,$36,$16,$19,$0,$12,$29,$7,$0,$7,$2,$5,$5,$5,$0,$0,$18,19,$0.27,$0.27,$68,$0,$0,$1585,$28,$328,$6,$43,$404,$1989,$1811,$31,$1,$32,$1843,$1,$129,$-1,$146,$1989,$19,$3,$3,$6,$1,$0,$0,$3,$8,$33,$-4,$0,$0,$0,$-29,$-29,$-178,$-211,$-0,$129,$129,$1,$1,$-7,$3,$126,$-52,$0,$-7
44,2007-09-30,11.66,$7.82,1.49,$7.31,1.59,$3.31,3.52,$1.01,11.5,$1.49B,$1.71B,0.87,$0.03B,$0.14B,0.22,$0.14B,$0.07B,54.41%,$0.14B,$0.03B,20.59%,$0.14B,0,0.00%,$0.14B,0,0.00%,$0.14B,$0.03B,20.59%,$0.14B,$0.02B,13.97%,$0.02B,$0.14B,13.97%,$0.02B,$0.14B,14.62%,$0.02B,$1.89B,1.03%,$0.03B,$0.17B,16.77%,$35,$16,$19,$0,$13,$29,$6,$0,$6,$2,$4,$4,$4,$0,$0,$18,19,$0.24,$0.23,$42,$0,$0,$1486,$27,$321,$6,$46,$399,$1885,$1711,$31,$0,$31,$1743,$1,$126,$-2,$142,$1885,$14,$2,$2,$4,$1,$0,$0,$-1,$4,$23,$-3,$0,$0,$0,$-24,$-24,$-102,$-129,$-0,$45,$45,$1,$1,$-5,$-13,$28,$-77,$0,$-5
45,2007-06-30,10.66,$7.53,1.42,$7.14,1.49,$2.99,3.57,$1.03,10.32,$1.45B,$1.66B,0.88,$0.03B,$0.14B,0.23,$0.13B,$0.07B,54.89%,$0.13B,$0.03B,21.80%,$0.13B,0,0.00%,$0.13B,0,0.00%,$0.13B,$0.03B,21.80%,$0.13B,$0.02B,15.04%,$0.02B,$0.14B,15.12%,$0.02B,$0.13B,15.84%,$0.02B,$1.82B,1.10%,$0.03B,$0.17B,17.76%,$35,$16,$19,$0,$11,$27,$8,$0,$8,$2,$5,$5,$5,$0,$0,$18,19,$0.29,$0.28,$58,$0,$0,$1452,$26,$297,$6,$42,$370,$1823,$1655,$31,$0,$31,$1686,$1,$123,$-5,$137,$1823,$10,$1,$1,$2,$1,$0,$0,$0,$4,$16,$-2,$0,$0,$0,$-4,$-4,$-48,$-53,$-0,$44,$44,$1,$1,$-3,$-67,$-25,$-62,$0,$-3
46,2007-03-31,11.31,$7.44,1.52,$6.93,1.63,$2.75,4.11,$1.01,11.16,$1.45B,$1.65B,0.88,$0.03B,$0.14B,0.23,$0.13B,$0.07B,55.81%,$0.13B,$0.03B,21.71%,$0.13B,0,0.00%,$0.13B,0,0.00%,$0.13B,$0.03B,21.71%,$0.13B,$0.02B,15.50%,$0.02B,$0.14B,15.63%,$0.02B,$0.13B,16.39%,$0.02B,$1.82B,1.11%,$0.03B,$0.17B,17.61%,$33,$15,$18,$0,$11,$26,$7,$0,$7,$2,$5,$5,$5,$0,$0,$18,19,$0.26,$0.25,$77,$0,$0,$1449,$25,$298,$6,$40,$369,$1818,$1652,$31,$0,$31,$1683,$1,$120,$-3,$135,$1818,$5,$1,$0,$1,$1,$0,$0,$0,$4,$10,$-1,$0,$0,$0,$-1,$-1,$-25,$-27,$-0,$-48,$-48,$1,$1,$-2,$22,$-27,$-43,$0,$-2
47,2006-12-31,12.66,$7.21,1.75,$6.70,1.89,$2.64,4.79,$1.01,12.53,$1.47B,$1.68B,0.88,$0.03B,$0.13B,0.24,$0.12B,$0.07B,57.26%,$0.12B,$0.03B,22.58%,$0.12B,0,0.00%,$0.12B,0,0.00%,$0.12B,$0.03B,22.58%,$0.12B,$0.02B,16.13%,$0.02B,$0.13B,16.19%,$0.02B,$0.12B,17.02%,$0.02B,$1.84B,1.14%,$0.03B,$0.16B,18.12%,$33,$15,$18,$0,$12,$27,$7,$0,$7,$2,$5,$5,$5,$0,$0,$18,19,$0.25,$0.24,$120,$0,$0,$1470,$25,$296,$6,$40,$367,$1837,$1675,$31,$0,$31,$1707,$1,$117,$-3,$130,$1837,$19,$4,$1,$5,$-3,$0,$0,$-2,$-4,$20,$-2,$0,$0,$0,$-6,$-6,$-156,$-164,$-0,$-24,$-24,$2,$2,$-6,$210,$181,$37,$0,$-6
