,Date,Stock Price,Book Value per Share,Price to Book Ratio,TTM Sales per Share,Price to Sales Ratio,TTM FCF per Share,Price to FCF Ratio,TTM Net EPS,PE Ratio,Current Assets,Current Liabilities,Current Ratio,Long Term Debt,Shareholder's Equity_x,Debt to Equity Ratio,TTM Revenue_x,TTM Gross Profit,Gross Margin,TTM Revenue_y,TTM Operating Income,Operating Margin,TTM Revenue_x,TTM EBIT,EBIT Margin,TTM Revenue_y,TTM EBITDA,EBITDA Margin,TTM Revenue_x,TTM Pre-Tax Income,Pre-Tax Margin,TTM Revenue_y,TTM Net Income_x,Net Margin,TTM Net Income_y,Shareholder's Equity_y,Return on Equity,TTM Net Income_x,Tangible Equity,Return on Tangible Equity,TTM Net Income_y,Total Assets,Return on Assets,TTM Net Income,LT Investments & Debt,Return on Investment,revenue,cost-goods-sold,gross-profit,research-development-expenses,selling-general-administrative-expenses,operating-expenses,operating-income,total-non-operating-income-expense,pre-tax-income,total-provision-income-taxes,income-after-taxes,income-from-continuous-operations,net-income,ebitda,ebit,basic-shares-outstanding,shares-outstanding,eps-basic-net-earnings-per-share,eps-earnings-per-share-diluted,cash-on-hand,inventory,other-current-assets,total-current-assets,net-property-plant-equipment,long-term-investments,goodwill-intangible-assets-total,other-long-term-assets,total-long-term-assets,total-assets,total-current-liabilities,long-term-debt,other-non-current-liabilities,total-long-term-liabilities,total-liabilities,common-stock-net,retained-earnings-accumulated-deficit,comprehensive-income,total-share-holder-equity,total-liabilities-share-holders-equity,net-income-loss,total-depreciation-amortization-cash-flow,other-non-cash-items,total-non-cash-items,change-in-accounts-receivable,change-in-inventories,change-in-accounts-payable,change-in-assets-liabilities,total-change-in-assets-liabilities,cash-flow-from-operating-activities,net-change-in-property-plant-equipment,net-change-in-intangible-assets,net-acquisitions-divestitures,net-change-in-short-term-investments,net-change-in-long-term-investments,net-change-in-investments-total,investing-activities-other,cash-flow-from-investing-activities,net-long-term-debt,net-current-debt,debt-issuance-retirement-net-total,net-common-equity-issued-repurchased,net-total-equity-issued-repurchased,total-common-preferred-stock-dividends-paid,financial-activities-other,cash-flow-from-financial-activities,net-cash-flow,stock-based-compensation,common-stock-dividends-paid
0,2018-09-30,31.67,$15.39,2.06,$36.12,0.88,$3.13,10.11,$1.81,17.5,$4.59B,$1.74B,2.65,$4.25B,$4.90B,0.87,$11.34B,$4.36B,38.44%,$11.34B,$0.89B,7.82%,$11.34B,$0.89B,7.82%,$11.34B,$1.16B,10.23%,$11.34B,$0.77B,6.79%,$11.34B,$0.57B,5.01%,$0.57B,$4.90B,12.42%,$0.57B,$-0.53B,-203.40%,$0.57B,$11.59B,5.39%,$0.89B,$9.15B,10.67%,$3122,$1925,$1197,$0,$879,$2888,$235,$-34,$201,$46,$155,$134,$134,$316,$235,$318,319,$0.42,$0.42,$341,$2795,$0,$4593,$1201,$157,$5429,$205,$6992,$11585,$1736,$4250,$377,$4952,$6688,$3,$3563,$-135,$4897,$11585,$445,$211,$33,$244,$-71,$-71,$-72,$39,$-168,$521,$-172,$0,$-1206,$0,$-11,$-11,$17,$-1372,$1193,$-199,$994,$4,$4,$0,$-19,$979,$62,$18,$0
1,2018-06-30,31.9,$15.03,2.12,$34.28,0.93,$3.05,10.46,$1.78,17.92,$4.59B,$1.79B,2.57,$4.26B,$4.78B,0.89,$10.69B,$4.12B,38.56%,$10.69B,$0.85B,7.96%,$10.69B,$0.85B,7.96%,$10.69B,$1.10B,10.33%,$10.69B,$0.75B,6.99%,$10.69B,$0.56B,5.20%,$0.56B,$4.78B,12.75%,$0.56B,$-0.62B,-411.85%,$0.56B,$11.55B,5.64%,$0.85B,$9.04B,10.92%,$3031,$1869,$1162,$0,$826,$2774,$257,$-39,$218,$61,$157,$158,$157,$325,$257,$313,314,$0.51,$0.50,$345,$2718,$0,$4594,$1188,$203,$5395,$169,$6955,$11549,$1788,$4261,$390,$4983,$6772,$3,$3429,$-116,$4777,$11549,$311,$130,$16,$146,$-112,$-13,$-25,$17,$-128,$329,$-115,$0,$-1136,$0,$0,$0,$2,$-1249,$1230,$-162,$1068,$3,$3,$0,$-16,$1054,$65,$12,$0
2,2018-03-31,37.95,$14.27,2.66,$32.54,1.17,$3.24,11.71,$1.77,21.44,$4.04B,$1.48B,2.74,$3.17B,$4.42B,0.72,$10.12B,$3.92B,38.79%,$10.12B,$0.84B,8.29%,$10.12B,$0.84B,8.29%,$10.12B,$1.08B,10.68%,$10.12B,$0.76B,7.46%,$10.12B,$0.55B,5.44%,$0.55B,$4.42B,13.31%,$0.55B,$0.11B,1486.49%,$0.55B,$9.64B,6.06%,$0.84B,$7.59B,11.62%,$2721,$1667,$1054,$0,$767,$2494,$227,$-26,$201,$50,$151,$153,$153,$288,$227,$310,311,$0.49,$0.49,$246,$2401,$0,$4039,$930,$208,$4313,$146,$5597,$9636,$1475,$3171,$329,$3742,$5217,$3,$3272,$-15,$4419,$9636,$153,$61,$3,$64,$-131,$5,$24,$-7,$-72,$145,$-62,$0,$-3,$0,$0,$0,$1,$-65,$4,$-124,$-120,$2,$2,$0,$0,$-118,$-34,$6,$0
3,2017-12-31,40.67,$13.61,2.99,$31.36,1.3,$3.39,12.01,$1.72,23.65,$3.82B,$1.32B,2.89,$3.28B,$4.21B,0.78,$9.74B,$3.80B,39.03%,$9.74B,$0.85B,8.71%,$9.74B,$0.85B,8.71%,$9.74B,$1.08B,11.07%,$9.74B,$0.77B,7.88%,$9.74B,$0.53B,5.47%,$0.53B,$4.21B,13.57%,$0.53B,$-0.07B,-4441.67%,$0.53B,$9.37B,6.13%,$0.85B,$7.48B,12.19%,$2470,$1522,$948,$0,$710,$2302,$168,$-18,$150,$29,$121,$123,$124,$232,$168,$309,311,$0.40,$0.40,$280,$2381,$0,$3822,$913,$208,$4280,$143,$5545,$9367,$1323,$3278,$308,$3837,$5160,$3,$3124,$-70,$4207,$9367,$530,$230,$-15,$215,$-56,$-204,$45,$-20,$-227,$519,$-179,$0,$-212,$0,$-8,$-8,$14,$-385,$18,$-135,$-118,$7,$7,$0,$-2,$-113,$52,$23,$0
4,2017-09-30,35.99,$13.08,2.75,$30.35,1.19,$3.67,9.79,$1.60,22.49,$3.67B,$1.30B,2.82,$3.02B,$4.04B,0.75,$9.42B,$3.68B,39.10%,$9.42B,$0.84B,8.94%,$9.42B,$0.84B,8.94%,$9.42B,$1.06B,11.30%,$9.42B,$0.76B,8.08%,$9.42B,$0.50B,5.26%,$0.50B,$4.04B,13.25%,$0.50B,$0.05B,-1164.71%,$0.50B,$8.86B,5.87%,$0.84B,$7.06B,12.44%,$2466,$1509,$957,$0,$696,$2267,$199,$-21,$178,$58,$120,$122,$122,$259,$199,$309,311,$0.40,$0.39,$275,$2236,$0,$3668,$868,$199,$3995,$134,$5196,$8864,$1302,$3022,$257,$3521,$4823,$3,$3000,$-98,$4041,$8864,$410,$167,$14,$181,$-75,$-98,$42,$-9,$-141,$449,$-136,$0,$49,$0,$-7,$-7,$10,$-84,$21,$-374,$-353,$6,$6,$0,$-1,$-347,$48,$18,$0
5,2017-06-30,32.95,$12.50,2.64,$29.53,1.12,$3.86,8.53,$1.61,20.47,$3.50B,$1.22B,2.87,$2.89B,$3.86B,0.75,$9.16B,$3.58B,39.09%,$9.16B,$0.83B,9.02%,$9.16B,$0.83B,9.02%,$9.16B,$1.05B,11.44%,$9.16B,$0.74B,8.11%,$9.16B,$0.50B,5.42%,$0.50B,$3.86B,13.84%,$0.50B,$0.07B,-377.90%,$0.50B,$8.43B,6.00%,$0.83B,$6.75B,12.41%,$2458,$1493,$965,$0,$664,$2214,$245,$-19,$226,$76,$150,$151,$151,$301,$245,$308,310,$0.49,$0.49,$304,$2063,$0,$3501,$842,$182,$3787,$120,$4930,$8431,$1222,$2891,$237,$3353,$4574,$3,$2878,$-154,$3857,$8431,$287,$107,$16,$123,$-98,$-20,$64,$3,$-48,$362,$-92,$0,$201,$0,$0,$0,$5,$114,$13,$-441,$-429,$5,$5,$0,$0,$-423,$76,$12,$0
6,2017-03-31,29.27,$11.70,2.5,$29.05,1.01,$3.83,7.64,$1.58,18.53,$3.32B,$1.16B,2.86,$2.93B,$3.61B,0.81,$9.01B,$3.52B,39.10%,$9.01B,$0.81B,9.03%,$9.01B,$0.81B,9.03%,$9.01B,$1.04B,11.52%,$9.01B,$0.73B,8.05%,$9.01B,$0.49B,5.42%,$0.49B,$3.61B,14.16%,$0.49B,$-0.09B,-199.80%,$0.49B,$8.12B,5.95%,$0.81B,$6.54B,12.29%,$2343,$1413,$930,$0,$643,$2107,$236,$-23,$213,$72,$141,$141,$136,$286,$236,$308,310,$0.44,$0.44,$265,$1978,$0,$3318,$809,$185,$3697,$112,$4804,$8122,$1160,$2933,$201,$3356,$4515,$3,$2727,$-246,$3607,$8122,$136,$51,$17,$68,$-109,$-1,$24,$-8,$-32,$172,$-44,$0,$224,$0,$0,$0,$1,$181,$23,$-353,$-330,$2,$2,$0,$1,$-326,$30,$7,$0
7,2016-12-31,30.65,$11.19,2.74,$27.72,1.11,$3.69,8.31,$1.49,20.57,$3.57B,$1.21B,2.95,$3.28B,$3.44B,0.95,$8.58B,$3.35B,39.04%,$8.58B,$0.76B,8.89%,$8.58B,$0.76B,8.89%,$8.58B,$0.97B,11.30%,$8.58B,$0.68B,7.90%,$8.58B,$0.46B,5.41%,$0.46B,$3.44B,13.84%,$0.46B,$-0.20B,-157.82%,$0.46B,$8.30B,5.79%,$0.76B,$6.72B,11.79%,$2150,$1320,$830,$0,$607,$1989,$162,$-18,$144,$47,$96,$96,$86,$218,$162,$307,310,$0.27,$0.28,$227,$1935,$0,$3568,$812,$183,$3639,$102,$4736,$8303,$1211,$3276,$174,$3649,$4860,$3,$2590,$-267,$3443,$8303,$464,$206,$53,$259,$-51,$-64,$19,$-6,$-88,$635,$-207,$0,$-1339,$0,$-186,$-186,$22,$-1710,$607,$632,$1239,$8,$8,$0,$-21,$1226,$140,$22,$0
8,2016-09-30,35.46,$11.15,3.18,$26.46,1.34,$3.52,10.06,$1.52,23.33,$3.30B,$1.15B,2.87,$3.19B,$3.43B,0.93,$8.18B,$3.22B,39.33%,$8.18B,$0.75B,9.20%,$8.18B,$0.75B,9.20%,$8.18B,$0.94B,11.45%,$8.18B,$0.67B,8.23%,$8.18B,$0.47B,5.78%,$0.47B,$3.43B,14.46%,$0.47B,$-0.31B,-473.00%,$0.47B,$8.20B,6.44%,$0.75B,$6.62B,12.64%,$2207,$1352,$855,$0,$612,$2024,$183,$-24,$160,$50,$110,$110,$123,$243,$183,$307,310,$0.40,$0.40,$272,$1913,$0,$3296,$1024,$0,$3736,$148,$4908,$8204,$1149,$3189,$211,$3627,$4777,$3,$2504,$-191,$3427,$8204,$378,$150,$25,$176,$-46,$27,$-12,$-8,$-36,$524,$-153,$0,$-1291,$0,$0,$0,$19,$-1425,$389,$713,$1102,$8,$8,$0,$-21,$1088,$171,$17,$0
9,2016-06-30,31.7,$10.78,2.94,$25.29,1.25,$3.64,8.7,$1.45,21.86,$3.30B,$1.17B,2.82,$3.28B,$3.31B,0.99,$7.81B,$3.08B,39.40%,$7.81B,$0.74B,9.44%,$7.81B,$0.74B,9.44%,$7.81B,$0.89B,11.45%,$7.81B,$0.67B,8.56%,$7.81B,$0.45B,5.78%,$0.45B,$3.31B,14.21%,$0.45B,$-0.38B,477.25%,$0.45B,$8.19B,6.71%,$0.74B,$6.58B,13.52%,$2305,$1399,$906,$0,$612,$2072,$232,$-24,$208,$70,$138,$138,$143,$290,$232,$307,310,$0.47,$0.46,$273,$1891,$0,$3298,$1055,$0,$3690,$143,$4888,$8186,$1168,$3275,$210,$3710,$4878,$3,$2375,$-182,$3308,$8186,$255,$91,$20,$111,$-84,$43,$31,$-17,$-11,$362,$-102,$0,$-1259,$0,$0,$0,$19,$-1342,$380,$805,$1185,$5,$5,$0,$-18,$1171,$164,$11,$0
10,2016-03-31,31.93,$10.55,3.03,$23.84,1.34,$3.51,9.1,$1.38,23.14,$2.99B,$1.05B,2.85,$2.74B,$3.23B,0.85,$7.34B,$2.89B,39.43%,$7.34B,$0.71B,9.60%,$7.34B,$0.71B,9.60%,$7.34B,$0.84B,11.38%,$7.34B,$0.65B,8.80%,$7.34B,$0.43B,5.83%,$0.43B,$3.23B,13.87%,$0.43B,$-0.29B,142.79%,$0.43B,$7.36B,7.03%,$0.71B,$5.98B,14.22%,$1921,$1161,$760,$0,$528,$1736,$186,$-20,$166,$53,$113,$112,$112,$219,$186,$306,309,$0.37,$0.36,$229,$1783,$0,$2994,$759,$0,$3523,$81,$4363,$7357,$1049,$2743,$150,$3073,$4122,$3,$2234,$-105,$3234,$7357,$112,$33,$14,$47,$-78,$19,$21,$-28,$-26,$135,$-50,$0,$-593,$0,$0,$0,$19,$-625,$-159,$798,$638,$3,$3,$0,$-8,$633,$142,$6,$0
11,2015-12-31,29.63,$10.19,2.91,$23.40,1.27,$3.74,7.93,$1.38,21.47,$2.34B,$0.75B,3.11,$1.53B,$3.12B,0.49,$7.19B,$2.83B,39.39%,$7.19B,$0.71B,9.80%,$7.19B,$0.71B,9.80%,$7.19B,$0.83B,11.58%,$7.19B,$0.65B,9.02%,$7.19B,$0.42B,5.88%,$0.42B,$3.12B,14.24%,$0.42B,$0.58B,93.95%,$0.42B,$5.65B,7.52%,$0.71B,$4.64B,15.40%,$1749,$1052,$697,$0,$507,$1597,$152,$-12,$139,$42,$97,$95,$95,$185,$152,$305,307,$0.32,$0.31,$87,$1557,$0,$2341,$697,$3,$2534,$73,$3307,$5648,$752,$1529,$125,$1781,$2533,$3,$2126,$-105,$3115,$5648,$423,$128,$51,$179,$15,$-83,$-4,$-3,$-58,$544,$-170,$0,$-161,$0,$-10,$-10,$11,$-330,$-84,$-155,$-239,$8,$8,$0,$-8,$-239,$-27,$21,$0
12,2015-09-30,28.36,$9.94,2.85,$23.22,1.22,$3.33,8.51,$1.33,21.32,$2.39B,$0.80B,2.99,$1.57B,$3.04B,0.52,$7.13B,$2.80B,39.30%,$7.13B,$0.70B,9.81%,$7.13B,$0.70B,9.81%,$7.13B,$0.83B,11.63%,$7.13B,$0.64B,8.98%,$7.13B,$0.41B,5.72%,$0.41B,$3.04B,14.20%,$0.41B,$0.47B,115.99%,$0.41B,$5.70B,7.31%,$0.70B,$4.61B,15.39%,$1832,$1119,$713,$0,$511,$1665,$167,$-12,$155,$52,$102,$101,$101,$200,$167,$305,308,$0.33,$0.33,$137,$1465,$0,$2387,$653,$0,$2568,$96,$3317,$5704,$798,$1570,$124,$1870,$2667,$3,$2031,$-82,$3037,$5704,$328,$95,$16,$111,$-6,$22,$-11,$15,$59,$505,$-100,$0,$-157,$0,$0,$0,$3,$-254,$-58,$-168,$-227,$8,$8,$0,$-7,$-227,$22,$16,$0
13,2015-06-30,30.25,$9.70,3.12,$22.88,1.32,$2.74,11.04,$1.30,23.27,$2.37B,$0.73B,3.27,$1.65B,$2.95B,0.56,$7.02B,$2.75B,39.22%,$7.02B,$0.69B,9.80%,$7.02B,$0.69B,9.80%,$7.02B,$0.82B,11.64%,$7.02B,$0.63B,8.91%,$7.02B,$0.40B,5.69%,$0.40B,$2.95B,14.35%,$0.40B,$0.44B,141.61%,$0.40B,$5.64B,7.20%,$0.69B,$4.61B,15.24%,$1838,$1114,$724,$0,$492,$1638,$200,$-15,$186,$65,$121,$120,$120,$231,$200,$304,307,$0.39,$0.39,$143,$1402,$0,$2373,$650,$0,$2515,$97,$3262,$5635,$726,$1652,$123,$1954,$2680,$3,$1930,$-49,$2954,$5635,$227,$62,$10,$72,$-49,$38,$-19,$-8,$-16,$283,$-67,$0,$-37,$0,$0,$0,$-5,$-109,$-44,$-106,$-150,$3,$3,$0,$1,$-145,$29,$11,$0
14,2015-03-31,25.56,$9.14,2.8,$22.49,1.14,$2.32,11.04,$1.25,20.45,$2.34B,$0.77B,3.03,$1.67B,$2.78B,0.6,$6.89B,$2.70B,39.18%,$6.89B,$0.66B,9.61%,$6.89B,$0.66B,9.61%,$6.89B,$0.79B,11.48%,$6.89B,$0.60B,8.70%,$6.89B,$0.38B,5.57%,$0.38B,$2.78B,14.26%,$0.38B,$0.31B,204.53%,$0.38B,$5.52B,6.97%,$0.66B,$4.45B,14.77%,$1774,$1074,$699,$0,$478,$1588,$186,$-17,$169,$60,$109,$107,$107,$217,$186,$304,307,$0.35,$0.35,$175,$1358,$0,$2337,$622,$0,$2467,$97,$3185,$5522,$772,$1672,$121,$1970,$2743,$3,$1810,$-95,$2780,$5522,$107,$31,$4,$34,$-62,$44,$11,$-3,$39,$180,$-26,$0,$-1,$0,$0,$0,$-7,$-34,$-6,$-76,$-82,$1,$1,$0,$-0,$-80,$61,$6,$0
15,2014-12-31,28.12,$8.97,3.14,$22.03,1.28,$2.02,13.92,$1.24,22.68,$2.24B,$0.75B,3.0,$1.78B,$2.72B,0.66,$6.74B,$2.65B,39.35%,$6.74B,$0.65B,9.64%,$6.74B,$0.65B,9.64%,$6.74B,$0.78B,11.51%,$6.74B,$0.59B,8.74%,$6.74B,$0.38B,5.67%,$0.38B,$2.72B,14.60%,$0.38B,$0.19B,317.01%,$0.38B,$5.48B,7.03%,$0.65B,$4.51B,14.73%,$1684,$1020,$665,$0,$483,$1538,$146,$-17,$130,$48,$81,$80,$80,$181,$146,$302,306,$0.26,$0.27,$115,$1434,$0,$2236,$630,$0,$2534,$76,$3240,$5476,$745,$1784,$119,$2011,$2755,$3,$1703,$-40,$2721,$5476,$382,$125,$35,$160,$-62,$-123,$-5,$18,$-153,$389,$-141,$0,$-776,$0,$-2,$-2,$-2,$-921,$24,$472,$496,$9,$9,$0,$-4,$501,$-36,$22,$0
16,2014-09-30,26.59,$8.80,3.02,$20.86,1.27,$2.32,11.45,$1.24,21.44,$2.35B,$0.77B,3.04,$1.83B,$2.67B,0.68,$6.37B,$2.53B,39.75%,$6.37B,$0.64B,10.01%,$6.37B,$0.64B,10.01%,$6.37B,$0.75B,11.82%,$6.37B,$0.58B,9.07%,$6.37B,$0.38B,5.96%,$0.38B,$2.67B,15.06%,$0.38B,$0.19B,273.38%,$0.38B,$5.54B,7.32%,$0.64B,$4.49B,15.23%,$1721,$1057,$664,$0,$474,$1565,$156,$-16,$140,$48,$92,$92,$92,$188,$156,$303,306,$0.30,$0.30,$245,$1341,$0,$2346,$612,$0,$2478,$99,$3189,$5535,$771,$1825,$111,$2095,$2867,$3,$1623,$-2,$2668,$5535,$301,$91,$6,$97,$-70,$-55,$1,$28,$-75,$323,$-100,$0,$-651,$0,$0,$0,$1,$-750,$29,$481,$509,$7,$7,$0,$8,$523,$94,$17,$0
17,2014-06-30,26.69,$8.61,3.1,$19.50,1.37,$2.52,10.6,$1.18,22.62,$2.24B,$0.75B,2.99,$1.88B,$2.60B,0.72,$5.95B,$2.39B,40.12%,$5.95B,$0.61B,10.17%,$5.95B,$0.61B,10.17%,$5.95B,$0.71B,11.95%,$5.95B,$0.55B,9.19%,$5.95B,$0.36B,6.07%,$0.36B,$2.60B,14.92%,$0.36B,$0.06B,264.47%,$0.36B,$5.50B,7.37%,$0.61B,$4.48B,15.35%,$1709,$1038,$671,$0,$462,$1536,$174,$-14,$160,$54,$105,$105,$105,$205,$174,$302,306,$0.35,$0.34,$110,$1347,$0,$2241,$622,$0,$2539,$97,$3258,$5499,$750,$1880,$106,$2146,$2896,$3,$1531,$37,$2603,$5499,$210,$59,$4,$63,$-72,$-41,$-21,$4,$-120,$152,$-67,$0,$-635,$0,$0,$0,$0,$-702,$36,$480,$516,$4,$4,$0,$-14,$506,$-41,$12,$0
18,2014-03-31,26.35,$8.19,3.22,$18.03,1.46,$2.80,9.4,$1.09,24.17,$2.09B,$0.78B,2.7,$1.70B,$2.47B,0.69,$5.49B,$2.23B,40.52%,$5.49B,$0.56B,10.23%,$5.49B,$0.56B,10.23%,$5.49B,$0.66B,11.98%,$5.49B,$0.50B,9.16%,$5.49B,$0.33B,6.04%,$0.33B,$2.47B,14.41%,$0.33B,$0.04B,205.57%,$0.33B,$5.21B,7.25%,$0.56B,$4.17B,15.26%,$1626,$974,$652,$0,$448,$1452,$174,$-15,$159,$54,$105,$105,$105,$202,$174,$301,306,$0.35,$0.34,$113,$1256,$0,$2093,$594,$0,$2427,$96,$3116,$5210,$776,$1696,$105,$1963,$2739,$3,$1426,$20,$2471,$5210,$105,$28,$-0,$28,$-50,$-19,$-9,$3,$-35,$97,$-34,$0,$-487,$0,$0,$0,$-1,$-521,$80,$310,$390,$2,$2,$0,$-7,$386,$-37,$6,$0
19,2013-12-31,32.9,$7.81,4.21,$16.66,1.97,$2.88,11.43,$1.03,31.94,$1.80B,$0.68B,2.66,$1.26B,$2.35B,0.54,$5.06B,$2.08B,41.00%,$5.06B,$0.53B,10.47%,$5.06B,$0.53B,10.47%,$5.06B,$0.62B,12.19%,$5.06B,$0.48B,9.40%,$5.06B,$0.31B,6.16%,$0.31B,$2.35B,14.21%,$0.31B,$0.26B,143.94%,$0.31B,$4.52B,7.42%,$0.53B,$3.62B,15.59%,$1317,$771,$546,$0,$386,$1183,$134,$-15,$119,$41,$78,$78,$78,$158,$134,$300,304,$0.27,$0.25,$150,$1077,$0,$1800,$547,$0,$2091,$81,$2719,$4519,$678,$1264,$92,$1490,$2168,$3,$1322,$20,$2351,$4519,$312,$86,$18,$104,$-45,$-69,$50,$27,$12,$428,$-90,$0,$-408,$0,$0,$0,$-7,$-506,$477,$-328,$149,$15,$15,$0,$1,$166,$91,$22,$0
20,2013-09-30,31.87,$7.50,4.25,$15.88,2.01,$2.16,14.76,$0.98,32.52,$1.68B,$0.64B,2.61,$1.25B,$2.25B,0.56,$4.81B,$1.98B,41.03%,$4.81B,$0.50B,10.39%,$4.81B,$0.50B,10.39%,$4.81B,$0.58B,12.09%,$4.81B,$0.45B,9.43%,$4.81B,$0.30B,6.15%,$0.30B,$2.25B,14.10%,$0.30B,$0.18B,152.97%,$0.30B,$4.36B,7.39%,$0.50B,$3.51B,15.39%,$1298,$780,$518,$0,$371,$1175,$123,$-14,$109,$36,$73,$73,$73,$146,$123,$300,305,$0.24,$0.24,$107,$1018,$0,$1676,$532,$0,$2075,$78,$2685,$4361,$643,$1251,$95,$1464,$2107,$3,$1244,$11,$2254,$4361,$234,$62,$0,$62,$-35,$-18,$2,$49,$38,$341,$-60,$0,$-396,$0,$-9,$-9,$0,$-465,$513,$-357,$157,$14,$14,$0,$-1,$169,$48,$16,$0
21,2013-06-30,25.75,$7.13,3.61,$15.00,1.72,$1.64,15.69,$0.92,27.99,$1.66B,$0.56B,2.97,$1.31B,$2.14B,0.61,$4.53B,$1.87B,41.19%,$4.53B,$0.47B,10.32%,$4.53B,$0.47B,10.32%,$4.53B,$0.55B,12.05%,$4.53B,$0.43B,9.44%,$4.53B,$0.28B,6.11%,$0.28B,$2.14B,13.79%,$0.28B,$0.16B,142.60%,$0.28B,$4.22B,7.31%,$0.47B,$3.45B,15.21%,$1252,$742,$510,$0,$355,$1120,$131,$-15,$116,$41,$76,$76,$76,$152,$131,$299,304,$0.25,$0.25,$162,$973,$0,$1658,$515,$0,$1975,$70,$2560,$4218,$559,$1312,$92,$1522,$2081,$3,$1170,$-18,$2138,$4218,$160,$40,$-0,$39,$-50,$-6,$14,$11,$4,$209,$-39,$0,$-309,$0,$0,$0,$0,$-347,$596,$-360,$236,$11,$11,$0,$-6,$241,$102,$11,$0
22,2013-03-31,21.76,$6.84,3.18,$14.23,1.53,$1.35,16.17,$0.89,24.59,$1.40B,$0.51B,2.77,$0.99B,$2.04B,0.48,$4.29B,$1.78B,41.49%,$4.29B,$0.45B,10.40%,$4.29B,$0.45B,10.40%,$4.29B,$0.52B,12.13%,$4.29B,$0.41B,9.63%,$4.29B,$0.27B,6.18%,$0.27B,$2.04B,13.75%,$0.27B,$0.27B,142.47%,$0.27B,$3.72B,7.37%,$0.45B,$3.03B,15.34%,$1196,$694,$502,$0,$341,$1054,$142,$-10,$132,$47,$85,$85,$85,$161,$142,$298,303,$0.28,$0.28,$63,$883,$0,$1400,$492,$0,$1776,$54,$2323,$3723,$505,$988,$87,$1177,$1681,$3,$1095,$-17,$2041,$3723,$85,$19,$2,$21,$-48,$10,$-8,$4,$-1,$106,$-21,$0,$-13,$0,$0,$0,$0,$-34,$-34,$-40,$-74,$3,$3,$0,$3,$-68,$3,$5,$0
23,2012-12-31,21.1,$6.60,3.2,$13.73,1.54,$1.36,15.5,$0.88,24.11,$1.38B,$0.49B,2.84,$1.05B,$1.96B,0.53,$4.12B,$1.72B,41.80%,$4.12B,$0.44B,10.62%,$4.12B,$0.44B,10.62%,$4.12B,$0.51B,12.34%,$4.12B,$0.41B,9.92%,$4.12B,$0.26B,6.33%,$0.26B,$1.96B,14.09%,$0.26B,$0.17B,169.48%,$0.26B,$3.72B,7.50%,$0.44B,$3.01B,15.65%,$1068,$623,$445,$0,$323,$964,$104,$-8,$97,$34,$62,$62,$62,$123,$104,$296,301,$0.20,$0.21,$60,$901,$0,$1384,$494,$0,$1797,$48,$2339,$3723,$488,$1047,$122,$1271,$1759,$3,$1010,$1,$1964,$3723,$261,$70,$4,$74,$-13,$-95,$-15,$-12,$-134,$206,$-88,$0,$-265,$0,$0,$0,$1,$-353,$257,$-133,$124,$18,$18,$0,$15,$157,$12,$16,$0
24,2012-09-30,18.48,$6.36,2.91,$13.34,1.38,$1.40,13.22,$0.86,21.61,$1.30B,$0.47B,2.79,$0.93B,$1.89B,0.49,$4.00B,$1.67B,41.82%,$4.00B,$0.42B,10.61%,$4.00B,$0.42B,10.61%,$4.00B,$0.49B,12.31%,$4.00B,$0.40B,9.91%,$4.00B,$0.26B,6.38%,$0.26B,$1.89B,14.38%,$0.26B,$0.18B,200.79%,$0.26B,$3.50B,7.62%,$0.42B,$2.82B,15.77%,$1017,$607,$410,$0,$301,$925,$91,$-8,$83,$29,$54,$54,$54,$110,$91,$296,301,$0.18,$0.18,$69,$826,$0,$1296,$453,$0,$1707,$46,$2206,$3503,$465,$930,$130,$1149,$1614,$3,$948,$-1,$1889,$3503,$199,$52,$1,$52,$-12,$-48,$-8,$-8,$-73,$182,$-60,$0,$-133,$0,$0,$0,$0,$-193,$268,$-262,$6,$14,$14,$0,$11,$31,$21,$12,$0
25,2012-06-30,16.68,$6.13,2.72,$12.61,1.32,$1.33,12.57,$0.84,19.86,$1.25B,$0.45B,2.81,$0.95B,$1.81B,0.53,$3.76B,$1.60B,42.39%,$3.76B,$0.42B,11.11%,$3.76B,$0.42B,11.11%,$3.76B,$0.48B,12.78%,$3.76B,$0.39B,10.44%,$3.76B,$0.25B,6.64%,$0.25B,$1.81B,14.74%,$0.25B,$0.13B,140.25%,$0.25B,$3.43B,8.05%,$0.42B,$2.77B,16.50%,$1007,$585,$422,$0,$296,$898,$109,$-7,$101,$37,$64,$64,$64,$126,$109,$295,300,$0.22,$0.21,$59,$799,$0,$1253,$444,$0,$1684,$45,$2172,$3425,$445,$954,$124,$1166,$1612,$1,$894,$-10,$1814,$3425,$145,$33,$1,$34,$-23,$-31,$4,$-24,$-60,$121,$-41,$0,$-120,$0,$0,$0,$0,$-161,$196,$-162,$34,$10,$10,$0,$7,$51,$11,$8,$0
26,2012-03-31,15.59,$5.92,2.63,$11.82,1.32,$1.26,12.38,$0.79,19.85,$1.17B,$0.46B,2.57,$0.86B,$1.75B,0.49,$3.52B,$1.50B,42.52%,$3.52B,$0.39B,11.01%,$3.52B,$0.39B,11.01%,$3.52B,$0.45B,12.68%,$3.52B,$0.37B,10.47%,$3.52B,$0.23B,6.63%,$0.23B,$1.75B,14.33%,$0.23B,$0.14B,94.43%,$0.23B,$3.26B,8.16%,$0.39B,$2.60B,16.34%,$1032,$584,$447,$0,$299,$898,$134,$-6,$128,$47,$81,$81,$81,$150,$134,$294,299,$0.28,$0.27,$55,$737,$0,$1174,$431,$0,$1608,$47,$2086,$3260,$457,$856,$113,$1058,$1515,$1,$830,$-0,$1745,$3260,$81,$16,$1,$18,$-23,$13,$-3,$-17,$12,$110,$-21,$0,$-25,$0,$0,$0,$0,$-46,$198,$-263,$-65,$5,$5,$0,$3,$-58,$7,$4,$0
27,2011-12-31,15.04,$5.59,2.69,$11.03,1.36,$1.16,12.95,$0.71,21.18,$1.15B,$0.40B,2.89,$0.93B,$1.64B,0.56,$3.27B,$1.39B,42.56%,$3.27B,$0.36B,11.01%,$3.27B,$0.36B,11.01%,$3.27B,$0.42B,12.69%,$3.27B,$0.34B,10.27%,$3.27B,$0.21B,6.42%,$0.21B,$1.64B,13.45%,$0.21B,$0.06B,69.42%,$0.21B,$3.20B,7.99%,$0.36B,$2.57B,16.18%,$940,$548,$392,$0,$284,$849,$90,$-6,$84,$28,$56,$56,$56,$106,$90,$292,297,$0.19,$0.19,$48,$737,$0,$1150,$424,$0,$1585,$41,$2050,$3200,$398,$927,$143,$1158,$1556,$3,$749,$-9,$1644,$3200,$210,$55,$14,$69,$-18,$-90,$29,$7,$-74,$212,$-85,$0,$-487,$0,$0,$0,$0,$-572,$246,$57,$303,$12,$12,$0,$-3,$311,$-47,$13,$0
28,2011-09-30,12.08,$5.39,2.24,$10.18,1.19,$1.07,11.25,$0.66,18.3,$0.94B,$0.23B,4.12,$0.61B,$1.58B,0.39,$3.01B,$1.29B,42.86%,$3.01B,$0.34B,11.41%,$3.01B,$0.34B,11.41%,$3.01B,$0.39B,13.08%,$3.01B,$0.32B,10.58%,$3.01B,$0.20B,6.49%,$0.20B,$1.58B,12.97%,$0.20B,$0.39B,53.32%,$0.20B,$2.54B,8.12%,$0.34B,$2.19B,16.55%,$784,$450,$334,$0,$234,$698,$85,$-5,$80,$31,$49,$49,$49,$99,$85,$293,297,$0.17,$0.17,$45,$606,$0,$937,$371,$0,$1192,$38,$1601,$2538,$228,$614,$55,$731,$958,$1,$693,$-7,$1580,$2538,$154,$38,$10,$48,$-18,$-51,$2,$12,$-43,$159,$-60,$0,$-181,$0,$0,$0,$0,$-240,$248,$-220,$28,$8,$8,$0,$-5,$31,$-51,$10,$0
29,2011-06-30,13.05,$5.25,2.48,$9.62,1.36,$1.11,11.74,$0.62,21.04,$0.89B,$0.19B,4.6,$0.57B,$1.54B,0.37,$2.83B,$1.22B,42.95%,$2.83B,$0.32B,11.42%,$2.83B,$0.32B,11.42%,$2.83B,$0.37B,13.08%,$2.83B,$0.30B,10.46%,$2.83B,$0.18B,6.43%,$0.18B,$1.54B,12.61%,$0.18B,$0.40B,53.61%,$0.18B,$2.42B,7.85%,$0.32B,$2.11B,16.16%,$760,$437,$322,$0,$230,$681,$78,$-3,$76,$29,$47,$47,$47,$91,$78,$292,296,$0.16,$0.16,$42,$557,$0,$890,$358,$0,$1132,$37,$1527,$2418,$193,$571,$53,$689,$882,$1,$643,$5,$1536,$2418,$105,$25,$8,$33,$-25,$-20,$-5,$-2,$-36,$101,$-42,$0,$-96,$0,$0,$0,$0,$-138,$249,$-267,$-18,$5,$5,$0,$-4,$-17,$-53,$7,$0
30,2011-03-31,12.05,$5.09,2.37,$9.06,1.33,$1.19,10.13,$0.59,20.42,$0.85B,$0.21B,4.09,$0.54B,$1.49B,0.37,$2.65B,$1.15B,43.48%,$2.65B,$0.32B,11.87%,$2.65B,$0.32B,11.87%,$2.65B,$0.36B,13.53%,$2.65B,$0.28B,10.66%,$2.65B,$0.17B,6.52%,$0.17B,$1.49B,12.52%,$0.17B,$0.36B,56.35%,$0.17B,$2.36B,7.70%,$0.32B,$2.03B,16.27%,$787,$443,$344,$0,$225,$679,$107,$-12,$96,$38,$58,$58,$58,$119,$107,$291,296,$0.20,$0.20,$65,$515,$0,$852,$342,$0,$1125,$36,$1503,$2355,$208,$544,$50,$662,$870,$1,$597,$9,$1485,$2355,$58,$12,$6,$18,$-19,$3,$-10,$-8,$-0,$77,$-18,$0,$-44,$0,$0,$0,$0,$-62,$591,$-635,$-44,$3,$3,$0,$-5,$-47,$-31,$3,$0
31,2010-12-31,11.36,$4.86,2.34,$8.48,1.34,$1.26,9.05,$0.58,19.59,$0.84B,$0.23B,3.71,$0.55B,$1.41B,0.39,$2.47B,$1.09B,44.23%,$2.47B,$0.30B,12.06%,$2.47B,$0.30B,12.06%,$2.47B,$0.34B,13.76%,$2.47B,$0.27B,10.93%,$2.47B,$0.17B,6.84%,$0.17B,$1.41B,12.79%,$0.17B,$0.31B,61.40%,$0.17B,$2.30B,7.73%,$0.30B,$1.96B,15.81%,$674,$387,$288,$0,$204,$601,$73,$-7,$66,$25,$41,$41,$41,$84,$73,$287,292,$0.14,$0.14,$96,$493,$0,$837,$331,$0,$1102,$29,$1463,$2300,$225,$548,$46,$660,$885,$1,$539,$4,$1414,$2300,$169,$41,$4,$45,$-12,$-68,$10,$-1,$-55,$159,$-60,$0,$-132,$0,$0,$0,$0,$-192,$0,$-10,$-10,$14,$14,$0,$15,$19,$-13,$10,$0
32,2010-09-30,10.4,$4.65,2.24,$8.10,1.28,$1.29,8.03,$0.57,18.25,$0.82B,$0.23B,3.65,$0.56B,$1.34B,0.42,$2.35B,$1.06B,44.96%,$2.35B,$0.29B,12.11%,$2.35B,$0.29B,12.11%,$2.35B,$0.33B,13.94%,$2.35B,$0.26B,11.09%,$2.35B,$0.17B,7.01%,$0.17B,$1.34B,13.07%,$0.17B,$0.28B,68.61%,$0.17B,$2.21B,7.80%,$0.29B,$1.90B,15.51%,$608,$346,$261,$0,$186,$542,$65,$-7,$58,$22,$36,$36,$36,$76,$65,$287,292,$0.13,$0.13,$169,$445,$0,$822,$307,$0,$1055,$22,$1384,$2205,$225,$558,$32,$643,$869,$1,$497,$-3,$1337,$2205,$128,$30,$-4,$26,$-1,$-44,$11,$10,$-9,$145,$-36,$0,$-58,$0,$0,$0,$0,$-94,$-1,$-7,$-9,$9,$9,$0,$9,$9,$60,$8,$0
33,2010-06-30,9.64,$4.51,2.14,$7.74,1.25,$1.30,7.44,$0.55,17.69,$0.80B,$0.20B,4.09,$0.57B,$1.29B,0.44,$2.24B,$1.02B,45.63%,$2.24B,$0.28B,12.32%,$2.24B,$0.28B,12.32%,$2.24B,$0.32B,14.15%,$2.24B,$0.25B,11.21%,$2.24B,$0.16B,7.05%,$0.16B,$1.29B,13.04%,$0.16B,$0.27B,77.74%,$0.16B,$2.13B,7.66%,$0.28B,$1.86B,15.35%,$585,$323,$261,$0,$182,$515,$70,$-7,$63,$25,$38,$38,$38,$80,$70,$286,291,$0.14,$0.13,$190,$413,$0,$801,$293,$0,$1016,$21,$1330,$2131,$196,$567,$25,$645,$841,$1,$461,$-5,$1290,$2131,$92,$20,$-5,$15,$-1,$-25,$-0,$1,$-7,$101,$-21,$0,$-2,$0,$0,$0,$0,$-22,$-1,$-7,$-9,$5,$5,$0,$6,$3,$82,$5,$0
34,2010-03-31,10.15,$4.36,2.33,$7.42,1.37,$1.26,8.06,$0.52,19.71,$0.78B,$0.20B,3.83,$0.58B,$1.25B,0.47,$2.14B,$0.98B,45.82%,$2.14B,$0.26B,12.19%,$2.14B,$0.26B,12.19%,$2.14B,$0.30B,14.06%,$2.14B,$0.24B,10.98%,$2.14B,$0.15B,6.96%,$0.15B,$1.25B,12.82%,$0.15B,$0.23B,95.21%,$0.15B,$2.11B,7.38%,$0.26B,$1.83B,14.83%,$604,$320,$283,$0,$184,$514,$90,$-7,$83,$31,$52,$52,$54,$100,$90,$284,290,$0.19,$0.19,$194,$391,$0,$783,$292,$0,$1012,$22,$1327,$2109,$204,$581,$25,$660,$864,$1,$423,$-5,$1245,$2109,$54,$10,$-3,$7,$-3,$-4,$6,$28,$27,$88,$-11,$0,$8,$0,$0,$0,$0,$-3,$-0,$-7,$-8,$3,$3,$0,$4,$-1,$85,$3,$0
35,2009-12-31,9.8,$4.15,2.36,$7.13,1.37,$1.11,8.84,$0.45,22.01,$0.70B,$0.17B,4.17,$0.59B,$1.18B,0.5,$2.05B,$0.93B,45.31%,$2.05B,$0.23B,11.33%,$2.05B,$0.23B,11.33%,$2.05B,$0.27B,13.23%,$2.05B,$0.21B,10.01%,$2.05B,$0.13B,6.20%,$0.13B,$1.18B,11.40%,$0.13B,$0.17B,114.93%,$0.13B,$2.02B,6.45%,$0.23B,$1.77B,13.49%,$556,$303,$253,$0,$183,$496,$60,$-3,$57,$20,$37,$37,$37,$72,$60,$281,288,$0.13,$0.13,$109,$386,$0,$703,$290,$0,$1006,$21,$1317,$2020,$168,$593,$27,$672,$841,$1,$369,$-7,$1179,$2020,$128,$41,$-1,$39,$-0,$-20,$-18,$2,$-4,$164,$-55,$0,$-48,$0,$0,$0,$0,$-102,$-2,$-49,$-51,$8,$8,$0,$9,$-33,$30,$7,$0
36,2009-09-30,9.27,$4.01,2.31,$6.80,1.36,$0.97,9.55,$0.36,25.75,$0.72B,$0.18B,4.05,$0.61B,$1.13B,0.54,$1.94B,$0.86B,44.47%,$1.94B,$0.20B,10.14%,$1.94B,$0.20B,10.14%,$1.94B,$0.24B,12.15%,$1.94B,$0.17B,8.49%,$1.94B,$0.10B,5.30%,$0.10B,$1.13B,9.58%,$0.10B,$0.13B,132.48%,$0.10B,$1.99B,5.33%,$0.20B,$1.74B,11.67%,$495,$270,$225,$0,$160,$439,$56,$-8,$48,$18,$30,$30,$29,$65,$56,$281,288,$0.11,$0.10,$166,$361,$0,$715,$259,$0,$999,$21,$1279,$1994,$177,$606,$33,$686,$863,$1,$332,$-9,$1131,$1994,$90,$28,$6,$34,$19,$-24,$-13,$9,$11,$135,$-28,$0,$-19,$0,$0,$0,$0,$-47,$-16,$2,$-14,$5,$5,$0,$6,$-3,$87,$5,$0
37,2009-06-30,8.23,$3.89,2.12,$6.79,1.21,$0.83,9.93,$0.35,23.5,$0.66B,$0.17B,3.9,$0.61B,$1.09B,0.56,$1.93B,$0.85B,44.09%,$1.93B,$0.19B,9.79%,$1.93B,$0.19B,9.79%,$1.93B,$0.23B,11.76%,$1.93B,$0.16B,8.13%,$1.93B,$0.10B,5.13%,$0.10B,$1.09B,9.47%,$0.10B,$0.09B,188.57%,$0.10B,$1.95B,5.22%,$0.19B,$1.70B,11.37%,$486,$266,$220,$0,$157,$432,$55,$-8,$47,$19,$28,$28,$29,$64,$55,$280,287,$0.11,$0.10,$129,$353,$0,$662,$262,$0,$1006,$20,$1288,$1951,$170,$610,$31,$688,$858,$1,$303,$-12,$1093,$1951,$61,$19,$4,$22,$11,$-17,$-7,$-3,$4,$87,$-18,$0,$-16,$0,$0,$0,$0,$-34,$-11,$2,$-9,$3,$3,$0,$3,$-3,$50,$4,$0
38,2009-03-31,7.14,$3.76,1.9,$6.82,1.05,$0.73,9.72,$0.36,19.82,$0.63B,$0.16B,3.86,$0.62B,$1.05B,0.58,$1.93B,$0.85B,44.14%,$1.93B,$0.19B,9.96%,$1.93B,$0.19B,9.96%,$1.93B,$0.23B,11.88%,$1.93B,$0.16B,8.30%,$1.93B,$0.10B,5.24%,$0.10B,$1.05B,10.03%,$0.10B,$0.05B,278.62%,$0.10B,$1.91B,5.45%,$0.19B,$1.67B,11.79%,$511,$281,$230,$0,$160,$450,$61,$-8,$53,$21,$32,$32,$32,$70,$61,$280,286,$0.12,$0.12,$93,$360,$0,$627,$258,$0,$1005,$19,$1282,$1909,$163,$615,$32,$693,$856,$1,$274,$-15,$1054,$1909,$32,$9,$4,$13,$10,$-25,$-3,$-7,$-6,$40,$-7,$0,$-16,$0,$0,$0,$0,$-23,$-6,$2,$-4,$0,$0,$0,$0,$-3,$14,$2,$0
39,2008-12-31,5.83,$3.65,1.6,$6.79,0.86,$0.69,8.48,$0.36,16.42,$0.63B,$0.17B,3.77,$0.62B,$1.02B,0.61,$1.91B,$0.84B,44.21%,$1.91B,$0.19B,10.11%,$1.91B,$0.19B,10.11%,$1.91B,$0.23B,11.94%,$1.91B,$0.16B,8.28%,$1.91B,$0.10B,5.24%,$0.10B,$1.02B,10.32%,$0.10B,$0.04B,500.00%,$0.10B,$1.88B,5.51%,$0.19B,$1.64B,12.10%,$451,$262,$189,$0,$154,$425,$25,$-8,$17,$6,$11,$11,$13,$37,$25,$273,282,$0.05,$0.05,$79,$331,$0,$630,$254,$0,$978,$19,$1252,$1882,$167,$621,$30,$694,$861,$1,$242,$-14,$1021,$1882,$100,$36,$6,$42,$-15,$4,$-5,$3,$-10,$133,$-65,$0,$-74,$0,$0,$0,$0,$-139,$-6,$-5,$-11,$10,$10,$0,$12,$12,$5,$5,$0
40,2008-09-30,8.49,$3.66,2.32,$6.86,1.24,$0.52,16.48,$0.39,21.76,$0.60B,$0.16B,3.64,$0.62B,$1.01B,0.61,$1.86B,$0.83B,44.83%,$1.86B,$0.21B,11.19%,$1.86B,$0.21B,11.19%,$1.86B,$0.24B,12.81%,$1.86B,$0.17B,9.20%,$1.86B,$0.11B,5.87%,$0.11B,$1.01B,11.77%,$0.11B,$0.03B,-3353.85%,$0.11B,$1.85B,6.17%,$0.21B,$1.64B,13.35%,$482,$270,$212,$0,$154,$433,$48,$-8,$40,$16,$24,$24,$25,$56,$48,$273,282,$0.09,$0.09,$98,$331,$0,$596,$241,$0,$982,$28,$1252,$1848,$164,$623,$11,$670,$834,$1,$229,$4,$1014,$1848,$87,$24,$8,$32,$-6,$-6,$-10,$-2,$-13,$105,$-40,$0,$-40,$0,$0,$0,$0,$-80,$-14,$0,$-14,$5,$5,$0,$8,$-1,$23,$4,$0
41,2008-06-30,9.04,$3.47,2.61,$6.21,1.45,$0.31,29.16,$0.36,24.92,$0.61B,$0.17B,3.56,$0.63B,$0.94B,0.67,$1.62B,$0.73B,45.03%,$1.62B,$0.19B,11.49%,$1.62B,$0.19B,11.49%,$1.62B,$0.21B,13.03%,$1.62B,$0.16B,9.57%,$1.62B,$0.10B,6.11%,$0.10B,$0.94B,11.28%,$0.10B,$0.02B,80.49%,$0.10B,$1.78B,6.47%,$0.19B,$1.57B,13.74%,$484,$265,$220,$0,$151,$426,$58,$-8,$50,$19,$31,$31,$31,$66,$58,$271,281,$0.12,$0.11,$104,$333,$0,$605,$230,$0,$917,$27,$1175,$1780,$170,$629,$10,$671,$840,$1,$204,$4,$939,$1780,$62,$16,$3,$19,$-12,$-11,$-9,$-2,$-13,$67,$-26,$0,$-4,$0,$0,$0,$0,$-31,$-10,$0,$-10,$1,$1,$0,$2,$-7,$30,$3,$0
42,2008-03-31,11.24,$3.33,3.37,$5.52,2.03,$0.14,78.95,$0.32,35.67,$0.58B,$0.17B,3.41,$0.63B,$0.90B,0.7,$1.37B,$0.61B,44.88%,$1.37B,$0.16B,11.33%,$1.37B,$0.16B,11.33%,$1.37B,$0.18B,12.79%,$1.37B,$0.13B,9.50%,$1.37B,$0.08B,5.99%,$0.08B,$0.90B,10.90%,$0.08B,$-0.02B,50.93%,$0.08B,$1.74B,6.58%,$0.16B,$1.54B,14.05%,$492,$269,$223,$0,$153,$430,$62,$-10,$51,$21,$31,$31,$31,$69,$62,$269,279,$0.12,$0.11,$85,$331,$0,$580,$224,$0,$917,$21,$1163,$1743,$170,$634,$10,$671,$841,$1,$173,$1,$902,$1743,$31,$8,$1,$8,$-8,$-9,$-5,$15,$-7,$32,$-13,$0,$-4,$0,$0,$0,$0,$-17,$-6,$0,$-6,$1,$1,$0,$1,$-4,$11,$1,$0
43,2007-12-31,10.51,$3.17,3.32,$4.81,2.18,$0.08,131.87,$0.28,38.22,$0.55B,$0.16B,3.38,$0.64B,$0.85B,0.76,$1.11B,$0.50B,44.82%,$1.11B,$0.12B,10.80%,$1.11B,$0.12B,10.80%,$1.11B,$0.14B,12.33%,$1.11B,$0.11B,9.45%,$1.11B,$0.07B,6.03%,$0.07B,$0.85B,10.62%,$0.07B,$-0.05B,32.64%,$0.07B,$1.69B,6.96%,$0.12B,$1.49B,14.11%,$400,$223,$178,$0,$131,$361,$40,$-9,$30,$11,$19,$19,$22,$47,$40,$228,240,$0.09,$0.08,$74,$320,$0,$553,$217,$0,$901,$21,$1139,$1693,$164,$642,$12,$679,$843,$1,$142,$1,$850,$1693,$66,$18,$-12,$6,$-11,$-35,$7,$4,$-18,$54,$-38,$0,$-868,$0,$0,$0,$0,$-906,$643,$-88,$555,$360,$360,$0,$6,$922,$70,$3,$0
44,2007-09-30,8.7,$3.08,2.83,$4.06,2.14,$0.08,103.11,$0.24,36.26,$0.46B,$0.07B,6.63,$0.00B,$0.82B,0.0,$0.92B,$0.41B,44.98%,$0.92B,$0.10B,10.70%,$0.92B,$0.10B,10.70%,$0.92B,$0.11B,12.23%,$0.92B,$0.09B,10.04%,$0.92B,$0.06B,6.00%,$0.06B,$0.82B,10.60%,$0.06B,$0.54B,21.42%,$0.06B,$0.91B,8.08%,$0.10B,$0.82B,16.31%,$243,$135,$108,$0,$79,$218,$26,$-2,$24,$9,$15,$15,$15,$29,$26,$219,230,$0.07,$0.07,$225,$156,$0,$455,$151,$0,$282,$17,$451,$906,$69,$2,$10,$19,$87,$1,$121,$3,$819,$906,$44,$11,$-5,$6,$-8,$-22,$1,$6,$-19,$32,$-26,$0,$-56,$0,$-6,$-6,$0,$-87,$-4,$-88,$-92,$357,$357,$0,$12,$277,$221,$2,$0
45,2007-06-30,6.17,$2.04,3.02,$3.89,1.59,$0.09,69.58,$0.23,27.4,$0.23B,$0.07B,3.42,$0.13B,$0.44B,0.3,$0.87B,$0.39B,45.12%,$0.87B,$0.09B,10.33%,$0.87B,$0.09B,10.33%,$0.87B,$0.10B,11.94%,$0.87B,$0.08B,9.64%,$0.87B,$0.05B,5.74%,$0.05B,$0.44B,12.16%,$0.05B,$0.17B,31.45%,$0.05B,$0.65B,8.43%,$0.09B,$0.57B,17.34%,$233,$128,$105,$0,$75,$207,$27,$-2,$25,$11,$14,$14,$14,$30,$27,$214,225,$0.07,$0.06,$9,$157,$0,$226,$141,$0,$264,$16,$420,$646,$66,$129,$9,$143,$209,$1,$106,$2,$437,$646,$30,$7,$2,$9,$-4,$-27,$-0,$7,$-25,$13,$-18,$0,$-24,$0,$-6,$-6,$0,$-48,$0,$37,$37,$1,$1,$0,$2,$40,$5,$2,$0
46,2007-03-31,5.47,$1.96,2.79,$3.73,1.47,$0.09,58.01,$0.22,25.42,$0.21B,$0.07B,2.86,$0.11B,$0.42B,0.26,$0.83B,$0.38B,45.14%,$0.83B,$0.08B,10.08%,$0.83B,$0.08B,10.08%,$0.83B,$0.10B,11.64%,$0.83B,$0.08B,9.36%,$0.83B,$0.05B,5.76%,$0.05B,$0.42B,12.13%,$0.05B,$0.16B,31.63%,$0.05B,$0.61B,8.48%,$0.08B,$0.52B,16.90%,$235,$128,$107,$0,$77,$208,$27,$-1,$26,$10,$16,$16,$16,$31,$27,$213,224,$0.08,$0.07,$6,$139,$0,$208,$132,$0,$257,$10,$399,$608,$73,$107,$8,$117,$190,$1,$92,$1,$418,$608,$16,$3,$2,$5,$-8,$-11,$0,$1,$-11,$10,$-9,$0,$-15,$0,$0,$0,$0,$-24,$16,$0,$16,$-1,$-1,$0,$0,$15,$2,$1,$0
47,2006-12-31,5.75,$1.88,3.05,$3.54,1.62,$0.07,84.52,$0.20,28.74,$0.18B,$0.06B,2.99,$0.09B,$0.40B,0.23,$0.79B,$0.36B,45.19%,$0.79B,$0.08B,9.75%,$0.79B,$0.08B,9.75%,$0.79B,$0.09B,11.27%,$0.79B,$0.07B,9.11%,$0.79B,$0.04B,5.57%,$0.04B,$0.40B,11.55%,$0.04B,$0.16B,29.24%,$0.04B,$0.56B,8.17%,$0.08B,$0.49B,16.18%,$205,$113,$92,$0,$70,$186,$18,$-1,$17,$7,$10,$10,$10,$22,$18,$211,223,$0.05,$0.05,$4,$125,$0,$184,$127,$0,$246,$7,$381,$564,$61,$92,$8,$102,$163,$1,$76,$1,$401,$564,$44,$12,$-2,$10,$-4,$-9,$-2,$2,$-2,$52,$-36,$0,$-73,$0,$1,$1,$-2,$-111,$-2,$48,$46,$6,$6,$0,$7,$59,$1,$2,$0
