,Date,Stock Price,Book Value per Share,Price to Book Ratio,TTM Sales per Share,Price to Sales Ratio,TTM FCF per Share,Price to FCF Ratio,TTM Net EPS,PE Ratio,Current Assets,Current Liabilities,Current Ratio,Long Term Debt,Shareholder's Equity_x,Debt to Equity Ratio,TTM Revenue_x,TTM Gross Profit,Gross Margin,TTM Revenue_y,TTM Operating Income,Operating Margin,TTM Revenue_x,TTM EBIT,EBIT Margin,TTM Revenue_y,TTM EBITDA,EBITDA Margin,TTM Revenue_x,TTM Pre-Tax Income,Pre-Tax Margin,TTM Revenue_y,TTM Net Income_x,Net Margin,TTM Net Income_y,Shareholder's Equity_y,Return on Equity,TTM Net Income_x,Tangible Equity,Return on Tangible Equity,TTM Net Income_y,Total Assets,Return on Assets,TTM Net Income,LT Investments & Debt,Return on Investment,revenue,cost-goods-sold,gross-profit,research-development-expenses,selling-general-administrative-expenses,operating-expenses,operating-income,total-non-operating-income-expense,pre-tax-income,total-provision-income-taxes,income-after-taxes,income-from-continuous-operations,net-income,ebitda,ebit,basic-shares-outstanding,shares-outstanding,eps-basic-net-earnings-per-share,eps-earnings-per-share-diluted,cash-on-hand,inventory,other-current-assets,total-current-assets,net-property-plant-equipment,long-term-investments,goodwill-intangible-assets-total,other-long-term-assets,total-long-term-assets,total-assets,total-current-liabilities,long-term-debt,other-non-current-liabilities,total-long-term-liabilities,total-liabilities,common-stock-net,retained-earnings-accumulated-deficit,comprehensive-income,total-share-holder-equity,total-liabilities-share-holders-equity,net-income-loss,total-depreciation-amortization-cash-flow,other-non-cash-items,total-non-cash-items,change-in-accounts-receivable,change-in-inventories,change-in-accounts-payable,change-in-assets-liabilities,total-change-in-assets-liabilities,cash-flow-from-operating-activities,net-change-in-property-plant-equipment,net-change-in-intangible-assets,net-acquisitions-divestitures,net-change-in-short-term-investments,net-change-in-long-term-investments,net-change-in-investments-total,investing-activities-other,cash-flow-from-investing-activities,net-long-term-debt,net-current-debt,debt-issuance-retirement-net-total,net-common-equity-issued-repurchased,net-total-equity-issued-repurchased,total-common-preferred-stock-dividends-paid,financial-activities-other,cash-flow-from-financial-activities,net-cash-flow,stock-based-compensation,common-stock-dividends-paid
0,2018-09-30,15.49,$7.11,2.18,$37.67,0.41,$-1.68,0.0,$0.19,81.53,$0.34B,$0.18B,1.89,$0.04B,$0.20B,0.21,$1.08B,$0.39B,36.19%,$1.08B,$0.01B,0.56%,$1.08B,$0.01B,0.56%,$1.08B,$0.02B,2.14%,$1.08B,$0.00B,0.28%,$1.08B,$0.01B,0.56%,$0.01B,$0.20B,3.02%,$0.01B,$0.19B,3.18%,$0.01B,$0.44B,1.40%,$0.01B,$0.25B,2.63%,$270,$170,$101,$0,$94,$264,$7,$-1,$6,$0,$6,$6,$6,$11,$7,$29,29,$0.21,$0.21,$12,$305,$12,$336,$93,$0,$10,$4,$107,$443,$178,$43,$19,$62,$240,$0,$134,$-1,$204,$443,$2,$14,$5,$19,$0,$-44,$-3,$-3,$-47,$-26,$-11,$0,$0,$0,$0,$0,$1,$-10,$-1,$28,$27,$0,$0,$0,$-0,$27,$-8,$3,$0
1,2018-06-30,24.35,$6.86,3.55,$37.30,0.65,$0.14,168.05,$-0.68,0.0,$0.33B,$0.19B,1.73,$0.04B,$0.20B,0.18,$1.06B,$0.38B,35.88%,$1.06B,$-0.02B,-1.69%,$1.06B,$-0.02B,-1.69%,$1.06B,$-0.00B,-0.09%,$1.06B,$-0.02B,-1.98%,$1.06B,$-0.02B,-1.79%,$-0.02B,$0.20B,-9.69%,$-0.02B,$0.19B,-10.20%,$-0.02B,$0.44B,-4.55%,$-0.02B,$0.23B,-8.07%,$283,$182,$101,$0,$102,$284,$-1,$-0,$-1,$0,$-1,$-1,$-1,$4,$-1,$29,29,$-0.05,$-0.05,$11,$297,$10,$327,$98,$0,$10,$4,$112,$438,$188,$35,$19,$54,$242,$0,$128,$-1,$196,$438,$-3,$10,$2,$12,$0,$-39,$5,$1,$-30,$-22,$-7,$0,$0,$0,$0,$0,$0,$-7,$-1,$20,$19,$0,$0,$0,$-1,$19,$-9,$2,$0
2,2018-03-31,23.92,$6.88,3.48,$36.55,0.65,$0.41,58.07,$-0.47,0.0,$0.31B,$0.18B,1.75,$0.03B,$0.20B,0.13,$1.04B,$0.38B,36.15%,$1.04B,$-0.01B,-1.15%,$1.04B,$-0.01B,-1.15%,$1.04B,$0.01B,0.48%,$1.04B,$-0.02B,-1.44%,$1.04B,$-0.01B,-1.34%,$-0.01B,$0.20B,-7.00%,$-0.01B,$0.19B,-7.36%,$-0.01B,$0.42B,-3.33%,$-0.01B,$0.22B,-5.16%,$262,$167,$95,$0,$96,$263,$-1,$-0,$-2,$0,$-2,$-2,$-2,$3,$-1,$29,29,$-0.07,$-0.07,$13,$273,$9,$306,$99,$0,$10,$3,$111,$417,$175,$26,$20,$46,$220,$0,$129,$-1,$196,$417,$-2,$5,$1,$6,$0,$-14,$-7,$3,$-18,$-15,$-3,$0,$0,$0,$0,$0,$0,$-3,$-0,$11,$11,$0,$0,$0,$-1,$10,$-7,$1,$0
3,2017-12-31,31.39,$6.94,4.52,$36.15,0.87,$-0.10,0.0,$-1.33,0.0,$0.30B,$0.18B,1.67,$0.02B,$0.20B,0.08,$1.03B,$0.37B,35.86%,$1.03B,$-0.04B,-3.50%,$1.03B,$-0.04B,-3.50%,$1.03B,$-0.02B,-1.85%,$1.03B,$-0.04B,-3.79%,$1.03B,$-0.04B,-3.69%,$-0.04B,$0.20B,-18.77%,$-0.04B,$0.19B,-19.74%,$-0.04B,$0.41B,-8.73%,$-0.04B,$0.21B,-14.60%,$260,$168,$92,$0,$92,$259,$1,$-0,$0,$-3,$3,$3,$3,$5,$1,$28,28,$0.10,$0.10,$20,$262,$7,$298,$100,$0,$10,$3,$113,$411,$178,$15,$20,$35,$213,$0,$131,$-1,$198,$411,$-38,$18,$9,$27,$0,$33,$-52,$33,$50,$39,$-5,$0,$0,$0,$0,$0,$1,$-4,$39,$-65,$-26,$-0,$-0,$0,$0,$-26,$10,$5,$0
4,2017-09-30,38.98,$6.80,5.73,$35.98,1.08,$-2.64,0.0,$-1.63,0.0,$0.29B,$0.16B,1.84,$0.03B,$0.19B,0.17,$1.01B,$0.36B,35.21%,$1.01B,$-0.05B,-4.54%,$1.01B,$-0.05B,-4.54%,$1.01B,$-0.03B,-2.86%,$1.01B,$-0.05B,-4.73%,$1.01B,$-0.05B,-4.54%,$-0.05B,$0.19B,-21.83%,$-0.05B,$0.18B,-22.91%,$-0.05B,$0.40B,-10.14%,$-0.05B,$0.23B,-17.62%,$257,$164,$93,$0,$110,$274,$-17,$-0,$-18,$1,$-19,$-19,$-19,$-13,$-17,$28,28,$-0.66,$-0.66,$19,$253,$4,$286,$102,$0,$10,$5,$117,$403,$155,$32,$19,$54,$209,$0,$128,$-1,$194,$403,$-41,$13,$5,$18,$0,$48,$-79,$39,$44,$21,$-6,$0,$0,$0,$0,$0,$1,$-5,$-1,$-8,$-9,$0,$0,$0,$-0,$-9,$9,$4,$0
5,2017-06-30,25.06,$7.45,3.36,$35.91,0.7,$-3.87,0.0,$-1.65,0.0,$0.33B,$0.16B,2.05,$0.06B,$0.21B,0.27,$1.00B,$0.34B,34.07%,$1.00B,$-0.05B,-5.29%,$1.00B,$-0.05B,-5.29%,$1.00B,$-0.04B,-3.60%,$1.00B,$-0.05B,-5.39%,$1.00B,$-0.05B,-4.50%,$-0.05B,$0.21B,-20.74%,$-0.05B,$0.20B,-21.74%,$-0.05B,$0.45B,-9.56%,$-0.05B,$0.27B,-20.06%,$264,$166,$97,$0,$92,$258,$5,$-1,$5,$0,$4,$4,$4,$10,$5,$28,29,$0.16,$0.16,$8,$275,$3,$325,$109,$0,$10,$5,$124,$449,$159,$57,$19,$78,$237,$0,$147,$-1,$212,$449,$-22,$9,$2,$11,$0,$26,$-52,$2,$-6,$-17,$-4,$0,$0,$0,$0,$0,$0,$-4,$-0,$17,$17,$0,$0,$0,$0,$17,$-3,$2,$0
6,2017-03-31,20.99,$7.26,2.89,$35.51,0.59,$-4.17,0.0,$-2.26,0.0,$0.35B,$0.18B,1.99,$0.07B,$0.21B,0.35,$0.98B,$0.32B,32.31%,$0.98B,$-0.08B,-7.90%,$0.98B,$-0.08B,-7.90%,$0.98B,$-0.06B,-6.26%,$0.98B,$-0.08B,-8.00%,$0.98B,$-0.06B,-6.26%,$-0.06B,$0.21B,-27.35%,$-0.06B,$0.20B,-28.64%,$-0.06B,$0.48B,-12.70%,$-0.08B,$0.28B,-29.17%,$248,$162,$87,$0,$112,$274,$-25,$-1,$-26,$0,$-26,$-26,$-26,$-21,$-25,$28,28,$-0.93,$-0.93,$11,$301,$4,$354,$112,$0,$10,$4,$125,$479,$178,$72,$19,$95,$273,$0,$143,$-1,$206,$479,$-26,$4,$1,$6,$0,$-0,$-32,$5,$-9,$-30,$-3,$0,$0,$0,$0,$0,$0,$-3,$-0,$32,$32,$0,$0,$0,$0,$32,$1,$1,$0
7,2016-12-31,15.74,$8.17,1.93,$35.35,0.45,$-3.42,0.0,$-2.53,0.0,$0.35B,$0.19B,1.9,$0.04B,$0.23B,0.17,$0.96B,$0.30B,31.63%,$0.96B,$-0.09B,-9.68%,$0.96B,$-0.09B,-9.68%,$0.96B,$-0.08B,-8.01%,$0.96B,$-0.09B,-9.68%,$0.96B,$-0.07B,-6.97%,$-0.07B,$0.23B,-28.72%,$-0.07B,$0.22B,-30.01%,$-0.07B,$0.48B,-13.95%,$-0.09B,$0.27B,-35.43%,$245,$164,$80,$0,$90,$254,$-9,$-0,$-9,$-4,$-5,$-5,$-5,$-5,$-9,$27,27,$-0.18,$-0.18,$10,$302,$5,$354,$115,$0,$10,$4,$128,$483,$187,$40,$21,$65,$252,$0,$169,$-1,$231,$483,$-69,$18,$40,$58,$0,$-62,$64,$-19,$-17,$-28,$-9,$0,$0,$0,$0,$0,$1,$-8,$37,$-17,$20,$0,$0,$0,$-1,$19,$-16,$6,$0
8,2016-09-30,19.67,$8.03,2.45,$35.05,0.56,$-2.58,0.0,$-3.06,0.0,$0.34B,$0.20B,1.76,$0.02B,$0.22B,0.09,$0.95B,$0.28B,29.23%,$0.95B,$-0.12B,-12.20%,$0.95B,$-0.12B,-12.20%,$0.95B,$-0.10B,-10.41%,$0.95B,$-0.12B,-12.20%,$0.95B,$-0.08B,-8.62%,$-0.08B,$0.22B,-33.47%,$-0.08B,$0.21B,-34.89%,$-0.08B,$0.47B,-17.32%,$-0.12B,$0.24B,-43.08%,$244,$167,$77,$0,$101,$268,$-24,$-0,$-24,$-6,$-18,$-18,$-18,$-20,$-24,$27,27,$-0.68,$-0.68,$9,$253,$45,$343,$117,$0,$10,$3,$129,$471,$195,$20,$22,$58,$253,$0,$175,$-1,$219,$471,$-63,$13,$25,$38,$0,$-10,$20,$5,$15,$-10,$-8,$0,$0,$0,$0,$0,$1,$-8,$0,$0,$0,$0,$0,$0,$-1,$-1,$-18,$4,$0
9,2016-06-30,15.42,$8.69,1.77,$34.79,0.44,$-1.39,0.0,$-2.69,0.0,$0.36B,$0.19B,1.93,$0.03B,$0.24B,0.14,$0.94B,$0.27B,28.84%,$0.94B,$-0.11B,-11.56%,$0.94B,$-0.11B,-11.56%,$0.94B,$-0.09B,-9.76%,$0.94B,$-0.11B,-11.56%,$0.94B,$-0.07B,-7.64%,$-0.07B,$0.24B,-27.25%,$-0.07B,$0.23B,-28.32%,$-0.07B,$0.49B,-15.20%,$-0.11B,$0.27B,-37.78%,$238,$168,$71,$0,$90,$257,$-19,$-0,$-19,$-7,$-12,$-12,$-12,$-15,$-19,$27,27,$-0.45,$-0.45,$13,$255,$57,$360,$117,$0,$10,$2,$128,$488,$187,$32,$22,$66,$252,$0,$193,$-1,$236,$488,$-45,$9,$19,$27,$0,$-11,$17,$-12,$-6,$-24,$-4,$0,$0,$0,$0,$0,$1,$-3,$0,$12,$12,$0,$0,$0,$0,$12,$-14,$3,$0
10,2016-03-31,13.12,$9.10,1.44,$35.16,0.37,$-0.20,0.0,$-2.99,0.0,$0.35B,$0.18B,1.96,$0.03B,$0.25B,0.1,$0.95B,$0.26B,27.60%,$0.95B,$-0.12B,-12.38%,$0.95B,$-0.12B,-12.38%,$0.95B,$-0.10B,-10.60%,$0.95B,$-0.12B,-12.38%,$0.95B,$-0.08B,-8.39%,$-0.08B,$0.25B,-28.44%,$-0.08B,$0.24B,-29.47%,$-0.08B,$0.48B,-16.95%,$-0.12B,$0.27B,-39.01%,$234,$157,$76,$0,$117,$275,$-41,$-0,$-41,$-9,$-32,$-32,$-32,$-37,$-41,$27,27,$-1.20,$-1.20,$22,$240,$51,$348,$119,$0,$10,$2,$131,$479,$178,$25,$17,$54,$232,$0,$205,$-1,$247,$479,$-32,$5,$18,$22,$0,$4,$-3,$1,$2,$-8,$-2,$0,$0,$0,$0,$0,$0,$-2,$0,$5,$5,$0,$0,$0,$-0,$5,$-5,$2,$0
11,2015-12-31,17.36,$10.25,1.69,$36.14,0.48,$0.35,50.19,$-2.08,0.0,$0.32B,$0.13B,2.53,$0.02B,$0.28B,0.07,$0.98B,$0.28B,28.50%,$0.98B,$-0.08B,-8.48%,$0.98B,$-0.08B,-8.48%,$0.98B,$-0.07B,-6.74%,$0.98B,$-0.08B,-8.48%,$0.98B,$-0.06B,-5.72%,$-0.06B,$0.28B,-18.62%,$-0.06B,$0.27B,-19.23%,$-0.06B,$0.46B,-11.70%,$-0.08B,$0.30B,-25.88%,$235,$181,$54,$0,$85,$266,$-32,$-0,$-32,$-12,$-20,$-20,$-20,$-27,$-32,$27,27,$-0.73,$-0.73,$27,$244,$5,$323,$122,$0,$10,$2,$133,$456,$128,$20,$20,$51,$179,$0,$238,$-2,$278,$456,$-56,$17,$24,$41,$0,$43,$-21,$3,$24,$9,$-22,$0,$0,$0,$0,$0,$0,$-22,$39,$-19,$20,$-0,$-0,$0,$0,$20,$6,$4,$0
12,2015-09-30,13.14,$10.93,1.2,$37.37,0.35,$0.32,40.46,$-0.71,0.0,$0.34B,$0.13B,2.55,$0.02B,$0.30B,0.07,$1.02B,$0.33B,32.58%,$1.02B,$-0.02B,-2.17%,$1.02B,$-0.02B,-2.17%,$1.02B,$-0.01B,-0.59%,$1.02B,$-0.02B,-2.26%,$1.02B,$-0.02B,-1.87%,$-0.02B,$0.30B,-6.05%,$-0.02B,$0.29B,-6.23%,$-0.02B,$0.47B,-3.89%,$-0.02B,$0.32B,-6.68%,$236,$165,$71,$0,$88,$253,$-17,$-0,$-17,$-9,$-8,$-8,$-8,$-13,$-17,$27,27,$-0.31,$-0.31,$54,$243,$34,$337,$123,$0,$10,$2,$135,$472,$132,$20,$16,$44,$176,$0,$257,$-2,$296,$472,$-37,$13,$12,$25,$0,$66,$-24,$3,$45,$33,$-19,$0,$0,$0,$0,$0,$0,$-19,$0,$20,$20,$0,$0,$0,$-0,$20,$34,$2,$0
13,2015-06-30,20.71,$11.23,1.84,$38.41,0.54,$-1.05,0.0,$0.18,115.06,$0.34B,$0.14B,2.51,$0.02B,$0.30B,0.07,$1.05B,$0.36B,34.80%,$1.05B,$0.02B,2.01%,$1.05B,$0.02B,2.01%,$1.05B,$0.04B,3.54%,$1.05B,$0.02B,1.91%,$1.05B,$0.01B,0.48%,$0.01B,$0.30B,1.57%,$0.01B,$0.30B,1.62%,$0.01B,$0.48B,1.03%,$0.02B,$0.32B,6.39%,$248,$186,$62,$0,$91,$276,$-28,$-0,$-28,$-8,$-20,$-20,$-20,$-24,$-28,$27,27,$-0.75,$-0.75,$45,$263,$27,$342,$128,$0,$10,$2,$139,$481,$136,$20,$12,$41,$177,$0,$266,$-1,$304,$481,$-28,$9,$7,$16,$0,$47,$-21,$5,$31,$19,$-14,$0,$0,$0,$0,$0,$0,$-14,$0,$20,$20,$0,$0,$0,$-0,$20,$25,$1,$0
14,2015-03-31,30.78,$12.01,2.56,$38.78,0.79,$-1.24,0.0,$1.53,20.12,$0.37B,$0.14B,2.54,$0.02B,$0.33B,0.06,$1.06B,$0.41B,38.45%,$1.06B,$0.08B,7.16%,$1.06B,$0.08B,7.16%,$1.06B,$0.09B,8.67%,$1.06B,$0.08B,7.07%,$1.06B,$0.04B,3.96%,$0.04B,$0.33B,13.13%,$0.04B,$0.32B,13.52%,$0.04B,$0.51B,8.81%,$0.08B,$0.35B,23.38%,$260,$168,$92,$0,$98,$266,$-6,$-0,$-6,$2,$-8,$-8,$-8,$-2,$-6,$27,27,$-0.29,$-0.29,$44,$301,$13,$366,$129,$0,$10,$2,$141,$506,$144,$20,$7,$37,$181,$0,$286,$-1,$325,$506,$-8,$4,$1,$5,$0,$13,$-15,$18,$15,$13,$-9,$0,$0,$0,$0,$0,$0,$-9,$0,$20,$20,$0,$0,$0,$-0,$20,$24,$1,$0
15,2014-12-31,66.31,$12.27,5.41,$38.03,1.74,$-1.11,0.0,$2.31,28.71,$0.36B,$0.14B,2.48,$0.00B,$0.33B,0.0,$1.05B,$0.42B,39.83%,$1.05B,$0.10B,9.93%,$1.05B,$0.10B,9.93%,$1.05B,$0.12B,11.46%,$1.05B,$0.10B,9.84%,$1.05B,$0.06B,6.11%,$0.06B,$0.33B,20.21%,$0.06B,$0.32B,20.81%,$0.06B,$0.49B,13.96%,$0.10B,$0.33B,32.83%,$272,$165,$106,$0,$78,$243,$29,$-0,$28,$11,$17,$17,$17,$33,$29,$27,27,$0.63,$0.64,$20,$314,$8,$357,$125,$0,$10,$2,$136,$493,$144,$0,$7,$17,$161,$0,$294,$-1,$332,$493,$63,$15,$5,$20,$0,$-62,$21,$14,$-26,$57,$-71,$0,$0,$0,$0,$0,$0,$-71,$53,$-53,$0,$-50,$-50,$0,$4,$-46,$-60,$6,$0
16,2014-09-30,57.38,$11.58,4.96,$37.39,1.53,$0.28,204.71,$2.41,23.81,$0.32B,$0.12B,2.6,$0.00B,$0.31B,0.0,$1.03B,$0.42B,40.37%,$1.03B,$0.11B,10.55%,$1.03B,$0.11B,10.55%,$1.03B,$0.12B,12.00%,$1.03B,$0.11B,10.55%,$1.03B,$0.07B,6.58%,$0.07B,$0.31B,21.86%,$0.07B,$0.30B,22.52%,$0.07B,$0.45B,15.36%,$0.11B,$0.31B,35.05%,$266,$162,$104,$0,$78,$240,$26,$-0,$26,$10,$16,$16,$16,$30,$26,$27,27,$0.58,$0.58,$11,$289,$17,$323,$119,$0,$10,$2,$130,$453,$124,$0,$6,$15,$139,$0,$277,$-0,$313,$453,$46,$11,$4,$15,$0,$-37,$-1,$9,$-28,$32,$-56,$0,$0,$0,$0,$0,$0,$-56,$26,$-26,$0,$-50,$-50,$0,$4,$-47,$-70,$4,$0
17,2014-06-30,75.95,$11.37,6.68,$36.73,2.07,$1.85,41.1,$2.56,29.67,$0.34B,$0.13B,2.65,$0.00B,$0.31B,0.0,$1.02B,$0.42B,41.04%,$1.02B,$0.12B,11.36%,$1.02B,$0.12B,11.36%,$1.02B,$0.13B,12.73%,$1.02B,$0.12B,11.36%,$1.02B,$0.07B,7.05%,$0.07B,$0.31B,23.49%,$0.07B,$0.30B,24.20%,$0.07B,$0.46B,16.67%,$0.12B,$0.31B,37.85%,$263,$157,$106,$0,$79,$236,$27,$-0,$27,$10,$17,$17,$17,$31,$27,$27,28,$0.61,$0.60,$48,$273,$16,$343,$101,$0,$10,$2,$112,$455,$129,$0,$6,$15,$144,$0,$261,$-0,$310,$455,$30,$7,$3,$10,$0,$-20,$4,$5,$-12,$28,$-28,$0,$0,$0,$0,$0,$0,$-28,$0,$0,$0,$-36,$-36,$0,$3,$-33,$-33,$3,$0
18,2014-03-31,93.8,$11.36,8.26,$36.40,2.58,$2.46,38.11,$2.69,34.87,$0.34B,$0.11B,3.23,$0.00B,$0.31B,0.0,$1.02B,$0.42B,41.28%,$1.02B,$0.12B,12.02%,$1.02B,$0.12B,12.02%,$1.02B,$0.14B,13.30%,$1.02B,$0.12B,12.02%,$1.02B,$0.08B,7.39%,$0.08B,$0.31B,25.15%,$0.08B,$0.30B,25.95%,$0.08B,$0.43B,17.96%,$0.12B,$0.31B,40.91%,$246,$145,$101,$0,$79,$224,$22,$-0,$22,$9,$14,$14,$14,$26,$22,$28,28,$0.50,$0.49,$76,$247,$12,$343,$78,$0,$10,$2,$90,$433,$106,$0,$5,$14,$121,$0,$244,$-0,$312,$433,$14,$3,$2,$5,$0,$5,$-16,$15,$4,$22,$-14,$0,$0,$0,$0,$0,$0,$-14,$0,$0,$0,$-16,$-16,$0,$3,$-12,$-5,$2,$0
19,2013-12-31,102.89,$11.22,9.17,$35.84,2.87,$2.48,41.46,$2.77,37.14,$0.35B,$0.11B,3.29,$0.00B,$0.31B,0.0,$1.00B,$0.41B,41.14%,$1.00B,$0.13B,12.51%,$1.00B,$0.13B,12.51%,$1.00B,$0.14B,13.71%,$1.00B,$0.13B,12.61%,$1.00B,$0.08B,7.71%,$0.08B,$0.31B,27.21%,$0.08B,$0.30B,28.13%,$0.08B,$0.43B,19.32%,$0.13B,$0.31B,44.17%,$258,$153,$106,$0,$71,$224,$34,$0,$34,$13,$21,$21,$21,$37,$34,$27,28,$0.76,$0.74,$81,$252,$13,$352,$66,$0,$10,$2,$77,$430,$107,$0,$4,$13,$120,$0,$231,$-1,$309,$430,$77,$12,$5,$17,$0,$-46,$-0,$5,$-41,$53,$-29,$0,$0,$0,$0,$0,$0,$-29,$0,$0,$0,$-25,$-25,$0,$17,$-7,$16,$6,$0
20,2013-09-30,106.65,$10.70,9.97,$34.10,3.13,$2.82,37.87,$2.53,42.15,$0.34B,$0.10B,3.33,$0.00B,$0.30B,0.0,$0.95B,$0.39B,40.65%,$0.95B,$0.12B,12.08%,$0.95B,$0.12B,12.08%,$0.95B,$0.13B,13.34%,$0.95B,$0.12B,12.29%,$0.95B,$0.07B,7.35%,$0.07B,$0.30B,26.47%,$0.07B,$0.29B,27.45%,$0.07B,$0.41B,18.53%,$0.12B,$0.30B,43.48%,$254,$148,$106,$0,$73,$221,$33,$0,$33,$13,$20,$20,$20,$36,$33,$28,28,$0.74,$0.73,$84,$237,$15,$342,$57,$0,$10,$2,$68,$410,$103,$0,$4,$12,$115,$0,$210,$-0,$295,$410,$57,$9,$4,$13,$0,$-31,$-18,$16,$-33,$37,$-17,$0,$0,$0,$0,$0,$0,$-17,$0,$0,$0,$-15,$-15,$0,$16,$1,$20,$4,$0
21,2013-06-30,77.87,$10.03,7.76,$32.36,2.41,$2.39,32.63,$2.26,34.46,$0.34B,$0.11B,3.12,$0.00B,$0.28B,0.0,$0.90B,$0.36B,39.80%,$0.90B,$0.10B,11.42%,$0.90B,$0.10B,11.42%,$0.90B,$0.11B,12.64%,$0.90B,$0.11B,11.64%,$0.90B,$0.06B,6.98%,$0.06B,$0.28B,25.56%,$0.06B,$0.27B,26.61%,$0.06B,$0.40B,17.90%,$0.10B,$0.28B,41.78%,$257,$151,$106,$0,$73,$224,$33,$0,$33,$13,$20,$20,$20,$36,$33,$28,28,$0.74,$0.73,$85,$230,$15,$336,$49,$0,$10,$2,$60,$397,$108,$0,$4,$12,$120,$0,$189,$-1,$277,$397,$36,$6,$3,$8,$0,$-24,$-2,$5,$-21,$24,$-7,$0,$0,$0,$0,$0,$0,$-7,$0,$0,$0,$-8,$-8,$0,$12,$4,$20,$3,$0
22,2013-03-31,70.22,$9.20,7.63,$30.68,2.29,$1.63,43.11,$1.96,35.83,$0.30B,$0.09B,3.18,$0.00B,$0.25B,0.0,$0.86B,$0.33B,38.71%,$0.86B,$0.09B,10.53%,$0.86B,$0.09B,10.53%,$0.86B,$0.10B,11.70%,$0.86B,$0.09B,10.76%,$0.86B,$0.06B,6.43%,$0.06B,$0.25B,23.89%,$0.06B,$0.24B,24.94%,$0.06B,$0.36B,16.63%,$0.09B,$0.25B,39.09%,$230,$137,$93,$0,$68,$205,$25,$0,$26,$10,$16,$16,$16,$28,$25,$27,28,$0.58,$0.57,$73,$210,$9,$298,$47,$0,$10,$2,$59,$357,$94,$0,$4,$12,$106,$0,$169,$-0,$251,$357,$16,$3,$1,$4,$0,$-4,$-16,$11,$-9,$11,$-3,$0,$0,$0,$0,$0,$0,$-3,$0,$0,$0,$-3,$-3,$0,$3,$0,$9,$1,$0
23,2012-12-31,52.83,$8.62,6.13,$28.98,1.82,$1.58,33.54,$1.68,31.45,$0.29B,$0.10B,2.85,$0.00B,$0.24B,0.0,$0.81B,$0.31B,37.88%,$0.81B,$0.08B,9.59%,$0.81B,$0.08B,9.59%,$0.81B,$0.09B,10.82%,$0.81B,$0.08B,9.72%,$0.81B,$0.05B,5.78%,$0.05B,$0.24B,21.20%,$0.05B,$0.23B,22.20%,$0.05B,$0.35B,14.55%,$0.08B,$0.24B,35.17%,$211,$128,$82,$0,$58,$186,$24,$0,$25,$11,$14,$14,$14,$27,$24,$27,28,$0.51,$0.50,$64,$207,$12,$288,$48,$0,$10,$2,$59,$347,$101,$0,$4,$12,$113,$0,$153,$0,$235,$347,$47,$10,$4,$14,$0,$-43,$17,$12,$-14,$47,$-13,$0,$0,$0,$0,$0,$0,$-13,$0,$0,$0,$-39,$-39,$0,$7,$-32,$2,$4,$0
24,2012-09-30,50.68,$8.20,6.18,$27.61,1.84,$1.32,38.36,$1.48,34.24,$0.25B,$0.08B,3.32,$0.00B,$0.22B,0.0,$0.78B,$0.29B,37.11%,$0.78B,$0.07B,8.76%,$0.78B,$0.07B,8.76%,$0.78B,$0.08B,9.92%,$0.78B,$0.07B,8.76%,$0.78B,$0.04B,5.28%,$0.04B,$0.22B,18.92%,$0.04B,$0.21B,19.83%,$0.04B,$0.31B,13.23%,$0.07B,$0.22B,31.37%,$204,$126,$78,$0,$57,$184,$21,$0,$21,$8,$13,$13,$13,$23,$21,$27,28,$0.47,$0.46,$40,$195,$8,$249,$46,$0,$10,$2,$58,$307,$75,$0,$4,$10,$85,$0,$139,$0,$223,$307,$33,$7,$3,$10,$0,$-31,$-8,$13,$-27,$17,$-10,$0,$0,$0,$0,$0,$0,$-10,$0,$0,$0,$-32,$-32,$0,$3,$-29,$-22,$3,$0
25,2012-06-30,33.79,$7.78,4.34,$26.32,1.28,$1.21,27.92,$1.26,26.82,$0.25B,$0.09B,2.8,$0.00B,$0.21B,0.0,$0.74B,$0.27B,36.42%,$0.74B,$0.06B,7.80%,$0.74B,$0.06B,7.80%,$0.74B,$0.07B,9.01%,$0.74B,$0.06B,7.80%,$0.74B,$0.04B,4.70%,$0.04B,$0.21B,16.51%,$0.04B,$0.20B,17.31%,$0.04B,$0.31B,11.70%,$0.06B,$0.21B,27.36%,$210,$132,$78,$0,$59,$191,$20,$0,$20,$8,$12,$12,$12,$22,$20,$28,28,$0.44,$0.43,$32,$212,$6,$254,$46,$0,$10,$2,$58,$312,$91,$0,$3,$10,$100,$0,$127,$-0,$212,$312,$20,$5,$2,$7,$0,$-48,$13,$10,$-25,$2,$-7,$0,$0,$0,$0,$0,$0,$-7,$0,$0,$0,$-28,$-28,$0,$2,$-26,$-30,$2,$0
26,2012-03-31,25.11,$7.84,3.2,$24.99,1.0,$1.19,21.09,$1.02,24.62,$0.27B,$0.10B,2.67,$0.00B,$0.22B,0.0,$0.71B,$0.25B,35.68%,$0.71B,$0.05B,6.63%,$0.71B,$0.05B,6.63%,$0.71B,$0.06B,7.90%,$0.71B,$0.05B,6.63%,$0.71B,$0.03B,3.95%,$0.03B,$0.22B,13.45%,$0.03B,$0.21B,13.93%,$0.03B,$0.33B,9.66%,$0.05B,$0.22B,22.57%,$188,$118,$70,$0,$57,$175,$13,$0,$13,$5,$8,$8,$8,$16,$13,$28,29,$0.29,$0.29,$61,$192,$9,$269,$45,$0,$10,$3,$58,$326,$100,$0,$3,$9,$109,$0,$114,$-0,$217,$326,$8,$2,$1,$3,$0,$-28,$13,$13,$-1,$10,$-3,$0,$0,$0,$0,$0,$0,$-3,$0,$0,$0,$-8,$-8,$0,$0,$-8,$-0,$1,$0
27,2011-12-31,17.66,$7.71,2.29,$24.02,0.74,$1.18,14.93,$0.93,18.99,$0.24B,$0.07B,3.37,$0.00B,$0.22B,0.0,$0.68B,$0.24B,35.39%,$0.68B,$0.04B,6.31%,$0.68B,$0.04B,6.31%,$0.68B,$0.05B,7.49%,$0.68B,$0.04B,6.31%,$0.68B,$0.03B,3.82%,$0.03B,$0.22B,12.92%,$0.03B,$0.21B,13.23%,$0.03B,$0.30B,9.51%,$0.04B,$0.22B,21.37%,$174,$113,$62,$0,$48,$161,$14,$0,$14,$5,$8,$8,$8,$16,$14,$28,28,$0.31,$0.30,$62,$164,$8,$238,$44,$0,$10,$3,$57,$295,$71,$0,$3,$9,$80,$0,$106,$-0,$215,$295,$26,$8,$6,$15,$0,$-9,$4,$8,$3,$44,$-17,$0,$-5,$0,$0,$0,$0,$-22,$0,$0,$0,$3,$3,$0,$2,$5,$27,$4,$0
28,2011-09-30,15.1,$7.36,2.05,$23.29,0.65,$0.10,149.06,$0.84,17.98,$0.21B,$0.05B,3.91,$0.00B,$0.20B,0.0,$0.66B,$0.23B,35.00%,$0.66B,$0.04B,5.76%,$0.66B,$0.04B,5.76%,$0.66B,$0.05B,6.97%,$0.66B,$0.04B,5.91%,$0.66B,$0.02B,3.64%,$0.02B,$0.20B,12.45%,$0.02B,$0.20B,12.63%,$0.02B,$0.26B,9.22%,$0.04B,$0.20B,19.71%,$172,$111,$61,$0,$50,$161,$11,$0,$11,$4,$7,$7,$7,$13,$11,$28,28,$0.24,$0.24,$38,$161,$6,$210,$41,$0,$10,$3,$54,$264,$54,$0,$3,$6,$60,$0,$98,$-0,$204,$264,$18,$6,$3,$9,$0,$-6,$-14,$9,$-11,$16,$-12,$0,$-5,$0,$0,$0,$0,$-16,$0,$0,$0,$2,$2,$0,$1,$3,$3,$3,$0
29,2011-06-30,25.4,$7.09,3.58,$22.44,1.13,$-0.45,0.0,$0.75,33.87,$0.23B,$0.07B,3.2,$0.00B,$0.20B,0.0,$0.64B,$0.22B,34.96%,$0.64B,$0.03B,5.35%,$0.64B,$0.03B,5.35%,$0.64B,$0.04B,6.46%,$0.64B,$0.04B,5.51%,$0.64B,$0.02B,3.31%,$0.02B,$0.20B,11.35%,$0.02B,$0.20B,11.38%,$0.02B,$0.27B,8.31%,$0.03B,$0.20B,18.38%,$175,$116,$60,$0,$51,$167,$9,$0,$9,$3,$5,$5,$5,$11,$9,$28,28,$0.19,$0.19,$33,$182,$9,$230,$40,$0,$0,$4,$44,$274,$72,$0,$3,$5,$77,$0,$91,$-0,$197,$274,$11,$4,$2,$6,$0,$-27,$7,$7,$-14,$3,$-8,$0,$0,$0,$0,$0,$0,$-8,$0,$0,$0,$2,$2,$0,$1,$3,$-1,$2,$0
30,2011-03-31,24.99,$6.84,3.66,$22.23,1.12,$-0.13,0.0,$0.88,28.4,$0.22B,$0.07B,3.24,$0.00B,$0.19B,0.0,$0.63B,$0.22B,35.14%,$0.63B,$0.04B,6.36%,$0.63B,$0.04B,6.36%,$0.63B,$0.05B,7.31%,$0.63B,$0.04B,6.52%,$0.63B,$0.03B,3.97%,$0.03B,$0.19B,14.06%,$0.03B,$0.19B,14.10%,$0.03B,$0.26B,10.34%,$0.04B,$0.19B,22.50%,$160,$102,$58,$0,$48,$150,$9,$0,$9,$4,$6,$6,$6,$11,$9,$28,28,$0.21,$0.20,$43,$163,$8,$219,$38,$0,$0,$4,$42,$261,$68,$0,$3,$5,$73,$0,$86,$-0,$189,$261,$6,$2,$1,$3,$0,$-8,$-1,$11,$2,$11,$-4,$0,$0,$0,$0,$0,$0,$-4,$0,$0,$0,$1,$1,$0,$1,$1,$8,$1,$0
31,2010-12-31,24.91,$6.57,3.79,$21.97,1.13,$0.13,184.66,$0.93,26.78,$0.20B,$0.06B,3.58,$0.00B,$0.18B,0.0,$0.62B,$0.22B,35.00%,$0.62B,$0.04B,6.77%,$0.62B,$0.04B,6.77%,$0.62B,$0.05B,7.74%,$0.62B,$0.04B,6.94%,$0.62B,$0.03B,4.19%,$0.03B,$0.18B,15.32%,$0.03B,$0.18B,15.36%,$0.03B,$0.24B,11.21%,$0.04B,$0.18B,24.74%,$153,$101,$52,$0,$43,$144,$9,$0,$10,$4,$6,$6,$6,$11,$9,$27,28,$0.21,$0.21,$35,$155,$8,$203,$35,$0,$1,$3,$39,$242,$57,$0,$3,$5,$62,$0,$80,$0,$181,$242,$26,$6,$7,$13,$0,$-22,$1,$-2,$-22,$17,$-21,$0,$0,$0,$0,$0,$0,$-21,$0,$0,$0,$1,$1,$0,$1,$3,$-1,$3,$0
32,2010-09-30,24.57,$6.32,3.89,$21.49,1.14,$0.13,188.85,$0.97,25.33,$0.20B,$0.06B,3.34,$0.00B,$0.17B,0.0,$0.60B,$0.21B,35.26%,$0.60B,$0.05B,7.45%,$0.60B,$0.05B,7.45%,$0.60B,$0.05B,8.28%,$0.60B,$0.05B,7.45%,$0.60B,$0.03B,4.47%,$0.03B,$0.17B,16.72%,$0.03B,$0.17B,16.72%,$0.03B,$0.23B,12.11%,$0.05B,$0.17B,27.86%,$147,$95,$52,$0,$45,$140,$7,$0,$7,$3,$4,$4,$4,$8,$7,$27,28,$0.16,$0.15,$27,$157,$7,$196,$32,$0,$0,$5,$39,$234,$59,$0,$3,$3,$61,$0,$74,$0,$173,$234,$20,$4,$2,$6,$0,$-24,$-11,$11,$-24,$3,$-14,$0,$0,$0,$0,$0,$0,$-14,$0,$0,$0,$1,$1,$0,$1,$2,$-9,$2,$0
33,2010-06-30,23.33,$6.14,3.8,$21.32,1.09,$1.18,19.73,$1.10,21.21,$0.20B,$0.06B,3.31,$0.00B,$0.17B,0.0,$0.60B,$0.21B,35.45%,$0.60B,$0.05B,8.36%,$0.60B,$0.05B,8.36%,$0.60B,$0.06B,9.36%,$0.60B,$0.05B,8.53%,$0.60B,$0.03B,5.18%,$0.03B,$0.17B,20.23%,$0.03B,$0.17B,20.23%,$0.03B,$0.23B,14.57%,$0.05B,$0.17B,32.63%,$169,$110,$59,$0,$44,$154,$15,$0,$15,$6,$9,$9,$9,$16,$15,$27,28,$0.33,$0.32,$42,$143,$6,$197,$27,$0,$0,$4,$33,$230,$60,$0,$2,$2,$62,$0,$70,$0,$168,$230,$16,$3,$2,$4,$0,$-10,$0,$2,$-8,$13,$-8,$0,$0,$0,$0,$0,$0,$-8,$0,$0,$0,$1,$1,$0,$1,$2,$6,$2,$0
34,2010-03-31,26.67,$5.74,4.64,$20.55,1.3,$1.31,20.39,$1.03,25.89,$0.19B,$0.06B,3.04,$0.00B,$0.16B,0.0,$0.57B,$0.20B,35.66%,$0.57B,$0.05B,8.04%,$0.57B,$0.05B,8.04%,$0.57B,$0.05B,9.27%,$0.57B,$0.05B,8.22%,$0.57B,$0.03B,5.07%,$0.03B,$0.16B,20.21%,$0.03B,$0.16B,20.21%,$0.03B,$0.22B,14.46%,$0.05B,$0.16B,32.06%,$151,$98,$54,$0,$42,$140,$11,$0,$11,$4,$7,$7,$7,$13,$11,$27,28,$0.26,$0.25,$51,$131,$5,$192,$24,$0,$0,$4,$30,$222,$63,$0,$2,$2,$65,$0,$61,$0,$157,$222,$7,$1,$1,$2,$0,$2,$-8,$15,$9,$18,$-4,$0,$0,$0,$0,$0,$0,$-4,$0,$0,$0,$0,$0,$0,$0,$1,$15,$1,$0
35,2009-12-31,26.8,$5.45,4.92,$19.74,1.36,$1.20,22.25,$0.97,27.63,$0.18B,$0.06B,3.25,$0.00B,$0.15B,0.0,$0.55B,$0.20B,35.78%,$0.55B,$0.04B,7.89%,$0.55B,$0.04B,7.89%,$0.55B,$0.05B,8.99%,$0.55B,$0.04B,8.07%,$0.55B,$0.03B,4.95%,$0.03B,$0.15B,20.11%,$0.03B,$0.15B,20.11%,$0.03B,$0.21B,14.19%,$0.04B,$0.15B,32.03%,$137,$89,$48,$0,$37,$126,$12,$0,$12,$5,$7,$7,$7,$13,$12,$27,28,$0.26,$0.25,$36,$133,$4,$179,$20,$0,$0,$4,$27,$206,$55,$0,$2,$2,$57,$0,$54,$0,$148,$206,$27,$5,$2,$7,$0,$-45,$17,$2,$-26,$8,$-11,$0,$0,$0,$0,$0,$0,$-11,$0,$0,$0,$3,$3,$0,$1,$4,$1,$3,$0
36,2009-09-30,21.69,$5.10,4.25,$19.09,1.14,$1.44,15.08,$0.96,22.59,$0.17B,$0.05B,3.32,$0.00B,$0.14B,0.0,$0.53B,$0.19B,35.62%,$0.53B,$0.04B,8.00%,$0.53B,$0.04B,8.00%,$0.53B,$0.05B,9.14%,$0.53B,$0.04B,8.19%,$0.53B,$0.03B,4.95%,$0.03B,$0.14B,20.68%,$0.03B,$0.14B,20.68%,$0.03B,$0.19B,14.71%,$0.04B,$0.14B,33.40%,$141,$89,$51,$0,$39,$128,$12,$0,$13,$5,$8,$8,$8,$14,$12,$27,28,$0.29,$0.28,$57,$104,$4,$169,$18,$0,$0,$4,$24,$193,$51,$0,$2,$2,$53,$0,$47,$0,$140,$193,$20,$3,$2,$6,$0,$-15,$10,$6,$1,$26,$-8,$0,$0,$0,$0,$0,$0,$-8,$0,$0,$0,$3,$3,$0,$1,$3,$22,$2,$0
37,2009-06-30,15.76,$4.78,3.3,$18.56,0.85,$0.50,31.41,$0.88,17.91,$0.16B,$0.05B,3.14,$0.00B,$0.13B,0.0,$0.51B,$0.18B,35.31%,$0.51B,$0.04B,7.69%,$0.51B,$0.04B,7.69%,$0.51B,$0.04B,8.68%,$0.51B,$0.04B,7.69%,$0.51B,$0.02B,4.54%,$0.02B,$0.13B,19.45%,$0.02B,$0.13B,19.45%,$0.02B,$0.18B,13.90%,$0.04B,$0.13B,32.98%,$143,$93,$51,$0,$39,$132,$11,$0,$11,$5,$7,$7,$7,$13,$11,$27,28,$0.26,$0.25,$43,$107,$4,$158,$17,$0,$0,$4,$23,$181,$50,$0,$2,$2,$52,$0,$39,$0,$129,$181,$12,$2,$2,$4,$0,$-18,$7,$6,$-5,$11,$-3,$0,$0,$0,$0,$0,$0,$-3,$0,$0,$0,$1,$1,$0,$-0,$1,$8,$2,$0
38,2009-03-31,12.75,$4.49,2.84,$18.06,0.71,$-0.17,0.0,$0.85,15.0,$0.16B,$0.06B,2.74,$0.00B,$0.12B,0.0,$0.49B,$0.17B,34.96%,$0.49B,$0.04B,7.52%,$0.49B,$0.04B,7.52%,$0.49B,$0.04B,8.33%,$0.49B,$0.04B,7.52%,$0.49B,$0.02B,4.47%,$0.02B,$0.12B,19.64%,$0.02B,$0.12B,19.64%,$0.02B,$0.18B,13.99%,$0.04B,$0.12B,33.04%,$124,$79,$45,$0,$36,$116,$8,$0,$8,$3,$5,$5,$5,$9,$8,$27,27,$0.19,$0.19,$46,$107,$3,$161,$14,$0,$0,$4,$20,$181,$59,$0,$2,$2,$60,$0,$32,$0,$120,$181,$5,$1,$1,$2,$0,$-18,$10,$13,$5,$12,$-1,$0,$0,$0,$0,$0,$0,$-1,$0,$0,$0,$-0,$-0,$0,$-0,$-0,$11,$1,$0
39,2008-12-31,10.56,$4.27,2.47,$17.78,0.59,$-0.60,0.0,$0.82,12.88,$0.13B,$0.04B,3.65,$0.00B,$0.11B,0.0,$0.48B,$0.17B,34.58%,$0.48B,$0.04B,7.66%,$0.48B,$0.04B,7.66%,$0.48B,$0.04B,8.49%,$0.48B,$0.04B,7.66%,$0.48B,$0.02B,4.35%,$0.02B,$0.11B,19.76%,$0.02B,$0.11B,19.76%,$0.02B,$0.15B,13.98%,$0.04B,$0.11B,34.82%,$117,$77,$40,$0,$29,$105,$11,$0,$11,$5,$6,$6,$6,$12,$11,$27,27,$0.25,$0.24,$35,$89,$4,$133,$14,$0,$0,$4,$20,$152,$36,$0,$2,$2,$38,$0,$27,$0,$114,$152,$22,$4,$-0,$4,$0,$-17,$-0,$0,$-17,$9,$-7,$-1,$0,$0,$0,$0,$0,$-7,$-0,$0,$-0,$0,$0,$0,$0,$-0,$2,$0,$0
40,2008-09-30,12.56,$4.11,3.05,$17.66,0.71,$-0.60,0.0,$0.70,17.94,$0.13B,$0.04B,3.42,$0.00B,$0.11B,0.0,$0.47B,$0.16B,34.53%,$0.47B,$0.03B,6.57%,$0.47B,$0.13B,27.97%,$0.47B,$0.04B,7.42%,$0.47B,$0.13B,27.97%,$0.47B,$0.02B,3.81%,$0.02B,$0.11B,17.87%,$0.02B,$0.11B,17.87%,$0.02B,$0.15B,12.48%,$0.03B,$0.11B,30.77%,$123,$80,$43,$0,$35,$114,$9,$0,$9,$4,$5,$5,$5,$10,$9,$27,27,$0.20,$0.20,$25,$96,$5,$129,$13,$0,$0,$3,$19,$148,$38,$0,$0,$0,$38,$0,$20,$0,$110,$148,$16,$3,$1,$4,$0,$-24,$-3,$5,$-22,$-2,$-5,$-1,$0,$0,$0,$0,$0,$-6,$-0,$0,$-0,$0,$0,$0,$0,$0,$-8,$0,$0
