,Date,Stock Price,Book Value per Share,Price to Book Ratio,TTM Sales per Share,Price to Sales Ratio,TTM FCF per Share,Price to FCF Ratio,TTM Net EPS,PE Ratio,Current Assets,Current Liabilities,Current Ratio,Long Term Debt,Shareholder's Equity_x,Debt to Equity Ratio,TTM Revenue_x,TTM Gross Profit,Gross Margin,TTM Revenue_y,TTM Operating Income,Operating Margin,TTM Revenue_x,TTM EBIT,EBIT Margin,TTM Revenue_y,TTM EBITDA,EBITDA Margin,TTM Revenue_x,TTM Pre-Tax Income,Pre-Tax Margin,TTM Revenue_y,TTM Net Income_x,Net Margin,TTM Net Income_y,Shareholder's Equity_y,Return on Equity,TTM Net Income_x,Tangible Equity,Return on Tangible Equity,TTM Net Income_y,Total Assets,Return on Assets,TTM Net Income,LT Investments & Debt,Return on Investment,revenue,cost-goods-sold,gross-profit,research-development-expenses,selling-general-administrative-expenses,operating-expenses,operating-income,total-non-operating-income-expense,pre-tax-income,total-provision-income-taxes,income-after-taxes,income-from-continuous-operations,net-income,ebitda,ebit,basic-shares-outstanding,shares-outstanding,eps-basic-net-earnings-per-share,eps-earnings-per-share-diluted,cash-on-hand,inventory,other-current-assets,total-current-assets,net-property-plant-equipment,long-term-investments,goodwill-intangible-assets-total,other-long-term-assets,total-long-term-assets,total-assets,total-current-liabilities,long-term-debt,other-non-current-liabilities,total-long-term-liabilities,total-liabilities,common-stock-net,retained-earnings-accumulated-deficit,comprehensive-income,total-share-holder-equity,total-liabilities-share-holders-equity,net-income-loss,total-depreciation-amortization-cash-flow,other-non-cash-items,total-non-cash-items,change-in-accounts-receivable,change-in-inventories,change-in-accounts-payable,change-in-assets-liabilities,total-change-in-assets-liabilities,cash-flow-from-operating-activities,net-change-in-property-plant-equipment,net-change-in-intangible-assets,net-acquisitions-divestitures,net-change-in-short-term-investments,net-change-in-long-term-investments,net-change-in-investments-total,investing-activities-other,cash-flow-from-investing-activities,net-long-term-debt,net-current-debt,debt-issuance-retirement-net-total,net-common-equity-issued-repurchased,net-total-equity-issued-repurchased,total-common-preferred-stock-dividends-paid,financial-activities-other,cash-flow-from-financial-activities,net-cash-flow,stock-based-compensation,common-stock-dividends-paid
0,2018-06-30,1.84,$0.00,0.0,0,0.0,0,0.0,0,0.0,$0.01B,$0.01B,1.94,$0.00B,$0.01B,0.0,$0.00B,0,nan%,$0.00B,0,nan%,$0.00B,0,nan%,$0.00B,0,nan%,$0.00B,0,nan%,$0.00B,0,nan%,$0.00B,$0.01B,0.00%,$0.00B,$0.01B,0.00%,$0.00B,$0.02B,0.00%,$0.00B,$0.01B,0.00%,$0,$0,$0,$0,$0,$0,$0,$0,$0,$0,$0,$0,$0,$0,$0,$0,0,$0.00,$0.00,$1,$3,$0,$11,$0,$2,$3,$0,$5,$16,$6,$0,$2,$2,$7,$0,$-35,$0,$9,$16,$-3,$0,$0,$0,$0,$0,$0,$0,$-1,$-2,$-0,$0,$0,$0,$0,$0,$-6,$-6,$0,$0,$0,$0,$0,$0,$3,$3,$-6,$0,$0
1,2017-12-31,1.75,$0.00,0.0,0,0.0,0,0.0,0,0.0,$0.01B,$0.00B,3.67,$0.00B,$0.01B,0.0,$0.00B,0,nan%,$0.00B,0,nan%,$0.00B,0,nan%,$0.00B,0,nan%,$0.00B,0,nan%,$0.00B,0,nan%,$0.00B,$0.01B,0.00%,$0.00B,$0.01B,0.00%,$0.00B,$0.02B,0.00%,$0.00B,$0.01B,0.00%,$0,$0,$0,$0,$0,$0,$0,$0,$0,$0,$0,$0,$0,$0,$0,$0,0,$0.00,$0.00,$7,$2,$0,$10,$3,$2,$4,$0,$8,$16,$3,$0,$2,$2,$4,$0,$-31,$0,$11,$16,$-5,$1,$0,$1,$0,$0,$0,$0,$-2,$-5,$-0,$0,$-0,$0,$0,$-2,$0,$-2,$0,$0,$0,$0,$1,$0,$1,$3,$-4,$0,$0
2,2017-06-30,1.12,$0.00,0.0,0,0.0,0,0.0,0,0.0,$0.01B,$0.00B,16.68,$0.00B,$0.02B,0.0,$0.00B,0,nan%,$0.00B,0,nan%,$0.00B,0,nan%,$0.00B,0,nan%,$0.00B,0,nan%,$0.00B,0,nan%,$0.00B,$0.02B,0.00%,$0.00B,$0.01B,0.00%,$0.00B,$0.02B,0.00%,$0.00B,$0.02B,0.00%,$0,$0,$0,$0,$0,$0,$0,$0,$0,$0,$0,$0,$0,$0,$0,$0,0,$0.00,$0.00,$7,$1,$4,$12,$0,$0,$4,$0,$4,$16,$1,$0,$0,$0,$1,$0,$-29,$0,$15,$16,$-2,$1,$-0,$1,$0,$0,$0,$0,$-1,$-2,$-0,$0,$0,$0,$0,$0,$-3,$-3,$0,$0,$0,$0,$1,$0,$0,$1,$-4,$0,$0
3,2016-12-31,1.5,$0.00,0.0,0,0.0,0,0.0,0,0.0,$0.01B,$0.00B,10.21,$0.00B,$0.02B,0.0,$0.00B,0,nan%,$0.00B,0,nan%,$0.00B,0,nan%,$0.00B,0,nan%,$0.00B,0,nan%,$0.00B,0,nan%,$0.00B,$0.01B,0.00%,$0.00B,$0.01B,0.00%,$0.00B,$0.02B,0.00%,$0.00B,$0.01B,0.00%,$0,$0,$0,$0,$0,$0,$0,$0,$0,$0,$0,$0,$0,$0,$0,$0,0,$0.00,$0.00,$11,$0,$0,$11,$2,$0,$4,$0,$6,$17,$1,$0,$0,$0,$3,$0,$-26,$0,$14,$17,$-10,$1,$-0,$1,$0,$0,$0,$0,$2,$-3,$-1,$0,$-0,$0,$0,$0,$0,$-1,$0,$-2,$0,$0,$18,$0,$-3,$14,$10,$0,$0
4,2016-06-30,1.51,$0.00,0.0,0,0.0,0,0.0,0,0.0,$0.00B,$0.01B,0.25,$0.00B,$0.00B,0.0,$0.00B,0,nan%,$0.00B,0,nan%,$0.00B,0,nan%,$0.00B,0,nan%,$0.00B,0,nan%,$0.00B,0,nan%,$0.00B,$0.00B,0.00%,$0.00B,$-0.00B,0.00%,$0.00B,$0.01B,0.00%,$0.00B,$0.00B,0.00%,$0,$0,$0,$0,$0,$0,$0,$0,$0,$0,$0,$0,$0,$0,$0,$0,0,$0.00,$0.00,$0,$1,$0,$2,$0,$0,$4,$0,$4,$8,$7,$0,$0,$0,$7,$0,$-23,$0,$1,$8,$-7,$1,$-0,$1,$0,$0,$0,$0,$1,$-1,$-0,$0,$0,$0,$0,$0,$0,$-0,$0,$0,$0,$0,$1,$0,$-0,$1,$-0,$0,$0
5,2015-12-31,2.26,$0.00,0.0,0,0.0,0,0.0,0,0.0,$0.01B,$0.01B,1.07,$0.00B,$0.01B,0.0,$0.00B,0,nan%,$0.00B,0,nan%,$0.00B,0,nan%,$0.00B,0,nan%,$0.00B,0,nan%,$0.00B,0,nan%,$0.00B,$0.01B,0.00%,$0.00B,$0.00B,0.00%,$0.00B,$0.01B,0.00%,$0.00B,$0.01B,0.00%,$0,$0,$0,$0,$0,$0,$0,$0,$0,$0,$0,$0,$0,$0,$0,$0,0,$0.00,$0.00,$1,$4,$2,$7,$5,$0,$4,$0,$10,$14,$6,$0,$0,$0,$7,$0,$-16,$0,$7,$14,$-7,$1,$-1,$-0,$0,$0,$0,$0,$4,$-2,$-0,$0,$0,$0,$0,$0,$0,$-0,$0,$-1,$0,$0,$0,$0,$2,$1,$-1,$0,$0
6,2015-06-30,2.72,$0.00,0.0,0,0.0,0,0.0,0,0.0,$0.03B,$0.00B,6.47,$0.00B,$0.04B,0.0,$0.00B,0,nan%,$0.00B,0,nan%,$0.00B,0,nan%,$0.00B,0,nan%,$0.00B,0,nan%,$0.00B,0,nan%,$0.00B,$0.04B,0.00%,$0.00B,$0.03B,0.00%,$0.00B,$0.04B,0.00%,$0.00B,$0.04B,0.00%,$0,$0,$0,$0,$0,$0,$0,$0,$0,$0,$0,$0,$0,$0,$0,$0,0,$0.00,$0.00,$0,$6,$8,$27,$0,$0,$6,$6,$11,$42,$4,$0,$0,$0,$4,$0,$14,$0,$37,$42,$-6,$0,$0,$0,$0,$0,$0,$0,$1,$-1,$-1,$0,$0,$0,$0,$0,$0,$-1,$0,$-0,$-0,$0,$0,$0,$0,$0,$-1,$0,$0
7,2014-12-31,2.73,$0.00,0.0,0,0.0,0,0.0,0,0.0,$0.01B,$0.00B,3.67,$0.00B,$0.02B,0.0,$0.00B,0,nan%,$0.00B,0,nan%,$0.00B,0,nan%,$0.00B,0,nan%,$0.00B,0,nan%,$0.00B,0,nan%,$0.00B,$0.02B,0.00%,$0.00B,$0.01B,0.00%,$0.00B,$0.02B,0.00%,$0.00B,$0.02B,0.00%,$0,$0,$0,$0,$0,$0,$0,$0,$0,$0,$0,$0,$0,$0,$0,$0,0,$0.00,$0.00,$2,$4,$11,$13,$7,$0,$6,$5,$19,$21,$4,$0,$1,$1,$4,$0,$-6,$0,$17,$47,$1,$1,$0,$1,$0,$0,$0,$0,$3,$4,$-7,$0,$0,$0,$0,$0,$-4,$-11,$0,$-0,$0,$0,$6,$0,$0,$6,$-1,$0,$0
8,2014-06-30,5.55,$0.00,0.0,$1.26,4.42,$0.38,14.5,$0.08,69.38,$0.04B,$0.00B,8.97,$0.00B,$0.04B,0.0,$0.01B,$0.00B,33.33%,$0.01B,0,0.00%,$0.01B,0,0.00%,$0.01B,$0.00B,16.67%,$0.01B,$0.00B,16.67%,$0.01B,0,0.00%,$0.00B,$0.04B,0.00%,$0.00B,$0.04B,0.00%,$0.00B,$0.05B,0.00%,$0.00B,$0.04B,0.00%,$0,$0,$0,$0,$0,$0,$0,$0,$0,$0,$0,$0,$0,$0,$0,$0,0,$0.00,$0.00,$4,$7,$12,$38,$0,$0,$3,$3,$5,$48,$4,$0,$2,$2,$6,$0,$20,$0,$42,$48,$0,$0,$0,$0,$0,$0,$0,$0,$0,$0,$0,$0,$0,$0,$0,$0,$0,$0,$0,$0,$0,$0,$0,$0,$0,$0,$0,$0,$0
9,2013-12-31,3.88,$0.00,0.0,$2.43,1.6,$0.10,37.96,$0.30,12.93,$0.04B,$0.00B,9.58,$0.00B,$0.04B,0.0,$0.01B,$0.00B,33.33%,$0.01B,$0.00B,8.33%,$0.01B,$0.00B,8.33%,$0.01B,$0.00B,16.67%,$0.01B,$0.00B,16.67%,$0.01B,$0.00B,8.33%,$0.00B,$0.04B,2.84%,$0.00B,$0.04B,3.05%,$0.00B,$0.04B,2.52%,$0.00B,$0.04B,2.84%,$0,$0,$0,$0,$0,$0,$0,$0,$0,$0,$0,$0,$0,$0,$0,$0,0,$0.00,$0.00,$3,$5,$16,$36,$0,$0,$3,$0,$3,$42,$4,$0,$1,$1,$5,$0,$18,$0,$38,$42,$2,$1,$0,$1,$0,$0,$0,$0,$-4,$-0,$-1,$0,$0,$0,$0,$0,$0,$-1,$0,$0,$0,$0,$0,$0,$0,$0,$-1,$0,$0
10,2013-06-30,2.1,$0.00,0.0,$3.91,0.54,$-0.57,0.0,$0.66,3.18,$0.04B,$0.01B,7.23,$0.00B,$0.04B,0.0,$0.02B,$0.01B,36.84%,$0.02B,$0.00B,15.79%,$0.02B,$0.00B,15.79%,$0.02B,$0.00B,21.05%,$0.02B,$0.00B,21.05%,$0.02B,$0.00B,15.79%,$0.00B,$0.04B,8.89%,$0.00B,$0.03B,9.60%,$0.00B,$0.04B,7.84%,$0.00B,$0.04B,8.89%,$0,$0,$0,$0,$0,$0,$0,$0,$0,$0,$0,$0,$0,$0,$0,$0,0,$0.00,$0.00,$1,$5,$15,$35,$0,$0,$3,$0,$3,$41,$5,$0,$0,$0,$5,$0,$18,$0,$36,$41,$0,$0,$0,$0,$0,$0,$0,$0,$0,$0,$0,$0,$0,$0,$0,$0,$0,$0,$0,$0,$0,$0,$0,$0,$0,$0,$0,$0,$0
11,2012-12-31,1.93,$0.00,0.0,$4.61,0.42,$-0.91,0.0,$0.69,2.8,$0.03B,$0.00B,8.51,$0.00B,$0.03B,0.0,$0.02B,$0.01B,36.36%,$0.02B,$0.00B,13.64%,$0.02B,$0.00B,13.64%,$0.02B,$0.01B,22.73%,$0.02B,$0.00B,18.18%,$0.02B,$0.00B,13.64%,$0.00B,$0.03B,9.30%,$0.00B,$0.03B,9.92%,$0.00B,$0.04B,8.22%,$0.00B,$0.03B,9.30%,$6,$3,$2,$0,$2,$5,$0,$0,$1,$0,$0,$0,$0,$1,$0,$4,4,$0.08,$0.08,$4,$5,$12,$33,$0,$0,$3,$0,$3,$38,$4,$0,$0,$0,$4,$0,$16,$0,$34,$38,$3,$1,$0,$1,$0,$0,$0,$0,$-3,$2,$-0,$0,$0,$0,$0,$0,$-3,$-3,$0,$1,$0,$0,$0,$0,$0,$1,$-0,$0,$0
12,2012-09-30,1.94,$0.00,0.0,$4.56,0.43,$-2.02,0.0,$0.60,3.23,$0.03B,$0.00B,8.13,$0.00B,$0.03B,0.0,$0.02B,$0.01B,38.10%,$0.02B,$0.00B,14.29%,$0.02B,$0.00B,14.29%,$0.02B,$0.00B,19.05%,$0.02B,$0.00B,14.29%,$0.02B,$0.00B,14.29%,$0.00B,$0.03B,9.60%,$0.00B,$0.03B,10.00%,$0.00B,$0.04B,8.39%,$0.00B,$0.03B,9.60%,$6,$3,$2,$0,$1,$4,$1,$-0,$1,$0,$1,$1,$1,$1,$1,$5,5,$0.23,$0.22,$3,$4,$11,$32,$0,$0,$3,$0,$3,$38,$4,$0,$0,$0,$4,$0,$16,$0,$33,$38,$3,$0,$0,$0,$0,$0,$0,$0,$-2,$1,$-3,$0,$0,$0,$0,$0,$0,$-3,$0,$1,$0,$0,$0,$0,$0,$1,$-1,$0,$0
13,2012-06-30,1.66,$0.00,0.0,$4.64,0.36,$-2.66,0.0,$0.69,2.41,$0.03B,$0.00B,8.2,$0.00B,$0.03B,0.0,$0.02B,$0.01B,38.10%,$0.02B,$0.00B,19.05%,$0.02B,$0.00B,19.05%,$0.02B,$0.01B,23.81%,$0.02B,$0.00B,19.05%,$0.02B,$0.00B,14.29%,$0.00B,$0.03B,9.84%,$0.00B,$0.03B,10.08%,$0.00B,$0.04B,8.05%,$0.00B,$0.03B,13.11%,$7,$4,$3,$0,$1,$5,$2,$0,$2,$0,$2,$2,$2,$2,$2,$5,5,$0.37,$0.36,$1,$5,$8,$30,$0,$0,$2,$0,$2,$36,$4,$0,$0,$0,$4,$0,$15,$0,$32,$36,$2,$0,$0,$0,$0,$0,$0,$0,$-3,$-1,$-2,$0,$0,$0,$0,$0,$0,$-2,$0,$1,$0,$0,$0,$0,$0,$1,$-3,$0,$0
14,2012-03-31,2.34,$0.00,0.0,$4.87,0.48,$-2.75,0.0,$0.72,3.25,$0.03B,$0.00B,9.69,$0.00B,$0.03B,0.0,$0.02B,$0.01B,36.36%,$0.02B,$0.00B,18.18%,$0.02B,$0.00B,18.18%,$0.02B,$0.01B,22.73%,$0.02B,$0.00B,18.18%,$0.02B,$0.00B,13.64%,$0.00B,$0.03B,10.17%,$0.00B,$0.03B,10.17%,$0.00B,$0.03B,7.74%,$0.00B,$0.03B,13.56%,$3,$2,$1,$0,$1,$3,$0,$-0,$0,$0,$0,$0,$0,$1,$0,$5,5,$0.03,$0.03,$2,$4,$7,$31,$0,$0,$0,$0,$0,$34,$3,$0,$0,$0,$3,$0,$13,$0,$30,$34,$0,$0,$0,$0,$0,$0,$0,$0,$-2,$-2,$-0,$0,$0,$0,$0,$0,$0,$-0,$0,$0,$0,$0,$0,$0,$0,$0,$-1,$0,$0
15,2011-12-31,1.42,$0.00,0.0,$4.89,0.29,$-2.92,0.0,$0.73,1.95,$0.03B,$0.01B,6.82,$0.00B,$0.03B,0.0,$0.02B,$0.01B,36.36%,$0.02B,$0.00B,18.18%,$0.02B,$0.00B,18.18%,$0.02B,$0.00B,18.18%,$0.02B,$0.00B,18.18%,$0.02B,$0.00B,13.64%,$0.00B,$0.03B,10.53%,$0.00B,$0.03B,10.53%,$0.00B,$0.04B,7.59%,$0.00B,$0.03B,14.04%,$5,$4,$2,$0,$2,$6,$-0,$0,$-0,$-0,$-0,$-0,$-0,$-0,$-0,$5,5,$-0.01,$-0.01,$4,$6,$8,$32,$0,$0,$0,$0,$0,$35,$5,$0,$0,$0,$5,$0,$13,$0,$30,$35,$3,$0,$0,$0,$0,$0,$0,$0,$-8,$-3,$-0,$0,$0,$0,$0,$0,$-0,$-0,$0,$0,$0,$0,$0,$0,$0,$0,$-2,$0,$0
16,2011-09-30,2.03,$0.00,0.0,$5.12,0.4,$-3.44,0.0,$1.06,1.92,$0.04B,$0.01B,2.91,$0.00B,$0.03B,0.0,$0.02B,$0.01B,33.33%,$0.02B,$0.01B,20.83%,$0.02B,$0.01B,20.83%,$0.02B,$0.01B,25.00%,$0.02B,$0.01B,25.00%,$0.02B,$0.00B,16.67%,$0.00B,$0.03B,14.55%,$0.00B,$0.03B,14.55%,$0.00B,$0.04B,10.00%,$0.01B,$0.03B,18.18%,$6,$3,$2,$0,$1,$4,$2,$0,$2,$0,$1,$1,$1,$2,$2,$5,5,$0.31,$0.31,$3,$6,$13,$41,$0,$0,$0,$0,$0,$44,$14,$0,$0,$0,$14,$0,$13,$0,$30,$44,$3,$0,$0,$0,$0,$0,$0,$0,$-8,$-4,$-0,$0,$0,$0,$0,$0,$-0,$-0,$0,$0,$0,$0,$0,$0,$0,$0,$-3,$0,$0
17,2011-06-30,2.67,$0.00,0.0,$5.03,0.53,$-3.93,0.0,$1.05,2.54,$0.04B,$0.01B,2.81,$0.00B,$0.03B,0.0,$0.02B,$0.01B,34.78%,$0.02B,$0.01B,21.74%,$0.02B,$0.01B,21.74%,$0.02B,$0.01B,26.09%,$0.02B,$0.01B,26.09%,$0.02B,$0.00B,17.39%,$0.00B,$0.03B,15.38%,$0.00B,$0.03B,15.38%,$0.00B,$0.04B,10.67%,$0.01B,$0.03B,19.23%,$8,$5,$3,$0,$1,$6,$2,$0,$2,$0,$2,$2,$2,$2,$2,$5,5,$0.39,$0.39,$3,$6,$14,$39,$0,$0,$0,$0,$0,$42,$14,$0,$0,$0,$14,$0,$12,$0,$28,$42,$2,$0,$0,$0,$0,$0,$0,$0,$-5,$-3,$-0,$0,$0,$0,$0,$0,$-0,$-0,$0,$0,$0,$0,$0,$0,$0,$0,$-3,$0,$0
18,2011-03-31,5.23,$0.00,0.0,$4.46,1.17,$-4.26,0.0,$0.93,5.62,$0.03B,$0.01B,3.16,$0.00B,$0.03B,0.0,$0.02B,$0.01B,35.00%,$0.02B,$0.00B,20.00%,$0.02B,$0.00B,20.00%,$0.02B,$0.01B,25.00%,$0.02B,$0.01B,25.00%,$0.02B,$0.00B,15.00%,$0.00B,$0.03B,12.24%,$0.00B,$0.03B,12.24%,$0.00B,$0.04B,8.63%,$0.00B,$0.03B,16.33%,$3,$2,$1,$0,$1,$3,$0,$0,$0,$0,$0,$0,$0,$0,$0,$4,4,$0.05,$0.04,$3,$6,$12,$34,$0,$0,$0,$0,$0,$37,$11,$0,$0,$0,$11,$0,$10,$0,$26,$37,$0,$0,$0,$0,$0,$0,$0,$0,$-2,$-2,$-0,$0,$0,$0,$0,$0,$-0,$-0,$0,$-1,$0,$0,$0,$0,$0,$-1,$-3,$0,$0
