,Date,Stock Price,Book Value per Share,Price to Book Ratio,TTM Sales per Share,Price to Sales Ratio,TTM FCF per Share,Price to FCF Ratio,TTM Net EPS,PE Ratio,Current Assets,Current Liabilities,Current Ratio,Long Term Debt,Shareholder's Equity_x,Debt to Equity Ratio,TTM Revenue_x,TTM Gross Profit,Gross Margin,TTM Revenue_y,TTM Operating Income,Operating Margin,TTM Revenue_x,TTM EBIT,EBIT Margin,TTM Revenue_y,TTM EBITDA,EBITDA Margin,TTM Revenue_x,TTM Pre-Tax Income,Pre-Tax Margin,TTM Revenue_y,TTM Net Income_x,Net Margin,TTM Net Income_y,Shareholder's Equity_y,Return on Equity,TTM Net Income_x,Tangible Equity,Return on Tangible Equity,TTM Net Income_y,Total Assets,Return on Assets,TTM Net Income,LT Investments & Debt,Return on Investment,revenue,cost-goods-sold,gross-profit,research-development-expenses,selling-general-administrative-expenses,operating-expenses,operating-income,total-non-operating-income-expense,pre-tax-income,total-provision-income-taxes,income-after-taxes,income-from-continuous-operations,net-income,ebitda,ebit,basic-shares-outstanding,shares-outstanding,eps-basic-net-earnings-per-share,eps-earnings-per-share-diluted,cash-on-hand,inventory,other-current-assets,total-current-assets,net-property-plant-equipment,long-term-investments,goodwill-intangible-assets-total,other-long-term-assets,total-long-term-assets,total-assets,total-current-liabilities,long-term-debt,other-non-current-liabilities,total-long-term-liabilities,total-liabilities,common-stock-net,retained-earnings-accumulated-deficit,comprehensive-income,total-share-holder-equity,total-liabilities-share-holders-equity,net-income-loss,total-depreciation-amortization-cash-flow,other-non-cash-items,total-non-cash-items,change-in-accounts-receivable,change-in-inventories,change-in-accounts-payable,change-in-assets-liabilities,total-change-in-assets-liabilities,cash-flow-from-operating-activities,net-change-in-property-plant-equipment,net-change-in-intangible-assets,net-acquisitions-divestitures,net-change-in-short-term-investments,net-change-in-long-term-investments,net-change-in-investments-total,investing-activities-other,cash-flow-from-investing-activities,net-long-term-debt,net-current-debt,debt-issuance-retirement-net-total,net-common-equity-issued-repurchased,net-total-equity-issued-repurchased,total-common-preferred-stock-dividends-paid,financial-activities-other,cash-flow-from-financial-activities,net-cash-flow,stock-based-compensation,common-stock-dividends-paid
0,2018-09-30,212.62,$72.66,2.93,$126.27,1.68,$12.50,17.01,$10.88,19.54,$4.44B,$2.26B,1.96,$3.32B,$5.71B,0.58,$10.05B,$1.14B,11.36%,$10.05B,$1.10B,10.96%,$10.05B,$1.10B,10.96%,$10.05B,$1.41B,14.01%,$10.05B,$0.91B,9.01%,$10.05B,$1.07B,10.64%,$1.07B,$5.71B,19.71%,$1.07B,$-1.54B,-67.70%,$1.07B,$13.18B,8.17%,$1.10B,$9.03B,12.59%,$2519,$1842,$677,$0,$396,$2247,$272,$-46,$226,$18,$208,$208,$202,$342,$272,$79,79,$2.57,$2.54,$507,$911,$1707,$4435,$1156,$0,$7248,$345,$8749,$13184,$2260,$3320,$442,$5213,$7473,$6808,$7263,$-703,$5711,$13184,$795,$221,$-8,$213,$-166,$28,$57,$-621,$-666,$342,$-165,$0,$167,$0,$0,$0,$-28,$-26,$-67,$0,$-67,$-179,$-179,$-191,$-32,$-469,$-155,$47,$-191
1,2018-06-30,191.59,$70.45,2.72,$123.28,1.55,$16.50,11.61,$11.16,17.17,$5.11B,$2.80B,1.82,$3.32B,$5.51B,0.6,$9.82B,$1.08B,10.96%,$9.82B,$1.06B,10.80%,$9.82B,$1.06B,10.80%,$9.82B,$1.37B,13.91%,$9.82B,$0.87B,8.87%,$9.82B,$0.89B,9.05%,$0.89B,$5.51B,16.89%,$0.89B,$-1.43B,-53.39%,$0.89B,$13.53B,6.89%,$1.06B,$8.83B,12.35%,$2583,$1927,$656,$0,$383,$2262,$321,$-84,$237,$48,$189,$189,$375,$398,$321,$78,79,$4.78,$4.72,$1366,$934,$1611,$5106,$1137,$0,$6939,$348,$8424,$13530,$2803,$3319,$416,$5215,$8018,$6723,$7126,$-714,$5512,$13530,$587,$151,$-82,$69,$-137,$-10,$61,$-395,$-478,$178,$-107,$0,$466,$0,$0,$0,$-29,$330,$535,$0,$535,$-191,$-191,$-128,$-19,$197,$704,$34,$-128
2,2018-03-31,206.36,$67.87,3.04,$120.75,1.71,$19.18,10.76,$8.98,22.98,$4.48B,$2.34B,1.92,$3.33B,$5.32B,0.63,$9.62B,$1.07B,11.15%,$9.62B,$1.03B,10.75%,$9.62B,$1.03B,10.75%,$9.62B,$1.33B,13.83%,$9.62B,$0.89B,9.23%,$9.62B,$0.72B,7.44%,$0.72B,$5.32B,13.91%,$0.72B,$-1.60B,-39.66%,$0.72B,$12.87B,5.67%,$1.03B,$8.65B,12.20%,$2371,$1723,$648,$0,$397,$2120,$251,$-35,$216,$24,$192,$192,$203,$325,$251,$78,80,$2.60,$2.54,$374,$994,$2027,$4480,$1131,$0,$6916,$346,$8393,$12873,$2335,$3331,$397,$5218,$7553,$6607,$6814,$-645,$5320,$12873,$208,$74,$53,$127,$-73,$-65,$56,$-217,$-370,$-35,$-54,$0,$0,$0,$0,$0,$-29,$-83,$0,$0,$0,$-79,$-79,$-65,$-2,$-146,$-288,$20,$-65
3,2017-12-31,195.54,$66.14,2.96,$120.34,1.62,$20.87,9.37,$8.51,22.98,$4.45B,$2.38B,1.87,$3.33B,$5.15B,0.65,$9.57B,$1.02B,10.65%,$9.57B,$1.02B,10.65%,$9.57B,$1.02B,10.65%,$9.57B,$1.31B,13.68%,$9.57B,$0.87B,9.10%,$9.57B,$0.68B,7.07%,$0.68B,$5.15B,13.49%,$0.68B,$-1.76B,-34.96%,$0.68B,$12.73B,5.44%,$1.02B,$8.48B,12.22%,$2574,$3414,$-840,$0,$0,$2317,$257,$-31,$226,$-45,$271,$271,$289,$343,$257,$78,80,$3.70,$3.62,$662,$389,$135,$4448,$1110,$0,$6907,$264,$8281,$12729,$2379,$3330,$398,$5199,$7578,$6519,$6659,$-691,$5151,$12729,$693,$290,$205,$495,$-18,$-69,$99,$-160,$-127,$985,$-150,$0,$-298,$0,$0,$0,$-5,$-453,$0,$0,$0,$-120,$-120,$-236,$-10,$-366,$299,$53,$-236
4,2017-09-30,185.47,$64.92,2.86,$109.42,1.69,$20.95,8.85,$7.27,25.51,$4.10B,$2.28B,1.8,$3.33B,$5.07B,0.66,$8.69B,$2.10B,24.21%,$8.69B,$1.01B,11.58%,$8.69B,$1.01B,11.58%,$8.69B,$1.27B,14.60%,$8.69B,$0.85B,9.78%,$8.69B,$0.58B,6.63%,$0.58B,$5.07B,11.79%,$0.58B,$-1.88B,-28.92%,$0.58B,$12.47B,4.71%,$1.01B,$8.40B,12.25%,$2293,$1681,$612,$0,$380,$2061,$232,$-40,$192,$46,$146,$146,$22,$300,$232,$78,80,$0.28,$0.28,$439,$392,$219,$4099,$1145,$0,$6951,$273,$8369,$12468,$2283,$3329,$385,$5116,$7399,$6458,$6429,$-573,$5069,$12468,$400,$204,$228,$432,$3,$-46,$47,$-323,$-251,$581,$-84,$0,$-273,$0,$0,$0,$-7,$-364,$0,$0,$0,$-49,$-49,$-178,$-12,$-239,$76,$43,$-178
5,2017-06-30,163.78,$64.70,2.53,$112.48,1.46,$20.75,7.89,$8.87,18.46,$4.02B,$2.20B,1.83,$3.33B,$5.05B,0.66,$8.90B,$1.71B,19.17%,$8.90B,$0.99B,11.11%,$8.90B,$0.99B,11.11%,$8.90B,$1.25B,14.02%,$8.90B,$0.84B,9.42%,$8.90B,$0.70B,7.89%,$0.70B,$5.05B,14.69%,$0.70B,$-1.99B,-35.49%,$0.70B,$12.43B,5.82%,$0.99B,$8.37B,12.41%,$2385,$1732,$653,$0,$359,$2091,$294,$-40,$254,$59,$195,$195,$202,$363,$294,$78,80,$2.59,$2.54,$385,$355,$238,$4021,$1113,$0,$7035,$263,$8411,$12432,$2195,$3327,$375,$5190,$7385,$6396,$6466,$-636,$5047,$12432,$375,$136,$50,$186,$-88,$-12,$-99,$-165,$-246,$315,$-31,$0,$-175,$0,$0,$0,$-1,$-207,$0,$0,$0,$-3,$-3,$-119,$-8,$-130,$22,$28,$-119
6,2017-03-31,161.28,$61.65,2.62,$116.46,1.38,$21.16,7.62,$8.21,19.64,$3.87B,$2.23B,1.74,$3.33B,$4.80B,0.69,$9.18B,$1.30B,14.16%,$9.18B,$0.94B,10.26%,$9.18B,$0.94B,10.26%,$9.18B,$1.20B,13.06%,$9.18B,$0.79B,8.59%,$9.18B,$0.65B,7.05%,$0.65B,$4.80B,13.90%,$0.65B,$-2.12B,-32.93%,$0.65B,$12.16B,5.44%,$0.94B,$8.13B,12.22%,$2321,$1726,$595,$0,$358,$2084,$237,$-38,$199,$42,$157,$157,$164,$304,$237,$78,79,$2.11,$2.07,$230,$353,$233,$3872,$1123,$0,$6921,$248,$8292,$12164,$2229,$3326,$365,$5133,$7362,$6330,$6323,$-698,$4802,$12164,$168,$67,$57,$124,$-48,$-9,$91,$-207,$-206,$86,$-40,$0,$-123,$0,$0,$0,$5,$-158,$0,$0,$0,$2,$2,$-61,$-4,$-63,$-133,$14,$-61
7,2016-12-31,147.76,$59.87,2.47,$116.98,1.26,$21.64,6.83,$9.01,16.4,$3.91B,$2.19B,1.78,$3.33B,$4.62B,0.72,$9.21B,$0.96B,10.39%,$9.21B,$0.96B,10.39%,$9.21B,$0.96B,10.39%,$9.21B,$1.21B,13.15%,$9.21B,$0.80B,8.73%,$9.21B,$0.71B,7.71%,$0.71B,$4.62B,15.54%,$0.71B,$-1.98B,-36.45%,$0.71B,$11.87B,6.01%,$0.96B,$7.95B,12.64%,$1688,$1445,$243,$0,$0,$1445,$243,$-38,$205,$41,$164,$164,$188,$301,$243,$77,79,$2.44,$2.38,$363,$330,$175,$3907,$1107,$0,$6603,$248,$7958,$11865,$2194,$3325,$356,$5047,$7241,$6285,$6218,$-726,$4624,$11865,$724,$254,$99,$353,$1,$22,$-5,$-95,$-40,$1022,$-189,$0,$173,$0,$0,$0,$6,$-10,$-309,$0,$-309,$-310,$-310,$-220,$-17,$-856,$156,$49,$-220
8,2016-09-30,145.75,$59.98,2.43,$115.53,1.26,$21.36,6.82,$4.52,32.24,$4.01B,$2.75B,1.46,$2.78B,$4.64B,0.6,$9.16B,$0.94B,10.28%,$9.16B,$0.93B,10.13%,$9.16B,$0.93B,10.13%,$9.16B,$1.24B,13.51%,$9.16B,$0.78B,8.52%,$9.16B,$0.36B,3.89%,$0.36B,$4.64B,7.88%,$0.36B,$-1.83B,-18.11%,$0.36B,$11.81B,3.00%,$0.93B,$7.42B,12.42%,$2505,$2290,$215,$0,$0,$2290,$215,$-35,$180,$29,$151,$151,$148,$280,$215,$77,79,$1.91,$1.88,$411,$361,$160,$4009,$1083,$0,$6465,$250,$7802,$11811,$2750,$2782,$326,$4421,$7171,$6225,$6087,$-567,$4640,$11811,$532,$196,$126,$322,$-69,$-31,$130,$-309,$-268,$586,$-111,$0,$534,$0,$0,$0,$7,$430,$-305,$0,$-305,$-274,$-274,$-166,$-8,$-753,$204,$34,$-166
9,2016-06-30,141.18,$59.06,2.39,$115.32,1.22,$21.03,6.71,$-1.10,0.0,$3.86B,$2.68B,1.44,$2.78B,$4.56B,0.61,$9.22B,$1.00B,10.86%,$9.22B,$0.94B,10.24%,$9.22B,$0.94B,10.24%,$9.22B,$1.26B,13.65%,$9.22B,$0.79B,8.58%,$9.22B,$-0.09B,-0.99%,$-0.09B,$4.56B,-2.01%,$-0.09B,$-1.94B,4.16%,$-0.09B,$11.70B,-0.75%,$0.94B,$7.34B,12.15%,$2664,$2417,$247,$0,$0,$2417,$247,$-43,$204,$53,$151,$151,$147,$314,$247,$77,78,$1.90,$1.88,$352,$356,$182,$3860,$1075,$0,$6496,$265,$7840,$11700,$2679,$2780,$374,$4462,$7141,$6165,$5992,$-544,$4559,$11700,$381,$131,$59,$190,$-62,$-24,$118,$-210,$-178,$376,$-64,$0,$548,$0,$0,$0,$6,$490,$-305,$0,$-305,$-242,$-242,$-112,$-6,$-665,$145,$19,$-112
10,2016-03-31,113.46,$57.55,1.97,$111.90,1.01,$19.77,5.74,$-1.54,0.0,$4.06B,$2.68B,1.52,$3.13B,$4.45B,0.7,$9.10B,$0.91B,9.95%,$9.10B,$0.85B,9.34%,$9.10B,$0.85B,9.34%,$9.10B,$1.17B,12.83%,$9.10B,$0.70B,7.73%,$9.10B,$-0.12B,-1.30%,$-0.12B,$4.45B,-2.51%,$-0.12B,$-2.05B,4.99%,$-0.12B,$11.91B,-0.93%,$0.85B,$7.58B,10.32%,$2353,$2101,$252,$0,$0,$2101,$252,$-37,$215,$48,$167,$167,$227,$316,$252,$78,79,$2.92,$2.87,$534,$351,$173,$4063,$1085,$0,$6501,$258,$7848,$11911,$2679,$3127,$371,$4781,$7460,$6084,$5901,$-558,$4451,$11911,$230,$64,$-14,$50,$-32,$-19,$0,$-215,$-161,$112,$-28,$0,$549,$0,$0,$0,$9,$530,$0,$0,$0,$-196,$-196,$-58,$-5,$-259,$327,$6,$-58
11,2015-12-31,113.76,$56.68,2.01,$111.81,1.02,$19.58,5.81,$-3.16,0.0,$4.23B,$2.88B,1.47,$3.13B,$4.43B,0.71,$9.23B,$0.86B,9.34%,$9.23B,$0.79B,8.50%,$9.23B,$0.79B,8.50%,$9.23B,$1.11B,12.01%,$9.23B,$0.64B,6.92%,$9.23B,$-0.24B,-2.60%,$-0.24B,$4.43B,-4.88%,$-0.24B,$-2.05B,9.79%,$-0.24B,$12.07B,-1.83%,$0.79B,$7.56B,9.07%,$1636,$1409,$227,$0,$0,$1422,$214,$-33,$181,$27,$154,$154,$-166,$327,$214,$81,82,$-1.97,$-1.94,$207,$333,$201,$4232,$1097,$0,$6480,$260,$7837,$12069,$2879,$3127,$368,$4761,$7640,$6052,$5728,$-574,$4429,$12069,$-225,$324,$922,$1246,$61,$-38,$-27,$-33,$12,$1035,$-192,$0,$-2,$0,$0,$0,$4,$-190,$-297,$0,$-297,$-691,$-691,$-214,$-3,$-1205,$-235,$46,$-214
12,2015-09-30,98.95,$58.97,1.68,$115.41,0.86,$19.74,5.01,$1.31,75.53,$4.30B,$2.46B,1.74,$3.94B,$4.66B,0.85,$9.67B,$0.87B,8.95%,$9.67B,$0.80B,8.29%,$9.67B,$0.80B,8.29%,$9.67B,$1.07B,11.04%,$9.67B,$0.66B,6.86%,$9.67B,$0.13B,1.33%,$0.13B,$4.66B,2.51%,$0.13B,$-2.71B,-5.67%,$0.13B,$13.04B,0.95%,$0.80B,$8.60B,8.81%,$2564,$2289,$275,$0,$0,$2333,$231,$-40,$191,$63,$128,$128,$-299,$301,$231,$80,81,$-3.74,$-3.68,$323,$374,$190,$4295,$1108,$0,$7368,$243,$8741,$13036,$2464,$3940,$403,$5913,$8377,$5985,$5945,$-630,$4659,$13036,$-63,$211,$602,$813,$36,$-77,$117,$-228,$-153,$597,$-135,$0,$48,$0,$0,$0,$5,$-82,$0,$0,$0,$-571,$-571,$-163,$-1,$-735,$-119,$35,$-163
13,2015-06-30,106.74,$65.25,1.64,$117.78,0.91,$19.76,5.4,$6.83,15.63,$4.30B,$2.42B,1.78,$3.94B,$5.27B,0.75,$10.04B,$0.85B,8.44%,$10.04B,$0.83B,8.24%,$10.04B,$0.83B,8.24%,$10.04B,$1.08B,10.80%,$10.04B,$0.69B,6.84%,$10.04B,$0.58B,5.80%,$0.58B,$5.27B,10.62%,$0.58B,$-2.64B,-27.52%,$0.58B,$13.63B,4.22%,$0.83B,$9.21B,8.78%,$2543,$2392,$151,$0,$0,$2390,$153,$-37,$116,$-4,$120,$120,$120,$223,$153,$82,83,$1.46,$1.44,$353,$371,$208,$4303,$1118,$0,$7915,$273,$9330,$13633,$2417,$3940,$385,$5944,$8361,$5935,$6297,$-578,$5272,$13633,$233,$141,$72,$213,$21,$-70,$77,$-124,$-137,$309,$-82,$0,$44,$0,$0,$0,$5,$-33,$0,$0,$0,$-323,$-323,$-111,$-11,$-445,$-89,$23,$-111
14,2015-03-31,117.78,$64.22,1.83,$121.02,0.97,$18.71,6.29,$7.14,16.5,$4.71B,$2.53B,1.87,$3.94B,$5.30B,0.74,$10.52B,$0.94B,8.89%,$10.52B,$0.91B,8.68%,$10.52B,$0.91B,8.68%,$10.52B,$1.16B,11.03%,$10.52B,$0.78B,7.37%,$10.52B,$0.60B,5.70%,$0.60B,$5.30B,10.59%,$0.60B,$-2.40B,-30.15%,$0.60B,$13.78B,4.31%,$0.91B,$9.24B,9.52%,$2488,$2279,$209,$0,$0,$2301,$187,$-36,$151,$46,$105,$105,$105,$258,$187,$82,84,$1.28,$1.25,$317,$336,$692,$4712,$1082,$0,$7702,$261,$9070,$13782,$2525,$3939,$387,$5955,$8480,$5871,$6231,$-663,$5302,$13782,$109,$71,$61,$132,$23,$-31,$98,$-182,$-129,$112,$-39,$0,$-41,$0,$0,$0,$6,$-74,$0,$0,$0,$-54,$-54,$-58,$-38,$-150,$-125,$13,$-58
15,2014-12-31,117.59,$65.33,1.8,$124.41,0.95,$16.82,6.99,$7.90,14.88,$5.67B,$2.63B,2.15,$3.94B,$5.36B,0.74,$10.99B,$1.01B,9.21%,$10.99B,$1.01B,9.21%,$10.99B,$1.01B,9.21%,$10.99B,$1.25B,11.36%,$10.99B,$0.87B,7.94%,$10.99B,$0.66B,6.04%,$0.66B,$5.36B,11.32%,$0.66B,$-1.35B,-35.33%,$0.66B,$13.72B,4.75%,$1.01B,$9.30B,10.41%,$2070,$1840,$230,$0,$0,$1840,$230,$-25,$205,$30,$175,$175,$203,$285,$230,$85,88,$2.41,$2.35,$442,$288,$722,$5665,$1061,$0,$6707,$240,$8050,$13715,$2634,$3939,$360,$5721,$8355,$5799,$6181,$-584,$5360,$13715,$677,$236,$250,$486,$39,$0,$-80,$17,$-50,$1088,$-170,$0,$-56,$0,$0,$0,$5,$-221,$61,$0,$61,$-722,$-722,$-208,$-24,$-893,$-58,$50,$-208
16,2014-09-30,110.25,$70.30,1.57,$123.14,0.9,$16.95,6.5,$7.71,14.3,$4.66B,$2.39B,1.95,$3.94B,$5.98B,0.66,$10.95B,$0.99B,9.07%,$10.95B,$0.99B,9.07%,$10.95B,$0.99B,9.07%,$10.95B,$1.24B,11.32%,$10.95B,$0.86B,7.84%,$10.95B,$0.65B,5.90%,$0.65B,$5.98B,10.70%,$0.65B,$-2.07B,-31.53%,$0.65B,$14.04B,4.60%,$0.99B,$9.92B,10.11%,$2940,$2683,$257,$0,$0,$2683,$257,$-42,$215,$58,$157,$157,$154,$318,$257,$85,87,$1.81,$1.78,$508,$371,$215,$4656,$1072,$0,$8047,$238,$9385,$14041,$2392,$3938,$399,$5670,$8062,$5736,$6028,$-160,$5979,$14041,$470,$181,$230,$411,$118,$-11,$-119,$-229,$-276,$605,$-111,$0,$-57,$0,$0,$0,$6,$-162,$61,$0,$61,$-299,$-299,$-158,$-30,$-426,$8,$39,$-158
17,2014-06-30,111.31,$70.11,1.59,$122.07,0.91,$16.50,6.75,$8.16,13.64,$4.71B,$2.49B,1.89,$3.94B,$5.98B,0.66,$11.01B,$1.04B,9.46%,$11.01B,$1.04B,9.46%,$11.01B,$1.04B,9.46%,$11.01B,$1.30B,11.82%,$11.01B,$0.91B,8.26%,$11.01B,$0.69B,6.29%,$0.69B,$5.98B,11.53%,$0.69B,$-2.13B,-33.19%,$0.69B,$14.12B,4.92%,$1.04B,$9.92B,10.73%,$3019,$2780,$239,$0,$0,$2780,$239,$-35,$204,$63,$141,$141,$137,$299,$239,$86,89,$1.59,$1.53,$299,$373,$196,$4705,$1033,$0,$8112,$236,$9411,$14116,$2494,$3938,$395,$5643,$8137,$5694,$5927,$-96,$5979,$14116,$313,$120,$142,$262,$-61,$-8,$14,$-225,$-360,$215,$-65,$0,$-57,$0,$0,$0,$5,$-117,$61,$0,$61,$-229,$-229,$-107,$-24,$-299,$-201,$29,$-107
18,2014-03-31,108.35,$70.99,1.53,$123.27,0.88,$18.06,6.0,$8.44,12.84,$4.62B,$2.48B,1.87,$3.63B,$6.14B,0.59,$11.18B,$1.09B,9.78%,$11.18B,$1.09B,9.78%,$11.18B,$1.09B,9.78%,$11.18B,$1.37B,12.22%,$11.18B,$0.96B,8.57%,$11.18B,$0.73B,6.53%,$0.73B,$6.14B,12.32%,$0.73B,$-1.97B,-34.24%,$0.73B,$14.03B,5.22%,$1.09B,$9.77B,11.44%,$2957,$2671,$286,$0,$0,$2671,$286,$-38,$248,$76,$172,$172,$170,$346,$286,$86,89,$1.97,$1.90,$227,$375,$160,$4622,$1033,$0,$8104,$245,$9405,$14027,$2477,$3631,$394,$5415,$7892,$5767,$5842,$-128,$6135,$14027,$172,$60,$83,$143,$-73,$-9,$55,$-312,$-377,$-62,$-29,$0,$-57,$0,$0,$0,$0,$-86,$0,$0,$0,$-55,$-55,$-55,$-14,$-124,$-273,$15,$-55
19,2013-12-31,97.49,$70.56,1.38,$125.13,0.78,$20.15,4.84,$8.54,11.42,$4.61B,$2.55B,1.81,$3.63B,$6.06B,0.6,$11.42B,$1.12B,9.78%,$11.42B,$1.12B,9.78%,$11.42B,$1.12B,9.78%,$11.42B,$1.41B,12.33%,$11.42B,$0.98B,8.58%,$11.42B,$0.75B,6.58%,$0.75B,$6.06B,12.98%,$0.75B,$-2.03B,-33.39%,$0.75B,$14.01B,5.38%,$1.12B,$9.69B,11.86%,$2032,$1821,$211,$0,$0,$1821,$211,$-20,$191,$47,$144,$144,$185,$276,$211,$89,91,$2.10,$2.04,$500,$366,$167,$4613,$1042,$0,$8081,$247,$9394,$14007,$2553,$3630,$406,$5398,$7951,$5653,$5726,$-110,$6056,$14007,$760,$291,$156,$447,$-16,$1,$8,$-58,$-51,$1156,$-192,$0,$-58,$0,$0,$0,$-6,$-256,$0,$0,$0,$-636,$-636,$-199,$-14,$-849,$151,$56,$-199
20,2013-09-30,85.75,$65.47,1.31,$138.90,0.62,$20.08,4.27,$8.62,9.95,$4.80B,$2.50B,1.92,$3.63B,$5.83B,0.62,$12.91B,$1.23B,9.50%,$12.91B,$1.23B,9.50%,$12.91B,$1.23B,9.50%,$12.91B,$1.54B,11.89%,$12.91B,$1.06B,8.24%,$12.91B,$0.75B,5.83%,$0.75B,$5.83B,13.30%,$0.75B,$-2.21B,-31.55%,$0.75B,$14.08B,5.41%,$1.23B,$9.46B,13.22%,$3002,$2696,$306,$0,$0,$2696,$306,$-40,$266,$62,$204,$204,$200,$380,$306,$90,91,$2.23,$2.19,$377,$420,$127,$4797,$1023,$0,$8043,$187,$9278,$14075,$2503,$3630,$357,$5742,$8245,$5555,$5621,$-529,$5830,$14075,$572,$226,$171,$397,$-117,$-60,$54,$-252,$-352,$617,$-137,$0,$-2,$0,$0,$0,$-2,$-141,$0,$0,$0,$-285,$-285,$-151,$-10,$-446,$28,$42,$-151
21,2013-06-30,77.33,$63.49,1.22,$139.73,0.55,$20.71,3.73,$8.36,9.25,$4.63B,$2.47B,1.88,$3.63B,$5.67B,0.64,$13.19B,$1.25B,9.49%,$13.19B,$1.25B,9.49%,$13.19B,$1.25B,9.49%,$13.19B,$1.56B,11.81%,$13.19B,$1.07B,8.13%,$13.19B,$0.74B,5.64%,$0.74B,$5.67B,13.15%,$0.74B,$-2.32B,-31.29%,$0.74B,$13.86B,5.34%,$1.25B,$9.30B,13.39%,$3189,$2899,$290,$0,$0,$2899,$290,$-37,$253,$77,$176,$176,$175,$364,$290,$90,91,$1.95,$1.92,$328,$378,$135,$4629,$1029,$0,$7996,$182,$9233,$13862,$2467,$3630,$360,$5721,$8188,$5451,$5468,$-583,$5674,$13862,$368,$152,$97,$249,$-76,$-17,$0,$-137,$-210,$396,$-101,$0,$3,$0,$0,$0,$-6,$-104,$0,$0,$0,$-197,$-197,$-101,$-6,$-304,$-21,$28,$-101
22,2013-03-31,72.52,$61.94,1.17,$136.63,0.53,$20.14,3.6,$8.41,8.62,$4.69B,$2.57B,1.83,$3.63B,$5.59B,0.65,$13.14B,$1.29B,9.84%,$13.14B,$1.29B,9.84%,$13.14B,$1.29B,9.84%,$13.14B,$1.60B,12.17%,$13.14B,$1.11B,8.44%,$13.14B,$0.77B,5.89%,$0.77B,$5.59B,13.00%,$0.77B,$-2.44B,-32.35%,$0.77B,$13.88B,5.37%,$1.29B,$9.22B,13.23%,$3197,$2887,$310,$0,$0,$2887,$310,$-40,$270,$78,$192,$192,$191,$388,$310,$90,92,$2.12,$2.09,$276,$347,$126,$4690,$998,$0,$8024,$140,$9190,$13880,$2567,$3629,$358,$5725,$8292,$5367,$5334,$-578,$5588,$13880,$192,$78,$67,$145,$-146,$8,$94,$-109,$-126,$146,$-48,$0,$0,$0,$0,$0,$-6,$-54,$0,$0,$0,$-95,$-95,$-52,$-11,$-158,$-73,$14,$-52
23,2012-12-31,68.17,$61.12,1.12,$133.23,0.51,$19.99,3.41,$8.31,8.2,$4.48B,$2.56B,1.75,$3.63B,$5.53B,0.66,$13.11B,$1.31B,9.98%,$13.11B,$1.31B,9.98%,$13.11B,$1.31B,9.98%,$13.11B,$1.61B,12.29%,$13.11B,$1.12B,8.56%,$13.11B,$0.78B,5.98%,$0.78B,$5.53B,12.51%,$0.78B,$-2.56B,-32.72%,$0.78B,$13.80B,5.28%,$1.31B,$9.16B,12.82%,$3521,$3200,$321,$0,$0,$3200,$321,$-46,$275,$86,$189,$189,$186,$403,$321,$96,98,$2.00,$1.97,$349,$358,$186,$4484,$1023,$0,$8090,$174,$9316,$13800,$2563,$3629,$393,$5710,$8273,$5314,$5175,$-550,$5527,$13800,$794,$303,$261,$564,$147,$-35,$92,$-174,$-127,$1231,$-205,$0,$-343,$0,$0,$0,$348,$-200,$-500,$0,$-500,$-814,$-814,$-195,$-18,$-1527,$-415,$59,$-195
24,2012-09-30,63.37,$61.62,1.03,$120.69,0.53,$19.42,3.26,$8.78,7.22,$4.99B,$2.58B,1.93,$3.88B,$5.84B,0.66,$12.07B,$1.28B,10.56%,$12.07B,$1.23B,10.21%,$12.07B,$1.23B,10.21%,$12.07B,$1.53B,12.67%,$12.07B,$1.03B,8.56%,$12.07B,$0.87B,7.24%,$0.87B,$5.84B,13.31%,$0.87B,$-2.19B,-43.28%,$0.87B,$14.20B,5.72%,$1.23B,$9.72B,11.59%,$3283,$2952,$331,$0,$0,$2952,$331,$-56,$275,$80,$195,$195,$192,$403,$331,$96,97,$2.00,$1.97,$514,$401,$139,$4986,$980,$0,$8032,$170,$9214,$14200,$2579,$3878,$391,$5779,$8358,$5244,$5033,$-391,$5842,$14200,$605,$221,$175,$396,$152,$-83,$0,$-318,$-310,$692,$-118,$0,$-349,$0,$0,$0,$330,$-137,$-250,$0,$-250,$-462,$-462,$-149,$-22,$-883,$-250,$44,$-149
25,2012-06-30,62.32,$71.27,0.87,$118.49,0.53,$19.54,3.19,$9.05,6.89,$5.29B,$2.72B,1.94,$4.13B,$6.86B,0.6,$12.09B,$1.30B,10.78%,$12.09B,$1.26B,10.42%,$12.09B,$1.26B,10.42%,$12.09B,$1.54B,12.76%,$12.09B,$1.07B,8.85%,$12.09B,$0.92B,7.58%,$0.92B,$6.86B,13.48%,$0.92B,$-2.38B,-44.39%,$0.92B,$15.73B,5.88%,$1.26B,$10.99B,11.53%,$3143,$2812,$331,$0,$0,$2812,$331,$-42,$289,$98,$191,$191,$205,$406,$331,$97,99,$2.11,$2.08,$481,$383,$163,$5287,$977,$0,$9242,$184,$10438,$15725,$2721,$4126,$473,$6144,$8865,$5204,$5946,$-448,$6860,$15725,$411,$149,$99,$248,$3,$-68,$177,$-300,$-316,$337,$-75,$0,$-216,$0,$0,$0,$-4,$-295,$0,$0,$0,$-286,$-286,$-98,$-8,$-392,$-283,$29,$-98
26,2012-03-31,59.17,$69.63,0.85,$121.71,0.49,$21.01,2.82,$9.23,6.41,$5.24B,$2.77B,1.89,$4.13B,$6.84B,0.6,$12.71B,$1.38B,10.82%,$12.71B,$1.33B,10.49%,$12.71B,$1.33B,10.49%,$12.71B,$1.62B,12.76%,$12.71B,$1.13B,8.92%,$12.71B,$0.95B,7.50%,$0.95B,$6.84B,13.95%,$0.95B,$-2.45B,-47.07%,$0.95B,$15.70B,6.13%,$1.33B,$10.96B,12.16%,$3160,$2835,$325,$0,$0,$2835,$325,$-42,$283,$96,$187,$187,$201,$399,$325,$99,100,$2.03,$2.01,$493,$360,$192,$5237,$948,$0,$9287,$190,$10462,$15699,$2768,$4126,$444,$6094,$8862,$5122,$5792,$-411,$6837,$15699,$203,$74,$50,$124,$-4,$-39,$97,$-186,$-207,$120,$-27,$0,$-205,$0,$0,$0,$-2,$-234,$0,$0,$0,$-120,$-120,$-49,$-10,$-179,$-271,$13,$-49
27,2011-12-31,55.35,$67.93,0.81,$123.06,0.45,$21.78,2.54,$9.07,6.1,$6.60B,$2.81B,2.35,$4.13B,$6.72B,0.61,$13.15B,$1.44B,10.95%,$13.15B,$1.40B,10.63%,$13.15B,$1.40B,10.63%,$13.15B,$1.69B,12.84%,$13.15B,$1.16B,8.83%,$13.15B,$0.96B,7.27%,$0.96B,$6.72B,13.93%,$0.96B,$-1.06B,-48.02%,$0.96B,$15.51B,6.16%,$1.40B,$10.85B,12.72%,$2486,$2198,$288,$0,$0,$2241,$245,$-59,$186,$-13,$199,$199,$276,$321,$245,$104,106,$2.74,$2.70,$764,$317,$177,$6598,$921,$0,$7780,$176,$8910,$15508,$2814,$4125,$373,$5970,$8784,$5064,$5641,$-454,$6724,$15508,$970,$291,$255,$546,$-13,$-14,$-35,$-252,$-285,$1231,$-181,$0,$-19,$0,$0,$0,$1,$-199,$-18,$0,$-18,$-890,$-890,$-188,$-23,$-1119,$157,$57,$-188
28,2011-09-30,51.11,$67.28,0.76,$116.59,0.44,$21.41,2.39,$8.72,5.86,$5.15B,$2.74B,1.88,$4.13B,$6.79B,0.61,$12.63B,$1.35B,10.68%,$12.63B,$1.35B,10.68%,$12.63B,$1.35B,10.68%,$12.63B,$1.63B,12.86%,$12.63B,$1.14B,9.04%,$12.63B,$0.95B,7.50%,$0.95B,$6.79B,13.73%,$0.95B,$-2.38B,-40.94%,$0.95B,$15.45B,6.10%,$1.35B,$10.91B,12.24%,$3301,$2942,$359,$0,$0,$2942,$359,$-47,$312,$98,$214,$214,$235,$417,$359,$104,105,$2.27,$2.24,$538,$352,$168,$5145,$917,$0,$9163,$194,$10308,$15453,$2740,$4126,$512,$5926,$8666,$5000,$5413,$-259,$6787,$15453,$691,$215,$140,$355,$18,$-46,$41,$-355,$-264,$749,$-119,$0,$-15,$0,$0,$0,$1,$-133,$-15,$0,$-15,$-745,$-745,$-143,$-12,$-915,$-69,$47,$-143
29,2011-06-30,71.66,$66.45,1.08,$118.52,0.6,$23.18,3.09,$8.55,8.38,$5.18B,$2.67B,1.94,$4.13B,$7.02B,0.59,$13.17B,$1.43B,10.84%,$13.17B,$1.43B,10.84%,$13.17B,$1.43B,10.84%,$13.17B,$1.73B,13.12%,$13.17B,$1.20B,9.12%,$13.17B,$0.95B,7.21%,$0.95B,$7.02B,13.66%,$0.95B,$-2.23B,-42.05%,$0.95B,$15.58B,6.12%,$1.43B,$11.14B,13.09%,$3766,$3362,$404,$0,$0,$3362,$404,$-51,$353,$107,$246,$246,$242,$485,$404,$106,107,$2.28,$2.26,$548,$352,$194,$5184,$913,$0,$9240,$204,$10393,$15577,$2671,$4126,$475,$5891,$8562,$4961,$5225,$-175,$7015,$15577,$453,$157,$170,$327,$67,$-41,$42,$-289,$-261,$519,$-77,$0,$-15,$0,$0,$0,$3,$-89,$-15,$0,$-15,$-388,$-388,$-97,$-4,$-504,$-59,$34,$-97
30,2011-03-31,63.83,$64.51,0.99,$117.44,0.54,$23.57,2.71,$8.24,7.75,$5.18B,$2.78B,1.86,$4.13B,$6.93B,0.6,$13.37B,$1.47B,10.96%,$13.37B,$1.47B,10.96%,$13.37B,$1.47B,10.96%,$13.37B,$1.76B,13.13%,$13.37B,$1.21B,9.07%,$13.37B,$0.93B,6.99%,$0.93B,$6.93B,13.48%,$0.93B,$-2.31B,-41.86%,$0.93B,$15.57B,6.02%,$1.47B,$11.05B,13.68%,$3601,$3211,$390,$0,$0,$3211,$390,$-79,$311,$104,$207,$207,$203,$466,$390,$109,110,$1.87,$1.85,$548,$341,$198,$5179,$916,$0,$9232,$204,$10391,$15570,$2782,$4126,$483,$5862,$8644,$4863,$5031,$-195,$6926,$15570,$207,$76,$88,$164,$38,$-32,$116,$-258,$-151,$220,$-34,$0,$0,$0,$0,$0,$0,$-34,$-96,$81,$-15,$-185,$-185,$-49,$-8,$-257,$-59,$15,$-49
31,2010-12-31,57.13,$63.11,0.91,$115.55,0.49,$23.97,2.38,$8.26,6.92,$5.08B,$2.73B,1.86,$4.13B,$6.86B,0.6,$13.39B,$1.49B,11.09%,$13.39B,$1.49B,11.09%,$13.39B,$1.49B,11.09%,$13.39B,$1.77B,13.25%,$13.39B,$1.25B,9.35%,$13.39B,$0.95B,7.09%,$0.95B,$6.86B,13.78%,$0.95B,$-2.35B,-45.42%,$0.95B,$15.45B,6.17%,$1.49B,$10.98B,14.14%,$1965,$1769,$196,$0,$0,$1769,$196,$-30,$166,$36,$130,$130,$267,$257,$196,$114,115,$2.37,$2.36,$607,$303,$207,$5078,$923,$0,$9200,$211,$10373,$15451,$2733,$4126,$486,$5863,$8596,$4801,$4877,$-256,$6855,$15451,$966,$289,$152,$441,$-134,$2,$-13,$-133,$-137,$1270,$-168,$0,$-754,$0,$-23,$-23,$1,$-944,$-3,$0,$-3,$-706,$-706,$-184,$-24,$-917,$-409,$73,$-184
32,2010-09-30,58.25,$61.88,0.94,$134.32,0.43,$24.83,2.35,$7.82,7.45,$5.10B,$3.31B,1.54,$3.44B,$7.00B,0.49,$15.63B,$1.73B,11.09%,$15.63B,$1.73B,11.09%,$15.63B,$1.73B,11.09%,$15.63B,$2.04B,13.05%,$15.63B,$1.45B,9.29%,$15.63B,$0.91B,5.81%,$0.91B,$7.00B,13.26%,$0.91B,$-2.15B,-45.81%,$0.91B,$15.38B,5.95%,$1.73B,$10.44B,16.59%,$3835,$3398,$437,$0,$0,$3398,$437,$-66,$371,$130,$241,$241,$237,$520,$437,$114,115,$2.08,$2.07,$650,$321,$140,$5095,$884,$0,$9152,$209,$10287,$15382,$3311,$3439,$501,$5071,$8382,$4705,$4654,$-156,$7000,$15382,$694,$228,$218,$446,$-91,$-19,$12,$-207,$-156,$984,$-91,$0,$-710,$0,$-20,$-20,$2,$-819,$-3,$0,$-3,$-365,$-365,$-139,$-15,$-522,$-366,$67,$-139
33,2010-06-30,56.77,$60.31,0.94,$133.72,0.42,$24.34,2.33,$7.87,7.21,$5.49B,$3.73B,1.47,$3.44B,$6.93B,0.5,$15.64B,$1.72B,10.97%,$15.64B,$1.72B,10.97%,$15.64B,$1.72B,10.97%,$15.64B,$2.01B,12.88%,$15.64B,$1.43B,9.17%,$15.64B,$0.92B,5.88%,$0.92B,$6.93B,13.70%,$0.92B,$-2.12B,-46.53%,$0.92B,$15.69B,6.05%,$1.72B,$10.37B,16.46%,$3966,$3524,$442,$0,$0,$3524,$442,$-77,$365,$134,$231,$231,$227,$512,$442,$115,117,$1.97,$1.95,$1023,$290,$138,$5494,$893,$0,$9047,$208,$10195,$15689,$3730,$3439,$424,$5033,$8763,$4657,$4463,$-209,$6926,$15689,$453,$145,$184,$329,$-139,$3,$8,$-206,$-193,$589,$-63,$0,$-616,$0,$-9,$-9,$0,$-688,$397,$0,$397,$-167,$-167,$-93,$-5,$132,$7,$42,$-93
34,2010-03-31,73.1,$58.76,1.24,$133.21,0.55,$23.64,3.09,$7.82,9.35,$5.47B,$3.30B,1.66,$3.44B,$6.80B,0.51,$15.60B,$1.69B,10.83%,$15.60B,$1.69B,10.83%,$15.60B,$1.69B,10.83%,$15.60B,$1.99B,12.78%,$15.60B,$1.42B,9.12%,$15.60B,$0.92B,5.86%,$0.92B,$6.80B,14.02%,$0.92B,$-1.75B,-45.17%,$0.92B,$15.09B,6.11%,$1.69B,$10.23B,16.34%,$3624,$3214,$410,$0,$0,$3214,$410,$-60,$350,$128,$222,$222,$219,$485,$410,$116,117,$1.89,$1.87,$1135,$262,$135,$5466,$834,$0,$8545,$203,$9626,$15092,$3298,$3437,$416,$4998,$8296,$4544,$4281,$-174,$6796,$15092,$222,$75,$78,$153,$-157,$-10,$87,$-75,$-104,$271,$-26,$0,$-1,$0,$-9,$-9,$1,$-35,$0,$0,$0,$-61,$-61,$-47,$4,$-104,$119,$19,$-47
35,2009-12-31,69.07,$57.74,1.2,$132.81,0.52,$22.49,3.07,$7.61,9.08,$5.21B,$2.54B,2.05,$4.11B,$6.66B,0.62,$15.62B,$1.66B,10.61%,$15.62B,$1.66B,10.61%,$15.62B,$1.66B,10.61%,$15.62B,$1.96B,12.55%,$15.62B,$1.39B,8.88%,$15.62B,$0.89B,5.72%,$0.89B,$6.66B,14.16%,$0.89B,$-1.91B,-40.01%,$0.89B,$14.88B,6.02%,$1.66B,$10.77B,16.19%,$4208,$3763,$445,$0,$0,$3763,$445,$-79,$366,$136,$230,$230,$225,$523,$445,$117,117,$1.95,$1.93,$1016,$258,$148,$5213,$854,$0,$8567,$194,$9662,$14875,$2544,$4112,$470,$5671,$8215,$4449,$4108,$-166,$6660,$14875,$911,$304,$284,$588,$107,$14,$-118,$-24,$-92,$1407,$-182,$0,$-90,$0,$0,$0,$0,$-272,$246,$-650,$-404,$-411,$-411,$-165,$-25,$-1005,$149,$74,$-165
36,2009-09-30,63.51,$55.57,1.14,$129.74,0.49,$21.73,2.92,$7.89,8.05,$5.41B,$3.31B,1.64,$3.86B,$6.45B,0.6,$15.42B,$1.63B,10.55%,$15.42B,$1.63B,10.55%,$15.42B,$1.63B,10.55%,$15.42B,$1.92B,12.42%,$15.42B,$1.37B,8.86%,$15.42B,$0.93B,6.03%,$0.93B,$6.45B,15.16%,$0.93B,$-2.12B,-39.01%,$0.93B,$15.07B,6.30%,$1.63B,$10.31B,16.04%,$3842,$3424,$418,$0,$0,$3424,$418,$-65,$353,$100,$253,$253,$248,$494,$418,$116,117,$2.13,$2.12,$1191,$258,$127,$5413,$838,$0,$8578,$204,$9655,$15068,$3307,$3860,$424,$5307,$8614,$4345,$3922,$-190,$6454,$15068,$681,$226,$197,$423,$-18,$-3,$10,$-104,$-126,$978,$-125,$0,$-86,$0,$0,$0,$0,$-211,$0,$0,$0,$-334,$-334,$-124,$-6,$-464,$324,$53,$-124
37,2009-06-30,54.61,$53.46,1.02,$126.92,0.43,$21.79,2.51,$7.50,7.28,$5.23B,$3.36B,1.56,$3.85B,$6.20B,0.62,$15.24B,$1.61B,10.56%,$15.24B,$1.61B,10.56%,$15.24B,$1.61B,10.56%,$15.24B,$1.88B,12.34%,$15.24B,$1.35B,8.85%,$15.24B,$0.89B,5.83%,$0.89B,$6.20B,14.66%,$0.89B,$-2.32B,-35.76%,$0.89B,$14.84B,6.05%,$1.61B,$10.06B,15.71%,$3929,$3512,$417,$0,$0,$3512,$417,$-63,$354,$127,$227,$227,$223,$492,$417,$117,117,$1.91,$1.90,$897,$267,$124,$5233,$830,$0,$8526,$209,$9603,$14836,$3359,$3854,$432,$5274,$8633,$4286,$3713,$-268,$6203,$14836,$428,$150,$135,$285,$-83,$-9,$70,$-137,$-185,$528,$-80,$0,$-82,$0,$0,$0,$0,$-162,$0,$0,$0,$-264,$-264,$-84,$2,$-346,$30,$35,$-84
38,2009-03-31,53.12,$50.82,1.05,$123.53,0.43,$22.48,2.36,$7.84,6.78,$5.00B,$3.42B,1.46,$3.85B,$5.91B,0.65,$15.03B,$1.57B,10.43%,$15.03B,$1.69B,11.26%,$15.03B,$1.69B,11.26%,$15.03B,$1.95B,12.97%,$15.03B,$1.44B,9.55%,$15.03B,$0.94B,6.24%,$0.94B,$5.91B,15.58%,$0.94B,$-2.57B,-36.42%,$0.94B,$14.57B,6.43%,$1.69B,$9.76B,16.32%,$3636,$3260,$376,$0,$0,$3260,$376,$-63,$313,$112,$201,$201,$197,$451,$376,$118,119,$1.66,$1.66,$638,$266,$138,$5003,$825,$0,$8487,$209,$9562,$14565,$3418,$3849,$424,$5234,$8652,$4187,$3530,$-337,$5913,$14565,$201,$75,$63,$138,$-101,$-10,$99,$-154,$-187,$152,$-40,$0,$-82,$0,$0,$0,$0,$-122,$0,$0,$0,$-214,$-214,$-42,$0,$-256,$-229,$17,$-42
39,2008-12-31,57.54,$50.08,1.15,$121.18,0.47,$21.98,2.62,$7.72,7.45,$4.96B,$2.71B,1.83,$4.49B,$5.94B,0.76,$14.90B,$1.56B,10.46%,$14.90B,$1.69B,11.31%,$14.90B,$1.69B,11.31%,$14.90B,$1.93B,12.94%,$14.90B,$1.42B,9.55%,$14.90B,$0.93B,6.23%,$0.93B,$5.94B,15.42%,$0.93B,$-2.51B,-35.67%,$0.93B,$14.48B,6.38%,$1.69B,$10.43B,15.97%,$4011,$3595,$416,$0,$0,$3595,$416,$-70,$346,$99,$247,$247,$261,$478,$416,$121,122,$2.19,$2.17,$867,$259,$131,$4961,$821,$0,$8446,$212,$9523,$14484,$2707,$4493,$414,$5836,$8543,$4136,$3373,$-332,$5941,$14484,$949,$243,$348,$591,$49,$-25,$31,$-353,$-153,$1387,$-203,$0,$-220,$0,$0,$0,$-9,$-432,$0,$0,$0,$-685,$-685,$0,$-155,$-840,$87,$64,$0
40,2008-09-30,76.35,$50.99,1.5,$118.56,0.64,$21.19,3.6,$7.14,10.69,$5.01B,$2.67B,1.88,$4.54B,$6.18B,0.74,$14.70B,$1.54B,10.47%,$14.70B,$1.67B,11.33%,$14.70B,$1.67B,11.33%,$14.70B,$1.93B,13.16%,$14.70B,$1.40B,9.51%,$14.70B,$0.86B,5.85%,$0.86B,$6.18B,14.23%,$0.86B,$-2.53B,-32.63%,$0.86B,$14.78B,5.91%,$1.67B,$10.71B,15.75%,$3662,$3262,$400,$0,$0,$3262,$400,$-65,$335,$123,$212,$212,$207,$459,$400,$121,122,$1.71,$1.70,$857,$279,$108,$5014,$793,$0,$8705,$223,$9768,$14782,$2672,$4538,$488,$5935,$8607,$3990,$3179,$104,$6175,$14782,$682,$181,$309,$490,$-2,$-32,$171,$-275,$-141,$1031,$-134,$0,$-224,$0,$0,$0,$6,$-352,$0,$0,$0,$-483,$-483,$-111,$-1,$-595,$77,$48,$-111
41,2008-06-30,70.36,$50.16,1.4,$115.72,0.61,$20.42,3.45,$6.97,10.09,$4.77B,$2.56B,1.86,$4.54B,$6.06B,0.75,$14.48B,$1.51B,10.43%,$14.48B,$1.64B,11.30%,$14.48B,$1.64B,11.30%,$14.48B,$1.90B,13.13%,$14.48B,$1.37B,9.43%,$14.48B,$0.85B,5.88%,$0.85B,$6.06B,14.27%,$0.85B,$-2.69B,-31.87%,$0.85B,$14.52B,5.91%,$1.64B,$10.60B,15.58%,$3722,$3347,$375,$0,$0,$3221,$501,$-59,$442,$164,$278,$278,$273,$562,$501,$122,124,$2.24,$2.21,$622,$281,$145,$4765,$774,$0,$8752,$180,$9756,$14521,$2556,$4537,$494,$5906,$8462,$3920,$3004,$160,$6059,$14521,$470,$122,$220,$342,$-29,$-27,$81,$-231,$-184,$628,$-71,$0,$-218,$0,$0,$0,$14,$-275,$0,$0,$0,$-441,$-441,$-74,$-1,$-516,$-158,$30,$-74
42,2008-03-31,84.43,$48.41,1.74,$112.54,0.75,$20.23,4.17,$6.22,13.57,$4.86B,$2.68B,1.81,$4.54B,$5.92B,0.77,$14.17B,$1.49B,10.52%,$14.17B,$1.49B,10.52%,$14.17B,$1.49B,10.52%,$14.17B,$1.75B,12.33%,$14.17B,$1.21B,8.54%,$14.17B,$0.77B,5.41%,$0.77B,$5.92B,13.05%,$0.77B,$-2.69B,-28.26%,$0.77B,$14.49B,5.38%,$1.49B,$10.46B,14.32%,$3506,$3138,$368,$0,$0,$3138,$368,$-68,$300,$108,$192,$192,$188,$429,$368,$123,124,$1.53,$1.51,$536,$267,$138,$4858,$754,$0,$8615,$205,$9627,$14485,$2679,$4537,$503,$5882,$8561,$3814,$2763,$155,$5924,$14485,$192,$61,$69,$130,$-149,$-14,$94,$-143,$-229,$93,$-38,$0,$-17,$0,$0,$0,$3,$-52,$0,$0,$0,$-252,$-252,$-37,$0,$-289,$-244,$15,$-37
43,2007-12-31,81.58,$48.23,1.69,$110.47,0.74,$21.34,3.82,$5.97,13.67,$4.76B,$2.58B,1.85,$4.54B,$5.99B,0.76,$13.96B,$1.45B,10.37%,$13.96B,$1.45B,10.37%,$13.96B,$1.45B,10.37%,$13.96B,$1.70B,12.16%,$13.96B,$1.17B,8.34%,$13.96B,$0.74B,5.30%,$0.74B,$5.99B,12.89%,$0.74B,$-2.62B,-26.64%,$0.74B,$14.39B,5.29%,$1.45B,$10.53B,14.09%,$3806,$3410,$396,$0,$0,$3410,$396,$-76,$320,$115,$205,$205,$191,$484,$396,$125,126,$1.53,$1.52,$780,$249,$110,$4763,$754,$0,$8606,$212,$9628,$14391,$2582,$4537,$501,$5820,$8402,$3753,$2608,$153,$5989,$14391,$754,$249,$280,$529,$-51,$4,$90,$-288,$-13,$1270,$-149,$0,$-235,$0,$0,$0,$-4,$-388,$0,$0,$0,$-472,$-472,$0,$8,$-464,$432,$53,$0
44,2007-09-30,78.48,$46.87,1.67,$107.44,0.73,$19.83,3.96,$5.71,13.74,$4.63B,$2.45B,1.89,$4.54B,$5.88B,0.77,$13.54B,$1.39B,10.29%,$13.54B,$1.39B,10.29%,$13.54B,$1.39B,10.29%,$13.54B,$1.61B,11.88%,$13.54B,$1.12B,8.24%,$13.54B,$0.72B,5.34%,$0.72B,$5.88B,12.98%,$0.72B,$-2.68B,-25.05%,$0.72B,$14.21B,5.27%,$1.39B,$10.42B,13.78%,$3448,$3077,$371,$0,$0,$3077,$371,$-68,$303,$104,$199,$199,$199,$426,$371,$125,127,$1.58,$1.56,$725,$0,$95,$4628,$745,$0,$8562,$213,$9579,$14206,$2450,$4536,$497,$5874,$8324,$3651,$2432,$114,$5882,$14206,$549,$161,$249,$410,$7,$-7,$80,$-213,$-24,$935,$-99,$0,$-203,$0,$0,$0,$-6,$-308,$0,$0,$0,$-175,$-175,$-94,$6,$-263,$377,$36,$-94
45,2007-06-30,74.63,$45.45,1.64,$105.05,0.71,$18.30,4.08,$5.46,13.67,$4.33B,$2.31B,1.87,$4.54B,$5.69B,0.8,$13.20B,$1.36B,10.27%,$13.20B,$1.36B,10.27%,$13.20B,$1.36B,10.27%,$13.20B,$1.56B,11.84%,$13.20B,$1.07B,8.12%,$13.20B,$0.69B,5.21%,$0.69B,$5.69B,12.82%,$0.69B,$-2.86B,-22.97%,$0.69B,$13.87B,5.12%,$1.36B,$10.22B,13.65%,$3407,$3052,$355,$0,$0,$3052,$355,$-68,$287,$99,$188,$188,$188,$408,$355,$125,126,$1.51,$1.49,$531,$0,$93,$4325,$744,$0,$8543,$198,$9546,$13871,$2313,$4536,$499,$5871,$8183,$3588,$2265,$60,$5687,$13871,$350,$106,$159,$265,$43,$-6,$24,$-174,$-5,$610,$-65,$0,$-195,$0,$0,$0,$1,$-259,$0,$0,$0,$-120,$-120,$-63,$9,$-174,$183,$23,$-63
46,2007-03-31,66.85,$43.29,1.54,$102.94,0.65,$17.28,3.87,$4.37,15.3,$4.12B,$2.27B,1.82,$4.54B,$5.41B,0.84,$12.87B,$1.32B,10.23%,$12.87B,$1.15B,8.92%,$12.87B,$1.15B,8.92%,$12.87B,$1.35B,10.51%,$12.87B,$0.86B,6.68%,$12.87B,$0.55B,4.27%,$0.55B,$5.41B,10.68%,$0.55B,$-2.96B,-17.84%,$0.55B,$13.46B,4.17%,$1.15B,$9.95B,11.77%,$3300,$2974,$326,$0,$0,$2974,$326,$-71,$255,$93,$162,$162,$162,$379,$326,$125,126,$1.30,$1.29,$387,$0,$100,$4119,$729,$0,$8370,$182,$9346,$13464,$2268,$4535,$469,$5786,$8053,$3474,$2108,$5,$5411,$13464,$162,$53,$69,$122,$21,$-17,$0,$-113,$-60,$224,$-28,$0,$-22,$0,$0,$0,$1,$-49,$0,$0,$0,$-111,$-111,$-31,$6,$-136,$39,$11,$-31
47,2006-12-31,62.33,$42.37,1.47,$100.30,0.62,$17.03,3.66,$4.21,14.8,$3.93B,$2.38B,1.65,$4.54B,$5.31B,0.86,$12.48B,$1.28B,10.25%,$12.48B,$1.11B,8.90%,$12.48B,$1.11B,8.90%,$12.48B,$1.31B,10.50%,$12.48B,$0.83B,6.61%,$12.48B,$0.53B,4.22%,$0.53B,$5.31B,10.60%,$0.53B,$-3.05B,-16.97%,$0.53B,$13.29B,4.08%,$1.11B,$9.84B,11.57%,$3385,$3045,$341,$0,$-0,$3044,$341,$-70,$271,$97,$174,$174,$174,$396,$341,$123,125,$1.39,$1.38,$348,$238,$87,$3930,$736,$0,$8354,$201,$9357,$13287,$2376,$4535,$305,$5604,$7981,$3402,$1979,$-49,$5306,$13287,$526,$199,$321,$520,$-34,$8,$-8,$-131,$27,$1074,$-154,$0,$-943,$0,$0,$0,$6,$-1091,$0,$-100,$-100,$109,$109,$-93,$55,$-29,$-46,$78,$-93
