,Date,Stock Price,Book Value per Share,Price to Book Ratio,TTM Sales per Share,Price to Sales Ratio,TTM FCF per Share,Price to FCF Ratio,TTM Net EPS,PE Ratio,Current Assets,Current Liabilities,Current Ratio,Long Term Debt,Shareholder's Equity_x,Debt to Equity Ratio,TTM Revenue_x,TTM Gross Profit,Gross Margin,TTM Revenue_y,TTM Operating Income,Operating Margin,TTM Revenue_x,TTM EBIT,EBIT Margin,TTM Revenue_y,TTM EBITDA,EBITDA Margin,TTM Revenue_x,TTM Pre-Tax Income,Pre-Tax Margin,TTM Revenue_y,TTM Net Income_x,Net Margin,TTM Net Income_y,Shareholder's Equity_y,Return on Equity,TTM Net Income_x,Tangible Equity,Return on Tangible Equity,TTM Net Income_y,Total Assets,Return on Assets,TTM Net Income,LT Investments & Debt,Return on Investment,revenue,cost-goods-sold,gross-profit,research-development-expenses,selling-general-administrative-expenses,operating-expenses,operating-income,total-non-operating-income-expense,pre-tax-income,total-provision-income-taxes,income-after-taxes,income-from-continuous-operations,net-income,ebitda,ebit,basic-shares-outstanding,shares-outstanding,eps-basic-net-earnings-per-share,eps-earnings-per-share-diluted,cash-on-hand,inventory,other-current-assets,total-current-assets,net-property-plant-equipment,long-term-investments,goodwill-intangible-assets-total,other-long-term-assets,total-long-term-assets,total-assets,total-current-liabilities,long-term-debt,other-non-current-liabilities,total-long-term-liabilities,total-liabilities,common-stock-net,retained-earnings-accumulated-deficit,comprehensive-income,total-share-holder-equity,total-liabilities-share-holders-equity,net-income-loss,total-depreciation-amortization-cash-flow,other-non-cash-items,total-non-cash-items,change-in-accounts-receivable,change-in-inventories,change-in-accounts-payable,change-in-assets-liabilities,total-change-in-assets-liabilities,cash-flow-from-operating-activities,net-change-in-property-plant-equipment,net-change-in-intangible-assets,net-acquisitions-divestitures,net-change-in-short-term-investments,net-change-in-long-term-investments,net-change-in-investments-total,investing-activities-other,cash-flow-from-investing-activities,net-long-term-debt,net-current-debt,debt-issuance-retirement-net-total,net-common-equity-issued-repurchased,net-total-equity-issued-repurchased,total-common-preferred-stock-dividends-paid,financial-activities-other,cash-flow-from-financial-activities,net-cash-flow,stock-based-compensation,common-stock-dividends-paid
0,2018-09-30,107.31,$13.36,8.03,$23.36,4.59,$9.09,11.81,$0.45,238.47,$20.69B,$10.83B,1.91,$11.68B,$14.15B,0.83,$24.28B,$17.88B,73.64%,$24.28B,$3.19B,13.13%,$24.28B,$3.19B,13.13%,$24.28B,$4.86B,20.03%,$24.28B,$3.14B,12.94%,$24.28B,$0.45B,1.85%,$0.45B,$14.15B,3.46%,$0.45B,$6.17B,9.37%,$0.45B,$44.63B,1.02%,$3.19B,$25.83B,13.83%,$6062,$1562,$4500,$1343,$1617,$4636,$1426,$-15,$1411,$262,$1150,$1150,$1150,$1842,$1426,$1020,1026,$1.13,$1.12,$9036,$4118,$0,$20686,$8814,$2006,$7978,$2009,$23939,$44625,$10827,$11675,$5288,$19648,$30474,$667,$14409,$-5440,$14151,$44625,$2107,$1264,$2344,$3607,$0,$0,$0,$-1638,$-1638,$4076,$-816,$0,$0,$2423,$2725,$5148,$-1767,$2565,$1476,$-2297,$-821,$-1391,$-1391,$-1739,$-314,$-4265,$2424,$207,$-1739
1,2018-06-30,84.86,$10.82,7.84,$22.81,3.72,$8.98,9.45,$-0.14,0.0,$18.33B,$13.06B,1.4,$9.17B,$11.62B,0.79,$23.87B,$17.45B,73.09%,$23.87B,$2.30B,9.65%,$23.87B,$2.30B,9.65%,$23.87B,$3.94B,16.48%,$23.87B,$2.32B,9.73%,$23.87B,$-0.14B,-0.60%,$-0.14B,$11.62B,-1.09%,$-0.14B,$3.52B,-2.97%,$-0.14B,$42.36B,-0.33%,$2.30B,$20.79B,10.09%,$6355,$1703,$4653,$1333,$1654,$6388,$-33,$38,$5,$265,$-260,$-260,$-260,$392,$-33,$1030,1030,$-0.25,$-0.25,$6910,$4156,$0,$18333,$8771,$2060,$8105,$1777,$24027,$42359,$13055,$9171,$5092,$17683,$30738,$674,$14247,$-6109,$11621,$42359,$958,$848,$2081,$2929,$0,$0,$0,$-1932,$-1932,$1954,$-547,$0,$0,$2385,$2719,$5103,$-1594,$2963,$-1002,$-249,$-1250,$-2051,$-2051,$-1167,$-230,$-4698,$281,$138,$-1167
2,2018-03-31,76.42,$13.44,5.69,$22.15,3.45,$9.12,8.38,$1.06,72.09,$16.26B,$11.55B,1.41,$9.39B,$14.59B,0.64,$23.34B,$17.05B,73.04%,$23.34B,$3.54B,15.15%,$23.34B,$3.54B,15.15%,$23.34B,$5.14B,22.02%,$23.34B,$3.58B,15.33%,$23.34B,$1.12B,4.82%,$1.12B,$14.59B,8.12%,$1.12B,$6.26B,21.22%,$1.12B,$44.36B,2.59%,$3.54B,$23.98B,14.96%,$5700,$1571,$4129,$1177,$1500,$4327,$1374,$68,$1441,$224,$1217,$1217,$1217,$1796,$1374,$1048,1050,$1.16,$1.16,$4790,$4631,$0,$16262,$8958,$5375,$8332,$1747,$28094,$44356,$11547,$9394,$5322,$18221,$29768,$681,$16608,$-5438,$14588,$44356,$1217,$423,$66,$489,$0,$0,$0,$-1270,$-1270,$437,$-237,$0,$0,$339,$-251,$87,$-21,$-170,$-800,$-1203,$-2003,$-1100,$-1100,$-587,$-176,$-3867,$-3452,$68,$-587
3,2017-12-31,82.82,$10.61,7.81,$21.67,3.82,$9.10,9.1,$-0.20,0.0,$19.20B,$14.54B,1.32,$9.94B,$11.67B,0.85,$22.87B,$16.80B,73.46%,$22.87B,$2.15B,9.38%,$22.87B,$2.15B,9.38%,$22.87B,$3.71B,16.23%,$22.87B,$2.20B,9.61%,$22.87B,$-0.20B,-0.89%,$-0.20B,$11.67B,-1.49%,$-0.20B,$3.27B,-4.05%,$-0.20B,$44.98B,-0.49%,$2.15B,$21.61B,9.30%,$6161,$1564,$4596,$1411,$1712,$5740,$420,$-136,$284,$1941,$-1657,$-1657,$-1657,$832,$420,$1052,1052,$-1.58,$-1.57,$8034,$4458,$0,$19202,$8827,$5679,$8399,$1708,$25779,$44981,$14536,$9941,$5323,$18777,$33313,$688,$13894,$-5719,$11668,$44981,$-204,$1567,$1048,$2615,$-357,$-254,$916,$-590,$3205,$5616,$-1036,$0,$-882,$1463,$-2026,$-563,$-1303,$-3784,$1601,$1398,$2999,$-300,$-300,$-2192,$-364,$143,$1954,$281,$-2192
4,2017-09-30,83.35,$13.59,6.13,$21.24,3.92,$8.40,9.92,$2.11,39.5,$17.43B,$12.67B,1.38,$9.93B,$14.96B,0.66,$22.47B,$16.50B,73.43%,$22.47B,$2.60B,11.57%,$22.47B,$2.60B,11.57%,$22.47B,$4.10B,18.25%,$22.47B,$2.81B,12.49%,$22.47B,$2.23B,9.90%,$2.23B,$14.96B,15.53%,$2.23B,$6.32B,39.37%,$2.23B,$43.01B,5.55%,$2.60B,$24.89B,11.17%,$5658,$1586,$4072,$1340,$1579,$5116,$542,$50,$592,$36,$556,$556,$556,$915,$542,$1053,1056,$0.53,$0.53,$6943,$4407,$0,$17428,$8599,$6149,$8637,$2198,$25582,$43010,$12667,$9927,$2999,$15383,$28050,$689,$16146,$-4609,$14961,$43010,$1453,$1155,$1789,$2945,$0,$0,$0,$-525,$-525,$3872,$-633,$0,$-882,$-654,$-2053,$-2706,$-1215,$-5437,$1601,$1227,$2828,$-200,$-200,$-1644,$-300,$685,$-858,$209,$-1644
5,2017-06-30,79.68,$12.87,6.19,$20.78,3.83,$7.43,10.73,$2.31,34.49,$15.75B,$11.30B,1.39,$9.87B,$14.17B,0.7,$22.01B,$16.22B,73.71%,$22.01B,$3.00B,13.65%,$22.01B,$3.00B,13.65%,$22.01B,$4.52B,20.55%,$22.01B,$3.19B,14.47%,$22.01B,$2.45B,11.12%,$2.45B,$14.17B,16.88%,$2.45B,$5.34B,42.09%,$2.45B,$40.95B,6.32%,$3.00B,$24.04B,12.98%,$5824,$1572,$4253,$1272,$1730,$4624,$1200,$60,$1261,$253,$1008,$1008,$1008,$1596,$1200,$1055,1057,$0.96,$0.95,$5434,$4346,$0,$15747,$8583,$5723,$8833,$2061,$25200,$40947,$11295,$9868,$3149,$15482,$26777,$689,$15590,$-4775,$14170,$40947,$897,$783,$1430,$2212,$0,$0,$0,$-1119,$-1119,$1991,$-391,$0,$-882,$-206,$-1251,$-1457,$-949,$-3679,$1602,$126,$1727,$-200,$-200,$-1096,$-247,$184,$-1512,$139,$-1096
6,2017-03-31,80.91,$12.78,6.33,$20.37,3.97,$6.65,12.16,$2.07,39.09,$12.98B,$10.45B,1.24,$7.64B,$14.10B,0.54,$21.59B,$15.91B,73.69%,$21.59B,$2.73B,12.63%,$21.59B,$2.73B,12.63%,$21.59B,$4.22B,19.57%,$21.59B,$2.87B,13.29%,$21.59B,$2.19B,10.13%,$2.19B,$14.10B,14.96%,$2.19B,$5.20B,36.85%,$2.19B,$37.62B,5.81%,$2.73B,$21.74B,11.87%,$5228,$1348,$3880,$1258,$1568,$5245,$-17,$78,$61,$172,$-111,$-111,$-111,$370,$-17,$1056,1056,$-0.10,$-0.10,$3506,$4035,$0,$12976,$8426,$5298,$8905,$2020,$24648,$37624,$10448,$7638,$2979,$13073,$23521,$690,$15877,$-5064,$14104,$37624,$-111,$387,$1059,$1446,$0,$0,$0,$-995,$-995,$340,$-169,$0,$-882,$879,$-418,$461,$-840,$-1430,$-630,$498,$-133,$0,$0,$-547,$-196,$-876,$-1965,$69,$-547
7,2016-12-31,70.28,$12.79,5.49,$19.99,3.52,$6.14,11.45,$2.58,27.24,$15.10B,$10.99B,1.38,$8.37B,$14.08B,0.59,$21.22B,$15.57B,73.35%,$21.22B,$3.46B,16.30%,$21.22B,$3.46B,16.30%,$21.22B,$4.96B,23.35%,$21.22B,$3.38B,15.90%,$21.22B,$2.74B,12.90%,$2.74B,$14.08B,18.44%,$2.74B,$5.75B,44.45%,$2.74B,$38.81B,7.42%,$3.46B,$22.45B,14.94%,$5761,$1466,$4295,$1451,$1790,$4884,$876,$16,$892,$120,$772,$772,$772,$1221,$876,$1058,1062,$0.72,$0.73,$6039,$3562,$0,$15101,$8253,$5208,$8331,$1914,$23705,$38806,$10987,$8368,$2917,$13739,$24725,$689,$16046,$-5274,$14081,$38806,$2738,$1497,$1101,$2598,$-709,$-328,$1124,$-266,$-484,$4851,$-964,$0,$-45,$315,$-2260,$-1945,$-185,$-3139,$1206,$1293,$2500,$-600,$-600,$-2159,$-301,$-560,$916,$255,$-2159
8,2016-09-30,76.2,$14.15,5.39,$19.61,3.89,$4.35,17.53,$2.30,33.13,$13.39B,$8.27B,1.62,$8.71B,$15.62B,0.56,$20.84B,$15.26B,73.23%,$20.84B,$2.91B,13.97%,$20.84B,$2.91B,13.96%,$20.84B,$4.41B,21.14%,$20.84B,$2.93B,14.05%,$20.84B,$2.44B,11.73%,$2.44B,$15.62B,16.32%,$2.44B,$6.97B,40.06%,$2.44B,$37.59B,6.77%,$2.91B,$24.32B,12.56%,$5192,$1401,$3791,$1236,$1565,$4248,$944,$27,$971,$193,$778,$778,$778,$1336,$944,$1058,1061,$0.74,$0.73,$4227,$3881,$0,$13386,$8252,$5027,$8646,$2279,$24204,$37590,$8273,$8707,$2917,$13702,$21975,$690,$16602,$-4258,$15616,$37590,$1966,$1152,$838,$1990,$0,$0,$0,$-1111,$-1111,$2845,$-627,$0,$-45,$820,$-2034,$-1214,$-75,$-1961,$1206,$-2,$1205,$-300,$-300,$-1617,$-232,$-945,$-177,$189,$-1617
9,2016-06-30,74.29,$13.28,5.6,$19.37,3.83,$3.46,21.47,$2.32,32.02,$12.98B,$8.40B,1.55,$8.69B,$14.66B,0.59,$20.61B,$15.19B,73.72%,$20.61B,$2.93B,14.21%,$20.61B,$2.93B,14.20%,$20.61B,$4.39B,21.30%,$20.61B,$3.01B,14.58%,$20.61B,$2.47B,11.97%,$2.47B,$14.66B,16.57%,$2.47B,$5.82B,41.09%,$2.47B,$36.48B,6.90%,$2.93B,$23.34B,12.77%,$5405,$1465,$3940,$1336,$1623,$4482,$923,$21,$945,$197,$748,$748,$748,$1297,$923,$1058,1060,$0.71,$0.71,$3935,$3760,$0,$12977,$8066,$4449,$8833,$2150,$23498,$36475,$8401,$8686,$2712,$13418,$21819,$690,$15824,$-4371,$14656,$36475,$1188,$759,$532,$1292,$0,$0,$0,$-1297,$-1297,$1183,$-400,$0,$-45,$660,$-1350,$-690,$-32,$-1166,$1207,$-1,$1205,$-300,$-300,$-1080,$-170,$-345,$-428,$127,$-1080
10,2016-03-31,67.48,$13.62,4.96,$18.95,3.56,$3.14,21.46,$2.17,31.1,$11.72B,$7.34B,1.6,$7.48B,$15.03B,0.5,$20.18B,$15.01B,74.39%,$20.18B,$2.88B,14.27%,$20.18B,$2.88B,14.27%,$20.18B,$4.34B,21.49%,$20.18B,$2.74B,13.58%,$20.18B,$2.32B,11.49%,$2.32B,$15.03B,15.57%,$2.32B,$6.10B,38.62%,$2.32B,$34.69B,6.50%,$2.88B,$22.51B,12.65%,$4865,$1323,$3542,$1221,$1474,$4149,$716,$-149,$567,$127,$440,$440,$440,$1101,$716,$1060,1063,$0.42,$0.41,$2995,$3740,$0,$11715,$8033,$3764,$8935,$2245,$22977,$34692,$7341,$7478,$2737,$12322,$19662,$690,$16155,$-4265,$15029,$34692,$440,$386,$338,$724,$0,$0,$0,$-1383,$-1383,$-219,$-154,$0,$0,$423,$-378,$45,$-37,$-145,$0,$-1,$-1,$-300,$-300,$-538,$-85,$-924,$-1359,$62,$-538
11,2015-12-31,78.42,$13.20,5.94,$18.73,4.19,$3.24,24.21,$2.26,34.7,$12.57B,$8.23B,1.53,$7.97B,$14.59B,0.55,$19.96B,$14.92B,74.75%,$19.96B,$2.69B,13.47%,$19.96B,$2.69B,13.47%,$19.96B,$4.12B,20.63%,$19.96B,$2.79B,13.98%,$19.96B,$2.41B,12.07%,$2.41B,$14.59B,16.20%,$2.41B,$5.52B,40.19%,$2.41B,$35.57B,6.71%,$2.69B,$22.56B,11.83%,$5376,$1389,$3986,$1444,$1798,$5048,$328,$117,$445,$-34,$478,$478,$478,$671,$328,$1062,1066,$0.45,$0.45,$4452,$3446,$0,$12574,$8054,$3647,$9075,$2221,$22995,$35569,$8230,$7972,$2616,$12749,$20979,$691,$16012,$-4581,$14590,$35569,$2408,$1428,$268,$1695,$-305,$-736,$208,$-289,$-1139,$2965,$-974,$410,$-5283,$1320,$-158,$1162,$4712,$27,$2499,$-2681,$-182,$-750,$-750,$-2127,$-53,$-3111,$-205,$218,$-2127
12,2015-09-30,77.4,$13.75,5.63,$18.45,4.2,$4.45,17.38,$2.21,35.02,$12.57B,$8.30B,1.51,$8.07B,$15.24B,0.53,$19.71B,$14.80B,75.12%,$19.71B,$2.67B,13.55%,$19.71B,$2.67B,13.55%,$19.71B,$4.10B,20.78%,$19.71B,$2.86B,14.51%,$19.71B,$2.36B,11.98%,$2.36B,$15.24B,15.66%,$2.36B,$6.57B,32.32%,$2.36B,$36.31B,6.54%,$2.67B,$23.31B,11.99%,$4960,$1237,$3723,$1143,$1576,$3998,$961,$87,$1048,$248,$800,$800,$800,$1320,$961,$1061,1065,$0.75,$0.75,$4319,$3418,$0,$12567,$8075,$4102,$8671,$2890,$23738,$36305,$8303,$8070,$2333,$12761,$21064,$693,$16857,$-4667,$15241,$36305,$1930,$1084,$-362,$723,$0,$0,$0,$-684,$-684,$1969,$-686,$410,$-5288,$822,$-402,$420,$4917,$-227,$2504,$-2681,$-177,$-497,$-497,$-1594,$28,$-2240,$-633,$159,$-1594
13,2015-06-30,76.76,$13.27,5.79,$18.33,4.19,$5.36,14.33,$1.93,39.77,$12.35B,$8.23B,1.5,$7.99B,$14.71B,0.54,$19.62B,$14.69B,74.86%,$19.62B,$2.31B,11.76%,$19.62B,$2.31B,11.76%,$19.62B,$3.72B,18.94%,$19.62B,$2.47B,12.58%,$19.62B,$2.06B,10.50%,$2.06B,$14.71B,13.14%,$2.06B,$5.84B,23.18%,$2.06B,$36.04B,5.78%,$2.31B,$22.69B,10.40%,$4979,$1218,$3760,$1170,$1635,$4103,$875,$-196,$680,$79,$601,$601,$601,$1244,$875,$1062,1066,$0.57,$0.56,$4231,$3288,$0,$12346,$8023,$4099,$8868,$2701,$23691,$36037,$8232,$7989,$2481,$13099,$21331,$693,$16115,$-4403,$14705,$36037,$1130,$726,$-412,$314,$0,$0,$-888,$307,$-581,$864,$-413,$410,$-5277,$697,$-82,$615,$5008,$343,$2505,$-2679,$-174,$-436,$-436,$-1068,$33,$-1644,$-556,$105,$-1068
14,2015-03-31,66.34,$13.47,4.93,$18.24,3.64,$5.74,11.56,$2.05,32.36,$11.74B,$8.34B,1.41,$7.42B,$14.95B,0.5,$19.58B,$14.68B,74.96%,$19.58B,$2.32B,11.84%,$19.58B,$2.32B,11.84%,$19.58B,$3.71B,18.93%,$19.58B,$2.73B,13.93%,$19.58B,$2.19B,11.21%,$2.19B,$14.95B,13.29%,$2.19B,$6.05B,20.38%,$2.19B,$35.65B,6.20%,$2.32B,$22.36B,10.38%,$4645,$1193,$3452,$1039,$1524,$4120,$525,$93,$618,$88,$530,$530,$530,$883,$525,$1064,1067,$0.50,$0.50,$4140,$2980,$0,$11743,$7951,$4577,$8895,$2489,$23911,$35654,$8343,$7415,$2428,$12365,$20707,$694,$16707,$-4658,$14947,$35654,$530,$358,$-58,$299,$0,$0,$0,$-914,$-914,$-85,$-189,$410,$-5277,$341,$-328,$13,$5203,$161,$2182,$-2089,$93,$-311,$-311,$-528,$44,$-701,$-807,$49,$-528
15,2014-12-31,62.55,$13.86,4.51,$18.24,3.43,$6.06,10.32,$2.23,28.05,$11.93B,$9.74B,1.23,$5.33B,$15.39B,0.35,$19.62B,$14.68B,74.85%,$19.62B,$2.66B,13.56%,$19.62B,$2.66B,13.56%,$19.62B,$4.04B,20.59%,$19.62B,$3.00B,15.30%,$19.62B,$2.39B,12.19%,$2.39B,$15.39B,13.78%,$2.39B,$10.75B,18.71%,$2.39B,$36.31B,6.80%,$2.66B,$20.72B,11.74%,$5121,$1253,$3868,$1186,$1800,$4813,$309,$205,$514,$85,$429,$429,$429,$648,$309,$1070,1074,$0.40,$0.40,$4827,$2740,$0,$11928,$7964,$4569,$4642,$7204,$24379,$36308,$9741,$5333,$3283,$11179,$20920,$695,$16483,$-3992,$15388,$36308,$2391,$1379,$1014,$2393,$117,$-307,$-809,$673,$-326,$4458,$-1147,$-308,$-551,$2416,$1207,$3623,$-5525,$-3909,$-42,$2681,$2639,$-800,$-800,$-2101,$96,$-166,$41,$156,$-2101
16,2014-09-30,58.37,$15.88,3.68,$18.83,3.1,$7.50,7.78,$2.50,23.35,$12.11B,$7.58B,1.6,$5.29B,$17.68B,0.3,$20.30B,$15.24B,75.04%,$20.30B,$3.23B,15.91%,$20.30B,$3.23B,15.91%,$20.30B,$4.62B,22.76%,$20.30B,$3.40B,16.73%,$20.30B,$2.69B,13.25%,$2.69B,$17.68B,15.01%,$2.69B,$12.93B,20.03%,$2.69B,$34.65B,7.70%,$3.23B,$22.98B,14.09%,$4876,$1267,$3609,$1243,$1672,$4277,$598,$57,$656,$155,$501,$501,$501,$941,$598,$1070,1074,$0.47,$0.47,$4810,$2845,$0,$12111,$8043,$7406,$4751,$2339,$22538,$34649,$7575,$5293,$2575,$9392,$16966,$697,$17407,$-2552,$17683,$34649,$1962,$1040,$564,$1604,$0,$0,$0,$-548,$-548,$3018,$-754,$0,$0,$1260,$-1281,$-21,$-955,$-1730,$-41,$305,$264,$-500,$-500,$-1576,$109,$-1704,$-664,$115,$-1576
17,2014-06-30,55.51,$16.11,3.45,$19.62,2.83,$8.58,6.47,$3.14,17.68,$13.16B,$7.42B,1.77,$5.30B,$18.00B,0.3,$21.20B,$16.20B,76.43%,$21.20B,$4.18B,19.70%,$21.20B,$4.18B,19.70%,$21.20B,$5.57B,26.29%,$21.20B,$4.25B,20.07%,$21.20B,$3.39B,16.00%,$3.39B,$18.00B,19.14%,$3.39B,$13.33B,25.49%,$3.39B,$35.02B,9.76%,$4.18B,$23.30B,18.58%,$4936,$1190,$3746,$1195,$1664,$4049,$887,$54,$940,$207,$734,$734,$734,$1235,$887,$1072,1076,$0.68,$0.68,$5127,$3190,$0,$13157,$8101,$6650,$4670,$2441,$21862,$35018,$7417,$5301,$2777,$9606,$17024,$699,$17204,$-1935,$17995,$35018,$1461,$697,$189,$886,$0,$0,$0,$-1021,$-1021,$1326,$-457,$0,$-551,$1085,$-55,$1031,$-103,$-81,$-41,$2,$-39,$-200,$-200,$-1051,$-8,$-1298,$-65,$77,$-1051
18,2014-03-31,52.13,$16.39,3.18,$20.50,2.54,$9.36,5.57,$3.57,14.6,$13.04B,$6.63B,1.97,$5.26B,$18.35B,0.29,$22.20B,$17.22B,77.59%,$22.20B,$4.79B,21.59%,$22.20B,$4.79B,21.59%,$22.20B,$6.21B,27.96%,$22.20B,$4.83B,21.76%,$22.20B,$3.86B,17.41%,$3.86B,$18.35B,22.69%,$3.86B,$14.15B,30.53%,$3.86B,$34.76B,11.27%,$4.79B,$23.60B,22.26%,$4683,$1223,$3460,$1109,$1485,$3817,$866,$25,$891,$163,$728,$728,$728,$1215,$866,$1073,1076,$0.68,$0.68,$5212,$2969,$0,$13039,$7971,$7205,$4203,$2339,$21718,$34757,$6632,$5255,$2968,$9777,$16408,$700,$17665,$-1957,$18349,$34757,$728,$349,$113,$462,$0,$0,$0,$-918,$-918,$272,$-202,$0,$0,$764,$-137,$627,$-37,$388,$-9,$0,$-9,$-55,$-55,$-524,$-7,$-595,$58,$38,$-524
19,2013-12-31,44.76,$15.80,2.83,$21.28,2.1,$9.50,4.71,$4.31,10.38,$13.11B,$8.92B,1.47,$4.20B,$17.64B,0.24,$23.11B,$18.21B,78.77%,$23.11B,$5.37B,23.24%,$23.11B,$5.37B,23.24%,$23.11B,$6.82B,29.49%,$23.11B,$5.89B,25.48%,$23.11B,$4.68B,20.26%,$4.68B,$17.64B,28.95%,$4.68B,$13.31B,40.02%,$4.68B,$35.25B,13.91%,$5.37B,$21.84B,26.23%,$5809,$1387,$4422,$1475,$1954,$4930,$879,$31,$910,$182,$728,$728,$728,$1230,$879,$1081,1085,$0.68,$0.68,$5397,$2929,$0,$13105,$7976,$7625,$4331,$2213,$22144,$35249,$8917,$4200,$2942,$8691,$17608,$699,$16992,$-2003,$17641,$35249,$4685,$1446,$-2,$1443,$-153,$-287,$-70,$117,$-393,$5735,$-833,$-24,$-44,$1789,$-2807,$-1018,$-155,$-2073,$-11,$0,$-11,$-1698,$-1698,$-2121,$0,$-3829,$-189,$145,$-2121
20,2013-09-30,43.74,$15.00,2.92,$21.26,2.06,$8.94,4.89,$4.38,9.99,$13.20B,$8.08B,1.64,$4.26B,$16.90B,0.25,$23.26B,$18.49B,79.50%,$23.26B,$5.50B,23.66%,$23.26B,$5.50B,23.66%,$23.26B,$6.94B,29.84%,$23.26B,$5.99B,25.76%,$23.26B,$4.78B,20.57%,$4.78B,$16.90B,30.93%,$4.78B,$12.44B,43.96%,$4.78B,$33.97B,14.29%,$5.50B,$21.16B,27.39%,$5773,$1198,$4575,$1377,$1652,$4228,$1545,$-31,$1513,$310,$1203,$1203,$1203,$1894,$1545,$1080,1084,$1.11,$1.11,$5379,$2974,$0,$13202,$7767,$7220,$4455,$1321,$20763,$33966,$8076,$4264,$2122,$8993,$17070,$705,$17811,$-3564,$16896,$33966,$3957,$1094,$455,$1549,$0,$0,$0,$-1498,$-1498,$4008,$-548,$0,$-44,$1600,$-1757,$-157,$-92,$-840,$-3,$0,$-3,$-1198,$-1198,$-1592,$0,$-2793,$350,$105,$-1592
21,2013-06-30,42.32,$13.52,3.13,$20.79,2.03,$8.62,4.91,$4.45,9.51,$12.64B,$8.41B,1.5,$4.29B,$15.24B,0.28,$22.93B,$18.16B,79.18%,$22.93B,$5.10B,22.23%,$22.93B,$5.10B,22.23%,$22.93B,$6.56B,28.59%,$22.93B,$6.35B,27.71%,$22.93B,$4.91B,21.40%,$4.91B,$15.24B,32.17%,$4.91B,$10.73B,46.62%,$4.91B,$33.23B,14.62%,$5.10B,$19.53B,25.25%,$5930,$1165,$4765,$1330,$1868,$4427,$1503,$12,$1515,$309,$1206,$1206,$1206,$1867,$1503,$1080,1084,$1.12,$1.11,$4711,$2725,$0,$12639,$7637,$6561,$4509,$1880,$20587,$33226,$8409,$4291,$2669,$9581,$17990,$705,$16609,$-3949,$15236,$33226,$2754,$745,$-212,$534,$0,$0,$0,$-1272,$-1272,$2017,$-294,$0,$0,$1466,$-1013,$453,$-56,$103,$-2,$0,$-2,$-1198,$-1198,$-1064,$0,$-2264,$-232,$69,$-1064
22,2013-03-31,48.5,$13.28,3.65,$20.33,2.39,$8.68,5.59,$4.17,11.63,$12.33B,$7.59B,1.62,$4.43B,$14.96B,0.3,$22.60B,$17.85B,78.96%,$22.60B,$4.80B,21.22%,$22.60B,$4.80B,21.22%,$22.60B,$6.25B,27.67%,$22.60B,$6.03B,26.66%,$22.60B,$4.63B,20.47%,$4.63B,$14.96B,30.79%,$4.63B,$10.34B,45.63%,$4.63B,$32.30B,13.93%,$4.80B,$19.39B,23.67%,$5602,$1158,$4444,$1348,$1652,$4158,$1444,$508,$1951,$403,$1548,$1548,$1548,$1825,$1444,$1088,1092,$1.42,$1.42,$4732,$2577,$0,$12326,$7623,$5636,$4619,$2096,$19974,$32300,$7594,$4432,$2659,$9751,$17345,$705,$16462,$-4014,$14956,$32300,$1548,$382,$-502,$-121,$0,$0,$0,$-1048,$-1048,$379,$-158,$0,$0,$1294,$237,$1531,$-18,$1355,$-1,$0,$-1,$-1198,$-1198,$-531,$0,$-1730,$-82,$35,$-531
23,2012-12-31,41.74,$12.92,3.23,$20.25,2.06,$9.13,4.57,$3.66,11.4,$13.04B,$8.39B,1.55,$5.52B,$14.77B,0.37,$22.60B,$17.81B,78.78%,$22.60B,$4.73B,20.94%,$22.60B,$4.73B,20.94%,$22.60B,$6.20B,27.41%,$22.60B,$5.41B,23.93%,$22.60B,$4.09B,18.09%,$4.09B,$14.77B,27.28%,$4.09B,$10.02B,41.13%,$4.09B,$34.40B,12.32%,$4.73B,$20.29B,23.12%,$5957,$1248,$4709,$1463,$1978,$4946,$1011,$1,$1013,$185,$827,$827,$827,$1356,$1011,$1113,1117,$0.75,$0.74,$5684,$2644,$0,$13039,$7760,$6314,$4753,$2533,$21360,$34399,$8390,$5519,$2704,$11236,$19625,$717,$16088,$-3797,$14774,$34399,$4089,$1462,$-195,$1267,$362,$-308,$-336,$231,$-51,$5305,$-883,$-139,$-199,$375,$-3263,$-2888,$1277,$-2833,$-1511,$0,$-1511,$-721,$-721,$-2187,$0,$-4420,$-1904,$142,$-2187
24,2012-09-30,39.71,$13.84,2.87,$20.34,1.95,$11.08,3.58,$3.69,10.76,$14.04B,$6.96B,2.02,$5.51B,$16.06B,0.34,$22.69B,$17.82B,78.54%,$22.69B,$4.72B,20.78%,$22.69B,$4.72B,20.78%,$22.69B,$6.15B,27.11%,$22.69B,$5.44B,23.96%,$22.69B,$4.12B,18.16%,$4.12B,$16.06B,28.06%,$4.12B,$11.03B,43.19%,$4.12B,$34.32B,12.48%,$4.72B,$21.57B,23.40%,$5443,$1204,$4240,$1343,$1757,$4304,$1140,$735,$1875,$548,$1327,$1327,$1327,$1509,$1140,$1110,1120,$1.18,$1.18,$6900,$2553,$0,$14039,$7639,$5224,$5031,$2388,$20282,$34321,$6961,$5511,$3090,$11303,$18264,$726,$17062,$-3536,$16057,$34321,$3261,$1118,$-405,$713,$0,$0,$0,$-272,$-272,$3703,$-492,$-102,$-199,$257,$-1784,$-1527,$1150,$-1170,$-1509,$-7,$-1515,$0,$0,$-1639,$0,$-3154,$-603,$100,$-1639
25,2012-06-30,35.53,$12.33,2.88,$21.00,1.69,$12.59,2.82,$3.62,9.82,$12.31B,$6.61B,1.86,$5.50B,$14.31B,0.38,$23.40B,$18.39B,78.61%,$23.40B,$5.16B,22.06%,$23.40B,$5.16B,22.06%,$23.40B,$6.59B,28.15%,$23.40B,$5.07B,21.65%,$23.40B,$4.03B,17.22%,$4.03B,$14.31B,27.92%,$4.03B,$9.17B,43.60%,$4.03B,$31.81B,12.33%,$5.16B,$19.81B,25.95%,$5601,$1147,$4454,$1321,$1931,$4399,$1202,$-17,$1186,$262,$924,$924,$924,$1564,$1202,$1110,1119,$0.83,$0.83,$5262,$2321,$0,$12307,$7620,$4548,$5143,$2195,$19505,$31813,$6610,$5500,$2680,$10895,$17505,$726,$15736,$-3934,$14308,$31813,$1935,$748,$236,$984,$0,$0,$0,$-760,$-760,$2159,$-310,$-68,$-199,$609,$-1025,$-417,$-44,$-1038,$-1508,$-7,$-1515,$0,$0,$-1095,$0,$-2610,$-1577,$66,$-1095
26,2012-03-31,32.95,$12.77,2.58,$21.61,1.52,$13.61,2.42,$3.86,8.54,$12.60B,$6.55B,1.92,$5.40B,$14.82B,0.37,$24.05B,$18.96B,78.85%,$24.05B,$5.55B,23.07%,$24.05B,$5.55B,23.07%,$24.05B,$6.97B,28.97%,$24.05B,$5.41B,22.50%,$24.05B,$4.30B,17.89%,$4.30B,$14.82B,29.83%,$4.30B,$9.56B,46.36%,$4.30B,$32.24B,13.06%,$5.55B,$20.23B,28.02%,$5602,$1198,$4404,$1152,$1848,$4221,$1381,$-46,$1335,$324,$1011,$1011,$1011,$1767,$1381,$1110,1110,$0.91,$0.91,$4925,$2424,$0,$12603,$7755,$4521,$5267,$2093,$19636,$32238,$6554,$5403,$2692,$10862,$17416,$726,$15907,$-3549,$14823,$32238,$1011,$386,$154,$540,$0,$0,$0,$-699,$-699,$853,$-131,$-34,$-195,$458,$-733,$-275,$-17,$-652,$-1507,$-5,$-1512,$0,$0,$-545,$0,$-2057,$-1800,$31,$-545
27,2011-12-31,33.59,$11.69,2.87,$21.81,1.54,$13.93,2.41,$3.90,8.61,$14.25B,$8.93B,1.6,$5.47B,$13.54B,0.4,$24.29B,$19.22B,79.13%,$24.29B,$5.53B,22.76%,$24.29B,$5.53B,22.76%,$24.29B,$6.90B,28.42%,$24.29B,$5.35B,22.03%,$24.29B,$4.35B,17.90%,$4.35B,$13.54B,30.61%,$4.35B,$8.41B,47.29%,$4.35B,$33.66B,13.26%,$5.53B,$19.00B,28.33%,$6047,$1322,$4725,$1355,$2133,$5054,$992,$50,$1042,$184,$858,$858,$858,$1311,$992,$1114,1114,$0.77,$0.77,$6897,$2300,$0,$14248,$7760,$4030,$5128,$2493,$19412,$33660,$8931,$5465,$2660,$11193,$20124,$724,$14898,$-3859,$13536,$33660,$4348,$1374,$265,$1638,$-189,$203,$591,$643,$1248,$7235,$-647,$-633,$-308,$-251,$-2486,$-2737,$-500,$-4824,$-62,$-134,$-196,$0,$0,$-2180,$6,$-2370,$-71,$147,$-2180
28,2011-09-30,29.49,$13.01,2.27,$21.98,1.34,$13.61,2.17,$4.18,7.05,$14.57B,$8.22B,1.77,$5.45B,$15.06B,0.36,$24.43B,$19.45B,79.62%,$24.43B,$5.87B,24.04%,$24.43B,$5.87B,24.04%,$24.43B,$7.27B,29.74%,$24.43B,$5.72B,23.41%,$24.43B,$4.66B,19.07%,$4.66B,$15.06B,33.47%,$4.66B,$9.84B,51.83%,$4.66B,$33.04B,14.50%,$5.87B,$20.51B,30.02%,$6148,$1338,$4810,$1281,$1918,$4562,$1586,$-83,$1503,$266,$1236,$1236,$1236,$1944,$1586,$1114,1114,$1.11,$1.11,$6784,$2513,$0,$14573,$7812,$3220,$5222,$2216,$18470,$33042,$8219,$5451,$2508,$9765,$17984,$724,$15126,$-2505,$15058,$33042,$3490,$1055,$669,$1724,$0,$0,$0,$77,$77,$5290,$-416,$-606,$-308,$545,$-1742,$-1197,$-421,$-2948,$-55,$-29,$-83,$0,$0,$-1636,$0,$-1719,$605,$111,$-1636
29,2011-06-30,29.53,$12.33,2.39,$21.58,1.37,$13.02,2.27,$4.25,6.95,$14.95B,$8.62B,1.73,$5.20B,$14.28B,0.36,$23.93B,$19.31B,80.66%,$23.93B,$6.04B,25.23%,$23.93B,$6.04B,25.23%,$23.93B,$7.42B,30.99%,$23.93B,$5.89B,24.59%,$23.93B,$4.73B,19.75%,$4.73B,$14.28B,35.65%,$4.73B,$9.32B,55.25%,$4.73B,$32.78B,15.08%,$6.04B,$19.48B,31.32%,$6253,$1228,$5025,$1261,$2043,$4664,$1589,$-58,$1531,$334,$1197,$1197,$1197,$1945,$1589,$1107,1114,$1.07,$1.07,$6330,$2870,$0,$14950,$7954,$2943,$4955,$1977,$17829,$32779,$8621,$5200,$2833,$9882,$18502,$724,$13888,$-2010,$14277,$32779,$2253,$697,$356,$1053,$0,$0,$0,$-89,$-89,$3216,$-240,$-433,$0,$519,$-1366,$-847,$-419,$-1939,$-55,$-129,$-183,$0,$0,$-1095,$0,$-1278,$120,$74,$-1095
30,2011-03-31,27.32,$12.04,2.27,$21.17,1.29,$12.70,2.15,$4.40,6.21,$15.35B,$7.65B,2.01,$5.13B,$13.93B,0.37,$23.43B,$19.01B,81.12%,$23.43B,$6.23B,26.60%,$23.43B,$6.23B,26.60%,$23.43B,$7.60B,32.44%,$23.43B,$6.09B,26.00%,$23.43B,$4.88B,20.82%,$4.88B,$13.93B,39.83%,$4.88B,$9.20B,62.75%,$4.88B,$31.70B,16.22%,$6.23B,$19.07B,33.35%,$5839,$1180,$4659,$1124,$1786,$4478,$1361,$-88,$1274,$218,$1056,$1056,$1056,$1702,$1361,$1106,1112,$0.95,$0.95,$6713,$2767,$0,$15354,$7968,$1899,$4731,$1743,$16341,$31695,$7652,$5132,$3111,$10109,$17761,$724,$13785,$-2189,$13934,$31695,$1056,$341,$375,$716,$0,$0,$0,$-596,$-596,$1176,$-101,$-30,$0,$539,$-26,$513,$-422,$-41,$-55,$-116,$-171,$0,$0,$-543,$0,$-714,$513,$38,$-543
31,2010-12-31,26.84,$10.76,2.49,$20.89,1.28,$12.48,2.15,$4.58,5.86,$14.84B,$6.93B,2.14,$6.77B,$12.41B,0.55,$23.08B,$18.71B,81.08%,$23.08B,$6.53B,28.30%,$23.08B,$6.53B,28.30%,$23.08B,$7.86B,34.05%,$23.08B,$6.53B,28.28%,$23.08B,$5.07B,21.97%,$5.07B,$12.41B,44.56%,$5.07B,$7.59B,71.61%,$5.07B,$31.00B,17.51%,$6.53B,$19.18B,35.89%,$6187,$1232,$4955,$1438,$1989,$4851,$1336,$74,$1410,$240,$1170,$1170,$1170,$1674,$1336,$1106,1106,$1.05,$1.05,$6727,$2518,$0,$14840,$7941,$1780,$4819,$1622,$16161,$31001,$6927,$6771,$3004,$11662,$18589,$721,$12733,$-2670,$12413,$31001,$5070,$1328,$645,$1973,$-319,$157,$-364,$341,$-186,$6857,$-670,$-442,$-609,$-687,$-483,$-1169,$-269,$-3160,$-1,$125,$124,$0,$0,$-2165,$19,$-2022,$1530,$231,$-2165
32,2010-09-30,27.59,$10.76,2.56,$20.70,1.33,$10.16,2.72,$4.36,6.33,$14.18B,$6.10B,2.33,$6.98B,$12.41B,0.56,$22.82B,$18.26B,79.99%,$22.82B,$5.75B,25.17%,$22.82B,$5.75B,25.17%,$22.82B,$7.11B,31.15%,$22.82B,$6.25B,27.40%,$22.82B,$4.82B,21.10%,$4.82B,$12.41B,45.18%,$4.82B,$8.10B,72.53%,$4.82B,$29.90B,17.15%,$5.75B,$19.39B,32.94%,$5655,$988,$4667,$1220,$1695,$3902,$1753,$-81,$1671,$368,$1303,$1303,$1303,$2097,$1753,$1105,1105,$1.18,$1.18,$6140,$2680,$0,$14184,$7942,$1340,$4309,$2129,$15720,$29904,$6097,$6982,$2517,$11401,$17499,$721,$12647,$-2530,$12406,$29904,$3900,$990,$559,$1549,$0,$0,$0,$-820,$-820,$4629,$-443,$-419,$-329,$-201,$-74,$-274,$-130,$-1595,$0,$125,$125,$0,$0,$-1621,$24,$-1472,$1446,$175,$-1621
33,2010-06-30,24.97,$8.88,2.81,$20.65,1.21,$8.02,3.11,$4.04,6.18,$12.47B,$6.33B,1.97,$6.86B,$10.24B,0.67,$22.73B,$18.10B,79.63%,$22.73B,$5.68B,24.98%,$22.73B,$5.68B,24.98%,$22.73B,$7.01B,30.83%,$22.73B,$5.65B,24.86%,$22.73B,$4.45B,19.59%,$4.45B,$10.24B,44.40%,$4.45B,$6.20B,72.36%,$4.45B,$27.72B,16.27%,$5.68B,$17.10B,33.87%,$5749,$1024,$4725,$1187,$1755,$3967,$1782,$-46,$1737,$388,$1349,$1349,$1349,$2128,$1782,$1099,1104,$1.22,$1.22,$5197,$2174,$0,$12466,$7784,$1065,$4036,$2372,$15257,$27723,$6325,$6862,$2338,$11163,$17488,$721,$11344,$-3308,$10235,$27723,$2597,$645,$331,$976,$0,$0,$0,$-704,$-704,$2870,$-279,$-400,$-148,$-3,$131,$128,$-107,$-807,$1,$-1,$-1,$0,$0,$-1076,$-2,$-1079,$701,$128,$-1076
34,2010-03-31,26.62,$9.07,2.93,$20.27,1.31,$6.29,4.23,$3.88,6.86,$12.25B,$5.66B,2.17,$6.66B,$10.46B,0.64,$22.28B,$17.72B,79.56%,$22.28B,$5.49B,24.66%,$22.28B,$5.49B,24.66%,$22.28B,$6.78B,30.46%,$22.28B,$5.38B,24.17%,$22.28B,$4.26B,19.14%,$4.26B,$10.46B,44.36%,$4.26B,$6.43B,73.54%,$4.26B,$27.20B,15.69%,$5.49B,$17.12B,33.70%,$5486,$1123,$4363,$1039,$1614,$3826,$1660,$48,$1708,$460,$1248,$1248,$1248,$1959,$1660,$1098,1103,$1.13,$1.13,$4758,$2471,$0,$12252,$7987,$1099,$4032,$1828,$14945,$27198,$5658,$6661,$2311,$11078,$16736,$721,$11077,$-2777,$10462,$27198,$1248,$299,$226,$525,$0,$0,$0,$-815,$-815,$958,$-125,$0,$0,$-1,$134,$133,$-61,$-53,$0,$-8,$-8,$0,$0,$-539,$0,$-547,$262,$74,$-539
35,2009-12-31,25.88,$8.29,3.12,$19.89,1.3,$5.47,4.73,$3.95,6.55,$12.49B,$6.57B,1.9,$6.64B,$9.53B,0.7,$21.84B,$17.59B,80.55%,$21.84B,$5.59B,25.59%,$21.84B,$5.59B,25.59%,$21.84B,$6.89B,31.53%,$21.84B,$5.36B,24.54%,$21.84B,$4.33B,19.83%,$4.33B,$9.53B,48.48%,$4.33B,$5.83B,83.94%,$4.33B,$27.46B,16.02%,$5.59B,$16.16B,35.65%,$5934,$1431,$4503,$1217,$1953,$5384,$550,$587,$1137,$222,$915,$915,$915,$926,$550,$1098,1098,$0.82,$0.82,$4498,$2850,$0,$12487,$8197,$1156,$3700,$1921,$14974,$27461,$6568,$6635,$2398,$11368,$17936,$719,$9830,$-2472,$9525,$27461,$4329,$1298,$-334,$964,$-493,$-179,$-200,$-85,$-957,$4336,$-747,$0,$0,$399,$676,$1075,$-185,$143,$2400,$-5824,$-3424,$0,$0,$-2152,$43,$-5534,$-1034,$369,$-2152
36,2009-09-30,23.61,$8.62,2.74,$19.25,1.23,$8.03,2.94,$-0.19,0.0,$11.81B,$6.07B,1.95,$6.77B,$9.91B,0.68,$21.11B,$17.38B,82.35%,$21.11B,$1.86B,8.82%,$21.11B,$1.86B,8.82%,$21.11B,$3.06B,14.51%,$21.11B,$0.88B,4.19%,$21.11B,$-0.22B,-1.02%,$-0.22B,$9.91B,-2.61%,$-0.22B,$6.17B,-4.88%,$-0.22B,$27.13B,-0.78%,$1.86B,$16.68B,12.86%,$5562,$1052,$4510,$1122,$1702,$3876,$1686,$-617,$1070,$128,$942,$942,$942,$1996,$1686,$1095,1098,$0.86,$0.86,$3929,$3128,$0,$11810,$8233,$1174,$3739,$2173,$15318,$27128,$6068,$6770,$2275,$11155,$17223,$719,$9993,$-2175,$9905,$27128,$3413,$922,$-251,$672,$0,$0,$0,$-1768,$-1768,$2317,$-508,$0,$0,$563,$413,$976,$-71,$397,$2000,$-4829,$-2829,$0,$0,$-1612,$37,$-4405,$-1649,$264,$-1612
37,2009-06-30,24.39,$7.45,3.27,$18.94,1.29,$10.26,2.38,$-1.48,0.0,$10.94B,$6.99B,1.57,$6.69B,$8.56B,0.78,$20.75B,$16.93B,81.55%,$20.75B,$1.60B,7.70%,$20.75B,$1.60B,7.70%,$20.75B,$2.77B,13.37%,$20.75B,$-0.42B,-2.02%,$20.75B,$-1.62B,-7.82%,$-1.62B,$8.56B,-17.66%,$-1.62B,$4.77B,-28.36%,$-1.62B,$26.93B,-5.88%,$1.60B,$15.25B,10.82%,$5293,$947,$4345,$1040,$1708,$3696,$1597,$-129,$1468,$309,$1159,$1159,$1159,$1903,$1597,$1095,1097,$1.06,$1.06,$3490,$3000,$0,$10935,$8594,$1239,$3790,$2373,$15996,$26932,$6989,$6688,$2301,$11382,$18372,$719,$9050,$-2467,$8560,$26932,$2472,$612,$-878,$-266,$0,$0,$0,$-1195,$-1195,$1011,$-334,$0,$0,$458,$245,$702,$-39,$329,$2400,$-4813,$-2413,$0,$0,$-1076,$-3,$-3492,$-2174,$160,$-1076
38,2009-03-31,23.2,$6.72,3.45,$18.83,1.23,$11.77,1.97,$-1.66,0.0,$10.26B,$7.36B,1.4,$6.87B,$7.73B,0.89,$20.61B,$16.53B,80.20%,$20.61B,$1.27B,6.14%,$20.61B,$1.27B,6.14%,$20.61B,$2.42B,11.72%,$20.61B,$-0.68B,-3.30%,$20.61B,$-1.82B,-8.84%,$-1.82B,$7.73B,-16.98%,$-1.82B,$3.87B,-23.89%,$-1.82B,$26.60B,-6.55%,$1.27B,$14.60B,8.01%,$5047,$816,$4231,$947,$1529,$3293,$1754,$-71,$1683,$370,$1313,$1313,$1313,$2060,$1754,$1094,1097,$1.20,$1.20,$3508,$2549,$0,$10260,$8450,$1364,$3858,$2665,$16336,$26597,$7358,$6871,$2263,$11514,$18872,$719,$8968,$-3130,$7725,$26597,$1313,$306,$-860,$-553,$0,$0,$0,$-672,$-672,$88,$-157,$0,$0,$286,$117,$403,$-19,$227,$2400,$-4244,$-1844,$0,$0,$-537,$0,$-2380,$-2184,$66,$-537
39,2008-12-31,27.6,$5.93,4.66,$18.62,1.48,$13.22,2.09,$-1.89,0.0,$12.45B,$13.11B,0.95,$4.62B,$6.74B,0.69,$20.37B,$16.00B,78.51%,$20.37B,$0.69B,3.40%,$20.37B,$0.69B,3.40%,$20.37B,$1.81B,8.90%,$20.37B,$-1.31B,-6.42%,$20.37B,$-2.07B,-10.17%,$-2.07B,$6.74B,-16.53%,$-2.07B,$2.81B,-21.15%,$-2.07B,$29.21B,-7.41%,$0.69B,$11.35B,4.07%,$5204,$909,$4295,$1059,$1727,$8381,$-3176,$-161,$-3337,$292,$-3629,$-3629,$-3629,$-2896,$-3176,$1094,1094,$-3.31,$-3.31,$5926,$2493,$0,$12453,$8626,$1545,$3929,$2659,$16759,$29213,$13110,$4616,$2287,$9365,$22475,$711,$7655,$-2787,$6738,$29213,$-2072,$1123,$7321,$8443,$799,$85,$-1608,$1649,$924,$7296,$-922,$0,$-6083,$958,$-815,$143,$-407,$-7269,$-650,$5061,$4411,$0,$0,$-2057,$-8,$2346,$2276,$255,$-2057
40,2008-09-30,29.74,$12.09,2.46,$18.62,1.6,$11.16,2.66,$2.20,13.52,$12.95B,$6.51B,1.99,$4.19B,$13.74B,0.31,$20.36B,$15.62B,76.71%,$20.36B,$4.99B,24.50%,$20.36B,$4.99B,24.50%,$20.36B,$6.10B,29.98%,$20.36B,$3.08B,15.13%,$20.36B,$2.41B,11.84%,$2.41B,$13.74B,16.95%,$2.41B,$11.44B,20.34%,$2.41B,$27.71B,8.80%,$4.99B,$17.93B,26.64%,$5210,$1155,$4054,$953,$1649,$3785,$1424,$-1657,$-233,$233,$-466,$-466,$-466,$1707,$1424,$1092,1094,$-0.43,$-0.43,$6119,$2112,$0,$12946,$8262,$1187,$2299,$1170,$14761,$27707,$6510,$4186,$1880,$7456,$13966,$711,$12336,$-396,$13742,$27707,$1558,$842,$2371,$3214,$0,$0,$0,$144,$144,$4915,$-672,$0,$-44,$-237,$-642,$-879,$-207,$-1803,$-11,$-392,$-403,$0,$0,$-1542,$-7,$-1951,$1133,$193,$-1542
41,2008-06-30,30.88,$12.96,2.38,$18.07,1.71,$9.31,3.32,$3.48,8.87,$12.68B,$5.26B,2.41,$4.55B,$14.74B,0.31,$19.74B,$15.10B,76.49%,$19.74B,$4.77B,24.19%,$19.74B,$4.77B,24.19%,$19.74B,$5.87B,29.75%,$19.74B,$4.49B,22.76%,$19.74B,$3.80B,19.27%,$3.80B,$14.74B,27.12%,$3.80B,$12.40B,32.73%,$3.80B,$27.75B,14.24%,$4.77B,$19.28B,25.65%,$5150,$1201,$3950,$952,$1700,$3888,$1263,$-57,$1206,$248,$959,$959,$959,$1544,$1263,$1092,1094,$0.88,$0.88,$5170,$2546,$0,$12677,$8671,$1071,$2337,$1145,$15075,$27752,$5259,$4546,$1982,$7755,$13014,$711,$12800,$214,$14738,$27752,$2023,$559,$253,$812,$0,$0,$0,$-51,$-51,$2784,$-451,$0,$0,$-731,$-505,$-1235,$-188,$-1874,$-7,$-349,$-357,$0,$0,$-1021,$-8,$-1385,$-352,$115,$-1021
42,2008-03-31,34.17,$13.11,2.61,$17.61,1.94,$8.09,4.22,$3.21,10.65,$12.49B,$4.16B,3.0,$4.65B,$14.91B,0.31,$19.22B,$14.78B,76.90%,$19.22B,$4.44B,23.08%,$19.22B,$4.44B,23.08%,$19.22B,$5.51B,28.69%,$19.22B,$4.21B,21.92%,$19.22B,$3.51B,18.26%,$3.51B,$14.91B,26.51%,$3.51B,$12.53B,32.53%,$3.51B,$27.22B,13.61%,$4.44B,$19.56B,24.89%,$4808,$1111,$3696,$877,$1551,$3626,$1182,$-125,$1056,$-8,$1064,$1064,$1064,$1459,$1182,$1092,1094,$0.97,$0.97,$5435,$2594,$0,$12494,$8662,$596,$2379,$1247,$14726,$27220,$4164,$4648,$1989,$8146,$12310,$711,$13034,$207,$14910,$27220,$1064,$278,$291,$568,$0,$0,$0,$70,$70,$1703,$-184,$0,$0,$-716,$-6,$-721,$-129,$-1034,$0,$-343,$-342,$0,$0,$-514,$-6,$-862,$-75,$59,$-514
43,2007-12-31,35.04,$11.90,2.94,$17.09,2.05,$7.30,4.8,$2.71,12.93,$12.32B,$5.44B,2.27,$4.59B,$13.50B,0.34,$18.63B,$14.39B,77.20%,$18.63B,$4.06B,21.77%,$18.63B,$4.06B,21.77%,$18.63B,$5.10B,27.39%,$18.63B,$3.88B,20.80%,$18.63B,$2.95B,15.85%,$2.95B,$13.50B,23.84%,$2.95B,$11.05B,29.73%,$2.95B,$26.88B,11.85%,$4.06B,$18.10B,23.91%,$5190,$1273,$3917,$954,$1756,$4071,$1118,$-66,$1052,$198,$854,$854,$854,$1393,$1118,$1090,1091,$0.78,$0.78,$4831,$2524,$0,$12316,$8575,$577,$2455,$1281,$14559,$26875,$5437,$4594,$1908,$7934,$13371,$710,$11807,$13,$13504,$26875,$2953,$1048,$1207,$2255,$-843,$154,$990,$-356,$-54,$5155,$-1050,$0,$-2673,$-377,$49,$-328,$-277,$-4328,$1453,$-469,$985,$0,$0,$-1854,$24,$-845,$111,$282,$-1854
44,2007-09-30,37.06,$11.41,3.25,$16.24,2.28,$6.26,5.92,$2.05,18.08,$10.45B,$4.07B,2.57,$4.53B,$12.95B,0.35,$17.69B,$13.69B,77.42%,$17.69B,$4.00B,22.60%,$17.69B,$4.00B,22.60%,$17.69B,$4.94B,27.94%,$17.69B,$3.04B,17.18%,$17.69B,$2.23B,12.61%,$2.23B,$12.95B,18.98%,$2.23B,$10.49B,22.58%,$2.23B,$24.97B,9.42%,$4.00B,$17.48B,24.89%,$4587,$1055,$3532,$845,$1478,$3377,$1210,$-32,$1178,$252,$926,$926,$926,$1475,$1210,$1089,1090,$0.85,$0.85,$3566,$2498,$0,$10454,$8441,$571,$2454,$1893,$14520,$24974,$4072,$4532,$3367,$7955,$12027,$710,$12090,$-768,$12947,$24974,$2099,$773,$675,$1448,$0,$0,$0,$-622,$-622,$2925,$-716,$0,$-2668,$-225,$453,$228,$-109,$-3264,$1442,$-432,$1010,$22,$22,$-1390,$4,$-354,$-614,$215,$-1390
45,2007-06-30,36.11,$10.19,3.54,$15.59,2.32,$5.57,6.48,$2.00,18.06,$9.56B,$4.55B,2.1,$4.57B,$11.56B,0.4,$16.97B,$13.17B,77.60%,$16.97B,$3.84B,22.62%,$16.97B,$3.84B,22.62%,$16.97B,$4.73B,27.89%,$16.97B,$2.97B,17.49%,$16.97B,$2.18B,12.84%,$2.18B,$11.56B,18.49%,$2.18B,$9.07B,20.71%,$2.18B,$24.06B,9.31%,$3.84B,$16.13B,23.84%,$4631,$999,$3632,$854,$1525,$3706,$925,$2,$927,$263,$664,$664,$664,$1187,$925,$1089,1090,$0.61,$0.61,$3004,$2330,$0,$9561,$8310,$553,$2494,$2038,$14494,$24056,$4545,$4574,$1804,$7950,$12496,$710,$11163,$-1142,$11560,$24056,$1172,$508,$345,$853,$0,$0,$0,$-545,$-545,$1480,$-486,$0,$-2580,$64,$453,$517,$-60,$-2608,$1498,$-373,$1125,$0,$0,$-927,$21,$219,$-889,$135,$-927
46,2007-03-31,34.46,$10.17,3.39,$14.90,2.31,$5.17,6.67,$2.15,16.03,$9.25B,$4.15B,2.23,$4.62B,$11.53B,0.4,$16.20B,$12.54B,77.40%,$16.20B,$3.91B,24.11%,$16.20B,$3.91B,24.11%,$16.20B,$4.75B,29.30%,$16.20B,$3.08B,19.02%,$16.20B,$2.34B,14.42%,$2.34B,$11.53B,19.68%,$2.34B,$9.12B,20.79%,$2.34B,$23.73B,9.94%,$3.91B,$16.16B,23.76%,$4226,$923,$3304,$834,$1337,$3422,$804,$-85,$719,$211,$509,$509,$509,$1049,$804,$1088,1090,$0.47,$0.47,$3364,$2278,$0,$9246,$8209,$945,$2415,$1843,$14487,$23733,$4152,$4624,$1856,$8047,$12199,$709,$11427,$-1357,$11534,$23733,$509,$245,$174,$419,$0,$0,$0,$-36,$-36,$892,$-239,$0,$-2226,$-15,$57,$42,$-32,$-2455,$1403,$-4,$1399,$8,$8,$-463,$0,$944,$-618,$73,$-463
47,2006-12-31,33.16,$9.70,3.42,$14.44,2.3,$4.65,7.13,$2.45,13.54,$9.69B,$5.09B,1.91,$3.49B,$10.98B,0.32,$15.69B,$12.14B,77.39%,$15.69B,$4.13B,26.30%,$15.69B,$4.13B,26.30%,$15.69B,$4.93B,31.40%,$15.69B,$3.42B,21.79%,$15.69B,$2.66B,16.97%,$2.66B,$10.98B,22.35%,$2.66B,$10.85B,22.41%,$2.66B,$21.96B,11.28%,$4.13B,$14.48B,24.68%,$4245,$1019,$3226,$858,$1311,$3188,$1058,$-843,$215,$83,$132,$132,$132,$1231,$1058,$1086,1087,$0.12,$0.12,$3891,$2270,$0,$9694,$8152,$1002,$130,$1885,$12261,$21955,$5086,$3494,$746,$5889,$10975,$708,$10927,$-1389,$10981,$21955,$2663,$802,$1307,$2109,$244,$-60,$-936,$-43,$-795,$3976,$-1013,$0,$0,$1248,$195,$1442,$179,$608,$-2782,$-8,$-2790,$-63,$-63,$-1736,$10,$-4579,$103,$359,$-1736
