,Date,Stock Price,Book Value per Share,Price to Book Ratio,TTM Sales per Share,Price to Sales Ratio,TTM FCF per Share,Price to FCF Ratio,TTM Net EPS,PE Ratio,Current Assets,Current Liabilities,Current Ratio,Long Term Debt,Shareholder's Equity_x,Debt to Equity Ratio,TTM Revenue_x,TTM Gross Profit,Gross Margin,TTM Revenue_y,TTM Operating Income,Operating Margin,TTM Revenue_x,TTM EBIT,EBIT Margin,TTM Revenue_y,TTM EBITDA,EBITDA Margin,TTM Revenue_x,TTM Pre-Tax Income,Pre-Tax Margin,TTM Revenue_y,TTM Net Income_x,Net Margin,TTM Net Income_y,Shareholder's Equity_y,Return on Equity,TTM Net Income_x,Tangible Equity,Return on Tangible Equity,TTM Net Income_y,Total Assets,Return on Assets,TTM Net Income,LT Investments & Debt,Return on Investment,revenue,cost-goods-sold,gross-profit,research-development-expenses,selling-general-administrative-expenses,operating-expenses,operating-income,total-non-operating-income-expense,pre-tax-income,total-provision-income-taxes,income-after-taxes,income-from-continuous-operations,net-income,ebitda,ebit,basic-shares-outstanding,shares-outstanding,eps-basic-net-earnings-per-share,eps-earnings-per-share-diluted,cash-on-hand,inventory,other-current-assets,total-current-assets,net-property-plant-equipment,long-term-investments,goodwill-intangible-assets-total,other-long-term-assets,total-long-term-assets,total-assets,total-current-liabilities,long-term-debt,other-non-current-liabilities,total-long-term-liabilities,total-liabilities,common-stock-net,retained-earnings-accumulated-deficit,comprehensive-income,total-share-holder-equity,total-liabilities-share-holders-equity,net-income-loss,total-depreciation-amortization-cash-flow,other-non-cash-items,total-non-cash-items,change-in-accounts-receivable,change-in-inventories,change-in-accounts-payable,change-in-assets-liabilities,total-change-in-assets-liabilities,cash-flow-from-operating-activities,net-change-in-property-plant-equipment,net-change-in-intangible-assets,net-acquisitions-divestitures,net-change-in-short-term-investments,net-change-in-long-term-investments,net-change-in-investments-total,investing-activities-other,cash-flow-from-investing-activities,net-long-term-debt,net-current-debt,debt-issuance-retirement-net-total,net-common-equity-issued-repurchased,net-total-equity-issued-repurchased,total-common-preferred-stock-dividends-paid,financial-activities-other,cash-flow-from-financial-activities,net-cash-flow,stock-based-compensation,common-stock-dividends-paid
0,2018-09-30,31.23,$45.73,0.68,$34.95,0.89,$8.39,3.72,$4.01,7.79,$1.71B,$0.97B,1.77,$1.97B,$3.91B,0.5,$3.08B,$3.08B,100.00%,$3.08B,$0.34B,10.86%,$3.08B,$0.34B,10.86%,$3.08B,$0.38B,12.16%,$3.08B,$0.24B,7.65%,$3.08B,$0.29B,9.31%,$0.29B,$3.91B,7.43%,$0.29B,$-1.75B,-15.63%,$0.29B,$7.88B,3.58%,$0.34B,$5.88B,5.56%,$758,$0,$758,$0,$564,$623,$136,$-25,$111,$30,$81,$81,$70,$155,$136,$85,86,$0.82,$0.82,$636,$480,$69,$1713,$154,$0,$5658,$157,$6163,$7876,$970,$1971,$126,$2996,$3966,$9,$1982,$-122,$3910,$7876,$159,$37,$66,$103,$9,$-13,$2,$-74,$-75,$187,$-30,$0,$0,$0,$8,$8,$1,$-21,$0,$-126,$-126,$6,$6,$-55,$-111,$-285,$-134,$35,$-55
1,2018-06-30,34.73,$45.13,0.77,$34.31,1.01,$8.25,4.21,$3.97,8.75,$1.74B,$0.72B,2.41,$2.22B,$3.86B,0.58,$3.09B,$3.09B,100.00%,$3.09B,$0.34B,11.09%,$3.09B,$0.34B,11.09%,$3.09B,$0.38B,12.38%,$3.09B,$0.25B,8.11%,$3.09B,$0.29B,9.37%,$0.29B,$3.86B,7.47%,$0.29B,$-1.82B,-15.40%,$0.29B,$7.93B,3.59%,$0.34B,$6.08B,5.62%,$748,$0,$748,$0,$560,$622,$126,$-17,$109,$31,$78,$78,$64,$144,$126,$85,85,$0.75,$0.75,$613,$557,$78,$1739,$154,$0,$5679,$154,$6187,$7926,$720,$2222,$123,$3350,$4071,$9,$1942,$-108,$3856,$7926,$78,$18,$31,$49,$32,$-4,$18,$-275,$-230,$-102,$-18,$0,$0,$0,$4,$4,$0,$-14,$0,$0,$0,$5,$5,$-25,$-10,$-30,$-157,$19,$-25
2,2018-03-31,40.28,$45.53,0.88,$33.89,1.19,$8.35,4.82,$3.74,10.77,$1.93B,$0.98B,1.96,$2.22B,$3.85B,0.58,$3.14B,$3.14B,100.00%,$3.14B,$0.32B,10.32%,$3.14B,$0.32B,10.32%,$3.14B,$0.40B,12.74%,$3.14B,$0.23B,7.45%,$3.14B,$0.28B,8.76%,$0.28B,$3.85B,7.02%,$0.28B,$-1.88B,-14.40%,$0.28B,$8.15B,3.39%,$0.32B,$6.07B,5.28%,$785,$0,$785,$0,$568,$685,$100,$-43,$57,$40,$17,$17,$9,$119,$100,$91,91,$0.14,$0.13,$769,$540,$67,$1928,$148,$0,$5730,$144,$6224,$8153,$982,$2222,$132,$3318,$4300,$8,$1895,$-55,$3852,$8153,$336,$76,$113,$189,$-29,$50,$-9,$-45,$-33,$493,$-37,$0,$-3,$0,$9,$9,$-8,$-39,$0,$126,$126,$-465,$-465,$-102,$-21,$-462,$2,$71,$-102
3,2017-12-31,41.32,$45.37,0.91,$32.45,1.27,$8.32,4.97,$3.64,11.35,$1.85B,$0.93B,1.98,$2.22B,$3.83B,0.58,$3.08B,$3.08B,100.00%,$3.08B,$0.33B,10.85%,$3.08B,$0.33B,10.85%,$3.08B,$0.41B,13.42%,$3.08B,$0.28B,9.10%,$3.08B,$0.34B,11.01%,$0.34B,$3.83B,8.56%,$0.34B,$-1.89B,-17.59%,$0.34B,$8.08B,4.16%,$0.33B,$6.06B,5.40%,$793,$0,$793,$0,$566,$820,$-27,$-14,$-41,$-209,$169,$169,$144,$-43,$-27,$90,91,$1.59,$1.58,$702,$536,$74,$1849,$149,$0,$5727,$146,$6226,$8075,$933,$2222,$137,$3309,$4242,$8,$1911,$-74,$3833,$8075,$320,$57,$64,$121,$-42,$44,$15,$-165,$-148,$293,$-25,$0,$-3,$0,$8,$8,$1,$-19,$0,$226,$226,$-468,$-468,$-76,$-14,$-333,$-53,$55,$-76
4,2017-09-30,38.16,$43.47,0.88,$30.91,1.23,$8.57,4.45,$2.56,14.91,$1.75B,$0.70B,2.51,$2.22B,$3.99B,0.56,$3.00B,$3.00B,100.00%,$3.00B,$0.47B,15.73%,$3.00B,$0.47B,15.73%,$3.00B,$0.59B,19.60%,$3.00B,$0.41B,13.73%,$3.00B,$0.25B,8.17%,$0.25B,$3.99B,6.12%,$0.25B,$-1.94B,-12.61%,$0.25B,$8.20B,2.99%,$0.47B,$6.22B,7.59%,$768,$0,$768,$0,$568,$624,$144,$-18,$126,$39,$88,$88,$73,$163,$144,$93,93,$0.78,$0.78,$678,$499,$72,$1752,$152,$0,$5932,$155,$6444,$8196,$699,$2222,$135,$3502,$4201,$9,$1789,$-74,$3994,$8196,$151,$72,$53,$126,$4,$30,$-9,$-126,$-102,$175,$-16,$0,$0,$0,$6,$6,$3,$-7,$0,$0,$0,$-170,$-170,$-48,$-21,$-238,$-72,$40,$-48
5,2017-06-30,37.04,$42.44,0.87,$30.02,1.23,$8.03,4.61,$2.41,15.37,$1.61B,$0.59B,2.74,$2.22B,$4.00B,0.56,$2.98B,$2.98B,100.00%,$2.98B,$0.46B,15.30%,$2.98B,$0.46B,15.30%,$2.98B,$0.57B,19.23%,$2.98B,$0.40B,13.49%,$2.98B,$0.24B,7.92%,$0.24B,$4.00B,5.87%,$0.24B,$-1.93B,-12.11%,$0.24B,$8.05B,2.87%,$0.46B,$6.22B,7.30%,$794,$0,$794,$0,$610,$687,$107,$-15,$92,$28,$64,$64,$49,$161,$107,$95,95,$0.52,$0.52,$507,$476,$77,$1606,$156,$0,$5924,$166,$6449,$8054,$586,$2222,$143,$3473,$4060,$9,$1741,$-96,$3995,$8054,$64,$53,$15,$68,$-56,$39,$12,$-243,$-247,$-115,$-8,$0,$0,$0,$2,$2,$3,$-4,$0,$0,$0,$-82,$-82,$-21,$-20,$-124,$-243,$21,$-21
6,2017-03-31,34.8,$41.90,0.83,$28.38,1.23,$7.63,4.56,$2.20,15.82,$1.80B,$0.81B,2.23,$2.22B,$4.01B,0.55,$2.89B,$2.89B,100.00%,$2.89B,$0.42B,14.66%,$2.89B,$0.42B,14.66%,$2.89B,$0.51B,17.57%,$2.89B,$0.37B,12.86%,$2.89B,$0.22B,7.59%,$0.22B,$4.01B,5.40%,$0.22B,$-1.95B,-11.24%,$0.22B,$8.29B,2.65%,$0.42B,$6.23B,6.87%,$723,$0,$723,$0,$548,$613,$110,$-7,$103,$13,$90,$90,$73,$132,$110,$101,101,$0.75,$0.74,$750,$474,$74,$1802,$160,$10,$5959,$157,$6489,$8290,$809,$2222,$153,$3470,$4279,$10,$1695,$-107,$4011,$8290,$287,$86,$90,$176,$-42,$98,$-16,$35,$75,$540,$-40,$0,$-991,$0,$8,$8,$3,$-1020,$500,$-40,$460,$-372,$-372,$-88,$-117,$-117,$-595,$93,$-88
7,2016-12-31,28.65,$40.79,0.7,$26.97,1.06,$6.53,4.39,$1.01,28.37,$1.77B,$0.75B,2.37,$2.22B,$4.00B,0.56,$2.78B,$2.78B,100.00%,$2.78B,$0.35B,12.47%,$2.78B,$0.35B,12.47%,$2.78B,$0.05B,1.94%,$2.78B,$0.27B,9.85%,$2.78B,$0.10B,3.52%,$0.10B,$4.00B,2.38%,$0.10B,$-1.96B,-6.28%,$0.10B,$8.26B,1.21%,$0.35B,$6.22B,5.70%,$715,$0,$715,$0,$527,$604,$111,$-20,$91,$26,$65,$65,$50,$132,$111,$99,100,$0.50,$0.50,$705,$516,$79,$1768,$161,$0,$5956,$165,$6492,$8260,$747,$2222,$184,$3512,$4259,$10,$1641,$-136,$4001,$8260,$196,$64,$93,$156,$-24,$62,$-5,$-39,$-6,$347,$-27,$0,$-998,$0,$6,$6,$5,$-1015,$500,$-40,$460,$-287,$-287,$-66,$-78,$29,$-640,$72,$-66
8,2016-09-30,31.64,$40.43,0.78,$25.99,1.22,$5.92,5.34,$-0.80,0.0,$1.66B,$0.68B,2.44,$2.22B,$4.08B,0.54,$2.73B,$2.73B,100.00%,$2.73B,$-0.01B,-0.18%,$2.73B,$-0.01B,-0.18%,$2.73B,$0.07B,2.60%,$2.73B,$-0.06B,-2.16%,$2.73B,$-0.09B,-3.34%,$-0.09B,$4.08B,-2.18%,$-0.09B,$-1.97B,7.89%,$-0.09B,$8.26B,-1.18%,$-0.01B,$6.31B,-0.09%,$748,$0,$748,$0,$579,$621,$128,$-11,$116,$30,$87,$87,$64,$148,$128,$102,102,$0.63,$0.63,$592,$513,$71,$1661,$166,$0,$6048,$170,$6593,$8255,$681,$2222,$203,$3490,$4172,$10,$1613,$-99,$4083,$8255,$132,$42,$34,$76,$-21,$0,$-3,$-46,$-71,$138,$-19,$0,$-1010,$0,$2,$2,$0,$-1026,$500,$-40,$460,$-198,$-198,$-44,$-89,$129,$-758,$55,$-44
9,2016-06-30,27.87,$39.75,0.7,$24.84,1.12,$5.97,4.67,$-0.85,0.0,$1.70B,$1.12B,1.53,$1.74B,$4.12B,0.42,$2.65B,$2.65B,100.00%,$2.65B,$0.00B,0.00%,$2.65B,$0.00B,0.00%,$2.65B,$0.07B,2.64%,$2.65B,$-0.08B,-3.17%,$2.65B,$-0.09B,-3.43%,$-0.09B,$4.12B,-2.13%,$-0.09B,$-1.93B,12.90%,$-0.09B,$8.30B,-1.23%,$0.00B,$5.86B,0.00%,$700,$0,$700,$0,$569,$627,$74,$-13,$61,$15,$45,$45,$32,$95,$74,$104,105,$0.31,$0.31,$511,$594,$74,$1702,$171,$0,$6045,$171,$6594,$8297,$1116,$1738,$212,$3063,$4179,$10,$1570,$-91,$4118,$8297,$45,$22,$27,$48,$-4,$16,$17,$-290,$-261,$-166,$-12,$0,$-998,$0,$1,$1,$1,$-1008,$0,$460,$460,$-110,$-110,$-22,$7,$335,$-838,$37,$-22
10,2016-03-31,32.56,$39.58,0.82,$24.58,1.32,$7.60,4.28,$-0.32,0.0,$2.39B,$0.84B,2.83,$1.74B,$4.24B,0.41,$2.66B,$2.66B,100.00%,$2.66B,$0.05B,1.92%,$2.66B,$0.05B,1.92%,$2.66B,$0.11B,4.28%,$2.66B,$-0.03B,-0.94%,$2.66B,$-0.03B,-1.05%,$-0.03B,$4.24B,-0.64%,$-0.03B,$-0.39B,10.74%,$-0.03B,$7.52B,-0.40%,$0.05B,$5.98B,0.91%,$620,$0,$620,$0,$535,$586,$34,$-27,$6,$59,$-52,$-52,$-48,$-321,$34,$107,107,$-0.37,$-0.36,$1349,$564,$62,$2385,$163,$0,$4626,$139,$5135,$7520,$842,$1741,$200,$2443,$3285,$11,$1576,$-66,$4236,$7520,$-33,$63,$451,$515,$25,$-82,$-8,$35,$-30,$454,$-40,$0,$-234,$0,$9,$9,$21,$-245,$700,$40,$740,$-200,$-200,$-84,$10,$466,$660,$93,$-84
11,2015-12-31,36.61,$39.79,0.92,$25.01,1.46,$8.36,4.38,$0.84,43.58,$1.76B,$0.69B,2.56,$1.06B,$4.29B,0.25,$2.74B,$2.74B,100.00%,$2.74B,$0.15B,5.32%,$2.74B,$0.15B,5.32%,$2.74B,$0.58B,21.03%,$2.74B,$0.10B,3.50%,$2.74B,$0.10B,3.53%,$0.10B,$4.29B,2.19%,$0.10B,$-0.33B,-47.26%,$0.10B,$6.84B,1.41%,$0.15B,$5.34B,2.66%,$660,$0,$660,$0,$500,$900,$-241,$-2,$-242,$-104,$-139,$-139,$-139,$149,$-241,$106,106,$-1.31,$-1.31,$581,$551,$66,$1761,$168,$0,$4613,$121,$5078,$6838,$689,$1057,$241,$1865,$2553,$11,$1644,$-78,$4285,$6838,$19,$418,$-4,$414,$29,$0,$-19,$-136,$-126,$306,$-30,$0,$-209,$0,$9,$9,$24,$-207,$0,$40,$40,$-174,$-174,$-62,$3,$-194,$-106,$55,$-62
12,2015-09-30,38.45,$41.19,0.93,$25.20,1.53,$8.84,4.35,$2.82,13.63,$1.77B,$0.60B,2.96,$1.06B,$4.46B,0.24,$2.80B,$2.80B,100.00%,$2.80B,$0.51B,18.05%,$2.80B,$0.51B,18.05%,$2.80B,$0.57B,20.16%,$2.80B,$0.46B,16.27%,$2.80B,$0.31B,11.17%,$0.31B,$4.46B,6.95%,$0.31B,$-0.18B,-194.71%,$0.31B,$6.88B,4.50%,$0.51B,$5.52B,9.11%,$673,$0,$673,$0,$497,$540,$133,$-42,$91,$28,$63,$63,$64,$147,$133,$108,109,$0.58,$0.58,$631,$494,$56,$1766,$173,$0,$4634,$141,$5112,$6878,$596,$1060,$235,$1824,$2420,$11,$1804,$-74,$4458,$6878,$158,$28,$102,$130,$27,$0,$-18,$-146,$-137,$152,$-20,$0,$0,$0,$9,$9,$18,$8,$0,$0,$0,$-152,$-152,$-40,$-11,$-203,$-51,$37,$-40
13,2015-06-30,47.61,$41.06,1.16,$25.20,1.89,$8.60,5.54,$2.28,20.88,$1.68B,$0.52B,3.26,$1.06B,$4.52B,0.23,$2.83B,$2.83B,100.00%,$2.83B,$0.50B,17.75%,$2.83B,$0.50B,17.75%,$2.83B,$0.56B,19.83%,$2.83B,$0.37B,13.20%,$2.83B,$0.25B,8.96%,$0.25B,$4.52B,5.60%,$0.25B,$-0.15B,-357.75%,$0.25B,$6.83B,3.67%,$0.50B,$5.58B,9.00%,$709,$0,$709,$0,$539,$584,$125,$-5,$120,$25,$95,$95,$95,$139,$125,$109,110,$0.85,$0.84,$550,$473,$61,$1675,$176,$0,$4670,$144,$5154,$6829,$515,$1057,$246,$1793,$2307,$11,$1762,$-39,$4522,$6829,$95,$14,$40,$54,$16,$41,$2,$-205,$-146,$3,$-10,$0,$0,$0,$4,$4,$12,$7,$0,$0,$0,$-63,$-63,$-18,$-35,$-116,$-139,$19,$-18
14,2015-03-31,50.81,$40.23,1.26,$24.79,2.05,$8.49,5.98,$2.05,24.79,$1.92B,$0.82B,2.36,$1.05B,$4.49B,0.23,$2.82B,$2.82B,100.00%,$2.82B,$0.50B,17.67%,$2.82B,$0.50B,17.67%,$2.82B,$0.56B,19.76%,$2.82B,$0.37B,13.05%,$2.82B,$0.23B,8.19%,$0.23B,$4.49B,5.05%,$0.23B,$-0.17B,650.70%,$0.23B,$7.07B,3.26%,$0.50B,$5.53B,8.85%,$702,$0,$702,$0,$523,$573,$129,$-2,$127,$43,$84,$84,$77,$142,$129,$112,113,$0.73,$0.72,$704,$503,$57,$1921,$180,$0,$4653,$149,$5144,$7065,$815,$1049,$257,$1765,$2580,$11,$1690,$-61,$4485,$7065,$243,$59,$160,$219,$-9,$0,$-15,$143,$119,$568,$-46,$0,$-137,$0,$0,$0,$-26,$-208,$580,$-646,$-66,$-332,$-332,$-71,$-38,$-507,$-188,$66,$-71
15,2014-12-31,48.98,$40.19,1.22,$24.16,2.03,$7.12,6.88,$1.90,25.78,$1.81B,$0.71B,2.55,$1.06B,$4.54B,0.23,$2.80B,$2.80B,100.00%,$2.80B,$0.49B,17.44%,$2.80B,$0.49B,17.44%,$2.80B,$0.55B,19.66%,$2.80B,$0.35B,12.62%,$2.80B,$0.22B,7.97%,$0.22B,$4.54B,4.81%,$0.22B,$-0.15B,143.41%,$0.22B,$7.04B,3.15%,$0.49B,$5.60B,8.58%,$719,$0,$719,$0,$548,$600,$119,$-1,$118,$38,$80,$80,$77,$137,$119,$111,113,$0.67,$0.67,$685,$482,$44,$1813,$184,$34,$4690,$155,$5230,$7043,$711,$1056,$266,$1791,$2503,$11,$1624,$-19,$4541,$7043,$159,$46,$125,$172,$-6,$61,$8,$3,$66,$381,$-35,$0,$-137,$0,$0,$0,$-9,$-181,$-66,$0,$-66,$-245,$-245,$-53,$-6,$-369,$-193,$51,$-53
16,2014-09-30,46.66,$40.03,1.17,$23.72,1.97,$6.40,7.29,$1.90,24.56,$1.81B,$0.58B,3.12,$1.05B,$4.58B,0.23,$2.80B,$2.80B,100.00%,$2.80B,$0.49B,17.54%,$2.80B,$0.49B,17.54%,$2.80B,$0.55B,19.72%,$2.80B,$0.36B,12.90%,$2.80B,$0.23B,8.15%,$0.23B,$4.58B,4.86%,$0.23B,$0.18B,82.09%,$0.23B,$6.76B,3.22%,$0.49B,$5.64B,8.52%,$704,$0,$704,$0,$526,$574,$130,$-122,$9,$4,$5,$5,$5,$144,$130,$113,114,$0.04,$0.04,$670,$465,$97,$1814,$182,$32,$4402,$158,$4941,$6755,$582,$1052,$148,$1589,$2171,$11,$1566,$16,$4584,$6755,$79,$29,$44,$72,$-4,$71,$-6,$-80,$-18,$132,$-21,$0,$-11,$0,$0,$0,$3,$-28,$-66,$0,$-66,$-164,$-164,$-35,$-25,$-290,$-199,$35,$-35
17,2014-06-30,46.79,$40.47,1.16,$22.97,2.04,$6.08,7.7,$2.56,18.28,$2.48B,$1.14B,2.18,$1.05B,$4.70B,0.22,$2.77B,$2.77B,100.00%,$2.77B,$0.47B,16.89%,$2.77B,$0.47B,16.89%,$2.77B,$0.53B,19.20%,$2.77B,$0.46B,16.60%,$2.77B,$0.31B,11.18%,$0.31B,$4.70B,6.53%,$0.31B,$0.28B,97.48%,$0.31B,$7.45B,4.34%,$0.47B,$5.75B,8.01%,$694,$0,$694,$0,$523,$574,$120,$-5,$114,$41,$74,$74,$72,$134,$120,$114,115,$0.62,$0.61,$1304,$512,$106,$2476,$187,$35,$4421,$165,$4972,$7448,$1135,$1053,$154,$1614,$2749,$12,$1580,$49,$4699,$7448,$74,$15,$13,$27,$24,$27,$-2,$-159,$-109,$-8,$-12,$0,$-11,$0,$-0,$-0,$-6,$-28,$579,$0,$579,$-81,$-81,$-16,$-25,$458,$425,$16,$-16
18,2014-03-31,44.58,$40.32,1.11,$22.30,2.0,$5.53,8.06,$2.33,19.13,$2.13B,$0.82B,2.59,$1.04B,$4.73B,0.22,$2.74B,$2.74B,100.00%,$2.74B,$0.43B,15.72%,$2.74B,$0.43B,15.72%,$2.74B,$0.50B,18.13%,$2.74B,$0.42B,15.32%,$2.74B,$0.29B,10.40%,$0.29B,$4.73B,6.01%,$0.29B,$0.31B,87.02%,$0.29B,$7.11B,4.08%,$0.43B,$5.76B,7.34%,$681,$0,$681,$0,$516,$562,$119,$-7,$112,$47,$65,$65,$69,$135,$119,$122,122,$0.58,$0.58,$928,$518,$80,$2129,$189,$32,$4412,$184,$4983,$7111,$821,$1039,$166,$1565,$2387,$12,$1527,$38,$4725,$7111,$282,$66,$162,$228,$12,$0,$0,$-89,$-76,$437,$-40,$0,$1,$0,$183,$183,$-6,$138,$-240,$0,$-240,$-334,$-334,$-62,$-3,$-639,$-75,$66,$-62
19,2013-12-31,39.42,$39.88,0.99,$21.74,1.81,$4.28,9.22,$1.98,19.91,$1.89B,$0.73B,2.58,$1.14B,$4.75B,0.24,$2.73B,$2.73B,100.00%,$2.73B,$0.36B,13.01%,$2.73B,$0.36B,13.01%,$2.73B,$1.18B,43.18%,$2.73B,$0.36B,13.09%,$2.73B,$0.25B,8.98%,$0.25B,$4.75B,5.14%,$0.25B,$0.34B,71.53%,$0.25B,$7.01B,3.49%,$0.36B,$5.89B,5.95%,$720,$0,$720,$0,$541,$598,$122,$4,$126,$46,$80,$80,$82,$139,$122,$121,121,$0.68,$0.67,$842,$463,$53,$1885,$192,$120,$4407,$185,$5120,$7006,$729,$1139,$173,$1529,$2259,$12,$1477,$22,$4747,$7006,$217,$51,$109,$159,$-22,$0,$-21,$-22,$-65,$315,$-30,$0,$1,$0,$93,$93,$-13,$51,$-164,$0,$-164,$-250,$-250,$-46,$-17,$-478,$-128,$49,$-46
20,2013-09-30,30.1,$39.30,0.77,$20.92,1.44,$2.39,12.59,$-2.14,0.0,$1.73B,$0.62B,2.82,$1.15B,$4.76B,0.24,$2.68B,$2.68B,100.00%,$2.68B,$-0.40B,-14.91%,$2.68B,$-0.40B,-14.91%,$2.68B,$0.42B,15.77%,$2.68B,$-0.41B,-15.21%,$2.68B,$-0.29B,-10.85%,$-0.29B,$4.76B,-6.05%,$-0.29B,$0.34B,-73.30%,$-0.29B,$6.91B,-4.13%,$-0.40B,$5.91B,-6.60%,$670,$0,$670,$0,$514,$563,$106,$0,$107,$19,$88,$88,$86,$123,$106,$123,123,$0.70,$0.70,$738,$452,$48,$1731,$195,$129,$4422,$185,$5179,$6911,$615,$1147,$170,$1535,$2149,$12,$1413,$32,$4761,$6911,$137,$33,$59,$92,$-4,$-39,$-11,$-80,$-133,$100,$-20,$0,$0,$0,$81,$81,$-4,$57,$-154,$0,$-154,$-167,$-167,$-30,$-17,$-368,$-221,$33,$-30
21,2013-06-30,27.91,$38.35,0.73,$20.26,1.38,$1.33,20.99,$-2.24,0.0,$1.67B,$0.55B,3.04,$1.20B,$4.75B,0.25,$2.65B,$2.65B,100.00%,$2.65B,$-0.43B,-16.06%,$2.65B,$-0.43B,-16.06%,$2.65B,$0.40B,14.97%,$2.65B,$-0.42B,-15.76%,$2.65B,$-0.30B,-11.16%,$-0.30B,$4.75B,-5.94%,$-0.30B,$0.32B,-74.05%,$-0.30B,$6.92B,-4.06%,$-0.43B,$5.94B,-6.77%,$670,$0,$670,$0,$532,$587,$84,$-9,$75,$26,$49,$49,$48,$100,$84,$125,125,$0.38,$0.38,$722,$413,$49,$1671,$200,$158,$4426,$186,$5246,$6917,$550,$1198,$182,$1622,$2171,$12,$1341,$22,$4746,$6917,$49,$16,$44,$60,$14,$-17,$1,$-186,$-188,$-78,$-12,$0,$0,$0,$55,$55,$-5,$39,$-105,$0,$-105,$-81,$-81,$-14,$-14,$-214,$-266,$15,$-14
22,2013-03-31,28.83,$38.44,0.75,$19.46,1.48,$-0.02,0.0,$-2.69,0.0,$1.94B,$0.70B,2.77,$1.30B,$4.82B,0.27,$2.61B,$2.61B,100.00%,$2.61B,$-0.43B,-16.61%,$2.61B,$-0.43B,-16.61%,$2.61B,$0.39B,14.96%,$2.61B,$-0.51B,-19.56%,$2.61B,$-0.35B,-13.51%,$-0.35B,$4.82B,-6.84%,$-0.35B,$0.37B,-87.00%,$-0.35B,$7.27B,-4.70%,$-0.43B,$6.12B,-6.67%,$668,$0,$668,$0,$571,$625,$43,$6,$49,$18,$31,$31,$29,$816,$43,$133,133,$0.27,$0.27,$988,$396,$50,$1943,$202,$211,$4447,$188,$5327,$7270,$702,$1302,$207,$1749,$2451,$13,$1309,$48,$4818,$7270,$-360,$825,$-278,$547,$-21,$189,$9,$-63,$114,$303,$-38,$0,$-55,$0,$90,$90,$-7,$-11,$-232,$0,$-232,$-424,$-424,$-55,$-26,$-736,$-449,$59,$-55
23,2012-12-31,22.98,$38.14,0.6,$18.97,1.21,$1.23,18.68,$-2.38,0.0,$1.83B,$0.52B,3.53,$1.34B,$4.92B,0.27,$2.59B,$2.59B,100.00%,$2.59B,$-0.41B,-15.61%,$2.59B,$-0.41B,-15.61%,$2.59B,$-0.33B,-12.84%,$2.59B,$-0.45B,-17.35%,$2.59B,$-0.31B,-11.80%,$-0.31B,$4.92B,-5.69%,$-0.31B,$0.56B,-68.15%,$-0.31B,$7.12B,-3.90%,$-0.41B,$6.26B,-6.00%,$674,$0,$674,$0,$521,$1307,$-633,$-5,$-639,$-180,$-459,$-459,$-454,$-616,$-633,$132,132,$-3.45,$-3.45,$944,$375,$48,$1830,$227,$254,$4361,$184,$5285,$7115,$518,$1344,$143,$1678,$2197,$13,$1293,$59,$4918,$7115,$-390,$52,$438,$490,$18,$0,$-12,$-19,$-13,$90,$-28,$0,$0,$0,$45,$45,$-2,$15,$61,$-250,$-189,$-315,$-315,$-55,$-21,$-580,$-477,$40,$-55
24,2012-09-30,21.86,$41.43,0.53,$18.32,1.19,$2.99,7.31,$1.27,17.21,$1.83B,$0.60B,3.06,$1.37B,$5.46B,0.25,$2.55B,$2.55B,100.00%,$2.55B,$0.29B,11.27%,$2.55B,$0.29B,11.27%,$2.55B,$0.37B,14.68%,$2.55B,$0.24B,9.31%,$2.55B,$0.18B,6.91%,$0.18B,$5.46B,3.17%,$0.18B,$0.35B,41.51%,$0.18B,$7.88B,2.16%,$0.29B,$6.83B,4.14%,$640,$0,$640,$0,$511,$561,$80,$18,$97,$16,$81,$81,$81,$97,$80,$134,134,$0.60,$0.60,$929,$384,$46,$1831,$230,$288,$5106,$251,$6044,$7875,$599,$1372,$170,$1819,$2418,$13,$1766,$66,$5457,$7875,$68,$35,$-139,$-104,$17,$0,$-2,$-18,$-3,$-37,$-18,$0,$0,$0,$7,$7,$-1,$-12,$102,$-250,$-148,$-252,$-252,$-26,$-11,$-437,$-484,$27,$-26
25,2012-06-30,23.36,$40.41,0.58,$18.20,1.28,$4.47,5.22,$1.06,22.03,$1.68B,$0.51B,3.31,$1.38B,$5.46B,0.25,$2.58B,$2.58B,100.00%,$2.58B,$0.31B,12.18%,$2.58B,$0.31B,12.18%,$2.58B,$0.41B,15.79%,$2.58B,$0.20B,7.61%,$2.58B,$0.15B,5.90%,$0.15B,$5.46B,2.73%,$0.15B,$0.34B,34.66%,$0.15B,$7.80B,1.84%,$0.31B,$6.83B,4.51%,$631,$0,$631,$0,$508,$555,$76,$-94,$-18,$-5,$-13,$-13,$-9,$94,$76,$139,139,$-0.07,$-0.07,$789,$375,$50,$1679,$232,$297,$5112,$284,$6120,$7799,$507,$1375,$171,$1835,$2343,$14,$1700,$58,$5456,$7799,$-13,$18,$-128,$-109,$27,$67,$-0,$-252,$-158,$-280,$-7,$0,$0,$0,$-5,$-5,$-0,$-13,$103,$-250,$-147,$-162,$-162,$-11,$-10,$-331,$-624,$13,$-11
26,2012-03-31,24.63,$40.59,0.61,$18.46,1.33,$5.98,4.12,$1.53,16.1,$2.46B,$0.98B,2.52,$1.41B,$5.68B,0.25,$2.66B,$2.66B,100.00%,$2.66B,$0.34B,12.69%,$2.66B,$0.34B,12.69%,$2.66B,$0.44B,16.41%,$2.66B,$0.30B,11.42%,$2.66B,$0.22B,8.30%,$0.22B,$5.68B,3.92%,$0.22B,$0.55B,44.83%,$0.22B,$8.56B,2.62%,$0.34B,$7.09B,4.80%,$649,$0,$649,$0,$528,$576,$72,$38,$110,$33,$77,$77,$76,$92,$72,$143,143,$0.55,$0.55,$1411,$444,$52,$2458,$239,$295,$5132,$289,$6098,$8556,$976,$1407,$171,$1903,$2878,$14,$1728,$71,$5677,$8556,$231,$98,$129,$227,$33,$0,$-11,$29,$51,$497,$-32,$0,$3,$0,$20,$20,$11,$2,$-1,$0,$-1,$-397,$-397,$-44,$-40,$-482,$6,$49,$-44
27,2011-12-31,21.15,$40.04,0.53,$18.52,1.14,$5.17,4.09,$1.44,14.69,$2.23B,$0.90B,2.48,$1.39B,$5.60B,0.25,$2.73B,$2.73B,100.00%,$2.73B,$0.37B,13.38%,$2.73B,$0.37B,13.38%,$2.73B,$0.47B,17.24%,$2.73B,$0.30B,10.89%,$2.73B,$0.21B,7.85%,$0.21B,$5.60B,3.78%,$0.21B,$0.46B,42.61%,$0.21B,$8.37B,2.52%,$0.37B,$6.99B,5.16%,$627,$0,$627,$0,$511,$568,$59,$-12,$48,$13,$35,$35,$28,$91,$59,$140,140,$0.20,$0.20,$1266,$452,$63,$2232,$246,$291,$5140,$261,$6140,$8371,$901,$1391,$149,$1873,$2774,$14,$1663,$64,$5597,$8371,$154,$79,$114,$193,$45,$-69,$3,$5,$-16,$334,$-22,$0,$0,$0,$18,$18,$7,$3,$-1,$0,$-1,$-398,$-398,$-32,$-34,$-466,$-143,$38,$-32
28,2011-09-30,22.47,$39.75,0.57,$18.83,1.19,$4.10,5.49,$1.65,13.62,$2.11B,$0.82B,2.57,$1.38B,$5.56B,0.25,$2.82B,$2.82B,100.00%,$2.82B,$0.40B,14.28%,$2.82B,$0.40B,14.28%,$2.82B,$0.50B,17.82%,$2.82B,$0.34B,11.91%,$2.82B,$0.25B,8.79%,$0.25B,$5.56B,4.34%,$0.25B,$0.41B,46.84%,$0.25B,$8.26B,2.91%,$0.40B,$6.94B,5.65%,$670,$0,$670,$0,$508,$563,$107,$-51,$56,$-2,$57,$57,$57,$130,$107,$144,144,$0.39,$0.39,$1118,$445,$60,$2105,$266,$293,$5148,$250,$6154,$8259,$820,$1384,$145,$1883,$2703,$14,$1638,$61,$5556,$8259,$119,$47,$103,$150,$37,$0,$-18,$-120,$-102,$168,$-15,$0,$0,$0,$10,$10,$8,$3,$-0,$0,$-0,$-399,$-399,$-21,$-18,$-438,$-282,$26,$-21
29,2011-06-30,28.63,$39.03,0.73,$18.61,1.54,$4.02,7.13,$1.76,16.27,$2.38B,$0.92B,2.6,$1.39B,$5.75B,0.24,$2.83B,$2.83B,100.00%,$2.83B,$0.38B,13.58%,$2.83B,$0.38B,13.58%,$2.83B,$0.49B,17.26%,$2.83B,$0.38B,13.55%,$2.83B,$0.27B,9.41%,$0.27B,$5.75B,4.63%,$0.27B,$0.56B,48.41%,$0.27B,$8.59B,3.09%,$0.38B,$7.13B,5.35%,$717,$0,$717,$0,$566,$617,$100,$-11,$90,$28,$62,$62,$60,$124,$100,$149,149,$0.40,$0.40,$1245,$487,$141,$2380,$278,$298,$5184,$231,$6212,$8593,$915,$1385,$146,$1931,$2847,$15,$1597,$107,$5746,$8593,$62,$24,$23,$47,$9,$0,$0,$-194,$-185,$-76,$-8,$0,$0,$0,$15,$15,$2,$8,$83,$0,$83,$-199,$-199,$-9,$7,$-118,$-180,$12,$-9
30,2011-03-31,31.46,$38.41,0.82,$18.01,1.75,$4.71,6.68,$1.66,18.95,$2.45B,$0.97B,2.53,$1.48B,$5.77B,0.26,$2.78B,$2.78B,100.00%,$2.78B,$0.39B,13.90%,$2.78B,$0.39B,13.90%,$2.78B,$0.49B,17.74%,$2.78B,$0.37B,13.11%,$2.78B,$0.25B,9.12%,$0.25B,$5.77B,4.45%,$0.25B,$0.58B,50.07%,$0.25B,$8.71B,2.98%,$0.39B,$7.25B,5.41%,$713,$0,$713,$0,$563,$614,$99,$3,$103,$32,$71,$71,$69,$125,$99,$155,155,$0.42,$0.42,$1422,$483,$63,$2447,$287,$313,$5188,$241,$6261,$8708,$969,$1479,$94,$1968,$2937,$15,$1551,$93,$5770,$8708,$246,$107,$177,$284,$-12,$-114,$-0,$3,$-123,$412,$-33,$0,$0,$0,$-12,$-12,$0,$-44,$-4,$0,$-4,$-431,$-431,$-27,$-7,$-468,$-90,$56,$-27
31,2010-12-31,31.56,$37.89,0.83,$17.74,1.78,$10.83,2.91,$1.60,19.73,$2.30B,$0.87B,2.63,$1.46B,$5.76B,0.25,$2.74B,$2.74B,100.00%,$2.74B,$0.39B,14.37%,$2.74B,$0.39B,14.37%,$2.74B,$0.51B,18.60%,$2.74B,$0.36B,13.27%,$2.74B,$0.25B,9.08%,$0.25B,$5.76B,4.35%,$0.25B,$0.57B,48.09%,$0.25B,$8.57B,2.93%,$0.39B,$7.22B,5.55%,$722,$0,$722,$0,$573,$625,$97,$-10,$87,$34,$53,$53,$62,$124,$97,$150,151,$0.41,$0.41,$1313,$427,$61,$2298,$295,$287,$5197,$245,$6271,$8569,$874,$1458,$97,$1932,$2806,$15,$1493,$86,$5762,$8569,$175,$81,$79,$161,$-47,$-42,$-0,$-56,$-145,$195,$-21,$0,$0,$0,$5,$5,$0,$-16,$-3,$0,$-3,$-363,$-363,$-18,$-9,$-393,$-204,$42,$-18
32,2010-09-30,26.3,$37.23,0.71,$17.19,1.53,$13.84,1.9,$1.47,17.89,$2.24B,$0.89B,2.52,$1.43B,$5.69B,0.25,$2.71B,$2.71B,100.00%,$2.71B,$0.38B,13.87%,$2.71B,$0.38B,13.87%,$2.71B,$0.48B,17.86%,$2.71B,$0.35B,12.88%,$2.71B,$0.23B,8.56%,$0.23B,$5.69B,4.05%,$0.23B,$0.49B,44.96%,$0.23B,$8.52B,2.68%,$0.38B,$7.13B,5.35%,$675,$0,$675,$0,$535,$587,$88,$15,$103,$27,$77,$77,$75,$115,$88,$151,152,$0.50,$0.50,$1321,$408,$56,$2235,$334,$284,$5206,$247,$6288,$8524,$886,$1434,$105,$1943,$2829,$15,$1450,$78,$5694,$8524,$122,$55,$65,$120,$0,$-33,$-0,$-48,$-81,$162,$-12,$0,$0,$0,$1,$1,$0,$-11,$2,$0,$2,$-327,$-327,$-11,$-1,$-337,$-182,$25,$-11
33,2010-06-30,24.32,$36.22,0.67,$17.06,1.43,$16.72,1.45,$1.27,19.15,$2.02B,$0.80B,2.52,$1.43B,$5.60B,0.26,$2.70B,$2.70B,100.00%,$2.70B,$0.37B,13.58%,$2.70B,$0.37B,13.58%,$2.70B,$0.48B,17.92%,$2.70B,$0.32B,11.91%,$2.70B,$0.20B,7.53%,$0.20B,$5.60B,3.54%,$0.20B,$0.39B,38.83%,$0.20B,$8.33B,2.30%,$0.37B,$7.02B,5.16%,$674,$0,$674,$0,$527,$571,$103,$-31,$72,$27,$45,$45,$48,$130,$103,$160,161,$0.30,$0.30,$1171,$368,$59,$2020,$345,$289,$5202,$234,$6312,$8332,$803,$1425,$99,$1933,$2736,$15,$1380,$49,$5596,$8332,$45,$28,$51,$79,$29,$11,$-0,$-139,$-99,$26,$-4,$0,$0,$0,$-22,$-22,$0,$-26,$-1,$0,$-1,$-312,$-312,$-7,$-3,$-323,$-327,$12,$-7
34,2010-03-31,24.84,$36.19,0.69,$17.15,1.45,$19.87,1.25,$1.32,18.82,$2.56B,$1.05B,2.43,$1.17B,$5.84B,0.2,$2.63B,$2.63B,100.00%,$2.63B,$0.32B,12.19%,$2.63B,$0.32B,12.19%,$2.63B,$0.45B,17.05%,$2.63B,$0.33B,12.53%,$2.63B,$0.21B,7.78%,$0.21B,$5.84B,3.72%,$0.21B,$0.62B,64.47%,$0.21B,$8.62B,2.28%,$0.32B,$7.01B,4.46%,$671,$0,$671,$0,$502,$566,$106,$-4,$102,$37,$65,$65,$64,$141,$106,$154,155,$0.40,$0.39,$1510,$372,$58,$2559,$362,$14,$5218,$190,$6063,$8623,$1054,$1165,$124,$1727,$2781,$16,$1317,$58,$5842,$8623,$211,$127,$74,$202,$124,$52,$3,$-174,$998,$1413,$-84,$0,$-191,$0,$-41,$-41,$39,$-277,$-555,$0,$-555,$5,$5,$-48,$-149,$-747,$409,$47,$-48
35,2009-12-31,26.11,$35.85,0.73,$17.22,1.52,$13.10,1.99,$-1.36,0.0,$3.03B,$1.61B,1.89,$1.16B,$5.79B,0.2,$2.58B,$2.58B,100.00%,$2.58B,$0.17B,6.59%,$2.58B,$0.17B,6.59%,$2.58B,$0.36B,13.88%,$2.58B,$-0.46B,-17.95%,$2.58B,$-0.19B,-7.33%,$-0.19B,$5.79B,-3.63%,$-0.19B,$0.56B,-551.82%,$-0.19B,$9.10B,-2.07%,$0.17B,$6.94B,2.33%,$690,$0,$690,$0,$568,$611,$79,$-7,$72,$26,$46,$46,$45,$98,$79,$161,163,$0.28,$0.28,$1433,$410,$62,$3032,$375,$0,$5227,$145,$6068,$9101,$1608,$1157,$121,$1707,$3315,$16,$1259,$64,$5785,$9101,$146,$93,$7,$100,$44,$40,$-2,$-170,$505,$752,$-73,$0,$-188,$0,$0,$0,$35,$-225,$-4,$0,$-4,$5,$5,$-43,$-143,$-185,$361,$35,$-43
36,2009-09-30,26.81,$35.52,0.75,$18.08,1.48,$10.94,2.45,$-12.19,0.0,$2.70B,$1.07B,2.54,$1.70B,$5.73B,0.3,$2.61B,$2.61B,100.00%,$2.61B,$-0.98B,-37.62%,$2.61B,$-0.98B,-37.62%,$2.61B,$0.46B,17.47%,$2.61B,$-2.81B,-107.51%,$2.61B,$-1.73B,-66.17%,$-1.73B,$5.73B,-34.80%,$-1.73B,$0.52B,803.26%,$-1.73B,$9.20B,-18.37%,$-0.98B,$7.43B,-13.10%,$660,$0,$660,$0,$538,$582,$78,$-3,$75,$28,$47,$47,$46,$114,$78,$151,153,$0.30,$0.30,$1571,$387,$59,$2701,$384,$0,$5215,$144,$6495,$9197,$1065,$1699,$268,$2402,$3466,$16,$1219,$61,$5730,$9197,$100,$74,$-27,$47,$53,$43,$-11,$-155,$503,$651,$-58,$0,$-8,$0,$0,$0,$19,$-47,$-2,$0,$-2,$4,$4,$-39,$-131,$-167,$455,$23,$-39
37,2009-06-30,21.06,$33.00,0.64,$20.63,1.02,$6.21,3.39,$-13.23,0.0,$2.64B,$0.99B,2.65,$2.74B,$4.70B,0.58,$2.92B,$2.92B,100.00%,$2.92B,$-0.84B,-28.81%,$2.92B,$-0.84B,-28.81%,$2.92B,$0.61B,20.82%,$2.92B,$-3.05B,-104.56%,$2.92B,$-1.88B,-64.54%,$-1.88B,$4.70B,-36.77%,$-1.88B,$-0.43B,475.25%,$-1.88B,$9.05B,-18.41%,$-0.84B,$7.44B,-10.54%,$613,$0,$613,$0,$514,$555,$58,$22,$81,$28,$52,$52,$50,$96,$58,$142,143,$0.35,$0.35,$1574,$356,$66,$2638,$380,$0,$5127,$147,$6407,$9045,$994,$2739,$218,$3350,$4344,$14,$1177,$39,$4700,$9045,$52,$38,$-10,$27,$77,$46,$-7,$-272,$423,$504,$-34,$0,$0,$0,$0,$0,$7,$-27,$-1,$0,$-1,$2,$2,$-34,$3,$-31,$456,$13,$-34
38,2009-03-31,13.72,$32.42,0.42,$23.85,0.58,$2.19,6.27,$-13.80,0.0,$2.86B,$1.28B,2.23,$2.73B,$4.60B,0.59,$3.36B,$3.36B,100.00%,$3.36B,$-0.67B,-19.93%,$3.36B,$-0.67B,-19.93%,$3.36B,$0.78B,23.35%,$3.36B,$-3.19B,-94.97%,$3.36B,$-1.97B,-58.62%,$-1.97B,$4.60B,-35.31%,$-1.97B,$-0.51B,615.48%,$-1.97B,$9.23B,-17.58%,$-0.67B,$7.33B,-7.88%,$617,$0,$617,$0,$533,$663,$-45,$-646,$-691,$-365,$-327,$-327,$-330,$50,$-45,$141,141,$-2.37,$-2.37,$1126,$336,$99,$2859,$367,$0,$5110,$137,$6373,$9232,$1281,$2732,$225,$3352,$4634,$14,$1132,$-3,$4599,$9232,$-1965,$1454,$1662,$3115,$-399,$-59,$-93,$-235,$-786,$382,$-131,$0,$112,$605,$-2354,$-1749,$677,$-1091,$660,$-250,$410,$32,$32,$-136,$23,$329,$-407,$57,$-136
39,2008-12-31,18.53,$34.07,0.54,$26.89,0.69,$7.07,2.62,$-13.32,0.0,$4.20B,$2.03B,2.07,$2.97B,$4.82B,0.62,$3.81B,$3.81B,100.00%,$3.81B,$-0.49B,-12.76%,$3.81B,$-0.49B,-12.76%,$3.81B,$0.92B,24.07%,$3.81B,$-2.90B,-76.03%,$3.81B,$-1.90B,-49.80%,$-1.90B,$4.82B,-31.20%,$-1.90B,$-0.44B,955.67%,$-1.90B,$10.14B,-16.02%,$-0.49B,$7.79B,-5.55%,$720,$0,$720,$0,$514,$1793,$-1073,$-1198,$-2271,$-778,$-1493,$-1493,$-1493,$196,$-1073,$141,141,$-10.59,$-10.59,$2380,$509,$73,$4199,$361,$0,$5259,$133,$5938,$10136,$2030,$2967,$212,$3285,$5315,$14,$1515,$8,$4821,$10136,$-1638,$1358,$1244,$2602,$-111,$-33,$-64,$-339,$-599,$372,$-89,$0,$61,$605,$-1117,$-513,$-328,$-869,$663,$0,$663,$31,$31,$-102,$6,$599,$99,$42,$-102
40,2008-09-30,31.8,$45.19,0.7,$30.02,1.06,$9.44,3.37,$-1.70,0.0,$5.36B,$2.42B,2.22,$2.97B,$6.35B,0.47,$4.28B,$4.28B,100.00%,$4.28B,$0.93B,21.73%,$4.28B,$0.93B,21.73%,$4.28B,$1.11B,25.91%,$4.28B,$-0.38B,-8.84%,$4.28B,$-0.25B,-5.82%,$-0.25B,$6.35B,-3.75%,$-0.25B,$-0.21B,325.49%,$-0.25B,$12.48B,-2.08%,$0.93B,$9.32B,10.65%,$966,$0,$966,$0,$684,$746,$220,$-388,$-168,$-59,$-109,$-109,$-109,$265,$220,$141,141,$-0.77,$-0.77,$3060,$1068,$90,$5355,$353,$0,$6593,$146,$7092,$12478,$2418,$2970,$197,$3676,$6094,$14,$3037,$50,$6354,$12478,$-145,$89,$564,$653,$68,$-312,$-26,$-247,$-577,$-64,$-58,$0,$0,$605,$-521,$84,$-209,$-183,$668,$0,$668,$17,$17,$-68,$8,$625,$373,$26,$-68
41,2008-06-30,36.18,$47.08,0.77,$31.27,1.16,$13.02,2.78,$0.27,133.98,$5.78B,$2.74B,2.11,$2.97B,$6.52B,0.46,$4.48B,$4.48B,100.00%,$4.48B,$0.99B,22.02%,$4.48B,$0.99B,22.02%,$4.48B,$1.17B,26.02%,$4.48B,$0.07B,1.65%,$4.48B,$0.04B,0.83%,$0.04B,$6.52B,0.55%,$0.04B,$-0.12B,-62.18%,$0.04B,$12.92B,0.33%,$0.99B,$9.50B,11.97%,$1054,$0,$1054,$0,$770,$825,$229,$-287,$-58,$-22,$-36,$-36,$-36,$273,$229,$141,141,$-0.26,$-0.26,$4085,$504,$112,$5781,$350,$0,$6644,$146,$7140,$12920,$2743,$2974,$191,$3654,$6397,$14,$3175,$96,$6523,$12920,$-36,$44,$226,$270,$7,$-36,$31,$-315,$-312,$-78,$-26,$0,$0,$-55,$24,$-31,$-89,$-146,$1095,$0,$1095,$13,$13,$-34,$0,$1075,$852,$16,$-34
42,2008-03-31,46.27,$47.78,0.97,$32.10,1.44,$14.03,3.3,$1.81,25.56,$4.69B,$2.74B,1.71,$1.83B,$6.62B,0.28,$4.63B,$4.63B,100.00%,$4.63B,$1.05B,22.66%,$4.63B,$1.05B,22.66%,$4.63B,$1.23B,26.56%,$4.63B,$0.44B,9.45%,$4.63B,$0.26B,5.70%,$0.26B,$6.62B,3.87%,$0.26B,$-0.03B,-536.04%,$0.26B,$11.83B,2.50%,$1.05B,$8.45B,13.41%,$1069,$0,$1069,$0,$717,$932,$138,$-537,$-399,$-140,$-259,$-259,$-259,$183,$138,$142,144,$-1.82,$-1.79,$2913,$489,$284,$4686,$347,$0,$6647,$151,$7145,$11830,$2739,$1826,$140,$2470,$5210,$14,$3240,$83,$6621,$11830,$264,$181,$682,$864,$93,$-93,$-30,$45,$15,$1145,$-184,$0,$-222,$-605,$-181,$-785,$-911,$-2103,$1055,$500,$1555,$-242,$-242,$-133,$40,$1220,$280,$49,$-133
43,2007-12-31,60.24,$52.98,1.14,$32.58,1.85,$12.85,4.69,$4.81,12.52,$3.09B,$2.16B,1.44,$0.58B,$7.03B,0.08,$4.71B,$4.71B,100.00%,$4.71B,$1.18B,25.15%,$4.71B,$1.18B,25.15%,$4.71B,$1.37B,29.13%,$4.71B,$1.11B,23.60%,$4.71B,$0.70B,14.77%,$0.70B,$7.03B,10.23%,$0.70B,$0.05B,-569.67%,$0.70B,$10.56B,6.96%,$1.18B,$7.61B,15.52%,$1187,$0,$1187,$0,$773,$845,$342,$-95,$247,$92,$155,$155,$155,$387,$342,$142,144,$1.09,$1.07,$1552,$561,$103,$3093,$329,$11,$6984,$145,$7468,$10561,$2155,$577,$135,$1372,$3528,$13,$3529,$69,$7034,$10561,$523,$136,$191,$326,$-3,$-76,$-24,$24,$-79,$772,$-142,$0,$-222,$0,$-231,$-231,$-428,$-1022,$-101,$500,$399,$-64,$-64,$-133,$45,$248,$6,$36,$-133
44,2007-09-30,69.19,$51.87,1.33,$32.19,2.15,$12.58,5.5,$4.95,13.98,$2.67B,$1.85B,1.44,$0.59B,$6.85B,0.09,$4.65B,$4.65B,100.00%,$4.65B,$1.11B,23.75%,$4.65B,$1.11B,23.75%,$4.65B,$1.30B,27.92%,$4.65B,$1.14B,24.54%,$4.65B,$0.72B,15.37%,$0.72B,$6.85B,10.78%,$0.72B,$-0.14B,-279.02%,$0.72B,$10.08B,7.35%,$1.11B,$7.43B,14.52%,$1172,$0,$1172,$0,$831,$894,$278,$6,$284,$107,$178,$177,$177,$323,$278,$142,145,$1.25,$1.23,$1380,$346,$54,$2668,$282,$10,$6989,$132,$7413,$10081,$1850,$587,$133,$1384,$3234,$13,$3409,$64,$6847,$10081,$368,$91,$31,$122,$-1,$-61,$15,$49,$3,$494,$-102,$0,$-2,$0,$-0,$-0,$0,$-104,$-99,$0,$-99,$-75,$-75,$-64,$39,$-200,$196,$24,$-64
45,2007-06-30,80.52,$50.88,1.58,$31.23,2.58,$12.81,6.29,$4.72,17.06,$2.47B,$1.17B,2.1,$1.06B,$6.76B,0.16,$4.51B,$4.51B,100.00%,$4.51B,$1.06B,23.54%,$4.51B,$1.06B,23.54%,$4.51B,$1.26B,27.95%,$4.51B,$1.10B,24.31%,$4.51B,$0.68B,15.12%,$0.68B,$6.76B,10.54%,$0.68B,$-0.08B,-173.98%,$0.68B,$9.69B,7.16%,$1.06B,$7.82B,13.99%,$1206,$0,$1206,$0,$846,$914,$292,$13,$306,$115,$191,$191,$191,$338,$292,$142,145,$1.34,$1.32,$1191,$302,$57,$2467,$242,$9,$6840,$128,$7220,$9686,$1174,$1061,$68,$1752,$2926,$13,$3266,$49,$6760,$9686,$191,$46,$22,$68,$-23,$-21,$6,$-143,$-181,$82,$-42,$0,$-1,$0,$0,$0,$0,$-44,$-51,$0,$-51,$12,$12,$-30,$36,$-33,$8,$0,$-30
46,2007-03-31,76.92,$49.64,1.55,$30.11,2.55,$13.32,5.78,$4.48,17.17,$2.39B,$1.31B,1.82,$1.11B,$6.54B,0.17,$4.34B,$4.34B,100.00%,$4.34B,$1.03B,23.64%,$4.34B,$1.03B,23.64%,$4.34B,$1.23B,28.36%,$4.34B,$1.04B,24.03%,$4.34B,$0.65B,14.89%,$0.65B,$6.54B,10.27%,$0.65B,$-0.32B,-115.69%,$0.65B,$9.60B,6.87%,$1.03B,$7.65B,13.80%,$1142,$0,$1142,$0,$798,$869,$272,$2,$274,$102,$172,$172,$172,$323,$272,$141,144,$1.22,$1.19,$1184,$273,$49,$2392,$219,$10,$6858,$126,$7213,$9604,$1312,$1108,$63,$1751,$3063,$13,$3113,$38,$6541,$9604,$647,$203,$162,$366,$7,$-138,$137,$-121,$-116,$905,$-112,$0,$-445,$0,$15,$15,$0,$-542,$-61,$-83,$-144,$27,$27,$-110,$18,$-209,$160,$41,$-110
47,2006-12-31,77.44,$48.52,1.6,$30.27,2.56,$11.35,6.82,$4.32,17.93,$2.31B,$1.22B,1.88,$1.16B,$6.38B,0.18,$4.25B,$4.25B,100.00%,$4.25B,$1.00B,23.55%,$4.25B,$1.00B,23.55%,$4.25B,$1.19B,28.07%,$4.25B,$1.03B,24.14%,$4.25B,$0.63B,14.69%,$0.63B,$6.38B,10.20%,$0.63B,$-0.49B,-87.20%,$0.63B,$9.54B,6.69%,$1.00B,$7.53B,13.75%,$1133,$0,$1133,$0,$794,$870,$263,$14,$278,$104,$174,$174,$175,$315,$263,$141,144,$1.23,$1.21,$1072,$212,$112,$2305,$202,$31,$6863,$136,$7231,$9536,$1224,$1159,$186,$1937,$3160,$13,$2970,$32,$6376,$9536,$474,$153,$89,$242,$3,$-78,$32,$-17,$-57,$668,$-75,$0,$-412,$0,$-1,$-1,$0,$-488,$-10,$-83,$-93,$22,$22,$-80,$15,$-137,$49,$30,$-80
