,Date,Stock Price,Book Value per Share,Price to Book Ratio,TTM Sales per Share,Price to Sales Ratio,TTM FCF per Share,Price to FCF Ratio,TTM Net EPS,PE Ratio,Current Assets,Current Liabilities,Current Ratio,Long Term Debt,Shareholder's Equity_x,Debt to Equity Ratio,TTM Revenue_x,TTM Gross Profit,Gross Margin,TTM Revenue_y,TTM Operating Income,Operating Margin,TTM Revenue_x,TTM EBIT,EBIT Margin,TTM Revenue_y,TTM EBITDA,EBITDA Margin,TTM Revenue_x,TTM Pre-Tax Income,Pre-Tax Margin,TTM Revenue_y,TTM Net Income_x,Net Margin,TTM Net Income_y,Shareholder's Equity_y,Return on Equity,TTM Net Income_x,Tangible Equity,Return on Tangible Equity,TTM Net Income_y,Total Assets,Return on Assets,TTM Net Income,LT Investments & Debt,Return on Investment,revenue,cost-goods-sold,gross-profit,research-development-expenses,selling-general-administrative-expenses,operating-expenses,operating-income,total-non-operating-income-expense,pre-tax-income,total-provision-income-taxes,income-after-taxes,income-from-continuous-operations,net-income,ebitda,ebit,basic-shares-outstanding,shares-outstanding,eps-basic-net-earnings-per-share,eps-earnings-per-share-diluted,cash-on-hand,inventory,other-current-assets,total-current-assets,net-property-plant-equipment,long-term-investments,goodwill-intangible-assets-total,other-long-term-assets,total-long-term-assets,total-assets,total-current-liabilities,long-term-debt,other-non-current-liabilities,total-long-term-liabilities,total-liabilities,common-stock-net,retained-earnings-accumulated-deficit,comprehensive-income,total-share-holder-equity,total-liabilities-share-holders-equity,net-income-loss,total-depreciation-amortization-cash-flow,other-non-cash-items,total-non-cash-items,change-in-accounts-receivable,change-in-inventories,change-in-accounts-payable,change-in-assets-liabilities,total-change-in-assets-liabilities,cash-flow-from-operating-activities,net-change-in-property-plant-equipment,net-change-in-intangible-assets,net-acquisitions-divestitures,net-change-in-short-term-investments,net-change-in-long-term-investments,net-change-in-investments-total,investing-activities-other,cash-flow-from-investing-activities,net-long-term-debt,net-current-debt,debt-issuance-retirement-net-total,net-common-equity-issued-repurchased,net-total-equity-issued-repurchased,total-common-preferred-stock-dividends-paid,financial-activities-other,cash-flow-from-financial-activities,net-cash-flow,stock-based-compensation,common-stock-dividends-paid
0,2018-09-30,38.74,$6.40,6.05,$5.12,7.57,$1.90,20.37,$1.04,37.25,$0.09B,$0.02B,5.93,$0.00B,$0.13B,0.0,$0.10B,$0.07B,69.90%,$0.10B,$0.03B,27.18%,$0.10B,$0.03B,27.18%,$0.10B,$0.03B,31.07%,$0.10B,$0.03B,27.18%,$0.10B,$0.02B,20.39%,$0.02B,$0.13B,17.91%,$0.02B,$0.08B,25.30%,$0.02B,$0.14B,15.67%,$0.03B,$0.13B,23.88%,$24,$7,$17,$2,$11,$20,$5,$0,$5,$0,$4,$4,$4,$6,$5,$20,20,$0.22,$0.21,$46,$24,$0,$87,$13,$0,$43,$0,$58,$144,$15,$0,$2,$4,$19,$0,$41,$-3,$125,$144,$17,$3,$-3,$-0,$2,$-3,$0,$-2,$-4,$13,$-2,$0,$-4,$-3,$0,$-3,$0,$-8,$0,$0,$0,$2,$2,$-4,$-1,$-3,$1,$2,$-4
1,2018-06-30,33.42,$6.24,5.36,$5.16,6.48,$1.91,17.47,$1.08,30.94,$0.09B,$0.01B,7.04,$0.00B,$0.12B,0.0,$0.10B,$0.07B,70.19%,$0.10B,$0.03B,26.92%,$0.10B,$0.03B,26.92%,$0.10B,$0.03B,30.77%,$0.10B,$0.03B,26.92%,$0.10B,$0.02B,21.15%,$0.02B,$0.12B,19.56%,$0.02B,$0.09B,27.16%,$0.02B,$0.14B,17.15%,$0.03B,$0.12B,24.89%,$27,$8,$19,$2,$11,$15,$12,$0,$12,$3,$9,$9,$9,$13,$12,$19,20,$0.45,$0.43,$53,$22,$0,$92,$12,$0,$31,$0,$45,$137,$13,$0,$1,$3,$16,$0,$38,$-3,$121,$137,$13,$2,$-4,$-2,$-1,$-1,$0,$0,$-2,$9,$-1,$0,$7,$0,$-11,$-11,$0,$-5,$0,$0,$0,$1,$1,$-3,$-1,$-3,$1,$1,$-3
2,2018-03-31,36.09,$5.88,6.14,$5.11,7.06,$1.82,19.82,$0.88,41.01,$0.08B,$0.01B,6.65,$0.00B,$0.11B,0.0,$0.10B,$0.07B,69.90%,$0.10B,$0.02B,21.36%,$0.10B,$0.02B,21.36%,$0.10B,$0.03B,25.24%,$0.10B,$0.02B,20.39%,$0.10B,$0.02B,17.48%,$0.02B,$0.11B,16.86%,$0.02B,$0.08B,24.00%,$0.02B,$0.13B,14.75%,$0.02B,$0.11B,20.61%,$26,$8,$18,$2,$12,$21,$5,$0,$5,$1,$4,$4,$4,$6,$5,$19,20,$0.20,$0.19,$45,$22,$0,$84,$12,$0,$32,$0,$45,$129,$13,$0,$1,$3,$16,$0,$31,$-2,$113,$129,$4,$1,$1,$2,$1,$-1,$0,$0,$-2,$4,$-0,$0,$0,$-0,$0,$-0,$0,$-1,$0,$0,$0,$0,$0,$0,$-0,$0,$4,$1,$0
3,2017-12-31,31.65,$5.70,5.56,$5.05,6.27,$1.70,18.67,$0.85,37.24,$0.08B,$0.01B,6.09,$0.00B,$0.11B,0.0,$0.10B,$0.07B,70.30%,$0.10B,$0.02B,20.79%,$0.10B,$0.02B,20.79%,$0.10B,$0.03B,24.75%,$0.10B,$0.02B,19.80%,$0.10B,$0.02B,16.83%,$0.02B,$0.11B,16.75%,$0.02B,$0.08B,24.64%,$0.02B,$0.13B,14.59%,$0.02B,$0.11B,20.69%,$26,$8,$18,$2,$10,$20,$6,$0,$6,$2,$4,$4,$4,$7,$6,$19,20,$0.23,$0.22,$42,$21,$0,$80,$12,$0,$32,$0,$46,$126,$13,$0,$1,$3,$17,$0,$28,$-2,$110,$126,$17,$4,$3,$7,$-2,$-1,$0,$-0,$-2,$23,$-6,$0,$0,$-23,$0,$-23,$0,$-29,$0,$0,$0,$5,$5,$-4,$-0,$0,$-5,$2,$-4
4,2017-09-30,37.14,$5.51,6.74,$4.96,7.49,$1.61,23.14,$0.77,48.24,$0.08B,$0.01B,6.25,$0.00B,$0.11B,0.0,$0.10B,$0.07B,70.41%,$0.10B,$0.02B,19.39%,$0.10B,$0.02B,19.39%,$0.10B,$0.02B,23.47%,$0.10B,$0.02B,18.37%,$0.10B,$0.02B,16.33%,$0.02B,$0.11B,16.67%,$0.02B,$0.07B,25.40%,$0.02B,$0.12B,14.48%,$0.02B,$0.11B,19.79%,$25,$7,$18,$2,$11,$20,$5,$0,$5,$0,$5,$5,$5,$6,$5,$19,20,$0.26,$0.25,$38,$21,$0,$76,$11,$0,$33,$0,$46,$121,$12,$0,$1,$3,$15,$0,$25,$-2,$106,$121,$13,$3,$2,$5,$-0,$-1,$0,$-1,$-2,$16,$-5,$0,$0,$0,$0,$0,$0,$-5,$0,$0,$0,$5,$5,$-3,$-0,$1,$13,$2,$-3
5,2017-06-30,30.94,$5.20,5.95,$4.93,6.27,$1.61,19.24,$0.69,44.84,$0.07B,$0.01B,7.25,$0.00B,$0.10B,0.0,$0.10B,$0.07B,70.83%,$0.10B,$0.02B,19.79%,$0.10B,$0.02B,19.79%,$0.10B,$0.02B,23.96%,$0.10B,$0.02B,18.75%,$0.10B,$0.01B,14.58%,$0.01B,$0.10B,15.34%,$0.01B,$0.07B,23.24%,$0.01B,$0.11B,13.27%,$0.02B,$0.10B,20.82%,$26,$8,$18,$2,$10,$20,$6,$-0,$5,$1,$5,$5,$5,$7,$6,$19,20,$0.25,$0.23,$30,$20,$0,$68,$10,$0,$33,$0,$44,$112,$9,$0,$2,$4,$14,$0,$21,$-3,$98,$112,$8,$2,$1,$3,$-1,$-1,$0,$-1,$-3,$8,$-2,$0,$0,$0,$0,$0,$0,$-2,$0,$0,$0,$2,$2,$-2,$-0,$-0,$6,$1,$-2
6,2017-03-31,24.36,$4.90,4.97,$4.82,5.05,$1.60,15.2,$0.60,40.6,$0.06B,$0.01B,5.81,$0.00B,$0.09B,0.0,$0.09B,$0.07B,70.65%,$0.09B,$0.02B,18.48%,$0.09B,$0.02B,18.48%,$0.09B,$0.02B,22.83%,$0.09B,$0.02B,18.48%,$0.09B,$0.01B,13.04%,$0.01B,$0.09B,13.71%,$0.01B,$0.06B,20.60%,$0.01B,$0.11B,11.82%,$0.02B,$0.09B,19.43%,$24,$7,$17,$2,$12,$20,$4,$0,$4,$1,$3,$3,$3,$5,$4,$19,20,$0.17,$0.16,$26,$21,$0,$63,$9,$0,$33,$0,$44,$107,$11,$0,$2,$4,$15,$0,$18,$-4,$92,$107,$3,$1,$1,$2,$-1,$-1,$0,$-0,$-2,$2,$-2,$0,$0,$0,$0,$0,$0,$-2,$0,$0,$0,$1,$1,$0,$-0,$1,$2,$0,$0
7,2016-12-31,25.01,$4.71,5.31,$4.67,5.35,$1.59,15.71,$0.55,45.47,$0.06B,$0.01B,5.63,$0.00B,$0.09B,0.0,$0.09B,$0.06B,70.45%,$0.09B,$0.02B,18.18%,$0.09B,$0.02B,18.18%,$0.09B,$0.02B,22.73%,$0.09B,$0.02B,18.18%,$0.09B,$0.01B,12.50%,$0.01B,$0.09B,12.98%,$0.01B,$0.05B,19.05%,$0.01B,$0.10B,11.22%,$0.02B,$0.09B,18.88%,$23,$7,$16,$2,$11,$19,$4,$-0,$4,$1,$3,$3,$3,$5,$4,$18,19,$0.14,$0.13,$24,$20,$0,$59,$8,$0,$33,$0,$43,$102,$10,$0,$2,$4,$14,$0,$15,$-5,$88,$102,$11,$4,$2,$6,$-1,$-0,$0,$2,$0,$17,$-3,$-0,$-14,$0,$0,$0,$0,$-17,$0,$0,$0,$1,$1,$-3,$-0,$-3,$-3,$2,$-3
8,2016-09-30,19.54,$4.67,4.19,$4.58,4.27,$1.36,14.34,$0.55,35.53,$0.07B,$0.01B,5.66,$0.00B,$0.09B,0.0,$0.09B,$0.06B,70.59%,$0.09B,$0.02B,17.65%,$0.09B,$0.02B,17.65%,$0.09B,$0.02B,22.35%,$0.09B,$0.02B,17.65%,$0.09B,$0.01B,12.94%,$0.01B,$0.09B,13.37%,$0.01B,$0.06B,19.05%,$0.01B,$0.10B,11.55%,$0.02B,$0.09B,18.24%,$23,$6,$17,$2,$10,$18,$5,$-0,$5,$2,$3,$3,$3,$6,$5,$19,19,$0.17,$0.17,$35,$17,$0,$68,$7,$0,$24,$0,$33,$101,$12,$0,$1,$3,$15,$0,$14,$-3,$87,$101,$8,$3,$2,$4,$-0,$-0,$0,$-0,$1,$13,$-2,$0,$-2,$0,$0,$0,$0,$-4,$0,$0,$0,$1,$1,$-2,$-0,$-2,$7,$1,$-2
9,2016-06-30,14.02,$4.49,3.12,$4.40,3.19,$1.12,12.51,$0.49,28.61,$0.06B,$0.01B,6.16,$0.00B,$0.08B,0.0,$0.08B,$0.06B,70.37%,$0.08B,$0.01B,16.05%,$0.08B,$0.01B,16.05%,$0.08B,$0.02B,20.99%,$0.08B,$0.01B,16.05%,$0.08B,$0.01B,12.35%,$0.01B,$0.08B,12.66%,$0.01B,$0.06B,18.35%,$0.01B,$0.10B,10.90%,$0.01B,$0.08B,16.46%,$22,$7,$15,$2,$10,$19,$4,$0,$4,$1,$3,$3,$3,$5,$4,$18,19,$0.14,$0.14,$29,$17,$0,$62,$7,$0,$24,$0,$33,$96,$10,$0,$1,$3,$13,$0,$11,$-4,$83,$96,$5,$2,$1,$3,$-1,$0,$0,$0,$-1,$6,$-1,$0,$-2,$0,$0,$0,$0,$-4,$0,$0,$0,$1,$1,$-2,$-0,$-1,$2,$1,$-2
10,2016-03-31,15.2,$4.40,3.46,$4.32,3.52,$0.99,15.32,$0.45,33.79,$0.06B,$0.01B,5.88,$0.00B,$0.08B,0.0,$0.08B,$0.06B,69.62%,$0.08B,$0.01B,15.19%,$0.08B,$0.01B,15.19%,$0.08B,$0.02B,20.25%,$0.08B,$0.01B,15.19%,$0.08B,$0.01B,11.39%,$0.01B,$0.08B,11.88%,$0.01B,$0.06B,17.48%,$0.01B,$0.09B,10.17%,$0.01B,$0.08B,15.84%,$20,$6,$14,$1,$10,$17,$3,$-0,$3,$1,$2,$2,$2,$4,$3,$18,19,$0.12,$0.11,$26,$18,$0,$60,$7,$0,$25,$0,$34,$93,$10,$0,$1,$3,$13,$0,$10,$-3,$81,$93,$2,$1,$0,$1,$-1,$-0,$0,$1,$-2,$1,$-1,$0,$-2,$0,$0,$0,$0,$-3,$0,$0,$0,$0,$0,$0,$0,$0,$-2,$0,$0
11,2015-12-31,16.84,$4.25,3.96,$4.31,3.9,$0.91,18.47,$0.42,40.1,$0.06B,$0.01B,5.61,$0.00B,$0.08B,0.0,$0.08B,$0.05B,69.23%,$0.08B,$0.01B,14.10%,$0.08B,$0.01B,14.10%,$0.08B,$0.02B,19.23%,$0.08B,$0.01B,14.10%,$0.08B,$0.01B,10.26%,$0.01B,$0.08B,11.03%,$0.01B,$0.05B,16.49%,$0.01B,$0.09B,9.38%,$0.01B,$0.08B,15.17%,$20,$6,$14,$2,$10,$17,$3,$0,$3,$1,$3,$3,$3,$4,$3,$18,18,$0.14,$0.13,$27,$15,$0,$58,$7,$0,$24,$0,$33,$91,$10,$0,$1,$2,$13,$0,$8,$-4,$78,$91,$8,$3,$1,$4,$-2,$1,$0,$-2,$-1,$11,$-2,$-0,$-1,$0,$0,$0,$0,$-3,$0,$0,$0,$5,$5,$-3,$-1,$1,$9,$1,$-3
12,2015-09-30,11.87,$4.11,2.89,$4.29,2.76,$0.67,17.83,$0.40,29.67,$0.05B,$0.01B,6.11,$0.00B,$0.07B,0.0,$0.08B,$0.05B,68.83%,$0.08B,$0.01B,14.29%,$0.08B,$0.01B,14.29%,$0.08B,$0.02B,19.48%,$0.08B,$0.01B,14.29%,$0.08B,$0.01B,9.09%,$0.01B,$0.07B,10.00%,$0.01B,$0.05B,15.22%,$0.01B,$0.09B,8.46%,$0.01B,$0.07B,15.71%,$19,$6,$14,$1,$9,$16,$3,$-0,$3,$1,$2,$2,$2,$4,$3,$18,18,$0.12,$0.11,$24,$16,$0,$54,$7,$0,$24,$0,$33,$87,$9,$0,$1,$4,$12,$0,$6,$-4,$74,$87,$5,$2,$1,$4,$-1,$-0,$0,$-1,$-2,$8,$-2,$-0,$-1,$0,$0,$0,$0,$-3,$0,$0,$0,$3,$3,$-2,$-1,$0,$5,$1,$-2
13,2015-06-30,11.71,$3.99,2.94,$4.25,2.75,$0.46,25.51,$0.34,34.44,$0.05B,$0.01B,5.45,$0.00B,$0.07B,0.0,$0.08B,$0.05B,67.11%,$0.08B,$0.01B,13.16%,$0.08B,$0.01B,13.16%,$0.08B,$0.01B,18.42%,$0.08B,$0.01B,13.16%,$0.08B,$0.01B,7.89%,$0.01B,$0.07B,8.79%,$0.01B,$0.05B,13.64%,$0.01B,$0.08B,7.32%,$0.01B,$0.07B,14.65%,$20,$7,$13,$1,$9,$17,$3,$0,$3,$1,$2,$2,$2,$4,$3,$18,18,$0.10,$0.10,$19,$16,$0,$50,$7,$0,$25,$0,$33,$83,$9,$0,$1,$4,$13,$0,$5,$-4,$70,$83,$3,$2,$1,$3,$-2,$0,$0,$-1,$-2,$3,$-1,$0,$-1,$0,$0,$0,$0,$-2,$0,$0,$0,$1,$1,$-1,$0,$-0,$1,$1,$-1
14,2015-03-31,8.1,$3.88,2.09,$4.25,1.91,$0.28,28.73,$0.32,25.32,$0.05B,$0.01B,5.7,$0.00B,$0.07B,0.0,$0.07B,$0.05B,67.57%,$0.07B,$0.01B,12.16%,$0.07B,$0.01B,12.16%,$0.07B,$0.01B,17.57%,$0.07B,$0.01B,12.16%,$0.07B,$0.01B,6.76%,$0.01B,$0.07B,7.38%,$0.01B,$0.04B,11.24%,$0.01B,$0.08B,6.13%,$0.01B,$0.07B,13.28%,$19,$6,$13,$1,$9,$17,$2,$0,$2,$1,$1,$1,$1,$3,$2,$17,18,$0.08,$0.08,$17,$16,$0,$48,$7,$0,$24,$0,$32,$80,$8,$0,$0,$3,$12,$0,$4,$-4,$68,$80,$1,$1,$1,$1,$-2,$-0,$0,$-0,$-3,$-1,$-0,$0,$-0,$0,$0,$0,$0,$-0,$0,$0,$0,$0,$0,$-1,$0,$-0,$-2,$0,$-1
15,2014-12-31,7.36,$3.93,1.87,$4.26,1.73,$0.20,37.2,$0.23,32.0,$0.05B,$0.01B,4.84,$0.00B,$0.07B,0.0,$0.07B,$0.05B,66.67%,$0.07B,$0.01B,9.72%,$0.07B,$0.01B,9.72%,$0.07B,$0.01B,15.28%,$0.07B,$0.01B,9.72%,$0.07B,$0.00B,5.56%,$0.00B,$0.07B,6.18%,$0.00B,$0.04B,9.47%,$0.00B,$0.08B,5.08%,$0.01B,$0.07B,10.81%,$19,$6,$13,$1,$9,$16,$3,$-0,$3,$1,$2,$2,$2,$4,$3,$17,17,$0.12,$0.11,$19,$17,$0,$49,$7,$0,$24,$0,$33,$81,$10,$0,$0,$3,$13,$0,$3,$-2,$68,$81,$4,$3,$2,$5,$-1,$-3,$0,$1,$-4,$6,$-1,$-0,$-7,$0,$0,$0,$0,$-8,$-1,$0,$-1,$11,$11,$-2,$-1,$7,$4,$1,$-2
16,2014-09-30,6.59,$3.86,1.7,$4.30,1.53,$0.11,59.24,$0.17,38.75,$0.05B,$0.01B,3.93,$0.00B,$0.07B,0.0,$0.07B,$0.05B,66.20%,$0.07B,$0.01B,7.04%,$0.07B,$0.01B,7.04%,$0.07B,$0.01B,12.68%,$0.07B,$0.01B,7.04%,$0.07B,$0.00B,4.23%,$0.00B,$0.07B,4.84%,$0.00B,$0.04B,7.50%,$0.00B,$0.08B,3.95%,$0.01B,$0.07B,8.06%,$18,$5,$12,$1,$9,$16,$2,$0,$2,$1,$1,$1,$1,$3,$2,$17,18,$0.05,$0.05,$18,$17,$0,$49,$7,$0,$25,$0,$34,$84,$13,$0,$0,$4,$16,$0,$1,$-2,$67,$84,$2,$2,$2,$4,$-0,$-2,$0,$-0,$-3,$3,$-1,$-0,$-6,$0,$0,$0,$0,$-6,$-1,$0,$-1,$11,$11,$-2,$-0,$7,$4,$1,$-2
17,2014-06-30,7.88,$3.92,2.01,$4.28,1.84,$0.10,82.01,$0.17,46.36,$0.05B,$0.01B,5.88,$0.00B,$0.07B,0.0,$0.07B,$0.05B,67.65%,$0.07B,$0.00B,5.88%,$0.07B,$0.00B,5.88%,$0.07B,$0.01B,10.29%,$0.07B,$0.00B,5.88%,$0.07B,$0.00B,4.41%,$0.00B,$0.07B,5.08%,$0.00B,$0.05B,7.89%,$0.00B,$0.08B,4.18%,$0.00B,$0.07B,6.78%,$18,$6,$12,$1,$9,$16,$2,$0,$2,$1,$1,$1,$1,$3,$2,$16,17,$0.08,$0.08,$24,$15,$0,$53,$5,$0,$20,$0,$28,$81,$9,$0,$0,$4,$13,$0,$0,$-0,$68,$81,$1,$2,$1,$3,$-1,$-2,$0,$0,$-4,$-0,$-1,$-0,$-0,$0,$0,$0,$0,$-1,$0,$0,$0,$11,$11,$-1,$0,$10,$9,$1,$-1
18,2014-03-31,7.66,$3.60,2.12,$4.20,1.82,$0.11,71.76,$0.15,51.05,$0.04B,$0.01B,4.63,$0.00B,$0.06B,0.0,$0.07B,$0.05B,68.18%,$0.07B,$0.00B,4.55%,$0.07B,$0.00B,4.55%,$0.07B,$0.01B,9.09%,$0.07B,$0.00B,4.55%,$0.07B,$0.00B,4.55%,$0.00B,$0.06B,5.41%,$0.00B,$0.04B,8.57%,$0.00B,$0.07B,4.44%,$0.00B,$0.06B,5.41%,$17,$6,$11,$1,$10,$17,$-0,$-0,$-0,$-0,$-0,$-0,$-0,$1,$-0,$16,16,$-0.01,$-0.01,$13,$14,$0,$40,$6,$0,$21,$0,$28,$69,$9,$0,$0,$4,$12,$0,$-1,$-0,$56,$69,$-0,$1,$0,$1,$0,$-1,$0,$0,$-3,$-2,$-0,$-0,$-0,$0,$0,$0,$0,$-1,$0,$0,$0,$0,$0,$0,$0,$0,$-2,$0,$0
19,2013-12-31,7.57,$3.63,2.08,$4.11,1.84,$0.18,42.63,$0.21,36.03,$0.04B,$0.01B,4.08,$0.00B,$0.06B,0.0,$0.06B,$0.05B,70.31%,$0.06B,$0.00B,6.25%,$0.06B,$0.00B,6.25%,$0.06B,$0.01B,10.94%,$0.06B,$0.00B,6.25%,$0.06B,$0.00B,6.25%,$0.00B,$0.06B,7.31%,$0.00B,$0.04B,11.43%,$0.00B,$0.07B,6.06%,$0.00B,$0.06B,7.31%,$18,$6,$12,$1,$9,$17,$1,$-0,$1,$0,$1,$1,$1,$2,$1,$15,16,$0.04,$0.04,$15,$13,$0,$42,$6,$0,$21,$0,$29,$70,$10,$0,$0,$4,$14,$0,$-1,$-0,$57,$70,$3,$3,$2,$5,$-1,$-2,$0,$-0,$-3,$5,$-3,$-0,$-3,$0,$0,$0,$0,$-6,$0,$0,$0,$1,$1,$-2,$0,$-1,$-2,$1,$-2
20,2013-09-30,6.31,$3.59,1.76,$3.91,1.61,$0.23,26.99,$0.20,31.53,$0.04B,$0.01B,4.2,$0.00B,$0.06B,0.0,$0.06B,$0.04B,70.49%,$0.06B,$0.00B,6.56%,$0.06B,$0.00B,6.56%,$0.06B,$0.01B,11.48%,$0.06B,$0.00B,6.56%,$0.06B,$0.00B,6.56%,$0.00B,$0.06B,7.44%,$0.00B,$0.03B,11.51%,$0.00B,$0.07B,6.23%,$0.00B,$0.06B,7.44%,$15,$5,$11,$1,$8,$15,$1,$0,$1,$0,$1,$1,$1,$1,$1,$15,16,$0.05,$0.05,$14,$13,$0,$39,$6,$0,$21,$0,$28,$67,$9,$0,$0,$2,$11,$0,$-1,$-0,$55,$67,$2,$2,$1,$3,$0,$-2,$0,$-0,$-2,$4,$-2,$-0,$-3,$0,$0,$0,$0,$-6,$0,$0,$0,$0,$0,$-1,$0,$-1,$-3,$1,$-1
21,2013-06-30,6.13,$3.55,1.73,$3.82,1.6,$0.36,17.15,$0.19,32.26,$0.04B,$0.01B,5.21,$0.00B,$0.05B,0.0,$0.06B,$0.04B,70.00%,$0.06B,$0.00B,6.67%,$0.06B,$0.00B,6.67%,$0.06B,$0.01B,13.33%,$0.06B,$0.00B,6.67%,$0.06B,$0.00B,6.67%,$0.00B,$0.05B,7.55%,$0.00B,$0.04B,11.19%,$0.00B,$0.06B,6.37%,$0.00B,$0.05B,7.55%,$16,$5,$11,$1,$8,$15,$1,$-0,$1,$0,$1,$1,$1,$2,$1,$15,16,$0.06,$0.06,$15,$12,$0,$39,$6,$0,$19,$0,$25,$64,$7,$0,$0,$2,$10,$0,$-2,$-1,$54,$64,$2,$1,$1,$2,$-1,$-1,$0,$0,$-2,$2,$-2,$-0,$-0,$0,$0,$0,$0,$-2,$0,$0,$0,$0,$0,$-1,$0,$-1,$-2,$1,$-1
22,2013-03-31,5.78,$3.50,1.65,$3.72,1.55,$0.50,11.52,$0.18,32.13,$0.04B,$0.01B,4.92,$0.00B,$0.05B,0.0,$0.06B,$0.04B,72.41%,$0.06B,$0.00B,6.90%,$0.06B,$0.00B,6.90%,$0.06B,$0.01B,13.79%,$0.06B,$0.00B,6.90%,$0.06B,$0.00B,6.90%,$0.00B,$0.05B,7.62%,$0.00B,$0.04B,11.11%,$0.00B,$0.06B,6.48%,$0.00B,$0.05B,7.62%,$15,$4,$11,$1,$9,$14,$1,$-0,$1,$0,$1,$1,$1,$2,$1,$15,16,$0.06,$0.05,$15,$11,$0,$39,$5,$0,$19,$0,$25,$63,$8,$0,$0,$2,$10,$0,$-3,$-1,$53,$63,$1,$1,$0,$1,$-0,$-1,$0,$-0,$-2,$-0,$-1,$-0,$-0,$0,$0,$0,$0,$-1,$0,$0,$0,$0,$0,$0,$0,$0,$-1,$0,$0
23,2012-12-31,5.33,$3.48,1.53,$3.63,1.47,$0.57,9.27,$0.15,35.51,$0.04B,$0.01B,4.66,$0.00B,$0.05B,0.0,$0.06B,$0.04B,71.93%,$0.06B,$0.00B,7.02%,$0.06B,$0.00B,7.02%,$0.06B,$0.01B,12.28%,$0.06B,$0.00B,7.02%,$0.06B,$0.00B,5.26%,$0.00B,$0.05B,5.74%,$0.00B,$0.03B,8.22%,$0.00B,$0.06B,4.94%,$0.00B,$0.05B,7.66%,$15,$4,$10,$2,$8,$14,$1,$-0,$1,$0,$1,$1,$1,$2,$1,$15,16,$0.05,$0.05,$16,$11,$0,$39,$5,$0,$19,$0,$24,$63,$8,$0,$0,$2,$10,$0,$-4,$-0,$53,$63,$3,$2,$3,$5,$-1,$-4,$0,$0,$-3,$5,$-1,$-0,$-4,$0,$0,$0,$0,$-5,$0,$0,$0,$-2,$-2,$-2,$0,$-3,$-4,$1,$-2
24,2012-09-30,5.93,$3.44,1.73,$3.52,1.69,$0.42,14.06,$0.13,45.65,$0.04B,$0.01B,5.15,$0.00B,$0.05B,0.0,$0.06B,$0.04B,74.55%,$0.06B,$0.00B,7.27%,$0.06B,$0.00B,7.27%,$0.06B,$0.01B,10.91%,$0.06B,$0.00B,7.27%,$0.06B,$0.00B,3.64%,$0.00B,$0.05B,3.85%,$0.00B,$0.04B,5.37%,$0.00B,$0.06B,3.33%,$0.00B,$0.05B,7.69%,$14,$4,$10,$1,$8,$13,$1,$0,$1,$0,$1,$1,$1,$2,$1,$15,16,$0.04,$0.04,$21,$10,$0,$42,$4,$0,$14,$0,$19,$61,$8,$0,$0,$1,$9,$0,$-5,$-1,$52,$61,$2,$2,$2,$4,$-0,$-3,$0,$0,$-2,$4,$-1,$-0,$0,$0,$0,$0,$0,$-1,$0,$0,$0,$-2,$-2,$-1,$0,$-3,$1,$1,$-1
25,2012-06-30,5.52,$3.43,1.61,$3.55,1.56,$0.33,16.92,$0.17,32.49,$0.04B,$0.01B,5.86,$0.00B,$0.05B,0.0,$0.06B,$0.04B,73.21%,$0.06B,$0.01B,8.93%,$0.06B,$0.01B,8.93%,$0.06B,$0.01B,12.50%,$0.06B,$0.01B,8.93%,$0.06B,$0.00B,3.57%,$0.00B,$0.05B,3.83%,$0.00B,$0.04B,5.41%,$0.00B,$0.06B,3.31%,$0.01B,$0.05B,9.57%,$14,$4,$11,$1,$8,$13,$1,$-0,$1,$1,$1,$1,$1,$2,$1,$15,16,$0.05,$0.05,$20,$9,$0,$41,$5,$0,$14,$0,$19,$60,$7,$0,$0,$1,$8,$0,$-5,$-1,$52,$60,$1,$1,$2,$3,$-0,$-2,$0,$0,$-2,$2,$-1,$-0,$0,$0,$0,$0,$0,$-1,$0,$0,$0,$-1,$-1,$-1,$0,$-2,$0,$1,$-1
26,2012-03-31,5.4,$3.42,1.58,$3.57,1.51,$0.23,23.49,$0.15,35.98,$0.04B,$0.01B,6.3,$0.00B,$0.05B,0.0,$0.06B,$0.04B,70.18%,$0.06B,$0.01B,8.77%,$0.06B,$0.01B,8.77%,$0.06B,$0.01B,10.53%,$0.06B,$0.01B,8.77%,$0.06B,$0.00B,3.51%,$0.00B,$0.05B,3.81%,$0.00B,$0.04B,5.41%,$0.00B,$0.06B,3.28%,$0.01B,$0.05B,9.52%,$14,$4,$10,$1,$8,$13,$1,$-0,$1,$0,$0,$0,$0,$1,$1,$15,16,$0.03,$0.02,$20,$8,$0,$40,$5,$0,$15,$0,$20,$59,$6,$0,$0,$1,$7,$0,$-6,$-0,$52,$59,$0,$1,$1,$2,$-0,$-1,$0,$0,$-2,$0,$-0,$-0,$0,$0,$0,$0,$0,$-0,$0,$0,$0,$-1,$-1,$0,$0,$-1,$-1,$0,$0
27,2011-12-31,5.4,$3.40,1.59,$3.60,1.5,$0.04,135.67,$0.13,41.54,$0.04B,$0.01B,6.07,$0.00B,$0.05B,0.0,$0.06B,$0.04B,68.97%,$0.06B,$0.00B,6.90%,$0.06B,$0.00B,6.90%,$0.06B,$0.01B,8.62%,$0.06B,$0.00B,6.90%,$0.06B,$0.00B,3.45%,$0.00B,$0.05B,3.81%,$0.00B,$0.04B,5.41%,$0.00B,$0.06B,3.25%,$0.00B,$0.05B,7.62%,$13,$4,$10,$1,$7,$13,$1,$-0,$1,$0,$0,$0,$0,$1,$1,$15,16,$0.03,$0.02,$20,$8,$0,$40,$5,$0,$15,$0,$20,$60,$7,$0,$0,$1,$8,$0,$-6,$-1,$52,$60,$2,$2,$3,$5,$-0,$-1,$0,$0,$-4,$3,$-2,$-0,$0,$0,$0,$0,$0,$-2,$0,$0,$0,$-2,$-2,$-1,$-0,$-4,$-2,$1,$-1
28,2011-09-30,5.65,$3.41,1.66,$3.65,1.55,$0.25,22.41,$0.24,23.55,$0.04B,$0.01B,4.35,$0.00B,$0.05B,0.0,$0.06B,$0.04B,67.80%,$0.06B,$0.00B,3.39%,$0.06B,$0.00B,3.39%,$0.06B,$0.00B,5.08%,$0.06B,$0.00B,3.39%,$0.06B,$0.00B,6.78%,$0.00B,$0.05B,7.62%,$0.00B,$0.04B,10.81%,$0.00B,$0.06B,6.43%,$0.00B,$0.05B,3.81%,$15,$4,$10,$1,$8,$13,$2,$-0,$2,$1,$1,$1,$1,$3,$2,$15,16,$0.08,$0.08,$23,$7,$0,$43,$4,$0,$15,$0,$20,$63,$10,$0,$0,$1,$10,$0,$-7,$-0,$53,$63,$2,$1,$2,$3,$-0,$0,$0,$-0,$-1,$3,$-1,$-0,$1,$0,$0,$0,$0,$-1,$0,$0,$0,$-1,$-1,$-1,$0,$-2,$0,$1,$-1
29,2011-06-30,6.41,$3.41,1.88,$3.59,1.78,$0.43,14.95,$0.25,25.62,$0.04B,$0.01B,4.98,$0.00B,$0.05B,0.0,$0.06B,$0.04B,68.97%,$0.06B,$0.00B,3.45%,$0.06B,$0.00B,3.45%,$0.06B,$0.00B,3.45%,$0.06B,$0.00B,3.45%,$0.06B,$0.01B,8.62%,$0.01B,$0.05B,9.62%,$0.01B,$0.04B,13.42%,$0.01B,$0.06B,8.10%,$0.00B,$0.05B,3.85%,$15,$5,$10,$1,$8,$14,$1,$0,$1,$0,$1,$1,$1,$1,$1,$15,16,$0.03,$0.03,$21,$8,$0,$42,$4,$0,$15,$0,$20,$62,$8,$0,$0,$1,$9,$0,$-8,$-0,$53,$62,$1,$1,$2,$3,$-0,$0,$0,$0,$-2,$1,$-1,$-0,$-1,$0,$0,$0,$0,$-1,$0,$0,$0,$-0,$-0,$-1,$0,$-1,$-1,$1,$-1
30,2011-03-31,6.15,$3.39,1.82,$3.53,1.74,$0.58,10.52,$0.31,19.85,$0.04B,$0.01B,5.0,$0.00B,$0.05B,0.0,$0.06B,$0.04B,71.93%,$0.06B,$0.00B,5.26%,$0.06B,$0.00B,5.26%,$0.06B,$0.00B,5.26%,$0.06B,$0.00B,5.26%,$0.06B,$0.01B,10.53%,$0.01B,$0.05B,11.76%,$0.01B,$0.04B,16.33%,$0.01B,$0.06B,9.88%,$0.00B,$0.05B,5.88%,$15,$4,$10,$1,$8,$15,$-0,$0,$0,$0,$0,$0,$0,$0,$-0,$15,16,$0.00,$0.00,$19,$9,$0,$41,$4,$0,$15,$0,$20,$61,$8,$0,$0,$1,$9,$0,$-9,$-0,$52,$61,$0,$0,$1,$2,$-1,$-1,$0,$-0,$-4,$-2,$-1,$-0,$-0,$0,$0,$0,$0,$-1,$0,$0,$0,$-0,$-0,$0,$0,$-0,$-4,$0,$0
31,2010-12-31,6.1,$3.38,1.8,$3.48,1.75,$0.80,7.61,$0.37,16.48,$0.04B,$0.01B,4.13,$0.00B,$0.05B,0.0,$0.06B,$0.04B,73.21%,$0.06B,$0.00B,7.14%,$0.06B,$0.00B,7.14%,$0.06B,$0.01B,8.93%,$0.06B,$0.00B,7.14%,$0.06B,$0.01B,12.50%,$0.01B,$0.05B,13.93%,$0.01B,$0.04B,19.44%,$0.01B,$0.06B,11.72%,$0.00B,$0.05B,7.96%,$14,$4,$10,$1,$8,$16,$-1,$-0,$-1,$-3,$2,$2,$2,$-1,$-1,$16,16,$0.11,$0.13,$23,$8,$0,$43,$4,$0,$16,$1,$20,$63,$10,$0,$0,$1,$11,$0,$-9,$-0,$52,$63,$6,$1,$0,$1,$-1,$-2,$0,$-1,$-0,$7,$-2,$-0,$-3,$1,$0,$1,$0,$-5,$0,$0,$0,$-2,$-2,$0,$0,$-2,$-1,$1,$0
32,2010-09-30,6.35,$3.28,1.94,$3.44,1.84,$0.82,7.72,$0.32,19.85,$0.04B,$0.01B,5.65,$0.00B,$0.05B,0.0,$0.06B,$0.04B,73.21%,$0.06B,$0.01B,10.71%,$0.06B,$0.01B,10.71%,$0.06B,$0.01B,14.29%,$0.06B,$0.01B,10.71%,$0.06B,$0.01B,10.71%,$0.01B,$0.05B,12.18%,$0.01B,$0.04B,17.02%,$0.01B,$0.06B,10.30%,$0.01B,$0.05B,12.18%,$14,$3,$10,$1,$7,$12,$2,$0,$2,$1,$2,$2,$2,$2,$2,$16,16,$0.10,$0.09,$28,$7,$0,$44,$3,$0,$14,$1,$17,$61,$8,$0,$0,$2,$10,$0,$-11,$-0,$51,$61,$4,$1,$2,$3,$-1,$-1,$0,$-0,$-1,$6,$-1,$-0,$0,$1,$0,$1,$0,$-1,$-0,$0,$-0,$-1,$-1,$0,$0,$-1,$4,$1,$0
33,2010-06-30,5.04,$3.16,1.6,$3.43,1.47,$0.71,7.15,$0.31,16.27,$0.04B,$0.01B,6.15,$0.00B,$0.05B,0.0,$0.06B,$0.04B,74.55%,$0.06B,$0.01B,9.09%,$0.06B,$0.01B,9.09%,$0.06B,$0.01B,14.55%,$0.06B,$0.01B,9.09%,$0.06B,$0.01B,9.09%,$0.01B,$0.05B,10.36%,$0.01B,$0.04B,14.71%,$0.01B,$0.06B,8.77%,$0.01B,$0.05B,10.31%,$14,$4,$11,$1,$7,$12,$2,$-0,$2,$0,$2,$2,$2,$2,$2,$16,16,$0.10,$0.09,$26,$6,$0,$41,$2,$0,$14,$1,$17,$58,$7,$0,$0,$2,$9,$0,$-12,$-1,$49,$58,$3,$1,$1,$2,$-1,$-1,$0,$-0,$-1,$3,$-1,$-0,$0,$0,$0,$0,$0,$-0,$-0,$0,$-0,$-1,$-1,$0,$0,$-1,$2,$0,$0
34,2010-03-31,4.05,$3.11,1.3,$3.35,1.21,$0.54,7.58,$0.28,14.48,$0.04B,$0.01B,6.39,$0.00B,$0.05B,0.0,$0.05B,$0.04B,72.22%,$0.05B,$0.00B,7.41%,$0.05B,$0.00B,7.41%,$0.05B,$0.01B,12.96%,$0.05B,$0.00B,7.41%,$0.05B,$0.00B,7.41%,$0.00B,$0.05B,8.42%,$0.00B,$0.03B,12.12%,$0.00B,$0.06B,7.14%,$0.00B,$0.05B,8.38%,$14,$3,$10,$2,$8,$13,$1,$0,$1,$0,$1,$1,$1,$2,$1,$16,16,$0.07,$0.06,$24,$6,$0,$40,$2,$0,$14,$1,$17,$57,$6,$0,$0,$2,$8,$0,$-14,$-0,$49,$57,$1,$0,$1,$1,$-1,$-0,$0,$-0,$-1,$1,$-0,$-0,$0,$0,$0,$0,$0,$0,$-0,$0,$-0,$-0,$-0,$0,$0,$-0,$0,$0,$0
35,2009-12-31,4.5,$3.07,1.47,$3.21,1.4,$0.35,12.92,$0.10,45.04,$0.04B,$0.01B,6.04,$0.00B,$0.05B,0.0,$0.05B,$0.04B,72.55%,$0.05B,$0.00B,1.96%,$0.05B,$0.00B,1.96%,$0.05B,$0.00B,7.84%,$0.05B,$0.00B,1.96%,$0.05B,$0.00B,1.96%,$0.00B,$0.05B,2.16%,$0.00B,$0.03B,3.15%,$0.00B,$0.06B,1.83%,$0.00B,$0.05B,2.15%,$14,$3,$10,$2,$7,$12,$1,$0,$1,$0,$1,$1,$1,$2,$1,$16,16,$0.08,$0.08,$24,$6,$0,$40,$2,$0,$14,$1,$17,$57,$7,$0,$0,$2,$9,$0,$-15,$0,$48,$57,$2,$1,$2,$3,$-0,$0,$0,$1,$0,$5,$-1,$-1,$-1,$5,$0,$5,$0,$2,$0,$0,$0,$-0,$-0,$0,$0,$-0,$7,$1,$0
36,2009-09-30,3.68,$3.02,1.22,$3.14,1.17,$0.04,91.65,$0.04,92.11,$0.04B,$0.01B,5.6,$0.00B,$0.05B,0.0,$0.05B,$0.04B,71.43%,$0.05B,0,0.00%,$0.05B,0,0.00%,$0.05B,$0.00B,6.12%,$0.05B,0,0.00%,$0.05B,0,0.00%,$0.00B,$0.05B,0.00%,$0.00B,$0.03B,0.00%,$0.00B,$0.06B,0.00%,$0.00B,$0.05B,0.00%,$13,$4,$10,$1,$7,$12,$1,$0,$1,$0,$1,$1,$1,$2,$1,$16,16,$0.08,$0.08,$23,$6,$0,$39,$2,$0,$15,$1,$18,$56,$7,$0,$0,$2,$9,$0,$-16,$0,$47,$56,$0,$1,$1,$3,$-0,$0,$0,$0,$1,$3,$-0,$-1,$-1,$2,$0,$2,$0,$0,$0,$0,$0,$-0,$-0,$0,$0,$-0,$4,$1,$0
37,2009-06-30,2.85,$2.91,0.98,$3.07,0.93,$-0.31,0.0,$-0.05,0.0,$0.04B,$0.01B,5.79,$0.00B,$0.05B,0.0,$0.05B,$0.03B,68.75%,$0.05B,$-0.00B,-2.08%,$0.05B,$-0.00B,-2.08%,$0.05B,$0.00B,4.17%,$0.05B,$-0.00B,-2.08%,$0.05B,$-0.00B,-2.08%,$-0.00B,$0.05B,-2.21%,$-0.00B,$0.03B,-3.25%,$-0.00B,$0.05B,-1.88%,$-0.00B,$0.05B,-2.21%,$13,$4,$9,$1,$7,$12,$1,$0,$1,$0,$1,$1,$1,$1,$1,$16,16,$0.06,$0.06,$20,$7,$0,$36,$2,$0,$15,$1,$18,$54,$6,$0,$0,$2,$8,$0,$-17,$0,$46,$54,$-1,$1,$1,$2,$-1,$-0,$0,$0,$-0,$0,$-0,$-1,$-1,$2,$0,$2,$0,$0,$0,$0,$0,$0,$0,$0,$0,$0,$1,$0,$0
38,2009-03-31,2.28,$2.81,0.81,$3.09,0.74,$-0.55,0.0,$-0.17,0.0,$0.03B,$0.01B,6.45,$0.00B,$0.04B,0.0,$0.05B,$0.03B,68.75%,$0.05B,$-0.00B,-6.25%,$0.05B,$-0.00B,-6.25%,$0.05B,$0.00B,2.08%,$0.05B,$-0.00B,-6.25%,$0.05B,$-0.00B,-6.25%,$-0.00B,$0.04B,-6.63%,$-0.00B,$0.03B,-9.76%,$-0.00B,$0.05B,-5.58%,$-0.00B,$0.04B,-6.63%,$11,$3,$8,$1,$7,$13,$-2,$-0,$-2,$0,$-2,$-2,$-2,$-1,$-2,$16,16,$-0.12,$-0.12,$17,$7,$0,$33,$2,$0,$15,$1,$18,$51,$5,$0,$0,$2,$7,$0,$-18,$-0,$44,$51,$-2,$0,$1,$1,$-0,$-1,$0,$0,$-1,$-2,$-0,$-1,$-1,$2,$0,$2,$0,$1,$0,$0,$0,$0,$0,$0,$0,$0,$-2,$0,$0
39,2008-12-31,2.08,$2.92,0.71,$3.13,0.66,$-0.68,0.0,$-0.22,0.0,$0.04B,$0.01B,5.35,$0.00B,$0.05B,0.0,$0.05B,$0.03B,67.35%,$0.05B,$-0.00B,-8.16%,$0.05B,$-0.00B,-8.16%,$0.05B,0,0.00%,$0.05B,$-0.00B,-6.12%,$0.05B,$-0.00B,-8.16%,$-0.00B,$0.05B,-8.70%,$-0.00B,$0.03B,-12.70%,$-0.00B,$0.05B,-7.24%,$-0.00B,$0.05B,-8.70%,$12,$4,$8,$1,$7,$12,$0,$-0,$0,$-0,$0,$0,$0,$1,$0,$16,16,$0.03,$0.03,$21,$7,$0,$37,$2,$0,$14,$1,$17,$54,$7,$0,$0,$2,$9,$0,$-16,$-0,$46,$54,$-3,$1,$3,$4,$-0,$1,$0,$1,$-1,$1,$-1,$-0,$-1,$11,$0,$11,$0,$9,$0,$-0,$-0,$0,$0,$0,$0,$-0,$9,$1,$0
40,2008-09-30,2.89,$2.90,1.0,$3.07,0.94,$-0.87,0.0,$-0.32,0.0,$0.04B,$0.01B,5.55,$0.00B,$0.05B,0.0,$0.05B,$0.03B,68.75%,$0.05B,$-0.01B,-10.42%,$0.05B,$-0.01B,-10.42%,$0.05B,$-0.00B,-2.08%,$0.05B,$-0.00B,-8.33%,$0.05B,$-0.01B,-10.42%,$-0.01B,$0.05B,-10.70%,$-0.01B,$0.03B,-15.63%,$-0.01B,$0.05B,-8.77%,$-0.01B,$0.05B,-10.70%,$12,$4,$8,$1,$7,$12,$0,$-0,$-0,$0,$-0,$-0,$-0,$1,$0,$16,16,$-0.01,$-0.01,$19,$8,$0,$36,$3,$0,$14,$1,$18,$54,$6,$0,$0,$2,$8,$0,$-17,$-0,$45,$54,$-4,$1,$2,$3,$0,$0,$0,$1,$-2,$-2,$-1,$-0,$-1,$10,$0,$10,$0,$9,$0,$-0,$-0,$0,$0,$0,$0,$0,$7,$1,$0
41,2008-06-30,2.71,$0.00,0.0,$2.96,0.92,$-0.85,0.0,$-0.40,0.0,$0.04B,$0.01B,4.43,$0.00B,$0.05B,0.0,$0.05B,$0.03B,71.74%,$0.05B,$-0.01B,-15.22%,$0.05B,$-0.01B,-15.22%,$0.05B,$-0.00B,-6.52%,$0.05B,$-0.01B,-10.87%,$0.05B,$-0.01B,-13.04%,$-0.01B,$0.05B,-12.50%,$-0.01B,$0.03B,-18.05%,$-0.01B,$0.06B,-10.39%,$-0.01B,$0.05B,-14.58%,$13,$4,$9,$1,$8,$14,$-1,$0,$-1,$0,$-1,$-1,$-1,$-0,$-1,$16,16,$-0.06,$-0.06,$18,$10,$2,$38,$0,$0,$14,$1,$16,$56,$8,$0,$0,$2,$10,$0,$-16,$0,$46,$56,$-3,$1,$1,$2,$0,$-0,$0,$0,$-2,$-3,$-1,$-0,$-0,$8,$0,$8,$0,$7,$0,$-0,$-0,$0,$0,$0,$0,$-0,$4,$0,$0
42,2008-03-31,2.93,$0.00,0.0,$2.79,1.05,$-0.76,0.0,$-0.33,0.0,$0.04B,$0.01B,4.56,$0.00B,$0.05B,0.0,$0.04B,$0.03B,74.42%,$0.04B,$-0.01B,-13.95%,$0.04B,$-0.01B,-13.95%,$0.04B,$-0.00B,-6.98%,$0.04B,$-0.00B,-9.30%,$0.04B,$-0.01B,-11.63%,$-0.01B,$0.05B,-10.20%,$-0.01B,$0.03B,-14.18%,$-0.01B,$0.06B,-8.66%,$-0.01B,$0.05B,-12.24%,$12,$3,$8,$1,$9,$14,$-3,$0,$-2,$0,$-3,$-3,$-3,$-2,$-3,$16,16,$-0.17,$-0.17,$18,$10,$3,$38,$0,$0,$14,$1,$16,$57,$8,$0,$1,$2,$10,$0,$-15,$0,$47,$57,$-3,$0,$1,$1,$0,$-1,$0,$-0,$-3,$-4,$-0,$-0,$-0,$4,$0,$4,$0,$3,$0,$-0,$-0,$0,$0,$0,$0,$-0,$-1,$0,$0
43,2007-12-31,5.58,$3.14,1.78,$2.68,2.09,$-0.62,0.0,$-0.20,0.0,$0.04B,$0.01B,4.16,$0.00B,$0.05B,0.0,$0.04B,$0.03B,75.61%,$0.04B,$-0.00B,-9.76%,$0.04B,$-0.00B,-9.76%,$0.04B,$-0.00B,-4.88%,$0.04B,$-0.00B,-7.32%,$0.04B,$-0.00B,-7.32%,$-0.00B,$0.05B,-6.03%,$-0.00B,$0.03B,-8.11%,$-0.00B,$0.06B,-5.22%,$-0.00B,$0.05B,-8.04%,$11,$3,$8,$1,$8,$12,$-1,$-0,$-1,$0,$-1,$-1,$-1,$-0,$-1,$15,15,$-0.08,$-0.08,$23,$10,$0,$42,$3,$0,$15,$1,$19,$61,$10,$0,$1,$2,$12,$0,$-13,$0,$49,$61,$-3,$1,$2,$1,$-2,$-2,$0,$-1,$-2,$-2,$-1,$-0,$-5,$-3,$0,$-3,$-0,$-9,$-0,$-0,$0,$0,$0,$0,$-0,$0,$-11,$1,$0
44,2007-09-30,6.79,$0.00,0.0,$1.96,3.47,$-0.43,0.0,$-0.12,0.0,$0.04B,$0.01B,6.1,$0.00B,$0.05B,0.0,$0.03B,$0.02B,76.67%,$0.03B,$-0.00B,-10.00%,$0.03B,$-0.00B,-10.00%,$0.03B,$-0.00B,-6.67%,$0.03B,$-0.00B,-6.67%,$0.03B,$-0.00B,-6.67%,$-0.00B,$0.05B,-3.98%,$-0.00B,$0.04B,-5.19%,$-0.00B,$0.06B,-3.54%,$-0.00B,$0.05B,-5.97%,$10,$3,$8,$1,$7,$12,$-2,$1,$-1,$0,$-1,$-1,$-1,$-1,$-2,$15,15,$-0.09,$-0.09,$26,$8,$1,$41,$0,$0,$13,$0,$14,$57,$7,$0,$0,$1,$8,$0,$-12,$0,$50,$57,$-2,$1,$1,$2,$-1,$-2,$0,$1,$-1,$-1,$-1,$0,$-3,$-5,$0,$-5,$-0,$-8,$0,$-0,$-0,$0,$0,$0,$-0,$0,$-10,$0,$0
