,Date,Stock Price,Book Value per Share,Price to Book Ratio,TTM Sales per Share,Price to Sales Ratio,TTM FCF per Share,Price to FCF Ratio,TTM Net EPS,PE Ratio,Current Assets,Current Liabilities,Current Ratio,Long Term Debt,Shareholder's Equity_x,Debt to Equity Ratio,TTM Revenue_x,TTM Gross Profit,Gross Margin,TTM Revenue_y,TTM Operating Income,Operating Margin,TTM Revenue_x,TTM EBIT,EBIT Margin,TTM Revenue_y,TTM EBITDA,EBITDA Margin,TTM Revenue_x,TTM Pre-Tax Income,Pre-Tax Margin,TTM Revenue_y,TTM Net Income_x,Net Margin,TTM Net Income_y,Shareholder's Equity_y,Return on Equity,TTM Net Income_x,Tangible Equity,Return on Tangible Equity,TTM Net Income_y,Total Assets,Return on Assets,TTM Net Income,LT Investments & Debt,Return on Investment,revenue,cost-goods-sold,gross-profit,research-development-expenses,selling-general-administrative-expenses,operating-expenses,operating-income,total-non-operating-income-expense,pre-tax-income,total-provision-income-taxes,income-after-taxes,income-from-continuous-operations,net-income,ebitda,ebit,basic-shares-outstanding,shares-outstanding,eps-basic-net-earnings-per-share,eps-earnings-per-share-diluted,cash-on-hand,inventory,other-current-assets,total-current-assets,net-property-plant-equipment,long-term-investments,goodwill-intangible-assets-total,other-long-term-assets,total-long-term-assets,total-assets,total-current-liabilities,long-term-debt,other-non-current-liabilities,total-long-term-liabilities,total-liabilities,common-stock-net,retained-earnings-accumulated-deficit,comprehensive-income,total-share-holder-equity,total-liabilities-share-holders-equity,net-income-loss,total-depreciation-amortization-cash-flow,other-non-cash-items,total-non-cash-items,change-in-accounts-receivable,change-in-inventories,change-in-accounts-payable,change-in-assets-liabilities,total-change-in-assets-liabilities,cash-flow-from-operating-activities,net-change-in-property-plant-equipment,net-change-in-intangible-assets,net-acquisitions-divestitures,net-change-in-short-term-investments,net-change-in-long-term-investments,net-change-in-investments-total,investing-activities-other,cash-flow-from-investing-activities,net-long-term-debt,net-current-debt,debt-issuance-retirement-net-total,net-common-equity-issued-repurchased,net-total-equity-issued-repurchased,total-common-preferred-stock-dividends-paid,financial-activities-other,cash-flow-from-financial-activities,net-cash-flow,stock-based-compensation,common-stock-dividends-paid
0,2018-09-30,0.5,$1.48,0.34,$8.21,0.06,$-6.88,0.0,$0.70,0.71,$0.00B,$0.00B,3.34,$0.00B,$0.00B,0.61,$0.00B,$0.00B,100.00%,$0.00B,$-0.00B,-50.00%,$0.00B,$-0.00B,-50.00%,$0.00B,$-0.00B,-50.00%,$0.00B,$-0.00B,-100.00%,$0.00B,$-0.00B,-100.00%,$-0.00B,$0.00B,-320.00%,$-0.00B,$0.00B,-320.00%,$-0.00B,$0.00B,-200.00%,$-0.00B,$0.00B,-160.00%,$1,$0,$1,$0,$1,$1,$-0,$-0,$-1,$0,$-1,$-1,$-1,$0,$-0,$1,1,$-0.94,$-0.94,$1,$0,$0,$2,$0,$0,$0,$0,$0,$2,$1,$1,$0,$1,$1,$0,$-11,$0,$1,$2,$-0,$1,$-0,$0,$0,$0,$0,$-0,$-0,$-0,$0,$0,$0,$0,$0,$0,$0,$0,$0,$0,$0,$0,$0,$0,$-0,$0,$0,$0,$0
1,2018-06-30,0.44,$2.41,0.18,$10.12,0.04,$-11.61,0.0,$-13.60,0.0,$0.00B,$0.00B,4.67,$0.00B,$0.00B,0.29,$0.00B,$0.00B,100.00%,$0.00B,$-0.00B,-50.00%,$0.00B,$-0.00B,-50.00%,$0.00B,$-0.00B,-50.00%,$0.00B,$-0.00B,-100.00%,$0.00B,$-0.01B,-200.00%,$-0.01B,$0.00B,-1600.00%,$-0.01B,$0.00B,-1600.00%,$-0.01B,$0.00B,-320.00%,$-0.00B,$0.00B,-114.29%,$1,$0,$1,$0,$1,$1,$0,$0,$0,$0,$0,$0,$0,$0,$0,$1,1,$0.70,$0.70,$1,$0,$0,$2,$0,$0,$0,$0,$0,$2,$0,$0,$0,$0,$1,$0,$-11,$0,$2,$2,$0,$0,$-0,$-0,$0,$0,$0,$-0,$-0,$-0,$0,$0,$0,$0,$0,$0,$0,$0,$0,$0,$0,$0,$0,$0,$-0,$0,$1,$0,$0
2,2018-03-31,0.83,$1.42,0.58,$11.67,0.07,$-15.90,0.0,$-16.70,0.0,$0.00B,$0.00B,1.72,$0.00B,$0.00B,0.02,$0.00B,$0.00B,100.00%,$0.00B,$-0.00B,-75.00%,$0.00B,$-0.00B,-75.00%,$0.00B,$-0.00B,-75.00%,$0.00B,$-0.01B,-125.00%,$0.00B,$-0.01B,-225.00%,$-0.01B,$0.00B,-1200.00%,$-0.01B,$0.00B,-1200.00%,$-0.01B,$0.00B,-211.76%,$-0.00B,$0.00B,-92.31%,$1,$0,$1,$0,$1,$1,$-0,$0,$-0,$0,$-0,$-0,$-0,$0,$-0,$1,1,$0.00,$0.00,$0,$0,$0,$2,$0,$0,$0,$0,$0,$2,$1,$0,$0,$0,$1,$0,$-11,$0,$1,$2,$-0,$0,$-0,$0,$-0,$0,$0,$-0,$-0,$-0,$0,$0,$0,$0,$0,$0,$0,$0,$-0,$0,$-0,$0,$0,$0,$-0,$-0,$-0,$-0,$0
3,2017-12-31,1.58,$1.44,1.1,$13.24,0.12,$-18.09,0.0,$-17.90,0.0,$0.00B,$0.00B,1.7,$0.00B,$0.00B,0.04,$0.00B,$0.00B,100.00%,$0.00B,$-0.00B,-100.00%,$0.00B,$-0.00B,-100.00%,$0.00B,$-0.00B,-75.00%,$0.00B,$-0.01B,-150.00%,$0.00B,$-0.01B,-225.00%,$-0.01B,$0.00B,-600.00%,$-0.01B,$0.00B,-600.00%,$-0.01B,$0.00B,-150.00%,$-0.00B,$0.00B,-76.19%,$1,$0,$1,$0,$1,$3,$-2,$-1,$-3,$0,$-3,$-3,$-3,$-2,$-2,$0,0,$-7.85,$-7.85,$1,$0,$0,$2,$0,$0,$0,$0,$0,$2,$1,$0,$0,$0,$1,$0,$-11,$0,$1,$2,$-9,$0,$3,$3,$0,$0,$0,$0,$4,$-2,$-0,$0,$0,$0,$0,$0,$1,$1,$-1,$0,$-1,$0,$0,$0,$0,$-1,$-2,$0,$0
4,2017-09-30,1.75,$-5.18,-0.34,$11.89,0.15,$-22.89,0.0,$-19.50,0.0,$0.00B,$0.00B,0.0,$0.01B,$-0.00B,-2.78,$0.00B,$0.00B,100.00%,$0.00B,$-0.00B,-75.00%,$0.00B,$-0.00B,-75.00%,$0.00B,$-0.00B,-50.00%,$0.00B,$-0.00B,-100.00%,$0.00B,$-0.01B,-175.00%,$-0.01B,$-0.00B,-311.11%,$-0.01B,$-0.00B,-311.11%,$-0.01B,$0.00B,-87.50%,$-0.00B,$0.00B,-41.38%,$1,$0,$1,$0,$1,$1,$-0,$-0,$-1,$4,$-5,$-5,$-5,$-0,$-0,$0,0,$-14.25,$-14.25,$1,$0,$0,$3,$0,$0,$0,$1,$1,$4,$0,$5,$1,$6,$6,$0,$-8,$0,$-2,$4,$-6,$0,$4,$4,$0,$0,$0,$0,$0,$-2,$-0,$0,$0,$0,$0,$0,$1,$1,$-1,$0,$-1,$0,$0,$0,$0,$-1,$-2,$0,$0
5,2017-06-30,4.17,$9.07,0.46,$11.79,0.35,$-25.71,0.0,$-8.00,0.0,$0.00B,$0.00B,0.0,$0.01B,$0.00B,1.65,$0.00B,$0.00B,100.00%,$0.00B,$-0.00B,-100.00%,$0.00B,$-0.00B,-100.00%,$0.00B,$-0.00B,-75.00%,$0.00B,$-0.00B,-100.00%,$0.00B,$-0.00B,-75.00%,$-0.00B,$0.00B,-75.00%,$-0.00B,$0.00B,-75.00%,$-0.00B,$0.01B,-30.77%,$-0.00B,$0.01B,-44.44%,$1,$0,$1,$0,$1,$2,$-1,$-1,$-1,$-0,$-1,$-1,$-1,$-1,$-1,$0,0,$-2.40,$-2.40,$1,$0,$0,$4,$0,$0,$0,$1,$5,$9,$0,$5,$1,$6,$6,$0,$-4,$0,$3,$9,$-1,$0,$1,$1,$0,$0,$0,$-0,$-1,$-1,$-0,$0,$0,$0,$0,$0,$0,$0,$-0,$0,$-0,$0,$0,$0,$0,$-0,$-1,$0,$0
6,2017-03-31,4.12,$11.45,0.36,$13.17,0.31,$-25.47,0.0,$-7.10,0.0,$0.01B,$0.00B,0.0,$0.01B,$0.00B,1.33,$0.00B,$0.00B,100.00%,$0.00B,$-0.00B,-100.00%,$0.00B,$-0.00B,-100.00%,$0.00B,$-0.00B,-75.00%,$0.00B,$-0.00B,-100.00%,$0.00B,$-0.00B,-50.00%,$-0.00B,$0.00B,-44.44%,$-0.00B,$0.00B,-44.44%,$-0.00B,$0.01B,-19.05%,$-0.00B,$0.01B,-40.00%,$1,$0,$1,$0,$1,$2,$-1,$-0,$-1,$-0,$-0,$-0,$-0,$-0,$-1,$0,0,$-1.20,$-1.20,$1,$0,$0,$5,$0,$0,$0,$1,$5,$9,$0,$5,$1,$6,$6,$0,$-3,$0,$4,$9,$-0,$0,$0,$0,$0,$0,$0,$-0,$-0,$-1,$-0,$0,$0,$0,$0,$0,$0,$0,$-0,$0,$-0,$0,$0,$0,$0,$-0,$-1,$0,$0
7,2016-12-31,4.07,$12.63,0.32,$14.85,0.27,$-24.68,0.0,$-7.20,0.0,$0.01B,$0.00B,11.4,$0.01B,$0.00B,1.24,$0.01B,$0.01B,100.00%,$0.01B,$-0.00B,-80.00%,$0.01B,$-0.00B,-80.00%,$0.01B,$-0.00B,-80.00%,$0.01B,$-0.00B,-80.00%,$0.01B,$-0.00B,-40.00%,$-0.00B,$0.00B,-40.00%,$-0.00B,$0.00B,-40.00%,$-0.00B,$0.01B,-17.02%,$-0.00B,$0.01B,-36.36%,$1,$0,$1,$0,$2,$2,$-1,$-0,$-1,$-0,$-1,$-1,$-1,$-1,$-1,$0,0,$-1.60,$-1.60,$2,$0,$0,$6,$0,$0,$0,$0,$4,$10,$0,$5,$0,$5,$6,$0,$-2,$0,$4,$10,$-2,$0,$0,$0,$0,$0,$0,$-0,$-1,$-3,$-0,$0,$0,$0,$0,$0,$1,$0,$-4,$0,$-4,$0,$0,$0,$0,$-4,$-7,$0,$0
8,2016-09-30,8.08,$14.23,0.57,$12.18,0.66,$-13.71,0.0,$-5.60,0.0,$0.01B,$0.00B,0.0,$0.01B,$0.01B,1.23,$0.01B,$0.01B,100.00%,$0.01B,$-0.00B,-50.00%,$0.01B,$-0.00B,-50.00%,$0.01B,$-0.00B,-50.00%,$0.01B,$-0.00B,-50.00%,$0.01B,$-0.00B,-16.67%,$-0.00B,$0.01B,-18.18%,$-0.00B,$0.01B,-18.18%,$-0.00B,$0.01B,-7.84%,$-0.00B,$0.01B,-24.49%,$1,$0,$1,$0,$1,$2,$-1,$-0,$-1,$-1,$-1,$-1,$-1,$-1,$-1,$0,0,$-2.80,$-2.80,$4,$0,$0,$7,$0,$0,$0,$1,$4,$11,$0,$6,$1,$6,$6,$0,$-2,$0,$5,$11,$0,$0,$0,$0,$0,$0,$0,$0,$0,$-3,$0,$0,$0,$0,$0,$0,$0,$0,$0,$0,$0,$0,$0,$0,$0,$-3,$-5,$0,$0
