,Date,Stock Price,Book Value per Share,Price to Book Ratio,TTM Sales per Share,Price to Sales Ratio,TTM FCF per Share,Price to FCF Ratio,TTM Net EPS,PE Ratio,Current Assets,Current Liabilities,Current Ratio,Long Term Debt,Shareholder's Equity_x,Debt to Equity Ratio,TTM Revenue_x,TTM Gross Profit,Gross Margin,TTM Revenue_y,TTM Operating Income,Operating Margin,TTM Revenue_x,TTM EBIT,EBIT Margin,TTM Revenue_y,TTM EBITDA,EBITDA Margin,TTM Revenue_x,TTM Pre-Tax Income,Pre-Tax Margin,TTM Revenue_y,TTM Net Income_x,Net Margin,TTM Net Income_y,Shareholder's Equity_y,Return on Equity,TTM Net Income_x,Tangible Equity,Return on Tangible Equity,TTM Net Income_y,Total Assets,Return on Assets,TTM Net Income,LT Investments & Debt,Return on Investment,revenue,cost-goods-sold,gross-profit,research-development-expenses,selling-general-administrative-expenses,operating-expenses,operating-income,total-non-operating-income-expense,pre-tax-income,total-provision-income-taxes,income-after-taxes,income-from-continuous-operations,net-income,ebitda,ebit,basic-shares-outstanding,shares-outstanding,eps-basic-net-earnings-per-share,eps-earnings-per-share-diluted,cash-on-hand,inventory,other-current-assets,total-current-assets,net-property-plant-equipment,long-term-investments,goodwill-intangible-assets-total,other-long-term-assets,total-long-term-assets,total-assets,total-current-liabilities,long-term-debt,other-non-current-liabilities,total-long-term-liabilities,total-liabilities,common-stock-net,retained-earnings-accumulated-deficit,comprehensive-income,total-share-holder-equity,total-liabilities-share-holders-equity,net-income-loss,total-depreciation-amortization-cash-flow,other-non-cash-items,total-non-cash-items,change-in-accounts-receivable,change-in-inventories,change-in-accounts-payable,change-in-assets-liabilities,total-change-in-assets-liabilities,cash-flow-from-operating-activities,net-change-in-property-plant-equipment,net-change-in-intangible-assets,net-acquisitions-divestitures,net-change-in-short-term-investments,net-change-in-long-term-investments,net-change-in-investments-total,investing-activities-other,cash-flow-from-investing-activities,net-long-term-debt,net-current-debt,debt-issuance-retirement-net-total,net-common-equity-issued-repurchased,net-total-equity-issued-repurchased,total-common-preferred-stock-dividends-paid,financial-activities-other,cash-flow-from-financial-activities,net-cash-flow,stock-based-compensation,common-stock-dividends-paid
0,2018-07-31,27.26,$13.44,2.03,$8.51,3.2,$1.00,27.25,$1.33,20.5,$0.03B,$0.03B,0.99,$0.07B,$0.23B,0.31,$0.13B,$0.03B,22.14%,$0.13B,$0.01B,10.69%,$0.13B,$0.01B,10.69%,$0.13B,$0.02B,16.03%,$0.13B,$0.01B,9.92%,$0.13B,$0.02B,15.27%,$0.02B,$0.24B,11.27%,$0.02B,$0.24B,11.27%,$0.02B,$0.41B,5.45%,$0.01B,$0.31B,5.08%,$40,$25,$15,$0,$4,$29,$11,$-0,$11,$3,$8,$8,$8,$13,$11,$16,17,$0.51,$0.50,$1,$5,$0,$27,$225,$46,$0,$15,$385,$412,$27,$71,$49,$147,$174,$0,$55,$12,$237,$412,$23,$5,$-4,$1,$-4,$0,$4,$-1,$-1,$23,$-9,$0,$-38,$0,$-4,$-4,$0,$-51,$-33,$0,$-33,$64,$64,$-3,$0,$28,$0,$1,$-3
1,2018-04-30,23.22,$11.44,2.03,$8.79,2.64,$0.84,27.72,$1.35,17.2,$0.03B,$0.03B,0.98,$0.11B,$0.16B,0.69,$0.13B,$0.03B,22.90%,$0.13B,$0.02B,12.21%,$0.13B,$0.02B,12.21%,$0.13B,$0.02B,17.56%,$0.13B,$0.02B,11.45%,$0.13B,$0.02B,15.27%,$0.02B,$0.17B,12.84%,$0.02B,$0.17B,12.84%,$0.02B,$0.37B,5.74%,$0.02B,$0.27B,6.14%,$43,$30,$13,$0,$4,$34,$9,$-0,$9,$2,$7,$7,$6,$11,$9,$14,15,$0.45,$0.44,$0,$2,$0,$27,$190,$46,$0,$11,$340,$367,$27,$108,$43,$173,$201,$0,$48,$12,$166,$367,$15,$3,$-10,$-6,$-6,$0,$2,$1,$-2,$7,$-5,$0,$0,$0,$-4,$-4,$0,$-9,$4,$0,$4,$-0,$-0,$-2,$0,$2,$0,$1,$-2
2,2018-01-31,21.44,$10.93,1.96,$8.42,2.55,$0.51,42.22,$1.15,18.64,$0.02B,$0.02B,1.14,$0.11B,$0.15B,0.76,$0.13B,$0.03B,20.80%,$0.13B,$0.01B,10.40%,$0.13B,$0.01B,10.40%,$0.13B,$0.02B,16.00%,$0.13B,$0.01B,9.60%,$0.13B,$0.02B,13.60%,$0.02B,$0.16B,11.37%,$0.02B,$0.16B,11.37%,$0.02B,$0.35B,5.03%,$0.01B,$0.27B,5.12%,$32,$29,$2,$0,$4,$33,$-2,$-0,$-2,$-11,$9,$9,$9,$-0,$-2,$14,15,$0.59,$0.58,$1,$2,$0,$23,$189,$44,$0,$11,$327,$351,$20,$112,$37,$171,$192,$0,$42,$10,$159,$351,$9,$2,$-10,$-8,$-3,$0,$-3,$1,$-6,$-5,$-0,$0,$0,$0,$-4,$-4,$0,$-4,$11,$0,$11,$-0,$-0,$-1,$0,$9,$0,$1,$-1
3,2017-10-31,23.17,$10.25,2.26,$8.29,2.79,$0.41,56.66,$0.41,56.51,$0.02B,$0.02B,0.98,$0.10B,$0.14B,0.75,$0.12B,$0.03B,20.66%,$0.12B,$0.01B,9.92%,$0.12B,$0.01B,9.92%,$0.12B,$0.02B,14.88%,$0.12B,$0.01B,9.09%,$0.12B,$0.01B,4.96%,$0.01B,$0.15B,4.17%,$0.01B,$0.15B,4.17%,$0.01B,$0.34B,1.83%,$0.01B,$0.25B,4.89%,$16,$16,$-1,$0,$4,$20,$-4,$-0,$-5,$-2,$-3,$-3,$-3,$-3,$-4,$14,14,$-0.19,$-0.18,$0,$4,$0,$23,$188,$36,$0,$10,$316,$339,$24,$102,$34,$168,$191,$0,$35,$7,$148,$339,$7,$7,$5,$11,$-2,$0,$0,$1,$1,$18,$-13,$0,$-6,$0,$-8,$-8,$0,$-26,$12,$0,$12,$-0,$-0,$-4,$-0,$8,$0,$1,$-3
4,2017-07-31,22.53,$10.41,2.16,$8.56,2.63,$-0.12,0.0,$0.59,38.18,$0.02B,$0.03B,0.74,$0.10B,$0.14B,0.7,$0.13B,$0.03B,23.20%,$0.13B,$0.02B,12.00%,$0.13B,$0.02B,12.00%,$0.13B,$0.02B,17.60%,$0.13B,$0.02B,12.80%,$0.13B,$0.01B,7.20%,$0.01B,$0.15B,6.36%,$0.01B,$0.15B,6.36%,$0.01B,$0.34B,2.81%,$0.02B,$0.25B,6.26%,$40,$24,$16,$0,$3,$27,$13,$-0,$13,$5,$8,$8,$8,$15,$13,$14,15,$0.53,$0.52,$2,$3,$0,$20,$187,$37,$0,$13,$316,$336,$27,$98,$33,$159,$186,$0,$38,$6,$150,$336,$9,$5,$2,$7,$-1,$0,$0,$0,$4,$20,$-10,$0,$-6,$0,$-8,$-8,$0,$-23,$8,$0,$8,$-0,$-0,$-3,$-0,$5,$2,$1,$-2
5,2017-04-30,20.42,$9.82,2.08,$8.51,2.4,$-0.98,0.0,$0.78,26.18,$0.02B,$0.02B,0.93,$0.11B,$0.13B,0.81,$0.13B,$0.03B,24.80%,$0.13B,$0.02B,12.80%,$0.13B,$0.02B,12.80%,$0.13B,$0.02B,18.40%,$0.13B,$0.02B,16.00%,$0.13B,$0.01B,9.60%,$0.01B,$0.14B,8.62%,$0.01B,$0.14B,8.62%,$0.01B,$0.33B,3.86%,$0.02B,$0.25B,6.82%,$37,$27,$9,$0,$3,$31,$6,$-1,$6,$2,$4,$4,$3,$8,$6,$14,15,$0.24,$0.24,$0,$2,$0,$20,$185,$31,$0,$11,$307,$327,$22,$106,$32,$164,$186,$0,$31,$4,$141,$327,$1,$3,$1,$5,$-5,$0,$-1,$2,$-4,$3,$-6,$0,$-6,$0,$-4,$-4,$0,$-16,$16,$0,$16,$-0,$-0,$-2,$0,$14,$0,$1,$-2
6,2017-01-31,16.74,$9.53,1.76,$7.94,2.11,$-1.88,0.0,$0.62,27.0,$0.02B,$0.02B,0.94,$0.10B,$0.12B,0.81,$0.12B,$0.03B,23.48%,$0.12B,$0.01B,10.43%,$0.12B,$0.01B,10.43%,$0.12B,$0.02B,15.65%,$0.12B,$0.02B,13.91%,$0.12B,$0.01B,8.70%,$0.01B,$0.14B,7.31%,$0.01B,$0.14B,7.31%,$0.01B,$0.31B,3.28%,$0.01B,$0.24B,5.18%,$28,$27,$1,$0,$4,$31,$-3,$-0,$-3,$-1,$-2,$-2,$-2,$-2,$-3,$14,14,$-0.16,$-0.16,$0,$2,$0,$18,$178,$27,$0,$9,$293,$311,$19,$101,$31,$156,$176,$0,$29,$2,$136,$311,$-2,$2,$1,$2,$0,$0,$-2,$2,$-4,$-4,$-2,$0,$0,$0,$-4,$-4,$0,$-7,$12,$0,$12,$-0,$-0,$-1,$0,$11,$0,$1,$-1
7,2016-10-31,19.34,$9.78,1.98,$7.72,2.5,$-2.20,0.0,$0.49,39.46,$0.02B,$0.02B,0.78,$0.09B,$0.13B,0.7,$0.11B,$0.02B,20.54%,$0.11B,$0.01B,8.04%,$0.11B,$0.01B,8.04%,$0.11B,$0.02B,13.39%,$0.11B,$0.01B,11.61%,$0.11B,$0.01B,7.14%,$0.01B,$0.14B,5.93%,$0.01B,$0.14B,5.93%,$0.01B,$0.31B,2.67%,$0.01B,$0.23B,3.93%,$20,$17,$3,$0,$4,$20,$-1,$1,$0,$0,$0,$0,$-0,$1,$-1,$14,14,$-0.02,$0.02,$0,$4,$0,$18,$177,$24,$0,$9,$287,$305,$24,$88,$29,$143,$167,$0,$32,$3,$139,$305,$8,$5,$3,$8,$-2,$0,$1,$1,$-2,$14,$-16,$1,$-15,$0,$1,$1,$18,$-12,$1,$0,$1,$-0,$-0,$-3,$-0,$-3,$-0,$1,$-3
8,2016-07-31,17.32,$9.97,1.74,$7.35,2.36,$-3.54,0.0,$0.54,32.08,$0.02B,$0.03B,0.69,$0.09B,$0.13B,0.67,$0.11B,$0.02B,17.92%,$0.11B,$0.01B,4.72%,$0.11B,$0.01B,4.72%,$0.11B,$0.01B,9.43%,$0.11B,$0.01B,13.21%,$0.11B,$0.01B,7.55%,$0.01B,$0.14B,5.98%,$0.01B,$0.14B,5.98%,$0.01B,$0.30B,2.75%,$0.01B,$0.23B,2.19%,$40,$22,$18,$0,$3,$26,$14,$3,$17,$7,$11,$11,$11,$16,$14,$14,15,$0.75,$0.71,$0,$3,$0,$18,$149,$24,$0,$9,$284,$302,$26,$87,$27,$135,$161,$0,$33,$5,$141,$302,$8,$4,$-2,$2,$-5,$0,$0,$1,$1,$11,$-13,$0,$-15,$0,$2,$2,$18,$-8,$-0,$0,$-0,$-0,$-0,$-3,$-0,$-3,$0,$1,$-2
9,2016-04-30,17.47,$9.24,1.89,$6.70,2.61,$-4.29,0.0,$0.19,91.94,$0.02B,$0.02B,0.97,$0.10B,$0.12B,0.86,$0.10B,$0.01B,12.50%,$0.10B,$-0.00B,-1.04%,$0.10B,$-0.00B,-1.04%,$0.10B,$0.00B,3.13%,$0.10B,$0.01B,5.21%,$0.10B,$0.00B,2.08%,$0.00B,$0.13B,1.50%,$0.00B,$0.13B,1.50%,$0.00B,$0.30B,0.71%,$-0.00B,$0.23B,-0.44%,$27,$22,$5,$0,$3,$25,$2,$-0,$2,$1,$1,$1,$1,$3,$2,$14,14,$0.08,$0.08,$0,$1,$0,$18,$148,$24,$0,$9,$282,$300,$19,$103,$27,$150,$169,$0,$23,$5,$131,$300,$-3,$2,$1,$3,$-5,$0,$-1,$2,$-6,$-6,$-10,$0,$-15,$0,$-0,$-0,$18,$-7,$15,$0,$15,$-0,$-0,$-2,$-0,$13,$0,$1,$-1
10,2016-01-31,12.24,$9.11,1.34,$6.77,1.81,$-4.44,0.0,$0.28,43.73,$0.02B,$0.02B,0.8,$0.10B,$0.12B,0.83,$0.10B,$0.01B,14.43%,$0.10B,$0.00B,1.03%,$0.10B,$0.00B,1.03%,$0.10B,$0.00B,5.15%,$0.10B,$0.01B,7.22%,$0.10B,$0.00B,3.09%,$0.00B,$0.13B,2.25%,$0.00B,$0.13B,2.25%,$0.00B,$0.29B,1.09%,$0.00B,$0.23B,0.45%,$25,$28,$-3,$0,$3,$31,$-6,$0,$-6,$-2,$-4,$-4,$-4,$-5,$-6,$14,14,$-0.29,$-0.29,$0,$2,$0,$15,$146,$22,$0,$9,$277,$292,$19,$97,$27,$144,$163,$0,$22,$3,$129,$292,$-4,$1,$0,$1,$-1,$0,$0,$2,$-3,$-5,$-6,$0,$-15,$0,$-0,$-0,$18,$-3,$9,$0,$9,$-0,$-0,$-1,$0,$8,$0,$0,$-1
11,2015-10-31,15.38,$9.45,1.63,$6.99,2.2,$-4.56,0.0,$0.46,33.45,$0.01B,$0.02B,0.7,$0.09B,$0.12B,0.74,$0.10B,$0.02B,18.00%,$0.10B,$0.00B,4.00%,$0.10B,$0.00B,4.00%,$0.10B,$0.01B,8.00%,$0.10B,$0.01B,11.00%,$0.10B,$0.01B,5.00%,$0.01B,$0.13B,3.77%,$0.01B,$0.13B,3.77%,$0.01B,$0.27B,1.89%,$0.00B,$0.22B,1.83%,$14,$15,$-1,$0,$4,$19,$-5,$6,$1,$0,$1,$1,$0,$-4,$-5,$14,14,$0.04,$0.04,$0,$4,$0,$14,$129,$22,$0,$9,$256,$269,$20,$89,$8,$116,$136,$0,$27,$3,$134,$269,$7,$4,$-4,$0,$-0,$0,$-1,$2,$1,$8,$-29,$0,$-3,$0,$6,$6,$0,$-26,$21,$0,$21,$-0,$-0,$-3,$0,$18,$-0,$1,$-3
12,2015-07-31,19.92,$9.74,2.04,$7.14,2.79,$-3.78,0.0,$0.21,94.84,$0.02B,$0.02B,0.72,$0.08B,$0.13B,0.67,$0.10B,$0.02B,17.65%,$0.10B,$0.00B,3.92%,$0.10B,$0.00B,3.92%,$0.10B,$0.01B,7.84%,$0.10B,$0.01B,5.88%,$0.10B,$0.00B,1.96%,$0.00B,$0.14B,1.52%,$0.00B,$0.14B,1.52%,$0.00B,$0.27B,0.77%,$0.00B,$0.22B,1.89%,$30,$19,$11,$0,$3,$22,$8,$0,$8,$3,$5,$5,$5,$9,$8,$14,15,$0.36,$0.36,$0,$3,$0,$15,$122,$31,$0,$8,$256,$271,$20,$84,$6,$113,$133,$0,$27,$7,$138,$271,$6,$3,$2,$5,$-0,$0,$-2,$1,$-1,$10,$-24,$0,$0,$0,$-0,$-0,$0,$-24,$16,$0,$16,$-0,$-0,$-2,$0,$14,$-0,$1,$-2
13,2015-04-30,22.14,$9.31,2.38,$7.67,2.89,$-2.63,0.0,$0.46,48.14,$0.02B,$0.02B,1.0,$0.09B,$0.12B,0.73,$0.11B,$0.02B,22.22%,$0.11B,$0.01B,8.33%,$0.11B,$0.01B,8.33%,$0.11B,$0.01B,12.04%,$0.11B,$0.01B,11.11%,$0.11B,$0.01B,5.56%,$0.01B,$0.13B,4.62%,$0.01B,$0.13B,4.62%,$0.01B,$0.27B,2.41%,$0.01B,$0.22B,4.46%,$28,$21,$7,$0,$3,$24,$4,$-0,$4,$1,$3,$3,$2,$5,$4,$14,14,$0.17,$0.17,$0,$2,$0,$18,$118,$28,$0,$8,$248,$266,$18,$88,$6,$116,$134,$0,$23,$6,$132,$266,$1,$2,$1,$3,$-5,$0,$-1,$2,$-6,$-2,$-16,$0,$0,$0,$-0,$-0,$0,$-16,$20,$0,$20,$-0,$-0,$-2,$0,$18,$-0,$1,$-1
14,2015-01-31,20.04,$8.92,2.25,$7.43,2.7,$-1.84,0.0,$0.44,45.54,$0.02B,$0.02B,1.0,$0.08B,$0.11B,0.72,$0.11B,$0.02B,21.90%,$0.11B,$0.01B,7.62%,$0.11B,$0.01B,7.62%,$0.11B,$0.01B,11.43%,$0.11B,$0.01B,10.48%,$0.11B,$0.01B,5.71%,$0.01B,$0.13B,4.72%,$0.01B,$0.13B,4.72%,$0.01B,$0.25B,2.52%,$0.01B,$0.21B,4.16%,$28,$27,$1,$0,$4,$31,$-3,$0,$-2,$-1,$-1,$-1,$-2,$-2,$-3,$14,14,$-0.11,$-0.11,$0,$2,$0,$19,$111,$23,$0,$8,$235,$253,$19,$82,$6,$108,$127,$0,$21,$3,$126,$253,$-1,$1,$1,$2,$-4,$0,$1,$2,$-6,$-6,$-7,$0,$0,$0,$-0,$-0,$0,$-7,$14,$0,$14,$-0,$-0,$-1,$0,$13,$0,$1,$-1
15,2014-10-31,24.68,$9.28,2.66,$7.29,3.39,$-1.56,0.0,$0.46,53.64,$0.02B,$0.02B,0.7,$0.07B,$0.12B,0.57,$0.10B,$0.02B,22.33%,$0.10B,$0.01B,8.74%,$0.10B,$0.01B,8.74%,$0.10B,$0.01B,12.62%,$0.10B,$0.01B,10.68%,$0.10B,$0.01B,6.80%,$0.01B,$0.13B,5.68%,$0.01B,$0.13B,5.68%,$0.01B,$0.25B,3.05%,$0.01B,$0.20B,4.85%,$16,$17,$-1,$0,$4,$21,$-5,$0,$-4,$-1,$-3,$-3,$-3,$-4,$-5,$14,14,$-0.22,$-0.21,$0,$4,$0,$15,$106,$28,$0,$8,$232,$247,$21,$68,$6,$95,$116,$0,$23,$5,$131,$247,$7,$4,$2,$5,$-1,$0,$4,$1,$4,$16,$-26,$0,$-1,$0,$-2,$-2,$0,$-29,$6,$0,$6,$-0,$9,$-3,$-0,$13,$0,$1,$-2
16,2014-07-31,21.16,$9.33,2.27,$7.25,2.92,$-1.24,0.0,$0.59,35.87,$0.02B,$0.02B,0.72,$0.05B,$0.12B,0.43,$0.10B,$0.03B,24.75%,$0.10B,$0.01B,11.88%,$0.10B,$0.01B,11.88%,$0.10B,$0.02B,15.84%,$0.10B,$0.01B,11.88%,$0.10B,$0.01B,8.91%,$0.01B,$0.13B,7.61%,$0.01B,$0.13B,7.61%,$0.01B,$0.23B,4.09%,$0.01B,$0.18B,6.69%,$36,$19,$17,$0,$4,$23,$13,$0,$14,$5,$9,$9,$9,$14,$13,$14,14,$0.62,$0.61,$0,$3,$0,$17,$97,$19,$0,$8,$213,$230,$23,$52,$4,$75,$98,$0,$27,$2,$131,$230,$10,$3,$2,$4,$-5,$0,$3,$2,$4,$18,$-14,$0,$-1,$0,$-0,$-0,$0,$-15,$-10,$0,$-10,$-0,$9,$-2,$-0,$-3,$-0,$1,$-2
17,2014-04-30,22.0,$8.61,2.55,$6.98,3.15,$-1.35,0.0,$0.47,46.81,$0.02B,$0.02B,0.94,$0.06B,$0.11B,0.56,$0.10B,$0.02B,22.11%,$0.10B,$0.01B,9.47%,$0.10B,$0.01B,9.47%,$0.10B,$0.01B,13.68%,$0.10B,$0.01B,8.42%,$0.10B,$0.01B,7.37%,$0.01B,$0.12B,6.42%,$0.01B,$0.12B,6.42%,$0.01B,$0.22B,3.39%,$0.01B,$0.18B,5.33%,$25,$18,$6,$0,$3,$22,$3,$0,$3,$1,$2,$2,$2,$4,$3,$14,14,$0.15,$0.15,$0,$1,$0,$16,$92,$17,$0,$8,$205,$222,$18,$60,$4,$83,$101,$0,$19,$1,$121,$222,$1,$2,$1,$3,$-5,$0,$3,$2,$-1,$3,$-9,$0,$0,$0,$-0,$-0,$0,$-9,$-1,$0,$-1,$-0,$9,$-1,$-0,$7,$-0,$1,$-1
18,2014-01-31,19.86,$7.80,2.55,$7.03,2.82,$-1.66,0.0,$0.51,38.94,$0.02B,$0.02B,1.17,$0.07B,$0.11B,0.67,$0.09B,$0.02B,21.51%,$0.09B,$0.01B,8.60%,$0.09B,$0.01B,8.60%,$0.09B,$0.01B,12.90%,$0.09B,$0.01B,11.83%,$0.09B,$0.01B,7.53%,$0.01B,$0.11B,6.95%,$0.01B,$0.11B,6.95%,$0.01B,$0.22B,3.58%,$0.01B,$0.18B,4.98%,$26,$25,$1,$0,$4,$28,$-2,$0,$-2,$-1,$-1,$-1,$-1,$-1,$-2,$14,14,$-0.09,$-0.09,$0,$2,$0,$18,$90,$17,$0,$8,$201,$219,$15,$71,$4,$94,$110,$0,$17,$1,$110,$219,$-1,$1,$1,$2,$-5,$2,$3,$-0,$-4,$-4,$-5,$0,$0,$0,$-0,$-0,$0,$-5,$10,$0,$10,$-0,$-0,$-1,$-0,$9,$-0,$0,$-1
19,2013-10-31,25.15,$7.89,3.19,$6.74,3.73,$-1.63,0.0,$0.32,78.6,$0.01B,$0.02B,0.93,$0.06B,$0.11B,0.57,$0.08B,$0.02B,20.24%,$0.08B,$0.01B,5.95%,$0.08B,$0.01B,5.95%,$0.08B,$0.01B,9.52%,$0.08B,$0.01B,9.52%,$0.08B,$0.01B,5.95%,$0.01B,$0.11B,5.83%,$0.01B,$0.11B,5.83%,$0.01B,$0.21B,2.69%,$0.01B,$0.17B,3.29%,$14,$13,$1,$0,$3,$16,$-2,$-1,$-3,$-0,$-3,$-1,$-1,$-1,$-2,$13,13,$-0.04,$-0.04,$0,$4,$0,$14,$86,$17,$0,$8,$196,$210,$15,$62,$4,$85,$99,$0,$19,$0,$111,$210,$5,$2,$-3,$-0,$-2,$0,$0,$0,$1,$6,$-10,$0,$-6,$0,$4,$4,$0,$-12,$-28,$0,$-28,$36,$36,$-2,$0,$6,$0,$1,$-2
20,2013-07-31,21.4,$7.09,3.02,$6.94,3.08,$-1.43,0.0,$0.41,52.19,$0.01B,$0.02B,0.93,$0.05B,$0.09B,0.52,$0.09B,$0.02B,22.35%,$0.09B,$0.01B,8.24%,$0.09B,$0.01B,8.24%,$0.09B,$0.01B,11.76%,$0.09B,$0.01B,14.12%,$0.09B,$0.01B,7.06%,$0.01B,$0.09B,8.42%,$0.01B,$0.09B,8.42%,$0.01B,$0.18B,3.39%,$0.01B,$0.14B,4.85%,$30,$17,$13,$0,$3,$20,$10,$0,$10,$4,$6,$7,$7,$11,$10,$13,13,$0.49,$0.49,$0,$1,$0,$14,$56,$15,$0,$6,$161,$175,$15,$47,$7,$66,$80,$0,$21,$-2,$94,$175,$6,$2,$-1,$1,$-6,$0,$1,$0,$-2,$5,$-3,$0,$6,$0,$-0,$-0,$0,$2,$-42,$0,$-42,$36,$36,$-2,$0,$-7,$0,$1,$-1
21,2013-04-30,17.73,$6.59,2.69,$6.90,2.57,$-1.73,0.0,$0.37,47.93,$0.02B,$0.01B,1.19,$0.06B,$0.09B,0.7,$0.08B,$0.02B,20.00%,$0.08B,$0.01B,6.25%,$0.08B,$0.01B,6.25%,$0.08B,$0.01B,8.75%,$0.08B,$0.01B,12.50%,$0.08B,$0.00B,5.00%,$0.00B,$0.09B,6.50%,$0.00B,$0.09B,6.50%,$0.00B,$0.18B,2.27%,$0.01B,$0.15B,3.47%,$23,$18,$5,$0,$3,$21,$2,$3,$6,$1,$4,$3,$2,$3,$2,$13,13,$0.19,$0.19,$0,$1,$0,$15,$55,$21,$0,$5,$164,$179,$13,$59,$9,$79,$91,$0,$15,$-2,$88,$179,$-1,$1,$-1,$-0,$-6,$1,$2,$-0,$-5,$-5,$-5,$0,$0,$0,$5,$5,$0,$0,$-30,$0,$-30,$36,$36,$-1,$0,$5,$0,$1,$-1
22,2013-01-31,20.66,$4.47,4.62,$6.51,3.17,$-1.55,0.0,$0.24,86.1,$0.01B,$0.01B,1.01,$0.10B,$0.05B,2.04,$0.07B,$0.02B,20.55%,$0.07B,$0.00B,5.48%,$0.07B,$0.00B,5.48%,$0.07B,$0.01B,8.22%,$0.07B,$0.01B,6.85%,$0.07B,$0.00B,4.11%,$0.00B,$0.05B,5.74%,$0.00B,$0.05B,5.74%,$0.00B,$0.18B,1.72%,$0.00B,$0.15B,2.80%,$17,$19,$-2,$0,$3,$23,$-5,$1,$-5,$-2,$-3,$-3,$-3,$-5,$-5,$11,11,$-0.28,$-0.28,$0,$1,$0,$14,$54,$26,$0,$5,$166,$180,$14,$96,$9,$116,$130,$0,$13,$-2,$50,$180,$-3,$1,$0,$1,$-4,$0,$4,$0,$-2,$-5,$-2,$0,$0,$0,$-0,$-0,$0,$-2,$7,$0,$7,$0,$0,$-0,$0,$7,$0,$0,$-0
23,2012-10-31,21.3,$4.70,4.53,$5.88,3.63,$-1.54,0.0,$0.26,81.94,$0.01B,$0.01B,0.81,$0.09B,$0.05B,1.79,$0.07B,$0.02B,22.73%,$0.07B,$0.00B,6.06%,$0.07B,$0.00B,6.06%,$0.07B,$0.01B,10.61%,$0.07B,$0.01B,9.09%,$0.07B,$0.00B,4.55%,$0.00B,$0.05B,5.74%,$0.00B,$0.05B,5.74%,$0.00B,$0.17B,1.75%,$0.00B,$0.14B,2.84%,$15,$12,$3,$0,$3,$14,$0,$0,$1,$0,$0,$0,$0,$1,$0,$11,11,$0.01,$0.01,$0,$2,$0,$9,$53,$25,$0,$5,$163,$173,$12,$89,$9,$108,$120,$0,$16,$-3,$53,$173,$3,$2,$2,$4,$-2,$-1,$2,$-1,$-0,$7,$-8,$0,$-3,$0,$-0,$-0,$-0,$-11,$7,$0,$7,$-0,$-0,$-2,$-0,$5,$-0,$1,$-1
24,2012-07-31,16.94,$4.94,3.43,$5.53,3.06,$-1.40,0.0,$0.29,58.41,$0.01B,$0.01B,0.86,$0.09B,$0.05B,1.65,$0.06B,$0.02B,24.19%,$0.06B,$0.01B,8.06%,$0.06B,$0.01B,8.06%,$0.06B,$0.01B,11.29%,$0.06B,$0.01B,9.68%,$0.06B,$0.00B,4.84%,$0.00B,$0.06B,5.77%,$0.00B,$0.06B,5.77%,$0.00B,$0.17B,1.78%,$0.01B,$0.14B,3.60%,$25,$14,$10,$0,$3,$17,$8,$0,$8,$3,$5,$5,$5,$8,$8,$11,11,$0.45,$0.45,$0,$2,$0,$11,$51,$27,$0,$5,$162,$173,$13,$87,$8,$105,$118,$0,$17,$-0,$55,$173,$3,$2,$1,$2,$-6,$0,$3,$-1,$-1,$5,$-6,$0,$-1,$0,$-0,$-0,$-0,$-8,$4,$0,$4,$-0,$-0,$-1,$-0,$3,$-0,$1,$-1
25,2012-04-30,15.88,$4.57,3.47,$5.39,2.94,$-1.56,0.0,$0.25,63.51,$0.01B,$0.01B,1.11,$0.09B,$0.05B,1.87,$0.06B,$0.01B,23.33%,$0.06B,$0.00B,6.67%,$0.06B,$0.00B,6.67%,$0.06B,$0.01B,11.67%,$0.06B,$0.01B,8.33%,$0.06B,$0.00B,5.00%,$0.00B,$0.05B,5.85%,$0.00B,$0.05B,5.85%,$0.00B,$0.17B,1.82%,$0.00B,$0.14B,2.90%,$16,$12,$4,$0,$3,$15,$1,$0,$1,$0,$1,$1,$1,$2,$1,$11,11,$0.06,$0.06,$0,$1,$0,$13,$50,$28,$0,$5,$160,$173,$11,$90,$9,$110,$121,$0,$12,$1,$51,$173,$-2,$1,$0,$1,$-5,$0,$4,$-1,$-2,$-3,$-4,$0,$0,$0,$-0,$-0,$-0,$-4,$8,$0,$8,$-0,$-0,$-1,$-0,$7,$-0,$0,$-1
26,2012-01-31,16.95,$4.46,3.8,$5.07,3.34,$-1.66,0.0,$0.16,105.95,$0.01B,$0.01B,1.23,$0.09B,$0.05B,1.9,$0.06B,$0.01B,21.05%,$0.06B,$0.00B,1.75%,$0.06B,$0.00B,1.75%,$0.06B,$0.00B,7.02%,$0.06B,$0.00B,7.02%,$0.06B,$0.00B,3.51%,$0.00B,$0.05B,3.98%,$0.00B,$0.05B,3.98%,$0.00B,$0.17B,1.23%,$0.00B,$0.14B,0.73%,$10,$12,$-2,$0,$3,$15,$-5,$0,$-4,$-2,$-3,$-3,$-3,$-4,$-5,$11,11,$-0.26,$-0.26,$0,$1,$0,$11,$49,$27,$0,$5,$157,$168,$9,$89,$9,$109,$118,$0,$12,$0,$50,$168,$-3,$1,$0,$1,$-3,$0,$2,$-1,$-3,$-5,$-2,$0,$0,$0,$-0,$-0,$-0,$-2,$7,$0,$7,$0,$0,$-0,$0,$7,$0,$0,$-0
27,2011-10-31,16.33,$4.65,3.51,$4.68,3.49,$-1.69,0.0,$0.12,136.06,$0.01B,$0.01B,0.95,$0.08B,$0.05B,1.67,$0.05B,$0.01B,20.75%,$0.05B,0,0.00%,$0.05B,0,0.00%,$0.05B,$0.00B,5.66%,$0.05B,$0.00B,5.66%,$0.05B,$0.00B,3.77%,$0.00B,$0.05B,4.00%,$0.00B,$0.05B,4.00%,$0.00B,$0.16B,1.24%,$0.00B,$0.13B,0.00%,$11,$8,$3,$0,$2,$10,$1,$-0,$1,$0,$0,$1,$0,$1,$1,$11,11,$0.04,$0.04,$0,$1,$0,$6,$49,$24,$0,$5,$153,$159,$7,$82,$8,$100,$107,$0,$15,$-1,$52,$159,$2,$2,$2,$4,$0,$0,$0,$0,$0,$6,$-6,$0,$-7,$0,$11,$11,$-0,$-1,$-3,$0,$-3,$-0,$-0,$-2,$0,$-5,$-0,$1,$-1
28,2011-07-31,19.47,$4.64,4.19,$4.83,4.03,$-1.52,0.0,$-0.07,0.0,$0.01B,$0.01B,1.18,$0.09B,$0.05B,1.74,$0.05B,$0.01B,20.37%,$0.05B,$-0.00B,-5.56%,$0.05B,$-0.00B,-5.56%,$0.05B,$0.00B,1.85%,$0.05B,$-0.00B,-1.85%,$0.05B,0,0.00%,$0.00B,$0.05B,0.00%,$0.00B,$0.05B,0.00%,$0.00B,$0.16B,0.00%,$-0.00B,$0.14B,-2.17%,$23,$14,$9,$0,$2,$16,$7,$-0,$7,$2,$5,$5,$5,$8,$7,$11,11,$0.41,$0.41,$0,$1,$0,$10,$49,$23,$0,$5,$150,$160,$8,$85,$6,$100,$108,$0,$15,$-1,$52,$160,$1,$2,$0,$2,$-5,$0,$2,$0,$-2,$1,$-5,$0,$-7,$0,$11,$11,$-0,$0,$-0,$0,$-0,$-0,$-0,$-1,$0,$-1,$-0,$1,$-1
29,2011-04-30,20.64,$4.24,4.87,$4.74,4.35,$-1.38,0.0,$-0.05,0.0,$0.01B,$0.01B,1.26,$0.09B,$0.04B,2.05,$0.05B,$0.01B,26.42%,$0.05B,$-0.00B,-1.89%,$0.05B,$-0.00B,-1.89%,$0.05B,$0.00B,5.66%,$0.05B,0,0.00%,$0.05B,0,0.00%,$0.00B,$0.05B,0.00%,$0.00B,$0.05B,0.00%,$0.00B,$0.16B,0.00%,$-0.00B,$0.14B,-0.71%,$13,$11,$2,$0,$2,$14,$-2,$1,$-0,$-0,$-0,$-0,$-0,$-1,$-2,$11,11,$-0.03,$-0.03,$0,$1,$0,$10,$51,$23,$0,$5,$151,$161,$8,$91,$6,$106,$114,$0,$11,$-1,$47,$161,$-4,$1,$-0,$1,$-2,$0,$2,$-0,$-2,$-5,$-3,$0,$-7,$0,$9,$9,$0,$-0,$6,$0,$6,$-0,$-0,$-1,$0,$5,$-0,$1,$-1
30,2011-01-31,21.07,$4.34,4.86,$4.81,4.38,$-1.28,0.0,$-0.02,0.0,$0.01B,$0.01B,1.49,$0.09B,$0.05B,2.02,$0.05B,$0.02B,28.30%,$0.05B,$0.00B,3.77%,$0.05B,$0.00B,3.77%,$0.05B,$0.01B,11.32%,$0.05B,0,0.00%,$0.05B,0,0.00%,$0.00B,$0.05B,0.00%,$0.00B,$0.05B,0.00%,$0.00B,$0.16B,0.00%,$0.00B,$0.14B,1.41%,$6,$8,$-3,$0,$3,$11,$-6,$0,$-5,$-2,$-3,$-3,$-3,$-5,$-6,$11,11,$-0.30,$-0.30,$0,$1,$0,$9,$53,$24,$0,$5,$154,$163,$6,$92,$7,$108,$114,$0,$11,$-0,$49,$163,$-3,$1,$-0,$0,$-1,$0,$0,$0,$-3,$-6,$-1,$0,$0,$0,$0,$0,$0,$-1,$7,$0,$7,$0,$0,$-0,$0,$7,$-0,$0,$-0
31,2010-10-31,18.93,$4.65,4.07,$4.84,3.91,$-1.27,0.0,$-0.00,0.0,$0.01B,$0.01B,1.17,$0.09B,$0.05B,1.74,$0.05B,$0.02B,32.08%,$0.05B,$0.00B,5.66%,$0.05B,$0.00B,5.66%,$0.05B,$0.01B,13.21%,$0.05B,0,0.00%,$0.05B,0,0.00%,$0.00B,$0.05B,0.00%,$0.00B,$0.05B,0.00%,$0.00B,$0.16B,0.00%,$0.00B,$0.14B,2.82%,$12,$10,$3,$0,$3,$15,$-2,$-1,$-3,$-1,$-2,$-2,$-2,$-1,$-2,$11,11,$-0.14,$-0.14,$0,$1,$0,$7,$53,$24,$0,$5,$152,$159,$6,$85,$7,$101,$107,$0,$15,$-1,$52,$159,$0,$2,$5,$7,$1,$-0,$0,$-0,$-1,$7,$-6,$0,$0,$0,$3,$3,$0,$-3,$-3,$0,$-3,$0,$0,$-2,$-0,$-5,$-0,$1,$-1
32,2010-07-31,17.03,$4.78,3.56,$3.73,4.56,$-1.40,0.0,$0.15,113.56,$0.01B,$0.01B,1.65,$0.09B,$0.05B,1.81,$0.04B,$0.01B,34.15%,$0.04B,$0.01B,12.20%,$0.04B,$0.01B,12.20%,$0.04B,$0.01B,19.51%,$0.04B,$0.00B,7.32%,$0.04B,$0.00B,4.88%,$0.00B,$0.05B,7.92%,$0.00B,$0.05B,7.92%,$0.00B,$0.17B,2.41%,$0.01B,$0.15B,6.94%,$22,$10,$12,$0,$2,$13,$9,$-1,$8,$3,$5,$5,$5,$10,$9,$11,11,$0.43,$0.43,$0,$1,$0,$12,$54,$23,$0,$14,$155,$168,$8,$91,$6,$107,$114,$0,$17,$-1,$54,$168,$2,$2,$3,$5,$-6,$0,$-0,$-0,$-5,$2,$-4,$0,$0,$0,$-0,$-0,$0,$-4,$3,$0,$3,$0,$0,$-1,$-0,$2,$-0,$0,$-1
33,2010-04-30,15.9,$4.21,3.78,$2.90,5.49,$-2.16,0.0,$-0.18,0.0,$0.01B,$0.01B,1.5,$0.10B,$0.04B,2.17,$0.03B,$0.01B,18.75%,$0.03B,$-0.00B,-6.25%,$0.03B,$-0.00B,-6.25%,$0.03B,$0.00B,3.13%,$0.03B,$-0.00B,-9.38%,$0.03B,$-0.00B,-6.25%,$-0.00B,$0.05B,-17.02%,$-0.00B,$0.05B,-17.02%,$-0.00B,$0.16B,-4.88%,$-0.00B,$0.14B,-5.59%,$13,$10,$3,$0,$2,$12,$1,$-1,$0,$0,$0,$0,$0,$2,$1,$11,11,$0.00,$0.00,$0,$1,$0,$11,$54,$20,$0,$11,$153,$164,$7,$96,$5,$109,$116,$0,$13,$-2,$47,$164,$-3,$1,$1,$3,$-3,$0,$2,$-1,$-4,$-4,$-3,$0,$0,$0,$-0,$-0,$0,$-3,$7,$0,$7,$0,$0,$-1,$0,$6,$-1,$0,$-1
34,2010-01-31,12.78,$0.00,0.0,$2.41,5.31,$-2.55,0.0,$-0.18,0.0,$0.00B,$0.00B,0.0,$0.00B,$0.00B,0.0,$0.03B,$0.00B,11.11%,$0.03B,$-0.01B,-18.52%,$0.03B,$-0.01B,-18.52%,$0.03B,$-0.00B,-11.11%,$0.03B,$-0.01B,-18.52%,$0.03B,$-0.00B,-11.11%,$-0.00B,$0.00B,inf%,$-0.00B,$0.00B,inf%,$-0.00B,$0.00B,inf%,$-0.01B,$0.00B,inf%,$6,$8,$-1,$0,$3,$11,$-5,$-0,$-5,$-2,$-3,$-3,$-3,$-4,$-5,$11,11,$-0.28,$-0.28,$0,$0,$0,$0,$0,$0,$0,$0,$0,$0,$0,$0,$0,$0,$0,$0,$0,$0,$0,$0,$-3,$1,$1,$1,$-2,$0,$1,$-1,$-4,$-6,$-1,$0,$0,$0,$-0,$-0,$-0,$-1,$7,$0,$7,$0,$0,$-0,$0,$6,$-1,$0,$-0
35,2009-10-31,13.06,$0.00,0.0,$1.84,7.09,$-1.94,0.0,$0.10,130.55,$0.00B,$0.00B,0.0,$0.00B,$0.00B,0.0,$0.02B,$0.00B,19.05%,$0.02B,0,0.00%,$0.02B,0,0.00%,$0.02B,$0.00B,4.76%,$0.02B,0,0.00%,$0.02B,0,0.00%,$0.00B,$0.00B,nan%,$0.00B,$0.00B,nan%,$0.00B,$0.00B,nan%,$0.00B,$0.00B,nan%,$0,$0,$0,$0,$0,$0,$0,$0,$0,$0,$0,$0,$0,$0,$0,$0,0,$0.00,$0.00,$0,$0,$0,$0,$0,$0,$0,$0,$0,$0,$0,$0,$0,$0,$0,$0,$0,$0,$0,$0,$-3,$2,$-0,$2,$0,$0,$0,$0,$-3,$-1,$-7,$0,$0,$0,$0,$6,$-0,$-1,$0,$0,$4,$0,$-0,$-1,$-0,$3,$1,$0,$0
