,Date,Stock Price,Book Value per Share,Price to Book Ratio,TTM Sales per Share,Price to Sales Ratio,TTM FCF per Share,Price to FCF Ratio,TTM Net EPS,PE Ratio,Current Assets,Current Liabilities,Current Ratio,Long Term Debt,Shareholder's Equity_x,Debt to Equity Ratio,TTM Revenue_x,TTM Gross Profit,Gross Margin,TTM Revenue_y,TTM Operating Income,Operating Margin,TTM Revenue_x,TTM EBIT,EBIT Margin,TTM Revenue_y,TTM EBITDA,EBITDA Margin,TTM Revenue_x,TTM Pre-Tax Income,Pre-Tax Margin,TTM Revenue_y,TTM Net Income_x,Net Margin,TTM Net Income_y,Shareholder's Equity_y,Return on Equity,TTM Net Income_x,Tangible Equity,Return on Tangible Equity,TTM Net Income_y,Total Assets,Return on Assets,TTM Net Income,LT Investments & Debt,Return on Investment,revenue,cost-goods-sold,gross-profit,research-development-expenses,selling-general-administrative-expenses,operating-expenses,operating-income,total-non-operating-income-expense,pre-tax-income,total-provision-income-taxes,income-after-taxes,income-from-continuous-operations,net-income,ebitda,ebit,basic-shares-outstanding,shares-outstanding,eps-basic-net-earnings-per-share,eps-earnings-per-share-diluted,cash-on-hand,inventory,other-current-assets,total-current-assets,net-property-plant-equipment,long-term-investments,goodwill-intangible-assets-total,other-long-term-assets,total-long-term-assets,total-assets,total-current-liabilities,long-term-debt,other-non-current-liabilities,total-long-term-liabilities,total-liabilities,common-stock-net,retained-earnings-accumulated-deficit,comprehensive-income,total-share-holder-equity,total-liabilities-share-holders-equity,net-income-loss,total-depreciation-amortization-cash-flow,other-non-cash-items,total-non-cash-items,change-in-accounts-receivable,change-in-inventories,change-in-accounts-payable,change-in-assets-liabilities,total-change-in-assets-liabilities,cash-flow-from-operating-activities,net-change-in-property-plant-equipment,net-change-in-intangible-assets,net-acquisitions-divestitures,net-change-in-short-term-investments,net-change-in-long-term-investments,net-change-in-investments-total,investing-activities-other,cash-flow-from-investing-activities,net-long-term-debt,net-current-debt,debt-issuance-retirement-net-total,net-common-equity-issued-repurchased,net-total-equity-issued-repurchased,total-common-preferred-stock-dividends-paid,financial-activities-other,cash-flow-from-financial-activities,net-cash-flow,stock-based-compensation,common-stock-dividends-paid
0,2018-09-30,30.31,$10.68,2.84,$7.12,4.26,$2.45,12.39,$0.40,75.78,$0.26B,$0.04B,6.6,$0.00B,$0.47B,0.0,$0.31B,$0.20B,62.94%,$0.31B,$0.04B,11.50%,$0.31B,$0.04B,11.50%,$0.31B,$0.06B,18.85%,$0.31B,$0.04B,11.82%,$0.31B,$0.02B,5.75%,$0.02B,$0.47B,3.94%,$0.02B,$0.31B,6.05%,$0.02B,$0.52B,3.57%,$0.04B,$0.47B,7.87%,$72,$28,$44,$12,$26,$69,$4,$0,$4,$2,$2,$2,$2,$9,$4,$44,45,$0.04,$0.04,$147,$55,$0,$256,$62,$0,$159,$11,$260,$516,$39,$0,$8,$9,$48,$0,$108,$-1,$468,$516,$21,$18,$16,$34,$10,$-6,$-2,$-4,$-8,$47,$-14,$-4,$0,$-2,$0,$-2,$-1,$-21,$0,$0,$0,$4,$4,$-8,$-2,$-6,$20,$8,$-8
1,2018-06-30,29.53,$10.62,2.78,$7.21,4.09,$2.28,12.97,$0.76,38.86,$0.25B,$0.04B,6.76,$0.00B,$0.47B,0.0,$0.32B,$0.20B,63.17%,$0.32B,$0.04B,12.38%,$0.32B,$0.04B,12.38%,$0.32B,$0.06B,19.68%,$0.32B,$0.04B,12.70%,$0.32B,$0.03B,10.79%,$0.03B,$0.47B,7.56%,$0.03B,$0.31B,11.75%,$0.03B,$0.51B,6.87%,$0.04B,$0.47B,8.67%,$80,$30,$49,$12,$28,$72,$8,$0,$8,$2,$6,$6,$6,$14,$8,$44,44,$0.13,$0.13,$139,$52,$0,$246,$60,$0,$157,$15,$264,$510,$36,$0,$7,$8,$45,$0,$109,$-1,$466,$510,$19,$12,$8,$20,$5,$-3,$-2,$0,$-7,$31,$-9,$-4,$0,$-2,$0,$-2,$-1,$-16,$0,$0,$0,$3,$3,$-5,$-2,$-4,$12,$5,$-5
2,2018-03-31,21.03,$10.70,1.97,$7.18,2.93,$2.10,10.02,$0.76,27.67,$0.24B,$0.04B,6.69,$0.00B,$0.46B,0.0,$0.31B,$0.20B,64.31%,$0.31B,$0.04B,12.22%,$0.31B,$0.04B,12.22%,$0.31B,$0.06B,19.61%,$0.31B,$0.04B,12.54%,$0.31B,$0.03B,10.93%,$0.03B,$0.46B,7.76%,$0.03B,$0.30B,12.34%,$0.03B,$0.50B,7.05%,$0.04B,$0.46B,8.68%,$83,$29,$54,$10,$26,$67,$15,$0,$16,$2,$13,$13,$13,$21,$15,$43,44,$0.30,$0.30,$129,$52,$8,$235,$59,$0,$159,$13,$266,$501,$35,$0,$7,$8,$44,$0,$106,$-0,$457,$501,$13,$6,$3,$9,$6,$-3,$0,$0,$-8,$14,$-4,$-4,$0,$0,$0,$0,$-1,$-9,$0,$0,$0,$1,$1,$-3,$-2,$-4,$2,$1,$-3
3,2017-12-31,19.61,$10.09,1.94,$7.10,2.76,$1.76,11.16,$0.67,29.26,$0.23B,$0.05B,4.97,$0.00B,$0.44B,0.0,$0.31B,$0.20B,65.03%,$0.31B,$0.04B,12.09%,$0.31B,$0.04B,12.09%,$0.31B,$0.06B,19.61%,$0.31B,$0.04B,12.09%,$0.31B,$0.03B,9.80%,$0.03B,$0.44B,7.04%,$0.03B,$0.28B,11.47%,$0.03B,$0.49B,6.40%,$0.04B,$0.44B,8.68%,$78,$28,$50,$10,$29,$69,$9,$0,$9,$12,$-3,$-3,$-3,$15,$9,$43,43,$-0.07,$-0.07,$127,$49,$0,$225,$58,$0,$161,$9,$266,$491,$45,$0,$6,$7,$53,$0,$88,$-1,$438,$491,$29,$23,$21,$44,$-8,$-9,$2,$-1,$-16,$57,$-15,$-0,$0,$-1,$0,$-1,$-1,$-17,$0,$0,$0,$4,$4,$-8,$-2,$-6,$34,$12,$-8
4,2017-09-30,20.17,$10.12,1.99,$6.97,2.89,$1.62,12.46,$0.66,30.57,$0.20B,$0.03B,5.96,$0.00B,$0.44B,0.0,$0.30B,$0.19B,64.33%,$0.30B,$0.03B,8.67%,$0.30B,$0.03B,8.67%,$0.30B,$0.05B,16.00%,$0.30B,$0.03B,8.67%,$0.30B,$0.03B,10.00%,$0.03B,$0.44B,7.18%,$0.03B,$0.28B,11.96%,$0.03B,$0.48B,6.54%,$0.03B,$0.44B,6.22%,$74,$28,$46,$11,$26,$68,$7,$-0,$7,$-11,$18,$18,$18,$12,$7,$43,43,$0.40,$0.40,$111,$46,$0,$203,$58,$0,$164,$8,$275,$479,$34,$0,$5,$6,$41,$0,$93,$-1,$438,$479,$32,$17,$7,$24,$-4,$-5,$-5,$-3,$-22,$34,$-10,$-0,$0,$-1,$0,$-1,$-1,$-12,$0,$0,$0,$3,$3,$-5,$-2,$-4,$17,$9,$-5
5,2017-06-30,20.89,$9.80,2.13,$6.91,3.02,$1.70,12.28,$0.32,65.29,$0.19B,$0.03B,5.7,$0.00B,$0.42B,0.0,$0.30B,$0.19B,64.98%,$0.30B,$0.02B,7.74%,$0.30B,$0.02B,7.74%,$0.30B,$0.05B,15.49%,$0.30B,$0.02B,7.74%,$0.30B,$0.02B,5.05%,$0.02B,$0.42B,3.67%,$0.02B,$0.25B,6.26%,$0.02B,$0.46B,3.34%,$0.02B,$0.42B,5.62%,$76,$26,$50,$12,$28,$69,$7,$0,$7,$2,$6,$6,$6,$13,$7,$43,43,$0.13,$0.13,$104,$47,$0,$192,$58,$0,$166,$8,$267,$459,$34,$0,$5,$7,$40,$0,$78,$-1,$419,$459,$15,$11,$13,$24,$-1,$-6,$-2,$-2,$-18,$21,$-6,$0,$0,$-1,$0,$-1,$0,$-7,$0,$0,$0,$2,$2,$-3,$-2,$-3,$10,$5,$-3
6,2017-03-31,18.12,$9.60,1.89,$6.65,2.73,$1.97,9.22,$0.32,56.63,$0.17B,$0.03B,5.79,$0.00B,$0.41B,0.0,$0.29B,$0.19B,65.96%,$0.29B,$0.02B,8.42%,$0.29B,$0.02B,8.42%,$0.29B,$0.05B,15.79%,$0.29B,$0.02B,7.72%,$0.29B,$0.02B,5.26%,$0.02B,$0.41B,3.72%,$0.02B,$0.24B,6.42%,$0.02B,$0.45B,3.38%,$0.02B,$0.41B,5.96%,$78,$25,$53,$12,$24,$64,$14,$-0,$14,$5,$9,$9,$9,$20,$14,$43,43,$0.21,$0.21,$86,$44,$0,$173,$58,$0,$168,$7,$273,$447,$30,$0,$5,$7,$37,$0,$75,$-1,$410,$447,$9,$6,$4,$10,$-5,$-3,$-4,$1,$-20,$-1,$-3,$0,$0,$-1,$0,$-1,$0,$-4,$0,$0,$0,$1,$1,$0,$-2,$-1,$-7,$1,$0
7,2016-12-31,19.89,$9.43,2.11,$6.32,3.15,$2.21,9.01,$0.32,62.16,$0.17B,$0.04B,4.32,$0.00B,$0.40B,0.0,$0.27B,$0.18B,66.67%,$0.27B,$0.02B,8.15%,$0.27B,$0.02B,8.15%,$0.27B,$0.04B,15.19%,$0.27B,$0.02B,7.41%,$0.27B,$0.02B,5.56%,$0.02B,$0.40B,3.80%,$0.02B,$0.23B,6.19%,$0.02B,$0.45B,3.47%,$0.02B,$0.40B,5.57%,$72,$28,$44,$13,$29,$75,$-2,$0,$-2,$1,$-3,$-3,$-3,$3,$-2,$43,43,$-0.08,$-0.08,$93,$41,$0,$174,$57,$0,$170,$7,$277,$451,$40,$0,$5,$7,$47,$0,$69,$-2,$404,$451,$14,$20,$14,$34,$1,$-5,$3,$2,$1,$50,$-13,$-0,$-68,$-1,$19,$18,$0,$-63,$-25,$0,$-25,$5,$5,$0,$-2,$-22,$-35,$12,$0
8,2016-09-30,22.34,$9.43,2.37,$6.06,3.69,$2.29,9.77,$0.87,25.68,$0.17B,$0.03B,5.22,$0.00B,$0.40B,0.0,$0.26B,$0.18B,69.38%,$0.26B,$0.03B,12.40%,$0.26B,$0.03B,12.40%,$0.26B,$0.05B,19.38%,$0.26B,$0.03B,12.40%,$0.26B,$0.04B,14.73%,$0.04B,$0.40B,9.84%,$0.04B,$0.23B,15.17%,$0.04B,$0.44B,9.03%,$0.03B,$0.40B,8.29%,$71,$26,$46,$13,$26,$67,$4,$0,$4,$1,$3,$3,$3,$10,$4,$43,43,$0.06,$0.06,$84,$41,$0,$165,$55,$0,$172,$6,$276,$441,$32,$0,$5,$7,$38,$0,$72,$-1,$403,$441,$17,$14,$12,$26,$4,$-6,$1,$1,$-8,$36,$-8,$-0,$-68,$-1,$19,$19,$0,$-58,$-25,$0,$-25,$4,$4,$0,$-1,$-23,$-44,$8,$0
9,2016-06-30,19.89,$9.27,2.15,$5.83,3.41,$2.34,8.49,$0.96,20.72,$0.16B,$0.03B,4.79,$0.00B,$0.40B,0.0,$0.25B,$0.18B,70.56%,$0.25B,$0.04B,15.32%,$0.25B,$0.04B,15.32%,$0.25B,$0.05B,21.37%,$0.25B,$0.04B,15.32%,$0.25B,$0.04B,16.53%,$0.04B,$0.40B,11.05%,$0.04B,$0.23B,16.22%,$0.04B,$0.44B,10.14%,$0.04B,$0.40B,10.24%,$64,$19,$45,$12,$24,$57,$8,$-1,$6,$0,$6,$6,$6,$12,$8,$43,43,$0.13,$0.13,$82,$42,$0,$159,$58,$0,$166,$6,$276,$435,$33,$0,$5,$7,$40,$0,$69,$-1,$395,$435,$14,$8,$8,$16,$7,$-4,$3,$1,$0,$31,$-6,$-0,$-67,$0,$19,$19,$0,$-53,$-25,$0,$-25,$2,$2,$0,$-1,$-25,$-47,$5,$0
10,2016-03-31,19.07,$8.88,2.15,$5.72,3.34,$2.26,8.45,$0.89,21.43,$0.22B,$0.02B,10.73,$0.00B,$0.38B,0.0,$0.24B,$0.17B,71.19%,$0.24B,$0.04B,16.46%,$0.24B,$0.04B,16.46%,$0.24B,$0.05B,22.22%,$0.24B,$0.04B,14.40%,$0.24B,$0.04B,15.64%,$0.04B,$0.38B,10.70%,$0.04B,$0.28B,15.05%,$0.04B,$0.40B,9.79%,$0.04B,$0.38B,11.26%,$63,$18,$45,$11,$20,$51,$12,$0,$12,$3,$9,$9,$9,$16,$12,$42,42,$0.21,$0.21,$148,$31,$0,$218,$48,$5,$100,$4,$187,$404,$20,$0,$5,$7,$27,$0,$57,$-1,$377,$404,$9,$4,$4,$9,$-1,$0,$-1,$1,$-9,$8,$-3,$-0,$0,$0,$0,$0,$0,$-3,$0,$0,$0,$0,$0,$0,$0,$0,$6,$1,$0
11,2015-12-31,21.03,$8.71,2.41,$5.60,3.75,$2.20,9.57,$0.86,24.45,$0.21B,$0.03B,7.69,$0.00B,$0.37B,0.0,$0.24B,$0.17B,70.59%,$0.24B,$0.04B,15.97%,$0.24B,$0.04B,15.97%,$0.24B,$0.05B,21.43%,$0.24B,$0.03B,13.87%,$0.24B,$0.04B,15.13%,$0.04B,$0.37B,10.50%,$0.04B,$0.27B,15.08%,$0.04B,$0.40B,9.56%,$0.04B,$0.37B,11.09%,$60,$17,$43,$11,$23,$52,$8,$2,$10,$-10,$20,$20,$20,$12,$8,$42,43,$0.49,$0.47,$141,$31,$0,$210,$48,$7,$102,$4,$193,$403,$27,$0,$5,$7,$34,$0,$48,$-1,$369,$403,$37,$14,$5,$19,$-1,$5,$-4,$-1,$1,$57,$-18,$-1,$0,$0,$-3,$-3,$0,$-22,$0,$0,$0,$3,$3,$0,$-2,$2,$37,$11,$0
12,2015-09-30,16.63,$8.12,2.05,$5.56,2.99,$2.09,7.97,$0.92,18.08,$0.20B,$0.03B,7.57,$0.00B,$0.34B,0.0,$0.24B,$0.17B,71.19%,$0.24B,$0.04B,16.95%,$0.24B,$0.04B,16.95%,$0.24B,$0.05B,22.03%,$0.24B,$0.03B,13.98%,$0.24B,$0.04B,16.53%,$0.04B,$0.34B,11.80%,$0.04B,$0.24B,17.28%,$0.04B,$0.38B,10.68%,$0.04B,$0.34B,12.10%,$61,$19,$42,$10,$21,$51,$10,$0,$10,$3,$6,$6,$6,$13,$10,$42,43,$0.15,$0.15,$132,$29,$0,$202,$48,$4,$104,$4,$174,$376,$27,$0,$5,$7,$34,$0,$28,$-1,$343,$376,$16,$10,$14,$24,$2,$7,$-3,$-2,$4,$44,$-14,$-1,$0,$0,$0,$0,$0,$-15,$0,$0,$0,$2,$2,$0,$-3,$-1,$28,$8,$0
13,2015-06-30,16.97,$7.89,2.15,$5.48,3.1,$1.90,8.95,$0.90,18.86,$0.19B,$0.03B,6.48,$0.00B,$0.33B,0.0,$0.23B,$0.17B,71.12%,$0.23B,$0.04B,15.09%,$0.23B,$0.04B,15.09%,$0.23B,$0.05B,20.26%,$0.23B,$0.03B,12.07%,$0.23B,$0.04B,16.81%,$0.04B,$0.33B,12.24%,$0.04B,$0.23B,18.31%,$0.04B,$0.37B,11.02%,$0.04B,$0.33B,10.99%,$59,$16,$43,$12,$21,$49,$10,$-7,$3,$0,$3,$3,$3,$13,$10,$42,42,$0.06,$0.06,$121,$33,$0,$193,$48,$6,$104,$3,$176,$369,$30,$0,$5,$7,$37,$0,$21,$-1,$332,$369,$10,$6,$11,$17,$6,$4,$-4,$-3,$6,$33,$-12,$-0,$0,$0,$0,$0,$0,$-12,$0,$0,$0,$1,$1,$0,$-3,$-2,$19,$5,$0
14,2015-03-31,15.73,$7.77,2.02,$5.40,2.91,$1.76,8.95,$0.95,16.56,$0.17B,$0.02B,7.16,$0.00B,$0.33B,0.0,$0.23B,$0.16B,69.87%,$0.23B,$0.03B,13.10%,$0.23B,$0.03B,13.10%,$0.23B,$0.04B,18.34%,$0.23B,$0.03B,13.10%,$0.23B,$0.04B,17.90%,$0.04B,$0.33B,13.36%,$0.04B,$0.22B,20.47%,$0.04B,$0.36B,12.03%,$0.03B,$0.33B,9.77%,$58,$18,$40,$10,$19,$48,$10,$1,$10,$3,$7,$7,$7,$13,$10,$42,42,$0.18,$0.18,$95,$34,$0,$172,$47,$16,$105,$3,$186,$358,$24,$0,$5,$7,$31,$0,$19,$-1,$327,$358,$7,$3,$1,$5,$4,$3,$-1,$1,$-1,$11,$-8,$-0,$0,$0,$0,$0,$0,$-8,$0,$0,$0,$0,$0,$0,$0,$0,$3,$2,$0
15,2014-12-31,18.44,$7.65,2.41,$5.39,3.42,$1.89,9.77,$0.91,20.27,$0.18B,$0.03B,5.83,$0.00B,$0.32B,0.0,$0.23B,$0.16B,70.18%,$0.23B,$0.03B,12.28%,$0.23B,$0.03B,12.28%,$0.23B,$0.04B,17.98%,$0.23B,$0.03B,12.28%,$0.23B,$0.04B,17.54%,$0.04B,$0.32B,13.59%,$0.04B,$0.21B,21.48%,$0.04B,$0.36B,12.17%,$0.03B,$0.32B,9.52%,$58,$15,$43,$10,$21,$48,$10,$-0,$10,$-13,$23,$23,$23,$13,$10,$42,42,$0.56,$0.55,$92,$37,$0,$177,$40,$16,$106,$3,$181,$358,$30,$0,$5,$7,$38,$0,$11,$-1,$320,$358,$39,$14,$3,$18,$2,$-7,$1,$-4,$-5,$51,$-17,$-0,$0,$0,$-11,$-11,$0,$-29,$-2,$0,$-2,$5,$5,$0,$-2,$1,$24,$10,$0
16,2014-09-30,19.17,$7.07,2.71,$5.32,3.6,$1.51,12.69,$0.50,38.34,$0.16B,$0.03B,5.77,$0.00B,$0.30B,0.0,$0.23B,$0.15B,68.44%,$0.23B,$0.02B,10.22%,$0.23B,$0.02B,10.22%,$0.23B,$0.04B,16.89%,$0.23B,$0.02B,10.22%,$0.23B,$0.02B,9.78%,$0.02B,$0.30B,7.81%,$0.02B,$0.19B,12.75%,$0.02B,$0.33B,6.97%,$0.02B,$0.30B,8.16%,$57,$18,$39,$10,$21,$52,$5,$-0,$5,$-1,$6,$6,$6,$8,$5,$42,42,$0.13,$0.13,$89,$33,$0,$163,$37,$8,$107,$3,$167,$331,$28,$0,$5,$7,$36,$0,$-12,$-0,$295,$331,$16,$11,$7,$18,$4,$-3,$-1,$-1,$-1,$33,$-12,$-0,$0,$0,$-3,$-3,$0,$-15,$-2,$0,$-2,$4,$4,$0,$1,$4,$21,$7,$0
17,2014-06-30,16.86,$6.85,2.46,$5.20,3.24,$1.29,13.08,$0.39,43.24,$0.16B,$0.02B,6.94,$0.00B,$0.29B,0.0,$0.22B,$0.15B,66.67%,$0.22B,$0.01B,6.39%,$0.22B,$0.01B,6.39%,$0.22B,$0.03B,13.70%,$0.22B,$0.02B,9.13%,$0.22B,$0.02B,7.76%,$0.02B,$0.29B,6.23%,$0.02B,$0.18B,10.48%,$0.02B,$0.32B,5.55%,$0.01B,$0.29B,5.13%,$56,$17,$38,$11,$21,$51,$5,$-0,$5,$0,$5,$5,$5,$8,$5,$42,42,$0.11,$0.11,$90,$31,$0,$158,$34,$0,$109,$4,$159,$316,$23,$0,$5,$8,$31,$0,$-17,$0,$286,$316,$11,$8,$8,$16,$4,$-2,$-2,$0,$-5,$22,$-6,$-0,$0,$0,$2,$2,$0,$-5,$-2,$0,$-2,$3,$3,$0,$0,$2,$19,$4,$0
18,2014-03-31,17.81,$6.67,2.67,$5.19,3.43,$0.88,20.28,$0.37,48.12,$0.15B,$0.03B,5.77,$0.00B,$0.28B,0.0,$0.22B,$0.15B,67.28%,$0.22B,$0.01B,6.45%,$0.22B,$0.01B,6.45%,$0.22B,$0.03B,14.29%,$0.22B,$0.02B,9.22%,$0.22B,$0.02B,7.37%,$0.02B,$0.28B,6.06%,$0.02B,$0.17B,10.51%,$0.02B,$0.31B,5.36%,$0.01B,$0.28B,5.29%,$57,$17,$40,$11,$19,$48,$8,$-0,$8,$2,$6,$6,$6,$12,$8,$41,42,$0.14,$0.14,$82,$31,$0,$150,$33,$0,$110,$4,$160,$310,$26,$0,$5,$8,$34,$0,$-22,$0,$276,$310,$6,$4,$3,$7,$4,$-1,$-3,$1,$-1,$11,$-3,$0,$0,$0,$0,$0,$0,$-3,$0,$0,$0,$1,$1,$0,$0,$1,$9,$2,$0
19,2013-12-31,19.07,$6.55,2.91,$5.14,3.71,$0.86,22.28,$0.17,112.2,$0.15B,$0.03B,5.14,$0.00B,$0.27B,0.0,$0.21B,$0.14B,67.61%,$0.21B,$0.00B,1.88%,$0.21B,$0.00B,1.88%,$0.21B,$0.02B,9.86%,$0.21B,$0.01B,4.69%,$0.21B,$0.01B,3.29%,$0.01B,$0.27B,2.71%,$0.01B,$0.16B,4.82%,$0.01B,$0.31B,2.38%,$0.00B,$0.27B,1.54%,$55,$18,$37,$10,$20,$50,$5,$-0,$5,$0,$5,$5,$5,$10,$5,$41,42,$0.12,$0.12,$72,$30,$0,$146,$33,$0,$111,$4,$160,$306,$28,$0,$5,$8,$36,$0,$-28,$0,$270,$306,$7,$16,$5,$21,$2,$-3,$1,$-1,$-1,$27,$-8,$-1,$0,$0,$12,$12,$0,$3,$-1,$0,$-1,$-6,$-6,$0,$3,$-4,$25,$9,$0
20,2013-09-30,19.66,$6.31,3.12,$5.15,3.82,$0.76,25.73,$0.15,131.09,$0.13B,$0.03B,4.87,$0.00B,$0.26B,0.0,$0.21B,$0.15B,68.22%,$0.21B,$0.01B,2.80%,$0.21B,$0.01B,2.80%,$0.21B,$0.02B,10.28%,$0.21B,$0.01B,5.61%,$0.21B,$0.01B,2.80%,$0.01B,$0.26B,2.35%,$0.01B,$0.15B,4.25%,$0.01B,$0.29B,2.05%,$0.01B,$0.26B,2.33%,$51,$20,$31,$10,$21,$55,$-4,$7,$2,$2,$1,$1,$1,$-0,$-4,$41,42,$0.02,$0.02,$63,$30,$0,$130,$33,$0,$112,$5,$164,$294,$27,$1,$5,$8,$35,$0,$-33,$1,$259,$294,$2,$12,$8,$19,$3,$-2,$-1,$-2,$-4,$17,$-6,$-1,$0,$0,$11,$11,$0,$5,$-1,$0,$-1,$-6,$-6,$0,$-0,$-8,$14,$7,$0
21,2013-06-30,20.26,$6.19,3.27,$5.13,3.95,$0.64,31.8,$0.17,119.2,$0.12B,$0.02B,5.01,$0.00B,$0.25B,0.0,$0.21B,$0.15B,70.42%,$0.21B,$0.01B,6.10%,$0.21B,$0.01B,6.10%,$0.21B,$0.03B,13.62%,$0.21B,$0.01B,6.10%,$0.21B,$0.01B,3.29%,$0.01B,$0.25B,2.77%,$0.01B,$0.14B,5.11%,$0.01B,$0.28B,2.42%,$0.01B,$0.25B,5.11%,$54,$16,$38,$12,$20,$49,$5,$0,$5,$1,$4,$4,$4,$9,$5,$40,41,$0.09,$0.09,$43,$34,$0,$117,$29,$0,$114,$9,$167,$284,$23,$1,$6,$10,$33,$0,$-34,$0,$251,$284,$1,$8,$6,$13,$2,$-4,$-3,$-2,$-8,$6,$-8,$-1,$0,$0,$11,$11,$0,$2,$-1,$0,$-1,$-12,$-12,$0,$-0,$-14,$-5,$5,$0
22,2013-03-31,16.24,$6.20,2.62,$4.96,3.27,$0.78,20.85,$0.15,108.28,$0.13B,$0.03B,4.26,$0.00B,$0.25B,0.01,$0.21B,$0.15B,70.53%,$0.21B,$0.01B,6.76%,$0.21B,$0.01B,6.76%,$0.21B,$0.03B,14.49%,$0.21B,$0.01B,6.76%,$0.21B,$0.01B,2.90%,$0.01B,$0.25B,2.36%,$0.01B,$0.14B,4.03%,$0.01B,$0.29B,2.08%,$0.01B,$0.26B,5.47%,$53,$15,$38,$13,$26,$55,$-2,$-0,$-2,$1,$-3,$-3,$-3,$2,$-2,$41,41,$-0.06,$-0.06,$61,$32,$0,$129,$27,$0,$115,$9,$164,$293,$30,$1,$5,$9,$40,$0,$-37,$1,$253,$293,$-3,$4,$4,$7,$8,$-2,$-2,$-1,$5,$10,$-3,$-1,$0,$0,$10,$10,$0,$6,$0,$0,$0,$-4,$-4,$0,$-0,$-5,$12,$2,$0
23,2012-12-31,16.52,$6.36,2.6,$4.80,3.44,$0.56,29.31,$0.29,56.95,$0.13B,$0.03B,4.63,$0.00B,$0.26B,0.01,$0.20B,$0.14B,69.95%,$0.20B,$0.02B,10.84%,$0.20B,$0.02B,10.84%,$0.20B,$0.04B,18.23%,$0.20B,$0.02B,10.84%,$0.20B,$0.01B,6.40%,$0.01B,$0.26B,5.13%,$0.01B,$0.14B,8.15%,$0.01B,$0.30B,4.56%,$0.02B,$0.26B,8.62%,$56,$16,$39,$12,$20,$48,$7,$0,$7,$3,$4,$4,$4,$11,$7,$41,42,$0.10,$0.11,$56,$30,$0,$129,$26,$3,$116,$8,$168,$297,$28,$2,$5,$10,$38,$0,$-35,$1,$260,$297,$12,$14,$7,$22,$-10,$-5,$3,$-1,$-10,$24,$-10,$-2,$-48,$-1,$32,$31,$0,$-28,$-1,$0,$-1,$-17,$-17,$0,$6,$-11,$-15,$10,$0
24,2012-09-30,19.11,$6.09,3.14,$4.60,4.16,$0.89,21.42,$0.27,70.79,$0.11B,$0.03B,4.35,$0.00B,$0.25B,0.01,$0.20B,$0.14B,69.74%,$0.20B,$0.02B,9.74%,$0.20B,$0.02B,9.74%,$0.20B,$0.03B,16.92%,$0.20B,$0.02B,9.74%,$0.20B,$0.01B,6.15%,$0.01B,$0.25B,4.78%,$0.01B,$0.13B,7.12%,$0.01B,$0.28B,4.26%,$0.02B,$0.25B,7.50%,$50,$15,$35,$11,$19,$47,$3,$-0,$3,$2,$2,$2,$2,$7,$3,$41,42,$0.04,$0.04,$42,$27,$0,$109,$27,$6,$118,$8,$173,$283,$25,$2,$4,$9,$35,$0,$-39,$1,$248,$283,$8,$11,$9,$20,$-8,$-3,$2,$-3,$-14,$14,$-8,$-0,$-48,$-1,$30,$29,$0,$-28,$-1,$0,$-1,$-18,$-18,$0,$2,$-17,$-30,$8,$0
25,2012-06-30,24.08,$6.20,3.88,$4.47,5.38,$1.24,19.41,$0.28,85.99,$0.16B,$0.02B,7.9,$0.00B,$0.26B,0.01,$0.19B,$0.13B,67.54%,$0.19B,$0.02B,9.95%,$0.19B,$0.02B,9.95%,$0.19B,$0.03B,16.75%,$0.19B,$0.02B,9.95%,$0.19B,$0.01B,6.28%,$0.01B,$0.26B,4.76%,$0.01B,$0.19B,6.65%,$0.01B,$0.28B,4.27%,$0.02B,$0.26B,7.47%,$48,$14,$34,$10,$17,$42,$6,$-0,$6,$4,$3,$3,$3,$10,$6,$41,42,$0.07,$0.07,$99,$26,$0,$161,$26,$6,$70,$7,$123,$283,$20,$2,$3,$8,$28,$0,$-41,$1,$255,$283,$6,$7,$4,$11,$-3,$-2,$0,$-2,$-8,$9,$-5,$-0,$0,$0,$20,$20,$0,$14,$-1,$0,$-1,$-8,$-8,$0,$3,$-6,$18,$5,$0
26,2012-03-31,22.96,$6.12,3.75,$4.46,5.15,$1.57,14.63,$0.32,71.74,$0.15B,$0.02B,8.54,$0.00B,$0.25B,0.01,$0.19B,$0.13B,67.54%,$0.19B,$0.02B,11.52%,$0.19B,$0.02B,11.52%,$0.19B,$0.03B,17.28%,$0.19B,$0.02B,11.52%,$0.19B,$0.01B,7.33%,$0.01B,$0.25B,5.59%,$0.01B,$0.18B,7.93%,$0.01B,$0.28B,5.02%,$0.02B,$0.25B,8.70%,$49,$15,$34,$10,$17,$43,$6,$-0,$6,$2,$4,$4,$4,$9,$6,$41,43,$0.09,$0.08,$94,$24,$0,$154,$25,$8,$71,$7,$124,$278,$18,$2,$4,$10,$28,$0,$-44,$1,$251,$278,$4,$4,$3,$7,$-4,$0,$-0,$0,$-10,$-0,$-2,$0,$0,$0,$-0,$-0,$0,$-2,$0,$0,$0,$-5,$-5,$0,$0,$-4,$-6,$3,$0
27,2011-12-31,20.87,$6.12,3.41,$4.34,4.81,$1.79,11.64,$0.35,59.64,$0.16B,$0.02B,7.21,$0.00B,$0.25B,0.01,$0.19B,$0.13B,68.11%,$0.19B,$0.02B,12.97%,$0.19B,$0.02B,12.97%,$0.19B,$0.04B,18.92%,$0.19B,$0.02B,12.97%,$0.19B,$0.01B,7.57%,$0.01B,$0.25B,5.66%,$0.01B,$0.18B,7.88%,$0.01B,$0.28B,5.08%,$0.02B,$0.25B,9.59%,$48,$15,$33,$12,$16,$44,$4,$0,$4,$1,$3,$3,$3,$7,$4,$41,43,$0.08,$0.07,$102,$25,$0,$159,$25,$6,$72,$7,$124,$283,$22,$3,$4,$10,$32,$0,$-47,$1,$251,$283,$14,$12,$3,$15,$-1,$5,$-3,$-2,$8,$38,$-10,$-2,$-34,$-2,$-14,$-16,$0,$-61,$-1,$0,$-1,$-15,$-15,$0,$8,$-8,$-31,$11,$0
28,2011-09-30,21.8,$6.08,3.58,$4.18,5.21,$1.43,15.29,$0.34,64.11,$0.15B,$0.02B,8.03,$0.00B,$0.25B,0.01,$0.18B,$0.12B,68.54%,$0.18B,$0.03B,14.04%,$0.18B,$0.03B,14.04%,$0.18B,$0.04B,19.66%,$0.18B,$0.03B,14.04%,$0.18B,$0.01B,7.87%,$0.01B,$0.25B,5.75%,$0.01B,$0.18B,7.87%,$0.01B,$0.28B,5.16%,$0.03B,$0.25B,10.14%,$46,$17,$28,$8,$17,$43,$3,$-0,$3,$1,$2,$2,$2,$6,$3,$41,43,$0.05,$0.05,$98,$26,$0,$151,$25,$12,$73,$6,$130,$281,$19,$3,$4,$10,$29,$0,$-51,$1,$251,$281,$11,$8,$3,$12,$1,$3,$-2,$-1,$6,$29,$-7,$-1,$-34,$-2,$-9,$-11,$0,$-52,$-1,$0,$-1,$-6,$-6,$0,$6,$-1,$-24,$8,$0
29,2011-06-30,20.55,$5.99,3.43,$3.94,5.22,$1.08,19.05,$0.27,76.11,$0.14B,$0.02B,9.07,$0.00B,$0.25B,0.01,$0.17B,$0.12B,69.88%,$0.17B,$0.02B,13.25%,$0.17B,$0.02B,13.25%,$0.17B,$0.03B,18.67%,$0.17B,$0.02B,13.25%,$0.17B,$0.01B,6.63%,$0.01B,$0.25B,4.62%,$0.01B,$0.17B,6.21%,$0.01B,$0.27B,4.14%,$0.02B,$0.25B,9.12%,$48,$14,$34,$8,$16,$39,$9,$0,$9,$4,$5,$5,$5,$11,$9,$41,42,$0.11,$0.11,$87,$29,$0,$137,$24,$20,$79,$6,$136,$273,$15,$3,$4,$11,$26,$0,$-53,$1,$248,$273,$9,$5,$6,$11,$7,$1,$-4,$-2,$2,$22,$-4,$-0,$-34,$-2,$-15,$-17,$0,$-55,$-1,$0,$-1,$-4,$-4,$0,$4,$-1,$-34,$6,$0
30,2011-03-31,18.44,$5.82,3.17,$3.60,5.12,$0.79,23.41,$0.18,102.47,$0.17B,$0.02B,11.47,$0.00B,$0.24B,0.01,$0.15B,$0.11B,69.54%,$0.15B,$0.02B,9.93%,$0.15B,$0.02B,9.93%,$0.15B,$0.02B,15.89%,$0.15B,$0.02B,9.93%,$0.15B,$0.01B,4.64%,$0.01B,$0.24B,3.00%,$0.01B,$0.19B,3.94%,$0.01B,$0.27B,2.68%,$0.02B,$0.24B,6.35%,$43,$13,$31,$8,$14,$35,$8,$0,$8,$4,$4,$4,$4,$11,$8,$41,42,$0.11,$0.11,$123,$26,$0,$169,$22,$8,$55,$6,$97,$265,$15,$3,$3,$11,$26,$0,$-57,$1,$240,$265,$4,$3,$2,$4,$7,$-1,$-3,$-1,$0,$9,$-1,$0,$0,$-2,$-0,$-2,$0,$-3,$0,$0,$0,$-3,$-3,$0,$2,$-1,$5,$3,$0
31,2010-12-31,17.97,$5.69,3.16,$3.38,5.32,$0.71,25.2,$0.12,149.77,$0.17B,$0.02B,8.68,$0.00B,$0.24B,0.01,$0.14B,$0.10B,68.79%,$0.14B,$0.01B,7.80%,$0.14B,$0.01B,7.80%,$0.14B,$0.02B,13.48%,$0.14B,$0.01B,7.80%,$0.14B,$0.01B,3.55%,$0.01B,$0.24B,2.18%,$0.01B,$0.18B,2.87%,$0.01B,$0.27B,1.95%,$0.01B,$0.24B,4.74%,$41,$13,$29,$8,$13,$36,$5,$0,$5,$2,$3,$3,$3,$7,$5,$41,42,$0.08,$0.07,$119,$25,$0,$172,$22,$6,$55,$4,$94,$266,$20,$3,$4,$11,$31,$0,$-62,$1,$235,$266,$5,$9,$16,$25,$2,$-6,$-2,$0,$-6,$24,$-11,$-2,$-5,$-2,$-6,$-8,$-1,$-27,$-1,$0,$-1,$2,$2,$0,$0,$1,$-1,$9,$0
32,2010-09-30,15.73,$5.58,2.82,$3.33,4.73,$0.30,53.22,$0.53,29.68,$0.16B,$0.02B,8.62,$0.00B,$0.23B,0.02,$0.14B,$0.09B,68.12%,$0.14B,$0.01B,7.97%,$0.14B,$0.01B,7.97%,$0.14B,$0.01B,10.14%,$0.14B,$0.01B,7.97%,$0.14B,$0.02B,15.94%,$0.02B,$0.23B,9.78%,$0.02B,$0.17B,12.88%,$0.02B,$0.26B,8.73%,$0.01B,$0.23B,4.82%,$34,$12,$22,$7,$15,$34,$0,$0,$0,$1,$-1,$-1,$-1,$2,$0,$41,41,$-0.02,$-0.02,$108,$24,$0,$157,$21,$11,$55,$4,$102,$259,$18,$3,$3,$11,$29,$0,$-65,$1,$230,$259,$2,$6,$10,$16,$4,$-5,$-2,$1,$-3,$15,$-9,$-1,$-5,$-2,$-10,$-13,$-1,$-28,$-1,$0,$-1,$1,$1,$0,$1,$2,$-12,$7,$0
33,2010-06-30,15.95,$5.54,2.88,$3.22,4.95,$-0.09,0.0,$0.54,29.53,$0.15B,$0.02B,9.55,$0.00B,$0.23B,0.02,$0.13B,$0.09B,68.42%,$0.13B,$0.01B,7.52%,$0.13B,$0.01B,7.52%,$0.13B,$0.02B,12.03%,$0.13B,$0.01B,8.27%,$0.13B,$0.02B,16.54%,$0.02B,$0.23B,10.16%,$0.02B,$0.17B,13.50%,$0.02B,$0.25B,9.08%,$0.01B,$0.23B,4.55%,$33,$10,$23,$6,$14,$31,$2,$0,$2,$1,$1,$1,$1,$4,$2,$41,42,$0.02,$0.02,$102,$21,$0,$147,$20,$18,$55,$4,$107,$254,$15,$3,$3,$11,$27,$0,$-64,$0,$228,$254,$3,$4,$6,$10,$5,$-2,$-3,$-0,$-2,$11,$-5,$-1,$-5,$-2,$-5,$-7,$-1,$-20,$-1,$0,$-1,$1,$1,$0,$2,$2,$-7,$5,$0
34,2010-03-31,16.53,$5.33,3.1,$3.10,5.32,$-0.52,0.0,$0.55,30.05,$0.15B,$0.01B,10.94,$0.00B,$0.22B,0.02,$0.13B,$0.09B,67.97%,$0.13B,$0.01B,7.03%,$0.13B,$0.01B,7.03%,$0.13B,$0.02B,14.84%,$0.13B,$0.01B,7.81%,$0.13B,$0.02B,17.19%,$0.02B,$0.22B,10.56%,$0.02B,$0.17B,14.17%,$0.02B,$0.25B,9.46%,$0.01B,$0.23B,4.25%,$33,$10,$23,$5,$14,$30,$4,$0,$4,$2,$2,$2,$2,$6,$4,$41,42,$0.05,$0.05,$110,$19,$0,$150,$17,$16,$52,$1,$96,$247,$14,$4,$1,$10,$23,$0,$-65,$0,$223,$247,$2,$2,$4,$6,$6,$-2,$-4,$1,$-2,$6,$-1,$0,$0,$0,$-9,$-9,$0,$-11,$0,$0,$0,$1,$1,$0,$0,$1,$-4,$2,$0
35,2009-12-31,14.68,$5.37,2.73,$2.94,5.0,$-0.70,0.0,$0.43,34.14,$0.14B,$0.02B,7.2,$0.00B,$0.22B,0.02,$0.12B,$0.08B,67.77%,$0.12B,$0.01B,5.79%,$0.12B,$0.01B,5.79%,$0.12B,$0.02B,14.05%,$0.12B,$0.00B,2.48%,$0.12B,$0.02B,14.05%,$0.02B,$0.22B,8.47%,$0.02B,$0.17B,11.54%,$0.02B,$0.25B,7.56%,$0.01B,$0.22B,3.43%,$38,$13,$26,$8,$10,$33,$5,$0,$5,$-15,$20,$20,$20,$2,$5,$41,42,$0.49,$0.48,$99,$18,$0,$142,$17,$20,$53,$1,$106,$248,$20,$4,$1,$10,$29,$0,$-67,$0,$219,$248,$18,$8,$-6,$3,$-11,$-6,$4,$-1,$-15,$6,$-10,$-0,$0,$0,$14,$14,$0,$3,$0,$0,$0,$1,$1,$0,$0,$1,$9,$8,$0
36,2009-09-30,16.71,$4.70,3.56,$2.73,6.12,$-0.35,0.0,$-0.00,0.0,$0.13B,$0.02B,8.41,$0.00B,$0.20B,0.02,$0.11B,$0.08B,68.47%,$0.11B,$0.00B,3.60%,$0.11B,$0.00B,3.60%,$0.11B,$0.02B,17.12%,$0.11B,0,0.00%,$0.11B,$-0.00B,-0.90%,$-0.00B,$0.20B,-0.51%,$-0.00B,$0.14B,-0.71%,$-0.00B,$0.22B,-0.46%,$0.00B,$0.20B,2.02%,$29,$10,$19,$6,$14,$30,$-1,$0,$-0,$0,$-1,$-1,$-1,$4,$-1,$41,41,$-0.01,$-0.01,$95,$13,$2,$129,$17,$20,$53,$1,$91,$220,$15,$4,$0,$8,$24,$0,$-87,$0,$196,$220,$-2,$12,$1,$13,$-8,$-1,$0,$0,$-11,$-1,$-9,$-0,$0,$0,$6,$6,$0,$-2,$0,$0,$0,$0,$0,$0,$0,$0,$-3,$0,$0
37,2009-06-30,18.23,$4.70,3.88,$2.70,6.75,$-0.00,0.0,$0.09,202.54,$0.13B,$0.01B,10.95,$0.00B,$0.20B,0.02,$0.11B,$0.08B,69.37%,$0.11B,$0.01B,7.21%,$0.11B,$0.01B,7.21%,$0.11B,$0.02B,18.02%,$0.11B,$0.00B,2.70%,$0.11B,$0.00B,2.70%,$0.00B,$0.20B,1.55%,$0.00B,$0.14B,2.17%,$0.00B,$0.22B,1.39%,$0.01B,$0.20B,4.08%,$28,$9,$19,$5,$13,$27,$1,$0,$1,$-0,$1,$1,$1,$7,$1,$41,41,$0.03,$0.03,$97,$12,$2,$129,$15,$16,$54,$1,$86,$215,$12,$4,$0,$8,$20,$0,$-86,$0,$195,$215,$-2,$7,$1,$8,$-7,$-1,$-1,$-0,$-13,$-7,$-5,$-0,$0,$0,$-4,$-4,$0,$-9,$0,$0,$0,$0,$0,$0,$0,$0,$-15,$0,$0
38,2009-03-31,17.82,$4.66,3.82,$2.71,6.57,$0.36,50.1,$0.03,593.85,$0.14B,$0.02B,8.52,$0.00B,$0.19B,0.02,$0.11B,$0.08B,70.09%,$0.11B,$0.01B,5.61%,$0.11B,$0.01B,5.61%,$0.11B,$0.01B,13.08%,$0.11B,$0.00B,0.93%,$0.11B,$0.00B,0.93%,$0.00B,$0.19B,0.53%,$0.00B,$0.14B,0.74%,$0.00B,$0.22B,0.47%,$0.01B,$0.20B,3.11%,$26,$8,$18,$5,$11,$24,$2,$-4,$-3,$0,$-3,$-3,$-3,$4,$2,$40,40,$-0.07,$-0.07,$109,$11,$1,$135,$13,$14,$54,$2,$82,$217,$16,$3,$0,$8,$24,$0,$-87,$-0,$193,$217,$-3,$2,$2,$4,$-3,$0,$3,$1,$-2,$-1,$-2,$-0,$0,$0,$-9,$-9,$0,$-10,$0,$0,$0,$0,$0,$0,$0,$1,$-11,$2,$0
39,2008-12-31,21.0,$4.82,4.35,$2.73,7.7,$0.40,51.88,$0.07,300.01,$0.15B,$0.02B,10.01,$0.00B,$0.20B,0.02,$0.10B,$0.07B,69.23%,$0.10B,$0.00B,2.88%,$0.10B,$0.00B,2.88%,$0.10B,$0.01B,9.62%,$0.10B,$0.00B,2.88%,$0.10B,$0.00B,2.88%,$0.00B,$0.20B,1.79%,$0.00B,$0.14B,2.69%,$0.00B,$0.22B,1.59%,$0.00B,$0.20B,1.76%,$28,$9,$20,$5,$13,$26,$2,$0,$2,$0,$2,$2,$2,$4,$2,$38,40,$0.06,$0.06,$122,$12,$0,$146,$13,$2,$55,$2,$71,$217,$15,$3,$0,$8,$23,$0,$-85,$-0,$195,$217,$3,$7,$7,$14,$1,$-5,$2,$-0,$-3,$14,$-4,$-1,$-0,$0,$-36,$-36,$0,$-42,$-0,$0,$-0,$82,$82,$0,$0,$82,$54,$7,$0
40,2008-09-30,24.59,$4.57,5.38,$2.64,9.3,$0.22,112.74,$0.32,76.84,$0.14B,$0.01B,10.36,$0.00B,$0.19B,0.02,$0.10B,$0.07B,66.33%,$0.10B,0,0.00%,$0.10B,0,0.00%,$0.10B,$0.01B,14.29%,$0.10B,$0.01B,12.24%,$0.10B,$0.01B,12.24%,$0.01B,$0.19B,8.29%,$0.01B,$0.13B,13.60%,$0.01B,$0.21B,7.24%,$0.00B,$0.19B,0.00%,$29,$9,$20,$4,$12,$26,$3,$0,$3,$0,$3,$3,$3,$5,$3,$40,42,$0.08,$0.08,$117,$10,$2,$141,$12,$2,$56,$1,$71,$212,$14,$3,$0,$9,$22,$0,$-87,$-0,$190,$212,$1,$5,$6,$11,$-1,$-3,$1,$0,$-4,$8,$-3,$-1,$-1,$0,$-30,$-30,$0,$-35,$-0,$0,$-0,$81,$81,$0,$0,$81,$54,$5,$0
41,2008-06-30,20.2,$4.42,4.57,$2.51,8.05,$-0.28,0.0,$0.15,134.7,$0.13B,$0.01B,10.28,$0.00B,$0.18B,0.02,$0.09B,$0.06B,64.77%,$0.09B,$-0.01B,-5.68%,$0.09B,$-0.01B,-5.68%,$0.09B,$0.01B,9.09%,$0.09B,$0.01B,7.95%,$0.09B,$0.01B,7.95%,$0.01B,$0.18B,5.85%,$0.01B,$0.13B,11.07%,$0.01B,$0.20B,4.98%,$-0.01B,$0.19B,-4.07%,$24,$8,$17,$5,$12,$25,$-1,$-0,$-1,$0,$-1,$-1,$-1,$1,$-1,$36,36,$-0.03,$-0.03,$113,$9,$2,$133,$12,$0,$56,$1,$70,$203,$13,$4,$0,$8,$21,$0,$-90,$0,$182,$203,$-2,$3,$4,$8,$2,$-2,$1,$-0,$-1,$4,$-2,$-1,$-0,$0,$-3,$-3,$0,$-6,$-0,$0,$-0,$78,$78,$0,$0,$77,$75,$3,$0
42,2008-03-31,19.32,$2.84,6.81,$2.33,8.3,$-0.63,0.0,$0.09,214.66,$0.06B,$0.01B,4.79,$0.00B,$0.10B,0.03,$0.08B,$0.05B,60.98%,$0.08B,$-0.02B,-19.51%,$0.08B,$-0.02B,-19.51%,$0.08B,$-0.00B,-3.66%,$0.08B,$-0.00B,-4.88%,$0.08B,$-0.00B,-4.88%,$-0.00B,$0.10B,-4.15%,$-0.00B,$0.05B,-10.13%,$-0.00B,$0.12B,-3.40%,$-0.02B,$0.11B,-16.00%,$23,$8,$15,$4,$12,$24,$-1,$0,$-1,$0,$-1,$-1,$-1,$0,$-1,$35,35,$-0.03,$-0.03,$34,$7,$1,$55,$12,$0,$56,$1,$69,$124,$11,$4,$0,$8,$20,$0,$-89,$0,$104,$124,$-1,$2,$2,$4,$0,$-1,$0,$0,$-3,$0,$-1,$0,$0,$0,$-1,$-1,$0,$-2,$0,$0,$0,$1,$1,$0,$0,$1,$-1,$2,$0
43,2007-12-31,15.97,$2.92,5.46,$2.18,7.32,$-0.75,0.0,$0.12,133.06,$0.05B,$0.01B,4.25,$0.00B,$0.10B,0.03,$0.08B,$0.05B,59.21%,$0.08B,$-0.02B,-19.74%,$0.08B,$-0.02B,-19.74%,$0.08B,$-0.00B,-3.95%,$0.08B,$-0.00B,-3.95%,$0.08B,$-0.00B,-3.95%,$-0.00B,$0.10B,-3.14%,$-0.00B,$0.05B,-8.39%,$-0.00B,$0.12B,-2.55%,$-0.02B,$0.11B,-15.19%,$22,$8,$13,$4,$12,$22,$-1,$12,$11,$0,$11,$11,$11,$8,$-1,$34,34,$0.31,$0.31,$34,$7,$0,$53,$13,$0,$57,$1,$70,$124,$13,$3,$0,$8,$20,$0,$-88,$-0,$103,$124,$-3,$12,$5,$17,$-3,$-0,$-3,$1,$-6,$8,$-7,$-0,$-3,$0,$11,$11,$0,$2,$-12,$0,$-12,$2,$2,$0,$0,$-10,$-0,$0,$0
44,2007-09-30,14.83,$2.45,6.06,$1.99,7.47,$-0.75,0.0,$-0.16,0.0,$0.04B,$0.02B,2.39,$0.00B,$0.09B,0.03,$0.07B,$0.04B,60.29%,$0.07B,$-0.01B,-20.59%,$0.07B,$-0.01B,-20.59%,$0.07B,$-0.01B,-7.35%,$0.07B,$-0.01B,-19.12%,$0.07B,$-0.01B,-19.12%,$-0.01B,$0.09B,-15.62%,$-0.01B,$0.03B,-34.67%,$-0.01B,$0.11B,-12.59%,$-0.01B,$0.09B,-16.33%,$19,$7,$12,$4,$10,$21,$-2,$0,$-2,$0,$-2,$-2,$-2,$-1,$-2,$35,35,$-0.05,$-0.05,$13,$8,$2,$35,$12,$5,$57,$1,$76,$111,$15,$3,$0,$7,$21,$0,$-99,$0,$90,$111,$-14,$3,$12,$16,$-2,$-1,$-4,$-0,$-10,$-8,$-5,$-0,$-3,$0,$10,$10,$0,$1,$-12,$0,$-12,$1,$1,$0,$0,$-12,$-18,$5,$0
45,2007-06-30,12.1,$2.47,4.9,$1.81,6.68,$-0.39,0.0,$-0.07,0.0,$0.04B,$0.02B,2.39,$0.00B,$0.09B,0.04,$0.06B,$0.04B,59.68%,$0.06B,$-0.01B,-19.35%,$0.06B,$-0.01B,-19.35%,$0.06B,$-0.00B,-6.45%,$0.06B,$-0.01B,-17.74%,$0.06B,$-0.01B,-17.74%,$-0.01B,$0.09B,-14.92%,$-0.01B,$0.03B,-26.04%,$-0.01B,$0.11B,-12.05%,$-0.01B,$0.09B,-15.89%,$18,$7,$10,$4,$11,$30,$-12,$0,$-12,$-0,$-12,$-12,$-12,$-10,$-12,$35,35,$-0.34,$-0.34,$15,$7,$2,$36,$10,$5,$59,$2,$76,$112,$15,$4,$0,$8,$23,$0,$-97,$-0,$89,$112,$-12,$2,$11,$14,$-2,$-1,$-4,$0,$-9,$-7,$-3,$-0,$-3,$0,$10,$10,$0,$3,$-12,$0,$-12,$0,$0,$0,$0,$-12,$-16,$3,$0
46,2007-03-31,13.49,$2.78,4.85,$1.71,7.87,$-0.14,0.0,$0.03,449.64,$0.04B,$0.02B,2.43,$0.00B,$0.10B,0.03,$0.06B,$0.04B,61.40%,$0.06B,0,0.00%,$0.06B,0,0.00%,$0.06B,$0.01B,10.53%,$0.06B,$0.00B,1.75%,$0.06B,$0.00B,1.75%,$0.00B,$0.10B,1.57%,$0.00B,$0.03B,2.13%,$0.00B,$0.12B,1.28%,$0.00B,$0.10B,0.00%,$17,$6,$10,$3,$8,$17,$-0,$1,$0,$0,$0,$0,$0,$0,$-0,$32,33,$0.00,$0.00,$20,$6,$2,$38,$9,$7,$67,$1,$84,$123,$16,$3,$0,$7,$23,$0,$-85,$-0,$100,$123,$0,$1,$2,$2,$-1,$-0,$-2,$1,$-5,$-3,$-2,$0,$-2,$0,$8,$8,$0,$4,$-12,$0,$-12,$0,$0,$0,$0,$-12,$-11,$2,$0
47,2006-12-31,12.49,$1.71,7.3,$1.61,7.74,$0.00,0.0,$0.05,249.73,$0.05B,$0.01B,5.96,$0.00B,$0.05B,0.0,$0.05B,$0.03B,62.26%,$0.05B,0,0.00%,$0.05B,0,0.00%,$0.05B,$0.01B,11.32%,$0.05B,$0.00B,3.77%,$0.05B,$0.00B,3.77%,$0.00B,$0.05B,3.96%,$0.00B,$0.05B,3.96%,$0.00B,$0.07B,3.23%,$0.00B,$0.05B,0.00%,$14,$6,$9,$2,$6,$14,$0,$1,$1,$0,$1,$1,$1,$6,$0,$31,33,$0.02,$0.02,$38,$5,$0,$53,$5,$7,$0,$1,$14,$67,$9,$0,$0,$4,$13,$0,$-85,$0,$54,$67,$2,$7,$-0,$7,$-2,$-0,$-1,$-2,$-4,$4,$-3,$-0,$0,$0,$-2,$-2,$0,$-5,$0,$0,$0,$3,$3,$0,$0,$3,$2,$0,$0
