,Date,Stock Price,Book Value per Share,Price to Book Ratio,TTM Sales per Share,Price to Sales Ratio,TTM FCF per Share,Price to FCF Ratio,TTM Net EPS,PE Ratio,Current Assets,Current Liabilities,Current Ratio,Long Term Debt,Shareholder's Equity_x,Debt to Equity Ratio,TTM Revenue_x,TTM Gross Profit,Gross Margin,TTM Revenue_y,TTM Operating Income,Operating Margin,TTM Revenue_x,TTM EBIT,EBIT Margin,TTM Revenue_y,TTM EBITDA,EBITDA Margin,TTM Revenue_x,TTM Pre-Tax Income,Pre-Tax Margin,TTM Revenue_y,TTM Net Income_x,Net Margin,TTM Net Income_y,Shareholder's Equity_y,Return on Equity,TTM Net Income_x,Tangible Equity,Return on Tangible Equity,TTM Net Income_y,Total Assets,Return on Assets,TTM Net Income,LT Investments & Debt,Return on Investment,revenue,cost-goods-sold,gross-profit,research-development-expenses,selling-general-administrative-expenses,operating-expenses,operating-income,total-non-operating-income-expense,pre-tax-income,total-provision-income-taxes,income-after-taxes,income-from-continuous-operations,net-income,ebitda,ebit,basic-shares-outstanding,shares-outstanding,eps-basic-net-earnings-per-share,eps-earnings-per-share-diluted,cash-on-hand,inventory,other-current-assets,total-current-assets,net-property-plant-equipment,long-term-investments,goodwill-intangible-assets-total,other-long-term-assets,total-long-term-assets,total-assets,total-current-liabilities,long-term-debt,other-non-current-liabilities,total-long-term-liabilities,total-liabilities,common-stock-net,retained-earnings-accumulated-deficit,comprehensive-income,total-share-holder-equity,total-liabilities-share-holders-equity,net-income-loss,total-depreciation-amortization-cash-flow,other-non-cash-items,total-non-cash-items,change-in-accounts-receivable,change-in-inventories,change-in-accounts-payable,change-in-assets-liabilities,total-change-in-assets-liabilities,cash-flow-from-operating-activities,net-change-in-property-plant-equipment,net-change-in-intangible-assets,net-acquisitions-divestitures,net-change-in-short-term-investments,net-change-in-long-term-investments,net-change-in-investments-total,investing-activities-other,cash-flow-from-investing-activities,net-long-term-debt,net-current-debt,debt-issuance-retirement-net-total,net-common-equity-issued-repurchased,net-total-equity-issued-repurchased,total-common-preferred-stock-dividends-paid,financial-activities-other,cash-flow-from-financial-activities,net-cash-flow,stock-based-compensation,common-stock-dividends-paid
0,2018-09-30,3.33,$4.02,0.83,$2.74,1.22,$-0.72,0.0,$1.07,3.11,$0.10B,$0.05B,2.21,$0.05B,$0.23B,0.23,$0.15B,$0.07B,47.40%,$0.15B,$0.08B,48.70%,$0.15B,$0.08B,48.70%,$0.15B,$0.08B,53.25%,$0.15B,$0.07B,48.05%,$0.15B,$0.07B,43.51%,$0.07B,$0.23B,29.94%,$0.07B,$0.23B,29.98%,$0.07B,$0.33B,21.00%,$0.08B,$0.28B,28.30%,$69,$32,$36,$0,$3,$35,$33,$5,$38,$3,$35,$35,$35,$36,$33,$57,57,$0.61,$0.61,$23,$48,$20,$101,$21,$151,$0,$9,$230,$331,$46,$52,$5,$57,$102,$148,$35,$0,$229,$331,$35,$3,$-34,$-31,$-6,$1,$2,$1,$-5,$-2,$-2,$-1,$0,$0,$-3,$-3,$7,$0,$-8,$0,$-8,$0,$0,$0,$-0,$-8,$-9,$0,$0
1,2018-06-30,3.47,$4.01,0.87,$2.08,1.67,$-0.69,0.0,$0.57,6.09,$0.11B,$0.06B,1.83,$0.06B,$0.23B,0.27,$0.12B,$0.05B,40.52%,$0.12B,$0.05B,42.24%,$0.12B,$0.05B,42.24%,$0.12B,$0.06B,48.28%,$0.12B,$0.05B,39.66%,$0.12B,$0.04B,32.76%,$0.04B,$0.23B,17.23%,$0.04B,$0.23B,17.23%,$0.04B,$0.36B,12.41%,$0.05B,$0.29B,19.35%,$45,$28,$17,$0,$5,$34,$12,$0,$12,$0,$11,$11,$11,$13,$12,$54,54,$0.24,$0.24,$35,$40,$9,$112,$26,$169,$0,$16,$243,$356,$61,$62,$4,$67,$128,$176,$50,$0,$228,$356,$38,$7,$-48,$-41,$-3,$-18,$3,$14,$2,$-1,$-11,$0,$-7,$0,$-1,$-1,$0,$-20,$47,$0,$47,$-0,$-0,$-4,$-5,$38,$18,$0,$-4
2,2018-03-31,3.8,$3.89,0.98,$1.81,2.09,$-0.22,0.0,$0.46,8.26,$0.07B,$0.05B,1.48,$0.03B,$0.22B,0.12,$0.10B,$0.04B,37.50%,$0.10B,$0.04B,38.46%,$0.10B,$0.04B,38.46%,$0.10B,$0.05B,47.12%,$0.10B,$0.04B,39.42%,$0.10B,$0.03B,32.69%,$0.03B,$0.22B,15.80%,$0.03B,$0.22B,15.81%,$0.03B,$0.30B,11.90%,$0.04B,$0.25B,16.90%,$16,$5,$11,$0,$3,$-9,$24,$-5,$19,$2,$17,$17,$17,$24,$24,$57,57,$0.29,$0.29,$6,$46,$2,$74,$22,$166,$0,$15,$227,$301,$50,$27,$3,$29,$80,$180,$21,$0,$221,$301,$26,$6,$-33,$-27,$-0,$-3,$3,$-9,$-11,$-7,$-4,$-8,$-4,$0,$2,$2,$0,$-15,$18,$0,$18,$-0,$-0,$-4,$0,$13,$-8,$0,$-4
3,2017-12-31,3.5,$3.82,0.92,$1.62,2.16,$-0.52,0.0,$0.20,17.52,$0.07B,$0.05B,1.44,$0.03B,$0.22B,0.11,$0.09B,$0.03B,32.26%,$0.09B,$0.02B,17.20%,$0.09B,$0.02B,17.20%,$0.09B,$0.03B,26.88%,$0.09B,$0.02B,25.81%,$0.09B,$0.02B,19.35%,$0.02B,$0.22B,8.48%,$0.02B,$0.22B,8.49%,$0.02B,$0.29B,6.47%,$0.02B,$0.24B,6.89%,$24,$15,$9,$0,$3,$18,$6,$-0,$5,$2,$4,$4,$4,$9,$6,$57,57,$0.06,$0.06,$7,$33,$2,$66,$18,$155,$0,$24,$223,$288,$45,$25,$1,$26,$71,$183,$10,$0,$217,$288,$10,$6,$-8,$-3,$-8,$-0,$0,$-6,$-16,$-11,$-3,$-4,$0,$0,$2,$2,$0,$-7,$15,$0,$15,$-0,$-0,$0,$0,$11,$-7,$0,$0
4,2017-09-30,4.09,$3.80,1.07,$1.31,3.11,$-0.31,0.0,$0.13,31.43,$0.06B,$0.05B,1.25,$0.02B,$0.22B,0.08,$0.08B,$0.02B,30.67%,$0.08B,$0.01B,12.00%,$0.08B,$0.01B,12.00%,$0.08B,$0.02B,20.00%,$0.08B,$0.02B,25.33%,$0.08B,$0.01B,18.67%,$0.01B,$0.22B,6.74%,$0.01B,$0.22B,6.76%,$0.01B,$0.28B,5.22%,$0.01B,$0.23B,4.01%,$31,$21,$10,$0,$3,$24,$7,$3,$10,$4,$6,$6,$6,$10,$7,$57,57,$0.11,$0.11,$10,$20,$1,$58,$18,$156,$0,$22,$222,$280,$46,$16,$1,$17,$64,$185,$22,$0,$216,$280,$6,$3,$-5,$-2,$-0,$0,$-7,$10,$1,$3,$-5,$-2,$0,$0,$1,$1,$0,$-6,$-2,$0,$-2,$-0,$-0,$0,$0,$-2,$-5,$0,$0
5,2017-06-30,3.7,$3.64,1.02,$0.99,3.74,$-0.27,0.0,$0.02,185.14,$0.05B,$0.05B,1.09,$0.02B,$0.21B,0.08,$0.06B,$0.01B,24.56%,$0.06B,0,0.00%,$0.06B,0,0.00%,$0.06B,$0.00B,7.02%,$0.06B,$0.01B,19.30%,$0.06B,$0.01B,15.79%,$0.01B,$0.21B,4.35%,$0.01B,$0.21B,4.36%,$0.01B,$0.27B,3.41%,$0.00B,$0.22B,0.00%,$33,$24,$9,$0,$5,$30,$3,$3,$7,$0,$7,$7,$7,$6,$3,$57,58,$0.11,$0.11,$16,$19,$2,$53,$17,$152,$1,$21,$221,$274,$49,$17,$1,$18,$67,$181,$0,$0,$207,$274,$8,$5,$-12,$-8,$-1,$-2,$8,$14,$19,$20,$-6,$0,$-37,$0,$39,$39,$0,$-4,$-5,$0,$-5,$-5,$-5,$-10,$0,$-19,$-3,$0,$-10
6,2017-03-31,3.66,$3.68,1.0,$0.42,8.79,$-0.52,0.0,$0.02,183.18,$0.05B,$0.04B,1.3,$0.02B,$0.21B,0.1,$0.02B,$0.01B,20.83%,$0.02B,$-0.00B,-12.50%,$0.02B,$-0.00B,-12.50%,$0.02B,$-0.00B,-8.33%,$0.02B,$0.00B,16.67%,$0.02B,$0.00B,8.33%,$0.00B,$0.21B,0.99%,$0.00B,$0.21B,0.99%,$0.00B,$0.27B,0.79%,$-0.00B,$0.23B,-1.38%,$5,$2,$2,$0,$2,$5,$-0,$2,$2,$0,$1,$1,$1,$0,$-0,$57,57,$0.03,$0.03,$6,$29,$5,$51,$14,$157,$1,$30,$219,$270,$39,$21,$1,$22,$61,$186,$2,$0,$209,$270,$2,$2,$-1,$2,$-1,$5,$3,$0,$6,$7,$-35,$0,$-7,$0,$40,$40,$0,$-2,$-5,$0,$-5,$-2,$-2,$-10,$0,$-17,$-11,$0,$-10
7,2016-12-31,3.19,$3.50,0.91,$0.48,6.65,$0.22,14.42,$-0.05,0.0,$0.08B,$0.04B,2.06,$0.01B,$0.20B,0.06,$0.03B,$0.00B,3.57%,$0.03B,$-0.01B,-28.57%,$0.03B,$-0.01B,-28.57%,$0.03B,$-0.01B,-25.00%,$0.03B,$-0.00B,-7.14%,$0.03B,$-0.00B,-3.57%,$-0.00B,$0.20B,-0.45%,$-0.00B,$0.20B,-0.45%,$-0.00B,$0.25B,-0.36%,$-0.01B,$0.21B,-3.38%,$6,$4,$2,$0,$2,$7,$-1,$1,$0,$1,$-0,$-0,$-0,$-1,$-1,$57,57,$-0.01,$-0.01,$42,$19,$8,$77,$8,$119,$1,$27,$172,$249,$37,$12,$1,$13,$50,$177,$0,$0,$199,$249,$0,$2,$-1,$1,$0,$4,$0,$-4,$-1,$1,$-2,$0,$-1,$0,$8,$8,$0,$4,$2,$0,$2,$-1,$-1,$-10,$0,$-9,$-4,$0,$-10
