,Date,Stock Price,Book Value per Share,Price to Book Ratio,TTM Sales per Share,Price to Sales Ratio,TTM FCF per Share,Price to FCF Ratio,TTM Net EPS,PE Ratio,Current Assets,Current Liabilities,Current Ratio,Long Term Debt,Shareholder's Equity_x,Debt to Equity Ratio,TTM Revenue_x,TTM Gross Profit,Gross Margin,TTM Revenue_y,TTM Operating Income,Operating Margin,TTM Revenue_x,TTM EBIT,EBIT Margin,TTM Revenue_y,TTM EBITDA,EBITDA Margin,TTM Revenue_x,TTM Pre-Tax Income,Pre-Tax Margin,TTM Revenue_y,TTM Net Income_x,Net Margin,TTM Net Income_y,Shareholder's Equity_y,Return on Equity,TTM Net Income_x,Tangible Equity,Return on Tangible Equity,TTM Net Income_y,Total Assets,Return on Assets,TTM Net Income,LT Investments & Debt,Return on Investment,revenue,cost-goods-sold,gross-profit,research-development-expenses,selling-general-administrative-expenses,operating-expenses,operating-income,total-non-operating-income-expense,pre-tax-income,total-provision-income-taxes,income-after-taxes,income-from-continuous-operations,net-income,ebitda,ebit,basic-shares-outstanding,shares-outstanding,eps-basic-net-earnings-per-share,eps-earnings-per-share-diluted,cash-on-hand,inventory,other-current-assets,total-current-assets,net-property-plant-equipment,long-term-investments,goodwill-intangible-assets-total,other-long-term-assets,total-long-term-assets,total-assets,total-current-liabilities,long-term-debt,other-non-current-liabilities,total-long-term-liabilities,total-liabilities,common-stock-net,retained-earnings-accumulated-deficit,comprehensive-income,total-share-holder-equity,total-liabilities-share-holders-equity,net-income-loss,total-depreciation-amortization-cash-flow,other-non-cash-items,total-non-cash-items,change-in-accounts-receivable,change-in-inventories,change-in-accounts-payable,change-in-assets-liabilities,total-change-in-assets-liabilities,cash-flow-from-operating-activities,net-change-in-property-plant-equipment,net-change-in-intangible-assets,net-acquisitions-divestitures,net-change-in-short-term-investments,net-change-in-long-term-investments,net-change-in-investments-total,investing-activities-other,cash-flow-from-investing-activities,net-long-term-debt,net-current-debt,debt-issuance-retirement-net-total,net-common-equity-issued-repurchased,net-total-equity-issued-repurchased,total-common-preferred-stock-dividends-paid,financial-activities-other,cash-flow-from-financial-activities,net-cash-flow,stock-based-compensation,common-stock-dividends-paid
0,2018-08-31,13.45,$9.13,1.47,$19.09,0.7,$-1.05,0.0,$0.83,16.2,$0.09B,$0.09B,1.02,$0.04B,$0.25B,0.16,$0.53B,$0.08B,14.26%,$0.53B,$0.01B,1.88%,$0.53B,$0.01B,1.88%,$0.53B,$0.02B,4.32%,$0.53B,$0.01B,2.44%,$0.53B,$0.02B,4.13%,$0.02B,$0.25B,8.90%,$0.02B,$0.18B,12.90%,$0.02B,$0.40B,5.59%,$0.01B,$0.29B,3.46%,$125,$108,$16,$3,$14,$125,$-0,$1,$0,$0,$0,$0,$0,$3,$-0,$28,28,$0.01,$0.01,$1,$30,$0,$88,$166,$68,$76,$5,$315,$403,$87,$40,$6,$63,$150,$0,$109,$1,$253,$403,$0,$3,$-0,$3,$6,$2,$-3,$-1,$-1,$2,$-14,$0,$0,$0,$0,$0,$0,$-14,$-1,$12,$11,$0,$0,$0,$-0,$11,$-2,$1,$0
1,2018-05-31,14.1,$9.12,1.55,$18.79,0.75,$-0.69,0.0,$0.90,15.67,$0.10B,$0.09B,1.1,$0.04B,$0.25B,0.16,$0.52B,$0.08B,15.08%,$0.52B,$0.01B,2.48%,$0.52B,$0.01B,2.48%,$0.52B,$0.03B,4.96%,$0.52B,$0.02B,3.24%,$0.52B,$0.02B,4.58%,$0.02B,$0.25B,9.93%,$0.02B,$0.18B,14.57%,$0.02B,$0.41B,6.25%,$0.01B,$0.29B,4.57%,$123,$99,$24,$4,$12,$114,$8,$1,$9,$2,$7,$7,$6,$12,$8,$28,28,$0.22,$0.21,$3,$32,$0,$97,$160,$67,$76,$5,$308,$405,$88,$41,$5,$64,$152,$0,$109,$1,$253,$405,$25,$12,$-7,$5,$-7,$-7,$5,$-2,$-10,$20,$-33,$0,$0,$0,$0,$0,$-2,$-36,$-5,$24,$19,$0,$0,$0,$-6,$13,$-3,$4,$0
2,2018-02-28,13.0,$9.08,1.43,$16.75,0.78,$0.05,286.98,$0.77,16.88,$0.09B,$0.07B,1.33,$0.04B,$0.25B,0.17,$0.47B,$0.07B,15.24%,$0.47B,$0.01B,1.50%,$0.47B,$0.01B,1.50%,$0.47B,$0.02B,3.86%,$0.47B,$0.01B,2.15%,$0.47B,$0.02B,4.29%,$0.02B,$0.25B,8.49%,$0.02B,$0.17B,12.62%,$0.02B,$0.39B,5.37%,$0.01B,$0.29B,2.50%,$149,$129,$20,$3,$14,$146,$3,$-0,$3,$-13,$16,$16,$16,$6,$3,$28,28,$0.58,$0.58,$8,$29,$0,$94,$143,$66,$77,$5,$291,$386,$71,$42,$6,$64,$136,$0,$103,$1,$250,$386,$19,$9,$-8,$1,$-3,$-3,$9,$-2,$-2,$18,$-18,$0,$0,$0,$0,$0,$-2,$-21,$-4,$9,$5,$0,$0,$0,$-1,$5,$2,$3,$0
3,2017-11-30,12.5,$8.45,1.48,$16.33,0.77,$0.56,22.52,$0.32,39.06,$0.10B,$0.07B,1.37,$0.04B,$0.23B,0.19,$0.45B,$0.07B,16.30%,$0.45B,$0.01B,1.76%,$0.45B,$0.01B,1.76%,$0.45B,$0.02B,4.19%,$0.45B,$0.01B,2.64%,$0.45B,$0.01B,1.76%,$0.01B,$0.23B,3.49%,$0.01B,$0.16B,5.20%,$0.01B,$0.38B,2.21%,$0.01B,$0.28B,2.92%,$136,$121,$16,$3,$13,$137,$-1,$1,$1,$0,$1,$1,$0,$2,$-1,$28,28,$0.02,$0.02,$4,$31,$0,$96,$135,$66,$77,$5,$283,$379,$70,$44,$7,$76,$147,$0,$87,$1,$233,$379,$3,$6,$1,$7,$-9,$-6,$12,$0,$-6,$4,$-7,$0,$0,$0,$0,$0,$-2,$-9,$-3,$7,$4,$0,$0,$0,$-0,$4,$-1,$2,$0
4,2017-08-31,13.0,$8.40,1.55,$16.36,0.79,$0.69,18.77,$0.35,37.14,$0.09B,$0.06B,1.53,$0.05B,$0.23B,0.19,$0.45B,$0.08B,16.96%,$0.45B,$0.01B,2.64%,$0.45B,$0.01B,2.64%,$0.45B,$0.02B,5.07%,$0.45B,$0.01B,2.86%,$0.45B,$0.01B,1.98%,$0.01B,$0.23B,3.99%,$0.01B,$0.15B,5.92%,$0.01B,$0.37B,2.55%,$0.01B,$0.28B,4.41%,$116,$97,$19,$3,$13,$113,$3,$1,$4,$1,$2,$2,$2,$6,$3,$28,28,$0.08,$0.08,$8,$28,$0,$89,$133,$65,$77,$4,$278,$367,$58,$45,$8,$78,$136,$0,$87,$0,$231,$367,$2,$3,$1,$4,$-1,$-3,$5,$-1,$-3,$3,$-6,$0,$0,$0,$0,$0,$-1,$-7,$-1,$8,$6,$0,$0,$0,$-0,$6,$3,$1,$0
5,2017-05-31,14.0,$8.30,1.69,$17.01,0.82,$0.93,15.04,$0.39,35.9,$0.08B,$0.05B,1.58,$0.05B,$0.23B,0.2,$0.47B,$0.08B,16.81%,$0.47B,$0.01B,2.98%,$0.47B,$0.01B,2.98%,$0.47B,$0.03B,5.32%,$0.47B,$0.01B,2.98%,$0.47B,$0.01B,2.13%,$0.01B,$0.23B,4.50%,$0.01B,$0.15B,6.67%,$0.01B,$0.36B,2.88%,$0.01B,$0.27B,5.19%,$65,$49,$16,$4,$10,$63,$2,$0,$2,$-0,$2,$2,$2,$4,$2,$27,28,$0.09,$0.08,$6,$24,$0,$81,$133,$64,$77,$3,$277,$359,$51,$46,$8,$79,$130,$0,$84,$0,$228,$359,$11,$11,$7,$18,$-0,$1,$-5,$0,$1,$30,$-23,$0,$-3,$0,$0,$0,$0,$-25,$-7,$-1,$-8,$1,$1,$0,$-2,$-9,$-4,$4,$0
6,2017-02-28,12.6,$8.21,1.53,$17.29,0.73,$-0.01,0.0,$0.47,26.81,$0.09B,$0.05B,1.84,$0.05B,$0.22B,0.21,$0.48B,$0.08B,17.23%,$0.48B,$0.02B,3.78%,$0.48B,$0.02B,3.78%,$0.48B,$0.03B,6.30%,$0.48B,$0.02B,3.78%,$0.48B,$0.01B,2.73%,$0.01B,$0.22B,5.96%,$0.01B,$0.15B,8.81%,$0.01B,$0.35B,3.78%,$0.02B,$0.27B,6.75%,$137,$113,$23,$2,$15,$132,$4,$1,$5,$2,$3,$3,$4,$7,$4,$27,28,$0.13,$0.13,$13,$23,$0,$87,$123,$63,$70,$3,$260,$346,$47,$47,$2,$75,$122,$0,$82,$0,$224,$346,$8,$8,$7,$15,$0,$2,$-6,$-1,$0,$23,$-9,$0,$0,$0,$0,$0,$0,$-9,$-6,$-4,$-9,$0,$0,$0,$-2,$-11,$3,$3,$0
7,2016-11-30,14.3,$8.05,1.78,$17.17,0.83,$-1.23,0.0,$-0.44,0.0,$0.08B,$0.05B,1.8,$0.05B,$0.22B,0.22,$0.47B,$0.07B,15.35%,$0.47B,$-0.02B,-4.26%,$0.47B,$-0.02B,-4.26%,$0.47B,$-0.01B,-1.71%,$0.47B,$-0.02B,-4.48%,$0.47B,$-0.01B,-2.56%,$-0.01B,$0.22B,-5.61%,$-0.01B,$0.15B,-8.41%,$-0.01B,$0.34B,-3.54%,$-0.02B,$0.27B,-7.59%,$136,$117,$19,$2,$14,$133,$3,$-1,$2,$1,$1,$1,$1,$6,$3,$27,28,$0.05,$0.05,$3,$28,$0,$84,$121,$63,$71,$3,$257,$341,$47,$49,$2,$75,$122,$0,$79,$0,$220,$341,$5,$5,$5,$10,$-4,$-2,$-5,$0,$-10,$6,$-5,$0,$0,$0,$0,$0,$0,$-5,$-5,$-2,$-7,$0,$0,$0,$-2,$-8,$-7,$2,$0
8,2016-08-31,12.96,$7.96,1.63,$17.37,0.75,$-1.73,0.0,$-0.42,0.0,$0.09B,$0.05B,1.64,$0.05B,$0.22B,0.22,$0.47B,$0.07B,14.80%,$0.47B,$-0.02B,-4.23%,$0.47B,$-0.02B,-4.23%,$0.47B,$-0.01B,-1.90%,$0.47B,$-0.02B,-4.23%,$0.47B,$-0.01B,-2.33%,$-0.01B,$0.22B,-5.10%,$-0.01B,$0.15B,-8.10%,$-0.01B,$0.34B,-3.20%,$-0.02B,$0.27B,-7.64%,$132,$111,$21,$2,$14,$127,$5,$-0,$5,$2,$3,$3,$3,$8,$5,$27,28,$0.12,$0.12,$9,$30,$0,$88,$121,$63,$71,$2,$256,$344,$53,$48,$2,$73,$127,$0,$77,$0,$217,$344,$3,$3,$3,$5,$2,$-5,$1,$-0,$-2,$6,$-2,$0,$0,$0,$0,$0,$0,$-2,$-2,$-4,$-5,$0,$0,$0,$-0,$-6,$-1,$1,$0
9,2016-05-31,11.58,$7.82,1.48,$17.50,0.66,$-2.08,0.0,$-0.43,0.0,$0.09B,$0.06B,1.53,$0.05B,$0.21B,0.23,$0.48B,$0.07B,14.08%,$0.48B,$-0.02B,-4.41%,$0.48B,$-0.02B,-4.41%,$0.48B,$-0.01B,-2.31%,$0.48B,$-0.02B,-4.20%,$0.48B,$-0.01B,-2.31%,$-0.01B,$0.21B,-5.06%,$-0.01B,$0.14B,-8.54%,$-0.01B,$0.34B,-3.20%,$-0.02B,$0.26B,-8.08%,$71,$53,$19,$2,$11,$65,$6,$0,$6,$2,$4,$4,$5,$9,$6,$27,27,$0.17,$0.17,$10,$26,$0,$86,$121,$63,$71,$2,$256,$343,$56,$50,$2,$74,$130,$0,$73,$0,$212,$343,$-11,$9,$27,$36,$0,$-1,$-5,$1,$-4,$21,$-40,$0,$0,$0,$0,$0,$-1,$-40,$12,$4,$16,$0,$0,$0,$-0,$15,$-4,$3,$0
10,2016-02-29,10.09,$7.63,1.32,$19.78,0.51,$-1.01,0.0,$-0.45,0.0,$0.08B,$0.05B,1.81,$0.05B,$0.21B,0.25,$0.54B,$0.07B,12.43%,$0.54B,$-0.02B,-3.90%,$0.54B,$-0.02B,-3.90%,$0.54B,$-0.01B,-2.23%,$0.54B,$-0.02B,-3.53%,$0.54B,$-0.01B,-2.23%,$-0.01B,$0.21B,-5.47%,$-0.01B,$0.14B,-9.84%,$-0.01B,$0.33B,-3.48%,$-0.02B,$0.26B,-8.15%,$130,$117,$13,$2,$11,$164,$-34,$-0,$-34,$-13,$-21,$-21,$-21,$-31,$-34,$27,27,$-0.78,$-0.78,$8,$27,$0,$84,$109,$63,$71,$2,$245,$329,$46,$52,$2,$76,$122,$0,$69,$0,$207,$329,$-16,$6,$25,$31,$4,$-2,$-10,$0,$-9,$6,$-26,$0,$0,$0,$0,$0,$-1,$-27,$15,$0,$15,$0,$0,$0,$-0,$15,$-6,$3,$0
11,2015-11-30,12.81,$8.39,1.53,$20.04,0.64,$-0.13,0.0,$0.47,27.26,$0.10B,$0.06B,1.52,$0.04B,$0.23B,0.15,$0.55B,$0.07B,12.96%,$0.55B,$0.02B,3.28%,$0.55B,$0.02B,3.28%,$0.55B,$0.03B,4.74%,$0.55B,$0.02B,3.83%,$0.55B,$0.01B,2.37%,$0.01B,$0.23B,5.87%,$0.01B,$0.12B,11.26%,$0.01B,$0.36B,3.74%,$0.02B,$0.26B,7.06%,$140,$123,$17,$2,$13,$138,$3,$0,$3,$1,$2,$2,$2,$5,$3,$27,27,$0.07,$0.07,$6,$29,$0,$95,$96,$63,$105,$2,$266,$361,$63,$35,$2,$72,$134,$0,$90,$0,$227,$361,$5,$4,$2,$6,$-4,$-4,$2,$-3,$-9,$2,$-15,$0,$0,$0,$0,$0,$-1,$-16,$6,$0,$6,$0,$0,$0,$-0,$6,$-8,$2,$0
12,2015-08-31,13.3,$8.29,1.6,$19.78,0.67,$0.20,68.17,$0.52,25.58,$0.09B,$0.05B,1.77,$0.03B,$0.22B,0.15,$0.54B,$0.07B,12.94%,$0.54B,$0.02B,3.51%,$0.54B,$0.02B,3.51%,$0.54B,$0.03B,4.99%,$0.54B,$0.02B,4.25%,$0.54B,$0.01B,2.59%,$0.01B,$0.22B,6.44%,$0.01B,$0.12B,12.56%,$0.01B,$0.34B,4.09%,$0.02B,$0.26B,7.56%,$135,$117,$18,$2,$12,$131,$4,$1,$5,$2,$3,$3,$3,$6,$4,$27,27,$0.11,$0.11,$7,$28,$0,$87,$86,$62,$106,$1,$255,$343,$49,$33,$2,$69,$119,$0,$88,$0,$224,$343,$3,$2,$1,$3,$2,$-3,$-3,$0,$-7,$-2,$-3,$0,$0,$0,$0,$0,$0,$-3,$-2,$0,$-2,$0,$0,$0,$0,$-2,$-7,$1,$0
13,2015-05-31,14.29,$8.16,1.75,$19.74,0.72,$0.38,37.83,$0.50,28.58,$0.09B,$0.06B,1.66,$0.03B,$0.22B,0.16,$0.54B,$0.07B,12.22%,$0.54B,$0.02B,3.52%,$0.54B,$0.02B,3.52%,$0.54B,$0.03B,4.81%,$0.54B,$0.02B,4.07%,$0.54B,$0.01B,2.41%,$0.01B,$0.22B,6.09%,$0.01B,$0.11B,12.12%,$0.01B,$0.35B,3.84%,$0.02B,$0.25B,7.68%,$134,$116,$19,$2,$11,$128,$6,$0,$7,$2,$4,$4,$4,$8,$6,$27,27,$0.15,$0.15,$14,$25,$0,$93,$84,$62,$106,$1,$253,$346,$56,$34,$2,$70,$126,$0,$85,$0,$220,$346,$14,$7,$3,$10,$-2,$-0,$3,$-0,$3,$27,$-16,$0,$0,$0,$0,$0,$-18,$-34,$8,$0,$8,$0,$0,$0,$-1,$8,$-0,$2,$0
14,2015-02-28,13.96,$8.01,1.74,$19.28,0.72,$0.23,60.04,$0.52,26.85,$0.09B,$0.06B,1.66,$0.03B,$0.22B,0.15,$0.53B,$0.06B,11.95%,$0.53B,$0.02B,3.42%,$0.53B,$0.02B,3.42%,$0.53B,$0.03B,4.74%,$0.53B,$0.02B,4.17%,$0.53B,$0.01B,2.66%,$0.01B,$0.22B,6.67%,$0.01B,$0.11B,13.56%,$0.01B,$0.34B,4.24%,$0.02B,$0.25B,7.44%,$139,$122,$17,$2,$10,$134,$5,$1,$6,$2,$4,$4,$4,$7,$5,$27,27,$0.14,$0.14,$16,$25,$0,$92,$79,$61,$106,$2,$248,$340,$56,$33,$2,$69,$125,$0,$81,$0,$215,$340,$9,$5,$2,$8,$-1,$0,$-4,$-1,$-4,$13,$-9,$0,$0,$0,$0,$0,$-18,$-27,$6,$9,$15,$0,$0,$0,$-0,$15,$1,$1,$0
15,2014-11-30,13.14,$7.85,1.67,$18.88,0.7,$0.22,60.53,$0.62,21.19,$0.10B,$0.06B,1.53,$0.04B,$0.21B,0.16,$0.51B,$0.07B,12.84%,$0.51B,$0.02B,4.47%,$0.51B,$0.02B,4.47%,$0.51B,$0.03B,5.64%,$0.51B,$0.03B,5.06%,$0.51B,$0.02B,3.11%,$0.02B,$0.21B,7.77%,$0.02B,$0.11B,16.12%,$0.02B,$0.34B,4.97%,$0.02B,$0.25B,9.69%,$133,$117,$16,$2,$10,$129,$4,$1,$5,$2,$3,$3,$3,$6,$4,$27,27,$0.12,$0.12,$5,$30,$0,$95,$78,$60,$106,$2,$246,$341,$62,$35,$2,$68,$130,$0,$77,$0,$211,$341,$6,$3,$1,$4,$-8,$-6,$7,$-1,$-6,$3,$-7,$0,$0,$0,$0,$0,$-18,$-25,$8,$5,$13,$0,$0,$0,$-0,$13,$-9,$1,$0
16,2014-08-31,13.13,$7.73,1.7,$18.45,0.71,$0.23,56.96,$0.63,20.84,$0.09B,$0.05B,1.67,$0.03B,$0.21B,0.16,$0.50B,$0.06B,12.77%,$0.50B,$0.02B,4.39%,$0.50B,$0.02B,4.39%,$0.50B,$0.03B,5.59%,$0.50B,$0.03B,5.19%,$0.50B,$0.02B,3.19%,$0.02B,$0.21B,7.97%,$0.02B,$0.10B,17.07%,$0.02B,$0.33B,5.12%,$0.02B,$0.24B,9.52%,$134,$119,$14,$2,$9,$130,$4,$0,$4,$1,$2,$2,$2,$5,$4,$27,27,$0.09,$0.09,$9,$28,$0,$89,$77,$52,$107,$2,$237,$326,$53,$33,$1,$65,$118,$0,$74,$0,$208,$326,$2,$2,$1,$2,$1,$-3,$5,$-3,$-1,$4,$-4,$0,$0,$0,$0,$0,$-11,$-15,$6,$0,$6,$0,$0,$0,$-0,$5,$-6,$0,$0
17,2014-05-31,12.01,$7.64,1.57,$17.59,0.68,$0.24,49.36,$0.72,16.68,$0.09B,$0.05B,1.88,$0.03B,$0.21B,0.14,$0.48B,$0.06B,13.24%,$0.48B,$0.02B,4.20%,$0.48B,$0.02B,4.20%,$0.48B,$0.03B,5.67%,$0.48B,$0.03B,6.09%,$0.48B,$0.02B,3.99%,$0.02B,$0.21B,9.74%,$0.02B,$0.10B,21.59%,$0.02B,$0.31B,6.26%,$0.02B,$0.23B,8.88%,$121,$105,$16,$2,$9,$116,$5,$2,$7,$3,$5,$5,$5,$7,$5,$27,27,$0.17,$0.16,$14,$25,$0,$91,$74,$40,$107,$1,$223,$314,$48,$28,$2,$60,$109,$0,$72,$0,$205,$314,$19,$7,$-5,$2,$-8,$-1,$-0,$5,$-1,$21,$-15,$0,$0,$2,$0,$2,$0,$-13,$-6,$-4,$-10,$2,$2,$0,$0,$-7,$1,$1,$0
18,2014-02-28,10.19,$7.45,1.37,$17.16,0.59,$0.48,21.22,$0.72,14.15,$0.09B,$0.05B,1.93,$0.03B,$0.20B,0.15,$0.46B,$0.06B,12.99%,$0.46B,$0.02B,4.11%,$0.46B,$0.02B,4.11%,$0.46B,$0.03B,5.63%,$0.46B,$0.03B,6.06%,$0.46B,$0.02B,4.11%,$0.02B,$0.20B,10.07%,$0.02B,$0.09B,23.24%,$0.02B,$0.31B,6.38%,$0.02B,$0.23B,8.61%,$126,$106,$20,$2,$9,$117,$10,$0,$10,$4,$6,$6,$6,$11,$10,$27,27,$0.24,$0.24,$13,$26,$0,$89,$71,$38,$107,$1,$218,$307,$46,$30,$2,$61,$107,$0,$67,$0,$200,$307,$15,$5,$-3,$2,$-4,$-2,$-3,$0,$-3,$14,$-10,$0,$0,$2,$0,$2,$0,$-9,$-5,$-4,$-9,$2,$2,$0,$0,$-6,$-1,$1,$0
19,2013-11-30,11.74,$7.14,1.64,$16.92,0.69,$0.68,17.24,$0.66,17.79,$0.09B,$0.05B,1.68,$0.03B,$0.19B,0.16,$0.45B,$0.06B,12.78%,$0.45B,$0.02B,3.52%,$0.45B,$0.02B,3.52%,$0.45B,$0.02B,5.29%,$0.45B,$0.03B,5.73%,$0.45B,$0.02B,3.96%,$0.02B,$0.19B,9.86%,$0.02B,$0.08B,23.92%,$0.02B,$0.30B,6.17%,$0.02B,$0.22B,7.41%,$120,$106,$14,$2,$9,$117,$3,$2,$5,$2,$3,$3,$3,$5,$3,$27,27,$0.13,$0.13,$6,$27,$0,$86,$70,$38,$107,$1,$217,$302,$51,$31,$2,$61,$112,$0,$61,$0,$190,$302,$8,$4,$-3,$1,$-5,$-3,$3,$-1,$-5,$4,$-8,$0,$0,$2,$0,$2,$0,$-6,$-3,$-3,$-6,$1,$1,$0,$-1,$-6,$-8,$1,$0
20,2013-08-31,13.2,$7.00,1.88,$16.81,0.79,$0.77,17.09,$0.87,15.17,$0.08B,$0.04B,1.76,$0.03B,$0.19B,0.18,$0.45B,$0.06B,13.81%,$0.45B,$0.02B,5.35%,$0.45B,$0.02B,5.35%,$0.45B,$0.03B,7.13%,$0.45B,$0.03B,7.35%,$0.45B,$0.02B,5.35%,$0.02B,$0.19B,13.56%,$0.02B,$0.08B,34.53%,$0.02B,$0.29B,8.40%,$0.02B,$0.22B,11.32%,$109,$97,$13,$2,$9,$108,$2,$5,$7,$2,$5,$5,$5,$4,$2,$26,27,$0.18,$0.18,$10,$25,$0,$78,$68,$36,$107,$1,$213,$291,$44,$33,$1,$61,$105,$0,$57,$0,$185,$291,$5,$2,$-3,$-1,$4,$-0,$-3,$-1,$1,$5,$-4,$0,$0,$0,$0,$0,$0,$-4,$-1,$-3,$-4,$0,$0,$0,$-1,$-5,$-5,$0,$0
21,2013-05-31,14.04,$6.83,2.05,$16.66,0.84,$0.88,15.92,$0.79,17.77,$0.09B,$0.05B,1.69,$0.03B,$0.18B,0.19,$0.44B,$0.06B,14.25%,$0.44B,$0.03B,5.66%,$0.44B,$0.03B,5.66%,$0.44B,$0.03B,7.47%,$0.44B,$0.03B,7.47%,$0.44B,$0.02B,5.20%,$0.02B,$0.18B,13.53%,$0.02B,$0.07B,36.95%,$0.02B,$0.29B,8.19%,$0.03B,$0.22B,12.11%,$107,$94,$13,$3,$6,$103,$4,$2,$6,$1,$5,$5,$5,$6,$4,$26,27,$0.16,$0.16,$15,$24,$0,$86,$66,$30,$108,$1,$205,$291,$51,$34,$1,$60,$111,$0,$52,$0,$180,$291,$23,$7,$-5,$2,$-4,$-2,$9,$1,$-4,$21,$-9,$0,$0,$-2,$0,$-2,$0,$-10,$-7,$-8,$-15,$3,$3,$0,$-8,$-19,$-8,$2,$0
22,2013-02-28,11.01,$6.74,1.63,$15.80,0.7,$1.06,10.37,$0.73,15.08,$0.08B,$0.05B,1.7,$0.04B,$0.18B,0.21,$0.42B,$0.07B,15.55%,$0.42B,$0.02B,5.74%,$0.42B,$0.02B,5.74%,$0.42B,$0.03B,7.66%,$0.42B,$0.03B,7.42%,$0.42B,$0.02B,5.02%,$0.02B,$0.18B,12.88%,$0.02B,$0.07B,38.36%,$0.02B,$0.28B,7.57%,$0.02B,$0.21B,11.96%,$118,$100,$18,$2,$9,$111,$7,$1,$8,$3,$5,$5,$5,$9,$7,$26,27,$0.19,$0.18,$14,$22,$0,$82,$63,$29,$108,$1,$201,$283,$48,$36,$2,$60,$108,$0,$48,$0,$175,$283,$18,$6,$-7,$-2,$-5,$-0,$5,$-2,$-3,$13,$-5,$0,$0,$-4,$0,$-4,$0,$-8,$-4,$-8,$-12,$1,$1,$0,$-7,$-17,$-12,$1,$0
23,2012-11-30,10.06,$6.51,1.55,$14.48,0.69,$0.91,11.1,$0.73,13.78,$0.08B,$0.05B,1.54,$0.04B,$0.17B,0.22,$0.38B,$0.06B,15.79%,$0.38B,$0.02B,5.53%,$0.38B,$0.02B,5.53%,$0.38B,$0.03B,7.37%,$0.38B,$0.03B,8.16%,$0.38B,$0.02B,5.53%,$0.02B,$0.17B,13.40%,$0.02B,$0.06B,33.60%,$0.02B,$0.28B,8.08%,$0.02B,$0.21B,11.13%,$115,$96,$18,$2,$9,$104,$11,$1,$12,$3,$9,$9,$9,$13,$11,$26,27,$0.35,$0.34,$7,$24,$0,$77,$63,$28,$108,$2,$201,$278,$50,$37,$2,$60,$110,$0,$43,$0,$168,$278,$13,$4,$-7,$-3,$-9,$-2,$3,$0,$-8,$2,$-3,$0,$0,$-2,$0,$-2,$0,$-5,$-3,$-4,$-7,$1,$1,$0,$-8,$-14,$-17,$1,$0
24,2012-08-31,9.8,$6.11,1.6,$13.28,0.74,$0.80,12.33,$0.52,18.85,$0.07B,$0.05B,1.31,$0.04B,$0.16B,0.25,$0.35B,$0.06B,15.85%,$0.35B,$0.01B,4.03%,$0.35B,$0.01B,4.03%,$0.35B,$0.02B,6.05%,$0.35B,$0.02B,6.92%,$0.35B,$0.02B,4.32%,$0.02B,$0.16B,9.98%,$0.02B,$0.05B,21.43%,$0.02B,$0.27B,6.19%,$0.01B,$0.20B,7.93%,$102,$88,$14,$2,$9,$99,$3,$4,$7,$3,$4,$4,$4,$5,$3,$26,26,$0.17,$0.17,$11,$24,$0,$70,$64,$27,$108,$2,$201,$271,$54,$39,$1,$60,$114,$0,$34,$0,$157,$271,$4,$2,$-2,$-0,$2,$-2,$4,$0,$1,$5,$-2,$0,$0,$-1,$0,$-1,$0,$-3,$-1,$-4,$-6,$0,$0,$0,$-9,$-14,$-12,$0,$0
25,2012-05-31,7.31,$5.91,1.24,$12.13,0.6,$0.78,9.33,$0.49,14.92,$0.08B,$0.07B,1.22,$0.04B,$0.15B,0.27,$0.32B,$0.05B,16.35%,$0.32B,$0.01B,4.40%,$0.32B,$0.01B,4.40%,$0.32B,$0.02B,6.29%,$0.32B,$0.02B,6.29%,$0.32B,$0.01B,4.09%,$0.01B,$0.15B,8.89%,$0.01B,$0.04B,16.25%,$0.01B,$0.28B,5.73%,$0.01B,$0.19B,8.41%,$83,$68,$15,$2,$7,$79,$3,$1,$4,$1,$3,$3,$3,$5,$3,$26,26,$0.10,$0.11,$22,$22,$0,$81,$63,$22,$109,$2,$197,$278,$67,$40,$1,$59,$126,$0,$30,$0,$152,$278,$13,$6,$-5,$1,$-3,$-0,$-0,$1,$8,$22,$-5,$0,$-67,$28,$0,$28,$0,$-44,$27,$12,$39,$-5,$-5,$0,$2,$36,$14,$2,$0
26,2012-02-29,6.3,$5.86,1.08,$11.53,0.55,$0.43,14.58,$0.28,22.5,$0.09B,$0.04B,2.39,$0.01B,$0.15B,0.08,$0.30B,$0.05B,15.84%,$0.30B,$0.01B,2.64%,$0.30B,$0.01B,2.64%,$0.30B,$0.01B,4.29%,$0.30B,$0.01B,4.62%,$0.30B,$0.01B,2.31%,$0.01B,$0.15B,4.90%,$0.01B,$0.10B,7.73%,$0.01B,$0.21B,3.35%,$0.01B,$0.16B,5.10%,$80,$67,$13,$2,$7,$76,$4,$4,$8,$3,$5,$5,$5,$5,$4,$26,26,$0.19,$0.18,$38,$20,$0,$86,$52,$21,$52,$0,$125,$212,$36,$12,$1,$26,$62,$0,$27,$-0,$150,$212,$10,$4,$-9,$-5,$-2,$0,$-2,$1,$3,$9,$-4,$0,$0,$3,$0,$3,$0,$-1,$-3,$0,$-3,$-5,$-5,$0,$5,$-3,$4,$1,$0
27,2011-11-30,5.95,$5.57,1.07,$11.19,0.53,$0.54,11.1,$0.19,31.32,$0.09B,$0.04B,2.15,$0.01B,$0.14B,0.09,$0.30B,$0.05B,15.82%,$0.30B,$0.01B,2.69%,$0.30B,$0.01B,2.69%,$0.30B,$0.01B,4.38%,$0.30B,$0.01B,3.37%,$0.30B,$0.00B,1.35%,$0.00B,$0.14B,2.85%,$0.00B,$0.09B,4.60%,$0.00B,$0.21B,1.92%,$0.01B,$0.16B,5.14%,$82,$69,$13,$2,$6,$77,$4,$1,$5,$2,$3,$3,$3,$6,$4,$26,26,$0.13,$0.13,$28,$20,$0,$87,$52,$18,$52,$0,$122,$209,$41,$13,$1,$26,$67,$0,$22,$-0,$142,$209,$5,$3,$-4,$-1,$-7,$-0,$2,$-3,$-5,$-1,$-3,$0,$0,$4,$0,$4,$0,$1,$-2,$0,$-2,$-5,$-5,$0,$3,$-4,$-4,$1,$0
28,2011-08-31,5.95,$5.35,1.11,$10.71,0.56,$0.63,9.46,$0.14,42.5,$0.09B,$0.04B,2.19,$0.02B,$0.14B,0.1,$0.29B,$0.05B,16.14%,$0.29B,$0.01B,2.81%,$0.29B,$0.01B,2.81%,$0.29B,$0.01B,4.21%,$0.29B,$0.01B,2.81%,$0.29B,$0.00B,1.05%,$0.00B,$0.14B,2.15%,$0.00B,$0.09B,3.54%,$0.00B,$0.21B,1.44%,$0.01B,$0.16B,5.14%,$73,$62,$11,$2,$6,$70,$3,$0,$3,$1,$2,$2,$2,$4,$3,$26,27,$0.07,$0.07,$39,$20,$0,$88,$52,$17,$52,$0,$121,$209,$40,$15,$1,$27,$68,$0,$19,$-0,$141,$209,$2,$1,$-1,$-0,$1,$1,$1,$-2,$2,$4,$-2,$0,$0,$-4,$0,$-4,$0,$-6,$-1,$0,$-1,$0,$0,$0,$1,$0,$-1,$0,$0
29,2011-05-31,5.74,$5.22,1.1,$10.39,0.55,$0.63,9.18,$0.16,35.88,$0.09B,$0.03B,2.79,$0.02B,$0.14B,0.11,$0.28B,$0.05B,16.97%,$0.28B,$0.01B,3.25%,$0.28B,$0.01B,3.25%,$0.28B,$0.01B,4.69%,$0.28B,$0.01B,3.25%,$0.28B,$0.00B,1.08%,$0.00B,$0.14B,2.17%,$0.00B,$0.09B,3.66%,$0.00B,$0.21B,1.45%,$0.01B,$0.15B,5.80%,$68,$58,$11,$3,$6,$71,$-3,$1,$-2,$0,$-3,$-3,$-3,$-2,$-3,$26,27,$-0.11,$-0.11,$36,$20,$0,$86,$52,$16,$52,$0,$121,$206,$31,$16,$11,$38,$69,$0,$17,$-0,$138,$206,$4,$5,$9,$14,$-3,$-4,$2,$-2,$-4,$14,$-7,$0,$0,$-8,$0,$-8,$-15,$-29,$-4,$0,$-4,$-1,$-1,$0,$0,$-5,$-20,$2,$0
30,2011-02-28,6.15,$5.36,1.15,$10.02,0.61,$0.42,14.67,$0.20,30.75,$0.08B,$0.03B,2.74,$0.02B,$0.14B,0.12,$0.27B,$0.05B,16.85%,$0.27B,$0.01B,4.49%,$0.27B,$0.01B,4.49%,$0.27B,$0.02B,5.99%,$0.27B,$0.01B,4.12%,$0.27B,$0.01B,1.87%,$0.01B,$0.14B,3.66%,$0.01B,$0.08B,6.29%,$0.01B,$0.21B,2.43%,$0.01B,$0.16B,7.74%,$74,$61,$12,$2,$6,$70,$4,$-0,$4,$1,$2,$2,$2,$5,$4,$26,27,$0.09,$0.09,$38,$19,$0,$81,$51,$16,$57,$4,$128,$209,$29,$17,$11,$38,$67,$0,$20,$-0,$141,$209,$7,$4,$0,$4,$-0,$-3,$0,$0,$2,$12,$-5,$0,$0,$-11,$0,$-11,$-15,$-31,$-3,$0,$-3,$-1,$-1,$0,$2,$-2,$-21,$1,$0
31,2010-11-30,6.26,$5.24,1.19,$9.44,0.66,$0.26,24.03,$0.18,34.78,$0.10B,$0.03B,3.08,$0.02B,$0.14B,0.13,$0.25B,$0.04B,16.33%,$0.25B,$0.01B,4.38%,$0.25B,$0.01B,4.38%,$0.25B,$0.02B,5.98%,$0.25B,$0.01B,3.98%,$0.25B,$0.01B,1.99%,$0.01B,$0.14B,3.70%,$0.01B,$0.08B,6.02%,$0.01B,$0.21B,2.59%,$0.01B,$0.16B,7.38%,$70,$58,$12,$2,$6,$67,$4,$-0,$3,$1,$2,$2,$2,$5,$4,$26,27,$0.08,$0.08,$45,$20,$0,$95,$51,$0,$57,$4,$112,$207,$31,$18,$11,$38,$69,$0,$18,$-0,$138,$207,$5,$3,$0,$3,$-6,$-4,$4,$-2,$-5,$2,$-3,$0,$0,$-19,$0,$-19,$0,$-23,$-2,$0,$-2,$-1,$-1,$0,$1,$-2,$-22,$1,$0
32,2010-08-31,5.5,$5.13,1.07,$9.08,0.61,$0.35,15.63,$0.16,34.38,$0.09B,$0.03B,3.1,$0.02B,$0.14B,0.14,$0.24B,$0.04B,14.88%,$0.24B,$0.01B,3.72%,$0.24B,$0.01B,3.72%,$0.24B,$0.01B,5.37%,$0.24B,$0.01B,4.13%,$0.24B,$0.01B,2.07%,$0.01B,$0.14B,3.75%,$0.01B,$0.08B,5.75%,$0.01B,$0.21B,2.75%,$0.01B,$0.16B,6.28%,$65,$53,$12,$2,$6,$61,$4,$-0,$4,$1,$2,$2,$2,$5,$4,$27,27,$0.09,$0.09,$51,$18,$0,$94,$51,$0,$57,$4,$112,$206,$30,$19,$11,$40,$70,$0,$16,$-0,$136,$206,$2,$1,$0,$1,$-1,$-2,$4,$-1,$1,$4,$-2,$0,$0,$-20,$0,$-20,$0,$-22,$-1,$0,$-1,$-0,$-0,$0,$1,$-0,$-18,$1,$0
33,2010-05-31,6.19,$5.00,1.24,$8.93,0.69,$0.36,17.18,$0.15,41.27,$0.09B,$0.03B,3.18,$0.02B,$0.13B,0.15,$0.24B,$0.03B,13.87%,$0.24B,$0.01B,3.36%,$0.24B,$0.01B,3.36%,$0.24B,$0.01B,5.04%,$0.24B,$0.01B,4.20%,$0.24B,$0.01B,2.10%,$0.01B,$0.13B,3.79%,$0.01B,$0.08B,5.48%,$0.01B,$0.20B,2.92%,$0.01B,$0.15B,5.84%,$58,$49,$9,$1,$5,$59,$-0,$0,$-0,$1,$-1,$-1,$-1,$1,$-0,$26,27,$-0.06,$-0.06,$48,$16,$0,$89,$50,$1,$57,$3,$111,$200,$28,$19,$11,$40,$68,$0,$13,$-0,$132,$200,$4,$3,$4,$7,$-2,$-1,$1,$-3,$-4,$7,$-5,$0,$-40,$2,$0,$2,$0,$-43,$20,$0,$20,$0,$0,$0,$-0,$20,$-16,$1,$0
34,2010-02-28,6.06,$5.08,1.19,$8.70,0.7,$0.46,13.3,$0.28,21.64,$0.10B,$0.02B,5.11,$0.00B,$0.13B,0.0,$0.23B,$0.03B,14.22%,$0.23B,$0.01B,4.74%,$0.23B,$0.01B,4.74%,$0.23B,$0.02B,6.47%,$0.23B,$0.01B,6.03%,$0.23B,$0.01B,3.45%,$0.01B,$0.13B,6.12%,$0.01B,$0.10B,8.38%,$0.01B,$0.16B,5.02%,$0.01B,$0.13B,8.41%,$58,$50,$8,$1,$4,$55,$3,$0,$3,$1,$2,$2,$2,$4,$3,$26,27,$0.07,$0.07,$70,$7,$0,$95,$24,$0,$36,$4,$64,$160,$19,$0,$0,$7,$26,$0,$15,$0,$134,$160,$6,$2,$1,$3,$1,$-1,$-1,$-2,$-2,$7,$-4,$0,$0,$-41,$0,$-41,$0,$-44,$0,$0,$0,$0,$0,$0,$0,$0,$-37,$1,$0
35,2009-11-30,6.28,$5.02,1.25,$8.55,0.73,$0.45,14.03,$0.27,23.26,$0.10B,$0.02B,4.51,$0.00B,$0.13B,0.0,$0.23B,$0.03B,14.47%,$0.23B,$0.01B,4.82%,$0.23B,$0.01B,4.82%,$0.23B,$0.01B,6.14%,$0.23B,$0.01B,6.14%,$0.23B,$0.01B,3.51%,$0.01B,$0.13B,6.25%,$0.01B,$0.10B,8.60%,$0.01B,$0.16B,5.12%,$0.01B,$0.13B,8.59%,$61,$54,$7,$1,$4,$59,$2,$0,$3,$1,$2,$2,$2,$3,$2,$26,27,$0.06,$0.06,$68,$7,$0,$96,$24,$0,$36,$4,$64,$160,$21,$0,$0,$7,$28,$0,$13,$0,$132,$160,$4,$2,$-0,$1,$-1,$-1,$3,$-3,$-1,$4,$-3,$0,$0,$-43,$0,$-43,$0,$-46,$0,$0,$0,$0,$0,$0,$1,$1,$-41,$0,$0
36,2009-08-31,6.11,$4.94,1.24,$8.43,0.72,$0.44,13.86,$0.27,22.63,$0.10B,$0.03B,3.81,$0.00B,$0.13B,0.0,$0.23B,$0.03B,15.11%,$0.23B,$0.01B,4.89%,$0.23B,$0.01B,4.89%,$0.23B,$0.01B,6.22%,$0.23B,$0.01B,6.22%,$0.23B,$0.01B,3.11%,$0.01B,$0.13B,5.59%,$0.01B,$0.10B,7.78%,$0.01B,$0.16B,4.55%,$0.01B,$0.13B,8.78%,$61,$52,$9,$1,$5,$58,$3,$0,$4,$1,$2,$2,$2,$4,$3,$26,27,$0.08,$0.08,$69,$8,$0,$101,$23,$0,$36,$4,$63,$164,$26,$0,$0,$7,$34,$0,$11,$0,$130,$164,$2,$1,$0,$1,$-4,$-3,$7,$-1,$1,$4,$-1,$0,$0,$-43,$0,$-43,$0,$-44,$0,$0,$0,$0,$0,$0,$1,$1,$-39,$0,$0
37,2009-05-31,6.78,$4.83,1.4,$8.82,0.77,$0.38,17.9,$0.30,22.6,$0.09B,$0.02B,4.76,$0.00B,$0.13B,0.0,$0.24B,$0.04B,14.83%,$0.24B,$0.01B,5.51%,$0.24B,$0.01B,5.51%,$0.24B,$0.02B,6.36%,$0.24B,$0.02B,6.36%,$0.24B,$0.01B,3.39%,$0.01B,$0.13B,6.53%,$0.01B,$0.09B,9.17%,$0.01B,$0.15B,5.29%,$0.01B,$0.13B,10.61%,$52,$43,$9,$1,$5,$49,$3,$0,$4,$2,$2,$2,$2,$4,$3,$26,27,$0.07,$0.06,$66,$6,$0,$91,$23,$0,$36,$4,$62,$153,$19,$0,$0,$7,$26,$0,$9,$0,$127,$153,$8,$3,$1,$4,$4,$2,$-6,$-2,$-3,$9,$-5,$0,$0,$-8,$0,$-8,$0,$-12,$0,$0,$0,$0,$0,$0,$2,$2,$-1,$1,$0
38,2009-02-28,4.76,$4.69,1.01,$9.00,0.53,$0.69,6.9,$0.36,13.22,$0.09B,$0.02B,5.12,$0.00B,$0.12B,0.0,$0.24B,$0.04B,14.94%,$0.24B,$0.01B,5.39%,$0.24B,$0.01B,5.39%,$0.24B,$0.02B,6.22%,$0.24B,$0.01B,5.81%,$0.24B,$0.01B,3.73%,$0.01B,$0.12B,7.55%,$0.01B,$0.09B,10.71%,$0.01B,$0.15B,5.98%,$0.01B,$0.12B,10.90%,$54,$46,$8,$1,$4,$51,$3,$0,$3,$1,$2,$2,$2,$3,$3,$26,27,$0.06,$0.06,$64,$5,$0,$87,$22,$0,$36,$4,$61,$148,$17,$0,$0,$8,$25,$0,$7,$0,$123,$148,$6,$2,$1,$3,$7,$2,$-9,$-2,$-3,$6,$-3,$0,$0,$-2,$0,$-2,$0,$-5,$0,$0,$0,$0,$0,$0,$1,$2,$3,$1,$0
39,2008-11-30,6.94,$4.62,1.5,$9.18,0.76,$0.91,7.62,$0.45,15.42,$0.09B,$0.02B,4.07,$0.00B,$0.12B,0.0,$0.25B,$0.04B,15.79%,$0.25B,$0.02B,6.07%,$0.25B,$0.02B,6.07%,$0.25B,$0.02B,7.29%,$0.25B,$0.02B,6.48%,$0.25B,$0.01B,4.45%,$0.01B,$0.12B,9.57%,$0.01B,$0.09B,13.58%,$0.01B,$0.15B,7.50%,$0.02B,$0.12B,13.04%,$58,$50,$8,$1,$4,$56,$2,$0,$3,$1,$2,$2,$1,$3,$2,$26,27,$0.06,$0.06,$61,$8,$0,$90,$22,$0,$36,$3,$61,$151,$22,$0,$0,$8,$30,$0,$6,$0,$121,$151,$4,$2,$0,$2,$4,$-0,$-3,$-3,$-3,$3,$-2,$0,$0,$-4,$0,$-4,$0,$-7,$0,$0,$0,$0,$0,$0,$1,$1,$-2,$0,$0
40,2008-08-31,9.39,$4.56,2.06,$9.20,1.02,$0.90,10.39,$0.51,18.41,$0.09B,$0.03B,3.6,$0.00B,$0.12B,0.0,$0.25B,$0.04B,16.13%,$0.25B,$0.02B,6.85%,$0.25B,$0.02B,6.85%,$0.25B,$0.02B,8.06%,$0.25B,$0.02B,6.85%,$0.25B,$0.01B,5.24%,$0.01B,$0.12B,11.85%,$0.01B,$0.08B,16.83%,$0.01B,$0.15B,9.22%,$0.02B,$0.12B,15.45%,$72,$62,$10,$1,$5,$67,$5,$0,$5,$2,$3,$3,$3,$5,$5,$26,27,$0.11,$0.11,$62,$8,$0,$93,$21,$0,$36,$3,$60,$153,$26,$0,$0,$8,$34,$115,$4,$0,$119,$153,$3,$1,$-1,$-0,$1,$-1,$-1,$-0,$-0,$2,$-1,$0,$0,$-2,$0,$-2,$-0,$-2,$0,$0,$0,$0,$0,$0,$2,$2,$1,$0,$0
41,2008-05-31,8.01,$4.38,1.83,$8.85,0.91,$0.95,8.41,$0.51,15.71,$0.09B,$0.03B,3.29,$0.00B,$0.11B,0.0,$0.24B,$0.04B,16.32%,$0.24B,$0.02B,6.69%,$0.24B,$0.02B,6.69%,$0.24B,$0.02B,7.95%,$0.24B,$0.02B,6.69%,$0.24B,$0.01B,5.44%,$0.01B,$0.11B,12.50%,$0.01B,$0.08B,17.93%,$0.01B,$0.15B,9.67%,$0.02B,$0.11B,15.35%,$57,$48,$10,$1,$6,$55,$3,$1,$3,$-1,$4,$4,$3,$4,$3,$26,27,$0.13,$0.12,$59,$7,$0,$90,$21,$0,$36,$3,$60,$150,$27,$0,$0,$8,$35,$0,$1,$0,$114,$150,$14,$3,$-3,$-0,$-2,$-1,$4,$-2,$4,$18,$-4,$0,$0,$-15,$0,$-15,$-1,$-20,$0,$0,$0,$-18,$-18,$0,$3,$-15,$-18,$1,$0
42,2008-02-29,9.38,$4.07,2.31,$8.65,1.08,$0.11,84.66,$0.54,17.37,$0.08B,$0.02B,3.99,$0.00B,$0.11B,0.0,$0.23B,$0.04B,16.31%,$0.23B,$0.02B,7.30%,$0.23B,$0.02B,7.30%,$0.23B,$0.02B,8.58%,$0.23B,$0.02B,7.73%,$0.23B,$0.01B,6.01%,$0.01B,$0.11B,13.59%,$0.01B,$0.08B,19.18%,$0.01B,$0.13B,10.59%,$0.02B,$0.11B,16.46%,$60,$49,$11,$1,$5,$55,$5,$0,$5,$2,$4,$4,$4,$6,$5,$26,27,$0.15,$0.15,$55,$6,$0,$79,$20,$0,$31,$3,$54,$133,$20,$0,$0,$7,$27,$131,$-25,$0,$106,$133,$10,$2,$-3,$-0,$3,$0,$-2,$-2,$2,$11,$-2,$0,$-0,$0,$0,$0,$0,$-2,$0,$-0,$-0,$-20,$-20,$0,$3,$-16,$-7,$1,$0
43,2007-11-30,13.14,$3.85,3.41,$8.43,1.56,$-0.72,0.0,$1.32,9.95,$0.07B,$0.02B,3.69,$0.00B,$0.10B,0.0,$0.23B,$0.04B,15.93%,$0.23B,$0.04B,16.81%,$0.23B,$0.04B,16.81%,$0.23B,$0.04B,18.14%,$0.23B,$0.04B,17.70%,$0.23B,$0.04B,15.49%,$0.04B,$0.10B,33.98%,$0.04B,$0.07B,47.95%,$0.04B,$0.13B,26.32%,$0.04B,$0.10B,36.80%,$59,$50,$9,$1,$4,$55,$4,$0,$4,$1,$3,$3,$3,$5,$4,$26,27,$0.12,$0.12,$45,$8,$0,$74,$20,$0,$31,$3,$54,$128,$20,$0,$0,$7,$28,$131,$-30,$0,$100,$128,$6,$1,$-1,$-0,$0,$-2,$0,$-4,$-4,$2,$-1,$0,$-0,$0,$0,$0,$0,$-1,$0,$-0,$-0,$-20,$-20,$0,$2,$-18,$-17,$1,$0
44,2007-08-31,13.5,$3.69,3.66,$8.45,1.6,$-1.20,0.0,$1.20,11.25,$0.07B,$0.02B,3.23,$0.00B,$0.10B,0.0,$0.22B,$0.04B,15.77%,$0.22B,$0.03B,15.32%,$0.22B,$0.03B,15.32%,$0.22B,$0.04B,16.67%,$0.22B,$0.04B,16.22%,$0.22B,$0.03B,14.41%,$0.03B,$0.10B,32.08%,$0.03B,$0.07B,45.88%,$0.03B,$0.13B,24.15%,$0.03B,$0.10B,34.09%,$63,$54,$9,$1,$5,$59,$4,$1,$4,$1,$3,$3,$3,$4,$4,$26,27,$0.12,$0.11,$46,$8,$0,$74,$20,$0,$31,$2,$53,$127,$23,$0,$0,$8,$31,$130,$-34,$0,$96,$127,$3,$1,$0,$1,$-0,$-1,$3,$-2,$-1,$3,$-0,$0,$0,$0,$0,$0,$-0,$-0,$-0,$0,$0,$-20,$-20,$0,$1,$-19,$-16,$0,$0
45,2007-05-31,13.6,$4.26,3.19,$8.17,1.66,$-1.47,0.0,$1.09,12.48,$0.09B,$0.02B,4.0,$0.00B,$0.11B,0.0,$0.21B,$0.03B,15.24%,$0.21B,$0.03B,14.29%,$0.21B,$0.03B,14.29%,$0.21B,$0.03B,16.19%,$0.21B,$0.03B,15.24%,$0.21B,$0.03B,13.81%,$0.03B,$0.11B,29.82%,$0.03B,$0.08B,45.31%,$0.03B,$0.14B,22.44%,$0.03B,$0.11B,30.85%,$51,$42,$9,$1,$5,$47,$4,$1,$5,$0,$4,$4,$4,$5,$4,$25,27,$0.19,$0.15,$63,$7,$0,$89,$20,$0,$30,$2,$52,$141,$22,$0,$0,$9,$31,$130,$-19,$0,$110,$141,$29,$3,$-24,$-21,$-0,$-9,$-3,$2,$-11,$-2,$-7,$49,$0,$0,$0,$0,$-1,$42,$-2,$9,$7,$-5,$-5,$0,$-0,$3,$42,$1,$0
46,2007-02-28,13.38,$4.14,3.23,$9.02,1.48,$-0.83,0.0,$1.17,11.44,$0.08B,$0.02B,4.01,$0.00B,$0.11B,0.0,$0.23B,$0.04B,16.52%,$0.23B,$0.03B,14.35%,$0.23B,$0.03B,14.35%,$0.23B,$0.04B,16.09%,$0.23B,$0.03B,14.78%,$0.23B,$0.03B,13.91%,$0.03B,$0.11B,35.16%,$0.03B,$0.08B,55.41%,$0.03B,$0.14B,25.86%,$0.03B,$0.11B,36.26%,$53,$44,$9,$1,$5,$27,$26,$0,$27,$2,$25,$25,$25,$27,$26,$25,27,$0.97,$0.92,$58,$6,$0,$83,$20,$0,$30,$2,$52,$136,$21,$0,$0,$9,$30,$129,$-24,$0,$106,$136,$25,$3,$-24,$-22,$1,$-8,$-7,$2,$-10,$-7,$-6,$49,$-1,$0,$0,$0,$0,$43,$7,$0,$7,$-5,$-5,$0,$-0,$2,$38,$1,$0
47,2006-11-30,9.58,$3.44,2.78,$9.26,1.03,$-0.20,0.0,$0.38,25.21,$0.07B,$0.04B,1.97,$0.00B,$0.09B,0.0,$0.23B,$0.04B,17.09%,$0.23B,$0.01B,4.70%,$0.23B,$0.01B,4.70%,$0.23B,$0.01B,5.98%,$0.23B,$0.01B,4.70%,$0.23B,$0.01B,4.70%,$0.01B,$0.09B,13.10%,$0.01B,$0.06B,23.16%,$0.01B,$0.13B,9.21%,$0.01B,$0.09B,13.02%,$55,$47,$8,$1,$7,$55,$0,$-0,$0,$0,$0,$0,$0,$1,$0,$25,25,$0.00,$0.00,$12,$8,$35,$74,$20,$0,$29,$2,$51,$126,$38,$0,$0,$2,$39,$128,$-41,$0,$87,$126,$0,$2,$0,$2,$-1,$-10,$1,$1,$-9,$-7,$-5,$0,$-1,$0,$0,$0,$0,$-6,$3,$0,$3,$1,$1,$0,$-0,$4,$-9,$0,$0
