,Date,Stock Price,Book Value per Share,Price to Book Ratio,TTM Sales per Share,Price to Sales Ratio,TTM FCF per Share,Price to FCF Ratio,TTM Net EPS,PE Ratio,Current Assets,Current Liabilities,Current Ratio,Long Term Debt,Shareholder's Equity_x,Debt to Equity Ratio,TTM Revenue_x,TTM Gross Profit,Gross Margin,TTM Revenue_y,TTM Operating Income,Operating Margin,TTM Revenue_x,TTM EBIT,EBIT Margin,TTM Revenue_y,TTM EBITDA,EBITDA Margin,TTM Revenue_x,TTM Pre-Tax Income,Pre-Tax Margin,TTM Revenue_y,TTM Net Income_x,Net Margin,TTM Net Income_y,Shareholder's Equity_y,Return on Equity,TTM Net Income_x,Tangible Equity,Return on Tangible Equity,TTM Net Income_y,Total Assets,Return on Assets,TTM Net Income,LT Investments & Debt,Return on Investment,revenue,cost-goods-sold,gross-profit,research-development-expenses,selling-general-administrative-expenses,operating-expenses,operating-income,total-non-operating-income-expense,pre-tax-income,total-provision-income-taxes,income-after-taxes,income-from-continuous-operations,net-income,ebitda,ebit,basic-shares-outstanding,shares-outstanding,eps-basic-net-earnings-per-share,eps-earnings-per-share-diluted,cash-on-hand,inventory,other-current-assets,total-current-assets,net-property-plant-equipment,long-term-investments,goodwill-intangible-assets-total,other-long-term-assets,total-long-term-assets,total-assets,total-current-liabilities,long-term-debt,other-non-current-liabilities,total-long-term-liabilities,total-liabilities,common-stock-net,retained-earnings-accumulated-deficit,comprehensive-income,total-share-holder-equity,total-liabilities-share-holders-equity,net-income-loss,total-depreciation-amortization-cash-flow,other-non-cash-items,total-non-cash-items,change-in-accounts-receivable,change-in-inventories,change-in-accounts-payable,change-in-assets-liabilities,total-change-in-assets-liabilities,cash-flow-from-operating-activities,net-change-in-property-plant-equipment,net-change-in-intangible-assets,net-acquisitions-divestitures,net-change-in-short-term-investments,net-change-in-long-term-investments,net-change-in-investments-total,investing-activities-other,cash-flow-from-investing-activities,net-long-term-debt,net-current-debt,debt-issuance-retirement-net-total,net-common-equity-issued-repurchased,net-total-equity-issued-repurchased,total-common-preferred-stock-dividends-paid,financial-activities-other,cash-flow-from-financial-activities,net-cash-flow,stock-based-compensation,common-stock-dividends-paid
0,2018-08-31,95.77,$25.74,3.72,$50.87,1.88,$0.33,292.16,$1.88,50.94,$0.33B,$0.08B,4.13,$0.12B,$0.28B,0.42,$0.55B,$0.15B,27.37%,$0.55B,$0.04B,7.12%,$0.55B,$0.04B,7.12%,$0.55B,$0.06B,10.04%,$0.55B,$0.03B,6.20%,$0.55B,$0.02B,3.65%,$0.02B,$0.28B,7.29%,$0.02B,$0.19B,11.87%,$0.02B,$0.50B,3.91%,$0.04B,$0.39B,9.98%,$123,$91,$32,$4,$22,$117,$7,$-1,$6,$1,$5,$5,$5,$10,$7,$11,11,$0.47,$0.46,$161,$79,$18,$331,$57,$0,$92,$13,$169,$500,$80,$117,$20,$143,$223,$19,$485,$-18,$277,$500,$20,$17,$8,$24,$-6,$-8,$0,$1,$-14,$34,$-11,$0,$30,$0,$-1,$-1,$0,$18,$-0,$0,$-0,$3,$3,$-13,$-1,$-11,$39,$4,$-13
1,2018-05-31,98.08,$25.80,3.8,$51.76,1.89,$1.06,92.19,$2.01,48.8,$0.35B,$0.10B,3.55,$0.12B,$0.28B,0.42,$0.56B,$0.16B,28.01%,$0.56B,$0.04B,7.90%,$0.56B,$0.04B,7.90%,$0.56B,$0.06B,10.95%,$0.56B,$0.04B,7.00%,$0.56B,$0.02B,3.77%,$0.02B,$0.28B,7.71%,$0.02B,$0.18B,13.15%,$0.02B,$0.52B,4.10%,$0.04B,$0.39B,11.30%,$170,$118,$51,$4,$29,$151,$19,$-1,$17,$7,$10,$10,$10,$23,$19,$11,11,$0.96,$0.96,$112,$83,$60,$350,$60,$0,$93,$12,$170,$520,$99,$117,$20,$144,$243,$19,$483,$-15,$278,$520,$15,$13,$8,$21,$-32,$-8,$2,$10,$-29,$8,$-7,$0,$0,$0,$-3,$-3,$0,$-10,$-0,$0,$-0,$3,$3,$-10,$-1,$-8,$-10,$3,$-10
2,2018-02-28,87.86,$25.38,3.46,$50.20,1.75,$2.65,33.13,$2.07,42.45,$0.31B,$0.11B,3.0,$0.12B,$0.27B,0.43,$0.54B,$0.15B,28.01%,$0.54B,$0.04B,7.79%,$0.54B,$0.04B,7.79%,$0.54B,$0.06B,11.13%,$0.54B,$0.04B,7.05%,$0.54B,$0.02B,4.08%,$0.02B,$0.27B,8.18%,$0.02B,$0.16B,14.72%,$0.02B,$0.52B,4.31%,$0.04B,$0.39B,10.88%,$130,$95,$35,$4,$24,$123,$7,$-1,$6,$4,$2,$2,$2,$11,$7,$11,11,$0.16,$0.16,$102,$103,$6,$313,$73,$0,$118,$13,$209,$522,$105,$117,$21,$145,$249,$19,$476,$-11,$273,$522,$5,$9,$1,$10,$-23,$-15,$10,$5,$-23,$-9,$-5,$0,$0,$0,$-2,$-2,$0,$-6,$-0,$0,$-0,$3,$3,$-6,$-1,$-5,$-19,$2,$-6
3,2017-11-30,92.91,$25.11,3.7,$49.72,1.87,$4.53,20.52,$2.38,39.04,$0.30B,$0.09B,3.29,$0.12B,$0.27B,0.43,$0.53B,$0.15B,27.95%,$0.53B,$0.04B,8.26%,$0.53B,$0.04B,8.26%,$0.53B,$0.06B,11.63%,$0.53B,$0.04B,7.50%,$0.53B,$0.03B,4.69%,$0.03B,$0.27B,9.46%,$0.03B,$0.15B,17.39%,$0.03B,$0.50B,4.97%,$0.04B,$0.39B,11.55%,$125,$92,$32,$4,$22,$118,$6,$-1,$5,$2,$3,$3,$3,$11,$6,$11,11,$0.30,$0.30,$109,$94,$9,$296,$73,$0,$119,$12,$207,$503,$90,$117,$19,$144,$234,$19,$478,$-13,$269,$503,$3,$4,$3,$7,$-6,$-9,$5,$-6,$-16,$-5,$-2,$0,$0,$0,$-1,$-1,$0,$-3,$-0,$0,$-0,$0,$0,$-3,$-1,$-4,$-12,$1,$-3
4,2017-08-31,85.43,$25.25,3.38,$48.47,1.76,$5.81,14.72,$2.16,39.55,$0.29B,$0.09B,3.18,$0.12B,$0.27B,0.43,$0.52B,$0.15B,27.99%,$0.52B,$0.04B,7.92%,$0.52B,$0.04B,7.92%,$0.52B,$0.06B,11.20%,$0.52B,$0.04B,6.95%,$0.52B,$0.02B,4.44%,$0.02B,$0.27B,8.88%,$0.02B,$0.15B,16.70%,$0.02B,$0.51B,4.63%,$0.04B,$0.39B,10.91%,$132,$94,$38,$4,$22,$120,$12,$-1,$11,$4,$6,$6,$6,$16,$12,$11,11,$0.59,$0.60,$122,$86,$7,$293,$74,$0,$120,$13,$213,$506,$92,$117,$20,$144,$236,$19,$478,$-12,$270,$506,$23,$17,$3,$19,$7,$-10,$4,$-5,$-4,$39,$-9,$0,$0,$0,$-1,$-1,$0,$-10,$-0,$0,$-0,$3,$3,$-12,$-1,$-10,$20,$4,$-12
5,2017-05-31,83.97,$24.67,3.4,$48.29,1.74,$4.92,17.05,$2.30,36.51,$0.31B,$0.10B,2.97,$0.12B,$0.26B,0.44,$0.52B,$0.15B,28.32%,$0.52B,$0.04B,7.90%,$0.52B,$0.04B,7.90%,$0.52B,$0.06B,11.18%,$0.52B,$0.04B,6.94%,$0.52B,$0.03B,4.82%,$0.03B,$0.26B,9.82%,$0.03B,$0.14B,18.90%,$0.03B,$0.51B,5.07%,$0.04B,$0.38B,11.04%,$152,$106,$46,$4,$24,$134,$17,$-1,$16,$5,$11,$11,$11,$22,$17,$11,11,$1.03,$1.02,$113,$89,$12,$305,$74,$0,$121,$5,$206,$511,$103,$117,$20,$145,$248,$19,$474,$-14,$264,$511,$17,$12,$1,$14,$-6,$-13,$8,$5,$-6,$24,$-6,$0,$0,$0,$1,$1,$0,$-5,$-0,$0,$-0,$2,$2,$-9,$-1,$-8,$12,$3,$-9
6,2017-02-28,78.48,$23.78,3.3,$47.31,1.66,$4.17,18.81,$2.18,36.0,$0.29B,$0.09B,3.15,$0.12B,$0.25B,0.46,$0.51B,$0.14B,28.15%,$0.51B,$0.04B,7.68%,$0.51B,$0.04B,7.68%,$0.51B,$0.06B,11.02%,$0.51B,$0.03B,6.69%,$0.51B,$0.02B,4.72%,$0.02B,$0.25B,9.61%,$0.02B,$0.13B,18.97%,$0.02B,$0.49B,4.92%,$0.04B,$0.37B,10.64%,$124,$91,$33,$4,$20,$116,$9,$-1,$8,$3,$5,$5,$5,$13,$9,$11,11,$0.47,$0.47,$103,$83,$16,$286,$76,$0,$121,$5,$205,$491,$91,$117,$21,$146,$237,$19,$467,$-14,$254,$491,$6,$8,$4,$12,$2,$-7,$12,$-13,$-6,$11,$-4,$0,$0,$0,$2,$2,$0,$-2,$-0,$0,$-0,$1,$1,$-6,$-1,$-6,$2,$2,$-6
7,2016-11-30,82.3,$23.30,3.53,$46.61,1.77,$2.44,33.73,$1.34,61.42,$0.28B,$0.09B,3.25,$0.12B,$0.25B,0.47,$0.51B,$0.14B,28.12%,$0.51B,$0.03B,4.95%,$0.51B,$0.03B,4.95%,$0.51B,$0.04B,8.51%,$0.51B,$0.02B,3.96%,$0.51B,$0.02B,2.97%,$0.02B,$0.25B,6.02%,$0.02B,$0.13B,12.00%,$0.02B,$0.48B,3.09%,$0.03B,$0.37B,6.83%,$110,$82,$28,$4,$21,$108,$3,$-1,$1,$0,$1,$1,$1,$7,$3,$11,11,$0.08,$0.08,$103,$80,$19,$275,$76,$0,$123,$5,$206,$481,$85,$117,$22,$148,$233,$19,$465,$-16,$248,$481,$1,$4,$2,$7,$10,$-6,$0,$-5,$0,$8,$-1,$0,$0,$0,$-0,$-0,$0,$-1,$-0,$0,$-0,$0,$0,$-3,$-1,$-4,$2,$1,$-3
8,2016-08-31,70.01,$23.67,2.96,$47.04,1.49,$2.15,32.61,$1.88,37.24,$0.28B,$0.09B,3.15,$0.12B,$0.25B,0.47,$0.52B,$0.15B,28.63%,$0.52B,$0.03B,6.58%,$0.52B,$0.03B,6.58%,$0.52B,$0.05B,10.06%,$0.52B,$0.03B,5.61%,$0.52B,$0.02B,4.06%,$0.02B,$0.25B,8.15%,$0.02B,$0.13B,15.88%,$0.02B,$0.49B,4.26%,$0.03B,$0.37B,9.07%,$133,$93,$40,$4,$24,$121,$12,$-1,$11,$3,$8,$8,$8,$16,$12,$11,11,$0.71,$0.70,$103,$75,$14,$277,$78,$0,$124,$5,$211,$488,$88,$117,$23,$148,$236,$19,$467,$-14,$252,$488,$20,$17,$-3,$14,$-6,$1,$-7,$10,$-1,$33,$-11,$0,$0,$0,$0,$0,$1,$-10,$-0,$0,$-0,$-48,$-48,$-12,$-1,$-61,$-38,$3,$-12
9,2016-05-31,69.12,$23.04,3.0,$45.30,1.53,$3.04,22.74,$0.87,79.45,$0.28B,$0.10B,2.86,$0.12B,$0.25B,0.48,$0.51B,$0.14B,27.76%,$0.51B,$0.03B,4.92%,$0.51B,$0.03B,4.92%,$0.51B,$0.04B,8.46%,$0.51B,$0.02B,3.74%,$0.51B,$0.01B,1.97%,$0.01B,$0.25B,3.75%,$0.01B,$0.12B,7.13%,$0.01B,$0.49B,1.98%,$0.03B,$0.36B,6.51%,$141,$100,$42,$4,$22,$126,$15,$-1,$14,$4,$10,$10,$10,$20,$15,$11,11,$0.90,$0.90,$94,$83,$14,$277,$79,$0,$125,$5,$213,$490,$97,$117,$23,$148,$245,$19,$462,$-16,$245,$490,$12,$13,$-2,$10,$-8,$-8,$1,$11,$-3,$20,$-10,$0,$0,$0,$-0,$-0,$1,$-9,$-0,$0,$-0,$-48,$-48,$-9,$-1,$-58,$-48,$2,$-9
10,2016-02-29,69.87,$23.19,3.01,$45.84,1.52,$4.15,16.84,$1.07,65.3,$0.27B,$0.09B,3.2,$0.12B,$0.25B,0.47,$0.53B,$0.15B,27.46%,$0.53B,$0.03B,5.87%,$0.53B,$0.03B,5.87%,$0.53B,$0.05B,9.28%,$0.53B,$0.03B,4.73%,$0.53B,$0.01B,2.46%,$0.01B,$0.25B,4.57%,$0.01B,$0.13B,8.28%,$0.01B,$0.48B,2.47%,$0.03B,$0.37B,7.72%,$121,$88,$32,$4,$33,$125,$-5,$-1,$-6,$-2,$-4,$-4,$-4,$-0,$-5,$11,11,$-0.37,$-0.37,$92,$82,$13,$270,$79,$0,$126,$5,$213,$483,$85,$117,$23,$147,$232,$19,$456,$-17,$252,$483,$3,$9,$-3,$6,$-6,$-8,$-2,$5,$-16,$-5,$-7,$0,$0,$0,$2,$2,$1,$-5,$-0,$0,$-0,$-32,$-32,$-6,$-1,$-39,$-50,$2,$-6
11,2015-11-30,67.06,$25.19,2.66,$46.66,1.44,$6.02,11.14,$2.19,30.62,$0.30B,$0.09B,3.39,$0.12B,$0.28B,0.42,$0.55B,$0.15B,27.92%,$0.55B,$0.05B,9.31%,$0.55B,$0.05B,9.31%,$0.55B,$0.07B,12.41%,$0.55B,$0.05B,8.21%,$0.55B,$0.03B,4.74%,$0.03B,$0.28B,8.51%,$0.03B,$0.16B,14.67%,$0.03B,$0.51B,4.68%,$0.05B,$0.40B,12.07%,$122,$87,$34,$4,$19,$110,$12,$-1,$10,$3,$7,$7,$7,$16,$12,$11,11,$0.62,$0.62,$131,$78,$13,$296,$79,$0,$127,$6,$215,$511,$88,$117,$10,$142,$230,$19,$463,$-17,$282,$511,$7,$4,$3,$7,$3,$-4,$1,$-6,$-7,$9,$-5,$0,$0,$0,$-0,$-0,$1,$-4,$-0,$0,$-0,$-9,$-9,$-3,$-1,$-13,$-10,$1,$-3
12,2015-08-31,72.98,$25.56,2.86,$46.87,1.56,$5.85,12.47,$2.19,33.32,$0.32B,$0.10B,3.39,$0.12B,$0.29B,0.41,$0.56B,$0.16B,27.81%,$0.56B,$0.05B,9.09%,$0.56B,$0.05B,9.09%,$0.56B,$0.07B,12.12%,$0.56B,$0.05B,8.38%,$0.56B,$0.03B,4.81%,$0.03B,$0.29B,8.35%,$0.03B,$0.16B,12.87%,$0.03B,$0.54B,4.90%,$0.05B,$0.41B,12.41%,$124,$90,$33,$4,$27,$121,$3,$-2,$1,$4,$-3,$-3,$-3,$7,$3,$12,12,$-0.25,$-0.25,$141,$75,$11,$322,$79,$0,$129,$7,$214,$536,$95,$117,$10,$153,$248,$19,$459,$-15,$289,$536,$26,$16,$4,$20,$17,$1,$-0,$-11,$-2,$49,$-15,$0,$-70,$0,$6,$6,$-1,$-80,$115,$0,$115,$-96,$-96,$-13,$-2,$3,$-33,$3,$-13
13,2015-05-31,76.85,$27.36,2.81,$47.90,1.6,$8.73,8.8,$3.36,22.87,$0.36B,$0.11B,3.25,$0.12B,$0.32B,0.37,$0.59B,$0.16B,27.86%,$0.59B,$0.06B,10.94%,$0.59B,$0.06B,10.94%,$0.59B,$0.08B,13.85%,$0.59B,$0.06B,10.77%,$0.59B,$0.04B,7.01%,$0.04B,$0.32B,11.82%,$0.04B,$0.19B,16.52%,$0.04B,$0.58B,7.47%,$0.06B,$0.43B,15.79%,$161,$114,$46,$3,$21,$139,$21,$-1,$20,$7,$13,$13,$13,$26,$21,$12,12,$1.11,$1.10,$154,$79,$18,$361,$77,$0,$127,$13,$217,$578,$111,$117,$10,$152,$263,$19,$465,$-13,$315,$578,$29,$12,$1,$13,$-6,$-1,$6,$-7,$-12,$35,$-11,$0,$-67,$0,$7,$7,$-2,$-73,$115,$0,$115,$-78,$-78,$-10,$-2,$25,$-18,$3,$-10
14,2015-02-28,83.27,$28.29,2.94,$47.37,1.76,$11.17,7.45,$3.54,23.52,$0.38B,$0.11B,3.48,$0.12B,$0.34B,0.35,$0.59B,$0.17B,27.78%,$0.59B,$0.07B,11.45%,$0.59B,$0.07B,11.45%,$0.59B,$0.08B,14.14%,$0.59B,$0.07B,11.62%,$0.59B,$0.04B,7.41%,$0.04B,$0.34B,11.97%,$0.04B,$0.21B,15.52%,$0.04B,$0.60B,8.17%,$0.07B,$0.45B,17.14%,$141,$102,$40,$3,$22,$127,$15,$-0,$14,$5,$9,$9,$9,$19,$15,$12,12,$0.75,$0.75,$167,$82,$22,$381,$76,$0,$129,$14,$218,$599,$109,$117,$9,$154,$263,$19,$455,$-10,$336,$599,$17,$8,$2,$10,$-4,$-4,$10,$-10,$-15,$16,$-7,$0,$-67,$0,$3,$3,$-3,$-73,$115,$0,$115,$-49,$-49,$-6,$-2,$57,$-5,$2,$-6
15,2014-11-30,83.35,$29.17,2.86,$47.43,1.76,$12.52,6.66,$3.83,21.76,$0.34B,$0.11B,3.12,$0.00B,$0.35B,0.0,$0.61B,$0.17B,27.72%,$0.61B,$0.07B,12.21%,$0.61B,$0.07B,12.21%,$0.61B,$0.09B,14.85%,$0.61B,$0.08B,12.54%,$0.61B,$0.05B,7.92%,$0.05B,$0.35B,12.56%,$0.05B,$0.29B,15.36%,$0.05B,$0.49B,9.20%,$0.07B,$0.35B,19.36%,$135,$98,$37,$3,$22,$123,$12,$-0,$12,$4,$8,$8,$8,$16,$12,$12,12,$0.62,$0.62,$139,$77,$19,$341,$71,$0,$67,$10,$149,$490,$110,$0,$9,$28,$137,$19,$450,$-6,$353,$490,$8,$4,$0,$4,$2,$-5,$7,$-8,$-7,$6,$-4,$0,$0,$0,$2,$2,$0,$-2,$0,$0,$0,$-30,$-30,$-3,$-1,$-34,$-33,$1,$-3
16,2014-08-31,73.5,$30.76,2.39,$47.85,1.54,$12.63,5.82,$4.00,18.37,$0.37B,$0.12B,3.21,$0.00B,$0.38B,0.0,$0.62B,$0.17B,27.63%,$0.62B,$0.08B,12.60%,$0.62B,$0.08B,12.60%,$0.62B,$0.09B,15.19%,$0.62B,$0.08B,12.92%,$0.62B,$0.05B,8.08%,$0.05B,$0.38B,12.77%,$0.05B,$0.31B,15.60%,$0.05B,$0.53B,9.44%,$0.08B,$0.38B,19.92%,$148,$108,$40,$3,$21,$131,$16,$0,$17,$5,$11,$11,$11,$20,$16,$13,13,$0.90,$0.89,$172,$72,$15,$374,$72,$0,$69,$11,$152,$527,$116,$0,$8,$28,$144,$19,$445,$-2,$383,$527,$52,$15,$-4,$11,$27,$-3,$-1,$1,$30,$92,$-18,$0,$0,$0,$-1,$-1,$0,$-18,$0,$0,$0,$-41,$-41,$-12,$-1,$-54,$20,$4,$-12
17,2014-05-31,79.37,$31.27,2.54,$47.90,1.66,$10.47,7.58,$3.92,20.25,$0.40B,$0.11B,3.55,$0.00B,$0.40B,0.0,$0.62B,$0.17B,27.46%,$0.62B,$0.08B,12.60%,$0.62B,$0.08B,12.60%,$0.62B,$0.09B,15.02%,$0.62B,$0.08B,12.76%,$0.62B,$0.05B,7.92%,$0.05B,$0.40B,12.53%,$0.05B,$0.33B,15.37%,$0.05B,$0.54B,9.32%,$0.08B,$0.40B,19.95%,$170,$122,$48,$3,$20,$145,$25,$0,$26,$9,$16,$16,$16,$29,$25,$13,13,$1.28,$1.28,$182,$79,$20,$399,$65,$0,$70,$4,$139,$539,$113,$0,$8,$28,$141,$19,$437,$-1,$398,$539,$40,$11,$-0,$11,$18,$-10,$5,$-2,$16,$66,$-8,$0,$0,$0,$-2,$-2,$0,$-10,$0,$0,$0,$-17,$-17,$-8,$-1,$-27,$30,$3,$-8
18,2014-02-28,79.66,$30.70,2.59,$51.67,1.54,$8.49,9.38,$4.65,17.13,$0.39B,$0.11B,3.6,$0.00B,$0.40B,0.0,$0.67B,$0.19B,27.65%,$0.67B,$0.09B,13.90%,$0.67B,$0.09B,13.90%,$0.67B,$0.11B,15.99%,$0.67B,$0.09B,13.90%,$0.67B,$0.06B,8.82%,$0.06B,$0.40B,15.34%,$0.06B,$0.32B,18.64%,$0.06B,$0.53B,11.33%,$0.09B,$0.40B,24.19%,$153,$110,$43,$3,$19,$132,$21,$-0,$21,$7,$13,$13,$13,$25,$21,$13,13,$1.04,$1.04,$166,$81,$18,$390,$65,$0,$71,$4,$141,$531,$108,$0,$8,$28,$136,$19,$424,$-1,$395,$531,$24,$7,$-1,$7,$10,$-12,$11,$-7,$2,$32,$-5,$0,$0,$0,$-2,$-2,$0,$-7,$0,$0,$0,$-6,$-6,$-5,$-1,$-13,$14,$2,$-5
19,2013-11-30,71.51,$30.16,2.37,$53.49,1.34,$8.02,8.92,$5.11,13.99,$0.38B,$0.10B,3.68,$0.00B,$0.39B,0.0,$0.69B,$0.19B,27.75%,$0.69B,$0.10B,14.60%,$0.69B,$0.10B,14.60%,$0.69B,$0.12B,16.62%,$0.69B,$0.10B,14.60%,$0.69B,$0.07B,9.39%,$0.07B,$0.39B,17.45%,$0.07B,$0.32B,21.04%,$0.07B,$0.52B,12.78%,$0.10B,$0.39B,27.11%,$148,$108,$40,$3,$21,$132,$16,$-0,$16,$6,$10,$10,$10,$20,$16,$13,13,$0.79,$0.79,$152,$76,$16,$379,$65,$0,$72,$5,$143,$522,$103,$0,$8,$29,$132,$19,$414,$-1,$390,$522,$10,$4,$-0,$4,$-1,$-7,$3,$-6,$-8,$6,$-2,$0,$0,$0,$-1,$-1,$0,$-3,$0,$0,$0,$0,$0,$-2,$-2,$-3,$-0,$1,$-2
20,2013-08-31,70.93,$29.57,2.4,$53.55,1.32,$8.62,8.23,$5.47,12.97,$0.37B,$0.10B,3.61,$0.00B,$0.38B,0.0,$0.69B,$0.20B,28.22%,$0.69B,$0.11B,15.48%,$0.69B,$0.11B,15.48%,$0.69B,$0.12B,17.37%,$0.69B,$0.11B,15.48%,$0.69B,$0.07B,10.13%,$0.07B,$0.38B,19.64%,$0.07B,$0.31B,23.51%,$0.07B,$0.51B,14.32%,$0.11B,$0.38B,30.01%,$148,$110,$39,$2,$20,$133,$16,$-0,$16,$5,$10,$10,$10,$19,$16,$13,13,$0.81,$0.81,$152,$69,$15,$369,$65,$0,$73,$5,$144,$512,$102,$0,$8,$30,$132,$19,$406,$-2,$381,$512,$71,$13,$1,$14,$-35,$-10,$9,$11,$-26,$58,$-11,$0,$-29,$0,$-1,$-1,$0,$-41,$-4,$0,$-4,$2,$2,$-6,$0,$-8,$8,$5,$-6
21,2013-05-31,75.55,$28.90,2.61,$52.03,1.45,$8.36,9.04,$5.34,14.15,$0.40B,$0.12B,3.28,$0.00B,$0.37B,0.0,$0.67B,$0.19B,28.17%,$0.67B,$0.10B,15.50%,$0.67B,$0.10B,15.50%,$0.67B,$0.12B,17.44%,$0.67B,$0.10B,15.50%,$0.67B,$0.07B,10.28%,$0.07B,$0.37B,20.35%,$0.07B,$0.32B,24.21%,$0.07B,$0.52B,14.85%,$0.10B,$0.37B,30.68%,$220,$157,$63,$3,$20,$180,$40,$0,$40,$14,$26,$26,$26,$43,$40,$13,13,$2.03,$2.01,$170,$72,$18,$404,$57,$0,$53,$4,$114,$518,$123,$0,$8,$23,$146,$19,$397,$-1,$372,$518,$60,$9,$-2,$8,$-48,$-20,$25,$11,$-27,$41,$-8,$0,$0,$0,$-1,$-1,$0,$-9,$-3,$0,$-3,$2,$2,$-4,$0,$-6,$27,$3,$-4
22,2013-02-28,79.23,$27.00,2.93,$48.50,1.63,$7.26,10.91,$4.80,16.51,$0.37B,$0.11B,3.29,$0.00B,$0.35B,0.0,$0.62B,$0.18B,28.09%,$0.62B,$0.09B,14.93%,$0.62B,$0.09B,14.93%,$0.62B,$0.11B,17.01%,$0.62B,$0.09B,14.93%,$0.62B,$0.06B,9.95%,$0.06B,$0.35B,19.28%,$0.06B,$0.29B,23.22%,$0.06B,$0.48B,14.11%,$0.09B,$0.35B,28.90%,$176,$125,$50,$3,$18,$146,$29,$0,$29,$10,$19,$19,$19,$33,$29,$13,13,$1.51,$1.50,$160,$78,$15,$367,$57,$0,$54,$4,$115,$482,$112,$0,$7,$24,$135,$19,$372,$0,$347,$482,$34,$6,$0,$6,$-22,$-25,$32,$1,$-15,$26,$-5,$0,$0,$0,$-2,$-2,$0,$-7,$-2,$0,$-2,$2,$2,$-3,$0,$-3,$16,$2,$-3
23,2012-11-30,73.14,$25.23,2.9,$45.18,1.62,$5.66,12.92,$4.30,17.01,$0.33B,$0.09B,3.52,$0.00B,$0.33B,0.0,$0.58B,$0.16B,27.81%,$0.58B,$0.08B,14.34%,$0.58B,$0.08B,14.34%,$0.58B,$0.10B,16.41%,$0.58B,$0.08B,14.34%,$0.58B,$0.06B,9.67%,$0.06B,$0.33B,18.26%,$0.06B,$0.27B,22.27%,$0.06B,$0.44B,13.41%,$0.08B,$0.33B,26.99%,$147,$105,$43,$3,$17,$125,$22,$0,$22,$8,$15,$15,$15,$25,$22,$13,13,$1.15,$1.15,$152,$67,$11,$327,$56,$0,$55,$5,$116,$443,$93,$0,$7,$24,$117,$19,$354,$-1,$326,$443,$15,$3,$0,$4,$-6,$-14,$19,$-5,$-5,$13,$-2,$0,$0,$0,$-1,$-1,$0,$-3,$-1,$0,$-1,$1,$1,$-1,$-0,$-2,$9,$1,$-1
24,2012-08-31,60.25,$24.43,2.47,$43.05,1.4,$5.07,11.89,$3.38,17.83,$0.30B,$0.08B,3.72,$0.00B,$0.31B,0.0,$0.55B,$0.15B,26.86%,$0.55B,$0.07B,11.98%,$0.55B,$0.07B,11.98%,$0.55B,$0.08B,14.16%,$0.55B,$0.07B,11.80%,$0.55B,$0.04B,7.99%,$0.04B,$0.31B,14.98%,$0.04B,$0.26B,18.53%,$0.04B,$0.42B,10.92%,$0.07B,$0.31B,22.35%,$128,$95,$33,$3,$25,$115,$13,$-0,$13,$4,$9,$9,$9,$16,$13,$13,13,$0.69,$0.68,$143,$53,$10,$299,$56,$0,$55,$5,$117,$416,$80,$0,$7,$24,$105,$18,$341,$-1,$311,$416,$43,$12,$0,$13,$-7,$-6,$1,$2,$-4,$52,$-10,$0,$0,$0,$3,$3,$0,$-7,$-4,$0,$-4,$1,$1,$-5,$-0,$-9,$35,$4,$-5
25,2012-05-31,51.13,$23.49,2.18,$42.22,1.21,$4.47,11.43,$3.16,16.18,$0.30B,$0.09B,3.39,$0.00B,$0.30B,0.0,$0.54B,$0.15B,26.90%,$0.54B,$0.06B,11.69%,$0.54B,$0.06B,11.69%,$0.54B,$0.08B,13.91%,$0.54B,$0.06B,11.50%,$0.54B,$0.04B,7.61%,$0.04B,$0.30B,14.39%,$0.04B,$0.25B,18.02%,$0.04B,$0.42B,10.41%,$0.06B,$0.30B,21.91%,$172,$123,$49,$3,$18,$143,$29,$-0,$29,$10,$19,$19,$19,$32,$29,$13,13,$1.48,$1.47,$120,$62,$13,$300,$56,$0,$56,$5,$117,$417,$89,$1,$9,$26,$115,$18,$334,$-1,$302,$417,$35,$9,$-1,$8,$-20,$-15,$8,$3,$-17,$26,$-7,$0,$0,$0,$1,$1,$0,$-6,$-3,$0,$-3,$0,$0,$-3,$-0,$-7,$12,$3,$-3
26,2012-02-29,60.09,$22.42,2.68,$40.87,1.47,$4.85,12.39,$2.89,20.79,$0.27B,$0.08B,3.55,$0.00B,$0.29B,0.01,$0.52B,$0.14B,26.35%,$0.52B,$0.06B,10.96%,$0.52B,$0.06B,10.96%,$0.52B,$0.07B,13.27%,$0.52B,$0.06B,10.77%,$0.52B,$0.04B,7.12%,$0.04B,$0.29B,13.41%,$0.04B,$0.23B,16.95%,$0.04B,$0.39B,9.63%,$0.06B,$0.29B,20.39%,$132,$96,$36,$2,$15,$113,$19,$0,$19,$7,$13,$13,$13,$22,$19,$13,13,$1.01,$1.00,$105,$69,$14,$274,$57,$0,$57,$5,$120,$394,$77,$2,$8,$28,$105,$18,$316,$4,$288,$394,$16,$6,$1,$7,$0,$-20,$8,$-5,$-18,$5,$-5,$0,$0,$0,$2,$2,$0,$-3,$-2,$0,$-2,$0,$0,$-2,$-0,$-4,$-3,$2,$-2
27,2011-11-30,51.6,$21.34,2.42,$40.04,1.29,$4.79,10.76,$2.78,18.56,$0.26B,$0.08B,3.21,$0.00B,$0.27B,0.01,$0.51B,$0.14B,26.57%,$0.51B,$0.06B,10.83%,$0.51B,$0.06B,10.83%,$0.51B,$0.07B,13.19%,$0.51B,$0.05B,10.63%,$0.51B,$0.04B,6.89%,$0.04B,$0.27B,13.16%,$0.04B,$0.22B,16.79%,$0.04B,$0.38B,9.42%,$0.06B,$0.28B,20.31%,$119,$89,$30,$2,$16,$114,$5,$-1,$4,$2,$3,$3,$3,$8,$5,$13,13,$0.23,$0.23,$109,$58,$12,$264,$57,$0,$58,$5,$120,$384,$82,$3,$8,$28,$110,$18,$305,$2,$274,$384,$3,$3,$-2,$1,$0,$-10,$9,$-2,$1,$6,$-3,$0,$0,$0,$0,$0,$0,$-2,$-1,$0,$-1,$0,$0,$-1,$-0,$-3,$1,$1,$-1
28,2011-08-31,56.65,$21.75,2.6,$37.75,1.5,$4.57,12.39,$2.89,19.6,$0.26B,$0.08B,3.25,$0.00B,$0.28B,0.02,$0.48B,$0.13B,26.99%,$0.48B,$0.06B,11.92%,$0.48B,$0.06B,11.92%,$0.48B,$0.07B,14.44%,$0.48B,$0.06B,11.92%,$0.48B,$0.04B,7.53%,$0.04B,$0.28B,14.05%,$0.04B,$0.22B,18.07%,$0.04B,$0.38B,10.08%,$0.06B,$0.28B,21.76%,$116,$86,$30,$2,$18,$106,$10,$0,$10,$4,$6,$6,$6,$13,$10,$13,13,$0.47,$0.47,$108,$50,$12,$258,$58,$0,$60,$5,$123,$381,$79,$4,$3,$26,$105,$18,$303,$6,$276,$381,$37,$12,$1,$12,$-12,$-2,$5,$5,$-6,$43,$-8,$0,$-6,$0,$-1,$-1,$0,$-16,$-4,$0,$-4,$4,$4,$-4,$2,$-3,$25,$3,$-4
29,2011-05-31,60.91,$21.14,2.88,$35.53,1.71,$3.32,18.36,$2.91,20.93,$0.26B,$0.09B,2.96,$0.01B,$0.27B,0.02,$0.45B,$0.13B,27.84%,$0.45B,$0.06B,12.69%,$0.45B,$0.06B,12.69%,$0.45B,$0.07B,15.14%,$0.45B,$0.06B,12.69%,$0.45B,$0.04B,8.02%,$0.04B,$0.27B,14.71%,$0.04B,$0.21B,19.07%,$0.04B,$0.38B,10.50%,$0.06B,$0.27B,22.66%,$153,$112,$41,$3,$15,$130,$23,$0,$23,$8,$15,$15,$15,$26,$23,$13,13,$1.22,$1.20,$101,$53,$12,$260,$57,$0,$56,$4,$118,$378,$88,$5,$2,$24,$112,$18,$298,$6,$266,$378,$31,$9,$0,$9,$-21,$-5,$15,$-1,$-11,$28,$-5,$0,$-1,$0,$-1,$-1,$0,$-8,$-3,$1,$-2,$1,$1,$-3,$0,$-4,$17,$2,$-3
30,2011-02-28,63.93,$19.78,3.23,$31.39,2.04,$2.41,26.53,$2.21,28.93,$0.22B,$0.07B,3.22,$0.01B,$0.25B,0.03,$0.40B,$0.11B,27.53%,$0.40B,$0.04B,11.11%,$0.40B,$0.04B,11.11%,$0.40B,$0.06B,13.89%,$0.40B,$0.04B,11.11%,$0.40B,$0.03B,6.82%,$0.03B,$0.25B,11.54%,$0.03B,$0.19B,15.04%,$0.03B,$0.34B,8.26%,$0.04B,$0.26B,18.18%,$120,$86,$34,$3,$14,$103,$17,$-0,$17,$6,$11,$11,$11,$20,$17,$13,13,$0.90,$0.89,$78,$55,$10,$224,$58,$0,$56,$5,$119,$343,$70,$6,$2,$25,$95,$18,$284,$4,$248,$343,$16,$6,$1,$7,$-10,$-8,$11,$-10,$-18,$4,$-4,$0,$-1,$0,$-1,$-1,$0,$-6,$-2,$0,$-2,$1,$1,$-2,$0,$-3,$-5,$2,$-2
31,2010-11-30,53.33,$18.73,2.85,$28.69,1.86,$3.21,16.61,$1.79,29.79,$0.21B,$0.06B,3.27,$0.01B,$0.24B,0.03,$0.36B,$0.10B,26.87%,$0.36B,$0.03B,9.42%,$0.36B,$0.03B,9.42%,$0.36B,$0.05B,12.47%,$0.36B,$0.03B,9.42%,$0.36B,$0.02B,6.09%,$0.02B,$0.24B,9.69%,$0.02B,$0.18B,12.68%,$0.02B,$0.33B,6.84%,$0.03B,$0.24B,14.33%,$89,$65,$24,$3,$14,$83,$7,$-0,$7,$2,$4,$4,$4,$10,$7,$13,13,$0.34,$0.34,$81,$53,$9,$208,$57,$0,$56,$5,$118,$326,$64,$8,$2,$27,$91,$18,$273,$2,$235,$326,$4,$3,$1,$4,$4,$-7,$7,$-9,$-6,$2,$-1,$0,$-1,$0,$-1,$-1,$0,$-3,$-1,$0,$-1,$-0,$-0,$-1,$1,$-2,$-3,$1,$-1
32,2010-08-31,33.2,$18.39,1.81,$28.49,1.17,$3.80,8.73,$1.98,16.77,$0.21B,$0.07B,3.1,$0.01B,$0.23B,0.04,$0.36B,$0.10B,27.65%,$0.36B,$0.04B,10.61%,$0.36B,$0.04B,10.61%,$0.36B,$0.05B,13.69%,$0.36B,$0.04B,10.61%,$0.36B,$0.03B,6.98%,$0.03B,$0.23B,11.25%,$0.03B,$0.17B,14.75%,$0.03B,$0.33B,7.81%,$0.04B,$0.24B,16.15%,$87,$61,$26,$2,$13,$77,$10,$-0,$10,$4,$6,$6,$6,$12,$10,$12,13,$0.48,$0.47,$83,$45,$9,$208,$58,$0,$55,$5,$117,$325,$67,$9,$3,$29,$96,$18,$270,$1,$230,$325,$25,$11,$1,$11,$-22,$1,$7,$-3,$-12,$24,$-5,$0,$-6,$0,$1,$1,$1,$-10,$-13,$0,$-13,$1,$1,$-4,$-1,$-16,$-3,$2,$-4
33,2010-05-31,30.62,$17.89,1.71,$27.45,1.12,$6.09,5.02,$1.67,18.33,$0.20B,$0.06B,3.17,$0.01B,$0.22B,0.04,$0.34B,$0.09B,26.45%,$0.34B,$0.03B,9.30%,$0.34B,$0.03B,9.30%,$0.34B,$0.04B,12.50%,$0.34B,$0.03B,9.01%,$0.34B,$0.02B,6.10%,$0.02B,$0.22B,9.69%,$0.02B,$0.17B,12.77%,$0.02B,$0.31B,6.65%,$0.03B,$0.23B,13.76%,$100,$75,$25,$2,$13,$90,$10,$-0,$10,$3,$6,$6,$6,$13,$10,$12,13,$0.50,$0.50,$84,$47,$9,$202,$56,$0,$50,$6,$112,$314,$64,$10,$2,$27,$91,$18,$265,$0,$223,$314,$19,$8,$0,$8,$-16,$-2,$10,$-7,$-12,$15,$-3,$0,$-0,$0,$1,$1,$0,$-3,$-12,$0,$-11,$1,$1,$-3,$0,$-13,$-2,$2,$-3
34,2010-02-28,32.84,$17.62,1.86,$26.32,1.25,$6.65,4.94,$1.59,20.65,$0.21B,$0.07B,3.11,$0.02B,$0.22B,0.07,$0.33B,$0.09B,26.44%,$0.33B,$0.03B,9.12%,$0.33B,$0.03B,9.12%,$0.33B,$0.04B,12.16%,$0.33B,$0.03B,8.81%,$0.33B,$0.02B,6.08%,$0.02B,$0.22B,9.42%,$0.02B,$0.17B,12.56%,$0.02B,$0.32B,6.38%,$0.03B,$0.24B,13.00%,$85,$63,$22,$2,$14,$78,$7,$-0,$7,$1,$6,$6,$6,$10,$7,$12,13,$0.48,$0.48,$92,$47,$8,$206,$57,$0,$52,$6,$115,$321,$66,$16,$3,$35,$101,$18,$260,$3,$220,$321,$13,$5,$-1,$4,$-11,$-2,$11,$-6,$-6,$11,$-1,$0,$-0,$0,$1,$1,$0,$-1,$-3,$0,$-3,$1,$1,$-2,$0,$-4,$6,$1,$-2
35,2009-11-30,31.18,$17.44,1.79,$24.79,1.26,$5.30,5.88,$1.13,27.59,$0.20B,$0.06B,3.12,$0.02B,$0.22B,0.08,$0.31B,$0.08B,25.24%,$0.31B,$0.02B,7.44%,$0.31B,$0.02B,7.44%,$0.31B,$0.03B,10.36%,$0.31B,$0.02B,7.12%,$0.31B,$0.01B,4.53%,$0.01B,$0.22B,6.80%,$0.01B,$0.16B,9.17%,$0.01B,$0.32B,4.56%,$0.02B,$0.23B,10.19%,$86,$60,$26,$2,$13,$75,$11,$-0,$11,$4,$7,$7,$7,$14,$11,$12,13,$0.54,$0.53,$92,$44,$7,$201,$60,$0,$54,$6,$119,$320,$64,$18,$5,$39,$104,$18,$255,$6,$216,$320,$7,$3,$0,$3,$-8,$2,$6,$-5,$0,$10,$-1,$0,$-0,$0,$0,$0,$0,$-1,$-2,$0,$-2,$-1,$-1,$-1,$0,$-3,$6,$1,$-1
36,2009-08-31,36.71,$16.79,2.19,$26.99,1.36,$3.16,11.6,$1.11,33.07,$0.19B,$0.06B,3.2,$0.02B,$0.21B,0.09,$0.34B,$0.08B,24.11%,$0.34B,$0.02B,7.14%,$0.34B,$0.02B,7.14%,$0.34B,$0.03B,9.52%,$0.34B,$0.02B,6.25%,$0.34B,$0.01B,3.87%,$0.01B,$0.21B,6.49%,$0.01B,$0.15B,8.83%,$0.01B,$0.31B,4.26%,$0.02B,$0.23B,10.82%,$73,$56,$18,$1,$13,$70,$4,$-0,$3,$1,$2,$2,$2,$6,$4,$12,12,$0.16,$0.17,$86,$46,$8,$190,$60,$0,$53,$5,$118,$308,$59,$19,$5,$41,$100,$18,$250,$3,$208,$308,$14,$10,$1,$11,$44,$8,$-12,$-5,$31,$57,$-10,$0,$-3,$0,$1,$1,$0,$-13,$-8,$0,$-8,$1,$1,$-4,$0,$-10,$35,$2,$-4
37,2009-05-31,28.07,$16.62,1.69,$33.05,0.85,$0.73,38.46,$1.84,15.26,$0.19B,$0.06B,3.41,$0.02B,$0.21B,0.1,$0.41B,$0.10B,24.39%,$0.41B,$0.04B,9.51%,$0.41B,$0.04B,9.51%,$0.41B,$0.05B,11.71%,$0.41B,$0.04B,9.02%,$0.41B,$0.02B,5.37%,$0.02B,$0.21B,11.15%,$0.02B,$0.15B,15.28%,$0.02B,$0.30B,7.10%,$0.04B,$0.23B,17.69%,$85,$64,$21,$1,$12,$77,$8,$0,$8,$3,$5,$5,$5,$10,$8,$12,12,$0.43,$0.42,$63,$54,$6,$189,$57,$0,$52,$5,$115,$304,$56,$21,$6,$44,$100,$18,$249,$2,$205,$304,$12,$8,$-0,$8,$29,$-2,$-13,$-7,$4,$24,$-6,$0,$0,$0,$1,$1,$0,$-5,$-5,$-0,$-5,$1,$1,$-3,$0,$-7,$12,$2,$-3
38,2009-02-28,21.27,$15.74,1.35,$37.90,0.56,$-1.92,0.0,$2.57,8.28,$0.18B,$0.06B,3.1,$0.02B,$0.19B,0.12,$0.47B,$0.12B,24.73%,$0.47B,$0.05B,10.87%,$0.47B,$0.05B,10.87%,$0.47B,$0.06B,13.01%,$0.47B,$0.05B,10.45%,$0.47B,$0.03B,6.61%,$0.03B,$0.19B,16.15%,$0.03B,$0.14B,22.50%,$0.03B,$0.30B,10.03%,$0.05B,$0.22B,23.53%,$65,$52,$13,$2,$12,$66,$-0,$-0,$-0,$-1,$0,$0,$0,$2,$-0,$12,12,$0.01,$0.01,$41,$67,$9,$183,$57,$0,$52,$5,$114,$297,$59,$23,$4,$44,$103,$18,$244,$-4,$194,$297,$6,$5,$1,$6,$25,$-17,$-6,$-12,$-15,$-2,$-5,$0,$0,$0,$1,$1,$0,$-4,$-3,$1,$-2,$0,$0,$-2,$0,$-3,$-10,$1,$-2
39,2008-11-30,33.94,$15.78,2.15,$41.50,0.82,$-2.78,0.0,$3.35,10.13,$0.20B,$0.07B,2.72,$0.02B,$0.19B,0.12,$0.51B,$0.13B,25.98%,$0.51B,$0.07B,13.09%,$0.51B,$0.07B,13.09%,$0.51B,$0.08B,15.04%,$0.51B,$0.07B,12.70%,$0.51B,$0.04B,8.01%,$0.04B,$0.19B,22.37%,$0.04B,$0.14B,32.09%,$0.04B,$0.31B,13.32%,$0.07B,$0.22B,31.38%,$113,$84,$29,$2,$15,$101,$12,$-2,$10,$3,$6,$6,$6,$14,$12,$12,12,$0.52,$0.51,$28,$72,$7,$199,$56,$0,$53,$5,$113,$312,$73,$24,$4,$45,$119,$18,$245,$-3,$194,$312,$6,$3,$1,$3,$2,$-23,$2,$-6,$-26,$-16,$-2,$0,$0,$0,$1,$1,$0,$-1,$-2,$-2,$-3,$0,$0,$-1,$0,$-4,$-22,$0,$-1
40,2008-08-31,71.19,$16.04,4.44,$38.65,1.84,$-2.90,0.0,$3.20,22.25,$0.21B,$0.08B,2.49,$0.03B,$0.20B,0.13,$0.48B,$0.12B,25.89%,$0.48B,$0.06B,13.05%,$0.48B,$0.06B,13.05%,$0.48B,$0.07B,15.16%,$0.48B,$0.06B,13.05%,$0.48B,$0.04B,8.21%,$0.04B,$0.20B,22.74%,$0.04B,$0.14B,33.12%,$0.04B,$0.33B,13.29%,$0.06B,$0.22B,30.47%,$147,$110,$37,$2,$16,$128,$19,$-1,$19,$8,$11,$11,$11,$22,$19,$12,12,$0.93,$0.90,$51,$53,$8,$208,$58,$0,$55,$5,$118,$326,$83,$26,$4,$47,$130,$18,$240,$5,$196,$326,$39,$9,$3,$12,$-37,$-8,$12,$9,$-21,$31,$-14,$0,$-21,$28,$1,$29,$0,$-6,$-5,$0,$-5,$7,$7,$-3,$7,$5,$30,$4,$-3
41,2008-05-31,91.1,$15.18,6.0,$32.85,2.77,$-4.60,0.0,$2.62,34.77,$0.18B,$0.07B,2.65,$0.03B,$0.18B,0.15,$0.40B,$0.10B,25.87%,$0.40B,$0.05B,12.19%,$0.40B,$0.05B,12.19%,$0.40B,$0.06B,14.43%,$0.40B,$0.05B,12.19%,$0.40B,$0.03B,7.96%,$0.03B,$0.18B,20.29%,$0.03B,$0.13B,29.91%,$0.03B,$0.30B,11.74%,$0.05B,$0.21B,25.62%,$144,$106,$37,$2,$15,$123,$20,$-0,$20,$6,$14,$14,$14,$23,$20,$12,12,$1.18,$1.15,$19,$61,$12,$182,$57,$0,$57,$6,$119,$301,$69,$27,$6,$49,$118,$18,$230,$6,$184,$301,$28,$7,$2,$9,$-31,$-15,$6,$2,$-41,$-4,$-11,$0,$-21,$28,$0,$28,$0,$-4,$-5,$0,$-5,$5,$5,$-3,$8,$5,$-2,$2,$-3
42,2008-02-29,68.12,$13.40,5.09,$28.97,2.35,$-4.33,0.0,$2.09,32.6,$0.18B,$0.07B,2.56,$0.04B,$0.16B,0.28,$0.35B,$0.09B,25.93%,$0.35B,$0.04B,11.68%,$0.35B,$0.04B,11.68%,$0.35B,$0.05B,13.96%,$0.35B,$0.04B,11.68%,$0.35B,$0.03B,7.12%,$0.03B,$0.16B,17.18%,$0.03B,$0.10B,25.19%,$0.03B,$0.29B,9.76%,$0.04B,$0.20B,22.71%,$108,$78,$30,$1,$13,$93,$16,$-0,$16,$6,$10,$10,$10,$18,$16,$12,12,$0.82,$0.79,$25,$61,$10,$175,$55,$0,$57,$6,$117,$292,$68,$44,$6,$65,$133,$18,$216,$5,$159,$292,$14,$4,$1,$6,$-23,$-15,$5,$1,$-30,$-10,$-7,$0,$-21,$27,$0,$27,$0,$-1,$12,$0,$12,$1,$1,$-2,$2,$13,$3,$1,$-2
43,2007-11-30,45.76,$12.50,3.66,$25.46,1.8,$-4.72,0.0,$1.51,30.31,$0.16B,$0.06B,2.76,$0.03B,$0.15B,0.21,$0.31B,$0.08B,24.43%,$0.31B,$0.03B,9.45%,$0.31B,$0.03B,9.45%,$0.31B,$0.04B,11.73%,$0.31B,$0.03B,9.45%,$0.31B,$0.02B,5.86%,$0.02B,$0.15B,13.11%,$0.02B,$0.10B,18.90%,$0.02B,$0.26B,7.55%,$0.03B,$0.18B,17.06%,$76,$57,$19,$2,$11,$69,$7,$-0,$7,$2,$4,$4,$4,$9,$7,$12,12,$0.37,$0.36,$26,$55,$8,$155,$47,$0,$47,$6,$100,$255,$56,$30,$6,$51,$107,$18,$207,$5,$147,$255,$4,$2,$1,$3,$-12,$-12,$4,$-4,$-22,$-15,$-4,$0,$-4,$19,$0,$19,$0,$11,$-2,$0,$-2,$0,$0,$-1,$0,$-2,$-4,$1,$-1
44,2007-08-31,34.95,$12.01,2.91,$23.60,1.48,$-4.22,0.0,$1.30,26.88,$0.15B,$0.05B,2.96,$0.03B,$0.14B,0.23,$0.28B,$0.07B,24.03%,$0.28B,$0.03B,8.83%,$0.28B,$0.03B,8.83%,$0.28B,$0.03B,10.95%,$0.28B,$0.03B,8.83%,$0.28B,$0.02B,5.65%,$0.02B,$0.14B,12.17%,$0.02B,$0.10B,17.20%,$0.02B,$0.24B,7.13%,$0.03B,$0.17B,15.38%,$74,$55,$18,$2,$11,$68,$6,$0,$6,$2,$4,$4,$4,$8,$6,$12,12,$0.33,$0.33,$49,$41,$7,$150,$44,$0,$43,$5,$92,$242,$51,$32,$4,$51,$101,$18,$205,$3,$141,$242,$16,$7,$-0,$7,$-3,$-11,$4,$-2,$-12,$10,$-14,$0,$-17,$-12,$0,$-12,$0,$-43,$8,$0,$8,$3,$3,$-3,$1,$9,$-22,$2,$-3
45,2007-05-31,29.51,$11.58,2.55,$22.28,1.32,$-2.91,0.0,$1.24,23.8,$0.15B,$0.05B,2.85,$0.03B,$0.14B,0.25,$0.27B,$0.06B,24.06%,$0.27B,$0.02B,9.02%,$0.27B,$0.02B,9.02%,$0.27B,$0.03B,10.90%,$0.27B,$0.02B,9.02%,$0.27B,$0.02B,5.64%,$0.02B,$0.14B,11.86%,$0.02B,$0.10B,16.53%,$0.02B,$0.24B,7.08%,$0.02B,$0.17B,15.38%,$93,$69,$24,$1,$12,$82,$12,$0,$12,$4,$7,$7,$7,$14,$12,$12,12,$0.64,$0.62,$40,$45,$7,$154,$38,$0,$38,$5,$82,$236,$54,$33,$1,$47,$101,$18,$202,$3,$135,$236,$12,$5,$2,$7,$-12,$-15,$5,$-2,$-23,$-4,$-7,$0,$-17,$-2,$0,$-2,$0,$-26,$10,$0,$10,$2,$2,$-2,$-0,$9,$-21,$2,$-2
46,2007-02-28,29.43,$10.82,2.72,$20.90,1.41,$-2.02,0.0,$1.17,25.16,$0.14B,$0.05B,3.0,$0.04B,$0.13B,0.28,$0.25B,$0.06B,22.98%,$0.25B,$0.02B,8.06%,$0.25B,$0.02B,8.06%,$0.25B,$0.02B,9.68%,$0.25B,$0.02B,8.47%,$0.25B,$0.01B,5.65%,$0.01B,$0.13B,11.45%,$0.01B,$0.09B,14.62%,$0.01B,$0.22B,7.33%,$0.02B,$0.16B,13.94%,$64,$49,$14,$1,$10,$60,$4,$-0,$4,$1,$3,$3,$3,$5,$4,$12,12,$0.22,$0.21,$31,$45,$6,$140,$37,$0,$39,$5,$81,$221,$47,$35,$1,$48,$95,$18,$195,$1,$126,$221,$4,$3,$2,$5,$-9,$-15,$4,$-4,$-27,$-17,$-4,$0,$-17,$-1,$0,$-1,$0,$-22,$12,$0,$12,$1,$1,$-2,$-0,$12,$-28,$1,$-2
47,2006-11-30,29.36,$10.64,2.76,$20.26,1.45,$-0.45,0.0,$1.11,26.45,$0.13B,$0.04B,2.95,$0.03B,$0.12B,0.2,$0.24B,$0.05B,22.18%,$0.24B,$0.02B,7.53%,$0.24B,$0.02B,7.53%,$0.24B,$0.02B,9.21%,$0.24B,$0.02B,8.37%,$0.24B,$0.01B,5.44%,$0.01B,$0.12B,10.95%,$0.01B,$0.09B,12.78%,$0.01B,$0.20B,7.55%,$0.02B,$0.15B,13.71%,$52,$39,$12,$1,$9,$49,$3,$0,$3,$1,$2,$2,$2,$4,$3,$12,12,$0.15,$0.15,$41,$35,$5,$127,$27,$4,$32,$7,$70,$198,$43,$25,$1,$31,$74,$18,$193,$2,$124,$198,$2,$2,$1,$2,$-8,$-8,$3,$-2,$-16,$-12,$-1,$0,$0,$-10,$0,$-10,$0,$-11,$-1,$0,$-1,$1,$1,$-1,$0,$-0,$-24,$0,$-1
