,Date,Stock Price,Book Value per Share,Price to Book Ratio,TTM Sales per Share,Price to Sales Ratio,TTM FCF per Share,Price to FCF Ratio,TTM Net EPS,PE Ratio,Current Assets,Current Liabilities,Current Ratio,Long Term Debt,Shareholder's Equity_x,Debt to Equity Ratio,TTM Revenue_x,TTM Gross Profit,Gross Margin,TTM Revenue_y,TTM Operating Income,Operating Margin,TTM Revenue_x,TTM EBIT,EBIT Margin,TTM Revenue_y,TTM EBITDA,EBITDA Margin,TTM Revenue_x,TTM Pre-Tax Income,Pre-Tax Margin,TTM Revenue_y,TTM Net Income_x,Net Margin,TTM Net Income_y,Shareholder's Equity_y,Return on Equity,TTM Net Income_x,Tangible Equity,Return on Tangible Equity,TTM Net Income_y,Total Assets,Return on Assets,TTM Net Income,LT Investments & Debt,Return on Investment,revenue,cost-goods-sold,gross-profit,research-development-expenses,selling-general-administrative-expenses,operating-expenses,operating-income,total-non-operating-income-expense,pre-tax-income,total-provision-income-taxes,income-after-taxes,income-from-continuous-operations,net-income,ebitda,ebit,basic-shares-outstanding,shares-outstanding,eps-basic-net-earnings-per-share,eps-earnings-per-share-diluted,cash-on-hand,inventory,other-current-assets,total-current-assets,net-property-plant-equipment,long-term-investments,goodwill-intangible-assets-total,other-long-term-assets,total-long-term-assets,total-assets,total-current-liabilities,long-term-debt,other-non-current-liabilities,total-long-term-liabilities,total-liabilities,common-stock-net,retained-earnings-accumulated-deficit,comprehensive-income,total-share-holder-equity,total-liabilities-share-holders-equity,net-income-loss,total-depreciation-amortization-cash-flow,other-non-cash-items,total-non-cash-items,change-in-accounts-receivable,change-in-inventories,change-in-accounts-payable,change-in-assets-liabilities,total-change-in-assets-liabilities,cash-flow-from-operating-activities,net-change-in-property-plant-equipment,net-change-in-intangible-assets,net-acquisitions-divestitures,net-change-in-short-term-investments,net-change-in-long-term-investments,net-change-in-investments-total,investing-activities-other,cash-flow-from-investing-activities,net-long-term-debt,net-current-debt,debt-issuance-retirement-net-total,net-common-equity-issued-repurchased,net-total-equity-issued-repurchased,total-common-preferred-stock-dividends-paid,financial-activities-other,cash-flow-from-financial-activities,net-cash-flow,stock-based-compensation,common-stock-dividends-paid
0,2018-06-30,41.99,$19.47,2.16,$15.13,2.78,$-7.41,0.0,$2.09,20.09,$0.81B,$1.26B,0.64,$5.13B,$4.35B,1.18,$3.50B,$2.43B,69.47%,$3.50B,$0.67B,19.17%,$3.50B,$0.67B,19.17%,$3.50B,$1.18B,33.71%,$3.50B,$0.55B,15.82%,$3.50B,$0.48B,13.85%,$0.48B,$4.55B,10.93%,$0.48B,$4.55B,10.93%,$0.48B,$14.62B,3.39%,$0.67B,$9.68B,7.62%,$929,$239,$690,$0,$304,$673,$256,$-36,$220,$12,$208,$208,$206,$278,$256,$235,235,$0.87,$0.87,$5,$200,$186,$806,$11696,$421,$0,$1607,$13809,$14615,$1257,$5128,$1684,$8807,$10064,$2,$2413,$0,$4551,$14615,$226,$247,$5,$252,$-508,$0,$-34,$-2,$-544,$-65,$-733,$0,$0,$0,$0,$0,$555,$-179,$497,$-208,$289,$100,$100,$-155,$-13,$222,$-22,$0,$-155
1,2018-03-31,40.23,$19.14,2.1,$14.95,2.69,$-6.07,0.0,$2.07,19.43,$0.73B,$2.07B,0.35,$4.06B,$4.23B,0.96,$3.44B,$2.40B,69.72%,$3.44B,$0.67B,19.54%,$3.44B,$0.67B,19.54%,$3.44B,$1.17B,33.94%,$3.44B,$0.55B,16.09%,$3.44B,$0.48B,13.88%,$0.48B,$4.43B,10.98%,$0.48B,$4.43B,10.98%,$0.48B,$14.24B,3.40%,$0.67B,$8.49B,7.90%,$816,$236,$580,$0,$302,$665,$151,$-35,$117,$14,$103,$103,$100,$286,$151,$232,232,$0.43,$0.43,$19,$203,$161,$726,$11440,$415,$0,$1589,$13516,$14242,$2074,$4057,$1680,$7737,$9810,$2,$2389,$-1,$4432,$14242,$124,$120,$18,$138,$-148,$28,$-60,$7,$-172,$89,$-356,$0,$0,$0,$0,$0,$270,$-85,$0,$62,$62,$0,$0,$-78,$6,$-10,$-6,$0,$-78
2,2017-12-31,41.59,$18.94,2.2,$14.75,2.82,$-5.68,0.0,$1.99,20.9,$0.91B,$2.15B,0.42,$4.01B,$4.18B,0.96,$3.38B,$2.35B,69.57%,$3.38B,$0.65B,19.34%,$3.38B,$0.65B,19.34%,$3.38B,$1.14B,33.62%,$3.38B,$0.53B,15.76%,$3.38B,$0.46B,13.51%,$0.46B,$4.38B,10.70%,$0.46B,$4.38B,10.70%,$0.46B,$14.19B,3.29%,$0.65B,$8.39B,7.69%,$916,$314,$602,$0,$316,$751,$166,$-25,$140,$17,$124,$124,$121,$262,$166,$231,231,$0.52,$0.52,$28,$222,$172,$905,$11235,$396,$0,$1582,$13283,$14188,$2149,$4011,$1664,$7657,$9806,$2,$2346,$-1,$4382,$14188,$468,$484,$188,$671,$21,$0,$0,$-176,$-155,$983,$-1467,$0,$0,$0,$0,$0,$-29,$-1496,$545,$171,$717,$150,$150,$-288,$-45,$533,$20,$0,$-288
3,2017-09-30,40.28,$18.83,2.14,$14.53,2.77,$-5.06,0.0,$1.86,21.66,$0.75B,$1.47B,0.51,$4.26B,$4.15B,1.02,$3.32B,$2.30B,69.30%,$3.32B,$0.63B,19.05%,$3.32B,$0.63B,19.05%,$3.32B,$1.07B,32.29%,$3.32B,$0.51B,15.44%,$3.32B,$0.43B,12.82%,$0.43B,$4.35B,10.17%,$0.43B,$4.35B,10.17%,$0.43B,$14.12B,3.12%,$0.63B,$8.61B,7.45%,$856,$279,$577,$0,$337,$735,$121,$-23,$98,$2,$96,$96,$94,$352,$121,$230,230,$0.41,$0.41,$9,$221,$186,$752,$10931,$459,$0,$1952,$13363,$14115,$1470,$4255,$780,$8291,$9761,$2,$2325,$-0,$4354,$14115,$371,$343,$197,$539,$164,$0,$0,$-191,$-27,$883,$-1049,$0,$0,$0,$0,$0,$-23,$-1072,$0,$281,$281,$143,$143,$-216,$-19,$190,$1,$0,$-216
4,2017-06-30,38.63,$18.40,2.1,$14.67,2.63,$-4.92,0.0,$1.70,22.72,$0.82B,$1.21B,0.67,$4.35B,$4.05B,1.08,$3.34B,$2.30B,68.84%,$3.34B,$0.56B,16.88%,$3.34B,$0.56B,16.88%,$3.34B,$0.99B,29.57%,$3.34B,$0.45B,13.59%,$3.34B,$0.39B,11.52%,$0.39B,$4.25B,9.35%,$0.39B,$4.25B,9.35%,$0.39B,$13.74B,2.87%,$0.56B,$8.61B,6.78%,$907,$238,$669,$0,$317,$675,$232,$-34,$198,$26,$171,$171,$169,$269,$232,$231,231,$0.73,$0.73,$7,$202,$181,$815,$10608,$355,$0,$1948,$12929,$13743,$1208,$4354,$767,$8285,$9493,$2,$2229,$-0,$4250,$13743,$200,$222,$100,$322,$-305,$0,$-1,$-89,$-394,$128,$-608,$0,$0,$0,$0,$0,$356,$-252,$-2,$165,$162,$137,$137,$-143,$-33,$124,$-1,$0,$-143
5,2017-03-31,37.79,$17.98,2.1,$14.65,2.58,$-2.74,0.0,$1.66,22.76,$0.75B,$1.17B,0.64,$4.32B,$3.90B,1.11,$3.33B,$2.28B,68.39%,$3.33B,$0.54B,16.18%,$3.33B,$0.54B,16.18%,$3.33B,$0.95B,28.52%,$3.33B,$0.44B,13.24%,$3.33B,$0.38B,11.26%,$0.38B,$4.10B,9.25%,$0.38B,$4.10B,9.25%,$0.38B,$13.47B,2.85%,$0.54B,$8.41B,6.69%,$765,$213,$553,$0,$284,$612,$154,$-36,$118,$21,$97,$97,$94,$254,$154,$229,229,$0.41,$0.41,$8,$188,$129,$750,$10449,$347,$0,$1905,$12715,$13465,$1165,$4316,$779,$8203,$9368,$2,$2206,$-0,$4097,$13465,$103,$107,$48,$155,$-143,$25,$-41,$20,$-139,$119,$-292,$0,$0,$0,$0,$0,$204,$-87,$0,$59,$59,$0,$0,$-72,$-17,$-30,$2,$0,$-72
6,2016-12-31,35.84,$17.84,2.01,$14.62,2.45,$-2.03,0.0,$1.65,21.79,$0.88B,$1.16B,0.76,$4.32B,$3.86B,1.12,$3.32B,$2.27B,68.41%,$3.32B,$0.54B,16.20%,$3.32B,$0.54B,16.20%,$3.32B,$0.94B,28.43%,$3.32B,$0.44B,13.37%,$3.32B,$0.37B,11.20%,$0.37B,$4.06B,9.26%,$0.37B,$4.06B,9.26%,$0.37B,$13.37B,2.88%,$0.54B,$8.38B,6.87%,$854,$300,$554,$0,$300,$707,$147,$-28,$119,$18,$102,$102,$100,$198,$147,$228,228,$0.44,$0.44,$8,$222,$153,$877,$10279,$338,$0,$1857,$12497,$13374,$1162,$4316,$774,$8150,$9312,$2,$2177,$-0,$4062,$13374,$382,$407,$221,$627,$-105,$0,$0,$-44,$-150,$860,$-1197,$0,$0,$0,$0,$0,$10,$-1187,$487,$84,$571,$27,$27,$-267,$-2,$329,$2,$0,$-267
7,2016-09-30,35.95,$17.84,2.02,$14.40,2.5,$-0.65,0.0,$1.52,23.73,$0.96B,$1.37B,0.7,$3.82B,$3.86B,0.99,$3.26B,$2.24B,68.69%,$3.26B,$0.52B,15.84%,$3.26B,$0.52B,15.84%,$3.26B,$0.94B,28.77%,$3.26B,$0.42B,12.71%,$3.26B,$0.34B,10.51%,$0.34B,$4.06B,8.61%,$0.34B,$4.06B,8.61%,$0.34B,$13.03B,2.70%,$0.52B,$7.88B,6.81%,$797,$270,$527,$0,$325,$697,$100,$-22,$78,$12,$66,$66,$63,$267,$100,$227,227,$0.27,$0.27,$85,$220,$162,$958,$9920,$330,$0,$1812,$12071,$13029,$1370,$3817,$798,$7600,$8970,$2,$2181,$-0,$4059,$13029,$317,$309,$191,$500,$-105,$0,$0,$-57,$-162,$654,$-787,$0,$0,$0,$0,$0,$15,$-772,$300,$79,$379,$20,$20,$-200,$-2,$197,$79,$0,$-200
8,2016-06-30,36.98,$17.55,2.11,$14.30,2.59,$0.62,60.13,$1.74,21.25,$0.70B,$1.37B,0.51,$3.59B,$3.79B,0.95,$3.24B,$2.22B,68.44%,$3.24B,$0.59B,18.22%,$3.24B,$0.59B,18.22%,$3.24B,$1.01B,31.10%,$3.24B,$0.49B,15.01%,$3.24B,$0.40B,12.20%,$0.40B,$3.99B,9.98%,$0.40B,$3.99B,9.98%,$0.40B,$12.69B,3.14%,$0.59B,$7.58B,7.79%,$925,$258,$666,$0,$313,$762,$163,$-24,$139,$8,$131,$131,$128,$231,$163,$227,227,$0.57,$0.57,$7,$209,$170,$702,$9846,$304,$0,$1822,$11983,$12685,$1373,$3588,$807,$7322,$8695,$2,$2116,$-0,$3990,$12685,$186,$205,$17,$222,$74,$0,$0,$-17,$103,$510,$-491,$0,$0,$0,$0,$0,$-10,$-501,$0,$128,$128,$14,$14,$-133,$-17,$-9,$1,$0,$-133
9,2016-03-31,34.31,$17.46,1.97,$14.15,2.43,$0.89,38.55,$1.67,20.54,$0.77B,$1.35B,0.57,$3.52B,$3.77B,0.94,$3.20B,$2.20B,68.59%,$3.20B,$0.57B,17.81%,$3.20B,$0.57B,17.81%,$3.20B,$0.99B,30.78%,$3.20B,$0.46B,14.50%,$3.20B,$0.38B,11.84%,$0.38B,$3.97B,9.68%,$0.38B,$3.97B,9.68%,$0.38B,$12.54B,3.04%,$0.57B,$7.49B,7.53%,$755,$224,$531,$0,$300,$626,$129,$-24,$105,$18,$87,$87,$84,$248,$129,$227,227,$0.37,$0.37,$5,$197,$176,$769,$9627,$324,$0,$1806,$11767,$12535,$1349,$3523,$828,$7222,$8570,$1,$2099,$-0,$3965,$12535,$99,$103,$26,$128,$9,$27,$-31,$-4,$1,$228,$-239,$0,$0,$0,$0,$0,$19,$-220,$0,$54,$54,$0,$0,$-67,$4,$-9,$-1,$0,$-67
10,2015-12-31,28.57,$17.29,1.65,$14.46,1.98,$1.25,22.89,$1.68,17.01,$0.83B,$1.36B,0.61,$3.52B,$3.72B,0.95,$3.25B,$2.20B,67.57%,$3.25B,$0.58B,17.74%,$3.25B,$0.58B,17.74%,$3.25B,$0.99B,30.43%,$3.25B,$0.46B,14.20%,$3.25B,$0.38B,11.65%,$0.38B,$3.92B,9.79%,$0.38B,$3.92B,9.79%,$0.38B,$12.50B,3.07%,$0.58B,$7.45B,7.64%,$844,$296,$548,$0,$299,$698,$146,$-24,$122,$22,$100,$100,$97,$193,$146,$227,227,$0.43,$0.43,$6,$224,$200,$827,$9519,$346,$0,$1788,$11668,$12495,$1359,$3522,$857,$7212,$8571,$2,$2069,$-0,$3924,$12495,$388,$414,$197,$611,$20,$0,$0,$-148,$-128,$871,$-894,$0,$0,$0,$0,$0,$-25,$-919,$68,$19,$86,$151,$151,$-247,$7,$-3,$-51,$0,$-247
11,2015-09-30,26.52,$17.41,1.52,$14.81,1.79,$1.59,16.69,$1.80,14.73,$1.09B,$0.99B,1.1,$3.86B,$3.75B,1.03,$3.32B,$2.21B,66.69%,$3.32B,$0.59B,17.76%,$3.32B,$0.59B,17.76%,$3.32B,$1.04B,31.41%,$3.32B,$0.47B,14.29%,$3.32B,$0.41B,12.21%,$0.41B,$3.95B,10.65%,$0.41B,$3.95B,10.65%,$0.41B,$12.56B,3.31%,$0.59B,$7.80B,7.86%,$740,$244,$497,$0,$316,$661,$79,$-31,$49,$11,$38,$38,$34,$335,$79,$225,225,$0.16,$0.16,$139,$212,$310,$1088,$9367,$353,$0,$1716,$11471,$12559,$991,$3856,$887,$7622,$8613,$1,$2097,$-1,$3946,$12559,$352,$300,$173,$473,$-9,$0,$0,$-120,$-129,$695,$-541,$0,$0,$0,$0,$0,$-72,$-613,$69,$-32,$37,$145,$145,$-185,$3,$0,$82,$0,$-185
12,2015-06-30,25.93,$16.87,1.54,$14.64,1.77,$1.70,15.23,$1.70,15.3,$1.04B,$0.99B,1.05,$3.72B,$3.62B,1.03,$3.26B,$2.16B,66.33%,$3.26B,$0.55B,16.80%,$3.26B,$0.55B,16.80%,$3.26B,$1.00B,30.63%,$3.26B,$0.43B,13.31%,$3.26B,$0.38B,11.59%,$0.38B,$3.82B,10.15%,$0.38B,$3.82B,10.15%,$0.38B,$12.31B,3.15%,$0.55B,$7.54B,7.66%,$899,$259,$640,$0,$304,$663,$236,$-26,$210,$28,$183,$183,$180,$209,$236,$226,226,$0.79,$0.79,$55,$185,$507,$1044,$9174,$350,$0,$1707,$11268,$12312,$992,$3717,$915,$7499,$8491,$1,$1979,$-1,$3822,$12312,$169,$201,$95,$295,$112,$44,$0,$-103,$53,$517,$-436,$0,$0,$0,$0,$0,$-34,$-470,$-151,$91,$-61,$140,$140,$-123,$-5,$-49,$-2,$0,$-123
13,2015-03-31,28.06,$16.81,1.67,$14.86,1.89,$1.72,16.29,$1.68,16.75,$0.91B,$1.02B,0.89,$3.61B,$3.60B,1.0,$3.29B,$2.14B,65.09%,$3.29B,$0.54B,16.45%,$3.29B,$0.54B,16.45%,$3.29B,$0.99B,30.02%,$3.29B,$0.43B,13.02%,$3.29B,$0.37B,11.29%,$0.37B,$3.80B,10.18%,$0.37B,$3.80B,10.18%,$0.37B,$12.08B,3.16%,$0.54B,$7.41B,7.90%,$717,$207,$510,$0,$301,$608,$109,$-26,$83,$11,$71,$71,$68,$253,$109,$226,226,$0.30,$0.30,$98,$167,$287,$913,$9050,$344,$0,$1731,$11166,$12080,$1023,$3607,$866,$7258,$8281,$1,$1974,$-1,$3799,$12080,$99,$100,$30,$130,$59,$50,$-33,$10,$86,$315,$-246,$0,$0,$0,$0,$0,$-5,$-251,$0,$-100,$-100,$122,$122,$-61,$15,$-23,$41,$0,$-61
14,2014-12-31,29.35,$16.41,1.79,$15.12,1.94,$1.96,15.0,$1.73,17.01,$1.04B,$1.22B,0.86,$3.58B,$3.44B,1.04,$3.35B,$2.15B,64.03%,$3.35B,$0.54B,16.21%,$3.35B,$0.54B,16.21%,$3.35B,$0.99B,29.43%,$3.35B,$0.44B,13.13%,$3.35B,$0.38B,11.43%,$0.38B,$3.64B,10.68%,$0.38B,$3.64B,10.68%,$0.38B,$12.06B,3.32%,$0.54B,$7.23B,8.18%,$897,$347,$551,$0,$298,$745,$153,$-33,$120,$21,$99,$99,$97,$245,$153,$222,222,$0.44,$0.44,$57,$224,$185,$1043,$8938,$345,$0,$1716,$11020,$12064,$1215,$3584,$881,$7208,$8423,$1,$1938,$-1,$3641,$12064,$393,$442,$169,$611,$42,$0,$0,$-154,$-113,$892,$-839,$0,$0,$0,$0,$0,$-79,$-918,$454,$-138,$316,$0,$0,$-226,$-17,$73,$47,$0,$-226
15,2014-09-30,24.28,$16.39,1.48,$15.25,1.59,$1.72,14.15,$1.75,13.87,$0.96B,$1.74B,0.55,$2.80B,$3.44B,0.81,$3.38B,$2.14B,63.30%,$3.38B,$0.56B,16.60%,$3.38B,$0.56B,16.60%,$3.38B,$0.95B,28.23%,$3.38B,$0.46B,13.67%,$3.38B,$0.39B,11.51%,$0.39B,$3.64B,10.96%,$0.39B,$3.64B,10.96%,$0.39B,$11.59B,3.44%,$0.56B,$6.44B,8.70%,$804,$293,$511,$0,$320,$713,$91,$-31,$61,$-2,$63,$63,$60,$292,$91,$222,222,$0.28,$0.28,$11,$204,$414,$962,$8764,$343,$0,$1470,$10632,$11594,$1742,$2800,$924,$6215,$7957,$1,$1935,$-0,$3637,$11594,$331,$288,$177,$466,$96,$0,$0,$-129,$-33,$764,$-587,$0,$0,$0,$0,$0,$-53,$-640,$-45,$74,$30,$0,$0,$-169,$17,$-122,$1,$0,$-169
16,2014-06-30,26.43,$15.95,1.66,$15.35,1.72,$1.45,18.17,$1.77,14.93,$1.01B,$1.73B,0.58,$2.83B,$3.34B,0.85,$3.40B,$2.14B,62.77%,$3.40B,$0.57B,16.66%,$3.40B,$0.57B,16.66%,$3.40B,$0.97B,28.36%,$3.40B,$0.47B,13.84%,$3.40B,$0.39B,11.58%,$0.39B,$3.54B,11.24%,$0.39B,$3.54B,11.24%,$0.39B,$11.39B,3.53%,$0.57B,$6.37B,8.75%,$843,$253,$591,$0,$299,$648,$195,$-25,$170,$12,$158,$158,$153,$199,$195,$222,222,$0.69,$0.69,$16,$173,$417,$1010,$8566,$339,$0,$1404,$10377,$11387,$1733,$2830,$892,$6114,$7848,$1,$1838,$-0,$3539,$11387,$175,$191,$101,$292,$29,$0,$36,$-83,$-19,$448,$-365,$0,$0,$0,$0,$0,$-5,$-369,$-1,$29,$28,$0,$0,$-113,$12,$-73,$6,$0,$-113
17,2014-03-31,24.46,$15.92,1.54,$15.21,1.61,$1.45,16.91,$1.79,13.7,$0.94B,$1.38B,0.68,$2.98B,$3.33B,0.89,$3.37B,$2.11B,62.71%,$3.37B,$0.57B,16.82%,$3.37B,$0.57B,16.82%,$3.37B,$0.97B,28.83%,$3.37B,$0.47B,14.00%,$3.37B,$0.40B,11.78%,$0.40B,$3.53B,11.47%,$0.40B,$3.53B,11.47%,$0.40B,$11.12B,3.60%,$0.57B,$6.51B,8.71%,$750,$259,$491,$0,$292,$647,$103,$-26,$78,$13,$65,$65,$62,$250,$103,$222,222,$0.28,$0.28,$15,$151,$352,$936,$8426,$333,$0,$1353,$10181,$11117,$1384,$2981,$874,$6199,$7584,$1,$1832,$-0,$3533,$11117,$111,$96,$42,$137,$-10,$29,$25,$1,$46,$294,$-173,$0,$0,$0,$0,$0,$-4,$-177,$0,$-58,$-58,$0,$0,$-57,$3,$-112,$5,$0,$-57
18,2013-12-31,22.0,$15.70,1.4,$14.79,1.49,$1.04,21.09,$1.62,13.62,$1.01B,$1.43B,0.71,$2.98B,$3.28B,0.91,$3.28B,$2.06B,62.78%,$3.28B,$0.53B,16.29%,$3.28B,$0.53B,16.29%,$3.28B,$0.95B,28.83%,$3.28B,$0.44B,13.30%,$3.28B,$0.36B,10.95%,$0.36B,$3.48B,10.51%,$0.36B,$3.48B,10.51%,$0.36B,$11.11B,3.28%,$0.53B,$6.46B,8.21%,$953,$401,$552,$0,$303,$799,$154,$-23,$131,$21,$111,$111,$108,$213,$154,$222,222,$0.49,$0.49,$10,$212,$180,$1011,$8327,$330,$0,$1359,$10101,$11112,$1433,$2978,$899,$6196,$7629,$1,$1781,$-0,$3483,$11112,$376,$411,$178,$589,$-150,$0,$0,$-84,$-234,$731,$-732,$0,$0,$0,$0,$0,$-23,$-755,$249,$12,$260,$0,$-11,$-208,$-29,$12,$-11,$0,$-208
19,2013-09-30,20.75,$15.63,1.33,$14.42,1.44,$0.21,97.06,$1.63,12.73,$0.88B,$1.05B,0.84,$3.11B,$3.27B,0.95,$3.20B,$2.09B,65.46%,$3.20B,$0.53B,16.49%,$3.20B,$0.53B,16.49%,$3.20B,$0.93B,29.16%,$3.20B,$0.43B,13.58%,$3.20B,$0.36B,11.30%,$0.36B,$3.47B,10.68%,$0.36B,$3.47B,10.68%,$0.36B,$10.98B,3.33%,$0.53B,$6.57B,8.10%,$833,$327,$505,$0,$303,$724,$109,$-26,$83,$14,$69,$69,$66,$303,$109,$222,222,$0.30,$0.30,$18,$221,$244,$880,$7685,$325,$0,$1992,$10101,$10981,$1053,$3105,$935,$6460,$7513,$1,$1767,$-1,$3469,$10981,$308,$307,$147,$454,$-3,$0,$0,$-116,$-119,$643,$-524,$0,$0,$0,$0,$0,$11,$-513,$-1,$35,$34,$0,$-11,$-165,$9,$-133,$-4,$0,$-156
20,2013-06-30,20.75,$15.15,1.37,$14.51,1.43,$0.52,39.52,$1.60,12.97,$0.89B,$1.07B,0.83,$3.14B,$3.16B,0.99,$3.22B,$2.07B,64.28%,$3.22B,$0.54B,16.79%,$3.22B,$0.54B,16.79%,$3.22B,$0.94B,29.22%,$3.22B,$0.45B,13.89%,$3.22B,$0.35B,11.00%,$0.35B,$3.36B,10.63%,$0.35B,$3.36B,10.63%,$0.35B,$10.89B,3.32%,$0.54B,$6.50B,8.46%,$867,$278,$588,$0,$295,$665,$201,$-22,$179,$18,$162,$162,$158,$206,$201,$222,222,$0.71,$0.71,$12,$191,$273,$893,$8027,$321,$0,$1534,$9994,$10888,$1073,$3141,$961,$6453,$7525,$1,$1662,$-1,$3362,$10888,$148,$205,$70,$275,$-11,$0,$53,$-42,$0,$423,$-342,$0,$0,$0,$0,$0,$19,$-322,$0,$11,$11,$0,$-11,$-111,$0,$-111,$-10,$0,$-104
21,2013-03-31,20.28,$15.09,1.34,$14.39,1.41,$0.23,87.57,$1.61,12.64,$0.87B,$1.04B,0.84,$3.12B,$3.15B,0.99,$3.19B,$2.03B,63.69%,$3.19B,$0.55B,17.12%,$3.19B,$0.55B,17.12%,$3.19B,$0.94B,29.38%,$3.19B,$0.45B,14.24%,$3.19B,$0.36B,11.13%,$0.36B,$3.35B,10.83%,$0.36B,$3.35B,10.83%,$0.36B,$10.73B,3.40%,$0.55B,$6.47B,8.75%,$718,$249,$469,$0,$273,$615,$103,$-24,$79,$11,$68,$68,$65,$223,$103,$222,222,$0.30,$0.30,$53,$174,$231,$870,$7914,$322,$0,$1519,$9864,$10734,$1038,$3122,$965,$6348,$7386,$1,$1648,$-1,$3348,$10734,$80,$102,$17,$119,$-43,$29,$2,$12,$-1,$199,$-167,$0,$0,$0,$0,$0,$48,$-120,$0,$11,$11,$0,$-11,$-56,$9,$-47,$32,$0,$-52
22,2012-12-31,17.39,$15.05,1.16,$13.97,1.24,$0.51,34.11,$1.45,11.99,$0.99B,$1.02B,0.98,$3.14B,$3.14B,1.0,$3.10B,$1.89B,61.16%,$3.10B,$0.52B,16.83%,$3.10B,$0.52B,16.83%,$3.10B,$0.91B,29.31%,$3.10B,$0.43B,13.89%,$3.10B,$0.32B,10.34%,$0.32B,$3.34B,9.91%,$0.32B,$3.34B,9.91%,$0.32B,$10.79B,3.15%,$0.52B,$6.48B,8.56%,$860,$364,$496,$0,$282,$739,$121,$-26,$95,$12,$83,$83,$70,$200,$121,$222,222,$0.32,$0.32,$21,$204,$254,$994,$7838,$319,$0,$1529,$9791,$10786,$1020,$3137,$989,$6424,$7444,$1,$1631,$-1,$3342,$10786,$336,$388,$193,$580,$51,$0,$0,$-126,$-75,$841,$-1026,$0,$0,$0,$0,$0,$-130,$-1156,$384,$165,$548,$0,$0,$-215,$-9,$324,$10,$0,$-199
23,2012-09-30,16.84,$14.70,1.15,$14.02,1.2,$1.77,9.52,$1.40,12.07,$1.03B,$0.95B,1.09,$2.83B,$3.12B,0.91,$3.11B,$1.80B,58.10%,$3.11B,$0.53B,16.91%,$3.11B,$0.53B,16.91%,$3.11B,$0.91B,29.28%,$3.11B,$0.43B,13.91%,$3.11B,$0.31B,9.95%,$0.31B,$3.26B,9.71%,$0.31B,$3.26B,9.71%,$0.31B,$10.25B,3.13%,$0.53B,$6.09B,8.85%,$751,$212,$539,$0,$352,$649,$102,$-21,$81,$6,$75,$75,$68,$311,$102,$222,222,$0.31,$0.31,$41,$209,$240,$1029,$7385,$314,$0,$1426,$9222,$10251,$946,$2828,$1007,$6043,$6988,$1,$1612,$-1,$3263,$10251,$263,$289,$163,$452,$-34,$0,$0,$-81,$-115,$600,$-413,$0,$0,$0,$0,$0,$-105,$-518,$75,$18,$93,$0,$0,$-162,$16,$-53,$30,$0,$-150
24,2012-06-30,17.36,$14.24,1.22,$13.94,1.24,$1.52,11.41,$1.27,13.72,$0.92B,$0.96B,0.96,$2.75B,$3.02B,0.91,$3.09B,$1.80B,58.16%,$3.09B,$0.52B,16.84%,$3.09B,$0.52B,16.84%,$3.09B,$0.90B,29.24%,$3.09B,$0.42B,13.73%,$3.09B,$0.28B,9.07%,$0.28B,$3.16B,8.88%,$0.28B,$3.16B,8.88%,$0.28B,$9.93B,2.89%,$0.52B,$5.91B,8.85%,$888,$323,$564,$0,$267,$674,$214,$-21,$192,$39,$153,$153,$151,$203,$214,$222,222,$0.68,$0.68,$31,$206,$270,$920,$7248,$308,$0,$1381,$9014,$9934,$957,$2753,$957,$5816,$6773,$1,$1511,$-1,$3161,$9934,$109,$192,$72,$264,$27,$0,$29,$-90,$-34,$339,$-322,$0,$0,$0,$0,$0,$1,$-322,$0,$110,$110,$0,$0,$-108,$-0,$2,$19,$0,$-100
25,2012-03-31,16.18,$14.17,1.14,$14.05,1.15,$2.03,7.98,$1.20,13.54,$0.78B,$0.77B,1.01,$2.73B,$3.00B,0.91,$3.11B,$1.79B,57.67%,$3.11B,$0.48B,15.49%,$3.11B,$0.48B,15.49%,$3.11B,$0.87B,27.87%,$3.11B,$0.38B,12.25%,$3.11B,$0.27B,8.52%,$0.27B,$3.14B,8.46%,$0.27B,$3.14B,8.46%,$0.27B,$9.63B,2.78%,$0.48B,$5.87B,8.25%,$690,$258,$432,$0,$243,$582,$109,$-23,$86,$17,$69,$69,$66,$193,$109,$222,222,$0.30,$0.30,$31,$200,$331,$781,$7081,$304,$0,$1380,$8848,$9628,$773,$2728,$975,$5711,$6484,$1,$1495,$-1,$3144,$9628,$39,$98,$29,$127,$69,$30,$0,$-50,$49,$215,$-122,$0,$0,$0,$0,$0,$-13,$-135,$0,$-21,$-21,$0,$0,$-54,$14,$-60,$20,$0,$-50
26,2011-12-31,16.13,$14.36,1.12,$14.55,1.11,$1.75,9.21,$1.37,11.82,$0.87B,$0.86B,1.02,$2.70B,$3.02B,0.9,$3.22B,$1.91B,59.12%,$3.22B,$0.51B,15.92%,$3.22B,$0.51B,15.92%,$3.22B,$0.89B,27.75%,$3.22B,$0.41B,12.76%,$3.22B,$0.30B,9.44%,$0.30B,$3.16B,9.74%,$0.30B,$3.16B,9.74%,$0.30B,$9.69B,3.21%,$0.51B,$5.86B,8.81%,$766,$408,$358,$0,$180,$670,$96,$-25,$71,$28,$43,$43,$35,$202,$96,$221,221,$0.16,$0.16,$11,$218,$298,$871,$7033,$301,$0,$1391,$8817,$9688,$855,$2703,$1005,$5673,$6528,$1,$1510,$-1,$3160,$9688,$322,$380,$163,$543,$21,$0,$0,$-183,$-163,$703,$-608,$0,$0,$0,$0,$0,$-44,$-652,$0,$55,$56,$0,$-40,$-205,$-9,$-199,$-148,$0,$-188
27,2011-09-30,13.85,$14.18,0.98,$14.19,0.98,$2.01,6.89,$1.33,10.46,$0.95B,$0.77B,1.22,$2.70B,$3.00B,0.9,$3.14B,$1.80B,57.32%,$3.14B,$0.51B,16.27%,$3.14B,$0.51B,16.27%,$3.14B,$0.89B,28.25%,$3.14B,$0.41B,12.99%,$3.14B,$0.29B,9.36%,$0.29B,$3.15B,9.43%,$0.29B,$3.15B,9.43%,$0.29B,$9.48B,3.14%,$0.51B,$5.85B,8.78%,$761,$311,$450,$0,$263,$655,$106,$-23,$83,$15,$68,$68,$57,$305,$106,$221,221,$0.26,$0.26,$46,$205,$171,$947,$6938,$299,$0,$1204,$8534,$9481,$774,$2704,$998,$5558,$6333,$1,$1500,$-1,$3149,$9481,$261,$284,$39,$323,$0,$0,$26,$-95,$28,$613,$-480,$0,$0,$0,$0,$0,$-26,$-506,$0,$-25,$-25,$0,$-40,$-154,$-1,$-220,$-114,$0,$-141
28,2011-06-30,14.26,$13.85,1.03,$14.56,0.98,$1.90,7.5,$1.45,9.83,$0.88B,$0.76B,1.16,$2.70B,$2.93B,0.92,$3.22B,$1.85B,57.47%,$3.22B,$0.55B,17.04%,$3.22B,$0.55B,17.04%,$3.22B,$0.92B,28.50%,$3.22B,$0.44B,13.78%,$3.22B,$0.32B,9.97%,$0.32B,$3.07B,10.36%,$0.32B,$3.07B,10.36%,$0.32B,$9.30B,3.45%,$0.55B,$5.78B,9.46%,$871,$315,$556,$0,$266,$662,$209,$-25,$184,$43,$141,$141,$122,$167,$209,$221,221,$0.55,$0.55,$77,$185,$180,$878,$6866,$296,$0,$1139,$8423,$9301,$760,$2704,$984,$5467,$6227,$1,$1425,$-1,$3074,$9301,$135,$189,$58,$248,$83,$0,$0,$2,$84,$467,$-338,$0,$0,$0,$0,$0,$-3,$-341,$0,$-47,$-47,$0,$-40,$-103,$-17,$-208,$-82,$0,$-94
29,2011-03-31,13.36,$14.01,0.95,$14.70,0.91,$1.75,7.65,$1.44,9.31,$0.98B,$0.78B,1.25,$2.70B,$2.92B,0.93,$3.25B,$1.87B,57.48%,$3.25B,$0.58B,17.82%,$3.25B,$0.58B,17.82%,$3.25B,$0.93B,28.52%,$3.25B,$0.48B,14.68%,$3.25B,$0.32B,9.78%,$0.32B,$3.11B,10.35%,$0.32B,$3.11B,10.35%,$0.32B,$9.40B,3.44%,$0.58B,$5.81B,10.11%,$713,$283,$430,$0,$278,$642,$71,$-27,$43,$-11,$55,$55,$51,$220,$71,$221,221,$0.23,$0.23,$126,$170,$155,$977,$6823,$292,$0,$1177,$8424,$9401,$779,$2704,$979,$5514,$6293,$1,$1421,$-1,$3108,$9401,$80,$93,$41,$133,$10,$34,$0,$4,$48,$261,$-229,$0,$0,$0,$0,$0,$-4,$-233,$0,$-15,$-15,$0,$0,$-52,$6,$-61,$-33,$0,$-47
30,2010-12-31,12.34,$14.16,0.87,$14.76,0.84,$1.45,8.51,$1.30,9.49,$1.09B,$0.87B,1.26,$2.70B,$2.90B,0.93,$3.26B,$1.86B,56.97%,$3.26B,$0.56B,17.19%,$3.26B,$0.56B,17.19%,$3.26B,$0.90B,27.70%,$3.26B,$0.46B,14.07%,$3.26B,$0.29B,8.80%,$0.29B,$3.14B,9.46%,$0.29B,$3.14B,9.46%,$0.29B,$9.28B,3.13%,$0.56B,$5.84B,10.08%,$877,$408,$469,$0,$264,$750,$127,$-27,$101,$22,$78,$78,$74,$195,$127,$221,221,$0.33,$0.33,$159,$233,$191,$1093,$6731,$228,$0,$1094,$8190,$9283,$867,$2703,$835,$5277,$6144,$1,$1395,$-1,$3139,$9283,$306,$344,$262,$606,$81,$0,$0,$-72,$73,$985,$-833,$0,$0,$0,$0,$0,$-33,$-867,$192,$-143,$50,$0,$0,$-193,$9,$-134,$-16,$0,$-175
31,2010-09-30,11.93,$13.86,0.86,$15.55,0.77,$-1.47,0.0,$1.33,8.97,$1.17B,$0.69B,1.69,$2.70B,$2.89B,0.94,$3.44B,$2.01B,58.48%,$3.44B,$0.56B,16.24%,$3.44B,$0.56B,16.24%,$3.44B,$0.89B,25.98%,$3.44B,$0.45B,13.18%,$3.44B,$0.29B,8.55%,$0.29B,$3.07B,9.79%,$0.29B,$3.07B,9.79%,$0.29B,$9.23B,3.23%,$0.56B,$5.78B,10.22%,$679,$334,$345,$0,$169,$575,$104,$-24,$80,$26,$54,$54,$47,$336,$104,$221,221,$0.22,$0.22,$137,$240,$339,$1168,$6557,$287,$0,$1074,$8058,$9226,$692,$2704,$973,$5460,$6152,$1,$1391,$-2,$3074,$9226,$254,$253,$224,$477,$123,$0,$-12,$-73,$-36,$696,$-588,$0,$0,$0,$15,$15,$-34,$-607,$193,$-190,$3,$0,$0,$-145,$15,$-127,$-38,$0,$-131
32,2010-06-30,10.19,$13.38,0.76,$15.26,0.67,$-3.36,0.0,$0.46,22.4,$1.15B,$0.89B,1.29,$2.50B,$2.78B,0.9,$3.37B,$1.94B,57.49%,$3.37B,$0.47B,13.95%,$3.37B,$0.47B,13.95%,$3.37B,$0.80B,23.69%,$3.37B,$0.17B,5.11%,$3.37B,$0.10B,3.00%,$0.10B,$2.97B,3.40%,$0.10B,$2.97B,3.40%,$0.10B,$9.04B,1.13%,$0.47B,$5.47B,8.89%,$952,$345,$607,$0,$285,$705,$247,$-27,$220,$64,$156,$156,$149,$177,$247,$221,221,$0.68,$0.68,$171,$217,$373,$1154,$6424,$286,$0,$1035,$7890,$9044,$894,$2504,$1017,$5185,$6079,$1,$1286,$-2,$2965,$9044,$101,$164,$54,$218,$185,$0,$0,$-24,$161,$479,$-385,$0,$0,$0,$0,$0,$-11,$-396,$199,$-190,$9,$0,$0,$-97,$-0,$-88,$-4,$0,$-87
33,2010-03-31,10.43,$13.36,0.78,$15.26,0.68,$-4.50,0.0,$0.37,28.2,$1.27B,$1.26B,1.01,$2.21B,$2.78B,0.79,$3.37B,$1.94B,57.57%,$3.37B,$0.43B,12.80%,$3.37B,$0.43B,12.80%,$3.37B,$0.76B,22.60%,$3.37B,$0.14B,4.28%,$3.37B,$0.08B,2.43%,$0.08B,$2.96B,2.74%,$0.08B,$2.96B,2.74%,$0.08B,$9.08B,0.93%,$0.43B,$5.17B,8.46%,$742,$294,$447,$0,$281,$641,$101,$-25,$76,$23,$53,$53,$48,$197,$101,$221,221,$0.22,$0.22,$140,$191,$422,$1265,$6328,$286,$0,$1042,$7811,$9075,$1256,$2205,$1035,$4860,$6115,$1,$1282,$-1,$2960,$9075,$48,$88,$26,$113,$23,$26,$-37,$-2,$28,$189,$-223,$0,$0,$0,$0,$0,$-10,$-232,$-100,$160,$60,$0,$0,$-48,$-4,$8,$-35,$0,$-44
34,2009-12-31,9.26,$13.64,0.68,$15.53,0.6,$-4.48,0.0,$0.51,18.33,$1.39B,$1.08B,1.29,$2.41B,$2.78B,0.87,$3.43B,$1.91B,55.63%,$3.43B,$0.40B,11.55%,$3.43B,$0.40B,11.55%,$3.43B,$0.71B,20.83%,$3.43B,$0.12B,3.47%,$3.43B,$0.11B,3.27%,$0.11B,$3.02B,3.72%,$0.11B,$3.02B,3.72%,$0.11B,$9.04B,1.30%,$0.40B,$5.42B,7.96%,$890,$430,$460,$0,$277,$781,$109,$-26,$83,$35,$48,$48,$43,$184,$109,$221,221,$0.20,$0.20,$175,$239,$474,$1390,$6193,$282,$0,$999,$7646,$9036,$1077,$2405,$1028,$4941,$6018,$1,$1282,$-1,$3019,$9036,$130,$318,$412,$730,$49,$0,$0,$-235,$-202,$657,$-1150,$0,$0,$0,$0,$0,$1,$-1149,$422,$104,$526,$0,$0,$-184,$-22,$320,$-172,$0,$-166
35,2009-09-30,8.28,$13.31,0.62,$15.61,0.53,$-4.53,0.0,$0.49,16.91,$1.23B,$0.99B,1.24,$2.16B,$2.76B,0.78,$3.44B,$1.87B,54.41%,$3.44B,$0.38B,11.15%,$3.44B,$0.38B,11.15%,$3.44B,$0.69B,20.03%,$3.44B,$0.12B,3.51%,$3.44B,$0.11B,3.16%,$0.11B,$2.95B,3.61%,$0.11B,$2.95B,3.61%,$0.11B,$8.76B,1.30%,$0.38B,$5.10B,7.96%,$853,$357,$496,$0,$322,$752,$101,$-27,$74,$17,$57,$57,$54,$241,$101,$221,221,$0.25,$0.25,$177,$245,$366,$1234,$5757,$275,$0,$1310,$7521,$8756,$993,$2156,$1000,$4817,$5810,$1,$1270,$-1,$2946,$8756,$71,$235,$338,$573,$175,$25,$-57,$-104,$-53,$591,$-900,$0,$0,$0,$34,$34,$-17,$-883,$173,$84,$257,$0,$0,$-138,$4,$123,$-170,$0,$-124
36,2009-06-30,7.55,$13.69,0.55,$16.05,0.47,$-4.05,0.0,$1.18,6.4,$1.14B,$1.15B,0.99,$1.65B,$2.85B,0.58,$3.54B,$1.96B,55.25%,$3.54B,$0.42B,11.75%,$3.54B,$0.42B,11.75%,$3.54B,$0.71B,20.03%,$3.54B,$0.36B,10.25%,$3.54B,$0.26B,7.40%,$0.26B,$3.03B,8.59%,$0.26B,$3.03B,8.59%,$0.26B,$8.34B,3.27%,$0.42B,$4.68B,9.00%,$884,$350,$534,$0,$305,$725,$159,$-221,$-61,$-22,$-39,$-39,$-44,$139,$159,$221,221,$-0.20,$-0.20,$246,$216,$333,$1138,$5541,$267,$0,$1202,$7197,$8335,$1147,$1648,$874,$4159,$5305,$1,$1355,$-1,$3030,$8335,$111,$153,$66,$219,$243,$42,$-60,$-52,$110,$440,$-598,$0,$0,$0,$29,$29,$-20,$-588,$-1,$151,$151,$0,$0,$-92,$-11,$48,$-101,$0,$-83
37,2009-03-31,6.91,$13.75,0.5,$16.44,0.42,$-4.17,0.0,$1.33,5.21,$1.23B,$1.05B,1.17,$1.65B,$2.86B,0.58,$3.63B,$1.97B,54.22%,$3.63B,$0.44B,12.02%,$3.63B,$0.44B,12.02%,$3.63B,$0.73B,19.99%,$3.63B,$0.38B,10.54%,$3.63B,$0.29B,8.11%,$0.29B,$3.04B,9.67%,$0.29B,$3.04B,9.67%,$0.29B,$8.24B,3.78%,$0.44B,$4.69B,9.58%,$741,$292,$449,$0,$321,$678,$62,$-14,$48,$14,$34,$34,$29,$150,$62,$221,221,$0.13,$0.13,$284,$181,$339,$1231,$5573,$263,$0,$962,$7009,$8239,$1053,$1649,$900,$4145,$5197,$1,$1367,$-2,$3042,$8239,$77,$76,$40,$115,$123,$57,$-38,$-17,$75,$268,$-296,$0,$0,$0,$4,$4,$-19,$-311,$0,$27,$27,$0,$0,$-46,$-1,$-19,$-63,$0,$-41
38,2008-12-31,7.96,$13.90,0.57,$16.63,0.48,$-4.23,0.0,$1.31,6.1,$1.45B,$1.04B,1.39,$1.75B,$2.83B,0.62,$3.67B,$2.02B,55.07%,$3.67B,$0.49B,13.28%,$3.67B,$0.49B,13.28%,$3.67B,$0.77B,21.10%,$3.67B,$0.44B,11.91%,$3.67B,$0.29B,7.88%,$0.29B,$3.07B,9.57%,$0.29B,$3.07B,9.57%,$0.29B,$8.20B,3.84%,$0.49B,$4.82B,10.89%,$950,$522,$428,$0,$290,$876,$74,$-15,$58,$-19,$77,$77,$73,$160,$74,$220,221,$0.33,$0.33,$347,$243,$416,$1446,$5001,$256,$0,$1285,$6756,$8202,$1038,$1748,$861,$4094,$5132,$1,$1336,$-1,$3069,$8202,$307,$286,$142,$428,$-215,$-5,$20,$-79,$-397,$338,$-842,$0,$0,$0,$0,$0,$-24,$-866,$346,$-25,$321,$0,$0,$-173,$-18,$129,$-399,$0,$-154
39,2008-09-30,8.58,$13.84,0.62,$16.56,0.52,$2.35,3.65,$1.96,4.39,$1.12B,$1.05B,1.07,$1.26B,$2.81B,0.45,$3.67B,$2.00B,54.41%,$3.67B,$0.52B,14.20%,$3.67B,$0.52B,14.20%,$3.67B,$0.81B,22.18%,$3.67B,$0.70B,19.05%,$3.67B,$0.43B,11.74%,$0.43B,$3.06B,14.44%,$0.43B,$3.06B,14.44%,$0.43B,$7.30B,5.93%,$0.52B,$4.31B,11.98%,$869,$406,$463,$0,$315,$780,$89,$-14,$76,$21,$55,$55,$51,$260,$89,$220,221,$0.23,$0.23,$379,$242,$267,$1119,$4777,$252,$0,$846,$6178,$7297,$1050,$1255,$872,$3190,$4240,$1,$1324,$0,$3057,$7297,$251,$216,$33,$249,$24,$-13,$45,$-62,$-85,$415,$-619,$0,$0,$0,$14,$14,$-4,$-609,$-3,$-43,$-47,$0,$0,$-130,$3,$-173,$-366,$0,$-116
40,2008-06-30,8.93,$13.53,0.66,$16.20,0.55,$3.96,2.26,$2.01,4.46,$1.38B,$1.08B,1.28,$1.40B,$2.75B,0.51,$3.60B,$1.91B,53.10%,$3.60B,$0.53B,14.85%,$3.60B,$0.53B,14.85%,$3.60B,$0.84B,23.21%,$3.60B,$0.70B,19.43%,$3.60B,$0.44B,12.29%,$0.44B,$2.99B,15.20%,$0.44B,$2.99B,15.20%,$0.44B,$7.40B,6.16%,$0.53B,$4.39B,12.25%,$980,$364,$616,$0,$368,$790,$191,$-9,$181,$68,$114,$114,$109,$155,$191,$220,221,$0.49,$0.49,$574,$176,$334,$1376,$4992,$250,$0,$479,$6028,$7404,$1076,$1403,$878,$3340,$4415,$1,$1254,$3,$2989,$7404,$138,$147,$-5,$141,$30,$33,$35,$-27,$-20,$260,$-444,$0,$0,$0,$8,$8,$13,$-423,$0,$96,$96,$0,$0,$-87,$-18,$-8,$-172,$0,$-77
41,2008-03-31,8.96,$13.42,0.67,$15.75,0.57,$5.61,1.6,$1.95,4.61,$1.40B,$0.90B,1.55,$1.40B,$2.72B,0.52,$3.52B,$1.84B,52.42%,$3.52B,$0.55B,15.61%,$3.52B,$0.55B,15.61%,$3.52B,$0.86B,24.32%,$3.52B,$0.71B,20.14%,$3.52B,$0.43B,12.23%,$0.43B,$2.96B,15.11%,$0.43B,$2.96B,15.11%,$0.43B,$7.19B,6.13%,$0.55B,$4.37B,12.85%,$827,$368,$459,$0,$316,$745,$82,$-15,$67,$11,$57,$57,$61,$199,$82,$220,221,$0.28,$0.28,$632,$143,$283,$1402,$4439,$240,$0,$811,$5787,$7189,$903,$1404,$877,$3322,$4226,$1,$1232,$1,$2964,$7189,$73,$73,$16,$89,$-123,$58,$-10,$21,$-70,$92,$-133,$0,$0,$0,$15,$15,$2,$-116,$0,$-45,$-45,$0,$0,$-43,$0,$-89,$-113,$0,$-39
42,2007-12-31,10.22,$13.25,0.77,$15.20,0.67,$6.35,1.61,$1.91,5.35,$1.47B,$0.94B,1.57,$1.41B,$2.68B,0.52,$3.44B,$1.78B,51.85%,$3.44B,$0.55B,15.86%,$3.44B,$0.55B,15.86%,$3.44B,$0.86B,24.88%,$3.44B,$0.70B,20.34%,$3.44B,$0.43B,12.39%,$0.43B,$2.93B,15.17%,$0.43B,$2.93B,15.17%,$0.43B,$7.19B,6.18%,$0.55B,$4.33B,12.96%,$992,$510,$482,$0,$295,$867,$125,$-12,$113,$40,$73,$73,$68,$200,$125,$220,221,$0.31,$0.31,$746,$208,$310,$1472,$4680,$238,$0,$492,$5717,$7190,$937,$1405,$890,$3328,$4265,$1,$1205,$0,$2925,$7190,$444,$310,$-182,$128,$5,$-7,$32,$-42,$36,$608,$359,$0,$0,$-24,$0,$-24,$-6,$329,$27,$-68,$-41,$-263,$-263,$-162,$8,$-457,$480,$0,$-143
43,2007-09-30,9.47,$12.49,0.76,$14.92,0.63,$5.47,1.73,$1.86,5.09,$0.85B,$0.75B,1.13,$1.59B,$2.51B,0.64,$3.41B,$1.78B,52.19%,$3.41B,$0.53B,15.47%,$3.41B,$0.53B,15.47%,$3.41B,$0.84B,24.60%,$3.41B,$0.67B,19.72%,$3.41B,$0.43B,12.50%,$0.43B,$2.76B,15.22%,$0.43B,$2.76B,15.22%,$0.43B,$6.93B,6.20%,$0.53B,$4.35B,12.62%,$871,$431,$440,$0,$252,$749,$123,$215,$338,$121,$217,$217,$193,$281,$123,$225,225,$0.87,$0.86,$108,$217,$251,$850,$4746,$235,$0,$864,$6077,$6927,$754,$1594,$838,$3417,$4172,$1,$1047,$-9,$2756,$6927,$232,$233,$26,$260,$-32,$-10,$-6,$-52,$-114,$378,$-226,$-24,$0,$0,$0,$0,$8,$-242,$78,$-19,$59,$-264,$-264,$-108,$19,$-294,$-158,$0,$-108
44,2007-06-30,9.44,$12.24,0.77,$14.62,0.65,$7.79,1.21,$1.66,5.7,$0.75B,$0.93B,0.81,$1.30B,$2.50B,0.52,$3.39B,$1.70B,50.24%,$3.39B,$0.49B,14.57%,$3.39B,$0.49B,14.57%,$3.39B,$0.80B,23.69%,$3.39B,$0.63B,18.55%,$3.39B,$0.39B,11.36%,$0.39B,$2.74B,13.79%,$0.39B,$2.74B,13.79%,$0.39B,$6.75B,5.60%,$0.49B,$4.04B,11.93%,$907,$378,$529,$0,$260,$704,$204,$-22,$181,$65,$116,$116,$120,$175,$204,$222,222,$0.54,$0.54,$125,$188,$277,$750,$4699,$233,$0,$837,$6001,$6752,$927,$1296,$829,$3085,$4012,$1,$963,$-9,$2740,$6752,$113,$156,$0,$156,$95,$2,$5,$7,$32,$301,$-117,$-24,$0,$0,$0,$0,$23,$-118,$-223,$166,$-57,$-203,$-203,$-73,$9,$-324,$-141,$0,$-73
45,2007-03-31,10.74,$12.34,0.87,$14.28,0.75,$9.75,1.1,$1.64,6.57,$0.79B,$0.84B,0.94,$1.30B,$2.56B,0.51,$3.34B,$1.68B,50.25%,$3.34B,$0.50B,14.82%,$3.34B,$0.50B,14.82%,$3.34B,$0.80B,23.97%,$3.34B,$0.63B,18.92%,$3.34B,$0.38B,11.40%,$0.38B,$2.81B,13.65%,$0.38B,$2.81B,13.65%,$0.38B,$6.72B,5.52%,$0.50B,$4.10B,11.83%,$746,$354,$392,$0,$229,$649,$97,$-21,$76,$31,$45,$45,$49,$199,$97,$226,226,$0.22,$0.22,$110,$132,$322,$790,$4621,$230,$0,$853,$5929,$6719,$842,$1296,$820,$3069,$3911,$1,$950,$-9,$2808,$6719,$64,$78,$3,$81,$12,$42,$-19,$-2,$23,$168,$-40,$-24,$0,$0,$0,$0,$18,$-45,$-62,$-64,$-126,$-120,$-120,$-37,$5,$-278,$-156,$0,$-37
46,2006-12-31,8.89,$12.47,0.71,$14.31,0.62,$11.50,0.77,$1.36,6.56,$1.63B,$1.15B,1.42,$1.32B,$2.65B,0.5,$3.36B,$1.66B,49.42%,$3.36B,$0.49B,14.71%,$3.36B,$0.49B,14.71%,$3.36B,$0.80B,23.85%,$3.36B,$0.54B,16.14%,$3.36B,$0.32B,9.38%,$0.32B,$2.90B,11.37%,$0.32B,$2.90B,11.37%,$0.32B,$7.08B,4.53%,$0.49B,$4.22B,11.62%,$913,$492,$421,$0,$234,$792,$121,$-17,$104,$39,$65,$65,$64,$183,$121,$231,232,$0.28,$0.28,$265,$178,$957,$1630,$4125,$228,$0,$872,$5454,$7084,$1147,$1323,$757,$3042,$4189,$1,$924,$-9,$2895,$7084,$316,$307,$77,$384,$46,$28,$-69,$-170,$-296,$403,$398,$0,$0,$55,$0,$55,$13,$466,$-583,$-17,$-600,$-56,$-56,$-134,$-30,$-819,$50,$0,$-134
