,Date,Stock Price,Book Value per Share,Price to Book Ratio,TTM Sales per Share,Price to Sales Ratio,TTM FCF per Share,Price to FCF Ratio,TTM Net EPS,PE Ratio,Current Assets,Current Liabilities,Current Ratio,Long Term Debt,Shareholder's Equity_x,Debt to Equity Ratio,TTM Revenue_x,TTM Gross Profit,Gross Margin,TTM Revenue_y,TTM Operating Income,Operating Margin,TTM Revenue_x,TTM EBIT,EBIT Margin,TTM Revenue_y,TTM EBITDA,EBITDA Margin,TTM Revenue_x,TTM Pre-Tax Income,Pre-Tax Margin,TTM Revenue_y,TTM Net Income_x,Net Margin,TTM Net Income_y,Shareholder's Equity_y,Return on Equity,TTM Net Income_x,Tangible Equity,Return on Tangible Equity,TTM Net Income_y,Total Assets,Return on Assets,TTM Net Income,LT Investments & Debt,Return on Investment,revenue,cost-goods-sold,gross-profit,research-development-expenses,selling-general-administrative-expenses,operating-expenses,operating-income,total-non-operating-income-expense,pre-tax-income,total-provision-income-taxes,income-after-taxes,income-from-continuous-operations,net-income,ebitda,ebit,basic-shares-outstanding,shares-outstanding,eps-basic-net-earnings-per-share,eps-earnings-per-share-diluted,cash-on-hand,inventory,other-current-assets,total-current-assets,net-property-plant-equipment,long-term-investments,goodwill-intangible-assets-total,other-long-term-assets,total-long-term-assets,total-assets,total-current-liabilities,long-term-debt,other-non-current-liabilities,total-long-term-liabilities,total-liabilities,common-stock-net,retained-earnings-accumulated-deficit,comprehensive-income,total-share-holder-equity,total-liabilities-share-holders-equity,net-income-loss,total-depreciation-amortization-cash-flow,other-non-cash-items,total-non-cash-items,change-in-accounts-receivable,change-in-inventories,change-in-accounts-payable,change-in-assets-liabilities,total-change-in-assets-liabilities,cash-flow-from-operating-activities,net-change-in-property-plant-equipment,net-change-in-intangible-assets,net-acquisitions-divestitures,net-change-in-short-term-investments,net-change-in-long-term-investments,net-change-in-investments-total,investing-activities-other,cash-flow-from-investing-activities,net-long-term-debt,net-current-debt,debt-issuance-retirement-net-total,net-common-equity-issued-repurchased,net-total-equity-issued-repurchased,total-common-preferred-stock-dividends-paid,financial-activities-other,cash-flow-from-financial-activities,net-cash-flow,stock-based-compensation,common-stock-dividends-paid
0,2018-09-30,6.4,$3.45,1.85,$0.81,7.89,$1.15,5.56,$0.47,13.62,$0.06B,$0.03B,2.2,$0.00B,$0.03B,0.0,$0.01B,$0.01B,100.00%,$0.01B,$0.00B,50.00%,$0.01B,$0.00B,50.00%,$0.01B,$0.00B,50.00%,$0.01B,$0.00B,50.00%,$0.01B,$0.00B,50.00%,$0.00B,$0.03B,15.84%,$0.00B,$0.03B,15.84%,$0.00B,$0.06B,7.73%,$0.00B,$0.03B,15.84%,$2,$0,$2,$0,$0,$1,$1,$0,$1,$-0,$1,$1,$1,$1,$1,$9,9,$0.13,$0.13,$2,$0,$0,$61,$0,$0,$0,$0,$0,$61,$28,$0,$0,$0,$28,$0,$1,$0,$33,$61,$3,$0,$0,$0,$-0,$0,$0,$0,$0,$3,$0,$0,$0,$0,$0,$0,$-13,$-13,$0,$5,$5,$10,$10,$-3,$-2,$10,$0,$0,$-3
1,2018-06-30,7.44,$2.87,2.6,$0.80,9.26,$1.13,6.6,$0.46,16.17,$0.05B,$0.03B,1.78,$0.00B,$0.02B,0.0,$0.01B,$0.01B,100.00%,$0.01B,$0.00B,50.00%,$0.01B,$0.00B,50.00%,$0.01B,$0.00B,50.00%,$0.01B,$0.00B,50.00%,$0.01B,$0.00B,50.00%,$0.00B,$0.02B,17.58%,$0.00B,$0.02B,17.58%,$0.00B,$0.05B,8.38%,$0.00B,$0.02B,17.58%,$2,$0,$2,$0,$0,$1,$1,$0,$1,$0,$1,$1,$1,$1,$1,$8,8,$0.12,$0.12,$0,$0,$0,$53,$0,$0,$0,$0,$0,$53,$29,$0,$0,$0,$29,$0,$1,$0,$23,$53,$2,$0,$0,$0,$-0,$0,$0,$0,$0,$2,$0,$0,$0,$0,$0,$0,$-7,$-7,$0,$7,$7,$0,$0,$-2,$-0,$5,$-0,$0,$-2
2,2018-03-31,6.73,$2.86,2.35,$0.77,8.74,$1.08,6.24,$0.44,15.3,$0.05B,$0.02B,1.98,$0.00B,$0.02B,0.0,$0.01B,$0.01B,100.00%,$0.01B,$0.00B,57.14%,$0.01B,$0.00B,57.14%,$0.01B,$0.00B,57.14%,$0.01B,$0.00B,57.14%,$0.01B,$0.00B,57.14%,$0.00B,$0.02B,17.58%,$0.00B,$0.02B,17.58%,$0.00B,$0.05B,8.89%,$0.00B,$0.02B,16.67%,$2,$0,$2,$0,$0,$1,$1,$0,$1,$0,$1,$1,$1,$1,$1,$8,8,$0.12,$0.12,$0,$0,$0,$47,$0,$0,$0,$0,$0,$47,$24,$0,$0,$0,$24,$0,$1,$0,$23,$47,$1,$0,$0,$0,$0,$0,$0,$0,$0,$1,$0,$0,$0,$0,$0,$0,$-1,$-1,$0,$1,$1,$0,$0,$-1,$0,$-0,$0,$0,$-1
3,2017-12-31,5.76,$2.74,2.1,$0.73,7.91,$1.04,5.51,$0.42,13.71,$0.05B,$0.02B,1.94,$0.00B,$0.02B,0.0,$0.01B,$0.01B,100.00%,$0.01B,$0.00B,66.67%,$0.01B,$0.00B,66.67%,$0.01B,$0.00B,66.67%,$0.01B,$0.00B,66.67%,$0.01B,$0.00B,66.67%,$0.00B,$0.02B,17.58%,$0.00B,$0.02B,17.58%,$0.00B,$0.05B,9.47%,$0.00B,$0.02B,15.84%,$2,$0,$2,$0,$0,$1,$1,$0,$1,$0,$1,$1,$1,$1,$1,$8,8,$0.10,$0.10,$0,$0,$0,$46,$0,$0,$0,$0,$0,$46,$24,$0,$0,$0,$24,$0,$-0,$0,$22,$46,$3,$0,$0,$0,$-0,$0,$0,$-0,$-0,$3,$-0,$0,$0,$0,$0,$0,$-10,$-10,$0,$10,$10,$-0,$-0,$-3,$-0,$7,$0,$0,$-3
4,2017-09-30,5.47,$2.85,1.92,$0.69,7.92,$1.02,5.36,$0.40,13.67,$0.05B,$0.02B,2.04,$0.00B,$0.02B,0.0,$0.01B,$0.01B,100.00%,$0.01B,$0.00B,80.00%,$0.01B,$0.00B,60.00%,$0.01B,$0.00B,80.00%,$0.01B,$0.00B,80.00%,$0.01B,$0.00B,80.00%,$0.00B,$0.02B,17.58%,$0.00B,$0.02B,17.58%,$0.00B,$0.05B,10.13%,$0.00B,$0.02B,15.84%,$2,$0,$2,$0,$0,$1,$1,$-0,$1,$-0,$1,$1,$1,$1,$1,$8,8,$0.12,$0.12,$0,$0,$0,$45,$0,$0,$0,$0,$0,$45,$22,$0,$0,$0,$22,$0,$0,$0,$23,$45,$3,$0,$0,$0,$-0,$0,$0,$0,$-0,$3,$-0,$0,$0,$0,$0,$0,$-10,$-10,$0,$10,$10,$-0,$-0,$-2,$-0,$7,$0,$0,$-2
5,2017-06-30,5.47,$2.83,1.93,$0.65,8.45,$1.00,5.49,$0.38,14.39,$0.04B,$0.01B,3.07,$0.01B,$0.02B,0.23,$0.00B,$0.00B,100.00%,$0.00B,$0.00B,100.00%,$0.00B,$0.00B,75.00%,$0.00B,$0.00B,100.00%,$0.00B,$0.00B,100.00%,$0.00B,$0.00B,100.00%,$0.00B,$0.02B,17.58%,$0.00B,$0.02B,17.58%,$0.00B,$0.04B,10.96%,$0.00B,$0.03B,15.09%,$1,$0,$1,$0,$0,$1,$1,$-0,$1,$0,$1,$1,$1,$1,$1,$8,8,$0.10,$0.10,$0,$0,$0,$42,$0,$0,$0,$0,$0,$42,$14,$5,$0,$5,$19,$0,$0,$0,$23,$42,$2,$0,$0,$0,$-0,$0,$0,$0,$-0,$2,$-0,$0,$0,$0,$0,$0,$-6,$-6,$0,$7,$7,$-0,$-0,$-2,$0,$5,$0,$0,$-2
6,2017-03-31,5.33,$2.84,1.88,$0.63,8.4,$1.01,5.3,$0.38,14.03,$0.03B,$0.01B,3.6,$0.01B,$0.02B,0.23,$0.00B,$0.00B,100.00%,$0.00B,$0.00B,100.00%,$0.00B,$0.00B,75.00%,$0.00B,$0.00B,100.00%,$0.00B,$0.00B,100.00%,$0.00B,$0.00B,100.00%,$0.00B,$0.02B,18.39%,$0.00B,$0.02B,18.39%,$0.00B,$0.04B,11.59%,$0.00B,$0.03B,15.69%,$1,$0,$1,$0,$0,$1,$1,$0,$1,$0,$1,$1,$1,$1,$1,$8,8,$0.10,$0.10,$0,$0,$0,$27,$0,$0,$0,$0,$9,$36,$8,$5,$0,$5,$13,$0,$0,$0,$23,$36,$1,$0,$0,$0,$0,$0,$0,$-0,$-0,$1,$0,$0,$0,$0,$0,$0,$-0,$-0,$0,$1,$1,$0,$0,$-1,$-0,$-0,$0,$0,$-1
7,2016-12-31,6.87,$2.74,2.5,$0.62,11.02,$1.01,6.8,$0.38,18.07,$0.04B,$0.01B,2.7,$0.00B,$0.02B,0.0,$0.00B,$0.00B,100.00%,$0.00B,$0.00B,100.00%,$0.00B,$0.00B,75.00%,$0.00B,$0.00B,100.00%,$0.00B,$0.00B,100.00%,$0.00B,$0.00B,100.00%,$0.00B,$0.02B,19.51%,$0.00B,$0.02B,19.51%,$0.00B,$0.04B,12.12%,$0.00B,$0.02B,17.39%,$1,$0,$1,$0,$0,$1,$1,$-0,$1,$0,$1,$1,$1,$1,$0,$8,8,$0.07,$0.07,$0,$0,$0,$35,$0,$0,$0,$0,$0,$35,$13,$0,$0,$0,$13,$0,$-0,$0,$22,$35,$3,$0,$0,$0,$0,$0,$0,$0,$0,$3,$-0,$0,$0,$0,$0,$0,$-4,$-4,$5,$-6,$-1,$5,$5,$-3,$0,$1,$-0,$0,$-3
8,2016-09-30,6.3,$2.85,2.21,$0.63,9.96,$0.92,6.84,$0.38,16.59,$0.03B,$0.01B,5.29,$0.01B,$0.02B,0.23,$0.00B,$0.00B,100.00%,$0.00B,$0.00B,100.00%,$0.00B,$0.00B,100.00%,$0.00B,$0.00B,100.00%,$0.00B,$0.00B,100.00%,$0.00B,$0.00B,100.00%,$0.00B,$0.02B,20.51%,$0.00B,$0.02B,20.51%,$0.00B,$0.03B,12.40%,$0.00B,$0.03B,18.18%,$1,$0,$1,$0,$0,$0,$1,$0,$1,$0,$1,$1,$1,$1,$1,$8,8,$0.10,$0.10,$1,$0,$0,$25,$0,$0,$0,$0,$8,$33,$5,$5,$0,$5,$10,$0,$0,$0,$23,$33,$2,$0,$0,$0,$0,$0,$0,$0,$0,$2,$-0,$0,$0,$0,$0,$0,$-1,$-1,$0,$-9,$-9,$10,$10,$-2,$-1,$-2,$0,$0,$-2
9,2016-06-30,4.61,$2.56,1.8,$0.62,7.41,$0.82,5.58,$0.37,12.45,$0.03B,$0.01B,2.46,$0.01B,$0.02B,0.28,$0.00B,$0.00B,100.00%,$0.00B,$0.00B,100.00%,$0.00B,$0.00B,100.00%,$0.00B,$0.00B,100.00%,$0.00B,$0.00B,100.00%,$0.00B,$0.00B,100.00%,$0.00B,$0.02B,21.92%,$0.00B,$0.02B,21.92%,$0.00B,$0.03B,12.70%,$0.00B,$0.02B,20.51%,$1,$0,$1,$0,$0,$0,$1,$-0,$1,$0,$1,$1,$1,$1,$1,$7,7,$0.10,$0.10,$2,$0,$0,$25,$0,$0,$0,$0,$9,$34,$10,$5,$0,$5,$16,$0,$0,$0,$19,$34,$1,$0,$0,$0,$0,$0,$0,$0,$0,$2,$-0,$0,$0,$0,$0,$0,$-1,$-1,$0,$-3,$-3,$5,$5,$-1,$-1,$-0,$0,$0,$-1
10,2016-03-31,3.69,$2.54,1.46,$0.60,6.13,$0.73,5.05,$0.35,10.55,$0.02B,$0.01B,1.71,$0.00B,$0.02B,0.0,$0.00B,$0.00B,100.00%,$0.00B,$0.00B,100.00%,$0.00B,$0.00B,100.00%,$0.00B,$0.00B,100.00%,$0.00B,$0.00B,100.00%,$0.00B,$0.00B,100.00%,$0.00B,$0.02B,22.22%,$0.00B,$0.02B,22.22%,$0.00B,$0.03B,13.45%,$0.00B,$0.02B,22.22%,$1,$0,$1,$0,$0,$0,$1,$0,$1,$0,$1,$1,$1,$1,$1,$7,7,$0.10,$0.10,$1,$0,$0,$20,$0,$0,$0,$0,$10,$30,$12,$0,$0,$0,$12,$0,$0,$0,$18,$30,$1,$0,$0,$0,$0,$0,$0,$-0,$-0,$1,$-0,$0,$0,$0,$0,$0,$2,$2,$0,$-1,$-1,$0,$0,$-1,$-1,$-3,$-0,$0,$-1
11,2015-12-31,3.73,$2.44,1.53,$0.60,6.22,$0.68,5.49,$0.33,11.3,$0.02B,$0.01B,1.49,$0.00B,$0.02B,0.0,$0.00B,$0.00B,100.00%,$0.00B,$0.00B,75.00%,$0.00B,$0.00B,75.00%,$0.00B,$0.00B,75.00%,$0.00B,$0.00B,75.00%,$0.00B,$0.00B,75.00%,$0.00B,$0.02B,17.65%,$0.00B,$0.02B,17.65%,$0.00B,$0.03B,10.53%,$0.00B,$0.02B,17.65%,$1,$0,$1,$0,$0,$1,$1,$-0,$1,$0,$1,$1,$1,$1,$1,$7,7,$0.08,$0.08,$0,$0,$0,$21,$0,$0,$0,$0,$11,$32,$14,$0,$0,$0,$14,$0,$-0,$0,$18,$32,$2,$0,$0,$0,$-0,$0,$0,$0,$-0,$2,$-0,$0,$0,$0,$0,$0,$-7,$-7,$4,$-1,$3,$4,$4,$-2,$0,$5,$0,$0,$-2
12,2015-09-30,3.35,$2.53,1.33,$0.61,5.51,$0.62,5.44,$0.31,10.81,$0.02B,$0.01B,1.39,$0.00B,$0.02B,0.0,$0.00B,$0.00B,100.00%,$0.00B,$0.00B,50.00%,$0.00B,$0.00B,50.00%,$0.00B,$0.00B,50.00%,$0.00B,$0.00B,50.00%,$0.00B,$0.00B,50.00%,$0.00B,$0.02B,12.50%,$0.00B,$0.02B,12.50%,$0.00B,$0.03B,7.55%,$0.00B,$0.02B,12.50%,$1,$0,$1,$0,$0,$0,$1,$0,$1,$0,$1,$1,$1,$1,$1,$7,7,$0.09,$0.09,$0,$0,$0,$16,$0,$0,$0,$0,$14,$30,$12,$0,$0,$0,$12,$0,$0,$0,$18,$30,$2,$0,$0,$0,$-0,$0,$0,$-0,$-0,$1,$-0,$0,$0,$0,$0,$0,$-5,$-5,$0,$1,$1,$4,$4,$-2,$-0,$4,$0,$0,$-2
13,2015-06-30,3.52,$2.52,1.4,$0.61,5.82,$0.55,6.38,$0.30,11.74,$0.02B,$0.01B,1.83,$0.00B,$0.02B,0.0,$0.00B,$0.00B,100.00%,$0.00B,$0.00B,25.00%,$0.00B,$0.00B,25.00%,$0.00B,$0.00B,25.00%,$0.00B,$0.00B,25.00%,$0.00B,$0.00B,25.00%,$0.00B,$0.02B,6.67%,$0.00B,$0.02B,6.67%,$0.00B,$0.03B,4.00%,$0.00B,$0.02B,6.67%,$1,$0,$1,$0,$0,$0,$1,$-0,$1,$0,$1,$1,$1,$1,$1,$6,7,$0.08,$0.08,$0,$0,$0,$15,$0,$0,$0,$0,$11,$27,$8,$0,$0,$0,$8,$0,$0,$0,$18,$27,$1,$0,$0,$0,$0,$0,$0,$-0,$-0,$1,$-0,$0,$0,$0,$0,$0,$-2,$-2,$0,$-2,$-2,$4,$4,$-1,$-0,$1,$-0,$0,$-1
14,2015-03-31,3.12,$2.28,1.37,$0.61,5.1,$0.52,5.98,$0.32,9.74,$0.02B,$0.01B,1.65,$0.00B,$0.01B,0.0,$0.00B,$0.00B,100.00%,$0.00B,0,0.00%,$0.00B,0,0.00%,$0.00B,0,0.00%,$0.00B,0,0.00%,$0.00B,0,0.00%,$0.00B,$0.01B,0.00%,$0.00B,$0.01B,0.00%,$0.00B,$0.03B,0.00%,$0.00B,$0.01B,0.00%,$1,$0,$1,$0,$0,$0,$0,$0,$0,$0,$0,$0,$0,$0,$0,$6,6,$0.08,$0.08,$0,$0,$0,$18,$0,$0,$0,$0,$7,$25,$11,$0,$0,$0,$11,$0,$0,$0,$14,$25,$0,$0,$0,$0,$-0,$0,$0,$-0,$-0,$0,$0,$0,$0,$0,$0,$0,$0,$0,$0,$0,$0,$0,$0,$-0,$-0,$-0,$0,$0,$-0
15,2014-12-31,3.11,$2.28,1.37,$0.60,5.15,$0.47,6.64,$0.29,10.73,$0.02B,$0.01B,1.84,$0.00B,$0.01B,0.0,$0.00B,$0.00B,100.00%,$0.00B,0,0.00%,$0.00B,0,0.00%,$0.00B,0,0.00%,$0.00B,0,0.00%,$0.00B,0,0.00%,$0.00B,$0.01B,0.00%,$0.00B,$0.01B,0.00%,$0.00B,$0.02B,0.00%,$0.00B,$0.01B,0.00%,$1,$0,$1,$0,$0,$1,$0,$0,$0,$0,$0,$0,$0,$0,$0,$5,5,$0.06,$0.06,$0,$0,$0,$19,$0,$0,$0,$0,$5,$24,$11,$0,$0,$0,$11,$0,$0,$0,$14,$24,$1,$0,$0,$0,$0,$0,$0,$0,$-0,$1,$-0,$0,$0,$0,$0,$0,$-9,$-9,$-0,$4,$3,$4,$4,$-1,$0,$7,$-1,$0,$-1
16,2014-09-30,2.12,$2.29,0.92,$0.56,3.76,$0.40,5.25,$0.25,8.46,$0.02B,$0.01B,1.87,$0.00B,$0.01B,0.0,$0.00B,$0.00B,100.00%,$0.00B,0,0.00%,$0.00B,0,0.00%,$0.00B,0,0.00%,$0.00B,0,0.00%,$0.00B,0,0.00%,$0.00B,$0.01B,0.00%,$0.00B,$0.01B,0.00%,$0.00B,$0.02B,0.00%,$0.00B,$0.01B,0.00%,$1,$0,$1,$0,$0,$0,$0,$0,$0,$-0,$0,$0,$0,$0,$0,$5,6,$0.08,$0.08,$0,$0,$0,$18,$0,$0,$0,$0,$5,$24,$10,$0,$0,$0,$10,$0,$0,$0,$14,$24,$1,$0,$0,$0,$0,$0,$0,$0,$-0,$1,$0,$0,$0,$0,$0,$0,$-8,$-8,$0,$3,$3,$4,$4,$-0,$0,$7,$-1,$0,$-0
17,2014-06-30,2.49,$2.20,1.14,$0.56,4.45,$0.39,6.41,$0.22,11.33,$0.01B,$0.01B,1.43,$0.00B,$0.01B,0.0,$0.00B,$0.00B,100.00%,$0.00B,0,0.00%,$0.00B,0,0.00%,$0.00B,0,0.00%,$0.00B,0,0.00%,$0.00B,0,0.00%,$0.00B,$0.01B,0.00%,$0.00B,$0.01B,0.00%,$0.00B,$0.02B,0.00%,$0.00B,$0.01B,0.00%,$1,$0,$1,$0,$0,$0,$0,$0,$0,$-0,$0,$0,$0,$0,$0,$4,4,$0.10,$0.10,$0,$0,$0,$12,$0,$0,$0,$0,$6,$18,$8,$0,$0,$0,$8,$0,$0,$0,$9,$18,$1,$0,$0,$0,$0,$0,$0,$-0,$-0,$0,$0,$0,$0,$0,$0,$0,$-2,$-2,$0,$1,$1,$0,$0,$-0,$-0,$1,$-1,$0,$-0
18,2014-03-31,1.44,$2.13,0.68,$0.54,2.64,$0.36,3.98,$0.16,9.0,$0.01B,$0.01B,1.83,$0.00B,$0.01B,0.0,$0.00B,$0.00B,100.00%,$0.00B,0,0.00%,$0.00B,0,0.00%,$0.00B,0,0.00%,$0.00B,0,0.00%,$0.00B,0,0.00%,$0.00B,$0.01B,0.00%,$0.00B,$0.01B,0.00%,$0.00B,$0.02B,0.00%,$0.00B,$0.01B,0.00%,$1,$0,$1,$0,$0,$0,$0,$0,$0,$0,$0,$0,$0,$0,$0,$4,4,$0.05,$0.05,$0,$0,$0,$13,$0,$0,$0,$0,$3,$16,$7,$0,$0,$0,$7,$0,$-0,$0,$9,$16,$0,$0,$0,$0,$0,$0,$0,$-0,$-0,$-0,$0,$0,$0,$0,$0,$0,$-1,$-1,$0,$-0,$-0,$0,$0,$-0,$-0,$-0,$-1,$0,$-0
19,2013-12-31,1.26,$2.09,0.6,$0.53,2.38,$0.36,3.45,$0.15,8.37,$0.01B,$0.01B,1.65,$0.00B,$0.01B,0.0,$0.00B,$0.00B,100.00%,$0.00B,0,0.00%,$0.00B,0,0.00%,$0.00B,0,0.00%,$0.00B,0,0.00%,$0.00B,0,0.00%,$0.00B,$0.01B,0.00%,$0.00B,$0.01B,0.00%,$0.00B,$0.02B,0.00%,$0.00B,$0.01B,0.00%,$1,$0,$1,$0,$0,$0,$0,$-0,$0,$0,$0,$0,$0,$0,$0,$4,4,$0.01,$0.01,$1,$0,$0,$12,$0,$0,$0,$0,$4,$16,$7,$0,$0,$0,$7,$0,$-0,$0,$9,$16,$1,$0,$0,$0,$0,$0,$0,$-0,$0,$1,$0,$0,$0,$0,$0,$0,$-1,$-1,$-1,$2,$1,$-0,$-0,$-0,$0,$1,$1,$0,$-0
20,2013-09-30,1.4,$2.08,0.67,$0.51,2.74,$0.30,4.59,$0.14,9.97,$0.01B,$0.01B,1.65,$0.00B,$0.01B,0.0,$0.00B,$0.00B,100.00%,$0.00B,0,0.00%,$0.00B,0,0.00%,$0.00B,0,0.00%,$0.00B,0,0.00%,$0.00B,0,0.00%,$0.00B,$0.01B,0.00%,$0.00B,$0.01B,0.00%,$0.00B,$0.02B,0.00%,$0.00B,$0.01B,0.00%,$1,$0,$1,$0,$0,$0,$0,$0,$0,$0,$0,$0,$0,$0,$0,$4,4,$0.05,$0.05,$0,$0,$0,$12,$0,$0,$0,$0,$4,$16,$7,$0,$0,$0,$7,$0,$-1,$0,$9,$16,$1,$0,$0,$0,$0,$0,$0,$0,$-0,$1,$0,$0,$0,$0,$0,$0,$-2,$-2,$0,$1,$1,$-0,$-0,$-0,$0,$1,$-0,$0,$-0
21,2013-06-30,1.2,$2.04,0.59,$0.49,2.46,$0.25,4.82,$0.13,9.22,$0.01B,$0.01B,1.72,$0.00B,$0.01B,0.0,$0.00B,$0.00B,100.00%,$0.00B,0,0.00%,$0.00B,0,0.00%,$0.00B,0,0.00%,$0.00B,0,0.00%,$0.00B,0,0.00%,$0.00B,$0.01B,0.00%,$0.00B,$0.01B,0.00%,$0.00B,$0.02B,0.00%,$0.00B,$0.01B,0.00%,$1,$0,$1,$0,$0,$0,$0,$0,$0,$0,$0,$0,$0,$0,$0,$4,4,$0.04,$0.04,$1,$0,$0,$12,$0,$0,$0,$0,$4,$16,$7,$0,$0,$0,$7,$0,$-1,$0,$9,$16,$0,$0,$0,$0,$0,$0,$0,$0,$-0,$0,$0,$0,$0,$0,$0,$0,$-1,$-1,$1,$0,$1,$-0,$-0,$-0,$0,$1,$1,$0,$-0
22,2013-03-31,0.97,$2.02,0.48,$0.45,2.15,$0.22,4.48,$0.11,8.85,$0.01B,$0.01B,2.08,$0.00B,$0.01B,0.0,$0.00B,$0.00B,100.00%,$0.00B,0,0.00%,$0.00B,0,0.00%,$0.00B,0,0.00%,$0.00B,0,0.00%,$0.00B,0,0.00%,$0.00B,$0.01B,0.00%,$0.00B,$0.01B,0.00%,$0.00B,$0.01B,0.00%,$0.00B,$0.01B,0.00%,$1,$0,$1,$0,$0,$0,$0,$0,$0,$0,$0,$0,$0,$0,$0,$4,4,$0.04,$0.04,$0,$0,$0,$10,$0,$0,$0,$0,$4,$13,$5,$0,$0,$0,$5,$0,$-1,$0,$9,$13,$0,$0,$0,$0,$0,$0,$0,$-0,$-0,$-0,$0,$0,$0,$0,$0,$0,$1,$1,$0,$-1,$-1,$-0,$-0,$0,$0,$-1,$-0,$0,$0
23,2012-12-31,0.79,$1.97,0.4,$0.42,1.87,$0.24,3.29,$0.10,7.86,$0.01B,$0.01B,1.95,$0.00B,$0.01B,0.0,$0.00B,$0.00B,100.00%,$0.00B,0,0.00%,$0.00B,0,0.00%,$0.00B,0,0.00%,$0.00B,0,0.00%,$0.00B,0,0.00%,$0.00B,$0.01B,0.00%,$0.00B,$0.01B,0.00%,$0.00B,$0.01B,0.00%,$0.00B,$0.01B,0.00%,$1,$0,$1,$0,$0,$0,$0,$0,$0,$0,$0,$0,$0,$0,$0,$4,4,$0.00,$0.00,$0,$0,$0,$11,$0,$0,$0,$0,$3,$14,$6,$0,$0,$0,$6,$0,$-1,$0,$8,$14,$0,$0,$0,$0,$0,$0,$0,$-0,$0,$1,$0,$0,$0,$0,$0,$0,$-4,$-4,$4,$0,$4,$-0,$-0,$0,$0,$4,$0,$0,$0
24,2012-09-30,0.75,$1.96,0.38,$0.40,1.88,$0.22,3.42,$0.08,9.4,$0.01B,$0.00B,2.25,$0.00B,$0.01B,0.06,$0.00B,0,nan%,$0.00B,0,nan%,$0.00B,0,nan%,$0.00B,0,nan%,$0.00B,0,nan%,$0.00B,0,nan%,$0.00B,$0.01B,0.00%,$0.00B,$0.01B,0.00%,$0.00B,$0.01B,0.00%,$0.00B,$0.01B,0.00%,$0,$0,$0,$0,$0,$0,$0,$0,$0,$0,$0,$0,$0,$0,$0,$4,4,$0.04,$0.04,$0,$0,$0,$10,$0,$0,$0,$0,$3,$13,$4,$1,$0,$1,$5,$0,$-1,$0,$8,$13,$0,$0,$0,$0,$0,$0,$0,$-0,$-0,$0,$0,$0,$0,$0,$0,$0,$-3,$-3,$3,$0,$3,$-0,$-0,$0,$0,$3,$-0,$0,$0
25,2012-06-30,0.74,$1.92,0.38,$0.39,1.91,$0.23,3.15,$0.07,10.51,$0.01B,$0.00B,2.34,$0.00B,$0.01B,0.06,$0.00B,0,nan%,$0.00B,0,nan%,$0.00B,0,nan%,$0.00B,0,nan%,$0.00B,0,nan%,$0.00B,0,nan%,$0.00B,$0.01B,0.00%,$0.00B,$0.01B,0.00%,$0.00B,$0.01B,0.00%,$0.00B,$0.01B,0.00%,$0,$0,$0,$0,$0,$0,$0,$0,$0,$0,$0,$0,$0,$0,$0,$4,4,$0.02,$0.02,$0,$0,$0,$7,$0,$0,$0,$0,$5,$12,$3,$1,$0,$1,$3,$0,$0,$-1,$8,$12,$0,$0,$0,$0,$0,$0,$0,$-0,$-0,$0,$0,$0,$0,$0,$0,$0,$-2,$-2,$0,$1,$1,$0,$0,$0,$0,$1,$-0,$0,$0
26,2012-03-31,0.8,$1.90,0.42,$0.39,2.05,$0.26,3.03,$0.08,10.01,$0.01B,$0.00B,4.34,$0.00B,$0.01B,0.06,$0.00B,0,nan%,$0.00B,0,nan%,$0.00B,0,nan%,$0.00B,0,nan%,$0.00B,0,nan%,$0.00B,0,nan%,$0.00B,$0.01B,0.00%,$0.00B,$0.01B,0.00%,$0.00B,$0.01B,0.00%,$0.00B,$0.01B,0.00%,$0,$0,$0,$0,$0,$0,$0,$0,$0,$0,$0,$0,$0,$0,$0,$4,4,$0.03,$0.03,$0,$0,$0,$8,$0,$0,$0,$0,$3,$10,$2,$1,$0,$1,$2,$0,$-1,$0,$8,$10,$0,$0,$0,$0,$-0,$0,$0,$-0,$-0,$0,$0,$0,$0,$0,$0,$0,$-1,$-1,$0,$0,$0,$0,$0,$0,$0,$0,$-0,$0,$0
27,2011-12-31,0.73,$1.87,0.39,$0.40,1.82,$0.26,2.82,$0.07,10.4,$0.01B,$0.00B,4.84,$0.00B,$0.01B,0.06,$0.00B,0,nan%,$0.00B,0,nan%,$0.00B,0,nan%,$0.00B,0,nan%,$0.00B,0,nan%,$0.00B,0,nan%,$0.00B,$0.01B,0.00%,$0.00B,$0.01B,0.00%,$0.00B,$0.01B,0.00%,$0.00B,$0.01B,0.00%,$0,$0,$0,$0,$0,$0,$0,$0,$0,$0,$-0,$-0,$-0,$0,$0,$4,4,$-0.01,$-0.01,$0,$0,$0,$7,$0,$0,$0,$0,$3,$10,$2,$1,$0,$1,$2,$0,$-1,$0,$8,$10,$0,$0,$0,$0,$0,$0,$0,$0,$0,$0,$0,$0,$0,$0,$-0,$-0,$-1,$-1,$1,$0,$1,$0,$0,$0,$0,$1,$-0,$0,$0
28,2011-09-30,0.86,$1.87,0.46,$0.39,2.22,$0.22,3.9,$0.07,12.26,$0.01B,$0.00B,4.45,$0.00B,$0.01B,0.06,$0.00B,0,nan%,$0.00B,0,nan%,$0.00B,0,nan%,$0.00B,0,nan%,$0.00B,0,nan%,$0.00B,0,nan%,$0.00B,$0.01B,0.00%,$0.00B,$0.01B,0.00%,$0.00B,$0.01B,0.00%,$0.00B,$0.01B,0.00%,$0,$0,$0,$0,$0,$0,$0,$0,$0,$0,$0,$0,$0,$0,$0,$4,4,$0.03,$0.03,$1,$0,$0,$8,$0,$0,$0,$0,$3,$10,$2,$1,$0,$1,$2,$0,$-1,$0,$8,$10,$0,$0,$0,$0,$0,$0,$0,$0,$-0,$0,$0,$0,$0,$0,$-0,$-0,$-0,$-1,$0,$1,$1,$0,$0,$0,$0,$1,$1,$0,$0
29,2011-06-30,0.95,$2.40,0.4,$0.38,2.51,$0.17,5.7,$0.06,15.87,$0.01B,$0.00B,5.37,$0.00B,$0.01B,0.06,$0.00B,0,nan%,$0.00B,0,nan%,$0.00B,0,nan%,$0.00B,0,nan%,$0.00B,0,nan%,$0.00B,0,nan%,$0.00B,$0.01B,0.00%,$0.00B,$0.01B,0.00%,$0.00B,$0.01B,0.00%,$0.00B,$0.01B,0.00%,$0,$0,$0,$0,$0,$0,$0,$0,$0,$0,$0,$0,$0,$0,$0,$3,3,$0.03,$0.03,$0,$0,$0,$9,$0,$1,$0,$0,$1,$10,$2,$1,$0,$1,$2,$0,$-1,$0,$8,$10,$0,$0,$0,$0,$0,$0,$0,$-0,$-0,$0,$0,$0,$0,$0,$-1,$-1,$-1,$-2,$0,$1,$1,$0,$0,$0,$0,$1,$-0,$0,$0
30,2011-03-31,1.15,$2.36,0.49,$0.37,3.1,$0.13,8.88,$0.08,14.42,$0.01B,$0.00B,7.29,$0.00B,$0.01B,0.06,$0.00B,0,nan%,$0.00B,0,nan%,$0.00B,0,nan%,$0.00B,0,nan%,$0.00B,0,nan%,$0.00B,0,nan%,$0.00B,$0.01B,0.00%,$0.00B,$0.01B,0.00%,$0.00B,$0.01B,0.00%,$0.00B,$0.01B,0.00%,$0,$0,$0,$0,$0,$0,$0,$0,$0,$0,$0,$0,$0,$0,$0,$3,3,$0.02,$0.02,$0,$0,$0,$9,$0,$1,$0,$0,$1,$10,$1,$1,$0,$1,$2,$0,$0,$-2,$8,$10,$0,$0,$0,$0,$0,$0,$0,$-0,$-0,$0,$0,$0,$0,$0,$-1,$-1,$-0,$-1,$1,$0,$1,$0,$0,$0,$0,$1,$-0,$0,$0
31,2010-12-31,0.92,$2.34,0.39,$0.36,2.55,$0.15,6.3,$0.10,9.16,$0.01B,$0.00B,14.1,$0.00B,$0.01B,0.06,$0.00B,0,nan%,$0.00B,0,nan%,$0.00B,0,nan%,$0.00B,0,nan%,$0.00B,0,nan%,$0.00B,0,nan%,$0.00B,$0.01B,0.00%,$0.00B,$0.01B,0.00%,$0.00B,$0.01B,0.00%,$0.00B,$0.01B,0.00%,$0,$0,$0,$0,$0,$0,$0,$0,$0,$0,$-0,$-0,$-0,$0,$-0,$3,3,$-0.01,$-0.02,$0,$0,$0,$9,$0,$0,$0,$0,$0,$9,$1,$1,$0,$1,$1,$0,$-2,$0,$8,$9,$0,$0,$-0,$-0,$0,$0,$0,$-0,$-0,$0,$0,$0,$0,$0,$0,$0,$-2,$-1,$0,$0,$1,$0,$0,$0,$0,$1,$-0,$0,$0
32,2010-09-30,1.03,$2.34,0.44,$0.35,2.94,$0.22,4.6,$0.11,9.4,$0.01B,$0.00B,15.76,$0.00B,$0.01B,0.0,$0.00B,0,nan%,$0.00B,0,nan%,$0.00B,0,nan%,$0.00B,0,nan%,$0.00B,0,nan%,$0.00B,0,nan%,$0.00B,$0.01B,0.00%,$0.00B,$0.01B,0.00%,$0.00B,$0.01B,0.00%,$0.00B,$0.01B,0.00%,$0,$0,$0,$0,$0,$0,$0,$0,$0,$0,$0,$0,$0,$0,$0,$3,3,$0.02,$0.02,$1,$0,$0,$8,$0,$0,$0,$0,$0,$8,$1,$0,$0,$0,$1,$0,$-2,$0,$8,$8,$0,$0,$-0,$-0,$0,$0,$0,$-0,$-0,$0,$0,$0,$0,$0,$0,$0,$-1,$-0,$0,$0,$0,$0,$0,$0,$0,$0,$0,$0,$0
33,2010-06-30,0.99,$2.32,0.43,$0.35,2.84,$0.30,3.33,$0.12,8.23,$0.01B,$0.00B,13.92,$0.00B,$0.01B,0.0,$0.00B,0,nan%,$0.00B,0,nan%,$0.00B,0,nan%,$0.00B,0,nan%,$0.00B,0,nan%,$0.00B,0,nan%,$0.00B,$0.01B,0.00%,$0.00B,$0.01B,0.00%,$0.00B,$0.01B,0.00%,$0.00B,$0.01B,0.00%,$0,$0,$0,$0,$0,$0,$0,$0,$0,$0,$0,$0,$0,$0,$0,$3,3,$0.05,$0.05,$0,$0,$0,$8,$0,$0,$0,$0,$0,$8,$1,$0,$0,$0,$1,$0,$-2,$0,$8,$8,$0,$0,$-0,$-0,$0,$0,$0,$-0,$-0,$0,$0,$0,$0,$0,$0,$0,$-1,$-1,$0,$0,$0,$0,$0,$0,$0,$0,$-0,$0,$0
34,2010-03-31,0.97,$2.28,0.43,$0.33,2.96,$0.34,2.89,$0.09,10.82,$0.01B,$0.00B,10.53,$0.00B,$0.01B,0.0,$0.00B,0,nan%,$0.00B,0,nan%,$0.00B,0,nan%,$0.00B,0,nan%,$0.00B,0,nan%,$0.00B,0,nan%,$0.00B,$0.01B,0.00%,$0.00B,$0.01B,0.00%,$0.00B,$0.01B,0.00%,$0.00B,$0.01B,0.00%,$0,$0,$0,$0,$0,$0,$0,$0,$0,$0,$0,$0,$0,$0,$0,$3,3,$0.04,$0.04,$0,$0,$0,$8,$0,$0,$0,$0,$0,$8,$1,$0,$0,$0,$1,$0,$-2,$0,$8,$8,$0,$0,$-0,$-0,$0,$0,$0,$-0,$-0,$0,$0,$0,$0,$0,$0,$0,$-1,$-1,$0,$0,$0,$0,$0,$0,$0,$0,$-1,$0,$0
35,2009-12-31,0.72,$2.24,0.32,$0.31,2.31,$0.35,2.08,$0.08,9.01,$0.01B,$0.00B,22.4,$0.00B,$0.01B,0.0,$0.00B,0,nan%,$0.00B,0,nan%,$0.00B,0,nan%,$0.00B,0,nan%,$0.00B,0,nan%,$0.00B,0,nan%,$0.00B,$0.01B,0.00%,$0.00B,$0.01B,0.00%,$0.00B,$0.01B,0.00%,$0.00B,$0.01B,0.00%,$0,$0,$0,$0,$0,$0,$0,$0,$0,$0,$0,$0,$0,$0,$0,$3,3,$-0.01,$-0.01,$1,$0,$0,$8,$0,$0,$0,$0,$0,$8,$0,$0,$0,$0,$0,$0,$-2,$0,$7,$8,$0,$0,$0,$0,$0,$0,$0,$0,$0,$0,$0,$0,$0,$0,$0,$0,$-1,$-1,$0,$0,$0,$-0,$-0,$0,$0,$-0,$-0,$0,$0
36,2009-09-30,0.69,$2.22,0.31,$0.30,2.31,$0.32,2.11,$0.08,8.56,$0.01B,$0.00B,17.31,$0.00B,$0.01B,0.0,$0.00B,0,nan%,$0.00B,0,nan%,$0.00B,0,nan%,$0.00B,0,nan%,$0.00B,$-0.00B,inf%,$0.00B,$-0.00B,inf%,$-0.00B,$0.01B,-14.29%,$-0.00B,$0.01B,-14.29%,$-0.00B,$0.01B,-13.33%,$0.00B,$0.01B,0.00%,$0,$0,$0,$0,$0,$0,$0,$-0,$0,$0,$0,$0,$0,$0,$0,$3,3,$0.03,$0.03,$8,$0,$0,$8,$0,$0,$0,$0,$0,$8,$0,$0,$0,$0,$0,$0,$-2,$0,$7,$8,$0,$0,$0,$0,$0,$0,$0,$-0,$0,$0,$0,$0,$0,$0,$0,$0,$-1,$-1,$0,$0,$0,$0,$0,$0,$0,$0,$-1,$0,$0
37,2009-06-30,0.62,$2.12,0.29,$0.27,2.28,$0.31,1.98,$0.07,8.86,$0.01B,$0.00B,18.21,$0.00B,$0.01B,0.0,$0.00B,0,nan%,$0.00B,0,nan%,$0.00B,0,nan%,$0.00B,0,nan%,$0.00B,$-0.00B,inf%,$0.00B,$-0.00B,inf%,$-0.00B,$0.01B,-14.29%,$-0.00B,$0.01B,-14.29%,$-0.00B,$0.01B,-13.79%,$0.00B,$0.01B,0.00%,$0,$0,$0,$0,$0,$0,$0,$0,$0,$0,$0,$0,$0,$0,$0,$3,3,$0.02,$0.02,$7,$0,$0,$8,$0,$0,$0,$0,$0,$8,$0,$0,$0,$0,$0,$0,$-2,$0,$7,$8,$0,$0,$0,$0,$0,$0,$0,$0,$0,$0,$0,$0,$0,$0,$0,$0,$-1,$-1,$0,$0,$0,$0,$0,$0,$0,$0,$-1,$0,$0
38,2009-03-31,0.4,$2.12,0.19,$0.25,1.57,$0.30,1.34,$0.07,5.67,$0.01B,$0.00B,32.84,$0.00B,$0.01B,0.0,$0.00B,0,nan%,$0.00B,0,nan%,$0.00B,0,nan%,$0.00B,0,nan%,$0.00B,$-0.00B,inf%,$0.00B,$-0.00B,inf%,$-0.00B,$0.01B,-14.29%,$-0.00B,$0.01B,-14.29%,$-0.00B,$0.01B,-14.29%,$0.00B,$0.01B,0.00%,$0,$0,$0,$0,$0,$0,$0,$0,$0,$0,$0,$0,$0,$0,$0,$3,3,$0.03,$0.03,$7,$0,$0,$7,$0,$0,$0,$0,$0,$7,$0,$0,$0,$0,$0,$0,$-2,$-0,$7,$7,$0,$0,$0,$0,$0,$0,$0,$-0,$0,$0,$0,$0,$0,$0,$0,$0,$-0,$-0,$0,$0,$0,$0,$0,$0,$0,$0,$-0,$0,$0
39,2008-12-31,0.51,$2.10,0.24,$0.23,2.19,$0.28,1.81,$0.08,6.4,$0.01B,$0.00B,35.24,$0.00B,$0.01B,0.0,$0.00B,0,nan%,$0.00B,0,nan%,$0.00B,0,nan%,$0.00B,0,nan%,$0.00B,$-0.00B,inf%,$0.00B,$-0.00B,inf%,$-0.00B,$0.01B,-14.29%,$-0.00B,$0.01B,-14.29%,$-0.00B,$0.01B,-14.29%,$0.00B,$0.01B,0.00%,$0,$0,$0,$0,$0,$0,$-0,$-1,$-1,$0,$-1,$-1,$-1,$-0,$-0,$3,3,$-0.24,$-0.24,$1,$0,$0,$7,$0,$0,$0,$0,$0,$7,$0,$0,$0,$0,$0,$0,$-2,$-0,$7,$7,$-1,$0,$1,$1,$0,$0,$0,$0,$0,$0,$0,$0,$0,$1,$0,$1,$-1,$-0,$0,$0,$0,$0,$0,$0,$0,$0,$0,$0,$0
40,2008-09-30,0.7,$2.17,0.32,$0.21,3.25,$0.01,0.0,$0.08,8.74,$0.01B,$0.00B,43.36,$0.00B,$0.01B,0.0,$0.00B,0,nan%,$0.00B,0,nan%,$0.00B,0,nan%,$0.00B,0,nan%,$0.00B,0,nan%,$0.00B,0,nan%,$0.00B,$0.01B,0.00%,$0.00B,$0.01B,0.00%,$0.00B,$0.01B,0.00%,$0.00B,$0.01B,0.00%,$0,$0,$0,$0,$0,$0,$0,$0,$0,$0,$0,$0,$0,$0,$0,$3,3,$0.02,$0.02,$1,$0,$0,$7,$0,$0,$0,$0,$0,$7,$0,$0,$0,$0,$0,$0,$-1,$-1,$7,$7,$0,$0,$-0,$0,$0,$0,$0,$0,$0,$0,$0,$0,$0,$1,$0,$1,$-1,$-1,$0,$0,$0,$0,$0,$0,$0,$0,$-0,$0,$0
41,2008-06-30,0.68,$2.18,0.31,$0.17,3.94,$-0.22,0.0,$0.11,6.16,$0.01B,$0.00B,65.91,$0.00B,$0.01B,0.0,$0.00B,0,nan%,$0.00B,0,nan%,$0.00B,0,nan%,$0.00B,0,nan%,$0.00B,0,nan%,$0.00B,0,nan%,$0.00B,$0.01B,0.00%,$0.00B,$0.01B,0.00%,$0.00B,$0.01B,0.00%,$0.00B,$0.01B,0.00%,$0,$0,$0,$0,$0,$0,$0,$0,$0,$0,$0,$0,$0,$0,$0,$3,3,$0.02,$0.02,$2,$0,$0,$7,$0,$0,$0,$0,$0,$7,$0,$0,$0,$0,$0,$0,$-1,$-1,$7,$7,$0,$0,$-0,$-0,$0,$0,$0,$-0,$-0,$0,$0,$0,$0,$0,$0,$0,$-0,$0,$0,$0,$0,$0,$0,$0,$0,$0,$1,$0,$0
42,2008-03-31,0.7,$2.11,0.33,$0.12,5.88,$-0.37,0.0,$-0.02,0.0,$0.01B,$0.00B,16.21,$0.00B,$0.01B,0.0,$0.00B,0,nan%,$0.00B,0,nan%,$0.00B,0,nan%,$0.00B,0,nan%,$0.00B,0,nan%,$0.00B,0,nan%,$0.00B,$0.01B,0.00%,$0.00B,$0.01B,0.00%,$0.00B,$0.01B,0.00%,$0.00B,$0.01B,0.00%,$0,$0,$0,$0,$0,$0,$-0,$0,$0,$-0,$0,$0,$0,$0,$-0,$3,3,$0.04,$0.04,$3,$0,$0,$7,$0,$0,$0,$0,$0,$7,$0,$0,$0,$0,$0,$0,$-1,$-1,$7,$7,$0,$0,$-0,$-0,$0,$0,$0,$-0,$-0,$0,$0,$0,$0,$-1,$0,$-1,$0,$-1,$0,$0,$0,$0,$0,$0,$0,$0,$-0,$0,$0
43,2007-12-31,0.94,$2.13,0.44,$0.07,13.71,$-0.48,0.0,$-0.11,0.0,$0.01B,$0.00B,34.18,$0.00B,$0.01B,0.0,$0.00B,0,nan%,$0.00B,0,nan%,$0.00B,0,nan%,$0.00B,0,nan%,$0.00B,0,nan%,$0.00B,0,nan%,$0.00B,$0.01B,0.00%,$0.00B,$0.01B,0.00%,$0.00B,$0.01B,0.00%,$0.00B,$0.01B,0.00%,$0,$0,$0,$0,$0,$0,$-0,$0,$0,$0,$0,$0,$0,$-0,$-0,$3,3,$0.10,$0.10,$2,$0,$0,$7,$0,$0,$0,$0,$0,$7,$0,$0,$0,$0,$0,$0,$-2,$-0,$7,$7,$-0,$0,$0,$0,$0,$0,$0,$-0,$-1,$-0,$-0,$0,$0,$1,$0,$1,$-4,$-3,$0,$0,$0,$0,$0,$0,$0,$0,$-3,$0,$0
44,2007-09-30,0.87,$2.09,0.41,$0.02,38.92,$-0.48,0.0,$-0.13,0.0,$0.01B,$0.00B,13.56,$0.00B,$0.01B,0.0,$0.00B,0,nan%,$0.00B,0,nan%,$0.00B,0,nan%,$0.00B,0,nan%,$0.00B,0,nan%,$0.00B,0,nan%,$0.00B,$0.01B,0.00%,$0.00B,$0.01B,0.00%,$0.00B,$0.01B,0.00%,$0.00B,$0.01B,0.00%,$0,$0,$0,$0,$0,$0,$-0,$0,$-0,$0,$-0,$-0,$0,$-0,$-0,$3,3,$0.05,$0.05,$4,$0,$0,$7,$0,$0,$0,$0,$0,$7,$1,$0,$0,$0,$1,$0,$-2,$-0,$7,$7,$-0,$0,$0,$0,$0,$0,$0,$-0,$-0,$-0,$0,$0,$0,$1,$0,$1,$-2,$-2,$0,$0,$0,$0,$0,$0,$0,$0,$-2,$0,$0
45,2007-06-30,1.19,$2.06,0.58,$0.01,0.0,$-0.47,0.0,$-0.22,0.0,$0.01B,$0.00B,9.16,$0.00B,$0.01B,0.0,$0.00B,0,nan%,$0.00B,0,nan%,$0.00B,0,nan%,$0.00B,0,nan%,$0.00B,0,nan%,$0.00B,0,nan%,$0.00B,$0.01B,0.00%,$0.00B,$0.01B,0.00%,$0.00B,$0.01B,0.00%,$0.00B,$0.01B,0.00%,$0,$0,$0,$0,$0,$0,$-0,$0,$-0,$0,$-0,$-0,$-0,$-0,$-0,$3,3,$-0.11,$-0.11,$6,$0,$0,$7,$0,$0,$0,$0,$0,$7,$1,$0,$0,$0,$1,$0,$-2,$-0,$7,$7,$-1,$0,$0,$0,$0,$0,$0,$-0,$-0,$-0,$0,$0,$0,$-0,$0,$-0,$-1,$-1,$0,$0,$0,$0,$0,$0,$0,$0,$-1,$0,$0
46,2007-03-31,1.17,$2.17,0.54,$0.00,0.0,$-0.44,0.0,$0.03,38.94,$0.01B,$0.00B,8.95,$0.00B,$0.01B,0.01,$0.00B,0,nan%,$0.00B,0,nan%,$0.00B,0,nan%,$0.00B,0,nan%,$0.00B,0,nan%,$0.00B,0,nan%,$0.00B,$0.01B,0.00%,$0.00B,$0.01B,0.00%,$0.00B,$0.01B,0.00%,$0.00B,$0.01B,0.00%,$0,$0,$0,$0,$0,$0,$-0,$0,$-0,$0,$-0,$-0,$-0,$-0,$-0,$3,3,$-0.05,$-0.05,$7,$0,$0,$7,$0,$0,$0,$0,$1,$8,$1,$0,$0,$0,$1,$0,$-2,$-0,$7,$8,$-0,$0,$0,$0,$0,$0,$0,$-0,$-0,$-0,$0,$0,$0,$0,$0,$0,$0,$0,$0,$0,$0,$0,$0,$0,$0,$0,$-0,$0,$0
47,2006-12-31,1.13,$2.19,0.52,$0.00,0.0,$-0.40,0.0,$-0.04,0.0,$0.01B,$0.00B,8.26,$0.00B,$0.01B,0.01,$0.00B,0,nan%,$0.00B,0,nan%,$0.00B,0,nan%,$0.00B,0,nan%,$0.00B,0,nan%,$0.00B,0,nan%,$0.00B,$0.01B,0.00%,$0.00B,$0.01B,0.00%,$0.00B,$0.01B,0.00%,$0.00B,$0.01B,0.00%,$0,$0,$0,$0,$0,$0,$-0,$0,$-0,$0,$-0,$-0,$-0,$-0,$-0,$3,3,$-0.03,$-0.03,$7,$0,$0,$7,$0,$0,$0,$0,$1,$8,$1,$0,$0,$0,$1,$0,$-2,$-0,$7,$8,$-0,$0,$-0,$-0,$-0,$0,$0,$-0,$-0,$-0,$-0,$0,$0,$0,$-0,$0,$0,$0,$0,$0,$0,$0,$0,$-0,$0,$-0,$-1,$0,$-0
