,Date,Stock Price,Book Value per Share,Price to Book Ratio,TTM Sales per Share,Price to Sales Ratio,TTM FCF per Share,Price to FCF Ratio,TTM Net EPS,PE Ratio,Current Assets,Current Liabilities,Current Ratio,Long Term Debt,Shareholder's Equity_x,Debt to Equity Ratio,TTM Revenue_x,TTM Gross Profit,Gross Margin,TTM Revenue_y,TTM Operating Income,Operating Margin,TTM Revenue_x,TTM EBIT,EBIT Margin,TTM Revenue_y,TTM EBITDA,EBITDA Margin,TTM Revenue_x,TTM Pre-Tax Income,Pre-Tax Margin,TTM Revenue_y,TTM Net Income_x,Net Margin,TTM Net Income_y,Shareholder's Equity_y,Return on Equity,TTM Net Income_x,Tangible Equity,Return on Tangible Equity,TTM Net Income_y,Total Assets,Return on Assets,TTM Net Income,LT Investments & Debt,Return on Investment,revenue,cost-goods-sold,gross-profit,research-development-expenses,selling-general-administrative-expenses,operating-expenses,operating-income,total-non-operating-income-expense,pre-tax-income,total-provision-income-taxes,income-after-taxes,income-from-continuous-operations,net-income,ebitda,ebit,basic-shares-outstanding,shares-outstanding,eps-basic-net-earnings-per-share,eps-earnings-per-share-diluted,cash-on-hand,inventory,other-current-assets,total-current-assets,net-property-plant-equipment,long-term-investments,goodwill-intangible-assets-total,other-long-term-assets,total-long-term-assets,total-assets,total-current-liabilities,long-term-debt,other-non-current-liabilities,total-long-term-liabilities,total-liabilities,common-stock-net,retained-earnings-accumulated-deficit,comprehensive-income,total-share-holder-equity,total-liabilities-share-holders-equity,net-income-loss,total-depreciation-amortization-cash-flow,other-non-cash-items,total-non-cash-items,change-in-accounts-receivable,change-in-inventories,change-in-accounts-payable,change-in-assets-liabilities,total-change-in-assets-liabilities,cash-flow-from-operating-activities,net-change-in-property-plant-equipment,net-change-in-intangible-assets,net-acquisitions-divestitures,net-change-in-short-term-investments,net-change-in-long-term-investments,net-change-in-investments-total,investing-activities-other,cash-flow-from-investing-activities,net-long-term-debt,net-current-debt,debt-issuance-retirement-net-total,net-common-equity-issued-repurchased,net-total-equity-issued-repurchased,total-common-preferred-stock-dividends-paid,financial-activities-other,cash-flow-from-financial-activities,net-cash-flow,stock-based-compensation,common-stock-dividends-paid
0,2018-09-30,44.72,$5.85,7.65,$16.00,2.8,$3.65,12.24,$1.29,34.67,$1.31B,$0.88B,1.5,$0.00B,$1.01B,0.0,$2.70B,$0.97B,35.81%,$2.70B,$0.24B,8.73%,$2.70B,$0.24B,8.73%,$2.70B,$0.30B,11.14%,$2.70B,$0.24B,8.99%,$2.70B,$0.22B,8.03%,$0.22B,$1.01B,21.04%,$0.22B,$0.54B,33.92%,$0.22B,$2.01B,11.61%,$0.24B,$1.01B,22.88%,$691,$435,$256,$40,$147,$626,$65,$5,$70,$6,$64,$64,$64,$82,$65,$166,169,$0.39,$0.38,$425,$359,$70,$1314,$84,$0,$477,$132,$692,$2006,$875,$0,$119,$119,$994,$30,$1210,$-98,$1012,$2006,$103,$32,$15,$47,$-133,$-84,$138,$-11,$-53,$97,$-18,$0,$-134,$-2,$0,$-1,$-1,$-154,$0,$0,$0,$-10,$-10,$-114,$-27,$-151,$-217,$25,$-114
1,2018-06-30,43.9,$6.10,7.2,$15.66,2.8,$3.48,12.6,$1.25,35.12,$1.33B,$0.73B,1.82,$0.00B,$1.06B,0.0,$2.64B,$0.94B,35.55%,$2.64B,$0.23B,8.70%,$2.64B,$0.23B,8.70%,$2.64B,$0.29B,11.04%,$2.64B,$0.23B,8.81%,$2.64B,$0.21B,7.90%,$0.21B,$1.06B,20.72%,$0.21B,$0.70B,32.39%,$0.21B,$1.90B,11.73%,$0.23B,$1.06B,22.80%,$608,$385,$224,$39,$140,$576,$32,$1,$33,$-5,$38,$38,$38,$48,$32,$165,169,$0.23,$0.23,$604,$273,$63,$1325,$85,$0,$358,$132,$575,$1899,$728,$0,$116,$116,$844,$30,$1260,$-96,$1055,$1899,$38,$16,$4,$19,$-69,$-18,$51,$-4,$-46,$12,$-9,$0,$-0,$0,$0,$0,$-0,$-9,$0,$0,$0,$-9,$-9,$0,$-25,$-34,$-38,$13,$0
2,2018-03-31,36.73,$6.07,6.05,$15.20,2.42,$3.40,10.81,$1.24,29.62,$1.17B,$0.58B,2.04,$0.00B,$1.05B,0.0,$2.57B,$0.91B,35.46%,$2.57B,$0.23B,8.92%,$2.57B,$0.23B,8.92%,$2.57B,$0.29B,11.18%,$2.57B,$0.23B,9.04%,$2.57B,$0.21B,8.11%,$0.21B,$1.05B,21.17%,$0.21B,$0.69B,32.76%,$0.21B,$1.74B,12.21%,$0.23B,$1.05B,23.31%,$592,$380,$212,$38,$133,$553,$39,$0,$39,$5,$34,$34,$34,$55,$39,$164,169,$0.21,$0.20,$642,$260,$56,$1173,$86,$0,$363,$121,$570,$1743,$576,$0,$117,$117,$693,$30,$1232,$-93,$1051,$1743,$209,$57,$46,$103,$-26,$16,$18,$-0,$52,$346,$-40,$0,$-88,$0,$1,$1,$-1,$-129,$0,$0,$0,$11,$11,$-104,$-35,$-128,$94,$44,$-104
3,2017-12-31,33.64,$5.82,5.78,$14.78,2.28,$3.13,10.73,$1.19,28.27,$1.25B,$0.71B,1.77,$0.00B,$1.01B,0.0,$2.49B,$0.90B,36.06%,$2.49B,$0.23B,9.09%,$2.49B,$0.23B,9.09%,$2.49B,$0.28B,11.27%,$2.49B,$0.23B,9.30%,$2.49B,$0.21B,8.57%,$0.21B,$1.01B,22.81%,$0.21B,$0.64B,35.34%,$0.21B,$1.83B,12.97%,$0.23B,$1.01B,24.20%,$812,$536,$276,$34,$138,$712,$100,$1,$101,$20,$81,$81,$81,$116,$100,$164,169,$0.49,$0.48,$565,$279,$58,$1253,$87,$0,$368,$123,$578,$1831,$707,$0,$116,$116,$824,$30,$1198,$-95,$1007,$1831,$174,$41,$35,$75,$-164,$-6,$152,$-19,$7,$256,$-28,$0,$-88,$0,$1,$1,$-1,$-116,$0,$0,$0,$11,$11,$-104,$-31,$-124,$17,$33,$-104
4,2017-09-30,36.46,$5.61,6.5,$13.99,2.61,$3.09,11.79,$1.30,28.05,$1.06B,$0.62B,1.72,$0.00B,$0.92B,0.0,$2.34B,$0.87B,37.05%,$2.34B,$0.22B,9.49%,$2.34B,$0.22B,9.49%,$2.34B,$0.27B,11.62%,$2.34B,$0.23B,9.79%,$2.34B,$0.23B,9.79%,$0.23B,$0.92B,25.96%,$0.23B,$0.56B,40.30%,$0.23B,$1.65B,14.56%,$0.22B,$0.92B,25.16%,$632,$405,$228,$37,$133,$574,$59,$2,$60,$4,$56,$56,$56,$73,$59,$164,169,$0.34,$0.33,$406,$330,$48,$1062,$87,$0,$365,$138,$590,$1652,$616,$0,$114,$114,$730,$30,$1117,$-99,$922,$1652,$93,$26,$4,$30,$-92,$-58,$110,$-8,$-56,$68,$-17,$0,$-85,$-7,$0,$-6,$-1,$-109,$0,$0,$0,$19,$19,$-104,$-24,$-109,$-149,$22,$-104
5,2017-06-30,36.03,$5.80,6.21,$13.66,2.64,$3.26,11.05,$1.24,29.06,$1.07B,$0.52B,2.07,$0.00B,$0.95B,0.0,$2.27B,$0.85B,37.24%,$2.27B,$0.22B,9.51%,$2.27B,$0.22B,9.51%,$2.27B,$0.27B,11.66%,$2.27B,$0.22B,9.77%,$2.27B,$0.22B,9.68%,$0.22B,$0.95B,26.48%,$0.22B,$0.66B,41.33%,$0.22B,$1.59B,14.53%,$0.22B,$0.95B,26.00%,$530,$336,$194,$35,$128,$499,$31,$0,$32,$-5,$37,$37,$37,$43,$31,$163,168,$0.23,$0.22,$528,$279,$43,$1071,$85,$0,$295,$137,$516,$1587,$518,$0,$119,$119,$637,$30,$1165,$-102,$950,$1587,$37,$12,$-1,$11,$-36,$-20,$39,$-3,$-49,$-1,$-10,$0,$0,$0,$0,$0,$-0,$-10,$0,$0,$0,$12,$12,$0,$-22,$-10,$-20,$11,$0
6,2017-03-31,31.33,$5.27,5.94,$13.43,2.33,$3.38,9.27,$1.15,27.24,$1.03B,$0.51B,2.03,$0.00B,$0.86B,0.0,$2.22B,$0.82B,36.95%,$2.22B,$0.21B,9.50%,$2.22B,$0.21B,9.50%,$2.22B,$0.26B,11.84%,$2.22B,$0.22B,9.68%,$2.22B,$0.21B,9.23%,$0.21B,$0.86B,26.18%,$0.21B,$0.56B,42.31%,$0.21B,$1.50B,14.01%,$0.21B,$0.86B,26.95%,$511,$313,$198,$34,$125,$474,$36,$2,$38,$-1,$39,$39,$39,$48,$36,$162,166,$0.24,$0.24,$548,$253,$42,$1028,$85,$0,$297,$88,$471,$1499,$507,$0,$135,$135,$643,$30,$1074,$-101,$856,$1499,$206,$50,$25,$75,$-47,$-15,$24,$0,$13,$288,$-32,$0,$-67,$0,$0,$0,$-0,$-99,$0,$0,$0,$-44,$-44,$-93,$-18,$-156,$28,$36,$-93
7,2016-12-31,24.35,$4.95,4.92,$12.95,1.88,$2.59,9.39,$1.17,20.81,$1.09B,$0.61B,1.79,$0.00B,$0.80B,0.0,$2.14B,$0.77B,35.71%,$2.14B,$0.19B,8.64%,$2.14B,$0.19B,8.64%,$2.14B,$0.24B,11.20%,$2.14B,$0.19B,8.87%,$2.14B,$0.20B,9.10%,$0.20B,$0.80B,25.69%,$0.20B,$0.50B,40.60%,$0.20B,$1.56B,13.73%,$0.19B,$0.80B,24.37%,$667,$420,$247,$32,$127,$570,$96,$3,$99,$2,$97,$97,$97,$108,$96,$162,166,$0.60,$0.59,$514,$250,$43,$1085,$84,$0,$300,$86,$470,$1555,$606,$0,$147,$147,$753,$30,$1035,$-112,$801,$1555,$166,$39,$15,$55,$-139,$-15,$109,$-6,$20,$241,$-23,$0,$-67,$0,$0,$0,$0,$-90,$0,$0,$0,$-43,$-43,$-93,$-13,$-150,$-6,$26,$-93
8,2016-09-30,22.08,$4.42,5.0,$12.69,1.74,$1.89,11.68,$0.97,22.76,$0.94B,$0.55B,1.73,$0.00B,$0.72B,0.0,$2.10B,$0.73B,34.64%,$2.10B,$0.16B,7.54%,$2.10B,$0.16B,7.54%,$2.10B,$0.22B,10.26%,$2.10B,$0.16B,7.63%,$2.10B,$0.16B,7.78%,$0.16B,$0.72B,21.94%,$0.16B,$0.41B,33.63%,$0.16B,$1.42B,11.57%,$0.16B,$0.72B,21.27%,$564,$357,$207,$33,$119,$511,$53,$-1,$53,$6,$47,$47,$47,$66,$53,$162,166,$0.29,$0.28,$395,$268,$40,$944,$85,$0,$303,$85,$472,$1416,$547,$0,$153,$153,$700,$30,$937,$-108,$716,$1416,$69,$27,$16,$44,$-97,$-28,$84,$-5,$-21,$92,$-15,$0,$-67,$0,$0,$0,$0,$-81,$0,$0,$0,$-28,$-28,$-93,$-11,$-133,$-124,$17,$-93
9,2016-06-30,15.59,$4.69,3.32,$12.41,1.26,$1.15,13.6,$0.80,19.49,$0.92B,$0.46B,1.99,$0.00B,$0.76B,0.0,$2.05B,$0.69B,33.76%,$2.05B,$0.14B,6.93%,$2.05B,$0.14B,6.93%,$2.05B,$0.20B,9.66%,$2.05B,$0.14B,6.98%,$2.05B,$0.13B,6.54%,$0.13B,$0.76B,18.32%,$0.13B,$0.47B,27.13%,$0.13B,$1.39B,9.49%,$0.14B,$0.76B,19.42%,$480,$311,$169,$32,$110,$454,$26,$-1,$25,$3,$22,$22,$22,$41,$26,$162,164,$0.14,$0.13,$440,$248,$37,$917,$87,$0,$294,$87,$468,$1385,$460,$0,$166,$166,$626,$30,$983,$-110,$759,$1385,$22,$15,$7,$22,$-49,$-10,$43,$-1,$-27,$17,$-8,$0,$-54,$0,$0,$0,$0,$-62,$0,$0,$0,$-24,$-24,$0,$-9,$-33,$-79,$9,$0
10,2016-03-31,15.24,$4.68,3.26,$12.17,1.25,$0.85,17.98,$0.71,21.46,$0.93B,$0.42B,2.23,$0.00B,$0.76B,0.0,$2.02B,$0.68B,33.75%,$2.02B,$0.13B,6.44%,$2.02B,$0.13B,6.44%,$2.02B,$0.18B,9.02%,$2.02B,$0.13B,6.49%,$2.02B,$0.12B,5.90%,$0.12B,$0.76B,16.23%,$0.12B,$0.54B,23.13%,$0.12B,$1.32B,8.26%,$0.13B,$0.76B,17.74%,$431,$289,$142,$27,$100,$420,$10,$3,$13,$-4,$17,$17,$29,$25,$10,$163,166,$0.17,$0.18,$519,$229,$35,$926,$93,$0,$218,$87,$398,$1324,$415,$0,$149,$149,$564,$30,$964,$-112,$760,$1324,$119,$53,$18,$71,$26,$32,$-58,$-2,$-7,$183,$-57,$0,$-1,$0,$0,$0,$-3,$-61,$0,$0,$0,$-51,$-51,$-86,$-5,$-142,$-18,$25,$-86
11,2015-12-31,14.43,$4.52,3.19,$12.38,1.17,$0.89,16.29,$0.64,22.55,$1.13B,$0.61B,1.85,$0.00B,$0.74B,0.0,$2.05B,$0.72B,35.25%,$2.05B,$0.20B,9.83%,$2.05B,$0.20B,9.83%,$2.05B,$0.37B,18.21%,$2.05B,$0.14B,6.82%,$2.05B,$0.11B,5.21%,$0.11B,$0.74B,14.61%,$0.11B,$0.52B,20.82%,$0.11B,$1.51B,7.30%,$0.20B,$0.74B,27.58%,$621,$413,$208,$29,$111,$553,$69,$1,$69,$1,$68,$68,$65,$83,$69,$163,165,$0.40,$0.39,$505,$240,$101,$1130,$99,$0,$218,$63,$380,$1510,$610,$0,$163,$163,$773,$30,$935,$-116,$737,$1510,$91,$38,$21,$59,$-116,$18,$69,$-9,$1,$151,$-50,$0,$0,$0,$0,$0,$-2,$-52,$0,$0,$0,$-36,$-36,$-86,$-3,$-125,$-28,$18,$-86
12,2015-09-30,12.56,$0.00,0.0,$12.25,1.03,$0.89,14.06,$0.63,19.93,$1.04B,$0.59B,1.77,$0.00B,$0.00B,0.0,$2.04B,$0.73B,35.79%,$2.04B,$0.20B,9.97%,$2.04B,$0.20B,9.97%,$2.04B,$0.37B,18.31%,$2.04B,$0.14B,6.77%,$2.04B,$0.11B,5.15%,$0.11B,$0.67B,13.62%,$0.11B,$0.45B,20.17%,$0.11B,$1.43B,7.01%,$0.20B,$0.67B,26.33%,$518,$346,$173,$29,$104,$482,$37,$-1,$36,$6,$30,$30,$18,$49,$37,$164,166,$0.11,$0.11,$366,$328,$74,$1042,$0,$0,$219,$61,$280,$1430,$588,$0,$172,$172,$761,$0,$0,$0,$669,$1430,$26,$23,$13,$37,$-95,$-55,$50,$-9,$-77,$-15,$-31,$0,$0,$0,$0,$0,$-0,$-32,$0,$0,$0,$-38,$-38,$-86,$-2,$-126,$-171,$12,$-86
13,2015-06-30,13.53,$0.00,0.0,$12.32,1.1,$1.39,9.76,$0.74,18.28,$1.12B,$0.55B,2.01,$0.00B,$0.00B,0.0,$2.05B,$0.76B,37.14%,$2.05B,$0.21B,10.15%,$2.05B,$0.21B,10.15%,$2.05B,$0.38B,18.45%,$2.05B,$0.14B,7.03%,$2.05B,$0.12B,6.00%,$0.12B,$0.77B,14.96%,$0.12B,$0.55B,22.81%,$0.12B,$1.50B,8.02%,$0.21B,$0.77B,25.30%,$448,$290,$158,$28,$105,$434,$14,$-1,$13,$-0,$13,$13,$7,$25,$14,$164,167,$0.05,$0.04,$492,$328,$73,$1115,$0,$0,$219,$62,$282,$1498,$554,$0,$177,$177,$732,$0,$0,$0,$766,$1498,$7,$11,$-1,$11,$-41,$-54,$35,$-2,$-44,$-26,$-15,$0,$0,$0,$-0,$-0,$-0,$-16,$0,$0,$0,$-5,$-5,$0,$-1,$-5,$-45,$6,$0
14,2015-03-31,12.13,$4.61,2.63,$12.55,0.97,$1.73,7.01,$0.83,14.62,$1.05B,$0.50B,2.13,$0.00B,$0.76B,0.0,$2.09B,$0.79B,37.70%,$2.09B,$0.22B,10.46%,$2.09B,$0.22B,10.46%,$2.09B,$0.39B,18.71%,$2.09B,$0.15B,7.39%,$2.09B,$0.14B,6.62%,$0.14B,$0.76B,16.45%,$0.14B,$0.54B,26.41%,$0.14B,$1.43B,8.97%,$0.22B,$0.76B,25.98%,$467,$282,$185,$34,$69,$386,$82,$2,$22,$-5,$26,$17,$17,$217,$82,$164,166,$0.10,$0.10,$533,$256,$95,$1052,$86,$0,$218,$70,$375,$1427,$495,$0,$174,$174,$669,$30,$930,$-113,$758,$1427,$9,$172,$27,$172,$-8,$-61,$60,$-4,$-31,$179,$-45,$0,$-1,$0,$0,$0,$-3,$-48,$0,$0,$0,$1,$1,$-44,$-6,$-49,$68,$23,$-44
15,2014-12-31,12.39,$0.00,0.0,$12.67,0.98,$1.91,6.49,$0.80,15.49,$1.14B,$0.58B,1.97,$0.00B,$0.89B,0.0,$2.10B,$0.81B,38.61%,$2.10B,$0.25B,11.94%,$2.10B,$0.25B,11.94%,$2.10B,$0.31B,14.50%,$2.10B,$0.17B,7.99%,$2.10B,$0.13B,6.32%,$0.13B,$0.89B,15.64%,$0.13B,$0.55B,26.61%,$0.13B,$1.64B,8.61%,$0.25B,$0.89B,29.51%,$604,$392,$213,$27,$116,$535,$70,$-2,$67,$1,$66,$66,$63,$82,$70,$164,166,$0.38,$0.38,$517,$246,$66,$1135,$0,$0,$346,$67,$413,$1639,$575,$0,$173,$173,$748,$30,$1043,$0,$891,$1639,$119,$37,$17,$54,$-131,$-30,$111,$-7,$-35,$137,$-35,$0,$0,$0,$0,$0,$-3,$-37,$0,$0,$0,$1,$1,$-44,$-5,$-47,$47,$18,$-44
16,2014-09-30,11.61,$0.00,0.0,$12.88,0.9,$1.76,6.6,$0.72,16.12,$1.07B,$0.52B,2.07,$0.00B,$0.87B,0.0,$2.13B,$0.81B,38.18%,$2.13B,$0.24B,11.05%,$2.13B,$0.24B,11.05%,$2.13B,$0.29B,13.68%,$2.13B,$0.15B,7.24%,$2.13B,$0.12B,5.59%,$0.12B,$0.87B,14.53%,$0.12B,$0.53B,25.58%,$0.12B,$1.57B,7.84%,$0.24B,$0.87B,28.69%,$530,$326,$205,$32,$130,$488,$42,$-1,$42,$6,$36,$36,$36,$54,$42,$163,166,$0.22,$0.22,$500,$245,$69,$1067,$0,$0,$349,$67,$416,$1574,$517,$0,$182,$182,$699,$30,$1032,$0,$874,$1574,$56,$25,$0,$25,$0,$0,$0,$0,$-30,$61,$-25,$0,$0,$0,$0,$-2,$0,$-27,$0,$0,$0,$0,$-1,$0,$1,$-0,$31,$0,$0
17,2014-06-30,11.8,$0.00,0.0,$12.99,0.91,$1.49,7.93,$0.59,20.0,$1.01B,$0.50B,2.02,$0.00B,$0.83B,0.0,$2.13B,$0.79B,37.11%,$2.13B,$0.22B,10.15%,$2.13B,$0.22B,10.15%,$2.13B,$0.27B,12.87%,$2.13B,$0.13B,6.06%,$2.13B,$0.10B,4.56%,$0.10B,$0.83B,12.48%,$0.10B,$0.48B,23.07%,$0.10B,$1.52B,6.54%,$0.22B,$0.83B,27.78%,$484,$300,$183,$31,$128,$459,$24,$0,$23,$3,$20,$22,$22,$37,$24,$163,166,$0.14,$0.13,$485,$240,$63,$1008,$0,$0,$353,$65,$418,$1515,$499,$0,$184,$184,$683,$30,$996,$0,$833,$1515,$20,$13,$0,$13,$0,$0,$0,$0,$-9,$28,$-11,$0,$0,$0,$0,$-1,$0,$-12,$0,$0,$0,$0,$-0,$0,$0,$0,$16,$0,$0
18,2014-03-31,13.48,$4.94,2.73,$13.05,1.03,$1.30,10.39,$0.47,28.69,$0.93B,$0.46B,2.05,$0.00B,$0.80B,0.0,$2.12B,$0.78B,36.50%,$2.12B,$0.19B,9.14%,$2.12B,$0.19B,9.14%,$2.12B,$0.26B,12.01%,$2.12B,$0.11B,4.99%,$2.12B,$0.08B,3.58%,$0.08B,$0.80B,10.14%,$0.08B,$0.45B,19.55%,$0.08B,$1.45B,5.21%,$0.19B,$0.80B,25.89%,$485,$274,$211,$31,$65,$371,$115,$10,$36,$-6,$42,$12,$12,$132,$115,$162,166,$0.07,$0.07,$469,$222,$59,$933,$345,$0,$356,$74,$775,$1451,$455,$0,$192,$192,$647,$30,$976,$-86,$804,$1451,$76,$62,$24,$62,$-0,$49,$-21,$-1,$66,$205,$-43,$0,$-1,$0,$1,$1,$-4,$-47,$0,$0,$0,$17,$19,$-36,$-6,$-23,$136,$23,$-36
19,2013-12-31,12.4,$0.00,0.0,$13.08,0.95,$0.76,16.32,$0.17,72.93,$1.01B,$0.56B,1.8,$0.00B,$0.77B,0.0,$2.11B,$0.72B,34.36%,$2.11B,$-0.20B,-9.25%,$2.11B,$-0.20B,-9.25%,$2.11B,$-0.10B,-4.79%,$2.11B,$0.04B,1.71%,$2.11B,$0.03B,1.33%,$0.03B,$0.77B,3.83%,$0.03B,$0.41B,7.60%,$0.03B,$1.53B,1.94%,$-0.20B,$0.77B,-26.65%,$628,$415,$213,$34,$125,$574,$54,$-1,$53,$5,$49,$49,$49,$68,$54,$161,163,$0.30,$0.30,$380,$258,$61,$1012,$0,$0,$358,$71,$430,$1529,$563,$0,$201,$201,$764,$30,$970,$0,$765,$1529,$64,$44,$0,$44,$0,$0,$0,$0,$-18,$108,$-32,$0,$-1,$0,$0,$1,$0,$-32,$0,$0,$0,$0,$8,$-36,$-2,$-30,$46,$0,$0
20,2013-09-30,8.01,$0.00,0.0,$13.13,0.61,$0.84,9.54,$-1.37,0.0,$0.91B,$0.52B,1.75,$0.00B,$0.71B,0.0,$2.09B,$0.72B,34.43%,$2.09B,$-0.22B,-10.41%,$2.09B,$-0.22B,-10.41%,$2.09B,$-0.16B,-7.45%,$2.09B,$-0.20B,-9.60%,$2.09B,$-0.22B,-10.32%,$-0.22B,$0.71B,-29.60%,$-0.22B,$0.35B,-59.88%,$-0.22B,$1.43B,-15.10%,$-0.22B,$0.71B,-29.87%,$532,$349,$183,$38,$123,$509,$23,$-5,$17,$3,$14,$14,$14,$37,$23,$160,161,$0.09,$0.09,$295,$293,$66,$912,$0,$0,$363,$72,$434,$1434,$523,$0,$203,$203,$725,$30,$927,$0,$708,$1434,$15,$30,$0,$30,$0,$0,$0,$0,$-39,$14,$-23,$0,$-1,$0,$0,$0,$0,$-23,$0,$0,$0,$0,$6,$-36,$-0,$-30,$-39,$0,$0
21,2013-06-30,6.21,$0.00,0.0,$13.30,0.47,$0.76,8.18,$-1.11,0.0,$0.90B,$0.50B,1.79,$0.00B,$0.72B,0.0,$2.11B,$0.73B,34.79%,$2.11B,$-0.22B,-10.43%,$2.11B,$-0.22B,-10.43%,$2.11B,$-0.15B,-7.30%,$2.11B,$-0.19B,-9.19%,$2.11B,$-0.18B,-8.29%,$-0.18B,$0.72B,-22.17%,$-0.18B,$0.35B,-48.58%,$-0.18B,$1.42B,-11.71%,$-0.22B,$0.72B,-27.87%,$478,$310,$168,$36,$130,$476,$2,$-2,$0,$-1,$1,$1,$1,$18,$2,$159,160,$0.01,$0.01,$319,$296,$64,$897,$0,$0,$367,$72,$440,$1423,$502,$0,$200,$200,$702,$30,$958,$0,$720,$1423,$1,$15,$0,$15,$0,$0,$0,$0,$-21,$-1,$-13,$0,$0,$0,$0,$-0,$0,$-14,$0,$0,$0,$0,$0,$0,$-0,$-0,$-15,$0,$0
22,2013-03-31,6.14,$0.00,0.0,$13.24,0.46,$0.68,8.98,$-1.44,0.0,$0.85B,$0.45B,1.86,$0.00B,$0.73B,0.0,$2.10B,$0.71B,33.79%,$2.10B,$-0.25B,-11.90%,$2.10B,$-0.25B,-11.90%,$2.10B,$-0.18B,-8.71%,$2.10B,$-0.25B,-12.04%,$2.10B,$-0.23B,-10.85%,$-0.23B,$0.73B,-26.50%,$-0.23B,$0.37B,-61.33%,$-0.23B,$1.37B,-14.58%,$-0.25B,$0.73B,-29.06%,$469,$309,$160,$37,$181,$744,$-274,$242,$-34,$1,$-35,$-36,$-36,$-224,$-274,$159,159,$-0.23,$-0.23,$334,$261,$70,$845,$0,$0,$366,$76,$442,$1374,$453,$0,$187,$187,$640,$30,$976,$0,$734,$1374,$-228,$67,$27,$67,$45,$23,$-33,$5,$21,$117,$-47,$0,$0,$0,$1,$-3,$0,$-50,$0,$0,$0,$-72,$-74,$-133,$-2,$-210,$-145,$25,$-133
23,2012-12-31,6.65,$0.00,0.0,$13.40,0.5,$1.17,5.7,$-1.04,0.0,$0.94B,$0.55B,1.73,$0.00B,$0.76B,0.0,$2.16B,$0.74B,34.38%,$2.16B,$0.05B,2.22%,$2.16B,$0.05B,2.22%,$2.16B,$0.08B,3.79%,$2.16B,$-0.19B,-8.69%,$2.16B,$-0.16B,-7.58%,$-0.16B,$0.76B,-17.01%,$-0.16B,$0.38B,-39.64%,$-0.16B,$1.49B,-9.74%,$0.05B,$0.76B,4.98%,$615,$404,$210,$40,$139,$584,$31,$-214,$-184,$11,$-195,$-195,$-195,$13,$31,$158,158,$-1.24,$-1.24,$322,$277,$78,$942,$0,$0,$380,$78,$458,$1489,$546,$0,$187,$187,$732,$30,$1019,$0,$757,$1489,$-195,$17,$0,$17,$0,$0,$0,$0,$40,$95,$-9,$0,$0,$0,$0,$0,$0,$-9,$0,$0,$0,$0,$-0,$0,$-1,$-2,$85,$0,$0
24,2012-09-30,8.04,$0.00,0.0,$13.62,0.59,$1.36,5.93,$0.52,15.46,$0.91B,$0.56B,1.63,$0.00B,$0.00B,0.0,$2.26B,$0.79B,35.03%,$2.26B,$0.09B,3.84%,$2.26B,$0.09B,3.84%,$2.26B,$0.16B,6.89%,$2.26B,$0.07B,3.22%,$2.26B,$0.09B,3.80%,$0.09B,$0.95B,7.99%,$0.09B,$0.34B,18.45%,$0.09B,$1.69B,4.75%,$0.09B,$0.95B,8.08%,$548,$352,$196,$38,$137,$526,$21,$2,$24,$-31,$55,$55,$55,$39,$21,$157,158,$0.35,$0.35,$237,$321,$69,$912,$0,$0,$602,$85,$687,$1692,$559,$0,$187,$187,$746,$0,$0,$0,$946,$1692,$3,$35,$0,$35,$0,$0,$0,$0,$-37,$9,$-31,$0,$0,$0,$0,$-3,$0,$-34,$0,$0,$0,$0,$-81,$-133,$-1,$-215,$-241,$0,$0
25,2012-06-30,8.63,$0.00,0.0,$13.48,0.64,$1.41,6.11,$0.27,31.95,$0.93B,$0.48B,1.94,$0.00B,$0.00B,0.0,$2.31B,$0.80B,34.49%,$2.31B,$0.09B,3.90%,$2.31B,$0.09B,3.90%,$2.31B,$0.16B,6.90%,$2.31B,$0.07B,3.08%,$2.31B,$0.05B,2.08%,$0.05B,$1.00B,4.26%,$0.05B,$0.40B,9.40%,$0.05B,$1.70B,2.59%,$0.09B,$1.00B,7.99%,$469,$324,$144,$39,$133,$497,$-28,$-31,$-59,$-7,$-52,$-52,$-52,$-11,$-28,$161,161,$-0.32,$-0.32,$361,$281,$69,$925,$0,$0,$605,$76,$681,$1700,$476,$0,$220,$220,$696,$0,$0,$0,$1004,$1700,$-52,$17,$0,$17,$0,$0,$0,$0,$23,$-7,$-20,$0,$0,$0,$0,$1,$0,$-19,$0,$0,$0,$0,$-90,$0,$-0,$-90,$-118,$0,$0
26,2012-03-31,6.31,$0.00,0.0,$13.24,0.48,$1.57,4.03,$0.42,15.01,$1.07B,$0.49B,2.18,$0.00B,$1.15B,0.0,$2.32B,$0.78B,33.55%,$2.32B,$0.07B,3.15%,$2.32B,$0.07B,3.15%,$2.32B,$0.15B,6.26%,$2.32B,$0.09B,3.93%,$2.32B,$0.07B,3.02%,$0.07B,$1.15B,5.97%,$0.07B,$0.54B,12.65%,$0.07B,$1.86B,3.68%,$0.07B,$1.15B,6.23%,$532,$338,$194,$41,$129,$508,$24,$7,$31,$2,$28,$28,$28,$41,$24,$169,170,$0.17,$0.17,$478,$297,$66,$1065,$0,$0,$614,$83,$697,$1856,$488,$0,$218,$218,$706,$33,$1557,$0,$1150,$1856,$71,$73,$0,$73,$0,$0,$0,$0,$5,$199,$-42,$0,$0,$0,$0,$-19,$7,$-54,$0,$0,$0,$0,$-138,$0,$-1,$-139,$0,$0,$0
27,2011-12-31,6.29,$0.00,0.0,$13.15,0.48,$1.29,4.89,$0.26,24.19,$1.21B,$0.59B,2.05,$0.00B,$0.00B,0.0,$2.33B,$0.76B,32.68%,$2.33B,$0.05B,2.27%,$2.33B,$0.05B,2.27%,$2.33B,$0.13B,5.36%,$2.33B,$0.07B,2.87%,$2.33B,$0.05B,1.93%,$0.05B,$1.21B,3.79%,$0.05B,$0.59B,7.96%,$0.05B,$1.99B,2.37%,$0.05B,$1.21B,4.47%,$715,$456,$259,$42,$147,$645,$70,$8,$77,$22,$55,$55,$55,$87,$70,$173,174,$0.32,$0.32,$523,$296,$73,$1211,$0,$0,$620,$82,$701,$1991,$590,$0,$196,$196,$786,$0,$0,$0,$1205,$1991,$43,$55,$0,$55,$0,$0,$0,$0,$10,$154,$-27,$0,$-19,$0,$0,$6,$0,$-39,$0,$0,$0,$0,$-63,$0,$-1,$-64,$45,$0,$0
28,2011-09-30,6.31,$0.00,0.0,$13.23,0.48,$1.24,5.08,$0.30,21.05,$1.08B,$0.53B,2.05,$0.00B,$1.15B,0.0,$2.37B,$0.77B,32.64%,$2.37B,$0.06B,2.49%,$2.37B,$0.06B,2.49%,$2.37B,$0.13B,5.65%,$2.37B,$0.07B,2.83%,$2.37B,$0.06B,2.32%,$0.06B,$1.15B,4.66%,$0.06B,$0.52B,9.91%,$0.06B,$1.86B,2.91%,$0.06B,$1.15B,5.00%,$589,$391,$198,$39,$135,$566,$24,$-1,$22,$5,$17,$17,$17,$42,$24,$177,177,$0.10,$0.10,$379,$325,$85,$1084,$0,$0,$627,$74,$701,$1864,$529,$0,$185,$185,$714,$33,$1491,$0,$1149,$1864,$-12,$38,$0,$38,$0,$0,$0,$0,$-61,$2,$-16,$0,$-19,$0,$0,$-0,$0,$-35,$0,$0,$0,$0,$-73,$0,$10,$-64,$-98,$0,$0
29,2011-06-30,9.09,$0.00,0.0,$13.18,0.69,$1.22,7.43,$0.43,21.13,$1.13B,$0.52B,2.17,$0.00B,$0.00B,0.0,$2.36B,$0.79B,33.54%,$2.36B,$0.09B,3.64%,$2.36B,$0.09B,3.64%,$2.36B,$0.16B,6.81%,$2.36B,$0.10B,4.02%,$2.36B,$0.08B,3.34%,$0.08B,$1.19B,6.78%,$0.08B,$0.57B,14.73%,$0.08B,$1.89B,4.20%,$0.09B,$1.19B,7.38%,$480,$355,$126,$40,$131,$525,$-45,$6,$-39,$-10,$-30,$-30,$-30,$-25,$-45,$179,179,$-0.17,$-0.17,$476,$318,$90,$1125,$0,$0,$615,$71,$686,$1893,$518,$0,$189,$189,$707,$0,$0,$0,$1186,$1893,$-30,$20,$0,$20,$0,$0,$0,$0,$22,$4,$-6,$0,$0,$0,$0,$-0,$0,$-6,$0,$0,$0,$0,$1,$0,$-0,$0,$-2,$0,$0
30,2011-03-31,14.66,$0.00,0.0,$13.20,1.11,$1.22,12.06,$0.71,20.64,$1.08B,$0.47B,2.29,$0.00B,$1.21B,0.0,$2.36B,$0.84B,35.38%,$2.36B,$0.14B,6.05%,$2.36B,$0.14B,6.05%,$2.36B,$0.22B,9.18%,$2.36B,$0.15B,6.26%,$2.36B,$0.13B,5.46%,$0.13B,$1.21B,11.46%,$0.13B,$0.58B,26.31%,$0.13B,$1.86B,7.07%,$0.14B,$1.21B,12.71%,$548,$368,$179,$38,$138,$544,$4,$3,$7,$4,$3,$3,$3,$21,$4,$179,180,$0.02,$0.01,$478,$281,$59,$1076,$0,$0,$622,$79,$701,$1862,$471,$0,$186,$186,$657,$33,$1514,$0,$1205,$1862,$128,$75,$0,$75,$0,$0,$0,$0,$-69,$155,$-39,$0,$2,$0,$0,$-13,$11,$-38,$0,$0,$0,$0,$43,$0,$3,$46,$158,$0,$0
31,2010-12-31,15.0,$0.00,0.0,$13.12,1.14,$2.40,6.25,$0.84,17.85,$1.16B,$0.60B,1.93,$0.00B,$0.00B,0.0,$2.34B,$0.85B,36.11%,$2.34B,$0.17B,7.14%,$2.34B,$0.17B,7.14%,$2.34B,$0.25B,10.47%,$2.34B,$0.17B,7.26%,$2.34B,$0.15B,6.41%,$0.15B,$1.18B,13.97%,$0.15B,$0.54B,34.70%,$0.15B,$1.95B,8.53%,$0.17B,$1.18B,15.55%,$754,$483,$271,$39,$156,$678,$76,$1,$77,$12,$65,$65,$65,$96,$76,$177,180,$0.37,$0.36,$461,$301,$58,$1156,$0,$0,$635,$71,$706,$1948,$600,$0,$169,$169,$769,$0,$0,$0,$1179,$1948,$126,$57,$0,$57,$0,$0,$0,$0,$-47,$153,$-29,$0,$-7,$0,$0,$-13,$12,$-37,$0,$0,$0,$0,$28,$0,$3,$31,$141,$0,$0
32,2010-09-30,14.09,$0.00,0.0,$12.38,1.14,$3.24,4.35,$0.80,17.61,$1.02B,$0.57B,1.79,$0.00B,$0.00B,0.0,$2.20B,$0.78B,35.54%,$2.20B,$0.15B,6.76%,$2.20B,$0.15B,6.76%,$2.20B,$0.23B,10.26%,$2.20B,$0.16B,7.04%,$2.20B,$0.14B,6.45%,$0.14B,$1.09B,13.86%,$0.14B,$0.45B,37.47%,$0.14B,$1.82B,8.43%,$0.15B,$1.09B,14.54%,$582,$365,$217,$41,$125,$531,$51,$-1,$50,$9,$41,$41,$41,$69,$51,$176,178,$0.23,$0.23,$308,$343,$63,$1019,$0,$0,$642,$67,$709,$1819,$569,$0,$161,$161,$729,$0,$0,$0,$1090,$1819,$61,$37,$0,$37,$0,$0,$0,$0,$-111,$5,$-23,$0,$-7,$0,$0,$0,$0,$-30,$0,$0,$0,$0,$17,$0,$1,$17,$-12,$0,$0
33,2010-06-30,10.84,$0.00,0.0,$11.87,0.91,$3.97,2.73,$0.68,15.94,$0.87B,$0.49B,1.78,$0.00B,$1.03B,0.0,$2.12B,$0.72B,33.88%,$2.12B,$0.13B,5.90%,$2.12B,$0.13B,5.90%,$2.12B,$0.20B,9.49%,$2.12B,$0.13B,6.23%,$2.12B,$0.12B,5.76%,$0.12B,$1.03B,12.45%,$0.12B,$0.39B,28.52%,$0.12B,$1.67B,7.60%,$0.13B,$1.03B,12.75%,$479,$310,$169,$38,$119,$468,$12,$2,$14,$-5,$20,$20,$20,$31,$12,$175,177,$0.11,$0.11,$317,$280,$63,$874,$0,$0,$642,$68,$710,$1671,$492,$0,$152,$152,$644,$33,$1426,$0,$1027,$1671,$20,$19,$0,$19,$0,$0,$0,$0,$-39,$6,$-9,$0,$0,$0,$0,$0,$0,$-9,$0,$0,$0,$0,$5,$0,$0,$6,$-3,$0,$0
34,2010-03-31,13.21,$0.00,0.0,$10.99,1.2,$4.37,3.02,$0.37,35.7,$0.79B,$0.44B,1.8,$0.00B,$0.00B,0.0,$1.97B,$0.63B,31.96%,$1.97B,$0.08B,4.12%,$1.97B,$0.08B,4.12%,$1.97B,$0.15B,7.72%,$1.97B,$0.08B,4.27%,$1.97B,$0.07B,3.35%,$0.07B,$1.00B,6.83%,$0.07B,$0.35B,13.04%,$0.07B,$1.60B,4.26%,$0.08B,$1.00B,8.38%,$525,$337,$188,$40,$121,$497,$28,$1,$29,$4,$24,$24,$24,$49,$28,$176,178,$0.14,$0.14,$320,$220,$59,$794,$0,$0,$649,$66,$715,$1600,$440,$0,$160,$160,$600,$0,$0,$0,$1000,$1600,$65,$71,$0,$71,$0,$0,$0,$0,$225,$365,$-40,$0,$0,$0,$0,$-389,$1,$-428,$0,$-14,$0,$0,$-97,$0,$3,$-108,$-173,$0,$0
35,2009-12-31,13.83,$0.00,0.0,$10.31,1.34,$3.39,4.08,$0.03,461.05,$0.84B,$0.51B,1.64,$0.00B,$0.98B,0.0,$1.85B,$0.54B,29.34%,$1.85B,$0.03B,1.62%,$1.85B,$0.03B,1.62%,$1.85B,$0.09B,5.02%,$1.85B,$0.01B,0.76%,$1.85B,$0.01B,0.38%,$0.01B,$0.98B,0.72%,$0.01B,$0.33B,1.17%,$0.01B,$1.65B,0.47%,$0.03B,$0.98B,3.11%,$617,$408,$209,$33,$118,$559,$58,$3,$62,$5,$57,$57,$57,$77,$58,$176,178,$0.32,$0.32,$281,$235,$72,$836,$0,$0,$650,$67,$717,$1646,$509,$0,$156,$156,$665,$33,$1382,$0,$981,$1646,$40,$49,$0,$49,$0,$0,$0,$0,$219,$299,$-26,$0,$0,$0,$0,$-389,$1,$-414,$0,$-14,$0,$0,$-85,$0,$2,$-97,$-212,$0,$0
36,2009-09-30,14.86,$0.00,0.0,$10.32,1.44,$2.61,5.68,$-0.07,0.0,$1.09B,$0.45B,2.43,$0.00B,$0.91B,0.0,$1.86B,$0.52B,28.00%,$1.86B,$0.02B,0.81%,$1.86B,$0.02B,0.81%,$1.86B,$0.07B,3.87%,$1.86B,$0.00B,0.27%,$1.86B,$-0.01B,-0.54%,$-0.01B,$0.91B,-1.02%,$-0.01B,$0.64B,-1.42%,$-0.01B,$1.50B,-0.66%,$0.02B,$0.91B,1.53%,$498,$346,$152,$32,$93,$471,$27,$-1,$27,$6,$21,$21,$21,$44,$27,$178,181,$0.12,$0.11,$525,$240,$60,$1085,$0,$0,$271,$49,$320,$1502,$446,$0,$142,$142,$589,$33,$1325,$0,$913,$1502,$-17,$31,$0,$31,$0,$0,$0,$0,$110,$133,$-18,$0,$0,$0,$0,$-0,$1,$-18,$0,$0,$0,$0,$-88,$0,$1,$-87,$32,$0,$0
37,2009-06-30,11.34,$0.00,0.0,$11.19,1.01,$2.30,4.93,$0.21,54.01,$1.03B,$0.34B,3.04,$0.00B,$0.97B,0.0,$2.03B,$0.60B,29.44%,$2.03B,$0.07B,3.35%,$2.03B,$0.07B,3.35%,$2.03B,$0.12B,6.02%,$2.03B,$0.06B,2.96%,$2.03B,$0.04B,2.02%,$0.04B,$0.97B,4.08%,$0.04B,$0.70B,5.57%,$0.04B,$1.45B,2.61%,$0.07B,$0.97B,6.76%,$328,$248,$80,$31,$80,$360,$-32,$-0,$-34,$4,$-37,$-36,$-36,$-18,$-32,$180,180,$-0.20,$-0.20,$567,$236,$54,$1026,$0,$0,$273,$47,$320,$1447,$338,$0,$138,$138,$476,$33,$1304,$0,$971,$1447,$-37,$14,$0,$14,$0,$0,$0,$0,$94,$76,$-8,$0,$0,$0,$0,$0,$0,$-8,$0,$0,$0,$0,$4,$0,$0,$5,$75,$0,$0
38,2009-03-31,8.31,$0.00,0.0,$12.12,0.69,$2.10,3.96,$0.57,14.58,$1.00B,$0.29B,3.45,$0.00B,$1.00B,0.0,$2.21B,$0.69B,31.28%,$2.21B,$0.13B,5.89%,$2.21B,$0.13B,5.89%,$2.21B,$0.18B,8.24%,$2.21B,$0.13B,5.75%,$2.21B,$0.11B,4.80%,$0.11B,$1.00B,10.57%,$0.11B,$0.72B,14.18%,$0.11B,$1.42B,6.67%,$0.13B,$1.00B,12.96%,$408,$306,$102,$30,$95,$431,$-23,$-19,$-41,$-6,$-35,$-35,$-35,$-10,$-23,$179,179,$-0.20,$-0.20,$494,$233,$57,$999,$0,$0,$275,$44,$319,$1422,$289,$0,$135,$135,$424,$33,$1342,$0,$998,$1422,$107,$52,$0,$52,$0,$0,$0,$0,$27,$201,$-48,$0,$-64,$0,$0,$0,$-0,$-113,$0,$0,$0,$0,$-48,$0,$7,$-41,$10,$0,$0
39,2008-12-31,12.59,$0.00,0.0,$13.07,0.96,$3.05,4.13,$1.09,11.55,$1.27B,$0.53B,2.4,$0.00B,$1.04B,0.0,$2.40B,$0.80B,33.43%,$2.40B,$0.22B,9.12%,$2.40B,$0.22B,9.12%,$2.40B,$0.27B,11.28%,$2.40B,$0.24B,9.83%,$2.40B,$0.20B,8.37%,$0.20B,$1.04B,20.24%,$0.20B,$0.76B,26.69%,$0.20B,$1.70B,12.45%,$0.22B,$1.04B,22.05%,$627,$440,$187,$32,$112,$585,$43,$10,$53,$13,$40,$40,$40,$56,$43,$178,181,$0.23,$0.22,$482,$340,$73,$1270,$0,$0,$282,$40,$322,$1699,$529,$0,$128,$128,$657,$33,$1377,$0,$1042,$1699,$142,$40,$0,$40,$0,$0,$0,$0,$-19,$175,$-39,$0,$-64,$0,$0,$0,$-0,$-103,$0,$0,$0,$0,$-55,$0,$7,$-49,$-2,$0,$0
40,2008-09-30,18.85,$0.00,0.0,$13.55,1.39,$3.61,5.22,$1.58,11.93,$1.32B,$0.57B,2.3,$0.00B,$1.01B,0.0,$2.52B,$0.89B,35.33%,$2.52B,$0.29B,11.59%,$2.52B,$0.29B,11.59%,$2.52B,$0.35B,13.70%,$2.52B,$0.33B,13.10%,$2.52B,$0.30B,11.71%,$0.30B,$1.01B,30.32%,$0.30B,$0.76B,39.41%,$0.30B,$1.71B,18.49%,$0.29B,$1.01B,30.01%,$665,$437,$228,$33,$114,$584,$80,$2,$82,$10,$72,$72,$72,$94,$80,$179,184,$0.41,$0.39,$459,$324,$68,$1318,$0,$0,$250,$39,$289,$1713,$573,$0,$126,$126,$699,$33,$1336,$0,$1013,$1713,$102,$26,$0,$26,$0,$0,$0,$0,$-55,$83,$-25,$0,$-32,$0,$0,$0,$-0,$-57,$0,$0,$0,$0,$-54,$0,$6,$-48,$-27,$0,$0
41,2008-06-30,21.66,$0.00,0.0,$13.09,1.66,$3.73,5.8,$1.25,17.33,$1.16B,$0.44B,2.65,$0.00B,$0.96B,0.0,$2.45B,$0.88B,35.85%,$2.45B,$0.29B,11.92%,$2.45B,$0.29B,11.92%,$2.45B,$0.34B,14.05%,$2.45B,$0.27B,10.90%,$2.45B,$0.24B,9.60%,$0.24B,$0.96B,25.21%,$0.24B,$0.74B,32.67%,$0.24B,$1.52B,15.36%,$0.29B,$0.96B,31.33%,$509,$335,$174,$33,$111,$479,$30,$3,$33,$4,$29,$29,$29,$42,$30,$179,185,$0.16,$0.16,$484,$274,$63,$1160,$0,$0,$215,$43,$257,$1521,$438,$0,$125,$125,$563,$33,$1264,$0,$958,$1521,$29,$12,$0,$12,$0,$0,$0,$0,$-0,$44,$-11,$0,$0,$0,$0,$0,$-0,$-11,$0,$0,$0,$0,$-38,$0,$4,$-34,$-1,$0,$0
42,2008-03-31,20.57,$0.00,0.0,$12.60,1.63,$3.51,5.86,$1.23,16.72,$1.17B,$0.44B,2.63,$0.00B,$0.96B,0.0,$2.37B,$0.85B,35.82%,$2.37B,$0.29B,12.07%,$2.37B,$0.29B,12.07%,$2.37B,$0.34B,14.18%,$2.37B,$0.26B,11.10%,$2.37B,$0.23B,9.79%,$0.23B,$0.96B,25.64%,$0.23B,$0.74B,33.36%,$0.23B,$1.53B,15.76%,$0.29B,$0.96B,31.61%,$601,$387,$214,$33,$114,$535,$66,$2,$68,$8,$60,$60,$60,$79,$66,$181,186,$0.33,$0.32,$486,$246,$61,$1166,$0,$0,$216,$40,$256,$1527,$443,$0,$124,$124,$567,$33,$1235,$0,$960,$1527,$231,$49,$0,$49,$0,$0,$0,$0,$58,$393,$-58,$0,$-60,$0,$0,$172,$-1,$53,$0,$0,$-12,$0,$-169,$0,$15,$-166,$286,$0,$0
43,2007-12-31,29.62,$0.00,0.0,$12.06,2.46,$3.06,9.69,$1.20,24.68,$1.27B,$0.55B,2.3,$0.00B,$0.96B,0.0,$2.28B,$0.81B,35.58%,$2.28B,$0.28B,12.05%,$2.28B,$0.28B,12.05%,$2.28B,$0.32B,14.15%,$2.28B,$0.26B,11.26%,$2.28B,$0.23B,9.99%,$0.23B,$0.96B,26.03%,$0.23B,$0.74B,33.98%,$0.23B,$1.62B,16.03%,$0.28B,$0.96B,31.39%,$744,$470,$274,$31,$127,$628,$116,$30,$147,$13,$134,$134,$134,$130,$116,$182,189,$0.74,$0.71,$510,$253,$64,$1270,$0,$0,$218,$36,$254,$1621,$554,$0,$106,$106,$659,$33,$1175,$0,$961,$1621,$171,$37,$0,$37,$0,$0,$0,$0,$39,$290,$-41,$0,$-22,$0,$0,$170,$-0,$106,$0,$-12,$0,$0,$40,$-138,$14,$-95,$303,$0,$0
44,2007-09-30,23.89,$0.00,0.0,$11.56,2.07,$2.66,8.97,$0.98,24.38,$1.12B,$0.50B,2.22,$0.00B,$0.85B,0.0,$2.20B,$0.78B,35.37%,$2.20B,$0.26B,11.79%,$2.20B,$0.26B,11.79%,$2.20B,$0.30B,13.84%,$2.20B,$0.21B,9.74%,$2.20B,$0.19B,8.56%,$0.19B,$0.85B,22.31%,$0.19B,$0.65B,28.90%,$0.19B,$1.45B,13.82%,$0.26B,$0.85B,30.74%,$595,$380,$216,$31,$105,$515,$80,$-61,$19,$8,$12,$12,$12,$93,$80,$181,188,$0.06,$0.06,$367,$263,$62,$1117,$0,$0,$203,$33,$236,$1451,$502,$0,$100,$100,$602,$33,$1041,$0,$849,$1451,$37,$22,$0,$22,$0,$0,$0,$0,$-14,$113,$-30,$0,$0,$0,$0,$57,$-0,$27,$0,$-12,$0,$0,$-68,$0,$8,$-72,$69,$0,$0
45,2007-06-30,21.33,$0.00,0.0,$11.04,1.93,$2.31,9.25,$1.18,18.08,$0.96B,$0.35B,2.77,$0.00B,$0.85B,0.0,$2.10B,$0.73B,34.89%,$2.10B,$0.23B,10.98%,$2.10B,$0.23B,10.98%,$2.10B,$0.27B,12.98%,$2.10B,$0.25B,11.88%,$2.10B,$0.23B,10.69%,$0.23B,$0.85B,27.59%,$0.23B,$0.65B,35.27%,$0.23B,$1.29B,17.26%,$0.23B,$0.85B,28.33%,$430,$285,$145,$29,$92,$406,$24,$5,$29,$3,$26,$26,$26,$34,$24,$182,189,$0.14,$0.14,$367,$232,$60,$962,$0,$0,$200,$31,$231,$1290,$348,$0,$93,$93,$441,$33,$1029,$0,$849,$1290,$26,$10,$0,$10,$0,$0,$0,$0,$-23,$12,$-20,$0,$0,$0,$0,$87,$1,$68,$0,$-12,$0,$0,$-41,$0,$4,$-48,$31,$0,$0
46,2007-03-31,22.5,$0.00,0.0,$10.83,2.08,$2.38,9.45,$1.20,18.75,$1.01B,$0.47B,2.17,$0.00B,$0.85B,0.0,$2.07B,$0.71B,34.35%,$2.07B,$0.23B,11.18%,$2.07B,$0.23B,11.18%,$2.07B,$0.27B,13.11%,$2.07B,$0.26B,12.34%,$2.07B,$0.23B,11.08%,$0.23B,$0.85B,29.47%,$0.23B,$0.65B,37.37%,$0.23B,$1.33B,18.34%,$0.23B,$0.85B,29.73%,$513,$336,$177,$28,$94,$457,$55,$7,$62,$6,$56,$56,$56,$66,$55,$183,191,$0.31,$0.29,$411,$218,$68,$1007,$0,$0,$199,$34,$233,$1327,$465,$0,$18,$18,$483,$33,$996,$0,$845,$1327,$230,$40,$0,$40,$0,$0,$0,$0,$46,$304,$-47,$0,$-21,$0,$0,$-202,$-1,$-270,$0,$-2,$0,$0,$-93,$0,$13,$-82,$-49,$0,$0
47,2006-12-31,23.12,$0.00,0.0,$10.52,2.2,$1.54,15.04,$1.17,19.76,$1.08B,$0.53B,2.05,$0.00B,$0.83B,0.0,$2.02B,$0.68B,33.76%,$2.02B,$0.23B,11.44%,$2.02B,$0.23B,11.44%,$2.02B,$0.27B,13.22%,$2.02B,$0.25B,12.48%,$2.02B,$0.22B,11.09%,$0.22B,$0.83B,30.39%,$0.22B,$0.66B,38.23%,$0.22B,$1.37B,18.96%,$0.23B,$0.83B,31.34%,$659,$420,$239,$29,$110,$559,$100,$5,$104,$10,$94,$94,$94,$111,$100,$183,191,$0.52,$0.49,$368,$235,$59,$1078,$0,$11,$167,$30,$208,$1372,$526,$0,$18,$18,$544,$33,$939,$0,$827,$1372,$174,$30,$0,$30,$0,$0,$0,$0,$21,$213,$-37,$0,$-20,$0,$0,$-92,$-1,$-150,$0,$-2,$0,$0,$-56,$0,$11,$-47,$18,$0,$0
