,Date,Stock Price,Book Value per Share,Price to Book Ratio,TTM Sales per Share,Price to Sales Ratio,TTM FCF per Share,Price to FCF Ratio,TTM Net EPS,PE Ratio,Current Assets,Current Liabilities,Current Ratio,Long Term Debt,Shareholder's Equity_x,Debt to Equity Ratio,TTM Revenue_x,TTM Gross Profit,Gross Margin,TTM Revenue_y,TTM Operating Income,Operating Margin,TTM Revenue_x,TTM EBIT,EBIT Margin,TTM Revenue_y,TTM EBITDA,EBITDA Margin,TTM Revenue_x,TTM Pre-Tax Income,Pre-Tax Margin,TTM Revenue_y,TTM Net Income_x,Net Margin,TTM Net Income_y,Shareholder's Equity_y,Return on Equity,TTM Net Income_x,Tangible Equity,Return on Tangible Equity,TTM Net Income_y,Total Assets,Return on Assets,TTM Net Income,LT Investments & Debt,Return on Investment,revenue,cost-goods-sold,gross-profit,research-development-expenses,selling-general-administrative-expenses,operating-expenses,operating-income,total-non-operating-income-expense,pre-tax-income,total-provision-income-taxes,income-after-taxes,income-from-continuous-operations,net-income,ebitda,ebit,basic-shares-outstanding,shares-outstanding,eps-basic-net-earnings-per-share,eps-earnings-per-share-diluted,cash-on-hand,inventory,other-current-assets,total-current-assets,net-property-plant-equipment,long-term-investments,goodwill-intangible-assets-total,other-long-term-assets,total-long-term-assets,total-assets,total-current-liabilities,long-term-debt,other-non-current-liabilities,total-long-term-liabilities,total-liabilities,common-stock-net,retained-earnings-accumulated-deficit,comprehensive-income,total-share-holder-equity,total-liabilities-share-holders-equity,net-income-loss,total-depreciation-amortization-cash-flow,other-non-cash-items,total-non-cash-items,change-in-accounts-receivable,change-in-inventories,change-in-accounts-payable,change-in-assets-liabilities,total-change-in-assets-liabilities,cash-flow-from-operating-activities,net-change-in-property-plant-equipment,net-change-in-intangible-assets,net-acquisitions-divestitures,net-change-in-short-term-investments,net-change-in-long-term-investments,net-change-in-investments-total,investing-activities-other,cash-flow-from-investing-activities,net-long-term-debt,net-current-debt,debt-issuance-retirement-net-total,net-common-equity-issued-repurchased,net-total-equity-issued-repurchased,total-common-preferred-stock-dividends-paid,financial-activities-other,cash-flow-from-financial-activities,net-cash-flow,stock-based-compensation,common-stock-dividends-paid
0,2018-09-30,89.1,$58.61,1.52,$22.31,3.99,$18.73,4.76,$2.66,33.5,$0.32B,$0.51B,0.62,$0.20B,$3.01B,0.07,$1.17B,$0.91B,77.44%,$1.17B,$0.08B,6.92%,$1.17B,$0.08B,6.92%,$1.17B,$0.37B,31.45%,$1.17B,$0.08B,6.67%,$1.17B,$0.14B,12.22%,$0.14B,$3.01B,4.61%,$0.14B,$-0.52B,-42.12%,$0.14B,$3.98B,3.62%,$0.08B,$3.21B,2.53%,$309,$73,$236,$42,$132,$292,$17,$-2,$15,$3,$13,$13,$13,$94,$17,$52,52,$0.25,$0.24,$168,$0,$0,$317,$93,$0,$3524,$40,$3658,$3975,$514,$200,$25,$452,$966,$1,$74,$6,$3009,$3975,$49,$223,$-20,$203,$16,$0,$14,$28,$79,$331,$-22,$-26,$-300,$0,$0,$0,$0,$-347,$200,$0,$200,$-186,$-186,$-47,$-29,$-63,$-85,$49,$-47
1,2018-06-30,102.88,$59.02,1.74,$21.39,4.81,$17.63,5.83,$2.61,39.42,$0.34B,$0.52B,0.65,$0.20B,$3.07B,0.07,$1.13B,$0.88B,78.23%,$1.13B,$0.07B,6.28%,$1.13B,$0.07B,6.28%,$1.13B,$0.34B,30.18%,$1.13B,$0.07B,6.19%,$1.13B,$0.14B,12.39%,$0.14B,$3.07B,4.49%,$0.14B,$-0.51B,-46.36%,$0.14B,$4.06B,3.55%,$0.07B,$3.27B,2.24%,$306,$73,$233,$44,$138,$299,$7,$-2,$6,$-1,$7,$7,$7,$82,$7,$52,53,$0.13,$0.12,$199,$0,$0,$337,$92,$0,$3584,$43,$3720,$4057,$523,$200,$27,$464,$987,$1,$77,$7,$3071,$4057,$36,$146,$-24,$122,$23,$0,$12,$42,$99,$257,$-14,$-18,$-301,$0,$0,$0,$0,$-332,$200,$0,$200,$-114,$-114,$-31,$-28,$27,$-54,$33,$-31
2,2018-03-31,114.84,$60.37,1.9,$20.40,5.63,$16.43,6.99,$2.77,41.46,$0.51B,$0.52B,0.97,$0.00B,$3.16B,0.0,$1.08B,$0.86B,79.09%,$1.08B,$0.06B,5.92%,$1.08B,$0.06B,5.92%,$1.08B,$0.32B,29.42%,$1.08B,$0.06B,5.92%,$1.08B,$0.15B,13.69%,$0.15B,$3.16B,4.74%,$0.15B,$-0.13B,-56.65%,$0.15B,$3.93B,3.78%,$0.06B,$3.16B,2.05%,$279,$63,$216,$43,$124,$237,$42,$0,$42,$13,$30,$30,$30,$114,$42,$52,53,$0.57,$0.56,$365,$0,$0,$506,$91,$0,$3294,$36,$3421,$3927,$520,$0,$23,$247,$767,$1,$86,$21,$3160,$3927,$30,$71,$-29,$42,$10,$0,$10,$43,$82,$154,$-7,$-7,$42,$0,$0,$0,$0,$28,$0,$0,$0,$-47,$-47,$-16,$-9,$-72,$113,$16,$-16
3,2017-12-31,113.52,$60.19,1.89,$19.47,5.83,$16.03,7.08,$1.78,63.77,$0.40B,$0.45B,0.9,$0.00B,$3.16B,0.0,$0.99B,$0.79B,79.68%,$0.99B,$-0.01B,-1.21%,$0.99B,$-0.01B,-1.21%,$0.99B,$0.21B,21.23%,$0.99B,$-0.01B,-1.21%,$0.99B,$0.10B,10.01%,$0.10B,$3.16B,3.19%,$0.10B,$-0.20B,-30.60%,$0.10B,$3.86B,2.52%,$-0.01B,$3.16B,-0.39%,$276,$55,$221,$40,$128,$261,$15,$0,$15,$-78,$93,$93,$93,$78,$15,$50,51,$1.93,$1.89,$252,$0,$0,$399,$92,$0,$3358,$8,$3459,$3858,$445,$0,$21,$249,$694,$1,$50,$16,$3164,$3858,$100,$222,$-88,$134,$-17,$0,$-5,$89,$83,$316,$-37,$-30,$-22,$56,$0,$56,$2,$-31,$0,$-30,$-30,$-63,$-63,$-52,$-37,$-181,$112,$67,$-52
4,2017-09-30,108.88,$58.51,1.86,$17.47,6.23,$13.59,8.01,$0.11,989.84,$0.39B,$0.47B,0.84,$0.00B,$3.08B,0.0,$0.80B,$0.64B,80.40%,$0.80B,$-0.03B,-3.12%,$0.80B,$-0.03B,-3.12%,$0.80B,$0.14B,17.48%,$0.80B,$-0.03B,-3.12%,$0.80B,$0.01B,1.00%,$0.01B,$3.08B,0.34%,$0.01B,$-0.37B,-2.94%,$0.01B,$3.94B,0.26%,$-0.03B,$3.08B,-1.05%,$269,$56,$214,$43,$127,$262,$7,$0,$7,$-3,$10,$10,$10,$67,$7,$53,54,$0.19,$0.19,$276,$0,$0,$394,$91,$0,$3446,$9,$3547,$3941,$471,$0,$7,$389,$859,$1,$-30,$11,$3082,$3941,$6,$159,$3,$162,$-6,$0,$10,$75,$115,$283,$-23,$-22,$-18,$42,$0,$42,$0,$-22,$-30,$0,$-30,$-45,$-45,$-39,$-34,$-148,$121,$49,$-39
5,2017-06-30,103.17,$58.43,1.77,$15.80,6.53,$11.56,8.93,$-0.11,0.0,$0.40B,$0.45B,0.9,$0.00B,$3.08B,0.0,$0.62B,$0.50B,81.69%,$0.62B,$-0.03B,-5.19%,$0.62B,$-0.03B,-5.19%,$0.62B,$0.08B,12.64%,$0.62B,$-0.03B,-5.35%,$0.62B,$-0.00B,-0.49%,$-0.00B,$3.08B,-0.18%,$-0.00B,$-0.35B,1.70%,$-0.00B,$3.93B,-0.14%,$-0.03B,$3.08B,-1.92%,$257,$53,$204,$41,$127,$257,$0,$-0,$0,$-15,$15,$15,$15,$59,$0,$53,54,$0.28,$0.28,$285,$0,$0,$402,$83,$0,$3435,$10,$3527,$3929,$446,$0,$6,$399,$846,$1,$-26,$5,$3084,$3929,$-4,$99,$-1,$98,$-0,$0,$11,$49,$99,$193,$-10,$-14,$25,$31,$0,$31,$0,$33,$-30,$0,$-30,$-24,$-24,$-26,$-31,$-112,$119,$30,$-26
6,2017-03-31,96.05,$58.49,1.64,$14.24,6.75,$10.29,9.34,$-0.29,0.0,$0.40B,$0.43B,0.94,$0.03B,$3.08B,0.01,$0.44B,$0.37B,83.97%,$0.44B,$-0.03B,-6.55%,$0.44B,$-0.03B,-6.55%,$0.44B,$0.03B,6.32%,$0.44B,$-0.03B,-6.77%,$0.44B,$-0.02B,-3.39%,$-0.02B,$3.08B,-1.63%,$-0.02B,$-0.38B,17.91%,$-0.02B,$3.96B,-1.12%,$-0.03B,$3.11B,-3.04%,$187,$39,$149,$33,$125,$222,$-34,$-0,$-34,$-16,$-19,$-19,$-19,$6,$-34,$44,44,$-0.43,$-0.43,$296,$0,$0,$403,$80,$0,$3464,$10,$3554,$3957,$430,$30,$5,$446,$876,$1,$-41,$-7,$3081,$3957,$-19,$40,$-2,$38,$3,$0,$4,$39,$86,$106,$-4,$-6,$25,$26,$0,$26,$0,$42,$0,$0,$0,$-3,$-3,$-13,$-9,$-25,$125,$14,$-13
7,2016-12-31,94.66,$8.70,10.88,$13.11,7.22,$9.28,10.2,$0.10,946.55,$0.23B,$0.21B,1.1,$0.03B,$0.20B,0.15,$0.34B,$0.29B,86.90%,$0.34B,$0.00B,1.19%,$0.34B,$0.00B,1.19%,$0.34B,$0.03B,8.04%,$0.34B,$0.00B,0.89%,$0.34B,$0.00B,0.89%,$0.00B,$0.20B,1.49%,$0.00B,$0.01B,17.65%,$0.00B,$0.44B,0.65%,$0.00B,$0.23B,1.65%,$88,$11,$77,$14,$60,$86,$2,$0,$2,$0,$2,$2,$2,$8,$2,$25,26,$0.07,$0.07,$196,$0,$0,$228,$24,$0,$184,$7,$215,$443,$207,$30,$3,$40,$247,$0,$-2,$-7,$196,$443,$3,$22,$29,$51,$-10,$0,$6,$35,$39,$92,$-14,$-2,$-6,$29,$0,$29,$-0,$7,$0,$-30,$-30,$-14,$-14,$-25,$-10,$-79,$18,$38,$-25
8,2016-09-30,88.13,$7.71,11.44,$12.70,6.94,$9.06,9.73,$0.27,326.42,$0.25B,$0.21B,1.19,$0.04B,$0.20B,0.19,$0.32B,$0.28B,86.73%,$0.32B,$0.01B,2.78%,$0.32B,$0.01B,2.78%,$0.32B,$0.03B,9.26%,$0.32B,$0.01B,2.47%,$0.32B,$0.01B,2.16%,$0.01B,$0.20B,3.43%,$0.01B,$0.02B,37.33%,$0.01B,$0.46B,1.50%,$0.01B,$0.23B,3.56%,$85,$11,$74,$14,$58,$85,$-0,$-0,$-1,$0,$-1,$-1,$-1,$5,$-0,$25,25,$-0.03,$-0.03,$217,$0,$0,$248,$25,$0,$181,$7,$214,$462,$209,$38,$8,$57,$265,$0,$9,$-5,$196,$462,$1,$17,$27,$44,$-0,$0,$5,$31,$39,$84,$-13,$-1,$-0,$14,$0,$14,$-0,$1,$0,$-23,$-23,$-13,$-13,$-13,$-14,$-62,$23,$27,$-13
9,2016-06-30,61.48,$8.10,7.59,$12.05,5.1,$8.62,7.13,$0.52,118.23,$0.25B,$0.21B,1.23,$0.05B,$0.21B,0.22,$0.31B,$0.27B,86.73%,$0.31B,$0.02B,5.50%,$0.31B,$0.02B,5.50%,$0.31B,$0.04B,11.65%,$0.31B,$0.02B,5.18%,$0.31B,$0.01B,4.53%,$0.01B,$0.21B,6.91%,$0.01B,$0.02B,28.87%,$0.01B,$0.47B,3.16%,$0.02B,$0.25B,7.03%,$83,$11,$72,$14,$53,$80,$3,$-0,$3,$1,$3,$3,$3,$9,$3,$25,26,$0.10,$0.10,$225,$0,$0,$254,$26,$0,$184,$8,$218,$472,$207,$45,$7,$60,$267,$0,$23,$-5,$205,$472,$1,$11,$18,$29,$2,$0,$3,$29,$33,$64,$-9,$-1,$-0,$-0,$0,$-0,$-0,$-10,$0,$-15,$-15,$-14,$-14,$0,$-9,$-38,$17,$18,$0
10,2016-03-31,48.91,$8.22,5.95,$11.35,4.31,$8.51,5.75,$0.51,95.9,$0.26B,$0.20B,1.26,$0.05B,$0.21B,0.25,$0.29B,$0.25B,86.60%,$0.29B,$0.02B,5.84%,$0.29B,$0.02B,5.84%,$0.29B,$0.03B,11.34%,$0.29B,$0.02B,5.50%,$0.29B,$0.01B,4.47%,$0.01B,$0.21B,6.63%,$0.01B,$0.02B,17.63%,$0.01B,$0.48B,3.14%,$0.02B,$0.26B,7.59%,$80,$11,$69,$15,$52,$80,$-1,$-1,$-1,$-0,$-1,$-1,$-1,$5,$-1,$25,25,$-0.04,$-0.04,$227,$0,$0,$258,$23,$0,$186,$9,$219,$477,$204,$53,$5,$66,$270,$0,$20,$-5,$207,$477,$-1,$6,$9,$14,$1,$0,$2,$25,$25,$38,$-4,$-0,$-0,$-0,$0,$-0,$-0,$-5,$0,$-8,$-8,$-7,$-7,$0,$-2,$-17,$18,$9,$0
11,2015-12-31,65.03,$8.27,7.86,$10.57,6.15,$8.58,7.58,$0.56,116.13,$0.24B,$0.18B,1.34,$0.06B,$0.21B,0.29,$0.27B,$0.24B,86.76%,$0.27B,$0.02B,6.25%,$0.27B,$0.02B,6.25%,$0.27B,$0.03B,11.03%,$0.27B,$0.02B,6.25%,$0.27B,$0.01B,5.15%,$0.01B,$0.21B,7.40%,$0.01B,$0.02B,14.07%,$0.01B,$0.46B,3.66%,$0.02B,$0.27B,8.32%,$76,$10,$66,$13,$45,$69,$7,$0,$7,$1,$6,$6,$6,$11,$7,$25,26,$0.25,$0.24,$208,$0,$0,$236,$22,$0,$189,$8,$219,$456,$176,$60,$3,$72,$248,$0,$21,$-5,$208,$456,$15,$14,$23,$37,$2,$0,$1,$28,$34,$86,$-14,$-2,$-108,$15,$0,$15,$1,$-108,$60,$0,$60,$-0,$-0,$0,$-10,$50,$22,$26,$0
12,2015-09-30,66.06,$7.58,8.72,$9.98,6.62,$8.43,7.83,$0.45,146.8,$0.28B,$0.17B,1.6,$0.00B,$0.19B,0.0,$0.26B,$0.22B,86.72%,$0.26B,$0.01B,5.47%,$0.26B,$0.01B,5.47%,$0.26B,$0.03B,9.77%,$0.26B,$0.01B,5.47%,$0.26B,$0.01B,4.30%,$0.01B,$0.19B,6.09%,$0.01B,$0.13B,8.87%,$0.01B,$0.37B,3.16%,$0.01B,$0.19B,7.75%,$70,$9,$61,$10,$42,$62,$8,$-0,$7,$2,$6,$6,$6,$11,$8,$25,26,$0.22,$0.22,$246,$0,$0,$276,$19,$0,$56,$8,$92,$367,$173,$0,$2,$5,$177,$0,$15,$-4,$190,$367,$8,$10,$19,$29,$2,$0,$3,$33,$35,$72,$-11,$-2,$0,$15,$0,$15,$1,$3,$0,$0,$0,$1,$1,$0,$-12,$-12,$59,$19,$0
13,2015-06-30,62.51,$7.19,8.69,$9.58,6.52,$8.17,7.65,$0.32,195.33,$0.27B,$0.17B,1.56,$0.00B,$0.18B,0.0,$0.24B,$0.21B,86.89%,$0.24B,$0.01B,3.69%,$0.24B,$0.01B,3.69%,$0.24B,$0.02B,8.20%,$0.24B,$0.01B,4.10%,$0.24B,$0.01B,2.87%,$0.01B,$0.18B,3.98%,$0.01B,$0.12B,5.88%,$0.01B,$0.36B,2.10%,$0.01B,$0.18B,5.11%,$65,$9,$56,$10,$43,$62,$3,$0,$3,$0,$2,$2,$2,$6,$3,$25,26,$0.10,$0.09,$237,$0,$1,$265,$16,$0,$56,$8,$90,$355,$170,$0,$3,$6,$176,$0,$9,$-4,$179,$355,$3,$6,$13,$19,$3,$0,$4,$33,$37,$59,$-7,$-2,$0,$-0,$0,$-0,$-0,$-9,$0,$0,$0,$-2,$-2,$0,$-8,$-10,$35,$13,$0
14,2015-03-31,54.27,$7.29,7.45,$9.24,5.87,$7.78,6.97,$0.28,193.81,$0.27B,$0.17B,1.57,$0.00B,$0.18B,0.0,$0.23B,$0.20B,87.18%,$0.23B,$0.01B,2.99%,$0.23B,$0.01B,2.99%,$0.23B,$0.02B,7.69%,$0.23B,$0.01B,3.42%,$0.23B,$0.01B,2.56%,$0.01B,$0.18B,3.39%,$0.01B,$0.12B,4.87%,$0.01B,$0.35B,1.85%,$0.01B,$0.18B,3.96%,$61,$8,$53,$9,$41,$62,$-1,$1,$0,$0,$0,$0,$0,$2,$-1,$25,26,$0.02,$0.01,$232,$0,$1,$265,$16,$0,$57,$8,$89,$354,$169,$0,$2,$5,$175,$0,$7,$-5,$180,$354,$0,$3,$5,$8,$5,$0,$4,$19,$32,$40,$-4,$-1,$0,$0,$0,$0,$-0,$-5,$0,$0,$0,$4,$4,$0,$-3,$1,$31,$5,$0
15,2014-12-31,47.82,$7.12,6.72,$8.83,5.42,$7.28,6.57,$0.31,154.26,$0.23B,$0.14B,1.67,$0.00B,$0.17B,0.0,$0.22B,$0.19B,87.39%,$0.22B,$0.01B,4.50%,$0.22B,$0.01B,4.50%,$0.22B,$0.02B,9.01%,$0.22B,$0.01B,4.50%,$0.22B,$0.01B,3.15%,$0.01B,$0.17B,3.99%,$0.01B,$0.12B,5.59%,$0.01B,$0.32B,2.26%,$0.01B,$0.17B,5.71%,$60,$8,$52,$9,$39,$56,$4,$0,$4,$0,$3,$3,$3,$6,$4,$24,25,$0.15,$0.13,$201,$0,$1,$231,$13,$0,$57,$7,$87,$318,$138,$0,$2,$6,$144,$0,$7,$-3,$174,$318,$8,$11,$22,$33,$-6,$0,$2,$28,$33,$74,$-7,$-3,$-22,$-0,$0,$-0,$-0,$-33,$0,$0,$0,$-19,$-19,$0,$-5,$-24,$12,$25,$0
16,2014-09-30,44.65,$7.00,6.38,$8.32,5.36,$5.44,8.21,$0.16,279.07,$0.22B,$0.13B,1.67,$0.00B,$0.17B,0.0,$0.21B,$0.18B,87.92%,$0.21B,$0.01B,4.35%,$0.21B,$0.01B,4.35%,$0.21B,$0.02B,9.18%,$0.21B,$0.01B,3.86%,$0.21B,$0.00B,1.93%,$0.00B,$0.17B,2.31%,$0.00B,$0.11B,3.10%,$0.00B,$0.31B,1.33%,$0.01B,$0.17B,5.19%,$58,$7,$51,$10,$38,$55,$3,$0,$3,$1,$2,$2,$2,$6,$3,$25,25,$0.09,$0.09,$196,$0,$1,$220,$13,$0,$57,$7,$86,$306,$132,$0,$2,$4,$135,$0,$3,$-2,$171,$306,$5,$8,$19,$27,$2,$0,$1,$21,$27,$59,$-6,$-2,$-22,$0,$0,$0,$-0,$-30,$0,$0,$0,$-13,$-13,$0,$-5,$-18,$7,$18,$0
17,2014-06-30,45.19,$7.37,6.13,$7.79,5.8,$3.66,12.33,$0.07,645.5,$0.24B,$0.13B,1.85,$0.00B,$0.18B,0.0,$0.19B,$0.17B,88.02%,$0.19B,$0.01B,4.17%,$0.19B,$0.01B,4.17%,$0.19B,$0.02B,8.85%,$0.19B,$0.01B,3.65%,$0.19B,$0.00B,1.04%,$0.00B,$0.18B,1.15%,$0.00B,$0.14B,1.45%,$0.00B,$0.32B,0.68%,$0.01B,$0.18B,4.60%,$55,$7,$48,$8,$39,$54,$1,$0,$1,$-0,$1,$1,$1,$4,$1,$24,25,$0.05,$0.05,$221,$0,$1,$244,$14,$0,$42,$8,$73,$317,$131,$0,$2,$4,$135,$0,$1,$-1,$182,$317,$2,$6,$12,$18,$3,$0,$0,$23,$25,$45,$-4,$-1,$-7,$0,$0,$0,$-0,$-13,$0,$0,$0,$3,$3,$0,$-4,$-0,$32,$12,$0
18,2014-03-31,43.51,$7.15,6.08,$7.28,5.97,$2.30,18.93,$-0.04,0.0,$0.23B,$0.12B,1.83,$0.00B,$0.17B,0.0,$0.18B,$0.16B,88.20%,$0.18B,$0.01B,3.93%,$0.18B,$0.01B,3.93%,$0.18B,$0.02B,8.43%,$0.18B,$0.01B,3.37%,$0.18B,0,0.00%,$0.00B,$0.17B,0.00%,$0.00B,$0.13B,0.00%,$0.00B,$0.30B,0.00%,$0.01B,$0.17B,4.09%,$49,$6,$43,$7,$34,$47,$2,$0,$2,$1,$1,$1,$1,$4,$2,$24,25,$0.04,$0.04,$204,$0,$0,$226,$13,$0,$42,$9,$74,$300,$124,$0,$1,$3,$127,$0,$-0,$-1,$174,$300,$1,$3,$6,$8,$2,$0,$-1,$19,$15,$24,$-2,$-1,$-7,$0,$0,$0,$0,$-10,$0,$0,$0,$1,$1,$0,$-1,$-0,$14,$5,$0
19,2013-12-31,32.52,$6.94,4.68,$6.82,4.77,$1.55,21.03,$-0.32,0.0,$0.21B,$0.11B,1.95,$0.00B,$0.17B,0.0,$0.17B,$0.15B,88.55%,$0.17B,$-0.00B,-1.20%,$0.17B,$-0.00B,-1.20%,$0.17B,$0.01B,3.61%,$0.17B,$-0.00B,-1.20%,$0.17B,$-0.01B,-4.22%,$-0.01B,$0.17B,-4.09%,$-0.01B,$0.13B,-4.87%,$-0.01B,$0.28B,-2.52%,$-0.00B,$0.17B,-1.17%,$45,$5,$40,$7,$29,$43,$3,$-0,$2,$3,$-0,$-0,$-0,$5,$3,$24,24,$-0.02,$-0.02,$190,$0,$0,$212,$13,$0,$36,$9,$68,$280,$109,$0,$1,$3,$112,$0,$-1,$-1,$167,$280,$-8,$8,$21,$29,$0,$0,$-2,$8,$9,$30,$-11,$-13,$0,$-0,$0,$-0,$0,$-24,$0,$0,$0,$-27,$-27,$0,$-2,$-29,$-23,$20,$0
20,2013-09-30,30.09,$7.10,4.24,$6.42,4.69,$1.67,18.03,$-0.21,0.0,$0.22B,$0.10B,2.22,$0.00B,$0.17B,0.0,$0.16B,$0.14B,88.61%,$0.16B,$-0.00B,-2.53%,$0.16B,$-0.00B,-2.53%,$0.16B,$0.00B,2.53%,$0.16B,$-0.00B,-1.90%,$0.16B,$-0.01B,-3.16%,$-0.01B,$0.17B,-2.85%,$-0.01B,$0.15B,-3.32%,$-0.01B,$0.28B,-1.80%,$-0.00B,$0.17B,-2.28%,$43,$5,$38,$8,$28,$41,$2,$-0,$2,$2,$-0,$-0,$-0,$4,$2,$24,24,$0.00,$0.00,$199,$0,$0,$223,$12,$0,$24,$7,$54,$277,$100,$0,$1,$4,$104,$0,$-1,$-1,$173,$277,$-7,$6,$15,$21,$2,$0,$-2,$3,$4,$18,$-10,$-1,$0,$-0,$0,$-0,$0,$-11,$0,$0,$0,$-18,$-18,$0,$-1,$-19,$-13,$15,$0
21,2013-06-30,23.71,$7.07,3.35,$6.05,3.92,$2.04,11.6,$-0.18,0.0,$0.22B,$0.10B,2.22,$0.00B,$0.17B,0.0,$0.15B,$0.13B,89.33%,$0.15B,$-0.00B,-2.67%,$0.15B,$-0.00B,-2.67%,$0.15B,$0.00B,2.00%,$0.15B,$-0.00B,-2.00%,$0.15B,$-0.00B,-2.67%,$-0.00B,$0.17B,-2.27%,$-0.00B,$0.15B,-2.65%,$-0.00B,$0.28B,-1.46%,$-0.00B,$0.17B,-2.27%,$41,$5,$36,$7,$29,$41,$-0,$-0,$-0,$1,$-1,$-1,$-1,$2,$-0,$24,24,$-0.06,$-0.06,$201,$0,$0,$221,$11,$0,$25,$7,$53,$275,$100,$0,$1,$4,$103,$0,$-1,$-2,$171,$275,$-7,$4,$11,$14,$4,$0,$-2,$3,$6,$13,$-6,$-1,$0,$-0,$0,$-0,$0,$-8,$0,$0,$0,$-14,$-14,$0,$-1,$-15,$-11,$10,$0
22,2013-03-31,18.63,$7.11,2.62,$5.70,3.27,$2.32,8.01,$-0.10,0.0,$0.23B,$0.10B,2.26,$0.00B,$0.17B,0.0,$0.14B,$0.13B,89.51%,$0.14B,$-0.00B,-1.40%,$0.14B,$-0.00B,-1.40%,$0.14B,$0.01B,3.50%,$0.14B,$-0.00B,-0.70%,$0.14B,$-0.00B,-1.40%,$-0.00B,$0.17B,-1.14%,$-0.00B,$0.15B,-1.34%,$-0.00B,$0.28B,-0.75%,$-0.00B,$0.17B,-1.14%,$37,$4,$33,$7,$32,$44,$-7,$1,$-6,$-0,$-6,$-6,$-6,$-5,$-7,$25,25,$-0.24,$-0.24,$205,$0,$0,$227,$8,$0,$25,$7,$51,$278,$100,$0,$1,$4,$104,$0,$0,$-2,$173,$278,$-6,$2,$5,$7,$1,$0,$-1,$-1,$5,$6,$-2,$-1,$0,$-0,$0,$-0,$0,$-3,$0,$0,$0,$-9,$-9,$0,$-0,$-9,$-7,$5,$0
23,2012-12-31,21.72,$7.44,2.92,$5.48,3.97,$2.42,8.97,$0.14,155.14,$0.23B,$0.09B,2.57,$0.00B,$0.19B,0.0,$0.14B,$0.12B,89.21%,$0.14B,$0.01B,4.32%,$0.14B,$0.01B,4.32%,$0.14B,$0.01B,9.35%,$0.14B,$0.01B,4.32%,$0.14B,$0.00B,2.88%,$0.00B,$0.19B,2.32%,$0.00B,$0.16B,2.73%,$0.00B,$0.28B,1.55%,$0.01B,$0.19B,3.48%,$37,$4,$33,$7,$25,$36,$1,$0,$1,$-1,$2,$2,$2,$3,$1,$25,25,$0.09,$0.09,$212,$0,$0,$232,$7,$0,$25,$5,$47,$280,$90,$0,$1,$5,$95,$0,$6,$-0,$185,$280,$4,$6,$7,$14,$-4,$0,$2,$8,$11,$28,$-5,$-1,$-15,$-5,$0,$-5,$-4,$-30,$0,$0,$0,$3,$3,$0,$7,$9,$8,$15,$0
24,2012-09-30,21.74,$7.08,3.07,$5.30,4.1,$2.73,7.96,$0.13,167.23,$0.22B,$0.08B,2.65,$0.00B,$0.18B,0.0,$0.13B,$0.12B,89.55%,$0.13B,$0.01B,6.72%,$0.13B,$0.01B,6.72%,$0.13B,$0.02B,11.19%,$0.13B,$0.01B,6.72%,$0.13B,$0.00B,2.99%,$0.00B,$0.18B,2.42%,$0.00B,$0.15B,2.79%,$0.00B,$0.26B,1.62%,$0.01B,$0.18B,5.45%,$35,$4,$32,$7,$23,$34,$2,$0,$2,$1,$1,$1,$1,$3,$2,$25,25,$0.03,$0.03,$205,$0,$0,$221,$7,$0,$25,$4,$42,$263,$83,$0,$1,$4,$87,$0,$4,$-1,$176,$263,$1,$4,$9,$13,$-2,$0,$0,$5,$8,$22,$-4,$-1,$-15,$-5,$0,$-5,$-4,$-28,$0,$0,$0,$3,$3,$0,$5,$7,$1,$10,$0
25,2012-06-30,29.58,$6.76,4.37,$5.14,5.75,$2.89,10.25,$0.14,211.29,$0.21B,$0.08B,2.7,$0.00B,$0.17B,0.0,$0.13B,$0.12B,89.23%,$0.13B,$0.01B,6.92%,$0.13B,$0.01B,6.92%,$0.13B,$0.02B,11.54%,$0.13B,$0.01B,6.92%,$0.13B,$0.00B,3.08%,$0.00B,$0.17B,2.54%,$0.00B,$0.14B,2.86%,$0.00B,$0.25B,1.70%,$0.01B,$0.17B,5.71%,$34,$3,$30,$7,$21,$32,$2,$-0,$2,$2,$1,$1,$1,$4,$2,$25,25,$0.02,$0.02,$198,$0,$0,$212,$6,$0,$25,$4,$39,$251,$78,$0,$2,$5,$84,$0,$3,$-1,$167,$251,$1,$3,$6,$9,$0,$0,$-1,$5,$6,$16,$-2,$-1,$-15,$-5,$0,$-5,$-4,$-26,$0,$0,$0,$2,$2,$0,$3,$5,$-5,$6,$0
26,2012-03-31,34.15,$6.56,5.2,$4.97,6.88,$2.81,12.17,$0.23,148.46,$0.20B,$0.08B,2.73,$0.00B,$0.16B,0.0,$0.13B,$0.11B,90.40%,$0.13B,$0.01B,8.80%,$0.13B,$0.01B,8.80%,$0.13B,$0.02B,12.80%,$0.13B,$0.01B,8.80%,$0.13B,$0.01B,4.80%,$0.01B,$0.16B,3.96%,$0.01B,$0.14B,4.30%,$0.01B,$0.24B,2.68%,$0.01B,$0.16B,7.26%,$33,$3,$29,$6,$22,$32,$1,$-0,$1,$1,$0,$0,$0,$3,$1,$25,25,$0.00,$0.00,$192,$0,$0,$204,$6,$0,$26,$1,$36,$240,$75,$0,$2,$4,$79,$0,$3,$-1,$161,$240,$0,$1,$3,$4,$2,$0,$-2,$3,$3,$8,$-1,$-0,$-15,$-5,$0,$-5,$0,$-21,$0,$0,$0,$0,$0,$0,$1,$1,$-11,$3,$0
27,2011-12-31,37.36,$6.35,5.89,$4.81,7.77,$2.85,13.1,$0.23,162.45,$0.21B,$0.07B,2.91,$0.00B,$0.16B,0.0,$0.12B,$0.11B,91.60%,$0.12B,$0.01B,8.40%,$0.12B,$0.01B,8.40%,$0.12B,$0.01B,11.76%,$0.12B,$0.01B,8.40%,$0.12B,$0.01B,5.04%,$0.01B,$0.16B,4.15%,$0.01B,$0.15B,4.32%,$0.01B,$0.23B,2.82%,$0.01B,$0.16B,6.91%,$32,$3,$29,$6,$20,$29,$4,$0,$4,$2,$2,$2,$2,$5,$4,$24,25,$0.08,$0.08,$199,$0,$0,$212,$5,$0,$11,$1,$20,$232,$73,$0,$1,$4,$76,$0,$3,$-2,$156,$232,$6,$5,$7,$11,$-4,$0,$4,$16,$16,$33,$-2,$-0,$-10,$-5,$0,$-5,$-0,$-18,$0,$0,$0,$6,$6,$0,$6,$12,$26,$9,$0
28,2011-09-30,32.19,$6.05,5.32,$4.76,6.76,$2.94,10.97,$0.36,89.41,$0.20B,$0.07B,2.93,$0.00B,$0.15B,0.0,$0.12B,$0.11B,91.53%,$0.12B,$0.01B,10.17%,$0.12B,$0.01B,10.17%,$0.12B,$0.02B,13.56%,$0.12B,$0.01B,10.17%,$0.12B,$0.01B,7.63%,$0.01B,$0.15B,6.51%,$0.01B,$0.14B,6.68%,$0.01B,$0.22B,4.47%,$0.01B,$0.15B,8.68%,$31,$3,$28,$6,$20,$29,$2,$0,$2,$1,$1,$1,$1,$3,$2,$24,25,$0.05,$0.04,$186,$0,$0,$196,$5,$0,$11,$1,$21,$217,$67,$0,$1,$3,$70,$0,$1,$-1,$147,$217,$4,$3,$5,$8,$-2,$0,$2,$12,$12,$24,$-2,$-0,$-10,$-0,$0,$-0,$-0,$-13,$0,$0,$0,$3,$3,$0,$4,$7,$18,$7,$0
29,2011-06-30,37.38,$5.88,6.35,$4.55,8.22,$2.86,13.06,$0.48,77.88,$0.20B,$0.06B,3.18,$0.00B,$0.14B,0.0,$0.11B,$0.10B,91.96%,$0.11B,$0.02B,13.39%,$0.11B,$0.02B,13.39%,$0.11B,$0.02B,16.96%,$0.11B,$0.02B,13.39%,$0.11B,$0.01B,10.71%,$0.01B,$0.14B,9.06%,$0.01B,$0.14B,9.13%,$0.01B,$0.21B,6.26%,$0.02B,$0.14B,11.32%,$29,$2,$27,$5,$18,$25,$4,$0,$4,$1,$3,$3,$3,$5,$4,$24,25,$0.11,$0.11,$184,$0,$0,$195,$6,$0,$1,$1,$11,$206,$61,$0,$0,$3,$64,$0,$-0,$1,$142,$206,$3,$2,$3,$6,$-3,$0,$1,$9,$6,$14,$-2,$-0,$0,$-0,$0,$-0,$-0,$-2,$0,$0,$0,$2,$2,$0,$2,$4,$17,$4,$0
30,2011-03-31,40.86,$5.57,7.34,$4.35,9.4,$2.96,13.81,$0.74,55.22,$0.19B,$0.06B,3.06,$0.00B,$0.13B,0.0,$0.11B,$0.10B,91.51%,$0.11B,$0.02B,14.15%,$0.11B,$0.02B,14.15%,$0.11B,$0.02B,17.92%,$0.11B,$0.02B,14.15%,$0.11B,$0.02B,16.98%,$0.02B,$0.13B,14.31%,$0.02B,$0.13B,14.43%,$0.02B,$0.20B,9.92%,$0.02B,$0.13B,11.93%,$27,$3,$25,$4,$19,$27,$-0,$0,$-0,$-0,$-0,$-0,$-0,$1,$-0,$24,24,$0.00,$0.00,$176,$0,$0,$186,$6,$0,$1,$0,$11,$196,$61,$0,$0,$2,$63,$0,$-3,$0,$134,$196,$-0,$1,$2,$3,$-1,$0,$3,$5,$6,$8,$-1,$-0,$0,$-0,$0,$-0,$-0,$-1,$0,$0,$0,$1,$1,$0,$0,$1,$9,$2,$0
31,2010-12-31,42.98,$5.46,7.86,$4.09,10.49,$2.94,14.6,$0.85,50.56,$0.18B,$0.06B,3.22,$0.00B,$0.13B,0.0,$0.10B,$0.09B,91.00%,$0.10B,$0.02B,18.00%,$0.10B,$0.02B,18.00%,$0.10B,$0.02B,22.00%,$0.10B,$0.02B,18.00%,$0.10B,$0.02B,21.00%,$0.02B,$0.13B,17.80%,$0.02B,$0.13B,17.95%,$0.02B,$0.19B,12.35%,$0.02B,$0.13B,15.25%,$31,$2,$28,$4,$18,$24,$6,$0,$6,$1,$5,$5,$5,$7,$6,$23,25,$0.23,$0.21,$167,$0,$0,$176,$6,$0,$1,$0,$10,$187,$55,$0,$1,$2,$56,$0,$-3,$-0,$130,$187,$21,$4,$1,$5,$-1,$0,$-0,$8,$10,$36,$-4,$-0,$0,$-60,$0,$-60,$0,$-65,$0,$0,$0,$5,$5,$0,$1,$6,$-23,$5,$0
32,2010-09-30,34.87,$5.27,6.62,$4.22,8.27,$3.06,11.4,$0.74,47.13,$0.17B,$0.05B,3.2,$0.00B,$0.12B,0.0,$0.09B,$0.08B,91.01%,$0.09B,$0.02B,16.85%,$0.09B,$0.02B,16.85%,$0.09B,$0.02B,20.22%,$0.09B,$0.02B,16.85%,$0.09B,$0.02B,20.22%,$0.02B,$0.12B,16.33%,$0.02B,$0.12B,16.51%,$0.02B,$0.18B,11.32%,$0.02B,$0.12B,13.61%,$25,$2,$23,$4,$14,$20,$5,$0,$5,$1,$4,$4,$4,$6,$5,$23,25,$0.17,$0.16,$156,$0,$0,$166,$6,$0,$1,$0,$12,$178,$52,$0,$0,$1,$53,$0,$-8,$0,$124,$178,$16,$3,$-3,$-0,$-2,$0,$1,$6,$7,$22,$-2,$-0,$0,$-50,$0,$-50,$0,$-53,$0,$0,$0,$4,$4,$0,$3,$6,$-25,$4,$0
33,2010-06-30,25.42,$4.96,5.13,$4.00,6.35,$2.84,8.95,$0.65,39.11,$0.15B,$0.05B,3.26,$0.00B,$0.12B,0.0,$0.08B,$0.08B,90.36%,$0.08B,$0.01B,14.46%,$0.08B,$0.01B,14.46%,$0.08B,$0.02B,18.07%,$0.08B,$0.01B,14.46%,$0.08B,$0.02B,19.28%,$0.02B,$0.12B,15.57%,$0.02B,$0.11B,15.80%,$0.02B,$0.17B,10.79%,$0.01B,$0.12B,11.68%,$23,$2,$21,$4,$13,$20,$4,$0,$4,$-5,$9,$9,$9,$5,$4,$23,25,$0.39,$0.37,$147,$0,$0,$154,$5,$0,$1,$0,$10,$165,$47,$0,$0,$2,$49,$0,$-12,$-1,$115,$165,$12,$2,$-4,$-2,$0,$0,$-0,$4,$5,$15,$-1,$-0,$0,$-45,$0,$-45,$0,$-47,$0,$0,$0,$2,$2,$0,$1,$3,$-29,$2,$0
