,Date,Stock Price,Book Value per Share,Price to Book Ratio,TTM Sales per Share,Price to Sales Ratio,TTM FCF per Share,Price to FCF Ratio,TTM Net EPS,PE Ratio,Current Assets,Current Liabilities,Current Ratio,Long Term Debt,Shareholder's Equity_x,Debt to Equity Ratio,TTM Revenue_x,TTM Gross Profit,Gross Margin,TTM Revenue_y,TTM Operating Income,Operating Margin,TTM Revenue_x,TTM EBIT,EBIT Margin,TTM Revenue_y,TTM EBITDA,EBITDA Margin,TTM Revenue_x,TTM Pre-Tax Income,Pre-Tax Margin,TTM Revenue_y,TTM Net Income_x,Net Margin,TTM Net Income_y,Shareholder's Equity_y,Return on Equity,TTM Net Income_x,Tangible Equity,Return on Tangible Equity,TTM Net Income_y,Total Assets,Return on Assets,TTM Net Income,LT Investments & Debt,Return on Investment,revenue,cost-goods-sold,gross-profit,research-development-expenses,selling-general-administrative-expenses,operating-expenses,operating-income,total-non-operating-income-expense,pre-tax-income,total-provision-income-taxes,income-after-taxes,income-from-continuous-operations,net-income,ebitda,ebit,basic-shares-outstanding,shares-outstanding,eps-basic-net-earnings-per-share,eps-earnings-per-share-diluted,cash-on-hand,inventory,other-current-assets,total-current-assets,net-property-plant-equipment,long-term-investments,goodwill-intangible-assets-total,other-long-term-assets,total-long-term-assets,total-assets,total-current-liabilities,long-term-debt,other-non-current-liabilities,total-long-term-liabilities,total-liabilities,common-stock-net,retained-earnings-accumulated-deficit,comprehensive-income,total-share-holder-equity,total-liabilities-share-holders-equity,net-income-loss,total-depreciation-amortization-cash-flow,other-non-cash-items,total-non-cash-items,change-in-accounts-receivable,change-in-inventories,change-in-accounts-payable,change-in-assets-liabilities,total-change-in-assets-liabilities,cash-flow-from-operating-activities,net-change-in-property-plant-equipment,net-change-in-intangible-assets,net-acquisitions-divestitures,net-change-in-short-term-investments,net-change-in-long-term-investments,net-change-in-investments-total,investing-activities-other,cash-flow-from-investing-activities,net-long-term-debt,net-current-debt,debt-issuance-retirement-net-total,net-common-equity-issued-repurchased,net-total-equity-issued-repurchased,total-common-preferred-stock-dividends-paid,financial-activities-other,cash-flow-from-financial-activities,net-cash-flow,stock-based-compensation,common-stock-dividends-paid
0,2018-09-30,112.8,$23.65,4.77,$19.43,5.81,$6.94,16.26,$3.88,29.07,$0.26B,$0.06B,4.65,$0.06B,$1.14B,0.05,$0.94B,$0.51B,54.10%,$0.94B,$0.27B,28.54%,$0.94B,$0.27B,28.54%,$0.94B,$0.32B,33.55%,$0.94B,$0.29B,30.35%,$0.94B,$0.22B,23.64%,$0.22B,$1.14B,20.77%,$0.22B,$1.14B,20.83%,$0.22B,$1.25B,16.60%,$0.27B,$1.19B,23.80%,$155,$62,$93,$0,$42,$126,$29,$13,$42,$9,$34,$34,$34,$33,$29,$48,48,$0.71,$0.70,$175,$0,$9,$255,$111,$0,$3,$1,$997,$1253,$55,$55,$0,$59,$114,$1,$1007,$-1,$1138,$1253,$153,$32,$25,$57,$-77,$0,$-12,$-1,$-115,$97,$-90,$0,$0,$0,$19,$19,$-144,$-216,$-5,$0,$-5,$-17,$-17,$0,$0,$-22,$-141,$17,$0
1,2018-06-30,111.61,$22.80,4.9,$21.11,5.29,$10.63,10.5,$4.69,23.8,$1.28B,$0.22B,5.73,$0.06B,$1.10B,0.05,$1.02B,$0.60B,58.33%,$1.02B,$0.30B,29.31%,$1.02B,$0.30B,29.31%,$1.02B,$0.36B,34.80%,$1.02B,$0.30B,29.80%,$1.02B,$0.23B,22.25%,$0.23B,$1.10B,22.40%,$0.23B,$1.10B,22.47%,$0.23B,$1.40B,16.86%,$0.30B,$1.16B,27.89%,$237,$102,$135,$0,$76,$178,$58,$2,$60,$14,$46,$46,$46,$73,$58,$48,48,$0.97,$0.95,$298,$0,$983,$1282,$112,$0,$3,$3,$118,$1400,$224,$57,$0,$76,$300,$1,$973,$-1,$1100,$1400,$120,$28,$17,$45,$-8,$0,$-1,$-1,$-22,$144,$-79,$0,$0,$0,$12,$12,$0,$-67,$-3,$0,$-3,$-11,$-11,$0,$0,$-15,$-26,$7,$0
2,2018-03-31,104.92,$21.80,4.81,$20.74,5.06,$10.82,9.69,$4.57,22.96,$0.44B,$0.26B,1.66,$0.06B,$1.05B,0.06,$1.00B,$0.58B,58.24%,$1.00B,$0.30B,29.57%,$1.00B,$0.30B,29.57%,$1.00B,$0.35B,35.06%,$1.00B,$0.30B,29.87%,$1.00B,$0.22B,22.08%,$0.22B,$1.05B,23.11%,$0.22B,$1.05B,23.18%,$0.22B,$1.39B,17.15%,$0.30B,$1.11B,29.11%,$276,$111,$165,$0,$75,$186,$90,$1,$91,$17,$74,$74,$74,$104,$90,$47,48,$1.55,$1.52,$408,$0,$17,$435,$950,$0,$3,$4,$957,$1392,$262,$58,$1,$79,$341,$1,$927,$-1,$1051,$1392,$74,$14,$10,$24,$-4,$0,$1,$1,$20,$119,$-35,$0,$0,$0,$-3,$-3,$0,$-39,$-2,$0,$-2,$-11,$-11,$0,$0,$-13,$68,$3,$0
3,2017-12-31,89.53,$20.49,4.37,$20.21,4.43,$10.76,8.32,$4.21,21.27,$0.38B,$0.24B,1.57,$0.06B,$0.99B,0.06,$0.97B,$0.56B,57.97%,$0.97B,$0.28B,29.09%,$0.97B,$0.28B,29.09%,$0.97B,$0.34B,34.64%,$0.97B,$0.28B,29.19%,$0.97B,$0.20B,20.86%,$0.20B,$0.99B,22.55%,$0.20B,$0.98B,22.62%,$0.20B,$1.30B,16.51%,$0.28B,$1.05B,29.41%,$271,$157,$115,$0,$107,$180,$91,$0,$92,$23,$68,$68,$68,$105,$91,$47,48,$1.43,$1.42,$337,$0,$25,$375,$922,$0,$3,$3,$929,$1304,$238,$60,$1,$79,$318,$1,$854,$-1,$986,$1304,$203,$54,$30,$84,$-20,$0,$5,$13,$17,$305,$-124,$0,$0,$0,$-28,$-28,$0,$-152,$-32,$0,$-32,$-4,$-4,$0,$0,$-36,$117,$13,$0
4,2017-09-30,90.82,$19.03,4.77,$19.78,4.59,$6.98,13.01,$3.81,23.84,$0.39B,$0.29B,1.36,$0.06B,$0.92B,0.07,$0.95B,$0.59B,62.51%,$0.95B,$0.27B,28.41%,$0.95B,$0.27B,28.41%,$0.95B,$0.32B,34.00%,$0.95B,$0.27B,28.30%,$0.95B,$0.18B,19.32%,$0.18B,$0.92B,21.60%,$0.18B,$0.91B,21.68%,$0.18B,$1.29B,15.55%,$0.27B,$0.98B,29.54%,$236,$57,$180,$0,$36,$177,$60,$1,$61,$21,$39,$39,$39,$73,$60,$47,48,$0.83,$0.81,$345,$0,$25,$387,$898,$0,$3,$4,$904,$1291,$285,$62,$1,$90,$375,$1,$786,$-1,$916,$1291,$135,$40,$27,$67,$-15,$0,$4,$62,$66,$270,$-86,$0,$0,$0,$-26,$-26,$0,$-112,$-30,$0,$-30,$-3,$-3,$0,$0,$-33,$125,$10,$0
5,2017-06-30,78.41,$18.15,4.32,$19.35,4.05,$3.46,22.65,$3.62,21.66,$0.27B,$0.21B,1.33,$0.06B,$0.87B,0.07,$0.92B,$0.53B,57.65%,$0.92B,$0.26B,27.80%,$0.92B,$0.26B,27.80%,$0.92B,$0.31B,33.44%,$0.92B,$0.25B,27.25%,$0.92B,$0.17B,18.78%,$0.17B,$0.87B,21.69%,$0.17B,$0.87B,21.77%,$0.17B,$1.17B,15.42%,$0.26B,$0.94B,29.67%,$218,$95,$123,$0,$68,$163,$55,$0,$55,$15,$40,$40,$40,$69,$55,$47,48,$0.85,$0.83,$235,$0,$22,$273,$888,$0,$3,$5,$896,$1169,$205,$63,$1,$91,$296,$1,$747,$-1,$872,$1169,$96,$27,$17,$44,$-8,$0,$-2,$3,$-7,$134,$-60,$0,$0,$0,$-27,$-27,$0,$-87,$-28,$0,$-28,$-4,$-4,$0,$0,$-32,$15,$6,$0
6,2017-03-31,71.61,$17.28,4.14,$18.89,3.79,$1.34,53.58,$3.38,21.19,$0.28B,$0.24B,1.18,$0.07B,$0.83B,0.08,$0.89B,$0.52B,57.61%,$0.89B,$0.25B,27.52%,$0.89B,$0.25B,27.52%,$0.89B,$0.30B,33.00%,$0.89B,$0.24B,26.96%,$0.89B,$0.16B,18.01%,$0.16B,$0.83B,21.48%,$0.16B,$0.82B,21.57%,$0.16B,$1.16B,14.89%,$0.25B,$0.89B,30.12%,$248,$103,$146,$0,$69,$172,$77,$-1,$76,$20,$56,$56,$56,$90,$77,$47,48,$1.20,$1.16,$240,$0,$24,$278,$870,$0,$3,$4,$877,$1155,$235,$65,$2,$94,$329,$1,$707,$-1,$827,$1155,$56,$13,$11,$24,$-3,$0,$1,$12,$29,$110,$-30,$0,$0,$0,$-19,$-19,$0,$-49,$-27,$0,$-27,$-6,$-6,$0,$0,$-33,$28,$3,$0
7,2016-12-31,58.45,$16.27,3.59,$18.57,3.15,$0.30,195.29,$3.15,18.56,$0.23B,$0.23B,1.01,$0.07B,$0.77B,0.09,$0.87B,$0.50B,57.39%,$0.87B,$0.24B,27.26%,$0.87B,$0.24B,27.26%,$0.87B,$0.28B,32.53%,$0.87B,$0.24B,26.92%,$0.87B,$0.15B,17.07%,$0.15B,$0.77B,21.17%,$0.15B,$0.77B,21.26%,$0.15B,$1.09B,14.43%,$0.24B,$0.84B,30.79%,$245,$102,$143,$0,$66,$168,$77,$-0,$76,$28,$48,$48,$48,$90,$77,$46,47,$1.03,$1.01,$194,$0,$22,$230,$856,$0,$3,$4,$862,$1092,$227,$67,$2,$92,$319,$1,$651,$-1,$774,$1092,$149,$46,$41,$86,$-21,$0,$-5,$10,$3,$238,$-239,$0,$0,$0,$23,$23,$1,$-216,$18,$0,$18,$-7,$-7,$0,$-0,$11,$32,$12,$0
8,2016-09-30,40.39,$15.15,2.67,$17.94,2.25,$-0.38,0.0,$2.95,13.69,$0.23B,$0.27B,0.87,$0.07B,$0.72B,0.1,$0.84B,$0.48B,57.11%,$0.84B,$0.22B,26.54%,$0.84B,$0.22B,26.54%,$0.84B,$0.27B,31.64%,$0.84B,$0.22B,26.18%,$0.84B,$0.14B,16.47%,$0.14B,$0.72B,20.97%,$0.14B,$0.71B,21.07%,$0.14B,$1.07B,14.15%,$0.22B,$0.79B,30.52%,$210,$92,$119,$0,$68,$163,$47,$-3,$44,$15,$29,$29,$29,$59,$47,$46,47,$0.63,$0.62,$194,$0,$22,$232,$833,$0,$3,$5,$840,$1072,$266,$69,$4,$89,$355,$1,$603,$-1,$717,$1072,$101,$33,$24,$57,$-15,$0,$-4,$57,$55,$213,$-199,$0,$0,$0,$35,$35,$1,$-164,$6,$0,$6,$-10,$-10,$0,$-0,$-4,$46,$9,$0
9,2016-06-30,39.92,$14.43,2.77,$17.57,2.27,$-0.68,0.0,$3.03,13.17,$0.20B,$0.23B,0.86,$0.07B,$0.68B,0.1,$0.83B,$0.47B,57.19%,$0.83B,$0.23B,27.33%,$0.83B,$0.23B,27.33%,$0.83B,$0.27B,32.16%,$0.83B,$0.23B,27.33%,$0.83B,$0.14B,17.29%,$0.14B,$0.68B,22.75%,$0.14B,$0.68B,22.86%,$0.14B,$1.01B,15.17%,$0.23B,$0.75B,32.21%,$191,$85,$107,$0,$62,$147,$45,$0,$45,$17,$28,$28,$28,$56,$45,$46,47,$0.60,$0.59,$165,$0,$18,$200,$794,$0,$3,$8,$805,$1005,$233,$70,$4,$92,$325,$1,$574,$-1,$680,$1005,$71,$21,$16,$38,$-9,$0,$-2,$4,$5,$112,$-140,$0,$0,$0,$36,$36,$1,$-104,$21,$0,$21,$-12,$-12,$0,$-0,$9,$17,$6,$0
10,2016-03-31,42.74,$13.82,3.09,$17.19,2.49,$-0.73,0.0,$2.99,14.29,$0.23B,$0.22B,1.02,$0.07B,$0.64B,0.11,$0.81B,$0.47B,57.34%,$0.81B,$0.22B,27.50%,$0.81B,$0.22B,27.50%,$0.81B,$0.26B,32.06%,$0.81B,$0.22B,27.50%,$0.81B,$0.14B,17.39%,$0.14B,$0.64B,23.73%,$0.14B,$0.64B,23.85%,$0.14B,$0.96B,15.69%,$0.22B,$0.72B,33.33%,$227,$95,$132,$0,$64,$158,$69,$2,$70,$27,$44,$44,$44,$79,$69,$46,47,$0.96,$0.93,$195,$0,$20,$226,$725,$0,$3,$7,$735,$961,$223,$72,$4,$94,$316,$1,$546,$-1,$644,$961,$44,$10,$10,$21,$-4,$0,$-7,$6,$24,$87,$-57,$0,$0,$0,$1,$1,$1,$-56,$-2,$0,$-2,$-16,$-16,$0,$-0,$-18,$13,$3,$0
11,2015-12-31,40.12,$13.02,3.08,$16.46,2.44,$-0.88,0.0,$2.78,14.43,$0.22B,$0.19B,1.14,$0.07B,$0.61B,0.12,$0.78B,$0.45B,57.58%,$0.78B,$0.21B,26.99%,$0.78B,$0.21B,26.99%,$0.78B,$0.25B,31.49%,$0.78B,$0.21B,26.86%,$0.78B,$0.13B,16.84%,$0.13B,$0.61B,23.33%,$0.13B,$0.61B,23.46%,$0.13B,$0.89B,15.19%,$0.21B,$0.68B,32.92%,$216,$92,$124,$0,$60,$153,$63,$-1,$62,$24,$38,$38,$38,$73,$63,$46,47,$0.83,$0.81,$182,$0,$21,$215,$667,$0,$3,$7,$677,$892,$189,$74,$4,$93,$282,$1,$502,$-0,$610,$892,$131,$36,$36,$72,$-17,$0,$5,$4,$-18,$185,$-218,$0,$0,$0,$17,$17,$0,$-201,$-7,$0,$-7,$-12,$-12,$0,$0,$-19,$-35,$11,$0
12,2015-09-30,37.99,$12.30,3.09,$15.94,2.38,$-0.21,0.0,$2.67,14.23,$0.26B,$0.24B,1.1,$0.08B,$0.58B,0.13,$0.75B,$0.44B,57.85%,$0.75B,$0.20B,26.73%,$0.75B,$0.20B,26.73%,$0.75B,$0.23B,31.12%,$0.75B,$0.20B,26.60%,$0.75B,$0.13B,16.76%,$0.13B,$0.58B,23.86%,$0.13B,$0.58B,24.00%,$0.13B,$0.91B,15.21%,$0.20B,$0.66B,33.15%,$193,$83,$110,$0,$61,$144,$49,$-0,$49,$16,$33,$33,$33,$58,$49,$46,47,$0.72,$0.70,$227,$0,$21,$263,$640,$0,$3,$7,$649,$913,$239,$76,$4,$94,$333,$1,$464,$-0,$580,$913,$93,$25,$17,$43,$-13,$0,$1,$47,$33,$169,$-170,$0,$0,$0,$17,$17,$0,$-153,$-5,$0,$-5,$-1,$-1,$0,$3,$-3,$13,$8,$0
13,2015-06-30,42.4,$11.53,3.68,$15.57,2.72,$0.13,323.91,$2.59,16.37,$0.23B,$0.19B,1.22,$0.08B,$0.54B,0.14,$0.73B,$0.43B,58.31%,$0.73B,$0.20B,26.98%,$0.73B,$0.20B,26.98%,$0.73B,$0.23B,31.20%,$0.73B,$0.20B,26.70%,$0.73B,$0.12B,16.62%,$0.12B,$0.54B,24.76%,$0.12B,$0.54B,24.90%,$0.12B,$0.83B,15.46%,$0.20B,$0.62B,34.59%,$175,$75,$99,$0,$57,$132,$42,$-0,$42,$16,$26,$26,$26,$50,$42,$46,47,$0.56,$0.55,$198,$0,$19,$231,$588,$0,$3,$7,$598,$829,$189,$77,$4,$96,$286,$1,$431,$-0,$543,$829,$60,$16,$9,$26,$-8,$0,$-1,$6,$-4,$82,$-112,$0,$0,$0,$17,$17,$0,$-95,$-3,$0,$-3,$-2,$-2,$0,$3,$-2,$-15,$6,$0
14,2015-03-31,43.3,$10.90,3.97,$15.25,2.84,$0.93,46.62,$2.53,17.11,$0.28B,$0.20B,1.37,$0.08B,$0.51B,0.15,$0.72B,$0.42B,58.50%,$0.72B,$0.19B,27.02%,$0.72B,$0.19B,27.02%,$0.72B,$0.22B,31.20%,$0.72B,$0.19B,26.74%,$0.72B,$0.12B,16.57%,$0.12B,$0.51B,25.94%,$0.12B,$0.51B,26.10%,$0.12B,$0.82B,15.78%,$0.19B,$0.59B,35.91%,$194,$79,$115,$0,$59,$138,$56,$-0,$56,$22,$34,$34,$34,$64,$56,$46,47,$0.75,$0.72,$245,$0,$20,$278,$528,$0,$3,$7,$537,$816,$202,$79,$4,$100,$302,$1,$405,$-0,$513,$816,$34,$8,$5,$13,$-3,$0,$-0,$15,$21,$68,$-46,$0,$0,$0,$-0,$-0,$0,$-46,$-2,$0,$-2,$-2,$-2,$0,$3,$-1,$21,$3,$0
15,2014-12-31,46.66,$10.19,4.58,$14.71,3.17,$1.02,45.84,$2.37,19.69,$0.27B,$0.18B,1.49,$0.08B,$0.48B,0.17,$0.69B,$0.40B,58.18%,$0.69B,$0.18B,26.19%,$0.69B,$0.18B,26.19%,$0.69B,$0.21B,30.39%,$0.69B,$0.18B,25.90%,$0.69B,$0.11B,16.06%,$0.11B,$0.48B,26.07%,$0.11B,$0.47B,26.24%,$0.11B,$0.76B,15.55%,$0.18B,$0.56B,35.58%,$190,$79,$111,$0,$58,$136,$54,$-0,$53,$20,$33,$33,$33,$62,$54,$46,47,$0.72,$0.70,$234,$0,$19,$267,$478,$0,$3,$8,$489,$756,$179,$80,$5,$101,$279,$0,$371,$-0,$476,$756,$111,$29,$23,$53,$-15,$0,$-2,$1,$3,$167,$-169,$0,$0,$0,$8,$8,$0,$-161,$-7,$0,$-7,$2,$2,$0,$8,$3,$9,$10,$0
16,2014-09-30,40.77,$9.41,4.33,$14.19,2.87,$1.59,25.58,$2.23,18.28,$0.28B,$0.22B,1.26,$0.08B,$0.44B,0.19,$0.66B,$0.39B,58.07%,$0.66B,$0.17B,25.34%,$0.66B,$0.17B,25.34%,$0.66B,$0.20B,29.56%,$0.66B,$0.17B,25.04%,$0.66B,$0.10B,15.69%,$0.10B,$0.44B,26.46%,$0.10B,$0.44B,26.65%,$0.10B,$0.76B,15.32%,$0.17B,$0.52B,35.18%,$175,$72,$103,$0,$57,$129,$46,$-1,$45,$16,$29,$29,$29,$53,$46,$46,47,$0.64,$0.62,$242,$0,$20,$275,$469,$0,$3,$8,$480,$755,$218,$82,$4,$98,$316,$0,$338,$0,$439,$755,$78,$21,$14,$36,$-12,$0,$-3,$40,$43,$157,$-141,$0,$0,$0,$-19,$-19,$0,$-160,$-5,$0,$-5,$2,$2,$0,$7,$4,$1,$7,$0
17,2014-06-30,45.97,$8.72,5.27,$13.75,3.34,$1.94,23.69,$2.10,21.89,$0.26B,$0.18B,1.45,$0.08B,$0.41B,0.21,$0.64B,$0.37B,57.81%,$0.64B,$0.16B,24.84%,$0.64B,$0.16B,24.84%,$0.64B,$0.19B,29.22%,$0.64B,$0.16B,24.84%,$0.64B,$0.10B,15.31%,$0.10B,$0.41B,27.09%,$0.10B,$0.40B,27.32%,$0.10B,$0.69B,15.35%,$0.16B,$0.49B,35.49%,$159,$68,$91,$0,$53,$121,$38,$-0,$38,$15,$23,$23,$23,$45,$38,$46,47,$0.51,$0.49,$230,$0,$17,$261,$416,$0,$3,$8,$427,$689,$180,$84,$6,$101,$281,$0,$309,$0,$407,$689,$49,$14,$7,$21,$-8,$0,$-1,$10,$19,$89,$-82,$0,$0,$0,$-48,$-48,$0,$-130,$-3,$0,$-3,$1,$1,$0,$7,$5,$-36,$5,$0
18,2014-03-31,46.7,$8.17,5.72,$13.46,3.47,$1.76,26.49,$2.03,23.0,$0.28B,$0.17B,1.64,$0.09B,$0.38B,0.22,$0.62B,$0.36B,57.72%,$0.62B,$0.15B,24.44%,$0.62B,$0.15B,24.44%,$0.62B,$0.18B,28.94%,$0.62B,$0.15B,24.44%,$0.62B,$0.09B,15.11%,$0.09B,$0.38B,28.29%,$0.09B,$0.38B,28.55%,$0.09B,$0.66B,15.62%,$0.15B,$0.47B,36.19%,$167,$71,$97,$0,$53,$124,$43,$-0,$43,$17,$26,$26,$26,$50,$43,$45,47,$0.58,$0.56,$247,$0,$18,$278,$365,$0,$3,$9,$377,$655,$169,$85,$7,$105,$274,$0,$286,$0,$381,$655,$26,$7,$2,$9,$-4,$0,$-2,$16,$19,$54,$-27,$0,$0,$0,$-49,$-49,$0,$-76,$-2,$0,$-2,$1,$1,$0,$6,$6,$-17,$2,$0
19,2013-12-31,43.6,$7.49,5.82,$13.01,3.35,$1.54,28.3,$1.93,22.59,$0.26B,$0.17B,1.59,$0.09B,$0.35B,0.25,$0.60B,$0.34B,57.62%,$0.60B,$0.14B,23.95%,$0.60B,$0.14B,23.95%,$0.60B,$0.17B,28.48%,$0.60B,$0.14B,24.12%,$0.60B,$0.09B,14.91%,$0.09B,$0.35B,29.52%,$0.09B,$0.34B,29.79%,$0.09B,$0.62B,15.64%,$0.14B,$0.43B,36.57%,$162,$68,$94,$0,$54,$122,$41,$-1,$40,$14,$26,$26,$26,$48,$41,$45,46,$0.58,$0.55,$229,$0,$19,$264,$340,$0,$3,$10,$352,$616,$166,$87,$7,$106,$271,$0,$260,$0,$345,$616,$89,$25,$27,$53,$-19,$0,$9,$-3,$-23,$118,$-93,$0,$0,$0,$-108,$-108,$29,$-172,$-7,$0,$-7,$7,$7,$0,$4,$5,$-49,$10,$0
20,2013-09-30,40.24,$6.84,5.89,$12.61,3.19,$1.87,21.54,$1.83,21.99,$0.25B,$0.17B,1.45,$0.09B,$0.31B,0.28,$0.58B,$0.33B,57.64%,$0.58B,$0.14B,23.44%,$0.58B,$0.14B,23.44%,$0.58B,$0.16B,28.13%,$0.58B,$0.14B,23.78%,$0.58B,$0.08B,14.58%,$0.08B,$0.31B,30.68%,$0.08B,$0.31B,31.00%,$0.08B,$0.59B,15.59%,$0.14B,$0.40B,36.99%,$152,$65,$88,$0,$50,$115,$37,$1,$38,$16,$23,$23,$23,$44,$37,$45,46,$0.50,$0.49,$220,$0,$18,$252,$328,$0,$3,$10,$342,$594,$174,$89,$6,$105,$280,$0,$233,$0,$314,$594,$63,$19,$18,$36,$-15,$0,$2,$24,$3,$102,$-70,$0,$0,$0,$-63,$-63,$29,$-105,$-5,$0,$-5,$6,$6,$0,$4,$4,$2,$8,$0
21,2013-06-30,32.23,$6.28,5.13,$12.27,2.63,$2.30,14.01,$1.75,18.42,$0.22B,$0.15B,1.53,$0.09B,$0.29B,0.31,$0.56B,$0.32B,57.35%,$0.56B,$0.13B,23.12%,$0.56B,$0.13B,23.12%,$0.56B,$0.16B,27.78%,$0.56B,$0.13B,23.30%,$0.56B,$0.08B,14.16%,$0.08B,$0.29B,31.66%,$0.08B,$0.29B,32.02%,$0.08B,$0.54B,15.93%,$0.13B,$0.38B,39.88%,$141,$62,$80,$0,$48,$110,$31,$-0,$31,$12,$19,$19,$19,$38,$31,$45,46,$0.43,$0.42,$191,$0,$15,$224,$304,$0,$3,$11,$318,$542,$146,$90,$7,$107,$253,$0,$211,$0,$289,$542,$40,$12,$10,$22,$-10,$0,$0,$-2,$-18,$44,$-45,$0,$0,$0,$-48,$-48,$29,$-64,$-3,$0,$-3,$6,$6,$0,$3,$6,$-14,$5,$0
22,2013-03-31,25.39,$5.68,4.47,$11.83,2.15,$2.97,8.56,$1.68,15.11,$0.23B,$0.16B,1.45,$0.09B,$0.26B,0.36,$0.54B,$0.31B,57.09%,$0.54B,$0.12B,22.95%,$0.54B,$0.12B,22.95%,$0.54B,$0.15B,27.61%,$0.54B,$0.12B,23.13%,$0.54B,$0.08B,14.18%,$0.08B,$0.26B,33.48%,$0.08B,$0.26B,33.89%,$0.08B,$0.52B,16.73%,$0.12B,$0.35B,43.42%,$142,$60,$82,$0,$48,$108,$34,$2,$35,$14,$21,$21,$21,$40,$34,$44,45,$0.47,$0.46,$201,$0,$14,$228,$284,$0,$3,$9,$296,$524,$158,$92,$7,$108,$265,$0,$192,$-0,$258,$524,$21,$6,$3,$9,$-5,$0,$2,$8,$2,$32,$-16,$0,$0,$0,$-24,$-24,$29,$-11,$-2,$0,$-2,$-0,$-0,$0,$3,$2,$23,$2,$0
23,2012-12-31,23.47,$5.23,4.48,$11.30,2.08,$3.38,6.95,$1.54,15.24,$0.21B,$0.15B,1.4,$0.09B,$0.23B,0.4,$0.51B,$0.29B,56.75%,$0.51B,$0.11B,22.11%,$0.51B,$0.11B,22.11%,$0.51B,$0.14B,26.81%,$0.51B,$0.11B,22.11%,$0.51B,$0.07B,13.50%,$0.07B,$0.23B,33.17%,$0.07B,$0.23B,33.66%,$0.07B,$0.50B,16.80%,$0.11B,$0.33B,45.89%,$141,$59,$82,$0,$49,$108,$33,$-0,$33,$12,$21,$21,$21,$40,$33,$44,45,$0.47,$0.45,$161,$0,$13,$214,$269,$0,$3,$9,$281,$495,$153,$94,$7,$108,$261,$0,$171,$-0,$234,$495,$69,$22,$25,$47,$-14,$0,$-1,$6,$28,$144,$-105,$0,$0,$0,$-27,$-27,$0,$-132,$77,$0,$77,$-7,$-7,$0,$1,$71,$84,$8,$0
24,2012-09-30,23.53,$4.84,4.86,$10.69,2.2,$2.67,8.81,$1.42,16.57,$0.15B,$0.17B,0.89,$0.02B,$0.22B,0.09,$0.48B,$0.27B,55.90%,$0.48B,$0.10B,21.33%,$0.48B,$0.10B,21.33%,$0.48B,$0.13B,25.88%,$0.48B,$0.10B,21.33%,$0.48B,$0.06B,13.04%,$0.06B,$0.22B,33.11%,$0.06B,$0.21B,33.64%,$0.06B,$0.42B,17.19%,$0.10B,$0.24B,48.99%,$134,$57,$76,$0,$45,$102,$31,$-0,$31,$13,$18,$18,$18,$37,$31,$44,45,$0.42,$0.41,$127,$0,$13,$154,$257,$0,$3,$9,$269,$423,$174,$19,$8,$32,$206,$0,$150,$-0,$217,$423,$49,$16,$17,$33,$-11,$0,$-1,$23,$43,$125,$-74,$0,$0,$0,$0,$0,$0,$-74,$-2,$0,$-2,$-1,$-1,$0,$0,$-2,$48,$6,$0
25,2012-06-30,20.94,$4.41,4.75,$10.17,2.06,$1.65,12.72,$1.30,16.11,$0.13B,$0.15B,0.89,$0.02B,$0.20B,0.1,$0.46B,$0.25B,55.46%,$0.46B,$0.09B,20.31%,$0.46B,$0.09B,20.31%,$0.46B,$0.11B,24.67%,$0.46B,$0.09B,20.31%,$0.46B,$0.06B,12.66%,$0.06B,$0.20B,33.57%,$0.06B,$0.20B,34.17%,$0.06B,$0.38B,17.24%,$0.09B,$0.22B,48.19%,$119,$53,$66,$0,$40,$94,$25,$-0,$25,$10,$16,$16,$16,$31,$25,$44,45,$0.35,$0.35,$105,$0,$12,$129,$233,$0,$3,$10,$246,$375,$146,$20,$8,$31,$176,$0,$131,$-0,$199,$375,$30,$10,$9,$20,$-4,$0,$-2,$8,$30,$80,$-50,$0,$0,$0,$0,$0,$0,$-50,$-1,$0,$-1,$1,$1,$0,$0,$0,$30,$4,$0
26,2012-03-31,17.76,$4.09,4.34,$9.82,1.81,$0.99,18.01,$1.24,14.32,$0.13B,$0.14B,0.96,$0.02B,$0.18B,0.11,$0.44B,$0.25B,55.43%,$0.44B,$0.09B,20.36%,$0.44B,$0.09B,20.36%,$0.44B,$0.11B,24.43%,$0.44B,$0.09B,20.36%,$0.44B,$0.06B,12.44%,$0.06B,$0.18B,34.65%,$0.06B,$0.18B,35.31%,$0.06B,$0.35B,17.45%,$0.09B,$0.20B,50.21%,$117,$51,$66,$0,$42,$93,$24,$-0,$24,$10,$14,$14,$14,$29,$24,$44,45,$0.33,$0.32,$107,$0,$12,$130,$207,$0,$3,$10,$220,$350,$136,$20,$8,$32,$168,$0,$116,$-0,$182,$350,$14,$5,$6,$11,$-0,$0,$1,$11,$26,$51,$-17,$0,$0,$0,$0,$0,$0,$-17,$-1,$0,$-1,$2,$2,$0,$0,$2,$36,$2,$0
27,2011-12-31,15.96,$3.69,4.33,$9.43,1.69,$0.42,37.67,$1.17,13.64,$0.12B,$0.12B,0.95,$0.02B,$0.16B,0.13,$0.43B,$0.23B,54.33%,$0.43B,$0.08B,19.20%,$0.43B,$0.08B,19.20%,$0.43B,$0.10B,23.19%,$0.43B,$0.08B,19.20%,$0.43B,$0.05B,11.71%,$0.05B,$0.16B,34.01%,$0.05B,$0.16B,34.72%,$0.05B,$0.32B,16.71%,$0.08B,$0.18B,48.81%,$113,$51,$62,$0,$39,$90,$23,$-0,$23,$8,$15,$15,$15,$28,$23,$45,45,$0.34,$0.33,$77,$0,$11,$115,$190,$0,$3,$10,$202,$318,$122,$21,$7,$33,$155,$0,$101,$-0,$163,$318,$51,$17,$62,$79,$-28,$0,$3,$-5,$-42,$88,$-81,$0,$0,$0,$0,$0,$5,$-75,$-4,$0,$-4,$-21,$-21,$0,$-0,$-25,$-12,$6,$0
28,2011-09-30,16.15,$3.31,4.88,$9.08,1.78,$-0.22,0.0,$0.99,16.31,$0.11B,$0.13B,0.83,$0.02B,$0.15B,0.14,$0.41B,$0.22B,51.93%,$0.41B,$0.06B,14.25%,$0.41B,$0.06B,14.25%,$0.41B,$0.07B,17.87%,$0.41B,$0.06B,14.01%,$0.41B,$0.04B,8.70%,$0.04B,$0.15B,26.04%,$0.04B,$0.14B,26.62%,$0.04B,$0.30B,12.48%,$0.06B,$0.17B,36.99%,$109,$49,$60,$0,$38,$88,$21,$-0,$21,$8,$13,$13,$13,$25,$21,$44,45,$0.29,$0.29,$66,$0,$9,$107,$180,$0,$3,$12,$196,$303,$129,$21,$7,$28,$156,$0,$86,$-0,$147,$303,$35,$12,$39,$51,$-26,$0,$2,$8,$-21,$65,$-62,$0,$0,$0,$0,$0,$5,$-56,$-3,$0,$-3,$-21,$-21,$0,$-0,$-24,$-15,$5,$0
29,2011-06-30,14.18,$3.22,4.4,$8.78,1.61,$0.58,24.49,$0.98,14.47,$0.11B,$0.12B,0.91,$0.02B,$0.14B,0.15,$0.40B,$0.21B,51.49%,$0.40B,$0.06B,13.86%,$0.40B,$0.06B,13.86%,$0.40B,$0.07B,17.57%,$0.40B,$0.06B,13.61%,$0.40B,$0.03B,8.42%,$0.03B,$0.14B,25.52%,$0.03B,$0.14B,26.10%,$0.03B,$0.29B,12.00%,$0.06B,$0.16B,35.96%,$103,$46,$57,$0,$35,$81,$22,$-0,$22,$9,$13,$13,$13,$26,$22,$45,45,$0.29,$0.29,$60,$0,$6,$110,$162,$0,$3,$12,$180,$290,$121,$21,$5,$26,$147,$0,$85,$-0,$143,$290,$22,$8,$23,$31,$-13,$0,$5,$-1,$-15,$38,$-38,$0,$0,$0,$0,$0,$5,$-33,$-2,$0,$-2,$-22,$-22,$0,$-0,$-24,$-19,$3,$0
30,2011-03-31,14.5,$3.02,4.8,$8.59,1.69,$0.76,19.06,$0.96,15.1,$0.13B,$0.13B,1.01,$0.02B,$0.14B,0.16,$0.40B,$0.21B,51.88%,$0.40B,$0.06B,13.78%,$0.40B,$0.06B,13.78%,$0.40B,$0.07B,17.04%,$0.40B,$0.05B,13.28%,$0.40B,$0.03B,8.27%,$0.03B,$0.14B,26.24%,$0.03B,$0.13B,26.88%,$0.03B,$0.29B,12.21%,$0.06B,$0.16B,36.73%,$102,$49,$53,$0,$37,$86,$16,$-0,$16,$7,$9,$9,$9,$20,$16,$46,46,$0.21,$0.21,$80,$0,$5,$128,$141,$0,$3,$12,$158,$286,$127,$21,$3,$24,$151,$0,$71,$-0,$135,$286,$9,$4,$11,$15,$-6,$0,$6,$-7,$-1,$23,$-15,$0,$0,$0,$0,$0,$3,$-12,$-1,$0,$-1,$-14,$-14,$0,$0,$-15,$-3,$1,$0
31,2010-12-31,19.59,$2.79,7.03,$8.31,2.36,$1.38,14.19,$0.96,20.41,$0.13B,$0.12B,1.08,$0.02B,$0.13B,0.17,$0.39B,$0.21B,53.63%,$0.39B,$0.06B,15.28%,$0.39B,$0.06B,15.28%,$0.39B,$0.07B,18.13%,$0.39B,$0.06B,14.51%,$0.39B,$0.04B,9.07%,$0.04B,$0.13B,29.98%,$0.04B,$0.13B,30.77%,$0.04B,$0.28B,13.77%,$0.06B,$0.15B,41.62%,$100,$55,$45,$0,$36,$100,$-0,$-0,$-1,$-1,$1,$1,$1,$3,$-0,$46,46,$0.02,$0.01,$86,$0,$5,$133,$124,$0,$3,$12,$142,$275,$123,$22,$3,$25,$148,$0,$51,$-0,$128,$275,$35,$12,$40,$52,$-47,$0,$3,$1,$-47,$40,$-63,$0,$0,$0,$0,$0,$-6,$-68,$-3,$0,$-3,$1,$1,$0,$1,$-1,$-29,$5,$0
32,2010-09-30,21.93,$2.78,7.89,$7.86,2.79,$1.88,11.67,$1.04,21.09,$0.15B,$0.13B,1.19,$0.03B,$0.13B,0.2,$0.36B,$0.20B,54.82%,$0.36B,$0.08B,21.21%,$0.36B,$0.08B,21.21%,$0.36B,$0.09B,23.97%,$0.36B,$0.08B,20.66%,$0.36B,$0.05B,12.40%,$0.05B,$0.13B,42.35%,$0.05B,$0.12B,43.58%,$0.05B,$0.28B,19.63%,$0.08B,$0.15B,58.33%,$99,$46,$53,$0,$35,$80,$18,$-0,$18,$8,$11,$11,$11,$22,$18,$46,46,$0.23,$0.23,$106,$0,$5,$153,$107,$0,$3,$10,$128,$282,$129,$25,$0,$25,$154,$0,$52,$-1,$127,$282,$29,$9,$26,$35,$-39,$0,$5,$45,$17,$81,$-40,$0,$0,$0,$0,$0,$-53,$-92,$-2,$0,$-2,$1,$1,$0,$1,$-1,$-12,$4,$0
33,2010-06-30,23.43,$2.48,9.46,$7.19,3.26,$1.27,18.43,$0.84,27.89,$0.13B,$0.10B,1.34,$0.03B,$0.11B,0.23,$0.33B,$0.19B,57.27%,$0.33B,$0.07B,20.00%,$0.33B,$0.07B,20.00%,$0.33B,$0.07B,22.42%,$0.33B,$0.06B,19.09%,$0.33B,$0.04B,11.21%,$0.04B,$0.11B,39.89%,$0.04B,$0.11B,41.11%,$0.04B,$0.24B,18.07%,$0.07B,$0.14B,55.46%,$98,$42,$56,$0,$35,$77,$21,$-0,$20,$8,$12,$12,$12,$23,$21,$46,47,$0.27,$0.27,$74,$0,$5,$133,$85,$0,$3,$9,$105,$238,$99,$26,$0,$26,$125,$0,$39,$-1,$113,$238,$24,$5,$10,$15,$-43,$0,$3,$20,$-9,$30,$-22,$0,$0,$0,$0,$0,$-27,$-49,$-2,$0,$-2,$1,$1,$0,$1,$-0,$-19,$2,$0
34,2010-03-31,26.14,$2.17,12.05,$6.49,4.03,$0.67,39.08,$0.70,37.34,$0.13B,$0.10B,1.34,$0.03B,$0.10B,0.26,$0.30B,$0.18B,59.32%,$0.30B,$0.06B,19.66%,$0.30B,$0.06B,19.66%,$0.30B,$0.07B,22.37%,$0.30B,$0.06B,18.98%,$0.30B,$0.03B,11.19%,$0.03B,$0.10B,42.31%,$0.03B,$0.10B,43.85%,$0.03B,$0.22B,18.64%,$0.06B,$0.13B,55.50%,$89,$37,$53,$0,$33,$70,$20,$-0,$19,$8,$11,$11,$11,$22,$20,$46,46,$0.25,$0.25,$104,$0,$4,$129,$75,$0,$3,$9,$93,$222,$97,$26,$0,$26,$123,$0,$27,$-0,$99,$222,$11,$3,$5,$7,$-5,$0,$2,$22,$30,$49,$-12,$0,$0,$0,$0,$0,$-3,$-14,$-1,$0,$-1,$1,$1,$0,$0,$0,$35,$1,$0
35,2009-12-31,19.01,$1.88,10.09,$5.77,3.29,$0.56,33.98,$0.60,31.68,$0.09B,$0.06B,1.45,$0.03B,$0.09B,0.29,$0.26B,$0.16B,60.92%,$0.26B,$0.05B,18.01%,$0.26B,$0.05B,18.01%,$0.26B,$0.06B,21.07%,$0.26B,$0.05B,17.24%,$0.26B,$0.03B,10.34%,$0.03B,$0.09B,38.71%,$0.03B,$0.08B,40.30%,$0.03B,$0.18B,16.77%,$0.05B,$0.11B,48.08%,$77,$40,$37,$0,$19,$60,$18,$-0,$18,$7,$11,$11,$11,$20,$18,$45,46,$0.24,$0.24,$66,$0,$4,$90,$67,$0,$3,$8,$84,$175,$62,$25,$1,$26,$89,$0,$16,$-0,$86,$175,$27,$8,$21,$29,$-18,$0,$2,$8,$5,$61,$-60,$0,$0,$0,$0,$0,$2,$-58,$23,$0,$23,$2,$2,$0,$-0,$25,$27,$3,$0
36,2009-09-30,17.83,$1.61,11.07,$5.45,3.27,$0.59,30.26,$0.42,42.45,$0.10B,$0.08B,1.22,$0.03B,$0.07B,0.37,$0.24B,$0.16B,66.10%,$0.24B,$0.03B,13.98%,$0.24B,$0.08B,34.32%,$0.24B,$0.04B,16.95%,$0.24B,$0.08B,33.47%,$0.24B,$0.02B,7.63%,$0.02B,$0.07B,29.15%,$0.02B,$0.07B,30.51%,$0.02B,$0.18B,12.29%,$0.03B,$0.10B,36.26%,$66,$23,$43,$0,$31,$59,$7,$-0,$6,$3,$3,$3,$3,$9,$7,$45,45,$0.08,$0.08,$78,$0,$3,$101,$63,$0,$3,$8,$83,$184,$83,$27,$0,$27,$110,$0,$5,$-0,$73,$184,$16,$6,$15,$21,$-16,$0,$4,$31,$30,$67,$-54,$0,$0,$0,$0,$0,$1,$-53,$24,$0,$24,$1,$1,$0,$-0,$25,$39,$2,$0
