,Date,Stock Price,Book Value per Share,Price to Book Ratio,TTM Sales per Share,Price to Sales Ratio,TTM FCF per Share,Price to FCF Ratio,TTM Net EPS,PE Ratio,Current Assets,Current Liabilities,Current Ratio,Long Term Debt,Shareholder's Equity_x,Debt to Equity Ratio,TTM Revenue_x,TTM Gross Profit,Gross Margin,TTM Revenue_y,TTM Operating Income,Operating Margin,TTM Revenue_x,TTM EBIT,EBIT Margin,TTM Revenue_y,TTM EBITDA,EBITDA Margin,TTM Revenue_x,TTM Pre-Tax Income,Pre-Tax Margin,TTM Revenue_y,TTM Net Income_x,Net Margin,TTM Net Income_y,Shareholder's Equity_y,Return on Equity,TTM Net Income_x,Tangible Equity,Return on Tangible Equity,TTM Net Income_y,Total Assets,Return on Assets,TTM Net Income,LT Investments & Debt,Return on Investment,revenue,cost-goods-sold,gross-profit,research-development-expenses,selling-general-administrative-expenses,operating-expenses,operating-income,total-non-operating-income-expense,pre-tax-income,total-provision-income-taxes,income-after-taxes,income-from-continuous-operations,net-income,ebitda,ebit,basic-shares-outstanding,shares-outstanding,eps-basic-net-earnings-per-share,eps-earnings-per-share-diluted,cash-on-hand,inventory,other-current-assets,total-current-assets,net-property-plant-equipment,long-term-investments,goodwill-intangible-assets-total,other-long-term-assets,total-long-term-assets,total-assets,total-current-liabilities,long-term-debt,other-non-current-liabilities,total-long-term-liabilities,total-liabilities,common-stock-net,retained-earnings-accumulated-deficit,comprehensive-income,total-share-holder-equity,total-liabilities-share-holders-equity,net-income-loss,total-depreciation-amortization-cash-flow,other-non-cash-items,total-non-cash-items,change-in-accounts-receivable,change-in-inventories,change-in-accounts-payable,change-in-assets-liabilities,total-change-in-assets-liabilities,cash-flow-from-operating-activities,net-change-in-property-plant-equipment,net-change-in-intangible-assets,net-acquisitions-divestitures,net-change-in-short-term-investments,net-change-in-long-term-investments,net-change-in-investments-total,investing-activities-other,cash-flow-from-investing-activities,net-long-term-debt,net-current-debt,debt-issuance-retirement-net-total,net-common-equity-issued-repurchased,net-total-equity-issued-repurchased,total-common-preferred-stock-dividends-paid,financial-activities-other,cash-flow-from-financial-activities,net-cash-flow,stock-based-compensation,common-stock-dividends-paid
0,2018-07-31,99.34,$7.13,13.94,$85.28,1.16,$20.65,4.81,$4.77,20.83,$15.48B,$14.58B,1.06,$14.94B,$5.78B,2.58,$70.51B,$24.15B,34.25%,$70.51B,$6.27B,8.90%,$70.51B,$6.27B,8.90%,$70.51B,$7.80B,11.06%,$70.51B,$5.65B,8.01%,$70.51B,$3.92B,5.56%,$3.92B,$5.78B,67.81%,$3.92B,$4.51B,87.43%,$3.92B,$37.11B,10.64%,$6.27B,$20.72B,29.81%,$17415,$11755,$5660,$0,$4270,$16458,$957,$-153,$804,$175,$629,$629,$629,$2527,$957,$806,807,$0.78,$0.78,$2642,$11885,$956,$15483,$19172,$87,$1271,$843,$21622,$37105,$14581,$14937,$978,$16743,$31324,$406,$5517,$-142,$5781,$37105,$2509,$751,$251,$1002,$0,$-549,$2408,$417,$2276,$5787,$-513,$0,$0,$0,$32,$32,$1,$-480,$-24,$-1137,$-1161,$-1796,$-1796,$-678,$-2,$-3637,$1663,$62,$-678
1,2018-04-30,82.04,$6.99,11.74,$82.77,0.99,$19.64,4.18,$4.59,17.87,$16.03B,$15.77B,1.02,$14.95B,$5.75B,2.6,$69.12B,$23.62B,34.17%,$69.12B,$6.49B,9.39%,$69.12B,$6.49B,9.39%,$69.12B,$8.03B,11.62%,$69.12B,$5.86B,8.48%,$69.12B,$3.82B,5.53%,$3.82B,$5.75B,66.75%,$3.82B,$4.46B,86.26%,$3.82B,$38.24B,10.40%,$6.49B,$20.69B,30.63%,$20888,$13689,$7199,$0,$4691,$18725,$2163,$-153,$2010,$490,$1520,$1520,$1515,$1852,$2163,$813,814,$1.86,$1.86,$1770,$13204,$1059,$16033,$19500,$321,$1288,$896,$22204,$38237,$15774,$14948,$962,$16718,$32492,$411,$5405,$-71,$5745,$38237,$988,$387,$9,$396,$0,$-1846,$3521,$370,$2045,$3429,$-219,$0,$0,$-17,$0,$-17,$0,$-236,$-13,$-1140,$-1153,$-720,$-720,$-340,$-2,$-2215,$977,$24,$-340
2,2018-01-31,103.72,$7.08,14.66,$81.41,1.27,$19.37,5.36,$4.10,25.3,$12.77B,$12.10B,1.06,$15.56B,$5.87B,2.65,$68.62B,$23.41B,34.11%,$68.62B,$6.59B,9.60%,$68.62B,$6.59B,9.60%,$68.62B,$8.13B,11.84%,$68.62B,$5.49B,8.00%,$68.62B,$3.44B,5.01%,$3.44B,$5.87B,60.59%,$3.44B,$4.57B,77.60%,$3.44B,$35.29B,9.39%,$6.59B,$21.44B,30.86%,$17360,$11348,$6012,$0,$4187,$15895,$1465,$-160,$1305,$317,$988,$988,$985,$1490,$1465,$825,826,$1.19,$1.19,$690,$11393,$689,$12772,$19721,$408,$1307,$915,$22519,$35291,$12096,$15564,$955,$17322,$29418,$415,$5425,$11,$5873,$35291,$3447,$1540,$574,$2114,$0,$-791,$-92,$387,$-496,$5065,$-1078,$0,$-509,$133,$0,$133,$13,$-1441,$119,$625,$744,$-3053,$-3053,$-1288,$-10,$-3607,$30,$99,$-1288
3,2017-10-31,78.87,$6.91,11.42,$80.88,0.98,$19.71,4.0,$4.17,18.91,$14.01B,$13.74B,1.02,$15.57B,$5.74B,2.71,$68.91B,$23.62B,34.27%,$68.91B,$6.76B,9.81%,$68.91B,$6.76B,9.81%,$68.91B,$8.31B,12.05%,$68.91B,$5.65B,8.21%,$68.91B,$3.53B,5.12%,$3.53B,$5.74B,60.73%,$3.53B,$4.42B,76.31%,$3.53B,$36.78B,9.70%,$6.76B,$21.31B,31.89%,$15494,$10268,$5226,$0,$3761,$14396,$1098,$-153,$945,$391,$554,$554,$553,$1927,$1098,$839,840,$0.66,$0.66,$828,$12393,$788,$14009,$19818,$370,$1327,$912,$22774,$36783,$13738,$15570,$939,$17303,$31041,$415,$5289,$38,$5742,$36783,$2893,$1148,$359,$1507,$0,$-1783,$2251,$504,$972,$5372,$-766,$0,$-509,$190,$0,$190,$13,$-1072,$132,$-340,$-208,$-2967,$-2967,$-947,$-8,$-4130,$185,$78,$-947
4,2017-07-31,75.98,$6.61,11.49,$78.73,0.97,$19.30,3.94,$3.55,21.4,$14.03B,$13.63B,1.03,$15.79B,$5.54B,2.85,$67.88B,$23.31B,34.34%,$67.88B,$6.15B,9.06%,$67.88B,$6.15B,9.06%,$67.88B,$7.73B,11.39%,$67.88B,$5.04B,7.43%,$67.88B,$3.04B,4.47%,$3.04B,$5.54B,50.15%,$3.04B,$4.28B,61.45%,$3.04B,$36.67B,8.43%,$6.15B,$21.32B,29.09%,$16770,$11057,$5713,$0,$3808,$15223,$1547,$-160,$1387,$515,$872,$872,$870,$2761,$1547,$831,832,$1.05,$1.05,$1815,$11407,$811,$14033,$19762,$360,$1255,$930,$22635,$36668,$13625,$15788,$929,$17507,$31132,$419,$5253,$-136,$5536,$36668,$2021,$768,$358,$1126,$0,$-850,$2031,$746,$1927,$5074,$-466,$0,$-505,$0,$165,$165,$10,$-796,$394,$-511,$-117,$-2423,$-2423,$-603,$-9,$-3152,$1138,$55,$-603
5,2017-04-30,82.86,$6.48,12.78,$76.21,1.09,$18.52,4.47,$3.18,26.06,$15.28B,$14.69B,1.04,$15.77B,$5.53B,2.85,$66.64B,$22.93B,34.40%,$66.64B,$5.82B,8.73%,$66.64B,$5.82B,8.73%,$66.64B,$7.42B,11.13%,$66.64B,$4.71B,7.06%,$66.64B,$2.78B,4.18%,$2.78B,$5.53B,43.34%,$2.78B,$4.45B,51.98%,$2.78B,$37.61B,7.74%,$5.82B,$21.30B,27.42%,$19495,$12825,$6670,$0,$3931,$17113,$2382,$-159,$2223,$804,$1419,$1419,$1413,$1948,$2382,$841,842,$1.68,$1.68,$2047,$12254,$975,$15276,$19748,$477,$1081,$759,$22337,$37613,$14686,$15770,$857,$17396,$32082,$426,$5346,$-241,$5531,$37613,$602,$389,$444,$833,$0,$-1808,$3291,$377,$1860,$3295,$-196,$0,$0,$-94,$0,$-94,$-1,$-291,$410,$-511,$-101,$-1199,$-1199,$-304,$-1,$-1605,$1405,$26,$-304
6,2017-01-31,71.05,$7.43,9.56,$73.50,0.97,$18.27,3.89,$3.46,20.53,$12.00B,$11.97B,1.0,$14.39B,$6.43B,2.24,$65.02B,$22.46B,34.55%,$65.02B,$5.85B,8.99%,$65.02B,$5.85B,8.99%,$65.02B,$7.44B,11.44%,$65.02B,$5.20B,8.00%,$65.02B,$3.06B,4.71%,$3.06B,$6.43B,44.77%,$3.06B,$5.35B,51.00%,$3.06B,$34.41B,8.55%,$5.85B,$20.83B,27.48%,$16860,$11060,$5800,$0,$3876,$15301,$1559,$-625,$934,$332,$602,$602,$600,$1670,$1559,$857,858,$0.70,$0.70,$658,$10458,$884,$12000,$19949,$366,$1082,$789,$22408,$34408,$11974,$14394,$843,$16000,$27974,$433,$6241,$-240,$6434,$34408,$3093,$1590,$563,$2153,$0,$-178,$653,$-104,$371,$5617,$-1130,$0,$-2356,$62,$0,$62,$63,$-3361,$2094,$466,$2560,$-3456,$-3456,$-1121,$-75,$-2092,$153,$90,$-1121
7,2016-10-31,64.48,$7.68,8.39,$69.83,0.92,$17.10,3.77,$2.73,23.62,$12.73B,$12.63B,1.01,$14.40B,$6.71B,2.15,$62.47B,$21.62B,34.61%,$62.47B,$5.42B,8.68%,$62.47B,$5.02B,8.03%,$62.47B,$7.01B,11.22%,$62.47B,$4.39B,7.02%,$62.47B,$2.43B,3.89%,$2.43B,$6.71B,33.96%,$2.43B,$5.67B,37.10%,$2.43B,$35.37B,6.92%,$5.42B,$21.10B,25.99%,$15784,$10352,$5432,$0,$3788,$14514,$1270,$-160,$1110,$447,$663,$663,$646,$1351,$1270,$880,881,$0.75,$0.75,$1083,$10990,$655,$12728,$20037,$436,$1034,$804,$22642,$35370,$12633,$14395,$889,$16029,$28662,$437,$6376,$-214,$6708,$35370,$2430,$1190,$429,$1619,$0,$-718,$1859,$79,$1220,$5269,$-792,$0,$-2284,$-31,$0,$-31,$55,$-3052,$2121,$-44,$2077,$-2966,$-2966,$-815,$48,$-1656,$555,$71,$-815
8,2016-07-31,79.21,$7.97,9.94,$67.42,1.17,$16.05,4.93,$3.10,25.55,$13.35B,$13.18B,1.01,$14.62B,$7.02B,2.08,$61.09B,$21.20B,34.71%,$61.09B,$5.67B,9.28%,$61.09B,$5.40B,8.85%,$61.09B,$7.39B,12.09%,$61.09B,$4.80B,7.85%,$61.09B,$2.79B,4.56%,$2.79B,$7.02B,36.81%,$2.79B,$5.95B,38.77%,$2.79B,$36.47B,8.04%,$5.67B,$21.64B,27.57%,$15739,$10332,$5407,$0,$4084,$14800,$939,$-163,$776,$397,$379,$379,$376,$2446,$939,$873,874,$0.43,$0.43,$2156,$10604,$591,$13351,$20274,$604,$1074,$918,$23120,$36471,$13183,$14618,$904,$16266,$29449,$440,$6839,$-366,$7022,$36471,$2051,$778,$-22,$756,$0,$-310,$1723,$408,$1821,$4628,$-473,$0,$-2284,$-244,$0,$-244,$67,$-2934,$2772,$-44,$2728,$-2372,$-2372,$-506,$40,$-110,$1583,$49,$-506
9,2016-04-30,72.87,$8.07,9.03,$65.38,1.11,$15.23,4.78,$2.99,24.37,$16.47B,$14.12B,1.17,$14.32B,$7.21B,1.99,$60.18B,$20.90B,34.72%,$60.18B,$5.46B,9.07%,$60.18B,$5.33B,8.85%,$60.18B,$7.31B,12.15%,$60.18B,$4.75B,7.89%,$60.18B,$2.74B,4.56%,$2.74B,$7.21B,34.37%,$2.74B,$7.06B,35.05%,$2.74B,$37.18B,8.14%,$5.46B,$21.53B,27.41%,$18260,$11972,$6288,$0,$3866,$16209,$2051,$-166,$1885,$718,$1167,$1167,$1162,$1969,$2051,$883,885,$1.32,$1.31,$4735,$11055,$683,$16473,$19463,$400,$154,$533,$20704,$37177,$14121,$14322,$796,$15844,$29965,$447,$7074,$-309,$7212,$37177,$884,$383,$91,$474,$0,$-1556,$3169,$249,$1862,$3220,$-197,$0,$0,$-46,$0,$-46,$-106,$-349,$2783,$-44,$2739,$-1233,$-1233,$-255,$33,$1284,$4156,$25,$-255
10,2016-01-31,68.44,$8.41,8.14,$63.28,1.08,$14.23,4.81,$2.71,25.26,$10.56B,$10.49B,1.01,$11.55B,$7.65B,1.51,$59.07B,$20.57B,34.82%,$59.07B,$4.97B,8.41%,$59.07B,$4.97B,8.41%,$59.07B,$6.97B,11.79%,$59.07B,$4.42B,7.48%,$59.07B,$2.53B,4.29%,$2.53B,$7.65B,29.64%,$2.53B,$7.50B,30.05%,$2.53B,$31.27B,7.68%,$4.97B,$19.20B,25.51%,$15234,$9897,$5337,$0,$3391,$13648,$1586,$-156,$1430,$546,$884,$884,$880,$1242,$1586,$897,899,$0.98,$0.98,$712,$9458,$391,$10561,$19577,$222,$154,$511,$20705,$31266,$10492,$11545,$846,$13120,$23612,$455,$7593,$-394,$7654,$31266,$2546,$1587,$673,$2260,$0,$-582,$524,$36,$-22,$4784,$-1140,$0,$0,$-50,$-125,$-175,$-28,$-1343,$1166,$43,$1209,$-3800,$-3800,$-957,$55,$-3493,$-61,$117,$-957
11,2015-10-31,70.23,$9.14,7.69,$61.69,1.14,$14.45,4.86,$3.16,22.23,$12.14B,$12.16B,1.0,$11.53B,$8.38B,1.38,$58.38B,$20.33B,34.83%,$58.38B,$5.33B,9.13%,$58.38B,$5.35B,9.17%,$58.38B,$7.31B,12.53%,$58.38B,$4.81B,8.24%,$58.38B,$2.97B,5.09%,$2.97B,$8.38B,32.55%,$2.97B,$8.22B,32.83%,$2.97B,$33.64B,8.97%,$5.33B,$19.91B,26.80%,$13237,$8650,$4587,$0,$3769,$12390,$847,$0,$295,$284,$11,$11,$10,$1729,$439,$927,929,$0.03,$0.03,$1385,$10434,$321,$12140,$19655,$382,$154,$1018,$21504,$33644,$12162,$11530,$843,$13104,$25266,$459,$8298,$-379,$8378,$33644,$2535,$1192,$9,$1201,$0,$-1536,$2218,$128,$810,$4546,$-793,$0,$0,$-62,$-106,$-168,$-25,$-986,$1177,$0,$1177,$-3313,$-3313,$-700,$46,$-2790,$761,$84,$-700
12,2015-07-31,65.73,$9.36,7.02,$60.06,1.09,$14.60,4.5,$2.95,22.28,$11.12B,$12.14B,0.92,$10.34B,$8.69B,1.19,$57.70B,$20.06B,34.76%,$57.70B,$5.09B,8.83%,$57.70B,$5.11B,8.86%,$57.70B,$7.07B,12.26%,$57.70B,$4.58B,7.93%,$57.70B,$2.82B,4.89%,$2.82B,$8.69B,29.03%,$2.82B,$8.53B,29.14%,$2.82B,$32.74B,8.49%,$5.09B,$19.02B,25.11%,$14360,$9370,$4990,$0,$3287,$13173,$1187,$0,$1187,$451,$736,$736,$733,$2372,$1328,$918,921,$0.80,$0.80,$1089,$9704,$322,$11115,$19751,$412,$154,$1050,$21621,$32736,$12141,$10336,$833,$11908,$24049,$464,$8533,$-310,$8687,$32736,$1799,$791,$3,$794,$0,$-804,$2005,$370,$1571,$4164,$-550,$0,$0,$0,$-161,$-161,$-25,$-736,$-31,$0,$-31,$-2567,$-2567,$-440,$50,$-2988,$435,$57,$-440
13,2015-04-30,64.98,$10.01,6.49,$58.13,1.12,$14.31,4.54,$2.79,23.29,$12.54B,$12.97B,0.97,$10.32B,$9.48B,1.09,$56.95B,$19.81B,34.79%,$56.95B,$4.95B,8.69%,$56.95B,$4.96B,8.71%,$56.95B,$6.92B,12.15%,$56.95B,$4.43B,7.78%,$56.95B,$2.73B,4.80%,$2.73B,$9.48B,26.39%,$2.73B,$9.48B,26.39%,$2.73B,$34.32B,8.20%,$4.95B,$19.80B,23.73%,$17348,$11367,$5981,$0,$3634,$15509,$1839,$0,$1839,$713,$1126,$1126,$1121,$1623,$1972,$931,933,$1.20,$1.20,$1529,$10614,$393,$12536,$19892,$384,$0,$1343,$21779,$34315,$12970,$10324,$817,$11868,$24838,$473,$9085,$-81,$9477,$34315,$673,$391,$15,$406,$0,$-1687,$2893,$193,$1399,$2478,$-229,$0,$0,$0,$-12,$-12,$0,$-241,$-10,$0,$-10,$-1088,$-1088,$-222,$50,$-1270,$968,$29,$-222
14,2015-01-31,63.74,$10.38,6.14,$56.47,1.13,$13.73,4.64,$2.70,23.61,$9.85B,$9.35B,1.05,$10.81B,$9.97B,1.08,$56.22B,$19.56B,34.79%,$56.22B,$4.79B,8.52%,$56.22B,$4.79B,8.52%,$56.22B,$6.76B,12.03%,$56.22B,$4.28B,7.61%,$56.22B,$2.68B,4.77%,$2.68B,$9.97B,24.71%,$2.68B,$9.97B,24.71%,$2.68B,$31.72B,8.06%,$4.79B,$20.77B,22.50%,$14129,$9117,$5012,$0,$3415,$13031,$1098,$0,$1098,$425,$673,$673,$670,$1590,$1232,$950,952,$0.70,$0.70,$591,$8911,$349,$9851,$20034,$354,$0,$1349,$21870,$31721,$9348,$10806,$869,$12405,$21753,$480,$9591,$-103,$9968,$31721,$2698,$1586,$77,$1663,$0,$170,$127,$271,$568,$4929,$-828,$0,$0,$-15,$-241,$-256,$-4,$-1088,$1191,$-386,$805,$-3768,$-3768,$-822,$24,$-3761,$75,$119,$-822
15,2014-10-31,53.63,$11.02,4.87,$54.80,0.98,$12.65,4.24,$2.53,21.2,$12.13B,$10.80B,1.12,$10.81B,$10.73B,1.01,$55.34B,$19.25B,34.79%,$55.34B,$4.09B,7.39%,$55.34B,$4.60B,8.31%,$55.34B,$6.20B,11.19%,$55.34B,$4.09B,7.39%,$55.34B,$2.54B,4.59%,$2.54B,$10.73B,22.41%,$2.54B,$10.73B,22.41%,$2.54B,$34.03B,7.57%,$4.09B,$21.54B,18.94%,$12540,$8193,$4347,$0,$3157,$11337,$1203,$0,$687,$237,$450,$450,$447,$1489,$819,$988,990,$0.47,$0.47,$1773,$9762,$334,$12130,$20180,$395,$0,$1327,$21902,$34032,$10804,$10806,$864,$12498,$23302,$487,$10271,$-28,$10730,$34032,$2248,$1199,$-46,$1153,$0,$-641,$1452,$472,$1283,$4684,$-543,$0,$0,$-142,$-196,$-338,$-6,$-887,$1203,$-386,$817,$-2860,$-2860,$-597,$16,$-2624,$1171,$84,$-597
16,2014-07-31,44.67,$11.34,3.94,$53.19,0.84,$11.58,3.86,$2.41,18.53,$11.08B,$10.01B,1.11,$10.06B,$11.24B,0.9,$54.62B,$19.02B,34.82%,$54.62B,$3.93B,7.20%,$54.62B,$4.44B,8.12%,$54.62B,$6.03B,11.04%,$54.62B,$3.93B,7.20%,$54.62B,$2.45B,4.49%,$2.45B,$11.24B,20.76%,$2.45B,$11.24B,20.76%,$2.45B,$33.14B,7.31%,$3.93B,$21.30B,17.97%,$13681,$8963,$4718,$0,$3255,$12727,$954,$0,$954,$369,$585,$585,$582,$2219,$1088,$978,980,$0.59,$0.59,$1129,$9315,$355,$11075,$20368,$382,$0,$1312,$22062,$33137,$10013,$10063,$891,$11884,$21897,$496,$10749,$-5,$11240,$33137,$1663,$798,$-24,$774,$0,$-182,$1180,$488,$1486,$3923,$-360,$0,$0,$0,$-158,$-158,$-7,$-525,$-25,$-386,$-411,$-1983,$-1983,$-369,$12,$-2751,$648,$53,$-369
17,2014-04-30,42.65,$11.35,3.76,$51.23,0.83,$10.84,3.94,$2.25,18.96,$11.95B,$10.81B,1.11,$10.08B,$11.48B,0.88,$53.73B,$18.68B,34.76%,$53.73B,$3.75B,6.97%,$53.73B,$4.23B,7.88%,$53.73B,$5.82B,10.83%,$53.73B,$3.75B,6.97%,$53.73B,$2.35B,4.38%,$2.35B,$11.48B,19.19%,$2.35B,$11.48B,19.19%,$2.35B,$34.23B,7.00%,$3.75B,$21.56B,16.97%,$16599,$10864,$5735,$0,$3541,$14906,$1693,$0,$1693,$654,$1039,$1039,$1033,$1464,$1819,$995,996,$1.04,$1.04,$768,$10515,$386,$11952,$20617,$360,$0,$1300,$22277,$34229,$10814,$10080,$862,$11933,$22747,$506,$10985,$-9,$11482,$34229,$624,$398,$2,$400,$0,$-1384,$2041,$313,$970,$1994,$-178,$0,$0,$-163,$66,$-97,$-5,$-280,$-12,$-386,$-398,$-886,$-886,$-186,$23,$-1447,$267,$28,$-186
18,2014-01-31,42.84,$11.51,3.72,$50.06,0.86,$10.70,4.0,$2.13,20.11,$10.30B,$8.88B,1.16,$10.09B,$11.85B,0.85,$53.42B,$18.48B,34.59%,$53.42B,$3.67B,6.88%,$53.42B,$4.15B,7.77%,$53.42B,$5.71B,10.69%,$53.42B,$3.67B,6.88%,$53.42B,$2.27B,4.25%,$2.27B,$11.85B,17.87%,$2.27B,$11.85B,17.87%,$2.27B,$32.73B,6.73%,$3.67B,$21.94B,16.50%,$13403,$8645,$4758,$0,$3319,$12461,$942,$0,$942,$318,$624,$624,$620,$1023,$1066,$1015,1017,$0.61,$0.61,$576,$9127,$341,$10296,$20834,$279,$0,$1323,$22436,$32732,$8876,$10086,$896,$12003,$20879,$515,$11355,$-17,$11853,$32732,$2286,$1562,$54,$1616,$0,$-396,$291,$314,$209,$4111,$-865,$0,$-203,$-50,$-173,$-223,$5,$-1286,$938,$386,$1324,$-3545,$-3545,$-733,$-15,$-2969,$-150,$100,$-733
19,2013-10-31,45.9,$12.05,3.81,$48.66,0.94,$9.97,4.6,$2.10,21.86,$11.37B,$9.40B,1.21,$10.09B,$12.65B,0.8,$52.80B,$18.22B,34.50%,$52.80B,$3.63B,6.87%,$52.80B,$4.09B,7.74%,$52.80B,$5.69B,10.78%,$52.80B,$3.63B,6.87%,$52.80B,$2.25B,4.27%,$2.25B,$12.65B,17.06%,$2.25B,$12.65B,17.06%,$2.25B,$34.08B,6.68%,$3.63B,$22.74B,16.13%,$11661,$7618,$4043,$0,$3045,$11161,$500,$0,$500,$194,$306,$306,$303,$1324,$628,$1059,1061,$0.30,$0.30,$1216,$9593,$336,$11365,$20973,$439,$0,$1300,$22712,$34077,$9403,$10090,$881,$12023,$21426,$525,$12103,$23,$12651,$34077,$1980,$1167,$16,$1183,$0,$-847,$1063,$480,$696,$3859,$-548,$0,$-203,$-530,$254,$-276,$4,$-1023,$951,$0,$951,$-2680,$-2680,$-543,$-1,$-2273,$560,$70,$-543
20,2013-07-31,40.95,$12.29,3.33,$47.01,0.87,$9.18,4.46,$1.98,20.68,$10.91B,$9.34B,1.17,$9.02B,$13.06B,0.69,$51.92B,$17.88B,34.44%,$51.92B,$3.46B,6.67%,$51.92B,$3.91B,7.53%,$51.92B,$5.51B,10.62%,$51.92B,$3.46B,6.67%,$51.92B,$2.15B,4.14%,$2.15B,$13.06B,15.82%,$2.15B,$13.06B,15.82%,$2.15B,$33.41B,6.38%,$3.46B,$22.08B,15.32%,$12957,$8476,$4481,$0,$3184,$12158,$799,$0,$799,$300,$499,$499,$495,$2007,$924,$1047,1049,$0.47,$0.47,$1274,$9106,$309,$10913,$20969,$306,$0,$1220,$22495,$33408,$9340,$9015,$868,$11006,$20346,$532,$12504,$26,$13062,$33408,$1482,$767,$27,$794,$0,$-517,$1009,$588,$1080,$3356,$-329,$0,$0,$-303,$111,$-192,$3,$-518,$-22,$0,$-22,$-1927,$-1927,$-352,$8,$-2293,$544,$44,$-352
21,2013-04-30,35.15,$12.18,2.89,$44.59,0.79,$8.26,4.25,$1.74,20.2,$12.01B,$10.44B,1.15,$9.03B,$13.25B,0.68,$50.46B,$17.32B,34.32%,$50.46B,$3.16B,6.25%,$50.46B,$3.59B,7.11%,$50.46B,$5.19B,10.29%,$50.46B,$3.16B,6.25%,$50.46B,$1.96B,3.88%,$1.96B,$13.25B,13.95%,$1.96B,$13.25B,13.95%,$1.96B,$34.73B,5.74%,$3.16B,$22.28B,13.68%,$15711,$10314,$5397,$0,$3414,$14205,$1506,$0,$1506,$565,$941,$941,$935,$1357,$1616,$1067,1068,$0.88,$0.88,$1199,$10274,$313,$12014,$21257,$272,$0,$1188,$22717,$34731,$10439,$9026,$857,$11040,$21479,$544,$12618,$52,$13252,$34731,$540,$376,$12,$388,$0,$-1674,$2381,$357,$1064,$1992,$-190,$0,$0,$-84,$16,$-68,$-5,$-263,$-11,$0,$-11,$-1006,$-1006,$-178,$5,$-1190,$540,$18,$-178
22,2013-01-31,34.79,$12.48,2.79,$43.47,0.8,$8.40,4.14,$1.68,20.71,$9.78B,$7.71B,1.27,$9.03B,$13.86B,0.65,$50.52B,$17.33B,34.30%,$50.52B,$3.14B,6.21%,$50.52B,$3.56B,7.05%,$50.52B,$5.18B,10.26%,$50.52B,$3.14B,6.21%,$50.52B,$1.95B,3.85%,$1.95B,$13.86B,13.39%,$1.95B,$13.86B,13.39%,$1.95B,$32.67B,5.60%,$3.14B,$22.89B,13.32%,$13088,$8533,$4555,$0,$3222,$12220,$868,$0,$868,$328,$540,$540,$537,$1003,$981,$1088,1090,$0.49,$0.49,$666,$8600,$301,$9784,$21477,$271,$0,$1134,$22882,$32666,$7708,$9030,$901,$11101,$18809,$555,$13224,$52,$13857,$32666,$1959,$1623,$91,$1714,$0,$-244,$303,$30,$89,$3762,$-1081,$0,$0,$393,$-219,$174,$4,$-903,$1393,$0,$1393,$-4044,$-4044,$-704,$22,$-3333,$-473,$100,$-704
23,2012-10-31,29.37,$12.67,2.32,$43.02,0.68,$8.09,3.63,$1.68,17.48,$10.83B,$8.61B,1.26,$9.00B,$14.23B,0.63,$51.10B,$17.52B,34.28%,$51.10B,$3.17B,6.20%,$51.10B,$3.58B,7.01%,$51.10B,$5.18B,10.13%,$51.10B,$3.17B,6.20%,$51.10B,$1.98B,3.87%,$1.98B,$14.23B,13.02%,$1.98B,$14.23B,13.02%,$1.98B,$33.95B,5.66%,$3.17B,$23.23B,13.36%,$11046,$7260,$3786,$0,$2808,$10591,$455,$0,$455,$166,$289,$289,$286,$1145,$565,$1150,1152,$0.27,$0.27,$1300,$8995,$300,$10830,$21591,$350,$0,$1182,$23123,$33953,$8614,$9004,$904,$11114,$19728,$561,$13602,$53,$14225,$33953,$1670,$1185,$69,$1254,$0,$-640,$1064,$160,$584,$3508,$-842,$0,$0,$-1333,$1406,$73,$-14,$-783,$1404,$0,$1404,$-3541,$-3541,$-524,$11,$-2650,$77,$75,$-524
24,2012-07-31,22.9,$12.87,1.78,$41.78,0.55,$7.85,2.92,$1.51,15.17,$11.60B,$9.02B,1.29,$9.01B,$14.82B,0.61,$50.88B,$17.41B,34.22%,$50.88B,$2.88B,5.67%,$50.88B,$3.28B,6.44%,$50.88B,$4.86B,9.55%,$50.88B,$2.88B,5.67%,$50.88B,$1.81B,3.56%,$1.81B,$14.82B,11.42%,$1.81B,$14.82B,11.42%,$1.81B,$35.03B,5.18%,$2.88B,$23.83B,12.21%,$12073,$7930,$4143,$0,$3023,$11438,$635,$0,$635,$239,$396,$396,$393,$1686,$749,$1126,1128,$0.35,$0.35,$2296,$8699,$325,$11599,$21734,$485,$0,$1214,$23433,$35032,$9022,$9008,$872,$11186,$20208,$576,$14199,$47,$14824,$35032,$1275,$789,$60,$849,$0,$-345,$731,$286,$672,$2796,$-573,$0,$0,$-1176,$738,$-438,$-21,$-1032,$1964,$0,$1964,$-2703,$-2703,$-340,$13,$-1066,$696,$54,$-340
25,2012-04-30,28.23,$12.81,2.2,$40.87,0.69,$7.91,3.57,$1.51,18.7,$13.63B,$11.00B,1.24,$9.02B,$15.20B,0.59,$51.18B,$17.60B,34.38%,$51.18B,$3.02B,5.89%,$51.18B,$3.40B,6.65%,$51.18B,$4.98B,9.73%,$51.18B,$3.02B,5.89%,$51.18B,$1.89B,3.69%,$1.89B,$15.20B,11.57%,$1.89B,$15.20B,11.57%,$1.89B,$37.21B,5.45%,$3.02B,$24.22B,12.84%,$14249,$9415,$4834,$0,$3172,$13052,$1197,$0,$1197,$450,$747,$747,$742,$1349,$1293,$1157,1159,$0.64,$0.64,$3233,$9786,$330,$13628,$21821,$710,$0,$1049,$23580,$37208,$10996,$9018,$863,$11009,$22005,$594,$14557,$52,$15203,$37208,$527,$396,$-171,$225,$0,$-1432,$2625,$522,$1715,$2467,$-308,$0,$0,$-708,$557,$-151,$-11,$-470,$1974,$0,$1974,$-1736,$-1736,$-174,$-4,$60,$2058,$25,$-174
26,2012-01-31,23.96,$13.32,1.8,$39.16,0.61,$7.71,3.11,$1.42,16.87,$10.07B,$7.89B,1.28,$7.04B,$16.53B,0.43,$50.21B,$17.35B,34.56%,$50.21B,$2.91B,5.79%,$50.21B,$3.28B,6.53%,$50.21B,$4.86B,9.67%,$50.21B,$2.91B,5.79%,$50.21B,$1.82B,3.63%,$1.82B,$16.53B,10.80%,$1.82B,$16.53B,10.80%,$1.82B,$33.56B,5.31%,$2.91B,$23.57B,12.40%,$13153,$8589,$4564,$0,$3241,$12303,$850,$0,$850,$323,$527,$527,$524,$995,$953,$1206,1208,$0.43,$0.43,$1300,$8355,$234,$10072,$21970,$504,$0,$1013,$23487,$33559,$7891,$7035,$865,$9135,$17026,$621,$15852,$46,$16533,$33559,$1839,$1579,$629,$2208,$0,$-33,$-5,$340,$302,$4349,$-1777,$0,$-100,$-1433,$1888,$455,$-15,$-1437,$956,$0,$956,$-2837,$-2837,$-647,$-21,$-2549,$362,$107,$-647
27,2011-10-31,18.67,$13.34,1.4,$37.49,0.5,$7.51,2.49,$1.37,13.63,$10.42B,$9.16B,1.14,$6.03B,$16.81B,0.36,$49.06B,$17.10B,34.85%,$49.06B,$2.88B,5.86%,$49.06B,$3.23B,6.59%,$49.06B,$4.82B,9.81%,$49.06B,$2.88B,5.86%,$49.06B,$1.79B,3.64%,$1.79B,$16.81B,10.34%,$1.79B,$16.81B,10.34%,$1.79B,$33.87B,5.20%,$2.88B,$22.83B,12.13%,$11628,$7650,$3978,$0,$3008,$11143,$485,$0,$485,$162,$323,$323,$320,$828,$587,$1271,1273,$0.25,$0.27,$969,$8990,$227,$10423,$21888,$705,$0,$850,$23443,$33866,$9156,$6025,$867,$7901,$17057,$630,$16109,$46,$16809,$33866,$1517,$1171,$295,$1466,$0,$-669,$892,$686,$909,$3892,$-1238,$0,$0,$-1200,$1468,$268,$-13,$-983,$-28,$0,$-28,$-2379,$-2379,$-470,$-9,$-2886,$23,$81,$-470
28,2011-07-31,19.04,$13.32,1.43,$36.35,0.52,$7.43,2.56,$1.48,12.87,$10.17B,$8.68B,1.17,$6.58B,$16.78B,0.39,$48.79B,$17.12B,35.09%,$48.79B,$3.18B,6.51%,$48.79B,$3.52B,7.21%,$48.79B,$5.14B,10.54%,$48.79B,$3.18B,6.51%,$48.79B,$1.96B,4.03%,$1.96B,$16.78B,11.03%,$1.96B,$16.78B,11.03%,$1.96B,$34.05B,5.69%,$3.18B,$23.36B,13.17%,$11852,$7815,$4037,$0,$3233,$11500,$352,$0,$352,$127,$225,$225,$223,$1808,$443,$1250,1252,$0.18,$0.18,$908,$8825,$213,$10168,$22195,$857,$0,$825,$23877,$34045,$8677,$6581,$856,$8589,$17266,$630,$16060,$82,$16779,$34045,$1292,$786,$113,$899,$0,$-495,$1026,$571,$1102,$3293,$-760,$0,$0,$-948,$1028,$80,$-14,$-694,$-18,$0,$-18,$-2378,$-2378,$-294,$3,$-2687,$-84,$59,$-294
29,2011-04-30,23.02,$13.25,1.74,$35.09,0.66,$6.99,3.29,$1.42,16.21,$11.97B,$9.92B,1.21,$6.54B,$17.46B,0.37,$48.61B,$17.11B,35.20%,$48.61B,$3.18B,6.55%,$48.61B,$3.52B,7.24%,$48.61B,$5.18B,10.65%,$48.61B,$3.18B,6.55%,$48.61B,$1.97B,4.04%,$1.97B,$17.46B,10.67%,$1.97B,$17.46B,10.67%,$1.97B,$35.88B,5.68%,$3.18B,$24.00B,13.01%,$14543,$9527,$5016,$0,$3232,$13214,$1329,$0,$1329,$499,$830,$830,$823,$1225,$1419,$1275,1278,$0.65,$0.64,$1841,$9661,$239,$11973,$22060,$1209,$0,$642,$23911,$35884,$9921,$6538,$818,$8504,$18425,$659,$16715,$85,$17459,$35884,$461,$397,$-2,$395,$0,$-1329,$2339,$557,$1567,$2423,$-308,$0,$0,$-627,$522,$-105,$2,$-411,$-9,$0,$-9,$-1016,$-1016,$-149,$3,$-1171,$844,$30,$-149
30,2011-01-31,21.66,$13.38,1.62,$34.51,0.63,$7.10,3.05,$1.42,15.25,$9.97B,$7.12B,1.4,$6.54B,$18.11B,0.36,$48.82B,$17.15B,35.14%,$48.82B,$3.23B,6.61%,$48.82B,$3.56B,7.29%,$48.82B,$5.24B,10.74%,$48.82B,$3.23B,6.61%,$48.82B,$1.99B,4.08%,$1.99B,$18.11B,10.60%,$1.99B,$18.11B,10.60%,$1.99B,$33.70B,5.69%,$3.23B,$24.65B,13.13%,$12185,$7866,$4319,$0,$3120,$11445,$740,$0,$740,$279,$461,$461,$458,$954,$828,$1324,1328,$0.35,$0.34,$1123,$8321,$330,$9967,$22089,$1008,$0,$635,$23732,$33699,$7119,$6537,$833,$8468,$15587,$677,$17371,$53,$18112,$33699,$2010,$1684,$89,$1773,$0,$-64,$60,$73,$69,$3852,$-1304,$0,$0,$-2605,$1739,$-866,$-14,$-2184,$1433,$0,$1433,$-2514,$-2514,$-571,$1,$-1651,$20,$115,$-571
31,2010-10-31,18.56,$13.55,1.37,$33.99,0.55,$6.84,2.71,$1.35,13.74,$10.70B,$8.01B,1.34,$5.54B,$18.89B,0.29,$48.51B,$16.98B,35.00%,$48.51B,$3.09B,6.38%,$48.51B,$3.40B,7.00%,$48.51B,$5.10B,10.51%,$48.51B,$3.09B,6.38%,$48.51B,$1.91B,3.95%,$1.91B,$18.89B,10.05%,$1.91B,$18.89B,10.05%,$1.91B,$34.34B,5.49%,$3.09B,$24.43B,12.71%,$10479,$6752,$3727,$0,$2793,$10023,$456,$0,$456,$171,$285,$285,$283,$1155,$542,$1401,1403,$0.21,$0.21,$1737,$8543,$219,$10701,$22180,$865,$0,$595,$23640,$34341,$8008,$5539,$825,$7441,$15449,$697,$18144,$45,$18892,$34341,$1725,$1272,$9,$1281,$0,$-288,$668,$447,$827,$3833,$-988,$0,$0,$-2033,$1206,$-827,$-53,$-1868,$449,$0,$449,$-1553,$-1553,$-418,$1,$-1521,$446,$84,$-418
32,2010-07-31,17.94,$13.50,1.33,$33.41,0.54,$6.82,2.63,$1.29,13.91,$11.12B,$7.99B,1.39,$5.53B,$19.21B,0.29,$48.29B,$16.81B,34.80%,$48.29B,$2.97B,6.15%,$48.29B,$3.27B,6.77%,$48.29B,$4.98B,10.31%,$48.29B,$2.97B,6.15%,$48.29B,$1.86B,3.84%,$1.86B,$19.21B,9.67%,$1.86B,$19.21B,9.67%,$1.86B,$34.63B,5.32%,$2.97B,$24.75B,12.27%,$11587,$7526,$4061,$0,$2931,$10936,$651,$0,$651,$247,$404,$404,$400,$1843,$731,$1390,1392,$0.29,$0.29,$2007,$8653,$256,$11121,$22274,$730,$0,$508,$23512,$34633,$7993,$5533,$830,$7427,$15420,$711,$18454,$39,$19213,$34633,$1321,$848,$-72,$776,$0,$-400,$600,$485,$685,$2782,$-603,$0,$0,$-1458,$609,$-849,$-16,$-1468,$457,$0,$457,$-953,$-953,$-261,$1,$-756,$559,$55,$-261
33,2010-04-30,23.33,$13.18,1.77,$32.73,0.71,$7.13,3.27,$1.22,19.12,$13.70B,$10.88B,1.26,$5.53B,$19.02B,0.29,$47.78B,$16.63B,34.80%,$47.78B,$2.85B,5.97%,$47.78B,$3.14B,6.58%,$47.78B,$4.87B,10.18%,$47.78B,$2.85B,5.97%,$47.78B,$1.78B,3.73%,$1.78B,$19.02B,9.30%,$1.78B,$19.02B,9.30%,$1.78B,$37.41B,5.14%,$2.85B,$24.55B,11.91%,$14361,$9355,$5006,$0,$3189,$13026,$1335,$0,$1335,$503,$832,$832,$825,$1292,$1419,$1417,1419,$0.58,$0.58,$3352,$9899,$242,$13695,$22379,$832,$0,$508,$23719,$37414,$10881,$5531,$886,$7514,$18395,$722,$18246,$45,$19019,$37414,$489,$424,$-55,$369,$0,$-1644,$2773,$749,$1878,$2736,$-278,$0,$0,$-1171,$366,$-805,$-1,$-1084,$967,$0,$967,$-445,$-445,$-131,$0,$391,$2045,$26,$-131
34,2010-01-31,18.56,$13.07,1.42,$32.21,0.58,$6.64,2.8,$1.20,15.47,$9.73B,$7.36B,1.32,$4.53B,$19.07B,0.24,$47.22B,$16.46B,34.86%,$47.22B,$2.83B,5.98%,$47.22B,$3.11B,6.59%,$47.22B,$4.85B,10.26%,$47.22B,$2.83B,5.98%,$47.22B,$1.77B,3.75%,$1.77B,$19.07B,9.30%,$1.77B,$19.07B,9.30%,$1.77B,$33.01B,5.22%,$2.83B,$23.60B,11.93%,$12388,$8030,$4358,$0,$3093,$11602,$786,$0,$786,$297,$489,$489,$485,$807,$868,$1438,1441,$0.34,$0.34,$1057,$8249,$218,$9732,$22499,$277,$0,$497,$23273,$33005,$7355,$4528,$906,$6581,$13936,$729,$18307,$27,$19069,$33005,$1783,$1733,$172,$1905,$0,$-28,$175,$219,$366,$4054,$-1781,$0,$0,$-1827,$1724,$-103,$-2,$-1886,$-27,$-1007,$-1034,$-376,$-376,$-391,$0,$-1801,$387,$102,$-391
35,2009-10-31,16.71,$13.15,1.27,$32.12,0.52,$5.69,2.94,$1.17,14.28,$10.43B,$8.49B,1.23,$4.52B,$19.42B,0.23,$47.04B,$16.28B,34.61%,$47.04B,$2.76B,5.87%,$47.04B,$3.06B,6.51%,$47.04B,$4.80B,10.21%,$47.04B,$2.76B,5.87%,$47.04B,$1.73B,3.67%,$1.73B,$19.42B,9.20%,$1.73B,$19.42B,9.20%,$1.73B,$34.35B,5.11%,$2.76B,$23.94B,11.73%,$10169,$6615,$3554,$0,$2775,$9848,$321,$0,$321,$117,$204,$204,$204,$1038,$377,$1462,1464,$0.15,$0.15,$1650,$8424,$213,$10431,$22557,$864,$0,$496,$23917,$34348,$8489,$4524,$1421,$6440,$14929,$739,$18236,$46,$19419,$34348,$1578,$1303,$76,$1379,$0,$-203,$933,$680,$1410,$4367,$-1397,$0,$0,$0,$-710,$-710,$-19,$-2126,$-24,$-1002,$-1026,$55,$55,$-391,$0,$-1362,$896,$78,$-391
36,2009-07-31,19.1,$12.98,1.47,$32.41,0.59,$4.94,3.87,$1.27,15.04,$10.03B,$8.46B,1.19,$4.52B,$19.18B,0.24,$47.39B,$16.37B,34.55%,$47.39B,$3.01B,6.36%,$47.39B,$3.30B,6.97%,$47.39B,$5.02B,10.60%,$47.39B,$3.01B,6.36%,$47.39B,$1.87B,3.95%,$1.87B,$19.18B,10.17%,$1.87B,$19.18B,10.17%,$1.87B,$34.12B,5.59%,$3.01B,$23.69B,12.92%,$11375,$7485,$3890,$0,$2882,$10847,$528,$0,$528,$184,$344,$344,$341,$1728,$605,$1466,1469,$0.23,$0.23,$1511,$8189,$216,$10033,$22727,$900,$0,$462,$24089,$34122,$8459,$4515,$1468,$6487,$14946,$738,$18025,$46,$19176,$34122,$1235,$870,$17,$887,$0,$32,$858,$704,$1594,$3716,$-1009,$0,$0,$0,$-659,$-659,$0,$-1668,$-16,$-987,$-1003,$44,$44,$-259,$0,$-1218,$842,$50,$-259
37,2009-04-30,18.2,$12.51,1.46,$32.83,0.55,$4.63,3.93,$1.40,13.0,$10.54B,$8.74B,1.21,$5.02B,$18.44B,0.27,$48.05B,$16.53B,34.40%,$48.05B,$3.29B,6.85%,$48.05B,$3.58B,7.44%,$48.05B,$5.27B,10.97%,$48.05B,$3.29B,6.85%,$48.05B,$2.05B,4.27%,$2.05B,$18.44B,11.41%,$2.05B,$18.44B,11.41%,$2.05B,$34.15B,6.20%,$3.29B,$23.46B,14.30%,$13844,$9021,$4823,$0,$3123,$12628,$1216,$0,$1216,$457,$759,$759,$753,$1272,$1292,$1464,1466,$0.51,$0.51,$1142,$9013,$264,$10541,$22715,$448,$0,$444,$23607,$34148,$8735,$5023,$1420,$6976,$15711,$737,$17399,$5,$18437,$34148,$476,$434,$-50,$384,$0,$-801,$1732,$554,$1485,$2345,$-561,$0,$0,$54,$-296,$-242,$15,$-788,$-8,$-986,$-994,$1,$1,$-126,$0,$-1119,$437,$24,$-126
38,2009-01-31,15.4,$12.28,1.25,$32.88,0.47,$4.59,3.36,$1.49,10.34,$9.19B,$7.56B,1.22,$5.04B,$18.06B,0.28,$48.23B,$16.50B,34.21%,$48.23B,$3.51B,7.27%,$48.23B,$3.79B,7.85%,$48.23B,$5.45B,11.31%,$48.23B,$3.51B,7.27%,$48.23B,$2.18B,4.53%,$2.18B,$18.06B,12.46%,$2.18B,$18.06B,12.46%,$2.18B,$32.63B,6.68%,$3.51B,$23.09B,15.44%,$11832,$7636,$4196,$0,$2957,$11072,$760,$0,$760,$284,$476,$476,$472,$764,$838,$1462,1464,$0.32,$0.32,$661,$8209,$215,$9190,$22722,$253,$0,$460,$23435,$32625,$7560,$5039,$1372,$7010,$14570,$735,$17049,$-6,$18055,$32625,$2195,$1667,$261,$1928,$0,$-611,$402,$208,$-1,$4122,$-3237,$0,$0,$0,$67,$67,$-56,$-3226,$-558,$-57,$-615,$166,$166,$-491,$1,$-939,$-36,$95,$-491
39,2008-10-31,18.21,$12.24,1.49,$32.92,0.55,$4.24,4.29,$1.66,10.97,$9.52B,$8.43B,1.13,$5.04B,$17.96B,0.28,$48.63B,$16.75B,34.46%,$48.63B,$3.90B,8.02%,$48.63B,$4.16B,8.55%,$48.63B,$5.78B,11.90%,$48.63B,$3.90B,8.02%,$48.63B,$2.42B,4.98%,$2.42B,$17.96B,14.20%,$2.42B,$17.96B,14.20%,$2.42B,$33.03B,7.50%,$3.90B,$23.00B,17.44%,$9984,$6616,$3368,$0,$2711,$9725,$259,$0,$259,$97,$162,$162,$161,$1259,$329,$1457,1457,$0.11,$0.12,$767,$8327,$197,$9521,$22602,$466,$0,$440,$23508,$33029,$8431,$5044,$846,$6641,$15072,$734,$17012,$-4,$17957,$33029,$2033,$1232,$234,$1466,$0,$-725,$1124,$460,$859,$4358,$-2513,$0,$0,$86,$-260,$-174,$-53,$-2740,$-551,$-786,$-1337,$125,$125,$-366,$1,$-1577,$41,$79,$-366
40,2008-07-31,16.98,$11.96,1.42,$32.61,0.52,$3.60,4.72,$1.76,9.65,$9.30B,$8.53B,1.09,$5.05B,$17.51B,0.29,$48.46B,$16.73B,34.53%,$48.46B,$4.15B,8.57%,$48.46B,$4.39B,9.07%,$48.46B,$5.97B,12.33%,$48.46B,$4.15B,8.57%,$48.46B,$2.58B,5.32%,$2.58B,$17.51B,15.56%,$2.58B,$17.51B,15.56%,$2.58B,$32.55B,8.17%,$4.15B,$22.56B,18.86%,$11728,$7743,$3985,$0,$2726,$10950,$778,$0,$778,$290,$488,$488,$486,$1978,$843,$1459,1461,$0.33,$0.33,$854,$7939,$236,$9304,$22066,$798,$0,$381,$23245,$32549,$8528,$5050,$824,$6515,$15043,$732,$16648,$8,$17506,$32549,$1545,$816,$35,$851,$0,$-328,$1073,$727,$1472,$3868,$-1600,$0,$0,$76,$-501,$-425,$-37,$-2062,$-544,$-873,$-1417,$48,$48,$-242,$1,$-1610,$196,$54,$-242
41,2008-04-30,20.95,$11.37,1.84,$32.08,0.65,$2.98,7.03,$1.79,11.71,$10.16B,$8.97B,1.13,$5.58B,$16.62B,0.34,$48.12B,$16.63B,34.57%,$48.12B,$4.29B,8.92%,$48.12B,$4.51B,9.38%,$48.12B,$6.04B,12.55%,$48.12B,$4.29B,8.92%,$48.12B,$2.66B,5.54%,$2.66B,$16.62B,16.46%,$2.66B,$16.62B,16.46%,$2.66B,$32.65B,8.64%,$4.29B,$22.20B,20.01%,$14509,$9527,$4982,$0,$3014,$13012,$1497,$0,$1497,$559,$938,$938,$933,$1452,$1566,$1455,1470,$0.64,$0.63,$1208,$8438,$253,$10158,$21641,$537,$0,$318,$22496,$32654,$8973,$5576,$787,$7062,$16035,$731,$15835,$5,$16619,$32654,$607,$404,$66,$470,$0,$-828,$1633,$656,$1461,$2538,$-801,$0,$0,$22,$-101,$-79,$0,$-880,$-5,$-915,$-920,$10,$10,$-117,$1,$-1026,$632,$28,$-117
42,2008-01-31,21.91,$11.04,1.98,$31.85,0.69,$2.74,7.99,$1.86,11.78,$8.69B,$7.75B,1.12,$5.58B,$16.10B,0.35,$48.28B,$16.73B,34.64%,$48.28B,$4.51B,9.34%,$48.28B,$4.71B,9.74%,$48.28B,$6.17B,12.78%,$48.28B,$4.51B,9.34%,$48.28B,$2.80B,5.80%,$2.80B,$16.10B,17.54%,$2.80B,$16.10B,17.54%,$2.80B,$30.87B,9.28%,$4.51B,$21.67B,21.58%,$12009,$7843,$4166,$0,$2725,$11037,$972,$0,$972,$365,$607,$607,$604,$1095,$1048,$1454,1477,$0.42,$0.41,$530,$7611,$298,$8686,$21361,$509,$0,$313,$22183,$30869,$7751,$5576,$774,$7020,$14771,$729,$15345,$8,$16098,$30869,$2809,$1464,$152,$1616,$0,$-464,$185,$201,$-78,$4347,$-3953,$0,$0,$263,$-426,$-163,$-7,$-4123,$1200,$1041,$2241,$-2126,$-2126,$-428,$6,$-307,$-83,$99,$-428
43,2007-10-31,22.21,$10.92,2.03,$31.61,0.7,$2.90,7.65,$1.98,11.22,$8.78B,$7.19B,1.22,$5.58B,$16.05B,0.35,$48.31B,$16.79B,34.76%,$48.31B,$4.81B,9.95%,$48.31B,$5.00B,10.35%,$48.31B,$6.40B,13.25%,$48.31B,$4.81B,9.95%,$48.31B,$3.01B,6.24%,$3.01B,$16.05B,18.99%,$3.01B,$16.05B,18.99%,$3.01B,$30.19B,10.25%,$4.81B,$21.63B,23.46%,$10379,$6758,$3621,$0,$2488,$9726,$653,$0,$653,$245,$408,$408,$398,$1448,$700,$1481,1507,$0.28,$0.28,$567,$7775,$193,$8776,$20755,$333,$0,$325,$21413,$30189,$7192,$5580,$748,$6943,$14135,$735,$15281,$18,$16054,$30189,$2401,$1069,$60,$1129,$0,$-630,$368,$517,$255,$3785,$-2861,$0,$0,$261,$-229,$32,$-20,$-2849,$1205,$-9,$1196,$-1852,$-1852,$-312,$4,$-964,$-28,$69,$-312
44,2007-07-31,23.07,$10.75,2.15,$31.11,0.74,$2.90,7.96,$2.01,11.48,$8.85B,$8.04B,1.1,$4.30B,$15.97B,0.27,$47.96B,$16.69B,34.81%,$47.96B,$4.94B,10.30%,$47.96B,$5.12B,10.68%,$47.96B,$6.47B,13.49%,$47.96B,$4.94B,10.30%,$47.96B,$3.09B,6.44%,$3.09B,$15.97B,19.75%,$3.09B,$15.97B,19.75%,$3.09B,$29.64B,10.78%,$4.94B,$20.27B,24.76%,$11565,$7601,$3964,$0,$2503,$10535,$1030,$0,$1030,$387,$643,$643,$643,$2042,$1080,$1470,1497,$0.44,$0.43,$662,$7799,$181,$8851,$19825,$627,$0,$341,$20793,$29644,$8040,$4301,$706,$5635,$13675,$742,$15210,$6,$15969,$29644,$1758,$701,$65,$766,$0,$-655,$643,$566,$554,$3078,$-1672,$0,$0,$156,$-513,$-357,$-23,$-2052,$-27,$532,$505,$-1367,$-1367,$-194,$3,$-1053,$-27,$45,$-194
45,2007-04-30,25.1,$10.44,2.4,$30.30,0.83,$2.65,9.46,$1.94,12.94,$10.06B,$8.62B,1.17,$4.31B,$15.73B,0.27,$47.18B,$16.29B,34.52%,$47.18B,$4.82B,10.22%,$47.18B,$4.99B,10.57%,$47.18B,$6.28B,13.31%,$47.18B,$4.82B,10.22%,$47.18B,$3.00B,6.37%,$3.00B,$15.73B,19.55%,$3.00B,$15.73B,19.55%,$3.00B,$29.97B,10.83%,$4.82B,$20.03B,24.78%,$14167,$9284,$4883,$0,$2839,$12531,$1636,$0,$1636,$617,$1019,$1019,$1019,$1584,$1686,$1490,1518,$0.68,$0.67,$1200,$8501,$155,$10057,$19187,$406,$0,$319,$19912,$29969,$8621,$4306,$659,$5622,$14243,$753,$14968,$5,$15726,$29969,$739,$345,$66,$411,$0,$-1357,$1687,$659,$989,$2139,$-693,$0,$0,$-140,$-239,$-379,$-13,$-1085,$-13,$-23,$-36,$-679,$-679,$-75,$1,$-789,$265,$22,$-75
46,2007-01-31,27.64,$10.31,2.68,$29.89,0.92,$2.59,10.69,$1.99,13.89,$8.31B,$6.54B,1.27,$4.33B,$15.73B,0.28,$46.93B,$16.20B,34.52%,$46.93B,$5.00B,10.65%,$46.93B,$5.15B,10.98%,$46.93B,$6.39B,13.61%,$46.93B,$5.00B,10.65%,$46.93B,$3.11B,6.62%,$3.11B,$15.73B,20.59%,$3.11B,$15.73B,20.59%,$3.11B,$27.77B,11.50%,$5.00B,$20.05B,26.36%,$12172,$7913,$4259,$0,$2685,$10980,$1192,$0,$1192,$453,$739,$739,$739,$1325,$1239,$1510,1540,$0.49,$0.48,$796,$7144,$213,$8314,$18971,$165,$0,$317,$19453,$27767,$6539,$4325,$443,$5503,$12042,$762,$14860,$1,$15725,$27767,$3105,$1237,$79,$1316,$0,$-509,$692,$-102,$81,$4502,$-3844,$0,$0,$288,$-143,$145,$-16,$-3715,$956,$23,$979,$-1561,$-1561,$-276,$12,$-846,$-59,$62,$-276
47,2006-10-31,24.68,$9.93,2.49,$29.97,0.82,$2.49,9.9,$2.03,12.19,$8.62B,$6.71B,1.28,$4.34B,$15.09B,0.29,$47.33B,$16.30B,34.43%,$47.33B,$5.18B,10.93%,$47.33B,$5.32B,11.24%,$47.33B,$6.51B,13.75%,$47.33B,$5.18B,10.93%,$47.33B,$3.19B,6.73%,$3.19B,$15.09B,21.64%,$3.19B,$15.09B,21.64%,$3.19B,$27.17B,12.15%,$5.18B,$19.42B,28.13%,$10406,$6720,$3686,$0,$2334,$9455,$951,$0,$951,$338,$613,$613,$613,$1520,$995,$1535,1566,$0.40,$0.40,$1121,$7219,$125,$8622,$18188,$121,$0,$242,$18551,$27173,$6714,$4337,$353,$5373,$12087,$760,$14323,$3,$15086,$27173,$2492,$907,$37,$944,$0,$-584,$584,$207,$207,$3643,$-2694,$0,$0,$242,$-84,$158,$-8,$-2544,$967,$0,$967,$-1637,$-1637,$-200,$5,$-865,$234,$56,$-200
