,Date,Stock Price,Book Value per Share,Price to Book Ratio,TTM Sales per Share,Price to Sales Ratio,TTM FCF per Share,Price to FCF Ratio,TTM Net EPS,PE Ratio,Current Assets,Current Liabilities,Current Ratio,Long Term Debt,Shareholder's Equity_x,Debt to Equity Ratio,TTM Revenue_x,TTM Gross Profit,Gross Margin,TTM Revenue_y,TTM Operating Income,Operating Margin,TTM Revenue_x,TTM EBIT,EBIT Margin,TTM Revenue_y,TTM EBITDA,EBITDA Margin,TTM Revenue_x,TTM Pre-Tax Income,Pre-Tax Margin,TTM Revenue_y,TTM Net Income_x,Net Margin,TTM Net Income_y,Shareholder's Equity_y,Return on Equity,TTM Net Income_x,Tangible Equity,Return on Tangible Equity,TTM Net Income_y,Total Assets,Return on Assets,TTM Net Income,LT Investments & Debt,Return on Investment,revenue,cost-goods-sold,gross-profit,research-development-expenses,selling-general-administrative-expenses,operating-expenses,operating-income,total-non-operating-income-expense,pre-tax-income,total-provision-income-taxes,income-after-taxes,income-from-continuous-operations,net-income,ebitda,ebit,basic-shares-outstanding,shares-outstanding,eps-basic-net-earnings-per-share,eps-earnings-per-share-diluted,cash-on-hand,inventory,other-current-assets,total-current-assets,net-property-plant-equipment,long-term-investments,goodwill-intangible-assets-total,other-long-term-assets,total-long-term-assets,total-assets,total-current-liabilities,long-term-debt,other-non-current-liabilities,total-long-term-liabilities,total-liabilities,common-stock-net,retained-earnings-accumulated-deficit,comprehensive-income,total-share-holder-equity,total-liabilities-share-holders-equity,net-income-loss,total-depreciation-amortization-cash-flow,other-non-cash-items,total-non-cash-items,change-in-accounts-receivable,change-in-inventories,change-in-accounts-payable,change-in-assets-liabilities,total-change-in-assets-liabilities,cash-flow-from-operating-activities,net-change-in-property-plant-equipment,net-change-in-intangible-assets,net-acquisitions-divestitures,net-change-in-short-term-investments,net-change-in-long-term-investments,net-change-in-investments-total,investing-activities-other,cash-flow-from-investing-activities,net-long-term-debt,net-current-debt,debt-issuance-retirement-net-total,net-common-equity-issued-repurchased,net-total-equity-issued-repurchased,total-common-preferred-stock-dividends-paid,financial-activities-other,cash-flow-from-financial-activities,net-cash-flow,stock-based-compensation,common-stock-dividends-paid
0,2018-09-30,8.67,$18.48,0.47,$30.24,0.29,$-5.54,0.0,$-0.42,0.0,$8.32B,$9.13B,0.91,$5.11B,$13.22B,0.39,$21.64B,$2.42B,11.16%,$21.64B,$-0.16B,-0.76%,$21.64B,$-0.16B,-0.76%,$21.64B,$3.01B,13.92%,$21.64B,$-0.29B,-1.34%,$21.64B,$-0.31B,-1.45%,$-0.31B,$13.22B,-2.37%,$-0.31B,$12.33B,-2.53%,$-0.31B,$28.91B,-1.14%,$-0.16B,$18.33B,-0.93%,$5492,$4692,$800,$295,$378,$5366,$126,$-27,$99,$83,$16,$16,$3,$918,$126,$716,716,$0.01,$0.01,$2571,$2329,$376,$8321,$18120,$204,$893,$341,$20587,$28908,$9129,$5105,$1437,$6555,$15685,$1610,$9070,$0,$13223,$28908,$-299,$2430,$418,$2848,$846,$-310,$113,$610,$1208,$3340,$-5322,$-355,$0,$-11,$602,$590,$-16,$-5103,$2727,$-914,$1813,$0,$0,$-161,$252,$1904,$142,$0,$-161
1,2018-06-30,8.24,$18.28,0.45,$31.33,0.26,$-2.22,0.0,$0.17,48.47,$8.75B,$8.79B,1.0,$4.85B,$13.08B,0.37,$22.42B,$2.75B,12.25%,$22.42B,$0.24B,1.06%,$22.42B,$0.24B,1.06%,$22.42B,$3.37B,15.04%,$22.42B,$0.15B,0.67%,$22.42B,$0.08B,0.37%,$0.08B,$13.08B,0.62%,$0.08B,$12.23B,0.66%,$0.08B,$28.30B,0.31%,$0.24B,$17.93B,1.36%,$5050,$4630,$420,$265,$360,$5255,$-205,$-101,$-306,$-36,$-270,$-270,$-268,$613,$-205,$716,716,$-0.37,$-0.37,$2891,$2187,$386,$8745,$17129,$185,$852,$345,$19555,$28300,$8792,$4846,$1569,$6429,$15220,$1610,$9070,$0,$13080,$28300,$-315,$1637,$212,$1849,$932,$-170,$-248,$578,$842,$2014,$-3475,$-219,$0,$-4,$368,$364,$-12,$-3342,$2232,$-582,$1651,$0,$0,$-161,$0,$1490,$224,$0,$-161
2,2018-03-31,12.1,$18.65,0.65,$32.61,0.37,$-0.25,0.0,$1.43,8.46,$8.91B,$8.59B,1.04,$4.13B,$13.34B,0.31,$23.34B,$3.69B,15.80%,$23.34B,$1.17B,5.00%,$23.34B,$1.17B,5.00%,$23.34B,$4.19B,17.93%,$23.34B,$1.21B,5.17%,$23.34B,$0.97B,4.16%,$0.97B,$13.34B,7.28%,$0.97B,$12.52B,7.74%,$0.97B,$27.00B,3.79%,$1.17B,$17.47B,6.79%,$5108,$4620,$488,$257,$320,$5196,$-88,$2,$-86,$-42,$-44,$-44,$-54,$731,$-88,$716,716,$-0.08,$-0.08,$3163,$2115,$370,$8909,$15773,$166,$821,$353,$18087,$26996,$8594,$4125,$912,$5059,$13653,$1610,$9341,$0,$13343,$26996,$-44,$819,$24,$843,$722,$-103,$-198,$-132,$-6,$722,$-1542,$-113,$0,$3,$-101,$-99,$-7,$-1760,$1167,$-162,$1005,$0,$0,$0,$0,$1005,$22,$0,$0
3,2017-12-31,13.76,$18.52,0.74,$34.36,0.4,$0.52,26.29,$2.28,6.04,$9.27B,$7.94B,1.17,$3.67B,$13.26B,0.28,$24.59B,$4.75B,19.31%,$24.59B,$2.18B,8.86%,$24.59B,$2.18B,8.86%,$24.59B,$5.02B,20.42%,$24.59B,$2.06B,8.39%,$24.59B,$1.60B,6.49%,$1.60B,$13.26B,12.18%,$1.60B,$12.45B,12.96%,$1.60B,$25.80B,6.52%,$2.18B,$16.93B,12.99%,$5990,$5283,$708,$280,$425,$5988,$3,$2,$4,$-6,$10,$10,$6,$751,$3,$716,716,$0.00,$0.00,$2998,$2079,$217,$9267,$14335,$458,$808,$61,$16533,$25800,$7944,$3672,$907,$4600,$12545,$1583,$9398,$0,$13255,$25800,$1714,$2844,$774,$3618,$426,$-232,$195,$958,$1094,$5985,$-5691,$-395,$0,$-5,$357,$353,$-1,$-5734,$1498,$-576,$923,$0,$0,$-158,$-1,$763,$926,$0,$-158
4,2017-09-30,13.2,$19.08,0.69,$36.81,0.36,$0.34,38.46,$3.27,4.04,$10.20B,$7.27B,1.4,$3.75B,$13.65B,0.28,$26.34B,$5.52B,20.95%,$26.34B,$2.99B,11.36%,$26.34B,$2.99B,11.36%,$26.34B,$5.74B,21.78%,$26.34B,$3.02B,11.45%,$26.34B,$2.31B,8.76%,$2.31B,$13.65B,18.01%,$2.31B,$12.85B,19.18%,$2.31B,$25.91B,9.77%,$2.99B,$17.40B,18.14%,$6276,$5146,$1130,$257,$345,$5748,$527,$11,$539,$109,$430,$430,$398,$1278,$527,$716,716,$0.56,$0.56,$2993,$2398,$368,$10201,$13504,$165,$800,$368,$15712,$25913,$7271,$3749,$1216,$4990,$12261,$1610,$9524,$0,$13651,$25913,$1704,$2096,$589,$2685,$233,$-333,$-19,$822,$599,$4610,$-4216,$-301,$0,$-12,$-147,$-159,$12,$-4664,$1032,$-430,$602,$0,$0,$-161,$-1,$439,$374,$0,$-161
5,2017-06-30,15.8,$18.35,0.86,$36.49,0.43,$-0.50,0.0,$2.90,5.45,$8.99B,$6.11B,1.47,$3.77B,$13.13B,0.29,$26.11B,$5.23B,20.04%,$26.11B,$2.76B,10.55%,$26.11B,$2.76B,10.55%,$26.11B,$5.38B,20.60%,$26.11B,$2.70B,10.35%,$26.11B,$2.07B,7.92%,$2.07B,$13.13B,17.41%,$2.07B,$12.37B,18.54%,$2.07B,$23.85B,9.51%,$2.76B,$16.90B,18.05%,$5966,$4604,$1362,$280,$358,$5242,$724,$25,$749,$86,$663,$663,$621,$1425,$724,$716,716,$0.87,$0.87,$2382,$2109,$406,$8994,$12749,$464,$761,$67,$14857,$23851,$6109,$3770,$817,$4612,$10721,$1610,$9129,$0,$13131,$23851,$1275,$1345,$395,$1740,$495,$-47,$-490,$361,$139,$2875,$-2921,$-186,$0,$6,$93,$99,$12,$-2996,$729,$-430,$299,$0,$0,$-161,$4,$142,$-17,$0,$-161
6,2017-03-31,13.39,$17.24,0.78,$35.52,0.38,$-0.88,0.0,$2.03,6.6,$8.68B,$6.18B,1.4,$3.53B,$12.34B,0.29,$25.42B,$4.42B,17.39%,$25.42B,$2.07B,8.15%,$25.42B,$2.07B,8.15%,$25.42B,$4.79B,18.83%,$25.42B,$1.96B,7.72%,$25.42B,$1.38B,5.44%,$1.38B,$12.34B,12.16%,$1.38B,$11.57B,13.00%,$1.38B,$22.33B,6.63%,$2.07B,$15.86B,14.20%,$6356,$4809,$1547,$256,$367,$5432,$924,$-152,$772,$161,$612,$612,$570,$1568,$924,$716,716,$0.80,$0.80,$2115,$2055,$431,$8682,$11656,$173,$765,$319,$13642,$22325,$6182,$3526,$253,$3804,$9987,$1610,$8510,$0,$12338,$22325,$612,$644,$296,$940,$350,$4,$-383,$-130,$-373,$1118,$-1386,$-102,$0,$5,$187,$191,$7,$-1290,$108,$-57,$51,$0,$0,$0,$0,$51,$-193,$0,$0
7,2016-12-31,12.64,$16.93,0.75,$33.50,0.38,$-0.60,0.0,$1.26,10.03,$9.44B,$6.35B,1.49,$3.70B,$12.12B,0.31,$23.85B,$3.38B,14.15%,$23.85B,$1.18B,4.95%,$23.85B,$1.18B,4.95%,$23.85B,$3.90B,16.35%,$23.85B,$1.19B,4.97%,$23.85B,$0.82B,3.42%,$0.82B,$12.12B,7.56%,$0.82B,$11.31B,8.09%,$0.82B,$22.40B,4.14%,$1.18B,$15.82B,8.55%,$7741,$6262,$1479,$304,$358,$6924,$817,$140,$957,$215,$742,$742,$718,$1465,$817,$716,716,$1.00,$1.00,$2475,$2059,$310,$9436,$10828,$223,$805,$323,$12960,$22396,$6352,$3700,$198,$3927,$10280,$1610,$8104,$0,$12116,$22396,$838,$2719,$903,$3623,$-442,$-89,$-43,$0,$-946,$3277,$-3112,$-364,$0,$32,$542,$574,$32,$-2870,$1725,$-1272,$454,$0,$0,$-161,$-15,$277,$726,$0,$-161
8,2016-09-30,12.3,$13.92,0.88,$31.84,0.39,$0.16,77.7,$0.20,61.5,$6.96B,$5.50B,1.27,$2.54B,$9.96B,0.26,$22.86B,$2.59B,11.31%,$22.86B,$0.42B,1.83%,$22.86B,$0.42B,1.83%,$22.86B,$5.03B,22.00%,$22.86B,$0.26B,1.12%,$22.86B,$0.09B,0.37%,$0.09B,$9.96B,0.80%,$0.09B,$9.38B,0.86%,$0.09B,$18.43B,0.44%,$0.42B,$12.50B,3.13%,$6051,$5206,$846,$269,$286,$5761,$291,$-67,$224,$53,$171,$171,$160,$921,$291,$716,716,$0.22,$0.22,$1114,$1717,$182,$6962,$7504,$2457,$582,$271,$11471,$18433,$5500,$2537,$432,$2969,$8469,$1610,$6328,$0,$9964,$18433,$96,$2071,$408,$2480,$33,$-89,$194,$-188,$-308,$2063,$-2273,$-286,$0,$16,$325,$341,$38,$-2180,$1291,$-653,$638,$0,$0,$-161,$-10,$467,$292,$0,$-161
9,2016-06-30,11.21,$15.53,0.72,$32.43,0.35,$1.00,11.19,$0.23,48.73,$8.26B,$5.70B,1.45,$3.08B,$11.11B,0.28,$23.25B,$2.68B,11.54%,$23.25B,$0.43B,1.83%,$23.25B,$0.43B,1.83%,$23.25B,$3.54B,15.24%,$23.25B,$0.28B,1.19%,$23.25B,$0.10B,0.44%,$0.10B,$11.11B,0.93%,$0.10B,$10.33B,0.99%,$0.10B,$20.31B,0.52%,$0.43B,$14.19B,3.08%,$5270,$4720,$549,$230,$279,$5230,$40,$-30,$10,$85,$-76,$-76,$-64,$831,$40,$716,716,$-0.09,$-0.09,$2224,$2208,$574,$8262,$9811,$344,$777,$281,$12048,$20310,$5703,$3081,$385,$3495,$9198,$1610,$7118,$0,$11112,$20310,$-74,$1441,$311,$1752,$515,$-91,$-356,$-203,$-427,$1100,$-1416,$-207,$0,$7,$261,$268,$37,$-1318,$985,$-383,$603,$0,$0,$-161,$-10,$432,$202,$0,$-161
10,2016-03-31,11.05,$13.97,0.79,$33.50,0.33,$3.45,3.21,$0.65,17.0,$7.09B,$4.62B,1.53,$2.71B,$10.00B,0.27,$24.02B,$3.16B,13.15%,$24.02B,$0.83B,3.44%,$24.02B,$0.83B,3.44%,$24.02B,$3.75B,15.61%,$24.02B,$0.72B,3.01%,$24.02B,$0.47B,1.95%,$0.47B,$10.00B,4.20%,$0.47B,$9.34B,4.47%,$0.47B,$17.74B,2.35%,$0.83B,$12.71B,5.97%,$4791,$4290,$501,$218,$252,$4760,$32,$-38,$-6,$-7,$1,$1,$2,$682,$32,$698,698,$0.00,$0.00,$1935,$2026,$496,$7085,$8624,$525,$662,$54,$10657,$17742,$4621,$2706,$389,$3121,$7742,$1431,$6385,$0,$10001,$17742,$1,$650,$123,$773,$597,$-144,$-109,$-157,$11,$733,$-799,$-94,$0,$1,$148,$149,$-6,$-750,$486,$-427,$59,$0,$0,$0,$0,$59,$53,$0,$0
11,2015-12-31,10.1,$0.00,0.0,$35.47,0.28,$4.19,2.41,$1.23,8.21,$8.58B,$5.95B,1.44,$2.53B,$11.43B,0.22,$25.55B,$3.88B,15.20%,$25.55B,$1.46B,5.73%,$25.55B,$1.46B,5.73%,$25.55B,$4.50B,17.62%,$25.55B,$1.29B,5.05%,$25.55B,$0.88B,3.44%,$0.88B,$11.43B,7.72%,$0.88B,$10.68B,8.17%,$0.88B,$20.32B,4.27%,$1.46B,$13.96B,10.46%,$6746,$6056,$690,$278,$357,$6692,$55,$-27,$28,$40,$-12,$-13,$-13,$2594,$55,$737,737,$-0.02,$-0.02,$2276,$2117,$403,$8578,$40673,$391,$755,$266,$42922,$20319,$5946,$2527,$380,$2939,$8885,$1610,$7343,$0,$11434,$20319,$921,$3038,$0,$3038,$0,$0,$0,$0,$-2278,$2454,$-1726,$0,$-243,$0,$0,$-238,$-252,$-2459,$0,$-872,$788,$0,$0,$-161,$87,$-157,$-124,$0,$0
12,2015-09-30,9.19,$0.00,0.0,$37.97,0.24,$7.26,1.27,$1.78,5.16,$9.43B,$6.57B,1.43,$2.77B,$11.72B,0.24,$27.14B,$3.77B,13.88%,$27.14B,$1.19B,4.38%,$27.14B,$1.19B,4.38%,$27.14B,$2.38B,8.75%,$27.14B,$1.77B,6.53%,$27.14B,$1.27B,4.67%,$1.27B,$11.72B,11.05%,$1.27B,$11.09B,11.65%,$1.27B,$21.42B,5.98%,$1.19B,$14.49B,8.33%,$6442,$5500,$942,$280,$363,$6143,$299,$-54,$245,$67,$179,$178,$178,$-563,$299,$712,712,$0.25,$0.25,$2335,$2589,$499,$9427,$0,$359,$626,$306,$2177,$21417,$6574,$2773,$318,$3123,$9697,$1610,$7430,$0,$11719,$21417,$933,$499,$0,$499,$0,$0,$0,$0,$-1881,$1686,$-1295,$0,$-99,$0,$0,$-21,$-630,$-2045,$0,$68,$228,$0,$0,$-161,$-208,$-73,$-300,$0,$0
13,2015-06-30,11.21,$0.00,0.0,$37.61,0.3,$5.92,1.89,$2.00,5.6,$8.35B,$5.80B,1.44,$2.73B,$11.37B,0.24,$26.91B,$3.68B,13.69%,$26.91B,$1.15B,4.28%,$26.91B,$1.15B,4.28%,$26.91B,$4.02B,14.95%,$26.91B,$1.95B,7.24%,$26.91B,$1.43B,5.30%,$1.43B,$11.37B,12.59%,$1.43B,$10.74B,13.24%,$1.43B,$20.21B,6.66%,$1.15B,$14.10B,8.08%,$6037,$5011,$1026,$284,$303,$5598,$439,$17,$456,$130,$326,$301,$301,$1035,$439,$716,716,$0.42,$0.42,$2409,$2321,$526,$8350,$0,$318,$636,$292,$2098,$20209,$5804,$2727,$278,$3035,$8839,$1610,$7260,$0,$11371,$20209,$754,$1362,$0,$1362,$0,$0,$0,$0,$0,$1248,$187,$0,$-99,$0,$0,$0,$-942,$-854,$0,$-201,$269,$0,$0,$-161,$-126,$-220,$227,$0,$0
14,2015-03-31,13.84,$0.00,0.0,$37.28,0.37,$2.98,4.64,$1.93,7.17,$8.30B,$6.45B,1.29,$2.44B,$10.97B,0.22,$26.68B,$3.34B,12.54%,$26.68B,$0.87B,3.26%,$26.68B,$0.87B,3.26%,$26.68B,$4.03B,15.11%,$26.68B,$1.78B,6.66%,$26.68B,$1.38B,5.15%,$1.38B,$10.97B,12.36%,$1.38B,$10.48B,12.98%,$1.38B,$20.23B,6.39%,$0.87B,$13.42B,6.17%,$6320,$5095,$1225,$255,$301,$5651,$670,$-108,$561,$133,$428,$412,$412,$1436,$670,$716,716,$0.58,$0.58,$2467,$2381,$460,$8302,$0,$373,$493,$273,$2046,$20225,$6448,$2444,$361,$2804,$9252,$1610,$6959,$0,$10973,$20225,$428,$766,$0,$766,$0,$0,$0,$0,$-388,$705,$-242,$0,$-0,$0,$0,$-0,$25,$-218,$0,$-201,$-36,$0,$0,$0,$90,$-147,$361,$0,$0
15,2014-12-31,14.65,$0.00,0.0,$35.46,0.41,$2.18,6.71,$1.25,11.72,$9.24B,$7.55B,1.22,$3.28B,$11.78B,0.28,$25.38B,$2.72B,10.70%,$25.38B,$0.29B,1.12%,$25.38B,$0.29B,1.12%,$25.38B,$3.51B,13.82%,$25.38B,$1.24B,4.89%,$25.38B,$0.89B,3.51%,$0.89B,$11.78B,8.26%,$0.89B,$11.21B,8.67%,$0.89B,$22.97B,4.18%,$0.29B,$15.06B,2.08%,$8342,$7769,$573,$347,$445,$8561,$-220,$-141,$509,$113,$396,$376,$376,$468,$-220,$716,716,$0.53,$0.53,$2420,$2754,$503,$9241,$0,$441,$577,$269,$2324,$22967,$7550,$3279,$354,$3634,$11184,$1789,$7455,$0,$11783,$22967,$917,$3222,$0,$3222,$0,$0,$0,$0,$-2193,$2865,$40,$0,$9,$0,$0,$16,$-3515,$-3451,$0,$205,$343,$0,$0,$0,$-144,$405,$-132,$0,$0
16,2014-09-30,15.01,$0.00,0.0,$33.11,0.45,$-1.68,0.0,$0.81,18.53,$8.59B,$7.40B,1.16,$3.27B,$11.16B,0.29,$23.70B,$2.91B,12.26%,$23.70B,$0.70B,2.96%,$23.70B,$0.70B,2.96%,$23.70B,$4.09B,17.27%,$23.70B,$0.95B,4.01%,$23.70B,$0.58B,2.46%,$0.58B,$11.16B,5.63%,$0.58B,$10.63B,5.90%,$0.58B,$22.24B,2.83%,$0.70B,$14.43B,5.35%,$6213,$5354,$859,$302,$295,$5951,$262,$-41,$423,$76,$347,$336,$336,$1084,$262,$715,715,$0.47,$0.47,$2317,$2572,$491,$8593,$0,$431,$533,$259,$2111,$22235,$7398,$3270,$403,$3673,$11071,$1753,$7044,$0,$11164,$22235,$518,$2534,$0,$2534,$0,$0,$0,$0,$-1374,$1719,$-2284,$0,$2,$0,$0,$62,$-495,$-2715,$0,$13,$624,$0,$0,$0,$143,$780,$-194,$0,$0
17,2014-06-30,15.03,$0.00,0.0,$32.69,0.46,$-0.28,0.0,$0.65,23.12,$7.11B,$6.69B,1.06,$2.95B,$10.58B,0.28,$23.40B,$2.94B,12.54%,$23.40B,$0.79B,3.38%,$23.40B,$0.79B,3.38%,$23.40B,$4.16B,17.78%,$23.40B,$0.89B,3.80%,$23.40B,$0.47B,1.99%,$0.47B,$10.58B,4.69%,$0.47B,$10.07B,4.91%,$0.47B,$20.68B,2.32%,$0.79B,$13.53B,6.23%,$5800,$5112,$687,$254,$275,$5641,$158,$126,$284,$36,$248,$251,$251,$1042,$158,$716,716,$0.35,$0.35,$2177,$1925,$554,$7106,$0,$421,$514,$249,$2083,$20683,$6692,$2953,$460,$3413,$10104,$1735,$6633,$0,$10579,$20683,$169,$1712,$0,$1712,$0,$0,$0,$0,$-1037,$975,$-1644,$0,$2,$0,$0,$3,$206,$-1433,$0,$597,$-1,$0,$0,$0,$122,$718,$243,$0,$0
18,2014-03-31,11.91,$0.00,0.0,$32.88,0.36,$1.56,7.63,$0.43,27.7,$6.59B,$7.01B,0.94,$2.22B,$9.64B,0.23,$23.52B,$3.12B,13.25%,$23.52B,$0.96B,4.09%,$23.52B,$0.96B,4.09%,$23.52B,$4.28B,18.19%,$23.52B,$0.75B,3.20%,$23.52B,$0.31B,1.32%,$0.31B,$9.64B,3.21%,$0.31B,$9.23B,3.35%,$0.31B,$19.44B,1.55%,$0.96B,$11.86B,7.71%,$5029,$4431,$597,$261,$252,$4944,$85,$-59,$26,$100,$-74,$-72,$-72,$913,$85,$717,717,$-0.10,$-0.10,$1819,$1979,$393,$6585,$0,$411,$418,$238,$1929,$19439,$7014,$2220,$213,$2780,$9795,$1610,$5923,$0,$9644,$19439,$-74,$829,$0,$829,$0,$0,$0,$0,$946,$819,$-928,$0,$0,$0,$0,$3,$-206,$-1131,$0,$314,$-453,$0,$0,$0,$22,$-117,$-425,$0,$0
19,2013-12-31,11.57,$0.00,0.0,$34.70,0.33,$1.98,5.84,$0.54,21.42,$7.11B,$6.25B,1.14,$2.76B,$9.93B,0.28,$24.82B,$3.17B,12.79%,$24.82B,$1.02B,4.10%,$24.82B,$1.02B,4.10%,$24.82B,$4.55B,18.32%,$24.82B,$0.76B,3.08%,$24.82B,$0.39B,1.56%,$0.39B,$9.93B,4.00%,$0.39B,$9.50B,4.18%,$0.39B,$19.98B,1.86%,$1.02B,$12.69B,7.94%,$6654,$5893,$762,$265,$301,$6458,$197,$-32,$218,$146,$72,$67,$67,$1054,$197,$715,715,$0.09,$0.09,$2138,$1779,$236,$7113,$0,$374,$431,$242,$2001,$19978,$6246,$2755,$1043,$3799,$10044,$1646,$6130,$0,$9934,$19978,$385,$3528,$0,$3528,$0,$0,$0,$0,$-1248,$3298,$-3159,$0,$0,$0,$0,$-13,$-973,$-4144,$0,$527,$66,$0,$0,$0,$-953,$-360,$-1211,$0,$0
20,2013-09-30,11.37,$0.00,0.0,$36.27,0.31,$2.60,4.37,$0.84,13.53,$7.22B,$6.39B,1.13,$3.01B,$9.59B,0.31,$25.94B,$3.27B,12.62%,$25.94B,$1.25B,4.81%,$25.94B,$1.25B,4.81%,$25.94B,$8.50B,32.78%,$25.94B,$0.99B,3.82%,$25.94B,$0.60B,2.31%,$0.60B,$9.59B,6.34%,$0.60B,$9.18B,6.64%,$0.60B,$20.11B,2.82%,$1.25B,$12.60B,9.84%,$5921,$5032,$889,$253,$286,$5571,$350,$12,$362,$147,$215,$220,$220,$1153,$350,$716,716,$0.31,$0.31,$2385,$2175,$240,$7215,$0,$418,$413,$157,$2033,$20112,$6386,$3011,$1127,$4138,$10524,$1610,$5931,$0,$9588,$20112,$313,$2671,$0,$2671,$0,$0,$0,$0,$-759,$2683,$-2243,$0,$0,$0,$0,$-207,$-110,$-2560,$0,$-1,$-406,$0,$0,$0,$47,$-360,$-232,$0,$0
21,2013-06-30,11.31,$0.00,0.0,$37.43,0.3,$2.45,4.63,$0.73,15.49,$7.50B,$6.66B,1.13,$3.23B,$9.48B,0.34,$26.78B,$3.10B,11.56%,$26.78B,$1.12B,4.20%,$26.78B,$1.12B,4.20%,$26.78B,$8.79B,32.81%,$26.78B,$0.84B,3.12%,$26.78B,$0.52B,1.94%,$0.52B,$9.48B,5.61%,$0.52B,$9.07B,5.89%,$0.52B,$20.71B,2.38%,$1.12B,$12.71B,9.01%,$5915,$5046,$868,$249,$290,$5586,$329,$-183,$146,$51,$95,$95,$95,$1159,$329,$714,714,$0.13,$0.13,$2680,$2156,$255,$7497,$0,$376,$408,$220,$2131,$20711,$6664,$3234,$1333,$4567,$11231,$1610,$5711,$0,$9480,$20711,$98,$1868,$0,$1868,$0,$0,$0,$0,$-102,$2269,$-1625,$0,$0,$0,$0,$9,$-281,$-1897,$0,$7,$-385,$0,$0,$0,$47,$-331,$84,$0,$0
22,2013-03-31,13.9,$0.00,0.0,$37.46,0.37,$2.00,6.97,$0.46,30.22,$8.48B,$7.73B,1.1,$3.62B,$9.62B,0.38,$26.88B,$2.90B,10.79%,$26.88B,$1.00B,3.73%,$26.88B,$1.00B,3.73%,$26.88B,$8.63B,32.11%,$26.88B,$0.62B,2.31%,$26.88B,$0.33B,1.22%,$0.33B,$9.62B,3.61%,$0.33B,$9.19B,3.80%,$0.33B,$22.40B,1.47%,$1.00B,$13.24B,8.24%,$6327,$5672,$655,$241,$273,$6186,$141,$-103,$38,$35,$3,$4,$4,$1180,$141,$716,716,$0.01,$0.01,$2884,$2352,$389,$8477,$0,$374,$434,$216,$2227,$22400,$7726,$3623,$1430,$5053,$12779,$1664,$5806,$0,$9621,$22400,$3,$1039,$0,$1039,$0,$0,$0,$0,$-98,$1140,$-948,$0,$0,$0,$0,$-390,$-44,$-1382,$0,$-5,$201,$0,$0,$0,$48,$244,$12,$0,$0
23,2012-12-31,13.8,$0.00,0.0,$36.32,0.38,$1.05,13.17,$0.29,47.58,$7.93B,$8.19B,0.97,$3.06B,$9.11B,0.34,$26.05B,$2.54B,9.73%,$26.05B,$0.67B,2.59%,$26.05B,$0.67B,2.59%,$26.05B,$8.14B,31.26%,$26.05B,$0.41B,1.57%,$26.05B,$0.21B,0.80%,$0.21B,$9.11B,2.35%,$0.21B,$8.67B,2.48%,$0.21B,$21.77B,0.95%,$0.67B,$12.18B,5.69%,$7781,$6920,$861,$210,$270,$7353,$428,$-120,$446,$164,$282,$280,$280,$5012,$428,$716,716,$0.39,$0.39,$2629,$2127,$210,$7934,$0,$358,$443,$212,$2166,$21765,$8193,$3062,$1396,$4458,$12652,$1592,$5553,$0,$9114,$21765,$210,$7470,$0,$7470,$0,$0,$0,$0,$-642,$4067,$-3483,$0,$0,$0,$0,$-2,$203,$-3282,$0,$-760,$706,$0,$0,$0,$12,$-43,$730,$0,$0
24,2012-09-30,11.98,$0.00,0.0,$33.91,0.35,$-0.29,0.0,$-0.11,0.0,$7.80B,$9.05B,0.86,$2.89B,$8.88B,0.33,$24.16B,$1.99B,8.23%,$24.16B,$0.54B,2.25%,$24.16B,$0.54B,2.25%,$24.16B,$4.28B,17.71%,$24.16B,$-0.15B,-0.60%,$24.16B,$-0.08B,-0.32%,$-0.08B,$8.88B,-0.87%,$-0.08B,$8.41B,-0.91%,$-0.08B,$22.53B,-0.34%,$0.54B,$11.77B,4.66%,$6758,$6045,$713,$155,$332,$6532,$226,$-21,$205,$64,$141,$141,$141,$1435,$226,$717,717,$0.20,$0.20,$1737,$2445,$850,$7796,$0,$361,$466,$281,$2393,$22532,$9046,$2889,$1717,$4606,$13652,$1592,$5276,$0,$8879,$22532,$-74,$2886,$0,$2886,$0,$0,$0,$0,$120,$3269,$-2939,$0,$0,$0,$0,$234,$-252,$-2957,$0,$-369,$440,$0,$0,$0,$0,$71,$382,$0,$0
25,2012-06-30,9.0,$0.00,0.0,$32.62,0.28,$-1.63,0.0,$-1.20,0.0,$7.32B,$9.02B,0.81,$2.86B,$8.61B,0.33,$23.23B,$1.44B,6.22%,$23.23B,$-0.14B,-0.61%,$23.23B,$-0.14B,-0.61%,$23.23B,$3.29B,14.14%,$23.23B,$-1.00B,-4.29%,$23.23B,$-0.86B,-3.69%,$-0.86B,$8.61B,-9.47%,$-0.86B,$8.17B,-10.00%,$-0.86B,$22.22B,-3.81%,$-0.14B,$11.47B,-1.19%,$6012,$5342,$670,$152,$286,$5804,$208,$-276,$-67,$30,$-98,$-98,$-98,$1004,$208,$722,722,$-0.14,$-0.14,$2310,$2235,$504,$7315,$0,$358,$445,$269,$2372,$22222,$9015,$2862,$1735,$4598,$13613,$1556,$5067,$0,$8609,$22222,$210,$1677,$0,$1677,$0,$0,$0,$0,$324,$2170,$-1843,$0,$0,$0,$0,$-2,$216,$-1629,$0,$14,$115,$0,$0,$0,$0,$129,$674,$0,$0
26,2012-03-31,11.21,$0.00,0.0,$31.77,0.35,$-2.91,0.0,$-1.03,0.0,$6.57B,$8.63B,0.76,$3.09B,$8.90B,0.35,$22.78B,$1.19B,5.22%,$22.78B,$-0.66B,-2.91%,$22.78B,$-0.66B,-2.91%,$22.78B,$2.81B,12.32%,$22.78B,$-0.98B,-4.29%,$22.78B,$-0.74B,-3.23%,$-0.74B,$8.90B,-7.85%,$-0.74B,$8.42B,-8.28%,$-0.74B,$21.83B,-3.25%,$-0.66B,$11.99B,-5.70%,$5503,$5211,$292,$182,$276,$5692,$-188,$13,$-175,$-60,$-115,$-114,$-114,$693,$-188,$715,715,$-0.16,$-0.16,$2130,$1956,$459,$6570,$0,$352,$479,$234,$2417,$21833,$8625,$3086,$1224,$4309,$12934,$1592,$5282,$0,$8899,$21833,$-115,$881,$0,$881,$0,$0,$0,$0,$-94,$579,$-1066,$0,$0,$0,$0,$57,$-73,$-1082,$0,$791,$-189,$0,$0,$0,$0,$602,$105,$0,$0
27,2011-12-31,10.03,$0.00,0.0,$30.75,0.33,$-2.52,0.0,$-1.01,0.0,$7.15B,$9.02B,0.79,$2.13B,$9.22B,0.23,$22.07B,$1.06B,4.82%,$22.07B,$-0.73B,-3.32%,$22.07B,$-0.73B,-3.32%,$22.07B,$2.59B,11.74%,$22.07B,$-0.98B,-4.46%,$22.07B,$-0.73B,-3.29%,$-0.73B,$9.22B,-7.58%,$-0.73B,$8.73B,-7.98%,$-0.73B,$22.90B,-3.20%,$-0.73B,$11.35B,-6.54%,$5888,$5574,$314,$295,$-278,$5591,$297,$-400,$-109,$-116,$7,$-6,$-6,$1148,$297,$696,696,$-0.01,$-0.01,$2123,$2109,$426,$7151,$0,$350,$487,$240,$2373,$22898,$9019,$2133,$2526,$4660,$13679,$1628,$5518,$0,$9219,$22898,$-717,$3323,$0,$3323,$0,$0,$0,$0,$745,$3336,$-3697,$0,$0,$0,$0,$-47,$563,$-3180,$0,$-1084,$988,$0,$0,$-163,$5,$-253,$-103,$0,$0
28,2011-09-30,7.77,$0.00,0.0,$30.45,0.26,$-2.07,0.0,$-1.33,0.0,$6.89B,$8.98B,0.77,$3.24B,$9.47B,0.34,$22.01B,$0.60B,2.74%,$22.01B,$-1.71B,-7.75%,$22.01B,$-1.71B,-7.75%,$22.01B,$1.58B,7.16%,$22.01B,$-1.22B,-5.54%,$22.01B,$-0.96B,-4.37%,$-0.96B,$9.47B,-9.86%,$-0.96B,$8.98B,-10.38%,$-0.96B,$23.04B,-4.32%,$-1.71B,$12.71B,-15.43%,$5830,$5662,$168,$0,$625,$6288,$-458,$-189,$-646,$-7,$-639,$-639,$-639,$441,$-458,$716,716,$-0.89,$-0.89,$1889,$2203,$540,$6894,$0,$1759,$493,$0,$2253,$23040,$8983,$3239,$1349,$4587,$13570,$3757,$5652,$0,$9470,$23040,$-727,$2471,$0,$2471,$0,$0,$0,$0,$317,$2042,$-2676,$0,$0,$0,$0,$-46,$1074,$-1648,$0,$0,$0,$0,$0,$-166,$5,$-152,$79,$0,$0
29,2011-06-30,13.39,$0.00,0.0,$30.27,0.44,$-0.95,0.0,$-0.18,0.0,$7.39B,$8.93B,0.83,$0.58B,$9.91B,0.06,$21.88B,$1.09B,4.99%,$21.88B,$-1.06B,-4.84%,$21.88B,$-1.06B,-4.84%,$21.88B,$2.00B,9.12%,$21.88B,$-0.37B,-1.68%,$21.88B,$-0.13B,-0.61%,$-0.13B,$9.91B,-1.37%,$-0.13B,$9.42B,-1.44%,$-0.13B,$22.70B,-0.62%,$-1.06B,$10.49B,-9.82%,$5563,$5148,$415,$172,$557,$5877,$-314,$267,$-47,$-66,$20,$23,$23,$525,$-314,$712,745,$0.03,$0.03,$2175,$2596,$541,$7393,$0,$309,$492,$232,$2160,$22697,$8933,$575,$3275,$3850,$12783,$1646,$6222,$0,$9914,$22697,$-87,$1573,$0,$1573,$0,$0,$0,$0,$42,$1211,$-1830,$0,$0,$0,$0,$-35,$1291,$-574,$0,$-236,$317,$0,$0,$-165,$5,$-78,$568,$0,$0
30,2011-03-31,14.99,$0.00,0.0,$30.94,0.48,$0.59,25.5,$0.49,30.59,$7.69B,$9.01B,0.85,$0.58B,$9.68B,0.06,$22.12B,$2.08B,9.39%,$22.12B,$0.22B,0.98%,$22.12B,$0.22B,0.98%,$22.12B,$3.02B,13.63%,$22.12B,$0.20B,0.90%,$22.12B,$0.34B,1.55%,$0.34B,$9.68B,3.53%,$0.34B,$9.20B,3.69%,$0.34B,$21.89B,1.64%,$0.22B,$10.26B,1.95%,$4786,$4619,$167,$153,$272,$5044,$-258,$34,$-182,$-78,$-104,$-103,$-103,$476,$-258,$716,716,$-0.14,$-0.14,$2711,$2255,$517,$7687,$0,$272,$480,$231,$2016,$21893,$9014,$578,$2622,$3200,$12214,$1610,$6064,$0,$9679,$21893,$-104,$734,$0,$734,$0,$0,$0,$0,$287,$733,$-935,$0,$0,$0,$0,$269,$44,$-623,$0,$-200,$246,$0,$0,$0,$3,$50,$160,$0,$0
31,2010-12-31,16.91,$0.00,0.0,$31.48,0.54,$1.18,14.36,$1.43,11.83,$7.96B,$7.99B,1.0,$0.85B,$9.96B,0.09,$22.51B,$2.91B,12.91%,$22.51B,$1.07B,4.74%,$22.51B,$1.07B,4.74%,$22.51B,$3.70B,16.44%,$22.51B,$1.14B,5.06%,$22.51B,$1.02B,4.51%,$1.02B,$9.96B,10.54%,$1.02B,$9.47B,10.98%,$1.02B,$21.47B,5.07%,$1.07B,$10.81B,9.34%,$5835,$5982,$-147,$198,$332,$6512,$-677,$-261,$-345,$-137,$-208,$-243,$-243,$134,$-677,$716,716,$-0.34,$-0.33,$2821,$1994,$211,$7956,$0,$293,$486,$235,$1982,$21472,$7994,$851,$2667,$3523,$11517,$1610,$6328,$0,$9955,$21472,$1043,$2633,$0,$2633,$0,$0,$0,$0,$272,$4395,$-4446,$0,$0,$0,$0,$-47,$429,$-4064,$0,$374,$135,$0,$0,$-161,$20,$367,$732,$0,$0
32,2010-09-30,16.47,$0.00,0.0,$30.36,0.54,$1.56,10.58,$2.31,7.13,$8.20B,$7.67B,1.07,$2.01B,$9.60B,0.21,$21.86B,$5.65B,25.87%,$21.86B,$4.10B,18.76%,$21.86B,$4.10B,18.76%,$21.86B,$6.57B,30.04%,$21.86B,$1.73B,7.90%,$21.86B,$1.67B,7.62%,$1.67B,$9.60B,18.15%,$1.67B,$9.22B,18.80%,$1.67B,$20.22B,8.97%,$4.10B,$11.61B,36.74%,$5693,$5037,$656,$142,$324,$5503,$190,$17,$207,$17,$191,$189,$189,$861,$190,$716,716,$0.26,$0.26,$2674,$2118,$481,$8195,$0,$238,$373,$218,$1665,$20224,$7665,$2011,$952,$2963,$10628,$1521,$6186,$0,$9596,$20224,$1213,$1821,$0,$1821,$0,$0,$0,$0,$-685,$2675,$-2511,$0,$-203,$0,$0,$-13,$379,$-2347,$0,$165,$-21,$0,$0,$-152,$14,$6,$363,$0,$0
33,2010-06-30,15.2,$0.00,0.0,$29.19,0.52,$1.11,13.67,$2.68,5.67,$8.24B,$7.03B,1.17,$2.20B,$9.53B,0.23,$21.08B,$6.07B,28.80%,$21.08B,$4.77B,22.61%,$21.08B,$4.77B,22.61%,$21.08B,$6.94B,32.91%,$21.08B,$2.06B,9.75%,$21.08B,$1.93B,9.18%,$1.93B,$9.53B,22.22%,$1.93B,$9.17B,22.94%,$1.93B,$19.73B,11.23%,$4.77B,$11.73B,45.16%,$5809,$4408,$1401,$144,$295,$4847,$961,$-184,$520,$43,$477,$499,$499,$1544,$961,$713,713,$0.70,$0.70,$2762,$1940,$247,$8243,$0,$254,$363,$226,$1655,$19730,$7033,$2200,$965,$3165,$10198,$1539,$6044,$0,$9532,$19730,$1035,$1151,$0,$1151,$0,$0,$0,$0,$-687,$1865,$-1357,$0,$0,$0,$0,$-1,$76,$-1282,$0,$-134,$-49,$0,$0,$-154,$14,$-322,$253,$0,$0
34,2010-03-31,16.69,$0.00,0.0,$26.13,0.64,$-0.37,0.0,$2.29,7.29,$7.76B,$6.16B,1.26,$2.07B,$9.47B,0.22,$19.12B,$4.12B,21.55%,$19.12B,$2.98B,15.60%,$19.12B,$2.98B,15.60%,$19.12B,$5.29B,27.66%,$19.12B,$1.89B,9.86%,$19.12B,$1.67B,8.74%,$1.67B,$9.47B,19.41%,$1.67B,$9.15B,19.96%,$1.67B,$18.69B,9.92%,$2.98B,$11.54B,28.67%,$5171,$4176,$996,$123,$280,$4578,$593,$47,$758,$174,$584,$571,$571,$1161,$593,$716,716,$0.80,$0.80,$2830,$1545,$441,$7755,$0,$265,$321,$215,$1578,$18690,$6161,$2070,$990,$3061,$9221,$1610,$5869,$0,$9469,$18690,$584,$569,$0,$569,$0,$0,$0,$0,$-326,$863,$-642,$0,$0,$0,$0,$-13,$417,$-239,$0,$-146,$-191,$0,$0,$0,$15,$-322,$294,$0,$0
35,2009-12-31,15.98,$0.00,0.0,$22.41,0.71,$-0.45,0.0,$1.25,12.79,$6.70B,$4.97B,1.35,$1.66B,$8.10B,0.21,$16.51B,$1.86B,11.26%,$16.51B,$0.87B,5.29%,$16.51B,$0.87B,5.29%,$16.51B,$3.17B,19.19%,$16.51B,$0.76B,4.57%,$16.51B,$0.92B,5.58%,$0.92B,$8.10B,10.91%,$0.92B,$7.88B,11.18%,$0.92B,$15.63B,5.49%,$0.87B,$9.76B,8.45%,$5186,$2585,$2601,$0,$245,$2830,$2356,$-84,$241,$-104,$345,$406,$406,$3001,$2356,$737,737,$0.55,$0.55,$2690,$1364,$361,$6702,$0,$249,$212,$173,$1191,$15631,$4972,$1661,$825,$2563,$7535,$1431,$4708,$0,$8096,$15631,$867,$2295,$0,$2295,$0,$0,$0,$0,$-101,$3265,$-3039,$0,$0,$0,$0,$-469,$-96,$-3603,$0,$146,$-71,$0,$0,$-143,$0,$-68,$-405,$0,$0
36,2009-09-30,13.41,$0.00,0.0,$19.75,0.68,$1.22,10.98,$-0.02,0.0,$6.38B,$4.70B,1.36,$1.47B,$7.71B,0.19,$14.45B,$1.16B,8.06%,$14.45B,$0.31B,2.17%,$14.45B,$0.31B,2.17%,$14.45B,$2.08B,14.38%,$14.45B,$-0.77B,-5.34%,$14.45B,$0.00B,0.02%,$0.00B,$7.71B,0.04%,$0.00B,$7.52B,0.04%,$0.00B,$14.86B,0.02%,$0.31B,$9.19B,3.04%,$4912,$3839,$1073,$0,$217,$4056,$856,$-187,$536,$89,$447,$458,$458,$1230,$856,$724,724,$0.63,$0.63,$2170,$1399,$382,$6384,$0,$785,$197,$0,$982,$14862,$4701,$1474,$897,$2447,$7148,$3280,$4328,$0,$7714,$14862,$485,$1650,$0,$1650,$0,$0,$0,$0,$-644,$1952,$-2107,$0,$0,$0,$0,$-22,$-1962,$-4091,$0,$0,$0,$0,$0,$-143,$-188,$-331,$0,$0,$0
37,2009-06-30,11.68,$0.00,0.0,$24.61,0.47,$8.39,1.39,$0.22,53.11,$7.48B,$5.89B,1.27,$1.97B,$9.15B,0.22,$13.70B,$0.74B,5.38%,$13.70B,$-0.08B,-0.56%,$13.70B,$-0.08B,-0.56%,$13.70B,$1.82B,13.27%,$13.70B,$-1.00B,-7.33%,$13.70B,$-0.14B,-1.04%,$-0.14B,$9.15B,-1.63%,$-0.14B,$8.93B,-1.67%,$-0.14B,$18.18B,-0.85%,$-0.08B,$11.12B,-0.69%,$3850,$4400,$-550,$0,$273,$4673,$-823,$132,$350,$48,$302,$236,$236,$-103,$-823,$757,757,$0.31,$0.31,$2678,$1409,$519,$7480,$0,$1053,$218,$0,$1272,$18179,$5887,$1965,$1178,$3142,$9029,$4100,$4856,$0,$9150,$18179,$47,$1277,$0,$1277,$0,$0,$0,$0,$-269,$1316,$-1900,$0,$0,$0,$0,$-70,$753,$-1217,$0,$0,$0,$0,$0,$-179,$89,$-90,$10,$0,$0
38,2009-03-31,9.56,$0.00,0.0,$31.71,0.3,$13.49,0.71,$2.10,4.55,$7.72B,$5.92B,1.31,$2.47B,$8.85B,0.28,$14.21B,$2.57B,18.10%,$14.21B,$1.79B,12.62%,$14.21B,$1.79B,12.62%,$14.21B,$3.65B,25.69%,$14.21B,$-0.44B,-3.07%,$14.21B,$0.40B,2.84%,$0.40B,$8.85B,4.57%,$0.40B,$8.64B,4.66%,$0.40B,$18.56B,2.44%,$1.79B,$11.32B,15.66%,$2563,$3827,$-1265,$0,$251,$4078,$-1515,$40,$-372,$-117,$-255,$-178,$-178,$-959,$-1515,$731,731,$-0.24,$-0.24,$3566,$1193,$659,$7718,$0,$998,$209,$0,$1207,$18562,$5916,$2466,$1331,$3797,$9712,$4100,$4558,$0,$8850,$18562,$-255,$556,$0,$556,$0,$0,$0,$0,$429,$1143,$-977,$0,$0,$0,$0,$-31,$174,$-834,$0,$0,$0,$0,$0,$0,$10,$10,$318,$0,$0
39,2008-12-31,7.75,$0.00,0.0,$34.19,0.23,$14.51,0.53,$3.34,2.32,$5.56B,$3.80B,1.47,$2.35B,$7.17B,0.33,$15.73B,$4.95B,31.44%,$15.73B,$4.24B,26.93%,$15.73B,$4.24B,26.93%,$15.73B,$6.22B,39.56%,$15.73B,$0.85B,5.41%,$15.73B,$1.26B,8.03%,$1.26B,$7.17B,14.32%,$1.26B,$7.04B,14.56%,$1.26B,$13.88B,8.03%,$4.24B,$9.52B,36.61%,$3122,$1216,$1906,$0,$111,$1327,$1795,$-717,$-1286,$-250,$-1036,$-513,$-513,$1909,$1795,$713,713,$-0.72,$-0.72,$2700,$901,$1004,$5563,$0,$163,$136,$256,$947,$13876,$3798,$2345,$561,$2907,$6705,$1418,$3828,$0,$7172,$13876,$717,$1988,$0,$1988,$0,$0,$0,$0,$544,$3586,$-2176,$0,$0,$0,$0,$-1120,$-104,$-3400,$0,$473,$-369,$0,$0,$-213,$-0,$-109,$124,$0,$0
40,2008-09-30,11.71,$0.00,0.0,$41.92,0.28,$17.73,0.66,$6.21,1.88,$8.17B,$4.17B,1.96,$2.68B,$9.90B,0.27,$16.93B,$3.24B,19.12%,$16.93B,$2.24B,13.22%,$16.93B,$2.24B,13.22%,$16.93B,$5.04B,29.78%,$16.93B,$3.27B,19.30%,$16.93B,$2.54B,15.03%,$2.54B,$9.90B,27.55%,$2.54B,$9.72B,27.97%,$2.54B,$16.87B,15.95%,$2.24B,$12.58B,18.33%,$4168,$3522,$646,$0,$180,$3702,$466,$114,$304,$12,$291,$312,$312,$971,$466,$358,358,$0.87,$0.87,$3718,$1158,$701,$8165,$0,$915,$175,$232,$1349,$16873,$4168,$2684,$125,$2809,$6978,$1789,$5699,$0,$9896,$16873,$1784,$1873,$0,$1873,$0,$0,$0,$0,$239,$4008,$-1518,$0,$0,$0,$0,$-2345,$-110,$-3973,$0,$0,$-159,$0,$0,$-268,$0,$-428,$-392,$0,$0
41,2008-06-30,17.22,$0.00,0.0,$35.79,0.48,$9.40,1.83,$6.03,2.86,$8.74B,$4.27B,2.05,$2.93B,$9.46B,0.31,$16.72B,$3.48B,20.84%,$16.72B,$2.47B,14.75%,$16.72B,$2.47B,14.75%,$16.72B,$5.46B,32.67%,$16.72B,$3.62B,21.67%,$16.72B,$2.73B,16.36%,$2.73B,$9.46B,31.65%,$2.73B,$9.30B,32.09%,$2.73B,$16.90B,17.93%,$2.47B,$12.39B,20.85%,$4358,$3073,$1285,$0,$238,$3311,$1047,$18,$918,$173,$745,$783,$783,$1730,$1047,$358,358,$2.19,$2.19,$3835,$1387,$698,$8740,$0,$472,$161,$0,$633,$16904,$4267,$2925,$249,$3174,$7441,$4043,$5345,$0,$9462,$16904,$1419,$1368,$0,$1368,$0,$0,$0,$0,$-930,$2312,$-765,$0,$0,$0,$0,$-53,$-3043,$-3861,$0,$0,$0,$0,$0,$-268,$15,$-254,$-306,$0,$0
42,2008-03-31,20.58,$0.00,0.0,$23.62,0.87,$5.08,4.05,$3.84,5.36,$7.29B,$3.32B,2.19,$3.04B,$8.76B,0.35,$15.62B,$2.47B,15.81%,$15.62B,$1.56B,9.97%,$15.62B,$1.56B,9.97%,$15.62B,$4.53B,29.01%,$15.62B,$2.83B,18.09%,$15.62B,$2.18B,13.95%,$2.18B,$8.76B,27.17%,$2.18B,$8.63B,27.53%,$2.18B,$15.24B,15.20%,$1.56B,$11.80B,13.62%,$4082,$2973,$1109,$0,$182,$3155,$928,$34,$915,$198,$717,$681,$681,$1613,$928,$681,681,$1.00,$1.00,$2988,$1031,$652,$7285,$0,$440,$127,$0,$568,$15238,$3321,$3039,$120,$3159,$6480,$4100,$4632,$0,$8757,$15238,$717,$685,$0,$685,$0,$0,$0,$0,$-412,$1073,$-222,$0,$0,$0,$0,$-11,$-1514,$-1748,$0,$0,$0,$0,$0,$-268,$0,$532,$-188,$0,$0
43,2007-12-31,23.95,$0.00,0.0,$21.64,1.11,$3.75,6.39,$2.59,9.25,$6.15B,$2.62B,2.35,$3.25B,$8.82B,0.37,$14.44B,$1.54B,10.64%,$14.44B,$0.68B,4.70%,$14.44B,$0.68B,4.70%,$14.44B,$3.67B,25.42%,$14.44B,$1.66B,11.50%,$14.44B,$1.32B,9.13%,$1.32B,$8.82B,17.55%,$1.32B,$8.73B,17.78%,$1.32B,$14.80B,9.61%,$0.68B,$12.07B,6.16%,$4322,$4125,$197,$0,$399,$4525,$-203,$145,$1130,$278,$853,$768,$768,$728,$-203,$357,357,$2.15,$2.15,$2117,$880,$1375,$6149,$0,$0,$83,$279,$533,$14795,$2617,$3253,$109,$3363,$5980,$1912,$4482,$0,$8815,$14795,$1437,$2990,$0,$2990,$0,$0,$0,$0,$-1220,$3536,$-1680,$0,$0,$0,$0,$-839,$-27,$-2545,$0,$-262,$-510,$0,$0,$0,$43,$-729,$259,$0,$0
44,2007-09-30,22.07,$0.00,0.0,$9.54,2.31,$-1.45,0.0,$0.44,50.15,$5.17B,$2.90B,1.78,$3.51B,$7.52B,0.47,$14.26B,$1.43B,10.03%,$14.26B,$0.72B,5.05%,$14.26B,$0.72B,5.05%,$14.26B,$4.92B,34.52%,$14.26B,$0.32B,2.27%,$14.26B,$0.39B,2.71%,$0.39B,$7.52B,5.41%,$0.39B,$7.41B,5.48%,$0.39B,$14.04B,2.84%,$0.72B,$11.03B,6.71%,$3953,$3061,$892,$0,$199,$3260,$693,$-34,$659,$134,$524,$502,$502,$1390,$693,$717,717,$0.70,$0.69,$1656,$906,$351,$5171,$0,$739,$105,$0,$844,$14044,$2904,$3509,$112,$3621,$6525,$4100,$3423,$0,$7519,$14044,$595,$2060,$0,$2060,$0,$0,$0,$0,$-1163,$1660,$-2642,$0,$0,$0,$0,$-16,$-5,$-2663,$0,$0,$0,$0,$0,$0,$0,$373,$702,$0,$0
45,2007-06-30,20.86,$0.00,0.0,$7.90,2.64,$-0.90,0.0,$-0.68,0.0,$3.99B,$2.34B,1.71,$3.85B,$6.99B,0.55,$13.08B,$0.30B,2.31%,$13.08B,$-0.35B,-2.68%,$13.08B,$-0.35B,-2.68%,$13.08B,$2.58B,19.75%,$13.08B,$-0.74B,-5.69%,$13.08B,$-0.42B,-3.23%,$-0.42B,$6.99B,-6.00%,$-0.42B,$6.89B,-6.07%,$-0.42B,$13.27B,-3.11%,$-0.35B,$10.83B,-3.29%,$3267,$2996,$272,$0,$133,$3129,$139,$-17,$122,$-106,$228,$228,$228,$801,$139,$0,0,$0.00,$0.00,$1141,$795,$422,$3994,$0,$486,$96,$187,$1271,$13267,$2340,$3848,$94,$3942,$6281,$1789,$2899,$0,$6986,$13267,$60,$1363,$0,$1363,$0,$0,$0,$0,$-882,$552,$-850,$0,$0,$0,$0,$-101,$-5,$-955,$0,$509,$248,$0,$0,$0,$0,$757,$353,$0,$0
46,2007-03-31,16.11,$0.00,0.0,$7.90,2.04,$-0.90,0.0,$-0.68,0.0,$2.92B,$2.55B,1.15,$3.41B,$6.71B,0.51,$11.90B,$-0.28B,-2.32%,$11.90B,$-0.94B,-7.86%,$11.90B,$-0.94B,-7.86%,$11.90B,$1.95B,16.37%,$11.90B,$-1.27B,-10.66%,$11.90B,$-0.97B,-8.17%,$-0.97B,$6.71B,-13.62%,$-0.97B,$6.61B,-13.81%,$-0.97B,$12.77B,-7.18%,$-0.94B,$10.12B,-8.78%,$2893,$2718,$175,$0,$126,$2844,$49,$-14,$-251,$-83,$-169,$-180,$-180,$750,$49,$719,719,$-0.25,$-0.25,$925,$831,$147,$2920,$0,$437,$105,$193,$1419,$12771,$2551,$3411,$96,$3506,$6058,$1789,$2671,$0,$6713,$12771,$-169,$701,$0,$701,$0,$0,$0,$0,$-227,$331,$-390,$0,$0,$0,$0,$-55,$-2,$-447,$0,$0,$253,$0,$0,$0,$0,$253,$137,$0,$0
47,2006-12-31,13.89,$0.00,0.0,$7.51,1.85,$-1.66,0.0,$-0.34,0.0,$3.39B,$3.49B,0.97,$3.54B,$7.39B,0.48,$11.55B,$-0.18B,-1.57%,$11.55B,$-0.82B,-7.13%,$11.55B,$-0.82B,-7.13%,$11.55B,$1.98B,17.17%,$11.55B,$-1.01B,-8.71%,$11.55B,$-0.73B,-6.31%,$-0.73B,$7.39B,-9.85%,$-0.73B,$7.32B,-10.00%,$-0.73B,$14.51B,-5.35%,$-0.82B,$10.93B,-7.65%,$4147,$4056,$91,$0,$251,$4308,$-161,$-46,$-207,$-43,$-163,$-163,$-163,$1981,$-161,$0,0,$0.00,$0.00,$1026,$1131,$542,$3392,$0,$0,$67,$199,$921,$14512,$3492,$3539,$91,$3630,$7121,$1924,$3064,$0,$7391,$14512,$-745,$2805,$0,$2805,$0,$0,$0,$0,$-66,$2006,$-3295,$0,$0,$0,$0,$0,$-3,$-3298,$0,$-63,$683,$0,$0,$0,$-0,$620,$-672,$0,$0
