,Date,Stock Price,Book Value per Share,Price to Book Ratio,TTM Sales per Share,Price to Sales Ratio,TTM FCF per Share,Price to FCF Ratio,TTM Net EPS,PE Ratio,Current Assets,Current Liabilities,Current Ratio,Long Term Debt,Shareholder's Equity_x,Debt to Equity Ratio,TTM Revenue_x,TTM Gross Profit,Gross Margin,TTM Revenue_y,TTM Operating Income,Operating Margin,TTM Revenue_x,TTM EBIT,EBIT Margin,TTM Revenue_y,TTM EBITDA,EBITDA Margin,TTM Revenue_x,TTM Pre-Tax Income,Pre-Tax Margin,TTM Revenue_y,TTM Net Income_x,Net Margin,TTM Net Income_y,Shareholder's Equity_y,Return on Equity,TTM Net Income_x,Tangible Equity,Return on Tangible Equity,TTM Net Income_y,Total Assets,Return on Assets,TTM Net Income,LT Investments & Debt,Return on Investment,revenue,cost-goods-sold,gross-profit,research-development-expenses,selling-general-administrative-expenses,operating-expenses,operating-income,total-non-operating-income-expense,pre-tax-income,total-provision-income-taxes,income-after-taxes,income-from-continuous-operations,net-income,ebitda,ebit,basic-shares-outstanding,shares-outstanding,eps-basic-net-earnings-per-share,eps-earnings-per-share-diluted,cash-on-hand,inventory,other-current-assets,total-current-assets,net-property-plant-equipment,long-term-investments,goodwill-intangible-assets-total,other-long-term-assets,total-long-term-assets,total-assets,total-current-liabilities,long-term-debt,other-non-current-liabilities,total-long-term-liabilities,total-liabilities,common-stock-net,retained-earnings-accumulated-deficit,comprehensive-income,total-share-holder-equity,total-liabilities-share-holders-equity,net-income-loss,total-depreciation-amortization-cash-flow,other-non-cash-items,total-non-cash-items,change-in-accounts-receivable,change-in-inventories,change-in-accounts-payable,change-in-assets-liabilities,total-change-in-assets-liabilities,cash-flow-from-operating-activities,net-change-in-property-plant-equipment,net-change-in-intangible-assets,net-acquisitions-divestitures,net-change-in-short-term-investments,net-change-in-long-term-investments,net-change-in-investments-total,investing-activities-other,cash-flow-from-investing-activities,net-long-term-debt,net-current-debt,debt-issuance-retirement-net-total,net-common-equity-issued-repurchased,net-total-equity-issued-repurchased,total-common-preferred-stock-dividends-paid,financial-activities-other,cash-flow-from-financial-activities,net-cash-flow,stock-based-compensation,common-stock-dividends-paid
0,2018-09-30,64.51,$11.30,5.71,$54.48,1.18,$4.47,14.42,$4.19,15.4,$2.55B,$1.81B,1.4,$2.38B,$0.98B,2.43,$4.99B,$1.84B,36.95%,$4.99B,$0.63B,12.69%,$4.99B,$0.63B,12.69%,$4.99B,$0.78B,15.60%,$4.99B,$0.51B,10.22%,$4.99B,$0.38B,7.70%,$0.38B,$0.98B,38.80%,$0.38B,$-0.98B,-40.35%,$0.38B,$5.29B,7.24%,$0.63B,$3.36B,18.78%,$1331,$838,$493,$0,$246,$1152,$179,$-32,$147,$40,$107,$107,$107,$219,$179,$87,90,$1.22,$1.19,$1400,$0,$0,$2546,$441,$45,$1959,$298,$2743,$5290,$1814,$2375,$105,$2496,$4310,$0,$971,$0,$979,$5290,$319,$113,$79,$192,$-119,$-10,$-108,$-100,$-315,$196,$-85,$0,$0,$0,$-1,$-1,$0,$-86,$-14,$0,$-14,$-257,$-257,$-67,$-5,$-342,$-232,$24,$-67
1,2018-06-30,65.3,$11.39,5.73,$51.23,1.27,$3.65,17.88,$3.63,17.99,$2.47B,$1.72B,1.44,$2.38B,$1.01B,2.36,$4.72B,$1.74B,36.79%,$4.72B,$0.58B,12.24%,$4.72B,$0.58B,12.24%,$4.72B,$0.72B,15.17%,$4.72B,$0.46B,9.74%,$4.72B,$0.34B,7.10%,$0.34B,$1.01B,34.17%,$0.34B,$-0.97B,-37.45%,$0.34B,$5.22B,6.38%,$0.58B,$3.39B,17.18%,$1299,$816,$483,$0,$220,$1104,$195,$-32,$163,$44,$119,$119,$119,$234,$195,$89,92,$1.33,$1.30,$1453,$0,$0,$2474,$432,$37,$1975,$306,$2750,$5223,$1717,$2378,$106,$2500,$4217,$0,$886,$0,$1007,$5223,$212,$74,$51,$125,$-24,$-1,$-218,$-52,$-277,$60,$-49,$0,$0,$0,$-1,$-1,$0,$-50,$-9,$0,$-9,$-130,$-130,$-45,$-4,$-188,$-178,$16,$-45
2,2018-03-31,60.63,$11.23,5.4,$48.64,1.25,$4.03,15.05,$3.07,19.75,$2.61B,$1.84B,1.42,$2.38B,$1.01B,2.36,$4.49B,$1.64B,36.61%,$4.49B,$0.52B,11.63%,$4.49B,$0.52B,11.63%,$4.49B,$0.65B,14.55%,$4.49B,$0.41B,9.14%,$4.49B,$0.28B,6.33%,$0.28B,$1.01B,29.84%,$0.28B,$-0.98B,-33.24%,$0.28B,$5.35B,5.53%,$0.52B,$3.39B,15.89%,$1242,$778,$464,$0,$252,$1092,$150,$-30,$120,$26,$94,$94,$94,$185,$150,$90,93,$1.04,$1.01,$1532,$0,$0,$2611,$411,$27,$1990,$308,$2737,$5348,$1836,$2382,$106,$2504,$4340,$0,$789,$0,$1008,$5348,$94,$35,$25,$60,$-78,$5,$-90,$-37,$-176,$-22,$-23,$0,$0,$0,$1,$1,$0,$-22,$-5,$0,$-5,$-24,$-24,$-23,$-4,$-56,$-100,$8,$-23
3,2017-12-31,56.5,$10.75,5.26,$46.52,1.21,$4.26,13.26,$2.58,21.9,$2.63B,$1.88B,1.39,$2.39B,$0.97B,2.47,$4.28B,$1.56B,36.32%,$4.28B,$0.49B,11.54%,$4.28B,$0.49B,11.54%,$4.28B,$0.62B,14.51%,$4.28B,$0.37B,8.53%,$4.28B,$0.24B,5.56%,$0.24B,$0.97B,25.95%,$0.24B,$-0.88B,-29.06%,$0.24B,$5.36B,4.77%,$0.49B,$3.35B,15.43%,$1116,$713,$403,$0,$239,$1008,$109,$-29,$80,$16,$64,$64,$64,$140,$109,$90,92,$0.70,$0.70,$1638,$0,$0,$2627,$413,$30,$1842,$448,$2732,$5359,$1884,$2386,$108,$2510,$4394,$0,$718,$0,$965,$5359,$239,$127,$84,$210,$-56,$-7,$162,$-101,$-6,$444,$-112,$-160,$-163,$0,$-3,$-3,$-0,$-438,$204,$0,$204,$-29,$-29,$-90,$-27,$57,$63,$29,$-90
4,2017-09-30,50.75,$10.43,4.86,$45.59,1.11,$2.29,22.14,$2.35,21.59,$2.36B,$1.60B,1.48,$2.39B,$0.94B,2.54,$4.17B,$1.50B,35.93%,$4.17B,$0.48B,11.39%,$4.17B,$0.48B,11.39%,$4.17B,$0.60B,14.43%,$4.17B,$0.35B,8.39%,$4.17B,$0.22B,5.18%,$0.22B,$0.94B,24.51%,$0.22B,$-0.75B,-26.20%,$0.22B,$5.06B,4.44%,$0.48B,$3.33B,15.26%,$1064,$677,$387,$0,$207,$940,$124,$-28,$97,$38,$58,$58,$58,$157,$124,$90,92,$0.65,$0.63,$1395,$0,$0,$2364,$402,$25,$1692,$575,$2694,$5058,$1596,$2388,$108,$2522,$4118,$0,$677,$0,$941,$5058,$175,$96,$75,$171,$-72,$-12,$-130,$-14,$-222,$124,$-86,$0,$-325,$0,$-3,$-3,$0,$-414,$209,$0,$209,$-6,$-6,$-68,$-26,$109,$-181,$22,$-68
5,2017-06-30,41.55,$9.93,4.18,$45.34,0.92,$3.71,11.2,$2.30,18.07,$2.41B,$1.59B,1.52,$2.18B,$0.89B,2.44,$4.13B,$1.46B,35.37%,$4.13B,$0.44B,10.74%,$4.13B,$0.44B,10.74%,$4.13B,$0.57B,13.72%,$4.13B,$0.32B,7.78%,$4.13B,$0.21B,5.09%,$0.21B,$0.89B,24.89%,$0.21B,$-0.81B,-24.10%,$0.21B,$4.79B,4.42%,$0.44B,$3.07B,14.65%,$1066,$677,$389,$0,$195,$926,$139,$-26,$113,$44,$68,$68,$68,$171,$139,$90,92,$0.76,$0.74,$1539,$0,$0,$2407,$392,$26,$1701,$264,$2383,$4790,$1588,$2179,$105,$2309,$3897,$0,$641,$0,$893,$4790,$117,$63,$59,$122,$35,$-15,$-145,$-24,$-134,$105,$-59,$0,$0,$0,$-3,$-3,$0,$-62,$-5,$0,$-5,$-10,$-10,$-45,$-19,$-80,$-37,$14,$-45
6,2017-03-31,38.75,$9.62,4.03,$45.12,0.86,$4.30,9.0,$2.09,18.54,$2.39B,$1.58B,1.52,$2.18B,$0.87B,2.51,$4.08B,$1.42B,34.70%,$4.08B,$0.41B,10.00%,$4.08B,$0.41B,10.00%,$4.08B,$0.53B,12.95%,$4.08B,$0.29B,7.06%,$4.08B,$0.19B,4.66%,$0.19B,$0.87B,23.49%,$0.19B,$-0.84B,-20.75%,$0.19B,$4.76B,4.04%,$0.41B,$3.05B,13.65%,$1035,$659,$376,$0,$202,$914,$122,$-46,$75,$27,$48,$48,$48,$153,$122,$90,92,$0.54,$0.52,$1539,$0,$0,$2391,$387,$21,$1710,$253,$2371,$4762,$1578,$2183,$105,$2314,$3892,$0,$595,$1,$870,$4762,$48,$32,$40,$71,$55,$-15,$-167,$-8,$-112,$7,$-31,$0,$0,$0,$2,$2,$0,$-29,$-0,$0,$-0,$23,$23,$-23,$-16,$-16,$-38,$7,$-23
7,2016-12-31,34.04,$9.19,3.7,$45.08,0.75,$5.66,6.01,$2.13,15.98,$2.46B,$1.71B,1.44,$2.18B,$0.82B,2.65,$4.05B,$1.40B,34.46%,$4.05B,$0.39B,9.73%,$4.05B,$0.39B,9.73%,$4.05B,$0.51B,12.67%,$4.05B,$0.30B,7.36%,$4.05B,$0.19B,4.74%,$0.19B,$0.82B,24.86%,$0.19B,$-0.90B,-19.96%,$0.19B,$4.84B,4.12%,$0.39B,$3.00B,13.34%,$1007,$661,$347,$0,$201,$918,$90,$-25,$65,$23,$42,$42,$42,$121,$90,$89,90,$0.46,$0.46,$1559,$0,$0,$2459,$387,$26,$1720,$243,$2376,$4835,$1707,$2176,$106,$2307,$4014,$0,$570,$0,$821,$4835,$192,$120,$59,$178,$-29,$-96,$174,$-141,$-96,$275,$-128,$0,$0,$0,$1,$1,$1,$-125,$-18,$0,$-18,$-18,$-18,$-89,$-1,$-126,$23,$25,$-89
8,2016-09-30,28.73,$8.88,3.24,$44.43,0.65,$6.16,4.66,$1.95,14.73,$2.28B,$1.50B,1.52,$2.18B,$0.79B,2.75,$4.06B,$1.37B,33.74%,$4.06B,$0.37B,9.06%,$4.06B,$0.37B,9.06%,$4.06B,$0.49B,12.04%,$4.06B,$0.28B,6.85%,$4.06B,$0.18B,4.36%,$0.18B,$0.79B,23.73%,$0.18B,$-0.94B,-17.74%,$0.18B,$4.61B,3.87%,$0.37B,$2.97B,12.56%,$1017,$671,$347,$0,$202,$925,$92,$-24,$68,$16,$52,$52,$52,$121,$92,$89,90,$0.58,$0.58,$1433,$0,$0,$2276,$373,$22,$1729,$210,$2334,$4610,$1498,$2179,$106,$2321,$3819,$0,$551,$0,$791,$4610,$150,$89,$49,$138,$17,$70,$-36,$-66,$-26,$262,$-97,$0,$0,$0,$-0,$-0,$1,$-96,$-13,$0,$-13,$-22,$-22,$-67,$-1,$-103,$63,$17,$-67
9,2016-06-30,21.44,$8.47,2.53,$44.05,0.49,$5.96,3.6,$1.80,11.91,$2.30B,$1.54B,1.49,$2.18B,$0.75B,2.89,$4.10B,$1.36B,33.25%,$4.10B,$0.36B,8.73%,$4.10B,$0.36B,8.73%,$4.10B,$0.48B,11.66%,$4.10B,$0.28B,6.81%,$4.10B,$0.17B,4.05%,$0.17B,$0.75B,21.16%,$0.17B,$-0.99B,-17.14%,$0.17B,$4.61B,3.76%,$0.36B,$2.94B,12.61%,$1019,$674,$345,$0,$188,$916,$104,$-24,$80,$32,$48,$48,$48,$133,$104,$89,90,$0.54,$0.53,$1442,$0,$0,$2300,$330,$22,$1739,$217,$2308,$4608,$1544,$2182,$92,$2310,$3854,$0,$521,$0,$754,$4608,$98,$60,$31,$91,$-12,$17,$7,$-47,$-35,$155,$-57,$0,$0,$0,$-1,$-1,$1,$-56,$-9,$0,$-9,$-23,$-23,$-45,$-1,$-77,$21,$10,$-45
10,2016-03-31,23.36,$8.12,2.88,$43.91,0.53,$7.12,3.28,$1.79,13.05,$2.30B,$1.55B,1.48,$2.19B,$0.72B,3.02,$4.17B,$1.36B,32.56%,$4.17B,$0.35B,8.42%,$4.17B,$0.35B,8.42%,$4.17B,$0.47B,11.27%,$4.17B,$0.28B,6.78%,$4.17B,$0.17B,4.03%,$0.17B,$0.72B,20.20%,$0.17B,$-1.03B,-18.05%,$0.17B,$4.57B,3.93%,$0.35B,$2.91B,12.69%,$1005,$650,$356,$0,$199,$897,$108,$-24,$85,$34,$50,$50,$50,$138,$108,$89,90,$0.57,$0.56,$1500,$0,$0,$2299,$289,$20,$1748,$216,$2273,$4572,$1553,$2185,$75,$2296,$3849,$0,$497,$1,$723,$4572,$50,$30,$14,$44,$34,$-16,$-1,$-20,$24,$119,$-20,$0,$0,$0,$2,$2,$1,$-17,$-4,$0,$-4,$-24,$-24,$-22,$-1,$-51,$51,$5,$-22
11,2015-12-31,39.69,$7.99,4.96,$43.99,0.9,$7.20,5.51,$1.75,22.68,$2.25B,$1.52B,1.48,$2.19B,$0.72B,3.06,$4.28B,$1.36B,31.74%,$4.28B,$0.34B,8.00%,$4.28B,$0.34B,8.00%,$4.28B,$0.46B,10.69%,$4.28B,$0.28B,6.62%,$4.28B,$0.17B,3.95%,$0.17B,$0.72B,18.86%,$0.17B,$-1.04B,-19.29%,$0.17B,$4.52B,4.07%,$0.34B,$2.90B,12.69%,$1020,$698,$322,$0,$195,$957,$64,$-18,$45,$18,$27,$27,$27,$97,$64,$95,97,$0.30,$0.27,$1424,$0,$0,$2253,$275,$28,$1758,$207,$2268,$4521,$1521,$2189,$60,$2285,$3805,$0,$469,$1,$716,$4521,$169,$115,$37,$152,$32,$-103,$139,$-122,$-41,$279,$-73,$0,$0,$0,$-1,$-1,$-1,$-75,$574,$0,$574,$-358,$-358,$-96,$-12,$108,$312,$29,$-96
12,2015-09-30,36.8,$9.97,3.69,$44.31,0.83,$6.53,5.63,$1.96,18.78,$1.75B,$1.26B,1.39,$1.67B,$0.95B,1.76,$4.36B,$1.37B,31.43%,$4.36B,$0.38B,8.60%,$4.36B,$0.38B,8.60%,$4.36B,$0.48B,11.10%,$4.36B,$0.32B,7.32%,$4.36B,$0.19B,4.38%,$0.19B,$0.95B,19.90%,$0.19B,$-0.82B,-23.24%,$0.19B,$3.98B,4.74%,$0.38B,$2.61B,14.33%,$1055,$715,$340,$0,$199,$973,$82,$-13,$69,$28,$41,$41,$41,$110,$82,$95,96,$0.43,$0.43,$910,$0,$0,$1749,$257,$27,$1767,$179,$2230,$3979,$1260,$1666,$43,$1774,$3034,$0,$466,$1,$945,$3979,$142,$82,$49,$131,$34,$93,$-114,$-63,$-64,$208,$-52,$0,$0,$0,$-2,$-2,$1,$-53,$40,$-8,$32,$-117,$-117,$-72,$-0,$-158,$-2,$23,$-72
13,2015-06-30,42.77,$9.90,4.32,$44.07,0.97,$6.49,6.59,$1.86,22.99,$1.80B,$1.31B,1.37,$1.70B,$0.94B,1.8,$4.39B,$1.36B,30.98%,$4.39B,$0.36B,8.22%,$4.39B,$0.36B,8.22%,$4.39B,$0.47B,10.65%,$4.39B,$0.31B,6.94%,$4.39B,$0.18B,4.17%,$0.18B,$0.94B,18.49%,$0.18B,$-0.83B,-22.81%,$0.18B,$4.04B,4.56%,$0.36B,$2.64B,13.82%,$1091,$750,$340,$0,$186,$993,$97,$-13,$84,$34,$50,$50,$50,$125,$97,$96,97,$0.52,$0.52,$980,$0,$0,$1800,$237,$21,$1777,$208,$2242,$4043,$1313,$1696,$26,$1787,$3099,$0,$449,$1,$943,$4043,$101,$54,$33,$87,$39,$171,$-80,$-59,$63,$251,$-32,$0,$0,$0,$-0,$-0,$1,$-31,$60,$0,$60,$-96,$-96,$-48,$0,$-85,$135,$16,$-48
14,2015-03-31,40.1,$10.13,3.96,$43.56,0.92,$4.94,8.12,$1.76,22.79,$1.84B,$1.37B,1.34,$1.64B,$0.98B,1.68,$4.40B,$1.35B,30.72%,$4.40B,$0.35B,7.92%,$4.40B,$0.35B,7.92%,$4.40B,$0.45B,10.28%,$4.40B,$0.29B,6.64%,$4.40B,$0.18B,4.00%,$0.18B,$0.98B,17.24%,$0.18B,$-0.81B,-22.61%,$0.18B,$4.06B,4.42%,$0.35B,$2.62B,13.38%,$1109,$754,$355,$0,$195,$1011,$99,$-14,$85,$34,$51,$51,$51,$125,$99,$97,98,$0.52,$0.52,$1026,$0,$0,$1841,$209,$26,$1786,$196,$2217,$4059,$1373,$1642,$0,$1706,$3079,$0,$423,$1,$980,$4059,$51,$27,$14,$41,$34,$47,$-42,$-28,$38,$130,$-14,$0,$0,$0,$-1,$-1,$0,$-15,$7,$0,$7,$-25,$-25,$-24,$-1,$-43,$72,$7,$-24
15,2014-12-31,40.51,$10.00,4.05,$42.79,0.95,$4.38,9.25,$1.75,23.15,$1.82B,$1.38B,1.32,$1.63B,$0.97B,1.67,$4.37B,$1.33B,30.32%,$4.37B,$0.35B,7.98%,$4.37B,$0.35B,7.98%,$4.37B,$0.45B,10.31%,$4.37B,$0.30B,6.75%,$4.37B,$0.18B,4.07%,$0.18B,$0.97B,17.12%,$0.18B,$-0.83B,-23.22%,$0.18B,$4.04B,4.51%,$0.35B,$2.60B,13.46%,$1104,$769,$335,$0,$160,$1007,$97,$-17,$81,$32,$49,$49,$49,$124,$97,$100,102,$0.50,$0.49,$987,$0,$0,$1822,$214,$22,$1797,$187,$2220,$4042,$1379,$1625,$0,$1692,$3070,$0,$396,$1,$972,$4042,$178,$101,$30,$131,$4,$-59,$78,$-104,$-77,$232,$-83,$-9,$0,$0,$-2,$-2,$0,$-93,$99,$0,$99,$-247,$-247,$-96,$-0,$-243,$-104,$28,$-96
16,2014-09-30,41.64,$10.64,3.91,$42.25,0.99,$3.68,11.32,$1.69,24.64,$1.71B,$1.24B,1.39,$1.53B,$1.06B,1.44,$4.36B,$1.31B,30.05%,$4.36B,$0.33B,7.56%,$4.36B,$0.33B,7.56%,$4.36B,$0.43B,9.81%,$4.36B,$0.28B,6.39%,$4.36B,$0.17B,3.97%,$0.17B,$1.06B,16.14%,$0.17B,$-0.74B,-23.32%,$0.17B,$3.92B,4.38%,$0.33B,$2.59B,12.68%,$1089,$758,$331,$0,$212,$1021,$68,$-13,$55,$22,$33,$33,$33,$94,$68,$100,102,$0.33,$0.33,$886,$0,$0,$1714,$207,$22,$1806,$168,$2204,$3918,$1238,$1527,$0,$1617,$2855,$0,$371,$1,$1063,$3918,$129,$74,$41,$115,$-5,$88,$-68,$-13,$-20,$224,$-63,$-9,$0,$0,$-2,$-2,$-6,$-80,$-8,$0,$-8,$-125,$-125,$-72,$4,$-201,$-57,$23,$-72
17,2014-06-30,44.74,$10.65,4.2,$41.52,1.08,$3.05,14.68,$1.72,26.01,$1.68B,$1.21B,1.4,$1.53B,$1.07B,1.43,$4.33B,$1.30B,29.97%,$4.33B,$0.34B,7.79%,$4.33B,$0.34B,7.79%,$4.33B,$0.43B,9.96%,$4.33B,$0.29B,6.59%,$4.33B,$0.18B,4.11%,$0.18B,$1.07B,16.49%,$0.18B,$-0.74B,-23.99%,$0.18B,$3.89B,4.51%,$0.34B,$2.60B,12.90%,$1093,$764,$329,$0,$183,$1009,$84,$-13,$71,$28,$43,$43,$43,$109,$84,$100,102,$0.43,$0.42,$856,$0,$0,$1680,$211,$14,$1806,$181,$2213,$3893,$1205,$1530,$0,$1620,$2825,$0,$362,$2,$1069,$3893,$96,$48,$25,$73,$2,$100,$-107,$-29,$-53,$116,$-45,$0,$0,$0,$4,$4,$0,$-41,$-5,$0,$-5,$-103,$-103,$-48,$3,$-153,$-78,$16,$-48
18,2014-03-31,47.02,$10.50,4.48,$40.27,1.17,$2.01,23.43,$1.72,27.34,$1.71B,$1.25B,1.37,$1.53B,$1.06B,1.45,$4.25B,$1.27B,29.96%,$4.25B,$0.35B,8.21%,$4.25B,$0.35B,8.21%,$4.25B,$0.44B,10.32%,$4.25B,$0.29B,6.80%,$4.25B,$0.18B,4.23%,$0.18B,$1.06B,16.23%,$0.18B,$-0.76B,-24.84%,$0.18B,$3.93B,4.55%,$0.35B,$2.59B,13.19%,$1087,$757,$331,$0,$181,$987,$100,$-13,$88,$34,$53,$53,$53,$124,$100,$101,103,$0.52,$0.51,$940,$0,$0,$1711,$200,$17,$1816,$184,$2218,$3929,$1249,$1533,$0,$1623,$2872,$0,$343,$1,$1056,$3929,$53,$23,$11,$34,$42,$47,$-93,$-22,$-1,$86,$-22,$0,$0,$0,$2,$2,$0,$-20,$-3,$0,$-3,$-86,$-86,$-24,$1,$-112,$-46,$8,$-24
19,2013-12-31,41.92,$10.80,3.88,$38.83,1.08,$1.33,31.52,$1.72,24.37,$1.86B,$1.32B,1.41,$1.54B,$1.10B,1.4,$4.14B,$1.25B,30.14%,$4.14B,$0.35B,8.50%,$4.14B,$0.35B,8.50%,$4.14B,$0.44B,10.60%,$4.14B,$0.29B,7.05%,$4.14B,$0.18B,4.40%,$0.18B,$1.10B,15.93%,$0.18B,$-0.73B,-25.87%,$0.18B,$4.04B,4.64%,$0.35B,$2.64B,13.42%,$1094,$774,$320,$0,$156,$1016,$78,$-13,$65,$20,$44,$44,$44,$101,$78,$105,106,$0.45,$0.43,$1036,$0,$0,$1856,$189,$16,$1826,$156,$2187,$4043,$1318,$1535,$0,$1625,$2943,$0,$314,$0,$1100,$4043,$182,$88,$43,$131,$-69,$66,$-148,$-17,$-153,$160,$-78,$0,$0,$3,$3,$7,$-3,$-75,$212,$0,$212,$-184,$-184,$-68,$5,$-35,$50,$25,$-68
20,2013-09-30,33.97,$10.65,3.19,$37.01,0.92,$2.35,14.44,$1.63,20.84,$1.78B,$1.18B,1.51,$1.54B,$1.09B,1.41,$3.99B,$1.21B,30.34%,$3.99B,$0.35B,8.74%,$3.99B,$0.35B,8.74%,$3.99B,$0.43B,10.85%,$3.99B,$0.29B,7.24%,$3.99B,$0.18B,4.38%,$0.18B,$1.09B,15.19%,$0.18B,$-0.74B,-24.80%,$0.18B,$3.91B,4.48%,$0.35B,$2.63B,13.54%,$1053,$736,$317,$0,$186,$979,$75,$-13,$61,$24,$38,$38,$38,$97,$75,$104,106,$0.36,$0.36,$1024,$0,$0,$1780,$141,$16,$1836,$142,$2134,$3914,$1176,$1538,$0,$1647,$2822,$0,$288,$-0,$1092,$3914,$137,$65,$31,$95,$14,$147,$-253,$2,$-91,$142,$-41,$0,$0,$0,$3,$3,$-3,$-41,$215,$0,$215,$-148,$-148,$-49,$-1,$18,$119,$17,$-49
21,2013-06-30,33.32,$11.24,2.96,$35.16,0.95,$2.01,16.56,$1.58,21.09,$1.76B,$1.09B,1.61,$1.54B,$1.19B,1.3,$3.85B,$1.17B,30.46%,$3.85B,$0.34B,8.87%,$3.85B,$0.34B,8.87%,$3.85B,$0.42B,11.00%,$3.85B,$0.28B,7.33%,$3.85B,$0.17B,4.45%,$0.17B,$1.19B,14.52%,$0.17B,$-0.67B,-24.68%,$0.17B,$3.92B,4.44%,$0.34B,$2.73B,13.29%,$1019,$713,$306,$0,$164,$923,$96,$-21,$75,$30,$45,$45,$45,$117,$96,$106,108,$0.42,$0.42,$1033,$0,$0,$1757,$139,$18,$1856,$155,$2167,$3924,$1090,$1541,$0,$1647,$2737,$0,$271,$0,$1187,$3924,$100,$42,$10,$52,$38,$138,$-335,$-8,$-156,$-4,$-32,$0,$0,$0,$2,$2,$-3,$-33,$218,$0,$218,$-33,$-33,$-29,$-0,$156,$119,$13,$-29
22,2013-03-31,28.34,$11.17,2.54,$33.74,0.84,$2.68,10.56,$1.51,18.77,$1.64B,$1.20B,1.36,$1.31B,$1.19B,1.1,$3.73B,$1.14B,30.61%,$3.73B,$0.33B,8.73%,$3.73B,$0.33B,8.73%,$3.73B,$0.41B,10.85%,$3.73B,$0.27B,7.34%,$3.73B,$0.17B,4.45%,$0.17B,$1.19B,14.00%,$0.17B,$-0.68B,-23.98%,$0.17B,$3.81B,4.41%,$0.33B,$2.50B,12.92%,$975,$670,$305,$0,$163,$872,$103,$-12,$91,$36,$55,$55,$55,$124,$103,$106,107,$0.51,$0.51,$844,$0,$0,$1635,$132,$19,$1865,$154,$2171,$3806,$1199,$1307,$0,$1417,$2616,$0,$240,$0,$1190,$3806,$55,$21,$-5,$16,$-27,$180,$-250,$-5,$-63,$7,$-14,$0,$0,$0,$-1,$-1,$-1,$-16,$-11,$0,$-11,$2,$2,$-14,$2,$-21,$-30,$6,$-14
23,2012-12-31,24.65,$10.73,2.3,$32.67,0.75,$2.46,10.04,$1.37,17.99,$1.82B,$1.41B,1.29,$1.32B,$1.14B,1.16,$3.66B,$1.11B,30.40%,$3.66B,$0.32B,8.80%,$3.66B,$0.32B,8.80%,$3.66B,$0.40B,10.90%,$3.66B,$0.25B,6.83%,$3.66B,$0.15B,4.15%,$0.15B,$1.14B,12.86%,$0.15B,$-0.74B,-21.88%,$0.15B,$3.99B,4.05%,$0.32B,$2.46B,12.72%,$944,$662,$283,$0,$143,$870,$75,$-13,$62,$25,$37,$37,$37,$95,$75,$109,111,$0.34,$0.34,$1053,$0,$0,$1822,$131,$18,$1875,$142,$2166,$3989,$1412,$1318,$0,$1436,$2849,$0,$200,$0,$1140,$3989,$152,$76,$-9,$67,$-131,$-197,$366,$-50,$35,$254,$-55,$0,$-44,$0,$1,$1,$6,$-92,$-34,$0,$-34,$-183,$-183,$-249,$49,$-417,$-255,$21,$-249
24,2012-09-30,24.87,$10.93,2.28,$31.56,0.79,$4.28,5.81,$1.38,18.02,$1.52B,$0.98B,1.56,$1.39B,$1.19B,1.16,$3.55B,$1.07B,30.26%,$3.55B,$0.33B,9.19%,$3.55B,$0.33B,9.19%,$3.55B,$0.40B,11.34%,$3.55B,$0.25B,7.11%,$3.55B,$0.15B,4.31%,$0.15B,$1.19B,12.40%,$0.15B,$-0.69B,-23.80%,$0.15B,$3.68B,4.12%,$0.33B,$2.58B,12.60%,$907,$630,$277,$0,$163,$840,$67,$-13,$54,$20,$34,$34,$34,$87,$67,$110,112,$0.31,$0.31,$850,$0,$0,$1524,$122,$15,$1886,$129,$2152,$3677,$975,$1389,$0,$1508,$2483,$0,$176,$0,$1193,$3677,$115,$56,$-16,$40,$-40,$46,$-68,$-40,$-54,$101,$-33,$0,$-44,$0,$3,$3,$5,$-68,$-23,$0,$-23,$-95,$-95,$-236,$45,$-309,$-275,$16,$-236
25,2012-06-30,29.31,$10.98,2.67,$31.39,0.93,$6.72,4.36,$1.40,20.93,$1.45B,$0.92B,1.58,$1.34B,$1.22B,1.1,$3.52B,$1.06B,29.95%,$3.52B,$0.34B,9.60%,$3.52B,$0.34B,9.60%,$3.52B,$0.41B,11.75%,$3.52B,$0.26B,7.38%,$3.52B,$0.16B,4.40%,$0.16B,$1.22B,12.31%,$0.16B,$-0.67B,-25.18%,$0.16B,$3.60B,4.18%,$0.34B,$2.56B,13.00%,$908,$630,$278,$0,$161,$827,$81,$-13,$67,$28,$40,$40,$40,$99,$81,$111,113,$0.36,$0.35,$813,$0,$0,$1445,$109,$17,$1885,$143,$2154,$3599,$917,$1339,$0,$1463,$2380,$0,$155,$0,$1219,$3599,$81,$37,$-23,$14,$9,$58,$-104,$-42,$-38,$56,$-19,$0,$-39,$0,$1,$1,$-3,$-60,$-13,$0,$-13,$-45,$-45,$-223,$44,$-236,$-240,$12,$-223
26,2012-03-31,31.01,$10.67,2.91,$31.25,0.99,$9.37,3.31,$1.45,21.38,$1.68B,$1.12B,1.5,$1.35B,$1.18B,1.15,$3.51B,$1.04B,29.56%,$3.51B,$0.35B,10.01%,$3.51B,$0.35B,10.01%,$3.51B,$0.43B,12.20%,$3.51B,$0.27B,7.64%,$3.51B,$0.16B,4.59%,$0.16B,$1.18B,12.67%,$0.16B,$-0.69B,-26.61%,$0.16B,$3.77B,4.32%,$0.35B,$2.53B,13.44%,$902,$627,$275,$0,$142,$802,$99,$-33,$67,$26,$41,$41,$41,$118,$99,$109,113,$0.38,$0.37,$1041,$0,$0,$1684,$93,$16,$1862,$111,$2082,$3765,$1123,$1350,$0,$1466,$2589,$0,$117,$-0,$1177,$3765,$41,$18,$-26,$-8,$-11,$39,$-118,$-8,$-62,$-28,$-4,$0,$0,$0,$2,$2,$1,$-2,$-2,$0,$-2,$-33,$-33,$0,$33,$-2,$-32,$6,$0
27,2011-12-31,24.96,$12.46,2.0,$30.95,0.81,$11.30,2.21,$1.51,16.53,$1.74B,$1.01B,1.73,$1.33B,$1.35B,0.99,$3.48B,$1.03B,29.66%,$3.48B,$0.35B,10.11%,$3.48B,$0.35B,10.11%,$3.48B,$0.43B,12.33%,$3.48B,$0.28B,8.13%,$3.48B,$0.17B,4.86%,$0.17B,$1.35B,13.07%,$0.17B,$-0.53B,-28.94%,$0.17B,$3.82B,4.56%,$0.35B,$2.68B,13.37%,$829,$586,$243,$0,$131,$749,$79,$-16,$64,$24,$39,$39,$38,$98,$79,$108,112,$0.37,$0.35,$1112,$0,$0,$1744,$91,$17,$1872,$92,$2073,$3816,$1011,$1333,$0,$1461,$2472,$0,$297,$-1,$1345,$3816,$170,$78,$-36,$42,$7,$-10,$32,$-2,$230,$442,$-36,$0,$-42,$0,$-2,$-2,$14,$-66,$-54,$0,$-54,$-79,$-79,$0,$58,$-75,$302,$18,$0
28,2011-09-30,20.78,$12.04,1.73,$32.73,0.63,$7.16,2.9,$-0.04,0.0,$1.59B,$0.89B,1.79,$1.34B,$1.30B,1.03,$3.47B,$0.81B,23.25%,$3.47B,$0.10B,3.00%,$3.47B,$0.10B,3.00%,$3.47B,$0.18B,5.24%,$3.47B,$0.03B,0.89%,$3.47B,$0.01B,0.40%,$0.01B,$1.30B,1.12%,$0.01B,$-0.58B,-2.25%,$0.01B,$3.65B,0.38%,$0.10B,$2.63B,3.99%,$883,$624,$259,$0,$140,$804,$79,$-17,$62,$26,$36,$36,$36,$99,$79,$108,111,$0.33,$0.32,$941,$0,$0,$1586,$84,$18,$1882,$82,$2065,$3651,$887,$1336,$0,$1466,$2353,$0,$257,$-1,$1297,$3651,$131,$60,$-43,$17,$6,$100,$-85,$2,$216,$364,$-24,$0,$-37,$0,$-1,$-1,$16,$-46,$-50,$0,$-50,$-80,$-80,$0,$57,$-73,$244,$13,$0
