,Date,Stock Price,Book Value per Share,Price to Book Ratio,TTM Sales per Share,Price to Sales Ratio,TTM FCF per Share,Price to FCF Ratio,TTM Net EPS,PE Ratio,Current Assets,Current Liabilities,Current Ratio,Long Term Debt,Shareholder's Equity_x,Debt to Equity Ratio,TTM Revenue_x,TTM Gross Profit,Gross Margin,TTM Revenue_y,TTM Operating Income,Operating Margin,TTM Revenue_x,TTM EBIT,EBIT Margin,TTM Revenue_y,TTM EBITDA,EBITDA Margin,TTM Revenue_x,TTM Pre-Tax Income,Pre-Tax Margin,TTM Revenue_y,TTM Net Income_x,Net Margin,TTM Net Income_y,Shareholder's Equity_y,Return on Equity,TTM Net Income_x,Tangible Equity,Return on Tangible Equity,TTM Net Income_y,Total Assets,Return on Assets,TTM Net Income,LT Investments & Debt,Return on Investment,revenue,cost-goods-sold,gross-profit,research-development-expenses,selling-general-administrative-expenses,operating-expenses,operating-income,total-non-operating-income-expense,pre-tax-income,total-provision-income-taxes,income-after-taxes,income-from-continuous-operations,net-income,ebitda,ebit,basic-shares-outstanding,shares-outstanding,eps-basic-net-earnings-per-share,eps-earnings-per-share-diluted,cash-on-hand,inventory,other-current-assets,total-current-assets,net-property-plant-equipment,long-term-investments,goodwill-intangible-assets-total,other-long-term-assets,total-long-term-assets,total-assets,total-current-liabilities,long-term-debt,other-non-current-liabilities,total-long-term-liabilities,total-liabilities,common-stock-net,retained-earnings-accumulated-deficit,comprehensive-income,total-share-holder-equity,total-liabilities-share-holders-equity,net-income-loss,total-depreciation-amortization-cash-flow,other-non-cash-items,total-non-cash-items,change-in-accounts-receivable,change-in-inventories,change-in-accounts-payable,change-in-assets-liabilities,total-change-in-assets-liabilities,cash-flow-from-operating-activities,net-change-in-property-plant-equipment,net-change-in-intangible-assets,net-acquisitions-divestitures,net-change-in-short-term-investments,net-change-in-long-term-investments,net-change-in-investments-total,investing-activities-other,cash-flow-from-investing-activities,net-long-term-debt,net-current-debt,debt-issuance-retirement-net-total,net-common-equity-issued-repurchased,net-total-equity-issued-repurchased,total-common-preferred-stock-dividends-paid,financial-activities-other,cash-flow-from-financial-activities,net-cash-flow,stock-based-compensation,common-stock-dividends-paid
0,2018-09-30,26.49,$12.76,2.08,$20.23,1.31,$5.28,5.02,$3.48,7.61,$1.43B,$0.23B,6.13,$0.35B,$1.81B,0.19,$2.95B,$0.98B,33.29%,$2.95B,$0.66B,22.37%,$2.95B,$0.66B,22.37%,$2.95B,$0.78B,26.54%,$2.95B,$0.66B,22.34%,$2.95B,$0.51B,17.25%,$0.51B,$1.81B,29.71%,$0.51B,$1.79B,30.17%,$0.51B,$2.61B,19.99%,$0.66B,$2.16B,31.99%,$737,$524,$213,$0,$51,$569,$168,$-1,$167,$42,$125,$124,$124,$198,$168,$143,144,$0.87,$0.86,$987,$284,$0,$1427,$976,$53,$26,$73,$1188,$2614,$233,$349,$148,$570,$803,$153,$1614,$-148,$1811,$2614,$378,$92,$-30,$61,$-26,$-12,$0,$-4,$-13,$419,$-150,$0,$0,$0,$-45,$-45,$22,$-173,$-22,$0,$-22,$-99,$-99,$-56,$-6,$-183,$59,$7,$-56
1,2018-06-30,27.1,$12.27,2.21,$20.02,1.35,$4.96,5.47,$3.37,8.04,$1.46B,$0.26B,5.68,$0.35B,$1.77B,0.2,$2.93B,$0.98B,33.44%,$2.93B,$0.65B,22.31%,$2.93B,$0.65B,22.31%,$2.93B,$0.78B,26.54%,$2.93B,$0.65B,22.14%,$2.93B,$0.50B,16.89%,$0.50B,$1.77B,30.42%,$0.50B,$1.74B,30.85%,$0.50B,$2.62B,20.05%,$0.65B,$2.11B,33.07%,$811,$550,$261,$0,$50,$596,$215,$-0,$215,$51,$164,$163,$163,$245,$215,$145,146,$1.13,$1.11,$1001,$286,$0,$1463,$947,$54,$26,$73,$1158,$2621,$258,$348,$190,$598,$855,$153,$1508,$-147,$1766,$2621,$254,$61,$0,$61,$-45,$-13,$0,$-5,$-46,$268,$-87,$0,$0,$0,$-45,$-45,$22,$-110,$-0,$0,$-0,$-39,$-39,$-38,$-5,$-81,$73,$5,$-38
2,2018-03-31,28.51,$11.52,2.47,$19.22,1.48,$4.53,6.29,$2.91,9.8,$1.41B,$0.24B,5.92,$0.35B,$1.67B,0.21,$2.81B,$0.90B,32.02%,$2.81B,$0.58B,20.43%,$2.81B,$0.58B,20.43%,$2.81B,$0.70B,24.84%,$2.81B,$0.57B,20.08%,$2.81B,$0.43B,15.17%,$0.43B,$1.67B,28.05%,$0.43B,$1.65B,28.38%,$0.43B,$2.50B,18.13%,$0.58B,$2.02B,30.67%,$691,$515,$177,$0,$51,$564,$127,$-3,$125,$30,$95,$95,$91,$158,$127,$145,147,$0.63,$0.62,$896,$329,$0,$1406,$932,$9,$27,$70,$1094,$2499,$238,$351,$199,$589,$827,$153,$1364,$-135,$1672,$2499,$91,$31,$7,$38,$-29,$-54,$0,$-1,$-98,$31,$-42,$0,$0,$0,$0,$0,$-0,$-43,$-0,$0,$-0,$0,$0,$-19,$-3,$-22,$-32,$2,$-19
3,2017-12-31,25.91,$11.07,2.34,$18.69,1.39,$4.57,5.66,$2.67,9.7,$1.36B,$0.27B,5.03,$0.35B,$1.61B,0.22,$2.73B,$0.85B,31.16%,$2.73B,$0.52B,19.13%,$2.73B,$0.52B,19.13%,$2.73B,$0.65B,23.66%,$2.73B,$0.51B,18.69%,$2.73B,$0.39B,14.30%,$0.39B,$1.61B,27.57%,$0.39B,$1.58B,27.84%,$0.39B,$2.45B,17.38%,$0.52B,$1.96B,29.45%,$711,$380,$331,$0,$45,$560,$150,$2,$152,$21,$131,$131,$131,$182,$150,$144,146,$0.91,$0.88,$928,$259,$0,$1360,$926,$8,$27,$70,$1089,$2449,$270,$351,$190,$574,$844,$153,$1280,$-122,$1605,$2449,$390,$123,$10,$133,$-35,$-23,$0,$-2,$-57,$474,$-145,$0,$-21,$0,$0,$0,$-32,$-199,$-3,$0,$-3,$-0,$-0,$0,$-6,$-9,$269,$10,$0
4,2017-09-30,26.72,$10.12,2.64,$17.62,1.52,$3.83,6.97,$2.07,12.91,$1.29B,$0.25B,5.25,$0.35B,$1.47B,0.24,$2.57B,$0.65B,25.18%,$2.57B,$0.43B,16.67%,$2.57B,$0.43B,16.67%,$2.57B,$0.55B,21.30%,$2.57B,$0.41B,15.86%,$2.57B,$0.30B,11.74%,$0.30B,$1.47B,22.95%,$0.30B,$1.46B,23.12%,$0.30B,$2.31B,14.08%,$0.43B,$1.82B,25.54%,$718,$508,$211,$0,$49,$557,$162,$-4,$157,$46,$111,$111,$110,$193,$162,$145,147,$0.76,$0.75,$849,$231,$0,$1291,$873,$7,$10,$70,$1017,$2308,$246,$353,$193,$597,$843,$153,$1150,$-129,$1465,$2308,$259,$91,$-3,$88,$-62,$5,$0,$-3,$-47,$305,$-77,$0,$0,$0,$0,$0,$-32,$-109,$-3,$0,$-3,$-0,$-0,$0,$-5,$-8,$189,$8,$0
5,2017-06-30,23.79,$9.31,2.55,$16.82,1.41,$3.39,7.02,$1.77,13.44,$1.16B,$0.23B,5.01,$0.35B,$1.35B,0.26,$2.45B,$0.59B,24.11%,$2.45B,$0.34B,14.04%,$2.45B,$0.34B,14.04%,$2.45B,$0.46B,18.85%,$2.45B,$0.31B,12.57%,$2.45B,$0.26B,10.53%,$0.26B,$1.35B,20.84%,$0.26B,$1.34B,21.01%,$0.26B,$2.16B,11.85%,$0.34B,$1.70B,21.41%,$694,$512,$182,$0,$47,$558,$136,$-6,$131,$36,$95,$95,$95,$166,$136,$145,146,$0.65,$0.65,$740,$222,$0,$1156,$867,$7,$10,$69,$1007,$2163,$231,$353,$194,$584,$814,$153,$1040,$-141,$1348,$2163,$150,$60,$-2,$58,$-45,$13,$0,$-3,$-51,$162,$-43,$0,$0,$0,$0,$0,$-32,$-74,$-1,$0,$-1,$-0,$-0,$0,$-5,$-7,$81,$6,$0
6,2017-03-31,24.49,$8.67,2.82,$16.09,1.52,$2.94,8.33,$1.34,18.28,$1.07B,$0.22B,4.98,$0.38B,$1.25B,0.3,$2.34B,$0.55B,23.43%,$2.34B,$0.26B,11.12%,$2.34B,$0.26B,11.12%,$2.34B,$0.38B,16.12%,$2.34B,$0.22B,9.53%,$2.34B,$0.20B,8.34%,$0.20B,$1.25B,16.64%,$0.20B,$1.24B,16.78%,$0.20B,$2.08B,8.85%,$0.26B,$1.63B,15.86%,$611,$483,$128,$0,$49,$536,$75,$-5,$71,$16,$55,$55,$55,$106,$75,$144,146,$0.38,$0.38,$650,$260,$0,$1074,$877,$7,$10,$37,$1006,$2080,$216,$375,$208,$611,$826,$153,$945,$-133,$1254,$2080,$55,$31,$3,$34,$-40,$-25,$0,$-1,$-71,$21,$-26,$0,$0,$0,$0,$0,$0,$-26,$-1,$0,$-1,$0,$0,$0,$-5,$-6,$-10,$4,$0
7,2016-12-31,18.68,$8.29,2.25,$15.37,1.21,$2.76,6.76,$1.03,18.13,$1.01B,$0.23B,4.41,$0.37B,$1.20B,0.31,$2.23B,$0.51B,22.79%,$2.23B,$0.20B,9.14%,$2.23B,$0.20B,9.14%,$2.23B,$0.32B,14.24%,$2.23B,$0.17B,7.39%,$2.23B,$0.15B,6.72%,$0.15B,$1.20B,13.38%,$0.15B,$1.19B,13.50%,$0.15B,$2.03B,6.70%,$0.20B,$1.57B,12.12%,$550,$423,$127,$0,$48,$494,$56,$-7,$49,$7,$42,$43,$42,$83,$56,$143,145,$0.29,$0.29,$659,$235,$0,$1008,$891,$6,$10,$36,$1023,$2031,$229,$374,$205,$607,$836,$153,$890,$-137,$1196,$2031,$150,$113,$14,$127,$-9,$-11,$0,$1,$48,$342,$-125,$0,$0,$0,$0,$0,$411,$286,$-393,$0,$-393,$-0,$-0,$0,$-14,$-407,$225,$13,$0
8,2016-09-30,18.58,$8.00,2.32,$14.84,1.25,$0.67,27.63,$0.69,26.93,$1.45B,$0.65B,2.21,$0.37B,$1.15B,0.33,$2.15B,$0.45B,20.97%,$2.15B,$0.15B,6.94%,$2.15B,$0.15B,6.94%,$2.15B,$0.26B,12.12%,$2.15B,$0.11B,5.17%,$2.15B,$0.10B,4.66%,$0.10B,$1.15B,9.29%,$0.10B,$1.14B,9.37%,$0.10B,$2.43B,4.40%,$0.15B,$1.53B,8.60%,$596,$443,$154,$0,$47,$520,$77,$-20,$57,$-8,$64,$66,$66,$107,$77,$144,145,$0.46,$0.45,$653,$227,$0,$1446,$855,$7,$10,$38,$987,$2432,$653,$374,$165,$626,$1280,$153,$848,$-135,$1153,$2432,$108,$86,$13,$99,$-37,$-3,$0,$-2,$22,$240,$-79,$0,$0,$0,$0,$0,$-94,$-172,$67,$0,$67,$-0,$-0,$0,$-14,$53,$125,$9,$0
9,2016-06-30,17.12,$7.53,2.27,$14.00,1.22,$-0.92,0.0,$0.05,342.38,$0.88B,$0.18B,4.95,$0.75B,$1.08B,0.69,$2.02B,$0.35B,17.12%,$2.02B,$0.06B,2.73%,$2.02B,$0.06B,2.73%,$2.02B,$0.16B,8.04%,$2.02B,$0.03B,1.24%,$2.02B,$0.01B,0.35%,$0.01B,$1.08B,0.67%,$0.01B,$1.08B,0.68%,$0.01B,$2.27B,0.32%,$0.06B,$1.83B,3.06%,$582,$443,$139,$0,$47,$530,$52,$-6,$46,$16,$30,$32,$32,$81,$52,$143,145,$0.22,$0.22,$475,$232,$0,$876,$855,$7,$10,$38,$1398,$2274,$177,$745,$170,$1013,$1190,$153,$783,$-135,$1084,$2274,$42,$56,$1,$57,$-51,$-8,$0,$-3,$-6,$104,$-51,$0,$0,$0,$0,$0,$-1,$-52,$-8,$0,$-8,$-0,$-0,$0,$-8,$-16,$40,$6,$0
10,2016-03-31,16.89,$7.33,2.3,$13.45,1.26,$-1.54,0.0,$-0.31,0.0,$0.82B,$0.17B,4.93,$0.75B,$1.05B,0.72,$1.93B,$0.26B,13.29%,$1.93B,$-0.01B,-0.57%,$1.93B,$-0.01B,-0.57%,$1.93B,$0.09B,4.78%,$1.93B,$-0.04B,-2.13%,$1.93B,$-0.05B,-2.34%,$-0.05B,$1.05B,-4.34%,$-0.05B,$1.04B,-4.38%,$-0.05B,$2.22B,-2.04%,$-0.01B,$1.80B,-0.61%,$505,$416,$89,$0,$42,$486,$19,$-6,$13,$4,$9,$10,$10,$47,$19,$143,145,$0.07,$0.07,$404,$250,$0,$816,$857,$7,$10,$37,$1400,$2216,$165,$752,$161,$999,$1164,$153,$751,$-140,$1052,$2216,$10,$28,$1,$29,$-48,$-27,$0,$1,$-44,$-5,$-26,$0,$0,$0,$0,$0,$0,$-26,$-1,$0,$-1,$0,$0,$0,$-1,$-2,$-31,$3,$0
11,2015-12-31,17.77,$7.11,2.5,$13.30,1.34,$-1.73,0.0,$-0.62,0.0,$0.77B,$0.14B,5.38,$0.75B,$1.02B,0.74,$1.89B,$0.21B,11.15%,$1.89B,$-0.06B,-3.33%,$1.89B,$-0.06B,-3.33%,$1.89B,$0.04B,2.01%,$1.89B,$-0.10B,-5.07%,$1.89B,$-0.09B,-4.75%,$-0.09B,$1.02B,-8.63%,$-0.09B,$1.01B,-8.71%,$-0.09B,$2.18B,-4.04%,$-0.06B,$1.77B,-3.51%,$463,$395,$68,$0,$38,$462,$1,$-6,$-5,$5,$-10,$-7,$-8,$25,$1,$142,142,$-0.05,$-0.05,$435,$222,$0,$769,$862,$8,$10,$37,$1407,$2176,$143,$752,$165,$1016,$1159,$153,$724,$-146,$1017,$2176,$-88,$102,$10,$112,$11,$4,$0,$2,$-11,$29,$-113,$0,$0,$1,$0,$1,$-4,$-116,$-2,$0,$-2,$1,$1,$0,$-3,$-4,$-98,$9,$0
12,2015-09-30,14.05,$7.16,1.96,$13.26,1.06,$-1.99,0.0,$-0.87,0.0,$0.84B,$0.17B,5.04,$0.75B,$1.02B,0.74,$1.88B,$0.17B,8.81%,$1.88B,$-0.11B,-6.00%,$1.88B,$-0.11B,-6.00%,$1.88B,$-0.01B,-0.69%,$1.88B,$-0.15B,-7.80%,$1.88B,$-0.13B,-6.63%,$-0.13B,$1.02B,-11.71%,$-0.13B,$1.01B,-11.82%,$-0.13B,$2.21B,-5.50%,$-0.11B,$1.78B,-6.20%,$465,$416,$49,$0,$38,$482,$-17,$-12,$-29,$-2,$-27,$-25,$-27,$9,$-17,$143,143,$-0.19,$-0.19,$448,$231,$0,$841,$828,$7,$10,$37,$1369,$2210,$167,$752,$153,$1020,$1186,$153,$732,$-146,$1023,$2210,$-81,$78,$12,$89,$-16,$-5,$0,$-1,$-23,$-1,$-67,$0,$0,$2,$0,$2,$-5,$-71,$-2,$0,$-2,$0,$0,$0,$-5,$-7,$-85,$7,$0
13,2015-06-30,16.8,$7.41,2.27,$13.68,1.23,$-2.02,0.0,$-0.82,0.0,$0.87B,$0.15B,5.68,$0.75B,$1.06B,0.71,$1.94B,$0.16B,8.16%,$1.94B,$-0.11B,-5.73%,$1.94B,$-0.11B,-5.73%,$1.94B,$-0.01B,-0.52%,$1.94B,$-0.14B,-7.28%,$1.94B,$-0.12B,-6.09%,$-0.12B,$1.06B,-10.63%,$-0.12B,$1.05B,-10.73%,$-0.12B,$2.24B,-5.08%,$-0.11B,$1.81B,-5.95%,$493,$443,$50,$0,$38,$507,$-14,$-6,$-20,$1,$-21,$-20,$-20,$11,$-14,$142,142,$-0.14,$-0.14,$481,$225,$0,$871,$824,$7,$10,$38,$1366,$2236,$153,$754,$155,$1026,$1180,$153,$758,$-137,$1057,$2236,$-54,$52,$8,$60,$-17,$3,$0,$1,$-20,$-3,$-33,$0,$0,$0,$0,$0,$-5,$-39,$-1,$0,$-1,$0,$0,$0,$-5,$-6,$-52,$5,$0
14,2015-03-31,16.29,$7.55,2.16,$13.82,1.18,$-2.46,0.0,$-0.67,0.0,$0.93B,$0.19B,4.98,$0.76B,$1.08B,0.71,$1.96B,$0.17B,8.41%,$1.96B,$-0.10B,-5.15%,$1.96B,$-0.10B,-5.15%,$1.96B,$0.00B,0.00%,$1.96B,$-0.13B,-6.47%,$1.96B,$-0.10B,-4.89%,$-0.10B,$1.08B,-8.35%,$-0.10B,$1.07B,-8.42%,$-0.10B,$2.30B,-4.05%,$-0.10B,$1.83B,-5.29%,$472,$428,$44,$0,$39,$505,$-33,$-8,$-42,$-6,$-35,$-35,$-35,$-7,$-33,$142,142,$-0.24,$-0.24,$468,$262,$0,$929,$830,$10,$10,$28,$1370,$2299,$187,$758,$160,$1037,$1224,$153,$778,$-137,$1075,$2299,$-35,$27,$5,$32,$-31,$-34,$0,$2,$-53,$-44,$-15,$0,$0,$0,$0,$0,$0,$-15,$-1,$0,$-1,$0,$0,$0,$-2,$-4,$-64,$2,$0
15,2014-12-31,16.34,$7.85,2.08,$13.65,1.2,$-2.74,0.0,$-0.53,0.0,$0.95B,$0.17B,5.5,$0.76B,$1.12B,0.68,$1.94B,$0.18B,9.14%,$1.94B,$-0.08B,-4.03%,$1.94B,$-0.08B,-4.03%,$1.94B,$0.02B,1.14%,$1.94B,$-0.11B,-5.42%,$1.94B,$-0.08B,-3.87%,$-0.08B,$1.12B,-6.33%,$-0.08B,$1.11B,-6.39%,$-0.08B,$2.35B,-3.10%,$-0.08B,$1.87B,-4.01%,$454,$431,$23,$0,$41,$502,$-49,$-7,$-56,$-11,$-44,$-43,$-43,$-26,$-49,$141,141,$-0.30,$-0.30,$533,$230,$0,$950,$851,$5,$10,$33,$1399,$2349,$173,$755,$166,$1060,$1233,$153,$812,$-131,$1116,$2349,$-75,$101,$-11,$90,$-34,$-9,$0,$-0,$-76,$-53,$-67,$0,$0,$3,$0,$3,$1,$-64,$-2,$0,$-2,$0,$0,$0,$-2,$-4,$-124,$9,$0
16,2014-09-30,13.41,$8.45,1.59,$13.76,0.97,$-0.62,0.0,$-0.38,0.0,$0.98B,$0.18B,5.58,$0.76B,$1.19B,0.64,$1.96B,$0.22B,11.11%,$1.96B,$-0.05B,-2.60%,$1.96B,$-0.05B,-2.60%,$1.96B,$0.05B,2.65%,$1.96B,$-0.08B,-4.03%,$1.96B,$-0.05B,-2.65%,$-0.05B,$1.19B,-4.29%,$-0.05B,$1.18B,-4.33%,$-0.05B,$2.41B,-2.12%,$-0.05B,$1.95B,-2.58%,$518,$477,$41,$0,$32,$533,$-15,$-9,$-23,$-4,$-20,$-18,$-20,$12,$-15,$141,141,$-0.14,$-0.14,$580,$218,$9,$983,$856,$6,$10,$56,$1427,$2410,$176,$759,$140,$1042,$1218,$152,$855,$-96,$1192,$2410,$-33,$77,$-10,$68,$-67,$4,$0,$-2,$-67,$-30,$-42,$0,$0,$0,$0,$0,$1,$-41,$-2,$0,$-2,$0,$0,$0,$-2,$-4,$-77,$7,$0
17,2014-06-30,14.82,$8.61,1.72,$13.61,1.09,$1.26,11.78,$0.02,740.99,$0.98B,$0.16B,6.2,$0.76B,$1.22B,0.63,$1.95B,$0.27B,13.74%,$1.95B,$0.01B,0.62%,$1.95B,$0.01B,0.62%,$1.95B,$0.11B,5.79%,$1.95B,$-0.01B,-0.72%,$1.95B,$0.01B,0.31%,$0.01B,$1.22B,0.49%,$0.01B,$1.21B,0.50%,$0.01B,$2.43B,0.24%,$0.01B,$1.98B,0.61%,$519,$462,$57,$0,$36,$522,$-4,$-2,$-6,$-7,$1,$2,$2,$21,$-4,$141,144,$0.01,$0.01,$555,$236,$7,$982,$878,$5,$10,$56,$1450,$2432,$158,$761,$148,$1056,$1215,$152,$876,$-88,$1218,$2432,$-12,$51,$1,$51,$-67,$-11,$0,$1,$-98,$-58,$-41,$0,$0,$0,$0,$0,$1,$-40,$-1,$0,$-1,$0,$0,$0,$-2,$-3,$-102,$5,$0
18,2014-03-31,16.65,$8.58,1.94,$13.94,1.19,$2.92,5.71,$0.66,25.22,$1.04B,$0.20B,5.28,$0.76B,$1.21B,0.63,$2.00B,$0.36B,18.01%,$2.00B,$0.11B,5.25%,$2.00B,$0.11B,5.25%,$2.00B,$0.20B,10.06%,$2.00B,$0.11B,5.30%,$2.00B,$0.10B,4.90%,$0.10B,$1.21B,8.09%,$0.10B,$1.20B,8.16%,$0.10B,$2.49B,3.90%,$0.11B,$1.97B,5.31%,$445,$388,$56,$0,$41,$455,$-10,$-10,$-20,$-6,$-15,$-14,$-14,$15,$-10,$141,141,$-0.10,$-0.10,$552,$276,$5,$1040,$883,$8,$10,$46,$1454,$2494,$197,$761,$147,$1085,$1282,$152,$874,$-90,$1212,$2494,$-14,$26,$4,$30,$-64,$-51,$0,$3,$-89,$-73,$-24,$0,$0,$0,$0,$0,$-0,$-24,$-1,$0,$-1,$0,$0,$0,$-1,$-3,$-105,$2,$0
19,2013-12-31,18.26,$8.69,2.1,$14.46,1.26,$3.63,5.03,$1.21,15.09,$1.03B,$0.17B,6.22,$0.76B,$1.23B,0.62,$2.09B,$0.45B,21.49%,$2.09B,$0.20B,9.74%,$2.09B,$0.20B,9.74%,$2.09B,$0.29B,14.05%,$2.09B,$0.21B,9.93%,$2.09B,$0.18B,8.49%,$0.18B,$1.23B,14.98%,$0.18B,$1.22B,15.07%,$0.18B,$2.49B,7.06%,$0.20B,$1.99B,10.40%,$480,$415,$64,$0,$47,$502,$-22,$-8,$-30,$-11,$-20,$-19,$-20,$4,$-22,$140,144,$-0.15,$-0.13,$657,$224,$0,$1034,$887,$7,$10,$45,$1459,$2493,$166,$763,$149,$1101,$1267,$152,$888,$-89,$1226,$2493,$177,$91,$-63,$29,$5,$-18,$0,$-2,$33,$243,$-59,$0,$-67,$17,$0,$17,$92,$-17,$-113,$0,$-113,$0,$0,$0,$-13,$-126,$96,$9,$0
20,2013-09-30,17.36,$8.67,2.0,$14.22,1.22,$2.99,5.81,$1.68,10.33,$1.06B,$0.18B,5.96,$0.76B,$1.22B,0.62,$2.05B,$0.48B,23.37%,$2.05B,$0.27B,13.15%,$2.05B,$0.27B,13.15%,$2.05B,$0.35B,17.16%,$2.05B,$0.29B,14.23%,$2.05B,$0.24B,11.88%,$0.24B,$1.22B,21.44%,$0.24B,$1.21B,21.53%,$0.24B,$2.50B,9.85%,$0.27B,$1.99B,14.09%,$507,$416,$91,$0,$34,$460,$48,$-6,$42,$4,$38,$38,$38,$73,$48,$140,144,$0.27,$0.26,$670,$225,$10,$1059,$864,$8,$10,$45,$1439,$2498,$178,$763,$184,$1096,$1274,$152,$908,$-110,$1224,$2498,$198,$65,$-62,$3,$-26,$-12,$0,$-4,$32,$223,$-27,$0,$-67,$14,$0,$14,$92,$12,$-113,$0,$-113,$0,$0,$0,$-12,$-125,$109,$7,$0
21,2013-06-30,14.59,$8.46,1.73,$13.94,1.05,$1.92,7.61,$1.64,8.9,$1.14B,$0.27B,4.3,$0.78B,$1.18B,0.66,$2.00B,$0.49B,24.25%,$2.00B,$0.26B,13.20%,$2.00B,$0.26B,13.20%,$2.00B,$0.34B,16.95%,$2.00B,$0.29B,14.30%,$2.00B,$0.24B,11.80%,$0.24B,$1.18B,21.94%,$0.24B,$1.17B,21.99%,$0.24B,$2.57B,9.74%,$0.26B,$1.96B,14.21%,$567,$418,$149,$0,$35,$478,$89,$26,$114,$24,$90,$94,$94,$109,$89,$139,144,$0.68,$0.65,$631,$247,$12,$1137,$877,$8,$10,$26,$1435,$2572,$265,$777,$194,$1125,$1389,$151,$870,$-111,$1183,$2572,$159,$39,$-44,$-5,$-18,$-28,$0,$-6,$2,$164,$-24,$0,$-67,$14,$0,$14,$1,$-76,$-4,$-0,$-4,$0,$0,$0,$-12,$-16,$70,$4,$0
22,2013-03-31,21.31,$7.84,2.72,$13.13,1.62,$0.84,25.43,$0.72,29.6,$1.14B,$0.26B,4.49,$0.78B,$1.09B,0.72,$1.86B,$0.40B,21.71%,$1.86B,$0.19B,10.42%,$1.86B,$0.19B,10.42%,$1.86B,$0.27B,14.35%,$1.86B,$0.13B,6.77%,$1.86B,$0.11B,5.64%,$0.11B,$1.09B,10.30%,$0.11B,$1.09B,10.31%,$0.11B,$2.47B,4.48%,$0.19B,$1.88B,10.76%,$531,$387,$144,$0,$35,$443,$89,$-8,$81,$23,$58,$65,$65,$107,$89,$138,144,$0.47,$0.45,$561,$255,$5,$1143,$746,$76,$0,$27,$1329,$2472,$255,$782,$179,$1125,$1379,$150,$776,$-104,$1093,$2472,$65,$19,$-5,$14,$-52,$-49,$0,$1,$-64,$17,$-13,$0,$0,$7,$0,$7,$2,$-5,$-1,$0,$-1,$0,$0,$0,$-12,$-13,$-0,$2,$0
23,2012-12-31,19.06,$7.46,2.55,$12.09,1.58,$0.39,49.13,$0.19,100.33,$0.98B,$0.24B,4.1,$0.78B,$1.03B,0.76,$1.69B,$0.31B,18.20%,$1.69B,$0.10B,6.15%,$1.69B,$0.10B,6.15%,$1.69B,$0.18B,10.46%,$1.69B,$0.03B,2.01%,$1.69B,$0.03B,1.71%,$0.03B,$1.03B,2.92%,$0.03B,$1.03B,2.92%,$0.03B,$2.33B,1.28%,$0.10B,$1.82B,5.90%,$440,$346,$94,$0,$36,$395,$44,$10,$54,$12,$43,$47,$46,$62,$44,$137,143,$0.33,$0.33,$561,$210,$0,$981,$766,$71,$0,$28,$1350,$2331,$239,$783,$182,$1058,$1297,$150,$711,$-108,$1034,$2331,$29,$73,$55,$128,$-13,$-45,$0,$0,$-42,$112,$-22,$0,$0,$13,$0,$13,$31,$22,$97,$0,$97,$0,$0,$0,$-5,$92,$221,$8,$0
24,2012-09-30,12.33,$7.18,1.72,$11.14,1.11,$-0.69,0.0,$-0.47,0.0,$0.96B,$0.28B,3.5,$0.79B,$0.99B,0.79,$1.54B,$0.23B,14.91%,$1.54B,$0.03B,1.89%,$1.54B,$0.03B,1.89%,$1.54B,$0.10B,6.58%,$1.54B,$-0.08B,-4.88%,$1.54B,$-0.07B,-4.82%,$-0.07B,$0.99B,-7.50%,$-0.07B,$0.99B,-7.51%,$-0.07B,$2.31B,-3.34%,$0.03B,$1.78B,1.67%,$462,$364,$98,$0,$31,$419,$43,$-6,$37,$8,$29,$31,$31,$61,$43,$137,143,$0.23,$0.22,$491,$209,$0,$963,$752,$72,$1,$39,$1350,$2313,$275,$785,$157,$1045,$1321,$150,$665,$-102,$993,$2313,$-17,$56,$70,$125,$-38,$-42,$0,$-2,$-61,$49,$-7,$0,$0,$7,$0,$7,$1,$1,$108,$0,$108,$0,$0,$0,$-5,$103,$151,$6,$0
25,2012-06-30,10.74,$6.95,1.55,$10.51,1.02,$-1.33,0.0,$-1.18,0.0,$0.90B,$0.26B,3.49,$0.78B,$0.96B,0.82,$1.43B,$0.16B,11.23%,$1.43B,$-0.09B,-6.11%,$1.43B,$-0.09B,-6.11%,$1.43B,$-0.01B,-0.91%,$1.43B,$-0.19B,-13.05%,$1.43B,$-0.17B,-12.00%,$-0.17B,$0.96B,-16.94%,$-0.17B,$0.96B,-16.96%,$-0.17B,$2.26B,-7.82%,$-0.09B,$1.74B,-4.99%,$428,$360,$68,$0,$31,$409,$19,$-65,$-46,$-11,$-34,$-37,$-37,$37,$19,$137,137,$-0.27,$-0.27,$427,$204,$0,$904,$749,$78,$1,$38,$1352,$2256,$259,$784,$159,$1041,$1300,$150,$633,$-105,$956,$2256,$-49,$37,$49,$86,$-36,$-36,$0,$-3,$-55,$-17,$2,$0,$0,$-2,$0,$-2,$1,$1,$108,$0,$108,$0,$0,$0,$-6,$102,$87,$4,$0
26,2012-03-31,9.23,$7.24,1.27,$10.14,0.91,$-1.58,0.0,$-1.18,0.0,$0.68B,$0.16B,4.2,$0.72B,$1.00B,0.72,$1.36B,$0.12B,8.68%,$1.36B,$-0.13B,-9.57%,$1.36B,$-0.13B,-9.57%,$1.36B,$-0.05B,-3.90%,$1.36B,$-0.17B,-12.80%,$1.36B,$-0.17B,-12.51%,$-0.17B,$1.00B,-15.99%,$-0.17B,$1.00B,-16.02%,$-0.17B,$2.15B,-7.70%,$-0.13B,$1.72B,-7.30%,$362,$313,$48,$0,$31,$364,$-2,$-9,$-11,$-1,$-9,$-11,$-11,$17,$-2,$137,137,$-0.08,$-0.08,$281,$212,$0,$678,$769,$81,$1,$38,$1469,$2147,$161,$719,$162,$990,$1151,$150,$671,$-101,$996,$2147,$-11,$19,$3,$22,$-41,$-46,$0,$1,$-75,$-64,$6,$0,$0,$-3,$0,$-3,$1,$4,$0,$0,$0,$0,$0,$0,$0,$0,$-60,$3,$0
27,2011-12-31,7.96,$7.30,1.09,$10.02,0.79,$-1.69,0.0,$-1.28,0.0,$0.66B,$0.14B,4.71,$0.72B,$1.00B,0.72,$1.33B,$0.11B,8.05%,$1.33B,$-0.15B,-10.99%,$1.33B,$-0.15B,-10.99%,$1.33B,$-0.07B,-5.04%,$1.33B,$-0.19B,-14.22%,$1.33B,$-0.18B,-13.69%,$-0.18B,$1.00B,-16.34%,$-0.18B,$1.00B,-16.37%,$-0.18B,$2.14B,-8.03%,$-0.15B,$1.72B,-7.98%,$284,$269,$15,$0,$28,$315,$-31,$-24,$-55,$-5,$-50,$-60,$-57,$-14,$-31,$133,133,$-0.42,$-0.42,$340,$164,$0,$657,$782,$80,$1,$38,$1483,$2140,$140,$716,$178,$1000,$1139,$150,$682,$-106,$1001,$2140,$-181,$78,$80,$158,$15,$-15,$0,$-0,$-6,$-40,$-20,$0,$0,$-10,$19,$10,$18,$8,$10,$0,$10,$0,$0,$0,$-26,$-16,$-49,$8,$0
28,2011-09-30,5.03,$7.91,0.64,$10.34,0.49,$-0.95,0.0,$-0.99,0.0,$0.69B,$0.14B,4.81,$0.72B,$1.08B,0.66,$1.36B,$0.12B,9.11%,$1.36B,$-0.13B,-9.77%,$1.36B,$-0.13B,-9.77%,$1.36B,$-0.05B,-3.67%,$1.36B,$-0.14B,-10.43%,$1.36B,$-0.13B,-9.70%,$-0.13B,$1.08B,-11.30%,$-0.13B,$1.08B,-11.32%,$-0.13B,$2.20B,-5.65%,$-0.13B,$1.80B,-7.06%,$351,$322,$29,$0,$27,$423,$-73,$-2,$-74,$-21,$-53,$-59,$-66,$-53,$-73,$135,135,$-0.49,$-0.49,$360,$156,$0,$691,$792,$99,$2,$38,$1512,$2203,$144,$716,$139,$975,$1119,$150,$739,$-79,$1084,$2203,$-124,$61,$56,$117,$-22,$-6,$0,$-3,$-16,$-34,$-12,$0,$0,$0,$19,$19,$12,$19,$10,$0,$10,$0,$0,$0,$-25,$-15,$-29,$6,$0
29,2011-06-30,8.03,$8.85,0.91,$10.20,0.79,$-0.34,0.0,$-0.74,0.0,$0.69B,$0.14B,4.88,$0.72B,$1.17B,0.61,$1.33B,$0.13B,9.68%,$1.33B,$-0.08B,-5.70%,$1.33B,$-0.08B,-5.70%,$1.33B,$0.01B,0.45%,$1.33B,$-0.11B,-8.40%,$1.33B,$-0.10B,-7.35%,$-0.10B,$1.17B,-8.12%,$-0.10B,$1.17B,-8.13%,$-0.10B,$2.34B,-4.10%,$-0.08B,$1.89B,-3.95%,$362,$336,$26,$0,$28,$386,$-24,$-10,$-34,$-8,$-26,$-33,$-36,$-3,$-24,$131,131,$-0.27,$-0.27,$334,$174,$0,$691,$887,$123,$2,$41,$1645,$2336,$142,$717,$156,$1024,$1165,$145,$805,$-57,$1171,$2336,$-58,$42,$25,$67,$-25,$-21,$0,$-3,$-46,$-39,$-8,$0,$0,$-3,$0,$-3,$16,$6,$-0,$5,$4,$0,$0,$0,$-25,$-21,$-55,$5,$0
30,2011-03-31,10.36,$9.08,1.14,$10.64,0.97,$0.24,43.92,$-0.31,0.0,$0.72B,$0.14B,5.22,$0.72B,$1.20B,0.6,$1.42B,$0.20B,14.38%,$1.42B,$-0.00B,-0.21%,$1.42B,$-0.00B,-0.21%,$1.42B,$0.08B,5.64%,$1.42B,$-0.04B,-3.03%,$1.42B,$-0.04B,-2.82%,$-0.04B,$1.20B,-3.25%,$-0.04B,$1.20B,-3.26%,$-0.04B,$2.39B,-1.64%,$-0.00B,$1.92B,-0.15%,$332,$295,$37,$0,$29,$350,$-18,$-8,$-26,$-7,$-20,$-23,$-23,$3,$-18,$131,131,$-0.18,$-0.18,$321,$203,$0,$722,$899,$127,$2,$49,$1670,$2392,$138,$716,$153,$1055,$1193,$145,$840,$-68,$1199,$2392,$-23,$21,$20,$41,$-31,$-50,$0,$1,$-87,$-68,$-2,$0,$0,$-2,$0,$-2,$8,$4,$0,$0,$0,$0,$0,$0,$0,$0,$-68,$4,$0
31,2010-12-31,9.33,$9.23,1.01,$10.47,0.89,$0.51,18.48,$-0.31,0.0,$0.71B,$0.14B,5.29,$0.72B,$1.22B,0.59,$1.38B,$0.20B,14.16%,$1.38B,$-0.01B,-0.58%,$1.38B,$-0.01B,-0.58%,$1.38B,$0.08B,5.42%,$1.38B,$-0.05B,-3.54%,$1.38B,$-0.04B,-2.89%,$-0.04B,$1.22B,-3.23%,$-0.04B,$1.22B,-3.23%,$-0.04B,$2.41B,-1.61%,$-0.01B,$1.93B,-0.41%,$316,$285,$32,$0,$32,$334,$-18,$10,$-8,$-8,$1,$-2,$-7,$3,$-18,$129,129,$-0.05,$-0.04,$389,$152,$0,$714,$917,$125,$2,$56,$1697,$2411,$135,$715,$156,$1058,$1193,$145,$863,$-70,$1218,$2411,$-39,$82,$-17,$65,$-1,$-9,$0,$1,$23,$48,$-11,$0,$0,$5,$22,$27,$105,$120,$-174,$-0,$-174,$0,$0,$0,$-0,$-174,$-5,$9,$0
32,2010-09-30,7.47,$9.41,0.79,$10.58,0.71,$0.77,9.76,$-0.66,0.0,$0.70B,$0.13B,5.36,$0.71B,$1.24B,0.57,$1.35B,$0.18B,13.00%,$1.35B,$-0.04B,-3.05%,$1.35B,$-0.04B,-3.05%,$1.35B,$0.04B,3.05%,$1.35B,$-0.10B,-7.65%,$1.35B,$-0.08B,-6.09%,$-0.08B,$1.24B,-6.57%,$-0.08B,$1.24B,-6.58%,$-0.08B,$2.42B,-3.23%,$-0.04B,$1.95B,-2.10%,$323,$289,$34,$0,$28,$339,$-16,$-28,$-44,$-16,$-27,$-31,$-32,$3,$-16,$131,131,$-0.24,$-0.24,$382,$148,$0,$703,$922,$149,$0,$44,$1712,$2415,$131,$713,$147,$1042,$1174,$145,$870,$-52,$1241,$2415,$-32,$62,$18,$80,$-20,$-7,$0,$-9,$-5,$45,$-10,$0,$0,$6,$0,$6,$120,$116,$-174,$0,$-174,$0,$0,$0,$0,$-174,$-12,$7,$0
33,2010-06-30,6.6,$9.56,0.69,$11.12,0.59,$0.82,8.02,$-0.55,0.0,$0.80B,$0.21B,3.86,$0.71B,$1.26B,0.56,$1.33B,$0.18B,13.34%,$1.33B,$-0.03B,-2.47%,$1.33B,$-0.03B,-2.47%,$1.33B,$0.05B,3.90%,$1.33B,$-0.08B,-5.92%,$1.33B,$-0.06B,-4.65%,$-0.06B,$1.26B,-4.91%,$-0.06B,$1.26B,-4.91%,$-0.06B,$2.53B,-2.45%,$-0.03B,$1.97B,-1.76%,$448,$346,$101,$0,$29,$399,$49,$-14,$35,$13,$23,$24,$22,$71,$49,$129,140,$0.17,$0.16,$437,$164,$0,$800,$924,$167,$0,$42,$1728,$2527,$207,$706,$163,$1060,$1267,$145,$902,$-63,$1261,$2527,$-0,$43,$24,$67,$-51,$-24,$0,$-5,$-34,$36,$-4,$0,$0,$6,$0,$6,$120,$122,$-114,$0,$-114,$0,$0,$0,$0,$-114,$43,$5,$0
34,2010-03-31,8.93,$9.73,0.92,$10.52,0.85,$1.02,8.75,$-0.99,0.0,$0.83B,$0.31B,2.68,$0.71B,$1.23B,0.57,$1.15B,$0.09B,7.81%,$1.15B,$-0.11B,-9.89%,$1.15B,$-0.11B,-9.89%,$1.15B,$-0.03B,-2.78%,$1.15B,$-0.15B,-13.36%,$1.15B,$-0.11B,-9.80%,$-0.11B,$1.23B,-9.12%,$-0.11B,$1.23B,-9.12%,$-0.11B,$2.60B,-4.57%,$-0.11B,$1.94B,-6.33%,$297,$268,$29,$0,$30,$320,$-23,$-9,$-32,$-10,$-22,$-23,$-23,$-2,$-23,$126,126,$-0.18,$-0.18,$357,$183,$0,$829,$943,$172,$0,$48,$1766,$2595,$309,$706,$166,$1052,$1362,$140,$875,$-60,$1234,$2595,$-23,$20,$0,$21,$-36,$-44,$0,$2,$-30,$-32,$-2,$0,$0,$-2,$0,$-2,$0,$-4,$0,$0,$0,$0,$0,$0,$0,$0,$-37,$3,$0
35,2009-12-31,6.89,$9.90,0.7,$10.16,0.68,$1.27,5.4,$-1.11,0.0,$0.84B,$0.31B,2.73,$0.71B,$1.25B,0.56,$1.06B,$0.06B,5.74%,$1.06B,$-0.13B,-12.62%,$1.06B,$-0.13B,-12.62%,$1.06B,$-0.05B,-4.99%,$1.06B,$-0.17B,-15.91%,$1.06B,$-0.12B,-11.39%,$-0.12B,$1.25B,-9.89%,$-0.12B,$1.25B,-9.90%,$-0.12B,$2.62B,-5.06%,$-0.13B,$1.96B,-7.61%,$278,$266,$11,$0,$33,$328,$-51,$-12,$-62,$-18,$-45,$-47,$-49,$-31,$-51,$109,109,$-0.41,$-0.41,$394,$140,$0,$839,$965,$165,$3,$44,$1781,$2620,$307,$706,$168,$1060,$1367,$140,$902,$-65,$1254,$2620,$-122,$80,$4,$84,$-10,$57,$0,$-9,$87,$61,$-2,$0,$-0,$0,$50,$50,$78,$126,$2,$-2,$-1,$132,$132,$0,$-16,$116,$296,$7,$0
36,2009-09-30,6.58,$10.39,0.63,$10.06,0.65,$-1.54,0.0,$-4.02,0.0,$0.86B,$0.43B,2.02,$0.33B,$1.31B,0.25,$1.04B,$0.03B,2.41%,$1.04B,$-0.45B,-43.30%,$1.04B,$-0.45B,-43.30%,$1.04B,$-0.10B,-9.16%,$1.04B,$-0.49B,-47.44%,$1.04B,$-0.41B,-39.54%,$-0.41B,$1.31B,-34.01%,$-0.41B,$1.31B,-34.04%,$-0.41B,$2.38B,-17.95%,$-0.45B,$1.64B,-26.66%,$311,$273,$37,$0,$26,$319,$-8,$-12,$-20,$-11,$-10,$-13,$-12,$14,$-8,$103,103,$-0.12,$-0.12,$446,$152,$0,$860,$1040,$221,$0,$67,$1523,$2383,$426,$330,$150,$651,$1078,$139,$947,$-57,$1305,$2383,$-73,$60,$-47,$13,$-33,$43,$0,$3,$89,$33,$1,$0,$0,$1,$23,$24,$37,$62,$132,$0,$132,$132,$132,$0,$-16,$249,$342,$6,$0
37,2009-06-30,3.37,$11.23,0.3,$10.84,0.31,$-3.61,0.0,$-4.97,0.0,$0.75B,$0.28B,2.66,$0.50B,$1.17B,0.43,$1.12B,$-0.01B,-0.45%,$1.12B,$-0.51B,-45.61%,$1.12B,$-0.51B,-45.61%,$1.12B,$-0.15B,-13.44%,$1.12B,$-0.63B,-56.45%,$1.12B,$-0.51B,-45.61%,$-0.51B,$1.17B,-40.06%,$-0.51B,$1.17B,-42.41%,$-0.51B,$2.28B,-21.23%,$-0.51B,$1.67B,-28.44%,$267,$255,$13,$0,$29,$300,$-32,$-8,$-40,$-16,$-24,$-27,$-29,$-13,$-32,$103,103,$-0.28,$-0.28,$332,$155,$0,$750,$1057,$208,$0,$65,$1534,$2284,$283,$500,$155,$836,$1119,$117,$959,$-72,$1165,$2284,$-60,$38,$1,$39,$-31,$39,$0,$5,$61,$43,$1,$0,$0,$-1,$22,$20,$38,$58,$145,$0,$145,$0,$0,$0,$-16,$130,$227,$4,$0
38,2009-03-31,2.2,$11.28,0.2,$12.01,0.18,$-5.30,0.0,$-5.48,0.0,$0.63B,$0.16B,3.83,$0.61B,$1.17B,0.52,$1.24B,$-0.01B,-0.49%,$1.24B,$-0.60B,-48.62%,$1.24B,$-0.60B,-48.62%,$1.24B,$-0.23B,-18.93%,$1.24B,$-0.72B,-58.50%,$1.24B,$-0.56B,-45.39%,$-0.56B,$1.17B,-40.30%,$-0.56B,$1.17B,-44.80%,$-0.56B,$2.28B,-21.72%,$-0.60B,$1.78B,-31.46%,$206,$205,$0,$0,$27,$248,$-43,$-5,$-47,$-19,$-28,$-30,$-31,$-23,$-43,$103,103,$-0.30,$-0.30,$288,$189,$0,$628,$1065,$200,$0,$75,$1655,$2283,$164,$612,$153,$950,$1114,$117,$989,$-95,$1170,$2283,$-31,$19,$-22,$-2,$-34,$1,$0,$1,$35,$2,$-4,$0,$0,$-4,$20,$16,$27,$39,$155,$0,$155,$0,$0,$0,$-15,$140,$182,$2,$0
39,2008-12-31,1.54,$11.45,0.13,$13.40,0.11,$-6.70,0.0,$-5.63,0.0,$0.54B,$0.17B,3.24,$0.47B,$1.18B,0.4,$1.38B,$-0.03B,-2.10%,$1.38B,$-0.64B,-46.70%,$1.38B,$-0.64B,-46.70%,$1.38B,$-0.27B,-19.65%,$1.38B,$-0.75B,-54.53%,$1.38B,$-0.58B,-41.77%,$-0.58B,$1.18B,-37.42%,$-0.58B,$1.18B,-43.27%,$-0.58B,$2.19B,-20.56%,$-0.64B,$1.66B,-31.75%,$253,$278,$-25,$0,$26,$619,$-366,$-19,$-385,$-48,$-337,$-337,$-338,$-73,$-366,$103,103,$-3.28,$-3.28,$119,$190,$0,$537,$1045,$206,$4,$99,$1652,$2189,$166,$473,$161,$841,$1006,$117,$1020,$-98,$1182,$2189,$-577,$374,$-20,$354,$36,$30,$0,$-26,$37,$-143,$-92,$0,$-57,$-6,$206,$200,$59,$111,$-175,$-25,$-200,$0,$0,$-31,$0,$-231,$-254,$10,$-31
40,2008-09-30,9.18,$15.16,0.61,$14.57,0.63,$-7.56,0.0,$-2.69,0.0,$0.76B,$0.38B,2.02,$0.49B,$1.57B,0.31,$1.50B,$-0.02B,-1.26%,$1.50B,$-0.37B,-24.28%,$1.50B,$-0.37B,-24.28%,$1.50B,$-0.27B,-17.90%,$1.50B,$-0.46B,-30.87%,$1.50B,$-0.29B,-19.23%,$-0.29B,$1.57B,-17.01%,$-0.29B,$1.29B,-20.31%,$-0.29B,$2.83B,-9.44%,$-0.37B,$2.06B,-16.66%,$390,$382,$7,$0,$37,$457,$-68,$-91,$-158,$-61,$-97,$-100,$-111,$-41,$-68,$103,103,$-1.08,$-1.08,$299,$208,$0,$759,$1098,$247,$278,$129,$2074,$2833,$375,$490,$112,$892,$1267,$117,$1361,$-54,$1566,$2833,$-238,$80,$35,$115,$-7,$10,$0,$-20,$5,$-91,$-88,$0,$0,$-3,$71,$69,$-2,$-22,$-42,$-16,$-58,$0,$0,$-31,$0,$-89,$-197,$7,$-31
41,2008-06-30,8.38,$15.98,0.52,$15.35,0.55,$-8.01,0.0,$-2.26,0.0,$0.86B,$0.45B,1.92,$0.50B,$1.65B,0.3,$1.59B,0,0.00%,$1.59B,$-0.38B,-24.15%,$1.59B,$-0.38B,-24.15%,$1.59B,$-0.29B,-18.10%,$1.59B,$-0.39B,-24.84%,$1.59B,$-0.25B,-15.51%,$-0.25B,$1.65B,-13.83%,$-0.25B,$1.37B,-16.35%,$-0.25B,$3.03B,-7.75%,$-0.38B,$2.15B,-17.12%,$387,$375,$12,$0,$39,$511,$-124,$-9,$-133,$-57,$-76,$-79,$-81,$-97,$-124,$103,103,$-0.79,$-0.79,$333,$207,$0,$855,$1140,$299,$278,$131,$2171,$3026,$445,$498,$106,$931,$1376,$117,$1472,$-79,$1650,$3026,$-127,$53,$6,$59,$-11,$11,$0,$-2,$-59,$-55,$-76,$0,$0,$-4,$36,$32,$-1,$-45,$-42,$-12,$-53,$0,$0,$-31,$0,$-84,$-183,$5,$-31
42,2008-03-31,8.94,$17.05,0.52,$16.01,0.56,$-8.10,0.0,$-1.69,0.0,$1.03B,$0.49B,2.11,$0.49B,$1.76B,0.28,$1.66B,$0.01B,0.72%,$1.66B,$-0.28B,-16.99%,$1.66B,$-0.28B,-16.99%,$1.66B,$-0.18B,-10.84%,$1.66B,$-0.28B,-17.05%,$1.66B,$-0.19B,-11.33%,$-0.19B,$1.76B,-10.10%,$-0.19B,$1.49B,-11.84%,$-0.19B,$3.16B,-5.76%,$-0.28B,$2.25B,-11.98%,$349,$373,$-23,$0,$40,$435,$-86,$10,$-76,$-36,$-40,$-46,$-46,$-60,$-86,$103,103,$-0.45,$-0.45,$414,$225,$0,$1029,$1078,$325,$274,$129,$2129,$3158,$488,$494,$91,$911,$1399,$117,$1568,$-65,$1759,$3158,$-46,$26,$-1,$25,$-28,$-7,$0,$-4,$-89,$-109,$-37,$0,$0,$-5,$-11,$-16,$-7,$-59,$8,$39,$46,$0,$0,$-15,$0,$31,$-140,$2,$-15
43,2007-12-31,13.15,$17.65,0.75,$16.41,0.8,$-8.24,0.0,$-1.60,0.0,$1.08B,$0.49B,2.2,$0.49B,$1.82B,0.27,$1.71B,$0.04B,2.23%,$1.71B,$-0.27B,-15.65%,$1.71B,$-0.27B,-15.65%,$1.71B,$-0.17B,-9.73%,$1.71B,$-0.27B,-15.89%,$1.71B,$-0.18B,-10.49%,$-0.18B,$1.82B,-9.29%,$-0.18B,$1.55B,-10.83%,$-0.18B,$3.23B,-5.37%,$-0.27B,$2.31B,-10.86%,$377,$392,$-15,$0,$36,$463,$-87,$-10,$-97,$-54,$-43,$-49,$-51,$-71,$-87,$104,104,$-0.50,$-0.50,$532,$212,$0,$1076,$1077,$351,$274,$124,$2153,$3229,$489,$486,$95,$921,$1410,$117,$1630,$-65,$1820,$3229,$-180,$101,$167,$268,$-81,$33,$0,$-12,$-98,$-10,$-316,$0,$0,$-6,$461,$455,$-16,$123,$64,$0,$64,$-21,$-21,$-62,$0,$-20,$94,$7,$-62
44,2007-09-30,16.17,$18.23,0.89,$16.05,1.01,$-5.49,0.0,$-1.47,0.0,$1.32B,$0.35B,3.75,$0.36B,$1.89B,0.19,$1.67B,$0.06B,3.41%,$1.67B,$-0.25B,-14.76%,$1.67B,$-0.25B,-14.76%,$1.67B,$-0.14B,-8.30%,$1.67B,$-0.22B,-13.26%,$1.67B,$-0.15B,-9.14%,$-0.15B,$1.89B,-7.69%,$-0.15B,$1.61B,-8.92%,$-0.15B,$3.29B,-4.52%,$-0.25B,$2.24B,-9.65%,$473,$447,$26,$0,$37,$558,$-86,$-2,$-88,$-38,$-51,$-55,$-68,$-59,$-86,$104,104,$-0.65,$-0.65,$790,$223,$0,$1316,$970,$276,$274,$88,$1975,$3291,$351,$357,$371,$1054,$1406,$117,$1697,$-70,$1885,$3291,$-128,$85,$97,$182,$-31,$22,$0,$-12,$-56,$-5,$-221,$0,$0,$-5,$330,$325,$-12,$92,$17,$37,$54,$-15,$-15,$-47,$0,$-8,$79,$5,$-47
45,2007-06-30,17.87,$18.99,0.94,$16.50,1.08,$-2.61,0.0,$-0.73,0.0,$1.39B,$0.32B,4.31,$0.63B,$1.98B,0.32,$1.73B,$0.10B,5.61%,$1.73B,$-0.16B,-9.38%,$1.73B,$-0.16B,-9.38%,$1.73B,$-0.06B,-3.36%,$1.73B,$-0.12B,-7.00%,$1.73B,$-0.08B,-4.34%,$-0.08B,$1.98B,-3.67%,$-0.08B,$1.71B,-4.23%,$-0.08B,$3.38B,-2.20%,$-0.16B,$2.61B,-6.02%,$461,$438,$24,$0,$38,$484,$-23,$1,$-22,$-11,$-11,$-16,$-23,$10,$-23,$104,104,$-0.22,$-0.22,$902,$232,$0,$1389,$926,$276,$274,$95,$1993,$3382,$323,$631,$104,$1077,$1399,$117,$1780,$-71,$1983,$3382,$-61,$58,$37,$94,$-20,$-1,$0,$-8,$-44,$-10,$-132,$0,$0,$-5,$131,$126,$-9,$-15,$13,$30,$42,$3,$3,$-31,$0,$14,$-10,$3,$-31
46,2007-03-31,18.8,$19.35,0.97,$18.09,1.04,$-0.37,0.0,$0.01,1880.34,$1.44B,$0.30B,4.8,$0.65B,$2.02B,0.32,$1.90B,$0.22B,11.45%,$1.90B,$-0.06B,-3.36%,$1.90B,$-0.06B,-3.36%,$1.90B,$0.04B,2.15%,$1.90B,$-0.02B,-1.26%,$1.90B,$0.00B,0.16%,$0.00B,$2.02B,0.14%,$0.00B,$1.75B,0.17%,$0.00B,$3.43B,0.09%,$-0.06B,$2.67B,-2.34%,$395,$392,$3,$0,$40,$466,$-71,$7,$-64,$-31,$-33,$-36,$-37,$-46,$-71,$104,104,$-0.36,$-0.36,$916,$282,$0,$1443,$908,$292,$274,$85,$1986,$3429,$301,$654,$104,$1110,$1410,$117,$1819,$-71,$2019,$3429,$-37,$26,$5,$30,$-56,$-34,$0,$2,$-97,$-104,$-58,$0,$0,$-6,$156,$151,$-5,$88,$8,$66,$74,$0,$0,$-16,$0,$58,$42,$0,$-16
47,2006-12-31,20.04,$19.84,1.01,$20.68,0.97,$1.29,15.52,$1.16,17.28,$1.50B,$0.26B,5.82,$0.65B,$2.07B,0.31,$2.19B,$0.41B,18.66%,$2.19B,$0.12B,5.62%,$2.19B,$0.12B,5.62%,$2.19B,$0.24B,10.84%,$2.19B,$0.17B,7.68%,$2.19B,$0.12B,5.67%,$0.12B,$2.07B,5.88%,$0.12B,$1.79B,6.76%,$0.12B,$3.43B,3.55%,$0.12B,$2.71B,4.43%,$346,$341,$5,$0,$41,$412,$-67,$19,$-48,$-30,$-18,$-19,$-25,$-44,$-67,$105,106,$-0.22,$-0.23,$1055,$222,$0,$1496,$850,$253,$274,$79,$1932,$3429,$257,$645,$96,$1104,$1361,$117,$1870,$-72,$2067,$3429,$124,$113,$-20,$93,$-21,$-10,$0,$-11,$-33,$192,$-232,$0,$0,$-9,$-91,$-100,$85,$-248,$-183,$0,$-183,$-36,$-36,$-63,$4,$-279,$-334,$6,$-63
