,Date,Stock Price,Book Value per Share,Price to Book Ratio,TTM Sales per Share,Price to Sales Ratio,TTM FCF per Share,Price to FCF Ratio,TTM Net EPS,PE Ratio,Current Assets,Current Liabilities,Current Ratio,Long Term Debt,Shareholder's Equity_x,Debt to Equity Ratio,TTM Revenue_x,TTM Gross Profit,Gross Margin,TTM Revenue_y,TTM Operating Income,Operating Margin,TTM Revenue_x,TTM EBIT,EBIT Margin,TTM Revenue_y,TTM EBITDA,EBITDA Margin,TTM Revenue_x,TTM Pre-Tax Income,Pre-Tax Margin,TTM Revenue_y,TTM Net Income_x,Net Margin,TTM Net Income_y,Shareholder's Equity_y,Return on Equity,TTM Net Income_x,Tangible Equity,Return on Tangible Equity,TTM Net Income_y,Total Assets,Return on Assets,TTM Net Income,LT Investments & Debt,Return on Investment,revenue,cost-goods-sold,gross-profit,research-development-expenses,selling-general-administrative-expenses,operating-expenses,operating-income,total-non-operating-income-expense,pre-tax-income,total-provision-income-taxes,income-after-taxes,income-from-continuous-operations,net-income,ebitda,ebit,basic-shares-outstanding,shares-outstanding,eps-basic-net-earnings-per-share,eps-earnings-per-share-diluted,cash-on-hand,inventory,other-current-assets,total-current-assets,net-property-plant-equipment,long-term-investments,goodwill-intangible-assets-total,other-long-term-assets,total-long-term-assets,total-assets,total-current-liabilities,long-term-debt,other-non-current-liabilities,total-long-term-liabilities,total-liabilities,common-stock-net,retained-earnings-accumulated-deficit,comprehensive-income,total-share-holder-equity,total-liabilities-share-holders-equity,net-income-loss,total-depreciation-amortization-cash-flow,other-non-cash-items,total-non-cash-items,change-in-accounts-receivable,change-in-inventories,change-in-accounts-payable,change-in-assets-liabilities,total-change-in-assets-liabilities,cash-flow-from-operating-activities,net-change-in-property-plant-equipment,net-change-in-intangible-assets,net-acquisitions-divestitures,net-change-in-short-term-investments,net-change-in-long-term-investments,net-change-in-investments-total,investing-activities-other,cash-flow-from-investing-activities,net-long-term-debt,net-current-debt,debt-issuance-retirement-net-total,net-common-equity-issued-repurchased,net-total-equity-issued-repurchased,total-common-preferred-stock-dividends-paid,financial-activities-other,cash-flow-from-financial-activities,net-cash-flow,stock-based-compensation,common-stock-dividends-paid
0,2018-06-30,6.55,$3.90,1.68,$7.33,0.89,$-1.01,0.0,$-0.78,0.0,$0.12B,$0.07B,1.85,$0.00B,$0.13B,0.0,$0.23B,$0.13B,54.94%,$0.23B,$-0.03B,-12.88%,$0.23B,$-0.03B,-12.88%,$0.23B,$-0.02B,-10.30%,$0.23B,$-0.03B,-12.02%,$0.23B,$-0.03B,-10.73%,$-0.03B,$0.13B,-19.27%,$-0.03B,$0.08B,-29.76%,$-0.03B,$0.20B,-12.24%,$-0.03B,$0.13B,-23.12%,$51,$19,$31,$0,$33,$54,$-3,$0,$-3,$1,$-4,$-4,$-4,$-2,$-3,$32,32,$-0.12,$-0.12,$93,$13,$0,$121,$16,$0,$46,$14,$76,$197,$66,$0,$0,$6,$72,$0,$-99,$-7,$125,$197,$-11,$3,$1,$5,$6,$6,$3,$5,$8,$2,$-2,$-0,$0,$-10,$0,$-10,$0,$-12,$0,$0,$0,$0,$0,$0,$0,$0,$-11,$4,$0
1,2018-03-31,6.5,$4.01,1.62,$7.83,0.83,$-1.65,0.0,$-0.93,0.0,$0.13B,$0.07B,1.91,$0.00B,$0.13B,0.0,$0.25B,$0.13B,53.23%,$0.25B,$-0.04B,-14.52%,$0.25B,$-0.04B,-14.52%,$0.25B,$-0.03B,-11.69%,$0.25B,$-0.03B,-13.71%,$0.25B,$-0.03B,-12.10%,$-0.03B,$0.13B,-22.30%,$-0.03B,$0.08B,-33.99%,$-0.03B,$0.20B,-14.08%,$-0.04B,$0.13B,-26.77%,$60,$29,$31,$0,$35,$66,$-6,$0,$-5,$0,$-6,$-6,$-6,$-4,$-6,$32,32,$-0.18,$-0.18,$100,$10,$0,$125,$16,$0,$46,$12,$75,$200,$65,$0,$0,$7,$72,$0,$-95,$-6,$128,$200,$-7,$2,$-1,$2,$5,$9,$6,$3,$12,$7,$-1,$-0,$0,$0,$0,$0,$0,$-1,$0,$0,$0,$0,$0,$0,$0,$0,$5,$3,$0
2,2017-12-31,4.85,$4.16,1.17,$8.26,0.59,$-2.41,0.0,$-1.01,0.0,$0.13B,$0.07B,1.96,$0.00B,$0.13B,0.0,$0.26B,$0.14B,53.46%,$0.26B,$-0.04B,-14.62%,$0.26B,$-0.04B,-14.62%,$0.26B,$-0.03B,-12.31%,$0.26B,$-0.04B,-14.23%,$0.26B,$-0.03B,-12.31%,$-0.03B,$0.13B,-22.86%,$-0.03B,$0.09B,-34.22%,$-0.03B,$0.21B,-14.35%,$-0.04B,$0.13B,-27.14%,$61,$28,$34,$0,$37,$68,$-6,$0,$-6,$-5,$-1,$-1,$-1,$-5,$-6,$32,32,$-0.04,$-0.04,$97,$17,$0,$129,$17,$0,$46,$13,$76,$205,$66,$0,$0,$7,$72,$0,$-90,$-6,$133,$205,$-1,$1,$-2,$-1,$4,$2,$-2,$5,$6,$3,$-1,$-0,$0,$0,$0,$0,$0,$-1,$0,$0,$0,$0,$0,$0,$0,$0,$2,$1,$0
3,2017-09-30,5.9,$4.21,1.4,$8.61,0.69,$-2.73,0.0,$-1.24,0.0,$0.14B,$0.07B,1.96,$0.00B,$0.13B,0.0,$0.27B,$0.14B,53.33%,$0.27B,$-0.04B,-14.81%,$0.27B,$-0.04B,-14.81%,$0.27B,$-0.03B,-12.59%,$0.27B,$-0.04B,-14.44%,$0.27B,$-0.04B,-14.44%,$-0.04B,$0.13B,-26.44%,$-0.04B,$0.09B,-38.81%,$-0.04B,$0.22B,-16.47%,$-0.04B,$0.13B,-27.12%,$61,$29,$32,$0,$42,$76,$-15,$0,$-14,$-1,$-14,$-14,$-14,$-13,$-15,$31,31,$-0.45,$-0.45,$94,$21,$0,$139,$17,$0,$46,$13,$76,$215,$71,$0,$0,$12,$83,$0,$-88,$-6,$133,$215,$-39,$6,$19,$25,$-2,$-4,$3,$-1,$-17,$-32,$-8,$-0,$0,$0,$0,$0,$0,$-8,$0,$0,$0,$0,$0,$0,$-1,$-1,$-40,$7,$0
4,2017-06-30,6.35,$4.56,1.39,$9.21,0.69,$-0.17,0.0,$-2.55,0.0,$0.16B,$0.08B,2.0,$0.00B,$0.14B,0.0,$0.29B,$0.15B,53.13%,$0.29B,$-0.05B,-17.36%,$0.29B,$-0.05B,-17.36%,$0.29B,$-0.05B,-15.63%,$0.29B,$-0.05B,-17.01%,$0.29B,$-0.08B,-27.43%,$-0.08B,$0.14B,-50.97%,$-0.08B,$0.10B,-73.49%,$-0.08B,$0.23B,-31.85%,$-0.05B,$0.14B,-32.26%,$66,$30,$35,$0,$42,$74,$-9,$0,$-9,$0,$-9,$-9,$-9,$-7,$-9,$31,31,$-0.27,$-0.27,$114,$19,$0,$155,$17,$0,$47,$13,$77,$232,$77,$0,$0,$11,$88,$0,$-74,$-9,$144,$232,$-25,$4,$14,$18,$-1,$1,$2,$5,$-7,$-14,$-6,$-0,$0,$0,$0,$0,$0,$-6,$0,$0,$0,$0,$0,$0,$0,$0,$-21,$5,$0
5,2017-03-31,8.0,$4.77,1.68,$9.91,0.81,$1.59,5.04,$-2.28,0.0,$0.16B,$0.08B,2.07,$0.00B,$0.15B,0.0,$0.31B,$0.16B,53.42%,$0.31B,$-0.04B,-13.36%,$0.31B,$-0.04B,-13.36%,$0.31B,$-0.04B,-11.73%,$0.31B,$-0.04B,-13.03%,$0.31B,$-0.07B,-22.80%,$-0.07B,$0.15B,-40.35%,$-0.07B,$0.10B,-57.85%,$-0.07B,$0.24B,-26.52%,$-0.04B,$0.15B,-23.63%,$72,$35,$38,$0,$43,$81,$-8,$0,$-8,$-0,$-8,$-8,$-8,$-7,$-8,$31,31,$-0.26,$-0.26,$116,$22,$0,$164,$16,$0,$47,$12,$76,$240,$79,$0,$0,$11,$90,$0,$-66,$-9,$150,$240,$-17,$3,$8,$11,$-2,$0,$3,$1,$-8,$-14,$-4,$-0,$0,$0,$0,$0,$0,$-4,$0,$0,$0,$0,$0,$0,$0,$0,$-18,$4,$0
6,2016-12-31,9.75,$5.29,1.84,$10.44,0.93,$2.89,3.38,$-2.05,0.0,$0.19B,$0.09B,2.16,$0.00B,$0.16B,0.0,$0.32B,$0.17B,53.73%,$0.32B,$-0.04B,-10.87%,$0.32B,$-0.04B,-10.87%,$0.32B,$-0.03B,-9.01%,$0.32B,$-0.03B,-10.25%,$0.32B,$-0.06B,-19.57%,$-0.06B,$0.16B,-33.16%,$-0.06B,$0.12B,-47.64%,$-0.06B,$0.26B,-22.85%,$-0.04B,$0.16B,-18.42%,$71,$32,$39,$0,$46,$79,$-8,$-0,$-8,$0,$-8,$-8,$-8,$-7,$-8,$31,31,$-0.27,$-0.27,$135,$28,$0,$185,$14,$0,$48,$12,$75,$260,$85,$0,$0,$12,$97,$0,$-49,$-9,$163,$260,$-8,$1,$2,$4,$-0,$0,$-1,$3,$-0,$-5,$-2,$-0,$0,$0,$0,$0,$0,$-2,$0,$0,$0,$0,$0,$0,$0,$0,$-8,$3,$0
7,2016-09-30,11.24,$5.29,2.13,$10.34,1.09,$2.80,4.01,$-1.95,0.0,$0.19B,$0.09B,2.16,$0.00B,$0.16B,0.0,$0.32B,$0.17B,54.57%,$0.32B,$-0.03B,-10.73%,$0.32B,$-0.03B,-10.73%,$0.32B,$-0.03B,-8.83%,$0.32B,$-0.03B,-10.09%,$0.32B,$-0.06B,-18.93%,$-0.06B,$0.16B,-29.67%,$-0.06B,$0.12B,-42.93%,$-0.06B,$0.26B,-21.31%,$-0.03B,$0.16B,-16.81%,$79,$37,$41,$0,$54,$104,$-25,$1,$-24,$29,$-54,$-54,$-54,$-24,$-25,$31,31,$-1.76,$-1.76,$135,$28,$0,$185,$14,$0,$48,$12,$75,$260,$85,$0,$0,$12,$97,$0,$-49,$-9,$163,$260,$-60,$7,$61,$67,$-4,$-5,$0,$30,$39,$46,$-6,$-0,$0,$0,$0,$0,$0,$-6,$0,$0,$0,$0,$0,$0,$-0,$-0,$39,$12,$0
8,2016-06-30,7.84,$7.10,1.1,$10.42,0.75,$2.71,2.89,$-1.66,0.0,$0.19B,$0.07B,2.49,$0.00B,$0.22B,0.0,$0.32B,$0.18B,56.15%,$0.32B,$-0.07B,-22.71%,$0.32B,$-0.07B,-22.71%,$0.32B,$-0.07B,-20.50%,$0.32B,$-0.07B,-22.40%,$0.32B,$-0.05B,-15.77%,$-0.05B,$0.22B,-23.20%,$-0.05B,$0.15B,-33.78%,$-0.05B,$0.30B,-17.33%,$-0.07B,$0.22B,-33.41%,$85,$39,$46,$0,$42,$85,$0,$-0,$-0,$-0,$-0,$-0,$-0,$2,$0,$31,31,$0.00,$0.00,$130,$26,$0,$185,$14,$0,$67,$15,$111,$296,$74,$0,$3,$3,$78,$0,$5,$-5,$218,$296,$-6,$5,$8,$13,$-3,$-2,$-1,$30,$32,$39,$-5,$-0,$0,$0,$0,$0,$0,$-5,$0,$0,$0,$0,$0,$0,$-0,$-0,$34,$8,$0
9,2016-03-31,5.18,$7.04,0.74,$10.63,0.49,$2.74,1.89,$-1.61,0.0,$0.18B,$0.07B,2.59,$0.00B,$0.22B,0.0,$0.32B,$0.19B,57.76%,$0.32B,$-0.07B,-22.36%,$0.32B,$-0.07B,-22.36%,$0.32B,$-0.16B,-50.00%,$0.32B,$-0.07B,-22.05%,$0.32B,$-0.05B,-14.91%,$-0.05B,$0.22B,-21.19%,$-0.05B,$0.15B,-33.28%,$-0.05B,$0.29B,-15.99%,$-0.07B,$0.22B,-31.79%,$87,$40,$47,$0,$44,$88,$-2,$0,$-1,$-0,$-1,$-1,$-1,$0,$-2,$31,31,$-0.03,$-0.03,$118,$32,$0,$177,$13,$0,$68,$15,$110,$287,$68,$0,$0,$3,$71,$0,$5,$-5,$216,$287,$-6,$3,$4,$8,$-1,$-8,$-1,$30,$23,$25,$-3,$-0,$0,$0,$0,$0,$0,$-3,$0,$0,$0,$0,$0,$0,$-0,$-0,$22,$5,$0
10,2015-12-31,6.5,$6.95,0.93,$11.23,0.58,$2.82,2.3,$-1.53,0.0,$0.18B,$0.07B,2.68,$0.00B,$0.21B,0.0,$0.34B,$0.20B,58.88%,$0.34B,$-0.07B,-19.53%,$0.34B,$-0.07B,-19.53%,$0.34B,$-0.16B,-45.86%,$0.34B,$-0.07B,-19.53%,$0.34B,$-0.05B,-13.61%,$-0.05B,$0.21B,-19.43%,$-0.05B,$0.15B,-32.86%,$-0.05B,$0.28B,-14.64%,$-0.07B,$0.21B,-27.88%,$66,$27,$39,$0,$42,$73,$-7,$0,$-7,$-2,$-5,$-5,$-5,$-6,$-7,$30,30,$-0.17,$-0.17,$85,$27,$0,$180,$13,$0,$67,$14,$103,$283,$67,$0,$3,$3,$70,$0,$6,$-6,$212,$283,$-5,$2,$4,$5,$0,$-3,$1,$-4,$-9,$-8,$-1,$-0,$0,$0,$0,$0,$0,$-1,$0,$0,$0,$0,$0,$0,$-0,$-0,$-10,$2,$0
11,2015-09-30,7.39,$7.19,1.03,$13.25,0.56,$3.52,2.1,$-3.50,0.0,$0.19B,$0.07B,2.72,$0.00B,$0.22B,0.0,$0.40B,$0.23B,58.19%,$0.40B,$-0.14B,-36.27%,$0.40B,$-0.14B,-36.27%,$0.40B,$-0.14B,-34.01%,$0.40B,$-0.14B,-36.27%,$0.40B,$-0.11B,-26.45%,$-0.11B,$0.22B,-42.47%,$-0.11B,$0.15B,-77.49%,$-0.11B,$0.29B,-31.60%,$-0.14B,$0.22B,-58.24%,$79,$33,$46,$0,$71,$142,$-63,$-0,$-63,$-19,$-44,$-44,$-44,$-61,$-63,$30,30,$-1.46,$-1.46,$95,$26,$0,$188,$13,$0,$68,$13,$100,$288,$69,$0,$0,$3,$72,$0,$11,$-6,$216,$288,$-105,$9,$162,$171,$13,$43,$-5,$-55,$-23,$43,$-7,$-0,$-2,$0,$0,$0,$0,$-10,$0,$0,$0,$0,$0,$0,$-0,$0,$33,$12,$0
12,2015-06-30,9.63,$8.72,1.1,$14.38,0.67,$2.45,3.92,$-2.06,0.0,$0.17B,$0.07B,2.34,$0.00B,$0.26B,0.0,$0.44B,$0.25B,56.88%,$0.44B,$-0.08B,-18.35%,$0.44B,$-0.08B,-18.35%,$0.44B,$-0.07B,-16.06%,$0.44B,$-0.08B,-18.58%,$0.44B,$-0.06B,-14.22%,$-0.06B,$0.26B,-22.75%,$-0.06B,$0.14B,-51.24%,$-0.06B,$0.34B,-16.84%,$-0.08B,$0.26B,-29.36%,$90,$36,$54,$0,$46,$90,$-0,$-0,$-0,$-2,$2,$2,$2,$-94,$-0,$30,30,$0.05,$0.05,$96,$41,$0,$173,$13,$0,$126,$2,$169,$343,$74,$0,$0,$7,$81,$0,$55,$-6,$262,$343,$-61,$7,$80,$87,$10,$42,$1,$-19,$14,$40,$-5,$-0,$0,$0,$0,$0,$0,$-5,$0,$0,$0,$0,$0,$0,$-0,$0,$34,$9,$0
13,2015-03-31,9.88,$8.56,1.15,$15.49,0.64,$1.27,7.78,$-1.52,0.0,$0.17B,$0.08B,2.18,$0.00B,$0.26B,0.0,$0.47B,$0.27B,56.24%,$0.47B,$-0.05B,-10.78%,$0.47B,$-0.05B,-10.78%,$0.47B,$0.06B,12.05%,$0.47B,$-0.05B,-11.21%,$0.47B,$-0.05B,-9.73%,$-0.05B,$0.26B,-16.06%,$-0.05B,$0.13B,-42.40%,$-0.05B,$0.34B,-11.86%,$-0.05B,$0.26B,-17.80%,$103,$43,$60,$0,$47,$99,$4,$-0,$4,$2,$1,$1,$1,$6,$4,$30,30,$0.05,$0.05,$86,$52,$0,$173,$14,$0,$126,$2,$170,$343,$80,$0,$0,$7,$86,$0,$53,$-7,$257,$343,$-63,$101,$-18,$83,$6,$29,$-0,$-10,$8,$29,$-5,$-0,$0,$0,$0,$0,$0,$-5,$0,$0,$0,$0,$0,$0,$0,$0,$24,$5,$0
14,2014-12-31,8.17,$8.47,0.96,$16.03,0.51,$0.60,13.57,$-1.40,0.0,$0.19B,$0.09B,1.98,$0.00B,$0.25B,0.0,$0.50B,$0.28B,56.22%,$0.50B,$-0.05B,-9.24%,$0.50B,$-0.05B,-9.24%,$0.50B,$0.07B,13.05%,$0.50B,$-0.05B,-9.64%,$0.50B,$-0.04B,-8.23%,$-0.04B,$0.25B,-13.41%,$-0.04B,$0.13B,-40.59%,$-0.04B,$0.36B,-9.72%,$-0.05B,$0.25B,-15.04%,$125,$54,$71,$0,$47,$210,$-85,$-0,$-85,$-21,$-64,$-64,$-64,$14,$-85,$30,30,$-2.14,$-2.14,$74,$63,$0,$186,$12,$0,$127,$2,$169,$355,$94,$0,$8,$8,$102,$0,$52,$-5,$254,$355,$-64,$99,$-20,$80,$1,$8,$-1,$-4,$-3,$13,$-2,$-0,$0,$0,$0,$0,$0,$-2,$0,$0,$0,$0,$0,$0,$0,$0,$12,$3,$0
15,2014-09-30,13.75,$10.68,1.29,$15.58,0.88,$0.29,47.63,$0.96,14.32,$0.19B,$0.11B,1.73,$0.00B,$0.32B,0.0,$0.50B,$0.28B,57.17%,$0.50B,$0.05B,10.30%,$0.50B,$0.05B,10.30%,$0.50B,$0.07B,13.54%,$0.50B,$0.05B,9.90%,$0.50B,$0.03B,6.06%,$0.03B,$0.32B,9.25%,$0.03B,$0.09B,32.52%,$0.03B,$0.43B,6.78%,$0.05B,$0.32B,15.73%,$118,$55,$63,$0,$51,$118,$1,$-0,$0,$1,$-1,$-1,$-1,$4,$1,$31,31,$-0.01,$-0.01,$63,$78,$0,$185,$12,$0,$227,$2,$247,$432,$107,$0,$0,$8,$115,$0,$116,$-3,$317,$432,$30,$17,$-8,$8,$2,$-49,$-1,$11,$-27,$12,$-8,$0,$-0,$0,$0,$0,$0,$-8,$0,$0,$0,$-41,$-41,$0,$4,$-37,$-33,$13,$0
16,2014-06-30,15.76,$10.74,1.47,$15.76,1.0,$1.42,11.14,$1.30,12.12,$0.17B,$0.10B,1.67,$0.00B,$0.32B,0.0,$0.51B,$0.30B,58.70%,$0.51B,$0.07B,13.24%,$0.51B,$0.07B,13.24%,$0.51B,$0.09B,16.80%,$0.51B,$0.07B,13.04%,$0.51B,$0.04B,8.10%,$0.04B,$0.32B,12.66%,$0.04B,$0.09B,46.33%,$0.04B,$0.42B,9.33%,$0.07B,$0.32B,20.69%,$127,$55,$72,$0,$50,$98,$29,$-0,$28,$10,$18,$18,$18,$33,$29,$31,31,$0.59,$0.59,$57,$69,$0,$170,$13,$0,$232,$7,$252,$422,$102,$0,$0,$2,$103,$0,$139,$1,$318,$422,$31,$13,$-12,$1,$-0,$-40,$-1,$-1,$-27,$5,$-6,$-0,$0,$0,$0,$0,$0,$-7,$0,$0,$0,$-41,$-41,$0,$4,$-37,$-38,$10,$0
17,2014-03-31,26.05,$10.36,2.51,$15.48,1.68,$1.86,14.03,$1.06,24.58,$0.23B,$0.12B,1.83,$0.00B,$0.33B,0.0,$0.50B,$0.30B,59.44%,$0.50B,$0.06B,11.33%,$0.50B,$0.06B,11.33%,$0.50B,$0.08B,14.91%,$0.50B,$0.06B,11.33%,$0.50B,$0.03B,6.76%,$0.03B,$0.33B,10.69%,$0.03B,$0.10B,42.24%,$0.03B,$0.48B,7.85%,$0.06B,$0.33B,17.92%,$128,$54,$74,$0,$52,$119,$9,$-0,$9,$4,$6,$6,$6,$14,$9,$32,32,$0.17,$0.17,$102,$72,$0,$226,$12,$0,$233,$7,$253,$478,$123,$0,$19,$21,$144,$0,$120,$-2,$334,$478,$13,$9,$4,$12,$-3,$-43,$5,$-5,$-16,$9,$-5,$0,$0,$0,$0,$0,$0,$-5,$0,$0,$0,$-1,$-1,$0,$3,$2,$7,$7,$0
18,2013-12-31,22.66,$10.20,2.22,$15.54,1.46,$1.97,11.48,$1.28,17.7,$0.18B,$0.09B,2.09,$0.00B,$0.33B,0.0,$0.51B,$0.31B,60.40%,$0.51B,$0.07B,13.86%,$0.51B,$0.07B,13.86%,$0.51B,$0.09B,17.23%,$0.51B,$0.07B,13.86%,$0.51B,$0.04B,8.12%,$0.04B,$0.33B,13.46%,$0.04B,$0.09B,63.81%,$0.04B,$0.44B,9.97%,$0.07B,$0.33B,22.99%,$122,$48,$74,$0,$48,$110,$12,$-0,$12,$5,$7,$7,$7,$16,$12,$32,33,$0.22,$0.22,$101,$36,$0,$181,$12,$0,$237,$7,$255,$437,$87,$0,$18,$21,$108,$0,$115,$-0,$328,$437,$7,$4,$1,$5,$-4,$-7,$4,$2,$-8,$5,$-3,$0,$0,$0,$0,$0,$0,$-3,$0,$0,$0,$0,$0,$0,$3,$3,$6,$4,$0
19,2013-09-30,33.5,$9.90,3.38,$15.50,2.16,$1.84,18.19,$1.26,26.59,$0.16B,$0.09B,1.93,$0.00B,$0.32B,0.0,$0.51B,$0.31B,60.59%,$0.51B,$0.07B,13.47%,$0.51B,$0.07B,13.47%,$0.51B,$0.09B,16.83%,$0.51B,$0.07B,13.66%,$0.51B,$0.04B,8.12%,$0.04B,$0.32B,14.19%,$0.04B,$0.08B,90.61%,$0.04B,$0.42B,10.33%,$0.07B,$0.32B,23.53%,$129,$52,$77,$0,$46,$112,$17,$-0,$17,$7,$10,$10,$10,$22,$17,$32,33,$0.33,$0.32,$95,$29,$0,$164,$10,$0,$240,$7,$257,$421,$85,$0,$21,$21,$106,$0,$107,$1,$315,$421,$41,$17,$1,$18,$-7,$-7,$7,$-2,$-13,$47,$-5,$-15,$0,$0,$0,$0,$0,$-20,$-39,$0,$-39,$3,$3,$0,$0,$-36,$-10,$13,$0
20,2013-06-30,34.67,$9.31,3.73,$15.27,2.27,$1.96,17.68,$1.11,31.23,$0.14B,$0.07B,1.87,$0.00B,$0.30B,0.0,$0.50B,$0.30B,60.44%,$0.50B,$0.06B,12.05%,$0.50B,$0.06B,12.05%,$0.50B,$0.08B,15.06%,$0.50B,$0.06B,12.05%,$0.50B,$0.04B,7.43%,$0.04B,$0.30B,13.57%,$0.04B,$0.05B,108.82%,$0.04B,$0.40B,9.44%,$0.06B,$0.30B,21.37%,$124,$50,$74,$0,$42,$105,$19,$-0,$19,$8,$11,$11,$11,$23,$19,$32,33,$0.36,$0.35,$63,$28,$0,$137,$10,$0,$240,$8,$258,$396,$73,$0,$18,$28,$101,$0,$97,$-2,$295,$396,$31,$13,$7,$20,$-6,$-6,$2,$-15,$-34,$17,$-4,$-15,$0,$0,$0,$0,$0,$-19,$-39,$0,$-39,$1,$1,$0,$-2,$-40,$-41,$10,$0
21,2013-03-31,29.81,$8.88,3.36,$15.11,1.97,$2.66,11.2,$1.21,24.64,$0.13B,$0.08B,1.56,$0.00B,$0.28B,0.0,$0.50B,$0.30B,60.40%,$0.50B,$0.07B,13.33%,$0.50B,$0.07B,13.33%,$0.50B,$0.08B,16.36%,$0.50B,$0.07B,13.33%,$0.50B,$0.04B,8.28%,$0.04B,$0.28B,15.88%,$0.04B,$0.04B,120.59%,$0.04B,$0.39B,10.85%,$0.07B,$0.28B,24.07%,$130,$50,$80,$0,$44,$109,$22,$-0,$22,$9,$13,$13,$13,$26,$22,$32,32,$0.40,$0.39,$57,$25,$0,$129,$10,$0,$244,$8,$262,$391,$83,$0,$18,$28,$110,$0,$86,$-1,$280,$391,$19,$9,$0,$9,$-2,$-4,$1,$-7,$-18,$10,$-3,$-15,$0,$0,$0,$0,$0,$-17,$-39,$0,$-39,$1,$1,$0,$-3,$-41,$-48,$7,$0
22,2012-12-31,40.86,$8.45,4.84,$14.92,2.74,$3.53,11.57,$1.39,29.4,$0.11B,$0.09B,1.3,$0.00B,$0.27B,0.0,$0.49B,$0.29B,59.06%,$0.49B,$0.08B,15.48%,$0.49B,$0.08B,15.48%,$0.49B,$0.09B,18.33%,$0.49B,$0.08B,15.27%,$0.49B,$0.05B,9.57%,$0.05B,$0.27B,18.97%,$0.05B,$0.02B,122.88%,$0.05B,$0.38B,12.76%,$0.08B,$0.27B,27.97%,$122,$47,$75,$0,$47,$112,$10,$1,$11,$4,$7,$7,$7,$14,$10,$31,33,$0.21,$0.20,$46,$22,$0,$112,$11,$0,$250,$8,$269,$380,$86,$0,$18,$28,$114,$0,$73,$1,$266,$380,$7,$4,$-2,$2,$-3,$-1,$1,$-1,$-9,$-0,$-2,$-15,$0,$0,$0,$0,$0,$-17,$-39,$0,$-39,$0,$0,$0,$-3,$-42,$-59,$4,$0
23,2012-09-30,50.21,$8.03,6.25,$14.49,3.46,$3.94,12.76,$1.47,34.16,$0.16B,$0.11B,1.49,$0.03B,$0.25B,0.13,$0.48B,$0.28B,58.53%,$0.48B,$0.08B,17.26%,$0.48B,$0.08B,17.26%,$0.48B,$0.10B,20.21%,$0.48B,$0.08B,16.84%,$0.48B,$0.05B,10.32%,$0.05B,$0.25B,21.03%,$0.05B,$0.03B,125.64%,$0.05B,$0.40B,13.84%,$0.08B,$0.28B,30.94%,$122,$51,$72,$0,$43,$114,$9,$-1,$8,$3,$6,$6,$6,$12,$9,$31,33,$0.18,$0.17,$105,$21,$0,$163,$10,$0,$220,$7,$238,$400,$109,$32,$0,$41,$150,$0,$66,$1,$250,$400,$48,$14,$-7,$7,$-2,$-0,$-8,$14,$-4,$52,$-7,$0,$-72,$0,$0,$0,$0,$-79,$0,$0,$0,$-15,$-15,$0,$17,$2,$-24,$12,$0
24,2012-06-30,51.18,$7.64,6.7,$13.49,3.79,$3.76,13.62,$1.40,36.56,$0.14B,$0.07B,2.1,$0.03B,$0.24B,0.14,$0.43B,$0.26B,60.19%,$0.43B,$0.08B,19.21%,$0.43B,$0.08B,19.21%,$0.43B,$0.10B,21.99%,$0.43B,$0.08B,18.75%,$0.43B,$0.05B,10.65%,$0.05B,$0.24B,21.83%,$0.05B,$0.05B,75.41%,$0.05B,$0.34B,14.79%,$0.08B,$0.27B,35.36%,$121,$49,$72,$0,$32,$96,$25,$-1,$25,$10,$15,$15,$15,$29,$25,$31,33,$0.48,$0.45,$85,$26,$0,$144,$7,$0,$183,$6,$195,$340,$69,$32,$0,$34,$103,$0,$101,$0,$237,$340,$43,$11,$-8,$3,$-1,$-5,$-6,$-1,$-7,$39,$-3,$-80,$0,$0,$0,$0,$0,$-83,$0,$0,$0,$-16,$-16,$0,$15,$-1,$-44,$9,$0
25,2012-03-31,44.8,$7.66,5.84,$12.66,3.54,$4.55,9.86,$0.91,49.23,$0.16B,$0.08B,1.92,$0.03B,$0.24B,0.13,$0.39B,$0.24B,60.91%,$0.39B,$0.07B,17.77%,$0.39B,$0.07B,17.77%,$0.39B,$0.08B,20.30%,$0.39B,$0.07B,17.26%,$0.39B,$0.03B,7.61%,$0.03B,$0.24B,16.09%,$0.03B,$0.05B,41.96%,$0.03B,$0.35B,10.89%,$0.07B,$0.27B,34.57%,$126,$55,$71,$0,$31,$94,$32,$-1,$31,$13,$19,$19,$19,$35,$32,$31,33,$0.61,$0.57,$105,$24,$0,$155,$8,$0,$185,$6,$198,$353,$81,$32,$0,$34,$115,$0,$86,$0,$238,$353,$28,$7,$-4,$3,$-1,$-2,$4,$4,$8,$39,$-2,$-80,$0,$0,$0,$0,$0,$-82,$0,$0,$0,$10,$10,$0,$9,$19,$-24,$5,$0
26,2011-12-31,36.9,$6.76,5.46,$12.01,3.07,$3.91,9.45,$0.52,70.96,$0.12B,$0.07B,1.72,$0.03B,$0.21B,0.16,$0.36B,$0.22B,61.62%,$0.36B,$0.05B,13.73%,$0.36B,$0.05B,13.73%,$0.36B,$0.06B,16.25%,$0.36B,$0.05B,13.45%,$0.36B,$0.02B,4.48%,$0.02B,$0.21B,10.03%,$0.02B,$0.02B,20.00%,$0.02B,$0.32B,6.82%,$0.05B,$0.24B,29.25%,$106,$43,$63,$0,$30,$90,$16,$-1,$16,$7,$9,$9,$9,$20,$16,$30,32,$0.30,$0.28,$69,$24,$0,$122,$8,$0,$187,$6,$201,$323,$71,$32,$11,$45,$116,$0,$67,$0,$207,$323,$9,$4,$-3,$1,$2,$-3,$-2,$11,$2,$12,$-1,$-80,$0,$0,$0,$0,$0,$-81,$0,$0,$0,$4,$4,$0,$5,$9,$-60,$3,$0
27,2011-09-30,32.07,$5.56,5.77,$11.41,2.81,$3.73,8.59,$0.29,110.59,$0.17B,$0.06B,2.88,$0.00B,$0.16B,0.0,$0.33B,$0.20B,61.96%,$0.33B,$0.04B,11.35%,$0.33B,$0.04B,11.35%,$0.33B,$0.04B,13.19%,$0.33B,$0.04B,11.04%,$0.33B,$0.01B,2.45%,$0.01B,$0.16B,5.85%,$0.01B,$0.12B,8.56%,$0.01B,$0.23B,4.06%,$0.04B,$0.16B,27.06%,$79,$25,$54,$0,$26,$70,$10,$-0,$9,$3,$6,$6,$3,$11,$10,$28,29,$0.11,$0.10,$129,$15,$0,$171,$7,$0,$44,$6,$57,$228,$60,$0,$5,$7,$66,$0,$58,$0,$161,$228,$9,$6,$14,$20,$-2,$-0,$2,$13,$11,$40,$-5,$-9,$0,$34,$0,$34,$0,$20,$0,$0,$0,$20,$20,$0,$7,$27,$86,$9,$0
28,2011-06-30,23.61,$4.99,4.73,$10.84,2.18,$3.56,6.63,$0.28,84.32,$0.14B,$0.05B,2.75,$0.00B,$0.14B,0.0,$0.31B,$0.19B,61.44%,$0.31B,$0.04B,11.76%,$0.31B,$0.04B,11.76%,$0.31B,$0.04B,13.40%,$0.31B,$0.04B,11.44%,$0.31B,$0.01B,2.61%,$0.01B,$0.14B,6.43%,$0.01B,$0.10B,9.44%,$0.01B,$0.20B,4.41%,$0.04B,$0.14B,28.92%,$83,$32,$52,$0,$25,$71,$12,$-0,$12,$6,$7,$7,$-1,$14,$12,$28,29,$-0.04,$-0.04,$104,$15,$0,$140,$8,$0,$44,$6,$58,$198,$51,$0,$5,$7,$58,$0,$55,$-1,$140,$198,$5,$4,$14,$18,$-4,$1,$0,$13,$5,$29,$27,$0,$-9,$-9,$0,$-9,$0,$9,$0,$0,$0,$10,$10,$0,$2,$12,$50,$7,$0
29,2011-03-31,17.86,$4.50,3.97,$10.67,1.67,$2.45,7.28,$0.43,41.53,$0.13B,$0.06B,2.3,$0.00B,$0.13B,0.0,$0.30B,$0.18B,60.14%,$0.30B,$0.03B,10.47%,$0.30B,$0.03B,10.47%,$0.30B,$0.04B,11.82%,$0.30B,$0.03B,10.14%,$0.30B,$0.01B,4.05%,$0.01B,$0.13B,10.34%,$0.01B,$0.09B,15.64%,$0.01B,$0.19B,7.04%,$0.03B,$0.13B,26.72%,$89,$38,$51,$0,$26,$78,$11,$-0,$11,$5,$6,$6,$5,$13,$11,$27,28,$0.19,$0.18,$96,$19,$0,$134,$8,$0,$42,$6,$56,$190,$58,$0,$0,$2,$60,$0,$56,$-4,$130,$190,$6,$3,$4,$7,$-3,$-2,$-1,$12,$3,$16,$-3,$-0,$0,$21,$0,$21,$0,$18,$0,$0,$0,$4,$4,$0,$1,$6,$40,$5,$0
30,2010-12-31,14.05,$4.27,3.29,$10.27,1.37,$2.48,5.67,$0.38,36.97,$0.12B,$0.06B,2.11,$0.00B,$0.12B,0.0,$0.28B,$0.17B,59.72%,$0.28B,$0.03B,9.54%,$0.28B,$0.03B,9.54%,$0.28B,$0.03B,10.60%,$0.28B,$0.03B,9.19%,$0.28B,$0.01B,3.89%,$0.01B,$0.12B,10.02%,$0.01B,$0.07B,15.28%,$0.01B,$0.17B,6.89%,$0.03B,$0.12B,24.60%,$75,$31,$45,$0,$25,$72,$4,$-0,$4,$1,$2,$2,$1,$5,$4,$27,28,$0.05,$0.05,$81,$19,$0,$116,$8,$0,$42,$7,$57,$172,$55,$0,$0,$2,$57,$0,$51,$-5,$116,$172,$1,$1,$2,$3,$-0,$-1,$-0,$8,$2,$7,$-2,$-0,$0,$0,$0,$0,$0,$-2,$0,$0,$0,$-1,$-1,$0,$1,$0,$5,$2,$0
31,2010-09-30,16.01,$4.18,3.83,$9.96,1.61,$2.40,6.67,$0.44,36.39,$0.11B,$0.05B,2.24,$0.00B,$0.11B,0.0,$0.27B,$0.16B,59.34%,$0.27B,$0.03B,10.62%,$0.27B,$0.03B,10.62%,$0.27B,$0.03B,11.72%,$0.27B,$0.03B,10.26%,$0.27B,$0.01B,4.76%,$0.01B,$0.11B,12.18%,$0.01B,$0.08B,18.51%,$0.01B,$0.17B,8.57%,$0.03B,$0.11B,27.17%,$59,$19,$40,$0,$20,$51,$9,$-1,$8,$3,$6,$6,$3,$9,$9,$27,27,$0.09,$0.09,$76,$15,$0,$109,$6,$0,$29,$6,$56,$165,$49,$0,$2,$4,$53,$0,$50,$-5,$112,$165,$12,$4,$8,$12,$0,$-3,$2,$2,$8,$32,$-4,$0,$-4,$-3,$0,$-3,$-0,$-11,$-0,$0,$-0,$-11,$-11,$0,$1,$-11,$9,$8,$0
32,2010-06-30,12.96,$3.97,3.26,$9.44,1.37,$1.56,8.32,$0.37,35.03,$0.10B,$0.04B,2.25,$0.00B,$0.11B,0.0,$0.26B,$0.16B,59.62%,$0.26B,$0.03B,10.38%,$0.26B,$0.03B,10.38%,$0.26B,$0.03B,11.54%,$0.26B,$0.03B,10.38%,$0.26B,$0.01B,4.23%,$0.01B,$0.11B,10.50%,$0.01B,$0.06B,16.67%,$0.01B,$0.16B,7.57%,$0.03B,$0.11B,25.78%,$73,$30,$42,$0,$23,$66,$7,$0,$7,$4,$3,$3,$3,$8,$7,$27,27,$0.11,$0.11,$69,$15,$0,$98,$7,$0,$42,$7,$57,$155,$44,$0,$5,$5,$49,$0,$47,$-6,$106,$155,$10,$4,$6,$10,$0,$-1,$4,$-3,$5,$24,$-3,$-0,$-4,$13,$0,$13,$0,$6,$-0,$0,$-0,$-11,$-11,$0,$0,$-11,$18,$6,$0
33,2010-03-31,11.54,$3.89,2.97,$8.89,1.3,$0.83,13.94,$0.38,30.37,$0.10B,$0.04B,2.57,$0.00B,$0.11B,0.0,$0.25B,$0.15B,61.22%,$0.25B,$0.03B,10.61%,$0.25B,$0.03B,10.61%,$0.25B,$0.03B,11.84%,$0.25B,$0.03B,10.61%,$0.25B,$0.01B,4.49%,$0.01B,$0.11B,10.60%,$0.01B,$0.07B,16.67%,$0.01B,$0.15B,7.83%,$0.03B,$0.11B,25.06%,$76,$33,$42,$0,$24,$69,$7,$0,$7,$3,$4,$4,$4,$8,$7,$27,27,$0.13,$0.13,$68,$17,$0,$100,$7,$0,$37,$3,$47,$147,$39,$0,$3,$3,$42,$0,$44,$-5,$105,$147,$7,$2,$5,$7,$-0,$-3,$0,$1,$3,$16,$-2,$-0,$0,$4,$0,$4,$0,$2,$-0,$0,$-0,$-8,$-8,$0,$0,$-8,$9,$4,$0
34,2009-12-31,10.07,$3.82,2.64,$8.24,1.22,$0.16,64.76,$0.31,32.48,$0.09B,$0.03B,2.77,$0.00B,$0.10B,0.0,$0.23B,$0.15B,63.32%,$0.23B,$0.02B,9.61%,$0.23B,$0.02B,9.61%,$0.23B,$0.03B,10.92%,$0.23B,$0.02B,9.61%,$0.23B,$0.01B,3.93%,$0.01B,$0.10B,8.91%,$0.01B,$0.07B,14.23%,$0.01B,$0.14B,6.68%,$0.02B,$0.10B,21.78%,$65,$27,$38,$0,$23,$60,$6,$-0,$6,$3,$3,$3,$3,$7,$6,$28,28,$0.11,$0.11,$61,$18,$0,$92,$7,$0,$38,$3,$48,$140,$33,$0,$3,$3,$36,$0,$41,$-4,$104,$140,$3,$1,$2,$3,$0,$-3,$0,$-2,$-2,$4,$-1,$-0,$0,$-8,$0,$-8,$0,$-9,$-0,$0,$-0,$-5,$-5,$0,$0,$-5,$-10,$2,$0
35,2009-09-30,10.32,$3.77,2.74,$7.86,1.31,$-0.27,0.0,$0.20,51.6,$0.09B,$0.03B,2.89,$0.00B,$0.10B,0.0,$0.22B,$0.14B,65.45%,$0.22B,$0.02B,7.27%,$0.22B,$0.02B,7.27%,$0.22B,$0.02B,8.64%,$0.22B,$0.02B,7.27%,$0.22B,$0.01B,2.73%,$0.01B,$0.10B,6.09%,$0.01B,$0.07B,9.84%,$0.01B,$0.14B,4.60%,$0.02B,$0.10B,16.24%,$46,$13,$33,$0,$16,$39,$7,$0,$7,$3,$3,$3,$1,$7,$7,$28,28,$0.03,$0.03,$64,$14,$0,$91,$6,$0,$38,$3,$47,$139,$32,$0,$0,$3,$35,$0,$38,$-4,$104,$139,$6,$3,$4,$8,$0,$-1,$-2,$-7,$-5,$9,$-3,$-1,$0,$-19,$0,$-19,$-0,$-24,$-0,$0,$-0,$-3,$-3,$0,$0,$-3,$-18,$6,$0
36,2009-06-30,9.86,$3.71,2.66,$8.72,1.13,$0.51,19.28,$0.28,35.21,$0.09B,$0.03B,2.87,$0.00B,$0.10B,0.0,$0.24B,$0.16B,65.98%,$0.24B,$0.01B,5.74%,$0.24B,$0.01B,5.74%,$0.24B,$0.02B,7.38%,$0.24B,$0.01B,5.74%,$0.24B,$0.01B,3.28%,$0.01B,$0.10B,8.29%,$0.01B,$0.06B,13.68%,$0.01B,$0.14B,6.15%,$0.01B,$0.10B,14.51%,$58,$21,$37,$0,$22,$52,$6,$0,$6,$3,$3,$3,$3,$7,$6,$27,28,$0.12,$0.12,$61,$13,$0,$88,$6,$0,$38,$4,$48,$136,$31,$0,$3,$3,$34,$0,$37,$-3,$102,$136,$5,$3,$5,$7,$1,$-0,$-3,$-12,$-8,$4,$-3,$-0,$0,$-11,$0,$-11,$0,$-14,$-0,$0,$-0,$-3,$-3,$0,$0,$-3,$-13,$5,$0
37,2009-03-31,6.99,$3.42,2.05,$9.15,0.76,$1.01,6.94,$0.30,23.3,$0.08B,$0.03B,2.85,$0.00B,$0.09B,0.0,$0.26B,$0.18B,68.48%,$0.26B,$0.01B,5.45%,$0.26B,$0.01B,5.45%,$0.26B,$0.02B,7.00%,$0.26B,$0.02B,5.84%,$0.26B,$0.01B,3.50%,$0.01B,$0.09B,9.52%,$0.01B,$0.06B,16.22%,$0.01B,$0.12B,7.00%,$0.01B,$0.09B,14.81%,$60,$23,$37,$0,$21,$57,$3,$0,$3,$1,$2,$2,$2,$4,$3,$28,28,$0.06,$0.06,$54,$13,$0,$79,$5,$0,$36,$3,$45,$124,$28,$0,$3,$3,$31,$0,$34,$-6,$94,$124,$2,$2,$3,$4,$1,$0,$-2,$-9,$-9,$-3,$-2,$-0,$0,$-9,$0,$-9,$0,$-10,$-0,$0,$-0,$-4,$-4,$0,$0,$-4,$-18,$3,$0
38,2008-12-31,8.33,$3.37,2.47,$9.24,0.9,$1.55,5.39,$0.34,24.5,$0.08B,$0.03B,3.1,$0.00B,$0.09B,0.0,$0.26B,$0.19B,71.54%,$0.26B,$0.02B,5.77%,$0.26B,$0.02B,5.77%,$0.26B,$0.02B,7.31%,$0.26B,$0.02B,6.54%,$0.26B,$0.01B,3.85%,$0.01B,$0.09B,10.72%,$0.01B,$0.06B,17.47%,$0.01B,$0.12B,7.81%,$0.02B,$0.09B,16.09%,$56,$19,$37,$0,$22,$56,$-0,$0,$0,$0,$0,$0,$0,$1,$-0,$28,28,$0.00,$0.00,$53,$13,$0,$77,$5,$0,$37,$3,$45,$123,$25,$0,$3,$3,$28,$0,$32,$-5,$94,$123,$0,$1,$2,$2,$2,$1,$-2,$-9,$-11,$-9,$-1,$-0,$0,$-7,$0,$-7,$0,$-7,$-0,$0,$-0,$0,$0,$0,$0,$0,$-17,$1,$0
39,2008-09-30,10.85,$3.44,3.15,$9.36,1.16,$2.12,5.11,$0.42,25.83,$0.09B,$0.04B,2.35,$0.00B,$0.10B,0.0,$0.26B,$0.19B,73.38%,$0.26B,$0.02B,7.22%,$0.26B,$0.02B,7.22%,$0.26B,$0.02B,8.37%,$0.26B,$0.02B,7.98%,$0.26B,$0.01B,4.56%,$0.01B,$0.10B,13.19%,$0.01B,$0.06B,19.83%,$0.01B,$0.14B,9.49%,$0.02B,$0.10B,20.88%,$70,$20,$50,$0,$21,$65,$5,$0,$5,$2,$3,$3,$3,$6,$5,$28,28,$0.09,$0.09,$63,$13,$0,$89,$5,$0,$40,$3,$48,$137,$38,$0,$0,$3,$41,$0,$32,$-2,$96,$137,$12,$3,$3,$6,$2,$4,$3,$5,$12,$29,$-2,$-26,$0,$10,$0,$10,$0,$-17,$-0,$0,$-0,$0,$0,$0,$0,$0,$12,$5,$0
40,2008-06-30,11.53,$3.38,3.41,$8.70,1.33,$1.22,9.47,$0.43,26.81,$0.08B,$0.03B,2.45,$0.00B,$0.09B,0.0,$0.25B,$0.18B,73.88%,$0.25B,$0.02B,7.76%,$0.25B,$0.02B,7.76%,$0.25B,$0.02B,8.57%,$0.25B,$0.02B,8.57%,$0.25B,$0.01B,4.90%,$0.01B,$0.09B,13.71%,$0.01B,$0.05B,19.05%,$0.01B,$0.13B,10.00%,$0.02B,$0.09B,21.71%,$71,$20,$52,$0,$21,$65,$6,$0,$7,$3,$4,$4,$4,$7,$6,$28,28,$0.14,$0.14,$51,$17,$0,$80,$5,$0,$43,$3,$50,$130,$32,$0,$3,$3,$35,$0,$29,$1,$94,$130,$9,$2,$3,$5,$2,$1,$3,$0,$2,$17,$-1,$-0,$-26,$21,$0,$21,$0,$-6,$-0,$0,$-0,$0,$0,$0,$0,$0,$11,$3,$0
41,2008-03-31,8.0,$3.19,2.51,$8.02,1.0,$0.57,14.11,$0.40,20.0,$0.09B,$0.03B,3.0,$0.00B,$0.09B,0.0,$0.23B,$0.17B,74.01%,$0.23B,$0.02B,7.93%,$0.23B,$0.02B,7.93%,$0.23B,$0.02B,8.37%,$0.23B,$0.02B,8.37%,$0.23B,$0.01B,4.85%,$0.01B,$0.09B,13.17%,$0.01B,$0.06B,16.79%,$0.01B,$0.12B,9.78%,$0.02B,$0.09B,21.56%,$63,$16,$47,$0,$19,$59,$4,$1,$5,$2,$3,$3,$3,$5,$4,$28,28,$0.10,$0.10,$62,$17,$0,$90,$4,$0,$25,$3,$32,$122,$30,$0,$3,$3,$33,$0,$26,$1,$89,$122,$5,$1,$2,$3,$2,$-0,$2,$4,$3,$11,$-1,$-0,$-9,$-0,$0,$-0,$0,$-11,$-0,$0,$-0,$0,$0,$0,$0,$0,$0,$2,$0
42,2007-12-31,12.9,$3.06,4.22,$7.53,1.71,$0.24,53.04,$0.39,33.08,$0.09B,$0.03B,3.25,$0.00B,$0.09B,0.0,$0.21B,$0.16B,74.65%,$0.21B,$0.02B,8.45%,$0.21B,$0.02B,8.45%,$0.21B,$0.02B,8.45%,$0.21B,$0.02B,8.45%,$0.21B,$0.01B,4.69%,$0.01B,$0.09B,12.54%,$0.01B,$0.07B,15.63%,$0.01B,$0.12B,9.30%,$0.02B,$0.09B,22.57%,$59,$15,$44,$0,$19,$56,$4,$0,$4,$2,$2,$2,$2,$4,$4,$28,28,$0.08,$0.08,$68,$18,$0,$94,$4,$0,$16,$2,$22,$117,$29,$0,$2,$2,$31,$0,$23,$1,$85,$117,$2,$1,$1,$2,$2,$-1,$2,$4,$3,$7,$-0,$-0,$0,$-0,$0,$-0,$0,$-1,$-0,$0,$-0,$0,$0,$0,$0,$0,$7,$1,$0
43,2007-09-30,10.99,$2.94,3.74,$7.00,1.57,$0.07,167.79,$0.39,28.18,$0.09B,$0.03B,3.3,$0.00B,$0.08B,0.0,$0.20B,$0.15B,76.38%,$0.20B,$0.02B,8.54%,$0.20B,$0.02B,8.54%,$0.20B,$0.02B,9.05%,$0.20B,$0.02B,9.05%,$0.20B,$0.01B,5.03%,$0.01B,$0.08B,13.20%,$0.01B,$0.07B,16.81%,$0.01B,$0.11B,9.83%,$0.02B,$0.08B,22.44%,$52,$14,$38,$0,$17,$47,$5,$1,$5,$2,$3,$3,$3,$5,$5,$28,28,$0.12,$0.11,$62,$16,$0,$89,$4,$0,$16,$2,$22,$111,$27,$0,$2,$2,$29,$0,$21,$1,$82,$111,$11,$2,$-0,$2,$-3,$-10,$1,$-2,$-9,$4,$-3,$-10,$0,$-9,$0,$-9,$0,$-22,$-0,$0,$-0,$2,$2,$0,$1,$3,$-14,$2,$0
44,2007-06-30,18.78,$2.79,6.73,$6.69,2.81,$0.60,31.27,$0.36,52.17,$0.08B,$0.02B,3.69,$0.00B,$0.08B,0.0,$0.19B,$0.15B,80.21%,$0.19B,$0.02B,8.02%,$0.19B,$0.02B,8.02%,$0.19B,$0.02B,9.09%,$0.19B,$0.02B,9.09%,$0.19B,$0.01B,4.81%,$0.01B,$0.08B,12.54%,$0.01B,$0.06B,15.72%,$0.01B,$0.10B,9.38%,$0.02B,$0.08B,20.91%,$53,$13,$39,$0,$16,$48,$5,$0,$5,$2,$3,$3,$3,$5,$5,$28,28,$0.11,$0.11,$56,$14,$0,$78,$4,$0,$16,$2,$22,$100,$21,$0,$1,$2,$23,$0,$17,$0,$78,$100,$8,$2,$1,$3,$-2,$-8,$0,$-5,$-12,$-1,$-2,$0,$-10,$-7,$0,$-7,$0,$-19,$-0,$0,$-0,$2,$2,$0,$1,$3,$-17,$1,$0
45,2007-03-31,16.94,$2.66,6.36,$6.16,2.75,$1.17,14.48,$0.33,51.33,$0.08B,$0.03B,3.01,$0.00B,$0.07B,0.0,$0.17B,$0.15B,84.39%,$0.17B,$0.01B,7.51%,$0.17B,$0.01B,7.51%,$0.17B,$0.02B,9.25%,$0.17B,$0.02B,9.25%,$0.17B,$0.01B,4.62%,$0.01B,$0.07B,11.81%,$0.01B,$0.06B,14.48%,$0.01B,$0.10B,8.74%,$0.01B,$0.07B,19.19%,$49,$12,$38,$0,$16,$46,$4,$1,$4,$2,$2,$2,$2,$4,$4,$28,29,$0.09,$0.09,$60,$12,$0,$80,$4,$0,$16,$2,$22,$102,$27,$0,$1,$1,$28,$0,$14,$0,$74,$102,$5,$1,$1,$2,$-1,$-5,$1,$2,$-4,$3,$-2,$-0,$-10,$2,$0,$2,$0,$-10,$-0,$0,$-0,$2,$2,$0,$1,$2,$-4,$1,$0
46,2006-12-31,17.21,$2.49,6.91,$5.92,2.91,$1.60,10.77,$0.32,53.78,$0.07B,$0.02B,3.05,$0.00B,$0.07B,0.0,$0.16B,$0.14B,88.82%,$0.16B,$0.01B,7.45%,$0.16B,$0.01B,7.45%,$0.16B,$0.02B,9.94%,$0.16B,$0.02B,9.32%,$0.16B,$0.01B,4.97%,$0.01B,$0.07B,12.50%,$0.01B,$0.05B,15.02%,$0.01B,$0.09B,9.33%,$0.01B,$0.07B,18.75%,$45,$8,$37,$0,$14,$42,$3,$1,$4,$2,$2,$2,$2,$4,$3,$28,28,$0.08,$0.08,$59,$9,$0,$72,$3,$0,$17,$2,$22,$94,$24,$0,$1,$1,$25,$0,$12,$0,$69,$94,$2,$0,$0,$1,$1,$-3,$2,$1,$-0,$3,$-1,$-0,$-10,$-3,$0,$-3,$0,$-14,$-0,$0,$-0,$0,$0,$0,$0,$0,$-11,$0,$0
