,Date,Stock Price,Book Value per Share,Price to Book Ratio,TTM Sales per Share,Price to Sales Ratio,TTM FCF per Share,Price to FCF Ratio,TTM Net EPS,PE Ratio,Current Assets,Current Liabilities,Current Ratio,Long Term Debt,Shareholder's Equity_x,Debt to Equity Ratio,TTM Revenue_x,TTM Gross Profit,Gross Margin,TTM Revenue_y,TTM Operating Income,Operating Margin,TTM Revenue_x,TTM EBIT,EBIT Margin,TTM Revenue_y,TTM EBITDA,EBITDA Margin,TTM Revenue_x,TTM Pre-Tax Income,Pre-Tax Margin,TTM Revenue_y,TTM Net Income_x,Net Margin,TTM Net Income_y,Shareholder's Equity_y,Return on Equity,TTM Net Income_x,Tangible Equity,Return on Tangible Equity,TTM Net Income_y,Total Assets,Return on Assets,TTM Net Income,LT Investments & Debt,Return on Investment,revenue,cost-goods-sold,gross-profit,research-development-expenses,selling-general-administrative-expenses,operating-expenses,operating-income,total-non-operating-income-expense,pre-tax-income,total-provision-income-taxes,income-after-taxes,income-from-continuous-operations,net-income,ebitda,ebit,basic-shares-outstanding,shares-outstanding,eps-basic-net-earnings-per-share,eps-earnings-per-share-diluted,cash-on-hand,inventory,other-current-assets,total-current-assets,net-property-plant-equipment,long-term-investments,goodwill-intangible-assets-total,other-long-term-assets,total-long-term-assets,total-assets,total-current-liabilities,long-term-debt,other-non-current-liabilities,total-long-term-liabilities,total-liabilities,common-stock-net,retained-earnings-accumulated-deficit,comprehensive-income,total-share-holder-equity,total-liabilities-share-holders-equity,net-income-loss,total-depreciation-amortization-cash-flow,other-non-cash-items,total-non-cash-items,change-in-accounts-receivable,change-in-inventories,change-in-accounts-payable,change-in-assets-liabilities,total-change-in-assets-liabilities,cash-flow-from-operating-activities,net-change-in-property-plant-equipment,net-change-in-intangible-assets,net-acquisitions-divestitures,net-change-in-short-term-investments,net-change-in-long-term-investments,net-change-in-investments-total,investing-activities-other,cash-flow-from-investing-activities,net-long-term-debt,net-current-debt,debt-issuance-retirement-net-total,net-common-equity-issued-repurchased,net-total-equity-issued-repurchased,total-common-preferred-stock-dividends-paid,financial-activities-other,cash-flow-from-financial-activities,net-cash-flow,stock-based-compensation,common-stock-dividends-paid
0,2018-09-30,151.7,$35.09,4.32,$63.49,2.39,$31.50,4.82,$13.32,11.39,$7.52B,$2.83B,2.66,$1.81B,$5.38B,0.34,$10.93B,$5.07B,46.42%,$10.93B,$3.11B,28.47%,$10.93B,$3.11B,28.47%,$10.93B,$3.45B,31.56%,$10.93B,$3.06B,27.95%,$10.93B,$2.32B,21.25%,$2.32B,$5.38B,36.99%,$2.32B,$3.61B,52.04%,$2.32B,$10.96B,18.58%,$3.11B,$7.19B,38.53%,$2331,$1272,$1058,$292,$175,$1739,$592,$-0,$591,$58,$533,$533,$533,$673,$592,$156,165,$3.43,$3.23,$3619,$1874,$0,$7516,$951,$0,$1768,$723,$3442,$10958,$2825,$1805,$946,$2751,$5576,$0,$8768,$-58,$5382,$10958,$533,$81,$-33,$48,$0,$0,$0,$137,$137,$720,$-56,$0,$0,$-613,$0,$-613,$-4,$-672,$-80,$0,$-80,$-1736,$-1736,$-174,$-0,$-1990,$-1945,$50,$-174
1,2018-06-30,172.85,$41.94,4.12,$62.87,2.75,$31.82,5.43,$13.30,13.0,$9.15B,$3.15B,2.9,$1.81B,$6.58B,0.28,$11.08B,$5.17B,46.63%,$11.08B,$3.21B,29.01%,$11.08B,$3.21B,29.01%,$11.08B,$3.55B,32.08%,$11.08B,$3.15B,28.46%,$11.08B,$2.38B,21.49%,$2.38B,$6.58B,35.08%,$2.38B,$4.78B,48.23%,$2.38B,$12.48B,18.51%,$3.21B,$8.39B,37.45%,$3126,$1647,$1479,$328,$197,$2171,$955,$3,$958,$-63,$1021,$1021,$1021,$1041,$955,$162,181,$6.35,$5.69,$4950,$1876,$0,$9150,$903,$0,$1803,$624,$3330,$12479,$3150,$1807,$943,$2749,$5899,$0,$8261,$-57,$6580,$12479,$2381,$341,$217,$558,$-502,$-701,$36,$98,$-317,$2656,$-273,$0,$-116,$3153,$0,$3153,$-15,$2748,$-396,$0,$-396,$-2568,$-2568,$-308,$0,$-3272,$2135,$172,$-308
2,2018-03-31,202.06,$41.95,4.82,$58.34,3.46,$28.84,7.01,$10.30,19.62,$10.43B,$3.95B,2.64,$1.78B,$6.88B,0.26,$10.30B,$4.76B,46.18%,$10.30B,$2.87B,27.84%,$10.30B,$2.87B,27.84%,$10.30B,$3.21B,31.14%,$10.30B,$2.80B,27.17%,$10.30B,$1.89B,18.32%,$1.89B,$6.88B,27.38%,$1.89B,$5.06B,37.42%,$1.89B,$13.66B,14.76%,$2.87B,$8.67B,33.03%,$2892,$1561,$1331,$305,$198,$2065,$828,$-56,$772,$-7,$779,$779,$779,$914,$828,$162,180,$4.80,$4.33,$6485,$1693,$0,$10426,$827,$0,$1826,$585,$3238,$13664,$3948,$1782,$1049,$2831,$6779,$0,$7414,$-65,$6884,$13664,$1360,$255,$-42,$213,$0,$0,$0,$342,$342,$1937,$-194,$0,$-116,$1811,$0,$1811,$-15,$1487,$421,$0,$421,$-1306,$-1306,$-226,$0,$-1111,$2321,$125,$-226
3,2017-12-31,182.63,$39.34,4.64,$53.89,3.39,$25.50,7.16,$9.07,20.14,$9.67B,$3.91B,2.47,$1.79B,$6.27B,0.29,$9.56B,$4.40B,45.98%,$9.56B,$2.58B,26.95%,$9.56B,$2.58B,26.95%,$9.56B,$2.91B,30.48%,$9.56B,$2.56B,26.74%,$9.56B,$1.68B,17.60%,$1.68B,$6.27B,24.39%,$1.68B,$4.41B,33.33%,$1.68B,$12.91B,13.64%,$2.58B,$8.06B,29.66%,$2581,$1375,$1206,$281,$187,$1843,$737,$-3,$734,$744,$-10,$-10,$-10,$822,$737,$161,161,$-0.06,$-0.06,$5700,$1507,$0,$9666,$807,$0,$1866,$573,$3246,$12912,$3912,$1790,$937,$2727,$6639,$0,$6718,$-64,$6274,$12912,$581,$168,$-144,$24,$0,$0,$0,$277,$277,$887,$-145,$0,$-116,$-323,$0,$-323,$-15,$-599,$450,$0,$450,$-1229,$-1229,$-146,$0,$-925,$-632,$84,$-146
4,2017-09-30,183.09,$45.69,4.01,$48.13,3.8,$25.25,7.25,$10.94,16.74,$9.23B,$2.79B,3.31,$1.79B,$7.41B,0.24,$8.86B,$4.04B,45.56%,$8.86B,$2.28B,25.73%,$8.86B,$2.28B,25.73%,$8.86B,$2.61B,29.51%,$8.86B,$2.21B,24.91%,$8.86B,$2.03B,22.86%,$2.03B,$7.41B,29.02%,$2.03B,$5.50B,39.51%,$2.03B,$12.40B,16.90%,$2.28B,$9.20B,26.02%,$2478,$1329,$1149,$275,$181,$1785,$693,$-6,$688,$97,$591,$591,$591,$777,$693,$162,184,$3.64,$3.21,$6182,$1328,$0,$9229,$746,$0,$1904,$520,$3170,$12399,$2789,$1793,$408,$2202,$4990,$0,$6808,$-53,$7408,$12399,$591,$84,$85,$169,$0,$0,$0,$92,$92,$858,$-60,$0,$-116,$-118,$0,$-118,$-11,$-304,$-302,$0,$-302,$-154,$-154,$-73,$0,$-529,$29,$42,$-73
5,2017-06-30,139.57,$43.21,3.23,$43.72,3.19,$23.30,5.99,$9.20,15.17,$9.14B,$2.95B,3.1,$1.79B,$6.99B,0.26,$8.01B,$3.60B,44.96%,$8.01B,$1.90B,23.74%,$8.01B,$1.90B,23.74%,$8.01B,$2.23B,27.88%,$8.01B,$1.81B,22.61%,$8.01B,$1.70B,21.19%,$1.70B,$6.99B,25.26%,$1.70B,$5.19B,34.88%,$1.70B,$12.12B,14.10%,$1.90B,$8.77B,21.37%,$2345,$1276,$1069,$286,$175,$1737,$608,$-4,$603,$77,$526,$526,$526,$693,$608,$162,184,$3.26,$2.86,$6041,$1233,$0,$9142,$686,$0,$1797,$498,$2980,$12123,$2950,$1785,$400,$2185,$5135,$0,$6250,$-62,$6987,$12123,$1698,$332,$291,$623,$-411,$-308,$127,$231,$-311,$2029,$-156,$0,$0,$-1884,$0,$-1884,$-19,$-2059,$-1688,$0,$-1688,$-739,$-739,$-243,$39,$-2632,$-2662,$150,$-243
6,2017-03-31,126.32,$42.21,2.99,$39.79,3.17,$20.27,6.23,$7.84,16.11,$8.88B,$2.76B,3.22,$1.78B,$6.92B,0.26,$7.21B,$3.23B,44.82%,$7.21B,$1.60B,22.22%,$7.21B,$1.60B,22.22%,$7.21B,$1.94B,26.89%,$7.21B,$1.49B,20.67%,$7.21B,$1.43B,19.84%,$1.43B,$6.92B,22.01%,$1.43B,$5.09B,31.06%,$1.43B,$11.88B,11.85%,$1.60B,$8.70B,17.66%,$2154,$1183,$971,$266,$167,$1616,$538,$-8,$531,$-44,$575,$575,$575,$621,$538,$163,185,$3.52,$3.10,$5884,$1133,$0,$8876,$676,$0,$1835,$488,$2999,$11875,$2757,$1777,$420,$2197,$4954,$0,$5796,$-76,$6921,$11875,$1171,$247,$212,$459,$0,$0,$0,$-342,$-342,$1300,$-123,$0,$0,$-1978,$0,$-1978,$-17,$-2118,$-1686,$0,$-1686,$-237,$-237,$-170,$-0,$-2093,$-2911,$106,$-170
7,2016-12-31,103.66,$40.61,2.55,$35.69,2.9,$18.52,5.6,$5.56,18.64,$8.50B,$2.66B,3.2,$1.77B,$6.59B,0.27,$6.37B,$2.83B,44.45%,$6.37B,$1.26B,19.71%,$6.37B,$1.26B,19.71%,$6.37B,$1.61B,25.20%,$6.37B,$1.12B,17.59%,$6.37B,$1.00B,15.67%,$1.00B,$6.59B,16.01%,$1.00B,$4.72B,23.21%,$1.00B,$11.52B,8.60%,$1.26B,$8.36B,14.40%,$1882,$1036,$847,$247,$160,$1442,$440,$-55,$385,$52,$333,$333,$333,$523,$440,$163,184,$2.05,$1.81,$5833,$1019,$0,$8504,$673,$0,$1874,$471,$3017,$11521,$2658,$1769,$501,$2270,$4928,$0,$5295,$-70,$6593,$11521,$597,$165,$149,$314,$0,$0,$0,$-49,$-49,$877,$-78,$0,$0,$-1559,$0,$-1559,$-13,$-1650,$-1617,$0,$-1617,$-46,$-46,$-96,$-0,$-1759,$-2535,$71,$-96
8,2016-09-30,92.45,$39.50,2.34,$33.61,2.75,$17.98,5.14,$5.03,18.38,$9.60B,$2.49B,3.86,$3.38B,$6.39B,0.53,$5.92B,$2.61B,44.15%,$5.92B,$1.06B,17.83%,$5.92B,$1.06B,17.83%,$5.92B,$1.42B,23.94%,$5.92B,$0.95B,15.97%,$5.92B,$0.89B,15.02%,$0.89B,$6.39B,14.76%,$0.89B,$4.48B,21.97%,$0.89B,$12.64B,7.96%,$1.06B,$9.77B,12.54%,$1632,$916,$716,$235,$165,$1316,$316,$-23,$293,$29,$264,$264,$264,$397,$316,$161,180,$1.64,$1.47,$7214,$932,$0,$9599,$650,$0,$1912,$475,$3037,$12636,$2486,$3378,$385,$3763,$6249,$0,$5036,$-57,$6387,$12636,$264,$81,$46,$128,$0,$0,$0,$65,$65,$473,$-42,$0,$0,$432,$0,$432,$-13,$377,$-0,$0,$-0,$-0,$-0,$-48,$19,$-30,$822,$39,$-48
9,2016-06-30,81.79,$38.09,2.15,$33.72,2.43,$17.88,4.57,$5.22,15.67,$9.21B,$2.42B,3.81,$3.38B,$6.10B,0.55,$5.89B,$2.62B,44.50%,$5.89B,$1.07B,18.25%,$5.89B,$1.07B,18.25%,$5.89B,$1.44B,24.40%,$5.89B,$0.96B,16.31%,$5.89B,$0.91B,15.53%,$0.91B,$6.10B,15.73%,$0.91B,$4.15B,24.09%,$0.91B,$12.26B,8.78%,$1.07B,$9.48B,13.93%,$1546,$847,$699,$237,$152,$1237,$309,$-27,$282,$23,$259,$259,$259,$399,$309,$159,175,$1.62,$1.46,$6828,$972,$0,$9213,$640,$0,$1951,$460,$3051,$12264,$2418,$3378,$366,$3744,$6162,$0,$4820,$-69,$6102,$12264,$914,$362,$78,$440,$-169,$-66,$42,$-20,$-52,$1350,$-96,$0,$0,$799,$0,$799,$-111,$592,$1887,$0,$1887,$-99,$-99,$-190,$-2,$1596,$3538,$142,$-190
10,2016-03-31,80.08,$36.85,2.17,$33.26,2.41,$14.03,5.71,$4.50,17.8,$6.94B,$2.34B,2.96,$1.41B,$5.87B,0.24,$5.82B,$2.56B,44.01%,$5.82B,$0.96B,16.42%,$5.82B,$0.96B,16.42%,$5.82B,$1.39B,23.84%,$5.82B,$0.85B,14.59%,$5.82B,$0.79B,13.50%,$0.79B,$5.87B,13.98%,$0.79B,$3.87B,22.06%,$0.79B,$10.02B,8.12%,$0.96B,$7.28B,13.81%,$1314,$743,$571,$221,$159,$1123,$191,$-30,$161,$17,$143,$143,$143,$287,$191,$159,174,$0.90,$0.82,$4539,$935,$0,$6942,$664,$0,$1999,$419,$3083,$10024,$2342,$1407,$404,$1811,$4153,$0,$4609,$-56,$5871,$10024,$655,$272,$101,$373,$0,$0,$0,$-131,$-131,$926,$-124,$0,$0,$193,$0,$193,$2,$71,$-37,$0,$-37,$-94,$-94,$-143,$8,$-266,$730,$103,$-143
11,2015-12-31,76.69,$36.14,2.12,$33.57,2.28,$11.45,6.7,$4.84,15.84,$6.67B,$2.22B,3.0,$1.41B,$5.73B,0.25,$5.90B,$2.59B,43.93%,$5.90B,$1.01B,17.03%,$5.90B,$1.01B,17.03%,$5.90B,$1.42B,24.08%,$5.90B,$0.92B,15.54%,$5.90B,$0.85B,14.39%,$0.85B,$5.73B,15.64%,$0.85B,$3.69B,25.66%,$0.85B,$9.75B,8.95%,$1.01B,$7.14B,14.60%,$1426,$799,$627,$221,$167,$1187,$239,$-30,$209,$-14,$223,$223,$223,$334,$239,$158,174,$1.41,$1.28,$4475,$880,$0,$6670,$644,$0,$2039,$397,$3080,$9750,$2223,$1405,$393,$1797,$4020,$0,$4514,$-69,$5730,$9750,$512,$176,$71,$247,$0,$0,$0,$-36,$-36,$744,$-78,$0,$0,$11,$0,$11,$2,$-65,$-28,$0,$-28,$-90,$-90,$-96,$5,$-209,$466,$68,$-96
12,2015-09-30,62.84,$35.02,1.79,$32.35,1.94,$8.75,7.18,$4.56,13.78,$6.52B,$2.28B,2.86,$1.40B,$5.54B,0.25,$5.71B,$2.50B,43.85%,$5.71B,$0.96B,16.74%,$5.71B,$0.96B,16.74%,$5.71B,$1.36B,23.76%,$5.71B,$0.89B,15.55%,$5.71B,$0.80B,14.07%,$0.80B,$5.54B,15.31%,$0.80B,$3.46B,26.19%,$0.80B,$9.59B,8.85%,$0.96B,$6.94B,14.47%,$1600,$878,$722,$234,$153,$1265,$335,$-27,$308,$20,$289,$289,$289,$416,$335,$158,174,$1.82,$1.66,$4332,$917,$0,$6516,$637,$0,$2076,$366,$3078,$9594,$2282,$1401,$375,$1776,$4058,$0,$4338,$-63,$5537,$9594,$289,$80,$30,$111,$0,$0,$0,$40,$40,$449,$-49,$0,$0,$-28,$0,$-28,$-2,$-79,$-0,$0,$-0,$-79,$-79,$-48,$3,$-123,$243,$36,$-48
13,2015-06-30,77.92,$33.72,2.31,$29.68,2.63,$7.02,11.1,$3.70,21.06,$6.27B,$2.63B,2.38,$1.00B,$5.35B,0.19,$5.26B,$2.29B,43.48%,$5.26B,$0.79B,14.99%,$5.26B,$0.79B,14.99%,$5.26B,$1.18B,22.52%,$5.26B,$0.74B,14.11%,$5.26B,$0.66B,12.46%,$0.66B,$5.35B,12.89%,$0.66B,$3.23B,23.04%,$0.66B,$9.37B,7.57%,$0.79B,$6.35B,12.43%,$1481,$840,$642,$222,$149,$1290,$191,$-20,$171,$39,$131,$131,$131,$351,$191,$160,177,$0.83,$0.74,$4076,$943,$0,$6271,$621,$0,$2116,$357,$3094,$9365,$2631,$1001,$387,$1388,$4020,$0,$4097,$-58,$5345,$9365,$656,$395,$132,$527,$-294,$-207,$77,$34,$-410,$786,$-198,$0,$40,$-950,$0,$-950,$2,$-1106,$991,$0,$991,$-507,$-507,$-116,$11,$378,$49,$135,$-116
14,2015-03-31,67.03,$32.16,2.08,$28.47,2.35,$7.88,8.51,$4.31,15.55,$6.06B,$1.74B,3.49,$2.01B,$5.10B,0.4,$5.03B,$2.20B,43.79%,$5.03B,$0.81B,16.18%,$5.03B,$0.81B,16.18%,$5.03B,$1.10B,21.79%,$5.03B,$0.86B,17.11%,$5.03B,$0.76B,15.06%,$0.76B,$5.10B,15.13%,$0.76B,$2.85B,28.01%,$0.76B,$9.24B,9.11%,$0.81B,$7.11B,12.98%,$1393,$793,$601,$218,$143,$1153,$240,$-11,$229,$22,$206,$206,$206,$320,$240,$159,178,$1.30,$1.16,$3949,$920,$0,$6061,$580,$0,$2243,$355,$3178,$9239,$1735,$2012,$395,$2406,$4141,$0,$4013,$-63,$5097,$9239,$524,$235,$97,$332,$0,$0,$0,$-372,$-372,$493,$-135,$0,$40,$-671,$0,$-671,$1,$-766,$991,$0,$991,$-451,$-451,$-87,$13,$466,$183,$96,$-87
15,2014-12-31,75.55,$31.39,2.41,$27.77,2.72,$8.12,9.3,$4.11,18.38,$4.92B,$1.71B,2.88,$1.01B,$5.00B,0.2,$4.86B,$2.13B,43.85%,$4.86B,$0.77B,15.74%,$4.86B,$0.77B,15.74%,$4.86B,$1.05B,21.58%,$4.86B,$0.81B,16.73%,$4.86B,$0.72B,14.71%,$0.72B,$5.00B,14.50%,$0.72B,$2.72B,27.62%,$0.72B,$8.11B,9.02%,$0.77B,$6.01B,12.89%,$1232,$696,$537,$197,$151,$1044,$189,$-10,$179,$2,$177,$177,$177,$269,$189,$159,177,$1.11,$1.00,$2884,$913,$0,$4915,$585,$0,$2282,$328,$3196,$8111,$1709,$1012,$389,$1402,$3110,$0,$3836,$-45,$5000,$8111,$318,$156,$51,$206,$0,$0,$0,$-240,$-229,$302,$-103,$0,$40,$-312,$0,$-312,$4,$-371,$-1,$0,$-1,$-348,$-348,$-59,$11,$-397,$-471,$63,$-59
16,2014-09-30,70.97,$30.68,2.31,$27.31,2.6,$7.82,9.08,$3.98,17.83,$4.69B,$1.60B,2.93,$1.01B,$4.89B,0.21,$4.74B,$2.08B,43.89%,$4.74B,$0.74B,15.60%,$4.74B,$0.74B,15.60%,$4.74B,$1.03B,21.63%,$4.74B,$0.80B,16.76%,$4.74B,$0.69B,14.48%,$0.69B,$4.89B,14.17%,$0.69B,$2.57B,27.90%,$0.69B,$7.89B,8.82%,$0.74B,$5.90B,12.66%,$1152,$647,$506,$189,$148,$984,$168,$-6,$163,$22,$141,$141,$141,$244,$168,$162,177,$0.87,$0.80,$2887,$816,$0,$4691,$556,$0,$2322,$325,$3203,$7894,$1600,$1007,$397,$1404,$3003,$0,$3687,$-39,$4891,$7894,$141,$76,$27,$103,$0,$0,$0,$-108,$-108,$141,$-42,$0,$40,$10,$0,$10,$0,$8,$-0,$0,$-0,$-287,$-287,$-29,$10,$-306,$-159,$32,$-29
17,2014-06-30,64.05,$30.98,2.07,$26.73,2.4,$7.42,8.63,$3.68,17.4,$4.78B,$1.58B,3.02,$1.00B,$5.03B,0.2,$4.61B,$2.01B,43.59%,$4.61B,$0.68B,14.70%,$4.61B,$0.68B,14.70%,$4.61B,$0.97B,21.05%,$4.61B,$0.72B,15.69%,$4.61B,$0.63B,13.72%,$0.63B,$5.03B,13.28%,$0.63B,$2.67B,27.12%,$0.63B,$7.99B,8.28%,$0.68B,$6.03B,11.78%,$1249,$692,$557,$185,$156,$1033,$216,$74,$289,$56,$233,$233,$233,$262,$216,$165,175,$1.39,$1.29,$3066,$741,$0,$4784,$543,$0,$2360,$306,$3210,$7993,$1582,$1001,$381,$1382,$2964,$0,$3576,$-29,$5030,$7993,$632,$292,$75,$367,$-202,$-190,$19,$-1,$-295,$717,$11,$0,$-30,$-284,$0,$-284,$38,$-265,$-2,$0,$-2,$-167,$-167,$0,$6,$-163,$290,$104,$0
18,2014-03-31,51.98,$29.68,1.75,$25.26,2.06,$6.48,8.03,$2.83,18.37,$4.45B,$1.54B,2.88,$1.00B,$4.81B,0.21,$4.34B,$1.87B,42.93%,$4.34B,$0.55B,12.59%,$4.34B,$0.55B,12.59%,$4.34B,$0.88B,20.28%,$4.34B,$0.51B,11.69%,$4.34B,$0.49B,11.16%,$0.49B,$4.81B,10.49%,$0.49B,$2.40B,22.52%,$0.49B,$7.71B,6.51%,$0.55B,$5.80B,9.75%,$1227,$697,$531,$186,$153,$1035,$192,$-10,$182,$18,$164,$164,$164,$274,$192,$162,172,$1.01,$0.96,$2754,$717,$0,$4447,$553,$0,$2409,$299,$3260,$7707,$1543,$995,$362,$1357,$2900,$0,$3372,$-27,$4807,$7707,$399,$246,$94,$340,$0,$0,$0,$-272,$-272,$471,$-82,$0,$-18,$-129,$0,$-129,$39,$-191,$-1,$0,$-1,$-150,$-150,$0,$-0,$-151,$130,$71,$0
19,2013-12-31,51.46,$28.77,1.79,$23.12,2.23,$6.75,7.62,$1.98,25.99,$4.25B,$1.52B,2.79,$0.99B,$4.67B,0.21,$3.96B,$1.67B,42.25%,$3.96B,$0.37B,9.24%,$3.96B,$0.37B,9.24%,$3.96B,$0.70B,17.69%,$3.96B,$0.32B,8.10%,$3.96B,$0.34B,8.58%,$0.34B,$4.67B,7.46%,$0.34B,$2.21B,16.59%,$0.34B,$7.56B,4.65%,$0.37B,$5.66B,6.52%,$1116,$628,$488,$174,$149,$952,$164,$-4,$161,$12,$149,$149,$149,$246,$164,$162,172,$0.92,$0.87,$2522,$662,$0,$4249,$546,$0,$2453,$308,$3307,$7556,$1523,$988,$379,$1367,$2890,$0,$3207,$-16,$4666,$7556,$234,$164,$66,$231,$0,$0,$0,$-286,$-286,$181,$-40,$0,$-18,$-46,$0,$-46,$10,$-95,$-1,$0,$-1,$-116,$-116,$0,$0,$-117,$-30,$46,$0
20,2013-09-30,48.39,$27.91,1.73,$21.60,2.24,$8.01,6.04,$1.15,42.08,$3.92B,$1.40B,2.8,$0.98B,$4.53B,0.22,$3.71B,$1.50B,40.49%,$3.71B,$0.21B,5.56%,$3.71B,$0.21B,5.56%,$3.71B,$0.55B,14.70%,$3.71B,$0.15B,4.07%,$3.71B,$0.20B,5.31%,$0.20B,$4.53B,4.32%,$0.20B,$2.04B,9.76%,$0.20B,$7.29B,2.71%,$0.21B,$5.51B,3.61%,$1015,$583,$432,$171,$156,$910,$105,$-14,$91,$6,$86,$86,$86,$188,$105,$163,171,$0.52,$0.50,$2456,$615,$0,$3924,$565,$0,$2485,$316,$3366,$7290,$1403,$982,$378,$1360,$2763,$0,$3058,$-23,$4527,$7290,$86,$82,$30,$113,$0,$0,$0,$-150,$-150,$52,$-24,$0,$0,$43,$0,$43,$0,$19,$-0,$0,$-0,$-77,$-77,$0,$0,$-77,$-6,$23,$0
21,2013-06-30,41.91,$27.56,1.52,$20.66,2.03,$8.98,4.67,$0.67,62.55,$3.79B,$1.40B,2.7,$0.98B,$4.49B,0.22,$3.60B,$1.40B,38.98%,$3.60B,$0.12B,3.28%,$3.60B,$0.12B,3.28%,$3.60B,$0.46B,12.67%,$3.60B,$0.07B,1.86%,$3.60B,$0.11B,3.17%,$0.11B,$4.49B,2.43%,$0.11B,$1.96B,5.43%,$0.11B,$7.25B,1.55%,$0.12B,$5.47B,2.00%,$986,$572,$414,$180,$147,$900,$86,$-12,$74,$-11,$86,$86,$86,$173,$86,$169,173,$0.49,$0.49,$2497,$559,$0,$3794,$604,$0,$2527,$326,$3456,$7250,$1404,$976,$381,$1357,$2761,$0,$2973,$-29,$4489,$7250,$114,$338,$33,$371,$163,$76,$-58,$61,$198,$720,$-160,$0,$-10,$-58,$0,$-58,$-10,$-239,$-2,$0,$-2,$-885,$-885,$0,$-1,$-888,$-402,$99,$0
22,2013-03-31,39.18,$28.07,1.4,$20.90,1.88,$8.90,4.4,$0.30,130.62,$3.67B,$0.80B,4.58,$1.30B,$4.54B,0.29,$3.36B,$1.29B,38.36%,$3.36B,$0.07B,1.94%,$3.36B,$0.07B,1.94%,$3.36B,$0.36B,10.64%,$3.36B,$0.02B,0.48%,$3.36B,$0.05B,1.37%,$0.05B,$4.54B,0.95%,$0.05B,$1.98B,2.07%,$0.05B,$7.15B,0.61%,$0.07B,$5.84B,1.07%,$845,$505,$340,$174,$155,$834,$11,$-16,$-5,$-24,$19,$19,$19,$94,$11,$163,169,$0.12,$0.11,$2357,$545,$0,$3670,$595,$0,$2563,$318,$3476,$7146,$801,$1295,$508,$1803,$2604,$0,$2887,$-24,$4542,$7146,$28,$252,$31,$282,$0,$0,$0,$203,$203,$545,$-117,$0,$-9,$-52,$0,$-52,$0,$-178,$-2,$0,$-2,$-912,$-912,$0,$-1,$-915,$-546,$74,$0
23,2012-12-31,34.15,$28.32,1.21,$21.33,1.6,$9.13,3.74,$0.57,59.91,$3.85B,$0.83B,4.66,$1.29B,$4.70B,0.27,$3.17B,$1.21B,38.31%,$3.17B,$0.11B,3.53%,$3.17B,$0.11B,3.53%,$3.17B,$0.35B,11.04%,$3.17B,$0.08B,2.40%,$3.17B,$0.07B,2.30%,$0.07B,$4.70B,1.67%,$0.07B,$2.09B,3.14%,$0.07B,$7.36B,1.07%,$0.11B,$5.98B,2.06%,$861,$545,$315,$166,$145,$857,$4,$-13,$-9,$-16,$6,$6,$6,$90,$4,$171,173,$0.04,$0.04,$2521,$530,$0,$3846,$591,$0,$2608,$318,$3517,$7363,$825,$1287,$554,$1841,$2667,$0,$2868,$-24,$4697,$7363,$9,$169,$29,$198,$0,$0,$0,$210,$210,$442,$-82,$0,$-9,$-40,$0,$-40,$0,$-131,$-1,$0,$-1,$-693,$-693,$0,$0,$-693,$-375,$48,$0
24,2012-09-30,30.04,$28.58,1.05,$21.19,1.42,$8.83,3.4,$0.80,37.55,$4.17B,$0.85B,4.88,$1.28B,$5.01B,0.26,$2.89B,$1.13B,39.21%,$2.89B,$0.16B,5.39%,$2.89B,$0.16B,5.39%,$2.89B,$0.34B,11.65%,$2.89B,$0.13B,4.32%,$2.89B,$0.10B,3.46%,$0.10B,$5.01B,2.63%,$0.10B,$2.37B,4.22%,$0.10B,$7.72B,1.67%,$0.16B,$6.29B,3.29%,$907,$573,$334,$163,$154,$890,$17,$-10,$7,$4,$3,$3,$3,$99,$17,$180,182,$0.02,$0.02,$2724,$568,$0,$4169,$593,$0,$2643,$319,$3555,$7724,$854,$1279,$580,$1858,$2713,$0,$2862,$-34,$5012,$7724,$3,$83,$12,$95,$0,$0,$0,$143,$143,$249,$-44,$0,$0,$-17,$0,$-17,$0,$-60,$-1,$0,$-1,$-344,$-344,$0,$0,$-345,$-153,$24,$0
25,2012-06-30,35.67,$27.49,1.3,$21.69,1.64,$8.28,4.31,$1.36,26.23,$4.42B,$1.43B,3.09,$0.95B,$5.13B,0.19,$2.67B,$1.08B,40.68%,$2.67B,$0.24B,8.93%,$2.67B,$0.24B,8.93%,$2.67B,$0.37B,13.70%,$2.67B,$0.21B,7.69%,$2.67B,$0.17B,6.34%,$0.17B,$5.13B,5.37%,$0.17B,$2.45B,7.28%,$0.17B,$8.01B,3.37%,$0.24B,$6.08B,6.03%,$742,$444,$298,$125,$143,$709,$33,$-10,$23,$5,$18,$18,$18,$74,$33,$124,125,$0.12,$0.12,$2863,$633,$0,$4415,$585,$0,$2687,$318,$3590,$8005,$1427,$952,$494,$1446,$2873,$0,$2859,$-34,$5132,$8005,$169,$128,$125,$252,$66,$74,$12,$34,$66,$499,$-105,$0,$419,$-53,$8,$-44,$-0,$270,$-5,$0,$-5,$-745,$-745,$0,$58,$-693,$73,$82,$0
26,2012-03-31,42.17,$21.78,1.94,$21.78,1.94,$11.17,3.78,$2.24,18.83,$3.42B,$0.65B,5.25,$0.76B,$2.61B,0.29,$2.68B,$1.12B,42.02%,$2.68B,$0.35B,12.97%,$2.68B,$0.35B,12.97%,$2.68B,$0.46B,17.08%,$2.68B,$0.32B,11.93%,$2.68B,$0.28B,10.36%,$0.28B,$2.61B,11.16%,$0.28B,$2.41B,12.19%,$0.28B,$4.19B,6.87%,$0.35B,$3.37B,10.74%,$659,$392,$267,$113,$96,$601,$58,$-4,$55,$9,$46,$46,$46,$87,$58,$120,121,$0.38,$0.38,$2404,$376,$0,$3424,$280,$0,$203,$286,$769,$4193,$652,$755,$177,$932,$1584,$0,$2841,$-16,$2609,$4193,$151,$86,$56,$142,$0,$0,$0,$106,$106,$402,$-68,$0,$0,$-382,$8,$-374,$0,$-442,$-4,$0,$-4,$-93,$-93,$0,$57,$-40,$-82,$52,$0
27,2011-12-31,34.99,$20.60,1.7,$22.79,1.54,$13.12,2.67,$3.31,10.57,$3.21B,$0.59B,5.41,$0.75B,$2.46B,0.3,$2.83B,$1.23B,43.58%,$2.83B,$0.49B,17.20%,$2.83B,$0.49B,17.20%,$2.83B,$0.59B,20.71%,$2.83B,$0.46B,16.39%,$2.83B,$0.41B,14.62%,$0.41B,$2.46B,17.13%,$0.41B,$2.26B,18.80%,$0.41B,$3.98B,10.95%,$0.49B,$3.21B,16.35%,$584,$349,$235,$104,$83,$536,$48,$-8,$40,$7,$33,$33,$33,$77,$48,$120,121,$0.28,$0.27,$2220,$373,$0,$3213,$272,$0,$208,$281,$765,$3978,$594,$749,$173,$922,$1515,$0,$2795,$-33,$2463,$3978,$105,$57,$37,$94,$0,$0,$0,$54,$54,$256,$-40,$0,$0,$-100,$8,$-92,$0,$-132,$-3,$0,$-3,$-82,$-82,$0,$-22,$-107,$15,$36,$0
28,2011-09-30,35.9,$19.57,1.83,$24.94,1.44,$14.43,2.49,$4.82,7.45,$3.14B,$0.60B,5.27,$0.74B,$2.39B,0.31,$3.11B,$1.40B,45.08%,$3.11B,$0.68B,21.82%,$3.11B,$0.68B,21.82%,$3.11B,$0.77B,24.68%,$3.11B,$0.67B,21.37%,$3.11B,$0.60B,19.34%,$0.60B,$2.39B,25.98%,$0.60B,$2.18B,28.69%,$0.60B,$3.90B,17.16%,$0.68B,$3.13B,25.19%,$680,$397,$284,$103,$80,$581,$99,$-12,$87,$15,$72,$72,$72,$127,$99,$123,124,$0.58,$0.58,$2052,$396,$0,$3135,$266,$0,$212,$283,$766,$3901,$595,$743,$173,$916,$1511,$0,$2762,$-16,$2390,$3901,$72,$28,$20,$48,$0,$0,$0,$-34,$-34,$87,$-16,$0,$0,$-85,$0,$-85,$0,$-101,$-2,$0,$-2,$-63,$-63,$0,$-73,$-138,$-153,$18,$0
29,2011-06-30,41.85,$19.99,2.09,$25.89,1.62,$15.74,2.66,$5.79,7.23,$3.27B,$0.68B,4.81,$0.74B,$2.47B,0.3,$3.24B,$1.50B,46.20%,$3.24B,$0.80B,24.83%,$3.24B,$0.80B,24.83%,$3.24B,$0.88B,27.27%,$3.24B,$0.80B,24.74%,$3.24B,$0.72B,22.36%,$0.72B,$2.47B,33.04%,$0.72B,$2.25B,36.80%,$0.72B,$4.05B,22.65%,$0.80B,$3.21B,33.68%,$752,$414,$338,$100,$80,$610,$142,$-5,$137,$11,$126,$126,$126,$166,$142,$124,125,$1.02,$1.01,$2122,$397,$0,$3273,$270,$0,$217,$290,$781,$4054,$681,$738,$165,$903,$1584,$0,$2690,$10,$2470,$4054,$724,$78,$59,$138,$-90,$-77,$42,$9,$22,$881,$-126,$0,$0,$-354,$0,$-354,$-0,$-480,$697,$0,$697,$-44,$-44,$0,$-126,$527,$946,$53,$0
30,2011-03-31,53.55,$18.73,2.86,$25.30,2.12,$12.16,4.4,$5.88,9.11,$2.37B,$0.67B,3.56,$0.02B,$2.32B,0.01,$3.18B,$1.48B,46.49%,$3.18B,$0.82B,25.72%,$3.18B,$0.82B,25.72%,$3.18B,$0.89B,27.98%,$3.18B,$0.82B,25.87%,$3.18B,$0.74B,23.20%,$0.74B,$2.32B,36.61%,$0.74B,$2.10B,41.30%,$0.74B,$3.15B,26.31%,$0.82B,$2.34B,40.26%,$809,$435,$374,$97,$80,$612,$197,$2,$199,$16,$182,$182,$182,$215,$197,$124,125,$1.47,$1.45,$1256,$356,$0,$2373,$252,$0,$221,$273,$776,$3148,$667,$16,$142,$158,$825,$0,$2564,$-0,$2323,$3148,$598,$55,$33,$88,$0,$0,$0,$0,$0,$683,$-91,$0,$0,$-37,$0,$-37,$-0,$-129,$-4,$0,$-4,$-134,$-134,$0,$-35,$-173,$397,$38,$0
31,2010-12-31,48.94,$16.91,2.89,$23.76,2.06,$8.70,5.63,$5.37,9.11,$2.18B,$0.69B,3.16,$0.02B,$2.09B,0.01,$3.01B,$1.40B,46.52%,$3.01B,$0.77B,25.62%,$3.01B,$0.77B,25.62%,$3.01B,$0.84B,28.02%,$3.01B,$0.78B,25.79%,$3.01B,$0.68B,22.50%,$0.68B,$2.09B,36.62%,$0.68B,$1.86B,41.94%,$0.68B,$2.93B,26.01%,$0.77B,$2.10B,41.32%,$871,$463,$407,$90,$76,$630,$241,$1,$242,$20,$222,$222,$222,$260,$241,$123,125,$1.80,$1.78,$1032,$334,$0,$2180,$230,$0,$226,$270,$753,$2933,$690,$17,$142,$159,$848,$0,$2382,$-25,$2085,$2933,$416,$37,$18,$54,$0,$0,$0,$-25,$-25,$441,$-56,$0,$0,$-26,$0,$-26,$-0,$-81,$-3,$0,$-3,$-138,$-138,$0,$-47,$-188,$183,$26,$0
32,2010-09-30,39.55,$15.35,2.58,$20.57,1.92,$6.10,6.49,$4.13,9.58,$1.92B,$0.61B,3.13,$0.02B,$1.89B,0.01,$2.62B,$1.21B,46.24%,$2.62B,$0.62B,23.66%,$2.62B,$0.62B,23.66%,$2.62B,$0.69B,26.40%,$2.62B,$0.62B,23.81%,$2.62B,$0.52B,19.99%,$0.52B,$1.89B,30.45%,$0.52B,$1.66B,35.38%,$0.52B,$2.65B,21.72%,$0.62B,$1.90B,35.57%,$806,$429,$377,$86,$72,$582,$224,$-1,$223,$29,$194,$194,$194,$242,$224,$124,125,$1.57,$1.55,$933,$338,$0,$1919,$206,$0,$232,$268,$733,$2652,$612,$15,$138,$153,$766,$0,$2160,$-40,$1887,$2652,$194,$18,$8,$26,$0,$0,$0,$38,$38,$256,$-19,$0,$0,$-25,$0,$-25,$-0,$-44,$-3,$0,$-3,$-137,$-137,$0,$4,$-136,$83,$13,$0
33,2010-06-30,35.97,$14.04,2.56,$16.62,2.16,$4.18,8.6,$2.71,13.27,$1.76B,$0.56B,3.14,$0.02B,$1.77B,0.01,$2.13B,$0.97B,45.41%,$2.13B,$0.43B,19.92%,$2.13B,$0.43B,19.92%,$2.13B,$0.50B,23.29%,$2.13B,$0.43B,20.15%,$2.13B,$0.35B,16.26%,$0.35B,$1.77B,21.35%,$0.35B,$1.53B,25.15%,$0.35B,$2.49B,15.44%,$0.43B,$1.79B,25.71%,$695,$374,$321,$86,$67,$540,$156,$4,$159,$19,$140,$140,$140,$173,$156,$127,128,$1.11,$1.10,$826,$318,$0,$1757,$200,$0,$237,$267,$731,$2487,$559,$18,$143,$161,$719,$0,$1966,$-70,$1768,$2487,$347,$71,$89,$161,$-247,$-80,$72,$54,$-160,$351,$-36,$0,$0,$-78,$-1,$-79,$11,$-103,$-21,$0,$-21,$-62,$-62,$0,$10,$-73,$172,$50,$0
34,2010-03-31,35.27,$13.05,2.7,$12.93,2.73,$0.75,47.03,$0.91,38.76,$1.61B,$0.53B,3.01,$0.02B,$1.64B,0.01,$1.66B,$0.72B,43.21%,$1.66B,$0.20B,12.31%,$1.66B,$0.20B,12.31%,$1.66B,$0.28B,17.14%,$1.66B,$0.21B,12.61%,$1.66B,$0.12B,7.18%,$0.12B,$1.64B,7.69%,$0.12B,$1.40B,9.19%,$0.12B,$2.32B,5.60%,$0.20B,$1.67B,12.91%,$633,$340,$293,$82,$62,$484,$149,$2,$151,$30,$120,$120,$120,$167,$149,$127,129,$0.94,$0.94,$679,$281,$0,$1605,$203,$0,$243,$259,$720,$2324,$533,$20,$126,$147,$680,$0,$1829,$-51,$1644,$2324,$207,$54,$68,$122,$0,$0,$0,$-146,$-146,$185,$-24,$0,$0,$-14,$0,$-14,$12,$-25,$-20,$0,$-20,$-56,$-56,$0,$1,$-75,$87,$38,$0
35,2009-12-31,37.06,$12.44,2.98,$9.40,3.94,$-0.97,0.0,$-1.61,0.0,$1.44B,$0.45B,3.22,$0.04B,$1.59B,0.02,$1.20B,$0.46B,38.40%,$1.20B,$-0.14B,-11.69%,$1.20B,$-0.14B,-11.69%,$1.20B,$0.03B,2.59%,$1.20B,$-0.12B,-10.35%,$1.20B,$-0.20B,-16.61%,$-0.20B,$1.59B,-13.17%,$-0.20B,$1.34B,-15.88%,$-0.20B,$2.19B,-9.70%,$-0.14B,$1.62B,-9.04%,$487,$266,$221,$82,$60,$396,$91,$-0,$91,$22,$70,$70,$70,$110,$91,$127,129,$0.55,$0.54,$646,$241,$0,$1435,$205,$0,$249,$280,$750,$2185,$445,$35,$120,$155,$600,$0,$1711,$-44,$1585,$2185,$86,$36,$57,$92,$0,$0,$0,$-104,$-104,$76,$-13,$0,$0,$-11,$0,$-11,$-7,$-31,$-2,$0,$-2,$9,$9,$0,$1,$8,$56,$27,$0
36,2009-09-30,32.29,$11.82,2.73,$7.88,4.1,$-1.65,0.0,$-2.34,0.0,$1.24B,$0.34B,3.68,$0.04B,$1.50B,0.02,$0.99B,$0.34B,34.21%,$0.99B,$-0.27B,-26.96%,$0.99B,$-0.27B,-26.96%,$0.99B,$-0.10B,-9.96%,$0.99B,$-0.26B,-26.16%,$0.99B,$-0.29B,-29.48%,$-0.29B,$1.50B,-18.96%,$-0.29B,$1.25B,-23.32%,$-0.29B,$2.00B,-13.69%,$-0.27B,$1.54B,-16.35%,$319,$184,$134,$71,$52,$289,$29,$-0,$29,$12,$17,$17,$17,$47,$29,$127,128,$0.13,$0.13,$576,$220,$0,$1240,$211,$0,$255,$272,$755,$1995,$337,$36,$119,$154,$491,$0,$1641,$-38,$1504,$1995,$17,$18,$28,$46,$0,$0,$0,$-61,$-61,$3,$-6,$0,$0,$-10,$0,$-10,$-8,$-23,$-2,$0,$-2,$6,$6,$0,$0,$4,$-13,$14,$0
37,2009-06-30,24.57,$11.48,2.14,$8.86,2.77,$-1.41,0.0,$-2.40,0.0,$1.24B,$0.38B,3.24,$0.04B,$1.45B,0.03,$1.12B,$0.39B,34.89%,$1.12B,$-0.28B,-25.11%,$1.12B,$-0.28B,-25.11%,$1.12B,$-0.11B,-10.04%,$1.12B,$-0.26B,-23.59%,$1.12B,$-0.30B,-27.00%,$-0.30B,$1.45B,-18.70%,$-0.30B,$1.19B,-23.32%,$-0.30B,$1.99B,-13.02%,$-0.28B,$1.49B,-15.90%,$218,$150,$68,$67,$49,$283,$-65,$3,$-62,$26,$-88,$-88,$-88,$-40,$-65,$126,126,$-0.71,$-0.71,$579,$233,$0,$1237,$216,$0,$261,$263,$756,$1993,$382,$41,$117,$158,$540,$0,$1624,$-53,$1453,$1993,$-302,$169,$141,$310,$152,$46,$-39,$-77,$-95,$-78,$-44,$0,$-19,$174,$-8,$165,$-96,$6,$-255,$0,$-255,$1,$1,$0,$-6,$-261,$-358,$53,$0
38,2009-03-31,21.52,$11.96,1.8,$11.60,1.85,$3.63,5.93,$-1.13,0.0,$1.25B,$0.37B,3.39,$0.04B,$1.50B,0.03,$1.46B,$0.56B,38.00%,$1.46B,$-0.15B,-10.32%,$1.46B,$-0.15B,-10.32%,$1.46B,$0.01B,0.75%,$1.46B,$-0.13B,-8.68%,$1.46B,$-0.14B,-9.64%,$-0.14B,$1.50B,-8.34%,$-0.14B,$1.24B,-10.55%,$-0.14B,$2.03B,-5.60%,$-0.15B,$1.54B,-7.94%,$174,$138,$37,$70,$59,$370,$-195,$13,$-182,$17,$-198,$-198,$-198,$-86,$-195,$126,126,$-1.58,$-1.58,$623,$261,$0,$1253,$226,$0,$268,$271,$780,$2033,$370,$40,$120,$160,$530,$0,$1713,$-70,$1503,$2033,$-214,$144,$104,$248,$0,$0,$0,$-61,$-61,$-20,$-38,$0,$-19,$81,$0,$81,$-62,$-39,$-255,$0,$-255,$-8,$-8,$0,$-7,$-270,$-358,$40,$0
39,2008-12-31,20.11,$13.76,1.46,$15.06,1.34,$6.72,2.99,$1.27,15.84,$1.66B,$0.45B,3.72,$0.26B,$1.72B,0.15,$1.90B,$0.81B,42.35%,$1.90B,$0.13B,6.83%,$1.90B,$0.13B,6.83%,$1.90B,$0.20B,10.30%,$1.90B,$0.19B,10.04%,$1.90B,$0.16B,8.46%,$0.16B,$1.72B,9.30%,$0.16B,$1.35B,11.97%,$0.16B,$2.54B,5.95%,$0.13B,$1.98B,6.49%,$283,$182,$101,$69,$58,$321,$-37,$-7,$-45,$-20,$-24,$-24,$-24,$-20,$-37,$125,125,$-0.19,$-0.19,$950,$270,$0,$1660,$233,$0,$372,$247,$878,$2538,$446,$257,$114,$371,$817,$0,$1911,$-44,$1721,$2538,$-15,$35,$62,$97,$0,$0,$0,$-83,$-83,$4,$-28,$0,$-11,$47,$0,$47,$-50,$-42,$-15,$0,$-15,$-15,$-15,$0,$1,$-29,$-80,$29,$0
40,2008-09-30,29.76,$14.00,2.13,$17.62,1.69,$8.52,3.49,$2.37,12.56,$1.81B,$0.53B,3.39,$0.27B,$1.76B,0.15,$2.23B,$1.01B,45.43%,$2.23B,$0.33B,14.71%,$2.23B,$0.33B,14.71%,$2.23B,$0.39B,17.44%,$2.23B,$0.40B,17.80%,$2.23B,$0.30B,13.45%,$0.30B,$1.76B,17.77%,$0.30B,$1.39B,21.99%,$0.30B,$2.69B,11.18%,$0.33B,$2.03B,16.75%,$440,$257,$183,$82,$68,$424,$17,$9,$26,$17,$9,$9,$9,$34,$17,$126,127,$0.07,$0.07,$1059,$272,$0,$1808,$230,$0,$375,$238,$876,$2685,$534,$269,$116,$390,$924,$0,$1935,$-45,$1761,$2685,$9,$18,$23,$41,$0,$0,$0,$-9,$-9,$43,$-15,$0,$-2,$7,$0,$7,$-16,$-27,$-2,$0,$-2,$8,$8,$0,$4,$10,$13,$15,$0
41,2008-06-30,34.17,$14.21,2.4,$19.56,1.75,$9.95,3.43,$3.48,9.82,$1.92B,$0.64B,3.01,$0.28B,$1.78B,0.16,$2.48B,$1.17B,47.43%,$2.48B,$0.51B,20.57%,$2.48B,$0.51B,20.57%,$2.48B,$0.56B,22.79%,$2.48B,$0.58B,23.31%,$2.48B,$0.44B,17.78%,$0.44B,$1.78B,27.57%,$0.44B,$1.38B,33.01%,$0.44B,$2.81B,17.02%,$0.51B,$2.06B,27.34%,$566,$332,$235,$87,$77,$502,$64,$10,$74,$2,$72,$72,$72,$83,$64,$125,127,$0.57,$0.56,$1059,$282,$0,$1918,$236,$0,$403,$230,$889,$2807,$638,$277,$109,$390,$1028,$0,$1926,$11,$1779,$2807,$439,$55,$26,$80,$100,$20,$-40,$-86,$74,$590,$-77,$0,$-483,$19,$0,$19,$45,$-496,$0,$0,$0,$7,$7,$0,$59,$66,$159,$43,$0
42,2008-03-31,36.12,$13.34,2.71,$19.88,1.82,$11.29,3.2,$4.19,8.62,$1.89B,$0.73B,2.61,$0.29B,$1.66B,0.17,$2.59B,$1.28B,49.54%,$2.59B,$0.65B,24.92%,$2.59B,$0.65B,24.92%,$2.59B,$0.69B,26.82%,$2.59B,$0.71B,27.59%,$2.59B,$0.54B,20.79%,$0.54B,$1.66B,37.23%,$0.54B,$1.27B,43.02%,$0.54B,$2.79B,22.34%,$0.65B,$1.95B,37.85%,$614,$327,$287,$81,$74,$528,$86,$50,$136,$32,$104,$104,$104,$99,$86,$125,127,$0.83,$0.82,$843,$306,$0,$1891,$232,$0,$392,$245,$904,$2794,$725,$287,$109,$405,$1130,$0,$1854,$5,$1664,$2794,$367,$35,$-5,$30,$0,$0,$0,$-5,$-5,$390,$-58,$0,$-476,$51,$0,$51,$27,$-455,$-0,$0,$-0,$6,$6,$0,$37,$43,$-22,$31,$0
43,2007-12-31,40.86,$12.42,3.29,$19.58,2.09,$12.05,3.39,$4.52,9.04,$1.68B,$0.57B,2.94,$0.25B,$1.55B,0.16,$2.62B,$1.32B,50.34%,$2.62B,$0.75B,28.51%,$2.62B,$0.75B,28.51%,$2.62B,$0.80B,30.30%,$2.62B,$0.78B,29.80%,$2.62B,$0.60B,22.83%,$0.60B,$1.55B,41.08%,$0.60B,$1.42B,44.96%,$0.60B,$2.45B,25.36%,$0.75B,$1.80B,43.79%,$610,$303,$308,$80,$66,$449,$161,$-0,$161,$46,$115,$115,$115,$173,$161,$125,127,$0.92,$0.91,$870,$242,$0,$1676,$134,$0,$126,$476,$772,$2448,$569,$250,$80,$330,$899,$0,$1751,$2,$1549,$2448,$264,$23,$30,$53,$0,$0,$0,$-84,$-84,$244,$-39,$0,$0,$-32,$0,$-32,$-18,$-89,$-0,$0,$-0,$7,$7,$0,$38,$45,$202,$21,$0
44,2007-09-30,50.34,$11.17,4.51,$19.12,2.63,$12.85,3.92,$4.76,10.58,$1.58B,$0.57B,2.75,$0.25B,$1.39B,0.18,$2.65B,$1.34B,50.47%,$2.65B,$0.78B,29.54%,$2.65B,$0.78B,29.54%,$2.65B,$0.82B,31.13%,$2.65B,$0.83B,31.32%,$2.65B,$0.65B,24.59%,$0.65B,$1.39B,43.23%,$0.65B,$1.26B,47.12%,$0.65B,$2.29B,26.90%,$0.78B,$1.64B,44.22%,$685,$341,$344,$76,$70,$487,$198,$8,$206,$57,$149,$149,$149,$209,$198,$124,126,$1.20,$1.18,$911,$240,$0,$1579,$117,$0,$130,$426,$710,$2289,$574,$250,$74,$324,$898,$0,$1636,$-7,$1391,$2289,$149,$11,$15,$26,$0,$0,$0,$46,$46,$222,$-14,$0,$0,$-16,$0,$-16,$0,$-30,$-0,$0,$-0,$5,$5,$0,$21,$26,$219,$11,$0
45,2007-06-30,48.58,$9.52,5.1,$17.87,2.72,$12.61,3.85,$4.85,10.02,$1.42B,$0.67B,2.11,$0.25B,$1.18B,0.21,$2.57B,$1.31B,50.86%,$2.57B,$0.78B,30.36%,$2.57B,$0.78B,30.36%,$2.57B,$0.82B,31.80%,$2.57B,$0.85B,33.05%,$2.57B,$0.69B,26.73%,$0.69B,$1.18B,44.03%,$0.69B,$1.05B,46.79%,$0.69B,$2.10B,27.64%,$0.78B,$1.43B,42.21%,$679,$336,$343,$80,$63,$478,$200,$11,$211,$41,$170,$170,$170,$213,$200,$139,142,$1.30,$1.28,$671,$235,$0,$1416,$114,$0,$131,$413,$685,$2102,$673,$250,$2,$252,$925,$0,$1469,$-4,$1176,$2102,$686,$38,$70,$108,$-1,$-56,$9,$32,$29,$824,$-60,$0,$-181,$45,$0,$45,$113,$-83,$-100,$0,$-100,$-1023,$-1023,$0,$45,$-1078,$-337,$36,$0
46,2007-03-31,44.74,$12.51,3.58,$16.73,2.67,$9.48,4.72,$4.41,10.15,$1.94B,$0.64B,3.03,$0.25B,$1.72B,0.15,$2.41B,$1.24B,51.22%,$2.41B,$0.74B,30.54%,$2.41B,$0.74B,30.54%,$2.41B,$0.76B,31.66%,$2.41B,$0.80B,33.32%,$2.41B,$0.64B,26.44%,$0.64B,$1.72B,39.47%,$0.64B,$1.60B,41.08%,$0.64B,$2.61B,25.14%,$0.74B,$1.97B,38.21%,$650,$324,$326,$75,$62,$461,$189,$15,$204,$39,$165,$165,$165,$200,$189,$140,143,$1.17,$1.15,$1134,$228,$0,$1944,$107,$0,$118,$412,$666,$2610,$643,$250,$1,$251,$894,$0,$1365,$-7,$1716,$2610,$516,$26,$48,$73,$0,$0,$0,$-61,$-61,$530,$-46,$0,$-177,$-495,$0,$-495,$110,$-608,$-100,$0,$-100,$-274,$-274,$0,$35,$-339,$-416,$24,$0
47,2006-12-31,47.84,$12.27,3.9,$15.21,3.15,$7.83,6.11,$3.86,12.39,$1.96B,$0.64B,3.07,$0.30B,$1.74B,0.17,$2.20B,$1.13B,51.36%,$2.20B,$0.66B,29.91%,$2.20B,$0.66B,29.91%,$2.20B,$0.68B,30.91%,$2.20B,$0.72B,32.64%,$2.20B,$0.56B,25.41%,$0.56B,$1.74B,37.40%,$0.56B,$1.62B,38.27%,$0.56B,$2.68B,24.09%,$0.66B,$2.04B,37.71%,$633,$310,$323,$69,$59,$439,$195,$13,$208,$40,$167,$167,$167,$202,$195,$142,145,$1.18,$1.15,$1204,$212,$0,$1957,$97,$0,$121,$468,$723,$2680,$638,$300,$1,$301,$939,$0,$1200,$-7,$1741,$2680,$351,$14,$34,$48,$0,$0,$0,$-20,$-20,$379,$-27,$0,$-177,$-432,$0,$-432,$55,$-581,$-50,$0,$-50,$-46,$-46,$0,$15,$-81,$-282,$13,$0
