,Date,Stock Price,Book Value per Share,Price to Book Ratio,TTM Sales per Share,Price to Sales Ratio,TTM FCF per Share,Price to FCF Ratio,TTM Net EPS,PE Ratio,Current Assets,Current Liabilities,Current Ratio,Long Term Debt,Shareholder's Equity_x,Debt to Equity Ratio,TTM Revenue_x,TTM Gross Profit,Gross Margin,TTM Revenue_y,TTM Operating Income,Operating Margin,TTM Revenue_x,TTM EBIT,EBIT Margin,TTM Revenue_y,TTM EBITDA,EBITDA Margin,TTM Revenue_x,TTM Pre-Tax Income,Pre-Tax Margin,TTM Revenue_y,TTM Net Income_x,Net Margin,TTM Net Income_y,Shareholder's Equity_y,Return on Equity,TTM Net Income_x,Tangible Equity,Return on Tangible Equity,TTM Net Income_y,Total Assets,Return on Assets,TTM Net Income,LT Investments & Debt,Return on Investment,revenue,cost-goods-sold,gross-profit,research-development-expenses,selling-general-administrative-expenses,operating-expenses,operating-income,total-non-operating-income-expense,pre-tax-income,total-provision-income-taxes,income-after-taxes,income-from-continuous-operations,net-income,ebitda,ebit,basic-shares-outstanding,shares-outstanding,eps-basic-net-earnings-per-share,eps-earnings-per-share-diluted,cash-on-hand,inventory,other-current-assets,total-current-assets,net-property-plant-equipment,long-term-investments,goodwill-intangible-assets-total,other-long-term-assets,total-long-term-assets,total-assets,total-current-liabilities,long-term-debt,other-non-current-liabilities,total-long-term-liabilities,total-liabilities,common-stock-net,retained-earnings-accumulated-deficit,comprehensive-income,total-share-holder-equity,total-liabilities-share-holders-equity,net-income-loss,total-depreciation-amortization-cash-flow,other-non-cash-items,total-non-cash-items,change-in-accounts-receivable,change-in-inventories,change-in-accounts-payable,change-in-assets-liabilities,total-change-in-assets-liabilities,cash-flow-from-operating-activities,net-change-in-property-plant-equipment,net-change-in-intangible-assets,net-acquisitions-divestitures,net-change-in-short-term-investments,net-change-in-long-term-investments,net-change-in-investments-total,investing-activities-other,cash-flow-from-investing-activities,net-long-term-debt,net-current-debt,debt-issuance-retirement-net-total,net-common-equity-issued-repurchased,net-total-equity-issued-repurchased,total-common-preferred-stock-dividends-paid,financial-activities-other,cash-flow-from-financial-activities,net-cash-flow,stock-based-compensation,common-stock-dividends-paid
0,2018-09-30,17.7,$14.31,1.24,$23.47,0.75,$-0.41,0.0,$0.66,26.82,$0.49B,$0.16B,3.07,$0.02B,$0.58B,0.04,$0.94B,$0.34B,35.74%,$0.94B,$0.03B,3.19%,$0.94B,$0.03B,3.19%,$0.94B,$0.10B,10.96%,$0.94B,$0.03B,3.30%,$0.94B,$0.03B,2.87%,$0.03B,$0.58B,4.60%,$0.03B,$0.47B,5.64%,$0.03B,$0.79B,3.56%,$0.03B,$0.60B,4.98%,$251,$159,$92,$4,$103,$265,$-14,$0,$-13,$-5,$-8,$-8,$-8,$5,$-14,$38,38,$-0.22,$-0.22,$143,$18,$15,$485,$37,$0,$107,$48,$300,$785,$158,$21,$9,$51,$209,$0,$-23,$-0,$576,$785,$-8,$19,$13,$32,$-108,$-6,$16,$44,$-73,$-49,$-18,$0,$-12,$0,$0,$0,$0,$-29,$-4,$0,$-4,$-6,$-6,$0,$0,$-10,$-88,$4,$0
1,2018-06-30,16.37,$14.84,1.1,$22.78,0.72,$-0.56,0.0,$0.67,24.43,$0.46B,$0.12B,3.95,$0.01B,$0.59B,0.02,$0.92B,$0.33B,35.40%,$0.92B,$0.03B,2.83%,$0.92B,$0.03B,2.83%,$0.92B,$0.10B,11.00%,$0.92B,$0.03B,2.83%,$0.92B,$0.03B,2.94%,$0.03B,$0.59B,4.62%,$0.03B,$0.48B,5.67%,$0.03B,$0.74B,3.58%,$0.03B,$0.60B,4.34%,$239,$157,$82,$2,$70,$229,$10,$0,$10,$1,$9,$9,$9,$28,$10,$39,41,$0.24,$0.24,$231,$31,$10,$459,$29,$0,$108,$37,$283,$742,$116,$13,$10,$39,$155,$0,$-13,$-0,$587,$742,$27,$75,$26,$101,$12,$-4,$-2,$-29,$-25,$104,$-43,$0,$-7,$0,$0,$0,$0,$-50,$-13,$0,$-13,$-38,$-38,$0,$0,$-51,$2,$21,$0
2,2018-03-31,14.18,$14.56,0.97,$22.36,0.63,$-1.02,0.0,$0.27,52.52,$0.48B,$0.12B,3.92,$0.01B,$0.60B,0.02,$0.90B,$0.32B,35.75%,$0.90B,$0.02B,2.35%,$0.90B,$0.02B,2.35%,$0.90B,$0.10B,10.73%,$0.90B,$0.01B,1.23%,$0.90B,$0.01B,1.34%,$0.01B,$0.60B,2.06%,$0.01B,$0.49B,2.53%,$0.01B,$0.76B,1.60%,$0.02B,$0.61B,3.53%,$233,$149,$84,$2,$62,$213,$20,$0,$20,$7,$13,$13,$13,$38,$20,$40,41,$0.33,$0.32,$228,$18,$14,$482,$29,$0,$109,$32,$279,$761,$123,$14,$10,$39,$162,$0,$-23,$-1,$599,$761,$18,$58,$15,$73,$-16,$11,$-9,$-14,$-38,$53,$-33,$0,$-3,$0,$0,$0,$-1,$-36,$-10,$0,$-10,$-10,$-10,$0,$0,$-20,$-3,$15,$0
3,2017-12-31,15.9,$14.15,1.12,$22.31,0.71,$-1.41,0.0,$0.18,88.33,$0.49B,$0.12B,4.15,$0.01B,$0.59B,0.02,$0.89B,$0.32B,36.38%,$0.89B,$0.01B,1.58%,$0.89B,$0.01B,1.58%,$0.89B,$0.09B,10.28%,$0.89B,$0.00B,0.45%,$0.89B,$0.01B,0.90%,$0.01B,$0.59B,1.39%,$0.01B,$0.48B,1.71%,$0.01B,$0.75B,1.07%,$0.01B,$0.60B,2.38%,$217,$139,$78,$2,$62,$203,$14,$0,$14,$1,$13,$13,$13,$32,$14,$39,41,$0.34,$0.33,$190,$18,$15,$489,$29,$0,$110,$8,$260,$749,$118,$14,$11,$45,$163,$0,$-36,$-0,$586,$749,$5,$39,$14,$53,$-52,$11,$-9,$10,$-61,$-3,$-24,$0,$-2,$0,$0,$0,$0,$-26,$-7,$0,$-7,$-6,$-6,$0,$0,$-13,$-41,$10,$0
4,2017-09-30,17.84,$13.71,1.3,$22.64,0.79,$-1.11,0.0,$0.15,118.93,$0.50B,$0.14B,3.57,$0.02B,$0.57B,0.03,$0.89B,$0.33B,36.90%,$0.89B,$0.02B,2.02%,$0.89B,$0.02B,2.02%,$0.89B,$0.10B,10.80%,$0.89B,$0.01B,1.01%,$0.89B,$0.01B,0.79%,$0.01B,$0.57B,1.23%,$0.01B,$0.46B,1.52%,$0.01B,$0.76B,0.94%,$0.02B,$0.58B,3.10%,$229,$147,$81,$3,$96,$247,$-18,$0,$-18,$-9,$-8,$-8,$-8,$3,$-18,$39,39,$-0.21,$-0.21,$147,$19,$16,$498,$32,$0,$107,$7,$264,$762,$140,$15,$12,$56,$196,$0,$-49,$-0,$567,$762,$-8,$21,$13,$34,$-91,$-18,$8,$40,$-84,$-58,$-16,$0,$0,$0,$0,$0,$0,$-16,$-4,$0,$-4,$-4,$-4,$0,$-2,$-10,$-84,$3,$0
5,2017-06-30,17.92,$14.07,1.27,$22.83,0.78,$-1.17,0.0,0,0.0,$0.47B,$0.12B,4.02,$0.01B,$0.57B,0.02,$0.89B,$0.33B,37.35%,$0.89B,$0.01B,1.46%,$0.89B,$0.01B,1.46%,$0.89B,$0.09B,9.90%,$0.89B,$0.01B,0.56%,$0.89B,$0.00B,0.11%,$0.00B,$0.57B,0.18%,$0.00B,$0.47B,0.22%,$0.00B,$0.74B,0.13%,$0.01B,$0.58B,2.26%,$216,$139,$77,$3,$69,$211,$5,$-9,$-5,$2,$-7,$-7,$-6,$23,$5,$38,40,$-0.18,$-0.16,$231,$31,$12,$474,$26,$0,$107,$6,$262,$735,$118,$10,$12,$43,$161,$0,$-41,$-0,$574,$735,$-0,$74,$34,$109,$-28,$1,$5,$8,$-19,$89,$-48,$0,$-9,$0,$0,$0,$0,$-57,$-16,$0,$-16,$1,$1,$0,$0,$-15,$17,$23,$0
6,2017-03-31,19.15,$14.10,1.36,$23.06,0.83,$-0.68,0.0,$0.14,136.79,$0.48B,$0.12B,3.9,$0.01B,$0.57B,0.02,$0.89B,$0.33B,37.25%,$0.89B,$0.01B,1.01%,$0.89B,$0.01B,1.01%,$0.89B,$0.08B,9.28%,$0.89B,$0.01B,1.12%,$0.89B,$0.01B,0.67%,$0.01B,$0.57B,1.07%,$0.01B,$0.46B,1.34%,$0.01B,$0.75B,0.81%,$0.01B,$0.58B,1.58%,$223,$136,$86,$4,$70,$210,$13,$1,$13,$5,$9,$9,$9,$33,$13,$38,39,$0.24,$0.23,$195,$19,$25,$480,$26,$0,$108,$6,$266,$745,$123,$12,$11,$50,$173,$0,$-34,$0,$572,$745,$6,$56,$23,$79,$-61,$13,$-10,$23,$-48,$37,$-33,$0,$0,$0,$0,$0,$-9,$-42,$-12,$0,$-12,$-3,$-3,$0,$0,$-14,$-19,$15,$0
7,2016-12-31,17.16,$13.76,1.25,$23.08,0.74,$-0.27,0.0,$0.28,61.29,$0.46B,$0.13B,3.67,$0.01B,$0.56B,0.02,$0.89B,$0.33B,37.44%,$0.89B,$0.02B,1.68%,$0.89B,$0.02B,1.68%,$0.89B,$0.09B,9.75%,$0.89B,$0.02B,1.79%,$0.89B,$0.01B,1.23%,$0.01B,$0.56B,1.99%,$0.01B,$0.45B,2.44%,$0.01B,$0.74B,1.48%,$0.02B,$0.57B,2.65%,$221,$138,$84,$3,$62,$203,$18,$0,$19,$8,$11,$11,$12,$37,$18,$38,39,$0.31,$0.30,$182,$17,$23,$460,$28,$0,$109,$11,$278,$737,$125,$12,$9,$52,$178,$0,$-44,$0,$560,$737,$-3,$36,$17,$53,$-49,$12,$-8,$28,$-40,$10,$-24,$0,$0,$0,$0,$0,$-9,$-33,$-8,$0,$-8,$-1,$-1,$0,$0,$-9,$-32,$9,$0
8,2016-09-30,14.35,$13.37,1.07,$22.95,0.63,$-0.26,0.0,$0.21,68.33,$0.47B,$0.15B,3.2,$0.01B,$0.54B,0.02,$0.88B,$0.33B,37.39%,$0.88B,$0.01B,1.36%,$0.88B,$0.01B,1.36%,$0.88B,$0.08B,9.20%,$0.88B,$0.01B,1.36%,$0.88B,$0.01B,0.91%,$0.01B,$0.54B,1.46%,$0.01B,$0.43B,1.78%,$0.01B,$0.76B,1.09%,$0.01B,$0.56B,2.15%,$229,$144,$85,$3,$105,$252,$-23,$0,$-22,$-9,$-14,$-14,$-14,$-5,$-23,$38,38,$-0.36,$-0.36,$135,$16,$25,$472,$32,$0,$110,$14,$289,$761,$148,$13,$10,$69,$217,$0,$-55,$-0,$544,$761,$-14,$18,$16,$33,$-95,$14,$5,$24,$-79,$-60,$-14,$0,$0,$0,$0,$0,$0,$-14,$-4,$0,$-4,$-1,$-1,$0,$0,$-5,$-79,$5,$0
9,2016-06-30,12.49,$14.08,0.89,$22.82,0.55,$0.67,18.6,$0.23,54.3,$0.45B,$0.12B,3.62,$0.01B,$0.56B,0.02,$0.87B,$0.33B,37.39%,$0.87B,$0.02B,1.72%,$0.87B,$0.02B,1.72%,$0.87B,$0.08B,9.40%,$0.87B,$0.01B,1.49%,$0.87B,$0.01B,1.03%,$0.01B,$0.56B,1.66%,$0.01B,$0.45B,2.00%,$0.01B,$0.73B,1.23%,$0.02B,$0.57B,2.71%,$221,$143,$78,$1,$77,$221,$1,$-0,$0,$1,$-0,$-0,$-1,$18,$1,$38,39,$-0.03,$-0.03,$214,$31,$22,$446,$28,$0,$110,$16,$288,$734,$123,$10,$10,$52,$175,$0,$-41,$-0,$559,$734,$9,$68,$22,$91,$14,$3,$-4,$-11,$23,$122,$-63,$0,$-20,$0,$0,$0,$0,$-83,$-17,$0,$-17,$-3,$-3,$0,$0,$-21,$18,$19,$0
10,2016-03-31,9.89,$14.13,0.7,$23.39,0.42,$0.71,13.99,$-0.05,0.0,$0.49B,$0.12B,4.03,$0.01B,$0.55B,0.02,$0.89B,$0.32B,35.74%,$0.89B,$-0.00B,-0.23%,$0.89B,$-0.00B,-0.23%,$0.89B,$0.08B,8.57%,$0.89B,$-0.01B,-0.68%,$0.89B,$-0.00B,-0.23%,$-0.00B,$0.55B,-0.37%,$-0.00B,$0.47B,-0.44%,$-0.00B,$0.73B,-0.28%,$-0.00B,$0.56B,-0.36%,$221,$135,$87,$3,$65,$202,$19,$-0,$19,$5,$14,$14,$14,$37,$19,$38,39,$0.38,$0.37,$200,$16,$25,$489,$27,$0,$86,$7,$245,$734,$121,$10,$6,$61,$182,$0,$-40,$-1,$552,$734,$9,$51,$19,$69,$-38,$13,$-14,$18,$-17,$61,$-41,$0,$0,$0,$0,$0,$0,$-41,$-13,$0,$-13,$-3,$-3,$0,$0,$-16,$4,$14,$0
11,2015-12-31,8.8,$13.75,0.64,$24.25,0.36,$0.20,43.39,$0.03,293.33,$0.47B,$0.12B,4.04,$0.01B,$0.54B,0.02,$0.91B,$0.33B,35.78%,$0.91B,$0.01B,0.66%,$0.91B,$0.01B,0.66%,$0.91B,$0.08B,9.22%,$0.91B,$0.00B,0.22%,$0.91B,$0.00B,0.11%,$0.00B,$0.54B,0.19%,$0.00B,$0.45B,0.22%,$0.00B,$0.72B,0.14%,$0.01B,$0.55B,1.10%,$209,$130,$79,$3,$61,$194,$15,$-0,$15,$7,$8,$8,$9,$31,$15,$38,38,$0.23,$0.23,$171,$18,$25,$470,$29,$0,$86,$7,$245,$715,$116,$10,$9,$63,$180,$0,$-55,$-1,$535,$715,$-5,$33,$20,$53,$-44,$11,$-13,$22,$-35,$13,$-26,$0,$0,$0,$0,$0,$0,$-26,$-9,$0,$-9,$-2,$-2,$0,$0,$-12,$-25,$10,$0
12,2015-09-30,12.44,$13.45,0.92,$24.94,0.5,$-0.10,0.0,$0.13,95.69,$0.49B,$0.15B,3.26,$0.01B,$0.52B,0.02,$0.93B,$0.33B,35.69%,$0.93B,$0.01B,1.18%,$0.93B,$0.01B,1.18%,$0.93B,$0.09B,9.75%,$0.93B,$0.01B,0.86%,$0.93B,$0.00B,0.43%,$0.00B,$0.52B,0.76%,$0.00B,$0.44B,0.91%,$0.00B,$0.74B,0.55%,$0.01B,$0.54B,2.03%,$221,$139,$82,$3,$99,$242,$-20,$-0,$-21,$-8,$-13,$-13,$-13,$-4,$-20,$37,37,$-0.34,$-0.34,$151,$17,$28,$488,$32,$0,$87,$7,$249,$737,$150,$12,$8,$64,$213,$0,$-63,$-1,$524,$737,$-13,$17,$15,$32,$-75,$13,$12,$18,$-43,$-24,$-14,$0,$0,$0,$0,$0,$0,$-14,$-5,$0,$-5,$-2,$-2,$0,$0,$-7,$-45,$5,$0
13,2015-06-30,12.65,$14.01,0.9,$25.31,0.5,$-0.30,0.0,$0.29,43.62,$0.46B,$0.11B,4.15,$0.01B,$0.54B,0.02,$0.95B,$0.34B,35.93%,$0.95B,$0.02B,1.90%,$0.95B,$0.02B,1.90%,$0.95B,$0.10B,10.43%,$0.95B,$0.02B,1.69%,$0.95B,$0.01B,1.05%,$0.01B,$0.54B,1.92%,$0.01B,$0.45B,2.32%,$0.01B,$0.71B,1.38%,$0.02B,$0.55B,3.36%,$236,$167,$69,$4,$81,$252,$-16,$-3,$-19,$-7,$-13,$-13,$-12,$12,$-16,$37,38,$-0.32,$-0.31,$196,$30,$25,$459,$34,$0,$87,$6,$250,$709,$111,$13,$8,$61,$172,$0,$-50,$-1,$537,$709,$9,$80,$35,$115,$-2,$3,$-1,$-6,$-5,$120,$-62,$0,$-7,$0,$0,$0,$0,$-68,$-22,$0,$-22,$-29,$-29,$0,$0,$-50,$-0,$21,$0
14,2015-03-31,15.72,$13.93,1.13,$24.96,0.63,$0.02,845.16,$0.92,17.09,$0.48B,$0.14B,3.55,$0.01B,$0.53B,0.03,$0.95B,$0.36B,38.31%,$0.95B,$0.05B,4.97%,$0.95B,$0.05B,4.97%,$0.95B,$0.12B,12.38%,$0.95B,$0.05B,5.71%,$0.95B,$0.03B,3.60%,$0.03B,$0.53B,6.55%,$0.03B,$0.45B,7.89%,$0.03B,$0.74B,4.69%,$0.05B,$0.55B,8.80%,$245,$149,$96,$3,$65,$217,$27,$-0,$27,$11,$17,$17,$17,$45,$27,$37,37,$0.46,$0.45,$143,$18,$29,$482,$47,$0,$89,$6,$262,$744,$136,$14,$8,$74,$209,$0,$-39,$-1,$534,$744,$22,$52,$19,$72,$-81,$16,$-11,$26,$-48,$46,$-45,$0,$-7,$0,$0,$0,$0,$-52,$-17,$0,$-17,$-28,$-28,$0,$0,$-45,$-53,$13,$0
15,2014-12-31,11.87,$13.40,0.89,$24.36,0.49,$1.15,10.3,$0.87,13.64,$0.46B,$0.13B,3.56,$0.01B,$0.51B,0.03,$0.94B,$0.36B,38.61%,$0.94B,$0.05B,5.03%,$0.94B,$0.05B,5.03%,$0.94B,$0.12B,12.51%,$0.94B,$0.05B,5.78%,$0.94B,$0.03B,3.53%,$0.03B,$0.51B,6.36%,$0.03B,$0.42B,7.65%,$0.03B,$0.72B,4.56%,$0.05B,$0.53B,8.80%,$231,$145,$86,$3,$63,$211,$20,$0,$21,$9,$12,$12,$12,$38,$20,$37,37,$0.33,$0.33,$124,$20,$29,$455,$48,$0,$90,$6,$260,$715,$128,$14,$7,$74,$201,$0,$-56,$-1,$514,$715,$5,$35,$15,$50,$-72,$14,$-14,$34,$-48,$7,$-31,$0,$-7,$0,$0,$0,$0,$-38,$-11,$0,$-11,$-28,$-28,$0,$0,$-39,$-72,$9,$0
16,2014-09-30,15.96,$13.00,1.23,$23.74,0.67,$1.72,9.27,$0.45,35.47,$0.47B,$0.16B,2.98,$0.02B,$0.50B,0.03,$0.93B,$0.35B,37.18%,$0.93B,$0.02B,1.94%,$0.93B,$0.02B,1.94%,$0.93B,$0.11B,11.31%,$0.93B,$0.02B,2.59%,$0.93B,$0.02B,1.83%,$0.02B,$0.50B,3.25%,$0.02B,$0.41B,3.89%,$0.02B,$0.73B,2.32%,$0.02B,$0.51B,3.33%,$237,$147,$90,$3,$100,$250,$-13,$0,$-13,$-7,$-7,$-7,$-7,$4,$-13,$38,38,$-0.18,$-0.18,$109,$18,$32,$469,$52,$0,$90,$6,$262,$731,$157,$16,$7,$76,$233,$0,$-68,$-1,$498,$731,$-7,$17,$12,$29,$-91,$16,$11,$30,$-50,$-27,$-19,$0,$-7,$0,$0,$0,$0,$-25,$-6,$0,$-6,$-27,$-27,$0,$0,$-33,$-87,$4,$0
17,2014-06-30,24.07,$13.58,1.77,$23.49,1.02,$2.51,9.6,$0.50,48.14,$0.47B,$0.11B,4.09,$0.02B,$0.53B,0.03,$0.92B,$0.35B,38.08%,$0.92B,$0.02B,2.50%,$0.92B,$0.02B,2.50%,$0.92B,$0.11B,11.86%,$0.92B,$0.03B,3.05%,$0.92B,$0.02B,2.07%,$0.02B,$0.53B,3.56%,$0.02B,$0.45B,4.25%,$0.02B,$0.71B,2.54%,$0.02B,$0.55B,4.17%,$232,$142,$90,$2,$75,$219,$13,$6,$19,$7,$12,$12,$12,$30,$13,$39,39,$0.32,$0.32,$196,$34,$25,$465,$49,$0,$82,$5,$246,$712,$114,$16,$5,$69,$183,$0,$-61,$-0,$529,$712,$18,$86,$14,$100,$-12,$6,$10,$-1,$4,$123,$-49,$0,$0,$0,$0,$0,$4,$-46,$-23,$0,$-23,$-43,$-43,$0,$3,$-63,$15,$23,$0
18,2014-03-31,22.65,$13.37,1.69,$22.78,0.99,$1.76,12.85,$0.24,94.38,$0.49B,$0.13B,3.68,$0.02B,$0.53B,0.03,$0.89B,$0.33B,37.53%,$0.89B,$0.01B,1.24%,$0.89B,$0.01B,1.24%,$0.89B,$0.10B,11.01%,$0.89B,$0.01B,1.35%,$0.89B,$0.01B,0.90%,$0.01B,$0.53B,1.50%,$0.01B,$0.45B,1.80%,$0.01B,$0.74B,1.07%,$0.01B,$0.55B,1.99%,$235,$141,$95,$3,$64,$208,$27,$-0,$27,$12,$16,$16,$16,$45,$27,$40,40,$0.40,$0.40,$185,$21,$28,$487,$50,$0,$86,$6,$250,$737,$132,$17,$2,$71,$204,$0,$-74,$-0,$533,$737,$6,$69,$22,$91,$-52,$19,$3,$19,$-16,$82,$-36,$0,$0,$0,$0,$0,$-2,$-38,$-17,$0,$-17,$-22,$-22,$0,$-0,$-40,$4,$16,$0
19,2013-12-31,21.75,$13.08,1.66,$22.85,0.95,$1.24,17.6,$0.15,145.0,$0.50B,$0.14B,3.67,$0.02B,$0.53B,0.04,$0.87B,$0.33B,37.69%,$0.87B,$0.00B,0.34%,$0.87B,$0.00B,0.34%,$0.87B,$0.09B,10.19%,$0.87B,$0.00B,0.46%,$0.87B,$0.00B,0.46%,$0.00B,$0.53B,0.75%,$0.00B,$0.45B,0.91%,$0.00B,$0.75B,0.53%,$0.00B,$0.55B,0.55%,$224,$154,$70,$3,$76,$233,$-9,$-0,$-9,$-5,$-4,$-4,$-4,$26,$-9,$40,40,$-0.09,$-0.09,$163,$23,$27,$496,$56,$0,$87,$5,$253,$749,$135,$19,$3,$80,$215,$0,$-90,$-0,$534,$749,$-9,$51,$10,$61,$-69,$17,$-5,$30,$-31,$21,$-24,$0,$0,$0,$0,$0,$-2,$-26,$-12,$0,$-12,$-1,$-1,$0,$-1,$-14,$-19,$12,$0
20,2013-09-30,30.88,$13.09,2.36,$22.95,1.35,$1.49,20.78,$0.48,64.33,$0.53B,$0.18B,3.03,$0.02B,$0.54B,0.04,$0.86B,$0.34B,40.00%,$0.86B,$0.03B,3.27%,$0.86B,$0.03B,3.27%,$0.86B,$0.10B,11.23%,$0.86B,$0.03B,3.39%,$0.86B,$0.02B,2.11%,$0.02B,$0.54B,3.45%,$0.02B,$0.45B,4.20%,$0.02B,$0.80B,2.42%,$0.03B,$0.56B,5.17%,$228,$133,$95,$6,$98,$237,$-8,$-0,$-9,$-3,$-5,$-5,$-5,$8,$-8,$38,38,$-0.13,$-0.13,$163,$28,$32,$528,$63,$0,$93,$5,$270,$798,$175,$19,$3,$85,$260,$0,$-86,$-0,$538,$798,$-5,$17,$-0,$17,$-86,$16,$29,$36,$-16,$-4,$-13,$0,$0,$0,$0,$0,$-2,$-15,$-6,$0,$-6,$6,$6,$0,$0,$0,$-18,$4,$0
21,2013-06-30,26.27,$13.28,1.98,$23.05,1.14,$1.02,25.72,$0.72,36.49,$0.46B,$0.11B,4.19,$0.02B,$0.53B,0.03,$0.85B,$0.35B,41.16%,$0.85B,$0.05B,5.31%,$0.85B,$0.05B,5.31%,$0.85B,$0.11B,13.21%,$0.85B,$0.05B,5.42%,$0.85B,$0.03B,3.18%,$0.03B,$0.53B,5.30%,$0.03B,$0.44B,6.53%,$0.03B,$0.72B,3.73%,$0.05B,$0.55B,8.51%,$203,$129,$74,$6,$66,$202,$1,$2,$3,$2,$1,$1,$1,$19,$1,$36,39,$0.06,$0.06,$181,$44,$24,$458,$56,$0,$94,$3,$261,$719,$109,$16,$3,$76,$185,$63,$-81,$-0,$534,$719,$27,$66,$23,$89,$-28,$-7,$-2,$8,$-21,$94,$-50,$0,$0,$0,$0,$0,$0,$-50,$-22,$0,$-22,$5,$5,$0,$10,$-7,$37,$14,$0
22,2013-03-31,24.11,$12.98,1.86,$22.25,1.08,$-0.51,0.0,$0.71,33.96,$0.47B,$0.14B,3.41,$0.02B,$0.52B,0.04,$0.82B,$0.34B,42.09%,$0.82B,$0.05B,5.64%,$0.82B,$0.05B,5.64%,$0.82B,$0.11B,13.62%,$0.82B,$0.05B,5.52%,$0.82B,$0.03B,3.44%,$0.03B,$0.52B,5.66%,$0.03B,$0.42B,7.03%,$0.03B,$0.74B,3.96%,$0.05B,$0.54B,8.94%,$218,$128,$90,$5,$66,$199,$19,$-0,$19,$8,$11,$11,$12,$36,$19,$36,36,$0.31,$0.31,$157,$29,$14,$465,$61,$10,$95,$3,$275,$740,$137,$20,$2,$85,$222,$63,$-83,$-0,$518,$740,$25,$48,$24,$72,$-76,$8,$-4,$18,$-39,$59,$-37,$0,$0,$0,$0,$0,$0,$-37,$-16,$0,$-16,$1,$1,$0,$4,$-10,$12,$10,$0
23,2012-12-31,20.44,$13.55,1.51,$21.20,0.96,$-2.42,0.0,$0.58,35.24,$0.44B,$0.14B,3.27,$0.02B,$0.50B,0.04,$0.78B,$0.33B,41.94%,$0.78B,$0.04B,5.03%,$0.78B,$0.04B,5.03%,$0.78B,$0.10B,13.03%,$0.78B,$0.04B,4.77%,$0.78B,$0.02B,2.84%,$0.02B,$0.50B,4.54%,$0.02B,$0.40B,5.68%,$0.02B,$0.72B,3.21%,$0.04B,$0.52B,7.73%,$206,$123,$83,$6,$61,$190,$16,$-0,$16,$7,$9,$9,$10,$33,$16,$36,36,$0.24,$0.24,$143,$29,$16,$444,$63,$10,$96,$3,$275,$719,$136,$21,$2,$83,$219,$63,$-95,$-0,$499,$719,$14,$32,$14,$46,$-63,$8,$-4,$27,$-28,$32,$-26,$0,$0,$0,$0,$0,$0,$-26,$-11,$0,$-11,$-0,$-0,$0,$3,$-8,$-1,$6,$0
24,2012-09-30,20.2,$13.17,1.53,$20.12,1.0,$-3.73,0.0,$0.45,44.89,$0.45B,$0.15B,2.92,$0.02B,$0.49B,0.05,$0.74B,$0.31B,42.12%,$0.74B,$0.03B,4.08%,$0.74B,$0.03B,4.08%,$0.74B,$0.09B,12.23%,$0.74B,$0.03B,3.80%,$0.74B,$0.02B,2.17%,$0.02B,$0.49B,3.35%,$0.02B,$0.39B,4.23%,$0.02B,$0.72B,2.40%,$0.03B,$0.51B,6.05%,$221,$119,$102,$4,$90,$212,$9,$-0,$8,$4,$5,$5,$4,$24,$9,$36,36,$0.11,$0.11,$108,$28,$20,$445,$66,$10,$97,$2,$275,$719,$152,$22,$2,$82,$234,$63,$-105,$-0,$485,$719,$5,$16,$6,$22,$-98,$10,$9,$38,$-44,$-17,$-15,$0,$0,$0,$0,$0,$0,$-15,$-5,$0,$-5,$-1,$-1,$0,$1,$-5,$-37,$3,$0
25,2012-06-30,23.3,$12.19,1.91,$19.36,1.2,$-4.04,0.0,$0.46,50.65,$0.39B,$0.10B,3.96,$0.02B,$0.48B,0.03,$0.71B,$0.30B,42.37%,$0.71B,$0.03B,4.10%,$0.71B,$0.03B,4.10%,$0.71B,$0.09B,12.29%,$0.71B,$0.03B,3.95%,$0.71B,$0.02B,2.26%,$0.02B,$0.48B,3.39%,$0.02B,$0.38B,4.32%,$0.02B,$0.65B,2.45%,$0.03B,$0.49B,5.93%,$170,$103,$68,$5,$61,$168,$2,$-0,$2,$1,$1,$1,$2,$18,$2,$36,39,$0.05,$0.04,$146,$38,$15,$387,$56,$10,$98,$3,$262,$649,$98,$16,$2,$74,$171,$63,$-109,$0,$478,$649,$16,$58,$26,$84,$-64,$-9,$3,$-1,$-67,$33,$-49,$0,$-13,$0,$0,$0,$0,$-61,$-18,$0,$-18,$2,$2,$0,$-3,$-20,$-48,$10,$0
26,2012-03-31,23.63,$12.21,1.94,$18.67,1.27,$-3.07,0.0,$0.33,71.61,$0.39B,$0.11B,3.43,$0.02B,$0.48B,0.04,$0.67B,$0.28B,42.34%,$0.67B,$0.02B,3.15%,$0.67B,$0.02B,3.15%,$0.67B,$0.08B,11.26%,$0.67B,$0.02B,3.00%,$0.67B,$0.01B,1.65%,$0.01B,$0.48B,2.36%,$0.01B,$0.38B,3.01%,$0.01B,$0.65B,1.73%,$0.02B,$0.50B,4.36%,$178,$106,$72,$7,$54,$167,$12,$-0,$11,$5,$7,$7,$6,$26,$12,$36,36,$0.18,$0.18,$125,$28,$13,$390,$61,$10,$100,$3,$261,$652,$114,$19,$3,$60,$174,$63,$-111,$0,$478,$652,$15,$42,$17,$59,$-109,$3,$-4,$18,$-88,$-14,$-33,$0,$-13,$0,$0,$0,$0,$-45,$-13,$0,$-13,$2,$2,$0,$1,$-11,$-69,$7,$0
27,2011-12-31,17.94,$11.98,1.5,$17.81,1.01,$-1.94,0.0,$0.31,57.87,$0.39B,$0.12B,3.25,$0.02B,$0.47B,0.04,$0.62B,$0.26B,42.56%,$0.62B,$0.02B,3.24%,$0.62B,$0.02B,3.24%,$0.62B,$0.07B,11.49%,$0.62B,$0.02B,3.24%,$0.62B,$0.01B,1.62%,$0.01B,$0.47B,2.35%,$0.01B,$0.37B,3.05%,$0.01B,$0.65B,1.71%,$0.02B,$0.49B,4.54%,$167,$99,$68,$8,$53,$159,$7,$-0,$7,$3,$4,$4,$4,$22,$7,$36,36,$0.11,$0.11,$135,$20,$15,$389,$60,$10,$101,$3,$259,$648,$120,$18,$3,$59,$179,$63,$-118,$0,$469,$648,$8,$28,$11,$38,$-101,$10,$-1,$22,$-66,$-19,$-21,$0,$-13,$0,$0,$0,$0,$-34,$-9,$0,$-9,$2,$2,$0,$1,$-6,$-59,$5,$0
28,2011-09-30,25.46,$11.80,2.16,$17.33,1.47,$-1.23,0.0,$0.43,59.21,$0.41B,$0.15B,2.77,$0.02B,$0.46B,0.04,$0.58B,$0.25B,42.76%,$0.58B,$0.03B,4.66%,$0.58B,$0.03B,4.66%,$0.58B,$0.07B,12.59%,$0.58B,$0.03B,4.66%,$0.58B,$0.01B,2.24%,$0.01B,$0.46B,3.52%,$0.01B,$0.36B,4.76%,$0.01B,$0.66B,2.43%,$0.03B,$0.48B,7.00%,$193,$101,$92,$6,$78,$185,$8,$-0,$8,$4,$4,$4,$4,$21,$8,$36,36,$0.12,$0.12,$135,$18,$18,$407,$58,$10,$104,$3,$256,$662,$147,$18,$3,$55,$202,$63,$-122,$0,$461,$662,$4,$13,$4,$17,$-118,$12,$11,$31,$-57,$-35,$-9,$0,$-13,$0,$0,$0,$0,$-21,$-5,$0,$-5,$0,$0,$0,$1,$-3,$-60,$2,$0
29,2011-06-30,33.14,$12.60,2.63,$16.33,2.03,$-0.56,0.0,$0.38,87.21,$0.35B,$0.08B,4.16,$0.01B,$0.45B,0.02,$0.52B,$0.22B,41.38%,$0.52B,$0.02B,4.60%,$0.52B,$0.02B,4.60%,$0.52B,$0.07B,12.84%,$0.52B,$0.02B,4.60%,$0.52B,$0.01B,2.11%,$0.01B,$0.45B,3.53%,$0.01B,$0.36B,4.92%,$0.01B,$0.58B,2.30%,$0.02B,$0.46B,7.34%,$128,$78,$50,$4,$52,$134,$-6,$-0,$-6,$-3,$-3,$-3,$-3,$6,$-6,$32,35,$-0.11,$-0.09,$195,$31,$9,$348,$47,$10,$94,$3,$234,$582,$84,$11,$3,$46,$129,$63,$-127,$0,$453,$582,$12,$43,$18,$61,$-16,$-5,$3,$9,$-6,$67,$-48,$0,$-25,$0,$-10,$-10,$0,$-83,$-15,$0,$-15,$137,$137,$0,$5,$127,$111,$9,$0
30,2011-03-31,33.7,$10.21,3.3,$15.54,2.17,$-0.11,0.0,$0.42,80.24,$0.22B,$0.08B,2.84,$0.01B,$0.32B,0.03,$0.48B,$0.20B,41.08%,$0.48B,$0.03B,5.81%,$0.48B,$0.03B,5.81%,$0.48B,$0.07B,13.90%,$0.48B,$0.03B,5.81%,$0.48B,$0.01B,2.70%,$0.01B,$0.32B,5.10%,$0.01B,$0.23B,6.98%,$0.01B,$0.45B,3.16%,$0.03B,$0.33B,10.39%,$130,$78,$53,$5,$37,$119,$11,$-0,$11,$5,$5,$5,$5,$22,$11,$31,32,$0.17,$0.16,$42,$19,$9,$219,$44,$10,$93,$5,$229,$448,$77,$11,$3,$48,$125,$63,$-124,$0,$322,$448,$15,$30,$17,$47,$-53,$7,$-4,$17,$-35,$27,$-32,$0,$-25,$0,$-12,$-12,$0,$-69,$-12,$0,$-12,$7,$7,$0,$5,$-0,$-42,$7,$0
31,2010-12-31,28.66,$7.75,3.7,$14.63,1.96,$0.61,46.86,$0.46,62.3,$0.23B,$0.08B,2.72,$0.03B,$0.24B,0.11,$0.45B,$0.19B,41.20%,$0.45B,$0.03B,6.01%,$0.45B,$0.03B,6.01%,$0.45B,$0.06B,13.59%,$0.45B,$0.03B,6.01%,$0.45B,$0.01B,3.12%,$0.01B,$0.24B,6.07%,$0.01B,$0.15B,7.59%,$0.01B,$0.45B,3.76%,$0.03B,$0.27B,11.01%,$129,$76,$53,$3,$35,$115,$14,$-0,$14,$6,$8,$8,$7,$24,$14,$31,31,$0.24,$0.23,$37,$17,$16,$226,$43,$0,$94,$14,$225,$452,$83,$27,$66,$127,$210,$0,$-129,$0,$241,$452,$10,$20,$13,$33,$-62,$9,$-3,$23,$-35,$7,$-20,$0,$-25,$0,$-12,$-12,$-7,$-64,$-8,$15,$7,$2,$2,$0,$1,$10,$-47,$5,$0
32,2010-09-30,29.03,$7.44,3.9,$13.59,2.14,$0.98,29.63,$0.55,52.78,$0.25B,$0.10B,2.52,$0.01B,$0.23B,0.06,$0.41B,$0.17B,42.13%,$0.41B,$0.03B,6.54%,$0.41B,$0.03B,6.54%,$0.41B,$0.06B,13.80%,$0.41B,$0.03B,6.54%,$0.41B,$0.02B,4.12%,$0.02B,$0.23B,7.60%,$0.02B,$0.16B,8.48%,$0.02B,$0.44B,5.16%,$0.03B,$0.24B,11.50%,$135,$75,$60,$4,$50,$129,$5,$-0,$5,$3,$2,$2,$2,$15,$5,$30,31,$0.07,$0.07,$64,$17,$11,$252,$37,$0,$74,$2,$182,$435,$100,$13,$68,$105,$204,$0,$-137,$0,$230,$435,$2,$9,$6,$16,$-70,$10,$13,$29,$-23,$-5,$-12,$0,$0,$0,$0,$0,$0,$-12,$-4,$0,$-4,$1,$1,$0,$0,$-3,$-19,$3,$0
33,2010-06-30,22.18,$7.42,2.99,$12.76,1.74,$1.20,18.54,$0.72,30.81,$0.20B,$0.05B,3.77,$0.01B,$0.23B,0.04,$0.38B,$0.16B,42.19%,$0.38B,$0.04B,9.11%,$0.38B,$0.04B,9.11%,$0.38B,$0.06B,15.89%,$0.38B,$0.03B,8.85%,$0.38B,$0.02B,5.73%,$0.02B,$0.23B,10.21%,$0.02B,$0.21B,10.48%,$0.02B,$0.31B,7.59%,$0.04B,$0.23B,15.42%,$88,$56,$32,$2,$32,$90,$-2,$-0,$-2,$-0,$-2,$-2,$-1,$6,$-2,$30,30,$-0.05,$-0.05,$85,$26,$7,$203,$24,$0,$16,$2,$105,$308,$54,$8,$0,$28,$82,$0,$-139,$0,$226,$308,$21,$26,$15,$41,$-18,$5,$2,$1,$-7,$55,$-24,$0,$0,$0,$0,$0,$0,$-24,$-14,$0,$-14,$9,$9,$0,$7,$2,$32,$6,$0
34,2010-03-31,22.21,$7.44,2.99,$12.28,1.81,$-1.07,0.0,$0.74,30.01,$0.21B,$0.06B,3.68,$0.01B,$0.23B,0.05,$0.37B,$0.16B,42.93%,$0.37B,$0.04B,10.05%,$0.37B,$0.04B,10.05%,$0.37B,$0.06B,16.58%,$0.37B,$0.04B,9.51%,$0.37B,$0.02B,5.98%,$0.02B,$0.23B,10.69%,$0.02B,$0.22B,10.80%,$0.02B,$0.29B,8.06%,$0.04B,$0.24B,16.97%,$97,$56,$40,$3,$27,$86,$10,$-0,$10,$4,$6,$6,$6,$16,$10,$30,30,$0.20,$0.20,$70,$23,$6,$206,$43,$0,$2,$2,$89,$294,$56,$11,$0,$13,$69,$0,$-138,$0,$225,$294,$23,$18,$15,$33,$-41,$9,$2,$9,$-22,$34,$-17,$0,$0,$0,$-1,$-1,$0,$-18,$-11,$0,$-11,$7,$7,$0,$4,$1,$17,$5,$0
35,2009-12-31,20.27,$7.12,2.85,$11.71,1.73,$-2.65,0.0,$0.66,30.71,$0.19B,$0.05B,3.67,$0.01B,$0.21B,0.06,$0.35B,$0.15B,42.24%,$0.35B,$0.03B,9.77%,$0.35B,$0.03B,9.77%,$0.35B,$0.06B,16.67%,$0.35B,$0.03B,9.20%,$0.35B,$0.02B,5.75%,$0.02B,$0.21B,10.28%,$0.02B,$0.21B,10.39%,$0.02B,$0.28B,7.60%,$0.03B,$0.23B,16.41%,$93,$52,$42,$2,$25,$79,$14,$-0,$14,$4,$10,$10,$10,$20,$14,$30,30,$0.33,$0.32,$51,$22,$6,$190,$44,$0,$2,$3,$90,$280,$52,$13,$0,$15,$67,$0,$-144,$0,$214,$280,$17,$12,$11,$23,$-48,$10,$-3,$15,$-30,$10,$-11,$0,$0,$0,$0,$0,$0,$-11,$-7,$0,$-7,$5,$5,$0,$2,$0,$-1,$3,$0
36,2009-09-30,16.48,$6.69,2.46,$11.22,1.47,$-3.79,0.0,$0.46,35.83,$0.18B,$0.06B,2.92,$0.02B,$0.20B,0.07,$0.33B,$0.13B,39.64%,$0.33B,$0.03B,7.81%,$0.33B,$0.03B,7.81%,$0.33B,$0.05B,14.71%,$0.33B,$0.02B,7.21%,$0.33B,$0.01B,4.20%,$0.01B,$0.20B,7.62%,$0.01B,$0.20B,7.69%,$0.01B,$0.28B,5.53%,$0.03B,$0.21B,13.18%,$106,$58,$48,$2,$33,$94,$13,$-0,$12,$5,$7,$7,$7,$19,$13,$29,30,$0.24,$0.24,$41,$20,$8,$184,$45,$0,$2,$2,$92,$277,$63,$15,$0,$16,$79,$0,$-154,$0,$197,$277,$7,$6,$7,$13,$-54,$12,$0,$20,$-23,$-3,$-6,$0,$0,$0,$0,$0,$0,$-6,$-3,$0,$-3,$1,$1,$0,$0,$-2,$-11,$2,$0
37,2009-06-30,21.55,$6.37,3.38,$10.67,2.02,$-4.44,0.0,$0.42,51.31,$0.15B,$0.04B,3.7,$0.01B,$0.19B,0.06,$0.32B,$0.12B,37.34%,$0.32B,$0.02B,6.96%,$0.32B,$0.02B,6.96%,$0.32B,$0.04B,13.92%,$0.32B,$0.02B,6.65%,$0.32B,$0.01B,4.11%,$0.01B,$0.19B,7.41%,$0.01B,$0.19B,7.47%,$0.01B,$0.24B,5.31%,$0.02B,$0.20B,11.66%,$72,$44,$28,$3,$25,$72,$-0,$-0,$-1,$-0,$-1,$-1,$-1,$6,$-0,$29,30,$-0.02,$-0.02,$52,$32,$2,$152,$38,$0,$2,$2,$88,$241,$41,$11,$0,$13,$54,$0,$-161,$0,$187,$241,$12,$21,$6,$26,$-22,$-12,$-4,$-11,$-48,$-9,$-28,$-0,$0,$0,$0,$0,$0,$-28,$-7,$0,$-7,$10,$10,$0,$12,$15,$-22,$3,$0
38,2009-03-31,13.9,$6.21,2.24,$11.59,1.2,$-3.34,0.0,$1.03,13.5,$0.17B,$0.06B,3.14,$0.01B,$0.18B,0.08,$0.30B,$0.11B,38.00%,$0.30B,$0.02B,7.00%,$0.30B,$0.02B,7.00%,$0.30B,$0.04B,13.67%,$0.30B,$0.02B,7.00%,$0.30B,$0.03B,10.33%,$0.03B,$0.18B,18.65%,$0.03B,$0.18B,18.79%,$0.03B,$0.25B,13.26%,$0.02B,$0.19B,11.76%,$77,$48,$29,$2,$19,$70,$7,$-0,$7,$3,$4,$4,$4,$13,$7,$29,29,$0.12,$0.12,$57,$23,$0,$172,$39,$0,$2,$4,$82,$254,$55,$14,$0,$20,$75,$0,$-160,$0,$180,$254,$12,$15,$4,$19,$-45,$-3,$0,$7,$-40,$-9,$-21,$-0,$0,$0,$0,$0,$-1,$-22,$-4,$0,$-4,$7,$7,$0,$12,$16,$-15,$2,$0
39,2008-12-31,18.75,$5.95,3.15,$10.92,1.72,$-2.59,0.0,$1.00,18.75,$0.16B,$0.05B,3.23,$0.01B,$0.17B,0.08,$0.28B,$0.11B,39.07%,$0.28B,$0.02B,6.45%,$0.28B,$0.02B,6.45%,$0.28B,$0.04B,12.90%,$0.28B,$0.02B,6.81%,$0.28B,$0.03B,10.39%,$0.03B,$0.17B,18.83%,$0.03B,$0.17B,19.02%,$0.03B,$0.24B,13.57%,$0.02B,$0.19B,10.91%,$78,$50,$27,$2,$19,$72,$6,$-0,$6,$2,$3,$3,$4,$11,$6,$29,30,$0.12,$0.12,$50,$12,$0,$160,$38,$0,$2,$6,$81,$241,$50,$14,$0,$20,$70,$0,$-164,$0,$171,$241,$9,$9,$3,$12,$-52,$8,$-6,$11,$-42,$-21,$-15,$-0,$0,$0,$0,$0,$0,$-15,$-1,$0,$-1,$6,$6,$0,$9,$14,$-21,$1,$0
40,2008-09-30,26.5,$5.73,4.63,$17.72,1.5,$-2.75,0.0,$-0.10,0.0,$0.16B,$0.06B,2.6,$0.01B,$0.16B,0.08,$0.26B,$0.10B,40.78%,$0.26B,$0.02B,5.88%,$0.26B,$0.02B,5.88%,$0.26B,$0.03B,12.16%,$0.26B,$0.02B,6.27%,$0.26B,$0.02B,7.45%,$0.02B,$0.16B,13.24%,$0.02B,$0.16B,13.43%,$0.02B,$0.24B,9.61%,$0.02B,$0.18B,9.82%,$89,$54,$34,$2,$23,$79,$9,$0,$9,$4,$5,$5,$6,$14,$9,$28,29,$0.21,$0.20,$49,$14,$0,$163,$36,$0,$2,$6,$79,$243,$63,$14,$0,$15,$78,$0,$-167,$0,$164,$243,$5,$4,$2,$7,$-58,$7,$-0,$19,$-35,$-23,$-6,$0,$0,$0,$0,$0,$0,$-6,$-2,$0,$-2,$5,$5,$0,$2,$6,$-23,$1,$0
