,Date,Stock Price,Book Value per Share,Price to Book Ratio,TTM Sales per Share,Price to Sales Ratio,TTM FCF per Share,Price to FCF Ratio,TTM Net EPS,PE Ratio,Current Assets,Current Liabilities,Current Ratio,Long Term Debt,Shareholder's Equity_x,Debt to Equity Ratio,TTM Revenue_x,TTM Gross Profit,Gross Margin,TTM Revenue_y,TTM Operating Income,Operating Margin,TTM Revenue_x,TTM EBIT,EBIT Margin,TTM Revenue_y,TTM EBITDA,EBITDA Margin,TTM Revenue_x,TTM Pre-Tax Income,Pre-Tax Margin,TTM Revenue_y,TTM Net Income_x,Net Margin,TTM Net Income_y,Shareholder's Equity_y,Return on Equity,TTM Net Income_x,Tangible Equity,Return on Tangible Equity,TTM Net Income_y,Total Assets,Return on Assets,TTM Net Income,LT Investments & Debt,Return on Investment,revenue,cost-goods-sold,gross-profit,research-development-expenses,selling-general-administrative-expenses,operating-expenses,operating-income,total-non-operating-income-expense,pre-tax-income,total-provision-income-taxes,income-after-taxes,income-from-continuous-operations,net-income,ebitda,ebit,basic-shares-outstanding,shares-outstanding,eps-basic-net-earnings-per-share,eps-earnings-per-share-diluted,cash-on-hand,inventory,other-current-assets,total-current-assets,net-property-plant-equipment,long-term-investments,goodwill-intangible-assets-total,other-long-term-assets,total-long-term-assets,total-assets,total-current-liabilities,long-term-debt,other-non-current-liabilities,total-long-term-liabilities,total-liabilities,common-stock-net,retained-earnings-accumulated-deficit,comprehensive-income,total-share-holder-equity,total-liabilities-share-holders-equity,net-income-loss,total-depreciation-amortization-cash-flow,other-non-cash-items,total-non-cash-items,change-in-accounts-receivable,change-in-inventories,change-in-accounts-payable,change-in-assets-liabilities,total-change-in-assets-liabilities,cash-flow-from-operating-activities,net-change-in-property-plant-equipment,net-change-in-intangible-assets,net-acquisitions-divestitures,net-change-in-short-term-investments,net-change-in-long-term-investments,net-change-in-investments-total,investing-activities-other,cash-flow-from-investing-activities,net-long-term-debt,net-current-debt,debt-issuance-retirement-net-total,net-common-equity-issued-repurchased,net-total-equity-issued-repurchased,total-common-preferred-stock-dividends-paid,financial-activities-other,cash-flow-from-financial-activities,net-cash-flow,stock-based-compensation,common-stock-dividends-paid
0,2018-09-30,8.0,$2.02,3.96,$3.18,2.52,$0.44,18.11,$-0.22,0.0,$0.28B,$0.07B,4.0,$0.26B,$0.26B,1.0,$0.40B,$0.22B,54.27%,$0.40B,$-0.00B,-0.75%,$0.40B,$-0.00B,-0.75%,$0.40B,$0.04B,10.80%,$0.40B,$-0.02B,-6.03%,$0.40B,$-0.03B,-6.53%,$-0.03B,$0.26B,-10.88%,$-0.03B,$-0.03B,39.25%,$-0.03B,$0.63B,-4.10%,$-0.00B,$0.52B,-0.58%,$101,$43,$58,$19,$22,$89,$13,$-6,$7,$0,$7,$7,$7,$22,$13,$128,129,$0.05,$0.05,$117,$66,$0,$284,$36,$0,$292,$20,$349,$632,$71,$261,$39,$300,$371,$1,$-470,$-3,$261,$632,$-19,$33,$22,$55,$-19,$14,$0,$-12,$-15,$21,$-6,$-6,$0,$-5,$0,$-5,$0,$-17,$-28,$0,$-28,$28,$28,$0,$-2,$-1,$1,$10,$0
1,2018-06-30,6.56,$1.84,3.57,$3.14,2.09,$0.59,11.06,$-0.62,0.0,$0.27B,$0.09B,3.11,$0.27B,$0.23B,1.15,$0.39B,$0.21B,54.24%,$0.39B,$-0.05B,-13.62%,$0.39B,$-0.05B,-13.62%,$0.39B,$-0.00B,-0.26%,$0.39B,$-0.07B,-19.02%,$0.39B,$-0.08B,-19.54%,$-0.08B,$0.23B,-33.30%,$-0.08B,$-0.07B,90.48%,$-0.08B,$0.62B,-11.85%,$-0.05B,$0.50B,-10.31%,$103,$52,$50,$21,$21,$116,$-14,$-5,$-19,$1,$-20,$-20,$-20,$-3,$-14,$125,125,$-0.16,$-0.16,$106,$66,$0,$270,$36,$0,$297,$20,$354,$623,$87,$266,$40,$306,$393,$1,$-477,$-2,$231,$623,$-26,$23,$19,$42,$-20,$15,$0,$-8,$-7,$10,$-4,$-4,$0,$-7,$0,$-7,$0,$-15,$-12,$0,$-12,$6,$6,$0,$-1,$-7,$-13,$7,$0
2,2018-03-31,5.57,$1.98,2.82,$3.09,1.8,$0.59,9.47,$-0.57,0.0,$0.28B,$0.07B,4.25,$0.30B,$0.25B,1.22,$0.38B,$0.21B,55.79%,$0.38B,$-0.05B,-12.63%,$0.38B,$-0.05B,-12.63%,$0.38B,$0.01B,2.37%,$0.38B,$-0.07B,-17.89%,$0.38B,$-0.07B,-18.16%,$-0.07B,$0.25B,-29.33%,$-0.07B,$-0.07B,72.82%,$-0.07B,$0.65B,-10.46%,$-0.05B,$0.55B,-9.11%,$99,$42,$57,$23,$27,$99,$-1,$-5,$-5,$1,$-6,$-6,$-6,$12,$-1,$124,124,$-0.05,$-0.05,$111,$78,$0,$281,$38,$0,$313,$13,$364,$645,$66,$299,$34,$333,$399,$1,$-456,$-1,$246,$645,$-6,$13,$5,$18,$-9,$2,$0,$-3,$-9,$2,$-2,$-2,$0,$-7,$0,$-7,$0,$-11,$-1,$0,$-1,$2,$2,$0,$-0,$0,$-7,$5,$0
3,2017-12-31,5.78,$1.76,3.29,$3.15,1.83,$0.62,9.35,$-0.58,0.0,$0.26B,$0.08B,3.15,$0.30B,$0.22B,1.38,$0.39B,$0.22B,55.96%,$0.39B,$-0.05B,-12.44%,$0.39B,$-0.05B,-12.44%,$0.39B,$0.01B,3.37%,$0.39B,$-0.07B,-18.13%,$0.39B,$-0.07B,-18.13%,$-0.07B,$0.22B,-29.11%,$-0.07B,$-0.10B,66.51%,$-0.07B,$0.64B,-10.35%,$-0.05B,$0.52B,-9.01%,$95,$44,$51,$24,$24,$96,$-1,$-6,$-7,$1,$-7,$-7,$-7,$12,$-1,$123,123,$-0.06,$-0.06,$112,$80,$0,$263,$40,$0,$319,$13,$373,$636,$84,$300,$35,$335,$418,$1,$-478,$-1,$218,$636,$-71,$60,$44,$103,$45,$-1,$0,$-15,$6,$39,$-4,$-9,$0,$0,$0,$0,$-1,$-8,$-35,$0,$-35,$6,$6,$0,$-3,$-33,$0,$13,$0
4,2017-09-30,5.21,$1.77,2.94,$3.36,1.55,$0.56,9.28,$-0.59,0.0,$0.28B,$0.13B,2.21,$0.28B,$0.22B,1.28,$0.41B,$0.23B,55.75%,$0.41B,$-0.05B,-11.74%,$0.41B,$-0.05B,-11.74%,$0.41B,$0.01B,3.42%,$0.41B,$-0.07B,-17.11%,$0.41B,$-0.07B,-17.36%,$-0.07B,$0.22B,-28.01%,$-0.07B,$-0.10B,64.84%,$-0.07B,$0.66B,-10.01%,$-0.05B,$0.50B,-8.79%,$92,$39,$53,$26,$21,$129,$-37,$-6,$-43,$-0,$-43,$-43,$-43,$-22,$-37,$123,123,$-0.35,$-0.35,$108,$77,$0,$284,$43,$0,$320,$13,$377,$661,$129,$280,$34,$314,$443,$1,$-471,$-3,$218,$661,$-63,$47,$43,$90,$21,$2,$0,$7,$9,$36,$-3,$-6,$0,$0,$0,$0,$-1,$-11,$-34,$0,$-34,$3,$3,$0,$-3,$-33,$-7,$9,$0
5,2017-06-30,6.66,$2.11,3.16,$3.55,1.88,$0.36,18.52,$-0.34,0.0,$0.27B,$0.12B,2.3,$0.29B,$0.26B,1.11,$0.43B,$0.24B,56.28%,$0.43B,$-0.02B,-3.95%,$0.43B,$-0.02B,-3.95%,$0.43B,$0.05B,10.70%,$0.43B,$-0.04B,-8.84%,$0.43B,$-0.04B,-9.30%,$-0.04B,$0.26B,-14.95%,$-0.04B,$-0.11B,34.86%,$-0.04B,$0.70B,-5.46%,$-0.02B,$0.55B,-3.00%,$94,$43,$51,$27,$22,$103,$-9,$-4,$-13,$0,$-13,$-13,$-13,$7,$-9,$122,122,$-0.11,$-0.11,$85,$78,$0,$269,$49,$0,$368,$11,$429,$697,$117,$287,$35,$322,$439,$1,$-428,$-3,$259,$697,$-20,$32,$-0,$32,$13,$1,$0,$2,$0,$12,$-7,$-4,$0,$-1,$0,$-1,$0,$-12,$-34,$0,$-34,$3,$3,$0,$-2,$-32,$-32,$7,$0
6,2017-03-31,6.92,$2.19,3.16,$3.61,1.92,$0.53,13.16,$-0.35,0.0,$0.27B,$0.11B,2.57,$0.30B,$0.27B,1.13,$0.44B,$0.25B,57.24%,$0.44B,$-0.01B,-3.22%,$0.44B,$-0.01B,-3.22%,$0.44B,$0.05B,11.03%,$0.44B,$-0.03B,-7.82%,$0.44B,$-0.04B,-9.43%,$-0.04B,$0.27B,-15.02%,$-0.04B,$-0.11B,34.02%,$-0.04B,$0.71B,-5.42%,$-0.01B,$0.57B,-2.42%,$105,$44,$61,$27,$24,$105,$-1,$-6,$-7,$1,$-7,$-7,$-7,$16,$-1,$122,122,$-0.06,$-0.06,$109,$78,$0,$273,$49,$0,$376,$13,$438,$711,$106,$302,$36,$338,$444,$1,$-415,$-4,$267,$711,$-7,$16,$4,$21,$34,$1,$0,$-2,$-6,$8,$-3,$-2,$0,$-2,$0,$-2,$0,$-7,$-11,$0,$-11,$1,$1,$0,$-1,$-10,$-9,$4,$0
7,2016-12-31,7.36,$2.22,3.31,$3.57,2.06,$0.64,11.55,$-0.46,0.0,$0.32B,$0.16B,2.0,$0.30B,$0.27B,1.11,$0.43B,$0.25B,57.38%,$0.43B,$-0.03B,-6.09%,$0.43B,$-0.03B,-6.09%,$0.43B,$0.04B,8.43%,$0.43B,$-0.05B,-10.54%,$0.43B,$-0.05B,-12.65%,$-0.05B,$0.27B,-19.35%,$-0.05B,$-0.12B,42.77%,$-0.05B,$0.77B,-6.95%,$-0.03B,$0.57B,-4.38%,$118,$55,$63,$26,$23,$119,$-1,$-6,$-7,$3,$-9,$-8,$-8,$13,$-1,$120,120,$-0.06,$-0.06,$117,$79,$0,$315,$49,$0,$389,$14,$452,$767,$158,$301,$38,$339,$496,$1,$-407,$-4,$270,$767,$-54,$63,$23,$87,$-11,$-3,$0,$12,$9,$42,$-15,$-9,$0,$6,$0,$6,$0,$-17,$-5,$0,$-5,$8,$8,$0,$-4,$-1,$22,$16,$0
8,2016-09-30,6.49,$2.26,2.87,$3.44,1.88,$0.06,104.17,$-0.77,0.0,$0.29B,$0.14B,2.16,$0.31B,$0.27B,1.13,$0.41B,$0.24B,57.56%,$0.41B,$-0.06B,-14.88%,$0.41B,$-0.06B,-14.88%,$0.41B,$0.01B,1.22%,$0.41B,$-0.08B,-19.51%,$0.41B,$-0.09B,-22.20%,$-0.09B,$0.27B,-31.60%,$-0.09B,$-0.12B,71.09%,$-0.09B,$0.76B,-11.64%,$-0.06B,$0.58B,-10.00%,$113,$46,$67,$28,$29,$119,$-6,$-5,$-11,$1,$-12,$-12,$-12,$10,$-6,$121,121,$-0.10,$-0.10,$99,$81,$0,$292,$52,$0,$397,$15,$464,$756,$135,$308,$40,$347,$483,$1,$-399,$-3,$274,$756,$-46,$49,$19,$68,$-6,$-5,$0,$1,$-3,$19,$-12,$-7,$0,$5,$0,$5,$0,$-14,$-4,$0,$-4,$5,$5,$0,$-3,$-2,$3,$12,$0
9,2016-06-30,5.35,$2.35,2.28,$3.44,1.56,$-0.27,0.0,$-0.88,0.0,$0.31B,$0.15B,2.01,$0.32B,$0.28B,1.12,$0.41B,$0.23B,56.27%,$0.41B,$-0.07B,-17.94%,$0.41B,$-0.07B,-17.94%,$0.41B,$-0.00B,-0.98%,$0.41B,$-0.09B,-23.10%,$0.41B,$-0.10B,-25.55%,$-0.10B,$0.28B,-34.18%,$-0.10B,$-0.13B,81.41%,$-0.10B,$0.79B,-12.99%,$-0.07B,$0.60B,-11.51%,$99,$41,$58,$31,$23,$106,$-6,$-3,$-9,$5,$-13,$-14,$-14,$9,$-6,$119,119,$-0.12,$-0.12,$119,$87,$0,$308,$52,$0,$413,$16,$482,$790,$153,$315,$40,$355,$508,$1,$-386,$-3,$281,$790,$-34,$33,$6,$39,$4,$-11,$0,$10,$27,$33,$-8,$-6,$0,$9,$0,$9,$0,$-5,$-3,$0,$-3,$3,$3,$0,$-1,$-2,$26,$8,$0
10,2016-03-31,5.68,$2.44,2.32,$3.52,1.61,$-0.67,0.0,$-1.06,0.0,$0.30B,$0.13B,2.39,$0.34B,$0.29B,1.15,$0.41B,$0.23B,55.31%,$0.41B,$-0.09B,-22.46%,$0.41B,$-0.09B,-22.46%,$0.41B,$-0.02B,-5.07%,$0.41B,$-0.12B,-28.26%,$0.41B,$-0.13B,-30.43%,$-0.13B,$0.29B,-38.92%,$-0.13B,$-0.13B,105.22%,$-0.13B,$0.79B,-15.49%,$-0.09B,$0.63B,-14.10%,$97,$39,$57,$33,$24,$110,$-13,$-4,$-18,$2,$-19,$-20,$-20,$4,$-13,$119,119,$-0.17,$-0.17,$116,$83,$0,$301,$53,$0,$423,$16,$493,$794,$126,$335,$41,$377,$502,$1,$-373,$-3,$291,$794,$-20,$18,$5,$23,$4,$-7,$0,$9,$20,$23,$-6,$-3,$0,$6,$0,$6,$0,$-3,$-1,$0,$-1,$1,$1,$0,$-1,$-0,$20,$5,$0
11,2015-12-31,6.47,$2.57,2.51,$3.46,1.87,$-0.84,0.0,$-1.35,0.0,$0.29B,$0.11B,2.57,$0.33B,$0.31B,1.08,$0.41B,$0.22B,54.19%,$0.41B,$-0.11B,-26.35%,$0.41B,$-0.11B,-26.35%,$0.41B,$-0.04B,-10.84%,$0.41B,$-0.13B,-31.53%,$0.41B,$-0.16B,-39.16%,$-0.16B,$0.31B,-45.66%,$-0.16B,$-0.13B,149.65%,$-0.16B,$0.79B,-19.05%,$-0.11B,$0.64B,-15.63%,$101,$47,$54,$32,$24,$138,$-36,$-5,$-42,$4,$-45,$-45,$-45,$-18,$-36,$117,117,$-0.39,$-0.39,$103,$76,$0,$286,$52,$0,$430,$17,$500,$786,$111,$331,$38,$369,$480,$1,$-353,$-3,$306,$786,$-159,$64,$62,$126,$5,$10,$0,$-2,$10,$-23,$-18,$-10,$-431,$122,$0,$122,$0,$-337,$344,$0,$344,$-1,$-1,$0,$-13,$330,$-31,$18,$0
12,2015-09-30,3.85,$2.87,1.34,$3.30,1.17,$-0.12,0.0,$-0.84,0.0,$0.30B,$0.11B,2.72,$0.34B,$0.34B,1.0,$0.39B,$0.21B,54.50%,$0.39B,$-0.07B,-16.97%,$0.39B,$-0.07B,-16.97%,$0.39B,$-0.02B,-4.11%,$0.39B,$-0.08B,-20.82%,$0.39B,$-0.10B,-25.45%,$-0.10B,$0.34B,-25.92%,$-0.10B,$-0.12B,-455.17%,$-0.10B,$0.83B,-12.93%,$-0.07B,$0.68B,-10.38%,$110,$50,$60,$38,$24,$128,$-18,$-7,$-25,$0,$-25,$-25,$-25,$1,$-18,$118,118,$-0.21,$-0.21,$118,$79,$0,$301,$50,$0,$460,$16,$530,$832,$111,$338,$37,$382,$493,$1,$-307,$-2,$339,$832,$-114,$45,$32,$77,$8,$7,$0,$4,$17,$-21,$-12,$-5,$-431,$136,$0,$136,$0,$-312,$345,$0,$345,$-4,$-4,$0,$-11,$330,$-3,$14,$0
13,2015-06-30,5.89,$3.06,1.93,$3.08,1.91,$0.42,13.98,$-0.55,0.0,$0.32B,$0.11B,2.82,$0.34B,$0.36B,0.94,$0.37B,$0.20B,55.46%,$0.37B,$-0.04B,-10.38%,$0.37B,$-0.04B,-10.38%,$0.37B,$-0.00B,-0.27%,$0.37B,$-0.05B,-12.57%,$0.37B,$-0.07B,-17.76%,$-0.07B,$0.36B,-16.02%,$-0.07B,$-0.10B,-44.22%,$-0.07B,$0.84B,-9.51%,$-0.04B,$0.70B,-6.59%,$106,$48,$58,$40,$28,$132,$-26,$-6,$-32,$4,$-36,$-36,$-36,$-8,$-26,$117,117,$-0.30,$-0.30,$138,$81,$0,$316,$50,$0,$460,$12,$525,$842,$112,$338,$24,$370,$482,$1,$-283,$-2,$359,$842,$-89,$26,$31,$58,$16,$5,$0,$6,$16,$-15,$-7,$-3,$-427,$107,$0,$107,$0,$-330,$346,$0,$346,$-1,$-1,$0,$-13,$331,$-14,$8,$0
14,2015-03-31,6.34,$3.33,1.9,$2.99,2.12,$0.77,8.21,$-0.15,0.0,$0.34B,$0.12B,2.94,$0.34B,$0.39B,0.87,$0.36B,$0.20B,55.71%,$0.36B,$0.00B,0.28%,$0.36B,$0.00B,0.28%,$0.36B,$0.03B,7.24%,$0.36B,0,0.00%,$0.36B,$-0.02B,-4.74%,$-0.02B,$0.39B,-4.03%,$-0.02B,$-0.08B,-6.45%,$-0.02B,$0.88B,-2.84%,$0.00B,$0.73B,0.20%,$89,$41,$48,$28,$21,$116,$-27,$-2,$-29,$25,$-53,$-53,$-53,$-19,$-27,$117,117,$-0.46,$-0.46,$160,$81,$0,$344,$51,$0,$467,$12,$533,$878,$117,$338,$26,$372,$489,$1,$-247,$-2,$389,$878,$-53,$8,$30,$38,$12,$5,$0,$4,$15,$-0,$-3,$-2,$-426,$103,$0,$103,$0,$-327,$347,$0,$347,$-6,$-6,$0,$-9,$331,$4,$6,$0
15,2014-12-31,6.89,$3.76,1.83,$3.04,2.26,$0.80,8.6,$0.41,16.8,$0.40B,$0.06B,6.56,$0.00B,$0.44B,0.0,$0.37B,$0.21B,56.13%,$0.37B,$0.04B,11.17%,$0.37B,$0.04B,11.17%,$0.37B,$0.06B,17.44%,$0.37B,$0.04B,11.72%,$0.37B,$0.05B,13.08%,$0.05B,$0.44B,11.27%,$0.05B,$0.39B,12.96%,$0.05B,$0.51B,9.64%,$0.04B,$0.44B,9.59%,$84,$37,$46,$22,$18,$79,$5,$0,$5,$-11,$15,$15,$15,$10,$5,$118,120,$0.13,$0.12,$255,$65,$0,$398,$28,$0,$54,$10,$112,$511,$61,$0,$9,$9,$70,$1,$-194,$-2,$441,$511,$49,$22,$4,$26,$-12,$-19,$0,$4,$-35,$40,$4,$-6,$0,$-38,$5,$-32,$0,$-34,$0,$0,$0,$-1,$-1,$0,$-3,$-4,$1,$13,$0
16,2014-09-30,7.5,$3.66,2.05,$3.11,2.41,$0.81,9.3,$0.34,22.06,$0.39B,$0.06B,6.42,$0.01B,$0.43B,0.02,$0.37B,$0.21B,56.03%,$0.37B,$0.04B,11.80%,$0.37B,$0.04B,11.80%,$0.37B,$0.07B,18.23%,$0.37B,$0.05B,12.33%,$0.37B,$0.04B,10.72%,$0.04B,$0.43B,9.71%,$0.04B,$0.38B,11.25%,$0.04B,$0.50B,8.29%,$0.04B,$0.44B,10.61%,$87,$36,$51,$22,$18,$76,$10,$0,$10,$1,$9,$9,$9,$16,$10,$119,121,$0.08,$0.08,$257,$65,$0,$389,$40,$0,$55,$10,$114,$502,$61,$7,$0,$7,$68,$1,$-209,$-1,$434,$502,$33,$17,$12,$29,$0,$-19,$0,$1,$-22,$39,$-7,$0,$0,$-33,$5,$-27,$-4,$-38,$0,$0,$0,$9,$9,$0,$-3,$7,$9,$10,$0
17,2014-06-30,8.25,$3.57,2.31,$3.14,2.63,$0.83,9.97,$0.33,25.0,$0.39B,$0.07B,5.37,$0.00B,$0.42B,0.0,$0.37B,$0.20B,54.69%,$0.37B,$0.04B,11.53%,$0.37B,$0.04B,11.53%,$0.37B,$0.07B,17.69%,$0.37B,$0.05B,12.06%,$0.37B,$0.04B,10.72%,$0.04B,$0.42B,10.04%,$0.04B,$0.37B,11.72%,$0.04B,$0.50B,8.54%,$0.04B,$0.42B,10.77%,$99,$44,$55,$22,$19,$86,$13,$1,$14,$2,$12,$12,$12,$19,$13,$118,121,$0.10,$0.10,$247,$59,$0,$386,$41,$0,$56,$9,$115,$502,$72,$0,$7,$7,$79,$1,$-218,$-1,$423,$502,$24,$12,$8,$19,$-16,$-13,$0,$15,$-19,$24,$-5,$-1,$0,$-8,$5,$-2,$0,$-8,$0,$0,$0,$9,$9,$0,$-2,$7,$24,$6,$0
18,2014-03-31,7.84,$3.45,2.27,$3.04,2.58,$0.62,12.68,$0.27,29.04,$0.36B,$0.07B,5.22,$0.00B,$0.41B,0.0,$0.36B,$0.19B,54.04%,$0.36B,$0.04B,10.31%,$0.36B,$0.04B,10.31%,$0.36B,$0.06B,16.43%,$0.36B,$0.04B,10.58%,$0.36B,$0.03B,9.19%,$0.03B,$0.41B,8.58%,$0.03B,$0.35B,10.11%,$0.03B,$0.48B,7.33%,$0.04B,$0.41B,9.60%,$97,$42,$54,$21,$19,$83,$13,$0,$14,$2,$12,$12,$12,$19,$13,$116,119,$0.10,$0.10,$220,$58,$0,$357,$41,$5,$57,$5,$119,$477,$69,$0,$3,$3,$72,$1,$-230,$-0,$405,$477,$12,$6,$4,$10,$-17,$-12,$0,$8,$-19,$3,$-2,$0,$0,$-6,$0,$-6,$-1,$-9,$0,$0,$0,$6,$6,$0,$-2,$4,$-2,$3,$0
19,2013-12-31,5.49,$3.33,1.65,$2.84,1.93,$0.62,8.8,$0.19,28.89,$0.33B,$0.06B,5.56,$0.00B,$0.39B,0.01,$0.33B,$0.18B,53.45%,$0.33B,$0.03B,8.11%,$0.33B,$0.03B,8.11%,$0.33B,$0.05B,14.41%,$0.33B,$0.03B,8.11%,$0.33B,$0.02B,6.91%,$0.02B,$0.39B,6.16%,$0.02B,$0.33B,7.31%,$0.02B,$0.45B,5.23%,$0.03B,$0.39B,7.22%,$90,$41,$49,$22,$17,$81,$8,$-1,$8,$1,$7,$7,$7,$14,$8,$116,117,$0.05,$0.05,$216,$46,$0,$326,$42,$5,$57,$6,$122,$448,$59,$4,$0,$4,$62,$1,$-242,$-0,$386,$448,$22,$21,$12,$33,$-3,$-2,$0,$-4,$1,$57,$-13,$-7,$0,$-37,$0,$-37,$0,$-56,$0,$0,$0,$-3,$-3,$0,$-1,$-4,$-4,$10,$0
20,2013-09-30,4.46,$3.27,1.37,$2.64,1.69,$0.17,26.42,$0.07,63.71,$0.32B,$0.06B,5.17,$0.00B,$0.38B,0.0,$0.31B,$0.17B,53.40%,$0.31B,$0.01B,4.21%,$0.31B,$0.01B,4.21%,$0.31B,$0.03B,11.00%,$0.31B,$0.01B,3.88%,$0.31B,$0.01B,2.91%,$0.01B,$0.38B,2.46%,$0.01B,$0.32B,2.93%,$0.01B,$0.45B,2.09%,$0.01B,$0.38B,3.55%,$87,$41,$46,$20,$16,$78,$9,$0,$9,$0,$9,$9,$9,$14,$9,$116,117,$0.08,$0.08,$211,$42,$0,$321,$42,$5,$58,$7,$126,$447,$62,$0,$5,$5,$67,$1,$-249,$-0,$380,$447,$16,$15,$9,$24,$-6,$2,$0,$5,$4,$44,$-10,$0,$0,$-25,$0,$-25,$-6,$-41,$0,$0,$0,$0,$0,$0,$-1,$-0,$2,$7,$0
21,2013-06-30,5.07,$3.17,1.6,$2.50,2.03,$-0.22,0.0,$-0.02,0.0,$0.30B,$0.06B,5.38,$0.00B,$0.37B,0.0,$0.29B,$0.16B,53.92%,$0.29B,$0.00B,1.37%,$0.29B,$0.00B,1.37%,$0.29B,$0.03B,8.87%,$0.29B,$0.00B,1.02%,$0.29B,$-0.00B,-0.68%,$-0.00B,$0.37B,-0.55%,$-0.00B,$0.31B,-0.66%,$-0.00B,$0.43B,-0.47%,$0.00B,$0.37B,1.10%,$85,$40,$45,$20,$17,$78,$7,$-0,$7,$2,$5,$5,$5,$12,$7,$116,117,$0.04,$0.04,$174,$50,$0,$301,$42,$5,$59,$9,$127,$428,$56,$0,$5,$5,$61,$1,$-258,$-1,$367,$428,$7,$10,$7,$16,$-17,$-5,$0,$1,$-23,$1,$-7,$0,$0,$-10,$0,$-10,$-2,$-18,$0,$0,$0,$-1,$-1,$0,$-0,$-1,$-19,$4,$0
22,2013-03-31,5.46,$3.12,1.75,$2.38,2.29,$-0.35,0.0,$-0.17,0.0,$0.29B,$0.06B,5.15,$0.00B,$0.36B,0.0,$0.28B,$0.15B,53.76%,$0.28B,$-0.01B,-2.15%,$0.28B,$-0.01B,-2.15%,$0.28B,$0.02B,5.73%,$0.28B,$-0.01B,-2.15%,$0.28B,$-0.02B,-7.17%,$-0.02B,$0.36B,-5.49%,$-0.02B,$0.30B,-6.59%,$-0.02B,$0.44B,-4.62%,$-0.01B,$0.36B,-1.65%,$71,$33,$38,$18,$16,$69,$3,$-0,$3,$1,$2,$2,$2,$8,$3,$115,117,$0.02,$0.02,$179,$44,$0,$293,$41,$5,$60,$9,$142,$435,$57,$0,$18,$18,$75,$1,$-263,$-1,$360,$435,$2,$5,$2,$7,$-9,$0,$0,$1,$-5,$4,$-3,$0,$0,$-9,$0,$-9,$-4,$-16,$0,$0,$0,$-1,$-1,$0,$-0,$-1,$-13,$2,$0
23,2012-12-31,3.99,$3.10,1.29,$2.38,1.68,$-0.47,0.0,$-0.26,0.0,$0.29B,$0.05B,5.41,$0.00B,$0.36B,0.0,$0.28B,$0.15B,53.93%,$0.28B,$-0.01B,-3.21%,$0.28B,$-0.01B,-3.21%,$0.28B,$0.01B,4.64%,$0.28B,$-0.01B,-3.21%,$0.28B,$-0.03B,-10.71%,$-0.03B,$0.36B,-8.08%,$-0.03B,$0.30B,-9.69%,$-0.03B,$0.42B,-6.81%,$-0.01B,$0.36B,-2.42%,$66,$30,$36,$19,$17,$72,$-6,$-0,$-7,$0,$-7,$-7,$-7,$-0,$-6,$117,117,$-0.05,$-0.05,$183,$44,$0,$287,$40,$5,$60,$7,$128,$415,$53,$0,$4,$4,$57,$1,$-265,$-0,$358,$415,$-30,$22,$26,$48,$-10,$-7,$0,$0,$-15,$4,$-14,$0,$0,$6,$0,$6,$-6,$-13,$0,$0,$0,$-13,$-13,$0,$-1,$-14,$-23,$8,$0
24,2012-09-30,3.84,$3.16,1.22,$2.39,1.6,$0.01,290.91,$0.14,27.43,$0.30B,$0.05B,5.71,$0.00B,$0.37B,0.0,$0.28B,$0.16B,54.58%,$0.28B,$0.00B,1.06%,$0.28B,$0.00B,1.06%,$0.28B,$0.02B,8.10%,$0.28B,$0.00B,1.41%,$0.28B,$0.02B,6.34%,$0.02B,$0.37B,4.73%,$0.02B,$0.31B,5.66%,$0.02B,$0.44B,3.97%,$0.00B,$0.37B,0.79%,$71,$32,$39,$20,$18,$71,$-0,$0,$-0,$2,$-2,$-2,$-2,$6,$-0,$117,117,$-0.02,$-0.02,$186,$37,$0,$296,$41,$5,$61,$8,$142,$438,$52,$0,$19,$19,$71,$1,$-257,$-0,$367,$438,$-22,$16,$25,$41,$-19,$-0,$0,$0,$-19,$-1,$-11,$0,$0,$23,$0,$23,$-5,$7,$0,$0,$0,$-9,$-9,$0,$-1,$-10,$-3,$6,$0
25,2012-06-30,3.75,$3.17,1.18,$2.46,1.52,$0.42,8.9,$0.27,13.89,$0.30B,$0.05B,5.81,$0.00B,$0.37B,0.0,$0.30B,$0.16B,55.59%,$0.30B,$0.02B,5.08%,$0.30B,$0.02B,5.08%,$0.30B,$0.03B,11.19%,$0.30B,$0.02B,5.76%,$0.30B,$0.03B,11.19%,$0.03B,$0.37B,8.76%,$0.03B,$0.31B,10.02%,$0.03B,$0.44B,7.33%,$0.02B,$0.37B,3.98%,$71,$34,$37,$19,$19,$74,$-3,$1,$-2,$10,$-13,$-13,$-13,$2,$-3,$118,118,$-0.11,$-0.11,$184,$37,$0,$298,$42,$5,$62,$9,$146,$444,$51,$0,$20,$20,$72,$1,$-255,$-0,$372,$444,$-20,$10,$21,$31,$-23,$0,$0,$1,$-24,$-13,$-8,$0,$0,$19,$0,$19,$-2,$9,$0,$0,$0,$-4,$-4,$0,$-1,$-5,$-9,$4,$0
26,2012-03-31,6.43,$3.28,1.96,$2.55,2.52,$0.70,9.19,$0.49,13.12,$0.31B,$0.06B,5.6,$0.00B,$0.39B,0.0,$0.31B,$0.18B,57.79%,$0.31B,$0.03B,10.06%,$0.31B,$0.03B,10.06%,$0.31B,$0.05B,15.58%,$0.31B,$0.03B,10.39%,$0.31B,$0.06B,19.16%,$0.06B,$0.39B,16.00%,$0.06B,$0.33B,17.51%,$0.06B,$0.46B,13.42%,$0.03B,$0.39B,8.41%,$72,$32,$39,$19,$18,$72,$0,$0,$0,$8,$-8,$-8,$-8,$5,$0,$118,118,$-0.07,$-0.07,$196,$37,$0,$306,$41,$7,$62,$10,$158,$464,$55,$0,$21,$21,$76,$1,$-243,$-0,$388,$464,$-8,$5,$9,$14,$-16,$0,$0,$0,$-16,$-10,$-3,$0,$0,$9,$0,$9,$-1,$4,$0,$0,$0,$1,$1,$0,$-0,$1,$-5,$2,$0
27,2011-12-31,5.94,$3.34,1.78,$2.63,2.26,$0.81,7.36,$0.65,9.14,$0.30B,$0.05B,5.78,$0.00B,$0.39B,0.0,$0.32B,$0.19B,59.25%,$0.32B,$0.04B,12.85%,$0.32B,$0.04B,12.85%,$0.32B,$0.06B,18.18%,$0.32B,$0.04B,13.48%,$0.32B,$0.08B,24.45%,$0.08B,$0.39B,22.05%,$0.08B,$0.33B,23.11%,$0.08B,$0.47B,18.60%,$0.04B,$0.39B,11.59%,$70,$30,$40,$16,$17,$65,$6,$0,$6,$-35,$41,$41,$41,$10,$6,$118,121,$0.35,$0.34,$210,$37,$0,$301,$40,$7,$63,$12,$167,$468,$52,$0,$22,$22,$74,$1,$-235,$-0,$394,$468,$78,$17,$-43,$-27,$5,$3,$0,$7,$11,$62,$-13,$-19,$-46,$-2,$0,$-2,$-7,$-86,$0,$0,$0,$-8,$-8,$0,$-1,$-9,$-33,$6,$0
28,2011-09-30,5.25,$2.99,1.75,$2.65,1.98,$0.97,5.39,$0.42,12.5,$0.37B,$0.07B,5.65,$0.00B,$0.35B,0.0,$0.32B,$0.20B,60.56%,$0.32B,$0.05B,14.91%,$0.32B,$0.05B,14.91%,$0.32B,$0.07B,20.19%,$0.32B,$0.05B,15.84%,$0.32B,$0.05B,15.84%,$0.05B,$0.35B,15.22%,$0.05B,$0.35B,15.24%,$0.05B,$0.43B,12.85%,$0.05B,$0.35B,14.33%,$82,$34,$48,$17,$17,$69,$12,$0,$13,$-1,$13,$13,$13,$16,$12,$118,121,$0.11,$0.11,$267,$35,$0,$366,$39,$7,$1,$12,$59,$425,$65,$0,$8,$8,$73,$1,$-276,$0,$352,$425,$37,$13,$4,$17,$-12,$2,$0,$2,$-9,$46,$-9,$0,$-1,$5,$0,$5,$-2,$-7,$0,$0,$0,$-8,$-8,$0,$-1,$-9,$31,$5,$0
29,2011-06-30,6.52,$2.89,2.26,$2.61,2.49,$1.14,5.74,$0.44,14.82,$0.35B,$0.05B,6.6,$0.00B,$0.34B,0.0,$0.32B,$0.19B,60.88%,$0.32B,$0.05B,16.09%,$0.32B,$0.05B,16.09%,$0.32B,$0.07B,21.45%,$0.32B,$0.05B,17.03%,$0.32B,$0.05B,16.72%,$0.05B,$0.34B,16.41%,$0.05B,$0.34B,16.41%,$0.05B,$0.40B,13.85%,$0.05B,$0.34B,15.79%,$84,$33,$51,$19,$18,$71,$13,$0,$13,$0,$13,$13,$13,$17,$13,$118,121,$0.11,$0.11,$248,$35,$0,$347,$40,$7,$0,$6,$54,$402,$53,$0,$7,$7,$60,$1,$-289,$0,$341,$402,$24,$9,$3,$11,$-15,$2,$0,$2,$-16,$19,$-7,$0,$0,$10,$0,$10,$-2,$2,$0,$0,$0,$-4,$-4,$0,$-0,$-4,$17,$3,$0
30,2011-03-31,5.9,$2.78,2.12,$2.56,2.3,$1.41,4.18,$0.47,12.55,$0.33B,$0.05B,6.58,$0.00B,$0.33B,0.0,$0.31B,$0.19B,60.97%,$0.31B,$0.05B,17.42%,$0.31B,$0.05B,17.42%,$0.31B,$0.07B,22.58%,$0.31B,$0.06B,18.71%,$0.31B,$0.06B,18.39%,$0.06B,$0.33B,18.43%,$0.06B,$0.33B,18.43%,$0.06B,$0.38B,15.44%,$0.05B,$0.33B,17.46%,$83,$33,$50,$20,$17,$72,$10,$1,$11,$0,$11,$11,$11,$15,$10,$118,122,$0.09,$0.09,$236,$38,$0,$332,$40,$7,$0,$3,$50,$382,$50,$0,$4,$4,$54,$1,$-302,$0,$328,$382,$11,$4,$1,$5,$-9,$-1,$0,$-0,$-12,$3,$-4,$0,$0,$14,$0,$14,$-2,$8,$0,$0,$0,$-3,$-3,$0,$-0,$-3,$8,$1,$0
31,2010-12-31,6.06,$2.70,2.24,$2.49,2.43,$1.58,3.83,$0.48,12.63,$0.33B,$0.05B,5.99,$0.00B,$0.32B,0.0,$0.30B,$0.18B,60.61%,$0.30B,$0.06B,18.52%,$0.30B,$0.06B,18.52%,$0.30B,$0.07B,23.23%,$0.30B,$0.06B,19.53%,$0.30B,$0.06B,19.19%,$0.06B,$0.32B,19.42%,$0.06B,$0.32B,19.42%,$0.06B,$0.38B,16.09%,$0.06B,$0.32B,18.74%,$73,$27,$46,$16,$17,$60,$13,$1,$14,$0,$14,$14,$14,$17,$13,$117,120,$0.12,$0.11,$238,$37,$0,$325,$39,$10,$0,$3,$52,$378,$54,$0,$5,$5,$59,$1,$-313,$0,$319,$378,$57,$14,$3,$17,$-8,$-11,$0,$14,$8,$82,$-13,$0,$0,$-51,$0,$-51,$-3,$-67,$0,$0,$0,$4,$4,$0,$-1,$3,$18,$5,$0
32,2010-09-30,4.75,$2.58,1.84,$2.36,2.01,$1.82,2.61,$0.42,11.31,$0.32B,$0.06B,5.38,$0.00B,$0.30B,0.0,$0.28B,$0.16B,58.78%,$0.28B,$0.05B,16.13%,$0.28B,$0.05B,16.13%,$0.28B,$0.06B,21.15%,$0.28B,$0.05B,17.92%,$0.28B,$0.05B,17.56%,$0.05B,$0.30B,17.69%,$0.05B,$0.30B,17.69%,$0.05B,$0.37B,14.67%,$0.05B,$0.30B,16.25%,$77,$32,$46,$15,$16,$62,$15,$1,$16,$0,$15,$15,$15,$19,$15,$117,121,$0.13,$0.13,$229,$32,$0,$320,$37,$10,$0,$3,$49,$369,$59,$0,$5,$5,$65,$1,$-327,$0,$304,$369,$43,$11,$2,$13,$-16,$-6,$0,$16,$8,$64,$-8,$0,$0,$-50,$0,$-50,$0,$-58,$0,$0,$0,$5,$5,$0,$-1,$4,$11,$4,$0
33,2010-06-30,4.34,$2.45,1.77,$2.15,2.02,$1.78,2.43,$0.25,17.36,$0.30B,$0.06B,5.22,$0.00B,$0.29B,0.0,$0.25B,$0.15B,57.77%,$0.25B,$0.03B,10.76%,$0.25B,$0.03B,10.76%,$0.25B,$0.04B,15.94%,$0.25B,$0.03B,11.95%,$0.25B,$0.03B,11.95%,$0.03B,$0.29B,11.42%,$0.03B,$0.29B,11.42%,$0.03B,$0.35B,9.58%,$0.03B,$0.29B,10.28%,$77,$30,$47,$15,$16,$61,$16,$1,$17,$0,$17,$17,$17,$19,$16,$116,120,$0.14,$0.14,$213,$27,$0,$296,$36,$13,$0,$3,$52,$348,$57,$0,$6,$6,$62,$1,$-342,$0,$286,$348,$28,$7,$2,$9,$-14,$-1,$0,$16,$12,$49,$-4,$0,$0,$-39,$0,$-39,$0,$-43,$0,$0,$0,$2,$2,$0,$-0,$2,$9,$2,$0
34,2010-03-31,3.67,$2.29,1.6,$1.91,1.92,$1.74,2.11,$0.09,40.78,$0.27B,$0.05B,5.25,$0.00B,$0.27B,0.0,$0.22B,$0.12B,55.66%,$0.22B,$0.01B,3.62%,$0.22B,$0.01B,3.62%,$0.22B,$0.02B,9.95%,$0.22B,$0.01B,4.52%,$0.22B,$0.01B,4.52%,$0.01B,$0.27B,3.94%,$0.01B,$0.27B,3.94%,$0.01B,$0.32B,3.37%,$0.01B,$0.27B,3.15%,$70,$29,$41,$15,$15,$59,$11,$0,$11,$0,$11,$11,$11,$14,$11,$116,117,$0.10,$0.10,$189,$25,$0,$270,$36,$13,$0,$3,$51,$322,$51,$0,$5,$5,$56,$1,$-359,$0,$265,$322,$11,$4,$1,$5,$-15,$1,$0,$12,$5,$21,$-2,$0,$0,$-19,$0,$-19,$0,$-21,$0,$0,$0,$0,$0,$0,$-0,$-0,$0,$1,$0
35,2009-12-31,2.7,$2.19,1.23,$1.68,1.6,$1.64,1.65,$-0.06,0.0,$0.24B,$0.04B,6.41,$0.00B,$0.25B,0.0,$0.19B,$0.11B,54.12%,$0.19B,$-0.01B,-4.12%,$0.19B,$-0.01B,-4.12%,$0.19B,$0.01B,3.61%,$0.19B,$-0.01B,-3.61%,$0.19B,$-0.01B,-3.61%,$-0.01B,$0.25B,-2.80%,$-0.01B,$0.25B,-2.80%,$-0.01B,$0.30B,-2.43%,$-0.01B,$0.25B,-3.20%,$55,$25,$30,$13,$13,$52,$3,$3,$6,$0,$6,$6,$6,$7,$3,$115,115,$0.05,$0.05,$176,$26,$0,$243,$37,$13,$0,$4,$53,$297,$38,$0,$5,$5,$43,$1,$-370,$0,$253,$297,$-7,$14,$4,$18,$-7,$7,$0,$86,$90,$101,$-7,$-2,$0,$11,$0,$11,$0,$2,$0,$-1,$-1,$0,$0,$0,$-0,$-1,$102,$5,$0
36,2009-09-30,2.25,$2.14,1.05,$1.64,1.37,$0.96,2.34,$-0.23,0.0,$0.23B,$0.03B,6.86,$0.00B,$0.25B,0.0,$0.19B,$0.10B,52.38%,$0.19B,$-0.02B,-9.52%,$0.19B,$-0.02B,-9.52%,$0.19B,$-0.00B,-0.53%,$0.19B,$-0.03B,-14.29%,$0.19B,$-0.03B,-14.29%,$-0.03B,$0.25B,-10.77%,$-0.03B,$0.25B,-10.77%,$-0.03B,$0.29B,-9.42%,$-0.02B,$0.25B,-7.18%,$49,$22,$27,$15,$13,$53,$-3,$-1,$-4,$0,$-4,$-4,$-4,$-0,$-3,$115,115,$-0.04,$-0.04,$133,$27,$0,$227,$36,$22,$0,$0,$58,$285,$33,$0,$5,$5,$38,$1,$-376,$1,$247,$285,$-13,$11,$5,$16,$-2,$6,$0,$41,$50,$54,$-4,$0,$0,$13,$0,$13,$0,$9,$0,$-1,$-1,$-0,$-0,$0,$-0,$-1,$61,$3,$0
37,2009-06-30,1.88,$2.16,0.87,$1.71,1.1,$0.67,2.8,$-0.25,0.0,$0.22B,$0.03B,8.46,$0.00B,$0.25B,0.0,$0.20B,$0.10B,52.02%,$0.20B,$-0.02B,-10.61%,$0.20B,$-0.02B,-10.61%,$0.20B,$-0.00B,-1.01%,$0.20B,$-0.03B,-15.15%,$0.20B,$-0.03B,-15.15%,$-0.03B,$0.25B,-11.72%,$-0.03B,$0.25B,-11.73%,$-0.03B,$0.28B,-10.20%,$-0.02B,$0.25B,-8.20%,$47,$22,$25,$14,$14,$50,$-3,$0,$-3,$0,$-3,$-3,$-3,$1,$-3,$116,116,$-0.02,$-0.02,$128,$28,$0,$220,$37,$24,$0,$0,$61,$282,$26,$0,$6,$6,$32,$1,$-372,$0,$250,$282,$-8,$8,$3,$11,$-0,$5,$0,$38,$39,$41,$-2,$0,$0,$11,$0,$11,$0,$9,$0,$-1,$-1,$-0,$-0,$0,$-0,$-1,$49,$2,$0
38,2009-03-31,1.38,$2.18,0.63,$1.81,0.76,$0.44,3.1,$-0.35,0.0,$0.22B,$0.03B,7.54,$0.00B,$0.25B,0.0,$0.21B,$0.11B,53.11%,$0.21B,$-0.02B,-10.05%,$0.21B,$-0.02B,-10.05%,$0.21B,$-0.00B,-0.48%,$0.21B,$-0.04B,-19.14%,$0.21B,$-0.04B,-19.62%,$-0.04B,$0.25B,-15.66%,$-0.04B,$0.25B,-15.72%,$-0.04B,$0.29B,-13.07%,$-0.02B,$0.25B,-8.02%,$43,$21,$23,$15,$13,$49,$-5,$-1,$-6,$-0,$-6,$-6,$-6,$-1,$-5,$115,115,$-0.05,$-0.05,$94,$30,$0,$217,$38,$32,$0,$0,$70,$287,$29,$0,$7,$7,$36,$1,$-369,$0,$251,$287,$-6,$4,$2,$6,$1,$2,$0,$4,$7,$8,$-1,$0,$0,$10,$0,$10,$0,$9,$0,$-1,$-1,$-0,$-0,$0,$-0,$-1,$16,$1,$0
39,2008-12-31,1.51,$2.21,0.68,$1.93,0.78,$0.42,3.61,$-0.33,0.0,$0.21B,$0.03B,7.21,$0.00B,$0.26B,0.0,$0.22B,$0.12B,53.36%,$0.22B,$-0.02B,-8.97%,$0.22B,$-0.02B,-8.97%,$0.22B,$0.00B,0.45%,$0.22B,$-0.04B,-16.59%,$0.22B,$-0.04B,-17.04%,$-0.04B,$0.26B,-14.17%,$-0.04B,$0.26B,-14.29%,$-0.04B,$0.29B,-11.45%,$-0.02B,$0.26B,-7.46%,$50,$26,$24,$15,$14,$57,$-7,$-8,$-14,$0,$-14,$-14,$-14,$-1,$-7,$115,115,$-0.12,$-0.12,$85,$33,$0,$212,$40,$40,$0,$0,$80,$292,$29,$0,$8,$8,$37,$1,$-363,$-1,$255,$292,$-38,$22,$27,$48,$3,$7,$0,$12,$16,$26,$-10,$0,$0,$41,$2,$43,$0,$33,$-40,$-3,$-43,$1,$1,$0,$-0,$-43,$16,$6,$0
40,2008-09-30,2.06,$2.32,0.89,$1.96,1.05,$-0.05,0.0,$-2.20,0.0,$0.17B,$0.04B,4.27,$0.00B,$0.27B,0.0,$0.23B,$0.12B,54.87%,$0.23B,$-0.24B,-107.96%,$0.23B,$-0.24B,-107.96%,$0.23B,$-0.22B,-98.67%,$0.23B,$-0.25B,-111.50%,$0.23B,$-0.25B,-112.39%,$-0.25B,$0.27B,-92.03%,$-0.25B,$0.27B,-93.30%,$-0.25B,$0.32B,-71.95%,$-0.24B,$0.27B,-88.41%,$58,$26,$31,$18,$15,$64,$-6,$-1,$-7,$-0,$-7,$-7,$-7,$-1,$-6,$115,115,$-0.06,$-0.06,$93,$36,$0,$167,$42,$104,$2,$0,$148,$315,$39,$0,$8,$8,$47,$1,$-349,$-1,$268,$315,$-24,$16,$17,$33,$-1,$4,$0,$11,$15,$25,$-9,$0,$0,$36,$2,$38,$0,$30,$-40,$0,$-40,$0,$0,$0,$-0,$-40,$14,$4,$0
41,2008-06-30,3.13,$2.37,1.32,$1.96,1.59,$-0.54,0.0,$-2.18,0.0,$0.20B,$0.08B,2.5,$0.00B,$0.27B,0.0,$0.23B,$0.13B,55.31%,$0.23B,$-0.25B,-108.85%,$0.23B,$-0.25B,-108.85%,$0.23B,$-0.22B,-98.67%,$0.23B,$-0.25B,-110.18%,$0.23B,$-0.25B,-111.06%,$-0.25B,$0.27B,-74.32%,$-0.25B,$0.27B,-90.78%,$-0.25B,$0.36B,-59.13%,$-0.25B,$0.27B,-72.83%,$58,$26,$33,$18,$15,$61,$-3,$-11,$-13,$0,$-14,$-14,$-14,$2,$-3,$115,115,$-0.12,$-0.12,$123,$39,$0,$200,$44,$113,$3,$0,$161,$361,$80,$0,$8,$8,$88,$1,$-342,$-1,$273,$361,$-17,$11,$14,$25,$-0,$1,$0,$10,$12,$19,$-7,$0,$0,$18,$0,$18,$0,$11,$0,$-1,$-1,$0,$0,$0,$0,$-1,$29,$3,$0
42,2008-03-31,2.84,$2.40,1.18,$1.98,1.44,$-1.01,0.0,$-2.07,0.0,$0.20B,$0.08B,2.58,$0.00B,$0.28B,0.0,$0.23B,$0.13B,55.07%,$0.23B,$-0.25B,-109.69%,$0.23B,$-0.25B,-109.69%,$0.23B,$-0.22B,-98.24%,$0.23B,$-0.24B,-104.41%,$0.23B,$-0.24B,-104.85%,$-0.24B,$0.28B,-59.65%,$-0.24B,$0.27B,-85.00%,$-0.24B,$0.36B,-47.94%,$-0.25B,$0.28B,-59.43%,$57,$25,$31,$18,$15,$61,$-4,$1,$-3,$0,$-3,$-3,$-3,$1,$-4,$115,115,$-0.03,$-0.03,$119,$39,$0,$195,$44,$117,$4,$0,$165,$360,$76,$0,$7,$7,$83,$1,$-328,$-9,$277,$360,$-3,$5,$1,$7,$0,$1,$0,$6,$3,$7,$-3,$0,$0,$30,$0,$30,$0,$27,$0,$-1,$-1,$0,$0,$0,$0,$-1,$33,$1,$0
43,2007-12-31,3.25,$2.49,1.31,$1.99,1.63,$-1.44,0.0,$-2.08,0.0,$0.19B,$0.08B,2.36,$0.00B,$0.29B,0.0,$0.23B,$0.13B,55.26%,$0.23B,$-0.25B,-110.53%,$0.23B,$-0.25B,-110.53%,$0.23B,$-0.22B,-98.25%,$0.23B,$-0.24B,-104.39%,$0.23B,$-0.24B,-104.82%,$-0.24B,$0.29B,-52.07%,$-0.24B,$0.28B,-84.75%,$-0.24B,$0.38B,-41.80%,$-0.25B,$0.29B,-50.50%,$53,$24,$29,$20,$14,$284,$-231,$2,$-229,$0,$-230,$-230,$-230,$-225,$-231,$115,115,$-2.00,$-2.00,$113,$40,$0,$192,$44,$135,$6,$0,$185,$376,$81,$0,$9,$9,$90,$1,$-325,$-1,$286,$376,$-240,$27,$225,$252,$-7,$-1,$0,$-20,$-40,$-28,$-9,$0,$0,$100,$0,$100,$0,$91,$-67,$-2,$-69,$3,$3,$0,$0,$-66,$-3,$5,$0
44,2007-09-30,4.49,$4.48,1.0,$2.07,2.17,$-1.36,0.0,$-0.08,0.0,$0.23B,$0.08B,2.89,$0.00B,$0.52B,0.0,$0.24B,$0.13B,55.70%,$0.24B,$-0.02B,-10.13%,$0.24B,$-0.02B,-10.13%,$0.24B,$0.01B,2.11%,$0.24B,$-0.01B,-3.38%,$0.24B,$-0.01B,-3.38%,$-0.01B,$0.52B,-1.55%,$-0.01B,$0.28B,-2.85%,$-0.01B,$0.60B,-1.21%,$-0.02B,$0.52B,-4.15%,$58,$27,$32,$20,$15,$66,$-8,$4,$-4,$0,$-4,$-4,$-4,$-1,$-8,$115,115,$-0.04,$-0.04,$154,$37,$0,$231,$45,$94,$231,$0,$370,$601,$80,$0,$6,$6,$86,$1,$-96,$-1,$515,$601,$-10,$21,$-0,$21,$-9,$2,$0,$13,$-44,$-34,$-7,$0,$0,$101,$0,$101,$0,$94,$-67,$-1,$-67,$3,$3,$0,$0,$-64,$-4,$4,$0
45,2007-06-30,5.72,$4.50,1.27,$2.11,2.71,$-0.95,0.0,$-0.03,0.0,$0.27B,$0.05B,5.94,$0.08B,$0.52B,0.15,$0.24B,$0.14B,56.20%,$0.24B,$-0.02B,-7.85%,$0.24B,$-0.02B,-7.85%,$0.24B,$0.01B,4.13%,$0.24B,$-0.00B,-1.24%,$0.24B,$-0.00B,-1.24%,$-0.00B,$0.52B,-0.58%,$-0.00B,$0.28B,-1.09%,$-0.00B,$0.65B,-0.44%,$-0.02B,$0.60B,-3.15%,$59,$27,$33,$21,$15,$65,$-6,$4,$-1,$0,$-1,$-1,$-1,$2,$-6,$115,115,$-0.01,$-0.01,$188,$38,$0,$268,$46,$101,$234,$0,$381,$649,$45,$80,$6,$86,$131,$1,$-91,$-0,$518,$649,$-6,$14,$0,$14,$-7,$1,$0,$8,$-46,$-38,$-5,$0,$0,$71,$0,$71,$0,$66,$-28,$0,$-28,$2,$2,$0,$0,$-26,$3,$3,$0
46,2007-03-31,5.85,$4.50,1.3,$2.09,2.79,$-0.64,0.0,0,0.0,$0.28B,$0.06B,4.7,$0.08B,$0.52B,0.16,$0.25B,$0.14B,56.50%,$0.25B,$-0.02B,-6.10%,$0.25B,$-0.02B,-6.10%,$0.25B,$0.01B,5.28%,$0.25B,0,0.00%,$0.25B,0,0.00%,$0.00B,$0.52B,0.00%,$0.00B,$0.28B,0.00%,$0.00B,$0.66B,0.00%,$-0.02B,$0.60B,-2.45%,$58,$26,$32,$22,$15,$65,$-7,$3,$-4,$0,$-4,$-4,$-4,$-0,$-7,$115,115,$-0.04,$-0.04,$197,$40,$0,$276,$47,$102,$237,$0,$386,$661,$59,$80,$6,$86,$144,$1,$-90,$-1,$517,$661,$-4,$7,$1,$8,$-6,$-1,$0,$6,$-45,$-41,$-4,$0,$0,$57,$0,$57,$0,$53,$-20,$0,$-20,$1,$1,$0,$0,$-18,$-6,$1,$0
47,2006-12-31,6.48,$4.47,1.45,$2.09,3.1,$-0.30,0.0,$0.03,216.0,$0.33B,$0.11B,3.01,$0.09B,$0.51B,0.17,$0.25B,$0.14B,56.73%,$0.25B,$-0.01B,-5.31%,$0.25B,$-0.01B,-5.31%,$0.25B,$0.02B,6.12%,$0.25B,$0.00B,1.22%,$0.25B,$0.00B,1.22%,$0.00B,$0.51B,0.59%,$0.00B,$0.27B,1.14%,$0.00B,$0.73B,0.42%,$-0.01B,$0.60B,-2.10%,$62,$27,$35,$20,$15,$65,$-3,$4,$1,$0,$1,$1,$1,$4,$-3,$114,115,$0.01,$0.01,$257,$39,$0,$330,$47,$110,$239,$0,$396,$726,$110,$89,$15,$105,$214,$1,$-92,$-0,$512,$726,$3,$28,$-0,$27,$1,$-10,$0,$-67,$-45,$-14,$-14,$0,$0,$32,$13,$45,$0,$32,$-22,$1,$-20,$4,$4,$0,$0,$-16,$1,$4,$0
