,Date,Stock Price,Book Value per Share,Price to Book Ratio,TTM Sales per Share,Price to Sales Ratio,TTM FCF per Share,Price to FCF Ratio,TTM Net EPS,PE Ratio,Current Assets,Current Liabilities,Current Ratio,Long Term Debt,Shareholder's Equity_x,Debt to Equity Ratio,TTM Revenue_x,TTM Gross Profit,Gross Margin,TTM Revenue_y,TTM Operating Income,Operating Margin,TTM Revenue_x,TTM EBIT,EBIT Margin,TTM Revenue_y,TTM EBITDA,EBITDA Margin,TTM Revenue_x,TTM Pre-Tax Income,Pre-Tax Margin,TTM Revenue_y,TTM Net Income_x,Net Margin,TTM Net Income_y,Shareholder's Equity_y,Return on Equity,TTM Net Income_x,Tangible Equity,Return on Tangible Equity,TTM Net Income_y,Total Assets,Return on Assets,TTM Net Income,LT Investments & Debt,Return on Investment,revenue,cost-goods-sold,gross-profit,research-development-expenses,selling-general-administrative-expenses,operating-expenses,operating-income,total-non-operating-income-expense,pre-tax-income,total-provision-income-taxes,income-after-taxes,income-from-continuous-operations,net-income,ebitda,ebit,basic-shares-outstanding,shares-outstanding,eps-basic-net-earnings-per-share,eps-earnings-per-share-diluted,cash-on-hand,inventory,other-current-assets,total-current-assets,net-property-plant-equipment,long-term-investments,goodwill-intangible-assets-total,other-long-term-assets,total-long-term-assets,total-assets,total-current-liabilities,long-term-debt,other-non-current-liabilities,total-long-term-liabilities,total-liabilities,common-stock-net,retained-earnings-accumulated-deficit,comprehensive-income,total-share-holder-equity,total-liabilities-share-holders-equity,net-income-loss,total-depreciation-amortization-cash-flow,other-non-cash-items,total-non-cash-items,change-in-accounts-receivable,change-in-inventories,change-in-accounts-payable,change-in-assets-liabilities,total-change-in-assets-liabilities,cash-flow-from-operating-activities,net-change-in-property-plant-equipment,net-change-in-intangible-assets,net-acquisitions-divestitures,net-change-in-short-term-investments,net-change-in-long-term-investments,net-change-in-investments-total,investing-activities-other,cash-flow-from-investing-activities,net-long-term-debt,net-current-debt,debt-issuance-retirement-net-total,net-common-equity-issued-repurchased,net-total-equity-issued-repurchased,total-common-preferred-stock-dividends-paid,financial-activities-other,cash-flow-from-financial-activities,net-cash-flow,stock-based-compensation,common-stock-dividends-paid
0,2018-09-30,95.16,$43.12,2.21,$11.72,8.12,$8.48,11.22,$2.90,32.81,$0.02B,$0.08B,0.28,$1.75B,$2.01B,0.87,$0.55B,$0.36B,66.79%,$0.55B,$0.21B,39.27%,$0.55B,$0.21B,39.27%,$0.55B,$0.32B,58.90%,$0.55B,$0.13B,24.04%,$0.55B,$0.14B,24.77%,$0.14B,$2.01B,6.69%,$0.14B,$1.99B,6.75%,$0.14B,$3.87B,3.49%,$0.21B,$3.76B,5.69%,$141,$46,$96,$0,$12,$85,$57,$-16,$40,$0,$40,$41,$41,$85,$57,$47,47,$0.88,$0.88,$13,$0,$0,$22,$3676,$0,$17,$155,$3847,$3869,$79,$1751,$30,$1781,$1860,$0,$-354,$-7,$2010,$3869,$115,$80,$7,$86,$-1,$0,$0,$-3,$-18,$183,$-54,$0,$0,$-5,$0,$-5,$-1,$-59,$23,$0,$23,$3,$3,$-139,$-1,$-114,$9,$0,$-139
1,2018-06-30,96.32,$43.21,2.23,$11.60,8.3,$8.01,12.03,$2.78,34.65,$0.02B,$0.08B,0.2,$1.74B,$2.01B,0.86,$0.54B,$0.36B,65.93%,$0.54B,$0.21B,38.52%,$0.54B,$0.21B,38.52%,$0.54B,$0.31B,58.15%,$0.54B,$0.13B,23.33%,$0.54B,$0.13B,23.89%,$0.13B,$2.01B,6.37%,$0.13B,$2.00B,6.42%,$0.13B,$3.86B,3.33%,$0.21B,$3.75B,5.53%,$138,$45,$93,$0,$12,$82,$56,$-18,$38,$0,$38,$39,$39,$82,$56,$46,47,$0.84,$0.84,$7,$0,$0,$16,$3676,$0,$17,$155,$3847,$3863,$83,$1736,$31,$1766,$1850,$0,$-349,$-7,$2013,$3863,$74,$51,$5,$56,$-1,$0,$0,$-9,$-19,$111,$-28,$0,$0,$-2,$0,$-2,$0,$-30,$8,$0,$8,$3,$3,$-93,$-0,$-82,$-2,$0,$-93
2,2018-03-31,81.71,$43.41,1.88,$11.49,7.11,$7.41,11.03,$2.36,34.62,$0.02B,$0.07B,0.23,$1.75B,$2.02B,0.87,$0.54B,$0.35B,65.79%,$0.54B,$0.19B,34.77%,$0.54B,$0.19B,34.77%,$0.54B,$0.31B,57.01%,$0.54B,$0.11B,20.00%,$0.54B,$0.11B,20.37%,$0.11B,$2.02B,5.35%,$0.11B,$2.00B,5.40%,$0.11B,$3.87B,2.81%,$0.19B,$3.77B,4.93%,$133,$46,$87,$0,$12,$83,$50,$-17,$33,$0,$33,$34,$34,$76,$50,$46,47,$0.73,$0.73,$8,$0,$0,$16,$3681,$0,$17,$155,$3853,$3869,$69,$1752,$28,$1780,$1850,$0,$-338,$-7,$2019,$3869,$34,$26,$3,$28,$0,$0,$0,$-9,$-33,$30,$-9,$0,$0,$-1,$0,$-1,$0,$-9,$25,$0,$25,$0,$0,$-46,$-0,$-21,$-1,$0,$-46
3,2017-12-31,86.11,$43.57,1.98,$11.40,7.56,$6.92,12.45,$2.07,41.6,$0.02B,$0.09B,0.19,$1.73B,$2.03B,0.85,$0.53B,$0.35B,65.85%,$0.53B,$0.17B,32.26%,$0.53B,$0.17B,32.26%,$0.53B,$0.30B,56.98%,$0.53B,$0.09B,17.74%,$0.53B,$0.10B,17.92%,$0.10B,$2.03B,4.64%,$0.10B,$2.01B,4.67%,$0.10B,$3.88B,2.45%,$0.17B,$3.76B,4.53%,$133,$45,$88,$0,$12,$82,$51,$-31,$20,$0,$20,$21,$21,$78,$51,$46,46,$0.46,$0.45,$9,$0,$0,$18,$3697,$0,$17,$145,$3859,$3877,$93,$1727,$29,$1756,$1848,$0,$-328,$-8,$2028,$3877,$97,$132,$12,$144,$-2,$0,$0,$-1,$8,$249,$-87,$0,$0,$-70,$0,$-70,$0,$-157,$75,$0,$75,$7,$7,$-184,$-5,$-107,$-15,$0,$-184
4,2017-09-30,78.13,$43.88,1.78,$11.50,6.79,$-32.57,0.0,$2.01,38.87,$0.01B,$0.07B,0.19,$1.73B,$2.04B,0.85,$0.53B,$0.35B,65.97%,$0.53B,$0.15B,28.90%,$0.53B,$0.15B,28.90%,$0.53B,$0.30B,56.65%,$0.53B,$0.09B,17.30%,$0.53B,$0.09B,17.49%,$0.09B,$2.04B,4.46%,$0.09B,$2.03B,4.49%,$0.09B,$3.88B,2.38%,$0.15B,$3.77B,4.03%,$136,$47,$88,$0,$11,$84,$51,$-16,$35,$0,$35,$36,$35,$78,$51,$46,47,$0.76,$0.76,$6,$0,$0,$14,$3705,$0,$17,$149,$3870,$3884,$74,$1731,$38,$1769,$1842,$0,$-300,$-19,$2042,$3884,$76,$104,$5,$110,$-2,$0,$0,$-2,$-5,$181,$-74,$0,$0,$-70,$0,$-70,$0,$-143,$76,$0,$76,$7,$7,$-137,$-1,$-55,$-17,$0,$-137
5,2017-06-30,69.79,$44.12,1.58,$11.36,6.15,$-69.54,0.0,$1.15,60.69,$0.02B,$0.07B,0.23,$1.73B,$2.05B,0.84,$0.52B,$0.35B,66.60%,$0.52B,$0.11B,21.24%,$0.52B,$0.11B,21.24%,$0.52B,$0.27B,52.32%,$0.52B,$0.05B,9.65%,$0.52B,$0.05B,10.04%,$0.05B,$2.05B,2.50%,$0.05B,$2.04B,2.52%,$0.05B,$3.89B,1.35%,$0.11B,$3.79B,2.93%,$133,$44,$89,$0,$16,$98,$34,$-16,$19,$0,$19,$19,$19,$73,$34,$46,46,$0.42,$0.42,$8,$0,$0,$15,$3711,$0,$17,$148,$3875,$3891,$66,$1732,$38,$1770,$1836,$0,$-288,$-20,$2054,$3891,$40,$77,$2,$79,$-1,$0,$0,$-2,$-10,$109,$-54,$0,$0,$-67,$0,$-67,$0,$-121,$78,$0,$78,$10,$10,$-91,$-0,$-3,$-15,$0,$-91
6,2017-03-31,76.45,$44.57,1.72,$11.03,6.93,$-78.21,0.0,$1.76,43.44,$0.01B,$0.05B,0.26,$1.70B,$2.07B,0.82,$0.49B,$0.33B,66.87%,$0.49B,$0.12B,24.19%,$0.49B,$0.12B,24.19%,$0.49B,$0.27B,54.27%,$0.49B,$0.07B,15.04%,$0.49B,$0.08B,15.45%,$0.08B,$2.07B,3.62%,$0.08B,$2.06B,3.63%,$0.08B,$3.86B,2.03%,$0.12B,$3.77B,3.26%,$128,$44,$84,$0,$11,$93,$35,$-15,$20,$0,$20,$21,$20,$73,$35,$46,46,$0.44,$0.44,$5,$0,$0,$12,$3714,$0,$17,$116,$3846,$3858,$46,$1700,$39,$1739,$1785,$0,$-263,$-20,$2073,$3858,$21,$38,$2,$41,$-0,$0,$0,$-4,$-33,$28,$-30,$0,$0,$-22,$0,$-22,$0,$-53,$46,$0,$46,$4,$4,$-44,$-0,$6,$-19,$0,$-44
7,2016-12-31,78.45,$44.96,1.74,$10.83,7.24,$-85.91,0.0,$2.05,38.27,$0.03B,$0.08B,0.4,$1.65B,$2.09B,0.79,$0.46B,$0.31B,67.17%,$0.46B,$0.12B,25.92%,$0.46B,$0.12B,25.92%,$0.46B,$0.25B,53.35%,$0.46B,$0.08B,17.49%,$0.46B,$0.08B,18.14%,$0.08B,$2.09B,4.31%,$0.08B,$2.07B,4.32%,$0.08B,$3.86B,2.47%,$0.12B,$3.74B,3.64%,$129,$42,$86,$0,$12,$97,$32,$-15,$17,$0,$17,$18,$18,$74,$32,$43,43,$0.29,$0.30,$24,$0,$0,$30,$3708,$0,$17,$104,$3828,$3858,$75,$1654,$41,$1694,$1769,$0,$-239,$-21,$2088,$3858,$85,$127,$-5,$122,$5,$0,$0,$-4,$19,$226,$-1788,$0,$0,$-6,$0,$-6,$-1,$-1796,$820,$0,$820,$948,$948,$-156,$-25,$1587,$17,$0,$-156
8,2016-09-30,80.95,$45.29,1.79,$10.54,7.68,$-53.58,0.0,$2.49,32.51,$0.02B,$0.06B,0.37,$1.64B,$2.10B,0.78,$0.43B,$0.29B,67.60%,$0.43B,$0.13B,29.60%,$0.43B,$0.13B,29.60%,$0.43B,$0.23B,52.91%,$0.43B,$0.09B,21.68%,$0.43B,$0.10B,22.38%,$0.10B,$2.10B,5.56%,$0.10B,$2.10B,5.56%,$0.10B,$3.85B,3.24%,$0.13B,$3.74B,4.43%,$128,$41,$86,$0,$11,$119,$9,$-15,$-6,$0,$-6,$-5,$-5,$51,$9,$46,46,$-0.10,$-0.10,$16,$0,$0,$23,$3689,$0,$0,$136,$3825,$3848,$62,$1637,$47,$1684,$1747,$0,$-215,$-28,$2101,$3848,$67,$85,$-9,$76,$4,$0,$0,$-4,$6,$149,$-1749,$0,$0,$-5,$0,$-5,$-1,$-1755,$808,$0,$808,$945,$945,$-113,$-25,$1615,$9,$0,$-113
9,2016-06-30,94.66,$46.17,2.05,$10.42,9.08,$-23.36,0.0,$3.47,27.28,$0.91B,$0.04B,24.42,$1.20B,$2.14B,0.56,$0.40B,$0.27B,67.93%,$0.40B,$0.16B,39.90%,$0.40B,$0.16B,39.90%,$0.40B,$0.23B,58.33%,$0.40B,$0.13B,32.83%,$0.40B,$0.13B,33.59%,$0.13B,$2.14B,8.93%,$0.13B,$2.14B,8.93%,$0.13B,$3.43B,5.27%,$0.16B,$3.34B,6.49%,$107,$34,$73,$0,$10,$64,$43,$-0,$43,$0,$43,$44,$43,$69,$43,$42,42,$1.04,$1.03,$902,$0,$0,$908,$2436,$0,$0,$83,$2519,$3426,$37,$1198,$50,$1248,$1285,$0,$-168,$-31,$2141,$3426,$72,$43,$-11,$32,$2,$0,$0,$-2,$-11,$93,$-409,$0,$0,$-5,$0,$-5,$-1,$-415,$368,$0,$368,$942,$942,$-69,$-24,$1217,$895,$0,$-69
10,2016-03-31,105.54,$37.12,2.84,$10.44,10.11,$-19.80,0.0,$3.24,32.57,$0.01B,$0.04B,0.3,$0.89B,$1.46B,0.61,$0.38B,$0.26B,67.89%,$0.38B,$0.15B,40.00%,$0.38B,$0.15B,40.00%,$0.38B,$0.21B,56.32%,$0.38B,$0.12B,30.26%,$0.38B,$0.12B,31.32%,$0.12B,$1.46B,9.65%,$0.12B,$1.46B,9.65%,$0.12B,$2.45B,5.46%,$0.15B,$2.35B,7.27%,$99,$33,$66,$0,$10,$63,$36,$-9,$27,$0,$27,$28,$28,$53,$36,$38,39,$0.74,$0.73,$6,$0,$0,$11,$2353,$0,$0,$85,$2438,$2449,$38,$890,$59,$949,$987,$0,$-176,$-27,$1462,$2449,$28,$17,$2,$19,$3,$0,$0,$-2,$-9,$38,$-337,$0,$0,$-3,$0,$-3,$-2,$-343,$62,$0,$62,$274,$274,$-31,$-1,$304,$-1,$0,$-31
11,2015-12-31,95.28,$32.75,2.91,$10.35,9.21,$-15.20,0.0,$3.16,30.15,$0.02B,$0.05B,0.31,$0.83B,$1.20B,0.69,$0.37B,$0.25B,67.76%,$0.37B,$0.15B,40.16%,$0.37B,$0.15B,40.16%,$0.37B,$0.21B,56.56%,$0.37B,$0.11B,30.05%,$0.37B,$0.11B,30.87%,$0.11B,$1.20B,9.90%,$0.11B,$1.20B,9.90%,$0.11B,$2.12B,5.48%,$0.15B,$2.03B,7.42%,$95,$30,$65,$0,$10,$56,$39,$-10,$29,$0,$29,$30,$30,$54,$39,$35,36,$0.84,$0.83,$7,$0,$0,$15,$2027,$0,$0,$78,$2104,$2119,$48,$828,$41,$869,$917,$0,$-172,$-14,$1202,$2119,$113,$60,$8,$68,$-1,$0,$0,$0,$5,$186,$-317,$0,$0,$-6,$0,$-6,$-5,$-329,$30,$0,$30,$225,$225,$-113,$-1,$141,$-2,$0,$-113
12,2015-09-30,82.98,$31.80,2.61,$10.24,8.11,$-16.66,0.0,$3.09,26.86,$0.01B,$0.05B,0.28,$0.87B,$1.15B,0.75,$0.36B,$0.24B,67.70%,$0.36B,$0.14B,39.04%,$0.36B,$0.14B,39.04%,$0.36B,$0.20B,55.62%,$0.36B,$0.11B,29.78%,$0.36B,$0.11B,30.62%,$0.11B,$1.15B,10.05%,$0.11B,$1.15B,10.05%,$0.11B,$2.11B,5.46%,$0.14B,$2.02B,7.25%,$95,$30,$65,$0,$9,$55,$40,$-9,$31,$0,$31,$32,$32,$55,$40,$36,36,$0.88,$0.88,$6,$0,$0,$13,$2021,$0,$0,$72,$2093,$2107,$47,$866,$44,$910,$957,$0,$-169,$-19,$1150,$2107,$83,$44,$6,$50,$-1,$0,$0,$-0,$5,$138,$-298,$0,$1,$-0,$0,$-0,$-1,$-299,$65,$0,$65,$177,$177,$-83,$-0,$158,$-2,$0,$-83
13,2015-06-30,75.78,$31.29,2.42,$10.13,7.48,$-16.48,0.0,$2.98,25.43,$0.01B,$0.04B,0.37,$0.85B,$1.12B,0.76,$0.35B,$0.23B,67.63%,$0.35B,$0.13B,37.86%,$0.35B,$0.13B,37.86%,$0.35B,$0.19B,54.62%,$0.35B,$0.10B,28.90%,$0.35B,$0.10B,29.77%,$0.10B,$1.12B,9.95%,$0.10B,$1.12B,9.95%,$0.10B,$2.05B,5.38%,$0.13B,$1.97B,7.12%,$91,$29,$62,$0,$10,$54,$37,$-9,$28,$0,$28,$29,$29,$52,$37,$35,36,$0.81,$0.80,$7,$0,$0,$14,$1959,$0,$0,$72,$2031,$2045,$37,$848,$38,$886,$924,$0,$-169,$-15,$1121,$2045,$51,$29,$4,$33,$-0,$0,$0,$1,$-4,$81,$-221,$0,$1,$-0,$0,$-0,$-1,$-222,$47,$0,$47,$145,$145,$-52,$-0,$139,$-2,$0,$-52
14,2015-03-31,81.24,$30.70,2.65,$10.02,8.11,$-16.65,0.0,$2.80,29.01,$0.02B,$0.03B,0.5,$0.82B,$1.09B,0.75,$0.34B,$0.23B,67.46%,$0.34B,$0.12B,36.72%,$0.34B,$0.12B,36.72%,$0.34B,$0.18B,53.43%,$0.34B,$0.09B,27.46%,$0.34B,$0.10B,28.36%,$0.10B,$1.09B,9.67%,$0.10B,$1.09B,9.67%,$0.10B,$1.98B,5.16%,$0.12B,$1.91B,6.97%,$85,$29,$56,$0,$9,$54,$31,$-9,$22,$0,$22,$23,$22,$46,$31,$34,35,$0.65,$0.65,$10,$0,$0,$17,$1892,$0,$0,$74,$1965,$1982,$33,$815,$42,$857,$890,$0,$-172,$-17,$1092,$1982,$23,$14,$2,$17,$0,$0,$0,$-0,$-8,$31,$-139,$0,$1,$0,$-0,$-0,$-1,$-140,$14,$0,$14,$123,$123,$-26,$-0,$111,$2,$0,$-26
15,2014-12-31,74.81,$28.61,2.61,$9.87,7.58,$-15.82,0.0,$2.66,28.12,$0.02B,$0.04B,0.34,$0.80B,$0.98B,0.82,$0.33B,$0.22B,67.38%,$0.33B,$0.12B,35.69%,$0.33B,$0.12B,35.69%,$0.33B,$0.17B,52.00%,$0.33B,$0.09B,26.46%,$0.33B,$0.09B,27.69%,$0.09B,$0.98B,9.65%,$0.09B,$0.98B,9.65%,$0.09B,$1.86B,5.13%,$0.12B,$1.78B,6.89%,$85,$27,$58,$0,$9,$54,$31,$-6,$25,$0,$25,$26,$26,$45,$31,$33,33,$0.77,$0.77,$9,$0,$0,$15,$1766,$0,$0,$74,$1840,$1855,$44,$801,$34,$835,$879,$0,$-168,$-13,$976,$1855,$89,$53,$1,$53,$-1,$0,$0,$-1,$4,$146,$-317,$0,$11,$0,$-29,$-29,$-1,$-335,$175,$0,$175,$107,$107,$-90,$-4,$188,$-1,$0,$-90
16,2014-09-30,63.23,$28.27,2.24,$9.60,6.58,$-10.77,0.0,$2.59,24.41,$0.01B,$0.04B,0.32,$0.75B,$0.95B,0.79,$0.31B,$0.21B,65.71%,$0.31B,$0.11B,35.90%,$0.31B,$0.11B,35.90%,$0.31B,$0.16B,51.92%,$0.31B,$0.08B,25.64%,$0.31B,$0.09B,27.56%,$0.09B,$0.95B,9.49%,$0.09B,$0.95B,9.49%,$0.09B,$1.78B,5.11%,$0.11B,$1.71B,6.94%,$85,$28,$58,$0,$9,$53,$32,$-7,$25,$0,$25,$26,$26,$46,$32,$33,33,$0.77,$0.77,$7,$0,$0,$14,$1713,$0,$0,$55,$1767,$1781,$44,$752,$33,$785,$829,$0,$-169,$-10,$953,$1781,$63,$38,$3,$41,$-0,$0,$0,$-2,$3,$108,$-250,$0,$5,$-9,$0,$-9,$-1,$-255,$126,$0,$126,$88,$88,$-67,$-1,$145,$-2,$0,$-67
17,2014-06-30,65.11,$27.36,2.38,$9.28,7.02,$-5.85,0.0,$2.44,26.68,$0.01B,$0.04B,0.37,$0.76B,$0.91B,0.84,$0.30B,$0.20B,65.66%,$0.30B,$0.11B,36.03%,$0.30B,$0.11B,36.03%,$0.30B,$0.15B,51.85%,$0.30B,$0.07B,24.92%,$0.30B,$0.08B,26.94%,$0.08B,$0.91B,9.14%,$0.08B,$0.91B,9.14%,$0.08B,$1.74B,4.95%,$0.11B,$1.67B,6.89%,$80,$26,$54,$0,$9,$51,$29,$-9,$20,$0,$20,$21,$21,$42,$29,$33,33,$0.63,$0.62,$7,$0,$0,$13,$1674,$0,$0,$53,$1727,$1740,$35,$760,$35,$796,$831,$0,$-172,$-12,$910,$1740,$37,$25,$3,$28,$-0,$0,$0,$-2,$-5,$60,$-196,$0,$0,$-7,$0,$-7,$-0,$-203,$134,$0,$134,$52,$52,$-45,$-1,$140,$-3,$0,$-45
18,2014-03-31,61.34,$27.09,2.26,$8.97,6.84,$-1.08,0.0,$2.39,25.67,$0.01B,$0.03B,0.44,$0.69B,$0.89B,0.78,$0.28B,$0.19B,65.85%,$0.28B,$0.10B,36.62%,$0.28B,$0.10B,36.62%,$0.28B,$0.15B,52.46%,$0.28B,$0.07B,25.00%,$0.28B,$0.08B,27.11%,$0.08B,$0.89B,9.08%,$0.08B,$0.89B,9.08%,$0.08B,$1.64B,4.95%,$0.10B,$1.59B,6.96%,$75,$27,$49,$0,$9,$52,$24,$-7,$16,$0,$16,$17,$17,$36,$24,$32,33,$0.51,$0.51,$6,$0,$0,$12,$1585,$0,$0,$46,$1631,$1643,$27,$692,$31,$724,$751,$0,$-170,$-8,$892,$1643,$17,$12,$1,$14,$0,$0,$0,$-1,$-12,$19,$-94,$0,$0,$0,$0,$0,$-1,$-95,$66,$0,$66,$29,$29,$-22,$-0,$73,$-3,$0,$-22
19,2013-12-31,53.87,$26.76,2.01,$8.74,6.16,$0.89,60.69,$2.35,22.92,$0.02B,$0.04B,0.41,$0.63B,$0.90B,0.7,$0.27B,$0.18B,65.93%,$0.27B,$0.10B,37.36%,$0.27B,$0.10B,37.36%,$0.27B,$0.15B,53.48%,$0.27B,$0.07B,25.27%,$0.27B,$0.07B,27.11%,$0.07B,$0.87B,9.01%,$0.07B,$0.87B,9.01%,$0.07B,$1.56B,4.87%,$0.10B,$1.50B,6.99%,$72,$28,$44,$0,$3,$46,$27,$-7,$19,$0,$19,$20,$22,$38,$27,$31,31,$0.70,$0.70,$10,$0,$0,$16,$1498,$0,$0,$48,$1546,$1562,$38,$626,$27,$653,$691,$0,$-162,$-6,$871,$1562,$75,$46,$1,$48,$-2,$0,$0,$-1,$-1,$121,$-124,$0,$12,$0,$-4,$-4,$2,$-114,$-58,$0,$-58,$119,$119,$-63,$-2,$-4,$2,$0,$-63
20,2013-09-30,62.09,$25.97,2.39,$8.49,7.31,$-3.14,0.0,$2.10,29.57,$0.01B,$0.03B,0.42,$0.63B,$0.83B,0.76,$0.26B,$0.18B,67.82%,$0.26B,$0.10B,36.40%,$0.26B,$0.10B,36.40%,$0.26B,$0.14B,53.26%,$0.26B,$0.06B,23.75%,$0.26B,$0.07B,24.90%,$0.07B,$0.83B,8.27%,$0.07B,$0.83B,8.27%,$0.07B,$1.52B,4.33%,$0.10B,$1.46B,6.61%,$70,$23,$48,$0,$9,$44,$27,$-8,$19,$0,$19,$20,$20,$38,$27,$31,32,$0.63,$0.62,$10,$0,$0,$14,$1460,$0,$0,$49,$1509,$1523,$33,$627,$32,$660,$693,$0,$-170,$-10,$830,$1523,$52,$35,$2,$37,$-0,$0,$0,$-0,$-4,$86,$-65,$0,$0,$-4,$0,$-4,$0,$-69,$-57,$0,$-57,$91,$91,$-46,$-2,$-14,$2,$0,$-46
21,2013-06-30,52.71,$25.39,2.08,$8.35,6.32,$-5.74,0.0,$2.11,24.98,$0.01B,$0.03B,0.48,$0.64B,$0.80B,0.81,$0.25B,$0.17B,67.59%,$0.25B,$0.09B,35.57%,$0.25B,$0.09B,35.57%,$0.25B,$0.13B,52.96%,$0.25B,$0.06B,22.53%,$0.25B,$0.06B,25.30%,$0.06B,$0.80B,8.42%,$0.06B,$0.80B,8.42%,$0.06B,$1.50B,4.36%,$0.09B,$1.44B,6.40%,$67,$21,$46,$0,$9,$41,$26,$-8,$17,$0,$17,$18,$18,$37,$26,$31,31,$0.57,$0.57,$10,$0,$0,$14,$1434,$0,$0,$50,$1484,$1497,$29,$643,$28,$671,$700,$0,$-171,$-6,$798,$1497,$32,$23,$1,$25,$0,$0,$0,$0,$-8,$49,$-28,$0,$0,$-3,$0,$-3,$-0,$-31,$-41,$0,$-41,$56,$56,$-30,$-2,$-16,$2,$0,$-30
22,2013-03-31,52.08,$25.01,2.08,$8.18,6.37,$-6.94,0.0,$1.94,26.85,$0.01B,$0.02B,0.49,$0.66B,$0.79B,0.84,$0.24B,$0.16B,67.08%,$0.24B,$0.08B,34.16%,$0.24B,$0.08B,34.16%,$0.24B,$0.13B,52.26%,$0.24B,$0.05B,20.99%,$0.24B,$0.06B,23.87%,$0.06B,$0.79B,7.97%,$0.06B,$0.79B,7.97%,$0.06B,$1.50B,4.03%,$0.08B,$1.44B,6.03%,$64,$22,$42,$0,$9,$42,$22,$-8,$14,$0,$14,$14,$14,$33,$22,$30,31,$0.47,$0.47,$7,$0,$0,$11,$1438,$0,$0,$47,$1485,$1496,$22,$655,$33,$689,$711,$0,$-173,$-14,$785,$1496,$14,$11,$0,$12,$0,$0,$0,$-2,$-16,$10,$-21,$0,$0,$-0,$0,$-0,$0,$-21,$-29,$0,$-29,$54,$54,$-15,$-0,$10,$-0,$0,$-15
23,2012-12-31,49.77,$23.93,2.08,$8.00,6.22,$-6.45,0.0,$1.86,26.76,$0.01B,$0.04B,0.32,$0.68B,$0.73B,0.94,$0.23B,$0.16B,67.09%,$0.23B,$0.08B,34.19%,$0.23B,$0.08B,34.19%,$0.23B,$0.12B,52.56%,$0.23B,$0.05B,20.09%,$0.23B,$0.06B,23.50%,$0.06B,$0.73B,7.92%,$0.06B,$0.73B,7.92%,$0.06B,$1.48B,3.92%,$0.08B,$1.41B,5.97%,$60,$20,$41,$0,$9,$40,$20,$-8,$12,$0,$12,$13,$13,$31,$20,$29,29,$0.44,$0.45,$7,$0,$0,$12,$1417,$0,$0,$46,$1473,$1484,$37,$684,$35,$719,$756,$0,$-173,$-15,$729,$1484,$56,$43,$-1,$41,$-1,$0,$0,$-2,$2,$99,$-220,$0,$48,$0,$-4,$-4,$1,$-176,$59,$0,$59,$72,$72,$-53,$-1,$77,$-0,$0,$-53
24,2012-09-30,46.01,$23.91,1.92,$7.73,5.95,$-5.81,0.0,$1.79,25.7,$0.01B,$0.03B,0.31,$0.61B,$0.73B,0.83,$0.22B,$0.15B,66.82%,$0.22B,$0.08B,33.63%,$0.22B,$0.08B,33.63%,$0.22B,$0.12B,52.47%,$0.22B,$0.04B,18.83%,$0.22B,$0.05B,23.32%,$0.05B,$0.73B,7.69%,$0.05B,$0.73B,7.69%,$0.05B,$1.40B,3.80%,$0.08B,$1.33B,5.74%,$62,$20,$42,$0,$8,$40,$22,$-8,$14,$0,$14,$14,$19,$33,$22,$29,30,$0.64,$0.63,$5,$0,$0,$9,$1343,$0,$0,$45,$1388,$1397,$30,$605,$23,$640,$670,$0,$-172,$-16,$728,$1397,$42,$32,$-1,$30,$-0,$0,$0,$-2,$-4,$68,$-126,$0,$48,$0,$-3,$-3,$0,$-81,$-20,$0,$-20,$71,$71,$-39,$-0,$11,$-2,$0,$-39
25,2012-06-30,39.5,$22.72,1.74,$7.53,5.25,$-7.75,0.0,$1.24,31.85,$0.01B,$0.03B,0.41,$0.65B,$0.67B,0.97,$0.21B,$0.14B,66.20%,$0.21B,$0.07B,32.39%,$0.21B,$0.07B,32.39%,$0.21B,$0.11B,51.17%,$0.21B,$0.03B,14.08%,$0.21B,$0.04B,16.43%,$0.04B,$0.67B,5.39%,$0.04B,$0.67B,5.39%,$0.04B,$1.38B,2.58%,$0.07B,$1.32B,5.33%,$57,$19,$38,$0,$8,$38,$19,$-8,$11,$0,$11,$11,$12,$30,$19,$29,29,$0.41,$0.40,$7,$0,$0,$11,$1315,$0,$0,$45,$1372,$1383,$27,$649,$39,$688,$715,$0,$-176,$-14,$668,$1383,$23,$21,$2,$23,$-0,$0,$0,$-1,$-7,$40,$-55,$0,$0,$0,$-3,$-3,$0,$-58,$24,$0,$24,$21,$21,$-26,$-0,$18,$0,$0,$-26
26,2012-03-31,38.93,$22.55,1.73,$7.38,5.28,$-6.50,0.0,$1.19,32.71,$0.02B,$0.02B,0.86,$0.64B,$0.65B,0.98,$0.21B,$0.14B,65.53%,$0.21B,$0.07B,33.01%,$0.21B,$0.07B,33.01%,$0.21B,$0.11B,51.46%,$0.21B,$0.03B,14.08%,$0.21B,$0.03B,16.02%,$0.03B,$0.65B,5.17%,$0.03B,$0.65B,5.17%,$0.03B,$1.35B,2.53%,$0.07B,$1.30B,5.44%,$55,$19,$36,$0,$8,$36,$19,$-8,$10,$0,$10,$10,$11,$29,$19,$29,29,$0.39,$0.39,$13,$0,$0,$18,$1286,$0,$0,$47,$1332,$1350,$21,$642,$33,$676,$696,$0,$-174,$-9,$654,$1350,$11,$10,$1,$11,$-0,$0,$0,$-2,$-14,$8,$-4,$0,$0,$-2,$0,$-2,$-0,$-7,$17,$0,$17,$1,$1,$-13,$-0,$5,$6,$0,$-13
27,2011-12-31,33.0,$22.64,1.46,$7.27,4.54,$-6.36,0.0,$1.10,30.0,$0.01B,$0.03B,0.35,$0.63B,$0.66B,0.95,$0.20B,$0.13B,64.68%,$0.20B,$0.07B,32.84%,$0.20B,$0.07B,32.84%,$0.20B,$0.10B,50.75%,$0.20B,$0.03B,13.93%,$0.20B,$0.03B,14.93%,$0.03B,$0.66B,4.72%,$0.03B,$0.66B,4.72%,$0.03B,$1.34B,2.38%,$0.07B,$1.28B,5.46%,$49,$16,$33,$0,$8,$34,$15,$-7,$7,$0,$7,$7,$10,$25,$15,$28,28,$0.38,$0.37,$7,$0,$0,$11,$1246,$0,$0,$43,$1333,$1344,$31,$625,$17,$657,$688,$0,$-170,$-10,$656,$1344,$32,$38,$3,$41,$-1,$0,$0,$0,$8,$80,$-176,$0,$0,$0,$-14,$-14,$0,$-190,$134,$0,$134,$47,$47,$-50,$-20,$112,$2,$0,$-50
28,2011-09-30,28.41,$22.27,1.28,$6.97,4.08,$-2.24,0.0,$1.04,27.32,$0.01B,$0.03B,0.31,$0.66B,$0.62B,1.07,$0.19B,$0.12B,64.58%,$0.19B,$0.06B,33.33%,$0.19B,$0.06B,33.33%,$0.19B,$0.10B,51.56%,$0.19B,$0.03B,13.54%,$0.19B,$0.03B,15.10%,$0.03B,$0.62B,4.58%,$0.03B,$0.62B,4.58%,$0.03B,$1.34B,2.37%,$0.06B,$1.28B,5.46%,$52,$18,$34,$0,$7,$36,$16,$-14,$2,$0,$2,$1,$2,$25,$16,$28,28,$0.08,$0.08,$7,$0,$0,$9,$1287,$0,$0,$44,$1331,$1340,$30,$663,$15,$690,$721,$0,$-166,$-8,$620,$1340,$21,$27,$2,$29,$0,$0,$0,$-0,$5,$56,$-163,$0,$0,$-12,$0,$-12,$-1,$-176,$172,$0,$172,$6,$6,$-37,$-19,$121,$1,$0,$-37
29,2011-06-30,31.01,$22.53,1.38,$6.85,4.53,$3.10,10.02,$1.28,24.23,$0.01B,$0.02B,0.5,$0.51B,$0.62B,0.82,$0.19B,$0.12B,63.49%,$0.19B,$0.07B,34.39%,$0.19B,$0.07B,34.39%,$0.19B,$0.10B,52.91%,$0.19B,$0.03B,17.46%,$0.19B,$0.04B,19.05%,$0.04B,$0.62B,5.63%,$0.04B,$0.62B,5.63%,$0.04B,$1.18B,3.04%,$0.07B,$1.14B,5.74%,$50,$18,$32,$0,$6,$32,$18,$-8,$10,$0,$10,$10,$10,$27,$18,$28,28,$0.35,$0.35,$8,$0,$0,$10,$1146,$0,$0,$28,$1174,$1184,$20,$513,$13,$540,$560,$0,$-157,$-7,$624,$1184,$19,$18,$1,$19,$0,$0,$0,$-1,$-3,$34,$-15,$0,$0,$0,$0,$0,$-2,$-17,$24,$0,$24,$1,$1,$-25,$-15,$-16,$2,$0,$-25
30,2011-03-31,29.57,$23.21,1.27,$6.75,4.38,$3.21,9.2,$1.50,19.72,$0.01B,$0.02B,0.39,$0.49B,$0.64B,0.77,$0.19B,$0.12B,63.44%,$0.19B,$0.06B,33.87%,$0.19B,$0.06B,33.87%,$0.19B,$0.10B,52.69%,$0.19B,$0.03B,17.20%,$0.19B,$0.04B,22.58%,$0.04B,$0.64B,6.50%,$0.04B,$0.64B,6.50%,$0.04B,$1.18B,3.55%,$0.06B,$1.14B,5.57%,$50,$19,$31,$0,$6,$33,$17,$-8,$9,$0,$9,$9,$8,$25,$17,$28,28,$0.30,$0.30,$5,$0,$0,$7,$1143,$0,$0,$32,$1175,$1182,$18,$494,$14,$522,$540,$0,$-153,$-9,$642,$1182,$9,$9,$1,$9,$0,$0,$0,$-2,$-7,$11,$-4,$0,$0,$0,$0,$0,$-1,$-5,$5,$0,$5,$0,$0,$-12,$-1,$-8,$-1,$0,$-12
31,2010-12-31,27.19,$23.31,1.17,$6.68,4.07,$3.35,8.11,$1.47,18.5,$0.01B,$0.02B,0.35,$0.49B,$0.65B,0.76,$0.18B,$0.12B,63.39%,$0.18B,$0.06B,33.88%,$0.18B,$0.06B,33.88%,$0.18B,$0.10B,53.01%,$0.18B,$0.03B,16.94%,$0.18B,$0.04B,22.40%,$0.04B,$0.65B,6.34%,$0.04B,$0.65B,6.34%,$0.04B,$1.19B,3.47%,$0.06B,$1.13B,5.49%,$40,$13,$27,$0,$6,$27,$13,$-8,$5,$0,$5,$6,$9,$22,$13,$27,28,$0.32,$0.32,$6,$0,$0,$8,$1148,$0,$0,$29,$1177,$1186,$24,$489,$15,$517,$541,$0,$-148,$-10,$645,$1186,$43,$34,$-5,$29,$-0,$0,$0,$-0,$2,$74,$-56,$0,$24,$0,$0,$0,$-0,$-33,$8,$0,$8,$-2,$-2,$-50,$-2,$-46,$-5,$0,$-50
32,2010-09-30,27.66,$23.36,1.18,$7.17,3.86,$4.32,6.41,$1.10,25.14,$0.03B,$0.02B,1.43,$0.48B,$0.65B,0.74,$0.19B,$0.12B,62.63%,$0.19B,$0.07B,34.21%,$0.19B,$0.07B,34.21%,$0.19B,$0.10B,53.16%,$0.19B,$0.02B,12.63%,$0.19B,$0.03B,15.79%,$0.03B,$0.65B,4.63%,$0.03B,$0.65B,4.63%,$0.03B,$1.18B,2.54%,$0.07B,$1.13B,5.76%,$49,$18,$30,$0,$5,$31,$17,$-8,$9,$0,$9,$9,$9,$26,$17,$27,28,$0.32,$0.32,$32,$0,$0,$34,$1115,$0,$0,$30,$1145,$1180,$24,$480,$17,$510,$534,$0,$-145,$-12,$646,$1180,$34,$26,$-5,$20,$0,$0,$0,$-1,$1,$55,$-15,$0,$23,$0,$0,$0,$-0,$9,$-2,$0,$-2,$-2,$-2,$-37,$-2,$-42,$21,$0,$-37
33,2010-06-30,24.8,$23.55,1.05,$7.48,3.32,$4.42,5.61,$1.10,22.55,$0.03B,$0.02B,1.58,$0.48B,$0.65B,0.74,$0.19B,$0.12B,63.16%,$0.19B,$0.07B,34.74%,$0.19B,$0.07B,34.74%,$0.19B,$0.10B,53.68%,$0.19B,$0.02B,12.11%,$0.19B,$0.03B,14.74%,$0.03B,$0.65B,4.50%,$0.03B,$0.65B,4.50%,$0.03B,$1.18B,2.36%,$0.07B,$1.13B,5.82%,$47,$18,$30,$0,$5,$31,$16,$-8,$9,$0,$9,$9,$16,$25,$16,$27,28,$0.57,$0.57,$28,$0,$0,$31,$1118,$0,$0,$30,$1148,$1179,$19,$480,$18,$510,$529,$0,$-140,$-12,$650,$1179,$24,$17,$-6,$11,$0,$0,$0,$-1,$-3,$32,$-9,$0,$23,$0,$0,$0,$-0,$14,$-1,$0,$-1,$-2,$-2,$-25,$-1,$-29,$17,$0,$-25
34,2010-03-31,24.79,$23.43,1.06,$7.84,3.16,$4.42,5.61,$0.81,30.6,$0.01B,$0.02B,0.5,$0.48B,$0.65B,0.74,$0.19B,$0.12B,63.16%,$0.19B,$0.07B,35.79%,$0.19B,$0.07B,35.79%,$0.19B,$0.10B,54.21%,$0.19B,$0.02B,10.53%,$0.19B,$0.02B,9.47%,$0.02B,$0.65B,3.02%,$0.02B,$0.65B,3.02%,$0.02B,$1.18B,1.50%,$0.07B,$1.13B,5.96%,$47,$18,$29,$0,$5,$31,$16,$-8,$8,$0,$8,$8,$7,$24,$16,$27,27,$0.27,$0.27,$7,$0,$0,$9,$1133,$0,$0,$31,$1167,$1176,$19,$481,$17,$511,$530,$0,$-144,$-12,$646,$1176,$8,$9,$1,$10,$1,$0,$0,$-1,$-4,$14,$-2,$0,$0,$0,$0,$0,$-0,$-3,$-1,$0,$-1,$-1,$-1,$-12,$-1,$-15,$-3,$0,$-12
35,2009-12-31,25.09,$23.60,1.06,$8.34,3.01,$4.36,5.76,$0.89,28.19,$0.01B,$0.02B,0.59,$0.48B,$0.65B,0.74,$0.19B,$0.12B,63.54%,$0.19B,$0.07B,36.46%,$0.19B,$0.07B,36.46%,$0.19B,$0.11B,55.21%,$0.19B,$0.02B,10.42%,$0.19B,$0.02B,9.90%,$0.02B,$0.65B,3.39%,$0.02B,$0.65B,3.39%,$0.02B,$1.19B,1.58%,$0.07B,$1.13B,6.12%,$47,$17,$30,$0,$5,$30,$16,$-18,$-2,$0,$-2,$-1,$-2,$26,$16,$24,24,$-0.11,$-0.11,$11,$0,$0,$13,$1125,$0,$0,$29,$1172,$1185,$22,$481,$17,$513,$535,$0,$-140,$-11,$650,$1185,$22,$36,$3,$39,$1,$0,$0,$-0,$-1,$59,$-21,$0,$16,$0,$-0,$-0,$1,$-4,$-142,$0,$-142,$147,$147,$-51,$-2,$-48,$6,$0,$-51
36,2009-09-30,21.05,$23.08,0.91,$8.42,2.5,$3.35,6.28,$1.33,15.82,$0.03B,$0.03B,1.23,$0.61B,$0.54B,1.12,$0.19B,$0.12B,63.68%,$0.19B,$0.07B,36.84%,$0.19B,$0.07B,36.84%,$0.19B,$0.11B,55.26%,$0.19B,$0.03B,14.74%,$0.19B,$0.03B,15.26%,$0.03B,$0.54B,5.52%,$0.03B,$0.54B,5.52%,$0.03B,$1.21B,2.39%,$0.07B,$1.15B,6.13%,$49,$18,$31,$0,$5,$31,$18,$-10,$8,$0,$8,$8,$7,$27,$18,$23,23,$0.32,$0.32,$29,$0,$0,$32,$1151,$0,$0,$31,$1183,$1214,$26,$608,$26,$646,$672,$549,$0,$-20,$542,$1214,$23,$26,$2,$28,$1,$0,$0,$-1,$2,$52,$-16,$0,$12,$0,$-0,$-0,$0,$-4,$-15,$0,$-15,$32,$32,$-39,$-1,$-24,$25,$0,$-39
37,2009-06-30,16.69,$23.38,0.71,$8.68,1.92,$2.41,6.94,$1.45,11.51,$0.01B,$0.02B,0.61,$0.61B,$0.55B,1.11,$0.19B,$0.12B,63.73%,$0.19B,$0.07B,37.31%,$0.19B,$0.07B,37.31%,$0.19B,$0.11B,55.44%,$0.19B,$0.03B,15.54%,$0.19B,$0.03B,16.58%,$0.03B,$0.55B,6.16%,$0.03B,$0.55B,6.16%,$0.03B,$1.21B,2.64%,$0.07B,$1.16B,6.32%,$47,$17,$30,$0,$4,$30,$18,$-12,$6,$0,$6,$6,$6,$26,$18,$23,23,$0.28,$0.28,$10,$0,$0,$12,$1168,$0,$0,$31,$1199,$1212,$21,$608,$25,$644,$665,$0,$-118,$-19,$547,$1212,$15,$18,$1,$19,$1,$0,$0,$-0,$-3,$31,$-12,$0,$0,$0,$-0,$-0,$0,$-12,$-15,$0,$-15,$31,$31,$-28,$-1,$-13,$6,$0,$-28
38,2009-03-31,13.24,$22.92,0.58,$8.90,1.49,$1.55,8.52,$1.65,8.02,$0.01B,$0.03B,0.29,$0.63B,$0.51B,1.25,$0.20B,$0.13B,63.78%,$0.20B,$0.07B,37.24%,$0.20B,$0.07B,37.24%,$0.20B,$0.11B,55.61%,$0.20B,$0.03B,17.35%,$0.20B,$0.04B,18.88%,$0.04B,$0.51B,7.20%,$0.04B,$0.51B,7.20%,$0.04B,$1.21B,3.06%,$0.07B,$1.14B,6.44%,$49,$18,$31,$0,$4,$31,$18,$-10,$8,$0,$8,$8,$8,$27,$18,$22,22,$0.35,$0.35,$7,$0,$0,$9,$1171,$0,$0,$31,$1202,$1211,$33,$632,$31,$672,$705,$0,$-123,$-25,$506,$1211,$8,$9,$1,$9,$1,$0,$0,$1,$-3,$14,$-7,$0,$0,$0,$0,$0,$0,$-7,$9,$0,$9,$1,$1,$-14,$-1,$-5,$3,$0,$-14
39,2008-12-31,23.28,$22.94,1.01,$8.98,2.59,$0.75,30.98,$1.71,13.61,$0.01B,$0.04B,0.2,$0.62B,$0.51B,1.23,$0.20B,$0.13B,63.45%,$0.20B,$0.07B,37.06%,$0.20B,$0.07B,37.06%,$0.20B,$0.11B,55.33%,$0.20B,$0.04B,17.77%,$0.20B,$0.04B,19.29%,$0.04B,$0.51B,7.33%,$0.04B,$0.51B,7.33%,$0.04B,$1.21B,3.16%,$0.07B,$1.13B,6.47%,$45,$16,$29,$0,$5,$28,$16,$-10,$6,$0,$6,$6,$8,$25,$16,$22,22,$0.38,$0.39,$4,$0,$0,$8,$1154,$0,$0,$32,$1205,$1213,$38,$623,$31,$669,$707,$0,$-123,$-25,$505,$1213,$40,$36,$1,$37,$-0,$0,$0,$0,$1,$77,$-64,$0,$7,$0,$-26,$-26,$1,$-83,$56,$0,$56,$11,$11,$-55,$-6,$6,$0,$0,$-55
40,2008-09-30,28.44,$23.71,1.2,$9.16,3.11,$-4.85,0.0,$1.83,15.54,$0.02B,$0.04B,0.38,$0.61B,$0.52B,1.18,$0.20B,$0.13B,63.82%,$0.20B,$0.08B,38.19%,$0.20B,$0.08B,38.19%,$0.20B,$0.11B,55.78%,$0.20B,$0.04B,19.60%,$0.20B,$0.04B,20.60%,$0.04B,$0.52B,7.82%,$0.04B,$0.52B,7.82%,$0.04B,$1.21B,3.44%,$0.08B,$1.13B,6.79%,$52,$19,$33,$0,$4,$32,$20,$-10,$10,$0,$10,$10,$10,$29,$20,$22,22,$0.44,$0.44,$12,$0,$0,$15,$1163,$0,$0,$30,$1194,$1209,$41,$613,$12,$647,$688,$0,$-111,$-6,$521,$1209,$31,$27,$1,$27,$-0,$0,$0,$-1,$2,$60,$-46,$0,$7,$0,$-23,$-23,$1,$-61,$46,$0,$46,$9,$9,$0,$-46,$9,$8,$0,$0
41,2008-06-30,26.03,$25.27,1.03,$9.19,2.83,$-10.02,0.0,$1.90,13.7,$0.02B,$0.04B,0.68,$0.61B,$0.52B,1.17,$0.20B,$0.13B,64.14%,$0.20B,$0.08B,38.38%,$0.20B,$0.08B,38.38%,$0.20B,$0.11B,56.06%,$0.20B,$0.04B,20.20%,$0.20B,$0.04B,21.21%,$0.04B,$0.52B,7.98%,$0.04B,$0.52B,7.98%,$0.04B,$1.20B,3.57%,$0.08B,$1.13B,6.87%,$50,$18,$32,$0,$4,$31,$19,$-9,$10,$0,$10,$10,$11,$28,$19,$22,22,$0.49,$0.48,$21,$0,$0,$24,$1161,$0,$0,$17,$1178,$1202,$35,$610,$11,$643,$678,$0,$-106,$-4,$524,$1202,$21,$18,$0,$18,$0,$0,$0,$-1,$-3,$35,$-36,$0,$7,$0,$-6,$-6,$-1,$-36,$43,$0,$43,$6,$6,$-27,$-4,$18,$17,$0,$-27
42,2008-03-31,26.38,$24.01,1.1,$9.22,2.86,$-15.28,0.0,$1.78,14.82,$0.01B,$0.03B,0.29,$0.59B,$0.52B,1.13,$0.20B,$0.13B,63.78%,$0.20B,$0.07B,37.76%,$0.20B,$0.07B,37.76%,$0.20B,$0.11B,56.12%,$0.20B,$0.04B,19.90%,$0.20B,$0.04B,19.39%,$0.04B,$0.52B,7.20%,$0.04B,$0.52B,7.20%,$0.04B,$1.19B,3.27%,$0.07B,$1.12B,6.77%,$50,$19,$31,$0,$4,$31,$18,$-9,$9,$0,$9,$10,$9,$27,$18,$22,22,$0.41,$0.41,$7,$0,$0,$10,$1161,$0,$0,$15,$1176,$1186,$33,$592,$10,$629,$662,$0,$-103,$-4,$524,$1186,$10,$9,$0,$9,$0,$0,$0,$-2,$-5,$14,$-23,$0,$0,$0,$0,$0,$-2,$-25,$26,$0,$26,$3,$3,$-14,$-1,$15,$3,$0,$-14
43,2007-12-31,24.36,$24.33,1.0,$9.11,2.68,$-16.28,0.0,$1.81,13.46,$0.01B,$0.04B,0.18,$0.57B,$0.53B,1.07,$0.19B,$0.12B,63.87%,$0.19B,$0.07B,38.22%,$0.19B,$0.07B,38.22%,$0.19B,$0.11B,56.02%,$0.19B,$0.04B,20.94%,$0.19B,$0.04B,19.90%,$0.04B,$0.53B,7.18%,$0.04B,$0.53B,7.18%,$0.04B,$1.17B,3.37%,$0.07B,$1.09B,6.88%,$47,$16,$31,$0,$4,$28,$19,$-9,$10,$0,$10,$12,$11,$27,$19,$21,21,$0.50,$0.50,$4,$0,$0,$7,$1139,$0,$0,$12,$1158,$1165,$37,$567,$7,$600,$637,$0,$-98,$-1,$527,$1165,$42,$35,$1,$36,$-1,$0,$0,$1,$7,$85,$-191,$0,$0,$0,$0,$0,$0,$-190,$104,$0,$104,$13,$13,$-53,$-3,$61,$-44,$0,$-52
44,2007-09-30,27.48,$24.48,1.12,$9.30,2.96,$-16.96,0.0,$1.76,15.61,$0.01B,$0.04B,0.31,$0.55B,$0.53B,1.04,$0.19B,$0.12B,63.30%,$0.19B,$0.07B,38.30%,$0.19B,$0.07B,38.30%,$0.19B,$0.11B,55.85%,$0.19B,$0.04B,20.74%,$0.19B,$0.04B,19.15%,$0.04B,$0.53B,6.79%,$0.04B,$0.53B,6.79%,$0.04B,$1.15B,3.27%,$0.07B,$1.08B,6.95%,$51,$18,$33,$0,$4,$30,$20,$-9,$11,$0,$11,$11,$11,$29,$20,$21,21,$0.51,$0.51,$9,$0,$0,$11,$1125,$0,$0,$14,$1138,$1150,$36,$552,$6,$584,$621,$0,$-96,$1,$529,$1150,$28,$26,$3,$29,$-1,$0,$0,$-0,$6,$64,$-161,$0,$0,$0,$0,$0,$-0,$-161,$90,$0,$90,$10,$10,$-39,$-2,$58,$-39,$0,$-38
45,2007-06-30,28.51,$25.73,1.11,$9.42,3.03,$-17.73,0.0,$1.74,16.39,$0.01B,$0.03B,0.29,$0.55B,$0.50B,1.09,$0.18B,$0.12B,63.19%,$0.18B,$0.07B,38.46%,$0.18B,$0.07B,38.46%,$0.18B,$0.10B,55.49%,$0.18B,$0.04B,20.88%,$0.18B,$0.03B,18.68%,$0.03B,$0.53B,6.79%,$0.03B,$0.53B,6.79%,$0.03B,$1.15B,3.20%,$0.07B,$1.08B,6.99%,$48,$17,$30,$0,$4,$31,$17,$-8,$9,$0,$9,$8,$7,$27,$17,$20,21,$0.36,$0.36,$7,$0,$0,$9,$1120,$0,$0,$16,$1136,$1145,$32,$550,$6,$583,$615,$0,$-93,$3,$530,$1145,$18,$18,$2,$20,$-0,$0,$0,$0,$3,$41,$-149,$0,$0,$0,$0,$0,$-0,$-149,$88,$0,$88,$7,$7,$-27,$-1,$67,$-41,$0,$-25
46,2007-03-31,32.44,$25.83,1.26,$9.37,3.46,$-16.50,0.0,$1.88,17.25,$0.01B,$0.03B,0.32,$0.46B,$0.50B,0.92,$0.17B,$0.11B,63.79%,$0.17B,$0.07B,40.23%,$0.17B,$0.07B,40.23%,$0.17B,$0.10B,55.75%,$0.17B,$0.04B,22.41%,$0.17B,$0.04B,20.69%,$0.04B,$0.53B,7.68%,$0.04B,$0.53B,7.68%,$0.04B,$1.05B,3.53%,$0.07B,$0.99B,7.31%,$45,$17,$28,$0,$4,$27,$17,$-7,$10,$0,$10,$10,$9,$24,$17,$20,20,$0.44,$0.44,$7,$0,$0,$9,$1032,$0,$0,$13,$1045,$1054,$29,$462,$6,$494,$523,$0,$-87,$2,$531,$1054,$10,$7,$1,$8,$0,$0,$0,$1,$2,$20,$-49,$0,$0,$0,$0,$0,$-0,$-50,$-0,$0,$-0,$4,$4,$-13,$-1,$-10,$-40,$0,$-13
47,2006-12-31,33.17,$25.97,1.28,$9.27,3.58,$-15.85,0.0,$1.89,17.55,$0.05B,$0.03B,1.78,$0.46B,$0.50B,0.92,$0.17B,$0.11B,64.46%,$0.17B,$0.07B,40.36%,$0.17B,$0.07B,40.36%,$0.17B,$0.09B,56.02%,$0.17B,$0.04B,22.89%,$0.17B,$0.04B,21.08%,$0.04B,$0.53B,8.05%,$0.04B,$0.53B,8.05%,$0.04B,$1.05B,3.66%,$0.07B,$0.99B,7.45%,$44,$16,$28,$0,$4,$26,$18,$-8,$9,$0,$9,$9,$9,$25,$18,$18,18,$0.46,$0.45,$48,$0,$0,$50,$988,$0,$0,$15,$1003,$1053,$28,$462,$5,$494,$522,$0,$-84,$2,$531,$1053,$37,$26,$3,$30,$-0,$0,$0,$-2,$-2,$65,$-167,$0,$0,$0,$-8,$-8,$-1,$-177,$59,$0,$59,$146,$146,$-46,$-3,$155,$43,$0,$-44
