,Date,Stock Price,Book Value per Share,Price to Book Ratio,TTM Sales per Share,Price to Sales Ratio,TTM FCF per Share,Price to FCF Ratio,TTM Net EPS,PE Ratio,Current Assets,Current Liabilities,Current Ratio,Long Term Debt,Shareholder's Equity_x,Debt to Equity Ratio,TTM Revenue_x,TTM Gross Profit,Gross Margin,TTM Revenue_y,TTM Operating Income,Operating Margin,TTM Revenue_x,TTM EBIT,EBIT Margin,TTM Revenue_y,TTM EBITDA,EBITDA Margin,TTM Revenue_x,TTM Pre-Tax Income,Pre-Tax Margin,TTM Revenue_y,TTM Net Income_x,Net Margin,TTM Net Income_y,Shareholder's Equity_y,Return on Equity,TTM Net Income_x,Tangible Equity,Return on Tangible Equity,TTM Net Income_y,Total Assets,Return on Assets,TTM Net Income,LT Investments & Debt,Return on Investment,revenue,cost-goods-sold,gross-profit,research-development-expenses,selling-general-administrative-expenses,operating-expenses,operating-income,total-non-operating-income-expense,pre-tax-income,total-provision-income-taxes,income-after-taxes,income-from-continuous-operations,net-income,ebitda,ebit,basic-shares-outstanding,shares-outstanding,eps-basic-net-earnings-per-share,eps-earnings-per-share-diluted,cash-on-hand,inventory,other-current-assets,total-current-assets,net-property-plant-equipment,long-term-investments,goodwill-intangible-assets-total,other-long-term-assets,total-long-term-assets,total-assets,total-current-liabilities,long-term-debt,other-non-current-liabilities,total-long-term-liabilities,total-liabilities,common-stock-net,retained-earnings-accumulated-deficit,comprehensive-income,total-share-holder-equity,total-liabilities-share-holders-equity,net-income-loss,total-depreciation-amortization-cash-flow,other-non-cash-items,total-non-cash-items,change-in-accounts-receivable,change-in-inventories,change-in-accounts-payable,change-in-assets-liabilities,total-change-in-assets-liabilities,cash-flow-from-operating-activities,net-change-in-property-plant-equipment,net-change-in-intangible-assets,net-acquisitions-divestitures,net-change-in-short-term-investments,net-change-in-long-term-investments,net-change-in-investments-total,investing-activities-other,cash-flow-from-investing-activities,net-long-term-debt,net-current-debt,debt-issuance-retirement-net-total,net-common-equity-issued-repurchased,net-total-equity-issued-repurchased,total-common-preferred-stock-dividends-paid,financial-activities-other,cash-flow-from-financial-activities,net-cash-flow,stock-based-compensation,common-stock-dividends-paid
0,2018-09-30,44.11,$20.76,2.12,$4.20,10.49,$0.86,51.52,$3.62,12.19,$0.37B,$0.04B,8.91,$0.67B,$0.82B,0.82,$0.17B,$0.17B,100.00%,$0.17B,$0.08B,47.90%,$0.17B,$0.08B,47.90%,$0.17B,$0.12B,71.86%,$0.17B,$0.14B,86.23%,$0.17B,$0.14B,86.23%,$0.14B,$0.82B,18.31%,$0.14B,$0.82B,18.31%,$0.14B,$1.54B,9.63%,$0.08B,$1.49B,5.50%,$42,$0,$42,$0,$5,$22,$20,$15,$35,$0,$35,$35,$35,$30,$20,$39,40,$0.88,$0.88,$23,$0,$0,$370,$1107,$0,$0,$55,$1166,$1536,$42,$671,$0,$671,$713,$0,$-46,$0,$823,$1536,$124,$30,$-65,$-35,$-4,$0,$0,$0,$-6,$83,$-68,$0,$-1,$0,$63,$63,$4,$-2,$3,$0,$3,$1,$1,$-68,$-0,$-64,$17,$4,$-68
1,2018-06-30,42.37,$20.33,2.08,$4.19,10.1,$0.60,70.43,$3.26,13.0,$0.34B,$0.04B,8.25,$0.65B,$0.81B,0.81,$0.17B,$0.17B,100.00%,$0.17B,$0.08B,48.19%,$0.17B,$0.08B,48.19%,$0.17B,$0.12B,72.29%,$0.17B,$0.13B,78.31%,$0.17B,$0.13B,78.31%,$0.13B,$0.81B,16.89%,$0.13B,$0.81B,16.89%,$0.13B,$1.50B,8.85%,$0.08B,$1.46B,5.59%,$41,$0,$41,$0,$5,$22,$20,$49,$69,$0,$69,$69,$69,$30,$20,$39,40,$1.74,$1.73,$7,$0,$0,$343,$1098,$0,$0,$56,$1157,$1500,$41,$652,$0,$652,$694,$0,$-58,$0,$806,$1500,$89,$20,$-49,$-29,$-3,$0,$0,$-2,$-5,$55,$-46,$0,$-1,$0,$54,$54,$2,$9,$-15,$0,$-15,$0,$0,$-45,$-3,$-63,$1,$3,$-45
2,2018-03-31,37.13,$19.10,1.94,$4.22,8.8,$-0.10,0.0,$2.17,17.11,$0.34B,$0.04B,9.69,$0.69B,$0.76B,0.91,$0.17B,$0.17B,100.00%,$0.17B,$0.08B,47.90%,$0.17B,$0.08B,47.90%,$0.17B,$0.12B,71.86%,$0.17B,$0.09B,51.50%,$0.17B,$0.09B,51.50%,$0.09B,$0.76B,11.35%,$0.09B,$0.76B,11.35%,$0.09B,$1.48B,5.91%,$0.08B,$1.44B,5.65%,$42,$0,$42,$0,$5,$22,$20,$1,$20,$0,$20,$20,$20,$30,$20,$39,39,$0.51,$0.51,$4,$0,$0,$338,$1086,$0,$0,$54,$1141,$1479,$35,$687,$0,$687,$722,$0,$-104,$0,$757,$1479,$20,$10,$-2,$8,$-1,$0,$0,$-4,$-7,$22,$-9,$0,$-0,$0,$-10,$-10,$0,$-19,$20,$0,$20,$0,$0,$-23,$-1,$-4,$-1,$1,$-23
3,2017-12-31,41.93,$19.17,2.19,$4.23,9.9,$0.01,0.0,$2.20,19.06,$0.33B,$0.04B,8.25,$0.67B,$0.76B,0.88,$0.17B,$0.17B,100.00%,$0.17B,$0.08B,48.21%,$0.17B,$0.08B,48.21%,$0.17B,$0.12B,72.02%,$0.17B,$0.09B,52.38%,$0.17B,$0.09B,51.79%,$0.09B,$0.76B,11.50%,$0.09B,$0.76B,11.50%,$0.09B,$1.47B,6.07%,$0.08B,$1.43B,5.81%,$42,$0,$42,$0,$4,$21,$20,$-1,$20,$0,$20,$20,$20,$30,$20,$39,40,$0.51,$0.50,$5,$0,$0,$325,$1086,$0,$0,$54,$1141,$1466,$39,$668,$0,$668,$707,$0,$-102,$0,$759,$1466,$87,$40,$-7,$33,$-5,$0,$0,$-10,$-15,$105,$-108,$0,$-1,$0,$18,$18,$-0,$-92,$58,$0,$58,$15,$15,$-90,$1,$-16,$-3,$5,$-90
4,2017-09-30,44.68,$19.12,2.34,$4.27,10.46,$-0.39,0.0,$2.23,20.03,$0.32B,$0.04B,8.66,$0.64B,$0.76B,0.84,$0.17B,$0.17B,100.00%,$0.17B,$0.08B,48.21%,$0.17B,$0.08B,48.21%,$0.17B,$0.12B,72.02%,$0.17B,$0.09B,52.98%,$0.17B,$0.09B,52.38%,$0.09B,$0.76B,11.71%,$0.09B,$0.76B,11.71%,$0.09B,$1.43B,6.22%,$0.08B,$1.40B,5.90%,$41,$0,$41,$0,$4,$21,$20,$1,$21,$0,$21,$21,$21,$30,$20,$39,40,$0.52,$0.52,$4,$0,$0,$317,$1061,$0,$0,$53,$1114,$1431,$37,$638,$0,$638,$675,$0,$-100,$0,$757,$1431,$68,$30,$-12,$18,$-4,$0,$0,$-4,$-9,$76,$-71,$0,$-1,$0,$18,$18,$-0,$-54,$29,$0,$29,$15,$15,$-68,$-2,$-26,$-4,$4,$-68
5,2017-06-30,48.31,$19.14,2.52,$4.27,11.3,$-1.41,0.0,$2.28,21.19,$0.32B,$0.04B,7.84,$0.64B,$0.76B,0.85,$0.17B,$0.17B,100.00%,$0.17B,$0.08B,48.21%,$0.17B,$0.08B,48.21%,$0.17B,$0.12B,72.02%,$0.17B,$0.09B,53.57%,$0.17B,$0.09B,52.98%,$0.09B,$0.76B,11.90%,$0.09B,$0.76B,11.90%,$0.09B,$1.44B,6.36%,$0.08B,$1.40B,5.97%,$42,$0,$42,$0,$4,$23,$20,$6,$25,$0,$25,$25,$25,$30,$20,$39,40,$0.64,$0.64,$9,$0,$0,$318,$1065,$0,$0,$57,$1123,$1441,$40,$643,$0,$643,$683,$0,$-98,$0,$757,$1441,$47,$20,$-10,$9,$-3,$0,$0,$-6,$-9,$47,$-66,$0,$-0,$0,$20,$20,$-0,$-47,$34,$0,$34,$15,$15,$-45,$-2,$1,$1,$3,$-45
6,2017-03-31,44.51,$19.03,2.34,$4.25,10.46,$-2.18,0.0,$2.22,20.05,$0.32B,$0.04B,7.82,$0.60B,$0.75B,0.79,$0.17B,$0.17B,100.00%,$0.17B,$0.08B,48.80%,$0.17B,$0.08B,48.80%,$0.17B,$0.12B,72.29%,$0.17B,$0.09B,52.41%,$0.17B,$0.09B,51.81%,$0.09B,$0.75B,11.60%,$0.09B,$0.75B,11.60%,$0.09B,$1.39B,6.21%,$0.08B,$1.35B,6.04%,$43,$0,$43,$0,$5,$22,$21,$0,$22,$0,$22,$22,$21,$31,$21,$39,40,$0.54,$0.54,$9,$0,$0,$317,$1021,$0,$0,$52,$1074,$1392,$41,$598,$0,$598,$638,$0,$-100,$0,$753,$1392,$22,$10,$-5,$5,$-1,$0,$0,$-4,$-6,$21,$-4,$0,$-0,$0,$6,$6,$-0,$1,$-11,$0,$-11,$15,$15,$-23,$-2,$-21,$1,$1,$-23
7,2016-12-31,43.12,$18.87,2.29,$4.21,10.25,$-2.96,0.0,$2.21,19.51,$0.32B,$0.05B,7.02,$0.61B,$0.74B,0.82,$0.16B,$0.16B,100.00%,$0.16B,$0.08B,49.38%,$0.16B,$0.08B,49.38%,$0.16B,$0.12B,72.84%,$0.16B,$0.09B,52.47%,$0.16B,$0.09B,52.47%,$0.09B,$0.74B,11.79%,$0.09B,$0.74B,11.79%,$0.09B,$1.40B,6.22%,$0.08B,$1.35B,6.04%,$42,$0,$42,$0,$5,$22,$20,$0,$21,$0,$21,$21,$21,$30,$20,$38,39,$0.53,$0.53,$8,$0,$0,$319,$1026,$0,$0,$48,$1076,$1395,$45,$609,$0,$609,$655,$0,$-99,$0,$740,$1395,$85,$38,$-9,$29,$-5,$0,$0,$-4,$-8,$106,$-124,$0,$-1,$0,$3,$3,$-18,$-140,$37,$0,$37,$79,$79,$-85,$-2,$29,$-5,$4,$-85
8,2016-09-30,47.15,$18.88,2.5,$4.12,11.45,$-6.17,0.0,$2.16,21.83,$0.30B,$0.04B,6.91,$0.59B,$0.74B,0.8,$0.16B,$0.16B,100.00%,$0.16B,$0.08B,49.04%,$0.16B,$0.08B,49.04%,$0.16B,$0.11B,72.61%,$0.16B,$0.08B,52.23%,$0.16B,$0.08B,52.23%,$0.08B,$0.74B,11.70%,$0.08B,$0.74B,11.70%,$0.08B,$1.37B,6.13%,$0.08B,$1.33B,5.95%,$41,$0,$41,$0,$4,$21,$20,$2,$22,$0,$22,$22,$22,$30,$20,$39,39,$0.57,$0.57,$4,$0,$0,$301,$1026,$0,$0,$45,$1073,$1373,$43,$589,$0,$589,$633,$0,$-98,$0,$741,$1373,$64,$28,$-6,$22,$-4,$0,$0,$-2,$-7,$80,$-115,$0,$-1,$0,$-0,$-0,$-5,$-121,$17,$0,$17,$79,$79,$-62,$-2,$32,$-9,$3,$-62
9,2016-06-30,46.43,$18.70,2.48,$4.02,11.56,$-8.52,0.0,$2.11,22.0,$0.31B,$0.04B,7.21,$0.61B,$0.73B,0.83,$0.15B,$0.15B,100.00%,$0.15B,$0.08B,50.33%,$0.15B,$0.08B,50.33%,$0.15B,$0.11B,73.51%,$0.15B,$0.08B,52.98%,$0.15B,$0.08B,52.32%,$0.08B,$0.73B,11.60%,$0.08B,$0.73B,11.60%,$0.08B,$1.38B,6.09%,$0.08B,$1.34B,6.05%,$40,$0,$40,$0,$4,$20,$20,$2,$22,$0,$22,$22,$22,$29,$20,$38,38,$0.58,$0.58,$18,$0,$0,$307,$1025,$0,$0,$45,$1073,$1380,$43,$607,$0,$607,$649,$0,$-99,$0,$731,$1380,$42,$18,$-4,$15,$-3,$0,$0,$-4,$-6,$51,$-98,$0,$-1,$0,$-8,$-8,$-2,$-109,$35,$0,$35,$71,$71,$-41,$-2,$63,$5,$2,$-41
10,2016-03-31,40.14,$17.74,2.26,$3.84,10.47,$-6.85,0.0,$2.01,19.97,$0.30B,$0.04B,7.93,$0.61B,$0.67B,0.9,$0.14B,$0.14B,100.00%,$0.14B,$0.07B,51.05%,$0.14B,$0.07B,51.05%,$0.14B,$0.11B,74.83%,$0.14B,$0.08B,53.15%,$0.14B,$0.07B,51.75%,$0.07B,$0.67B,11.16%,$0.07B,$0.67B,11.16%,$0.07B,$1.32B,6.10%,$0.07B,$1.28B,6.20%,$39,$0,$39,$0,$4,$19,$20,$0,$20,$0,$20,$20,$20,$29,$20,$37,37,$0.53,$0.53,$24,$0,$0,$301,$971,$0,$0,$45,$1018,$1319,$38,$608,$0,$608,$646,$0,$-100,$0,$673,$1319,$20,$9,$-1,$8,$-1,$0,$0,$-6,$-8,$20,$-33,$0,$-1,$0,$-4,$-4,$-0,$-38,$36,$0,$36,$15,$15,$-20,$-1,$29,$11,$1,$-20
11,2015-12-31,37.81,$17.56,2.15,$3.65,10.36,$-6.64,0.0,$1.95,19.39,$0.28B,$0.04B,6.31,$0.57B,$0.66B,0.87,$0.14B,$0.14B,100.00%,$0.14B,$0.07B,51.85%,$0.14B,$0.07B,51.85%,$0.14B,$0.10B,76.30%,$0.14B,$0.07B,54.81%,$0.14B,$0.07B,52.59%,$0.07B,$0.66B,10.76%,$0.07B,$0.66B,10.76%,$0.07B,$1.28B,6.27%,$0.07B,$1.23B,6.36%,$37,$0,$37,$0,$4,$20,$17,$1,$18,$0,$18,$18,$18,$26,$17,$36,37,$0.49,$0.47,$13,$0,$0,$280,$947,$0,$0,$45,$996,$1275,$44,$572,$0,$572,$616,$0,$-100,$0,$659,$1275,$73,$31,$-4,$27,$-4,$0,$0,$5,$2,$102,$-240,$0,$-1,$0,$-84,$-84,$-2,$-327,$291,$0,$291,$0,$0,$-77,$-2,$212,$-12,$4,$-77
12,2015-09-30,36.92,$18.59,1.99,$3.49,10.59,$-1.98,0.0,$2.04,18.1,$0.26B,$0.02B,10.71,$0.52B,$0.62B,0.83,$0.13B,$0.13B,100.00%,$0.13B,$0.07B,54.26%,$0.13B,$0.07B,54.26%,$0.13B,$0.10B,79.07%,$0.13B,$0.08B,59.69%,$0.13B,$0.07B,56.59%,$0.07B,$0.66B,11.06%,$0.07B,$0.66B,11.06%,$0.07B,$1.22B,6.92%,$0.07B,$1.18B,6.81%,$35,$0,$35,$0,$4,$16,$19,$1,$20,$0,$20,$20,$19,$27,$19,$35,37,$0.53,$0.52,$12,$0,$0,$261,$910,$0,$0,$42,$955,$1217,$24,$518,$13,$531,$556,$0,$-98,$0,$661,$1217,$55,$22,$-4,$18,$-3,$0,$0,$1,$-3,$71,$-192,$0,$-0,$0,$-69,$-69,$-1,$-263,$236,$0,$236,$0,$0,$-57,$-1,$179,$-14,$3,$-57
13,2015-06-30,35.57,$18.54,1.92,$3.36,10.59,$2.16,16.44,$1.98,17.97,$0.25B,$0.02B,11.43,$0.36B,$0.62B,0.58,$0.12B,$0.12B,100.00%,$0.12B,$0.07B,54.84%,$0.12B,$0.07B,54.84%,$0.12B,$0.10B,79.03%,$0.12B,$0.07B,59.68%,$0.12B,$0.07B,56.45%,$0.07B,$0.66B,10.72%,$0.07B,$0.66B,10.72%,$0.07B,$1.04B,7.08%,$0.07B,$1.02B,7.04%,$32,$0,$32,$0,$4,$15,$17,$1,$18,$0,$18,$18,$17,$25,$17,$35,37,$0.48,$0.48,$8,$0,$0,$254,$752,$0,$0,$34,$789,$1043,$22,$358,$3,$361,$384,$0,$-99,$0,$660,$1043,$35,$14,$-2,$12,$-2,$0,$0,$-2,$-4,$44,$-28,$0,$-0,$0,$-70,$-70,$-1,$-99,$76,$0,$76,$0,$0,$-38,$-1,$38,$-17,$2,$-38
14,2015-03-31,38.87,$18.55,2.1,$3.29,11.82,$2.22,17.49,$2.00,19.44,$0.21B,$0.02B,10.96,$0.31B,$0.62B,0.51,$0.12B,$0.12B,100.00%,$0.12B,$0.07B,56.20%,$0.12B,$0.07B,56.20%,$0.12B,$0.10B,80.17%,$0.12B,$0.07B,61.16%,$0.12B,$0.07B,57.85%,$0.07B,$0.66B,10.84%,$0.07B,$0.66B,10.84%,$0.07B,$1.00B,7.26%,$0.07B,$0.97B,7.21%,$31,$0,$31,$0,$3,$14,$17,$0,$18,$0,$18,$18,$17,$25,$17,$35,37,$0.47,$0.47,$3,$0,$0,$205,$754,$0,$0,$33,$790,$995,$19,$314,$3,$317,$336,$0,$-98,$0,$659,$995,$18,$7,$-1,$6,$-1,$0,$0,$-4,$-6,$18,$-23,$0,$-0,$0,$-29,$-29,$-1,$-53,$32,$0,$32,$0,$0,$-19,$-0,$13,$-22,$1,$-19
15,2014-12-31,36.08,$18.61,1.94,$3.25,11.11,$2.53,14.25,$1.99,18.13,$0.23B,$0.02B,10.84,$0.28B,$0.62B,0.45,$0.12B,$0.12B,100.00%,$0.12B,$0.07B,57.14%,$0.12B,$0.07B,57.14%,$0.12B,$0.10B,79.83%,$0.12B,$0.07B,61.34%,$0.12B,$0.07B,57.98%,$0.07B,$0.66B,10.80%,$0.07B,$0.66B,10.80%,$0.07B,$0.97B,7.25%,$0.07B,$0.94B,7.30%,$31,$0,$31,$0,$3,$14,$17,$4,$21,$0,$21,$21,$20,$25,$17,$35,37,$0.57,$0.57,$25,$0,$0,$226,$727,$0,$0,$10,$739,$965,$21,$281,$3,$284,$305,$0,$-96,$0,$660,$965,$73,$26,$-4,$22,$0,$0,$0,$-0,$-0,$96,$-60,$0,$-2,$0,$33,$33,$-1,$-29,$3,$0,$3,$26,$26,$-74,$-2,$-48,$18,$3,$-74
16,2014-09-30,30.45,$18.13,1.68,$3.25,9.38,$2.68,11.36,$1.82,16.73,$0.21B,$0.02B,11.56,$0.30B,$0.59B,0.51,$0.12B,$0.12B,100.00%,$0.12B,$0.06B,50.86%,$0.12B,$0.06B,50.86%,$0.12B,$0.09B,73.28%,$0.12B,$0.07B,56.90%,$0.12B,$0.06B,54.31%,$0.06B,$0.63B,9.97%,$0.06B,$0.63B,9.97%,$0.06B,$0.95B,6.68%,$0.06B,$0.93B,6.38%,$30,$0,$30,$0,$3,$12,$17,$0,$17,$0,$17,$17,$16,$23,$17,$35,37,$0.47,$0.46,$8,$0,$0,$212,$731,$0,$0,$7,$740,$953,$18,$303,$0,$303,$321,$0,$-99,$0,$632,$953,$52,$19,$0,$19,$0,$0,$0,$-2,$-3,$69,$-37,$0,$-1,$0,$9,$9,$-8,$-37,$24,$0,$24,$0,$0,$-56,$-0,$-32,$1,$2,$-56
17,2014-06-30,31.81,$18.15,1.75,$3.15,10.11,$2.80,11.36,$1.83,17.38,$0.21B,$0.02B,11.65,$0.30B,$0.59B,0.5,$0.11B,$0.11B,100.00%,$0.11B,$0.06B,50.00%,$0.11B,$0.06B,50.00%,$0.11B,$0.08B,74.11%,$0.11B,$0.06B,56.25%,$0.11B,$0.06B,56.25%,$0.06B,$0.63B,9.95%,$0.06B,$0.63B,9.95%,$0.06B,$0.95B,6.89%,$0.06B,$0.93B,6.24%,$29,$0,$29,$0,$3,$12,$17,$1,$18,$0,$18,$18,$17,$24,$17,$35,37,$0.50,$0.50,$8,$0,$0,$208,$728,$0,$0,$7,$737,$945,$18,$295,$0,$295,$313,$0,$-97,$0,$632,$945,$35,$13,$-0,$12,$0,$0,$0,$-3,$-2,$45,$-28,$0,$-1,$0,$9,$9,$-4,$-23,$16,$0,$16,$0,$0,$-37,$-0,$-21,$1,$1,$-37
18,2014-03-31,30.26,$18.15,1.67,$3.13,9.67,$3.09,9.8,$1.69,17.91,$0.21B,$0.02B,12.57,$0.29B,$0.59B,0.5,$0.11B,$0.11B,100.00%,$0.11B,$0.06B,51.38%,$0.11B,$0.06B,51.38%,$0.11B,$0.08B,75.23%,$0.11B,$0.06B,54.13%,$0.11B,$0.06B,53.21%,$0.06B,$0.63B,9.15%,$0.06B,$0.63B,9.15%,$0.06B,$0.94B,6.52%,$0.06B,$0.93B,6.43%,$29,$0,$29,$0,$3,$12,$17,$0,$17,$0,$17,$17,$16,$23,$17,$35,37,$0.47,$0.46,$8,$0,$0,$207,$727,$0,$0,$7,$736,$942,$16,$294,$0,$294,$310,$0,$-97,$0,$632,$942,$17,$6,$0,$7,$0,$0,$0,$-3,$-4,$20,$-14,$0,$-0,$0,$1,$1,$-3,$-16,$15,$0,$15,$0,$0,$-19,$-0,$-3,$1,$1,$-19
19,2013-12-31,28.07,$18.20,1.54,$3.17,8.86,$3.29,8.54,$1.63,17.22,$0.20B,$0.02B,10.1,$0.28B,$0.59B,0.47,$0.11B,$0.11B,100.00%,$0.11B,$0.06B,51.89%,$0.11B,$0.06B,51.89%,$0.11B,$0.08B,76.42%,$0.11B,$0.06B,51.89%,$0.11B,$0.05B,50.94%,$0.05B,$0.63B,9.11%,$0.05B,$0.63B,9.11%,$0.05B,$0.93B,6.33%,$0.06B,$0.91B,6.61%,$28,$0,$28,$0,$3,$20,$8,$0,$14,$0,$14,$14,$14,$15,$8,$33,33,$0.41,$0.40,$7,$0,$0,$203,$719,$0,$0,$7,$728,$931,$20,$279,$0,$279,$299,$0,$-95,$0,$632,$931,$58,$25,$0,$26,$0,$0,$0,$4,$4,$87,$-50,$0,$-1,$0,$-116,$-116,$2,$-165,$-25,$0,$-25,$177,$177,$-67,$-7,$77,$-0,$3,$-67
20,2013-09-30,29.72,$18.30,1.62,$3.10,9.58,$-1.18,0.0,$1.62,18.34,$0.13B,$0.02B,7.63,$0.19B,$0.60B,0.31,$0.10B,$0.10B,100.00%,$0.10B,$0.05B,51.49%,$0.10B,$0.05B,51.49%,$0.10B,$0.08B,76.24%,$0.10B,$0.05B,52.48%,$0.10B,$0.05B,51.49%,$0.05B,$0.64B,9.45%,$0.05B,$0.64B,9.45%,$0.05B,$0.84B,6.36%,$0.05B,$0.82B,6.53%,$26,$0,$26,$0,$3,$11,$14,$0,$14,$0,$14,$14,$16,$21,$14,$35,37,$0.47,$0.47,$60,$0,$0,$133,$699,$0,$0,$7,$709,$841,$17,$188,$0,$188,$205,$0,$-91,$0,$636,$841,$43,$18,$-1,$17,$0,$0,$0,$2,$0,$61,$-24,$0,$-1,$0,$12,$12,$-1,$-13,$-116,$0,$-116,$177,$177,$-48,$-7,$5,$53,$2,$-48
21,2013-06-30,30.18,$18.28,1.65,$3.17,9.53,$-3.06,0.0,$1.53,19.73,$0.13B,$0.02B,8.87,$0.19B,$0.60B,0.32,$0.10B,$0.10B,100.00%,$0.10B,$0.05B,54.08%,$0.10B,$0.05B,54.08%,$0.10B,$0.08B,78.57%,$0.10B,$0.05B,52.04%,$0.10B,$0.05B,48.98%,$0.05B,$0.64B,9.46%,$0.05B,$0.64B,9.46%,$0.05B,$0.85B,6.12%,$0.05B,$0.82B,6.95%,$26,$0,$26,$0,$3,$9,$17,$-3,$14,$0,$14,$14,$12,$23,$17,$33,33,$0.36,$0.36,$63,$0,$0,$133,$703,$0,$0,$6,$712,$845,$15,$188,$7,$195,$210,$0,$-92,$0,$635,$845,$26,$12,$2,$14,$0,$0,$0,$-1,$-1,$39,$-14,$0,$-1,$0,$1,$1,$1,$-12,$-116,$0,$-116,$177,$177,$-31,$-0,$29,$56,$2,$-31
22,2013-03-31,31.15,$15.20,2.05,$3.15,9.89,$-3.31,0.0,$1.57,19.84,$0.08B,$0.01B,5.94,$0.31B,$0.43B,0.71,$0.10B,$0.10B,100.00%,$0.10B,$0.05B,53.68%,$0.10B,$0.05B,53.68%,$0.10B,$0.07B,77.89%,$0.10B,$0.05B,52.63%,$0.10B,$0.05B,50.53%,$0.05B,$0.47B,10.32%,$0.05B,$0.47B,10.32%,$0.05B,$0.79B,6.51%,$0.05B,$0.77B,7.12%,$26,$0,$26,$0,$3,$10,$16,$-3,$13,$0,$13,$13,$12,$22,$16,$30,30,$0.40,$0.40,$10,$0,$0,$81,$702,$0,$0,$7,$711,$793,$14,$305,$7,$312,$326,$0,$-88,$0,$467,$793,$13,$6,$1,$7,$-0,$0,$0,$-1,$-2,$18,$-6,$0,$-0,$0,$0,$0,$-1,$-7,$1,$0,$1,$5,$5,$-15,$-0,$-8,$2,$1,$-15
23,2012-12-31,26.59,$15.16,1.75,$3.06,8.7,$-3.75,0.0,$1.57,16.94,$0.08B,$0.02B,4.89,$0.30B,$0.43B,0.72,$0.09B,$0.09B,100.00%,$0.09B,$0.05B,54.35%,$0.09B,$0.05B,54.35%,$0.09B,$0.07B,78.26%,$0.09B,$0.05B,54.35%,$0.09B,$0.05B,52.17%,$0.05B,$0.46B,10.33%,$0.05B,$0.46B,10.33%,$0.05B,$0.79B,6.82%,$0.05B,$0.77B,7.32%,$23,$0,$23,$0,$3,$18,$5,$0,$12,$0,$12,$12,$12,$11,$5,$30,30,$0.40,$0.39,$7,$0,$0,$77,$702,$0,$0,$8,$712,$790,$16,$304,$7,$311,$326,$0,$-86,$0,$463,$790,$51,$22,$0,$22,$1,$0,$0,$1,$3,$77,$-178,$0,$-0,$0,$22,$22,$-2,$-159,$145,$0,$145,$2,$2,$-58,$-4,$85,$3,$2,$-58
24,2012-09-30,23.73,$15.24,1.56,$2.99,7.93,$-1.40,0.0,$1.57,15.11,$0.09B,$0.01B,6.02,$0.22B,$0.43B,0.53,$0.09B,$0.09B,100.00%,$0.09B,$0.06B,65.56%,$0.09B,$0.06B,65.56%,$0.09B,$0.08B,88.89%,$0.09B,$0.05B,55.56%,$0.09B,$0.05B,53.33%,$0.05B,$0.47B,10.30%,$0.05B,$0.47B,10.30%,$0.05B,$0.71B,7.19%,$0.06B,$0.69B,9.10%,$23,$0,$23,$0,$2,$8,$15,$-3,$12,$0,$12,$12,$12,$21,$15,$30,30,$0.38,$0.38,$8,$0,$0,$87,$613,$0,$0,$7,$623,$710,$14,$224,$7,$231,$245,$0,$-84,$0,$465,$710,$39,$16,$0,$17,$0,$0,$0,$1,$2,$57,$-84,$0,$0,$0,$13,$13,$-2,$-73,$65,$0,$65,$2,$2,$-43,$-4,$20,$4,$1,$-43
25,2012-06-30,26.67,$15.29,1.74,$2.93,9.1,$-1.11,0.0,$1.57,16.99,$0.09B,$0.01B,7.23,$0.17B,$0.43B,0.4,$0.09B,$0.09B,100.00%,$0.09B,$0.06B,65.91%,$0.09B,$0.06B,65.91%,$0.09B,$0.08B,88.64%,$0.09B,$0.05B,56.82%,$0.09B,$0.05B,53.41%,$0.05B,$0.47B,10.06%,$0.05B,$0.47B,10.06%,$0.05B,$0.66B,7.29%,$0.06B,$0.64B,9.26%,$23,$0,$23,$0,$3,$8,$15,$-2,$13,$0,$13,$13,$12,$20,$15,$30,30,$0.40,$0.40,$10,$0,$0,$88,$556,$0,$0,$7,$566,$655,$12,$171,$7,$177,$189,$0,$-82,$0,$465,$655,$26,$11,$0,$11,$0,$0,$0,$-0,$-0,$37,$-21,$0,$0,$0,$12,$12,$-2,$-11,$11,$0,$11,$1,$1,$-28,$-3,$-19,$6,$1,$-28
26,2012-03-31,23.22,$15.30,1.52,$2.87,8.08,$-2.29,0.0,$1.54,15.08,$0.08B,$0.01B,7.43,$0.18B,$0.43B,0.41,$0.09B,$0.09B,100.00%,$0.09B,$0.06B,66.28%,$0.09B,$0.06B,66.28%,$0.09B,$0.08B,89.53%,$0.09B,$0.05B,56.98%,$0.09B,$0.05B,53.49%,$0.05B,$0.47B,9.82%,$0.05B,$0.47B,9.82%,$0.05B,$0.66B,7.25%,$0.06B,$0.64B,9.26%,$23,$0,$23,$0,$3,$8,$15,$-2,$13,$0,$13,$13,$12,$20,$15,$30,30,$0.40,$0.40,$3,$0,$0,$83,$559,$0,$0,$14,$576,$659,$11,$176,$6,$182,$193,$0,$-81,$0,$465,$659,$13,$5,$0,$5,$0,$0,$0,$-2,$-1,$17,$-19,$0,$0,$0,$2,$2,$-1,$-18,$16,$0,$16,$0,$0,$-14,$-3,$-0,$-1,$0,$-14
27,2011-12-31,22.08,$15.45,1.43,$2.89,7.64,$-3.68,0.0,$1.34,16.48,$0.08B,$0.01B,6.49,$0.16B,$0.43B,0.37,$0.08B,$0.08B,100.00%,$0.08B,$0.06B,66.27%,$0.08B,$0.06B,66.27%,$0.08B,$0.08B,90.36%,$0.08B,$0.05B,57.83%,$0.08B,$0.04B,46.99%,$0.04B,$0.47B,8.30%,$0.04B,$0.47B,8.30%,$0.04B,$0.65B,6.20%,$0.06B,$0.63B,9.38%,$21,$0,$21,$0,$0,$7,$14,$-2,$12,$0,$12,$12,$12,$19,$14,$29,29,$0.40,$0.41,$4,$0,$0,$84,$547,$0,$0,$14,$564,$647,$13,$159,$6,$166,$178,$0,$-80,$0,$469,$647,$49,$20,$-1,$19,$0,$0,$0,$1,$2,$70,$-99,$0,$0,$0,$6,$6,$0,$-93,$68,$0,$68,$104,$15,$-57,$-6,$20,$-2,$1,$-57
28,2011-09-30,17.85,$15.47,1.15,$3.01,5.94,$-4.12,0.0,$1.32,13.52,$0.08B,$0.01B,7.03,$0.13B,$0.43B,0.31,$0.08B,$0.08B,100.00%,$0.08B,$0.05B,65.85%,$0.08B,$0.05B,65.85%,$0.08B,$0.07B,89.02%,$0.08B,$0.05B,58.54%,$0.08B,$0.04B,45.12%,$0.04B,$0.47B,7.92%,$0.04B,$0.47B,7.92%,$0.04B,$0.62B,6.09%,$0.05B,$0.60B,9.53%,$21,$0,$21,$0,$0,$7,$14,$-2,$12,$0,$12,$12,$11,$19,$14,$30,30,$0.38,$0.38,$5,$0,$0,$84,$517,$0,$0,$15,$535,$619,$12,$132,$6,$138,$150,$0,$-79,$0,$469,$619,$37,$14,$-0,$14,$0,$0,$0,$0,$1,$52,$-69,$0,$0,$0,$5,$5,$1,$-63,$40,$0,$40,$104,$15,$-43,$-2,$10,$-2,$1,$-43
29,2011-06-30,19.3,$15.49,1.25,$3.03,6.36,$-3.31,0.0,$1.16,16.64,$0.09B,$0.01B,7.75,$0.12B,$0.43B,0.29,$0.08B,$0.08B,100.00%,$0.08B,$0.05B,65.82%,$0.08B,$0.05B,65.82%,$0.08B,$0.07B,88.61%,$0.08B,$0.05B,60.76%,$0.08B,$0.03B,40.51%,$0.03B,$0.47B,6.89%,$0.03B,$0.47B,6.89%,$0.03B,$0.61B,5.49%,$0.05B,$0.59B,9.55%,$21,$0,$21,$0,$0,$7,$14,$-2,$12,$0,$12,$12,$11,$19,$14,$30,30,$0.38,$0.37,$6,$0,$0,$86,$512,$0,$0,$14,$528,$614,$11,$123,$10,$133,$144,$0,$-77,$0,$470,$614,$24,$10,$-0,$9,$0,$0,$0,$0,$1,$34,$-54,$0,$0,$0,$4,$4,$0,$-50,$32,$0,$32,$104,$104,$-30,$-91,$15,$-1,$1,$-30
30,2011-03-31,19.37,$15.54,1.25,$3.09,6.28,$-3.04,0.0,$1.12,17.3,$0.10B,$0.01B,10.76,$0.05B,$0.43B,0.12,$0.08B,$0.08B,100.00%,$0.08B,$0.05B,65.79%,$0.08B,$0.05B,65.79%,$0.08B,$0.07B,88.16%,$0.08B,$0.05B,63.16%,$0.08B,$0.03B,38.16%,$0.03B,$0.47B,6.28%,$0.03B,$0.47B,6.28%,$0.03B,$0.64B,5.19%,$0.05B,$0.52B,9.56%,$20,$0,$20,$0,$0,$7,$13,$-1,$12,$0,$12,$12,$5,$18,$13,$26,26,$0.20,$0.20,$23,$0,$0,$104,$516,$0,$0,$15,$532,$635,$10,$53,$101,$155,$164,$0,$-76,$0,$471,$635,$12,$5,$-0,$4,$0,$0,$0,$-1,$-1,$16,$-54,$0,$0,$0,$2,$2,$0,$-52,$-38,$0,$-38,$104,$104,$-13,$-0,$53,$16,$0,$-13
31,2010-12-31,18.91,$17.37,1.09,$3.07,6.15,$-1.70,0.0,$1.21,15.63,$0.09B,$0.01B,8.43,$0.09B,$0.33B,0.28,$0.07B,$0.07B,100.00%,$0.07B,$0.05B,64.86%,$0.07B,$0.05B,64.86%,$0.07B,$0.06B,85.14%,$0.07B,$0.05B,63.51%,$0.07B,$0.03B,41.89%,$0.03B,$0.46B,6.74%,$0.03B,$0.46B,6.74%,$0.03B,$0.56B,5.87%,$0.05B,$0.55B,9.28%,$20,$0,$20,$0,$9,$7,$13,$-1,$12,$0,$12,$12,$10,$17,$13,$24,25,$0.37,$0.37,$7,$0,$0,$89,$457,$0,$0,$15,$472,$561,$11,$91,$2,$93,$104,$0,$-70,$0,$458,$561,$46,$16,$0,$16,$0,$0,$0,$2,$3,$65,$-100,$0,$0,$0,$12,$12,$1,$-87,$66,$0,$66,$68,$9,$-54,$-1,$20,$-2,$1,$-54
32,2010-09-30,16.93,$17.46,0.97,$2.96,5.72,$1.60,10.56,$1.15,14.72,$0.08B,$0.01B,8.28,$0.05B,$0.33B,0.16,$0.07B,$0.07B,100.00%,$0.07B,$0.05B,67.14%,$0.07B,$0.05B,67.14%,$0.07B,$0.06B,87.14%,$0.07B,$0.05B,65.71%,$0.07B,$0.03B,40.00%,$0.03B,$0.46B,6.10%,$0.03B,$0.46B,6.10%,$0.03B,$0.52B,5.48%,$0.05B,$0.51B,9.40%,$18,$0,$18,$0,$0,$6,$12,$-1,$12,$0,$12,$12,$6,$16,$12,$25,25,$0.22,$0.22,$12,$0,$0,$80,$407,$0,$0,$35,$443,$523,$10,$54,$2,$55,$65,$0,$-69,$0,$458,$523,$34,$12,$0,$12,$0,$0,$0,$1,$2,$48,$-42,$0,$0,$0,$1,$1,$1,$-40,$28,$0,$28,$67,$8,$-41,$-1,$-5,$4,$1,$-41
33,2010-06-30,15.74,$19.37,0.81,$2.97,5.31,$3.20,4.92,$1.25,12.6,$0.08B,$0.01B,8.93,$0.05B,$0.27B,0.16,$0.07B,$0.07B,100.00%,$0.07B,$0.05B,68.12%,$0.07B,$0.05B,68.12%,$0.07B,$0.06B,86.96%,$0.07B,$0.05B,65.22%,$0.07B,$0.03B,42.03%,$0.03B,$0.46B,6.33%,$0.03B,$0.46B,6.33%,$0.03B,$0.52B,5.81%,$0.05B,$0.51B,9.62%,$18,$0,$18,$0,$0,$6,$12,$-0,$12,$0,$12,$12,$8,$16,$12,$24,24,$0.33,$0.33,$5,$0,$0,$76,$407,$0,$0,$33,$441,$517,$9,$45,$3,$48,$56,$0,$-65,$0,$461,$517,$22,$8,$1,$8,$0,$0,$0,$1,$1,$32,$-41,$0,$0,$0,$2,$2,$1,$-38,$19,$0,$19,$10,$10,$-26,$0,$3,$-3,$1,$-26
34,2010-03-31,17.3,$19.42,0.89,$2.96,5.84,$4.79,3.61,$1.21,14.3,$0.09B,$0.01B,12.67,$0.04B,$0.28B,0.15,$0.07B,$0.07B,100.00%,$0.07B,$0.05B,69.12%,$0.07B,$0.05B,69.12%,$0.07B,$0.06B,86.76%,$0.07B,$0.04B,64.71%,$0.07B,$0.03B,41.18%,$0.03B,$0.46B,6.13%,$0.03B,$0.46B,6.13%,$0.03B,$0.51B,5.69%,$0.05B,$0.50B,9.74%,$18,$0,$18,$0,$0,$7,$11,$0,$11,$0,$11,$11,$7,$14,$11,$23,23,$0.29,$0.29,$19,$0,$0,$91,$388,$0,$0,$33,$421,$512,$7,$40,$3,$43,$50,$0,$-64,$0,$462,$512,$11,$4,$1,$5,$0,$0,$0,$-0,$-0,$15,$-18,$0,$0,$0,$1,$1,$1,$-16,$14,$0,$14,$10,$10,$-13,$0,$11,$10,$0,$-13
35,2009-12-31,16.85,$19.49,0.86,$2.97,5.68,$5.47,3.08,$1.26,13.38,$0.10B,$0.01B,12.72,$0.03B,$0.27B,0.1,$0.07B,$0.07B,100.00%,$0.07B,$0.05B,70.59%,$0.07B,$0.05B,70.59%,$0.07B,$0.06B,89.71%,$0.07B,$0.04B,64.71%,$0.07B,$0.03B,42.65%,$0.03B,$0.45B,6.37%,$0.03B,$0.45B,6.37%,$0.03B,$0.49B,5.92%,$0.05B,$0.48B,9.99%,$16,$0,$16,$0,$0,$5,$12,$-0,$11,$0,$11,$11,$7,$15,$12,$23,23,$0.30,$0.30,$9,$0,$0,$101,$374,$0,$0,$15,$390,$491,$8,$25,$3,$28,$36,$0,$-61,$0,$454,$491,$44,$15,$-1,$14,$0,$0,$0,$-0,$2,$60,$-17,$0,$0,$0,$8,$8,$0,$-9,$-11,$0,$-11,$2,$-0,$-52,$-0,$-64,$-12,$1,$-52
36,2009-09-30,14.92,$19.60,0.76,$2.96,5.05,$5.81,2.57,$1.21,12.33,$0.08B,$0.01B,11.57,$0.01B,$0.27B,0.05,$0.07B,$0.07B,100.00%,$0.07B,$0.05B,69.12%,$0.07B,$0.05B,69.12%,$0.07B,$0.06B,88.24%,$0.07B,$0.04B,63.24%,$0.07B,$0.03B,41.18%,$0.03B,$0.46B,6.12%,$0.03B,$0.46B,6.12%,$0.03B,$0.48B,5.67%,$0.05B,$0.47B,9.69%,$17,$0,$17,$0,$0,$6,$12,$-0,$11,$0,$11,$11,$7,$15,$12,$23,23,$0.32,$0.32,$5,$0,$0,$81,$364,$0,$0,$32,$396,$477,$7,$12,$3,$15,$22,$0,$-59,$0,$455,$477,$33,$11,$-1,$10,$0,$0,$0,$2,$2,$45,$-3,$0,$0,$0,$6,$6,$0,$4,$-25,$0,$-25,$0,$-2,$-39,$0,$-65,$-16,$1,$-39
37,2009-06-30,12.49,$19.66,0.64,$2.95,4.23,$5.60,2.23,$1.18,10.58,$0.09B,$0.01B,15.09,$0.03B,$0.27B,0.1,$0.07B,$0.07B,100.00%,$0.07B,$0.05B,69.12%,$0.07B,$0.05B,69.12%,$0.07B,$0.06B,88.24%,$0.07B,$0.04B,63.24%,$0.07B,$0.03B,41.18%,$0.03B,$0.46B,6.10%,$0.03B,$0.46B,6.10%,$0.03B,$0.49B,5.58%,$0.05B,$0.48B,9.54%,$17,$0,$17,$0,$0,$6,$12,$-1,$11,$0,$11,$11,$7,$15,$12,$23,23,$0.30,$0.30,$14,$0,$0,$92,$367,$0,$0,$31,$398,$490,$6,$26,$3,$29,$35,$0,$-58,$0,$456,$490,$22,$7,$-1,$7,$0,$0,$0,$1,$1,$30,$-2,$0,$0,$0,$4,$4,$0,$2,$-11,$0,$-11,$-0,$-2,$-26,$0,$-39,$-7,$1,$-26
38,2009-03-31,10.49,$19.74,0.53,$2.97,3.53,$5.51,1.91,$1.22,8.6,$0.10B,$0.01B,22.28,$0.04B,$0.27B,0.13,$0.07B,$0.07B,100.00%,$0.07B,$0.05B,69.57%,$0.07B,$0.05B,69.57%,$0.07B,$0.06B,88.41%,$0.07B,$0.04B,62.32%,$0.07B,$0.03B,40.58%,$0.03B,$0.46B,6.08%,$0.03B,$0.46B,6.08%,$0.03B,$0.50B,5.53%,$0.05B,$0.49B,9.65%,$18,$0,$18,$0,$0,$6,$12,$-1,$11,$0,$11,$11,$8,$16,$12,$23,23,$0.35,$0.35,$22,$0,$0,$101,$369,$0,$0,$30,$400,$501,$5,$36,$3,$39,$44,$0,$-56,$0,$457,$501,$11,$4,$-1,$3,$0,$0,$0,$-1,$-0,$14,$-1,$0,$0,$0,$3,$3,$0,$2,$-1,$0,$-1,$0,$-2,$-13,$0,$-16,$1,$0,$-13
39,2008-12-31,11.88,$19.93,0.6,$2.98,3.98,$5.42,2.19,$1.24,9.58,$0.12B,$0.01B,22.31,$0.04B,$0.27B,0.14,$0.07B,$0.07B,100.00%,$0.07B,$0.05B,69.57%,$0.07B,$0.05B,69.57%,$0.07B,$0.06B,88.41%,$0.07B,$0.04B,62.32%,$0.07B,$0.03B,40.58%,$0.03B,$0.46B,6.06%,$0.03B,$0.46B,6.06%,$0.03B,$0.51B,5.46%,$0.05B,$0.50B,9.55%,$16,$0,$16,$0,$0,$6,$11,$-1,$10,$0,$10,$10,$6,$14,$11,$23,23,$0.26,$0.26,$21,$0,$0,$117,$372,$0,$0,$16,$389,$506,$5,$37,$3,$40,$45,$0,$-55,$0,$461,$506,$43,$15,$-1,$14,$0,$0,$0,$-0,$-0,$56,$-5,$0,$0,$0,$10,$10,$0,$5,$-16,$0,$-16,$0,$-14,$-52,$-1,$-83,$-22,$1,$-52
40,2008-09-30,16.83,$19.92,0.84,$3.05,5.52,$5.45,3.09,$1.28,13.15,$0.11B,$0.01B,20.66,$0.04B,$0.27B,0.14,$0.07B,$0.07B,100.00%,$0.07B,$0.05B,69.01%,$0.07B,$0.05B,69.01%,$0.07B,$0.06B,88.73%,$0.07B,$0.04B,61.97%,$0.07B,$0.03B,40.85%,$0.03B,$0.46B,6.22%,$0.03B,$0.46B,6.22%,$0.03B,$0.51B,5.55%,$0.05B,$0.50B,9.59%,$17,$0,$17,$0,$0,$5,$12,$-1,$11,$0,$11,$11,$7,$15,$12,$23,23,$0.29,$0.29,$16,$0,$0,$108,$371,$0,$0,$29,$401,$509,$5,$37,$3,$43,$48,$0,$-52,$0,$461,$509,$33,$11,$-1,$10,$0,$0,$0,$-1,$-1,$43,$-5,$0,$0,$0,$5,$5,$0,$1,$-15,$0,$-15,$0,$-14,$-39,$-1,$-70,$-26,$1,$-39
41,2008-06-30,14.47,$20.02,0.72,$3.10,4.66,$5.57,2.6,$1.30,11.13,$0.11B,$0.01B,19.38,$0.04B,$0.27B,0.14,$0.07B,$0.07B,100.00%,$0.07B,$0.05B,69.44%,$0.07B,$0.05B,69.44%,$0.07B,$0.06B,88.89%,$0.07B,$0.05B,62.50%,$0.07B,$0.03B,40.28%,$0.03B,$0.46B,6.15%,$0.03B,$0.46B,6.15%,$0.03B,$0.51B,5.45%,$0.05B,$0.50B,9.62%,$18,$0,$18,$0,$0,$5,$13,$-1,$11,$0,$11,$11,$7,$16,$13,$23,23,$0.33,$0.33,$14,$0,$0,$110,$373,$0,$0,$28,$401,$511,$6,$37,$3,$43,$49,$0,$-49,$0,$462,$511,$23,$7,$-1,$6,$0,$0,$0,$0,$0,$29,$-4,$0,$0,$0,$2,$2,$0,$-2,$-15,$0,$-15,$0,$-14,$-26,$-1,$-56,$-29,$1,$-26
42,2008-03-31,14.35,$20.10,0.71,$3.17,4.53,$5.60,2.56,$1.33,10.79,$0.12B,$0.01B,24.5,$0.05B,$0.27B,0.19,$0.07B,$0.07B,100.00%,$0.07B,$0.05B,68.92%,$0.07B,$0.05B,68.92%,$0.07B,$0.07B,89.19%,$0.07B,$0.05B,63.51%,$0.07B,$0.03B,41.89%,$0.03B,$0.46B,6.44%,$0.03B,$0.46B,6.44%,$0.03B,$0.53B,5.68%,$0.05B,$0.52B,9.56%,$18,$0,$18,$0,$0,$6,$12,$-1,$11,$0,$11,$11,$8,$16,$12,$23,23,$0.36,$0.36,$26,$0,$0,$123,$376,$0,$0,$28,$404,$526,$5,$52,$3,$58,$63,$0,$-48,$0,$463,$526,$11,$4,$-1,$3,$0,$0,$0,$-1,$-1,$14,$-3,$0,$0,$0,$1,$1,$0,$-2,$-1,$0,$-1,$0,$-14,$-13,$-1,$-29,$-17,$0,$-13
43,2007-12-31,13.76,$20.95,0.66,$3.18,4.33,$5.61,2.45,$1.32,10.43,$0.15B,$0.01B,26.23,$0.05B,$0.27B,0.19,$0.08B,$0.08B,100.00%,$0.08B,$0.05B,70.67%,$0.08B,$0.05B,70.67%,$0.08B,$0.07B,89.33%,$0.08B,$0.05B,64.00%,$0.08B,$0.03B,41.33%,$0.03B,$0.48B,6.32%,$0.03B,$0.48B,6.32%,$0.03B,$0.54B,5.58%,$0.05B,$0.53B,9.77%,$18,$0,$18,$0,$0,$6,$12,$-1,$11,$0,$11,$12,$7,$16,$12,$23,24,$0.29,$0.29,$43,$0,$0,$150,$377,$0,$0,$16,$394,$544,$6,$52,$3,$59,$65,$0,$-47,$0,$479,$544,$48,$14,$-4,$11,$0,$0,$0,$0,$0,$59,$-6,$0,$0,$0,$31,$31,$1,$27,$-2,$0,$-2,$-19,$-19,$-52,$0,$-72,$13,$2,$-52
44,2007-09-30,12.8,$21.01,0.61,$3.11,4.11,$4.81,2.66,$1.35,9.48,$0.14B,$0.01B,23.93,$0.05B,$0.27B,0.19,$0.08B,$0.08B,100.00%,$0.08B,$0.05B,72.00%,$0.08B,$0.05B,72.00%,$0.08B,$0.07B,90.67%,$0.08B,$0.05B,65.33%,$0.08B,$0.03B,42.67%,$0.03B,$0.48B,6.46%,$0.03B,$0.48B,6.46%,$0.03B,$0.55B,5.70%,$0.05B,$0.53B,9.85%,$18,$0,$18,$0,$0,$5,$13,$-1,$12,$0,$12,$11,$7,$16,$13,$23,23,$0.31,$0.31,$49,$0,$0,$141,$380,$0,$0,$26,$407,$547,$6,$53,$3,$60,$65,$0,$-45,$0,$482,$547,$37,$11,$-3,$8,$1,$0,$0,$-0,$0,$45,$-5,$0,$0,$0,$36,$36,$1,$32,$-1,$0,$-1,$-17,$-17,$-39,$0,$-58,$19,$2,$-39
45,2007-06-30,12.1,$21.08,0.57,$3.10,3.9,$4.19,2.89,$1.33,9.1,$0.16B,$0.01B,28.45,$0.05B,$0.29B,0.18,$0.08B,$0.08B,100.00%,$0.08B,$0.05B,70.67%,$0.08B,$0.05B,70.67%,$0.08B,$0.07B,90.67%,$0.08B,$0.05B,64.00%,$0.08B,$0.03B,42.67%,$0.03B,$0.50B,6.40%,$0.03B,$0.50B,6.40%,$0.03B,$0.57B,5.62%,$0.05B,$0.55B,9.52%,$20,$0,$20,$0,$0,$6,$14,$-1,$13,$0,$13,$13,$9,$18,$14,$24,24,$0.37,$0.36,$64,$0,$0,$158,$382,$0,$0,$25,$407,$565,$6,$53,$3,$60,$65,$0,$-44,$0,$500,$565,$25,$7,$-3,$4,$0,$0,$0,$-0,$-0,$30,$-3,$0,$0,$0,$33,$33,$1,$31,$-1,$0,$-1,$0,$0,$-26,$0,$-27,$34,$1,$-26
46,2007-03-31,13.56,$21.15,0.64,$3.04,4.47,$3.88,3.49,$1.30,10.43,$0.15B,$0.01B,32.94,$0.05B,$0.29B,0.18,$0.07B,$0.07B,100.00%,$0.07B,$0.05B,71.62%,$0.07B,$0.05B,71.62%,$0.07B,$0.07B,90.54%,$0.07B,$0.05B,63.51%,$0.07B,$0.03B,41.89%,$0.03B,$0.50B,6.19%,$0.03B,$0.50B,6.19%,$0.03B,$0.57B,5.39%,$0.05B,$0.55B,9.42%,$19,$0,$19,$0,$0,$5,$14,$-1,$12,$0,$12,$12,$8,$17,$14,$23,24,$0.35,$0.35,$31,$0,$0,$153,$384,$0,$0,$27,$412,$565,$5,$53,$3,$60,$65,$0,$-44,$0,$500,$565,$12,$4,$-1,$2,$0,$0,$0,$-2,$-1,$13,$-2,$0,$0,$0,$2,$2,$1,$2,$-1,$0,$-1,$0,$0,$-13,$0,$-14,$1,$0,$-13
47,2006-12-31,14.1,$21.23,0.66,$2.94,4.79,$3.89,3.62,$2.64,5.34,$0.15B,$0.01B,23.45,$0.05B,$0.29B,0.19,$0.07B,$0.07B,100.00%,$0.07B,$0.05B,71.23%,$0.07B,$0.05B,71.23%,$0.07B,$0.07B,91.78%,$0.07B,$0.05B,63.01%,$0.07B,$0.06B,84.93%,$0.06B,$0.50B,12.41%,$0.06B,$0.50B,12.41%,$0.06B,$0.57B,10.66%,$0.05B,$0.55B,9.18%,$18,$0,$18,$0,$0,$5,$13,$-1,$12,$0,$12,$12,$8,$17,$13,$23,26,$0.33,$0.34,$30,$0,$0,$154,$386,$0,$0,$27,$413,$568,$7,$54,$3,$61,$67,$0,$-43,$0,$500,$568,$79,$14,$-36,$-22,$0,$0,$0,$0,$0,$58,$-20,$0,$0,$0,$86,$86,$-7,$60,$-39,$0,$-39,$-1,$-1,$-51,$0,$-91,$26,$1,$-51
