,Date,Stock Price,Book Value per Share,Price to Book Ratio,TTM Sales per Share,Price to Sales Ratio,TTM FCF per Share,Price to FCF Ratio,TTM Net EPS,PE Ratio,Current Assets,Current Liabilities,Current Ratio,Long Term Debt,Shareholder's Equity_x,Debt to Equity Ratio,TTM Revenue_x,TTM Gross Profit,Gross Margin,TTM Revenue_y,TTM Operating Income,Operating Margin,TTM Revenue_x,TTM EBIT,EBIT Margin,TTM Revenue_y,TTM EBITDA,EBITDA Margin,TTM Revenue_x,TTM Pre-Tax Income,Pre-Tax Margin,TTM Revenue_y,TTM Net Income_x,Net Margin,TTM Net Income_y,Shareholder's Equity_y,Return on Equity,TTM Net Income_x,Tangible Equity,Return on Tangible Equity,TTM Net Income_y,Total Assets,Return on Assets,TTM Net Income,LT Investments & Debt,Return on Investment,revenue,cost-goods-sold,gross-profit,research-development-expenses,selling-general-administrative-expenses,operating-expenses,operating-income,total-non-operating-income-expense,pre-tax-income,total-provision-income-taxes,income-after-taxes,income-from-continuous-operations,net-income,ebitda,ebit,basic-shares-outstanding,shares-outstanding,eps-basic-net-earnings-per-share,eps-earnings-per-share-diluted,cash-on-hand,inventory,other-current-assets,total-current-assets,net-property-plant-equipment,long-term-investments,goodwill-intangible-assets-total,other-long-term-assets,total-long-term-assets,total-assets,total-current-liabilities,long-term-debt,other-non-current-liabilities,total-long-term-liabilities,total-liabilities,common-stock-net,retained-earnings-accumulated-deficit,comprehensive-income,total-share-holder-equity,total-liabilities-share-holders-equity,net-income-loss,total-depreciation-amortization-cash-flow,other-non-cash-items,total-non-cash-items,change-in-accounts-receivable,change-in-inventories,change-in-accounts-payable,change-in-assets-liabilities,total-change-in-assets-liabilities,cash-flow-from-operating-activities,net-change-in-property-plant-equipment,net-change-in-intangible-assets,net-acquisitions-divestitures,net-change-in-short-term-investments,net-change-in-long-term-investments,net-change-in-investments-total,investing-activities-other,cash-flow-from-investing-activities,net-long-term-debt,net-current-debt,debt-issuance-retirement-net-total,net-common-equity-issued-repurchased,net-total-equity-issued-repurchased,total-common-preferred-stock-dividends-paid,financial-activities-other,cash-flow-from-financial-activities,net-cash-flow,stock-based-compensation,common-stock-dividends-paid
0,2018-09-30,9.4,$5.91,1.59,$16.27,0.58,$3.10,3.03,$0.07,134.29,$3.05B,$5.65B,0.54,$0.00B,$3.58B,0.0,$9.87B,$2.00B,20.29%,$9.87B,$0.73B,7.42%,$9.87B,$0.73B,7.42%,$9.87B,$0.73B,7.42%,$9.87B,$0.21B,2.11%,$9.87B,$0.10B,1.01%,$0.10B,$3.58B,2.53%,$0.10B,$-0.04B,-360.36%,$0.10B,$17.20B,0.55%,$0.73B,$3.58B,18.50%,$2386,$1944,$442,$0,$129,$2199,$187,$-152,$35,$-20,$55,$55,$53,$187,$187,$606,606,$0.09,$0.09,$686,$268,$934,$3051,$9902,$0,$3624,$325,$14150,$17201,$5654,$0,$7047,$7962,$13617,$3146,$494,$0,$3584,$17201,$0,$0,$736,$736,$0,$0,$0,$0,$0,$736,$-502,$148,$0,$0,$-120,$-120,$48,$-427,$-552,$243,$-309,$0,$0,$-68,$-249,$-625,$-456,$0,$-68
1,2018-06-30,9.89,$6.03,1.64,$16.46,0.6,$3.88,2.55,$0.33,29.97,$3.15B,$5.63B,0.56,$0.00B,$3.66B,0.0,$9.98B,$2.20B,22.02%,$9.98B,$0.77B,7.73%,$9.98B,$0.77B,7.73%,$9.98B,$0.77B,7.73%,$9.98B,$0.38B,3.78%,$9.98B,$0.21B,2.08%,$0.21B,$3.66B,5.01%,$0.21B,$-0.09B,-569.86%,$0.21B,$17.39B,1.12%,$0.77B,$3.66B,18.56%,$2256,$1920,$336,$0,$180,$2219,$38,$-157,$-119,$-7,$-112,$-112,$-114,$38,$38,$606,606,$-0.19,$-0.19,$774,$248,$834,$3147,$9887,$0,$3741,$293,$14245,$17392,$5632,$0,$7103,$8104,$13737,$3146,$446,$0,$3656,$17392,$0,$0,$461,$461,$0,$0,$0,$0,$0,$461,$-277,$171,$0,$0,$6,$6,$12,$-48,$-578,$205,$-373,$0,$0,$-63,$-188,$-625,$-368,$0,$-63
2,2018-03-31,15.31,$7.12,2.15,$16.27,0.94,$4.04,3.79,$0.29,52.78,$3.65B,$5.94B,0.61,$0.00B,$4.32B,0.0,$9.87B,$2.26B,22.94%,$9.87B,$0.77B,7.76%,$9.87B,$0.77B,7.76%,$9.87B,$0.77B,7.76%,$9.87B,$0.40B,4.05%,$9.87B,$0.18B,1.86%,$0.18B,$4.32B,4.32%,$0.18B,$0.04B,-288.63%,$0.18B,$18.69B,0.97%,$0.77B,$4.32B,17.99%,$2614,$2020,$594,$0,$199,$2389,$225,$-71,$154,$47,$108,$108,$94,$225,$225,$606,606,$0.16,$0.16,$814,$267,$1187,$3645,$10055,$0,$4280,$308,$15043,$18688,$5939,$0,$7358,$8433,$14371,$3146,$531,$0,$4317,$18688,$0,$0,$326,$326,$0,$0,$0,$0,$0,$326,$-179,$87,$0,$0,$-180,$-180,$16,$-256,$-380,$80,$-300,$0,$0,$-10,$-63,$-373,$-328,$0,$-10
3,2017-12-31,13.83,$7.04,1.96,$15.85,0.87,$3.97,3.49,$0.25,55.3,$3.75B,$5.84B,0.64,$0.00B,$4.27B,0.0,$9.62B,$2.17B,22.59%,$9.62B,$0.71B,7.35%,$9.62B,$0.71B,7.35%,$9.62B,$0.71B,7.35%,$9.62B,$0.37B,3.89%,$9.62B,$0.16B,1.62%,$0.16B,$4.27B,3.66%,$0.16B,$-0.02B,-154.46%,$0.16B,$18.80B,0.82%,$0.71B,$4.27B,16.59%,$2612,$1982,$630,$0,$284,$2329,$282,$-145,$138,$66,$72,$72,$67,$282,$282,$606,606,$-0.35,$-0.35,$1142,$237,$1072,$3745,$10065,$0,$4290,$309,$15052,$18798,$5843,$0,$7637,$8688,$14531,$3146,$475,$0,$4267,$18798,$0,$0,$1667,$1667,$0,$0,$0,$0,$0,$1667,$-352,$-87,$0,$0,$142,$142,$10,$-287,$-869,$132,$-736,$0,$0,$-67,$-376,$-1179,$193,$0,$-67
4,2017-09-30,13.18,$7.22,1.83,$15.98,0.82,$2.46,5.35,$0.24,54.91,$3.76B,$5.80B,0.65,$0.00B,$4.38B,0.0,$9.42B,$2.15B,22.82%,$9.42B,$0.55B,5.84%,$9.42B,$0.55B,5.84%,$9.42B,$0.55B,5.84%,$9.42B,$0.27B,2.81%,$9.42B,$0.14B,1.52%,$0.14B,$4.38B,3.37%,$0.14B,$-0.07B,-110.85%,$0.14B,$19.13B,0.75%,$0.55B,$4.38B,12.97%,$2498,$1859,$638,$0,$242,$2272,$226,$-21,$204,$26,$178,$178,$161,$226,$226,$606,606,$0.27,$0.27,$940,$243,$1284,$3763,$10180,$0,$4451,$294,$15363,$19126,$5802,$0,$7897,$8947,$14749,$3146,$428,$0,$4377,$19126,$0,$0,$956,$956,$0,$0,$0,$0,$0,$956,$-247,$-36,$0,$0,$67,$67,$12,$-204,$-597,$132,$-465,$0,$0,$-53,$-253,$-772,$-9,$0,$-53
5,2017-06-30,11.01,$6.72,1.64,$16.20,0.68,$1.47,7.51,$-0.01,0.0,$3.91B,$5.77B,0.68,$0.00B,$4.08B,0.0,$9.29B,$2.05B,22.11%,$9.29B,$0.49B,5.23%,$9.29B,$0.49B,5.23%,$9.29B,$0.49B,5.23%,$9.29B,$0.13B,1.40%,$9.29B,$-0.01B,-0.14%,$-0.01B,$4.08B,-0.32%,$-0.01B,$-0.20B,4.22%,$-0.01B,$19.17B,-0.07%,$0.49B,$4.08B,12.05%,$2145,$1743,$402,$0,$208,$2112,$33,$-129,$-96,$28,$-124,$-124,$-138,$33,$33,$606,606,$0.23,$0.23,$1151,$234,$1218,$3905,$10284,$0,$4269,$297,$15262,$19167,$5774,$0,$8308,$9319,$15093,$3146,$294,$0,$4075,$19167,$0,$0,$470,$470,$0,$0,$0,$0,$0,$470,$-189,$-18,$0,$0,$31,$31,$9,$-162,$-38,$100,$62,$0,$0,$-43,$-110,$-91,$201,$0,$-43
6,2017-03-31,12.57,$0.00,0.0,$16.26,0.77,$1.06,11.87,$0.05,251.34,$3.51B,$6.07B,0.58,$0.00B,$4.33B,0.0,$9.11B,$1.95B,21.40%,$9.11B,$0.44B,4.81%,$9.11B,$0.44B,4.81%,$9.11B,$0.44B,4.81%,$9.11B,$0.20B,2.23%,$9.11B,$0.03B,0.36%,$0.03B,$4.33B,0.85%,$0.03B,$-0.11B,-7.17%,$0.03B,$19.11B,0.17%,$0.44B,$4.33B,11.23%,$2360,$1858,$502,$0,$205,$2194,$166,$-37,$128,$53,$75,$75,$66,$166,$166,$606,606,$0.11,$0.11,$853,$235,$1240,$3507,$10387,$0,$4443,$337,$15598,$19105,$6066,$0,$7663,$8709,$14774,$3150,$412,$0,$4331,$19105,$0,$0,$168,$168,$0,$0,$0,$0,$0,$168,$-67,$-17,$0,$0,$23,$23,$4,$-58,$-323,$100,$-223,$0,$0,$-12,$17,$-218,$-96,$0,$-12
7,2016-12-31,8.11,$6.90,1.18,$16.47,0.49,$0.50,16.26,$0.13,62.41,$3.63B,$6.22B,0.58,$0.00B,$4.19B,0.0,$8.99B,$2.02B,22.49%,$8.99B,$0.50B,5.51%,$8.99B,$0.50B,5.51%,$8.99B,$0.50B,5.51%,$8.99B,$0.27B,3.04%,$8.99B,$0.07B,0.77%,$0.07B,$4.19B,1.90%,$0.07B,$-0.14B,-11.55%,$0.07B,$19.20B,0.36%,$0.50B,$4.19B,13.62%,$2421,$1812,$609,$0,$315,$2297,$125,$-95,$29,$-34,$64,$64,$54,$125,$125,$547,547,$0.10,$0.10,$949,$241,$1262,$3627,$10498,$0,$4321,$339,$15571,$19198,$6222,$0,$7793,$8791,$15013,$3150,$366,$0,$4185,$19198,$0,$0,$981,$981,$0,$0,$0,$0,$0,$981,$-618,$-89,$0,$0,$263,$263,$12,$-432,$-616,$280,$-336,$608,$608,$-41,$-627,$-396,$196,$0,$-41
8,2016-09-30,8.05,$6.49,1.24,$16.27,0.49,$0.21,38.85,$-0.00,0.0,$2.95B,$6.05B,0.49,$0.00B,$3.54B,0.0,$8.88B,$1.96B,22.02%,$8.88B,$0.45B,5.09%,$8.88B,$0.45B,5.09%,$8.88B,$0.45B,5.09%,$8.88B,$0.18B,2.03%,$8.88B,$-0.00B,-0.01%,$-0.00B,$3.54B,-0.03%,$-0.00B,$-0.79B,0.14%,$-0.00B,$19.04B,-0.01%,$0.45B,$3.54B,13.60%,$2366,$1825,$541,$0,$231,$2204,$162,$-93,$69,$52,$16,$16,$5,$162,$162,$546,546,$0.01,$0.01,$708,$223,$1028,$2950,$10900,$0,$4330,$436,$16090,$19040,$6054,$0,$8409,$9445,$15499,$2541,$328,$0,$3541,$19040,$0,$0,$618,$618,$0,$0,$0,$0,$0,$618,$-522,$12,$0,$0,$124,$124,$-3,$-391,$-76,$230,$154,$0,$0,$-31,$-453,$-330,$-45,$0,$-31
9,2016-06-30,6.55,$6.49,1.01,$16.38,0.4,$0.71,9.21,$-0.22,0.0,$2.84B,$6.22B,0.46,$0.00B,$3.54B,0.0,$8.94B,$1.93B,21.62%,$8.94B,$0.42B,4.71%,$8.94B,$0.42B,4.71%,$8.94B,$0.42B,4.71%,$8.94B,$-0.08B,-0.84%,$8.94B,$-0.12B,-1.33%,$-0.12B,$3.54B,-3.75%,$-0.12B,$-0.81B,17.58%,$-0.12B,$19.05B,-0.65%,$0.42B,$3.54B,8.40%,$1967,$1669,$298,$0,$145,$1982,$-15,$-7,$-23,$63,$-85,$-85,$-92,$-15,$-15,$546,546,$-0.17,$-0.17,$637,$228,$1024,$2841,$10997,$0,$4344,$438,$16206,$19047,$6220,$0,$8285,$9288,$15507,$2546,$325,$0,$3539,$19047,$0,$0,$419,$419,$0,$0,$0,$0,$0,$419,$-389,$-28,$0,$0,$153,$153,$-2,$-267,$-202,$230,$28,$0,$0,$-20,$-367,$-359,$-116,$0,$-20
10,2016-03-31,6.94,$6.01,1.16,$17.01,0.41,$1.28,5.42,$-0.14,0.0,$2.76B,$5.59B,0.49,$0.00B,$3.28B,0.0,$9.28B,$2.02B,21.77%,$9.28B,$0.44B,4.72%,$9.28B,$0.44B,4.72%,$9.28B,$0.44B,4.72%,$9.28B,$-0.11B,-1.20%,$9.28B,$-0.08B,-0.83%,$-0.08B,$3.28B,-2.36%,$-0.08B,$-0.66B,12.26%,$-0.08B,$18.63B,-0.42%,$0.44B,$3.28B,6.33%,$2234,$1661,$573,$0,$182,$2012,$223,$-24,$198,$82,$116,$116,$102,$223,$223,$546,546,$0.19,$0.19,$768,$230,$882,$2762,$11117,$0,$3937,$413,$15870,$18632,$5592,$0,$8835,$9764,$15355,$2546,$389,$0,$3277,$18632,$0,$0,$75,$75,$0,$0,$0,$0,$0,$75,$-290,$-1,$0,$0,$91,$91,$-3,$-203,$112,$120,$232,$0,$0,$-14,$-156,$62,$15,$0,$-14
11,2015-12-31,5.35,$5.38,0.99,$17.85,0.3,$1.80,2.96,$-0.40,0.0,$2.82B,$5.64B,0.5,$0.00B,$2.94B,0.0,$9.74B,$2.10B,21.60%,$9.74B,$0.45B,4.60%,$9.74B,$0.45B,4.60%,$9.74B,$0.45B,4.60%,$9.74B,$-0.36B,-3.67%,$9.74B,$-0.22B,-2.25%,$-0.22B,$2.94B,-6.46%,$-0.22B,$-0.66B,36.93%,$-0.22B,$18.10B,-1.18%,$0.45B,$2.94B,5.05%,$2311,$1768,$543,$0,$461,$2229,$82,$-147,$-64,$-59,$-5,$-16,$-16,$82,$82,$546,546,$-0.03,$-0.03,$753,$225,$983,$2823,$10939,$0,$3602,$325,$15279,$18101,$5641,$0,$8646,$9523,$15164,$2546,$318,$0,$2938,$18101,$0,$0,$1715,$1715,$0,$0,$0,$0,$0,$1715,$-1513,$-52,$0,$0,$-185,$-185,$-42,$-1739,$185,$205,$185,$0,$0,$-35,$-483,$-128,$-236,$0,$-35
12,2015-09-30,4.84,$0.00,0.0,$19.31,0.25,$2.27,2.14,$-0.19,0.0,$3.21B,$5.43B,0.59,$7.34B,$2.95B,2.49,$10.53B,$0.50B,4.71%,$10.53B,$1.04B,9.86%,$10.53B,$1.04B,9.86%,$10.53B,$1.04B,9.86%,$10.53B,$-0.26B,-2.47%,$10.53B,$-0.11B,-1.00%,$-0.11B,$2.95B,-2.78%,$-0.11B,$-0.58B,17.51%,$-0.11B,$17.98B,-0.55%,$1.04B,$10.29B,11.21%,$2423,$1906,$518,$0,$192,$2292,$131,$-317,$-186,$-82,$-103,$-103,$-113,$131,$131,$546,546,$-0.21,$-0.21,$1611,$204,$417,$3208,$0,$0,$3532,$370,$4209,$17975,$5432,$7339,$1452,$9591,$15022,$2546,$335,$0,$2953,$17975,$0,$0,$1212,$1212,$0,$0,$0,$0,$0,$1212,$-841,$-13,$0,$0,$-75,$-75,$15,$-914,$-30,$115,$85,$0,$0,$-26,$-271,$-212,$34,$0,$-26
13,2015-06-30,6.98,$0.00,0.0,$20.62,0.34,$3.65,1.91,$-0.18,0.0,$3.46B,$5.69B,0.61,$7.29B,$3.86B,1.89,$11.25B,$1.37B,12.16%,$11.25B,$1.03B,9.12%,$11.25B,$1.03B,9.12%,$11.25B,$1.03B,9.12%,$11.25B,$0.02B,0.20%,$11.25B,$-0.10B,-0.89%,$-0.10B,$3.86B,-2.35%,$-0.10B,$-0.61B,15.77%,$-0.10B,$19.36B,-0.50%,$1.03B,$11.15B,10.61%,$2312,$1926,$386,$0,$216,$2310,$2,$-61,$-59,$-13,$-46,$-46,$-50,$2,$2,$546,546,$-0.09,$-0.09,$1641,$232,$432,$3455,$0,$0,$4469,$762,$5231,$19362,$5692,$7292,$1623,$9810,$15503,$2546,$448,$0,$3860,$19362,$0,$0,$809,$809,$0,$0,$0,$0,$0,$809,$-468,$-10,$0,$0,$-4,$-4,$24,$-459,$-126,$45,$-81,$0,$0,$-18,$-147,$-246,$85,$0,$-18
14,2015-03-31,7.99,$0.00,0.0,$21.83,0.37,$3.77,2.12,$-0.20,0.0,$3.07B,$5.28B,0.58,$7.30B,$3.81B,1.92,$11.91B,$2.14B,17.92%,$11.91B,$0.96B,8.08%,$11.91B,$0.96B,8.08%,$11.91B,$0.96B,8.08%,$11.91B,$0.04B,0.37%,$11.91B,$-0.11B,-0.88%,$-0.11B,$3.81B,-2.23%,$-0.11B,$-0.52B,17.06%,$-0.11B,$18.89B,-0.51%,$0.96B,$11.11B,9.25%,$2694,$2037,$657,$0,$250,$2461,$233,$-281,$-48,$-24,$-24,$-24,$-40,$233,$233,$546,546,$-0.07,$-0.07,$1429,$235,$392,$3074,$0,$80,$4330,$420,$5178,$18890,$5275,$7301,$1550,$9804,$15080,$2546,$497,$0,$3810,$18890,$0,$0,$363,$363,$0,$0,$0,$0,$0,$363,$-292,$-2,$0,$0,$118,$118,$4,$-173,$-112,$15,$-97,$0,$0,$-9,$-34,$-140,$-30,$0,$-9
15,2014-12-31,11.88,$8.26,1.44,$22.72,0.52,$4.28,2.78,$-0.21,0.0,$3.64B,$5.83B,0.62,$0.00B,$4.50B,0.0,$12.39B,$2.77B,22.34%,$12.39B,$0.84B,6.80%,$12.39B,$0.84B,6.80%,$12.39B,$0.84B,6.80%,$12.39B,$0.07B,0.52%,$12.39B,$-0.11B,-0.86%,$-0.11B,$4.50B,-2.06%,$-0.11B,$-0.69B,17.68%,$-0.11B,$20.48B,-0.50%,$0.84B,$4.50B,7.77%,$3105,$4170,$-1065,$0,$-994,$2432,$673,$-262,$33,$259,$-226,$98,$98,$673,$673,$546,546,$0.18,$0.18,$989,$266,$350,$3635,$15019,$85,$5193,$391,$21096,$20484,$5830,$0,$1710,$2762,$15981,$2546,$536,$0,$4504,$20484,$0,$0,$1331,$1331,$0,$0,$0,$0,$0,$1331,$-876,$-56,$1,$0,$50,$50,$-73,$-899,$-1666,$-1712,$1043,$156,$161,$-35,$-777,$-1320,$-996,$0,$-35
16,2014-09-30,11.28,$0.00,0.0,$23.67,0.48,$3.94,2.86,$-0.48,0.0,$3.60B,$5.96B,0.6,$7.04B,$4.86B,1.45,$12.69B,$3.45B,27.22%,$12.69B,$0.69B,5.42%,$12.69B,$0.69B,5.42%,$12.69B,$0.69B,5.42%,$12.69B,$0.02B,0.18%,$12.69B,$-0.25B,-1.97%,$-0.25B,$4.86B,-4.67%,$-0.25B,$-0.72B,45.41%,$-0.25B,$20.65B,-1.15%,$0.69B,$11.90B,5.29%,$3141,$1751,$1390,$0,$1021,$3023,$118,$-21,$97,$4,$93,$-108,$-108,$118,$118,$546,546,$-0.20,$-0.20,$1276,$265,$341,$3595,$0,$0,$5581,$866,$6447,$20647,$5961,$7039,$1918,$9824,$15785,$2546,$437,$0,$4863,$20647,$943,$0,$0,$0,$0,$0,$0,$0,$-362,$607,$518,$0,$0,$0,$0,$0,$-803,$-285,$0,$-2012,$0,$0,$0,$-27,$566,$-1473,$-1235,$0,$0
17,2014-06-30,13.31,$0.00,0.0,$24.86,0.54,$1.14,11.65,$-0.17,0.0,$3.89B,$5.95B,0.65,$8.48B,$5.65B,1.5,$12.91B,$3.55B,27.51%,$12.91B,$0.83B,6.39%,$12.91B,$0.83B,6.39%,$12.91B,$0.83B,6.39%,$12.91B,$0.03B,0.26%,$12.91B,$-0.09B,-0.70%,$-0.09B,$5.65B,-1.69%,$-0.09B,$-0.53B,13.02%,$-0.09B,$21.69B,-0.41%,$0.83B,$14.13B,6.29%,$2971,$1817,$1153,$0,$967,$3032,$-61,$-54,$-38,$16,$-55,$-55,$-55,$-61,$-61,$546,546,$-0.11,$-0.11,$2061,$254,$104,$3887,$0,$425,$6181,$61,$7125,$21687,$5946,$8481,$815,$10094,$16040,$2546,$695,$0,$5647,$21687,$6443,$0,$0,$0,$0,$0,$0,$0,$0,$395,$13,$0,$0,$0,$0,$0,$0,$13,$0,$0,$0,$0,$0,$0,$-1263,$-1263,$-879,$0,$0
18,2014-03-31,14.93,$0.00,0.0,$25.82,0.58,$-0.95,0.0,$-0.74,0.0,$4.20B,$5.88B,0.71,$7.29B,$5.56B,1.31,$13.04B,$3.61B,27.73%,$13.04B,$0.93B,7.10%,$13.04B,$0.93B,7.10%,$13.04B,$0.93B,7.10%,$13.04B,$-0.38B,-2.94%,$13.04B,$-0.37B,-2.80%,$-0.37B,$5.56B,-7.16%,$-0.37B,$-0.46B,40.52%,$-0.37B,$21.68B,-1.65%,$0.93B,$12.85B,7.30%,$3177,$1886,$1291,$0,$933,$3065,$113,$-139,$-27,$12,$-39,$-41,$-41,$113,$113,$546,546,$-0.08,$-0.08,$1970,$244,$435,$4199,$0,$0,$6018,$949,$6967,$21679,$5879,$7287,$2190,$10238,$16116,$2546,$754,$0,$5563,$21679,$0,$0,$0,$0,$0,$0,$0,$0,$0,$28,$319,$0,$0,$0,$0,$-98,$-38,$183,$0,$-1122,$84,$0,$156,$-0,$-168,$-1050,$-824,$0,$0
19,2013-12-31,16.18,$0.00,0.0,$27.05,0.6,$-1.58,0.0,$-0.57,0.0,$4.98B,$6.51B,0.77,$7.86B,$5.33B,1.48,$13.27B,$3.21B,24.20%,$13.27B,$0.93B,6.98%,$13.27B,$0.93B,6.98%,$13.27B,$0.93B,6.98%,$13.27B,$-0.29B,-2.15%,$13.27B,$-0.28B,-2.12%,$-0.28B,$5.33B,-5.57%,$-0.28B,$-0.49B,38.35%,$-0.28B,$22.63B,-1.29%,$0.93B,$13.19B,7.24%,$3398,$3777,$-380,$0,$-107,$2879,$518,$-186,$-9,$26,$-35,$-46,$-46,$518,$518,$512,512,$-0.09,$-0.09,$2695,$231,$420,$4980,$0,$72,$5821,$373,$6669,$22631,$6509,$7860,$2168,$10796,$17305,$2389,$795,$0,$5326,$22631,$0,$0,$1409,$1409,$0,$0,$0,$0,$0,$1409,$-1157,$-43,$-6,$0,$-170,$0,$-117,$-1279,$-332,$1101,$2044,$889,$889,$-30,$-2798,$1206,$1335,$0,$-30
20,2013-09-30,14.96,$0.00,0.0,$27.60,0.54,$-4.38,0.0,$-0.59,0.0,$4.29B,$7.04B,0.61,$7.51B,$4.77B,1.58,$13.35B,$3.19B,23.87%,$13.35B,$0.79B,5.88%,$13.35B,$0.79B,5.88%,$13.35B,$0.79B,5.88%,$13.35B,$-0.32B,-2.41%,$13.35B,$-0.29B,-2.14%,$-0.29B,$4.77B,-5.72%,$-0.29B,$-1.28B,55.40%,$-0.29B,$22.22B,-1.34%,$0.79B,$12.27B,6.18%,$3361,$1873,$1487,$0,$982,$3105,$255,$-148,$107,$52,$55,$52,$52,$255,$255,$484,484,$0.11,$0.11,$1862,$232,$449,$4292,$0,$78,$6048,$348,$6686,$22220,$7043,$7505,$2347,$10411,$17454,$1605,$853,$0,$4766,$22220,$0,$0,$0,$0,$0,$0,$0,$0,$0,$655,$-1011,$0,$-6,$0,$0,$-338,$71,$-1284,$0,$1044,$1401,$0,$104,$-24,$-1543,$982,$374,$0,$0
21,2013-06-30,16.75,$0.00,0.0,$27.67,0.61,$-3.64,0.0,$-0.83,0.0,$3.72B,$6.48B,0.57,$7.66B,$4.72B,1.62,$13.33B,$3.26B,24.47%,$13.33B,$0.62B,4.61%,$13.33B,$0.62B,4.61%,$13.33B,$0.62B,4.61%,$13.33B,$-0.41B,-3.09%,$13.33B,$-0.40B,-3.02%,$-0.40B,$4.72B,-7.88%,$-0.40B,$-1.37B,-893.33%,$-0.40B,$21.73B,-1.92%,$0.62B,$12.38B,4.81%,$3099,$1882,$1216,$0,$926,$3060,$39,$-493,$-454,$-131,$-323,$-330,$-330,$39,$39,$484,484,$-0.68,$-0.68,$1331,$207,$474,$3722,$0,$0,$6093,$692,$6785,$21727,$6483,$7662,$2318,$10522,$17005,$1605,$801,$0,$4722,$21727,$0,$0,$0,$0,$0,$0,$0,$0,$0,$104,$-753,$0,$0,$0,$0,$-59,$78,$-734,$0,$536,$1147,$0,$104,$-19,$-998,$771,$141,$0,$0
22,2013-03-31,21.56,$0.00,0.0,$25.75,0.84,$-2.30,0.0,$-0.01,0.0,$3.11B,$5.41B,0.58,$7.95B,$5.35B,1.49,$11.81B,$2.77B,23.45%,$11.81B,$0.60B,5.07%,$11.81B,$0.60B,5.07%,$11.81B,$0.60B,5.07%,$11.81B,$0.11B,0.93%,$11.81B,$-0.02B,-0.19%,$-0.02B,$5.35B,-0.42%,$-0.02B,$0.22B,-3.22%,$-0.02B,$20.86B,-0.11%,$0.60B,$13.30B,4.70%,$3409,$2521,$888,$0,$483,$3295,$114,$-43,$71,$33,$38,$43,$43,$114,$114,$484,484,$0.09,$0.09,$457,$203,$904,$3107,$0,$0,$5136,$618,$5754,$20861,$5405,$7949,$1533,$10104,$15509,$1605,$1147,$0,$5352,$20861,$0,$0,$0,$0,$0,$0,$0,$0,$0,$0,$0,$0,$0,$0,$0,$0,$0,$0,$0,$0,$0,$0,$0,$0,$0,$0,$0,$0,$0
23,2012-12-31,23.35,$0.00,0.0,$23.21,1.01,$-2.72,0.0,$0.12,194.59,$3.35B,$5.78B,0.58,$7.70B,$5.17B,1.49,$9.94B,$2.30B,23.12%,$9.94B,$0.63B,6.31%,$9.94B,$0.63B,6.31%,$9.94B,$0.63B,6.31%,$9.94B,$0.13B,1.28%,$9.94B,$0.01B,0.11%,$0.01B,$5.17B,0.26%,$0.01B,$0.37B,1.16%,$0.01B,$20.53B,0.06%,$0.63B,$12.87B,5.94%,$3476,$3881,$-405,$0,$-367,$3100,$377,$-233,$-46,$-5,$-42,$-51,$-51,$377,$377,$484,484,$-0.11,$-0.11,$1287,$181,$453,$3348,$0,$78,$4797,$368,$5388,$20533,$5780,$7699,$1296,$9584,$15364,$1501,$1106,$0,$5169,$20533,$0,$0,$0,$0,$0,$0,$0,$0,$0,$1204,$-2316,$0,$-3,$0,$0,$386,$7,$-1926,$0,$-832,$2186,$0,$83,$-125,$-307,$1005,$276,$0,$0
24,2012-09-30,25.05,$0.00,0.0,$20.53,1.22,$-1.92,0.0,$0.56,44.74,$3.47B,$5.58B,0.62,$7.46B,$5.16B,1.45,$8.00B,$2.68B,33.45%,$8.00B,$0.57B,7.17%,$8.00B,$0.57B,7.17%,$8.00B,$0.57B,7.17%,$8.00B,$0.31B,3.87%,$8.00B,$0.18B,2.19%,$0.18B,$5.16B,5.22%,$0.18B,$0.96B,15.02%,$0.18B,$20.47B,1.26%,$0.57B,$12.61B,6.80%,$3345,$1782,$1563,$0,$1181,$3260,$85,$-68,$17,$73,$-56,$-64,$-64,$85,$85,$476,476,$-0.13,$-0.13,$525,$171,$992,$3467,$0,$0,$4192,$877,$5069,$20465,$5582,$7456,$1181,$9729,$15310,$1432,$1142,$0,$5155,$20465,$0,$0,$0,$0,$0,$0,$0,$0,$0,$0,$0,$0,$0,$0,$0,$0,$0,$0,$0,$0,$0,$0,$0,$0,$0,$0,$0,$0,$0
25,2012-06-30,25.87,$0.00,0.0,$17.89,1.45,$-3.11,0.0,$0.97,26.67,$3.61B,$5.31B,0.68,$6.91B,$5.26B,1.31,$6.14B,$1.56B,25.31%,$6.14B,$0.71B,11.56%,$6.14B,$0.71B,11.56%,$6.14B,$0.71B,11.56%,$6.14B,$0.41B,6.64%,$6.14B,$0.33B,5.44%,$0.33B,$5.26B,13.94%,$0.33B,$1.18B,27.77%,$0.33B,$19.64B,3.18%,$0.71B,$12.17B,11.28%,$1584,$861,$724,$0,$584,$1561,$23,$45,$68,$20,$49,$50,$50,$23,$23,$353,353,$0.14,$0.14,$458,$148,$1262,$3611,$0,$0,$4079,$800,$4879,$19642,$5308,$6905,$1167,$9072,$14379,$1436,$1186,$0,$5263,$19642,$0,$0,$0,$0,$0,$0,$0,$0,$0,$0,$0,$0,$0,$0,$0,$0,$0,$0,$0,$0,$0,$0,$0,$0,$0,$0,$0,$0,$0
26,2012-03-31,28.77,$0.00,0.0,$17.32,1.66,$-3.11,0.0,$0.88,32.7,$1.19B,$2.24B,0.53,$3.03B,$1.53B,1.98,$5.89B,$1.40B,23.77%,$5.89B,$0.74B,12.61%,$5.89B,$0.74B,12.61%,$5.89B,$0.74B,12.61%,$5.89B,$0.35B,5.99%,$5.89B,$0.30B,5.09%,$0.30B,$1.53B,21.21%,$0.30B,$1.29B,24.18%,$0.30B,$7.69B,4.07%,$0.74B,$4.56B,20.70%,$1537,$1119,$417,$0,$276,$1395,$142,$-23,$88,$14,$73,$76,$76,$142,$142,$341,341,$0.22,$0.22,$277,$86,$382,$1192,$0,$1,$243,$90,$406,$7688,$2236,$3030,$497,$3924,$6160,$484,$1170,$0,$1528,$7688,$0,$0,$0,$0,$0,$0,$0,$0,$0,$121,$-265,$0,$0,$0,$0,$0,$-8,$-273,$0,$75,$-49,$0,$10,$-85,$4,$-45,$-198,$0,$0
27,2011-12-31,22.75,$0.00,0.0,$16.84,1.35,$-2.69,0.0,$0.95,23.94,$1.34B,$2.32B,0.58,$2.98B,$1.46B,2.04,$5.72B,$1.64B,28.66%,$5.72B,$0.75B,13.18%,$5.72B,$0.75B,13.18%,$5.72B,$0.75B,13.18%,$5.72B,$0.38B,6.70%,$5.72B,$0.32B,5.61%,$0.32B,$1.46B,23.23%,$0.32B,$1.23B,25.30%,$0.32B,$7.65B,4.48%,$0.75B,$4.44B,26.94%,$1535,$1563,$-28,$0,$-154,$1211,$324,$-85,$137,$21,$116,$113,$113,$324,$324,$340,340,$0.33,$0.33,$374,$73,$449,$1343,$0,$1,$229,$87,$377,$7649,$2322,$2979,$521,$3869,$6191,$474,$1117,$0,$1457,$7649,$0,$0,$0,$0,$0,$0,$0,$0,$0,$763,$-1273,$0,$44,$0,$0,$9,$-18,$-1238,$0,$335,$86,$0,$23,$-192,$-32,$219,$-257,$0,$0
28,2011-09-30,20.21,$0.00,0.0,$16.21,1.25,$-0.90,0.0,$1.11,18.21,$1.21B,$2.11B,0.57,$2.69B,$1.34B,2.01,$5.49B,$1.54B,28.05%,$5.49B,$0.81B,14.82%,$5.49B,$0.81B,14.82%,$5.49B,$0.81B,14.82%,$5.49B,$0.44B,8.04%,$5.49B,$0.37B,6.80%,$0.37B,$1.34B,27.78%,$0.37B,$1.11B,30.18%,$0.37B,$7.07B,5.36%,$0.81B,$4.03B,30.94%,$1487,$1044,$442,$0,$221,$1266,$221,$-75,$115,$18,$97,$95,$95,$221,$221,$339,339,$0.28,$0.28,$233,$66,$379,$1206,$0,$1,$224,$70,$354,$7073,$2105,$2687,$599,$3630,$5735,$462,$1084,$0,$1337,$7073,$0,$0,$0,$0,$0,$0,$0,$0,$0,$377,$-781,$0,$44,$0,$0,$0,$-22,$-759,$0,$285,$592,$0,$9,$-192,$-708,$-16,$-398,$0,$0
29,2011-06-30,27.75,$0.00,0.0,$15.23,1.82,$0.29,96.32,$1.14,24.34,$0.00B,$0.00B,0.0,$0.00B,$0.00B,0.0,$5.15B,$1.69B,32.79%,$5.15B,$0.75B,14.54%,$5.15B,$0.75B,14.54%,$5.15B,$0.75B,14.54%,$5.15B,$0.46B,8.83%,$5.15B,$0.38B,7.45%,$0.38B,$1.34B,29.27%,$0.38B,$1.34B,30.46%,$0.38B,$7.05B,5.70%,$0.75B,$1.34B,38.92%,$1332,$763,$569,$0,$413,$1276,$56,$-43,$13,$3,$10,$16,$16,$56,$56,$339,339,$0.05,$0.05,$0,$0,$0,$0,$0,$0,$0,$0,$0,$7054,$0,$0,$0,$0,$5718,$0,$0,$0,$1335,$7054,$0,$0,$0,$0,$0,$0,$0,$0,$0,$0,$0,$0,$0,$0,$0,$0,$0,$0,$0,$0,$0,$0,$0,$0,$0,$0,$0,$0,$0
30,2011-03-31,24.87,$0.00,0.0,$14.35,1.73,$0.29,86.33,$1.27,19.58,$0.00B,$0.00B,0.0,$0.00B,$0.00B,0.0,$4.85B,$1.64B,33.71%,$4.85B,$0.81B,16.61%,$4.85B,$0.81B,16.61%,$4.85B,$0.81B,16.61%,$4.85B,$0.51B,10.57%,$4.85B,$0.43B,8.84%,$0.43B,$1.40B,34.03%,$0.43B,$1.40B,35.46%,$0.43B,$6.90B,6.66%,$0.81B,$1.40B,43.03%,$1365,$709,$656,$0,$406,$1212,$153,$-36,$118,$20,$97,$97,$97,$153,$153,$339,339,$0.29,$0.29,$0,$0,$0,$0,$0,$0,$0,$0,$0,$6899,$0,$0,$0,$0,$5500,$0,$0,$0,$1399,$6899,$0,$0,$0,$0,$0,$0,$0,$0,$0,$0,$0,$0,$0,$0,$0,$0,$0,$0,$0,$0,$0,$0,$0,$0,$0,$0,$0,$0,$0
31,2010-12-31,29.55,$0.00,0.0,$13.39,2.21,$0.29,102.57,$1.24,23.83,$1.53B,$2.14B,0.72,$2.45B,$1.30B,1.89,$4.52B,$1.51B,33.41%,$4.52B,$0.80B,17.60%,$4.52B,$0.80B,17.60%,$4.52B,$0.80B,17.60%,$4.52B,$0.50B,11.08%,$4.52B,$0.42B,9.29%,$0.42B,$1.30B,34.95%,$0.42B,$1.10B,36.50%,$0.42B,$6.79B,6.83%,$0.80B,$3.75B,43.87%,$1302,$1431,$-128,$0,$-262,$919,$383,$-55,$195,$31,$164,$165,$165,$383,$383,$336,336,$0.49,$0.49,$737,$53,$337,$1533,$0,$1,$204,$62,$304,$6786,$2144,$2450,$580,$3342,$5486,$453,$949,$0,$1300,$6786,$0,$0,$0,$0,$0,$0,$0,$0,$0,$1125,$-1029,$0,$-11,$0,$0,$0,$-61,$-1100,$0,$0,$133,$0,$0,$-155,$-103,$-125,$-100,$0,$0
32,2010-09-30,28.26,$0.00,0.0,$12.67,2.23,$0.94,30.11,$1.07,26.41,$0.00B,$0.00B,0.0,$0.00B,$0.00B,0.0,$4.29B,$1.48B,34.51%,$4.29B,$0.76B,17.66%,$4.29B,$0.76B,17.66%,$4.29B,$0.76B,17.66%,$4.29B,$0.44B,10.21%,$4.29B,$0.37B,8.50%,$0.37B,$1.21B,31.65%,$0.37B,$1.21B,32.34%,$0.37B,$6.19B,6.19%,$0.76B,$1.21B,43.30%,$1152,$560,$592,$0,$353,$996,$157,$-27,$129,$20,$109,$106,$106,$157,$157,$339,339,$0.31,$0.31,$0,$0,$0,$0,$0,$0,$0,$0,$0,$6187,$0,$0,$0,$0,$4974,$0,$0,$0,$1213,$6187,$0,$0,$0,$0,$0,$0,$0,$0,$0,$0,$0,$0,$0,$0,$0,$0,$0,$0,$0,$0,$0,$0,$0,$0,$0,$0,$0,$0,$0
33,2010-06-30,17.61,$0.00,0.0,$11.97,1.47,$0.94,18.77,$0.91,19.36,$0.00B,$0.00B,0.0,$0.00B,$0.00B,0.0,$4.06B,$1.35B,33.18%,$4.06B,$0.69B,17.08%,$4.06B,$0.69B,17.08%,$4.06B,$0.69B,17.08%,$4.06B,$0.37B,9.14%,$4.06B,$0.31B,7.67%,$0.31B,$1.13B,28.17%,$0.31B,$1.13B,28.82%,$0.31B,$5.91B,5.44%,$0.69B,$1.13B,40.73%,$1034,$518,$516,$0,$320,$921,$113,$-42,$71,$12,$59,$61,$61,$113,$113,$339,339,$0.18,$0.18,$0,$0,$0,$0,$0,$0,$0,$0,$0,$5908,$0,$0,$0,$0,$4777,$0,$0,$0,$1131,$5908,$0,$0,$0,$0,$0,$0,$0,$0,$0,$0,$0,$0,$0,$0,$0,$0,$0,$0,$0,$0,$0,$0,$0,$0,$0,$0,$0,$0,$0
34,2010-03-31,16.77,$0.00,0.0,$11.24,1.49,$0.94,17.86,$0.74,22.66,$0.00B,$0.00B,0.0,$0.00B,$0.00B,0.0,$3.81B,$1.21B,31.80%,$3.81B,$0.62B,16.15%,$3.81B,$0.62B,16.15%,$3.81B,$0.62B,16.15%,$3.81B,$0.30B,7.93%,$3.81B,$0.25B,6.67%,$0.25B,$1.16B,23.73%,$0.25B,$1.16B,24.29%,$0.25B,$5.71B,4.54%,$0.62B,$1.16B,36.88%,$1035,$504,$531,$0,$305,$892,$143,$-37,$106,$18,$88,$88,$88,$143,$143,$339,339,$0.26,$0.26,$0,$0,$0,$0,$0,$0,$0,$0,$0,$5711,$0,$0,$0,$0,$4548,$0,$0,$0,$1163,$5711,$0,$0,$0,$0,$0,$0,$0,$0,$0,$0,$0,$0,$0,$0,$0,$0,$0,$0,$0,$0,$0,$0,$0,$0,$0,$0,$0,$0,$0
35,2009-12-31,15.65,$0.00,0.0,$10.79,1.45,$0.94,16.67,$0.77,20.32,$1.41B,$1.52B,0.93,$2.39B,$1.11B,2.16,$3.66B,$1.13B,31.00%,$3.66B,$0.59B,16.14%,$3.66B,$0.59B,16.14%,$3.66B,$0.59B,16.14%,$3.66B,$0.28B,7.61%,$3.66B,$0.23B,6.32%,$0.23B,$1.11B,23.16%,$0.23B,$1.01B,23.75%,$0.23B,$5.77B,4.21%,$0.59B,$3.50B,37.00%,$1071,$1228,$-158,$0,$-277,$726,$345,$-77,$132,$21,$111,$110,$110,$345,$345,$339,339,$0.32,$0.32,$792,$47,$194,$1409,$0,$2,$99,$55,$166,$5772,$1523,$2390,$513,$3143,$4666,$453,$743,$0,$1106,$5772,$0,$0,$0,$0,$0,$0,$0,$0,$0,$846,$-528,$0,$-2,$0,$0,$-10,$-50,$-590,$0,$0,$410,$0,$0,$-140,$-171,$99,$331,$0,$0
36,2009-09-30,12.37,$0.00,0.0,$11.15,1.11,$-0.29,0.0,$0.80,15.46,$0.00B,$0.00B,0.0,$0.00B,$0.00B,0.0,$3.76B,$2.06B,54.80%,$3.76B,$0.48B,12.68%,$3.76B,$0.48B,12.68%,$3.76B,$0.66B,17.41%,$3.76B,$0.29B,7.60%,$3.76B,$0.24B,6.32%,$0.24B,$1.02B,23.79%,$0.24B,$1.02B,23.99%,$0.24B,$5.46B,4.51%,$0.48B,$1.02B,32.70%,$917,$461,$457,$0,$285,$825,$92,$-31,$62,$10,$52,$52,$52,$92,$92,$339,339,$0.15,$0.15,$0,$0,$0,$0,$0,$0,$0,$0,$0,$5461,$0,$0,$0,$0,$4445,$0,$0,$0,$1016,$5461,$0,$0,$0,$0,$0,$0,$0,$0,$0,$0,$0,$0,$0,$0,$0,$0,$0,$0,$0,$0,$0,$0,$0,$0,$0,$0,$0,$0,$0
37,2009-06-30,11.2,$0.00,0.0,$12.00,0.93,$-0.92,0.0,$0.89,12.58,$0.00B,$0.00B,0.0,$0.00B,$0.00B,0.0,$4.05B,$2.13B,52.63%,$4.05B,$0.52B,12.86%,$4.05B,$0.52B,12.86%,$4.05B,$0.70B,17.25%,$4.05B,$0.32B,7.90%,$4.05B,$0.27B,6.57%,$0.27B,$1.00B,26.01%,$0.27B,$1.00B,26.43%,$0.27B,$5.45B,5.31%,$0.52B,$1.00B,27.13%,$785,$404,$381,$0,$274,$750,$35,$-33,$2,$1,$1,$4,$4,$35,$35,$339,339,$0.01,$0.01,$0,$0,$0,$0,$0,$0,$0,$0,$0,$5450,$0,$0,$0,$0,$4453,$0,$0,$0,$997,$5450,$0,$0,$0,$0,$0,$0,$0,$0,$0,$0,$0,$0,$0,$0,$0,$0,$0,$0,$0,$0,$0,$0,$0,$0,$0,$0,$0,$0,$0
38,2009-03-31,7.78,$0.00,0.0,$12.85,0.61,$-1.36,0.0,$1.02,7.63,$0.00B,$0.00B,0.0,$0.00B,$0.00B,0.0,$4.34B,$2.22B,51.22%,$4.34B,$0.53B,12.22%,$4.34B,$0.53B,12.22%,$4.34B,$0.71B,16.32%,$4.34B,$0.37B,8.62%,$4.34B,$0.31B,7.12%,$0.31B,$0.87B,29.33%,$0.31B,$0.87B,30.04%,$0.31B,$5.28B,6.53%,$0.53B,$0.87B,26.46%,$882,$430,$453,$0,$260,$764,$118,$-36,$82,$13,$69,$65,$65,$118,$118,$339,339,$0.29,$0.29,$0,$0,$0,$0,$0,$0,$0,$0,$0,$5283,$0,$0,$0,$0,$4412,$0,$0,$0,$870,$5283,$0,$0,$0,$0,$0,$0,$0,$0,$0,$0,$0,$0,$0,$0,$0,$0,$0,$0,$0,$0,$0,$0,$0,$0,$0,$0,$0,$0,$0
39,2008-12-31,7.24,$0.00,0.0,$13.43,0.54,$-1.51,0.0,$1.00,7.24,$1.35B,$1.38B,0.98,$1.83B,$1.12B,1.64,$4.53B,$2.26B,49.89%,$4.53B,$0.54B,11.82%,$4.53B,$0.54B,11.82%,$4.53B,$0.71B,15.75%,$4.53B,$0.40B,8.82%,$4.53B,$0.34B,7.39%,$0.34B,$1.12B,30.30%,$0.34B,$1.09B,31.24%,$0.34B,$4.91B,7.62%,$0.54B,$2.95B,22.09%,$1179,$409,$771,$0,$486,$947,$232,$-92,$140,$23,$117,$117,$117,$410,$232,$335,335,$0.35,$0.35,$410,$51,$451,$1351,$0,$1,$32,$427,$460,$4905,$1379,$1834,$340,$2408,$3787,$453,$665,$0,$1118,$4905,$336,$178,$0,$178,$0,$0,$0,$0,$51,$729,$-825,$0,$0,$0,$0,$18,$-25,$-832,$0,$472,$0,$0,$0,$-223,$-191,$59,$-44,$0,$0
40,2008-09-30,10.25,$0.00,0.0,$25.36,0.4,$-3.18,0.0,$2.14,4.79,$1.19B,$1.15B,1.04,$1.76B,$1.11B,1.59,$4.40B,$2.04B,46.42%,$4.40B,$0.44B,9.91%,$4.40B,$0.44B,9.91%,$4.40B,$0.58B,13.25%,$4.40B,$0.38B,8.63%,$4.40B,$0.32B,7.25%,$0.32B,$1.11B,29.72%,$0.32B,$1.07B,30.70%,$0.32B,$4.40B,7.69%,$0.44B,$2.86B,18.95%,$1205,$678,$527,$0,$347,$1069,$136,$-40,$96,$15,$80,$80,$80,$136,$136,$339,339,$0.24,$0.24,$433,$69,$186,$1194,$0,$2,$33,$323,$358,$4403,$1151,$1757,$180,$2147,$3298,$453,$748,$0,$1105,$4403,$0,$0,$0,$0,$0,$0,$0,$0,$0,$420,$-634,$0,$0,$0,$0,$14,$-8,$-629,$0,$415,$0,$0,$0,$-223,$-10,$182,$-27,$0,$0
41,2008-06-30,8.99,$0.00,0.0,$24.40,0.37,$-2.64,0.0,$2.13,4.22,$1.29B,$1.21B,1.07,$0.21B,$1.12B,0.18,$4.07B,$1.98B,48.55%,$4.07B,$0.40B,9.87%,$4.07B,$0.40B,9.87%,$4.07B,$0.55B,13.48%,$4.07B,$0.38B,9.28%,$4.07B,$0.32B,7.81%,$0.32B,$1.12B,30.32%,$0.32B,$1.09B,31.38%,$0.32B,$4.34B,8.16%,$0.40B,$1.33B,18.65%,$1072,$601,$471,$0,$385,$1029,$44,$12,$56,$9,$47,$47,$47,$44,$44,$339,339,$0.14,$0.14,$449,$73,$241,$1293,$0,$3,$34,$379,$416,$4338,$1211,$207,$1601,$2006,$3217,$453,$667,$0,$1121,$4338,$0,$0,$0,$0,$0,$0,$0,$0,$0,$269,$-419,$0,$0,$0,$0,$10,$-5,$-414,$0,$264,$0,$0,$0,$-126,$-6,$132,$-13,$0,$0
42,2008-03-31,12.38,$0.00,0.0,$32.61,0.38,$-2.99,0.0,$2.62,4.73,$1.05B,$1.00B,1.05,$1.49B,$1.08B,1.38,$3.77B,$1.90B,50.27%,$3.77B,$0.41B,10.98%,$3.77B,$0.41B,10.98%,$3.77B,$0.56B,14.87%,$3.77B,$0.37B,9.86%,$3.77B,$0.31B,8.32%,$0.31B,$1.08B,30.69%,$0.31B,$1.05B,31.80%,$0.31B,$3.94B,8.61%,$0.41B,$2.57B,17.29%,$1078,$585,$493,$0,$324,$954,$124,$-16,$108,$17,$91,$91,$91,$124,$124,$339,339,$0.27,$0.27,$335,$59,$136,$1045,$0,$4,$35,$470,$508,$3941,$995,$1486,$191,$1867,$2862,$453,$836,$0,$1079,$3941,$0,$0,$0,$0,$0,$0,$0,$0,$0,$94,$-145,$0,$0,$0,$0,$5,$-3,$-143,$0,$41,$0,$0,$0,$-120,$-3,$-82,$-131,$0,$0
43,2007-12-31,11.42,$0.00,0.0,$42.46,0.27,$-3.04,0.0,$3.70,3.09,$1.09B,$1.12B,0.97,$1.46B,$0.99B,1.48,$3.53B,$1.88B,53.19%,$3.53B,$0.41B,11.72%,$3.53B,$0.41B,11.72%,$3.53B,$0.56B,15.89%,$3.53B,$0.37B,10.44%,$3.53B,$0.31B,8.77%,$0.31B,$0.99B,33.17%,$0.31B,$0.95B,34.57%,$0.31B,$3.90B,9.08%,$0.41B,$2.45B,18.51%,$1046,$495,$552,$0,$377,$914,$132,$-12,$120,$19,$101,$101,$101,$279,$132,$68,68,$1.49,$1.49,$468,$58,$99,$1094,$0,$1,$36,$102,$140,$3902,$1123,$1462,$154,$1791,$2914,$453,$535,$0,$988,$3902,$308,$147,$0,$147,$0,$0,$0,$0,$257,$707,$-840,$0,$0,$0,$0,$-2,$-2,$-844,$0,$290,$0,$0,$316,$-211,$-12,$383,$246,$0,$0
44,2007-09-30,13.67,$0.00,0.0,$29.68,0.46,$-2.40,0.0,$2.50,5.46,$1.00B,$0.88B,1.14,$1.27B,$1.01B,1.26,$3.33B,$2.18B,65.32%,$3.33B,$1.14B,34.05%,$3.33B,$1.14B,34.05%,$3.33B,$1.26B,37.77%,$3.33B,$1.10B,33.06%,$3.33B,$0.30B,9.06%,$0.30B,$1.01B,35.91%,$0.30B,$0.97B,37.68%,$0.30B,$3.40B,9.56%,$1.14B,$2.28B,54.63%,$878,$416,$462,$0,$320,$776,$102,$-8,$94,$16,$79,$79,$79,$102,$102,$339,339,$0.23,$0.23,$389,$58,$102,$995,$0,$3,$37,$374,$414,$3399,$875,$1271,$87,$1517,$2392,$453,$644,$0,$1007,$3399,$0,$0,$0,$0,$0,$0,$0,$0,$0,$373,$-402,$0,$0,$0,$0,$-13,$12,$-403,$0,$100,$0,$0,$319,$-211,$-12,$197,$167,$0,$0
45,2007-06-30,14.07,$0.00,0.0,$29.48,0.48,$-2.97,0.0,$2.44,5.78,$1.00B,$0.84B,1.19,$1.27B,$1.02B,1.24,$3.22B,$2.12B,65.90%,$3.22B,$1.10B,34.32%,$3.22B,$1.10B,34.32%,$3.22B,$1.23B,38.17%,$3.22B,$1.07B,33.20%,$3.22B,$0.28B,8.55%,$0.28B,$1.02B,37.20%,$0.28B,$0.98B,39.40%,$0.28B,$3.35B,9.30%,$1.10B,$2.28B,57.54%,$770,$381,$389,$0,$298,$714,$56,$-6,$50,$7,$43,$43,$43,$56,$56,$68,68,$0.63,$0.63,$433,$57,$103,$1004,$0,$3,$36,$335,$374,$3350,$841,$1265,$81,$1491,$2332,$453,$565,$0,$1019,$3350,$0,$0,$0,$0,$0,$0,$0,$0,$0,$251,$-305,$0,$0,$0,$0,$5,$-2,$-302,$0,$79,$0,$0,$319,$-121,$-8,$269,$218,$0,$0
46,2007-03-31,11.39,$0.00,0.0,$29.00,0.39,$-3.59,0.0,$2.07,5.51,$0.71B,$0.81B,0.87,$1.20B,$0.71B,1.69,$3.14B,$2.08B,66.43%,$3.14B,$1.07B,34.20%,$3.14B,$1.07B,34.20%,$3.14B,$1.20B,38.16%,$3.14B,$1.04B,33.09%,$3.14B,$0.25B,7.91%,$0.25B,$0.71B,39.13%,$0.25B,$0.67B,41.98%,$0.25B,$2.96B,9.21%,$1.07B,$1.91B,63.40%,$831,$359,$472,$0,$312,$708,$123,$-20,$104,$18,$86,$86,$86,$123,$123,$64,64,$1.35,$1.35,$160,$54,$100,$705,$0,$3,$43,$343,$389,$2960,$814,$1201,$91,$1433,$2248,$134,$694,$0,$712,$2960,$0,$0,$0,$0,$0,$0,$0,$0,$0,$100,$-113,$0,$0,$0,$0,$5,$-1,$-109,$0,$24,$0,$0,$0,$-68,$-3,$-46,$-55,$0,$0
47,2006-12-31,8.92,$0.00,0.0,$27.39,0.33,$-3.39,0.0,$1.97,4.54,$0.71B,$0.88B,0.81,$1.21B,$0.63B,1.93,$3.03B,$2.34B,77.13%,$3.03B,$1.68B,55.31%,$3.03B,$1.68B,55.31%,$3.03B,$1.80B,59.39%,$3.03B,$1.66B,54.78%,$3.03B,$0.24B,7.98%,$0.24B,$0.63B,53.10%,$0.24B,$0.58B,57.18%,$0.24B,$2.93B,12.39%,$1.68B,$1.83B,138.22%,$854,$0,$854,$0,$0,$0,$854,$0,$854,$0,$854,$94,$94,$978,$854,$319,319,$0.29,$0.29,$219,$47,$80,$706,$0,$240,$43,$63,$346,$2929,$876,$1208,$87,$1426,$2302,$134,$492,$0,$626,$2929,$241,$124,$0,$124,$0,$0,$0,$0,$169,$490,$-913,$0,$0,$0,$0,$26,$-19,$-906,$0,$598,$0,$0,$0,$-85,$-9,$504,$88,$0,$0
