,Date,Stock Price,Book Value per Share,Price to Book Ratio,TTM Sales per Share,Price to Sales Ratio,TTM FCF per Share,Price to FCF Ratio,TTM Net EPS,PE Ratio,Current Assets,Current Liabilities,Current Ratio,Long Term Debt,Shareholder's Equity_x,Debt to Equity Ratio,TTM Revenue_x,TTM Gross Profit,Gross Margin,TTM Revenue_y,TTM Operating Income,Operating Margin,TTM Revenue_x,TTM EBIT,EBIT Margin,TTM Revenue_y,TTM EBITDA,EBITDA Margin,TTM Revenue_x,TTM Pre-Tax Income,Pre-Tax Margin,TTM Revenue_y,TTM Net Income_x,Net Margin,TTM Net Income_y,Shareholder's Equity_y,Return on Equity,TTM Net Income_x,Tangible Equity,Return on Tangible Equity,TTM Net Income_y,Total Assets,Return on Assets,TTM Net Income,LT Investments & Debt,Return on Investment,revenue,cost-goods-sold,gross-profit,research-development-expenses,selling-general-administrative-expenses,operating-expenses,operating-income,total-non-operating-income-expense,pre-tax-income,total-provision-income-taxes,income-after-taxes,income-from-continuous-operations,net-income,ebitda,ebit,basic-shares-outstanding,shares-outstanding,eps-basic-net-earnings-per-share,eps-earnings-per-share-diluted,cash-on-hand,inventory,other-current-assets,total-current-assets,net-property-plant-equipment,long-term-investments,goodwill-intangible-assets-total,other-long-term-assets,total-long-term-assets,total-assets,total-current-liabilities,long-term-debt,other-non-current-liabilities,total-long-term-liabilities,total-liabilities,common-stock-net,retained-earnings-accumulated-deficit,comprehensive-income,total-share-holder-equity,total-liabilities-share-holders-equity,net-income-loss,total-depreciation-amortization-cash-flow,other-non-cash-items,total-non-cash-items,change-in-accounts-receivable,change-in-inventories,change-in-accounts-payable,change-in-assets-liabilities,total-change-in-assets-liabilities,cash-flow-from-operating-activities,net-change-in-property-plant-equipment,net-change-in-intangible-assets,net-acquisitions-divestitures,net-change-in-short-term-investments,net-change-in-long-term-investments,net-change-in-investments-total,investing-activities-other,cash-flow-from-investing-activities,net-long-term-debt,net-current-debt,debt-issuance-retirement-net-total,net-common-equity-issued-repurchased,net-total-equity-issued-repurchased,total-common-preferred-stock-dividends-paid,financial-activities-other,cash-flow-from-financial-activities,net-cash-flow,stock-based-compensation,common-stock-dividends-paid
0,2018-09-30,42.6,$21.44,1.99,$9.42,4.52,$11.13,3.83,$2.32,18.36,$8.04B,$6.98B,1.15,$1.07B,$1.04B,1.03,$0.45B,$0.37B,83.26%,$0.45B,$0.16B,36.61%,$0.45B,0,0.00%,$0.45B,0,0.00%,$0.45B,$0.16B,36.61%,$0.45B,$0.11B,25.00%,$0.11B,$1.04B,11.26%,$0.11B,$0.86B,13.72%,$0.11B,$9.08B,1.23%,$0.16B,$2.11B,8.03%,$121,$22,$99,$0,$45,$67,$54,$0,$54,$11,$43,$43,$43,$0,$0,$47,48,$0.91,$0.89,$254,$0,$0,$8039,$72,$661,$179,$132,$1044,$9083,$6976,$1067,$0,$1067,$8043,$0,$445,$-11,$1040,$9083,$96,$8,$43,$51,$-10,$0,$0,$52,$41,$188,$2,$0,$0,$0,$-15,$-15,$-54,$-67,$-155,$0,$-155,$6,$6,$-23,$12,$-160,$-39,$8,$-23
1,2018-06-30,38.88,$20.73,1.88,$9.14,4.25,$11.31,3.44,$2.04,19.06,$8.20B,$7.05B,1.16,$1.20B,$1.00B,1.2,$0.43B,$0.37B,84.10%,$0.43B,$0.15B,35.48%,$0.43B,0,0.00%,$0.43B,0,0.00%,$0.43B,$0.15B,35.48%,$0.43B,$0.10B,22.58%,$0.10B,$1.00B,10.08%,$0.10B,$0.82B,12.34%,$0.10B,$9.25B,1.08%,$0.15B,$2.20B,7.57%,$115,$20,$95,$0,$60,$80,$35,$0,$35,$7,$28,$28,$28,$0,$0,$47,48,$0.59,$0.58,$260,$0,$0,$8200,$71,$667,$179,$132,$1049,$9249,$7047,$1201,$0,$1201,$8248,$0,$410,$-9,$1001,$9249,$54,$5,$38,$44,$-18,$0,$0,$23,$5,$102,$-3,$0,$0,$0,$-17,$-17,$-197,$-217,$-21,$0,$-21,$4,$4,$-15,$114,$81,$-34,$5,$-15
2,2018-03-31,42.5,$20.29,2.09,$8.88,4.79,$12.29,3.46,$2.05,20.73,$7.85B,$7.15B,1.1,$0.74B,$0.98B,0.76,$0.42B,$0.36B,85.24%,$0.42B,$0.16B,38.33%,$0.42B,0,0.00%,$0.42B,0,0.00%,$0.42B,$0.16B,38.33%,$0.42B,$0.10B,23.33%,$0.10B,$0.98B,10.28%,$0.10B,$0.80B,12.64%,$0.10B,$8.87B,1.09%,$0.16B,$1.72B,7.90%,$109,$17,$92,$0,$60,$77,$32,$0,$32,$6,$26,$26,$26,$0,$0,$47,48,$0.55,$0.54,$295,$0,$0,$7848,$70,$635,$179,$133,$1018,$8866,$7147,$739,$0,$739,$7886,$0,$390,$-8,$979,$8866,$26,$3,$17,$20,$-14,$0,$0,$16,$2,$48,$-2,$0,$0,$0,$17,$17,$203,$218,$-447,$0,$-447,$3,$3,$-8,$187,$-265,$1,$3,$-8
3,2017-12-31,41.75,$19.95,2.09,$8.72,4.79,$13.43,3.11,$1.89,22.09,$8.05B,$6.95B,1.16,$1.18B,$0.96B,1.23,$0.41B,$0.36B,86.37%,$0.41B,$0.16B,37.96%,$0.41B,0,0.00%,$0.41B,0,0.00%,$0.41B,$0.16B,37.96%,$0.41B,$0.09B,21.90%,$0.09B,$0.96B,9.64%,$0.09B,$0.78B,11.92%,$0.09B,$9.09B,1.01%,$0.16B,$2.14B,7.52%,$103,$16,$87,$0,$44,$60,$43,$0,$43,$28,$15,$15,$15,$0,$0,$47,47,$0.31,$0.31,$293,$0,$0,$8049,$70,$658,$179,$131,$1037,$9086,$6949,$1178,$0,$1178,$8126,$0,$371,$-3,$960,$9086,$89,$11,$57,$69,$0,$0,$0,$30,$31,$189,$4,$0,$0,$0,$-55,$-55,$-719,$-770,$207,$0,$207,$5,$5,$-29,$402,$585,$4,$10,$-29
4,2017-09-30,39.32,$19.78,1.99,$8.61,4.57,$12.33,3.19,$2.12,18.55,$8.03B,$6.99B,1.15,$1.13B,$0.95B,1.19,$0.41B,$0.35B,87.41%,$0.41B,$0.15B,37.53%,$0.41B,0,0.00%,$0.41B,0,0.00%,$0.41B,$0.15B,37.53%,$0.41B,$0.10B,24.69%,$0.10B,$0.95B,10.93%,$0.10B,$0.77B,13.57%,$0.10B,$9.07B,1.15%,$0.15B,$2.08B,7.59%,$107,$15,$91,$0,$47,$63,$44,$0,$44,$15,$29,$29,$29,$0,$0,$47,47,$0.61,$0.61,$327,$0,$0,$8034,$70,$642,$179,$144,$1034,$9069,$6986,$1133,$0,$1133,$8119,$0,$364,$-1,$950,$9069,$75,$9,$34,$42,$-6,$0,$0,$81,$75,$192,$4,$0,$0,$0,$-34,$-34,$-659,$-689,$159,$0,$159,$3,$3,$-22,$395,$535,$38,$7,$-22
5,2017-06-30,37.42,$19.27,1.94,$8.37,4.47,$11.32,3.3,$2.09,17.9,$7.93B,$6.76B,1.17,$1.29B,$0.93B,1.39,$0.39B,$0.35B,88.78%,$0.39B,$0.15B,38.27%,$0.39B,0,0.00%,$0.39B,0,0.00%,$0.39B,$0.15B,38.27%,$0.39B,$0.10B,25.00%,$0.10B,$0.93B,10.96%,$0.10B,$0.75B,13.69%,$0.10B,$8.97B,1.15%,$0.15B,$2.21B,7.44%,$101,$13,$88,$0,$46,$59,$42,$0,$42,$14,$28,$28,$28,$0,$0,$47,47,$0.60,$0.59,$318,$0,$0,$7933,$71,$646,$179,$142,$1037,$8970,$6759,$1286,$0,$1286,$8045,$0,$342,$-1,$925,$8970,$46,$6,$26,$32,$2,$0,$0,$60,$62,$140,$4,$0,$0,$0,$-38,$-38,$-567,$-600,$305,$0,$305,$2,$2,$-14,$197,$490,$29,$4,$-14
6,2017-03-31,39.0,$18.77,2.08,$8.19,4.76,$10.12,3.85,$2.00,19.5,$7.42B,$6.57B,1.13,$0.96B,$0.90B,1.07,$0.38B,$0.34B,89.79%,$0.38B,$0.15B,37.96%,$0.38B,0,0.00%,$0.38B,0,0.00%,$0.38B,$0.15B,37.96%,$0.38B,$0.09B,24.35%,$0.09B,$0.90B,10.64%,$0.09B,$0.72B,13.38%,$0.09B,$8.44B,1.12%,$0.15B,$1.86B,7.13%,$100,$11,$89,$0,$62,$73,$27,$0,$27,$8,$18,$18,$18,$0,$0,$46,47,$0.39,$0.38,$355,$0,$0,$7419,$72,$626,$179,$141,$1018,$8437,$6572,$964,$0,$964,$7537,$0,$322,$-2,$900,$8437,$18,$3,$20,$23,$3,$0,$0,$53,$56,$97,$3,$0,$0,$0,$-17,$-17,$-10,$-25,$-13,$0,$-13,$1,$1,$-7,$14,$-6,$66,$2,$-7
7,2016-12-31,41.93,$18.49,2.27,$7.96,5.27,$9.49,4.42,$2.10,19.97,$7.36B,$6.51B,1.13,$0.97B,$0.89B,1.09,$0.37B,$0.33B,90.51%,$0.37B,$0.15B,41.19%,$0.37B,0,0.00%,$0.37B,0,0.00%,$0.37B,$0.15B,41.19%,$0.37B,$0.10B,26.29%,$0.10B,$0.89B,11.35%,$0.10B,$0.71B,14.36%,$0.10B,$8.36B,1.20%,$0.15B,$1.85B,7.25%,$97,$10,$86,$0,$47,$58,$39,$0,$39,$14,$25,$25,$25,$0,$0,$46,46,$0.54,$0.53,$289,$0,$0,$7364,$74,$608,$179,$137,$998,$8362,$6509,$968,$0,$968,$7477,$0,$311,$-3,$885,$8362,$98,$11,$22,$33,$-2,$0,$0,$3,$1,$132,$7,$0,$0,$0,$-1,$-1,$-1026,$-1019,$-554,$0,$-554,$4,$4,$-28,$1139,$561,$-326,$10,$-28
8,2016-09-30,30.66,$18.15,1.69,$7.64,4.01,$8.51,3.6,$1.92,15.97,$7.35B,$6.20B,1.19,$1.27B,$0.87B,1.46,$0.35B,$0.32B,91.50%,$0.35B,$0.14B,39.09%,$0.35B,0,0.00%,$0.35B,0,0.00%,$0.35B,$0.14B,39.09%,$0.35B,$0.09B,24.93%,$0.09B,$0.87B,10.55%,$0.09B,$0.69B,13.45%,$0.09B,$8.44B,1.11%,$0.14B,$2.14B,6.23%,$94,$9,$85,$0,$43,$53,$42,$0,$42,$14,$27,$27,$27,$0,$0,$46,47,$0.59,$0.58,$278,$0,$0,$7350,$72,$709,$179,$130,$1090,$8440,$6203,$1268,$102,$1370,$7573,$0,$293,$3,$867,$8440,$73,$8,$15,$24,$-2,$0,$0,$43,$41,$138,$9,$0,$0,$0,$-93,$-93,$-1009,$-1093,$-265,$0,$-265,$1,$1,$-21,$901,$617,$-338,$7,$-21
9,2016-06-30,25.96,$17.69,1.47,$7.31,3.55,$7.38,3.51,$1.72,15.09,$7.06B,$5.69B,1.24,$1.44B,$0.84B,1.71,$0.34B,$0.31B,92.28%,$0.34B,$0.12B,36.80%,$0.34B,0,0.00%,$0.34B,0,0.00%,$0.34B,$0.12B,36.80%,$0.34B,$0.08B,23.44%,$0.08B,$0.84B,9.68%,$0.08B,$0.67B,12.43%,$0.08B,$8.06B,1.05%,$0.12B,$2.29B,5.71%,$91,$8,$83,$0,$46,$54,$37,$0,$37,$13,$23,$23,$23,$0,$0,$46,46,$0.50,$0.50,$423,$0,$0,$7057,$71,$612,$179,$138,$1000,$8057,$5691,$1443,$80,$1523,$7214,$0,$272,$3,$843,$8057,$45,$6,$9,$14,$-1,$0,$0,$16,$15,$75,$11,$0,$0,$0,$6,$6,$-572,$-554,$-97,$0,$-97,$0,$0,$-13,$396,$286,$-193,$4,$-13
10,2016-03-31,18.84,$17.27,1.09,$7.02,2.68,$6.82,2.76,$1.66,11.35,$6.58B,$5.37B,1.22,$1.29B,$0.82B,1.56,$0.32B,$0.30B,92.88%,$0.32B,$0.12B,36.53%,$0.32B,0,0.00%,$0.32B,0,0.00%,$0.32B,$0.12B,36.53%,$0.32B,$0.08B,23.53%,$0.08B,$0.82B,9.51%,$0.08B,$0.64B,12.29%,$0.08B,$7.56B,1.06%,$0.12B,$2.11B,5.62%,$87,$7,$80,$0,$46,$54,$34,$0,$34,$12,$22,$22,$22,$0,$0,$46,46,$0.48,$0.48,$317,$0,$0,$6577,$71,$604,$181,$129,$985,$7562,$5372,$1287,$80,$1367,$6739,$0,$256,$2,$823,$7562,$22,$3,$1,$4,$5,$0,$0,$25,$30,$56,$13,$0,$0,$0,$13,$13,$-197,$-171,$-252,$0,$-252,$-0,$-0,$-7,$76,$-183,$-299,$2,$-7
11,2015-12-31,23.82,$16.88,1.41,$6.67,3.57,$5.66,4.21,$1.53,15.57,$6.70B,$5.36B,1.25,$1.53B,$0.80B,1.9,$0.31B,$0.29B,93.16%,$0.31B,$0.11B,36.16%,$0.31B,0,0.00%,$0.31B,0,0.00%,$0.31B,$0.11B,35.50%,$0.31B,$0.07B,22.80%,$0.07B,$0.80B,8.93%,$0.07B,$0.62B,11.60%,$0.07B,$7.69B,1.01%,$0.11B,$2.33B,5.38%,$81,$6,$75,$0,$50,$56,$25,$0,$25,$9,$16,$16,$16,$0,$0,$46,46,$0.36,$0.36,$616,$0,$0,$6699,$78,$615,$181,$119,$992,$7692,$5363,$1525,$0,$1525,$6888,$0,$240,$-0,$804,$7692,$71,$11,$23,$35,$-8,$0,$0,$-9,$-17,$89,$4,$0,$129,$0,$23,$23,$-1287,$-1131,$617,$0,$617,$-7,$-7,$-26,$941,$1526,$484,$11,$-26
12,2015-09-30,28.88,$16.64,1.74,$6.10,4.74,$4.97,5.81,$1.31,22.05,$5.87B,$4.84B,1.21,$1.16B,$0.79B,1.47,$0.27B,$0.25B,92.99%,$0.27B,$0.10B,38.01%,$0.27B,0,0.00%,$0.27B,0,0.00%,$0.27B,$0.09B,34.32%,$0.27B,$0.06B,21.77%,$0.06B,$0.79B,8.14%,$0.06B,$0.61B,10.13%,$0.06B,$6.88B,0.97%,$0.10B,$1.96B,5.60%,$78,$5,$73,$0,$45,$51,$28,$0,$28,$10,$18,$18,$18,$0,$0,$46,46,$0.39,$0.38,$242,$0,$0,$5874,$79,$632,$181,$113,$1005,$6879,$4842,$1164,$80,$1245,$6086,$0,$231,$1,$793,$6879,$54,$9,$15,$24,$-7,$0,$0,$17,$10,$89,$4,$0,$129,$0,$9,$9,$-825,$-683,$245,$0,$245,$-7,$-7,$-19,$484,$704,$110,$8,$-19
13,2015-06-30,28.48,$16.32,1.75,$5.55,5.13,$4.45,6.41,$1.17,24.34,$5.66B,$4.59B,1.23,$1.23B,$0.78B,1.58,$0.24B,$0.22B,92.41%,$0.24B,$0.09B,38.40%,$0.24B,0,0.00%,$0.24B,0,0.00%,$0.24B,$0.08B,33.33%,$0.24B,$0.05B,21.10%,$0.05B,$0.78B,7.49%,$0.05B,$0.60B,8.88%,$0.05B,$6.67B,0.94%,$0.09B,$2.01B,5.38%,$77,$5,$72,$0,$41,$46,$31,$-0,$31,$11,$20,$20,$20,$0,$0,$46,46,$0.44,$0.44,$192,$0,$0,$5657,$80,$638,$181,$114,$1012,$6670,$4594,$1229,$70,$1299,$5893,$0,$219,$0,$777,$6670,$37,$6,$9,$14,$-4,$0,$0,$8,$4,$55,$5,$0,$129,$0,$2,$2,$-655,$-520,$304,$0,$304,$-7,$-7,$-12,$240,$525,$60,$5,$-12
14,2015-03-31,21.33,$15.99,1.33,$5.00,4.27,$4.05,5.26,$0.96,22.22,$5.51B,$4.49B,1.23,$1.20B,$0.76B,1.58,$0.20B,$0.19B,91.13%,$0.20B,$0.07B,36.45%,$0.20B,0,0.00%,$0.20B,0,0.00%,$0.20B,$0.06B,30.54%,$0.20B,$0.04B,19.21%,$0.04B,$0.76B,6.37%,$0.04B,$0.58B,7.15%,$0.04B,$6.51B,0.84%,$0.07B,$1.96B,4.74%,$71,$5,$66,$0,$39,$45,$27,$-2,$25,$9,$16,$16,$16,$0,$0,$46,46,$0.35,$0.35,$284,$0,$0,$5512,$82,$618,$179,$122,$1001,$6513,$4488,$1198,$65,$1264,$5751,$0,$205,$1,$761,$6513,$16,$3,$5,$7,$-8,$0,$0,$-5,$-12,$11,$3,$0,$131,$0,$25,$25,$-413,$-254,$298,$0,$298,$-8,$-8,$-6,$111,$394,$152,$3,$-6
15,2014-12-31,22.25,$14.20,1.57,$4.47,4.98,$4.09,5.44,$0.81,27.47,$3.52B,$2.68B,1.31,$0.86B,$0.57B,1.52,$0.17B,$0.15B,90.06%,$0.17B,$0.06B,34.50%,$0.17B,0,0.00%,$0.17B,0,0.00%,$0.17B,$0.05B,28.65%,$0.17B,$0.03B,18.13%,$0.03B,$0.57B,5.54%,$0.03B,$0.54B,5.85%,$0.03B,$4.16B,0.79%,$0.06B,$1.43B,4.34%,$45,$4,$41,$0,$24,$28,$17,$-8,$9,$3,$5,$5,$5,$0,$0,$38,38,$0.15,$0.14,$132,$0,$0,$3524,$49,$486,$30,$76,$640,$4164,$2683,$863,$50,$913,$3596,$0,$195,$1,$568,$4164,$31,$8,$14,$22,$-0,$0,$0,$-1,$-1,$52,$-1,$0,$0,$0,$90,$90,$-697,$-607,$224,$0,$224,$1,$1,$-19,$393,$599,$44,$9,$-19
16,2014-09-30,22.24,$14.10,1.58,$4.33,5.14,$4.46,4.98,$0.86,25.85,$3.29B,$2.52B,1.31,$0.80B,$0.56B,1.42,$0.17B,$0.15B,89.16%,$0.17B,$0.05B,31.93%,$0.17B,0,0.00%,$0.17B,0,0.00%,$0.17B,$0.05B,30.12%,$0.17B,$0.03B,19.88%,$0.03B,$0.56B,5.96%,$0.03B,$0.53B,6.29%,$0.03B,$3.95B,0.88%,$0.05B,$1.36B,4.08%,$44,$4,$40,$0,$24,$28,$16,$-1,$14,$5,$9,$9,$9,$0,$0,$38,38,$0.24,$0.24,$90,$0,$0,$3291,$51,$508,$30,$71,$659,$3951,$2521,$800,$65,$865,$3386,$0,$195,$1,$564,$3951,$26,$6,$11,$17,$-0,$0,$0,$15,$15,$57,$-0,$0,$0,$0,$69,$69,$-502,$-434,$161,$0,$161,$1,$1,$-14,$232,$379,$2,$6,$-14
17,2014-06-30,24.87,$13.94,1.78,$4.21,5.9,$4.70,5.29,$0.83,29.97,$3.26B,$2.46B,1.33,$0.93B,$0.56B,1.67,$0.16B,$0.14B,88.20%,$0.16B,$0.05B,30.43%,$0.16B,0,0.00%,$0.16B,0,0.00%,$0.16B,$0.05B,29.81%,$0.16B,$0.03B,19.88%,$0.03B,$0.56B,5.84%,$0.03B,$0.53B,6.17%,$0.03B,$3.95B,0.88%,$0.05B,$1.49B,4.01%,$43,$4,$38,$0,$24,$28,$14,$-1,$14,$5,$9,$9,$9,$0,$0,$38,38,$0.23,$0.23,$166,$0,$0,$3263,$52,$536,$30,$70,$688,$3951,$2461,$933,$0,$933,$3394,$0,$190,$1,$557,$3951,$17,$4,$6,$10,$-1,$0,$0,$9,$9,$35,$-0,$0,$0,$0,$41,$41,$-396,$-355,$236,$0,$236,$1,$1,$-10,$171,$398,$78,$4,$-10
18,2014-03-31,26.55,$13.77,1.93,$4.19,6.34,$4.80,5.54,$0.81,32.77,$2.90B,$2.39B,1.21,$0.61B,$0.55B,1.11,$0.16B,$0.14B,88.05%,$0.16B,$0.05B,30.19%,$0.16B,0,0.00%,$0.16B,0,0.00%,$0.16B,$0.05B,29.56%,$0.16B,$0.03B,19.50%,$0.03B,$0.55B,5.72%,$0.03B,$0.52B,6.05%,$0.03B,$3.60B,0.88%,$0.05B,$1.16B,4.06%,$39,$4,$35,$0,$22,$26,$12,$-0,$12,$4,$8,$8,$8,$0,$0,$38,38,$0.20,$0.20,$122,$0,$0,$2899,$53,$550,$30,$72,$705,$3604,$2394,$608,$51,$659,$3053,$0,$186,$0,$550,$3604,$8,$2,$3,$5,$0,$0,$0,$0,$1,$13,$-0,$0,$0,$0,$27,$27,$-75,$-48,$-31,$0,$-31,$0,$0,$-5,$105,$69,$34,$2,$-5
19,2013-12-31,25.13,$13.63,1.84,$4.21,5.97,$4.82,5.22,$0.82,30.65,$2.79B,$2.29B,1.22,$0.64B,$0.54B,1.17,$0.16B,$0.14B,87.42%,$0.16B,$0.05B,30.82%,$0.16B,0,0.00%,$0.16B,0,0.00%,$0.16B,$0.05B,30.19%,$0.16B,$0.03B,19.50%,$0.03B,$0.54B,5.77%,$0.03B,$0.52B,6.11%,$0.03B,$3.53B,0.89%,$0.05B,$1.18B,4.20%,$40,$4,$35,$0,$24,$29,$11,$0,$10,$3,$7,$7,$7,$0,$0,$38,38,$0.19,$0.20,$88,$0,$0,$2791,$53,$577,$30,$74,$735,$3525,$2290,$639,$52,$691,$2981,$0,$183,$-0,$544,$3525,$32,$10,$8,$18,$-0,$0,$0,$15,$15,$66,$-0,$0,$0,$0,$106,$106,$28,$133,$-253,$0,$-253,$-0,$-0,$-13,$87,$-179,$19,$7,$-13
20,2013-09-30,18.82,$13.52,1.39,$4.36,4.32,$5.77,3.26,$0.90,20.91,$2.64B,$2.27B,1.16,$0.51B,$0.54B,0.95,$0.16B,$0.14B,87.65%,$0.16B,$0.05B,33.33%,$0.16B,0,0.00%,$0.16B,0,0.00%,$0.16B,$0.05B,33.33%,$0.16B,$0.03B,20.99%,$0.03B,$0.54B,6.40%,$0.03B,$0.51B,6.78%,$0.03B,$3.38B,0.97%,$0.05B,$1.05B,4.41%,$39,$5,$34,$0,$22,$27,$12,$0,$12,$4,$8,$8,$8,$0,$0,$38,38,$0.22,$0.21,$74,$0,$0,$2637,$53,$602,$30,$62,$746,$3384,$2274,$511,$58,$569,$2844,$0,$181,$0,$540,$3384,$24,$8,$5,$13,$1,$0,$0,$26,$27,$64,$1,$0,$0,$0,$83,$83,$177,$261,$-381,$0,$-381,$-1,$-1,$-8,$70,$-320,$5,$5,$-8
21,2013-06-30,18.86,$13.36,1.41,$4.52,4.17,$0.48,39.34,$0.99,19.05,$2.79B,$2.22B,1.26,$0.80B,$0.53B,1.5,$0.17B,$0.15B,87.50%,$0.17B,$0.06B,35.71%,$0.17B,0,0.00%,$0.17B,0,0.00%,$0.17B,$0.06B,35.12%,$0.17B,$0.04B,22.02%,$0.04B,$0.53B,7.04%,$0.04B,$0.50B,7.46%,$0.04B,$3.59B,1.04%,$0.06B,$1.33B,4.61%,$41,$5,$36,$0,$24,$28,$13,$0,$13,$4,$8,$8,$8,$0,$0,$38,38,$0.21,$0.21,$58,$0,$0,$2788,$53,$660,$30,$64,$806,$3594,$2215,$800,$46,$846,$3061,$0,$177,$0,$533,$3594,$16,$6,$4,$9,$-0,$0,$0,$11,$11,$36,$1,$0,$0,$0,$26,$26,$11,$39,$-92,$0,$-92,$-1,$-1,$-4,$11,$-86,$-11,$3,$-4
22,2013-03-31,18.13,$13.29,1.36,$4.60,3.94,$-2.31,0.0,$0.95,19.09,$2.55B,$2.24B,1.14,$0.56B,$0.53B,1.06,$0.17B,$0.15B,87.13%,$0.17B,$0.06B,35.67%,$0.17B,0,0.00%,$0.17B,0,0.00%,$0.17B,$0.06B,32.75%,$0.17B,$0.04B,20.47%,$0.04B,$0.53B,6.75%,$0.04B,$0.50B,7.16%,$0.04B,$3.37B,0.97%,$0.06B,$1.10B,4.64%,$39,$5,$34,$0,$22,$27,$13,$0,$13,$5,$8,$8,$8,$0,$0,$38,38,$0.21,$0.21,$53,$0,$0,$2546,$53,$677,$30,$67,$827,$3374,$2239,$564,$39,$603,$2843,$0,$172,$2,$531,$3374,$8,$3,$1,$4,$1,$0,$0,$0,$1,$14,$0,$0,$0,$0,$14,$14,$248,$263,$-328,$0,$-328,$0,$0,$0,$35,$-293,$-16,$2,$0
23,2012-12-31,18.88,$13.15,1.44,$4.70,4.01,$0.87,21.66,$0.96,19.67,$2.80B,$2.20B,1.27,$0.89B,$0.52B,1.71,$0.17B,$0.15B,86.31%,$0.17B,$0.06B,35.12%,$0.17B,0,0.00%,$0.17B,0,0.00%,$0.17B,$0.05B,32.14%,$0.17B,$0.03B,20.24%,$0.03B,$0.52B,6.95%,$0.03B,$0.49B,7.29%,$0.03B,$3.66B,0.97%,$0.06B,$1.41B,4.53%,$43,$5,$38,$0,$22,$27,$16,$0,$16,$6,$10,$10,$10,$0,$0,$36,36,$0.29,$0.29,$69,$0,$0,$2803,$53,$693,$30,$85,$860,$3663,$2203,$892,$47,$939,$3142,$0,$164,$2,$521,$3663,$35,$10,$10,$20,$34,$0,$0,$3,$37,$92,$4,$0,$98,$0,$364,$364,$-442,$24,$84,$0,$84,$2,$2,$-15,$-164,$-94,$22,$6,$-15
24,2012-09-30,17.12,$13.05,1.31,$4.80,3.57,$-0.52,0.0,$1.00,17.12,$2.72B,$2.22B,1.22,$0.85B,$0.52B,1.65,$0.17B,$0.14B,84.43%,$0.17B,$0.06B,34.13%,$0.17B,0,0.00%,$0.17B,0,0.00%,$0.17B,$0.05B,31.14%,$0.17B,$0.03B,20.36%,$0.03B,$0.52B,7.39%,$0.03B,$0.49B,7.64%,$0.03B,$3.64B,1.00%,$0.06B,$1.37B,4.61%,$45,$5,$39,$0,$22,$27,$18,$-0,$17,$6,$11,$11,$11,$0,$0,$37,37,$0.30,$0.30,$61,$0,$0,$2717,$53,$757,$30,$79,$919,$3636,$2219,$852,$48,$901,$3120,$0,$162,$2,$516,$3636,$25,$7,$7,$14,$-179,$0,$0,$4,$-175,$-136,$3,$0,$98,$0,$302,$302,$-142,$262,$44,$0,$44,$2,$2,$-8,$-149,$-111,$14,$4,$-8
25,2012-06-30,13.91,$12.85,1.08,$4.68,2.97,$-1.82,0.0,$0.86,16.17,$2.59B,$2.27B,1.14,$0.88B,$0.51B,1.73,$0.16B,$0.13B,82.17%,$0.16B,$0.05B,29.94%,$0.16B,0,0.00%,$0.16B,0,0.00%,$0.16B,$0.04B,27.39%,$0.16B,$0.03B,17.83%,$0.03B,$0.51B,6.47%,$0.03B,$0.48B,6.59%,$0.03B,$3.69B,0.85%,$0.05B,$1.38B,4.03%,$44,$6,$38,$0,$24,$30,$14,$-4,$10,$3,$6,$6,$6,$0,$0,$37,37,$0.17,$0.17,$70,$0,$0,$2587,$54,$943,$29,$80,$1106,$3693,$2269,$875,$43,$918,$3187,$0,$154,$2,$506,$3693,$14,$4,$6,$11,$-90,$0,$0,$-2,$-92,$-68,$1,$0,$98,$0,$116,$116,$-89,$127,$80,$0,$80,$1,$1,$-4,$-113,$-36,$24,$2,$-4
26,2012-03-31,13.63,$12.24,1.11,$4.61,2.96,$3.11,4.39,$0.84,16.22,$2.03B,$1.96B,1.03,$0.63B,$0.41B,1.53,$0.15B,$0.12B,79.19%,$0.15B,$0.04B,26.85%,$0.15B,0,0.00%,$0.15B,0,0.00%,$0.15B,$0.04B,26.85%,$0.15B,$0.03B,18.12%,$0.03B,$0.41B,6.61%,$0.03B,$0.41B,6.63%,$0.03B,$3.04B,0.87%,$0.04B,$1.05B,3.89%,$36,$6,$30,$0,$19,$25,$11,$-0,$11,$4,$7,$7,$7,$0,$0,$32,32,$0.22,$0.22,$45,$0,$0,$2025,$50,$910,$1,$55,$1016,$3041,$1960,$633,$36,$669,$2629,$0,$150,$2,$413,$3041,$7,$2,$1,$3,$101,$0,$0,$1,$102,$112,$0,$0,$0,$0,$61,$61,$-29,$32,$-114,$0,$-114,$0,$0,$-2,$-30,$-146,$-2,$1,$-2
27,2011-12-31,11.48,$12.06,0.95,$4.65,2.47,$5.21,2.2,$0.82,14.0,$2.10B,$1.99B,1.06,$0.75B,$0.41B,1.84,$0.15B,$0.12B,77.48%,$0.15B,$0.04B,25.17%,$0.15B,0,0.00%,$0.15B,0,0.00%,$0.15B,$0.04B,25.17%,$0.15B,$0.03B,17.88%,$0.03B,$0.41B,6.67%,$0.03B,$0.41B,6.68%,$0.03B,$3.18B,0.89%,$0.04B,$1.15B,4.03%,$42,$7,$34,$0,$21,$28,$14,$0,$14,$4,$10,$10,$10,$0,$0,$32,32,$0.30,$0.30,$46,$0,$0,$2101,$50,$972,$1,$57,$1080,$3181,$1990,$746,$38,$785,$2774,$0,$145,$1,$406,$3181,$26,$8,$3,$11,$-2,$0,$0,$11,$9,$46,$-4,$0,$0,$0,$199,$199,$-464,$-269,$275,$0,$275,$-13,$-13,$-7,$-54,$201,$-22,$4,$-7
28,2011-09-30,10.06,$11.87,0.85,$4.69,2.15,$0.19,52.94,$0.71,14.17,$1.90B,$2.10B,0.91,$0.68B,$0.41B,1.68,$0.15B,$0.11B,75.84%,$0.15B,$0.03B,22.82%,$0.15B,0,0.00%,$0.15B,0,0.00%,$0.15B,$0.03B,22.82%,$0.15B,$0.02B,16.11%,$0.02B,$0.41B,5.96%,$0.02B,$0.41B,5.97%,$0.02B,$3.24B,0.80%,$0.03B,$1.09B,3.90%,$35,$9,$27,$0,$19,$28,$8,$0,$8,$2,$5,$5,$5,$0,$0,$32,32,$0.16,$0.16,$54,$0,$0,$1903,$49,$1224,$1,$58,$1332,$3235,$2100,$682,$47,$728,$2829,$0,$136,$5,$407,$3235,$17,$6,$3,$9,$-198,$0,$0,$17,$-181,$-156,$-2,$0,$0,$0,$-50,$-50,$-61,$-113,$211,$0,$211,$-7,$-7,$-5,$56,$255,$-14,$3,$-5
29,2011-06-30,12.08,$11.68,1.03,$4.83,2.5,$-1.21,0.0,$0.72,16.78,$1.61B,$2.10B,0.77,$0.42B,$0.41B,1.02,$0.15B,$0.11B,74.51%,$0.15B,$0.03B,22.22%,$0.15B,0,0.00%,$0.15B,0,0.00%,$0.15B,$0.03B,22.22%,$0.15B,$0.02B,15.69%,$0.02B,$0.41B,6.01%,$0.02B,$0.41B,6.03%,$0.02B,$2.96B,0.82%,$0.03B,$0.82B,4.15%,$36,$9,$27,$0,$19,$28,$7,$0,$7,$2,$5,$5,$5,$0,$0,$32,33,$0.15,$0.15,$51,$0,$0,$1610,$48,$1247,$1,$58,$1354,$2964,$2097,$417,$43,$460,$2557,$0,$133,$3,$407,$2964,$11,$4,$1,$5,$72,$0,$0,$14,$86,$103,$-0,$0,$0,$0,$-75,$-75,$-41,$-116,$-55,$0,$-55,$0,$0,$-3,$53,$-5,$-18,$2,$-3
30,2011-03-31,11.34,$11.48,0.99,$5.01,2.26,$-9.41,0.0,$0.70,16.19,$1.45B,$2.06B,0.71,$0.31B,$0.40B,0.77,$0.15B,$0.11B,73.20%,$0.15B,$0.03B,20.92%,$0.15B,0,0.00%,$0.15B,0,0.00%,$0.15B,$0.03B,20.92%,$0.15B,$0.02B,14.38%,$0.02B,$0.40B,6.27%,$0.02B,$0.40B,6.29%,$0.02B,$2.80B,0.77%,$0.03B,$0.71B,4.10%,$38,$9,$29,$0,$20,$29,$9,$0,$9,$3,$7,$7,$7,$0,$0,$32,32,$0.20,$0.20,$39,$0,$0,$1452,$48,$1238,$1,$57,$1344,$2796,$2060,$308,$28,$337,$2396,$0,$130,$-0,$400,$2796,$7,$2,$-1,$1,$174,$0,$0,$2,$176,$183,$-0,$0,$0,$0,$-69,$-69,$5,$-64,$-163,$0,$-163,$0,$0,$-2,$15,$-149,$-30,$1,$-2
31,2010-12-31,10.16,$11.38,0.89,$5.03,2.02,$-15.58,0.0,$0.58,17.51,$1.66B,$2.04B,0.81,$0.47B,$0.40B,1.19,$0.15B,$0.11B,71.14%,$0.15B,$0.03B,18.12%,$0.15B,0,0.00%,$0.15B,0,0.00%,$0.15B,$0.03B,18.12%,$0.15B,$0.02B,12.08%,$0.02B,$0.40B,5.94%,$0.02B,$0.40B,5.97%,$0.02B,$2.94B,0.64%,$0.03B,$0.87B,3.67%,$40,$10,$30,$0,$20,$30,$10,$0,$10,$3,$6,$6,$7,$0,$0,$30,30,$0.21,$0.21,$69,$0,$0,$1662,$49,$1171,$1,$60,$1280,$2942,$2044,$471,$30,$501,$2545,$0,$125,$2,$397,$2942,$18,$7,$8,$16,$-152,$0,$0,$4,$-148,$-114,$2,$0,$0,$0,$-423,$-423,$8,$-413,$149,$0,$149,$175,$175,$-4,$221,$540,$13,$4,$-4
32,2010-09-30,8.0,$11.31,0.71,$4.98,1.61,$-18.13,0.0,$0.45,17.78,$1.80B,$2.06B,0.87,$0.49B,$0.39B,1.23,$0.15B,$0.10B,68.97%,$0.15B,$0.02B,13.79%,$0.15B,0,0.00%,$0.15B,0,0.00%,$0.15B,$0.02B,13.79%,$0.15B,$0.01B,8.97%,$0.01B,$0.39B,5.09%,$0.01B,$0.39B,5.13%,$0.01B,$2.99B,0.49%,$0.02B,$0.88B,3.08%,$39,$12,$28,$0,$19,$31,$8,$0,$8,$3,$5,$5,$5,$0,$0,$32,32,$0.17,$0.17,$98,$0,$0,$1797,$49,$1079,$2,$60,$1189,$2986,$2056,$486,$51,$537,$2592,$0,$120,$6,$394,$2986,$11,$5,$6,$11,$-249,$0,$0,$24,$-226,$-203,$2,$0,$0,$0,$-326,$-326,$1,$-322,$163,$0,$163,$175,$175,$-2,$232,$568,$42,$3,$-2
33,2010-06-30,8.52,$8.55,1.0,$5.05,1.69,$-18.08,0.0,$0.37,23.04,$1.75B,$1.98B,0.89,$0.46B,$0.21B,2.14,$0.14B,$0.10B,67.61%,$0.14B,$0.02B,11.27%,$0.14B,0,0.00%,$0.14B,0,0.00%,$0.14B,$0.02B,11.27%,$0.14B,$0.01B,7.75%,$0.01B,$0.21B,5.30%,$0.01B,$0.21B,5.36%,$0.01B,$2.76B,0.44%,$0.02B,$0.67B,2.83%,$36,$11,$25,$0,$20,$31,$5,$0,$5,$2,$3,$3,$3,$0,$0,$28,28,$0.11,$0.11,$131,$0,$0,$1749,$49,$902,$2,$62,$1015,$2764,$1976,$455,$35,$490,$2552,$0,$116,$5,$213,$2764,$6,$4,$5,$9,$-164,$0,$0,$6,$-158,$-143,$1,$0,$0,$0,$-149,$-149,$-2,$-150,$132,$0,$132,$85,$85,$-1,$152,$369,$76,$2,$-1
34,2010-03-31,9.95,$5.98,1.66,$4.96,2.0,$-19.91,0.0,$0.13,79.13,$1.55B,$1.93B,0.8,$0.31B,$0.21B,1.51,$0.14B,$0.09B,64.44%,$0.14B,$0.01B,4.44%,$0.14B,0,0.00%,$0.14B,0,0.00%,$0.14B,$0.01B,4.44%,$0.14B,$0.00B,2.96%,$0.00B,$0.21B,1.96%,$0.00B,$0.21B,1.99%,$0.00B,$2.48B,0.17%,$0.01B,$0.52B,1.13%,$34,$11,$23,$0,$19,$30,$4,$0,$4,$1,$3,$3,$3,$0,$0,$28,28,$0.10,$0.10,$75,$0,$0,$1550,$50,$811,$2,$64,$927,$2477,$1927,$314,$27,$342,$2269,$0,$113,$4,$209,$2477,$3,$2,$2,$4,$-18,$0,$0,$-4,$-22,$-15,$1,$0,$0,$0,$-59,$-59,$-2,$-60,$-8,$0,$-8,$0,$0,$-1,$104,$95,$20,$1,$-1
35,2009-12-31,8.81,$7.04,1.25,$4.80,1.83,$-21.27,0.0,$0.08,108.24,$1.51B,$1.82B,0.83,$0.32B,$0.21B,1.57,$0.14B,$0.09B,63.24%,$0.14B,$0.00B,2.94%,$0.14B,0,0.00%,$0.14B,0,0.00%,$0.14B,$0.00B,2.94%,$0.14B,$0.00B,1.47%,$0.00B,$0.21B,1.00%,$0.00B,$0.20B,1.01%,$0.00B,$2.38B,0.09%,$0.00B,$0.53B,0.74%,$36,$12,$24,$0,$21,$33,$3,$0,$3,$1,$2,$2,$2,$0,$0,$28,28,$0.11,$0.11,$55,$0,$0,$1513,$50,$753,$2,$61,$866,$2380,$1824,$323,$28,$350,$2174,$0,$111,$4,$206,$2380,$3,$5,$24,$29,$-181,$0,$0,$-20,$-201,$-169,$-6,$0,$0,$0,$-78,$-78,$118,$35,$-88,$0,$-88,$0,$0,$-2,$249,$158,$23,$3,$-2
36,2009-09-30,8.55,$5.78,1.48,$4.27,2.0,$-19.65,0.0,$0.06,139.3,$1.51B,$1.77B,0.85,$0.35B,$0.20B,1.71,$0.12B,$0.07B,57.85%,$0.12B,$-0.01B,-9.09%,$0.12B,0,0.00%,$0.12B,0,0.00%,$0.12B,$-0.01B,-9.09%,$0.12B,$-0.01B,-5.79%,$-0.01B,$0.20B,-3.54%,$-0.01B,$0.20B,-3.59%,$-0.01B,$2.35B,-0.31%,$-0.01B,$0.55B,-1.97%,$36,$12,$24,$0,$20,$32,$4,$0,$4,$1,$3,$3,$3,$0,$0,$28,28,$0.10,$0.10,$32,$0,$0,$1507,$50,$741,$2,$50,$843,$2350,$1765,$345,$38,$383,$2148,$0,$110,$2,$202,$2350,$0,$4,$22,$26,$-189,$0,$0,$-3,$-192,$-166,$-8,$0,$0,$0,$-67,$-67,$119,$44,$-66,$0,$-66,$0,$0,$-2,$190,$122,$-0,$2,$-2
37,2009-06-30,9.24,$5.67,1.63,$3.98,2.32,$-13.13,0.0,$0.01,646.34,$1.57B,$1.71B,0.92,$0.34B,$0.20B,1.7,$0.12B,$0.07B,57.63%,$0.12B,$-0.01B,-11.02%,$0.12B,0,0.00%,$0.12B,0,0.00%,$0.12B,$-0.01B,-11.02%,$0.12B,$-0.01B,-7.63%,$-0.01B,$0.20B,-4.57%,$-0.01B,$0.20B,-4.62%,$-0.01B,$2.29B,-0.41%,$-0.01B,$0.54B,-2.31%,$29,$12,$16,$0,$21,$34,$-5,$0,$-5,$-2,$-4,$-4,$-4,$0,$0,$24,24,$-0.16,$-0.16,$54,$0,$0,$1572,$50,$612,$2,$52,$716,$2288,$1713,$337,$40,$377,$2090,$0,$107,$2,$198,$2288,$-3,$2,$15,$17,$-176,$0,$0,$4,$-173,$-158,$-6,$0,$0,$0,$61,$61,$63,$118,$-74,$0,$-74,$0,$0,$-1,$138,$62,$22,$2,$-1
38,2009-03-31,7.28,$5.61,1.3,$3.72,1.95,$-6.09,0.0,$0.17,42.43,$1.51B,$1.66B,0.91,$0.35B,$0.20B,1.78,$0.12B,$0.07B,60.83%,$0.12B,$-0.01B,-5.00%,$0.12B,0,0.00%,$0.12B,0,0.00%,$0.12B,$-0.01B,-5.00%,$0.12B,$-0.00B,-3.33%,$-0.00B,$0.20B,-2.02%,$-0.00B,$0.19B,-2.05%,$-0.00B,$2.24B,-0.19%,$-0.01B,$0.55B,-1.14%,$35,$13,$22,$0,$20,$33,$2,$0,$2,$1,$1,$1,$1,$0,$0,$33,33,$0.04,$0.04,$45,$0,$0,$1506,$49,$629,$2,$50,$731,$2237,$1662,$349,$29,$378,$2041,$0,$112,$-4,$196,$2237,$1,$1,$3,$4,$-61,$0,$0,$-3,$-64,$-58,$-4,$0,$0,$0,$45,$45,$7,$47,$-62,$0,$-62,$0,$0,$-1,$87,$24,$13,$1,$-1
39,2008-12-31,9.65,$5.56,1.74,$3.58,2.7,$-4.35,0.0,$0.18,54.02,$1.44B,$1.58B,0.92,$0.41B,$0.19B,2.12,$0.12B,$0.07B,60.87%,$0.12B,$-0.01B,-5.22%,$0.12B,0,0.00%,$0.12B,0,0.00%,$0.12B,$-0.01B,-5.22%,$0.12B,$-0.00B,-3.48%,$-0.00B,$0.19B,-2.00%,$-0.00B,$0.19B,-2.03%,$-0.00B,$2.21B,-0.20%,$-0.01B,$0.61B,-1.24%,$21,$13,$8,$0,$20,$33,$-12,$0,$-12,$-4,$-7,$-7,$-7,$0,$0,$28,28,$-0.24,$-0.24,$33,$0,$0,$1441,$46,$673,$2,$51,$773,$2213,$1575,$411,$34,$444,$2019,$0,$108,$-2,$194,$2213,$-3,$4,$17,$21,$-148,$0,$0,$10,$-138,$-120,$-9,$0,$0,$0,$-121,$-121,$-340,$-471,$282,$25,$307,$-4,$-4,$-3,$250,$550,$-41,$4,$-3
40,2008-09-30,10.48,$5.89,1.78,$3.68,2.85,$0.55,19.15,$0.16,66.6,$1.27B,$1.38B,0.92,$0.37B,$0.20B,1.86,$0.12B,$0.08B,65.04%,$0.12B,$0.01B,7.32%,$0.12B,0,0.00%,$0.12B,0,0.00%,$0.12B,$0.01B,5.69%,$0.12B,$0.00B,3.25%,$0.00B,$0.20B,1.98%,$0.00B,$0.20B,2.00%,$0.00B,$1.99B,0.22%,$0.01B,$0.57B,2.17%,$33,$12,$22,$0,$20,$32,$2,$0,$2,$0,$1,$1,$1,$0,$0,$33,33,$0.04,$0.04,$35,$0,$0,$1265,$44,$634,$3,$44,$725,$1989,$1382,$370,$37,$408,$1790,$0,$117,$-3,$200,$1989,$4,$3,$6,$9,$-11,$0,$0,$14,$3,$16,$-6,$0,$0,$0,$-71,$-71,$-297,$-374,$242,$25,$267,$-4,$-4,$-2,$58,$318,$-39,$3,$-2
41,2008-06-30,8.77,$5.90,1.49,$3.49,2.51,$0.54,16.24,$0.16,53.33,$1.13B,$1.43B,0.79,$0.19B,$0.20B,0.94,$0.12B,$0.08B,63.56%,$0.12B,$0.01B,8.47%,$0.12B,0,0.00%,$0.12B,0,0.00%,$0.12B,$0.01B,6.78%,$0.12B,$0.01B,4.24%,$0.01B,$0.20B,2.43%,$0.01B,$0.20B,2.47%,$0.01B,$1.86B,0.29%,$0.01B,$0.39B,2.86%,$31,$11,$21,$0,$18,$29,$2,$0,$2,$1,$1,$1,$1,$0,$0,$34,34,$0.04,$0.04,$72,$0,$0,$1129,$41,$641,$3,$45,$730,$1859,$1432,$189,$37,$226,$1658,$0,$116,$-3,$201,$1859,$3,$2,$4,$6,$-11,$0,$0,$9,$-1,$7,$-2,$0,$0,$0,$-77,$-77,$-123,$-202,$61,$25,$86,$-1,$-1,$-1,$109,$193,$-2,$2,$-1
42,2008-03-31,9.79,$5.98,1.64,$3.34,2.93,$0.76,12.94,$0.16,62.29,$1.07B,$1.38B,0.77,$0.16B,$0.21B,0.78,$0.11B,$0.07B,62.28%,$0.11B,$0.01B,8.77%,$0.11B,0,0.00%,$0.11B,0,0.00%,$0.11B,$0.01B,7.02%,$0.11B,$0.01B,4.39%,$0.01B,$0.21B,2.41%,$0.01B,$0.20B,2.44%,$0.01B,$1.77B,0.30%,$0.01B,$0.36B,3.10%,$30,$11,$19,$0,$17,$28,$2,$0,$2,$1,$1,$1,$1,$0,$0,$34,34,$0.04,$0.04,$97,$0,$0,$1065,$40,$618,$3,$44,$705,$1770,$1377,$160,$28,$188,$1565,$0,$116,$0,$205,$1770,$1,$1,$2,$3,$-8,$0,$0,$0,$-8,$-4,$-0,$0,$0,$0,$-49,$-49,$-33,$-82,$31,$0,$31,$0,$0,$-1,$80,$110,$24,$1,$-1
43,2007-12-31,9.77,$5.77,1.69,$3.18,3.07,$0.93,10.46,$0.14,68.34,$1.00B,$1.30B,0.77,$0.13B,$0.20B,0.63,$0.11B,$0.07B,62.73%,$0.11B,$0.01B,9.09%,$0.11B,0,0.00%,$0.11B,0,0.00%,$0.11B,$0.01B,7.27%,$0.11B,$0.01B,4.55%,$0.01B,$0.20B,2.37%,$0.01B,$0.20B,2.40%,$0.01B,$1.66B,0.31%,$0.01B,$0.33B,3.32%,$29,$11,$18,$0,$16,$27,$3,$0,$1,$0,$1,$1,$1,$0,$0,$34,34,$0.03,$0.03,$73,$0,$0,$1002,$41,$570,$3,$42,$656,$1658,$1299,$128,$27,$156,$1454,$0,$115,$1,$204,$1658,$5,$4,$6,$10,$-11,$0,$0,$7,$-4,$11,$-3,$0,$-1,$0,$-229,$-229,$24,$-209,$73,$0,$73,$-18,$-18,$-2,$63,$116,$-82,$3,$-2
44,2007-09-30,10.89,$6.06,1.8,$2.33,4.66,$0.71,15.38,$0.17,63.52,$1.05B,$1.29B,0.82,$0.10B,$0.21B,0.48,$0.11B,$0.07B,63.55%,$0.11B,$0.01B,9.35%,$0.11B,0,0.00%,$0.11B,0,0.00%,$0.11B,$0.01B,9.35%,$0.11B,$0.01B,5.61%,$0.01B,$0.21B,2.81%,$0.01B,$0.21B,2.84%,$0.01B,$1.63B,0.38%,$0.01B,$0.31B,3.50%,$28,$11,$17,$0,$15,$25,$3,$0,$3,$1,$2,$2,$2,$0,$0,$34,34,$0.05,$0.05,$136,$0,$0,$1047,$41,$495,$3,$42,$581,$1628,$1285,$102,$30,$132,$1417,$0,$114,$-0,$212,$1628,$4,$3,$4,$7,$-7,$0,$0,$9,$2,$13,$-2,$0,$-1,$0,$-156,$-156,$40,$-119,$46,$0,$46,$-7,$-7,$-2,$50,$87,$-19,$2,$-2
