,Date,Stock Price,Book Value per Share,Price to Book Ratio,TTM Sales per Share,Price to Sales Ratio,TTM FCF per Share,Price to FCF Ratio,TTM Net EPS,PE Ratio,Current Assets,Current Liabilities,Current Ratio,Long Term Debt,Shareholder's Equity_x,Debt to Equity Ratio,TTM Revenue_x,TTM Gross Profit,Gross Margin,TTM Revenue_y,TTM Operating Income,Operating Margin,TTM Revenue_x,TTM EBIT,EBIT Margin,TTM Revenue_y,TTM EBITDA,EBITDA Margin,TTM Revenue_x,TTM Pre-Tax Income,Pre-Tax Margin,TTM Revenue_y,TTM Net Income_x,Net Margin,TTM Net Income_y,Shareholder's Equity_y,Return on Equity,TTM Net Income_x,Tangible Equity,Return on Tangible Equity,TTM Net Income_y,Total Assets,Return on Assets,TTM Net Income,LT Investments & Debt,Return on Investment,revenue,cost-goods-sold,gross-profit,research-development-expenses,selling-general-administrative-expenses,operating-expenses,operating-income,total-non-operating-income-expense,pre-tax-income,total-provision-income-taxes,income-after-taxes,income-from-continuous-operations,net-income,ebitda,ebit,basic-shares-outstanding,shares-outstanding,eps-basic-net-earnings-per-share,eps-earnings-per-share-diluted,cash-on-hand,inventory,other-current-assets,total-current-assets,net-property-plant-equipment,long-term-investments,goodwill-intangible-assets-total,other-long-term-assets,total-long-term-assets,total-assets,total-current-liabilities,long-term-debt,other-non-current-liabilities,total-long-term-liabilities,total-liabilities,common-stock-net,retained-earnings-accumulated-deficit,comprehensive-income,total-share-holder-equity,total-liabilities-share-holders-equity,net-income-loss,total-depreciation-amortization-cash-flow,other-non-cash-items,total-non-cash-items,change-in-accounts-receivable,change-in-inventories,change-in-accounts-payable,change-in-assets-liabilities,total-change-in-assets-liabilities,cash-flow-from-operating-activities,net-change-in-property-plant-equipment,net-change-in-intangible-assets,net-acquisitions-divestitures,net-change-in-short-term-investments,net-change-in-long-term-investments,net-change-in-investments-total,investing-activities-other,cash-flow-from-investing-activities,net-long-term-debt,net-current-debt,debt-issuance-retirement-net-total,net-common-equity-issued-repurchased,net-total-equity-issued-repurchased,total-common-preferred-stock-dividends-paid,financial-activities-other,cash-flow-from-financial-activities,net-cash-flow,stock-based-compensation,common-stock-dividends-paid
0,2018-07-31,119.95,$10.76,11.14,$21.54,5.57,$3.56,33.69,$2.57,46.67,$1.31B,$0.45B,2.91,$0.00B,$1.32B,0.0,$2.92B,$1.59B,54.28%,$2.92B,$0.58B,19.85%,$2.92B,$0.58B,19.85%,$2.92B,$0.69B,23.68%,$2.92B,$0.59B,20.12%,$2.92B,$0.35B,11.98%,$0.35B,$1.32B,23.43%,$0.35B,$1.30B,23.82%,$0.35B,$1.88B,18.39%,$0.58B,$1.32B,38.83%,$724,$327,$396,$0,$262,$589,$134,$2,$136,$40,$96,$96,$96,$163,$134,$134,135,$0.71,$0.71,$778,$393,$0,$1308,$488,$0,$24,$33,$573,$1881,$449,$0,$110,$112,$561,$1,$1224,$-204,$1320,$1881,$171,$55,$14,$69,$0,$-73,$87,$-28,$-30,$210,$-84,$0,$0,$0,$0,$0,$-5,$-89,$100,$0,$100,$-406,$-406,$0,$6,$-300,$-213,$13,$0
1,2018-04-30,99.8,$12.06,8.28,$20.43,4.89,$3.01,33.2,$2.22,44.95,$1.45B,$0.27B,5.43,$0.00B,$1.64B,0.0,$2.78B,$1.49B,53.51%,$2.78B,$0.52B,18.53%,$2.78B,$0.52B,18.53%,$2.78B,$0.63B,22.53%,$2.78B,$0.52B,18.78%,$2.78B,$0.30B,10.90%,$0.30B,$1.64B,20.03%,$0.30B,$1.61B,20.36%,$0.30B,$2.01B,16.34%,$0.52B,$1.64B,34.04%,$650,$305,$345,$0,$240,$545,$104,$3,$107,$32,$75,$75,$75,$131,$104,$136,136,$0.55,$0.55,$967,$373,$0,$1453,$472,$0,$24,$31,$559,$2012,$267,$0,$107,$108,$375,$1,$1530,$-186,$1636,$2012,$75,$27,$-7,$20,$0,$-51,$-8,$-8,$-59,$36,$-34,$0,$0,$0,$0,$0,$0,$-34,$0,$0,$0,$-0,$-0,$0,$2,$2,$-24,$5,$0
2,2018-01-31,78.21,$12.71,6.15,$19.44,4.02,$2.99,26.15,$1.90,41.16,$1.44B,$0.29B,4.91,$0.00B,$1.60B,0.0,$2.65B,$1.40B,52.81%,$2.65B,$0.46B,17.21%,$2.65B,$0.46B,17.21%,$2.65B,$0.56B,21.29%,$2.65B,$0.46B,17.40%,$2.65B,$0.26B,9.78%,$0.26B,$1.60B,17.97%,$0.26B,$1.57B,18.29%,$0.26B,$2.00B,14.77%,$0.46B,$1.60B,31.64%,$929,$406,$523,$0,$264,$673,$256,$1,$258,$138,$120,$120,$120,$284,$256,$136,136,$0.87,$0.88,$991,$330,$0,$1436,$474,$0,$25,$31,$562,$1998,$293,$0,$108,$109,$402,$1,$1455,$-143,$1597,$1998,$259,$108,$18,$126,$0,$-21,$-2,$45,$105,$489,$-158,$0,$0,$0,$0,$0,$-16,$-173,$0,$0,$0,$-100,$-100,$0,$2,$-98,$256,$18,$0
3,2017-10-31,61.51,$10.50,5.86,$18.37,3.35,$2.28,26.94,$2.01,30.6,$1.19B,$0.24B,4.94,$0.00B,$1.42B,0.0,$2.51B,$1.30B,51.95%,$2.51B,$0.40B,15.82%,$2.51B,$0.40B,15.82%,$2.51B,$0.50B,19.96%,$2.51B,$0.40B,15.94%,$2.51B,$0.28B,10.96%,$0.28B,$1.42B,19.90%,$0.28B,$1.40B,20.27%,$0.28B,$1.72B,16.48%,$0.40B,$1.42B,28.73%,$619,$297,$322,$0,$215,$533,$86,$1,$87,$28,$59,$59,$59,$114,$86,$135,136,$0.44,$0.43,$650,$397,$0,$1188,$440,$0,$24,$30,$532,$1720,$241,$0,$59,$59,$299,$1,$1336,$-191,$1421,$1720,$139,$80,$23,$103,$0,$-95,$-11,$8,$-110,$131,$-107,$0,$0,$0,$0,$0,$-13,$-120,$0,$0,$0,$-99,$-99,$0,$-1,$-101,$-85,$13,$0
4,2017-07-31,61.64,$10.32,5.97,$17.78,3.47,$2.05,30.07,$2.08,29.63,$1.17B,$0.22B,5.22,$0.00B,$1.40B,0.0,$2.44B,$1.26B,51.75%,$2.44B,$0.40B,16.59%,$2.44B,$0.40B,16.59%,$2.44B,$0.50B,20.70%,$2.44B,$0.41B,16.71%,$2.44B,$0.28B,11.66%,$0.28B,$1.40B,21.39%,$0.28B,$1.37B,21.80%,$0.28B,$1.69B,17.66%,$0.40B,$1.40B,30.43%,$581,$284,$297,$0,$226,$512,$69,$1,$70,$21,$49,$49,$49,$97,$69,$136,136,$0.36,$0.36,$721,$316,$0,$1171,$427,$0,$25,$24,$516,$1687,$224,$0,$57,$65,$289,$1,$1286,$-160,$1398,$1687,$80,$52,$8,$59,$0,$-10,$-7,$5,$-37,$102,$-50,$0,$0,$0,$0,$0,$0,$-50,$0,$0,$0,$-91,$-91,$0,$-1,$-92,$-14,$9,$0
5,2017-04-30,52.0,$9.84,5.28,$17.26,3.01,$1.89,27.58,$2.11,24.64,$1.13B,$0.21B,5.5,$0.00B,$1.35B,0.0,$2.37B,$1.22B,51.37%,$2.37B,$0.41B,17.26%,$2.37B,$0.41B,17.26%,$2.37B,$0.50B,21.15%,$2.37B,$0.41B,17.39%,$2.37B,$0.29B,12.20%,$0.29B,$1.35B,22.81%,$0.29B,$1.32B,23.26%,$0.29B,$1.61B,18.76%,$0.41B,$1.35B,32.28%,$520,$263,$257,$0,$199,$475,$45,$1,$46,$15,$31,$31,$31,$69,$45,$137,137,$0.23,$0.23,$698,$304,$0,$1133,$399,$0,$24,$21,$477,$1609,$206,$0,$49,$56,$262,$1,$1313,$-233,$1348,$1609,$31,$23,$-3,$20,$0,$-10,$-16,$-16,$-32,$19,$-20,$0,$0,$0,$0,$0,$0,$-20,$0,$0,$0,$-13,$-13,$0,$-2,$-14,$-37,$3,$0
6,2017-01-31,67.51,$9.92,6.8,$17.07,3.95,$1.99,33.99,$2.21,30.55,$1.16B,$0.24B,4.81,$0.00B,$1.36B,0.0,$2.35B,$1.20B,51.13%,$2.35B,$0.42B,18.00%,$2.35B,$0.42B,18.00%,$2.35B,$0.51B,21.71%,$2.35B,$0.42B,18.04%,$2.35B,$0.30B,12.92%,$0.30B,$1.36B,24.96%,$0.30B,$1.34B,25.48%,$0.30B,$1.66B,20.35%,$0.42B,$1.36B,34.76%,$790,$362,$428,$0,$231,$593,$197,$1,$197,$61,$136,$136,$136,$221,$197,$137,137,$0.99,$0.99,$735,$298,$0,$1163,$423,$0,$25,$20,$495,$1658,$242,$0,$48,$56,$298,$1,$1294,$-202,$1360,$1658,$303,$88,$-5,$82,$0,$-5,$14,$12,$1,$386,$-150,$0,$0,$0,$0,$0,$0,$-150,$0,$0,$0,$-29,$-29,$0,$3,$-27,$233,$17,$0
7,2016-10-31,57.25,$8.79,6.52,$16.33,3.51,$1.36,41.95,$2.07,27.66,$1.02B,$0.21B,4.81,$0.00B,$1.20B,0.0,$2.26B,$1.13B,49.80%,$2.26B,$0.39B,17.31%,$2.26B,$0.39B,17.31%,$2.26B,$0.48B,21.03%,$2.26B,$0.39B,17.40%,$2.26B,$0.28B,12.57%,$0.28B,$1.20B,25.12%,$0.28B,$1.18B,25.67%,$0.28B,$1.48B,20.25%,$0.39B,$1.20B,34.58%,$544,$266,$278,$0,$185,$451,$93,$1,$94,$25,$68,$68,$68,$117,$93,$137,137,$0.50,$0.50,$480,$365,$0,$1023,$400,$0,$25,$19,$456,$1479,$213,$0,$51,$62,$274,$1,$1159,$-217,$1204,$1479,$167,$64,$13,$77,$0,$-74,$-2,$-58,$-145,$99,$-106,$0,$0,$0,$0,$0,$0,$-106,$0,$0,$0,$-29,$-29,$0,$3,$-25,$-21,$13,$0
8,2016-07-31,77.65,$8.44,9.2,$15.78,4.92,$0.83,93.02,$1.95,39.82,$0.96B,$0.20B,4.88,$0.00B,$1.16B,0.0,$2.20B,$1.07B,48.84%,$2.20B,$0.37B,16.67%,$2.20B,$0.37B,16.67%,$2.20B,$0.45B,20.32%,$2.20B,$0.36B,16.58%,$2.20B,$0.27B,12.26%,$0.27B,$1.16B,24.57%,$0.27B,$1.13B,25.14%,$0.27B,$1.42B,19.73%,$0.37B,$1.16B,33.43%,$515,$260,$254,$0,$180,$441,$74,$1,$75,$21,$54,$54,$54,$94,$74,$137,137,$0.39,$0.39,$535,$277,$0,$963,$395,$0,$25,$20,$453,$1416,$197,$0,$51,$62,$259,$1,$1091,$-193,$1156,$1416,$99,$40,$-5,$35,$0,$17,$-3,$-31,$-33,$101,$-71,$0,$0,$0,$0,$0,$0,$-71,$0,$0,$0,$-23,$-23,$0,$-2,$-25,$34,$8,$0
9,2016-04-30,65.55,$8.28,7.91,$15.23,4.31,$0.38,170.7,$1.90,34.5,$0.97B,$0.20B,4.8,$0.00B,$1.14B,0.0,$2.13B,$1.03B,48.29%,$2.13B,$0.36B,16.83%,$2.13B,$0.36B,16.83%,$2.13B,$0.44B,20.39%,$2.13B,$0.36B,16.69%,$2.13B,$0.26B,12.33%,$0.26B,$1.14B,24.36%,$0.26B,$1.11B,24.93%,$0.26B,$1.40B,19.73%,$0.36B,$1.14B,33.26%,$496,$256,$239,$0,$182,$438,$58,$-0,$57,$12,$45,$45,$45,$77,$58,$137,137,$0.33,$0.33,$550,$286,$0,$971,$378,$0,$25,$14,$430,$1402,$202,$0,$52,$63,$265,$1,$1049,$-165,$1136,$1402,$45,$19,$-5,$14,$0,$12,$-5,$-15,$-19,$40,$-27,$0,$0,$0,$0,$0,$0,$-27,$0,$0,$0,$-12,$-12,$0,$-1,$-14,$49,$3,$0
10,2016-01-31,62.07,$7.48,8.29,$14.60,4.25,$0.24,261.35,$1.91,32.5,$0.92B,$0.23B,4.07,$0.00B,$1.03B,0.0,$2.06B,$1.00B,48.37%,$2.06B,$0.37B,17.90%,$2.06B,$0.37B,17.90%,$2.06B,$0.44B,21.45%,$2.06B,$0.37B,17.86%,$2.06B,$0.27B,12.91%,$0.27B,$1.03B,24.59%,$0.27B,$1.00B,25.17%,$0.27B,$1.31B,20.20%,$0.37B,$1.03B,34.11%,$704,$350,$354,$0,$188,$538,$166,$1,$167,$50,$117,$117,$117,$187,$166,$140,141,$0.84,$0.83,$501,$284,$0,$917,$350,$0,$25,$11,$397,$1314,$226,$0,$50,$61,$287,$1,$1020,$-238,$1027,$1314,$266,$73,$19,$92,$20,$-83,$1,$35,$-60,$299,$-143,$0,$0,$0,$0,$0,$0,$-143,$0,$0,$0,$-269,$-269,$0,$-4,$-274,$-163,$10,$0
11,2015-10-31,49.17,$7.60,6.47,$13.76,3.57,$0.48,101.84,$1.84,26.72,$0.93B,$0.21B,4.46,$0.00B,$1.06B,0.0,$1.96B,$0.95B,48.65%,$1.96B,$0.36B,18.38%,$1.96B,$0.36B,18.38%,$1.96B,$0.43B,21.90%,$1.96B,$0.36B,18.38%,$1.96B,$0.26B,13.27%,$0.26B,$1.06B,23.69%,$0.26B,$1.04B,24.26%,$0.26B,$1.32B,19.81%,$0.36B,$1.06B,32.80%,$480,$255,$225,$0,$157,$412,$68,$-3,$65,$12,$53,$53,$53,$88,$68,$140,140,$0.38,$0.38,$403,$358,$0,$929,$347,$0,$25,$10,$393,$1322,$208,$0,$50,$53,$262,$1,$1003,$-191,$1060,$1322,$149,$52,$6,$58,$0,$-151,$-3,$-76,$-181,$26,$-108,$0,$0,$0,$0,$0,$0,$-108,$0,$0,$0,$-166,$-166,$0,$-2,$-167,$-261,$7,$0
12,2015-07-31,62.86,$7.77,8.09,$13.27,4.74,$1.61,39.1,$1.88,33.44,$0.92B,$0.15B,6.2,$0.00B,$1.10B,0.0,$1.90B,$0.94B,49.47%,$1.90B,$0.37B,19.65%,$1.90B,$0.37B,19.65%,$1.90B,$0.44B,23.08%,$1.90B,$0.38B,19.92%,$1.90B,$0.27B,14.07%,$0.27B,$1.10B,24.19%,$0.27B,$1.07B,24.78%,$0.27B,$1.29B,20.49%,$0.37B,$1.10B,33.79%,$453,$241,$212,$0,$145,$386,$67,$1,$67,$20,$48,$48,$48,$83,$67,$141,142,$0.34,$0.34,$541,$281,$0,$918,$324,$0,$26,$11,$376,$1294,$148,$0,$47,$51,$199,$1,$1036,$-190,$1095,$1294,$95,$33,$-5,$28,$0,$-74,$-2,$-14,$-91,$32,$-65,$0,$0,$0,$0,$0,$0,$-65,$0,$0,$0,$-78,$-78,$0,$-1,$-79,$-123,$6,$0
13,2015-04-30,63.64,$8.07,7.88,$12.76,4.99,$2.33,27.26,$1.87,34.03,$0.97B,$0.14B,6.78,$0.00B,$1.15B,0.0,$1.84B,$0.92B,50.33%,$1.84B,$0.37B,20.37%,$1.84B,$0.37B,20.37%,$1.84B,$0.44B,23.80%,$1.84B,$0.38B,20.75%,$1.84B,$0.27B,14.60%,$0.27B,$1.15B,24.11%,$0.27B,$1.12B,24.71%,$0.27B,$1.34B,20.55%,$0.37B,$1.15B,33.64%,$424,$218,$206,$0,$138,$356,$68,$1,$69,$21,$48,$48,$48,$84,$68,$142,142,$0.34,$0.34,$656,$236,$0,$973,$314,$0,$26,$8,$365,$1338,$143,$0,$45,$49,$193,$1,$1050,$-151,$1145,$1338,$48,$16,$2,$18,$0,$-26,$-4,$-10,$-45,$21,$-28,$0,$0,$0,$0,$0,$0,$-28,$0,$0,$0,$-16,$-16,$0,$-1,$-17,$-9,$2,$0
14,2015-01-31,66.24,$7.68,8.63,$12.42,5.33,$2.70,24.57,$1.66,39.9,$0.95B,$0.16B,5.95,$0.00B,$1.09B,0.0,$1.80B,$0.91B,50.86%,$1.80B,$0.38B,20.92%,$1.80B,$0.38B,20.92%,$1.80B,$0.44B,24.21%,$1.80B,$0.38B,21.31%,$1.80B,$0.24B,13.30%,$0.24B,$1.09B,21.58%,$0.24B,$1.06B,22.13%,$0.24B,$1.30B,18.49%,$0.38B,$1.09B,33.95%,$602,$292,$310,$0,$153,$445,$157,$2,$159,$48,$111,$111,$111,$174,$157,$144,144,$0.77,$0.78,$664,$208,$0,$951,$296,$0,$26,$7,$345,$1296,$160,$0,$43,$47,$207,$1,$1021,$-173,$1090,$1296,$239,$58,$8,$67,$4,$-27,$-2,$29,$9,$314,$-120,$0,$0,$0,$0,$0,$0,$-120,$0,$0,$0,$-145,$-145,$0,$-5,$-149,$-34,$8,$0
15,2014-10-31,41.65,$7.63,5.46,$11.81,3.53,$2.52,16.51,$1.63,25.55,$0.95B,$0.15B,6.39,$0.00B,$1.09B,0.0,$1.72B,$0.88B,51.46%,$1.72B,$0.37B,21.74%,$1.72B,$0.37B,21.74%,$1.72B,$0.43B,24.88%,$1.72B,$0.38B,22.14%,$1.72B,$0.24B,13.87%,$0.24B,$1.09B,21.49%,$0.24B,$1.06B,22.04%,$0.24B,$1.28B,18.42%,$0.37B,$1.09B,33.68%,$419,$208,$211,$0,$130,$338,$81,$2,$83,$23,$60,$60,$60,$97,$81,$143,143,$0.42,$0.42,$634,$230,$0,$945,$302,$0,$27,$6,$340,$1284,$148,$0,$40,$51,$199,$1,$926,$-81,$1085,$1284,$128,$42,$26,$68,$0,$-45,$-3,$-16,$-29,$167,$-89,$0,$0,$0,$0,$0,$0,$-89,$0,$0,$0,$-128,$-128,$0,$-4,$-132,$-65,$5,$0
16,2014-07-31,38.47,$9.87,3.9,$11.49,3.35,$2.14,17.98,$1.66,23.17,$0.97B,$0.12B,8.48,$0.00B,$1.13B,0.0,$1.68B,$0.88B,52.30%,$1.68B,$0.38B,22.90%,$1.68B,$0.38B,22.90%,$1.68B,$0.44B,25.94%,$1.68B,$0.39B,23.32%,$1.68B,$0.24B,14.55%,$0.24B,$1.13B,22.24%,$0.24B,$1.10B,22.83%,$0.24B,$1.30B,19.29%,$0.38B,$1.13B,35.00%,$391,$193,$197,$0,$129,$323,$68,$2,$70,$21,$49,$49,$49,$82,$68,$145,146,$0.34,$0.33,$725,$177,$0,$974,$286,$0,$28,$5,$324,$1298,$115,$0,$56,$56,$171,$1,$938,$-52,$1127,$1298,$68,$26,$41,$67,$0,$0,$-6,$-14,$-10,$124,$-52,$0,$0,$0,$0,$0,$0,$-52,$0,$0,$0,$-54,$-54,$0,$-4,$-57,$26,$3,$0
17,2014-04-30,45.93,$9.77,4.7,$11.17,4.11,$1.83,25.09,$1.72,26.7,$0.98B,$0.11B,9.3,$0.00B,$1.13B,0.0,$1.63B,$0.87B,53.10%,$1.63B,$0.40B,24.22%,$1.63B,$0.40B,24.22%,$1.63B,$0.44B,27.22%,$1.63B,$0.40B,24.59%,$1.63B,$0.25B,15.39%,$0.25B,$1.13B,23.68%,$0.25B,$1.10B,24.33%,$0.25B,$1.29B,20.59%,$0.40B,$1.13B,37.26%,$385,$189,$196,$0,$126,$315,$70,$2,$71,$52,$19,$19,$19,$82,$70,$145,146,$0.13,$0.13,$752,$177,$0,$981,$271,$0,$28,$5,$310,$1291,$105,$0,$57,$57,$163,$1,$943,$-56,$1128,$1291,$19,$12,$33,$45,$0,$9,$-6,$2,$7,$71,$-25,$0,$0,$0,$0,$0,$0,$-25,$0,$0,$0,$2,$2,$0,$-3,$-2,$53,$2,$0
18,2014-01-31,45.69,$7.68,5.95,$10.90,4.19,$1.55,29.54,$1.91,23.92,$0.95B,$0.16B,5.95,$0.00B,$1.09B,0.0,$1.59B,$0.84B,52.83%,$1.59B,$0.39B,24.56%,$1.59B,$0.39B,24.56%,$1.59B,$0.44B,27.64%,$1.59B,$0.40B,24.94%,$1.59B,$0.28B,17.53%,$0.28B,$1.09B,27.61%,$0.28B,$1.06B,28.42%,$0.28B,$1.30B,24.06%,$0.39B,$1.09B,38.69%,$521,$242,$279,$0,$125,$367,$154,$2,$156,$46,$110,$110,$110,$166,$154,$145,146,$0.75,$0.75,$664,$208,$0,$951,$296,$0,$26,$7,$345,$1296,$160,$0,$43,$47,$207,$1,$1021,$-173,$1090,$1296,$280,$49,$-0,$49,$0,$-39,$12,$-3,$-50,$278,$-106,$0,$0,$0,$0,$0,$0,$-106,$0,$0,$0,$8,$8,$0,$1,$9,$108,$10,$0
19,2013-10-31,69.09,$9.05,7.63,$10.66,6.48,$1.65,41.84,$1.91,36.17,$0.88B,$0.10B,9.31,$0.00B,$1.04B,0.0,$1.56B,$0.84B,53.79%,$1.56B,$0.39B,25.06%,$1.56B,$0.39B,25.06%,$1.56B,$0.44B,28.21%,$1.56B,$0.40B,25.39%,$1.56B,$0.28B,17.87%,$0.28B,$1.04B,28.97%,$0.28B,$1.01B,29.88%,$0.28B,$1.18B,25.31%,$0.39B,$1.04B,40.64%,$380,$175,$205,$0,$112,$288,$92,$1,$94,$28,$66,$66,$66,$105,$92,$145,146,$0.46,$0.45,$601,$206,$0,$881,$244,$0,$29,$5,$294,$1175,$95,$0,$37,$37,$132,$1,$814,$-14,$1043,$1175,$170,$37,$24,$61,$0,$-71,$4,$-36,$-136,$95,$-72,$0,$0,$0,$0,$0,$0,$-72,$0,$0,$0,$7,$7,$0,$1,$9,$11,$12,$0
20,2013-07-31,69.57,$6.75,10.3,$10.23,6.8,$1.78,39.14,$1.85,37.61,$0.84B,$0.10B,8.3,$0.00B,$0.98B,0.0,$1.49B,$0.81B,54.05%,$1.49B,$0.38B,25.39%,$1.49B,$0.38B,25.39%,$1.49B,$0.43B,28.53%,$1.49B,$0.38B,25.65%,$1.49B,$0.27B,18.02%,$0.27B,$0.98B,30.19%,$0.27B,$0.95B,31.24%,$0.27B,$1.11B,26.20%,$0.38B,$0.98B,42.54%,$345,$159,$186,$0,$107,$266,$79,$1,$80,$24,$56,$56,$56,$91,$79,$145,146,$0.39,$0.39,$610,$163,$0,$838,$229,$0,$29,$4,$276,$1114,$101,$0,$34,$34,$135,$1,$748,$-5,$979,$1114,$104,$24,$19,$43,$0,$-26,$12,$-31,$-76,$71,$-44,$0,$0,$0,$0,$0,$0,$-44,$0,$0,$0,$5,$5,$0,$1,$6,$20,$8,$0
21,2013-04-30,76.13,$6.43,11.83,$9.81,7.76,$1.76,43.23,$1.85,41.15,$0.78B,$0.09B,8.47,$0.00B,$0.93B,0.0,$1.43B,$0.78B,54.30%,$1.43B,$0.37B,25.86%,$1.43B,$0.37B,25.86%,$1.43B,$0.42B,29.00%,$1.43B,$0.37B,26.14%,$1.43B,$0.27B,18.87%,$0.27B,$0.93B,32.62%,$0.27B,$0.90B,33.87%,$0.27B,$1.05B,28.26%,$0.37B,$0.93B,44.70%,$346,$175,$171,$0,$105,$280,$66,$2,$67,$20,$47,$47,$47,$78,$66,$144,146,$0.33,$0.32,$588,$144,$0,$782,$223,$0,$30,$4,$272,$1053,$92,$0,$31,$31,$123,$1,$692,$17,$930,$1053,$47,$12,$21,$33,$0,$-6,$3,$-22,$-55,$25,$-21,$0,$0,$0,$0,$0,$0,$-21,$0,$0,$0,$0,$0,$0,$-5,$-4,$-2,$4,$0
22,2013-01-31,69.0,$7.90,8.74,$9.40,7.34,$1.75,39.32,$1.85,37.3,$0.79B,$0.13B,5.9,$0.00B,$0.89B,0.0,$1.37B,$0.76B,55.65%,$1.37B,$0.38B,27.50%,$1.37B,$0.38B,27.50%,$1.37B,$0.42B,30.63%,$1.37B,$0.38B,27.79%,$1.37B,$0.27B,19.69%,$0.27B,$0.89B,35.36%,$0.27B,$0.86B,36.85%,$0.27B,$1.05B,30.51%,$0.38B,$0.89B,49.38%,$485,$211,$275,$0,$122,$333,$153,$1,$154,$45,$109,$109,$109,$165,$153,$144,146,$0.76,$0.75,$590,$155,$0,$787,$215,$0,$30,$4,$264,$1051,$133,$0,$30,$30,$164,$1,$644,$21,$887,$1051,$271,$43,$-2,$41,$0,$-51,$-13,$2,$-32,$280,$-93,$0,$0,$0,$0,$0,$0,$-93,$0,$0,$0,$11,$11,$0,$-17,$-5,$181,$16,$0
23,2012-10-31,68.84,$6.87,10.02,$8.63,7.98,$1.03,66.66,$1.61,42.76,$0.64B,$0.09B,7.03,$0.00B,$0.77B,0.0,$1.26B,$0.70B,55.41%,$1.26B,$0.34B,27.03%,$1.26B,$0.34B,27.03%,$1.26B,$0.38B,30.21%,$1.26B,$0.34B,27.27%,$1.26B,$0.24B,18.68%,$0.24B,$0.77B,33.90%,$0.24B,$0.74B,35.50%,$0.24B,$0.89B,29.16%,$0.34B,$0.77B,49.04%,$317,$141,$175,$0,$95,$236,$81,$1,$82,$25,$57,$57,$57,$92,$81,$144,146,$0.40,$0.39,$439,$165,$0,$641,$204,$0,$31,$4,$248,$889,$91,$0,$30,$30,$121,$1,$535,$21,$768,$889,$162,$31,$5,$36,$0,$-61,$-8,$-25,$-85,$113,$-72,$0,$0,$0,$0,$0,$0,$-72,$0,$0,$0,$7,$7,$0,$-19,$-12,$30,$12,$0
24,2012-07-31,56.48,$6.51,8.68,$8.04,7.02,$0.39,146.09,$1.49,37.91,$0.60B,$0.08B,8.05,$0.00B,$0.73B,0.0,$1.17B,$0.65B,55.59%,$1.17B,$0.32B,27.24%,$1.17B,$0.32B,27.24%,$1.17B,$0.36B,30.32%,$1.17B,$0.32B,27.41%,$1.17B,$0.22B,18.53%,$0.22B,$0.73B,34.25%,$0.22B,$0.70B,36.05%,$0.22B,$0.83B,29.22%,$0.32B,$0.73B,50.36%,$283,$127,$156,$0,$86,$212,$70,$1,$71,$14,$58,$58,$57,$80,$70,$144,146,$0.40,$0.39,$444,$125,$0,$604,$181,$0,$31,$5,$226,$829,$75,$0,$28,$28,$103,$1,$478,$19,$726,$829,$105,$19,$3,$23,$0,$-22,$-8,$-29,$-64,$64,$-39,$0,$0,$0,$0,$0,$0,$-39,$0,$0,$0,$5,$5,$0,$5,$10,$35,$8,$0
25,2012-04-30,74.14,$6.04,12.28,$7.56,9.8,$-0.25,0.0,$1.36,54.51,$0.56B,$0.07B,7.88,$0.00B,$0.67B,0.0,$1.10B,$0.62B,56.09%,$1.10B,$0.31B,28.00%,$1.10B,$0.31B,28.00%,$1.10B,$0.34B,31.09%,$1.10B,$0.31B,28.18%,$1.10B,$0.20B,18.00%,$0.20B,$0.67B,34.32%,$0.20B,$0.64B,36.26%,$0.20B,$0.77B,29.03%,$0.31B,$0.67B,53.38%,$286,$128,$157,$0,$84,$213,$73,$1,$74,$27,$47,$47,$47,$83,$73,$144,146,$0.32,$0.32,$424,$108,$0,$558,$168,$0,$32,$4,$213,$771,$71,$0,$26,$26,$97,$1,$420,$29,$673,$771,$47,$10,$-0,$10,$0,$-3,$-10,$-26,$-41,$16,$-13,$0,$0,$0,$0,$0,$0,$-13,$0,$0,$0,$5,$5,$0,$4,$9,$15,$4,$0
26,2012-01-31,63.13,$4.22,14.95,$6.89,9.16,$-0.75,0.0,$1.27,49.71,$0.53B,$0.10B,5.1,$0.00B,$0.61B,0.0,$1.00B,$0.57B,56.94%,$1.00B,$0.29B,28.67%,$1.00B,$0.29B,28.67%,$1.00B,$0.32B,31.67%,$1.00B,$0.29B,28.87%,$1.00B,$0.18B,18.38%,$0.18B,$0.61B,35.20%,$0.18B,$0.57B,37.38%,$0.18B,$0.74B,29.52%,$0.29B,$0.61B,54.90%,$372,$162,$209,$0,$93,$255,$116,$0,$116,$43,$74,$74,$74,$125,$116,$143,145,$0.52,$0.51,$409,$104,$0,$527,$163,$0,$32,$4,$208,$735,$103,$0,$25,$25,$128,$1,$374,$22,$606,$735,$185,$30,$2,$32,$0,$-46,$8,$27,$-14,$204,$-122,$0,$0,$0,$0,$0,$0,$-122,$0,$0,$0,$10,$10,$0,$6,$15,$93,$10,$0
27,2011-10-31,56.48,$3.69,15.32,$6.04,9.35,$-0.35,0.0,$1.14,49.54,$0.43B,$0.08B,5.19,$0.00B,$0.53B,0.0,$0.87B,$0.50B,57.67%,$0.87B,$0.24B,27.69%,$0.87B,$0.24B,27.69%,$0.87B,$0.27B,30.78%,$0.87B,$0.25B,28.03%,$0.87B,$0.17B,18.88%,$0.17B,$0.53B,35.13%,$0.17B,$0.50B,37.46%,$0.17B,$0.64B,29.24%,$0.24B,$0.53B,51.52%,$230,$102,$129,$0,$69,$170,$60,$1,$60,$21,$39,$39,$39,$67,$60,$143,145,$0.27,$0.27,$277,$129,$0,$428,$153,$0,$32,$4,$208,$636,$83,$0,$24,$24,$107,$1,$300,$22,$529,$636,$111,$21,$-8,$13,$0,$-71,$-1,$-0,$-70,$54,$-106,$0,$0,$0,$0,$0,$0,$-106,$0,$0,$0,$9,$9,$0,$6,$14,$-39,$8,$0
28,2011-07-31,60.54,$3.49,17.36,$5.68,10.66,$0.38,158.69,$1.05,57.66,$0.38B,$0.07B,5.91,$0.00B,$0.50B,0.0,$0.82B,$0.47B,57.56%,$0.82B,$0.22B,27.32%,$0.82B,$0.22B,27.32%,$0.82B,$0.25B,30.61%,$0.82B,$0.23B,27.68%,$0.82B,$0.15B,18.54%,$0.15B,$0.50B,36.26%,$0.15B,$0.47B,38.85%,$0.15B,$0.59B,29.80%,$0.22B,$0.50B,53.43%,$212,$90,$122,$0,$63,$153,$59,$1,$60,$21,$39,$39,$38,$67,$59,$143,145,$0.27,$0.26,$265,$89,$0,$384,$151,$0,$28,$5,$202,$586,$65,$0,$22,$22,$87,$1,$261,$36,$500,$586,$72,$14,$-10,$4,$0,$-30,$-2,$-10,$-56,$20,$-87,$0,$0,$0,$0,$0,$0,$-87,$0,$0,$0,$8,$8,$0,$4,$12,$-52,$5,$0
29,2011-04-30,50.03,$3.19,15.7,$5.28,9.48,$0.92,54.29,$0.94,53.22,$0.35B,$0.06B,5.93,$0.00B,$0.46B,0.0,$0.76B,$0.43B,56.58%,$0.76B,$0.20B,26.18%,$0.76B,$0.20B,26.18%,$0.76B,$0.23B,29.61%,$0.76B,$0.20B,26.71%,$0.76B,$0.14B,17.89%,$0.14B,$0.46B,37.01%,$0.14B,$0.43B,39.91%,$0.14B,$0.54B,29.92%,$0.20B,$0.46B,54.15%,$187,$77,$110,$0,$58,$135,$52,$1,$53,$19,$34,$34,$33,$58,$52,$143,145,$0.23,$0.23,$261,$64,$0,$350,$145,$0,$29,$5,$186,$536,$59,$0,$22,$22,$81,$1,$223,$37,$456,$536,$34,$6,$0,$6,$0,$-6,$-3,$-12,$-34,$6,$-75,$0,$0,$0,$0,$0,$0,$-75,$0,$0,$0,$6,$6,$0,$2,$8,$-55,$3,$0
30,2011-01-31,34.34,$3.69,9.3,$4.96,6.93,$1.45,23.75,$0.85,40.64,$0.39B,$0.09B,4.56,$0.00B,$0.39B,0.0,$0.71B,$0.39B,55.41%,$0.71B,$0.18B,25.18%,$0.71B,$0.18B,25.18%,$0.71B,$0.21B,28.83%,$0.71B,$0.18B,25.74%,$0.71B,$0.12B,17.30%,$0.12B,$0.39B,38.38%,$0.12B,$0.37B,41.14%,$0.12B,$0.50B,30.46%,$0.18B,$0.39B,55.85%,$245,$102,$143,$0,$72,$174,$71,$1,$72,$17,$55,$55,$55,$77,$71,$142,144,$0.39,$0.39,$316,$57,$0,$389,$71,$0,$27,$4,$110,$499,$85,$0,$20,$20,$105,$1,$190,$20,$394,$499,$122,$25,$9,$34,$0,$-8,$-5,$17,$24,$180,$-43,$0,$0,$0,$0,$0,$0,$-43,$0,$0,$0,$6,$6,$0,$8,$14,$157,$7,$0
31,2010-10-31,22.16,$2.30,9.63,$4.38,5.06,$1.21,18.25,$0.67,33.32,$0.31B,$0.06B,4.85,$0.00B,$0.33B,0.0,$0.63B,$0.34B,53.91%,$0.63B,$0.15B,23.76%,$0.63B,$0.15B,23.76%,$0.63B,$0.18B,27.91%,$0.63B,$0.15B,24.40%,$0.63B,$0.10B,15.31%,$0.10B,$0.33B,34.26%,$0.10B,$0.30B,36.43%,$0.10B,$0.42B,26.99%,$0.15B,$0.33B,53.17%,$176,$79,$97,$0,$54,$133,$42,$0,$42,$17,$26,$26,$26,$49,$42,$142,144,$0.18,$0.18,$225,$73,$0,$312,$67,$0,$26,$3,$107,$419,$64,$0,$19,$28,$92,$1,$135,$15,$327,$419,$67,$18,$18,$36,$0,$-24,$-3,$1,$-16,$88,$-34,$0,$0,$0,$0,$0,$0,$-34,$0,$0,$0,$4,$4,$0,$4,$8,$65,$5,$0
32,2010-07-31,20.74,$2.07,10.03,$3.95,5.25,$1.14,18.15,$0.59,35.45,$0.26B,$0.05B,5.55,$0.00B,$0.29B,0.0,$0.56B,$0.30B,52.66%,$0.56B,$0.13B,22.70%,$0.56B,$0.13B,22.70%,$0.56B,$0.15B,27.13%,$0.56B,$0.13B,23.40%,$0.56B,$0.08B,14.89%,$0.08B,$0.29B,34.04%,$0.08B,$0.27B,35.82%,$0.08B,$0.36B,26.86%,$0.13B,$0.29B,51.87%,$152,$72,$80,$0,$46,$118,$34,$2,$36,$15,$22,$22,$22,$41,$34,$142,144,$0.15,$0.15,$178,$67,$0,$259,$65,$0,$25,$4,$105,$364,$47,$0,$18,$24,$70,$1,$109,$11,$293,$364,$41,$12,$10,$22,$0,$-18,$-5,$-2,$-29,$35,$-24,$0,$0,$0,$0,$0,$0,$-24,$0,$0,$0,$2,$2,$0,$4,$6,$19,$4,$0
33,2010-04-30,18.81,$1.89,9.94,$3.59,5.25,$1.24,15.22,$0.50,37.62,$0.24B,$0.05B,5.12,$0.00B,$0.27B,0.0,$0.51B,$0.26B,51.37%,$0.51B,$0.11B,21.18%,$0.51B,$0.11B,21.18%,$0.51B,$0.13B,25.88%,$0.51B,$0.11B,21.57%,$0.51B,$0.07B,13.92%,$0.07B,$0.27B,32.61%,$0.07B,$0.26B,33.89%,$0.07B,$0.33B,25.52%,$0.11B,$0.27B,49.60%,$138,$64,$74,$0,$42,$106,$32,$0,$33,$13,$20,$20,$20,$38,$32,$141,143,$0.14,$0.14,$174,$51,$0,$239,$64,$0,$8,$6,$94,$333,$47,$0,$16,$18,$65,$1,$87,$14,$268,$333,$20,$5,$4,$9,$-1,$-5,$-3,$-5,$-16,$13,$-6,$0,$0,$0,$0,$0,$-0,$-6,$0,$0,$0,$2,$2,$0,$3,$5,$14,$2,$0
34,2010-01-31,14.12,$1.65,8.54,$3.20,4.41,$1.19,11.84,$0.41,34.44,$0.22B,$0.06B,3.69,$0.00B,$0.23B,0.0,$0.45B,$0.22B,49.12%,$0.45B,$0.09B,18.94%,$0.45B,$0.09B,18.94%,$0.45B,$0.11B,23.79%,$0.45B,$0.09B,19.16%,$0.45B,$0.06B,12.78%,$0.06B,$0.23B,30.09%,$0.06B,$0.23B,31.44%,$0.06B,$0.31B,23.48%,$0.09B,$0.23B,44.62%,$161,$74,$87,$0,$45,$119,$41,$0,$42,$13,$28,$28,$28,$47,$41,$141,142,$0.20,$0.20,$160,$44,$0,$216,$62,$0,$8,$6,$91,$307,$59,$0,$15,$15,$74,$1,$68,$6,$233,$307,$58,$21,$8,$29,$-4,$11,$6,$16,$31,$118,$-15,$0,$0,$0,$0,$0,$-1,$-16,$0,$0,$0,$1,$1,$0,$-4,$-3,$103,$6,$0
35,2009-10-31,12.56,$1.37,9.17,$2.80,4.48,$0.49,25.73,$0.29,43.31,$0.17B,$0.04B,4.21,$0.00B,$0.19B,0.0,$0.40B,$0.19B,47.36%,$0.40B,$0.06B,15.37%,$0.40B,$0.06B,15.37%,$0.40B,$0.08B,20.65%,$0.40B,$0.06B,15.37%,$0.40B,$0.04B,10.33%,$0.04B,$0.19B,23.67%,$0.04B,$0.18B,24.85%,$0.04B,$0.25B,18.37%,$0.06B,$0.19B,35.21%,$113,$57,$56,$0,$35,$92,$21,$-0,$21,$7,$14,$14,$14,$27,$21,$141,142,$0.10,$0.10,$102,$52,$0,$166,$60,$0,$8,$6,$81,$247,$39,$0,$15,$15,$54,$1,$39,$4,$193,$247,$30,$15,$6,$21,$0,$3,$1,$1,$1,$52,$-9,$0,$0,$0,$0,$0,$-1,$-10,$0,$0,$0,$0,$0,$0,$-0,$-0,$45,$4,$0
36,2009-07-31,8.86,$1.26,7.03,$2.62,3.38,$0.16,55.31,$0.26,34.75,$0.14B,$0.04B,4.05,$0.00B,$0.18B,0.0,$0.37B,$0.17B,46.90%,$0.37B,$0.05B,14.29%,$0.37B,$0.05B,14.29%,$0.37B,$0.07B,19.41%,$0.37B,$0.05B,14.29%,$0.37B,$0.04B,9.70%,$0.04B,$0.18B,22.50%,$0.04B,$0.17B,23.68%,$0.04B,$0.23B,17.06%,$0.05B,$0.18B,33.13%,$98,$53,$45,$0,$31,$83,$14,$0,$14,$5,$9,$9,$9,$20,$14,$140,141,$0.07,$0.07,$84,$47,$0,$143,$61,$0,$9,$6,$83,$226,$35,$0,$13,$13,$49,$1,$25,$4,$177,$226,$16,$10,$3,$12,$0,$9,$-2,$-1,$0,$29,$-5,$0,$0,$0,$0,$0,$-1,$-6,$0,$0,$0,$0,$0,$0,$0,$1,$27,$3,$0
37,2009-04-30,6.98,$1.20,5.82,$2.54,2.75,$-0.06,0.0,$0.27,25.83,$0.11B,$0.03B,4.16,$0.00B,$0.17B,0.0,$0.36B,$0.17B,48.32%,$0.36B,$0.06B,15.36%,$0.36B,$0.06B,15.36%,$0.36B,$0.07B,19.83%,$0.36B,$0.06B,15.36%,$0.36B,$0.04B,10.61%,$0.04B,$0.17B,25.33%,$0.04B,$0.16B,26.76%,$0.04B,$0.21B,19.19%,$0.06B,$0.17B,36.67%,$82,$47,$35,$0,$25,$72,$10,$0,$10,$3,$7,$7,$7,$14,$10,$140,141,$0.05,$0.05,$59,$45,$0,$114,$61,$0,$8,$6,$94,$208,$27,$0,$12,$12,$40,$1,$16,$-6,$168,$208,$7,$4,$2,$6,$0,$8,$-1,$-4,$-10,$3,$-2,$0,$0,$0,$0,$0,$-0,$-3,$0,$0,$0,$0,$0,$0,$0,$0,$2,$1,$0
38,2009-01-31,3.4,$1.11,3.07,$2.49,1.36,$-0.20,0.0,$0.29,11.93,$0.12B,$0.05B,2.58,$0.00B,$0.16B,0.0,$0.35B,$0.18B,50.71%,$0.35B,$0.06B,16.15%,$0.35B,$0.06B,16.15%,$0.35B,$0.07B,20.40%,$0.35B,$0.06B,16.15%,$0.35B,$0.04B,11.05%,$0.04B,$0.16B,28.16%,$0.04B,$0.15B,29.89%,$0.04B,$0.21B,21.00%,$0.06B,$0.16B,41.16%,$104,$52,$52,$0,$31,$88,$16,$0,$16,$5,$11,$11,$11,$21,$16,$137,142,$0.08,$0.07,$57,$52,$0,$117,$62,$0,$8,$5,$95,$212,$45,$0,$11,$11,$57,$1,$10,$-11,$155,$212,$39,$16,$-5,$10,$-1,$-20,$1,$5,$-3,$46,$-44,$0,$0,$0,$0,$0,$-3,$-47,$0,$0,$0,$1,$1,$0,$12,$13,$4,$7,$0
39,2008-10-31,7.09,$1.00,7.06,$2.50,2.83,$-0.20,0.0,$0.31,22.85,$0.11B,$0.05B,2.3,$0.00B,$0.14B,0.0,$0.35B,$0.18B,52.14%,$0.35B,$0.06B,17.95%,$0.35B,$0.06B,17.95%,$0.35B,$0.08B,21.65%,$0.35B,$0.06B,18.23%,$0.35B,$0.04B,12.25%,$0.04B,$0.14B,33.66%,$0.04B,$0.13B,35.91%,$0.04B,$0.20B,25.07%,$0.06B,$0.14B,49.32%,$87,$45,$42,$0,$29,$74,$13,$0,$13,$4,$9,$9,$9,$17,$13,$138,141,$0.07,$0.07,$52,$49,$0,$107,$60,$0,$9,$0,$91,$198,$47,$0,$0,$11,$58,$1,$-1,$-11,$140,$198,$28,$11,$-6,$5,$0,$-16,$3,$-8,$-5,$29,$-33,$0,$0,$0,$0,$0,$-3,$-36,$0,$0,$0,$1,$1,$0,$10,$11,$-1,$5,$0
40,2008-07-31,11.1,$1.00,11.09,$2.34,4.75,$-0.27,0.0,$0.30,37.0,$0.10B,$0.03B,3.48,$0.00B,$0.14B,0.0,$0.33B,$0.18B,53.80%,$0.33B,$0.06B,18.84%,$0.33B,$0.06B,18.84%,$0.33B,$0.07B,22.19%,$0.33B,$0.06B,19.45%,$0.33B,$0.04B,12.77%,$0.04B,$0.14B,35.82%,$0.04B,$0.13B,38.53%,$0.04B,$0.17B,26.71%,$0.06B,$0.14B,52.88%,$85,$41,$44,$0,$29,$70,$16,$0,$16,$3,$12,$12,$11,$19,$16,$136,141,$0.08,$0.08,$44,$43,$0,$98,$55,$0,$7,$0,$76,$174,$28,$0,$0,$10,$38,$0,$-10,$4,$137,$174,$20,$7,$-0,$7,$0,$-6,$-4,$-1,$-15,$11,$-19,$0,$0,$0,$0,$0,$-3,$-22,$0,$0,$0,$0,$0,$0,$3,$3,$-9,$4,$0
41,2008-04-30,15.49,$0.90,17.21,$2.15,7.21,$-0.23,0.0,$0.26,60.73,$0.10B,$0.03B,3.21,$0.00B,$0.12B,0.0,$0.30B,$0.16B,54.30%,$0.30B,$0.06B,18.54%,$0.30B,$0.06B,18.54%,$0.30B,$0.07B,21.85%,$0.30B,$0.06B,19.21%,$0.30B,$0.04B,11.92%,$0.04B,$0.12B,37.40%,$0.04B,$0.11B,40.91%,$0.04B,$0.16B,26.77%,$0.06B,$0.12B,58.18%,$77,$36,$41,$0,$29,$65,$12,$0,$12,$4,$8,$8,$8,$15,$12,$135,143,$0.07,$0.06,$34,$55,$0,$97,$49,$0,$8,$0,$62,$159,$30,$0,$7,$7,$37,$0,$-21,$4,$122,$159,$8,$3,$2,$5,$0,$-16,$-1,$-9,$-24,$-10,$-8,$0,$0,$0,$0,$0,$-0,$-9,$0,$0,$0,$0,$0,$0,$0,$0,$-19,$2,$0
