,Date,Stock Price,Book Value per Share,Price to Book Ratio,TTM Sales per Share,Price to Sales Ratio,TTM FCF per Share,Price to FCF Ratio,TTM Net EPS,PE Ratio,Current Assets,Current Liabilities,Current Ratio,Long Term Debt,Shareholder's Equity_x,Debt to Equity Ratio,TTM Revenue_x,TTM Gross Profit,Gross Margin,TTM Revenue_y,TTM Operating Income,Operating Margin,TTM Revenue_x,TTM EBIT,EBIT Margin,TTM Revenue_y,TTM EBITDA,EBITDA Margin,TTM Revenue_x,TTM Pre-Tax Income,Pre-Tax Margin,TTM Revenue_y,TTM Net Income_x,Net Margin,TTM Net Income_y,Shareholder's Equity_y,Return on Equity,TTM Net Income_x,Tangible Equity,Return on Tangible Equity,TTM Net Income_y,Total Assets,Return on Assets,TTM Net Income,LT Investments & Debt,Return on Investment,revenue,cost-goods-sold,gross-profit,research-development-expenses,selling-general-administrative-expenses,operating-expenses,operating-income,total-non-operating-income-expense,pre-tax-income,total-provision-income-taxes,income-after-taxes,income-from-continuous-operations,net-income,ebitda,ebit,basic-shares-outstanding,shares-outstanding,eps-basic-net-earnings-per-share,eps-earnings-per-share-diluted,cash-on-hand,inventory,other-current-assets,total-current-assets,net-property-plant-equipment,long-term-investments,goodwill-intangible-assets-total,other-long-term-assets,total-long-term-assets,total-assets,total-current-liabilities,long-term-debt,other-non-current-liabilities,total-long-term-liabilities,total-liabilities,common-stock-net,retained-earnings-accumulated-deficit,comprehensive-income,total-share-holder-equity,total-liabilities-share-holders-equity,net-income-loss,total-depreciation-amortization-cash-flow,other-non-cash-items,total-non-cash-items,change-in-accounts-receivable,change-in-inventories,change-in-accounts-payable,change-in-assets-liabilities,total-change-in-assets-liabilities,cash-flow-from-operating-activities,net-change-in-property-plant-equipment,net-change-in-intangible-assets,net-acquisitions-divestitures,net-change-in-short-term-investments,net-change-in-long-term-investments,net-change-in-investments-total,investing-activities-other,cash-flow-from-investing-activities,net-long-term-debt,net-current-debt,debt-issuance-retirement-net-total,net-common-equity-issued-repurchased,net-total-equity-issued-repurchased,total-common-preferred-stock-dividends-paid,financial-activities-other,cash-flow-from-financial-activities,net-cash-flow,stock-based-compensation,common-stock-dividends-paid
0,2018-09-30,62.45,$18.06,3.46,$36.88,1.69,$11.37,5.49,$6.32,9.88,$5.60B,$7.84B,0.71,$4.76B,$10.15B,0.47,$21.54B,$7.01B,32.54%,$21.54B,$3.24B,15.02%,$21.54B,$3.24B,15.02%,$21.54B,$4.38B,20.35%,$21.54B,$3.07B,14.25%,$21.54B,$3.69B,17.12%,$3.69B,$10.15B,37.44%,$3.69B,$9.18B,41.53%,$3.69B,$26.88B,14.19%,$3.24B,$14.91B,22.14%,$5575,$3737,$1838,$0,$0,$4777,$798,$-12,$786,$171,$615,$615,$615,$1099,$798,$569,569,$1.08,$1.08,$3820,$483,$0,$5601,$19279,$0,$970,$1032,$21281,$26882,$7843,$4758,$1575,$8886,$16729,$808,$15402,$412,$10153,$26882,$1811,$870,$295,$1165,$-109,$0,$0,$925,$896,$3904,$-1384,$0,$0,$58,$0,$58,$-44,$-1370,$-277,$0,$-277,$-1474,$-1474,$-332,$158,$-1925,$609,$0,$-332
1,2018-06-30,50.75,$17.45,2.91,$35.95,1.41,$9.89,5.13,$6.08,8.35,$5.41B,$7.72B,0.7,$4.77B,$10.00B,0.48,$21.27B,$7.06B,33.19%,$21.27B,$3.28B,15.43%,$21.27B,$3.28B,15.43%,$21.27B,$4.43B,20.83%,$21.27B,$3.12B,14.65%,$21.27B,$3.60B,16.93%,$3.60B,$10.00B,37.86%,$3.60B,$9.03B,42.16%,$3.60B,$26.47B,14.22%,$3.28B,$14.77B,23.28%,$5742,$3747,$1995,$0,$0,$4770,$972,$-12,$960,$227,$733,$733,$733,$1264,$972,$578,579,$1.27,$1.27,$3686,$459,$0,$5408,$19066,$0,$970,$1021,$21057,$26465,$7716,$4768,$1570,$8752,$16468,$808,$14878,$298,$9997,$26465,$1195,$569,$192,$761,$-96,$0,$0,$893,$717,$2632,$-929,$0,$0,$204,$0,$204,$-41,$-766,$-172,$0,$-172,$-983,$-983,$-240,$148,$-1247,$619,$0,$-240
2,2018-03-31,56.95,$16.59,3.43,$35.51,1.6,$9.27,6.14,$6.04,9.43,$4.80B,$7.16B,0.67,$4.79B,$9.62B,0.5,$21.26B,$7.33B,34.46%,$21.26B,$3.53B,16.58%,$21.26B,$3.53B,16.58%,$21.26B,$4.70B,22.12%,$21.26B,$3.32B,15.62%,$21.26B,$3.61B,16.99%,$3.61B,$9.62B,39.49%,$3.61B,$8.65B,44.17%,$3.61B,$25.50B,14.63%,$3.53B,$14.41B,26.01%,$4944,$3426,$1518,$0,$0,$4328,$616,$-14,$602,$139,$463,$463,$463,$893,$616,$587,588,$0.79,$0.79,$3243,$430,$0,$4801,$18773,$0,$970,$959,$20702,$25503,$7162,$4790,$1716,$8722,$15884,$808,$14238,$78,$9619,$25503,$463,$277,$65,$342,$-15,$0,$0,$753,$237,$1002,$-409,$0,$0,$360,$0,$360,$-24,$-73,$-89,$0,$-89,$-491,$-491,$-148,$126,$-602,$327,$0,$-148
3,2017-12-31,64.93,$16.38,3.96,$35.01,1.85,$10.24,6.34,$5.82,11.16,$4.82B,$6.86B,0.7,$4.71B,$9.64B,0.49,$21.17B,$7.42B,35.05%,$21.17B,$3.52B,16.60%,$21.17B,$3.52B,16.60%,$21.17B,$4.73B,22.36%,$21.17B,$3.25B,15.36%,$21.17B,$3.49B,16.48%,$3.49B,$9.64B,39.66%,$3.49B,$8.67B,44.58%,$3.49B,$25.11B,14.38%,$3.52B,$14.35B,27.06%,$5283,$3623,$1660,$0,$0,$4434,$849,$-127,$722,$-1156,$1878,$1878,$1878,$1128,$849,$601,603,$3.14,$3.13,$3273,$420,$0,$4815,$18539,$0,$970,$786,$20295,$25110,$6863,$4710,$1777,$8606,$15469,$808,$13832,$12,$9641,$25110,$3488,$1218,$-1199,$19,$-102,$0,$0,$399,$543,$3929,$-2123,$0,$0,$-159,$0,$-159,$-126,$-2408,$-2,$0,$-2,$-1571,$-1571,$-274,$141,$-1706,$-185,$0,$-274
4,2017-09-30,55.43,$14.83,3.74,$34.27,1.62,$10.81,5.13,$3.48,15.93,$4.28B,$6.97B,0.62,$4.07B,$8.80B,0.46,$20.96B,$7.58B,36.17%,$20.96B,$3.51B,16.75%,$20.96B,$3.51B,16.75%,$20.96B,$4.77B,22.74%,$20.96B,$3.34B,15.92%,$20.96B,$2.13B,10.17%,$2.13B,$8.80B,25.11%,$2.13B,$7.83B,28.35%,$2.13B,$24.25B,8.96%,$3.51B,$12.87B,28.12%,$5303,$3415,$1888,$0,$0,$4458,$845,$-13,$832,$304,$528,$528,$528,$1147,$845,$597,598,$0.88,$0.88,$3040,$438,$0,$4280,$18156,$0,$970,$843,$19969,$24249,$6965,$4074,$713,$8484,$15449,$808,$12806,$-136,$8800,$24249,$1610,$939,$262,$1201,$-23,$0,$0,$824,$644,$3366,$-1603,$0,$0,$43,$0,$43,$-113,$-1673,$-541,$0,$-541,$-1228,$-1228,$-274,$130,$-1913,$-220,$0,$-274
5,2017-06-30,61.38,$14.25,4.31,$33.62,1.83,$11.41,5.38,$3.26,18.83,$4.34B,$7.10B,0.61,$4.05B,$8.53B,0.47,$20.80B,$7.36B,35.39%,$20.80B,$3.36B,16.16%,$20.80B,$3.36B,16.16%,$20.80B,$4.63B,22.26%,$20.80B,$3.12B,15.02%,$20.80B,$1.99B,9.58%,$1.99B,$8.53B,24.00%,$1.99B,$7.56B,27.17%,$1.99B,$23.92B,8.48%,$3.36B,$12.58B,27.76%,$5731,$3470,$2261,$0,$0,$4516,$1215,$-50,$1165,$422,$743,$743,$743,$1534,$1215,$604,605,$1.23,$1.23,$3152,$365,$0,$4343,$17679,$0,$970,$929,$19578,$23921,$7097,$4046,$708,$8294,$15391,$808,$12378,$-263,$8530,$23921,$1082,$637,$142,$779,$-23,$0,$0,$856,$590,$2370,$-965,$0,$0,$9,$0,$9,$-97,$-1053,$-433,$0,$-433,$-936,$-936,$-199,$108,$-1460,$-143,$0,$-199
6,2017-03-31,53.0,$13.57,3.91,$32.57,1.63,$11.95,4.44,$3.31,16.01,$4.66B,$7.46B,0.63,$3.96B,$8.20B,0.48,$20.45B,$7.30B,35.67%,$20.45B,$3.42B,16.73%,$20.45B,$3.42B,16.73%,$20.45B,$4.67B,22.84%,$20.45B,$3.26B,15.95%,$20.45B,$2.07B,10.12%,$2.07B,$8.20B,25.47%,$2.07B,$7.23B,28.92%,$2.07B,$23.76B,8.95%,$3.42B,$12.16B,29.14%,$4854,$3242,$1612,$0,$0,$4248,$606,$-74,$532,$193,$339,$339,$339,$924,$606,$613,614,$0.55,$0.55,$3482,$356,$0,$4658,$17286,$0,$970,$849,$19105,$23763,$7458,$3956,$703,$8101,$15559,$808,$11708,$-312,$8204,$23763,$339,$318,$81,$399,$-35,$0,$0,$874,$931,$1625,$-414,$0,$0,$-7,$0,$-7,$-49,$-470,$-371,$0,$-371,$-543,$-543,$-123,$53,$-984,$171,$0,$-123
7,2016-12-31,49.04,$13.72,3.57,$32.11,1.53,$11.79,4.16,$3.53,13.89,$4.50B,$6.84B,0.66,$3.90B,$8.44B,0.46,$20.43B,$7.50B,36.70%,$20.43B,$3.76B,18.41%,$20.43B,$3.76B,18.41%,$20.43B,$4.98B,24.39%,$20.43B,$3.55B,17.37%,$20.43B,$2.24B,10.99%,$2.24B,$8.44B,28.22%,$2.24B,$7.47B,32.14%,$2.24B,$23.29B,9.86%,$3.76B,$12.34B,33.06%,$5076,$3255,$1821,$0,$0,$4231,$845,$-36,$809,$286,$523,$523,$523,$1163,$845,$627,633,$0.85,$0.86,$3305,$337,$0,$4498,$17044,$0,$970,$774,$18788,$23286,$6844,$3899,$728,$8001,$14845,$808,$11418,$-323,$8441,$23286,$2244,$1221,$276,$1497,$-50,$0,$0,$541,$717,$4293,$-2038,$0,$0,$-125,$0,$-125,$-109,$-2272,$-85,$0,$-85,$-1721,$-1721,$-222,$104,$-1924,$97,$0,$-222
8,2016-09-30,38.19,$13.07,2.92,$31.54,1.21,$10.02,3.81,$3.51,10.88,$4.84B,$7.82B,0.62,$3.31B,$8.05B,0.41,$20.33B,$7.58B,37.29%,$20.33B,$3.94B,19.39%,$20.33B,$3.94B,19.39%,$20.33B,$5.11B,25.13%,$20.33B,$3.58B,17.63%,$20.33B,$2.26B,11.10%,$2.26B,$8.05B,29.39%,$2.26B,$7.08B,33.63%,$2.26B,$23.05B,10.14%,$3.94B,$11.36B,35.99%,$5139,$3471,$1668,$0,$0,$4444,$695,$-77,$618,$230,$388,$388,$388,$1010,$695,$618,625,$0.63,$0.62,$3446,$331,$0,$4839,$16546,$0,$970,$690,$18206,$23045,$7816,$3312,$661,$7182,$14998,$808,$10957,$-499,$8047,$23045,$1722,$903,$315,$1218,$-355,$0,$0,$855,$772,$3584,$-1364,$0,$0,$1,$0,$1,$-70,$-1433,$-177,$0,$-177,$-1427,$-1427,$-222,$58,$-1768,$383,$0,$-222
9,2016-06-30,38.4,$12.61,3.05,$31.33,1.23,$9.01,4.26,$3.77,10.19,$4.47B,$7.83B,0.57,$3.29B,$7.82B,0.42,$20.51B,$7.97B,38.88%,$20.51B,$4.47B,21.80%,$20.51B,$4.47B,21.80%,$20.51B,$5.58B,27.21%,$20.51B,$3.90B,19.01%,$20.51B,$2.45B,11.96%,$2.45B,$7.82B,33.10%,$2.45B,$6.85B,38.09%,$2.45B,$22.45B,11.26%,$4.47B,$11.12B,42.10%,$5384,$3190,$2194,$0,$0,$4108,$1276,$28,$1304,$484,$820,$820,$820,$1574,$1276,$632,639,$1.30,$1.28,$3415,$328,$0,$4469,$16294,$0,$970,$714,$17978,$22447,$7833,$3294,$681,$6793,$14626,$808,$10631,$-628,$7821,$22447,$1333,$588,$67,$655,$-35,$0,$0,$835,$825,$2728,$-900,$0,$0,$93,$0,$93,$-42,$-849,$-107,$0,$-107,$-1183,$-1183,$-160,$28,$-1422,$457,$0,$-160
10,2016-03-31,43.77,$11.74,3.73,$30.50,1.43,$7.75,5.65,$3.39,12.91,$4.57B,$8.25B,0.55,$3.18B,$7.50B,0.42,$20.23B,$7.68B,37.96%,$20.23B,$4.28B,21.15%,$20.23B,$4.28B,21.15%,$20.23B,$5.34B,26.40%,$20.23B,$3.57B,17.66%,$20.23B,$2.24B,11.08%,$2.24B,$7.50B,30.93%,$2.24B,$6.53B,35.71%,$2.24B,$22.24B,10.45%,$4.28B,$10.68B,41.19%,$4826,$3014,$1812,$0,$0,$3882,$944,$-128,$816,$303,$513,$513,$513,$1234,$944,$641,648,$0.80,$0.79,$3582,$289,$0,$4574,$15964,$0,$970,$733,$17667,$22241,$8253,$3180,$703,$6492,$14745,$808,$9872,$-894,$7496,$22241,$513,$290,$114,$404,$-21,$0,$0,$458,$750,$1616,$-438,$0,$0,$274,$0,$274,$-11,$-175,$-58,$0,$-58,$-489,$-489,$-96,$7,$-636,$805,$0,$-96
11,2015-12-31,41.99,$11.36,3.7,$29.53,1.42,$7.22,5.82,$3.26,12.88,$4.02B,$7.41B,0.54,$3.30B,$7.36B,0.45,$19.82B,$7.41B,37.40%,$19.82B,$4.12B,20.77%,$19.82B,$4.12B,20.77%,$19.82B,$5.13B,25.89%,$19.82B,$3.48B,17.55%,$19.82B,$2.18B,11.00%,$2.18B,$7.36B,30.73%,$2.18B,$6.39B,35.60%,$2.18B,$21.31B,10.30%,$4.12B,$10.66B,40.35%,$4977,$3071,$1906,$0,$0,$3951,$1026,$-180,$846,$310,$536,$536,$536,$1290,$1026,$661,669,$0.83,$0.83,$3051,$311,$0,$4024,$15601,$0,$970,$717,$17288,$21312,$7406,$3298,$760,$6548,$13954,$808,$9409,$-1051,$7358,$21312,$2181,$1015,$4,$1019,$-88,$0,$0,$-373,$500,$3238,$-2041,$0,$0,$237,$0,$237,$-109,$-1913,$277,$0,$277,$-1134,$-1134,$-180,$13,$-1024,$301,$0,$-180
12,2015-09-30,37.04,$10.71,3.46,$28.74,1.29,$7.09,5.23,$2.72,13.62,$4.57B,$7.08B,0.65,$3.07B,$6.97B,0.44,$19.47B,$7.00B,35.97%,$19.47B,$3.71B,19.06%,$19.47B,$3.71B,19.06%,$19.47B,$4.71B,24.21%,$19.47B,$2.93B,15.07%,$19.47B,$1.84B,9.42%,$1.84B,$6.97B,26.40%,$1.84B,$6.00B,30.68%,$1.84B,$21.16B,8.83%,$3.71B,$10.03B,37.19%,$5318,$3257,$2061,$0,$0,$4093,$1225,$-292,$933,$349,$584,$584,$584,$1482,$1225,$655,663,$0.89,$0.88,$3096,$308,$0,$4573,$14929,$0,$970,$687,$16586,$21159,$7084,$3065,$931,$7107,$14191,$808,$8922,$-903,$6968,$21159,$1645,$751,$132,$883,$-86,$0,$0,$444,$782,$2914,$-1231,$0,$0,$349,$0,$349,$-85,$-967,$-178,$0,$-178,$-1150,$-1150,$-180,$19,$-1489,$458,$0,$-180
13,2015-06-30,32.16,$10.86,2.96,$27.66,1.16,$6.60,4.87,$2.32,13.86,$4.60B,$6.88B,0.67,$3.04B,$7.16B,0.43,$18.95B,$6.39B,33.69%,$18.95B,$3.10B,16.36%,$18.95B,$3.10B,16.36%,$18.95B,$4.08B,21.54%,$18.95B,$2.53B,13.33%,$18.95B,$1.58B,8.34%,$1.58B,$7.16B,22.36%,$1.58B,$6.19B,25.92%,$1.58B,$21.08B,7.66%,$3.10B,$10.20B,31.04%,$5111,$3210,$1901,$0,$0,$4026,$1085,$-108,$977,$369,$608,$608,$608,$1335,$1085,$665,673,$0.91,$0.90,$3132,$326,$0,$4596,$14860,$0,$970,$649,$16479,$21075,$6876,$3043,$708,$7041,$13917,$808,$8387,$-664,$7158,$21075,$1061,$494,$128,$622,$-90,$0,$0,$530,$483,$2079,$-1001,$0,$0,$346,$0,$346,$-53,$-708,$-97,$0,$-97,$-659,$-659,$-131,$6,$-881,$490,$0,$-131
14,2015-03-31,42.97,$10.33,4.16,$27.25,1.58,$7.26,5.92,$2.09,20.56,$4.96B,$6.90B,0.72,$3.01B,$6.90B,0.44,$18.85B,$6.06B,32.13%,$18.85B,$2.79B,14.80%,$18.85B,$2.79B,14.80%,$18.85B,$3.75B,19.90%,$18.85B,$2.30B,12.17%,$18.85B,$1.44B,7.62%,$1.44B,$6.90B,20.08%,$1.44B,$5.93B,23.23%,$1.44B,$21.16B,6.98%,$2.79B,$9.91B,27.98%,$4414,$2870,$1544,$0,$0,$3634,$780,$-57,$723,$270,$453,$453,$453,$1024,$780,$674,682,$0.67,$0.66,$3438,$304,$0,$4963,$14607,$0,$970,$623,$16200,$21163,$6903,$3011,$1095,$7358,$14261,$808,$7829,$-742,$6902,$21163,$453,$244,$30,$274,$-130,$0,$0,$713,$760,$1452,$-573,$0,$0,$293,$0,$293,$-22,$-302,$-53,$0,$-53,$-287,$-287,$-81,$14,$-407,$743,$0,$-81
15,2014-12-31,40.99,$10.03,4.09,$26.67,1.54,$7.00,5.86,$1.65,24.84,$3.93B,$5.92B,0.66,$2.99B,$6.78B,0.44,$18.61B,$5.49B,29.53%,$18.61B,$2.23B,11.96%,$18.61B,$2.23B,11.96%,$18.61B,$3.16B,17.00%,$18.61B,$1.82B,9.76%,$18.61B,$1.14B,6.11%,$1.14B,$6.78B,15.72%,$1.14B,$5.81B,18.15%,$1.14B,$19.72B,5.60%,$2.23B,$9.76B,22.37%,$4628,$3131,$1497,$0,$0,$4007,$621,$-320,$301,$111,$190,$190,$190,$872,$621,$687,696,$0.28,$0.27,$2988,$342,$0,$3927,$14292,$0,$970,$534,$15796,$19723,$5923,$2988,$1255,$7025,$12948,$808,$7416,$-738,$6775,$19723,$1136,$938,$780,$1718,$54,$0,$0,$235,$325,$2902,$-1748,$0,$0,$105,$0,$105,$-84,$-1727,$-272,$0,$-272,$-845,$-845,$-139,$8,$-1248,$-73,$0,$-139
16,2014-09-30,32.66,$10.95,2.98,$26.18,1.25,$6.79,4.81,$1.67,19.56,$4.99B,$6.45B,0.77,$2.65B,$7.43B,0.36,$18.40B,$5.20B,28.24%,$18.40B,$1.99B,10.81%,$18.40B,$1.99B,10.81%,$18.40B,$2.90B,15.76%,$18.40B,$1.85B,10.04%,$18.40B,$1.16B,6.29%,$1.16B,$7.43B,15.72%,$1.16B,$6.46B,18.10%,$1.16B,$20.54B,5.74%,$1.99B,$10.08B,19.90%,$4800,$3357,$1443,$0,$0,$4186,$614,$-89,$525,$196,$329,$329,$329,$852,$614,$683,691,$0.48,$0.48,$3560,$429,$0,$4985,$13965,$0,$970,$619,$15554,$20539,$6446,$2646,$658,$6664,$13110,$808,$7266,$-92,$7429,$20539,$946,$687,$468,$1155,$-83,$0,$0,$807,$638,$2698,$-1282,$0,$0,$83,$0,$83,$-60,$-1259,$-175,$0,$-175,$-659,$-659,$-138,$10,$-962,$477,$0,$-138
17,2014-06-30,25.93,$10.97,2.36,$25.63,1.01,$6.42,4.04,$1.56,16.62,$5.32B,$7.03B,0.76,$2.62B,$7.52B,0.35,$18.15B,$4.93B,27.14%,$18.15B,$1.77B,9.73%,$18.15B,$1.77B,9.73%,$18.15B,$2.66B,14.65%,$18.15B,$1.74B,9.60%,$18.15B,$1.09B,5.99%,$1.09B,$7.52B,14.98%,$1.09B,$6.55B,17.29%,$1.09B,$20.89B,5.47%,$1.77B,$10.14B,17.85%,$5011,$3437,$1574,$0,$0,$4236,$775,$-29,$746,$281,$465,$465,$465,$1003,$775,$690,698,$0.67,$0.67,$3994,$435,$0,$5317,$13727,$0,$970,$877,$15574,$20891,$7027,$2621,$710,$6348,$13375,$808,$6979,$111,$7516,$20891,$617,$449,$14,$463,$-61,$0,$0,$1006,$1393,$2458,$-876,$0,$0,$-307,$0,$-307,$-32,$-1215,$-124,$0,$-124,$-482,$-482,$-97,$-13,$-716,$527,$0,$-97
18,2014-03-31,22.74,$10.39,2.19,$24.88,0.91,$5.59,4.07,$1.20,18.95,$4.81B,$6.44B,0.75,$2.62B,$7.19B,0.37,$17.78B,$4.54B,25.55%,$17.78B,$1.42B,8.00%,$17.78B,$1.42B,8.00%,$17.78B,$2.30B,12.94%,$17.78B,$1.36B,7.64%,$17.78B,$0.85B,4.76%,$0.85B,$7.19B,11.96%,$0.85B,$6.22B,13.86%,$0.85B,$19.98B,4.34%,$1.42B,$9.81B,14.65%,$4166,$3186,$980,$0,$0,$3951,$215,$29,$244,$92,$152,$152,$152,$436,$215,$698,707,$0.22,$0.22,$3498,$438,$0,$4814,$13420,$0,$970,$772,$15162,$19976,$6441,$2622,$726,$6345,$12786,$808,$6555,$-12,$7190,$19976,$152,$221,$32,$253,$-72,$0,$0,$779,$731,$1119,$-395,$0,$0,$49,$0,$49,$-12,$-358,$-49,$0,$-49,$-266,$-266,$-56,$-4,$-375,$386,$0,$-56
19,2013-12-31,18.11,$10.47,1.73,$24.61,0.74,$5.18,3.5,$1.06,17.09,$4.46B,$5.68B,0.79,$2.63B,$7.34B,0.36,$17.70B,$4.36B,24.62%,$17.70B,$1.28B,7.22%,$17.70B,$1.28B,7.22%,$17.70B,$2.15B,12.12%,$17.70B,$1.21B,6.83%,$17.70B,$0.75B,4.26%,$0.75B,$7.34B,10.74%,$0.75B,$6.37B,12.46%,$0.75B,$19.35B,3.90%,$1.28B,$9.96B,13.20%,$4427,$3226,$1201,$0,$0,$4042,$385,$-52,$333,$121,$212,$212,$212,$609,$385,$710,718,$0.30,$0.29,$3152,$467,$0,$4456,$13389,$0,$970,$530,$14889,$19345,$5676,$2628,$771,$6333,$12009,$808,$6431,$-3,$7336,$19345,$754,$867,$45,$912,$-17,$0,$0,$411,$737,$2477,$-1433,$0,$0,$63,$0,$63,$-14,$-1384,$-318,$0,$-318,$-444,$-444,$-71,$-18,$-851,$242,$0,$-71
20,2013-09-30,13.97,$10.07,1.39,$23.95,0.58,$4.67,2.99,$0.87,16.06,$4.77B,$5.55B,0.86,$2.62B,$7.01B,0.37,$17.44B,$4.02B,23.05%,$17.44B,$0.98B,5.64%,$17.44B,$0.98B,5.64%,$17.44B,$1.86B,10.66%,$17.44B,$1.00B,5.74%,$17.44B,$0.62B,3.56%,$0.62B,$7.01B,8.95%,$0.62B,$6.04B,10.41%,$0.62B,$19.36B,3.25%,$0.98B,$9.63B,10.09%,$4545,$3374,$1171,$0,$0,$4155,$390,$29,$419,$160,$259,$259,$259,$611,$390,$703,711,$0.37,$0.37,$3328,$521,$0,$4773,$13203,$0,$970,$418,$14591,$19364,$5546,$2616,$1198,$6805,$12351,$808,$6246,$-114,$7013,$19364,$542,$643,$28,$671,$-74,$0,$0,$784,$895,$2188,$-995,$0,$0,$-135,$0,$-135,$0,$-1130,$-270,$0,$-270,$-470,$-470,$-71,$-27,$-838,$220,$0,$-71
21,2013-06-30,12.33,$9.60,1.28,$23.38,0.53,$4.19,2.94,$0.52,23.71,$4.86B,$5.78B,0.84,$2.67B,$6.78B,0.39,$17.21B,$3.77B,21.92%,$17.21B,$0.64B,3.74%,$17.21B,$0.64B,3.74%,$17.21B,$1.51B,8.79%,$17.21B,$0.62B,3.57%,$17.21B,$0.38B,2.20%,$0.38B,$6.78B,5.45%,$0.38B,$5.81B,6.34%,$0.38B,$19.38B,1.99%,$0.64B,$9.45B,6.56%,$4643,$3452,$1191,$0,$0,$4210,$433,$-70,$363,$139,$224,$224,$224,$645,$433,$714,722,$0.31,$0.31,$3393,$461,$0,$4864,$13164,$0,$970,$384,$14518,$19382,$5779,$2671,$1211,$6822,$12601,$808,$6015,$-248,$6781,$19382,$283,$422,$56,$478,$-147,$0,$0,$863,$998,$1760,$-727,$0,$0,$-44,$0,$-44,$0,$-771,$-216,$0,$-216,$-332,$-332,$-43,$-22,$-613,$376,$0,$-43
22,2013-03-31,12.86,$9.64,1.33,$22.99,0.56,$3.84,3.35,$0.51,25.21,$4.51B,$5.41B,0.83,$2.71B,$6.96B,0.39,$17.18B,$3.76B,21.87%,$17.18B,$0.67B,3.91%,$17.18B,$0.67B,3.91%,$17.18B,$1.53B,8.89%,$17.18B,$0.62B,3.61%,$17.18B,$0.38B,2.22%,$0.38B,$6.96B,5.50%,$0.38B,$5.99B,6.39%,$0.38B,$19.20B,2.03%,$0.67B,$9.67B,6.76%,$4084,$3290,$794,$0,$0,$4014,$70,$24,$94,$35,$59,$59,$59,$280,$70,$725,727,$0.08,$0.08,$3135,$480,$0,$4514,$13130,$0,$970,$583,$14683,$19197,$5411,$2708,$1153,$6825,$12236,$808,$5818,$-111,$6961,$19197,$59,$210,$-19,$191,$-97,$0,$0,$710,$733,$983,$-534,$0,$0,$62,$0,$62,$0,$-472,$-164,$0,$-164,$-94,$-94,$-15,$-13,$-286,$225,$0,$-15
23,2012-12-31,9.76,$9.57,1.02,$22.55,0.43,$4.65,2.1,$0.56,17.43,$4.23B,$4.65B,0.91,$3.21B,$6.99B,0.46,$17.09B,$3.69B,21.59%,$17.09B,$0.62B,3.65%,$17.09B,$0.62B,3.65%,$17.09B,$1.47B,8.58%,$17.09B,$0.69B,4.01%,$17.09B,$0.42B,2.46%,$0.42B,$6.99B,6.03%,$0.42B,$6.02B,7.00%,$0.42B,$18.60B,2.25%,$0.62B,$10.21B,6.20%,$4172,$3307,$865,$0,$0,$4082,$90,$35,$125,$46,$79,$79,$79,$323,$90,$750,757,$0.11,$0.11,$2970,$469,$0,$4227,$12766,$0,$970,$633,$14369,$18596,$4650,$3214,$856,$6954,$11604,$808,$5768,$-119,$6992,$18596,$421,$844,$62,$906,$-33,$0,$0,$463,$616,$2064,$-1348,$0,$0,$515,$0,$515,$0,$-833,$-578,$0,$-578,$-373,$-373,$-22,$26,$-947,$284,$0,$-22
24,2012-09-30,8.35,$9.49,0.88,$22.34,0.37,$4.20,1.99,$0.65,12.85,$4.65B,$4.97B,0.94,$2.96B,$7.00B,0.42,$17.02B,$3.71B,21.78%,$17.02B,$0.68B,3.99%,$17.02B,$0.68B,3.99%,$17.02B,$1.49B,8.77%,$17.02B,$0.82B,4.79%,$17.02B,$0.49B,2.90%,$0.49B,$7.00B,7.10%,$0.49B,$6.03B,8.26%,$0.49B,$18.81B,2.66%,$0.68B,$9.96B,6.81%,$4309,$3387,$922,$0,$0,$4258,$51,$-18,$33,$17,$16,$16,$16,$265,$51,$739,740,$0.02,$0.02,$3235,$544,$0,$4652,$12572,$0,$970,$619,$14161,$18813,$4969,$2961,$1114,$6842,$11811,$808,$5700,$-125,$7002,$18813,$343,$611,$-34,$577,$-107,$0,$0,$742,$749,$1833,$-949,$0,$0,$305,$0,$305,$0,$-644,$-517,$0,$-517,$-303,$-303,$-22,$-8,$-850,$339,$0,$-22
25,2012-06-30,8.77,$9.21,0.95,$21.96,0.4,$3.56,2.46,$0.45,19.49,$4.69B,$5.08B,0.92,$3.02B,$6.84B,0.44,$17.03B,$3.75B,22.00%,$17.03B,$0.85B,5.02%,$17.03B,$0.85B,5.02%,$17.03B,$1.64B,9.64%,$17.03B,$0.56B,3.27%,$17.03B,$0.34B,1.99%,$0.34B,$6.84B,4.95%,$0.34B,$5.87B,5.77%,$0.34B,$18.52B,1.84%,$0.85B,$9.86B,8.61%,$4616,$3440,$1176,$0,$0,$4156,$460,$-92,$368,$140,$228,$228,$228,$659,$460,$757,764,$0.30,$0.30,$3256,$446,$0,$4691,$12342,$0,$970,$513,$13825,$18516,$5080,$3019,$945,$6596,$11676,$808,$5692,$-320,$6840,$18516,$327,$397,$-100,$297,$-105,$0,$0,$569,$765,$1370,$-543,$0,$0,$169,$0,$169,$6,$-368,$-469,$0,$-469,$-258,$-258,$-14,$-7,$-748,$254,$0,$-14
26,2012-03-31,7.83,$9.24,0.85,$21.17,0.37,$3.66,2.14,$0.36,21.74,$5.12B,$5.05B,1.01,$3.05B,$7.10B,0.43,$16.55B,$3.48B,21.04%,$16.55B,$0.60B,3.63%,$16.55B,$0.60B,3.63%,$16.55B,$1.36B,8.23%,$16.55B,$0.46B,2.80%,$16.55B,$0.27B,1.64%,$0.27B,$7.10B,3.92%,$0.27B,$6.13B,4.56%,$0.27B,$18.83B,1.47%,$0.60B,$10.15B,5.97%,$3991,$3265,$726,$0,$0,$3969,$22,$137,$159,$61,$98,$98,$98,$220,$22,$771,772,$0.13,$0.13,$3784,$432,$0,$5120,$12095,$0,$970,$641,$13706,$18826,$5047,$3048,$924,$6682,$11729,$808,$5486,$-57,$7097,$18826,$98,$198,$-187,$11,$-68,$0,$0,$816,$973,$1225,$-127,$0,$0,$115,$0,$115,$0,$-12,$-431,$0,$-431,$-45,$-45,$-7,$-1,$-484,$729,$0,$-7
27,2011-12-31,8.13,$8.90,0.91,$20.14,0.4,$3.45,2.36,$0.24,33.86,$4.35B,$4.53B,0.96,$3.11B,$6.88B,0.45,$15.66B,$3.42B,21.85%,$15.66B,$0.69B,4.43%,$15.66B,$0.69B,4.43%,$15.66B,$1.41B,8.99%,$15.66B,$0.32B,2.06%,$15.66B,$0.18B,1.14%,$0.18B,$6.88B,2.62%,$0.18B,$5.91B,2.94%,$0.18B,$18.07B,1.00%,$0.69B,$9.98B,7.08%,$4108,$3224,$884,$0,$0,$3961,$147,$109,$256,$104,$152,$152,$152,$349,$147,$774,775,$0.19,$0.19,$3144,$401,$0,$4345,$12127,$0,$970,$626,$13723,$18068,$4533,$3107,$910,$6658,$11191,$808,$5395,$-224,$6877,$18068,$178,$715,$213,$928,$-26,$0,$0,$-129,$98,$1356,$-968,$0,$-35,$-19,$0,$-19,$0,$-1022,$-621,$0,$-621,$-205,$-205,$-14,$74,$-766,$-432,$0,$-14
28,2011-09-30,7.63,$8.33,0.92,$19.01,0.4,$4.38,1.74,$0.22,34.68,$4.59B,$5.32B,0.86,$3.22B,$6.49B,0.5,$14.66B,$3.31B,22.60%,$14.66B,$0.76B,5.20%,$14.66B,$0.76B,5.20%,$14.66B,$1.43B,9.75%,$14.66B,$0.28B,1.90%,$14.66B,$0.16B,1.07%,$0.16B,$6.49B,2.37%,$0.16B,$5.52B,2.56%,$0.16B,$17.89B,0.91%,$0.76B,$9.71B,7.96%,$4311,$3351,$960,$0,$0,$4086,$225,$-451,$-226,$-86,$-140,$-140,$-140,$413,$225,$792,792,$-0.18,$-0.18,$3656,$459,$0,$4594,$11834,$0,$970,$487,$13291,$17885,$5320,$3220,$926,$6080,$11400,$808,$5251,$-513,$6485,$17885,$26,$513,$307,$820,$-96,$0,$0,$-124,$46,$985,$-548,$0,$-35,$-374,$0,$-374,$0,$-957,$-191,$0,$-191,$-140,$-140,$-14,$72,$-273,$-245,$0,$-14
29,2011-06-30,10.83,$8.96,1.21,$17.84,0.61,$5.02,2.16,$0.67,16.17,$5.42B,$5.32B,1.02,$3.24B,$7.20B,0.45,$13.55B,$3.23B,23.87%,$13.55B,$0.89B,6.59%,$13.55B,$0.89B,6.59%,$13.55B,$1.53B,11.30%,$13.55B,$0.84B,6.18%,$13.55B,$0.50B,3.71%,$0.50B,$7.20B,7.73%,$0.50B,$6.23B,8.03%,$0.50B,$18.95B,3.04%,$0.89B,$10.44B,9.42%,$4136,$3224,$912,$0,$0,$3929,$207,$68,$275,$114,$161,$161,$161,$380,$207,$780,787,$0.21,$0.21,$4374,$394,$0,$5421,$11721,$0,$971,$832,$13524,$18945,$5318,$3242,$838,$6425,$11743,$808,$5398,$-107,$7202,$18945,$166,$325,$4,$329,$-107,$0,$0,$418,$616,$1202,$-272,$0,$-35,$-513,$0,$-513,$0,$-820,$-143,$0,$-143,$31,$31,$-10,$74,$-48,$334,$0,$-10
30,2011-03-31,11.97,$8.81,1.36,$16.83,0.71,$4.66,2.57,$0.61,19.63,$5.33B,$4.36B,1.22,$2.43B,$6.59B,0.37,$12.58B,$3.17B,25.16%,$12.58B,$1.05B,8.33%,$12.58B,$1.05B,8.33%,$12.58B,$1.66B,13.22%,$12.58B,$0.75B,5.93%,$12.58B,$0.45B,3.60%,$0.45B,$6.59B,7.45%,$0.45B,$6.59B,7.45%,$0.45B,$16.41B,2.92%,$1.05B,$9.02B,11.55%,$3103,$2438,$665,$0,$0,$2989,$114,$-96,$18,$13,$5,$5,$5,$266,$114,$748,749,$0.01,$0.01,$4465,$320,$0,$5329,$10496,$0,$0,$589,$11085,$16414,$4358,$2428,$460,$5469,$9827,$808,$5399,$79,$6587,$16414,$5,$152,$38,$190,$-87,$0,$0,$449,$600,$965,$-57,$0,$0,$-174,$0,$-174,$0,$-231,$-30,$0,$-30,$4,$4,$-7,$77,$44,$778,$0,$-7
31,2010-12-31,12.3,$8.34,1.47,$16.22,0.76,$3.77,3.27,$0.61,20.16,$4.28B,$3.31B,1.3,$2.88B,$6.24B,0.46,$12.10B,$3.04B,25.13%,$12.10B,$0.99B,8.16%,$12.10B,$0.99B,8.16%,$12.10B,$1.60B,13.24%,$12.10B,$0.75B,6.15%,$12.10B,$0.46B,3.79%,$0.46B,$6.24B,7.89%,$0.46B,$6.24B,7.89%,$0.46B,$15.46B,3.05%,$0.99B,$9.11B,10.94%,$3114,$2337,$777,$0,$0,$2898,$216,$-4,$212,$81,$131,$131,$131,$371,$216,$746,747,$0.19,$0.18,$3538,$243,$0,$4279,$10578,$0,$0,$606,$11184,$15463,$3305,$2875,$465,$5921,$9226,$808,$5399,$-262,$6237,$15463,$459,$614,$272,$886,$-26,$0,$0,$410,$577,$1561,$-493,$0,$0,$-772,$0,$-772,$0,$-1265,$-155,$-44,$-199,$55,$55,$-13,$8,$-149,$147,$0,$-13
32,2010-09-30,12.38,$7.96,1.55,$15.71,0.79,$2.88,4.31,$0.59,20.99,$4.04B,$3.19B,1.27,$3.35B,$5.95B,0.56,$11.70B,$2.93B,25.07%,$11.70B,$0.94B,8.02%,$11.70B,$0.94B,8.02%,$11.70B,$1.55B,13.26%,$11.70B,$0.72B,6.13%,$11.70B,$0.44B,3.79%,$0.44B,$5.95B,7.88%,$0.44B,$5.95B,7.88%,$0.44B,$15.14B,3.01%,$0.94B,$9.30B,10.49%,$3192,$2313,$879,$0,$0,$2837,$355,$-23,$332,$127,$205,$205,$205,$513,$355,$746,747,$0.27,$0.27,$3379,$231,$0,$4042,$10566,$0,$0,$535,$11101,$15143,$3187,$3350,$0,$6006,$9193,$808,$5273,$-453,$5950,$15143,$328,$459,$267,$726,$-66,$0,$0,$523,$646,$1292,$-398,$0,$0,$-847,$0,$-847,$0,$-1245,$-123,$-44,$-167,$45,$45,$-13,$5,$-130,$-83,$0,$-13
33,2010-06-30,10.52,$7.44,1.41,$15.03,0.7,$1.71,6.16,$0.30,35.07,$3.97B,$3.34B,1.19,$3.32B,$5.55B,0.6,$11.18B,$2.56B,22.93%,$11.18B,$0.61B,5.42%,$11.18B,$0.61B,5.42%,$11.18B,$1.22B,10.90%,$11.18B,$0.37B,3.27%,$11.18B,$0.22B,1.99%,$0.22B,$5.55B,4.08%,$0.22B,$5.55B,4.08%,$0.22B,$14.99B,1.53%,$0.61B,$8.87B,6.91%,$3168,$2324,$844,$0,$0,$2805,$363,$-179,$184,$72,$112,$112,$112,$513,$363,$745,746,$0.15,$0.15,$3124,$226,$0,$3971,$10627,$0,$0,$389,$11016,$14987,$3338,$3324,$0,$6101,$9439,$808,$5075,$-641,$5548,$14987,$123,$301,$262,$563,$-108,$0,$0,$563,$650,$913,$-298,$0,$0,$-634,$0,$-634,$0,$-932,$-85,$-44,$-129,$35,$35,$-10,$-2,$-106,$-125,$0,$-10
34,2010-03-31,12.51,$7.44,1.68,$14.32,0.87,$1.08,11.55,$0.22,56.88,$3.62B,$2.92B,1.24,$3.31B,$5.54B,0.6,$10.62B,$2.33B,21.92%,$10.62B,$0.37B,3.45%,$10.62B,$0.37B,3.45%,$10.62B,$0.97B,9.17%,$10.62B,$0.29B,2.71%,$10.62B,$0.20B,1.89%,$0.20B,$5.54B,3.77%,$0.20B,$5.54B,3.77%,$0.20B,$14.53B,1.41%,$0.37B,$8.84B,4.23%,$2630,$2088,$542,$0,$0,$2576,$54,$-37,$17,$6,$11,$11,$11,$205,$54,$743,744,$0.01,$0.01,$2773,$227,$0,$3621,$10621,$0,$0,$288,$10909,$14530,$2917,$3305,$0,$6076,$8993,$808,$4973,$-518,$5537,$14530,$11,$151,$33,$184,$-67,$0,$0,$343,$191,$373,$-139,$0,$0,$-183,$0,$-183,$0,$-322,$-60,$0,$-60,$12,$12,$-7,$0,$-55,$-4,$0,$-7
35,2009-12-31,10.82,$7.34,1.47,$13.97,0.77,$1.04,10.39,$0.09,120.17,$3.36B,$2.70B,1.25,$3.33B,$5.45B,0.61,$10.35B,$2.22B,21.40%,$10.35B,$0.26B,2.53%,$10.35B,$0.26B,2.53%,$10.35B,$0.87B,8.37%,$10.35B,$0.16B,1.58%,$10.35B,$0.10B,0.96%,$0.10B,$5.45B,1.91%,$0.10B,$5.45B,1.91%,$0.10B,$14.27B,0.70%,$0.26B,$8.78B,3.07%,$2711,$2043,$668,$0,$0,$2544,$167,$17,$184,$69,$115,$115,$115,$320,$167,$741,741,$0.15,$0.15,$2593,$221,$0,$3358,$10634,$0,$0,$277,$10911,$14269,$2695,$3325,$493,$6120,$8815,$808,$4971,$-578,$5454,$14269,$99,$604,$86,$690,$40,$0,$0,$-36,$63,$985,$-585,$0,$0,$-986,$0,$-986,$2,$-1569,$369,$-414,$-45,$20,$20,$-13,$368,$330,$-254,$0,$-13
36,2009-09-30,9.08,$7.03,1.29,$14.01,0.65,$-2.81,0.0,$-0.15,0.0,$3.13B,$3.02B,1.03,$3.38B,$5.22B,0.65,$10.37B,$2.12B,20.40%,$10.37B,$0.17B,1.59%,$10.37B,$0.17B,1.59%,$10.37B,$0.77B,7.39%,$10.37B,$-0.10B,-0.99%,$10.37B,$-0.07B,-0.70%,$-0.07B,$5.22B,-1.44%,$-0.07B,$5.22B,-1.44%,$-0.07B,$14.10B,-0.52%,$0.17B,$8.60B,1.95%,$2666,$2158,$508,$0,$0,$2644,$22,$-42,$-20,$-4,$-16,$-16,$-16,$180,$22,$742,742,$-0.02,$-0.02,$2254,$196,$0,$3127,$10698,$0,$0,$275,$10973,$14100,$3024,$3378,$0,$5859,$8883,$808,$4876,$-715,$5217,$14100,$-16,$451,$82,$533,$-16,$0,$0,$59,$1,$493,$-471,$0,$0,$-842,$0,$-842,$1,$-1312,$392,$-408,$-16,$11,$11,$-13,$371,$353,$-466,$0,$-13
37,2009-06-30,6.36,$6.94,0.92,$14.34,0.44,$-2.48,0.0,$-0.29,0.0,$3.09B,$3.07B,1.01,$3.28B,$5.15B,0.64,$10.60B,$2.20B,20.73%,$10.60B,$0.23B,2.16%,$10.60B,$0.23B,2.16%,$10.60B,$0.82B,7.76%,$10.60B,$-0.29B,-2.72%,$10.60B,$-0.18B,-1.67%,$-0.18B,$5.15B,-3.20%,$-0.18B,$5.15B,-3.20%,$-0.18B,$14.03B,-1.17%,$0.23B,$8.42B,2.63%,$2616,$2005,$611,$0,$0,$2493,$123,$-16,$107,$16,$91,$91,$91,$269,$123,$741,741,$0.12,$0.12,$2198,$200,$0,$3094,$10661,$0,$0,$272,$10933,$14027,$3073,$3278,$0,$5808,$8881,$808,$4863,$-762,$5146,$14027,$0,$293,$62,$355,$-28,$0,$0,$41,$117,$420,$-272,$0,$0,$-743,$0,$-743,$1,$-1014,$291,$-491,$-200,$8,$8,$-10,$374,$172,$-422,$0,$-10
38,2009-03-31,5.98,$6.65,0.9,$14.70,0.41,$1.00,6.0,$0.08,74.75,$3.00B,$3.12B,0.96,$3.45B,$4.93B,0.7,$10.85B,$2.28B,21.04%,$10.85B,$0.31B,2.87%,$10.85B,$0.31B,2.87%,$10.85B,$0.90B,8.32%,$10.85B,$0.13B,1.24%,$10.85B,$0.05B,0.49%,$0.05B,$4.93B,0.83%,$0.05B,$4.93B,0.83%,$0.05B,$14.18B,0.30%,$0.31B,$8.38B,3.29%,$2357,$1929,$428,$0,$0,$2407,$-50,$-57,$-107,$-16,$-91,$-91,$-91,$97,$-50,$740,740,$-0.12,$-0.12,$2134,$171,$0,$2996,$10813,$0,$0,$370,$11183,$14179,$3123,$3447,$0,$6128,$9251,$808,$4819,$-922,$4928,$14179,$-91,$147,$55,$202,$-22,$0,$0,$238,$216,$286,$-85,$0,$0,$-553,$0,$-553,$0,$-638,$-35,$0,$-35,$4,$4,$-7,$167,$129,$-223,$3,$-7
39,2008-12-31,8.14,$6.69,1.22,$14.97,0.54,$1.54,5.27,$0.25,32.55,$2.65B,$2.81B,0.95,$3.50B,$4.95B,0.71,$11.02B,$2.43B,22.07%,$11.02B,$0.45B,4.07%,$11.02B,$0.45B,4.07%,$11.02B,$1.04B,9.40%,$11.02B,$0.28B,2.52%,$11.02B,$0.18B,1.61%,$0.18B,$4.95B,2.55%,$0.18B,$4.95B,2.55%,$0.18B,$14.07B,0.97%,$0.45B,$8.45B,4.64%,$2733,$2164,$569,$0,$0,$2663,$70,$-153,$-83,$-26,$-57,$-57,$-57,$221,$70,$735,739,$-0.09,$-0.09,$1803,$203,$0,$2653,$11040,$0,$0,$375,$11415,$14068,$2806,$3498,$0,$6309,$9115,$808,$4919,$-984,$4953,$14068,$178,$587,$262,$849,$71,$0,$0,$-2229,$-2256,$-1521,$-923,$0,$0,$-55,$0,$-55,$0,$-978,$945,$491,$1436,$63,$63,$-13,$168,$1654,$-845,$0,$-13
40,2008-09-30,13.69,$9.55,1.43,$14.51,0.94,$6.82,2.01,$0.48,28.52,$5.30B,$5.59B,0.95,$2.58B,$7.06B,0.37,$10.78B,$2.35B,21.82%,$10.78B,$0.51B,4.70%,$10.78B,$0.51B,4.70%,$10.78B,$1.08B,10.05%,$10.78B,$0.55B,5.06%,$10.78B,$0.35B,3.22%,$0.35B,$7.06B,4.64%,$0.35B,$7.06B,4.64%,$0.35B,$18.18B,1.82%,$0.51B,$9.64B,5.17%,$2891,$2302,$589,$0,$0,$2805,$86,$-291,$-205,$-85,$-120,$-120,$-120,$235,$86,$736,736,$-0.16,$-0.16,$4553,$286,$0,$5301,$11198,$0,$0,$1676,$12874,$18175,$5588,$2580,$0,$5523,$11111,$808,$4980,$1066,$7064,$18175,$234,$436,$123,$559,$-105,$0,$0,$741,$590,$1024,$-765,$0,$0,$-671,$0,$-671,$0,$-1436,$559,$0,$559,$59,$59,$-13,$-16,$589,$177,$14,$-13
41,2008-06-30,12.3,$11.89,1.03,$14.03,0.88,$7.49,1.64,$0.86,14.3,$8.93B,$8.37B,1.07,$2.59B,$8.73B,0.3,$10.48B,$2.52B,24.02%,$10.48B,$0.67B,6.41%,$10.48B,$0.67B,6.41%,$10.48B,$1.24B,11.79%,$10.48B,$1.03B,9.81%,$10.48B,$0.63B,6.00%,$0.63B,$8.73B,8.64%,$0.63B,$8.73B,8.64%,$0.63B,$23.26B,3.47%,$0.67B,$11.32B,7.19%,$2869,$2172,$697,$0,$0,$2664,$205,$324,$529,$208,$321,$321,$321,$350,$205,$732,737,$0.44,$0.44,$8116,$301,$0,$8929,$11170,$0,$0,$3163,$14333,$23262,$8374,$2590,$0,$6158,$14532,$808,$5123,$2699,$8730,$23262,$355,$287,$-149,$138,$-167,$0,$0,$2757,$2923,$3300,$-587,$0,$0,$-802,$0,$-802,$0,$-1389,$575,$0,$575,$-27,$-27,$-10,$-9,$529,$2440,$9,$-10
42,2008-03-31,11.69,$9.82,1.19,$13.44,0.87,$5.01,2.33,$0.78,14.99,$5.05B,$5.78B,0.87,$2.08B,$7.19B,0.29,$10.19B,$2.65B,25.98%,$10.19B,$0.80B,7.80%,$10.19B,$0.80B,7.80%,$10.19B,$1.35B,13.21%,$10.19B,$0.95B,9.28%,$10.19B,$0.59B,5.75%,$0.59B,$7.19B,8.74%,$0.59B,$7.19B,8.74%,$0.59B,$18.03B,3.65%,$0.80B,$9.26B,9.35%,$2530,$1952,$578,$0,$0,$2442,$88,$-51,$37,$3,$34,$34,$34,$230,$88,$733,734,$0.05,$0.05,$4370,$265,$0,$5050,$11091,$0,$0,$1890,$12981,$18031,$5781,$2079,$0,$5065,$10846,$808,$4811,$1492,$7185,$18031,$34,$142,$0,$142,$-70,$0,$0,$487,$463,$964,$-364,$0,$0,$238,$0,$238,$0,$-126,$-19,$0,$-19,$-43,$-43,$-7,$0,$-69,$769,$5,$-7
43,2007-12-31,11.5,$9.45,1.22,$12.75,0.9,$4.56,2.52,$0.85,13.53,$4.44B,$4.84B,0.92,$2.05B,$6.94B,0.3,$9.86B,$2.63B,26.63%,$9.86B,$0.79B,8.02%,$9.86B,$0.79B,8.02%,$9.86B,$1.33B,13.51%,$9.86B,$1.06B,10.73%,$9.86B,$0.65B,6.54%,$0.65B,$6.94B,9.85%,$0.65B,$6.94B,9.85%,$0.65B,$16.77B,4.27%,$0.79B,$8.99B,9.63%,$2492,$2003,$489,$0,$0,$2364,$128,$57,$185,$73,$112,$112,$112,$269,$128,$757,768,$0.15,$0.14,$3848,$259,$0,$4443,$10874,$0,$0,$1455,$12329,$16772,$4838,$2050,$0,$4993,$9831,$808,$4788,$1241,$6941,$16772,$645,$541,$-16,$525,$-38,$0,$0,$1518,$1629,$2845,$-1331,$0,$0,$-198,$0,$-198,$0,$-1529,$378,$0,$378,$-862,$-862,$-14,$5,$-493,$823,$37,$-14
44,2007-09-30,13.95,$8.54,1.63,$12.26,1.14,$2.59,5.37,$0.77,18.11,$2.87B,$3.83B,0.75,$1.56B,$6.27B,0.25,$9.65B,$2.64B,27.40%,$9.65B,$0.84B,8.67%,$9.65B,$0.84B,8.67%,$9.65B,$1.37B,14.16%,$9.65B,$0.97B,10.10%,$9.65B,$0.59B,6.12%,$0.59B,$6.27B,9.18%,$0.59B,$6.27B,9.18%,$0.59B,$14.52B,4.13%,$0.84B,$7.82B,10.48%,$2588,$1835,$753,$0,$0,$2337,$251,$26,$277,$115,$162,$162,$162,$386,$251,$739,752,$0.22,$0.22,$2254,$204,$0,$2870,$10667,$0,$0,$987,$11654,$14524,$3826,$1555,$0,$4429,$8255,$808,$4685,$723,$6269,$14524,$533,$400,$272,$672,$-85,$0,$0,$78,$679,$1751,$-981,$0,$0,$-138,$0,$-138,$0,$-1119,$-116,$0,$-116,$-873,$-873,$-14,$31,$-972,$-340,$30,$-14
45,2007-06-30,14.05,$8.60,1.63,$11.67,1.2,$1.84,7.65,$0.61,23.02,$3.31B,$4.09B,0.81,$1.52B,$6.43B,0.24,$9.40B,$2.61B,27.81%,$9.40B,$0.85B,9.00%,$9.40B,$0.85B,9.00%,$9.40B,$1.37B,14.55%,$9.40B,$0.78B,8.25%,$9.40B,$0.48B,5.06%,$0.48B,$6.43B,7.31%,$0.48B,$6.43B,7.31%,$0.48B,$14.85B,3.36%,$0.85B,$7.95B,10.58%,$2583,$1755,$828,$0,$0,$2255,$328,$119,$447,$169,$278,$278,$278,$462,$328,$769,780,$0.36,$0.36,$2747,$182,$0,$3306,$10487,$0,$0,$1060,$11547,$14853,$4085,$1518,$0,$4341,$8426,$808,$4534,$752,$6427,$14853,$371,$265,$164,$429,$-80,$0,$0,$174,$924,$1597,$-663,$0,$0,$-141,$0,$-141,$0,$-804,$-15,$0,$-15,$-582,$-582,$-11,$30,$-578,$215,$26,$-11
46,2007-03-31,13.84,$8.39,1.65,$11.33,1.22,$1.75,7.91,$0.65,21.3,$3.00B,$3.52B,0.85,$1.56B,$6.55B,0.24,$9.27B,$2.65B,28.57%,$9.27B,$0.92B,9.93%,$9.27B,$0.92B,9.93%,$9.27B,$1.43B,15.43%,$9.27B,$0.84B,9.10%,$9.27B,$0.53B,5.73%,$0.53B,$6.55B,7.99%,$0.53B,$6.55B,7.99%,$0.53B,$14.24B,3.72%,$0.92B,$8.11B,11.38%,$2198,$1642,$556,$0,$0,$2114,$84,$65,$149,$56,$93,$93,$93,$215,$84,$786,800,$0.12,$0.12,$2491,$174,$0,$2999,$10285,$0,$0,$954,$11239,$14238,$3524,$1556,$0,$4160,$7684,$808,$4264,$716,$6554,$14238,$93,$131,$26,$157,$-37,$0,$0,$154,$500,$617,$-325,$0,$0,$54,$0,$54,$0,$-271,$-9,$0,$-9,$-131,$-131,$-7,$29,$-118,$228,$13,$-7
47,2006-12-31,14.42,$8.23,1.75,$11.00,1.31,$1.97,7.32,$0.60,24.04,$2.60B,$2.89B,0.9,$1.57B,$6.45B,0.24,$9.09B,$2.63B,28.93%,$9.09B,$0.93B,10.28%,$9.09B,$0.93B,10.28%,$9.09B,$1.43B,15.77%,$9.09B,$0.79B,8.69%,$9.09B,$0.50B,5.49%,$0.50B,$6.45B,7.45%,$0.50B,$6.45B,7.45%,$0.50B,$13.46B,3.46%,$0.93B,$8.02B,11.55%,$2276,$1770,$506,$0,$0,$2103,$173,$-72,$101,$44,$57,$57,$57,$303,$173,$795,824,$0.07,$0.08,$2128,$181,$0,$2601,$10094,$0,$0,$765,$10859,$13460,$2887,$1567,$0,$4124,$7011,$808,$4307,$582,$6449,$13460,$499,$499,$297,$796,$-5,$0,$0,$237,$9,$1406,$-1399,$0,$20,$-117,$0,$-117,$1,$-1495,$-307,$0,$-307,$-540,$-540,$-14,$60,$-801,$-890,$80,$-14
