,Date,Stock Price,Book Value per Share,Price to Book Ratio,TTM Sales per Share,Price to Sales Ratio,TTM FCF per Share,Price to FCF Ratio,TTM Net EPS,PE Ratio,Current Assets,Current Liabilities,Current Ratio,Long Term Debt,Shareholder's Equity_x,Debt to Equity Ratio,TTM Revenue_x,TTM Gross Profit,Gross Margin,TTM Revenue_y,TTM Operating Income,Operating Margin,TTM Revenue_x,TTM EBIT,EBIT Margin,TTM Revenue_y,TTM EBITDA,EBITDA Margin,TTM Revenue_x,TTM Pre-Tax Income,Pre-Tax Margin,TTM Revenue_y,TTM Net Income_x,Net Margin,TTM Net Income_y,Shareholder's Equity_y,Return on Equity,TTM Net Income_x,Tangible Equity,Return on Tangible Equity,TTM Net Income_y,Total Assets,Return on Assets,TTM Net Income,LT Investments & Debt,Return on Investment,revenue,cost-goods-sold,gross-profit,research-development-expenses,selling-general-administrative-expenses,operating-expenses,operating-income,total-non-operating-income-expense,pre-tax-income,total-provision-income-taxes,income-after-taxes,income-from-continuous-operations,net-income,ebitda,ebit,basic-shares-outstanding,shares-outstanding,eps-basic-net-earnings-per-share,eps-earnings-per-share-diluted,cash-on-hand,inventory,other-current-assets,total-current-assets,net-property-plant-equipment,long-term-investments,goodwill-intangible-assets-total,other-long-term-assets,total-long-term-assets,total-assets,total-current-liabilities,long-term-debt,other-non-current-liabilities,total-long-term-liabilities,total-liabilities,common-stock-net,retained-earnings-accumulated-deficit,comprehensive-income,total-share-holder-equity,total-liabilities-share-holders-equity,net-income-loss,total-depreciation-amortization-cash-flow,other-non-cash-items,total-non-cash-items,change-in-accounts-receivable,change-in-inventories,change-in-accounts-payable,change-in-assets-liabilities,total-change-in-assets-liabilities,cash-flow-from-operating-activities,net-change-in-property-plant-equipment,net-change-in-intangible-assets,net-acquisitions-divestitures,net-change-in-short-term-investments,net-change-in-long-term-investments,net-change-in-investments-total,investing-activities-other,cash-flow-from-investing-activities,net-long-term-debt,net-current-debt,debt-issuance-retirement-net-total,net-common-equity-issued-repurchased,net-total-equity-issued-repurchased,total-common-preferred-stock-dividends-paid,financial-activities-other,cash-flow-from-financial-activities,net-cash-flow,stock-based-compensation,common-stock-dividends-paid
0,2018-09-30,2.66,$2.85,0.93,$6.62,0.4,$-0.09,0.0,$-0.13,0.0,$0.02B,$0.01B,2.37,$0.01B,$0.05B,0.13,$0.11B,$0.03B,24.53%,$0.11B,$-0.00B,-3.77%,$0.11B,$-0.00B,-3.77%,$0.11B,0,0.00%,$0.11B,$-0.00B,-3.77%,$0.11B,$-0.00B,-2.83%,$-0.00B,$0.05B,-6.52%,$-0.00B,$0.03B,-9.60%,$-0.00B,$0.06B,-4.72%,$-0.00B,$0.05B,-7.80%,$24,$19,$6,$0,$6,$25,$-1,$-0,$-1,$-0,$-1,$-1,$-1,$0,$-1,$16,16,$-0.03,$-0.03,$3,$7,$0,$22,$25,$0,$15,$0,$40,$62,$9,$6,$1,$7,$17,$7,$49,$0,$45,$62,$-0,$3,$1,$4,$1,$0,$-1,$-0,$-1,$2,$-2,$0,$0,$-1,$0,$-1,$0,$-3,$0,$-0,$-0,$-1,$-1,$0,$-0,$-2,$-2,$1,$0
1,2018-06-30,5.03,$2.88,1.74,$6.90,0.73,$-0.07,0.0,$-0.08,0.0,$0.02B,$0.01B,2.22,$0.01B,$0.05B,0.13,$0.11B,$0.03B,25.23%,$0.11B,$-0.00B,-1.80%,$0.11B,$-0.00B,-1.80%,$0.11B,$0.00B,0.90%,$0.11B,$-0.00B,-2.70%,$0.11B,$-0.00B,-1.80%,$-0.00B,$0.05B,-4.26%,$-0.00B,$0.03B,-6.30%,$-0.00B,$0.06B,-3.09%,$-0.00B,$0.05B,-3.88%,$27,$20,$7,$0,$6,$27,$0,$-0,$0,$0,$0,$0,$0,$1,$0,$16,16,$0.01,$0.01,$4,$7,$0,$24,$25,$0,$15,$0,$40,$64,$11,$6,$1,$7,$18,$7,$50,$0,$46,$64,$0,$2,$1,$2,$0,$0,$0,$-1,$-1,$2,$-2,$0,$0,$0,$0,$0,$0,$-2,$0,$-0,$-0,$-1,$-1,$0,$-0,$-1,$-1,$0,$0
2,2018-03-31,5.99,$2.88,2.08,$7.16,0.84,$-0.01,0.0,$-0.03,0.0,$0.02B,$0.01B,2.32,$0.01B,$0.05B,0.13,$0.12B,$0.03B,25.86%,$0.12B,0,0.00%,$0.12B,0,0.00%,$0.12B,$0.00B,2.59%,$0.12B,$-0.00B,-0.86%,$0.12B,$-0.00B,-0.86%,$-0.00B,$0.05B,-2.08%,$-0.00B,$0.03B,-3.08%,$-0.00B,$0.06B,-1.52%,$0.00B,$0.05B,0.00%,$29,$21,$8,$0,$8,$29,$0,$-0,$0,$0,$0,$0,$0,$1,$0,$16,16,$0.00,$0.00,$4,$8,$0,$23,$25,$0,$15,$0,$40,$63,$10,$6,$1,$7,$18,$7,$50,$0,$46,$63,$0,$1,$0,$1,$0,$0,$0,$-0,$-1,$1,$-1,$0,$0,$0,$0,$0,$0,$-1,$0,$-0,$-0,$-1,$-1,$0,$0,$-1,$-1,$0,$0
3,2017-12-31,8.0,$2.91,2.75,$7.36,1.09,$0.06,133.78,$-0.02,0.0,$0.03B,$0.01B,1.87,$0.00B,$0.05B,0.07,$0.12B,$0.03B,25.21%,$0.12B,0,0.00%,$0.12B,0,0.00%,$0.12B,$0.00B,2.52%,$0.12B,$-0.00B,-0.84%,$0.12B,$-0.00B,-0.84%,$-0.00B,$0.05B,-2.05%,$-0.00B,$0.03B,-3.03%,$-0.00B,$0.07B,-1.49%,$0.00B,$0.05B,0.00%,$26,$21,$5,$0,$8,$29,$-3,$-0,$-3,$-2,$-2,$-2,$-2,$-2,$-3,$16,16,$-0.11,$-0.11,$5,$8,$0,$25,$25,$0,$15,$0,$40,$65,$13,$3,$1,$5,$18,$7,$50,$0,$47,$65,$-0,$3,$1,$4,$1,$-0,$1,$-0,$-0,$4,$-5,$0,$0,$-0,$0,$-0,$0,$-5,$0,$-1,$-1,$-1,$-1,$0,$0,$-2,$-4,$1,$0
4,2017-09-30,8.9,$3.03,2.94,$7.59,1.17,$0.28,32.0,$0.12,74.17,$0.03B,$0.01B,2.06,$0.00B,$0.05B,0.07,$0.12B,$0.03B,27.64%,$0.12B,$0.00B,3.25%,$0.12B,$0.00B,3.25%,$0.12B,$0.01B,5.69%,$0.12B,$0.00B,2.44%,$0.12B,$0.00B,0.81%,$0.00B,$0.05B,2.04%,$0.00B,$0.03B,3.01%,$0.00B,$0.07B,1.49%,$0.00B,$0.05B,7.44%,$29,$21,$8,$0,$7,$28,$1,$-0,$0,$0,$0,$0,$0,$1,$1,$16,16,$0.02,$0.02,$7,$8,$0,$28,$24,$0,$15,$0,$39,$67,$13,$3,$0,$5,$18,$7,$51,$0,$49,$67,$1,$2,$1,$4,$-1,$-0,$1,$-0,$-1,$4,$-4,$0,$0,$-0,$0,$-0,$0,$-4,$0,$-1,$-1,$-1,$-1,$0,$0,$-2,$-2,$1,$0
5,2017-06-30,9.34,$3.07,3.04,$7.67,1.22,$0.39,23.65,$0.10,93.4,$0.03B,$0.01B,2.17,$0.00B,$0.05B,0.07,$0.12B,$0.03B,27.42%,$0.12B,$0.00B,2.42%,$0.12B,$0.00B,2.42%,$0.12B,$0.01B,5.65%,$0.12B,$0.00B,2.42%,$0.12B,$0.00B,0.81%,$0.00B,$0.05B,2.05%,$0.00B,$0.03B,3.03%,$0.00B,$0.07B,1.48%,$0.00B,$0.05B,5.53%,$32,$22,$9,$0,$7,$30,$2,$-0,$2,$1,$1,$1,$1,$3,$2,$16,16,$0.06,$0.06,$9,$8,$0,$29,$23,$0,$15,$0,$39,$68,$14,$3,$0,$5,$18,$7,$51,$0,$50,$68,$1,$2,$1,$2,$-1,$-0,$1,$-1,$-0,$3,$-2,$0,$0,$0,$0,$0,$0,$-2,$0,$-0,$-0,$0,$0,$0,$0,$-0,$1,$1,$0
6,2017-03-31,10.73,$3.00,3.57,$7.64,1.4,$0.37,29.17,$0.17,63.12,$0.03B,$0.01B,2.43,$0.01B,$0.05B,0.13,$0.12B,$0.04B,28.46%,$0.12B,$0.00B,3.25%,$0.12B,$0.00B,3.25%,$0.12B,$0.01B,6.50%,$0.12B,$0.00B,3.25%,$0.12B,$0.00B,1.63%,$0.00B,$0.05B,4.15%,$0.00B,$0.03B,6.15%,$0.00B,$0.07B,2.97%,$0.00B,$0.06B,7.34%,$32,$24,$8,$0,$8,$32,$0,$-0,$0,$0,$0,$0,$0,$1,$0,$16,16,$0.01,$0.01,$10,$8,$0,$31,$22,$0,$16,$0,$38,$69,$13,$6,$0,$7,$20,$7,$50,$0,$49,$69,$0,$1,$1,$1,$-3,$0,$3,$0,$1,$2,$-1,$0,$0,$0,$0,$0,$0,$-1,$0,$-0,$-0,$0,$0,$0,$0,$-0,$1,$0,$0
7,2016-12-31,11.51,$2.99,3.84,$7.66,1.5,$0.21,54.86,$0.20,57.55,$0.03B,$0.01B,2.94,$0.01B,$0.05B,0.13,$0.12B,$0.04B,29.03%,$0.12B,$0.01B,4.84%,$0.12B,$0.01B,4.84%,$0.12B,$0.01B,7.26%,$0.12B,$0.01B,4.84%,$0.12B,$0.00B,2.42%,$0.00B,$0.05B,6.32%,$0.00B,$0.03B,9.45%,$0.00B,$0.07B,4.53%,$0.01B,$0.06B,11.11%,$30,$22,$9,$0,$7,$29,$1,$-0,$1,$1,$0,$0,$0,$2,$1,$16,16,$0.03,$0.03,$9,$8,$0,$28,$22,$0,$16,$0,$38,$65,$9,$6,$0,$7,$17,$7,$50,$0,$48,$65,$3,$3,$0,$3,$0,$-1,$-3,$-1,$-2,$5,$-3,$0,$0,$2,$0,$2,$1,$-0,$0,$-1,$-1,$-1,$-1,$0,$0,$-2,$3,$0,$0
8,2016-09-30,16.94,$2.95,5.73,$7.60,2.23,$0.40,42.77,$0.19,89.16,$0.03B,$0.01B,2.56,$0.01B,$0.05B,0.14,$0.12B,$0.03B,27.42%,$0.12B,$0.01B,4.84%,$0.12B,$0.01B,4.84%,$0.12B,$0.01B,7.26%,$0.12B,$0.01B,4.84%,$0.12B,$0.00B,2.42%,$0.00B,$0.05B,6.42%,$0.00B,$0.03B,9.76%,$0.00B,$0.07B,4.53%,$0.01B,$0.05B,11.27%,$30,$22,$8,$0,$8,$30,$0,$-0,$0,$0,$-0,$-0,$-0,$1,$0,$16,16,$0.00,$0.00,$9,$9,$0,$30,$22,$0,$16,$0,$38,$68,$12,$6,$0,$9,$21,$7,$50,$0,$48,$68,$3,$2,$1,$3,$-1,$-2,$0,$-0,$-2,$5,$-2,$0,$0,$2,$0,$2,$1,$0,$0,$-1,$-1,$-1,$-1,$0,$0,$-1,$4,$0,$0
9,2016-06-30,9.67,$2.96,3.27,$7.56,1.28,$0.45,21.45,$0.24,40.29,$0.03B,$0.01B,2.78,$0.01B,$0.05B,0.14,$0.12B,$0.04B,28.23%,$0.12B,$0.01B,6.45%,$0.12B,$0.01B,6.45%,$0.12B,$0.01B,8.87%,$0.12B,$0.01B,6.45%,$0.12B,$0.00B,3.23%,$0.00B,$0.05B,8.65%,$0.00B,$0.03B,13.22%,$0.00B,$0.07B,6.11%,$0.01B,$0.05B,15.02%,$31,$21,$10,$0,$7,$28,$3,$-0,$3,$1,$2,$2,$2,$4,$3,$16,16,$0.13,$0.13,$8,$9,$0,$29,$21,$0,$16,$0,$37,$67,$10,$7,$0,$8,$19,$7,$50,$0,$48,$67,$3,$2,$0,$2,$-1,$-2,$-2,$-0,$-3,$2,$-1,$0,$0,$1,$0,$1,$1,$-0,$0,$-0,$-0,$-1,$-1,$0,$0,$-1,$0,$0,$0
10,2016-03-31,10.83,$2.83,3.82,$7.46,1.45,$0.64,16.84,$0.12,90.25,$0.03B,$0.01B,2.66,$0.01B,$0.05B,0.15,$0.12B,$0.03B,25.20%,$0.12B,$0.01B,4.07%,$0.12B,$0.01B,4.07%,$0.12B,$0.01B,6.50%,$0.12B,$0.01B,4.07%,$0.12B,$0.00B,1.63%,$0.00B,$0.05B,4.37%,$0.00B,$0.03B,6.78%,$0.00B,$0.07B,3.07%,$0.01B,$0.05B,9.43%,$33,$24,$9,$0,$7,$31,$2,$-0,$2,$1,$1,$1,$1,$2,$2,$16,16,$0.06,$0.06,$6,$9,$0,$27,$21,$0,$16,$0,$37,$65,$10,$7,$0,$9,$19,$7,$47,$-0,$46,$65,$1,$1,$0,$1,$-1,$-1,$-1,$-0,$-3,$-1,$-0,$0,$0,$-0,$0,$-0,$0,$-0,$0,$-0,$-0,$-0,$-0,$0,$0,$-1,$-2,$0,$0
11,2015-12-31,11.1,$2.79,3.98,$7.26,1.53,$0.80,13.94,$0.12,92.5,$0.03B,$0.01B,2.5,$0.01B,$0.05B,0.16,$0.12B,$0.03B,25.00%,$0.12B,$0.00B,3.33%,$0.12B,$0.00B,3.33%,$0.12B,$0.01B,6.67%,$0.12B,$0.00B,3.33%,$0.12B,$0.00B,1.67%,$0.00B,$0.05B,4.40%,$0.00B,$0.03B,6.90%,$0.00B,$0.07B,3.08%,$0.00B,$0.05B,7.55%,$30,$23,$7,$0,$5,$29,$1,$-0,$1,$0,$0,$0,$0,$2,$1,$16,16,$0.02,$0.02,$8,$8,$0,$27,$21,$0,$16,$0,$38,$65,$11,$7,$0,$9,$20,$7,$47,$-0,$45,$65,$2,$3,$-0,$3,$1,$-2,$2,$0,$2,$7,$-2,$0,$0,$0,$0,$0,$-0,$-2,$0,$-1,$-1,$-2,$-2,$0,$0,$-3,$2,$0,$0
12,2015-09-30,10.48,$2.84,3.7,$7.29,1.44,$0.57,18.27,$0.10,104.8,$0.03B,$0.01B,2.77,$0.01B,$0.05B,0.16,$0.12B,$0.03B,25.00%,$0.12B,$0.00B,2.50%,$0.12B,$0.00B,2.50%,$0.12B,$0.01B,5.83%,$0.12B,$0.00B,2.50%,$0.12B,$0.00B,1.67%,$0.00B,$0.05B,4.40%,$0.00B,$0.03B,6.96%,$0.00B,$0.07B,3.10%,$0.00B,$0.05B,5.63%,$30,$21,$9,$0,$7,$28,$2,$-0,$2,$1,$1,$1,$1,$3,$2,$16,16,$0.05,$0.05,$8,$7,$0,$27,$22,$0,$17,$0,$38,$65,$10,$7,$0,$9,$19,$7,$46,$-0,$46,$65,$2,$2,$-0,$2,$-1,$-1,$-0,$0,$1,$4,$-1,$0,$0,$-0,$0,$-0,$-0,$-2,$0,$-1,$-1,$0,$0,$0,$0,$-1,$2,$0,$0
13,2015-06-30,19.19,$2.78,6.89,$7.32,2.62,$0.43,44.89,$0.11,174.45,$0.03B,$0.01B,2.41,$0.01B,$0.05B,0.17,$0.12B,$0.03B,24.17%,$0.12B,$0.00B,2.50%,$0.12B,$0.00B,2.50%,$0.12B,$0.01B,5.83%,$0.12B,$0.00B,2.50%,$0.12B,$0.00B,1.67%,$0.00B,$0.05B,4.40%,$0.00B,$0.03B,7.08%,$0.00B,$0.07B,3.09%,$0.00B,$0.05B,5.63%,$30,$23,$6,$0,$6,$30,$0,$0,$0,$0,$0,$0,$0,$1,$0,$16,16,$0.01,$0.01,$9,$6,$0,$27,$22,$0,$17,$0,$39,$66,$11,$8,$0,$9,$21,$7,$45,$-0,$46,$66,$1,$2,$-0,$1,$-0,$-0,$0,$0,$3,$5,$-1,$0,$0,$-0,$0,$-0,$-0,$-1,$0,$-1,$-1,$0,$0,$0,$0,$-1,$3,$0,$0
14,2015-03-31,21.39,$2.78,7.7,$7.31,2.93,$0.22,95.41,$0.17,125.82,$0.02B,$0.01B,2.83,$0.01B,$0.05B,0.17,$0.12B,$0.03B,25.83%,$0.12B,$0.01B,4.17%,$0.12B,$0.01B,4.17%,$0.12B,$0.01B,6.67%,$0.12B,$0.00B,3.33%,$0.12B,$0.00B,2.50%,$0.00B,$0.05B,6.63%,$0.00B,$0.03B,10.81%,$0.00B,$0.06B,4.67%,$0.01B,$0.05B,9.39%,$30,$22,$8,$0,$6,$28,$1,$-0,$1,$1,$1,$1,$1,$2,$1,$16,16,$0.04,$0.04,$7,$6,$0,$24,$22,$0,$17,$0,$40,$64,$9,$8,$0,$10,$18,$7,$45,$-0,$45,$64,$1,$1,$-0,$1,$-0,$-1,$-1,$0,$1,$2,$-1,$0,$0,$-0,$0,$-0,$0,$-1,$0,$-0,$-0,$0,$0,$0,$0,$-0,$1,$0,$0
15,2014-12-31,18.53,$2.73,6.78,$7.28,2.55,$0.13,139.95,$0.17,109.0,$0.02B,$0.01B,2.83,$0.01B,$0.05B,0.18,$0.12B,$0.03B,25.21%,$0.12B,$0.01B,4.20%,$0.12B,$0.01B,4.20%,$0.12B,$0.01B,6.72%,$0.12B,$0.00B,3.36%,$0.12B,$0.00B,1.68%,$0.00B,$0.05B,4.44%,$0.00B,$0.03B,7.34%,$0.00B,$0.06B,3.09%,$0.01B,$0.05B,9.43%,$30,$23,$7,$0,$7,$30,$-0,$0,$-0,$-0,$-0,$-0,$-0,$1,$-0,$16,16,$0.00,$0.00,$6,$6,$0,$24,$22,$0,$17,$0,$39,$63,$9,$8,$0,$10,$19,$7,$45,$-0,$45,$63,$2,$3,$-1,$2,$0,$1,$-1,$-0,$1,$5,$-4,$0,$0,$-1,$0,$-1,$-0,$-4,$0,$-1,$-1,$0,$0,$0,$0,$-1,$-0,$0,$0
16,2014-09-30,13.87,$2.79,4.96,$7.04,1.97,$-0.08,0.0,$0.14,99.07,$0.03B,$0.01B,2.76,$0.01B,$0.05B,0.18,$0.12B,$0.03B,24.35%,$0.12B,$0.01B,4.35%,$0.12B,$0.01B,4.35%,$0.12B,$0.01B,6.09%,$0.12B,$0.00B,2.61%,$0.12B,$0.00B,1.74%,$0.00B,$0.05B,4.49%,$0.00B,$0.03B,7.55%,$0.00B,$0.07B,3.08%,$0.01B,$0.05B,9.48%,$30,$22,$8,$0,$5,$28,$2,$0,$2,$1,$1,$1,$1,$3,$2,$16,16,$0.06,$0.06,$6,$7,$0,$26,$22,$0,$17,$0,$39,$66,$9,$8,$0,$10,$20,$7,$45,$-0,$46,$66,$2,$3,$-1,$2,$-1,$-0,$1,$0,$-0,$4,$-3,$0,$0,$-1,$0,$-1,$0,$-4,$0,$-1,$-1,$0,$0,$0,$0,$-1,$-1,$0,$0
17,2014-06-30,13.98,$2.74,5.11,$6.65,2.1,$-0.37,0.0,$0.18,77.67,$0.03B,$0.01B,2.99,$0.01B,$0.05B,0.19,$0.11B,$0.03B,24.77%,$0.11B,$0.01B,4.59%,$0.11B,$0.01B,4.59%,$0.11B,$0.01B,6.42%,$0.11B,$0.00B,2.75%,$0.11B,$0.00B,2.75%,$0.00B,$0.05B,6.86%,$0.00B,$0.03B,11.65%,$0.00B,$0.06B,4.65%,$0.01B,$0.05B,9.52%,$30,$22,$8,$0,$6,$28,$2,$-0,$1,$1,$1,$1,$1,$2,$2,$16,16,$0.04,$0.04,$6,$7,$0,$25,$21,$0,$17,$0,$39,$64,$8,$9,$0,$11,$19,$7,$44,$0,$45,$64,$1,$2,$-0,$1,$1,$0,$-2,$0,$-0,$2,$-2,$0,$0,$-0,$0,$-0,$0,$-2,$0,$-0,$-0,$0,$0,$0,$0,$-0,$-0,$0,$0
18,2014-03-31,14.7,$2.67,5.51,$6.26,2.35,$-0.11,0.0,$0.20,73.5,$0.03B,$0.01B,2.51,$0.01B,$0.04B,0.2,$0.10B,$0.03B,26.47%,$0.10B,$0.01B,4.90%,$0.10B,$0.01B,4.90%,$0.10B,$0.01B,7.84%,$0.10B,$0.01B,4.90%,$0.10B,$0.00B,2.94%,$0.00B,$0.04B,6.98%,$0.00B,$0.03B,12.00%,$0.00B,$0.07B,4.74%,$0.01B,$0.05B,9.85%,$29,$22,$7,$0,$6,$29,$1,$-0,$1,$0,$0,$0,$0,$2,$1,$16,16,$0.02,$0.02,$5,$7,$0,$26,$21,$0,$18,$0,$39,$66,$11,$9,$0,$11,$22,$7,$43,$0,$44,$66,$0,$1,$-0,$1,$-0,$-0,$0,$0,$-1,$0,$-1,$0,$0,$-0,$0,$-0,$0,$-1,$0,$-0,$-0,$0,$0,$0,$0,$-0,$-1,$0,$0
19,2013-12-31,15.98,$2.63,6.08,$5.97,2.68,$-0.06,0.0,$0.30,53.27,$0.03B,$0.01B,2.79,$0.01B,$0.04B,0.21,$0.10B,$0.03B,29.90%,$0.10B,$0.01B,8.25%,$0.10B,$0.01B,8.25%,$0.10B,$0.01B,10.31%,$0.10B,$0.01B,8.25%,$0.10B,$0.01B,5.15%,$0.01B,$0.04B,11.76%,$0.01B,$0.03B,20.62%,$0.01B,$0.06B,8.16%,$0.01B,$0.05B,16.16%,$26,$22,$5,$0,$5,$27,$-0,$-0,$-1,$-0,$-0,$-0,$-0,$0,$-0,$16,16,$-0.02,$-0.02,$6,$7,$0,$25,$21,$0,$18,$0,$39,$64,$9,$9,$0,$12,$21,$7,$43,$0,$43,$64,$5,$2,$-0,$2,$-2,$-1,$2,$-0,$-1,$6,$-8,$0,$0,$-1,$0,$-1,$0,$-8,$5,$-1,$4,$0,$0,$-1,$0,$3,$1,$0,$-1
20,2013-09-30,13.51,$2.66,5.09,$5.63,2.4,$0.37,36.12,$0.40,33.78,$0.03B,$0.01B,2.75,$0.01B,$0.04B,0.21,$0.09B,$0.03B,32.61%,$0.09B,$0.01B,10.87%,$0.09B,$0.01B,10.87%,$0.09B,$0.01B,13.04%,$0.09B,$0.01B,11.96%,$0.09B,$0.01B,6.52%,$0.01B,$0.04B,14.46%,$0.01B,$0.03B,25.81%,$0.01B,$0.06B,10.21%,$0.01B,$0.05B,21.05%,$24,$17,$7,$0,$4,$22,$2,$0,$2,$1,$2,$2,$2,$3,$2,$16,16,$0.10,$0.10,$4,$8,$0,$25,$22,$0,$18,$0,$40,$64,$9,$9,$0,$12,$21,$7,$43,$0,$43,$64,$5,$2,$-1,$1,$-3,$-2,$1,$-0,$-3,$4,$-8,$0,$0,$-1,$0,$-1,$0,$-8,$5,$-0,$5,$0,$0,$-1,$0,$3,$-1,$0,$-1
21,2013-06-30,17.36,$2.55,6.81,$5.43,3.2,$0.95,18.34,$0.39,44.51,$0.03B,$0.01B,2.62,$0.01B,$0.04B,0.11,$0.09B,$0.03B,33.71%,$0.09B,$0.01B,11.24%,$0.09B,$0.01B,11.24%,$0.09B,$0.01B,13.48%,$0.09B,$0.01B,12.36%,$0.09B,$0.01B,5.62%,$0.01B,$0.04B,12.42%,$0.01B,$0.02B,22.73%,$0.01B,$0.06B,8.85%,$0.01B,$0.05B,22.22%,$23,$15,$8,$0,$5,$21,$2,$0,$3,$1,$1,$1,$1,$3,$2,$16,16,$0.09,$0.09,$8,$8,$1,$26,$15,$0,$18,$0,$33,$59,$10,$5,$0,$8,$18,$7,$41,$-0,$42,$59,$4,$1,$-0,$1,$-1,$-2,$3,$-1,$0,$5,$-1,$0,$0,$-1,$0,$-1,$0,$-1,$0,$-0,$-0,$0,$0,$-1,$0,$-2,$3,$0,$-1
22,2013-03-31,13.83,$2.55,5.42,$5.28,2.62,$0.90,15.45,$0.43,32.17,$0.03B,$0.01B,2.83,$0.01B,$0.04B,0.12,$0.09B,$0.03B,34.48%,$0.09B,$0.01B,12.64%,$0.09B,$0.01B,12.64%,$0.09B,$0.01B,14.94%,$0.09B,$0.01B,12.64%,$0.09B,$0.01B,6.90%,$0.01B,$0.04B,15.38%,$0.01B,$0.02B,29.27%,$0.01B,$0.06B,10.86%,$0.01B,$0.05B,25.00%,$24,$16,$9,$0,$5,$21,$4,$0,$4,$1,$2,$2,$2,$4,$4,$16,16,$0.14,$0.14,$5,$7,$0,$25,$15,$0,$18,$0,$34,$58,$9,$5,$0,$8,$16,$7,$41,$0,$42,$58,$2,$1,$-0,$0,$-3,$-1,$2,$0,$-2,$1,$-0,$0,$0,$-0,$0,$-0,$0,$-0,$0,$-0,$-0,$0,$0,$0,$0,$-0,$0,$0,$0
23,2012-12-31,8.7,$2.41,3.62,$4.97,1.75,$0.95,9.2,$0.36,24.16,$0.02B,$0.01B,3.17,$0.01B,$0.04B,0.13,$0.08B,$0.03B,32.93%,$0.08B,$0.01B,10.98%,$0.08B,$0.01B,10.98%,$0.08B,$0.01B,13.41%,$0.08B,$0.01B,10.98%,$0.08B,$0.01B,6.10%,$0.01B,$0.04B,13.33%,$0.01B,$0.02B,26.32%,$0.01B,$0.05B,9.30%,$0.01B,$0.04B,21.05%,$21,$15,$6,$0,$4,$19,$2,$0,$2,$1,$1,$1,$1,$2,$2,$16,16,$0.05,$0.05,$5,$6,$0,$20,$15,$0,$19,$0,$34,$54,$6,$5,$0,$8,$14,$7,$39,$0,$39,$54,$6,$2,$-0,$2,$-1,$-1,$-0,$0,$-1,$7,$-1,$0,$0,$0,$0,$0,$-0,$-2,$0,$-2,$-2,$-1,$-1,$-1,$-1,$-4,$1,$0,$-1
24,2012-09-30,9.46,$2.35,4.03,$4.72,2.0,$0.79,12.03,$0.27,35.02,$0.02B,$0.01B,2.63,$0.01B,$0.04B,0.13,$0.08B,$0.02B,29.49%,$0.08B,$0.01B,8.97%,$0.08B,$0.01B,8.97%,$0.08B,$0.01B,11.54%,$0.08B,$0.01B,7.69%,$0.08B,$0.00B,5.13%,$0.00B,$0.04B,10.96%,$0.00B,$0.02B,22.54%,$0.00B,$0.06B,7.55%,$0.01B,$0.04B,16.67%,$21,$14,$7,$0,$5,$19,$2,$-0,$2,$1,$1,$1,$1,$3,$2,$16,16,$0.09,$0.09,$5,$6,$0,$21,$15,$0,$19,$0,$34,$55,$8,$5,$0,$8,$16,$7,$38,$0,$38,$55,$5,$2,$-0,$1,$-2,$-1,$1,$0,$0,$6,$-1,$0,$0,$-0,$0,$-0,$-0,$-1,$0,$-1,$-1,$-0,$-0,$-1,$-1,$-4,$1,$0,$-1
25,2012-06-30,10.32,$2.26,4.56,$4.54,2.28,$0.54,18.99,$0.24,43.01,$0.02B,$0.01B,2.4,$0.01B,$0.04B,0.14,$0.08B,$0.02B,29.33%,$0.08B,$0.01B,9.33%,$0.08B,$0.01B,9.33%,$0.08B,$0.01B,10.67%,$0.08B,$0.01B,6.67%,$0.08B,$0.00B,5.33%,$0.00B,$0.04B,11.11%,$0.00B,$0.02B,23.88%,$0.00B,$0.05B,7.58%,$0.01B,$0.04B,16.77%,$21,$13,$8,$0,$4,$17,$3,$-0,$3,$1,$2,$2,$2,$4,$3,$16,16,$0.13,$0.13,$4,$5,$0,$20,$15,$0,$19,$0,$34,$54,$8,$5,$0,$8,$17,$7,$36,$0,$37,$54,$3,$1,$-1,$1,$-1,$-0,$0,$0,$0,$4,$-0,$0,$0,$-0,$0,$-0,$0,$-1,$0,$-1,$-1,$-0,$-0,$-1,$0,$-3,$1,$0,$-1
26,2012-03-31,9.14,$2.22,4.13,$4.39,2.08,$0.33,27.96,$0.13,70.33,$0.02B,$0.01B,2.58,$0.01B,$0.04B,0.15,$0.07B,$0.02B,27.78%,$0.07B,$0.01B,6.94%,$0.07B,$0.01B,6.94%,$0.07B,$0.01B,6.94%,$0.07B,$0.00B,4.17%,$0.07B,$0.00B,2.78%,$0.00B,$0.04B,5.63%,$0.00B,$0.02B,12.50%,$0.00B,$0.05B,3.81%,$0.01B,$0.04B,12.05%,$19,$13,$6,$0,$4,$18,$2,$-0,$2,$1,$1,$1,$1,$2,$2,$16,16,$0.07,$0.07,$3,$5,$0,$17,$15,$0,$19,$0,$34,$52,$7,$5,$0,$9,$16,$7,$36,$0,$36,$52,$1,$1,$-0,$0,$-1,$-0,$0,$0,$0,$2,$-0,$0,$0,$0,$0,$0,$0,$-0,$0,$-1,$-1,$-0,$-0,$0,$-0,$-1,$0,$0,$0
27,2011-12-31,9.53,$2.15,4.42,$4.25,2.24,$0.29,32.34,$0.18,52.93,$0.02B,$0.01B,2.36,$0.01B,$0.04B,0.16,$0.07B,$0.02B,31.43%,$0.07B,$0.01B,8.57%,$0.07B,$0.01B,8.57%,$0.07B,$0.01B,10.00%,$0.07B,$0.00B,5.71%,$0.07B,$0.00B,4.29%,$0.00B,$0.04B,8.51%,$0.00B,$0.02B,19.35%,$0.00B,$0.05B,5.71%,$0.01B,$0.04B,14.55%,$17,$15,$2,$0,$2,$17,$-0,$-0,$-1,$-0,$-0,$-0,$-0,$0,$-0,$16,16,$-0.03,$-0.03,$3,$5,$0,$17,$15,$0,$19,$0,$35,$51,$7,$6,$0,$9,$16,$7,$34,$-0,$35,$51,$3,$2,$0,$2,$-1,$-1,$0,$-0,$-1,$4,$-1,$0,$0,$-1,$0,$-1,$-0,$-2,$0,$-2,$-2,$-1,$-1,$0,$-1,$-4,$-2,$0,$0
28,2011-09-30,10.55,$2.18,4.84,$4.12,2.56,$0.34,31.06,$0.19,55.5,$0.02B,$0.01B,2.19,$0.01B,$0.04B,0.16,$0.07B,$0.02B,33.82%,$0.07B,$0.01B,7.35%,$0.07B,$0.01B,7.35%,$0.07B,$0.01B,10.29%,$0.07B,$0.01B,7.35%,$0.07B,$0.00B,4.41%,$0.00B,$0.04B,8.57%,$0.00B,$0.02B,20.00%,$0.00B,$0.05B,5.69%,$0.01B,$0.04B,12.20%,$18,$11,$6,$0,$5,$16,$2,$-0,$1,$0,$1,$1,$1,$2,$2,$16,16,$0.06,$0.06,$3,$6,$0,$19,$15,$0,$19,$0,$35,$54,$9,$6,$0,$9,$18,$7,$35,$-0,$36,$54,$3,$2,$-0,$2,$-3,$-2,$0,$0,$-2,$3,$-1,$0,$0,$-1,$0,$-1,$-0,$-2,$0,$-1,$-1,$-1,$-1,$0,$-0,$-3,$-2,$0,$0
29,2011-06-30,11.05,$2.12,5.2,$3.92,2.82,$0.39,28.0,$0.18,61.39,$0.02B,$0.01B,2.06,$0.01B,$0.04B,0.17,$0.07B,$0.02B,33.85%,$0.07B,$0.01B,7.69%,$0.07B,$0.01B,7.69%,$0.07B,$0.01B,10.77%,$0.07B,$0.01B,9.23%,$0.07B,$0.00B,4.62%,$0.00B,$0.04B,8.70%,$0.00B,$0.02B,20.34%,$0.00B,$0.05B,5.74%,$0.01B,$0.04B,12.27%,$18,$13,$6,$0,$5,$17,$1,$-0,$1,$0,$0,$0,$0,$1,$1,$16,16,$0.02,$0.02,$3,$6,$0,$18,$15,$0,$20,$0,$35,$53,$9,$6,$0,$9,$18,$7,$34,$-0,$35,$53,$2,$1,$-0,$1,$-2,$-2,$-0,$0,$-2,$1,$-1,$0,$0,$-0,$0,$-0,$-0,$-1,$0,$-1,$-1,$-1,$-1,$0,$0,$-2,$-2,$0,$0
30,2011-03-31,10.3,$2.11,4.87,$3.67,2.81,$0.45,23.04,$0.23,44.78,$0.02B,$0.01B,2.1,$0.01B,$0.04B,0.17,$0.06B,$0.02B,36.07%,$0.06B,$0.01B,9.84%,$0.06B,$0.01B,9.84%,$0.06B,$0.01B,14.75%,$0.06B,$0.01B,11.48%,$0.06B,$0.00B,6.56%,$0.00B,$0.04B,11.68%,$0.00B,$0.02B,27.59%,$0.00B,$0.05B,7.69%,$0.01B,$0.04B,14.72%,$17,$10,$8,$0,$4,$14,$3,$-0,$3,$1,$2,$2,$2,$4,$3,$16,16,$0.12,$0.12,$4,$5,$0,$17,$15,$0,$20,$0,$35,$52,$8,$6,$0,$9,$18,$7,$34,$-0,$35,$52,$2,$1,$-0,$0,$-2,$-1,$-0,$0,$-1,$1,$-0,$0,$0,$-0,$0,$-0,$0,$-1,$0,$-1,$-1,$-1,$-1,$0,$-0,$-2,$-1,$0,$0
31,2010-12-31,9.44,$2.03,4.64,$3.51,2.69,$0.43,22.03,$0.22,42.9,$0.02B,$0.01B,1.9,$0.01B,$0.03B,0.18,$0.06B,$0.02B,33.90%,$0.06B,$0.01B,10.17%,$0.06B,$0.01B,10.17%,$0.06B,$0.01B,13.56%,$0.06B,$0.01B,11.86%,$0.06B,$0.00B,6.78%,$0.00B,$0.03B,11.76%,$0.00B,$0.01B,28.07%,$0.00B,$0.05B,7.66%,$0.01B,$0.04B,14.72%,$15,$12,$3,$0,$3,$15,$-1,$0,$-0,$-0,$-0,$-0,$-0,$0,$-1,$17,17,$-0.01,$-0.01,$5,$4,$0,$17,$15,$0,$20,$0,$35,$52,$9,$6,$0,$10,$18,$7,$32,$-0,$34,$52,$4,$2,$-0,$2,$-1,$-1,$1,$-0,$0,$6,$-2,$0,$-0,$4,$0,$4,$0,$1,$0,$-3,$-3,$-3,$-3,$0,$1,$-4,$3,$0,$0
32,2010-09-30,10.4,$2.09,4.98,$3.23,3.22,$0.57,18.15,$0.24,43.32,$0.02B,$0.01B,2.03,$0.01B,$0.03B,0.18,$0.05B,$0.02B,37.04%,$0.05B,$0.01B,12.96%,$0.05B,$0.01B,12.96%,$0.05B,$0.01B,14.81%,$0.05B,$0.01B,12.96%,$0.05B,$0.00B,7.41%,$0.00B,$0.03B,11.85%,$0.00B,$0.02B,28.57%,$0.00B,$0.05B,7.69%,$0.01B,$0.04B,17.28%,$15,$9,$5,$0,$3,$13,$2,$0,$2,$1,$1,$1,$1,$2,$2,$17,17,$0.05,$0.05,$5,$5,$0,$17,$15,$0,$20,$1,$35,$52,$9,$6,$0,$9,$18,$7,$32,$0,$34,$52,$4,$2,$-0,$1,$-2,$-1,$-0,$-0,$-1,$4,$-2,$0,$0,$1,$0,$1,$0,$-0,$0,$-2,$-2,$-2,$-2,$0,$1,$-3,$0,$0,$0
33,2010-06-30,9.63,$2.05,4.7,$3.27,2.94,$0.70,13.71,$0.27,35.65,$0.02B,$0.01B,2.0,$0.01B,$0.03B,0.19,$0.05B,$0.02B,38.89%,$0.05B,$0.01B,14.81%,$0.05B,$0.01B,14.81%,$0.05B,$0.01B,18.52%,$0.05B,$0.01B,14.81%,$0.05B,$0.00B,7.41%,$0.00B,$0.03B,12.03%,$0.00B,$0.01B,30.19%,$0.00B,$0.05B,7.69%,$0.01B,$0.04B,20.00%,$14,$9,$6,$0,$3,$12,$2,$0,$2,$1,$1,$1,$1,$3,$2,$17,17,$0.07,$0.07,$5,$4,$0,$17,$15,$0,$20,$1,$35,$52,$9,$6,$0,$10,$18,$7,$31,$-0,$34,$52,$3,$1,$-0,$1,$-2,$-1,$-1,$-0,$-1,$2,$-1,$0,$0,$1,$0,$1,$0,$-0,$0,$-1,$-1,$-1,$-1,$0,$1,$-2,$0,$0,$0
34,2010-03-31,11.73,$2.03,5.77,$3.28,3.58,$0.80,14.61,$0.35,33.52,$0.02B,$0.01B,2.0,$0.01B,$0.03B,0.19,$0.05B,$0.02B,38.89%,$0.05B,$0.01B,16.67%,$0.05B,$0.01B,16.67%,$0.05B,$0.01B,20.37%,$0.05B,$0.01B,16.67%,$0.05B,$0.01B,11.11%,$0.01B,$0.03B,18.46%,$0.01B,$0.01B,48.00%,$0.01B,$0.05B,11.59%,$0.01B,$0.04B,22.78%,$15,$8,$6,$0,$3,$12,$3,$-0,$3,$1,$2,$2,$2,$3,$3,$17,17,$0.11,$0.11,$6,$4,$0,$18,$14,$0,$20,$1,$35,$53,$9,$7,$0,$10,$19,$7,$30,$0,$34,$53,$2,$1,$-0,$0,$-2,$-1,$0,$0,$-1,$1,$-1,$0,$0,$0,$0,$0,$0,$-0,$0,$-0,$-0,$-0,$-0,$0,$0,$-1,$0,$0,$0
35,2009-12-31,11.74,$1.94,6.05,$3.21,3.66,$0.85,13.76,$0.33,35.58,$0.02B,$0.01B,1.94,$0.01B,$0.03B,0.21,$0.05B,$0.02B,39.62%,$0.05B,$0.01B,16.98%,$0.05B,$0.01B,16.98%,$0.05B,$0.01B,20.75%,$0.05B,$0.01B,15.09%,$0.05B,$0.01B,11.32%,$0.01B,$0.03B,19.35%,$0.01B,$0.01B,53.33%,$0.01B,$0.05B,11.82%,$0.01B,$0.04B,23.38%,$10,$7,$3,$0,$3,$10,$0,$-0,$-0,$-0,$0,$0,$0,$0,$0,$17,17,$0.01,$0.01,$6,$3,$0,$17,$14,$0,$20,$1,$35,$51,$9,$7,$0,$10,$19,$7,$28,$-0,$33,$51,$6,$2,$1,$3,$-1,$0,$0,$0,$-1,$8,$-2,$0,$-11,$1,$0,$1,$0,$-12,$0,$5,$5,$-1,$-1,$0,$0,$5,$0,$0,$0
36,2009-09-30,10.86,$1.91,5.69,$3.23,3.37,$0.66,16.47,$0.28,38.79,$0.02B,$0.01B,1.94,$0.01B,$0.03B,0.23,$0.05B,$0.02B,37.04%,$0.05B,$0.01B,16.67%,$0.05B,$0.01B,16.67%,$0.05B,$0.01B,20.37%,$0.05B,$0.01B,12.96%,$0.05B,$0.01B,9.26%,$0.01B,$0.03B,17.09%,$0.01B,$0.01B,40.00%,$0.01B,$0.05B,10.70%,$0.01B,$0.04B,25.00%,$15,$9,$6,$0,$3,$12,$3,$-0,$3,$2,$1,$1,$1,$4,$3,$17,17,$0.08,$0.08,$6,$4,$0,$18,$14,$0,$20,$1,$35,$52,$9,$7,$0,$11,$20,$7,$28,$-0,$32,$52,$5,$1,$1,$2,$-2,$-1,$-0,$0,$-2,$6,$-1,$0,$-3,$1,$0,$1,$0,$-4,$0,$-0,$-0,$-1,$-1,$0,$0,$-1,$1,$0,$0
37,2009-06-30,12.75,$1.84,6.92,$2.98,4.28,$0.50,25.67,$0.25,51.0,$0.02B,$0.01B,1.88,$0.01B,$0.03B,0.26,$0.05B,$0.02B,36.00%,$0.05B,$0.01B,14.00%,$0.05B,$0.01B,14.00%,$0.05B,$0.01B,18.00%,$0.05B,$0.01B,10.00%,$0.05B,$0.01B,10.00%,$0.01B,$0.03B,17.86%,$0.01B,$0.01B,35.71%,$0.01B,$0.05B,11.70%,$0.01B,$0.04B,20.74%,$14,$8,$6,$0,$3,$11,$3,$0,$3,$1,$3,$3,$3,$4,$3,$17,17,$0.15,$0.15,$5,$4,$0,$17,$14,$0,$20,$1,$35,$51,$9,$8,$0,$12,$20,$7,$26,$-1,$31,$51,$4,$1,$0,$1,$-1,$-0,$-0,$-0,$-2,$3,$-1,$0,$-10,$1,$0,$1,$0,$-10,$0,$8,$8,$-0,$-0,$0,$0,$7,$0,$0,$0
38,2009-03-31,7.91,$1.69,4.68,$2.81,2.82,$0.41,19.46,$0.15,52.71,$0.02B,$0.01B,1.52,$0.01B,$0.03B,0.3,$0.05B,$0.02B,33.33%,$0.05B,$0.01B,12.50%,$0.05B,$0.01B,12.50%,$0.05B,$0.01B,14.58%,$0.05B,$0.00B,6.25%,$0.05B,$0.00B,6.25%,$0.00B,$0.03B,11.21%,$0.00B,$0.01B,19.05%,$0.00B,$0.05B,7.69%,$0.01B,$0.04B,19.05%,$14,$8,$6,$0,$3,$11,$3,$-0,$2,$1,$2,$2,$2,$3,$3,$17,17,$0.09,$0.09,$5,$4,$0,$16,$14,$0,$19,$1,$33,$49,$10,$8,$0,$10,$20,$7,$24,$-1,$28,$49,$2,$0,$0,$1,$-1,$0,$0,$1,$-0,$2,$-0,$0,$-3,$1,$0,$1,$0,$-3,$0,$1,$1,$-0,$-0,$0,$0,$1,$0,$0,$0
39,2008-12-31,8.88,$1.57,5.65,$2.65,3.35,$0.36,24.67,$0.11,80.69,$0.02B,$0.00B,4.04,$0.00B,$0.03B,0.12,$0.05B,$0.01B,28.89%,$0.05B,$0.00B,8.89%,$0.05B,$0.00B,8.89%,$0.05B,$0.01B,13.33%,$0.05B,$0.00B,4.44%,$0.05B,$0.00B,4.44%,$0.00B,$0.03B,7.62%,$0.00B,$0.02B,11.11%,$0.00B,$0.04B,5.63%,$0.00B,$0.03B,13.45%,$11,$9,$2,$0,$2,$11,$-0,$-1,$-1,$-1,$-1,$-1,$-1,$0,$-0,$17,17,$-0.04,$-0.04,$6,$3,$0,$15,$11,$0,$8,$1,$20,$35,$4,$3,$0,$5,$8,$7,$22,$-0,$26,$35,$2,$1,$1,$2,$-1,$0,$1,$0,$0,$5,$-2,$0,$0,$-0,$0,$-0,$0,$-3,$0,$-1,$-1,$-1,$-1,$0,$0,$-2,$-0,$0,$0
40,2008-09-30,11.56,$1.61,7.2,$2.62,4.41,$0.24,48.77,$0.16,72.27,$0.02B,$0.01B,3.48,$0.00B,$0.03B,0.12,$0.04B,$0.01B,29.55%,$0.04B,$0.00B,9.09%,$0.04B,$0.00B,9.09%,$0.04B,$0.01B,15.91%,$0.04B,$0.00B,6.82%,$0.04B,$0.00B,6.82%,$0.00B,$0.03B,11.43%,$0.00B,$0.02B,16.90%,$0.00B,$0.04B,8.45%,$0.00B,$0.03B,13.33%,$11,$8,$4,$0,$2,$10,$1,$-0,$1,$0,$1,$1,$1,$2,$1,$17,17,$0.05,$0.05,$6,$4,$0,$17,$11,$0,$8,$1,$20,$36,$5,$3,$0,$5,$10,$7,$23,$-1,$27,$36,$3,$1,$0,$1,$-1,$-1,$1,$0,$-0,$4,$-2,$0,$0,$-0,$0,$-0,$0,$-2,$0,$-1,$-1,$-1,$-1,$0,$0,$-2,$-0,$0,$0
41,2008-06-30,11.75,$1.57,7.5,$2.54,4.63,$0.14,84.36,$0.14,83.94,$0.02B,$0.00B,3.66,$0.00B,$0.03B,0.13,$0.04B,$0.01B,27.91%,$0.04B,$0.00B,9.30%,$0.04B,$0.00B,9.30%,$0.04B,$0.01B,13.95%,$0.04B,$0.00B,6.98%,$0.04B,$0.00B,4.65%,$0.00B,$0.03B,7.69%,$0.00B,$0.02B,11.11%,$0.00B,$0.04B,5.71%,$0.00B,$0.03B,13.33%,$12,$8,$4,$0,$2,$10,$2,$-0,$1,$1,$1,$1,$1,$2,$2,$17,17,$0.05,$0.05,$7,$4,$0,$16,$11,$0,$9,$1,$20,$36,$4,$4,$0,$5,$10,$7,$22,$-1,$26,$36,$2,$1,$-0,$1,$-0,$-0,$0,$0,$0,$3,$-1,$0,$0,$-0,$0,$-0,$0,$-1,$0,$-1,$-1,$-1,$-1,$0,$0,$-2,$-0,$0,$0
42,2008-03-31,10.56,$1.56,6.78,$2.42,4.35,$0.11,96.66,$0.17,62.09,$0.02B,$0.00B,4.44,$0.00B,$0.03B,0.15,$0.04B,$0.01B,29.27%,$0.04B,$0.00B,9.76%,$0.04B,$0.00B,9.76%,$0.04B,$0.01B,14.63%,$0.04B,$0.00B,9.76%,$0.04B,$0.00B,4.88%,$0.00B,$0.03B,7.77%,$0.00B,$0.02B,11.11%,$0.00B,$0.04B,5.80%,$0.00B,$0.03B,13.33%,$11,$8,$3,$0,$2,$10,$1,$0,$1,$1,$1,$1,$1,$2,$1,$17,17,$0.05,$0.05,$7,$4,$0,$16,$10,$0,$9,$1,$19,$35,$4,$4,$0,$5,$9,$7,$21,$-0,$26,$35,$1,$0,$-0,$0,$-1,$-0,$0,$-0,$-0,$1,$-0,$0,$0,$-0,$0,$-0,$0,$-0,$0,$-0,$-0,$-0,$-0,$0,$0,$-1,$-0,$0,$0
43,2007-12-31,11.69,$1.53,7.62,$2.30,5.09,$0.08,154.66,$0.19,61.54,$0.02B,$0.00B,5.06,$0.00B,$0.03B,0.16,$0.04B,$0.01B,33.33%,$0.04B,$0.01B,12.82%,$0.04B,$0.01B,12.82%,$0.04B,$0.01B,15.38%,$0.04B,$0.01B,12.82%,$0.04B,$0.00B,5.13%,$0.00B,$0.03B,7.84%,$0.00B,$0.02B,11.27%,$0.00B,$0.04B,5.88%,$0.01B,$0.03B,16.67%,$10,$8,$2,$0,$2,$10,$0,$-0,$0,$0,$0,$0,$0,$1,$0,$17,17,$0.01,$0.01,$8,$4,$0,$16,$10,$0,$9,$1,$19,$35,$3,$4,$0,$6,$9,$7,$20,$-0,$26,$35,$3,$1,$-1,$0,$-0,$-1,$0,$0,$-1,$2,$-2,$0,$0,$1,$0,$1,$-1,$-1,$0,$-2,$-2,$-1,$-1,$0,$0,$-2,$-1,$0,$0
44,2007-09-30,16.63,$1.53,10.85,$2.16,7.69,$0.13,125.63,$0.23,72.32,$0.02B,$0.00B,4.68,$0.00B,$0.03B,0.17,$0.04B,$0.01B,37.84%,$0.04B,$0.01B,16.22%,$0.04B,$0.01B,16.22%,$0.04B,$0.01B,16.22%,$0.04B,$0.01B,16.22%,$0.04B,$0.00B,8.11%,$0.00B,$0.03B,12.00%,$0.00B,$0.02B,17.14%,$0.00B,$0.03B,8.96%,$0.01B,$0.03B,20.17%,$10,$7,$3,$0,$2,$9,$1,$0,$1,$0,$0,$0,$0,$1,$1,$17,17,$0.03,$0.03,$8,$4,$0,$18,$9,$0,$7,$1,$17,$34,$4,$4,$0,$5,$9,$7,$20,$-0,$26,$34,$3,$1,$-1,$0,$-1,$-2,$0,$0,$-2,$1,$-1,$0,$0,$2,$0,$2,$-1,$1,$0,$-1,$-1,$-1,$-1,$0,$0,$-2,$0,$0,$0
45,2007-06-30,11.16,$1.51,7.39,$2.02,5.52,$0.15,73.31,$0.24,46.49,$0.02B,$0.00B,5.75,$0.01B,$0.03B,0.19,$0.03B,$0.01B,41.18%,$0.03B,$0.01B,17.65%,$0.03B,$0.01B,17.65%,$0.03B,$0.01B,17.65%,$0.03B,$0.01B,17.65%,$0.03B,$0.00B,11.76%,$0.00B,$0.03B,16.49%,$0.00B,$0.02B,23.88%,$0.00B,$0.03B,12.12%,$0.01B,$0.03B,20.34%,$10,$6,$4,$0,$2,$8,$2,$0,$2,$1,$1,$1,$1,$2,$2,$17,17,$0.08,$0.08,$9,$4,$0,$18,$9,$0,$7,$0,$16,$34,$3,$5,$0,$5,$8,$7,$20,$0,$25,$34,$3,$1,$-0,$0,$-1,$-1,$0,$0,$-1,$1,$-1,$0,$0,$0,$0,$0,$-0,$-0,$0,$-1,$-1,$-1,$-1,$0,$0,$-2,$-1,$0,$0
46,2007-03-31,8.9,$1.47,6.04,$1.82,4.88,$0.14,61.86,$0.18,49.42,$0.02B,$0.00B,6.37,$0.01B,$0.03B,0.21,$0.03B,$0.01B,43.33%,$0.03B,$0.01B,16.67%,$0.03B,$0.01B,16.67%,$0.03B,$0.01B,16.67%,$0.03B,$0.01B,16.67%,$0.03B,$0.00B,13.33%,$0.00B,$0.03B,17.20%,$0.00B,$0.02B,22.86%,$0.00B,$0.03B,12.90%,$0.01B,$0.03B,17.86%,$9,$5,$4,$0,$2,$7,$2,$-0,$2,$1,$1,$1,$1,$2,$2,$17,17,$0.07,$0.07,$10,$3,$0,$17,$9,$0,$7,$0,$16,$33,$3,$5,$0,$6,$8,$7,$18,$0,$25,$33,$1,$0,$-0,$0,$-1,$-0,$-0,$0,$-1,$0,$-0,$0,$0,$0,$0,$0,$0,$-0,$0,$-1,$-1,$-0,$-0,$0,$0,$-1,$-1,$0,$0
47,2006-12-31,9.24,$1.40,6.58,$1.65,5.61,$0.14,65.59,$0.17,56.01,$0.02B,$0.00B,5.49,$0.01B,$0.02B,0.24,$0.03B,$0.01B,44.44%,$0.03B,$0.00B,14.81%,$0.03B,$0.00B,14.81%,$0.03B,$0.01B,18.52%,$0.03B,$0.00B,14.81%,$0.03B,$0.00B,14.81%,$0.00B,$0.02B,17.98%,$0.00B,$0.02B,21.62%,$0.00B,$0.03B,13.68%,$0.00B,$0.03B,15.09%,$8,$5,$3,$0,$2,$7,$1,$0,$1,$0,$1,$1,$1,$1,$1,$17,17,$0.04,$0.04,$10,$3,$0,$17,$9,$0,$8,$0,$16,$33,$3,$6,$0,$6,$9,$7,$17,$0,$24,$33,$3,$1,$-0,$0,$-1,$-1,$1,$0,$-1,$2,$-1,$0,$-3,$-0,$0,$-0,$0,$-3,$0,$-1,$-1,$-1,$-1,$0,$0,$-2,$-3,$0,$0
