,Date,Stock Price,Book Value per Share,Price to Book Ratio,TTM Sales per Share,Price to Sales Ratio,TTM FCF per Share,Price to FCF Ratio,TTM Net EPS,PE Ratio,Current Assets,Current Liabilities,Current Ratio,Long Term Debt,Shareholder's Equity_x,Debt to Equity Ratio,TTM Revenue_x,TTM Gross Profit,Gross Margin,TTM Revenue_y,TTM Operating Income,Operating Margin,TTM Revenue_x,TTM EBIT,EBIT Margin,TTM Revenue_y,TTM EBITDA,EBITDA Margin,TTM Revenue_x,TTM Pre-Tax Income,Pre-Tax Margin,TTM Revenue_y,TTM Net Income_x,Net Margin,TTM Net Income_y,Shareholder's Equity_y,Return on Equity,TTM Net Income_x,Tangible Equity,Return on Tangible Equity,TTM Net Income_y,Total Assets,Return on Assets,TTM Net Income,LT Investments & Debt,Return on Investment,revenue,cost-goods-sold,gross-profit,research-development-expenses,selling-general-administrative-expenses,operating-expenses,operating-income,total-non-operating-income-expense,pre-tax-income,total-provision-income-taxes,income-after-taxes,income-from-continuous-operations,net-income,ebitda,ebit,basic-shares-outstanding,shares-outstanding,eps-basic-net-earnings-per-share,eps-earnings-per-share-diluted,cash-on-hand,inventory,other-current-assets,total-current-assets,net-property-plant-equipment,long-term-investments,goodwill-intangible-assets-total,other-long-term-assets,total-long-term-assets,total-assets,total-current-liabilities,long-term-debt,other-non-current-liabilities,total-long-term-liabilities,total-liabilities,common-stock-net,retained-earnings-accumulated-deficit,comprehensive-income,total-share-holder-equity,total-liabilities-share-holders-equity,net-income-loss,total-depreciation-amortization-cash-flow,other-non-cash-items,total-non-cash-items,change-in-accounts-receivable,change-in-inventories,change-in-accounts-payable,change-in-assets-liabilities,total-change-in-assets-liabilities,cash-flow-from-operating-activities,net-change-in-property-plant-equipment,net-change-in-intangible-assets,net-acquisitions-divestitures,net-change-in-short-term-investments,net-change-in-long-term-investments,net-change-in-investments-total,investing-activities-other,cash-flow-from-investing-activities,net-long-term-debt,net-current-debt,debt-issuance-retirement-net-total,net-common-equity-issued-repurchased,net-total-equity-issued-repurchased,total-common-preferred-stock-dividends-paid,financial-activities-other,cash-flow-from-financial-activities,net-cash-flow,stock-based-compensation,common-stock-dividends-paid
0,2018-09-30,23.25,$0.00,0.0,$17.99,1.29,$3.18,7.31,$1.07,21.73,$0.18B,$0.08B,2.44,$0.09B,$0.20B,0.44,$0.49B,$0.13B,25.76%,$0.49B,$0.04B,7.30%,$0.49B,$0.04B,7.30%,$0.49B,$0.06B,11.36%,$0.49B,$0.03B,6.09%,$0.49B,$0.03B,5.88%,$0.03B,$0.20B,16.38%,$0.03B,$0.12B,29.97%,$0.03B,$0.40B,7.24%,$0.04B,$0.29B,13.35%,$129,$94,$35,$0,$18,$113,$16,$-2,$14,$2,$12,$12,$12,$21,$16,$27,28,$0.46,$0.45,$9,$96,$0,$182,$118,$8,$79,$0,$213,$395,$75,$88,$3,$120,$194,$27,$351,$0,$201,$395,$32,$15,$9,$24,$-4,$-16,$10,$0,$-10,$36,$-8,$-0,$0,$0,$1,$1,$-0,$-8,$0,$-21,$-21,$6,$6,$-10,$-4,$-29,$-0,$-4,$-10
1,2018-06-30,17.36,$0.00,0.0,$17.62,0.99,$2.99,5.81,$0.80,21.7,$0.18B,$0.07B,2.43,$0.10B,$0.18B,0.55,$0.48B,$0.12B,25.47%,$0.48B,$0.03B,6.05%,$0.48B,$0.03B,6.05%,$0.48B,$0.05B,10.23%,$0.48B,$0.02B,4.80%,$0.48B,$0.02B,4.59%,$0.02B,$0.18B,12.94%,$0.02B,$0.10B,24.86%,$0.02B,$0.40B,5.41%,$0.03B,$0.28B,10.85%,$128,$94,$34,$0,$19,$114,$15,$-2,$13,$3,$10,$10,$10,$20,$15,$27,28,$0.38,$0.37,$6,$96,$0,$177,$119,$8,$80,$0,$219,$396,$73,$99,$3,$143,$215,$25,$336,$0,$180,$396,$19,$10,$6,$16,$-1,$-16,$7,$0,$-10,$19,$-4,$-0,$0,$0,$1,$1,$-0,$-3,$0,$-10,$-10,$0,$0,$-7,$-3,$-19,$-4,$-3,$-7
2,2018-03-31,12.6,$0.00,0.0,$16.95,0.74,$2.98,4.23,$0.52,24.22,$0.18B,$0.09B,1.98,$0.09B,$0.17B,0.55,$0.46B,$0.11B,24.89%,$0.46B,$0.02B,4.59%,$0.46B,$0.02B,4.59%,$0.46B,$0.04B,8.95%,$0.46B,$0.02B,3.28%,$0.46B,$0.02B,3.28%,$0.02B,$0.17B,9.02%,$0.02B,$0.08B,17.91%,$0.02B,$0.41B,3.58%,$0.02B,$0.26B,7.64%,$120,$89,$31,$0,$17,$107,$13,$-2,$11,$2,$9,$9,$9,$18,$13,$27,27,$0.34,$0.33,$9,$95,$0,$178,$124,$8,$83,$0,$232,$409,$90,$90,$2,$154,$244,$25,$311,$0,$165,$409,$9,$5,$4,$9,$2,$-11,$2,$0,$-7,$9,$-1,$-0,$0,$0,$1,$1,$-0,$-1,$0,$-4,$-4,$0,$0,$-3,$-1,$-9,$-1,$-0,$-3
3,2017-12-31,15.42,$0.00,0.0,$16.45,0.94,$2.97,5.19,$0.44,35.05,$0.17B,$0.08B,2.03,$0.09B,$0.16B,0.58,$0.44B,$0.11B,24.72%,$0.44B,$0.02B,4.31%,$0.44B,$0.02B,4.31%,$0.44B,$0.04B,8.62%,$0.44B,$0.01B,2.95%,$0.44B,$0.01B,2.95%,$0.01B,$0.16B,7.96%,$0.01B,$0.08B,16.05%,$0.01B,$0.40B,3.07%,$0.02B,$0.26B,6.64%,$116,$89,$27,$0,$19,$124,$-8,$-1,$-8,$-6,$-2,$-2,$-2,$-3,$-8,$26,27,$-0.09,$-0.09,$15,$82,$0,$171,$126,$8,$82,$0,$231,$403,$84,$94,$3,$156,$240,$25,$311,$0,$162,$403,$12,$19,$20,$39,$-9,$5,$10,$0,$6,$45,$-10,$-2,$-6,$0,$-1,$-1,$-0,$-18,$0,$-13,$-13,$0,$0,$-13,$-7,$-34,$-5,$2,$-13
4,2017-09-30,12.15,$6.53,1.86,$15.75,0.77,$2.14,5.68,$0.64,18.99,$0.19B,$0.08B,2.34,$0.11B,$0.17B,0.61,$0.42B,$0.10B,23.99%,$0.42B,$0.03B,7.60%,$0.42B,$0.03B,7.60%,$0.42B,$0.05B,12.11%,$0.42B,$0.02B,5.70%,$0.42B,$0.02B,4.28%,$0.02B,$0.17B,11.37%,$0.02B,$0.09B,23.68%,$0.02B,$0.42B,4.28%,$0.03B,$0.28B,11.12%,$115,$86,$30,$0,$18,$106,$9,$-2,$7,$2,$5,$5,$5,$14,$9,$26,27,$0.18,$0.18,$19,$89,$0,$187,$127,$8,$83,$0,$232,$419,$80,$106,$5,$166,$246,$25,$324,$0,$173,$419,$14,$14,$16,$30,$-16,$-3,$12,$0,$-6,$29,$-7,$-1,$-1,$0,$0,$0,$0,$-8,$0,$-1,$-1,$0,$0,$-10,$-6,$-17,$6,$1,$-10
5,2017-06-30,12.48,$6.23,2.0,$15.18,0.82,$1.61,7.75,$0.58,21.52,$0.21B,$0.07B,2.98,$0.15B,$0.17B,0.89,$0.41B,$0.09B,22.96%,$0.41B,$0.03B,7.16%,$0.41B,$0.03B,7.16%,$0.41B,$0.05B,11.60%,$0.41B,$0.02B,5.19%,$0.41B,$0.02B,3.95%,$0.02B,$0.17B,10.87%,$0.02B,$0.08B,24.33%,$0.02B,$0.45B,3.78%,$0.03B,$0.31B,10.18%,$107,$80,$26,$0,$16,$100,$7,$-2,$5,$2,$3,$3,$3,$12,$7,$26,27,$0.09,$0.09,$57,$91,$0,$213,$127,$7,$83,$0,$232,$445,$72,$146,$5,$209,$280,$25,$322,$0,$165,$445,$9,$9,$11,$20,$-7,$-6,$9,$0,$-4,$19,$-5,$-1,$-1,$0,$1,$1,$0,$-6,$0,$38,$38,$0,$0,$-7,$-3,$29,$44,$1,$-7
6,2017-03-31,11.87,$5.81,2.04,$15.34,0.77,$1.27,9.31,$0.74,16.04,$0.19B,$0.06B,3.27,$0.15B,$0.15B,0.95,$0.41B,$0.09B,22.98%,$0.41B,$0.03B,8.07%,$0.41B,$0.03B,8.07%,$0.41B,$0.05B,12.47%,$0.41B,$0.03B,6.11%,$0.41B,$0.02B,4.89%,$0.02B,$0.15B,14.01%,$0.02B,$0.07B,32.65%,$0.02B,$0.43B,4.62%,$0.03B,$0.30B,11.36%,$103,$78,$26,$0,$15,$93,$11,$-2,$9,$2,$7,$7,$7,$15,$11,$26,27,$0.25,$0.25,$40,$88,$0,$193,$127,$10,$81,$0,$233,$426,$59,$146,$4,$213,$272,$25,$315,$0,$153,$426,$7,$5,$4,$8,$-4,$-5,$5,$0,$-4,$10,$-2,$-0,$-1,$0,$1,$1,$0,$-3,$0,$25,$25,$0,$0,$-3,$-2,$20,$27,$0,$-3
7,2016-12-31,10.63,$5.37,1.98,$15.22,0.7,$0.99,10.7,$0.82,12.96,$0.16B,$0.05B,2.89,$0.12B,$0.14B,0.85,$0.42B,$0.09B,22.65%,$0.42B,$0.04B,8.67%,$0.42B,$0.04B,8.67%,$0.42B,$0.05B,13.01%,$0.42B,$0.03B,6.75%,$0.42B,$0.02B,5.30%,$0.02B,$0.14B,15.22%,$0.02B,$0.06B,35.63%,$0.02B,$0.39B,4.99%,$0.04B,$0.26B,12.28%,$96,$78,$19,$0,$14,$91,$5,$-2,$3,$0,$3,$3,$3,$10,$5,$26,27,$0.08,$0.11,$14,$83,$0,$156,$128,$10,$81,$0,$235,$392,$54,$121,$3,$196,$250,$25,$308,$0,$142,$392,$22,$18,$12,$30,$-2,$5,$-10,$0,$-8,$29,$-16,$-2,$-0,$0,$0,$0,$4,$-15,$0,$-9,$-9,$-7,$-7,$-13,$-6,$-36,$-23,$1,$-13
8,2016-09-30,11.31,$4.90,2.31,$15.56,0.73,$1.88,6.02,$0.97,11.66,$0.19B,$0.07B,2.75,$0.14B,$0.13B,1.06,$0.43B,$0.10B,23.00%,$0.43B,$0.04B,9.86%,$0.43B,$0.04B,9.86%,$0.43B,$0.06B,13.85%,$0.43B,$0.04B,8.69%,$0.43B,$0.03B,6.10%,$0.03B,$0.13B,17.16%,$0.03B,$0.05B,38.66%,$0.03B,$0.43B,5.76%,$0.04B,$0.27B,13.87%,$99,$77,$22,$0,$15,$93,$6,$-2,$4,$1,$3,$3,$3,$10,$6,$26,27,$0.12,$0.12,$32,$91,$0,$189,$130,$10,$82,$0,$241,$431,$69,$138,$5,$233,$301,$25,$292,$0,$129,$431,$19,$14,$11,$25,$-6,$-2,$-4,$0,$-12,$20,$-12,$-1,$-0,$0,$0,$0,$4,$-10,$0,$7,$7,$-6,$-6,$-10,$-5,$-15,$-5,$1,$-10
9,2016-06-30,11.74,$5.56,2.11,$16.01,0.73,$2.65,4.43,$1.08,10.87,$0.25B,$0.08B,3.33,$0.19B,$0.15B,1.26,$0.44B,$0.10B,23.18%,$0.44B,$0.05B,10.45%,$0.44B,$0.05B,10.45%,$0.44B,$0.06B,14.55%,$0.44B,$0.04B,9.32%,$0.44B,$0.03B,6.59%,$0.03B,$0.15B,18.15%,$0.03B,$0.06B,39.32%,$0.03B,$0.48B,6.31%,$0.05B,$0.33B,14.80%,$111,$84,$27,$0,$16,$100,$11,$-2,$9,$2,$7,$7,$7,$16,$11,$26,27,$0.30,$0.29,$84,$91,$0,$249,$130,$6,$83,$0,$236,$484,$75,$186,$5,$263,$337,$25,$308,$0,$147,$484,$15,$9,$8,$17,$-11,$-2,$0,$0,$-12,$13,$-7,$-1,$-0,$0,$1,$1,$3,$-4,$0,$54,$54,$-6,$-6,$-7,$-3,$38,$47,$1,$-7
10,2016-03-31,10.36,$6.02,1.72,$16.38,0.63,$3.14,3.3,$0.94,11.02,$0.22B,$0.08B,2.85,$0.15B,$0.16B,0.94,$0.45B,$0.10B,23.01%,$0.45B,$0.05B,11.06%,$0.45B,$0.05B,11.06%,$0.45B,$0.07B,14.82%,$0.45B,$0.04B,8.41%,$0.45B,$0.03B,5.53%,$0.03B,$0.16B,14.99%,$0.03B,$0.07B,31.65%,$0.03B,$0.46B,5.44%,$0.05B,$0.31B,16.10%,$109,$82,$26,$0,$15,$95,$14,$-2,$12,$3,$9,$9,$9,$18,$14,$26,29,$0.33,$0.30,$49,$94,$0,$215,$134,$6,$86,$0,$241,$456,$76,$151,$5,$220,$296,$25,$314,$0,$160,$456,$9,$5,$3,$8,$-11,$-2,$2,$0,$-10,$3,$-3,$-0,$0,$0,$1,$1,$3,$1,$0,$20,$20,$-6,$-6,$-3,$-2,$9,$12,$0,$-3
11,2015-12-31,9.6,$6.25,1.54,$16.91,0.57,$3.34,2.87,$0.59,16.28,$0.19B,$0.07B,2.76,$0.13B,$0.17B,0.78,$0.46B,$0.10B,22.61%,$0.46B,$0.04B,8.48%,$0.46B,$0.04B,8.48%,$0.46B,$0.06B,12.17%,$0.46B,$0.03B,5.65%,$0.46B,$0.02B,3.26%,$0.02B,$0.17B,9.01%,$0.02B,$0.08B,19.11%,$0.02B,$0.44B,3.29%,$0.04B,$0.30B,12.87%,$107,$84,$23,$0,$13,$97,$11,$-5,$12,$4,$7,$7,$7,$15,$11,$27,27,$0.28,$0.27,$37,$92,$0,$192,$136,$7,$87,$0,$244,$436,$69,$132,$4,$197,$266,$25,$317,$0,$170,$436,$16,$19,$24,$19,$5,$3,$-1,$1,$8,$53,$-15,$-2,$0,$0,$-4,$-4,$-2,$-21,$0,$10,$0,$-2,$-2,$-11,$-6,$-9,$22,$1,$-11
12,2015-09-30,10.53,$0.00,0.0,$17.44,0.6,$2.06,5.1,$0.75,14.04,$0.21B,$0.07B,3.05,$0.14B,$0.16B,0.85,$0.48B,$0.11B,22.90%,$0.48B,$0.04B,7.35%,$0.48B,$0.04B,7.35%,$0.48B,$0.05B,10.92%,$0.48B,$0.03B,5.46%,$0.48B,$0.02B,4.20%,$0.02B,$0.16B,11.92%,$0.02B,$0.07B,25.56%,$0.02B,$0.46B,4.32%,$0.04B,$0.30B,11.59%,$113,$88,$26,$0,$15,$103,$10,$-3,$8,$2,$6,$6,$6,$15,$10,$27,27,$0.23,$0.23,$40,$94,$0,$206,$0,$12,$88,$0,$120,$461,$68,$137,$94,$231,$299,$25,$306,$0,$162,$461,$9,$14,$23,$37,$-2,$4,$-1,$1,$2,$38,$-9,$-1,$0,$0,$-4,$-4,$0,$-14,$0,$16,$16,$-2,$-2,$-8,$-5,$1,$25,$1,$-8
13,2015-06-30,12.69,$0.00,0.0,$17.53,0.72,$0.75,17.0,$0.68,18.66,$0.23B,$0.07B,3.54,$0.16B,$0.18B,0.9,$0.48B,$0.11B,23.14%,$0.48B,$0.04B,7.44%,$0.48B,$0.04B,7.44%,$0.48B,$0.05B,10.74%,$0.48B,$0.02B,4.96%,$0.48B,$0.02B,3.93%,$0.02B,$0.18B,11.05%,$0.02B,$0.09B,23.46%,$0.02B,$0.48B,4.08%,$0.04B,$0.33B,11.85%,$123,$94,$29,$0,$17,$108,$15,$-3,$6,$3,$3,$3,$3,$19,$15,$27,27,$0.11,$0.11,$58,$98,$1,$233,$0,$8,$89,$0,$115,$484,$66,$157,$85,$244,$310,$25,$312,$0,$175,$484,$3,$9,$18,$28,$-3,$3,$0,$0,$-0,$24,$-5,$-1,$0,$0,$-1,$-1,$0,$-6,$0,$35,$35,$-2,$-2,$-5,$-3,$24,$44,$1,$-5
14,2015-03-31,13.05,$5.90,2.21,$17.34,0.75,$-0.36,0.0,$0.77,16.95,$0.20B,$0.07B,2.88,$0.12B,$0.16B,0.76,$0.48B,$0.11B,22.77%,$0.48B,$0.03B,6.63%,$0.48B,$0.03B,6.63%,$0.48B,$0.05B,10.14%,$0.48B,$0.03B,5.38%,$0.48B,$0.02B,4.55%,$0.02B,$0.16B,12.36%,$0.02B,$0.07B,22.56%,$0.02B,$0.45B,4.90%,$0.03B,$0.28B,11.14%,$117,$91,$26,$0,$16,$114,$3,$-3,$0,$1,$-1,$-1,$-1,$7,$3,$27,27,$-0.02,$-0.02,$16,$101,$1,$196,$135,$8,$87,$0,$248,$445,$68,$122,$4,$217,$285,$25,$299,$0,$159,$445,$-1,$5,$11,$15,$-6,$-1,$2,$0,$-5,$8,$-3,$0,$0,$0,$-1,$-1,$0,$-3,$0,$0,$0,$0,$0,$-3,$-2,$-4,$1,$0,$-3
15,2014-12-31,14.57,$6.47,2.25,$17.44,0.84,$-0.62,0.0,$1.05,13.88,$0.20B,$0.07B,3.0,$0.12B,$0.18B,0.69,$0.49B,$0.11B,23.11%,$0.49B,$0.04B,8.38%,$0.49B,$0.04B,8.38%,$0.49B,$0.06B,12.07%,$0.49B,$0.04B,7.36%,$0.49B,$0.03B,6.13%,$0.03B,$0.18B,16.15%,$0.03B,$0.08B,26.09%,$0.03B,$0.46B,6.79%,$0.04B,$0.30B,14.62%,$123,$95,$28,$0,$22,$117,$7,$6,$12,$0,$12,$12,$12,$11,$7,$27,28,$0.44,$0.43,$15,$105,$1,$196,$389,$7,$93,$0,$509,$460,$65,$121,$96,$219,$284,$25,$309,$0,$175,$460,$29,$18,$14,$18,$-8,$-9,$-2,$-1,$0,$23,$-20,$-2,$-58,$0,$0,$0,$-1,$-80,$-0,$0,$0,$1,$1,$-11,$53,$43,$-14,$2,$-11
16,2014-09-30,16.85,$0.00,0.0,$17.11,0.98,$-0.25,0.0,$0.93,18.11,$0.21B,$0.08B,2.82,$0.13B,$0.18B,0.7,$0.48B,$0.12B,23.86%,$0.48B,$0.05B,9.54%,$0.48B,$0.05B,9.54%,$0.48B,$0.07B,13.49%,$0.48B,$0.04B,7.26%,$0.48B,$0.03B,5.60%,$0.03B,$0.18B,14.21%,$0.03B,$0.09B,20.45%,$0.03B,$0.48B,6.34%,$0.05B,$0.31B,17.02%,$121,$92,$29,$0,$18,$110,$11,$-5,$6,$2,$5,$5,$5,$15,$11,$27,28,$0.17,$0.16,$15,$116,$0,$212,$0,$7,$94,$0,$120,$476,$75,$126,$88,$222,$297,$25,$307,$0,$179,$476,$17,$13,$0,$13,$0,$0,$0,$0,$-41,$7,$-14,$0,$0,$0,$0,$0,$-59,$-73,$0,$-0,$22,$0,$1,$-8,$38,$52,$-13,$0,$0
17,2014-06-30,18.49,$0.00,0.0,$17.11,1.08,$0.56,33.13,$1.07,17.28,$0.21B,$0.07B,2.98,$0.07B,$0.20B,0.33,$0.48B,$0.12B,23.91%,$0.48B,$0.05B,10.19%,$0.48B,$0.05B,10.19%,$0.48B,$0.07B,14.14%,$0.48B,$0.04B,8.32%,$0.48B,$0.03B,6.24%,$0.03B,$0.20B,15.85%,$0.03B,$0.15B,20.65%,$0.03B,$0.42B,7.41%,$0.05B,$0.27B,19.31%,$122,$95,$27,$0,$16,$111,$11,$-4,$8,$2,$6,$6,$6,$16,$11,$27,28,$0.21,$0.20,$11,$110,$0,$205,$0,$7,$48,$0,$71,$415,$69,$67,$75,$148,$216,$25,$320,$0,$199,$415,$13,$9,$0,$9,$0,$0,$0,$0,$-32,$-3,$-8,$0,$0,$0,$0,$0,$-2,$-10,$0,$0,$0,$0,$0,$-5,$1,$-4,$-17,$0,$0
18,2014-03-31,19.11,$0.00,0.0,$17.17,1.11,$1.26,15.11,$1.18,16.19,$0.21B,$0.08B,2.62,$0.06B,$0.19B,0.34,$0.48B,$0.12B,24.69%,$0.48B,$0.05B,11.00%,$0.48B,$0.05B,11.00%,$0.48B,$0.07B,14.73%,$0.48B,$0.05B,9.34%,$0.48B,$0.03B,6.85%,$0.03B,$0.19B,18.26%,$0.03B,$0.14B,23.61%,$0.03B,$0.42B,8.35%,$0.05B,$0.25B,21.68%,$123,$94,$29,$0,$17,$111,$12,$-2,$10,$3,$7,$7,$7,$17,$12,$27,28,$0.27,$0.26,$19,$107,$0,$207,$0,$8,$48,$0,$72,$417,$79,$64,$76,$148,$227,$25,$316,$0,$190,$417,$7,$4,$0,$4,$0,$0,$0,$0,$-16,$1,$-3,$0,$-3,$0,$0,$0,$-0,$-6,$0,$0,$0,$0,$0,$-3,$-3,$-5,$-10,$0,$0
19,2013-12-31,20.36,$0.00,0.0,$17.16,1.19,$1.53,13.28,$1.22,16.69,$0.19B,$0.07B,2.96,$0.06B,$0.19B,0.33,$0.48B,$0.12B,24.53%,$0.48B,$0.06B,11.64%,$0.48B,$0.06B,11.64%,$0.48B,$0.07B,15.18%,$0.48B,$0.05B,9.77%,$0.48B,$0.03B,7.07%,$0.03B,$0.19B,19.74%,$0.03B,$0.15B,25.33%,$0.03B,$0.40B,8.84%,$0.06B,$0.26B,23.75%,$116,$86,$30,$0,$18,$104,$12,$-2,$11,$2,$9,$9,$9,$17,$12,$27,28,$0.33,$0.31,$28,$94,$0,$193,$0,$8,$41,$0,$65,$396,$65,$64,$70,$139,$204,$25,$317,$0,$192,$396,$34,$16,$26,$16,$6,$-9,$-11,$0,$-39,$37,$-24,$-2,$-7,$0,$-7,$0,$-2,$-33,$0,$-4,$0,$0,$0,$-11,$-1,$-16,$-12,$2,$-11
20,2013-09-30,15.51,$0.00,0.0,$17.71,0.88,$2.86,5.42,$1.27,12.21,$0.20B,$0.07B,2.87,$0.06B,$0.18B,0.36,$0.50B,$0.22B,44.04%,$0.50B,$0.17B,35.15%,$0.50B,$0.17B,35.15%,$0.50B,$0.19B,38.38%,$0.50B,$0.17B,33.54%,$0.50B,$0.04B,7.07%,$0.04B,$0.18B,21.67%,$0.04B,$0.14B,28.17%,$0.04B,$0.39B,9.13%,$0.17B,$0.24B,77.42%,$120,$91,$29,$0,$15,$106,$14,$-3,$11,$3,$8,$8,$8,$18,$14,$27,28,$0.31,$0.30,$38,$88,$0,$198,$0,$7,$38,$0,$61,$391,$69,$64,$78,$146,$215,$25,$304,$0,$176,$391,$25,$12,$0,$12,$0,$0,$0,$0,$-17,$30,$-14,$0,$0,$0,$0,$-6,$0,$-20,$0,$0,$0,$0,$0,$-8,$-4,$-12,$-2,$0,$0
