,Date,Stock Price,Book Value per Share,Price to Book Ratio,TTM Sales per Share,Price to Sales Ratio,TTM FCF per Share,Price to FCF Ratio,TTM Net EPS,PE Ratio,Current Assets,Current Liabilities,Current Ratio,Long Term Debt,Shareholder's Equity_x,Debt to Equity Ratio,TTM Revenue_x,TTM Gross Profit,Gross Margin,TTM Revenue_y,TTM Operating Income,Operating Margin,TTM Revenue_x,TTM EBIT,EBIT Margin,TTM Revenue_y,TTM EBITDA,EBITDA Margin,TTM Revenue_x,TTM Pre-Tax Income,Pre-Tax Margin,TTM Revenue_y,TTM Net Income_x,Net Margin,TTM Net Income_y,Shareholder's Equity_y,Return on Equity,TTM Net Income_x,Tangible Equity,Return on Tangible Equity,TTM Net Income_y,Total Assets,Return on Assets,TTM Net Income,LT Investments & Debt,Return on Investment,revenue,cost-goods-sold,gross-profit,research-development-expenses,selling-general-administrative-expenses,operating-expenses,operating-income,total-non-operating-income-expense,pre-tax-income,total-provision-income-taxes,income-after-taxes,income-from-continuous-operations,net-income,ebitda,ebit,basic-shares-outstanding,shares-outstanding,eps-basic-net-earnings-per-share,eps-earnings-per-share-diluted,cash-on-hand,inventory,other-current-assets,total-current-assets,net-property-plant-equipment,long-term-investments,goodwill-intangible-assets-total,other-long-term-assets,total-long-term-assets,total-assets,total-current-liabilities,long-term-debt,other-non-current-liabilities,total-long-term-liabilities,total-liabilities,common-stock-net,retained-earnings-accumulated-deficit,comprehensive-income,total-share-holder-equity,total-liabilities-share-holders-equity,net-income-loss,total-depreciation-amortization-cash-flow,other-non-cash-items,total-non-cash-items,change-in-accounts-receivable,change-in-inventories,change-in-accounts-payable,change-in-assets-liabilities,total-change-in-assets-liabilities,cash-flow-from-operating-activities,net-change-in-property-plant-equipment,net-change-in-intangible-assets,net-acquisitions-divestitures,net-change-in-short-term-investments,net-change-in-long-term-investments,net-change-in-investments-total,investing-activities-other,cash-flow-from-investing-activities,net-long-term-debt,net-current-debt,debt-issuance-retirement-net-total,net-common-equity-issued-repurchased,net-total-equity-issued-repurchased,total-common-preferred-stock-dividends-paid,financial-activities-other,cash-flow-from-financial-activities,net-cash-flow,stock-based-compensation,common-stock-dividends-paid
0,2018-09-30,10.67,$-0.28,-38.44,$0.75,14.28,$-4.29,0.0,$-1.26,0.0,$0.20B,$0.07B,2.9,$0.24B,$-0.03B,-8.29,$0.08B,$0.08B,97.47%,$0.08B,$-0.12B,-154.43%,$0.08B,$-0.12B,-154.43%,$0.08B,$-0.12B,-149.37%,$0.08B,$-0.14B,-173.42%,$0.08B,$-0.13B,-168.35%,$-0.13B,$-0.03B,-1209.09%,$-0.13B,$-0.13B,156.47%,$-0.13B,$0.31B,-36.26%,$-0.12B,$0.21B,-49.64%,$7,$1,$6,$14,$16,$30,$-23,$-4,$-28,$0,$-28,$-28,$-28,$-22,$-23,$106,106,$-0.26,$-0.26,$187,$5,$0,$198,$16,$0,$95,$0,$112,$310,$69,$244,$0,$271,$340,$0,$-1471,$-0,$-29,$310,$-104,$4,$9,$13,$2,$-3,$-5,$-24,$-30,$-121,$-0,$0,$0,$111,$0,$111,$0,$111,$-2,$0,$-2,$-0,$-0,$0,$0,$-2,$-13,$9,$0
1,2018-06-30,12.0,$-0.05,-250.52,$0.94,12.8,$-4.58,0.0,$-1.29,0.0,$0.22B,$0.08B,2.71,$0.23B,$-0.01B,-45.79,$0.10B,$0.10B,97.98%,$0.10B,$-0.13B,-130.30%,$0.10B,$-0.13B,-130.30%,$0.10B,$-0.12B,-125.25%,$0.10B,$-0.14B,-141.41%,$0.10B,$-0.14B,-137.37%,$-0.14B,$-0.01B,-360.26%,$-0.14B,$-0.10B,233.48%,$-0.14B,$0.33B,-36.61%,$-0.13B,$0.23B,-55.31%,$14,$1,$13,$27,$17,$44,$-30,$-4,$-35,$0,$-35,$-35,$-35,$-29,$-30,$106,106,$-0.33,$-0.33,$210,$2,$0,$220,$17,$0,$96,$0,$113,$333,$81,$232,$0,$257,$338,$0,$-1444,$-0,$-5,$333,$-77,$2,$6,$8,$0,$-0,$-7,$-25,$-31,$-99,$-0,$0,$0,$54,$0,$54,$0,$54,$-1,$0,$-1,$-1,$-1,$0,$0,$-2,$-47,$6,$0
2,2018-03-31,8.57,$0.25,34.61,$0.92,9.29,$-4.77,0.0,$-1.29,0.0,$0.27B,$0.10B,2.72,$0.23B,$0.03B,8.85,$0.10B,$0.10B,98.97%,$0.10B,$-0.13B,-137.11%,$0.10B,$-0.13B,-137.11%,$0.10B,$-0.13B,-131.96%,$0.10B,$-0.14B,-144.33%,$0.10B,$-0.14B,-140.21%,$-0.14B,$0.03B,-207.63%,$-0.14B,$-0.07B,442.28%,$-0.14B,$0.39B,-35.86%,$-0.13B,$0.26B,-59.24%,$25,$1,$25,$48,$15,$63,$-38,$-4,$-42,$0,$-42,$-42,$-42,$-37,$-38,$106,106,$-0.40,$-0.40,$262,$2,$0,$273,$17,$0,$96,$0,$114,$387,$100,$232,$0,$260,$361,$0,$-1409,$-0,$26,$387,$-42,$1,$3,$4,$0,$-0,$9,$-19,$-9,$-47,$-0,$0,$0,$7,$0,$7,$0,$7,$-1,$0,$-1,$-1,$-1,$0,$0,$-2,$-41,$3,$0
3,2017-12-31,9.88,$0.49,20.02,$0.86,11.5,$-5.14,0.0,$-1.22,0.0,$0.32B,$0.12B,2.59,$0.23B,$0.05B,4.45,$0.09B,$0.09B,98.89%,$0.09B,$-0.14B,-152.22%,$0.09B,$-0.14B,-152.22%,$0.09B,$-0.13B,-147.78%,$0.09B,$-0.14B,-157.78%,$0.09B,$-0.13B,-143.33%,$-0.13B,$0.05B,-139.08%,$-0.13B,$-0.04B,3225.00%,$-0.13B,$0.44B,-33.81%,$-0.14B,$0.28B,-63.72%,$33,$1,$33,$47,$16,$64,$-31,$-2,$-32,$-4,$-28,$-28,$-28,$-30,$-31,$105,105,$-0.28,$-0.28,$311,$2,$0,$322,$18,$0,$96,$0,$115,$437,$124,$232,$0,$260,$384,$0,$-1381,$-0,$52,$437,$-129,$4,$-1,$3,$0,$-2,$-7,$-50,$-59,$-185,$-0,$0,$0,$51,$0,$51,$0,$51,$144,$0,$144,$6,$6,$0,$0,$150,$15,$9,$0
4,2017-09-30,12.29,$0.74,16.56,$0.77,16.03,$-5.07,0.0,$-1.26,0.0,$0.21B,$0.13B,1.66,$0.09B,$0.08B,1.09,$0.08B,$0.08B,98.75%,$0.08B,$-0.14B,-171.25%,$0.08B,$-0.14B,-171.25%,$0.08B,$-0.13B,-167.50%,$0.08B,$-0.14B,-177.50%,$0.08B,$-0.13B,-166.25%,$-0.13B,$0.08B,-111.76%,$-0.13B,$-0.02B,-604.55%,$-0.13B,$0.33B,-33.99%,$-0.14B,$0.16B,-66.91%,$27,$1,$26,$39,$17,$56,$-30,$-1,$-31,$0,$-31,$-31,$-31,$-28,$-30,$106,106,$-0.29,$-0.29,$197,$2,$0,$214,$18,$0,$97,$0,$115,$329,$129,$86,$0,$122,$251,$0,$-1353,$-0,$78,$329,$-101,$3,$1,$4,$-3,$-2,$-12,$-38,$-55,$-152,$-0,$0,$0,$187,$0,$187,$0,$186,$-2,$0,$-2,$4,$4,$0,$0,$2,$37,$7,$0
5,2017-06-30,16.45,$1.01,16.36,$0.78,21.14,$-4.85,0.0,$-1.32,0.0,$0.25B,$0.13B,1.86,$0.09B,$0.11B,0.8,$0.08B,$0.08B,100.00%,$0.08B,$-0.14B,-175.31%,$0.08B,$-0.14B,-175.31%,$0.08B,$-0.14B,-172.84%,$0.08B,$-0.15B,-181.48%,$0.08B,$-0.14B,-170.37%,$-0.14B,$0.11B,-94.68%,$-0.14B,$0.01B,-286.01%,$-0.14B,$0.36B,-31.49%,$-0.14B,$0.19B,-61.41%,$12,$1,$12,$27,$18,$46,$-34,$-1,$-35,$0,$-35,$-35,$-35,$-33,$-34,$105,105,$-0.33,$-0.33,$231,$1,$0,$247,$19,$0,$97,$0,$116,$364,$133,$85,$0,$124,$257,$0,$-1322,$-0,$106,$364,$-70,$2,$-2,$-0,$2,$-1,$-22,$-27,$-48,$-118,$-0,$0,$0,$99,$0,$99,$0,$99,$-1,$0,$-1,$4,$4,$0,$0,$3,$-16,$5,$0
6,2017-03-31,14.34,$1.28,11.21,$0.86,16.73,$-4.62,0.0,$-1.36,0.0,$0.28B,$0.14B,2.04,$0.09B,$0.14B,0.63,$0.09B,$0.09B,100.00%,$0.09B,$-0.15B,-162.92%,$0.09B,$-0.15B,-162.92%,$0.09B,$-0.14B,-160.67%,$0.09B,$-0.15B,-168.54%,$0.09B,$-0.14B,-158.43%,$-0.14B,$0.14B,-81.27%,$-0.14B,$0.04B,-186.14%,$-0.14B,$0.40B,-28.97%,$-0.15B,$0.22B,-56.04%,$18,$0,$18,$44,$15,$61,$-42,$-1,$-44,$-9,$-35,$-35,$-35,$-42,$-42,$104,104,$-0.33,$-0.33,$260,$0,$0,$279,$19,$0,$98,$0,$117,$396,$137,$85,$1,$125,$262,$0,$-1287,$-0,$135,$396,$-35,$1,$-4,$-4,$-1,$-0,$-25,$-21,$-47,$-85,$-0,$0,$0,$43,$0,$43,$0,$42,$-1,$0,$-1,$-1,$-1,$0,$0,$-1,$-44,$2,$0
7,2016-12-31,13.83,$1.51,9.16,$0.80,17.23,$-4.22,0.0,$-1.37,0.0,$0.36B,$0.17B,2.17,$0.09B,$0.16B,0.54,$0.08B,$0.08B,100.00%,$0.08B,$-0.14B,-165.06%,$0.08B,$-0.14B,-165.06%,$0.08B,$-0.13B,-161.45%,$0.08B,$-0.14B,-169.88%,$0.08B,$-0.14B,-169.88%,$-0.14B,$0.16B,-69.46%,$-0.14B,$0.06B,-133.97%,$-0.14B,$0.48B,-26.09%,$-0.14B,$0.24B,-46.92%,$23,$0,$23,$40,$14,$54,$-31,$-1,$-32,$0,$-32,$-32,$-32,$-31,$-31,$104,104,$-0.30,$-0.30,$347,$0,$0,$358,$19,$0,$98,$0,$118,$476,$165,$85,$1,$154,$318,$0,$-1250,$-0,$157,$476,$-141,$3,$7,$9,$-4,$0,$28,$-67,$-44,$-176,$-0,$0,$0,$18,$0,$18,$0,$18,$-2,$0,$-2,$3,$3,$0,$0,$1,$-156,$7,$0
8,2016-09-30,18.07,$1.78,10.18,$1.81,9.99,$-0.75,0.0,$-0.30,0.0,$0.40B,$0.17B,2.34,$0.09B,$0.19B,0.46,$0.19B,$0.19B,100.00%,$0.19B,$-0.02B,-9.63%,$0.19B,$-0.02B,-9.63%,$0.19B,$-0.01B,-7.49%,$0.19B,$-0.02B,-11.76%,$0.19B,$-0.02B,-11.76%,$-0.02B,$0.19B,-9.35%,$-0.02B,$0.09B,-16.03%,$-0.02B,$0.52B,-3.76%,$-0.02B,$0.27B,-5.49%,$28,$0,$28,$53,$12,$63,$-35,$-1,$-36,$0,$-36,$-36,$-36,$-34,$-35,$104,104,$-0.35,$-0.35,$396,$0,$0,$399,$20,$0,$98,$0,$118,$517,$170,$85,$3,$162,$332,$0,$-1218,$0,$185,$517,$-109,$2,$5,$7,$0,$0,$19,$-44,$-25,$-127,$-0,$0,$0,$-38,$0,$-38,$0,$-38,$-1,$0,$-1,$2,$2,$0,$0,$1,$-164,$6,$0
9,2016-06-30,14.35,$2.09,6.86,$1.55,9.27,$-0.31,0.0,$-0.29,0.0,$0.44B,$0.13B,3.36,$0.09B,$0.22B,0.39,$0.16B,$0.16B,100.00%,$0.16B,$-0.02B,-10.63%,$0.16B,$-0.02B,-10.63%,$0.16B,$-0.01B,-8.13%,$0.16B,$-0.02B,-13.13%,$0.16B,$-0.02B,-13.13%,$-0.02B,$0.22B,-8.81%,$-0.02B,$0.12B,-14.95%,$-0.02B,$0.56B,-3.80%,$-0.02B,$0.30B,-5.12%,$20,$0,$20,$48,$8,$57,$-37,$-1,$-38,$0,$-38,$-38,$-38,$-36,$-37,$104,104,$-0.37,$-0.37,$429,$0,$0,$439,$20,$0,$98,$0,$119,$558,$131,$85,$14,$210,$341,$0,$-1182,$0,$217,$558,$-73,$1,$5,$7,$-0,$0,$6,$-31,$-25,$-92,$-0,$0,$0,$-72,$0,$-72,$0,$-72,$-1,$0,$-1,$0,$0,$0,$0,$-1,$-165,$4,$0
10,2016-03-31,11.95,$2.44,4.9,$1.36,8.8,$0.03,387.99,$-0.19,0.0,$0.49B,$0.12B,4.04,$0.10B,$0.25B,0.4,$0.14B,$0.14B,100.00%,$0.14B,$-0.01B,-5.00%,$0.14B,$-0.01B,-5.00%,$0.14B,$-0.00B,-2.14%,$0.14B,$-0.01B,-7.86%,$0.14B,$-0.01B,-7.86%,$-0.01B,$0.25B,-4.55%,$-0.01B,$0.16B,-7.63%,$-0.01B,$0.61B,-2.13%,$-0.01B,$0.35B,-2.08%,$12,$0,$12,$37,$8,$46,$-34,$-1,$-35,$0,$-35,$-35,$-35,$-33,$-34,$104,104,$-0.34,$-0.34,$477,$0,$0,$492,$21,$0,$98,$1,$119,$611,$122,$101,$15,$237,$358,$0,$-1144,$0,$253,$611,$-35,$1,$3,$3,$0,$0,$4,$-16,$-12,$-44,$-0,$0,$0,$-134,$0,$-134,$0,$-134,$-0,$0,$-0,$-0,$-0,$0,$0,$-1,$-178,$2,$0
11,2015-12-31,13.31,$2.76,4.82,$1.26,10.6,$0.23,58.84,$-0.13,0.0,$0.53B,$0.12B,4.33,$0.10B,$0.29B,0.35,$0.13B,$0.13B,100.00%,$0.13B,0,0.00%,$0.13B,0,0.00%,$0.13B,$0.00B,3.08%,$0.13B,$-0.00B,-3.08%,$0.13B,$-0.00B,-3.08%,$-0.00B,$0.29B,-1.64%,$-0.00B,$0.19B,-2.75%,$-0.00B,$0.65B,-0.84%,$0.00B,$0.39B,0.00%,$127,$0,$127,$30,$6,$39,$88,$-2,$87,$0,$87,$87,$87,$89,$88,$104,104,$0.83,$0.83,$521,$0,$0,$532,$21,$0,$98,$0,$120,$652,$123,$101,$14,$243,$366,$0,$-1109,$-0,$286,$652,$-5,$1,$16,$18,$0,$0,$6,$166,$172,$185,$-1,$0,$0,$-116,$0,$-116,$0,$-117,$-2,$0,$-2,$-0,$-0,$0,$0,$-2,$66,$7,$0
12,2015-09-30,10.74,$1.91,5.62,$0.31,34.9,$-2.52,0.0,$-0.89,0.0,$0.29B,$0.05B,5.58,$0.09B,$0.20B,0.44,$0.02B,$0.02B,100.00%,$0.02B,$-0.09B,-379.17%,$0.02B,$-0.09B,-379.17%,$0.02B,$-0.09B,-366.67%,$0.02B,$-0.09B,-391.67%,$0.02B,$-0.09B,-391.67%,$-0.09B,$0.20B,-38.72%,$-0.09B,$0.10B,-64.83%,$-0.09B,$0.39B,-21.82%,$-0.09B,$0.29B,-27.55%,$1,$0,$1,$23,$5,$34,$-34,$-2,$-35,$0,$-35,$-35,$-35,$-33,$-34,$104,104,$-0.34,$-0.34,$256,$0,$22,$289,$1,$0,$98,$3,$102,$391,$52,$88,$24,$141,$193,$0,$-1196,$0,$198,$391,$-91,$1,$13,$14,$1,$0,$3,$-8,$-4,$-81,$-0,$0,$0,$7,$0,$7,$0,$7,$-1,$0,$-1,$-0,$-0,$0,$0,$-2,$-76,$5,$0
13,2015-06-30,8.05,$2.23,3.6,$0.31,26.14,$-2.67,0.0,$-1.11,0.0,$0.31B,$0.04B,7.2,$0.09B,$0.23B,0.38,$0.02B,$0.02B,100.00%,$0.02B,$-0.10B,-421.74%,$0.02B,$-0.10B,-421.74%,$0.02B,$-0.10B,-413.04%,$0.02B,$-0.10B,-430.43%,$0.02B,$-0.10B,-430.43%,$-0.10B,$0.23B,-46.53%,$-0.10B,$0.13B,-86.09%,$-0.10B,$0.42B,-26.05%,$-0.10B,$0.32B,-34.83%,$0,$0,$0,$21,$6,$27,$-27,$-1,$-28,$0,$-28,$-28,$-28,$-26,$-27,$104,104,$-0.27,$-0.27,$282,$0,$24,$314,$1,$0,$98,$4,$102,$416,$44,$88,$23,$141,$184,$0,$-1160,$0,$231,$416,$-56,$1,$5,$6,$1,$0,$-3,$-3,$-6,$-56,$-0,$0,$0,$-71,$0,$-71,$0,$-71,$-1,$0,$-1,$-0,$-0,$0,$0,$-1,$-128,$4,$0
14,2015-03-31,6.61,$2.49,2.66,$0.31,21.08,$-2.79,0.0,$-1.19,0.0,$0.34B,$0.05B,7.45,$0.09B,$0.26B,0.34,$0.02B,$0.02B,100.00%,$0.02B,$-0.10B,-400.00%,$0.02B,$-0.10B,-400.00%,$0.02B,$-0.10B,-395.83%,$0.02B,$-0.10B,-404.17%,$0.02B,$-0.10B,-404.17%,$-0.10B,$0.26B,-52.65%,$-0.10B,$0.16B,-112.46%,$-0.10B,$0.45B,-29.22%,$-0.10B,$0.35B,-41.25%,$2,$0,$2,$21,$6,$28,$-27,$-2,$-28,$0,$-28,$-28,$-28,$-26,$-27,$104,104,$-0.27,$-0.27,$315,$0,$24,$342,$1,$0,$98,$4,$102,$445,$46,$88,$23,$141,$187,$1,$-1132,$0,$258,$445,$-28,$0,$4,$4,$1,$0,$-1,$1,$0,$-23,$-0,$0,$0,$-71,$0,$-71,$0,$-71,$-0,$0,$-0,$-0,$-0,$0,$-0,$-1,$-95,$2,$0
15,2014-12-31,6.37,$2.74,2.32,$0.30,21.23,$-2.97,0.0,$-1.33,0.0,$0.37B,$0.05B,8.21,$0.09B,$0.28B,0.31,$0.02B,$0.02B,100.00%,$0.02B,$-0.10B,-450.00%,$0.02B,$-0.10B,-450.00%,$0.02B,$-0.10B,-450.00%,$0.02B,$-0.10B,-454.55%,$0.02B,$-0.10B,-454.55%,$-0.10B,$0.28B,-64.52%,$-0.10B,$0.19B,-175.44%,$-0.10B,$0.47B,-35.49%,$-0.10B,$0.37B,-53.08%,$21,$0,$21,$20,$4,$25,$-3,$0,$-3,$0,$-3,$-3,$-3,$-3,$-3,$76,76,$0.01,$0.01,$339,$0,$24,$369,$1,$0,$98,$3,$102,$471,$45,$88,$24,$142,$187,$0,$-1104,$-0,$284,$471,$-100,$2,$20,$22,$0,$0,$1,$1,$2,$-76,$2,$0,$0,$-111,$0,$-111,$0,$-108,$82,$0,$82,$201,$201,$0,$0,$284,$100,$7,$0
16,2014-09-30,9.87,$1.06,9.33,$0.04,260.43,$-3.27,0.0,$-1.54,0.0,$0.09B,$0.04B,1.98,$0.00B,$0.08B,0.0,$0.00B,$0.00B,100.00%,$0.00B,$-0.11B,-5650.00%,$0.00B,$-0.11B,-5650.00%,$0.00B,$-0.11B,-5600.00%,$0.00B,$-0.11B,-5700.00%,$0.00B,$-0.11B,-5700.00%,$-0.11B,$0.08B,-90.12%,$-0.11B,$-0.02B,-400.00%,$-0.11B,$0.19B,-49.03%,$-0.11B,$0.08B,-80.14%,$0,$0,$0,$24,$5,$41,$-40,$-0,$-40,$0,$-40,$-40,$-40,$-40,$-40,$74,74,$-0.55,$-0.55,$58,$0,$24,$88,$1,$0,$98,$0,$100,$188,$44,$0,$34,$65,$110,$1,$-1101,$0,$78,$188,$-97,$2,$19,$20,$1,$0,$7,$-1,$6,$-71,$2,$0,$0,$61,$0,$61,$0,$62,$-1,$0,$-1,$-1,$-1,$0,$-0,$-2,$-11,$6,$0
17,2014-06-30,11.27,$1.59,7.1,$0.04,317.95,$-3.29,0.0,$-1.40,0.0,$0.09B,$0.02B,3.96,$0.02B,$0.12B,0.17,$0.00B,$0.00B,100.00%,$0.00B,$-0.10B,-5200.00%,$0.00B,$-0.10B,-5200.00%,$0.00B,$-0.10B,-5150.00%,$0.00B,$-0.11B,-5300.00%,$0.00B,$-0.11B,-5300.00%,$-0.11B,$0.12B,-69.06%,$-0.11B,$0.02B,-190.99%,$-0.11B,$0.22B,-40.73%,$-0.10B,$0.14B,-60.12%,$1,$0,$1,$21,$5,$27,$-26,$0,$-26,$0,$-26,$-26,$-26,$-26,$-26,$74,74,$-0.35,$-0.35,$79,$0,$0,$87,$39,$0,$98,$0,$137,$224,$22,$19,$35,$86,$107,$1,$-1061,$0,$117,$224,$-57,$1,$5,$6,$1,$0,$3,$-3,$0,$-50,$1,$0,$0,$40,$0,$40,$0,$42,$-1,$0,$-1,$-1,$-1,$0,$-0,$-2,$-10,$4,$0
18,2014-03-31,12.11,$1.91,6.32,$0.03,415.16,$-3.27,0.0,$-1.47,0.0,$0.11B,$0.02B,5.96,$0.02B,$0.14B,0.14,$0.00B,$0.00B,100.00%,$0.00B,$-0.11B,-10700.00%,$0.00B,$-0.11B,-10700.00%,$0.00B,$-0.11B,-10500.00%,$0.00B,$-0.11B,-10900.00%,$0.00B,$-0.11B,-10900.00%,$-0.11B,$0.14B,-61.24%,$-0.11B,$0.04B,-136.25%,$-0.11B,$0.24B,-38.25%,$-0.11B,$0.16B,-55.51%,$0,$0,$0,$24,$6,$31,$-30,$-0,$-31,$0,$-31,$-31,$-31,$-30,$-30,$73,73,$-0.42,$-0.42,$98,$0,$0,$105,$40,$0,$98,$0,$138,$244,$18,$20,$34,$85,$103,$1,$-1035,$0,$141,$244,$-31,$1,$3,$4,$0,$0,$-2,$-2,$-3,$-30,$1,$0,$0,$40,$0,$40,$0,$41,$-0,$0,$-0,$-1,$-1,$0,$0,$-1,$9,$2,$0
19,2013-12-31,12.59,$2.32,5.43,$0.03,415.41,$-3.21,0.0,$-1.40,0.0,$0.14B,$0.02B,6.97,$0.02B,$0.17B,0.12,$0.00B,$0.00B,100.00%,$0.00B,$-0.10B,-10300.00%,$0.00B,$-0.10B,-10300.00%,$0.00B,$-0.10B,-10000.00%,$0.00B,$-0.10B,-10400.00%,$0.00B,$-0.10B,-10400.00%,$-0.10B,$0.17B,-51.17%,$-0.10B,$0.07B,-98.81%,$-0.10B,$0.27B,-33.47%,$-0.10B,$0.19B,-47.09%,$1,$0,$1,$20,$3,$18,$-17,$-0,$-17,$0,$-17,$-17,$-17,$-16,$-17,$73,73,$-0.23,$-0.23,$129,$0,$0,$135,$41,$0,$98,$0,$140,$274,$19,$20,$32,$85,$104,$1,$-1004,$0,$170,$274,$-104,$3,$5,$8,$1,$0,$3,$1,$5,$-91,$-2,$0,$0,$101,$0,$101,$0,$100,$-2,$0,$-2,$0,$0,$0,$-0,$-1,$7,$7,$0
20,2013-09-30,16.66,$2.53,6.58,$0.01,1173.72,$-3.30,0.0,$-1.54,0.0,$0.16B,$0.02B,6.75,$0.02B,$0.19B,0.11,$0.00B,0,nan%,$0.00B,$-0.11B,inf%,$0.00B,$-0.11B,inf%,$0.00B,$-0.11B,inf%,$0.00B,$-0.11B,inf%,$0.00B,$-0.11B,inf%,$-0.11B,$0.19B,-49.23%,$-0.11B,$0.09B,-86.49%,$-0.11B,$0.30B,-33.41%,$-0.11B,$0.21B,-45.17%,$0,$0,$0,$25,$5,$31,$-31,$-0,$-32,$0,$-32,$-32,$-32,$-31,$-31,$73,73,$-0.42,$-0.42,$151,$0,$0,$159,$42,$0,$98,$0,$140,$299,$24,$21,$37,$90,$114,$1,$-987,$0,$186,$299,$-87,$2,$9,$11,$0,$0,$7,$-1,$6,$-69,$-1,$0,$0,$61,$0,$61,$0,$60,$-1,$0,$-1,$0,$0,$0,$-0,$-1,$-11,$6,$0
21,2013-06-30,15.19,$2.93,5.18,$0.02,934.06,$-3.39,0.0,$-1.54,0.0,$0.18B,$0.04B,4.48,$0.00B,$0.22B,0.0,$0.00B,0,nan%,$0.00B,$-0.11B,inf%,$0.00B,$-0.11B,inf%,$0.00B,$-0.11B,inf%,$0.00B,$-0.11B,inf%,$0.00B,$-0.11B,inf%,$-0.11B,$0.22B,-45.04%,$-0.11B,$0.12B,-75.21%,$-0.11B,$0.32B,-31.43%,$-0.11B,$0.22B,-41.42%,$0,$0,$0,$24,$5,$29,$-29,$-0,$-29,$0,$-29,$-29,$-29,$-28,$-29,$73,73,$-0.42,$-0.42,$175,$0,$0,$183,$42,$0,$98,$0,$140,$323,$41,$0,$35,$67,$108,$1,$-955,$0,$215,$323,$-55,$2,$6,$7,$0,$0,$2,$-0,$2,$-45,$-1,$0,$0,$41,$0,$41,$0,$40,$-1,$0,$-1,$-1,$-1,$0,$0,$-1,$-7,$4,$0
22,2013-03-31,15.26,$3.30,4.62,$0.02,939.59,$-3.48,0.0,$-1.47,0.0,$0.21B,$0.02B,11.88,$0.02B,$0.24B,0.09,$0.00B,0,nan%,$0.00B,$-0.10B,inf%,$0.00B,$-0.10B,inf%,$0.00B,$-0.10B,inf%,$0.00B,$-0.11B,inf%,$0.00B,$-0.11B,inf%,$-0.11B,$0.24B,-42.50%,$-0.11B,$0.14B,-69.59%,$-0.11B,$0.35B,-29.36%,$-0.10B,$0.26B,-37.96%,$0,$0,$0,$20,$4,$26,$-26,$-0,$-26,$0,$-26,$-26,$-26,$-25,$-26,$73,73,$-0.35,$-0.35,$197,$0,$0,$206,$43,$0,$98,$0,$141,$347,$17,$21,$34,$88,$105,$1,$-926,$0,$242,$347,$-26,$1,$3,$4,$1,$0,$-1,$-2,$-2,$-24,$-1,$0,$0,$30,$0,$30,$0,$29,$-0,$0,$-0,$-1,$-1,$0,$0,$-1,$4,$2,$0
23,2012-12-31,15.47,$3.64,4.24,$0.02,985.63,$-3.53,0.0,$-1.54,0.0,$0.23B,$0.02B,12.63,$0.02B,$0.27B,0.08,$0.00B,0,nan%,$0.00B,$-0.11B,inf%,$0.00B,$-0.11B,inf%,$0.00B,$-0.10B,inf%,$0.00B,$-0.11B,inf%,$0.00B,$-0.11B,inf%,$-0.11B,$0.27B,-42.94%,$-0.11B,$0.17B,-69.16%,$-0.11B,$0.37B,-29.33%,$-0.11B,$0.29B,-38.08%,$0,$0,$0,$21,$4,$25,$-24,$-0,$-25,$0,$-25,$-25,$-25,$-24,$-24,$70,70,$-0.42,$-0.42,$223,$0,$0,$231,$43,$0,$98,$0,$141,$372,$18,$22,$32,$87,$105,$1,$-900,$0,$267,$372,$-110,$4,$16,$21,$-1,$0,$-1,$-3,$-5,$-94,$-0,$0,$0,$-97,$0,$-97,$0,$-98,$-1,$0,$-1,$38,$38,$0,$0,$36,$-156,$6,$0
24,2012-09-30,16.24,$3.58,4.54,$0.02,827.55,$-3.95,0.0,$-1.89,0.0,$0.22B,$0.02B,11.34,$0.02B,$0.25B,0.09,$0.00B,0,nan%,$0.00B,$-0.12B,inf%,$0.00B,$-0.12B,inf%,$0.00B,$-0.11B,inf%,$0.00B,$-0.12B,inf%,$0.00B,$-0.12B,inf%,$-0.12B,$0.25B,-45.07%,$-0.12B,$0.16B,-71.43%,$-0.12B,$0.36B,-30.51%,$-0.12B,$0.28B,-40.14%,$0,$0,$0,$19,$4,$29,$-29,$-0,$-30,$0,$-30,$-30,$-30,$-28,$-29,$70,70,$-0.42,$-0.42,$207,$0,$0,$216,$44,$0,$98,$0,$142,$358,$19,$22,$31,$86,$105,$0,$-875,$0,$253,$358,$-85,$3,$15,$18,$0,$0,$-2,$-5,$-7,$-74,$-0,$0,$0,$-91,$0,$-91,$0,$-91,$-1,$0,$-1,$1,$1,$0,$-0,$-0,$-166,$5,$0
25,2012-06-30,15.72,$3.56,4.41,$0.02,725.23,$-4.21,0.0,$-2.03,0.0,$0.24B,$0.02B,11.05,$0.02B,$0.25B,0.09,$0.00B,0,nan%,$0.00B,$-0.11B,inf%,$0.00B,$-0.11B,inf%,$0.00B,$-0.11B,inf%,$0.00B,$-0.12B,inf%,$0.00B,$-0.12B,inf%,$-0.12B,$0.25B,-47.30%,$-0.12B,$0.15B,-78.91%,$-0.12B,$0.38B,-30.73%,$-0.11B,$0.27B,-42.09%,$0,$0,$0,$19,$4,$26,$-25,$-0,$-26,$0,$-26,$-26,$-26,$-24,$-25,$69,69,$-0.35,$-0.35,$232,$0,$0,$238,$45,$0,$98,$0,$143,$381,$22,$23,$59,$115,$136,$0,$-845,$-0,$245,$381,$-56,$2,$8,$10,$0,$0,$-0,$-3,$-3,$-49,$-0,$0,$0,$-102,$0,$-102,$0,$-103,$-1,$0,$-1,$-0,$-0,$0,$-0,$-1,$-153,$3,$0
26,2012-03-31,13.02,$3.92,3.32,$0.03,430.08,$-4.40,0.0,$-2.24,0.0,$0.26B,$0.02B,12.37,$0.02B,$0.27B,0.09,$0.00B,$0.00B,100.00%,$0.00B,$-0.11B,-11400.00%,$0.00B,$-0.11B,-11400.00%,$0.00B,$-0.11B,-11000.00%,$0.00B,$-0.12B,-11700.00%,$0.00B,$-0.12B,-11700.00%,$-0.12B,$0.27B,-50.32%,$-0.12B,$0.17B,-87.15%,$-0.12B,$0.40B,-32.39%,$-0.11B,$0.29B,-44.53%,$0,$0,$0,$23,$5,$30,$-29,$-0,$-30,$0,$-30,$-30,$-30,$-28,$-29,$69,69,$-0.42,$-0.42,$254,$0,$0,$259,$46,$0,$98,$0,$144,$403,$21,$23,$57,$113,$134,$0,$-819,$-0,$269,$403,$-30,$1,$4,$5,$0,$0,$-1,$-1,$-2,$-27,$-0,$0,$0,$-129,$0,$-129,$0,$-130,$-0,$0,$-0,$-0,$-0,$0,$-0,$-1,$-157,$2,$0
27,2011-12-31,9.03,$4.34,2.08,$0.04,236.02,$-4.46,0.0,$-2.45,0.0,$0.29B,$0.02B,13.36,$0.02B,$0.30B,0.08,$0.00B,$0.00B,100.00%,$0.00B,$-0.11B,-5700.00%,$0.00B,$-0.11B,-5700.00%,$0.00B,$-0.11B,-5500.00%,$0.00B,$-0.12B,-5850.00%,$0.00B,$-0.12B,-5850.00%,$-0.12B,$0.30B,-53.18%,$-0.12B,$0.20B,-96.10%,$-0.12B,$0.43B,-33.79%,$-0.11B,$0.32B,-46.63%,$0,$0,$0,$28,$4,$34,$-33,$-1,$-34,$0,$-34,$-34,$-34,$-32,$-33,$49,49,$-0.63,$-0.63,$282,$0,$0,$286,$46,$0,$98,$0,$145,$431,$21,$23,$55,$112,$133,$0,$-790,$0,$298,$431,$-116,$5,$13,$18,$0,$0,$10,$-1,$10,$-88,$1,$0,$0,$69,$0,$69,$0,$70,$-4,$0,$-4,$161,$161,$0,$0,$157,$139,$6,$0
28,2011-09-30,6.44,$3.51,1.83,$0.06,107.02,$-4.61,0.0,$-2.24,0.0,$0.15B,$0.02B,10.06,$0.02B,$0.17B,0.14,$0.00B,$0.00B,100.00%,$0.00B,$-0.10B,-3433.33%,$0.00B,$-0.10B,-3433.33%,$0.00B,$-0.10B,-3300.00%,$0.00B,$-0.11B,-3533.33%,$0.00B,$-0.11B,-3533.33%,$-0.11B,$0.17B,-51.15%,$-0.11B,$0.07B,-97.03%,$-0.11B,$0.30B,-32.10%,$-0.10B,$0.19B,-44.25%,$0,$0,$0,$20,$4,$26,$-26,$-0,$-26,$0,$-26,$-26,$-26,$-25,$-26,$48,48,$-0.56,$-0.56,$144,$0,$0,$149,$47,$0,$98,$0,$146,$295,$15,$24,$54,$110,$125,$0,$-756,$0,$169,$295,$-82,$4,$10,$14,$0,$0,$4,$-1,$3,$-65,$2,$0,$0,$50,$0,$50,$0,$52,$-3,$0,$-3,$0,$0,$0,$0,$-3,$-17,$4,$0
29,2011-06-30,12.32,$4.02,3.06,$0.07,178.52,$-4.61,0.0,$-2.24,0.0,$0.17B,$0.01B,12.79,$0.02B,$0.19B,0.13,$0.00B,$0.00B,100.00%,$0.00B,$-0.10B,-2525.00%,$0.00B,$-0.10B,-2525.00%,$0.00B,$-0.09B,-2350.00%,$0.00B,$-0.11B,-2700.00%,$0.00B,$-0.11B,-2700.00%,$-0.11B,$0.19B,-46.50%,$-0.11B,$0.10B,-77.84%,$-0.11B,$0.32B,-30.92%,$-0.10B,$0.22B,-39.07%,$1,$0,$1,$20,$5,$26,$-26,$-1,$-27,$0,$-27,$-27,$-27,$-25,$-26,$48,48,$-0.56,$-0.56,$165,$0,$0,$169,$48,$0,$98,$0,$147,$316,$13,$24,$51,$109,$122,$0,$-730,$0,$194,$316,$-56,$3,$7,$9,$0,$0,$2,$-1,$2,$-45,$2,$0,$0,$84,$-64,$19,$0,$21,$-3,$0,$-3,$0,$0,$0,$0,$-3,$-27,$3,$0
30,2011-03-31,11.76,$4.55,2.59,$0.08,141.55,$-4.64,0.0,$-2.17,0.0,$0.19B,$0.01B,13.34,$0.03B,$0.22B,0.12,$0.00B,$0.00B,100.00%,$0.00B,$-0.10B,-2475.00%,$0.00B,$-0.10B,-2475.00%,$0.00B,$-0.09B,-2275.00%,$0.00B,$-0.11B,-2650.00%,$0.00B,$-0.11B,-2650.00%,$-0.11B,$0.22B,-41.17%,$-0.11B,$0.12B,-58.24%,$-0.11B,$0.34B,-29.32%,$-0.10B,$0.25B,-34.77%,$1,$0,$1,$24,$5,$30,$-29,$-0,$-30,$0,$-30,$-30,$-30,$-28,$-29,$48,48,$-0.63,$-0.63,$189,$0,$0,$193,$52,$0,$98,$0,$150,$343,$14,$27,$50,$110,$124,$0,$-703,$0,$219,$343,$-30,$1,$3,$5,$-0,$0,$4,$-0,$3,$-22,$-0,$0,$0,$29,$-34,$-5,$0,$-5,$-0,$0,$-0,$0,$0,$0,$0,$-0,$-27,$1,$0
31,2010-12-31,10.08,$5.12,1.97,$0.13,78.17,$-4.97,0.0,$-2.45,0.0,$0.22B,$0.01B,19.93,$0.03B,$0.25B,0.11,$0.01B,$0.01B,100.00%,$0.01B,$-0.10B,-1900.00%,$0.01B,$-0.10B,-1900.00%,$0.01B,$-0.09B,-1720.00%,$0.01B,$-0.10B,-2040.00%,$0.01B,$-0.10B,-2040.00%,$-0.10B,$0.25B,-36.11%,$-0.10B,$0.15B,-45.33%,$-0.10B,$0.37B,-26.98%,$-0.10B,$0.27B,-30.65%,$1,$0,$1,$18,$4,$24,$-22,$-1,$-23,$0,$-23,$-23,$-23,$-21,$-22,$43,43,$-0.42,$-0.42,$211,$0,$0,$215,$53,$0,$98,$1,$152,$367,$11,$27,$49,$109,$120,$0,$-673,$0,$247,$367,$-102,$9,$9,$18,$0,$0,$-5,$6,$1,$-82,$-1,$0,$-6,$-107,$0,$-107,$0,$-114,$-38,$0,$-38,$181,$181,$0,$0,$143,$-53,$5,$0
32,2010-09-30,11.2,$5.58,2.01,$0.17,66.7,$-7.34,0.0,$-2.87,0.0,$0.24B,$0.01B,18.2,$0.03B,$0.27B,0.1,$0.01B,$0.01B,100.00%,$0.01B,$-0.10B,-1900.00%,$0.01B,$-0.10B,-1900.00%,$0.01B,$-0.09B,-1700.00%,$0.01B,$-0.10B,-2040.00%,$0.01B,$-0.10B,-2020.00%,$-0.10B,$0.27B,-38.62%,$-0.10B,$0.19B,-45.44%,$-0.10B,$0.37B,-28.80%,$-0.10B,$0.30B,-32.82%,$1,$0,$1,$19,$5,$25,$-24,$-3,$-28,$-0,$-28,$-28,$-28,$-20,$-24,$48,48,$-0.56,$-0.56,$231,$0,$0,$236,$55,$0,$79,$0,$135,$371,$13,$28,$47,$89,$102,$0,$-650,$-0,$269,$371,$-79,$8,$5,$13,$-0,$0,$-3,$6,$3,$-63,$-1,$0,$-6,$38,$0,$38,$0,$31,$-38,$0,$-38,$181,$181,$0,$0,$143,$111,$4,$0
33,2010-06-30,8.96,$6.12,1.46,$0.26,34.42,$-9.68,0.0,$-3.29,0.0,$0.28B,$0.03B,10.29,$0.03B,$0.30B,0.1,$0.01B,$0.01B,100.00%,$0.01B,$-0.09B,-1550.00%,$0.01B,$-0.09B,-1550.00%,$0.01B,$-0.09B,-1416.67%,$0.01B,$-0.10B,-1616.67%,$0.01B,$-0.09B,-1533.33%,$-0.09B,$0.30B,-40.57%,$-0.09B,$0.27B,-45.77%,$-0.09B,$0.37B,-29.30%,$-0.09B,$0.32B,-36.43%,$1,$0,$1,$20,$5,$25,$-24,$-1,$-25,$0,$-25,$-25,$-25,$-22,$-24,$48,48,$-0.49,$-0.49,$272,$0,$0,$282,$57,$0,$26,$0,$83,$365,$27,$28,$1,$43,$70,$0,$-623,$0,$295,$365,$-51,$4,$2,$7,$-1,$0,$-1,$3,$0,$-44,$-1,$0,$0,$33,$0,$33,$0,$32,$-22,$0,$-22,$181,$181,$0,$0,$159,$147,$3,$0
34,2010-03-31,10.43,$6.61,1.58,$0.39,26.95,$-11.41,0.0,$-3.85,0.0,$0.32B,$0.05B,6.8,$0.03B,$0.32B,0.09,$0.01B,$0.01B,100.00%,$0.01B,$-0.09B,-1150.00%,$0.01B,$-0.09B,-1150.00%,$0.01B,$-0.08B,-1050.00%,$0.01B,$-0.10B,-1200.00%,$0.01B,$-0.09B,-1087.50%,$-0.09B,$0.32B,-45.61%,$-0.09B,$0.29B,-52.73%,$-0.09B,$0.41B,-30.66%,$-0.09B,$0.35B,-40.22%,$2,$0,$2,$21,$6,$27,$-25,$-1,$-26,$0,$-26,$-26,$-26,$-23,$-25,$28,28,$-0.91,$-0.91,$314,$0,$0,$322,$58,$0,$26,$4,$87,$409,$47,$28,$1,$43,$90,$0,$-598,$0,$319,$409,$-26,$2,$1,$3,$-1,$0,$-1,$3,$1,$-22,$-0,$0,$0,$3,$0,$3,$0,$2,$-2,$0,$-2,$181,$181,$0,$0,$179,$160,$1,$0
35,2009-12-31,11.9,$6.51,1.83,$0.54,21.97,$-12.07,0.0,$-4.06,0.0,$0.17B,$0.05B,3.33,$0.03B,$0.16B,0.17,$0.01B,$0.01B,100.00%,$0.01B,$-0.09B,-910.00%,$0.01B,$-0.09B,-910.00%,$0.01B,$-0.08B,-820.00%,$0.01B,$-0.09B,-940.00%,$0.01B,$-0.08B,-830.00%,$-0.08B,$0.16B,-53.81%,$-0.08B,$0.14B,-64.59%,$-0.08B,$0.26B,-34.23%,$-0.09B,$0.19B,-46.37%,$1,$0,$1,$19,$4,$23,$-22,$-1,$-23,$0,$-23,$-23,$-22,$-20,$-22,$21,21,$-0.84,$-0.84,$163,$0,$0,$170,$59,$0,$26,$4,$88,$258,$51,$28,$1,$43,$94,$0,$-570,$0,$163,$258,$-93,$8,$5,$13,$-0,$0,$-3,$-5,$-9,$-89,$-0,$0,$0,$12,$0,$12,$0,$12,$36,$0,$36,$55,$55,$0,$0,$92,$15,$5,$0
36,2009-09-30,14.91,$6.62,2.25,$0.80,18.67,$-12.78,0.0,$-3.92,0.0,$0.13B,$0.05B,2.67,$0.03B,$0.13B,0.22,$0.02B,$0.02B,100.00%,$0.02B,$-0.09B,-600.00%,$0.02B,$-0.09B,-600.00%,$0.02B,$-0.08B,-533.33%,$0.02B,$-0.10B,-680.00%,$0.02B,$-0.08B,-506.67%,$-0.08B,$0.13B,-46.77%,$-0.08B,$0.10B,-55.68%,$-0.08B,$0.22B,-31.21%,$-0.09B,$0.16B,-44.01%,$2,$0,$2,$19,$5,$24,$-22,$-1,$-23,$-0,$-23,$-23,$-19,$-20,$-22,$20,20,$-0.98,$-0.98,$125,$0,$0,$134,$60,$0,$26,$4,$90,$224,$50,$29,$1,$44,$94,$0,$-548,$-0,$130,$224,$-71,$6,$4,$10,$-1,$0,$-4,$-6,$-11,$-72,$-0,$0,$0,$11,$1,$12,$0,$11,$37,$0,$37,$0,$0,$0,$0,$37,$-23,$4,$0
37,2009-06-30,8.68,$7.70,1.13,$1.07,8.08,$-13.08,0.0,$-4.13,0.0,$0.10B,$0.01B,7.77,$0.07B,$0.15B,0.44,$0.02B,$0.02B,100.00%,$0.02B,$-0.09B,-442.86%,$0.02B,$-0.09B,-442.86%,$0.02B,$-0.08B,-390.48%,$0.02B,$-0.11B,-509.52%,$0.02B,$-0.08B,-380.95%,$-0.08B,$0.15B,-44.44%,$-0.08B,$0.13B,-51.95%,$-0.08B,$0.24B,-30.95%,$-0.09B,$0.22B,-41.89%,$3,$0,$3,$20,$6,$26,$-23,$-1,$-24,$0,$-24,$-24,$-20,$-21,$-23,$20,20,$-1.05,$-1.05,$87,$0,$0,$96,$62,$56,$26,$5,$148,$244,$12,$66,$1,$81,$93,$0,$-529,$-0,$151,$244,$-48,$4,$2,$7,$0,$0,$-4,$-7,$-11,$-52,$-0,$0,$0,$39,$-60,$-21,$0,$-21,$36,$0,$36,$0,$0,$0,$0,$36,$-37,$3,$0
38,2009-03-31,7.63,$8.83,0.86,$1.41,5.41,$-13.21,0.0,$-4.13,0.0,$0.09B,$0.01B,7.67,$0.04B,$0.17B,0.25,$0.03B,$0.03B,100.00%,$0.03B,$-0.10B,-342.86%,$0.03B,$-0.10B,-342.86%,$0.03B,$-0.09B,-303.57%,$0.03B,$-0.10B,-367.86%,$0.03B,$-0.08B,-285.71%,$-0.08B,$0.17B,-40.66%,$-0.08B,$0.15B,-46.78%,$-0.08B,$0.24B,-29.09%,$-0.10B,$0.22B,-41.78%,$4,$0,$4,$23,$5,$28,$-24,$-1,$-24,$0,$-24,$-24,$-22,$-21,$-24,$20,20,$-1.12,$-1.12,$89,$0,$0,$94,$63,$56,$26,$5,$150,$244,$12,$44,$1,$59,$71,$0,$-509,$-0,$173,$244,$-24,$2,$1,$4,$-1,$0,$-6,$-1,$-7,$-28,$-0,$0,$0,$5,$-60,$-55,$0,$-55,$14,$0,$14,$0,$0,$0,$0,$14,$-69,$1,$0
39,2008-12-31,9.8,$10.02,0.98,$1.65,5.93,$-13.17,0.0,$-3.92,0.0,$0.11B,$0.02B,5.16,$0.03B,$0.20B,0.15,$0.03B,$0.03B,100.00%,$0.03B,$-0.10B,-290.91%,$0.03B,$-0.10B,-290.91%,$0.03B,$-0.09B,-260.61%,$0.03B,$-0.10B,-293.94%,$0.03B,$-0.08B,-230.30%,$-0.08B,$0.20B,-35.68%,$-0.08B,$0.17B,-40.59%,$-0.08B,$0.26B,-25.48%,$-0.10B,$0.23B,-39.59%,$6,$0,$6,$22,$5,$27,$-21,$-10,$-31,$0,$-31,$-31,$-15,$-18,$-21,$20,20,$-0.77,$-0.77,$103,$0,$0,$109,$65,$56,$26,$6,$152,$262,$21,$30,$1,$45,$66,$0,$-487,$0,$196,$262,$-97,$10,$8,$18,$1,$0,$-2,$-16,$-17,$-96,$-2,$0,$0,$162,$0,$162,$0,$159,$-1,$0,$-1,$0,$0,$0,$0,$-1,$63,$7,$0
40,2008-09-30,12.46,$10.21,1.22,$2.30,5.42,$-13.51,0.0,$-3.78,0.0,$0.13B,$0.03B,5.26,$0.03B,$0.20B,0.15,$0.04B,$0.04B,100.00%,$0.04B,$-0.09B,-226.83%,$0.04B,$-0.09B,-226.83%,$0.04B,$-0.08B,-202.44%,$0.04B,$-0.09B,-221.95%,$0.04B,$-0.07B,-178.05%,$-0.07B,$0.20B,-32.02%,$-0.07B,$0.17B,-36.05%,$-0.07B,$0.28B,-22.46%,$-0.09B,$0.23B,-36.05%,$8,$0,$8,$27,$5,$32,$-25,$-4,$-28,$0,$-28,$-28,$-23,$-22,$-25,$20,20,$-1.19,$-1.19,$124,$0,$0,$131,$66,$54,$26,$6,$152,$284,$25,$30,$1,$59,$84,$0,$-472,$0,$200,$284,$-77,$8,$8,$16,$1,$0,$1,$-16,$-14,$-76,$-2,$0,$0,$156,$0,$156,$0,$154,$-1,$0,$-1,$0,$0,$0,$0,$-1,$77,$5,$0
41,2008-06-30,11.2,$11.18,1.0,$2.60,4.32,$-13.66,0.0,$-3.57,0.0,$0.15B,$0.03B,5.53,$0.03B,$0.22B,0.14,$0.04B,$0.04B,100.00%,$0.04B,$-0.09B,-202.33%,$0.04B,$-0.09B,-202.33%,$0.04B,$-0.08B,-181.40%,$0.04B,$-0.08B,-179.07%,$0.04B,$-0.06B,-148.84%,$-0.06B,$0.22B,-26.20%,$-0.06B,$0.19B,-29.22%,$-0.06B,$0.31B,-18.36%,$-0.09B,$0.25B,-31.67%,$10,$0,$10,$30,$6,$36,$-26,$6,$-20,$0,$-20,$-20,$-20,$-24,$-26,$20,20,$-1.05,$-1.05,$144,$0,$0,$153,$68,$57,$26,$7,$157,$310,$28,$30,$1,$64,$92,$0,$-449,$-3,$218,$310,$-49,$5,$3,$9,$1,$0,$-0,$-14,$-13,$-53,$-1,$0,$0,$142,$0,$142,$0,$140,$-0,$0,$-0,$0,$0,$0,$0,$-0,$87,$3,$0
42,2008-03-31,14.14,$12.16,1.16,$3.22,4.39,$-14.58,0.0,$-3.71,0.0,$0.17B,$0.03B,6.3,$0.03B,$0.24B,0.13,$0.05B,$0.05B,100.00%,$0.05B,$-0.08B,-171.74%,$0.05B,$-0.08B,-171.74%,$0.05B,$-0.07B,-152.17%,$0.05B,$-0.07B,-154.35%,$0.05B,$-0.06B,-126.09%,$-0.06B,$0.24B,-27.65%,$-0.06B,$0.21B,-31.48%,$-0.06B,$0.34B,-18.05%,$-0.08B,$0.27B,-32.85%,$9,$0,$9,$28,$6,$33,$-24,$6,$-18,$0,$-18,$-18,$-18,$-22,$-24,$20,20,$-0.91,$-0.91,$170,$0,$0,$174,$70,$59,$26,$7,$162,$337,$28,$30,$1,$71,$99,$0,$-428,$-2,$238,$337,$-18,$3,$-3,$-1,$1,$0,$-3,$-6,$-8,$-27,$-1,$0,$0,$64,$0,$64,$0,$63,$-0,$0,$-0,$0,$0,$0,$0,$-0,$37,$2,$0
43,2007-12-31,21.21,$13.11,1.62,$3.98,5.34,$-15.08,0.0,$-4.48,0.0,$0.27B,$0.04B,7.49,$0.03B,$0.26B,0.12,$0.05B,$0.05B,100.00%,$0.05B,$-0.07B,-148.00%,$0.05B,$-0.07B,-148.00%,$0.05B,$-0.07B,-130.00%,$0.05B,$-0.07B,-144.00%,$0.05B,$-0.06B,-118.00%,$-0.06B,$0.26B,-35.22%,$-0.06B,$0.23B,-41.55%,$-0.06B,$0.37B,-21.17%,$-0.07B,$0.29B,-37.28%,$14,$0,$14,$26,$6,$32,$-18,$-6,$-25,$0,$-25,$-25,$-12,$-15,$-18,$14,14,$-0.28,$-0.28,$259,$0,$0,$265,$71,$0,$26,$8,$105,$369,$35,$30,$1,$78,$113,$0,$-411,$-0,$256,$369,$-71,$10,$8,$18,$-1,$0,$3,$-23,$-21,$-74,$-2,$0,$0,$-186,$0,$-186,$0,$-188,$-1,$0,$-1,$213,$213,$0,$43,$255,$-7,$8,$0
44,2007-09-30,24.22,$13.58,1.78,$4.69,5.17,$-16.06,0.0,$-5.18,0.0,$0.28B,$0.04B,7.48,$0.03B,$0.27B,0.12,$0.05B,$0.05B,100.00%,$0.05B,$-0.07B,-136.54%,$0.05B,$-0.07B,-136.54%,$0.05B,$-0.06B,-119.23%,$0.05B,$-0.06B,-117.31%,$0.05B,$-0.06B,-117.31%,$-0.06B,$0.27B,-48.80%,$-0.06B,$0.24B,-61.46%,$-0.06B,$0.38B,-26.07%,$-0.07B,$0.30B,-45.51%,$10,$0,$10,$25,$5,$30,$-19,$5,$-14,$0,$-14,$-14,$-14,$-17,$-19,$15,15,$-0.98,$-0.98,$274,$0,$0,$279,$72,$0,$26,$1,$99,$378,$37,$31,$1,$75,$113,$0,$-398,$-0,$265,$378,$-47,$7,$-3,$4,$-1,$0,$-0,$-16,$-17,$-60,$-1,$0,$0,$-174,$0,$-174,$0,$-175,$-1,$0,$-1,$213,$213,$0,$43,$255,$20,$5,$0
45,2007-06-30,22.47,$6.51,3.45,$6.12,3.67,$-17.35,0.0,$-5.60,0.0,$0.10B,$0.04B,2.54,$0.03B,$0.08B,0.39,$0.06B,$0.06B,100.00%,$0.06B,$-0.07B,-104.84%,$0.06B,$-0.07B,-104.84%,$0.06B,$-0.06B,-88.71%,$0.06B,$-0.06B,-96.77%,$0.06B,$-0.06B,-96.77%,$-0.06B,$0.08B,-82.76%,$-0.06B,$0.05B,-129.03%,$-0.06B,$0.20B,-33.20%,$-0.07B,$0.11B,-62.80%,$13,$0,$13,$26,$5,$31,$-18,$4,$-14,$0,$-14,$-14,$-14,$-16,$-18,$11,11,$-1.19,$-1.19,$95,$0,$0,$100,$74,$0,$26,$1,$101,$201,$39,$31,$1,$82,$121,$0,$-384,$-0,$80,$201,$-33,$5,$-1,$4,$-0,$0,$-2,$-11,$-13,$-41,$-1,$0,$0,$-23,$0,$-23,$0,$-24,$-0,$0,$-0,$15,$15,$0,$43,$58,$-8,$3,$0
46,2007-03-31,25.41,$6.17,4.12,$6.76,3.76,$-17.33,0.0,$-6.23,0.0,$0.07B,$0.04B,1.5,$0.03B,$0.07B,0.45,$0.07B,$0.07B,100.00%,$0.07B,$-0.06B,-98.46%,$0.07B,$-0.06B,-98.46%,$0.07B,$-0.05B,-81.54%,$0.07B,$-0.06B,-96.92%,$0.07B,$-0.06B,-96.92%,$-0.06B,$0.07B,-92.65%,$-0.06B,$0.04B,-150.00%,$-0.06B,$0.17B,-35.74%,$-0.06B,$0.10B,-64.48%,$13,$0,$13,$27,$5,$33,$-19,$0,$-19,$0,$-19,$-19,$-19,$-17,$-19,$11,11,$-1.68,$-1.68,$60,$0,$0,$65,$76,$0,$26,$1,$103,$167,$43,$31,$1,$55,$98,$0,$-371,$-0,$69,$167,$-19,$2,$2,$4,$-1,$0,$-3,$-3,$-6,$-21,$-0,$0,$0,$10,$0,$10,$0,$10,$-0,$0,$-0,$1,$1,$0,$0,$1,$-11,$2,$0
47,2006-12-31,25.27,$7.69,3.29,$7.82,3.23,$-16.80,0.0,$-5.74,0.0,$0.09B,$0.05B,1.86,$0.03B,$0.09B,0.37,$0.07B,$0.07B,100.00%,$0.07B,$-0.06B,-76.71%,$0.07B,$-0.06B,-76.71%,$0.07B,$-0.04B,-60.27%,$0.07B,$-0.06B,-75.34%,$0.07B,$-0.06B,-75.34%,$-0.06B,$0.09B,-78.57%,$-0.06B,$0.06B,-125.00%,$-0.06B,$0.19B,-29.69%,$-0.06B,$0.12B,-55.17%,$16,$0,$16,$26,$5,$31,$-15,$1,$-14,$0,$-14,$-14,$-14,$-12,$-15,$10,10,$-1.26,$-1.26,$80,$0,$0,$86,$78,$0,$26,$1,$105,$190,$46,$31,$1,$59,$105,$0,$-352,$-0,$86,$190,$-54,$11,$7,$18,$1,$0,$2,$-24,$-21,$-57,$-4,$0,$0,$28,$0,$28,$0,$24,$-1,$0,$-1,$41,$41,$0,$0,$41,$8,$7,$0
