,Date,Stock Price,Book Value per Share,Price to Book Ratio,TTM Sales per Share,Price to Sales Ratio,TTM FCF per Share,Price to FCF Ratio,TTM Net EPS,PE Ratio,Current Assets,Current Liabilities,Current Ratio,Long Term Debt,Shareholder's Equity_x,Debt to Equity Ratio,TTM Revenue_x,TTM Gross Profit,Gross Margin,TTM Revenue_y,TTM Operating Income,Operating Margin,TTM Revenue_x,TTM EBIT,EBIT Margin,TTM Revenue_y,TTM EBITDA,EBITDA Margin,TTM Revenue_x,TTM Pre-Tax Income,Pre-Tax Margin,TTM Revenue_y,TTM Net Income_x,Net Margin,TTM Net Income_y,Shareholder's Equity_y,Return on Equity,TTM Net Income_x,Tangible Equity,Return on Tangible Equity,TTM Net Income_y,Total Assets,Return on Assets,TTM Net Income,LT Investments & Debt,Return on Investment,revenue,cost-goods-sold,gross-profit,research-development-expenses,selling-general-administrative-expenses,operating-expenses,operating-income,total-non-operating-income-expense,pre-tax-income,total-provision-income-taxes,income-after-taxes,income-from-continuous-operations,net-income,ebitda,ebit,basic-shares-outstanding,shares-outstanding,eps-basic-net-earnings-per-share,eps-earnings-per-share-diluted,cash-on-hand,inventory,other-current-assets,total-current-assets,net-property-plant-equipment,long-term-investments,goodwill-intangible-assets-total,other-long-term-assets,total-long-term-assets,total-assets,total-current-liabilities,long-term-debt,other-non-current-liabilities,total-long-term-liabilities,total-liabilities,common-stock-net,retained-earnings-accumulated-deficit,comprehensive-income,total-share-holder-equity,total-liabilities-share-holders-equity,net-income-loss,total-depreciation-amortization-cash-flow,other-non-cash-items,total-non-cash-items,change-in-accounts-receivable,change-in-inventories,change-in-accounts-payable,change-in-assets-liabilities,total-change-in-assets-liabilities,cash-flow-from-operating-activities,net-change-in-property-plant-equipment,net-change-in-intangible-assets,net-acquisitions-divestitures,net-change-in-short-term-investments,net-change-in-long-term-investments,net-change-in-investments-total,investing-activities-other,cash-flow-from-investing-activities,net-long-term-debt,net-current-debt,debt-issuance-retirement-net-total,net-common-equity-issued-repurchased,net-total-equity-issued-repurchased,total-common-preferred-stock-dividends-paid,financial-activities-other,cash-flow-from-financial-activities,net-cash-flow,stock-based-compensation,common-stock-dividends-paid
0,2018-09-30,9.78,$19.40,0.5,$13.57,0.72,$0.82,11.98,$-3.24,0.0,$0.16B,$0.12B,1.29,$0.40B,$0.36B,1.13,$0.37B,$-0.01B,-1.88%,$0.37B,$-0.04B,-11.29%,$0.37B,$-0.04B,-11.29%,$0.37B,$0.03B,8.60%,$0.37B,$-0.09B,-23.92%,$0.37B,$-0.09B,-23.92%,$-0.09B,$0.56B,-15.10%,$-0.09B,$0.55B,-15.37%,$-0.09B,$1.15B,-7.66%,$-0.04B,$0.96B,-4.24%,$80,$90,$-10,$0,$9,$96,$-17,$-12,$-29,$-2,$-26,$-26,$-33,$1,$-17,$28,28,$-1.22,$-1.22,$43,$18,$37,$158,$981,$0,$9,$0,$990,$1148,$122,$403,$11,$470,$592,$3,$174,$0,$555,$1148,$-59,$55,$12,$67,$6,$5,$5,$10,$31,$39,$-21,$0,$0,$0,$0,$0,$4,$-16,$8,$-8,$0,$0,$-3,$0,$-11,$-13,$9,$0,$0
1,2018-06-30,5.3,$20.27,0.26,$14.06,0.38,$0.77,6.92,$-2.93,0.0,$0.14B,$0.09B,1.63,$0.40B,$0.39B,1.04,$0.38B,$-0.00B,-1.04%,$0.38B,$-0.04B,-10.42%,$0.38B,$-0.04B,-10.42%,$0.38B,$0.03B,8.33%,$0.38B,$-0.08B,-21.88%,$0.38B,$-0.08B,-21.09%,$-0.08B,$0.58B,-14.42%,$-0.08B,$0.57B,-14.71%,$-0.08B,$1.14B,-6.91%,$-0.04B,$0.98B,-4.16%,$103,$100,$3,$0,$8,$109,$-6,$-17,$-23,$4,$-28,$-28,$-35,$14,$-6,$27,27,$-1.27,$-1.27,$47,$15,$37,$144,$987,$0,$10,$0,$996,$1140,$88,$403,$11,$472,$560,$3,$208,$0,$580,$1140,$-33,$38,$14,$52,$7,$7,$2,$4,$15,$33,$-15,$0,$0,$0,$0,$0,$4,$-10,$9,$-6,$3,$0,$-3,$0,$-10,$-9,$14,$0,$0
2,2018-03-31,6.13,$21.28,0.29,$14.81,0.41,$1.02,6.0,$-2.19,0.0,$0.16B,$0.10B,1.68,$0.40B,$0.42B,0.94,$0.40B,$0.00B,0.99%,$0.40B,$-0.03B,-8.42%,$0.40B,$-0.03B,-8.42%,$0.40B,$0.04B,8.66%,$0.40B,$-0.07B,-17.57%,$0.40B,$-0.06B,-15.10%,$-0.06B,$0.61B,-11.42%,$-0.06B,$0.60B,-11.66%,$-0.06B,$1.17B,-5.11%,$-0.03B,$1.01B,-3.64%,$100,$90,$10,$0,$8,$99,$2,$-8,$-7,$-1,$-6,$-6,$-14,$20,$2,$28,28,$-0.49,$-0.49,$29,$21,$38,$159,$998,$0,$11,$0,$1009,$1168,$95,$399,$11,$464,$559,$3,$243,$0,$609,$1168,$-6,$18,$-0,$18,$-7,$2,$-0,$2,$-11,$1,$-6,$0,$0,$0,$0,$0,$4,$-2,$-2,$-2,$-4,$0,$0,$0,$-0,$-4,$-5,$0,$0
3,2017-12-31,8.76,$21.42,0.41,$15.69,0.56,$0.98,8.93,$-2.18,0.0,$0.16B,$0.11B,1.5,$0.40B,$0.44B,0.92,$0.43B,$0.01B,1.41%,$0.43B,$-0.03B,-7.96%,$0.43B,$-0.03B,-7.96%,$0.43B,$0.04B,8.20%,$0.43B,$-0.07B,-16.63%,$0.43B,$-0.06B,-14.05%,$-0.06B,$0.61B,-11.95%,$-0.06B,$0.60B,-12.20%,$-0.06B,$1.19B,-4.92%,$-0.03B,$1.01B,-3.76%,$89,$99,$-10,$0,$8,$110,$-21,$-9,$-30,$-30,$-0,$-0,$-7,$-3,$-21,$27,27,$-0.26,$-0.26,$34,$22,$38,$164,$1014,$0,$11,$0,$1025,$1189,$109,$400,$12,$467,$576,$3,$256,$0,$613,$1189,$-29,$69,$-29,$40,$-6,$0,$1,$-3,$-9,$2,$-12,$0,$0,$0,$0,$0,$1,$-11,$-14,$-1,$-15,$0,$0,$0,$-1,$-16,$-26,$5,$0
4,2017-09-30,7.94,$15.67,0.51,$15.78,0.5,$-7.69,0.0,$-2.98,0.0,$0.16B,$0.09B,1.85,$0.40B,$0.44B,0.91,$0.42B,$0.01B,1.65%,$0.42B,$-0.03B,-7.33%,$0.42B,$-0.03B,-7.33%,$0.42B,$0.04B,9.46%,$0.42B,$-0.08B,-18.20%,$0.42B,$-0.08B,-19.15%,$-0.08B,$0.45B,-15.93%,$-0.08B,$0.43B,-16.27%,$-0.08B,$1.20B,-6.54%,$-0.03B,$0.85B,-3.40%,$92,$100,$-7,$0,$8,$108,$-15,$-8,$-24,$-7,$-17,$-17,$-25,$1,$-15,$27,27,$-0.91,$-0.91,$53,$22,$38,$162,$1021,$0,$12,$0,$1033,$1195,$88,$401,$12,$662,$750,$3,$263,$0,$445,$1195,$-30,$52,$-2,$49,$2,$3,$-4,$8,$0,$19,$-3,$0,$0,$0,$0,$0,$0,$-2,$-12,$-9,$-22,$0,$0,$0,$-0,$-22,$-7,$0,$0
5,2017-06-30,10.33,$16.50,0.63,$15.35,0.67,$-15.80,0.0,$2.07,4.99,$0.18B,$0.09B,1.92,$0.40B,$0.47B,0.86,$0.41B,$-0.02B,-5.35%,$0.41B,$-0.06B,-15.09%,$0.41B,$-0.06B,-15.09%,$0.41B,$0.01B,2.43%,$0.41B,$-0.12B,-27.98%,$0.41B,$0.06B,13.63%,$0.06B,$0.47B,10.62%,$0.06B,$0.46B,10.84%,$0.06B,$1.23B,4.35%,$-0.06B,$0.87B,-6.65%,$123,$112,$11,$0,$8,$123,$-0,$-9,$-10,$-3,$-7,$-7,$-15,$17,$-0,$27,27,$-0.53,$-0.53,$67,$17,$37,$180,$1037,$0,$9,$0,$1046,$1226,$94,$402,$13,$663,$757,$3,$288,$0,$469,$1226,$-13,$35,$2,$37,$-8,$8,$-2,$3,$-1,$23,$2,$0,$0,$0,$0,$0,$1,$3,$-11,$-7,$-17,$0,$0,$0,$-0,$-17,$7,$0,$0
6,2017-03-31,9.38,$16.95,0.55,$15.20,0.62,$-22.50,0.0,$2.80,3.35,$0.19B,$0.12B,1.51,$0.41B,$0.48B,0.85,$0.40B,$-0.03B,-7.79%,$0.40B,$-0.07B,-17.84%,$0.40B,$-0.07B,-17.84%,$0.40B,$-0.00B,-0.50%,$0.40B,$-0.12B,-29.15%,$0.40B,$0.08B,19.10%,$0.08B,$0.48B,13.56%,$0.08B,$0.47B,13.87%,$0.08B,$1.26B,5.76%,$-0.07B,$0.89B,-7.14%,$123,$112,$12,$0,$11,$121,$2,$-10,$-7,$-1,$-6,$-6,$-13,$20,$2,$27,27,$-0.48,$-0.48,$45,$21,$35,$186,$1069,$0,$10,$0,$1078,$1264,$123,$406,$10,$660,$783,$3,$302,$0,$482,$1264,$-6,$18,$-2,$16,$-7,$5,$7,$2,$-2,$8,$-14,$0,$0,$0,$0,$0,$1,$-13,$-4,$-4,$-8,$0,$0,$0,$-0,$-8,$-15,$0,$0
7,2016-12-31,8.42,$22.55,0.37,$15.00,0.56,$-26.32,0.0,$2.20,3.83,$0.18B,$0.12B,1.51,$0.41B,$0.49B,0.83,$0.37B,$-0.05B,-13.10%,$0.37B,$-0.09B,-24.06%,$0.37B,$-0.09B,-24.06%,$0.37B,$-0.03B,-7.75%,$0.37B,$-0.13B,-34.76%,$0.37B,$0.06B,17.11%,$0.06B,$0.64B,10.92%,$0.06B,$0.63B,11.22%,$0.06B,$1.27B,4.78%,$-0.09B,$1.04B,-8.60%,$85,$94,$-9,$0,$8,$103,$-18,$-18,$-36,$-11,$-25,$-25,$-28,$2,$-18,$25,25,$-0.72,$-0.72,$60,$23,$34,$181,$1079,$0,$10,$0,$1089,$1270,$120,$406,$12,$513,$633,$3,$314,$0,$638,$1270,$112,$61,$-223,$-162,$-0,$1,$17,$6,$28,$-22,$-207,$0,$0,$0,$0,$0,$361,$153,$-108,$-0,$-108,$0,$-72,$-8,$-6,$-194,$-67,$4,$0
8,2016-09-30,8.58,$18.63,0.46,$12.74,0.67,$-36.81,0.0,$2.78,3.09,$0.28B,$0.20B,1.44,$0.41B,$0.52B,0.79,$0.31B,$-0.06B,-19.75%,$0.31B,$-0.09B,-29.94%,$0.31B,$-0.09B,-29.94%,$0.31B,$-0.04B,-13.38%,$0.31B,$-0.12B,-37.26%,$0.31B,$0.08B,25.80%,$0.08B,$0.52B,14.05%,$0.08B,$0.51B,14.49%,$0.08B,$1.39B,5.94%,$-0.09B,$0.93B,-8.87%,$80,$117,$-36,$0,$10,$126,$-46,$-16,$-62,$-22,$-39,$-39,$112,$-29,$-46,$27,27,$4.14,$4.14,$183,$13,$34,$283,$1090,$0,$13,$0,$1103,$1386,$197,$409,$9,$669,$866,$3,$343,$0,$520,$1386,$134,$41,$-220,$-179,$9,$12,$16,$14,$44,$-1,$-202,$0,$0,$0,$0,$0,$246,$44,$-3,$-8,$-10,$-72,$-72,$-8,$0,$-91,$-51,$0,$0
9,2016-06-30,12.08,$21.52,0.56,$13.66,0.88,$-41.63,0.0,$-2.84,0.0,$0.25B,$0.21B,1.23,$0.51B,$0.40B,1.28,$0.32B,$-0.04B,-11.76%,$0.32B,$-0.11B,-34.06%,$0.32B,$-0.11B,-34.06%,$0.32B,$-0.07B,-20.12%,$0.32B,$-0.12B,-36.53%,$0.32B,$-0.07B,-20.12%,$-0.07B,$0.60B,-11.83%,$-0.07B,$0.59B,-12.33%,$-0.07B,$1.36B,-4.98%,$-0.11B,$1.12B,-10.49%,$110,$108,$2,$0,$11,$119,$-9,$-2,$-11,$-4,$-8,$-8,$5,$5,$-9,$25,25,$0.20,$0.20,$23,$19,$35,$253,$1094,$0,$16,$0,$1109,$1362,$206,$514,$9,$554,$760,$3,$229,$0,$602,$1362,$0,$25,$-31,$-6,$-4,$7,$18,$10,$30,$24,$-170,$0,$0,$0,$0,$0,$1,$-169,$7,$26,$33,$0,$-0,$0,$-1,$32,$-104,$0,$0
10,2016-03-31,12.75,$24.52,0.52,$14.82,0.86,$-41.49,0.0,$-3.02,0.0,$0.23B,$0.17B,1.34,$0.51B,$0.40B,1.3,$0.34B,$-0.03B,-7.96%,$0.34B,$-0.10B,-30.38%,$0.34B,$-0.10B,-30.38%,$0.34B,$-0.06B,-18.88%,$0.34B,$-0.11B,-32.74%,$0.34B,$-0.07B,-20.65%,$-0.07B,$0.59B,-13.73%,$-0.07B,$0.56B,-14.24%,$-0.07B,$1.34B,-5.56%,$-0.10B,$1.10B,-10.38%,$99,$105,$-6,$0,$11,$116,$-17,$-3,$-21,$-5,$-16,$-16,$-25,$-7,$-17,$23,23,$-1.08,$-1.08,$40,$49,$37,$231,$1088,$0,$24,$0,$1112,$1343,$172,$512,$24,$586,$758,$3,$224,$0,$585,$1343,$-15,$11,$-4,$7,$3,$4,$15,$5,$20,$12,$-104,$0,$0,$0,$0,$0,$-0,$-104,$8,$-3,$5,$0,$0,$0,$-1,$4,$-88,$0,$0
11,2015-12-31,7.25,$25.60,0.28,$19.12,0.38,$-39.80,0.0,$-1.66,0.0,$0.33B,$0.19B,1.73,$0.50B,$0.42B,1.19,$0.44B,$0.02B,4.56%,$0.44B,$-0.07B,-16.40%,$0.44B,$-0.07B,-16.40%,$0.44B,$-0.03B,-7.74%,$0.44B,$-0.08B,-18.00%,$0.44B,$-0.04B,-8.88%,$-0.04B,$0.60B,-8.23%,$-0.04B,$0.58B,-8.45%,$-0.04B,$1.36B,-3.22%,$-0.07B,$1.10B,-7.69%,$25,$46,$-22,$0,$-3,$46,$-22,$-1,$-23,$-9,$-14,$-14,$-11,$-11,$-22,$23,23,$-0.49,$-0.49,$127,$24,$109,$333,$979,$0,$17,$34,$1029,$1362,$192,$498,$21,$571,$763,$3,$248,$0,$599,$1362,$-35,$37,$7,$45,$4,$-0,$-11,$-7,$-15,$-5,$-439,$0,$0,$15,$25,$40,$49,$-351,$66,$-2,$64,$23,$203,$-0,$-2,$264,$-58,$2,$0
12,2015-09-30,15.32,$18.02,0.85,$15.59,0.98,$-28.14,0.0,$-1.15,0.0,$0.25B,$0.18B,1.37,$0.47B,$0.41B,1.16,$0.36B,$-0.02B,-4.18%,$0.36B,$-0.07B,-18.94%,$0.36B,$-0.07B,-18.94%,$0.36B,$-0.03B,-9.47%,$0.36B,$-0.08B,-21.73%,$0.36B,$-0.03B,-7.52%,$-0.03B,$0.41B,-6.24%,$-0.03B,$0.38B,-6.44%,$-0.03B,$1.16B,-2.34%,$-0.07B,$0.88B,-7.73%,$89,$100,$-12,$0,$12,$151,$-62,$-1,$-63,$-27,$-36,$-36,$-34,$-52,$-62,$23,23,$-1.48,$-1.48,$39,$54,$36,$250,$875,$0,$32,$0,$907,$1157,$182,$473,$18,$564,$746,$3,$259,$0,$411,$1157,$-27,$26,$13,$40,$11,$-2,$2,$4,$6,$19,$-300,$0,$0,$-1,$71,$70,$0,$-229,$22,$4,$26,$2,$2,$-0,$0,$28,$-161,$0,$0
13,2015-06-30,40.84,$19.48,2.1,$19.28,2.12,$-20.56,0.0,$0.16,255.25,$0.36B,$0.18B,1.95,$0.45B,$0.44B,1.01,$0.44B,$0.02B,4.76%,$0.44B,$-0.01B,-1.59%,$0.44B,$-0.01B,-1.59%,$0.44B,$0.03B,5.90%,$0.44B,$-0.02B,-4.76%,$0.44B,$0.00B,0.68%,$0.00B,$0.44B,0.68%,$0.00B,$0.44B,0.69%,$0.00B,$1.18B,0.26%,$-0.01B,$0.89B,-0.80%,$126,$113,$13,$0,$15,$127,$-2,$-2,$-4,$-1,$-3,$-3,$0,$6,$-2,$23,23,$0.02,$0.02,$158,$54,$37,$360,$787,$0,$0,$31,$818,$1178,$184,$446,$18,$550,$734,$3,$293,$0,$444,$1178,$7,$17,$-3,$14,$3,$3,$-3,$0,$8,$29,$-157,$0,$0,$-11,$0,$-11,$70,$-97,$10,$-6,$4,$2,$2,$-0,$-0,$5,$-52,$0,$0
14,2015-03-31,41.33,$19.45,2.13,$22.29,1.85,$-16.49,0.0,$0.61,67.75,$0.40B,$0.16B,2.43,$0.43B,$0.44B,0.98,$0.52B,$0.06B,11.03%,$0.52B,$0.02B,3.68%,$0.52B,$0.02B,3.68%,$0.52B,$0.05B,10.06%,$0.52B,$0.00B,0.19%,$0.52B,$0.01B,2.71%,$0.01B,$0.44B,3.21%,$0.01B,$0.44B,3.25%,$0.01B,$1.14B,1.25%,$0.02B,$0.87B,2.16%,$199,$158,$41,$0,$27,$185,$14,$-3,$11,$4,$7,$7,$6,$23,$14,$23,23,$0.28,$0.28,$186,$60,$33,$399,$687,$25,$0,$29,$741,$1141,$164,$430,$18,$535,$699,$3,$293,$0,$442,$1141,$7,$9,$2,$11,$-2,$-1,$2,$0,$-5,$13,$-67,$0,$0,$-10,$46,$36,$-1,$-32,$-3,$-4,$-6,$1,$1,$-0,$0,$-6,$-25,$0,$0
15,2014-12-31,31.44,$19.17,1.64,$21.21,1.48,$-15.19,0.0,$0.82,38.34,$0.42B,$0.16B,2.7,$0.44B,$0.43B,1.02,$0.50B,$0.07B,13.08%,$0.50B,$0.03B,6.24%,$0.50B,$0.03B,6.24%,$0.50B,$0.06B,12.88%,$0.50B,$0.01B,1.81%,$0.50B,$0.02B,3.82%,$0.02B,$0.43B,4.40%,$0.02B,$0.41B,4.46%,$0.02B,$1.13B,1.72%,$0.03B,$0.87B,3.53%,$-55,$1,$-57,$0,$-38,$-37,$-18,$-4,$-22,$-8,$-14,$-14,$1,$-11,$-18,$23,23,$0.04,$0.06,$202,$57,$34,$419,$619,$25,$22,$46,$712,$1131,$155,$440,$18,$541,$697,$3,$286,$0,$434,$1131,$20,$33,$-12,$21,$-8,$-1,$1,$3,$-2,$39,$-217,$-3,$0,$-15,$185,$170,$40,$-9,$-10,$-2,$-12,$1,$1,$-0,$0,$-12,$42,$1,$0
16,2014-09-30,35.71,$19.13,1.87,$30.89,1.16,$-11.67,0.0,$2.37,15.07,$0.38B,$0.12B,3.11,$0.45B,$0.43B,1.05,$0.72B,$0.15B,20.33%,$0.72B,$0.12B,16.46%,$0.72B,$0.12B,16.46%,$0.72B,$0.15B,21.16%,$0.72B,$0.09B,13.00%,$0.72B,$0.06B,7.61%,$0.06B,$0.43B,12.91%,$0.06B,$0.43B,12.91%,$0.06B,$1.09B,5.03%,$0.12B,$0.88B,13.57%,$171,$147,$24,$0,$25,$172,$-1,$-5,$-6,$-2,$-4,$-4,$-4,$8,$-1,$23,23,$-0.17,$-0.17,$184,$58,$32,$379,$561,$50,$0,$103,$714,$1094,$122,$449,$18,$539,$661,$3,$286,$0,$432,$1094,$19,$26,$9,$35,$-7,$-1,$5,$8,$3,$57,$-164,$0,$0,$-15,$160,$145,$8,$-11,$-8,$-12,$-20,$1,$1,$-0,$0,$-20,$26,$0,$0
17,2014-06-30,41.67,$19.29,2.16,$30.84,1.35,$-9.77,0.0,$2.97,14.03,$0.39B,$0.13B,2.94,$0.45B,$0.43B,1.04,$0.73B,$0.17B,23.59%,$0.73B,$0.14B,19.62%,$0.73B,$0.14B,19.62%,$0.73B,$0.18B,24.01%,$0.73B,$0.12B,15.91%,$0.73B,$0.07B,9.47%,$0.07B,$0.44B,16.77%,$0.07B,$0.44B,16.77%,$0.07B,$1.11B,6.42%,$0.14B,$0.89B,16.55%,$202,$153,$49,$0,$25,$178,$24,$-6,$18,$7,$11,$11,$11,$32,$24,$23,24,$0.49,$0.47,$191,$55,$32,$385,$502,$50,$0,$172,$724,$1109,$131,$450,$17,$543,$673,$3,$289,$0,$436,$1109,$23,$17,$10,$27,$-6,$3,$-0,$4,$6,$56,$-93,$0,$0,$-15,$160,$145,$-63,$-10,$-5,$-8,$-13,$1,$1,$-0,$0,$-13,$33,$0,$0
18,2014-03-31,37.42,$18.81,1.99,$30.89,1.21,$-11.37,0.0,$2.81,13.32,$0.37B,$0.13B,2.93,$0.45B,$0.42B,1.07,$0.73B,$0.16B,22.22%,$0.73B,$0.13B,17.97%,$0.73B,$0.13B,17.97%,$0.73B,$0.16B,22.22%,$0.73B,$0.11B,15.09%,$0.73B,$0.07B,8.92%,$0.07B,$0.42B,16.53%,$0.07B,$0.42B,16.55%,$0.07B,$1.09B,6.83%,$0.13B,$0.88B,17.29%,$179,$130,$49,$0,$27,$153,$26,$-7,$19,$8,$12,$12,$11,$35,$26,$23,24,$0.50,$0.49,$163,$57,$33,$371,$451,$0,$0,$268,$720,$1090,$126,$452,$17,$540,$666,$3,$278,$0,$424,$1090,$12,$9,$1,$9,$-10,$0,$8,$0,$-1,$20,$-45,$0,$0,$0,$210,$210,$-160,$5,$-2,$-4,$-6,$0,$0,$-0,$0,$-6,$19,$0,$0
19,2013-12-31,41.02,$18.28,2.24,$30.06,1.36,$-13.18,0.0,$2.30,17.83,$0.35B,$0.13B,2.64,$0.45B,$0.41B,1.11,$0.70B,$0.14B,19.69%,$0.70B,$0.11B,14.98%,$0.70B,$0.11B,14.98%,$0.70B,$0.13B,18.97%,$0.70B,$0.09B,12.84%,$0.70B,$0.05B,7.70%,$0.05B,$0.41B,14.36%,$0.05B,$0.41B,14.40%,$0.05B,$1.08B,6.48%,$0.11B,$0.87B,16.14%,$171,$146,$25,$0,$21,$101,$70,$-7,$63,$25,$37,$37,$37,$78,$70,$22,24,$1.66,$1.61,$144,$56,$32,$354,$417,$210,$0,$98,$729,$1083,$134,$454,$17,$537,$671,$3,$267,$0,$412,$1083,$55,$28,$-26,$2,$2,$8,$-6,$-8,$-3,$54,$-156,$-1,$-9,$0,$-291,$-291,$67,$-390,$378,$4,$383,$1,$1,$-0,$-2,$381,$46,$0,$0
20,2013-09-30,33.53,$16.63,2.02,$30.34,1.11,$-8.56,0.0,$1.21,27.71,$0.33B,$0.14B,2.33,$0.46B,$0.37B,1.23,$0.71B,$0.15B,21.64%,$0.71B,$0.05B,7.50%,$0.71B,$0.05B,7.50%,$0.71B,$0.08B,11.17%,$0.71B,$0.05B,6.36%,$0.71B,$0.03B,4.10%,$0.03B,$0.37B,8.02%,$0.03B,$0.37B,8.04%,$0.03B,$1.01B,4.10%,$0.05B,$0.83B,9.81%,$177,$128,$49,$0,$25,$154,$23,$-7,$16,$6,$10,$10,$10,$30,$23,$22,24,$0.46,$0.43,$140,$58,$32,$328,$386,$170,$0,$130,$686,$1014,$140,$455,$17,$499,$640,$3,$230,$0,$374,$1014,$18,$20,$11,$31,$-0,$5,$-7,$2,$-4,$45,$-112,$0,$-9,$0,$-170,$-170,$-87,$-379,$384,$-8,$376,$1,$1,$-0,$-1,$375,$42,$0,$0
21,2013-06-30,30.41,$16.16,1.88,$30.57,0.99,$-5.21,0.0,$1.06,28.69,$0.27B,$0.12B,2.16,$0.10B,$0.36B,0.27,$0.71B,$0.14B,19.24%,$0.71B,$0.04B,5.90%,$0.71B,$0.04B,5.90%,$0.71B,$0.07B,9.27%,$0.71B,$0.04B,5.48%,$0.71B,$0.03B,3.65%,$0.03B,$0.36B,7.36%,$0.03B,$0.36B,7.39%,$0.03B,$0.62B,4.38%,$0.04B,$0.46B,9.65%,$202,$164,$39,$0,$25,$190,$12,$-1,$12,$4,$7,$7,$7,$19,$12,$22,24,$0.33,$0.31,$66,$59,$26,$266,$346,$1,$2,$7,$357,$622,$123,$96,$16,$136,$260,$3,$219,$0,$363,$622,$7,$13,$4,$17,$-14,$6,$-5,$6,$-18,$7,$-81,$0,$0,$0,$0,$0,$12,$-69,$35,$-6,$30,$0,$0,$-0,$0,$30,$-32,$0,$0
22,2013-03-31,34.78,$15.82,2.2,$30.89,1.13,$-1.02,0.0,$1.86,18.7,$0.28B,$0.13B,2.2,$0.09B,$0.35B,0.27,$0.72B,$0.16B,22.81%,$0.72B,$0.07B,10.01%,$0.72B,$0.07B,10.01%,$0.72B,$0.09B,13.07%,$0.72B,$0.07B,9.46%,$0.72B,$0.05B,6.26%,$0.05B,$0.36B,12.99%,$0.05B,$0.35B,13.04%,$0.05B,$0.61B,7.89%,$0.07B,$0.45B,17.07%,$151,$125,$25,$0,$25,$151,$-0,$-1,$-1,$-1,$-0,$-0,$-0,$6,$-0,$22,22,$-0.02,$-0.02,$69,$71,$26,$280,$325,$2,$2,$7,$335,$614,$127,$94,$16,$132,$259,$3,$212,$0,$355,$614,$-0,$7,$1,$8,$-10,$-5,$-5,$3,$-28,$-20,$-44,$0,$0,$0,$0,$0,$4,$-40,$33,$-3,$30,$0,$0,$0,$0,$31,$-29,$0,$0
23,2012-12-31,35.42,$15.82,2.24,$32.26,1.1,$1.66,21.29,$2.49,14.22,$0.29B,$0.12B,2.43,$0.07B,$0.35B,0.19,$0.76B,$0.18B,24.14%,$0.76B,$0.10B,12.53%,$0.76B,$0.10B,12.53%,$0.76B,$0.12B,15.30%,$0.76B,$0.09B,12.01%,$0.76B,$0.06B,7.78%,$0.06B,$0.35B,17.63%,$0.06B,$0.35B,17.70%,$0.06B,$0.58B,10.87%,$0.10B,$0.42B,23.50%,$177,$137,$40,$0,$24,$159,$18,$-0,$18,$6,$11,$12,$12,$24,$18,$22,24,$0.51,$0.49,$98,$65,$26,$285,$282,$0,$0,$10,$292,$577,$117,$68,$16,$105,$222,$3,$212,$0,$354,$577,$59,$21,$5,$26,$8,$-7,$1,$2,$15,$99,$-92,$-0,$-50,$10,$0,$10,$11,$-122,$-9,$4,$-5,$1,$1,$-0,$0,$-4,$-27,$0,$0
24,2012-09-30,43.87,$15.28,2.87,$33.90,1.29,$3.31,13.25,$3.19,13.75,$0.35B,$0.11B,3.2,$0.07B,$0.34B,0.2,$0.80B,$0.21B,25.88%,$0.80B,$0.12B,14.95%,$0.80B,$0.12B,14.95%,$0.80B,$0.14B,17.34%,$0.80B,$0.11B,14.20%,$0.80B,$0.08B,9.42%,$0.08B,$0.34B,23.47%,$0.08B,$0.34B,23.60%,$0.08B,$0.56B,14.31%,$0.12B,$0.41B,30.45%,$182,$149,$33,$0,$21,$170,$12,$-1,$10,$4,$7,$7,$7,$17,$12,$22,24,$0.30,$0.28,$134,$65,$27,$349,$202,$2,$2,$6,$212,$561,$109,$69,$17,$110,$219,$3,$201,$0,$342,$561,$47,$15,$5,$20,$-8,$-6,$4,$12,$7,$73,$-61,$0,$0,$10,$0,$10,$-1,$-52,$-8,$-5,$-13,$1,$1,$-0,$0,$-12,$9,$0,$0
25,2012-06-30,30.91,$14.97,2.06,$33.67,0.92,$3.72,8.31,$3.18,9.72,$0.34B,$0.08B,4.06,$0.07B,$0.33B,0.21,$0.79B,$0.21B,26.17%,$0.79B,$0.12B,15.04%,$0.79B,$0.12B,15.04%,$0.79B,$0.14B,17.45%,$0.79B,$0.11B,14.41%,$0.79B,$0.07B,9.36%,$0.07B,$0.34B,24.67%,$0.07B,$0.33B,24.81%,$0.07B,$0.53B,14.76%,$0.12B,$0.41B,31.88%,$209,$144,$66,$0,$23,$167,$42,$-1,$41,$15,$26,$26,$26,$47,$42,$22,24,$1.17,$1.11,$149,$58,$26,$339,$179,$2,$2,$6,$189,$528,$83,$70,$16,$110,$193,$3,$194,$0,$335,$528,$40,$10,$5,$15,$2,$1,$-10,$1,$1,$57,$-32,$0,$0,$0,$0,$0,$-1,$-33,$-7,$-3,$-10,$0,$0,$-0,$0,$-10,$14,$0,$0
26,2012-03-31,38.92,$13.79,2.82,$34.78,1.12,$3.82,10.19,$3.29,11.83,$0.32B,$0.09B,3.68,$0.07B,$0.31B,0.23,$0.82B,$0.21B,26.04%,$0.82B,$0.13B,15.28%,$0.82B,$0.13B,15.28%,$0.82B,$0.14B,17.60%,$0.82B,$0.12B,14.55%,$0.82B,$0.08B,9.41%,$0.08B,$0.31B,27.48%,$0.08B,$0.31B,27.65%,$0.08B,$0.51B,15.87%,$0.13B,$0.38B,35.09%,$190,$146,$44,$0,$21,$167,$23,$-1,$22,$8,$14,$14,$14,$28,$23,$22,24,$0.63,$0.61,$123,$69,$28,$323,$172,$3,$2,$6,$182,$505,$88,$71,$15,$109,$197,$3,$168,$0,$308,$505,$14,$5,$5,$10,$-0,$-9,$-6,$1,$-13,$11,$-15,$0,$0,$0,$0,$0,$-0,$-16,$-5,$-2,$-7,$0,$0,$-0,$0,$-7,$-12,$0,$0
27,2011-12-31,28.03,$13.14,2.13,$34.27,0.82,$4.50,6.22,$3.58,7.83,$0.33B,$0.10B,3.38,$0.08B,$0.29B,0.26,$0.81B,$0.22B,27.70%,$0.81B,$0.14B,16.89%,$0.81B,$0.14B,16.89%,$0.81B,$0.16B,19.25%,$0.81B,$0.13B,16.02%,$0.81B,$0.08B,10.43%,$0.08B,$0.29B,32.34%,$0.08B,$0.29B,32.56%,$0.08B,$0.50B,18.06%,$0.14B,$0.37B,40.36%,$215,$153,$63,$0,$22,$174,$42,$-1,$40,$13,$28,$28,$28,$46,$42,$22,23,$1.26,$1.19,$135,$60,$27,$328,$165,$3,$2,$5,$174,$502,$97,$75,$15,$112,$209,$3,$154,$0,$293,$502,$84,$19,$15,$34,$-13,$0,$2,$-3,$-28,$90,$-44,$0,$0,$-0,$0,$-0,$-0,$-45,$9,$2,$11,$1,$1,$-0,$1,$13,$58,$0,$0
28,2011-09-30,28.67,$11.86,2.42,$32.50,0.88,$2.97,9.64,$3.18,9.02,$0.31B,$0.10B,3.16,$0.08B,$0.26B,0.3,$0.76B,$0.21B,27.03%,$0.76B,$0.12B,16.27%,$0.76B,$0.12B,16.27%,$0.76B,$0.14B,18.90%,$0.76B,$0.12B,15.49%,$0.76B,$0.07B,9.71%,$0.07B,$0.26B,32.00%,$0.07B,$0.26B,32.24%,$0.07B,$0.47B,16.95%,$0.12B,$0.34B,39.62%,$177,$143,$34,$0,$22,$164,$12,$-2,$11,$4,$6,$6,$6,$17,$12,$22,24,$0.28,$0.27,$108,$74,$27,$306,$155,$3,$2,$5,$164,$470,$97,$77,$15,$109,$206,$3,$126,$0,$264,$470,$56,$14,$7,$21,$-12,$-14,$4,$7,$-25,$53,$-31,$0,$0,$10,$0,$10,$-1,$-22,$12,$-3,$9,$1,$1,$-0,$1,$11,$41,$1,$0
29,2011-06-30,42.92,$11.53,3.72,$31.24,1.37,$1.90,22.55,$3.08,13.94,$0.31B,$0.10B,3.18,$0.08B,$0.25B,0.32,$0.72B,$0.20B,27.76%,$0.72B,$0.12B,16.57%,$0.72B,$0.12B,16.57%,$0.72B,$0.14B,19.34%,$0.72B,$0.11B,15.75%,$0.72B,$0.07B,9.94%,$0.07B,$0.26B,35.04%,$0.07B,$0.25B,35.34%,$0.07B,$0.46B,17.61%,$0.12B,$0.34B,41.06%,$236,$164,$72,$0,$23,$187,$48,$-2,$46,$17,$29,$29,$29,$53,$48,$22,24,$1.29,$1.22,$116,$60,$25,$309,$144,$3,$2,$5,$154,$464,$97,$81,$14,$111,$208,$3,$120,$0,$256,$464,$50,$9,$5,$14,$-27,$1,$-1,$3,$-23,$41,$-15,$0,$0,$10,$0,$10,$-1,$-5,$14,$-2,$12,$1,$1,$-0,$1,$13,$49,$1,$0
30,2011-03-31,39.64,$10.21,3.88,$28.75,1.38,$0.85,46.84,$2.13,18.61,$0.28B,$0.10B,2.94,$0.08B,$0.22B,0.34,$0.66B,$0.16B,25.00%,$0.66B,$0.09B,12.96%,$0.66B,$0.09B,12.96%,$0.66B,$0.11B,16.01%,$0.66B,$0.08B,12.04%,$0.66B,$0.05B,7.47%,$0.05B,$0.23B,27.15%,$0.05B,$0.22B,27.37%,$0.05B,$0.42B,12.93%,$0.09B,$0.30B,31.28%,$177,$124,$54,$0,$21,$143,$34,$-2,$32,$12,$21,$21,$21,$39,$34,$21,23,$0.97,$0.90,$98,$71,$24,$278,$137,$4,$2,$4,$146,$424,$95,$76,$13,$104,$198,$3,$91,$0,$226,$424,$21,$5,$1,$6,$-2,$-11,$-4,$2,$-11,$16,$-5,$0,$0,$10,$0,$10,$-0,$5,$10,$-1,$9,$1,$1,$-0,$1,$9,$31,$0,$0
31,2010-12-31,24.26,$8.48,2.86,$27.29,0.89,$-0.35,0.0,$1.30,18.66,$0.24B,$0.09B,2.74,$0.09B,$0.18B,0.53,$0.61B,$0.14B,22.66%,$0.61B,$0.06B,9.03%,$0.61B,$0.06B,9.03%,$0.61B,$0.08B,12.32%,$0.61B,$0.05B,8.05%,$0.61B,$0.03B,4.76%,$0.03B,$0.18B,17.90%,$0.03B,$0.18B,18.04%,$0.03B,$0.39B,8.06%,$0.06B,$0.27B,21.17%,$172,$126,$46,$0,$19,$142,$30,$-1,$29,$11,$18,$18,$18,$35,$30,$21,23,$0.85,$0.81,$77,$60,$21,$243,$136,$4,$2,$4,$145,$388,$89,$93,$13,$120,$209,$3,$70,$0,$179,$388,$30,$18,$-5,$13,$-17,$-9,$16,$6,$2,$44,$-34,$0,$0,$0,$0,$0,$8,$-26,$-12,$1,$-11,$-2,$-2,$-0,$0,$-13,$5,$1,$0
32,2010-09-30,18.57,$7.61,2.44,$25.02,0.74,$0.51,36.32,$0.51,36.41,$0.22B,$0.07B,2.9,$0.10B,$0.16B,0.62,$0.55B,$0.12B,21.74%,$0.55B,$0.03B,4.89%,$0.55B,$0.03B,4.89%,$0.55B,$0.05B,8.51%,$0.55B,$0.02B,3.80%,$0.55B,$0.01B,1.99%,$0.01B,$0.16B,7.10%,$0.01B,$0.16B,7.17%,$0.01B,$0.36B,3.17%,$0.03B,$0.26B,10.63%,$139,$110,$29,$0,$24,$130,$8,$-2,$7,$3,$4,$4,$4,$13,$8,$21,22,$0.18,$0.17,$62,$53,$21,$216,$134,$4,$2,$4,$144,$359,$74,$97,$12,$124,$198,$3,$52,$0,$161,$359,$12,$13,$-1,$13,$-14,$-2,$7,$6,$-2,$23,$-26,$0,$0,$0,$0,$0,$5,$-21,$-6,$-3,$-9,$-2,$-2,$-0,$0,$-11,$-10,$1,$0
33,2010-06-30,13.31,$7.42,1.79,$24.40,0.55,$1.81,7.37,$0.39,34.13,$0.21B,$0.07B,3.24,$0.10B,$0.15B,0.64,$0.54B,$0.12B,22.55%,$0.54B,$0.02B,4.25%,$0.54B,$0.02B,4.25%,$0.54B,$0.04B,7.76%,$0.54B,$0.02B,2.96%,$0.54B,$0.01B,1.48%,$0.01B,$0.16B,5.23%,$0.01B,$0.16B,5.27%,$0.01B,$0.35B,2.33%,$0.02B,$0.26B,9.09%,$168,$133,$35,$0,$22,$156,$13,$-2,$11,$5,$6,$6,$6,$18,$13,$21,22,$0.28,$0.27,$66,$47,$20,$214,$121,$4,$2,$4,$131,$345,$66,$98,$11,$122,$188,$3,$49,$0,$156,$345,$8,$9,$1,$9,$-17,$4,$3,$4,$-5,$13,$-11,$0,$0,$10,$0,$10,$1,$0,$-5,$-2,$-7,$-2,$-2,$-0,$0,$-9,$4,$1,$0
34,2010-03-31,15.24,$7.18,2.12,$22.73,0.67,$2.69,5.66,$0.50,30.48,$0.22B,$0.07B,3.07,$0.10B,$0.15B,0.68,$0.51B,$0.13B,24.41%,$0.51B,$0.03B,4.88%,$0.51B,$0.03B,4.88%,$0.51B,$0.04B,8.40%,$0.51B,$0.02B,3.71%,$0.51B,$0.01B,2.15%,$0.01B,$0.15B,7.24%,$0.01B,$0.15B,7.31%,$0.01B,$0.35B,3.25%,$0.03B,$0.25B,9.94%,$130,$102,$28,$0,$25,$126,$4,$-2,$2,$1,$1,$2,$1,$9,$4,$21,21,$0.07,$0.07,$56,$61,$20,$215,$123,$4,$2,$4,$132,$347,$70,$102,$11,$125,$195,$3,$42,$0,$152,$347,$2,$4,$-0,$4,$-11,$-10,$3,$2,$-14,$-8,$-7,$0,$0,$0,$0,$0,$1,$-6,$-2,$-1,$-3,$0,$0,$-0,$0,$-3,$-17,$0,$0
35,2009-12-31,14.1,$7.10,1.99,$22.97,0.61,$3.87,3.64,$0.94,15.0,$0.21B,$0.07B,3.17,$0.10B,$0.15B,0.67,$0.53B,$0.14B,25.94%,$0.53B,$0.04B,7.52%,$0.53B,$0.04B,7.52%,$0.53B,$0.06B,10.71%,$0.53B,$0.04B,6.77%,$0.53B,$0.02B,3.95%,$0.02B,$0.15B,14.05%,$0.02B,$0.15B,14.21%,$0.02B,$0.34B,6.26%,$0.04B,$0.25B,16.11%,$115,$87,$28,$0,$26,$113,$2,$-2,$1,$1,$0,$0,$0,$7,$2,$21,22,$0.00,$0.02,$72,$51,$20,$211,$118,$4,$2,$4,$127,$339,$67,$99,$11,$121,$188,$3,$41,$0,$151,$339,$22,$16,$11,$27,$22,$9,$-6,$-14,$9,$58,$-29,$0,$0,$-10,$0,$-10,$1,$-38,$-3,$1,$-2,$-3,$-3,$-0,$1,$-4,$16,$1,$0
36,2009-09-30,15.57,$7.13,2.18,$25.28,0.62,$2.59,6.01,$1.10,14.15,$0.22B,$0.07B,3.33,$0.10B,$0.15B,0.67,$0.60B,$0.14B,22.78%,$0.60B,$0.04B,6.70%,$0.60B,$0.04B,6.70%,$0.60B,$0.06B,9.38%,$0.60B,$0.04B,6.20%,$0.60B,$0.03B,4.19%,$0.03B,$0.15B,17.33%,$0.03B,$0.15B,17.54%,$0.03B,$0.34B,7.47%,$0.04B,$0.25B,16.36%,$128,$97,$31,$0,$26,$124,$4,$-2,$2,$1,$1,$1,$1,$8,$4,$21,23,$0.05,$0.05,$70,$47,$21,$218,$114,$4,$2,$4,$123,$341,$65,$100,$11,$123,$188,$3,$41,$0,$153,$341,$22,$12,$9,$21,$12,$13,$-9,$-9,$5,$48,$-22,$0,$0,$-10,$0,$-10,$1,$-32,$-1,$-2,$-3,$1,$1,$-0,$1,$-2,$14,$1,$0
37,2009-06-30,16.17,$7.07,2.29,$28.95,0.56,$0.88,18.4,$1.23,13.15,$0.21B,$0.06B,3.49,$0.10B,$0.15B,0.65,$0.68B,$0.14B,20.00%,$0.68B,$0.05B,6.62%,$0.68B,$0.05B,6.62%,$0.68B,$0.06B,8.97%,$0.68B,$0.04B,6.03%,$0.68B,$0.03B,4.12%,$0.03B,$0.15B,20.25%,$0.03B,$0.15B,20.55%,$0.03B,$0.33B,8.22%,$0.05B,$0.25B,18.46%,$139,$101,$38,$0,$23,$124,$15,$-1,$14,$5,$8,$9,$9,$19,$15,$21,24,$0.41,$0.38,$63,$52,$21,$210,$109,$4,$2,$4,$118,$328,$60,$97,$10,$116,$176,$3,$40,$0,$152,$328,$20,$8,$5,$13,$16,$9,$-12,$-10,$1,$35,$-12,$0,$0,$0,$0,$0,$0,$-12,$-5,$-2,$-7,$1,$1,$-0,$1,$-6,$17,$1,$0
38,2009-03-31,9.89,$6.72,1.47,$31.07,0.32,$-0.55,0.0,$1.60,6.18,$0.22B,$0.08B,2.88,$0.10B,$0.14B,0.71,$0.74B,$0.14B,19.22%,$0.74B,$0.06B,7.98%,$0.74B,$0.06B,7.98%,$0.74B,$0.08B,10.15%,$0.74B,$0.06B,7.44%,$0.74B,$0.04B,5.01%,$0.04B,$0.14B,28.24%,$0.04B,$0.14B,28.68%,$0.04B,$0.33B,10.73%,$0.06B,$0.24B,24.33%,$150,$109,$41,$0,$21,$131,$19,$-1,$19,$7,$12,$12,$11,$23,$19,$21,24,$0.54,$0.51,$53,$55,$22,$219,$106,$4,$2,$4,$115,$334,$76,$99,$10,$116,$192,$2,$31,$-0,$142,$334,$12,$4,$2,$6,$4,$6,$-8,$-5,$1,$19,$-7,$0,$0,$0,$0,$0,$0,$-7,$-4,$-1,$-5,$0,$0,$-0,$0,$-6,$6,$0,$0
39,2008-12-31,8.32,$6.16,1.35,$31.15,0.27,$-1.53,0.0,$1.55,5.37,$0.22B,$0.09B,2.58,$0.10B,$0.13B,0.82,$0.75B,$0.14B,18.56%,$0.75B,$0.06B,7.88%,$0.75B,$0.06B,7.88%,$0.75B,$0.08B,10.01%,$0.75B,$0.05B,7.08%,$0.75B,$0.04B,4.94%,$0.04B,$0.13B,30.52%,$0.04B,$0.13B,31.03%,$0.04B,$0.34B,10.90%,$0.06B,$0.23B,24.76%,$180,$153,$26,$0,$24,$178,$2,$0,$2,$-1,$3,$4,$4,$6,$2,$21,24,$0.16,$0.19,$47,$61,$20,$222,$104,$4,$2,$4,$114,$336,$86,$104,$10,$120,$206,$2,$20,$-0,$130,$336,$37,$15,$0,$15,$-8,$-4,$2,$-7,$-20,$32,$-32,$0,$0,$0,$0,$0,$3,$-29,$-14,$1,$-13,$-4,$-4,$-0,$2,$-15,$-12,$1,$0
40,2008-09-30,13.85,$6.05,2.29,$29.44,0.47,$-0.14,0.0,$1.59,8.71,$0.26B,$0.10B,2.55,$0.12B,$0.13B,0.97,$0.70B,$0.14B,20.45%,$0.70B,$0.07B,9.66%,$0.70B,$0.07B,9.66%,$0.70B,$0.09B,12.07%,$0.70B,$0.06B,8.38%,$0.70B,$0.04B,5.40%,$0.04B,$0.13B,33.85%,$0.04B,$0.13B,34.39%,$0.04B,$0.37B,11.43%,$0.07B,$0.25B,29.12%,$211,$180,$31,$0,$22,$202,$9,$-2,$6,$2,$4,$4,$4,$13,$9,$21,23,$0.20,$0.18,$48,$74,$20,$257,$96,$4,$2,$7,$108,$365,$101,$122,$8,$136,$237,$2,$16,$-0,$129,$365,$33,$11,$6,$17,$-36,$-18,$14,$-1,$-40,$9,$-22,$0,$0,$0,$0,$0,$4,$-19,$-1,$-1,$-2,$-3,$-3,$-0,$3,$-1,$-11,$1,$0
41,2008-06-30,19.8,$5.76,3.44,$26.02,0.76,$1.09,18.13,$2.18,9.08,$0.24B,$0.09B,2.78,$0.12B,$0.12B,1.01,$0.64B,$0.15B,23.09%,$0.64B,$0.08B,12.17%,$0.64B,$0.08B,12.17%,$0.64B,$0.10B,14.82%,$0.64B,$0.07B,10.76%,$0.64B,$0.05B,8.11%,$0.05B,$0.12B,51.11%,$0.05B,$0.12B,52.00%,$0.05B,$0.34B,16.53%,$0.08B,$0.24B,35.06%,$198,$154,$44,$0,$22,$169,$29,$-1,$28,$11,$18,$18,$18,$33,$29,$21,25,$0.85,$0.75,$49,$69,$21,$242,$89,$4,$2,$8,$102,$344,$87,$121,$8,$134,$221,$2,$12,$-0,$123,$344,$29,$7,$-1,$6,$-25,$-12,$11,$-6,$-32,$3,$-15,$0,$0,$0,$0,$0,$4,$-11,$-1,$-1,$-1,$-3,$-3,$-0,$3,$-2,$-10,$0,$0
42,2008-03-31,14.74,$4.90,3.01,$24.88,0.59,$1.57,9.4,$2.01,7.33,$0.22B,$0.08B,2.81,$0.12B,$0.10B,1.21,$0.60B,$0.14B,23.17%,$0.60B,$0.06B,10.67%,$0.60B,$0.06B,10.67%,$0.60B,$0.08B,13.33%,$0.60B,$0.05B,9.00%,$0.60B,$0.05B,7.83%,$0.05B,$0.10B,52.81%,$0.05B,$0.10B,53.71%,$0.05B,$0.31B,15.95%,$0.06B,$0.22B,30.48%,$160,$123,$38,$0,$19,$141,$19,$-2,$17,$7,$11,$11,$11,$23,$19,$21,25,$0.50,$0.46,$43,$62,$18,$219,$82,$3,$2,$7,$94,$313,$78,$121,$7,$133,$211,$2,$-6,$-0,$103,$313,$11,$3,$1,$5,$-12,$-6,$-1,$-9,$-23,$-7,$-5,$0,$0,$0,$0,$0,$-0,$-5,$-0,$-0,$-1,$-3,$-3,$-0,$1,$-3,$-16,$0,$0
43,2007-12-31,28.22,$4.49,6.29,$25.48,1.11,$1.51,18.7,$1.83,15.42,$0.22B,$0.08B,2.7,$0.12B,$0.09B,1.33,$0.59B,$0.13B,22.66%,$0.59B,$0.06B,10.05%,$0.59B,$0.06B,10.05%,$0.59B,$0.07B,12.61%,$0.59B,$0.05B,8.18%,$0.59B,$0.04B,7.16%,$0.04B,$0.09B,54.19%,$0.04B,$0.09B,55.08%,$0.04B,$0.31B,15.26%,$0.06B,$0.22B,30.77%,$135,$104,$31,$0,$19,$123,$11,$-3,$8,$4,$4,$5,$5,$16,$11,$20,23,$0.24,$0.21,$58,$57,$16,$216,$80,$3,$2,$7,$92,$308,$80,$121,$7,$133,$213,$2,$-16,$-0,$94,$308,$47,$14,$-4,$11,$-4,$-11,$-5,$5,$-11,$47,$-14,$0,$0,$0,$0,$0,$3,$-11,$51,$-28,$23,$2,$1,$-3,$0,$21,$56,$0,$0
44,2007-09-30,23.65,$4.22,5.61,$25.68,0.92,$0.27,88.68,$1.77,13.36,$0.20B,$0.07B,2.75,$0.12B,$0.08B,1.43,$0.58B,$0.12B,21.53%,$0.58B,$0.05B,9.38%,$0.58B,$0.05B,9.38%,$0.58B,$0.07B,11.63%,$0.58B,$0.04B,7.47%,$0.58B,$0.04B,6.77%,$0.04B,$0.09B,60.00%,$0.04B,$0.09B,61.42%,$0.04B,$0.29B,15.40%,$0.05B,$0.21B,31.67%,$148,$112,$35,$0,$19,$129,$19,$-3,$16,$-2,$18,$18,$18,$23,$19,$20,25,$0.89,$0.77,$41,$47,$17,$202,$79,$3,$2,$7,$91,$293,$74,$120,$7,$133,$207,$2,$-21,$-0,$87,$293,$42,$10,$-3,$7,$-20,$-2,$-4,$3,$-23,$27,$-10,$0,$0,$0,$0,$0,$3,$-7,$52,$-29,$23,$1,$-0,$-3,$-0,$19,$39,$0,$0
45,2007-06-30,21.38,$3.65,5.86,$25.60,0.84,$-0.58,0.0,$1.17,18.27,$0.17B,$0.07B,2.67,$0.12B,$0.06B,2.07,$0.55B,$0.11B,20.47%,$0.55B,$0.04B,7.61%,$0.55B,$0.04B,7.61%,$0.55B,$0.05B,9.78%,$0.55B,$0.03B,5.62%,$0.55B,$0.02B,4.35%,$0.02B,$0.07B,47.29%,$0.02B,$0.07B,48.73%,$0.02B,$0.27B,10.28%,$0.04B,$0.19B,27.45%,$157,$122,$35,$0,$19,$142,$15,$-2,$13,$0,$13,$13,$13,$18,$15,$20,23,$0.66,$0.58,$31,$46,$16,$173,$78,$3,$2,$9,$92,$265,$65,$122,$7,$128,$193,$2,$-36,$-1,$72,$265,$24,$7,$-0,$6,$-11,$-1,$-6,$-5,$-22,$8,$-8,$0,$0,$0,$0,$0,$2,$-6,$54,$-28,$25,$1,$1,$0,$-0,$26,$28,$0,$0
46,2007-03-31,15.55,$2.94,5.29,$25.07,0.62,$-0.41,0.0,$0.93,16.72,$0.15B,$0.08B,1.91,$0.09B,$0.04B,2.15,$0.53B,$0.10B,19.54%,$0.53B,$0.04B,6.83%,$0.53B,$0.04B,6.83%,$0.53B,$0.05B,9.11%,$0.53B,$0.02B,4.55%,$0.53B,$0.02B,3.23%,$0.02B,$0.06B,44.16%,$0.02B,$0.06B,46.26%,$0.02B,$0.24B,7.78%,$0.04B,$0.15B,26.47%,$147,$115,$32,$0,$19,$134,$14,$-3,$11,$0,$11,$11,$6,$17,$14,$18,21,$0.32,$0.28,$1,$45,$15,$148,$77,$3,$2,$5,$87,$235,$77,$94,$6,$100,$178,$2,$-50,$-1,$57,$235,$11,$3,$-0,$3,$-18,$1,$-1,$-4,$-22,$-8,$-3,$0,$0,$0,$0,$0,$3,$-1,$-1,$8,$7,$0,$0,$0,$0,$7,$-1,$0,$0
47,2006-12-31,11.58,$2.60,4.45,$24.18,0.48,$-0.55,0.0,$0.80,14.48,$0.13B,$0.08B,1.57,$0.09B,$0.02B,5.83,$0.49B,$0.09B,18.50%,$0.49B,$0.03B,5.69%,$0.49B,$0.03B,5.69%,$0.49B,$0.04B,8.13%,$0.49B,$0.02B,3.25%,$0.49B,$0.01B,2.64%,$0.01B,$0.04B,46.02%,$0.01B,$0.04B,49.52%,$0.01B,$0.22B,6.09%,$0.03B,$0.13B,20.78%,$124,$102,$22,$0,$17,$118,$6,$-3,$3,$0,$3,$3,$2,$9,$6,$14,21,$0.10,$0.12,$5,$45,$11,$132,$76,$3,$2,$6,$87,$220,$84,$86,$6,$92,$176,$2,$-48,$-1,$44,$220,$16,$13,$1,$14,$-18,$-8,$11,$3,$-12,$18,$-15,$0,$0,$0,$0,$0,$-4,$-18,$5,$-6,$-1,$0,$0,$-0,$-0,$-1,$-2,$0,$0
