,Date,Stock Price,Book Value per Share,Price to Book Ratio,TTM Sales per Share,Price to Sales Ratio,TTM FCF per Share,Price to FCF Ratio,TTM Net EPS,PE Ratio,Current Assets,Current Liabilities,Current Ratio,Long Term Debt,Shareholder's Equity_x,Debt to Equity Ratio,TTM Revenue_x,TTM Gross Profit,Gross Margin,TTM Revenue_y,TTM Operating Income,Operating Margin,TTM Revenue_x,TTM EBIT,EBIT Margin,TTM Revenue_y,TTM EBITDA,EBITDA Margin,TTM Revenue_x,TTM Pre-Tax Income,Pre-Tax Margin,TTM Revenue_y,TTM Net Income_x,Net Margin,TTM Net Income_y,Shareholder's Equity_y,Return on Equity,TTM Net Income_x,Tangible Equity,Return on Tangible Equity,TTM Net Income_y,Total Assets,Return on Assets,TTM Net Income,LT Investments & Debt,Return on Investment,revenue,cost-goods-sold,gross-profit,research-development-expenses,selling-general-administrative-expenses,operating-expenses,operating-income,total-non-operating-income-expense,pre-tax-income,total-provision-income-taxes,income-after-taxes,income-from-continuous-operations,net-income,ebitda,ebit,basic-shares-outstanding,shares-outstanding,eps-basic-net-earnings-per-share,eps-earnings-per-share-diluted,cash-on-hand,inventory,other-current-assets,total-current-assets,net-property-plant-equipment,long-term-investments,goodwill-intangible-assets-total,other-long-term-assets,total-long-term-assets,total-assets,total-current-liabilities,long-term-debt,other-non-current-liabilities,total-long-term-liabilities,total-liabilities,common-stock-net,retained-earnings-accumulated-deficit,comprehensive-income,total-share-holder-equity,total-liabilities-share-holders-equity,net-income-loss,total-depreciation-amortization-cash-flow,other-non-cash-items,total-non-cash-items,change-in-accounts-receivable,change-in-inventories,change-in-accounts-payable,change-in-assets-liabilities,total-change-in-assets-liabilities,cash-flow-from-operating-activities,net-change-in-property-plant-equipment,net-change-in-intangible-assets,net-acquisitions-divestitures,net-change-in-short-term-investments,net-change-in-long-term-investments,net-change-in-investments-total,investing-activities-other,cash-flow-from-investing-activities,net-long-term-debt,net-current-debt,debt-issuance-retirement-net-total,net-common-equity-issued-repurchased,net-total-equity-issued-repurchased,total-common-preferred-stock-dividends-paid,financial-activities-other,cash-flow-from-financial-activities,net-cash-flow,stock-based-compensation,common-stock-dividends-paid
0,2018-09-30,102.51,$28.59,3.59,$99.70,1.03,$22.34,4.59,$14.97,6.85,$11.38B,$6.24B,1.82,$7.47B,$11.07B,0.68,$39.26B,$6.93B,17.66%,$39.26B,$5.78B,14.72%,$39.26B,$5.78B,14.72%,$39.26B,$7.00B,17.82%,$39.26B,$5.86B,14.92%,$39.26B,$5.89B,15.01%,$5.89B,$11.07B,58.41%,$5.89B,$8.27B,68.96%,$5.89B,$28.70B,21.66%,$5.78B,$18.54B,31.93%,$10155,$8499,$1656,$30,$309,$8838,$1317,$30,$1347,$232,$1115,$1115,$1113,$1630,$1317,$389,390,$2.86,$2.85,$1476,$4596,$0,$11383,$12022,$2148,$2801,$342,$17313,$28696,$6242,$7471,$2017,$11385,$17627,$22,$6453,$-1309,$11069,$28696,$3998,$919,$91,$1010,$-128,$-202,$257,$0,$-73,$4174,$-1407,$0,$-1776,$360,$22,$382,$-100,$-2901,$-394,$140,$-254,$-801,$-801,$-1176,$-11,$-2242,$-996,$33,$-1176
1,2018-06-30,109.85,$27.16,4.04,$95.22,1.15,$21.77,5.05,$14.79,7.43,$12.35B,$5.45B,2.27,$7.49B,$10.60B,0.71,$37.62B,$6.86B,18.22%,$37.62B,$5.79B,15.40%,$37.62B,$5.79B,15.40%,$37.62B,$7.00B,18.60%,$37.62B,$5.95B,15.81%,$37.62B,$5.84B,15.51%,$5.84B,$10.60B,63.77%,$5.84B,$9.51B,72.53%,$5.84B,$27.02B,22.15%,$5.79B,$18.09B,33.24%,$10206,$8290,$1916,$29,$261,$8580,$1626,$8,$1634,$-21,$1655,$1655,$1654,$1929,$1626,$391,392,$4.23,$4.22,$3319,$4096,$0,$12349,$11310,$2050,$1090,$224,$14674,$27023,$5451,$7490,$1805,$10969,$16420,$31,$17939,$-1358,$10603,$27023,$2885,$606,$134,$740,$-324,$9,$215,$0,$-100,$2733,$-925,$0,$0,$360,$38,$398,$-62,$-589,$0,$0,$0,$-470,$-470,$-787,$-8,$-1265,$858,$24,$-787
2,2018-03-31,104.79,$24.73,4.24,$90.08,1.16,$20.67,5.07,$13.38,7.83,$12.07B,$4.60B,2.63,$8.53B,$9.73B,0.88,$35.82B,$6.74B,18.82%,$35.82B,$5.74B,16.04%,$35.82B,$5.74B,16.04%,$35.82B,$6.94B,19.36%,$35.82B,$5.91B,16.49%,$35.82B,$5.31B,14.83%,$5.31B,$9.73B,64.65%,$5.31B,$8.58B,74.61%,$5.31B,$26.90B,20.74%,$5.74B,$18.26B,34.30%,$9767,$8012,$1755,$28,$233,$8273,$1494,$40,$1534,$303,$1231,$1231,$1231,$1797,$1494,$394,395,$3.12,$3.11,$2882,$4257,$0,$12068,$11249,$2213,$1145,$221,$14828,$26896,$4598,$8531,$2350,$12569,$17167,$31,$16677,$-1301,$9729,$26896,$1231,$303,$-26,$277,$-196,$-55,$72,$0,$-179,$1006,$-429,$0,$0,$285,$0,$285,$-45,$-189,$0,$0,$0,$-119,$-119,$-395,$-6,$-520,$312,$9,$-395
3,2017-12-31,108.38,$22.69,4.78,$86.28,1.26,$19.84,5.46,$12.25,8.85,$11.74B,$4.78B,2.46,$8.55B,$8.95B,0.96,$34.48B,$6.43B,18.63%,$34.48B,$5.46B,15.83%,$34.48B,$5.46B,15.83%,$34.48B,$6.65B,19.28%,$34.48B,$5.49B,15.93%,$34.48B,$4.88B,14.15%,$4.88B,$8.95B,65.86%,$4.88B,$7.81B,77.02%,$4.88B,$26.21B,19.65%,$5.46B,$17.50B,34.33%,$9135,$7528,$1607,$29,$237,$7794,$1341,$1,$1342,$-556,$1898,$1898,$1894,$1642,$1341,$398,399,$4.76,$4.77,$2835,$4217,$0,$11738,$10997,$2072,$1138,$261,$14468,$26206,$4777,$8549,$2275,$12479,$17256,$31,$15746,$-1285,$8950,$26206,$4877,$1189,$-652,$537,$-521,$-237,$165,$0,$-593,$5206,$-1547,$0,$134,$-79,$-180,$-259,$-84,$-1756,$-10,$-493,$-503,$-866,$-866,$-1415,$-75,$-2859,$650,$55,$-1415
4,2017-09-30,96.47,$18.57,5.19,$81.83,1.18,$18.68,5.16,$9.33,10.34,$11.06B,$4.61B,2.4,$8.53B,$7.33B,1.16,$33.10B,$6.15B,18.57%,$33.10B,$5.17B,15.61%,$33.10B,$5.17B,15.61%,$33.10B,$6.33B,19.13%,$33.10B,$5.20B,15.72%,$33.10B,$3.75B,11.32%,$3.75B,$7.33B,56.03%,$3.75B,$6.28B,66.57%,$3.75B,$25.24B,15.52%,$5.17B,$15.86B,34.11%,$8516,$6939,$1577,$27,$218,$7184,$1332,$106,$1438,$380,$1058,$1058,$1057,$1630,$1332,$395,395,$2.67,$2.67,$2506,$4177,$0,$11062,$10737,$2091,$1050,$303,$14181,$25243,$4612,$8531,$2326,$13304,$17916,$31,$14207,$-1359,$7327,$25243,$2983,$888,$98,$986,$-278,$-219,$121,$0,$-376,$3724,$-1146,$0,$155,$-79,$-180,$-259,$-4,$-1254,$-10,$-178,$-188,$-866,$-866,$-1060,$-77,$-2191,$333,$39,$-1060
5,2017-06-30,81.38,$17.28,4.71,$78.06,1.04,$17.51,4.65,$8.96,9.08,$10.08B,$4.13B,2.44,$8.50B,$6.87B,1.24,$31.95B,$6.03B,18.88%,$31.95B,$5.08B,15.91%,$31.95B,$5.08B,15.91%,$31.95B,$6.21B,19.44%,$31.95B,$5.05B,15.80%,$31.95B,$3.64B,11.40%,$3.64B,$6.87B,57.07%,$3.64B,$5.81B,68.59%,$3.64B,$24.12B,15.38%,$5.08B,$15.36B,34.29%,$8403,$6601,$1802,$25,$200,$6826,$1577,$16,$1593,$459,$1134,$1134,$1131,$1867,$1577,$401,402,$2.82,$2.81,$2018,$4007,$0,$10075,$10551,$2036,$1058,$398,$14043,$24118,$4131,$8496,$2253,$13119,$17250,$31,$13506,$-1375,$6868,$24118,$1927,$590,$184,$774,$-138,$-95,$-229,$0,$-462,$2238,$-828,$0,$0,$-91,$-131,$-222,$-4,$-1054,$-10,$0,$-10,$-570,$-570,$-704,$-75,$-1359,$-138,$21,$-704
6,2017-03-31,86.97,$16.11,5.4,$74.40,1.17,$17.46,4.98,$8.71,9.99,$9.68B,$4.38B,2.21,$8.42B,$6.49B,1.3,$30.87B,$5.85B,18.96%,$30.87B,$4.91B,15.91%,$30.87B,$4.91B,15.91%,$30.87B,$6.02B,19.49%,$30.87B,$4.89B,15.84%,$30.87B,$3.60B,11.67%,$3.60B,$6.49B,57.71%,$3.60B,$5.44B,69.92%,$3.60B,$23.77B,15.32%,$4.91B,$14.91B,33.44%,$8430,$6991,$1439,$25,$204,$7220,$1210,$-90,$1120,$315,$805,$805,$797,$1510,$1210,$403,403,$1.98,$1.98,$1662,$3875,$0,$9681,$10361,$2101,$1048,$577,$14087,$23768,$4379,$8419,$2130,$12902,$17281,$31,$12736,$-1438,$6487,$23768,$797,$300,$-2,$298,$-432,$-44,$53,$0,$-423,$678,$-421,$0,$0,$-26,$-122,$-148,$28,$-541,$-10,$50,$40,$-160,$-160,$-343,$-74,$-537,$-392,$13,$-343
7,2016-12-31,81.06,$15.03,5.39,$69.01,1.17,$18.60,4.36,$9.10,8.91,$9.60B,$4.54B,2.11,$8.39B,$6.07B,1.38,$29.18B,$5.99B,20.53%,$29.18B,$5.06B,17.34%,$29.18B,$5.06B,17.34%,$29.18B,$6.14B,21.04%,$29.18B,$5.23B,17.93%,$29.18B,$3.84B,13.14%,$3.84B,$6.07B,61.73%,$3.84B,$5.00B,75.30%,$3.84B,$23.44B,16.35%,$5.06B,$14.46B,34.48%,$7747,$6420,$1327,$26,$253,$6699,$1048,$4,$1052,$282,$770,$770,$763,$1325,$1048,$419,420,$1.90,$1.90,$2025,$3809,$0,$9599,$10137,$2010,$1078,$618,$13843,$23442,$4540,$8385,$2113,$12829,$17369,$31,$12282,$-1511,$6073,$23442,$3837,$1080,$329,$1409,$-383,$152,$383,$0,$152,$5606,$-2243,$0,$144,$-14,$-126,$-140,$-62,$-2301,$812,$177,$989,$-2938,$-2938,$-1395,$-5,$-3349,$-53,$38,$-1395
8,2016-09-30,75.48,$14.93,5.06,$65.74,1.15,$20.04,3.77,$9.01,8.38,$9.55B,$4.31B,2.22,$8.46B,$6.11B,1.39,$28.51B,$5.94B,20.85%,$28.51B,$5.06B,17.76%,$28.51B,$5.06B,17.76%,$28.51B,$6.14B,21.52%,$28.51B,$5.24B,18.38%,$28.51B,$3.87B,13.57%,$3.87B,$6.11B,61.02%,$3.87B,$5.00B,74.46%,$3.87B,$23.42B,16.60%,$5.06B,$14.57B,34.64%,$7365,$5903,$1462,$25,$188,$6116,$1249,$32,$1281,$326,$955,$955,$952,$1509,$1249,$413,414,$2.30,$2.30,$1834,$4015,$0,$9553,$10057,$2097,$1105,$607,$13866,$23419,$4310,$8464,$2151,$13002,$17312,$31,$11865,$-1492,$6107,$23419,$3074,$803,$178,$981,$-323,$23,$74,$0,$-226,$3893,$-1676,$0,$144,$-18,$42,$24,$-22,$-1530,$812,$177,$989,$-2501,$-2501,$-1049,$-6,$-2567,$-187,$0,$-1049
9,2016-06-30,68.87,$15.04,4.58,$65.95,1.04,$22.73,3.03,$9.27,7.43,$9.98B,$4.35B,2.29,$8.49B,$6.31B,1.35,$29.48B,$6.35B,21.55%,$29.48B,$5.47B,18.54%,$29.48B,$5.47B,18.54%,$29.48B,$6.53B,22.15%,$29.48B,$5.64B,19.12%,$29.48B,$4.10B,13.91%,$4.10B,$6.31B,61.67%,$4.10B,$5.18B,74.76%,$4.10B,$23.44B,17.51%,$5.47B,$14.79B,37.05%,$7328,$5702,$1626,$24,$199,$5925,$1403,$35,$1438,$346,$1092,$1092,$1091,$1674,$1403,$424,425,$2.57,$2.56,$2087,$4009,$0,$9983,$9681,$2018,$1130,$623,$13452,$23435,$4351,$8485,$2143,$12777,$17128,$31,$11264,$-1472,$6307,$23435,$2121,$543,$67,$610,$-281,$26,$161,$0,$-94,$2561,$-1090,$0,$137,$50,$-125,$-75,$-43,$-1071,$812,$200,$1012,$-1682,$-1682,$-698,$-4,$-1372,$133,$0,$-698
10,2016-03-31,78.37,$14.87,5.27,$68.09,1.15,$24.21,3.24,$9.53,8.22,$10.32B,$4.44B,2.33,$8.50B,$6.37B,1.34,$31.29B,$6.82B,21.80%,$31.29B,$5.91B,18.88%,$31.29B,$5.91B,18.88%,$31.29B,$6.95B,22.21%,$31.29B,$6.06B,19.38%,$31.29B,$4.34B,13.87%,$4.34B,$6.37B,61.46%,$4.34B,$5.20B,73.87%,$4.34B,$23.57B,18.30%,$5.91B,$14.87B,39.45%,$6743,$5166,$1577,$24,$193,$5383,$1360,$102,$1462,$432,$1030,$1030,$1030,$1632,$1360,$433,434,$2.38,$2.37,$2654,$3978,$0,$10324,$9373,$2150,$1166,$559,$13248,$23572,$4441,$8504,$2125,$12763,$17204,$31,$10535,$-1397,$6368,$23572,$1030,$272,$-71,$201,$-135,$83,$50,$0,$-2,$1300,$-527,$0,$137,$-243,$-752,$-995,$788,$-597,$812,$177,$989,$-986,$-986,$-336,$0,$-333,$394,$0,$-336
11,2015-12-31,78.79,$14.94,5.28,$69.57,1.13,$24.84,3.17,$9.57,8.23,$9.79B,$4.35B,2.25,$7.67B,$6.57B,1.17,$32.74B,$7.05B,21.54%,$32.74B,$6.12B,18.70%,$32.74B,$6.12B,18.70%,$32.74B,$7.19B,21.95%,$32.74B,$6.21B,18.97%,$32.74B,$4.48B,13.67%,$4.48B,$6.57B,60.94%,$4.48B,$5.40B,72.85%,$4.48B,$22.76B,18.79%,$6.12B,$14.25B,40.63%,$7071,$5792,$1279,$26,$201,$6019,$1052,$7,$1059,$262,$797,$797,$795,$1321,$1052,$465,466,$1.82,$1.82,$1995,$4051,$0,$9789,$8991,$2127,$1176,$674,$12968,$22757,$4349,$7671,$2036,$11834,$16183,$31,$9841,$-1438,$6574,$22757,$4474,$1063,$180,$1243,$780,$308,$-786,$0,$302,$5842,$-1440,$0,$0,$416,$-47,$369,$25,$-1046,$984,$61,$1045,$-4656,$-4656,$-1410,$171,$-4850,$-102,$53,$-1410
12,2015-09-30,74.95,$16.24,4.62,$74.14,1.01,$24.13,3.11,$9.33,8.03,$11.20B,$5.19B,2.16,$7.74B,$7.35B,1.05,$35.95B,$7.07B,19.68%,$35.95B,$6.15B,17.10%,$35.95B,$6.15B,17.10%,$35.95B,$7.19B,20.00%,$35.95B,$6.24B,17.37%,$35.95B,$4.48B,12.45%,$4.48B,$7.35B,57.47%,$4.48B,$6.17B,68.37%,$4.48B,$23.94B,18.50%,$6.15B,$15.09B,40.26%,$8334,$6465,$1869,$25,$194,$6684,$1650,$26,$1676,$487,$1189,$1189,$1185,$1902,$1650,$462,463,$2.56,$2.54,$3077,$4138,$0,$11198,$8793,$2084,$1187,$673,$12737,$23935,$5193,$7742,$2044,$11390,$16583,$31,$9393,$-1381,$7352,$23935,$3679,$794,$-47,$747,$408,$252,$-501,$-98,$61,$4682,$-957,$0,$0,$-85,$-97,$-182,$36,$-1103,$984,$231,$1215,$-3436,$-3436,$-1063,$178,$-3106,$443,$0,$-1063
13,2015-06-30,92.18,$16.98,5.43,$79.71,1.16,$21.82,4.23,$9.22,10.0,$11.99B,$5.23B,2.29,$7.73B,$7.95B,0.97,$39.69B,$7.15B,18.02%,$39.69B,$6.20B,15.63%,$39.69B,$6.20B,15.63%,$39.69B,$7.26B,18.30%,$39.69B,$6.26B,15.78%,$39.69B,$4.55B,11.46%,$4.55B,$7.95B,54.03%,$4.55B,$6.74B,63.79%,$4.55B,$24.61B,18.48%,$6.20B,$15.68B,39.64%,$9145,$7047,$2098,$25,$228,$7300,$1845,$22,$1867,$541,$1326,$1326,$1330,$2096,$1845,$472,472,$2.82,$2.82,$3317,$4179,$0,$11990,$8636,$2095,$1214,$670,$12615,$24605,$5229,$7728,$2063,$11426,$16655,$31,$8569,$-1307,$7950,$24605,$2493,$542,$-4,$538,$-35,$224,$-212,$-52,$-75,$2914,$-584,$0,$0,$-471,$-147,$-618,$32,$-1170,$984,$238,$1222,$-2137,$-2137,$-702,$195,$-1422,$294,$0,$-702
14,2015-03-31,77.59,$15.79,4.91,$83.33,0.93,$20.37,3.81,$8.63,8.99,$11.65B,$5.06B,2.3,$7.75B,$7.51B,1.03,$42.66B,$6.92B,16.22%,$42.66B,$5.97B,14.00%,$42.66B,$5.97B,14.00%,$42.66B,$7.04B,16.49%,$42.66B,$5.99B,14.05%,$42.66B,$4.40B,10.31%,$4.40B,$7.51B,48.17%,$4.40B,$6.28B,56.49%,$4.40B,$24.01B,17.50%,$5.97B,$15.26B,37.04%,$8185,$6379,$1806,$26,$205,$6610,$1575,$32,$1607,$440,$1167,$1167,$1166,$1866,$1575,$479,481,$2.42,$2.41,$3096,$4267,$0,$11647,$8430,$1992,$1228,$709,$12359,$24006,$5060,$7749,$2038,$11440,$16500,$31,$7607,$-1566,$7506,$24006,$1164,$291,$-20,$271,$197,$88,$-246,$-88,$-49,$1468,$-306,$0,$0,$3,$-149,$-146,$9,$-443,$984,$169,$1153,$-1359,$-1359,$-334,$139,$-401,$585,$0,$-334
15,2014-12-31,69.6,$17.13,4.06,$86.63,0.8,$18.79,3.7,$7.94,8.77,$11.65B,$5.44B,2.14,$6.70B,$8.34B,0.8,$45.61B,$6.67B,14.62%,$45.61B,$5.74B,12.58%,$45.61B,$5.74B,12.58%,$45.61B,$6.78B,14.85%,$45.61B,$5.71B,12.52%,$45.61B,$4.17B,9.15%,$4.17B,$8.34B,40.89%,$4.17B,$7.01B,47.42%,$4.17B,$24.22B,16.00%,$5.74B,$15.04B,33.83%,$10290,$8989,$1301,$30,$194,$9213,$1077,$17,$1094,$298,$796,$796,$795,$1328,$1077,$518,521,$1.59,$1.59,$2626,$4517,$0,$11645,$8758,$2064,$1335,$419,$12576,$24221,$5437,$6695,$2122,$10440,$15877,$31,$6775,$-1026,$8344,$24221,$4168,$1039,$76,$1115,$358,$555,$-378,$156,$691,$6048,$-1499,$0,$0,$-1688,$-350,$-2038,$6,$-3531,$992,$262,$1254,$-5788,$-5788,$-1403,$30,$-5907,$-3419,$0,$-1403
16,2014-09-30,94.52,$19.59,4.82,$86.42,1.09,$15.81,5.98,$8.51,11.11,$12.93B,$5.63B,2.3,$6.75B,$9.88B,0.68,$46.46B,$6.91B,14.86%,$46.46B,$5.92B,12.75%,$46.46B,$5.92B,12.75%,$46.46B,$6.97B,15.00%,$46.46B,$5.83B,12.54%,$46.46B,$4.55B,9.80%,$4.55B,$9.88B,40.47%,$4.55B,$8.50B,46.45%,$4.55B,$25.63B,16.96%,$5.92B,$16.63B,33.34%,$12066,$10118,$1948,$31,$211,$10360,$1706,$-12,$1694,$434,$1260,$1260,$1258,$1972,$1706,$509,512,$2.46,$2.45,$2729,$5359,$0,$12932,$8600,$2141,$1375,$583,$12699,$25631,$5634,$6753,$1795,$10122,$15756,$31,$6330,$-510,$9875,$25631,$3377,$788,$25,$813,$-240,$-229,$-17,$171,$-315,$4032,$-1096,$0,$0,$-1605,$-200,$-1805,$6,$-2895,$992,$0,$992,$-4347,$-4347,$-1055,$22,$-4388,$-3265,$0,$-1055
17,2014-06-30,84.42,$20.93,4.03,$82.52,1.02,$13.53,6.24,$7.56,11.17,$13.71B,$5.63B,2.44,$6.77B,$10.79B,0.63,$45.54B,$6.42B,14.09%,$45.54B,$5.42B,11.91%,$45.54B,$5.42B,11.91%,$45.54B,$6.47B,14.21%,$45.54B,$5.32B,11.69%,$45.54B,$4.15B,9.11%,$4.15B,$10.79B,35.27%,$4.15B,$9.35B,40.39%,$4.15B,$26.66B,15.28%,$5.42B,$17.55B,30.08%,$12117,$10255,$1862,$34,$215,$10504,$1613,$-15,$1598,$425,$1173,$1173,$1178,$1870,$1613,$523,527,$2.25,$2.23,$3331,$5326,$0,$13705,$8740,$2178,$1440,$593,$12951,$26656,$5628,$6766,$1851,$10240,$15868,$31,$5430,$43,$10788,$26656,$2120,$522,$-26,$496,$-246,$-53,$142,$167,$10,$2598,$-758,$0,$0,$-1573,$72,$-1501,$2,$-2257,$992,$0,$992,$-3067,$-3067,$-697,$5,$-2767,$-2420,$0,$-697
18,2014-03-31,76.3,$22.15,3.44,$78.74,0.97,$12.23,6.24,$6.94,10.99,$14.99B,$5.72B,2.62,$6.77B,$11.83B,0.57,$44.53B,$6.16B,13.84%,$44.53B,$5.18B,11.62%,$44.53B,$5.18B,11.62%,$44.53B,$6.22B,13.98%,$44.53B,$5.06B,11.36%,$44.53B,$3.90B,8.76%,$3.90B,$11.83B,32.28%,$3.90B,$10.35B,36.92%,$3.90B,$27.83B,14.58%,$5.18B,$18.59B,29.18%,$11135,$9577,$1558,$32,$186,$9795,$1340,$-14,$1326,$383,$943,$943,$943,$1605,$1340,$544,548,$1.73,$1.72,$4107,$5589,$0,$14993,$8556,$2179,$1475,$624,$12834,$27827,$5720,$6766,$1838,$10281,$16001,$31,$4622,$98,$11826,$27827,$944,$265,$-61,$204,$-105,$-305,$91,$-108,$-427,$801,$-343,$0,$0,$-1397,$-275,$-1672,$4,$-2011,$992,$0,$992,$-1201,$-1201,$-327,$-14,$-550,$-1748,$0,$-327
19,2013-12-31,68.41,$22.80,3.0,$76.88,0.89,$12.10,5.65,$6.77,10.1,$14.60B,$5.51B,2.65,$5.78B,$12.51B,0.46,$44.06B,$6.12B,13.89%,$44.06B,$5.10B,11.58%,$44.06B,$5.10B,11.58%,$44.06B,$6.14B,13.94%,$44.06B,$5.00B,11.34%,$44.06B,$3.86B,8.75%,$3.86B,$12.51B,32.03%,$3.86B,$11.01B,36.74%,$3.86B,$27.30B,14.86%,$5.10B,$18.29B,29.86%,$11138,$9601,$1537,$44,$229,$9874,$1264,$-57,$1207,$30,$1177,$1177,$1174,$1521,$1264,$566,570,$2.11,$2.09,$4460,$5279,$0,$14599,$8457,$2114,$1509,$619,$12699,$27298,$5510,$5776,$1839,$9274,$14784,$31,$4004,$96,$12514,$27298,$3853,$1042,$-63,$979,$-64,$-151,$275,$-165,$-105,$4835,$-1561,$0,$0,$0,$0,$0,$-41,$-1602,$1472,$0,$1472,$-1949,$-1949,$-1127,$15,$-1589,$1718,$0,$-1127
20,2013-09-30,61.92,$21.38,2.9,$76.57,0.81,$12.81,4.83,$5.75,10.77,$14.63B,$5.38B,2.72,$5.77B,$11.91B,0.49,$44.02B,$5.85B,13.29%,$44.02B,$4.80B,10.90%,$44.02B,$4.80B,10.90%,$44.02B,$5.85B,13.30%,$44.02B,$4.72B,10.72%,$44.02B,$3.31B,7.52%,$3.31B,$11.91B,28.29%,$3.31B,$10.38B,32.68%,$3.31B,$26.81B,13.15%,$4.80B,$17.68B,29.28%,$11152,$9690,$1462,$35,$220,$9945,$1207,$-14,$1193,$339,$854,$854,$853,$1474,$1207,$563,567,$1.51,$1.50,$4418,$5382,$0,$14625,$8223,$2202,$1532,$229,$12186,$26811,$5378,$5774,$2278,$9524,$14902,$31,$3160,$-299,$11909,$26811,$2678,$785,$144,$929,$-106,$-282,$16,$-179,$-551,$3161,$-1201,$0,$0,$0,$0,$0,$-34,$-1235,$1471,$0,$1471,$-1251,$-1251,$-517,$7,$-290,$1682,$0,$-517
21,2013-06-30,55.65,$21.16,2.63,$76.44,0.73,$14.09,3.95,$5.71,9.75,$13.03B,$5.04B,2.59,$4.31B,$12.07B,0.36,$44.14B,$5.99B,13.57%,$44.14B,$4.92B,11.14%,$44.14B,$4.92B,11.14%,$44.14B,$5.95B,13.48%,$44.14B,$4.81B,10.90%,$44.14B,$3.31B,7.49%,$3.31B,$12.07B,27.96%,$3.31B,$10.52B,32.35%,$3.31B,$25.05B,13.35%,$4.92B,$16.38B,30.49%,$11103,$9496,$1607,$35,$208,$9739,$1364,$-31,$1333,$410,$923,$923,$929,$1623,$1364,$574,578,$1.62,$1.61,$3235,$5197,$0,$13032,$7979,$2262,$1554,$221,$12016,$25048,$5036,$4306,$2325,$7943,$12979,$31,$2587,$-505,$12069,$25048,$1827,$518,$4,$522,$-143,$-151,$93,$-78,$-279,$2045,$-778,$0,$0,$0,$0,$0,$-19,$-797,$0,$0,$0,$-270,$-270,$-490,$18,$-742,$501,$0,$-490
22,2013-03-31,52.76,$20.30,2.6,$76.72,0.69,$13.56,3.89,$5.43,9.72,$12.66B,$5.11B,2.48,$4.31B,$11.68B,0.37,$44.29B,$6.07B,13.71%,$44.29B,$5.00B,11.30%,$44.29B,$5.00B,11.30%,$44.29B,$6.07B,13.70%,$44.29B,$4.55B,10.28%,$44.29B,$3.15B,7.10%,$3.15B,$11.68B,26.91%,$3.15B,$10.10B,31.29%,$3.15B,$24.68B,12.90%,$5.00B,$15.99B,31.28%,$10669,$9153,$1516,$36,$213,$9402,$1267,$-4,$1263,$357,$906,$906,$901,$1526,$1267,$574,578,$1.56,$1.55,$2885,$5270,$0,$12655,$7779,$2429,$1581,$233,$12022,$24677,$5107,$4307,$2306,$7890,$12997,$31,$1946,$-599,$11680,$24677,$900,$259,$-50,$209,$-22,$-242,$-17,$-115,$-396,$799,$-391,$0,$0,$0,$0,$0,$-17,$-408,$0,$0,$0,$0,$0,$-229,$-5,$-234,$147,$0,$-229
23,2012-12-31,47.27,$19.43,2.43,$78.67,0.6,$14.04,3.37,$4.92,9.61,$12.29B,$5.10B,2.41,$4.30B,$11.18B,0.39,$45.35B,$5.76B,12.69%,$45.35B,$4.68B,10.31%,$45.35B,$4.68B,10.31%,$45.35B,$5.72B,12.61%,$45.35B,$4.19B,9.23%,$45.35B,$2.85B,6.27%,$2.85B,$11.18B,24.50%,$2.85B,$9.55B,28.64%,$2.85B,$24.22B,11.80%,$4.68B,$15.48B,29.53%,$11097,$9832,$1265,$57,$249,$10138,$959,$-29,$930,$285,$645,$645,$629,$1231,$959,$573,577,$1.12,$1.09,$2737,$5075,$0,$12286,$7696,$2363,$1629,$246,$11934,$24220,$5096,$4304,$2327,$7945,$13041,$31,$1274,$-411,$11179,$24220,$2834,$1041,$741,$1782,$-101,$441,$-189,$-98,$53,$4787,$-1060,$0,$48,$0,$0,$0,$-1,$-1013,$321,$0,$321,$0,$0,$-2415,$-51,$-2145,$1667,$0,$-2415
24,2012-09-30,40.0,$21.49,1.86,$77.11,0.52,$10.87,3.68,$3.45,11.59,$13.40B,$4.83B,2.78,$4.31B,$12.36B,0.35,$44.36B,$5.25B,11.83%,$44.36B,$4.19B,9.44%,$44.36B,$4.19B,9.44%,$44.36B,$5.24B,11.82%,$44.36B,$3.21B,7.23%,$44.36B,$2.00B,4.50%,$2.00B,$12.36B,17.41%,$2.00B,$10.70B,20.46%,$2.00B,$25.10B,8.40%,$4.19B,$16.67B,26.80%,$11273,$9670,$1603,$39,$236,$9945,$1328,$-42,$1286,$435,$851,$851,$846,$1570,$1328,$573,577,$1.47,$1.46,$3546,$5234,$0,$13395,$7412,$2347,$1658,$292,$11709,$25104,$4825,$4305,$2153,$7918,$12743,$31,$2454,$-401,$12361,$25104,$2211,$769,$455,$1224,$-314,$254,$-100,$-136,$-5,$3459,$-727,$0,$0,$0,$0,$0,$31,$-696,$321,$0,$321,$0,$0,$-603,$-37,$-319,$2462,$0,$-603
25,2012-06-30,30.92,$20.08,1.54,$79.34,0.39,$9.77,3.17,$3.50,8.84,$12.37B,$4.24B,2.91,$4.31B,$11.54B,0.37,$45.61B,$5.43B,11.90%,$45.61B,$4.35B,9.54%,$45.61B,$4.35B,9.54%,$45.61B,$5.41B,11.86%,$45.61B,$3.34B,7.32%,$45.61B,$2.04B,4.48%,$2.04B,$11.54B,17.15%,$2.04B,$9.86B,20.11%,$2.04B,$23.55B,8.31%,$4.35B,$15.85B,26.50%,$11248,$9561,$1687,$37,$201,$9799,$1449,$-375,$1074,$306,$768,$768,$770,$1739,$1449,$573,577,$1.34,$1.33,$1964,$5759,$0,$12366,$7237,$2002,$1679,$261,$11179,$23545,$4244,$4305,$2208,$7758,$12002,$31,$1838,$-589,$11543,$23545,$1367,$527,$350,$877,$-156,$-308,$-345,$-77,$-598,$1417,$-461,$0,$0,$0,$0,$0,$31,$-430,$321,$0,$321,$0,$0,$-373,$-33,$-85,$885,$0,$-373
26,2012-03-31,33.16,$19.78,1.68,$82.99,0.4,$9.56,3.47,$3.55,9.34,$12.10B,$4.95B,2.45,$3.98B,$11.36B,0.35,$47.67B,$5.34B,11.21%,$47.67B,$4.21B,8.84%,$47.67B,$4.21B,8.84%,$47.67B,$5.22B,10.95%,$47.67B,$3.50B,7.35%,$47.67B,$2.08B,4.36%,$2.08B,$11.36B,16.70%,$2.08B,$9.62B,19.56%,$2.08B,$23.61B,8.05%,$4.21B,$15.35B,24.32%,$11734,$10532,$1202,$39,$223,$10794,$940,$-45,$895,$301,$594,$594,$600,$1177,$940,$572,575,$1.04,$1.04,$1679,$5208,$0,$12098,$7426,$2092,$1744,$245,$11511,$23609,$4946,$3984,$2281,$7300,$12246,$31,$1298,$-218,$11363,$23609,$599,$237,$133,$370,$-374,$346,$80,$-274,$22,$913,$-228,$0,$0,$0,$0,$0,$43,$-185,$0,$0,$0,$0,$0,$-143,$3,$-140,$605,$0,$-143
27,2011-12-31,24.54,$18.70,1.31,$84.11,0.29,$8.38,2.93,$3.66,6.7,$11.44B,$5.02B,2.28,$3.98B,$10.65B,0.37,$48.18B,$5.45B,11.31%,$48.18B,$4.34B,9.00%,$48.18B,$4.34B,9.00%,$48.18B,$5.33B,11.06%,$48.18B,$3.53B,7.33%,$48.18B,$2.14B,4.43%,$2.14B,$10.65B,16.72%,$2.14B,$8.89B,19.68%,$2.14B,$22.84B,7.94%,$4.34B,$14.63B,23.95%,$10109,$9351,$758,$54,$235,$9640,$469,$-518,$-49,$-98,$49,$49,$-218,$757,$469,$568,572,$-0.37,$-0.30,$1118,$5499,$0,$11435,$7333,$2043,$1762,$266,$11404,$22839,$5018,$3980,$2277,$7174,$12192,$31,$841,$-427,$10647,$22839,$2140,$992,$-141,$851,$-89,$-732,$703,$-23,$-134,$2860,$-979,$0,$0,$0,$0,$0,$-42,$-1021,$-2063,$0,$-2063,$0,$0,$-2893,$1,$-4955,$-3157,$0,$-2893
28,2011-09-30,15.91,$24.75,0.64,$81.33,0.2,$7.76,2.05,$5.58,2.85,$16.72B,$5.18B,3.23,$5.78B,$14.08B,0.41,$46.47B,$5.85B,12.59%,$46.47B,$4.76B,10.25%,$46.47B,$4.76B,10.25%,$46.47B,$5.68B,12.23%,$46.47B,$3.97B,8.55%,$46.47B,$3.12B,6.71%,$3.12B,$14.08B,23.96%,$3.12B,$12.25B,28.23%,$3.12B,$28.27B,11.33%,$4.76B,$19.86B,25.26%,$12516,$10734,$1782,$53,$236,$11023,$1493,$-75,$1418,$506,$912,$912,$890,$1738,$1493,$570,575,$1.56,$1.51,$5901,$5682,$0,$16718,$7363,$2083,$1835,$264,$11549,$28267,$5178,$5782,$2021,$9007,$14185,$31,$3778,$79,$14082,$28267,$2358,$704,$423,$1127,$-282,$-864,$552,$-139,$-733,$2778,$-690,$0,$0,$0,$0,$0,$-281,$-971,$-260,$0,$-260,$37,$37,$-171,$-23,$-417,$1387,$0,$-171
29,2011-06-30,24.94,$24.01,1.04,$77.83,0.32,$5.57,4.48,$4.91,5.08,$16.51B,$5.98B,2.76,$5.81B,$13.63B,0.43,$44.26B,$5.30B,11.97%,$44.26B,$4.26B,9.62%,$44.26B,$4.26B,9.62%,$44.26B,$5.17B,11.67%,$44.26B,$3.28B,7.40%,$44.26B,$2.70B,6.10%,$2.70B,$13.63B,22.08%,$2.70B,$11.70B,26.76%,$2.70B,$28.48B,10.02%,$4.26B,$19.44B,23.23%,$13306,$11704,$1602,$56,$236,$11996,$1310,$-71,$1239,$388,$851,$851,$804,$1546,$1310,$566,575,$1.41,$1.38,$4937,$5577,$0,$16513,$7569,$2153,$1931,$290,$11962,$28475,$5979,$5813,$2110,$8870,$14849,$30,$2997,$586,$13626,$28475,$1463,$459,$84,$543,$-1002,$-619,$1140,$-96,$-577,$1247,$-412,$0,$0,$0,$0,$0,$-239,$-651,$-260,$0,$-260,$37,$37,$-57,$-19,$-299,$465,$0,$-57
30,2011-03-31,25.55,$22.43,1.14,$73.28,0.35,$3.85,6.64,$3.53,7.24,$15.97B,$6.36B,2.51,$5.81B,$12.71B,0.46,$41.44B,$4.70B,11.33%,$41.44B,$3.69B,8.91%,$41.44B,$3.69B,8.91%,$41.44B,$4.84B,11.68%,$41.44B,$9.58B,23.12%,$41.44B,$10.79B,26.04%,$10.79B,$12.71B,95.52%,$10.79B,$10.56B,119.65%,$10.79B,$27.95B,41.67%,$3.69B,$18.52B,20.94%,$12252,$10943,$1309,$33,$211,$11187,$1065,$-142,$923,$263,$660,$660,$659,$1288,$1065,$566,569,$1.16,$1.15,$4383,$5726,$0,$15973,$7440,$2096,$2151,$274,$11975,$27948,$6360,$5805,$2043,$8875,$15235,$30,$2250,$460,$12713,$27948,$660,$223,$-26,$197,$-897,$-799,$1264,$-86,$-516,$221,$-216,$0,$0,$0,$0,$0,$0,$-216,$0,$0,$0,$37,$37,$0,$-9,$28,$161,$0,$0
