,Date,Stock Price,Book Value per Share,Price to Book Ratio,TTM Sales per Share,Price to Sales Ratio,TTM FCF per Share,Price to FCF Ratio,TTM Net EPS,PE Ratio,Current Assets,Current Liabilities,Current Ratio,Long Term Debt,Shareholder's Equity_x,Debt to Equity Ratio,TTM Revenue_x,TTM Gross Profit,Gross Margin,TTM Revenue_y,TTM Operating Income,Operating Margin,TTM Revenue_x,TTM EBIT,EBIT Margin,TTM Revenue_y,TTM EBITDA,EBITDA Margin,TTM Revenue_x,TTM Pre-Tax Income,Pre-Tax Margin,TTM Revenue_y,TTM Net Income_x,Net Margin,TTM Net Income_y,Shareholder's Equity_y,Return on Equity,TTM Net Income_x,Tangible Equity,Return on Tangible Equity,TTM Net Income_y,Total Assets,Return on Assets,TTM Net Income,LT Investments & Debt,Return on Investment,revenue,cost-goods-sold,gross-profit,research-development-expenses,selling-general-administrative-expenses,operating-expenses,operating-income,total-non-operating-income-expense,pre-tax-income,total-provision-income-taxes,income-after-taxes,income-from-continuous-operations,net-income,ebitda,ebit,basic-shares-outstanding,shares-outstanding,eps-basic-net-earnings-per-share,eps-earnings-per-share-diluted,cash-on-hand,inventory,other-current-assets,total-current-assets,net-property-plant-equipment,long-term-investments,goodwill-intangible-assets-total,other-long-term-assets,total-long-term-assets,total-assets,total-current-liabilities,long-term-debt,other-non-current-liabilities,total-long-term-liabilities,total-liabilities,common-stock-net,retained-earnings-accumulated-deficit,comprehensive-income,total-share-holder-equity,total-liabilities-share-holders-equity,net-income-loss,total-depreciation-amortization-cash-flow,other-non-cash-items,total-non-cash-items,change-in-accounts-receivable,change-in-inventories,change-in-accounts-payable,change-in-assets-liabilities,total-change-in-assets-liabilities,cash-flow-from-operating-activities,net-change-in-property-plant-equipment,net-change-in-intangible-assets,net-acquisitions-divestitures,net-change-in-short-term-investments,net-change-in-long-term-investments,net-change-in-investments-total,investing-activities-other,cash-flow-from-investing-activities,net-long-term-debt,net-current-debt,debt-issuance-retirement-net-total,net-common-equity-issued-repurchased,net-total-equity-issued-repurchased,total-common-preferred-stock-dividends-paid,financial-activities-other,cash-flow-from-financial-activities,net-cash-flow,stock-based-compensation,common-stock-dividends-paid
0,2017-03-31,3.09,$0.00,0.0,$1.11,2.79,$0.89,3.47,$0.09,34.3,$851.01B,$611.56B,1.39,$114.99B,$62.07B,1.85,$21.64B,$21.64B,100.00%,$21.64B,$8.50B,39.27%,$21.64B,0,0.00%,$21.64B,0,0.00%,$21.64B,$14.19B,65.59%,$21.64B,$2.18B,10.06%,$2.18B,$62.07B,3.56%,$2.18B,$62.07B,3.63%,$2.18B,$1012.53B,0.21%,$8.50B,$177.06B,4.43%,$9540,$0,$9540,$0,$10287,$10287,$-747,$-131,$2049,$513,$1536,$1536,$1382,$0,$0,$19375,19375,$0.08,$0.08,$275647,$0,$0,$851008,$0,$109505,$0,$52020,$161525,$1012533,$611557,$114990,$223912,$338902,$950459,$54878,$0,$0,$62074,$1012533,$0,$0,$0,$0,$0,$0,$0,$0,$0,$0,$0,$0,$0,$0,$0,$0,$0,$0,$0,$0,$0,$0,$0,$0,$0,$0,$0,$0,$0
1,2016-03-31,3.43,$0.00,0.0,$0.91,3.76,$2.60,1.32,$0.03,114.29,$760.09B,$538.37B,1.41,$121.58B,$54.10B,2.25,$17.52B,$17.52B,100.00%,$17.52B,$14.66B,83.71%,$17.52B,0,0.00%,$17.52B,0,0.00%,$17.52B,$17.56B,100.26%,$17.52B,$0.74B,4.20%,$0.74B,$54.10B,1.15%,$0.74B,$54.10B,1.20%,$0.74B,$909.15B,0.07%,$14.66B,$175.67B,7.17%,$675,$0,$675,$0,$2853,$2853,$-2178,$-147,$721,$136,$586,$586,$447,$0,$0,$16924,16924,$0.03,$0.03,$223370,$0,$0,$760088,$0,$101769,$0,$47288,$149057,$909145,$538373,$121576,$195099,$316675,$855047,$47733,$0,$0,$54098,$909145,$0,$0,$0,$0,$0,$0,$0,$0,$0,$0,$0,$0,$0,$0,$0,$0,$0,$0,$0,$0,$0,$0,$0,$0,$0,$0,$0,$0,$0
2,2015-12-31,3.78,$0.00,0.0,$2.03,1.86,$2.60,1.45,$0.09,42.05,$755.01B,$542.13B,1.39,$117.00B,$52.17B,2.24,$38.91B,$35.49B,91.21%,$38.91B,$12.19B,31.34%,$38.91B,0,0.00%,$38.91B,0,0.00%,$38.91B,$18.68B,48.01%,$38.91B,$2.02B,5.19%,$2.02B,$52.17B,2.92%,$2.02B,$47.89B,3.03%,$2.02B,$895.75B,0.17%,$12.19B,$169.17B,5.58%,$4855,$0,$4855,$0,$0,$0,$4855,$0,$4855,$0,$4855,$-722,$-722,$0,$0,$17818,18085,$-0.04,$-0.04,$221691,$0,$0,$755008,$0,$96047,$4279,$26000,$126327,$895746,$542126,$117001,$184453,$301454,$843580,$7935,$4904,$0,$52167,$895746,$1825,$2345,$0,$2345,$0,$0,$0,$0,$25223,$18179,$-2088,$0,$-4526,$0,$0,$2938,$0,$-3675,$0,$0,$-3177,$0,$0,$-1188,$-2584,$-6949,$7557,$0,$0
3,2015-09-30,3.99,$0.00,0.0,$2.64,1.51,$2.51,1.59,$0.13,30.71,$1060.83B,$760.75B,1.39,$169.98B,$75.98B,2.24,$50.28B,$46.86B,93.19%,$50.28B,$23.56B,46.86%,$50.28B,0,0.00%,$50.28B,0,0.00%,$50.28B,$30.05B,59.76%,$50.28B,$2.86B,5.70%,$2.86B,$75.98B,3.73%,$2.86B,$75.98B,3.89%,$2.86B,$1267.86B,0.22%,$23.56B,$245.96B,9.86%,$6568,$0,$6568,$0,$0,$0,$6568,$0,$6568,$0,$6568,$1070,$1070,$0,$0,$21563,21563,$0.05,$0.05,$320088,$0,$0,$1060834,$0,$132971,$0,$74060,$207031,$1267864,$760747,$169981,$261159,$431140,$1191886,$67022,$0,$0,$75978,$1267864,$0,$0,$0,$0,$0,$0,$0,$0,$0,$0,$0,$0,$0,$0,$0,$0,$0,$0,$0,$0,$0,$0,$0,$0,$0,$0,$0,$0,$0
4,2015-06-30,4.67,$0.00,0.0,$3.22,1.45,$2.51,1.86,$0.13,35.93,$1060.89B,$762.71B,1.39,$153.80B,$73.58B,2.09,$59.49B,$56.07B,94.25%,$59.49B,$32.77B,55.09%,$59.49B,0,0.00%,$59.49B,0,0.00%,$59.49B,$39.26B,65.99%,$59.49B,$2.75B,4.62%,$2.75B,$73.58B,3.53%,$2.75B,$67.52B,3.68%,$2.75B,$1260.25B,0.20%,$32.77B,$227.38B,13.60%,$5418,$0,$5418,$0,$0,$0,$5418,$0,$5418,$0,$5418,$-60,$-60,$0,$0,$17837,18116,$-0.01,$-0.01,$331890,$0,$0,$1060893,$0,$132306,$6062,$48500,$186868,$1260250,$762705,$153796,$270170,$423965,$1186670,$10945,$8214,$0,$73580,$1260250,$1827,$0,$0,$0,$0,$0,$0,$0,$40730,$32654,$-1590,$0,$-6558,$0,$0,$3798,$0,$-4350,$0,$0,$-3167,$0,$0,$-819,$-2230,$-6217,$22084,$0,$0
5,2015-03-31,3.98,$0.00,0.0,$3.93,1.01,$0.80,5.0,$0.09,44.2,$1052.65B,$761.26B,1.38,$156.13B,$75.43B,2.07,$69.39B,$65.97B,95.07%,$69.39B,$42.67B,61.49%,$69.39B,0,0.00%,$69.39B,0,0.00%,$69.39B,$49.16B,70.84%,$69.39B,$1.99B,2.86%,$1.99B,$75.43B,2.53%,$1.99B,$75.43B,2.64%,$1.99B,$1287.59B,0.14%,$42.67B,$231.56B,17.28%,$22073,$3422,$18651,$0,$23298,$26720,$-4647,$0,$1841,$409,$1431,$1732,$1732,$0,$0,$19021,19021,$0.09,$0.09,$314574,$0,$0,$1052654,$0,$147730,$0,$87203,$234933,$1287587,$761255,$156134,$294772,$450906,$1212161,$66672,$0,$0,$75426,$1287587,$0,$0,$0,$0,$0,$0,$0,$0,$0,$0,$0,$0,$0,$0,$0,$0,$0,$0,$0,$0,$0,$0,$0,$0,$0,$0,$0,$0,$0
6,2014-12-31,3.95,$0.00,0.0,$3.72,1.06,$0.80,4.97,$0.11,35.93,$1174.20B,$858.97B,1.37,$168.56B,$82.25B,2.05,$64.32B,$64.32B,100.00%,$64.32B,$54.65B,84.96%,$64.32B,0,0.00%,$64.32B,0,0.00%,$64.32B,$49.59B,77.09%,$64.32B,$2.20B,3.41%,$2.20B,$82.25B,2.86%,$2.20B,$75.51B,3.00%,$2.20B,$1408.95B,0.16%,$54.65B,$250.81B,21.60%,$16219,$0,$16219,$0,$0,$0,$16219,$0,$16219,$0,$16219,$122,$122,$0,$0,$17456,18547,$0.00,$0.00,$335547,$0,$0,$1174197,$0,$162051,$6734,$52701,$221487,$1408954,$858965,$168559,$299185,$467744,$1326709,$11777,$9381,$0,$82245,$1408954,$2904,$3189,$0,$3189,$0,$0,$0,$0,$18327,$17063,$-2306,$0,$893,$0,$0,$-11314,$0,$-12727,$0,$0,$-3946,$0,$5,$0,$-3105,$-7046,$-2719,$0,$0
7,2014-09-30,4.29,$0.00,0.0,$3.57,1.2,$-1.50,0.0,0,0.0,$1194.41B,$873.46B,1.37,$174.73B,$0.00B,0.0,$60.46B,$38.83B,64.22%,$60.46B,$-20.51B,-33.93%,$60.46B,0,0.00%,$60.46B,0,0.00%,$60.46B,$2.09B,3.45%,$60.46B,$0.26B,0.42%,$0.26B,$79.71B,0.36%,$0.26B,$79.71B,0.38%,$0.26B,$1430.99B,0.02%,$-20.51B,$254.44B,-8.13%,$15783,$0,$15783,$0,$0,$0,$15783,$0,$15783,$0,$15783,$952,$952,$0,$0,$17875,17875,$0.05,$0.05,$335278,$0,$0,$1194414,$0,$144710,$0,$91862,$236572,$1430986,$873462,$174728,$303086,$477814,$1351276,$0,$0,$0,$79710,$1430986,$0,$0,$0,$0,$0,$0,$0,$0,$0,$0,$0,$0,$0,$0,$0,$0,$0,$0,$0,$0,$0,$0,$0,$0,$0,$0,$0,$0,$0
8,2014-06-30,4.38,$0.00,0.0,$3.77,1.16,$-1.50,0.0,$-0.17,0.0,$1247.33B,$922.31B,1.35,$174.03B,$77.21B,2.25,$64.30B,$42.67B,66.36%,$64.30B,$-16.67B,-25.93%,$64.30B,0,0.00%,$64.30B,0,0.00%,$64.30B,$5.93B,9.22%,$64.30B,$-2.81B,-4.36%,$-2.81B,$77.21B,-4.15%,$-2.81B,$70.13B,-4.37%,$-2.81B,$1420.35B,-0.20%,$-16.67B,$251.24B,-6.49%,$15317,$0,$15317,$0,$0,$0,$15317,$0,$15317,$0,$15317,$-818,$-818,$0,$0,$15094,15094,$-0.05,$-0.05,$381935,$0,$0,$1247334,$0,$92853,$7082,$59908,$159843,$1420351,$922308,$174029,$246802,$420831,$1343138,$12027,$6606,$0,$77213,$1420351,$0,$0,$0,$0,$0,$0,$0,$0,$0,$0,$0,$0,$0,$0,$0,$0,$0,$0,$0,$0,$0,$0,$0,$0,$0,$0,$0,$0,$0
9,2014-03-31,4.34,$0.00,0.0,$3.27,1.33,$-1.50,0.0,$-0.12,0.0,$1223.99B,$886.56B,1.38,$187.93B,$0.00B,0.0,$58.12B,$36.49B,62.78%,$58.12B,$-22.85B,-39.32%,$58.12B,0,0.00%,$58.12B,0,0.00%,$58.12B,$-0.26B,-0.44%,$58.12B,$-1.94B,-3.34%,$-1.94B,$67.80B,-2.98%,$-1.94B,$67.80B,-3.14%,$-1.94B,$1394.36B,-0.14%,$-22.85B,$255.73B,-8.63%,$17003,$0,$17003,$0,$9675,$9675,$7328,$0,$2266,$343,$1923,$1940,$1940,$0,$0,$17938,17938,$0.11,$0.11,$377564,$0,$0,$1223994,$0,$76219,$0,$94144,$170363,$1394357,$886557,$187926,$252070,$439997,$1326553,$0,$0,$0,$67804,$1394357,$0,$0,$0,$0,$0,$0,$0,$0,$0,$0,$0,$0,$0,$0,$0,$0,$0,$0,$0,$0,$0,$0,$0,$0,$0,$0,$0,$0,$0
10,2013-12-31,4.53,$0.00,0.0,$4.08,1.11,$-1.50,0.0,$-0.11,0.0,$1117.66B,$782.55B,1.43,$186.86B,$61.55B,3.04,$71.70B,$50.07B,69.83%,$71.70B,$-4.26B,-5.94%,$71.70B,0,0.00%,$71.70B,0,0.00%,$71.70B,$0.65B,0.91%,$71.70B,$-1.89B,-2.63%,$-1.89B,$61.55B,-2.90%,$-1.89B,$54.83B,-3.06%,$-1.89B,$1325.43B,-0.14%,$-4.26B,$248.41B,-1.55%,$12358,$21633,$-9275,$0,$46630,$71299,$-58941,$0,$-31281,$1128,$-32408,$-1818,$-1818,$0,$0,$17094,17094,$-0.11,$-0.11,$302953,$0,$0,$1117660,$0,$130379,$6721,$58827,$195927,$1325433,$782547,$186859,$294474,$481333,$1263880,$11181,$6397,$0,$61553,$1325433,$649,$3036,$0,$3036,$0,$0,$0,$0,$-42489,$-24303,$-1396,$0,$1080,$0,$0,$-24109,$0,$-24425,$0,$0,$-1474,$0,$548,$0,$-3874,$-4801,$-53612,$0,$0
11,2013-09-30,4.1,$0.00,0.0,$4.61,0.89,$0.22,18.3,$-0.03,0.0,$1179.67B,$820.97B,1.44,$208.43B,$0.00B,0.0,$82.64B,$82.64B,100.00%,$82.64B,$77.98B,94.36%,$82.64B,0,0.00%,$82.64B,0,0.00%,$82.64B,$55.23B,66.83%,$82.64B,$-0.66B,-0.80%,$-0.66B,$63.90B,-0.98%,$-0.66B,$63.90B,-1.04%,$-0.66B,$1349.06B,-0.05%,$77.98B,$272.33B,26.89%,$19624,$0,$19624,$0,$0,$0,$19624,$0,$19624,$0,$19624,$-2109,$-2109,$0,$0,$18111,18111,$-0.12,$-0.12,$367056,$0,$0,$1179668,$0,$66655,$0,$102737,$169392,$1349060,$820970,$208430,$255761,$464191,$1285161,$0,$0,$0,$63899,$1349060,$0,$0,$0,$0,$0,$0,$0,$0,$0,$0,$0,$0,$0,$0,$0,$0,$0,$0,$0,$0,$0,$0,$0,$0,$0,$0,$0,$0,$0
12,2013-06-30,3.27,$0.00,0.0,$4.78,0.68,$0.22,14.61,$0.06,54.52,$1207.92B,$810.90B,1.49,$215.96B,$67.11B,3.22,$86.76B,$86.76B,100.00%,$86.76B,$82.10B,94.63%,$86.76B,0,0.00%,$86.76B,0,0.00%,$86.76B,$59.35B,68.40%,$86.76B,$0.85B,0.98%,$0.85B,$67.11B,1.22%,$0.85B,$60.35B,1.29%,$0.85B,$1346.91B,0.06%,$82.10B,$283.07B,26.91%,$9136,$0,$9136,$0,$0,$0,$9136,$0,$9136,$0,$9136,$46,$46,$0,$0,$17668,17865,$0.00,$0.00,$378265,$0,$0,$1207916,$0,$63189,$6767,$57434,$127389,$1346908,$810897,$215962,$252937,$468899,$1279796,$10970,$11082,$0,$67112,$1346908,$0,$0,$0,$0,$0,$0,$0,$0,$0,$0,$0,$0,$0,$0,$0,$0,$0,$0,$0,$0,$0,$0,$0,$0,$0,$0,$0,$0,$0
13,2013-03-31,2.56,$0.00,0.0,$4.27,0.6,$0.22,11.41,$0.06,42.6,$1252.42B,$833.72B,1.5,$225.94B,$0.00B,0.0,$77.63B,$77.63B,100.00%,$77.63B,$72.97B,94.00%,$77.63B,0,0.00%,$77.63B,0,0.00%,$77.63B,$50.21B,64.68%,$77.63B,$0.81B,1.04%,$0.81B,$67.56B,1.13%,$0.81B,$67.56B,1.20%,$0.81B,$1394.49B,0.05%,$72.97B,$293.50B,22.37%,$30586,$0,$30586,$0,$4661,$4661,$25925,$0,$3170,$777,$2393,$1994,$1994,$0,$0,$17330,17330,$0.12,$0.12,$407163,$0,$0,$1252422,$0,$49731,$0,$92335,$142066,$1394488,$833720,$225942,$267269,$493211,$1326931,$0,$0,$0,$67556,$1394488,$0,$0,$0,$0,$0,$0,$0,$0,$0,$0,$0,$0,$0,$0,$0,$0,$0,$0,$0,$0,$0,$0,$0,$0,$0,$0,$0,$0,$0
14,2012-12-31,2.73,$0.00,0.0,$2.55,1.07,$0.22,12.18,$-0.06,0.0,$1239.84B,$796.49B,1.56,$240.08B,$70.83B,3.39,$47.86B,$41.30B,86.30%,$47.86B,$36.33B,75.91%,$47.86B,0,0.00%,$47.86B,0,0.00%,$47.86B,$47.49B,99.24%,$47.86B,$-1.19B,-2.48%,$-1.19B,$70.83B,-1.63%,$-1.19B,$63.21B,-1.72%,$-1.19B,$1465.51B,-0.08%,$36.33B,$310.91B,10.36%,$23296,$0,$23296,$0,$0,$0,$23296,$0,$23296,$0,$23296,$-593,$-593,$0,$0,$18700,18700,$-0.03,$-0.03,$373361,$0,$0,$1239843,$0,$156294,$7621,$50111,$214027,$1465507,$796492,$240081,$358106,$598187,$1394679,$11162,$11386,$0,$70829,$1465507,$-904,$3370,$0,$3370,$0,$0,$0,$0,$2619,$4833,$-647,$0,$41,$0,$0,$24750,$0,$24144,$0,$0,$-1053,$0,$269,$0,$-4137,$-4920,$24044,$0,$0
15,2012-09-30,2.12,$0.00,0.0,$1.31,1.62,0,0.0,$-0.03,0.0,$1056.71B,$881.82B,1.2,$260.34B,$0.00B,0.0,$24.56B,$18.01B,73.31%,$24.56B,$13.03B,53.06%,$24.56B,0,0.00%,$24.56B,0,0.00%,$24.56B,$24.20B,98.53%,$24.56B,$-0.59B,-2.41%,$-0.59B,$72.57B,-0.80%,$-0.59B,$72.57B,-0.85%,$-0.59B,$1494.91B,-0.04%,$13.03B,$332.91B,3.56%,$23746,$0,$23746,$0,$0,$0,$23746,$0,$23746,$0,$23746,$-596,$-596,$0,$0,$18850,18850,$-0.03,$-0.03,$225875,$0,$0,$1056705,$0,$294045,$0,$144158,$438203,$1494908,$881824,$260344,$280170,$540514,$1422338,$0,$0,$0,$72570,$1494908,$0,$0,$0,$0,$0,$0,$0,$0,$0,$0,$0,$0,$0,$0,$0,$0,$0,$0,$0,$0,$0,$0,$0,$0,$0,$0,$0,$0,$0
16,2012-06-30,1.64,$0.00,0.0,$0.05,34.5,0,0.0,0,0.0,$1045.56B,$802.48B,1.3,$293.39B,$73.84B,3.97,$6.01B,$-0.55B,-9.14%,$6.01B,$-9.68B,-161.12%,$6.01B,0,0.00%,$6.01B,0,0.00%,$6.01B,$1.49B,24.81%,$6.01B,$1.04B,17.33%,$1.04B,$73.84B,1.40%,$1.04B,$65.86B,1.48%,$1.04B,$1522.43B,0.07%,$-9.68B,$367.23B,-2.50%,$0,$0,$0,$0,$0,$0,$0,$0,$0,$0,$0,$0,$0,$0,$0,$0,0,$0.00,$0.00,$138708,$0,$0,$1045561,$0,$78376,$7983,$378400,$464758,$1522427,$802483,$293386,$352717,$646103,$1448585,$11152,$12550,$0,$73842,$1522427,$0,$0,$0,$0,$0,$0,$0,$0,$0,$0,$0,$0,$0,$0,$0,$0,$0,$0,$0,$0,$0,$0,$0,$0,$0,$0,$0,$0,$0
17,2012-03-31,1.81,$0.00,0.0,$0.05,38.09,0,0.0,0,0.0,$1032.49B,$848.95B,1.22,$317.76B,$0.00B,0.0,$6.01B,$-0.55B,-9.14%,$6.01B,$-9.68B,-161.12%,$6.01B,0,0.00%,$6.01B,0,0.00%,$6.01B,$1.49B,24.81%,$6.01B,$1.04B,17.33%,$1.04B,$73.51B,1.40%,$1.04B,$73.51B,1.49%,$1.04B,$1518.80B,0.07%,$-9.68B,$391.27B,-2.37%,$814,$6556,$-5741,$0,$4974,$11530,$-10715,$0,$452,$437,$16,$3,$3,$0,$0,$17180,17180,$0.00,$0.00,$122606,$0,$0,$1032494,$0,$72546,$0,$413756,$486301,$1518796,$848945,$317760,$278585,$596345,$1445290,$0,$0,$0,$73506,$1518796,$0,$0,$0,$0,$0,$0,$0,$0,$0,$0,$0,$0,$0,$0,$0,$0,$0,$0,$0,$0,$0,$0,$0,$0,$0,$0,$0,$0,$0
18,2011-12-31,1.34,$0.00,0.0,0,0.0,0,0.0,0,0.0,$1077.25B,$864.73B,1.25,$296.91B,$74.76B,3.97,$5.19B,$5.19B,100.00%,$5.19B,$1.04B,19.99%,$5.19B,0,0.00%,$5.19B,0,0.00%,$5.19B,$1.04B,19.99%,$5.19B,$1.04B,19.99%,$1.04B,$74.76B,1.40%,$1.04B,$66.39B,1.53%,$1.04B,$1557.14B,0.07%,$1.04B,$371.66B,0.25%,$0,$0,$0,$0,$0,$0,$0,$0,$0,$0,$0,$0,$0,$0,$0,$0,0,$0.00,$0.00,$97422,$0,$0,$1077252,$0,$83365,$8362,$375855,$467582,$1557144,$864731,$296909,$320748,$617657,$1482389,$11040,$13926,$0,$74755,$1557144,$-5683,$0,$0,$0,$0,$0,$0,$0,$39966,$31916,$-1413,$0,$457,$0,$0,$12078,$0,$11122,$0,$-1723,$-1723,$0,$0,$0,$-3478,$-5201,$37846,$0,$0
19,2011-09-30,1.78,$0.00,0.0,0,0.0,0,0.0,0,0.0,$1095.49B,$756.60B,1.45,$344.90B,$0.00B,0.0,$5.19B,$5.19B,100.00%,$5.19B,$1.04B,19.99%,$5.19B,0,0.00%,$5.19B,0,0.00%,$5.19B,$1.04B,19.99%,$5.19B,$1.04B,19.99%,$1.04B,$74.68B,1.42%,$1.04B,$74.68B,1.56%,$1.04B,$1586.34B,0.07%,$1.04B,$419.58B,0.24%,$5192,$0,$5192,$0,$4154,$4154,$1038,$0,$1038,$0,$1038,$1038,$1038,$0,$0,$0,0,$0.00,$0.00,$92816,$0,$0,$1095493,$0,$119806,$0,$371041,$490846,$1586339,$756599,$344899,$410165,$755064,$1511663,$0,$0,$0,$74676,$1586339,$0,$0,$0,$0,$0,$0,$0,$0,$0,$0,$0,$0,$0,$0,$0,$0,$0,$0,$0,$0,$0,$0,$0,$0,$0,$0,$0,$0,$0
20,2011-06-30,2.66,$0.00,0.0,0,0.0,0,0.0,0,0.0,$1120.82B,$750.16B,1.49,$377.31B,$74.33B,5.08,$0.00B,0,nan%,$0.00B,0,nan%,$0.00B,0,nan%,$0.00B,0,nan%,$0.00B,0,nan%,$0.00B,0,nan%,$0.00B,$74.33B,0.00%,$0.00B,$65.73B,0.00%,$0.00B,$1597.65B,0.00%,$0.00B,$451.64B,0.00%,$0,$0,$0,$0,$0,$0,$0,$0,$0,$0,$0,$0,$0,$0,$0,$0,0,$0.00,$0.00,$90152,$0,$0,$1120816,$0,$97865,$8606,$357512,$463982,$1597648,$750159,$377309,$395850,$773158,$1523317,$11230,$35067,$0,$74331,$1597648,$0,$0,$0,$0,$0,$0,$0,$0,$0,$0,$0,$0,$0,$0,$0,$0,$0,$0,$0,$0,$0,$0,$0,$0,$0,$0,$0,$0,$0
21,2010-12-31,3.5,$0.00,0.0,0,0.0,0,0.0,0,0.0,$1061.87B,$800.27B,1.33,$353.90B,$72.53B,4.88,$0.00B,0,nan%,$0.00B,0,nan%,$0.00B,0,nan%,$0.00B,0,nan%,$0.00B,0,nan%,$0.00B,0,nan%,$0.00B,$72.53B,0.00%,$0.00B,$64.00B,0.00%,$0.00B,$1533.27B,0.00%,$0.00B,$426.42B,0.00%,$0,$0,$0,$0,$0,$0,$0,$0,$0,$0,$0,$0,$0,$0,$0,$0,0,$0.00,$0.00,$58937,$0,$0,$1061873,$0,$79308,$8523,$361629,$449460,$1533271,$800271,$353896,$306580,$660476,$1460746,$10538,$17597,$0,$72525,$1533271,$435,$0,$0,$0,$0,$0,$0,$0,$-21375,$-3150,$-2879,$0,$549,$0,$0,$-1378,$0,$-3708,$0,$0,$0,$0,$0,$0,$875,$875,$-5242,$0,$0
22,2010-06-30,2.69,$0.00,0.0,0,0.0,0,0.0,0,0.0,$1131.43B,$852.06B,1.33,$332.45B,$71.10B,4.68,$0.00B,0,nan%,$0.00B,0,nan%,$0.00B,0,nan%,$0.00B,0,nan%,$0.00B,0,nan%,$0.00B,0,nan%,$0.00B,$71.10B,0.00%,$0.00B,$62.53B,0.00%,$0.00B,$1533.96B,0.00%,$0.00B,$403.56B,0.00%,$0,$0,$0,$0,$0,$0,$0,$0,$0,$0,$0,$0,$0,$0,$0,$0,0,$0.00,$0.00,$171498,$0,$0,$1131427,$0,$43460,$8570,$329654,$381685,$1533963,$852063,$332453,$278343,$610796,$1462860,$16264,$29215,$0,$71103,$1533963,$0,$0,$0,$0,$0,$0,$0,$0,$0,$0,$0,$0,$0,$0,$0,$0,$0,$0,$0,$0,$0,$0,$0,$0,$0,$0,$0,$0,$0
23,2009-12-31,2.79,$0.00,0.0,0,0.0,0,0.0,0,0.0,$1384.24B,$875.40B,1.58,$365.64B,$67.77B,5.4,$0.00B,0,nan%,$0.00B,0,nan%,$0.00B,0,nan%,$0.00B,0,nan%,$0.00B,0,nan%,$0.00B,0,nan%,$0.00B,$67.77B,0.00%,$0.00B,$58.21B,0.00%,$0.00B,$1608.58B,0.00%,$0.00B,$433.41B,0.00%,$0,$0,$0,$0,$0,$0,$0,$0,$0,$0,$0,$0,$0,$0,$0,$0,0,$0.00,$0.00,$295963,$0,$0,$1384235,$0,$81173,$9557,$119170,$209900,$1608579,$875396,$365641,$298475,$665414,$1540810,$16398,$17613,$0,$67769,$1608579,$1632,$0,$0,$0,$0,$0,$0,$0,$-68876,$-52826,$-877,$0,$26053,$0,$0,$54407,$0,$79584,$0,$0,$0,$0,$33719,$0,$-8583,$25136,$51565,$0,$0
24,2009-06-30,2.94,$0.00,0.0,0,0.0,0,0.0,0,0.0,$1301.42B,$947.76B,1.37,$373.91B,$51.74B,7.23,$0.00B,0,nan%,$0.00B,0,nan%,$0.00B,0,nan%,$0.00B,0,nan%,$0.00B,0,nan%,$0.00B,0,nan%,$0.00B,$51.74B,0.00%,$0.00B,$41.56B,0.00%,$0.00B,$1645.72B,0.00%,$0.00B,$425.65B,0.00%,$0,$0,$0,$0,$0,$0,$0,$0,$0,$0,$0,$0,$0,$0,$0,$0,0,$0.00,$0.00,$174260,$0,$0,$1301419,$0,$8163,$10177,$311897,$330236,$1645724,$947763,$373912,$269829,$646225,$1593988,$10542,$37638,$0,$51736,$1645724,$0,$0,$0,$0,$0,$0,$0,$0,$0,$0,$0,$0,$0,$0,$0,$0,$0,$0,$0,$0,$0,$0,$0,$0,$0,$0,$0,$0,$0
25,2008-12-31,3.33,$0.00,0.0,0,0.0,0,0.0,0,0.0,$672.34B,$453.95B,1.48,$140.44B,$17.42B,8.06,$0.00B,0,nan%,$0.00B,0,nan%,$0.00B,0,nan%,$0.00B,0,nan%,$0.00B,0,nan%,$0.00B,0,nan%,$0.00B,$17.42B,0.00%,$0.00B,$12.87B,0.00%,$0.00B,$808.84B,0.00%,$0.00B,$157.87B,0.00%,$0,$0,$0,$0,$0,$0,$0,$0,$0,$0,$0,$0,$0,$0,$0,$0,0,$0.00,$0.00,$146463,$0,$0,$672343,$0,$108217,$4550,$18231,$130998,$808841,$453945,$140442,$196463,$337473,$791417,$2807,$10729,$0,$17424,$808841,$0,$0,$0,$0,$0,$0,$0,$0,$0,$0,$0,$0,$0,$0,$0,$0,$0,$0,$0,$0,$0,$0,$0,$0,$0,$0,$0,$0,$0
26,2008-06-30,10.3,$0.00,0.0,0,0.0,0,0.0,0,0.0,$537.31B,$427.49B,1.26,$115.24B,$21.29B,5.41,$0.00B,0,nan%,$0.00B,0,nan%,$0.00B,0,nan%,$0.00B,0,nan%,$0.00B,0,nan%,$0.00B,0,nan%,$0.00B,$21.29B,0.00%,$0.00B,$12.14B,0.00%,$0.00B,$725.27B,0.00%,$0.00B,$136.53B,0.00%,$0,$0,$0,$0,$0,$0,$0,$0,$0,$0,$0,$0,$0,$0,$0,$0,0,$0.00,$0.00,$26681,$0,$0,$537311,$0,$0,$9152,$166533,$175686,$725266,$427494,$115238,$160683,$276480,$703974,$2842,$15697,$0,$21292,$725266,$0,$0,$0,$0,$0,$0,$0,$0,$0,$0,$0,$0,$0,$0,$0,$0,$0,$0,$0,$0,$0,$0,$0,$0,$0,$0,$0,$0,$0
27,2007-12-31,14.87,$0.00,0.0,0,0.0,0,0.0,0,0.0,$518.04B,$415.38B,1.25,$103.20B,$24.29B,4.25,$0.00B,0,nan%,$0.00B,0,nan%,$0.00B,0,nan%,$0.00B,0,nan%,$0.00B,0,nan%,$0.00B,0,nan%,$0.00B,$24.29B,0.00%,$0.00B,$14.84B,0.00%,$0.00B,$707.05B,0.00%,$0.00B,$127.49B,0.00%,$0,$0,$0,$0,$0,$0,$0,$0,$0,$0,$0,$0,$0,$0,$0,$0,0,$0.00,$0.00,$28476,$0,$0,$518039,$0,$0,$9455,$166423,$175878,$707045,$415380,$103196,$163608,$267372,$682751,$2865,$18831,$0,$24294,$707045,$8004,$0,$0,$0,$0,$0,$0,$0,$9123,$20978,$-704,$0,$2937,$0,$0,$0,$-4400,$-2167,$0,$0,$0,$0,$70,$-3916,$-2217,$-6063,$12912,$0,$0
