,Date,Stock Price,Book Value per Share,Price to Book Ratio,TTM Sales per Share,Price to Sales Ratio,TTM FCF per Share,Price to FCF Ratio,TTM Net EPS,PE Ratio,Current Assets,Current Liabilities,Current Ratio,Long Term Debt,Shareholder's Equity_x,Debt to Equity Ratio,TTM Revenue_x,TTM Gross Profit,Gross Margin,TTM Revenue_y,TTM Operating Income,Operating Margin,TTM Revenue_x,TTM EBIT,EBIT Margin,TTM Revenue_y,TTM EBITDA,EBITDA Margin,TTM Revenue_x,TTM Pre-Tax Income,Pre-Tax Margin,TTM Revenue_y,TTM Net Income_x,Net Margin,TTM Net Income_y,Shareholder's Equity_y,Return on Equity,TTM Net Income_x,Tangible Equity,Return on Tangible Equity,TTM Net Income_y,Total Assets,Return on Assets,TTM Net Income,LT Investments & Debt,Return on Investment,revenue,cost-goods-sold,gross-profit,research-development-expenses,selling-general-administrative-expenses,operating-expenses,operating-income,total-non-operating-income-expense,pre-tax-income,total-provision-income-taxes,income-after-taxes,income-from-continuous-operations,net-income,ebitda,ebit,basic-shares-outstanding,shares-outstanding,eps-basic-net-earnings-per-share,eps-earnings-per-share-diluted,cash-on-hand,inventory,other-current-assets,total-current-assets,net-property-plant-equipment,long-term-investments,goodwill-intangible-assets-total,other-long-term-assets,total-long-term-assets,total-assets,total-current-liabilities,long-term-debt,other-non-current-liabilities,total-long-term-liabilities,total-liabilities,common-stock-net,retained-earnings-accumulated-deficit,comprehensive-income,total-share-holder-equity,total-liabilities-share-holders-equity,net-income-loss,total-depreciation-amortization-cash-flow,other-non-cash-items,total-non-cash-items,change-in-accounts-receivable,change-in-inventories,change-in-accounts-payable,change-in-assets-liabilities,total-change-in-assets-liabilities,cash-flow-from-operating-activities,net-change-in-property-plant-equipment,net-change-in-intangible-assets,net-acquisitions-divestitures,net-change-in-short-term-investments,net-change-in-long-term-investments,net-change-in-investments-total,investing-activities-other,cash-flow-from-investing-activities,net-long-term-debt,net-current-debt,debt-issuance-retirement-net-total,net-common-equity-issued-repurchased,net-total-equity-issued-repurchased,total-common-preferred-stock-dividends-paid,financial-activities-other,cash-flow-from-financial-activities,net-cash-flow,stock-based-compensation,common-stock-dividends-paid
0,2018-09-30,4.6,$5.47,0.84,$13.00,0.35,$0.65,7.08,$-0.15,0.0,$0.12B,$0.05B,2.59,$0.05B,$0.14B,0.33,$0.34B,$0.09B,25.37%,$0.34B,$0.01B,2.06%,$0.34B,$0.01B,2.06%,$0.34B,$0.02B,4.72%,$0.34B,$0.00B,0.88%,$0.34B,$-0.00B,-0.59%,$-0.00B,$0.14B,-1.42%,$-0.00B,$0.08B,-2.68%,$-0.00B,$0.24B,-0.86%,$0.01B,$0.19B,3.72%,$85,$64,$21,$0,$18,$82,$3,$-1,$2,$1,$2,$2,$2,$6,$3,$26,26,$0.07,$0.07,$4,$50,$4,$118,$43,$0,$65,$9,$117,$236,$46,$46,$3,$49,$94,$125,$16,$0,$141,$236,$2,$3,$2,$4,$-4,$-4,$6,$1,$-4,$2,$-1,$0,$0,$0,$0,$0,$0,$-1,$1,$0,$1,$0,$0,$-1,$-0,$-1,$1,$1,$-1
1,2018-06-30,5.34,$5.43,0.98,$13.17,0.41,$0.53,10.17,$-0.76,0.0,$0.11B,$0.04B,2.61,$0.05B,$0.14B,0.33,$0.34B,$0.09B,26.10%,$0.34B,$-0.02B,-6.16%,$0.34B,$-0.02B,-6.16%,$0.34B,$0.02B,4.69%,$0.34B,$-0.02B,-7.04%,$0.34B,$-0.02B,-5.87%,$-0.02B,$0.14B,-14.11%,$-0.02B,$0.07B,-26.76%,$-0.02B,$0.23B,-8.56%,$-0.02B,$0.19B,-11.02%,$83,$63,$20,$0,$19,$86,$-2,$-0,$-3,$0,$-3,$-3,$-3,$0,$-2,$26,26,$-0.10,$-0.10,$3,$51,$4,$110,$44,$0,$66,$10,$119,$230,$42,$45,$3,$48,$90,$124,$15,$0,$139,$230,$-20,$38,$2,$40,$-2,$-4,$-2,$0,$-9,$12,$-2,$0,$0,$0,$0,$0,$0,$-2,$-4,$0,$-4,$0,$0,$-5,$-0,$-9,$0,$3,$-5
2,2018-03-31,8.04,$5.54,1.45,$13.15,0.61,$0.83,9.64,$-0.63,0.0,$0.11B,$0.04B,2.69,$0.05B,$0.14B,0.32,$0.34B,$0.09B,26.39%,$0.34B,$-0.02B,-5.57%,$0.34B,$-0.02B,-5.57%,$0.34B,$0.02B,5.57%,$0.34B,$-0.02B,-6.16%,$0.34B,$-0.02B,-4.69%,$-0.02B,$0.14B,-10.88%,$-0.02B,$0.08B,-22.15%,$-0.02B,$0.23B,-6.65%,$-0.02B,$0.19B,-9.66%,$79,$59,$20,$0,$19,$78,$1,$-0,$0,$0,$0,$0,$0,$3,$1,$26,26,$0.01,$0.01,$2,$52,$3,$107,$44,$0,$67,$11,$121,$228,$40,$45,$1,$47,$87,$123,$19,$0,$142,$228,$-17,$36,$-2,$33,$-1,$-3,$-3,$1,$-10,$7,$-1,$0,$0,$0,$0,$0,$0,$-1,$-4,$0,$-4,$1,$1,$-4,$0,$-7,$-1,$2,$-4
3,2017-12-31,6.78,$5.57,1.22,$13.24,0.51,$1.09,6.23,$-0.66,0.0,$0.12B,$0.04B,2.71,$0.05B,$0.14B,0.37,$0.34B,$0.09B,25.88%,$0.34B,$-0.02B,-6.18%,$0.34B,$-0.02B,-6.18%,$0.34B,$0.02B,5.29%,$0.34B,$-0.02B,-6.47%,$0.34B,$-0.02B,-5.00%,$-0.02B,$0.14B,-11.22%,$-0.02B,$0.08B,-24.64%,$-0.02B,$0.24B,-6.87%,$-0.02B,$0.19B,-10.31%,$92,$67,$25,$0,$21,$88,$5,$-0,$4,$6,$-1,$-1,$-1,$7,$5,$26,26,$-0.06,$-0.06,$3,$49,$4,$115,$45,$0,$67,$11,$123,$238,$43,$52,$1,$54,$96,$122,$20,$0,$142,$238,$-17,$33,$-3,$30,$-11,$0,$-3,$-0,$-13,$-1,$0,$0,$0,$0,$0,$0,$0,$0,$2,$0,$2,$1,$1,$-3,$0,$1,$0,$2,$-3
4,2017-09-30,6.46,$5.65,1.14,$12.99,0.5,$1.18,5.48,$-0.52,0.0,$0.11B,$0.04B,2.64,$0.05B,$0.14B,0.36,$0.33B,$0.08B,25.15%,$0.33B,$-0.02B,-6.89%,$0.33B,$-0.02B,-6.89%,$0.33B,$0.02B,4.79%,$0.33B,$-0.02B,-6.89%,$0.33B,$-0.01B,-4.19%,$-0.01B,$0.14B,-9.00%,$-0.01B,$0.08B,-16.33%,$-0.01B,$0.24B,-5.91%,$-0.02B,$0.20B,-11.81%,$87,$64,$24,$0,$21,$112,$-25,$-0,$-25,$-10,$-16,$-16,$-16,$6,$-25,$26,26,$-0.61,$-0.61,$2,$49,$3,$109,$46,$0,$68,$16,$130,$239,$41,$52,$2,$53,$95,$121,$23,$0,$144,$239,$-16,$31,$-9,$21,$-5,$1,$-2,$0,$-8,$-3,$1,$0,$0,$0,$0,$0,$0,$1,$2,$0,$2,$0,$0,$-1,$-0,$1,$-1,$1,$-1
5,2017-06-30,8.77,$6.30,1.39,$12.85,0.68,$1.18,7.42,$0.12,73.1,$0.11B,$0.05B,2.36,$0.05B,$0.16B,0.31,$0.33B,$0.08B,24.47%,$0.33B,$0.00B,0.91%,$0.33B,$0.00B,0.91%,$0.33B,$0.01B,3.93%,$0.33B,$0.00B,0.91%,$0.33B,$0.00B,0.91%,$0.00B,$0.16B,1.89%,$0.00B,$0.06B,2.94%,$0.00B,$0.26B,1.33%,$0.00B,$0.21B,1.62%,$83,$62,$21,$0,$21,$83,$0,$-0,$0,$-1,$1,$1,$1,$3,$0,$25,26,$0.03,$0.03,$3,$50,$4,$107,$47,$0,$97,$5,$150,$257,$45,$50,$1,$51,$97,$120,$40,$0,$160,$257,$3,$9,$5,$13,$5,$1,$2,$0,$5,$21,$-4,$0,$-95,$0,$0,$0,$0,$-99,$49,$0,$49,$2,$2,$-5,$0,$47,$-31,$3,$-5
6,2017-03-31,9.73,$6.29,1.55,$12.80,0.76,$0.81,11.97,$0.15,64.84,$0.11B,$0.04B,2.68,$0.06B,$0.16B,0.34,$0.33B,$0.08B,24.32%,$0.33B,$0.01B,1.52%,$0.33B,$0.01B,1.52%,$0.33B,$0.01B,4.26%,$0.33B,$0.01B,1.52%,$0.33B,$0.00B,0.91%,$0.00B,$0.16B,1.90%,$0.00B,$0.06B,2.48%,$0.00B,$0.26B,1.43%,$0.01B,$0.22B,2.92%,$78,$60,$18,$0,$19,$79,$-1,$-0,$-1,$-0,$-1,$-1,$-1,$2,$-1,$25,25,$-0.02,$-0.02,$4,$48,$5,$107,$46,$0,$97,$6,$149,$256,$40,$55,$1,$56,$96,$119,$40,$0,$160,$256,$2,$6,$2,$8,$5,$3,$-1,$0,$2,$13,$-0,$0,$-95,$0,$0,$0,$0,$-96,$55,$0,$55,$2,$2,$-4,$0,$53,$-29,$3,$-4
7,2016-12-31,9.34,$6.31,1.48,$12.48,0.75,$0.59,15.89,$0.19,49.16,$0.13B,$0.04B,3.55,$0.00B,$0.16B,0.0,$0.32B,$0.08B,24.53%,$0.32B,$0.01B,2.17%,$0.32B,$0.01B,2.17%,$0.32B,$0.01B,4.35%,$0.32B,$0.01B,2.17%,$0.32B,$0.01B,1.55%,$0.01B,$0.16B,3.20%,$0.01B,$0.14B,3.57%,$0.01B,$0.20B,2.58%,$0.01B,$0.16B,4.48%,$86,$64,$21,$0,$19,$83,$3,$0,$3,$1,$2,$2,$2,$5,$3,$25,26,$0.08,$0.08,$33,$42,$6,$131,$43,$0,$16,$5,$65,$196,$37,$0,$1,$1,$38,$116,$42,$0,$158,$196,$3,$4,$3,$6,$-3,$1,$-0,$0,$-4,$5,$-3,$0,$0,$0,$0,$0,$0,$-3,$0,$0,$0,$-0,$-0,$-3,$0,$-3,$-1,$2,$-3
8,2016-09-30,10.71,$6.28,1.71,$12.46,0.86,$0.60,17.92,$0.26,41.17,$0.12B,$0.04B,3.56,$0.00B,$0.16B,0.0,$0.32B,$0.08B,25.55%,$0.32B,$0.01B,2.80%,$0.32B,$0.01B,2.80%,$0.32B,$0.02B,4.98%,$0.32B,$0.01B,2.80%,$0.32B,$0.01B,2.18%,$0.01B,$0.16B,4.52%,$0.01B,$0.14B,5.05%,$0.01B,$0.19B,3.65%,$0.01B,$0.16B,5.81%,$84,$63,$21,$0,$20,$83,$1,$0,$1,$0,$1,$1,$1,$3,$1,$25,26,$0.03,$0.03,$31,$44,$3,$124,$48,$0,$16,$5,$69,$193,$35,$0,$1,$1,$36,$115,$41,$0,$157,$193,$1,$2,$2,$4,$1,$-0,$0,$0,$-5,$0,$-2,$0,$0,$0,$0,$0,$0,$-2,$0,$0,$0,$-0,$-0,$-1,$0,$-2,$-3,$2,$-1
9,2016-06-30,10.5,$6.23,1.69,$12.63,0.83,$0.72,14.52,$0.38,27.63,$0.13B,$0.04B,3.26,$0.00B,$0.16B,0.0,$0.32B,$0.08B,26.01%,$0.32B,$0.01B,4.33%,$0.32B,$0.01B,4.33%,$0.32B,$0.02B,6.19%,$0.32B,$0.01B,4.33%,$0.32B,$0.01B,3.10%,$0.01B,$0.16B,6.54%,$0.01B,$0.14B,7.31%,$0.01B,$0.20B,5.25%,$0.01B,$0.16B,9.15%,$81,$61,$20,$0,$18,$79,$2,$0,$2,$1,$1,$1,$1,$4,$2,$25,26,$0.06,$0.05,$34,$44,$3,$128,$47,$0,$16,$4,$68,$196,$39,$0,$1,$1,$40,$114,$42,$0,$156,$196,$9,$7,$4,$11,$-3,$-3,$-1,$-0,$-2,$18,$-10,$0,$0,$0,$0,$0,$0,$-10,$0,$0,$0,$4,$4,$-4,$0,$-1,$7,$3,$-4
10,2016-03-31,11.1,$6.20,1.79,$12.56,0.88,$1.11,10.02,$0.39,28.47,$0.13B,$0.03B,3.74,$0.00B,$0.15B,0.0,$0.32B,$0.08B,26.10%,$0.32B,$0.01B,4.40%,$0.32B,$0.01B,4.40%,$0.32B,$0.02B,6.29%,$0.32B,$0.01B,4.40%,$0.32B,$0.01B,3.46%,$0.01B,$0.15B,7.35%,$0.01B,$0.14B,8.24%,$0.01B,$0.19B,5.89%,$0.01B,$0.15B,9.35%,$71,$54,$17,$0,$16,$70,$1,$0,$1,$0,$1,$1,$1,$2,$1,$25,26,$0.02,$0.02,$34,$46,$7,$125,$47,$0,$16,$2,$65,$190,$33,$0,$2,$2,$36,$113,$42,$0,$154,$190,$8,$5,$4,$9,$6,$-4,$-3,$-0,$-2,$15,$-8,$0,$0,$0,$0,$0,$0,$-8,$0,$0,$0,$3,$3,$-3,$0,$0,$7,$3,$-3
11,2015-12-31,11.46,$6.21,1.85,$12.59,0.91,$1.63,7.05,$0.39,29.39,$0.13B,$0.03B,3.91,$0.00B,$0.15B,0.0,$0.32B,$0.08B,25.95%,$0.32B,$0.01B,4.43%,$0.32B,$0.01B,4.43%,$0.32B,$0.02B,6.33%,$0.32B,$0.01B,4.43%,$0.32B,$0.01B,3.16%,$0.01B,$0.15B,6.83%,$0.01B,$0.14B,7.68%,$0.01B,$0.19B,5.47%,$0.01B,$0.15B,9.56%,$85,$61,$24,$0,$19,$79,$5,$0,$5,$2,$4,$4,$4,$7,$5,$25,26,$0.15,$0.15,$29,$46,$7,$126,$44,$0,$16,$2,$62,$188,$32,$0,$2,$2,$34,$111,$42,$0,$153,$188,$8,$3,$2,$5,$0,$-3,$-6,$0,$-7,$5,$-3,$0,$0,$0,$0,$0,$0,$-3,$0,$0,$0,$2,$2,$-2,$0,$0,$2,$2,$-2
12,2015-09-30,7.91,$6.07,1.3,$12.74,0.62,$1.92,4.11,$0.30,26.35,$0.13B,$0.04B,3.41,$0.00B,$0.15B,0.0,$0.32B,$0.08B,25.00%,$0.32B,$0.01B,3.48%,$0.32B,$0.01B,3.48%,$0.32B,$0.02B,5.38%,$0.32B,$0.01B,3.48%,$0.32B,$0.01B,2.53%,$0.01B,$0.15B,5.57%,$0.01B,$0.13B,6.30%,$0.01B,$0.19B,4.46%,$0.01B,$0.15B,7.67%,$86,$63,$23,$0,$18,$80,$6,$0,$6,$2,$4,$4,$4,$7,$6,$25,25,$0.15,$0.15,$28,$45,$7,$127,$44,$0,$16,$2,$62,$188,$37,$0,$2,$2,$39,$109,$40,$0,$149,$188,$4,$2,$2,$3,$-3,$-2,$0,$0,$-4,$3,$-1,$0,$0,$0,$0,$0,$0,$-1,$0,$0,$0,$-0,$-0,$-1,$1,$0,$2,$2,$-1
13,2015-06-30,8.72,$5.86,1.49,$12.53,0.7,$1.85,4.71,$0.21,41.53,$0.12B,$0.04B,3.19,$0.00B,$0.14B,0.0,$0.31B,$0.08B,24.35%,$0.31B,$0.01B,2.60%,$0.31B,$0.01B,2.60%,$0.31B,$0.01B,4.55%,$0.31B,$0.01B,2.60%,$0.31B,$0.01B,1.95%,$0.01B,$0.14B,4.26%,$0.01B,$0.13B,4.83%,$0.01B,$0.18B,3.44%,$0.01B,$0.14B,5.67%,$76,$57,$19,$0,$17,$74,$2,$-0,$2,$1,$2,$2,$2,$4,$2,$24,25,$0.07,$0.07,$26,$43,$0,$118,$43,$0,$17,$3,$63,$181,$37,$0,$1,$1,$38,$106,$37,$0,$143,$181,$5,$6,$2,$9,$-2,$0,$1,$-0,$7,$21,$-4,$0,$1,$0,$0,$0,$0,$-2,$0,$0,$0,$2,$2,$-3,$0,$-1,$17,$1,$-3
14,2015-03-31,7.58,$5.84,1.3,$12.45,0.61,$1.42,5.34,$0.11,68.95,$0.11B,$0.03B,3.6,$0.00B,$0.14B,0.0,$0.31B,$0.07B,23.53%,$0.31B,$0.01B,1.63%,$0.31B,$0.01B,1.63%,$0.31B,$0.01B,3.59%,$0.31B,$0.01B,1.63%,$0.31B,$0.00B,0.98%,$0.00B,$0.14B,2.15%,$0.00B,$0.13B,2.44%,$0.00B,$0.17B,1.75%,$0.01B,$0.14B,3.58%,$69,$52,$16,$0,$16,$68,$1,$-0,$1,$0,$0,$0,$0,$2,$1,$25,25,$0.02,$0.02,$28,$43,$6,$112,$43,$0,$17,$2,$62,$174,$31,$0,$2,$2,$33,$106,$36,$0,$141,$174,$4,$5,$1,$6,$7,$2,$-2,$-1,$12,$22,$-2,$0,$1,$0,$0,$0,$0,$-1,$0,$0,$0,$0,$0,$-2,$0,$-2,$19,$1,$-2
15,2014-12-31,6.3,$5.84,1.08,$12.49,0.5,$0.91,6.96,$0.05,126.05,$0.11B,$0.03B,3.61,$0.00B,$0.14B,0.0,$0.31B,$0.07B,22.88%,$0.31B,$0.00B,0.98%,$0.31B,$0.00B,0.98%,$0.31B,$0.01B,3.27%,$0.31B,$0.00B,0.98%,$0.31B,$0.00B,0.65%,$0.00B,$0.14B,1.43%,$0.00B,$0.12B,1.64%,$0.00B,$0.17B,1.17%,$0.00B,$0.14B,2.15%,$85,$64,$21,$0,$18,$82,$2,$-0,$2,$1,$2,$2,$2,$4,$2,$24,25,$0.06,$0.06,$18,$42,$7,$111,$44,$0,$17,$2,$63,$174,$31,$0,$2,$2,$33,$105,$36,$0,$141,$174,$3,$3,$1,$5,$-2,$3,$-1,$-0,$3,$11,$-1,$0,$1,$0,$0,$0,$0,$0,$0,$0,$0,$-0,$-0,$-2,$0,$-2,$9,$1,$-2
16,2014-09-30,5.63,$5.75,0.98,$12.13,0.46,$0.77,7.34,$0.03,187.53,$0.11B,$0.03B,3.8,$0.00B,$0.14B,0.0,$0.30B,$0.07B,22.22%,$0.30B,$0.00B,1.01%,$0.30B,$0.00B,1.01%,$0.30B,$0.01B,3.03%,$0.30B,$0.00B,0.67%,$0.30B,$0.00B,0.34%,$0.00B,$0.14B,0.71%,$0.00B,$0.12B,0.82%,$0.00B,$0.17B,0.59%,$0.00B,$0.14B,2.14%,$78,$60,$19,$0,$16,$76,$3,$-0,$3,$1,$2,$2,$2,$4,$3,$24,25,$0.06,$0.06,$9,$45,$7,$106,$44,$0,$17,$2,$62,$169,$28,$0,$2,$2,$30,$104,$34,$0,$139,$169,$2,$2,$1,$2,$-3,$-1,$-0,$-0,$-4,$-0,$-0,$0,$1,$0,$0,$0,$0,$1,$0,$0,$0,$-0,$-0,$-1,$0,$-2,$-0,$0,$-1
17,2014-06-30,7.33,$5.74,1.28,$12.21,0.6,$0.90,8.19,$0.05,146.64,$0.11B,$0.03B,3.62,$0.00B,$0.14B,0.0,$0.30B,$0.07B,22.07%,$0.30B,$0.00B,1.00%,$0.30B,$0.00B,1.00%,$0.30B,$0.01B,3.01%,$0.30B,$0.00B,0.67%,$0.30B,$0.00B,0.33%,$0.00B,$0.14B,0.71%,$0.00B,$0.12B,0.81%,$0.00B,$0.17B,0.59%,$0.00B,$0.14B,2.13%,$74,$58,$16,$0,$16,$75,$-1,$-0,$-1,$-0,$-1,$-1,$-1,$1,$-1,$24,25,$-0.04,$-0.04,$9,$45,$7,$106,$44,$0,$18,$2,$64,$170,$29,$0,$2,$2,$31,$104,$34,$0,$138,$170,$1,$7,$2,$9,$3,$-3,$1,$1,$1,$12,$-5,$0,$0,$0,$0,$0,$0,$-5,$0,$0,$0,$0,$0,$-6,$0,$-6,$1,$1,$-6
18,2014-03-31,7.46,$5.82,1.28,$12.04,0.62,$0.68,10.95,$0.11,67.85,$0.10B,$0.03B,3.9,$0.00B,$0.14B,0.0,$0.29B,$0.07B,22.11%,$0.29B,$0.01B,1.70%,$0.29B,$0.01B,1.70%,$0.29B,$0.01B,3.74%,$0.29B,$0.00B,1.36%,$0.29B,$0.00B,1.02%,$0.00B,$0.14B,2.11%,$0.00B,$0.12B,2.43%,$0.00B,$0.17B,1.76%,$0.01B,$0.14B,3.52%,$69,$55,$14,$0,$15,$70,$-1,$-0,$-1,$0,$-1,$-1,$-1,$1,$-1,$24,24,$-0.04,$-0.04,$10,$47,$6,$102,$45,$0,$19,$2,$66,$168,$26,$0,$1,$1,$27,$104,$37,$0,$140,$168,$2,$5,$1,$6,$8,$-4,$-1,$1,$3,$11,$-4,$0,$0,$0,$0,$0,$0,$-4,$0,$0,$0,$0,$0,$-4,$0,$-4,$2,$1,$-4
19,2013-12-31,7.85,$5.92,1.33,$11.92,0.66,$0.65,11.99,$0.14,56.04,$0.11B,$0.03B,3.73,$0.00B,$0.14B,0.0,$0.29B,$0.07B,22.34%,$0.29B,$0.01B,1.72%,$0.29B,$0.01B,1.72%,$0.29B,$0.01B,4.12%,$0.29B,$0.00B,1.37%,$0.29B,$0.00B,1.37%,$0.00B,$0.14B,2.81%,$0.00B,$0.12B,3.25%,$0.00B,$0.17B,2.35%,$0.01B,$0.14B,3.51%,$76,$59,$17,$0,$15,$75,$2,$-0,$1,$1,$1,$1,$1,$3,$2,$24,25,$0.04,$0.04,$11,$47,$6,$106,$46,$0,$19,$2,$66,$172,$28,$0,$1,$1,$29,$103,$39,$0,$143,$172,$3,$3,$1,$4,$5,$-5,$0,$2,$2,$9,$-3,$0,$0,$0,$0,$0,$0,$-3,$0,$0,$0,$0,$0,$-3,$0,$-3,$3,$1,$-3
20,2013-09-30,7.59,$5.94,1.28,$11.74,0.65,$0.69,11.06,0,0.0,$0.11B,$0.03B,3.76,$0.00B,$0.14B,0.0,$0.29B,$0.06B,21.68%,$0.29B,0,0.00%,$0.29B,0,0.00%,$0.29B,$0.01B,3.50%,$0.29B,0,0.00%,$0.29B,$0.00B,0.35%,$0.00B,$0.14B,0.70%,$0.00B,$0.12B,0.81%,$0.00B,$0.17B,0.59%,$0.00B,$0.14B,0.00%,$80,$61,$19,$0,$16,$78,$3,$-0,$3,$1,$2,$2,$2,$4,$3,$24,24,$0.08,$0.08,$9,$43,$6,$106,$45,$0,$19,$2,$67,$172,$28,$0,$1,$1,$29,$103,$40,$0,$143,$172,$2,$1,$1,$2,$-1,$-1,$1,$1,$0,$4,$-1,$0,$0,$0,$0,$0,$0,$-1,$0,$0,$0,$-0,$-0,$-1,$0,$-2,$1,$1,$-1
21,2013-06-30,7.21,$5.89,1.22,$11.52,0.63,$0.65,11.02,$-0.00,0.0,$0.10B,$0.03B,3.93,$0.00B,$0.14B,0.0,$0.28B,$0.06B,21.71%,$0.28B,0,0.00%,$0.28B,0,0.00%,$0.28B,$0.01B,3.91%,$0.28B,0,0.00%,$0.28B,$0.00B,0.36%,$0.00B,$0.14B,0.69%,$0.00B,$0.12B,0.81%,$0.00B,$0.17B,0.58%,$0.00B,$0.14B,0.00%,$69,$54,$15,$0,$14,$68,$1,$0,$1,$0,$1,$1,$1,$3,$1,$24,24,$0.02,$0.02,$8,$42,$5,$103,$45,$0,$19,$2,$66,$169,$26,$0,$1,$1,$27,$102,$39,$0,$142,$169,$-0,$10,$1,$10,$-2,$-1,$1,$-0,$-1,$9,$-8,$0,$0,$0,$0,$0,$0,$-8,$0,$0,$0,$0,$0,$-9,$0,$-9,$-7,$1,$-9
22,2013-03-31,6.17,$5.91,1.04,$11.61,0.53,$1.46,4.23,$0.03,205.6,$0.10B,$0.02B,4.21,$0.00B,$0.14B,0.0,$0.28B,$0.06B,22.26%,$0.28B,$0.00B,0.71%,$0.28B,$0.00B,0.71%,$0.28B,$0.01B,4.59%,$0.28B,$0.00B,0.71%,$0.28B,$0.00B,0.71%,$0.00B,$0.14B,1.37%,$0.00B,$0.12B,1.61%,$0.00B,$0.17B,1.16%,$0.00B,$0.14B,1.37%,$66,$52,$14,$0,$14,$67,$-1,$-0,$-1,$-0,$-0,$-0,$-0,$2,$-1,$24,24,$-0.01,$-0.01,$14,$41,$6,$102,$45,$0,$20,$2,$66,$168,$24,$0,$2,$2,$26,$102,$40,$0,$142,$168,$-1,$8,$0,$8,$6,$-0,$-0,$-0,$4,$12,$-6,$0,$0,$0,$0,$0,$0,$-6,$0,$0,$0,$-0,$-0,$-7,$0,$-7,$-1,$1,$-7
23,2012-12-31,6.19,$5.85,1.06,$11.49,0.54,$2.15,2.88,$0.02,309.72,$0.10B,$0.02B,4.36,$0.00B,$0.14B,0.0,$0.28B,$0.06B,22.14%,$0.28B,$0.00B,1.07%,$0.28B,$0.00B,1.07%,$0.28B,$0.01B,4.64%,$0.28B,$0.00B,1.07%,$0.28B,$0.00B,0.71%,$0.00B,$0.14B,1.36%,$0.00B,$0.12B,1.60%,$0.00B,$0.17B,1.15%,$0.00B,$0.14B,2.03%,$71,$57,$14,$0,$14,$74,$-3,$0,$-3,$-0,$-2,$-2,$-2,$1,$-3,$24,24,$-0.10,$-0.10,$14,$43,$6,$102,$43,$0,$21,$2,$66,$168,$23,$0,$2,$2,$26,$102,$40,$0,$142,$168,$-1,$6,$1,$7,$7,$-2,$0,$-0,$3,$10,$-3,$0,$0,$0,$0,$0,$0,$-3,$0,$0,$0,$-0,$-0,$-7,$0,$-7,$-1,$1,$-7
24,2012-09-30,5.76,$6.25,0.92,$11.40,0.5,$2.63,2.19,$0.15,38.37,$0.11B,$0.03B,4.18,$0.00B,$0.15B,0.0,$0.28B,$0.06B,22.66%,$0.28B,$0.01B,2.52%,$0.28B,$0.01B,2.52%,$0.28B,$0.02B,5.40%,$0.28B,$0.01B,2.52%,$0.28B,$0.01B,1.80%,$0.01B,$0.15B,3.34%,$0.01B,$0.13B,3.95%,$0.01B,$0.18B,2.85%,$0.01B,$0.15B,4.67%,$75,$57,$18,$0,$15,$72,$3,$-0,$3,$1,$2,$2,$2,$5,$3,$24,24,$0.08,$0.08,$16,$44,$6,$111,$43,$0,$23,$2,$68,$180,$27,$0,$3,$3,$29,$102,$48,$0,$150,$180,$2,$2,$1,$2,$-1,$-3,$2,$0,$-1,$3,$-1,$0,$0,$0,$0,$0,$0,$-1,$0,$0,$0,$-0,$-0,$-1,$0,$-2,$1,$1,$-1
25,2012-06-30,6.02,$6.21,0.97,$11.02,0.55,$2.89,2.09,$0.12,50.19,$0.11B,$0.02B,4.65,$0.00B,$0.15B,0.0,$0.27B,$0.06B,22.39%,$0.27B,$0.01B,2.24%,$0.27B,$0.01B,2.24%,$0.27B,$0.01B,5.22%,$0.27B,$0.01B,2.24%,$0.27B,$0.00B,1.49%,$0.00B,$0.15B,2.67%,$0.00B,$0.13B,3.15%,$0.00B,$0.18B,2.30%,$0.01B,$0.15B,4.00%,$71,$55,$17,$0,$14,$68,$3,$-0,$3,$1,$2,$2,$2,$5,$3,$24,24,$0.07,$0.07,$15,$41,$5,$107,$43,$0,$24,$2,$69,$175,$23,$0,$3,$3,$26,$101,$48,$0,$149,$175,$3,$8,$1,$9,$0,$9,$2,$0,$12,$24,$-3,$0,$-3,$0,$0,$0,$0,$-6,$-1,$0,$-1,$-0,$-0,$-6,$0,$-7,$11,$0,$-6
26,2012-03-31,6.14,$6.21,0.99,$11.15,0.55,$1.68,3.66,$0.12,51.18,$0.10B,$0.02B,4.87,$0.00B,$0.15B,0.0,$0.27B,$0.06B,22.14%,$0.27B,$0.01B,2.21%,$0.27B,$0.01B,2.21%,$0.27B,$0.01B,5.17%,$0.27B,$0.01B,1.85%,$0.27B,$0.00B,1.11%,$0.00B,$0.15B,1.99%,$0.00B,$0.13B,2.35%,$0.00B,$0.17B,1.72%,$0.01B,$0.15B,3.99%,$63,$50,$13,$0,$13,$63,$0,$-0,$0,$0,$-0,$-0,$-0,$2,$0,$24,24,$-0.02,$-0.02,$19,$42,$5,$103,$43,$0,$24,$3,$70,$173,$21,$0,$3,$3,$24,$101,$48,$0,$149,$173,$2,$6,$0,$6,$8,$8,$0,$-0,$17,$25,$-3,$0,$-3,$0,$0,$0,$0,$-6,$-1,$0,$-1,$-0,$-0,$-4,$0,$-5,$14,$0,$-4
27,2011-12-31,4.99,$6.28,0.79,$11.22,0.44,$0.57,8.72,$0.23,21.68,$0.11B,$0.02B,5.0,$0.00B,$0.15B,0.0,$0.27B,$0.06B,23.08%,$0.27B,$0.01B,2.93%,$0.27B,$0.01B,2.93%,$0.27B,$0.02B,5.86%,$0.27B,$0.01B,2.56%,$0.27B,$0.01B,1.83%,$0.01B,$0.15B,3.31%,$0.01B,$0.13B,3.90%,$0.01B,$0.17B,2.84%,$0.01B,$0.15B,5.30%,$69,$54,$15,$0,$14,$68,$1,$-0,$1,$0,$1,$1,$1,$3,$1,$24,24,$0.03,$0.03,$20,$41,$5,$107,$43,$0,$22,$2,$67,$174,$21,$0,$2,$2,$23,$101,$50,$0,$151,$174,$2,$4,$-0,$4,$4,$9,$0,$-0,$14,$20,$-2,$0,$0,$0,$0,$0,$0,$-2,$-0,$0,$-0,$-0,$-0,$-3,$0,$-3,$15,$0,$-3
28,2011-09-30,5.13,$6.30,0.81,$11.46,0.45,$-0.20,0.0,$0.32,16.04,$0.11B,$0.02B,5.17,$0.00B,$0.15B,0.0,$0.28B,$0.07B,24.01%,$0.28B,$0.01B,4.30%,$0.28B,$0.01B,4.30%,$0.28B,$0.02B,7.17%,$0.28B,$0.01B,3.94%,$0.28B,$0.01B,2.51%,$0.01B,$0.15B,4.64%,$0.01B,$0.13B,5.50%,$0.01B,$0.17B,3.95%,$0.01B,$0.15B,7.96%,$65,$50,$15,$0,$13,$63,$2,$-0,$2,$1,$1,$1,$1,$4,$2,$24,24,$0.05,$0.05,$11,$47,$5,$106,$44,$0,$22,$2,$68,$174,$20,$0,$2,$2,$23,$101,$50,$0,$151,$174,$1,$2,$0,$2,$4,$3,$0,$0,$5,$9,$-1,$0,$0,$0,$0,$0,$0,$-1,$-0,$0,$-0,$-0,$-0,$-1,$0,$-1,$7,$0,$-1
29,2011-06-30,6.49,$6.29,1.03,$12.05,0.54,$-0.71,0.0,$0.45,14.43,$0.11B,$0.02B,4.92,$0.00B,$0.15B,0.0,$0.29B,$0.07B,24.83%,$0.29B,$0.02B,5.78%,$0.29B,$0.02B,5.78%,$0.29B,$0.03B,8.50%,$0.29B,$0.02B,5.44%,$0.29B,$0.01B,3.40%,$0.01B,$0.15B,6.67%,$0.01B,$0.13B,7.97%,$0.01B,$0.18B,5.63%,$0.02B,$0.15B,11.33%,$74,$57,$17,$0,$14,$72,$3,$-0,$2,$1,$1,$1,$1,$5,$3,$24,24,$0.06,$0.05,$4,$50,$5,$106,$44,$0,$23,$2,$70,$176,$22,$0,$3,$3,$25,$101,$50,$0,$151,$176,$11,$8,$2,$10,$-10,$-10,$0,$-2,$-25,$-4,$-5,$0,$0,$0,$0,$0,$0,$-5,$-0,$0,$-0,$-0,$-0,$-5,$0,$-5,$-13,$1,$-5
30,2011-03-31,5.89,$6.27,0.94,$11.65,0.51,$0.10,58.45,$0.42,14.01,$0.11B,$0.03B,4.05,$0.00B,$0.15B,0.0,$0.28B,$0.07B,24.65%,$0.28B,$0.01B,4.93%,$0.28B,$0.01B,4.93%,$0.28B,$0.02B,7.75%,$0.28B,$0.01B,4.93%,$0.28B,$0.01B,3.52%,$0.01B,$0.15B,6.75%,$0.01B,$0.13B,8.13%,$0.01B,$0.18B,5.65%,$0.01B,$0.15B,9.44%,$65,$48,$16,$0,$14,$62,$2,$-0,$2,$0,$2,$2,$2,$4,$2,$24,24,$0.09,$0.09,$10,$56,$5,$108,$45,$0,$24,$4,$73,$181,$27,$0,$3,$3,$30,$101,$50,$0,$151,$181,$9,$6,$1,$7,$-3,$-15,$0,$-1,$-16,$-0,$-4,$0,$0,$0,$0,$0,$0,$-4,$-0,$0,$-0,$-0,$-0,$-4,$0,$-4,$-8,$1,$-4
31,2010-12-31,6.83,$6.22,1.1,$11.20,0.61,$0.61,11.22,$0.23,29.71,$0.10B,$0.02B,4.37,$0.00B,$0.15B,0.0,$0.27B,$0.06B,23.16%,$0.27B,$0.01B,2.94%,$0.27B,$0.01B,2.94%,$0.27B,$0.02B,5.88%,$0.27B,$0.01B,2.94%,$0.27B,$0.01B,1.84%,$0.01B,$0.15B,3.42%,$0.01B,$0.13B,4.16%,$0.01B,$0.18B,2.88%,$0.01B,$0.15B,5.46%,$75,$56,$19,$0,$14,$70,$5,$-0,$5,$2,$3,$3,$3,$7,$5,$24,24,$0.12,$0.12,$14,$44,$4,$104,$45,$0,$25,$4,$73,$177,$24,$0,$4,$4,$27,$101,$49,$0,$150,$177,$7,$4,$1,$5,$-4,$-4,$0,$-0,$-10,$2,$-3,$0,$0,$0,$0,$0,$0,$-3,$-0,$0,$-0,$-0,$-0,$-2,$0,$-2,$-3,$1,$-2
32,2010-09-30,5.16,$6.14,0.84,$10.99,0.47,$0.87,5.94,$0.18,28.65,$0.10B,$0.03B,4.12,$0.00B,$0.15B,0.0,$0.27B,$0.06B,22.56%,$0.27B,$0.01B,2.26%,$0.27B,$0.01B,2.26%,$0.27B,$0.01B,5.26%,$0.27B,$0.01B,2.26%,$0.27B,$0.00B,1.50%,$0.00B,$0.15B,2.75%,$0.00B,$0.12B,3.37%,$0.00B,$0.18B,2.34%,$0.01B,$0.15B,4.11%,$80,$59,$21,$0,$14,$73,$7,$-0,$7,$2,$4,$4,$4,$9,$7,$24,24,$0.18,$0.18,$12,$43,$5,$102,$45,$0,$25,$4,$74,$176,$25,$0,$4,$4,$29,$100,$47,$0,$148,$176,$4,$2,$0,$2,$-7,$-3,$0,$-1,$-9,$-3,$-2,$0,$0,$0,$0,$0,$0,$-2,$-0,$0,$-0,$-0,$-0,$-1,$0,$-1,$-5,$0,$-1
33,2010-06-30,3.88,$6.00,0.65,$10.56,0.37,$1.01,3.85,$0.07,55.48,$0.10B,$0.03B,3.85,$0.00B,$0.14B,0.0,$0.25B,$0.06B,22.05%,$0.25B,$0.00B,0.39%,$0.25B,$0.00B,0.39%,$0.25B,$0.01B,3.54%,$0.25B,$0.00B,0.39%,$0.25B,$0.00B,0.79%,$0.00B,$0.14B,1.38%,$0.00B,$0.12B,1.70%,$0.00B,$0.17B,1.17%,$0.00B,$0.14B,0.69%,$64,$50,$14,$0,$14,$64,$0,$-0,$0,$-0,$1,$1,$1,$2,$0,$24,24,$0.02,$0.02,$17,$40,$6,$99,$45,$0,$26,$4,$74,$174,$26,$0,$4,$4,$30,$100,$44,$0,$144,$174,$1,$8,$2,$10,$-4,$3,$0,$0,$6,$17,$-6,$0,$-1,$0,$0,$0,$0,$-6,$-2,$0,$-2,$0,$0,$-5,$0,$-7,$3,$3,$-5
34,2010-03-31,5.39,$5.95,0.91,$10.22,0.53,$1.17,4.61,$0.03,179.63,$0.09B,$0.02B,4.68,$0.00B,$0.14B,0.01,$0.24B,$0.05B,22.50%,$0.24B,0,0.00%,$0.24B,0,0.00%,$0.24B,$0.01B,3.33%,$0.24B,0,0.00%,$0.24B,$0.00B,0.42%,$0.00B,$0.14B,0.71%,$0.00B,$0.12B,0.85%,$0.00B,$0.17B,0.61%,$0.00B,$0.14B,0.00%,$53,$45,$9,$0,$13,$57,$-4,$-0,$-4,$-1,$-3,$-3,$-3,$-2,$-4,$24,24,$-0.10,$-0.10,$16,$41,$5,$94,$45,$0,$27,$2,$74,$167,$20,$1,$3,$4,$24,$98,$45,$0,$143,$167,$1,$6,$2,$8,$3,$2,$0,$-1,$4,$12,$-4,$0,$-1,$0,$0,$0,$0,$-5,$-2,$0,$-2,$-0,$-0,$-4,$0,$-6,$2,$1,$-4
35,2009-12-31,6.12,$6.09,1.0,$10.17,0.6,$1.39,4.4,$0.02,306.11,$0.09B,$0.02B,5.48,$0.00B,$0.15B,0.01,$0.23B,$0.05B,23.08%,$0.23B,0,0.00%,$0.23B,0,0.00%,$0.23B,$0.01B,3.85%,$0.23B,0,0.00%,$0.23B,$0.00B,0.85%,$0.00B,$0.15B,1.44%,$0.00B,$0.12B,1.71%,$0.00B,$0.17B,1.24%,$0.00B,$0.15B,0.00%,$69,$53,$16,$0,$13,$66,$3,$-0,$3,$1,$2,$2,$2,$5,$3,$24,24,$0.07,$0.07,$14,$42,$4,$93,$45,$0,$27,$2,$74,$168,$17,$1,$3,$4,$21,$98,$48,$0,$146,$168,$3,$4,$1,$4,$-0,$2,$0,$-1,$0,$8,$-2,$0,$-1,$0,$0,$0,$0,$-3,$-2,$0,$-2,$-0,$-0,$-2,$0,$-5,$0,$1,$-2
36,2009-09-30,5.13,$6.06,0.85,$10.10,0.51,$1.42,3.62,$-0.65,0.0,$0.10B,$0.02B,4.38,$0.00B,$0.15B,0.01,$0.23B,$0.05B,22.57%,$0.23B,$-0.02B,-7.52%,$0.23B,$-0.02B,-7.52%,$0.23B,$0.01B,2.21%,$0.23B,$-0.02B,-7.52%,$0.23B,$-0.01B,-5.75%,$-0.01B,$0.15B,-9.59%,$-0.01B,$0.12B,-11.11%,$-0.01B,$0.17B,-8.20%,$-0.02B,$0.15B,-12.52%,$68,$51,$17,$0,$14,$65,$2,$-0,$2,$1,$2,$2,$2,$4,$2,$24,24,$0.07,$0.07,$9,$45,$4,$97,$45,$0,$28,$2,$75,$172,$22,$1,$3,$4,$26,$98,$48,$0,$146,$172,$2,$2,$0,$2,$-5,$-1,$0,$-0,$-3,$1,$-1,$0,$-1,$0,$0,$0,$0,$-2,$-2,$0,$-2,$-0,$-0,$-1,$0,$-3,$-5,$0,$-1
37,2009-06-30,4.18,$6.05,0.69,$10.72,0.39,$1.27,3.28,$-0.60,0.0,$0.09B,$0.02B,4.7,$0.00B,$0.13B,0.0,$0.23B,$0.05B,22.22%,$0.23B,$-0.02B,-6.41%,$0.23B,$-0.02B,-6.41%,$0.23B,$0.01B,2.99%,$0.23B,$-0.02B,-6.41%,$0.23B,$-0.01B,-5.13%,$-0.01B,$0.13B,-8.82%,$-0.01B,$0.12B,-10.23%,$-0.01B,$0.15B,-7.47%,$-0.02B,$0.13B,-10.99%,$50,$39,$12,$0,$12,$51,$-1,$0,$-1,$-1,$-0,$-0,$-0,$1,$-1,$22,22,$-0.02,$-0.02,$14,$40,$5,$92,$42,$0,$15,$4,$61,$153,$20,$0,$3,$3,$23,$83,$48,$0,$130,$153,$-13,$22,$2,$24,$9,$10,$-6,$-0,$6,$16,$-3,$0,$0,$0,$0,$0,$0,$-3,$0,$0,$0,$-0,$-0,$-6,$0,$-7,$7,$1,$-6
38,2009-03-31,3.93,$6.10,0.64,$11.47,0.34,$1.06,3.69,$-1.73,0.0,$0.09B,$0.02B,5.26,$0.00B,$0.13B,0.0,$0.25B,$0.06B,22.00%,$0.25B,$-0.05B,-18.00%,$0.25B,$-0.05B,-18.00%,$0.25B,$0.01B,2.00%,$0.25B,$-0.05B,-18.00%,$0.25B,$-0.04B,-15.20%,$-0.04B,$0.13B,-27.00%,$-0.04B,$0.12B,-32.27%,$-0.04B,$0.15B,-22.55%,$-0.05B,$0.13B,-31.86%,$47,$38,$9,$0,$12,$51,$-4,$0,$-4,$-1,$-2,$-2,$-2,$-1,$-4,$22,22,$-0.11,$-0.11,$14,$39,$6,$90,$42,$0,$15,$5,$62,$152,$17,$0,$3,$3,$20,$83,$49,$0,$132,$152,$-13,$20,$0,$20,$9,$11,$0,$-1,$6,$13,$-1,$0,$0,$0,$0,$0,$0,$-1,$0,$0,$0,$-0,$-0,$-5,$0,$-6,$7,$1,$-5
39,2008-12-31,5.16,$6.23,0.83,$12.28,0.42,$0.65,7.96,$-1.57,0.0,$0.09B,$0.02B,4.72,$0.00B,$0.13B,0.0,$0.27B,$0.06B,23.13%,$0.27B,$-0.04B,-14.55%,$0.27B,$-0.04B,-14.55%,$0.27B,$0.01B,3.73%,$0.27B,$-0.04B,-14.55%,$0.27B,$-0.04B,-13.06%,$-0.04B,$0.13B,-22.99%,$-0.04B,$0.12B,-29.60%,$-0.04B,$0.16B,-19.15%,$-0.04B,$0.13B,-25.53%,$61,$48,$13,$0,$14,$75,$-14,$0,$-14,$-1,$-13,$-13,$-13,$1,$-14,$22,22,$-0.61,$-0.61,$8,$44,$6,$93,$43,$0,$16,$5,$64,$157,$20,$0,$3,$3,$23,$82,$52,$0,$134,$157,$-11,$17,$0,$18,$3,$7,$0,$-1,$-0,$7,$-1,$0,$0,$0,$0,$0,$0,$-1,$0,$0,$0,$-0,$-0,$-4,$0,$-4,$1,$1,$-4
40,2008-09-30,6.17,$6.87,0.9,$13.30,0.46,$0.60,10.24,$-0.75,0.0,$0.10B,$0.03B,3.7,$0.00B,$0.15B,0.01,$0.29B,$0.07B,24.74%,$0.29B,$-0.02B,-5.84%,$0.29B,$-0.02B,-5.84%,$0.29B,$0.02B,6.53%,$0.29B,$-0.02B,-5.84%,$0.29B,$-0.02B,-5.84%,$-0.02B,$0.15B,-10.38%,$-0.02B,$0.12B,-14.35%,$-0.02B,$0.18B,-8.59%,$-0.02B,$0.15B,-10.35%,$76,$58,$18,$0,$14,$72,$4,$-0,$4,$2,$3,$3,$3,$6,$4,$22,22,$0.12,$0.12,$1,$48,$7,$103,$44,$0,$30,$4,$78,$181,$28,$1,$4,$5,$33,$82,$66,$0,$148,$181,$3,$2,$1,$3,$-9,$3,$0,$-1,$-8,$-3,$-0,$0,$0,$0,$0,$0,$0,$-0,$1,$0,$1,$-0,$-0,$-3,$0,$-2,$-6,$0,$-3
41,2008-06-30,5.96,$6.91,0.86,$13.91,0.43,$0.83,7.17,$-0.55,0.0,$0.10B,$0.03B,3.32,$0.00B,$0.15B,0.0,$0.31B,$0.08B,26.23%,$0.31B,$-0.01B,-3.28%,$0.31B,$-0.01B,-3.28%,$0.31B,$0.03B,8.52%,$0.31B,$-0.01B,-3.28%,$0.31B,$-0.01B,-4.26%,$-0.01B,$0.15B,-7.60%,$-0.01B,$0.12B,-11.04%,$-0.01B,$0.18B,-6.20%,$-0.01B,$0.15B,-5.85%,$66,$51,$15,$0,$15,$97,$-31,$0,$-31,$-5,$-26,$-26,$-26,$-1,$-31,$22,22,$-1.19,$-1.19,$7,$51,$6,$104,$45,$0,$31,$4,$80,$184,$31,$0,$4,$4,$35,$82,$68,$0,$149,$184,$-13,$37,$-5,$32,$17,$-1,$-4,$-17,$-6,$13,$-4,$0,$0,$8,$0,$8,$0,$4,$0,$0,$0,$1,$1,$-14,$0,$-13,$4,$1,$-14
42,2008-03-31,9.57,$8.24,1.16,$15.14,0.63,$2.01,4.76,$0.91,10.51,$0.10B,$0.03B,4.02,$0.00B,$0.18B,0.0,$0.33B,$0.09B,27.03%,$0.33B,$0.03B,9.31%,$0.33B,$0.03B,9.31%,$0.33B,$0.04B,12.01%,$0.33B,$0.03B,9.31%,$0.33B,$0.02B,6.01%,$0.02B,$0.18B,11.25%,$0.02B,$0.12B,17.09%,$0.02B,$0.21B,9.00%,$0.03B,$0.18B,17.44%,$65,$49,$16,$0,$14,$63,$2,$0,$2,$1,$1,$1,$1,$4,$2,$22,22,$0.05,$0.05,$5,$49,$5,$102,$46,$0,$60,$1,$107,$209,$25,$0,$3,$5,$31,$81,$97,$0,$178,$209,$13,$7,$1,$8,$15,$1,$0,$-17,$-14,$6,$-3,$0,$0,$8,$0,$8,$0,$5,$0,$0,$0,$1,$1,$-10,$0,$-9,$2,$1,$-10
43,2007-12-31,13.03,$8.33,1.56,$15.61,0.83,$2.68,4.87,$1.01,12.9,$0.11B,$0.03B,3.34,$0.00B,$0.18B,0.0,$0.34B,$0.09B,26.82%,$0.34B,$0.03B,9.91%,$0.34B,$0.03B,9.91%,$0.34B,$0.04B,12.54%,$0.34B,$0.03B,9.91%,$0.34B,$0.02B,6.41%,$0.02B,$0.18B,12.48%,$0.02B,$0.12B,19.13%,$0.02B,$0.22B,9.75%,$0.03B,$0.18B,19.13%,$84,$61,$23,$0,$16,$76,$8,$0,$8,$3,$5,$5,$5,$10,$8,$22,22,$0.22,$0.22,$9,$51,$5,$109,$47,$0,$60,$1,$108,$218,$33,$0,$3,$5,$38,$81,$99,$0,$180,$218,$12,$4,$1,$5,$13,$-1,$0,$-14,$-10,$7,$-3,$0,$0,$8,$0,$8,$0,$5,$0,$0,$0,$1,$1,$-7,$0,$-6,$6,$1,$-7
44,2007-09-30,14.57,$8.23,1.77,$15.52,0.94,$2.29,6.36,$1.02,14.28,$0.12B,$0.05B,2.61,$0.00B,$0.18B,0.0,$0.34B,$0.09B,26.69%,$0.34B,$0.03B,9.97%,$0.34B,$0.03B,9.97%,$0.34B,$0.04B,12.90%,$0.34B,$0.03B,9.97%,$0.34B,$0.02B,6.45%,$0.02B,$0.18B,12.64%,$0.02B,$0.12B,19.60%,$0.02B,$0.23B,9.58%,$0.03B,$0.18B,18.73%,$90,$64,$26,$0,$15,$79,$11,$0,$11,$4,$7,$7,$7,$13,$11,$22,22,$0.32,$0.32,$8,$51,$6,$120,$47,$0,$61,$1,$109,$228,$46,$0,$3,$5,$51,$80,$97,$0,$177,$228,$7,$2,$0,$3,$3,$-2,$0,$-8,$-8,$2,$-1,$0,$0,$4,$0,$4,$0,$3,$0,$0,$0,$0,$0,$-4,$0,$-4,$1,$0,$-4
45,2007-06-30,12.59,$8.19,1.54,$15.39,0.82,$1.83,6.9,$0.95,13.26,$0.12B,$0.06B,2.24,$0.00B,$0.18B,0.0,$0.34B,$0.09B,26.04%,$0.34B,$0.03B,9.47%,$0.34B,$0.03B,9.47%,$0.34B,$0.04B,12.43%,$0.34B,$0.03B,9.17%,$0.34B,$0.02B,5.92%,$0.02B,$0.18B,11.64%,$0.02B,$0.12B,18.26%,$0.02B,$0.23B,8.61%,$0.03B,$0.18B,17.23%,$94,$68,$25,$0,$16,$83,$10,$0,$10,$3,$7,$7,$7,$13,$10,$22,22,$0.33,$0.32,$11,$50,$7,$123,$48,$0,$61,$1,$110,$234,$55,$0,$0,$3,$58,$79,$97,$0,$176,$234,$21,$9,$2,$11,$-7,$-4,$0,$14,$5,$37,$-2,$0,$-0,$-8,$0,$-8,$0,$-10,$-17,$0,$-17,$0,$0,$-11,$0,$-27,$-1,$1,$-11
46,2007-03-31,11.68,$7.98,1.46,$14.63,0.8,$1.12,10.47,$0.85,13.74,$0.11B,$0.04B,2.59,$0.01B,$0.17B,0.04,$0.32B,$0.08B,25.95%,$0.32B,$0.03B,8.86%,$0.32B,$0.03B,8.86%,$0.32B,$0.04B,11.71%,$0.32B,$0.03B,8.54%,$0.32B,$0.02B,5.38%,$0.02B,$0.17B,10.06%,$0.02B,$0.11B,16.04%,$0.02B,$0.22B,7.40%,$0.03B,$0.18B,14.95%,$75,$57,$18,$0,$13,$70,$5,$-0,$5,$2,$3,$3,$3,$7,$5,$22,22,$0.15,$0.15,$3,$53,$8,$111,$49,$0,$62,$1,$112,$223,$43,$7,$0,$9,$52,$79,$93,$0,$172,$223,$14,$7,$1,$8,$5,$-8,$0,$10,$-2,$19,$-1,$0,$-0,$0,$0,$0,$0,$-2,$-10,$0,$-10,$0,$0,$-8,$0,$-18,$-0,$1,$-8
47,2006-12-31,13.75,$7.95,1.73,$14.36,0.96,$1.02,13.54,$0.82,16.77,$0.12B,$0.04B,3.33,$0.02B,$0.17B,0.14,$0.31B,$0.08B,25.82%,$0.31B,$0.03B,8.82%,$0.31B,$0.03B,8.82%,$0.31B,$0.04B,11.44%,$0.31B,$0.03B,8.50%,$0.31B,$0.02B,5.23%,$0.02B,$0.17B,9.91%,$0.02B,$0.11B,14.71%,$0.02B,$0.23B,7.36%,$0.03B,$0.20B,15.15%,$82,$59,$22,$0,$14,$73,$8,$-0,$8,$3,$5,$5,$5,$11,$8,$22,22,$0.23,$0.23,$2,$52,$9,$122,$48,$0,$62,$1,$112,$234,$37,$24,$0,$27,$63,$79,$92,$0,$171,$234,$11,$4,$1,$5,$-7,$-7,$0,$-0,$-21,$-5,$1,$0,$-0,$0,$0,$0,$0,$1,$7,$0,$7,$0,$0,$-5,$0,$2,$-2,$0,$-5
