,Date,Stock Price,Book Value per Share,Price to Book Ratio,TTM Sales per Share,Price to Sales Ratio,TTM FCF per Share,Price to FCF Ratio,TTM Net EPS,PE Ratio,Current Assets,Current Liabilities,Current Ratio,Long Term Debt,Shareholder's Equity_x,Debt to Equity Ratio,TTM Revenue_x,TTM Gross Profit,Gross Margin,TTM Revenue_y,TTM Operating Income,Operating Margin,TTM Revenue_x,TTM EBIT,EBIT Margin,TTM Revenue_y,TTM EBITDA,EBITDA Margin,TTM Revenue_x,TTM Pre-Tax Income,Pre-Tax Margin,TTM Revenue_y,TTM Net Income_x,Net Margin,TTM Net Income_y,Shareholder's Equity_y,Return on Equity,TTM Net Income_x,Tangible Equity,Return on Tangible Equity,TTM Net Income_y,Total Assets,Return on Assets,TTM Net Income,LT Investments & Debt,Return on Investment,revenue,cost-goods-sold,gross-profit,research-development-expenses,selling-general-administrative-expenses,operating-expenses,operating-income,total-non-operating-income-expense,pre-tax-income,total-provision-income-taxes,income-after-taxes,income-from-continuous-operations,net-income,ebitda,ebit,basic-shares-outstanding,shares-outstanding,eps-basic-net-earnings-per-share,eps-earnings-per-share-diluted,cash-on-hand,inventory,other-current-assets,total-current-assets,net-property-plant-equipment,long-term-investments,goodwill-intangible-assets-total,other-long-term-assets,total-long-term-assets,total-assets,total-current-liabilities,long-term-debt,other-non-current-liabilities,total-long-term-liabilities,total-liabilities,common-stock-net,retained-earnings-accumulated-deficit,comprehensive-income,total-share-holder-equity,total-liabilities-share-holders-equity,net-income-loss,total-depreciation-amortization-cash-flow,other-non-cash-items,total-non-cash-items,change-in-accounts-receivable,change-in-inventories,change-in-accounts-payable,change-in-assets-liabilities,total-change-in-assets-liabilities,cash-flow-from-operating-activities,net-change-in-property-plant-equipment,net-change-in-intangible-assets,net-acquisitions-divestitures,net-change-in-short-term-investments,net-change-in-long-term-investments,net-change-in-investments-total,investing-activities-other,cash-flow-from-investing-activities,net-long-term-debt,net-current-debt,debt-issuance-retirement-net-total,net-common-equity-issued-repurchased,net-total-equity-issued-repurchased,total-common-preferred-stock-dividends-paid,financial-activities-other,cash-flow-from-financial-activities,net-cash-flow,stock-based-compensation,common-stock-dividends-paid
0,2018-07-31,30.5,$13.42,2.27,$33.69,0.91,$4.18,7.3,$1.83,16.67,$0.53B,$0.19B,2.76,$0.00B,$0.63B,0.0,$1.61B,$0.63B,39.21%,$1.61B,$0.14B,8.44%,$1.61B,$0.14B,8.44%,$1.61B,$0.17B,10.42%,$1.61B,$0.14B,8.44%,$1.61B,$0.09B,5.40%,$0.09B,$0.63B,14.15%,$0.09B,$0.53B,16.67%,$0.09B,$0.91B,9.73%,$0.14B,$0.63B,22.11%,$385,$236,$149,$0,$125,$362,$23,$1,$25,$6,$19,$19,$18,$31,$23,$47,47,$0.39,$0.39,$137,$195,$55,$526,$188,$0,$92,$79,$381,$907,$191,$0,$89,$89,$280,$47,$296,$-30,$627,$907,$19,$8,$2,$10,$14,$-11,$2,$-2,$4,$32,$-16,$0,$0,$0,$1,$1,$0,$-15,$-0,$0,$-0,$-10,$-10,$-6,$0,$-16,$-0,$2,$-6
1,2018-04-30,28.69,$13.36,2.15,$32.84,0.87,$4.05,7.08,$1.68,17.08,$0.52B,$0.18B,2.86,$0.00B,$0.63B,0.0,$1.58B,$0.62B,39.27%,$1.58B,$0.13B,8.14%,$1.58B,$0.13B,8.14%,$1.58B,$0.16B,10.16%,$1.58B,$0.13B,8.14%,$1.58B,$0.08B,5.11%,$0.08B,$0.63B,13.31%,$0.08B,$0.53B,15.71%,$0.08B,$0.89B,9.16%,$0.13B,$0.63B,21.18%,$420,$254,$166,$0,$120,$374,$46,$-1,$45,$10,$34,$34,$34,$54,$46,$48,48,$0.72,$0.71,$137,$185,$42,$518,$181,$0,$93,$79,$375,$893,$181,$0,$86,$86,$268,$47,$292,$-25,$625,$893,$82,$32,$20,$52,$-3,$-8,$7,$-13,$-18,$116,$-35,$0,$-14,$0,$-6,$-6,$0,$-55,$-0,$0,$-0,$-54,$-54,$-22,$-0,$-76,$-14,$9,$-22
2,2018-01-31,29.92,$12.81,2.34,$32.46,0.92,$4.97,6.02,$1.53,19.55,$0.51B,$0.20B,2.59,$0.00B,$0.60B,0.0,$1.58B,$0.63B,39.63%,$1.58B,$0.13B,7.99%,$1.58B,$0.13B,7.99%,$1.58B,$0.16B,10.02%,$1.58B,$0.13B,7.99%,$1.58B,$0.08B,4.76%,$0.08B,$0.60B,12.44%,$0.08B,$0.51B,14.71%,$0.08B,$0.89B,8.49%,$0.13B,$0.60B,20.90%,$414,$251,$162,$0,$129,$381,$33,$-1,$32,$20,$12,$12,$12,$41,$33,$47,48,$0.26,$0.25,$138,$186,$43,$514,$175,$0,$94,$82,$380,$894,$198,$0,$92,$93,$291,$47,$272,$-27,$603,$894,$47,$24,$13,$36,$5,$-9,$13,$-1,$8,$91,$-24,$0,$-15,$0,$-7,$-7,$0,$-45,$-0,$0,$-0,$-45,$-45,$-16,$-0,$-61,$-13,$8,$-16
3,2017-10-31,26.64,$12.71,2.1,$31.69,0.84,$5.13,5.2,$1.75,15.22,$0.50B,$0.19B,2.65,$0.00B,$0.60B,0.0,$1.55B,$0.62B,39.92%,$1.55B,$0.13B,8.18%,$1.55B,$0.13B,8.18%,$1.55B,$0.16B,10.17%,$1.55B,$0.13B,8.18%,$1.55B,$0.09B,5.54%,$0.09B,$0.60B,14.36%,$0.09B,$0.51B,17.00%,$0.09B,$0.88B,9.81%,$0.13B,$0.61B,21.20%,$393,$238,$155,$0,$121,$359,$34,$-1,$34,$10,$23,$23,$23,$42,$34,$48,48,$0.47,$0.47,$125,$180,$46,$496,$172,$0,$93,$81,$385,$882,$187,$0,$90,$90,$277,$48,$279,$-31,$604,$882,$35,$16,$-0,$16,$6,$-4,$2,$-4,$0,$51,$-16,$0,$-14,$0,$-7,$-7,$0,$-37,$-0,$0,$-0,$-30,$-30,$-11,$0,$-41,$-26,$6,$-11
4,2017-07-31,33.27,$12.49,2.66,$31.16,1.07,$5.28,6.3,$1.70,19.57,$0.49B,$0.18B,2.8,$0.00B,$0.60B,0.0,$1.54B,$0.61B,39.95%,$1.54B,$0.13B,8.26%,$1.54B,$0.13B,8.26%,$1.54B,$0.16B,10.21%,$1.54B,$0.13B,8.20%,$1.54B,$0.08B,5.47%,$0.08B,$0.60B,14.22%,$0.08B,$0.51B,16.59%,$0.08B,$0.87B,9.75%,$0.13B,$0.60B,21.49%,$357,$218,$139,$0,$123,$341,$16,$2,$18,$6,$12,$12,$12,$24,$16,$48,49,$0.24,$0.24,$126,$179,$50,$489,$171,$0,$93,$77,$380,$869,$175,$0,$91,$91,$266,$48,$280,$-30,$603,$869,$12,$8,$5,$13,$16,$-2,$-4,$-14,$-5,$20,$-9,$0,$-15,$0,$-5,$-5,$0,$-29,$-0,$0,$-0,$-11,$-11,$-5,$0,$-17,$-25,$4,$-5
5,2017-04-30,27.35,$12.40,2.21,$30.72,0.89,$5.68,4.82,$1.74,15.72,$0.52B,$0.20B,2.6,$0.00B,$0.60B,0.0,$1.52B,$0.61B,40.04%,$1.52B,$0.13B,8.74%,$1.52B,$0.13B,8.74%,$1.52B,$0.16B,10.65%,$1.52B,$0.13B,8.55%,$1.52B,$0.09B,5.65%,$0.09B,$0.60B,14.84%,$0.09B,$0.51B,17.00%,$0.09B,$0.89B,10.19%,$0.13B,$0.60B,22.93%,$413,$244,$169,$0,$125,$369,$43,$-1,$42,$14,$28,$28,$28,$51,$43,$49,49,$0.58,$0.56,$151,$175,$41,$517,$169,$0,$93,$69,$371,$889,$199,$0,$89,$89,$288,$48,$285,$-33,$601,$889,$87,$29,$6,$35,$-8,$13,$5,$17,$26,$148,$-20,$0,$-36,$0,$-10,$-10,$0,$-65,$-0,$0,$-0,$-34,$-34,$-21,$2,$-53,$30,$9,$-21
6,2017-01-31,27.92,$12.01,2.32,$30.59,0.91,$4.91,5.69,$1.62,17.24,$0.50B,$0.19B,2.62,$0.00B,$0.59B,0.0,$1.53B,$0.61B,39.80%,$1.53B,$0.13B,8.33%,$1.53B,$0.13B,8.33%,$1.53B,$0.16B,10.16%,$1.53B,$0.12B,8.00%,$1.53B,$0.08B,5.31%,$0.08B,$0.59B,14.25%,$0.08B,$0.49B,15.99%,$0.08B,$0.87B,9.86%,$0.13B,$0.59B,22.31%,$390,$233,$157,$0,$123,$356,$34,$-0,$33,$10,$24,$24,$23,$41,$34,$49,49,$0.47,$0.47,$119,$194,$42,$498,$169,$0,$93,$67,$366,$865,$190,$0,$87,$88,$278,$49,$273,$-34,$587,$865,$59,$21,$8,$30,$-1,$-6,$6,$5,$5,$93,$-15,$0,$-36,$0,$-7,$-7,$0,$-58,$-0,$0,$-0,$-23,$-23,$-15,$2,$-37,$-2,$8,$-15
7,2016-10-31,22.77,$11.67,1.95,$30.29,0.75,$4.37,5.21,$1.58,14.41,$0.49B,$0.16B,2.97,$0.00B,$0.57B,0.0,$1.52B,$0.60B,39.37%,$1.52B,$0.13B,8.43%,$1.52B,$0.13B,8.43%,$1.52B,$0.16B,10.20%,$1.52B,$0.12B,8.16%,$1.52B,$0.08B,5.27%,$0.08B,$0.57B,14.30%,$0.08B,$0.51B,15.67%,$0.08B,$0.82B,9.98%,$0.13B,$0.57B,22.84%,$377,$227,$149,$0,$116,$343,$34,$-1,$33,$12,$21,$21,$21,$41,$34,$49,50,$0.42,$0.42,$115,$187,$40,$486,$171,$0,$59,$68,$337,$823,$164,$0,$87,$87,$251,$49,$259,$-33,$572,$823,$35,$14,$5,$19,$1,$-4,$2,$2,$0,$54,$-10,$0,$-16,$0,$-8,$-8,$0,$-34,$-0,$0,$-0,$-18,$-18,$-10,$2,$-27,$-7,$6,$-10
8,2016-07-31,29.29,$11.35,2.58,$30.19,0.97,$3.68,7.95,$1.57,18.66,$0.47B,$0.15B,3.1,$0.00B,$0.56B,0.0,$1.53B,$0.60B,39.02%,$1.53B,$0.13B,8.33%,$1.53B,$0.13B,8.33%,$1.53B,$0.15B,10.10%,$1.53B,$0.13B,8.20%,$1.53B,$0.08B,5.25%,$0.08B,$0.56B,14.49%,$0.08B,$0.51B,15.76%,$0.08B,$0.80B,10.09%,$0.13B,$0.56B,22.96%,$341,$207,$134,$0,$112,$318,$22,$-1,$22,$8,$14,$14,$14,$29,$22,$49,50,$0.28,$0.28,$126,$176,$39,$470,$171,$0,$50,$64,$328,$798,$152,$0,$88,$88,$240,$49,$249,$-34,$558,$798,$14,$7,$2,$9,$18,$1,$0,$-6,$13,$36,$-5,$0,$-5,$0,$-4,$-4,$0,$-14,$-0,$0,$-0,$-13,$-13,$-5,$1,$-17,$5,$3,$-5
9,2016-04-30,24.97,$11.30,2.21,$30.00,0.83,$2.98,8.39,$1.56,16.01,$0.48B,$0.16B,3.06,$0.00B,$0.56B,0.0,$1.53B,$0.59B,38.36%,$1.53B,$0.13B,8.20%,$1.53B,$0.13B,8.20%,$1.53B,$0.15B,9.90%,$1.53B,$0.13B,8.20%,$1.53B,$0.08B,5.25%,$0.08B,$0.56B,14.65%,$0.08B,$0.51B,15.72%,$0.08B,$0.80B,10.21%,$0.13B,$0.56B,22.86%,$417,$250,$167,$0,$130,$380,$37,$-3,$34,$11,$23,$23,$23,$44,$37,$50,51,$0.45,$0.44,$121,$176,$39,$482,$172,$0,$46,$59,$318,$800,$157,$1,$85,$85,$243,$49,$252,$-34,$557,$800,$81,$27,$5,$32,$11,$-15,$-1,$7,$2,$115,$-22,$0,$-23,$0,$8,$8,$0,$-37,$-1,$0,$-1,$-46,$-46,$-18,$1,$-63,$13,$8,$-18
10,2016-01-31,20.61,$11.05,1.87,$28.95,0.71,$1.63,12.62,$1.50,13.74,$0.48B,$0.16B,3.1,$0.00B,$0.55B,0.0,$1.48B,$0.55B,37.22%,$1.48B,$0.12B,7.96%,$1.48B,$0.12B,7.96%,$1.48B,$0.14B,9.64%,$1.48B,$0.12B,8.23%,$1.48B,$0.08B,5.19%,$0.08B,$0.55B,14.26%,$0.08B,$0.51B,15.13%,$0.08B,$0.79B,9.90%,$0.12B,$0.55B,21.82%,$384,$236,$148,$0,$113,$349,$35,$0,$35,$13,$22,$22,$22,$41,$35,$50,51,$0.44,$0.43,$107,$183,$38,$481,$173,$0,$41,$60,$306,$787,$155,$1,$80,$81,$236,$50,$249,$-35,$551,$787,$58,$19,$4,$24,$15,$-23,$0,$-4,$-12,$70,$-17,$0,$-19,$0,$8,$8,$1,$-28,$-0,$0,$-0,$-29,$-29,$-13,$1,$-42,$-1,$7,$-13
11,2015-10-31,27.35,$10.81,2.53,$28.22,0.97,$0.74,36.96,$1.41,19.39,$0.47B,$0.16B,2.92,$0.00B,$0.54B,0.0,$1.46B,$0.53B,36.65%,$1.46B,$0.11B,7.55%,$1.46B,$0.11B,7.55%,$1.46B,$0.13B,9.20%,$1.46B,$0.12B,7.89%,$1.46B,$0.07B,5.01%,$0.07B,$0.54B,13.64%,$0.07B,$0.50B,14.33%,$0.07B,$0.79B,9.45%,$0.11B,$0.54B,20.54%,$383,$237,$146,$0,$112,$349,$33,$1,$34,$12,$22,$22,$21,$40,$33,$50,51,$0.41,$0.41,$84,$182,$44,$474,$173,$0,$41,$63,$312,$786,$162,$1,$80,$80,$243,$50,$242,$-34,$543,$786,$36,$13,$-2,$11,$5,$-22,$-1,$-7,$-25,$22,$-11,$0,$-19,$0,$8,$8,$1,$-22,$-0,$4,$4,$-18,$-18,$-8,$0,$-22,$-24,$5,$-8
12,2015-07-31,24.26,$10.53,2.3,$27.65,0.88,$0.50,48.96,$1.37,17.71,$0.47B,$0.15B,3.21,$0.00B,$0.53B,0.0,$1.44B,$0.52B,35.97%,$1.44B,$0.11B,7.43%,$1.44B,$0.11B,7.43%,$1.44B,$0.13B,9.03%,$1.44B,$0.11B,7.71%,$1.44B,$0.07B,5.00%,$0.07B,$0.53B,13.53%,$0.07B,$0.51B,14.06%,$0.07B,$0.76B,9.37%,$0.11B,$0.53B,20.09%,$341,$217,$124,$0,$104,$321,$20,$2,$22,$8,$14,$14,$14,$26,$20,$51,51,$0.27,$0.27,$97,$179,$43,$466,$174,$0,$21,$66,$295,$762,$145,$1,$83,$84,$229,$51,$234,$-34,$533,$762,$14,$6,$3,$9,$25,$-22,$2,$-26,$-22,$2,$-6,$0,$0,$0,$8,$8,$0,$1,$-0,$0,$-0,$-9,$-9,$-4,$0,$-13,$-11,$3,$-4
13,2015-04-30,24.96,$10.51,2.38,$27.17,0.92,$0.22,112.88,$1.35,18.49,$0.48B,$0.16B,3.08,$0.00B,$0.53B,0.0,$1.43B,$0.51B,35.48%,$1.43B,$0.10B,7.22%,$1.43B,$0.10B,7.22%,$1.43B,$0.13B,8.84%,$1.43B,$0.11B,7.36%,$1.43B,$0.07B,4.98%,$0.07B,$0.53B,13.38%,$0.07B,$0.51B,13.89%,$0.07B,$0.78B,9.26%,$0.10B,$0.53B,19.40%,$375,$241,$134,$0,$104,$345,$30,$2,$31,$11,$20,$20,$20,$36,$30,$52,52,$0.39,$0.38,$108,$157,$42,$476,$174,$0,$21,$68,$298,$775,$155,$0,$86,$87,$242,$51,$236,$-32,$533,$775,$72,$22,$5,$27,$-3,$-8,$-5,$3,$-12,$87,$-61,$0,$-2,$0,$-7,$-7,$3,$-67,$-8,$0,$-8,$-50,$-50,$-15,$1,$-71,$-51,$7,$-15
14,2015-01-31,25.33,$10.36,2.45,$26.57,0.95,$0.84,30.29,$1.19,21.29,$0.48B,$0.15B,3.1,$0.00B,$0.53B,0.0,$1.40B,$0.49B,34.97%,$1.40B,$0.10B,6.84%,$1.40B,$0.10B,6.84%,$1.40B,$0.12B,8.40%,$1.40B,$0.10B,6.98%,$1.40B,$0.06B,4.49%,$0.06B,$0.53B,11.89%,$0.06B,$0.51B,12.33%,$0.06B,$0.77B,8.22%,$0.10B,$0.53B,18.11%,$358,$228,$130,$0,$103,$331,$27,$1,$28,$9,$18,$18,$18,$32,$27,$52,52,$0.35,$0.34,$108,$160,$42,$475,$171,$0,$20,$66,$292,$767,$153,$0,$83,$83,$236,$51,$234,$-31,$531,$767,$51,$16,$-1,$15,$7,$-12,$-8,$1,$-12,$55,$-48,$0,$-2,$0,$-7,$-7,$3,$-53,$-7,$0,$-7,$-35,$-35,$-10,$0,$-53,$-51,$6,$-10
15,2014-10-31,21.63,$10.25,2.11,$26.22,0.83,$1.48,14.61,$1.16,18.65,$0.50B,$0.16B,3.11,$0.00B,$0.53B,0.0,$1.39B,$0.48B,34.67%,$1.39B,$0.10B,6.82%,$1.39B,$0.10B,6.82%,$1.39B,$0.12B,8.47%,$1.39B,$0.10B,6.96%,$1.39B,$0.06B,4.38%,$0.06B,$0.53B,11.57%,$0.06B,$0.51B,12.01%,$0.06B,$0.77B,7.97%,$0.10B,$0.53B,18.02%,$366,$236,$130,$0,$100,$335,$30,$0,$30,$11,$20,$20,$20,$36,$30,$52,53,$0.37,$0.37,$121,$158,$43,$495,$159,$0,$18,$65,$275,$771,$159,$0,$79,$79,$239,$52,$235,$-31,$532,$771,$33,$11,$2,$13,$-2,$-11,$-1,$-0,$-14,$32,$-34,$0,$0,$0,$-6,$-6,$7,$-33,$-7,$0,$-7,$-19,$-19,$-6,$0,$-33,$-34,$5,$-6
16,2014-07-31,19.86,$10.03,1.98,$25.90,0.77,$1.91,10.42,$1.10,18.05,$0.48B,$0.15B,3.19,$0.00B,$0.53B,0.0,$1.38B,$0.48B,34.52%,$1.38B,$0.09B,6.60%,$1.38B,$0.09B,6.60%,$1.38B,$0.11B,8.27%,$1.38B,$0.09B,6.74%,$1.38B,$0.06B,4.21%,$0.06B,$0.53B,11.12%,$0.06B,$0.51B,11.54%,$0.06B,$0.76B,7.63%,$0.09B,$0.53B,17.43%,$327,$215,$112,$0,$95,$310,$16,$-0,$16,$6,$11,$11,$13,$22,$16,$52,53,$0.25,$0.25,$122,$161,$42,$484,$145,$0,$18,$75,$271,$755,$152,$0,$76,$76,$228,$53,$232,$-30,$527,$755,$13,$5,$1,$6,$12,$-16,$-0,$-17,$-21,$-1,$-18,$0,$0,$0,$-6,$-6,$7,$-16,$-7,$0,$-7,$-6,$-6,$-3,$0,$-16,$-33,$3,$-3
17,2014-04-30,22.81,$10.19,2.24,$25.44,0.9,$2.50,9.14,$1.03,22.15,$0.52B,$0.17B,3.12,$0.00B,$0.53B,0.0,$1.36B,$0.47B,34.24%,$1.36B,$0.09B,6.63%,$1.36B,$0.09B,6.63%,$1.36B,$0.11B,8.32%,$1.36B,$0.09B,6.77%,$1.36B,$0.05B,3.98%,$0.05B,$0.53B,10.52%,$0.05B,$0.51B,10.91%,$0.05B,$0.77B,7.20%,$0.09B,$0.53B,17.51%,$353,$235,$119,$0,$96,$330,$23,$1,$24,$9,$15,$15,$12,$28,$23,$52,54,$0.23,$0.22,$162,$147,$41,$523,$128,$0,$18,$70,$249,$771,$167,$0,$74,$74,$242,$52,$238,$-31,$530,$771,$56,$23,$15,$39,$3,$-9,$2,$0,$-4,$91,$-31,$0,$6,$0,$-20,$-20,$0,$-45,$-1,$0,$-1,$-29,$-29,$-11,$13,$-27,$19,$9,$-11
18,2014-01-31,25.28,$9.91,2.55,$24.65,1.03,$2.27,11.14,$1.13,22.37,$0.52B,$0.16B,3.17,$0.00B,$0.52B,0.0,$1.32B,$0.46B,35.06%,$1.32B,$0.09B,7.15%,$1.32B,$0.09B,7.15%,$1.32B,$0.12B,8.97%,$1.32B,$0.10B,7.22%,$1.32B,$0.06B,4.56%,$0.06B,$0.52B,11.90%,$0.06B,$0.50B,12.36%,$0.06B,$0.76B,8.14%,$0.09B,$0.52B,18.56%,$347,$225,$122,$0,$96,$321,$26,$1,$27,$9,$18,$18,$16,$32,$26,$53,53,$0.31,$0.31,$153,$160,$28,$520,$122,$0,$20,$68,$244,$764,$164,$0,$81,$81,$245,$52,$241,$-36,$519,$764,$44,$18,$3,$21,$5,$-15,$3,$6,$-2,$63,$-21,$0,$-1,$0,$-13,$-13,$0,$-34,$-0,$0,$-0,$-17,$-17,$-7,$6,$-19,$9,$7,$-7
19,2013-10-31,21.59,$9.71,2.22,$24.51,0.88,$1.73,12.5,$1.14,18.94,$0.52B,$0.16B,3.21,$0.00B,$0.51B,0.0,$1.31B,$0.45B,34.48%,$1.31B,$0.09B,6.96%,$1.31B,$0.09B,6.96%,$1.31B,$0.12B,8.79%,$1.31B,$0.09B,7.11%,$1.31B,$0.06B,4.66%,$0.06B,$0.51B,12.35%,$0.06B,$0.49B,12.82%,$0.06B,$0.75B,8.43%,$0.09B,$0.51B,18.27%,$352,$230,$123,$0,$97,$326,$26,$-0,$26,$8,$17,$17,$17,$32,$26,$53,53,$0.32,$0.31,$149,$159,$32,$517,$122,$0,$18,$60,$233,$750,$161,$0,$77,$78,$239,$53,$233,$-35,$510,$750,$27,$12,$3,$15,$1,$-11,$4,$-4,$-9,$32,$-12,$0,$0,$0,$-5,$-5,$0,$-17,$-0,$0,$-0,$-11,$-11,$-4,$5,$-10,$5,$6,$-4
20,2013-07-31,19.32,$9.42,2.05,$23.95,0.81,$1.10,17.58,$0.95,20.34,$0.50B,$0.14B,3.44,$0.00B,$0.50B,0.0,$1.28B,$0.43B,33.49%,$1.28B,$0.08B,5.95%,$1.28B,$0.08B,5.95%,$1.28B,$0.10B,7.75%,$1.28B,$0.08B,6.10%,$1.28B,$0.05B,3.99%,$0.05B,$0.50B,10.56%,$0.05B,$0.48B,10.97%,$0.05B,$0.71B,7.21%,$0.08B,$0.50B,15.57%,$306,$204,$101,$0,$87,$291,$15,$1,$15,$5,$10,$10,$9,$21,$15,$52,53,$0.18,$0.18,$152,$158,$27,$497,$113,$0,$18,$56,$217,$714,$144,$0,$75,$75,$219,$52,$223,$-36,$495,$714,$10,$6,$3,$9,$22,$-12,$2,$-18,$-5,$13,$-1,$0,$0,$0,$2,$2,$-0,$1,$-0,$0,$-0,$-6,$-6,$-2,$3,$-5,$8,$3,$-2
21,2013-04-30,16.76,$9.39,1.78,$23.88,0.7,$0.50,33.22,$0.85,19.72,$0.50B,$0.15B,3.34,$0.01B,$0.49B,0.02,$1.27B,$0.42B,32.73%,$1.27B,$0.07B,5.42%,$1.27B,$0.07B,5.42%,$1.27B,$0.09B,7.14%,$1.27B,$0.07B,5.49%,$1.27B,$0.05B,3.61%,$0.05B,$0.49B,9.74%,$0.05B,$0.47B,10.04%,$0.05B,$0.72B,6.61%,$0.07B,$0.50B,14.39%,$310,$195,$115,$0,$88,$283,$27,$1,$27,$9,$19,$19,$18,$33,$27,$52,54,$0.34,$0.33,$144,$146,$30,$501,$118,$0,$18,$53,$219,$720,$150,$8,$71,$78,$228,$52,$226,$-35,$492,$720,$47,$23,$-9,$14,$7,$0,$-6,$6,$7,$68,$-21,$0,$-16,$0,$-31,$-31,$-10,$-78,$-3,$0,$-3,$-7,$-7,$-4,$3,$-12,$-21,$11,$-4
22,2013-01-31,14.45,$9.14,1.58,$23.11,0.63,$0.92,15.76,$0.89,16.24,$0.50B,$0.15B,3.37,$0.01B,$0.48B,0.02,$1.23B,$0.40B,32.30%,$1.23B,$0.06B,4.73%,$1.23B,$0.06B,4.73%,$1.23B,$0.08B,6.44%,$1.23B,$0.07B,5.55%,$1.23B,$0.05B,3.83%,$0.05B,$0.48B,10.19%,$0.05B,$0.46B,10.43%,$0.05B,$0.71B,6.84%,$0.06B,$0.49B,12.38%,$340,$228,$112,$0,$89,$317,$23,$2,$25,$8,$17,$17,$17,$29,$23,$52,53,$0.32,$0.32,$122,$159,$28,$495,$120,$0,$18,$49,$218,$712,$147,$7,$79,$87,$233,$52,$214,$-31,$479,$712,$29,$17,$5,$22,$2,$-12,$-6,$-1,$-17,$33,$-20,$0,$-16,$0,$-24,$-24,$-7,$-67,$-2,$0,$-2,$-4,$-4,$-2,$1,$-7,$-40,$8,$-2
23,2012-10-31,14.9,$8.86,1.68,$22.78,0.65,$1.52,9.79,$0.85,17.53,$0.47B,$0.13B,3.55,$0.01B,$0.47B,0.02,$1.20B,$0.38B,31.92%,$1.20B,$0.05B,4.32%,$1.20B,$0.05B,4.32%,$1.20B,$0.07B,6.07%,$1.20B,$0.06B,5.07%,$1.20B,$0.05B,3.74%,$0.05B,$0.47B,9.99%,$0.05B,$0.45B,10.15%,$0.05B,$0.69B,6.67%,$0.05B,$0.47B,11.24%,$322,$222,$100,$0,$90,$312,$11,$0,$11,$4,$7,$7,$7,$16,$11,$52,53,$0.13,$0.12,$96,$169,$29,$470,$115,$0,$18,$51,$215,$685,$132,$7,$81,$88,$221,$52,$199,$-30,$465,$685,$12,$11,$8,$19,$12,$-22,$-5,$-18,$-33,$-2,$-11,$0,$-16,$0,$-26,$-26,$-7,$-59,$-2,$0,$-2,$-3,$-3,$0,$1,$-4,$-66,$7,$0
24,2012-07-31,10.99,$8.66,1.27,$22.59,0.49,$1.95,5.64,$0.88,12.49,$0.48B,$0.13B,3.82,$0.01B,$0.45B,0.02,$1.19B,$0.38B,31.96%,$1.19B,$0.05B,4.46%,$1.19B,$0.05B,4.46%,$1.19B,$0.08B,6.39%,$1.19B,$0.06B,5.21%,$1.19B,$0.05B,3.87%,$0.05B,$0.45B,10.48%,$0.05B,$0.45B,10.56%,$0.05B,$0.67B,6.92%,$0.05B,$0.46B,11.61%,$302,$212,$90,$0,$82,$294,$8,$-0,$7,$3,$5,$5,$4,$13,$8,$52,53,$0.08,$0.08,$122,$167,$22,$480,$114,$0,$3,$39,$187,$667,$126,$7,$81,$88,$214,$52,$193,$-31,$453,$667,$5,$5,$3,$8,$20,$-23,$-5,$-20,$-28,$-15,$-4,$0,$0,$0,$-9,$-9,$-7,$-20,$-2,$0,$-2,$-3,$-3,$0,$1,$-5,$-40,$4,$0
25,2012-04-30,13.85,$8.57,1.62,$22.25,0.62,$2.32,5.98,$1.65,8.39,$0.50B,$0.15B,3.34,$0.01B,$0.45B,0.02,$1.17B,$0.37B,31.79%,$1.17B,$0.05B,4.11%,$1.17B,$0.05B,4.11%,$1.17B,$0.07B,6.17%,$1.17B,$0.06B,5.06%,$1.17B,$0.09B,7.46%,$0.09B,$0.45B,20.32%,$0.09B,$0.45B,20.46%,$0.09B,$0.69B,13.28%,$0.05B,$0.46B,10.63%,$262,$168,$94,$0,$78,$246,$16,$9,$25,$10,$15,$15,$19,$21,$16,$52,52,$0.37,$0.36,$155,$144,$15,$500,$114,$0,$3,$35,$186,$686,$150,$8,$80,$88,$238,$52,$190,$-31,$448,$686,$89,$23,$-39,$-16,$-6,$-7,$7,$16,$10,$83,$-15,$0,$0,$0,$1,$1,$-5,$-19,$-26,$0,$-26,$-0,$-0,$0,$-0,$-27,$37,$6,$0
26,2012-01-31,12.11,$8.41,1.44,$23.73,0.51,$1.37,8.84,$1.47,8.24,$0.48B,$0.14B,3.51,$0.03B,$0.44B,0.06,$1.24B,$0.39B,30.95%,$1.24B,$0.04B,3.54%,$1.24B,$0.04B,3.54%,$1.24B,$0.07B,5.63%,$1.24B,$0.05B,3.70%,$1.24B,$0.08B,6.27%,$0.08B,$0.44B,19.15%,$0.08B,$0.43B,19.29%,$0.08B,$0.66B,12.35%,$0.04B,$0.46B,10.09%,$317,$217,$100,$0,$83,$299,$17,$1,$18,$3,$15,$15,$15,$23,$17,$52,52,$0.28,$0.28,$148,$134,$17,$478,$115,$0,$3,$35,$184,$662,$136,$28,$62,$90,$227,$52,$170,$-19,$435,$662,$69,$18,$-45,$-26,$3,$2,$-1,$9,$13,$56,$-11,$0,$0,$0,$-0,$-0,$-2,$-13,$-6,$0,$-6,$-4,$-4,$0,$-1,$-10,$33,$4,$0
27,2011-10-31,9.34,$8.07,1.16,$23.27,0.4,$0.58,16.22,$1.38,6.76,$0.46B,$0.13B,3.46,$0.03B,$0.42B,0.07,$1.22B,$0.37B,30.60%,$1.22B,$0.04B,3.04%,$1.22B,$0.04B,3.04%,$1.22B,$0.06B,5.17%,$1.22B,$0.04B,3.20%,$1.22B,$0.07B,5.99%,$0.07B,$0.42B,18.84%,$0.07B,$0.42B,18.99%,$0.07B,$0.64B,11.87%,$0.04B,$0.45B,8.82%,$308,$212,$96,$0,$84,$295,$12,$-0,$12,$4,$8,$8,$8,$19,$12,$52,52,$0.15,$0.15,$118,$144,$20,$463,$118,$0,$3,$33,$181,$644,$134,$28,$63,$91,$225,$52,$157,$-19,$419,$644,$54,$12,$-40,$-28,$-1,$-5,$-1,$-1,$-8,$18,$-8,$0,$0,$0,$-0,$-0,$-1,$-9,$-5,$0,$-5,$-1,$-1,$0,$-0,$-6,$2,$3,$0
28,2011-07-31,8.06,$7.90,1.02,$23.02,0.35,$-0.06,0.0,$1.30,6.2,$0.45B,$0.12B,3.65,$0.03B,$0.41B,0.07,$1.20B,$0.36B,30.07%,$1.20B,$0.03B,2.49%,$1.20B,$0.03B,2.49%,$1.20B,$0.06B,4.57%,$1.20B,$0.03B,2.66%,$1.20B,$0.07B,5.73%,$0.07B,$0.41B,18.67%,$0.07B,$0.41B,18.83%,$0.07B,$0.63B,11.48%,$0.03B,$0.44B,7.42%,$280,$199,$81,$0,$77,$277,$3,$0,$4,$-42,$46,$46,$45,$9,$3,$52,52,$0.86,$0.85,$110,$149,$19,$446,$119,$0,$3,$33,$182,$628,$122,$30,$65,$95,$217,$52,$175,$-19,$411,$628,$46,$6,$-42,$-36,$13,$-10,$-4,$-6,$-7,$3,$-3,$0,$0,$0,$-0,$-0,$0,$-3,$-5,$0,$-5,$0,$0,$0,$0,$-5,$-5,$2,$0
29,2011-04-30,10.81,$7.02,1.54,$22.76,0.47,$-0.33,0.0,$0.45,24.01,$0.43B,$0.13B,3.27,$0.03B,$0.36B,0.08,$1.19B,$0.35B,29.82%,$1.19B,$0.03B,2.11%,$1.19B,$0.03B,2.11%,$1.19B,$0.05B,4.21%,$1.19B,$0.03B,2.19%,$1.19B,$0.02B,2.02%,$0.02B,$0.36B,6.80%,$0.02B,$0.36B,6.86%,$0.02B,$0.59B,4.09%,$0.03B,$0.39B,6.40%,$339,$231,$108,$0,$92,$327,$12,$-0,$12,$5,$7,$7,$10,$19,$12,$52,52,$0.20,$0.19,$115,$138,$17,$432,$121,$0,$3,$35,$161,$593,$132,$30,$67,$97,$229,$52,$106,$-19,$364,$593,$17,$24,$11,$35,$2,$-11,$-4,$-11,$-25,$28,$-10,$0,$0,$0,$0,$0,$-1,$-10,$-11,$0,$-11,$0,$0,$0,$0,$-11,$7,$4,$0
30,2011-01-31,7.64,$6.87,1.11,$22.29,0.34,$0.91,8.38,$0.52,14.7,$0.43B,$0.13B,3.22,$0.04B,$0.36B,0.11,$1.16B,$0.35B,29.94%,$1.16B,$0.03B,2.42%,$1.16B,$0.03B,2.42%,$1.16B,$0.05B,4.49%,$1.16B,$0.03B,2.50%,$1.16B,$0.03B,2.33%,$0.03B,$0.36B,7.77%,$0.03B,$0.35B,7.84%,$0.03B,$0.60B,4.57%,$0.03B,$0.40B,7.19%,$292,$204,$88,$0,$78,$282,$10,$1,$11,$2,$8,$8,$10,$16,$10,$52,52,$0.19,$0.19,$110,$142,$19,$428,$128,$0,$3,$36,$168,$596,$133,$40,$67,$107,$239,$52,$124,$-19,$356,$596,$11,$18,$4,$22,$11,$-14,$-3,$-16,$-22,$11,$-8,$0,$0,$0,$-0,$-0,$-1,$-9,$-1,$0,$-1,$0,$0,$0,$0,$-1,$1,$3,$0
31,2010-10-31,7.14,$6.69,1.07,$22.59,0.32,$1.92,3.73,$0.54,13.22,$0.42B,$0.13B,3.22,$0.04B,$0.35B,0.12,$1.17B,$0.36B,30.46%,$1.17B,$0.03B,2.73%,$1.17B,$0.03B,2.73%,$1.17B,$0.06B,4.78%,$1.17B,$0.04B,2.99%,$1.17B,$0.03B,2.39%,$0.03B,$0.35B,8.20%,$0.03B,$0.34B,8.27%,$0.03B,$0.59B,4.75%,$0.03B,$0.39B,8.31%,$293,$208,$85,$0,$80,$288,$5,$-1,$5,$1,$3,$3,$4,$11,$5,$52,52,$0.07,$0.07,$84,$141,$21,$416,$131,$0,$3,$35,$170,$587,$130,$41,$70,$110,$240,$52,$114,$-19,$347,$587,$2,$11,$4,$16,$-2,$-13,$-7,$-15,$-37,$-19,$-5,$0,$0,$0,$-1,$-1,$-1,$-6,$-0,$0,$-0,$0,$0,$0,$0,$-0,$-25,$2,$0
32,2010-07-31,7.87,$6.64,1.18,$22.79,0.35,$3.04,2.58,$0.58,13.56,$0.40B,$0.12B,3.29,$0.04B,$0.34B,0.12,$1.18B,$0.37B,31.02%,$1.18B,$0.04B,3.05%,$1.18B,$0.04B,3.05%,$1.18B,$0.06B,5.17%,$1.18B,$0.04B,3.31%,$1.18B,$0.03B,2.54%,$0.03B,$0.34B,8.95%,$0.03B,$0.34B,9.03%,$0.03B,$0.57B,5.13%,$0.04B,$0.39B,9.46%,$263,$190,$73,$0,$74,$265,$-2,$0,$-2,$-1,$-1,$-1,$-0,$4,$-2,$52,52,$0.00,$0.00,$93,$139,$17,$402,$133,$0,$3,$35,$172,$574,$122,$41,$67,$107,$230,$52,$109,$-21,$344,$574,$-1,$6,$2,$8,$17,$-9,$-11,$-16,$-19,$-12,$-2,$0,$0,$0,$0,$0,$-1,$-3,$-0,$0,$-0,$0,$0,$0,$0,$-0,$-15,$1,$0
33,2010-04-30,11.98,$6.63,1.81,$22.80,0.53,$3.60,3.33,$0.62,19.33,$0.43B,$0.15B,2.9,$0.05B,$0.34B,0.14,$1.18B,$0.37B,31.61%,$1.18B,$0.04B,3.39%,$1.18B,$0.04B,3.39%,$1.18B,$0.07B,5.59%,$1.18B,$0.04B,3.64%,$1.18B,$0.03B,2.71%,$0.03B,$0.34B,9.76%,$0.03B,$0.34B,9.85%,$0.03B,$0.61B,5.53%,$0.04B,$0.39B,10.67%,$311,$210,$101,$0,$87,$296,$15,$-0,$15,$1,$13,$13,$13,$21,$15,$52,52,$0.27,$0.26,$108,$132,$19,$427,$139,$0,$3,$38,$181,$608,$147,$47,$70,$117,$265,$52,$106,$-20,$343,$608,$31,$25,$9,$34,$-17,$7,$13,$22,$25,$90,$-8,$0,$0,$0,$4,$4,$18,$14,$-13,$0,$-13,$1,$1,$0,$0,$-12,$91,$5,$0
34,2010-01-31,9.33,$6.44,1.45,$22.33,0.42,$2.91,3.21,$0.46,20.27,$0.40B,$0.14B,2.89,$0.05B,$0.33B,0.14,$1.15B,$0.36B,31.57%,$1.15B,$0.03B,2.52%,$1.15B,$0.03B,2.52%,$1.15B,$0.06B,4.77%,$1.15B,$0.03B,2.78%,$1.15B,$0.02B,1.99%,$0.02B,$0.33B,7.22%,$0.02B,$0.33B,7.29%,$0.02B,$0.59B,4.08%,$0.03B,$0.38B,7.90%,$305,$207,$98,$0,$84,$291,$14,$3,$17,$7,$11,$11,$11,$20,$14,$52,52,$0.21,$0.21,$80,$145,$16,$400,$136,$0,$3,$48,$187,$587,$139,$47,$69,$116,$255,$52,$95,$-20,$332,$587,$18,$19,$12,$31,$-14,$-4,$7,$21,$10,$59,$-4,$0,$0,$0,$2,$2,$18,$16,$-12,$0,$-12,$0,$0,$0,$0,$-12,$62,$4,$0
35,2009-10-31,6.52,$6.25,1.04,$22.05,0.3,$2.08,3.14,$-1.00,0.0,$0.38B,$0.14B,2.81,$0.05B,$0.32B,0.15,$1.14B,$0.35B,30.34%,$1.14B,$-0.05B,-4.66%,$1.14B,$-0.05B,-4.66%,$1.14B,$-0.03B,-2.37%,$1.14B,$-0.05B,-4.75%,$1.14B,$-0.05B,-4.66%,$-0.05B,$0.32B,-16.80%,$-0.05B,$0.32B,-17.03%,$-0.05B,$0.57B,-9.33%,$-0.05B,$0.37B,-14.23%,$301,$206,$94,$0,$85,$291,$9,$-0,$9,$4,$5,$5,$6,$16,$9,$52,52,$0.11,$0.11,$60,$139,$16,$378,$143,$0,$3,$48,$194,$572,$135,$47,$68,$116,$250,$52,$87,$-21,$322,$572,$7,$13,$9,$22,$-18,$2,$5,$18,$7,$36,$-1,$0,$0,$0,$2,$2,$17,$18,$-12,$0,$-12,$0,$0,$0,$0,$-12,$42,$3,$0
36,2009-07-31,6.22,$6.09,1.02,$22.69,0.27,$1.16,5.36,$-2.15,0.0,$0.35B,$0.12B,2.94,$0.05B,$0.31B,0.15,$1.17B,$0.34B,28.94%,$1.17B,$-0.08B,-6.68%,$1.17B,$-0.08B,-6.68%,$1.17B,$-0.05B,-4.54%,$1.17B,$-0.08B,-6.93%,$1.17B,$-0.11B,-9.67%,$-0.11B,$0.31B,-34.22%,$-0.11B,$0.31B,-36.10%,$-0.11B,$0.55B,-18.80%,$-0.08B,$0.36B,-19.48%,$263,$182,$80,$0,$78,$260,$2,$0,$2,$0,$2,$2,$2,$9,$2,$51,51,$0.04,$0.04,$39,$142,$28,$348,$147,$0,$3,$48,$198,$546,$118,$47,$66,$113,$232,$51,$81,$-22,$314,$546,$2,$6,$4,$11,$9,$-2,$-2,$-3,$1,$14,$0,$0,$0,$0,$1,$1,$17,$19,$-12,$0,$-12,$0,$0,$0,$0,$-12,$21,$1,$0
37,2009-04-30,2.44,$5.95,0.41,$23.84,0.1,$0.93,2.63,$-2.36,0.0,$0.35B,$0.13B,2.76,$0.05B,$0.31B,0.17,$1.23B,$0.34B,27.55%,$1.23B,$-0.09B,-7.58%,$1.23B,$-0.09B,-7.58%,$1.23B,$-0.07B,-5.62%,$1.23B,$-0.10B,-7.91%,$1.23B,$-0.12B,-10.11%,$-0.12B,$0.31B,-34.28%,$-0.12B,$0.30B,-37.41%,$-0.12B,$0.55B,-19.14%,$-0.09B,$0.36B,-20.99%,$284,$193,$92,$0,$87,$280,$4,$-0,$4,$-0,$4,$4,$4,$10,$4,$51,51,$0.08,$0.08,$36,$140,$23,$348,$147,$0,$3,$51,$201,$549,$126,$52,$64,$117,$243,$51,$67,$-23,$306,$549,$-122,$24,$138,$162,$27,$38,$-15,$-38,$13,$53,$-7,$0,$0,$0,$23,$23,$-18,$-1,$-41,$0,$-41,$0,$0,$-5,$0,$-47,$4,$4,$-5
38,2009-01-31,0.89,$6.22,0.14,$25.47,0.03,$0.63,1.42,$-2.55,0.0,$0.37B,$0.15B,2.51,$0.08B,$0.32B,0.25,$1.31B,$0.35B,26.62%,$1.31B,$-0.10B,-7.48%,$1.31B,$-0.10B,-7.48%,$1.31B,$-0.07B,-5.57%,$1.31B,$-0.11B,-8.24%,$1.31B,$-0.13B,-10.14%,$-0.13B,$0.32B,-33.42%,$-0.13B,$0.31B,-37.54%,$-0.13B,$0.61B,-18.93%,$-0.10B,$0.40B,-19.97%,$289,$209,$79,$0,$94,$357,$-68,$-0,$-69,$-4,$-64,$-64,$-65,$-62,$-68,$51,51,$-1.25,$-1.25,$19,$172,$25,$373,$156,$0,$8,$67,$233,$606,$149,$81,$52,$137,$286,$51,$66,$-2,$320,$606,$-127,$18,$129,$147,$23,$7,$-6,$-26,$-2,$18,$-6,$0,$0,$0,$11,$11,$-8,$-3,$-14,$0,$-14,$0,$0,$-5,$0,$-19,$-4,$3,$-5
39,2008-10-31,5.25,$7.40,0.71,$27.10,0.19,$0.85,6.14,$-1.12,0.0,$0.41B,$0.16B,2.48,$0.10B,$0.38B,0.26,$1.40B,$0.38B,27.17%,$1.40B,$-0.03B,-1.94%,$1.40B,$-0.03B,-1.94%,$1.40B,$-0.00B,-0.14%,$1.40B,$-0.03B,-1.86%,$1.40B,$-0.06B,-4.16%,$-0.06B,$0.38B,-13.43%,$-0.06B,$0.33B,-15.45%,$-0.06B,$0.70B,-7.62%,$-0.03B,$0.48B,-4.99%,$332,$245,$87,$0,$101,$348,$-16,$-2,$-18,$36,$-54,$-54,$-54,$-10,$-16,$51,51,$-1.05,$-1.05,$14,$167,$28,$409,$164,$0,$55,$75,$294,$703,$164,$100,$51,$158,$322,$51,$131,$-6,$381,$703,$-62,$12,$62,$74,$-8,$11,$2,$-27,$-22,$-10,$-2,$0,$0,$0,$2,$2,$-3,$-3,$14,$0,$14,$0,$0,$-4,$0,$10,$-3,$2,$-4
40,2008-07-31,6.63,$8.56,0.77,$27.75,0.24,$0.83,7.97,$-0.27,0.0,$0.40B,$0.15B,2.69,$0.09B,$0.44B,0.21,$1.43B,$0.39B,27.31%,$1.43B,$-0.02B,-1.19%,$1.43B,$-0.02B,-1.19%,$1.43B,$0.01B,0.56%,$1.43B,$-0.02B,-1.05%,$1.43B,$-0.01B,-0.98%,$-0.01B,$0.44B,-3.11%,$-0.01B,$0.39B,-3.56%,$-0.01B,$0.73B,-1.77%,$-0.02B,$0.53B,-3.02%,$322,$241,$80,$0,$91,$335,$-13,$-0,$-14,$-5,$-8,$-8,$-9,$-7,$-13,$51,51,$-0.17,$-0.17,$11,$167,$26,$397,$170,$0,$55,$85,$336,$733,$148,$91,$55,$145,$293,$51,$187,$-1,$440,$733,$-8,$6,$12,$18,$14,$11,$-6,$-24,$-5,$4,$-2,$0,$0,$0,$0,$0,$-0,$-2,$-4,$0,$-4,$0,$0,$-2,$0,$-6,$-4,$1,$-2
41,2008-04-30,5.65,$8.76,0.64,$28.20,0.2,$0.35,16.13,$-0.27,0.0,$0.43B,$0.16B,2.61,$0.10B,$0.45B,0.22,$1.45B,$0.39B,27.10%,$1.45B,$-0.02B,-1.17%,$1.45B,$-0.02B,-1.17%,$1.45B,$0.01B,0.55%,$1.45B,$-0.02B,-1.03%,$1.45B,$-0.01B,-0.97%,$-0.01B,$0.45B,-3.06%,$-0.01B,$0.39B,-3.52%,$-0.01B,$0.77B,-1.71%,$-0.02B,$0.55B,-2.96%,$368,$266,$103,$0,$100,$369,$-1,$-6,$-7,$-3,$-5,$-5,$-5,$6,$-1,$51,51,$-0.10,$-0.09,$15,$178,$21,$427,$171,$0,$56,$87,$341,$769,$164,$100,$55,$154,$318,$51,$190,$-0,$451,$769,$-14,$25,$29,$55,$21,$23,$-10,$-26,$8,$49,$-19,$0,$4,$0,$1,$1,$-1,$-14,$-51,$0,$-51,$-0,$-0,$-21,$0,$-72,$-37,$5,$-21
42,2008-01-31,6.66,$8.86,0.75,$28.95,0.23,$0.81,8.23,$-0.03,0.0,$0.50B,$0.17B,2.94,$0.15B,$0.46B,0.32,$1.49B,$0.40B,26.71%,$1.49B,$-0.00B,-0.20%,$1.49B,$-0.00B,-0.20%,$1.49B,$0.02B,1.48%,$1.49B,$0.00B,0.27%,$1.49B,$-0.00B,-0.07%,$-0.00B,$0.46B,-0.21%,$-0.00B,$0.40B,-0.25%,$-0.00B,$0.84B,-0.12%,$-0.00B,$0.60B,-0.51%,$373,$264,$109,$0,$105,$370,$3,$10,$13,$4,$9,$9,$10,$9,$3,$51,52,$0.19,$0.18,$63,$184,$23,$501,$179,$0,$59,$75,$337,$839,$171,$146,$66,$212,$383,$51,$197,$-1,$456,$839,$-9,$19,$24,$42,$9,$18,$-5,$-19,$3,$37,$-13,$0,$4,$0,$1,$1,$2,$-6,$-1,$0,$-1,$-0,$-0,$-19,$0,$-20,$11,$3,$-19
43,2007-10-31,6.69,$8.83,0.76,$29.56,0.23,$0.46,14.44,$-0.36,0.0,$0.48B,$0.20B,2.45,$0.11B,$0.45B,0.24,$1.52B,$0.40B,26.48%,$1.52B,$0.00B,0.20%,$1.52B,$0.00B,0.20%,$1.52B,$0.03B,1.91%,$1.52B,$0.00B,0.20%,$1.52B,$-0.02B,-1.25%,$-0.02B,$0.45B,-4.01%,$-0.02B,$0.40B,-4.63%,$-0.02B,$0.83B,-2.22%,$0.00B,$0.57B,0.50%,$365,$267,$98,$0,$98,$372,$-6,$-1,$-7,$-3,$-4,$-4,$-10,$-0,$-6,$51,51,$-0.19,$-0.19,$33,$191,$27,$484,$181,$0,$59,$77,$342,$826,$197,$111,$64,$174,$372,$51,$194,$3,$454,$826,$-19,$12,$16,$28,$9,$9,$-14,$-19,$-15,$-5,$-8,$0,$4,$0,$1,$1,$0,$-3,$-0,$0,$-0,$-0,$-0,$-12,$0,$-13,$-19,$2,$-12
44,2007-07-31,8.29,$9.13,0.91,$30.48,0.27,$0.38,21.66,$-0.13,0.0,$0.49B,$0.19B,2.57,$0.11B,$0.47B,0.24,$1.57B,$0.41B,26.34%,$1.57B,$0.02B,1.02%,$1.57B,$0.02B,1.02%,$1.57B,$0.04B,2.67%,$1.57B,$0.02B,0.95%,$1.57B,$-0.01B,-0.45%,$-0.01B,$0.47B,-1.44%,$-0.01B,$0.40B,-1.68%,$-0.01B,$0.84B,-0.79%,$0.02B,$0.58B,2.60%,$344,$262,$83,$0,$95,$357,$-13,$-1,$-14,$-5,$-9,$-9,$-9,$-7,$-13,$51,51,$-0.17,$-0.17,$24,$203,$23,$493,$182,$0,$65,$75,$343,$835,$192,$111,$63,$175,$366,$51,$210,$2,$469,$835,$-9,$6,$5,$11,$23,$-6,$-15,$-23,$-22,$-19,$-3,$0,$0,$0,$0,$0,$0,$-3,$-0,$0,$-0,$-0,$-0,$-6,$0,$-6,$-28,$1,$-6
45,2007-04-30,9.48,$9.45,1.0,$31.36,0.3,$0.97,9.77,$0.08,118.55,$0.54B,$0.23B,2.39,$0.11B,$0.49B,0.23,$1.62B,$0.43B,26.45%,$1.62B,$0.03B,1.97%,$1.62B,$0.03B,1.97%,$1.62B,$0.06B,3.64%,$1.62B,$0.03B,1.85%,$1.62B,$0.00B,0.25%,$0.00B,$0.49B,0.81%,$0.00B,$0.42B,0.95%,$0.00B,$0.88B,0.44%,$0.03B,$0.60B,5.03%,$408,$300,$108,$0,$93,$395,$13,$-1,$12,$3,$8,$8,$8,$20,$13,$51,52,$0.15,$0.15,$52,$198,$19,$541,$183,$0,$65,$74,$338,$879,$227,$113,$53,$167,$393,$51,$224,$2,$485,$879,$4,$27,$2,$29,$5,$4,$-12,$2,$-0,$33,$21,$0,$43,$0,$-1,$-1,$-1,$62,$-37,$0,$-37,$-6,$-6,$-25,$0,$-67,$28,$4,$-25
46,2007-01-31,10.28,$9.47,1.08,$31.00,0.33,$1.33,7.72,$-0.27,0.0,$0.54B,$0.19B,2.88,$0.15B,$0.49B,0.31,$1.61B,$0.43B,26.85%,$1.61B,$0.02B,1.06%,$1.61B,$0.02B,1.06%,$1.61B,$0.05B,2.80%,$1.61B,$0.01B,0.87%,$1.61B,$-0.01B,-0.87%,$-0.01B,$0.49B,-2.80%,$-0.01B,$0.42B,-3.30%,$-0.01B,$0.89B,-1.52%,$0.02B,$0.64B,2.59%,$405,$291,$114,$0,$101,$395,$9,$2,$12,$5,$7,$7,$-8,$16,$9,$51,52,$-0.15,$-0.15,$17,$214,$25,$544,$192,$0,$65,$87,$345,$889,$189,$149,$65,$213,$402,$51,$223,$6,$487,$889,$-4,$20,$14,$34,$20,$-14,$-19,$-15,$-29,$1,$4,$0,$33,$0,$-2,$-2,$0,$36,$-20,$0,$-20,$-6,$-6,$-19,$0,$-44,$-7,$3,$-19
47,2006-10-31,9.59,$9.72,0.99,$31.77,0.3,$1.99,4.81,$0.08,119.9,$0.56B,$0.23B,2.47,$0.15B,$0.50B,0.3,$1.65B,$0.43B,26.17%,$1.65B,$0.03B,1.58%,$1.65B,$0.03B,1.58%,$1.65B,$0.05B,3.28%,$1.65B,$0.02B,1.09%,$1.65B,$0.00B,0.24%,$0.00B,$0.50B,0.79%,$0.00B,$0.42B,0.95%,$0.00B,$0.93B,0.42%,$0.03B,$0.65B,3.85%,$415,$306,$109,$0,$100,$408,$7,$-1,$5,$2,$3,$3,$2,$13,$7,$51,52,$0.04,$0.04,$21,$238,$29,$557,$205,$0,$82,$80,$370,$927,$225,$148,$55,$203,$428,$51,$237,$5,$499,$927,$4,$14,$-1,$13,$-3,$-17,$-9,$-16,$-45,$-28,$10,$0,$33,$0,$-0,$-0,$-0,$43,$-0,$0,$-0,$-6,$-6,$-12,$0,$-19,$-4,$3,$-12
