,Date,Stock Price,Book Value per Share,Price to Book Ratio,TTM Sales per Share,Price to Sales Ratio,TTM FCF per Share,Price to FCF Ratio,TTM Net EPS,PE Ratio,Current Assets,Current Liabilities,Current Ratio,Long Term Debt,Shareholder's Equity_x,Debt to Equity Ratio,TTM Revenue_x,TTM Gross Profit,Gross Margin,TTM Revenue_y,TTM Operating Income,Operating Margin,TTM Revenue_x,TTM EBIT,EBIT Margin,TTM Revenue_y,TTM EBITDA,EBITDA Margin,TTM Revenue_x,TTM Pre-Tax Income,Pre-Tax Margin,TTM Revenue_y,TTM Net Income_x,Net Margin,TTM Net Income_y,Shareholder's Equity_y,Return on Equity,TTM Net Income_x,Tangible Equity,Return on Tangible Equity,TTM Net Income_y,Total Assets,Return on Assets,TTM Net Income,LT Investments & Debt,Return on Investment,revenue,cost-goods-sold,gross-profit,research-development-expenses,selling-general-administrative-expenses,operating-expenses,operating-income,total-non-operating-income-expense,pre-tax-income,total-provision-income-taxes,income-after-taxes,income-from-continuous-operations,net-income,ebitda,ebit,basic-shares-outstanding,shares-outstanding,eps-basic-net-earnings-per-share,eps-earnings-per-share-diluted,cash-on-hand,inventory,other-current-assets,total-current-assets,net-property-plant-equipment,long-term-investments,goodwill-intangible-assets-total,other-long-term-assets,total-long-term-assets,total-assets,total-current-liabilities,long-term-debt,other-non-current-liabilities,total-long-term-liabilities,total-liabilities,common-stock-net,retained-earnings-accumulated-deficit,comprehensive-income,total-share-holder-equity,total-liabilities-share-holders-equity,net-income-loss,total-depreciation-amortization-cash-flow,other-non-cash-items,total-non-cash-items,change-in-accounts-receivable,change-in-inventories,change-in-accounts-payable,change-in-assets-liabilities,total-change-in-assets-liabilities,cash-flow-from-operating-activities,net-change-in-property-plant-equipment,net-change-in-intangible-assets,net-acquisitions-divestitures,net-change-in-short-term-investments,net-change-in-long-term-investments,net-change-in-investments-total,investing-activities-other,cash-flow-from-investing-activities,net-long-term-debt,net-current-debt,debt-issuance-retirement-net-total,net-common-equity-issued-repurchased,net-total-equity-issued-repurchased,total-common-preferred-stock-dividends-paid,financial-activities-other,cash-flow-from-financial-activities,net-cash-flow,stock-based-compensation,common-stock-dividends-paid
0,2018-07-31,39.73,$19.20,2.07,$80.97,0.49,$6.58,6.03,$5.41,7.34,$6.87B,$4.48B,1.53,$5.47B,$5.89B,0.93,$24.98B,$9.83B,39.36%,$24.98B,$1.85B,7.39%,$24.98B,$1.85B,7.39%,$24.98B,$2.78B,11.13%,$24.98B,$1.57B,6.30%,$24.98B,$1.66B,6.66%,$1.66B,$5.89B,30.72%,$1.66B,$1.50B,162.48%,$1.66B,$18.67B,8.52%,$1.85B,$11.37B,16.37%,$5589,$3226,$2363,$0,$2255,$5442,$147,$-73,$74,$12,$62,$62,$62,$533,$147,$308,312,$0.20,$0.20,$1068,$4956,$0,$6865,$6547,$0,$4391,$865,$11803,$18668,$4481,$5473,$1626,$8293,$12774,$0,$0,$0,$5894,$18668,$296,$465,$83,$548,$88,$221,$219,$-65,$-300,$544,$-320,$0,$0,$0,$0,$0,$8,$-312,$-357,$-90,$-447,$43,$43,$-232,$0,$-636,$-404,$31,$-232
1,2018-04-30,30.76,$18.93,1.62,$81.44,0.38,$6.92,4.44,$5.26,5.85,$7.71B,$5.08B,1.52,$5.86B,$5.80B,1.01,$25.02B,$9.79B,39.13%,$25.02B,$1.83B,7.30%,$25.02B,$1.83B,7.30%,$25.02B,$2.76B,11.05%,$25.02B,$1.55B,6.17%,$25.02B,$1.61B,6.43%,$1.61B,$5.80B,31.85%,$1.61B,$1.41B,243.64%,$1.61B,$19.57B,8.24%,$1.83B,$11.66B,16.41%,$5758,$3320,$2438,$0,$2164,$5455,$303,$-106,$197,$33,$164,$164,$166,$473,$303,$308,312,$0.54,$0.53,$1531,$5291,$0,$7710,$6575,$0,$4394,$889,$11858,$19568,$5077,$5857,$1664,$8690,$13767,$0,$0,$0,$5801,$19568,$131,$235,$31,$266,$105,$-115,$415,$-61,$-75,$322,$-167,$0,$0,$0,$0,$0,$11,$-156,$-3,$-10,$-13,$30,$30,$-116,$0,$-99,$67,$17,$-116
2,2018-01-31,25.36,$18.81,1.35,$80.98,0.31,$6.93,3.66,$5.04,5.03,$7.65B,$5.18B,1.48,$5.86B,$5.73B,1.02,$24.84B,$9.69B,38.99%,$24.84B,$1.81B,7.28%,$24.84B,$1.81B,7.28%,$24.84B,$2.75B,11.08%,$24.84B,$1.51B,6.07%,$24.84B,$1.55B,6.23%,$1.55B,$5.73B,32.99%,$1.55B,$1.35B,515.67%,$1.55B,$19.58B,7.89%,$1.81B,$11.59B,16.57%,$5698,$3382,$2316,$0,$2083,$5460,$238,$-55,$183,$52,$131,$131,$139,$1400,$238,$307,309,$0.45,$0.45,$1455,$5178,$0,$7646,$6672,$0,$4385,$880,$11937,$19583,$5179,$5861,$1662,$8671,$13850,$0,$0,$0,$5733,$19583,$1536,$946,$-607,$339,$120,$221,$162,$-141,$69,$1944,$-349,$0,$0,$0,$0,$0,$-24,$-373,$-954,$-15,$-969,$18,$18,$-461,$-1,$-1413,$158,$58,$-461
3,2017-10-31,18.06,$13.87,1.3,$81.52,0.22,$6.76,2.67,$2.27,7.96,$8.25B,$6.39B,1.29,$6.30B,$4.22B,1.49,$25.11B,$9.98B,39.74%,$25.11B,$1.44B,5.72%,$25.11B,$1.44B,5.72%,$25.11B,$2.44B,9.71%,$25.11B,$1.09B,4.33%,$25.11B,$0.70B,2.79%,$0.70B,$4.22B,16.14%,$0.70B,$-0.16B,-1266.97%,$0.70B,$20.22B,3.56%,$1.44B,$10.52B,13.39%,$8242,$5271,$2971,$0,$1918,$7057,$1185,$-38,$1147,$-170,$1317,$1317,$1322,$375,$1185,$305,307,$4.33,$4.30,$534,$7065,$0,$8250,$6742,$0,$4388,$835,$11965,$20215,$6391,$6297,$1750,$9600,$15991,$0,$0,$0,$4224,$20215,$216,$731,$25,$756,$274,$-1665,$1630,$-129,$-583,$389,$-338,$0,$0,$0,$0,$0,$-8,$-346,$-554,$80,$-474,$15,$15,$-346,$-1,$-806,$-763,$46,$-346
4,2017-07-31,22.48,$14.58,1.54,$82.40,0.27,$5.83,3.85,$2.20,10.22,$6.72B,$4.68B,1.44,$6.30B,$4.44B,1.42,$25.46B,$10.11B,39.73%,$25.46B,$1.42B,5.59%,$25.46B,$1.42B,5.59%,$25.46B,$2.43B,9.53%,$25.46B,$1.07B,4.19%,$25.46B,$0.68B,2.68%,$0.68B,$4.44B,16.11%,$0.68B,$0.05B,-411.48%,$0.68B,$18.74B,3.42%,$1.42B,$10.74B,13.31%,$5281,$3175,$2106,$0,$1995,$5160,$121,$-74,$47,$13,$34,$34,$36,$516,$121,$306,307,$0.12,$0.12,$783,$4980,$0,$6716,$6822,$0,$4390,$810,$12022,$18738,$4676,$6301,$1773,$9623,$14299,$0,$0,$0,$4439,$18738,$185,$477,$-3,$474,$119,$419,$261,$-6,$-113,$546,$-222,$0,$0,$0,$0,$0,$12,$-210,$-560,$-64,$-624,$7,$7,$-230,$0,$-847,$-511,$31,$-230
5,2017-04-30,27.2,$14.32,1.9,$82.31,0.33,$5.37,5.07,$1.85,14.7,$7.81B,$5.74B,1.36,$6.41B,$4.36B,1.47,$25.52B,$10.11B,39.62%,$25.52B,$1.26B,4.93%,$25.52B,$1.26B,4.93%,$25.52B,$2.29B,8.96%,$25.52B,$0.92B,3.60%,$25.52B,$0.58B,2.28%,$0.58B,$4.36B,14.07%,$0.58B,$-0.03B,-219.25%,$0.58B,$19.88B,2.88%,$1.26B,$10.77B,11.80%,$5803,$3403,$2400,$0,$2161,$5521,$282,$-114,$168,$60,$108,$108,$111,$462,$282,$306,307,$0.36,$0.36,$1201,$5626,$0,$7806,$6886,$0,$4393,$793,$12072,$19878,$5738,$6412,$1846,$9780,$15518,$0,$0,$0,$4360,$19878,$77,$243,$-14,$229,$170,$-227,$573,$-43,$-69,$237,$-81,$0,$0,$0,$0,$0,$21,$-60,$-152,$-10,$-162,$4,$4,$-115,$0,$-273,$-96,$13,$-115
6,2017-01-31,27.16,$14.21,1.91,$82.76,0.33,$4.21,6.46,$1.99,13.65,$7.63B,$5.65B,1.35,$6.56B,$4.32B,1.52,$25.78B,$10.16B,39.40%,$25.78B,$1.32B,5.10%,$25.78B,$1.32B,5.10%,$25.78B,$2.36B,9.15%,$25.78B,$0.95B,3.69%,$25.78B,$0.62B,2.40%,$0.62B,$4.32B,15.17%,$0.62B,$-0.07B,-193.29%,$0.62B,$19.85B,3.06%,$1.32B,$10.88B,12.23%,$5511,$3303,$2208,$0,$2057,$5292,$219,$-74,$145,$68,$77,$77,$78,$1086,$219,$305,307,$0.26,$0.26,$1297,$5399,$0,$7626,$7017,$0,$4395,$813,$12225,$19851,$5647,$6562,$1877,$9882,$15529,$3,$6088,$-896,$4322,$19851,$611,$1044,$290,$1334,$-1,$107,$-132,$-116,$-144,$1801,$-239,$0,$0,$0,$0,$0,$52,$-187,$-751,$61,$-690,$-274,$-274,$-459,$-3,$-1426,$188,$61,$-459
7,2016-10-31,33.24,$12.40,2.68,$82.00,0.41,$2.41,13.8,$2.18,15.25,$8.82B,$7.24B,1.22,$6.56B,$3.79B,1.73,$26.13B,$10.21B,39.08%,$26.13B,$1.44B,5.50%,$26.13B,$1.44B,5.50%,$26.13B,$2.48B,9.49%,$26.13B,$1.07B,4.08%,$26.13B,$0.69B,2.63%,$0.69B,$3.79B,16.94%,$0.69B,$-0.61B,-201.46%,$0.69B,$21.27B,3.37%,$1.44B,$10.35B,13.25%,$8515,$5251,$3264,$0,$2349,$7700,$815,$-87,$728,$256,$472,$472,$475,$361,$815,$309,311,$1.56,$1.54,$457,$7587,$0,$8820,$7149,$0,$4396,$909,$12454,$21274,$7243,$6563,$2129,$10240,$17483,$0,$0,$0,$3791,$21274,$139,$773,$355,$1128,$237,$-2081,$1665,$-113,$-959,$308,$-543,$0,$0,$0,$0,$0,$52,$-491,$-123,$193,$70,$-192,$-192,$-344,$-3,$-469,$-652,$56,$-344
8,2016-07-31,32.29,$13.13,2.46,$81.70,0.4,$1.75,18.5,$2.49,12.97,$7.22B,$5.48B,1.32,$6.57B,$4.05B,1.62,$26.38B,$10.31B,39.08%,$26.38B,$1.59B,6.02%,$26.38B,$1.59B,6.02%,$26.38B,$2.64B,9.99%,$26.38B,$1.22B,4.62%,$26.38B,$0.79B,2.99%,$0.79B,$4.05B,19.21%,$0.79B,$-0.35B,-262.78%,$0.79B,$19.71B,3.83%,$1.59B,$10.62B,14.41%,$5626,$3386,$2240,$0,$2112,$5519,$107,$-81,$26,$11,$15,$15,$17,$377,$107,$308,311,$0.05,$0.05,$1000,$5322,$0,$7216,$7187,$0,$4399,$904,$12490,$19706,$5477,$6567,$2164,$10179,$15656,$0,$0,$0,$4050,$19706,$124,$519,$244,$763,$99,$184,$307,$-79,$-327,$560,$-377,$0,$0,$0,$0,$0,$39,$-338,$-3,$2,$-1,$-99,$-99,$-228,$-3,$-331,$-109,$37,$-228
9,2016-04-30,35.26,$13.47,2.62,$80.76,0.44,$0.84,42.06,$3.10,11.37,$7.38B,$5.35B,1.38,$6.99B,$4.15B,1.68,$26.62B,$10.41B,39.09%,$26.62B,$1.91B,7.16%,$26.62B,$1.91B,7.16%,$26.62B,$2.95B,11.10%,$26.62B,$1.54B,5.79%,$26.62B,$1.00B,3.74%,$1.00B,$4.15B,23.10%,$1.00B,$-0.25B,-929.91%,$1.00B,$20.16B,4.82%,$1.91B,$11.14B,16.78%,$5866,$3468,$2398,$0,$2047,$5749,$117,$-97,$20,$11,$9,$9,$11,$535,$117,$309,311,$0.03,$0.03,$734,$5738,$0,$7380,$7475,$0,$4408,$898,$12781,$20161,$5347,$6990,$2134,$10660,$16007,$0,$0,$0,$4154,$20161,$115,$259,$68,$327,$-341,$-232,$425,$-40,$-434,$8,$-212,$0,$0,$0,$0,$0,$1,$-211,$-3,$43,$40,$-100,$-100,$-112,$0,$-172,$-375,$16,$-112
10,2016-01-31,35.7,$13.71,2.6,$80.34,0.44,$0.95,37.49,$3.29,10.85,$7.65B,$5.73B,1.34,$7.00B,$4.25B,1.65,$27.08B,$10.58B,39.08%,$27.08B,$2.04B,7.53%,$27.08B,$2.04B,7.53%,$27.08B,$3.09B,11.40%,$27.08B,$1.68B,6.20%,$27.08B,$1.07B,3.96%,$1.07B,$4.25B,23.46%,$1.07B,$-0.16B,708.76%,$1.07B,$20.58B,5.14%,$2.04B,$11.25B,17.45%,$5771,$3516,$2255,$0,$1966,$5495,$276,$-98,$178,$63,$115,$115,$116,$1206,$276,$311,314,$0.37,$0.37,$1109,$5506,$0,$7652,$7616,$0,$4411,$897,$12924,$20576,$5728,$6995,$2123,$10595,$16323,$3,$6334,$-1043,$4253,$20576,$1070,$1047,$140,$1187,$-45,$-60,$-78,$-137,$-273,$1984,$-909,$0,$-212,$0,$0,$0,$29,$-1092,$347,$-83,$264,$-1833,$-1833,$-456,$-4,$-2029,$-1137,$65,$-456
11,2015-10-31,44.6,$12.64,3.53,$79.59,0.56,$2.74,16.3,$3.82,11.68,$9.07B,$7.25B,1.25,$7.08B,$3.98B,1.78,$27.57B,$11.04B,40.03%,$27.57B,$2.47B,8.95%,$27.57B,$2.47B,8.95%,$27.57B,$3.51B,12.73%,$27.57B,$2.09B,7.56%,$27.57B,$1.32B,4.79%,$1.32B,$3.98B,27.23%,$1.32B,$-0.44B,277.81%,$1.32B,$21.88B,6.28%,$2.47B,$11.05B,20.52%,$8869,$5549,$3320,$0,$2419,$7933,$936,$-93,$843,$300,$543,$543,$544,$517,$936,$328,333,$1.68,$1.66,$474,$7971,$0,$9071,$7629,$0,$4415,$768,$12812,$21883,$7254,$7076,$2125,$10654,$17908,$0,$0,$0,$3975,$21883,$527,$777,$155,$932,$226,$-2525,$1773,$-76,$-1181,$278,$-746,$0,$-212,$0,$0,$0,$97,$-861,$639,$136,$775,$-1620,$-1620,$-344,$0,$-1189,$-1772,$65,$-344
12,2015-07-31,60.05,$14.64,4.1,$79.09,0.76,$4.67,12.86,$4.07,14.75,$7.11B,$4.37B,1.63,$7.15B,$4.84B,1.48,$27.90B,$11.13B,39.90%,$27.90B,$2.63B,9.43%,$27.90B,$2.63B,9.43%,$27.90B,$3.68B,13.18%,$27.90B,$2.23B,8.01%,$27.90B,$1.42B,5.09%,$1.42B,$4.84B,27.33%,$1.42B,$0.42B,164.83%,$1.42B,$19.96B,6.70%,$2.63B,$12.00B,21.25%,$5874,$3537,$2337,$0,$1968,$5616,$258,$-80,$178,$61,$117,$117,$118,$696,$258,$325,330,$0.36,$0.36,$843,$5496,$0,$7110,$7704,$0,$4420,$726,$12850,$19960,$4366,$7151,$2150,$10750,$15116,$0,$0,$0,$4844,$19960,$410,$518,$27,$545,$92,$-50,$314,$-55,$-557,$398,$-507,$0,$-212,$0,$0,$0,$104,$-615,$-72,$-136,$-208,$-751,$-751,$-227,$0,$-1186,$-1403,$47,$-227
13,2015-04-30,55.9,$15.48,3.61,$78.34,0.71,$5.83,9.58,$4.23,13.22,$8.17B,$4.95B,1.65,$7.23B,$5.21B,1.39,$28.06B,$11.23B,40.03%,$28.06B,$2.77B,9.86%,$28.06B,$2.77B,9.86%,$28.06B,$3.80B,13.56%,$28.06B,$2.36B,8.41%,$28.06B,$1.50B,5.33%,$1.50B,$5.21B,27.50%,$1.50B,$0.78B,130.74%,$1.50B,$21.02B,7.01%,$2.77B,$12.44B,22.10%,$6104,$3610,$2494,$0,$2058,$5668,$436,$-93,$343,$126,$217,$217,$217,$667,$436,$336,341,$0.65,$0.64,$1509,$5929,$0,$8168,$7712,$0,$4428,$710,$12850,$21018,$4947,$7229,$2179,$10864,$15811,$0,$0,$0,$5207,$21018,$193,$258,$12,$270,$167,$-483,$691,$-50,$-410,$53,$-239,$0,$-212,$0,$0,$0,$70,$-381,$-3,$-41,$-44,$-259,$-259,$-106,$0,$-409,$-737,$18,$-106
14,2015-01-31,54.98,$15.79,3.48,$77.21,0.71,$6.33,8.69,$4.27,12.88,$8.58B,$5.08B,1.69,$7.23B,$5.38B,1.35,$28.11B,$11.24B,40.00%,$28.11B,$2.80B,9.96%,$28.11B,$2.80B,9.96%,$28.11B,$3.83B,13.63%,$28.11B,$2.39B,8.50%,$28.11B,$1.53B,5.43%,$1.53B,$5.38B,26.97%,$1.53B,$1.14B,108.36%,$1.53B,$21.33B,7.13%,$2.80B,$12.61B,22.01%,$6232,$3800,$2432,$0,$2023,$5823,$409,$-95,$314,$121,$193,$193,$193,$1629,$409,$341,347,$0.57,$0.56,$2246,$5417,$0,$8580,$7800,$0,$4239,$711,$12750,$21330,$5075,$7233,$2201,$10877,$15952,$4,$7340,$-1072,$5378,$21330,$1526,$1031,$97,$1128,$22,$44,$-21,$-54,$55,$2709,$-896,$0,$0,$0,$0,$0,$-74,$-970,$174,$133,$307,$-1643,$-1643,$-421,$-9,$-1766,$-27,$73,$-421
15,2014-10-31,49.51,$15.50,3.19,$75.24,0.66,$6.04,8.2,$4.17,11.87,$9.55B,$6.96B,1.37,$7.13B,$5.35B,1.33,$27.94B,$11.21B,40.10%,$27.94B,$2.79B,9.97%,$27.94B,$2.79B,9.97%,$27.94B,$3.81B,13.63%,$27.94B,$2.39B,8.55%,$27.94B,$1.54B,5.53%,$1.54B,$5.35B,26.27%,$1.54B,$1.10B,95.41%,$1.54B,$22.41B,7.19%,$2.79B,$12.48B,21.74%,$9364,$5589,$3775,$0,$2324,$8000,$1364,$-114,$1250,$457,$793,$793,$793,$684,$1364,$355,362,$2.26,$2.21,$1048,$7789,$0,$9553,$7787,$0,$4247,$825,$12859,$22412,$6963,$7130,$1654,$10098,$17061,$0,$0,$0,$5351,$22412,$733,$766,$84,$850,$154,$-2232,$1935,$-53,$-742,$841,$-658,$0,$0,$0,$0,$0,$-2,$-660,$38,$123,$161,$-1248,$-1248,$-314,$-5,$-1406,$-1225,$55,$-314
16,2014-07-31,49.23,$16.44,2.99,$74.42,0.66,$6.28,7.83,$4.03,12.22,$7.80B,$5.14B,1.52,$6.73B,$0.00B,0.0,$28.02B,$11.24B,40.09%,$28.02B,$2.72B,9.72%,$28.02B,$2.72B,9.72%,$28.02B,$3.74B,13.35%,$28.02B,$2.33B,8.31%,$28.02B,$1.50B,5.37%,$1.50B,$5.81B,25.49%,$1.50B,$1.55B,92.09%,$1.50B,$20.61B,7.00%,$2.72B,$12.54B,21.38%,$6195,$3766,$2429,$0,$2007,$5773,$422,$-96,$326,$109,$217,$217,$217,$824,$422,$352,358,$0.62,$0.61,$1630,$5416,$0,$7797,$7771,$0,$4255,$783,$12809,$20606,$5136,$6729,$1647,$9663,$14799,$0,$0,$0,$5807,$20606,$516,$504,$40,$544,$86,$141,$276,$-54,$-324,$736,$-427,$0,$0,$0,$0,$0,$49,$-378,$41,$-61,$-20,$-773,$-773,$-204,$-4,$-1001,$-643,$38,$-204
17,2014-04-30,48.66,$16.92,2.88,$72.85,0.67,$6.35,7.67,$3.95,12.32,$8.50B,$5.10B,1.67,$7.16B,$0.00B,0.0,$27.82B,$11.17B,40.16%,$27.82B,$2.69B,9.65%,$27.82B,$2.69B,9.65%,$27.82B,$3.70B,13.30%,$27.82B,$2.30B,8.25%,$27.82B,$1.49B,5.37%,$1.49B,$6.10B,25.26%,$1.49B,$1.84B,91.18%,$1.49B,$21.31B,6.96%,$2.69B,$13.26B,21.24%,$6267,$3672,$2595,$0,$2024,$5696,$571,$-100,$471,$179,$292,$292,$292,$694,$571,$359,365,$0.81,$0.80,$1878,$5897,$0,$8504,$7792,$0,$4262,$747,$12801,$21305,$5104,$7162,$1635,$10101,$15205,$0,$0,$0,$6100,$21305,$224,$251,$29,$280,$163,$-340,$628,$-65,$-330,$174,$-190,$0,$0,$0,$0,$0,$6,$-184,$-5,$-11,$-16,$-277,$-277,$-92,$0,$-385,$-395,$21,$-92
18,2014-01-31,44.88,$17.13,2.62,$72.19,0.62,$6.86,6.54,$3.90,11.51,$8.69B,$5.73B,1.52,$6.71B,$6.25B,1.07,$27.93B,$11.21B,40.12%,$27.93B,$2.68B,9.59%,$27.93B,$2.68B,9.59%,$27.93B,$3.69B,13.21%,$27.93B,$2.29B,8.20%,$27.93B,$1.49B,5.32%,$1.49B,$6.25B,25.28%,$1.49B,$1.98B,93.05%,$1.49B,$21.62B,6.95%,$2.68B,$12.96B,21.38%,$6279,$3836,$2443,$0,$2000,$5836,$443,$-100,$343,$119,$224,$224,$224,$1607,$443,$366,373,$0.61,$0.60,$2273,$5557,$0,$8688,$7930,$0,$4270,$732,$12932,$21620,$5726,$6714,$1658,$9645,$15371,$4,$6235,$-665,$6249,$21620,$1486,$1012,$8,$1020,$-58,$-249,$101,$194,$43,$2549,$-731,$0,$0,$0,$0,$0,$-57,$-788,$276,$24,$300,$-1256,$-1256,$-359,$-9,$-1324,$437,$62,$-359
19,2013-10-31,38.72,$14.77,2.62,$70.96,0.55,$5.30,7.31,$3.57,10.84,$9.56B,$7.19B,1.33,$6.73B,$0.00B,0.0,$28.08B,$11.26B,40.12%,$28.08B,$2.72B,9.69%,$28.08B,$2.72B,9.69%,$28.08B,$3.74B,13.30%,$28.08B,$2.19B,7.81%,$28.08B,$1.41B,5.00%,$1.41B,$5.44B,24.10%,$1.41B,$1.16B,91.29%,$1.41B,$22.45B,6.62%,$2.72B,$12.17B,21.76%,$9202,$5464,$3738,$0,$2301,$7853,$1349,$-99,$1250,$439,$811,$811,$811,$615,$1349,$378,385,$2.17,$2.12,$1171,$7716,$0,$9560,$7950,$0,$4278,$658,$12886,$22446,$7186,$6732,$1861,$9818,$17004,$0,$0,$0,$5442,$22446,$675,$754,$5,$759,$102,$-2408,$2155,$133,$-615,$819,$-531,$0,$0,$0,$0,$0,$-10,$-541,$279,$73,$352,$-1018,$-1018,$-267,$-10,$-943,$-665,$48,$-267
20,2013-07-31,40.36,$15.56,2.59,$69.35,0.58,$5.26,7.68,$3.46,11.66,$7.52B,$5.17B,1.45,$6.34B,$0.00B,0.0,$27.88B,$11.21B,40.20%,$27.88B,$2.69B,9.63%,$27.88B,$2.69B,9.63%,$27.88B,$3.71B,13.31%,$27.88B,$2.15B,7.71%,$27.88B,$1.37B,4.93%,$1.37B,$5.86B,23.43%,$1.37B,$1.57B,87.98%,$1.37B,$20.43B,6.48%,$2.69B,$12.19B,21.39%,$6276,$3817,$2459,$0,$2099,$5916,$360,$-96,$264,$87,$177,$177,$177,$784,$360,$375,380,$0.47,$0.47,$1424,$5357,$0,$7515,$8001,$0,$4286,$629,$12916,$20431,$5171,$6339,$1849,$9405,$14576,$0,$0,$0,$5855,$20431,$498,$499,$-5,$494,$41,$-49,$442,$86,$-328,$664,$-311,$0,$0,$0,$0,$0,$-5,$-316,$-7,$2,$-5,$-579,$-579,$-173,$-3,$-760,$-412,$32,$-173
21,2013-04-30,37.05,$15.56,2.38,$68.43,0.54,$4.93,7.51,$3.41,10.86,$8.07B,$5.20B,1.55,$6.80B,$0.00B,0.0,$27.93B,$11.24B,40.24%,$27.93B,$2.71B,9.68%,$27.93B,$2.71B,9.68%,$27.93B,$3.74B,13.38%,$27.93B,$2.16B,7.74%,$27.93B,$1.37B,4.91%,$1.37B,$5.97B,23.35%,$1.37B,$1.68B,87.70%,$1.37B,$21.04B,6.46%,$2.71B,$12.77B,21.41%,$6066,$3533,$2533,$0,$1999,$5532,$534,$-96,$438,$157,$281,$281,$281,$684,$534,$383,389,$0.73,$0.72,$1752,$5631,$0,$8066,$8063,$0,$4295,$616,$12974,$21040,$5201,$6797,$1831,$9868,$15069,$0,$0,$0,$5971,$21040,$217,$249,$22,$271,$78,$-323,$754,$19,$-190,$298,$-111,$0,$0,$0,$0,$0,$4,$-107,$-5,$44,$39,$-236,$-236,$-78,$0,$-275,$-84,$17,$-78
22,2013-01-31,32.66,$15.61,2.09,$66.72,0.49,$4.63,7.05,$3.29,9.93,$7.88B,$5.08B,1.55,$6.81B,$6.05B,1.13,$27.69B,$11.15B,40.27%,$27.69B,$2.66B,9.61%,$27.69B,$2.66B,9.61%,$27.69B,$3.69B,13.34%,$27.69B,$2.10B,7.59%,$27.69B,$1.34B,4.82%,$1.34B,$6.05B,22.68%,$1.34B,$1.75B,85.06%,$1.34B,$20.99B,6.27%,$2.66B,$12.86B,21.10%,$6387,$3911,$2476,$0,$2041,$5952,$435,$-97,$338,$121,$217,$217,$217,$1652,$435,$388,395,$0.56,$0.55,$1836,$5308,$0,$7876,$8196,$0,$4304,$615,$13115,$20991,$5075,$6806,$1821,$9865,$14940,$4,$5108,$-931,$6051,$20991,$1335,$1033,$80,$1113,$7,$-191,$23,$-59,$-269,$2179,$-876,$0,$0,$0,$0,$0,$95,$-781,$-803,$-88,$-891,$-1163,$-1163,$-324,$-11,$-2389,$-991,$61,$-324
23,2012-10-31,31.31,$14.07,2.22,$64.31,0.49,$5.01,6.25,$3.20,9.78,$9.16B,$6.68B,1.37,$6.82B,$0.00B,0.0,$27.06B,$10.93B,40.37%,$27.06B,$2.55B,9.44%,$27.06B,$2.55B,9.44%,$27.06B,$3.59B,13.27%,$27.06B,$2.13B,7.86%,$27.06B,$1.35B,4.99%,$1.35B,$5.56B,23.05%,$1.35B,$1.25B,88.19%,$1.35B,$22.27B,6.26%,$2.55B,$12.38B,20.36%,$9350,$5554,$3796,$0,$2400,$7959,$1391,$-239,$1152,$422,$730,$730,$730,$591,$1391,$406,412,$1.82,$1.78,$1264,$7208,$0,$9163,$8212,$0,$4313,$582,$13107,$22270,$6684,$6817,$2024,$10023,$16707,$0,$0,$0,$5563,$22270,$605,$772,$61,$833,$91,$-2091,$1941,$115,$-549,$889,$-597,$0,$0,$0,$0,$0,$-18,$-615,$-803,$38,$-765,$-826,$-826,$-246,$0,$-1837,$-1563,$47,$-246
24,2012-07-31,29.33,$14.67,2.0,$62.97,0.47,$4.64,6.32,$3.16,9.28,$7.39B,$4.85B,1.52,$6.64B,$0.00B,0.0,$26.84B,$10.83B,40.36%,$26.84B,$2.52B,9.39%,$26.84B,$2.52B,9.39%,$26.84B,$3.57B,13.29%,$26.84B,$2.09B,7.78%,$26.84B,$1.34B,5.01%,$1.34B,$5.90B,22.66%,$1.34B,$1.58B,84.34%,$1.34B,$20.57B,6.24%,$2.52B,$12.54B,20.24%,$6075,$3672,$2403,$0,$2078,$5750,$325,$-103,$222,$77,$145,$145,$145,$809,$325,$401,408,$0.36,$0.36,$1604,$5036,$0,$7386,$8291,$0,$4323,$565,$13179,$20565,$4854,$6637,$2037,$9808,$14662,$0,$0,$0,$5903,$20565,$460,$506,$-4,$502,$14,$81,$292,$93,$-324,$638,$-396,$0,$0,$0,$0,$0,$3,$-393,$-797,$-43,$-840,$-463,$-463,$-165,$0,$-1468,$-1223,$31,$-165
25,2012-04-30,33.38,$14.60,2.29,$61.97,0.54,$4.84,6.89,$3.04,10.98,$8.03B,$5.40B,1.49,$6.64B,$0.00B,0.0,$26.66B,$10.75B,40.32%,$26.66B,$2.47B,9.27%,$26.66B,$2.47B,9.27%,$26.66B,$3.53B,13.24%,$26.66B,$2.03B,7.63%,$26.66B,$1.31B,4.90%,$1.31B,$6.03B,21.97%,$1.31B,$1.70B,81.68%,$1.31B,$21.28B,6.06%,$2.47B,$12.68B,20.02%,$6118,$3555,$2563,$0,$2009,$5564,$554,$-105,$449,$170,$279,$279,$279,$642,$554,$411,417,$0.68,$0.67,$1891,$5465,$0,$8033,$8359,$0,$4332,$553,$13244,$21277,$5399,$6644,$2073,$9845,$15244,$0,$0,$0,$6033,$21277,$181,$251,$-3,$248,$-355,$-348,$720,$86,$-164,$265,$-191,$0,$0,$0,$0,$0,$-11,$-202,$-795,$-16,$-811,$-105,$-105,$-83,$0,$-999,$-936,$21,$-83
26,2012-01-31,27.27,$14.32,1.9,$61.19,0.45,$4.61,5.91,$2.91,9.37,$8.78B,$6.26B,1.4,$6.66B,$5.93B,1.12,$26.41B,$10.67B,40.40%,$26.41B,$2.41B,9.13%,$26.41B,$2.41B,9.13%,$26.41B,$3.48B,13.18%,$26.41B,$1.97B,7.45%,$26.41B,$1.26B,4.76%,$1.26B,$5.93B,21.44%,$1.26B,$1.59B,83.57%,$1.26B,$22.10B,5.89%,$2.41B,$12.59B,19.78%,$6143,$3757,$2386,$0,$1995,$5752,$391,$-112,$279,$98,$181,$181,$181,$1548,$391,$417,424,$0.43,$0.43,$2827,$5117,$0,$8777,$8420,$0,$4341,$557,$13318,$22095,$6263,$6655,$2103,$9899,$16162,$5,$4015,$-1061,$5933,$22095,$1256,$1070,$198,$1268,$-37,$-359,$143,$-395,$-351,$2173,$-650,$0,$0,$0,$0,$0,$-47,$-697,$346,$49,$395,$-340,$-340,$-148,$-20,$-113,$1363,$70,$-148
27,2011-10-31,24.64,$13.94,1.77,$60.27,0.41,$3.59,6.86,$2.72,9.06,$8.95B,$7.21B,1.24,$6.15B,$0.00B,0.0,$25.95B,$10.51B,40.49%,$25.95B,$2.27B,8.75%,$25.95B,$2.27B,8.75%,$25.95B,$3.36B,12.94%,$25.95B,$1.82B,7.01%,$25.95B,$1.18B,4.54%,$1.18B,$5.85B,20.46%,$1.18B,$1.50B,84.60%,$1.18B,$22.26B,5.62%,$2.27B,$12.00B,18.67%,$8724,$5151,$3573,$0,$2314,$7440,$1284,$-108,$1176,$431,$745,$745,$745,$569,$1284,$425,430,$1.76,$1.75,$1097,$7158,$0,$8951,$8423,$0,$4351,$538,$13312,$22263,$7210,$6151,$1648,$9201,$16411,$0,$0,$0,$5852,$22263,$511,$806,$216,$1022,$28,$-2400,$2023,$-220,$-906,$627,$-478,$0,$0,$0,$0,$0,$6,$-472,$-451,$140,$-311,$-97,$-97,$-106,$-8,$-522,$-367,$54,$-106
28,2011-07-31,23.2,$13.96,1.66,$59.86,0.39,$3.49,6.65,$2.42,9.59,$7.12B,$5.37B,1.33,$6.16B,$0.00B,0.0,$25.72B,$10.45B,40.61%,$25.72B,$2.16B,8.39%,$25.72B,$2.16B,8.39%,$25.72B,$3.25B,12.62%,$25.72B,$1.65B,6.41%,$25.72B,$1.05B,4.08%,$1.05B,$5.96B,19.05%,$1.05B,$1.60B,92.79%,$1.05B,$20.51B,5.04%,$2.16B,$12.13B,17.80%,$5853,$3544,$2309,$0,$2018,$5562,$291,$-108,$183,$44,$139,$139,$139,$770,$291,$425,432,$0.33,$0.32,$1495,$4948,$0,$7122,$8506,$0,$4361,$519,$13386,$20508,$5371,$6162,$1675,$9174,$14545,$0,$0,$0,$5963,$20508,$372,$528,$133,$661,$36,$-190,$512,$-243,$-446,$587,$-246,$0,$0,$0,$0,$0,$24,$-222,$-337,$-6,$-343,$81,$81,$-64,$-8,$-334,$31,$37,$-64
29,2011-04-30,19.15,$13.33,1.44,$59.18,0.32,$3.09,6.2,$2.22,8.62,$6.91B,$5.41B,1.28,$6.34B,$0.00B,0.0,$25.32B,$10.29B,40.63%,$25.32B,$2.02B,7.98%,$25.32B,$2.02B,7.98%,$25.32B,$3.13B,12.36%,$25.32B,$1.49B,5.90%,$25.32B,$0.96B,3.77%,$0.96B,$5.69B,18.28%,$0.96B,$1.32B,113.76%,$0.96B,$20.42B,4.59%,$2.02B,$12.03B,16.60%,$5939,$3457,$2482,$0,$1976,$5433,$506,$-111,$395,$154,$241,$241,$241,$594,$506,$428,435,$0.56,$0.55,$1152,$5159,$0,$6914,$8636,$0,$4371,$496,$13503,$20417,$5408,$6343,$1694,$9321,$14729,$0,$0,$0,$5688,$20417,$131,$264,$85,$349,$113,$-401,$655,$-251,$-413,$67,$-90,$0,$0,$0,$0,$0,$26,$-64,$-335,$10,$-325,$31,$31,$-21,$0,$-315,$-312,$16,$-21
30,2011-01-31,18.5,$13.06,1.42,$58.56,0.32,$2.65,6.97,$1.97,9.39,$6.90B,$4.99B,1.38,$6.97B,$5.53B,1.26,$25.00B,$10.18B,40.71%,$25.00B,$1.89B,7.58%,$25.00B,$1.89B,7.58%,$25.00B,$3.02B,12.07%,$25.00B,$1.32B,5.28%,$25.00B,$0.85B,3.39%,$0.85B,$5.53B,17.02%,$0.85B,$1.15B,145.97%,$0.85B,$20.63B,4.06%,$1.89B,$12.50B,15.51%,$5889,$3586,$2303,$0,$1973,$5559,$330,$-116,$214,$83,$131,$131,$131,$1425,$330,$425,430,$0.31,$0.30,$1464,$4758,$0,$6899,$8813,$0,$4380,$539,$13732,$20631,$4991,$6971,$1939,$10110,$15101,$5,$2990,$-730,$5530,$20631,$847,$1125,$332,$1457,$-51,$-143,$91,$-765,$-798,$1506,$-431,$0,$0,$0,$0,$0,$-34,$-465,$-1245,$24,$-1221,$42,$42,$-84,$0,$-1263,$-222,$66,$-84
31,2010-10-31,18.88,$11.44,1.65,$57.76,0.33,$3.33,5.67,$1.52,12.42,$7.84B,$6.49B,1.21,$6.98B,$0.00B,0.0,$24.58B,$10.04B,40.83%,$24.58B,$1.62B,6.61%,$24.58B,$1.62B,6.61%,$24.58B,$2.77B,11.26%,$24.58B,$1.03B,4.19%,$24.58B,$0.63B,2.54%,$0.63B,$4.84B,13.14%,$0.63B,$0.45B,178.19%,$0.63B,$21.68B,2.97%,$1.62B,$11.83B,13.13%,$8269,$4855,$3414,$0,$2245,$7125,$1144,$-118,$1026,$359,$667,$667,$667,$458,$1144,$423,427,$1.58,$1.56,$715,$6530,$0,$7837,$8915,$0,$4390,$540,$13845,$21682,$6490,$6982,$2238,$10349,$16839,$0,$0,$0,$4843,$21682,$180,$844,$155,$999,$47,$-1915,$1719,$-379,$-833,$346,$-242,$0,$0,$0,$0,$0,$-43,$-285,$-1090,$92,$-998,$29,$29,$-63,$0,$-1032,$-971,$55,$-63
32,2010-07-31,14.84,$11.45,1.3,$57.12,0.26,$3.35,4.42,$1.42,10.45,$6.43B,$4.77B,1.35,$7.49B,$0.00B,0.0,$24.24B,$9.91B,40.90%,$24.24B,$1.50B,6.20%,$24.24B,$1.50B,6.20%,$24.24B,$2.66B,10.97%,$24.24B,$0.93B,3.85%,$24.24B,$0.58B,2.39%,$0.58B,$4.84B,12.42%,$0.58B,$0.44B,229.02%,$0.58B,$20.44B,2.74%,$1.50B,$12.33B,11.84%,$5623,$3377,$2246,$0,$2069,$5446,$177,$-164,$13,$3,$10,$10,$10,$652,$177,$424,428,$0.02,$0.02,$1208,$4633,$0,$6433,$9070,$0,$4401,$534,$14005,$20438,$4768,$7493,$2234,$10831,$15599,$0,$0,$0,$4839,$20438,$170,$563,$74,$637,$4,$-18,$403,$-386,$-519,$288,$-125,$0,$0,$0,$0,$0,$1,$-124,$-584,$-30,$-614,$14,$14,$-42,$0,$-642,$-478,$32,$-42
33,2010-04-30,18.42,$11.11,1.66,$56.37,0.33,$3.54,5.21,$1.09,16.89,$6.44B,$5.10B,1.26,$7.50B,$0.00B,0.0,$23.86B,$9.73B,40.78%,$23.86B,$1.38B,5.78%,$23.86B,$1.38B,5.78%,$23.86B,$2.55B,10.69%,$23.86B,$0.80B,3.36%,$23.86B,$0.44B,1.84%,$0.44B,$4.69B,9.57%,$0.44B,$0.28B,257.31%,$0.44B,$20.64B,2.07%,$1.38B,$12.19B,10.70%,$5537,$3214,$2323,$0,$1953,$5167,$370,$-130,$240,$93,$147,$147,$147,$484,$370,$423,427,$0.35,$0.35,$981,$4921,$0,$6441,$9294,$0,$4411,$490,$14195,$20636,$5102,$7503,$2231,$10843,$15945,$0,$0,$0,$4691,$20636,$23,$281,$13,$294,$71,$-306,$639,$-405,$-466,$-149,$-59,$0,$0,$0,$0,$0,$15,$-44,$-505,$1,$-504,$13,$13,$-21,$0,$-512,$-705,$29,$-21
34,2010-01-31,12.61,$11.06,1.14,$55.63,0.23,$3.86,3.27,$0.83,15.2,$6.88B,$4.46B,1.54,$8.46B,$4.65B,1.82,$23.49B,$9.52B,40.51%,$23.49B,$1.06B,4.53%,$23.49B,$1.06B,4.53%,$23.49B,$2.25B,9.58%,$23.49B,$0.51B,2.16%,$23.49B,$0.33B,1.40%,$0.33B,$4.65B,7.21%,$0.33B,$0.23B,258.55%,$0.33B,$21.30B,1.54%,$1.06B,$13.11B,8.07%,$5574,$3378,$2196,$0,$1993,$5371,$203,$-162,$41,$18,$23,$23,$23,$1173,$203,$423,426,$0.05,$0.05,$1686,$4615,$223,$6882,$9507,$0,$4421,$490,$14418,$21300,$4462,$8456,$2597,$12185,$16647,$5,$2227,$-753,$4653,$21300,$329,$1187,$590,$1777,$7,$154,$29,$-385,$-356,$1750,$-400,$0,$0,$0,$0,$0,$23,$-377,$-966,$-29,$-995,$7,$7,$-84,$0,$-1072,$301,$76,$-84
35,2009-10-31,13.87,$10.67,1.3,$55.92,0.25,$3.06,4.54,$0.46,30.16,$7.51B,$5.81B,1.29,$8.62B,$0.00B,0.0,$23.57B,$9.37B,39.73%,$23.57B,$-4.55B,-19.28%,$23.57B,$-4.55B,-19.28%,$23.57B,$2.05B,8.67%,$23.57B,$-5.11B,-21.66%,$23.57B,$-4.86B,-20.62%,$-4.86B,$4.49B,-106.58%,$-4.86B,$0.06B,-4217.79%,$-4.86B,$22.31B,-22.46%,$-4.55B,$13.11B,-34.34%,$7849,$4577,$3272,$0,$2212,$6975,$874,$-139,$735,$290,$445,$445,$445,$351,$874,$422,423,$1.05,$1.05,$581,$6406,$216,$7513,$9862,$0,$4431,$507,$14800,$22313,$5810,$8618,$2384,$12009,$17819,$0,$0,$0,$4494,$22313,$-116,$888,$180,$1068,$90,$-1637,$1691,$-173,$-546,$406,$-292,$0,$0,$0,$0,$0,$8,$-284,$-964,$94,$-870,$7,$7,$-63,$0,$-926,$-804,$65,$-63
36,2009-07-31,10.95,$10.83,1.01,$56.45,0.19,$2.06,5.33,$0.44,24.88,$5.80B,$4.07B,1.43,$8.63B,$0.00B,0.0,$23.79B,$9.41B,39.57%,$23.79B,$-4.53B,-19.05%,$23.79B,$-4.53B,-19.05%,$23.79B,$2.08B,8.73%,$23.79B,$-5.10B,-21.43%,$23.79B,$-4.87B,-20.47%,$-4.87B,$4.55B,-83.11%,$-4.87B,$0.11B,-8935.78%,$-4.87B,$20.78B,-20.91%,$-4.53B,$13.18B,-31.12%,$5277,$3156,$2121,$0,$2033,$5222,$55,$-137,$-82,$-47,$-35,$-35,$-35,$543,$55,$422,422,$-0.08,$-0.08,$592,$4634,$231,$5804,$10046,$0,$4440,$494,$14980,$20784,$4072,$8632,$2449,$12163,$16235,$0,$0,$0,$4549,$20784,$-81,$592,$178,$770,$24,$379,$135,$-98,$-269,$420,$-182,$0,$0,$0,$0,$0,$14,$-168,$-958,$-44,$-1002,$-1,$-1,$-42,$0,$-1045,$-793,$42,$-42
37,2009-04-30,10.72,$10.83,0.99,$57.76,0.19,$2.12,5.05,$0.59,18.17,$6.16B,$4.40B,1.4,$8.72B,$0.00B,0.0,$24.34B,$9.64B,39.61%,$24.34B,$-4.52B,-18.58%,$24.34B,$-4.52B,-18.58%,$24.34B,$2.10B,8.63%,$24.34B,$-5.09B,-20.90%,$24.34B,$-4.80B,-19.73%,$-4.80B,$4.56B,-66.89%,$-4.80B,$0.11B,-34314.29%,$-4.80B,$21.33B,-19.14%,$-4.52B,$13.27B,-28.40%,$5164,$3021,$2143,$0,$1861,$4916,$248,$-139,$109,$102,$7,$7,$7,$183,$248,$422,422,$0.02,$0.02,$420,$5026,$253,$6159,$10226,$0,$4450,$496,$15172,$21331,$4397,$8719,$2504,$12379,$16776,$0,$0,$0,$4555,$21331,$-88,$297,$208,$505,$94,$-257,$516,$-60,$-420,$-3,$-68,$0,$0,$0,$0,$0,$14,$-54,$-837,$-50,$-887,$0,$0,$-21,$0,$-908,$-965,$27,$-21
38,2009-01-31,6.97,$11.06,0.63,$59.08,0.12,$2.11,3.31,$0.66,10.56,$6.74B,$5.13B,1.32,$8.73B,$4.65B,1.88,$24.89B,$9.88B,39.70%,$24.89B,$-4.38B,-17.59%,$24.89B,$-4.38B,-17.59%,$24.89B,$2.26B,9.06%,$24.89B,$-4.94B,-19.84%,$24.89B,$-4.78B,-19.18%,$-4.78B,$4.65B,-56.20%,$-4.78B,$0.18B,10105.82%,$-4.78B,$22.15B,-17.91%,$-4.38B,$13.38B,-25.40%,$5199,$3219,$1980,$0,$1956,$5313,$-114,$-141,$-255,$-167,$-88,$-88,$-88,$968,$-114,$421,421,$-0.21,$-0.21,$1385,$4769,$226,$6740,$10442,$0,$4462,$501,$15405,$22145,$5126,$8733,$2521,$12373,$17499,$5,$2008,$-486,$4646,$22145,$-4775,$6633,$126,$6759,$-1,$291,$-90,$56,$-118,$1866,$-859,$0,$0,$0,$0,$0,$67,$-792,$-16,$-116,$-132,$6,$6,$-221,$-18,$-365,$709,$43,$-221
39,2008-10-31,9.42,$23.04,0.41,$59.26,0.16,$2.67,3.53,$1.66,5.67,$7.87B,$7.02B,1.12,$8.75B,$0.00B,0.0,$25.55B,$10.33B,40.44%,$25.55B,$1.58B,6.18%,$25.55B,$1.58B,6.18%,$25.55B,$2.83B,11.07%,$25.55B,$1.03B,4.02%,$25.55B,$0.72B,2.82%,$0.72B,$9.69B,7.34%,$0.72B,$-0.18B,-669.77%,$0.72B,$28.90B,2.57%,$1.58B,$18.44B,8.47%,$7934,$4812,$3122,$0,$2256,$12669,$-4735,$-143,$-4878,$-133,$-4745,$-4745,$-4745,$382,$-4735,$421,421,$-11.27,$-11.27,$300,$6915,$246,$7871,$10616,$0,$9870,$547,$21033,$28904,$7019,$8748,$1981,$12195,$19214,$0,$0,$0,$9690,$28904,$-30,$930,$219,$1149,$84,$-1855,$1633,$-8,$-802,$317,$-625,$0,$0,$0,$0,$0,$19,$-606,$107,$64,$171,$6,$6,$-166,$-5,$6,$-283,$32,$-166
40,2008-07-31,14.33,$23.39,0.61,$59.70,0.24,$2.49,5.76,$1.84,7.79,$6.91B,$5.94B,1.16,$8.76B,$0.00B,0.0,$25.97B,$10.49B,40.39%,$25.97B,$1.69B,6.52%,$25.97B,$1.69B,6.52%,$25.97B,$2.94B,11.34%,$25.97B,$1.14B,4.39%,$25.97B,$0.80B,3.07%,$0.80B,$9.84B,8.17%,$0.80B,$-0.05B,-418.92%,$0.80B,$27.99B,2.82%,$1.69B,$18.60B,9.07%,$5493,$3324,$2169,$0,$2085,$5425,$68,$-143,$-75,$-31,$-44,$-44,$-44,$567,$68,$421,421,$-0.10,$-0.10,$1293,$5008,$243,$6912,$10655,$0,$9889,$537,$21081,$27993,$5944,$8761,$2002,$12213,$18157,$0,$0,$0,$9836,$27993,$14,$616,$209,$825,$109,$52,$437,$0,$-247,$592,$-325,$0,$0,$0,$0,$0,$13,$-312,$641,$-101,$540,$5,$5,$-110,$-5,$430,$710,$26,$-110
41,2008-04-30,19.15,$23.33,0.82,$59.03,0.32,$1.92,9.97,$1.83,10.46,$6.35B,$5.62B,1.13,$8.72B,$0.00B,0.0,$26.14B,$10.50B,40.17%,$26.14B,$1.69B,6.45%,$26.14B,$1.69B,6.45%,$26.14B,$2.95B,11.27%,$26.14B,$1.13B,4.33%,$26.14B,$0.80B,3.05%,$0.80B,$9.81B,8.23%,$0.80B,$-0.14B,-277.08%,$0.80B,$27.58B,2.83%,$1.69B,$18.53B,8.93%,$5718,$3346,$2372,$0,$2037,$5459,$259,$-138,$121,$48,$73,$73,$73,$338,$259,$421,422,$0.17,$0.17,$366,$5284,$249,$6348,$10741,$0,$9951,$539,$21231,$27579,$5616,$8723,$1984,$12152,$17768,$0,$0,$0,$9811,$27579,$-59,$308,$130,$438,$78,$-224,$586,$-37,$-358,$21,$-99,$0,$0,$0,$0,$0,$0,$-99,$-6,$-83,$-89,$5,$5,$-55,$0,$-139,$-217,$21,$-55
42,2008-01-31,20.79,$23.61,0.88,$57.80,0.36,$1.12,18.52,$2.05,10.14,$6.32B,$5.36B,1.18,$9.09B,$9.91B,0.92,$26.31B,$10.64B,40.42%,$26.31B,$1.86B,7.08%,$26.31B,$1.86B,7.08%,$26.31B,$3.14B,11.92%,$26.31B,$1.32B,5.02%,$26.31B,$0.89B,3.39%,$0.89B,$9.91B,9.05%,$0.89B,$-0.06B,-587.50%,$0.89B,$27.79B,3.13%,$1.86B,$18.99B,9.70%,$5747,$3527,$2220,$0,$2103,$5717,$30,$-136,$-106,$-47,$-59,$-59,$-59,$1542,$30,$421,421,$-0.14,$-0.14,$583,$5060,$218,$6324,$10991,$0,$9964,$510,$21465,$27789,$5360,$9087,$1989,$12522,$17882,$5,$7032,$-182,$9907,$27789,$893,$1273,$293,$1566,$9,$256,$-132,$2,$-247,$2212,$-878,$0,$66,$0,$0,$0,$52,$-760,$1301,$-57,$1244,$-3065,$-3065,$-230,$-18,$-2069,$-618,$60,$-230
43,2007-10-31,24.0,$21.87,1.1,$55.50,0.43,$3.61,6.65,$1.72,13.96,$8.01B,$7.65B,1.05,$9.10B,$0.00B,0.0,$26.88B,$10.80B,40.19%,$26.88B,$1.90B,7.07%,$26.88B,$1.90B,7.07%,$26.88B,$3.17B,11.81%,$26.88B,$1.45B,5.38%,$26.88B,$0.88B,3.26%,$0.88B,$9.47B,8.38%,$0.88B,$-0.51B,216.83%,$0.88B,$29.67B,3.03%,$1.90B,$18.57B,9.76%,$8594,$5021,$3573,$0,$2282,$7372,$1222,$-136,$1086,$336,$750,$750,$750,$497,$1222,$447,452,$1.68,$1.65,$275,$7012,$261,$8007,$11072,$0,$9981,$609,$21662,$29669,$7650,$9097,$2045,$12549,$20199,$0,$0,$0,$9470,$29669,$143,$953,$197,$1150,$57,$-1695,$0,$10,$-1008,$285,$-685,$0,$66,$0,$0,$0,$1,$-618,$2271,$65,$2336,$-2747,$-2747,$-173,$-18,$-602,$-936,$48,$-173
44,2007-07-31,26.91,$22.16,1.21,$52.73,0.51,$7.43,3.62,$1.63,16.51,$6.21B,$5.08B,1.22,$9.76B,$0.00B,0.0,$26.86B,$10.83B,40.31%,$26.86B,$1.85B,6.90%,$26.86B,$1.85B,6.90%,$26.86B,$3.11B,11.59%,$26.86B,$1.44B,5.35%,$26.86B,$0.84B,3.13%,$0.84B,$9.61B,7.40%,$0.84B,$-0.44B,65.68%,$0.84B,$27.93B,2.85%,$1.85B,$19.37B,9.21%,$5906,$3585,$2321,$0,$2121,$5723,$183,$-145,$38,$5,$33,$33,$33,$569,$183,$434,438,$0.08,$0.08,$249,$5200,$267,$6206,$11110,$0,$10051,$561,$21722,$27928,$5079,$9762,$2089,$13242,$18321,$0,$0,$0,$9607,$27928,$110,$639,$92,$731,$26,$117,$0,$37,$-429,$412,$-382,$0,$66,$0,$0,$0,$1,$-315,$1837,$-97,$1740,$-2666,$-2666,$-117,$-15,$-1058,$-962,$32,$-117
45,2007-04-30,32.66,$22.80,1.43,$50.58,0.65,$11.54,2.83,$2.04,16.01,$6.78B,$5.24B,1.3,$9.43B,$0.00B,0.0,$26.96B,$10.83B,40.18%,$26.96B,$2.02B,7.51%,$26.96B,$2.02B,7.51%,$26.96B,$3.26B,12.08%,$26.96B,$1.65B,6.11%,$26.96B,$1.08B,4.02%,$1.08B,$10.48B,8.77%,$1.08B,$0.40B,48.28%,$1.08B,$28.63B,3.58%,$2.02B,$19.91B,9.78%,$5892,$3507,$2385,$0,$2038,$5642,$250,$-137,$113,$39,$74,$74,$74,$528,$250,$452,458,$0.16,$0.16,$500,$5499,$281,$6784,$11229,$0,$10077,$541,$21847,$28631,$5237,$9425,$1980,$12913,$18150,$0,$0,$0,$10481,$28631,$36,$320,$3,$323,$12,$-182,$0,$3,$-729,$-370,$-98,$0,$66,$0,$0,$0,$1,$-31,$1592,$-63,$1529,$-1765,$-1765,$-58,$-15,$-309,$-711,$28,$-58
46,2007-01-31,30.76,$24.66,1.25,$48.92,0.63,$12.16,2.53,$1.87,16.49,$7.42B,$6.10B,1.22,$7.85B,$12.25B,0.64,$26.97B,$10.77B,39.94%,$26.97B,$1.84B,6.81%,$26.97B,$1.84B,6.81%,$26.97B,$3.05B,11.32%,$26.97B,$1.45B,5.36%,$26.97B,$1.00B,3.69%,$1.00B,$12.25B,7.59%,$1.00B,$2.17B,34.15%,$1.00B,$29.55B,3.17%,$1.84B,$20.10B,8.61%,$5921,$3564,$2357,$0,$2113,$5713,$208,$-125,$83,$31,$52,$52,$36,$1579,$208,$468,476,$0.08,$0.08,$1211,$5317,$251,$7422,$11473,$0,$10087,$568,$22128,$29550,$6095,$7847,$1702,$11201,$17296,$6,$6375,$-182,$12254,$29550,$995,$1216,$449,$1665,$2067,$-51,$-462,$27,$1032,$3692,$-713,$0,$1787,$0,$0,$0,$199,$1273,$-1534,$-77,$-1611,$-2118,$-2118,$-274,$-10,$-4013,$963,$91,$-274
47,2006-10-31,32.45,$24.89,1.3,$54.22,0.6,$14.79,2.19,$1.73,18.81,$9.52B,$7.75B,1.23,$7.95B,$0.00B,0.0,$27.38B,$10.92B,39.88%,$27.38B,$1.77B,6.46%,$27.38B,$1.77B,6.46%,$27.38B,$2.99B,10.92%,$27.38B,$1.30B,4.75%,$27.38B,$0.96B,3.51%,$0.96B,$13.07B,7.16%,$0.96B,$2.99B,30.99%,$0.96B,$31.65B,2.98%,$1.77B,$21.03B,8.09%,$9159,$5419,$3740,$0,$2313,$7899,$1260,$-49,$1211,$451,$760,$760,$733,$438,$1260,$540,548,$1.37,$1.34,$771,$7032,$268,$9521,$11329,$0,$10085,$710,$22124,$31645,$7751,$7953,$1040,$10820,$18571,$0,$0,$0,$13074,$31645,$262,$897,$263,$1160,$2095,$-1757,$0,$-44,$549,$1971,$-371,$0,$1047,$0,$0,$0,$189,$865,$-1475,$105,$-1370,$-766,$-766,$-208,$-1,$-2345,$523,$73,$-208
