,Date,Stock Price,Book Value per Share,Price to Book Ratio,TTM Sales per Share,Price to Sales Ratio,TTM FCF per Share,Price to FCF Ratio,TTM Net EPS,PE Ratio,Current Assets,Current Liabilities,Current Ratio,Long Term Debt,Shareholder's Equity_x,Debt to Equity Ratio,TTM Revenue_x,TTM Gross Profit,Gross Margin,TTM Revenue_y,TTM Operating Income,Operating Margin,TTM Revenue_x,TTM EBIT,EBIT Margin,TTM Revenue_y,TTM EBITDA,EBITDA Margin,TTM Revenue_x,TTM Pre-Tax Income,Pre-Tax Margin,TTM Revenue_y,TTM Net Income_x,Net Margin,TTM Net Income_y,Shareholder's Equity_y,Return on Equity,TTM Net Income_x,Tangible Equity,Return on Tangible Equity,TTM Net Income_y,Total Assets,Return on Assets,TTM Net Income,LT Investments & Debt,Return on Investment,revenue,cost-goods-sold,gross-profit,research-development-expenses,selling-general-administrative-expenses,operating-expenses,operating-income,total-non-operating-income-expense,pre-tax-income,total-provision-income-taxes,income-after-taxes,income-from-continuous-operations,net-income,ebitda,ebit,basic-shares-outstanding,shares-outstanding,eps-basic-net-earnings-per-share,eps-earnings-per-share-diluted,cash-on-hand,inventory,other-current-assets,total-current-assets,net-property-plant-equipment,long-term-investments,goodwill-intangible-assets-total,other-long-term-assets,total-long-term-assets,total-assets,total-current-liabilities,long-term-debt,other-non-current-liabilities,total-long-term-liabilities,total-liabilities,common-stock-net,retained-earnings-accumulated-deficit,comprehensive-income,total-share-holder-equity,total-liabilities-share-holders-equity,net-income-loss,total-depreciation-amortization-cash-flow,other-non-cash-items,total-non-cash-items,change-in-accounts-receivable,change-in-inventories,change-in-accounts-payable,change-in-assets-liabilities,total-change-in-assets-liabilities,cash-flow-from-operating-activities,net-change-in-property-plant-equipment,net-change-in-intangible-assets,net-acquisitions-divestitures,net-change-in-short-term-investments,net-change-in-long-term-investments,net-change-in-investments-total,investing-activities-other,cash-flow-from-investing-activities,net-long-term-debt,net-current-debt,debt-issuance-retirement-net-total,net-common-equity-issued-repurchased,net-total-equity-issued-repurchased,total-common-preferred-stock-dividends-paid,financial-activities-other,cash-flow-from-financial-activities,net-cash-flow,stock-based-compensation,common-stock-dividends-paid
0,2018-09-30,222.61,$5.60,39.75,$13.71,16.24,$12.14,18.34,$4.94,45.06,$15.06B,$9.71B,1.55,$5.86B,$5.80B,1.01,$14.46B,$14.46B,100.00%,$14.46B,$7.57B,52.37%,$14.46B,$7.57B,52.37%,$14.46B,$9.16B,63.35%,$14.46B,$7.47B,51.70%,$14.46B,$5.19B,35.88%,$5.19B,$5.80B,93.03%,$5.19B,$1.82B,349.53%,$5.19B,$23.34B,23.03%,$7.57B,$11.65B,65.95%,$3898,$0,$3898,$0,$1471,$1611,$2287,$-23,$2264,$365,$1899,$1899,$1899,$2705,$2287,$1037,1043,$1.83,$1.82,$9043,$0,$2369,$15064,$876,$0,$3973,$2925,$8276,$23340,$9709,$5858,$1856,$7835,$17544,$0,$26726,$-670,$5796,$23340,$4960,$1231,$-56,$1175,$-317,$0,$-44,$-1557,$-1255,$4891,$-381,$0,$0,$0,$159,$159,$-15,$-237,$991,$0,$991,$-3953,$-3953,$-785,$-86,$-3833,$886,$153,$-785
1,2018-06-30,196.27,$5.08,38.63,$13.15,14.92,$11.13,17.64,$4.46,44.01,$14.31B,$9.46B,1.51,$5.86B,$5.28B,1.11,$13.96B,$13.96B,100.00%,$13.96B,$7.22B,51.77%,$13.96B,$7.22B,51.77%,$13.96B,$8.78B,62.89%,$13.96B,$7.14B,51.17%,$13.96B,$4.72B,33.81%,$4.72B,$5.28B,82.14%,$4.72B,$1.26B,294.00%,$4.72B,$22.47B,21.53%,$7.22B,$11.14B,62.66%,$3665,$0,$3665,$0,$1389,$1729,$1936,$-14,$1922,$353,$1569,$1569,$1569,$2342,$1936,$1043,1049,$1.50,$1.50,$8294,$0,$2524,$14305,$860,$0,$4017,$2894,$8166,$22471,$9455,$5858,$1750,$7737,$17192,$0,$25086,$-632,$5279,$22471,$3061,$813,$-9,$804,$-195,$0,$-86,$-1377,$-1346,$2524,$-251,$0,$0,$0,$261,$261,$-16,$-6,$991,$0,$991,$-2814,$-2814,$-525,$-68,$-2416,$176,$98,$-525
2,2018-03-31,174.68,$5.47,31.94,$12.50,13.98,$10.71,16.3,$4.06,43.03,$14.71B,$8.95B,1.64,$6.47B,$5.73B,1.13,$13.34B,$13.34B,100.00%,$13.34B,$6.94B,52.02%,$13.34B,$6.94B,52.02%,$13.34B,$8.43B,63.16%,$13.34B,$6.85B,51.32%,$13.34B,$4.33B,32.42%,$4.33B,$5.73B,73.40%,$4.33B,$1.51B,242.01%,$4.33B,$22.94B,20.35%,$6.94B,$12.20B,60.11%,$3580,$0,$3580,$0,$1518,$1755,$1825,$-22,$1803,$311,$1492,$1492,$1492,$2232,$1825,$1051,1057,$1.42,$1.41,$8816,$0,$2496,$14707,$839,$0,$4222,$2826,$8237,$22944,$8948,$6469,$1661,$8265,$17213,$0,$23852,$-373,$5731,$22944,$1492,$407,$-2,$405,$-80,$0,$-62,$-691,$-862,$1035,$-126,$0,$0,$0,$505,$505,$-12,$367,$991,$0,$991,$-1312,$-1312,$-263,$-81,$-665,$832,$43,$-263
3,2017-12-31,150.71,$5.22,28.9,$11.64,12.95,$10.44,14.44,$3.65,41.29,$13.80B,$8.79B,1.57,$5.42B,$5.50B,0.99,$12.50B,$12.50B,100.00%,$12.50B,$6.62B,52.99%,$12.50B,$6.62B,52.99%,$12.50B,$8.06B,64.50%,$12.50B,$6.52B,52.19%,$12.50B,$3.92B,31.33%,$3.92B,$5.50B,66.69%,$3.92B,$1.34B,177.91%,$3.92B,$21.33B,19.42%,$6.62B,$10.92B,59.07%,$3312,$0,$3312,$0,$1675,$1790,$1522,$-38,$1484,$1257,$227,$227,$227,$1878,$1522,$1067,1072,$0.23,$0.21,$8328,$0,$2460,$13797,$829,$0,$4155,$2298,$7532,$21329,$8793,$5424,$1438,$7039,$15832,$0,$22364,$-497,$5497,$21329,$3915,$1438,$429,$1867,$-445,$0,$290,$-1297,$-286,$5555,$-423,$0,$-1175,$0,$-182,$-182,$1,$-1779,$-64,$0,$-64,$-3705,$-3705,$-942,$-53,$-4764,$-788,$176,$-942
4,2017-09-30,140.38,$6.10,23.01,$11.05,12.7,$9.42,14.9,$4.30,32.65,$13.23B,$7.98B,1.66,$5.39B,$6.47B,0.83,$11.94B,$11.94B,100.00%,$11.94B,$6.46B,54.12%,$11.94B,$6.46B,54.12%,$11.94B,$7.87B,65.89%,$11.94B,$6.35B,53.17%,$11.94B,$4.62B,38.70%,$4.62B,$6.47B,78.10%,$4.62B,$2.31B,173.30%,$4.62B,$20.91B,23.70%,$6.46B,$11.86B,57.73%,$3398,$0,$3398,$0,$1339,$1457,$1941,$-9,$1932,$502,$1430,$1430,$1430,$2324,$1941,$1063,1068,$1.34,$1.34,$7968,$0,$2225,$13231,$901,$0,$4162,$2195,$7683,$20914,$7984,$5393,$860,$6462,$14446,$0,$22401,$-542,$6468,$20914,$3688,$1082,$81,$1163,$-321,$0,$85,$-1164,$-1032,$3841,$-301,$0,$-1175,$0,$-188,$-188,$41,$-1623,$-64,$0,$-64,$-2683,$-2683,$-709,$-38,$-3494,$-1082,$137,$-709
5,2017-06-30,120.53,$5.51,21.88,$10.49,11.49,$9.08,13.28,$4.04,29.83,$12.54B,$7.58B,1.65,$5.33B,$5.88B,0.91,$11.42B,$11.42B,100.00%,$11.42B,$6.19B,54.21%,$11.42B,$6.19B,54.21%,$11.42B,$7.54B,66.01%,$11.42B,$6.05B,52.96%,$11.42B,$4.38B,38.30%,$4.38B,$5.88B,74.63%,$4.38B,$1.99B,145.25%,$4.38B,$19.84B,23.52%,$6.19B,$11.20B,58.28%,$3053,$0,$3053,$0,$1289,$1400,$1653,$-25,$1628,$451,$1177,$1177,$1177,$1994,$1653,$1070,1075,$1.10,$1.10,$7503,$0,$2264,$12542,$845,$0,$3885,$2192,$7297,$19839,$7583,$5326,$842,$6378,$13961,$0,$21205,$-699,$5878,$19839,$2258,$699,$65,$764,$-186,$0,$24,$-854,$-1005,$2052,$-168,$0,$-951,$0,$-143,$-143,$17,$-1245,$-64,$0,$-64,$-1857,$-1857,$-474,$-57,$-2452,$-1522,$88,$-474
6,2017-03-31,111.4,$5.25,21.22,$10.10,11.03,$9.09,12.26,$3.83,29.09,$12.89B,$7.10B,1.82,$5.22B,$5.64B,0.93,$11.06B,$11.06B,100.00%,$11.06B,$5.92B,53.50%,$11.06B,$5.92B,53.50%,$11.06B,$7.21B,65.18%,$11.06B,$5.79B,52.30%,$11.06B,$4.18B,37.79%,$4.18B,$5.64B,71.35%,$4.18B,$3.16B,125.48%,$4.18B,$18.57B,23.60%,$5.92B,$10.85B,58.51%,$2734,$0,$2734,$0,$1121,$1228,$1506,$-28,$1478,$397,$1081,$1081,$1081,$1864,$1506,$1078,1082,$1.00,$1.00,$8203,$0,$2069,$12885,$748,$0,$2477,$2147,$5685,$18570,$7095,$5216,$538,$5837,$12932,$0,$20263,$-863,$5638,$18570,$1081,$358,$56,$414,$-120,$0,$57,$-728,$-768,$727,$-94,$0,$0,$0,$-22,$-22,$-7,$-123,$0,$0,$0,$-943,$-943,$-238,$-56,$-1237,$-598,$39,$-238
7,2016-12-31,102.06,$5.26,19.41,$9.77,10.45,$9.39,10.87,$3.69,27.66,$13.23B,$7.21B,1.84,$5.18B,$5.68B,0.91,$10.78B,$10.78B,100.00%,$10.78B,$5.76B,53.46%,$10.78B,$5.76B,53.46%,$10.78B,$6.99B,64.90%,$10.78B,$5.65B,52.39%,$10.78B,$4.06B,37.67%,$4.06B,$5.68B,69.64%,$4.06B,$3.21B,124.85%,$4.06B,$18.68B,23.81%,$5.76B,$10.86B,59.92%,$2756,$0,$2756,$0,$1291,$1393,$1363,$-52,$1311,$378,$933,$933,$933,$1686,$1363,$1098,1101,$0.87,$0.86,$8878,$0,$2084,$13228,$733,$0,$2478,$1929,$5447,$18675,$7206,$5180,$524,$5785,$12991,$0,$19418,$-924,$5684,$18675,$4059,$1233,$81,$1314,$-338,$0,$145,$-1194,$-867,$4535,$-382,$0,$0,$0,$-783,$-783,$-2,$-1167,$1972,$0,$1972,$-3474,$-3474,$-837,$-5,$-2344,$974,$149,$-837
8,2016-09-30,100.41,$5.72,17.55,$9.48,10.59,$8.92,11.26,$3.62,27.74,$11.78B,$7.12B,1.65,$3.33B,$6.25B,0.53,$10.54B,$10.54B,100.00%,$10.54B,$5.51B,52.24%,$10.54B,$5.51B,52.24%,$10.54B,$6.71B,63.70%,$10.54B,$5.36B,50.87%,$10.54B,$4.02B,38.11%,$4.02B,$6.25B,67.81%,$4.02B,$3.69B,122.01%,$4.02B,$17.32B,24.43%,$5.51B,$9.58B,59.64%,$2880,$0,$2880,$0,$1117,$1210,$1670,$-37,$1633,$449,$1184,$1184,$1184,$1996,$1670,$1096,1099,$1.08,$1.08,$7522,$0,$2134,$11776,$698,$0,$2561,$1961,$5547,$17323,$7121,$3326,$545,$3953,$11074,$0,$18722,$-717,$6249,$17323,$3126,$910,$65,$975,$-190,$0,$-33,$-570,$-534,$3543,$-280,$0,$0,$0,$-843,$-843,$-2,$-1125,$0,$0,$0,$-2379,$-2379,$-630,$-10,$-3019,$-542,$110,$-630
9,2016-06-30,86.69,$5.35,16.2,$9.09,9.53,$8.38,10.34,$3.40,25.5,$11.00B,$6.46B,1.7,$3.31B,$5.87B,0.56,$10.19B,$10.19B,100.00%,$10.19B,$5.20B,51.08%,$10.19B,$5.20B,51.08%,$10.19B,$6.38B,62.64%,$10.19B,$5.08B,49.86%,$10.19B,$3.81B,37.39%,$3.81B,$5.87B,64.18%,$3.81B,$3.27B,116.76%,$3.81B,$16.28B,24.16%,$5.20B,$9.18B,59.23%,$2694,$0,$2694,$0,$1114,$1314,$1380,$-15,$1365,$382,$983,$983,$983,$1665,$1380,$1098,1101,$0.89,$0.89,$6989,$0,$1941,$10998,$680,$0,$2596,$1671,$5284,$16282,$6462,$3306,$562,$3951,$10413,$0,$17746,$-697,$5869,$16282,$1942,$584,$33,$617,$-100,$0,$-18,$-504,$-440,$2119,$-181,$0,$0,$0,$-312,$-312,$-2,$-495,$0,$0,$0,$-1803,$-1803,$-421,$-22,$-2246,$-571,$74,$-421
10,2016-03-31,92.84,$5.00,18.57,$8.74,10.62,$8.01,11.58,$3.32,27.96,$10.61B,$6.44B,1.65,$3.33B,$5.51B,0.61,$9.88B,$9.88B,100.00%,$9.88B,$5.08B,51.35%,$9.88B,$5.08B,51.35%,$9.88B,$6.23B,63.07%,$9.88B,$4.96B,50.14%,$9.88B,$3.75B,37.91%,$3.75B,$5.51B,61.66%,$3.75B,$2.84B,111.77%,$3.75B,$15.91B,24.15%,$5.08B,$8.84B,59.89%,$2446,$0,$2446,$0,$1003,$1098,$1348,$-11,$1337,$378,$959,$959,$959,$1647,$1348,$1109,1112,$0.86,$0.86,$6750,$0,$1957,$10606,$669,$0,$2674,$1603,$5299,$15905,$6440,$3333,$545,$3954,$10394,$0,$16972,$-620,$5511,$15905,$959,$299,$-10,$289,$-87,$0,$-75,$-37,$-175,$1058,$-75,$0,$0,$-60,$-242,$-302,$-8,$-385,$0,$0,$0,$-1353,$-1353,$-212,$-30,$-1595,$-853,$32,$-212
11,2015-12-31,95.46,$5.43,17.57,$8.48,11.26,$7.87,12.13,$3.35,28.5,$10.98B,$6.27B,1.75,$3.27B,$6.06B,0.54,$9.67B,$9.67B,100.00%,$9.67B,$5.08B,52.53%,$9.67B,$5.08B,52.53%,$9.67B,$6.21B,64.22%,$9.67B,$4.96B,51.29%,$9.67B,$3.81B,39.39%,$3.81B,$6.06B,60.61%,$3.81B,$3.37B,102.99%,$3.81B,$16.25B,25.06%,$5.08B,$9.33B,61.77%,$2517,$0,$2517,$0,$1317,$1410,$1107,$-82,$1025,$135,$890,$890,$890,$1404,$1107,$1134,1137,$0.80,$0.79,$7279,$0,$1963,$10984,$675,$0,$2694,$1580,$5266,$16250,$6269,$3268,$572,$3919,$10188,$0,$16222,$-676,$6062,$16250,$3808,$1130,$64,$1194,$-35,$0,$49,$-1159,$-820,$4101,$-342,$0,$-584,$0,$212,$212,$-1,$-715,$1735,$0,$1735,$-3491,$-3491,$-727,$-33,$-2516,$610,$122,$-727
12,2015-09-30,88.21,$5.60,15.75,$8.33,10.59,$7.19,12.26,$3.25,27.14,$9.63B,$5.94B,1.62,$1.50B,$6.30B,0.24,$9.56B,$9.56B,100.00%,$9.56B,$4.99B,52.18%,$9.56B,$4.99B,52.18%,$9.56B,$6.08B,63.63%,$9.56B,$4.94B,51.67%,$9.56B,$3.72B,38.90%,$3.72B,$6.30B,57.45%,$3.72B,$3.57B,92.92%,$3.72B,$14.63B,24.85%,$4.99B,$7.79B,62.61%,$2530,$0,$2530,$0,$1067,$1161,$1369,$-17,$1352,$375,$977,$977,$977,$1665,$1369,$1130,1133,$0.86,$0.86,$5650,$0,$1783,$9625,$641,$0,$2727,$1619,$5009,$14634,$5943,$1495,$803,$2393,$8336,$0,$15543,$-536,$6298,$14634,$2918,$833,$19,$852,$-27,$0,$-31,$-659,$-799,$3004,$-249,$0,$-584,$-868,$856,$-12,$-8,$-853,$0,$0,$0,$-2700,$-2700,$-548,$32,$-3216,$-1260,$1,$-548
13,2015-06-30,91.35,$5.68,16.1,$8.24,11.09,$6.93,13.19,$3.26,28.02,$10.22B,$6.48B,1.58,$1.50B,$6.44B,0.23,$9.52B,$9.52B,100.00%,$9.52B,$5.04B,52.94%,$9.52B,$5.04B,52.94%,$9.52B,$6.11B,64.17%,$9.52B,$5.01B,52.58%,$9.52B,$3.76B,39.46%,$3.76B,$6.44B,57.49%,$3.76B,$3.63B,89.31%,$3.76B,$15.27B,25.09%,$5.04B,$7.93B,62.76%,$2390,$0,$2390,$0,$986,$1139,$1251,$-10,$1241,$320,$921,$921,$921,$1517,$1251,$1138,1141,$0.81,$0.81,$5618,$0,$2274,$10217,$632,$0,$2802,$1589,$5055,$15272,$6476,$1495,$764,$2360,$8836,$0,$14746,$-493,$6436,$15272,$1941,$537,$-22,$515,$-51,$0,$37,$-455,$-701,$1732,$-143,$0,$-584,$-744,$249,$-495,$0,$-1222,$0,$0,$0,$-1774,$-1774,$-367,$25,$-2116,$-1776,$-23,$-367
14,2015-03-31,84.26,$5.54,15.21,$8.17,10.31,$6.56,12.85,$3.25,25.93,$10.35B,$5.94B,1.74,$1.50B,$6.33B,0.24,$9.50B,$9.50B,100.00%,$9.50B,$5.17B,54.45%,$9.50B,$5.17B,54.45%,$9.50B,$6.22B,65.46%,$9.50B,$5.14B,54.09%,$9.50B,$3.77B,39.66%,$3.77B,$6.33B,57.91%,$3.77B,$4.22B,87.50%,$3.77B,$14.63B,25.54%,$5.17B,$7.83B,64.66%,$2230,$0,$2230,$0,$792,$879,$1351,$-11,$1340,$320,$1020,$1020,$1020,$1622,$1351,$1148,1152,$0.89,$0.89,$6336,$0,$2023,$10348,$602,$0,$2117,$1490,$4285,$14633,$5937,$1495,$765,$2362,$8299,$0,$14006,$-639,$6334,$14633,$1020,$271,$-16,$255,$-30,$0,$1,$-21,$-327,$911,$-57,$0,$-12,$0,$-441,$-441,$-9,$-519,$0,$0,$0,$-937,$-937,$-184,$21,$-1100,$-930,$-53,$-184
15,2014-12-31,83.88,$5.92,14.16,$8.06,10.41,$6.25,13.42,$3.09,27.15,$11.00B,$6.22B,1.77,$1.49B,$6.82B,0.22,$9.44B,$9.44B,100.00%,$9.44B,$5.11B,54.08%,$9.44B,$5.11B,54.08%,$9.44B,$6.12B,64.80%,$9.44B,$5.08B,53.80%,$9.44B,$3.62B,38.31%,$3.62B,$6.82B,55.09%,$3.62B,$4.59B,82.34%,$3.62B,$15.33B,24.45%,$5.11B,$8.32B,63.35%,$2411,$0,$2411,$0,$1309,$1393,$1018,$-11,$1007,$206,$801,$801,$801,$1280,$1018,$1165,1169,$0.70,$0.70,$6915,$0,$2002,$10997,$615,$0,$2236,$1385,$4332,$15329,$6222,$1494,$674,$2283,$8505,$0,$13169,$-260,$6824,$15329,$3617,$1012,$-106,$906,$-164,$0,$61,$-1331,$-1168,$3407,$-334,$0,$-525,$0,$1450,$1450,$99,$690,$1530,$0,$1530,$-3358,$-3358,$-515,$4,$-2339,$1538,$-15,$-515
16,2014-09-30,71.86,$5.67,12.67,$7.72,9.31,$6.78,10.6,$2.92,24.61,$10.96B,$5.85B,1.87,$1.49B,$6.55B,0.23,$9.12B,$9.12B,100.00%,$9.12B,$5.01B,54.90%,$9.12B,$5.01B,54.90%,$9.12B,$6.43B,70.51%,$9.12B,$4.98B,54.63%,$9.12B,$3.44B,37.70%,$3.44B,$6.55B,51.07%,$3.44B,$4.39B,73.62%,$3.44B,$14.66B,23.69%,$5.01B,$8.04B,63.76%,$2490,$0,$2490,$0,$987,$1070,$1420,$-2,$1418,$403,$1015,$1015,$1015,$1691,$1420,$1157,1160,$0.88,$0.87,$6859,$0,$2141,$10956,$553,$0,$2161,$887,$3703,$14659,$5849,$1494,$649,$2262,$8111,$0,$12553,$-92,$6548,$14659,$2816,$750,$-123,$627,$-96,$0,$-39,$-698,$-785,$2682,$-172,$0,$-336,$0,$789,$789,$167,$448,$1487,$0,$1487,$-3208,$-3208,$-388,$14,$-2095,$863,$-43,$-388
17,2014-06-30,71.32,$5.45,13.09,$7.41,9.63,$6.92,10.31,$2.78,25.68,$10.58B,$5.79B,1.83,$1.49B,$6.31B,0.24,$8.85B,$8.85B,100.00%,$8.85B,$4.84B,54.64%,$8.85B,$4.84B,54.64%,$8.85B,$6.05B,68.40%,$8.85B,$4.82B,54.45%,$8.85B,$3.30B,37.32%,$3.30B,$6.31B,47.09%,$3.30B,$4.03B,65.37%,$3.30B,$14.38B,23.12%,$4.84B,$7.81B,62.31%,$2368,$0,$2368,$0,$904,$985,$1383,$-10,$1373,$442,$931,$931,$931,$1625,$1383,$1165,1169,$0.80,$0.80,$6254,$0,$2261,$10577,$539,$0,$2286,$887,$3798,$14375,$5790,$1494,$652,$2271,$8061,$0,$11666,$188,$6314,$14375,$1801,$479,$-123,$356,$-121,$0,$29,$-494,$-882,$1297,$-102,$0,$-341,$0,$-160,$-160,$171,$-432,$1487,$0,$1487,$-2811,$-2811,$-260,$-1,$-1585,$-721,$-46,$-260
18,2014-03-31,72.4,$5.60,12.93,$7.11,10.19,$7.14,10.14,$2.67,27.08,$11.34B,$5.99B,1.89,$1.49B,$6.58B,0.23,$8.58B,$8.58B,100.00%,$8.58B,$4.68B,54.57%,$8.58B,$4.68B,54.57%,$8.58B,$5.72B,66.65%,$8.58B,$4.68B,54.55%,$8.58B,$3.22B,37.54%,$3.22B,$6.58B,44.77%,$3.22B,$4.57B,59.84%,$3.22B,$14.80B,23.51%,$4.68B,$8.07B,61.87%,$2172,$0,$2172,$0,$814,$887,$1285,$-4,$1281,$411,$870,$870,$870,$1522,$1285,$1185,1189,$0.73,$0.73,$7102,$0,$2389,$11342,$528,$0,$2009,$858,$3460,$14802,$5994,$1494,$619,$2230,$8224,$0,$10861,$180,$6578,$14802,$870,$237,$-141,$96,$-15,$0,$-46,$-341,$-400,$568,$-49,$0,$-146,$0,$147,$147,$178,$130,$1487,$0,$1487,$-1661,$-1661,$-131,$26,$-279,$420,$-74,$-131
19,2013-12-31,80.96,$6.28,12.9,$6.83,11.86,$7.38,10.98,$2.57,31.55,$10.95B,$6.03B,1.82,$0.00B,$7.50B,0.0,$8.31B,$8.31B,100.00%,$8.31B,$4.50B,54.17%,$8.31B,$4.50B,54.17%,$8.31B,$5.36B,64.53%,$8.31B,$4.50B,54.14%,$8.31B,$3.12B,37.49%,$3.12B,$7.50B,43.06%,$3.12B,$5.70B,56.57%,$3.12B,$14.24B,24.06%,$4.50B,$7.50B,62.22%,$2092,$0,$2092,$0,$1006,$1172,$920,$-9,$911,$288,$623,$623,$623,$1594,$920,$1211,1215,$0.52,$0.51,$7018,$0,$2262,$10950,$526,$0,$1794,$902,$3292,$14242,$6032,$0,$598,$715,$6747,$0,$10121,$178,$7495,$14242,$3116,$861,$-56,$805,$-42,$0,$-20,$-419,$147,$4135,$-299,$0,$0,$0,$319,$319,$-24,$-4,$35,$0,$35,$-2417,$-2417,$-255,$8,$-2629,$1547,$63,$-255
20,2013-09-30,65.14,$6.37,10.23,$6.61,9.85,$6.39,10.2,$2.53,25.73,$10.56B,$5.42B,1.95,$0.00B,$7.67B,0.0,$8.12B,$8.12B,100.00%,$8.12B,$4.48B,55.23%,$8.12B,$4.48B,55.23%,$8.12B,$5.25B,64.70%,$8.12B,$4.48B,55.24%,$8.12B,$3.10B,38.18%,$3.10B,$7.67B,43.66%,$3.10B,$5.91B,57.65%,$3.10B,$13.73B,24.77%,$4.48B,$7.67B,63.17%,$2218,$0,$2218,$0,$906,$970,$1248,$6,$1254,$375,$879,$879,$879,$1312,$1248,$1205,1209,$0.73,$0.73,$6734,$0,$2211,$10559,$474,$0,$1756,$852,$3171,$13730,$5420,$0,$549,$642,$6062,$0,$9630,$120,$7668,$13730,$2493,$187,$-7,$180,$-67,$0,$-76,$-9,$215,$2936,$-153,$0,$0,$0,$408,$408,$-20,$235,$0,$0,$0,$-1670,$-1670,$-182,$15,$-1837,$1361,$27,$-182
21,2013-06-30,55.57,$5.81,9.56,$6.31,8.8,$5.62,9.89,$2.42,22.94,$8.96B,$4.33B,2.07,$0.00B,$7.03B,0.0,$7.82B,$7.82B,100.00%,$7.82B,$4.30B,55.00%,$7.82B,$4.30B,55.00%,$7.82B,$5.06B,64.75%,$7.82B,$4.30B,54.96%,$7.82B,$2.99B,38.27%,$2.99B,$7.03B,43.29%,$2.99B,$5.34B,57.67%,$2.99B,$12.02B,24.71%,$4.30B,$7.03B,62.20%,$2096,$0,$2096,$0,$807,$868,$1228,$5,$1233,$385,$848,$848,$848,$1289,$1228,$1214,1217,$0.70,$0.70,$5814,$0,$1508,$8962,$471,$0,$1687,$816,$3059,$12021,$4327,$0,$567,$665,$4992,$0,$8823,$-15,$7029,$12021,$1614,$123,$-33,$90,$-36,$0,$-97,$-57,$-119,$1614,$-103,$0,$0,$0,$224,$224,$-3,$118,$0,$0,$0,$-1331,$-1331,$-110,$20,$-1421,$296,$-1,$-110
22,2013-03-31,52.28,$5.54,9.43,$6.03,8.66,$5.14,10.17,$2.28,22.92,$8.78B,$4.41B,1.99,$0.00B,$6.76B,0.0,$7.54B,$7.54B,100.00%,$7.54B,$4.04B,53.64%,$7.54B,$4.04B,53.64%,$7.54B,$4.80B,63.68%,$7.54B,$4.04B,53.52%,$7.54B,$2.84B,37.71%,$2.84B,$6.76B,42.30%,$2.84B,$5.08B,56.82%,$2.84B,$11.81B,23.88%,$4.04B,$6.76B,60.17%,$1906,$0,$1906,$0,$737,$799,$1107,$-5,$1102,$336,$766,$766,$766,$1169,$1107,$1226,1230,$0.62,$0.62,$5744,$0,$1482,$8783,$468,$0,$1679,$820,$3026,$11809,$4414,$0,$540,$639,$5053,$0,$8047,$-50,$6756,$11809,$766,$62,$-28,$34,$-25,$0,$-93,$55,$56,$872,$-42,$0,$0,$0,$-65,$-65,$0,$-107,$0,$0,$0,$-761,$-761,$-37,$15,$-783,$-68,$-23,$-37
23,2012-12-31,47.44,$5.62,8.44,$5.87,8.08,$4.76,9.96,$2.19,21.62,$9.36B,$4.91B,1.91,$0.00B,$6.93B,0.0,$7.39B,$7.39B,100.00%,$7.39B,$3.94B,53.27%,$7.39B,$3.94B,53.27%,$7.39B,$4.69B,63.40%,$7.39B,$3.93B,53.21%,$7.39B,$2.76B,37.33%,$2.76B,$6.93B,41.63%,$2.76B,$5.17B,56.33%,$2.76B,$12.46B,23.50%,$3.94B,$6.93B,59.41%,$1895,$0,$1895,$0,$934,$996,$899,$-5,$894,$289,$605,$605,$605,$1480,$899,$1253,1258,$0.49,$0.48,$5729,$0,$1894,$9357,$472,$0,$1764,$809,$3105,$12462,$4906,$0,$523,$627,$5533,$0,$7354,$61,$6929,$12462,$2759,$749,$241,$990,$-121,$0,$-2,$-722,$-853,$2948,$-218,$0,$-70,$0,$-1700,$-1700,$-851,$-2839,$0,$0,$0,$-1717,$-1717,$-132,$51,$-1798,$-1682,$0,$-132
24,2012-09-30,43.57,$5.56,7.83,$5.71,7.63,$4.55,9.58,$1.72,25.28,$9.07B,$4.55B,2.0,$0.00B,$6.92B,0.0,$7.22B,$7.22B,100.00%,$7.22B,$3.03B,41.92%,$7.22B,$3.03B,41.92%,$7.22B,$3.25B,44.96%,$7.22B,$3.03B,41.93%,$7.22B,$2.17B,30.08%,$2.17B,$6.92B,34.15%,$2.17B,$5.16B,46.67%,$2.17B,$12.12B,19.24%,$3.03B,$6.92B,47.58%,$1918,$0,$1918,$0,$796,$854,$1064,$2,$1066,$294,$772,$772,$772,$1122,$1064,$1250,1250,$0.62,$0.62,$5639,$0,$1590,$9072,$465,$0,$1763,$719,$3048,$12120,$4548,$0,$545,$648,$5196,$0,$6786,$34,$6924,$12120,$2154,$168,$-61,$107,$-112,$0,$-36,$-161,$-213,$2082,$-164,$0,$-70,$0,$-1377,$-1377,$-1,$-1612,$0,$0,$0,$-1107,$-1107,$-94,$50,$-1151,$-689,$-21,$-94
25,2012-06-30,41.48,$5.02,8.25,$5.61,7.4,$4.42,9.39,$1.67,24.85,$8.28B,$4.31B,1.92,$0.00B,$6.28B,0.0,$7.12B,$7.12B,100.00%,$7.12B,$2.97B,41.63%,$7.12B,$2.97B,41.63%,$7.12B,$3.18B,44.62%,$7.12B,$2.99B,42.01%,$7.12B,$2.12B,29.73%,$2.12B,$6.28B,34.56%,$2.12B,$4.61B,47.76%,$2.12B,$11.24B,19.82%,$2.97B,$6.28B,48.40%,$1820,$0,$1820,$0,$770,$846,$974,$-1,$973,$273,$700,$700,$700,$1030,$974,$1260,1260,$0.56,$0.56,$4956,$0,$1533,$8283,$458,$0,$1665,$718,$2957,$11240,$4307,$0,$552,$657,$4964,$0,$6052,$-47,$6276,$11240,$1382,$110,$-85,$25,$-51,$0,$-27,$-203,$-362,$1068,$-107,$0,$0,$0,$-583,$-583,$0,$-690,$0,$0,$0,$-901,$-901,$-57,$36,$-922,$-581,$-30,$-57
26,2012-03-31,40.52,$5.04,8.04,$5.46,7.42,$4.29,9.44,$1.59,25.49,$8.11B,$4.09B,1.98,$0.00B,$6.38B,0.0,$6.97B,$6.97B,100.00%,$6.97B,$2.88B,41.27%,$6.97B,$2.88B,41.27%,$6.97B,$3.08B,44.23%,$6.97B,$2.91B,41.77%,$6.97B,$2.03B,29.06%,$2.03B,$6.38B,34.17%,$2.03B,$4.66B,48.13%,$2.03B,$11.13B,20.00%,$2.88B,$6.38B,48.52%,$1758,$0,$1758,$0,$704,$758,$1000,$0,$1000,$318,$682,$682,$682,$1054,$1000,$1270,1270,$0.54,$0.54,$5141,$0,$1303,$8113,$450,$0,$1724,$751,$3018,$11131,$4092,$0,$548,$660,$4752,$0,$5389,$78,$6379,$11131,$682,$54,$-67,$-13,$7,$0,$-88,$-170,$-250,$427,$-51,$0,$0,$0,$-251,$-251,$0,$-302,$0,$0,$0,$-234,$-234,$-19,$33,$-220,$-50,$-53,$-19
27,2011-12-31,35.91,$4.63,7.75,$5.23,6.87,$4.25,8.45,$1.48,24.21,$7.74B,$4.22B,1.84,$0.00B,$5.88B,0.0,$6.71B,$6.71B,100.00%,$6.71B,$2.71B,40.41%,$6.71B,$2.71B,40.41%,$6.71B,$2.91B,43.30%,$6.71B,$2.75B,40.93%,$6.71B,$1.91B,28.39%,$1.91B,$5.88B,33.82%,$1.91B,$4.20B,47.25%,$1.91B,$10.69B,20.12%,$2.71B,$5.88B,48.14%,$1728,$0,$1728,$0,$916,$1738,$-10,$0,$-10,$-30,$20,$20,$19,$42,$-10,$1279,1284,$0.02,$0.01,$4949,$0,$1237,$7741,$449,$0,$1679,$736,$2952,$10693,$4217,$0,$486,$599,$4816,$0,$4745,$-2,$5877,$10693,$1906,$194,$-140,$54,$-162,$0,$67,$39,$707,$2684,$-177,$0,$-460,$0,$-125,$-125,$14,$-748,$0,$0,$0,$-1129,$-1129,$-77,$-9,$-1215,$667,$35,$-77
28,2011-09-30,30.53,$4.71,6.48,$4.98,6.13,$3.48,8.78,$1.78,17.12,$6.75B,$3.11B,2.18,$0.00B,$5.98B,0.0,$6.42B,$6.42B,100.00%,$6.42B,$3.29B,51.25%,$6.42B,$3.29B,51.25%,$6.42B,$3.45B,53.66%,$6.42B,$3.34B,51.99%,$6.42B,$2.30B,35.79%,$2.30B,$5.98B,42.03%,$2.30B,$4.27B,57.66%,$2.30B,$9.67B,25.52%,$3.29B,$5.98B,60.18%,$1818,$0,$1818,$0,$765,$816,$1002,$28,$1030,$314,$716,$716,$717,$1053,$1002,$1270,1270,$0.57,$0.56,$4392,$0,$1223,$6753,$450,$114,$1709,$625,$2921,$9674,$3105,$0,$462,$587,$3692,$0,$4745,$104,$5982,$9674,$1886,$142,$145,$287,$-100,$0,$-8,$-335,$-280,$1900,$-116,$0,$-460,$0,$512,$512,$9,$-55,$-21,$0,$-21,$-1103,$-1103,$-58,$11,$-1171,$686,$53,$-58
29,2011-06-30,29.0,$4.31,6.73,$4.64,6.26,$2.78,10.44,$1.62,17.96,$6.01B,$2.96B,2.03,$0.00B,$5.48B,0.0,$6.03B,$6.03B,100.00%,$6.03B,$3.06B,50.65%,$6.03B,$3.06B,50.65%,$6.03B,$3.20B,53.10%,$6.03B,$3.08B,50.99%,$6.03B,$2.10B,34.80%,$2.10B,$5.48B,40.48%,$2.10B,$3.71B,53.11%,$2.10B,$9.03B,24.33%,$3.06B,$5.48B,58.91%,$1667,$0,$1667,$0,$733,$782,$885,$7,$892,$284,$608,$608,$608,$934,$885,$1270,1280,$0.48,$0.48,$3604,$0,$1159,$6011,$454,$117,$1768,$652,$3014,$9025,$2964,$0,$450,$580,$3544,$0,$4047,$247,$5481,$9025,$1170,$91,$88,$179,$-22,$0,$34,$-397,$-469,$893,$-72,$0,$-460,$0,$318,$318,$0,$-214,$-21,$0,$-21,$-1033,$-1033,$-39,$10,$-1083,$-303,$36,$-39
30,2011-03-31,24.21,$4.05,5.98,$4.38,5.53,$2.42,10.0,$1.49,16.27,$6.07B,$2.79B,2.18,$0.00B,$5.20B,0.0,$5.73B,$5.73B,100.00%,$5.73B,$2.89B,50.38%,$5.73B,$2.89B,50.38%,$5.73B,$3.03B,52.90%,$5.73B,$2.90B,50.56%,$5.73B,$1.95B,34.02%,$1.95B,$5.20B,40.22%,$1.95B,$3.95B,50.09%,$1.95B,$8.50B,23.68%,$2.89B,$5.20B,59.50%,$1501,$0,$1501,$0,$623,$665,$836,$0,$836,$274,$562,$562,$562,$878,$836,$1300,1310,$0.43,$0.43,$3939,$0,$1053,$6073,$436,$129,$1249,$602,$2429,$8502,$2791,$0,$414,$509,$3300,$0,$3457,$201,$5202,$8502,$562,$42,$31,$73,$-2,$0,$8,$-160,$-286,$355,$-25,$0,$0,$0,$160,$160,$0,$135,$0,$0,$0,$-652,$-652,$-20,$7,$-665,$-113,$15,$-20
31,2010-12-31,21.54,$3.98,5.41,$4.23,5.09,$2.23,9.68,$1.41,15.33,$6.45B,$3.14B,2.05,$0.00B,$5.22B,0.0,$5.54B,$5.54B,100.00%,$5.54B,$2.75B,49.68%,$5.54B,$2.75B,49.68%,$5.54B,$2.90B,52.36%,$5.54B,$2.76B,49.77%,$5.54B,$1.84B,33.27%,$1.84B,$5.22B,40.90%,$1.84B,$4.01B,49.98%,$1.84B,$8.84B,23.24%,$2.75B,$5.22B,60.94%,$1438,$0,$1438,$0,$827,$869,$569,$13,$582,$167,$415,$415,$412,$582,$569,$1310,1310,$0.32,$0.32,$4198,$0,$990,$6454,$439,$142,$1207,$590,$2383,$8837,$3143,$0,$404,$478,$3621,$0,$2915,$95,$5216,$8837,$1847,$148,$100,$248,$-115,$0,$-19,$83,$-439,$1697,$-151,$0,$-498,$0,$11,$11,$-3,$-641,$0,$0,$0,$11,$11,$-79,$87,$19,$1012,$63,$-79
32,2010-09-30,21.51,$3.71,5.8,$4.13,5.21,$2.00,10.77,$1.32,16.31,$6.23B,$2.83B,2.2,$0.00B,$4.85B,0.0,$5.40B,$5.40B,100.00%,$5.40B,$2.65B,49.11%,$5.40B,$2.65B,49.11%,$5.40B,$2.84B,52.56%,$5.40B,$2.63B,48.78%,$5.40B,$1.73B,31.96%,$1.73B,$4.85B,42.30%,$1.73B,$4.14B,51.03%,$1.73B,$8.17B,22.74%,$2.65B,$4.85B,64.75%,$1428,$0,$1428,$0,$626,$662,$766,$1,$767,$248,$519,$519,$518,$810,$766,$1310,1310,$0.40,$0.39,$4143,$0,$952,$6233,$433,$154,$709,$535,$1933,$8166,$2832,$1,$392,$483,$3315,$0,$2520,$141,$4851,$8166,$1432,$135,$-3,$132,$-53,$0,$-45,$-460,$-546,$1027,$-105,$0,$0,$0,$50,$50,$-528,$-583,$0,$0,$0,$10,$10,$-59,$85,$36,$424,$49,$-59
33,2010-06-30,19.15,$3.15,6.07,$4.09,4.68,$2.06,9.29,$1.28,15.02,$5.54B,$2.82B,1.97,$0.02B,$4.13B,0.01,$5.34B,$5.34B,100.00%,$5.34B,$2.56B,47.96%,$5.34B,$2.56B,47.96%,$5.34B,$2.76B,51.72%,$5.34B,$2.54B,47.60%,$5.34B,$1.66B,31.11%,$1.66B,$4.13B,45.19%,$1.66B,$3.47B,55.86%,$1.66B,$7.43B,22.80%,$2.56B,$4.14B,69.27%,$1365,$0,$1365,$0,$613,$648,$717,$-4,$713,$255,$458,$458,$458,$762,$717,$1310,1310,$0.35,$0.35,$3453,$0,$970,$5543,$435,$170,$657,$496,$1889,$7432,$2818,$19,$396,$489,$3307,$0,$2022,$-72,$4125,$7432,$913,$91,$-72,$19,$-12,$0,$-38,$-327,$-500,$438,$-65,$0,$0,$0,$45,$45,$0,$-20,$0,$0,$0,$9,$9,$-39,$89,$59,$268,$31,$-39
34,2010-03-31,24.36,$2.93,8.32,$4.03,6.04,$2.33,10.47,$1.19,20.42,$5.11B,$2.82B,1.81,$0.02B,$3.83B,0.01,$5.25B,$5.25B,100.00%,$5.25B,$2.40B,45.69%,$5.25B,$2.40B,45.69%,$5.25B,$2.62B,49.80%,$5.25B,$2.36B,45.00%,$5.25B,$1.55B,29.54%,$1.55B,$3.83B,46.85%,$1.55B,$3.13B,59.68%,$1.55B,$7.29B,21.63%,$2.40B,$3.85B,71.99%,$1308,$0,$1308,$0,$573,$608,$700,$-5,$695,$240,$455,$455,$455,$746,$700,$1300,1310,$0.35,$0.35,$3101,$0,$946,$5106,$433,$359,$701,$505,$2180,$7286,$2822,$21,$537,$632,$3454,$0,$1583,$88,$3832,$7286,$455,$46,$-148,$-102,$19,$0,$-36,$-110,$-261,$95,$-20,$0,$0,$0,$-3,$-3,$0,$-23,$0,$0,$0,$6,$6,$-20,$91,$77,$64,$16,$-20
35,2009-12-31,24.54,$2.71,9.07,$3.92,6.26,$2.57,9.55,$1.13,21.77,$5.00B,$3.17B,1.58,$0.02B,$3.51B,0.01,$5.10B,$5.10B,100.00%,$5.10B,$2.26B,44.32%,$5.10B,$2.26B,44.32%,$5.10B,$2.49B,48.77%,$5.10B,$2.22B,43.50%,$5.10B,$1.46B,28.69%,$1.46B,$3.51B,50.27%,$1.46B,$2.79B,66.22%,$1.46B,$7.47B,21.04%,$2.26B,$3.53B,77.11%,$1299,$0,$1299,$0,$798,$830,$469,$-10,$459,$164,$295,$295,$295,$520,$469,$1300,1300,$0.23,$0.22,$2879,$0,$1031,$5003,$449,$518,$724,$512,$2467,$7470,$3167,$22,$689,$791,$3958,$0,$1148,$194,$3512,$7470,$1463,$227,$358,$585,$122,$0,$34,$-164,$-675,$1378,$-140,$0,$-3,$0,$-517,$-517,$-4,$-664,$-149,$0,$-149,$9,$9,$-79,$34,$-185,$550,$88,$-79
36,2009-09-30,19.37,$2.49,7.79,$3.87,5.01,$1.80,10.74,$1.08,17.91,$4.75B,$2.79B,1.7,$0.02B,$3.23B,0.01,$5.03B,$5.03B,100.00%,$5.03B,$2.25B,44.86%,$5.03B,$2.25B,44.86%,$5.03B,$2.49B,49.53%,$5.03B,$2.20B,43.86%,$5.03B,$1.41B,28.00%,$1.41B,$3.23B,55.94%,$1.41B,$2.50B,77.21%,$1.41B,$6.94B,20.99%,$2.25B,$3.25B,88.91%,$1364,$0,$1364,$0,$649,$691,$673,$0,$673,$221,$452,$452,$452,$732,$673,$1300,1300,$0.35,$0.35,$2946,$0,$757,$4753,$451,$233,$725,$419,$2187,$6939,$2791,$22,$825,$923,$3714,$0,$873,$210,$3225,$6939,$1169,$176,$229,$405,$162,$0,$21,$-841,$-467,$1094,$-96,$0,$-3,$0,$-37,$-37,$-4,$-140,$-149,$0,$-149,$6,$6,$-59,$27,$-175,$811,$69,$-59
37,2009-06-30,16.01,$2.06,7.76,$3.85,4.16,$1.66,9.65,$0.58,27.51,$4.69B,$2.98B,1.57,$0.02B,$2.67B,0.01,$5.00B,$5.00B,100.00%,$5.00B,$1.30B,26.05%,$5.00B,$1.30B,26.05%,$5.00B,$1.54B,30.77%,$5.00B,$1.24B,24.74%,$5.00B,$0.76B,15.22%,$0.76B,$2.67B,35.40%,$0.76B,$1.98B,51.21%,$0.76B,$6.98B,11.21%,$1.30B,$2.70B,60.01%,$1280,$0,$1280,$0,$687,$723,$557,$-21,$536,$187,$349,$349,$349,$617,$557,$1300,1300,$0.27,$0.27,$2654,$0,$944,$4690,$457,$224,$698,$413,$2294,$6984,$2982,$21,$1234,$1328,$4310,$0,$441,$129,$2674,$6984,$716,$117,$87,$204,$110,$0,$5,$-362,$-141,$778,$-63,$0,$0,$0,$-23,$-23,$-2,$-88,$-149,$0,$-149,$2,$2,$-39,$21,$-165,$543,$41,$-39
38,2009-03-31,16.01,$1.72,9.29,$3.82,4.19,$1.47,10.87,$-0.26,0.0,$4.11B,$2.75B,1.49,$0.02B,$2.23B,0.01,$4.97B,$4.97B,100.00%,$4.97B,$-0.49B,-9.83%,$4.97B,$-0.49B,-9.83%,$4.97B,$-0.28B,-5.56%,$4.97B,$-0.52B,-10.51%,$4.97B,$-0.34B,-6.75%,$-0.34B,$2.23B,-16.80%,$-0.34B,$1.57B,-24.90%,$-0.34B,$6.42B,-4.96%,$-0.49B,$2.25B,-23.80%,$1156,$0,$1156,$0,$564,$595,$561,$-11,$550,$183,$367,$367,$367,$618,$561,$1300,1300,$0.28,$0.28,$2276,$0,$833,$4107,$454,$228,$657,$416,$2308,$6415,$2751,$18,$1347,$1435,$4186,$0,$111,$40,$2229,$6415,$367,$57,$55,$112,$102,$0,$3,$-221,$-61,$416,$-28,$0,$-3,$0,$-20,$-20,$1,$-50,$-149,$0,$-149,$1,$1,$-20,$3,$-165,$173,$15,$-20
39,2008-12-31,13.65,$1.49,9.13,$3.83,3.56,$1.32,10.34,$-0.20,0.0,$4.31B,$2.99B,1.44,$0.02B,$1.93B,0.01,$4.99B,$4.99B,100.00%,$4.99B,$-0.53B,-10.68%,$4.99B,$-0.53B,-10.68%,$4.99B,$-0.35B,-6.91%,$4.99B,$-0.38B,-7.67%,$4.99B,$-0.26B,-5.11%,$-0.26B,$1.93B,-11.46%,$-0.26B,$1.24B,-16.02%,$-0.26B,$6.48B,-3.77%,$-0.53B,$1.95B,-23.02%,$1225,$0,$1225,$0,$726,$762,$463,$-18,$445,$206,$239,$239,$239,$522,$463,$1300,1300,$0.19,$0.19,$2093,$0,$883,$4312,$307,$229,$692,$368,$2164,$6476,$2990,$19,$1460,$1553,$4544,$0,$-236,$109,$1932,$6476,$-254,$189,$-611,$-422,$-116,$0,$8,$74,$1074,$413,$-171,$0,$-82,$0,$457,$457,$-2,$202,$-80,$0,$-80,$-640,$-640,$-79,$48,$-751,$-154,$61,$-79
40,2008-09-30,16.92,$1.37,12.39,$3.68,4.6,$1.59,10.65,$-0.16,0.0,$5.07B,$3.80B,1.33,$0.02B,$1.77B,0.01,$4.84B,$4.84B,100.00%,$4.84B,$-0.82B,-17.02%,$4.84B,$-0.82B,-17.02%,$4.84B,$-0.66B,-13.62%,$4.84B,$-0.36B,-7.46%,$4.84B,$-0.19B,-3.93%,$-0.19B,$1.77B,-7.60%,$-0.19B,$1.16B,-10.01%,$-0.19B,$7.27B,-2.83%,$-0.82B,$1.79B,-31.42%,$1338,$0,$1338,$0,$761,$1617,$-279,$-14,$-294,$-100,$-194,$-194,$-194,$-219,$-279,$1295,1295,$-0.15,$-0.15,$2905,$0,$808,$5071,$300,$256,$610,$381,$2202,$7273,$3800,$20,$1607,$1707,$5508,$0,$-476,$181,$1765,$7273,$-493,$129,$-678,$-548,$-76,$0,$-32,$-76,$1963,$931,$-123,$0,$0,$0,$356,$356,$-2,$232,$-80,$0,$-80,$-640,$-640,$-60,$49,$-731,$412,$44,$-60
41,2008-06-30,25.33,$1.59,15.97,$3.44,7.35,$1.41,17.96,$0.22,114.6,$4.40B,$2.80B,1.57,$0.17B,$2.05B,0.08,$4.59B,$4.59B,100.00%,$4.59B,$-0.19B,-4.19%,$4.59B,$-0.19B,-4.19%,$4.59B,$-0.06B,-1.20%,$4.59B,$0.42B,9.05%,$4.59B,$0.32B,6.94%,$0.32B,$2.05B,11.15%,$0.32B,$1.41B,14.02%,$0.32B,$6.86B,4.95%,$-0.19B,$2.22B,-6.39%,$1247,$0,$1247,$0,$802,$2480,$-1233,$10,$-1223,$-477,$-747,$-747,$-747,$-1197,$-1233,$1301,1301,$-0.57,$-0.57,$2488,$0,$936,$4400,$297,$416,$635,$380,$2461,$6860,$2801,$171,$1752,$2012,$4812,$0,$-282,$276,$2048,$6860,$-300,$69,$-732,$-663,$-16,$0,$-0,$1671,$1500,$543,$-68,$0,$0,$0,$315,$315,$1,$248,$-80,$0,$-80,$-645,$-645,$-40,$44,$-721,$110,$29,$-40
42,2008-03-31,21.26,$2.42,8.78,$3.22,6.61,$1.32,16.15,$0.98,21.69,$4.42B,$2.37B,1.87,$0.15B,$3.16B,0.05,$4.34B,$4.34B,100.00%,$4.34B,$1.31B,30.22%,$4.34B,$1.31B,30.22%,$4.34B,$1.45B,33.33%,$4.34B,$2.02B,46.69%,$4.34B,$1.32B,30.38%,$1.32B,$3.16B,43.14%,$1.32B,$2.56B,52.65%,$1.32B,$6.43B,21.57%,$1.31B,$3.31B,40.90%,$1182,$0,$1182,$0,$641,$666,$516,$173,$689,$242,$447,$447,$447,$549,$516,$1314,1318,$0.34,$0.34,$2663,$0,$1046,$4424,$293,$429,$601,$393,$2001,$6426,$2365,$150,$671,$902,$3268,$0,$465,$288,$3158,$6426,$447,$33,$-206,$-173,$16,$0,$10,$-73,$-53,$224,$-32,$0,$0,$0,$253,$253,$1,$222,$0,$0,$0,$-292,$-292,$-20,$41,$-272,$213,$11,$-20
43,2007-12-31,20.5,$2.31,8.89,$2.99,6.86,$1.20,17.14,$0.80,25.65,$4.59B,$2.36B,1.94,$0.15B,$3.03B,0.05,$4.07B,$4.07B,100.00%,$4.07B,$1.11B,27.24%,$4.07B,$1.11B,27.24%,$4.07B,$1.24B,30.56%,$4.07B,$1.67B,41.08%,$4.07B,$1.09B,26.67%,$1.09B,$3.03B,37.24%,$1.09B,$2.47B,45.46%,$1.09B,$6.26B,18.70%,$1.11B,$3.18B,35.93%,$1073,$0,$1073,$0,$884,$901,$172,$295,$467,$163,$304,$304,$304,$208,$172,$1349,1352,$0.22,$0.22,$2970,$0,$888,$4592,$290,$192,$560,$362,$1668,$6260,$2363,$150,$644,$869,$3233,$0,$38,$278,$3027,$6260,$1086,$136,$-356,$-221,$-61,$0,$-31,$-92,$-111,$770,$-156,$0,$0,$0,$464,$464,$8,$315,$0,$0,$0,$-599,$-599,$-74,$15,$-658,$474,$58,$-74
44,2007-09-30,14.08,$2.38,5.91,$2.81,5.01,$1.15,12.23,$0.60,23.35,$4.48B,$2.00B,2.24,$0.15B,$3.17B,0.05,$3.83B,$3.83B,100.00%,$3.83B,$0.98B,25.61%,$3.83B,$0.98B,25.61%,$3.83B,$1.12B,29.13%,$3.83B,$1.27B,33.23%,$3.83B,$0.82B,21.44%,$0.82B,$3.17B,29.91%,$0.82B,$2.64B,36.71%,$0.82B,$6.14B,14.93%,$0.98B,$3.32B,33.43%,$1083,$0,$1083,$0,$697,$730,$353,$129,$482,$168,$314,$314,$314,$385,$353,$1354,1362,$0.23,$0.23,$3278,$0,$500,$4481,$280,$192,$537,$354,$1654,$6135,$1997,$150,$741,$966,$2962,$0,$-226,$415,$3173,$6135,$782,$100,$-98,$2,$-69,$0,$-36,$-32,$-74,$718,$-112,$0,$0,$0,$179,$179,$9,$76,$0,$0,$0,$-276,$-276,$-54,$8,$-322,$502,$36,$-54
45,2007-06-30,15.78,$2.11,7.46,$2.68,5.89,$0.99,15.97,$0.51,30.71,$3.99B,$1.83B,2.18,$0.15B,$2.85B,0.05,$3.65B,$3.65B,100.00%,$3.65B,$0.90B,24.75%,$3.65B,$0.90B,24.75%,$3.65B,$1.04B,28.55%,$3.65B,$1.08B,29.67%,$3.65B,$0.70B,19.19%,$0.70B,$2.85B,27.66%,$0.70B,$2.35B,34.36%,$0.70B,$5.61B,13.50%,$0.90B,$3.00B,32.94%,$997,$0,$997,$0,$700,$728,$269,$117,$386,$134,$252,$252,$252,$303,$269,$1359,1367,$0.19,$0.19,$2831,$0,$508,$3989,$270,$193,$509,$368,$1618,$5607,$1828,$150,$704,$925,$2753,$0,$-541,$126,$2854,$5607,$467,$68,$4,$72,$-23,$0,$-43,$-40,$-97,$446,$-75,$0,$0,$0,$-27,$-27,$5,$-97,$0,$0,$0,$1,$1,$-33,$7,$-25,$335,$23,$-33
46,2007-03-31,10.09,$1.93,5.24,$2.58,3.91,$0.83,12.16,$0.10,100.86,$3.61B,$1.61B,2.24,$0.23B,$2.60B,0.09,$3.50B,$3.50B,100.00%,$3.50B,$0.36B,10.31%,$3.50B,$0.36B,10.31%,$3.50B,$0.50B,14.31%,$3.50B,$0.44B,12.48%,$3.50B,$0.14B,3.97%,$0.14B,$2.60B,5.91%,$0.14B,$2.10B,7.46%,$0.14B,$5.21B,2.81%,$0.36B,$2.83B,13.99%,$915,$0,$915,$0,$577,$601,$314,$22,$336,$121,$215,$215,$215,$347,$314,$1358,1366,$0.16,$0.16,$2509,$0,$485,$3609,$258,$193,$502,$370,$1598,$5206,$1612,$230,$692,$993,$2605,$0,$-793,$119,$2601,$5206,$215,$33,$18,$52,$4,$0,$-48,$-75,$-198,$71,$-36,$0,$0,$0,$-9,$-9,$1,$-44,$0,$0,$0,$0,$0,$-12,$4,$-8,$25,$8,$-12
