,Date,Stock Price,Book Value per Share,Price to Book Ratio,TTM Sales per Share,Price to Sales Ratio,TTM FCF per Share,Price to FCF Ratio,TTM Net EPS,PE Ratio,Current Assets,Current Liabilities,Current Ratio,Long Term Debt,Shareholder's Equity_x,Debt to Equity Ratio,TTM Revenue_x,TTM Gross Profit,Gross Margin,TTM Revenue_y,TTM Operating Income,Operating Margin,TTM Revenue_x,TTM EBIT,EBIT Margin,TTM Revenue_y,TTM EBITDA,EBITDA Margin,TTM Revenue_x,TTM Pre-Tax Income,Pre-Tax Margin,TTM Revenue_y,TTM Net Income_x,Net Margin,TTM Net Income_y,Shareholder's Equity_y,Return on Equity,TTM Net Income_x,Tangible Equity,Return on Tangible Equity,TTM Net Income_y,Total Assets,Return on Assets,TTM Net Income,LT Investments & Debt,Return on Investment,revenue,cost-goods-sold,gross-profit,research-development-expenses,selling-general-administrative-expenses,operating-expenses,operating-income,total-non-operating-income-expense,pre-tax-income,total-provision-income-taxes,income-after-taxes,income-from-continuous-operations,net-income,ebitda,ebit,basic-shares-outstanding,shares-outstanding,eps-basic-net-earnings-per-share,eps-earnings-per-share-diluted,cash-on-hand,inventory,other-current-assets,total-current-assets,net-property-plant-equipment,long-term-investments,goodwill-intangible-assets-total,other-long-term-assets,total-long-term-assets,total-assets,total-current-liabilities,long-term-debt,other-non-current-liabilities,total-long-term-liabilities,total-liabilities,common-stock-net,retained-earnings-accumulated-deficit,comprehensive-income,total-share-holder-equity,total-liabilities-share-holders-equity,net-income-loss,total-depreciation-amortization-cash-flow,other-non-cash-items,total-non-cash-items,change-in-accounts-receivable,change-in-inventories,change-in-accounts-payable,change-in-assets-liabilities,total-change-in-assets-liabilities,cash-flow-from-operating-activities,net-change-in-property-plant-equipment,net-change-in-intangible-assets,net-acquisitions-divestitures,net-change-in-short-term-investments,net-change-in-long-term-investments,net-change-in-investments-total,investing-activities-other,cash-flow-from-investing-activities,net-long-term-debt,net-current-debt,debt-issuance-retirement-net-total,net-common-equity-issued-repurchased,net-total-equity-issued-repurchased,total-common-preferred-stock-dividends-paid,financial-activities-other,cash-flow-from-financial-activities,net-cash-flow,stock-based-compensation,common-stock-dividends-paid
0,2018-09-30,55.29,$23.29,2.37,$6.86,8.05,$5.09,10.85,$0.56,98.73,$0.34B,$0.35B,0.96,$4.87B,$3.29B,1.48,$0.97B,$0.58B,59.73%,$0.97B,$0.21B,21.32%,$0.97B,$0.21B,21.32%,$0.97B,$0.57B,58.19%,$0.97B,$0.15B,15.04%,$0.97B,$0.08B,8.34%,$0.08B,$3.29B,2.32%,$0.08B,$3.29B,2.32%,$0.08B,$9.01B,0.88%,$0.21B,$8.16B,2.44%,$242,$94,$149,$0,$5,$181,$61,$-26,$35,$0,$35,$81,$74,$148,$61,$141,141,$0.52,$0.52,$144,$0,$0,$337,$6821,$0,$0,$1465,$8674,$9011,$350,$4873,$500,$5373,$5723,$1,$-1520,$0,$3288,$9011,$56,$266,$-64,$202,$3,$0,$0,$2,$-10,$247,$-83,$0,$0,$0,$362,$362,$-23,$256,$-163,$0,$-163,$0,$0,$-339,$-0,$-502,$1,$0,$-339
1,2018-06-30,56.1,$23.48,2.39,$6.87,8.17,$6.36,8.82,$0.16,350.65,$0.32B,$0.35B,0.91,$4.97B,$3.32B,1.5,$0.97B,$0.58B,59.32%,$0.97B,$0.20B,20.80%,$0.97B,$0.20B,20.80%,$0.97B,$0.56B,57.98%,$0.97B,$0.15B,14.93%,$0.97B,$0.02B,2.47%,$0.02B,$3.32B,0.65%,$0.02B,$3.32B,0.65%,$0.02B,$9.12B,0.26%,$0.20B,$8.28B,2.32%,$235,$89,$146,$0,$5,$192,$42,$-23,$19,$1,$18,$9,$8,$129,$42,$141,141,$0.05,$0.05,$143,$0,$0,$318,$6869,$0,$0,$1525,$8797,$9115,$351,$4968,$482,$5449,$5800,$1,$-1490,$-0,$3315,$9115,$-26,$179,$8,$187,$14,$0,$0,$-4,$3,$165,$-89,$0,$0,$0,$373,$373,$-18,$266,$-205,$0,$-205,$0,$0,$-227,$1,$-432,$-1,$0,$-227
2,2018-03-31,54.62,$24.16,2.26,$6.95,7.86,$7.80,7.0,$0.30,182.05,$0.35B,$0.35B,0.98,$4.90B,$3.41B,1.44,$0.98B,$0.58B,59.00%,$0.98B,$0.22B,22.28%,$0.98B,$0.22B,22.28%,$0.98B,$0.58B,59.21%,$0.98B,$0.16B,15.87%,$0.98B,$0.04B,4.37%,$0.04B,$3.41B,1.10%,$0.04B,$3.41B,1.10%,$0.04B,$9.16B,0.45%,$0.22B,$8.31B,2.45%,$237,$113,$124,$0,$8,$201,$36,$-36,$0,$-3,$3,$-34,$-34,$128,$36,$141,141,$-0.24,$-0.24,$168,$0,$0,$347,$6908,$0,$0,$1503,$8811,$9157,$353,$4904,$492,$5396,$5749,$1,$-1393,$0,$3409,$9157,$-34,$92,$24,$116,$12,$0,$0,$9,$13,$95,$-53,$0,$0,$0,$377,$377,$-13,$311,$-268,$0,$-268,$0,$0,$-114,$-0,$-382,$25,$0,$-114
3,2017-12-31,63.25,$28.14,2.25,$6.99,9.05,$9.13,6.93,$1.02,62.01,$0.34B,$0.38B,0.88,$5.17B,$3.97B,1.3,$0.99B,$0.60B,60.32%,$0.99B,$0.23B,23.56%,$0.99B,$0.23B,23.56%,$0.99B,$0.60B,60.73%,$0.99B,$0.18B,17.93%,$0.99B,$0.15B,14.70%,$0.15B,$3.97B,3.55%,$0.15B,$3.97B,3.55%,$0.15B,$9.61B,1.51%,$0.23B,$9.14B,2.56%,$257,$96,$161,$0,$7,$189,$68,$24,$92,$16,$76,$39,$33,$160,$68,$142,142,$0.23,$0.23,$143,$0,$0,$338,$7109,$0,$0,$1710,$9268,$9606,$384,$5170,$83,$5254,$5638,$1,$-830,$-0,$3968,$9606,$162,$368,$-118,$250,$-7,$0,$0,$-18,$-25,$386,$53,$0,$0,$0,$150,$150,$-27,$177,$210,$0,$210,$-221,$-221,$-444,$-111,$-566,$-3,$0,$-444
4,2017-09-30,52.31,$28.65,1.83,$7.04,7.44,$12.13,4.31,$1.05,49.82,$0.31B,$0.37B,0.85,$5.05B,$4.04B,1.25,$1.01B,$0.61B,60.42%,$1.01B,$0.24B,24.11%,$1.01B,$0.24B,24.11%,$1.01B,$0.61B,60.81%,$1.01B,$0.12B,11.51%,$1.01B,$0.15B,14.88%,$0.15B,$4.04B,3.55%,$0.15B,$4.04B,3.55%,$0.15B,$9.61B,1.54%,$0.24B,$9.09B,2.64%,$242,$98,$145,$0,$5,$186,$56,$-22,$34,$3,$31,$19,$17,$146,$56,$141,141,$0.12,$0.12,$122,$0,$0,$314,$7165,$0,$0,$1689,$9293,$9607,$372,$5050,$148,$5198,$5570,$1,$-759,$0,$4037,$9607,$123,$276,$-87,$189,$1,$0,$0,$-1,$-12,$300,$43,$0,$0,$0,$146,$146,$-24,$165,$86,$0,$86,$-221,$-221,$-329,$-22,$-487,$-22,$0,$-329
5,2017-06-30,54.55,$29.39,1.86,$7.08,7.71,$15.60,3.5,$1.02,53.48,$0.34B,$0.38B,0.88,$4.99B,$4.16B,1.2,$1.02B,$0.62B,60.65%,$1.02B,$0.25B,24.24%,$1.02B,$0.25B,24.24%,$1.02B,$0.62B,60.35%,$1.02B,$0.12B,11.29%,$1.02B,$0.15B,14.43%,$0.15B,$4.16B,3.39%,$0.15B,$4.16B,3.39%,$0.15B,$9.68B,1.50%,$0.25B,$9.15B,2.66%,$247,$97,$150,$0,$7,$188,$59,$-30,$30,$0,$30,$29,$27,$148,$59,$142,142,$0.19,$0.19,$137,$0,$0,$335,$7198,$0,$0,$1697,$9347,$9682,$379,$4988,$155,$5142,$5522,$1,$-664,$0,$4161,$9682,$104,$186,$-75,$111,$5,$0,$0,$-11,$-25,$190,$90,$0,$0,$0,$119,$119,$-19,$191,$21,$0,$21,$-182,$-182,$-220,$-6,$-388,$-7,$0,$-220
6,2017-03-31,59.82,$30.12,1.99,$7.10,8.42,$19.03,3.14,$1.14,52.47,$0.34B,$0.38B,0.88,$4.90B,$4.27B,1.15,$1.03B,$0.63B,61.05%,$1.03B,$0.26B,24.90%,$1.03B,$0.26B,24.90%,$1.03B,$0.63B,60.56%,$1.03B,$0.12B,12.02%,$1.03B,$0.17B,15.99%,$0.17B,$4.27B,3.71%,$0.17B,$4.27B,3.71%,$0.17B,$9.71B,1.67%,$0.26B,$9.18B,2.75%,$247,$104,$143,$0,$8,$196,$51,$-29,$22,$-3,$25,$75,$69,$149,$51,$144,144,$0.48,$0.48,$142,$0,$0,$335,$7207,$0,$0,$1711,$9377,$9712,$381,$4902,$155,$5058,$5438,$1,$-575,$0,$4274,$9712,$75,$98,$-62,$36,$9,$0,$0,$1,$-8,$103,$130,$0,$0,$0,$88,$88,$-11,$207,$-64,$0,$-64,$-133,$-133,$-111,$-4,$-312,$-2,$0,$-111
7,2016-12-31,65.11,$30.75,2.12,$7.07,9.21,$21.71,3.0,$3.42,19.04,$0.35B,$0.43B,0.82,$4.97B,$4.43B,1.12,$1.04B,$0.64B,61.10%,$1.04B,$0.26B,24.88%,$1.04B,$0.26B,24.88%,$1.04B,$0.63B,60.61%,$1.04B,$0.56B,53.31%,$1.04B,$0.52B,49.66%,$0.52B,$4.43B,11.16%,$0.52B,$4.43B,11.16%,$0.52B,$9.96B,5.16%,$0.26B,$9.39B,2.73%,$272,$101,$171,$0,$5,$195,$77,$-46,$30,$-2,$32,$41,$37,$170,$77,$147,147,$0.35,$0.36,$144,$0,$0,$349,$7357,$0,$0,$1774,$9609,$9958,$427,$4966,$138,$5103,$5531,$1,$-489,$0,$4427,$9958,$555,$372,$-455,$-83,$-8,$0,$0,$-4,$-42,$430,$465,$0,$0,$0,$14,$14,$-35,$443,$763,$0,$763,$-800,$-800,$-779,$-49,$-865,$8,$0,$-779
8,2016-09-30,73.56,$31.22,2.36,$7.24,10.16,$20.91,3.52,$5.81,12.66,$0.33B,$0.42B,0.8,$4.89B,$4.49B,1.09,$1.09B,$0.67B,61.65%,$1.09B,$0.28B,25.32%,$1.09B,$0.28B,25.32%,$1.09B,$0.66B,60.92%,$1.09B,$0.96B,88.07%,$1.09B,$0.90B,82.11%,$0.90B,$4.49B,18.68%,$0.90B,$4.49B,18.68%,$0.90B,$9.94B,8.65%,$0.28B,$9.39B,2.84%,$253,$100,$154,$0,$7,$194,$60,$-26,$33,$1,$33,$13,$14,$148,$60,$144,144,$0.09,$0.09,$137,$0,$0,$333,$7377,$0,$0,$1754,$9608,$9942,$420,$4894,$137,$5032,$5451,$1,$-420,$0,$4491,$9942,$514,$279,$-451,$-172,$2,$0,$0,$9,$-11,$331,$519,$0,$0,$0,$7,$7,$-32,$494,$691,$0,$691,$-800,$-800,$-668,$-51,$-828,$-2,$0,$-668
9,2016-06-30,77.05,$31.64,2.44,$7.54,10.22,$15.99,4.82,$5.93,12.99,$0.30B,$0.43B,0.7,$4.91B,$4.58B,1.07,$1.16B,$0.73B,62.60%,$1.16B,$0.30B,25.97%,$1.16B,$0.30B,25.97%,$1.16B,$0.72B,61.56%,$1.16B,$0.97B,83.06%,$1.16B,$0.92B,78.68%,$0.92B,$4.58B,17.86%,$0.92B,$4.58B,17.86%,$0.92B,$10.00B,8.17%,$0.30B,$9.49B,2.87%,$260,$98,$162,$0,$8,$191,$69,$-30,$39,$1,$39,$49,$45,$158,$69,$147,147,$0.31,$0.31,$118,$0,$0,$299,$7443,$0,$0,$1766,$9698,$9998,$426,$4913,$82,$4995,$5421,$1,$-378,$0,$4577,$9998,$501,$191,$-457,$-266,$4,$0,$0,$-12,$-15,$220,$574,$0,$0,$0,$-74,$-74,$-15,$485,$666,$0,$666,$-800,$-800,$-562,$-22,$-718,$-13,$0,$-562
10,2016-03-31,70.87,$33.65,2.11,$7.80,9.08,$11.21,6.32,$5.71,12.41,$0.34B,$0.44B,0.76,$4.66B,$5.03B,0.93,$1.23B,$0.78B,63.21%,$1.23B,$0.30B,24.63%,$1.23B,$0.30B,24.63%,$1.23B,$0.74B,60.52%,$1.23B,$0.95B,77.24%,$1.23B,$0.88B,72.10%,$0.88B,$5.03B,16.22%,$0.88B,$5.03B,16.22%,$0.88B,$10.21B,7.34%,$0.30B,$9.69B,2.67%,$256,$107,$149,$0,$9,$203,$53,$399,$453,$1,$451,$451,$421,$155,$53,$152,152,$2.77,$2.76,$149,$0,$0,$335,$7527,$0,$0,$1845,$9876,$10211,$440,$4659,$83,$4742,$5181,$1,$-176,$0,$5030,$10211,$451,$102,$-437,$-335,$5,$0,$0,$1,$4,$120,$534,$0,$0,$0,$-169,$-169,$-7,$358,$413,$0,$413,$-400,$-400,$-452,$-19,$-458,$20,$0,$-452
11,2015-12-31,71.53,$32.84,2.18,$8.13,8.8,$7.18,9.96,$3.10,23.07,$0.34B,$0.48B,0.72,$5.26B,$5.07B,1.04,$1.29B,$0.82B,63.35%,$1.29B,$0.30B,23.06%,$1.29B,$0.30B,23.06%,$1.29B,$0.76B,59.01%,$1.29B,$0.52B,40.37%,$1.29B,$0.49B,37.81%,$0.49B,$5.07B,8.56%,$0.49B,$5.07B,8.56%,$0.49B,$11.24B,3.81%,$0.30B,$10.33B,2.47%,$321,$114,$207,$0,$7,$227,$94,$341,$435,$-1,$436,$444,$415,$203,$94,$158,158,$2.63,$2.63,$128,$0,$0,$342,$8797,$0,$0,$1533,$10894,$11236,$478,$5261,$426,$5687,$6164,$2,$-213,$0,$5071,$11236,$523,$463,$-433,$30,$2,$0,$0,$7,$2,$555,$282,$0,$0,$0,$-321,$-321,$-63,$-101,$796,$0,$796,$-400,$-400,$-787,$-62,$-452,$2,$0,$-787
12,2015-09-30,63.21,$36.68,1.72,$8.35,7.57,$5.05,12.53,$9.96,6.35,$0.31B,$0.62B,0.5,$6.83B,$5.81B,1.17,$1.29B,$0.81B,63.02%,$1.29B,$0.28B,21.86%,$1.29B,$0.28B,21.86%,$1.29B,$0.75B,57.83%,$1.29B,$1.62B,125.19%,$1.29B,$1.50B,116.36%,$1.50B,$5.81B,25.32%,$1.50B,$5.81B,25.32%,$1.50B,$13.35B,11.32%,$0.28B,$12.64B,2.25%,$326,$116,$210,$0,$7,$240,$86,$-47,$39,$-1,$40,$36,$34,$200,$86,$159,159,$0.21,$0.21,$105,$0,$0,$306,$11031,$0,$0,$1278,$13044,$13350,$616,$6826,$94,$6920,$7536,$2,$339,$0,$5814,$13350,$79,$355,$-34,$321,$7,$0,$0,$7,$14,$414,$-258,$0,$0,$0,$-270,$-270,$-24,$-552,$538,$0,$538,$0,$0,$-332,$-59,$146,$8,$0,$-332
13,2015-06-30,60.9,$37.12,1.64,$8.16,7.46,$5.27,11.55,$10.00,6.09,$0.32B,$0.64B,0.5,$6.74B,$5.89B,1.15,$1.23B,$0.76B,61.94%,$1.23B,$0.26B,21.03%,$1.23B,$0.26B,21.03%,$1.23B,$0.70B,57.13%,$1.23B,$1.60B,130.73%,$1.23B,$1.50B,122.49%,$1.50B,$5.89B,28.04%,$1.50B,$5.89B,28.04%,$1.50B,$13.36B,12.30%,$0.26B,$12.62B,2.25%,$323,$114,$209,$0,$8,$254,$69,$-49,$20,$-0,$20,$16,$14,$184,$69,$159,159,$0.09,$0.09,$122,$0,$0,$319,$11046,$0,$0,$1263,$13042,$13360,$638,$6739,$99,$6838,$7476,$2,$415,$0,$5885,$13360,$42,$241,$-30,$211,$11,$0,$0,$-2,$20,$273,$-174,$0,$0,$0,$-266,$-266,$-18,$-458,$446,$0,$446,$0,$0,$-222,$-13,$211,$25,$0,$-222
14,2015-03-31,68.29,$37.69,1.81,$7.93,8.61,$5.38,12.68,$10.02,6.82,$0.33B,$0.65B,0.5,$6.47B,$5.97B,1.08,$1.16B,$0.70B,60.71%,$1.16B,$0.25B,21.42%,$1.16B,$0.25B,21.42%,$1.16B,$0.67B,57.60%,$1.16B,$1.61B,138.95%,$1.16B,$1.51B,129.97%,$1.51B,$5.97B,31.45%,$1.51B,$5.97B,31.45%,$1.51B,$13.20B,13.50%,$0.25B,$12.45B,2.38%,$318,$128,$190,$0,$8,$271,$48,$-22,$26,$-1,$27,$27,$24,$173,$48,$158,159,$0.15,$0.15,$133,$0,$0,$326,$11111,$0,$0,$1007,$12870,$13197,$647,$6474,$102,$6576,$7223,$2,$511,$0,$5974,$13197,$27,$125,$-30,$95,$18,$0,$0,$5,$41,$162,$-119,$0,$0,$0,$-20,$-20,$-11,$-150,$141,$0,$141,$0,$0,$-111,$-8,$21,$33,$0,$-111
15,2014-12-31,67.04,$38.18,1.76,$7.80,8.59,$5.74,11.69,$10.00,6.7,$0.31B,$0.68B,0.45,$6.29B,$6.04B,1.04,$1.11B,$0.66B,60.09%,$1.11B,$0.26B,23.17%,$1.11B,$0.26B,23.17%,$1.11B,$0.65B,59.19%,$1.11B,$1.60B,144.98%,$1.11B,$1.50B,135.66%,$1.50B,$6.04B,35.62%,$1.50B,$6.04B,35.62%,$1.50B,$13.12B,14.84%,$0.26B,$12.33B,2.74%,$323,$119,$204,$0,$12,$244,$79,$1451,$1530,$-1,$1531,$1531,$1429,$189,$79,$143,143,$9.97,$9.96,$98,$0,$0,$311,$11068,$0,$0,$984,$12811,$13122,$684,$6292,$105,$6398,$7082,$2,$597,$0,$6040,$13122,$1607,$399,$-1547,$-1147,$-12,$0,$0,$-17,$-59,$401,$53,$0,$29,$0,$-258,$-258,$-79,$-256,$352,$0,$352,$0,$0,$-386,$-96,$-130,$15,$0,$-386
16,2014-09-30,50.82,$25.11,2.02,$7.57,6.71,$3.37,15.08,$1.52,33.43,$0.22B,$0.41B,0.53,$4.93B,$3.54B,1.39,$1.06B,$0.63B,59.12%,$1.06B,$0.24B,22.65%,$1.06B,$0.24B,22.65%,$1.06B,$0.63B,59.49%,$1.06B,$0.08B,7.33%,$1.06B,$0.22B,20.21%,$0.22B,$3.54B,5.93%,$0.22B,$3.54B,5.93%,$0.22B,$9.21B,2.37%,$0.24B,$8.47B,2.89%,$263,$107,$157,$0,$5,$202,$62,$-33,$28,$-1,$29,$39,$36,$155,$62,$141,141,$0.25,$0.25,$73,$0,$0,$215,$7571,$0,$0,$927,$8991,$9206,$407,$4931,$329,$5260,$5667,$1,$-741,$0,$3539,$9206,$76,$289,$-37,$253,$-1,$0,$0,$-8,$-32,$297,$-126,$0,$0,$0,$-202,$-202,$-14,$-342,$352,$0,$352,$0,$0,$-286,$-31,$34,$-11,$0,$-286
17,2014-06-30,52.64,$25.48,2.07,$7.54,6.99,$2.04,25.84,$1.54,34.18,$0.20B,$0.37B,0.54,$4.76B,$3.59B,1.33,$1.06B,$0.62B,58.92%,$1.06B,$0.24B,22.29%,$1.06B,$0.24B,22.29%,$1.06B,$0.63B,59.68%,$1.06B,$0.09B,8.59%,$1.06B,$0.22B,20.49%,$0.22B,$3.59B,5.93%,$0.22B,$3.59B,5.93%,$0.22B,$9.06B,2.39%,$0.24B,$8.35B,2.83%,$254,$103,$152,$0,$5,$196,$59,$-34,$25,$-3,$27,$18,$16,$150,$59,$141,141,$0.11,$0.11,$72,$0,$0,$202,$7556,$0,$0,$797,$8860,$9062,$374,$4760,$338,$5098,$5472,$1,$-689,$0,$3591,$9062,$38,$196,$-12,$184,$11,$0,$0,$1,$-31,$191,$-87,$0,$0,$0,$-75,$-75,$-13,$-175,$180,$0,$180,$0,$0,$-191,$-18,$-29,$-13,$0,$-191
18,2014-03-31,48.7,$26.00,1.87,$7.49,6.5,$0.64,76.4,$3.00,16.23,$0.21B,$0.40B,0.53,$4.61B,$3.66B,1.26,$1.05B,$0.62B,58.61%,$1.05B,$0.23B,21.69%,$1.05B,$0.23B,21.69%,$1.05B,$0.63B,60.04%,$1.05B,$0.16B,14.94%,$1.05B,$0.42B,39.96%,$0.42B,$3.66B,11.42%,$0.42B,$3.66B,11.42%,$0.42B,$9.01B,4.56%,$0.23B,$8.27B,2.69%,$265,$113,$151,$0,$7,$209,$56,$-36,$19,$-0,$20,$20,$18,$160,$56,$141,141,$0.13,$0.13,$81,$0,$0,$214,$7554,$0,$0,$725,$8795,$9008,$401,$4611,$333,$4944,$5345,$1,$-618,$0,$3663,$9008,$20,$104,$-11,$93,$9,$0,$0,$0,$-15,$98,$-10,$0,$0,$0,$-6,$-6,$-6,$-22,$30,$0,$30,$0,$0,$-95,$-15,$-80,$-5,$0,$-95
19,2013-12-31,45.54,$26.42,1.72,$7.38,6.17,$-2.92,0.0,$3.00,15.18,$0.22B,$0.44B,0.5,$4.58B,$3.72B,1.23,$1.03B,$0.61B,58.99%,$1.03B,$0.22B,21.48%,$1.03B,$0.22B,21.48%,$1.03B,$0.62B,59.77%,$1.03B,$0.16B,15.35%,$1.03B,$0.42B,40.82%,$0.42B,$3.72B,11.66%,$0.42B,$3.72B,11.66%,$0.42B,$9.08B,4.47%,$0.22B,$8.30B,2.55%,$282,$114,$169,$0,$9,$218,$64,$-58,$6,$1,$5,$-2,$145,$168,$64,$140,140,$1.04,$1.03,$87,$0,$0,$219,$7622,$0,$0,$701,$8856,$9075,$440,$4583,$334,$4916,$5357,$1,$-549,$0,$3719,$9075,$449,$394,$-415,$-21,$-5,$0,$0,$8,$-6,$422,$-311,$0,$0,$24,$520,$544,$38,$272,$-478,$0,$-478,$173,$173,$-356,$-29,$-690,$4,$0,$-356
20,2013-09-30,43.18,$25.97,1.66,$6.76,6.38,$-9.40,0.0,$3.24,13.33,$0.22B,$0.45B,0.49,$4.76B,$3.66B,1.3,$0.94B,$0.55B,58.40%,$0.94B,$0.19B,20.75%,$0.94B,$0.19B,20.75%,$0.94B,$0.57B,60.75%,$0.94B,$0.35B,37.33%,$0.94B,$0.45B,48.02%,$0.45B,$3.66B,12.73%,$0.45B,$3.66B,12.73%,$0.45B,$9.21B,4.75%,$0.19B,$8.42B,2.22%,$258,$106,$152,$0,$6,$201,$57,$-17,$41,$-1,$41,$50,$38,$154,$57,$141,141,$0.27,$0.27,$89,$0,$0,$219,$7734,$0,$0,$706,$8987,$9206,$446,$4764,$341,$5105,$5551,$1,$-606,$0,$3655,$9206,$298,$290,$-282,$8,$4,$0,$0,$5,$23,$329,$-346,$0,$0,$24,$530,$554,$27,$234,$-455,$0,$-455,$171,$171,$-261,$-22,$-567,$-4,$0,$-261
21,2013-06-30,46.17,$26.14,1.77,$6.45,7.16,$-7.74,0.0,$3.30,13.99,$0.25B,$0.39B,0.64,$5.19B,$3.68B,1.41,$0.88B,$0.51B,58.34%,$0.88B,$0.18B,20.77%,$0.88B,$0.18B,20.77%,$0.88B,$0.54B,61.41%,$0.88B,$0.35B,39.95%,$0.88B,$0.46B,51.65%,$0.46B,$3.68B,13.25%,$0.46B,$3.68B,13.25%,$0.46B,$9.55B,5.02%,$0.18B,$8.87B,2.17%,$246,$101,$144,$0,$7,$195,$51,$40,$91,$-1,$92,$91,$219,$149,$51,$139,140,$1.57,$1.57,$119,$0,$0,$249,$7779,$0,$0,$973,$9301,$9550,$392,$5191,$289,$5480,$5872,$1,$-563,$0,$3678,$9550,$257,$193,$-247,$-55,$9,$0,$0,$10,$-20,$183,$-276,$0,$0,$1,$177,$178,$-23,$-120,$-63,$0,$-63,$171,$171,$-173,$-16,$-81,$-19,$0,$-173
22,2013-03-31,48.35,$24.39,1.98,$6.16,7.85,$-6.01,0.0,$2.73,17.71,$0.28B,$0.42B,0.68,$5.71B,$3.36B,1.7,$0.83B,$0.48B,57.76%,$0.83B,$0.17B,20.10%,$0.83B,$0.17B,20.10%,$0.83B,$0.51B,60.77%,$0.83B,$0.27B,32.37%,$0.83B,$0.37B,44.40%,$0.37B,$3.36B,11.18%,$0.37B,$3.36B,11.18%,$0.37B,$9.76B,4.29%,$0.17B,$9.06B,2.09%,$243,$102,$142,$0,$6,$195,$49,$-29,$20,$-0,$20,$20,$18,$144,$49,$138,138,$0.13,$0.13,$147,$0,$0,$281,$7933,$0,$0,$970,$9481,$9763,$415,$5708,$283,$5991,$6406,$1,$-701,$0,$3357,$9763,$23,$95,$-13,$82,$5,$0,$0,$8,$3,$108,$-512,$0,$0,$0,$79,$79,$-24,$-457,$449,$0,$449,$0,$0,$-86,$-11,$352,$3,$0,$-86
23,2012-12-31,43.37,$24.84,1.75,$5.98,7.25,$-2.91,0.0,$2.49,17.42,$0.27B,$0.39B,0.69,$5.26B,$3.42B,1.54,$0.80B,$0.46B,57.64%,$0.80B,$0.16B,20.30%,$0.80B,$0.16B,20.30%,$0.80B,$0.49B,61.40%,$0.80B,$0.30B,37.47%,$0.80B,$0.34B,42.23%,$0.34B,$3.42B,10.44%,$0.34B,$3.42B,10.44%,$0.34B,$9.31B,4.12%,$0.16B,$8.68B,2.14%,$188,$80,$108,$0,$5,$151,$37,$160,$197,$-2,$199,$199,$174,$121,$37,$134,134,$1.29,$1.29,$144,$0,$0,$269,$7480,$0,$0,$998,$9043,$9311,$388,$5261,$245,$5507,$5895,$1,$-640,$0,$3416,$9311,$366,$328,$-326,$2,$-3,$0,$0,$-18,$-17,$351,$-1113,$0,$-30,$1,$227,$228,$-49,$-963,$822,$0,$822,$178,$178,$-326,$-63,$611,$-1,$0,$-326
24,2012-09-30,42.15,$24.11,1.75,$5.53,7.62,$2.83,14.91,$2.45,17.2,$0.26B,$0.35B,0.73,$3.79B,$3.29B,1.15,$0.74B,$0.43B,57.82%,$0.74B,$0.15B,20.68%,$0.74B,$0.15B,20.68%,$0.74B,$0.47B,63.27%,$0.74B,$0.30B,40.54%,$0.74B,$0.33B,44.35%,$0.33B,$3.29B,10.30%,$0.33B,$3.29B,10.30%,$0.33B,$7.61B,4.16%,$0.15B,$7.08B,2.09%,$204,$84,$120,$0,$5,$158,$46,$-2,$44,$-1,$45,$45,$44,$127,$46,$134,134,$0.33,$0.33,$138,$0,$0,$258,$5942,$0,$0,$1051,$7352,$7610,$353,$3790,$182,$3971,$4324,$1,$-735,$0,$3286,$7610,$180,$244,$-163,$81,$-1,$0,$0,$19,$-5,$256,$-49,$0,$0,$1,$170,$171,$-30,$91,$-232,$0,$-232,$176,$176,$-241,$-41,$-338,$9,$0,$-241
25,2012-06-30,43.07,$23.54,1.83,$5.47,7.87,$1.13,38.03,$2.22,19.4,$0.25B,$0.33B,0.78,$4.07B,$3.14B,1.3,$0.72B,$0.42B,57.32%,$0.72B,$0.15B,20.30%,$0.72B,$0.15B,20.30%,$0.72B,$0.46B,62.98%,$0.72B,$0.27B,37.43%,$0.72B,$0.30B,40.75%,$0.30B,$3.14B,9.55%,$0.30B,$3.14B,9.55%,$0.30B,$7.73B,3.76%,$0.15B,$7.21B,2.03%,$196,$86,$110,$0,$6,$161,$35,$-27,$8,$-3,$11,$11,$133,$113,$35,$133,133,$1.00,$1.00,$149,$0,$0,$254,$5945,$0,$0,$1145,$7477,$7731,$328,$4067,$199,$4266,$4593,$1,$-705,$0,$3138,$7731,$133,$163,$-131,$32,$10,$0,$0,$4,$-20,$145,$-3,$0,$0,$1,$31,$31,$-20,$8,$45,$0,$45,$0,$0,$-161,$-13,$-130,$23,$0,$-161
26,2012-03-31,41.75,$23.15,1.8,$5.38,7.77,$0.09,442.71,$1.07,39.02,$0.41B,$0.35B,1.16,$4.32B,$3.07B,1.41,$0.71B,$0.41B,57.26%,$0.71B,$0.15B,21.02%,$0.71B,$0.15B,21.02%,$0.71B,$0.46B,64.32%,$0.71B,$0.28B,39.63%,$0.71B,$0.14B,20.17%,$0.14B,$3.07B,4.66%,$0.14B,$3.07B,4.66%,$0.14B,$8.07B,1.84%,$0.15B,$7.39B,2.07%,$210,$88,$122,$0,$5,$166,$44,$7,$50,$2,$48,$48,$-14,$129,$44,$132,132,$-0.11,$-0.11,$300,$0,$0,$407,$6091,$0,$0,$1163,$7663,$8070,$352,$4317,$328,$4646,$4998,$1,$-766,$0,$3072,$8070,$-12,$85,$12,$97,$18,$0,$0,$-4,$1,$86,$-64,$0,$0,$0,$17,$17,$-24,$-71,$235,$0,$235,$0,$0,$-82,$-6,$147,$162,$0,$-82
27,2011-12-31,36.22,$23.95,1.51,$5.21,6.96,$0.01,0.0,$1.18,30.69,$0.25B,$0.37B,0.68,$4.21B,$3.17B,1.33,$0.68B,$0.38B,56.14%,$0.68B,$0.14B,19.88%,$0.68B,$0.14B,19.88%,$0.68B,$0.43B,62.87%,$0.68B,$0.23B,34.21%,$0.68B,$0.16B,22.95%,$0.16B,$3.17B,5.10%,$0.16B,$3.17B,5.10%,$0.16B,$7.94B,2.06%,$0.14B,$7.37B,1.92%,$125,$52,$73,$0,$5,$98,$27,$169,$196,$-0,$196,$196,$163,$96,$27,$132,132,$1.23,$1.23,$136,$0,$0,$252,$6079,$0,$0,$1123,$7686,$7939,$372,$4206,$196,$4402,$4774,$1,$-679,$0,$3165,$7939,$169,$294,$-196,$98,$-3,$0,$0,$-5,$-30,$237,$-230,$0,$0,$1,$60,$62,$-44,$-212,$-51,$0,$-51,$0,$0,$-297,$-56,$-404,$-378,$0,$-297
28,2011-09-30,30.19,$22.61,1.34,$5.58,5.41,$0.07,416.4,$0.13,232.22,$0.32B,$0.38B,0.85,$4.06B,$2.99B,1.36,$0.72B,$0.41B,56.41%,$0.72B,$0.15B,21.31%,$0.72B,$0.15B,21.31%,$0.72B,$0.45B,62.81%,$0.72B,$0.07B,9.75%,$0.72B,$0.02B,2.51%,$0.02B,$2.99B,0.58%,$0.02B,$2.99B,0.58%,$0.02B,$7.63B,0.24%,$0.15B,$7.05B,2.19%,$193,$83,$110,$0,$4,$152,$41,$-24,$17,$-2,$19,$19,$13,$118,$41,$132,132,$0.10,$0.10,$217,$0,$0,$320,$5827,$0,$0,$1126,$7309,$7629,$375,$4062,$206,$4268,$4643,$1,$-769,$3,$2987,$7629,$-7,$225,$-25,$201,$-1,$0,$0,$-0,$-13,$180,$-201,$0,$0,$1,$44,$45,$-28,$-185,$-19,$0,$-19,$0,$0,$-218,$-66,$-302,$-306,$0,$-218
29,2011-06-30,37.51,$23.02,1.63,$5.57,6.73,$0.21,182.44,$0.09,416.78,$0.25B,$0.32B,0.79,$3.88B,$3.04B,1.28,$0.71B,$0.40B,55.74%,$0.71B,$0.15B,20.87%,$0.71B,$0.15B,20.87%,$0.71B,$0.44B,61.76%,$0.71B,$0.06B,8.40%,$0.71B,$0.01B,1.82%,$0.01B,$3.04B,0.41%,$0.01B,$3.04B,0.41%,$0.01B,$7.45B,0.17%,$0.15B,$6.92B,2.12%,$181,$80,$101,$0,$4,$145,$37,$-19,$18,$-2,$20,$20,$-19,$113,$37,$132,132,$-0.15,$-0.15,$156,$0,$0,$251,$5620,$0,$0,$1231,$7199,$7450,$317,$3879,$201,$4092,$4409,$1,$-716,$3,$3041,$7450,$-21,$148,$-11,$138,$5,$0,$0,$-5,$-27,$90,$-86,$0,$0,$1,$-81,$-81,$-30,$-197,$-69,$0,$-69,$0,$0,$-145,$-51,$-265,$-372,$0,$-145
30,2011-03-31,34.38,$23.86,1.44,$5.66,6.07,$0.23,148.71,$0.23,149.49,$0.37B,$0.33B,1.11,$3.83B,$3.13B,1.22,$0.71B,$0.40B,55.60%,$0.71B,$0.15B,20.87%,$0.71B,$0.15B,20.87%,$0.71B,$0.43B,60.64%,$0.71B,$0.04B,5.74%,$0.71B,$0.03B,4.48%,$0.03B,$3.13B,1.00%,$0.03B,$3.13B,1.00%,$0.03B,$7.50B,0.42%,$0.15B,$6.95B,2.10%,$185,$85,$100,$0,$8,$155,$31,$-28,$3,$-2,$5,$5,$0,$103,$31,$131,131,$0.00,$0.00,$265,$0,$0,$369,$5687,$0,$0,$1096,$7129,$7498,$333,$3825,$203,$4039,$4372,$1,$-630,$2,$3126,$7498,$0,$73,$-25,$47,$3,$0,$0,$-12,$-6,$42,$-31,$0,$0,$0,$-26,$-26,$-16,$-73,$-121,$0,$-121,$0,$0,$-73,$-31,$-226,$-258,$0,$-73
31,2010-12-31,32.55,$24.44,1.33,$6.12,5.32,$0.13,253.34,$0.15,217.03,$0.62B,$0.33B,1.89,$3.89B,$3.19B,1.22,$0.71B,$0.40B,55.70%,$0.71B,$0.15B,21.10%,$0.71B,$0.15B,21.10%,$0.71B,$0.43B,60.06%,$0.71B,$0.03B,4.22%,$0.71B,$0.03B,3.66%,$0.03B,$3.19B,0.88%,$0.03B,$3.19B,0.88%,$0.03B,$7.65B,0.34%,$0.15B,$7.08B,2.14%,$159,$64,$94,$0,$5,$115,$44,$-12,$32,$-4,$36,$36,$24,$117,$44,$120,120,$0.22,$0.22,$517,$0,$0,$622,$5674,$0,$0,$1032,$7023,$7645,$328,$3892,$225,$4129,$4457,$1,$-564,$-3,$3188,$7645,$28,$278,$-52,$226,$10,$0,$0,$-26,$-54,$200,$-186,$0,$0,$1,$101,$102,$-58,$-142,$-659,$0,$-659,$1221,$1221,$-226,$-42,$294,$352,$0,$-226
32,2010-09-30,29.2,$24.73,1.18,$7.11,4.11,$4.20,6.95,$-0.21,0.0,$0.67B,$0.33B,2.0,$3.91B,$3.22B,1.21,$0.74B,$0.42B,56.70%,$0.74B,$0.15B,19.76%,$0.74B,$0.15B,19.76%,$0.74B,$0.43B,58.32%,$0.74B,0,0.00%,$0.74B,$-0.01B,-1.62%,$-0.01B,$3.22B,-0.45%,$-0.01B,$3.22B,-0.45%,$-0.01B,$7.70B,-0.16%,$0.15B,$7.13B,2.11%,$189,$86,$103,$0,$5,$153,$37,$-30,$7,$-3,$9,$9,$8,$108,$37,$130,130,$0.06,$0.06,$567,$0,$0,$665,$5670,$0,$0,$1043,$7035,$7700,$332,$3908,$227,$4147,$4479,$1,$-522,$-8,$3220,$7700,$3,$204,$-36,$168,$19,$0,$0,$-36,$-44,$127,$-130,$0,$0,$1,$71,$71,$-54,$-112,$-643,$0,$-643,$1221,$1221,$-154,$-45,$379,$393,$0,$-154
33,2010-06-30,25.07,$25.13,1.0,$8.14,3.08,$7.77,3.23,$1.48,16.94,$0.74B,$0.31B,2.35,$3.90B,$3.27B,1.19,$0.75B,$0.43B,57.89%,$0.75B,$0.16B,21.12%,$0.75B,$0.16B,21.12%,$0.75B,$0.44B,58.56%,$0.75B,$0.15B,20.45%,$0.75B,$0.12B,16.44%,$0.12B,$3.27B,5.30%,$0.12B,$3.27B,5.30%,$0.12B,$7.74B,1.66%,$0.16B,$7.17B,2.32%,$181,$81,$100,$0,$4,$144,$37,$-38,$-1,$-1,$0,$0,$-0,$105,$37,$123,123,$-0.01,$-0.01,$639,$0,$0,$735,$5655,$0,$0,$1051,$7004,$7738,$313,$3899,$234,$4153,$4466,$1,$-465,$-12,$3272,$7738,$-7,$133,$-22,$111,$23,$0,$0,$-14,$-32,$73,$-66,$0,$0,$1,$52,$53,$-10,$-24,$-654,$0,$-654,$1221,$1221,$-82,$-31,$454,$503,$0,$-82
34,2010-03-31,25.42,$21.54,1.18,$9.28,2.74,$7.41,3.43,$1.20,21.19,$0.26B,$0.33B,0.81,$4.56B,$2.13B,2.14,$0.77B,$0.45B,58.52%,$0.77B,$0.17B,22.24%,$0.77B,$0.17B,22.24%,$0.77B,$0.45B,58.91%,$0.77B,$0.16B,20.29%,$0.77B,$0.10B,13.13%,$0.10B,$2.13B,5.32%,$0.10B,$2.13B,5.32%,$0.10B,$7.27B,1.36%,$0.17B,$6.68B,2.48%,$182,$83,$99,$0,$8,$150,$32,$-40,$-8,$-1,$-7,$-7,$-6,$97,$32,$97,97,$-0.08,$-0.08,$140,$0,$0,$264,$5646,$0,$0,$1061,$7003,$7267,$328,$4557,$235,$4812,$5140,$1,$-399,$-17,$2127,$7267,$-7,$65,$-10,$55,$4,$0,$0,$-16,$16,$65,$-67,$0,$0,$0,$27,$27,$-11,$-52,$5,$0,$5,$0,$0,$-9,$-6,$-10,$3,$0,$-9
35,2009-12-31,23.39,$22.02,1.06,$9.73,2.4,$7.08,3.31,$1.46,16.02,$0.24B,$0.34B,0.73,$4.53B,$2.13B,2.13,$0.79B,$0.46B,58.51%,$0.79B,$0.18B,23.08%,$0.79B,$0.18B,23.08%,$0.79B,$0.47B,59.27%,$0.79B,$0.18B,22.32%,$0.79B,$0.12B,15.26%,$0.12B,$2.13B,6.82%,$0.12B,$2.13B,6.82%,$0.12B,$7.25B,1.58%,$0.18B,$6.66B,2.57%,$187,$70,$117,$0,$9,$147,$40,$-38,$2,$-4,$6,$6,$-14,$121,$40,$81,81,$-0.19,$-0.19,$135,$0,$0,$244,$5658,$0,$0,$1073,$7008,$7252,$336,$4532,$235,$4788,$5124,$1,$-346,$-25,$2128,$7252,$139,$286,$-195,$91,$-8,$0,$0,$9,$-110,$121,$220,$0,$0,$1,$119,$120,$-38,$302,$-858,$0,$-858,$398,$398,$-96,$160,$-397,$27,$0,$-96
36,2009-09-30,19.37,$21.69,0.89,$10.01,1.94,$0.16,121.28,$2.47,7.84,$0.26B,$0.34B,0.78,$4.97B,$1.76B,2.83,$0.83B,$0.48B,58.19%,$0.83B,$0.19B,22.65%,$0.83B,$0.19B,22.65%,$0.83B,$0.50B,60.24%,$0.83B,$0.23B,27.59%,$0.83B,$0.19B,22.41%,$0.19B,$1.76B,11.26%,$0.19B,$1.76B,11.26%,$0.19B,$7.32B,2.37%,$0.19B,$6.72B,2.55%,$198,$81,$117,$0,$7,$148,$49,$111,$160,$0,$160,$160,$143,$115,$49,$79,80,$1.75,$1.75,$148,$0,$0,$260,$5692,$0,$0,$1082,$7060,$7319,$335,$4968,$237,$5228,$5563,$1,$-275,$-33,$1756,$7319,$156,$205,$-208,$-2,$4,$0,$0,$11,$-80,$74,$208,$0,$0,$1,$96,$96,$-32,$273,$-256,$0,$-256,$15,$15,$-87,$-6,$-334,$13,$0,$-87
37,2009-06-30,11.01,$19.97,0.55,$10.07,1.09,$-6.51,0.0,$0.80,13.76,$0.23B,$0.34B,0.67,$5.96B,$1.58B,3.76,$0.85B,$0.50B,58.08%,$0.85B,$0.20B,23.42%,$0.85B,$0.20B,23.42%,$0.85B,$0.51B,60.19%,$0.85B,$0.07B,8.43%,$0.85B,$0.05B,5.39%,$0.05B,$1.58B,2.96%,$0.05B,$1.58B,2.96%,$0.05B,$7.97B,0.57%,$0.20B,$7.54B,2.65%,$202,$85,$117,$0,$5,$152,$50,$-49,$2,$-0,$2,$2,$-22,$120,$50,$77,77,$-0.29,$-0.29,$128,$0,$0,$229,$6361,$0,$0,$1062,$7740,$7969,$340,$5957,$65,$6046,$6385,$1,$-384,$-36,$1584,$7969,$-8,$140,$-30,$110,$17,$0,$0,$11,$-37,$66,$-89,$0,$0,$1,$77,$78,$-25,$-36,$46,$0,$46,$0,$0,$-81,$-3,$-38,$-9,$0,$-81
38,2009-03-31,3.79,$21.09,0.18,$9.95,0.38,$-8.70,0.0,$1.34,2.82,$0.25B,$0.33B,0.75,$5.99B,$1.63B,3.68,$0.87B,$0.51B,58.23%,$0.87B,$0.22B,24.86%,$0.87B,$0.22B,24.86%,$0.87B,$0.52B,60.18%,$0.87B,$0.09B,10.24%,$0.87B,$0.08B,9.67%,$0.08B,$1.63B,5.58%,$0.08B,$1.63B,5.58%,$0.08B,$8.04B,1.04%,$0.22B,$7.61B,2.88%,$206,$93,$113,$0,$5,$162,$44,$-31,$13,$-1,$14,$14,$14,$114,$44,$77,89,$0.18,$0.18,$142,$0,$0,$247,$6381,$0,$0,$1075,$7789,$8036,$329,$5985,$73,$6081,$6411,$1,$-322,$-25,$1625,$8036,$16,$70,$-35,$35,$13,$0,$0,$39,$-30,$22,$-53,$0,$0,$0,$62,$62,$-10,$-2,$68,$0,$68,$0,$0,$-72,$-2,$-6,$13,$0,$-71
39,2008-12-31,10.22,$21.36,0.48,$10.09,1.01,$-9.37,0.0,$2.46,4.16,$0.26B,$0.40B,0.64,$5.94B,$1.64B,3.62,$0.88B,$0.52B,59.25%,$0.88B,$0.24B,26.79%,$0.88B,$0.24B,26.79%,$0.88B,$0.54B,61.29%,$0.88B,$0.09B,9.99%,$0.88B,$0.16B,18.50%,$0.16B,$1.64B,11.35%,$0.16B,$1.64B,11.35%,$0.16B,$8.09B,2.03%,$0.24B,$7.58B,3.20%,$224,$88,$136,$0,$5,$179,$45,$8,$54,$2,$52,$52,$51,$151,$45,$74,87,$0.66,$0.68,$128,$0,$0,$257,$6371,$0,$0,$1123,$7834,$8090,$404,$5940,$81,$6045,$6449,$1,$-275,$-53,$1642,$8090,$195,$304,$-218,$86,$24,$0,$0,$-26,$-30,$252,$-488,$0,$0,$1,$-19,$-18,$-53,$-559,$576,$0,$576,$0,$0,$-285,$-3,$288,$-19,$0,$-275
40,2008-09-30,34.52,$18.03,1.92,$10.00,3.45,$-14.76,0.0,$2.16,15.98,$0.24B,$0.39B,0.61,$6.03B,$1.37B,4.4,$0.87B,$0.52B,59.26%,$0.87B,$0.27B,30.61%,$0.87B,$0.27B,30.61%,$0.87B,$0.54B,62.03%,$0.87B,$0.07B,7.59%,$0.87B,$0.14B,16.34%,$0.14B,$1.37B,10.82%,$0.14B,$1.37B,10.82%,$0.14B,$8.08B,1.78%,$0.27B,$7.41B,3.70%,$222,$92,$130,$0,$3,$161,$61,$-58,$3,$-0,$3,$3,$3,$129,$61,$75,87,$0.03,$0.03,$113,$0,$0,$236,$6405,$0,$0,$1041,$7839,$8075,$386,$6034,$0,$6318,$6703,$1,$-246,$-24,$1371,$8075,$136,$199,$-143,$56,$21,$0,$0,$-1,$-16,$176,$-449,$0,$-19,$1,$-29,$-28,$-22,$-518,$517,$0,$517,$0,$0,$-210,$-1,$306,$-36,$0,$-199
41,2008-06-30,33.24,$18.55,1.79,$9.85,3.37,$-14.12,0.0,$2.32,14.33,$0.24B,$0.33B,0.7,$5.98B,$1.38B,4.32,$0.85B,$0.50B,59.25%,$0.85B,$0.27B,31.33%,$0.85B,$0.27B,31.33%,$0.85B,$0.53B,62.66%,$0.85B,$0.09B,10.13%,$0.85B,$0.16B,18.61%,$0.16B,$1.38B,12.14%,$0.16B,$1.38B,12.14%,$0.16B,$8.06B,2.02%,$0.27B,$7.36B,3.82%,$217,$90,$127,$0,$4,$151,$66,$-47,$19,$-1,$20,$20,$16,$129,$66,$74,87,$0.21,$0.21,$117,$0,$0,$235,$6085,$0,$0,$1415,$7824,$8059,$334,$5976,$46,$6341,$6675,$1,$-192,$-24,$1384,$8059,$132,$131,$-133,$-2,$26,$0,$0,$-3,$-23,$107,$-323,$0,$-19,$1,$-93,$-92,$-19,$-453,$457,$0,$457,$0,$0,$-138,$-4,$314,$-31,$0,$-129
42,2008-03-31,37.19,$18.54,2.01,$9.65,3.85,$-12.90,0.0,$2.26,16.46,$0.25B,$0.36B,0.71,$5.77B,$1.35B,4.29,$0.83B,$0.49B,59.32%,$0.83B,$0.26B,30.99%,$0.83B,$0.26B,30.99%,$0.83B,$0.52B,62.95%,$0.83B,$0.09B,10.41%,$0.83B,$0.15B,18.52%,$0.15B,$1.35B,11.79%,$0.15B,$1.35B,11.79%,$0.15B,$7.84B,1.99%,$0.26B,$7.11B,3.80%,$218,$89,$129,$0,$4,$154,$64,$-51,$12,$0,$12,$12,$93,$131,$64,$72,88,$1.27,$1.25,$128,$0,$0,$254,$5939,$0,$0,$1345,$7584,$7838,$356,$5768,$2,$6137,$6494,$1,$-154,$-48,$1345,$7838,$112,$67,$-119,$-52,$17,$0,$0,$-29,$-25,$35,$-126,$0,$-19,$0,$-94,$-94,$-6,$-245,$262,$0,$262,$0,$0,$-74,$1,$189,$-21,$0,$-67
43,2007-12-31,37.14,$15.90,2.34,$9.45,3.93,$-12.38,0.0,$1.00,37.14,$0.30B,$0.39B,0.77,$5.76B,$1.15B,5.01,$0.80B,$0.47B,59.18%,$0.80B,$0.25B,30.96%,$0.80B,$0.25B,30.96%,$0.80B,$0.50B,62.67%,$0.80B,$0.08B,10.11%,$0.80B,$0.06B,7.99%,$0.06B,$1.15B,4.89%,$0.06B,$1.15B,4.89%,$0.06B,$7.94B,0.85%,$0.25B,$6.91B,3.78%,$212,$82,$129,$0,$5,$137,$75,$-43,$32,$0,$32,$32,$30,$150,$75,$72,85,$0.41,$0.41,$154,$0,$0,$297,$6187,$0,$0,$1065,$7640,$7937,$387,$5763,$6,$6401,$6787,$1,$-194,$-25,$1150,$7937,$106,$252,$-86,$166,$-20,$0,$0,$-35,$54,$326,$-1014,$0,$-52,$1,$236,$237,$-37,$-865,$762,$0,$762,$-75,$-75,$-271,$-61,$355,$-184,$0,$-246
44,2007-09-30,45.32,$18.49,2.45,$8.70,5.21,$-4.27,0.0,$2.54,17.84,$0.24B,$0.34B,0.71,$5.12B,$1.33B,3.87,$0.74B,$0.44B,59.62%,$0.74B,$0.24B,32.17%,$0.74B,$0.24B,32.17%,$0.74B,$0.47B,63.53%,$0.74B,$0.09B,11.71%,$0.74B,$0.17B,23.01%,$0.17B,$1.33B,12.15%,$0.17B,$1.33B,12.15%,$0.17B,$7.46B,2.29%,$0.24B,$6.45B,3.70%,$202,$84,$118,$0,$2,$141,$61,$-38,$23,$0,$23,$23,$19,$122,$61,$72,85,$0.27,$0.27,$112,$0,$0,$243,$6046,$0,$0,$848,$7217,$7460,$343,$5124,$7,$5791,$6134,$1,$-298,$-7,$1326,$7460,$34,$178,$-27,$151,$-10,$0,$0,$-7,$24,$208,$-418,$0,$0,$1,$230,$231,$-27,$-215,$121,$0,$121,$-75,$-75,$-205,$-61,$-220,$-227,$0,$-186
45,2007-06-30,42.28,$19.14,2.21,$8.69,4.87,$-3.14,0.0,$2.96,14.29,$0.24B,$0.33B,0.74,$5.12B,$1.37B,3.74,$0.74B,$0.45B,59.89%,$0.74B,$0.24B,32.57%,$0.74B,$0.24B,32.57%,$0.74B,$0.47B,63.12%,$0.74B,$0.08B,10.63%,$0.74B,$0.20B,26.78%,$0.20B,$1.37B,13.87%,$0.20B,$1.37B,13.87%,$0.20B,$7.50B,2.68%,$0.24B,$6.50B,3.77%,$194,$80,$114,$0,$4,$138,$56,$-37,$19,$-1,$19,$19,$11,$117,$56,$72,85,$0.15,$0.15,$120,$0,$0,$241,$5915,$0,$0,$1016,$7258,$7499,$326,$5124,$6,$5802,$6128,$1,$-264,$11,$1371,$7499,$24,$117,$-21,$96,$1,$0,$0,$0,$-18,$102,$-209,$0,$0,$1,$49,$50,$-23,$-182,$126,$0,$126,$-75,$-75,$-131,$-60,$-141,$-220,$0,$-119
46,2007-03-31,47.01,$19.47,2.41,$8.66,5.43,$-3.53,0.0,$3.13,15.02,$0.23B,$0.31B,0.74,$5.00B,$1.39B,3.59,$0.74B,$0.45B,60.38%,$0.74B,$0.24B,32.88%,$0.74B,$0.24B,32.88%,$0.74B,$0.47B,63.07%,$0.74B,$0.07B,9.03%,$0.74B,$0.21B,28.84%,$0.21B,$1.39B,14.73%,$0.21B,$1.39B,14.73%,$0.21B,$7.39B,2.91%,$0.24B,$6.39B,3.84%,$193,$80,$113,$0,$5,$137,$56,$-49,$7,$-0,$7,$7,$4,$113,$56,$72,85,$0.05,$0.05,$117,$0,$0,$233,$5806,$0,$0,$1017,$7158,$7391,$314,$4998,$6,$5686,$6000,$1,$-227,$-1,$1391,$7391,$4,$57,$-9,$47,$8,$0,$0,$-13,$5,$56,$-100,$0,$0,$0,$33,$34,$-11,$-77,$-2,$0,$-2,$-75,$-75,$-64,$-60,$-201,$-221,$0,$-57
47,2006-12-31,43.75,$21.55,2.03,$8.83,4.96,$-5.57,0.0,$3.20,13.67,$0.46B,$0.30B,1.54,$4.99B,$1.54B,3.24,$0.75B,$0.46B,61.20%,$0.75B,$0.25B,33.20%,$0.75B,$0.25B,33.20%,$0.75B,$0.48B,63.87%,$0.75B,$0.07B,9.60%,$0.75B,$0.22B,28.93%,$0.22B,$1.54B,14.75%,$0.22B,$1.54B,14.75%,$0.22B,$7.56B,2.96%,$0.25B,$6.54B,3.93%,$154,$56,$98,$0,$4,$88,$66,$-28,$38,$-0,$39,$39,$137,$120,$66,$71,88,$1.94,$1.92,$336,$0,$0,$459,$5755,$0,$0,$1040,$7104,$7562,$298,$4994,$6,$5721,$6020,$1,$-178,$2,$1542,$7562,$217,$230,$-209,$21,$-22,$0,$0,$18,$-27,$212,$-212,$0,$0,$-30,$156,$126,$-40,$-127,$-418,$0,$-418,$747,$747,$-294,$-6,$29,$114,$0,$-269
