,Date,Stock Price,Book Value per Share,Price to Book Ratio,TTM Sales per Share,Price to Sales Ratio,TTM FCF per Share,Price to FCF Ratio,TTM Net EPS,PE Ratio,Current Assets,Current Liabilities,Current Ratio,Long Term Debt,Shareholder's Equity_x,Debt to Equity Ratio,TTM Revenue_x,TTM Gross Profit,Gross Margin,TTM Revenue_y,TTM Operating Income,Operating Margin,TTM Revenue_x,TTM EBIT,EBIT Margin,TTM Revenue_y,TTM EBITDA,EBITDA Margin,TTM Revenue_x,TTM Pre-Tax Income,Pre-Tax Margin,TTM Revenue_y,TTM Net Income_x,Net Margin,TTM Net Income_y,Shareholder's Equity_y,Return on Equity,TTM Net Income_x,Tangible Equity,Return on Tangible Equity,TTM Net Income_y,Total Assets,Return on Assets,TTM Net Income,LT Investments & Debt,Return on Investment,revenue,cost-goods-sold,gross-profit,research-development-expenses,selling-general-administrative-expenses,operating-expenses,operating-income,total-non-operating-income-expense,pre-tax-income,total-provision-income-taxes,income-after-taxes,income-from-continuous-operations,net-income,ebitda,ebit,basic-shares-outstanding,shares-outstanding,eps-basic-net-earnings-per-share,eps-earnings-per-share-diluted,cash-on-hand,inventory,other-current-assets,total-current-assets,net-property-plant-equipment,long-term-investments,goodwill-intangible-assets-total,other-long-term-assets,total-long-term-assets,total-assets,total-current-liabilities,long-term-debt,other-non-current-liabilities,total-long-term-liabilities,total-liabilities,common-stock-net,retained-earnings-accumulated-deficit,comprehensive-income,total-share-holder-equity,total-liabilities-share-holders-equity,net-income-loss,total-depreciation-amortization-cash-flow,other-non-cash-items,total-non-cash-items,change-in-accounts-receivable,change-in-inventories,change-in-accounts-payable,change-in-assets-liabilities,total-change-in-assets-liabilities,cash-flow-from-operating-activities,net-change-in-property-plant-equipment,net-change-in-intangible-assets,net-acquisitions-divestitures,net-change-in-short-term-investments,net-change-in-long-term-investments,net-change-in-investments-total,investing-activities-other,cash-flow-from-investing-activities,net-long-term-debt,net-current-debt,debt-issuance-retirement-net-total,net-common-equity-issued-repurchased,net-total-equity-issued-repurchased,total-common-preferred-stock-dividends-paid,financial-activities-other,cash-flow-from-financial-activities,net-cash-flow,stock-based-compensation,common-stock-dividends-paid
0,2018-09-30,38.5,$24.69,1.56,$3.89,9.89,$-5.08,0.0,$3.70,10.41,$0.09B,$0.68B,0.13,$0.34B,$1.51B,0.22,$0.23B,$0.23B,100.00%,$0.23B,$0.15B,66.09%,$0.23B,$0.19B,83.91%,$0.23B,$0.20B,85.65%,$0.23B,$0.24B,103.48%,$0.23B,$0.22B,95.65%,$0.22B,$1.51B,15.36%,$0.22B,$1.51B,15.36%,$0.22B,$2.52B,9.12%,$0.15B,$1.84B,8.72%,$58,$0,$58,$0,$5,$20,$38,$34,$73,$4,$69,$69,$69,$50,$49,$61,61,$1.13,$1.13,$50,$0,$0,$88,$0,$2427,$0,$5,$2437,$2524,$681,$338,$0,$338,$1019,$1,$0,$109,$1505,$2524,$159,$2,$-268,$-265,$0,$0,$0,$3,$3,$-103,$0,$0,$0,$0,$0,$0,$0,$0,$-41,$186,$145,$72,$72,$-109,$-7,$102,$-1,$7,$-109
1,2018-06-30,37.7,$23.96,1.57,$3.84,9.81,$-4.27,0.0,$3.18,11.86,$0.08B,$0.71B,0.11,$0.31B,$1.45B,0.21,$0.22B,$0.22B,100.00%,$0.22B,$0.15B,66.07%,$0.22B,$0.19B,83.48%,$0.22B,$0.19B,85.27%,$0.22B,$0.20B,91.07%,$0.22B,$0.19B,83.04%,$0.19B,$1.45B,13.40%,$0.19B,$1.45B,13.40%,$0.19B,$2.46B,7.92%,$0.15B,$1.75B,8.80%,$60,$0,$60,$0,$6,$20,$40,$17,$57,$1,$55,$55,$55,$51,$50,$60,60,$0.93,$0.93,$40,$0,$0,$79,$0,$2364,$0,$13,$2382,$2461,$708,$306,$0,$306,$1014,$1,$0,$75,$1447,$2461,$90,$2,$25,$27,$0,$0,$0,$-251,$-251,$-134,$0,$0,$0,$0,$0,$0,$0,$0,$-73,$225,$152,$54,$54,$-77,$-6,$123,$-11,$5,$-77
2,2018-03-31,35.75,$23.68,1.51,$3.74,9.57,$-1.76,0.0,$3.01,11.88,$0.07B,$0.70B,0.1,$0.31B,$1.40B,0.22,$0.21B,$0.21B,100.00%,$0.21B,$0.14B,65.89%,$0.21B,$0.18B,83.18%,$0.21B,$0.18B,85.05%,$0.21B,$0.19B,89.72%,$0.21B,$0.17B,81.31%,$0.17B,$1.40B,12.91%,$0.17B,$1.40B,12.91%,$0.17B,$2.40B,7.65%,$0.14B,$1.70B,8.66%,$56,$0,$56,$0,$5,$19,$37,$-3,$34,$-1,$35,$35,$35,$48,$47,$59,59,$0.59,$0.59,$29,$0,$0,$69,$0,$2314,$0,$14,$2332,$2401,$698,$306,$0,$306,$1005,$1,$0,$70,$1397,$2401,$35,$1,$-309,$-308,$0,$0,$0,$130,$130,$-143,$0,$0,$0,$0,$0,$0,$0,$0,$18,$124,$142,$11,$11,$-32,$-1,$121,$-22,$2,$-32
3,2017-12-31,37.91,$23.53,1.61,$3.65,10.37,$1.68,22.52,$2.99,12.68,$0.09B,$0.60B,0.15,$0.29B,$1.38B,0.21,$0.21B,$0.21B,100.00%,$0.21B,$0.14B,65.53%,$0.21B,$0.17B,83.01%,$0.21B,$0.17B,84.47%,$0.21B,$0.20B,94.66%,$0.21B,$0.17B,82.52%,$0.17B,$1.38B,12.98%,$0.17B,$1.38B,12.98%,$0.17B,$2.27B,7.75%,$0.14B,$1.67B,8.59%,$56,$0,$56,$0,$5,$18,$37,$36,$74,$12,$61,$61,$61,$48,$47,$57,57,$1.07,$1.07,$52,$0,$0,$88,$0,$2171,$0,$2,$2178,$2265,$597,$288,$0,$288,$885,$1,$0,$69,$1380,$2265,$171,$3,$-113,$-110,$0,$0,$0,$12,$12,$73,$0,$0,$0,$0,$0,$0,$0,$0,$241,$-279,$-38,$151,$151,$-148,$-10,$-46,$27,$10,$-148
4,2017-09-30,37.14,$23.05,1.61,$3.57,10.4,$-0.42,0.0,$2.84,13.08,$0.07B,$0.67B,0.1,$0.27B,$1.33B,0.2,$0.20B,$0.20B,100.00%,$0.20B,$0.13B,64.97%,$0.20B,$0.16B,82.74%,$0.20B,$0.17B,84.26%,$0.20B,$0.17B,85.79%,$0.20B,$0.16B,79.70%,$0.16B,$1.33B,12.42%,$0.16B,$1.33B,12.42%,$0.16B,$2.27B,7.32%,$0.13B,$1.60B,8.45%,$52,$0,$52,$0,$5,$18,$34,$5,$39,$5,$35,$35,$35,$44,$43,$57,57,$0.61,$0.61,$30,$0,$0,$70,$0,$2170,$0,$26,$2200,$2270,$671,$269,$0,$269,$940,$1,$0,$57,$1330,$2270,$109,$2,$-162,$-160,$0,$0,$0,$-1,$-1,$-51,$0,$0,$0,$0,$0,$0,$0,$0,$35,$12,$47,$118,$118,$-102,$-6,$57,$6,$8,$-102
5,2017-06-30,35.43,$22.63,1.57,$3.55,9.98,$0.65,54.62,$3.05,11.62,$0.06B,$0.63B,0.1,$0.26B,$1.28B,0.2,$0.19B,$0.19B,100.00%,$0.19B,$0.13B,65.10%,$0.19B,$0.16B,82.81%,$0.19B,$0.16B,84.38%,$0.19B,$0.17B,90.10%,$0.19B,$0.17B,85.94%,$0.17B,$1.28B,13.55%,$0.17B,$1.28B,13.55%,$0.17B,$2.17B,7.93%,$0.13B,$1.54B,8.57%,$50,$0,$50,$0,$6,$18,$33,$12,$45,$2,$43,$43,$43,$42,$41,$56,56,$0.76,$0.76,$22,$0,$0,$60,$0,$2077,$0,$24,$2105,$2165,$626,$256,$0,$256,$882,$1,$0,$54,$1283,$2165,$74,$1,$33,$35,$0,$0,$0,$-93,$-93,$16,$0,$0,$0,$0,$0,$0,$0,$0,$21,$-40,$-19,$78,$78,$-73,$-5,$-18,$-3,$5,$-73
6,2017-03-31,34.51,$22.44,1.54,$3.49,9.89,$-0.32,0.0,$2.89,11.94,$0.08B,$0.59B,0.13,$0.24B,$1.24B,0.19,$0.19B,$0.19B,100.00%,$0.19B,$0.12B,64.86%,$0.19B,$0.15B,83.24%,$0.19B,$0.16B,84.86%,$0.19B,$0.16B,87.03%,$0.19B,$0.15B,82.70%,$0.15B,$1.24B,13.05%,$0.15B,$1.24B,13.05%,$0.15B,$2.08B,7.52%,$0.12B,$1.48B,8.54%,$48,$0,$48,$0,$5,$17,$31,$6,$37,$6,$31,$31,$31,$40,$40,$55,55,$0.57,$0.57,$34,$0,$0,$76,$0,$1979,$0,$9,$2001,$2076,$593,$239,$0,$239,$833,$1,$0,$58,$1244,$2076,$31,$1,$-156,$-156,$0,$0,$0,$180,$180,$56,$0,$0,$0,$0,$0,$0,$0,$0,$0,$-55,$-55,$38,$38,$-29,$-1,$-47,$9,$2,$-29
7,2016-12-31,32.67,$22.12,1.48,$3.45,9.47,$-1.40,0.0,$2.65,12.33,$0.07B,$0.64B,0.11,$0.24B,$1.20B,0.2,$0.18B,$0.18B,100.00%,$0.18B,$0.12B,64.80%,$0.18B,$0.15B,83.24%,$0.18B,$0.15B,85.47%,$0.18B,$0.14B,77.65%,$0.18B,$0.14B,77.65%,$0.14B,$1.20B,12.30%,$0.14B,$1.20B,12.30%,$0.14B,$2.07B,6.98%,$0.12B,$1.44B,8.54%,$47,$0,$47,$0,$5,$16,$30,$17,$48,$-0,$48,$48,$48,$40,$39,$52,52,$0.92,$0.92,$24,$0,$0,$69,$0,$1997,$0,$2,$2004,$2072,$635,$236,$0,$236,$871,$1,$0,$57,$1201,$2072,$139,$3,$-187,$-184,$0,$0,$0,$3,$3,$-43,$0,$0,$0,$0,$0,$0,$0,$0,$15,$52,$67,$112,$112,$-128,$-5,$47,$4,$8,$-128
8,2016-09-30,29.8,$21.63,1.38,$3.44,8.67,$-3.26,0.0,$1.90,15.68,$0.07B,$0.63B,0.12,$0.23B,$1.14B,0.2,$0.18B,$0.18B,100.00%,$0.18B,$0.12B,65.71%,$0.18B,$0.15B,84.00%,$0.18B,$0.15B,86.29%,$0.18B,$0.10B,55.43%,$0.18B,$0.10B,56.57%,$0.10B,$1.14B,9.02%,$0.10B,$1.14B,9.02%,$0.10B,$2.01B,5.09%,$0.12B,$1.38B,8.69%,$47,$0,$47,$0,$4,$16,$31,$12,$43,$-1,$43,$43,$43,$40,$39,$53,53,$0.82,$0.82,$32,$0,$0,$74,$0,$1920,$0,$1,$1933,$2008,$633,$230,$0,$230,$863,$1,$0,$54,$1144,$2008,$91,$2,$-84,$-82,$0,$0,$0,$0,$0,$9,$0,$0,$0,$0,$0,$0,$0,$0,$6,$22,$28,$64,$64,$-87,$-4,$2,$11,$6,$-87
9,2016-06-30,28.06,$21.14,1.33,$3.40,8.25,$-7.51,0.0,$1.49,18.83,$0.06B,$0.66B,0.09,$0.22B,$1.10B,0.2,$0.17B,$0.17B,100.00%,$0.17B,$0.11B,65.50%,$0.17B,$0.14B,84.21%,$0.17B,$0.15B,86.55%,$0.17B,$0.07B,41.52%,$0.17B,$0.08B,45.03%,$0.08B,$1.10B,7.10%,$0.08B,$1.10B,7.10%,$0.08B,$1.99B,3.99%,$0.11B,$1.32B,8.56%,$43,$0,$43,$0,$4,$15,$28,$5,$33,$2,$31,$31,$31,$37,$36,$51,51,$0.60,$0.60,$19,$0,$0,$60,$0,$1890,$0,$23,$1925,$1985,$662,$224,$0,$224,$886,$1,$0,$39,$1099,$1985,$48,$1,$-83,$-81,$0,$0,$0,$-2,$-2,$-35,$0,$0,$0,$0,$0,$0,$0,$0,$0,$59,$59,$39,$39,$-61,$-3,$34,$-2,$4,$-61
10,2016-03-31,26.11,$21.21,1.23,$3.40,7.69,$-8.81,0.0,$1.71,15.27,$0.06B,$0.60B,0.1,$0.22B,$1.08B,0.21,$0.17B,$0.17B,100.00%,$0.17B,$0.11B,65.68%,$0.17B,$0.14B,84.62%,$0.17B,$0.15B,86.39%,$0.17B,$0.08B,44.38%,$0.17B,$0.09B,51.48%,$0.09B,$1.08B,8.04%,$0.09B,$1.08B,8.04%,$0.09B,$1.90B,4.56%,$0.11B,$1.30B,8.50%,$42,$0,$42,$0,$4,$15,$27,$-13,$15,$-2,$17,$17,$17,$36,$35,$51,51,$0.33,$0.33,$17,$0,$0,$57,$0,$1820,$0,$11,$1844,$1901,$600,$224,$0,$224,$824,$1,$0,$50,$1077,$1901,$17,$1,$100,$100,$0,$0,$0,$-121,$-121,$-4,$0,$0,$0,$0,$0,$0,$0,$0,$0,$15,$15,$10,$10,$-24,$-0,$1,$-3,$2,$-24
11,2015-12-31,23.77,$21.24,1.12,$3.37,7.05,$-10.74,0.0,$2.15,11.05,$0.05B,$0.58B,0.09,$0.22B,$1.07B,0.21,$0.16B,$0.16B,100.00%,$0.16B,$0.11B,65.24%,$0.16B,$0.14B,84.76%,$0.16B,$0.14B,86.59%,$0.16B,$0.10B,57.93%,$0.16B,$0.11B,64.02%,$0.11B,$1.07B,9.68%,$0.11B,$1.07B,9.68%,$0.11B,$1.88B,5.56%,$0.11B,$1.30B,8.18%,$43,$0,$43,$0,$4,$15,$29,$-23,$6,$-2,$8,$8,$8,$38,$37,$49,49,$0.13,$0.13,$20,$0,$0,$52,$0,$1804,$0,$10,$1827,$1879,$584,$224,$0,$224,$808,$1,$0,$59,$1071,$1879,$104,$3,$-238,$-235,$0,$0,$0,$-1,$-1,$-131,$0,$0,$0,$0,$0,$0,$0,$0,$0,$73,$73,$132,$132,$-111,$-3,$91,$-40,$6,$-111
12,2015-09-30,21.2,$21.79,0.97,$3.38,6.28,$-12.45,0.0,$2.49,8.51,$0.06B,$0.64B,0.1,$0.22B,$1.09B,0.21,$0.16B,$0.16B,100.00%,$0.16B,$0.10B,65.00%,$0.16B,$0.14B,84.38%,$0.16B,$0.14B,86.25%,$0.16B,$0.11B,68.13%,$0.16B,$0.12B,74.38%,$0.12B,$1.09B,11.32%,$0.12B,$1.09B,11.32%,$0.12B,$1.96B,6.46%,$0.10B,$1.32B,8.16%,$43,$0,$43,$0,$4,$15,$28,$-10,$17,$-3,$21,$21,$21,$37,$36,$50,50,$0.41,$0.41,$35,$0,$0,$62,$0,$1872,$0,$8,$1893,$1955,$641,$224,$0,$224,$864,$1,$0,$92,$1091,$1955,$97,$2,$-299,$-297,$0,$0,$0,$-4,$-4,$-203,$0,$0,$0,$0,$0,$0,$0,$0,$0,$128,$128,$128,$128,$-75,$-2,$178,$-25,$5,$-75
13,2015-06-30,24.93,$21.84,1.14,$3.33,7.48,$-11.88,0.0,$2.56,9.74,$0.07B,$0.58B,0.12,$0.22B,$1.09B,0.21,$0.15B,$0.15B,100.00%,$0.15B,$0.10B,66.01%,$0.15B,$0.13B,84.97%,$0.15B,$0.13B,86.27%,$0.15B,$0.12B,76.47%,$0.15B,$0.12B,78.43%,$0.12B,$1.09B,11.81%,$0.12B,$1.09B,11.81%,$0.12B,$1.89B,6.86%,$0.10B,$1.31B,8.16%,$41,$0,$41,$0,$4,$14,$27,$10,$37,$-3,$41,$41,$41,$35,$35,$50,50,$0.82,$0.82,$42,$0,$0,$66,$0,$1799,$0,$11,$1823,$1890,$575,$224,$0,$224,$799,$0,$0,$98,$1091,$1890,$76,$1,$-174,$-173,$0,$0,$0,$-3,$-3,$-99,$0,$0,$0,$0,$0,$0,$0,$0,$0,$8,$8,$128,$128,$-53,$-2,$80,$-19,$3,$-53
14,2015-03-31,23.53,$21.87,1.08,$3.30,7.14,$-12.97,0.0,$2.42,9.73,$0.06B,$0.52B,0.12,$0.22B,$1.08B,0.21,$0.15B,$0.15B,100.00%,$0.15B,$0.10B,66.67%,$0.15B,$0.12B,84.35%,$0.15B,$0.13B,85.71%,$0.15B,$0.11B,77.55%,$0.15B,$0.11B,74.15%,$0.11B,$1.08B,11.14%,$0.11B,$1.08B,11.14%,$0.11B,$1.83B,6.55%,$0.10B,$1.31B,8.17%,$37,$0,$37,$0,$3,$14,$23,$12,$35,$-0,$35,$35,$35,$32,$31,$46,46,$0.77,$0.77,$22,$0,$0,$61,$0,$1747,$0,$23,$1770,$1831,$524,$223,$0,$223,$747,$0,$0,$97,$1084,$1831,$35,$1,$134,$135,$0,$0,$0,$-263,$-263,$-93,$0,$0,$0,$0,$0,$0,$0,$0,$0,$-54,$-54,$128,$128,$-20,$-0,$54,$-38,$1,$-20
15,2014-12-31,21.89,$20.85,1.05,$3.26,6.71,$-11.38,0.0,$2.33,9.39,$0.08B,$0.53B,0.16,$0.22B,$0.94B,0.24,$0.14B,$0.14B,100.00%,$0.14B,$0.10B,68.09%,$0.14B,$0.12B,84.40%,$0.14B,$0.12B,85.11%,$0.14B,$0.11B,76.60%,$0.14B,$0.10B,71.63%,$0.10B,$0.94B,11.11%,$0.10B,$0.94B,11.11%,$0.10B,$1.69B,6.52%,$0.10B,$1.16B,8.52%,$39,$0,$39,$0,$3,$12,$26,$-6,$20,$-2,$22,$22,$22,$34,$33,$44,44,$0.47,$0.47,$60,$0,$0,$84,$0,$1572,$0,$23,$1610,$1694,$531,$223,$0,$223,$754,$0,$0,$86,$940,$1694,$101,$2,$-293,$-292,$0,$0,$0,$-0,$-0,$-191,$0,$0,$0,$0,$0,$0,$0,$0,$200,$-19,$181,$140,$140,$-96,$-8,$217,$26,$4,$-96
16,2014-09-30,22.34,$21.08,1.06,$3.28,6.81,$-13.57,0.0,$2.37,9.42,$0.05B,$0.41B,0.11,$0.22B,$0.95B,0.24,$0.14B,$0.14B,100.00%,$0.14B,$0.09B,68.89%,$0.14B,$0.11B,84.44%,$0.14B,$0.11B,84.44%,$0.14B,$0.11B,78.52%,$0.14B,$0.10B,74.07%,$0.10B,$0.95B,11.47%,$0.10B,$0.95B,11.47%,$0.10B,$1.58B,6.82%,$0.09B,$1.17B,8.60%,$36,$0,$36,$0,$3,$11,$25,$-0,$25,$3,$22,$22,$22,$31,$31,$45,45,$0.48,$0.48,$24,$0,$0,$45,$0,$1497,$0,$26,$1534,$1579,$409,$223,$0,$223,$632,$0,$0,$99,$948,$1579,$79,$1,$-628,$-627,$0,$0,$0,$392,$392,$-157,$0,$0,$0,$0,$0,$0,$0,$0,$25,$50,$75,$140,$140,$-65,$-3,$146,$-10,$3,$-65
17,2014-06-30,23.63,$21.03,1.12,$3.27,7.23,$-14.73,0.0,$2.65,8.92,$0.05B,$0.39B,0.13,$0.21B,$0.94B,0.23,$0.13B,$0.13B,100.00%,$0.13B,$0.09B,65.89%,$0.13B,$0.11B,82.17%,$0.13B,$0.11B,82.95%,$0.13B,$0.11B,85.27%,$0.13B,$0.11B,82.17%,$0.11B,$0.94B,12.72%,$0.11B,$0.94B,12.72%,$0.11B,$1.55B,7.67%,$0.09B,$1.16B,8.30%,$35,$0,$35,$0,$3,$11,$24,$10,$34,$4,$30,$30,$30,$29,$29,$44,44,$0.68,$0.68,$30,$0,$0,$51,$0,$1443,$0,$44,$1498,$1549,$391,$214,$0,$214,$605,$0,$0,$100,$943,$1549,$57,$1,$-188,$-187,$0,$0,$0,$-7,$-7,$-136,$0,$0,$0,$0,$0,$0,$0,$0,$25,$16,$41,$140,$140,$-46,$-2,$132,$-4,$2,$-46
18,2014-03-31,23.01,$20.14,1.14,$3.28,7.02,$-16.11,0.0,$2.66,8.65,$0.04B,$0.36B,0.12,$0.21B,$0.80B,0.27,$0.12B,$0.12B,100.00%,$0.12B,$0.08B,64.75%,$0.12B,$0.10B,81.97%,$0.12B,$0.10B,83.61%,$0.12B,$0.10B,82.79%,$0.12B,$0.10B,81.97%,$0.10B,$0.80B,13.13%,$0.10B,$0.80B,13.13%,$0.10B,$1.38B,7.69%,$0.08B,$1.02B,8.30%,$31,$0,$31,$0,$3,$10,$21,$8,$29,$2,$27,$27,$27,$26,$26,$40,40,$0.68,$0.68,$24,$0,$0,$43,$0,$1320,$0,$3,$1334,$1377,$359,$213,$0,$213,$572,$0,$0,$105,$804,$1377,$27,$0,$112,$112,$0,$0,$0,$-156,$-156,$-17,$0,$0,$0,$0,$0,$0,$0,$0,$25,$-1,$24,$0,$0,$-17,$-1,$6,$-10,$1,$-17
19,2013-12-31,22.57,$19.89,1.14,$3.25,6.95,$-16.39,0.0,$2.66,8.49,$0.05B,$0.38B,0.13,$0.19B,$0.79B,0.24,$0.12B,$0.12B,100.00%,$0.12B,$0.08B,64.10%,$0.12B,$0.10B,81.20%,$0.12B,$0.10B,82.91%,$0.12B,$0.10B,83.76%,$0.12B,$0.10B,82.91%,$0.10B,$0.79B,13.44%,$0.10B,$0.79B,13.44%,$0.10B,$1.36B,7.99%,$0.08B,$0.98B,8.22%,$33,$0,$33,$0,$2,$11,$23,$-5,$18,$-3,$21,$21,$21,$28,$28,$37,37,$0.52,$0.52,$35,$0,$0,$51,$0,$1299,$0,$0,$1309,$1360,$381,$187,$0,$187,$568,$0,$0,$97,$793,$1360,$97,$2,$-343,$-341,$0,$0,$0,$4,$4,$-241,$0,$0,$0,$0,$0,$0,$0,$0,$66,$105,$171,$131,$131,$-83,$-7,$212,$-29,$4,$-83
20,2013-09-30,20.19,$20.00,1.01,$3.22,6.27,$-14.41,0.0,$2.89,6.99,$0.03B,$0.30B,0.11,$0.15B,$0.79B,0.19,$0.11B,$0.11B,100.00%,$0.11B,$0.07B,63.64%,$0.11B,$0.09B,80.91%,$0.11B,$0.09B,82.73%,$0.11B,$0.11B,98.18%,$0.11B,$0.10B,90.91%,$0.10B,$0.79B,14.61%,$0.10B,$0.79B,14.61%,$0.10B,$1.24B,8.83%,$0.07B,$0.94B,7.95%,$30,$0,$30,$0,$4,$12,$17,$11,$29,$0,$28,$28,$28,$24,$23,$37,37,$0.76,$0.76,$18,$0,$0,$32,$0,$1172,$0,$26,$1207,$1239,$297,$148,$0,$148,$445,$0,$0,$105,$794,$1239,$76,$1,$284,$285,$0,$0,$0,$-534,$-534,$-173,$0,$0,$0,$0,$0,$0,$0,$0,$27,$34,$61,$131,$131,$-59,$-7,$127,$-46,$3,$-59
21,2013-06-30,18.27,$18.72,0.98,$3.15,5.8,$-12.00,0.0,$3.14,5.82,$0.05B,$0.36B,0.15,$0.21B,$0.66B,0.32,$0.10B,$0.10B,100.00%,$0.10B,$0.07B,66.99%,$0.10B,$0.09B,82.52%,$0.10B,$0.09B,84.47%,$0.10B,$0.12B,111.65%,$0.10B,$0.10B,100.97%,$0.10B,$0.66B,16.67%,$0.10B,$0.66B,16.67%,$0.10B,$1.23B,9.99%,$0.07B,$0.87B,8.30%,$28,$0,$28,$0,$2,$10,$18,$7,$25,$1,$24,$24,$24,$24,$23,$35,35,$0.69,$0.69,$41,$0,$0,$53,$0,$1136,$0,$31,$1175,$1228,$361,$212,$0,$212,$573,$0,$0,$102,$655,$1228,$48,$1,$-206,$-205,$0,$0,$0,$2,$2,$-155,$0,$0,$0,$0,$0,$0,$0,$0,$92,$83,$175,$0,$0,$-39,$-3,$133,$-22,$1,$-39
22,2013-03-31,20.84,$18.55,1.12,$3.11,6.7,$-9.97,0.0,$3.33,6.26,$0.04B,$0.17B,0.22,$0.21B,$0.65B,0.33,$0.10B,$0.10B,100.00%,$0.10B,$0.06B,66.67%,$0.10B,$0.08B,82.29%,$0.10B,$0.08B,83.33%,$0.10B,$0.12B,119.79%,$0.10B,$0.10B,108.33%,$0.10B,$0.65B,17.52%,$0.10B,$0.65B,17.52%,$0.10B,$1.03B,11.01%,$0.06B,$0.86B,8.01%,$26,$0,$26,$0,$1,$8,$17,$8,$26,$2,$24,$24,$24,$21,$21,$35,35,$0.68,$0.68,$26,$0,$0,$38,$0,$985,$0,$0,$991,$1028,$170,$213,$0,$213,$383,$0,$0,$94,$645,$1028,$24,$0,$83,$83,$0,$0,$0,$-131,$-131,$-24,$0,$0,$0,$0,$0,$0,$0,$0,$0,$9,$9,$0,$0,$-22,$0,$-13,$-37,$1,$-22
23,2012-12-31,19.32,$18.59,1.04,$3.14,6.15,$-8.42,0.0,$3.54,5.46,$0.08B,$0.18B,0.43,$0.21B,$0.64B,0.33,$0.09B,$0.09B,100.00%,$0.09B,$0.06B,65.93%,$0.09B,$0.08B,82.42%,$0.09B,$0.08B,83.52%,$0.09B,$0.12B,126.37%,$0.09B,$0.10B,114.29%,$0.10B,$0.64B,19.30%,$0.10B,$0.64B,19.30%,$0.10B,$1.04B,11.78%,$0.06B,$0.85B,8.09%,$26,$0,$26,$0,$1,$8,$18,$10,$28,$4,$24,$24,$24,$22,$22,$30,30,$0.75,$0.75,$64,$0,$0,$78,$0,$953,$0,$0,$958,$1036,$182,$211,$0,$211,$393,$0,$0,$98,$643,$1036,$104,$1,$-247,$-246,$0,$0,$0,$6,$6,$-136,$0,$0,$0,$0,$0,$0,$0,$0,$30,$0,$30,$170,$170,$-40,$-3,$157,$21,$3,$-40
24,2012-09-30,18.41,$17.49,1.05,$3.11,5.91,$-11.85,0.0,$3.57,5.16,$0.03B,$0.13B,0.25,$0.19B,$0.55B,0.35,$0.09B,$0.09B,100.00%,$0.09B,$0.05B,63.53%,$0.09B,$0.07B,81.18%,$0.09B,$0.07B,82.35%,$0.09B,$0.11B,131.76%,$0.09B,$0.10B,118.82%,$0.10B,$0.55B,21.01%,$0.10B,$0.55B,21.01%,$0.10B,$0.87B,12.50%,$0.05B,$0.75B,7.93%,$23,$0,$23,$0,$1,$7,$16,$21,$36,$4,$32,$32,$32,$20,$19,$32,32,$1.01,$1.01,$20,$0,$0,$31,$0,$837,$0,$0,$840,$872,$125,$194,$0,$194,$319,$0,$0,$89,$553,$872,$80,$1,$-148,$-147,$0,$0,$0,$-4,$-4,$-71,$0,$0,$0,$0,$0,$0,$0,$0,$-11,$-4,$-15,$93,$93,$-29,$-1,$48,$-23,$2,$-29
25,2012-06-30,14.85,$16.89,0.88,$3.12,4.76,$-8.60,0.0,$3.18,4.67,$0.04B,$0.11B,0.38,$0.20B,$0.53B,0.38,$0.08B,$0.08B,100.00%,$0.08B,$0.05B,60.76%,$0.08B,$0.06B,81.01%,$0.08B,$0.06B,81.01%,$0.08B,$0.09B,115.19%,$0.08B,$0.08B,105.06%,$0.08B,$0.53B,19.40%,$0.08B,$0.53B,19.40%,$0.08B,$0.84B,10.97%,$0.05B,$0.74B,7.62%,$21,$0,$21,$0,$1,$8,$13,$12,$25,$1,$24,$24,$24,$17,$17,$27,27,$0.88,$0.88,$32,$0,$0,$40,$0,$799,$0,$0,$803,$843,$106,$203,$0,$203,$310,$0,$0,$71,$533,$843,$48,$0,$-113,$-113,$0,$0,$0,$-1,$-1,$-66,$0,$0,$0,$0,$0,$0,$0,$0,$0,$-19,$-19,$93,$93,$-18,$-1,$56,$-11,$1,$-18
26,2012-03-31,14.86,$15.73,0.94,$3.06,4.85,$-5.51,0.0,$2.71,5.48,$0.10B,$0.15B,0.64,$0.20B,$0.43B,0.47,$0.07B,$0.07B,100.00%,$0.07B,$0.05B,60.81%,$0.07B,$0.06B,81.08%,$0.07B,$0.06B,81.08%,$0.07B,$0.09B,116.22%,$0.07B,$0.08B,104.05%,$0.08B,$0.43B,20.36%,$0.08B,$0.43B,20.36%,$0.08B,$0.78B,11.00%,$0.05B,$0.63B,7.81%,$21,$0,$21,$0,$1,$8,$13,$13,$26,$2,$24,$24,$24,$17,$17,$27,27,$0.89,$0.89,$89,$0,$0,$97,$0,$679,$0,$0,$683,$779,$152,$202,$0,$202,$354,$0,$0,$58,$426,$779,$24,$0,$4,$4,$0,$0,$0,$-5,$-5,$23,$0,$0,$0,$0,$0,$0,$0,$0,$31,$0,$31,$0,$0,$-8,$1,$23,$46,$1,$-8
27,2011-12-31,12.59,$15.39,0.82,$2.99,4.21,$-6.15,0.0,$2.36,5.33,$0.05B,$0.13B,0.4,$0.20B,$0.41B,0.49,$0.07B,$0.07B,100.00%,$0.07B,$0.04B,59.09%,$0.07B,$0.05B,80.30%,$0.07B,$0.05B,80.30%,$0.07B,$0.07B,109.09%,$0.07B,$0.06B,95.45%,$0.06B,$0.41B,17.87%,$0.06B,$0.41B,17.87%,$0.06B,$0.74B,9.88%,$0.04B,$0.61B,7.14%,$20,$0,$20,$0,$1,$8,$12,$13,$25,$3,$22,$22,$21,$16,$16,$23,23,$0.83,$0.83,$43,$0,$0,$49,$0,$684,$0,$0,$689,$738,$125,$202,$0,$202,$327,$0,$0,$45,$411,$738,$64,$1,$-32,$-31,$0,$0,$0,$-216,$-216,$-183,$0,$0,$0,$0,$0,$0,$0,$0,$40,$68,$108,$128,$128,$-28,$-4,$204,$20,$2,$-28
28,2011-09-30,10.31,$14.69,0.7,$2.85,3.62,$2.90,3.56,$1.91,5.4,$0.03B,$0.12B,0.25,$0.20B,$0.34B,0.59,$0.06B,$0.06B,100.00%,$0.06B,$0.03B,58.62%,$0.06B,$0.05B,79.31%,$0.06B,$0.05B,79.31%,$0.06B,$0.06B,98.28%,$0.06B,$0.05B,89.66%,$0.05B,$0.34B,16.65%,$0.05B,$0.34B,16.65%,$0.05B,$0.67B,9.20%,$0.03B,$0.54B,6.87%,$17,$0,$17,$0,$1,$7,$10,$4,$15,$0,$14,$14,$14,$14,$14,$23,23,$0.62,$0.62,$25,$0,$0,$30,$0,$632,$0,$0,$636,$666,$124,$201,$0,$201,$325,$0,$0,$35,$341,$666,$43,$0,$-21,$-21,$0,$0,$0,$1,$1,$23,$0,$0,$0,$0,$-281,$-281,$97,$-184,$40,$75,$115,$70,$70,$-19,$-3,$163,$3,$1,$-19
29,2011-06-30,10.77,$14.43,0.75,$2.65,4.07,$2.50,4.3,$1.57,6.86,$0.02B,$0.10B,0.23,$0.19B,$0.34B,0.56,$0.05B,$0.05B,100.00%,$0.05B,$0.03B,58.00%,$0.05B,$0.04B,78.00%,$0.05B,$0.04B,78.00%,$0.05B,$0.05B,108.00%,$0.05B,$0.05B,98.00%,$0.05B,$0.34B,17.04%,$0.05B,$0.34B,17.04%,$0.05B,$0.62B,9.73%,$0.03B,$0.52B,6.32%,$16,$0,$16,$0,$1,$7,$10,$10,$20,$2,$18,$18,$18,$13,$13,$23,23,$0.77,$0.77,$14,$0,$0,$22,$0,$592,$0,$0,$596,$617,$95,$188,$0,$188,$283,$0,$0,$30,$335,$617,$28,$0,$-15,$-15,$0,$0,$0,$2,$2,$15,$0,$0,$0,$0,$-192,$-192,$48,$-145,$30,$34,$64,$70,$70,$-12,$-2,$121,$-8,$1,$-12
30,2011-03-31,10.26,$14.09,0.73,$2.52,4.07,$2.32,4.42,$1.47,6.98,$0.04B,$0.02B,1.67,$0.19B,$0.32B,0.57,$0.04B,$0.04B,100.00%,$0.04B,$0.02B,55.81%,$0.04B,$0.03B,76.74%,$0.04B,$0.03B,76.74%,$0.04B,$0.04B,100.00%,$0.04B,$0.04B,93.02%,$0.04B,$0.32B,15.94%,$0.04B,$0.32B,15.94%,$0.04B,$0.53B,9.24%,$0.02B,$0.51B,5.89%,$13,$0,$13,$0,$1,$6,$7,$4,$12,$1,$10,$10,$10,$10,$10,$19,19,$0.54,$0.54,$29,$0,$0,$35,$0,$491,$0,$0,$495,$530,$21,$186,$0,$186,$206,$0,$0,$21,$323,$530,$10,$0,$-5,$-5,$0,$0,$0,$-1,$-1,$4,$0,$0,$0,$0,$-80,$-80,$13,$-67,$30,$-24,$6,$70,$70,$-5,$-2,$70,$7,$0,$-5
31,2010-12-31,9.85,$13.30,0.74,$2.32,4.24,$2.12,4.65,$1.15,8.57,$0.03B,$0.04B,0.66,$0.16B,$0.25B,0.62,$0.04B,$0.04B,100.00%,$0.04B,$0.02B,54.05%,$0.04B,$0.03B,75.68%,$0.04B,$0.03B,75.68%,$0.04B,$0.04B,110.81%,$0.04B,$0.04B,105.41%,$0.04B,$0.25B,18.03%,$0.04B,$0.25B,18.03%,$0.04B,$0.45B,10.34%,$0.02B,$0.41B,5.62%,$12,$0,$12,$0,$1,$5,$7,$4,$10,$0,$10,$10,$10,$9,$9,$16,16,$0.51,$0.51,$22,$0,$0,$29,$0,$418,$0,$0,$420,$449,$43,$156,$0,$156,$199,$0,$0,$21,$250,$449,$40,$0,$-25,$-25,$0,$0,$0,$1,$1,$17,$0,$0,$2,$0,$-231,$-231,$52,$-176,$45,$39,$84,$86,$86,$-16,$-3,$151,$-8,$1,$-16
32,2010-09-30,8.48,$12.96,0.65,$2.03,4.17,$1.90,4.46,$1.04,8.15,$0.07B,$0.02B,3.37,$0.16B,$0.24B,0.65,$0.03B,$0.03B,100.00%,$0.03B,$0.02B,51.72%,$0.03B,$0.02B,75.86%,$0.03B,$0.02B,79.31%,$0.03B,$0.03B,106.90%,$0.03B,$0.03B,106.90%,$0.03B,$0.24B,16.64%,$0.03B,$0.24B,16.64%,$0.03B,$0.42B,9.87%,$0.02B,$0.40B,4.95%,$9,$0,$9,$0,$1,$4,$5,$7,$12,$0,$11,$11,$11,$7,$7,$17,17,$0.65,$0.65,$58,$0,$0,$65,$0,$351,$0,$0,$354,$419,$19,$158,$0,$158,$177,$0,$0,$16,$242,$419,$30,$0,$-19,$-19,$0,$0,$0,$-1,$-1,$10,$0,$0,$2,$0,$-123,$-123,$21,$-99,$45,$0,$45,$86,$86,$-11,$-2,$117,$28,$1,$-11
33,2010-06-30,7.77,$12.45,0.62,$1.92,4.05,$1.72,4.51,$1.01,7.7,$0.01B,$0.02B,0.56,$0.13B,$0.19B,0.67,$0.03B,$0.03B,100.00%,$0.03B,$0.01B,52.00%,$0.03B,$0.02B,76.00%,$0.03B,$0.02B,80.00%,$0.03B,$0.03B,100.00%,$0.03B,$0.03B,108.00%,$0.03B,$0.19B,17.09%,$0.03B,$0.19B,17.09%,$0.03B,$0.33B,10.50%,$0.01B,$0.32B,5.22%,$9,$0,$9,$0,$1,$4,$5,$4,$9,$0,$9,$9,$9,$7,$7,$15,15,$0.59,$0.59,$5,$0,$0,$11,$0,$322,$0,$0,$324,$334,$19,$126,$0,$126,$145,$0,$0,$11,$189,$334,$18,$0,$-12,$-12,$0,$0,$0,$1,$1,$7,$0,$0,$2,$0,$-94,$-94,$3,$-89,$10,$13,$23,$40,$40,$-7,$-0,$55,$-26,$1,$-7
34,2010-03-31,7.93,$12.18,0.65,$1.72,4.61,$1.56,5.1,$0.91,8.72,$0.04B,$0.01B,6.37,$0.12B,$0.18B,0.64,$0.02B,$0.02B,100.00%,$0.02B,$0.01B,50.00%,$0.02B,$0.02B,75.00%,$0.02B,$0.02B,80.00%,$0.02B,$0.02B,100.00%,$0.02B,$0.02B,110.00%,$0.02B,$0.18B,15.49%,$0.02B,$0.18B,15.49%,$0.02B,$0.31B,10.02%,$0.01B,$0.30B,4.65%,$7,$0,$7,$0,$1,$4,$3,$6,$10,$0,$9,$9,$9,$5,$5,$14,14,$0.63,$0.63,$33,$0,$0,$35,$0,$268,$0,$3,$272,$307,$5,$118,$0,$118,$123,$0,$0,$8,$184,$307,$9,$0,$-7,$-6,$0,$0,$0,$-3,$-3,$0,$0,$0,$2,$0,$-41,$-41,$1,$-37,$0,$2,$2,$40,$40,$-3,$-0,$39,$2,$0,$-3
35,2009-12-31,7.93,$11.96,0.66,$1.62,4.89,$1.57,5.04,$0.92,8.62,$0.04B,$0.00B,19.46,$0.07B,$0.13B,0.5,$0.02B,$0.02B,100.00%,$0.02B,$0.01B,52.94%,$0.02B,$0.01B,76.47%,$0.02B,$0.01B,82.35%,$0.02B,$0.01B,58.82%,$0.02B,$0.01B,76.47%,$0.01B,$0.13B,10.59%,$0.01B,$0.13B,10.59%,$0.01B,$0.20B,7.07%,$0.01B,$0.20B,4.99%,$4,$0,$4,$0,$1,$2,$2,$-2,$0,$-2,$2,$2,$2,$4,$3,$10,10,$0.33,$0.33,$31,$0,$0,$35,$0,$160,$0,$0,$162,$196,$2,$65,$0,$65,$67,$0,$0,$6,$130,$196,$12,$0,$-2,$-2,$0,$0,$0,$-2,$-2,$8,$0,$0,$0,$0,$-37,$-37,$11,$-26,$10,$0,$10,$15,$15,$-11,$-0,$13,$-5,$1,$-11
36,2009-09-30,6.88,$12.01,0.57,$1.70,4.04,$1.97,3.49,$0.99,6.95,$0.01B,$0.01B,1.24,$0.06B,$0.13B,0.43,$0.02B,$0.02B,100.00%,$0.02B,$0.01B,55.56%,$0.02B,$0.01B,77.78%,$0.02B,$0.01B,77.78%,$0.02B,$0.01B,55.56%,$0.02B,$0.01B,66.67%,$0.01B,$0.13B,10.15%,$0.01B,$0.13B,10.15%,$0.01B,$0.19B,6.75%,$0.01B,$0.18B,5.77%,$5,$0,$5,$0,$1,$2,$3,$3,$6,$-1,$7,$7,$7,$4,$4,$11,11,$0.66,$0.66,$8,$0,$0,$9,$0,$180,$0,$1,$182,$192,$8,$55,$0,$55,$63,$0,$0,$7,$129,$192,$10,$0,$-3,$-3,$0,$0,$0,$-2,$-2,$5,$0,$0,$0,$0,$-45,$-45,$8,$-38,$0,$0,$0,$15,$15,$-8,$0,$6,$-27,$1,$-8
37,2009-06-30,6.44,$11.80,0.55,$1.76,3.65,$2.32,2.78,$1.02,6.31,$0.04B,$0.00B,10.83,$0.06B,$0.13B,0.44,$0.02B,$0.02B,100.00%,$0.02B,$0.01B,58.82%,$0.02B,$0.01B,76.47%,$0.02B,$0.01B,82.35%,$0.02B,$0.01B,41.18%,$0.02B,$0.01B,47.06%,$0.01B,$0.13B,6.97%,$0.01B,$0.13B,6.97%,$0.01B,$0.18B,4.63%,$0.01B,$0.18B,5.89%,$4,$0,$4,$0,$1,$2,$2,$2,$4,$1,$4,$4,$4,$3,$3,$10,10,$0.25,$0.25,$34,$0,$0,$35,$0,$145,$0,$2,$148,$183,$3,$55,$0,$55,$58,$0,$0,$4,$125,$183,$3,$0,$1,$1,$0,$0,$0,$-1,$-1,$3,$0,$0,$0,$0,$-18,$-18,$5,$-13,$0,$0,$0,$15,$15,$-6,$0,$9,$-1,$0,$-6
38,2009-03-31,4.56,$11.84,0.39,$1.85,2.46,$2.53,1.81,$0.81,5.63,$0.02B,$0.00B,6.66,$0.06B,$0.11B,0.51,$0.02B,$0.02B,100.00%,$0.02B,$0.01B,64.71%,$0.02B,$0.01B,82.35%,$0.02B,$0.02B,88.24%,$0.02B,$0.01B,29.41%,$0.02B,$0.01B,47.06%,$0.01B,$0.11B,7.10%,$0.01B,$0.11B,7.10%,$0.01B,$0.17B,4.69%,$0.01B,$0.16B,6.56%,$4,$0,$4,$0,$1,$1,$2,$-3,$-0,$0,$-0,$-0,$-0,$3,$3,$9,9,$-0.05,$-0.05,$19,$0,$0,$20,$0,$142,$0,$2,$145,$165,$3,$55,$0,$55,$58,$0,$0,$4,$107,$165,$-0,$0,$3,$3,$0,$0,$0,$-2,$-2,$0,$0,$0,$0,$0,$-13,$-13,$1,$-12,$0,$0,$0,$-1,$-1,$-3,$-0,$-5,$-17,$0,$-3
39,2008-12-31,4.29,$12.20,0.35,$1.91,2.25,$2.66,1.61,$0.86,4.99,$0.04B,$0.00B,11.15,$0.06B,$0.11B,0.49,$0.02B,$0.02B,100.00%,$0.02B,$0.01B,70.59%,$0.02B,$0.01B,82.35%,$0.02B,$0.02B,88.24%,$0.02B,$0.01B,47.06%,$0.02B,$0.01B,64.71%,$0.01B,$0.11B,9.59%,$0.01B,$0.11B,9.59%,$0.01B,$0.17B,6.15%,$0.01B,$0.17B,7.07%,$5,$0,$5,$0,$1,$2,$3,$-3,$-0,$-1,$1,$1,$1,$4,$4,$9,9,$-0.19,$-0.19,$35,$0,$0,$36,$0,$131,$0,$1,$134,$171,$3,$55,$0,$55,$58,$0,$0,$8,$112,$171,$11,$0,$-2,$-2,$0,$0,$0,$2,$2,$11,$0,$0,$0,$0,$-20,$-20,$16,$-4,$0,$0,$0,$-0,$-0,$-13,$-1,$-14,$-7,$1,$-13
40,2008-09-30,4.89,$12.49,0.39,$1.84,2.66,$2.09,2.34,$0.86,5.69,$0.05B,$0.00B,23.79,$0.06B,$0.12B,0.48,$0.02B,$0.02B,100.00%,$0.02B,$0.01B,75.00%,$0.02B,$0.01B,81.25%,$0.02B,$0.02B,93.75%,$0.02B,$0.01B,50.00%,$0.02B,$0.01B,43.75%,$0.01B,$0.12B,6.06%,$0.01B,$0.12B,6.06%,$0.01B,$0.17B,3.89%,$0.01B,$0.17B,7.04%,$4,$0,$4,$0,$1,$2,$3,$0,$3,$0,$3,$3,$3,$4,$3,$9,9,$0.74,$0.74,$47,$0,$0,$47,$0,$123,$0,$1,$126,$172,$2,$55,$0,$55,$57,$0,$0,$11,$115,$172,$10,$0,$-4,$-4,$0,$0,$0,$0,$0,$7,$0,$0,$0,$0,$-3,$-3,$11,$8,$0,$0,$0,$0,$0,$-9,$-1,$-10,$5,$0,$-9
