,Date,Stock Price,Book Value per Share,Price to Book Ratio,TTM Sales per Share,Price to Sales Ratio,TTM FCF per Share,Price to FCF Ratio,TTM Net EPS,PE Ratio,Current Assets,Current Liabilities,Current Ratio,Long Term Debt,Shareholder's Equity_x,Debt to Equity Ratio,TTM Revenue_x,TTM Gross Profit,Gross Margin,TTM Revenue_y,TTM Operating Income,Operating Margin,TTM Revenue_x,TTM EBIT,EBIT Margin,TTM Revenue_y,TTM EBITDA,EBITDA Margin,TTM Revenue_x,TTM Pre-Tax Income,Pre-Tax Margin,TTM Revenue_y,TTM Net Income_x,Net Margin,TTM Net Income_y,Shareholder's Equity_y,Return on Equity,TTM Net Income_x,Tangible Equity,Return on Tangible Equity,TTM Net Income_y,Total Assets,Return on Assets,TTM Net Income,LT Investments & Debt,Return on Investment,revenue,cost-goods-sold,gross-profit,research-development-expenses,selling-general-administrative-expenses,operating-expenses,operating-income,total-non-operating-income-expense,pre-tax-income,total-provision-income-taxes,income-after-taxes,income-from-continuous-operations,net-income,ebitda,ebit,basic-shares-outstanding,shares-outstanding,eps-basic-net-earnings-per-share,eps-earnings-per-share-diluted,cash-on-hand,inventory,other-current-assets,total-current-assets,net-property-plant-equipment,long-term-investments,goodwill-intangible-assets-total,other-long-term-assets,total-long-term-assets,total-assets,total-current-liabilities,long-term-debt,other-non-current-liabilities,total-long-term-liabilities,total-liabilities,common-stock-net,retained-earnings-accumulated-deficit,comprehensive-income,total-share-holder-equity,total-liabilities-share-holders-equity,net-income-loss,total-depreciation-amortization-cash-flow,other-non-cash-items,total-non-cash-items,change-in-accounts-receivable,change-in-inventories,change-in-accounts-payable,change-in-assets-liabilities,total-change-in-assets-liabilities,cash-flow-from-operating-activities,net-change-in-property-plant-equipment,net-change-in-intangible-assets,net-acquisitions-divestitures,net-change-in-short-term-investments,net-change-in-long-term-investments,net-change-in-investments-total,investing-activities-other,cash-flow-from-investing-activities,net-long-term-debt,net-current-debt,debt-issuance-retirement-net-total,net-common-equity-issued-repurchased,net-total-equity-issued-repurchased,total-common-preferred-stock-dividends-paid,financial-activities-other,cash-flow-from-financial-activities,net-cash-flow,stock-based-compensation,common-stock-dividends-paid
0,2018-09-30,85.96,$44.39,1.94,$334.52,0.26,$10.63,8.09,$9.27,9.27,$6.16B,$4.19B,1.47,$1.04B,$2.81B,0.37,$22.24B,$3.63B,16.34%,$22.24B,$0.82B,3.67%,$22.24B,$0.82B,3.67%,$22.24B,$0.90B,4.06%,$22.24B,$0.77B,3.44%,$22.24B,$0.61B,2.76%,$0.61B,$2.81B,21.44%,$0.61B,$1.24B,48.79%,$0.61B,$8.73B,6.95%,$0.82B,$3.85B,22.47%,$5419,$4528,$891,$0,$674,$5202,$217,$-12,$205,$47,$158,$158,$158,$239,$217,$65,65,$2.45,$2.43,$683,$0,$0,$6164,$150,$0,$1572,$839,$2561,$8725,$4193,$1038,$685,$1723,$5915,$1,$3061,$-393,$2810,$8725,$398,$65,$26,$90,$-141,$0,$0,$-46,$-187,$302,$-32,$0,$-8,$0,$0,$0,$0,$-40,$175,$-5,$170,$-295,$-295,$-66,$-40,$-231,$-6,$20,$-66
1,2018-06-30,86.06,$43.58,1.97,$331.99,0.26,$10.31,8.35,$8.88,9.69,$6.27B,$4.24B,1.48,$1.05B,$2.85B,0.37,$22.28B,$3.64B,16.35%,$22.28B,$0.83B,3.71%,$22.28B,$0.83B,3.71%,$22.28B,$0.91B,4.10%,$22.28B,$0.78B,3.49%,$22.28B,$0.59B,2.67%,$0.59B,$2.85B,20.90%,$0.59B,$1.26B,48.41%,$0.59B,$8.81B,6.75%,$0.83B,$3.89B,23.88%,$5657,$4734,$923,$0,$714,$5449,$208,$-11,$198,$54,$143,$143,$143,$230,$208,$66,66,$2.18,$2.17,$768,$0,$0,$6269,$149,$0,$1587,$808,$2544,$8813,$4235,$1045,$685,$1730,$5965,$1,$2903,$-376,$2848,$8813,$240,$43,$7,$50,$-132,$0,$0,$17,$-115,$176,$-27,$0,$-8,$0,$7,$7,$0,$-28,$175,$-5,$171,$-109,$-109,$-66,$-37,$-41,$79,$13,$-66
2,2018-03-31,113.82,$44.55,2.55,$322.51,0.35,$9.86,11.54,$8.43,13.5,$6.33B,$4.75B,1.33,$0.49B,$2.94B,0.17,$21.80B,$3.58B,16.44%,$21.80B,$0.81B,3.73%,$21.80B,$0.81B,3.73%,$21.80B,$0.90B,4.13%,$21.80B,$0.76B,3.50%,$21.80B,$0.57B,2.61%,$0.57B,$2.94B,20.43%,$0.57B,$1.30B,48.71%,$0.57B,$8.90B,6.59%,$0.81B,$3.43B,25.02%,$5522,$4637,$885,$0,$732,$5369,$154,$-16,$138,$41,$97,$97,$97,$176,$154,$66,67,$1.46,$1.45,$552,$0,$0,$6327,$158,$0,$1636,$774,$2569,$8896,$4750,$491,$716,$1207,$5957,$1,$2825,$-264,$2939,$8896,$97,$22,$1,$22,$67,$0,$0,$-245,$-178,$-58,$-13,$0,$-8,$0,$6,$6,$0,$-15,$-0,$-4,$-4,$-47,$-47,$0,$-26,$-77,$-137,$8,$0
3,2017-12-31,124.71,$43.25,2.88,$309.52,0.4,$13.56,9.2,$8.07,15.45,$6.17B,$4.81B,1.28,$0.48B,$2.86B,0.17,$21.04B,$3.49B,16.57%,$21.04B,$0.79B,3.75%,$21.04B,$0.79B,3.75%,$21.04B,$0.87B,4.15%,$21.04B,$0.74B,3.50%,$21.04B,$0.55B,2.59%,$0.55B,$2.86B,20.35%,$0.55B,$1.23B,50.11%,$0.55B,$8.88B,6.55%,$0.79B,$3.34B,24.41%,$5638,$4703,$935,$0,$698,$5401,$236,$-12,$224,$8,$216,$216,$216,$259,$236,$67,68,$3.23,$3.19,$689,$0,$0,$6171,$158,$0,$1627,$928,$2712,$8884,$4810,$478,$738,$1216,$6026,$1,$2713,$-288,$2858,$8884,$545,$84,$-150,$-66,$-545,$0,$0,$466,$-79,$401,$-42,$0,$-33,$0,$0,$0,$0,$-75,$-0,$6,$5,$-160,$-160,$-124,$-41,$-319,$91,$29,$-124
4,2017-09-30,115.68,$41.10,2.81,$296.49,0.39,$16.00,7.23,$6.72,17.21,$5.97B,$4.63B,1.29,$0.47B,$2.72B,0.17,$20.35B,$3.39B,16.67%,$20.35B,$0.76B,3.75%,$20.35B,$0.76B,3.75%,$20.35B,$0.85B,4.16%,$20.35B,$0.71B,3.49%,$20.35B,$0.46B,2.24%,$0.46B,$2.72B,17.71%,$0.46B,$1.11B,45.25%,$0.46B,$8.58B,5.70%,$0.76B,$3.19B,23.86%,$5465,$4564,$901,$0,$672,$5236,$229,$-12,$217,$79,$138,$138,$138,$250,$229,$67,68,$2.06,$2.04,$667,$0,$0,$5974,$154,$0,$1610,$844,$2608,$8582,$4626,$471,$762,$1233,$5859,$1,$2558,$-291,$2723,$8582,$329,$62,$76,$138,$-400,$0,$0,$220,$-179,$288,$-28,$0,$-27,$0,$0,$0,$0,$-56,$-0,$-2,$-3,$-137,$-137,$-62,$-31,$-233,$68,$21,$-62
5,2017-06-30,109.62,$38.97,2.81,$289.39,0.38,$17.38,6.31,$6.55,16.74,$5.62B,$4.36B,1.29,$0.46B,$2.60B,0.18,$19.98B,$3.35B,16.77%,$19.98B,$0.75B,3.73%,$19.98B,$0.75B,3.73%,$19.98B,$0.83B,4.15%,$19.98B,$0.69B,3.47%,$19.98B,$0.45B,2.24%,$0.45B,$2.60B,17.79%,$0.45B,$1.02B,47.08%,$0.45B,$8.14B,5.75%,$0.75B,$3.05B,23.08%,$5175,$4313,$862,$0,$667,$4980,$195,$-11,$184,$67,$117,$117,$117,$216,$195,$67,68,$1.74,$1.72,$573,$0,$0,$5621,$155,$0,$1582,$781,$2518,$8140,$4357,$455,$729,$1183,$5540,$1,$2421,$-325,$2599,$8140,$191,$41,$51,$92,$-259,$0,$0,$124,$-135,$148,$-26,$0,$-21,$0,$3,$3,$0,$-44,$-0,$-4,$-4,$-82,$-82,$-62,$-29,$-178,$-25,$15,$-62
6,2017-03-31,99.78,$37.67,2.65,$282.76,0.35,$18.78,5.31,$6.43,15.52,$5.30B,$3.65B,1.45,$0.80B,$2.53B,0.31,$19.82B,$3.35B,16.89%,$19.82B,$0.75B,3.77%,$19.82B,$0.75B,3.77%,$19.82B,$0.83B,4.19%,$19.82B,$0.70B,3.51%,$19.82B,$0.45B,2.24%,$0.45B,$2.53B,17.86%,$0.45B,$0.99B,48.00%,$0.45B,$7.68B,5.84%,$0.75B,$3.33B,22.61%,$4757,$3969,$788,$0,$660,$4629,$128,$-16,$112,$38,$74,$74,$74,$148,$128,$68,68,$1.10,$1.09,$724,$0,$0,$5301,$147,$0,$1544,$687,$2378,$7679,$3647,$796,$704,$1500,$5147,$1,$2366,$-385,$2532,$7679,$74,$20,$27,$47,$50,$0,$0,$19,$70,$191,$-11,$0,$-12,$0,$1,$1,$0,$-22,$-0,$-4,$-4,$-23,$-23,$0,$-29,$-56,$126,$7,$0
7,2016-12-31,86.45,$36.53,2.37,$275.62,0.31,$18.16,4.76,$6.32,13.68,$5.13B,$3.66B,1.4,$0.79B,$2.45B,0.32,$19.65B,$3.33B,16.96%,$19.65B,$0.75B,3.82%,$19.65B,$0.75B,3.82%,$19.65B,$0.84B,4.25%,$19.65B,$0.70B,3.57%,$19.65B,$0.44B,2.25%,$0.44B,$2.45B,17.53%,$0.44B,$0.91B,46.68%,$0.44B,$7.57B,5.84%,$0.75B,$3.23B,22.39%,$4956,$4115,$841,$0,$629,$4744,$212,$-15,$197,$70,$127,$127,$127,$233,$212,$70,71,$1.85,$1.82,$599,$0,$0,$5133,$147,$0,$1534,$760,$2441,$7574,$3659,$786,$683,$1469,$5128,$1,$2291,$-426,$2446,$7574,$444,$85,$121,$206,$-317,$0,$0,$268,$-50,$600,$-53,$0,$-58,$0,$0,$0,$0,$-110,$-6,$-0,$-7,$-464,$-464,$-118,$-8,$-598,$-132,$27,$-118
8,2016-09-30,69.59,$36.90,1.89,$269.38,0.26,$16.53,4.21,$6.11,11.39,$5.20B,$3.73B,1.39,$0.84B,$2.47B,0.34,$19.65B,$3.34B,17.02%,$19.65B,$0.72B,3.66%,$19.65B,$0.72B,3.66%,$19.65B,$0.81B,4.10%,$19.65B,$0.69B,3.49%,$19.65B,$0.44B,2.24%,$0.44B,$2.47B,16.99%,$0.44B,$0.88B,44.08%,$0.44B,$7.72B,5.81%,$0.72B,$3.31B,21.04%,$5088,$4230,$858,$0,$647,$4877,$211,$-11,$200,$71,$129,$129,$129,$233,$211,$68,69,$1.89,$1.87,$503,$0,$0,$5197,$154,$0,$1593,$777,$2523,$7720,$3731,$840,$677,$1516,$5248,$1,$2222,$-325,$2473,$7720,$316,$64,$72,$136,$-277,$0,$0,$228,$-50,$403,$-43,$0,$-57,$0,$4,$4,$0,$-96,$-6,$-4,$-10,$-457,$-457,$-61,$-10,$-538,$-227,$21,$-61
9,2016-06-30,61.97,$36.22,1.71,$260.21,0.24,$14.55,4.26,$5.85,10.59,$5.12B,$3.58B,1.43,$0.83B,$2.52B,0.33,$19.54B,$3.34B,17.09%,$19.54B,$0.72B,3.66%,$19.54B,$0.72B,3.66%,$19.54B,$0.80B,4.08%,$19.54B,$0.68B,3.49%,$19.54B,$0.44B,2.23%,$0.44B,$2.52B,16.46%,$0.44B,$0.93B,41.20%,$0.44B,$7.51B,5.80%,$0.72B,$3.35B,20.58%,$5022,$4161,$861,$0,$665,$4826,$196,$-10,$186,$70,$115,$115,$115,$217,$196,$72,72,$1.61,$1.60,$546,$0,$0,$5117,$153,$0,$1588,$649,$2390,$7506,$3575,$830,$586,$1416,$4991,$1,$2092,$-317,$2515,$7506,$187,$43,$54,$96,$-183,$0,$0,$161,$-21,$262,$-31,$0,$-41,$0,$2,$2,$0,$-70,$-6,$-15,$-21,$-289,$-289,$-61,$-6,$-377,$-184,$15,$-61
10,2016-03-31,77.58,$37.32,2.08,$252.06,0.31,$11.59,6.69,$5.58,13.9,$5.18B,$3.45B,1.5,$0.85B,$2.68B,0.32,$19.38B,$3.31B,17.07%,$19.38B,$0.70B,3.60%,$19.38B,$0.70B,3.60%,$19.38B,$0.78B,4.02%,$19.38B,$0.67B,3.45%,$19.38B,$0.43B,2.20%,$0.43B,$2.68B,15.62%,$0.43B,$1.08B,35.54%,$0.43B,$7.55B,5.76%,$0.70B,$3.53B,20.23%,$4588,$3814,$774,$0,$642,$4456,$132,$-13,$119,$47,$72,$72,$72,$153,$132,$73,74,$0.98,$0.98,$748,$0,$0,$5184,$154,$0,$1597,$613,$2364,$7548,$3451,$850,$572,$1422,$4873,$1,$2038,$-266,$2675,$7548,$72,$21,$26,$47,$44,$0,$0,$2,$46,$165,$-17,$0,$-14,$0,$0,$0,$0,$-30,$-6,$-10,$-16,$-115,$-115,$0,$-3,$-134,$17,$7,$0
11,2015-12-31,80.31,$36.86,2.18,$246.70,0.33,$9.73,8.25,$5.43,14.79,$5.09B,$3.45B,1.48,$0.81B,$2.69B,0.3,$19.33B,$3.30B,17.05%,$19.33B,$0.69B,3.56%,$19.33B,$0.69B,3.56%,$19.33B,$0.77B,3.97%,$19.33B,$0.66B,3.42%,$19.33B,$0.42B,2.17%,$0.42B,$2.69B,15.14%,$0.42B,$1.11B,32.03%,$0.42B,$7.52B,5.82%,$0.69B,$3.50B,20.39%,$4954,$4103,$851,$0,$670,$4773,$181,$-1,$180,$56,$124,$124,$124,$202,$181,$77,78,$1.65,$1.63,$731,$0,$0,$5093,$147,$0,$1584,$694,$2425,$7518,$3451,$811,$563,$1374,$4825,$1,$1966,$-286,$2693,$7518,$419,$78,$131,$209,$-370,$0,$0,$253,$-117,$512,$-38,$0,$-261,$0,$0,$0,$0,$-298,$452,$4,$456,$-476,$-476,$-121,$-3,$-144,$31,$31,$-121
12,2015-09-30,77.34,$36.48,2.12,$246.40,0.31,$6.82,11.34,$5.24,14.76,$5.11B,$3.47B,1.47,$0.84B,$2.69B,0.31,$19.50B,$3.31B,17.00%,$19.50B,$0.70B,3.60%,$19.50B,$0.70B,3.60%,$19.50B,$0.78B,4.00%,$19.50B,$0.66B,3.40%,$19.50B,$0.41B,2.12%,$0.41B,$2.69B,14.56%,$0.41B,$1.11B,28.90%,$0.41B,$7.44B,5.79%,$0.70B,$3.53B,20.96%,$4973,$4120,$852,$0,$646,$4766,$206,$-9,$197,$73,$124,$124,$124,$226,$206,$76,77,$1.63,$1.61,$653,$0,$0,$5108,$143,$0,$1575,$619,$2337,$7444,$3465,$841,$454,$1295,$4759,$1,$1901,$-268,$2685,$7444,$295,$57,$104,$161,$-332,$0,$0,$158,$-174,$283,$-33,$0,$-241,$0,$5,$5,$0,$-269,$452,$-2,$450,$-423,$-423,$-62,$-4,$-40,$-47,$23,$-62
13,2015-06-30,84.41,$37.16,2.27,$248.61,0.34,$4.48,18.83,$5.24,16.11,$4.99B,$3.36B,1.48,$0.39B,$2.86B,0.14,$19.94B,$3.37B,16.89%,$19.94B,$0.71B,3.55%,$19.94B,$0.71B,3.55%,$19.94B,$0.79B,3.94%,$19.94B,$0.67B,3.35%,$19.94B,$0.42B,2.11%,$0.42B,$2.86B,14.36%,$0.42B,$1.50B,26.85%,$0.42B,$7.07B,5.90%,$0.71B,$3.25B,21.21%,$4861,$4031,$831,$0,$652,$4683,$179,$-7,$172,$66,$106,$106,$106,$198,$179,$78,79,$1.35,$1.33,$466,$0,$0,$4993,$140,$0,$1359,$582,$2080,$7073,$3364,$391,$460,$851,$4215,$1,$1777,$-218,$2858,$7073,$171,$38,$69,$106,$-280,$0,$0,$41,$-239,$39,$-20,$0,$-30,$0,$4,$4,$0,$-47,$-1,$-2,$-3,$-140,$-140,$-62,$-6,$-211,$-233,$15,$-62
14,2015-03-31,80.61,$36.62,2.2,$252.68,0.32,$3.80,21.21,$5.26,15.32,$4.74B,$3.16B,1.5,$0.38B,$2.86B,0.13,$20.40B,$3.43B,16.83%,$20.40B,$0.72B,3.50%,$20.40B,$0.72B,3.50%,$20.40B,$0.80B,3.91%,$20.40B,$0.68B,3.31%,$20.40B,$0.42B,2.08%,$0.42B,$2.86B,14.22%,$0.42B,$1.53B,26.48%,$0.42B,$6.86B,5.86%,$0.72B,$3.24B,20.95%,$4542,$3780,$762,$0,$639,$4419,$123,$-11,$112,$47,$66,$66,$66,$142,$123,$79,80,$0.83,$0.83,$628,$0,$0,$4738,$138,$0,$1333,$646,$2117,$6855,$3161,$376,$457,$834,$3995,$1,$1734,$-275,$2860,$6855,$66,$19,$30,$49,$-54,$0,$0,$-38,$-92,$22,$-10,$0,$-10,$0,$0,$0,$0,$-20,$-1,$3,$2,$-27,$-27,$0,$-8,$-33,$-72,$7,$0
15,2014-12-31,63.79,$37.68,1.69,$256.01,0.25,$3.35,19.05,$5.29,12.06,$4.98B,$3.35B,1.49,$0.42B,$2.94B,0.14,$20.76B,$3.49B,16.80%,$20.76B,$0.72B,3.46%,$20.76B,$0.72B,3.46%,$20.76B,$0.80B,3.87%,$20.76B,$0.68B,3.28%,$20.76B,$0.43B,2.06%,$0.43B,$2.94B,14.22%,$0.43B,$1.58B,26.57%,$0.43B,$7.18B,5.83%,$0.72B,$3.37B,20.73%,$5121,$4252,$869,$0,$676,$4928,$193,$-11,$182,$65,$117,$117,$117,$213,$193,$80,81,$1.49,$1.48,$699,$0,$0,$4982,$149,$0,$1362,$689,$2200,$7181,$3354,$423,$462,$884,$4238,$1,$1668,$-155,$2943,$7181,$428,$84,$109,$193,$-271,$0,$0,$-44,$-314,$306,$-49,$0,$-32,$0,$0,$0,$0,$-81,$-3,$16,$13,$-118,$-118,$-77,$-6,$-188,$-38,$41,$-77
16,2014-09-30,65.13,$38.42,1.7,$258.53,0.25,$4.59,14.19,$5.07,12.85,$5.21B,$3.48B,1.5,$0.44B,$3.04B,0.15,$20.89B,$3.51B,16.78%,$20.89B,$0.69B,3.32%,$20.89B,$0.69B,3.32%,$20.89B,$0.78B,3.73%,$20.89B,$0.66B,3.15%,$20.89B,$0.41B,1.97%,$0.41B,$3.04B,13.72%,$0.41B,$1.65B,25.85%,$0.41B,$7.38B,5.59%,$0.69B,$3.48B,19.94%,$5416,$4510,$906,$0,$693,$5204,$212,$-10,$202,$72,$131,$131,$131,$233,$212,$80,81,$1.64,$1.61,$661,$0,$0,$5214,$150,$0,$1390,$627,$2167,$7381,$3475,$444,$422,$866,$4341,$1,$1589,$-45,$3040,$7381,$310,$64,$53,$117,$-355,$0,$0,$33,$-323,$105,$-32,$0,$-25,$0,$0,$0,$0,$-57,$-2,$10,$9,$-48,$-48,$-39,$-6,$-84,$-77,$34,$-39
17,2014-06-30,78.83,$38.66,2.04,$256.61,0.31,$4.69,16.8,$4.64,16.99,$5.33B,$3.56B,1.5,$0.48B,$3.08B,0.16,$20.67B,$3.46B,16.72%,$20.67B,$0.64B,3.11%,$20.67B,$0.64B,3.11%,$20.67B,$0.73B,3.54%,$20.67B,$0.61B,2.97%,$20.67B,$0.38B,1.82%,$0.38B,$3.08B,12.78%,$0.38B,$1.65B,24.47%,$0.38B,$7.53B,5.15%,$0.64B,$3.56B,18.79%,$5322,$4424,$897,$0,$710,$5134,$187,$-8,$180,$70,$110,$110,$110,$209,$187,$80,81,$1.37,$1.35,$639,$0,$0,$5325,$161,$0,$1434,$614,$2209,$7534,$3562,$481,$408,$890,$4451,$1,$1458,$90,$3082,$7534,$180,$43,$36,$80,$-224,$0,$0,$-52,$-275,$-16,$-20,$0,$-24,$0,$0,$0,$0,$-44,$-1,$16,$15,$2,$2,$-39,$-6,$-28,$-99,$24,$-39
18,2014-03-31,72.81,$37.44,1.94,$255.37,0.29,$3.93,18.53,$4.16,17.5,$5.15B,$3.42B,1.5,$0.48B,$2.98B,0.16,$20.39B,$3.39B,16.65%,$20.39B,$0.58B,2.86%,$20.39B,$0.58B,2.86%,$20.39B,$0.68B,3.31%,$20.39B,$0.55B,2.70%,$20.39B,$0.33B,1.64%,$0.33B,$2.98B,11.91%,$0.33B,$1.56B,23.56%,$0.33B,$7.28B,4.71%,$0.58B,$3.46B,17.81%,$4904,$4088,$817,$0,$690,$4777,$127,$-9,$118,$48,$70,$70,$70,$149,$127,$80,81,$0.88,$0.86,$697,$0,$0,$5151,$161,$0,$1411,$557,$2129,$7280,$3424,$484,$396,$880,$4304,$1,$1388,$82,$2976,$7280,$70,$22,$14,$35,$28,$0,$0,$-149,$-121,$-16,$-8,$0,$-9,$0,$0,$0,$0,$-18,$-1,$13,$13,$-11,$-11,$0,$-8,$-6,$-41,$11,$0
19,2013-12-31,79.3,$36.72,2.16,$255.96,0.31,$3.27,24.25,$3.61,21.97,$5.24B,$3.51B,1.49,$0.48B,$2.91B,0.17,$20.25B,$3.37B,16.63%,$20.25B,$0.51B,2.52%,$20.25B,$0.51B,2.52%,$20.25B,$0.61B,2.99%,$20.25B,$0.48B,2.35%,$20.25B,$0.29B,1.42%,$0.29B,$2.91B,10.73%,$0.29B,$1.51B,21.93%,$0.29B,$7.29B,4.13%,$0.51B,$3.40B,16.22%,$5252,$4366,$887,$0,$720,$5085,$167,$-9,$158,$57,$101,$101,$101,$190,$167,$78,80,$1.29,$1.26,$738,$0,$0,$5243,$166,$0,$1400,$479,$2045,$7288,$3510,$482,$383,$865,$4374,$1,$1318,$82,$2914,$7288,$288,$94,$65,$160,$-83,$0,$0,$32,$-51,$397,$-45,$0,$-46,$0,$3,$3,$0,$-88,$-266,$-6,$-271,$101,$101,$-72,$16,$-226,$90,$32,$-72
20,2013-09-30,66.8,$35.54,1.88,$254.93,0.26,$2.13,31.29,$3.04,21.97,$5.01B,$3.46B,1.45,$0.48B,$2.79B,0.17,$20.20B,$3.36B,16.62%,$20.20B,$0.45B,2.22%,$20.20B,$0.45B,2.22%,$20.20B,$0.55B,2.70%,$20.20B,$0.41B,2.04%,$20.20B,$0.24B,1.19%,$0.24B,$2.79B,9.30%,$0.24B,$1.42B,19.72%,$0.24B,$7.11B,3.48%,$0.45B,$3.27B,14.76%,$5189,$4335,$854,$0,$691,$5026,$162,$-5,$157,$62,$95,$95,$95,$185,$162,$78,80,$1.21,$1.18,$489,$0,$0,$5011,$172,$0,$1374,$549,$2095,$7106,$3461,$476,$376,$852,$4313,$1,$1253,$75,$2793,$7106,$187,$71,$37,$108,$-129,$0,$0,$-55,$-183,$112,$-31,$0,$-18,$0,$0,$0,$0,$-49,$-265,$-1,$-266,$66,$66,$-36,$12,$-224,$-159,$23,$-36
21,2013-06-30,50.32,$32.79,1.53,$254.72,0.2,$0.37,137.61,$2.65,18.99,$4.69B,$3.32B,1.41,$0.46B,$2.53B,0.18,$20.19B,$3.36B,16.64%,$20.19B,$0.41B,2.01%,$20.19B,$0.41B,2.01%,$20.19B,$0.51B,2.50%,$20.19B,$0.37B,1.81%,$20.19B,$0.21B,1.03%,$0.21B,$2.53B,8.24%,$0.21B,$1.17B,17.89%,$0.21B,$6.67B,3.03%,$0.41B,$2.99B,13.62%,$5041,$4204,$836,$0,$708,$4913,$128,$-10,$118,$50,$68,$68,$68,$152,$128,$77,79,$0.88,$0.87,$281,$0,$0,$4688,$174,$0,$1360,$451,$1986,$6673,$3321,$456,$364,$820,$4141,$1,$1158,$-23,$2533,$6673,$92,$48,$31,$79,$-119,$0,$0,$-124,$-243,$-72,$-23,$0,$-17,$0,$0,$0,$0,$-40,$-267,$38,$-230,$15,$15,$-36,$3,$-247,$-367,$15,$-36
22,2013-03-31,51.66,$32.45,1.59,$255.35,0.2,$0.67,76.8,$2.29,22.56,$4.89B,$3.48B,1.41,$0.45B,$2.50B,0.18,$20.35B,$3.39B,16.63%,$20.35B,$0.37B,1.83%,$20.35B,$0.37B,1.83%,$20.35B,$0.47B,2.32%,$20.35B,$0.33B,1.62%,$20.35B,$0.18B,0.89%,$0.18B,$2.50B,7.18%,$0.18B,$1.15B,15.64%,$0.18B,$6.80B,2.61%,$0.37B,$2.95B,12.51%,$4769,$3979,$790,$0,$736,$4715,$54,$-12,$43,$19,$24,$24,$24,$79,$54,$77,78,$0.31,$0.31,$583,$0,$0,$4886,$178,$0,$1353,$387,$1918,$6803,$3475,$449,$378,$827,$4302,$1,$1125,$-7,$2501,$6803,$24,$24,$15,$39,$20,$0,$0,$-145,$-125,$-62,$-12,$0,$0,$0,$0,$0,$0,$-12,$-0,$2,$2,$10,$10,$0,$1,$13,$-65,$7,$0
23,2012-12-31,38.66,$32.63,1.18,$257.36,0.15,$1.13,34.29,$2.48,15.59,$5.06B,$3.68B,1.38,$0.46B,$2.50B,0.19,$20.68B,$3.44B,16.65%,$20.68B,$0.41B,1.99%,$20.68B,$0.41B,1.99%,$20.68B,$0.51B,2.47%,$20.68B,$0.37B,1.78%,$20.68B,$0.20B,0.95%,$0.20B,$2.50B,7.76%,$0.20B,$1.13B,16.74%,$0.20B,$7.01B,2.82%,$0.41B,$2.96B,13.99%,$5203,$4326,$877,$0,$772,$5098,$105,$-10,$95,$42,$53,$53,$53,$130,$105,$80,80,$0.69,$0.67,$648,$0,$0,$5061,$185,$0,$1372,$395,$1952,$7013,$3677,$462,$373,$835,$4512,$1,$1102,$34,$2501,$7013,$198,$101,$47,$148,$48,$0,$0,$-62,$-14,$332,$-68,$0,$-49,$0,$0,$0,$0,$-117,$48,$-7,$42,$-132,$-132,$-68,$-6,$-165,$68,$30,$-68
24,2012-09-30,33.15,$32.50,1.02,$258.64,0.13,$-2.05,0.0,$2.58,12.85,$5.08B,$3.61B,1.41,$0.45B,$2.57B,0.18,$20.96B,$3.50B,16.70%,$20.96B,$0.44B,2.09%,$20.96B,$0.44B,2.09%,$20.96B,$0.54B,2.56%,$20.96B,$0.39B,1.88%,$20.96B,$0.21B,0.99%,$0.21B,$2.57B,8.21%,$0.21B,$1.20B,17.62%,$0.21B,$7.01B,2.99%,$0.44B,$3.02B,15.12%,$5172,$4316,$856,$0,$738,$5054,$119,$-10,$109,$45,$63,$63,$63,$144,$119,$80,80,$0.79,$0.79,$445,$0,$0,$5082,$177,$0,$1366,$380,$1923,$7005,$3614,$451,$371,$823,$4437,$1,$1082,$34,$2568,$7005,$144,$75,$30,$105,$-198,$0,$0,$-66,$-264,$-15,$-46,$0,$-46,$0,$0,$0,$0,$-92,$49,$-8,$41,$-39,$-39,$-34,$-5,$-38,$-136,$23,$-34
25,2012-06-30,33.01,$31.66,1.04,$264.16,0.12,$-2.69,0.0,$2.76,11.96,$4.97B,$3.57B,1.39,$0.45B,$2.51B,0.18,$21.57B,$3.60B,16.67%,$21.57B,$0.48B,2.21%,$21.57B,$0.48B,2.21%,$21.57B,$0.58B,2.68%,$21.57B,$0.43B,2.00%,$21.57B,$0.23B,1.04%,$0.23B,$2.51B,8.92%,$0.23B,$1.15B,19.19%,$0.23B,$6.91B,3.23%,$0.48B,$2.96B,16.80%,$5207,$4345,$862,$0,$767,$5112,$94,$-11,$83,$42,$41,$41,$41,$119,$94,$80,80,$0.51,$0.51,$455,$0,$0,$4972,$175,$0,$1360,$401,$1936,$6908,$3568,$446,$382,$829,$4397,$1,$1019,$35,$2511,$6908,$81,$49,$21,$70,$-128,$0,$0,$-64,$-191,$-40,$-33,$0,$-34,$0,$0,$0,$0,$-67,$51,$5,$56,$-29,$-29,$-34,$-5,$-12,$-126,$15,$-34
26,2012-03-31,42.16,$32.04,1.32,$267.44,0.16,$-4.39,0.0,$3.12,13.51,$5.03B,$3.73B,1.35,$0.27B,$2.57B,0.1,$22.03B,$3.70B,16.77%,$22.03B,$0.53B,2.42%,$22.03B,$0.53B,2.42%,$22.03B,$0.64B,2.88%,$22.03B,$0.49B,2.21%,$22.03B,$0.26B,1.17%,$0.26B,$2.57B,10.14%,$0.26B,$1.23B,21.66%,$0.26B,$6.97B,3.64%,$0.53B,$2.84B,18.99%,$5096,$4249,$847,$0,$754,$5003,$94,$-12,$82,$42,$40,$40,$40,$118,$94,$80,81,$0.50,$0.50,$554,$0,$0,$5032,$181,$0,$1343,$417,$1941,$6973,$3727,$268,$410,$678,$4405,$1,$1012,$75,$2569,$6973,$40,$24,$11,$35,$34,$0,$0,$-131,$-96,$-21,$-20,$0,$-2,$0,$0,$0,$0,$-21,$-8,$10,$1,$4,$4,$0,$-5,$0,$-27,$7,$0
27,2011-12-31,31.81,$31.08,1.02,$265.11,0.12,$-5.93,0.0,$3.05,10.43,$4.99B,$3.76B,1.33,$0.27B,$2.48B,0.11,$22.01B,$3.71B,16.84%,$22.01B,$0.53B,2.39%,$22.01B,$0.53B,2.39%,$22.01B,$0.63B,2.86%,$22.01B,$0.48B,2.18%,$22.01B,$0.25B,1.15%,$0.25B,$2.48B,10.06%,$0.25B,$1.14B,21.62%,$0.25B,$6.90B,3.58%,$0.53B,$2.75B,18.11%,$5484,$4549,$935,$0,$805,$5354,$130,$-10,$119,$56,$64,$64,$64,$156,$130,$82,83,$0.78,$0.77,$581,$0,$0,$4991,$175,$0,$1340,$395,$1909,$6900,$3762,$266,$388,$654,$4416,$1,$972,$35,$2483,$6900,$252,$104,$81,$185,$-417,$0,$0,$50,$-368,$69,$-61,$0,$-49,$0,$0,$0,$0,$-110,$-0,$16,$15,$-75,$-75,$-65,$1,$-124,$-192,$31,$-65
28,2011-09-30,29.6,$31.06,0.95,$263.20,0.11,$-4.44,0.0,$-2.02,0.0,$5.13B,$3.88B,1.32,$0.27B,$2.53B,0.11,$21.73B,$3.68B,16.92%,$21.73B,$0.05B,0.24%,$21.73B,$0.05B,0.24%,$21.73B,$0.16B,0.74%,$21.73B,$0.01B,0.04%,$21.73B,$-0.16B,-0.74%,$-0.16B,$2.53B,-6.46%,$-0.16B,$1.17B,-13.99%,$-0.16B,$7.08B,-2.29%,$0.05B,$2.79B,1.75%,$5782,$4831,$951,$0,$793,$5624,$158,$-11,$147,$67,$80,$80,$80,$184,$158,$82,82,$0.97,$0.97,$564,$0,$0,$5130,$173,$0,$1356,$417,$1946,$7076,$3882,$268,$399,$668,$4550,$1,$940,$63,$2526,$7076,$188,$78,$40,$119,$-522,$0,$0,$142,$-380,$-73,$-42,$0,$-32,$0,$0,$0,$0,$-74,$-0,$6,$6,$-24,$-24,$-33,$1,$-50,$-209,$25,$-33
29,2011-06-30,47.23,$31.20,1.51,$253.15,0.19,$-4.20,0.0,$-2.37,0.0,$5.29B,$4.02B,1.31,$0.29B,$2.56B,0.11,$20.92B,$3.57B,17.05%,$20.92B,$0.00B,0.01%,$20.92B,$0.00B,0.01%,$20.92B,$0.12B,0.55%,$20.92B,$-0.04B,-0.18%,$20.92B,$-0.19B,-0.91%,$-0.19B,$2.56B,-7.44%,$-0.19B,$1.21B,-17.11%,$-0.19B,$7.28B,-2.71%,$0.00B,$2.85B,0.10%,$5667,$4705,$962,$0,$811,$5517,$151,$-12,$139,$66,$73,$73,$73,$177,$151,$82,83,$0.89,$0.87,$544,$0,$0,$5289,$181,$0,$1351,$457,$1988,$7277,$4024,$291,$406,$697,$4721,$1,$861,$158,$2556,$7277,$108,$52,$37,$89,$-425,$0,$0,$36,$-390,$-192,$-25,$0,$-15,$0,$0,$0,$0,$-40,$0,$4,$4,$-1,$-1,$-33,$1,$-28,$-229,$17,$-33
30,2011-03-31,54.99,$30.46,1.81,$240.69,0.23,$-2.70,0.0,$-2.84,0.0,$5.12B,$3.42B,1.5,$0.71B,$2.50B,0.28,$19.84B,$3.40B,17.15%,$19.84B,$-0.07B,-0.35%,$19.84B,$-0.07B,-0.35%,$19.84B,$0.05B,0.23%,$19.84B,$-0.11B,-0.55%,$19.84B,$-0.23B,-1.16%,$-0.23B,$2.50B,-8.94%,$-0.23B,$1.16B,-22.26%,$-0.23B,$7.02B,-3.38%,$-0.07B,$3.21B,-2.13%,$5072,$4215,$858,$0,$772,$4987,$86,$-11,$75,$39,$36,$36,$36,$112,$86,$82,84,$0.44,$0.43,$650,$0,$0,$5117,$172,$0,$1336,$394,$1901,$7017,$3421,$708,$391,$1099,$4520,$1,$821,$138,$2497,$7017,$36,$26,$11,$37,$-213,$0,$0,$-19,$-232,$-160,$-10,$0,$0,$0,$0,$0,$0,$-10,$0,$10,$10,$5,$5,$0,$1,$15,$-123,$8,$0
31,2010-12-31,54.88,$29.32,1.87,$231.33,0.24,$-1.30,0.0,$-3.23,0.0,$4.87B,$3.29B,1.48,$0.67B,$2.40B,0.28,$18.87B,$3.25B,17.20%,$18.87B,$-0.12B,-0.65%,$18.87B,$-0.12B,-0.65%,$18.87B,$-0.01B,-0.06%,$18.87B,$-0.17B,-0.87%,$18.87B,$-0.26B,-1.39%,$-0.26B,$2.40B,-10.24%,$-0.26B,$1.07B,-25.52%,$-0.26B,$6.73B,-4.00%,$-0.12B,$3.07B,-3.78%,$5210,$4304,$906,$0,$820,$5552,$-343,$-10,$-353,$-2,$-350,$-350,$-350,$-313,$-343,$81,81,$-4.33,$-4.32,$773,$0,$0,$4874,$170,$0,$1330,$355,$1856,$6730,$3290,$669,$373,$1042,$4333,$1,$785,$87,$2397,$6730,$-264,$110,$412,$522,$-708,$0,$0,$632,$-76,$182,$-54,$0,$-270,$0,$0,$0,$0,$-324,$1,$-16,$-15,$-8,$-8,$-61,$1,$-82,$-242,$24,$-61
32,2010-09-30,45.36,$33.95,1.34,$223.36,0.2,$2.00,22.67,$1.42,31.94,$4.71B,$3.19B,1.48,$0.68B,$2.77B,0.25,$18.07B,$3.10B,17.13%,$18.07B,$0.26B,1.46%,$18.07B,$0.26B,1.46%,$18.07B,$0.37B,2.04%,$18.07B,$0.22B,1.21%,$18.07B,$0.12B,0.64%,$0.12B,$2.77B,4.45%,$0.12B,$1.01B,10.96%,$0.12B,$7.02B,1.80%,$0.26B,$3.45B,8.06%,$4972,$4131,$841,$0,$732,$4863,$109,$-8,$101,$49,$51,$51,$51,$139,$109,$82,83,$0.63,$0.62,$598,$0,$0,$4709,$174,$0,$1758,$375,$2306,$7015,$3192,$682,$376,$1058,$4250,$1,$1166,$94,$2766,$7015,$87,$80,$-6,$74,$-730,$0,$0,$513,$-218,$-56,$-39,$0,$-261,$0,$0,$0,$0,$-299,$0,$-20,$-19,$-20,$-20,$-31,$1,$-69,$-416,$18,$-31
33,2010-06-30,37.52,$31.97,1.17,$216.68,0.17,$8.10,4.63,$0.16,234.49,$4.21B,$2.79B,1.51,$0.61B,$2.63B,0.23,$17.29B,$2.96B,17.11%,$17.29B,$0.13B,0.77%,$17.29B,$0.13B,0.77%,$17.29B,$0.23B,1.35%,$17.29B,$0.07B,0.38%,$17.29B,$0.01B,0.07%,$0.01B,$2.63B,0.47%,$0.01B,$0.90B,1.08%,$0.01B,$6.43B,0.19%,$0.13B,$3.24B,4.11%,$4586,$3789,$797,$0,$718,$4507,$79,$-12,$67,$35,$33,$33,$33,$108,$79,$82,83,$0.40,$0.40,$553,$0,$0,$4206,$163,$0,$1732,$327,$2222,$6428,$2792,$612,$396,$1008,$3800,$1,$1115,$-20,$2628,$6428,$36,$51,$17,$68,$-480,$0,$0,$311,$-169,$-66,$-26,$0,$-259,$0,$0,$0,$0,$-284,$1,$-6,$-5,$15,$15,$-31,$1,$-20,$-462,$12,$-31
34,2010-03-31,49.21,$31.55,1.56,$209.24,0.24,$13.83,3.56,$0.01,0.0,$4.28B,$2.59B,1.65,$0.68B,$2.49B,0.27,$16.50B,$2.85B,17.30%,$16.50B,$0.07B,0.44%,$16.50B,$0.07B,0.44%,$16.50B,$0.17B,1.02%,$16.50B,$0.01B,0.04%,$16.50B,$-0.00B,-0.03%,$-0.00B,$2.49B,-0.20%,$-0.00B,$1.15B,-0.43%,$-0.00B,$6.12B,-0.08%,$0.07B,$3.16B,2.23%,$4099,$3398,$702,$0,$669,$4067,$33,$-13,$20,$17,$3,$3,$3,$54,$33,$79,80,$0.04,$0.04,$944,$0,$0,$4278,$163,$0,$1335,$340,$1837,$6115,$2593,$676,$360,$1036,$3628,$1,$1112,$44,$2487,$6115,$3,$21,$0,$21,$-127,$0,$0,$60,$-67,$-43,$-8,$0,$-0,$0,$0,$0,$0,$-8,$1,$0,$1,$5,$5,$0,$0,$6,$-71,$6,$0
35,2009-12-31,47.03,$32.28,1.46,$204.58,0.23,$17.56,2.68,0,0.0,$4.33B,$2.60B,1.66,$0.72B,$2.54B,0.28,$16.04B,$2.82B,17.57%,$16.04B,$0.04B,0.26%,$16.04B,$0.04B,0.26%,$16.04B,$0.14B,0.87%,$16.04B,$-0.02B,-0.15%,$16.04B,$-0.01B,-0.06%,$-0.01B,$2.54B,-0.40%,$-0.01B,$1.18B,-0.88%,$-0.01B,$6.21B,-0.16%,$0.04B,$3.25B,1.25%,$4413,$3657,$756,$0,$713,$4370,$43,$-13,$30,$1,$29,$29,$29,$67,$43,$78,78,$0.36,$0.36,$1015,$0,$0,$4332,$176,$0,$1358,$348,$1881,$6214,$2603,$716,$359,$1074,$3677,$1,$1110,$107,$2537,$6214,$-9,$97,$87,$184,$664,$0,$0,$-424,$239,$414,$-32,$0,$-22,$0,$13,$13,$0,$-40,$-213,$-15,$-227,$14,$14,$-58,$1,$-271,$141,$18,$-58
36,2009-09-30,48.5,$32.71,1.48,$205.66,0.24,$21.52,2.25,$0.65,74.62,$4.61B,$2.87B,1.61,$0.73B,$2.57B,0.29,$16.20B,$3.00B,18.51%,$16.20B,$0.13B,0.81%,$16.20B,$0.13B,0.81%,$16.20B,$0.23B,1.42%,$16.20B,$0.07B,0.41%,$16.20B,$0.03B,0.17%,$0.03B,$2.57B,1.08%,$0.03B,$1.20B,2.44%,$0.03B,$6.51B,0.43%,$0.13B,$3.30B,3.98%,$4190,$3486,$704,$0,$665,$4211,$-22,$-29,$-51,$2,$-53,$-53,$-53,$4,$-22,$78,78,$-0.67,$-0.67,$1201,$0,$0,$4610,$193,$0,$1363,$344,$1899,$6509,$2870,$732,$341,$1073,$3943,$1,$1144,$113,$2566,$6509,$-38,$73,$93,$165,$655,$0,$0,$-370,$285,$412,$-24,$0,$-21,$0,$13,$13,$0,$-32,$-64,$-25,$-89,$10,$10,$-29,$0,$-108,$327,$13,$-29
37,2009-06-30,36.21,$32.46,1.12,$224.33,0.16,$21.44,1.69,$0.74,48.94,$4.28B,$2.51B,1.71,$0.84B,$2.54B,0.33,$17.68B,$3.32B,18.80%,$17.68B,$0.17B,0.98%,$17.68B,$0.17B,0.98%,$17.68B,$0.28B,1.56%,$17.68B,$0.13B,0.71%,$17.68B,$0.04B,0.21%,$0.04B,$2.54B,1.48%,$0.04B,$1.12B,3.38%,$0.04B,$6.24B,0.57%,$0.17B,$3.39B,5.23%,$3794,$3101,$692,$0,$673,$3775,$19,$-11,$8,$-8,$16,$16,$16,$43,$19,$78,79,$0.21,$0.21,$1107,$0,$0,$4278,$195,$0,$1420,$349,$1964,$6242,$2508,$842,$348,$1190,$3698,$1,$1194,$49,$2544,$6242,$15,$47,$-6,$41,$760,$0,$0,$-435,$324,$379,$-15,$0,$-22,$0,$0,$0,$0,$-37,$0,$-85,$-85,$6,$6,$-29,$0,$-108,$233,$8,$-29
38,2009-03-31,26.75,$30.73,0.87,$249.73,0.11,$19.53,1.37,$1.83,14.62,$4.16B,$2.45B,1.69,$0.80B,$2.41B,0.33,$19.79B,$3.79B,19.13%,$19.79B,$0.36B,1.83%,$19.79B,$0.36B,1.83%,$19.79B,$0.47B,2.37%,$19.79B,$0.31B,1.57%,$19.79B,$0.13B,0.65%,$0.13B,$2.41B,4.95%,$0.13B,$1.03B,11.22%,$0.13B,$6.02B,1.85%,$0.36B,$3.20B,10.52%,$3643,$2977,$666,$0,$664,$3642,$1,$-12,$-11,$-9,$-2,$-2,$-2,$25,$1,$78,78,$-0.02,$-0.02,$1001,$0,$0,$4156,$195,$0,$1377,$294,$1866,$6021,$2453,$795,$367,$1162,$3615,$1,$1204,$-97,$2407,$6021,$-2,$23,$13,$36,$572,$0,$0,$-357,$216,$250,$-8,$0,$-11,$0,$0,$0,$0,$-19,$0,$-56,$-56,$5,$5,$0,$0,$-51,$127,$4,$0
39,2008-12-31,28.84,$31.55,0.91,$270.16,0.11,$17.48,1.65,$2.74,10.52,$4.69B,$2.91B,1.61,$0.84B,$2.46B,0.34,$21.54B,$4.09B,18.98%,$21.54B,$0.49B,2.29%,$21.54B,$0.49B,2.29%,$21.54B,$0.60B,2.79%,$21.54B,$0.44B,2.06%,$21.54B,$0.21B,0.96%,$0.21B,$2.46B,7.66%,$0.21B,$1.07B,16.68%,$0.21B,$6.62B,2.81%,$0.49B,$3.30B,13.76%,$4577,$3639,$938,$0,$805,$4444,$133,$-12,$121,$55,$66,$66,$66,$158,$133,$79,80,$0.85,$0.85,$874,$0,$0,$4690,$213,$0,$1388,$331,$1932,$6622,$2908,$837,$418,$1255,$4163,$1,$1177,$-9,$2459,$6622,$206,$107,$174,$281,$575,$0,$0,$-270,$305,$792,$-87,$0,$-242,$0,$0,$0,$0,$-329,$63,$16,$79,$-113,$-113,$-58,$1,$-92,$337,$21,$-58
40,2008-09-30,36.14,$32.97,1.1,$279.17,0.13,$12.82,2.82,$3.36,10.76,$5.16B,$3.33B,1.55,$0.85B,$2.57B,0.33,$22.58B,$4.19B,18.54%,$22.58B,$0.57B,2.52%,$22.58B,$0.57B,2.52%,$22.58B,$0.68B,3.02%,$22.58B,$0.52B,2.32%,$22.58B,$0.26B,1.16%,$0.26B,$2.57B,9.56%,$0.26B,$1.16B,20.44%,$0.26B,$7.11B,3.51%,$0.57B,$3.42B,15.62%,$5668,$4641,$1028,$0,$844,$5647,$21,$-13,$8,$51,$-43,$-43,$-43,$50,$21,$79,79,$-0.55,$-0.55,$632,$0,$0,$5163,$219,$0,$1411,$321,$1951,$7114,$3333,$845,$366,$1211,$4544,$1,$1151,$136,$2570,$7114,$140,$82,$155,$237,$77,$0,$0,$-5,$72,$449,$-67,$0,$-224,$0,$0,$0,$0,$-291,$87,$0,$87,$-113,$-113,$-29,$1,$-54,$95,$15,$-29
41,2008-06-30,48.77,$36.58,1.33,$270.02,0.18,$10.77,4.53,$5.48,8.9,$5.66B,$3.61B,1.57,$0.95B,$2.90B,0.33,$22.21B,$4.13B,18.61%,$22.21B,$0.77B,3.47%,$22.21B,$0.77B,3.47%,$22.21B,$0.88B,3.96%,$22.21B,$0.73B,3.28%,$22.21B,$0.44B,1.97%,$0.44B,$2.90B,15.88%,$0.44B,$1.30B,33.76%,$0.44B,$7.89B,5.81%,$0.77B,$3.85B,21.06%,$5905,$4751,$1154,$0,$946,$5698,$207,$-14,$193,$86,$107,$107,$107,$236,$207,$79,80,$1.36,$1.34,$561,$0,$0,$5657,$241,$0,$1602,$387,$2230,$7888,$3608,$945,$431,$1376,$4983,$1,$1194,$357,$2904,$7888,$183,$53,$31,$85,$-76,$0,$0,$74,$-2,$266,$-47,$0,$-196,$0,$0,$0,$0,$-243,$0,$26,$26,$-42,$-42,$-29,$0,$-45,$24,$14,$-29
42,2008-03-31,46.84,$35.55,1.32,$254.89,0.18,$9.25,5.06,$6.00,7.81,$5.59B,$3.45B,1.62,$0.95B,$2.82B,0.34,$21.34B,$4.00B,18.76%,$21.34B,$0.84B,3.94%,$21.34B,$0.84B,3.94%,$21.34B,$0.94B,4.42%,$21.34B,$0.80B,3.77%,$21.34B,$0.49B,2.30%,$0.49B,$2.82B,18.20%,$0.49B,$1.41B,37.56%,$0.49B,$7.66B,6.72%,$0.84B,$3.77B,23.57%,$5387,$4419,$968,$0,$836,$5255,$132,$-11,$121,$45,$76,$76,$76,$157,$132,$80,80,$0.95,$0.94,$641,$0,$0,$5591,$231,$0,$1413,$423,$2067,$7658,$3449,$946,$442,$1388,$4837,$1,$1116,$359,$2821,$7658,$76,$25,$14,$39,$29,$0,$0,$-37,$-8,$106,$-22,$0,$-1,$0,$0,$0,$0,$-23,$0,$11,$11,$-44,$-44,$0,$0,$-33,$103,$9,$0
43,2007-12-31,47.37,$33.42,1.42,$240.24,0.2,$9.22,5.14,$5.75,8.24,$5.22B,$3.26B,1.6,$0.88B,$2.67B,0.33,$20.49B,$3.83B,18.72%,$20.49B,$0.81B,3.96%,$20.49B,$0.81B,3.96%,$20.49B,$0.91B,4.45%,$20.49B,$0.78B,3.79%,$20.49B,$0.47B,2.31%,$0.47B,$2.67B,18.15%,$0.47B,$1.26B,37.87%,$0.47B,$7.22B,6.75%,$0.81B,$3.54B,23.52%,$5621,$4585,$1036,$0,$827,$5412,$209,$-8,$201,$79,$122,$122,$122,$240,$209,$83,85,$1.51,$1.48,$538,$0,$0,$5215,$221,$0,$1411,$378,$2010,$7224,$3256,$875,$425,$1300,$4555,$1,$1040,$258,$2669,$7224,$474,$99,$65,$164,$-316,$0,$0,$110,$-206,$432,$-79,$0,$-123,$0,$0,$0,$0,$-202,$-1,$6,$5,$-384,$-384,$-57,$5,$-432,$-150,$26,$-57
44,2007-09-30,53.25,$32.23,1.65,$227.52,0.23,$8.29,6.43,$6.02,8.84,$5.30B,$3.37B,1.57,$0.86B,$2.61B,0.33,$19.58B,$3.66B,18.72%,$19.58B,$0.77B,3.94%,$19.58B,$0.77B,3.94%,$19.58B,$0.86B,4.41%,$19.58B,$0.73B,3.74%,$19.58B,$0.52B,2.64%,$0.52B,$2.61B,20.13%,$0.52B,$1.21B,41.87%,$0.52B,$7.30B,7.54%,$0.77B,$3.47B,22.85%,$5295,$4321,$974,$0,$753,$5074,$222,$-9,$213,$81,$132,$132,$132,$246,$222,$83,84,$1.59,$1.57,$539,$0,$0,$5296,$212,$0,$1402,$385,$2000,$7295,$3372,$855,$456,$1312,$4683,$1,$937,$241,$2612,$7295,$352,$68,$17,$85,$-430,$0,$0,$293,$-138,$299,$-62,$0,$-100,$0,$0,$0,$0,$-162,$16,$0,$16,$-325,$-325,$-27,$6,$-331,$-149,$19,$-27
45,2007-06-30,76.32,$31.46,2.43,$217.49,0.35,$7.57,10.08,$5.61,13.6,$5.14B,$3.08B,1.67,$0.81B,$2.67B,0.31,$18.87B,$3.49B,18.52%,$18.87B,$0.71B,3.78%,$18.87B,$0.71B,3.78%,$18.87B,$0.80B,4.26%,$18.87B,$0.67B,3.56%,$18.87B,$0.49B,2.57%,$0.49B,$2.67B,19.63%,$0.49B,$1.34B,41.45%,$0.49B,$7.00B,7.37%,$0.71B,$3.48B,21.89%,$5034,$4010,$1024,$0,$747,$4757,$277,$-8,$269,$109,$160,$160,$160,$300,$277,$84,86,$1.90,$1.86,$711,$0,$0,$5137,$207,$0,$1323,$330,$1860,$6997,$3080,$812,$439,$1251,$4331,$1,$806,$164,$2666,$6997,$220,$44,$57,$101,$-296,$0,$0,$117,$-180,$141,$-37,$0,$-18,$0,$0,$0,$0,$-55,$-0,$3,$3,$-57,$-57,$-27,$5,$-76,$23,$12,$-27
46,2007-03-31,60.83,$29.54,2.06,$208.52,0.29,$7.53,8.08,$4.66,13.05,$4.69B,$2.84B,1.65,$0.80B,$2.50B,0.32,$18.22B,$3.25B,17.85%,$18.22B,$0.58B,3.16%,$18.22B,$0.58B,3.16%,$18.22B,$0.66B,3.64%,$18.22B,$0.53B,2.90%,$18.22B,$0.41B,2.22%,$0.41B,$2.50B,17.08%,$0.41B,$1.20B,37.46%,$0.41B,$6.56B,6.30%,$0.58B,$3.30B,18.25%,$4536,$3736,$800,$0,$697,$4432,$103,$-10,$94,$34,$60,$60,$60,$125,$103,$85,87,$0.70,$0.69,$727,$0,$0,$4688,$201,$0,$1306,$364,$1872,$6560,$2843,$801,$416,$1217,$4059,$1,$672,$136,$2500,$6560,$60,$22,$24,$46,$88,$0,$0,$-91,$-2,$103,$-15,$0,$-5,$0,$0,$0,$0,$-20,$-0,$4,$4,$-53,$-53,$0,$2,$-47,$39,$6,$0
47,2006-12-31,61.79,$29.08,2.12,$199.80,0.31,$7.21,8.57,$4.56,13.55,$4.68B,$2.88B,1.63,$0.79B,$2.47B,0.32,$17.56B,$3.15B,17.91%,$17.56B,$0.53B,3.03%,$17.56B,$0.53B,3.03%,$17.56B,$0.62B,3.54%,$17.56B,$0.48B,2.74%,$17.56B,$0.40B,2.27%,$0.40B,$2.47B,17.33%,$0.40B,$1.18B,39.12%,$0.40B,$6.51B,6.41%,$0.53B,$3.27B,17.75%,$4711,$3845,$866,$0,$696,$4541,$170,$-14,$156,$56,$100,$100,$164,$193,$170,$86,88,$1.92,$1.88,$688,$0,$0,$4682,$202,$0,$1294,$336,$1832,$6514,$2882,$791,$367,$1158,$4040,$1,$617,$121,$2474,$6514,$398,$89,$-100,$-11,$-381,$0,$0,$353,$-28,$359,$-75,$0,$120,$0,$0,$0,$0,$45,$-8,$10,$2,$-182,$-182,$-51,$8,$-222,$233,$23,$-51
