,Date,Stock Price,Book Value per Share,Price to Book Ratio,TTM Sales per Share,Price to Sales Ratio,TTM FCF per Share,Price to FCF Ratio,TTM Net EPS,PE Ratio,Current Assets,Current Liabilities,Current Ratio,Long Term Debt,Shareholder's Equity_x,Debt to Equity Ratio,TTM Revenue_x,TTM Gross Profit,Gross Margin,TTM Revenue_y,TTM Operating Income,Operating Margin,TTM Revenue_x,TTM EBIT,EBIT Margin,TTM Revenue_y,TTM EBITDA,EBITDA Margin,TTM Revenue_x,TTM Pre-Tax Income,Pre-Tax Margin,TTM Revenue_y,TTM Net Income_x,Net Margin,TTM Net Income_y,Shareholder's Equity_y,Return on Equity,TTM Net Income_x,Tangible Equity,Return on Tangible Equity,TTM Net Income_y,Total Assets,Return on Assets,TTM Net Income,LT Investments & Debt,Return on Investment,revenue,cost-goods-sold,gross-profit,research-development-expenses,selling-general-administrative-expenses,operating-expenses,operating-income,total-non-operating-income-expense,pre-tax-income,total-provision-income-taxes,income-after-taxes,income-from-continuous-operations,net-income,ebitda,ebit,basic-shares-outstanding,shares-outstanding,eps-basic-net-earnings-per-share,eps-earnings-per-share-diluted,cash-on-hand,inventory,other-current-assets,total-current-assets,net-property-plant-equipment,long-term-investments,goodwill-intangible-assets-total,other-long-term-assets,total-long-term-assets,total-assets,total-current-liabilities,long-term-debt,other-non-current-liabilities,total-long-term-liabilities,total-liabilities,common-stock-net,retained-earnings-accumulated-deficit,comprehensive-income,total-share-holder-equity,total-liabilities-share-holders-equity,net-income-loss,total-depreciation-amortization-cash-flow,other-non-cash-items,total-non-cash-items,change-in-accounts-receivable,change-in-inventories,change-in-accounts-payable,change-in-assets-liabilities,total-change-in-assets-liabilities,cash-flow-from-operating-activities,net-change-in-property-plant-equipment,net-change-in-intangible-assets,net-acquisitions-divestitures,net-change-in-short-term-investments,net-change-in-long-term-investments,net-change-in-investments-total,investing-activities-other,cash-flow-from-investing-activities,net-long-term-debt,net-current-debt,debt-issuance-retirement-net-total,net-common-equity-issued-repurchased,net-total-equity-issued-repurchased,total-common-preferred-stock-dividends-paid,financial-activities-other,cash-flow-from-financial-activities,net-cash-flow,stock-based-compensation,common-stock-dividends-paid
0,2018-09-30,22.5,$3.42,6.57,$4.78,4.71,$1.43,15.72,$-0.31,0.0,$0.45B,$0.54B,0.83,$0.64B,$0.56B,1.14,$0.79B,$0.79B,100.00%,$0.79B,$0.06B,7.38%,$0.79B,$0.06B,7.38%,$0.79B,$0.23B,29.77%,$0.79B,$0.03B,3.44%,$0.79B,$-0.05B,-6.62%,$-0.05B,$0.56B,-8.66%,$-0.05B,$-0.44B,11.94%,$-0.05B,$1.89B,-2.70%,$0.06B,$1.21B,4.67%,$176,$0,$176,$0,$0,$158,$18,$-7,$11,$3,$9,$9,$9,$68,$18,$165,165,$0.05,$0.05,$323,$3,$0,$447,$323,$25,$1000,$0,$1442,$1889,$540,$642,$59,$785,$1326,$0,$187,$0,$563,$1889,$11,$49,$-31,$18,$91,$-2,$31,$0,$120,$150,$-6,$-135,$0,$0,$0,$0,$0,$-142,$-5,$0,$-5,$0,$0,$0,$0,$-5,$7,$0,$0
1,2018-06-30,20.6,$3.48,5.92,$4.83,4.26,$0.67,30.77,$-0.30,0.0,$0.56B,$0.63B,0.89,$0.66B,$0.57B,1.14,$0.80B,$0.80B,100.00%,$0.80B,$0.06B,7.55%,$0.80B,$0.06B,7.55%,$0.80B,$0.24B,29.81%,$0.80B,$0.04B,4.40%,$0.80B,$-0.05B,-6.42%,$-0.05B,$0.57B,-8.21%,$-0.05B,$-0.50B,11.90%,$-0.05B,$2.08B,-2.62%,$0.06B,$1.23B,4.77%,$201,$0,$201,$0,$0,$197,$5,$-19,$-14,$8,$-22,$-22,$-22,$128,$5,$164,164,$-0.14,$-0.14,$326,$2,$2,$557,$331,$19,$1077,$6,$1526,$2083,$626,$656,$140,$884,$1510,$0,$182,$0,$573,$2083,$35,$176,$16,$193,$-97,$0,$-3,$0,$-99,$128,$-18,$-146,$0,$0,$0,$0,$0,$-163,$-1,$0,$-1,$0,$0,$-30,$0,$-30,$-65,$0,$-30
2,2018-03-31,19.11,$0.00,0.0,$4.98,3.84,$1.69,11.33,$0.02,955.46,$0.36B,$0.41B,0.87,$0.64B,$0.65B,0.98,$0.82B,$0.82B,100.00%,$0.82B,$0.11B,13.19%,$0.82B,$0.11B,13.19%,$0.82B,$0.20B,24.54%,$0.82B,$0.10B,11.97%,$0.82B,$0.00B,0.24%,$0.00B,$0.65B,0.32%,$0.00B,$-0.40B,-0.53%,$0.00B,$1.89B,0.10%,$0.11B,$1.29B,8.57%,$191,$0,$191,$0,$0,$195,$-3,$2,$-2,$-2,$0,$0,$0,$-30,$-3,$164,165,$0.00,$0.00,$225,$2,$4,$357,$341,$19,$1047,$5,$1533,$1890,$409,$636,$104,$832,$1241,$0,$224,$0,$649,$1890,$-2,$54,$-6,$48,$21,$1,$-39,$0,$-17,$29,$-1,$2,$0,$0,$0,$0,$0,$1,$-0,$0,$-0,$0,$0,$-15,$0,$-15,$9,$0,$-15
3,2017-12-31,19.71,$0.00,0.0,$4.77,4.13,$1.85,10.68,$-0.01,0.0,$0.35B,$0.42B,0.84,$0.63B,$0.62B,1.02,$0.79B,$0.79B,100.00%,$0.79B,$0.11B,13.49%,$0.79B,$0.11B,13.49%,$0.79B,$0.27B,34.10%,$0.79B,$0.09B,11.58%,$0.79B,$-0.00B,-0.38%,$-0.00B,$0.62B,-0.49%,$-0.00B,$-0.41B,0.84%,$-0.00B,$1.85B,-0.16%,$0.11B,$1.25B,8.54%,$218,$0,$218,$0,$0,$179,$38,$-6,$32,$71,$-39,$-39,$-39,$68,$38,$164,165,$-0.24,$-0.24,$206,$3,$4,$353,$327,$18,$1022,$2,$1492,$1845,$419,$630,$93,$809,$1228,$0,$228,$0,$617,$1845,$51,$80,$-0,$80,$-11,$-0,$-156,$0,$-167,$-35,$-11,$-128,$0,$0,$0,$0,$0,$-140,$-0,$0,$-0,$0,$0,$0,$0,$-0,$-179,$0,$0
4,2017-09-30,17.84,$0.00,0.0,$4.65,3.84,$2.18,8.2,$0.35,50.96,$0.39B,$0.54B,0.73,$0.63B,$0.65B,0.97,$0.76B,$0.76B,100.00%,$0.76B,$0.12B,15.05%,$0.76B,$0.12B,15.05%,$0.76B,$0.29B,37.96%,$0.76B,$0.09B,11.91%,$0.76B,$0.06B,7.59%,$0.06B,$0.65B,9.67%,$0.06B,$-0.41B,-16.55%,$0.06B,$1.98B,3.13%,$0.12B,$1.27B,9.29%,$185,$0,$185,$0,$0,$165,$20,$-1,$19,$9,$10,$10,$10,$71,$20,$164,165,$0.06,$0.06,$283,$3,$3,$394,$323,$18,$1055,$1,$1589,$1983,$539,$626,$92,$798,$1337,$0,$262,$0,$646,$1983,$19,$51,$-26,$24,$22,$-1,$-41,$0,$-20,$23,$-6,$-111,$0,$0,$0,$0,$0,$-117,$-0,$0,$-0,$0,$0,$0,$0,$-0,$-97,$0,$0
5,2017-06-30,16.1,$3.69,4.36,$4.49,3.59,$2.48,6.5,$0.30,53.67,$0.51B,$0.53B,0.96,$0.63B,$0.61B,1.04,$0.74B,$0.74B,100.00%,$0.74B,$0.10B,13.98%,$0.74B,$0.10B,13.98%,$0.74B,$0.26B,35.28%,$0.74B,$0.07B,9.77%,$0.74B,$0.05B,6.78%,$0.05B,$0.61B,8.50%,$0.05B,$-0.30B,-13.83%,$0.05B,$1.95B,2.72%,$0.10B,$1.24B,8.35%,$225,$0,$225,$0,$0,$173,$53,$-4,$49,$18,$31,$31,$31,$92,$53,$164,164,$0.19,$0.19,$368,$2,$4,$506,$310,$18,$910,$2,$1440,$1946,$525,$631,$107,$815,$1340,$0,$243,$0,$606,$1946,$72,$157,$6,$163,$22,$-1,$32,$0,$54,$289,$-11,$-180,$0,$0,$-1,$-1,$0,$-191,$-1,$0,$-1,$0,$0,$-30,$0,$-30,$77,$0,$-30
6,2017-03-31,16.65,$0.00,0.0,$4.31,3.86,$2.43,6.86,$0.10,166.55,$0.30B,$0.36B,0.85,$0.64B,$0.57B,1.13,$0.71B,$0.71B,100.00%,$0.71B,$0.04B,6.21%,$0.71B,$0.04B,6.21%,$0.71B,$0.21B,29.94%,$0.71B,$0.02B,2.40%,$0.71B,$0.02B,2.54%,$0.02B,$0.57B,2.96%,$0.02B,$-0.31B,-4.96%,$0.02B,$1.70B,0.95%,$0.04B,$1.21B,3.45%,$158,$0,$158,$0,$0,$163,$-5,$-4,$-9,$-4,$-5,$-5,$-5,$37,$-5,$164,164,$-0.03,$-0.03,$189,$2,$5,$303,$302,$17,$876,$3,$1396,$1699,$355,$640,$81,$777,$1132,$0,$220,$0,$567,$1699,$23,$118,$2,$120,$41,$-1,$-121,$0,$-81,$62,$-8,$-148,$0,$0,$-1,$-1,$0,$-157,$-0,$0,$-0,$0,$0,$-15,$0,$-15,$-95,$0,$-15
7,2016-12-31,14.04,$3.55,3.96,$4.43,3.17,$2.38,5.91,$0.25,56.17,$0.31B,$0.41B,0.77,$0.65B,$0.58B,1.12,$0.73B,$0.73B,100.00%,$0.73B,$0.08B,11.28%,$0.73B,$0.08B,11.28%,$0.73B,$0.24B,32.32%,$0.73B,$0.05B,7.43%,$0.73B,$0.04B,5.91%,$0.04B,$0.58B,6.75%,$0.04B,$-0.38B,-12.37%,$0.04B,$1.79B,2.24%,$0.08B,$1.24B,6.28%,$196,$0,$196,$0,$0,$150,$47,$-15,$32,$10,$22,$22,$22,$90,$47,$164,164,$0.13,$0.13,$153,$1,$6,$314,$303,$17,$961,$3,$1471,$1785,$408,$654,$84,$795,$1204,$0,$240,$0,$581,$1785,$32,$76,$4,$80,$-23,$-0,$-76,$0,$-100,$13,$-5,$-157,$0,$0,$-1,$-1,$0,$-163,$-0,$0,$-0,$0,$0,$0,$0,$-0,$-132,$0,$0
8,2016-09-30,16.54,$3.65,4.54,$4.47,3.7,$2.57,6.44,$0.29,57.02,$0.32B,$0.49B,0.64,$0.66B,$0.60B,1.1,$0.73B,$0.73B,100.00%,$0.73B,$0.08B,11.44%,$0.73B,$0.08B,11.44%,$0.73B,$0.24B,32.83%,$0.73B,$0.06B,8.72%,$0.73B,$0.05B,6.68%,$0.05B,$0.60B,7.26%,$0.05B,$-0.45B,-15.28%,$0.05B,$1.91B,2.51%,$0.08B,$1.25B,6.24%,$158,$0,$158,$0,$0,$150,$8,$-8,$0,$-1,$2,$2,$2,$41,$8,$164,164,$0.01,$0.01,$216,$2,$7,$315,$322,$18,$1051,$4,$1595,$1910,$493,$656,$100,$819,$1312,$0,$230,$0,$598,$1910,$0,$33,$-8,$25,$52,$-1,$-7,$0,$44,$69,$-2,$-161,$0,$0,$-1,$-1,$0,$-164,$-0,$0,$-0,$0,$0,$0,$0,$-0,$-85,$0,$0
9,2016-06-30,15.61,$4.16,3.75,$4.68,3.34,$2.49,6.26,$0.33,47.29,$0.55B,$0.60B,0.91,$0.72B,$0.68B,1.06,$0.77B,$0.77B,100.00%,$0.77B,$0.10B,13.28%,$0.77B,$0.10B,13.28%,$0.77B,$0.26B,34.38%,$0.77B,$0.07B,9.38%,$0.77B,$0.06B,7.16%,$0.06B,$0.68B,7.76%,$0.06B,$-0.31B,-29.37%,$0.06B,$2.16B,2.75%,$0.10B,$1.41B,7.38%,$196,$0,$196,$0,$0,$203,$-6,$1,$-6,$-4,$-1,$-1,$-1,$44,$-6,$164,164,$-0.01,$-0.01,$341,$1,$12,$546,$366,$20,$992,$6,$1617,$2163,$601,$722,$78,$879,$1480,$0,$258,$0,$683,$2163,$73,$161,$11,$172,$-47,$-1,$81,$0,$32,$277,$-8,$-149,$0,$0,$0,$0,$0,$-156,$-1,$0,$-1,$0,$0,$-30,$0,$-30,$109,$0,$-30
10,2016-03-31,14.11,$4.18,3.37,$4.47,3.16,$2.18,6.47,$0.27,52.25,$0.29B,$0.40B,0.73,$0.65B,$0.69B,0.94,$0.73B,$0.73B,100.00%,$0.73B,$0.11B,15.12%,$0.73B,$0.11B,15.12%,$0.73B,$0.36B,48.91%,$0.73B,$0.06B,8.04%,$0.73B,$0.05B,6.13%,$0.05B,$0.69B,6.19%,$0.05B,$-0.25B,-24.73%,$0.05B,$1.81B,2.28%,$0.11B,$1.33B,8.04%,$177,$0,$177,$0,$0,$144,$33,$-5,$28,$8,$20,$20,$20,$60,$33,$164,164,$0.12,$0.12,$149,$2,$7,$294,$354,$19,$934,$4,$1518,$1812,$401,$646,$39,$725,$1126,$0,$256,$0,$685,$1812,$76,$111,$-3,$108,$3,$-2,$-138,$0,$-137,$46,$-1,$-109,$0,$0,$0,$0,$0,$-110,$-0,$0,$-0,$0,$0,$-21,$0,$-22,$-74,$0,$-21
11,2015-12-31,17.35,$4.48,3.87,$4.30,4.03,$1.34,12.97,$0.12,144.57,$0.31B,$0.46B,0.68,$0.66B,$0.73B,0.91,$0.71B,$0.71B,100.00%,$0.71B,$0.12B,16.29%,$0.71B,$0.12B,16.29%,$0.71B,$0.34B,47.59%,$0.71B,$0.02B,2.55%,$0.71B,$0.02B,2.83%,$0.02B,$0.73B,2.90%,$0.02B,$-0.27B,-18.96%,$0.02B,$1.94B,1.08%,$0.12B,$1.40B,8.90%,$203,$0,$203,$0,$0,$154,$49,$-7,$42,$14,$28,$28,$28,$96,$49,$164,164,$0.17,$0.17,$185,$2,$3,$314,$377,$20,$1007,$3,$1624,$1938,$460,$664,$33,$745,$1204,$0,$265,$0,$734,$1938,$50,$84,$6,$90,$22,$-2,$-120,$0,$-100,$40,$-1,$-91,$0,$0,$0,$0,$0,$-92,$-0,$0,$-0,$0,$0,$-7,$0,$-8,$-52,$0,$-7
12,2015-09-30,16.68,$0.00,0.0,$4.04,4.13,$1.39,12.02,$-0.05,0.0,$0.39B,$0.60B,0.65,$0.66B,$0.73B,0.9,$0.66B,$0.66B,100.00%,$0.66B,$0.08B,12.05%,$0.66B,$0.08B,12.05%,$0.66B,$0.25B,38.25%,$0.66B,$-0.01B,-1.81%,$0.66B,$-0.01B,-1.20%,$-0.01B,$0.73B,-1.14%,$-0.01B,$0.08B,6.81%,$-0.01B,$2.09B,-0.43%,$0.08B,$1.40B,6.23%,$192,$0,$192,$0,$165,$165,$26,$-18,$8,$0,$8,$8,$8,$64,$26,$164,164,$0.05,$0.05,$224,$2,$0,$389,$0,$22,$653,$421,$1310,$2085,$599,$661,$37,$752,$1351,$0,$249,$0,$734,$2085,$8,$38,$0,$38,$0,$0,$0,$0,$-3,$55,$-1,$0,$0,$0,$0,$0,$-77,$-78,$0,$-0,$0,$0,$0,$0,$0,$-0,$-19,$0,$0
13,2015-06-30,17.31,$0.00,0.0,$3.73,4.63,$1.78,9.74,$-0.01,0.0,$0.38B,$0.51B,0.74,$0.65B,$0.75B,0.86,$0.61B,$0.61B,100.00%,$0.61B,$0.04B,6.53%,$0.61B,$0.04B,6.53%,$0.61B,$0.18B,28.71%,$0.61B,$-0.01B,-0.98%,$0.61B,$-0.00B,-0.33%,$-0.00B,$0.75B,-0.28%,$-0.00B,$-0.29B,1.89%,$-0.00B,$2.05B,-0.11%,$0.04B,$1.40B,3.09%,$162,$0,$162,$0,$159,$159,$3,$-60,$-19,$-6,$-13,$-11,$-11,$139,$3,$164,164,$-0.07,$-0.07,$245,$0,$0,$377,$552,$21,$1041,$6,$1830,$2051,$510,$647,$80,$788,$1298,$0,$245,$0,$753,$2051,$-6,$136,$0,$136,$0,$0,$0,$0,$119,$227,$-9,$0,$0,$0,$0,$0,$-153,$-161,$0,$0,$70,$0,$0,$0,$0,$70,$141,$0,$0
14,2015-03-31,15.42,$0.00,0.0,$3.69,4.18,$1.06,14.51,0,0.0,$0.14B,$0.27B,0.51,$0.44B,$0.53B,0.83,$0.61B,$0.61B,100.00%,$0.61B,$0.02B,3.30%,$0.61B,$0.02B,3.30%,$0.61B,$0.02B,3.80%,$0.61B,$-0.00B,-0.50%,$0.61B,$0.00B,0.00%,$0.00B,$0.53B,0.00%,$0.00B,$0.06B,0.00%,$0.00B,$1.35B,0.00%,$0.02B,$0.98B,1.56%,$149,$0,$149,$0,$112,$112,$37,$-8,$-13,$-10,$-3,$-5,$-5,$37,$37,$164,164,$-0.03,$-0.03,$14,$0,$0,$136,$0,$17,$476,$269,$928,$1349,$265,$443,$50,$550,$815,$0,$281,$0,$534,$1349,$52,$0,$0,$0,$0,$0,$0,$0,$0,$21,$-114,$0,$0,$0,$0,$0,$18,$-96,$0,$-0,$5,$0,$0,$0,$0,$5,$-62,$0,$0
15,2014-12-31,15.41,$0.00,0.0,$3.97,3.88,$1.61,9.56,$0.14,110.07,$0.19B,$0.41B,0.47,$0.59B,$0.77B,0.77,$0.65B,$0.65B,100.00%,$0.65B,$0.03B,3.99%,$0.65B,$0.03B,3.99%,$0.65B,$0.04B,5.99%,$0.65B,$0.04B,6.76%,$0.65B,$0.02B,3.53%,$0.02B,$0.77B,2.84%,$0.02B,$-0.32B,-44.44%,$0.02B,$1.92B,1.17%,$0.03B,$1.37B,1.88%,$161,$0,$161,$0,$147,$147,$14,$-8,$12,$12,$-0,$-0,$-0,$14,$14,$164,164,$0.00,$0.00,$60,$0,$0,$192,$0,$23,$1095,$0,$1322,$1917,$413,$592,$77,$730,$1144,$0,$260,$0,$774,$1917,$77,$0,$0,$0,$0,$0,$0,$0,$0,$54,$-6,$0,$0,$0,$0,$0,$-111,$-117,$0,$7,$0,$0,$0,$0,$0,$7,$-46,$0,$0
16,2014-09-30,15.97,$0.00,0.0,$4.22,3.79,$1.45,11.05,$0.33,48.4,$0.27B,$0.55B,0.49,$0.60B,$0.83B,0.72,$0.69B,$0.69B,100.00%,$0.69B,$0.07B,10.40%,$0.69B,$0.07B,10.40%,$0.69B,$0.06B,9.10%,$0.69B,$0.08B,11.71%,$0.69B,$0.05B,7.80%,$0.05B,$0.83B,6.63%,$0.05B,$0.13B,3085.71%,$0.05B,$2.14B,2.80%,$0.07B,$1.43B,5.23%,$141,$0,$141,$0,$155,$155,$-14,$20,$14,$-1,$15,$14,$14,$-14,$-14,$164,164,$0.09,$0.09,$151,$0,$0,$271,$0,$25,$704,$489,$1440,$2136,$553,$601,$81,$751,$1304,$0,$274,$0,$831,$2136,$139,$0,$0,$0,$0,$0,$0,$0,$0,$122,$-3,$0,$0,$0,$0,$0,$-93,$-97,$0,$8,$0,$0,$0,$0,$-0,$8,$40,$0,$0
17,2014-06-30,16.91,$0.00,0.0,$4.32,3.91,$0.90,18.72,$0.24,70.47,$0.31B,$0.49B,0.64,$0.53B,$0.81B,0.66,$0.71B,$0.71B,100.00%,$0.71B,$0.10B,14.55%,$0.71B,$0.10B,14.55%,$0.71B,$0.12B,16.38%,$0.71B,$0.07B,9.32%,$0.71B,$0.04B,5.65%,$0.04B,$0.81B,5.08%,$0.04B,$0.13B,-57.55%,$0.04B,$1.98B,2.19%,$0.10B,$1.34B,7.72%,$155,$0,$155,$0,$172,$172,$-17,$-6,$-16,$-7,$-10,$-9,$-9,$-14,$-17,$164,164,$-0.06,$-0.06,$108,$0,$0,$311,$0,$22,$685,$333,$1251,$1977,$490,$532,$73,$676,$1166,$0,$252,$0,$811,$1977,$66,$14,$0,$14,$0,$0,$0,$0,$57,$118,$-18,$0,$0,$0,$0,$0,$-128,$-146,$0,$0,$-8,$0,$0,$0,$0,$-8,$-46,$0,$0
18,2014-03-31,16.71,$0.00,0.0,$4.21,3.97,$0.72,23.31,$1.34,12.47,$0.19B,$0.30B,0.62,$0.56B,$0.83B,0.68,$0.69B,$0.69B,100.00%,$0.69B,$0.13B,18.58%,$0.69B,$0.13B,18.58%,$0.69B,$0.20B,28.45%,$0.69B,$0.04B,5.37%,$0.69B,$0.22B,31.64%,$0.22B,$0.83B,28.69%,$0.22B,$-0.14B,-158.26%,$0.22B,$1.81B,12.30%,$0.13B,$1.39B,9.67%,$194,$0,$194,$0,$151,$151,$43,$-6,$34,$16,$18,$18,$18,$53,$43,$164,164,$0.11,$0.11,$57,$0,$0,$185,$0,$24,$965,$0,$1202,$1810,$299,$562,$49,$684,$983,$0,$266,$0,$827,$1810,$83,$10,$0,$10,$0,$0,$0,$0,$-118,$11,$-14,$0,$0,$0,$0,$0,$-89,$-103,$0,$0,$-0,$0,$0,$0,$0,$-0,$-99,$0,$0
19,2013-12-31,15.05,$0.00,0.0,$3.89,3.87,$0.50,30.27,$1.26,11.95,$0.23B,$0.36B,0.64,$0.55B,$0.79B,0.7,$0.64B,$0.64B,100.00%,$0.64B,$0.11B,16.46%,$0.64B,$0.11B,16.46%,$0.64B,$0.18B,27.59%,$0.64B,$-0.00B,-0.31%,$0.64B,$0.21B,32.29%,$0.21B,$0.79B,30.04%,$0.21B,$-0.11B,-112.57%,$0.21B,$1.78B,12.20%,$0.11B,$1.34B,8.41%,$202,$0,$202,$0,$142,$142,$60,$-8,$49,$18,$31,$31,$31,$38,$60,$164,164,$0.19,$0.19,$117,$0,$0,$228,$0,$24,$896,$0,$1138,$1781,$356,$552,$27,$636,$992,$0,$241,$0,$789,$1781,$56,$0,$0,$0,$0,$0,$0,$0,$0,$31,$-11,$0,$0,$0,$0,$0,$-49,$-60,$0,$0,$-0,$0,$0,$0,$0,$-0,$-36,$0,$0
20,2013-09-30,16.83,$0.00,0.0,$3.70,4.55,$0.62,27.1,$1.22,13.8,$0.23B,$0.39B,0.59,$0.55B,$0.72B,0.76,$0.61B,$0.61B,100.00%,$0.61B,$0.10B,16.14%,$0.61B,$0.10B,16.14%,$0.61B,$0.19B,31.96%,$0.61B,$-0.00B,-0.82%,$0.61B,$0.20B,32.95%,$0.20B,$0.72B,31.99%,$0.20B,$-0.16B,-105.96%,$0.20B,$1.74B,12.27%,$0.10B,$1.27B,8.23%,$157,$0,$157,$0,$140,$140,$17,$-14,$-1,$-0,$-0,$-0,$-0,$39,$17,$164,164,$0.00,$0.00,$131,$0,$0,$231,$0,$22,$878,$0,$1116,$1744,$393,$548,$32,$631,$1024,$0,$201,$0,$720,$1744,$-0,$22,$0,$22,$0,$0,$0,$0,$16,$36,$-6,$0,$0,$0,$0,$0,$-42,$-48,$0,$0,$-0,$0,$0,$0,$0,$-0,$-17,$0,$0
21,2013-06-30,15.43,$0.00,0.0,$3.51,4.39,$0.50,30.88,$1.43,10.79,$0.26B,$0.37B,0.69,$0.59B,$0.70B,0.84,$0.57B,$0.57B,100.00%,$0.57B,$0.08B,14.71%,$0.57B,$0.08B,14.71%,$0.57B,$0.16B,28.20%,$0.57B,$-0.01B,-2.45%,$0.57B,$0.23B,40.63%,$0.23B,$0.70B,40.45%,$0.23B,$-0.15B,-123.73%,$0.23B,$1.76B,14.70%,$0.08B,$1.30B,7.36%,$136,$0,$136,$0,$128,$128,$8,$-47,$-45,$-211,$166,$169,$169,$66,$8,$164,164,$1.04,$1.04,$149,$0,$0,$256,$0,$22,$850,$2,$1102,$1755,$373,$592,$33,$679,$1052,$0,$204,$0,$703,$1755,$230,$78,$0,$78,$0,$0,$0,$0,$42,$90,$-20,$0,$0,$0,$0,$-0,$-57,$-77,$0,$-79,$0,$0,$110,$0,$-6,$25,$37,$0,$0
