,Date,Stock Price,Book Value per Share,Price to Book Ratio,TTM Sales per Share,Price to Sales Ratio,TTM FCF per Share,Price to FCF Ratio,TTM Net EPS,PE Ratio,Current Assets,Current Liabilities,Current Ratio,Long Term Debt,Shareholder's Equity_x,Debt to Equity Ratio,TTM Revenue_x,TTM Gross Profit,Gross Margin,TTM Revenue_y,TTM Operating Income,Operating Margin,TTM Revenue_x,TTM EBIT,EBIT Margin,TTM Revenue_y,TTM EBITDA,EBITDA Margin,TTM Revenue_x,TTM Pre-Tax Income,Pre-Tax Margin,TTM Revenue_y,TTM Net Income_x,Net Margin,TTM Net Income_y,Shareholder's Equity_y,Return on Equity,TTM Net Income_x,Tangible Equity,Return on Tangible Equity,TTM Net Income_y,Total Assets,Return on Assets,TTM Net Income,LT Investments & Debt,Return on Investment,revenue,cost-goods-sold,gross-profit,research-development-expenses,selling-general-administrative-expenses,operating-expenses,operating-income,total-non-operating-income-expense,pre-tax-income,total-provision-income-taxes,income-after-taxes,income-from-continuous-operations,net-income,ebitda,ebit,basic-shares-outstanding,shares-outstanding,eps-basic-net-earnings-per-share,eps-earnings-per-share-diluted,cash-on-hand,inventory,other-current-assets,total-current-assets,net-property-plant-equipment,long-term-investments,goodwill-intangible-assets-total,other-long-term-assets,total-long-term-assets,total-assets,total-current-liabilities,long-term-debt,other-non-current-liabilities,total-long-term-liabilities,total-liabilities,common-stock-net,retained-earnings-accumulated-deficit,comprehensive-income,total-share-holder-equity,total-liabilities-share-holders-equity,net-income-loss,total-depreciation-amortization-cash-flow,other-non-cash-items,total-non-cash-items,change-in-accounts-receivable,change-in-inventories,change-in-accounts-payable,change-in-assets-liabilities,total-change-in-assets-liabilities,cash-flow-from-operating-activities,net-change-in-property-plant-equipment,net-change-in-intangible-assets,net-acquisitions-divestitures,net-change-in-short-term-investments,net-change-in-long-term-investments,net-change-in-investments-total,investing-activities-other,cash-flow-from-investing-activities,net-long-term-debt,net-current-debt,debt-issuance-retirement-net-total,net-common-equity-issued-repurchased,net-total-equity-issued-repurchased,total-common-preferred-stock-dividends-paid,financial-activities-other,cash-flow-from-financial-activities,net-cash-flow,stock-based-compensation,common-stock-dividends-paid
0,2018-09-30,3.19,$-0.27,-11.63,$2.47,1.29,$-1.61,0.0,$-3.80,0.0,$0.04B,$0.09B,0.39,$0.00B,$-0.01B,0.0,$0.08B,$0.06B,75.00%,$0.08B,$-0.06B,-72.37%,$0.08B,$-0.06B,-72.37%,$0.08B,$-0.06B,-72.37%,$0.08B,$-0.11B,-138.16%,$0.08B,$-0.10B,-136.84%,$-0.10B,$-0.01B,325.00%,$-0.10B,$-0.05B,140.54%,$-0.10B,$0.09B,-107.49%,$-0.06B,$-0.01B,297.30%,$19,$4,$15,$1,$18,$26,$-6,$2,$-4,$-0,$-4,$-4,$-4,$-6,$-6,$35,35,$-0.11,$-0.11,$22,$0,$0,$35,$12,$2,$40,$2,$55,$90,$90,$0,$10,$10,$100,$0,$-314,$0,$-10,$90,$0,$0,$0,$0,$0,$0,$0,$0,$0,$-19,$-2,$0,$0,$0,$-0,$-0,$0,$-3,$0,$0,$0,$11,$11,$0,$-2,$9,$-13,$0,$0
1,2018-06-30,3.91,$-0.51,-7.62,$2.78,1.41,$-1.11,0.0,$-4.38,0.0,$0.03B,$0.07B,0.46,$0.03B,$-0.02B,-1.56,$0.08B,$0.06B,73.68%,$0.08B,$-0.06B,-72.37%,$0.08B,$-0.06B,-72.37%,$0.08B,$-0.06B,-72.37%,$0.08B,$-0.11B,-150.00%,$0.08B,$-0.11B,-148.68%,$-0.11B,$-0.02B,355.91%,$-0.11B,$-0.06B,143.49%,$-0.11B,$0.09B,-111.06%,$-0.06B,$0.01B,301.37%,$21,$6,$15,$1,$18,$28,$-7,$9,$2,$-1,$3,$3,$3,$-7,$-7,$33,33,$0.10,$0.10,$16,$0,$0,$30,$13,$2,$41,$3,$60,$90,$66,$27,$14,$41,$107,$0,$-310,$0,$-17,$90,$0,$0,$0,$0,$0,$0,$0,$0,$0,$-14,$-2,$0,$-0,$0,$0,$0,$0,$-2,$0,$0,$0,$1,$1,$0,$-1,$0,$-16,$0,$0
2,2018-03-31,5.68,$-0.65,-8.8,$2.91,1.95,$-0.80,0.0,$-4.67,0.0,$0.04B,$0.07B,0.59,$0.03B,$-0.02B,-1.27,$0.07B,$0.05B,75.00%,$0.07B,$-0.05B,-73.61%,$0.07B,$-0.05B,-73.61%,$0.07B,$-0.05B,-73.61%,$0.07B,$-0.12B,-166.67%,$0.07B,$-0.12B,-166.67%,$-0.12B,$-0.02B,417.39%,$-0.12B,$-0.06B,148.61%,$-0.12B,$0.10B,-114.83%,$-0.05B,$0.01B,240.91%,$17,$4,$13,$1,$30,$38,$-21,$7,$-14,$0,$-14,$-14,$-14,$-21,$-21,$32,32,$-0.43,$-0.43,$31,$0,$0,$42,$13,$1,$43,$3,$61,$103,$71,$27,$26,$53,$124,$0,$-314,$0,$-21,$103,$0,$0,$0,$0,$0,$0,$0,$0,$0,$0,$-1,$0,$0,$0,$0,$0,$0,$-1,$0,$0,$0,$0,$0,$0,$0,$0,$-1,$0,$0
3,2017-12-31,9.73,$-2.80,-3.47,$3.08,3.16,$-0.75,0.0,$-4.24,0.0,$0.04B,$0.09B,0.48,$0.00B,$-0.08B,0.0,$0.07B,$0.05B,77.14%,$0.07B,$-0.04B,-52.86%,$0.07B,$-0.04B,-52.86%,$0.07B,$-0.04B,-52.86%,$0.07B,$-0.11B,-151.43%,$0.07B,$-0.11B,-151.43%,$-0.11B,$-0.08B,446.32%,$-0.11B,$-0.12B,131.27%,$-0.11B,$0.10B,-100.95%,$-0.04B,$-0.08B,259.65%,$19,$5,$14,$1,$17,$40,$-21,$-68,$-89,$-0,$-89,$-89,$-89,$-21,$-21,$24,24,$-3.72,$-3.72,$34,$0,$0,$44,$13,$1,$44,$1,$60,$104,$90,$0,$93,$93,$183,$0,$-300,$0,$-80,$104,$-107,$11,$83,$95,$-2,$0,$0,$2,$4,$-9,$-4,$0,$0,$0,$0,$0,$0,$-4,$3,$0,$3,$26,$26,$0,$-1,$28,$16,$4,$0
4,2017-09-30,3.77,$-0.37,-10.12,$3.02,1.25,$-0.64,0.0,$-1.17,0.0,$0.03B,$0.09B,0.37,$0.00B,$-0.01B,0.0,$0.07B,$0.05B,78.79%,$0.07B,$-0.03B,-39.39%,$0.07B,$-0.03B,-39.39%,$0.07B,$-0.03B,-39.39%,$0.07B,$-0.03B,-37.88%,$0.07B,$-0.03B,-39.39%,$-0.03B,$-0.01B,577.78%,$-0.03B,$-0.07B,39.10%,$-0.03B,$0.11B,-24.64%,$-0.03B,$-0.01B,-179.31%,$19,$6,$14,$1,$16,$25,$-6,$-7,$-13,$0,$-13,$-13,$-13,$-6,$-6,$23,23,$-0.58,$-0.58,$28,$0,$0,$34,$14,$1,$60,$1,$76,$110,$92,$0,$27,$27,$119,$0,$-211,$0,$-9,$110,$0,$0,$0,$0,$0,$0,$0,$0,$0,$1,$-3,$0,$0,$0,$-0,$-0,$0,$-3,$3,$0,$3,$8,$8,$0,$0,$11,$9,$0,$0
5,2017-06-30,2.77,$-0.22,-12.87,$2.92,0.95,$-0.77,0.0,$-1.34,0.0,$0.02B,$0.09B,0.25,$0.00B,$-0.01B,0.0,$0.06B,$0.05B,80.65%,$0.06B,$-0.02B,-38.71%,$0.06B,$-0.02B,-38.71%,$0.06B,$-0.02B,-38.71%,$0.06B,$-0.03B,-43.55%,$0.06B,$-0.03B,-45.16%,$-0.03B,$-0.01B,861.54%,$-0.03B,$-0.07B,41.95%,$-0.03B,$0.10B,-26.73%,$-0.02B,$-0.01B,-95.05%,$17,$4,$13,$1,$14,$22,$-5,$1,$-4,$0,$-4,$-4,$-4,$-5,$-5,$23,23,$-0.19,$-0.19,$17,$0,$0,$21,$15,$1,$61,$3,$80,$101,$86,$0,$20,$20,$106,$0,$-197,$-0,$-5,$101,$0,$0,$0,$0,$0,$0,$0,$0,$0,$-2,$-2,$0,$0,$0,$0,$0,$0,$-2,$3,$0,$3,$1,$1,$0,$0,$4,$0,$0,$0
6,2017-03-31,2.96,$-0.05,-63.25,$2.90,1.02,$-0.58,0.0,$-1.42,0.0,$0.02B,$0.05B,0.5,$0.04B,$-0.00B,-35.74,$0.06B,$0.05B,81.67%,$0.06B,$-0.02B,-38.33%,$0.06B,$-0.02B,-38.33%,$0.06B,$-0.02B,-38.33%,$0.06B,$-0.03B,-46.67%,$0.06B,$-0.03B,-48.33%,$-0.03B,$-0.00B,-11600.00%,$-0.03B,$-0.06B,47.35%,$-0.03B,$0.11B,-28.09%,$-0.02B,$0.04B,-66.19%,$15,$3,$13,$1,$14,$21,$-5,$6,$0,$0,$-0,$-0,$-0,$-5,$-5,$22,22,$-0.00,$-0.00,$18,$0,$0,$23,$15,$1,$63,$4,$82,$105,$46,$38,$23,$60,$106,$0,$-193,$-0,$-1,$105,$0,$0,$0,$0,$0,$0,$0,$0,$0,$1,$-1,$0,$0,$0,$0,$0,$0,$-1,$0,$0,$0,$1,$1,$0,$0,$1,$2,$0,$0
7,2016-12-31,3.92,$-0.12,-33.53,$2.94,1.33,$-0.40,0.0,$-1.54,0.0,$0.02B,$0.04B,0.51,$0.04B,$-0.00B,-14.55,$0.06B,$0.05B,81.36%,$0.06B,$-0.02B,-38.98%,$0.06B,$-0.02B,-38.98%,$0.06B,$-0.02B,-38.98%,$0.06B,$-0.03B,-50.85%,$0.06B,$-0.03B,-52.54%,$-0.03B,$-0.00B,-885.71%,$-0.03B,$-0.07B,53.45%,$-0.03B,$0.11B,-30.39%,$-0.02B,$0.04B,-66.67%,$15,$3,$12,$1,$16,$25,$-10,$2,$-8,$0,$-9,$-9,$-9,$-10,$-10,$21,21,$-0.40,$-0.40,$16,$0,$0,$21,$16,$1,$64,$4,$85,$106,$42,$38,$29,$66,$108,$0,$-193,$-0,$-3,$106,$-32,$12,$13,$24,$-0,$0,$0,$-1,$2,$-5,$-3,$0,$-7,$0,$0,$0,$0,$-11,$7,$0,$7,$10,$10,$0,$-0,$17,$1,$7,$0
8,2016-09-30,4.5,$-0.18,-25.67,$2.98,1.51,$-1.17,0.0,$-1.86,0.0,$0.02B,$0.04B,0.45,$0.04B,$-0.00B,-10.42,$0.06B,$0.05B,82.14%,$0.06B,$-0.02B,-35.71%,$0.06B,$-0.02B,-35.71%,$0.06B,$-0.02B,-35.71%,$0.06B,$-0.04B,-64.29%,$0.06B,$-0.04B,-64.29%,$-0.04B,$-0.00B,-496.55%,$-0.04B,$-0.07B,69.23%,$-0.04B,$0.11B,-36.27%,$-0.02B,$0.03B,-57.55%,$15,$3,$12,$1,$13,$19,$-4,$-11,$-15,$0,$-15,$-15,$-15,$-4,$-4,$20,20,$-0.75,$-0.75,$15,$0,$0,$19,$16,$1,$67,$4,$88,$107,$43,$38,$30,$68,$111,$0,$-185,$-0,$-4,$107,$0,$0,$0,$0,$0,$0,$0,$0,$0,$-2,$-2,$0,$-7,$0,$0,$0,$0,$-10,$-0,$0,$-0,$4,$4,$0,$7,$12,$-0,$0,$0
9,2016-06-30,4.24,$0.44,9.58,$2.30,1.85,$-1.72,0.0,$-1.86,0.0,$0.02B,$0.04B,0.48,$0.02B,$0.01B,2.73,$0.04B,$0.04B,83.33%,$0.04B,$-0.03B,-59.52%,$0.04B,$-0.03B,-59.52%,$0.04B,$-0.03B,-59.52%,$0.04B,$-0.03B,-76.19%,$0.04B,$-0.03B,-76.19%,$-0.03B,$0.01B,-228.57%,$-0.03B,$-0.04B,70.33%,$-0.03B,$0.10B,-32.65%,$-0.03B,$0.03B,-66.23%,$15,$3,$12,$0,$13,$18,$-4,$-2,$-5,$0,$-5,$-5,$-5,$-4,$-4,$20,20,$-0.27,$-0.27,$17,$0,$0,$21,$17,$1,$53,$4,$74,$95,$44,$24,$18,$42,$87,$0,$-169,$-0,$9,$95,$0,$0,$0,$0,$0,$0,$0,$0,$0,$2,$-1,$0,$0,$0,$0,$0,$0,$-1,$-0,$0,$-0,$2,$2,$0,$0,$2,$3,$0,$0
10,2016-03-31,4.73,$0.60,7.89,$1.61,2.94,$-2.13,0.0,$-1.82,0.0,$0.02B,$0.05B,0.53,$0.02B,$0.01B,2.02,$0.03B,$0.02B,85.71%,$0.03B,$-0.02B,-85.71%,$0.03B,$-0.02B,-85.71%,$0.03B,$-0.02B,-85.71%,$0.03B,$-0.03B,-107.14%,$0.03B,$-0.03B,-107.14%,$-0.03B,$0.01B,-230.77%,$-0.03B,$-0.05B,82.76%,$-0.03B,$0.10B,-38.10%,$-0.02B,$0.04B,-76.19%,$14,$2,$12,$0,$14,$19,$-5,$3,$-2,$0,$-2,$-2,$-2,$-5,$-5,$20,20,$-0.12,$-0.12,$20,$0,$0,$24,$8,$1,$63,$4,$76,$100,$46,$24,$18,$42,$88,$0,$-164,$-0,$12,$100,$0,$0,$0,$0,$0,$0,$0,$0,$0,$5,$-1,$0,$0,$0,$0,$0,$0,$-1,$0,$0,$0,$1,$1,$0,$0,$1,$5,$0,$0
11,2015-12-31,5.18,$0.61,8.44,$0.95,5.46,$-2.50,0.0,$-1.94,0.0,$0.02B,$0.04B,0.5,$0.02B,$0.01B,1.96,$0.02B,$0.01B,86.67%,$0.02B,$-0.02B,-146.67%,$0.02B,$-0.02B,-146.67%,$0.02B,$-0.02B,-146.67%,$0.02B,$-0.03B,-206.67%,$0.02B,$-0.03B,-206.67%,$-0.03B,$0.01B,-263.83%,$-0.03B,$-0.04B,125.25%,$-0.03B,$0.10B,-52.77%,$-0.02B,$0.04B,-88.00%,$12,$2,$10,$1,$13,$19,$-7,$-7,$-14,$0,$-14,$-14,$-14,$-7,$-7,$15,15,$-0.84,$-0.84,$15,$0,$0,$18,$17,$1,$55,$2,$76,$95,$37,$24,$22,$46,$83,$0,$-161,$-0,$12,$95,$-31,$3,$16,$20,$0,$0,$0,$-1,$-4,$-16,$-2,$0,$-0,$0,$0,$0,$0,$-2,$-1,$0,$-1,$8,$8,$0,$28,$34,$16,$9,$0
12,2015-09-30,4.41,$1.18,3.75,$0.19,22.99,$-2.06,0.0,$-1.23,0.0,$0.03B,$0.04B,0.61,$0.02B,$0.02B,1.02,$0.00B,$0.00B,100.00%,$0.00B,$-0.02B,-700.00%,$0.00B,$-0.02B,-700.00%,$0.00B,$-0.02B,-700.00%,$0.00B,$-0.02B,-733.33%,$0.00B,$-0.02B,-733.33%,$-0.02B,$0.02B,-220.00%,$-0.02B,$-0.04B,139.68%,$-0.02B,$0.10B,-55.70%,$-0.02B,$0.05B,-110.53%,$1,$0,$1,$0,$9,$10,$-9,$-2,$-11,$0,$-11,$-11,$-11,$-9,$-9,$15,15,$-0.75,$-0.75,$23,$0,$0,$26,$7,$1,$67,$0,$76,$102,$43,$23,$13,$36,$79,$0,$-147,$-0,$23,$102,$-10,$0,$0,$0,$0,$0,$0,$0,$0,$-10,$-1,$0,$-0,$0,$0,$0,$0,$-2,$26,$0,$26,$7,$7,$0,$-12,$22,$10,$0,$0
13,2015-06-30,4.05,$0.34,11.84,$0.16,24.94,$-1.90,0.0,$-0.90,0.0,$0.00B,$0.01B,0.19,$0.00B,$0.01B,0.71,$0.00B,$0.00B,100.00%,$0.00B,$-0.02B,-800.00%,$0.00B,$-0.02B,-800.00%,$0.00B,$-0.02B,-800.00%,$0.00B,$-0.02B,-750.00%,$0.00B,$-0.02B,-750.00%,$-0.02B,$0.01B,-260.87%,$-0.02B,$-0.01B,240.00%,$-0.02B,$0.02B,-83.33%,$-0.02B,$0.01B,-148.84%,$1,$0,$1,$0,$4,$4,$-3,$-0,$-3,$0,$-3,$-3,$-3,$-3,$-3,$14,14,$-0.23,$-0.23,$1,$0,$0,$2,$2,$1,$11,$0,$16,$18,$10,$3,$0,$3,$13,$0,$-136,$0,$5,$18,$-4,$0,$0,$0,$0,$0,$0,$0,$0,$-4,$-1,$0,$0,$0,$0,$0,$0,$-1,$-0,$0,$-0,$4,$4,$0,$0,$5,$-1,$0,$0
14,2015-03-31,4.3,$0.49,8.85,$0.20,21.77,$-2.00,0.0,$-1.32,0.0,$0.00B,$0.01B,0.43,$0.00B,$0.01B,0.51,$0.00B,$0.00B,100.00%,$0.00B,$-0.02B,-900.00%,$0.00B,$-0.02B,-900.00%,$0.00B,$-0.02B,-900.00%,$0.00B,$-0.02B,-850.00%,$0.00B,$-0.02B,-850.00%,$-0.02B,$0.01B,-261.54%,$-0.02B,$-0.01B,309.09%,$-0.02B,$0.02B,-95.77%,$-0.02B,$0.01B,-146.94%,$1,$0,$1,$0,$3,$4,$-3,$-0,$-3,$0,$-3,$-3,$-3,$-3,$-3,$13,13,$-0.24,$-0.24,$3,$0,$0,$4,$2,$1,$12,$0,$16,$20,$10,$3,$0,$3,$14,$0,$-133,$0,$7,$20,$-2,$0,$0,$0,$0,$0,$0,$0,$0,$-2,$-0,$0,$0,$0,$0,$0,$0,$-0,$-0,$0,$-0,$3,$3,$0,$0,$3,$1,$0,$0
15,2014-12-31,4.56,$0.41,11.26,$0.22,20.82,$-2.12,0.0,$-1.56,0.0,$0.00B,$0.01B,0.4,$0.01B,$0.01B,1.27,$0.00B,$0.00B,100.00%,$0.00B,$-0.02B,-950.00%,$0.00B,$-0.02B,-950.00%,$0.00B,$-0.02B,-950.00%,$0.00B,$-0.02B,-900.00%,$0.00B,$-0.02B,-900.00%,$-0.02B,$0.01B,-360.00%,$-0.02B,$-0.01B,327.27%,$-0.02B,$0.02B,-120.00%,$-0.02B,$0.01B,-165.22%,$0,$0,$0,$0,$5,$6,$-6,$0,$-5,$0,$-5,$-5,$-5,$-6,$-6,$12,12,$0.02,$0.02,$2,$0,$0,$2,$1,$1,$12,$0,$16,$18,$6,$7,$1,$7,$13,$0,$-130,$0,$5,$18,$-18,$1,$10,$11,$0,$0,$0,$-0,$1,$-7,$-2,$0,$-0,$0,$-1,$-1,$-1,$-4,$-0,$0,$-0,$5,$5,$0,$7,$11,$0,$10,$0
16,2014-09-30,6.31,$0.53,11.97,$0.34,18.64,$-1.88,0.0,$-1.83,0.0,$0.00B,$0.00B,0.57,$0.01B,$0.01B,0.93,$0.00B,$0.00B,100.00%,$0.00B,$-0.02B,-500.00%,$0.00B,$-0.02B,-500.00%,$0.00B,$-0.02B,-500.00%,$0.00B,$-0.02B,-533.33%,$0.00B,$-0.02B,-500.00%,$-0.02B,$0.01B,-352.94%,$-0.02B,$-0.01B,333.33%,$-0.02B,$0.02B,-120.00%,$-0.02B,$0.01B,-153.85%,$0,$0,$0,$0,$4,$4,$-4,$0,$-4,$0,$-4,$-4,$-4,$-4,$-4,$9,9,$-0.42,$-0.42,$0,$0,$0,$2,$1,$1,$12,$0,$14,$16,$3,$6,$0,$6,$9,$0,$-125,$0,$6,$16,$-5,$0,$0,$0,$0,$0,$0,$0,$0,$-5,$-1,$0,$-0,$0,$-1,$-1,$-2,$-3,$-0,$0,$-0,$3,$3,$0,$4,$7,$-1,$0,$0
17,2014-06-30,8.89,$0.65,13.68,$0.33,26.82,$-1.65,0.0,$-1.59,0.0,$0.00B,$0.00B,1.43,$0.01B,$0.01B,0.76,$0.00B,$0.00B,100.00%,$0.00B,$-0.01B,-400.00%,$0.00B,$-0.01B,-400.00%,$0.00B,$-0.01B,-400.00%,$0.00B,$-0.01B,-433.33%,$0.00B,$-0.01B,-400.00%,$-0.01B,$0.01B,-533.33%,$-0.01B,$-0.00B,252.63%,$-0.01B,$0.02B,-114.29%,$-0.01B,$0.01B,-160.00%,$1,$0,$1,$0,$5,$5,$-5,$-1,$-5,$0,$-5,$-5,$-5,$-5,$-5,$8,8,$-0.65,$-0.65,$2,$0,$0,$4,$0,$0,$12,$0,$13,$17,$3,$6,$0,$6,$9,$0,$-121,$0,$8,$17,$0,$0,$0,$0,$0,$0,$0,$0,$0,$-3,$-1,$0,$-0,$0,$0,$0,$-1,$-2,$-0,$0,$-0,$6,$6,$0,$0,$6,$1,$0,$0
18,2014-03-31,5.51,$0.08,66.63,$0.33,16.73,$-1.33,0.0,$-1.24,0.0,$0.00B,$0.00B,1.25,$0.01B,$0.00B,6.53,$0.00B,$0.00B,100.00%,$0.00B,$-0.01B,-300.00%,$0.00B,$-0.01B,-300.00%,$0.00B,$-0.01B,-300.00%,$0.00B,$-0.01B,-333.33%,$0.00B,$-0.01B,-300.00%,$-0.01B,$0.00B,-3600.00%,$-0.01B,$-0.01B,171.43%,$-0.01B,$0.01B,-105.88%,$-0.01B,$0.01B,-163.64%,$1,$0,$1,$0,$4,$4,$-4,$-0,$-4,$0,$-4,$-4,$-4,$-4,$-4,$8,8,$-0.48,$-0.48,$1,$0,$0,$3,$0,$0,$6,$0,$6,$9,$2,$6,$0,$6,$9,$0,$-116,$-0,$1,$9,$-2,$0,$0,$0,$0,$0,$0,$0,$0,$-2,$-1,$0,$0,$0,$0,$0,$-1,$-2,$-0,$0,$-0,$0,$0,$0,$4,$3,$0,$0,$0
19,2013-12-31,4.66,$0.21,22.67,$0.27,16.96,$-1.14,0.0,$-0.91,0.0,$0.00B,$0.00B,0.62,$0.00B,$0.00B,1.18,$0.00B,$0.00B,100.00%,$0.00B,$-0.01B,-300.00%,$0.00B,$-0.01B,-300.00%,$0.00B,$-0.01B,-300.00%,$0.00B,$-0.01B,-350.00%,$0.00B,$-0.01B,-300.00%,$-0.01B,$0.00B,-1200.00%,$-0.01B,$-0.00B,120.00%,$-0.01B,$0.01B,-70.59%,$-0.01B,$0.01B,-109.09%,$1,$0,$1,$0,$3,$3,$-2,$-0,$-3,$0,$-3,$-2,$-2,$-2,$-2,$8,8,$-0.27,$-0.27,$1,$0,$0,$2,$0,$0,$5,$0,$6,$8,$3,$3,$0,$3,$5,$0,$-112,$-0,$2,$8,$-7,$1,$2,$2,$0,$0,$0,$0,$1,$-4,$-0,$0,$-2,$0,$0,$0,$-0,$-3,$-0,$0,$-0,$0,$0,$0,$7,$6,$-0,$1,$0
20,2013-09-30,3.77,$-0.21,-18.04,$0.17,22.54,$-1.46,0.0,$-0.85,0.0,$0.00B,$0.00B,0.56,$0.01B,$-0.00B,-3.93,$0.00B,$0.00B,100.00%,$0.00B,$-0.01B,-500.00%,$0.00B,$-0.01B,-500.00%,$0.00B,$-0.01B,-500.00%,$0.00B,$-0.01B,-600.00%,$0.00B,$-0.01B,-600.00%,$-0.01B,$-0.00B,-800.00%,$-0.01B,$-0.01B,133.33%,$-0.01B,$0.01B,-75.00%,$-0.01B,$0.00B,-90.91%,$0,$0,$0,$0,$1,$1,$-1,$-0,$-1,$0,$-1,$-1,$-1,$-1,$-1,$7,7,$-0.18,$-0.18,$0,$0,$0,$2,$0,$0,$6,$0,$6,$8,$3,$6,$1,$7,$10,$0,$-109,$-0,$-2,$8,$-3,$0,$0,$0,$0,$0,$0,$0,$0,$-3,$-0,$0,$-2,$0,$0,$0,$0,$-2,$4,$0,$4,$0,$0,$0,$0,$4,$-1,$0,$0
21,2013-06-30,2.96,$-0.04,-83.38,$0.19,15.6,$-1.76,0.0,$-1.09,0.0,$0.00B,$0.00B,0.8,$0.01B,$0.00B,-23.61,$0.00B,$0.00B,100.00%,$0.00B,$-0.01B,-600.00%,$0.00B,$-0.01B,-600.00%,$0.00B,$-0.01B,-600.00%,$0.00B,$-0.01B,-700.00%,$0.00B,$-0.01B,-700.00%,$-0.01B,$0.00B,-280.00%,$-0.01B,$-0.01B,280.00%,$-0.01B,$0.01B,-93.33%,$-0.01B,$0.01B,-104.35%,$1,$0,$1,$0,$2,$3,$-2,$-0,$-2,$0,$-2,$-2,$-2,$-2,$-2,$7,7,$-0.30,$-0.30,$2,$0,$0,$3,$0,$0,$6,$0,$6,$9,$3,$6,$0,$6,$10,$0,$-109,$-0,$-0,$9,$-1,$0,$0,$0,$0,$0,$0,$0,$0,$-1,$-0,$0,$-2,$0,$0,$0,$-0,$-3,$-0,$0,$-0,$4,$4,$0,$0,$4,$0,$0,$0
22,2013-03-31,1.8,$0.22,8.1,$0.10,17.52,$-2.03,0.0,$-1.13,0.0,$0.00B,$0.00B,1.49,$0.01B,$0.00B,3.51,$0.00B,0,nan%,$0.00B,$-0.01B,inf%,$0.00B,$-0.01B,inf%,$0.00B,$-0.01B,inf%,$0.00B,$-0.01B,inf%,$0.00B,$-0.01B,inf%,$-0.01B,$0.00B,-164.71%,$-0.01B,$-0.00B,2800.00%,$-0.01B,$0.01B,-93.33%,$-0.01B,$0.01B,-100.00%,$0,$0,$0,$0,$1,$1,$-1,$-0,$-1,$0,$-1,$-1,$-1,$-1,$-1,$7,7,$-0.15,$-0.15,$2,$0,$0,$3,$0,$0,$6,$0,$7,$9,$2,$6,$0,$6,$8,$0,$-106,$0,$2,$9,$-1,$0,$0,$0,$0,$0,$0,$0,$0,$-1,$-0,$0,$-2,$0,$0,$0,$0,$-2,$-0,$0,$-0,$4,$4,$0,$0,$3,$0,$0,$0
23,2012-12-31,1.74,$0.35,4.95,$0.08,22.4,$-2.13,0.0,$-1.02,0.0,$0.00B,$0.00B,1.35,$0.00B,$0.00B,0.84,$0.00B,0,nan%,$0.00B,$-0.01B,inf%,$0.00B,$-0.01B,inf%,$0.00B,$-0.01B,inf%,$0.00B,$-0.01B,inf%,$0.00B,$-0.01B,inf%,$-0.01B,$0.00B,-109.09%,$-0.01B,$-0.00B,-266.67%,$-0.01B,$0.01B,-85.71%,$-0.01B,$0.01B,-100.00%,$0,$0,$0,$-1,$2,$2,$-1,$-0,$-2,$0,$-2,$-2,$-2,$-1,$-1,$7,7,$-0.26,$-0.26,$1,$0,$0,$2,$0,$0,$3,$0,$4,$6,$1,$2,$0,$2,$4,$0,$-105,$0,$3,$6,$-6,$0,$1,$1,$0,$0,$0,$-0,$0,$-5,$-1,$0,$-0,$0,$0,$0,$0,$-1,$2,$0,$2,$4,$4,$0,$0,$6,$-0,$1,$0
24,2012-09-30,1.95,$0.63,3.07,$0.23,8.6,$-1.91,0.0,$-1.17,0.0,$0.00B,$0.00B,0.94,$0.00B,$0.01B,0.07,$0.00B,$0.00B,100.00%,$0.00B,$-0.01B,-600.00%,$0.00B,$-0.01B,-600.00%,$0.00B,$-0.01B,-600.00%,$0.00B,$-0.01B,-500.00%,$0.00B,$-0.01B,-600.00%,$-0.01B,$0.01B,-109.09%,$-0.01B,$0.00B,-184.62%,$-0.01B,$0.01B,-92.31%,$-0.01B,$0.01B,-109.09%,$0,$0,$0,$1,$1,$2,$-2,$0,$-2,$0,$-2,$-2,$-2,$-2,$-2,$6,6,$-0.38,$-0.38,$1,$0,$0,$1,$1,$1,$3,$0,$5,$6,$1,$0,$0,$1,$2,$0,$-104,$0,$5,$6,$-4,$0,$0,$0,$0,$0,$0,$0,$0,$-4,$-1,$0,$-0,$0,$0,$0,$0,$-1,$0,$0,$0,$4,$4,$0,$-0,$4,$-1,$0,$0
25,2012-06-30,3.4,$0.98,3.47,$0.41,8.31,$-1.64,0.0,$-1.14,0.0,$0.00B,$0.00B,2.31,$0.00B,$0.01B,0.05,$0.00B,$0.00B,100.00%,$0.00B,$-0.01B,-250.00%,$0.00B,$-0.01B,-250.00%,$0.00B,$-0.01B,-250.00%,$0.00B,$-0.00B,-200.00%,$0.00B,$-0.01B,-300.00%,$-0.01B,$0.01B,-109.09%,$-0.01B,$0.00B,-150.00%,$-0.01B,$0.01B,-92.31%,$-0.01B,$0.01B,-90.91%,$0,$0,$0,$0,$1,$2,$-2,$1,$-1,$0,$-1,$-2,$-2,$-2,$-2,$6,6,$-0.25,$-0.25,$2,$0,$0,$3,$1,$2,$4,$0,$6,$9,$1,$0,$0,$1,$2,$0,$-101,$0,$7,$9,$0,$0,$0,$0,$0,$0,$0,$0,$0,$-2,$-0,$0,$-0,$0,$0,$0,$0,$-1,$0,$0,$0,$4,$4,$0,$-0,$4,$1,$0,$0
26,2012-03-31,6.02,$1.03,5.87,$0.64,9.4,$-1.56,0.0,$-1.06,0.0,$0.00B,$0.00B,7.8,$0.00B,$0.01B,0.0,$0.00B,$0.00B,100.00%,$0.00B,$-0.00B,-133.33%,$0.00B,$-0.00B,-133.33%,$0.00B,$-0.00B,-133.33%,$0.00B,$-0.00B,-133.33%,$0.00B,$-0.01B,-166.67%,$-0.01B,$0.01B,-95.24%,$-0.01B,$0.01B,-105.26%,$-0.01B,$0.01B,-83.33%,$-0.00B,$0.01B,-76.19%,$0,$0,$0,$0,$1,$1,$-1,$0,$-1,$0,$-1,$-0,$-0,$-1,$-1,$6,6,$-0.02,$-0.02,$4,$0,$0,$4,$1,$2,$0,$0,$3,$7,$1,$0,$0,$0,$1,$0,$-99,$0,$7,$7,$-1,$0,$0,$0,$0,$0,$0,$0,$0,$-1,$-0,$0,$0,$0,$0,$0,$0,$-0,$0,$0,$0,$4,$4,$0,$-0,$4,$3,$0,$0
27,2011-12-31,3.43,$0.50,6.9,$0.92,3.71,$-1.53,0.0,$-1.33,0.0,$0.00B,$0.00B,3.09,$0.00B,$0.00B,0.0,$0.01B,$0.00B,60.00%,$0.01B,$-0.00B,-80.00%,$0.01B,$-0.00B,-80.00%,$0.01B,$-0.00B,-80.00%,$0.01B,$-0.00B,-80.00%,$0.01B,$-0.01B,-140.00%,$-0.01B,$0.00B,-133.33%,$-0.01B,$0.00B,-140.00%,$-0.01B,$0.00B,-107.69%,$-0.00B,$0.00B,-72.73%,$1,$0,$1,$1,$2,$2,$-1,$-0,$-1,$0,$-1,$-2,$-2,$-1,$-1,$5,5,$-0.37,$-0.37,$2,$0,$0,$2,$0,$1,$0,$0,$1,$4,$1,$0,$0,$0,$1,$0,$-99,$0,$3,$4,$-7,$0,$3,$3,$0,$0,$0,$0,$1,$-3,$-0,$0,$0,$0,$0,$0,$0,$-0,$0,$0,$0,$0,$0,$0,$-0,$-0,$-3,$1,$0
28,2011-09-30,2.86,$0.85,3.38,$1.08,2.64,$-1.63,0.0,$-1.27,0.0,$0.00B,$0.00B,4.28,$0.00B,$0.01B,0.0,$0.01B,$0.00B,33.33%,$0.01B,$-0.01B,-83.33%,$0.01B,$-0.01B,-83.33%,$0.01B,$-0.01B,-83.33%,$0.01B,$-0.01B,-83.33%,$0.01B,$-0.01B,-116.67%,$-0.01B,$0.01B,-103.70%,$-0.01B,$0.00B,-112.00%,$-0.01B,$0.01B,-87.50%,$-0.01B,$0.01B,-71.43%,$1,$0,$1,$1,$1,$3,$-1,$-0,$-1,$-0,$-1,$-2,$-2,$-1,$-1,$5,5,$-0.39,$-0.39,$3,$0,$0,$3,$0,$2,$0,$0,$2,$6,$1,$0,$0,$0,$1,$0,$-97,$0,$5,$6,$-2,$0,$0,$0,$0,$0,$0,$0,$0,$-2,$-0,$0,$0,$0,$0,$0,$-0,$-0,$0,$0,$0,$0,$0,$0,$0,$0,$-2,$0,$0
29,2011-06-30,5.7,$1.15,4.98,$1.24,4.6,$-1.69,0.0,$-1.11,0.0,$0.00B,$0.00B,5.51,$0.00B,$0.01B,0.0,$0.01B,$0.00B,14.29%,$0.01B,$-0.01B,-71.43%,$0.01B,$-0.01B,-71.43%,$0.01B,$-0.01B,-71.43%,$0.01B,$-0.01B,-71.43%,$0.01B,$-0.01B,-85.71%,$-0.01B,$0.01B,-75.00%,$-0.01B,$0.01B,-80.00%,$-0.01B,$0.01B,-63.16%,$-0.01B,$0.01B,-60.61%,$1,$0,$1,$1,$1,$2,$-1,$-0,$-1,$0,$-1,$-1,$-1,$-1,$-1,$5,5,$-0.19,$-0.19,$3,$0,$0,$4,$0,$2,$0,$0,$3,$7,$1,$0,$0,$0,$1,$0,$-95,$0,$6,$7,$0,$0,$0,$0,$0,$0,$0,$0,$0,$-2,$-0,$0,$0,$0,$0,$0,$-0,$-0,$0,$0,$0,$0,$0,$0,$-0,$0,$-2,$0,$0
30,2011-03-31,3.17,$1.38,2.3,$1.27,2.49,$-1.74,0.0,$-1.14,0.0,$0.01B,$0.00B,5.68,$0.00B,$0.01B,0.03,$0.01B,0,0.00%,$0.01B,$-0.01B,-71.43%,$0.01B,$-0.01B,-71.43%,$0.01B,$-0.01B,-71.43%,$0.01B,$-0.01B,-71.43%,$0.01B,$-0.01B,-100.00%,$-0.01B,$0.01B,-75.68%,$-0.01B,$0.01B,-82.35%,$-0.01B,$0.01B,-63.64%,$-0.01B,$0.01B,-52.63%,$2,$1,$0,$0,$2,$3,$-1,$-0,$-1,$0,$-1,$-2,$-2,$-1,$-1,$5,5,$-0.31,$-0.31,$4,$0,$0,$5,$0,$3,$0,$0,$3,$9,$1,$0,$0,$0,$1,$0,$-94,$0,$7,$9,$0,$0,$0,$0,$0,$0,$0,$0,$0,$-1,$-0,$0,$0,$0,$0,$0,$0,$-0,$0,$0,$0,$0,$0,$0,$-0,$-0,$-1,$0,$0
31,2010-12-31,4.17,$1.63,2.55,$1.24,3.36,$-1.80,0.0,$-1.10,0.0,$0.01B,$0.00B,6.16,$0.00B,$0.01B,0.0,$0.01B,0,0.00%,$0.01B,$-0.01B,-83.33%,$0.01B,$-0.01B,-83.33%,$0.01B,$-0.01B,-83.33%,$0.01B,$-0.01B,-83.33%,$0.01B,$-0.01B,-100.00%,$-0.01B,$0.01B,-55.81%,$-0.01B,$0.01B,-61.54%,$-0.01B,$0.01B,-48.98%,$-0.01B,$0.01B,-46.51%,$2,$1,$0,$0,$1,$3,$-2,$0,$-2,$0,$-1,$-2,$-2,$-2,$-2,$5,5,$-0.31,$-0.31,$5,$0,$0,$6,$0,$3,$0,$0,$4,$10,$1,$0,$0,$0,$1,$0,$-92,$0,$9,$10,$-6,$0,$2,$2,$-0,$0,$0,$0,$-0,$-4,$-0,$0,$0,$0,$0,$0,$-0,$-0,$0,$0,$0,$0,$0,$0,$0,$0,$-4,$0,$0
32,2010-09-30,6.27,$1.92,3.27,$1.27,4.94,$-2.83,0.0,$-1.26,0.0,$0.01B,$0.00B,6.27,$0.00B,$0.01B,0.0,$0.01B,0,0.00%,$0.01B,$-0.01B,-83.33%,$0.01B,$-0.01B,-83.33%,$0.01B,$-0.01B,-83.33%,$0.01B,$-0.01B,-83.33%,$0.01B,$-0.01B,-116.67%,$-0.01B,$0.01B,-58.33%,$-0.01B,$0.01B,-63.64%,$-0.01B,$0.01B,-50.91%,$-0.01B,$0.01B,-41.67%,$2,$2,$0,$0,$1,$3,$-1,$0,$-1,$0,$-1,$-1,$-1,$-1,$-1,$5,5,$-0.23,$-0.23,$6,$0,$0,$7,$0,$3,$1,$0,$5,$12,$1,$0,$0,$0,$1,$0,$-90,$0,$10,$12,$0,$0,$0,$0,$0,$0,$0,$0,$0,$-2,$-0,$0,$0,$0,$0,$0,$0,$-0,$0,$0,$0,$0,$0,$0,$0,$0,$-3,$0,$0
33,2010-06-30,2.03,$2.14,0.95,$0.91,2.24,$-3.60,0.0,$-1.53,0.0,$0.01B,$0.00B,6.02,$0.00B,$0.01B,0.0,$0.00B,0,0.00%,$0.00B,$-0.01B,-175.00%,$0.00B,$-0.01B,-175.00%,$0.00B,$-0.01B,-175.00%,$0.00B,$-0.01B,-175.00%,$0.00B,$-0.01B,-225.00%,$-0.01B,$0.01B,-65.45%,$-0.01B,$0.01B,-72.00%,$-0.01B,$0.01B,-58.06%,$-0.01B,$0.01B,-50.91%,$1,$1,$0,$0,$1,$2,$-1,$0,$-1,$0,$-1,$-2,$-2,$-1,$-1,$5,5,$-0.29,$-0.29,$7,$0,$0,$8,$0,$4,$1,$0,$5,$13,$1,$0,$0,$0,$2,$0,$-89,$0,$11,$13,$0,$0,$0,$0,$0,$0,$0,$0,$0,$-2,$-0,$0,$0,$0,$0,$0,$0,$-0,$0,$0,$0,$0,$0,$0,$0,$0,$-2,$0,$0
34,2010-03-31,1.54,$2.43,0.63,$0.65,2.36,$-4.02,0.0,$-1.30,0.0,$0.01B,$0.00B,8.07,$0.00B,$0.01B,0.0,$0.00B,0,0.00%,$0.00B,$-0.01B,-300.00%,$0.00B,$-0.01B,-300.00%,$0.00B,$-0.01B,-300.00%,$0.00B,$-0.01B,-300.00%,$0.00B,$-0.01B,-333.33%,$-0.01B,$0.01B,-63.49%,$-0.01B,$0.01B,-74.07%,$-0.01B,$0.01B,-57.14%,$-0.01B,$0.01B,-57.14%,$1,$1,$0,$0,$2,$3,$-1,$0,$-1,$0,$-1,$-1,$-1,$-1,$-1,$5,5,$-0.27,$-0.27,$7,$0,$0,$9,$0,$4,$1,$0,$6,$14,$1,$0,$0,$0,$1,$0,$-87,$0,$13,$14,$0,$0,$0,$0,$0,$0,$0,$0,$0,$-1,$-0,$0,$0,$0,$0,$0,$0,$-0,$0,$0,$0,$0,$0,$0,$0,$0,$-1,$0,$0
35,2009-12-31,3.04,$2.68,1.13,$0.42,7.21,$-4.16,0.0,$-1.63,0.0,$0.01B,$0.00B,8.08,$0.00B,$0.01B,0.0,$0.00B,0,0.00%,$0.00B,$-0.01B,-550.00%,$0.00B,$-0.01B,-550.00%,$0.00B,$-0.01B,-550.00%,$0.00B,$-0.01B,-550.00%,$0.00B,$-0.01B,-600.00%,$-0.01B,$0.01B,-66.67%,$-0.01B,$0.01B,-82.76%,$-0.01B,$0.02B,-60.00%,$-0.01B,$0.01B,-61.11%,$2,$2,$0,$0,$1,$4,$-2,$-0,$-2,$0,$-2,$-3,$-3,$-2,$-2,$5,5,$-0.48,$-0.48,$9,$0,$0,$10,$0,$4,$1,$0,$6,$16,$1,$0,$0,$0,$1,$0,$-86,$0,$14,$16,$-12,$0,$1,$2,$-0,$0,$0,$1,$1,$-9,$-0,$0,$-0,$0,$0,$0,$0,$-0,$0,$0,$0,$0,$0,$0,$0,$0,$-9,$2,$0
36,2009-09-30,4.8,$3.14,1.53,$0.09,54.11,$-4.86,0.0,$-1.16,0.0,$0.01B,$0.00B,8.45,$0.00B,$0.02B,0.0,$0.00B,0,nan%,$0.00B,$-0.02B,inf%,$0.00B,$-0.02B,inf%,$0.00B,$-0.02B,inf%,$0.00B,$-0.02B,inf%,$0.00B,$-0.02B,inf%,$-0.02B,$0.02B,-87.80%,$-0.02B,$0.02B,-112.50%,$-0.02B,$0.02B,-80.00%,$-0.02B,$0.02B,-97.56%,$0,$0,$-0,$0,$3,$3,$-3,$0,$-3,$0,$-3,$-3,$-3,$-3,$-3,$5,5,$-0.51,$-0.51,$11,$0,$0,$13,$1,$0,$2,$4,$6,$19,$1,$0,$0,$1,$2,$0,$-84,$0,$17,$19,$-7,$0,$0,$0,$0,$0,$0,$0,$0,$-7,$-0,$0,$-0,$0,$0,$0,$0,$-0,$0,$0,$0,$0,$0,$0,$0,$0,$-7,$0,$0
37,2009-06-30,2.35,$3.59,0.66,$0.09,25.16,$-5.35,0.0,$-1.36,0.0,$0.02B,$0.00B,12.87,$0.00B,$0.02B,0.0,$0.00B,0,nan%,$0.00B,$-0.02B,inf%,$0.00B,$-0.02B,inf%,$0.00B,$-0.02B,inf%,$0.00B,$-0.02B,inf%,$0.00B,$-0.02B,inf%,$-0.02B,$0.02B,-77.55%,$-0.02B,$0.01B,-105.56%,$-0.02B,$0.02B,-71.03%,$-0.02B,$0.02B,-85.71%,$0,$0,$-0,$0,$3,$3,$-3,$0,$-3,$0,$-3,$-3,$-3,$-3,$-3,$5,5,$-0.63,$-0.63,$14,$0,$0,$15,$1,$0,$6,$0,$6,$21,$1,$0,$0,$1,$2,$0,$-81,$0,$19,$21,$-4,$0,$0,$0,$0,$0,$0,$0,$0,$-4,$-0,$0,$0,$0,$0,$0,$0,$-0,$0,$0,$0,$0,$0,$0,$0,$0,$-4,$0,$0
38,2009-03-31,1.65,$4.09,0.4,$0.10,16.36,$-5.75,0.0,$-2.10,0.0,$0.02B,$0.00B,17.23,$0.00B,$0.02B,0.0,$0.00B,0,nan%,$0.00B,$-0.02B,inf%,$0.00B,$-0.02B,inf%,$0.00B,$-0.02B,inf%,$0.00B,$-0.02B,inf%,$0.00B,$-0.02B,inf%,$-0.02B,$0.02B,-70.18%,$-0.02B,$0.02B,-96.39%,$-0.02B,$0.02B,-64.00%,$-0.02B,$0.02B,-77.19%,$0,$0,$-0,$0,$3,$4,$-3,$0,$-3,$0,$-3,$-3,$-3,$-3,$-3,$5,5,$-0.60,$-0.60,$16,$0,$0,$17,$1,$0,$6,$0,$6,$24,$1,$0,$0,$1,$2,$0,$-77,$0,$22,$24,$0,$0,$0,$0,$0,$0,$0,$0,$0,$-2,$-0,$0,$0,$0,$0,$0,$0,$-0,$0,$0,$0,$0,$0,$0,$0,$0,$-2,$0,$0
39,2008-12-31,3.8,$4.56,0.83,$0.09,44.15,$-6.09,0.0,$-2.40,0.0,$0.02B,$0.00B,20.61,$0.00B,$0.02B,0.0,$0.00B,0,nan%,$0.00B,$-0.02B,inf%,$0.00B,$-0.02B,inf%,$0.00B,$-0.02B,inf%,$0.00B,$-0.02B,inf%,$0.00B,$-0.02B,inf%,$-0.02B,$0.02B,-67.69%,$-0.02B,$0.02B,-92.63%,$-0.02B,$0.03B,-61.11%,$-0.02B,$0.02B,-73.85%,$0,$0,$-0,$0,$3,$11,$-11,$0,$-11,$0,$-9,$-9,$-9,$-11,$-11,$5,5,$-1.75,$-1.75,$18,$0,$0,$20,$1,$0,$6,$0,$7,$26,$1,$0,$0,$1,$2,$0,$-74,$-0,$24,$26,$-22,$0,$10,$10,$-0,$0,$0,$-1,$-1,$-12,$-1,$0,$-8,$0,$0,$0,$0,$-8,$0,$0,$0,$35,$35,$0,$0,$35,$14,$5,$0
40,2008-09-30,26.0,$6.07,4.28,$0.10,255.77,$-14.73,0.0,$-2.40,0.0,$0.03B,$0.00B,20.83,$0.00B,$0.03B,0.0,$0.00B,0,nan%,$0.00B,$-0.02B,inf%,$0.00B,$-0.02B,inf%,$0.00B,$-0.02B,inf%,$0.00B,$-0.02B,inf%,$0.00B,$-0.04B,inf%,$-0.04B,$0.03B,-131.30%,$-0.04B,$0.02B,-189.01%,$-0.04B,$0.04B,-112.42%,$-0.02B,$0.03B,-54.96%,$0,$0,$-0,$0,$4,$4,$-4,$0,$-4,$0,$-4,$-4,$-4,$-4,$-4,$5,5,$-0.70,$-0.70,$25,$0,$0,$26,$1,$0,$10,$0,$11,$36,$1,$0,$0,$3,$4,$0,$-65,$0,$33,$36,$-8,$0,$-1,$-1,$0,$0,$0,$0,$0,$-9,$-1,$0,$-5,$0,$0,$0,$0,$-5,$0,$0,$0,$35,$35,$0,$0,$35,$21,$0,$0
41,2008-06-30,29.0,$6.58,4.4,$0.08,362.66,$-12.99,0.0,$-2.04,0.0,$0.03B,$0.00B,21.97,$0.00B,$0.04B,0.0,$0.00B,0,nan%,$0.00B,$-0.02B,inf%,$0.00B,$-0.02B,inf%,$0.00B,$-0.02B,inf%,$0.00B,$-0.02B,inf%,$0.00B,$-0.04B,inf%,$-0.04B,$0.04B,-186.67%,$-0.04B,$0.03B,-280.00%,$-0.04B,$0.04B,-141.18%,$-0.02B,$0.04B,-75.56%,$0,$0,$-0,$0,$4,$5,$-4,$0,$-4,$0,$-4,$-4,$-4,$-4,$-4,$5,5,$-0.80,$-0.80,$28,$0,$0,$28,$1,$0,$10,$0,$11,$39,$1,$0,$0,$3,$4,$0,$-61,$-0,$35,$39,$-5,$0,$-1,$-1,$0,$0,$0,$0,$0,$-6,$-0,$0,$-5,$0,$0,$0,$0,$-5,$0,$0,$0,$35,$35,$0,$0,$35,$24,$0,$0
42,2008-03-31,50.4,$7.15,7.05,$0.06,898.83,$-11.79,0.0,$-1.57,0.0,$0.03B,$0.00B,18.58,$0.00B,$0.04B,0.0,$0.00B,$-0.00B,inf%,$0.00B,$-0.02B,inf%,$0.00B,$-0.02B,inf%,$0.00B,$-0.02B,inf%,$0.00B,$-0.02B,inf%,$0.00B,$-0.04B,inf%,$-0.04B,$0.04B,-334.69%,$-0.04B,$0.03B,-565.52%,$-0.04B,$0.04B,-200.00%,$-0.02B,$0.04B,-130.61%,$0,$0,$-0,$0,$5,$5,$-5,$0,$-5,$0,$-5,$-5,$-5,$-5,$-5,$5,5,$-0.90,$-0.90,$31,$0,$0,$32,$1,$0,$10,$0,$11,$43,$2,$0,$0,$3,$4,$0,$-57,$0,$38,$43,$-5,$0,$1,$1,$-0,$0,$0,$-0,$1,$-3,$-0,$0,$-4,$0,$0,$0,$0,$-5,$0,$0,$0,$35,$35,$0,$-0,$35,$27,$1,$0
43,2007-12-31,62.3,$5.38,11.58,$0.05,1317.31,$-11.08,0.0,$-0.67,0.0,$0.02B,$0.01B,3.33,$0.00B,$0.03B,0.0,$0.00B,$-0.00B,inf%,$0.00B,$-0.01B,inf%,$0.00B,$-0.01B,inf%,$0.00B,$-0.01B,inf%,$0.00B,$-0.01B,inf%,$0.00B,$-0.04B,inf%,$-0.04B,$0.03B,-1418.18%,$-0.04B,$0.02B,-15600.00%,$-0.04B,$0.04B,-400.00%,$-0.01B,$0.03B,-509.09%,$0,$0,$-0,$0,$5,$5,$-5,$0,$-5,$0,$-5,$-5,$-30,$-5,$-5,$1,1,$9609656.00,$9609656.00,$3,$0,$20,$24,$0,$0,$10,$0,$10,$35,$7,$0,$0,$3,$10,$0,$-52,$0,$25,$35,$-15,$0,$2,$2,$-0,$0,$0,$-1,$0,$-13,$-0,$0,$-0,$0,$0,$0,$-0,$-1,$0,$-0,$-0,$21,$21,$0,$-4,$17,$3,$7,$0
44,2007-09-30,89.9,$0.00,0.0,0,0.0,0,0.0,$-0.67,0.0,$0.00B,$0.01B,0.02,$0.00B,$-0.01B,0.0,$0.00B,$-0.00B,inf%,$0.00B,$-0.02B,inf%,$0.00B,$-0.02B,inf%,$0.00B,$-0.02B,inf%,$0.00B,$-0.02B,inf%,$0.00B,$-0.02B,inf%,$-0.02B,$-0.01B,485.71%,$-0.02B,$-0.01B,485.71%,$-0.02B,$0.00B,-1700.00%,$-0.02B,$-0.01B,485.71%,$0,$0,$-0,$0,$3,$3,$-3,$-0,$-3,$0,$-3,$-3,$-3,$-3,$-3,$0,0,$-3424740.00,$-3424740.00,$0,$0,$0,$0,$0,$0,$0,$2,$2,$2,$10,$0,$0,$0,$10,$15,$-22,$-0,$-8,$2,$-10,$0,$5,$5,$-0,$0,$0,$0,$1,$-4,$-0,$0,$-0,$0,$0,$0,$-0,$-0,$0,$0,$0,$0,$0,$0,$4,$4,$-0,$5,$0
45,2007-06-30,80.0,$0.00,0.0,0,0.0,0,0.0,$-0.33,0.0,$0.00B,$0.01B,0.03,$0.00B,$-0.01B,0.0,$0.00B,$-0.00B,inf%,$0.00B,$-0.02B,inf%,$0.00B,$-0.02B,inf%,$0.00B,$-0.02B,inf%,$0.00B,$-0.02B,inf%,$0.00B,$-0.02B,inf%,$-0.02B,$-0.01B,1000.00%,$-0.02B,$-0.01B,1000.00%,$-0.02B,$0.00B,-3000.00%,$-0.02B,$-0.01B,1000.00%,$0,$1,$-1,$0,$3,$3,$-3,$-0,$-3,$0,$-3,$-3,$-3,$-3,$-3,$0,0,$-3298160.00,$-3298160.00,$0,$0,$0,$0,$0,$0,$0,$2,$2,$2,$8,$0,$0,$0,$8,$0,$-19,$0,$-6,$2,$-6,$0,$4,$4,$-0,$0,$0,$0,$1,$-2,$-0,$0,$0,$0,$0,$0,$-0,$-0,$0,$0,$0,$0,$0,$0,$2,$2,$-0,$4,$0
