,Date,Stock Price,Book Value per Share,Price to Book Ratio,TTM Sales per Share,Price to Sales Ratio,TTM FCF per Share,Price to FCF Ratio,TTM Net EPS,PE Ratio,Current Assets,Current Liabilities,Current Ratio,Long Term Debt,Shareholder's Equity_x,Debt to Equity Ratio,TTM Revenue_x,TTM Gross Profit,Gross Margin,TTM Revenue_y,TTM Operating Income,Operating Margin,TTM Revenue_x,TTM EBIT,EBIT Margin,TTM Revenue_y,TTM EBITDA,EBITDA Margin,TTM Revenue_x,TTM Pre-Tax Income,Pre-Tax Margin,TTM Revenue_y,TTM Net Income_x,Net Margin,TTM Net Income_y,Shareholder's Equity_y,Return on Equity,TTM Net Income_x,Tangible Equity,Return on Tangible Equity,TTM Net Income_y,Total Assets,Return on Assets,TTM Net Income,LT Investments & Debt,Return on Investment,revenue,cost-goods-sold,gross-profit,research-development-expenses,selling-general-administrative-expenses,operating-expenses,operating-income,total-non-operating-income-expense,pre-tax-income,total-provision-income-taxes,income-after-taxes,income-from-continuous-operations,net-income,ebitda,ebit,basic-shares-outstanding,shares-outstanding,eps-basic-net-earnings-per-share,eps-earnings-per-share-diluted,cash-on-hand,inventory,other-current-assets,total-current-assets,net-property-plant-equipment,long-term-investments,goodwill-intangible-assets-total,other-long-term-assets,total-long-term-assets,total-assets,total-current-liabilities,long-term-debt,other-non-current-liabilities,total-long-term-liabilities,total-liabilities,common-stock-net,retained-earnings-accumulated-deficit,comprehensive-income,total-share-holder-equity,total-liabilities-share-holders-equity,net-income-loss,total-depreciation-amortization-cash-flow,other-non-cash-items,total-non-cash-items,change-in-accounts-receivable,change-in-inventories,change-in-accounts-payable,change-in-assets-liabilities,total-change-in-assets-liabilities,cash-flow-from-operating-activities,net-change-in-property-plant-equipment,net-change-in-intangible-assets,net-acquisitions-divestitures,net-change-in-short-term-investments,net-change-in-long-term-investments,net-change-in-investments-total,investing-activities-other,cash-flow-from-investing-activities,net-long-term-debt,net-current-debt,debt-issuance-retirement-net-total,net-common-equity-issued-repurchased,net-total-equity-issued-repurchased,total-common-preferred-stock-dividends-paid,financial-activities-other,cash-flow-from-financial-activities,net-cash-flow,stock-based-compensation,common-stock-dividends-paid
0,2018-09-30,3.85,$0.51,7.48,$0.45,8.49,$0.81,4.73,$0.14,27.5,$0.00B,$0.00B,0.0,$0.00B,$0.00B,0.0,$0.00B,0,nan%,$0.00B,0,nan%,$0.00B,0,nan%,$0.00B,0,nan%,$0.00B,0,nan%,$0.00B,0,nan%,$0.00B,$0.00B,0.00%,$0.00B,$0.00B,0.00%,$0.00B,$0.00B,0.00%,$0.00B,$0.00B,0.00%,$0,$0,$0,$0,$0,$0,$0,$0,$0,$0,$0,$0,$0,$0,$0,$2,2,$0.11,$0.11,$1,$0,$0,$1,$0,$0,$0,$0,$0,$1,$0,$0,$0,$0,$0,$1,$0,$0,$1,$1,$0,$0,$0,$0,$0,$0,$0,$0,$0,$0,$0,$0,$0,$0,$0,$0,$0,$0,$0,$0,$0,$0,$0,$-0,$0,$-0,$0,$0,$-0
1,2018-06-30,4.7,$0.49,9.52,$0.44,10.77,$0.80,5.89,$0.23,20.42,$0.00B,$0.00B,0.0,$0.00B,$0.00B,0.0,$0.00B,0,nan%,$0.00B,0,nan%,$0.00B,0,nan%,$0.00B,0,nan%,$0.00B,0,nan%,$0.00B,0,nan%,$0.00B,$0.00B,0.00%,$0.00B,$0.00B,0.00%,$0.00B,$0.00B,0.00%,$0.00B,$0.00B,0.00%,$0,$0,$0,$0,$0,$0,$0,$0,$0,$0,$0,$0,$0,$0,$0,$2,2,$0.10,$0.10,$1,$0,$0,$1,$0,$0,$0,$0,$0,$1,$0,$0,$0,$0,$0,$1,$0,$0,$1,$1,$1,$0,$0,$0,$0,$0,$0,$0,$0,$1,$0,$0,$0,$0,$0,$0,$0,$0,$0,$0,$0,$0,$0,$-1,$0,$-1,$-0,$0,$-1
2,2018-03-31,3.66,$0.49,7.51,$0.48,7.67,$0.84,4.35,$0.38,9.64,$0.00B,$0.00B,0.0,$0.00B,$0.00B,0.0,$0.00B,0,nan%,$0.00B,0,nan%,$0.00B,0,nan%,$0.00B,0,nan%,$0.00B,0,nan%,$0.00B,0,nan%,$0.00B,$0.00B,0.00%,$0.00B,$0.00B,0.00%,$0.00B,$0.00B,0.00%,$0.00B,$0.00B,0.00%,$0,$0,$0,$0,$0,$0,$0,$0,$0,$0,$0,$0,$0,$0,$0,$2,2,$0.09,$0.09,$1,$0,$0,$1,$0,$0,$0,$0,$0,$1,$0,$0,$0,$0,$0,$1,$0,$0,$1,$1,$0,$0,$0,$0,$0,$0,$0,$0,$0,$0,$0,$0,$0,$0,$0,$0,$0,$0,$0,$0,$0,$0,$0,$-1,$0,$-1,$-0,$0,$-1
3,2017-12-31,3.25,$0.47,6.91,$0.47,6.97,$0.84,3.89,$0.36,9.03,$0.00B,$0.00B,0.0,$0.00B,$0.00B,0.0,$0.00B,0,nan%,$0.00B,0,nan%,$0.00B,0,nan%,$0.00B,0,nan%,$0.00B,0,nan%,$0.00B,0,nan%,$0.00B,$0.00B,0.00%,$0.00B,$0.00B,0.00%,$0.00B,$0.00B,0.00%,$0.00B,$0.00B,0.00%,$0,$0,$0,$0,$0,$0,$0,$0,$0,$0,$0,$0,$0,$0,$0,$2,2,$0.05,$0.05,$1,$0,$0,$1,$0,$0,$0,$0,$0,$1,$0,$0,$0,$0,$0,$1,$0,$0,$1,$1,$0,$0,$0,$0,$0,$0,$0,$0,$0,$0,$0,$0,$0,$0,$0,$0,$0,$0,$0,$0,$0,$0,$0,$-0,$0,$-0,$-0,$0,$-0
4,2017-09-30,3.66,$0.48,7.68,$0.48,7.56,$0.85,4.32,$0.38,9.64,$0.00B,$0.00B,0.0,$0.00B,$0.00B,0.0,$0.00B,0,nan%,$0.00B,0,nan%,$0.00B,0,nan%,$0.00B,0,nan%,$0.00B,0,nan%,$0.00B,0,nan%,$0.00B,$0.00B,0.00%,$0.00B,$0.00B,0.00%,$0.00B,$0.00B,0.00%,$0.00B,$0.00B,0.00%,$0,$0,$0,$0,$0,$0,$0,$0,$0,$0,$0,$0,$0,$0,$0,$2,2,$0.09,$0.09,$1,$0,$0,$1,$0,$0,$0,$0,$0,$1,$0,$0,$0,$0,$0,$1,$0,$0,$1,$1,$0,$0,$0,$0,$0,$0,$0,$0,$0,$0,$0,$0,$0,$0,$0,$0,$0,$0,$0,$0,$0,$0,$0,$-0,$0,$-0,$-0,$0,$-0
5,2017-06-30,3.4,$0.51,6.68,$0.47,7.17,$0.84,4.05,$0.38,8.96,$0.00B,$0.00B,0.0,$0.00B,$0.00B,0.0,$0.00B,0,nan%,$0.00B,0,nan%,$0.00B,0,nan%,$0.00B,0,nan%,$0.00B,0,nan%,$0.00B,0,nan%,$0.00B,$0.00B,0.00%,$0.00B,$0.00B,0.00%,$0.00B,$0.00B,0.00%,$0.00B,$0.00B,0.00%,$0,$0,$0,$0,$0,$0,$0,$0,$0,$0,$0,$0,$0,$0,$0,$2,2,$0.15,$0.15,$1,$0,$0,$1,$0,$0,$0,$0,$0,$1,$0,$0,$0,$0,$0,$1,$0,$0,$1,$1,$1,$0,$0,$0,$0,$0,$0,$0,$0,$1,$0,$0,$0,$0,$0,$0,$0,$0,$0,$0,$0,$0,$0,$-1,$0,$-1,$0,$0,$-1
6,2017-03-31,3.65,$0.46,8.01,$0.40,9.14,$0.82,4.46,$0.30,12.16,$0.00B,$0.00B,0.0,$0.00B,$0.00B,0.0,$0.00B,0,nan%,$0.00B,0,nan%,$0.00B,0,nan%,$0.00B,0,nan%,$0.00B,0,nan%,$0.00B,0,nan%,$0.00B,$0.00B,0.00%,$0.00B,$0.00B,0.00%,$0.00B,$0.00B,0.00%,$0.00B,$0.00B,0.00%,$0,$0,$0,$0,$0,$0,$0,$0,$0,$0,$0,$0,$0,$0,$0,$2,2,$0.07,$0.07,$1,$0,$0,$1,$0,$0,$0,$0,$0,$1,$0,$0,$0,$0,$0,$1,$0,$0,$1,$1,$0,$0,$0,$0,$0,$0,$0,$0,$0,$0,$0,$0,$0,$0,$0,$0,$0,$0,$0,$0,$0,$0,$0,$-0,$0,$-0,$0,$0,$-0
7,2016-12-31,3.86,$0.43,9.01,$0.41,9.44,$0.88,4.4,$0.32,12.07,$0.00B,$0.00B,0.0,$0.00B,$0.00B,0.0,$0.00B,0,nan%,$0.00B,0,nan%,$0.00B,0,nan%,$0.00B,0,nan%,$0.00B,0,nan%,$0.00B,0,nan%,$0.00B,$0.00B,0.00%,$0.00B,$0.00B,0.00%,$0.00B,$0.00B,0.00%,$0.00B,$0.00B,0.00%,$0,$0,$0,$0,$0,$0,$0,$0,$0,$0,$0,$0,$0,$0,$0,$2,2,$0.07,$0.07,$1,$0,$0,$1,$0,$0,$0,$0,$0,$1,$0,$0,$0,$0,$0,$1,$0,$0,$1,$1,$0,$0,$0,$0,$0,$0,$0,$0,$0,$0,$0,$0,$0,$0,$0,$0,$0,$0,$0,$0,$0,$0,$0,$-0,$0,$-0,$0,$0,$-0
8,2016-09-30,2.63,$0.45,5.82,$0.40,6.56,$0.92,2.87,$0.31,8.49,$0.00B,$0.00B,0.0,$0.00B,$0.00B,0.0,$0.00B,0,nan%,$0.00B,0,nan%,$0.00B,0,nan%,$0.00B,0,nan%,$0.00B,0,nan%,$0.00B,0,nan%,$0.00B,$0.00B,0.00%,$0.00B,$0.00B,0.00%,$0.00B,$0.00B,0.00%,$0.00B,$0.00B,0.00%,$0,$0,$0,$0,$0,$0,$0,$0,$0,$0,$0,$0,$0,$0,$0,$2,2,$0.09,$0.09,$1,$0,$0,$1,$0,$0,$0,$0,$0,$1,$0,$0,$0,$0,$0,$1,$0,$0,$1,$1,$0,$0,$0,$0,$0,$0,$0,$0,$0,$0,$0,$0,$0,$0,$0,$0,$0,$0,$0,$0,$0,$0,$0,$-0,$0,$-0,$0,$0,$-0
9,2016-06-30,3.51,$0.41,8.56,$0.45,7.75,$0.97,3.63,$0.35,10.02,$0.00B,$0.00B,0.0,$0.00B,$0.00B,0.0,$0.00B,0,nan%,$0.00B,0,nan%,$0.00B,0,nan%,$0.00B,0,nan%,$0.00B,0,nan%,$0.00B,0,nan%,$0.00B,$0.00B,0.00%,$0.00B,$0.00B,0.00%,$0.00B,$0.00B,0.00%,$0.00B,$0.00B,0.00%,$0,$0,$0,$0,$0,$0,$0,$0,$0,$0,$0,$0,$0,$0,$0,$2,2,$0.07,$0.07,$1,$0,$0,$1,$0,$0,$0,$0,$0,$1,$0,$0,$0,$0,$0,$1,$0,$0,$1,$1,$1,$0,$0,$0,$0,$0,$0,$0,$0,$1,$0,$0,$0,$0,$0,$0,$0,$0,$0,$0,$0,$0,$0,$-1,$0,$-1,$0,$0,$-1
10,2016-03-31,4.55,$0.41,11.01,$0.50,9.05,$1.56,2.92,$0.40,11.37,$0.00B,$0.00B,0.0,$0.00B,$0.00B,0.0,$0.00B,0,nan%,$0.00B,0,nan%,$0.00B,0,nan%,$0.00B,0,nan%,$0.00B,0,nan%,$0.00B,0,nan%,$0.00B,$0.00B,0.00%,$0.00B,$0.00B,0.00%,$0.00B,$0.00B,0.00%,$0.00B,$0.00B,0.00%,$0,$0,$0,$0,$0,$0,$0,$0,$0,$0,$0,$0,$0,$0,$0,$2,2,$0.09,$0.09,$1,$0,$0,$1,$0,$0,$0,$0,$0,$1,$0,$0,$0,$0,$0,$1,$0,$0,$1,$1,$1,$0,$0,$0,$0,$0,$0,$0,$0,$1,$0,$0,$0,$0,$0,$0,$0,$0,$0,$0,$0,$0,$0,$-1,$0,$-1,$0,$0,$-1
11,2015-12-31,3.37,$0.41,8.15,$0.59,5.72,$2.09,1.61,$0.48,7.02,$0.00B,$0.00B,0.0,$0.00B,$0.00B,0.0,$0.00B,0,nan%,$0.00B,0,nan%,$0.00B,0,nan%,$0.00B,0,nan%,$0.00B,0,nan%,$0.00B,0,nan%,$0.00B,$0.00B,0.00%,$0.00B,$0.00B,0.00%,$0.00B,$0.00B,0.00%,$0.00B,$0.00B,0.00%,$0,$0,$0,$0,$0,$0,$0,$0,$0,$0,$0,$0,$0,$0,$0,$2,2,$0.06,$0.06,$1,$0,$0,$1,$0,$0,$0,$0,$0,$1,$0,$0,$0,$0,$0,$1,$0,$0,$1,$1,$0,$0,$0,$0,$0,$0,$0,$0,$0,$0,$0,$0,$0,$0,$0,$0,$0,$0,$0,$0,$0,$0,$0,$-0,$0,$-0,$0,$0,$-0
12,2015-09-30,4.51,$0.42,10.74,$0.84,5.38,$2.55,1.77,$0.73,6.17,$0.00B,$0.00B,0.0,$0.00B,$0.00B,0.0,$0.00B,$0.00B,100.00%,$0.00B,$0.00B,100.00%,$0.00B,$0.00B,100.00%,$0.00B,$0.00B,100.00%,$0.00B,$0.00B,100.00%,$0.00B,$0.00B,100.00%,$0.00B,$0.00B,100.00%,$0.00B,$0.00B,100.00%,$0.00B,$0.00B,100.00%,$0.00B,$0.00B,100.00%,$0,$0,$0,$0,$0,$0,$0,$0,$0,$0,$0,$0,$0,$0,$0,$2,2,$0.13,$0.13,$1,$0,$0,$1,$0,$0,$0,$0,$0,$1,$0,$0,$0,$0,$0,$1,$0,$0,$1,$1,$0,$0,$0,$0,$0,$0,$0,$0,$0,$0,$0,$0,$0,$0,$0,$0,$0,$0,$0,$0,$0,$0,$0,$-0,$0,$-0,$0,$0,$-0
13,2015-06-30,6.86,$0.40,17.25,$1.06,6.48,$2.76,2.49,$0.94,7.3,$0.00B,$0.00B,0.0,$0.00B,$0.00B,0.0,$0.00B,$0.00B,100.00%,$0.00B,$0.00B,100.00%,$0.00B,$0.00B,100.00%,$0.00B,$0.00B,100.00%,$0.00B,$0.00B,100.00%,$0.00B,$0.00B,100.00%,$0.00B,$0.00B,200.00%,$0.00B,$0.00B,200.00%,$0.00B,$0.00B,200.00%,$0.00B,$0.00B,200.00%,$0,$0,$0,$0,$0,$0,$0,$0,$0,$0,$0,$0,$0,$0,$0,$2,2,$0.12,$0.29,$1,$0,$0,$1,$0,$0,$0,$0,$0,$1,$0,$0,$0,$0,$0,$1,$0,$0,$1,$1,$2,$0,$0,$0,$0,$0,$0,$0,$0,$2,$0,$0,$0,$0,$0,$0,$0,$0,$0,$0,$0,$0,$0,$-2,$0,$-2,$-0,$0,$-2
14,2015-03-31,9.98,$0.42,23.76,$1.32,7.57,$3.22,3.1,$1.18,8.46,$0.00B,$0.00B,0.0,$0.00B,$0.00B,0.0,$0.00B,$0.00B,100.00%,$0.00B,$0.00B,100.00%,$0.00B,$0.00B,100.00%,$0.00B,$0.00B,100.00%,$0.00B,$0.00B,100.00%,$0.00B,$0.00B,100.00%,$0.00B,$0.00B,300.00%,$0.00B,$0.00B,300.00%,$0.00B,$0.00B,300.00%,$0.00B,$0.00B,300.00%,$0,$0,$0,$0,$0,$0,$0,$0,$0,$0,$0,$0,$0,$0,$0,$2,2,$0.17,$0.17,$1,$0,$0,$1,$0,$0,$0,$0,$0,$1,$0,$0,$0,$0,$0,$1,$0,$0,$1,$1,$2,$0,$0,$0,$0,$0,$0,$0,$0,$2,$0,$0,$0,$0,$0,$0,$0,$0,$0,$0,$0,$0,$0,$-2,$0,$-2,$-0,$0,$-2
15,2014-12-31,7.59,$0.56,13.63,$1.40,5.43,$3.45,2.2,$1.25,6.07,$0.00B,$0.00B,0.0,$0.00B,$0.00B,0.0,$0.00B,$0.00B,100.00%,$0.00B,$0.00B,75.00%,$0.00B,$0.00B,75.00%,$0.00B,$0.00B,75.00%,$0.00B,$0.00B,75.00%,$0.00B,$0.00B,75.00%,$0.00B,$0.00B,300.00%,$0.00B,$0.00B,300.00%,$0.00B,$0.00B,300.00%,$0.00B,$0.00B,300.00%,$1,$0,$1,$0,$0,$0,$1,$0,$1,$0,$1,$1,$1,$1,$1,$2,2,$0.31,$0.31,$1,$0,$0,$1,$0,$0,$0,$0,$0,$1,$0,$0,$0,$0,$0,$1,$0,$0,$1,$1,$1,$0,$0,$0,$0,$0,$0,$0,$0,$1,$0,$0,$0,$0,$0,$0,$0,$0,$0,$0,$0,$0,$0,$-1,$0,$-1,$-0,$0,$-1
16,2014-09-30,12.08,$0.54,22.35,$1.54,7.86,$3.61,3.35,$1.39,8.69,$0.00B,$0.00B,0.0,$0.00B,$0.00B,0.0,$0.00B,$0.00B,100.00%,$0.00B,$0.00B,75.00%,$0.00B,$0.00B,75.00%,$0.00B,$0.00B,75.00%,$0.00B,$0.00B,75.00%,$0.00B,$0.00B,75.00%,$0.00B,$0.00B,300.00%,$0.00B,$0.00B,300.00%,$0.00B,$0.00B,300.00%,$0.00B,$0.00B,300.00%,$1,$0,$1,$0,$0,$0,$1,$0,$1,$0,$1,$1,$1,$1,$1,$2,2,$0.34,$0.34,$1,$0,$0,$1,$0,$0,$0,$0,$0,$1,$0,$0,$0,$0,$0,$1,$0,$0,$1,$1,$1,$0,$0,$0,$0,$0,$0,$0,$0,$1,$0,$0,$0,$0,$0,$0,$0,$0,$0,$0,$0,$0,$0,$-1,$0,$-1,$-0,$0,$-1
17,2014-06-30,12.02,$0.57,21.18,$1.56,7.69,$3.63,3.31,$1.41,8.52,$0.00B,$0.00B,0.0,$0.00B,$0.00B,0.0,$0.00B,$0.00B,100.00%,$0.00B,$0.00B,75.00%,$0.00B,$0.00B,75.00%,$0.00B,$0.00B,75.00%,$0.00B,$0.00B,75.00%,$0.00B,$0.00B,75.00%,$0.00B,$0.00B,300.00%,$0.00B,$0.00B,300.00%,$0.00B,$0.00B,300.00%,$0.00B,$0.00B,300.00%,$1,$0,$1,$0,$0,$0,$1,$0,$1,$0,$1,$1,$1,$1,$1,$2,2,$0.36,$0.36,$1,$0,$0,$1,$0,$0,$0,$0,$0,$1,$0,$0,$0,$0,$0,$1,$0,$0,$1,$1,$3,$0,$0,$0,$0,$0,$0,$0,$0,$3,$0,$0,$0,$0,$0,$0,$0,$0,$0,$0,$0,$0,$0,$-3,$0,$-3,$0,$0,$-3
18,2014-03-31,11.42,$0.51,22.43,$1.55,7.36,$2.55,4.48,$1.41,8.1,$0.00B,$0.00B,0.0,$0.00B,$0.00B,0.0,$0.00B,$0.00B,100.00%,$0.00B,$0.00B,75.00%,$0.00B,$0.00B,75.00%,$0.00B,$0.00B,75.00%,$0.00B,$0.00B,75.00%,$0.00B,$0.00B,75.00%,$0.00B,$0.00B,300.00%,$0.00B,$0.00B,300.00%,$0.00B,$0.00B,300.00%,$0.00B,$0.00B,300.00%,$1,$0,$1,$0,$0,$0,$0,$0,$0,$0,$0,$0,$0,$0,$0,$2,2,$0.24,$0.24,$1,$0,$0,$1,$0,$0,$0,$0,$0,$1,$0,$0,$0,$0,$0,$1,$0,$0,$1,$1,$2,$0,$0,$0,$0,$0,$0,$0,$0,$2,$0,$0,$0,$0,$0,$0,$0,$0,$0,$0,$0,$0,$0,$-2,$0,$-2,$-0,$0,$-2
19,2013-12-31,9.72,$0.63,15.5,$1.67,5.81,$2.50,3.89,$1.54,6.31,$0.00B,$0.00B,0.0,$0.00B,$0.00B,0.0,$0.00B,$0.00B,100.00%,$0.00B,$0.00B,100.00%,$0.00B,$0.00B,100.00%,$0.00B,$0.00B,100.00%,$0.00B,$0.00B,100.00%,$0.00B,$0.00B,100.00%,$0.00B,$0.00B,400.00%,$0.00B,$0.00B,400.00%,$0.00B,$0.00B,400.00%,$0.00B,$0.00B,400.00%,$1,$0,$1,$0,$0,$0,$1,$0,$1,$0,$1,$1,$1,$1,$1,$2,2,$0.45,$0.45,$1,$0,$0,$1,$0,$0,$0,$0,$0,$1,$0,$0,$0,$0,$0,$1,$0,$0,$1,$1,$2,$0,$0,$0,$0,$0,$0,$0,$0,$2,$0,$0,$0,$0,$0,$0,$0,$0,$0,$0,$0,$0,$0,$-1,$0,$-1,$0,$0,$-1
20,2013-09-30,11.56,$0.56,20.83,$1.54,7.5,$2.32,4.98,$1.39,8.32,$0.00B,$0.00B,0.0,$0.00B,$0.00B,0.0,$0.00B,$0.00B,100.00%,$0.00B,$0.00B,100.00%,$0.00B,$0.00B,100.00%,$0.00B,$0.00B,100.00%,$0.00B,$0.00B,100.00%,$0.00B,$0.00B,100.00%,$0.00B,$0.00B,400.00%,$0.00B,$0.00B,400.00%,$0.00B,$0.00B,400.00%,$0.00B,$0.00B,400.00%,$1,$0,$1,$0,$0,$0,$1,$0,$1,$0,$1,$1,$1,$1,$1,$2,2,$0.36,$0.36,$1,$0,$0,$1,$0,$0,$0,$0,$0,$1,$0,$0,$0,$0,$0,$1,$0,$0,$1,$1,$1,$0,$0,$0,$0,$0,$0,$0,$0,$1,$0,$0,$0,$0,$0,$0,$0,$0,$0,$0,$0,$0,$0,$-1,$0,$-1,$0,$0,$-1
21,2013-06-30,11.4,$0.55,20.81,$1.50,7.61,$2.29,4.98,$1.36,8.38,$0.00B,$0.00B,0.0,$0.00B,$0.00B,0.0,$0.00B,$0.00B,100.00%,$0.00B,$0.00B,100.00%,$0.00B,$0.00B,100.00%,$0.00B,$0.00B,100.00%,$0.00B,$0.00B,100.00%,$0.00B,$0.00B,100.00%,$0.00B,$0.00B,400.00%,$0.00B,$0.00B,400.00%,$0.00B,$0.00B,400.00%,$0.00B,$0.00B,400.00%,$1,$0,$1,$0,$0,$0,$1,$0,$1,$0,$1,$1,$1,$1,$1,$2,2,$0.36,$0.36,$1,$0,$0,$1,$0,$0,$0,$0,$0,$1,$0,$0,$0,$0,$0,$1,$0,$0,$1,$1,$1,$0,$0,$0,$0,$0,$0,$0,$0,$1,$0,$0,$0,$0,$0,$0,$0,$0,$0,$0,$0,$0,$0,$-1,$0,$-1,$-0,$0,$-1
22,2013-03-31,9.58,$0.58,16.53,$1.52,6.28,$3.87,2.48,$1.38,6.94,$0.00B,$0.00B,0.0,$0.00B,$0.00B,0.0,$0.00B,$0.00B,100.00%,$0.00B,$0.00B,100.00%,$0.00B,$0.00B,100.00%,$0.00B,$0.00B,100.00%,$0.00B,$0.00B,100.00%,$0.00B,$0.00B,100.00%,$0.00B,$0.00B,400.00%,$0.00B,$0.00B,400.00%,$0.00B,$0.00B,400.00%,$0.00B,$0.00B,400.00%,$1,$0,$1,$0,$0,$0,$1,$0,$1,$0,$1,$1,$1,$1,$1,$2,2,$0.37,$0.37,$1,$0,$0,$1,$0,$0,$0,$0,$0,$1,$0,$0,$0,$0,$0,$1,$0,$0,$1,$1,$2,$0,$0,$0,$0,$0,$0,$0,$0,$2,$0,$0,$0,$0,$0,$0,$0,$0,$0,$0,$0,$0,$0,$-2,$0,$-2,$-0,$0,$-2
23,2012-12-31,8.93,$0.55,16.28,$1.65,5.42,$4.39,2.03,$1.50,5.95,$0.00B,$0.00B,0.0,$0.00B,$0.00B,0.0,$0.00B,$0.00B,100.00%,$0.00B,$0.00B,100.00%,$0.00B,$0.00B,100.00%,$0.00B,$0.00B,100.00%,$0.00B,$0.00B,100.00%,$0.00B,$0.00B,100.00%,$0.00B,$0.00B,400.00%,$0.00B,$0.00B,400.00%,$0.00B,$0.00B,400.00%,$0.00B,$0.00B,400.00%,$1,$0,$1,$0,$0,$0,$1,$0,$1,$0,$1,$1,$1,$1,$1,$2,2,$0.30,$0.30,$1,$0,$0,$1,$0,$0,$0,$0,$0,$1,$0,$0,$0,$0,$0,$1,$0,$0,$1,$1,$1,$0,$0,$0,$0,$0,$0,$0,$0,$1,$0,$0,$0,$0,$0,$0,$0,$0,$0,$0,$0,$0,$0,$-1,$0,$-1,$-0,$0,$-1
24,2012-09-30,13.84,$0.54,25.61,$1.84,7.53,$4.80,2.89,$1.69,8.19,$0.00B,$0.00B,0.0,$0.00B,$0.00B,0.0,$0.00B,$0.00B,100.00%,$0.00B,$0.00B,100.00%,$0.00B,$0.00B,100.00%,$0.00B,$0.00B,100.00%,$0.00B,$0.00B,100.00%,$0.00B,$0.00B,100.00%,$0.00B,$0.00B,400.00%,$0.00B,$0.00B,400.00%,$0.00B,$0.00B,400.00%,$0.00B,$0.00B,400.00%,$1,$0,$1,$0,$0,$0,$1,$0,$1,$0,$1,$1,$1,$1,$1,$2,2,$0.33,$0.33,$1,$0,$0,$1,$0,$0,$0,$0,$0,$1,$0,$0,$0,$0,$0,$1,$0,$0,$1,$1,$1,$0,$0,$0,$0,$0,$0,$0,$0,$1,$0,$0,$0,$0,$0,$0,$0,$0,$0,$0,$0,$0,$0,$-1,$0,$-1,$-0,$0,$-1
25,2012-06-30,13.93,$0.59,23.47,$2.06,6.78,$5.01,2.78,$1.91,7.29,$0.00B,$0.00B,0.0,$0.00B,$0.00B,0.0,$0.00B,$0.00B,100.00%,$0.00B,$0.00B,100.00%,$0.00B,$0.00B,100.00%,$0.00B,$0.00B,100.00%,$0.00B,$0.00B,100.00%,$0.00B,$0.00B,100.00%,$0.00B,$0.00B,400.00%,$0.00B,$0.00B,400.00%,$0.00B,$0.00B,400.00%,$0.00B,$0.00B,400.00%,$1,$0,$1,$0,$0,$0,$1,$0,$1,$0,$1,$1,$1,$1,$1,$2,2,$0.38,$0.38,$1,$0,$0,$1,$0,$0,$0,$0,$0,$1,$0,$0,$0,$0,$0,$1,$0,$0,$1,$1,$4,$0,$0,$0,$0,$0,$0,$0,$0,$4,$0,$0,$0,$0,$0,$0,$0,$0,$0,$0,$0,$0,$0,$-4,$0,$-4,$-0,$0,$-4
26,2012-03-31,15.34,$0.64,24.05,$2.13,7.21,$3.11,4.94,$1.99,7.71,$0.00B,$0.00B,0.0,$0.00B,$0.00B,0.0,$0.00B,$0.00B,100.00%,$0.00B,$0.00B,100.00%,$0.00B,$0.00B,100.00%,$0.00B,$0.00B,100.00%,$0.00B,$0.00B,100.00%,$0.00B,$0.00B,100.00%,$0.00B,$0.00B,400.00%,$0.00B,$0.00B,400.00%,$0.00B,$0.00B,400.00%,$0.00B,$0.00B,400.00%,$1,$0,$1,$0,$0,$0,$1,$0,$1,$0,$1,$1,$1,$1,$1,$2,2,$0.49,$0.49,$1,$0,$0,$1,$0,$0,$0,$0,$0,$1,$0,$0,$0,$0,$0,$1,$0,$0,$1,$1,$3,$0,$0,$0,$0,$0,$0,$0,$0,$3,$0,$0,$0,$0,$0,$0,$0,$0,$0,$0,$0,$0,$0,$-3,$0,$-3,$-0,$0,$-3
27,2011-12-31,15.05,$0.65,23.03,$2.05,7.35,$2.72,5.54,$1.90,7.92,$0.00B,$0.00B,0.0,$0.00B,$0.00B,0.0,$0.00B,$0.00B,100.00%,$0.00B,$0.00B,100.00%,$0.00B,$0.00B,100.00%,$0.00B,$0.00B,100.00%,$0.00B,$0.00B,100.00%,$0.00B,$0.00B,100.00%,$0.00B,$0.00B,400.00%,$0.00B,$0.00B,400.00%,$0.00B,$0.00B,400.00%,$0.00B,$0.00B,400.00%,$1,$0,$1,$0,$0,$0,$1,$0,$1,$0,$1,$1,$1,$1,$1,$2,2,$0.49,$0.49,$1,$0,$0,$1,$0,$0,$0,$0,$0,$1,$0,$0,$0,$0,$0,$1,$0,$0,$1,$1,$2,$0,$0,$0,$0,$0,$0,$0,$0,$2,$0,$0,$0,$0,$0,$0,$0,$0,$0,$0,$0,$0,$0,$-2,$0,$-2,$-0,$0,$-2
28,2011-09-30,12.2,$0.69,17.72,$1.88,6.48,$2.41,5.05,$1.76,6.93,$0.00B,$0.00B,0.0,$0.00B,$0.00B,0.0,$0.00B,$0.00B,100.00%,$0.00B,$0.00B,100.00%,$0.00B,$0.00B,100.00%,$0.00B,$0.00B,100.00%,$0.00B,$0.00B,100.00%,$0.00B,$0.00B,100.00%,$0.00B,$0.00B,400.00%,$0.00B,$0.00B,400.00%,$0.00B,$0.00B,400.00%,$0.00B,$0.00B,400.00%,$1,$0,$1,$0,$0,$0,$1,$0,$1,$0,$1,$1,$1,$1,$1,$2,2,$0.55,$0.55,$1,$0,$0,$1,$0,$0,$0,$0,$0,$1,$0,$0,$0,$0,$0,$1,$0,$0,$1,$1,$1,$0,$0,$0,$0,$0,$0,$0,$0,$1,$0,$0,$0,$0,$0,$0,$0,$0,$0,$0,$0,$0,$0,$-1,$0,$-1,$0,$0,$-1
29,2011-06-30,11.73,$0.68,17.25,$1.72,6.81,$2.25,5.22,$1.59,7.38,$0.00B,$0.00B,0.0,$0.00B,$0.00B,0.0,$0.00B,$0.00B,100.00%,$0.00B,$0.00B,100.00%,$0.00B,$0.00B,100.00%,$0.00B,$0.00B,100.00%,$0.00B,$0.00B,100.00%,$0.00B,$0.00B,100.00%,$0.00B,$0.00B,400.00%,$0.00B,$0.00B,400.00%,$0.00B,$0.00B,400.00%,$0.00B,$0.00B,400.00%,$1,$0,$1,$0,$0,$0,$1,$0,$1,$0,$1,$1,$1,$1,$1,$2,2,$0.46,$0.46,$1,$0,$0,$1,$0,$0,$0,$0,$0,$1,$0,$0,$0,$0,$0,$1,$0,$0,$1,$1,$0,$0,$0,$0,$0,$0,$0,$0,$0,$0,$0,$0,$0,$0,$0,$0,$0,$0,$0,$0,$0,$0,$0,$0,$0,$0,$0,$0,$-3
30,2011-03-31,12.96,$0.00,0.0,$1.63,7.93,$2.25,5.76,$1.48,8.76,$0.00B,$0.00B,0.0,$0.00B,$0.00B,0.0,$0.00B,$0.00B,100.00%,$0.00B,$0.00B,100.00%,$0.00B,$0.00B,100.00%,$0.00B,$0.00B,100.00%,$0.00B,$0.00B,100.00%,$0.00B,$0.00B,100.00%,$0.00B,$0.00B,400.00%,$0.00B,$0.00B,400.00%,$0.00B,$0.00B,400.00%,$0.00B,$0.00B,400.00%,$1,$0,$1,$0,$0,$0,$1,$0,$1,$0,$1,$1,$1,$1,$1,$2,2,$0.40,$0.40,$1,$0,$0,$1,$0,$0,$0,$0,$0,$1,$0,$0,$0,$0,$0,$1,$0,$0,$1,$1,$2,$0,$0,$0,$0,$0,$0,$0,$0,$2,$0,$0,$0,$0,$0,$0,$0,$0,$0,$0,$0,$0,$0,$-2,$0,$-2,$0,$0,$-2
31,2010-12-31,12.73,$0.00,0.0,$1.58,8.03,$1.12,11.4,$1.45,8.78,$0.00B,$0.00B,0.0,$0.00B,$0.00B,0.0,$0.00B,$0.00B,100.00%,$0.00B,$0.00B,100.00%,$0.00B,$0.00B,100.00%,$0.00B,$0.00B,100.00%,$0.00B,$0.00B,100.00%,$0.00B,$0.00B,100.00%,$0.00B,$0.00B,400.00%,$0.00B,$0.00B,400.00%,$0.00B,$0.00B,400.00%,$0.00B,$0.00B,400.00%,$1,$0,$1,$0,$0,$0,$1,$0,$1,$0,$1,$1,$1,$1,$1,$2,2,$0.35,$0.35,$1,$0,$0,$1,$0,$0,$0,$0,$0,$1,$0,$0,$0,$0,$0,$0,$0,$0,$1,$1,$1,$0,$0,$0,$0,$0,$0,$0,$0,$1,$0,$0,$0,$0,$0,$0,$0,$0,$0,$0,$0,$0,$0,$-1,$0,$-1,$0,$0,$-1
32,2010-09-30,9.92,$0.00,0.0,$1.54,6.45,$0.38,25.89,$1.39,7.14,$0.00B,$0.00B,0.0,$0.00B,$0.00B,0.0,$0.00B,$0.00B,100.00%,$0.00B,$0.00B,100.00%,$0.00B,$0.00B,100.00%,$0.00B,$0.00B,100.00%,$0.00B,$0.00B,100.00%,$0.00B,$0.00B,100.00%,$0.00B,$0.00B,400.00%,$0.00B,$0.00B,400.00%,$0.00B,$0.00B,400.00%,$0.00B,$0.00B,400.00%,$1,$0,$1,$0,$0,$0,$1,$0,$1,$0,$1,$1,$1,$1,$1,$2,2,$0.38,$0.38,$1,$0,$0,$1,$0,$0,$0,$0,$0,$1,$0,$0,$0,$0,$0,$0,$0,$0,$1,$1,$1,$0,$0,$0,$0,$0,$0,$0,$0,$1,$0,$0,$0,$0,$0,$0,$0,$0,$0,$0,$0,$0,$0,$-1,$0,$-1,$0,$0,$-1
33,2010-06-30,8.3,$0.00,0.0,$1.48,5.61,0,0.0,$1.33,6.24,$0.00B,$0.00B,0.0,$0.00B,$0.00B,0.0,$0.00B,$0.00B,100.00%,$0.00B,$0.00B,100.00%,$0.00B,$0.00B,100.00%,$0.00B,$0.00B,100.00%,$0.00B,$0.00B,100.00%,$0.00B,$0.00B,100.00%,$0.00B,$0.00B,400.00%,$0.00B,$0.00B,400.00%,$0.00B,$0.00B,400.00%,$0.00B,$0.00B,400.00%,$1,$0,$1,$0,$0,$0,$1,$0,$1,$0,$1,$1,$1,$1,$1,$2,2,$0.35,$0.35,$1,$0,$0,$1,$0,$0,$0,$0,$0,$1,$0,$0,$0,$0,$0,$0,$0,$0,$1,$1,$0,$0,$0,$0,$0,$0,$0,$0,$0,$0,$0,$0,$0,$0,$0,$0,$0,$0,$0,$0,$0,$0,$0,$0,$0,$0,$0,$0,$-3
34,2010-03-31,9.22,$0.00,0.0,$1.39,6.62,0,0.0,$1.27,7.26,$0.00B,$0.00B,0.0,$0.00B,$0.00B,0.0,$0.00B,$0.00B,100.00%,$0.00B,$0.00B,100.00%,$0.00B,$0.00B,100.00%,$0.00B,$0.00B,100.00%,$0.00B,$0.00B,100.00%,$0.00B,$0.00B,100.00%,$0.00B,$0.00B,400.00%,$0.00B,$0.00B,400.00%,$0.00B,$0.00B,400.00%,$0.00B,$0.00B,400.00%,$1,$0,$1,$0,$0,$0,$1,$0,$1,$0,$1,$1,$1,$1,$1,$2,2,$0.37,$0.37,$1,$0,$0,$1,$0,$0,$0,$0,$0,$1,$0,$0,$0,$0,$0,$0,$0,$0,$1,$1,$0,$0,$0,$0,$0,$0,$0,$0,$0,$0,$0,$0,$0,$0,$0,$0,$0,$0,$0,$0,$0,$0,$0,$0,$0,$0,$0,$0,$0
35,2009-12-31,7.59,$0.00,0.0,$1.34,5.67,0,0.0,$1.19,6.38,$0.00B,$0.00B,0.0,$0.00B,$0.00B,0.0,$0.00B,$0.00B,100.00%,$0.00B,$0.00B,100.00%,$0.00B,$0.00B,100.00%,$0.00B,$0.00B,100.00%,$0.00B,$0.00B,100.00%,$0.00B,$0.00B,100.00%,$0.00B,$0.00B,400.00%,$0.00B,$0.00B,400.00%,$0.00B,$0.00B,400.00%,$0.00B,$0.00B,400.00%,$1,$0,$1,$0,$0,$0,$1,$0,$1,$0,$1,$1,$1,$1,$1,$2,2,$0.29,$0.29,$1,$0,$0,$1,$0,$0,$0,$0,$0,$1,$0,$0,$0,$0,$0,$1,$0,$0,$1,$1,$0,$0,$0,$0,$0,$0,$0,$0,$0,$0,$0,$0,$0,$0,$0,$0,$0,$0,$0,$0,$0,$0,$0,$0,$0,$0,$0,$0,$0
36,2009-09-30,7.56,$0.00,0.0,$1.54,4.91,0,0.0,$1.39,5.44,$0.00B,$0.00B,0.0,$0.00B,$0.00B,0.0,$0.00B,$0.00B,100.00%,$0.00B,$0.00B,100.00%,$0.00B,$0.00B,100.00%,$0.00B,$0.00B,100.00%,$0.00B,$0.00B,100.00%,$0.00B,$0.00B,100.00%,$0.00B,$0.00B,400.00%,$0.00B,$0.00B,400.00%,$0.00B,$0.00B,400.00%,$0.00B,$0.00B,400.00%,$1,$0,$1,$0,$0,$0,$1,$0,$1,$0,$1,$1,$1,$1,$1,$2,2,$0.32,$0.32,$1,$0,$0,$1,$0,$0,$0,$0,$0,$1,$0,$0,$0,$0,$0,$0,$0,$0,$1,$1,$0,$0,$0,$0,$0,$0,$0,$0,$0,$0,$0,$0,$0,$0,$0,$0,$0,$0,$0,$0,$0,$0,$0,$0,$0,$0,$0,$0,$0
37,2009-06-30,8.76,$0.00,0.0,$2.08,4.21,0,0.0,$1.90,4.61,$0.00B,$0.00B,0.0,$0.00B,$0.00B,0.0,$0.01B,$0.01B,100.00%,$0.01B,$0.01B,100.00%,$0.01B,$0.01B,100.00%,$0.01B,$0.01B,100.00%,$0.01B,$0.01B,100.00%,$0.01B,$0.01B,100.00%,$0.01B,$0.00B,400.00%,$0.01B,$0.00B,400.00%,$0.01B,$0.00B,400.00%,$0.01B,$0.00B,400.00%,$1,$0,$1,$0,$0,$0,$1,$0,$1,$-0,$1,$1,$1,$1,$1,$2,2,$0.29,$0.29,$1,$0,$0,$1,$0,$0,$0,$0,$0,$1,$0,$0,$0,$0,$0,$0,$0,$0,$1,$1,$0,$0,$0,$0,$0,$0,$0,$0,$0,$0,$0,$0,$0,$0,$0,$0,$0,$0,$0,$0,$0,$0,$0,$0,$0,$0,$0,$0,$0
38,2009-03-31,8.78,$0.00,0.0,$2.70,3.25,0,0.0,$2.38,3.69,$0.00B,$0.00B,123.75,$0.00B,$0.00B,0.0,$0.01B,$0.01B,100.00%,$0.01B,$0.01B,100.00%,$0.01B,$0.01B,100.00%,$0.01B,$0.01B,100.00%,$0.01B,$0.01B,100.00%,$0.01B,$0.01B,100.00%,$0.01B,$0.00B,400.00%,$0.01B,$0.00B,400.00%,$0.01B,$0.00B,400.00%,$0.01B,$0.00B,400.00%,$1,$0,$1,$0,$0,$0,$1,$0,$1,$0,$1,$1,$1,$1,$1,$2,2,$0.29,$0.29,$1,$0,$0,$1,$0,$0,$0,$0,$0,$1,$0,$0,$0,$0,$0,$0,$0,$0,$1,$1,$0,$0,$0,$0,$0,$0,$0,$0,$0,$0,$0,$0,$0,$0,$0,$0,$0,$0,$0,$0,$0,$0,$0,$0,$0,$0,$0,$0,$0
39,2008-12-31,9.84,$0.00,0.0,$3.21,3.07,$2.17,4.55,$2.74,3.59,$0.00B,$0.00B,125.0,$0.00B,$0.00B,0.0,$0.01B,$0.01B,100.00%,$0.01B,$0.01B,100.00%,$0.01B,$0.01B,100.00%,$0.01B,$0.01B,100.00%,$0.01B,$0.01B,100.00%,$0.01B,$0.01B,85.71%,$0.01B,$0.00B,266.67%,$0.01B,$0.00B,266.67%,$0.01B,$0.00B,266.67%,$0.01B,$0.00B,311.11%,$1,$0,$1,$0,$0,$0,$1,$0,$1,$0,$1,$1,$1,$1,$1,$2,2,$0.49,$0.49,$1,$0,$0,$1,$0,$0,$0,$0,$0,$1,$0,$0,$0,$0,$0,$0,$0,$0,$1,$1,$0,$0,$0,$0,$0,$0,$0,$0,$0,$0,$0,$0,$0,$0,$0,$0,$0,$0,$0,$0,$0,$0,$0,$0,$0,$0,$0,$0,$0
40,2008-09-30,10.61,$0.00,0.0,$3.29,3.22,$3.62,2.93,$2.82,3.76,$0.00B,$0.00B,222.5,$0.00B,$0.00B,0.0,$0.01B,$0.01B,100.00%,$0.01B,$0.01B,100.00%,$0.01B,$0.01B,100.00%,$0.01B,$0.01B,100.00%,$0.01B,$0.01B,100.00%,$0.01B,$0.01B,85.71%,$0.01B,$0.00B,218.18%,$0.01B,$0.00B,218.18%,$0.01B,$0.00B,218.18%,$0.01B,$0.00B,254.55%,$2,$0,$2,$0,$0,$0,$2,$0,$2,$0,$2,$2,$2,$2,$2,$2,2,$0.83,$0.83,$2,$0,$0,$2,$0,$0,$0,$0,$0,$2,$0,$0,$0,$0,$0,$0,$0,$0,$2,$2,$0,$0,$0,$0,$0,$0,$0,$0,$0,$0,$0,$0,$0,$0,$0,$0,$0,$0,$0,$0,$0,$0,$0,$0,$0,$0,$0,$0,$0
41,2008-06-30,15.02,$0.00,0.0,$3.12,4.81,$4.46,3.37,$2.66,5.65,$0.00B,$0.00B,185.56,$0.00B,$0.00B,0.0,$0.01B,$0.01B,100.00%,$0.01B,$0.01B,100.00%,$0.01B,$0.01B,100.00%,$0.01B,$0.01B,100.00%,$0.01B,$0.01B,100.00%,$0.01B,$0.01B,83.33%,$0.01B,$0.00B,153.85%,$0.01B,$0.00B,153.85%,$0.01B,$0.00B,153.85%,$0.01B,$0.00B,184.62%,$2,$0,$2,$0,$0,$0,$2,$0,$2,$0,$2,$2,$2,$2,$2,$2,2,$0.77,$0.77,$2,$0,$0,$2,$0,$0,$0,$0,$0,$2,$0,$0,$0,$0,$0,$0,$0,$0,$2,$2,$0,$0,$0,$0,$0,$0,$0,$0,$0,$0,$0,$0,$0,$0,$0,$0,$0,$0,$0,$0,$0,$0,$0,$0,$0,$0,$0,$0,$0
42,2008-03-31,13.8,$0.00,0.0,$3.04,4.54,$7.01,1.97,$2.72,5.07,$0.00B,$0.00B,976.67,$0.00B,$0.00B,0.0,$0.01B,$0.01B,100.00%,$0.01B,$0.01B,100.00%,$0.01B,$0.01B,100.00%,$0.01B,$0.01B,100.00%,$0.01B,$0.01B,100.00%,$0.01B,$0.01B,83.33%,$0.01B,$0.00B,133.33%,$0.01B,$0.00B,133.33%,$0.01B,$0.00B,133.33%,$0.01B,$0.00B,160.00%,$2,$0,$2,$0,$0,$0,$2,$0,$2,$0,$2,$1,$1,$2,$2,$2,2,$0.65,$0.65,$2,$0,$0,$3,$0,$1,$0,$0,$1,$4,$0,$0,$0,$0,$0,$0,$4,$0,$4,$4,$4,$0,$0,$0,$0,$0,$0,$0,$0,$4,$0,$0,$0,$0,$0,$0,$0,$0,$0,$0,$0,$0,$0,$0,$0,$-4,$-0,$0,$0
43,2007-12-31,15.46,$0.00,0.0,$3.04,5.09,$6.71,2.31,$2.68,5.77,$0.00B,$0.00B,441.67,$0.00B,$0.00B,0.0,$0.01B,$0.01B,100.00%,$0.01B,$0.01B,100.00%,$0.01B,$0.01B,100.00%,$0.01B,$0.01B,100.00%,$0.01B,$0.01B,100.00%,$0.01B,$0.01B,83.33%,$0.01B,$0.00B,133.33%,$0.01B,$0.00B,133.33%,$0.01B,$0.00B,133.33%,$0.01B,$0.00B,160.00%,$1,$0,$1,$0,$0,$0,$1,$0,$1,$0,$1,$1,$1,$1,$1,$2,2,$0.57,$0.57,$1,$0,$0,$3,$0,$1,$0,$0,$1,$3,$0,$0,$0,$0,$0,$0,$3,$0,$3,$3,$2,$0,$0,$0,$0,$0,$0,$0,$0,$3,$0,$0,$0,$0,$0,$0,$0,$0,$0,$0,$0,$0,$0,$-3,$0,$-3,$-0,$0,$0
44,2007-09-30,14.36,$0.00,0.0,$3.12,4.6,$6.42,2.24,$2.76,5.2,$0.00B,$0.00B,302.0,$0.00B,$0.00B,0.0,$0.01B,$0.01B,100.00%,$0.01B,$0.01B,100.00%,$0.01B,$0.01B,100.00%,$0.01B,$0.01B,100.00%,$0.01B,$0.01B,100.00%,$0.01B,$0.01B,83.33%,$0.01B,$0.00B,133.33%,$0.01B,$0.00B,133.33%,$0.01B,$0.00B,133.33%,$0.01B,$0.00B,160.00%,$1,$0,$1,$0,$0,$0,$1,$0,$1,$0,$1,$1,$1,$1,$1,$2,2,$0.67,$0.67,$2,$0,$0,$3,$0,$1,$0,$0,$1,$4,$0,$0,$0,$0,$0,$0,$4,$0,$4,$4,$1,$0,$0,$0,$0,$0,$0,$0,$0,$2,$0,$0,$0,$0,$0,$0,$0,$0,$0,$0,$0,$0,$0,$-2,$0,$-2,$0,$0,$0
45,2007-06-30,13.03,$0.00,0.0,$3.10,4.2,$6.23,2.09,$2.77,4.7,$0.00B,$0.00B,396.25,$0.00B,$0.00B,0.0,$0.01B,$0.01B,100.00%,$0.01B,$0.01B,100.00%,$0.01B,$0.01B,100.00%,$0.01B,$0.01B,100.00%,$0.01B,$0.01B,100.00%,$0.01B,$0.01B,83.33%,$0.01B,$0.00B,142.86%,$0.01B,$0.00B,142.86%,$0.01B,$0.00B,142.86%,$0.01B,$0.00B,171.43%,$2,$0,$2,$0,$0,$0,$2,$0,$2,$0,$2,$2,$2,$2,$2,$2,2,$0.83,$0.83,$2,$0,$0,$3,$0,$1,$0,$0,$1,$4,$0,$0,$0,$0,$0,$0,$0,$0,$4,$4,$6,$0,$0,$0,$0,$0,$0,$0,$-1,$5,$0,$0,$0,$0,$0,$0,$0,$0,$0,$0,$0,$0,$0,$0,$-5,$-5,$0,$0,$0
46,2007-03-31,10.7,$0.00,0.0,$3.05,3.5,$6.02,1.78,$2.66,4.02,$0.00B,$0.00B,976.67,$0.00B,$0.00B,0.0,$0.01B,$0.01B,100.00%,$0.01B,$0.01B,100.00%,$0.01B,$0.01B,100.00%,$0.01B,$0.01B,100.00%,$0.01B,$0.01B,83.33%,$0.01B,$0.00B,66.67%,$0.00B,$0.00B,123.08%,$0.00B,$0.00B,123.08%,$0.00B,$0.00B,123.08%,$0.01B,$0.00B,184.62%,$2,$0,$2,$0,$0,$0,$2,$0,$2,$0,$2,$1,$1,$2,$2,$2,2,$0.61,$0.61,$2,$0,$0,$3,$0,$1,$0,$0,$1,$4,$0,$0,$0,$0,$0,$0,$0,$0,$4,$4,$4,$0,$0,$0,$0,$0,$0,$0,$-0,$4,$0,$0,$0,$0,$0,$0,$0,$0,$0,$0,$0,$0,$0,$-4,$0,$-4,$0,$0,$0
47,2006-12-31,9.86,$0.00,0.0,$2.74,3.6,$5.96,1.66,$2.54,3.88,$0.00B,$0.00B,866.67,$0.00B,$0.00B,0.0,$0.01B,$0.01B,100.00%,$0.01B,$0.01B,100.00%,$0.01B,$0.01B,100.00%,$0.01B,$0.01B,100.00%,$0.01B,$0.00B,80.00%,$0.01B,$0.00B,80.00%,$0.00B,$0.00B,145.45%,$0.00B,$0.00B,145.45%,$0.00B,$0.00B,145.45%,$0.01B,$0.00B,181.82%,$1,$0,$1,$0,$0,$0,$1,$0,$1,$0,$1,$1,$1,$1,$1,$2,2,$0.65,$0.65,$2,$0,$0,$3,$0,$1,$0,$0,$1,$3,$0,$0,$0,$0,$0,$0,$0,$0,$3,$3,$3,$0,$0,$0,$0,$0,$0,$0,$-0,$2,$0,$0,$0,$0,$0,$0,$0,$0,$0,$0,$0,$0,$0,$0,$0,$-2,$0,$0,$0
