,Date,Stock Price,Book Value per Share,Price to Book Ratio,TTM Sales per Share,Price to Sales Ratio,TTM FCF per Share,Price to FCF Ratio,TTM Net EPS,PE Ratio,Current Assets,Current Liabilities,Current Ratio,Long Term Debt,Shareholder's Equity_x,Debt to Equity Ratio,TTM Revenue_x,TTM Gross Profit,Gross Margin,TTM Revenue_y,TTM Operating Income,Operating Margin,TTM Revenue_x,TTM EBIT,EBIT Margin,TTM Revenue_y,TTM EBITDA,EBITDA Margin,TTM Revenue_x,TTM Pre-Tax Income,Pre-Tax Margin,TTM Revenue_y,TTM Net Income_x,Net Margin,TTM Net Income_y,Shareholder's Equity_y,Return on Equity,TTM Net Income_x,Tangible Equity,Return on Tangible Equity,TTM Net Income_y,Total Assets,Return on Assets,TTM Net Income,LT Investments & Debt,Return on Investment,revenue,cost-goods-sold,gross-profit,research-development-expenses,selling-general-administrative-expenses,operating-expenses,operating-income,total-non-operating-income-expense,pre-tax-income,total-provision-income-taxes,income-after-taxes,income-from-continuous-operations,net-income,ebitda,ebit,basic-shares-outstanding,shares-outstanding,eps-basic-net-earnings-per-share,eps-earnings-per-share-diluted,cash-on-hand,inventory,other-current-assets,total-current-assets,net-property-plant-equipment,long-term-investments,goodwill-intangible-assets-total,other-long-term-assets,total-long-term-assets,total-assets,total-current-liabilities,long-term-debt,other-non-current-liabilities,total-long-term-liabilities,total-liabilities,common-stock-net,retained-earnings-accumulated-deficit,comprehensive-income,total-share-holder-equity,total-liabilities-share-holders-equity,net-income-loss,total-depreciation-amortization-cash-flow,other-non-cash-items,total-non-cash-items,change-in-accounts-receivable,change-in-inventories,change-in-accounts-payable,change-in-assets-liabilities,total-change-in-assets-liabilities,cash-flow-from-operating-activities,net-change-in-property-plant-equipment,net-change-in-intangible-assets,net-acquisitions-divestitures,net-change-in-short-term-investments,net-change-in-long-term-investments,net-change-in-investments-total,investing-activities-other,cash-flow-from-investing-activities,net-long-term-debt,net-current-debt,debt-issuance-retirement-net-total,net-common-equity-issued-repurchased,net-total-equity-issued-repurchased,total-common-preferred-stock-dividends-paid,financial-activities-other,cash-flow-from-financial-activities,net-cash-flow,stock-based-compensation,common-stock-dividends-paid
0,2018-06-30,58.58,$25.96,2.26,$49.70,1.18,$5.75,10.18,$3.04,19.27,$0.63B,$0.31B,2.05,$1.00B,$0.83B,1.2,$1.59B,$0.59B,36.90%,$1.59B,$0.12B,7.29%,$1.59B,$0.12B,7.29%,$1.59B,$0.19B,11.94%,$1.59B,$0.08B,5.28%,$1.59B,$0.10B,6.10%,$0.10B,$0.83B,11.74%,$0.10B,$-0.57B,-17.13%,$0.10B,$2.41B,4.08%,$0.12B,$1.83B,6.44%,$407,$259,$149,$0,$93,$360,$47,$-8,$39,$10,$30,$30,$30,$58,$47,$0,32,$0.00,$0.93,$54,$185,$64,$630,$255,$50,$1406,$68,$1783,$2413,$307,$999,$59,$1273,$1580,$36,$1017,$-175,$833,$2413,$78,$57,$-34,$23,$0,$0,$0,$-17,$-17,$83,$-32,$0,$-120,$0,$-12,$-12,$3,$-161,$114,$0,$114,$-20,$-20,$-19,$0,$76,$-4,$11,$-19
1,2018-03-31,50.21,$26.52,1.89,$48.71,1.03,$6.11,8.22,$3.18,15.79,$0.65B,$0.31B,2.08,$1.02B,$0.85B,1.2,$1.57B,$0.58B,36.90%,$1.57B,$0.12B,7.33%,$1.57B,$0.12B,7.33%,$1.57B,$0.19B,11.92%,$1.57B,$0.09B,5.93%,$1.57B,$0.10B,6.50%,$0.10B,$0.85B,12.61%,$0.10B,$-0.59B,-18.18%,$0.10B,$2.46B,4.37%,$0.12B,$1.87B,6.53%,$412,$260,$152,$0,$106,$374,$38,$-9,$29,$4,$24,$24,$24,$50,$38,$32,32,$0.77,$0.77,$65,$182,$58,$647,$262,$50,$1438,$64,$1816,$2463,$311,$1019,$53,$1300,$1611,$36,$990,$-128,$852,$2463,$53,$37,$-31,$6,$0,$0,$0,$-3,$-3,$56,$-22,$0,$-120,$0,$-12,$-12,$2,$-152,$132,$0,$132,$-18,$-18,$-12,$0,$102,$7,$8,$-12
2,2017-12-31,52.21,$25.72,2.03,$47.41,1.1,$5.98,8.73,$3.07,17.01,$0.61B,$0.29B,2.1,$0.99B,$0.83B,1.2,$1.54B,$0.57B,36.91%,$1.54B,$0.11B,7.29%,$1.54B,$0.11B,7.29%,$1.54B,$0.18B,11.78%,$1.54B,$0.09B,6.12%,$1.54B,$0.10B,6.45%,$0.10B,$0.83B,12.83%,$0.10B,$-0.57B,-17.58%,$0.10B,$2.38B,4.38%,$0.11B,$1.83B,6.60%,$414,$264,$150,$0,$112,$384,$30,$-10,$20,$2,$18,$18,$18,$35,$30,$32,32,$0.57,$0.57,$60,$179,$54,$613,$254,$50,$1404,$59,$1769,$2382,$293,$994,$40,$1259,$1552,$36,$978,$-144,$831,$2382,$35,$17,$-34,$-16,$0,$0,$0,$-11,$-11,$8,$-12,$0,$-86,$0,$-12,$-12,$1,$-108,$113,$0,$113,$-4,$-4,$-6,$0,$103,$3,$5,$-6
3,2017-09-30,61.34,$24.58,2.5,$46.57,1.32,$6.45,9.52,$2.25,27.26,$0.60B,$0.29B,2.09,$0.88B,$0.79B,1.12,$1.52B,$0.56B,37.14%,$1.52B,$0.11B,7.45%,$1.52B,$0.11B,7.45%,$1.52B,$0.18B,11.87%,$1.52B,$0.10B,6.40%,$1.52B,$0.07B,4.88%,$0.07B,$0.79B,10.05%,$0.07B,$-0.53B,-13.35%,$0.07B,$2.25B,3.38%,$0.11B,$1.67B,6.88%,$369,$239,$131,$0,$113,$352,$18,$-8,$10,$-25,$35,$35,$35,$47,$18,$32,32,$1.11,$1.10,$58,$171,$47,$595,$236,$38,$1322,$52,$1650,$2245,$285,$882,$26,$1169,$1454,$36,$949,$-154,$790,$2245,$74,$68,$21,$89,$0,$0,$0,$-13,$-13,$149,$-45,$0,$-98,$0,$-2,$-2,$4,$-142,$29,$0,$29,$-14,$-14,$-22,$0,$-7,$2,$15,$-22
4,2017-06-30,60.2,$23.67,2.54,$45.87,1.31,$6.24,9.65,$2.39,25.19,$0.62B,$0.29B,2.13,$0.91B,$0.76B,1.19,$1.50B,$0.56B,37.14%,$1.50B,$0.12B,8.22%,$1.50B,$0.12B,8.22%,$1.50B,$0.19B,12.63%,$1.50B,$0.11B,7.01%,$1.50B,$0.08B,5.21%,$0.08B,$0.76B,10.90%,$0.08B,$-0.55B,-14.05%,$0.08B,$2.24B,3.62%,$0.12B,$1.67B,7.63%,$396,$242,$154,$0,$112,$366,$30,$-5,$25,$5,$20,$20,$20,$55,$30,$32,33,$0.62,$0.59,$57,$180,$71,$615,$238,$35,$1314,$34,$1621,$2236,$288,$910,$28,$1185,$1474,$36,$934,$-167,$762,$2236,$54,$51,$5,$56,$0,$0,$0,$-14,$-14,$96,$-32,$0,$-96,$0,$0,$0,$1,$-128,$61,$0,$61,$-12,$-12,$-16,$0,$33,$1,$12,$-16
5,2017-03-31,66.33,$21.86,3.03,$45.58,1.46,$6.29,10.54,$2.21,30.02,$0.58B,$0.28B,2.1,$0.92B,$0.70B,1.3,$1.49B,$0.56B,37.41%,$1.49B,$0.13B,8.53%,$1.49B,$0.13B,8.53%,$1.49B,$0.19B,12.89%,$1.49B,$0.10B,6.85%,$1.49B,$0.07B,4.90%,$0.07B,$0.70B,10.44%,$0.07B,$-0.59B,-13.11%,$0.07B,$2.17B,3.44%,$0.13B,$1.62B,7.97%,$390,$246,$144,$0,$101,$353,$37,$1,$38,$9,$29,$29,$29,$44,$37,$32,33,$0.91,$0.91,$44,$175,$63,$584,$224,$34,$1298,$33,$1590,$2174,$279,$918,$31,$1191,$1470,$36,$909,$-200,$704,$2174,$25,$32,$5,$37,$0,$0,$0,$-18,$-18,$44,$-13,$0,$-93,$0,$0,$0,$1,$-105,$70,$0,$70,$-9,$-9,$-11,$0,$50,$-12,$9,$-11
6,2016-12-31,75.16,$21.34,3.52,$44.94,1.67,$6.18,12.16,$2.18,34.48,$0.61B,$0.24B,2.56,$0.91B,$0.69B,1.33,$1.48B,$0.56B,37.76%,$1.48B,$0.13B,8.54%,$1.48B,$0.13B,8.54%,$1.48B,$0.19B,12.95%,$1.48B,$0.10B,6.85%,$1.48B,$0.07B,4.88%,$0.07B,$0.69B,10.16%,$0.07B,$-0.54B,-13.32%,$0.07B,$2.11B,3.40%,$0.13B,$1.60B,7.91%,$381,$242,$138,$0,$106,$354,$27,$-6,$21,$6,$15,$15,$15,$34,$27,$32,33,$0.46,$0.46,$106,$166,$54,$612,$210,$33,$1227,$24,$1495,$2107,$239,$914,$32,$1180,$1419,$36,$900,$-206,$688,$2107,$10,$15,$3,$19,$0,$0,$0,$-13,$-13,$16,$-5,$0,$-11,$0,$0,$0,$0,$-16,$66,$0,$66,$-6,$-6,$-5,$0,$54,$51,$6,$-5
7,2016-09-30,59.29,$22.07,2.69,$44.85,1.32,$5.72,10.37,$2.04,29.06,$0.57B,$0.26B,2.21,$0.85B,$0.71B,1.19,$1.48B,$0.56B,37.64%,$1.48B,$0.12B,8.04%,$1.48B,$0.12B,8.04%,$1.48B,$0.19B,12.50%,$1.48B,$0.09B,6.35%,$1.48B,$0.07B,4.53%,$0.07B,$0.71B,9.34%,$0.07B,$-0.54B,-12.39%,$0.07B,$2.09B,3.16%,$0.12B,$1.55B,7.45%,$349,$222,$127,$0,$108,$330,$19,$-6,$13,$2,$10,$10,$10,$56,$19,$32,32,$0.32,$0.32,$56,$162,$61,$574,$219,$31,$1245,$20,$1517,$2091,$259,$845,$37,$1122,$1382,$36,$896,$-182,$709,$2091,$66,$65,$5,$71,$0,$0,$0,$3,$3,$140,$-42,$0,$-7,$0,$0,$0,$1,$-47,$-30,$0,$-30,$-52,$-52,$-19,$-8,$-109,$-16,$11,$-19
8,2016-06-30,54.16,$21.65,2.5,$44.49,1.22,$5.52,9.81,$1.81,29.92,$0.60B,$0.27B,2.26,$0.90B,$0.70B,1.29,$1.47B,$0.55B,37.53%,$1.47B,$0.11B,7.61%,$1.47B,$0.11B,7.61%,$1.47B,$0.18B,12.03%,$1.47B,$0.09B,5.85%,$1.47B,$0.06B,4.08%,$0.06B,$0.70B,8.30%,$0.06B,$-0.56B,-11.09%,$0.06B,$2.13B,2.81%,$0.11B,$1.59B,6.94%,$377,$230,$147,$0,$86,$337,$40,$-6,$33,$10,$24,$24,$24,$58,$40,$33,33,$0.73,$0.73,$74,$167,$73,$600,$222,$27,$1254,$22,$1527,$2127,$266,$898,$32,$1166,$1431,$36,$872,$-168,$695,$2127,$43,$49,$6,$55,$0,$0,$0,$1,$1,$98,$-33,$0,$-7,$0,$0,$0,$1,$-38,$16,$0,$16,$-53,$-53,$-14,$-7,$-57,$2,$8,$-14
9,2016-03-31,49.95,$22.54,2.22,$43.81,1.14,$5.55,9.0,$1.78,28.06,$0.58B,$0.23B,2.52,$0.88B,$0.74B,1.18,$1.45B,$0.54B,37.28%,$1.45B,$0.10B,6.74%,$1.45B,$0.10B,6.74%,$1.45B,$0.16B,11.14%,$1.45B,$0.08B,5.71%,$1.45B,$0.06B,4.06%,$0.06B,$0.74B,8.00%,$0.06B,$-0.53B,-11.87%,$0.06B,$2.14B,2.83%,$0.10B,$1.62B,6.23%,$382,$237,$145,$0,$105,$341,$41,$-5,$35,$12,$24,$24,$24,$43,$41,$33,33,$0.73,$0.73,$59,$169,$76,$579,$229,$26,$1273,$17,$1565,$2144,$230,$875,$32,$1170,$1400,$36,$853,$-144,$744,$2144,$19,$32,$4,$37,$0,$0,$0,$-4,$-4,$52,$-24,$0,$-6,$0,$0,$0,$1,$-29,$-16,$0,$-16,$-6,$-6,$-10,$-4,$-36,$-13,$5,$-10
10,2015-12-31,51.71,$21.80,2.37,$43.28,1.19,$5.70,9.08,$1.64,31.53,$0.59B,$0.22B,2.62,$0.90B,$0.72B,1.25,$1.44B,$0.53B,37.05%,$1.44B,$0.09B,6.34%,$1.44B,$0.09B,6.34%,$1.44B,$0.16B,10.79%,$1.44B,$0.08B,5.29%,$1.44B,$0.05B,3.76%,$0.05B,$0.72B,7.36%,$0.05B,$-0.54B,-11.58%,$0.05B,$2.13B,2.66%,$0.09B,$1.62B,5.98%,$367,$229,$138,$0,$111,$341,$26,$-6,$20,$6,$14,$14,$14,$28,$26,$33,33,$0.44,$0.43,$78,$172,$67,$585,$227,$26,$1260,$16,$1542,$2126,$223,$901,$27,$1183,$1406,$36,$844,$-158,$720,$2126,$5,$16,$1,$17,$0,$0,$0,$-11,$-11,$10,$-14,$0,$0,$0,$0,$0,$1,$-13,$11,$0,$11,$-5,$-5,$-5,$-4,$-3,$-7,$3,$-5
11,2015-09-30,47.25,$22.33,2.12,$43.00,1.1,$5.80,8.15,$1.95,24.23,$0.61B,$0.25B,2.43,$0.89B,$0.73B,1.21,$1.43B,$0.53B,37.17%,$1.43B,$0.11B,7.36%,$1.43B,$0.11B,7.36%,$1.43B,$0.17B,11.78%,$1.43B,$0.09B,6.24%,$1.43B,$0.06B,4.42%,$0.06B,$0.73B,8.46%,$0.06B,$-0.54B,-14.58%,$0.06B,$2.14B,3.16%,$0.11B,$1.63B,7.07%,$354,$228,$127,$0,$115,$342,$12,$-6,$6,$2,$5,$5,$5,$48,$12,$33,33,$0.14,$0.14,$72,$171,$77,$605,$227,$26,$1271,$14,$1539,$2144,$249,$891,$29,$1161,$1410,$36,$844,$-150,$734,$2144,$63,$63,$23,$86,$0,$0,$0,$-8,$-8,$141,$-48,$0,$-203,$0,$0,$0,$-12,$-263,$179,$0,$179,$-11,$-11,$-18,$-20,$131,$9,$9,$-18
12,2015-06-30,51.15,$22.80,2.24,$44.18,1.16,$5.16,9.92,$1.60,31.97,$0.55B,$0.25B,2.2,$0.68B,$0.75B,0.9,$1.41B,$0.51B,35.87%,$1.41B,$0.09B,6.11%,$1.41B,$0.09B,6.11%,$1.41B,$0.15B,10.58%,$1.41B,$0.07B,5.11%,$1.41B,$0.05B,3.55%,$0.05B,$0.75B,6.62%,$0.05B,$-0.38B,-12.37%,$0.05B,$1.93B,2.55%,$0.09B,$1.43B,5.93%,$368,$227,$142,$0,$109,$336,$33,$-8,$25,$8,$17,$17,$17,$43,$33,$33,33,$0.52,$0.51,$70,$143,$54,$549,$199,$27,$1135,$14,$1382,$1930,$249,$676,$28,$930,$1179,$36,$832,$-124,$752,$1930,$46,$47,$-2,$45,$0,$0,$0,$11,$11,$102,$-35,$0,$9,$0,$0,$0,$-12,$-38,$-35,$0,$-35,$-6,$-6,$-13,$-0,$-54,$7,$7,$-13
13,2015-03-31,49.45,$22.11,2.24,$43.38,1.14,$4.71,10.51,$1.60,30.91,$0.54B,$0.23B,2.37,$0.68B,$0.73B,0.94,$1.32B,$0.47B,35.83%,$1.32B,$0.09B,6.88%,$1.32B,$0.09B,6.88%,$1.32B,$0.15B,11.11%,$1.32B,$0.07B,5.22%,$1.32B,$0.05B,3.48%,$0.05B,$0.73B,6.44%,$0.05B,$-0.40B,-14.92%,$0.05B,$1.92B,2.56%,$0.09B,$1.41B,6.86%,$365,$229,$135,$0,$108,$337,$27,$5,$32,$9,$23,$23,$23,$36,$27,$33,33,$0.70,$0.70,$63,$147,$56,$541,$198,$27,$1132,$18,$1380,$1921,$228,$684,$56,$964,$1192,$36,$822,$-135,$729,$1921,$23,$32,$-2,$30,$0,$0,$0,$-0,$-0,$52,$-20,$0,$10,$0,$0,$0,$-12,$-21,$-25,$0,$-25,$-6,$-6,$-9,$-0,$-40,$-14,$5,$-9
14,2014-12-31,46.6,$23.21,2.01,$41.83,1.11,$4.22,11.04,$1.72,27.09,$0.55B,$0.22B,2.47,$0.71B,$0.77B,0.92,$1.22B,$0.44B,35.71%,$1.22B,$0.09B,7.62%,$1.22B,$0.09B,7.62%,$1.22B,$0.14B,11.55%,$1.22B,$0.07B,6.06%,$1.22B,$0.05B,3.93%,$0.05B,$0.77B,7.11%,$0.05B,$-0.40B,-22.64%,$0.05B,$1.97B,2.96%,$0.09B,$1.47B,7.72%,$349,$222,$128,$0,$108,$330,$19,$-6,$13,$4,$9,$9,$9,$41,$19,$33,33,$0.27,$0.27,$69,$155,$41,$546,$206,$27,$1168,$19,$1425,$1971,$221,$705,$56,$985,$1206,$36,$817,$-93,$765,$1971,$14,$15,$-5,$10,$0,$0,$0,$-16,$-16,$8,$-9,$0,$10,$0,$0,$0,$1,$2,$-7,$0,$-7,$-4,$-4,$-4,$0,$-16,$-7,$3,$-4
15,2014-09-30,41.9,$23.58,1.78,$39.86,1.05,$4.53,9.26,$1.56,26.86,$0.57B,$0.25B,2.24,$0.71B,$0.78B,0.92,$1.11B,$0.39B,35.41%,$1.11B,$0.08B,7.41%,$1.11B,$0.08B,7.41%,$1.11B,$0.12B,11.20%,$1.11B,$0.07B,6.05%,$1.11B,$0.04B,3.79%,$0.04B,$0.78B,6.73%,$0.04B,$-0.43B,-35.44%,$0.04B,$2.02B,2.93%,$0.08B,$1.49B,7.69%,$344,$219,$125,$0,$99,$318,$26,$-6,$19,$5,$14,$14,$14,$29,$26,$33,33,$0.44,$0.43,$63,$153,$49,$566,$209,$23,$1201,$20,$1458,$2024,$253,$714,$53,$996,$1249,$36,$798,$-67,$775,$2024,$43,$43,$11,$54,$0,$0,$0,$-6,$-6,$91,$-29,$0,$-382,$0,$0,$0,$0,$-411,$357,$0,$357,$-2,$-2,$-13,$-4,$338,$15,$7,$-13
16,2014-06-30,39.59,$17.96,2.2,$36.79,1.08,$5.40,7.33,$1.92,20.62,$0.46B,$0.19B,2.37,$0.35B,$0.59B,0.59,$1.01B,$0.37B,36.14%,$1.01B,$0.09B,8.91%,$1.01B,$0.09B,8.91%,$1.01B,$0.13B,12.77%,$1.01B,$0.08B,7.72%,$1.01B,$0.05B,5.15%,$0.05B,$0.59B,9.17%,$0.05B,$0.00B,-228.57%,$0.05B,$1.26B,4.23%,$0.09B,$0.94B,9.81%,$350,$233,$117,$0,$102,$335,$14,$-7,$8,$3,$5,$5,$4,$41,$14,$28,28,$0.11,$0.10,$81,$142,$23,$455,$175,$24,$589,$15,$804,$1259,$192,$345,$28,$477,$669,$36,$805,$-22,$590,$1259,$38,$28,$2,$30,$0,$0,$0,$-6,$-6,$62,$-19,$0,$0,$0,$0,$0,$0,$-19,$-8,$0,$-8,$-3,$-3,$-9,$-4,$-24,$21,$5,$-9
17,2014-03-31,38.76,$20.89,1.86,$35.74,1.08,$5.84,6.64,$1.87,20.73,$0.42B,$0.17B,2.49,$0.35B,$0.57B,0.62,$0.98B,$0.35B,35.88%,$0.98B,$0.09B,9.07%,$0.98B,$0.09B,9.07%,$0.98B,$0.13B,13.05%,$0.98B,$0.08B,7.75%,$0.98B,$0.05B,5.20%,$0.05B,$0.57B,9.32%,$0.05B,$-0.02B,-122.16%,$0.05B,$1.23B,4.19%,$0.09B,$0.93B,9.87%,$280,$176,$104,$0,$72,$248,$32,$-3,$29,$9,$19,$19,$19,$30,$32,$27,27,$0.70,$0.69,$62,$143,$22,$421,$176,$23,$590,$15,$807,$1228,$170,$354,$30,$487,$657,$36,$789,$-22,$571,$1228,$19,$19,$1,$20,$0,$0,$0,$-16,$-16,$24,$-10,$0,$0,$0,$0,$0,$0,$-10,$1,$0,$1,$-2,$-2,$-6,$-4,$-11,$3,$3,$-6
18,2013-12-31,40.37,$20.55,1.96,$36.07,1.12,$6.04,6.68,$1.97,20.49,$0.41B,$0.17B,2.35,$0.35B,$0.56B,0.63,$0.99B,$0.36B,36.06%,$0.99B,$0.09B,9.39%,$0.99B,$0.09B,9.39%,$0.99B,$0.13B,13.33%,$0.99B,$0.08B,8.08%,$0.99B,$0.05B,5.45%,$0.05B,$0.56B,10.22%,$0.05B,$-0.03B,-91.53%,$0.05B,$1.22B,4.45%,$0.09B,$0.91B,10.46%,$247,$157,$90,$0,$70,$226,$21,$-3,$18,$7,$11,$11,$11,$24,$21,$27,27,$0.41,$0.41,$63,$140,$23,$408,$178,$23,$591,$16,$809,$1217,$174,$352,$28,$482,$656,$36,$781,$-23,$561,$1217,$8,$9,$0,$10,$0,$0,$0,$-5,$-5,$12,$-5,$0,$0,$0,$0,$0,$0,$-5,$1,$0,$1,$-2,$-2,$-3,$0,$-4,$4,$2,$-3
19,2013-09-30,35.98,$20.05,1.79,$35.90,1.0,$5.85,6.15,$1.98,18.17,$0.40B,$0.19B,2.13,$0.35B,$0.55B,0.64,$0.99B,$0.36B,36.11%,$0.99B,$0.09B,9.53%,$0.99B,$0.09B,9.53%,$0.99B,$0.13B,13.49%,$0.99B,$0.08B,8.11%,$0.99B,$0.05B,5.48%,$0.05B,$0.55B,10.56%,$0.05B,$-0.04B,-69.23%,$0.05B,$1.21B,4.43%,$0.09B,$0.90B,10.71%,$230,$149,$81,$0,$67,$215,$15,$-3,$12,$4,$8,$8,$8,$34,$15,$27,27,$0.29,$0.29,$48,$130,$31,$400,$181,$22,$590,$14,$809,$1209,$188,$351,$24,$475,$663,$36,$769,$-27,$546,$1209,$54,$38,$7,$45,$0,$0,$0,$9,$9,$108,$-25,$0,$-74,$0,$0,$0,$0,$-99,$33,$0,$33,$-21,$-21,$-11,$-12,$-11,$-1,$6,$-11
20,2013-06-30,35.53,$18.59,1.91,$34.95,1.02,$4.58,7.76,$1.93,18.41,$0.39B,$0.18B,2.21,$0.36B,$0.51B,0.71,$0.96B,$0.35B,36.55%,$0.96B,$0.09B,9.66%,$0.96B,$0.09B,9.66%,$0.96B,$0.13B,13.19%,$0.96B,$0.08B,8.20%,$0.96B,$0.05B,5.40%,$0.05B,$0.51B,10.51%,$0.05B,$-0.08B,-64.20%,$0.05B,$1.21B,4.34%,$0.09B,$0.87B,10.96%,$253,$162,$90,$0,$68,$230,$22,$-3,$19,$5,$14,$14,$14,$40,$22,$27,27,$0.50,$0.49,$55,$132,$20,$392,$168,$20,$586,$15,$818,$1211,$177,$360,$29,$523,$700,$36,$764,$-65,$510,$1211,$40,$26,$3,$29,$0,$0,$0,$4,$4,$73,$-17,$0,$-68,$0,$0,$0,$0,$-85,$40,$0,$40,$-13,$-13,$-8,$-10,$9,$-3,$4,$-8
21,2013-03-31,32.81,$18.01,1.82,$34.01,0.96,$3.66,8.97,$1.86,17.64,$0.40B,$0.18B,2.21,$0.38B,$0.50B,0.76,$0.94B,$0.35B,37.17%,$0.94B,$0.09B,9.58%,$0.94B,$0.09B,9.58%,$0.94B,$0.12B,12.99%,$0.94B,$0.08B,8.09%,$0.94B,$0.05B,5.32%,$0.05B,$0.50B,10.25%,$0.05B,$-0.09B,-67.57%,$0.05B,$1.22B,4.25%,$0.09B,$0.87B,10.90%,$251,$159,$91,$0,$61,$220,$31,$-4,$27,$9,$18,$18,$18,$34,$31,$27,27,$0.65,$0.65,$52,$137,$22,$398,$170,$19,$586,$13,$820,$1218,$180,$377,$30,$540,$720,$36,$749,$-67,$497,$1218,$22,$17,$1,$18,$0,$0,$0,$-10,$-10,$30,$-11,$0,$-64,$0,$0,$0,$0,$-74,$64,$0,$64,$-7,$-7,$-6,$-10,$41,$-3,$3,$-6
22,2012-12-31,30.08,$17.78,1.69,$32.75,0.92,$3.33,9.04,$1.89,15.91,$0.40B,$0.19B,2.13,$0.38B,$0.49B,0.77,$0.91B,$0.34B,37.29%,$0.91B,$0.09B,9.90%,$0.91B,$0.09B,9.90%,$0.91B,$0.12B,13.31%,$0.91B,$0.08B,8.47%,$0.91B,$0.05B,5.61%,$0.05B,$0.49B,10.51%,$0.05B,$-0.11B,-81.27%,$0.05B,$1.24B,4.44%,$0.09B,$0.87B,11.21%,$256,$162,$95,$0,$70,$231,$25,$-4,$22,$8,$14,$14,$14,$25,$25,$27,28,$0.51,$0.51,$54,$138,$22,$400,$174,$19,$597,$12,$835,$1235,$188,$379,$33,$555,$743,$36,$733,$-56,$492,$1235,$8,$8,$1,$9,$0,$0,$0,$-9,$-9,$8,$-5,$0,$-61,$0,$0,$0,$0,$-66,$69,$0,$69,$-4,$-4,$-3,$-5,$57,$-1,$1,$-3
23,2012-09-30,27.84,$17.39,1.6,$32.30,0.86,$3.28,8.48,$1.99,13.99,$0.39B,$0.18B,2.18,$0.30B,$0.48B,0.62,$0.90B,$0.34B,37.44%,$0.90B,$0.09B,10.33%,$0.90B,$0.09B,10.33%,$0.90B,$0.12B,13.56%,$0.90B,$0.08B,9.11%,$0.90B,$0.05B,6.00%,$0.05B,$0.48B,11.27%,$0.05B,$-0.06B,-107.46%,$0.05B,$1.13B,4.86%,$0.09B,$0.78B,11.98%,$226,$146,$80,$0,$63,$209,$16,$-4,$12,$4,$8,$8,$8,$28,$16,$27,27,$0.30,$0.30,$58,$131,$20,$393,$144,$19,$535,$12,$735,$1128,$181,$298,$33,$467,$648,$36,$727,$-65,$480,$1128,$55,$29,$6,$35,$0,$0,$0,$-7,$-7,$82,$-33,$0,$-13,$0,$-1,$-1,$1,$-45,$0,$0,$0,$-31,$-31,$-10,$-0,$-41,$-4,$5,$-10
24,2012-06-30,30.24,$17.27,1.75,$32.36,0.93,$4.13,7.32,$2.23,13.56,$0.38B,$0.18B,2.19,$0.30B,$0.48B,0.62,$0.91B,$0.34B,37.69%,$0.91B,$0.11B,11.54%,$0.91B,$0.11B,11.54%,$0.91B,$0.13B,14.73%,$0.91B,$0.10B,10.55%,$0.91B,$0.06B,6.81%,$0.06B,$0.48B,13.03%,$0.06B,$-0.05B,-120.39%,$0.06B,$1.12B,5.62%,$0.11B,$0.78B,13.58%,$230,$144,$86,$0,$65,$209,$21,$-3,$18,$7,$12,$12,$12,$35,$21,$28,28,$0.44,$0.43,$55,$133,$22,$384,$141,$18,$531,$13,$738,$1122,$175,$296,$44,$464,$639,$36,$717,$-64,$482,$1122,$43,$22,$-3,$19,$0,$0,$0,$-6,$-6,$55,$-25,$0,$-13,$0,$-1,$-1,$1,$-37,$2,$0,$2,$-19,$-19,$-8,$-0,$-24,$-7,$4,$-8
25,2012-03-31,29.36,$17.25,1.7,$32.18,0.91,$4.63,6.34,$2.39,12.29,$0.37B,$0.16B,2.31,$0.30B,$0.49B,0.61,$0.92B,$0.35B,37.92%,$0.92B,$0.11B,12.24%,$0.92B,$0.11B,12.24%,$0.92B,$0.14B,15.41%,$0.92B,$0.11B,11.48%,$0.92B,$0.07B,7.32%,$0.07B,$0.49B,13.82%,$0.07B,$-0.04B,-182.31%,$0.07B,$1.11B,6.14%,$0.11B,$0.78B,14.49%,$227,$140,$88,$0,$60,$200,$28,$-3,$24,$8,$16,$16,$16,$33,$28,$28,28,$0.58,$0.58,$55,$128,$19,$370,$140,$18,$530,$15,$737,$1108,$160,$296,$42,$461,$621,$36,$703,$-53,$487,$1108,$27,$15,$-3,$11,$0,$0,$0,$-12,$-12,$26,$-16,$0,$-1,$0,$-1,$-1,$0,$-18,$0,$0,$0,$-11,$-11,$-5,$-0,$-16,$-7,$3,$-5
26,2011-12-31,29.09,$16.46,1.77,$31.71,0.92,$5.16,5.64,$2.41,12.07,$0.37B,$0.16B,2.34,$0.30B,$0.47B,0.64,$0.91B,$0.35B,38.50%,$0.91B,$0.12B,12.65%,$0.91B,$0.12B,12.65%,$0.91B,$0.14B,15.73%,$0.91B,$0.11B,11.88%,$0.91B,$0.07B,7.48%,$0.07B,$0.47B,13.73%,$0.07B,$-0.06B,-348.72%,$0.07B,$1.09B,6.32%,$0.12B,$0.77B,14.91%,$226,$141,$85,$0,$59,$200,$25,$-2,$23,$8,$15,$15,$15,$26,$25,$28,28,$0.54,$0.54,$54,$130,$18,$368,$132,$16,$522,$15,$718,$1086,$157,$298,$43,$462,$619,$36,$690,$-63,$467,$1086,$11,$7,$-1,$6,$0,$0,$0,$-11,$-11,$7,$-6,$0,$-0,$0,$0,$0,$0,$-6,$2,$0,$2,$-7,$-7,$-3,$0,$-8,$-7,$1,$-3
27,2011-09-30,28.37,$16.45,1.72,$31.06,0.91,$5.67,5.01,$2.46,11.53,$0.37B,$0.16B,2.29,$0.30B,$0.47B,0.64,$0.90B,$0.35B,39.15%,$0.90B,$0.12B,13.13%,$0.90B,$0.12B,13.13%,$0.90B,$0.15B,16.24%,$0.90B,$0.11B,12.46%,$0.90B,$0.07B,7.79%,$0.07B,$0.47B,13.89%,$0.07B,$-0.06B,-3500.00%,$0.07B,$1.10B,6.62%,$0.12B,$0.77B,15.43%,$217,$139,$78,$0,$59,$198,$19,$-1,$17,$6,$11,$11,$11,$40,$19,$28,28,$0.40,$0.40,$62,$126,$16,$370,$135,$15,$528,$16,$728,$1097,$162,$299,$48,$468,$629,$36,$682,$-59,$468,$1097,$73,$28,$14,$41,$-6,$-14,$7,$7,$-17,$98,$-22,$0,$-84,$0,$-1,$-1,$1,$-107,$69,$0,$69,$-43,$-43,$-10,$-6,$10,$1,$7,$-10
28,2011-06-30,37.01,$17.67,2.09,$29.96,1.23,$5.92,6.25,$2.42,15.29,$0.37B,$0.16B,2.36,$0.26B,$0.52B,0.5,$0.87B,$0.35B,39.70%,$0.87B,$0.12B,13.50%,$0.87B,$0.12B,13.50%,$0.87B,$0.15B,16.70%,$0.87B,$0.11B,12.70%,$0.87B,$0.07B,7.89%,$0.07B,$0.52B,13.52%,$0.07B,$0.01B,332.53%,$0.07B,$1.07B,6.69%,$0.12B,$0.78B,15.68%,$240,$148,$92,$0,$59,$207,$33,$-1,$32,$11,$21,$21,$20,$42,$33,$29,29,$0.71,$0.71,$56,$132,$17,$368,$132,$16,$506,$16,$703,$1071,$156,$260,$45,$399,$555,$36,$664,$-20,$517,$1071,$53,$20,$1,$22,$0,$0,$0,$-13,$-13,$62,$-16,$0,$-31,$0,$-2,$-2,$1,$-48,$26,$0,$26,$-13,$-13,$-7,$-34,$-29,$-5,$5,$-7
29,2011-03-31,35.44,$17.92,1.98,$29.13,1.22,$6.76,5.24,$2.36,15.02,$0.35B,$0.14B,2.52,$0.25B,$0.53B,0.47,$0.86B,$0.34B,39.77%,$0.86B,$0.12B,13.80%,$0.86B,$0.12B,13.80%,$0.86B,$0.15B,17.08%,$0.86B,$0.11B,12.87%,$0.86B,$0.07B,7.95%,$0.07B,$0.53B,13.70%,$0.07B,$0.03B,283.33%,$0.07B,$1.05B,6.79%,$0.12B,$0.78B,16.19%,$232,$140,$92,$0,$57,$196,$35,$-2,$33,$11,$22,$22,$21,$35,$35,$29,29,$0.74,$0.74,$62,$122,$15,$351,$132,$16,$503,$18,$701,$1052,$140,$248,$43,$384,$523,$36,$644,$-25,$529,$1052,$31,$14,$2,$15,$0,$0,$0,$-12,$-12,$34,$-8,$0,$-32,$0,$-2,$-2,$1,$-40,$17,$0,$17,$-7,$-7,$-5,$-1,$4,$1,$4,$-5
30,2010-12-31,32.09,$16.96,1.89,$28.26,1.14,$7.45,4.31,$2.33,13.77,$0.33B,$0.14B,2.36,$0.24B,$0.50B,0.47,$0.84B,$0.33B,39.47%,$0.84B,$0.12B,14.00%,$0.84B,$0.12B,14.00%,$0.84B,$0.14B,17.22%,$0.84B,$0.11B,13.04%,$0.84B,$0.07B,8.13%,$0.07B,$0.50B,14.29%,$0.07B,$0.02B,353.25%,$0.07B,$1.01B,6.98%,$0.12B,$0.74B,16.69%,$220,$132,$88,$0,$60,$192,$28,$-2,$26,$9,$17,$17,$16,$29,$28,$29,29,$0.56,$0.56,$55,$116,$14,$327,$128,$16,$487,$21,$684,$1011,$138,$237,$43,$370,$509,$36,$633,$-38,$502,$1011,$14,$7,$0,$7,$0,$0,$0,$-1,$-1,$20,$-4,$0,$-27,$0,$-2,$-2,$0,$-32,$12,$0,$12,$-3,$-3,$-2,$-1,$6,$-6,$2,$-2
31,2010-09-30,32.36,$16.75,1.93,$27.52,1.18,$7.54,4.29,$2.31,14.01,$0.34B,$0.15B,2.27,$0.23B,$0.49B,0.46,$0.82B,$0.32B,39.29%,$0.82B,$0.12B,14.23%,$0.82B,$0.12B,14.23%,$0.82B,$0.14B,17.52%,$0.82B,$0.11B,13.26%,$0.82B,$0.07B,8.27%,$0.07B,$0.49B,14.73%,$0.07B,$0.03B,438.71%,$0.07B,$0.99B,7.09%,$0.12B,$0.72B,17.02%,$207,$128,$80,$0,$58,$185,$22,$-1,$21,$8,$14,$14,$13,$40,$22,$29,29,$0.46,$0.45,$61,$108,$14,$336,$130,$14,$463,$21,$658,$994,$148,$225,$37,$352,$500,$36,$622,$-37,$494,$994,$72,$27,$10,$38,$0,$0,$0,$-3,$-3,$106,$-21,$0,$-32,$0,$-1,$-1,$0,$-54,$-9,$0,$-9,$-34,$-34,$-9,$-0,$-51,$2,$7,$-9
32,2010-06-30,26.74,$15.47,1.73,$26.90,0.99,$7.03,3.8,$2.16,12.38,$0.32B,$0.15B,2.15,$0.22B,$0.46B,0.48,$0.81B,$0.31B,38.91%,$0.81B,$0.11B,13.88%,$0.81B,$0.11B,13.88%,$0.81B,$0.14B,17.22%,$0.81B,$0.10B,12.89%,$0.81B,$0.07B,8.05%,$0.07B,$0.46B,14.51%,$0.07B,$0.02B,866.67%,$0.07B,$0.95B,6.85%,$0.11B,$0.68B,16.56%,$215,$127,$87,$0,$54,$182,$33,$-1,$31,$11,$21,$21,$19,$42,$33,$30,30,$0.68,$0.67,$57,$99,$14,$315,$124,$13,$437,$24,$633,$948,$147,$220,$27,$340,$487,$36,$605,$-61,$461,$948,$51,$20,$0,$20,$0,$0,$0,$12,$12,$84,$-11,$0,$-28,$0,$-1,$-1,$0,$-40,$-8,$0,$-8,$-20,$-20,$-6,$-0,$-35,$-2,$5,$-6
33,2010-03-31,32.36,$14.79,2.19,$26.07,1.24,$6.51,4.97,$2.08,15.56,$0.30B,$0.14B,2.21,$0.22B,$0.45B,0.49,$0.79B,$0.30B,38.68%,$0.79B,$0.11B,13.61%,$0.79B,$0.11B,13.61%,$0.79B,$0.13B,17.05%,$0.79B,$0.10B,12.72%,$0.79B,$0.06B,8.02%,$0.06B,$0.45B,14.24%,$0.06B,$0.01B,1680.00%,$0.06B,$0.95B,6.70%,$0.11B,$0.67B,15.83%,$213,$128,$85,$0,$50,$179,$35,$-2,$32,$11,$21,$21,$20,$33,$35,$30,30,$0.68,$0.68,$62,$95,$15,$304,$132,$14,$439,$25,$642,$946,$137,$219,$25,$362,$500,$36,$584,$-42,$447,$946,$30,$13,$0,$13,$0,$0,$0,$13,$13,$56,$-8,$0,$-15,$0,$-1,$-1,$0,$-24,$-13,$0,$-13,$-9,$-9,$-4,$-0,$-26,$3,$3,$-4
34,2009-12-31,32.23,$14.65,2.2,$25.83,1.25,$6.18,5.22,$1.97,16.36,$0.29B,$0.13B,2.31,$0.24B,$0.45B,0.54,$0.78B,$0.30B,38.24%,$0.78B,$0.10B,13.17%,$0.78B,$0.10B,13.17%,$0.78B,$0.13B,17.01%,$0.78B,$0.10B,12.15%,$0.78B,$0.06B,7.67%,$0.06B,$0.45B,13.83%,$0.06B,$0.00B,12000.00%,$0.06B,$0.95B,6.49%,$0.10B,$0.68B,15.33%,$201,$123,$78,$0,$51,$174,$27,$-2,$25,$9,$16,$16,$16,$29,$27,$30,30,$0.53,$0.53,$60,$95,$12,$294,$137,$15,$445,$26,$655,$950,$127,$238,$20,$378,$505,$36,$571,$-33,$445,$950,$14,$6,$0,$7,$0,$0,$0,$3,$3,$24,$-4,$0,$-10,$0,$-2,$-2,$0,$-15,$1,$0,$1,$-4,$-4,$-2,$0,$-5,$2,$2,$-2
35,2009-09-30,32.13,$14.48,2.22,$25.70,1.25,$6.08,5.29,$1.91,16.82,$0.31B,$0.13B,2.31,$0.24B,$0.44B,0.54,$0.78B,$0.29B,37.69%,$0.78B,$0.10B,12.95%,$0.78B,$0.10B,12.95%,$0.78B,$0.13B,16.79%,$0.78B,$0.09B,11.54%,$0.78B,$0.06B,7.44%,$0.06B,$0.44B,13.62%,$0.06B,$-0.00B,-3866.67%,$0.06B,$0.95B,6.36%,$0.10B,$0.68B,15.15%,$193,$120,$73,$0,$51,$171,$22,$-1,$21,$8,$14,$14,$13,$35,$22,$30,30,$0.43,$0.43,$58,$94,$12,$305,$138,$13,$440,$20,$644,$950,$132,$238,$6,$378,$511,$36,$560,$-30,$439,$950,$60,$30,$13,$43,$0,$0,$0,$-12,$-12,$91,$-19,$0,$-11,$0,$-3,$-3,$0,$-33,$-16,$0,$-16,$-28,$-28,$-8,$-2,$-54,$7,$6,$-8
36,2009-06-30,28.2,$14.48,1.95,$26.13,1.08,$6.71,4.2,$2.05,13.76,$0.30B,$0.13B,2.25,$0.24B,$0.44B,0.54,$0.80B,$0.30B,37.55%,$0.80B,$0.11B,13.52%,$0.80B,$0.11B,13.52%,$0.80B,$0.14B,17.40%,$0.80B,$0.10B,12.27%,$0.80B,$0.06B,7.76%,$0.06B,$0.44B,14.60%,$0.06B,$0.01B,2755.56%,$0.06B,$0.91B,6.87%,$0.11B,$0.68B,16.35%,$200,$122,$78,$0,$51,$173,$28,$-2,$26,$9,$17,$17,$16,$37,$28,$30,30,$0.52,$0.51,$52,$94,$12,$296,$135,$13,$430,$19,$617,$914,$132,$239,$22,$343,$474,$36,$546,$-11,$439,$914,$43,$23,$3,$26,$0,$0,$0,$0,$0,$69,$-12,$0,$-5,$0,$-3,$-3,$0,$-19,$-11,$0,$-11,$-26,$-26,$-6,$-2,$-46,$1,$4,$-6
37,2009-03-31,26.05,$13.53,1.93,$26.84,0.97,$7.07,3.69,$2.14,12.17,$0.29B,$0.13B,2.13,$0.24B,$0.41B,0.58,$0.83B,$0.31B,37.77%,$0.83B,$0.12B,13.92%,$0.83B,$0.12B,13.92%,$0.83B,$0.15B,17.68%,$0.83B,$0.10B,12.59%,$0.83B,$0.07B,7.87%,$0.07B,$0.41B,15.25%,$0.07B,$-0.01B,1444.44%,$0.07B,$0.89B,7.12%,$0.12B,$0.65B,17.50%,$192,$117,$75,$0,$46,$162,$30,$-1,$28,$10,$19,$19,$18,$32,$30,$30,30,$0.60,$0.60,$50,$95,$11,$286,$132,$11,$418,$18,$601,$886,$134,$240,$23,$341,$475,$36,$530,$-25,$412,$886,$24,$16,$3,$19,$0,$0,$0,$2,$2,$45,$-7,$0,$-1,$0,$-3,$-3,$0,$-10,$-1,$0,$-1,$-22,$-22,$-4,$-2,$-29,$-1,$3,$-4
38,2008-12-31,33.11,$13.41,2.47,$26.70,1.24,$7.46,4.44,$2.37,13.97,$0.29B,$0.13B,2.16,$0.25B,$0.41B,0.6,$0.83B,$0.32B,38.57%,$0.83B,$0.13B,15.24%,$0.83B,$0.13B,15.24%,$0.83B,$0.15B,18.62%,$0.83B,$0.12B,14.03%,$0.83B,$0.07B,8.71%,$0.07B,$0.41B,16.35%,$0.07B,$-0.01B,250.43%,$0.07B,$0.90B,8.07%,$0.13B,$0.66B,19.60%,$197,$124,$73,$0,$50,$174,$23,$-3,$20,$7,$13,$13,$13,$27,$23,$30,30,$0.42,$0.42,$53,$103,$11,$290,$134,$12,$422,$19,$607,$897,$134,$247,$23,$349,$484,$36,$520,$-17,$414,$897,$11,$7,$2,$9,$0,$0,$0,$-0,$-0,$20,$-3,$0,$-0,$0,$-3,$-3,$0,$-6,$16,$0,$16,$-19,$-19,$-2,$-2,$-7,$2,$1,$-2
39,2008-09-30,45.73,$14.06,3.25,$26.29,1.74,$7.86,5.82,$2.56,17.86,$0.30B,$0.16B,1.87,$0.22B,$0.43B,0.51,$0.82B,$0.32B,39.49%,$0.82B,$0.13B,16.26%,$0.82B,$0.13B,16.26%,$0.82B,$0.16B,19.44%,$0.82B,$0.13B,15.28%,$0.82B,$0.08B,9.54%,$0.08B,$0.43B,17.46%,$0.08B,$0.01B,161.66%,$0.08B,$0.91B,9.06%,$0.13B,$0.65B,21.39%,$191,$123,$68,$0,$48,$171,$20,$-4,$16,$5,$11,$11,$11,$43,$20,$30,31,$0.37,$0.37,$51,$96,$9,$303,$146,$10,$420,$18,$611,$914,$162,$219,$7,$319,$480,$36,$511,$-3,$434,$914,$82,$25,$13,$38,$-7,$9,$-1,$-28,$-15,$105,$-11,$0,$-98,$0,$0,$0,$0,$-109,$43,$0,$43,$-24,$-24,$-7,$2,$13,$7,$5,$-7
40,2008-06-30,40.75,$14.41,2.83,$25.11,1.62,$6.78,6.01,$2.54,16.04,$0.31B,$0.19B,1.68,$0.22B,$0.45B,0.49,$0.78B,$0.31B,39.67%,$0.78B,$0.13B,16.96%,$0.78B,$0.13B,16.96%,$0.78B,$0.16B,19.90%,$0.78B,$0.12B,15.69%,$0.78B,$0.08B,9.95%,$0.08B,$0.45B,17.53%,$0.08B,$0.02B,132.20%,$0.08B,$0.95B,9.45%,$0.13B,$0.66B,22.14%,$219,$135,$84,$0,$49,$184,$35,$-1,$34,$11,$23,$23,$20,$44,$35,$31,31,$0.66,$0.65,$51,$101,$11,$309,$164,$10,$427,$18,$643,$953,$185,$219,$18,$323,$508,$36,$493,$24,$445,$953,$59,$17,$4,$22,$0,$0,$0,$-2,$-2,$79,$-8,$0,$-91,$0,$1,$1,$1,$-97,$46,$0,$46,$-19,$-19,$-6,$-0,$21,$7,$4,$-6
41,2008-03-31,43.39,$15.00,2.89,$23.90,1.82,$5.40,8.03,$2.23,19.46,$0.29B,$0.13B,2.16,$0.13B,$0.47B,0.27,$0.75B,$0.29B,39.07%,$0.75B,$0.12B,15.60%,$0.75B,$0.12B,15.60%,$0.75B,$0.14B,18.40%,$0.75B,$0.11B,14.40%,$0.75B,$0.07B,9.20%,$0.07B,$0.47B,15.68%,$0.07B,$0.09B,96.17%,$0.07B,$0.80B,8.92%,$0.12B,$0.59B,20.37%,$219,$132,$87,$0,$50,$183,$37,$-3,$34,$12,$21,$21,$21,$40,$37,$31,31,$0.69,$0.69,$66,$91,$11,$288,$85,$16,$377,$13,$516,$803,$133,$125,$21,$202,$336,$36,$502,$22,$468,$803,$38,$10,$3,$13,$0,$0,$0,$5,$5,$56,$-4,$0,$-2,$0,$-4,$-4,$0,$-10,$-20,$0,$-20,$-4,$-4,$-4,$-0,$-28,$22,$3,$-4
42,2007-12-31,42.09,$14.15,2.98,$23.93,1.76,$4.26,9.88,$2.16,19.49,$0.27B,$0.12B,2.23,$0.14B,$0.44B,0.31,$0.76B,$0.29B,38.01%,$0.76B,$0.12B,15.23%,$0.76B,$0.12B,15.23%,$0.76B,$0.14B,17.88%,$0.76B,$0.11B,14.04%,$0.76B,$0.07B,9.01%,$0.07B,$0.44B,15.86%,$0.07B,$0.07B,101.12%,$0.07B,$0.78B,8.95%,$0.12B,$0.58B,20.34%,$198,$118,$80,$0,$46,$163,$34,$-2,$32,$12,$20,$20,$20,$32,$34,$31,31,$0.66,$0.65,$59,$92,$8,$269,$87,$14,$370,$12,$507,$775,$120,$137,$23,$215,$336,$36,$483,$13,$440,$775,$17,$5,$-0,$5,$0,$0,$0,$9,$9,$31,$-2,$0,$0,$0,$-2,$-2,$0,$-4,$-6,$0,$-6,$-4,$-4,$-2,$-1,$-13,$15,$1,$-2
43,2007-09-30,39.28,$13.74,2.86,$23.58,1.67,$3.55,11.06,$2.04,19.26,$0.27B,$0.12B,2.16,$0.14B,$0.43B,0.33,$0.75B,$0.28B,37.43%,$0.75B,$0.11B,14.97%,$0.75B,$0.11B,14.97%,$0.75B,$0.13B,17.65%,$0.75B,$0.10B,13.77%,$0.75B,$0.07B,8.69%,$0.07B,$0.43B,15.43%,$0.07B,$0.06B,99.62%,$0.07B,$0.77B,8.68%,$0.11B,$0.57B,20.13%,$182,$110,$72,$0,$45,$156,$27,$-2,$25,$7,$17,$17,$17,$40,$27,$31,31,$0.56,$0.56,$44,$94,$6,$267,$89,$12,$370,$11,$505,$771,$123,$142,$8,$221,$344,$36,$468,$13,$427,$771,$65,$21,$11,$31,$2,$-2,$1,$-16,$-22,$75,$-14,$0,$-24,$0,$-1,$-1,$0,$-39,$18,$0,$18,$-40,$-40,$-7,$2,$-27,$14,$4,$-7
44,2007-06-30,39.06,$13.58,2.88,$23.40,1.67,$3.18,12.26,$1.99,19.63,$0.26B,$0.12B,2.15,$0.13B,$0.43B,0.31,$0.75B,$0.28B,37.80%,$0.75B,$0.11B,14.61%,$0.75B,$0.11B,14.61%,$0.75B,$0.13B,17.29%,$0.75B,$0.10B,13.40%,$0.75B,$0.06B,8.58%,$0.06B,$0.43B,15.52%,$0.06B,$0.07B,101.19%,$0.06B,$0.75B,8.70%,$0.11B,$0.56B,20.09%,$185,$114,$72,$0,$37,$151,$35,$-2,$32,$12,$20,$20,$20,$26,$35,$32,32,$0.65,$0.64,$37,$93,$7,$259,$88,$12,$356,$0,$487,$746,$121,$133,$22,$200,$320,$36,$449,$13,$425,$746,$45,$15,$4,$20,$0,$0,$0,$-22,$-22,$43,$-14,$0,$-12,$0,$-1,$-1,$4,$-23,$10,$0,$10,$-21,$-21,$-5,$2,$-14,$7,$3,$-5
45,2007-03-31,36.4,$13.38,2.72,$23.18,1.57,$2.99,12.17,$2.16,16.85,$0.27B,$0.12B,2.22,$0.14B,$0.42B,0.32,$0.74B,$0.28B,38.09%,$0.74B,$0.12B,16.02%,$0.74B,$0.12B,16.02%,$0.74B,$0.14B,18.71%,$0.74B,$0.11B,14.67%,$0.74B,$0.07B,9.42%,$0.07B,$0.42B,17.33%,$0.07B,$0.07B,114.75%,$0.07B,$0.75B,9.65%,$0.12B,$0.56B,22.27%,$185,$116,$69,$0,$48,$164,$21,$-2,$19,$7,$12,$12,$12,$37,$21,$32,32,$0.38,$0.38,$44,$94,$7,$265,$88,$11,$350,$0,$481,$746,$119,$135,$21,$204,$323,$36,$439,$11,$423,$746,$32,$10,$2,$12,$0,$0,$0,$-18,$-18,$27,$-11,$0,$-8,$0,$-0,$-0,$4,$-16,$10,$0,$10,$-6,$-6,$-3,$1,$1,$14,$2,$-3
46,2006-12-31,35.15,$12.52,2.81,$22.42,1.57,$2.97,11.83,$2.10,16.74,$0.25B,$0.12B,2.06,$0.13B,$0.41B,0.32,$0.72B,$0.28B,38.28%,$0.72B,$0.12B,16.09%,$0.72B,$0.12B,16.09%,$0.72B,$0.14B,18.86%,$0.72B,$0.11B,14.70%,$0.72B,$0.07B,9.43%,$0.07B,$0.41B,17.42%,$0.07B,$0.06B,127.10%,$0.07B,$0.73B,9.56%,$0.12B,$0.54B,22.26%,$203,$129,$74,$0,$43,$171,$32,$-2,$30,$11,$19,$19,$19,$29,$32,$32,32,$0.58,$0.58,$36,$95,$5,$254,$87,$11,$349,$8,$480,$734,$124,$131,$23,$200,$324,$36,$422,$9,$410,$734,$14,$5,$1,$6,$0,$0,$0,$-9,$-9,$11,$-4,$0,$-8,$0,$0,$0,$1,$-10,$7,$0,$7,$-1,$-1,$-2,$-0,$5,$6,$1,$-2
