,Date,Stock Price,Book Value per Share,Price to Book Ratio,TTM Sales per Share,Price to Sales Ratio,TTM FCF per Share,Price to FCF Ratio,TTM Net EPS,PE Ratio,Current Assets,Current Liabilities,Current Ratio,Long Term Debt,Shareholder's Equity_x,Debt to Equity Ratio,TTM Revenue_x,TTM Gross Profit,Gross Margin,TTM Revenue_y,TTM Operating Income,Operating Margin,TTM Revenue_x,TTM EBIT,EBIT Margin,TTM Revenue_y,TTM EBITDA,EBITDA Margin,TTM Revenue_x,TTM Pre-Tax Income,Pre-Tax Margin,TTM Revenue_y,TTM Net Income_x,Net Margin,TTM Net Income_y,Shareholder's Equity_y,Return on Equity,TTM Net Income_x,Tangible Equity,Return on Tangible Equity,TTM Net Income_y,Total Assets,Return on Assets,TTM Net Income,LT Investments & Debt,Return on Investment,revenue,cost-goods-sold,gross-profit,research-development-expenses,selling-general-administrative-expenses,operating-expenses,operating-income,total-non-operating-income-expense,pre-tax-income,total-provision-income-taxes,income-after-taxes,income-from-continuous-operations,net-income,ebitda,ebit,basic-shares-outstanding,shares-outstanding,eps-basic-net-earnings-per-share,eps-earnings-per-share-diluted,cash-on-hand,inventory,other-current-assets,total-current-assets,net-property-plant-equipment,long-term-investments,goodwill-intangible-assets-total,other-long-term-assets,total-long-term-assets,total-assets,total-current-liabilities,long-term-debt,other-non-current-liabilities,total-long-term-liabilities,total-liabilities,common-stock-net,retained-earnings-accumulated-deficit,comprehensive-income,total-share-holder-equity,total-liabilities-share-holders-equity,net-income-loss,total-depreciation-amortization-cash-flow,other-non-cash-items,total-non-cash-items,change-in-accounts-receivable,change-in-inventories,change-in-accounts-payable,change-in-assets-liabilities,total-change-in-assets-liabilities,cash-flow-from-operating-activities,net-change-in-property-plant-equipment,net-change-in-intangible-assets,net-acquisitions-divestitures,net-change-in-short-term-investments,net-change-in-long-term-investments,net-change-in-investments-total,investing-activities-other,cash-flow-from-investing-activities,net-long-term-debt,net-current-debt,debt-issuance-retirement-net-total,net-common-equity-issued-repurchased,net-total-equity-issued-repurchased,total-common-preferred-stock-dividends-paid,financial-activities-other,cash-flow-from-financial-activities,net-cash-flow,stock-based-compensation,common-stock-dividends-paid
0,2018-09-30,39.64,$17.42,2.28,$50.50,0.78,$-5.05,0.0,$5.96,6.65,$0.30B,$0.33B,0.92,$0.87B,$0.74B,1.16,$2.17B,$0.34B,15.65%,$2.17B,$0.16B,7.41%,$2.17B,$0.16B,7.41%,$2.17B,$0.26B,11.87%,$2.17B,$0.14B,6.49%,$2.17B,$0.26B,11.78%,$0.26B,$0.74B,36.52%,$0.26B,$0.20B,164.10%,$0.26B,$2.42B,10.96%,$0.16B,$1.61B,10.29%,$589,$486,$104,$0,$55,$531,$59,$-4,$55,$13,$42,$42,$42,$82,$59,$43,43,$0.97,$0.97,$12,$0,$0,$301,$1347,$79,$541,$76,$2120,$2421,$326,$866,$174,$1352,$1678,$32,$450,$-32,$744,$2421,$88,$71,$46,$117,$-46,$0,$0,$19,$-2,$203,$-236,$0,$0,$0,$0,$0,$5,$-231,$-17,$68,$51,$1,$1,$-26,$-5,$21,$-8,$8,$-26
1,2018-06-30,38.16,$16.38,2.33,$49.41,0.77,$-5.87,0.0,$5.78,6.6,$0.28B,$0.32B,0.9,$0.90B,$0.70B,1.28,$2.13B,$0.34B,15.98%,$2.13B,$0.16B,7.52%,$2.13B,$0.16B,7.52%,$2.13B,$0.26B,12.17%,$2.13B,$0.14B,6.67%,$2.13B,$0.25B,11.65%,$0.25B,$0.70B,38.46%,$0.25B,$0.16B,255.67%,$0.25B,$2.38B,10.92%,$0.16B,$1.60B,10.70%,$557,$466,$91,$0,$54,$511,$46,$-5,$41,$9,$33,$33,$33,$70,$46,$43,43,$0.76,$0.76,$13,$0,$0,$284,$1307,$94,$543,$79,$2098,$2382,$316,$896,$171,$1367,$1682,$32,$408,$-32,$700,$2382,$47,$48,$17,$65,$-27,$0,$0,$16,$7,$119,$-181,$0,$0,$0,$0,$0,$1,$-180,$-15,$90,$75,$1,$1,$-17,$-4,$54,$-7,$6,$-17
2,2018-03-31,28.3,$16.00,1.77,$48.29,0.59,$-4.89,0.0,$5.57,5.08,$0.27B,$0.28B,0.98,$0.87B,$0.68B,1.27,$2.08B,$0.34B,16.27%,$2.08B,$0.16B,7.73%,$2.08B,$0.16B,7.73%,$2.08B,$0.26B,12.52%,$2.08B,$0.14B,6.77%,$2.08B,$0.24B,11.47%,$0.24B,$0.68B,40.59%,$0.24B,$0.14B,624.84%,$0.24B,$2.29B,10.94%,$0.16B,$1.55B,11.54%,$511,$439,$72,$0,$54,$483,$29,$-4,$25,$10,$14,$14,$14,$52,$29,$43,43,$0.33,$0.33,$14,$0,$0,$269,$1215,$97,$546,$81,$2019,$2288,$276,$867,$171,$1330,$1606,$32,$393,$-31,$682,$2288,$14,$24,$5,$29,$-15,$0,$0,$13,$-13,$30,$-70,$0,$0,$0,$0,$0,$0,$-70,$-3,$49,$47,$0,$0,$-9,$-4,$34,$-6,$3,$-9
3,2017-12-31,29.32,$15.96,1.84,$47.30,0.62,$-4.43,0.0,$5.40,5.43,$0.27B,$0.29B,0.93,$0.83B,$0.68B,1.22,$2.05B,$0.33B,16.12%,$2.05B,$0.15B,7.28%,$2.05B,$0.15B,7.28%,$2.05B,$0.25B,12.26%,$2.05B,$0.13B,6.16%,$2.05B,$0.23B,11.33%,$0.23B,$0.68B,43.38%,$0.23B,$0.13B,-1254.05%,$0.23B,$2.25B,10.93%,$0.15B,$1.51B,11.36%,$516,$443,$73,$0,$55,$489,$27,$-7,$20,$-147,$167,$167,$167,$54,$27,$43,43,$3.90,$3.87,$20,$0,$0,$266,$1166,$93,$549,$85,$1982,$2248,$286,$826,$172,$1283,$1569,$32,$382,$-25,$678,$2248,$232,$101,$-126,$-24,$-5,$0,$0,$2,$17,$225,$-307,$0,$0,$0,$0,$0,$30,$-277,$-32,$150,$118,$-17,$-17,$-34,$-9,$58,$6,$11,$-34
4,2017-09-30,27.49,$12.22,2.25,$47.30,0.58,$-2.96,0.0,$1.94,14.17,$0.30B,$0.29B,1.07,$0.81B,$0.52B,1.56,$2.05B,$0.34B,16.39%,$2.05B,$0.16B,7.76%,$2.05B,$0.16B,7.76%,$2.05B,$0.26B,12.68%,$2.05B,$0.14B,6.68%,$2.05B,$0.09B,4.15%,$0.09B,$0.52B,17.38%,$0.09B,$-0.03B,-126.87%,$0.09B,$2.17B,4.12%,$0.16B,$1.33B,12.86%,$544,$440,$104,$0,$53,$486,$58,$-3,$56,$22,$34,$34,$34,$83,$58,$43,43,$0.79,$0.79,$25,$0,$0,$303,$1099,$88,$552,$30,$1864,$2167,$285,$810,$109,$1364,$1648,$32,$223,$-22,$519,$2167,$65,$74,$27,$101,$-24,$0,$0,$-10,$-19,$147,$-216,$0,$0,$0,$0,$0,$31,$-185,$-20,$120,$101,$-18,$-18,$-25,$-9,$48,$11,$8,$-25
5,2017-06-30,29.11,$11.04,2.64,$46.29,0.63,$-1.76,0.0,$1.73,16.83,$0.28B,$0.28B,1.02,$0.72B,$0.48B,1.52,$2.01B,$0.32B,16.05%,$2.01B,$0.15B,7.38%,$2.01B,$0.15B,7.38%,$2.01B,$0.25B,12.36%,$2.01B,$0.12B,6.08%,$2.01B,$0.08B,3.79%,$0.08B,$0.48B,16.03%,$0.08B,$-0.08B,-89.68%,$0.08B,$2.04B,3.72%,$0.15B,$1.20B,12.18%,$513,$422,$90,$0,$50,$466,$47,$-7,$40,$16,$24,$24,$24,$72,$47,$43,43,$0.56,$0.55,$15,$0,$0,$282,$989,$87,$555,$31,$1757,$2039,$276,$723,$146,$1287,$1563,$32,$201,$-44,$476,$2039,$31,$50,$12,$62,$-9,$0,$0,$-11,$-30,$63,$-84,$0,$0,$0,$0,$0,$31,$-52,$-15,$30,$15,$-1,$-1,$-17,$-7,$-10,$1,$5,$-17
6,2017-03-31,30.6,$10.81,2.83,$45.23,0.68,$-0.95,0.0,$1.59,19.24,$0.29B,$0.26B,1.1,$0.75B,$0.47B,1.61,$1.96B,$0.31B,15.81%,$1.96B,$0.14B,6.99%,$1.96B,$0.14B,6.99%,$1.96B,$0.24B,12.03%,$1.96B,$0.11B,5.71%,$1.96B,$0.07B,3.57%,$0.07B,$0.47B,15.10%,$0.07B,$-0.09B,-135.92%,$0.07B,$2.03B,3.58%,$0.14B,$1.22B,12.08%,$474,$412,$63,$0,$50,$457,$17,$-7,$10,$3,$7,$7,$7,$42,$17,$43,43,$0.16,$0.16,$20,$0,$0,$288,$951,$87,$557,$61,$1747,$2034,$261,$749,$146,$1307,$1568,$32,$194,$-45,$466,$2034,$7,$25,$-2,$23,$-8,$0,$0,$-4,$-26,$4,$-24,$0,$0,$0,$0,$0,$0,$-24,$-3,$44,$41,$-0,$-0,$-8,$-7,$26,$6,$3,$-8
7,2016-12-31,33.91,$11.54,2.94,$44.67,0.76,$-0.72,0.0,$1.84,18.43,$0.27B,$0.28B,0.99,$0.71B,$0.50B,1.43,$1.94B,$0.33B,16.74%,$1.94B,$0.16B,7.99%,$1.94B,$0.16B,7.99%,$1.94B,$0.25B,12.98%,$1.94B,$0.13B,6.80%,$1.94B,$0.08B,4.17%,$0.08B,$0.50B,17.72%,$0.08B,$-0.07B,-600.00%,$0.08B,$2.02B,4.35%,$0.16B,$1.20B,14.69%,$519,$441,$79,$0,$48,$482,$37,$-7,$31,$11,$20,$20,$20,$63,$37,$43,44,$0.46,$0.45,$14,$0,$0,$274,$949,$82,$560,$60,$1741,$2016,$278,$707,$172,$1243,$1521,$32,$197,$-24,$495,$2016,$81,$97,$23,$120,$14,$0,$0,$-60,$-44,$158,$-177,$0,$0,$0,$-113,$-113,$-31,$-321,$171,$55,$226,$-37,$-37,$-32,$-6,$151,$-12,$11,$-32
8,2016-09-30,38.01,$10.72,3.55,$43.98,0.86,$3.87,9.81,$2.00,19.0,$0.31B,$0.29B,1.07,$0.79B,$0.46B,1.71,$1.92B,$0.34B,17.63%,$1.92B,$0.16B,8.56%,$1.92B,$0.16B,8.56%,$1.92B,$0.26B,13.51%,$1.92B,$0.14B,7.41%,$1.92B,$0.09B,4.59%,$0.09B,$0.46B,19.73%,$0.09B,$-0.10B,434.57%,$0.09B,$2.07B,4.95%,$0.16B,$1.25B,16.92%,$500,$411,$90,$0,$46,$454,$47,$-6,$41,$15,$25,$25,$25,$71,$47,$43,43,$0.59,$0.59,$16,$0,$0,$310,$908,$76,$563,$139,$1763,$2073,$290,$786,$142,$1324,$1614,$32,$185,$-44,$459,$2073,$61,$72,$27,$99,$-5,$0,$0,$-41,$-73,$88,$-104,$0,$0,$0,$-113,$-113,$-111,$-328,$104,$195,$299,$-37,$-37,$-24,$-7,$231,$-9,$9,$-24
9,2016-06-30,30.62,$10.11,3.03,$44.76,0.68,$7.29,4.2,$2.36,12.97,$0.25B,$0.29B,0.88,$0.44B,$0.43B,1.02,$1.96B,$0.37B,18.77%,$1.96B,$0.19B,9.64%,$1.96B,$0.19B,9.64%,$1.96B,$0.28B,14.43%,$1.96B,$0.17B,8.57%,$1.96B,$0.11B,5.35%,$0.11B,$0.43B,23.92%,$0.11B,$0.05B,185.02%,$0.11B,$1.69B,6.20%,$0.19B,$0.88B,21.46%,$468,$390,$78,$0,$45,$432,$36,$-7,$30,$12,$18,$18,$18,$60,$36,$43,43,$0.42,$0.42,$19,$0,$0,$254,$873,$72,$381,$29,$1434,$1688,$290,$441,$145,$964,$1254,$32,$164,$-45,$434,$1688,$36,$48,$9,$57,$7,$0,$0,$1,$-14,$79,$-64,$0,$0,$0,$0,$0,$0,$-64,$-11,$44,$33,$-32,$-32,$-16,$-6,$-21,$-6,$6,$-16
10,2016-03-31,37.88,$10.16,3.73,$44.16,0.86,$9.05,4.18,$2.18,17.38,$0.26B,$0.26B,0.99,$0.46B,$0.44B,1.05,$1.94B,$0.37B,19.22%,$1.94B,$0.19B,9.63%,$1.94B,$0.19B,9.63%,$1.94B,$0.28B,14.22%,$1.94B,$0.17B,8.60%,$1.94B,$0.10B,5.00%,$0.10B,$0.44B,22.70%,$0.10B,$0.06B,226.90%,$0.10B,$1.67B,5.70%,$0.19B,$0.90B,21.21%,$454,$376,$78,$0,$46,$420,$35,$-5,$30,$12,$18,$18,$18,$58,$35,$43,44,$0.42,$0.41,$20,$0,$0,$259,$857,$69,$379,$42,$1415,$1674,$261,$460,$145,$973,$1235,$32,$171,$-46,$440,$1674,$18,$24,$2,$25,$3,$0,$0,$3,$-24,$20,$-30,$0,$0,$0,$0,$0,$-13,$-43,$-3,$54,$51,$-20,$-20,$-8,$-6,$17,$-5,$3,$-8
11,2015-12-31,40.02,$10.36,3.86,$42.86,0.93,$10.27,3.89,$2.34,17.1,$0.28B,$0.30B,0.93,$0.41B,$0.45B,0.91,$1.89B,$0.38B,19.89%,$1.89B,$0.20B,10.45%,$1.89B,$0.20B,10.45%,$1.89B,$0.28B,14.85%,$1.89B,$0.18B,9.44%,$1.89B,$0.10B,5.52%,$0.10B,$0.45B,25.15%,$0.10B,$0.07B,89.27%,$0.10B,$1.67B,6.34%,$0.20B,$0.86B,23.43%,$495,$403,$92,$0,$50,$449,$46,$-5,$41,$14,$27,$27,$27,$70,$46,$44,44,$0.61,$0.60,$26,$0,$0,$278,$860,$66,$381,$27,$1392,$1670,$298,$408,$147,$922,$1219,$33,$177,$-47,$451,$1670,$103,$83,$63,$147,$14,$0,$0,$-9,$-4,$245,$-62,$0,$0,$0,$-29,$-29,$28,$-64,$-413,$0,$-413,$-3,$-3,$-31,$-3,$-449,$-268,$12,$-31
12,2015-09-30,35.99,$9.90,3.64,$41.83,0.86,$9.40,3.83,$2.37,15.19,$0.35B,$0.30B,1.17,$0.46B,$0.43B,1.07,$1.83B,$0.37B,20.24%,$1.83B,$0.20B,10.91%,$1.83B,$0.20B,10.91%,$1.83B,$0.28B,15.11%,$1.83B,$0.18B,9.93%,$1.83B,$0.11B,5.73%,$0.11B,$0.43B,26.80%,$0.11B,$0.04B,57.53%,$0.11B,$1.74B,6.68%,$0.20B,$0.89B,24.84%,$544,$425,$120,$0,$52,$473,$72,$-5,$67,$26,$42,$42,$42,$95,$72,$44,44,$0.95,$0.94,$26,$0,$0,$348,$840,$68,$389,$91,$1388,$1737,$298,$459,$155,$1008,$1306,$32,$163,$-50,$431,$1737,$76,$59,$39,$98,$-12,$0,$0,$-1,$-15,$159,$-26,$0,$0,$0,$-29,$-29,$16,$-39,$-481,$118,$-363,$1,$1,$-23,$-4,$-388,$-268,$10,$-23
13,2015-06-30,39.14,$8.89,4.4,$39.64,0.99,$8.08,4.84,$1.93,20.28,$0.32B,$0.31B,1.05,$0.49B,$0.39B,1.27,$1.73B,$0.33B,19.01%,$1.73B,$0.17B,9.99%,$1.73B,$0.17B,9.99%,$1.73B,$0.24B,14.10%,$1.73B,$0.16B,9.01%,$1.73B,$0.09B,4.91%,$0.09B,$0.39B,22.62%,$0.09B,$-0.00B,33.17%,$0.09B,$1.73B,5.75%,$0.17B,$0.88B,22.64%,$448,$365,$83,$0,$55,$414,$34,$-5,$29,$19,$10,$10,$10,$53,$34,$44,44,$0.23,$0.23,$16,$0,$0,$323,$839,$69,$389,$106,$1403,$1726,$307,$492,$157,$1033,$1339,$32,$122,$-51,$387,$1726,$35,$36,$26,$62,$6,$0,$0,$2,$6,$103,$-11,$0,$0,$0,$-29,$-29,$0,$-39,$-501,$175,$-326,$3,$3,$-15,$-3,$-341,$-278,$8,$-15
14,2015-03-31,39.09,$8.87,4.41,$39.57,0.99,$6.68,5.85,$2.12,18.44,$0.56B,$0.22B,2.48,$0.35B,$0.39B,0.91,$1.72B,$0.32B,18.38%,$1.72B,$0.18B,10.18%,$1.72B,$0.18B,10.18%,$1.72B,$0.24B,14.19%,$1.72B,$0.16B,9.19%,$1.72B,$0.09B,5.41%,$0.09B,$0.39B,25.51%,$0.09B,$0.36B,27.80%,$0.09B,$1.43B,6.70%,$0.18B,$0.74B,24.28%,$398,$318,$80,$0,$39,$353,$45,$-4,$41,$16,$25,$25,$25,$62,$45,$43,44,$0.58,$0.57,$326,$0,$0,$555,$679,$68,$30,$96,$872,$1427,$224,$350,$155,$818,$1042,$32,$127,$-52,$385,$1427,$25,$17,$7,$24,$-4,$0,$0,$-6,$-3,$46,$-3,$0,$0,$0,$0,$0,$0,$-3,$-2,$0,$-2,$2,$2,$-8,$-3,$-11,$32,$3,$-8
15,2014-12-31,31.86,$8.42,3.78,$39.57,0.81,$6.29,5.07,$1.63,19.55,$0.52B,$0.22B,2.32,$0.35B,$0.36B,0.97,$1.71B,$0.28B,16.39%,$1.71B,$0.14B,8.17%,$1.71B,$0.14B,8.17%,$1.71B,$0.21B,12.19%,$1.71B,$0.12B,7.18%,$1.71B,$0.07B,4.14%,$0.07B,$0.36B,20.16%,$0.07B,$0.33B,22.07%,$0.07B,$1.40B,5.19%,$0.14B,$0.72B,19.61%,$444,$355,$89,$0,$40,$394,$49,$-4,$45,$17,$28,$28,$28,$67,$49,$43,43,$0.65,$0.63,$293,$0,$0,$520,$691,$64,$30,$49,$882,$1402,$224,$352,$154,$815,$1038,$32,$110,$-53,$364,$1402,$71,$70,$-3,$67,$-15,$0,$0,$30,$28,$166,$-23,$0,$0,$0,$0,$0,$-28,$-51,$88,$0,$88,$6,$6,$-29,$-1,$64,$179,$9,$-29
16,2014-09-30,22.96,$8.52,2.69,$38.88,0.59,$6.83,3.36,$1.17,19.62,$0.47B,$0.21B,2.27,$0.36B,$0.37B,0.98,$1.68B,$0.24B,14.45%,$1.68B,$0.11B,6.48%,$1.68B,$0.11B,6.48%,$1.68B,$0.18B,10.52%,$1.68B,$0.09B,5.47%,$1.68B,$0.05B,2.97%,$0.05B,$0.37B,14.46%,$0.05B,$0.34B,15.87%,$0.05B,$1.36B,3.76%,$0.11B,$0.73B,15.85%,$442,$364,$78,$0,$36,$397,$45,$-4,$41,$19,$22,$22,$22,$62,$45,$43,43,$0.50,$0.50,$231,$0,$0,$465,$706,$63,$30,$96,$896,$1361,$205,$360,$105,$789,$994,$32,$89,$-22,$367,$1361,$43,$53,$-9,$43,$-10,$0,$0,$14,$10,$96,$-22,$0,$0,$0,$0,$0,$-28,$-50,$91,$0,$91,$2,$2,$-21,$-2,$70,$116,$6,$-21
17,2014-06-30,24.46,$7.95,3.08,$38.28,0.64,$7.94,3.08,$1.07,22.86,$0.48B,$0.22B,2.16,$0.36B,$0.34B,1.06,$1.66B,$0.23B,13.66%,$1.66B,$0.09B,5.50%,$1.66B,$0.09B,5.50%,$1.66B,$0.16B,9.61%,$1.66B,$0.08B,4.53%,$1.66B,$0.05B,2.72%,$0.05B,$0.34B,13.51%,$0.05B,$0.31B,14.53%,$0.05B,$1.37B,3.48%,$0.09B,$0.71B,13.91%,$436,$367,$70,$0,$36,$401,$36,$-5,$31,$13,$18,$18,$18,$53,$36,$43,43,$0.42,$0.42,$224,$0,$0,$478,$721,$60,$31,$74,$886,$1365,$222,$363,$108,$801,$1023,$32,$68,$-23,$342,$1365,$22,$35,$4,$39,$-14,$0,$0,$-4,$-11,$49,$-19,$0,$0,$0,$0,$0,$0,$-19,$94,$0,$94,$1,$1,$-14,$-2,$79,$109,$4,$-14
18,2014-03-31,22.35,$7.82,2.86,$37.87,0.59,$8.93,2.5,$1.12,19.96,$0.46B,$0.20B,2.29,$0.37B,$0.34B,1.11,$1.64B,$0.23B,13.94%,$1.64B,$0.09B,5.62%,$1.64B,$0.09B,5.62%,$1.64B,$0.16B,9.78%,$1.64B,$0.08B,4.71%,$1.64B,$0.05B,2.87%,$0.05B,$0.34B,14.66%,$0.05B,$0.31B,15.41%,$0.05B,$1.34B,3.77%,$0.09B,$0.71B,14.81%,$393,$348,$45,$0,$35,$383,$10,$-4,$6,$2,$3,$3,$3,$27,$10,$43,43,$0.08,$0.08,$230,$0,$0,$457,$0,$58,$31,$75,$887,$1344,$199,$371,$111,$809,$1008,$32,$64,$-23,$336,$1344,$3,$18,$2,$19,$4,$0,$0,$-2,$7,$30,$-5,$0,$0,$0,$0,$0,$0,$-5,$98,$0,$98,$1,$1,$-7,$-2,$90,$115,$2,$-7
19,2013-12-31,23.49,$7.90,2.97,$37.99,0.62,$9.03,2.6,$1.25,18.79,$0.35B,$0.20B,1.74,$0.27B,$0.34B,0.81,$1.64B,$0.24B,14.35%,$1.64B,$0.10B,6.17%,$1.64B,$0.10B,6.17%,$1.64B,$0.17B,10.32%,$1.64B,$0.09B,5.25%,$1.64B,$0.05B,3.24%,$0.05B,$0.34B,17.24%,$0.05B,$0.31B,17.68%,$0.05B,$1.25B,4.43%,$0.10B,$0.61B,17.23%,$411,$361,$50,$0,$33,$393,$18,$-4,$14,$7,$7,$7,$7,$36,$18,$43,43,$0.18,$0.17,$115,$0,$0,$349,$735,$58,$31,$75,$899,$1248,$201,$274,$110,$710,$910,$32,$68,$-24,$338,$1248,$54,$70,$68,$138,$-8,$0,$0,$9,$4,$196,$-31,$0,$-9,$0,$0,$0,$0,$-40,$-26,$-11,$-37,$2,$2,$-27,$0,$-61,$95,$6,$-27
20,2013-09-30,23.46,$7.37,3.18,$37.78,0.62,$6.67,3.52,$1.44,16.29,$0.31B,$0.19B,1.65,$0.28B,$0.32B,0.88,$1.63B,$0.24B,14.83%,$1.63B,$0.11B,6.58%,$1.63B,$0.11B,6.58%,$1.63B,$0.17B,10.71%,$1.63B,$0.09B,5.66%,$1.63B,$0.06B,3.75%,$0.06B,$0.32B,20.82%,$0.06B,$0.32B,21.38%,$0.06B,$1.22B,5.18%,$0.11B,$0.59B,18.48%,$415,$354,$61,$0,$32,$388,$27,$-4,$24,$6,$17,$17,$17,$44,$27,$43,43,$0.40,$0.40,$82,$4,$0,$312,$736,$57,$0,$115,$908,$1220,$189,$277,$141,$715,$905,$32,$67,$-44,$316,$1220,$46,$52,$52,$105,$4,$0,$0,$-22,$-13,$138,$-16,$0,$-9,$0,$0,$0,$0,$-25,$-33,$0,$-33,$3,$3,$-20,$-2,$-51,$62,$4,$-20
21,2013-06-30,22.23,$6.85,3.25,$37.57,0.59,$4.74,4.69,$-0.12,0.0,$0.25B,$0.21B,1.23,$0.28B,$0.29B,0.96,$1.61B,$0.24B,15.15%,$1.61B,$0.11B,7.08%,$1.61B,$0.11B,7.08%,$1.61B,$0.18B,11.36%,$1.61B,$0.10B,6.08%,$1.61B,$0.06B,3.91%,$0.06B,$0.29B,22.34%,$0.06B,$0.29B,22.97%,$0.06B,$1.17B,5.42%,$0.11B,$0.57B,19.81%,$417,$345,$72,$0,$34,$380,$37,$-4,$33,$13,$20,$20,$20,$54,$37,$43,43,$0.47,$0.47,$39,$4,$0,$254,$744,$59,$0,$112,$915,$1169,$206,$280,$148,$670,$876,$32,$50,$-45,$292,$1169,$29,$35,$-6,$29,$-5,$0,$0,$9,$21,$80,$-7,$0,$-10,$0,$0,$0,$0,$-17,$-30,$0,$-30,$1,$1,$-13,$-1,$-44,$19,$3,$-13
22,2013-03-31,21.75,$6.65,3.27,$37.10,0.59,$3.33,6.54,$-0.41,0.0,$0.22B,$0.19B,1.16,$0.28B,$0.28B,1.0,$1.59B,$0.24B,14.92%,$1.59B,$0.11B,6.93%,$1.59B,$0.11B,6.93%,$1.59B,$0.18B,11.34%,$1.59B,$0.10B,6.05%,$1.59B,$0.05B,3.21%,$0.05B,$0.28B,18.84%,$0.05B,$0.28B,19.39%,$0.05B,$1.15B,4.37%,$0.11B,$0.57B,18.95%,$395,$343,$52,$0,$33,$376,$19,$-4,$15,$6,$9,$9,$9,$36,$19,$43,43,$0.21,$0.21,$11,$5,$0,$215,$759,$60,$0,$115,$934,$1149,$186,$284,$147,$679,$865,$32,$43,$-44,$284,$1149,$9,$18,$-2,$16,$7,$0,$-2,$5,$10,$35,$-5,$0,$-10,$0,$0,$0,$0,$-15,$-22,$0,$-22,$0,$0,$-7,$-1,$-29,$-9,$1,$-7
23,2012-12-31,21.73,$6.57,3.31,$36.57,0.59,$2.56,8.49,$-0.53,0.0,$0.23B,$0.19B,1.21,$0.30B,$0.28B,1.08,$1.56B,$0.22B,14.18%,$1.56B,$0.10B,6.22%,$1.56B,$0.10B,6.22%,$1.56B,$0.17B,10.84%,$1.56B,$0.09B,5.45%,$1.56B,$0.05B,2.95%,$0.05B,$0.28B,9.55%,$0.05B,$0.25B,9.71%,$0.05B,$1.17B,3.02%,$0.10B,$0.58B,11.34%,$398,$342,$56,$0,$32,$374,$24,$-4,$20,$4,$16,$16,$15,$40,$24,$42,43,$0.37,$0.36,$20,$0,$0,$234,$763,$60,$31,$87,$940,$1174,$193,$303,$146,$701,$894,$32,$41,$-46,$280,$1174,$52,$73,$-5,$68,$-7,$0,$-8,$-11,$-26,$94,$-31,$0,$0,$0,$0,$0,$25,$-6,$122,$0,$122,$25,$25,$-40,$-182,$-75,$-2,$4,$-40
24,2012-09-30,18.26,$6.38,2.86,$35.13,0.52,$2.50,7.3,$-0.85,0.0,$0.21B,$0.19B,1.09,$0.31B,$0.27B,1.13,$1.49B,$0.19B,12.40%,$1.49B,$0.08B,5.16%,$1.49B,$0.08B,5.16%,$1.49B,$0.13B,8.91%,$1.49B,$0.07B,4.36%,$1.49B,$0.03B,2.21%,$0.03B,$0.27B,4.77%,$0.03B,$0.27B,4.77%,$0.03B,$1.16B,1.77%,$0.08B,$0.58B,7.44%,$401,$337,$64,$0,$31,$367,$34,$-4,$30,$11,$19,$19,$19,$53,$34,$43,43,$0.45,$0.45,$12,$4,$0,$211,$777,$60,$0,$112,$948,$1159,$194,$307,$33,$693,$887,$32,$31,$-43,$272,$1159,$36,$56,$-5,$51,$2,$-0,$-10,$-12,$-19,$68,$-30,$0,$0,$0,$0,$0,$25,$-5,$129,$0,$129,$25,$25,$-33,$-179,$-58,$-10,$3,$-33
25,2012-06-30,22.16,$5.83,3.8,$34.79,0.64,$2.40,9.23,$0.52,42.61,$0.24B,$0.21B,1.14,$0.34B,$0.25B,1.39,$1.47B,$0.18B,12.02%,$1.47B,$0.07B,5.03%,$1.47B,$0.07B,5.03%,$1.47B,$0.11B,7.54%,$1.47B,$0.06B,4.35%,$1.47B,$0.02B,1.56%,$0.02B,$0.25B,2.53%,$0.02B,$0.25B,2.53%,$0.02B,$1.19B,1.04%,$0.07B,$0.59B,5.68%,$394,$329,$65,$0,$29,$362,$33,$-2,$31,$15,$15,$15,$8,$51,$33,$42,43,$0.18,$0.18,$36,$4,$0,$237,$783,$59,$0,$111,$953,$1190,$208,$344,$138,$735,$942,$32,$12,$-44,$247,$1190,$17,$37,$-2,$35,$2,$-0,$-19,$-7,$-24,$29,$-17,$0,$0,$0,$0,$0,$25,$8,$173,$0,$173,$22,$22,$-27,$-176,$-7,$14,$2,$-27
26,2012-03-31,20.1,$26.71,0.75,$34.53,0.58,$2.11,9.52,$0.78,25.77,$0.29B,$0.28B,1.05,$0.54B,$1.13B,0.48,$1.46B,$0.17B,11.41%,$1.46B,$0.07B,4.81%,$1.46B,$0.07B,4.81%,$1.46B,$0.09B,6.12%,$1.46B,$0.06B,4.12%,$1.46B,$0.03B,2.34%,$0.03B,$1.13B,3.00%,$0.03B,$1.13B,3.00%,$0.03B,$2.57B,1.33%,$0.07B,$1.67B,4.47%,$366,$330,$36,$0,$29,$360,$6,$-2,$4,$2,$2,$2,$4,$25,$6,$42,42,$0.09,$0.09,$19,$62,$2,$289,$1614,$353,$0,$164,$2285,$2574,$276,$541,$211,$1171,$1447,$34,$942,$-90,$1127,$2574,$2,$19,$0,$19,$5,$0,$-5,$-15,$-16,$5,$-8,$0,$0,$0,$0,$0,$13,$4,$2,$0,$2,$13,$13,$-13,$-13,$-12,$-3,$1,$-13
27,2011-12-31,16.88,$26.92,0.63,$34.80,0.49,$1.71,9.9,$0.81,20.84,$0.28B,$0.28B,0.99,$0.18B,$1.12B,0.16,$1.46B,$0.18B,12.52%,$1.46B,$0.08B,5.40%,$1.46B,$0.08B,5.40%,$1.46B,$0.08B,5.40%,$1.46B,$0.07B,4.79%,$1.46B,$0.04B,2.39%,$0.04B,$1.12B,3.09%,$0.04B,$1.12B,3.09%,$0.04B,$2.54B,1.38%,$0.08B,$1.30B,5.18%,$331,$312,$20,$0,$19,$328,$4,$-3,$0,$-0,$1,$1,$2,$4,$4,$42,42,$0.04,$0.04,$10,$4,$0,$275,$801,$57,$0,$95,$2269,$2544,$279,$181,$137,$1143,$1422,$34,$953,$-92,$1123,$2544,$46,$72,$-2,$70,$-11,$0,$17,$-18,$-11,$104,$-45,$0,$0,$0,$0,$0,$40,$-5,$33,$0,$33,$10,$10,$-113,$-1,$-70,$7,$3,$-113
28,2011-09-30,15.06,$27.46,0.55,$31.57,0.48,$2.47,6.09,$1.25,12.04,$0.29B,$0.29B,1.0,$0.50B,$1.15B,0.44,$1.32B,$0.18B,13.44%,$1.32B,$0.10B,7.85%,$1.32B,$0.10B,7.85%,$1.32B,$0.10B,7.85%,$1.32B,$0.10B,7.85%,$1.32B,$0.05B,4.00%,$0.05B,$1.15B,4.66%,$0.05B,$1.15B,4.66%,$0.05B,$2.56B,2.09%,$0.10B,$1.65B,6.58%,$381,$325,$56,$0,$28,$350,$31,$-2,$29,$11,$18,$18,$9,$31,$31,$42,42,$0.21,$0.21,$17,$52,$3,$286,$1639,$349,$0,$150,$2273,$2559,$285,$503,$197,$1129,$1414,$34,$964,$-78,$1145,$2559,$0,$0,$0,$0,$0,$0,$0,$0,$0,$71,$-38,$0,$0,$0,$0,$0,$29,$-9,$-3,$0,$-3,$9,$9,$-40,$0,$-34,$3,$0,$-40
29,2011-06-30,19.79,$27.17,0.73,$33.07,0.6,$3.36,5.88,$1.66,11.92,$0.30B,$0.28B,1.05,$0.51B,$1.13B,0.45,$1.38B,$0.21B,14.86%,$1.38B,$0.12B,8.41%,$1.38B,$0.12B,8.41%,$1.38B,$0.12B,8.41%,$1.38B,$0.12B,8.41%,$1.38B,$0.07B,5.07%,$0.07B,$1.13B,6.17%,$0.07B,$1.13B,6.17%,$0.07B,$2.56B,2.80%,$0.12B,$1.64B,7.40%,$377,$323,$54,$0,$28,$348,$29,$-2,$27,$10,$18,$18,$19,$29,$29,$42,42,$0.45,$0.44,$15,$46,$3,$298,$1634,$341,$0,$154,$2258,$2556,$284,$510,$194,$1139,$1423,$34,$956,$-80,$1133,$2556,$0,$0,$0,$0,$0,$0,$0,$0,$0,$26,$-27,$0,$0,$0,$0,$0,$16,$-11,$6,$0,$6,$9,$9,$-27,$0,$-12,$1,$0,$-27
30,2011-03-31,18.69,$27.29,0.69,$33.71,0.55,$3.96,4.72,$1.92,9.74,$0.28B,$0.38B,0.74,$0.37B,$1.14B,0.33,$1.40B,$0.23B,16.36%,$1.40B,$0.13B,9.21%,$1.40B,$0.13B,9.21%,$1.40B,$0.13B,9.21%,$1.40B,$0.12B,8.86%,$1.40B,$0.08B,5.71%,$0.08B,$1.14B,7.10%,$0.08B,$1.14B,7.10%,$0.08B,$2.52B,3.23%,$0.13B,$1.51B,8.32%,$373,$321,$53,$0,$38,$358,$15,$-1,$14,$5,$9,$9,$5,$15,$15,$42,42,$0.12,$0.12,$17,$42,$4,$283,$1633,$332,$0,$141,$2233,$2516,$383,$374,$192,$998,$1381,$34,$964,$-80,$1135,$2516,$0,$0,$0,$0,$0,$0,$0,$0,$0,$-11,$-9,$0,$0,$0,$-1,$-1,$0,$-10,$37,$-5,$32,$5,$5,$-13,$0,$24,$3,$0,$-13
31,2010-12-31,16.33,$27.51,0.59,$33.09,0.49,$4.37,3.74,$2.22,7.36,$0.26B,$0.35B,0.75,$0.39B,$1.14B,0.34,$1.37B,$0.23B,16.50%,$1.37B,$0.13B,9.12%,$1.37B,$0.13B,9.12%,$1.37B,$0.13B,9.12%,$1.37B,$0.12B,8.47%,$1.37B,$0.09B,6.72%,$0.09B,$1.14B,8.25%,$0.09B,$1.14B,8.25%,$0.09B,$2.50B,3.75%,$0.13B,$1.52B,7.99%,$193,$179,$15,$0,$-3,$164,$29,$5,$34,$15,$20,$20,$20,$29,$29,$41,42,$0.49,$0.48,$14,$43,$1,$264,$1651,$329,$0,$248,$2231,$2495,$353,$386,$189,$1006,$1359,$34,$972,$-82,$1136,$2495,$71,$71,$2,$73,$5,$0,$1,$12,$17,$160,$-70,$0,$-1,$0,$0,$0,$43,$-28,$-8,$-20,$-28,$7,$7,$-97,$0,$-119,$-2,$3,$-97
32,2010-09-30,14.16,$27.43,0.52,$37.06,0.38,$5.02,2.82,$2.23,6.35,$0.31B,$0.23B,1.31,$0.47B,$1.13B,0.41,$1.53B,$0.25B,16.58%,$1.53B,$0.10B,6.66%,$1.53B,$0.10B,6.66%,$1.53B,$0.10B,6.66%,$1.53B,$0.08B,5.48%,$1.53B,$0.09B,6.01%,$0.09B,$1.13B,8.34%,$0.09B,$1.13B,8.34%,$0.09B,$2.44B,3.79%,$0.10B,$1.60B,6.56%,$437,$354,$83,$0,$40,$394,$43,$-2,$41,$16,$26,$26,$26,$43,$43,$41,42,$0.62,$0.62,$14,$42,$30,$306,$1551,$320,$0,$151,$2135,$2441,$234,$467,$54,$1075,$1309,$34,$965,$-75,$1132,$2441,$0,$0,$0,$0,$0,$0,$0,$0,$0,$81,$-11,$0,$0,$0,$-66,$-66,$0,$-77,$52,$-23,$29,$4,$4,$-39,$0,$-6,$-2,$0,$-39
33,2010-06-30,12.05,$26.74,0.45,$35.53,0.34,$5.32,2.26,$1.82,6.62,$0.32B,$0.30B,1.06,$0.47B,$1.10B,0.43,$1.47B,$0.22B,15.08%,$1.47B,$0.07B,5.05%,$1.47B,$0.07B,5.05%,$1.47B,$0.07B,5.05%,$1.47B,$0.05B,3.48%,$1.47B,$0.08B,5.12%,$0.08B,$1.10B,6.90%,$0.08B,$1.10B,6.90%,$0.08B,$2.46B,3.13%,$0.07B,$1.57B,4.85%,$397,$319,$78,$0,$37,$355,$42,$-7,$35,$13,$22,$22,$29,$42,$42,$41,41,$0.70,$0.70,$36,$59,$22,$318,$1553,$283,$0,$198,$2143,$2461,$299,$470,$168,$1061,$1360,$33,$940,$-76,$1101,$2461,$0,$0,$0,$0,$0,$0,$0,$0,$0,$39,$-15,$0,$0,$0,$-36,$-36,$0,$-51,$58,$-3,$55,$3,$3,$-26,$0,$32,$20,$0,$-26
34,2010-03-31,13.31,$26.61,0.5,$34.50,0.39,$6.11,2.18,$1.43,9.31,$0.30B,$0.26B,1.15,$0.47B,$1.09B,0.43,$1.42B,$0.19B,13.59%,$1.42B,$0.05B,3.31%,$1.42B,$0.05B,3.31%,$1.42B,$0.05B,3.31%,$1.42B,$0.02B,1.69%,$1.42B,$0.06B,4.15%,$0.06B,$1.09B,5.49%,$0.06B,$1.09B,5.49%,$0.06B,$2.42B,2.50%,$0.05B,$1.56B,3.12%,$343,$293,$50,$0,$39,$332,$11,$-5,$6,$3,$3,$3,$17,$11,$11,$41,41,$0.42,$0.42,$20,$62,$12,$300,$1543,$260,$0,$223,$2119,$2419,$260,$468,$168,$1065,$1325,$34,$937,$-77,$1094,$2419,$0,$0,$0,$0,$0,$0,$0,$0,$0,$5,$-8,$0,$0,$0,$-14,$-14,$0,$-22,$52,$-19,$33,$1,$1,$-13,$0,$21,$4,$0,$-13
35,2009-12-31,13.72,$26.46,0.52,$33.89,0.4,$6.69,2.05,$1.08,12.7,$0.31B,$0.30B,1.03,$0.41B,$1.09B,0.37,$1.39B,$0.19B,13.51%,$1.39B,$0.04B,2.51%,$1.39B,$0.04B,2.51%,$1.39B,$0.04B,2.51%,$1.39B,$0.01B,0.79%,$1.39B,$0.05B,3.23%,$0.05B,$1.09B,4.22%,$0.05B,$1.09B,4.22%,$0.05B,$2.38B,1.92%,$0.04B,$1.49B,2.34%,$355,$312,$43,$0,$37,$349,$6,$-4,$2,$0,$2,$2,$20,$6,$6,$41,41,$0.49,$0.49,$16,$79,$1,$307,$1536,$242,$0,$292,$2073,$2380,$297,$406,$164,$998,$1295,$33,$934,$-81,$1085,$2380,$44,$105,$-53,$52,$-16,$-1,$20,$16,$19,$115,$1,$0,$10,$0,$-42,$-42,$0,$-31,$-47,$13,$-34,$-1,$-1,$-52,$0,$-87,$-3,$9,$-52
36,2009-09-30,12.79,$25.97,0.49,$34.31,0.37,$8.33,1.54,$1.17,10.93,$0.28B,$0.26B,1.09,$0.41B,$1.07B,0.39,$1.41B,$0.20B,14.30%,$1.41B,$0.04B,2.90%,$1.41B,$0.04B,2.90%,$1.41B,$0.04B,2.90%,$1.41B,$0.01B,0.92%,$1.41B,$0.05B,3.47%,$0.05B,$1.07B,4.61%,$0.05B,$1.07B,4.61%,$0.05B,$2.33B,2.10%,$0.04B,$1.48B,2.72%,$371,$321,$50,$0,$36,$357,$15,$-6,$8,$4,$5,$5,$9,$15,$15,$41,41,$0.21,$0.21,$16,$38,$11,$281,$1605,$219,$0,$141,$2050,$2331,$259,$412,$181,$1006,$1265,$33,$926,$-90,$1066,$2331,$0,$0,$0,$0,$0,$0,$0,$0,$0,$78,$4,$0,$0,$0,$-12,$-12,$0,$-8,$-23,$-10,$-33,$-1,$-1,$-39,$0,$-73,$-3,$0,$-39
37,2009-06-30,9.3,$25.71,0.36,$36.29,0.26,$9.42,0.99,$1.85,5.02,$0.26B,$0.24B,1.12,$0.44B,$1.06B,0.42,$1.50B,$0.22B,14.95%,$1.50B,$0.06B,3.94%,$1.50B,$0.06B,3.94%,$1.50B,$0.06B,3.94%,$1.50B,$0.03B,2.14%,$1.50B,$0.08B,5.14%,$0.08B,$1.06B,7.08%,$0.08B,$1.06B,7.08%,$0.08B,$2.32B,3.25%,$0.06B,$1.50B,3.82%,$351,$301,$50,$0,$35,$336,$15,$-7,$8,$3,$5,$5,$13,$15,$15,$41,41,$0.31,$0.31,$12,$40,$14,$264,$1586,$213,$0,$175,$2058,$2322,$235,$442,$179,$1032,$1267,$33,$918,$-91,$1055,$2322,$0,$0,$0,$0,$0,$0,$0,$0,$0,$46,$10,$0,$0,$0,$-7,$-7,$0,$3,$-20,$-10,$-30,$0,$0,$-26,$0,$-56,$-7,$0,$-26
38,2009-03-31,7.5,$25.89,0.29,$38.80,0.19,$10.65,0.7,$2.25,3.33,$0.27B,$0.21B,1.28,$0.46B,$1.06B,0.43,$1.61B,$0.26B,15.98%,$1.61B,$0.09B,5.41%,$1.61B,$0.09B,5.41%,$1.61B,$0.09B,5.41%,$1.61B,$0.06B,3.92%,$1.61B,$0.09B,5.85%,$0.09B,$1.06B,8.52%,$0.09B,$1.06B,8.52%,$0.09B,$2.33B,3.92%,$0.09B,$1.52B,5.56%,$315,$270,$45,$0,$46,$316,$-1,$-6,$-7,$-2,$-4,$-4,$3,$-1,$-1,$41,41,$0.07,$0.07,$10,$47,$20,$267,$1613,$212,$0,$153,$2060,$2327,$209,$460,$179,$1056,$1265,$33,$932,$-96,$1062,$2327,$0,$0,$0,$0,$0,$0,$0,$0,$0,$8,$13,$0,$0,$0,$-5,$-5,$0,$8,$-2,$-9,$-11,$-1,$-1,$-13,$0,$-25,$-9,$0,$-13
39,2008-12-31,9.81,$26.15,0.38,$44.99,0.22,$12.68,0.77,$3.19,3.07,$0.28B,$0.24B,1.19,$0.45B,$1.07B,0.42,$1.87B,$0.31B,16.45%,$1.87B,$0.15B,8.12%,$1.87B,$0.15B,8.12%,$1.87B,$0.15B,8.12%,$1.87B,$0.14B,7.26%,$1.87B,$0.13B,7.10%,$0.13B,$1.07B,11.91%,$0.13B,$1.07B,11.91%,$0.13B,$2.35B,5.48%,$0.15B,$1.52B,9.73%,$376,$319,$57,$0,$45,$363,$12,$-9,$4,$1,$2,$2,$24,$12,$12,$41,42,$0.58,$0.58,$19,$48,$23,$284,$1590,$208,$0,$265,$2066,$2350,$238,$452,$174,$1040,$1278,$33,$942,$-96,$1072,$2350,$132,$101,$-100,$1,$24,$178,$-37,$-23,$142,$275,$-90,$0,$-27,$0,$-41,$-41,$9,$-149,$-11,$-5,$-16,$-57,$-57,$-51,$0,$-124,$2,$11,$-51
40,2008-09-30,17.15,$28.05,0.61,$45.41,0.38,$8.69,1.97,$3.46,4.96,$0.34B,$0.26B,1.29,$0.48B,$1.16B,0.41,$1.90B,$0.32B,16.81%,$1.90B,$0.16B,8.51%,$1.90B,$0.16B,8.51%,$1.90B,$0.16B,8.51%,$1.90B,$0.16B,8.19%,$1.90B,$0.15B,7.62%,$0.15B,$1.16B,12.82%,$0.15B,$1.16B,12.82%,$0.15B,$2.48B,5.89%,$0.16B,$1.64B,10.27%,$456,$385,$72,$0,$38,$423,$33,$-6,$27,$8,$19,$19,$37,$33,$33,$41,42,$0.89,$0.89,$10,$27,$24,$341,$1584,$207,$0,$189,$2141,$2482,$264,$476,$108,$1058,$1322,$34,$938,$-3,$1160,$2482,$0,$0,$0,$0,$0,$0,$0,$0,$0,$202,$-74,$0,$-24,$0,$-50,$-50,$8,$-140,$14,$3,$17,$-48,$-48,$-38,$0,$-69,$-7,$0,$-38
41,2008-06-30,17.68,$27.11,0.65,$44.48,0.4,$5.93,2.98,$3.71,4.77,$0.33B,$0.26B,1.27,$0.46B,$1.12B,0.41,$1.88B,$0.33B,17.54%,$1.88B,$0.17B,9.14%,$1.88B,$0.17B,9.14%,$1.88B,$0.17B,9.14%,$1.88B,$0.17B,9.20%,$1.88B,$0.16B,8.35%,$0.16B,$1.12B,14.06%,$0.16B,$1.12B,14.06%,$0.16B,$2.43B,6.44%,$0.17B,$1.58B,11.07%,$461,$378,$83,$0,$40,$418,$43,$-4,$39,$15,$24,$24,$30,$43,$43,$41,42,$0.72,$0.71,$20,$34,$32,$334,$1608,$200,$0,$126,$2092,$2426,$264,$456,$109,$1041,$1305,$34,$901,$-3,$1121,$2426,$0,$0,$0,$0,$0,$0,$0,$0,$0,$181,$-73,$0,$0,$0,$-23,$-23,$7,$-89,$-6,$-12,$-18,$-46,$-46,$-25,$0,$-89,$3,$0,$-25
42,2008-03-31,16.67,$26.92,0.62,$43.32,0.38,$3.24,5.15,$3.74,4.46,$0.39B,$0.37B,1.05,$0.40B,$1.11B,0.36,$1.85B,$0.33B,18.08%,$1.85B,$0.18B,9.47%,$1.85B,$0.18B,9.47%,$1.85B,$0.18B,9.47%,$1.85B,$0.18B,9.96%,$1.85B,$0.16B,8.61%,$0.16B,$1.11B,14.42%,$0.16B,$1.11B,14.42%,$0.16B,$2.46B,6.58%,$0.18B,$1.51B,11.37%,$579,$483,$96,$0,$40,$515,$64,$3,$66,$26,$41,$41,$42,$64,$64,$41,42,$1.02,$1.01,$95,$38,$32,$390,$1618,$181,$0,$108,$2068,$2458,$373,$401,$106,$973,$1346,$34,$898,$-4,$1112,$2458,$0,$0,$0,$0,$0,$0,$0,$0,$0,$160,$-54,$0,$0,$0,$-7,$-7,$7,$-54,$48,$-15,$33,$-49,$-49,$-12,$0,$-28,$78,$0,$-12
43,2007-12-31,19.93,$26.65,0.75,$38.37,0.52,$1.12,17.86,$3.31,6.02,$0.42B,$0.32B,1.31,$0.45B,$1.13B,0.4,$1.65B,$0.31B,19.02%,$1.65B,$0.15B,9.02%,$1.65B,$0.15B,9.02%,$1.65B,$0.15B,9.02%,$1.65B,$0.16B,9.51%,$1.65B,$0.14B,8.60%,$0.14B,$1.13B,13.06%,$0.14B,$1.13B,13.06%,$0.14B,$2.48B,5.98%,$0.15B,$1.58B,9.76%,$408,$339,$69,$0,$48,$386,$22,$2,$24,$7,$17,$17,$36,$22,$22,$43,43,$0.86,$0.84,$17,$171,$0,$421,$1582,$184,$0,$212,$2058,$2479,$322,$452,$57,$1027,$1349,$34,$911,$-4,$1130,$2479,$142,$93,$-133,$-40,$-9,$8,$19,$4,$22,$124,$-104,$0,$0,$0,$-41,$-41,$0,$-145,$51,$15,$66,$-25,$-25,$-48,$0,$-7,$-28,$17,$-48
44,2007-09-30,19.29,$25.82,0.75,$37.90,0.51,$-1.96,0.0,$3.09,6.24,$0.29B,$0.26B,1.09,$0.44B,$1.11B,0.4,$1.64B,$0.31B,19.20%,$1.64B,$0.16B,9.54%,$1.64B,$0.16B,9.54%,$1.64B,$0.16B,9.54%,$1.64B,$0.16B,9.85%,$1.64B,$0.13B,8.13%,$0.13B,$1.11B,12.53%,$0.13B,$1.11B,12.53%,$0.13B,$2.39B,5.74%,$0.16B,$1.54B,10.48%,$433,$351,$82,$0,$39,$390,$43,$0,$44,$18,$26,$26,$49,$43,$43,$43,43,$1.15,$1.14,$29,$26,$0,$285,$1474,$167,$0,$171,$2107,$2392,$262,$437,$134,$1025,$1287,$35,$904,$-20,$1105,$2392,$0,$0,$0,$0,$0,$0,$0,$0,$0,$78,$-64,$0,$0,$0,$-17,$-17,$-6,$-87,$29,$4,$33,$-4,$-4,$-36,$0,$-7,$-16,$0,$-36
45,2007-06-30,20.39,$24.73,0.82,$37.67,0.54,$-5.26,0.0,$2.60,7.84,$0.34B,$0.25B,1.34,$0.46B,$1.06B,0.43,$1.62B,$0.31B,19.16%,$1.62B,$0.16B,9.74%,$1.62B,$0.16B,9.74%,$1.62B,$0.16B,9.74%,$1.62B,$0.16B,9.74%,$1.62B,$0.11B,6.90%,$0.11B,$1.06B,10.77%,$0.11B,$1.06B,10.77%,$0.11B,$2.34B,4.92%,$0.16B,$1.52B,10.92%,$427,$340,$87,$0,$41,$381,$46,$4,$50,$19,$31,$31,$32,$46,$46,$43,43,$0.75,$0.74,$52,$67,$0,$338,$1473,$157,$0,$103,$2002,$2340,$253,$459,$127,$1024,$1277,$35,$867,$-20,$1063,$2340,$0,$0,$0,$0,$0,$0,$0,$0,$0,$34,$-38,$0,$0,$0,$-5,$-5,$-6,$-49,$40,$0,$40,$5,$5,$-23,$0,$22,$7,$0,$-23
46,2007-03-31,19.31,$24.47,0.79,$37.16,0.52,$-5.52,0.0,$2.54,7.6,$0.29B,$0.26B,1.12,$0.41B,$1.05B,0.39,$1.61B,$0.29B,18.18%,$1.61B,$0.15B,9.00%,$1.61B,$0.15B,9.00%,$1.61B,$0.15B,9.00%,$1.61B,$0.14B,8.62%,$1.61B,$0.11B,6.82%,$0.11B,$1.05B,10.77%,$0.11B,$1.05B,10.77%,$0.11B,$2.29B,4.93%,$0.15B,$1.46B,10.34%,$383,$307,$76,$0,$38,$345,$38,$1,$39,$15,$24,$24,$25,$38,$38,$43,43,$0.58,$0.58,$49,$36,$0,$292,$1507,$150,$0,$103,$1994,$2286,$261,$413,$126,$975,$1236,$35,$859,$-18,$1050,$2286,$0,$0,$0,$0,$0,$0,$0,$0,$0,$26,$-8,$0,$0,$0,$-4,$-4,$-2,$-14,$1,$0,$1,$2,$2,$-11,$0,$-8,$4,$0,$-11
47,2006-12-31,16.94,$24.11,0.7,$36.37,0.47,$-5.42,0.0,$2.80,6.05,$0.29B,$0.26B,1.11,$0.40B,$1.03B,0.39,$1.59B,$0.28B,17.86%,$1.59B,$0.14B,8.68%,$1.59B,$0.14B,8.68%,$1.59B,$0.14B,8.68%,$1.59B,$0.14B,9.06%,$1.59B,$0.12B,7.67%,$0.12B,$1.03B,11.95%,$0.12B,$1.03B,11.95%,$0.12B,$2.25B,5.57%,$0.14B,$1.43B,10.06%,$392,$323,$69,$0,$40,$363,$29,$-2,$28,$11,$17,$17,$27,$29,$29,$43,44,$0.64,$0.64,$45,$19,$0,$285,$1499,$149,$0,$262,$1966,$2251,$257,$401,$124,$967,$1224,$35,$843,$-19,$1027,$2251,$122,$85,$-61,$24,$5,$3,$-28,$-20,$-40,$106,$-220,$0,$0,$0,$3,$3,$93,$-124,$115,$0,$115,$-67,$-67,$-42,$0,$6,$-12,$10,$-42
