,Date,Stock Price,Book Value per Share,Price to Book Ratio,TTM Sales per Share,Price to Sales Ratio,TTM FCF per Share,Price to FCF Ratio,TTM Net EPS,PE Ratio,Current Assets,Current Liabilities,Current Ratio,Long Term Debt,Shareholder's Equity_x,Debt to Equity Ratio,TTM Revenue_x,TTM Gross Profit,Gross Margin,TTM Revenue_y,TTM Operating Income,Operating Margin,TTM Revenue_x,TTM EBIT,EBIT Margin,TTM Revenue_y,TTM EBITDA,EBITDA Margin,TTM Revenue_x,TTM Pre-Tax Income,Pre-Tax Margin,TTM Revenue_y,TTM Net Income_x,Net Margin,TTM Net Income_y,Shareholder's Equity_y,Return on Equity,TTM Net Income_x,Tangible Equity,Return on Tangible Equity,TTM Net Income_y,Total Assets,Return on Assets,TTM Net Income,LT Investments & Debt,Return on Investment,revenue,cost-goods-sold,gross-profit,research-development-expenses,selling-general-administrative-expenses,operating-expenses,operating-income,total-non-operating-income-expense,pre-tax-income,total-provision-income-taxes,income-after-taxes,income-from-continuous-operations,net-income,ebitda,ebit,basic-shares-outstanding,shares-outstanding,eps-basic-net-earnings-per-share,eps-earnings-per-share-diluted,cash-on-hand,inventory,other-current-assets,total-current-assets,net-property-plant-equipment,long-term-investments,goodwill-intangible-assets-total,other-long-term-assets,total-long-term-assets,total-assets,total-current-liabilities,long-term-debt,other-non-current-liabilities,total-long-term-liabilities,total-liabilities,common-stock-net,retained-earnings-accumulated-deficit,comprehensive-income,total-share-holder-equity,total-liabilities-share-holders-equity,net-income-loss,total-depreciation-amortization-cash-flow,other-non-cash-items,total-non-cash-items,change-in-accounts-receivable,change-in-inventories,change-in-accounts-payable,change-in-assets-liabilities,total-change-in-assets-liabilities,cash-flow-from-operating-activities,net-change-in-property-plant-equipment,net-change-in-intangible-assets,net-acquisitions-divestitures,net-change-in-short-term-investments,net-change-in-long-term-investments,net-change-in-investments-total,investing-activities-other,cash-flow-from-investing-activities,net-long-term-debt,net-current-debt,debt-issuance-retirement-net-total,net-common-equity-issued-repurchased,net-total-equity-issued-repurchased,total-common-preferred-stock-dividends-paid,financial-activities-other,cash-flow-from-financial-activities,net-cash-flow,stock-based-compensation,common-stock-dividends-paid
0,2018-09-30,8.53,$0.00,0.0,$8.07,1.06,$4.00,2.13,$0.72,11.85,$4.35B,$4.42B,0.99,$7.72B,$0.00B,0.0,$7.69B,$4.85B,63.10%,$7.69B,$1.81B,23.54%,$7.69B,$1.81B,23.54%,$7.69B,$3.28B,42.67%,$7.69B,$1.33B,17.34%,$7.69B,$0.12B,1.55%,$0.12B,$1.10B,6.40%,$0.12B,$-3.15B,-15.48%,$0.12B,$13.89B,0.99%,$1.81B,$8.82B,22.75%,$1958,$756,$1202,$0,$331,$1455,$502,$-110,$392,$95,$297,$297,$-566,$851,$502,$938,939,$-0.60,$-0.60,$2257,$303,$475,$4353,$4108,$537,$4247,$72,$9532,$13885,$4415,$7716,$257,$8367,$12782,$0,$0,$0,$1102,$13885,$-98,$1167,$1045,$2212,$17,$-176,$0,$-81,$-467,$1686,$-623,$-249,$-53,$277,$-59,$218,$-78,$-785,$1174,$0,$1174,$-223,$-223,$-692,$-119,$140,$1080,$0,$-692
1,2018-06-30,8.16,$0.00,0.0,$7.98,1.02,$4.07,2.01,$1.03,7.92,$3.04B,$3.53B,0.86,$6.34B,$0.00B,0.0,$7.68B,$4.86B,63.34%,$7.68B,$1.78B,23.14%,$7.68B,$1.78B,23.14%,$7.68B,$3.22B,41.90%,$7.68B,$1.34B,17.50%,$7.68B,$0.99B,12.90%,$0.99B,$1.82B,46.78%,$0.99B,$-0.28B,1007.63%,$0.99B,$12.19B,9.12%,$1.78B,$8.16B,24.37%,$1852,$654,$1199,$0,$355,$1405,$447,$-151,$296,$62,$234,$234,$231,$825,$447,$943,944,$0.25,$0.25,$1786,$280,$118,$3043,$4155,$231,$2099,$2534,$9142,$12186,$3526,$6339,$111,$6837,$10363,$0,$0,$0,$1823,$12186,$485,$819,$164,$983,$-38,$-143,$-158,$6,$-333,$1135,$-413,$-195,$-50,$-86,$0,$-86,$-67,$-810,$525,$-311,$214,$-124,$-124,$-0,$-15,$76,$433,$0,$-0
2,2018-03-31,10.53,$0.00,0.0,$7.93,1.33,$4.16,2.53,$1.05,10.02,$2.69B,$3.19B,0.84,$6.23B,$0.00B,0.0,$7.69B,$4.83B,62.75%,$7.69B,$1.75B,22.71%,$7.69B,$1.75B,22.71%,$7.69B,$3.17B,41.17%,$7.69B,$1.37B,17.85%,$7.69B,$1.02B,13.22%,$1.02B,$2.39B,45.56%,$1.02B,$0.17B,370.83%,$1.02B,$12.36B,9.85%,$1.75B,$8.62B,25.19%,$1899,$640,$1259,$0,$345,$1428,$472,$-115,$357,$84,$273,$273,$271,$913,$472,$947,948,$0.29,$0.29,$1466,$234,$125,$2686,$4434,$208,$2223,$2690,$9671,$12356,$3193,$6226,$118,$6773,$9966,$0,$0,$0,$2390,$12356,$273,$441,$204,$645,$-6,$-65,$-159,$31,$-290,$628,$-223,$-87,$-58,$351,$-20,$331,$-32,$-68,$53,$0,$53,$-135,$-135,$-0,$-18,$-100,$464,$0,$-0
3,2017-12-31,9.42,$2.22,4.24,$7.72,1.22,$4.18,2.25,$0.97,9.71,$2.50B,$2.68B,0.93,$4.09B,$2.12B,1.93,$7.58B,$4.68B,61.73%,$7.58B,$1.64B,21.70%,$7.58B,$1.64B,21.70%,$7.58B,$2.96B,39.09%,$7.58B,$1.29B,17.07%,$7.58B,$0.96B,12.65%,$0.96B,$2.12B,42.60%,$0.96B,$0.18B,243.77%,$0.96B,$9.42B,10.06%,$1.64B,$6.21B,25.78%,$1977,$787,$1190,$0,$428,$1589,$388,$-100,$288,$102,$186,$186,$183,$691,$388,$977,977,$0.19,$0.19,$1391,$171,$118,$2497,$4498,$202,$1944,$187,$6926,$9423,$2679,$4089,$125,$4620,$7299,$3,$2583,$-151,$2124,$9423,$968,$1317,$263,$1581,$-60,$38,$-115,$62,$-75,$2473,$-838,$-394,$-6,$-142,$-12,$-155,$0,$-1394,$429,$0,$429,$-374,$-374,$-885,$-32,$-863,$207,$0,$-885
4,2017-09-30,9.33,$0.00,0.0,$7.40,1.26,$3.70,2.52,$0.98,9.52,$2.53B,$2.72B,0.93,$4.03B,$0.00B,0.0,$7.29B,$4.50B,61.75%,$7.29B,$1.61B,22.05%,$7.29B,$1.61B,22.05%,$7.29B,$2.87B,39.40%,$7.29B,$1.29B,17.65%,$7.29B,$0.97B,13.36%,$0.97B,$2.13B,43.15%,$0.97B,$0.32B,203.02%,$0.97B,$9.46B,10.58%,$1.61B,$6.16B,25.72%,$1948,$733,$1214,$0,$394,$1479,$469,$-67,$402,$94,$308,$308,$305,$787,$469,$977,978,$0.31,$0.31,$1428,$200,$77,$2529,$4458,$287,$1805,$197,$6935,$9464,$2723,$4027,$153,$4613,$7335,$0,$0,$0,$2129,$9464,$775,$1015,$410,$1425,$-122,$18,$-160,$40,$-465,$1734,$-558,$-212,$-4,$-383,$0,$-383,$-12,$-1169,$141,$0,$141,$-190,$-190,$-390,$-31,$-469,$84,$0,$-390
5,2017-06-30,7.03,$0.00,0.0,$7.16,0.98,$3.61,1.95,$0.87,8.08,$2.87B,$2.68B,1.07,$4.48B,$0.00B,0.0,$7.08B,$4.34B,61.23%,$7.08B,$1.51B,21.36%,$7.08B,$1.51B,21.36%,$7.08B,$2.81B,39.63%,$7.08B,$1.19B,16.81%,$7.08B,$0.86B,12.20%,$0.86B,$2.29B,38.42%,$0.86B,$0.43B,169.74%,$0.86B,$10.06B,9.57%,$1.51B,$6.76B,24.88%,$1870,$704,$1165,$0,$410,$1452,$418,$-91,$326,$66,$260,$260,$258,$777,$418,$978,979,$0.26,$0.26,$1780,$197,$112,$2870,$4620,$289,$1859,$234,$7193,$10063,$2683,$4476,$163,$5094,$7776,$0,$0,$0,$2286,$10063,$481,$696,$239,$935,$-37,$53,$-142,$28,$-281,$1135,$-299,$-120,$0,$-504,$-6,$-509,$0,$-929,$258,$0,$258,$-165,$-165,$0,$-16,$77,$277,$0,$0
6,2017-03-31,9.25,$0.00,0.0,$6.90,1.34,$3.35,2.76,$0.75,12.34,$2.19B,$2.17B,1.01,$3.92B,$0.00B,0.0,$6.86B,$4.15B,60.46%,$6.86B,$1.40B,20.42%,$6.86B,$1.40B,20.42%,$6.86B,$2.68B,39.11%,$6.86B,$1.05B,15.37%,$6.86B,$0.74B,10.85%,$0.74B,$2.46B,33.02%,$0.74B,$0.64B,133.45%,$0.74B,$9.14B,8.48%,$1.40B,$6.38B,23.90%,$1780,$673,$1107,$0,$395,$1410,$369,$-92,$277,$63,$214,$214,$212,$706,$369,$989,990,$0.22,$0.21,$1188,$208,$91,$2188,$4459,$285,$1813,$213,$6948,$9137,$2165,$3919,$158,$4516,$6681,$0,$0,$0,$2456,$9137,$214,$337,$46,$383,$5,$36,$-103,$32,$-31,$566,$-119,$-59,$0,$-138,$0,$-138,$0,$-315,$65,$0,$65,$-158,$-158,$0,$-16,$-109,$117,$0,$0
7,2016-12-31,7.64,$2.17,3.52,$6.57,1.16,$3.26,2.34,$0.74,10.33,$1.37B,$1.91B,0.71,$3.56B,$2.16B,1.65,$6.54B,$3.90B,59.67%,$6.54B,$1.32B,20.12%,$6.54B,$1.32B,20.12%,$6.54B,$2.53B,38.69%,$6.54B,$1.01B,15.51%,$6.54B,$0.73B,11.14%,$0.73B,$2.16B,32.75%,$0.73B,$0.53B,118.09%,$0.73B,$8.17B,8.47%,$1.32B,$5.72B,22.85%,$1694,$677,$1017,$0,$374,$1342,$352,$-70,$282,$65,$217,$217,$199,$603,$352,$995,995,$0.20,$0.20,$407,$215,$111,$1365,$4093,$708,$1632,$222,$6802,$8167,$1913,$3557,$139,$4095,$6008,$3,$2184,$-90,$2159,$8167,$727,$1215,$200,$1415,$-53,$-27,$-136,$33,$-183,$1958,$-772,$-459,$-0,$439,$-61,$378,$-6,$-860,$-443,$0,$-443,$-11,$-11,$-792,$1,$-1246,$-225,$0,$-792
8,2016-09-30,6.1,$0.00,0.0,$6.61,0.92,$3.24,1.88,$0.65,9.38,$1.72B,$2.71B,0.63,$3.37B,$0.00B,0.0,$6.57B,$3.89B,59.19%,$6.57B,$1.24B,18.92%,$6.57B,$1.24B,18.92%,$6.57B,$2.63B,39.98%,$6.57B,$0.85B,12.90%,$6.57B,$0.62B,9.40%,$0.62B,$2.10B,25.99%,$0.62B,$0.44B,84.72%,$0.62B,$8.73B,6.68%,$1.24B,$5.47B,19.98%,$1739,$691,$1048,$0,$354,$1364,$374,$-68,$306,$66,$241,$241,$195,$721,$374,$995,995,$0.20,$0.20,$747,$202,$101,$1719,$4273,$677,$1654,$252,$7014,$8733,$2714,$3374,$109,$3924,$6638,$0,$0,$0,$2095,$8733,$557,$964,$216,$1180,$-77,$4,$-79,$42,$-111,$1626,$-524,$-364,$-6,$518,$-63,$456,$0,$-438,$-648,$0,$-648,$0,$0,$-449,$16,$-1080,$47,$0,$-449
9,2016-06-30,6.62,$0.00,0.0,$6.70,0.99,$2.86,2.31,$0.68,9.74,$1.86B,$2.63B,0.71,$3.57B,$0.00B,0.0,$6.66B,$3.95B,59.33%,$6.66B,$1.30B,19.57%,$6.66B,$1.30B,19.57%,$6.66B,$2.54B,38.10%,$6.66B,$0.83B,12.45%,$6.66B,$0.65B,9.78%,$0.65B,$2.30B,26.03%,$0.65B,$0.62B,77.83%,$0.65B,$9.05B,6.76%,$1.30B,$5.87B,19.62%,$1644,$670,$974,$0,$363,$1339,$305,$-116,$189,$53,$136,$136,$138,$652,$305,$995,995,$0.14,$0.14,$805,$195,$142,$1858,$4384,$658,$1681,$281,$7191,$9049,$2633,$3566,$106,$4114,$6748,$0,$0,$0,$2302,$9049,$354,$617,$109,$726,$-113,$14,$-51,$38,$-112,$968,$-369,$-254,$0,$261,$-60,$201,$0,$-422,$-655,$0,$-655,$0,$0,$0,$31,$-624,$-129,$0,$0
10,2016-03-31,6.15,$0.00,0.0,$7.01,0.88,$2.88,2.14,$0.87,7.07,$2.01B,$1.99B,1.01,$3.64B,$0.00B,0.0,$6.97B,$4.21B,60.36%,$6.97B,$1.43B,20.47%,$6.97B,$1.43B,20.47%,$6.97B,$2.75B,39.51%,$6.97B,$1.05B,15.03%,$6.97B,$0.84B,12.02%,$0.84B,$2.34B,31.33%,$0.84B,$0.88B,90.40%,$0.84B,$8.44B,8.06%,$1.43B,$5.97B,19.80%,$1459,$599,$861,$0,$320,$1175,$284,$-47,$237,$44,$193,$193,$196,$553,$284,$994,995,$0.20,$0.20,$1017,$170,$115,$2013,$3955,$569,$1457,$280,$6424,$8438,$1986,$3635,$103,$4116,$6102,$0,$0,$0,$2335,$8438,$193,$270,$58,$327,$-73,$22,$0,$13,$7,$528,$-169,$-98,$0,$207,$-18,$189,$0,$-78,$-256,$0,$-256,$0,$0,$0,$-14,$-270,$147,$0,$0
11,2015-12-31,4.7,$2.79,1.68,$7.15,0.66,$2.82,1.67,$0.89,5.28,$2.62B,$2.61B,1.01,$4.82B,$2.78B,1.74,$7.12B,$4.36B,61.24%,$7.12B,$1.45B,20.38%,$7.12B,$1.45B,20.38%,$7.12B,$2.83B,39.78%,$7.12B,$1.00B,14.08%,$7.12B,$0.82B,11.47%,$0.82B,$2.78B,29.04%,$0.82B,$0.98B,81.25%,$0.82B,$10.78B,7.52%,$1.45B,$7.60B,19.14%,$1732,$724,$1008,$0,$347,$1451,$281,$-165,$116,$33,$83,$83,$89,$702,$281,$994,995,$0.08,$0.08,$1375,$239,$165,$2624,$4994,$731,$1800,$424,$8157,$10781,$2606,$4821,$125,$5397,$8003,$3,$2858,$184,$2778,$10781,$782,$1380,$448,$1828,$46,$-99,$0,$53,$-233,$2377,$-1216,$-493,$0,$-22,$-668,$-690,$0,$-2398,$373,$0,$373,$0,$0,$-838,$10,$-455,$-464,$0,$-838
12,2015-09-30,5.36,$0.00,0.0,$7.77,0.69,$3.95,1.36,$0.81,6.62,$2.66B,$2.62B,1.01,$4.55B,$0.00B,0.0,$7.72B,$4.97B,64.31%,$7.72B,$1.60B,20.72%,$7.72B,$1.60B,20.72%,$7.72B,$2.99B,38.73%,$7.72B,$0.89B,11.52%,$7.72B,$0.69B,8.87%,$0.69B,$2.61B,20.85%,$0.69B,$0.87B,53.83%,$0.69B,$10.32B,5.61%,$1.60B,$7.15B,18.81%,$1829,$718,$1111,$0,$343,$1395,$434,$-147,$288,$65,$222,$222,$229,$632,$434,$995,995,$0.23,$0.23,$1300,$251,$155,$2659,$4694,$698,$1733,$370,$7662,$10321,$2621,$4547,$133,$5094,$7715,$0,$0,$0,$2606,$10321,$646,$959,$201,$1161,$-145,$-128,$69,$-12,$-216,$1590,$-863,$-375,$0,$-173,$-641,$-815,$0,$-2052,$585,$0,$585,$0,$0,$-627,$-74,$-116,$-579,$0,$-627
13,2015-06-30,6.79,$0.00,0.0,$8.91,0.76,$5.45,1.25,$0.94,7.22,$3.02B,$3.29B,0.92,$5.13B,$0.00B,0.0,$8.86B,$5.99B,67.64%,$8.86B,$2.07B,23.39%,$8.86B,$2.07B,23.39%,$8.86B,$3.76B,42.39%,$8.86B,$1.16B,13.09%,$8.86B,$0.90B,10.17%,$0.90B,$2.98B,23.93%,$0.90B,$0.98B,55.61%,$0.90B,$12.07B,6.78%,$2.07B,$8.11B,22.08%,$1951,$723,$1228,$0,$427,$1524,$428,$-21,$407,$90,$317,$317,$324,$867,$428,$995,995,$0.33,$0.33,$1718,$190,$140,$3021,$5531,$1003,$2002,$346,$9049,$12070,$3293,$5131,$212,$5797,$9090,$0,$0,$0,$2980,$12070,$507,$762,$142,$904,$-92,$-48,$0,$57,$-43,$1368,$-752,$-376,$0,$-463,$-756,$-1219,$0,$-2346,$648,$0,$648,$0,$0,$-2,$58,$704,$-329,$0,$-2
14,2015-03-31,7.01,$0.00,0.0,$9.79,0.72,$6.41,1.09,$1.20,5.84,$2.47B,$2.26B,1.1,$4.56B,$0.00B,0.0,$9.74B,$6.84B,70.28%,$9.74B,$2.36B,24.22%,$9.74B,$2.36B,24.22%,$9.74B,$3.60B,37.01%,$9.74B,$1.53B,15.73%,$9.74B,$1.18B,12.12%,$1.18B,$2.88B,28.94%,$1.18B,$1.19B,61.88%,$1.18B,$10.25B,8.44%,$2.36B,$7.44B,23.72%,$1603,$593,$1010,$0,$357,$1296,$307,$-116,$191,$31,$160,$160,$174,$629,$307,$994,994,$0.18,$0.18,$1388,$123,$110,$2471,$4700,$906,$1689,$326,$7781,$10253,$2255,$4559,$180,$5121,$7376,$0,$0,$0,$2877,$10253,$160,$323,$157,$479,$-46,$-2,$0,$21,$-13,$626,$-330,$-169,$0,$-321,$-636,$-956,$0,$-1455,$591,$0,$591,$0,$0,$0,$-12,$579,$-285,$0,$0
15,2014-12-31,4.98,$4.71,1.06,$10.99,0.45,$7.14,0.7,$1.36,3.66,$4.05B,$3.66B,1.11,$6.64B,$4.68B,1.42,$10.93B,$7.88B,72.09%,$10.93B,$2.72B,24.92%,$10.93B,$2.72B,24.92%,$10.93B,$3.65B,33.36%,$10.93B,$1.83B,16.73%,$10.93B,$1.38B,12.62%,$1.38B,$4.68B,30.37%,$1.38B,$2.05B,60.87%,$1.38B,$16.20B,9.19%,$2.72B,$11.32B,25.50%,$2340,$723,$1618,$0,$664,$1910,$431,$-427,$4,$51,$-47,$-47,$-42,$863,$431,$994,994,$-0.05,$-0.05,$1895,$200,$75,$4046,$7966,$831,$2628,$680,$12151,$16197,$3656,$6642,$175,$7862,$11518,$6,$5083,$-167,$4680,$16197,$1394,$1954,$791,$2744,$119,$19,$0,$63,$105,$4243,$-1958,$-488,$-73,$311,$-600,$-289,$0,$-2809,$442,$0,$442,$0,$0,$-1328,$4,$-882,$823,$0,$-1328
16,2014-09-30,10.16,$0.00,0.0,$11.90,0.85,$7.77,1.31,$1.87,5.43,$3.91B,$2.88B,1.36,$6.16B,$0.00B,0.0,$11.84B,$8.61B,72.74%,$11.84B,$3.10B,26.22%,$11.84B,$3.10B,26.22%,$11.84B,$3.60B,30.37%,$11.84B,$2.59B,21.87%,$11.84B,$2.04B,17.21%,$2.04B,$4.52B,44.29%,$2.04B,$2.26B,85.02%,$2.04B,$14.63B,13.78%,$3.10B,$10.68B,29.28%,$2968,$830,$2138,$0,$750,$2061,$907,$-349,$558,$106,$453,$453,$445,$1398,$907,$995,995,$0.45,$0.45,$1937,$215,$0,$3911,$7584,$584,$2257,$288,$10714,$14625,$2877,$6160,$0,$7228,$10104,$0,$0,$0,$4521,$14625,$1410,$1521,$264,$1786,$3,$12,$0,$105,$144,$3339,$-1115,$-362,$0,$192,$-494,$-302,$0,$-1779,$-156,$0,$-156,$0,$0,$-1040,$-1,$-1197,$425,$0,$-1040
17,2014-06-30,12.73,$0.00,0.0,$12.09,1.05,$8.16,1.56,$2.07,6.15,$4.00B,$3.49B,1.15,$6.11B,$0.00B,0.0,$12.02B,$8.80B,73.18%,$12.02B,$3.03B,25.23%,$12.02B,$3.03B,25.23%,$12.02B,$3.03B,25.23%,$12.02B,$2.78B,23.15%,$12.02B,$2.14B,17.82%,$2.14B,$4.23B,47.77%,$2.14B,$2.13B,93.00%,$2.14B,$14.84B,14.45%,$3.03B,$10.34B,29.07%,$2827,$750,$2078,$0,$795,$2113,$714,$65,$779,$170,$610,$610,$603,$714,$714,$995,995,$0.60,$0.60,$2123,$208,$0,$4002,$7600,$955,$2104,$183,$10842,$14844,$3493,$6114,$0,$7122,$10615,$0,$0,$0,$4229,$14844,$988,$1031,$68,$1099,$58,$29,$0,$100,$149,$2236,$-663,$-156,$0,$-166,$-493,$-659,$0,$-1479,$-74,$0,$-74,$0,$0,$-2,$-1,$-76,$653,$0,$-2
18,2014-03-31,11.28,$0.00,0.0,$12.35,0.91,$8.34,1.35,$2.37,4.76,$4.07B,$3.00B,1.36,$5.62B,$0.00B,0.0,$12.29B,$9.01B,73.34%,$12.29B,$3.13B,25.47%,$12.29B,$3.13B,25.47%,$12.29B,$3.13B,25.47%,$12.29B,$2.95B,24.01%,$12.29B,$2.46B,20.03%,$2.46B,$4.73B,55.59%,$2.46B,$2.62B,111.97%,$2.46B,$14.38B,16.23%,$3.13B,$10.36B,30.06%,$2790,$748,$2042,$0,$793,$2120,$670,$-183,$487,$108,$379,$379,$373,$670,$670,$995,995,$0.38,$0.38,$2182,$214,$0,$4065,$7478,$499,$2111,$229,$10317,$14382,$2996,$5623,$0,$6654,$9650,$0,$0,$0,$4732,$14382,$0,$0,$0,$0,$0,$0,$0,$0,$0,$1260,$-244,$-41,$0,$-658,$0,$-658,$0,$-943,$-134,$0,$-134,$0,$0,$-2,$0,$-136,$189,$0,$-2
19,2013-12-31,13.95,$4.94,2.82,$12.62,1.11,$8.22,1.7,$2.39,5.84,$3.68B,$3.21B,1.15,$6.11B,$4.92B,1.24,$12.55B,$9.20B,73.31%,$12.55B,$3.21B,25.55%,$12.55B,$3.21B,25.55%,$12.55B,$3.21B,25.55%,$12.55B,$3.05B,24.28%,$12.55B,$2.51B,20.03%,$2.51B,$4.92B,58.53%,$2.51B,$2.57B,126.83%,$2.51B,$15.29B,16.32%,$3.21B,$11.03B,30.41%,$3253,$901,$2353,$0,$841,$2441,$813,$-48,$765,$144,$621,$621,$616,$813,$813,$994,994,$0.63,$0.63,$1425,$268,$95,$3675,$8526,$560,$2341,$128,$11619,$15294,$3209,$6113,$198,$7170,$10378,$7,$5929,$-473,$4916,$15294,$2545,$2272,$377,$2649,$-109,$-19,$0,$-301,$-173,$5020,$-2102,$-455,$0,$-310,$-182,$-492,$4,$-3045,$-611,$0,$-611,$0,$0,$-1251,$124,$-1737,$271,$0,$-1251
20,2013-09-30,14.35,$0.00,0.0,$12.53,1.15,$6.90,2.08,$2.40,5.98,$4.09B,$3.83B,1.07,$5.94B,$0.00B,0.0,$12.47B,$9.10B,73.00%,$12.47B,$3.20B,25.66%,$12.47B,$3.20B,25.66%,$12.47B,$3.20B,25.66%,$12.47B,$2.99B,24.01%,$12.47B,$2.45B,19.61%,$2.45B,$4.07B,61.05%,$2.45B,$1.90B,146.19%,$2.45B,$14.82B,15.96%,$3.20B,$10.01B,30.74%,$3153,$828,$2326,$0,$834,$2318,$836,$-84,$752,$192,$560,$560,$551,$836,$836,$995,995,$0.56,$0.56,$1721,$254,$0,$4092,$7828,$530,$2169,$195,$10723,$14815,$3834,$5942,$0,$6914,$10748,$0,$0,$0,$4066,$14815,$0,$0,$0,$0,$0,$0,$0,$0,$0,$3692,$-1089,$-242,$0,$-205,$-177,$-381,$4,$-1709,$-409,$0,$-409,$-1,$-1,$-887,$-6,$-1302,$704,$0,$-887
21,2013-06-30,12.05,$0.00,0.0,$12.51,0.96,$6.08,1.98,$2.48,4.86,$5.02B,$5.01B,1.0,$6.25B,$0.00B,0.0,$12.44B,$9.02B,72.44%,$12.44B,$3.19B,25.62%,$12.44B,$3.19B,25.62%,$12.44B,$3.19B,25.62%,$12.44B,$3.07B,24.68%,$12.44B,$2.52B,20.28%,$2.52B,$3.99B,66.76%,$2.52B,$1.70B,181.98%,$2.52B,$16.17B,16.55%,$3.19B,$10.25B,30.87%,$3089,$800,$2289,$0,$861,$2279,$810,$135,$946,$133,$812,$812,$921,$810,$810,$995,995,$0.92,$0.92,$2579,$197,$0,$5019,$8167,$523,$2293,$168,$11151,$16170,$5010,$6253,$0,$7168,$12177,$0,$0,$0,$3993,$16170,$0,$0,$0,$0,$0,$0,$0,$0,$0,$2397,$-643,$-177,$0,$-398,$-161,$-560,$4,$-1376,$285,$0,$285,$-1,$-1,$-2,$-5,$278,$1336,$0,$-2
22,2013-03-31,12.59,$0.00,0.0,$12.55,1.0,$5.58,2.26,$0.90,13.99,$3.61B,$3.63B,1.0,$6.69B,$0.00B,0.0,$12.48B,$8.98B,71.96%,$12.48B,$2.09B,16.78%,$12.48B,$2.09B,16.78%,$12.48B,$2.09B,16.78%,$12.48B,$1.52B,12.21%,$12.48B,$0.92B,7.38%,$0.92B,$4.21B,27.14%,$0.92B,$1.76B,91.71%,$0.92B,$15.33B,6.21%,$2.09B,$10.89B,21.07%,$3055,$823,$2232,$0,$876,$2308,$747,$-163,$584,$149,$435,$435,$426,$747,$747,$995,995,$0.42,$0.42,$1295,$265,$0,$3610,$8767,$381,$2449,$126,$11723,$15332,$3626,$6685,$0,$7500,$11126,$0,$0,$0,$4207,$15332,$0,$0,$0,$0,$0,$0,$0,$0,$0,$1193,$-298,$-109,$0,$-478,$0,$-478,$3,$-882,$-359,$0,$-359,$-1,$-1,$-2,$0,$-361,$-47,$0,$-2
23,2012-12-31,11.33,$3.77,3.0,$12.50,0.91,$5.55,2.04,$1.02,11.1,$3.04B,$3.73B,0.81,$6.73B,$3.75B,1.79,$12.44B,$8.91B,71.61%,$12.44B,$2.00B,16.06%,$12.44B,$2.00B,16.06%,$12.44B,$2.00B,16.06%,$12.44B,$1.62B,13.03%,$12.44B,$1.01B,8.10%,$1.01B,$3.75B,29.64%,$1.01B,$1.34B,110.90%,$1.01B,$14.98B,6.73%,$2.00B,$10.49B,19.82%,$3168,$915,$2252,$0,$875,$2362,$806,$-95,$711,$156,$555,$555,$547,$806,$806,$994,994,$0.54,$0.54,$858,$283,$56,$3041,$8948,$374,$2418,$81,$11939,$14980,$3734,$6732,$216,$7493,$11227,$51,$5419,$-930,$3753,$14980,$1038,$2859,$40,$2899,$-274,$-1,$270,$305,$299,$4237,$-2630,$-260,$-61,$-106,$-2,$-107,$-2,$-3060,$-1469,$0,$-1469,$0,$0,$-923,$-16,$-2408,$-1126,$0,$-923
24,2012-09-30,10.64,$3.19,3.34,$12.35,0.86,$5.59,1.9,$0.87,12.23,$3.18B,$4.16B,0.76,$6.52B,$3.17B,2.06,$12.25B,$8.78B,71.67%,$12.25B,$1.91B,15.60%,$12.25B,$1.91B,15.60%,$12.25B,$1.91B,15.60%,$12.25B,$1.45B,11.84%,$12.25B,$0.85B,6.96%,$0.85B,$3.17B,25.45%,$0.85B,$0.76B,107.03%,$0.85B,$14.52B,5.67%,$1.91B,$9.69B,18.67%,$3132,$890,$2242,$0,$784,$2307,$825,$5,$830,$191,$638,$638,$630,$825,$825,$995,995,$0.64,$0.64,$884,$308,$0,$3176,$8334,$371,$2414,$225,$11344,$14519,$4161,$6524,$0,$7189,$11350,$51,$4885,$-973,$3169,$14519,$0,$0,$0,$0,$0,$0,$0,$0,$0,$3446,$-1655,$-156,$-41,$-108,$-23,$-131,$-2,$-1985,$-1709,$0,$-1709,$0,$0,$-919,$-15,$-2643,$-1099,$0,$-919
25,2012-06-30,10.44,$2.46,4.25,$12.49,0.84,$5.50,1.9,$0.59,17.7,$3.91B,$5.22B,0.75,$6.24B,$2.45B,2.55,$12.39B,$8.87B,71.59%,$12.39B,$1.94B,15.65%,$12.39B,$1.94B,15.65%,$12.39B,$1.94B,15.65%,$12.39B,$1.15B,9.27%,$12.39B,$0.59B,4.72%,$0.59B,$2.45B,22.86%,$0.59B,$0.17B,96.18%,$0.59B,$14.52B,5.12%,$1.94B,$8.69B,24.81%,$3122,$870,$2252,$0,$810,$3407,$-284,$-316,$-601,$73,$-673,$-673,$-682,$-284,$-284,$995,995,$-0.68,$-0.68,$1719,$302,$0,$3908,$7754,$304,$2276,$275,$10611,$14519,$5219,$6241,$0,$6854,$12074,$51,$4256,$-1063,$2445,$14519,$0,$0,$0,$0,$0,$0,$0,$0,$0,$2274,$-1019,$-104,$-33,$-795,$15,$-781,$-2,$-1938,$-1356,$0,$-1356,$0,$0,$-3,$-7,$-1366,$-970,$0,$-3
26,2012-03-31,10.69,$4.24,2.52,$12.49,0.86,$5.26,2.03,$1.64,6.52,$3.75B,$3.71B,1.01,$7.22B,$4.22B,1.71,$12.40B,$8.86B,71.49%,$12.40B,$2.90B,23.35%,$12.40B,$2.90B,23.35%,$12.40B,$2.90B,23.35%,$12.40B,$2.28B,18.36%,$12.40B,$1.63B,13.18%,$1.63B,$4.22B,83.88%,$1.63B,$1.37B,288.69%,$1.63B,$15.84B,20.97%,$2.90B,$11.44B,51.30%,$3014,$854,$2160,$0,$823,$2364,$650,$31,$680,$162,$519,$519,$512,$650,$650,$995,995,$0.52,$0.52,$1632,$305,$0,$3745,$8681,$308,$2848,$253,$12091,$15835,$3708,$7221,$0,$7906,$11615,$51,$5804,$-838,$4221,$15835,$0,$0,$0,$0,$0,$0,$0,$0,$0,$1277,$-406,$-57,$0,$-555,$15,$-541,$-2,$-1005,$-1245,$0,$-1245,$0,$0,$-3,$0,$-1249,$-886,$0,$-3
27,2011-12-31,8.56,$3.59,2.38,$12.53,0.68,$5.10,1.68,$1.46,5.86,$3.84B,$3.57B,1.08,$7.56B,$3.57B,2.12,$12.32B,$8.78B,71.30%,$12.32B,$2.81B,22.80%,$12.32B,$2.81B,22.80%,$12.32B,$2.81B,22.80%,$12.32B,$2.10B,17.05%,$12.32B,$1.44B,11.72%,$1.44B,$3.57B,71.60%,$1.44B,$0.89B,230.21%,$1.44B,$15.33B,18.79%,$2.81B,$11.13B,51.18%,$2982,$857,$2125,$0,$752,$2262,$720,$-179,$541,$125,$416,$416,$393,$720,$720,$985,985,$0.40,$0.40,$1937,$291,$126,$3838,$8242,$311,$2680,$115,$11489,$15327,$3565,$7560,$198,$8192,$11757,$51,$5295,$-964,$3571,$15327,$1568,$2286,$225,$2511,$-212,$-15,$32,$-33,$-230,$3849,$-2217,$-345,$-219,$265,$-41,$224,$3,$-2555,$1905,$0,$1905,$13,$13,$-1240,$-948,$-270,$923,$0,$-1240
28,2011-09-30,7.17,$0.00,0.0,$12.63,0.57,$5.22,1.37,$1.46,4.91,$0.00B,$0.00B,0.0,$0.00B,$0.00B,0.0,$12.33B,$8.75B,70.92%,$12.33B,$2.59B,21.03%,$12.33B,$2.59B,21.03%,$12.33B,$2.59B,21.03%,$12.33B,$1.90B,15.43%,$12.33B,$1.22B,9.88%,$1.22B,$0.00B,56.35%,$1.22B,$0.00B,164.90%,$1.22B,$0.00B,16.31%,$2.59B,$0.00B,48.52%,$3275,$940,$2335,$0,$809,$2422,$853,$-324,$529,$137,$392,$392,$362,$853,$853,$995,995,$0.36,$0.36,$0,$0,$0,$0,$0,$0,$0,$0,$0,$0,$0,$0,$0,$0,$0,$0,$0,$0,$0,$0,$0,$0,$0,$0,$0,$0,$0,$0,$0,$2988,$-1288,$-202,$-57,$252,$10,$262,$-1,$-1286,$353,$0,$353,$13,$13,$-1240,$-204,$-1077,$546,$0,$-1240
29,2011-06-30,11.09,$0.00,0.0,$12.37,0.9,$5.62,1.97,$1.60,6.93,$0.00B,$0.00B,0.0,$0.00B,$0.00B,0.0,$11.97B,$8.60B,71.82%,$11.97B,$2.54B,21.20%,$11.97B,$2.54B,21.20%,$11.97B,$2.54B,21.20%,$11.97B,$2.03B,16.99%,$11.97B,$1.33B,11.13%,$1.33B,$0.00B,40.83%,$1.33B,$0.00B,107.55%,$1.33B,$0.00B,12.02%,$2.54B,$0.00B,32.95%,$3128,$885,$2244,$0,$870,$2456,$672,$-145,$527,$129,$398,$398,$367,$672,$672,$995,995,$0.36,$0.36,$0,$0,$0,$0,$0,$0,$0,$0,$0,$0,$0,$0,$0,$0,$0,$0,$0,$0,$0,$0,$0,$0,$0,$0,$0,$0,$0,$0,$0,$1669,$-652,$-146,$-34,$-20,$10,$-9,$-2,$-843,$-192,$0,$-192,$-0,$-0,$-204,$-195,$-591,$296,$0,$-204
30,2011-03-31,11.76,$4.69,2.51,$12.12,0.97,$5.91,1.99,$1.60,7.35,$3.73B,$3.82B,0.98,$6.33B,$4.50B,1.41,$11.61B,$8.43B,72.62%,$11.61B,$2.62B,22.56%,$11.61B,$2.62B,22.56%,$11.61B,$2.62B,22.56%,$11.61B,$2.02B,17.36%,$11.61B,$1.32B,11.36%,$1.32B,$4.50B,30.79%,$1.32B,$1.62B,76.74%,$1.32B,$15.42B,8.84%,$2.62B,$10.83B,25.92%,$2934,$854,$2080,$0,$882,$2370,$564,$-61,$503,$141,$361,$361,$322,$564,$564,$958,958,$0.34,$0.34,$1675,$370,$0,$3733,$8243,$370,$2879,$196,$11687,$15420,$3816,$6330,$0,$7108,$10924,$51,$5188,$-706,$4496,$15420,$0,$0,$0,$0,$0,$0,$0,$0,$0,$908,$-229,$-46,$-19,$-131,$7,$-124,$-2,$-420,$-86,$0,$-86,$-0,$-0,$-0,$-186,$-272,$267,$0,$-0
31,2010-12-31,11.56,$4.34,2.66,$11.78,0.98,$6.01,1.92,$1.66,6.96,$3.12B,$3.16B,0.99,$6.40B,$4.16B,1.54,$11.29B,$8.30B,73.53%,$11.29B,$2.74B,24.23%,$11.29B,$2.74B,24.23%,$11.29B,$2.74B,24.23%,$11.29B,$2.07B,18.29%,$11.29B,$1.38B,12.22%,$1.38B,$4.16B,31.58%,$1.38B,$1.34B,70.12%,$1.38B,$14.48B,9.21%,$2.74B,$10.56B,27.51%,$2996,$908,$2087,$0,$830,$2491,$505,$-161,$344,$137,$207,$207,$168,$505,$505,$958,958,$0.18,$0.18,$1261,$320,$103,$3117,$7972,$370,$2818,$97,$11361,$14478,$3155,$6404,$235,$7166,$10321,$51,$4901,$-772,$4157,$14478,$1548,$2122,$-5,$2117,$-302,$-106,$223,$137,$-48,$3617,$-1908,$-733,$648,$-95,$-96,$-191,$2,$-2182,$-1255,$0,$-1255,$0,$0,$-976,$-805,$-3036,$-1601,$0,$-976
32,2010-09-30,11.76,$4.59,2.56,$11.56,1.02,$6.01,1.96,$1.20,9.8,$4.26B,$4.23B,1.01,$5.01B,$4.40B,1.14,$11.04B,$8.27B,74.91%,$11.04B,$2.86B,25.89%,$11.04B,$2.86B,25.89%,$11.04B,$2.86B,25.89%,$11.04B,$1.78B,16.14%,$11.04B,$1.20B,10.85%,$1.20B,$4.40B,27.09%,$1.20B,$2.00B,55.33%,$1.20B,$14.45B,7.83%,$2.86B,$9.41B,28.64%,$2911,$725,$2185,$0,$813,$2115,$796,$-136,$660,$141,$519,$519,$475,$796,$796,$958,958,$0.50,$0.50,$2487,$250,$0,$4263,$7290,$270,$2401,$223,$10183,$14446,$4231,$5014,$39,$5818,$10049,$51,$5169,$-742,$4397,$14446,$0,$0,$0,$0,$0,$0,$0,$0,$0,$2740,$-720,$-238,$-154,$-85,$795,$710,$2,$-399,$-1910,$0,$-1910,$0,$0,$-496,$-309,$-2714,$-368,$0,$-496
33,2010-06-30,10.61,$4.26,2.49,$11.31,0.94,$5.06,2.1,$1.22,8.67,$4.63B,$4.90B,0.95,$5.55B,$4.09B,1.36,$10.76B,$8.06B,74.97%,$10.76B,$2.80B,26.02%,$10.76B,$2.80B,26.02%,$10.76B,$2.80B,26.02%,$10.76B,$1.81B,16.83%,$10.76B,$1.23B,11.41%,$1.23B,$4.09B,29.27%,$1.23B,$1.92B,58.97%,$1.23B,$15.32B,8.09%,$2.80B,$9.64B,28.24%,$2772,$691,$2081,$0,$759,$2017,$755,$-245,$509,$112,$397,$397,$354,$755,$755,$958,958,$0.36,$0.36,$2888,$250,$0,$4626,$7181,$1108,$2164,$237,$10690,$15316,$4895,$5550,$38,$6335,$11230,$51,$4824,$-787,$4086,$15316,$0,$0,$0,$0,$0,$0,$0,$0,$0,$1683,$-430,$-132,$-43,$-260,$3,$-257,$-43,$-904,$-842,$0,$-842,$0,$0,$-6,$-26,$-873,$-90,$0,$-6
34,2010-03-31,11.83,$5.05,2.34,$10.90,1.09,$4.32,2.74,$1.46,8.11,$4.44B,$4.73B,0.94,$5.33B,$4.84B,1.1,$10.36B,$7.80B,75.27%,$10.36B,$2.69B,25.99%,$10.36B,$2.69B,25.99%,$10.36B,$2.69B,25.99%,$10.36B,$2.07B,20.00%,$10.36B,$1.45B,13.99%,$1.45B,$4.84B,36.83%,$1.45B,$2.62B,75.78%,$1.45B,$15.71B,10.30%,$2.69B,$10.17B,29.75%,$2615,$664,$1951,$0,$723,$1935,$680,$-127,$553,$127,$426,$426,$383,$680,$680,$958,958,$0.40,$0.40,$2714,$233,$0,$4444,$7630,$1186,$2227,$223,$11266,$15709,$4727,$5332,$40,$6140,$10867,$51,$5512,$-763,$4842,$15709,$0,$0,$0,$0,$0,$0,$0,$0,$0,$966,$-187,$-63,$-6,$-210,$0,$-210,$0,$-466,$-747,$0,$-747,$0,$0,$1,$-7,$-753,$-246,$0,$1
35,2009-12-31,10.42,$4.56,2.29,$10.43,1.0,$3.78,2.76,$1.00,10.42,$4.40B,$4.28B,1.03,$6.33B,$4.37B,1.45,$9.87B,$7.48B,75.80%,$9.87B,$2.56B,25.89%,$9.87B,$2.56B,25.89%,$9.87B,$2.56B,25.89%,$9.87B,$1.50B,15.19%,$9.87B,$1.01B,10.28%,$1.01B,$4.37B,28.02%,$1.01B,$2.13B,59.10%,$1.01B,$15.76B,8.07%,$2.56B,$10.69B,31.52%,$2740,$687,$2052,$0,$758,$2113,$627,$-568,$59,$181,$-122,$-122,$-14,$627,$627,$943,943,$-0.02,$-0.02,$2735,$240,$127,$4401,$7751,$1129,$2238,$119,$11363,$15764,$4279,$6328,$270,$7120,$11399,$51,$5097,$-748,$4366,$15764,$994,$1889,$766,$2655,$-217,$-112,$0,$49,$-57,$3592,$-1914,$-386,$-271,$136,$45,$181,$17,$-2372,$2848,$0,$2848,$0,$0,$-1266,$-1451,$131,$1393,$0,$-1266
36,2009-09-30,10.29,$1.47,6.98,$11.86,0.87,$4.97,2.07,$1.22,8.46,$5.68B,$4.33B,1.31,$5.66B,$3.48B,1.63,$11.29B,$8.74B,77.42%,$11.29B,$3.06B,27.08%,$11.29B,$3.06B,27.08%,$11.29B,$3.06B,27.08%,$11.29B,$1.98B,17.49%,$11.29B,$1.22B,10.82%,$1.22B,$3.48B,29.93%,$1.22B,$1.66B,55.76%,$1.22B,$13.86B,9.93%,$3.06B,$9.14B,38.68%,$2628,$649,$1979,$0,$700,$1892,$736,$-47,$689,$149,$540,$540,$504,$736,$736,$943,943,$0.54,$0.54,$4219,$154,$0,$5675,$5904,$242,$1815,$220,$8181,$13856,$4330,$5662,$0,$6052,$10382,$51,$4873,$-561,$3475,$13856,$0,$0,$0,$0,$0,$0,$0,$0,$0,$2469,$-1375,$-288,$-186,$-15,$1,$-14,$15,$-1847,$2538,$0,$2538,$0,$0,$-429,$-106,$2002,$2837,$0,$-429
37,2009-06-30,7.87,$1.30,6.06,$10.24,0.77,$4.68,1.68,$1.23,6.39,$2.98B,$4.42B,0.68,$3.15B,$3.06B,1.03,$11.48B,$8.93B,77.81%,$11.48B,$3.26B,28.38%,$11.48B,$3.26B,28.38%,$11.48B,$3.26B,28.38%,$11.48B,$2.01B,17.52%,$11.48B,$1.23B,10.75%,$1.23B,$3.06B,27.62%,$1.23B,$1.25B,48.41%,$1.23B,$10.96B,10.60%,$3.26B,$6.21B,43.86%,$2378,$561,$1817,$0,$659,$1728,$650,$120,$771,$149,$622,$622,$577,$650,$650,$958,958,$0.62,$0.62,$1774,$113,$0,$2979,$5766,$233,$1811,$166,$7977,$10956,$4416,$3145,$0,$3477,$7893,$51,$4392,$-491,$3063,$10956,$0,$0,$0,$0,$0,$0,$0,$0,$0,$1566,$-1023,$-186,$-146,$257,$2,$259,$6,$-1091,$113,$0,$113,$0,$0,$-0,$-42,$70,$593,$0,$-0
38,2009-03-31,5.94,$1.52,3.92,$8.84,0.67,$4.64,1.28,$1.32,4.51,$2.18B,$2.97B,0.73,$2.82B,$3.57B,0.79,$11.74B,$9.15B,77.94%,$11.74B,$3.46B,29.52%,$11.74B,$3.46B,29.52%,$11.74B,$3.46B,29.52%,$11.74B,$2.11B,17.99%,$11.74B,$1.32B,11.21%,$1.32B,$3.57B,26.25%,$1.32B,$1.82B,43.31%,$1.32B,$9.68B,11.03%,$3.46B,$6.39B,44.61%,$2122,$490,$1632,$0,$604,$1579,$542,$-562,$-20,$26,$-46,$-46,$-53,$542,$542,$943,943,$-0.06,$-0.06,$1024,$100,$0,$2176,$5385,$233,$1748,$142,$7507,$9684,$2968,$2818,$0,$3144,$6112,$51,$5049,$-641,$3572,$9684,$0,$0,$0,$0,$0,$0,$0,$0,$0,$856,$-601,$-103,$-106,$262,$0,$262,$-9,$-556,$-248,$0,$-248,$0,$0,$-0,$-19,$-240,$-56,$0,$-0
39,2008-12-31,5.29,$6.60,0.8,$7.57,0.7,$4.68,1.13,$2.00,2.64,$3.02B,$4.12B,0.73,$3.67B,$6.22B,0.59,$11.99B,$9.31B,77.64%,$11.99B,$3.63B,30.25%,$11.99B,$3.63B,30.25%,$11.99B,$3.63B,30.25%,$11.99B,$2.91B,24.22%,$11.99B,$1.98B,16.50%,$1.98B,$6.22B,35.62%,$1.98B,$4.03B,56.46%,$1.98B,$14.72B,16.10%,$3.63B,$9.89B,43.94%,$4166,$850,$3316,$0,$1327,$3036,$1130,$-595,$535,$166,$369,$369,$194,$1130,$1130,$961,961,$1.32,$1.32,$1482,$141,$197,$3022,$7758,$1602,$2188,$108,$11695,$14717,$4123,$3672,$217,$4374,$8497,$51,$5643,$-451,$6220,$14717,$2161,$2130,$537,$2667,$-157,$6,$0,$-112,$199,$5027,$-2172,$-405,$-87,$19,$-42,$-22,$-12,$-2698,$746,$0,$746,$-1051,$-1051,$-1148,$-227,$-1680,$309,$0,$-1148
40,2008-09-30,11.12,$2.12,5.24,$7.09,1.57,$3.98,2.79,$2.31,4.82,$2.09B,$3.80B,0.55,$2.20B,$5.02B,0.44,$11.62B,$9.11B,78.39%,$11.62B,$3.59B,30.90%,$11.62B,$3.59B,30.90%,$11.62B,$3.59B,30.90%,$11.62B,$3.26B,28.03%,$11.62B,$2.26B,19.45%,$2.26B,$5.02B,42.17%,$2.26B,$3.09B,67.81%,$2.26B,$11.21B,19.92%,$3.59B,$7.22B,45.96%,$2812,$646,$2166,$0,$629,$1877,$935,$-211,$725,$202,$523,$523,$516,$935,$935,$2405,2405,$0.22,$0.22,$668,$141,$0,$2088,$6828,$286,$1926,$82,$9122,$11210,$3804,$2200,$0,$2390,$6194,$51,$5041,$691,$5016,$11210,$0,$0,$0,$0,$0,$0,$0,$0,$0,$3301,$-1203,$-279,$-37,$-19,$-37,$-55,$27,$-1548,$-186,$0,$-186,$-1052,$-1052,$-406,$-0,$-1645,$-7,$0,$-406
41,2008-06-30,15.2,$2.17,7.01,$6.81,2.23,$3.85,3.95,$1.90,8.0,$2.68B,$4.35B,0.62,$2.31B,$5.25B,0.44,$11.03B,$8.66B,78.55%,$11.03B,$3.46B,31.37%,$11.03B,$3.46B,31.37%,$11.03B,$3.46B,31.37%,$11.03B,$3.40B,30.87%,$11.03B,$2.40B,21.76%,$2.40B,$5.25B,44.68%,$2.40B,$3.21B,71.76%,$2.40B,$12.10B,21.54%,$3.46B,$7.56B,43.81%,$2635,$603,$2032,$0,$618,$1778,$857,$14,$871,$210,$661,$659,$659,$857,$857,$2419,2419,$0.27,$0.27,$1222,$138,$0,$2683,$7021,$251,$2038,$109,$9419,$12102,$4353,$2312,$0,$2503,$6855,$51,$4525,$880,$5247,$12102,$0,$0,$0,$0,$0,$0,$0,$0,$0,$1953,$-672,$-166,$-36,$-42,$-25,$-67,$11,$-930,$-96,$0,$-96,$-423,$-423,$0,$-0,$-520,$529,$0,$0
42,2008-03-31,15.05,$2.37,6.34,$6.52,2.31,$3.77,3.99,$1.32,11.37,$1.88B,$2.57B,0.73,$2.61B,$5.74B,0.46,$10.36B,$8.16B,78.75%,$10.36B,$3.29B,31.78%,$10.36B,$3.29B,31.78%,$10.36B,$3.29B,31.78%,$10.36B,$3.22B,31.10%,$10.36B,$2.25B,21.70%,$2.25B,$5.74B,43.65%,$2.25B,$3.69B,69.01%,$2.25B,$11.13B,21.22%,$3.29B,$8.35B,42.74%,$2379,$583,$1796,$0,$560,$1675,$705,$70,$774,$166,$608,$610,$610,$705,$705,$2430,2430,$0.25,$0.25,$568,$150,$0,$1884,$6824,$234,$2051,$131,$9241,$11125,$2567,$2610,$0,$2816,$5383,$51,$5087,$816,$5743,$11125,$0,$0,$0,$0,$0,$0,$0,$0,$0,$992,$-258,$-61,$-19,$0,$-21,$-21,$8,$-352,$-332,$0,$-332,$-423,$-423,$0,$-0,$-755,$-82,$0,$0
43,2007-12-31,20.2,$2.22,9.1,$6.24,3.24,$3.68,5.49,$0.79,25.63,$1.95B,$2.61B,0.75,$2.69B,$5.44B,0.49,$9.72B,$7.70B,79.21%,$9.72B,$3.19B,32.75%,$9.72B,$3.19B,32.75%,$9.72B,$3.19B,32.75%,$9.72B,$3.07B,31.59%,$9.72B,$2.09B,21.47%,$2.09B,$5.44B,42.86%,$2.09B,$3.35B,66.41%,$2.09B,$10.97B,20.49%,$3.19B,$8.13B,43.07%,$3798,$680,$3118,$0,$1288,$2703,$1095,$-207,$888,$292,$596,$609,$476,$1095,$1095,$987,987,$1.46,$1.46,$650,$141,$95,$1947,$6607,$197,$2095,$61,$9020,$10967,$2611,$2688,$69,$2912,$5524,$51,$4477,$704,$5443,$10967,$2220,$1579,$-39,$1540,$-174,$67,$0,$67,$92,$3851,$-1607,$-265,$-1087,$-306,$20,$-286,$-2,$-3247,$464,$0,$464,$-248,$-248,$-794,$320,$-258,$459,$0,$-794
44,2007-09-30,13.75,$2.05,6.7,$3.12,4.41,$1.79,7.7,$0.61,22.62,$1.97B,$2.67B,0.74,$2.49B,$5.05B,0.49,$7.73B,$5.98B,77.34%,$7.73B,$2.74B,35.42%,$7.73B,$2.74B,35.42%,$7.73B,$2.74B,35.42%,$7.73B,$2.47B,31.92%,$7.73B,$1.72B,22.27%,$1.72B,$5.05B,38.71%,$1.72B,$3.13B,59.51%,$1.72B,$10.37B,17.96%,$2.74B,$7.54B,38.95%,$2216,$500,$1716,$0,$494,$1414,$802,$69,$871,$216,$655,$655,$655,$802,$802,$2466,2466,$0.26,$0.26,$651,$134,$0,$1974,$6190,$200,$1920,$91,$8400,$10374,$2667,$2485,$0,$2657,$5324,$51,$4014,$644,$5051,$10374,$0,$0,$0,$0,$0,$0,$0,$0,$0,$2548,$-723,$-91,$-720,$46,$-0,$46,$-1,$-1489,$7,$0,$7,$-116,$-116,$-537,$-2,$-648,$415,$0,$-537
45,2007-06-30,12.02,$1.77,6.78,$2.94,4.08,$1.30,9.23,$0.57,21.01,$2.35B,$3.04B,0.77,$2.43B,$4.37B,0.56,$7.31B,$5.67B,77.56%,$7.31B,$2.62B,35.85%,$7.31B,$2.62B,35.85%,$7.31B,$2.62B,35.85%,$7.31B,$2.26B,30.86%,$7.31B,$1.55B,21.23%,$1.55B,$4.37B,37.69%,$1.55B,$2.87B,57.66%,$1.55B,$9.94B,17.03%,$2.62B,$6.80B,38.79%,$1969,$439,$1530,$0,$456,$1278,$691,$-1,$690,$176,$514,$508,$508,$691,$691,$2483,2483,$0.21,$0.21,$984,$165,$0,$2345,$5809,$184,$1505,$92,$7590,$9935,$3038,$2429,$0,$2525,$5563,$51,$3364,$541,$4372,$9935,$0,$0,$0,$0,$0,$0,$0,$0,$0,$1553,$-422,$-55,$-250,$-165,$0,$-165,$1,$-892,$-82,$0,$-82,$-39,$-39,$0,$-1,$-123,$540,$0,$0
46,2007-03-31,11.11,$1.87,5.94,$2.75,4.04,$0.95,11.71,$0.53,21.03,$2.10B,$2.22B,0.95,$2.49B,$4.62B,0.54,$6.84B,$5.30B,77.55%,$6.84B,$2.40B,35.04%,$6.84B,$2.40B,35.04%,$6.84B,$2.40B,35.04%,$6.84B,$2.00B,29.25%,$6.84B,$1.34B,19.60%,$1.34B,$4.62B,34.92%,$1.34B,$3.23B,54.72%,$1.34B,$9.48B,15.26%,$2.40B,$7.11B,36.55%,$1741,$404,$1338,$0,$392,$1144,$597,$26,$623,$168,$455,$449,$449,$597,$597,$2485,2485,$0.18,$0.18,$750,$181,$0,$2104,$5715,$171,$1389,$97,$7372,$9477,$2215,$2488,$0,$2640,$4855,$51,$3597,$517,$4621,$9477,$0,$0,$0,$0,$0,$0,$0,$0,$0,$736,$-206,$-17,$0,$-49,$0,$-49,$1,$-272,$-41,$0,$-41,$0,$0,$0,$-1,$-41,$424,$0,$0
47,2006-12-31,9.96,$1.52,6.56,$2.57,3.88,$0.77,13.0,$0.47,21.1,$1.63B,$1.72B,0.95,$2.93B,$3.75B,0.78,$6.39B,$4.95B,77.56%,$6.39B,$2.13B,33.41%,$6.39B,$2.13B,33.41%,$6.39B,$2.13B,33.41%,$6.39B,$1.67B,26.09%,$6.39B,$1.08B,16.84%,$1.08B,$3.75B,30.24%,$1.08B,$2.35B,49.75%,$1.08B,$8.57B,12.85%,$2.13B,$6.68B,34.56%,$1806,$410,$1396,$0,$410,$1157,$649,$-365,$284,$167,$116,$110,$110,$649,$649,$2485,2485,$0.05,$0.05,$276,$196,$124,$1629,$5298,$145,$1407,$25,$6945,$8574,$1720,$2928,$11,$3102,$4822,$51,$3154,$90,$3752,$8574,$1076,$1067,$229,$1296,$-175,$-39,$0,$83,$7,$2379,$-1439,$-272,$-38,$-28,$16,$-12,$-19,$-1780,$214,$0,$214,$-106,$-106,$-559,$-14,$-464,$142,$0,$-559
