,Date,Stock Price,Book Value per Share,Price to Book Ratio,TTM Sales per Share,Price to Sales Ratio,TTM FCF per Share,Price to FCF Ratio,TTM Net EPS,PE Ratio,Current Assets,Current Liabilities,Current Ratio,Long Term Debt,Shareholder's Equity_x,Debt to Equity Ratio,TTM Revenue_x,TTM Gross Profit,Gross Margin,TTM Revenue_y,TTM Operating Income,Operating Margin,TTM Revenue_x,TTM EBIT,EBIT Margin,TTM Revenue_y,TTM EBITDA,EBITDA Margin,TTM Revenue_x,TTM Pre-Tax Income,Pre-Tax Margin,TTM Revenue_y,TTM Net Income_x,Net Margin,TTM Net Income_y,Shareholder's Equity_y,Return on Equity,TTM Net Income_x,Tangible Equity,Return on Tangible Equity,TTM Net Income_y,Total Assets,Return on Assets,TTM Net Income,LT Investments & Debt,Return on Investment,revenue,cost-goods-sold,gross-profit,research-development-expenses,selling-general-administrative-expenses,operating-expenses,operating-income,total-non-operating-income-expense,pre-tax-income,total-provision-income-taxes,income-after-taxes,income-from-continuous-operations,net-income,ebitda,ebit,basic-shares-outstanding,shares-outstanding,eps-basic-net-earnings-per-share,eps-earnings-per-share-diluted,cash-on-hand,inventory,other-current-assets,total-current-assets,net-property-plant-equipment,long-term-investments,goodwill-intangible-assets-total,other-long-term-assets,total-long-term-assets,total-assets,total-current-liabilities,long-term-debt,other-non-current-liabilities,total-long-term-liabilities,total-liabilities,common-stock-net,retained-earnings-accumulated-deficit,comprehensive-income,total-share-holder-equity,total-liabilities-share-holders-equity,net-income-loss,total-depreciation-amortization-cash-flow,other-non-cash-items,total-non-cash-items,change-in-accounts-receivable,change-in-inventories,change-in-accounts-payable,change-in-assets-liabilities,total-change-in-assets-liabilities,cash-flow-from-operating-activities,net-change-in-property-plant-equipment,net-change-in-intangible-assets,net-acquisitions-divestitures,net-change-in-short-term-investments,net-change-in-long-term-investments,net-change-in-investments-total,investing-activities-other,cash-flow-from-investing-activities,net-long-term-debt,net-current-debt,debt-issuance-retirement-net-total,net-common-equity-issued-repurchased,net-total-equity-issued-repurchased,total-common-preferred-stock-dividends-paid,financial-activities-other,cash-flow-from-financial-activities,net-cash-flow,stock-based-compensation,common-stock-dividends-paid
0,2018-09-30,1.51,$3.13,0.48,$1.39,1.09,$1.73,0.87,$-1.07,0.0,$0.01B,$0.02B,0.56,$0.10B,$0.06B,1.62,$0.04B,$0.02B,38.10%,$0.04B,$-0.02B,-57.14%,$0.04B,$-0.02B,-57.14%,$0.04B,$-0.01B,-16.67%,$0.04B,$-0.03B,-69.05%,$0.04B,$-0.03B,-76.19%,$-0.03B,$0.10B,-31.84%,$-0.03B,$0.10B,-31.84%,$-0.03B,$0.26B,-13.88%,$-0.02B,$0.19B,-12.40%,$13,$8,$5,$0,$1,$15,$-2,$-2,$-3,$0,$-3,$-3,$-4,$3,$-2,$30,30,$-0.14,$-0.14,$0,$0,$0,$10,$244,$0,$0,$2,$246,$256,$18,$96,$47,$143,$161,$60,$0,$0,$95,$256,$-21,$12,$25,$37,$-3,$0,$0,$-0,$-0,$16,$-5,$0,$-22,$0,$0,$0,$0,$-27,$-3,$0,$-3,$0,$15,$-3,$-1,$9,$-2,$1,$0
1,2018-06-30,1.61,$3.27,0.49,$1.33,1.21,$1.57,1.02,$-1.22,0.0,$0.01B,$0.01B,0.53,$0.09B,$0.06B,1.37,$0.04B,$0.02B,37.50%,$0.04B,$-0.03B,-70.00%,$0.04B,$-0.03B,-70.00%,$0.04B,$-0.01B,-30.00%,$0.04B,$-0.03B,-85.00%,$0.04B,$-0.04B,-92.50%,$-0.04B,$0.10B,-35.41%,$-0.04B,$0.10B,-35.41%,$-0.04B,$0.23B,-16.12%,$-0.03B,$0.19B,-13.73%,$7,$6,$0,$0,$1,$12,$-6,$-1,$-7,$0,$-7,$-7,$-8,$-2,$-6,$30,30,$-0.26,$-0.26,$1,$0,$0,$7,$216,$0,$0,$3,$219,$226,$13,$87,$26,$113,$127,$64,$0,$0,$99,$226,$-17,$7,$20,$27,$-0,$0,$0,$-2,$-0,$10,$-3,$0,$-9,$0,$0,$0,$0,$-12,$-12,$0,$-12,$0,$15,$-2,$-1,$1,$-1,$0,$0
2,2018-03-31,1.29,$3.51,0.37,$1.66,0.78,$1.49,0.87,$-1.48,0.0,$0.01B,$0.01B,0.85,$0.09B,$0.07B,1.25,$0.05B,$0.03B,51.02%,$0.05B,$-0.04B,-73.47%,$0.05B,$-0.04B,-73.47%,$0.05B,$-0.02B,-38.78%,$0.05B,$-0.04B,-85.71%,$0.05B,$-0.05B,-91.84%,$-0.05B,$0.11B,-41.00%,$-0.05B,$0.11B,-41.00%,$-0.05B,$0.22B,-18.99%,$-0.04B,$0.20B,-16.53%,$11,$6,$6,$0,$2,$20,$-9,$-1,$-10,$0,$-10,$-10,$-11,$-5,$-9,$30,30,$-0.37,$-0.37,$1,$0,$0,$7,$212,$0,$0,$2,$214,$221,$8,$89,$17,$107,$115,$72,$0,$0,$106,$221,$-10,$4,$12,$15,$-0,$0,$0,$-0,$-0,$4,$-0,$0,$-9,$0,$0,$0,$0,$-9,$-10,$0,$-10,$0,$15,$-1,$-1,$4,$-1,$0,$0
3,2017-12-31,1.06,$3.40,0.31,$1.73,0.61,$1.42,0.75,$-1.00,0.0,$0.01B,$0.01B,1.32,$0.10B,$0.08B,1.21,$0.06B,$0.03B,57.14%,$0.06B,$-0.02B,-37.50%,$0.06B,$-0.02B,-37.50%,$0.06B,$-0.00B,-5.36%,$0.06B,$-0.03B,-50.00%,$0.06B,$-0.03B,-53.57%,$-0.03B,$0.10B,-25.64%,$-0.03B,$0.10B,-25.64%,$-0.03B,$0.22B,-12.00%,$-0.02B,$0.20B,-9.02%,$11,$6,$5,$0,$1,$18,$-7,$-2,$-9,$0,$-9,$-9,$-9,$-3,$-7,$30,30,$-0.30,$-0.29,$2,$0,$2,$9,$207,$0,$0,$2,$210,$219,$7,$99,$11,$110,$117,$82,$0,$0,$102,$219,$-27,$19,$27,$46,$0,$0,$0,$-1,$-2,$17,$12,$0,$-5,$0,$0,$0,$0,$7,$-23,$0,$-23,$0,$0,$-2,$-0,$-25,$-1,$0,$0
4,2017-09-30,1.03,$3.70,0.28,$1.75,0.59,$2.26,0.46,$-0.84,0.0,$0.01B,$0.01B,1.25,$0.12B,$0.09B,1.34,$0.06B,$0.03B,57.14%,$0.06B,$-0.02B,-28.57%,$0.06B,$-0.02B,-28.57%,$0.06B,$0.00B,7.14%,$0.06B,$-0.02B,-39.29%,$0.06B,$-0.03B,-44.64%,$-0.03B,$0.11B,-20.12%,$-0.03B,$0.11B,-20.12%,$-0.03B,$0.25B,-9.46%,$-0.02B,$0.23B,-6.51%,$11,$7,$4,$0,$1,$18,$-6,$-2,$-8,$0,$-8,$-8,$-9,$-2,$-6,$30,30,$-0.29,$-0.29,$3,$0,$0,$7,$242,$0,$0,$2,$244,$252,$6,$122,$12,$134,$140,$92,$0,$0,$111,$252,$-19,$15,$16,$31,$1,$0,$0,$0,$2,$14,$-7,$0,$-5,$0,$0,$0,$0,$-12,$0,$0,$0,$0,$0,$-2,$-0,$-2,$0,$0,$0
5,2017-06-30,1.17,$4.00,0.29,$1.84,0.64,$3.64,0.32,$-0.64,0.0,$0.01B,$0.00B,2.02,$0.12B,$0.10B,1.21,$0.06B,$0.04B,61.02%,$0.06B,$-0.01B,-18.64%,$0.06B,$-0.01B,-18.64%,$0.06B,$0.01B,18.64%,$0.06B,$-0.02B,-27.12%,$0.06B,$-0.02B,-32.20%,$-0.02B,$0.12B,-14.59%,$-0.02B,$0.12B,-14.59%,$-0.02B,$0.26B,-7.00%,$-0.01B,$0.24B,-4.34%,$16,$6,$10,$0,$1,$30,$-14,$-1,$-15,$0,$-15,$-15,$-16,$-9,$-14,$30,30,$-0.52,$-0.52,$0,$0,$0,$5,$248,$0,$0,$2,$250,$256,$3,$121,$12,$133,$136,$100,$0,$0,$120,$256,$-11,$10,$10,$20,$1,$0,$0,$0,$-0,$9,$-4,$0,$-5,$0,$0,$0,$0,$-9,$-1,$0,$-1,$0,$0,$-1,$-0,$-2,$-2,$0,$0
6,2017-03-31,2.0,$4.52,0.44,$1.45,1.38,$4.20,0.48,$-0.64,0.0,$0.01B,$0.01B,1.44,$0.12B,$0.12B,1.04,$0.05B,$0.02B,50.00%,$0.05B,$-0.01B,-22.92%,$0.05B,$-0.01B,-22.92%,$0.05B,$0.01B,25.00%,$0.05B,$-0.02B,-35.42%,$0.05B,$-0.02B,-39.58%,$-0.02B,$0.14B,-14.81%,$-0.02B,$0.14B,-14.81%,$-0.02B,$0.27B,-6.77%,$-0.01B,$0.26B,-4.43%,$18,$6,$13,$0,$2,$13,$6,$-1,$4,$0,$4,$4,$4,$11,$6,$30,42,$0.12,$0.11,$3,$0,$0,$8,$263,$0,$0,$2,$265,$273,$6,$121,$12,$132,$138,$116,$0,$0,$135,$273,$4,$5,$-4,$1,$1,$0,$0,$0,$-1,$5,$-2,$0,$-0,$0,$0,$0,$0,$-2,$-2,$0,$-2,$0,$0,$-1,$-0,$-2,$0,$0,$0
7,2016-12-31,2.17,$4.39,0.49,$1.47,1.47,$4.49,0.48,$-0.86,0.0,$0.01B,$0.01B,0.92,$0.12B,$0.11B,1.09,$0.04B,$0.02B,40.91%,$0.04B,$-0.02B,-40.91%,$0.04B,$-0.02B,-40.91%,$0.04B,$0.01B,13.64%,$0.04B,$-0.02B,-54.55%,$0.04B,$-0.03B,-59.09%,$-0.03B,$0.13B,-20.55%,$-0.03B,$0.13B,-20.55%,$-0.03B,$0.28B,-8.95%,$-0.02B,$0.25B,-7.09%,$11,$6,$5,$0,$2,$13,$-2,$-1,$-3,$0,$-3,$-3,$-4,$4,$-2,$30,30,$-0.14,$-0.14,$2,$0,$0,$8,$265,$0,$0,$3,$268,$276,$9,$122,$14,$136,$145,$112,$0,$0,$131,$276,$-25,$24,$40,$65,$4,$0,$0,$-0,$4,$44,$10,$0,$-19,$0,$0,$0,$0,$-8,$-58,$0,$-58,$0,$25,$-0,$-0,$-34,$2,$1,$0
8,2016-09-30,2.37,$4.50,0.53,$1.97,1.21,$3.83,0.62,$-2.65,0.0,$0.01B,$0.01B,1.92,$0.13B,$0.12B,1.11,$0.06B,$0.03B,50.85%,$0.06B,$-0.07B,-123.73%,$0.06B,$-0.07B,-123.73%,$0.06B,$-0.05B,-77.97%,$0.06B,$-0.08B,-133.90%,$0.06B,$-0.08B,-133.90%,$-0.08B,$0.14B,-62.57%,$-0.08B,$0.14B,-62.57%,$-0.08B,$0.28B,-26.05%,$-0.07B,$0.26B,-28.00%,$14,$6,$8,$0,$2,$14,$-1,$-2,$-2,$0,$-2,$-2,$-3,$5,$-1,$30,30,$-0.09,$-0.09,$3,$0,$0,$10,$268,$0,$0,$3,$271,$281,$5,$128,$13,$141,$146,$116,$0,$0,$135,$281,$-22,$19,$35,$53,$5,$0,$0,$0,$4,$36,$12,$0,$-19,$0,$0,$0,$0,$-7,$-52,$0,$-52,$0,$25,$0,$-0,$-27,$2,$1,$0
9,2016-06-30,1.59,$3.76,0.42,$2.79,0.57,$2.91,0.55,$-3.43,0.0,$0.04B,$0.06B,0.62,$0.11B,$0.11B,0.98,$0.08B,$0.05B,61.45%,$0.08B,$-0.10B,-115.66%,$0.08B,$-0.10B,-115.66%,$0.08B,$-0.07B,-78.31%,$0.08B,$-0.10B,-122.89%,$0.08B,$-0.10B,-121.69%,$-0.10B,$0.11B,-72.40%,$-0.10B,$0.11B,-72.40%,$-0.10B,$0.29B,-30.47%,$-0.10B,$0.22B,-33.05%,$5,$7,$-2,$0,$1,$18,$-14,$-2,$-16,$0,$-16,$-16,$-16,$-8,$-14,$30,30,$-0.52,$-0.52,$9,$0,$21,$37,$253,$0,$0,$3,$256,$293,$59,$110,$11,$121,$181,$112,$0,$0,$112,$293,$-19,$13,$28,$41,$3,$0,$0,$0,$3,$25,$-3,$0,$0,$0,$0,$0,$0,$-3,$-18,$0,$-18,$0,$0,$0,$-0,$-18,$3,$1,$0
10,2016-03-31,1.46,$4.28,0.34,$3.06,0.48,$2.54,0.58,$-3.17,0.0,$0.03B,$0.02B,1.14,$0.15B,$0.13B,1.18,$0.09B,$0.06B,62.64%,$0.09B,$-0.09B,-96.70%,$0.09B,$-0.09B,-96.70%,$0.09B,$-0.06B,-60.44%,$0.09B,$-0.09B,-103.30%,$0.09B,$-0.09B,-102.20%,$-0.09B,$0.13B,-56.11%,$-0.09B,$0.13B,-56.11%,$-0.09B,$0.31B,-25.44%,$-0.09B,$0.28B,-25.94%,$14,$7,$7,$0,$2,$15,$-1,$-2,$-3,$0,$-3,$-3,$-3,$5,$-1,$30,30,$-0.11,$-0.11,$16,$0,$0,$25,$283,$1,$0,$3,$287,$312,$22,$150,$13,$163,$185,$128,$0,$0,$128,$312,$-3,$6,$8,$15,$3,$0,$0,$0,$1,$12,$-2,$0,$0,$0,$0,$0,$0,$-2,$-11,$0,$-11,$0,$0,$0,$-0,$-11,$-1,$0,$0
11,2015-12-31,0.94,$4.39,0.21,$3.25,0.29,$2.28,0.41,$-3.20,0.0,$0.04B,$0.03B,1.04,$0.15B,$0.13B,1.15,$0.10B,$0.06B,61.46%,$0.10B,$-0.09B,-92.71%,$0.10B,$-0.09B,-92.71%,$0.10B,$-0.05B,-56.25%,$0.10B,$-0.10B,-98.96%,$0.10B,$-0.09B,-97.92%,$-0.09B,$0.13B,-49.28%,$-0.09B,$0.13B,-49.28%,$-0.09B,$0.33B,-23.59%,$-0.09B,$0.28B,-23.58%,$26,$9,$17,$0,$2,$83,$-57,$-1,$-58,$0,$-58,$-58,$-57,$-48,$-57,$30,30,$-1.93,$-1.93,$25,$0,$0,$35,$287,$1,$0,$4,$292,$327,$34,$150,$13,$163,$197,$130,$0,$0,$130,$327,$-95,$35,$109,$144,$3,$0,$0,$0,$-0,$48,$-14,$0,$-0,$0,$0,$0,$0,$-14,$-25,$0,$-25,$0,$0,$-11,$-1,$-37,$-3,$3,$-11
12,2015-09-30,1.77,$6.33,0.28,$4.66,0.38,$1.85,0.96,$-1.27,0.0,$0.04B,$0.00B,9.44,$0.19B,$0.19B,1.03,$0.12B,$0.08B,68.85%,$0.12B,$-0.03B,-24.59%,$0.12B,$-0.03B,-24.59%,$0.12B,$0.00B,3.28%,$0.12B,$-0.04B,-30.33%,$0.12B,$-0.04B,-30.33%,$-0.04B,$0.19B,-17.07%,$-0.04B,$0.19B,-17.07%,$-0.04B,$0.39B,-8.59%,$-0.03B,$0.38B,-7.19%,$38,$9,$29,$0,$2,$62,$-24,$-2,$-25,$0,$-25,$-25,$-25,$-14,$-24,$30,30,$-0.85,$-0.85,$28,$0,$0,$37,$351,$2,$0,$4,$357,$394,$4,$194,$8,$202,$206,$187,$0,$0,$188,$394,$-38,$27,$42,$69,$3,$0,$0,$0,$-0,$31,$-11,$0,$-0,$0,$0,$0,$0,$-11,$-11,$0,$-11,$0,$0,$-11,$-0,$-22,$-2,$3,$-11
13,2015-06-30,3.97,$7.31,0.54,$4.95,0.8,$1.86,2.13,$0.34,11.67,$0.02B,$0.00B,5.51,$0.20B,$0.22B,0.92,$0.12B,$0.08B,68.91%,$0.12B,$0.01B,10.08%,$0.12B,$0.01B,10.08%,$0.12B,$0.04B,35.29%,$0.12B,$0.01B,4.20%,$0.12B,$0.01B,4.20%,$0.01B,$0.22B,2.41%,$0.01B,$0.22B,2.41%,$0.01B,$0.43B,1.20%,$0.01B,$0.42B,2.99%,$13,$9,$4,$0,$2,$19,$-6,$-2,$-8,$0,$-8,$-8,$-8,$2,$-6,$30,30,$-0.26,$-0.26,$1,$0,$0,$24,$399,$2,$0,$4,$405,$429,$4,$200,$8,$208,$213,$216,$0,$0,$217,$429,$-12,$17,$13,$29,$4,$0,$0,$0,$2,$19,$-9,$0,$-0,$0,$0,$0,$0,$-9,$-5,$0,$-5,$0,$0,$-8,$-0,$-13,$-2,$2,$-8
14,2015-03-31,4.33,$7.69,0.56,$5.44,0.8,$1.97,2.2,$0.78,5.55,$0.03B,$0.00B,6.9,$0.20B,$0.23B,0.89,$0.13B,$0.09B,71.20%,$0.13B,$0.02B,18.40%,$0.13B,$0.02B,18.40%,$0.13B,$0.05B,40.00%,$0.13B,$0.02B,13.60%,$0.13B,$0.02B,13.60%,$0.02B,$0.23B,9.67%,$0.02B,$0.23B,9.67%,$0.02B,$0.44B,4.59%,$0.02B,$0.43B,6.49%,$19,$10,$9,$0,$4,$22,$-2,$-2,$-4,$0,$-4,$-4,$-4,$6,$-2,$29,29,$-0.14,$-0.14,$0,$0,$0,$30,$404,$5,$0,$4,$413,$444,$4,$203,$8,$211,$216,$227,$0,$0,$228,$444,$-4,$8,$2,$10,$5,$0,$0,$0,$2,$8,$-5,$0,$0,$0,$0,$0,$0,$-5,$-2,$0,$-2,$0,$0,$-4,$-0,$-6,$-3,$2,$-4
15,2014-12-31,4.82,$8.03,0.6,$5.78,0.83,$2.14,2.25,$1.00,4.82,$0.04B,$0.01B,5.27,$0.21B,$0.23B,0.88,$0.13B,$0.09B,74.60%,$0.13B,$0.03B,21.43%,$0.13B,$0.03B,21.43%,$0.13B,$0.05B,39.68%,$0.13B,$0.02B,18.25%,$0.13B,$0.02B,18.25%,$0.02B,$0.23B,16.06%,$0.02B,$0.23B,16.06%,$0.02B,$0.46B,7.23%,$0.03B,$0.44B,8.94%,$52,$10,$42,$0,$2,$50,$2,$-2,$0,$0,$0,$0,$0,$10,$2,$22,23,$-0.03,$-0.02,$3,$0,$0,$42,$407,$1,$0,$4,$412,$455,$8,$205,$7,$212,$220,$233,$0,$0,$234,$455,$22,$22,$9,$32,$-5,$0,$0,$-0,$-4,$50,$-34,$0,$-155,$0,$0,$0,$0,$-189,$93,$0,$93,$96,$96,$-45,$-4,$141,$2,$7,$-45
16,2014-09-30,16.3,$6.42,2.54,$4.63,3.52,$3.19,5.11,$1.47,11.09,$0.02B,$0.01B,1.56,$0.17B,$0.15B,1.12,$0.10B,$0.07B,70.83%,$0.10B,$0.04B,36.46%,$0.10B,$0.04B,36.46%,$0.10B,$0.05B,56.25%,$0.10B,$0.03B,33.33%,$0.10B,$0.03B,33.33%,$0.03B,$0.15B,31.53%,$0.03B,$0.15B,31.53%,$0.03B,$0.33B,12.71%,$0.04B,$0.32B,14.77%,$35,$9,$27,$0,$3,$17,$18,$-1,$17,$0,$17,$17,$17,$24,$18,$22,22,$0.75,$0.74,$6,$0,$0,$15,$317,$0,$0,$1,$318,$333,$9,$168,$6,$174,$183,$148,$0,$0,$150,$333,$22,$14,$1,$15,$-2,$0,$0,$-0,$2,$40,$-24,$0,$-39,$0,$0,$0,$0,$-63,$56,$0,$56,$0,$0,$-32,$-0,$23,$0,$7,$-32
17,2014-06-30,16.86,$4.31,3.92,$3.89,4.33,$3.71,4.55,$0.95,17.75,$0.01B,$0.01B,0.74,$0.14B,$0.09B,1.53,$0.08B,$0.05B,66.23%,$0.08B,$0.02B,28.57%,$0.08B,$0.02B,28.57%,$0.08B,$0.04B,50.65%,$0.08B,$0.02B,24.68%,$0.08B,$0.02B,24.68%,$0.02B,$0.09B,23.53%,$0.02B,$0.09B,23.53%,$0.02B,$0.25B,8.81%,$0.02B,$0.23B,10.88%,$19,$8,$11,$0,$2,$15,$5,$-1,$4,$0,$4,$4,$4,$10,$5,$21,21,$0.18,$0.18,$2,$0,$0,$11,$237,$0,$0,$1,$238,$249,$14,$139,$5,$144,$158,$89,$0,$0,$91,$249,$5,$8,$10,$18,$-1,$0,$0,$-0,$2,$25,$-16,$0,$-15,$0,$0,$0,$0,$-31,$27,$0,$27,$0,$0,$-21,$-0,$6,$0,$6,$-21
18,2014-03-31,15.35,$4.63,3.31,$4.16,3.7,$4.04,3.8,$1.31,11.72,$0.01B,$0.01B,0.87,$0.12B,$0.10B,1.26,$0.08B,$0.06B,71.60%,$0.08B,$0.03B,34.57%,$0.08B,$0.03B,34.57%,$0.08B,$0.04B,54.32%,$0.08B,$0.03B,32.10%,$0.08B,$0.03B,30.86%,$0.03B,$0.10B,32.89%,$0.03B,$0.10B,32.89%,$0.03B,$0.24B,12.39%,$0.03B,$0.22B,14.70%,$20,$6,$14,$0,$8,$17,$2,$-1,$2,$0,$2,$2,$2,$6,$2,$20,20,$0.08,$0.08,$0,$0,$0,$9,$226,$0,$0,$1,$227,$235,$10,$123,$5,$128,$138,$95,$0,$0,$98,$235,$2,$4,$7,$10,$-1,$0,$0,$-0,$-0,$12,$-6,$0,$-7,$0,$0,$0,$0,$-14,$11,$0,$11,$0,$0,$-10,$0,$1,$-1,$6,$-10
19,2013-12-31,15.85,$3.46,4.59,$4.16,3.81,$4.18,3.79,$1.44,11.01,$0.01B,$0.01B,1.2,$0.11B,$0.07B,1.68,$0.08B,$0.06B,73.75%,$0.08B,$0.03B,38.75%,$0.08B,$0.03B,38.75%,$0.08B,$0.05B,57.50%,$0.08B,$0.03B,35.00%,$0.08B,$0.03B,33.75%,$0.03B,$0.07B,38.99%,$0.03B,$0.07B,38.99%,$0.03B,$0.19B,14.73%,$0.03B,$0.18B,17.92%,$22,$6,$16,$0,$3,$12,$10,$-1,$9,$0,$9,$9,$9,$14,$10,$19,19,$0.47,$0.47,$1,$0,$0,$9,$181,$0,$0,$1,$181,$190,$7,$112,$4,$116,$123,$65,$0,$0,$67,$190,$28,$15,$14,$29,$0,$0,$0,$-1,$-0,$57,$-22,$0,$-28,$0,$0,$0,$0,$-50,$34,$0,$34,$0,$0,$-40,$0,$-6,$0,$6,$-40
20,2013-09-30,15.89,$3.46,4.6,$3.97,4.0,$3.72,4.27,$1.33,11.95,$0.01B,$0.01B,1.39,$0.11B,$0.07B,1.68,$0.08B,$0.06B,74.67%,$0.08B,$0.03B,38.67%,$0.08B,$0.03B,38.67%,$0.08B,$0.04B,57.33%,$0.08B,$0.03B,34.67%,$0.08B,$0.03B,33.33%,$0.03B,$0.07B,35.46%,$0.03B,$0.07B,35.46%,$0.03B,$0.19B,14.25%,$0.03B,$0.18B,17.50%,$16,$6,$10,$0,$2,$11,$5,$-1,$4,$0,$4,$4,$4,$9,$5,$19,19,$0.22,$0.22,$1,$0,$0,$8,$180,$0,$0,$1,$181,$189,$6,$112,$4,$116,$122,$65,$0,$0,$67,$189,$19,$11,$13,$25,$0,$0,$0,$-0,$-1,$42,$-19,$0,$-28,$0,$0,$0,$0,$-47,$34,$0,$34,$0,$0,$-30,$0,$4,$-0,$5,$-30
21,2013-06-30,15.0,$3.74,4.01,$3.70,4.05,$3.66,4.09,$1.05,14.29,$0.01B,$0.01B,1.99,$0.11B,$0.07B,1.54,$0.07B,$0.05B,76.81%,$0.07B,$0.02B,33.33%,$0.07B,$0.02B,33.33%,$0.07B,$0.04B,52.17%,$0.07B,$0.02B,30.43%,$0.07B,$0.02B,28.99%,$0.02B,$0.07B,29.85%,$0.02B,$0.07B,29.85%,$0.02B,$0.19B,12.60%,$0.02B,$0.18B,15.41%,$23,$5,$18,$0,$1,$11,$11,$-1,$11,$0,$11,$11,$10,$15,$11,$19,19,$0.54,$0.54,$3,$0,$0,$11,$180,$1,$0,$0,$182,$193,$6,$111,$4,$115,$121,$70,$0,$0,$72,$193,$15,$7,$7,$15,$0,$0,$0,$-0,$0,$30,$-15,$0,$-29,$0,$0,$0,$0,$-43,$33,$0,$33,$0,$0,$-20,$0,$13,$-0,$5,$-20
22,2013-03-31,14.94,$3.70,4.04,$4.16,3.59,$3.83,3.9,$1.75,8.54,$0.01B,$0.01B,1.44,$0.08B,$0.07B,1.12,$0.08B,$0.06B,81.33%,$0.08B,$0.04B,46.67%,$0.08B,$0.04B,46.67%,$0.08B,$0.05B,61.33%,$0.08B,$0.03B,42.67%,$0.08B,$0.03B,42.67%,$0.03B,$0.07B,50.00%,$0.03B,$0.07B,50.00%,$0.03B,$0.16B,22.57%,$0.04B,$0.15B,26.32%,$19,$4,$15,$0,$7,$14,$5,$-1,$4,$0,$4,$4,$4,$8,$5,$19,19,$0.21,$0.21,$3,$0,$0,$10,$150,$1,$0,$0,$151,$161,$7,$80,$3,$83,$90,$69,$0,$0,$71,$161,$4,$4,$6,$10,$-0,$0,$0,$-0,$1,$15,$-7,$0,$-0,$0,$0,$0,$0,$-7,$2,$0,$2,$0,$0,$-10,$0,$-8,$-0,$5,$-10
23,2012-12-31,11.91,$3.80,3.13,$3.76,3.16,$3.95,3.02,$1.63,7.31,$0.01B,$0.01B,2.13,$0.08B,$0.07B,1.08,$0.07B,$0.05B,80.60%,$0.07B,$0.03B,47.76%,$0.07B,$0.03B,47.76%,$0.07B,$0.04B,62.69%,$0.07B,$0.03B,44.78%,$0.07B,$0.03B,44.78%,$0.03B,$0.07B,51.72%,$0.03B,$0.07B,51.72%,$0.03B,$0.16B,23.86%,$0.03B,$0.15B,27.23%,$17,$4,$13,$0,$2,$10,$8,$-1,$7,$0,$7,$7,$7,$11,$8,$18,18,$0.35,$0.35,$5,$0,$0,$12,$145,$1,$0,$1,$147,$159,$6,$78,$3,$81,$86,$70,$0,$0,$72,$159,$30,$10,$6,$16,$-2,$0,$0,$2,$2,$48,$-24,$0,$-49,$0,$0,$0,$0,$-73,$33,$0,$33,$20,$20,$-28,$0,$26,$1,$6,$-28
24,2012-09-30,13.34,$2.96,4.5,$3.07,4.34,$2.41,5.54,$1.10,12.13,$0.01B,$0.01B,1.6,$0.06B,$0.05B,1.13,$0.06B,$0.04B,76.36%,$0.06B,$0.02B,38.18%,$0.06B,$0.02B,38.18%,$0.06B,$0.03B,56.36%,$0.06B,$0.02B,36.36%,$0.06B,$0.02B,36.36%,$0.02B,$0.05B,39.41%,$0.02B,$0.05B,39.41%,$0.02B,$0.12B,18.14%,$0.02B,$0.11B,20.59%,$10,$3,$7,$0,$4,$11,$-1,$-0,$-1,$0,$-1,$-1,$-1,$2,$-1,$18,18,$-0.06,$-0.06,$5,$0,$0,$11,$109,$2,$0,$0,$112,$122,$7,$60,$3,$63,$69,$52,$0,$0,$53,$122,$23,$7,$3,$10,$-1,$0,$0,$2,$5,$38,$-17,$0,$-17,$0,$0,$0,$0,$-34,$15,$0,$15,$0,$0,$-18,$0,$-3,$1,$5,$-18
