,Date,Stock Price,Book Value per Share,Price to Book Ratio,TTM Sales per Share,Price to Sales Ratio,TTM FCF per Share,Price to FCF Ratio,TTM Net EPS,PE Ratio,Current Assets,Current Liabilities,Current Ratio,Long Term Debt,Shareholder's Equity_x,Debt to Equity Ratio,TTM Revenue_x,TTM Gross Profit,Gross Margin,TTM Revenue_y,TTM Operating Income,Operating Margin,TTM Revenue_x,TTM EBIT,EBIT Margin,TTM Revenue_y,TTM EBITDA,EBITDA Margin,TTM Revenue_x,TTM Pre-Tax Income,Pre-Tax Margin,TTM Revenue_y,TTM Net Income_x,Net Margin,TTM Net Income_y,Shareholder's Equity_y,Return on Equity,TTM Net Income_x,Tangible Equity,Return on Tangible Equity,TTM Net Income_y,Total Assets,Return on Assets,TTM Net Income,LT Investments & Debt,Return on Investment,revenue,cost-goods-sold,gross-profit,research-development-expenses,selling-general-administrative-expenses,operating-expenses,operating-income,total-non-operating-income-expense,pre-tax-income,total-provision-income-taxes,income-after-taxes,income-from-continuous-operations,net-income,ebitda,ebit,basic-shares-outstanding,shares-outstanding,eps-basic-net-earnings-per-share,eps-earnings-per-share-diluted,cash-on-hand,inventory,other-current-assets,total-current-assets,net-property-plant-equipment,long-term-investments,goodwill-intangible-assets-total,other-long-term-assets,total-long-term-assets,total-assets,total-current-liabilities,long-term-debt,other-non-current-liabilities,total-long-term-liabilities,total-liabilities,common-stock-net,retained-earnings-accumulated-deficit,comprehensive-income,total-share-holder-equity,total-liabilities-share-holders-equity,net-income-loss,total-depreciation-amortization-cash-flow,other-non-cash-items,total-non-cash-items,change-in-accounts-receivable,change-in-inventories,change-in-accounts-payable,change-in-assets-liabilities,total-change-in-assets-liabilities,cash-flow-from-operating-activities,net-change-in-property-plant-equipment,net-change-in-intangible-assets,net-acquisitions-divestitures,net-change-in-short-term-investments,net-change-in-long-term-investments,net-change-in-investments-total,investing-activities-other,cash-flow-from-investing-activities,net-long-term-debt,net-current-debt,debt-issuance-retirement-net-total,net-common-equity-issued-repurchased,net-total-equity-issued-repurchased,total-common-preferred-stock-dividends-paid,financial-activities-other,cash-flow-from-financial-activities,net-cash-flow,stock-based-compensation,common-stock-dividends-paid
0,2018-06-30,90.55,$21.76,4.16,$17.22,5.26,$12.16,7.45,$0.42,215.6,$2.82B,$2.14B,1.32,$10.02B,$5.12B,1.96,$4.22B,$2.48B,58.71%,$4.22B,$0.85B,20.04%,$4.22B,$0.85B,20.04%,$4.22B,$1.60B,37.86%,$4.22B,$0.61B,14.43%,$4.22B,$0.12B,2.87%,$0.12B,$5.12B,3.20%,$0.12B,$-8.40B,-4.55%,$0.12B,$19.25B,1.11%,$0.85B,$15.14B,10.27%,$1433,$743,$689,$222,$177,$1330,$103,$-142,$-39,$-136,$96,$96,$96,$335,$103,$236,252,$0.41,$0.38,$650,$1105,$275,$2818,$1078,$0,$13522,$154,$16430,$19249,$2139,$10020,$1112,$11986,$14125,$0,$3149,$-15,$5124,$19249,$36,$203,$140,$343,$-55,$84,$0,$-89,$-76,$302,$-89,$0,$-7851,$0,$1274,$1274,$0,$-6667,$6266,$0,$6266,$7,$7,$-86,$-89,$6098,$-266,$45,$-86
1,2018-03-31,90.6,$13.95,6.49,$16.41,5.52,$12.64,7.17,$0.98,92.45,$3.36B,$2.02B,1.66,$1.76B,$3.28B,0.54,$3.98B,$2.42B,60.80%,$3.98B,$0.94B,23.52%,$3.98B,$0.94B,23.52%,$3.98B,$1.66B,41.81%,$3.98B,$0.74B,18.52%,$3.98B,$0.26B,6.43%,$0.26B,$3.28B,7.63%,$0.26B,$-0.68B,-32.49%,$0.26B,$8.26B,3.17%,$0.94B,$5.04B,15.46%,$1213,$571,$642,$172,$164,$1080,$132,$-95,$38,$2,$36,$36,$36,$413,$132,$235,252,$0.15,$0.14,$2197,$476,$120,$3356,$768,$0,$3961,$72,$4901,$8257,$2017,$1758,$996,$2960,$4977,$0,$1397,$-18,$3280,$8257,$255,$729,$171,$900,$-85,$-59,$0,$55,$265,$1420,$-197,$0,$0,$0,$-815,$-815,$0,$-1012,$-74,$0,$-74,$42,$42,$-338,$-46,$-415,$-7,$93,$-338
2,2017-12-31,86.78,$13.59,6.38,$16.23,5.35,$12.02,7.22,$0.97,89.47,$2.25B,$0.76B,2.98,$3.04B,$3.19B,0.95,$3.88B,$2.34B,60.24%,$3.88B,$0.85B,21.80%,$3.88B,$0.85B,21.80%,$3.88B,$1.55B,40.04%,$3.88B,$0.62B,16.00%,$3.88B,$0.25B,6.34%,$0.25B,$3.19B,7.34%,$0.25B,$-0.90B,-26.98%,$0.25B,$8.12B,3.10%,$0.85B,$6.23B,13.35%,$1002,$387,$615,$134,$114,$758,$244,$-56,$188,$41,$147,$147,$147,$444,$244,$233,249,$0.62,$0.63,$1100,$487,$54,$2253,$755,$885,$4084,$76,$5870,$8124,$757,$3040,$933,$4182,$4939,$0,$1336,$-22,$3185,$8124,$109,$559,$133,$692,$-75,$-70,$0,$59,$259,$1060,$-148,$0,$10,$-818,$-5,$-823,$0,$-962,$-74,$0,$-74,$27,$27,$-252,$-35,$-335,$-237,$70,$-252
3,2017-09-30,88.31,$15.16,5.82,$15.53,5.69,$11.03,8.01,$2.50,35.32,$2.44B,$0.73B,3.33,$3.01B,$3.55B,0.85,$3.72B,$2.20B,59.02%,$3.72B,$0.72B,19.32%,$3.72B,$0.72B,19.32%,$3.72B,$1.36B,36.47%,$3.72B,$0.51B,13.63%,$3.72B,$0.60B,16.23%,$0.60B,$3.55B,18.88%,$0.60B,$-0.66B,-50.58%,$0.60B,$8.06B,7.85%,$0.72B,$6.56B,11.59%,$994,$387,$607,$132,$109,$749,$245,$-49,$197,$448,$-251,$-251,$-251,$406,$245,$234,234,$-1.07,$-1.07,$1315,$457,$82,$2443,$723,$529,$4205,$74,$5612,$8055,$734,$3012,$435,$3775,$4509,$0,$1672,$-18,$3546,$8055,$360,$361,$8,$368,$-67,$-40,$0,$48,$-33,$695,$-82,$0,$0,$0,$-520,$-520,$10,$-592,$-16,$0,$-16,$20,$20,$-167,$-22,$-185,$-82,$46,$-167
4,2017-06-30,75.58,$14.66,5.15,$15.11,5.0,$12.29,6.15,$1.87,40.42,$2.30B,$0.74B,3.12,$2.98B,$3.41B,0.87,$3.58B,$1.99B,55.67%,$3.58B,$0.56B,15.56%,$3.58B,$0.56B,15.56%,$3.58B,$1.14B,31.84%,$3.58B,$0.35B,9.66%,$3.58B,$0.45B,12.54%,$0.45B,$3.41B,15.26%,$0.45B,$-0.91B,-28.48%,$0.45B,$7.89B,6.03%,$0.56B,$6.40B,9.33%,$1012,$398,$614,$134,$114,$787,$225,$-39,$186,$-3,$189,$189,$189,$401,$225,$233,245,$0.81,$0.77,$1230,$427,$69,$2299,$694,$420,$4326,$75,$5589,$7888,$736,$2984,$408,$3739,$4475,$0,$1567,$-19,$3413,$7888,$171,$180,$10,$190,$-51,$-10,$0,$3,$-15,$345,$-22,$0,$0,$0,$-379,$-379,$10,$-391,$-0,$0,$-0,$5,$5,$-83,$-11,$-89,$-136,$22,$-83
5,2017-03-31,71.93,$14.28,5.04,$14.84,4.85,$11.92,6.04,$0.64,112.38,$2.31B,$0.71B,3.27,$2.90B,$3.27B,0.89,$3.41B,$1.76B,51.57%,$3.41B,$0.28B,8.10%,$3.41B,$0.28B,8.10%,$3.41B,$0.81B,23.66%,$3.41B,$0.09B,2.61%,$3.41B,$0.17B,4.84%,$0.17B,$3.27B,6.06%,$0.17B,$-1.18B,-8.62%,$0.17B,$7.69B,2.26%,$0.28B,$6.17B,4.73%,$972,$388,$584,$131,$114,$751,$222,$-55,$166,$-4,$171,$171,$171,$303,$222,$229,243,$0.74,$0.70,$1303,$417,$65,$2305,$683,$108,$4447,$75,$5382,$7687,$705,$2901,$402,$3712,$4416,$0,$1479,$-14,$3271,$7687,$165,$530,$70,$600,$-47,$224,$0,$135,$295,$1060,$-52,$0,$-2748,$0,$-38,$-38,$0,$-2838,$964,$0,$964,$42,$42,$-315,$-95,$596,$-1184,$128,$-315
6,2016-12-31,62.22,$11.86,5.25,$13.56,4.59,$10.67,5.83,$0.38,163.75,$1.68B,$0.65B,2.57,$3.12B,$2.57B,1.22,$3.06B,$1.53B,49.87%,$3.06B,$0.20B,6.60%,$3.06B,$0.20B,6.60%,$3.06B,$0.67B,21.98%,$3.06B,$0.08B,2.45%,$3.06B,$0.10B,3.10%,$0.10B,$2.57B,3.89%,$0.10B,$-2.03B,-6.39%,$0.10B,$7.15B,1.40%,$0.20B,$5.69B,3.71%,$903,$370,$533,$127,$111,$749,$154,$-82,$72,$-65,$137,$137,$137,$247,$154,$217,235,$0.63,$0.64,$670,$420,$61,$1677,$699,$30,$4596,$83,$5468,$7145,$652,$3124,$415,$3926,$4578,$0,$1425,$-11,$2567,$7145,$28,$381,$76,$457,$-44,$221,$0,$92,$252,$737,$-52,$0,$-2724,$-35,$461,$426,$0,$-2350,$438,$0,$438,$29,$29,$-233,$-48,$186,$-1429,$106,$-233
7,2016-09-30,59.94,$11.67,5.14,$12.50,4.8,$9.94,6.03,$0.20,299.72,$1.49B,$0.58B,2.58,$3.11B,$2.52B,1.23,$2.77B,$1.36B,48.95%,$2.77B,$0.16B,5.78%,$2.77B,$0.16B,5.78%,$2.77B,$0.59B,21.46%,$2.77B,$0.04B,1.52%,$2.77B,$0.05B,1.77%,$0.05B,$2.52B,2.10%,$0.05B,$-2.19B,-5.67%,$0.05B,$7.07B,0.77%,$0.16B,$5.63B,3.10%,$834,$369,$465,$132,$111,$716,$118,$-35,$83,$-24,$107,$107,$107,$189,$118,$216,235,$0.50,$0.46,$491,$425,$63,$1491,$717,$0,$4707,$90,$5584,$7074,$579,$3105,$454,$3976,$4555,$0,$1396,$-16,$2520,$7074,$-79,$252,$78,$331,$-25,$216,$0,$26,$195,$446,$434,$0,$-2748,$0,$-2,$-2,$0,$-2316,$433,$0,$433,$25,$25,$-155,$-36,$268,$-1603,$84,$-155
8,2016-06-30,48.68,$11.78,4.13,$11.27,4.32,$7.41,6.57,$0.36,135.22,$1.67B,$0.57B,2.92,$3.34B,$2.53B,1.32,$2.44B,$1.25B,51.07%,$2.44B,$0.17B,7.05%,$2.44B,$0.17B,7.05%,$2.44B,$0.57B,23.22%,$2.44B,$0.07B,2.91%,$2.44B,$0.08B,3.28%,$0.08B,$2.53B,3.58%,$0.08B,$-2.26B,-37.60%,$0.08B,$7.36B,1.33%,$0.17B,$5.87B,3.47%,$871,$461,$411,$138,$120,$809,$63,$-38,$25,$-10,$36,$36,$34,$67,$63,$216,234,$0.16,$0.14,$602,$518,$65,$1673,$733,$0,$4794,$90,$5686,$7359,$573,$3337,$448,$4253,$4826,$0,$1440,$-14,$2533,$7359,$-113,$126,$100,$227,$-10,$121,$0,$17,$111,$224,$-18,$0,$-2748,$0,$470,$470,$0,$-2296,$678,$0,$678,$5,$5,$-77,$-25,$580,$-1492,$60,$-77
9,2016-03-31,45.88,$10.54,4.35,$10.00,4.59,$7.13,6.43,$1.49,30.79,$3.10B,$0.38B,8.11,$2.45B,$2.15B,1.14,$2.17B,$1.21B,55.50%,$2.17B,$0.35B,16.20%,$2.17B,$0.35B,16.20%,$2.17B,$0.70B,32.03%,$2.17B,$0.28B,12.98%,$2.17B,$0.32B,14.91%,$0.32B,$2.15B,15.24%,$0.32B,$0.53B,52.51%,$0.32B,$5.54B,5.99%,$0.35B,$4.60B,7.86%,$799,$451,$348,$148,$158,$859,$-59,$-32,$-91,$18,$-109,$-109,$-113,$170,$-59,$214,214,$-0.53,$-0.53,$2446,$307,$12,$3097,$609,$119,$1619,$79,$2441,$5538,$382,$2453,$152,$3005,$3387,$0,$1583,$-3,$2151,$5538,$324,$344,$-2,$342,$-2,$48,$0,$17,$78,$744,$-84,$0,$-344,$0,$1246,$1246,$-18,$800,$590,$0,$590,$-335,$-335,$-291,$-23,$-60,$1485,$71,$-291
10,2015-12-31,43.92,$10.45,4.2,$9.87,4.45,$6.65,6.6,$1.63,26.95,$1.63B,$0.34B,4.75,$2.41B,$2.13B,1.13,$2.16B,$1.22B,56.39%,$2.16B,$0.38B,17.70%,$2.16B,$0.38B,17.70%,$2.16B,$0.72B,33.36%,$2.16B,$0.29B,13.25%,$2.16B,$0.36B,16.50%,$0.36B,$2.13B,16.92%,$0.36B,$0.46B,48.75%,$0.36B,$5.45B,6.82%,$0.38B,$4.53B,8.89%,$558,$255,$303,$96,$78,$478,$80,$-22,$58,$-10,$67,$67,$67,$168,$80,$203,217,$0.32,$0.31,$1008,$320,$21,$1633,$623,$1390,$1666,$116,$3814,$5447,$344,$2406,$147,$2976,$3320,$0,$1588,$-11,$2126,$5447,$257,$254,$31,$285,$40,$35,$0,$-30,$0,$542,$-67,$0,$-344,$0,$-353,$-353,$-18,$-782,$1117,$-571,$546,$-346,$-346,$-218,$-19,$-36,$-276,$54,$-218
11,2015-09-30,40.36,$10.49,3.85,$9.75,4.14,$6.36,6.34,$1.74,23.19,$2.78B,$0.37B,7.48,$2.69B,$2.13B,1.26,$2.15B,$1.23B,57.10%,$2.15B,$0.40B,18.82%,$2.15B,$0.40B,18.82%,$2.15B,$0.73B,33.95%,$2.15B,$0.32B,15.00%,$2.15B,$0.38B,17.75%,$0.38B,$2.13B,17.78%,$0.38B,$0.42B,42.03%,$0.38B,$5.79B,7.60%,$0.40B,$4.82B,9.92%,$540,$248,$293,$97,$76,$464,$76,$-26,$50,$-11,$61,$61,$61,$161,$76,$203,218,$0.30,$0.28,$2002,$364,$25,$2779,$632,$585,$1711,$80,$3007,$5786,$372,$2688,$149,$3285,$3657,$0,$1600,$-3,$2129,$5786,$195,$162,$-15,$147,$5,$-5,$0,$20,$-11,$331,$-64,$0,$-344,$0,$-317,$-317,$-4,$-728,$834,$0,$834,$-350,$-350,$-145,$-11,$328,$-69,$37,$-145
12,2015-06-30,44.06,$10.37,4.25,$9.68,4.55,$6.35,6.94,$1.86,23.69,$2.26B,$0.37B,6.06,$1.86B,$2.10B,0.89,$2.15B,$1.23B,57.25%,$2.15B,$0.43B,19.98%,$2.15B,$0.43B,19.98%,$2.15B,$0.75B,34.67%,$2.15B,$0.36B,16.68%,$2.15B,$0.41B,19.05%,$0.41B,$2.10B,18.86%,$0.41B,$1.06B,38.11%,$0.41B,$4.86B,8.69%,$0.43B,$3.96B,11.43%,$541,$240,$301,$95,$80,$466,$75,$-21,$54,$-11,$65,$65,$65,$197,$75,$204,217,$0.32,$0.30,$1533,$304,$37,$2256,$595,$898,$1042,$66,$2601,$4857,$372,$1859,$147,$2386,$2758,$0,$1608,$-5,$2099,$4857,$130,$76,$-20,$55,$-3,$-24,$0,$7,$-4,$182,$-34,$0,$0,$0,$-136,$-136,$-17,$-187,$-110,$145,$35,$3,$3,$-72,$-5,$-39,$-44,$14,$-72
13,2015-03-31,45.1,$10.20,4.42,$9.58,4.71,$6.21,7.27,$1.66,27.17,$2.67B,$0.35B,7.53,$1.83B,$2.06B,0.89,$2.15B,$1.23B,57.29%,$2.15B,$0.43B,19.80%,$2.15B,$0.43B,19.80%,$2.15B,$0.73B,34.05%,$2.15B,$0.35B,16.12%,$2.15B,$0.37B,17.19%,$0.37B,$2.06B,16.84%,$0.37B,$0.99B,32.74%,$0.37B,$4.78B,7.97%,$0.43B,$3.89B,11.65%,$534,$225,$309,$85,$67,$413,$121,$-2,$120,$-11,$130,$130,$131,$194,$121,$202,217,$0.65,$0.60,$1959,$279,$47,$2665,$582,$383,$1076,$76,$2116,$4781,$354,$1827,$158,$2366,$2720,$0,$1550,$11,$2061,$4781,$365,$306,$59,$365,$-16,$26,$0,$15,$-9,$721,$-149,$0,$-628,$0,$131,$131,$-32,$-678,$402,$0,$402,$34,$34,$-286,$-51,$99,$141,$59,$-286
14,2014-12-31,41.31,$11.33,3.65,$9.41,4.39,$6.31,6.54,$1.71,24.16,$1.78B,$0.35B,5.05,$1.34B,$2.28B,0.59,$2.10B,$1.21B,57.56%,$2.10B,$0.44B,21.03%,$2.10B,$0.44B,21.03%,$2.10B,$0.71B,34.05%,$2.10B,$0.40B,19.17%,$2.10B,$0.38B,18.17%,$0.38B,$2.28B,17.24%,$0.38B,$1.17B,30.87%,$0.38B,$4.63B,8.56%,$0.44B,$3.62B,12.74%,$543,$230,$314,$88,$68,$433,$110,$-48,$62,$-37,$99,$99,$99,$177,$110,$201,224,$0.49,$0.44,$1122,$276,$57,$1783,$577,$1107,$1117,$45,$2845,$4629,$353,$1342,$183,$1994,$2347,$0,$1522,$16,$2282,$4629,$267,$222,$50,$272,$15,$29,$0,$-1,$4,$543,$-120,$0,$-628,$0,$94,$94,$-23,$-677,$331,$0,$331,$21,$21,$-214,$-13,$124,$-10,$43,$-214
15,2014-09-30,42.9,$11.21,3.83,$9.25,4.64,$6.29,6.82,$1.80,23.83,$1.98B,$0.39B,5.13,$1.32B,$2.25B,0.59,$2.05B,$1.19B,57.95%,$2.05B,$0.46B,22.44%,$2.05B,$0.46B,22.44%,$2.05B,$0.70B,34.34%,$2.05B,$0.43B,20.93%,$2.05B,$0.40B,19.51%,$0.40B,$2.25B,18.54%,$0.40B,$1.10B,31.35%,$0.40B,$4.61B,9.31%,$0.46B,$3.58B,13.83%,$529,$227,$302,$89,$67,$431,$98,$-12,$86,$1,$85,$85,$86,$178,$98,$201,223,$0.43,$0.39,$1283,$276,$36,$1979,$585,$841,$1157,$48,$2632,$4611,$385,$1324,$180,$1973,$2358,$0,$1508,$-5,$2252,$4611,$182,$143,$24,$167,$-29,$32,$0,$23,$9,$358,$-83,$0,$-628,$0,$193,$193,$-2,$-520,$315,$0,$315,$14,$14,$-143,$-9,$177,$15,$29,$-143
16,2014-06-30,44.0,$10.83,4.06,$9.10,4.84,$6.40,6.88,$1.84,23.91,$2.45B,$0.36B,6.81,$1.34B,$2.17B,0.62,$2.00B,$1.17B,58.59%,$2.00B,$0.48B,23.89%,$2.00B,$0.48B,23.89%,$2.00B,$0.70B,34.90%,$2.00B,$0.45B,22.48%,$2.00B,$0.41B,20.33%,$0.41B,$2.17B,19.34%,$0.41B,$1.26B,30.77%,$0.41B,$4.50B,9.82%,$0.48B,$3.51B,14.98%,$546,$239,$307,$89,$71,$445,$101,$-11,$91,$-1,$92,$92,$94,$182,$101,$201,225,$0.47,$0.42,$1760,$265,$34,$2450,$570,$528,$908,$46,$2051,$4502,$360,$1336,$184,$1972,$2332,$0,$1486,$4,$2170,$4502,$90,$66,$11,$78,$-37,$25,$0,$15,$-2,$166,$-45,$0,$-375,$0,$148,$148,$0,$-272,$330,$0,$330,$4,$4,$-71,$-5,$258,$151,$13,$-71
17,2014-03-31,42.73,$10.68,4.0,$8.92,4.79,$6.59,6.48,$1.81,23.61,$1.97B,$0.34B,5.86,$1.00B,$2.14B,0.47,$1.93B,$1.13B,58.52%,$1.93B,$0.46B,23.77%,$1.93B,$0.46B,23.77%,$1.93B,$0.67B,34.65%,$1.93B,$0.43B,22.37%,$1.93B,$0.40B,20.46%,$0.40B,$2.14B,19.31%,$0.40B,$1.41B,30.40%,$0.40B,$4.07B,9.92%,$0.46B,$3.14B,15.09%,$529,$222,$307,$84,$69,$413,$116,$-9,$107,$17,$90,$90,$90,$177,$116,$200,225,$0.45,$0.40,$1345,$263,$20,$1969,$532,$799,$722,$46,$2098,$4068,$336,$1003,$218,$1596,$1932,$0,$1467,$1,$2135,$4068,$395,$211,$56,$266,$-13,$-19,$0,$58,$15,$677,$-97,$0,$-11,$0,$-395,$-395,$0,$-503,$30,$0,$30,$60,$60,$-281,$-43,$-235,$-62,$54,$-281
18,2013-12-31,39.72,$10.42,3.81,$8.75,4.54,$5.91,6.72,$1.59,24.98,$1.97B,$0.32B,6.22,$1.01B,$2.08B,0.48,$1.87B,$1.08B,57.71%,$1.87B,$0.39B,20.88%,$1.87B,$0.39B,20.88%,$1.87B,$0.62B,33.03%,$1.87B,$0.36B,19.49%,$1.87B,$0.34B,18.42%,$0.34B,$2.08B,17.24%,$0.34B,$1.33B,28.00%,$0.34B,$4.00B,8.76%,$0.39B,$3.08B,13.06%,$493,$203,$291,$77,$65,$367,$126,$-8,$118,$7,$111,$111,$111,$167,$126,$198,218,$0.56,$0.51,$1307,$275,$61,$1969,$521,$724,$742,$47,$2034,$4003,$316,$1005,$218,$1612,$1928,$0,$1426,$-3,$2075,$4003,$284,$159,$63,$222,$6,$-31,$0,$14,$-33,$473,$-63,$0,$-11,$0,$-374,$-374,$0,$-448,$30,$0,$30,$43,$43,$-210,$-40,$-178,$-153,$41,$-210
19,2013-09-30,35.47,$10.18,3.49,$8.58,4.13,$5.49,6.46,$1.16,30.58,$1.82B,$0.34B,5.37,$1.00B,$2.02B,0.49,$1.80B,$1.00B,55.22%,$1.80B,$0.29B,16.09%,$1.80B,$0.29B,16.09%,$1.80B,$0.54B,30.19%,$1.80B,$0.26B,14.48%,$1.80B,$0.25B,13.82%,$0.25B,$2.02B,12.72%,$0.25B,$1.27B,21.30%,$0.25B,$3.97B,6.41%,$0.29B,$3.02B,9.86%,$482,$200,$283,$76,$67,$365,$117,$-4,$113,$7,$105,$105,$105,$171,$117,$199,219,$0.53,$0.48,$1152,$275,$59,$1821,$518,$830,$749,$47,$2144,$3965,$339,$998,$230,$1608,$1947,$0,$1392,$-3,$2019,$3965,$178,$109,$40,$149,$-1,$-32,$0,$32,$-3,$325,$-39,$0,$-2,$0,$-348,$-348,$0,$-389,$670,$-650,$20,$33,$33,$-140,$-33,$-120,$-184,$28,$-140
20,2013-06-30,32.5,$9.91,3.28,$8.28,3.92,$5.02,6.47,$0.59,55.08,$1.62B,$0.35B,4.59,$0.97B,$1.95B,0.5,$1.69B,$0.90B,53.19%,$1.69B,$0.18B,10.64%,$1.69B,$0.18B,10.64%,$1.69B,$0.43B,25.65%,$1.69B,$0.15B,8.98%,$1.69B,$0.13B,7.57%,$0.13B,$1.95B,6.58%,$0.13B,$1.18B,11.37%,$0.13B,$3.88B,3.31%,$0.18B,$2.93B,6.17%,$493,$204,$289,$78,$69,$375,$118,$-6,$111,$11,$100,$100,$100,$154,$118,$198,216,$0.50,$0.46,$962,$256,$57,$1616,$514,$933,$773,$47,$2268,$3884,$352,$974,$224,$1578,$1929,$0,$1362,$-3,$1954,$3884,$79,$56,$20,$75,$-2,$-14,$0,$26,$13,$167,$-12,$0,$-2,$0,$-198,$-198,$0,$-212,$-10,$0,$-10,$13,$13,$-70,$-13,$-80,$-125,$13,$-70
21,2013-03-31,31.77,$9.84,3.23,$7.83,4.06,$4.87,6.52,$0.61,52.09,$2.24B,$0.34B,6.55,$0.98B,$1.93B,0.51,$1.58B,$0.84B,53.00%,$1.58B,$0.18B,11.26%,$1.58B,$0.18B,11.26%,$1.58B,$0.40B,25.55%,$1.58B,$0.15B,9.68%,$1.58B,$0.13B,8.10%,$0.13B,$1.93B,6.53%,$0.13B,$1.13B,9.98%,$0.13B,$3.85B,3.48%,$0.18B,$2.92B,6.41%,$463,$196,$267,$73,$66,$364,$98,$-8,$90,$12,$79,$79,$79,$125,$98,$197,212,$0.40,$0.37,$1579,$242,$67,$2236,$515,$257,$801,$42,$1615,$3851,$342,$983,$205,$1576,$1918,$0,$1353,$7,$1933,$3851,$127,$226,$29,$255,$0,$66,$0,$52,$77,$459,$-51,$0,$-752,$0,$-147,$-147,$0,$-950,$620,$0,$620,$51,$51,$-274,$-15,$382,$-107,$52,$-274
22,2012-12-31,27.9,$9.87,2.83,$7.40,3.77,$4.60,6.06,$0.72,38.75,$2.30B,$0.30B,7.75,$0.97B,$1.93B,0.5,$1.49B,$0.80B,53.42%,$1.49B,$0.22B,14.43%,$1.49B,$0.22B,14.43%,$1.49B,$0.42B,27.85%,$1.49B,$0.20B,13.09%,$1.49B,$0.15B,10.00%,$0.15B,$1.93B,7.54%,$0.15B,$1.09B,10.27%,$0.15B,$3.84B,4.27%,$0.22B,$2.90B,8.16%,$430,$191,$239,$70,$65,$373,$57,$-7,$50,$-10,$60,$60,$60,$94,$57,$195,206,$0.30,$0.29,$1622,$262,$75,$2297,$523,$150,$834,$40,$1547,$3844,$296,$971,$203,$1620,$1916,$0,$1362,$7,$1927,$3844,$68,$157,$30,$187,$53,$47,$0,$36,$77,$331,$-36,$0,$-752,$0,$-143,$-143,$0,$-931,$610,$0,$610,$23,$23,$-205,$0,$428,$-170,$39,$-205
23,2012-09-30,27.7,$10.10,2.74,$6.99,3.96,$4.32,6.42,$1.05,26.38,$2.29B,$0.33B,7.03,$0.96B,$1.96B,0.49,$1.40B,$0.78B,55.67%,$1.40B,$0.29B,20.38%,$1.40B,$0.29B,20.38%,$1.40B,$0.44B,31.08%,$1.40B,$0.27B,19.17%,$1.40B,$0.22B,15.40%,$0.22B,$1.96B,10.92%,$0.22B,$1.10B,13.29%,$0.22B,$3.89B,6.58%,$0.29B,$2.92B,11.51%,$416,$216,$200,$71,$69,$399,$17,$-8,$10,$-0,$10,$10,$10,$61,$17,$195,204,$0.05,$0.05,$1553,$290,$65,$2289,$537,$154,$867,$41,$1599,$3888,$325,$960,$205,$1599,$1924,$0,$1421,$7,$1964,$3888,$58,$81,$16,$97,$-0,$22,$0,$43,$38,$192,$-26,$0,$-752,$0,$-95,$-95,$0,$-873,$600,$0,$600,$16,$16,$-136,$0,$481,$-199,$25,$-136
24,2012-06-30,27.71,$10.42,2.66,$6.71,4.13,$4.39,6.32,$1.56,17.76,$2.23B,$0.25B,8.92,$0.36B,$2.02B,0.18,$1.36B,$0.78B,57.60%,$1.36B,$0.38B,27.63%,$1.36B,$0.38B,27.63%,$1.36B,$0.50B,36.74%,$1.36B,$0.36B,26.23%,$1.36B,$0.32B,23.22%,$0.32B,$2.02B,16.09%,$0.32B,$1.81B,17.67%,$0.32B,$3.15B,10.29%,$0.38B,$2.38B,16.22%,$383,$189,$194,$64,$72,$375,$8,$-6,$2,$23,$-21,$-21,$-21,$124,$8,$194,194,$-0.11,$-0.11,$1662,$221,$51,$2229,$506,$159,$212,$37,$916,$3145,$250,$357,$103,$877,$1127,$0,$1510,$3,$2018,$3145,$79,$27,$13,$41,$-3,$0,$0,$7,$10,$129,$-10,$0,$-21,$0,$109,$109,$0,$78,$0,$0,$0,$5,$5,$-68,$0,$-63,$144,$10,$-68
25,2012-03-31,30.82,$10.31,2.99,$6.82,4.52,$4.08,7.55,$1.66,18.56,$2.02B,$0.25B,8.13,$0.36B,$1.99B,0.18,$1.38B,$0.80B,57.73%,$1.38B,$0.40B,28.68%,$1.38B,$0.40B,28.68%,$1.38B,$0.52B,37.57%,$1.38B,$0.38B,27.46%,$1.38B,$0.34B,24.28%,$0.34B,$1.99B,17.42%,$0.34B,$1.81B,18.99%,$0.34B,$3.08B,11.05%,$0.40B,$2.35B,17.40%,$352,$147,$205,$49,$56,$256,$96,$-5,$91,$12,$79,$79,$79,$136,$96,$193,204,$0.41,$0.39,$1459,$217,$53,$2016,$517,$329,$184,$39,$1068,$3084,$248,$355,$79,$845,$1093,$0,$1499,$3,$1991,$3084,$337,$123,$61,$183,$12,$-35,$0,$-23,$-108,$412,$-62,$0,$-39,$0,$-171,$-171,$0,$-272,$0,$0,$0,$57,$57,$-266,$1,$-208,$-68,$38,$-266
26,2011-12-31,30.06,$10.11,2.97,$7.10,4.23,$4.71,6.38,$1.89,15.91,$1.83B,$0.25B,7.36,$0.35B,$1.94B,0.18,$1.43B,$0.83B,58.53%,$1.43B,$0.43B,29.96%,$1.43B,$0.43B,29.96%,$1.43B,$0.54B,37.61%,$1.43B,$0.41B,28.63%,$1.43B,$0.38B,26.74%,$0.38B,$1.94B,20.22%,$0.38B,$1.79B,22.00%,$0.38B,$3.02B,12.65%,$0.43B,$2.30B,19.11%,$339,$142,$197,$48,$49,$245,$94,$-2,$92,$11,$81,$81,$81,$115,$94,$191,204,$0.42,$0.38,$1302,$218,$50,$1830,$534,$468,$151,$38,$1191,$3021,$249,$353,$80,$831,$1080,$0,$1486,$-2,$1941,$3021,$256,$81,$38,$119,$32,$-36,$0,$-9,$-81,$294,$-59,$0,$0,$0,$-176,$-176,$0,$-234,$0,$0,$0,$40,$40,$-199,$0,$-158,$-98,$28,$-199
27,2011-09-30,25.28,$9.96,2.54,$7.36,3.44,$5.24,4.83,$2.02,12.51,$1.93B,$0.29B,6.57,$0.35B,$1.90B,0.19,$1.46B,$0.87B,59.08%,$1.46B,$0.46B,31.15%,$1.46B,$0.46B,31.15%,$1.46B,$0.57B,38.73%,$1.46B,$0.44B,29.92%,$1.46B,$0.41B,27.66%,$0.41B,$1.90B,22.36%,$0.41B,$1.75B,24.37%,$0.41B,$3.03B,13.66%,$0.46B,$2.26B,21.11%,$329,$144,$185,$44,$51,$241,$88,$-4,$84,$6,$77,$77,$77,$125,$88,$192,203,$0.40,$0.38,$1415,$211,$45,$1933,$549,$360,$153,$39,$1100,$3034,$294,$351,$75,$836,$1130,$0,$1475,$-1,$1904,$3034,$179,$54,$29,$83,$39,$-30,$0,$18,$-23,$238,$-52,$0,$0,$0,$-108,$-108,$0,$-161,$0,$0,$0,$26,$26,$-132,$0,$-106,$-29,$19,$-132
28,2011-06-30,30.47,$9.86,3.09,$7.66,3.98,$5.49,5.55,$2.16,14.11,$2.10B,$0.33B,6.39,$0.35B,$1.88B,0.19,$1.51B,$0.89B,59.34%,$1.51B,$0.48B,31.96%,$1.51B,$0.48B,31.96%,$1.51B,$0.59B,39.47%,$1.51B,$0.47B,31.16%,$1.51B,$0.43B,28.50%,$0.43B,$1.88B,24.59%,$0.43B,$1.73B,26.80%,$0.43B,$3.03B,14.75%,$0.48B,$2.23B,23.00%,$341,$144,$197,$45,$51,$243,$98,$-7,$90,$11,$79,$79,$79,$144,$98,$191,200,$0.42,$0.40,$1518,$202,$69,$2096,$546,$200,$152,$37,$934,$3029,$328,$349,$72,$822,$1150,$0,$1462,$5,$1879,$3029,$99,$27,$16,$44,$-15,$-21,$0,$-5,$-60,$83,$-27,$0,$0,$0,$-61,$-61,$0,$-89,$0,$0,$0,$18,$18,$-66,$0,$-47,$-53,$9,$-66
29,2011-03-31,30.28,$9.56,3.17,$7.71,3.93,$5.74,5.28,$2.14,14.15,$1.78B,$0.34B,5.22,$0.35B,$1.81B,0.19,$1.49B,$0.88B,59.18%,$1.49B,$0.47B,31.81%,$1.49B,$0.47B,31.81%,$1.49B,$0.59B,39.41%,$1.49B,$0.46B,30.93%,$1.49B,$0.42B,28.24%,$0.42B,$1.81B,25.20%,$0.42B,$1.66B,27.47%,$0.42B,$2.97B,14.87%,$0.47B,$2.16B,23.51%,$375,$155,$220,$45,$58,$258,$117,$-3,$114,$15,$99,$99,$99,$152,$117,$190,205,$0.52,$0.49,$1243,$181,$58,$1775,$541,$465,$154,$34,$1193,$2968,$340,$347,$68,$815,$1156,$0,$1429,$3,$1812,$2968,$419,$113,$63,$177,$6,$-22,$0,$3,$-13,$583,$-124,$0,$-126,$1055,$-1025,$31,$32,$-188,$0,$0,$0,$72,$72,$-257,$2,$-183,$212,$37,$-257
30,2010-12-31,27.25,$8.76,3.11,$7.24,3.76,$5.54,4.92,$1.92,14.19,$1.74B,$0.30B,5.8,$0.35B,$1.65B,0.21,$1.39B,$0.82B,58.92%,$1.39B,$0.44B,31.55%,$1.39B,$0.44B,31.55%,$1.39B,$0.55B,39.42%,$1.39B,$0.42B,30.61%,$1.39B,$0.37B,26.71%,$0.37B,$1.65B,23.17%,$0.37B,$1.51B,25.02%,$0.37B,$2.83B,13.65%,$0.44B,$2.00B,22.52%,$380,$148,$232,$44,$51,$256,$124,$-4,$120,$-11,$131,$131,$126,$146,$124,$187,195,$0.67,$0.63,$1191,$178,$54,$1738,$528,$382,$139,$42,$1090,$2829,$300,$346,$117,$879,$1179,$0,$1303,$3,$1650,$2829,$293,$85,$45,$130,$-3,$-21,$0,$50,$7,$430,$-100,$0,$-113,$0,$-35,$-35,$31,$-217,$0,$0,$0,$51,$51,$-257,$1,$-204,$8,$28,$-257
31,2010-09-30,24.56,$8.76,2.8,$6.70,3.67,$5.54,4.43,$1.78,13.8,$1.92B,$0.31B,6.18,$0.34B,$1.64B,0.21,$1.27B,$0.75B,58.88%,$1.27B,$0.39B,31.02%,$1.27B,$0.39B,31.02%,$1.27B,$0.50B,39.23%,$1.27B,$0.38B,29.99%,$1.27B,$0.34B,26.68%,$0.34B,$1.64B,21.73%,$0.34B,$1.51B,23.22%,$0.34B,$2.81B,12.92%,$0.39B,$1.98B,20.72%,$368,$151,$216,$42,$56,$250,$117,$-3,$114,$12,$102,$102,$101,$152,$117,$187,196,$0.54,$0.51,$1379,$167,$51,$1917,$518,$190,$131,$53,$891,$2808,$310,$344,$115,$861,$1171,$0,$1332,$2,$1637,$2808,$193,$56,$33,$89,$-19,$-10,$0,$35,$10,$291,$-66,$0,$-113,$0,$-105,$-105,$28,$-255,$0,$0,$0,$22,$22,$-127,$0,$-105,$-68,$18,$-127
32,2010-06-30,21.41,$8.43,2.54,$5.91,3.62,$5.61,3.82,$1.48,14.46,$1.85B,$0.28B,6.51,$0.34B,$1.57B,0.22,$1.11B,$0.64B,57.91%,$1.11B,$0.32B,29.05%,$1.11B,$0.32B,29.05%,$1.11B,$0.42B,37.95%,$1.11B,$0.31B,27.88%,$1.11B,$0.28B,25.09%,$0.28B,$1.57B,18.47%,$0.28B,$1.44B,19.54%,$0.28B,$2.69B,11.08%,$0.32B,$1.91B,17.45%,$382,$157,$225,$44,$58,$259,$123,$-2,$121,$16,$105,$105,$103,$136,$123,$186,191,$0.55,$0.54,$1316,$128,$98,$1848,$508,$160,$127,$50,$845,$2693,$284,$342,$104,$842,$1126,$0,$1293,$-4,$1567,$2693,$90,$27,$19,$46,$-9,$-4,$0,$10,$-2,$133,$-34,$0,$-113,$83,$-0,$83,$18,$-46,$0,$0,$0,$7,$7,$-63,$0,$-56,$31,$9,$-63
33,2010-03-31,21.47,$8.27,2.6,$5.07,4.24,$5.69,3.78,$1.16,18.51,$1.61B,$0.20B,7.92,$0.34B,$1.53B,0.22,$0.95B,$0.53B,56.22%,$0.95B,$0.25B,25.84%,$0.95B,$0.25B,25.84%,$0.95B,$0.34B,35.97%,$0.95B,$0.24B,25.11%,$0.95B,$0.22B,22.78%,$0.22B,$1.53B,14.57%,$0.22B,$1.46B,15.25%,$0.22B,$2.52B,8.85%,$0.25B,$1.87B,13.45%,$357,$150,$207,$41,$57,$248,$109,$-4,$105,$13,$92,$92,$90,$112,$109,$186,190,$0.48,$0.47,$1214,$117,$51,$1611,$493,$317,$76,$19,$905,$2516,$203,$341,$62,$780,$983,$0,$1267,$3,$1533,$2516,$217,$97,$143,$239,$-49,$15,$0,$0,$-4,$452,$-48,$0,$0,$0,$-148,$-148,$0,$-195,$0,$0,$0,$36,$36,$-250,$2,$-211,$46,$37,$-250
34,2009-12-31,21.88,$8.05,2.72,$4.51,4.85,$4.63,4.72,$0.88,24.86,$1.44B,$0.19B,7.79,$0.34B,$1.48B,0.23,$0.84B,$0.45B,53.26%,$0.84B,$0.18B,20.88%,$0.84B,$0.18B,20.88%,$0.84B,$0.28B,32.74%,$0.84B,$0.18B,21.59%,$0.84B,$0.16B,19.22%,$0.16B,$1.48B,11.00%,$0.16B,$1.42B,11.50%,$0.16B,$2.44B,6.71%,$0.18B,$1.82B,9.73%,$278,$110,$168,$33,$47,$190,$88,$-4,$84,$8,$76,$76,$76,$97,$88,$184,187,$0.41,$0.40,$1078,$113,$50,$1443,$495,$422,$65,$19,$1001,$2444,$185,$339,$58,$775,$960,$0,$1254,$3,$1484,$2444,$141,$73,$126,$199,$-25,$19,$0,$-4,$4,$344,$-28,$0,$0,$1083,$-1318,$-235,$0,$-263,$0,$0,$0,$19,$19,$-187,$2,$-166,$-85,$27,$-187
35,2009-09-30,19.71,$7.94,2.48,$4.22,4.66,$3.89,5.06,$0.91,21.65,$1.73B,$0.17B,10.14,$0.34B,$1.46B,0.23,$0.79B,$0.41B,51.97%,$0.79B,$0.14B,18.22%,$0.79B,$0.14B,18.22%,$0.79B,$0.24B,31.08%,$0.79B,$0.13B,16.82%,$0.79B,$0.17B,21.02%,$0.17B,$1.46B,12.17%,$0.17B,$1.39B,12.74%,$0.17B,$2.42B,6.83%,$0.14B,$1.80B,7.55%,$250,$104,$146,$30,$43,$178,$73,$-3,$70,$0,$69,$69,$69,$77,$73,$184,188,$0.38,$0.37,$1364,$108,$56,$1727,$498,$109,$65,$19,$691,$2418,$170,$337,$80,$790,$960,$0,$1247,$4,$1458,$2418,$72,$49,$107,$155,$-18,$23,$0,$-0,$16,$243,$-10,$0,$0,$-19,$-5,$-24,$0,$-34,$0,$0,$0,$9,$9,$-124,$1,$-114,$95,$18,$-124
36,2009-06-30,16.56,$7.97,2.08,$4.45,3.72,$3.70,4.47,$1.08,15.33,$1.76B,$0.15B,11.81,$0.34B,$1.46B,0.23,$0.83B,$0.45B,54.23%,$0.83B,$0.18B,21.38%,$0.83B,$0.18B,21.38%,$0.83B,$0.28B,33.70%,$0.83B,$0.17B,20.89%,$0.83B,$0.20B,23.79%,$0.20B,$1.46B,15.90%,$0.20B,$1.40B,16.65%,$0.20B,$2.39B,8.08%,$0.18B,$1.79B,8.94%,$227,$103,$123,$30,$41,$174,$53,$-1,$51,$7,$44,$44,$44,$55,$53,$183,187,$0.24,$0.24,$1407,$114,$59,$1761,$514,$31,$62,$19,$625,$2386,$149,$336,$77,$780,$929,$0,$1265,$4,$1457,$2386,$27,$24,$68,$92,$-10,$18,$0,$-6,$-5,$115,$-4,$0,$0,$82,$-1,$81,$0,$77,$0,$0,$0,$1,$1,$-62,$0,$-61,$131,$9,$-62
37,2009-03-31,15.31,$8.15,1.88,$4.81,3.18,$3.64,4.21,$1.33,11.51,$1.74B,$0.16B,11.2,$0.33B,$1.49B,0.22,$0.90B,$0.52B,57.25%,$0.90B,$0.23B,25.80%,$0.90B,$0.23B,25.80%,$0.90B,$0.34B,37.10%,$0.90B,$0.23B,25.69%,$0.90B,$0.25B,27.24%,$0.25B,$1.49B,21.62%,$0.25B,$1.43B,22.64%,$0.25B,$2.41B,9.93%,$0.23B,$1.82B,11.18%,$193,$97,$96,$28,$36,$162,$31,$1,$33,$5,$27,$27,$27,$47,$31,$183,186,$0.15,$0.15,$1390,$132,$52,$1743,$532,$51,$62,$19,$663,$2406,$156,$334,$74,$760,$915,$0,$1299,$4,$1490,$2406,$246,$100,$-9,$91,$51,$-4,$0,$-50,$-28,$309,$-102,$0,$0,$0,$82,$82,$0,$-20,$0,$0,$0,$-90,$-90,$-247,$7,$-330,$-41,$32,$-247
38,2008-12-31,13.87,$5.59,2.48,$5.11,2.71,$4.31,3.22,$1.61,8.61,$1.74B,$0.18B,9.91,$1.15B,$1.02B,1.13,$0.99B,$0.59B,59.80%,$0.99B,$0.30B,29.90%,$0.99B,$0.30B,29.90%,$0.99B,$0.39B,39.70%,$0.99B,$0.29B,29.39%,$0.99B,$0.30B,30.30%,$0.30B,$1.02B,29.29%,$0.30B,$0.96B,30.67%,$0.30B,$2.45B,11.98%,$0.30B,$2.17B,13.62%,$173,$89,$84,$26,$33,$154,$19,$9,$28,$6,$22,$22,$22,$65,$19,$183,187,$0.12,$0.12,$1398,$137,$42,$1741,$544,$76,$55,$31,$706,$2447,$176,$1149,$70,$1253,$1429,$0,$1342,$5,$1019,$2447,$224,$73,$-35,$37,$60,$-11,$0,$-27,$3,$265,$-92,$0,$0,$17,$-15,$2,$0,$-89,$0,$0,$0,$-97,$-97,$-185,$10,$-272,$-97,$24,$-185
39,2008-09-30,20.54,$5.44,3.78,$5.26,3.9,$4.84,4.24,$1.59,12.92,$1.49B,$0.22B,6.71,$1.15B,$0.99B,1.16,$1.05B,$0.64B,60.89%,$1.05B,$0.34B,31.87%,$1.05B,$0.34B,31.87%,$1.05B,$0.43B,41.01%,$1.05B,$0.36B,34.44%,$1.05B,$0.31B,29.31%,$0.31B,$0.99B,29.05%,$0.31B,$0.95B,30.29%,$0.31B,$2.52B,12.09%,$0.34B,$2.14B,15.16%,$192,$87,$105,$27,$37,$152,$40,$-20,$20,$-52,$72,$72,$72,$112,$40,$182,184,$0.40,$0.39,$1108,$127,$45,$1487,$543,$411,$43,$33,$1030,$2517,$221,$1150,$124,$1306,$1528,$0,$1331,$-1,$989,$2517,$151,$49,$6,$55,$17,$-3,$0,$25,$62,$267,$-68,$0,$0,$-162,$-1,$-163,$0,$-230,$0,$0,$0,$-98,$-98,$-123,$9,$-213,$-176,$16,$-123
40,2008-06-30,21.1,$5.71,3.7,$4.99,4.23,$4.64,4.54,$1.45,14.55,$1.43B,$0.20B,7.36,$1.15B,$1.05B,1.09,$1.04B,$0.63B,60.67%,$1.04B,$0.30B,29.23%,$1.04B,$0.30B,29.23%,$1.04B,$0.40B,38.56%,$1.04B,$0.34B,32.69%,$1.04B,$0.29B,28.17%,$0.29B,$1.05B,22.56%,$0.29B,$1.01B,23.34%,$0.29B,$2.54B,11.81%,$0.30B,$2.20B,14.07%,$270,$106,$164,$31,$46,$183,$87,$5,$92,$16,$76,$76,$76,$111,$87,$184,188,$0.41,$0.40,$1039,$126,$47,$1431,$521,$514,$43,$35,$1112,$2543,$195,$1150,$119,$1296,$1491,$0,$1317,$-1,$1053,$2543,$76,$24,$10,$34,$3,$-2,$0,$10,$13,$123,$-22,$0,$0,$165,$-4,$161,$0,$140,$0,$0,$0,$-9,$-9,$-61,$5,$-65,$198,$8,$-61
41,2008-03-31,22.41,$5.62,3.99,$4.77,4.7,$4.55,4.93,$1.41,15.89,$1.72B,$0.19B,8.99,$1.15B,$1.04B,1.11,$1.04B,$0.63B,60.42%,$1.04B,$0.30B,29.15%,$1.04B,$0.30B,29.15%,$1.04B,$0.40B,38.80%,$1.04B,$0.35B,33.69%,$1.04B,$0.30B,28.67%,$0.30B,$1.04B,19.16%,$0.30B,$0.99B,19.69%,$0.30B,$2.51B,12.20%,$0.30B,$2.19B,14.21%,$268,$105,$164,$32,$45,$182,$87,$5,$92,$16,$76,$76,$76,$105,$87,$185,191,$0.41,$0.40,$1325,$124,$50,$1718,$522,$194,$43,$34,$795,$2512,$191,$1150,$113,$1285,$1476,$0,$1301,$3,$1036,$2512,$297,$100,$59,$159,$-14,$-3,$0,$-4,$-8,$447,$-70,$0,$28,$0,$96,$96,$2,$56,$1127,$0,$1127,$-1079,$-1079,$-252,$21,$-183,$320,$33,$-252
42,2007-12-31,21.29,$6.15,3.46,$4.71,4.52,$4.44,4.8,$1.58,13.48,$1.80B,$0.18B,10.17,$1.15B,$1.16B,0.99,$1.03B,$0.62B,60.15%,$1.03B,$0.31B,29.50%,$1.03B,$0.31B,29.50%,$1.03B,$0.41B,39.75%,$1.03B,$0.36B,34.91%,$1.03B,$0.35B,33.75%,$0.35B,$1.16B,19.47%,$0.35B,$1.12B,19.93%,$0.35B,$2.62B,14.70%,$0.31B,$2.31B,14.66%,$260,$102,$159,$32,$45,$179,$82,$6,$87,$12,$76,$76,$76,$103,$82,$207,212,$0.39,$0.39,$1438,$125,$38,$1797,$525,$215,$44,$36,$820,$2617,$177,$1150,$113,$1277,$1454,$0,$1285,$-0,$1163,$2617,$221,$77,$51,$127,$10,$-3,$0,$5,$12,$360,$-49,$0,$28,$296,$-5,$292,$1,$271,$1127,$0,$1127,$-920,$-920,$-192,$17,$32,$664,$24,$-192
43,2007-09-30,24.38,$9.01,2.71,$4.65,5.24,$4.36,5.6,$1.53,15.94,$1.24B,$0.19B,6.69,$0.00B,$1.94B,0.0,$1.03B,$0.62B,59.98%,$1.03B,$0.31B,29.75%,$1.03B,$0.31B,29.75%,$1.03B,$0.42B,40.60%,$1.03B,$0.37B,35.47%,$1.03B,$0.34B,33.14%,$0.34B,$1.94B,17.33%,$0.34B,$1.90B,17.69%,$0.34B,$2.25B,14.94%,$0.31B,$1.94B,15.55%,$253,$100,$153,$30,$44,$173,$79,$12,$91,$11,$80,$80,$80,$82,$79,$207,211,$0.39,$0.38,$833,$125,$72,$1243,$536,$416,$42,$12,$1006,$2249,$186,$0,$107,$121,$307,$0,$1271,$-3,$1942,$2249,$141,$53,$38,$91,$-1,$-3,$0,$-8,$-3,$228,$-37,$0,$0,$970,$-931,$39,$1,$3,$0,$0,$0,$-113,$-113,$-125,$14,$-224,$7,$16,$-125
44,2007-06-30,24.67,$9.43,2.62,$4.70,5.25,$4.47,5.52,$1.62,15.23,$1.08B,$0.19B,5.82,$0.00B,$2.06B,0.0,$1.04B,$0.63B,60.13%,$1.04B,$0.34B,32.85%,$1.04B,$0.34B,32.85%,$1.04B,$0.46B,44.00%,$1.04B,$0.40B,38.52%,$1.04B,$0.36B,34.58%,$0.36B,$2.06B,18.45%,$0.36B,$2.02B,18.84%,$0.36B,$2.36B,15.65%,$0.34B,$2.06B,17.53%,$259,$104,$155,$29,$43,$203,$56,$14,$70,$9,$61,$61,$61,$112,$56,$217,222,$0.28,$0.27,$722,$124,$30,$1084,$605,$622,$40,$11,$1278,$2362,$186,$0,$109,$115,$301,$0,$1275,$-8,$2061,$2362,$80,$27,$5,$31,$-3,$-3,$0,$-7,$11,$123,$-25,$0,$0,$465,$-532,$-66,$0,$-91,$0,$0,$0,$22,$22,$-61,$9,$-31,$1,$8,$-61
45,2007-03-31,23.5,$9.22,2.55,$4.72,4.98,$4.55,5.16,$1.61,14.6,$1.09B,$0.26B,4.24,$0.00B,$2.00B,0.0,$1.04B,$0.63B,60.10%,$1.04B,$0.35B,33.37%,$1.04B,$0.35B,33.37%,$1.04B,$0.46B,44.62%,$1.04B,$0.40B,38.56%,$1.04B,$0.36B,34.33%,$0.36B,$2.00B,18.96%,$0.36B,$1.96B,19.38%,$0.36B,$2.27B,15.63%,$0.35B,$2.00B,18.43%,$264,$106,$159,$30,$44,$179,$85,$16,$101,$20,$80,$80,$80,$114,$85,$218,224,$0.37,$0.36,$750,$121,$11,$1085,$606,$528,$40,$11,$1185,$2270,$256,$0,$1,$9,$265,$0,$1255,$-7,$2004,$2270,$357,$116,$36,$152,$15,$-3,$0,$-16,$-80,$430,$-60,$0,$0,$0,$-384,$-384,$2,$-442,$0,$-269,$-269,$69,$69,$-208,$23,$-385,$-398,$27,$-208
46,2006-12-31,21.47,$8.75,2.45,$4.70,4.57,$4.56,4.71,$1.39,15.45,$1.07B,$0.38B,2.85,$0.00B,$1.89B,0.0,$1.03B,$0.62B,60.16%,$1.03B,$0.35B,34.11%,$1.03B,$0.35B,34.11%,$1.03B,$0.47B,45.38%,$1.03B,$0.40B,38.97%,$1.03B,$0.31B,29.64%,$0.31B,$1.89B,16.82%,$0.31B,$1.85B,17.21%,$0.31B,$2.28B,13.24%,$0.35B,$1.89B,19.36%,$258,$104,$155,$29,$41,$173,$85,$14,$99,$-28,$128,$128,$128,$111,$85,$215,221,$0.59,$0.58,$729,$122,$11,$1067,$625,$536,$41,$10,$1212,$2278,$375,$0,$0,$14,$389,$0,$1185,$-9,$1889,$2278,$229,$88,$7,$95,$19,$-3,$0,$-15,$14,$358,$-51,$0,$0,$0,$-387,$-387,$2,$-437,$0,$-239,$-239,$42,$42,$-151,$15,$-333,$-412,$20,$-151
