,Date,Stock Price,Book Value per Share,Price to Book Ratio,TTM Sales per Share,Price to Sales Ratio,TTM FCF per Share,Price to FCF Ratio,TTM Net EPS,PE Ratio,Current Assets,Current Liabilities,Current Ratio,Long Term Debt,Shareholder's Equity_x,Debt to Equity Ratio,TTM Revenue_x,TTM Gross Profit,Gross Margin,TTM Revenue_y,TTM Operating Income,Operating Margin,TTM Revenue_x,TTM EBIT,EBIT Margin,TTM Revenue_y,TTM EBITDA,EBITDA Margin,TTM Revenue_x,TTM Pre-Tax Income,Pre-Tax Margin,TTM Revenue_y,TTM Net Income_x,Net Margin,TTM Net Income_y,Shareholder's Equity_y,Return on Equity,TTM Net Income_x,Tangible Equity,Return on Tangible Equity,TTM Net Income_y,Total Assets,Return on Assets,TTM Net Income,LT Investments & Debt,Return on Investment,revenue,cost-goods-sold,gross-profit,research-development-expenses,selling-general-administrative-expenses,operating-expenses,operating-income,total-non-operating-income-expense,pre-tax-income,total-provision-income-taxes,income-after-taxes,income-from-continuous-operations,net-income,ebitda,ebit,basic-shares-outstanding,shares-outstanding,eps-basic-net-earnings-per-share,eps-earnings-per-share-diluted,cash-on-hand,inventory,other-current-assets,total-current-assets,net-property-plant-equipment,long-term-investments,goodwill-intangible-assets-total,other-long-term-assets,total-long-term-assets,total-assets,total-current-liabilities,long-term-debt,other-non-current-liabilities,total-long-term-liabilities,total-liabilities,common-stock-net,retained-earnings-accumulated-deficit,comprehensive-income,total-share-holder-equity,total-liabilities-share-holders-equity,net-income-loss,total-depreciation-amortization-cash-flow,other-non-cash-items,total-non-cash-items,change-in-accounts-receivable,change-in-inventories,change-in-accounts-payable,change-in-assets-liabilities,total-change-in-assets-liabilities,cash-flow-from-operating-activities,net-change-in-property-plant-equipment,net-change-in-intangible-assets,net-acquisitions-divestitures,net-change-in-short-term-investments,net-change-in-long-term-investments,net-change-in-investments-total,investing-activities-other,cash-flow-from-investing-activities,net-long-term-debt,net-current-debt,debt-issuance-retirement-net-total,net-common-equity-issued-repurchased,net-total-equity-issued-repurchased,total-common-preferred-stock-dividends-paid,financial-activities-other,cash-flow-from-financial-activities,net-cash-flow,stock-based-compensation,common-stock-dividends-paid
0,2018-09-30,167.2,$3.16,52.86,$23.40,7.15,$14.37,11.63,$5.58,29.96,$2.52B,$1.82B,1.38,$4.48B,$0.61B,7.4,$4.55B,$3.26B,71.66%,$4.55B,$1.95B,42.78%,$4.55B,$1.95B,42.78%,$4.55B,$2.14B,47.02%,$4.55B,$1.76B,38.65%,$4.55B,$1.09B,23.85%,$1.09B,$0.61B,316.56%,$1.09B,$-4.57B,-21.84%,$1.09B,$8.44B,12.47%,$1.95B,$5.09B,37.03%,$1081,$306,$775,$0,$260,$614,$467,$-54,$413,$101,$312,$312,$310,$513,$467,$192,195,$1.62,$1.59,$1146,$0,$239,$2516,$311,$0,$5179,$244,$5923,$8439,$1824,$4484,$1047,$6009,$7833,$3,$8429,$-342,$606,$8439,$1067,$144,$25,$168,$23,$0,$0,$-39,$-150,$1085,$-63,$0,$-29,$-22,$0,$-22,$0,$-114,$-450,$-105,$-555,$-166,$-166,$-257,$-2,$-980,$-37,$100,$-257
1,2018-06-30,170.12,$2.40,70.95,$23.32,7.3,$10.57,16.1,$5.62,30.27,$2.84B,$1.84B,1.54,$4.93B,$0.46B,10.72,$4.53B,$3.23B,71.33%,$4.53B,$1.93B,42.55%,$4.53B,$1.93B,42.55%,$4.53B,$2.12B,46.74%,$4.53B,$1.81B,39.97%,$4.53B,$1.09B,24.10%,$1.09B,$0.46B,718.42%,$1.09B,$-4.74B,-20.99%,$1.09B,$8.75B,12.60%,$1.93B,$5.39B,36.94%,$1175,$320,$855,$0,$271,$641,$534,$-39,$496,$118,$378,$378,$376,$582,$534,$192,194,$1.96,$1.94,$1416,$0,$287,$2840,$312,$0,$5204,$259,$5912,$8752,$1844,$4934,$1024,$6448,$8292,$3,$8205,$-305,$460,$8752,$755,$98,$57,$155,$18,$0,$0,$47,$-132,$777,$-38,$0,$6,$-13,$0,$-13,$0,$-45,$-150,$-40,$-190,$-106,$-106,$-170,$-2,$-468,$243,$70,$-170
2,2018-03-31,160.48,$2.19,73.33,$22.43,7.15,$6.33,25.34,$5.29,30.34,$2.82B,$1.92B,1.47,$5.12B,$0.42B,12.19,$4.36B,$3.09B,70.99%,$4.36B,$1.85B,42.55%,$4.36B,$1.85B,42.55%,$4.36B,$2.03B,46.57%,$4.36B,$1.78B,40.78%,$4.36B,$1.03B,23.59%,$1.03B,$0.42B,-1285.00%,$1.03B,$-5.05B,-23.01%,$1.03B,$9.01B,12.67%,$1.85B,$5.54B,37.26%,$1127,$315,$812,$0,$271,$636,$491,$-50,$441,$64,$377,$377,$373,$540,$491,$191,195,$1.95,$1.92,$1378,$0,$234,$2819,$322,$0,$5473,$258,$6195,$9014,$1921,$5118,$1045,$6673,$8594,$3,$7913,$-52,$420,$9014,$377,$49,$31,$80,$-30,$0,$0,$207,$-65,$392,$-15,$0,$6,$-9,$0,$-9,$0,$-19,$0,$-40,$-40,$-57,$-57,$-85,$-0,$-182,$206,$35,$-85
3,2017-12-31,146.47,$-0.60,-243.43,$21.66,6.76,$1.66,88.05,$5.15,28.44,$2.58B,$2.06B,1.25,$5.11B,$-0.12B,-44.48,$4.21B,$2.98B,70.89%,$4.21B,$1.81B,43.04%,$4.21B,$1.81B,43.04%,$4.21B,$1.97B,46.80%,$4.21B,$1.79B,42.50%,$4.21B,$1.00B,23.80%,$1.00B,$-0.12B,-273.50%,$1.00B,$-5.50B,-26.94%,$1.00B,$8.59B,13.87%,$1.81B,$5.00B,41.36%,$1166,$347,$818,$0,$309,$712,$454,$-46,$408,$379,$29,$29,$26,$504,$454,$191,194,$0.14,$0.13,$1183,$0,$250,$2581,$325,$0,$5385,$160,$6014,$8594,$2063,$5111,$1053,$6646,$8709,$3,$7465,$-172,$-115,$8594,$1008,$158,$40,$199,$-148,$0,$0,$278,$-459,$748,$-91,$0,$-3511,$71,$0,$71,$111,$-3420,$1992,$130,$2122,$-193,$-193,$-294,$-28,$1607,$-980,$123,$-294
4,2017-09-30,137.79,$-0.82,-167.91,$20.48,6.73,$4.14,33.32,$2.80,49.21,$2.28B,$1.98B,1.15,$5.11B,$-0.16B,-32.57,$3.98B,$2.84B,71.34%,$3.98B,$0.88B,22.18%,$3.98B,$0.88B,22.18%,$3.98B,$1.02B,25.72%,$3.98B,$0.91B,22.93%,$3.98B,$0.55B,13.72%,$0.55B,$-0.16B,-91.92%,$0.55B,$-5.51B,-18.65%,$0.55B,$8.31B,8.53%,$0.88B,$4.95B,24.28%,$1063,$316,$747,$0,$246,$614,$449,$17,$466,$146,$320,$320,$317,$492,$449,$191,194,$1.66,$1.63,$1071,$0,$201,$2279,$332,$0,$5355,$169,$6026,$8305,$1983,$5107,$784,$6479,$8462,$3,$7513,$-258,$-157,$8305,$979,$108,$80,$188,$-10,$0,$0,$1,$-817,$350,$-69,$0,$-3511,$62,$0,$62,$111,$-3407,$1992,$314,$2306,$-163,$-163,$-221,$-33,$1890,$-1089,$89,$-221
5,2017-06-30,120.09,$-2.45,-49.07,$19.72,6.09,$6.83,17.58,$2.48,48.42,$4.56B,$1.24B,3.69,$4.89B,$-0.47B,-10.45,$3.84B,$2.76B,71.89%,$3.84B,$0.83B,21.67%,$3.84B,$0.83B,21.67%,$3.84B,$0.96B,25.08%,$3.84B,$0.82B,21.28%,$3.84B,$0.48B,12.62%,$0.48B,$-0.47B,-75.13%,$0.48B,$-1.81B,-24.48%,$0.48B,$6.54B,8.67%,$0.83B,$4.42B,26.91%,$1001,$285,$716,$0,$216,$540,$460,$2,$462,$148,$314,$314,$312,$493,$460,$191,194,$1.63,$1.61,$3367,$0,$275,$4559,$330,$0,$1342,$171,$1977,$6536,$1237,$4887,$640,$5767,$7004,$3,$7270,$-310,$-468,$6536,$660,$65,$150,$215,$-17,$0,$0,$-30,$-915,$-41,$-43,$0,$-5,$88,$0,$88,$0,$40,$1492,$0,$1492,$-143,$-143,$-146,$-32,$1171,$1229,$57,$-146
6,2017-03-31,110.2,$-3.79,-29.11,$19.30,5.71,$9.77,11.28,$2.17,50.78,$3.49B,$1.42B,2.45,$3.86B,$-0.72B,-5.33,$3.76B,$2.71B,72.04%,$3.76B,$0.78B,20.75%,$3.76B,$0.78B,20.75%,$3.76B,$0.91B,24.18%,$3.76B,$0.73B,19.48%,$3.76B,$0.43B,11.37%,$0.43B,$-0.72B,-69.06%,$0.43B,$-2.04B,-21.85%,$0.43B,$5.44B,8.22%,$0.78B,$3.14B,28.44%,$975,$275,$700,$0,$221,$529,$447,$5,$451,$105,$346,$346,$346,$479,$447,$191,194,$1.81,$1.78,$2262,$0,$270,$3486,$329,$0,$1319,$167,$1950,$5436,$1424,$3862,$637,$4736,$6160,$3,$7031,$-357,$-724,$5436,$346,$33,$154,$186,$-62,$0,$0,$5,$-1045,$-512,$-19,$0,$-5,$42,$0,$42,$0,$19,$499,$213,$712,$-80,$-80,$-73,$-5,$554,$78,$28,$-73
7,2016-12-31,92.4,$-5.39,-17.15,$18.41,5.02,$13.66,6.77,$1.32,70.0,$3.25B,$2.43B,1.34,$3.06B,$-1.03B,-2.98,$3.60B,$2.58B,71.53%,$3.60B,$0.64B,17.70%,$3.60B,$0.64B,17.70%,$3.60B,$0.77B,21.23%,$3.60B,$0.56B,15.48%,$3.60B,$0.27B,7.38%,$0.27B,$-1.03B,-50.50%,$0.27B,$-2.35B,-14.15%,$0.27B,$5.33B,5.19%,$0.64B,$2.04B,23.36%,$942,$265,$677,$0,$250,$1415,$-473,$8,$-466,$-40,$-426,$-426,$-429,$-440,$-473,$193,195,$-2.22,$-2.18,$2225,$0,$141,$3253,$326,$0,$1320,$112,$2074,$5327,$2428,$3063,$625,$3926,$6355,$3,$6689,$-365,$-1027,$5327,$276,$127,$-93,$34,$-105,$0,$0,$144,$950,$1259,$-115,$0,$-79,$297,$0,$297,$0,$102,$0,$0,$0,$-705,$-705,$-292,$-46,$-1043,$294,$98,$-292
8,2016-09-30,105.75,$-1.87,-56.49,$17.85,5.93,$13.25,7.98,$4.63,22.84,$3.02B,$1.40B,2.15,$3.12B,$-0.36B,-8.71,$3.53B,$2.52B,71.29%,$3.53B,$1.44B,40.93%,$3.53B,$1.44B,40.93%,$3.53B,$1.57B,44.42%,$3.53B,$1.34B,37.87%,$3.53B,$0.91B,25.88%,$0.91B,$-0.36B,-258.46%,$0.91B,$-1.71B,-53.84%,$0.91B,$5.02B,18.01%,$1.44B,$2.76B,48.39%,$917,$253,$664,$0,$225,$520,$398,$-29,$369,$112,$257,$257,$255,$430,$398,$192,194,$1.33,$1.31,$2058,$0,$128,$3017,$330,$0,$1349,$155,$2002,$5019,$1403,$3118,$614,$3975,$5377,$3,$7261,$-306,$-358,$5019,$701,$94,$78,$172,$-36,$0,$0,$108,$16,$889,$-85,$0,$-79,$162,$0,$162,$0,$-2,$0,$0,$0,$-650,$-650,$-219,$-46,$-915,$-11,$73,$-219
9,2016-06-30,91.2,$-1.92,-47.45,$17.25,5.29,$13.20,6.91,$4.46,20.45,$3.03B,$1.15B,2.64,$3.42B,$-0.37B,-9.26,$3.45B,$2.45B,71.10%,$3.45B,$1.40B,40.54%,$3.45B,$1.40B,40.54%,$3.45B,$1.52B,43.96%,$3.45B,$1.31B,38.04%,$3.45B,$0.89B,25.83%,$0.89B,$-0.37B,-274.90%,$0.89B,$-1.74B,-53.82%,$0.89B,$5.05B,17.77%,$1.40B,$3.05B,46.33%,$929,$259,$670,$0,$229,$519,$410,$-31,$379,$121,$258,$258,$256,$441,$410,$193,196,$1.32,$1.30,$2027,$0,$160,$3030,$323,$0,$1366,$158,$2015,$5045,$1146,$3420,$602,$4268,$5414,$3,$7078,$-317,$-370,$5045,$445,$61,$63,$124,$-45,$0,$0,$97,$-22,$546,$-54,$0,$-76,$123,$0,$123,$0,$-7,$0,$0,$0,$-492,$-492,$-148,$0,$-640,$-83,$49,$-148
10,2016-03-31,93.6,$-1.81,-51.75,$17.00,5.51,$13.40,6.99,$4.44,21.08,$3.09B,$1.15B,2.68,$3.43B,$-0.35B,-9.75,$3.44B,$2.45B,71.44%,$3.44B,$1.41B,40.93%,$3.44B,$1.41B,40.93%,$3.44B,$1.52B,44.28%,$3.44B,$1.31B,38.17%,$3.44B,$0.90B,26.08%,$0.90B,$-0.35B,-348.64%,$0.90B,$-1.73B,-56.78%,$0.90B,$5.12B,17.93%,$1.41B,$3.08B,46.82%,$816,$249,$567,$0,$233,$512,$304,$-29,$276,$89,$187,$187,$184,$334,$304,$195,198,$0.95,$0.93,$2067,$0,$167,$3085,$311,$0,$1380,$163,$2030,$5115,$1152,$3429,$632,$4315,$5466,$3,$6895,$-302,$-352,$5115,$187,$30,$37,$67,$-46,$0,$0,$140,$0,$254,$-26,$0,$-76,$-6,$0,$-6,$0,$-108,$0,$0,$0,$-281,$-281,$-75,$0,$-356,$-181,$25,$-75
11,2015-12-31,96.85,$-1.70,-57.03,$17.06,5.68,$13.42,7.21,$4.62,20.96,$3.24B,$1.22B,2.66,$3.38B,$-0.33B,-10.15,$3.49B,$2.51B,71.97%,$3.49B,$1.47B,42.27%,$3.49B,$1.47B,42.27%,$3.49B,$1.59B,45.54%,$3.49B,$1.38B,39.60%,$3.49B,$0.94B,27.03%,$0.94B,$-0.33B,-458.39%,$0.94B,$-1.61B,-62.36%,$0.94B,$5.10B,18.98%,$1.47B,$3.05B,49.58%,$866,$252,$614,$0,$252,$533,$333,$-21,$312,$92,$220,$220,$218,$362,$333,$200,203,$1.10,$1.10,$2232,$0,$180,$3243,$306,$0,$1275,$140,$1860,$5103,$1219,$3381,$621,$4218,$5436,$3,$6709,$-340,$-333,$5103,$950,$114,$99,$212,$-25,$0,$0,$21,$36,$1198,$-89,$0,$-8,$5,$0,$5,$0,$-92,$853,$0,$853,$-1068,$-1068,$-279,$-11,$-506,$538,$87,$-279
12,2015-09-30,94.47,$-1.21,-77.77,$16.89,5.59,$12.37,7.64,$4.65,20.32,$2.86B,$1.05B,2.73,$3.13B,$-0.24B,-13.01,$3.50B,$2.52B,71.95%,$3.50B,$1.49B,42.46%,$3.50B,$1.49B,42.46%,$3.50B,$1.60B,45.67%,$3.50B,$1.40B,40.15%,$3.50B,$0.96B,27.45%,$0.96B,$-0.24B,-860.99%,$0.96B,$-1.54B,-66.69%,$0.96B,$4.77B,19.78%,$1.49B,$2.88B,51.99%,$835,$236,$599,$0,$221,$485,$350,$-6,$344,$110,$234,$234,$232,$378,$350,$199,203,$1.16,$1.14,$1941,$0,$164,$2862,$306,$0,$1299,$173,$1911,$4773,$1050,$3125,$626,$3963,$5013,$3,$6632,$-320,$-240,$4773,$729,$85,$35,$120,$61,$0,$0,$29,$44,$894,$-66,$0,$-5,$-11,$0,$-11,$0,$-82,$553,$0,$553,$-893,$-893,$-210,$37,$-513,$252,$67,$-210
13,2015-06-30,103.54,$-0.52,-200.63,$16.58,6.24,$11.33,9.14,$4.51,22.96,$3.06B,$1.13B,2.72,$3.11B,$-0.10B,-30.04,$3.48B,$2.50B,71.77%,$3.48B,$1.49B,42.70%,$3.48B,$1.49B,42.70%,$3.48B,$1.59B,45.77%,$3.48B,$1.39B,39.91%,$3.48B,$0.94B,27.11%,$0.94B,$-0.10B,1376.64%,$0.94B,$-1.43B,-74.12%,$0.94B,$5.00B,19.21%,$1.49B,$3.00B,51.39%,$918,$244,$674,$0,$227,$499,$419,$-40,$379,$115,$264,$264,$262,$447,$419,$201,204,$1.30,$1.28,$2048,$0,$176,$3064,$305,$0,$1329,$156,$1936,$5000,$1125,$3106,$650,$3978,$5103,$3,$6468,$-281,$-103,$5000,$495,$57,$14,$70,$-12,$0,$0,$88,$29,$594,$-41,$0,$-5,$-47,$0,$-47,$0,$-92,$553,$0,$553,$-605,$-605,$-141,$35,$-158,$319,$44,$-141
14,2015-03-31,99.25,$-0.72,-137.23,$16.14,6.15,$10.56,9.39,$4.71,21.07,$3.04B,$1.14B,2.67,$3.10B,$-0.15B,-21.17,$3.43B,$2.47B,72.02%,$3.43B,$1.48B,43.04%,$3.43B,$1.48B,43.04%,$3.43B,$1.58B,45.98%,$3.43B,$1.49B,43.51%,$3.43B,$1.00B,29.12%,$1.00B,$-0.15B,380.59%,$1.00B,$-1.46B,-94.16%,$1.00B,$4.98B,20.59%,$1.48B,$2.95B,52.16%,$866,$244,$621,$0,$221,$494,$371,$-27,$345,$113,$231,$231,$230,$400,$371,$203,207,$1.14,$1.11,$1995,$0,$164,$3039,$299,$0,$1316,$167,$1937,$4976,$1138,$3095,$667,$3984,$5122,$3,$6276,$-322,$-146,$4976,$231,$29,$-7,$22,$-63,$0,$0,$137,$9,$262,$-19,$0,$0,$-30,$0,$-30,$0,$-49,$553,$0,$553,$-390,$-390,$-72,$33,$124,$290,$23,$-72
15,2014-12-31,91.29,$0.21,434.93,$15.46,5.91,$10.11,9.03,$4.60,19.85,$2.69B,$1.20B,2.24,$2.55B,$0.04B,59.38,$3.34B,$2.40B,72.05%,$3.34B,$1.44B,43.18%,$3.34B,$1.44B,43.18%,$3.34B,$1.54B,46.03%,$3.34B,$1.46B,43.81%,$3.34B,$0.99B,29.63%,$0.99B,$0.04B,248.55%,$0.99B,$-1.32B,-121.15%,$0.99B,$4.67B,21.02%,$1.44B,$2.59B,52.96%,$878,$256,$622,$0,$250,$533,$345,$-9,$336,$94,$241,$241,$236,$372,$345,$211,215,$1.14,$1.13,$1678,$0,$173,$2686,$302,$0,$1367,$146,$1983,$4669,$1200,$2547,$651,$3426,$4626,$3,$6044,$-235,$43,$4669,$1006,$96,$-58,$38,$-98,$0,$0,$-17,$-25,$1019,$-75,$0,$-240,$-251,$0,$-251,$0,$-565,$448,$0,$448,$-1123,$-1123,$-432,$42,$-1065,$-700,$80,$-432
16,2014-09-30,89.8,$2.30,39.0,$14.86,6.04,$9.67,9.28,$4.42,20.32,$3.06B,$1.04B,2.94,$2.54B,$0.48B,5.28,$3.24B,$2.34B,72.28%,$3.24B,$1.41B,43.48%,$3.24B,$1.41B,43.48%,$3.24B,$1.50B,46.29%,$3.24B,$1.43B,44.10%,$3.24B,$0.96B,29.64%,$0.96B,$0.48B,202.43%,$0.96B,$-0.87B,-154.86%,$0.96B,$4.99B,20.70%,$1.41B,$3.02B,52.42%,$816,$237,$579,$0,$207,$466,$350,$-21,$328,$110,$219,$219,$215,$373,$350,$210,214,$1.02,$1.00,$2106,$0,$197,$3062,$304,$0,$1350,$142,$1932,$4994,$1042,$2537,$560,$3472,$4513,$3,$5936,$-134,$480,$4994,$765,$69,$-60,$9,$-12,$0,$0,$-54,$-63,$710,$-57,$0,$-211,$23,$0,$23,$0,$-245,$448,$0,$448,$-697,$-697,$-188,$44,$-393,$21,$60,$-188
17,2014-06-30,83.04,$3.19,26.03,$14.23,5.84,$9.43,8.81,$4.25,19.54,$2.94B,$1.09B,2.69,$2.11B,$0.67B,3.12,$3.13B,$2.26B,72.36%,$3.13B,$1.35B,43.15%,$3.13B,$1.35B,43.15%,$3.13B,$1.44B,46.07%,$3.13B,$1.36B,43.60%,$3.13B,$0.93B,29.69%,$0.93B,$0.67B,217.46%,$0.93B,$-0.59B,-173.13%,$0.93B,$4.79B,20.98%,$1.35B,$2.78B,53.37%,$874,$222,$651,$0,$217,$462,$412,$74,$485,$161,$324,$324,$319,$434,$412,$212,216,$1.51,$1.48,$1959,$0,$177,$2944,$298,$0,$1266,$147,$1842,$4787,$1093,$2105,$559,$3019,$4113,$3,$5781,$-47,$674,$4787,$546,$45,$-61,$-16,$-46,$0,$0,$-6,$-72,$458,$-39,$0,$-81,$6,$0,$6,$0,$-113,$0,$0,$0,$-420,$-420,$-127,$45,$-501,$-142,$41,$-127
18,2014-03-31,74.88,$1.84,40.68,$13.52,5.54,$9.04,8.29,$3.77,19.86,$2.95B,$1.03B,2.87,$2.10B,$0.39B,5.33,$3.01B,$2.17B,72.14%,$3.01B,$1.29B,42.82%,$3.01B,$1.29B,42.82%,$3.01B,$1.38B,45.88%,$3.01B,$1.22B,40.39%,$3.01B,$0.84B,27.76%,$0.84B,$0.39B,224.16%,$0.84B,$-0.48B,-174.23%,$0.84B,$4.35B,20.00%,$1.29B,$2.49B,54.84%,$767,$216,$551,$0,$195,$434,$333,$-21,$312,$90,$222,$222,$218,$356,$333,$214,219,$1.02,$1.00,$2045,$0,$120,$2946,$282,$0,$869,$107,$1408,$4353,$1027,$2098,$546,$2933,$3960,$3,$5522,$-61,$393,$4353,$222,$23,$9,$33,$-43,$0,$0,$103,$-77,$177,$-19,$0,$0,$10,$0,$10,$-73,$-82,$0,$0,$0,$-196,$-196,$-65,$39,$-222,$-127,$20,$-65
19,2013-12-31,73.82,$1.63,45.4,$13.23,5.58,$9.17,8.05,$3.60,20.51,$2.97B,$1.14B,2.6,$2.10B,$0.35B,6.04,$2.97B,$2.15B,72.32%,$2.97B,$1.24B,41.54%,$2.97B,$1.24B,41.54%,$2.97B,$1.33B,44.67%,$2.97B,$1.17B,39.35%,$2.97B,$0.81B,27.08%,$0.81B,$0.35B,206.15%,$0.81B,$-0.54B,-177.61%,$0.81B,$4.40B,19.81%,$1.24B,$2.45B,55.02%,$779,$221,$558,$0,$223,$467,$312,$-10,$302,$92,$210,$210,$207,$335,$312,$219,224,$0.98,$0.94,$2106,$0,$114,$2969,$279,$0,$887,$112,$1426,$4395,$1141,$2102,$556,$2906,$4047,$3,$5302,$-55,$348,$4395,$816,$93,$-18,$75,$-67,$0,$0,$75,$36,$927,$-42,$0,$-51,$-169,$0,$-169,$0,$-262,$433,$0,$433,$-757,$-757,$-210,$34,$-499,$164,$67,$-210
20,2013-09-30,65.94,$1.36,48.6,$13.07,5.05,$8.64,7.63,$3.36,19.63,$2.78B,$0.90B,3.1,$2.10B,$0.29B,7.19,$2.95B,$2.13B,72.08%,$2.95B,$1.18B,40.13%,$2.95B,$1.18B,40.13%,$2.95B,$1.28B,43.32%,$2.95B,$1.10B,37.45%,$2.95B,$0.76B,25.71%,$0.76B,$0.29B,188.21%,$0.76B,$-0.54B,-174.15%,$0.76B,$4.16B,19.16%,$1.18B,$2.39B,55.46%,$706,$204,$502,$0,$187,$414,$292,$-28,$264,$77,$187,$187,$184,$315,$292,$218,222,$0.84,$0.83,$2045,$0,$99,$2782,$284,$0,$829,$94,$1372,$4155,$897,$2099,$626,$2965,$3863,$3,$5211,$-100,$292,$4155,$606,$70,$49,$119,$27,$0,$0,$40,$-72,$654,$-31,$0,$0,$-192,$0,$-192,$0,$-223,$433,$0,$433,$-651,$-651,$-154,$28,$-343,$80,$49,$-154
21,2013-06-30,56.91,$2.07,27.46,$12.94,4.4,$7.88,7.22,$3.34,17.04,$2.44B,$0.90B,2.72,$1.61B,$0.46B,3.51,$2.93B,$2.10B,71.78%,$2.93B,$1.16B,39.61%,$2.93B,$1.16B,39.61%,$2.93B,$1.26B,42.85%,$2.93B,$1.10B,37.67%,$2.93B,$0.76B,25.86%,$0.76B,$0.46B,184.77%,$0.76B,$-0.37B,-172.17%,$0.76B,$3.79B,19.78%,$1.16B,$2.06B,57.51%,$756,$197,$559,$0,$185,$405,$351,$-14,$337,$108,$228,$228,$226,$374,$351,$222,226,$1.01,$1.00,$1651,$0,$148,$2443,$287,$0,$822,$90,$1352,$3794,$897,$1605,$598,$2440,$3338,$3,$5082,$-150,$457,$3794,$420,$47,$17,$64,$2,$0,$0,$17,$-114,$369,$-18,$0,$0,$-1,$0,$-1,$0,$-19,$-64,$0,$-64,$-290,$-290,$-97,$25,$-426,$-122,$33,$-97
22,2013-03-31,49.65,$2.09,23.81,$12.41,4.0,$7.27,6.83,$3.10,16.02,$2.52B,$1.01B,2.49,$1.61B,$0.47B,3.46,$2.82B,$2.01B,71.20%,$2.82B,$1.09B,38.67%,$2.82B,$1.09B,38.67%,$2.82B,$1.18B,42.01%,$2.82B,$1.03B,36.65%,$2.82B,$0.71B,25.04%,$0.71B,$0.47B,218.27%,$0.71B,$-0.37B,-130.31%,$0.71B,$3.91B,19.45%,$1.09B,$2.08B,60.23%,$732,$201,$531,$0,$227,$451,$280,$-13,$267,$76,$191,$191,$188,$304,$280,$223,227,$0.84,$0.83,$1770,$0,$81,$2520,$296,$0,$837,$100,$1391,$3911,$1013,$1610,$589,$2433,$3446,$3,$4902,$-139,$465,$3911,$191,$24,$14,$38,$-25,$0,$0,$128,$-26,$203,$-9,$0,$0,$6,$0,$6,$0,$-3,$-32,$0,$-32,$-90,$-90,$-51,$16,$-156,$3,$17,$-51
23,2012-12-31,46.66,$1.78,26.26,$12.04,3.88,$6.62,7.05,$3.03,15.4,$2.53B,$1.17B,2.17,$1.61B,$0.40B,4.05,$2.73B,$1.94B,70.85%,$2.73B,$1.08B,39.47%,$2.73B,$1.08B,39.47%,$2.73B,$1.17B,42.91%,$2.73B,$1.02B,37.50%,$2.73B,$0.69B,25.30%,$0.69B,$0.40B,301.09%,$0.69B,$-0.47B,-106.06%,$0.69B,$3.96B,20.35%,$1.08B,$2.00B,67.52%,$754,$222,$533,$0,$236,$494,$260,$-24,$236,$74,$162,$162,$160,$284,$260,$223,227,$0.71,$0.72,$1773,$0,$92,$2526,$307,$0,$864,$96,$1435,$3961,$1165,$1607,$567,$2399,$3564,$3,$4713,$-82,$397,$3961,$700,$94,$84,$178,$-128,$0,$0,$21,$-54,$823,$-45,$0,$-4,$-2,$0,$-2,$0,$-50,$425,$0,$425,$-80,$-80,$-151,$9,$203,$995,$65,$-151
24,2012-09-30,40.81,$1.45,28.24,$11.18,3.65,$6.39,6.39,$2.76,14.79,$2.21B,$0.98B,2.24,$1.61B,$0.32B,5.0,$2.54B,$1.79B,70.28%,$2.54B,$0.99B,38.92%,$2.54B,$0.99B,38.92%,$2.54B,$1.08B,42.49%,$2.54B,$0.94B,37.11%,$2.54B,$0.63B,24.65%,$0.63B,$0.32B,690.91%,$0.63B,$-0.56B,-78.52%,$0.63B,$3.66B,20.07%,$0.99B,$1.93B,73.39%,$689,$207,$481,$0,$187,$419,$270,$-5,$264,$78,$187,$187,$184,$294,$270,$223,226,$0.83,$0.81,$1541,$0,$69,$2206,$316,$0,$880,$105,$1457,$3662,$983,$1612,$531,$2357,$3340,$3,$4634,$-86,$322,$3662,$538,$70,$51,$121,$-57,$0,$0,$4,$-163,$496,$-35,$0,$-4,$-7,$0,$-7,$0,$-46,$457,$0,$457,$-53,$-53,$-114,$5,$294,$759,$46,$-114
25,2012-06-30,33.63,$0.49,69.03,$10.46,3.22,$7.03,4.79,$2.52,13.35,$1.52B,$1.00B,1.53,$1.11B,$0.11B,10.26,$2.39B,$1.67B,69.87%,$2.39B,$0.92B,38.39%,$2.39B,$0.92B,38.39%,$2.39B,$1.00B,41.99%,$2.39B,$0.87B,36.25%,$2.39B,$0.57B,24.06%,$0.57B,$0.11B,-1726.32%,$0.57B,$-0.77B,-67.23%,$0.57B,$2.96B,20.22%,$0.92B,$1.22B,81.62%,$641,$181,$460,$0,$160,$362,$279,$-14,$265,$89,$176,$176,$173,$301,$279,$224,227,$0.77,$0.76,$840,$0,$110,$1519,$317,$0,$876,$100,$1445,$2964,$995,$1111,$525,$1860,$2856,$3,$4486,$-121,$108,$2964,$351,$46,$68,$114,$-41,$0,$0,$1,$-230,$236,$-22,$0,$-4,$-1,$0,$-1,$0,$-26,$-8,$0,$-8,$-65,$-65,$-76,$6,$-143,$64,$30,$-76
26,2012-03-31,38.57,$0.41,95.02,$10.25,3.76,$7.86,4.91,$2.58,14.95,$1.53B,$1.01B,1.51,$1.14B,$0.09B,12.47,$2.35B,$1.64B,69.87%,$2.35B,$0.91B,38.60%,$2.35B,$0.91B,38.60%,$2.35B,$0.99B,42.26%,$2.35B,$0.86B,36.77%,$2.35B,$0.59B,25.11%,$0.59B,$0.09B,-914.73%,$0.59B,$-0.81B,-71.49%,$0.59B,$2.99B,21.19%,$0.91B,$1.23B,80.96%,$647,$186,$461,$0,$169,$378,$269,$-10,$259,$83,$176,$176,$174,$293,$269,$223,227,$0.78,$0.76,$828,$0,$68,$1527,$325,$0,$906,$90,$1468,$2994,$1012,$1137,$528,$1892,$2903,$3,$4350,$-79,$91,$2994,$176,$24,$55,$78,$-96,$0,$0,$93,$-192,$62,$-15,$0,$0,$2,$0,$2,$0,$-14,$-4,$0,$-4,$28,$28,$-39,$9,$-7,$55,$15,$-39
27,2011-12-31,30.73,$-0.71,-43.15,$9.90,3.1,$8.44,3.64,$2.49,12.34,$1.42B,$1.13B,1.26,$1.17B,$-0.16B,-7.4,$2.28B,$1.60B,70.04%,$2.28B,$0.89B,38.95%,$2.28B,$0.89B,38.95%,$2.28B,$0.97B,42.46%,$2.28B,$0.84B,36.84%,$2.28B,$0.57B,25.09%,$0.57B,$-0.16B,-400.00%,$0.57B,$-1.06B,-68.48%,$0.57B,$2.88B,21.45%,$0.89B,$1.01B,83.58%,$567,$181,$386,$0,$193,$395,$172,$-17,$156,$58,$98,$98,$96,$193,$172,$226,229,$0.43,$0.43,$775,$0,$78,$1424,$327,$0,$897,$82,$1452,$2876,$1134,$1173,$520,$1901,$3035,$3,$4176,$-108,$-158,$2876,$578,$79,$53,$132,$17,$0,$0,$48,$93,$803,$-68,$0,$-198,$-2,$0,$-2,$0,$-268,$-11,$0,$-11,$-287,$-287,$-126,$7,$-418,$100,$57,$-126
28,2011-09-30,27.66,$-0.78,-35.26,$9.81,2.82,$7.66,3.61,$2.64,10.48,$1.36B,$0.84B,1.63,$1.20B,$-0.17B,-6.89,$2.28B,$1.59B,70.00%,$2.28B,$0.91B,40.10%,$2.28B,$0.91B,40.10%,$2.28B,$0.99B,43.43%,$2.28B,$0.86B,37.64%,$2.28B,$0.61B,26.92%,$0.61B,$-0.17B,-344.38%,$0.61B,$-0.78B,-76.17%,$0.61B,$2.52B,23.74%,$0.91B,$1.03B,87.66%,$531,$171,$360,$0,$145,$335,$196,$-11,$185,$53,$132,$132,$131,$215,$196,$226,229,$0.58,$0.57,$868,$0,$50,$1360,$324,$0,$604,$61,$1161,$2521,$835,$1201,$532,$1861,$2696,$3,$4147,$-71,$-174,$2521,$480,$59,$44,$102,$98,$0,$0,$58,$84,$666,$-54,$0,$-10,$-2,$0,$-2,$0,$-65,$-8,$0,$-8,$-296,$-296,$-95,$6,$-392,$195,$43,$-95
29,2011-06-30,34.68,$-0.07,-477.73,$9.67,3.59,$6.77,5.13,$2.65,13.09,$1.54B,$0.85B,1.81,$1.23B,$-0.02B,-73.98,$2.26B,$1.59B,70.56%,$2.26B,$0.91B,40.11%,$2.26B,$0.91B,40.11%,$2.26B,$0.98B,43.43%,$2.26B,$0.85B,37.76%,$2.26B,$0.62B,27.36%,$0.62B,$-0.02B,-295.69%,$0.62B,$-0.65B,-77.57%,$0.62B,$2.75B,24.34%,$0.91B,$1.21B,88.89%,$605,$171,$435,$0,$143,$335,$270,$-6,$264,$74,$191,$191,$189,$292,$270,$228,232,$0.83,$0.82,$950,$0,$57,$1543,$325,$0,$637,$58,$1202,$2745,$852,$1228,$550,$1909,$2761,$3,$4049,$2,$-17,$2745,$348,$40,$24,$63,$11,$0,$0,$95,$35,$446,$-36,$0,$-7,$2,$0,$2,$0,$-40,$-4,$0,$-4,$-93,$-93,$-63,$6,$-153,$279,$30,$-63
30,2011-03-31,30.56,$-0.98,-31.18,$9.08,3.37,$6.13,4.99,$2.34,13.06,$1.34B,$0.84B,1.59,$1.22B,$-0.22B,-5.47,$2.13B,$1.50B,70.50%,$2.13B,$0.83B,38.79%,$2.13B,$0.83B,38.79%,$2.13B,$0.90B,41.98%,$2.13B,$0.77B,35.98%,$2.13B,$0.55B,25.80%,$0.55B,$-0.22B,-167.81%,$0.55B,$-0.85B,-63.53%,$0.55B,$2.52B,23.48%,$0.83B,$1.00B,106.13%,$577,$161,$416,$0,$149,$327,$250,$-15,$235,$78,$157,$157,$156,$268,$250,$229,231,$0.68,$0.67,$726,$0,$68,$1340,$325,$0,$631,$53,$1185,$2524,$841,$1221,$555,$1907,$2748,$3,$3892,$-9,$-223,$2524,$157,$18,$13,$31,$-2,$0,$0,$111,$13,$201,$-20,$0,$0,$6,$0,$6,$0,$-13,$-2,$0,$-2,$-116,$-116,$-30,$3,$-145,$60,$16,$-30
31,2010-12-31,23.83,$-1.29,-18.43,$8.58,2.78,$5.96,3.99,$2.14,11.13,$1.34B,$0.93B,1.44,$1.23B,$-0.30B,-4.12,$2.03B,$1.43B,70.28%,$2.03B,$0.77B,38.09%,$2.03B,$0.77B,38.09%,$2.03B,$0.84B,41.34%,$2.03B,$0.72B,35.19%,$2.03B,$0.51B,24.95%,$0.51B,$-0.30B,-125.03%,$0.51B,$-0.93B,-56.49%,$0.51B,$2.54B,22.92%,$0.77B,$0.93B,132.93%,$564,$181,$383,$0,$170,$368,$197,$-24,$173,$34,$139,$139,$137,$214,$197,$235,237,$0.59,$0.59,$672,$0,$128,$1343,$319,$0,$634,$56,$1197,$2540,$934,$1228,$543,$1905,$2839,$3,$3736,$-33,$-298,$2540,$513,$66,$34,$100,$-54,$0,$0,$-20,$40,$653,$-79,$0,$-149,$-1,$0,$-1,$0,$-229,$492,$-444,$48,$-189,$-189,$-103,$3,$-241,$186,$57,$-103
32,2010-09-30,22.34,$-1.27,-17.58,$8.23,2.71,$5.86,3.81,$1.99,11.23,$1.30B,$0.79B,1.64,$1.24B,$-0.30B,-4.15,$1.95B,$1.38B,70.83%,$1.95B,$0.76B,38.69%,$1.95B,$0.76B,38.69%,$1.95B,$0.82B,42.07%,$1.95B,$0.71B,36.28%,$1.95B,$0.47B,24.16%,$0.47B,$-0.30B,-98.33%,$0.47B,$-0.75B,-50.93%,$0.47B,$2.35B,22.71%,$0.76B,$0.94B,195.22%,$513,$154,$360,$0,$152,$324,$189,$-8,$181,$44,$137,$137,$136,$207,$189,$234,236,$0.58,$0.58,$805,$0,$39,$1301,$308,$0,$449,$63,$1047,$2348,$793,$1236,$505,$1853,$2646,$3,$3650,$-25,$-298,$2348,$375,$49,$31,$80,$31,$0,$0,$-57,$21,$475,$-55,$0,$0,$-0,$0,$-0,$0,$-55,$494,$-429,$65,$-94,$-94,$-79,$2,$-105,$320,$41,$-79
33,2010-06-30,17.73,$-2.10,-8.44,$7.95,2.23,$5.73,3.1,$1.83,9.69,$0.96B,$1.09B,0.88,$0.74B,$-0.49B,-1.51,$1.89B,$1.34B,70.84%,$1.89B,$0.74B,39.09%,$1.89B,$0.74B,39.09%,$1.89B,$0.80B,42.47%,$1.89B,$0.69B,36.50%,$1.89B,$0.44B,23.09%,$0.44B,$-0.49B,-77.00%,$0.44B,$-0.93B,-43.02%,$0.44B,$1.96B,22.30%,$0.74B,$0.25B,415.73%,$478,$134,$344,$0,$138,$287,$191,$-13,$178,$55,$123,$123,$121,$206,$191,$235,237,$0.51,$0.51,$494,$0,$35,$960,$298,$0,$438,$53,$998,$1958,$1094,$743,$492,$1355,$2450,$3,$3539,$-83,$-492,$1958,$237,$31,$20,$51,$46,$0,$0,$18,$16,$304,$-35,$0,$0,$2,$0,$2,$0,$-33,$-1,$-87,$-88,$-86,$-86,$-54,$3,$-224,$12,$28,$-54
34,2010-03-31,26.35,$-2.25,-11.69,$7.83,3.37,$5.81,4.54,$1.78,14.8,$1.01B,$1.15B,0.88,$0.74B,$-0.53B,-1.39,$1.87B,$1.32B,70.74%,$1.87B,$0.74B,39.44%,$1.87B,$0.74B,39.44%,$1.87B,$0.80B,42.93%,$1.87B,$0.69B,36.87%,$1.87B,$0.43B,22.78%,$0.43B,$-0.53B,-67.25%,$0.43B,$-0.98B,-39.22%,$0.43B,$2.00B,21.92%,$0.74B,$0.21B,637.23%,$477,$136,$341,$0,$129,$280,$197,$-14,$183,$68,$115,$115,$113,$213,$197,$237,239,$0.48,$0.47,$504,$0,$39,$1008,$293,$0,$447,$52,$995,$2003,$1147,$744,$493,$1390,$2537,$3,$3443,$-86,$-534,$2003,$115,$16,$9,$24,$14,$0,$0,$48,$25,$164,$-16,$0,$0,$3,$0,$3,$0,$-14,$-0,$-72,$-72,$-17,$-17,$-26,$3,$-112,$23,$15,$-26
35,2009-12-31,23.64,$-2.52,-9.39,$7.56,3.13,$5.96,3.97,$1.69,13.99,$1.01B,$1.24B,0.82,$0.75B,$-0.60B,-1.25,$1.80B,$1.27B,70.41%,$1.80B,$0.69B,38.26%,$1.80B,$0.69B,38.26%,$1.80B,$0.75B,41.88%,$1.80B,$0.65B,35.98%,$1.80B,$0.40B,22.36%,$0.40B,$-0.60B,-55.20%,$0.40B,$-1.05B,-34.12%,$0.40B,$2.00B,21.29%,$0.69B,$0.15B,3315.66%,$486,$147,$339,$0,$145,$307,$179,$-12,$167,$64,$103,$103,$102,$196,$179,$236,238,$0.43,$0.43,$484,$0,$52,$1013,$293,$0,$454,$51,$990,$2003,$1236,$746,$482,$1363,$2599,$3,$3329,$-41,$-596,$2003,$407,$64,$72,$136,$-15,$0,$0,$87,$101,$644,$-91,$0,$-1,$-2,$0,$-2,$0,$-94,$-1,$-274,$-275,$20,$20,$-98,$5,$-349,$228,$57,$-98
36,2009-09-30,17.97,$-2.74,-6.56,$7.16,2.51,$5.49,3.27,$1.63,11.03,$0.90B,$1.20B,0.75,$0.75B,$-0.65B,-1.16,$1.72B,$1.20B,70.10%,$1.72B,$0.63B,36.95%,$1.72B,$0.63B,36.95%,$1.72B,$0.71B,41.61%,$1.72B,$0.61B,35.26%,$1.72B,$0.39B,22.67%,$0.39B,$-0.65B,-47.11%,$0.39B,$-1.10B,-30.50%,$0.39B,$1.87B,21.25%,$0.63B,$0.10B,-836.96%,$452,$135,$317,$0,$124,$279,$173,$-10,$163,$61,$102,$102,$101,$189,$173,$236,238,$0.43,$0.42,$430,$0,$62,$897,$279,$0,$455,$50,$978,$1874,$1202,$748,$441,$1319,$2522,$3,$3276,$-19,$-648,$1874,$304,$48,$49,$97,$51,$0,$0,$25,$56,$457,$-64,$0,$-1,$1,$0,$1,$0,$-64,$-1,$-187,$-188,$15,$15,$-74,$3,$-244,$177,$44,$-74
37,2009-06-30,23.05,$-3.17,-7.27,$7.04,3.27,$5.23,4.4,$1.67,13.8,$0.90B,$1.31B,0.69,$0.75B,$-0.75B,-1.0,$1.70B,$1.20B,70.54%,$1.70B,$0.65B,38.36%,$1.70B,$0.65B,38.36%,$1.70B,$0.73B,42.96%,$1.70B,$0.63B,36.95%,$1.70B,$0.40B,23.63%,$0.40B,$-0.75B,-45.20%,$0.40B,$-1.20B,-31.09%,$0.40B,$1.87B,22.46%,$0.65B,$0.00B,-475.18%,$451,$128,$323,$0,$117,$264,$187,$-13,$175,$64,$111,$111,$109,$203,$187,$236,238,$0.46,$0.46,$398,$0,$64,$901,$268,$0,$451,$48,$973,$1874,$1305,$750,$444,$1318,$2623,$3,$3199,$-30,$-750,$1874,$202,$31,$37,$68,$16,$0,$0,$46,$54,$325,$-35,$0,$-1,$2,$0,$2,$0,$-34,$-1,$-137,$-138,$12,$12,$-50,$3,$-173,$147,$31,$-50
38,2009-03-31,19.99,$-3.90,-5.12,$7.11,2.81,$4.84,4.13,$1.76,11.36,$0.86B,$1.34B,0.64,$0.75B,$-0.92B,-0.82,$1.73B,$1.24B,71.40%,$1.73B,$0.70B,40.25%,$1.73B,$0.70B,40.25%,$1.73B,$0.78B,44.81%,$1.73B,$0.68B,38.99%,$1.73B,$0.43B,24.63%,$0.43B,$-0.92B,-47.17%,$0.43B,$-1.36B,-33.82%,$0.43B,$1.80B,24.64%,$0.70B,$-0.17B,-449.60%,$409,$122,$287,$0,$110,$260,$149,$-7,$142,$51,$91,$91,$90,$165,$149,$235,237,$0.38,$0.38,$349,$0,$72,$856,$248,$0,$441,$44,$946,$1802,$1339,$750,$506,$1383,$2721,$3,$3114,$-83,$-919,$1802,$91,$16,$23,$38,$16,$0,$0,$69,$66,$195,$-12,$0,$-1,$-0,$0,$-0,$0,$-14,$-0,$-57,$-58,$1,$1,$-26,$0,$-82,$96,$15,$-26
39,2008-12-31,17.44,$-4.19,-4.16,$7.10,2.46,$4.73,3.69,$1.86,9.38,$0.81B,$1.39B,0.58,$0.75B,$-0.99B,-0.76,$1.76B,$1.26B,71.87%,$1.76B,$0.75B,42.60%,$1.76B,$0.75B,42.60%,$1.76B,$0.82B,46.92%,$1.76B,$0.73B,41.63%,$1.76B,$0.46B,26.08%,$0.46B,$-0.99B,-50.82%,$0.46B,$-1.44B,-37.63%,$0.46B,$1.77B,27.27%,$0.75B,$-0.24B,-396.29%,$404,$127,$276,$0,$120,$278,$125,$-1,$125,$36,$89,$89,$89,$157,$125,$242,245,$0.38,$0.39,$253,$0,$108,$809,$248,$0,$452,$45,$964,$1773,$1393,$750,$483,$1366,$2760,$3,$3023,$-52,$-986,$1773,$462,$75,$1,$76,$26,$0,$0,$64,$2,$540,$-84,$0,$-241,$6,$0,$6,$1,$-319,$148,$166,$315,$-569,$-569,$-102,$7,$-350,$-180,$63,$-102
40,2008-09-30,29.36,$-3.73,-7.88,$7.31,4.02,$5.84,5.03,$1.98,14.83,$0.92B,$1.25B,0.74,$0.75B,$-0.89B,-0.84,$1.86B,$1.49B,80.29%,$1.86B,$0.84B,44.96%,$1.86B,$0.84B,44.96%,$1.86B,$0.89B,47.98%,$1.86B,$0.80B,43.30%,$1.86B,$0.50B,26.71%,$0.50B,$-0.89B,-58.30%,$0.50B,$-1.16B,-44.58%,$0.50B,$1.69B,29.79%,$0.84B,$-0.14B,-475.11%,$433,$123,$311,$0,$108,$244,$190,$-5,$185,$71,$114,$114,$113,$204,$190,$241,245,$0.47,$0.46,$446,$0,$94,$918,$242,$0,$267,$82,$777,$1694,$1249,$750,$469,$1339,$2588,$3,$2982,$-12,$-894,$1694,$373,$44,$7,$51,$89,$0,$0,$-13,$-18,$405,$-65,$0,$-39,$4,$0,$4,$1,$-100,$149,$97,$246,$-451,$-451,$-78,$7,$-276,$12,$46,$-78
41,2008-06-30,29.66,$-3.37,-8.79,$7.50,3.96,$6.78,4.38,$2.03,14.61,$0.91B,$1.16B,0.79,$0.75B,$-0.82B,-0.91,$1.95B,$1.71B,87.48%,$1.95B,$0.90B,45.97%,$1.95B,$0.90B,45.97%,$1.95B,$0.95B,48.69%,$1.95B,$0.86B,44.18%,$1.95B,$0.52B,26.68%,$0.52B,$-0.82B,-66.69%,$0.52B,$-1.09B,-50.25%,$0.52B,$1.66B,31.91%,$0.90B,$-0.07B,-629.88%,$488,$123,$364,$0,$114,$254,$234,$-10,$224,$86,$138,$138,$135,$251,$234,$245,248,$0.55,$0.54,$393,$0,$71,$913,$236,$0,$271,$82,$752,$1664,$1161,$750,$452,$1326,$2486,$3,$2893,$27,$-822,$1664,$259,$29,$-2,$28,$32,$0,$0,$48,$-38,$249,$-44,$0,$-39,$1,$0,$1,$1,$-81,$149,$-25,$124,$-311,$-311,$-51,$5,$-234,$-46,$29,$-51
42,2008-03-31,29.93,$-3.69,-8.11,$7.87,3.8,$7.34,4.08,$2.43,12.32,$0.85B,$1.32B,0.65,$0.60B,$-0.90B,-0.66,$2.11B,$1.99B,94.30%,$2.11B,$1.03B,48.69%,$2.11B,$1.03B,48.69%,$2.11B,$1.07B,50.83%,$2.11B,$1.02B,48.36%,$2.11B,$0.65B,30.71%,$0.65B,$-0.90B,-100.98%,$0.65B,$-1.18B,-72.84%,$0.65B,$1.59B,40.39%,$1.03B,$-0.30B,-886.39%,$431,$120,$311,$0,$100,$231,$199,$-3,$197,$76,$121,$121,$121,$212,$199,$247,251,$0.49,$0.48,$350,$0,$69,$853,$230,$0,$274,$84,$734,$1587,$1318,$600,$447,$1172,$2490,$3,$2782,$28,$-903,$1587,$121,$13,$-2,$10,$42,$0,$0,$81,$54,$185,$-19,$0,$-39,$4,$0,$4,$1,$-53,$-1,$46,$46,$-261,$-261,$-25,$2,$-238,$-87,$11,$-25
43,2007-12-31,30.6,$-3.12,-9.82,$8.20,3.73,$7.22,4.24,$2.57,11.91,$0.99B,$1.35B,0.73,$0.60B,$-0.78B,-0.77,$2.26B,$2.26B,100.00%,$2.26B,$1.13B,50.11%,$2.26B,$1.13B,50.11%,$2.26B,$1.17B,51.97%,$2.26B,$1.12B,49.71%,$2.26B,$0.70B,31.03%,$0.70B,$-0.78B,-162.08%,$0.70B,$-1.02B,-104.32%,$0.70B,$1.72B,44.58%,$1.13B,$-0.18B,6468.57%,$505,$0,$505,$0,$-353,$293,$212,$-15,$198,$65,$133,$133,$127,$224,$212,$266,272,$0.51,$0.50,$441,$0,$91,$989,$215,$0,$237,$108,$726,$1715,$1349,$600,$428,$1149,$2498,$3,$2661,$16,$-784,$1715,$707,$43,$-51,$-8,$37,$0,$0,$199,$289,$988,$-182,$0,$-4,$62,$0,$62,$0,$-125,$298,$547,$845,$-1673,$-1673,$-89,$51,$-866,$18,$90,$-89
44,2007-09-30,43.11,$-2.36,-18.28,$8.37,5.15,$7.29,5.92,$3.05,14.14,$0.87B,$1.09B,0.8,$0.60B,$-0.61B,-0.98,$2.34B,$2.34B,100.00%,$2.34B,$1.38B,59.00%,$2.34B,$1.38B,59.00%,$2.34B,$1.42B,60.75%,$2.34B,$1.39B,59.22%,$2.34B,$0.85B,36.39%,$0.85B,$-0.61B,-438.00%,$0.85B,$-0.85B,-195.87%,$0.85B,$1.55B,56.18%,$1.38B,$-0.01B,767.27%,$525,$0,$525,$0,$263,$275,$251,$-9,$242,$105,$137,$137,$137,$262,$251,$262,268,$0.52,$0.51,$426,$0,$52,$871,$218,$0,$239,$223,$681,$1552,$1086,$600,$355,$1075,$2161,$3,$2580,$1,$-610,$1552,$574,$31,$-28,$3,$87,$0,$0,$90,$193,$770,$-146,$0,$-4,$71,$0,$71,$0,$-79,$298,$400,$698,$-1374,$-1374,$-65,$47,$-693,$13,$71,$-65
45,2007-06-30,53.12,$-1.00,-53.33,$8.13,6.53,$6.86,7.74,$3.09,17.19,$0.92B,$1.09B,0.84,$0.30B,$-0.27B,-1.13,$2.32B,$2.32B,100.00%,$2.32B,$1.40B,60.52%,$2.32B,$1.40B,60.52%,$2.32B,$1.44B,62.25%,$2.32B,$1.41B,60.99%,$2.32B,$0.87B,37.71%,$0.87B,$-0.27B,-2686.15%,$0.87B,$-0.51B,-325.75%,$0.87B,$1.55B,61.52%,$1.40B,$0.03B,523.74%,$646,$0,$646,$0,$273,$282,$364,$18,$382,$120,$262,$262,$262,$373,$364,$270,276,$0.97,$0.95,$375,$0,$59,$918,$163,$0,$241,$231,$635,$1553,$1091,$300,$314,$729,$1819,$3,$2464,$-4,$-266,$1553,$437,$19,$-47,$-28,$-7,$0,$0,$100,$67,$477,$-93,$0,$-5,$62,$0,$62,$0,$-36,$-1,$410,$409,$-901,$-901,$-44,$43,$-493,$-47,$48,$-44
46,2007-03-31,52.94,$-0.26,-206.79,$7.53,7.03,$6.53,8.11,$2.73,19.39,$0.88B,$0.77B,1.14,$0.30B,$-0.07B,-4.28,$2.18B,$2.18B,100.00%,$2.18B,$1.33B,60.83%,$2.18B,$1.33B,60.83%,$2.18B,$1.37B,62.66%,$2.18B,$1.32B,60.55%,$2.18B,$0.78B,35.92%,$0.78B,$-0.07B,1994.90%,$0.78B,$-0.31B,-409.41%,$0.78B,$1.47B,59.61%,$1.33B,$0.23B,390.86%,$583,$0,$583,$0,$268,$278,$305,$-3,$301,$126,$175,$175,$175,$315,$305,$278,285,$0.63,$0.62,$300,$0,$80,$879,$118,$0,$242,$231,$591,$1470,$773,$300,$359,$767,$1540,$3,$2223,$-8,$-70,$1470,$175,$10,$-9,$2,$-24,$0,$0,$69,$8,$185,$-33,$0,$-3,$65,$0,$65,$0,$28,$-0,$80,$80,$-421,$-421,$-22,$30,$-334,$-119,$21,$-22
47,2006-12-31,58.84,$0.60,97.93,$6.95,8.46,$6.44,9.14,$2.60,22.63,$1.00B,$0.70B,1.43,$0.30B,$0.17B,1.79,$2.04B,$2.04B,100.00%,$2.04B,$1.26B,61.81%,$2.04B,$1.26B,61.81%,$2.04B,$1.30B,63.77%,$2.04B,$1.26B,61.90%,$2.04B,$0.75B,37.02%,$0.75B,$0.17B,495.24%,$0.75B,$-0.07B,-1025.85%,$0.75B,$1.50B,57.06%,$1.26B,$0.47B,278.39%,$590,$0,$590,$0,$-263,$127,$463,$0,$463,$185,$279,$279,$279,$474,$463,$284,292,$0.99,$0.95,$484,$0,$43,$1002,$62,$0,$242,$192,$496,$1498,$700,$300,$228,$630,$1330,$3,$2091,$-8,$167,$1498,$754,$40,$-214,$-174,$-42,$0,$0,$73,$172,$753,$133,$0,$-39,$23,$0,$23,$0,$116,$-1,$0,$-1,$-988,$-988,$-80,$103,$-965,$-78,$77,$-80
