,Date,Stock Price,Book Value per Share,Price to Book Ratio,TTM Sales per Share,Price to Sales Ratio,TTM FCF per Share,Price to FCF Ratio,TTM Net EPS,PE Ratio,Current Assets,Current Liabilities,Current Ratio,Long Term Debt,Shareholder's Equity_x,Debt to Equity Ratio,TTM Revenue_x,TTM Gross Profit,Gross Margin,TTM Revenue_y,TTM Operating Income,Operating Margin,TTM Revenue_x,TTM EBIT,EBIT Margin,TTM Revenue_y,TTM EBITDA,EBITDA Margin,TTM Revenue_x,TTM Pre-Tax Income,Pre-Tax Margin,TTM Revenue_y,TTM Net Income_x,Net Margin,TTM Net Income_y,Shareholder's Equity_y,Return on Equity,TTM Net Income_x,Tangible Equity,Return on Tangible Equity,TTM Net Income_y,Total Assets,Return on Assets,TTM Net Income,LT Investments & Debt,Return on Investment,revenue,cost-goods-sold,gross-profit,research-development-expenses,selling-general-administrative-expenses,operating-expenses,operating-income,total-non-operating-income-expense,pre-tax-income,total-provision-income-taxes,income-after-taxes,income-from-continuous-operations,net-income,ebitda,ebit,basic-shares-outstanding,shares-outstanding,eps-basic-net-earnings-per-share,eps-earnings-per-share-diluted,cash-on-hand,inventory,other-current-assets,total-current-assets,net-property-plant-equipment,long-term-investments,goodwill-intangible-assets-total,other-long-term-assets,total-long-term-assets,total-assets,total-current-liabilities,long-term-debt,other-non-current-liabilities,total-long-term-liabilities,total-liabilities,common-stock-net,retained-earnings-accumulated-deficit,comprehensive-income,total-share-holder-equity,total-liabilities-share-holders-equity,net-income-loss,total-depreciation-amortization-cash-flow,other-non-cash-items,total-non-cash-items,change-in-accounts-receivable,change-in-inventories,change-in-accounts-payable,change-in-assets-liabilities,total-change-in-assets-liabilities,cash-flow-from-operating-activities,net-change-in-property-plant-equipment,net-change-in-intangible-assets,net-acquisitions-divestitures,net-change-in-short-term-investments,net-change-in-long-term-investments,net-change-in-investments-total,investing-activities-other,cash-flow-from-investing-activities,net-long-term-debt,net-current-debt,debt-issuance-retirement-net-total,net-common-equity-issued-repurchased,net-total-equity-issued-repurchased,total-common-preferred-stock-dividends-paid,financial-activities-other,cash-flow-from-financial-activities,net-cash-flow,stock-based-compensation,common-stock-dividends-paid
0,2018-09-30,45.45,$16.35,2.78,$12.74,3.57,$-4.76,0.0,$1.67,27.22,$0.05B,$0.06B,0.78,$0.07B,$0.29B,0.24,$0.24B,$0.12B,50.85%,$0.24B,$0.04B,17.80%,$0.24B,$0.04B,17.80%,$0.24B,$0.06B,24.15%,$0.24B,$0.04B,17.37%,$0.24B,$0.03B,13.14%,$0.03B,$0.29B,11.18%,$0.03B,$0.27B,12.46%,$0.03B,$0.43B,8.41%,$0.04B,$0.36B,13.24%,$64,$30,$34,$0,$17,$50,$14,$-0,$14,$3,$11,$11,$11,$18,$14,$18,19,$0.61,$0.58,$35,$3,$0,$50,$342,$0,$28,$2,$376,$426,$64,$69,$0,$69,$133,$0,$279,$0,$293,$426,$27,$11,$4,$16,$-0,$0,$1,$0,$2,$45,$-102,$0,$0,$0,$0,$0,$19,$-83,$43,$0,$43,$0,$0,$0,$0,$43,$6,$4,$0
1,2018-06-30,44.05,$15.70,2.81,$12.71,3.47,$-1.81,0.0,$1.58,27.88,$0.04B,$0.06B,0.72,$0.04B,$0.28B,0.13,$0.24B,$0.12B,50.64%,$0.24B,$0.04B,17.45%,$0.24B,$0.04B,17.45%,$0.24B,$0.06B,23.83%,$0.24B,$0.04B,17.02%,$0.24B,$0.03B,12.34%,$0.03B,$0.28B,10.78%,$0.03B,$0.25B,12.07%,$0.03B,$0.37B,8.47%,$0.04B,$0.32B,13.75%,$60,$29,$31,$0,$16,$49,$11,$-0,$11,$2,$9,$9,$9,$15,$11,$18,19,$0.52,$0.50,$27,$3,$0,$40,$299,$0,$28,$3,$333,$373,$56,$37,$0,$37,$93,$0,$269,$0,$281,$373,$16,$8,$3,$11,$2,$0,$-1,$0,$2,$28,$-55,$0,$0,$0,$0,$0,$14,$-41,$11,$0,$11,$0,$0,$0,$0,$11,$-2,$3,$0
2,2018-03-31,42.29,$15.15,2.79,$12.68,3.33,$-0.51,0.0,$1.48,28.57,$0.04B,$0.05B,0.9,$0.03B,$0.27B,0.1,$0.23B,$0.12B,50.64%,$0.23B,$0.04B,18.03%,$0.23B,$0.04B,18.03%,$0.23B,$0.06B,24.03%,$0.23B,$0.04B,17.17%,$0.23B,$0.03B,11.59%,$0.03B,$0.27B,10.35%,$0.03B,$0.24B,11.64%,$0.03B,$0.34B,8.29%,$0.04B,$0.30B,14.62%,$56,$29,$27,$0,$15,$48,$9,$-0,$8,$2,$7,$7,$7,$12,$9,$18,19,$0.38,$0.36,$29,$3,$0,$43,$266,$0,$29,$3,$300,$343,$48,$26,$0,$26,$74,$0,$259,$0,$269,$343,$7,$4,$1,$5,$1,$0,$1,$0,$1,$13,$-18,$0,$0,$0,$0,$0,$5,$-13,$0,$0,$0,$0,$0,$0,$0,$0,$0,$1,$0
3,2017-12-31,44.82,$15.01,2.99,$12.64,3.55,$-0.34,0.0,$1.39,32.24,$0.05B,$0.04B,1.17,$0.03B,$0.27B,0.1,$0.23B,$0.12B,50.87%,$0.23B,$0.04B,17.83%,$0.23B,$0.04B,17.83%,$0.23B,$0.06B,24.35%,$0.23B,$0.04B,16.96%,$0.23B,$0.03B,10.87%,$0.03B,$0.27B,9.86%,$0.03B,$0.24B,11.15%,$0.03B,$0.33B,7.94%,$0.04B,$0.29B,14.66%,$56,$28,$28,$0,$17,$48,$8,$-0,$8,$3,$4,$4,$4,$12,$8,$18,18,$0.25,$0.23,$29,$3,$0,$46,$251,$0,$29,$3,$286,$332,$39,$26,$0,$26,$66,$0,$258,$0,$266,$332,$26,$16,$11,$27,$-2,$-0,$-0,$-0,$-3,$49,$-50,$0,$0,$0,$0,$0,$3,$-47,$0,$0,$0,$0,$0,$0,$0,$0,$3,$7,$0
4,2017-09-30,39.53,$14.72,2.68,$12.74,3.1,$0.69,57.7,$1.52,26.01,$0.04B,$0.04B,1.17,$0.03B,$0.26B,0.1,$0.23B,$0.12B,51.74%,$0.23B,$0.04B,18.70%,$0.23B,$0.04B,18.70%,$0.23B,$0.06B,25.22%,$0.23B,$0.04B,17.83%,$0.23B,$0.03B,11.74%,$0.03B,$0.26B,11.00%,$0.03B,$0.23B,12.50%,$0.03B,$0.32B,8.84%,$0.04B,$0.29B,15.84%,$63,$30,$33,$0,$16,$50,$13,$-0,$13,$4,$9,$9,$9,$17,$13,$18,18,$0.51,$0.49,$27,$3,$0,$42,$241,$0,$29,$3,$280,$322,$36,$26,$0,$26,$62,$0,$253,$0,$260,$322,$21,$12,$5,$17,$-2,$-0,$-0,$-0,$-4,$35,$-36,$0,$0,$0,$0,$0,$2,$-34,$0,$0,$0,$0,$0,$0,$0,$0,$0,$5,$0
5,2017-06-30,30.25,$14.13,2.14,$12.53,2.41,$1.32,22.98,$1.48,20.44,$0.04B,$0.03B,1.2,$0.03B,$0.25B,0.11,$0.22B,$0.12B,51.79%,$0.22B,$0.04B,18.75%,$0.22B,$0.04B,18.75%,$0.22B,$0.06B,25.45%,$0.22B,$0.04B,17.86%,$0.22B,$0.03B,11.61%,$0.03B,$0.25B,10.98%,$0.03B,$0.22B,12.56%,$0.03B,$0.31B,8.78%,$0.04B,$0.27B,15.92%,$58,$28,$30,$0,$15,$47,$12,$-0,$11,$4,$7,$7,$7,$15,$12,$18,18,$0.41,$0.40,$24,$3,$0,$37,$228,$0,$30,$3,$268,$305,$31,$26,$0,$26,$57,$0,$244,$0,$248,$305,$12,$8,$2,$10,$1,$-0,$-1,$1,$-4,$18,$-20,$0,$0,$0,$0,$0,$-0,$-20,$0,$0,$0,$0,$0,$0,$0,$0,$-2,$2,$0
6,2017-03-31,29.54,$13.69,2.16,$12.44,2.37,$1.56,18.92,$1.40,21.1,$0.04B,$0.03B,1.06,$0.03B,$0.24B,0.11,$0.22B,$0.11B,51.58%,$0.22B,$0.04B,17.65%,$0.22B,$0.04B,17.65%,$0.22B,$0.06B,24.89%,$0.22B,$0.04B,17.19%,$0.22B,$0.03B,11.31%,$0.03B,$0.24B,10.93%,$0.03B,$0.21B,12.59%,$0.03B,$0.30B,8.61%,$0.04B,$0.27B,15.12%,$53,$27,$26,$0,$15,$46,$8,$-0,$7,$3,$5,$5,$5,$12,$8,$17,18,$0.28,$0.27,$25,$3,$0,$36,$224,$0,$30,$3,$264,$300,$34,$26,$0,$26,$60,$0,$237,$0,$240,$300,$5,$4,$1,$5,$1,$0,$-1,$0,$0,$10,$-12,$0,$0,$0,$0,$0,$0,$-12,$0,$0,$0,$0,$0,$0,$0,$0,$-2,$1,$0
7,2016-12-31,25.78,$13.39,1.93,$12.31,2.09,$1.77,14.54,$1.39,18.55,$0.04B,$0.04B,1.12,$0.03B,$0.23B,0.11,$0.22B,$0.11B,51.38%,$0.22B,$0.04B,17.43%,$0.22B,$0.04B,17.43%,$0.22B,$0.05B,24.77%,$0.22B,$0.04B,17.43%,$0.22B,$0.03B,11.47%,$0.03B,$0.23B,11.31%,$0.03B,$0.20B,13.12%,$0.03B,$0.30B,8.79%,$0.04B,$0.26B,15.59%,$56,$26,$30,$0,$16,$45,$10,$-0,$10,$3,$6,$6,$6,$14,$10,$17,18,$0.37,$0.36,$26,$3,$0,$39,$215,$0,$30,$3,$256,$295,$35,$26,$0,$26,$61,$0,$232,$0,$234,$295,$25,$15,$2,$18,$-1,$-0,$2,$-1,$1,$44,$-26,$0,$0,$0,$0,$0,$1,$-25,$-15,$0,$-15,$3,$3,$0,$-2,$-14,$5,$2,$0
8,2016-09-30,25.17,$12.96,1.94,$12.13,2.07,$0.81,31.08,$1.32,19.07,$0.03B,$0.03B,1.06,$0.03B,$0.23B,0.13,$0.21B,$0.11B,50.70%,$0.21B,$0.04B,16.90%,$0.21B,$0.04B,16.90%,$0.21B,$0.05B,24.41%,$0.21B,$0.04B,16.90%,$0.21B,$0.02B,11.27%,$0.02B,$0.23B,11.24%,$0.02B,$0.20B,13.13%,$0.02B,$0.29B,8.59%,$0.04B,$0.26B,15.67%,$57,$27,$30,$0,$14,$45,$12,$-0,$12,$4,$8,$8,$8,$16,$12,$17,18,$0.45,$0.45,$19,$3,$0,$32,$212,$0,$30,$3,$253,$285,$30,$30,$0,$30,$60,$0,$226,$0,$225,$285,$18,$11,$1,$13,$-1,$0,$1,$-1,$-2,$29,$-20,$0,$0,$0,$0,$0,$-0,$-20,$-11,$0,$-11,$2,$2,$0,$-2,$-11,$-2,$1,$0
9,2016-06-30,21.97,$12.48,1.76,$12.00,1.83,$0.38,57.91,$1.24,17.72,$0.03B,$0.03B,1.05,$0.04B,$0.22B,0.16,$0.21B,$0.11B,50.48%,$0.21B,$0.03B,16.19%,$0.21B,$0.03B,16.19%,$0.21B,$0.05B,23.81%,$0.21B,$0.03B,16.19%,$0.21B,$0.02B,10.48%,$0.02B,$0.22B,10.68%,$0.02B,$0.19B,12.57%,$0.02B,$0.28B,8.01%,$0.03B,$0.25B,15.16%,$55,$27,$28,$0,$15,$46,$9,$-0,$9,$3,$6,$6,$6,$13,$9,$17,18,$0.33,$0.32,$19,$3,$0,$32,$210,$0,$31,$1,$250,$281,$30,$35,$0,$35,$65,$0,$218,$0,$216,$281,$10,$8,$1,$9,$-0,$-0,$1,$-0,$-2,$17,$-15,$0,$0,$0,$0,$0,$-0,$-15,$-6,$0,$-6,$1,$1,$0,$0,$-4,$-2,$1,$0
10,2016-03-31,19.46,$12.13,1.6,$11.79,1.65,$0.23,84.17,$1.21,16.08,$0.03B,$0.07B,0.42,$0.00B,$0.21B,0.0,$0.21B,$0.10B,50.24%,$0.21B,$0.03B,16.10%,$0.21B,$0.03B,16.10%,$0.21B,$0.05B,23.90%,$0.21B,$0.03B,16.10%,$0.21B,$0.02B,10.24%,$0.02B,$0.21B,10.54%,$0.02B,$0.18B,12.50%,$0.02B,$0.28B,7.81%,$0.03B,$0.21B,15.05%,$50,$26,$24,$0,$13,$43,$7,$-0,$7,$2,$5,$5,$5,$11,$7,$17,18,$0.27,$0.26,$18,$3,$0,$28,$209,$0,$31,$1,$248,$277,$68,$0,$0,$0,$68,$0,$212,$0,$209,$277,$5,$4,$0,$4,$0,$0,$1,$-0,$2,$11,$-9,$0,$0,$0,$0,$0,$0,$-8,$-6,$0,$-6,$0,$0,$0,$0,$-5,$-3,$0,$0
11,2015-12-31,22.72,$11.85,1.92,$11.69,1.94,$0.15,146.96,$1.19,19.09,$0.03B,$0.07B,0.45,$0.00B,$0.20B,0.0,$0.20B,$0.10B,50.50%,$0.20B,$0.03B,15.84%,$0.20B,$0.03B,15.84%,$0.20B,$0.05B,24.26%,$0.20B,$0.03B,15.84%,$0.20B,$0.02B,9.90%,$0.02B,$0.20B,10.39%,$0.02B,$0.17B,12.44%,$0.02B,$0.28B,7.62%,$0.03B,$0.20B,14.35%,$51,$25,$26,$0,$15,$43,$8,$-0,$8,$3,$5,$5,$5,$12,$8,$17,17,$0.30,$0.29,$21,$3,$0,$32,$203,$0,$31,$1,$243,$275,$71,$0,$0,$0,$71,$0,$207,$0,$204,$275,$21,$16,$1,$17,$-1,$-0,$-1,$-0,$1,$38,$-38,$0,$0,$0,$0,$0,$-0,$-38,$-5,$0,$-5,$4,$4,$0,$1,$-1,$-0,$2,$0
12,2015-09-30,17.97,$11.51,1.56,$11.40,1.58,$0.68,26.36,$1.12,16.04,$0.03B,$0.03B,1.03,$0.04B,$0.20B,0.19,$0.20B,$0.10B,49.75%,$0.20B,$0.03B,14.72%,$0.20B,$0.03B,14.72%,$0.20B,$0.05B,23.35%,$0.20B,$0.03B,14.21%,$0.20B,$0.02B,9.64%,$0.02B,$0.20B,10.23%,$0.02B,$0.16B,12.38%,$0.02B,$0.27B,7.40%,$0.03B,$0.23B,12.73%,$54,$25,$28,$0,$14,$44,$10,$-0,$10,$4,$6,$6,$6,$14,$10,$17,17,$0.38,$0.37,$19,$3,$0,$33,$196,$0,$32,$0,$232,$265,$32,$38,$0,$38,$70,$0,$202,$0,$195,$265,$16,$12,$1,$13,$-1,$0,$0,$-1,$-0,$28,$-27,$0,$0,$0,$0,$0,$2,$-25,$-8,$0,$-8,$2,$2,$0,$0,$-6,$-2,$1,$0
13,2015-06-30,20.56,$11.11,1.85,$11.17,1.84,$1.15,17.84,$0.99,20.77,$0.03B,$0.03B,1.22,$0.04B,$0.19B,0.22,$0.19B,$0.10B,49.48%,$0.19B,$0.03B,13.54%,$0.19B,$0.03B,13.54%,$0.19B,$0.04B,22.40%,$0.19B,$0.02B,12.50%,$0.19B,$0.02B,8.85%,$0.02B,$0.19B,9.43%,$0.02B,$0.16B,11.53%,$0.02B,$0.26B,6.77%,$0.03B,$0.23B,11.63%,$50,$25,$25,$0,$13,$42,$8,$-0,$8,$3,$5,$5,$5,$12,$8,$17,17,$0.30,$0.29,$20,$3,$0,$33,$188,$0,$32,$0,$225,$258,$27,$42,$0,$42,$69,$0,$196,$0,$189,$258,$9,$8,$0,$9,$-0,$0,$-1,$-0,$-3,$15,$-15,$0,$0,$0,$0,$0,$0,$-15,$-4,$0,$-4,$2,$2,$0,$0,$-2,$-2,$1,$0
14,2015-03-31,19.14,$10.78,1.78,$11.07,1.73,$1.44,13.27,$0.88,21.75,$0.03B,$0.03B,1.07,$0.04B,$0.18B,0.23,$0.19B,$0.10B,50.00%,$0.19B,$0.02B,12.11%,$0.19B,$0.02B,12.11%,$0.19B,$0.04B,21.58%,$0.19B,$0.02B,11.05%,$0.19B,$0.02B,7.89%,$0.02B,$0.18B,8.57%,$0.02B,$0.15B,10.56%,$0.02B,$0.25B,6.07%,$0.02B,$0.22B,10.45%,$47,$24,$23,$0,$13,$41,$6,$-0,$6,$2,$4,$4,$4,$11,$6,$17,17,$0.24,$0.24,$18,$3,$0,$30,$184,$0,$32,$1,$222,$252,$28,$42,$0,$42,$70,$0,$191,$0,$182,$252,$4,$4,$0,$4,$0,$-0,$-2,$-0,$-0,$8,$-8,$0,$0,$0,$0,$0,$0,$-7,$-4,$0,$-4,$0,$0,$0,$0,$-4,$-3,$0,$0
15,2014-12-31,16.59,$10.52,1.58,$10.97,1.51,$1.58,10.49,$0.83,19.99,$0.03B,$0.03B,1.18,$0.05B,$0.18B,0.26,$0.19B,$0.10B,50.26%,$0.19B,$0.02B,11.64%,$0.19B,$0.02B,11.64%,$0.19B,$0.04B,21.16%,$0.19B,$0.02B,10.58%,$0.19B,$0.01B,7.41%,$0.01B,$0.18B,8.19%,$0.01B,$0.14B,10.14%,$0.01B,$0.25B,5.72%,$0.02B,$0.22B,10.10%,$46,$24,$22,$0,$13,$41,$5,$-0,$4,$1,$4,$4,$4,$9,$5,$17,17,$0.23,$0.22,$22,$3,$0,$34,$180,$0,$32,$1,$218,$252,$29,$46,$0,$46,$75,$0,$187,$0,$177,$252,$14,$18,$1,$19,$-0,$-0,$-1,$-1,$-2,$31,$-22,$0,$0,$0,$0,$0,$2,$-20,$-8,$0,$-8,$-3,$-3,$0,$1,$-9,$2,$1,$0
16,2014-09-30,11.91,$10.28,1.16,$10.91,1.09,$2.42,4.92,$0.73,16.32,$0.03B,$0.03B,1.25,$0.04B,$0.17B,0.25,$0.19B,$0.10B,50.53%,$0.19B,$0.02B,11.17%,$0.19B,$0.02B,11.17%,$0.19B,$0.04B,20.74%,$0.19B,$0.02B,10.64%,$0.19B,$0.01B,6.38%,$0.01B,$0.17B,7.15%,$0.01B,$0.14B,8.92%,$0.01B,$0.24B,4.94%,$0.02B,$0.22B,9.70%,$49,$23,$25,$0,$13,$42,$7,$-0,$6,$2,$4,$4,$4,$11,$7,$17,17,$0.24,$0.24,$18,$3,$0,$33,$176,$0,$33,$1,$209,$243,$27,$43,$0,$43,$70,$0,$183,$0,$173,$243,$10,$14,$1,$15,$-1,$0,$-1,$-1,$-2,$23,$-13,$0,$0,$0,$0,$0,$1,$-12,$-10,$0,$-10,$-2,$-2,$0,$0,$-12,$-2,$1,$0
17,2014-06-30,15.14,$10.02,1.51,$10.91,1.39,$3.01,5.02,$0.81,18.69,$0.03B,$0.03B,1.28,$0.05B,$0.17B,0.29,$0.19B,$0.10B,51.06%,$0.19B,$0.02B,12.23%,$0.19B,$0.02B,12.23%,$0.19B,$0.04B,21.81%,$0.19B,$0.02B,12.23%,$0.19B,$0.01B,7.45%,$0.01B,$0.17B,8.50%,$0.01B,$0.14B,10.67%,$0.01B,$0.24B,5.76%,$0.02B,$0.22B,10.61%,$48,$23,$25,$0,$13,$42,$5,$-0,$5,$2,$3,$3,$3,$10,$5,$17,17,$0.18,$0.18,$17,$2,$0,$32,$176,$0,$33,$1,$210,$242,$25,$49,$0,$49,$74,$0,$179,$0,$168,$242,$6,$9,$0,$10,$-1,$0,$-1,$-0,$-2,$14,$-9,$0,$0,$0,$0,$0,$0,$-9,$-5,$0,$-5,$-2,$-2,$0,$0,$-7,$-2,$1,$0
18,2014-03-31,18.53,$9.96,1.86,$11.09,1.67,$3.56,5.2,$1.00,18.53,$0.03B,$0.03B,1.15,$0.05B,$0.17B,0.3,$0.19B,$0.10B,51.58%,$0.19B,$0.03B,14.74%,$0.19B,$0.03B,14.74%,$0.19B,$0.05B,24.21%,$0.19B,$0.03B,14.74%,$0.19B,$0.02B,8.95%,$0.02B,$0.17B,10.56%,$0.02B,$0.13B,13.36%,$0.02B,$0.24B,6.99%,$0.03B,$0.22B,12.90%,$46,$22,$23,$0,$13,$40,$5,$-0,$5,$2,$3,$3,$3,$10,$5,$17,17,$0.20,$0.19,$17,$2,$0,$32,$176,$0,$33,$1,$211,$242,$27,$49,$0,$49,$76,$0,$176,$0,$166,$242,$3,$5,$0,$5,$0,$0,$-1,$-1,$-0,$8,$-5,$0,$0,$0,$0,$0,$1,$-4,$-5,$0,$-5,$-1,$-1,$0,$0,$-6,$-2,$0,$0
19,2013-12-31,20.08,$9.94,2.02,$11.25,1.78,$3.98,5.05,$1.07,18.77,$0.03B,$0.03B,1.27,$0.05B,$0.16B,0.33,$0.19B,$0.10B,52.11%,$0.19B,$0.03B,15.79%,$0.19B,$0.03B,15.79%,$0.19B,$0.05B,25.26%,$0.19B,$0.03B,15.79%,$0.19B,$0.02B,9.47%,$0.02B,$0.16B,11.56%,$0.02B,$0.13B,14.78%,$0.02B,$0.25B,7.37%,$0.03B,$0.22B,13.79%,$45,$22,$22,$0,$14,$40,$4,$-0,$4,$2,$2,$2,$2,$8,$4,$16,17,$0.12,$0.11,$19,$3,$0,$34,$176,$0,$34,$1,$211,$245,$27,$54,$0,$54,$81,$0,$173,$0,$164,$245,$18,$17,$2,$18,$0,$-0,$1,$-0,$-0,$36,$-12,$0,$0,$0,$0,$0,$0,$-12,$-27,$0,$-27,$3,$3,$0,$0,$-23,$0,$1,$0
20,2013-09-30,18.98,$9.77,1.94,$11.08,1.71,$3.54,5.35,$1.03,18.43,$0.03B,$0.03B,1.21,$0.06B,$0.16B,0.35,$0.19B,$0.10B,51.89%,$0.19B,$0.03B,15.68%,$0.19B,$0.03B,15.68%,$0.19B,$0.05B,25.41%,$0.19B,$0.03B,15.14%,$0.19B,$0.02B,9.19%,$0.02B,$0.16B,11.33%,$0.02B,$0.13B,14.69%,$0.02B,$0.24B,6.94%,$0.03B,$0.22B,13.27%,$49,$23,$26,$0,$14,$40,$9,$-0,$9,$3,$6,$6,$6,$13,$9,$16,17,$0.34,$0.32,$18,$2,$0,$31,$175,$0,$34,$1,$212,$243,$26,$56,$0,$56,$82,$0,$171,$0,$161,$243,$16,$13,$1,$14,$0,$-0,$0,$-0,$-1,$28,$-8,$0,$0,$0,$0,$0,$0,$-8,$-25,$0,$-25,$3,$3,$0,$0,$-22,$-2,$1,$0
21,2013-06-30,16.86,$9.40,1.79,$11.07,1.52,$3.16,5.34,$0.96,17.56,$0.03B,$0.03B,1.22,$0.07B,$0.15B,0.42,$0.18B,$0.09B,51.65%,$0.18B,$0.03B,14.84%,$0.18B,$0.03B,14.84%,$0.18B,$0.05B,25.27%,$0.18B,$0.03B,13.74%,$0.18B,$0.02B,8.24%,$0.02B,$0.15B,10.38%,$0.02B,$0.12B,13.70%,$0.02B,$0.24B,6.09%,$0.03B,$0.22B,12.30%,$50,$22,$27,$0,$13,$39,$10,$-1,$10,$4,$6,$6,$6,$15,$10,$16,17,$0.38,$0.37,$18,$2,$0,$30,$176,$0,$34,$1,$212,$243,$25,$65,$0,$65,$90,$0,$165,$0,$153,$243,$10,$9,$0,$10,$0,$0,$0,$0,$-1,$19,$-5,$0,$0,$0,$0,$0,$0,$-5,$-16,$0,$-16,$1,$1,$0,$0,$-15,$-1,$1,$0
22,2013-03-31,9.73,$9.00,1.08,$10.71,0.91,$2.72,3.58,$0.70,13.9,$0.03B,$0.03B,1.11,$0.07B,$0.15B,0.49,$0.17B,$0.09B,51.15%,$0.17B,$0.02B,11.49%,$0.17B,$0.02B,11.49%,$0.17B,$0.04B,22.41%,$0.17B,$0.02B,10.34%,$0.17B,$0.01B,6.32%,$0.01B,$0.15B,7.86%,$0.01B,$0.11B,10.60%,$0.01B,$0.25B,4.44%,$0.02B,$0.22B,9.06%,$46,$22,$24,$0,$12,$38,$7,$-1,$7,$2,$4,$4,$4,$12,$7,$16,16,$0.26,$0.26,$19,$2,$0,$33,$177,$0,$35,$1,$214,$246,$29,$72,$0,$72,$101,$0,$159,$0,$145,$246,$4,$5,$0,$5,$0,$0,$0,$-1,$3,$12,$-2,$0,$0,$0,$0,$0,$0,$-2,$-9,$0,$-9,$0,$0,$0,$0,$-9,$0,$0,$0
23,2012-12-31,10.91,$8.72,1.25,$10.05,1.09,$2.34,4.67,$0.54,20.2,$0.03B,$0.03B,1.22,$0.08B,$0.14B,0.58,$0.16B,$0.08B,50.92%,$0.16B,$0.02B,9.82%,$0.16B,$0.02B,9.82%,$0.16B,$0.03B,20.25%,$0.16B,$0.01B,8.59%,$0.16B,$0.01B,5.52%,$0.01B,$0.14B,6.58%,$0.01B,$0.11B,8.26%,$0.01B,$0.25B,3.91%,$0.02B,$0.22B,7.83%,$40,$21,$19,$0,$11,$37,$3,$-1,$2,$1,$1,$1,$1,$7,$3,$16,16,$0.08,$0.09,$19,$2,$0,$32,$178,$0,$35,$1,$216,$248,$26,$81,$0,$81,$107,$0,$155,$0,$141,$248,$9,$17,$1,$18,$-0,$-0,$-1,$0,$-1,$26,$-10,$0,$-67,$0,$0,$0,$0,$-77,$-21,$78,$56,$0,$0,$0,$0,$56,$5,$1,$0
24,2012-09-30,8.71,$8.61,1.01,$9.31,0.94,$1.92,4.53,$0.49,17.78,$0.03B,$0.03B,0.95,$0.08B,$0.14B,0.59,$0.15B,$0.08B,49.67%,$0.15B,$0.01B,9.27%,$0.15B,$0.01B,9.27%,$0.15B,$0.03B,20.53%,$0.15B,$0.01B,8.61%,$0.15B,$0.01B,5.96%,$0.01B,$0.14B,6.70%,$0.01B,$0.10B,7.81%,$0.01B,$0.25B,4.22%,$0.01B,$0.22B,7.47%,$46,$22,$24,$0,$12,$39,$7,$-0,$6,$2,$4,$4,$4,$12,$7,$16,16,$0.26,$0.25,$17,$2,$0,$25,$180,$0,$37,$1,$222,$248,$26,$82,$0,$82,$109,$0,$153,$0,$139,$248,$8,$13,$1,$14,$-0,$0,$0,$0,$-1,$21,$-8,$0,$-67,$0,$0,$0,$0,$-75,$-17,$74,$57,$0,$0,$0,$0,$57,$3,$1,$0
25,2012-06-30,9.14,$8.34,1.1,$8.70,1.05,$1.98,4.61,$0.24,38.08,$0.03B,$0.03B,0.93,$0.09B,$0.14B,0.65,$0.14B,$0.07B,49.65%,$0.14B,$0.01B,4.96%,$0.14B,$0.01B,4.96%,$0.14B,$0.02B,16.31%,$0.14B,$0.01B,4.96%,$0.14B,$0.01B,3.55%,$0.01B,$0.14B,3.79%,$0.01B,$0.10B,4.09%,$0.01B,$0.25B,2.58%,$0.01B,$0.22B,4.15%,$42,$21,$22,$0,$13,$39,$3,$-1,$3,$1,$2,$2,$2,$8,$3,$16,16,$0.11,$0.11,$16,$2,$0,$25,$181,$0,$38,$1,$224,$249,$27,$88,$0,$88,$115,$0,$149,$0,$135,$249,$3,$8,$1,$9,$-1,$-0,$2,$0,$-1,$11,$-5,$0,$-67,$0,$0,$0,$0,$-72,$-9,$72,$63,$0,$0,$0,$0,$63,$3,$1,$0
26,2012-03-31,10.3,$8.21,1.26,$8.38,1.23,$2.08,4.95,$0.35,29.43,$0.02B,$0.02B,0.99,$0.02B,$0.13B,0.14,$0.14B,$0.07B,50.00%,$0.14B,$0.01B,7.35%,$0.14B,$0.01B,7.35%,$0.14B,$0.02B,17.65%,$0.14B,$0.01B,6.62%,$0.14B,$0.01B,5.15%,$0.01B,$0.13B,5.36%,$0.01B,$0.13B,5.36%,$0.01B,$0.18B,4.01%,$0.01B,$0.15B,6.88%,$35,$17,$18,$0,$12,$32,$3,$-0,$3,$1,$2,$2,$2,$6,$3,$16,16,$0.10,$0.10,$11,$2,$0,$23,$151,$0,$0,$1,$153,$176,$23,$19,$0,$20,$43,$0,$147,$0,$132,$176,$2,$3,$0,$4,$-0,$0,$-2,$-0,$-1,$5,$-1,$0,$0,$0,$0,$0,$0,$-1,$-6,$0,$-6,$0,$0,$0,$0,$-6,$-2,$0,$0
27,2011-12-31,10.19,$8.09,1.26,$8.29,1.23,$2.07,4.93,$0.34,29.97,$0.03B,$0.02B,1.07,$0.03B,$0.13B,0.19,$0.13B,$0.07B,50.00%,$0.13B,$0.01B,7.46%,$0.13B,$0.01B,7.46%,$0.13B,$0.02B,17.91%,$0.13B,$0.01B,5.97%,$0.13B,$0.01B,5.22%,$0.01B,$0.13B,5.44%,$0.01B,$0.13B,5.44%,$0.01B,$0.18B,4.02%,$0.01B,$0.16B,7.21%,$28,$17,$11,$0,$6,$27,$1,$-0,$1,$0,$1,$1,$1,$5,$1,$16,16,$0.03,$0.04,$14,$2,$0,$25,$153,$0,$0,$2,$155,$180,$23,$25,$0,$26,$49,$0,$146,$0,$131,$180,$6,$14,$3,$16,$1,$-0,$-2,$0,$0,$23,$-14,$0,$0,$0,$0,$0,$-4,$-17,$-19,$15,$-4,$0,$0,$0,$-1,$-5,$-0,$2,$0
28,2011-09-30,9.78,$8.03,1.22,$8.66,1.13,$2.70,3.62,$0.34,28.76,$0.02B,$0.02B,1.12,$0.02B,$0.13B,0.12,$0.14B,$0.07B,52.14%,$0.14B,$0.01B,7.14%,$0.14B,$0.01B,7.14%,$0.14B,$0.02B,16.43%,$0.14B,$0.01B,5.71%,$0.14B,$0.01B,4.29%,$0.01B,$0.13B,4.73%,$0.01B,$0.13B,4.73%,$0.01B,$0.17B,3.45%,$0.01B,$0.15B,7.26%,$36,$17,$19,$0,$12,$36,$0,$-0,$-0,$-0,$0,$0,$0,$4,$0,$16,16,$0.00,$0.00,$11,$2,$0,$24,$147,$0,$0,$0,$147,$171,$21,$16,$1,$20,$41,$0,$145,$0,$130,$171,$5,$10,$5,$15,$1,$-0,$-2,$-0,$-3,$18,$-4,$0,$0,$0,$0,$0,$-4,$-8,$-17,$4,$-13,$0,$0,$0,$-0,$-13,$-3,$1,$0
29,2011-06-30,10.44,$8.01,1.3,$8.76,1.19,$2.64,3.95,$0.51,20.47,$0.02B,$0.04B,0.5,$0.00B,$0.13B,0.0,$0.14B,$0.08B,52.82%,$0.14B,$0.01B,9.86%,$0.14B,$0.01B,9.86%,$0.14B,$0.03B,19.01%,$0.14B,$0.01B,8.45%,$0.14B,$0.01B,6.34%,$0.01B,$0.13B,7.21%,$0.01B,$0.13B,7.21%,$0.01B,$0.17B,5.12%,$0.01B,$0.13B,10.02%,$37,$17,$20,$0,$11,$31,$6,$-0,$5,$2,$4,$4,$4,$9,$6,$16,16,$0.22,$0.22,$10,$2,$0,$19,$152,$0,$0,$0,$152,$171,$38,$0,$1,$4,$42,$0,$145,$0,$129,$171,$5,$7,$1,$8,$1,$-0,$-2,$-1,$-3,$10,$-2,$0,$0,$0,$0,$0,$0,$-2,$-12,$0,$-12,$0,$0,$0,$0,$-12,$-4,$1,$0
30,2011-03-31,10.4,$7.76,1.34,$8.69,1.2,$2.55,4.08,$0.45,23.11,$0.02B,$0.04B,0.43,$0.00B,$0.13B,0.0,$0.14B,$0.08B,53.19%,$0.14B,$0.01B,8.51%,$0.14B,$0.01B,8.51%,$0.14B,$0.03B,18.44%,$0.14B,$0.01B,7.80%,$0.14B,$0.01B,5.67%,$0.01B,$0.13B,6.54%,$0.01B,$0.13B,6.54%,$0.01B,$0.17B,4.50%,$0.01B,$0.13B,8.19%,$33,$16,$17,$0,$11,$31,$3,$-0,$2,$1,$2,$2,$2,$6,$3,$16,16,$0.10,$0.09,$10,$2,$0,$19,$154,$0,$0,$0,$155,$174,$44,$0,$1,$4,$48,$0,$142,$0,$125,$174,$2,$3,$0,$4,$1,$0,$-3,$-0,$-1,$4,$-1,$0,$0,$0,$0,$0,$0,$-1,$-7,$0,$-7,$0,$0,$0,$0,$-7,$-4,$0,$0
31,2010-12-31,12.5,$7.60,1.65,$8.77,1.43,$2.58,4.84,$0.51,24.51,$0.02B,$0.02B,0.95,$0.03B,$0.12B,0.23,$0.14B,$0.08B,54.23%,$0.14B,$0.01B,9.15%,$0.14B,$0.01B,9.15%,$0.14B,$0.03B,19.72%,$0.14B,$0.01B,9.15%,$0.14B,$0.01B,5.63%,$0.01B,$0.12B,6.68%,$0.01B,$0.12B,6.68%,$0.01B,$0.18B,4.46%,$0.01B,$0.15B,8.43%,$34,$17,$17,$0,$12,$33,$1,$-0,$1,$0,$0,$0,$0,$4,$1,$16,16,$0.03,$0.03,$14,$2,$0,$23,$156,$0,$0,$0,$157,$180,$24,$29,$1,$33,$57,$0,$139,$0,$123,$180,$8,$14,$2,$15,$-2,$-0,$1,$0,$2,$26,$-7,$0,$0,$0,$0,$0,$0,$-7,$-21,$1,$-20,$0,$0,$0,$0,$-20,$-1,$2,$0
32,2010-09-30,11.22,$7.53,1.49,$8.65,1.3,$2.04,5.5,$0.49,22.9,$0.02B,$0.02B,1.04,$0.03B,$0.12B,0.26,$0.14B,$0.08B,55.00%,$0.14B,$0.01B,8.57%,$0.14B,$0.01B,8.57%,$0.14B,$0.03B,20.00%,$0.14B,$0.01B,8.57%,$0.14B,$0.01B,5.71%,$0.01B,$0.12B,6.82%,$0.01B,$0.12B,6.82%,$0.01B,$0.18B,4.42%,$0.01B,$0.15B,7.67%,$38,$17,$21,$0,$13,$33,$4,$-0,$4,$1,$3,$3,$3,$8,$4,$16,16,$0.17,$0.17,$11,$2,$0,$21,$157,$0,$0,$0,$157,$178,$20,$32,$0,$37,$56,$0,$139,$0,$122,$178,$8,$10,$2,$12,$-2,$-0,$-2,$0,$-3,$17,$-4,$0,$0,$0,$0,$0,$0,$-4,$-17,$0,$-17,$0,$0,$0,$0,$-16,$-4,$1,$0
33,2010-06-30,10.13,$7.35,1.38,$8.48,1.19,$1.63,6.22,$0.45,22.51,$0.02B,$0.02B,1.08,$0.04B,$0.12B,0.32,$0.14B,$0.08B,54.74%,$0.14B,$0.01B,8.76%,$0.14B,$0.01B,8.76%,$0.14B,$0.03B,19.71%,$0.14B,$0.01B,8.03%,$0.14B,$0.01B,5.11%,$0.01B,$0.12B,6.10%,$0.01B,$0.12B,6.10%,$0.01B,$0.18B,3.84%,$0.01B,$0.16B,7.58%,$36,$17,$20,$0,$12,$32,$4,$-0,$4,$1,$3,$3,$3,$8,$4,$16,16,$0.16,$0.16,$10,$2,$0,$19,$159,$0,$0,$0,$160,$179,$18,$38,$0,$42,$60,$0,$136,$0,$119,$179,$5,$7,$1,$8,$-1,$0,$-2,$-0,$-4,$9,$-3,$0,$0,$0,$0,$0,$0,$-3,$-11,$0,$-11,$0,$0,$0,$0,$-11,$-4,$1,$0
34,2010-03-31,8.5,$7.16,1.19,$8.38,1.01,$1.40,6.06,$0.40,21.25,$0.02B,$0.02B,0.95,$0.04B,$0.12B,0.36,$0.14B,$0.07B,54.81%,$0.14B,$0.01B,8.15%,$0.14B,$0.01B,8.15%,$0.14B,$0.03B,18.52%,$0.14B,$0.01B,7.41%,$0.14B,$0.01B,4.44%,$0.01B,$0.12B,5.35%,$0.01B,$0.12B,5.35%,$0.01B,$0.18B,3.28%,$0.01B,$0.16B,6.90%,$34,$16,$19,$0,$11,$30,$4,$-0,$4,$1,$2,$2,$2,$8,$4,$16,16,$0.15,$0.15,$11,$2,$0,$19,$162,$0,$0,$1,$162,$181,$20,$41,$0,$46,$66,$0,$134,$0,$115,$181,$2,$3,$0,$4,$-1,$0,$-1,$-1,$-1,$5,$-2,$0,$0,$0,$0,$0,$0,$-2,$-8,$0,$-8,$0,$0,$0,$0,$-8,$-4,$0,$0
35,2009-12-31,8.1,$6.98,1.16,$8.28,0.98,$1.09,7.47,$0.31,26.13,$0.02B,$0.02B,1.05,$0.05B,$0.11B,0.42,$0.13B,$0.07B,53.73%,$0.13B,$0.01B,6.72%,$0.13B,$0.01B,6.72%,$0.13B,$0.02B,16.42%,$0.13B,$0.01B,5.22%,$0.13B,$0.01B,3.73%,$0.01B,$0.11B,4.54%,$0.01B,$0.11B,4.54%,$0.01B,$0.19B,2.73%,$0.01B,$0.16B,5.59%,$32,$15,$17,$0,$12,$32,$0,$-0,$-0,$-0,$0,$0,$0,$4,$0,$16,16,$0.00,$0.00,$14,$2,$0,$22,$163,$0,$0,$1,$164,$186,$21,$48,$0,$52,$73,$0,$131,$0,$113,$186,$5,$13,$5,$18,$-0,$-0,$-1,$3,$3,$26,$-16,$0,$0,$0,$0,$0,$-5,$-21,$-13,$12,$-2,$0,$0,$0,$-1,$-2,$3,$2,$0
36,2009-09-30,10.76,$6.94,1.55,$8.24,1.31,$-2.19,0.0,$0.33,32.61,$0.02B,$0.02B,1.12,$0.05B,$0.11B,0.43,$0.14B,$0.07B,53.33%,$0.14B,$0.01B,7.41%,$0.14B,$0.01B,7.41%,$0.14B,$0.02B,16.30%,$0.14B,$0.01B,5.93%,$0.14B,$0.01B,3.70%,$0.01B,$0.11B,4.61%,$0.01B,$0.11B,4.61%,$0.01B,$0.18B,2.74%,$0.01B,$0.16B,6.28%,$35,$16,$19,$0,$12,$31,$4,$-0,$3,$1,$2,$2,$2,$7,$4,$16,16,$0.13,$0.13,$11,$2,$0,$19,$160,$0,$0,$3,$163,$183,$17,$49,$0,$53,$71,$0,$131,$0,$112,$183,$5,$10,$5,$15,$-1,$0,$-3,$-1,$-4,$15,$-9,$0,$0,$0,$0,$0,$-5,$-15,$-11,$10,$-1,$0,$0,$0,$0,$-1,$-1,$2,$0
37,2009-06-30,7.3,$6.78,1.08,$8.49,0.86,$-4.77,0.0,$0.45,16.22,$0.02B,$0.02B,1.09,$0.05B,$0.11B,0.48,$0.14B,$0.07B,53.24%,$0.14B,$0.01B,8.63%,$0.14B,$0.01B,8.63%,$0.14B,$0.02B,17.27%,$0.14B,$0.01B,7.91%,$0.14B,$0.01B,5.04%,$0.01B,$0.11B,6.56%,$0.01B,$0.11B,6.56%,$0.01B,$0.18B,3.89%,$0.01B,$0.16B,8.26%,$34,$16,$19,$0,$12,$31,$3,$-1,$3,$1,$2,$2,$2,$6,$3,$16,16,$0.11,$0.11,$11,$1,$0,$19,$159,$0,$0,$3,$162,$181,$17,$52,$0,$54,$71,$0,$129,$0,$109,$181,$3,$6,$2,$8,$-0,$0,$-3,$-1,$-3,$8,$-5,$0,$0,$0,$0,$0,$-5,$-10,$-4,$6,$2,$0,$0,$0,$0,$2,$-1,$1,$0
38,2009-03-31,5.16,$6.64,0.78,$8.41,0.61,$-6.48,0.0,$0.50,10.32,$0.02B,$0.02B,1.07,$0.06B,$0.11B,0.51,$0.14B,$0.07B,52.86%,$0.14B,$0.01B,9.29%,$0.14B,$0.01B,9.29%,$0.14B,$0.02B,17.14%,$0.14B,$0.01B,8.57%,$0.14B,$0.01B,5.71%,$0.01B,$0.11B,7.66%,$0.01B,$0.11B,7.66%,$0.01B,$0.18B,4.56%,$0.01B,$0.16B,10.00%,$33,$16,$17,$0,$12,$31,$2,$-1,$1,$0,$1,$1,$1,$5,$2,$16,16,$0.06,$0.06,$11,$1,$0,$20,$159,$0,$0,$3,$163,$183,$18,$55,$0,$57,$75,$0,$127,$0,$107,$183,$1,$3,$1,$4,$-0,$0,$-4,$-0,$-4,$1,$-3,$0,$0,$0,$0,$0,$-4,$-7,$0,$6,$6,$0,$0,$0,$-1,$5,$-0,$1,$0
39,2008-12-31,11.65,$6.55,1.78,$8.24,1.41,$-7.10,0.0,$0.56,20.8,$0.02B,$0.03B,0.73,$0.05B,$0.11B,0.45,$0.14B,$0.08B,53.19%,$0.14B,$0.01B,9.93%,$0.14B,$0.01B,9.93%,$0.14B,$0.02B,17.02%,$0.14B,$0.02B,10.64%,$0.14B,$0.01B,6.38%,$0.01B,$0.11B,8.35%,$0.01B,$0.11B,8.35%,$0.01B,$0.18B,5.42%,$0.01B,$0.15B,11.72%,$33,$16,$17,$0,$12,$32,$1,$-0,$1,$0,$0,$0,$0,$4,$1,$17,17,$0.02,$0.03,$12,$2,$0,$20,$160,$0,$0,$3,$163,$183,$27,$48,$0,$50,$77,$0,$126,$0,$106,$183,$10,$10,$3,$13,$1,$-0,$-1,$0,$0,$23,$-68,$0,$0,$0,$0,$0,$3,$-64,$0,$50,$50,$-36,$-36,$0,$0,$14,$-27,$2,$0
40,2008-09-30,11.39,$6.49,1.75,$8.21,1.39,$-3.80,0.0,$0.74,15.39,$0.02B,$0.07B,0.3,$0.00B,$0.11B,0.0,$0.15B,$0.08B,54.48%,$0.15B,$0.02B,13.10%,$0.15B,$0.02B,13.10%,$0.15B,$0.03B,19.31%,$0.15B,$0.02B,13.79%,$0.15B,$0.01B,8.97%,$0.01B,$0.11B,11.45%,$0.01B,$0.11B,11.45%,$0.01B,$0.17B,8.19%,$0.02B,$0.11B,16.74%,$39,$18,$21,$0,$13,$33,$6,$-0,$6,$2,$4,$4,$4,$9,$6,$16,16,$0.25,$0.25,$11,$2,$0,$20,$150,$0,$0,$3,$153,$173,$65,$0,$0,$3,$68,$0,$126,$0,$105,$173,$9,$6,$3,$10,$1,$-0,$0,$-0,$1,$20,$-55,$0,$0,$0,$0,$0,$0,$-55,$0,$43,$43,$-36,$-36,$0,$0,$7,$-28,$2,$0
41,2008-06-30,11.8,$6.20,1.9,$8.06,1.46,$-0.84,0.0,$0.90,13.11,$0.02B,$0.06B,0.34,$0.00B,$0.10B,0.0,$0.15B,$0.08B,56.00%,$0.15B,$0.03B,16.67%,$0.15B,$0.03B,16.67%,$0.15B,$0.03B,22.00%,$0.15B,$0.03B,17.33%,$0.15B,$0.02B,11.33%,$0.02B,$0.10B,13.96%,$0.02B,$0.10B,13.96%,$0.02B,$0.16B,10.91%,$0.03B,$0.10B,20.53%,$35,$16,$19,$0,$13,$31,$4,$-0,$4,$2,$3,$3,$3,$6,$4,$17,17,$0.16,$0.16,$12,$1,$0,$20,$139,$0,$0,$3,$142,$162,$59,$0,$0,$3,$62,$0,$122,$0,$100,$162,$5,$4,$2,$6,$1,$0,$2,$0,$3,$14,$-41,$0,$0,$0,$0,$0,$1,$-40,$0,$34,$34,$-36,$-36,$0,$0,$-2,$-27,$1,$0
42,2008-03-31,17.71,$6.74,2.63,$8.16,2.17,$1.43,12.35,$1.10,16.1,$0.03B,$0.02B,1.07,$0.00B,$0.12B,0.0,$0.16B,$0.09B,57.32%,$0.16B,$0.03B,19.75%,$0.16B,$0.03B,19.75%,$0.16B,$0.04B,24.84%,$0.16B,$0.03B,21.02%,$0.16B,$0.02B,13.38%,$0.02B,$0.12B,16.25%,$0.02B,$0.12B,16.25%,$0.02B,$0.15B,13.64%,$0.03B,$0.12B,23.98%,$34,$16,$18,$0,$13,$31,$3,$0,$4,$1,$2,$2,$2,$5,$3,$18,19,$0.13,$0.12,$16,$1,$0,$25,$119,$0,$0,$3,$122,$146,$23,$0,$0,$3,$26,$0,$119,$0,$120,$146,$2,$2,$1,$4,$1,$0,$-1,$0,$0,$6,$-19,$0,$0,$0,$0,$0,$2,$-17,$0,$0,$0,$-12,$-12,$0,$0,$-12,$-23,$1,$0
43,2007-12-31,24.08,$6.97,3.45,$8.26,2.91,$2.50,9.63,$1.26,19.11,$0.05B,$0.02B,2.26,$0.00B,$0.13B,0.0,$0.16B,$0.09B,58.39%,$0.16B,$0.04B,22.36%,$0.16B,$0.04B,22.36%,$0.16B,$0.04B,27.33%,$0.16B,$0.04B,22.98%,$0.16B,$0.02B,14.91%,$0.02B,$0.13B,18.50%,$0.02B,$0.13B,18.50%,$0.02B,$0.15B,15.58%,$0.04B,$0.13B,27.75%,$37,$16,$21,$0,$13,$31,$6,$1,$6,$2,$4,$4,$4,$8,$6,$19,19,$0.21,$0.22,$39,$1,$0,$50,$102,$0,$0,$3,$105,$154,$22,$0,$0,$3,$25,$0,$117,$0,$129,$154,$24,$8,$1,$10,$-2,$-0,$2,$-3,$-4,$30,$-17,$0,$0,$0,$0,$0,$2,$-15,$0,$0,$0,$-13,$-13,$0,$0,$-13,$2,$2,$0
44,2007-09-30,28.45,$7.21,3.95,$8.27,3.44,$3.36,8.46,$1.32,21.55,$0.06B,$0.02B,3.25,$0.00B,$0.14B,0.0,$0.16B,$0.09B,58.39%,$0.16B,$0.04B,23.60%,$0.16B,$0.04B,23.60%,$0.16B,$0.05B,28.57%,$0.16B,$0.04B,24.22%,$0.16B,$0.03B,15.53%,$0.03B,$0.14B,19.76%,$0.03B,$0.14B,19.76%,$0.03B,$0.16B,16.67%,$0.04B,$0.14B,30.04%,$44,$17,$26,$0,$13,$32,$12,$1,$12,$4,$8,$8,$8,$14,$12,$19,19,$0.42,$0.41,$53,$1,$0,$64,$97,$0,$0,$0,$97,$161,$20,$0,$0,$4,$23,$0,$113,$0,$138,$161,$20,$6,$1,$7,$-2,$-0,$-1,$-1,$-3,$25,$-10,$0,$0,$0,$0,$0,$2,$-9,$0,$0,$0,$-0,$-0,$0,$0,$-0,$16,$2,$0
45,2007-06-30,26.85,$6.79,3.96,$8.19,3.28,$3.70,7.25,$1.29,20.81,$0.06B,$0.02B,2.86,$0.00B,$0.13B,0.0,$0.16B,$0.09B,58.49%,$0.16B,$0.04B,23.27%,$0.16B,$0.04B,23.27%,$0.16B,$0.05B,28.30%,$0.16B,$0.04B,23.90%,$0.16B,$0.02B,15.09%,$0.02B,$0.13B,20.08%,$0.02B,$0.13B,20.08%,$0.02B,$0.16B,16.81%,$0.04B,$0.13B,30.96%,$42,$17,$25,$0,$13,$31,$10,$0,$11,$4,$7,$7,$7,$12,$10,$19,19,$0.36,$0.36,$51,$1,$0,$61,$94,$0,$0,$0,$94,$155,$21,$0,$0,$4,$25,$0,$105,$0,$130,$155,$12,$4,$0,$5,$-0,$-0,$2,$-0,$2,$19,$-5,$0,$0,$0,$0,$0,$0,$-5,$0,$0,$0,$0,$0,$0,$0,$0,$14,$1,$0
46,2007-03-31,26.0,$6.39,4.07,$7.99,3.25,$3.54,7.35,$1.18,22.03,$0.05B,$0.02B,2.67,$0.00B,$0.12B,0.0,$0.16B,$0.09B,58.06%,$0.16B,$0.03B,21.94%,$0.16B,$0.03B,21.94%,$0.16B,$0.04B,27.10%,$0.16B,$0.03B,21.94%,$0.16B,$0.02B,14.19%,$0.02B,$0.12B,19.56%,$0.02B,$0.12B,19.56%,$0.02B,$0.15B,16.36%,$0.03B,$0.12B,30.22%,$38,$16,$22,$0,$12,$30,$8,$0,$8,$3,$5,$5,$5,$10,$8,$19,19,$0.29,$0.28,$44,$1,$0,$53,$93,$0,$0,$0,$93,$146,$20,$0,$0,$4,$24,$0,$98,$0,$122,$146,$5,$2,$0,$2,$0,$0,$-1,$-0,$1,$9,$-2,$0,$0,$0,$0,$0,$0,$-2,$0,$0,$0,$0,$0,$0,$0,$0,$7,$1,$0
47,2006-12-31,23.88,$6.07,3.94,$7.89,3.03,$3.54,6.74,$1.15,20.77,$0.05B,$0.02B,2.46,$0.00B,$0.12B,0.0,$0.15B,$0.09B,57.52%,$0.15B,$0.03B,21.57%,$0.15B,$0.03B,21.57%,$0.15B,$0.04B,26.80%,$0.15B,$0.03B,21.57%,$0.15B,$0.02B,14.38%,$0.02B,$0.12B,20.90%,$0.02B,$0.12B,20.90%,$0.02B,$0.14B,17.32%,$0.03B,$0.12B,31.35%,$37,$16,$21,$0,$11,$29,$8,$0,$8,$3,$5,$5,$5,$10,$8,$19,19,$0.27,$0.27,$37,$1,$0,$46,$93,$0,$0,$0,$93,$138,$18,$0,$0,$4,$23,$0,$92,$0,$116,$138,$22,$9,$3,$11,$-0,$-0,$1,$-0,$2,$35,$-6,$0,$0,$0,$0,$0,$0,$-6,$-8,$0,$-8,$2,$2,$0,$1,$-5,$24,$3,$0
