,Date,Stock Price,Book Value per Share,Price to Book Ratio,TTM Sales per Share,Price to Sales Ratio,TTM FCF per Share,Price to FCF Ratio,TTM Net EPS,PE Ratio,Current Assets,Current Liabilities,Current Ratio,Long Term Debt,Shareholder's Equity_x,Debt to Equity Ratio,TTM Revenue_x,TTM Gross Profit,Gross Margin,TTM Revenue_y,TTM Operating Income,Operating Margin,TTM Revenue_x,TTM EBIT,EBIT Margin,TTM Revenue_y,TTM EBITDA,EBITDA Margin,TTM Revenue_x,TTM Pre-Tax Income,Pre-Tax Margin,TTM Revenue_y,TTM Net Income_x,Net Margin,TTM Net Income_y,Shareholder's Equity_y,Return on Equity,TTM Net Income_x,Tangible Equity,Return on Tangible Equity,TTM Net Income_y,Total Assets,Return on Assets,TTM Net Income,LT Investments & Debt,Return on Investment,revenue,cost-goods-sold,gross-profit,research-development-expenses,selling-general-administrative-expenses,operating-expenses,operating-income,total-non-operating-income-expense,pre-tax-income,total-provision-income-taxes,income-after-taxes,income-from-continuous-operations,net-income,ebitda,ebit,basic-shares-outstanding,shares-outstanding,eps-basic-net-earnings-per-share,eps-earnings-per-share-diluted,cash-on-hand,inventory,other-current-assets,total-current-assets,net-property-plant-equipment,long-term-investments,goodwill-intangible-assets-total,other-long-term-assets,total-long-term-assets,total-assets,total-current-liabilities,long-term-debt,other-non-current-liabilities,total-long-term-liabilities,total-liabilities,common-stock-net,retained-earnings-accumulated-deficit,comprehensive-income,total-share-holder-equity,total-liabilities-share-holders-equity,net-income-loss,total-depreciation-amortization-cash-flow,other-non-cash-items,total-non-cash-items,change-in-accounts-receivable,change-in-inventories,change-in-accounts-payable,change-in-assets-liabilities,total-change-in-assets-liabilities,cash-flow-from-operating-activities,net-change-in-property-plant-equipment,net-change-in-intangible-assets,net-acquisitions-divestitures,net-change-in-short-term-investments,net-change-in-long-term-investments,net-change-in-investments-total,investing-activities-other,cash-flow-from-investing-activities,net-long-term-debt,net-current-debt,debt-issuance-retirement-net-total,net-common-equity-issued-repurchased,net-total-equity-issued-repurchased,total-common-preferred-stock-dividends-paid,financial-activities-other,cash-flow-from-financial-activities,net-cash-flow,stock-based-compensation,common-stock-dividends-paid
0,2018-09-30,50.16,$31.34,1.6,$61.82,0.81,$15.83,3.17,$1.74,28.83,$0.93B,$2.96B,0.31,$0.37B,$1.73B,0.21,$3.42B,$0.35B,10.23%,$3.42B,$0.11B,3.27%,$3.42B,$0.11B,3.27%,$3.42B,$0.17B,4.94%,$3.42B,$0.09B,2.69%,$3.42B,$0.10B,2.81%,$0.10B,$1.73B,5.57%,$0.10B,$1.68B,5.78%,$0.10B,$5.31B,1.85%,$0.11B,$2.11B,5.35%,$895,$756,$138,$0,$0,$820,$75,$-4,$70,$12,$59,$59,$59,$90,$75,$55,55,$1.06,$1.06,$262,$0,$0,$927,$150,$3904,$60,$56,$4386,$5313,$2959,$372,$241,$619,$3579,$98,$1636,$0,$1734,$5313,$76,$44,$48,$92,$-81,$0,$170,$49,$157,$325,$-21,$0,$0,$53,$-292,$-239,$8,$-252,$0,$0,$0,$0,$0,$-104,$0,$-103,$-30,$0,$-104
1,2018-06-30,45.56,$30.90,1.47,$61.16,0.74,$15.18,3.0,$1.52,29.97,$0.87B,$2.87B,0.3,$0.37B,$1.71B,0.22,$3.38B,$0.34B,10.02%,$3.38B,$0.10B,2.93%,$3.38B,$0.10B,2.93%,$3.38B,$0.16B,4.61%,$3.38B,$0.08B,2.36%,$3.38B,$0.08B,2.45%,$0.08B,$1.71B,4.79%,$0.08B,$1.65B,4.97%,$0.08B,$5.20B,1.62%,$0.10B,$2.08B,4.70%,$885,$747,$138,$0,$0,$808,$78,$-4,$73,$13,$60,$60,$60,$92,$78,$55,55,$1.09,$1.09,$244,$0,$0,$871,$148,$3834,$61,$81,$4334,$5204,$2874,$372,$240,$621,$3495,$98,$1612,$0,$1710,$5204,$18,$29,$45,$73,$-45,$0,$114,$28,$93,$184,$-13,$0,$0,$44,$-200,$-156,$6,$-163,$0,$0,$0,$0,$0,$-69,$0,$-69,$-48,$0,$-69
2,2018-03-31,45.27,$30.44,1.49,$60.58,0.75,$15.05,3.01,$1.36,33.29,$0.90B,$2.81B,0.32,$0.37B,$1.68B,0.22,$3.35B,$0.33B,9.76%,$3.35B,$0.09B,2.81%,$3.35B,$0.09B,2.81%,$3.35B,$0.15B,4.51%,$3.35B,$0.08B,2.27%,$3.35B,$0.08B,2.24%,$0.08B,$1.68B,4.30%,$0.08B,$1.62B,4.46%,$0.08B,$5.13B,1.49%,$0.09B,$2.06B,4.44%,$783,$773,$10,$0,$0,$839,$-55,$-4,$-60,$-17,$-43,$-43,$-43,$-41,$-55,$55,55,$-0.77,$-0.77,$290,$0,$0,$902,$146,$3724,$62,$97,$4231,$5133,$2814,$371,$256,$635,$3449,$98,$1587,$0,$1684,$5133,$-43,$14,$59,$73,$-31,$0,$73,$23,$48,$78,$-6,$0,$0,$77,$-119,$-42,$3,$-45,$0,$0,$0,$0,$0,$-35,$0,$-35,$-1,$0,$-35
3,2017-12-31,52.05,$31.83,1.64,$61.74,0.84,$15.03,3.46,$2.62,19.87,$0.87B,$2.72B,0.32,$0.37B,$1.76B,0.21,$3.42B,$0.42B,12.15%,$3.42B,$0.18B,5.33%,$3.42B,$0.18B,5.33%,$3.42B,$0.24B,6.97%,$3.42B,$0.17B,4.89%,$3.42B,$0.15B,4.24%,$0.15B,$1.76B,8.23%,$0.15B,$1.70B,8.55%,$0.15B,$5.10B,2.91%,$0.18B,$2.13B,8.53%,$857,$793,$64,$0,$0,$843,$14,$-4,$9,$-10,$20,$20,$20,$28,$14,$55,55,$0.36,$0.36,$291,$0,$0,$868,$145,$3733,$64,$94,$4233,$5101,$2721,$371,$225,$619,$3340,$98,$1664,$0,$1761,$5101,$145,$55,$-87,$-31,$-58,$0,$23,$266,$228,$341,$-13,$0,$0,$28,$-203,$-174,$2,$-186,$51,$0,$51,$2,$2,$-138,$0,$-85,$71,$0,$-138
4,2017-09-30,54.56,$32.10,1.7,$59.59,0.92,$14.07,3.88,$1.79,30.48,$0.83B,$2.62B,0.32,$0.37B,$1.78B,0.21,$3.30B,$0.36B,10.86%,$3.30B,$0.12B,3.58%,$3.30B,$0.12B,3.58%,$3.30B,$0.17B,5.25%,$3.30B,$0.11B,3.25%,$3.30B,$0.10B,3.00%,$0.10B,$1.78B,5.63%,$0.10B,$1.71B,5.85%,$0.10B,$5.03B,2.02%,$0.12B,$2.15B,5.57%,$858,$732,$127,$0,$0,$796,$62,$-4,$58,$12,$46,$46,$46,$77,$62,$55,55,$0.84,$0.84,$285,$0,$0,$831,$144,$3727,$64,$26,$4195,$5026,$2623,$371,$242,$626,$3249,$98,$1679,$0,$1776,$5026,$125,$42,$-70,$-28,$-24,$0,$65,$121,$179,$276,$-8,$0,$0,$-13,$-143,$-156,$2,$-162,$51,$0,$51,$2,$2,$-103,$0,$-50,$64,$0,$-103
5,2017-06-30,51.41,$31.88,1.61,$58.68,0.88,$12.85,4.0,$1.44,35.7,$0.79B,$2.54B,0.31,$0.37B,$1.76B,0.21,$3.25B,$0.32B,9.95%,$3.25B,$0.09B,2.74%,$3.25B,$0.09B,2.74%,$3.25B,$0.14B,4.37%,$3.25B,$0.08B,2.49%,$3.25B,$0.08B,2.46%,$0.08B,$1.76B,4.52%,$0.08B,$1.70B,4.70%,$0.08B,$4.94B,1.65%,$0.09B,$2.13B,4.22%,$853,$726,$126,$0,$0,$780,$73,$-4,$69,$17,$52,$52,$52,$87,$73,$55,55,$0.93,$0.93,$261,$0,$0,$794,$155,$3659,$66,$32,$4145,$4939,$2542,$371,$250,$634,$3176,$97,$1667,$0,$1763,$4939,$79,$28,$-46,$-18,$-9,$0,$28,$81,$114,$175,$-11,$0,$0,$67,$-175,$-108,$1,$-117,$51,$0,$51,$1,$1,$-69,$0,$-17,$41,$0,$-69
6,2017-03-31,57.42,$31.57,1.82,$58.78,0.98,$11.63,4.94,$1.39,41.31,$0.78B,$2.54B,0.31,$0.37B,$1.75B,0.21,$3.25B,$0.32B,9.84%,$3.25B,$0.08B,2.49%,$3.25B,$0.08B,2.49%,$3.25B,$0.13B,4.09%,$3.25B,$0.08B,2.34%,$3.25B,$0.08B,2.37%,$0.08B,$1.75B,4.32%,$0.08B,$1.68B,4.49%,$0.08B,$4.86B,1.61%,$0.08B,$2.12B,3.85%,$848,$749,$98,$0,$0,$814,$33,$-2,$31,$4,$27,$27,$27,$46,$33,$55,55,$0.49,$0.49,$237,$0,$0,$780,$156,$3600,$67,$20,$4084,$4864,$2536,$371,$202,$582,$3118,$97,$1649,$0,$1746,$4864,$27,$13,$-24,$-11,$-19,$0,$30,$44,$58,$74,$-3,$0,$0,$76,$-150,$-73,$1,$-76,$52,$0,$52,$1,$1,$-34,$0,$18,$16,$0,$-34
7,2016-12-31,56.1,$31.70,1.77,$58.38,0.96,$11.17,5.02,$1.32,42.5,$0.75B,$2.48B,0.3,$0.32B,$1.75B,0.18,$3.23B,$0.31B,9.60%,$3.23B,$0.08B,2.32%,$3.23B,$0.08B,2.32%,$3.23B,$0.13B,3.93%,$3.23B,$0.07B,2.20%,$3.23B,$0.07B,2.26%,$0.07B,$1.75B,4.06%,$0.07B,$1.68B,4.22%,$0.07B,$4.79B,1.54%,$0.08B,$2.07B,3.58%,$738,$731,$7,$0,$0,$788,$-50,$-1,$-51,$-25,$-26,$-26,$-26,$-37,$-50,$55,55,$-0.47,$-0.47,$220,$0,$0,$745,$156,$3548,$68,$25,$4043,$4789,$2477,$320,$229,$559,$3036,$96,$1657,$0,$1752,$4789,$73,$53,$34,$88,$-22,$0,$15,$140,$131,$292,$-17,$0,$0,$-162,$-52,$-213,$4,$-227,$30,$0,$30,$2,$2,$-137,$-3,$-109,$-44,$0,$-137
8,2016-09-30,50.58,$32.85,1.54,$59.28,0.85,$9.29,5.45,$2.21,22.89,$0.77B,$2.47B,0.31,$0.29B,$1.82B,0.16,$3.28B,$0.39B,11.84%,$3.28B,$0.15B,4.58%,$3.28B,$0.15B,4.58%,$3.28B,$0.20B,6.07%,$3.28B,$0.15B,4.46%,$3.28B,$0.12B,3.72%,$0.12B,$1.82B,6.72%,$0.12B,$1.75B,6.99%,$0.12B,$4.80B,2.59%,$0.15B,$2.11B,7.12%,$808,$717,$92,$0,$0,$776,$33,$-1,$32,$5,$27,$27,$27,$46,$33,$55,55,$0.49,$0.49,$230,$0,$0,$768,$156,$3554,$70,$33,$4033,$4801,$2466,$290,$227,$520,$2986,$95,$1717,$0,$1815,$4801,$99,$40,$-55,$-15,$-38,$0,$51,$95,$130,$214,$-13,$0,$0,$-7,$-126,$-133,$3,$-143,$0,$0,$0,$1,$1,$-103,$-3,$-105,$-34,$0,$-103
9,2016-06-30,48.46,$32.98,1.47,$58.31,0.83,$8.05,6.02,$2.00,24.23,$0.76B,$2.41B,0.32,$0.29B,$1.82B,0.16,$3.22B,$0.37B,11.49%,$3.22B,$0.13B,4.04%,$3.22B,$0.13B,4.04%,$3.22B,$0.18B,5.53%,$3.22B,$0.13B,3.91%,$3.22B,$0.11B,3.42%,$0.11B,$1.82B,6.04%,$0.11B,$1.75B,6.30%,$0.11B,$4.72B,2.35%,$0.13B,$2.11B,6.16%,$858,$735,$123,$0,$0,$793,$65,$-1,$64,$15,$49,$49,$49,$78,$65,$55,55,$0.88,$0.88,$233,$0,$0,$759,$157,$3488,$71,$38,$3963,$4722,$2406,$290,$204,$494,$2900,$94,$1725,$0,$1822,$4722,$72,$26,$-70,$-44,$-23,$0,$25,$59,$78,$106,$-9,$0,$0,$-1,$-58,$-58,$2,$-65,$0,$0,$0,$0,$0,$-69,$-3,$-72,$-31,$0,$-69
10,2016-03-31,50.0,$32.71,1.53,$55.96,0.89,$7.43,6.73,$1.29,38.76,$0.76B,$2.37B,0.32,$0.29B,$1.81B,0.16,$3.09B,$0.32B,10.27%,$3.09B,$0.07B,2.27%,$3.09B,$0.07B,2.27%,$3.09B,$0.12B,3.82%,$3.09B,$0.07B,2.17%,$3.09B,$0.07B,2.30%,$0.07B,$1.81B,3.89%,$0.07B,$1.73B,4.05%,$0.07B,$4.69B,1.53%,$0.07B,$2.10B,3.31%,$824,$736,$88,$0,$0,$797,$27,$-1,$26,$3,$23,$23,$23,$40,$27,$55,55,$0.42,$0.42,$235,$0,$0,$763,$158,$3433,$73,$42,$3929,$4692,$2370,$290,$224,$514,$2885,$94,$1710,$0,$1807,$4692,$23,$13,$-25,$-12,$-29,$0,$24,$41,$39,$50,$-5,$0,$0,$28,$-66,$-38,$1,$-41,$0,$0,$0,$0,$0,$-34,$-3,$-37,$-29,$0,$-34
11,2015-12-31,41.47,$33.01,1.26,$54.53,0.76,$6.71,6.18,$1.34,30.95,$0.77B,$2.32B,0.33,$0.29B,$1.82B,0.16,$3.01B,$0.33B,10.80%,$3.01B,$0.07B,2.46%,$3.01B,$0.07B,2.46%,$3.01B,$0.12B,4.02%,$3.01B,$0.07B,2.36%,$3.01B,$0.07B,2.46%,$0.07B,$1.82B,4.02%,$0.07B,$1.75B,4.19%,$0.07B,$4.63B,1.60%,$0.07B,$2.11B,3.47%,$786,$702,$85,$0,$0,$761,$25,$-1,$24,$1,$23,$23,$23,$35,$25,$55,55,$0.43,$0.43,$264,$0,$0,$766,$157,$3381,$74,$26,$3863,$4629,$2319,$290,$199,$489,$2808,$91,$1721,$0,$1821,$4629,$74,$48,$84,$132,$-42,$0,$7,$53,$-16,$190,$-20,$0,$8,$186,$-258,$-72,$2,$-82,$0,$0,$0,$2,$2,$-136,$0,$-134,$-26,$0,$-136
12,2015-09-30,44.41,$33.16,1.34,$53.41,0.83,$7.64,5.81,$0.54,82.24,$0.80B,$2.33B,0.34,$0.29B,$1.83B,0.16,$2.95B,$0.30B,10.05%,$2.95B,$0.02B,0.75%,$2.95B,$0.02B,0.75%,$2.95B,$0.07B,2.41%,$2.95B,$0.02B,0.65%,$2.95B,$0.03B,1.02%,$0.03B,$1.83B,1.62%,$0.03B,$1.75B,1.69%,$0.03B,$4.65B,0.65%,$0.02B,$2.12B,1.03%,$752,$679,$74,$0,$0,$739,$13,$-1,$12,$-3,$15,$15,$15,$25,$13,$55,55,$0.28,$0.28,$295,$0,$0,$800,$158,$3348,$75,$39,$3847,$4647,$2334,$290,$193,$483,$2817,$91,$1732,$0,$1829,$4647,$51,$37,$78,$116,$-47,$0,$39,$26,$-18,$149,$-16,$0,$8,$204,$-241,$-37,$2,$-43,$0,$0,$0,$2,$2,$-102,$0,$-100,$5,$3,$-102
13,2015-06-30,48.32,$33.50,1.44,$52.86,0.91,$8.49,5.69,$0.83,58.22,$0.75B,$2.27B,0.33,$0.29B,$1.85B,0.16,$2.91B,$0.32B,10.92%,$2.91B,$0.05B,1.61%,$2.91B,$0.05B,1.61%,$2.91B,$0.10B,3.26%,$2.91B,$0.04B,1.51%,$2.91B,$0.05B,1.58%,$0.05B,$1.85B,2.45%,$0.05B,$1.77B,2.55%,$0.05B,$4.59B,1.00%,$0.05B,$2.14B,2.17%,$726,$656,$70,$0,$0,$721,$5,$-1,$5,$-5,$10,$10,$10,$18,$5,$55,55,$0.17,$0.17,$275,$0,$0,$754,$157,$3360,$77,$25,$3833,$4586,$2269,$290,$180,$470,$2739,$91,$1751,$0,$1848,$4586,$36,$25,$52,$77,$-19,$0,$-9,$12,$-39,$73,$-11,$0,$8,$213,$-233,$-20,$1,$-22,$0,$0,$0,$2,$2,$-68,$0,$-66,$-15,$2,$-68
14,2015-03-31,49.59,$33.91,1.46,$54.38,0.91,$9.48,5.23,$2.39,20.75,$0.71B,$2.25B,0.32,$0.29B,$1.87B,0.16,$2.99B,$0.44B,14.66%,$2.99B,$0.18B,5.98%,$2.99B,$0.18B,5.98%,$2.99B,$0.23B,7.58%,$2.99B,$0.18B,5.85%,$2.99B,$0.13B,4.38%,$0.13B,$1.87B,6.90%,$0.13B,$1.79B,7.20%,$0.13B,$4.62B,2.85%,$0.18B,$2.16B,8.20%,$745,$648,$96,$0,$0,$714,$31,$-1,$30,$4,$26,$26,$26,$43,$31,$55,55,$0.47,$0.47,$235,$0,$0,$714,$157,$3443,$78,$25,$3904,$4618,$2250,$290,$208,$498,$2748,$90,$1775,$0,$1870,$4618,$26,$12,$11,$23,$-22,$0,$-19,$10,$-38,$11,$-6,$0,$8,$212,$-249,$-37,$1,$-34,$0,$0,$0,$1,$1,$-34,$0,$-33,$-55,$1,$-34
15,2014-12-31,48.12,$34.02,1.41,$54.76,0.88,$10.16,4.73,$3.24,14.85,$0.74B,$2.22B,0.33,$0.29B,$1.88B,0.16,$3.01B,$0.50B,16.60%,$3.01B,$0.25B,8.33%,$3.01B,$0.25B,8.33%,$3.01B,$0.30B,9.86%,$3.01B,$0.25B,8.20%,$3.01B,$0.18B,5.91%,$0.18B,$1.88B,9.39%,$0.18B,$1.80B,9.80%,$0.18B,$4.60B,3.90%,$0.25B,$2.17B,11.53%,$722,$666,$56,$0,$0,$749,$-27,$-1,$-28,$-7,$-21,$-21,$-21,$-15,$-27,$55,55,$-0.39,$-0.39,$290,$0,$0,$740,$159,$3404,$78,$22,$3860,$4600,$2222,$290,$207,$502,$2725,$89,$1783,$0,$1875,$4600,$178,$47,$-77,$-30,$-24,$0,$77,$37,$99,$247,$-26,$0,$0,$-47,$-124,$-172,$3,$-194,$100,$0,$100,$6,$6,$-135,$0,$-29,$23,$4,$-135
16,2014-09-30,40.99,$34.98,1.17,$54.55,0.75,$9.64,4.25,$3.90,10.51,$0.74B,$2.22B,0.33,$0.29B,$1.93B,0.15,$3.00B,$0.51B,16.97%,$3.00B,$0.29B,9.67%,$3.00B,$0.29B,9.67%,$3.00B,$0.33B,11.13%,$3.00B,$0.29B,9.53%,$3.00B,$0.21B,7.13%,$0.21B,$1.93B,11.36%,$0.21B,$1.85B,11.88%,$0.21B,$4.61B,4.77%,$0.29B,$2.22B,13.56%,$720,$624,$96,$0,$0,$682,$38,$-1,$37,$6,$31,$31,$31,$49,$38,$55,55,$0.57,$0.57,$280,$0,$0,$736,$160,$3408,$80,$24,$3873,$4609,$2217,$290,$164,$467,$2684,$84,$1838,$0,$1925,$4609,$199,$35,$-100,$-65,$-30,$0,$75,$4,$66,$199,$-21,$0,$0,$18,$-187,$-169,$3,$-187,$100,$0,$100,$2,$2,$-101,$0,$1,$13,$3,$-101
17,2014-06-30,39.02,$34.99,1.12,$54.72,0.71,$9.26,4.22,$4.05,9.63,$0.70B,$2.17B,0.33,$0.27B,$1.92B,0.14,$3.01B,$0.52B,17.35%,$3.01B,$0.31B,10.20%,$3.01B,$0.31B,10.20%,$3.01B,$0.35B,11.63%,$3.01B,$0.30B,10.10%,$3.01B,$0.22B,7.41%,$0.22B,$1.92B,11.98%,$0.22B,$1.84B,12.54%,$0.22B,$4.56B,5.04%,$0.31B,$2.19B,14.69%,$807,$616,$191,$0,$0,$670,$137,$-1,$136,$41,$95,$95,$95,$150,$137,$55,55,$1.73,$1.73,$258,$0,$0,$704,$157,$3390,$81,$31,$3859,$4562,$2167,$270,$164,$471,$2639,$82,$1840,$0,$1924,$4562,$168,$24,$-122,$-98,$-18,$0,$34,$2,$59,$128,$-12,$0,$0,$70,$-208,$-138,$2,$-149,$80,$0,$80,$0,$0,$-68,$0,$12,$-8,$1,$-68
18,2014-03-31,36.91,$33.86,1.09,$51.74,0.71,$8.75,4.22,$2.15,17.17,$0.69B,$2.15B,0.32,$0.27B,$1.86B,0.15,$2.85B,$0.36B,12.65%,$2.85B,$0.15B,5.10%,$2.85B,$0.15B,5.10%,$2.85B,$0.19B,6.54%,$2.85B,$0.14B,5.03%,$2.85B,$0.12B,4.18%,$0.12B,$1.86B,6.47%,$0.12B,$1.78B,6.78%,$0.12B,$4.48B,2.74%,$0.15B,$2.13B,7.13%,$763,$606,$157,$0,$0,$660,$103,$-1,$102,$29,$73,$73,$73,$113,$103,$55,55,$1.32,$1.32,$239,$0,$0,$689,$156,$3317,$83,$30,$3787,$4476,$2150,$270,$187,$465,$2614,$82,$1779,$0,$1862,$4476,$73,$11,$-46,$-35,$-26,$0,$26,$2,$12,$49,$-6,$0,$0,$12,$-129,$-118,$1,$-123,$80,$0,$80,$0,$0,$-34,$0,$46,$-28,$0,$-34
19,2013-12-31,40.15,$33.15,1.21,$51.34,0.78,$8.95,4.49,$2.04,19.68,$0.69B,$2.12B,0.33,$0.19B,$1.82B,0.1,$2.82B,$0.35B,12.47%,$2.82B,$0.13B,4.71%,$2.82B,$0.13B,4.71%,$2.82B,$0.18B,6.24%,$2.82B,$0.13B,4.68%,$2.82B,$0.11B,3.97%,$0.11B,$1.82B,6.08%,$0.11B,$1.74B,6.38%,$0.11B,$4.32B,2.61%,$0.13B,$2.01B,6.63%,$710,$645,$65,$0,$0,$698,$12,$-0,$11,$-4,$15,$15,$15,$22,$12,$55,55,$0.28,$0.28,$267,$0,$0,$692,$157,$3158,$84,$14,$3623,$4315,$2120,$190,$171,$373,$2493,$82,$1740,$0,$1822,$4315,$112,$43,$12,$55,$-21,$0,$63,$-4,$42,$210,$-18,$0,$0,$-18,$16,$-2,$2,$-18,$50,$0,$50,$1,$1,$-135,$0,$-83,$108,$1,$-135
20,2013-09-30,38.05,$33.48,1.14,$50.83,0.75,$7.91,4.81,$1.44,26.43,$0.68B,$2.11B,0.32,$0.18B,$1.84B,0.1,$2.79B,$0.30B,10.78%,$2.79B,$0.08B,2.94%,$2.79B,$0.08B,2.94%,$2.79B,$0.12B,4.44%,$2.79B,$0.08B,2.94%,$2.79B,$0.08B,2.86%,$0.08B,$1.84B,4.33%,$0.08B,$1.75B,4.55%,$0.08B,$4.34B,1.88%,$0.08B,$2.02B,4.10%,$729,$619,$109,$0,$0,$674,$55,$-0,$55,$15,$40,$40,$40,$65,$55,$55,55,$0.72,$0.72,$250,$0,$0,$677,$154,$3126,$86,$74,$3664,$4340,$2112,$180,$182,$388,$2500,$81,$1759,$0,$1840,$4340,$97,$32,$7,$39,$-27,$0,$86,$-32,$33,$170,$-12,$0,$0,$-1,$-6,$-8,$2,$-19,$40,$0,$40,$1,$1,$-101,$0,$-59,$92,$0,$-101
21,2013-06-30,33.72,$33.37,1.01,$50.90,0.66,$6.92,4.87,$1.93,17.47,$0.59B,$2.06B,0.29,$0.14B,$1.83B,0.08,$2.80B,$0.33B,11.95%,$2.80B,$0.12B,4.26%,$2.80B,$0.12B,4.26%,$2.80B,$0.16B,5.83%,$2.80B,$0.12B,4.22%,$2.80B,$0.11B,3.79%,$0.11B,$1.83B,5.70%,$0.11B,$1.75B,5.98%,$0.11B,$4.23B,2.51%,$0.12B,$1.97B,5.95%,$643,$613,$29,$0,$0,$667,$-25,$-0,$-25,$-16,$-9,$-9,$-9,$-14,$-25,$55,55,$-0.17,$-0.17,$180,$0,$0,$588,$155,$3176,$87,$18,$3644,$4232,$2062,$140,$194,$336,$2398,$81,$1753,$0,$1834,$4232,$57,$23,$23,$46,$-11,$0,$39,$-27,$-6,$96,$-8,$0,$0,$153,$-155,$-2,$1,$-9,$0,$0,$0,$1,$1,$-67,$0,$-66,$22,$-0,$-67
22,2013-03-31,28.29,$34.15,0.83,$51.00,0.55,$6.10,4.64,$2.00,14.14,$0.60B,$2.07B,0.29,$0.14B,$1.88B,0.08,$2.80B,$0.34B,12.07%,$2.80B,$0.13B,4.50%,$2.80B,$0.13B,4.50%,$2.80B,$0.17B,6.07%,$2.80B,$0.12B,4.43%,$2.80B,$0.11B,3.93%,$0.11B,$1.88B,5.89%,$0.11B,$1.79B,6.19%,$0.11B,$4.27B,2.62%,$0.13B,$2.02B,6.27%,$740,$591,$149,$0,$0,$649,$91,$-0,$91,$25,$66,$66,$66,$103,$91,$55,55,$1.21,$1.21,$185,$0,$0,$603,$158,$3205,$89,$26,$3669,$4272,$2071,$140,$168,$326,$2397,$79,$1796,$0,$1875,$4272,$66,$12,$-44,$-32,$-23,$0,$46,$-23,$24,$58,$-4,$0,$0,$132,$-126,$6,$1,$2,$0,$0,$0,$0,$0,$-34,$0,$-34,$27,$0,$-34
23,2012-12-31,28.64,$33.55,0.85,$50.69,0.57,$5.69,5.04,$2.13,13.45,$0.55B,$2.05B,0.27,$0.14B,$1.84B,0.08,$2.78B,$0.34B,12.36%,$2.78B,$0.14B,4.92%,$2.78B,$0.14B,4.92%,$2.78B,$0.18B,6.47%,$2.78B,$0.14B,4.85%,$2.78B,$0.12B,4.20%,$0.12B,$1.84B,6.24%,$0.12B,$1.75B,6.57%,$0.12B,$4.19B,2.81%,$0.14B,$1.98B,6.80%,$681,$667,$14,$0,$0,$720,$-39,$-0,$-39,$-22,$-17,$-17,$-17,$-30,$-39,$55,55,$-0.32,$-0.32,$158,$0,$0,$552,$162,$3180,$90,$19,$3637,$4190,$2053,$140,$154,$294,$2347,$79,$1763,$0,$1842,$4190,$117,$44,$-67,$-23,$-57,$0,$78,$33,$54,$148,$-13,$0,$0,$-57,$-2,$-59,$2,$-70,$0,$0,$0,$2,$2,$-134,$0,$-132,$-53,$-0,$-134
24,2012-09-30,27.1,$34.49,0.79,$51.95,0.52,$5.84,4.64,$3.90,6.95,$0.58B,$2.00B,0.29,$0.14B,$1.89B,0.07,$2.85B,$0.49B,17.22%,$2.85B,$0.29B,10.10%,$2.85B,$0.29B,10.10%,$2.85B,$0.33B,11.64%,$2.85B,$0.29B,9.99%,$2.85B,$0.21B,7.47%,$0.21B,$1.89B,11.34%,$0.21B,$1.80B,11.94%,$0.21B,$4.21B,5.15%,$0.29B,$2.03B,14.27%,$732,$590,$142,$0,$0,$640,$92,$-0,$91,$25,$66,$66,$66,$104,$92,$55,55,$1.21,$1.21,$188,$0,$0,$580,$165,$3161,$92,$27,$3631,$4211,$2000,$140,$160,$317,$2317,$79,$1814,$0,$1894,$4211,$134,$35,$-78,$-44,$-58,$0,$84,$-15,$23,$113,$-10,$0,$0,$13,$-43,$-30,$2,$-38,$0,$0,$0,$2,$2,$-100,$0,$-98,$-23,$0,$-100
25,2012-06-30,28.34,$33.89,0.84,$49.86,0.57,$6.82,4.15,$2.62,10.82,$0.52B,$1.96B,0.27,$0.14B,$1.86B,0.08,$2.74B,$0.39B,14.07%,$2.74B,$0.18B,6.54%,$2.74B,$0.18B,6.54%,$2.74B,$0.22B,8.15%,$2.74B,$0.18B,6.43%,$2.74B,$0.14B,5.23%,$0.14B,$1.86B,7.70%,$0.14B,$1.77B,8.12%,$0.14B,$4.12B,3.48%,$0.18B,$2.00B,8.97%,$648,$615,$33,$0,$0,$666,$-18,$-0,$-19,$-14,$-5,$-5,$-5,$-7,$-18,$55,55,$-0.10,$-0.10,$160,$0,$0,$522,$169,$3113,$94,$44,$3598,$4120,$1961,$140,$158,$299,$2260,$79,$1781,$0,$1861,$4120,$68,$23,$-29,$-6,$-29,$0,$45,$-15,$-12,$49,$-6,$0,$0,$53,$-84,$-31,$2,$-36,$0,$0,$0,$2,$2,$-67,$0,$-65,$-51,$-0,$-67
26,2012-03-31,28.93,$34.59,0.84,$50.94,0.57,$7.61,3.8,$3.76,7.69,$0.56B,$1.92B,0.29,$0.14B,$1.90B,0.07,$2.80B,$0.48B,17.32%,$2.80B,$0.27B,9.80%,$2.80B,$0.27B,9.80%,$2.80B,$0.32B,11.41%,$2.80B,$0.27B,9.70%,$2.80B,$0.21B,7.33%,$0.21B,$1.90B,11.06%,$0.21B,$1.80B,11.68%,$0.21B,$4.14B,4.95%,$0.27B,$2.04B,13.54%,$723,$567,$155,$0,$0,$620,$102,$-0,$102,$29,$73,$73,$73,$113,$102,$55,55,$1.34,$1.34,$205,$0,$0,$560,$172,$3119,$95,$15,$3577,$4137,$1920,$140,$163,$318,$2238,$78,$1820,$0,$1899,$4137,$73,$11,$-53,$-42,$-21,$0,$29,$-26,$3,$35,$-3,$0,$0,$9,$-16,$-7,$1,$-9,$0,$0,$0,$1,$1,$-33,$0,$-32,$-7,$0,$-33
27,2011-12-31,29.35,$33.86,0.87,$50.65,0.58,$7.59,3.87,$3.48,8.44,$0.54B,$1.92B,0.28,$0.14B,$1.86B,0.08,$2.78B,$0.47B,16.77%,$2.78B,$0.25B,9.04%,$2.78B,$0.25B,9.04%,$2.78B,$0.30B,10.66%,$2.78B,$0.25B,8.86%,$2.78B,$0.19B,6.84%,$0.19B,$1.86B,10.36%,$0.19B,$1.76B,10.95%,$0.19B,$4.07B,4.57%,$0.25B,$2.00B,12.34%,$749,$589,$161,$0,$0,$638,$112,$-1,$111,$31,$79,$79,$79,$122,$112,$55,55,$1.46,$1.46,$211,$0,$0,$544,$178,$3062,$97,$11,$3526,$4070,$1923,$140,$149,$289,$2213,$77,$1780,$0,$1857,$4070,$191,$45,$-58,$-12,$-8,$0,$0,$-58,$-20,$159,$-15,$0,$0,$-103,$231,$128,$12,$125,$-123,$0,$-123,$2,$2,$-132,$0,$-253,$30,$1,$-132
28,2011-09-30,24.03,$33.00,0.73,$48.94,0.49,$6.14,3.91,$1.60,15.02,$0.55B,$1.95B,0.28,$0.14B,$1.81B,0.08,$2.69B,$0.32B,11.92%,$2.69B,$0.09B,3.39%,$2.69B,$0.09B,3.39%,$2.69B,$0.14B,5.14%,$2.69B,$0.09B,3.17%,$2.69B,$0.09B,3.24%,$0.09B,$1.81B,4.79%,$0.09B,$1.71B,5.07%,$0.09B,$4.10B,2.08%,$0.09B,$1.95B,4.44%,$616,$580,$36,$0,$0,$633,$-17,$-1,$-18,$-14,$-4,$-4,$-4,$-5,$-17,$55,55,$-0.07,$-0.07,$210,$0,$0,$552,$180,$3038,$98,$9,$3544,$4097,$1951,$138,$183,$336,$2287,$75,$1734,$-1,$1809,$4097,$112,$35,$15,$50,$-17,$0,$35,$-35,$5,$166,$-10,$0,$0,$-114,$200,$86,$9,$85,$-125,$0,$-125,$1,$1,$-99,$0,$-223,$28,$1,$-99
29,2011-06-30,23.99,$33.67,0.71,$51.70,0.46,$4.70,5.1,$3.44,6.97,$0.64B,$1.94B,0.33,$0.26B,$1.85B,0.14,$2.84B,$0.49B,17.10%,$2.84B,$0.25B,8.64%,$2.84B,$0.25B,8.64%,$2.84B,$0.29B,10.37%,$2.84B,$0.24B,8.43%,$2.84B,$0.19B,6.63%,$0.19B,$1.85B,10.28%,$0.19B,$1.75B,10.89%,$0.19B,$4.25B,4.44%,$0.25B,$2.11B,11.70%,$707,$574,$132,$0,$0,$629,$77,$-2,$76,$18,$57,$57,$57,$89,$77,$55,55,$1.04,$1.04,$305,$0,$0,$639,$185,$3118,$100,$11,$3608,$4247,$1937,$264,$184,$464,$2401,$75,$1771,$-1,$1846,$4247,$115,$23,$-52,$-29,$-6,$0,$19,$-52,$6,$93,$-7,$0,$0,$18,$78,$96,$6,$96,$0,$0,$0,$1,$1,$-66,$0,$-65,$124,$0,$-66
30,2011-03-31,23.06,$33.22,0.69,$50.73,0.45,$3.81,6.06,$2.73,8.45,$0.68B,$1.94B,0.35,$0.27B,$1.82B,0.15,$2.78B,$0.44B,15.85%,$2.78B,$0.19B,6.65%,$2.78B,$0.19B,6.65%,$2.78B,$0.23B,8.26%,$2.78B,$0.18B,6.40%,$2.78B,$0.15B,5.35%,$0.15B,$1.82B,8.22%,$0.15B,$1.72B,8.71%,$0.15B,$4.21B,3.54%,$0.19B,$2.09B,8.89%,$706,$568,$137,$0,$0,$627,$79,$-2,$77,$19,$58,$58,$58,$90,$79,$55,55,$1.06,$1.06,$334,$0,$0,$677,$190,$3026,$101,$15,$3532,$4209,$1942,$266,$180,$446,$2388,$75,$1747,$-1,$1821,$4209,$58,$12,$-29,$-17,$-15,$0,$14,$-23,$-6,$36,$-5,$0,$0,$28,$123,$151,$4,$150,$0,$0,$0,$0,$0,$-33,$0,$-32,$153,$0,$-33
31,2010-12-31,24.58,$32.75,0.75,$50.64,0.49,$3.72,6.61,$2.79,8.81,$0.51B,$1.97B,0.26,$0.27B,$1.80B,0.15,$2.78B,$0.44B,15.99%,$2.78B,$0.19B,6.81%,$2.78B,$0.19B,6.81%,$2.78B,$0.23B,8.32%,$2.78B,$0.18B,6.55%,$2.78B,$0.15B,5.47%,$0.15B,$1.80B,8.41%,$0.15B,$1.69B,8.93%,$0.15B,$4.20B,3.60%,$0.19B,$2.06B,9.10%,$656,$640,$15,$0,$0,$704,$-48,$-2,$-50,$-26,$-24,$-24,$-24,$-36,$-48,$55,55,$-0.44,$-0.43,$181,$0,$0,$509,$197,$3155,$103,$42,$3694,$4203,$1974,$267,$167,$434,$2409,$74,$1721,$-1,$1795,$4203,$152,$42,$-56,$-15,$-4,$0,$-20,$-33,$-46,$92,$-28,$0,$0,$24,$30,$54,$7,$33,$0,$0,$0,$1,$1,$-130,$0,$-129,$-4,$1,$-130
32,2010-09-30,22.73,$33.78,0.67,$50.97,0.45,$5.33,4.27,$3.84,5.92,$0.52B,$1.98B,0.26,$0.27B,$1.85B,0.15,$2.80B,$0.53B,18.98%,$2.80B,$0.28B,10.01%,$2.80B,$0.28B,10.01%,$2.80B,$0.32B,11.47%,$2.80B,$0.27B,9.76%,$2.80B,$0.21B,7.51%,$0.21B,$1.85B,11.65%,$0.21B,$1.75B,12.39%,$0.21B,$4.26B,4.97%,$0.28B,$2.12B,13.51%,$767,$566,$201,$0,$0,$629,$137,$-2,$136,$39,$97,$97,$97,$151,$137,$55,55,$1.77,$1.77,$175,$0,$0,$515,$197,$3223,$105,$25,$3745,$4260,$1981,$269,$160,$429,$2409,$74,$1778,$-1,$1851,$4260,$176,$29,$-80,$-51,$-14,$0,$39,$-91,$-26,$99,$-22,$0,$0,$-2,$6,$4,$4,$-14,$0,$0,$0,$1,$1,$-97,$0,$-96,$-11,$1,$-97
33,2010-06-30,22.38,$32.60,0.69,$52.56,0.43,$6.20,3.61,$4.92,4.55,$0.55B,$1.97B,0.28,$0.27B,$1.79B,0.15,$2.89B,$0.62B,21.27%,$2.89B,$0.37B,12.93%,$2.89B,$0.37B,12.93%,$2.89B,$0.41B,14.25%,$2.89B,$0.37B,12.66%,$2.89B,$0.27B,9.37%,$0.27B,$1.79B,15.21%,$0.27B,$1.68B,16.20%,$0.27B,$4.18B,6.40%,$0.37B,$2.06B,18.22%,$654,$566,$88,$0,$0,$636,$17,$-2,$15,$-2,$18,$18,$18,$25,$17,$55,55,$0.33,$0.32,$219,$0,$0,$548,$201,$3081,$106,$28,$3634,$4182,$1973,$270,$153,$422,$2396,$73,$1713,$-1,$1786,$4182,$79,$16,$6,$22,$-3,$0,$17,$-77,$-49,$52,$-15,$0,$0,$52,$6,$58,$3,$46,$0,$0,$0,$0,$0,$-65,$0,$-64,$34,$0,$-65
34,2010-03-31,22.97,$32.86,0.7,$55.02,0.42,$7.09,3.24,$6.66,3.45,$0.58B,$2.00B,0.29,$0.27B,$1.80B,0.15,$3.03B,$0.74B,24.42%,$3.03B,$0.52B,17.14%,$3.03B,$0.52B,17.14%,$3.03B,$0.56B,18.49%,$3.03B,$0.51B,16.88%,$3.03B,$0.37B,12.10%,$0.37B,$1.80B,21.02%,$0.37B,$1.69B,22.45%,$0.37B,$4.24B,8.69%,$0.52B,$2.07B,25.77%,$700,$560,$140,$0,$0,$617,$83,$-2,$81,$20,$61,$61,$61,$91,$83,$55,55,$1.12,$1.12,$243,$0,$0,$583,$201,$3116,$108,$22,$3654,$4238,$1997,$271,$169,$440,$2437,$73,$1728,$-1,$1800,$4238,$61,$8,$-22,$-14,$-15,$0,$17,$-46,$-15,$33,$-7,$0,$0,$33,$31,$64,$-0,$56,$0,$0,$0,$0,$0,$-32,$0,$-32,$57,$0,$-32
35,2009-12-31,20.08,$32.33,0.62,$56.54,0.36,$7.37,2.72,$7.29,2.75,$0.51B,$2.01B,0.26,$0.27B,$1.77B,0.15,$3.12B,$0.80B,25.50%,$3.12B,$0.58B,18.55%,$3.12B,$0.58B,18.55%,$3.12B,$0.62B,19.90%,$3.12B,$0.57B,18.30%,$3.12B,$0.40B,12.91%,$0.40B,$1.77B,23.91%,$0.40B,$1.66B,25.62%,$0.40B,$4.23B,9.61%,$0.58B,$2.04B,29.56%,$677,$575,$102,$0,$0,$634,$43,$-2,$41,$7,$34,$34,$34,$54,$43,$55,55,$0.63,$0.65,$186,$0,$0,$513,$202,$3147,$110,$49,$3719,$4233,$2012,$271,$178,$449,$2462,$73,$1699,$-1,$1771,$4233,$403,$42,$-346,$-303,$17,$3,$-19,$-63,$89,$189,$-36,$0,$-115,$50,$67,$117,$3,$-32,$120,$0,$120,$0,$0,$-128,$0,$-7,$150,$1,$-128
36,2009-09-30,17.94,$32.29,0.56,$53.31,0.34,$4.91,3.65,$3.60,4.98,$0.54B,$2.06B,0.26,$0.27B,$1.77B,0.15,$2.94B,$0.46B,15.77%,$2.94B,$0.26B,8.94%,$2.94B,$0.26B,8.94%,$2.94B,$0.31B,10.44%,$2.94B,$0.26B,8.67%,$2.94B,$0.20B,6.83%,$0.20B,$1.77B,12.44%,$0.20B,$1.66B,13.13%,$0.20B,$4.27B,4.87%,$0.26B,$2.04B,14.13%,$861,$577,$285,$0,$0,$630,$231,$-2,$229,$71,$158,$158,$158,$242,$231,$55,55,$2.88,$2.85,$204,$0,$0,$543,$201,$3143,$111,$30,$3731,$4274,$2062,$273,$164,$444,$2505,$72,$1697,$-1,$1769,$4274,$369,$31,$-352,$-321,$3,$3,$30,$-85,$109,$156,$-30,$0,$-115,$80,$51,$131,$1,$-13,$120,$0,$120,$0,$0,$-95,$0,$25,$169,$1,$-95
37,2009-06-30,16.07,$29.99,0.54,$46.12,0.35,$3.28,4.9,$-1.82,0.0,$0.52B,$2.05B,0.26,$0.27B,$1.64B,0.17,$2.54B,$-0.03B,-1.10%,$2.54B,$-0.22B,-8.66%,$2.54B,$-0.22B,-8.66%,$2.54B,$-0.18B,-7.01%,$2.54B,$-0.23B,-8.94%,$2.54B,$-0.10B,-3.86%,$-0.10B,$1.64B,-6.13%,$-0.10B,$1.53B,-6.36%,$-0.10B,$4.14B,-2.39%,$-0.22B,$1.92B,-12.13%,$796,$582,$214,$0,$0,$633,$163,$-2,$161,$46,$114,$114,$114,$174,$163,$55,55,$2.09,$2.07,$195,$0,$0,$523,$202,$2978,$113,$24,$3619,$4142,$2051,$273,$165,$448,$2499,$72,$1571,$-1,$1643,$4142,$211,$20,$-181,$-161,$11,$3,$2,$-63,$56,$106,$-20,$0,$-115,$114,$-97,$18,$114,$-4,$120,$0,$120,$0,$0,$-64,$0,$57,$159,$0,$-64
38,2009-03-31,13.81,$28.47,0.49,$46.06,0.3,$1.44,9.62,$-2.60,0.0,$0.53B,$2.09B,0.25,$0.28B,$1.56B,0.18,$2.53B,$-0.10B,-3.99%,$2.53B,$-0.29B,-11.26%,$2.53B,$-0.29B,-11.26%,$2.53B,$-0.25B,-9.76%,$2.53B,$-0.29B,-11.53%,$2.53B,$-0.14B,-5.57%,$-0.14B,$1.56B,-8.53%,$-0.14B,$1.45B,-8.68%,$-0.14B,$4.13B,-3.41%,$-0.29B,$1.84B,-15.49%,$787,$592,$195,$0,$0,$645,$142,$-2,$140,$43,$97,$97,$97,$151,$142,$55,55,$1.76,$1.75,$179,$0,$0,$528,$199,$2905,$114,$34,$3604,$4132,$2093,$276,$204,$480,$2573,$72,$1488,$-1,$1559,$4132,$97,$9,$-81,$-72,$-8,$3,$22,$-34,$26,$51,$-10,$0,$-115,$137,$-8,$129,$-1,$4,$120,$0,$120,$0,$0,$-32,$0,$88,$143,$0,$-32
39,2008-12-31,20.42,$27.28,0.75,$44.00,0.46,$0.81,25.1,$-4.42,0.0,$0.38B,$2.11B,0.18,$0.16B,$1.49B,0.11,$2.41B,$-0.27B,-11.18%,$2.41B,$-0.45B,-18.48%,$2.41B,$-0.45B,-18.48%,$2.41B,$-0.41B,-16.86%,$2.41B,$-0.45B,-18.68%,$2.41B,$-0.24B,-10.02%,$-0.24B,$1.49B,-14.07%,$-0.24B,$1.49B,-14.07%,$-0.24B,$3.95B,-5.78%,$-0.45B,$1.65B,-23.76%,$498,$728,$-230,$0,$0,$771,$-273,$-1,$-275,$-106,$-168,$-168,$-168,$-260,$-273,$55,55,$-3.07,$-3.07,$35,$0,$0,$375,$192,$2934,$0,$78,$3575,$3950,$2107,$159,$190,$349,$2456,$71,$1423,$-1,$1494,$3950,$-242,$39,$551,$590,$28,$3,$-90,$22,$-284,$65,$-47,$0,$0,$67,$9,$76,$5,$35,$14,$0,$14,$1,$1,$-127,$0,$-112,$-13,$1,$-127
40,2008-09-30,23.99,$30.95,0.78,$49.22,0.49,$3.69,6.5,$-0.54,0.0,$0.39B,$2.10B,0.19,$0.16B,$1.70B,0.09,$2.70B,$0.06B,2.07%,$2.70B,$-0.12B,-4.30%,$2.70B,$-0.12B,-4.30%,$2.70B,$-0.08B,-2.96%,$2.70B,$-0.12B,-4.48%,$2.70B,$-0.03B,-1.07%,$-0.03B,$1.70B,-1.60%,$-0.03B,$1.70B,-1.60%,$-0.03B,$4.15B,-0.67%,$-0.12B,$1.85B,-5.91%,$459,$666,$-207,$0,$0,$711,$-252,$-2,$-253,$-113,$-141,$-141,$-141,$-243,$-252,$55,55,$-2.57,$-2.57,$34,$0,$0,$393,$189,$3218,$0,$52,$3757,$4150,$2097,$155,$204,$359,$2455,$71,$1624,$0,$1695,$4150,$-74,$26,$333,$359,$9,$2,$-17,$-67,$-212,$73,$-37,$0,$0,$23,$-2,$21,$5,$-11,$18,$0,$18,$1,$1,$-95,$0,$-76,$-14,$0,$-95
41,2008-06-30,20.03,$34.09,0.59,$55.26,0.36,$6.22,3.22,$3.18,6.3,$0.40B,$2.06B,0.19,$0.15B,$1.87B,0.08,$3.03B,$0.39B,12.87%,$3.03B,$0.22B,7.32%,$3.03B,$0.22B,7.32%,$3.03B,$0.26B,8.51%,$3.03B,$0.22B,7.13%,$3.03B,$0.18B,5.77%,$0.18B,$1.87B,9.46%,$0.18B,$1.87B,9.46%,$0.18B,$4.31B,3.99%,$0.22B,$2.02B,11.12%,$788,$647,$141,$0,$0,$690,$98,$-1,$96,$26,$71,$71,$71,$105,$98,$55,55,$1.29,$1.29,$43,$0,$0,$397,$189,$3484,$0,$35,$3914,$4311,$2060,$154,$223,$385,$2444,$70,$1796,$0,$1866,$4311,$67,$17,$56,$73,$13,$2,$-25,$-89,$-126,$13,$-29,$0,$0,$68,$-144,$-76,$132,$27,$18,$0,$18,$0,$0,$-63,$0,$-45,$-5,$0,$-63
42,2008-03-31,18.56,$33.37,0.56,$55.64,0.33,$8.14,2.28,$3.16,5.87,$0.43B,$2.12B,0.2,$0.16B,$1.83B,0.09,$3.05B,$0.39B,12.63%,$3.05B,$0.22B,7.25%,$3.05B,$0.22B,7.25%,$3.05B,$0.26B,8.46%,$3.05B,$0.22B,7.05%,$3.05B,$0.17B,5.71%,$0.17B,$1.83B,9.50%,$0.17B,$1.83B,9.50%,$0.17B,$4.34B,3.95%,$0.22B,$1.99B,11.22%,$669,$644,$26,$0,$0,$688,$-19,$-1,$-19,$-15,$-4,$-4,$-4,$-9,$-19,$55,55,$-0.07,$-0.07,$51,$0,$0,$427,$190,$3474,$0,$38,$3917,$4344,$2115,$160,$220,$402,$2518,$70,$1757,$-0,$1826,$4344,$-4,$9,$92,$101,$-7,$7,$9,$-58,$-65,$32,$-25,$0,$0,$27,$-11,$16,$-7,$-16,$18,$0,$18,$0,$0,$-32,$0,$-14,$2,$0,$-32
43,2007-12-31,20.33,$34.02,0.6,$57.97,0.35,$8.74,2.33,$4.33,4.69,$0.42B,$2.17B,0.19,$0.14B,$1.86B,0.07,$3.18B,$0.48B,15.17%,$3.18B,$0.32B,10.20%,$3.18B,$0.32B,10.20%,$3.18B,$0.36B,11.26%,$3.18B,$0.32B,9.91%,$3.18B,$0.24B,7.49%,$0.24B,$1.86B,13.11%,$0.24B,$1.86B,13.11%,$0.24B,$4.41B,5.40%,$0.32B,$2.00B,16.61%,$783,$687,$96,$0,$0,$727,$57,$-2,$55,$10,$45,$45,$45,$67,$57,$55,55,$0.81,$0.82,$48,$0,$0,$416,$172,$3589,$0,$28,$3999,$4414,$2168,$139,$212,$384,$2552,$69,$1712,$81,$1862,$4414,$238,$34,$-21,$13,$6,$-10,$-24,$14,$-36,$215,$-40,$0,$0,$4,$-60,$-55,$3,$-92,$-11,$0,$-11,$2,$2,$-114,$0,$-123,$1,$0,$-114
44,2007-09-30,21.58,$33.73,0.64,$58.22,0.37,$11.44,1.89,$4.43,4.87,$0.44B,$2.21B,0.2,$0.13B,$1.85B,0.07,$3.19B,$0.50B,15.54%,$3.19B,$0.34B,10.50%,$3.19B,$0.34B,10.50%,$3.19B,$0.37B,11.50%,$3.19B,$0.33B,10.22%,$3.19B,$0.24B,7.62%,$0.24B,$1.85B,13.64%,$0.24B,$1.85B,13.64%,$0.24B,$4.48B,5.55%,$0.34B,$1.98B,17.48%,$791,$664,$127,$0,$0,$706,$86,$-2,$84,$20,$63,$63,$63,$95,$86,$55,55,$1.16,$1.15,$48,$0,$0,$442,$166,$3613,$0,$41,$4036,$4478,$2214,$131,$239,$418,$2632,$69,$1696,$81,$1846,$4478,$193,$24,$-11,$13,$-16,$-6,$29,$2,$0,$206,$-32,$0,$0,$-46,$-31,$-77,$-3,$-112,$-11,$0,$-11,$2,$2,$-85,$0,$-94,$0,$0,$-85
45,2007-06-30,21.63,$32.71,0.66,$58.29,0.37,$13.22,1.64,$4.53,4.77,$0.42B,$2.19B,0.19,$0.13B,$1.79B,0.07,$3.19B,$0.51B,15.90%,$3.19B,$0.34B,10.74%,$3.19B,$0.34B,10.74%,$3.19B,$0.38B,11.74%,$3.19B,$0.33B,10.43%,$3.19B,$0.25B,7.76%,$0.25B,$1.79B,14.22%,$0.25B,$1.79B,14.22%,$0.25B,$4.37B,5.72%,$0.34B,$1.92B,18.23%,$806,$670,$136,$0,$0,$709,$97,$-2,$95,$26,$70,$70,$70,$105,$97,$55,55,$1.27,$1.27,$42,$0,$0,$422,$166,$3536,$0,$32,$3949,$4371,$2188,$128,$233,$393,$2581,$69,$1661,$60,$1790,$4371,$130,$15,$-9,$6,$-7,$-8,$10,$-1,$-21,$115,$-26,$0,$0,$6,$-31,$-25,$-3,$-55,$-11,$0,$-11,$2,$2,$-57,$0,$-66,$-5,$0,$-57
46,2007-03-31,20.43,$32.30,0.63,$58.11,0.35,$14.82,1.38,$3.95,5.17,$0.44B,$2.18B,0.2,$0.14B,$1.77B,0.08,$3.18B,$0.47B,14.83%,$3.18B,$0.30B,9.36%,$3.18B,$0.30B,9.36%,$3.18B,$0.33B,10.37%,$3.18B,$0.29B,9.05%,$3.18B,$0.22B,6.79%,$0.22B,$1.77B,12.67%,$0.22B,$1.77B,12.67%,$0.22B,$4.37B,5.03%,$0.30B,$1.91B,16.15%,$798,$675,$123,$0,$0,$714,$84,$-2,$81,$21,$60,$60,$60,$91,$84,$55,55,$1.11,$1.10,$46,$0,$0,$440,$163,$3536,$0,$18,$3933,$4373,$2179,$141,$227,$428,$2607,$67,$1620,$79,$1766,$4373,$60,$7,$1,$8,$-17,$0,$13,$-15,$-16,$53,$-12,$0,$0,$52,$-60,$-8,$-5,$-26,$0,$0,$0,$0,$0,$-28,$0,$-28,$-1,$0,$-28
47,2006-12-31,19.91,$31.54,0.63,$57.87,0.34,$16.04,1.24,$3.92,5.08,$0.42B,$2.18B,0.19,$0.14B,$1.72B,0.08,$3.17B,$0.50B,15.71%,$3.17B,$0.32B,10.16%,$3.17B,$0.32B,10.16%,$3.17B,$0.35B,11.08%,$3.17B,$0.31B,9.85%,$3.17B,$0.22B,6.78%,$0.22B,$1.72B,12.87%,$0.22B,$1.72B,12.87%,$0.22B,$4.30B,5.08%,$0.32B,$1.87B,17.78%,$796,$686,$110,$0,$0,$728,$68,$-2,$66,$16,$50,$50,$50,$76,$68,$55,55,$0.92,$0.91,$48,$0,$0,$420,$152,$3500,$0,$19,$3881,$4301,$2176,$142,$207,$401,$2577,$66,$1588,$70,$1724,$4301,$215,$29,$-15,$14,$-17,$0,$51,$79,$138,$366,$-43,$0,$0,$40,$-813,$-774,$531,$-286,$0,$0,$0,$2,$2,$-105,$1,$-103,$-22,$1,$-105
